09:30:00,55.97,100,
09:30:00,55.96,200,
09:30:00,55.96,400,
09:30:00,55.96,400,
09:30:00,55.96,400,
09:30:00,55.96,400,
09:30:00,55.96,400,
09:30:00,55.96,400,
09:30:00,55.96,200,
09:30:00,55.96,100,
09:30:00,55.98,400,
09:30:00,55.98,500,
09:30:00,55.98,400,
09:30:00,55.98,300,
09:30:00,55.98,100,
09:30:00,55.98,131,
09:30:00,55.96,200,
09:30:00,55.96,400,
09:30:00,55.96,325,
09:30:00,55.96,1000,
09:30:00,55.96,400,
09:30:01,55.96,100,
09:30:01,55.95,500,
09:30:01,55.96,100,
09:30:01,55.96,285,
09:30:01,55.96,385,
09:30:01,55.96,315,
09:30:01,55.96,200,
09:30:01,55.96,100,
09:30:01,55.96,100,
09:30:01,55.96,100,
09:30:01,55.96,100,
09:30:01,55.96,800,
09:30:01,55.96,100,
09:30:01,55.96,100,
09:30:01,55.96,3010,
09:30:01,55.96,5100,
09:30:01,55.96,3240,
09:30:01,55.96,400,
09:30:01,55.96,350,
09:30:01,55.96,3360,
09:30:01,55.96,182,
09:30:01,55.96,4000,
09:30:01,55.96,5000,
09:30:01,55.96,370,
09:30:01,55.96,100,
09:30:01,55.96,579,
09:30:01,55.96,5000,
09:30:01,55.96,900,
09:30:01,55.96,100,
09:30:01,55.96,500,
09:30:01,55.96,300,
09:30:01,55.96,130,
09:30:01,55.96,250,
09:30:01,55.96,200,
09:30:01,55.96,150,
09:30:01,55.96,100,
09:30:01,55.96,500,
09:30:01,55.96,400,
09:30:01,55.96,3200,
09:30:01,55.96,4000,
09:30:01,55.96,500,
09:30:01,55.96,180,
09:30:01,55.96,100,
09:30:01,55.96,175,
09:30:01,55.96,100,
09:30:01,55.96,300,
09:30:01,55.96,2000,
09:30:01,55.96,300,
09:30:01,55.96,500,
09:30:01,55.96,7000,
09:30:01,55.96,100,
09:30:01,55.96,500,
09:30:01,55.96,35000,
09:30:01,55.96,1000,
09:30:01,55.96,1000,
09:30:01,55.96,200,
09:30:01,55.96,1000,
09:30:01,55.96,270,
09:30:01,55.96,400,
09:30:01,55.96,800,
09:30:01,55.96,300,
09:30:01,55.96,300,
09:30:01,55.96,200,
09:30:01,55.96,305,
09:30:01,55.96,100,
09:30:01,55.96,100,
09:30:01,55.96,100,
09:30:01,55.96,100,
09:30:01,55.96,225,
09:30:01,55.96,150,
09:30:01,55.96,150,
09:30:01,55.96,500,
09:30:01,55.96,700,
09:30:01,55.96,300,
09:30:01,55.96,300,
09:30:01,55.96,380,
09:30:01,55.96,2400,
09:30:01,55.96,100,
09:30:01,55.96,400,
09:30:01,55.96,300,
09:30:01,55.96,240,
09:30:01,55.96,200,
09:30:01,55.96,150,
09:30:01,55.96,200,
09:30:01,55.96,190,
09:30:01,55.96,190,
09:30:01,55.96,200,
09:30:01,55.96,186,
09:30:01,55.96,100,
09:30:01,55.96,500,
09:30:01,55.96,200,
09:30:01,55.96,100,
09:30:01,55.96,200,
09:30:02,55.95,700,
09:30:03,55.96,174,
09:30:03,55.94,140,
09:30:03,55.95,100,
09:30:03,55.95,100,
09:30:03,55.95,100,
09:30:03,55.95,100,
09:30:03,55.95,100,
09:30:03,55.95,100,
09:30:03,55.95,100,
09:30:03,55.95,100,
09:30:03,55.95,300,
09:30:03,55.95,500,
09:30:03,55.95,1600,
09:30:03,55.95,500,
09:30:03,55.95,400,
09:30:03,55.95,200,
09:30:03,55.95,400,
09:30:03,55.95,300,
09:30:03,55.95,500,
09:30:03,55.95,400,
09:30:03,55.95,200,
09:30:03,55.95,500,
09:30:03,55.95,500,
09:30:03,55.95,333,
09:30:03,55.95,500,
09:30:03,55.95,500,
09:30:03,55.95,233,
09:30:03,55.95,500,
09:30:03,55.95,100,
09:30:03,55.94,100,
09:30:03,55.94,100,
09:30:03,55.94,100,
09:30:03,55.94,100,
09:30:03,55.94,300,
09:30:03,55.94,100,
09:30:03,55.94,100,
09:30:03,55.94,100,
09:30:03,55.93,100,
09:30:03,55.93,400,
09:30:03,55.93,100,
09:30:03,55.93,100,
09:30:03,55.93,100,
09:30:03,55.93,100,
09:30:03,55.93,100,
09:30:04,55.92,100,
09:30:04,55.92,100,
09:30:04,55.92,100,
09:30:04,55.92,100,
09:30:04,55.92,100,
09:30:04,55.91,125,
09:30:04,55.92,100,
09:30:04,55.91,100,
09:30:04,55.91,100,
09:30:04,55.91,100,
09:30:04,55.91,100,
09:30:04,55.91,100,
09:30:04,55.91,100,
09:30:05,55.91,100,
09:30:05,55.90,100,
09:30:05,55.90,100,
09:30:05,55.90,100,
09:30:05,55.90,100,
09:30:05,55.90,100,
09:30:05,55.90,100,
09:30:05,55.90,100,
09:30:06,55.90,100,
09:30:06,55.90,500,
09:30:06,55.90,200,
09:30:06,55.90,300,
09:30:06,55.89,100,
09:30:06,55.89,100,
09:30:06,55.89,100,
09:30:06,55.89,100,
09:30:06,55.89,100,
09:30:06,55.89,100,
09:30:06,55.89,200,
09:30:06,55.89,400,
09:30:06,55.89,100,
09:30:07,55.88,100,
09:30:07,55.88,100,
09:30:07,55.88,100,
09:30:07,55.88,100,
09:30:07,55.88,100,
09:30:07,55.88,100,
09:30:07,55.88,100,
09:30:07,55.88,100,
09:30:07,55.87,129,
09:30:07,55.87,100,
09:30:07,55.87,100,
09:30:07,55.87,100,
09:30:07,55.87,100,
09:30:07,55.87,100,
09:30:07,55.87,100,
09:30:07,55.87,100,
09:30:07,55.88,200,
09:30:07,55.88,200,
09:30:08,55.88,400,
09:30:08,55.88,400,
09:30:08,55.88,200,
09:30:08,55.88,400,
09:30:08,55.89,200,
09:30:10,55.87,2000,
09:30:10,55.87,400,
09:30:10,55.87,400,
09:30:10,55.87,200,
09:30:10,55.86,400,
09:30:10,55.86,400,
09:30:10,55.87,400,
09:30:12,55.86,100,
09:30:12,55.86,100,
09:30:12,55.87,100,
09:30:13,55.86,2000,
09:30:13,55.86,100,
09:30:13,55.86,100,
09:30:13,55.86,100,
09:30:13,55.86,100,
09:30:13,55.86,500,
09:30:14,55.87,100,
09:30:14,55.87,100,
09:30:14,55.87,100,
09:30:15,55.86,400,
09:30:15,55.86,100,
09:30:15,55.86,100,
09:30:15,55.86,100,
09:30:15,55.86,178,
09:30:15,55.85,170,
09:30:15,55.87,100,
09:30:15,55.87,500,
09:30:15,55.8699,100,
09:30:15,55.8699,600,
09:30:15,55.8699,200,
09:30:15,55.87,200,
09:30:15,55.8699,192,
09:30:15,55.87,192,
09:30:15,55.8636,120,
09:30:15,55.85,170,
09:30:16,55.85,100,
09:30:16,55.85,100,
09:30:16,55.85,2270,
09:30:16,55.8619,400,
09:30:16,55.862,400,
09:30:16,55.85,100,
09:30:16,55.85,100,
09:30:16,55.85,100,
09:30:16,55.85,100,
09:30:16,55.85,500,
09:30:16,55.85,100,
09:30:16,55.85,500,
09:30:17,55.9599,200,
09:30:17,55.86,200,
09:30:17,55.86,200,
09:30:17,55.84,100,
09:30:17,55.84,100,
09:30:17,55.86,300,
09:30:17,55.84,100,
09:30:17,55.84,100,
09:30:17,55.84,100,
09:30:17,55.84,100,
09:30:17,55.85,200,
09:30:18,55.8537,400,
09:30:18,55.87,100,
09:30:18,55.85,100,
09:30:18,55.8594,400,
09:30:18,55.8594,200,
09:30:18,55.8594,200,
09:30:18,55.859,300,
09:30:18,55.8595,500,
09:30:18,55.86,100,
09:30:18,55.85,400,
09:30:18,55.85,200,
09:30:18,55.85,100,
09:30:19,55.84,100,
09:30:19,55.84,100,
09:30:19,55.84,100,
09:30:19,55.84,100,
09:30:19,55.85,1000,
09:30:19,55.85,200,
09:30:19,55.85,700,
09:30:19,55.85,200,
09:30:19,55.85,200,
09:30:19,55.85,100,
09:30:19,55.85,200,
09:30:19,55.85,200,
09:30:19,55.85,400,
09:30:19,55.85,400,
09:30:19,55.85,300,
09:30:19,55.85,100,
09:30:19,55.85,2300,
09:30:19,55.84,100,
09:30:20,55.83,200,
09:30:21,55.83,100,
09:30:21,55.8398,100,
09:30:21,55.83,1900,
09:30:21,55.85,100,
09:30:21,55.85,100,
09:30:21,55.85,100,
09:30:22,55.85,100,
09:30:22,55.85,100,
09:30:22,55.85,600,
09:30:22,55.85,100,
09:30:22,55.85,481,
09:30:22,55.85,800,
09:30:23,55.85,800,
09:30:24,55.84,100,
09:30:24,55.84,100,
09:30:24,55.84,100,
09:30:26,55.85,400,
09:30:27,55.85,400,
09:30:27,55.85,900,
09:30:27,55.85,100,
09:30:27,55.85,100,
09:30:27,55.85,100,
09:30:27,55.86,200,
09:30:27,55.86,200,
09:30:28,55.85,500,
09:30:29,55.859,1000,
09:30:29,55.86,100,
09:30:29,55.86,100,
09:30:29,55.86,100,
09:30:29,55.86,100,
09:30:29,55.86,115,
09:30:29,55.86,100,
09:30:29,55.86,100,
09:30:29,55.86,100,
09:30:30,55.8316,500,
09:30:32,55.87,100,
09:30:32,55.87,100,
09:30:32,55.87,100,
09:30:33,55.87,100,
09:30:33,55.87,100,
09:30:33,55.87,100,
09:30:33,55.88,100,
09:30:33,55.88,100,
09:30:34,55.8785,400,
09:30:35,55.8767,200,
09:30:35,55.8771,200,
09:30:35,55.8771,200,
09:30:35,55.8771,100,
09:30:35,55.88,100,
09:30:35,55.88,400,
09:30:36,55.88,100,
09:30:36,55.88,100,
09:30:36,55.88,100,
09:30:36,55.88,100,
09:30:37,55.88,100,
09:30:37,55.8799,100,
09:30:37,55.8799,100,
09:30:39,55.87,100,
09:30:39,55.87,100,
09:30:39,55.87,100,
09:30:39,55.87,100,
09:30:39,55.87,100,
09:30:41,55.8795,1500,
09:30:42,55.87,100,
09:30:42,55.87,100,
09:30:42,55.87,100,
09:30:43,55.87,100,
09:30:44,55.87,100,
09:30:44,55.87,100,
09:30:46,55.87,500,
09:30:47,55.87,200,
09:30:47,55.87,200,
09:30:47,55.87,200,
09:30:48,55.87,500,
09:30:48,55.87,200,
09:30:49,55.87,108,
09:30:52,55.87,495,
09:30:52,55.87,400,
09:30:52,55.87,1372,
09:30:52,55.87,2000,
09:30:53,55.87,100,
09:30:53,55.87,500,
09:30:53,55.87,100,
09:30:53,55.87,200,
09:30:53,55.87,200,
09:30:53,55.87,200,
09:30:54,55.8707,200,
09:30:55,55.88,100,
09:30:55,55.88,100,
09:30:55,55.88,100,
09:30:55,55.88,200,
09:30:56,55.879,800,
09:30:56,55.88,100,
09:30:56,55.88,100,
09:30:56,55.88,200,
09:30:57,55.88,100,
09:30:58,55.8785,400,
09:30:58,55.88,100,
09:30:58,55.88,100,
09:30:58,55.88,100,
09:30:58,55.88,100,
09:30:58,55.88,300,
09:30:58,55.88,400,
09:30:58,55.88,113,
09:30:58,55.87,200,
09:30:59,55.88,158,
09:30:59,55.88,2300,
09:30:59,55.88,800,
09:31:02,55.88,100,
09:31:02,55.88,300,
09:31:02,55.88,300,
09:31:02,55.88,200,
09:31:03,55.88,100,
09:31:03,55.8799,100,
09:31:03,55.88,200,
09:31:03,55.8799,200,
09:31:03,55.88,200,
09:31:03,55.8799,100,
09:31:03,55.8799,200,
09:31:04,55.8729,500,
09:31:04,55.88,1630,
09:31:05,55.8899,210,
09:31:09,55.89,100,
09:31:09,55.89,100,
09:31:09,55.89,100,
09:31:09,55.89,100,
09:31:09,55.89,100,
09:31:09,55.89,100,
09:31:09,55.89,100,
09:31:09,55.89,100,
09:31:09,55.89,138,
09:31:14,55.88,4500,
09:31:16,55.88,100,
09:31:16,55.88,100,
09:31:16,55.88,100,
09:31:16,55.88,100,
09:31:16,55.88,100,
09:31:16,55.88,100,
09:31:16,55.88,100,
09:31:16,55.88,100,
09:31:16,55.88,100,
09:31:17,55.87,100,
09:31:17,55.87,100,
09:31:17,55.88,100,
09:31:17,55.88,100,
09:31:17,55.88,100,
09:31:17,55.88,100,
09:31:17,55.87,100,
09:31:17,55.87,100,
09:31:17,55.87,100,
09:31:17,55.87,100,
09:31:17,55.87,900,
09:31:17,55.87,100,
09:31:18,55.87,100,
09:31:18,55.8699,100,
09:31:18,55.8699,100,
09:31:18,55.8699,100,
09:31:18,55.8699,100,
09:31:18,55.87,100,
09:31:19,55.88,100,
09:31:19,55.88,100,
09:31:19,55.88,400,
09:31:19,55.88,100,
09:31:19,55.87,4000,
09:31:19,55.87,200,
09:31:19,55.87,100,
09:31:21,55.88,100,
09:31:21,55.88,100,
09:31:21,55.88,100,
09:31:21,55.89,490,
09:31:21,55.89,200,
09:31:21,55.89,500,
09:31:21,55.88,100,
09:31:21,55.88,100,
09:31:21,55.88,100,
09:31:21,55.88,100,
09:31:21,55.89,100,
09:31:21,55.89,300,
09:31:21,55.89,200,
09:31:22,55.89,200,
09:31:22,55.89,200,
09:31:22,55.89,100,
09:31:22,55.89,100,
09:31:22,55.89,100,
09:31:22,55.89,100,
09:31:22,55.89,200,
09:31:22,55.89,100,
09:31:22,55.89,100,
09:31:22,55.89,100,
09:31:23,55.89,200,
09:31:23,55.8899,222,
09:31:24,55.88,200,
09:31:24,55.88,200,
09:31:25,55.90,100,
09:31:25,55.90,100,
09:31:25,55.90,1700,
09:31:25,55.90,100,
09:31:25,55.90,100,
09:31:25,55.90,100,
09:31:25,55.90,100,
09:31:25,55.90,100,
09:31:25,55.90,100,
09:31:26,55.90,200,
09:31:27,55.91,100,
09:31:27,55.91,100,
09:31:27,55.91,370,
09:31:27,55.91,200,
09:31:27,55.91,200,
09:31:27,55.91,100,
09:31:27,55.91,2000,
09:31:28,55.91,1130,
09:31:28,55.91,100,
09:31:28,55.91,100,
09:31:28,55.91,100,
09:31:28,55.91,100,
09:31:30,55.91,400,
09:31:30,55.91,200,
09:31:30,55.91,500,
09:31:31,55.91,100,
09:31:33,55.92,100,
09:31:33,55.92,200,
09:31:33,55.92,300,
09:31:33,55.92,200,
09:31:33,55.92,200,
09:31:34,55.92,1000,
09:31:34,55.92,400,
09:31:34,55.9101,3000,
09:31:35,55.92,100,
09:31:35,55.91,1000,
09:31:37,55.9199,300,
09:31:37,55.92,100,
09:31:37,55.92,100,
09:31:37,55.92,100,
09:31:37,55.92,100,
09:31:37,55.92,100,
09:31:37,55.92,100,
09:31:38,55.919,100,
09:31:39,55.9216,100,
09:31:39,55.93,100,
09:31:39,55.93,400,
09:31:39,55.93,100,
09:31:39,55.93,100,
09:31:39,55.93,100,
09:31:39,55.93,100,
09:31:39,55.93,100,
09:31:39,55.93,100,
09:31:39,55.94,400,
09:31:40,55.93,500,
09:31:40,55.92,100,
09:31:40,55.92,100,
09:31:40,55.93,100,
09:31:40,55.93,100,
09:31:40,55.93,400,
09:31:40,55.93,100,
09:31:40,55.93,200,
09:31:41,55.93,100,
09:31:41,55.9299,100,
09:31:41,55.9398,500,
09:31:41,55.92,100,
09:31:41,55.92,100,
09:31:41,55.92,100,
09:31:41,55.92,200,
09:31:41,55.92,5900,
09:31:41,55.93,100,
09:31:41,55.93,100,
09:31:41,55.93,100,
09:31:41,55.93,100,
09:31:41,55.93,3000,
09:31:41,55.93,2010,
09:31:42,55.937,1000,
09:31:43,55.93,400,
09:31:43,55.93,100,
09:31:43,55.93,100,
09:31:44,55.94,900,
09:31:44,55.93,200,
09:31:44,55.93,100,
09:31:44,55.93,100,
09:31:44,55.93,200,
09:31:45,55.94,100,
09:31:45,55.94,100,
09:31:45,55.94,200,
09:31:47,55.932,500,
09:31:47,55.94,100,
09:31:47,55.94,100,
09:31:47,55.94,100,
09:31:47,55.94,100,
09:31:47,55.94,100,
09:31:47,55.94,100,
09:31:49,55.95,100,
09:31:49,55.94,400,
09:31:50,55.9499,1790,
09:31:50,55.94,100,
09:31:50,55.93,100,
09:31:50,55.93,100,
09:31:50,55.93,100,
09:31:50,55.93,100,
09:31:50,55.93,100,
09:31:50,55.93,100,
09:31:50,55.93,100,
09:31:50,55.93,800,
09:31:50,55.92,100,
09:31:50,55.92,100,
09:31:51,55.92,100,
09:31:51,55.92,100,
09:31:51,55.92,100,
09:31:51,55.92,100,
09:31:51,55.92,100,
09:31:51,55.92,200,
09:31:52,55.91,100,
09:31:52,55.91,100,
09:31:52,55.91,100,
09:31:52,55.91,100,
09:31:52,55.91,100,
09:31:52,55.91,100,
09:31:52,55.91,100,
09:31:53,55.91,200,
09:31:53,55.91,200,
09:31:53,55.92,100,
09:31:53,55.92,100,
09:31:53,55.92,200,
09:31:53,55.92,100,
09:31:53,55.92,100,
09:31:53,55.93,200,
09:31:53,55.92,100,
09:31:53,55.92,100,
09:31:53,55.92,100,
09:31:53,55.92,100,
09:31:53,55.92,100,
09:31:53,55.92,100,
09:31:55,55.91,100,
09:31:55,55.91,100,
09:31:55,55.91,100,
09:31:55,55.91,100,
09:31:55,55.91,100,
09:31:55,55.91,100,
09:31:55,55.91,100,
09:31:55,55.909,1000,
09:31:56,55.92,100,
09:31:56,55.92,100,
09:31:56,55.92,100,
09:31:56,55.9199,100,
09:31:56,55.9199,200,
09:31:56,55.9199,400,
09:31:56,55.92,100,
09:31:57,55.92,100,
09:31:57,55.92,100,
09:31:57,55.92,100,
09:31:57,55.92,100,
09:31:57,55.92,100,
09:31:57,55.92,100,
09:31:58,55.92,100,
09:31:59,55.93,400,
09:31:59,55.93,100,
09:31:59,55.93,100,
09:31:59,55.93,100,
09:31:59,55.93,1630,
09:31:59,55.93,1800,
09:31:59,55.9298,400,
09:31:59,55.92,500,
09:31:59,55.91,300,
09:31:59,55.91,100,
09:31:59,55.91,100,
09:31:59,55.91,100,
09:31:59,55.91,100,
09:31:59,55.91,100,
09:31:59,55.91,100,
09:31:59,55.91,100,
09:31:59,55.91,100,
09:31:59,55.91,100,
09:31:59,55.91,100,
09:31:59,55.91,100,
09:32:00,55.90,200,
09:32:00,55.90,400,
09:32:00,55.90,200,
09:32:00,55.90,100,
09:32:00,55.91,100,
09:32:01,55.905,200,
09:32:01,55.90,100,
09:32:01,55.90,100,
09:32:01,55.90,100,
09:32:01,55.90,100,
09:32:01,55.90,100,
09:32:01,55.90,100,
09:32:01,55.90,100,
09:32:01,55.90,100,
09:32:01,55.90,200,
09:32:01,55.90,1200,
09:32:02,55.909,100,
09:32:04,55.91,400,
09:32:04,55.91,300,
09:32:04,55.90,200,
09:32:04,55.905,100,
09:32:05,55.891,1000,
09:32:06,55.89,100,
09:32:06,55.89,100,
09:32:06,55.89,100,
09:32:06,55.89,100,
09:32:06,55.89,100,
09:32:06,55.89,600,
09:32:06,55.89,100,
09:32:06,55.89,100,
09:32:07,55.89,281,
09:32:07,55.89,200,
09:32:07,55.89,100,
09:32:07,55.89,100,
09:32:08,55.895,100,
09:32:08,55.89,400,
09:32:09,55.8862,200,
09:32:09,55.885,400,
09:32:09,55.88,100,
09:32:09,55.88,100,
09:32:09,55.88,100,
09:32:09,55.87,200,
09:32:09,55.87,300,
09:32:09,55.87,500,
09:32:09,55.87,100,
09:32:09,55.87,200,
09:32:09,55.87,200,
09:32:09,55.87,500,
09:32:09,55.87,200,
09:32:09,55.88,100,
09:32:09,55.88,100,
09:32:09,55.88,100,
09:32:09,55.88,100,
09:32:09,55.885,300,
09:32:11,55.8701,3000,
09:32:11,55.88,200,
09:32:11,55.885,600,
09:32:11,55.87,100,
09:32:11,55.87,100,
09:32:11,55.87,100,
09:32:11,55.87,400,
09:32:11,55.87,100,
09:32:11,55.87,100,
09:32:11,55.87,100,
09:32:11,55.87,436,
09:32:11,55.87,200,
09:32:11,55.86,136,
09:32:12,55.86,100,
09:32:12,55.86,100,
09:32:12,55.86,100,
09:32:12,55.86,100,
09:32:12,55.86,100,
09:32:12,55.86,100,
09:32:12,55.86,100,
09:32:12,55.85,175,
09:32:12,55.85,200,
09:32:12,55.85,100,
09:32:12,55.85,100,
09:32:12,55.85,100,
09:32:12,55.85,200,
09:32:13,55.85,100,
09:32:13,55.85,100,
09:32:13,55.85,100,
09:32:13,55.85,100,
09:32:13,55.84,400,
09:32:14,55.84,100,
09:32:15,55.85,100,
09:32:15,55.85,100,
09:32:16,55.855,400,
09:32:16,55.85,100,
09:32:16,55.855,100,
09:32:17,55.85,100,
09:32:17,55.85,200,
09:32:17,55.85,300,
09:32:17,55.85,100,
09:32:17,55.85,100,
09:32:17,55.855,500,
09:32:17,55.855,200,
09:32:17,55.85,200,
09:32:18,55.84,100,
09:32:18,55.84,100,
09:32:18,55.84,100,
09:32:18,55.84,200,
09:32:18,55.84,100,
09:32:18,55.84,100,
09:32:18,55.84,100,
09:32:18,55.84,100,
09:32:20,55.84,100,
09:32:20,55.84,200,
09:32:20,55.84,1000,
09:32:20,55.84,100,
09:32:20,55.83,200,
09:32:21,55.84,200,
09:32:21,55.85,100,
09:32:21,55.85,100,
09:32:21,55.85,100,
09:32:21,55.85,100,
09:32:21,55.85,100,
09:32:21,55.85,100,
09:32:21,55.85,100,
09:32:21,55.85,100,
09:32:21,55.85,100,
09:32:21,55.85,100,
09:32:22,55.855,100,
09:32:22,55.85,100,
09:32:22,55.855,300,
09:32:22,55.84,500,
09:32:22,55.85,100,
09:32:23,55.85,100,
09:32:23,55.85,100,
09:32:23,55.855,100,
09:32:23,55.8525,100,
09:32:24,55.84,200,
09:32:24,55.85,200,
09:32:24,55.855,300,
09:32:24,55.85,474,
09:32:24,55.85,400,
09:32:24,55.85,1000,
09:32:24,55.85,500,
09:32:24,55.85,300,
09:32:24,55.85,300,
09:32:24,55.85,726,
09:32:24,55.85,200,
09:32:24,55.85,300,
09:32:24,55.855,400,
09:32:24,55.85,200,
09:32:24,55.85,100,
09:32:24,55.85,400,
09:32:24,55.85,292,
09:32:24,55.85,400,
09:32:25,55.86,100,
09:32:25,55.86,400,
09:32:25,55.86,500,
09:32:25,55.86,500,
09:32:25,55.85,200,
09:32:25,55.85,500,
09:32:25,55.85,900,
09:32:25,55.855,100,
09:32:26,55.84,100,
09:32:26,55.84,100,
09:32:26,55.84,7200,
09:32:26,55.84,100,
09:32:26,55.84,100,
09:32:26,55.84,100,
09:32:26,55.84,100,
09:32:26,55.84,100,
09:32:26,55.84,100,
09:32:26,55.84,300,
09:32:26,55.83,100,
09:32:26,55.83,100,
09:32:26,55.83,100,
09:32:26,55.83,100,
09:32:26,55.83,100,
09:32:26,55.83,100,
09:32:26,55.83,100,
09:32:26,55.83,100,
09:32:26,55.84,100,
09:32:27,55.83,100,
09:32:27,55.84,100,
09:32:27,55.84,100,
09:32:27,55.84,100,
09:32:27,55.84,100,
09:32:27,55.84,100,
09:32:27,55.84,100,
09:32:27,55.84,100,
09:32:27,55.85,200,
09:32:27,55.85,2591,
09:32:27,55.85,1374,
09:32:27,55.85,100,
09:32:27,55.85,100,
09:32:27,55.85,100,
09:32:27,55.85,100,
09:32:27,55.85,100,
09:32:27,55.85,1000,
09:32:27,55.85,100,
09:32:27,55.85,465,
09:32:27,55.85,200,
09:32:27,55.85,100,
09:32:27,55.85,413,
09:32:27,55.855,100,
09:32:27,55.84,512,
09:32:27,55.84,200,
09:32:27,55.84,188,
09:32:28,55.855,300,
09:32:29,55.845,400,
09:32:29,55.84,100,
09:32:29,55.84,100,
09:32:29,55.84,201,
09:32:29,55.845,300,
09:32:29,55.84,300,
09:32:29,55.845,100,
09:32:29,55.83,800,
09:32:29,55.83,100,
09:32:29,55.83,100,
09:32:29,55.83,600,
09:32:29,55.83,900,
09:32:29,55.83,1000,
09:32:29,55.83,100,
09:32:29,55.83,100,
09:32:29,55.83,100,
09:32:29,55.83,100,
09:32:29,55.83,100,
09:32:29,55.83,100,
09:32:29,55.83,800,
09:32:29,55.83,300,
09:32:29,55.83,164,
09:32:29,55.83,200,
09:32:30,55.8375,400,
09:32:30,55.839,500,
09:32:31,55.83,100,
09:32:31,55.83,100,
09:32:31,55.83,200,
09:32:32,55.84,1300,
09:32:32,55.84,200,
09:32:32,55.82,100,
09:32:34,55.83,135,
09:32:34,55.83,200,
09:32:34,55.83,300,
09:32:34,55.835,100,
09:32:35,55.83,100,
09:32:35,55.835,100,
09:32:35,55.84,400,
09:32:36,55.8325,100,
09:32:36,55.83,100,
09:32:36,55.83,100,
09:32:37,55.83,400,
09:32:37,55.83,200,
09:32:37,55.8213,1000,
09:32:38,55.83,200,
09:32:38,55.83,400,
09:32:38,55.84,100,
09:32:38,55.84,100,
09:32:38,55.84,100,
09:32:38,55.84,100,
09:32:38,55.84,100,
09:32:38,55.84,100,
09:32:38,55.84,100,
09:32:38,55.84,600,
09:32:38,55.85,100,
09:32:38,55.85,100,
09:32:38,55.85,100,
09:32:38,55.85,100,
09:32:38,55.85,100,
09:32:38,55.85,100,
09:32:38,55.85,100,
09:32:38,55.85,100,
09:32:39,55.85,200,
09:32:39,55.85,200,
09:32:39,55.85,100,
09:32:39,55.85,200,
09:32:40,55.85,200,
09:32:40,55.85,200,
09:32:40,55.85,200,
09:32:40,55.86,100,
09:32:40,55.86,100,
09:32:42,55.85,200,
09:32:42,55.85,300,
09:32:42,55.854,300,
09:32:43,55.84,100,
09:32:43,55.84,100,
09:32:43,55.84,100,
09:32:43,55.84,100,
09:32:43,55.84,100,
09:32:43,55.84,100,
09:32:43,55.84,100,
09:32:43,55.84,1400,
09:32:43,55.84,200,
09:32:44,55.845,100,
09:32:45,55.8401,8000,
09:32:47,55.85,400,
09:32:47,55.85,400,
09:32:47,55.85,400,
09:32:47,55.85,100,
09:32:47,55.85,100,
09:32:47,55.85,100,
09:32:47,55.85,100,
09:32:47,55.85,100,
09:32:47,55.85,100,
09:32:47,55.85,100,
09:32:47,55.86,100,
09:32:47,55.86,100,
09:32:47,55.86,135,
09:32:47,55.86,100,
09:32:47,55.86,100,
09:32:47,55.86,100,
09:32:47,55.86,100,
09:32:47,55.86,100,
09:32:47,55.86,100,
09:32:48,55.85,800,
09:32:48,55.85,1500,
09:32:49,55.86,400,
09:32:49,55.86,400,
09:32:50,55.8599,3000,
09:32:50,55.85,200,
09:32:50,55.85,100,
09:32:50,55.85,100,
09:32:50,55.85,100,
09:32:50,55.85,100,
09:32:50,55.85,100,
09:32:50,55.85,100,
09:32:50,55.85,100,
09:32:50,55.85,100,
09:32:50,55.85,100,
09:32:50,55.85,100,
09:32:50,55.855,100,
09:32:51,55.84,500,
09:32:51,55.84,400,
09:32:51,55.84,200,
09:32:51,55.84,100,
09:32:51,55.84,200,
09:32:51,55.84,100,
09:32:51,55.84,100,
09:32:51,55.84,100,
09:32:51,55.83,170,
09:32:51,55.83,200,
09:32:51,55.83,200,
09:32:51,55.83,400,
09:32:51,55.84,100,
09:32:51,55.84,200,
09:32:51,55.85,200,
09:32:52,55.85,100,
09:32:52,55.84,100,
09:32:52,55.84,100,
09:32:52,55.84,100,
09:32:53,55.8402,200,
09:32:55,55.85,200,
09:32:55,55.85,100,
09:32:55,55.85,100,
09:32:55,55.84,100,
09:32:55,55.845,100,
09:32:55,55.84,100,
09:32:55,55.83,100,
09:32:55,55.83,100,
09:32:55,55.83,100,
09:32:55,55.83,100,
09:32:55,55.83,100,
09:32:55,55.84,100,
09:32:55,55.84,100,
09:32:55,55.8313,1000,
09:32:56,55.84,400,
09:32:56,55.84,200,
09:32:56,55.84,200,
09:32:56,55.84,200,
09:32:56,55.84,251,
09:32:57,55.83,500,
09:32:57,55.83,100,
09:32:57,55.83,100,
09:32:57,55.83,200,
09:32:58,55.835,100,
09:32:58,55.82,300,
09:32:58,55.82,300,
09:32:58,55.82,200,
09:32:58,55.82,100,
09:32:58,55.82,100,
09:32:58,55.82,500,
09:32:58,55.82,100,
09:32:58,55.82,100,
09:32:58,55.82,100,
09:32:58,55.82,100,
09:32:58,55.82,100,
09:32:58,55.82,200,
09:32:58,55.82,100,
09:32:58,55.82,200,
09:32:58,55.81,200,
09:32:58,55.81,400,
09:32:58,55.81,100,
09:32:58,55.81,100,
09:32:58,55.81,600,
09:32:58,55.81,100,
09:32:59,55.81,300,
09:32:59,55.82,100,
09:32:59,55.82,100,
09:32:59,55.82,100,
09:32:59,55.82,200,
09:33:00,55.82,500,
09:33:01,55.815,100,
09:33:01,55.82,100,
09:33:01,55.81,200,
09:33:01,55.82,400,
09:33:02,55.81,100,
09:33:02,55.81,100,
09:33:02,55.81,100,
09:33:02,55.81,100,
09:33:02,55.81,100,
09:33:02,55.81,100,
09:33:02,55.81,100,
09:33:02,55.81,100,
09:33:02,55.81,100,
09:33:02,55.81,500,
09:33:02,55.80,100,
09:33:02,55.80,800,
09:33:02,55.80,800,
09:33:02,55.80,100,
09:33:02,55.80,100,
09:33:02,55.80,100,
09:33:02,55.80,100,
09:33:02,55.80,200,
09:33:03,55.80,100,
09:33:03,55.79,400,
09:33:03,55.80,100,
09:33:03,55.80,100,
09:33:03,55.80,100,
09:33:03,55.805,100,
09:33:05,55.79,100,
09:33:05,55.79,100,
09:33:05,55.79,100,
09:33:05,55.79,2000,
09:33:06,55.80,100,
09:33:06,55.80,200,
09:33:07,55.805,200,
09:33:07,55.805,100,
09:33:07,55.80,100,
09:33:07,55.80,100,
09:33:07,55.8099,400,
09:33:08,55.80,100,
09:33:08,55.80,100,
09:33:08,55.805,100,
09:33:09,55.80,200,
09:33:09,55.80,100,
09:33:09,55.80,200,
09:33:09,55.805,100,
09:33:09,55.80,100,
09:33:09,55.805,500,
09:33:09,55.791,300,
09:33:10,55.79,100,
09:33:10,55.79,100,
09:33:10,55.79,100,
09:33:10,55.79,500,
09:33:10,55.79,100,
09:33:10,55.79,100,
09:33:10,55.79,100,
09:33:10,55.79,100,
09:33:10,55.79,100,
09:33:10,55.78,200,
09:33:10,55.7902,350,
09:33:11,55.80,100,
09:33:11,55.80,100,
09:33:11,55.80,100,
09:33:11,55.80,100,
09:33:11,55.80,100,
09:33:11,55.80,100,
09:33:11,55.80,100,
09:33:11,55.80,100,
09:33:11,55.80,100,
09:33:11,55.805,100,
09:33:11,55.79,100,
09:33:11,55.79,100,
09:33:11,55.79,100,
09:33:11,55.795,100,
09:33:12,55.79,100,
09:33:12,55.79,209,
09:33:12,55.79,100,
09:33:12,55.79,100,
09:33:12,55.79,189,
09:33:12,55.79,189,
09:33:12,55.80,400,
09:33:13,55.79,100,
09:33:14,55.80,200,
09:33:14,55.80,600,
09:33:14,55.80,1000,
09:33:14,55.80,100,
09:33:14,55.80,100,
09:33:14,55.80,100,
09:33:14,55.80,100,
09:33:14,55.80,100,
09:33:14,55.80,100,
09:33:14,55.80,100,
09:33:14,55.80,100,
09:33:14,55.805,100,
09:33:14,55.805,100,
09:33:15,55.81,300,
09:33:15,55.81,400,
09:33:16,55.8016,200,
09:33:16,55.8016,200,
09:33:16,55.80,400,
09:33:16,55.80,1000,
09:33:16,55.801,3000,
09:33:16,55.81,400,
09:33:16,55.81,100,
09:33:17,55.81,100,
09:33:18,55.81,100,
09:33:18,55.81,100,
09:33:18,55.81,100,
09:33:18,55.81,100,
09:33:18,55.81,200,
09:33:18,55.81,100,
09:33:18,55.81,100,
09:33:18,55.82,405,
09:33:18,55.82,200,
09:33:18,55.83,100,
09:33:18,55.82,100,
09:33:18,55.82,100,
09:33:18,55.82,100,
09:33:18,55.82,100,
09:33:18,55.83,100,
09:33:18,55.83,100,
09:33:18,55.83,100,
09:33:18,55.83,100,
09:33:18,55.83,100,
09:33:18,55.83,100,
09:33:18,55.83,100,
09:33:18,55.84,100,
09:33:18,55.84,100,
09:33:18,55.84,100,
09:33:18,55.84,100,
09:33:19,55.83,200,
09:33:19,55.83,200,
09:33:19,55.83,100,
09:33:19,55.83,200,
09:33:19,55.84,100,
09:33:19,55.84,100,
09:33:19,55.84,100,
09:33:19,55.84,100,
09:33:19,55.84,100,
09:33:19,55.84,100,
09:33:19,55.84,100,
09:33:19,55.84,200,
09:33:19,55.84,100,
09:33:19,55.84,100,
09:33:19,55.84,1200,
09:33:19,55.84,700,
09:33:19,55.84,100,
09:33:19,55.839,280,
09:33:19,55.84,200,
09:33:19,55.84,200,
09:33:19,55.84,400,
09:33:20,55.84,200,
09:33:20,55.84,300,
09:33:20,55.83,100,
09:33:20,55.83,100,
09:33:20,55.83,100,
09:33:20,55.83,100,
09:33:20,55.83,100,
09:33:20,55.83,200,
09:33:20,55.83,100,
09:33:20,55.83,100,
09:33:21,55.83,100,
09:33:22,55.84,100,
09:33:22,55.84,300,
09:33:23,55.84,200,
09:33:23,55.84,200,
09:33:23,55.84,300,
09:33:23,55.83,200,
09:33:23,55.83,100,
09:33:23,55.835,100,
09:33:27,55.83,200,
09:33:28,55.84,100,
09:33:28,55.84,100,
09:33:28,55.83,100,
09:33:28,55.835,100,
09:33:28,55.81,100,
09:33:28,55.81,200,
09:33:28,55.81,400,
09:33:28,55.83,100,
09:33:28,55.82,100,
09:33:28,55.82,100,
09:33:28,55.83,200,
09:33:28,55.83,200,
09:33:28,55.82,100,
09:33:28,55.82,100,
09:33:28,55.82,100,
09:33:28,55.82,100,
09:33:28,55.82,100,
09:33:28,55.82,100,
09:33:28,55.82,278,
09:33:28,55.81,100,
09:33:28,55.81,100,
09:33:29,55.80,900,
09:33:29,55.80,100,
09:33:29,55.80,100,
09:33:29,55.80,100,
09:33:29,55.80,100,
09:33:29,55.80,100,
09:33:29,55.80,100,
09:33:29,55.80,100,
09:33:29,55.80,100,
09:33:29,55.79,100,
09:33:29,55.79,100,
09:33:30,55.795,100,
09:33:31,55.80,100,
09:33:31,55.794,100,
09:33:31,55.80,200,
09:33:31,55.79,100,
09:33:31,55.79,100,
09:33:31,55.79,100,
09:33:32,55.79,100,
09:33:32,55.79,100,
09:33:32,55.79,100,
09:33:32,55.79,100,
09:33:32,55.79,100,
09:33:32,55.79,100,
09:33:32,55.79,100,
09:33:33,55.79,200,
09:33:35,55.79,100,
09:33:36,55.79,200,
09:33:37,55.80,200,
09:33:37,55.80,200,
09:33:37,55.78,100,
09:33:37,55.78,100,
09:33:37,55.78,100,
09:33:37,55.78,600,
09:33:38,55.79,200,
09:33:38,55.79,100,
09:33:38,55.78,100,
09:33:38,55.78,100,
09:33:38,55.78,400,
09:33:38,55.78,100,
09:33:38,55.785,100,
09:33:38,55.785,300,
09:33:39,55.78,300,
09:33:39,55.78,700,
09:33:40,55.785,100,
09:33:40,55.78,100,
09:33:40,55.77,100,
09:33:40,55.77,100,
09:33:40,55.77,100,
09:33:40,55.77,600,
09:33:40,55.77,465,
09:33:40,55.77,100,
09:33:40,55.77,100,
09:33:40,55.77,100,
09:33:40,55.77,100,
09:33:40,55.77,100,
09:33:40,55.775,100,
09:33:41,55.77,100,
09:33:41,55.78,200,
09:33:41,55.78,200,
09:33:41,55.78,100,
09:33:41,55.78,200,
09:33:41,55.78,200,
09:33:41,55.78,600,
09:33:41,55.78,465,
09:33:41,55.78,200,
09:33:41,55.77,200,
09:33:41,55.77,200,
09:33:41,55.77,200,
09:33:41,55.77,300,
09:33:41,55.77,100,
09:33:41,55.77,400,
09:33:41,55.77,100,
09:33:41,55.77,500,
09:33:41,55.77,500,
09:33:41,55.76,477,
09:33:41,55.76,300,
09:33:41,55.76,200,
09:33:41,55.76,177,
09:33:41,55.76,123,
09:33:41,55.77,300,
09:33:41,55.78,1000,
09:33:41,55.78,100,
09:33:41,55.78,100,
09:33:41,55.78,100,
09:33:41,55.78,100,
09:33:41,55.78,100,
09:33:41,55.78,100,
09:33:41,55.78,100,
09:33:41,55.79,100,
09:33:41,55.79,200,
09:33:42,55.7871,500,
09:33:42,55.79,100,
09:33:42,55.79,100,
09:33:42,55.78,100,
09:33:42,55.785,100,
09:33:43,55.77,100,
09:33:43,55.77,100,
09:33:43,55.77,100,
09:33:43,55.77,100,
09:33:43,55.77,100,
09:33:44,55.78,100,
09:33:44,55.78,100,
09:33:44,55.78,100,
09:33:44,55.78,100,
09:33:45,55.78,100,
09:33:45,55.78,100,
09:33:45,55.78,100,
09:33:45,55.78,100,
09:33:46,55.78,200,
09:33:46,55.78,100,
09:33:47,55.78,100,
09:33:47,55.78,100,
09:33:47,55.79,200,
09:33:47,55.79,100,
09:33:47,55.785,100,
09:33:48,55.78,100,
09:33:48,55.7799,100,
09:33:48,55.78,100,
09:33:49,55.78,100,
09:33:49,55.79,200,
09:33:49,55.79,100,
09:33:50,55.789,1000,
09:33:50,55.79,100,
09:33:50,55.79,100,
09:33:51,55.79,200,
09:33:51,55.79,100,
09:33:51,55.79,100,
09:33:51,55.79,100,
09:33:51,55.79,100,
09:33:51,55.79,100,
09:33:51,55.79,100,
09:33:51,55.79,2600,
09:33:51,55.79,200,
09:33:51,55.79,100,
09:33:51,55.80,100,
09:33:51,55.80,100,
09:33:51,55.80,100,
09:33:51,55.80,100,
09:33:51,55.80,100,
09:33:51,55.80,200,
09:33:51,55.80,100,
09:33:51,55.80,100,
09:33:51,55.80,100,
09:33:52,55.81,2000,
09:33:52,55.80,200,
09:33:54,55.80,200,
09:33:55,55.80,900,
09:33:55,55.80,200,
09:33:56,55.80,400,
09:33:57,55.79,500,
09:33:57,55.79,100,
09:33:57,55.79,100,
09:33:57,55.79,100,
09:33:57,55.79,100,
09:33:57,55.79,100,
09:33:57,55.79,100,
09:33:57,55.79,100,
09:33:57,55.78,100,
09:34:01,55.78,200,
09:34:01,55.78,100,
09:34:01,55.78,400,
09:34:01,55.78,300,
09:34:01,55.78,100,
09:34:01,55.78,100,
09:34:01,55.78,100,
09:34:01,55.78,100,
09:34:01,55.78,100,
09:34:01,55.78,100,
09:34:01,55.78,100,
09:34:01,55.78,1800,
09:34:03,55.7837,200,
09:34:03,55.7837,200,
09:34:04,55.78,400,
09:34:04,55.78,200,
09:34:04,55.77,100,
09:34:04,55.77,100,
09:34:05,55.78,200,
09:34:06,55.78,100,
09:34:06,55.77,200,
09:34:06,55.77,100,
09:34:08,55.78,875,
09:34:09,55.79,100,
09:34:09,55.79,100,
09:34:09,55.79,100,
09:34:09,55.79,100,
09:34:09,55.79,100,
09:34:09,55.79,100,
09:34:09,55.79,100,
09:34:09,55.80,100,
09:34:09,55.80,100,
09:34:09,55.80,100,
09:34:09,55.80,100,
09:34:09,55.80,100,
09:34:09,55.80,100,
09:34:09,55.80,100,
09:34:09,55.80,100,
09:34:09,55.80,100,
09:34:09,55.80,100,
09:34:09,55.80,200,
09:34:09,55.80,100,
09:34:10,55.80,100,
09:34:10,55.80,100,
09:34:10,55.80,173,
09:34:12,55.80,100,
09:34:12,55.80,200,
09:34:12,55.79,100,
09:34:12,55.79,100,
09:34:12,55.79,400,
09:34:13,55.80,100,
09:34:13,55.80,13000,
09:34:15,55.81,100,
09:34:15,55.81,100,
09:34:15,55.81,100,
09:34:15,55.81,100,
09:34:15,55.81,100,
09:34:15,55.81,100,
09:34:15,55.81,100,
09:34:15,55.81,100,
09:34:15,55.80,1500,
09:34:15,55.81,300,
09:34:15,55.80,200,
09:34:15,55.81,100,
09:34:15,55.80,500,
09:34:20,55.81,126,
09:34:20,55.80,100,
09:34:20,55.80,100,
09:34:20,55.80,100,
09:34:20,55.80,100,
09:34:20,55.80,100,
09:34:20,55.80,100,
09:34:20,55.80,100,
09:34:20,55.79,100,
09:34:20,55.79,100,
09:34:20,55.79,100,
09:34:20,55.79,100,
09:34:20,55.79,100,
09:34:20,55.79,100,
09:34:20,55.79,100,
09:34:20,55.79,100,
09:34:20,55.79,100,
09:34:20,55.79,100,
09:34:21,55.80,200,
09:34:22,55.80,100,
09:34:22,55.80,100,
09:34:22,55.80,100,
09:34:22,55.80,100,
09:34:22,55.80,600,
09:34:22,55.80,100,
09:34:22,55.80,100,
09:34:22,55.80,100,
09:34:22,55.80,100,
09:34:22,55.80,100,
09:34:24,55.80,200,
09:34:24,55.80,300,
09:34:24,55.80,200,
09:34:24,55.80,400,
09:34:24,55.80,200,
09:34:24,55.80,200,
09:34:24,55.80,300,
09:34:25,55.80,189,
09:34:26,55.80,100,
09:34:26,55.80,231,
09:34:26,55.80,189,
09:34:27,55.8019,200,
09:34:29,55.81,100,
09:34:29,55.81,100,
09:34:29,55.81,100,
09:34:29,55.81,100,
09:34:29,55.81,100,
09:34:29,55.81,200,
09:34:29,55.81,400,
09:34:29,55.81,100,
09:34:29,55.81,100,
09:34:29,55.81,100,
09:34:30,55.81,200,
09:34:30,55.81,100,
09:34:31,55.82,500,
09:34:31,55.82,322,
09:34:31,55.82,100,
09:34:31,55.82,100,
09:34:31,55.82,100,
09:34:31,55.82,100,
09:34:31,55.82,100,
09:34:31,55.82,100,
09:34:31,55.82,100,
09:34:31,55.83,500,
09:34:31,55.83,100,
09:34:33,55.82,200,
09:34:33,55.82,100,
09:34:33,55.82,100,
09:34:37,55.81,100,
09:34:37,55.81,100,
09:34:37,55.81,100,
09:34:39,55.81,400,
09:34:39,55.81,100,
09:34:39,55.81,100,
09:34:39,55.81,100,
09:34:39,55.81,100,
09:34:39,55.81,100,
09:34:39,55.81,100,
09:34:39,55.81,100,
09:34:39,55.81,100,
09:34:39,55.81,300,
09:34:39,55.81,700,
09:34:39,55.81,200,
09:34:39,55.81,100,
09:34:39,55.81,100,
09:34:39,55.81,100,
09:34:39,55.81,200,
09:34:39,55.81,100,
09:34:39,55.81,300,
09:34:39,55.81,100,
09:34:39,55.81,100,
09:34:39,55.81,100,
09:34:39,55.81,200,
09:34:39,55.81,100,
09:34:39,55.81,100,
09:34:40,55.814,100,
09:34:44,55.80,100,
09:34:44,55.81,109,
09:34:44,55.81,189,
09:34:44,55.80,100,
09:34:45,55.80,200,
09:34:45,55.80,100,
09:34:45,55.80,100,
09:34:45,55.80,100,
09:34:45,55.80,600,
09:34:46,55.80,100,
09:34:46,55.80,100,
09:34:47,55.80,100,
09:34:47,55.80,200,
09:34:48,55.79,100,
09:34:48,55.79,100,
09:34:48,55.79,100,
09:34:48,55.79,100,
09:34:48,55.79,100,
09:34:48,55.79,100,
09:34:48,55.79,100,
09:34:48,55.79,100,
09:34:48,55.79,189,
09:34:48,55.79,200,
09:34:48,55.79,900,
09:34:49,55.79,142,
09:34:50,55.79,535,
09:34:52,55.79,200,
09:34:52,55.78,200,
09:34:53,55.78,615,
09:34:53,55.78,100,
09:34:53,55.78,100,
09:34:53,55.78,100,
09:34:53,55.78,100,
09:34:53,55.78,100,
09:34:53,55.78,100,
09:34:53,55.78,100,
09:34:53,55.789,100,
09:34:57,55.80,100,
09:34:57,55.80,526,
09:34:57,55.80,100,
09:34:57,55.80,100,
09:34:57,55.80,100,
09:34:57,55.80,100,
09:34:57,55.80,158,
09:34:57,55.80,100,
09:34:57,55.80,316,
09:34:57,55.80,100,
09:34:57,55.80,100,
09:34:57,55.80,100,
09:34:57,55.82,200,
09:34:58,55.80,200,
09:34:58,55.81,600,
09:34:58,55.81,200,
09:34:58,55.81,200,
09:34:58,55.81,200,
09:34:58,55.81,200,
09:34:58,55.81,200,
09:34:58,55.80,500,
09:34:58,55.79,100,
09:34:58,55.79,100,
09:34:58,55.79,100,
09:34:58,55.79,100,
09:34:58,55.79,600,
09:34:59,55.79,100,
09:34:59,55.80,100,
09:34:59,55.80,100,
09:34:59,55.80,100,
09:34:59,55.80,100,
09:34:59,55.80,100,
09:34:59,55.80,100,
09:34:59,55.80,100,
09:35:01,55.79,400,
09:35:01,55.79,100,
09:35:01,55.79,100,
09:35:01,55.79,100,
09:35:01,55.79,100,
09:35:01,55.79,100,
09:35:01,55.79,100,
09:35:01,55.79,100,
09:35:02,55.79,200,
09:35:02,55.79,100,
09:35:03,55.80,100,
09:35:03,55.80,100,
09:35:03,55.80,1100,
09:35:03,55.80,100,
09:35:03,55.80,100,
09:35:03,55.80,100,
09:35:03,55.80,100,
09:35:03,55.80,100,
09:35:03,55.81,1100,
09:35:03,55.81,100,
09:35:03,55.81,100,
09:35:03,55.81,100,
09:35:03,55.81,100,
09:35:03,55.81,100,
09:35:03,55.81,100,
09:35:03,55.81,100,
09:35:04,55.81,800,
09:35:04,55.81,200,
09:35:04,55.80,100,
09:35:06,55.809,100,
09:35:07,55.82,100,
09:35:07,55.82,100,
09:35:07,55.82,100,
09:35:07,55.82,100,
09:35:07,55.82,600,
09:35:07,55.82,600,
09:35:07,55.82,100,
09:35:07,55.82,100,
09:35:07,55.82,100,
09:35:07,55.82,100,
09:35:07,55.82,400,
09:35:07,55.82,300,
09:35:07,55.82,100,
09:35:08,55.82,200,
09:35:08,55.82,600,
09:35:08,55.82,800,
09:35:09,55.83,200,
09:35:09,55.83,100,
09:35:09,55.83,100,
09:35:09,55.83,100,
09:35:09,55.83,100,
09:35:09,55.83,600,
09:35:09,55.83,100,
09:35:09,55.83,100,
09:35:09,55.83,100,
09:35:09,55.83,600,
09:35:10,55.83,500,
09:35:12,55.82,100,
09:35:12,55.82,100,
09:35:12,55.82,100,
09:35:12,55.82,100,
09:35:12,55.82,100,
09:35:12,55.82,100,
09:35:12,55.82,100,
09:35:12,55.81,100,
09:35:12,55.81,200,
09:35:12,55.81,500,
09:35:12,55.81,199,
09:35:12,55.81,100,
09:35:12,55.80,200,
09:35:12,55.81,257,
09:35:12,55.81,100,
09:35:12,55.81,100,
09:35:12,55.81,143,
09:35:12,55.81,100,
09:35:12,55.81,100,
09:35:12,55.81,100,
09:35:12,55.80,200,
09:35:12,55.80,200,
09:35:12,55.80,400,
09:35:12,55.80,200,
09:35:12,55.80,100,
09:35:12,55.80,100,
09:35:12,55.80,100,
09:35:12,55.80,200,
09:35:12,55.79,200,
09:35:12,55.79,600,
09:35:12,55.78,100,
09:35:12,55.78,300,
09:35:12,55.78,2600,
09:35:12,55.78,1100,
09:35:12,55.78,3500,
09:35:13,55.7896,100,
09:35:13,55.79,100,
09:35:13,55.79,100,
09:35:13,55.79,100,
09:35:13,55.81,200,
09:35:14,55.79,100,
09:35:14,55.79,100,
09:35:14,55.79,100,
09:35:14,55.79,100,
09:35:14,55.79,100,
09:35:14,55.79,100,
09:35:14,55.79,100,
09:35:14,55.79,100,
09:35:14,55.79,100,
09:35:14,55.79,100,
09:35:14,55.79,100,
09:35:14,55.78,300,
09:35:15,55.79,100,
09:35:15,55.79,100,
09:35:16,55.79,100,
09:35:16,55.79,100,
09:35:16,55.79,100,
09:35:16,55.79,100,
09:35:16,55.79,100,
09:35:17,55.79,100,
09:35:17,55.79,200,
09:35:17,55.79,100,
09:35:21,55.798,100,
09:35:21,55.80,500,
09:35:24,55.7996,100,
09:35:25,55.79,200,
09:35:27,55.79,200,
09:35:27,55.79,100,
09:35:27,55.79,100,
09:35:27,55.80,2100,
09:35:27,55.78,100,
09:35:27,55.78,100,
09:35:27,55.78,100,
09:35:27,55.78,100,
09:35:27,55.78,100,
09:35:27,55.78,200,
09:35:27,55.78,100,
09:35:27,55.78,100,
09:35:27,55.78,200,
09:35:29,55.77,200,
09:35:29,55.77,100,
09:35:29,55.77,100,
09:35:29,55.77,100,
09:35:29,55.77,100,
09:35:29,55.77,400,
09:35:29,55.77,100,
09:35:29,55.77,100,
09:35:29,55.77,100,
09:35:29,55.77,300,
09:35:30,55.76,100,
09:35:30,55.76,200,
09:35:30,55.76,500,
09:35:30,55.76,100,
09:35:30,55.76,1000,
09:35:30,55.76,200,
09:35:30,55.76,200,
09:35:30,55.76,100,
09:35:30,55.76,100,
09:35:30,55.76,100,
09:35:30,55.76,100,
09:35:30,55.76,100,
09:35:30,55.75,100,
09:35:31,55.75,2700,
09:35:31,55.75,500,
09:35:31,55.75,100,
09:35:31,55.75,100,
09:35:31,55.75,100,
09:35:31,55.75,100,
09:35:31,55.75,100,
09:35:31,55.75,700,
09:35:31,55.75,200,
09:35:31,55.75,400,
09:35:31,55.75,100,
09:35:31,55.75,200,
09:35:31,55.75,100,
09:35:31,55.75,200,
09:35:31,55.75,400,
09:35:31,55.75,100,
09:35:33,55.75,100,
09:35:33,55.75,100,
09:35:34,55.74,100,
09:35:34,55.74,100,
09:35:34,55.7401,1000,
09:35:34,55.75,600,
09:35:35,55.74,200,
09:35:35,55.74,100,
09:35:35,55.74,200,
09:35:35,55.74,200,
09:35:35,55.74,200,
09:35:35,55.74,400,
09:35:35,55.74,600,
09:35:35,55.74,100,
09:35:35,55.74,100,
09:35:35,55.74,200,
09:35:35,55.74,100,
09:35:35,55.74,100,
09:35:35,55.74,900,
09:35:35,55.74,100,
09:35:35,55.74,100,
09:35:37,55.74,200,
09:35:37,55.75,100,
09:35:37,55.75,100,
09:35:37,55.75,200,
09:35:37,55.75,100,
09:35:37,55.75,100,
09:35:37,55.75,100,
09:35:37,55.75,300,
09:35:37,55.75,100,
09:35:37,55.75,100,
09:35:37,55.75,100,
09:35:37,55.75,100,
09:35:37,55.76,100,
09:35:37,55.76,100,
09:35:37,55.76,100,
09:35:37,55.76,100,
09:35:37,55.76,300,
09:35:37,55.76,100,
09:35:37,55.76,100,
09:35:37,55.76,100,
09:35:38,55.7415,400,
09:35:38,55.76,100,
09:35:38,55.76,400,
09:35:38,55.76,200,
09:35:38,55.76,1630,
09:35:38,55.76,100,
09:35:39,55.7501,400,
09:35:40,55.75,100,
09:35:40,55.75,100,
09:35:40,55.75,100,
09:35:40,55.75,100,
09:35:40,55.75,100,
09:35:40,55.75,100,
09:35:40,55.75,100,
09:35:40,55.75,100,
09:35:42,55.74,100,
09:35:42,55.74,100,
09:35:42,55.74,100,
09:35:42,55.74,100,
09:35:42,55.74,100,
09:35:42,55.74,100,
09:35:42,55.74,100,
09:35:42,55.74,100,
09:35:43,55.74,100,
09:35:43,55.74,200,
09:35:43,55.74,600,
09:35:43,55.74,200,
09:35:43,55.73,300,
09:35:43,55.73,200,
09:35:43,55.73,200,
09:35:43,55.73,200,
09:35:43,55.73,400,
09:35:44,55.74,100,
09:35:45,55.74,600,
09:35:45,55.74,100,
09:35:45,55.74,400,
09:35:45,55.74,300,
09:35:45,55.74,200,
09:35:45,55.74,700,
09:35:46,55.73,400,
09:35:47,55.73,200,
09:35:47,55.73,100,
09:35:47,55.73,100,
09:35:47,55.73,100,
09:35:47,55.73,100,
09:35:47,55.73,100,
09:35:47,55.73,100,
09:35:47,55.73,100,
09:35:47,55.73,100,
09:35:47,55.72,600,
09:35:47,55.72,100,
09:35:47,55.72,100,
09:35:47,55.72,100,
09:35:47,55.72,100,
09:35:47,55.72,100,
09:35:47,55.72,100,
09:35:47,55.72,100,
09:35:48,55.72,297,
09:35:48,55.72,100,
09:35:49,55.7225,200,
09:35:51,55.73,500,
09:35:51,55.73,500,
09:35:51,55.73,100,
09:35:51,55.73,100,
09:35:51,55.73,100,
09:35:51,55.73,100,
09:35:51,55.73,100,
09:35:51,55.73,100,
09:35:51,55.73,100,
09:35:51,55.74,600,
09:35:51,55.74,100,
09:35:51,55.74,100,
09:35:51,55.74,100,
09:35:51,55.73,500,
09:35:51,55.74,513,
09:35:51,55.74,100,
09:35:51,55.74,100,
09:35:51,55.74,100,
09:35:53,55.74,1500,
09:35:53,55.74,1000,
09:35:53,55.7401,6700,
09:35:54,55.74,200,
09:35:54,55.74,300,
09:35:54,55.74,1630,
09:35:54,55.74,300,
09:35:55,55.7305,500,
09:35:55,55.73,100,
09:35:55,55.73,100,
09:35:55,55.73,100,
09:35:55,55.73,100,
09:35:55,55.73,100,
09:35:55,55.73,100,
09:35:55,55.73,100,
09:35:57,55.72,300,
09:35:57,55.72,100,
09:35:57,55.72,400,
09:35:57,55.72,600,
09:35:57,55.72,800,
09:35:57,55.72,100,
09:35:57,55.72,100,
09:35:57,55.72,400,
09:35:57,55.72,100,
09:35:57,55.72,100,
09:35:57,55.72,100,
09:35:57,55.72,100,
09:35:57,55.72,100,
09:35:58,55.72,200,
09:35:58,55.73,600,
09:35:58,55.73,100,
09:35:58,55.73,100,
09:35:59,55.73,100,
09:35:59,55.73,100,
09:35:59,55.73,100,
09:35:59,55.73,100,
09:36:00,55.74,200,
09:36:01,55.72,100,
09:36:01,55.72,100,
09:36:01,55.72,100,
09:36:01,55.72,100,
09:36:01,55.72,100,
09:36:01,55.72,100,
09:36:01,55.72,100,
09:36:01,55.72,500,
09:36:01,55.72,700,
09:36:01,55.72,200,
09:36:01,55.72,200,
09:36:01,55.72,522,
09:36:02,55.73,100,
09:36:02,55.73,100,
09:36:02,55.73,100,
09:36:02,55.73,100,
09:36:02,55.73,100,
09:36:02,55.73,100,
09:36:02,55.73,100,
09:36:05,55.72,200,
09:36:05,55.73,100,
09:36:05,55.73,400,
09:36:05,55.73,400,
09:36:05,55.73,100,
09:36:07,55.72,156,
09:36:07,55.72,100,
09:36:07,55.72,100,
09:36:07,55.72,100,
09:36:07,55.72,100,
09:36:07,55.72,100,
09:36:07,55.72,100,
09:36:07,55.72,344,
09:36:07,55.71,100,
09:36:07,55.71,100,
09:36:07,55.71,600,
09:36:07,55.71,100,
09:36:07,55.71,100,
09:36:07,55.71,100,
09:36:07,55.71,100,
09:36:07,55.71,100,
09:36:07,55.71,100,
09:36:08,55.71,400,
09:36:08,55.71,100,
09:36:08,55.71,500,
09:36:10,55.71,100,
09:36:10,55.71,200,
09:36:10,55.71,200,
09:36:10,55.71,100,
09:36:10,55.71,292,
09:36:10,55.71,700,
09:36:10,55.71,400,
09:36:10,55.71,300,
09:36:10,55.71,600,
09:36:10,55.71,200,
09:36:11,55.71,500,
09:36:11,55.71,100,
09:36:11,55.71,100,
09:36:11,55.71,400,
09:36:11,55.71,1100,
09:36:11,55.71,200,
09:36:11,55.71,450,
09:36:12,55.71,100,
09:36:12,55.71,500,
09:36:13,55.72,200,
09:36:14,55.71,384,
09:36:14,55.71,1100,
09:36:14,55.71,495,
09:36:14,55.71,200,
09:36:14,55.71,100,
09:36:15,55.7037,100,
09:36:15,55.71,400,
09:36:15,55.72,550,
09:36:15,55.72,100,
09:36:15,55.72,100,
09:36:15,55.72,150,
09:36:15,55.72,200,
09:36:15,55.72,100,
09:36:15,55.72,100,
09:36:15,55.72,100,
09:36:15,55.72,100,
09:36:15,55.72,100,
09:36:15,55.72,400,
09:36:15,55.73,300,
09:36:15,55.73,170,
09:36:15,55.73,100,
09:36:15,55.73,100,
09:36:15,55.73,100,
09:36:15,55.73,900,
09:36:15,55.73,100,
09:36:15,55.73,100,
09:36:15,55.73,100,
09:36:15,55.73,100,
09:36:15,55.74,400,
09:36:15,55.74,100,
09:36:15,55.74,100,
09:36:15,55.74,100,
09:36:15,55.74,100,
09:36:15,55.74,100,
09:36:15,55.74,100,
09:36:15,55.74,100,
09:36:15,55.74,100,
09:36:16,55.74,600,
09:36:16,55.7319,200,
09:36:18,55.74,500,
09:36:18,55.74,400,
09:36:18,55.74,203,
09:36:18,55.74,400,
09:36:18,55.74,400,
09:36:18,55.74,600,
09:36:19,55.73,100,
09:36:19,55.74,100,
09:36:19,55.74,100,
09:36:21,55.74,200,
09:36:22,55.75,600,
09:36:22,55.75,100,
09:36:22,55.75,100,
09:36:22,55.75,100,
09:36:22,55.75,100,
09:36:22,55.75,100,
09:36:22,55.75,100,
09:36:22,55.75,100,
09:36:22,55.75,800,
09:36:22,55.75,100,
09:36:22,55.75,300,
09:36:23,55.76,100,
09:36:23,55.76,100,
09:36:23,55.76,100,
09:36:23,55.76,100,
09:36:23,55.76,100,
09:36:23,55.76,100,
09:36:23,55.76,100,
09:36:24,55.76,600,
09:36:24,55.75,100,
09:36:24,55.75,100,
09:36:24,55.75,100,
09:36:24,55.75,100,
09:36:24,55.75,100,
09:36:24,55.75,5000,
09:36:24,55.75,600,
09:36:24,55.74,200,
09:36:24,55.74,1630,
09:36:24,55.74,200,
09:36:24,55.74,200,
09:36:24,55.74,400,
09:36:24,55.74,300,
09:36:24,55.74,200,
09:36:24,55.75,400,
09:36:24,55.75,200,
09:36:24,55.75,200,
09:36:24,55.75,400,
09:36:24,55.75,400,
09:36:24,55.75,600,
09:36:24,55.75,700,
09:36:24,55.75,100,
09:36:24,55.74,6770,
09:36:24,55.74,200,
09:36:24,55.74,100,
09:36:24,55.74,100,
09:36:24,55.74,100,
09:36:24,55.74,1000,
09:36:24,55.74,1600,
09:36:24,55.74,200,
09:36:24,55.74,500,
09:36:24,55.74,3300,
09:36:24,55.74,200,
09:36:25,55.74,100,
09:36:25,55.74,400,
09:36:25,55.74,2100,
09:36:25,55.74,100,
09:36:25,55.74,100,
09:36:25,55.74,100,
09:36:25,55.749,100,
09:36:27,55.74,100,
09:36:27,55.74,100,
09:36:27,55.74,600,
09:36:27,55.74,200,
09:36:27,55.74,200,
09:36:27,55.74,200,
09:36:27,55.74,400,
09:36:27,55.74,200,
09:36:27,55.74,800,
09:36:28,55.749,200,
09:36:28,55.74,600,
09:36:28,55.74,187,
09:36:28,55.74,400,
09:36:29,55.74,600,
09:36:29,55.74,500,
09:36:30,55.75,100,
09:36:30,55.75,100,
09:36:30,55.75,100,
09:36:30,55.75,100,
09:36:30,55.75,300,
09:36:30,55.75,100,
09:36:32,55.7524,200,
09:36:32,55.75,100,
09:36:33,55.75,100,
09:36:33,55.75,100,
09:36:33,55.75,100,
09:36:33,55.75,100,
09:36:35,55.75,400,
09:36:38,55.76,100,
09:36:38,55.76,100,
09:36:38,55.76,100,
09:36:38,55.76,100,
09:36:38,55.76,100,
09:36:38,55.76,100,
09:36:38,55.76,100,
09:36:38,55.76,600,
09:36:38,55.76,100,
09:36:38,55.76,200,
09:36:38,55.76,200,
09:36:41,55.76,900,
09:36:41,55.77,3000,
09:36:42,55.761,200,
09:36:42,55.75,200,
09:36:42,55.75,100,
09:36:42,55.75,100,
09:36:42,55.75,100,
09:36:42,55.75,100,
09:36:42,55.75,100,
09:36:42,55.75,100,
09:36:42,55.75,100,
09:36:44,55.74,100,
09:36:44,55.74,100,
09:36:44,55.74,100,
09:36:44,55.74,100,
09:36:44,55.74,100,
09:36:44,55.74,100,
09:36:44,55.74,100,
09:36:44,55.74,600,
09:36:45,55.73,274,
09:36:45,55.73,100,
09:36:45,55.73,100,
09:36:45,55.73,100,
09:36:45,55.73,100,
09:36:45,55.73,100,
09:36:45,55.73,100,
09:36:45,55.73,100,
09:36:45,55.73,100,
09:36:45,55.73,100,
09:36:45,55.73,100,
09:36:46,55.73,100,
09:36:46,55.72,300,
09:36:47,55.72,100,
09:36:47,55.72,100,
09:36:47,55.72,100,
09:36:47,55.72,100,
09:36:47,55.72,360,
09:36:47,55.72,1000,
09:36:47,55.72,100,
09:36:47,55.72,100,
09:36:48,55.71,500,
09:36:48,55.71,100,
09:36:48,55.71,100,
09:36:48,55.71,100,
09:36:48,55.71,100,
09:36:48,55.71,100,
09:36:48,55.71,200,
09:36:48,55.71,100,
09:36:48,55.71,1000,
09:36:48,55.71,100,
09:36:48,55.71,100,
09:36:50,55.72,169,
09:36:51,55.72,100,
09:36:51,55.72,100,
09:36:51,55.72,100,
09:36:51,55.72,100,
09:36:51,55.72,100,
09:36:51,55.72,100,
09:36:51,55.73,100,
09:36:51,55.73,100,
09:36:51,55.73,100,
09:36:51,55.73,100,
09:36:51,55.73,100,
09:36:51,55.73,100,
09:36:51,55.73,100,
09:36:51,55.73,100,
09:36:52,55.72,300,
09:36:52,55.72,600,
09:36:52,55.72,100,
09:36:52,55.72,100,
09:36:52,55.72,100,
09:36:52,55.72,100,
09:36:53,55.72,100,
09:36:53,55.72,100,
09:36:54,55.73,3000,
09:36:56,55.71,400,
09:36:56,55.72,500,
09:36:56,55.71,200,
09:36:56,55.71,200,
09:36:56,55.71,300,
09:36:56,55.71,300,
09:36:56,55.72,100,
09:36:56,55.72,100,
09:36:56,55.72,200,
09:36:56,55.72,100,
09:36:56,55.72,200,
09:36:59,55.73,100,
09:36:59,55.73,100,
09:36:59,55.73,600,
09:36:59,55.73,100,
09:36:59,55.73,100,
09:36:59,55.73,100,
09:36:59,55.73,100,
09:36:59,55.73,100,
09:37:00,55.73,200,
09:37:01,55.72,100,
09:37:01,55.72,100,
09:37:01,55.72,100,
09:37:01,55.72,100,
09:37:01,55.72,100,
09:37:01,55.72,100,
09:37:01,55.72,100,
09:37:02,55.71,100,
09:37:02,55.729,1000,
09:37:02,55.72,600,
09:37:03,55.72,100,
09:37:03,55.72,100,
09:37:05,55.7185,300,
09:37:06,55.72,700,
09:37:06,55.72,100,
09:37:06,55.72,813,
09:37:07,55.73,100,
09:37:07,55.73,100,
09:37:07,55.73,100,
09:37:07,55.73,100,
09:37:07,55.73,100,
09:37:07,55.73,100,
09:37:07,55.73,100,
09:37:07,55.74,1600,
09:37:07,55.74,600,
09:37:07,55.74,300,
09:37:07,55.74,400,
09:37:07,55.74,100,
09:37:07,55.74,100,
09:37:07,55.74,100,
09:37:07,55.74,400,
09:37:07,55.74,189,
09:37:07,55.74,111,
09:37:07,55.74,100,
09:37:07,55.74,100,
09:37:07,55.74,100,
09:37:07,55.74,100,
09:37:08,55.74,500,
09:37:08,55.73,113,
09:37:08,55.73,100,
09:37:08,55.73,1630,
09:37:08,55.73,213,
09:37:08,55.73,100,
09:37:08,55.73,100,
09:37:08,55.73,100,
09:37:08,55.73,100,
09:37:08,55.73,100,
09:37:09,55.72,187,
09:37:10,55.72,100,
09:37:10,55.72,109,
09:37:10,55.72,100,
09:37:10,55.72,100,
09:37:10,55.72,100,
09:37:10,55.72,100,
09:37:10,55.72,100,
09:37:10,55.72,100,
09:37:10,55.72,100,
09:37:10,55.72,100,
09:37:10,55.72,300,
09:37:10,55.72,100,
09:37:10,55.72,700,
09:37:10,55.72,400,
09:37:10,55.719,400,
09:37:11,55.73,200,
09:37:11,55.73,100,
09:37:11,55.73,100,
09:37:11,55.73,100,
09:37:11,55.73,100,
09:37:11,55.73,100,
09:37:11,55.73,100,
09:37:11,55.73,450,
09:37:11,55.73,200,
09:37:11,55.73,100,
09:37:11,55.73,100,
09:37:11,55.73,200,
09:37:11,55.73,200,
09:37:11,55.73,150,
09:37:11,55.73,400,
09:37:11,55.74,100,
09:37:13,55.72,300,
09:37:13,55.72,300,
09:37:13,55.72,100,
09:37:13,55.72,100,
09:37:13,55.72,100,
09:37:13,55.72,100,
09:37:13,55.72,100,
09:37:13,55.72,100,
09:37:13,55.72,100,
09:37:13,55.72,100,
09:37:13,55.71,100,
09:37:13,55.72,100,
09:37:14,55.73,100,
09:37:14,55.73,100,
09:37:14,55.73,100,
09:37:14,55.73,100,
09:37:14,55.73,100,
09:37:14,55.73,100,
09:37:14,55.73,500,
09:37:14,55.74,207,
09:37:15,55.74,107,
09:37:15,55.74,400,
09:37:15,55.74,100,
09:37:15,55.74,100,
09:37:15,55.74,100,
09:37:15,55.74,100,
09:37:15,55.74,100,
09:37:15,55.74,400,
09:37:16,55.7394,100,
09:37:16,55.739,200,
09:37:17,55.73,300,
09:37:17,55.73,100,
09:37:17,55.73,100,
09:37:17,55.73,100,
09:37:19,55.73,100,
09:37:19,55.73,100,
09:37:19,55.73,400,
09:37:20,55.73,100,
09:37:25,55.73,200,
09:37:29,55.73,200,
09:37:29,55.74,500,
09:37:29,55.74,100,
09:37:29,55.74,100,
09:37:29,55.74,100,
09:37:29,55.74,100,
09:37:29,55.74,100,
09:37:29,55.74,100,
09:37:29,55.74,100,
09:37:29,55.74,400,
09:37:29,55.74,100,
09:37:29,55.74,200,
09:37:29,55.74,813,
09:37:29,55.74,100,
09:37:30,55.74,100,
09:37:30,55.74,100,
09:37:30,55.73,1000,
09:37:30,55.73,200,
09:37:30,55.73,100,
09:37:30,55.73,100,
09:37:30,55.73,400,
09:37:32,55.73,100,
09:37:32,55.73,600,
09:37:32,55.73,100,
09:37:32,55.73,100,
09:37:32,55.73,100,
09:37:32,55.73,100,
09:37:32,55.73,200,
09:37:34,55.731,800,
09:37:36,55.74,100,
09:37:36,55.74,100,
09:37:36,55.74,100,
09:37:36,55.74,100,
09:37:36,55.74,100,
09:37:37,55.75,100,
09:37:37,55.75,100,
09:37:37,55.75,100,
09:37:37,55.75,397,
09:37:37,55.75,600,
09:37:37,55.75,100,
09:37:37,55.75,100,
09:37:37,55.75,100,
09:37:37,55.75,100,
09:37:37,55.75,200,
09:37:37,55.75,200,
09:37:39,55.749,300,
09:37:40,55.75,100,
09:37:40,55.75,200,
09:37:40,55.75,200,
09:37:41,55.75,200,
09:37:41,55.7563,200,
09:37:41,55.76,100,
09:37:41,55.76,100,
09:37:41,55.76,100,
09:37:41,55.76,100,
09:37:41,55.76,100,
09:37:41,55.76,100,
09:37:41,55.76,100,
09:37:41,55.76,100,
09:37:41,55.76,1000,
09:37:41,55.76,200,
09:37:42,55.77,100,
09:37:42,55.77,100,
09:37:42,55.77,100,
09:37:42,55.77,100,
09:37:42,55.77,100,
09:37:42,55.77,500,
09:37:42,55.77,100,
09:37:42,55.77,100,
09:37:43,55.76,220,
09:37:45,55.769,300,
09:37:45,55.77,300,
09:37:47,55.76,100,
09:37:47,55.76,100,
09:37:47,55.76,100,
09:37:47,55.76,350,
09:37:47,55.76,200,
09:37:47,55.76,500,
09:37:47,55.76,600,
09:37:47,55.76,100,
09:37:47,55.76,100,
09:37:47,55.76,100,
09:37:47,55.75,400,
09:37:47,55.75,100,
09:37:47,55.75,100,
09:37:47,55.76,400,
09:37:47,55.75,100,
09:37:47,55.75,100,
09:37:47,55.75,100,
09:37:47,55.75,100,
09:37:47,55.75,100,
09:37:47,55.76,100,
09:37:47,55.74,100,
09:37:47,55.74,200,
09:37:47,55.74,500,
09:37:47,55.74,100,
09:37:47,55.74,100,
09:37:47,55.74,100,
09:37:47,55.74,100,
09:37:47,55.74,100,
09:37:47,55.74,100,
09:37:47,55.74,100,
09:37:47,55.74,100,
09:37:47,55.74,100,
09:37:48,55.74,400,
09:37:50,55.75,200,
09:37:52,55.75,100,
09:37:52,55.75,100,
09:37:52,55.75,100,
09:37:52,55.75,100,
09:37:52,55.75,100,
09:37:52,55.75,100,
09:37:52,55.75,100,
09:37:53,55.75,100,
09:37:53,55.75,222,
09:37:54,55.74,100,
09:37:54,55.74,100,
09:37:54,55.74,100,
09:37:54,55.74,100,
09:37:54,55.74,100,
09:37:54,55.74,100,
09:37:54,55.74,100,
09:37:54,55.74,100,
09:37:54,55.74,100,
09:37:54,55.74,100,
09:37:54,55.74,100,
09:37:54,55.74,200,
09:37:55,55.74,200,
09:37:56,55.74,300,
09:37:56,55.74,200,
09:38:00,55.75,300,
09:38:01,55.741,130,
09:38:02,55.74,200,
09:38:02,55.74,100,
09:38:02,55.74,500,
09:38:02,55.75,100,
09:38:02,55.75,100,
09:38:04,55.75,400,
09:38:04,55.75,200,
09:38:06,55.7401,3300,
09:38:08,55.74,100,
09:38:08,55.74,200,
09:38:08,55.74,1200,
09:38:08,55.74,100,
09:38:08,55.74,800,
09:38:08,55.74,100,
09:38:08,55.74,400,
09:38:08,55.74,400,
09:38:08,55.73,400,
09:38:08,55.74,100,
09:38:09,55.73,100,
09:38:09,55.73,100,
09:38:09,55.73,100,
09:38:09,55.73,100,
09:38:09,55.73,100,
09:38:09,55.73,100,
09:38:09,55.73,100,
09:38:09,55.73,100,
09:38:11,55.7293,200,
09:38:12,55.73,300,
09:38:12,55.73,500,
09:38:12,55.74,500,
09:38:12,55.74,100,
09:38:12,55.74,100,
09:38:12,55.74,100,
09:38:12,55.74,300,
09:38:12,55.74,100,
09:38:12,55.74,100,
09:38:12,55.74,100,
09:38:12,55.74,100,
09:38:13,55.745,500,
09:38:13,55.74,177,
09:38:13,55.74,200,
09:38:18,55.73,400,
09:38:18,55.73,100,
09:38:18,55.73,100,
09:38:18,55.73,100,
09:38:18,55.73,100,
09:38:18,55.73,100,
09:38:18,55.73,100,
09:38:18,55.73,100,
09:38:20,55.73,100,
09:38:20,55.7299,300,
09:38:23,55.73,400,
09:38:23,55.73,100,
09:38:23,55.73,100,
09:38:23,55.74,100,
09:38:23,55.74,100,
09:38:23,55.74,100,
09:38:23,55.74,100,
09:38:23,55.74,100,
09:38:23,55.74,100,
09:38:23,55.74,100,
09:38:24,55.74,100,
09:38:24,55.74,100,
09:38:25,55.74,200,
09:38:25,55.74,100,
09:38:28,55.74,100,
09:38:28,55.74,200,
09:38:31,55.74,400,
09:38:32,55.75,100,
09:38:32,55.75,100,
09:38:32,55.75,100,
09:38:32,55.75,100,
09:38:32,55.75,100,
09:38:32,55.75,100,
09:38:32,55.75,100,
09:38:32,55.75,100,
09:38:33,55.75,1100,
09:38:34,55.75,100,
09:38:35,55.76,500,
09:38:35,55.76,100,
09:38:35,55.76,200,
09:38:35,55.76,100,
09:38:35,55.76,100,
09:38:35,55.76,100,
09:38:35,55.76,100,
09:38:35,55.76,100,
09:38:35,55.76,100,
09:38:35,55.77,465,
09:38:35,55.77,100,
09:38:35,55.77,100,
09:38:35,55.77,100,
09:38:35,55.77,100,
09:38:35,55.77,100,
09:38:35,55.77,100,
09:38:35,55.77,100,
09:38:35,55.77,100,
09:38:35,55.78,200,
09:38:37,55.77,400,
09:38:37,55.77,100,
09:38:37,55.77,1573,
09:38:37,55.77,100,
09:38:37,55.77,400,
09:38:37,55.77,627,
09:38:37,55.77,400,
09:38:38,55.77,100,
09:38:38,55.77,300,
09:38:38,55.77,3200,
09:38:38,55.77,200,
09:38:38,55.77,600,
09:38:38,55.77,300,
09:38:38,55.77,1100,
09:38:38,55.76,100,
09:38:38,55.76,100,
09:38:38,55.76,100,
09:38:38,55.76,500,
09:38:38,55.76,100,
09:38:38,55.76,100,
09:38:38,55.76,100,
09:38:38,55.76,100,
09:38:38,55.75,100,
09:38:40,55.75,500,
09:38:40,55.75,200,
09:38:40,55.75,200,
09:38:40,55.75,100,
09:38:40,55.75,100,
09:38:40,55.75,100,
09:38:40,55.75,100,
09:38:40,55.75,100,
09:38:40,55.75,500,
09:38:40,55.75,100,
09:38:40,55.75,100,
09:38:40,55.75,100,
09:38:40,55.75,100,
09:38:40,55.75,100,
09:38:40,55.75,100,
09:38:40,55.75,200,
09:38:40,55.75,100,
09:38:40,55.75,200,
09:38:40,55.75,100,
09:38:40,55.75,200,
09:38:40,55.75,300,
09:38:40,55.75,500,
09:38:40,55.75,100,
09:38:40,55.779,1000,
09:38:40,55.75,100,
09:38:40,55.75,100,
09:38:40,55.75,500,
09:38:40,55.75,100,
09:38:40,55.75,100,
09:38:40,55.75,3200,
09:38:40,55.75,100,
09:38:40,55.75,300,
09:38:41,55.75,200,
09:38:41,55.75,100,
09:38:41,55.76,100,
09:38:41,55.76,600,
09:38:41,55.76,400,
09:38:41,55.76,100,
09:38:41,55.76,100,
09:38:41,55.76,100,
09:38:41,55.76,100,
09:38:41,55.76,100,
09:38:42,55.77,200,
09:38:46,55.77,400,
09:38:46,55.77,100,
09:38:46,55.77,100,
09:38:46,55.77,300,
09:38:46,55.77,100,
09:38:46,55.77,100,
09:38:46,55.77,100,
09:38:46,55.77,2900,
09:38:46,55.77,100,
09:38:46,55.77,200,
09:38:49,55.77,500,
09:38:50,55.77,100,
09:38:50,55.77,100,
09:38:53,55.77,200,
09:38:53,55.77,100,
09:38:54,55.775,100,
09:38:55,55.77,200,
09:38:55,55.77,300,
09:38:55,55.77,100,
09:38:56,55.76,600,
09:38:56,55.76,100,
09:38:56,55.76,100,
09:38:56,55.76,100,
09:38:56,55.76,100,
09:38:56,55.76,100,
09:38:56,55.76,100,
09:38:56,55.76,100,
09:38:56,55.76,100,
09:38:56,55.76,200,
09:38:56,55.76,100,
09:38:57,55.77,400,
09:39:01,55.76,200,
09:39:01,55.76,300,
09:39:02,55.76,100,
09:39:02,55.76,100,
09:39:02,55.76,100,
09:39:02,55.75,700,
09:39:02,55.75,100,
09:39:02,55.75,700,
09:39:02,55.75,700,
09:39:03,55.75,400,
09:39:03,55.75,100,
09:39:03,55.75,100,
09:39:03,55.75,100,
09:39:03,55.75,100,
09:39:03,55.75,100,
09:39:03,55.75,100,
09:39:03,55.75,100,
09:39:03,55.75,100,
09:39:03,55.75,100,
09:39:03,55.74,100,
09:39:03,55.74,100,
09:39:03,55.74,100,
09:39:03,55.74,100,
09:39:03,55.74,100,
09:39:03,55.74,100,
09:39:03,55.74,100,
09:39:03,55.74,100,
09:39:03,55.74,100,
09:39:03,55.74,100,
09:39:03,55.74,100,
09:39:03,55.7375,100,
09:39:04,55.75,600,
09:39:04,55.75,300,
09:39:04,55.75,400,
09:39:04,55.75,200,
09:39:04,55.75,100,
09:39:04,55.75,100,
09:39:04,55.75,100,
09:39:04,55.75,100,
09:39:04,55.75,100,
09:39:04,55.75,100,
09:39:04,55.75,100,
09:39:04,55.75,200,
09:39:05,55.75,200,
09:39:05,55.74,100,
09:39:05,55.74,100,
09:39:05,55.74,100,
09:39:05,55.74,100,
09:39:05,55.74,100,
09:39:05,55.74,100,
09:39:05,55.74,100,
09:39:05,55.74,100,
09:39:05,55.74,600,
09:39:05,55.74,600,
09:39:05,55.73,330,
09:39:05,55.73,900,
09:39:05,55.73,600,
09:39:05,55.73,600,
09:39:07,55.75,200,
09:39:08,55.74,600,
09:39:10,55.74,100,
09:39:11,55.74,500,
09:39:11,55.74,400,
09:39:11,55.7399,1300,
09:39:12,55.75,400,
09:39:12,55.75,100,
09:39:12,55.75,100,
09:39:12,55.75,100,
09:39:12,55.75,100,
09:39:12,55.75,100,
09:39:12,55.75,100,
09:39:12,55.75,600,
09:39:12,55.75,600,
09:39:12,55.75,100,
09:39:12,55.75,100,
09:39:12,55.75,100,
09:39:15,55.76,100,
09:39:16,55.76,100,
09:39:16,55.76,100,
09:39:16,55.76,100,
09:39:16,55.76,100,
09:39:16,55.75,300,
09:39:16,55.75,200,
09:39:16,55.75,300,
09:39:16,55.75,400,
09:39:16,55.75,600,
09:39:16,55.75,200,
09:39:16,55.75,200,
09:39:16,55.75,200,
09:39:16,55.75,1000,
09:39:16,55.75,770,
09:39:16,55.75,3300,
09:39:16,55.75,500,
09:39:16,55.75,12200,
09:39:16,55.75,500,
09:39:16,55.75,200,
09:39:16,55.75,500,
09:39:16,55.75,200,
09:39:16,55.75,100,
09:39:16,55.75,1630,
09:39:16,55.75,200,
09:39:16,55.75,400,
09:39:16,55.75,100,
09:39:16,55.75,400,
09:39:16,55.75,1000,
09:39:16,55.75,100,
09:39:17,55.75,300,
09:39:17,55.75,600,
09:39:17,55.75,100,
09:39:17,55.75,100,
09:39:17,55.75,100,
09:39:17,55.75,100,
09:39:17,55.74,400,
09:39:18,55.74,200,
09:39:18,55.74,100,
09:39:18,55.74,100,
09:39:18,55.74,100,
09:39:18,55.74,100,
09:39:18,55.74,100,
09:39:18,55.74,100,
09:39:18,55.74,100,
09:39:19,55.74,100,
09:39:23,55.73,100,
09:39:23,55.73,100,
09:39:23,55.73,100,
09:39:23,55.73,100,
09:39:23,55.73,100,
09:39:23,55.73,100,
09:39:23,55.73,100,
09:39:23,55.73,100,
09:39:26,55.739,250,
09:39:28,55.739,5000,
09:39:31,55.724,600,
09:39:31,55.72,600,
09:39:31,55.72,100,
09:39:31,55.72,100,
09:39:31,55.72,100,
09:39:31,55.72,100,
09:39:31,55.72,100,
09:39:31,55.72,100,
09:39:31,55.72,100,
09:39:32,55.71,400,
09:39:32,55.71,100,
09:39:32,55.71,100,
09:39:32,55.71,100,
09:39:32,55.71,100,
09:39:32,55.71,100,
09:39:32,55.71,100,
09:39:32,55.71,100,
09:39:32,55.70,300,
09:39:33,55.70,700,
09:39:33,55.70,100,
09:39:33,55.70,100,
09:39:33,55.70,100,
09:39:33,55.70,100,
09:39:33,55.70,100,
09:39:33,55.70,100,
09:39:33,55.70,200,
09:39:33,55.70,200,
09:39:33,55.70,400,
09:39:33,55.70,200,
09:39:33,55.70,500,
09:39:34,55.705,100,
09:39:34,55.7075,100,
09:39:34,55.71,100,
09:39:34,55.71,100,
09:39:34,55.71,100,
09:39:34,55.71,100,
09:39:34,55.71,100,
09:39:34,55.71,200,
09:39:34,55.71,300,
09:39:34,55.71,100,
09:39:34,55.71,100,
09:39:34,55.71,100,
09:39:34,55.71,800,
09:39:34,55.71,500,
09:39:34,55.71,100,
09:39:34,55.71,100,
09:39:34,55.71,500,
09:39:34,55.71,351,
09:39:34,55.71,100,
09:39:34,55.71,300,
09:39:34,55.71,800,
09:39:36,55.7093,350,
09:39:43,55.70,100,
09:39:43,55.70,100,
09:39:43,55.70,100,
09:39:43,55.70,100,
09:39:43,55.70,100,
09:39:43,55.70,100,
09:39:43,55.70,100,
09:39:44,55.695,300,
09:39:44,55.695,300,
09:39:44,55.695,300,
09:39:44,55.70,400,
09:39:44,55.70,100,
09:39:45,55.7095,1000,
09:39:47,55.70,400,
09:39:47,55.70,1000,
09:39:47,55.70,500,
09:39:47,55.70,200,
09:39:47,55.70,200,
09:39:47,55.70,200,
09:39:47,55.70,300,
09:39:48,55.71,100,
09:39:48,55.71,100,
09:39:48,55.71,900,
09:39:49,55.7079,300,
09:39:49,55.709,400,
09:39:50,55.71,100,
09:39:50,55.71,100,
09:39:50,55.71,100,
09:39:50,55.71,100,
09:39:50,55.71,100,
09:39:50,55.701,500,
09:39:52,55.70,100,
09:39:52,55.70,100,
09:39:52,55.70,100,
09:39:52,55.70,100,
09:39:52,55.70,100,
09:39:52,55.70,100,
09:39:53,55.69,209,
09:39:54,55.69,100,
09:39:54,55.69,100,
09:39:54,55.69,100,
09:39:54,55.69,100,
09:39:56,55.70,135,
09:39:56,55.70,600,
09:39:57,55.70,145,
09:39:57,55.70,400,
09:39:57,55.71,200,
09:39:57,55.71,100,
09:39:57,55.71,100,
09:39:57,55.71,100,
09:39:57,55.71,100,
09:39:57,55.71,100,
09:39:57,55.71,100,
09:39:57,55.71,100,
09:39:57,55.71,100,
09:39:57,55.71,600,
09:39:57,55.72,213,
09:39:57,55.72,1100,
09:39:57,55.72,4000,
09:39:57,55.72,100,
09:39:57,55.72,100,
09:39:57,55.72,100,
09:39:57,55.72,3000,
09:39:57,55.72,100,
09:39:57,55.72,100,
09:39:57,55.72,100,
09:39:57,55.72,100,
09:39:58,55.73,600,
09:39:58,55.73,400,
09:39:58,55.73,100,
09:39:58,55.73,100,
09:39:58,55.73,100,
09:39:58,55.73,100,
09:39:58,55.73,100,
09:39:58,55.73,100,
09:39:58,55.73,100,
09:39:58,55.73,1100,
09:39:58,55.73,400,
09:39:58,55.74,200,
09:39:58,55.74,10000,
09:39:58,55.74,300,
09:39:58,55.74,100,
09:39:58,55.74,100,
09:39:58,55.74,100,
09:39:58,55.74,2100,
09:39:58,55.74,600,
09:39:58,55.74,1000,
09:39:58,55.74,100,
09:39:58,55.74,100,
09:39:58,55.74,100,
09:39:58,55.74,100,
09:39:58,55.74,100,
09:39:58,55.74,100,
09:39:58,55.74,100,
09:39:58,55.75,100,
09:39:58,55.75,300,
09:39:59,55.75,600,
09:39:59,55.75,100,
09:39:59,55.75,100,
09:39:59,55.75,100,
09:39:59,55.75,100,
09:39:59,55.75,100,
09:39:59,55.75,100,
09:39:59,55.75,100,
09:40:00,55.74,209,
09:40:00,55.74,100,
09:40:00,55.74,100,
09:40:00,55.74,100,
09:40:00,55.74,100,
09:40:00,55.74,100,
09:40:00,55.74,100,
09:40:00,55.74,100,
09:40:00,55.74,100,
09:40:00,55.73,293,
09:40:00,55.73,226,
09:40:00,55.73,100,
09:40:00,55.73,100,
09:40:00,55.73,100,
09:40:00,55.73,100,
09:40:00,55.73,100,
09:40:00,55.73,100,
09:40:00,55.73,100,
09:40:01,55.7201,4000,
09:40:02,55.73,200,
09:40:02,55.73,200,
09:40:02,55.73,400,
09:40:02,55.73,100,
09:40:02,55.73,101,
09:40:02,55.72,300,
09:40:02,55.722,100,
09:40:02,55.73,200,
09:40:02,55.73,200,
09:40:02,55.72,200,
09:40:02,55.73,300,
09:40:02,55.72,200,
09:40:02,55.7301,200,
09:40:03,55.72,100,
09:40:03,55.72,100,
09:40:03,55.72,600,
09:40:03,55.71,100,
09:40:03,55.71,1100,
09:40:03,55.71,1400,
09:40:03,55.71,400,
09:40:06,55.70,100,
09:40:06,55.69,100,
09:40:07,55.70,1000,
09:40:08,55.69,600,
09:40:09,55.70,165,
09:40:09,55.70,200,
09:40:09,55.70,600,
09:40:11,55.69,300,
09:40:12,55.69,200,
09:40:12,55.69,100,
09:40:12,55.69,231,
09:40:12,55.69,300,
09:40:12,55.685,100,
09:40:12,55.69,100,
09:40:12,55.69,100,
09:40:12,55.69,100,
09:40:12,55.69,100,
09:40:13,55.689,200,
09:40:13,55.689,200,
09:40:14,55.685,100,
09:40:17,55.68,100,
09:40:17,55.68,200,
09:40:17,55.68,500,
09:40:17,55.68,100,
09:40:17,55.68,1900,
09:40:17,55.675,100,
09:40:17,55.68,100,
09:40:17,55.68,400,
09:40:17,55.68,100,
09:40:17,55.68,600,
09:40:17,55.675,600,
09:40:17,55.69,600,
09:40:17,55.68,100,
09:40:17,55.68,800,
09:40:17,55.68,1300,
09:40:17,55.68,100,
09:40:19,55.68,500,
09:40:19,55.68,600,
09:40:20,55.69,500,
09:40:21,55.679,100,
09:40:21,55.68,189,
09:40:22,55.68,189,
09:40:22,55.68,189,
09:40:23,55.68,209,
09:40:23,55.68,3300,
09:40:23,55.68,834,
09:40:23,55.68,100,
09:40:23,55.68,100,
09:40:24,55.68,400,
09:40:24,55.68,700,
09:40:24,55.68,700,
09:40:24,55.68,500,
09:40:26,55.67,200,
09:40:27,55.67,500,
09:40:28,55.65,100,
09:40:28,55.66,200,
09:40:28,55.64,200,
09:40:28,55.65,100,
09:40:28,55.65,500,
09:40:29,55.64,400,
09:40:29,55.64,100,
09:40:29,55.64,500,
09:40:29,55.64,600,
09:40:29,55.64,400,
09:40:29,55.64,100,
09:40:29,55.64,300,
09:40:29,55.64,500,
09:40:29,55.64,200,
09:40:29,55.64,400,
09:40:29,55.64,100,
09:40:29,55.6499,600,
09:40:30,55.65,200,
09:40:30,55.65,600,
09:40:30,55.65,200,
09:40:30,55.66,400,
09:40:30,55.66,200,
09:40:30,55.66,300,
09:40:30,55.66,100,
09:40:30,55.66,100,
09:40:30,55.66,100,
09:40:30,55.66,400,
09:40:30,55.66,200,
09:40:30,55.66,100,
09:40:30,55.66,100,
09:40:30,55.66,100,
09:40:30,55.66,500,
09:40:30,55.66,200,
09:40:30,55.66,100,
09:40:30,55.66,200,
09:40:30,55.66,300,
09:40:30,55.66,370,
09:40:30,55.66,330,
09:40:30,55.66,100,
09:40:30,55.66,100,
09:40:30,55.65,400,
09:40:31,55.65,700,
09:40:31,55.6499,600,
09:40:31,55.6499,200,
09:40:32,55.65,100,
09:40:32,55.65,400,
09:40:32,55.66,400,
09:40:32,55.66,400,
09:40:32,55.66,100,
09:40:32,55.66,200,
09:40:33,55.66,100,
09:40:33,55.66,400,
09:40:35,55.66,100,
09:40:37,55.65,600,
09:40:38,55.65,600,
09:40:38,55.65,400,
09:40:38,55.65,600,
09:40:38,55.65,147,
09:40:38,55.65,100,
09:40:40,55.65,200,
09:40:40,55.65,600,
09:40:40,55.65,600,
09:40:40,55.65,600,
09:40:40,55.65,1000,
09:40:40,55.65,100,
09:40:40,55.65,100,
09:40:40,55.65,400,
09:40:40,55.65,300,
09:40:40,55.65,200,
09:40:40,55.65,200,
09:40:40,55.65,400,
09:40:40,55.65,300,
09:40:40,55.65,200,
09:40:40,55.65,100,
09:40:40,55.65,600,
09:40:40,55.65,400,
09:40:40,55.65,721,
09:40:40,55.65,700,
09:40:40,55.65,800,
09:40:40,55.65,800,
09:40:40,55.65,100,
09:40:40,55.65,800,
09:40:40,55.65,800,
09:40:40,55.65,300,
09:40:40,55.65,300,
09:40:40,55.65,200,
09:40:42,55.655,100,
09:40:44,55.659,100,
09:40:45,55.65,100,
09:40:45,55.659,300,
09:40:45,55.645,100,
09:40:46,55.65,200,
09:40:46,55.65,200,
09:40:46,55.65,500,
09:40:46,55.65,400,
09:40:46,55.65,400,
09:40:46,55.65,200,
09:40:46,55.65,100,
09:40:46,55.65,200,
09:40:46,55.65,400,
09:40:48,55.65,300,
09:40:48,55.65,100,
09:40:48,55.65,600,
09:40:48,55.65,200,
09:40:48,55.65,400,
09:40:48,55.65,400,
09:40:50,55.6499,200,
09:40:52,55.65,100,
09:40:52,55.65,200,
09:40:52,55.65,100,
09:40:53,55.64,100,
09:40:53,55.64,300,
09:40:53,55.63,200,
09:40:53,55.63,600,
09:40:53,55.63,415,
09:40:53,55.63,360,
09:40:53,55.62,400,
09:40:53,55.61,370,
09:40:54,55.61,100,
09:40:56,55.62,100,
09:40:56,55.62,400,
09:40:56,55.62,100,
09:40:56,55.62,609,
09:40:56,55.62,600,
09:40:56,55.62,200,
09:40:56,55.62,200,
09:40:56,55.62,500,
09:40:56,55.62,100,
09:40:56,55.62,993,
09:40:56,55.62,100,
09:40:56,55.62,1200,
09:40:58,55.6296,300,
09:40:58,55.629,1000,
09:40:58,55.62,100,
09:40:59,55.62,200,
09:41:01,55.62,600,
09:41:01,55.62,100,
09:41:01,55.62,100,
09:41:01,55.62,100,
09:41:04,55.61,400,
09:41:04,55.61,600,
09:41:04,55.61,100,
09:41:04,55.6103,400,
09:41:04,55.6101,500,
09:41:04,55.611,1300,
09:41:04,55.611,150,
09:41:04,55.61,600,
09:41:04,55.61,1200,
09:41:05,55.60,600,
09:41:05,55.60,100,
09:41:06,55.60,8000,
09:41:07,55.5995,500,
09:41:08,55.59,300,
09:41:08,55.59,400,
09:41:08,55.59,1000,
09:41:08,55.57,100,
09:41:09,55.57,200,
09:41:09,55.57,200,
09:41:09,55.58,100,
09:41:09,55.58,100,
09:41:09,55.58,100,
09:41:09,55.58,100,
09:41:09,55.58,300,
09:41:09,55.58,100,
09:41:09,55.58,200,
09:41:09,55.58,100,
09:41:09,55.58,100,
09:41:09,55.57,200,
09:41:09,55.57,200,
09:41:09,55.58,300,
09:41:09,55.58,200,
09:41:10,55.58,500,
09:41:10,55.58,100,
09:41:10,55.58,400,
09:41:10,55.58,400,
09:41:10,55.58,1100,
09:41:10,55.58,600,
09:41:10,55.58,1200,
09:41:11,55.574,4600,
09:41:11,55.5863,100,
09:41:12,55.5715,400,
09:41:12,55.59,100,
09:41:12,55.5801,600,
09:41:12,55.58,100,
09:41:17,55.57,400,
09:41:17,55.57,100,
09:41:18,55.58,200,
09:41:18,55.58,400,
09:41:18,55.58,200,
09:41:18,55.58,100,
09:41:20,55.571,250,
09:41:20,55.58,100,
09:41:21,55.58,100,
09:41:21,55.5731,100,
09:41:21,55.58,400,
09:41:21,55.58,600,
09:41:22,55.59,100,
09:41:22,55.59,100,
09:41:22,55.59,400,
09:41:22,55.59,100,
09:41:22,55.59,100,
09:41:22,55.60,600,
09:41:23,55.61,200,
09:41:23,55.61,100,
09:41:23,55.61,200,
09:41:23,55.61,700,
09:41:23,55.61,170,
09:41:24,55.61,200,
09:41:24,55.61,400,
09:41:26,55.62,100,
09:41:26,55.62,100,
09:41:26,55.62,100,
09:41:28,55.63,489,
09:41:28,55.63,311,
09:41:28,55.63,200,
09:41:29,55.635,100,
09:41:29,55.64,200,
09:41:30,55.65,100,
09:41:30,55.65,300,
09:41:30,55.65,200,
09:41:30,55.65,100,
09:41:30,55.65,500,
09:41:31,55.64,300,
09:41:31,55.64,300,
09:41:31,55.64,600,
09:41:31,55.64,100,
09:41:31,55.64,1300,
09:41:31,55.63,400,
09:41:31,55.64,500,
09:41:31,55.64,100,
09:41:32,55.64,600,
09:41:32,55.64,100,
09:41:33,55.64,100,
09:41:33,55.64,300,
09:41:34,55.63,100,
09:41:35,55.63,600,
09:41:36,55.62,100,
09:41:36,55.62,300,
09:41:36,55.62,100,
09:41:36,55.62,100,
09:41:36,55.62,100,
09:41:38,55.63,600,
09:41:38,55.63,500,
09:41:38,55.63,460,
09:41:38,55.63,12200,
09:41:38,55.63,400,
09:41:38,55.63,100,
09:41:38,55.63,100,
09:41:38,55.63,300,
09:41:38,55.63,200,
09:41:38,55.63,500,
09:41:38,55.63,200,
09:41:38,55.63,200,
09:41:38,55.63,200,
09:41:38,55.63,400,
09:41:39,55.63,600,
09:41:39,55.63,100,
09:41:40,55.63,200,
09:41:40,55.63,400,
09:41:40,55.63,240,
09:41:40,55.63,240,
09:41:40,55.63,700,
09:41:40,55.63,100,
09:41:40,55.63,1600,
09:41:41,55.62,100,
09:41:42,55.61,190,
09:41:42,55.61,400,
09:41:42,55.61,500,
09:41:43,55.61,100,
09:41:43,55.61,200,
09:41:43,55.61,100,
09:41:43,55.60,500,
09:41:45,55.5921,200,
09:41:46,55.59,100,
09:41:46,55.59,100,
09:41:46,55.59,100,
09:41:47,55.59,100,
09:41:47,55.59,100,
09:41:48,55.60,300,
09:41:48,55.595,100,
09:41:50,55.595,100,
09:41:50,55.60,100,
09:41:52,55.61,400,
09:41:52,55.61,200,
09:41:54,55.60,200,
09:41:54,55.60,200,
09:41:54,55.60,200,
09:41:54,55.60,200,
09:41:55,55.60,400,
09:41:55,55.60,600,
09:41:57,55.609,100,
09:41:58,55.60,200,
09:41:58,55.60,300,
09:41:58,55.60,300,
09:41:58,55.60,200,
09:41:58,55.60,100,
09:41:58,55.60,200,
09:41:58,55.60,100,
09:41:58,55.60,100,
09:41:58,55.60,200,
09:41:58,55.60,400,
09:41:58,55.60,2800,
09:41:58,55.60,400,
09:41:58,55.60,400,
09:41:58,55.60,200,
09:41:58,55.60,100,
09:41:58,55.60,100,
09:41:58,55.60,400,
09:41:59,55.61,200,
09:41:59,55.61,400,
09:41:59,55.61,400,
09:41:59,55.61,600,
09:41:59,55.61,1000,
09:41:59,55.61,100,
09:42:00,55.62,200,
09:42:00,55.62,200,
09:42:00,55.62,500,
09:42:00,55.62,200,
09:42:00,55.62,200,
09:42:00,55.62,3400,
09:42:00,55.62,500,
09:42:00,55.62,600,
09:42:00,55.62,400,
09:42:00,55.62,600,
09:42:00,55.62,100,
09:42:01,55.62,400,
09:42:01,55.62,400,
09:42:01,55.61,100,
09:42:01,55.61,200,
09:42:05,55.59,12700,
09:42:06,55.60,400,
09:42:06,55.60,500,
09:42:07,55.59,200,
09:42:08,55.5965,100,
09:42:08,55.59,100,
09:42:08,55.59,100,
09:42:08,55.5901,100,
09:42:08,55.59,500,
09:42:09,55.59,100,
09:42:09,55.59,100,
09:42:12,55.58,100,
09:42:13,55.59,200,
09:42:13,55.60,500,
09:42:13,55.60,100,
09:42:16,55.61,300,
09:42:16,55.61,100,
09:42:16,55.61,500,
09:42:16,55.61,170,
09:42:16,55.61,400,
09:42:16,55.61,1200,
09:42:16,55.61,400,
09:42:16,55.61,100,
09:42:16,55.61,100,
09:42:16,55.61,200,
09:42:16,55.61,200,
09:42:20,55.61,400,
09:42:20,55.62,100,
09:42:20,55.62,600,
09:42:21,55.62,100,
09:42:21,55.62,400,
09:42:26,55.62,200,
09:42:27,55.63,200,
09:42:27,55.63,169,
09:42:27,55.63,400,
09:42:27,55.63,200,
09:42:27,55.63,400,
09:42:28,55.64,200,
09:42:28,55.64,100,
09:42:28,55.64,100,
09:42:28,55.6399,200,
09:42:28,55.64,200,
09:42:28,55.6399,100,
09:42:28,55.6399,100,
09:42:31,55.6378,500,
09:42:32,55.64,100,
09:42:32,55.64,350,
09:42:32,55.64,150,
09:42:32,55.64,250,
09:42:35,55.65,3000,
09:42:35,55.65,100,
09:42:35,55.65,800,
09:42:37,55.63,100,
09:42:37,55.6299,100,
09:42:38,55.6498,500,
09:42:38,55.6395,700,
09:42:40,55.64,100,
09:42:40,55.64,500,
09:42:40,55.64,500,
09:42:40,55.64,200,
09:42:40,55.64,1500,
09:42:40,55.64,400,
09:42:40,55.64,400,
09:42:40,55.64,408,
09:42:40,55.64,6000,
09:42:40,55.64,300,
09:42:40,55.64,300,
09:42:40,55.64,100,
09:42:40,55.63,100,
09:42:40,55.63,100,
09:42:40,55.62,500,
09:42:40,55.62,400,
09:42:40,55.62,100,
09:42:40,55.62,100,
09:42:40,55.63,838,
09:42:40,55.63,100,
09:42:40,55.63,1100,
09:42:40,55.63,100,
09:42:42,55.6271,100,
09:42:44,55.63,300,
09:42:44,55.63,200,
09:42:46,55.64,100,
09:42:46,55.63,400,
09:42:47,55.6399,900,
09:42:47,55.635,600,
09:42:47,55.64,400,
09:42:47,55.64,600,
09:42:47,55.64,200,
09:42:47,55.64,100,
09:42:47,55.64,200,
09:42:47,55.64,1000,
09:42:47,55.64,3400,
09:42:48,55.65,700,
09:42:48,55.65,600,
09:42:48,55.65,100,
09:42:48,55.65,592,
09:42:48,55.65,200,
09:42:48,55.65,200,
09:42:49,55.66,500,
09:42:50,55.65,300,
09:42:50,55.65,192,
09:42:51,55.65,100,
09:42:51,55.65,200,
09:42:51,55.65,200,
09:42:51,55.65,400,
09:42:51,55.65,100,
09:42:51,55.65,200,
09:42:51,55.64,400,
09:42:51,55.64,600,
09:42:54,55.63,400,
09:42:54,55.63,100,
09:42:54,55.63,1800,
09:42:54,55.63,400,
09:42:54,55.63,400,
09:42:54,55.63,200,
09:42:54,55.6399,1000,
09:42:56,55.65,500,
09:42:56,55.65,340,
09:42:56,55.65,200,
09:42:57,55.65,200,
09:42:57,55.65,100,
09:42:57,55.65,215,
09:42:57,55.65,400,
09:42:57,55.65,400,
09:42:57,55.65,200,
09:42:57,55.65,200,
09:42:57,55.65,100,
09:42:57,55.65,100,
09:42:57,55.66,400,
09:42:57,55.66,600,
09:42:57,55.66,600,
09:42:58,55.6638,100,
09:43:01,55.66,400,
09:43:04,55.64,100,
09:43:04,55.64,100,
09:43:04,55.64,200,
09:43:04,55.64,100,
09:43:04,55.6442,700,
09:43:08,55.65,300,
09:43:11,55.65,200,
09:43:11,55.649,500,
09:43:11,55.65,600,
09:43:12,55.645,100,
09:43:12,55.649,200,
09:43:13,55.65,600,
09:43:13,55.645,100,
09:43:13,55.66,200,
09:43:13,55.66,300,
09:43:13,55.66,100,
09:43:13,55.66,100,
09:43:13,55.66,100,
09:43:13,55.66,100,
09:43:13,55.66,100,
09:43:14,55.65,400,
09:43:14,55.65,500,
09:43:14,55.64,400,
09:43:14,55.64,400,
09:43:14,55.64,600,
09:43:14,55.64,500,
09:43:15,55.63,500,
09:43:15,55.63,100,
09:43:15,55.63,188,
09:43:15,55.61,100,
09:43:15,55.61,700,
09:43:15,55.62,300,
09:43:16,55.62,500,
09:43:19,55.63,100,
09:43:19,55.62,400,
09:43:21,55.63,500,
09:43:23,55.63,100,
09:43:24,55.64,200,
09:43:24,55.64,100,
09:43:27,55.63,200,
09:43:27,55.63,500,
09:43:27,55.63,400,
09:43:28,55.63,300,
09:43:28,55.64,100,
09:43:31,55.64,200,
09:43:32,55.64,600,
09:43:32,55.64,400,
09:43:34,55.65,600,
09:43:34,55.65,600,
09:43:35,55.65,100,
09:43:35,55.65,100,
09:43:35,55.66,100,
09:43:38,55.66,200,
09:43:38,55.65,100,
09:43:38,55.65,100,
09:43:38,55.65,100,
09:43:38,55.65,400,
09:43:38,55.65,100,
09:43:38,55.65,100,
09:43:39,55.64,600,
09:43:41,55.64,100,
09:43:41,55.64,204,
09:43:42,55.65,200,
09:43:42,55.65,200,
09:43:46,55.65,200,
09:43:46,55.65,200,
09:43:50,55.66,200,
09:43:52,55.66,400,
09:43:55,55.65,200,
09:43:55,55.65,100,
09:43:55,55.65,200,
09:43:56,55.64,200,
09:43:56,55.64,104,
09:43:57,55.64,600,
09:43:58,55.6307,200,
09:44:00,55.64,100,
09:44:00,55.64,300,
09:44:00,55.64,500,
09:44:01,55.65,300,
09:44:02,55.65,100,
09:44:02,55.65,100,
09:44:03,55.65,300,
09:44:03,55.655,200,
09:44:03,55.65,400,
09:44:03,55.65,278,
09:44:03,55.65,100,
09:44:04,55.65,100,
09:44:04,55.65,600,
09:44:05,55.65,200,
09:44:07,55.65,100,
09:44:07,55.65,300,
09:44:07,55.65,400,
09:44:08,55.65,100,
09:44:10,55.65,500,
09:44:12,55.65,200,
09:44:12,55.65,600,
09:44:12,55.65,400,
09:44:12,55.65,100,
09:44:12,55.65,100,
09:44:13,55.66,200,
09:44:14,55.67,600,
09:44:16,55.67,500,
09:44:16,55.669,610,
09:44:20,55.66,300,
09:44:22,55.66,1200,
09:44:22,55.66,600,
09:44:22,55.66,453,
09:44:22,55.66,100,
09:44:22,55.65,100,
09:44:25,55.66,209,
09:44:25,55.66,192,
09:44:28,55.66,100,
09:44:28,55.66,300,
09:44:30,55.66,396,
09:44:33,55.67,116,
09:44:36,55.67,200,
09:44:36,55.665,300,
09:44:36,55.665,100,
09:44:36,55.68,204,
09:44:38,55.69,100,
09:44:38,55.70,100,
09:44:39,55.70,100,
09:44:39,55.69,130,
09:44:39,55.69,100,
09:44:39,55.69,500,
09:44:40,55.69,100,
09:44:40,55.69,100,
09:44:41,55.69,400,
09:44:44,55.69,200,
09:44:44,55.69,400,
09:44:44,55.69,100,
09:44:44,55.69,200,
09:44:44,55.69,200,
09:44:45,55.69,500,
09:44:45,55.69,202,
09:44:45,55.68,400,
09:44:45,55.69,300,
09:44:45,55.69,500,
09:44:45,55.69,200,
09:44:45,55.69,300,
09:44:45,55.69,1068,
09:44:45,55.68,600,
09:44:45,55.67,800,
09:44:45,55.67,400,
09:44:45,55.67,400,
09:44:45,55.67,300,
09:44:46,55.666,350,
09:44:46,55.66,200,
09:44:47,55.6685,400,
09:44:50,55.66,500,
09:44:51,55.67,600,
09:44:51,55.68,200,
09:44:51,55.68,300,
09:44:51,55.68,1000,
09:44:51,55.68,10000,
09:44:51,55.68,1600,
09:44:51,55.68,4600,
09:44:51,55.68,3400,
09:44:51,55.68,600,
09:44:51,55.68,500,
09:44:51,55.68,500,
09:44:51,55.68,600,
09:44:51,55.69,100,
09:44:51,55.69,500,
09:44:51,55.69,600,
09:44:51,55.69,300,
09:44:51,55.69,200,
09:44:51,55.69,100,
09:44:51,55.69,400,
09:44:51,55.69,400,
09:44:51,55.69,200,
09:44:51,55.69,400,
09:44:51,55.69,300,
09:44:51,55.69,100,
09:44:51,55.6952,190,
09:44:51,55.70,3700,
09:44:51,55.69,300,
09:44:51,55.69,100,
09:44:51,55.69,100,
09:44:53,55.70,400,
09:44:53,55.70,400,
09:44:53,55.70,200,
09:44:53,55.70,500,
09:44:53,55.70,100,
09:44:54,55.7085,200,
09:44:54,55.71,209,
09:44:54,55.71,1500,
09:44:54,55.71,100,
09:44:54,55.72,100,
09:44:55,55.71,117,
09:44:55,55.7077,200,
09:44:57,55.709,100,
09:44:58,55.72,200,
09:44:58,55.72,200,
09:44:58,55.719,530,
09:44:59,55.71,200,
09:45:00,55.71,200,
09:45:03,55.72,2000,
09:45:03,55.73,100,
09:45:03,55.74,200,
09:45:04,55.7381,400,
09:45:04,55.7381,100,
09:45:06,55.74,200,
09:45:06,55.74,200,
09:45:06,55.74,100,
09:45:06,55.7399,5300,
09:45:08,55.7471,125,
09:45:09,55.74,200,
09:45:09,55.74,400,
09:45:09,55.7384,200,
09:45:09,55.74,2800,
09:45:09,55.73,200,
09:45:09,55.74,5600,
09:45:09,55.73,200,
09:45:09,55.73,200,
09:45:09,55.73,100,
09:45:09,55.73,100,
09:45:09,55.74,300,
09:45:09,55.74,1000,
09:45:09,55.74,1700,
09:45:10,55.74,1720,
09:45:10,55.7393,200,
09:45:10,55.735,190,
09:45:11,55.74,452,
09:45:11,55.74,2000,
09:45:12,55.74,100,
09:45:12,55.74,100,
09:45:12,55.74,100,
09:45:13,55.75,100,
09:45:14,55.75,100,
09:45:14,55.7463,200,
09:45:15,55.75,200,
09:45:15,55.75,300,
09:45:15,55.75,100,
09:45:15,55.75,500,
09:45:16,55.7487,200,
09:45:16,55.7494,100,
09:45:17,55.75,100,
09:45:17,55.74,200,
09:45:17,55.74,400,
09:45:19,55.74,400,
09:45:20,55.74,400,
09:45:21,55.74,300,
09:45:22,55.74,600,
09:45:24,55.74,100,
09:45:24,55.74,100,
09:45:25,55.746,3000,
09:45:27,55.75,100,
09:45:27,55.75,600,
09:45:28,55.75,300,
09:45:29,55.74,130,
09:45:29,55.73,600,
09:45:29,55.73,100,
09:45:29,55.74,400,
09:45:30,55.74,100,
09:45:30,55.74,100,
09:45:30,55.74,600,
09:45:30,55.74,200,
09:45:30,55.74,200,
09:45:30,55.74,1391,
09:45:30,55.74,1800,
09:45:30,55.74,100,
09:45:30,55.74,100,
09:45:30,55.75,200,
09:45:34,55.75,100,
09:45:34,55.76,300,
09:45:35,55.77,4763,
09:45:36,55.76,463,
09:45:36,55.76,324,
09:45:36,55.76,371,
09:45:36,55.76,200,
09:45:36,55.76,135,
09:45:36,55.76,100,
09:45:36,55.76,200,
09:45:37,55.76,200,
09:45:37,55.76,200,
09:45:37,55.76,200,
09:45:38,55.76,500,
09:45:38,55.76,200,
09:45:38,55.76,500,
09:45:38,55.76,400,
09:45:38,55.76,100,
09:45:38,55.76,400,
09:45:38,55.76,600,
09:45:38,55.76,100,
09:45:39,55.76,800,
09:45:39,55.76,300,
09:45:39,55.77,2000,
09:45:45,55.75,200,
09:45:46,55.74,200,
09:45:46,55.74,200,
09:45:46,55.74,100,
09:45:47,55.7499,200,
09:45:47,55.75,900,
09:45:48,55.74,320,
09:45:48,55.75,100,
09:45:49,55.75,100,
09:45:49,55.75,100,
09:45:50,55.75,139,
09:45:50,55.7515,400,
09:45:54,55.76,100,
09:45:54,55.76,400,
09:45:54,55.77,100,
09:45:54,55.77,400,
09:45:54,55.77,100,
09:45:54,55.77,100,
09:45:55,55.7866,200,
09:45:56,55.78,200,
09:45:56,55.78,100,
09:45:56,55.78,600,
09:45:56,55.78,400,
09:45:58,55.77,400,
09:45:58,55.77,100,
09:45:58,55.76,100,
09:45:58,55.76,100,
09:45:58,55.77,200,
09:45:58,55.771,325,
09:46:02,55.78,138,
09:46:02,55.78,162,
09:46:03,55.78,100,
09:46:04,55.769,1570,
09:46:05,55.75,100,
09:46:05,55.76,200,
09:46:05,55.75,100,
09:46:05,55.76,300,
09:46:05,55.75,213,
09:46:05,55.765,500,
09:46:05,55.75,287,
09:46:05,55.75,226,
09:46:05,55.75,400,
09:46:05,55.75,600,
09:46:05,55.75,400,
09:46:05,55.75,400,
09:46:05,55.76,500,
09:46:05,55.76,400,
09:46:05,55.74,500,
09:46:05,55.74,100,
09:46:05,55.74,220,
09:46:05,55.74,120,
09:46:06,55.74,100,
09:46:06,55.74,180,
09:46:06,55.74,200,
09:46:06,55.74,200,
09:46:06,55.74,200,
09:46:07,55.745,300,
09:46:07,55.7472,200,
09:46:07,55.749,500,
09:46:07,55.74,500,
09:46:07,55.749,2000,
09:46:07,55.74,300,
09:46:10,55.74,1500,
09:46:10,55.74,300,
09:46:10,55.74,100,
09:46:10,55.74,400,
09:46:10,55.74,200,
09:46:10,55.74,1000,
09:46:10,55.74,200,
09:46:10,55.74,400,
09:46:10,55.74,400,
09:46:10,55.74,600,
09:46:10,55.74,200,
09:46:11,55.74,100,
09:46:11,55.74,100,
09:46:11,55.73,200,
09:46:11,55.73,400,
09:46:11,55.73,600,
09:46:13,55.74,200,
09:46:13,55.74,200,
09:46:14,55.74,100,
09:46:14,55.74,300,
09:46:14,55.74,200,
09:46:16,55.74,100,
09:46:16,55.74,200,
09:46:16,55.74,200,
09:46:18,55.7333,100,
09:46:19,55.73,400,
09:46:19,55.71,1500,
09:46:19,55.71,700,
09:46:19,55.72,100,
09:46:20,55.71,200,
09:46:20,55.71,200,
09:46:21,55.72,100,
09:46:22,55.72,200,
09:46:23,55.73,100,
09:46:23,55.73,100,
09:46:25,55.724,3100,
09:46:25,55.72,200,
09:46:25,55.72,100,
09:46:25,55.72,1200,
09:46:25,55.72,200,
09:46:25,55.72,400,
09:46:25,55.72,100,
09:46:25,55.72,400,
09:46:25,55.72,2100,
09:46:25,55.72,200,
09:46:25,55.72,300,
09:46:25,55.72,300,
09:46:25,55.72,200,
09:46:25,55.72,500,
09:46:25,55.72,600,
09:46:25,55.72,600,
09:46:25,55.72,200,
09:46:25,55.72,200,
09:46:25,55.72,400,
09:46:25,55.72,215,
09:46:25,55.72,200,
09:46:25,55.72,200,
09:46:25,55.72,100,
09:46:25,55.72,200,
09:46:27,55.71,600,
09:46:27,55.72,600,
09:46:33,55.72,100,
09:46:33,55.72,100,
09:46:33,55.72,200,
09:46:34,55.73,100,
09:46:34,55.73,400,
09:46:34,55.73,200,
09:46:35,55.74,100,
09:46:35,55.74,100,
09:46:35,55.74,100,
09:46:36,55.74,300,
09:46:36,55.74,700,
09:46:36,55.73,500,
09:46:37,55.73,200,
09:46:38,55.73,100,
09:46:38,55.73,700,
09:46:39,55.7393,400,
09:46:41,55.72,500,
09:46:42,55.71,200,
09:46:44,55.71,100,
09:46:45,55.72,200,
09:46:45,55.72,500,
09:46:45,55.72,100,
09:46:45,55.72,500,
09:46:48,55.73,100,
09:46:51,55.72,400,
09:46:51,55.72,400,
09:46:52,55.7284,200,
09:46:53,55.73,100,
09:46:53,55.74,100,
09:46:55,55.74,225,
09:46:56,55.75,200,
09:46:57,55.75,200,
09:46:57,55.76,200,
09:46:57,55.76,100,
09:46:57,55.76,161,
09:46:57,55.76,161,
09:46:57,55.76,190,
09:46:58,55.7684,200,
09:46:59,55.76,100,
09:47:00,55.77,600,
09:47:00,55.76,840,
09:47:00,55.76,340,
09:47:01,55.76,600,
09:47:04,55.76,200,
09:47:06,55.77,600,
09:47:07,55.77,400,
09:47:07,55.77,400,
09:47:07,55.77,500,
09:47:07,55.77,300,
09:47:08,55.77,100,
09:47:09,55.76,600,
09:47:10,55.77,400,
09:47:11,55.76,100,
09:47:14,55.77,100,
09:47:14,55.77,500,
09:47:18,55.76,400,
09:47:19,55.75,100,
09:47:19,55.75,200,
09:47:19,55.75,100,
09:47:19,55.746,600,
09:47:20,55.75,400,
09:47:20,55.75,200,
09:47:20,55.75,100,
09:47:23,55.74,200,
09:47:23,55.74,400,
09:47:23,55.74,400,
09:47:25,55.74,200,
09:47:25,55.74,200,
09:47:25,55.74,400,
09:47:25,55.73,200,
09:47:25,55.73,100,
09:47:27,55.74,100,
09:47:29,55.7499,1800,
09:47:32,55.75,400,
09:47:33,55.76,300,
09:47:33,55.76,400,
09:47:33,55.76,2200,
09:47:34,55.77,400,
09:47:35,55.76,200,
09:47:35,55.76,100,
09:47:40,55.7501,2500,
09:47:40,55.76,100,
09:47:40,55.76,400,
09:47:40,55.76,100,
09:47:41,55.77,600,
09:47:42,55.76,100,
09:47:42,55.76,200,
09:47:46,55.75,300,
09:47:46,55.75,400,
09:47:46,55.75,600,
09:47:46,55.74,500,
09:47:47,55.74,588,
09:47:47,55.73,200,
09:47:51,55.75,200,
09:47:51,55.75,100,
09:47:56,55.75,100,
09:48:01,55.74,500,
09:48:01,55.7301,200,
09:48:02,55.7485,300,
09:48:04,55.74,400,
09:48:04,55.74,600,
09:48:08,55.73,200,
09:48:08,55.73,300,
09:48:08,55.73,600,
09:48:08,55.7303,200,
09:48:15,55.7177,100,
09:48:15,55.719,300,
09:48:16,55.72,100,
09:48:16,55.72,500,
09:48:16,55.72,100,
09:48:17,55.719,1000,
09:48:19,55.72,200,
09:48:21,55.72,200,
09:48:29,55.7275,100,
09:48:29,55.73,100,
09:48:32,55.72,200,
09:48:32,55.72,500,
09:48:32,55.72,500,
09:48:32,55.71,100,
09:48:32,55.71,100,
09:48:32,55.71,100,
09:48:32,55.71,100,
09:48:33,55.715,100,
09:48:35,55.72,100,
09:48:35,55.72,400,
09:48:37,55.72,100,
09:48:37,55.72,150,
09:48:38,55.72,200,
09:48:38,55.72,600,
09:48:39,55.72,300,
09:48:39,55.71,400,
09:48:39,55.72,200,
09:48:39,55.72,200,
09:48:39,55.72,400,
09:48:39,55.72,400,
09:48:39,55.72,800,
09:48:39,55.72,1000,
09:48:39,55.71,100,
09:48:39,55.71,300,
09:48:39,55.71,500,
09:48:39,55.72,500,
09:48:41,55.717,100,
09:48:45,55.7199,2500,
09:48:48,55.71,100,
09:48:48,55.71,400,
09:48:48,55.70,100,
09:48:48,55.70,500,
09:48:50,55.70,400,
09:48:50,55.70,200,
09:48:50,55.70,400,
09:48:51,55.69,200,
09:48:51,55.69,100,
09:48:52,55.68,400,
09:48:52,55.67,300,
09:48:53,55.67,2000,
09:48:53,55.675,100,
09:48:53,55.68,100,
09:48:53,55.68,100,
09:48:53,55.68,100,
09:48:54,55.68,100,
09:48:57,55.6701,3000,
09:48:59,55.68,100,
09:48:59,55.68,100,
09:49:00,55.6898,2500,
09:49:04,55.66,100,
09:49:04,55.66,200,
09:49:04,55.65,200,
09:49:04,55.65,300,
09:49:05,55.645,100,
09:49:05,55.64,100,
09:49:05,55.651,300,
09:49:06,55.6437,200,
09:49:07,55.65,200,
09:49:07,55.65,200,
09:49:07,55.65,400,
09:49:08,55.6595,500,
09:49:09,55.64,200,
09:49:10,55.62,200,
09:49:10,55.62,100,
09:49:10,55.62,2000,
09:49:10,55.62,261,
09:49:11,55.63,200,
09:49:11,55.63,600,
09:49:11,55.62,300,
09:49:12,55.63,1000,
09:49:12,55.63,800,
09:49:12,55.63,200,
09:49:12,55.63,226,
09:49:14,55.62,100,
09:49:15,55.6201,300,
09:49:16,55.63,100,
09:49:16,55.63,600,
09:49:18,55.64,100,
09:49:18,55.64,300,
09:49:18,55.65,100,
09:49:18,55.65,100,
09:49:18,55.65,100,
09:49:18,55.65,100,
09:49:18,55.65,100,
09:49:18,55.65,100,
09:49:18,55.65,100,
09:49:18,55.65,100,
09:49:18,55.65,100,
09:49:18,55.65,100,
09:49:18,55.65,100,
09:49:18,55.65,200,
09:49:18,55.65,100,
09:49:18,55.65,100,
09:49:18,55.64,600,
09:49:19,55.63,5000,
09:49:19,55.63,200,
09:49:19,55.63,500,
09:49:19,55.63,200,
09:49:22,55.64,100,
09:49:22,55.65,300,
09:49:22,55.66,208,
09:49:22,55.66,183,
09:49:23,55.67,200,
09:49:23,55.67,200,
09:49:23,55.67,300,
09:49:23,55.67,100,
09:49:23,55.67,600,
09:49:23,55.67,100,
09:49:24,55.66,300,
09:49:24,55.66,100,
09:49:24,55.66,200,
09:49:25,55.66,200,
09:49:26,55.67,200,
09:49:29,55.67,200,
09:49:29,55.66,400,
09:49:29,55.66,100,
09:49:30,55.6695,1000,
09:49:34,55.645,100,
09:49:34,55.65,200,
09:49:36,55.659,2900,
09:49:37,55.66,100,
09:49:37,55.66,300,
09:49:37,55.66,670,
09:49:37,55.66,179,
09:49:37,55.66,101,
09:49:37,55.67,100,
09:49:37,55.67,100,
09:49:38,55.67,200,
09:49:38,55.66,400,
09:49:39,55.66,100,
09:49:39,55.67,900,
09:49:39,55.67,400,
09:49:39,55.67,500,
09:49:40,55.67,600,
09:49:40,55.68,400,
09:49:40,55.68,600,
09:49:40,55.68,115,
09:49:41,55.6894,400,
09:49:41,55.689,1000,
09:49:41,55.682,1000,
09:49:45,55.68,189,
09:49:45,55.68,189,
09:49:47,55.70,180,
09:49:48,55.72,213,
09:49:48,55.72,200,
09:49:49,55.71,600,
09:49:51,55.71,600,
09:49:52,55.71,100,
09:49:52,55.71,200,
09:49:52,55.71,100,
09:49:52,55.71,217,
09:49:52,55.71,199,
09:49:55,55.72,200,
09:49:55,55.72,100,
09:49:58,55.72,100,
09:49:58,55.72,500,
09:49:58,55.72,700,
09:49:58,55.73,200,
09:50:00,55.74,300,
09:50:01,55.75,100,
09:50:01,55.75,400,
09:50:01,55.75,380,
09:50:02,55.75,100,
09:50:02,55.75,100,
09:50:02,55.75,100,
09:50:02,55.75,100,
09:50:02,55.75,100,
09:50:11,55.76,100,
09:50:11,55.75,100,
09:50:11,55.75,100,
09:50:11,55.75,100,
09:50:11,55.75,100,
09:50:12,55.76,500,
09:50:14,55.7587,1700,
09:50:17,55.77,200,
09:50:17,55.77,100,
09:50:17,55.78,200,
09:50:17,55.78,100,
09:50:17,55.78,100,
09:50:17,55.78,100,
09:50:17,55.78,100,
09:50:17,55.78,100,
09:50:17,55.78,100,
09:50:17,55.78,100,
09:50:17,55.78,100,
09:50:17,55.78,100,
09:50:17,55.78,100,
09:50:17,55.78,100,
09:50:17,55.78,600,
09:50:17,55.78,383,
09:50:18,55.77,100,
09:50:22,55.77,200,
09:50:24,55.77,313,
09:50:24,55.7615,362,
09:50:27,55.78,100,
09:50:27,55.78,100,
09:50:30,55.78,100,
09:50:31,55.78,400,
09:50:31,55.78,400,
09:50:31,55.78,200,
09:50:31,55.78,287,
09:50:31,55.78,187,
09:50:31,55.79,400,
09:50:31,55.79,100,
09:50:31,55.79,2200,
09:50:32,55.7982,100,
09:50:32,55.80,600,
09:50:32,55.80,100,
09:50:32,55.7905,1000,
09:50:32,55.80,813,
09:50:33,55.81,100,
09:50:34,55.80,200,
09:50:34,55.80,100,
09:50:34,55.80,400,
09:50:35,55.80,100,
09:50:35,55.80,400,
09:50:36,55.809,1000,
09:50:36,55.80,200,
09:50:36,55.80,500,
09:50:37,55.81,767,
09:50:37,55.81,800,
09:50:37,55.81,100,
09:50:37,55.81,100,
09:50:39,55.81,100,
09:50:39,55.81,500,
09:50:39,55.80,400,
09:50:39,55.80,200,
09:50:40,55.79,400,
09:50:40,55.79,100,
09:50:40,55.79,200,
09:50:40,55.79,200,
09:50:40,55.79,100,
09:50:41,55.80,100,
09:50:42,55.805,200,
09:50:46,55.8281,178,
09:50:46,55.8263,300,
09:50:47,55.82,400,
09:50:48,55.81,434,
09:50:48,55.81,300,
09:50:49,55.82,300,
09:50:49,55.82,300,
09:50:53,55.81,100,
09:50:53,55.81,300,
09:50:55,55.80,400,
09:50:55,55.80,200,
09:50:55,55.80,1000,
09:50:55,55.80,400,
09:50:55,55.79,200,
09:50:55,55.79,1100,
09:50:55,55.79,600,
09:50:55,55.79,3400,
09:50:55,55.79,200,
09:50:55,55.79,200,
09:50:55,55.79,200,
09:50:55,55.79,500,
09:50:55,55.79,400,
09:50:55,55.79,400,
09:50:55,55.79,600,
09:50:55,55.79,600,
09:50:55,55.79,300,
09:50:55,55.79,100,
09:50:55,55.79,100,
09:50:55,55.79,100,
09:50:55,55.79,100,
09:50:55,55.79,100,
09:50:55,55.79,200,
09:50:55,55.79,400,
09:50:55,55.79,600,
09:50:55,55.79,200,
09:50:55,55.79,400,
09:50:55,55.79,200,
09:50:56,55.7801,100,
09:50:56,55.78,100,
09:50:56,55.78,100,
09:50:56,55.78,100,
09:50:56,55.78,3800,
09:50:56,55.78,600,
09:50:56,55.78,200,
09:50:56,55.78,800,
09:50:56,55.78,100,
09:50:56,55.78,600,
09:50:56,55.78,800,
09:50:56,55.78,200,
09:50:56,55.78,200,
09:50:57,55.79,100,
09:51:00,55.79,500,
09:51:00,55.79,101,
09:51:00,55.79,200,
09:51:00,55.79,200,
09:51:00,55.79,500,
09:51:00,55.79,500,
09:51:00,55.79,400,
09:51:00,55.79,100,
09:51:00,55.79,400,
09:51:00,55.79,1000,
09:51:00,55.789,300,
09:51:00,55.78,200,
09:51:00,55.78,400,
09:51:00,55.78,200,
09:51:00,55.78,400,
09:51:01,55.78,100,
09:51:01,55.78,200,
09:51:01,55.78,300,
09:51:01,55.78,400,
09:51:01,55.78,200,
09:51:01,55.78,100,
09:51:01,55.78,200,
09:51:01,55.78,400,
09:51:01,55.78,100,
09:51:05,55.79,101,
09:51:05,55.79,200,
09:51:05,55.79,200,
09:51:05,55.79,195,
09:51:07,55.78,100,
09:51:09,55.7881,300,
09:51:12,55.78,117,
09:51:15,55.78,100,
09:51:16,55.78,200,
09:51:18,55.789,350,
09:51:22,55.79,434,
09:51:22,55.79,100,
09:51:22,55.79,200,
09:51:32,55.7871,400,
09:51:37,55.80,200,
09:51:38,55.80,100,
09:51:38,55.81,100,
09:51:38,55.81,100,
09:51:38,55.81,300,
09:51:38,55.81,100,
09:51:38,55.81,100,
09:51:38,55.81,400,
09:51:38,55.81,600,
09:51:38,55.81,1000,
09:51:38,55.81,100,
09:51:38,55.81,199,
09:51:38,55.81,200,
09:51:38,55.81,500,
09:51:38,55.81,100,
09:51:38,55.81,1630,
09:51:38,55.81,500,
09:51:38,55.80,200,
09:51:38,55.80,100,
09:51:38,55.80,200,
09:51:38,55.80,392,
09:51:38,55.80,100,
09:51:38,55.80,179,
09:51:38,55.80,900,
09:51:42,55.80,200,
09:51:42,55.80,100,
09:51:42,55.80,100,
09:51:42,55.80,100,
09:51:43,55.81,200,
09:51:43,55.81,100,
09:51:43,55.81,800,
09:51:45,55.81,100,
09:51:51,55.83,100,
09:51:58,55.84,100,
09:52:00,55.85,400,
09:52:00,55.85,1000,
09:52:00,55.85,600,
09:52:00,55.85,300,
09:52:00,55.85,500,
09:52:00,55.85,200,
09:52:02,55.85,100,
09:52:02,55.85,600,
09:52:03,55.86,100,
09:52:03,55.85,800,
09:52:03,55.86,100,
09:52:05,55.86,500,
09:52:07,55.851,100,
09:52:07,55.87,200,
09:52:07,55.87,200,
09:52:07,55.87,200,
09:52:09,55.86,305,
09:52:09,55.85,100,
09:52:09,55.85,100,
09:52:13,55.84,300,
09:52:13,55.84,100,
09:52:14,55.84,100,
09:52:14,55.84,100,
09:52:14,55.84,600,
09:52:15,55.84,200,
09:52:15,55.84,500,
09:52:15,55.84,300,
09:52:17,55.84,200,
09:52:19,55.84,300,
09:52:23,55.84,100,
09:52:24,55.85,100,
09:52:24,55.85,100,
09:52:26,55.85,100,
09:52:26,55.85,600,
09:52:26,55.84,209,
09:52:29,55.84,300,
09:52:29,55.84,100,
09:52:30,55.8332,200,
09:52:33,55.83,151,
09:52:34,55.84,100,
09:52:34,55.84,100,
09:52:34,55.84,100,
09:52:34,55.84,100,
09:52:34,55.84,100,
09:52:34,55.84,400,
09:52:34,55.84,500,
09:52:34,55.84,600,
09:52:34,55.84,100,
09:52:34,55.84,100,
09:52:34,55.84,100,
09:52:34,55.84,400,
09:52:34,55.84,400,
09:52:34,55.84,200,
09:52:34,55.84,100,
09:52:34,55.84,100,
09:52:34,55.84,100,
09:52:34,55.84,200,
09:52:34,55.85,100,
09:52:34,55.84,100,
09:52:36,55.83,125,
09:52:36,55.83,225,
09:52:36,55.83,139,
09:52:36,55.83,163,
09:52:37,55.83,900,
09:52:37,55.84,300,
09:52:39,55.83,400,
09:52:41,55.8326,200,
09:52:41,55.8323,400,
09:52:41,55.8321,300,
09:52:41,55.832,500,
09:52:41,55.832,500,
09:52:42,55.835,100,
09:52:42,55.835,300,
09:52:42,55.83,300,
09:52:44,55.83,100,
09:52:44,55.83,600,
09:52:44,55.83,200,
09:52:45,55.82,300,
09:52:45,55.81,168,
09:52:49,55.82,400,
09:52:50,55.82,100,
09:52:50,55.81,500,
09:52:50,55.81,500,
09:52:50,55.81,500,
09:52:50,55.81,1700,
09:52:50,55.82,100,
09:52:50,55.82,500,
09:52:50,55.82,100,
09:52:50,55.82,100,
09:52:51,55.83,500,
09:52:51,55.83,300,
09:52:51,55.83,100,
09:52:52,55.83,100,
09:52:52,55.83,100,
09:52:55,55.831,307,
09:52:56,55.83,100,
09:52:56,55.83,600,
09:52:56,55.83,100,
09:52:58,55.82,299,
09:52:58,55.82,100,
09:52:58,55.81,100,
09:52:58,55.81,100,
09:52:59,55.81,300,
09:52:59,55.81,800,
09:52:59,55.81,1000,
09:52:59,55.81,400,
09:52:59,55.81,200,
09:52:59,55.81,1630,
09:52:59,55.81,430,
09:52:59,55.81,200,
09:53:00,55.82,600,
09:53:00,55.82,300,
09:53:00,55.82,300,
09:53:01,55.83,100,
09:53:02,55.84,600,
09:53:02,55.84,100,
09:53:02,55.84,600,
09:53:02,55.84,700,
09:53:02,55.84,300,
09:53:02,55.83,400,
09:53:02,55.83,900,
09:53:02,55.83,400,
09:53:02,55.83,300,
09:53:02,55.83,100,
09:53:02,55.83,199,
09:53:03,55.83,300,
09:53:04,55.83,200,
09:53:05,55.83,200,
09:53:06,55.82,100,
09:53:06,55.82,100,
09:53:06,55.82,200,
09:53:06,55.82,100,
09:53:06,55.82,600,
09:53:06,55.82,100,
09:53:06,55.82,100,
09:53:06,55.82,400,
09:53:07,55.81,600,
09:53:07,55.81,100,
09:53:07,55.80,100,
09:53:07,55.80,100,
09:53:07,55.80,600,
09:53:07,55.80,200,
09:53:07,55.80,105,
09:53:07,55.81,100,
09:53:07,55.81,700,
09:53:07,55.8119,200,
09:53:08,55.81,100,
09:53:10,55.82,101,
09:53:10,55.82,200,
09:53:15,55.82,100,
09:53:18,55.82,327,
09:53:19,55.81,200,
09:53:21,55.82,600,
09:53:24,55.82,200,
09:53:25,55.82,500,
09:53:25,55.82,100,
09:53:26,55.82,400,
09:53:26,55.82,100,
09:53:27,55.81,100,
09:53:27,55.81,200,
09:53:27,55.81,400,
09:53:27,55.81,600,
09:53:27,55.80,189,
09:53:27,55.80,225,
09:53:28,55.80,200,
09:53:29,55.80,600,
09:53:34,55.81,600,
09:53:34,55.805,100,
09:53:34,55.81,100,
09:53:35,55.81,200,
09:53:35,55.81,100,
09:53:37,55.81,1000,
09:53:37,55.81,200,
09:53:37,55.81,200,
09:53:38,55.79,457,
09:53:38,55.79,100,
09:53:38,55.79,100,
09:53:38,55.79,100,
09:53:38,55.79,1400,
09:53:38,55.79,339,
09:53:39,55.78,200,
09:53:42,55.79,200,
09:53:42,55.79,100,
09:53:42,55.79,100,
09:53:43,55.80,500,
09:53:43,55.80,100,
09:53:43,55.799,100,
09:53:43,55.799,1000,
09:53:44,55.79,200,
09:53:44,55.79,200,
09:53:44,55.79,100,
09:53:44,55.79,500,
09:53:47,55.79,100,
09:53:48,55.79,200,
09:53:48,55.79,200,
09:53:48,55.79,100,
09:53:49,55.79,100,
09:53:50,55.79,200,
09:53:54,55.79,300,
09:53:54,55.79,100,
09:53:54,55.79,400,
09:54:00,55.79,200,
09:54:00,55.79,400,
09:54:06,55.7815,500,
09:54:06,55.7813,300,
09:54:06,55.78,1000,
09:54:06,55.78,100,
09:54:06,55.78,200,
09:54:06,55.78,300,
09:54:06,55.7829,300,
09:54:07,55.78,100,
09:54:07,55.78,200,
09:54:07,55.78,457,
09:54:07,55.78,300,
09:54:08,55.77,900,
09:54:08,55.77,100,
09:54:08,55.77,100,
09:54:08,55.77,500,
09:54:08,55.77,100,
09:54:09,55.76,400,
09:54:10,55.76,200,
09:54:10,55.751,250,
09:54:10,55.76,200,
09:54:10,55.76,100,
09:54:10,55.76,500,
09:54:10,55.77,100,
09:54:10,55.77,200,
09:54:10,55.77,100,
09:54:10,55.77,100,
09:54:10,55.77,200,
09:54:10,55.77,500,
09:54:11,55.77,300,
09:54:11,55.77,300,
09:54:11,55.77,100,
09:54:12,55.75,1000,
09:54:14,55.77,300,
09:54:14,55.77,100,
09:54:15,55.77,100,
09:54:15,55.78,128,
09:54:16,55.78,472,
09:54:22,55.79,3400,
09:54:22,55.79,200,
09:54:22,55.79,200,
09:54:22,55.79,200,
09:54:22,55.79,600,
09:54:22,55.79,1000,
09:54:22,55.79,200,
09:54:22,55.79,400,
09:54:22,55.79,200,
09:54:22,55.79,200,
09:54:22,55.79,128,
09:54:22,55.79,100,
09:54:22,55.7895,200,
09:54:22,55.7895,200,
09:54:22,55.7895,200,
09:54:22,55.7895,200,
09:54:22,55.79,300,
09:54:23,55.79,2300,
09:54:23,55.79,100,
09:54:23,55.79,375,
09:54:23,55.79,700,
09:54:23,55.79,600,
09:54:23,55.79,400,
09:54:23,55.79,200,
09:54:23,55.79,400,
09:54:24,55.79,200,
09:54:25,55.79,100,
09:54:26,55.80,400,
09:54:26,55.80,100,
09:54:27,55.8094,500,
09:54:27,55.8095,200,
09:54:27,55.8096,100,
09:54:27,55.81,400,
09:54:29,55.8101,2000,
09:54:29,55.81,172,
09:54:29,55.81,400,
09:54:29,55.80,600,
09:54:30,55.7991,200,
09:54:30,55.7991,200,
09:54:35,55.7866,500,
09:54:35,55.7866,200,
09:54:35,55.7868,200,
09:54:35,55.7869,200,
09:54:35,55.7872,400,
09:54:35,55.7874,1300,
09:54:38,55.79,400,
09:54:46,55.79,100,
09:54:48,55.785,100,
09:54:48,55.7875,100,
09:54:50,55.795,100,
09:54:50,55.80,300,
09:54:50,55.80,125,
09:54:50,55.81,100,
09:54:51,55.81,200,
09:54:51,55.81,200,
09:54:52,55.82,200,
09:54:53,55.82,400,
09:54:53,55.82,400,
09:54:53,55.82,100,
09:54:53,55.82,313,
09:54:53,55.82,100,
09:54:53,55.82,600,
09:54:53,55.81,600,
09:54:53,55.81,400,
09:54:54,55.80,338,
09:54:54,55.80,500,
09:54:54,55.80,400,
09:54:54,55.79,300,
09:54:54,55.79,300,
09:54:58,55.78,500,
09:54:58,55.78,400,
09:54:58,55.78,600,
09:54:58,55.78,400,
09:54:58,55.78,500,
09:54:59,55.77,287,
09:54:59,55.77,122,
09:54:59,55.77,100,
09:54:59,55.77,500,
09:54:59,55.77,100,
09:54:59,55.77,100,
09:55:00,55.77,400,
09:55:01,55.78,600,
09:55:02,55.78,100,
09:55:02,55.78,100,
09:55:06,55.79,600,
09:55:06,55.79,300,
09:55:06,55.80,100,
09:55:06,55.80,100,
09:55:06,55.80,200,
09:55:06,55.80,200,
09:55:09,55.81,100,
09:55:10,55.81,100,
09:55:10,55.81,3300,
09:55:10,55.81,660,
09:55:10,55.82,100,
09:55:10,55.82,600,
09:55:10,55.82,100,
09:55:10,55.82,200,
09:55:10,55.82,200,
09:55:10,55.82,512,
09:55:10,55.82,100,
09:55:10,55.81,400,
09:55:10,55.81,600,
09:55:10,55.81,100,
09:55:12,55.81,100,
09:55:15,55.81,200,
09:55:15,55.81,600,
09:55:15,55.81,600,
09:55:15,55.80,600,
09:55:15,55.80,600,
09:55:16,55.81,1000,
09:55:16,55.81,600,
09:55:19,55.81,100,
09:55:22,55.80,100,
09:55:22,55.80,100,
09:55:22,55.80,100,
09:55:22,55.80,400,
09:55:22,55.80,600,
09:55:22,55.80,100,
09:55:22,55.80,100,
09:55:22,55.80,800,
09:55:24,55.7975,150,
09:55:27,55.79,100,
09:55:28,55.80,100,
09:55:29,55.80,520,
09:55:29,55.80,100,
09:55:32,55.7999,200,
09:55:34,55.79,400,
09:55:34,55.79,100,
09:55:40,55.79,100,
09:55:44,55.783,200,
09:55:46,55.79,600,
09:55:46,55.79,600,
09:55:46,55.79,100,
09:55:46,55.80,200,
09:55:46,55.80,600,
09:55:47,55.80,100,
09:55:47,55.80,100,
09:55:48,55.80,100,
09:55:55,55.79,400,
09:55:55,55.79,200,
09:55:55,55.79,100,
09:55:55,55.79,100,
09:55:56,55.78,168,
09:55:59,55.79,500,
09:56:00,55.79,217,
09:56:00,55.79,218,
09:56:00,55.79,247,
09:56:01,55.79,100,
09:56:01,55.79,200,
09:56:05,55.79,200,
09:56:06,55.78,100,
09:56:15,55.78,200,
09:56:15,55.78,300,
09:56:15,55.78,300,
09:56:18,55.7875,100,
09:56:24,55.80,600,
09:56:26,55.80,111,
09:56:30,55.80,200,
09:56:32,55.80,100,
09:56:32,55.80,100,
09:56:32,55.80,100,
09:56:34,55.81,900,
09:56:38,55.81,100,
09:56:38,55.81,100,
09:56:38,55.81,200,
09:56:41,55.82,100,
09:56:45,55.8282,400,
09:56:45,55.83,400,
09:56:45,55.83,400,
09:56:48,55.82,200,
09:56:48,55.82,100,
09:56:50,55.81,300,
09:56:50,55.81,600,
09:56:50,55.81,500,
09:56:53,55.81,100,
09:56:56,55.81,200,
09:56:56,55.81,600,
09:57:00,55.80,200,
09:57:00,55.80,100,
09:57:00,55.80,600,
09:57:00,55.80,200,
09:57:00,55.78,100,
09:57:02,55.78,300,
09:57:02,55.779,200,
09:57:02,55.779,100,
09:57:03,55.79,200,
09:57:03,55.79,200,
09:57:03,55.79,300,
09:57:04,55.79,100,
09:57:04,55.79,100,
09:57:04,55.79,200,
09:57:04,55.78,600,
09:57:06,55.78,300,
09:57:06,55.79,600,
09:57:06,55.79,100,
09:57:10,55.79,300,
09:57:16,55.79,200,
09:57:16,55.79,200,
09:57:17,55.7901,100,
09:57:18,55.79,200,
09:57:18,55.78,400,
09:57:18,55.78,100,
09:57:25,55.81,100,
09:57:25,55.81,500,
09:57:25,55.81,200,
09:57:25,55.81,100,
09:57:25,55.81,100,
09:57:25,55.81,500,
09:57:26,55.80,800,
09:57:26,55.805,200,
09:57:27,55.80,100,
09:57:27,55.80,600,
09:57:27,55.80,100,
09:57:27,55.79,100,
09:57:30,55.7981,2500,
09:57:32,55.81,500,
09:57:32,55.81,100,
09:57:33,55.8016,100,
09:57:37,55.80,100,
09:57:37,55.80,400,
09:57:37,55.80,100,
09:57:38,55.80,100,
09:57:40,55.80,400,
09:57:40,55.80,200,
09:57:42,55.7985,100,
09:57:42,55.79,200,
09:57:42,55.79,200,
09:57:42,55.79,100,
09:57:42,55.79,500,
09:57:42,55.79,400,
09:57:42,55.79,400,
09:57:42,55.79,600,
09:57:42,55.79,900,
09:57:42,55.7904,500,
09:57:42,55.79,200,
09:57:42,55.79,100,
09:57:42,55.79,989,
09:57:42,55.79,200,
09:57:42,55.79,100,
09:57:45,55.80,600,
09:57:46,55.81,200,
09:57:46,55.81,400,
09:57:46,55.81,200,
09:57:47,55.81,300,
09:57:47,55.81,300,
09:57:48,55.80,100,
09:57:48,55.80,100,
09:57:48,55.80,600,
09:57:48,55.80,136,
09:57:48,55.80,200,
09:57:48,55.80,236,
09:57:50,55.80,100,
09:57:50,55.81,500,
09:57:50,55.81,400,
09:57:52,55.81,100,
09:57:52,55.81,600,
09:57:53,55.81,100,
09:57:54,55.8001,5300,
