09:30:00,57.83,100,
09:30:00,57.82,100,
09:30:00,57.82,400,
09:30:00,57.82,400,
09:30:00,57.82,2000,
09:30:00,57.82,500,
09:30:00,57.82,500,
09:30:00,57.82,400,
09:30:00,57.82,400,
09:30:00,57.82,400,
09:30:00,57.82,400,
09:30:00,57.82,500,
09:30:00,57.82,400,
09:30:00,57.82,400,
09:30:00,57.82,351,
09:30:00,57.82,500,
09:30:00,57.82,500,
09:30:00,57.82,500,
09:30:00,57.82,500,
09:30:00,57.82,2000,
09:30:00,57.82,200,
09:30:00,57.84,369,
09:30:00,57.84,400,
09:30:00,57.84,541,
09:30:00,57.84,324,
09:30:00,57.84,149,
09:30:00,57.84,400,
09:30:00,57.84,400,
09:30:00,57.84,200,
09:30:00,57.84,400,
09:30:00,57.85,200,
09:30:00,57.84,100,
09:30:00,57.84,500,
09:30:00,57.84,500,
09:30:00,57.86,400,
09:30:00,57.84,300,
09:30:00,57.86,600,
09:30:00,57.86,400,
09:30:00,57.85,600,
09:30:00,57.85,100,
09:30:00,57.85,200,
09:30:00,57.85,400,
09:30:00,57.85,100,
09:30:00,57.85,400,
09:30:00,57.85,403,
09:30:00,57.85,100,
09:30:00,57.85,400,
09:30:00,57.85,397,
09:30:01,57.85,400,
09:30:01,57.85,400,
09:30:01,57.85,100,
09:30:01,57.85,100,
09:30:01,57.85,1000,
09:30:01,57.84,200,
09:30:01,57.86,200,
09:30:01,57.87,100,
09:30:01,57.85,500,
09:30:01,57.84,100,
09:30:01,57.84,300,
09:30:01,57.82,210,
09:30:01,57.82,200,
09:30:01,57.82,100,
09:30:01,57.82,100,
09:30:01,57.82,1000,
09:30:01,57.82,402,
09:30:01,57.82,2600,
09:30:01,57.82,21045,
09:30:01,57.82,10500,
09:30:01,57.82,1000,
09:30:01,57.82,1000,
09:30:01,57.82,100,
09:30:01,57.82,15000,
09:30:01,57.82,100,
09:30:01,57.82,1000,
09:30:01,57.82,100,
09:30:01,57.82,1924,
09:30:01,57.82,350,
09:30:01,57.82,400,
09:30:01,57.82,1000,
09:30:01,57.82,100,
09:30:01,57.82,100,
09:30:01,57.82,100,
09:30:01,57.82,100,
09:30:01,57.82,100,
09:30:01,57.82,1000,
09:30:01,57.82,100,
09:30:01,57.82,482,
09:30:01,57.82,100,
09:30:01,57.82,200,
09:30:01,57.82,300,
09:30:01,57.82,1025,
09:30:01,57.82,100,
09:30:01,57.82,3000,
09:30:01,57.82,2000,
09:30:01,57.82,9700,
09:30:01,57.82,690,
09:30:01,57.82,1000,
09:30:01,57.82,1800,
09:30:01,57.82,100,
09:30:01,57.82,200,
09:30:01,57.82,1000,
09:30:01,57.82,2800,
09:30:01,57.82,8800,
09:30:01,57.82,100,
09:30:01,57.82,4000,
09:30:01,57.82,600,
09:30:01,57.82,100,
09:30:01,57.82,2031,
09:30:01,57.82,1040,
09:30:01,57.82,800,
09:30:01,57.82,100,
09:30:01,57.82,1500,
09:30:01,57.82,500,
09:30:01,57.82,1000,
09:30:01,57.82,1200,
09:30:01,57.82,850,
09:30:01,57.82,190,
09:30:01,57.82,690,
09:30:01,57.84,200,
09:30:01,57.82,1500,
09:30:01,57.82,230,
09:30:01,57.82,1000,
09:30:01,57.82,100,
09:30:01,57.82,2000,
09:30:01,57.82,165,
09:30:01,57.82,105,
09:30:01,57.84,200,
09:30:01,57.82,1729,
09:30:01,57.82,1000,
09:30:01,57.82,400,
09:30:01,57.82,925,
09:30:01,57.82,500,
09:30:01,57.82,3080,
09:30:01,57.82,3200,
09:30:01,57.82,700,
09:30:01,57.82,150,
09:30:01,57.82,200,
09:30:01,57.82,100,
09:30:01,57.82,1000,
09:30:01,57.82,103,
09:30:01,57.82,3900,
09:30:01,57.82,200,
09:30:01,57.82,170,
09:30:01,57.82,1000,
09:30:01,57.82,400,
09:30:01,57.82,140,
09:30:01,57.82,200,
09:30:01,57.82,100,
09:30:01,57.82,945,
09:30:01,57.82,400,
09:30:01,57.82,3380,
09:30:01,57.82,700,
09:30:01,57.82,3000,
09:30:01,57.82,12500,
09:30:01,57.82,1000,
09:30:01,57.82,200,
09:30:01,57.82,5000,
09:30:01,57.82,500,
09:30:01,57.82,300,
09:30:01,57.82,100,
09:30:01,57.82,500,
09:30:01,57.82,800,
09:30:01,57.82,1300,
09:30:01,57.82,330,
09:30:01,57.82,100,
09:30:01,57.82,200,
09:30:01,57.82,500,
09:30:01,57.82,330,
09:30:01,57.82,500,
09:30:01,57.82,100,
09:30:01,57.82,300,
09:30:01,57.82,500,
09:30:01,57.82,100,
09:30:01,57.82,192,
09:30:01,57.82,210,
09:30:01,57.82,3300,
09:30:01,57.82,3000,
09:30:01,57.82,500,
09:30:01,57.82,500,
09:30:01,57.82,300,
09:30:01,57.82,1000,
09:30:01,57.82,1000,
09:30:01,57.82,25000,
09:30:01,57.82,5000,
09:30:01,57.82,700,
09:30:01,57.82,100,
09:30:01,57.82,500,
09:30:01,57.82,296,
09:30:01,57.82,250,
09:30:01,57.82,300,
09:30:01,57.82,100,
09:30:01,57.82,200,
09:30:01,57.82,375,
09:30:01,57.82,175,
09:30:01,57.82,700,
09:30:01,57.82,1000,
09:30:01,57.82,100,
09:30:01,57.82,200,
09:30:01,57.82,125,
09:30:01,57.82,400,
09:30:01,57.82,100,
09:30:01,57.82,100,
09:30:01,57.82,1000,
09:30:01,57.82,1200,
09:30:01,57.82,400,
09:30:01,57.82,972,
09:30:01,57.82,100,
09:30:01,57.82,1000,
09:30:01,57.82,500,
09:30:01,57.82,1600,
09:30:01,57.82,110,
09:30:01,57.82,58600,
09:30:01,57.82,200,
09:30:01,57.82,255,
09:30:01,57.82,5000,
09:30:01,57.82,5000,
09:30:01,57.82,1000,
09:30:01,57.82,158,
09:30:01,57.82,100,
09:30:01,57.82,100,
09:30:01,57.82,1183,
09:30:01,57.82,430,
09:30:01,57.82,100,
09:30:01,57.82,2180,
09:30:01,57.82,500,
09:30:01,57.82,300,
09:30:01,57.82,350,
09:30:01,57.82,100,
09:30:01,57.82,110,
09:30:01,57.82,120,
09:30:01,57.85,9187,
09:30:01,57.8658,100,
09:30:01,57.8659,200,
09:30:01,57.8659,300,
09:30:01,57.8661,500,
09:30:01,57.8659,200,
09:30:01,57.8664,100,
09:30:01,57.87,100,
09:30:01,57.87,100,
09:30:01,57.87,100,
09:30:01,57.87,100,
09:30:01,57.87,100,
09:30:01,57.87,100,
09:30:01,57.87,100,
09:30:01,57.86,200,
09:30:01,57.87,100,
09:30:01,57.87,100,
09:30:01,57.87,100,
09:30:01,57.87,100,
09:30:01,57.87,100,
09:30:01,57.87,100,
09:30:02,57.86,100,
09:30:02,57.87,100,
09:30:02,57.86,100,
09:30:02,57.86,100,
09:30:02,57.86,100,
09:30:02,57.87,100,
09:30:02,57.87,100,
09:30:02,57.84,100,
09:30:02,57.87,100,
09:30:02,57.86,100,
09:30:02,57.87,100,
09:30:02,57.86,100,
09:30:02,57.86,100,
09:30:02,57.85,100,
09:30:02,57.8668,200,
09:30:03,57.8662,100,
09:30:03,57.84,500,
09:30:03,57.84,400,
09:30:03,57.84,100,
09:30:03,57.84,200,
09:30:03,57.84,400,
09:30:03,57.84,400,
09:30:03,57.84,400,
09:30:03,57.85,100,
09:30:03,57.85,500,
09:30:03,57.85,500,
09:30:03,57.85,100,
09:30:03,57.85,400,
09:30:03,57.85,400,
09:30:03,57.85,500,
09:30:03,57.85,400,
09:30:03,57.85,400,
09:30:03,57.86,400,
09:30:03,57.86,400,
09:30:03,57.86,400,
09:30:03,57.86,100,
09:30:03,57.86,400,
09:30:03,57.86,100,
09:30:03,57.86,100,
09:30:03,57.86,100,
09:30:03,57.86,500,
09:30:03,57.86,500,
09:30:03,57.86,300,
09:30:03,57.86,300,
09:30:03,57.87,200,
09:30:03,57.86,200,
09:30:03,57.86,200,
09:30:03,57.85,400,
09:30:03,57.85,200,
09:30:03,57.86,200,
09:30:03,57.86,100,
09:30:03,57.87,300,
09:30:03,57.86,100,
09:30:03,57.86,200,
09:30:03,57.87,400,
09:30:03,57.87,100,
09:30:03,57.87,100,
09:30:03,57.87,7700,
09:30:03,57.87,300,
09:30:03,57.87,200,
09:30:03,57.87,400,
09:30:03,57.87,200,
09:30:03,57.87,400,
09:30:03,57.87,100,
09:30:03,57.87,200,
09:30:03,57.87,200,
09:30:03,57.87,500,
09:30:03,57.87,400,
09:30:03,57.87,200,
09:30:03,57.87,100,
09:30:03,57.87,100,
09:30:03,57.87,200,
09:30:03,57.87,200,
09:30:03,57.87,189,
09:30:03,57.87,100,
09:30:03,57.87,100,
09:30:03,57.87,311,
09:30:03,57.87,200,
09:30:04,57.86,400,
09:30:05,57.84,1700,
09:30:05,57.86,200,
09:30:05,57.86,400,
09:30:05,57.86,400,
09:30:06,57.87,400,
09:30:06,57.87,500,
09:30:06,57.87,400,
09:30:06,57.87,200,
09:30:06,57.87,400,
09:30:06,57.87,100,
09:30:06,57.84,800,
09:30:06,57.87,100,
09:30:06,57.87,200,
09:30:06,57.86,700,
09:30:06,57.86,1400,
09:30:06,57.87,100,
09:30:06,57.87,100,
09:30:06,57.87,100,
09:30:06,57.87,100,
09:30:06,57.87,200,
09:30:06,57.87,200,
09:30:06,57.87,300,
09:30:06,57.86,100,
09:30:08,57.8689,200,
09:30:08,57.87,100,
09:30:08,57.8672,200,
09:30:08,57.8682,100,
09:30:10,57.8642,200,
09:30:11,57.86,100,
09:30:11,57.86,100,
09:30:12,57.87,100,
09:30:12,57.87,100,
09:30:12,57.87,400,
09:30:12,57.87,100,
09:30:12,57.87,300,
09:30:12,57.87,400,
09:30:12,57.87,500,
09:30:12,57.87,400,
09:30:12,57.87,100,
09:30:12,57.87,300,
09:30:12,57.87,200,
09:30:12,57.87,400,
09:30:12,57.87,400,
09:30:12,57.87,200,
09:30:12,57.87,200,
09:30:12,57.87,200,
09:30:12,57.87,500,
09:30:12,57.87,2600,
09:30:13,57.87,103,
09:30:15,57.88,100,
09:30:15,57.88,1000,
09:30:15,57.88,400,
09:30:15,57.89,100,
09:30:15,57.89,100,
09:30:15,57.89,400,
09:30:15,57.89,400,
09:30:15,57.89,400,
09:30:15,57.89,400,
09:30:16,57.89,100,
09:30:17,57.89,400,
09:30:17,57.89,200,
09:30:17,57.89,400,
09:30:17,57.89,100,
09:30:17,57.89,200,
09:30:17,57.89,200,
09:30:18,57.88,100,
09:30:18,57.88,100,
09:30:18,57.88,100,
09:30:18,57.88,100,
09:30:18,57.88,200,
09:30:18,57.88,100,
09:30:18,57.88,100,
09:30:18,57.88,100,
09:30:18,57.88,600,
09:30:18,57.88,200,
09:30:19,57.89,300,
09:30:19,57.865,372,
09:30:20,57.89,100,
09:30:20,57.89,100,
09:30:20,57.89,100,
09:30:20,57.89,100,
09:30:20,57.89,100,
09:30:20,57.89,200,
09:30:20,57.89,200,
09:30:20,57.89,200,
09:30:20,57.89,200,
09:30:20,57.89,178,
09:30:20,57.89,200,
09:30:20,57.89,100,
09:30:21,57.89,300,
09:30:21,57.89,900,
09:30:21,57.88,400,
09:30:21,57.88,400,
09:30:21,57.865,250,
09:30:21,57.8642,400,
09:30:22,57.87,200,
09:30:22,57.8699,200,
09:30:22,57.8699,100,
09:30:22,57.88,100,
09:30:22,57.88,100,
09:30:22,57.88,100,
09:30:22,57.866,200,
09:30:23,57.866,200,
09:30:23,57.8764,200,
09:30:23,57.87,200,
09:30:23,57.88,990,
09:30:23,57.89,100,
09:30:23,57.88,100,
09:30:23,57.8699,100,
09:30:24,57.87,700,
09:30:24,57.866,300,
09:30:27,57.8874,1000,
09:30:28,57.8893,100,
09:30:29,57.88,348,
09:30:29,57.87,400,
09:30:29,57.87,200,
09:30:31,57.88,100,
09:30:31,57.88,100,
09:30:34,57.8784,100,
09:30:35,57.879,200,
09:30:35,57.876,1000,
09:30:35,57.89,100,
09:30:36,57.8899,875,
09:30:36,57.8852,600,
09:30:37,57.87,200,
09:30:37,57.87,300,
09:30:37,57.88,200,
09:30:37,57.87,100,
09:30:37,57.87,5200,
09:30:37,57.87,300,
09:30:38,57.8852,200,
09:30:40,57.87,900,
09:30:40,57.87,200,
09:30:40,57.87,200,
09:30:40,57.87,200,
09:30:40,57.87,200,
09:30:40,57.87,200,
09:30:40,57.87,200,
09:30:40,57.87,274,
09:30:40,57.87,100,
09:30:40,57.87,100,
09:30:40,57.87,100,
09:30:41,57.8799,260,
09:30:41,57.86,200,
09:30:41,57.86,100,
09:30:41,57.86,300,
09:30:41,57.8664,100,
09:30:41,57.86,234,
09:30:41,57.86,100,
09:30:41,57.86,100,
09:30:42,57.85,530,
09:30:42,57.85,800,
09:30:43,57.85,300,
09:30:43,57.85,300,
09:30:43,57.8698,200,
09:30:43,57.8699,400,
09:30:43,57.8699,300,
09:30:43,57.8699,300,
09:30:43,57.8699,300,
09:30:43,57.8699,100,
09:30:43,57.8699,500,
09:30:43,57.8699,200,
09:30:43,57.8688,200,
09:30:43,57.8688,200,
09:30:43,57.8688,200,
09:30:43,57.8689,500,
09:30:43,57.87,200,
09:30:46,57.87,2200,
09:30:47,57.87,100,
09:30:47,57.86,200,
09:30:50,57.87,100,
09:30:52,57.86,100,
09:30:52,57.86,1200,
09:30:52,57.86,500,
09:30:53,57.8505,1300,
09:30:55,57.87,100,
09:30:55,57.8719,200,
09:30:55,57.87,900,
09:30:55,57.88,107,
09:30:55,57.88,100,
09:30:55,57.88,200,
09:30:57,57.88,200,
09:30:57,57.88,100,
09:30:57,57.87,100,
09:30:57,57.881,2500,
09:30:59,57.886,200,
09:31:01,57.89,100,
09:31:01,57.89,200,
09:31:01,57.89,100,
09:31:01,57.89,200,
09:31:02,57.88,300,
09:31:02,57.89,100,
09:31:02,57.90,200,
09:31:02,57.90,100,
09:31:04,57.90,150,
09:31:05,57.90,7070,
09:31:05,57.90,200,
09:31:05,57.90,500,
09:31:05,57.90,100,
09:31:05,57.90,100,
09:31:05,57.90,100,
09:31:05,57.90,100,
09:31:05,57.90,200,
09:31:05,57.90,100,
09:31:05,57.89,1000,
09:31:06,57.9005,1000,
09:31:07,57.90,100,
09:31:07,57.90,200,
09:31:07,57.90,6400,
09:31:09,57.91,100,
09:31:10,57.90,300,
09:31:10,57.90,200,
09:31:10,57.90,5700,
09:31:11,57.91,170,
09:31:11,57.92,500,
09:31:11,57.9158,300,
09:31:11,57.92,100,
09:31:12,57.91,400,
09:31:13,57.90,200,
09:31:14,57.91,100,
09:31:14,57.901,1400,
09:31:17,57.9099,100,
09:31:17,57.90,300,
09:31:18,57.91,164,
09:31:18,57.91,200,
09:31:19,57.91,100,
09:31:19,57.91,100,
09:31:20,57.9199,1927,
09:31:21,57.90,300,
09:31:22,57.90,200,
09:31:22,57.90,200,
09:31:22,57.90,300,
09:31:22,57.90,300,
09:31:22,57.90,300,
09:31:23,57.91,600,
09:31:23,57.91,300,
09:31:24,57.9116,500,
09:31:24,57.90,200,
09:31:25,57.90,100,
09:31:25,57.90,100,
09:31:25,57.89,2600,
09:31:25,57.89,252,
09:31:25,57.89,100,
09:31:25,57.89,400,
09:31:25,57.89,200,
09:31:25,57.8999,500,
09:31:25,57.91,650,
09:31:26,57.89,100,
09:31:26,57.89,100,
09:31:26,57.89,1000,
09:31:26,57.88,111,
09:31:26,57.88,218,
09:31:26,57.89,300,
09:31:26,57.89,250,
09:31:26,57.89,100,
09:31:26,57.88,300,
09:31:26,57.89,100,
09:31:27,57.89,200,
09:31:27,57.89,118,
09:31:27,57.89,500,
09:31:27,57.89,191,
09:31:28,57.88,100,
09:31:29,57.90,100,
09:31:29,57.90,100,
09:31:29,57.90,100,
09:31:29,57.90,570,
09:31:29,57.90,200,
09:31:29,57.909,100,
09:31:30,57.90,100,
09:31:31,57.90,190,
09:31:33,57.89,100,
09:31:33,57.89,100,
09:31:33,57.89,276,
09:31:33,57.89,300,
09:31:33,57.89,100,
09:31:33,57.8819,100,
09:31:35,57.89,500,
09:31:35,57.89,400,
09:31:37,57.88,5000,
09:31:37,57.88,5000,
09:31:37,57.88,1500,
09:31:37,57.88,500,
09:31:37,57.88,200,
09:31:37,57.88,200,
09:31:37,57.88,400,
09:31:37,57.88,100,
09:31:37,57.88,400,
09:31:37,57.88,300,
09:31:37,57.88,300,
09:31:37,57.88,1000,
09:31:37,57.88,1000,
09:31:37,57.88,500,
09:31:37,57.88,400,
09:31:37,57.88,100,
09:31:37,57.88,500,
09:31:37,57.88,200,
09:31:37,57.88,200,
09:31:37,57.88,100,
09:31:37,57.88,100,
09:31:37,57.88,100,
09:31:37,57.88,200,
09:31:37,57.88,200,
09:31:37,57.88,300,
09:31:37,57.88,200,
09:31:37,57.88,400,
09:31:37,57.88,500,
09:31:39,57.88,1000,
09:31:39,57.88,300,
09:31:39,57.88,100,
09:31:39,57.88,100,
09:31:39,57.88,1096,
09:31:39,57.879,100,
09:31:41,57.87,100,
09:31:41,57.88,100,
09:31:42,57.87,500,
09:31:42,57.87,1000,
09:31:43,57.88,2700,
09:31:43,57.89,100,
09:31:43,57.89,100,
09:31:43,57.90,100,
09:31:45,57.89,100,
09:31:46,57.90,300,
09:31:46,57.90,100,
09:31:47,57.89,271,
09:31:47,57.89,400,
09:31:50,57.92,1900,
09:31:52,57.89,500,
09:31:52,57.90,100,
09:31:52,57.90,100,
09:31:52,57.90,100,
09:31:52,57.90,1630,
09:31:58,57.89,500,
09:31:58,57.89,153,
09:31:58,57.89,100,
09:32:00,57.89,200,
09:32:00,57.89,500,
09:32:00,57.89,200,
09:32:01,57.8883,344,
09:32:02,57.88,100,
09:32:04,57.8833,100,
09:32:06,57.88,800,
09:32:06,57.88,1000,
09:32:06,57.88,200,
09:32:06,57.88,2271,
09:32:06,57.89,100,
09:32:06,57.889,1900,
09:32:07,57.88,100,
09:32:08,57.8823,100,
09:32:09,57.88,100,
09:32:10,57.87,478,
09:32:10,57.87,200,
09:32:10,57.87,1559,
09:32:10,57.87,250,
09:32:11,57.8699,2000,
09:32:11,57.87,100,
09:32:11,57.87,100,
09:32:11,57.87,100,
09:32:11,57.87,100,
09:32:11,57.87,100,
09:32:11,57.87,100,
09:32:11,57.87,100,
09:32:11,57.87,100,
09:32:11,57.87,100,
09:32:11,57.87,100,
09:32:12,57.88,1380,
09:32:12,57.88,380,
09:32:12,57.88,200,
09:32:12,57.88,500,
09:32:12,57.88,920,
09:32:12,57.88,500,
09:32:12,57.88,100,
09:32:12,57.88,200,
09:32:12,57.88,100,
09:32:12,57.88,100,
09:32:12,57.88,100,
09:32:12,57.88,100,
09:32:12,57.88,100,
09:32:12,57.88,100,
09:32:12,57.88,100,
09:32:12,57.88,100,
09:32:12,57.88,100,
09:32:12,57.88,100,
09:32:12,57.88,300,
09:32:12,57.88,1200,
09:32:12,57.88,200,
09:32:12,57.88,968,
09:32:12,57.88,100,
09:32:12,57.88,4362,
09:32:12,57.88,400,
09:32:12,57.88,200,
09:32:12,57.88,192,
09:32:12,57.88,100,
09:32:12,57.88,100,
09:32:12,57.88,100,
09:32:12,57.88,100,
09:32:12,57.88,100,
09:32:12,57.88,100,
09:32:12,57.88,100,
09:32:12,57.88,100,
09:32:12,57.88,100,
09:32:12,57.88,100,
09:32:12,57.885,175,
09:32:13,57.89,100,
09:32:13,57.89,100,
09:32:13,57.89,100,
09:32:13,57.89,100,
09:32:13,57.89,100,
09:32:13,57.89,100,
09:32:13,57.89,100,
09:32:13,57.89,100,
09:32:13,57.89,100,
09:32:13,57.89,100,
09:32:13,57.89,187,
09:32:13,57.89,200,
09:32:13,57.90,500,
09:32:14,57.89,200,
09:32:14,57.89,200,
09:32:14,57.89,100,
09:32:14,57.88,300,
09:32:14,57.8899,100,
09:32:15,57.899,500,
09:32:16,57.90,300,
09:32:18,57.90,400,
09:32:18,57.90,100,
09:32:18,57.90,100,
09:32:18,57.90,100,
09:32:18,57.90,100,
09:32:18,57.90,100,
09:32:18,57.90,100,
09:32:18,57.90,100,
09:32:18,57.90,100,
09:32:18,57.90,600,
09:32:18,57.90,100,
09:32:21,57.9099,100,
09:32:21,57.91,175,
09:32:21,57.91,100,
09:32:21,57.91,100,
09:32:21,57.91,100,
09:32:21,57.91,100,
09:32:21,57.91,100,
09:32:21,57.91,100,
09:32:21,57.91,100,
09:32:21,57.91,100,
09:32:21,57.92,500,
09:32:21,57.92,500,
09:32:21,57.92,900,
09:32:21,57.92,200,
09:32:21,57.9199,500,
09:32:21,57.92,100,
09:32:21,57.92,100,
09:32:21,57.9199,500,
09:32:21,57.9199,500,
09:32:21,57.9199,100,
09:32:22,57.9199,200,
09:32:22,57.9199,200,
09:32:25,57.92,11400,
09:32:27,57.92,100,
09:32:27,57.92,400,
09:32:27,57.92,100,
09:32:27,57.915,100,
09:32:27,57.92,200,
09:32:27,57.92,235,
09:32:27,57.92,400,
09:32:27,57.92,200,
09:32:27,57.92,200,
09:32:27,57.91,100,
09:32:28,57.93,400,
09:32:29,57.9258,100,
09:32:30,57.9283,500,
09:32:30,57.929,700,
09:32:31,57.92,100,
09:32:32,57.9217,2500,
09:32:33,57.93,200,
09:32:34,57.9299,500,
09:32:35,57.9299,2000,
09:32:36,57.92,154,
09:32:37,57.92,500,
09:32:37,57.93,100,
09:32:41,57.93,234,
09:32:41,57.93,200,
09:32:41,57.93,100,
09:32:41,57.93,100,
09:32:41,57.93,100,
09:32:41,57.925,100,
09:32:41,57.93,2200,
09:32:41,57.93,100,
09:32:41,57.93,100,
09:32:41,57.93,100,
09:32:42,57.93,500,
09:32:42,57.93,200,
09:32:42,57.93,200,
09:32:42,57.93,700,
09:32:43,57.93,100,
09:32:43,57.93,100,
09:32:46,57.9299,200,
09:32:47,57.94,100,
09:32:47,57.94,100,
09:32:47,57.934,2500,
09:32:47,57.93,400,
09:32:48,57.94,100,
09:32:49,57.936,200,
09:32:50,57.94,500,
09:32:50,57.9382,1000,
09:32:54,57.94,100,
09:32:54,57.94,100,
09:32:54,57.935,100,
09:32:54,57.94,100,
09:32:55,57.94,100,
09:32:56,57.94,600,
09:32:56,57.94,400,
09:32:57,57.9393,100,
09:32:59,57.93,400,
09:32:59,57.93,100,
09:32:59,57.93,100,
09:32:59,57.92,500,
09:32:59,57.92,100,
09:32:59,57.92,500,
09:32:59,57.92,600,
09:32:59,57.92,100,
09:32:59,57.92,175,
09:32:59,57.92,100,
09:32:59,57.92,400,
09:33:01,57.92,300,
09:33:01,57.92,400,
09:33:01,57.92,200,
09:33:01,57.92,100,
09:33:01,57.92,500,
09:33:03,57.92,100,
09:33:03,57.93,145,
09:33:03,57.93,1000,
09:33:03,57.93,200,
09:33:03,57.93,100,
09:33:03,57.93,100,
09:33:03,57.93,100,
09:33:03,57.93,100,
09:33:04,57.93,100,
09:33:05,57.929,100,
09:33:05,57.93,2100,
09:33:06,57.9364,100,
09:33:06,57.92,100,
09:33:09,57.92,600,
09:33:09,57.925,100,
09:33:10,57.94,100,
09:33:10,57.94,100,
09:33:10,57.94,100,
09:33:10,57.935,100,
09:33:15,57.9499,200,
09:33:16,57.95,100,
09:33:16,57.95,100,
09:33:16,57.96,200,
09:33:17,57.96,100,
09:33:18,57.96,100,
09:33:19,57.95,100,
09:33:20,57.96,400,
09:33:20,57.96,400,
09:33:20,57.96,100,
09:33:20,57.96,100,
09:33:20,57.96,100,
09:33:20,57.955,100,
09:33:23,57.97,300,
09:33:23,57.97,200,
09:33:23,57.97,100,
09:33:23,57.97,100,
09:33:23,57.97,100,
09:33:23,57.97,100,
09:33:23,57.97,300,
09:33:27,57.969,100,
09:33:27,57.969,2580,
09:33:27,57.9695,140,
09:33:28,57.96,400,
09:33:28,57.96,200,
09:33:28,57.96,7300,
09:33:28,57.96,100,
09:33:28,57.96,100,
09:33:28,57.96,2286,
09:33:28,57.95,1300,
09:33:28,57.95,500,
09:33:28,57.95,200,
09:33:28,57.95,500,
09:33:28,57.95,1500,
09:33:28,57.95,500,
09:33:28,57.95,100,
09:33:28,57.95,300,
09:33:28,57.95,2400,
09:33:28,57.95,1000,
09:33:28,57.94,100,
09:33:28,57.94,100,
09:33:28,57.94,500,
09:33:28,57.94,600,
09:33:28,57.95,100,
09:33:28,57.95,100,
09:33:28,57.95,100,
09:33:28,57.93,100,
09:33:28,57.94,100,
09:33:28,57.94,100,
09:33:28,57.94,1000,
09:33:28,57.93,100,
09:33:28,57.93,500,
09:33:28,57.93,500,
09:33:28,57.93,100,
09:33:28,57.93,2600,
09:33:28,57.93,1000,
09:33:28,57.93,200,
09:33:28,57.93,200,
09:33:28,57.93,200,
09:33:28,57.93,6202,
09:33:28,57.94,100,
09:33:28,57.94,100,
09:33:28,57.93,200,
09:33:28,57.93,100,
09:33:28,57.94,200,
09:33:29,57.93,100,
09:33:29,57.935,125,
09:33:31,57.94,100,
09:33:31,57.94,100,
09:33:31,57.94,100,
09:33:31,57.94,100,
09:33:32,57.9316,500,
09:33:32,57.94,500,
09:33:32,57.94,100,
09:33:33,57.946,600,
09:33:34,57.94,200,
09:33:36,57.9458,100,
09:33:36,57.94,100,
09:33:36,57.94,100,
09:33:36,57.94,100,
09:33:38,57.95,100,
09:33:38,57.94,100,
09:33:39,57.94,100,
09:33:39,57.94,100,
09:33:42,57.94,2533,
09:33:42,57.94,100,
09:33:42,57.94,100,
09:33:43,57.94,150,
09:33:44,57.9399,1000,
09:33:46,57.94,1100,
09:33:46,57.94,2525,
09:33:47,57.94,164,
09:33:47,57.94,100,
09:33:47,57.94,100,
09:33:47,57.93,100,
09:33:47,57.93,100,
09:33:47,57.93,100,
09:33:47,57.93,1800,
09:33:47,57.93,100,
09:33:50,57.93,400,
09:33:50,57.94,100,
09:33:50,57.93,200,
09:33:50,57.93,400,
09:33:50,57.93,300,
09:33:50,57.93,200,
09:33:50,57.93,400,
09:33:50,57.94,1000,
09:33:50,57.93,180,
09:33:51,57.93,400,
09:33:52,57.94,200,
09:33:52,57.94,100,
09:33:52,57.94,100,
09:33:52,57.94,100,
09:33:52,57.95,300,
09:33:54,57.94,211,
09:33:54,57.95,100,
09:33:58,57.94,135,
09:33:59,57.95,100,
09:33:59,57.95,100,
09:33:59,57.95,100,
09:33:59,57.95,100,
09:34:00,57.95,984,
09:34:00,57.95,5000,
09:34:00,57.95,300,
09:34:00,57.96,100,
09:34:00,57.96,100,
09:34:00,57.96,1630,
09:34:00,57.96,100,
09:34:01,57.94,300,
09:34:02,57.96,100,
09:34:05,57.96,100,
09:34:05,57.97,200,
09:34:05,57.97,100,
09:34:05,57.97,100,
09:34:05,57.97,100,
09:34:06,57.98,500,
09:34:06,57.98,200,
09:34:06,57.98,200,
09:34:06,57.98,200,
09:34:06,57.98,200,
09:34:06,57.98,100,
09:34:06,57.98,100,
09:34:06,57.98,700,
09:34:06,57.98,200,
09:34:06,57.98,100,
09:34:06,57.99,300,
09:34:06,57.9859,400,
09:34:06,57.9859,700,
09:34:06,57.9859,500,
09:34:06,57.9862,600,
09:34:06,57.9862,300,
09:34:06,57.9862,500,
09:34:07,57.98,400,
09:34:07,57.98,200,
09:34:07,57.98,100,
09:34:07,57.98,200,
09:34:08,57.9705,1000,
09:34:08,57.99,100,
09:34:08,57.99,200,
09:34:08,57.99,100,
09:34:08,57.99,100,
09:34:08,57.99,200,
09:34:08,57.97,400,
09:34:09,57.99,200,
09:34:09,57.99,100,
09:34:10,57.98,400,
09:34:11,57.99,800,
09:34:11,57.9801,400,
09:34:11,57.9801,200,
09:34:12,57.98,500,
09:34:12,57.98,500,
09:34:12,57.98,251,
09:34:12,57.98,100,
09:34:12,57.98,100,
09:34:12,57.98,100,
09:34:12,57.98,200,
09:34:12,57.98,100,
09:34:12,57.99,300,
09:34:12,57.99,500,
09:34:12,57.99,313,
09:34:12,57.99,100,
09:34:12,57.99,100,
09:34:12,57.99,100,
09:34:13,57.99,400,
09:34:13,57.99,400,
09:34:13,57.99,100,
09:34:13,57.99,468,
09:34:13,58,500,
09:34:13,58,302,
09:34:14,58,100,
09:34:14,58,125,
09:34:14,58,130,
09:34:14,58,620,
09:34:15,57.986,1650,
09:34:17,57.99,100,
09:34:17,57.99,100,
09:34:17,58,400,
09:34:17,58,500,
09:34:17,58,100,
09:34:17,58,200,
09:34:17,58,1000,
09:34:17,58,100,
09:34:17,58,700,
09:34:20,58,100,
09:34:20,58,300,
09:34:20,58,200,
09:34:21,58,100,
09:34:21,57.9999,200,
09:34:21,57.9999,100,
09:34:21,58,200,
09:34:21,57.99,100,
09:34:21,57.99,400,
09:34:21,57.99,600,
09:34:24,58,625,
09:34:24,58,100,
09:34:24,57.99,200,
09:34:24,57.99,300,
09:34:24,57.99,200,
09:34:24,57.99,570,
09:34:24,57.99,2600,
09:34:24,57.99,700,
09:34:24,57.99,3300,
09:34:25,57.9872,200,
09:34:25,57.989,300,
09:34:26,57.98,300,
09:34:26,57.98,100,
09:34:26,57.98,100,
09:34:26,57.98,100,
09:34:27,57.98,500,
09:34:27,57.98,300,
09:34:27,57.98,131,
09:34:27,57.9885,500,
09:34:28,57.97,232,
09:34:28,57.979,100,
09:34:31,57.97,800,
09:34:31,57.98,200,
09:34:31,57.98,100,
09:34:32,57.98,3000,
09:34:32,57.9799,200,
09:34:32,57.98,500,
09:34:32,57.98,2000,
09:34:34,57.98,300,
09:34:34,57.98,100,
09:34:34,57.98,300,
09:34:35,57.99,200,
09:34:35,57.9804,310,
09:34:36,57.98,413,
09:34:36,57.98,200,
09:34:36,57.98,1000,
09:34:36,57.98,200,
09:34:36,57.98,400,
09:34:36,57.98,100,
09:34:36,57.98,100,
09:34:38,57.98,200,
09:34:38,57.98,500,
09:34:38,57.98,300,
09:34:38,57.98,100,
09:34:40,57.981,1000,
09:34:42,57.99,100,
09:34:42,57.99,100,
09:34:42,57.99,300,
09:34:42,57.99,300,
09:34:44,57.99,200,
09:34:45,57.99,100,
09:34:45,57.99,200,
09:34:45,57.99,200,
09:34:45,57.99,100,
09:34:45,57.99,100,
09:34:45,57.99,100,
09:34:45,57.99,100,
09:34:45,57.99,100,
09:34:45,57.99,200,
09:34:45,57.99,1200,
09:34:45,57.99,573,
09:34:45,57.99,600,
09:34:45,57.99,119,
09:34:45,57.99,1200,
09:34:45,57.99,300,
09:34:45,57.99,200,
09:34:45,57.99,200,
09:34:45,57.99,1146,
09:34:45,57.99,200,
09:34:45,57.99,300,
09:34:45,58,476,
09:34:46,57.99,2200,
09:34:46,57.99,600,
09:34:46,57.99,300,
09:34:46,57.99,200,
09:34:46,57.99,600,
09:34:46,57.99,300,
09:34:46,57.99,100,
09:34:46,57.99,100,
09:34:46,57.99,129,
09:34:46,57.99,100,
09:34:46,57.99,800,
09:34:46,57.99,100,
09:34:46,57.99,500,
09:34:46,57.99,400,
09:34:46,57.99,300,
09:34:46,57.99,200,
09:34:46,57.99,200,
09:34:46,57.99,400,
09:34:46,57.99,600,
09:34:46,57.99,1510,
09:34:46,57.99,400,
09:34:46,57.99,200,
09:34:46,57.99,2606,
09:34:46,57.99,1594,
09:34:46,57.99,100,
09:34:46,57.99,400,
09:34:49,57.99,400,
09:34:49,57.99,200,
09:34:49,57.99,220,
09:34:49,57.99,4300,
09:34:49,57.99,1400,
09:34:49,57.99,780,
09:34:49,57.99,1100,
09:34:50,58,400,
09:34:50,58,200,
09:34:50,57.99,100,
09:34:50,58,100,
09:34:50,57.9999,900,
09:34:50,58,300,
09:34:50,57.9999,200,
09:34:50,57.9999,100,
09:34:50,57.9999,500,
09:34:50,58,100,
09:34:50,57.9999,100,
09:34:50,57.9999,300,
09:34:50,57.9999,100,
09:34:50,57.9878,1267,
09:34:51,57.99,100,
09:34:51,57.99,100,
09:34:51,57.99,200,
09:34:53,57.99,300,
09:34:53,57.99,200,
09:34:54,57.99,100,
09:34:54,57.99,200,
09:34:55,57.9805,500,
09:34:58,57.9893,200,
09:34:59,57.99,100,
09:34:59,57.99,800,
09:34:59,57.99,400,
09:34:59,57.99,400,
09:35:00,58,100,
09:35:00,58,833,
09:35:00,58,100,
09:35:00,58,900,
09:35:03,58,100,
09:35:03,58,1000,
09:35:03,58,200,
09:35:03,58,100,
09:35:03,58,100,
09:35:03,58,460,
09:35:04,58,100,
09:35:04,58,200,
09:35:05,58,500,
09:35:05,58,900,
09:35:05,58,100,
09:35:05,58,350,
09:35:05,58,100,
09:35:05,58,100,
09:35:05,58,500,
09:35:05,58,200,
09:35:05,58,150,
09:35:05,58,100,
09:35:05,57.99,100,
09:35:05,58,1200,
09:35:05,58,594,
09:35:05,58,100,
09:35:05,58,100,
09:35:05,58,100,
09:35:05,58,150,
09:35:05,58,4494,
09:35:05,58,145,
09:35:05,58,100,
09:35:05,58,300,
09:35:05,58,400,
09:35:05,58,700,
09:35:05,58,150,
09:35:05,58,787,
09:35:05,58,2000,
09:35:05,58,187,
09:35:05,58,200,
09:35:05,58,460,
09:35:05,58,400,
09:35:05,58,599,
09:35:05,58,200,
09:35:05,58,200,
09:35:05,58,140,
09:35:05,58,390,
09:35:05,58,300,
09:35:05,58,200,
09:35:05,58,100,
09:35:05,58,200,
09:35:05,58,100,
09:35:06,58.01,100,
09:35:06,58.01,100,
09:35:06,58,100,
09:35:06,58,100,
09:35:06,58,200,
09:35:06,58,136,
09:35:07,58.01,114,
09:35:07,58.01,100,
09:35:07,58.01,100,
09:35:07,58.01,100,
09:35:07,58.01,200,
09:35:07,58.01,200,
09:35:08,58.02,100,
09:35:08,58.02,100,
09:35:08,58.02,100,
09:35:08,58.02,600,
09:35:08,58.02,300,
09:35:08,58.02,400,
09:35:08,58.02,400,
09:35:08,58.02,100,
09:35:08,58.02,100,
09:35:08,58.02,300,
09:35:08,58.02,136,
09:35:08,58.02,336,
09:35:08,58.02,136,
09:35:08,58.02,264,
09:35:08,58.02,400,
09:35:08,58.02,500,
09:35:08,58.02,200,
09:35:08,58.02,200,
09:35:08,58.02,212,
09:35:08,58.02,400,
09:35:08,58.02,600,
09:35:08,58.02,600,
09:35:08,58.02,1500,
09:35:08,58.02,1700,
09:35:08,58.02,300,
09:35:09,58.0299,1000,
09:35:11,58.02,100,
09:35:13,58.02,100,
09:35:13,58.02,100,
09:35:13,58.02,961,
09:35:13,58.02,500,
09:35:13,58.02,361,
09:35:13,58.02,761,
09:35:13,58.02,100,
09:35:13,58.02,400,
09:35:13,58.02,1400,
09:35:13,58.02,400,
09:35:13,58.02,100,
09:35:13,58.02,300,
09:35:14,58.0201,1500,
09:35:14,58.0273,100,
09:35:14,58.029,200,
09:35:15,58.03,16700,
09:35:16,58.03,100,
09:35:16,58.03,300,
09:35:16,58.03,100,
09:35:16,58.03,100,
09:35:16,58.03,100,
09:35:16,58.03,100,
09:35:16,58.03,600,
09:35:16,58.03,200,
09:35:16,58.03,200,
09:35:16,58.03,300,
09:35:18,58.0252,400,
09:35:18,58.02,500,
09:35:18,58.03,400,
09:35:19,58.02,462,
09:35:21,58.02,100,
09:35:21,58.02,100,
09:35:21,58.02,100,
09:35:22,58.02,400,
09:35:23,58.018,100,
09:35:23,58.019,200,
09:35:23,58.02,400,
09:35:23,58.02,493,
09:35:23,58.01,600,
09:35:23,58.01,1000,
09:35:23,58.01,400,
09:35:23,58.01,200,
09:35:23,58.01,700,
09:35:23,58.01,100,
09:35:23,58.01,100,
09:35:23,58.01,100,
09:35:23,58.01,400,
09:35:23,58.019,1000,
09:35:24,58.01,300,
09:35:24,58,600,
09:35:28,58,100,
09:35:28,58,200,
09:35:28,58,600,
09:35:28,58,100,
09:35:28,58.0003,200,
09:35:28,58,700,
09:35:28,58.0003,200,
09:35:28,58.0002,200,
09:35:28,58.0002,700,
09:35:28,58,400,
09:35:28,58,267,
09:35:28,58,300,
09:35:29,58,423,
09:35:29,58,100,
09:35:29,58,100,
09:35:29,58,300,
09:35:29,58.0002,500,
09:35:31,58,300,
09:35:31,58,300,
09:35:31,58,2100,
09:35:31,58,400,
09:35:31,58,100,
09:35:31,58,100,
09:35:31,58,400,
09:35:31,58,500,
09:35:32,58.0083X,2155,
09:35:32,58,100,
09:35:34,58,100,
09:35:34,58,373,
09:35:34,58,400,
09:35:34,58,500,
09:35:34,58,200,
09:35:34,58,400,
09:35:34,58,121,
09:35:34,58,579,
09:35:35,58,600,
09:35:35,58,1200,
09:35:35,58,400,
09:35:35,58,200,
09:35:35,58,200,
09:35:35,58,200,
09:35:35,58,200,
09:35:35,58,300,
09:35:35,58,200,
09:35:35,58,100,
09:35:35,58,100,
09:35:35,58,100,
09:35:35,58,300,
09:35:35,58,600,
09:35:35,58,100,
09:35:35,58,100,
09:35:35,58,500,
09:35:35,58,100,
09:35:35,58,100,
09:35:35,58,1630,
09:35:35,58,300,
09:35:35,58,227,
09:35:35,58,600,
09:35:35,58,600,
09:35:36,58,800,
09:35:37,58.01,100,
09:35:37,58.01,200,
09:35:37,58.01,100,
09:35:37,58.01,100,
09:35:37,58.01,500,
09:35:37,58.01,290,
09:35:37,58.01,600,
09:35:37,58.01,500,
09:35:38,58.01,200,
09:35:38,58.02,100,
09:35:38,58.02,600,
09:35:38,58.02,500,
09:35:38,58.02,100,
09:35:38,58.02,100,
09:35:38,58.02,200,
09:35:38,58.02,100,
09:35:38,58.02,100,
09:35:38,58.02,100,
09:35:38,58.02,234,
09:35:38,58.02,200,
09:35:38,58.02,200,
09:35:38,58.02,1164,
09:35:38,58.02,200,
09:35:38,58.02,400,
09:35:39,58.016,324,
09:35:39,58.016,244,
09:35:39,58.016,129,
09:35:40,58.01,300,
09:35:40,58.019,159,
09:35:40,58.019,278,
09:35:40,58.019,107,
09:35:40,58.019,231,
09:35:40,58.019,434,
09:35:40,58.019,220,
09:35:41,58.0174,325,
09:35:42,58.0191,200,
09:35:42,58.0193,100,
09:35:43,58.0193,400,
09:35:44,58.01,100,
09:35:44,58.01,100,
09:35:44,58.01,100,
09:35:47,58.02,900,
09:35:48,58.01,100,
09:35:48,58.02,689,
09:35:48,58.02,100,
09:35:49,58.01,200,
09:35:49,58.01,530,
09:35:49,58.01,100,
09:35:51,58.0001,1200,
09:35:51,58,200,
09:35:52,58.01,1000,
09:35:54,58,200,
09:35:54,58,100,
09:35:54,58,100,
09:35:54,58,600,
09:35:54,57.99,200,
09:35:55,57.99,258,
09:35:55,58.0098,158,
09:35:56,57.99,1000,
09:35:58,57.99,100,
09:36:00,57.99,100,
09:36:01,57.99,200,
09:36:01,57.99,400,
09:36:01,57.99,800,
09:36:03,57.99,5000,
09:36:06,57.98,100,
09:36:06,57.98,100,
09:36:06,57.98,100,
09:36:06,57.97,700,
09:36:06,57.97,600,
09:36:06,57.97,106,
09:36:06,57.97,400,
09:36:06,57.97,100,
09:36:06,57.97,100,
09:36:06,57.97,100,
09:36:07,57.966,100,
09:36:08,57.97,500,
09:36:12,57.97,200,
09:36:14,57.97,200,
09:36:14,57.96,1000,
09:36:14,57.96,200,
09:36:14,57.96,300,
09:36:14,57.96,100,
09:36:14,57.96,100,
09:36:14,57.96,1000,
09:36:14,57.96,1600,
09:36:15,57.97,100,
09:36:15,57.97,100,
09:36:15,57.97,500,
09:36:15,57.97,300,
09:36:15,57.97,100,
09:36:15,57.97,200,
09:36:15,57.97,400,
09:36:15,57.97,100,
09:36:16,57.96,500,
09:36:16,57.97,200,
09:36:16,57.97,400,
09:36:16,57.97,300,
09:36:16,57.97,100,
09:36:16,57.97,100,
09:36:16,57.97,600,
09:36:16,57.97,100,
09:36:16,57.97,300,
09:36:16,57.97,200,
09:36:16,57.97,300,
09:36:16,57.97,100,
09:36:16,57.97,100,
09:36:16,57.97,100,
09:36:16,57.97,100,
09:36:16,57.97,100,
09:36:16,57.97,100,
09:36:16,57.97,100,
09:36:16,57.97,100,
09:36:16,57.97,100,
09:36:16,57.97,100,
09:36:16,57.97,100,
09:36:16,57.97,100,
09:36:16,57.97,100,
09:36:16,57.97,100,
09:36:17,57.97,600,
09:36:17,57.97,100,
09:36:17,57.97,100,
09:36:18,57.97,100,
09:36:18,57.97,100,
09:36:19,57.96,117,
09:36:19,57.96,104,
09:36:20,57.96,100,
09:36:20,57.96,100,
09:36:20,57.96,2283,
09:36:20,57.95,300,
09:36:20,57.95,100,
09:36:20,57.95,379,
09:36:20,57.95,500,
09:36:20,57.95,400,
09:36:20,57.95,100,
09:36:20,57.95,100,
09:36:20,57.95,101,
09:36:20,57.95,300,
09:36:20,57.95,100,
09:36:20,57.95,400,
09:36:20,57.95,200,
09:36:21,57.95,200,
09:36:21,57.95,600,
09:36:21,57.94,700,
09:36:22,57.9499,900,
09:36:24,57.94,200,
09:36:24,57.94,600,
09:36:25,57.95,900,
09:36:26,57.95,200,
09:36:26,57.95,400,
09:36:26,57.95,1000,
09:36:26,57.95,130,
09:36:26,57.95,200,
09:36:26,57.95,121,
09:36:26,57.95,200,
09:36:26,57.95,600,
09:36:26,57.95,400,
09:36:26,57.95,400,
09:36:26,57.95,600,
09:36:27,57.9438,1100,
09:36:28,57.949,100,
09:36:29,57.9402,1000,
09:36:30,57.94,100,
09:36:30,57.94,300,
09:36:33,57.94,100,
09:36:33,57.94,3400,
09:36:33,57.94,100,
09:36:33,57.94,100,
09:36:33,57.94,100,
09:36:36,57.93,400,
09:36:36,57.93,100,
09:36:36,57.93,100,
09:36:36,57.93,191,
09:36:36,57.93,100,
09:36:37,57.93,400,
09:36:37,57.93,704,
09:36:39,57.93,300,
09:36:42,57.92,300,
09:36:43,57.93,200,
09:36:43,57.93,200,
09:36:43,57.92,300,
09:36:43,57.93,200,
09:36:45,57.92,400,
09:36:45,57.92,100,
09:36:45,57.92,100,
09:36:45,57.92,100,
09:36:45,57.92,100,
09:36:45,57.92,200,
09:36:47,57.91,600,
09:36:47,57.92,300,
09:36:47,57.92,700,
09:36:47,57.92,700,
09:36:47,57.92,200,
09:36:47,57.9199,5000,
09:36:49,57.91,300,
09:36:49,57.91,300,
09:36:50,57.91,400,
09:36:50,57.91,100,
09:36:50,57.91,3000,
09:36:50,57.91,100,
09:36:50,57.91,100,
09:36:50,57.91,1200,
09:36:50,57.91,100,
09:36:50,57.91,500,
09:36:50,57.91,200,
09:36:50,57.90,500,
09:36:51,57.9198,200,
09:36:53,57.9098,500,
09:36:55,57.90,2600,
09:36:55,57.91,100,
09:36:56,57.91,100,
09:36:57,57.90,200,
09:36:57,57.90,400,
09:36:58,57.90,100,
09:36:58,57.90,100,
09:36:59,57.892,200,
09:37:00,57.89,100,
09:37:03,57.89,161,
09:37:03,57.89,300,
09:37:03,57.89,100,
09:37:03,57.89,100,
09:37:03,57.89,600,
09:37:03,57.89,200,
09:37:04,57.90,100,
09:37:04,57.90,100,
09:37:04,57.90,100,
09:37:04,57.90,100,
09:37:04,57.90,500,
09:37:04,57.90,600,
09:37:07,57.90,200,
09:37:07,57.90,200,
09:37:09,57.90,400,
09:37:12,57.90,299,
09:37:12,57.90,400,
09:37:12,57.90,200,
09:37:12,57.90,400,
09:37:12,57.89,100,
09:37:12,57.89,100,
09:37:12,57.89,100,
09:37:12,57.89,600,
09:37:13,57.90,100,
09:37:13,57.90,100,
09:37:13,57.90,300,
09:37:13,57.91,430,
09:37:13,57.91,100,
09:37:13,57.91,100,
09:37:13,57.91,100,
09:37:16,57.91,100,
09:37:18,57.9099,2000,
09:37:18,57.9083,200,
09:37:18,57.9084,200,
09:37:18,57.9084,200,
09:37:19,57.909,1000,
09:37:20,57.9019,300,
09:37:20,57.91,600,
09:37:20,57.91,200,
09:37:22,57.90,1100,
09:37:22,57.90,1400,
09:37:22,57.90,500,
09:37:22,57.90,100,
09:37:22,57.90,100,
09:37:22,57.90,200,
09:37:22,57.90,200,
09:37:22,57.90,100,
09:37:22,57.90,400,
09:37:22,57.90,100,
09:37:23,57.91,200,
09:37:24,57.91,200,
09:37:24,57.91,100,
09:37:24,57.91,100,
09:37:24,57.91,200,
09:37:26,57.91,100,
09:37:27,57.90,200,
09:37:27,57.91,100,
09:37:27,57.91,100,
09:37:27,57.91,100,
09:37:27,57.91,300,
09:37:27,57.91,133,
09:37:27,57.91,133,
09:37:27,57.91,100,
09:37:27,57.91,300,
09:37:27,57.91,400,
09:37:28,57.91,100,
09:37:28,57.91,100,
09:37:29,57.90,100,
09:37:29,57.90,300,
09:37:29,57.90,100,
09:37:31,57.91,100,
09:37:31,57.91,100,
09:37:31,57.91,100,
09:37:31,57.91,500,
09:37:31,57.91,100,
09:37:31,57.91,100,
09:37:32,57.91,200,
09:37:33,57.91,400,
09:37:33,57.91,100,
09:37:35,57.91,500,
09:37:35,57.92,100,
09:37:35,57.92,100,
09:37:35,57.92,100,
09:37:35,57.92,1800,
09:37:38,57.92,200,
09:37:38,57.92,490,
09:37:38,57.92,400,
09:37:39,57.93,100,
09:37:39,57.93,400,
09:37:39,57.93,500,
09:37:39,57.93,700,
09:37:39,57.92,200,
09:37:39,57.92,200,
09:37:39,57.92,500,
09:37:39,57.92,371,
09:37:39,57.92,400,
09:37:39,57.92,600,
09:37:39,57.93,700,
09:37:39,57.93,500,
09:37:39,57.93,1900,
09:37:39,57.93,400,
09:37:39,57.93,400,
09:37:39,57.93,100,
09:37:39,57.93,100,
09:37:39,57.93,100,
09:37:39,57.9196,100,
09:37:39,57.94,184,
09:37:41,57.94,100,
09:37:41,57.94,100,
09:37:41,57.94,909,
09:37:41,57.94,100,
09:37:41,57.94,1491,
09:37:41,57.94,300,
09:37:41,57.94,200,
09:37:41,57.94,200,
09:37:41,57.94,200,
09:37:42,57.93,100,
09:37:44,57.94,359,
09:37:47,57.94,900,
09:37:48,57.94,166,
09:37:48,57.94,167,
09:37:48,57.94,167,
09:37:48,57.93,500,
09:37:48,57.93,100,
09:37:48,57.93,100,
09:37:50,57.929,100,
09:37:50,57.92,200,
09:37:50,57.92,600,
09:37:50,57.92,400,
09:37:50,57.92,100,
09:37:50,57.92,100,
09:37:50,57.92,100,
09:37:52,57.92,100,
09:37:52,57.93,1000,
09:37:52,57.93,500,
09:37:52,57.92,187,
09:37:52,57.92,600,
09:37:52,57.92,600,
09:37:52,57.92,300,
09:37:52,57.92,181,
09:37:52,57.92,400,
09:37:52,57.92,1019,
09:37:52,57.93,200,
09:37:52,57.93,400,
09:37:52,57.93,600,
09:37:52,57.92,300,
09:37:52,57.93,200,
09:37:52,57.93,400,
09:37:52,57.93,100,
09:37:52,57.93,100,
09:37:53,57.94,200,
09:37:53,57.93,400,
09:37:53,57.93,503,
09:37:53,57.93,430,
09:37:53,57.93,800,
09:37:53,57.93,700,
09:37:53,57.93,400,
09:37:53,57.93,400,
09:37:53,57.93,1200,
09:37:53,57.93,100,
09:37:53,57.93,500,
09:37:53,57.93,200,
09:37:53,57.93,100,
09:37:53,57.93,371,
09:37:53,57.93,400,
09:37:53,57.93,100,
09:37:53,57.9299,100,
09:37:55,57.93,200,
09:37:55,57.93,603,
09:37:55,57.93,300,
09:37:55,57.93,600,
09:37:55,57.93,700,
09:37:56,57.93,700,
09:37:56,57.93,300,
09:37:57,57.93,300,
09:37:57,57.921,500,
09:37:58,57.93,600,
09:37:58,57.93,200,
09:37:58,57.93,700,
09:37:58,57.93,600,
09:37:58,57.93,400,
09:37:58,57.93,400,
09:37:58,57.93,3400,
09:37:58,57.93,400,
09:37:58,57.93,1206,
09:37:58,57.93,200,
09:37:58,57.93,200,
09:37:58,57.93,400,
09:37:58,57.93,200,
09:37:58,57.93,200,
09:37:58,57.93,106,
09:37:59,57.94,100,
09:37:59,57.94,400,
09:37:59,57.94,1000,
09:37:59,57.94,100,
09:37:59,57.94,100,
09:37:59,57.94,700,
09:37:59,57.94,400,
09:37:59,57.94,500,
09:37:59,57.94,1700,
09:37:59,57.95,100,
09:37:59,57.95,200,
09:38:00,57.94,2576,
09:38:00,57.94,100,
09:38:00,57.94,200,
09:38:00,57.94,600,
09:38:00,57.94,600,
09:38:01,57.95,200,
09:38:02,57.95,600,
09:38:02,57.95,100,
09:38:02,57.95,100,
09:38:02,57.95,100,
09:38:02,57.95,100,
09:38:04,57.95,197,
09:38:04,57.95,200,
09:38:04,57.95,400,
09:38:05,57.95,300,
09:38:05,57.95,197,
09:38:05,57.95,400,
09:38:05,57.95,100,
09:38:05,57.95,200,
09:38:05,57.95,300,
09:38:05,57.95,100,
09:38:05,57.95,100,
09:38:08,57.96,473,
09:38:08,57.96,100,
09:38:08,57.96,100,
09:38:08,57.97,200,
09:38:08,57.97,100,
09:38:08,57.96,987,
09:38:08,57.96,400,
09:38:08,57.96,200,
09:38:08,57.96,400,
09:38:08,57.96,100,
09:38:08,57.96,200,
09:38:08,57.96,200,
09:38:08,57.96,100,
09:38:09,57.97,200,
09:38:09,57.97,200,
09:38:09,57.9699,200,
09:38:09,57.9699,100,
09:38:09,57.9699,200,
09:38:09,57.9699,100,
09:38:11,57.97,400,
09:38:11,57.97,100,
09:38:11,57.97,100,
09:38:12,57.969,300,
09:38:12,57.969,300,
09:38:13,57.97,600,
09:38:14,57.97,200,
09:38:14,57.97,200,
09:38:14,57.97,100,
09:38:15,57.97,200,
09:38:15,57.97,400,
09:38:15,57.97,300,
09:38:15,57.97,200,
09:38:15,57.97,200,
09:38:15,57.97,400,
09:38:15,57.97,200,
09:38:15,57.97,900,
09:38:15,57.97,1100,
09:38:16,57.96,200,
09:38:16,57.96,100,
09:38:16,57.96,100,
09:38:18,57.95,100,
09:38:18,57.95,100,
09:38:18,57.95,600,
09:38:19,57.95,100,
09:38:19,57.95,100,
09:38:19,57.95,300,
09:38:19,57.95,100,
09:38:19,57.96,100,
09:38:19,57.96,100,
09:38:19,57.96,500,
09:38:20,57.96,100,
09:38:20,57.97,1000,
09:38:20,57.96,100,
09:38:20,57.96,100,
09:38:20,57.96,200,
09:38:20,57.96,200,
09:38:20,57.96,100,
09:38:20,57.96,400,
09:38:20,57.96,400,
09:38:20,57.96,200,
09:38:21,57.97,100,
09:38:21,57.97,100,
09:38:21,57.97,1062,
09:38:21,57.97,600,
09:38:21,57.97,200,
09:38:21,57.97,100,
09:38:21,57.97,100,
09:38:22,57.97,200,
09:38:22,57.97,200,
09:38:24,57.97,100,
09:38:24,57.96,100,
09:38:24,57.96,100,
09:38:24,57.96,600,
09:38:25,57.95,100,
09:38:25,57.95,100,
09:38:25,57.95,500,
09:38:25,57.95,100,
09:38:25,57.94,200,
09:38:25,57.94,100,
09:38:25,57.94,100,
09:38:25,57.94,100,
09:38:25,57.94,197,
09:38:25,57.94,200,
09:38:27,57.95,100,
09:38:27,57.95,100,
09:38:28,57.96,100,
09:38:28,57.96,100,
09:38:28,57.96,400,
09:38:28,57.96,500,
09:38:28,57.96,400,
09:38:28,57.96,600,
09:38:28,57.96,500,
09:38:30,57.96,200,
09:38:30,57.96,400,
09:38:30,57.96,600,
09:38:30,57.96,335,
09:38:30,57.96,600,
09:38:30,57.96,100,
09:38:30,57.9599,300,
09:38:31,57.9695,1000,
09:38:32,57.961,100,
09:38:33,57.96,100,
09:38:33,57.96,400,
09:38:33,57.96,484,
09:38:33,57.96,600,
09:38:35,57.95,100,
09:38:35,57.95,100,
09:38:35,57.95,600,
09:38:35,57.95,600,
09:38:35,57.95,2898,
09:38:35,57.95,100,
09:38:35,57.95,100,
09:38:35,57.96,200,
09:38:35,57.96,500,
09:38:35,57.97,500,
09:38:35,57.97,100,
09:38:35,57.97,100,
09:38:37,57.97,600,
09:38:37,57.97,100,
09:38:37,57.97,100,
09:38:37,57.978,969,
09:38:40,57.98,100,
09:38:40,57.98,100,
09:38:40,57.98,100,
09:38:40,57.99,1800,
09:38:40,57.99,200,
09:38:40,57.99,100,
09:38:40,57.99,100,
09:38:40,57.99,100,
09:38:40,57.99,100,
09:38:40,57.99,100,
09:38:40,57.99,100,
09:38:40,57.99,200,
09:38:40,57.99,100,
09:38:41,57.99,400,
09:38:41,57.9902,2000,
09:38:42,57.99,100,
09:38:42,57.99,100,
09:38:43,57.99,100,
09:38:45,57.99,100,
09:38:46,57.99,500,
09:38:46,57.99,800,
09:38:51,58,100,
09:38:51,58,100,
09:38:54,58,282,
09:38:54,58,400,
09:38:54,57.99,400,
09:38:54,57.99,200,
09:38:54,57.99,600,
09:38:54,57.99,400,
09:38:54,57.99,1010,
09:38:54,57.99,100,
09:38:54,57.99,100,
09:38:54,57.99,600,
09:38:54,57.99,100,
09:38:57,57.98,1300,
09:38:57,57.98,400,
09:38:57,57.98,700,
09:38:57,57.98,100,
09:38:57,57.98,100,
09:38:57,57.98,100,
09:38:57,57.98,600,
09:38:57,57.98,200,
09:38:58,57.971,200,
09:39:01,57.979,150,
09:39:01,57.9783,100,
09:39:01,57.979,900,
09:39:02,57.97,500,
09:39:04,57.9899,200,
09:39:04,57.99,100,
09:39:04,57.99,600,
09:39:04,57.99,600,
09:39:04,57.99,100,
09:39:06,57.9917,250,
09:39:07,57.99,100,
09:39:08,57.98,100,
09:39:10,57.98,100,
09:39:11,57.99,100,
09:39:11,57.99,100,
09:39:13,57.9913,1000,
09:39:14,57.99,187,
09:39:15,57.99,100,
09:39:17,57.99,1000,
09:39:20,57.9898,300,
09:39:20,57.98,100,
09:39:20,57.98,100,
09:39:20,57.98,100,
09:39:21,57.9748,100,
09:39:21,57.97,100,
09:39:21,57.97,100,
09:39:21,57.97,100,
09:39:21,57.97,682,
09:39:22,57.98,400,
09:39:28,57.9784,100,
09:39:28,57.98,400,
09:39:28,57.98,300,
09:39:28,57.98,200,
09:39:28,57.98,200,
09:39:28,57.98,200,
09:39:28,57.98,200,
09:39:28,57.98,700,
09:39:28,57.98,600,
09:39:28,57.98,200,
09:39:28,57.98,200,
09:39:28,57.98,200,
09:39:28,57.98,200,
09:39:28,57.98,200,
09:39:28,57.98,600,
09:39:28,57.98,7335,
09:39:28,57.98,700,
09:39:28,57.98,400,
09:39:28,57.98,500,
09:39:28,57.98,100,
09:39:28,57.98,100,
09:39:28,57.98,600,
09:39:28,57.98,600,
09:39:28,57.98,300,
09:39:28,57.98,300,
09:39:28,57.98,551,
09:39:28,57.98,600,
09:39:28,57.98,700,
09:39:28,57.98,200,
09:39:28,57.98,500,
09:39:28,57.98,400,
09:39:28,57.98,600,
09:39:28,57.98,1400,
09:39:28,57.98,2600,
09:39:28,57.98,400,
09:39:28,57.98,200,
09:39:29,57.98,500,
09:39:29,57.98,200,
09:39:29,57.98,186,
09:39:29,57.98,600,
09:39:29,57.98,500,
09:39:29,57.98,276,
09:39:29,57.98,500,
09:39:29,57.98,700,
09:39:29,57.98,376,
09:39:29,57.98,324,
09:39:29,57.98,200,
09:39:29,57.98,300,
09:39:29,57.98,400,
09:39:30,57.98,200,
09:39:32,57.9869,200,
09:39:33,57.98,400,
09:39:33,57.98,106,
09:39:34,57.99,100,
09:39:34,57.99,100,
09:39:34,57.99,100,
09:39:36,57.99,600,
09:39:43,57.98,100,
09:39:43,57.98,100,
09:39:43,57.98,700,
09:39:43,57.98,200,
09:39:43,57.98,200,
09:39:43,57.98,200,
09:39:47,57.98,200,
09:39:47,57.98,600,
09:39:47,57.98,700,
09:39:47,57.98,600,
09:39:47,57.98,343,
09:39:47,57.98,129,
09:39:47,57.98,1269,
09:39:47,57.98,100,
09:39:51,57.98,700,
09:39:51,57.98,500,
09:39:51,57.98,200,
09:39:51,57.98,14900,
09:39:51,57.98,4600,
09:39:51,57.98,200,
09:39:53,57.98,400,
09:39:54,57.98,200,
09:39:55,57.98,200,
09:39:58,57.9887,1000,
09:40:00,57.99,200,
09:40:00,57.99,500,
09:40:00,57.99,100,
09:40:00,57.99,128,
09:40:00,57.99,100,
09:40:00,57.99,428,
09:40:00,57.99,100,
09:40:01,57.99,100,
09:40:01,57.982,165,
09:40:01,57.996,200,
09:40:02,57.9964,100,
09:40:06,57.98,100,
09:40:06,57.98,700,
09:40:06,57.98,500,
09:40:06,57.98,100,
09:40:06,57.98,100,
09:40:06,57.97,400,
09:40:06,57.97,400,
09:40:06,57.97,100,
09:40:06,57.97,100,
09:40:06,57.97,100,
09:40:06,57.97,200,
09:40:06,57.97,1164,
09:40:06,57.98,7200,
09:40:06,57.97,200,
09:40:06,57.97,747,
09:40:06,57.97,108,
09:40:07,57.99,100,
09:40:07,57.99,200,
09:40:07,57.99,100,
09:40:07,57.99,230,
09:40:07,57.99,600,
09:40:07,57.99,2000,
09:40:07,57.99,500,
09:40:07,57.99,400,
09:40:07,57.99,400,
09:40:07,57.99,700,
09:40:07,57.99,200,
09:40:07,57.99,100,
09:40:07,57.99,100,
09:40:07,57.99,100,
09:40:07,57.99,400,
09:40:07,57.99,100,
09:40:07,57.99,100,
09:40:07,57.99,100,
09:40:07,57.99,100,
09:40:07,57.99,300,
09:40:07,57.99,100,
09:40:07,57.99,200,
09:40:07,57.99,300,
09:40:07,57.99,400,
09:40:12,57.99,500,
09:40:12,57.99,500,
09:40:12,57.99,200,
09:40:12,57.98,200,
09:40:15,57.9899,1000,
09:40:15,58,500,
09:40:15,58,100,
09:40:15,58,100,
09:40:17,58.006,300,
09:40:17,58,200,
09:40:18,58.0017,500,
09:40:19,58,400,
09:40:20,58.01,100,
09:40:20,58.01,100,
09:40:20,58.01,100,
09:40:21,58.01,138,
09:40:21,58.02,1658,
09:40:23,58.02,100,
09:40:23,58.02,100,
09:40:23,58.02,100,
09:40:23,58.02,500,
09:40:24,58.02,600,
09:40:25,58.01,750,
09:40:25,58.01,100,
09:40:25,58.01,100,
09:40:25,58.01,100,
09:40:25,58.01,100,
09:40:27,58.01,100,
09:40:29,58.004,500,
09:40:31,58.01,100,
09:40:31,58,100,
09:40:31,58,1200,
09:40:31,58.01,100,
09:40:31,58.01,500,
09:40:32,58.01,200,
09:40:32,58.01,500,
09:40:34,58.01,500,
09:40:34,58.01,700,
09:40:34,58.01,400,
09:40:34,58.01,600,
09:40:34,58,3000,
09:40:35,58.01,400,
09:40:35,58.01,100,
09:40:35,58.01,500,
09:40:35,58.01,196,
09:40:37,58.0072,100,
09:40:37,58,100,
09:40:37,58,700,
09:40:37,58,1000,
09:40:37,58,100,
09:40:37,58,100,
09:40:37,58,100,
09:40:37,58,600,
09:40:37,58,200,
09:40:37,58,100,
09:40:37,57.99,200,
09:40:39,58,400,
09:40:39,58,400,
09:40:42,57.99,100,
09:40:43,57.99,400,
09:40:45,58,200,
09:40:45,58,300,
09:40:45,58,300,
09:40:45,58,2500,
09:40:49,58,25200,
09:40:50,57.99,200,
09:40:50,57.99,100,
09:40:50,57.99,100,
09:40:50,57.99,500,
09:40:50,57.99,2000,
09:40:50,57.99,2400,
09:40:50,58,600,
09:40:50,58,600,
09:40:53,57.99,100,
09:40:53,57.9992,400,
09:40:53,57.9998,300,
09:40:53,57.9992,300,
09:40:53,57.9998,155,
09:40:53,57.9999,190,
09:40:53,57.99,100,
09:40:53,57.999,1100,
09:40:53,57.99,700,
09:40:53,57.99,400,
09:40:53,57.99,100,
09:40:53,57.99,100,
09:40:53,57.99,500,
09:40:53,57.99,100,
09:40:53,57.99,700,
09:40:53,57.999,1100,
09:40:53,57.99,400,
09:40:53,57.99,300,
09:40:54,57.99,600,
09:40:54,57.99,100,
09:40:54,57.99,200,
09:40:54,58,450,
09:40:55,57.9917,100,
09:40:55,57.9916,300,
09:40:55,57.991,1100,
09:40:55,57.99,268,
09:40:55,57.99,100,
09:40:55,57.99,100,
09:40:57,57.9801,2500,
09:40:57,57.98,100,
09:40:57,57.98,600,
09:40:57,57.98,400,
09:40:57,57.98,100,
09:40:57,57.98,300,
09:40:57,57.98,1600,
09:40:57,57.97,100,
09:40:57,57.97,200,
09:40:57,57.97,104,
09:40:57,57.97,204,
09:40:57,57.97,300,
09:40:57,57.97,100,
09:40:57,57.97,200,
09:40:57,57.97,200,
09:40:57,57.97,100,
09:40:57,57.97,300,
09:40:58,57.97,100,
09:40:58,57.97,100,
09:40:58,57.97,100,
09:40:58,57.97,100,
09:40:58,57.97,200,
09:40:58,57.965,100,
09:40:58,57.96,100,
09:40:58,57.96,100,
09:41:00,57.9671,200,
09:41:01,57.96,100,
09:41:04,57.96,200,
09:41:04,57.96,100,
09:41:04,57.96,400,
09:41:04,57.96,200,
09:41:05,57.96,200,
09:41:06,57.96,300,
09:41:09,57.96,100,
09:41:09,57.96,217,
09:41:09,57.96,200,
09:41:09,57.96,600,
09:41:09,57.96,483,
09:41:09,57.95,200,
09:41:10,57.95,400,
09:41:10,57.95,300,
09:41:10,57.95,2066,
09:41:10,57.95,100,
09:41:10,57.95,300,
09:41:10,57.95,400,
09:41:10,57.95,200,
09:41:10,57.95,300,
09:41:11,57.95,150,
09:41:12,57.9516,100,
09:41:13,57.96,200,
09:41:14,57.96,400,
09:41:14,57.96,135,
09:41:14,57.96,500,
09:41:18,57.96,400,
09:41:18,57.9613,1000,
09:41:19,57.95,100,
09:41:19,57.9501,100,
09:41:22,57.95,4788,
09:41:22,57.95,300,
09:41:22,57.94,200,
09:41:22,57.94,500,
09:41:23,57.9401,200,
09:41:23,57.94,100,
09:41:25,57.94,100,
09:41:25,57.94,100,
09:41:25,57.94,100,
09:41:27,57.938,1293,
09:41:27,57.93,100,
09:41:27,57.93,100,
09:41:27,57.93,100,
09:41:27,57.93,1300,
09:41:27,57.92,100,
09:41:27,57.92,100,
09:41:27,57.92,100,
09:41:27,57.92,127,
09:41:27,57.92,200,
09:41:27,57.92,573,
09:41:27,57.92,200,
09:41:27,57.92,200,
09:41:27,57.92,200,
09:41:27,57.92,197,
09:41:27,57.92,200,
09:41:27,57.92,200,
09:41:27,57.92,200,
09:41:28,57.92,500,
09:41:28,57.92,500,
09:41:28,57.92,100,
09:41:28,57.92,500,
09:41:28,57.92,100,
09:41:28,57.92,100,
09:41:29,57.92,300,
09:41:30,57.92,100,
09:41:30,57.92,100,
09:41:30,57.92,100,
09:41:30,57.92,700,
09:41:31,57.92,300,
09:41:31,57.91,400,
09:41:32,57.919,100,
09:41:32,57.92,1400,
09:41:32,57.92,700,
09:41:32,57.92,200,
09:41:32,57.92,600,
09:41:32,57.92,200,
09:41:32,57.92,100,
09:41:32,57.92,300,
09:41:33,57.92,100,
09:41:33,57.92,600,
09:41:34,57.92,600,
09:41:36,57.92,100,
09:41:38,57.92,682,
09:41:39,57.91,100,
09:41:39,57.9187,1100,
09:41:40,57.9185,200,
09:41:40,57.9186,200,
09:41:40,57.9186,200,
09:41:41,57.92,200,
09:41:44,57.91,100,
09:41:44,57.91,100,
09:41:44,57.91,100,
09:41:45,57.91,100,
09:41:45,57.91,400,
09:41:45,57.91,100,
09:41:45,57.91,200,
09:41:45,57.9077,200,
09:41:45,57.909,300,
09:41:48,57.9099,100,
09:41:48,57.91,600,
09:41:49,57.92,200,
09:41:49,57.92,100,
09:41:49,57.92,400,
09:41:49,57.92,100,
09:41:49,57.93,400,
09:41:49,57.92,200,
09:41:49,57.92,700,
09:41:49,57.92,300,
09:41:49,57.92,200,
09:41:50,57.92,200,
09:41:50,57.92,200,
09:41:50,57.92,200,
09:41:50,57.9274,100,
09:41:51,57.92,100,
09:41:51,57.92,200,
09:41:51,57.92,300,
09:41:51,57.92,300,
09:41:51,57.91,500,
09:41:53,57.92,200,
09:41:57,57.92,500,
09:41:57,57.92,1000,
09:41:57,57.92,100,
09:41:57,57.92,600,
09:41:57,57.93,100,
09:41:57,57.93,100,
09:41:58,57.92,1000,
09:41:58,57.92,100,
09:41:58,57.92,2700,
09:41:58,57.92,600,
09:41:58,57.92,700,
09:41:58,57.92,300,
09:41:58,57.92,400,
09:41:58,57.91,200,
09:41:58,57.92,200,
09:41:58,57.92,200,
09:41:59,57.93,100,
09:41:59,57.93,500,
09:41:59,57.93,800,
09:41:59,57.93,100,
09:41:59,57.94,400,
09:41:59,57.94,100,
09:41:59,57.94,100,
09:41:59,57.94,300,
09:41:59,57.94,600,
09:41:59,57.94,200,
09:42:01,57.9301,2000,
09:42:02,57.9395,700,
09:42:02,57.9395,100,
09:42:02,57.94,100,
09:42:02,57.94,2800,
09:42:05,57.93,100,
09:42:05,57.93,100,
09:42:05,57.92,100,
09:42:05,57.93,350,
09:42:06,57.9295,1470,
09:42:07,57.92,100,
09:42:07,57.92,100,
09:42:07,57.92,100,
09:42:07,57.92,300,
09:42:07,57.916,106,
09:42:09,57.9125,1000,
09:42:09,57.92,400,
09:42:09,57.92,300,
09:42:09,57.92,150,
09:42:09,57.92,250,
09:42:09,57.92,350,
09:42:11,57.92,150,
09:42:11,57.92,100,
09:42:11,57.92,200,
09:42:11,57.92,578,
09:42:13,57.91,700,
09:42:13,57.91,100,
09:42:13,57.91,500,
09:42:15,57.9052,150,
09:42:17,57.90,300,
09:42:17,57.90,100,
09:42:17,57.90,100,
09:42:17,57.90,200,
09:42:17,57.90,100,
09:42:17,57.90,600,
09:42:17,57.90,100,
09:42:20,57.90,200,
09:42:22,57.90,500,
09:42:22,57.90,100,
09:42:22,57.90,600,
09:42:23,57.90,300,
09:42:23,57.90,297,
09:42:24,57.905,200,
09:42:25,57.90,2100,
09:42:26,57.91,200,
09:42:26,57.91,350,
09:42:26,57.91,500,
09:42:26,57.91,100,
09:42:26,57.91,400,
09:42:26,57.91,100,
09:42:26,57.92,200,
09:42:26,57.92,100,
09:42:26,57.92,100,
09:42:26,57.92,100,
09:42:26,57.92,100,
09:42:26,57.92,500,
09:42:26,57.92,600,
09:42:26,57.92,200,
09:42:26,57.92,100,
09:42:26,57.92,500,
09:42:26,57.92,400,
09:42:26,57.92,200,
09:42:26,57.92,1100,
09:42:26,57.92,200,
09:42:26,57.92,100,
09:42:26,57.92,100,
09:42:26,57.92,100,
09:42:26,57.92,500,
09:42:26,57.92,300,
09:42:27,57.916,500,
09:42:28,57.91,100,
09:42:28,57.91,100,
09:42:28,57.91,100,
09:42:28,57.91,500,
09:42:28,57.9004,100,
09:42:29,57.90,300,
09:42:31,57.90,1000,
09:42:32,57.91,200,
09:42:33,57.90,100,
09:42:34,57.90,100,
09:42:34,57.90,100,
09:42:34,57.90,100,
09:42:34,57.90,100,
09:42:35,57.90,400,
09:42:39,57.89,200,
09:42:39,57.89,400,
09:42:39,57.89,100,
09:42:39,57.89,400,
09:42:39,57.89,100,
09:42:39,57.88,900,
09:42:39,57.88,400,
09:42:39,57.88,300,
09:42:39,57.88,100,
09:42:39,57.88,100,
09:42:39,57.88,400,
09:42:39,57.88,200,
09:42:39,57.88,500,
09:42:39,57.88,600,
09:42:39,57.88,200,
09:42:39,57.88,3400,
09:42:39,57.88,500,
09:42:39,57.88,390,
09:42:39,57.88,3300,
09:42:39,57.88,600,
09:42:39,57.88,100,
09:42:39,57.88,600,
09:42:39,57.88,1000,
09:42:39,57.88,1000,
09:42:39,57.88,200,
09:42:39,57.88,200,
09:42:39,57.88,1000,
09:42:39,57.88,100,
09:42:40,57.8774,575,
09:42:41,57.871,500,
09:42:43,57.87,225,
09:42:43,57.87,100,
09:42:43,57.87,323,
09:42:43,57.87,100,
09:42:43,57.87,100,
09:42:44,57.87,300,
09:42:45,57.8671,270,
09:42:47,57.87,700,
09:42:48,57.88,300,
09:42:48,57.87,200,
09:42:50,57.8699,100,
09:42:50,57.86,500,
09:42:50,57.86,100,
09:42:50,57.86,100,
09:42:50,57.86,100,
09:42:50,57.86,1300,
09:42:50,57.86,100,
09:42:50,57.86,1000,
09:42:50,57.86,900,
09:42:50,57.86,500,
09:42:50,57.86,200,
09:42:50,57.86,100,
09:42:50,57.86,300,
09:42:50,57.86,700,
09:42:50,57.86,200,
09:42:51,57.86,100,
09:42:53,57.86,200,
09:42:54,57.8587,1000,
09:42:54,57.85,400,
09:42:54,57.85,200,
09:42:54,57.85,400,
09:42:54,57.85,400,
09:42:54,57.85,500,
09:42:54,57.85,600,
09:42:54,57.85,100,
09:42:54,57.85,100,
09:42:54,57.85,100,
09:42:54,57.85,600,
09:42:54,57.85,100,
09:42:54,57.85,400,
09:42:54,57.85,500,
09:42:55,57.8501,100,
09:42:58,57.856,100,
09:42:58,57.8569,100,
09:42:59,57.86,100,
09:42:59,57.86,100,
09:42:59,57.86,600,
09:43:00,57.86,500,
09:43:01,57.86,300,
09:43:07,57.86,928,
09:43:11,57.8699,100,
09:43:11,57.87,100,
09:43:11,57.87,200,
09:43:11,57.87,200,
09:43:11,57.87,100,
09:43:11,57.87,100,
09:43:11,57.87,100,
09:43:11,57.87,700,
09:43:11,57.87,1000,
09:43:11,57.87,200,
09:43:11,57.88,400,
09:43:11,57.88,100,
09:43:11,57.88,100,
09:43:11,57.88,100,
09:43:11,57.88,100,
09:43:11,57.88,527,
09:43:11,57.88,100,
09:43:11,57.88,100,
09:43:11,57.89,100,
09:43:11,57.89,100,
09:43:11,57.89,100,
09:43:11,57.89,100,
09:43:11,57.89,100,
09:43:11,57.89,100,
09:43:12,57.886,500,
09:43:14,57.888,700,
09:43:16,57.89,252,
09:43:17,57.88,100,
09:43:18,57.89,700,
09:43:21,57.90,100,
09:43:21,57.90,100,
09:43:21,57.90,100,
09:43:22,57.896,100,
09:43:25,57.893,1500,
09:43:28,57.90,400,
09:43:28,57.91,400,
09:43:28,57.91,100,
09:43:28,57.91,100,
09:43:28,57.91,100,
09:43:28,57.92,400,
09:43:28,57.92,100,
09:43:28,57.92,100,
09:43:28,57.92,600,
09:43:28,57.92,200,
09:43:29,57.92,100,
09:43:30,57.92,200,
09:43:30,57.92,200,
09:43:30,57.92,100,
09:43:30,57.92,700,
09:43:30,57.92,200,
09:43:30,57.92,300,
09:43:30,57.92,200,
09:43:30,57.92,300,
09:43:30,57.92,400,
09:43:30,57.92,1800,
09:43:30,57.92,300,
09:43:30,57.92,500,
09:43:30,57.9201,9100,
09:43:30,57.92,200,
09:43:30,57.92,400,
09:43:30,57.92,400,
09:43:30,57.92,200,
09:43:30,57.92,600,
09:43:30,57.92,400,
09:43:30,57.92,700,
09:43:30,57.92,200,
09:43:30,57.92,300,
09:43:30,57.92,200,
09:43:30,57.92,700,
09:43:30,57.92,400,
09:43:30,57.92,100,
09:43:30,57.91,300,
09:43:30,57.91,300,
09:43:30,57.91,400,
09:43:30,57.91,600,
09:43:30,57.91,1000,
09:43:30,57.91,368,
09:43:30,57.92,100,
09:43:32,57.929,125,
09:43:35,57.91,400,
09:43:37,57.91,100,
09:43:37,57.91,100,
09:43:37,57.91,5400,
09:43:37,57.91,100,
09:43:37,57.91,100,
09:43:39,57.91,200,
09:43:41,57.91,200,
09:43:41,57.91,600,
09:43:42,57.9104,700,
09:43:42,57.9103,100,
09:43:44,57.91,400,
09:43:45,57.91,500,
09:43:46,57.91,600,
09:43:50,57.9031,100,
09:43:52,57.90,100,
09:43:52,57.90,100,
09:43:52,57.90,100,
09:43:52,57.90,565,
09:43:52,57.89,700,
09:43:52,57.89,500,
09:43:52,57.89,100,
09:43:52,57.89,100,
09:43:52,57.89,446,
09:43:52,57.89,400,
09:43:52,57.89,200,
09:43:53,57.89,200,
09:43:55,57.90,300,
09:43:55,57.90,100,
09:43:55,57.90,100,
09:43:56,57.9058,973,
09:43:56,57.91,200,
09:43:56,57.91,400,
09:43:56,57.91,100,
09:43:56,57.91,100,
09:43:56,57.91,100,
09:43:56,57.92,400,
09:43:56,57.92,200,
09:43:56,57.92,293,
09:43:56,57.91,100,
09:43:59,57.92,300,
09:43:59,57.92,200,
09:43:59,57.92,250,
09:43:59,57.92,1700,
09:44:01,57.92,300,
09:44:02,57.92,141,
09:44:02,57.92,700,
09:44:02,57.92,100,
09:44:02,57.92,100,
09:44:05,57.92,200,
09:44:05,57.92,100,
09:44:06,57.92,700,
09:44:06,57.92,1200,
09:44:06,57.92,400,
09:44:06,57.92,200,
09:44:06,57.92,114,
09:44:07,57.92,400,
09:44:07,57.92,200,
09:44:07,57.92,700,
09:44:07,57.92,700,
09:44:07,57.92,700,
09:44:08,57.92,400,
09:44:08,57.92,200,
09:44:08,57.92,700,
09:44:08,57.92,200,
09:44:08,57.92,700,
09:44:08,57.92,700,
09:44:09,57.92,1900,
09:44:11,57.93,100,
09:44:11,57.93,600,
09:44:11,57.93,600,
09:44:11,57.93,900,
09:44:12,57.92,369,
09:44:12,57.92,2769,
09:44:12,57.92,100,
09:44:12,57.92,531,
09:44:12,57.92,200,
09:44:12,57.92,1630,
09:44:12,57.92,119,
09:44:12,57.92,1031,
09:44:12,57.92,200,
09:44:14,57.92,200,
09:44:14,57.92,100,
09:44:15,57.92,500,
09:44:15,57.93,200,
09:44:15,57.93,200,
09:44:19,57.93,1800,
09:44:22,57.92,400,
09:44:26,57.93,100,
09:44:26,57.93,100,
09:44:26,57.93,200,
09:44:26,57.93,100,
09:44:26,57.93,585,
09:44:26,57.93,200,
09:44:26,57.93,600,
09:44:26,57.93,100,
09:44:26,57.93,440,
09:44:26,57.93,175,
09:44:26,57.93,2889,
09:44:26,57.93,2600,
09:44:26,57.93,100,
09:44:26,57.93,1348,
09:44:29,57.93,100,
09:44:29,57.93,100,
09:44:29,57.93,300,
09:44:29,57.93,500,
09:44:29,57.93,2100,
09:44:31,57.93,300,
09:44:31,57.93,100,
09:44:32,57.93,100,
09:44:32,57.93,100,
09:44:32,57.93,100,
09:44:33,57.94,200,
09:44:33,57.94,100,
09:44:34,57.94,7200,
09:44:38,57.94,1000,
09:44:38,57.94,100,
09:44:38,57.94,100,
09:44:38,57.94,600,
09:44:40,57.945,100,
09:44:42,57.9303,200,
09:44:42,57.94,450,
09:44:42,57.94,350,
09:44:42,57.94,100,
09:44:42,57.94,150,
09:44:46,57.94,600,
09:44:46,57.94,100,
09:44:51,57.94,200,
09:44:56,57.94,18300,
09:44:56,57.94,400,
09:44:56,57.94,400,
09:44:56,57.94,700,
09:44:56,57.94,500,
09:44:56,57.94,368,
09:44:56,57.94,200,
09:44:56,57.94,200,
09:44:56,57.94,370,
09:44:56,57.94,1630,
09:44:56,57.94,200,
09:44:56,57.94,500,
09:44:56,57.94,1200,
09:44:57,57.93,400,
09:44:57,57.93,2200,
09:44:57,57.93,400,
09:44:57,57.93,100,
09:44:57,57.93,100,
09:44:59,57.93,400,
09:44:59,57.93,100,
09:44:59,57.93,586,
09:44:59,57.93,497,
09:45:01,57.923,400,
09:45:04,57.93,100,
09:45:04,57.94,237,
09:45:04,57.94,600,
09:45:04,57.94,600,
09:45:04,57.94,163,
09:45:04,57.936,100,
09:45:07,57.94,200,
09:45:07,57.94,2200,
09:45:07,57.94,200,
09:45:07,57.94,200,
09:45:07,57.94,400,
09:45:07,57.94,200,
09:45:07,57.94,200,
09:45:07,57.94,200,
09:45:07,57.94,100,
09:45:07,57.94,100,
09:45:07,57.94,2200,
09:45:07,57.94,500,
09:45:07,57.94,200,
09:45:07,57.94,500,
09:45:07,57.94,200,
09:45:07,57.94,400,
09:45:11,57.94,500,
09:45:11,57.94,400,
09:45:11,57.94,300,
09:45:11,57.94,100,
09:45:11,57.94,378,
09:45:11,57.93,100,
09:45:11,57.93,100,
09:45:11,57.93,100,
09:45:11,57.93,100,
09:45:11,57.94,800,
09:45:11,57.94,100,
09:45:11,57.94,400,
09:45:11,57.94,100,
09:45:11,57.94,400,
09:45:11,57.94,100,
09:45:11,57.94,1500,
09:45:17,57.94,2500,
09:45:17,57.94,400,
09:45:17,57.94,500,
09:45:17,57.94,1578,
09:45:18,57.95,200,
09:45:18,57.95,100,
09:45:18,57.95,200,
09:45:18,57.95,3400,
09:45:18,57.95,100,
09:45:18,57.95,100,
09:45:18,57.95,100,
09:45:20,57.96,1000,
09:45:20,57.96,200,
09:45:20,57.96,100,
09:45:20,57.96,100,
09:45:20,57.96,100,
09:45:20,57.96,1000,
09:45:20,57.96,1000,
09:45:20,57.96,400,
09:45:20,57.96,600,
09:45:20,57.96,700,
09:45:20,57.96,700,
09:45:20,57.96,100,
09:45:21,57.9505,500,
09:45:22,57.96,200,
09:45:23,57.96,408,
09:45:23,57.96,100,
09:45:23,57.96,100,
09:45:23,57.96,200,
09:45:23,57.97,1000,
09:45:23,57.97,400,
09:45:23,57.97,400,
09:45:23,57.97,100,
09:45:23,57.97,100,
09:45:23,57.97,500,
09:45:23,57.97,600,
09:45:23,57.97,200,
09:45:24,57.98,500,
09:45:24,57.98,100,
09:45:24,57.98,200,
09:45:24,57.98,200,
09:45:24,57.9799,800,
09:45:24,57.98,100,
09:45:25,57.97,400,
09:45:25,57.97,700,
09:45:25,57.97,400,
09:45:25,57.97,1000,
09:45:25,57.97,500,
09:45:26,57.97,200,
09:45:28,57.97,100,
09:45:33,57.97,300,
09:45:33,57.97,200,
09:45:33,57.97,350,
09:45:36,57.97,400,
09:45:36,57.97,200,
09:45:36,57.97,200,
09:45:37,57.97,200,
09:45:39,57.9748,220,
09:45:39,57.98,100,
09:45:39,57.9799,471,
09:45:40,57.97,200,
09:45:40,57.97,600,
09:45:40,57.98,100,
09:45:41,57.98,100,
09:45:41,57.976,454,
09:45:41,57.98,100,
09:45:41,57.9799,694,
09:45:41,57.98,100,
09:45:42,57.98,183,
09:45:42,57.97,500,
09:45:43,57.98,200,
09:45:43,57.98,100,
09:45:44,57.98,100,
09:45:44,57.98,100,
09:45:44,57.98,100,
09:45:44,57.9799,201,
09:45:44,57.976,347,
09:45:45,57.979,1484,
09:45:45,57.9798,185,
09:45:46,57.98,140,
09:45:46,57.98,100,
09:45:46,57.98,100,
09:45:46,57.9702,2000,
09:45:46,57.976,522,
09:45:47,57.98,217,
09:45:47,57.98,197,
09:45:47,57.976,533,
09:45:48,57.97,200,
09:45:48,57.97,200,
09:45:49,57.9785,243,
09:45:49,57.9785,419,
09:45:51,57.976,454,
09:45:51,57.97,243,
09:45:51,57.98,400,
09:45:51,57.9785,226,
09:45:51,57.9785,423,
09:45:52,57.97,4221,
09:45:52,57.9798,3221,
09:45:52,57.97,300,
09:45:52,57.97,200,
09:45:52,57.97,200,
09:45:52,57.97,157,
09:45:52,57.96,100,
09:45:52,57.96,100,
09:45:52,57.96,100,
09:45:52,57.96,1200,
09:45:52,57.96,1000,
09:45:52,57.96,1800,
09:45:54,57.95,400,
09:45:54,57.95,100,
09:45:54,57.95,100,
09:45:54,57.95,100,
09:45:54,57.9401,3000,
09:45:56,57.9499,200,
09:45:57,57.95,200,
09:45:57,57.95,200,
09:45:58,57.95,100,
09:45:58,57.9488,400,
09:45:58,57.949,700,
09:46:00,57.94,400,
09:46:00,57.949,100,
09:46:01,57.949,100,
09:46:04,57.95,800,
09:46:04,57.95,1400,
09:46:04,57.95,200,
09:46:04,57.95,100,
09:46:04,57.95,400,
09:46:04,57.95,600,
09:46:06,57.94,100,
09:46:06,57.94,100,
09:46:06,57.9399,200,
09:46:06,57.94,400,
09:46:06,57.94,1000,
09:46:06,57.94,700,
09:46:06,57.94,600,
09:46:06,57.939,1630,
09:46:07,57.94,2700,
09:46:07,57.93,400,
09:46:07,57.93,200,
09:46:07,57.93,100,
09:46:07,57.93,100,
09:46:07,57.93,100,
09:46:07,57.93,722,
09:46:07,57.939,1000,
09:46:07,57.93,1125,
09:46:07,57.9301,800,
09:46:08,57.939,200,
09:46:09,57.93,2600,
09:46:09,57.93,734,
09:46:09,57.92,200,
09:46:09,57.92,100,
09:46:09,57.92,700,
09:46:09,57.92,400,
09:46:17,57.92,750,
09:46:19,57.93,600,
09:46:19,57.93,200,
09:46:22,57.93,200,
09:46:22,57.94,200,
09:46:22,57.94,400,
09:46:22,57.94,100,
09:46:22,57.94,200,
09:46:22,57.94,200,
09:46:22,57.94,100,
09:46:22,57.94,100,
09:46:23,57.94,100,
09:46:23,57.94,900,
09:46:28,57.942,700,
09:46:34,57.95,200,
09:46:34,57.95,100,
09:46:34,57.95,100,
09:46:34,57.95,100,
09:46:34,57.95,100,
09:46:34,57.95,500,
09:46:34,57.95,100,
09:46:34,57.9471,183,
09:46:35,57.9501,400,
09:46:36,57.95,100,
09:46:39,57.96,100,
09:46:39,57.96,100,
09:46:39,57.96,100,
09:46:40,57.96,250,
09:46:43,57.97,100,
09:46:43,57.97,100,
09:46:43,57.97,100,
09:46:43,57.97,100,
09:46:43,57.97,600,
09:46:49,57.97,100,
09:46:49,57.975,100,
09:46:49,57.97,600,
09:46:51,57.96,200,
09:46:51,57.96,200,
09:46:51,57.96,500,
09:46:51,57.96,200,
09:46:51,57.96,1600,
09:46:51,57.96,500,
09:46:51,57.96,100,
09:46:51,57.96,100,
09:46:51,57.96,100,
09:46:51,57.96,1900,
09:46:51,57.96,100,
09:46:53,57.96,1000,
09:46:53,57.96,4500,
09:46:53,57.96,200,
09:46:53,57.96,600,
09:46:53,57.96,600,
09:46:53,57.96,2000,
09:46:53,57.96,500,
09:46:53,57.97,100,
09:46:53,57.97,100,
09:46:57,57.97,500,
09:46:57,57.97,200,
09:46:58,57.96,400,
09:47:00,57.97,100,
09:47:02,57.97,100,
09:47:02,57.97,1100,
09:47:02,57.97,1800,
09:47:02,57.97,200,
09:47:02,57.97,600,
09:47:02,57.97,100,
09:47:02,57.97,1400,
09:47:02,57.97,6756,
09:47:05,57.97,286,
09:47:05,57.97,200,
09:47:05,57.97,286,
09:47:05,57.96,200,
09:47:05,57.96,100,
09:47:05,57.96,100,
09:47:05,57.96,100,
09:47:05,57.95,300,
09:47:09,57.97,414,
09:47:09,57.97,100,
09:47:09,57.97,520,
09:47:09,57.97,100,
09:47:09,57.97,100,
09:47:09,57.97,186,
09:47:09,57.97,200,
09:47:15,57.96,813,
09:47:15,57.96,200,
09:47:15,57.96,500,
09:47:15,57.96,100,
09:47:15,57.96,100,
09:47:15,57.96,900,
09:47:15,57.96,1628,
09:47:15,57.96,400,
09:47:15,57.96,100,
09:47:16,57.9671,200,
09:47:20,57.95,200,
09:47:20,57.95,200,
09:47:21,57.969,500,
09:47:22,57.96,200,
09:47:22,57.96,600,
09:47:22,57.96,600,
09:47:23,57.97,100,
09:47:23,57.97,100,
09:47:23,57.97,600,
09:47:26,57.97,100,
09:47:27,57.98,100,
09:47:27,57.98,300,
09:47:27,57.98,100,
09:47:27,57.98,100,
09:47:27,57.98,600,
09:47:28,57.9805,500,
09:47:28,57.988,100,
09:47:29,57.99,200,
09:47:31,57.98,100,
09:47:34,57.9799,350,
09:47:36,57.98,399,
09:47:36,57.98,500,
09:47:39,57.99,100,
09:47:39,57.99,100,
09:47:39,57.99,100,
09:47:39,57.99,1100,
09:47:41,58,400,
09:47:41,58,300,
09:47:41,58,100,
09:47:41,58,100,
09:47:41,58,100,
09:47:41,58,1000,
09:47:41,58,100,
09:47:43,58.01,1100,
09:47:43,58.01,1000,
09:47:43,58.01,300,
09:47:43,58.01,200,
09:47:43,58.01,100,
09:47:43,58.01,700,
09:47:43,58.01,200,
09:47:43,58.01,100,
09:47:43,58.02,500,
09:47:44,58.0114,1000,
09:47:45,58.01,200,
09:47:45,58.01,500,
09:47:45,58.01,600,
09:47:46,58.01,100,
09:47:46,58.01,200,
09:47:47,58.01,200,
09:47:47,58.01,200,
09:47:48,58.01,100,
09:47:48,58.01,600,
09:47:48,58.01,600,
09:47:48,58.02,2500,
09:47:48,58.02,100,
09:47:48,58.02,900,
09:47:48,58.02,500,
09:47:48,58.019,100,
09:47:49,58,300,
09:47:49,58,100,
09:47:49,58,100,
09:47:49,58,500,
09:47:50,58,500,
09:47:50,58.01,100,
09:47:50,58.01,100,
09:47:50,58.01,100,
09:47:50,58,1400,
09:47:50,58,600,
09:47:50,58,700,
09:47:52,58,500,
09:47:54,58,600,
09:47:54,58,1000,
09:47:54,58,300,
09:47:56,58.01,200,
09:47:58,58.01,100,
09:48:00,58,100,
09:48:00,58,100,
09:48:01,58.009,500,
09:48:05,58,200,
09:48:06,58,200,
09:48:06,58,300,
09:48:09,58.01,400,
09:48:09,58.01,100,
09:48:09,58.01,100,
09:48:14,58.01,200,
09:48:14,58.01,200,
09:48:14,58.01,2400,
09:48:14,58.01,500,
09:48:14,58.01,7300,
09:48:15,58.01,200,
09:48:15,58.01,105,
09:48:19,58.0005,100,
09:48:22,58.0088,2105,
09:48:22,58,200,
09:48:22,58,100,
09:48:22,58,100,
09:48:22,58,100,
09:48:22,58,100,
09:48:22,58,400,
09:48:24,58.0099,100,
09:48:25,58.01,100,
09:48:26,58,600,
09:48:26,58,400,
09:48:26,58,200,
09:48:27,57.99,1000,
09:48:27,57.99,100,
09:48:27,57.99,100,
09:48:27,57.99,400,
09:48:27,57.99,100,
09:48:27,57.98,100,
09:48:27,57.98,100,
09:48:27,57.98,100,
09:48:27,57.98,500,
09:48:27,57.98,200,
09:48:27,57.98,200,
09:48:27,57.98,500,
09:48:27,57.98,400,
09:48:27,57.98,600,
09:48:27,57.98,600,
09:48:27,57.98,100,
09:48:27,57.98,231,
09:48:29,57.99,400,
09:48:29,57.99,100,
09:48:29,57.99,100,
09:48:29,58,200,
09:48:29,58,100,
09:48:29,58,100,
09:48:29,58,100,
09:48:29,58,100,
09:48:29,58,100,
09:48:29,58,200,
09:48:29,58,100,
09:48:30,58.0017,1000,
09:48:32,58,400,
09:48:32,58,100,
09:48:32,58,100,
09:48:32,58,200,
09:48:33,58.01,200,
09:48:33,58.01,200,
09:48:33,58.01,200,
09:48:33,58.01,2500,
09:48:33,58.01,100,
09:48:33,58.01,600,
09:48:33,58.01,100,
09:48:33,58.01,172,
09:48:34,58.01,4400,
09:48:34,58.01,128,
09:48:35,58.0016,100,
09:48:36,58,1000,
09:48:39,58.0099,200,
09:48:40,58.015,200,
09:48:44,58.0116,100,
09:48:44,58.01,100,
09:48:46,58,200,
09:48:46,58,100,
09:48:46,58,600,
09:48:46,58,100,
09:48:46,58,100,
09:48:46,58,2500,
09:48:50,58,200,
09:48:56,57.99,400,
09:48:56,57.99,100,
09:48:56,57.99,100,
09:48:56,57.99,450,
09:48:59,57.98,300,
09:48:59,57.98,100,
09:48:59,57.98,300,
09:48:59,57.98,100,
09:49:02,57.98,500,
09:49:07,57.99,600,
09:49:07,57.99,100,
09:49:07,57.99,100,
09:49:08,58,100,
09:49:08,58,100,
09:49:08,58,100,
09:49:08,58,700,
09:49:10,58,400,
09:49:12,57.99,100,
09:49:12,57.99,100,
09:49:12,57.99,1000,
09:49:12,57.98,400,
09:49:18,57.99,350,
09:49:19,57.99,500,
09:49:22,57.9801,2539,
09:49:24,58,200,
09:49:26,57.99,525,
09:49:29,57.99,300,
09:49:29,57.99,100,
09:49:29,57.99,500,
09:49:31,58,100,
09:49:31,58,100,
09:49:31,58,600,
09:49:31,58.01,100,
09:49:33,58,415,
09:49:34,58,100,
09:49:34,58,100,
09:49:34,58,100,
09:49:34,58,100,
09:49:34,58,1086,
09:49:34,58.01,200,
09:49:36,57.99,100,
09:49:36,57.99,100,
09:49:36,57.99,100,
09:49:36,57.99,369,
09:49:36,57.99,300,
09:49:36,57.99,3900,
09:49:36,57.99,1100,
09:49:39,57.99,100,
09:49:39,57.99,600,
09:49:39,58,200,
09:49:39,58,100,
09:49:39,58,100,
09:49:45,57.9929,3500,
09:49:47,58,300,
09:49:47,58,400,
09:49:47,58,100,
09:49:47,58,121,
09:49:47,58,100,
09:49:47,58,100,
09:49:47,58,300,
09:49:47,58,400,
09:49:48,57.99,100,
09:49:48,57.99,100,
09:49:48,57.99,100,
09:49:48,57.99,100,
09:49:49,57.99,600,
09:49:52,57.98,200,
09:49:53,57.99,400,
09:49:54,57.99,100,
09:49:54,57.99,100,
09:49:55,57.996,200,
09:49:59,57.99,200,
09:49:59,57.99,500,
09:50:02,57.98,100,
09:50:04,57.99,400,
09:50:06,57.99,100,
09:50:12,57.98,200,
09:50:13,57.99,100,
09:50:13,57.99,100,
09:50:13,57.99,200,
09:50:13,57.99,100,
09:50:13,57.99,1000,
09:50:13,57.99,600,
09:50:14,57.99,100,
09:50:15,57.98,100,
09:50:15,57.98,100,
09:50:15,57.98,100,
09:50:17,57.99,200,
09:50:17,57.99,100,
09:50:17,57.99,100,
09:50:17,57.99,600,
09:50:18,57.98,200,
09:50:18,57.98,374,
09:50:18,57.98,100,
09:50:18,57.98,100,
09:50:22,57.98,500,
09:50:24,57.98,400,
09:50:27,57.98,500,
09:50:27,57.98,230,
09:50:28,57.97,100,
09:50:28,57.97,100,
09:50:28,57.97,100,
09:50:28,57.97,542,
09:50:29,57.96,200,
09:50:29,57.96,100,
09:50:29,57.96,100,
09:50:30,57.9671,800,
09:50:31,57.97,900,
09:50:31,57.97,100,
09:50:31,57.97,1000,
09:50:31,57.97,400,
09:50:35,57.9698,345,
09:50:35,57.96,300,
09:50:39,57.96,100,
09:50:39,57.96,400,
09:50:41,57.95,5000,
09:50:43,57.96,100,
09:50:43,57.96,100,
09:50:45,57.96,200,
09:50:45,57.96,200,
09:50:45,57.97,100,
09:50:45,57.97,100,
09:50:45,57.97,500,
09:50:45,57.98,268,
09:50:45,57.98,300,
09:50:45,57.98,1568,
09:50:45,57.98,100,
09:50:45,57.98,100,
09:50:45,57.98,100,
09:50:45,57.98,100,
09:50:45,57.98,100,
09:50:45,57.98,100,
09:50:45,57.98,100,
09:50:46,57.98,100,
09:50:50,57.97,400,
09:50:50,57.97,300,
09:50:50,57.97,100,
09:50:50,57.97,100,
09:50:50,57.97,100,
09:50:50,57.97,300,
09:50:51,57.9684,600,
09:50:52,57.9671,800,
09:50:57,57.97,1000,
09:50:57,57.97,200,
09:50:57,57.97,200,
09:50:57,57.97,400,
09:50:57,57.97,600,
09:50:57,57.97,500,
09:50:57,57.97,100,
09:50:57,57.97,100,
09:50:57,57.97,200,
09:50:57,57.97,100,
09:50:57,57.97,400,
09:50:57,57.97,200,
09:50:57,57.97,100,
09:50:57,57.97,700,
09:50:57,57.97,1000,
09:50:57,57.97,400,
09:50:57,57.97,100,
09:50:57,57.97,1200,
09:51:00,57.98,100,
09:51:00,57.98,100,
09:51:02,57.98,300,
09:51:02,57.98,245,
09:51:02,57.98,100,
09:51:02,57.98,600,
09:51:02,57.98,600,
09:51:05,57.98,600,
09:51:08,57.97,346,
09:51:13,57.97,200,
09:51:13,57.97,1400,
09:51:13,57.9701,100,
09:51:13,57.97,300,
09:51:13,57.97,700,
09:51:13,57.97,1500,
09:51:14,57.97,400,
09:51:14,57.97,700,
09:51:14,57.97,100,
09:51:14,57.97,100,
09:51:14,57.97,600,
09:51:22,57.97,193,
09:51:22,57.97,500,
09:51:22,57.97,300,
09:51:22,57.97,400,
09:51:22,57.97,245,
09:51:22,57.97,600,
09:51:22,57.97,200,
09:51:22,57.9775,500,
09:51:23,57.97,400,
09:51:30,57.97,100,
09:51:30,57.97,800,
09:51:30,57.97,900,
09:51:30,57.97,100,
09:51:32,57.97,600,
09:51:32,57.97,400,
09:51:32,57.98,100,
09:51:32,57.98,276,
09:51:32,57.98,900,
09:51:32,57.97,600,
09:51:33,57.96,200,
09:51:35,57.96,100,
09:51:35,57.96,200,
09:51:35,57.96,100,
09:51:35,57.96,100,
09:51:35,57.96,100,
09:51:36,57.96,600,
09:51:36,57.96,100,
09:51:36,57.96,417,
09:51:36,57.96,100,
09:51:36,57.96,683,
09:51:38,57.95,200,
09:51:38,57.95,200,
09:51:38,57.95,6800,
09:51:40,57.95,600,
09:51:40,57.95,200,
09:51:40,57.95,100,
09:51:40,57.95,400,
09:51:40,57.95,100,
09:51:40,57.95,100,
09:51:40,57.95,2000,
09:51:40,57.95,400,
09:51:40,57.95,200,
09:51:40,57.95,200,
09:51:40,57.95,100,
09:51:43,57.94,200,
09:51:43,57.94,200,
09:51:43,57.94,500,
09:51:43,57.94,200,
09:51:43,57.94,1000,
09:51:44,57.94,900,
09:51:45,57.94,700,
09:51:45,57.949,300,
09:51:45,57.949,100,
09:51:45,57.95,100,
09:51:45,57.94,300,
09:51:46,57.94,700,
09:51:46,57.95,2700,
09:51:46,57.945,100,
09:51:46,57.96,400,
09:51:46,57.96,100,
09:51:46,57.96,100,
09:51:46,57.96,100,
09:51:52,57.95,200,
09:51:52,57.96,100,
09:51:56,57.9697,400,
09:52:01,57.9699,2000,
09:52:04,57.964,1000,
09:52:08,57.95,100,
09:52:11,57.96,200,
09:52:11,57.96,600,
09:52:11,57.97,1000,
09:52:16,57.96,200,
09:52:20,57.954,1000,
09:52:20,57.96,500,
09:52:21,57.97,200,
09:52:21,57.97,1000,
09:52:21,57.97,500,
09:52:21,57.97,100,
09:52:21,57.97,100,
09:52:21,57.97,400,
09:52:21,57.97,200,
09:52:21,57.97,400,
09:52:21,57.97,400,
09:52:21,57.97,400,
09:52:21,57.97,700,
09:52:21,57.97,600,
09:52:21,57.98,700,
09:52:21,57.98,600,
09:52:21,57.98,600,
09:52:21,57.98,100,
09:52:21,57.98,200,
09:52:21,57.98,600,
09:52:21,57.98,500,
09:52:21,57.98,300,
09:52:21,57.98,400,
09:52:23,57.9613,200,
09:52:25,57.96,100,
09:52:25,57.96,1000,
09:52:25,57.96,100,
09:52:25,57.96,200,
09:52:25,57.96,100,
09:52:25,57.96,100,
09:52:25,57.96,100,
09:52:25,57.96,200,
09:52:27,57.97,900,
09:52:27,57.97,100,
09:52:27,57.97,100,
09:52:27,57.97,100,
09:52:29,57.98,100,
09:52:29,57.98,100,
09:52:29,57.98,100,
09:52:29,57.98,100,
09:52:29,57.98,600,
09:52:30,57.98,200,
09:52:30,57.98,400,
09:52:30,57.98,100,
09:52:30,57.98,200,
09:52:30,57.98,300,
09:52:30,57.98,200,
09:52:32,57.9722,1000,
09:52:35,57.97,400,
09:52:35,57.97,532,
09:52:35,57.97,800,
09:52:35,57.97,700,
09:52:35,57.97,100,
09:52:35,57.97,100,
09:52:35,57.96,155,
09:52:36,57.96,116,
09:52:36,57.96,100,
09:52:36,57.96,133,
09:52:40,57.96,500,
09:52:42,57.96,100,
09:52:42,57.96,300,
09:52:43,57.9558,200,
09:52:44,57.96,600,
09:52:46,57.96,500,
09:52:50,57.964,450,
09:52:51,57.97,100,
09:52:51,57.97,100,
09:52:51,57.97,1000,
09:52:51,57.97,400,
09:52:54,57.97,400,
09:52:54,57.97,100,
09:52:59,57.97,500,
09:52:59,57.97,100,
09:52:59,57.97,700,
09:52:59,57.97,100,
09:52:59,57.96,800,
09:52:59,57.96,1200,
09:52:59,57.96,200,
09:52:59,57.96,400,
09:52:59,57.96,100,
09:52:59,57.96,300,
09:52:59,57.96,100,
09:52:59,57.96,400,
09:52:59,57.96,700,
09:53:00,57.95,100,
09:53:00,57.95,500,
09:53:00,57.95,100,
09:53:01,57.9513,1000,
09:53:05,57.95,100,
09:53:05,57.95,100,
09:53:05,57.94,300,
09:53:05,57.94,100,
09:53:05,57.94,100,
09:53:05,57.94,400,
09:53:05,57.94,200,
09:53:05,57.94,1000,
09:53:05,57.94,100,
09:53:06,57.93,100,
09:53:07,57.93,300,
09:53:07,57.93,100,
09:53:07,57.93,100,
09:53:09,57.94,100,
09:53:09,57.94,400,
09:53:09,57.94,500,
09:53:12,57.93,1800,
09:53:14,57.95,400,
09:53:14,57.95,100,
09:53:14,57.95,100,
09:53:14,57.95,500,
09:53:14,57.95,100,
09:53:16,57.94,1400,
09:53:19,57.9401,100,
09:53:22,57.94,100,
09:53:22,57.94,100,
09:53:28,57.93,100,
09:53:28,57.93,100,
09:53:28,57.93,100,
09:53:31,57.9269,165,
09:53:34,57.93,200,
09:53:36,57.9295,300,
09:53:37,57.92,100,
09:53:37,57.92,100,
09:53:39,57.9258,100,
09:53:39,57.93,100,
09:53:39,57.93,100,
09:53:46,57.93,500,
09:53:47,57.92,100,
09:53:47,57.92,100,
09:53:47,57.92,100,
09:53:52,57.91,100,
09:53:52,57.91,100,
09:53:52,57.9101,600,
09:53:53,57.91,200,
09:53:57,57.92,300,
09:53:57,57.92,337,
09:53:57,57.92,200,
09:53:57,57.92,100,
09:53:57,57.92,100,
09:53:57,57.92,500,
09:53:57,57.92,100,
09:53:58,57.93,100,
09:53:58,57.93,100,
09:53:58,57.93,100,
09:53:58,57.93,100,
09:53:58,57.93,100,
09:53:58,57.92,100,
09:54:00,57.93,100,
09:54:01,57.929,1000,
09:54:11,57.92,400,
09:54:17,57.92,400,
09:54:19,57.92,300,
09:54:23,57.93,200,
09:54:23,57.93,100,
09:54:23,57.93,329,
09:54:23,57.93,100,
09:54:23,57.93,100,
09:54:24,57.9299,345,
09:54:25,57.92,300,
09:54:25,57.92,2000,
09:54:25,57.92,3200,
09:54:25,57.92,4900,
09:54:25,57.92,600,
09:54:28,57.94,2300,
09:54:28,57.94,100,
09:54:30,57.923,500,
09:54:30,57.93,500,
09:54:31,57.93,100,
09:54:31,57.94,300,
09:54:31,57.94,400,
09:54:37,57.93,1000,
09:54:43,57.94,1000,
09:54:43,57.94,100,
09:54:43,57.94,100,
09:54:43,57.94,100,
09:54:49,57.95,200,
09:54:53,57.9474,1000,
09:54:57,57.90,100,
09:54:57,57.92,1800,
09:54:57,57.92,2000,
09:54:57,57.92,400,
09:54:57,57.92,100,
09:54:57,57.92,100,
09:54:57,57.92,100,
09:54:57,57.93,100,
09:54:57,57.93,100,
09:54:57,57.93,100,
09:54:57,57.90,200,
09:54:57,57.90,600,
09:54:57,57.90,400,
09:54:57,57.90,100,
09:54:57,57.90,100,
09:54:57,57.90,100,
09:54:57,57.90,2000,
09:54:57,57.91,1000,
09:54:57,57.91,400,
09:54:57,57.91,100,
09:54:57,57.91,100,
09:54:57,57.91,400,
09:54:57,57.91,200,
09:54:58,57.91,100,
09:54:58,57.88,2000,
09:54:58,57.90,400,
09:54:58,57.90,1000,
09:54:58,57.90,1000,
09:54:58,57.89,100,
09:54:58,57.87,200,
09:54:58,57.87,100,
09:54:58,57.85,100,
09:54:58,57.85,500,
09:54:58,57.86,100,
09:54:58,57.89,100,
09:54:58,57.89,100,
09:54:58,57.88,400,
09:54:58,57.88,100,
09:54:58,57.87,200,
09:54:58,57.87,100,
09:54:58,57.86,100,
09:54:58,57.86,100,
09:54:58,57.86,100,
09:54:58,57.87,550,
09:54:58,57.87,550,
09:54:58,57.87,550,
09:54:58,57.87,366,
09:54:58,57.87,200,
09:54:58,57.90,100,
09:54:58,57.87,1100,
09:54:58,57.87,1074,
09:54:58,57.87,574,
09:54:58,57.87,274,
09:54:58,57.87,800,
09:54:58,57.87,500,
09:54:58,57.87,200,
09:54:58,57.87,200,
09:54:58,57.87,100,
09:54:58,57.87,199,
09:54:59,57.87,300,
09:54:59,57.87,100,
09:54:59,57.87,300,
09:54:59,57.87,100,
09:54:59,57.88,203,
09:54:59,57.88,100,
09:54:59,57.87,100,
09:54:59,57.87,300,
09:54:59,57.88,100,
09:54:59,57.88,140,
09:54:59,57.88,100,
09:54:59,57.88,100,
09:54:59,57.87,300,
09:54:59,57.87,100,
09:54:59,57.87,100,
09:55:00,57.88,100,
09:55:00,57.88,400,
09:55:00,57.88,100,
09:55:00,57.88,400,
09:55:00,57.88,100,
09:55:00,57.88,1161,
09:55:00,57.88,100,
09:55:00,57.89,400,
09:55:01,57.89,100,
09:55:01,57.89,100,
09:55:01,57.89,100,
09:55:02,57.89,600,
09:55:02,57.89,100,
09:55:02,57.89,600,
09:55:02,57.88,100,
09:55:02,57.88,100,
09:55:03,57.88,600,
09:55:03,57.88,200,
09:55:04,57.89,100,
09:55:04,57.89,300,
09:55:04,57.89,200,
09:55:04,57.89,500,
09:55:04,57.89,200,
09:55:04,57.89,200,
09:55:04,57.89,100,
09:55:04,57.89,100,
09:55:05,57.90,100,
09:55:05,57.90,100,
09:55:05,57.90,100,
09:55:05,57.91,100,
09:55:05,57.91,100,
09:55:05,57.91,300,
09:55:05,57.91,100,
09:55:05,57.91,100,
09:55:05,57.91,100,
09:55:05,57.91,100,
09:55:05,57.91,100,
09:55:06,57.92,100,
09:55:06,57.92,100,
09:55:06,57.92,300,
09:55:06,57.92,900,
09:55:06,57.92,500,
09:55:06,57.92,300,
09:55:06,57.92,561,
09:55:07,57.92,380,
09:55:07,57.91,500,
09:55:07,57.91,200,
09:55:07,57.91,100,
09:55:07,57.91,400,
09:55:07,57.91,400,
09:55:07,57.91,500,
09:55:07,57.91,100,
09:55:07,57.91,100,
09:55:07,57.91,100,
09:55:07,57.91,696,
09:55:07,57.91,212,
09:55:07,57.90,700,
09:55:07,57.90,500,
09:55:07,57.92,200,
09:55:07,57.91,300,
09:55:07,57.91,500,
09:55:07,57.91,400,
09:55:07,57.91,500,
09:55:07,57.91,200,
09:55:07,57.91,400,
09:55:07,57.91,600,
09:55:07,57.91,200,
09:55:07,57.91,100,
09:55:07,57.91,200,
09:55:07,57.91,300,
09:55:07,57.91,200,
09:55:07,57.92,100,
09:55:07,57.92,2000,
09:55:07,57.92,400,
09:55:07,57.92,400,
09:55:07,57.91,100,
09:55:07,57.92,400,
09:55:07,57.92,200,
09:55:08,57.92,300,
09:55:08,57.92,400,
09:55:08,57.92,700,
09:55:08,57.92,2300,
09:55:08,57.92,200,
09:55:08,57.92,300,
09:55:08,57.92,1500,
09:55:08,57.92,300,
09:55:08,57.91,200,
09:55:08,57.92,100,
09:55:08,57.92,200,
09:55:08,57.92,100,
09:55:08,57.90,100,
09:55:08,57.91,200,
09:55:08,57.91,700,
09:55:08,57.91,400,
09:55:08,57.91,200,
09:55:08,57.91,200,
09:55:08,57.91,2000,
09:55:08,57.91,800,
09:55:08,57.91,400,
09:55:08,57.91,1500,
09:55:08,57.90,100,
09:55:08,57.90,100,
09:55:09,57.91,500,
09:55:09,57.90,100,
09:55:09,57.91,200,
09:55:09,57.91,200,
09:55:09,57.91,500,
09:55:09,57.92,100,
09:55:09,57.91,400,
09:55:09,57.91,1700,
09:55:09,57.91,100,
09:55:09,57.91,300,
09:55:09,57.91,200,
09:55:09,57.91,600,
09:55:09,57.91,100,
09:55:09,57.92,200,
09:55:09,57.92,200,
09:55:09,57.92,300,
09:55:09,57.92,423,
09:55:09,57.92,100,
09:55:09,57.92,100,
09:55:09,57.92,100,
09:55:09,57.92,900,
09:55:09,57.92,100,
09:55:09,57.92,600,
09:55:09,57.92,200,
09:55:09,57.924,100,
09:55:09,57.91,400,
09:55:09,57.90,500,
09:55:10,57.90,100,
09:55:11,57.90,100,
09:55:11,57.90,100,
09:55:11,57.90,100,
09:55:11,57.90,100,
09:55:11,57.90,500,
09:55:11,57.90,500,
09:55:11,57.90,100,
09:55:11,57.89,200,
09:55:11,57.89,300,
09:55:11,57.89,100,
09:55:11,57.89,100,
09:55:11,57.89,500,
09:55:11,57.89,400,
09:55:11,57.89,300,
09:55:11,57.89,300,
09:55:11,57.89,200,
09:55:11,57.89,400,
09:55:11,57.90,500,
09:55:11,57.90,100,
09:55:11,57.90,400,
09:55:11,57.90,500,
09:55:11,57.91,200,
09:55:11,57.91,300,
09:55:11,57.91,500,
09:55:12,57.91,100,
09:55:12,57.90,100,
09:55:12,57.91,400,
09:55:12,57.91,100,
09:55:12,57.89,200,
09:55:13,57.90,400,
09:55:13,57.90,200,
09:55:13,57.90,100,
09:55:13,57.90,100,
09:55:13,57.90,500,
09:55:13,57.90,600,
09:55:13,57.90,500,
09:55:13,57.90,200,
09:55:13,57.91,200,
09:55:13,57.91,100,
09:55:13,57.91,100,
09:55:13,57.91,100,
09:55:13,57.91,400,
09:55:13,57.91,400,
09:55:13,57.91,200,
09:55:13,57.91,400,
09:55:13,57.90,500,
09:55:13,57.91,100,
09:55:13,57.91,500,
09:55:13,57.91,200,
09:55:13,57.90,200,
09:55:15,57.91,100,
09:55:15,57.90,200,
09:55:15,57.91,450,
09:55:15,57.90,300,
09:55:16,57.9003,300,
09:55:16,57.90,100,
09:55:16,57.90,100,
09:55:16,57.90,100,
09:55:16,57.90,200,
09:55:16,57.90,200,
09:55:16,57.90,400,
09:55:17,57.91,189,
09:55:17,57.91,700,
09:55:17,57.91,400,
09:55:17,57.91,100,
09:55:17,57.91,100,
09:55:17,57.91,100,
09:55:17,57.90,100,
09:55:18,57.92,400,
09:55:18,57.92,400,
09:55:18,57.92,400,
09:55:18,57.92,100,
09:55:18,57.92,100,
09:55:18,57.92,300,
09:55:18,57.92,300,
09:55:18,57.92,100,
09:55:18,57.92,400,
09:55:21,57.93,200,
09:55:21,57.93,100,
09:55:21,57.93,100,
09:55:21,57.93,100,
09:55:21,57.93,300,
09:55:21,57.94,100,
09:55:21,57.94,200,
09:55:21,57.94,100,
09:55:21,57.94,100,
09:55:21,57.93,1364,
09:55:21,57.93,700,
09:55:21,57.93,100,
09:55:21,57.93,436,
09:55:21,57.93,100,
09:55:21,57.93,300,
09:55:21,57.93,400,
09:55:22,57.9399,400,
09:55:24,57.93,200,
09:55:24,57.92,100,
09:55:24,57.93,100,
09:55:24,57.93,100,
09:55:24,57.93,518,
09:55:24,57.93,100,
09:55:26,57.92,300,
09:55:26,57.92,800,
09:55:26,57.92,100,
09:55:26,57.92,100,
09:55:26,57.92,100,
09:55:26,57.92,300,
09:55:26,57.92,837,
09:55:26,57.92,1200,
09:55:26,57.91,300,
09:55:26,57.91,200,
09:55:27,57.91,100,
09:55:27,57.91,100,
09:55:27,57.91,1700,
09:55:27,57.91,100,
09:55:28,57.90,100,
09:55:28,57.91,300,
09:55:28,57.91,500,
09:55:28,57.91,200,
09:55:28,57.91,100,
09:55:29,57.91,200,
09:55:29,57.90,105,
09:55:29,57.90,100,
09:55:29,57.90,100,
09:55:29,57.89,400,
09:55:29,57.89,172,
09:55:29,57.89,100,
09:55:29,57.89,100,
09:55:29,57.90,100,
09:55:29,57.89,100,
09:55:29,57.88,600,
09:55:29,57.88,100,
09:55:29,57.88,400,
09:55:29,57.88,500,
09:55:29,57.88,100,
09:55:29,57.88,1200,
09:55:30,57.88,700,
09:55:30,57.88,400,
09:55:30,57.88,500,
09:55:30,57.88,400,
09:55:30,57.88,100,
09:55:30,57.88,700,
09:55:30,57.88,840,
09:55:31,57.88,100,
09:55:32,57.92,100,
09:55:33,57.88,200,
09:55:33,57.88,148,
09:55:33,57.88,100,
09:55:35,57.88,400,
09:55:35,57.88,300,
09:55:35,57.88,100,
09:55:36,57.88,280,
09:55:36,57.88,400,
09:55:36,57.88,500,
09:55:36,57.88,800,
09:55:36,57.88,100,
09:55:42,57.88,700,
09:55:43,57.89,100,
09:55:43,57.89,100,
09:55:43,57.89,100,
09:55:44,57.889,100,
09:55:45,57.89,100,
09:55:45,57.89,400,
09:55:45,57.89,470,
09:55:45,57.89,300,
09:55:45,57.89,400,
09:55:45,57.89,400,
09:55:45,57.89,700,
09:55:45,57.89,400,
09:55:45,57.89,200,
09:55:45,57.89,500,
09:55:45,57.89,100,
09:55:45,57.885,300,
09:55:45,57.90,400,
09:55:47,57.89,100,
09:55:47,57.89,100,
09:55:47,57.90,400,
09:55:47,57.885,300,
09:55:47,57.90,100,
09:55:47,57.895,400,
09:55:47,57.90,100,
09:55:47,57.90,100,
09:55:47,57.90,100,
09:55:47,57.90,400,
09:55:47,57.91,400,
09:55:47,57.889,170,
09:55:48,57.90,500,
09:55:48,57.90,500,
09:55:48,57.90,300,
09:55:48,57.90,400,
09:55:48,57.90,400,
09:55:48,57.90,500,
09:55:48,57.90,200,
09:55:48,57.89,100,
09:55:48,57.89,100,
09:55:48,57.89,500,
09:55:49,57.89,100,
09:55:51,57.88,200,
09:55:51,57.88,100,
09:55:51,57.88,100,
09:55:51,57.88,100,
09:55:51,57.88,300,
09:55:51,57.88,200,
09:55:51,57.88,200,
09:55:51,57.88,100,
09:55:52,57.88,500,
09:55:52,57.88,780,
09:55:52,57.88,200,
09:55:52,57.88,800,
09:55:52,57.88,200,
09:55:54,57.88,300,
09:55:54,57.88,151,
09:55:54,57.89,300,
09:55:54,57.89,100,
09:55:54,57.89,100,
09:55:54,57.89,100,
09:55:54,57.89,500,
09:55:54,57.88,100,
09:55:56,57.88,100,
09:55:56,57.88,100,
09:55:56,57.88,100,
09:55:56,57.88,100,
09:55:56,57.89,147,
09:55:56,57.89,500,
09:55:56,57.89,100,
09:55:56,57.89,100,
09:55:56,57.89,311,
09:55:58,57.90,379,
09:55:58,57.90,100,
09:55:58,57.90,500,
09:55:58,57.90,106,
09:55:58,57.90,100,
09:55:58,57.90,100,
09:55:58,57.90,100,
09:55:58,57.91,100,
09:55:58,57.90,280,
09:55:58,57.90,100,
09:55:59,57.91,100,
09:55:59,57.91,100,
09:55:59,57.91,100,
09:56:00,57.91,200,
09:56:00,57.91,500,
09:56:00,57.91,540,
09:56:01,57.91,100,
09:56:01,57.91,100,
09:56:01,57.91,1000,
09:56:01,57.91,5780,
09:56:04,57.91,200,
09:56:04,57.902,186,
09:56:09,57.90,100,
09:56:09,57.90,100,
09:56:09,57.90,100,
09:56:09,57.90,400,
09:56:10,57.90,100,
09:56:10,57.8999,100,
09:56:13,57.91,100,
09:56:13,57.91,100,
09:56:15,57.92,100,
09:56:15,57.92,100,
09:56:15,57.92,100,
09:56:15,57.93,2000,
09:56:16,57.93,169,
09:56:16,57.93,400,
09:56:16,57.93,3400,
09:56:16,57.93,100,
09:56:16,57.93,100,
09:56:16,57.93,100,
09:56:16,57.93,365,
09:56:17,57.94,100,
09:56:17,57.94,100,
09:56:17,57.94,100,
09:56:17,57.94,100,
09:56:17,57.94,3300,
09:56:17,57.94,400,
09:56:17,57.94,300,
09:56:17,57.94,200,
09:56:19,57.9413,1000,
09:56:20,57.94,400,
09:56:20,57.94,200,
09:56:21,57.94,300,
09:56:21,57.94,400,
09:56:22,57.93,100,
09:56:22,57.93,100,
09:56:22,57.93,100,
09:56:22,57.93,400,
09:56:23,57.93,100,
09:56:23,57.93,100,
09:56:26,57.92,400,
09:56:26,57.92,100,
09:56:26,57.92,100,
09:56:26,57.92,100,
09:56:26,57.92,400,
09:56:26,57.929,500,
09:56:26,57.91,100,
09:56:26,57.91,500,
09:56:26,57.91,100,
09:56:26,57.91,100,
09:56:26,57.91,100,
09:56:27,57.91,500,
09:56:27,57.91,100,
09:56:28,57.919,1900,
09:56:29,57.92,100,
09:56:29,57.92,100,
09:56:29,57.92,100,
09:56:32,57.92,200,
09:56:32,57.92,500,
09:56:32,57.92,200,
09:56:32,57.9199,170,
09:56:33,57.92,200,
09:56:33,57.92,100,
09:56:33,57.92,200,
09:56:33,57.9199,100,
09:56:33,57.9199,100,
09:56:33,57.9199,200,
09:56:34,57.92,300,
09:56:34,57.92,100,
09:56:37,57.92,400,
09:56:40,57.91,100,
09:56:40,57.91,200,
09:56:40,57.91,200,
09:56:45,57.91,100,
09:56:45,57.91,100,
09:56:48,57.90,100,
09:56:48,57.90,300,
09:56:48,57.90,100,
09:56:48,57.90,300,
09:56:48,57.90,200,
09:56:48,57.90,100,
09:56:48,57.90,100,
09:56:48,57.90,100,
09:56:48,57.90,400,
09:56:48,57.90,500,
09:56:51,57.89,100,
09:56:51,57.89,200,
09:56:53,57.90,200,
09:56:53,57.89,500,
09:56:53,57.89,100,
09:56:53,57.89,200,
09:56:53,57.90,500,
09:56:53,57.90,100,
09:56:53,57.91,100,
09:56:53,57.91,136,
09:56:54,57.91,100,
09:56:54,57.91,100,
09:56:54,57.91,100,
09:56:54,57.91,100,
09:56:54,57.91,100,
09:56:55,57.92,200,
09:56:55,57.91,600,
09:56:57,57.92,100,
09:56:57,57.92,100,
09:56:57,57.92,100,
09:56:59,57.92,100,
09:57:01,57.92,300,
09:57:01,57.92,336,
09:57:01,57.92,100,
09:57:02,57.93,100,
09:57:02,57.91,100,
09:57:02,57.91,100,
09:57:02,57.91,100,
09:57:10,57.90,100,
09:57:10,57.90,100,
09:57:12,57.90,100,
09:57:12,57.90,100,
09:57:14,57.90,200,
09:57:15,57.91,100,
09:57:15,57.91,100,
09:57:15,57.91,350,
09:57:15,57.91,100,
09:57:15,57.91,378,
09:57:16,57.9099,1000,
09:57:20,57.90,122,
09:57:20,57.90,100,
09:57:20,57.90,100,
09:57:20,57.89,100,
09:57:28,57.90,100,
09:57:28,57.90,300,
09:57:28,57.90,1400,
09:57:28,57.90,1500,
09:57:28,57.90,100,
09:57:30,57.90,700,
09:57:30,57.90,104,
09:57:30,57.90,100,
09:57:30,57.90,200,
09:57:30,57.90,100,
09:57:30,57.90,204,
09:57:30,57.91,200,
09:57:30,57.91,500,
09:57:30,57.91,622,
09:57:30,57.91,100,
09:57:30,57.9126,1000,
09:57:31,57.92,100,
09:57:31,57.92,200,
09:57:31,57.92,100,
09:57:31,57.92,200,
09:57:33,57.93,300,
09:57:33,57.93,200,
09:57:33,57.93,100,
09:57:33,57.93,100,
09:57:33,57.925,100,
09:57:33,57.94,400,
09:57:33,57.94,100,
09:57:33,57.94,100,
09:57:33,57.94,100,
09:57:34,57.94,200,
09:57:36,57.93,100,
09:57:37,57.93,500,
09:57:37,57.93,200,
09:57:37,57.93,100,
09:57:37,57.93,100,
09:57:40,57.93,200,
09:57:40,57.93,2000,
09:57:40,57.9299,500,
09:57:41,57.93,100,
09:57:45,57.93,200,
09:57:45,57.93,2400,
09:57:45,57.93,1400,
09:57:45,57.93,200,
09:57:45,57.93,100,
09:57:45,57.93,400,
09:57:45,57.94,400,
09:57:45,57.94,300,
09:57:45,57.94,200,
09:57:45,57.94,100,
09:57:45,57.94,300,
09:57:45,57.935,100,
09:57:45,57.93,372,
09:57:45,57.93,500,
09:57:45,57.93,200,
09:57:45,57.93,400,
09:57:45,57.93,354,
09:57:45,57.93,300,
09:57:45,57.93,100,
09:57:45,57.93,177,
09:57:45,57.934,100,
09:57:45,57.93,100,
09:57:46,57.9313,1000,
09:57:46,57.94,1800,
09:57:46,57.94,100,
09:57:46,57.94,100,
09:57:46,57.94,500,
09:57:46,57.94,400,
09:57:46,57.94,400,
09:57:46,57.94,200,
09:57:46,57.94,500,
09:57:46,57.94,1180,
09:57:46,57.94,1100,
09:57:46,57.94,346,
09:57:46,57.94,354,
09:57:46,57.94,100,
09:57:46,57.94,200,
09:57:46,57.95,3800,
09:57:46,57.94,100,
09:57:47,57.95,200,
09:57:47,57.95,100,
09:57:47,57.95,100,
09:57:47,57.95,100,
09:57:47,57.95,3400,
09:57:47,57.95,400,
09:57:47,57.95,100,
09:57:47,57.95,1100,
09:57:47,57.955,3096,
09:57:47,57.955,3096,
09:57:47,57.955,2790,
09:57:47,57.95,100,
09:57:47,57.95,100,
09:57:47,57.95,400,
09:57:47,57.94,2000,
09:57:47,57.94,390,
09:57:47,57.94,400,
09:57:47,57.94,400,
09:57:47,57.94,100,
09:57:47,57.94,200,
09:57:47,57.94,200,
09:57:47,57.94,110,
09:57:47,57.94,200,
09:57:47,57.945,510,
09:57:47,57.945,1000,
09:57:47,57.945,500,
09:57:47,57.945,100,
09:57:47,57.945,200,
09:57:47,57.945,200,
09:57:47,57.945,2300,
09:57:47,57.945,100,
09:57:47,57.945,200,
09:57:47,57.945,1200,
09:57:47,57.945,100,
09:57:47,57.93,400,
09:57:47,57.94,100,
09:57:47,57.945,500,
09:57:47,57.94,100,
09:57:47,57.945,200,
09:57:47,57.95,500,
09:57:47,57.93,200,
09:57:47,57.93,200,
09:57:47,57.93,500,
09:57:47,57.93,200,
09:57:47,57.93,100,
09:57:47,57.93,100,
09:57:47,57.93,100,
09:57:47,57.93,300,
09:57:47,57.94,400,
09:57:47,57.95,200,
09:57:47,57.94,119,
09:57:47,57.945,300,
09:57:47,57.95,1000,
09:57:47,57.945,400,
09:57:47,57.95,400,
09:57:47,57.94,400,
09:57:47,57.95,5200,
09:57:47,57.95,400,
09:57:47,57.95,200,
09:57:47,57.95,4800,
09:57:47,57.95,100,
09:57:47,57.95,400,
09:57:47,57.95,400,
09:57:47,57.95,300,
09:57:48,57.95,100,
09:57:48,57.95,100,
09:57:48,57.95,500,
09:57:48,57.95,400,
09:57:48,57.95,200,
09:57:49,57.9598,8000,
09:57:49,57.95,100,
09:57:49,57.95,100,
09:57:49,57.95,2600,
09:57:49,57.95,400,
09:57:49,57.96,100,
09:57:49,57.96,3000,
09:57:49,57.96,400,
09:57:49,57.96,10000,
09:57:49,57.96,1630,
09:57:49,57.96,2000,
09:57:49,57.96,3208,
09:57:49,57.96,300,
09:57:49,57.96,100,
09:57:49,57.96,100,
09:57:49,57.96,100,
09:57:49,57.95,1000,
09:57:49,57.96,100,
09:57:49,57.96,100,
09:57:49,57.96,100,
09:57:49,57.96,200,
09:57:50,57.97,100,
09:57:50,57.97,100,
09:57:50,57.97,1500,
09:57:50,57.97,100,
09:57:50,57.97,300,
09:57:50,57.97,400,
09:57:50,57.97,100,
09:57:50,57.98,100,
09:57:50,57.98,100,
09:57:50,57.98,200,
09:57:50,57.98,3400,
09:57:50,57.98,500,
09:57:50,57.98,500,
09:57:50,57.98,1630,
09:57:50,57.98,2000,
09:57:50,57.98,400,
09:57:50,57.98,1600,
09:57:50,57.98,100,
09:57:50,57.98,100,
09:57:50,57.98,222,
09:57:50,57.98,100,
09:57:51,57.99,400,
09:57:51,57.99,100,
09:57:51,57.99,100,
09:57:51,57.99,100,
09:57:51,57.99,500,
09:57:51,57.99,300,
09:57:51,58,2300,
09:57:51,58,100,
09:57:53,58,2200,
09:57:53,58,100,
09:57:53,58,100,
09:57:53,58,100,
09:57:53,58,100,
09:57:53,58,3005,
09:57:53,58,400,
09:57:53,58,813,
09:57:54,58,1900,
09:57:55,58,400,
09:57:56,58,2687,
09:57:58,58.01,100,
09:57:59,58.01,200,
09:57:59,58.0093,100,
09:58:00,58.01,100,
09:58:00,58.01,100,
09:58:00,58.01,100,
09:58:00,58.01,400,
09:58:01,58.02,1000,
09:58:02,58.02,1800,
09:58:02,58.01,400,
09:58:02,58.01,500,
09:58:02,58.01,200,
09:58:03,58.01,100,
09:58:04,58.02,100,
09:58:04,58.02,100,
09:58:04,58.02,200,
09:58:05,58.02,250,
09:58:07,58.02,200,
09:58:07,58.02,758,
09:58:07,58.02,500,
09:58:07,58.02,521,
09:58:07,58.02,100,
09:58:07,58.02,100,
09:58:07,58.02,100,
09:58:07,58.02,400,
09:58:07,58.02,100,
09:58:09,58.0101,150,
09:58:10,58.01,600,
09:58:10,58.01,404,
09:58:10,58.01,100,
09:58:10,58.01,100,
09:58:10,58.01,196,
09:58:10,58.01,547,
09:58:10,58.01,600,
09:58:10,58.01,113,
09:58:10,58,100,
09:58:11,58.01,136,
09:58:11,58,100,
09:58:11,58,100,
09:58:11,58,100,
09:58:11,58,200,
09:58:13,58.01,200,
09:58:16,58.01,100,
09:58:16,58.01,200,
09:58:17,58.02,100,
09:58:17,58.02,200,
09:58:18,58.02,200,
09:58:20,58.019,800,
09:58:20,58.019,100,
09:58:22,58.03,200,
09:58:22,58.03,250,
09:58:22,58.03,400,
09:58:22,58.03,100,
09:58:22,58.03,100,
09:58:22,58.03,400,
09:58:22,58.0397,400,
09:58:22,58.0398,200,
09:58:24,58.03,200,
09:58:25,58.03,4000,
09:58:27,58.0299,100,
09:58:27,58.03,100,
09:58:29,58.0202,2400,
09:58:31,58.02,1500,
09:58:32,58.02,100,
09:58:33,58.03,200,
09:58:33,58.03,100,
09:58:33,58.03,540,
09:58:34,58.03,100,
09:58:34,58.03,300,
09:58:34,58.02,300,
09:58:35,58.03,100,
09:58:35,58.03,200,
09:58:39,58.02,100,
09:58:39,58.02,100,
09:58:41,58.0237,300,
09:58:41,58.03,500,
09:58:42,58.02,100,
09:58:43,58.02,100,
09:58:44,58.03,100,
09:58:44,58.03,100,
09:58:45,58.02,200,
09:58:47,58.03,100,
09:58:48,58.03,100,
09:58:50,58.02,100,
09:58:50,58.02,100,
09:58:50,58.02,100,
09:58:51,58.02,100,
09:58:57,58.01,100,
09:58:57,58.01,100,
09:58:57,58.01,300,
09:58:57,58.01,2000,
09:58:57,58.01,164,
09:59:00,58.01,100,
09:59:00,58,180,
09:59:03,58.01,2000,
09:59:03,58.008,100,
09:59:06,58,300,
09:59:06,58,100,
09:59:06,58,100,
09:59:06,58,400,
09:59:06,58,400,
09:59:06,58,517,
09:59:06,58,500,
09:59:06,58,200,
09:59:06,58,500,
09:59:06,58,200,
09:59:06,58,400,
09:59:06,58,300,
09:59:06,58,100,
09:59:06,57.99,100,
09:59:06,57.99,600,
09:59:06,58,100,
09:59:06,57.99,100,
09:59:06,57.99,300,
09:59:06,57.99,200,
09:59:06,57.99,100,
09:59:06,57.99,100,
09:59:06,57.99,100,
09:59:06,58,100,
09:59:06,57.98,100,
09:59:06,57.98,100,
09:59:06,57.98,100,
09:59:06,57.98,400,
09:59:06,57.98,400,
09:59:06,57.98,400,
09:59:06,57.99,100,
09:59:06,57.98,100,
09:59:06,57.98,400,
09:59:08,57.9707,4000,
09:59:09,57.97,100,
09:59:09,57.97,100,
09:59:09,57.97,500,
09:59:10,57.97,100,
09:59:11,57.96,300,
09:59:11,57.96,124,
09:59:11,57.96,300,
09:59:11,57.96,100,
09:59:11,57.96,100,
09:59:11,57.96,100,
09:59:11,57.9781,170,
09:59:12,57.97,800,
09:59:14,57.97,100,
09:59:14,57.97,100,
09:59:14,57.98,100,
09:59:14,57.98,100,
09:59:15,57.97,2000,
09:59:19,57.98,200,
09:59:19,57.98,500,
09:59:19,57.98,500,
09:59:19,57.98,100,
09:59:19,57.98,100,
09:59:19,57.98,100,
09:59:19,57.98,100,
09:59:22,57.97,1000,
09:59:22,57.97,100,
09:59:27,57.9798,3000,
09:59:29,57.97,100,
09:59:33,57.97,1000,
09:59:33,57.97,175,
09:59:33,57.97,100,
09:59:33,57.97,325,
09:59:36,57.97,500,
09:59:41,57.97,300,
09:59:44,57.96,400,
09:59:47,57.96,150,
09:59:47,57.96,100,
09:59:47,57.96,100,
09:59:47,57.96,100,
09:59:47,57.96,100,
09:59:47,57.96,216,
09:59:47,57.96,100,
09:59:48,57.95,5000,
09:59:51,57.95,100,
09:59:51,57.95,100,
09:59:52,57.95,100,
09:59:52,57.95,100,
09:59:52,57.95,100,
09:59:52,57.95,200,
09:59:57,57.95,400,
09:59:59,57.95,100,
09:59:59,57.94,100,
09:59:59,57.94,100,
09:59:59,57.94,100,
09:59:59,57.94,100,
10:00:02,57.93,500,
10:00:02,57.93,700,
10:00:02,57.93,150,
10:00:03,57.93,500,
10:00:03,57.93,200,
10:00:04,57.93,100,
10:00:04,57.93,1100,
10:00:04,57.93,1500,
10:00:04,57.93,200,
10:00:04,57.93,100,
10:00:04,57.94,100,
10:00:04,57.94,100,
10:00:04,57.94,100,
10:00:07,57.93,100,
10:00:08,57.93,100,
10:00:11,57.9287,1500,
10:00:12,57.92,500,
10:00:12,57.92,200,
10:00:12,57.92,100,
10:00:12,57.92,100,
10:00:12,57.92,2100,
10:00:12,57.92,700,
10:00:13,57.92,200,
10:00:14,57.92,200,
10:00:14,57.92,100,
10:00:15,57.929,500,
10:00:25,57.9101,2000,
10:00:28,57.91,100,
10:00:28,57.91,100,
10:00:28,57.91,2500,
10:00:28,57.91,1600,
10:00:28,57.91,2800,
10:00:28,57.91,100,
10:00:34,57.92,700,
10:00:34,57.92,100,
10:00:34,57.92,100,
10:00:35,57.92,108,
10:00:41,57.91,3300,
10:00:41,57.91,200,
10:00:41,57.91,100,
10:00:41,57.91,100,
10:00:41,57.91,100,
10:00:41,57.91,200,
10:00:43,57.91,100,
10:00:43,57.9101,702,
10:00:45,57.909,1000,
10:00:46,57.909,263,
10:00:47,57.91,100,
10:00:48,57.91,200,
10:00:48,57.91,200,
10:00:50,57.9101,800,
10:00:50,57.90,625,
10:00:50,57.90,250,
10:00:50,57.90,100,
10:00:50,57.90,100,
10:00:50,57.90,100,
10:00:50,57.90,200,
10:00:50,57.90,365,
10:00:50,57.90,100,
10:00:50,57.90,100,
10:00:50,57.90,190,
10:00:50,57.90,400,
10:00:52,57.8987,1000,
10:00:55,57.89,500,
10:00:55,57.89,100,
10:00:55,57.89,100,
10:00:55,57.89,100,
10:00:55,57.89,200,
10:00:55,57.8899,260,
10:00:58,57.88,185,
10:00:58,57.88,100,
10:00:58,57.88,100,
10:00:58,57.88,100,
10:00:58,57.88,100,
10:01:05,57.88,100,
10:01:05,57.88,100,
10:01:05,57.88,100,
10:01:06,57.87,600,
10:01:07,57.87,372,
10:01:07,57.87,100,
10:01:11,57.879,1000,
10:01:13,57.87,1400,
10:01:14,57.86,200,
10:01:14,57.87,1600,
10:01:14,57.87,200,
10:01:15,57.87,200,
10:01:20,57.86,100,
10:01:21,57.8639,100,
10:01:21,57.88,200,
10:01:28,57.87,600,
10:01:28,57.87,400,
10:01:29,57.87,400,
10:01:32,57.87,300,
10:01:32,57.87,100,
10:01:32,57.87,300,
10:01:32,57.87,200,
10:01:32,57.87,300,
10:01:32,57.87,200,
10:01:32,57.87,300,
10:01:32,57.87,200,
10:01:32,57.87,256,
10:01:35,57.86,100,
10:01:35,57.87,300,
10:01:35,57.87,1630,
10:01:36,57.86,800,
10:01:36,57.86,100,
10:01:36,57.86,200,
10:01:40,57.86,200,
10:01:40,57.86,200,
10:01:40,57.86,200,
10:01:41,57.85,100,
10:01:43,57.86,100,
10:01:43,57.87,200,
10:01:43,57.87,100,
10:01:43,57.87,100,
10:01:43,57.87,3500,
10:01:43,57.88,100,
10:01:43,57.88,100,
10:01:43,57.88,100,
10:01:45,57.89,100,
10:01:45,57.89,200,
10:01:45,57.89,200,
10:01:45,57.89,200,
10:01:46,57.88,1700,
10:01:46,57.88,1400,
10:01:46,57.88,200,
10:01:46,57.87,1000,
10:01:46,57.87,300,
10:01:47,57.88,178,
10:01:49,57.88,200,
10:01:49,57.88,800,
10:01:50,57.88,622,
10:01:53,57.8726,144,
10:01:53,57.87,100,
10:01:53,57.87,100,
10:01:54,57.87,100,
10:01:54,57.87,100,
10:01:55,57.87,500,
10:01:55,57.87,300,
10:01:55,57.87,3200,
10:01:55,57.87,200,
10:01:55,57.87,100,
10:01:55,57.87,200,
10:01:55,57.87,1674,
10:01:55,57.87,2300,
10:01:56,57.86,500,
10:01:56,57.86,100,
10:01:56,57.86,100,
10:01:56,57.86,100,
10:01:56,57.86,100,
10:01:58,57.859,200,
10:01:59,57.86,100,
10:01:59,57.8601,800,
10:02:04,57.87,100,
10:02:04,57.87,100,
10:02:04,57.87,100,
10:02:04,57.87,100,
10:02:04,57.86,700,
10:02:04,57.86,900,
10:02:04,57.86,200,
10:02:04,57.86,217,
10:02:04,57.86,200,
10:02:04,57.86,600,
10:02:05,57.86,117,
10:02:05,57.86,400,
10:02:05,57.86,200,
10:02:06,57.86,100,
10:02:06,57.86,100,
10:02:09,57.8614,700,
10:02:10,57.87,100,
10:02:10,57.87,100,
10:02:10,57.88,600,
10:02:10,57.88,4300,
10:02:10,57.88,100,
10:02:10,57.88,100,
10:02:11,57.88,600,
10:02:11,57.88,100,
10:02:11,57.88,300,
10:02:11,57.88,600,
10:02:11,57.88,200,
10:02:13,57.89,600,
10:02:13,57.89,100,
10:02:13,57.89,100,
10:02:13,57.8993,4000,
10:02:14,57.8992,400,
10:02:14,57.8993,200,
10:02:14,57.8993,300,
10:02:14,57.8995,200,
10:02:14,57.8996,200,
10:02:14,57.8996,400,
10:02:14,57.90,700,
10:02:14,57.90,600,
10:02:14,57.90,100,
10:02:14,57.90,100,
10:02:14,57.90,200,
10:02:14,57.90,600,
10:02:14,57.90,200,
10:02:14,57.90,400,
10:02:14,57.90,400,
10:02:15,57.90,400,
10:02:15,57.90,1000,
10:02:16,57.90,400,
10:02:16,57.90,300,
10:02:16,57.90,200,
10:02:16,57.90,217,
10:02:16,57.90,256,
10:02:16,57.90,300,
10:02:17,57.90,300,
10:02:18,57.89,300,
10:02:18,57.89,100,
10:02:18,57.89,100,
10:02:18,57.89,300,
10:02:19,57.90,400,
10:02:19,57.90,600,
10:02:19,57.90,1000,
10:02:19,57.90,100,
10:02:19,57.90,1600,
10:02:20,57.89,1000,
10:02:22,57.90,200,
10:02:25,57.90,100,
10:02:25,57.90,100,
10:02:26,57.90,600,
10:02:26,57.90,400,
10:02:27,57.90,300,
10:02:28,57.89,300,
10:02:28,57.89,200,
10:02:30,57.89,100,
10:02:30,57.89,100,
10:02:30,57.89,300,
10:02:30,57.89,100,
10:02:30,57.89,100,
10:02:30,57.89,300,
10:02:30,57.89,200,
10:02:30,57.89,300,
10:02:31,57.89,200,
10:02:31,57.89,300,
10:02:31,57.88,600,
10:02:36,57.8801,100,
10:02:37,57.89,1000,
10:02:37,57.89,400,
10:02:37,57.89,100,
10:02:37,57.89,400,
10:02:37,57.89,600,
10:02:39,57.89,400,
10:02:41,57.89,2470,
10:02:41,57.89,400,
10:02:41,57.89,600,
10:02:41,57.88,100,
10:02:41,57.88,100,
10:02:44,57.89,400,
10:02:44,57.89,100,
10:02:44,57.89,400,
10:02:45,57.89,213,
10:02:45,57.90,100,
10:02:45,57.90,100,
10:02:45,57.90,100,
10:02:45,57.90,100,
10:02:46,57.91,268,
10:02:46,57.91,4300,
10:02:46,57.91,1630,
10:02:46,57.91,400,
10:02:46,57.91,100,
10:02:46,57.91,200,
10:02:46,57.91,100,
10:02:46,57.91,100,
10:02:46,57.91,100,
10:02:47,57.92,500,
10:02:50,57.91,100,
10:02:50,57.91,600,
10:02:50,57.91,200,
10:02:50,57.91,100,
10:02:50,57.91,100,
10:02:51,57.90,300,
10:02:51,57.90,100,
10:02:51,57.90,100,
10:02:51,57.90,200,
10:02:51,57.90,400,
10:02:52,57.9062,100,
10:02:57,57.90,100,
10:02:57,57.90,200,
10:02:57,57.90,600,
10:02:57,57.90,800,
10:02:57,57.90,100,
10:02:57,57.90,200,
10:02:57,57.90,600,
10:03:00,57.90,100,
