09:30:00,53.12,500,
09:30:01,53.14,1000,
09:30:01,53.13,499,
09:30:01,53.13,400,
09:30:01,53.13,400,
09:30:01,53.15,100,
09:30:01,53.14,500,
09:30:01,53.14,100,
09:30:01,53.14,200,
09:30:01,53.15,100,
09:30:01,53.15,300,
09:30:01,53.15,500,
09:30:01,53.16,500,
09:30:01,53.16,100,
09:30:02,53.15,130,
09:30:02,53.16,300,
09:30:02,53.15,370,
09:30:02,53.15,370,
09:30:02,53.15,130,
09:30:02,53.15,370,
09:30:02,53.15,500,
09:30:02,53.15,500,
09:30:02,53.15,500,
09:30:02,53.15,500,
09:30:02,53.15,500,
09:30:02,53.15,500,
09:30:02,53.15,500,
09:30:02,53.15,500,
09:30:02,53.15,500,
09:30:02,53.15,200,
09:30:03,53.13,100,
09:30:03,53.13,100,
09:30:03,53.13,1500,
09:30:03,53.13,150,
09:30:03,53.13,100,
09:30:03,53.13,188,
09:30:03,53.13,100,
09:30:03,53.13,100,
09:30:03,53.13,100,
09:30:03,53.13,5871,
09:30:03,53.13,1400,
09:30:03,53.13,900,
09:30:03,53.13,100,
09:30:03,53.13,1900,
09:30:03,53.13,100,
09:30:03,53.13,100,
09:30:03,53.13,1652,
09:30:03,53.13,50000,
09:30:03,53.13,2000,
09:30:03,53.13,100,
09:30:03,53.13,270,
09:30:03,53.13,172,
09:30:03,53.13,100,
09:30:03,53.13,1910,
09:30:03,53.13,200,
09:30:03,53.13,700,
09:30:03,53.13,12200,
09:30:03,53.13,116,
09:30:03,53.13,200,
09:30:03,53.13,200,
09:30:03,53.13,4000,
09:30:03,53.13,250,
09:30:03,53.13,100,
09:30:03,53.13,100,
09:30:03,53.13,150,
09:30:03,53.13,500,
09:30:03,53.13,600,
09:30:03,53.13,250,
09:30:03,53.13,186,
09:30:03,53.13,200,
09:30:03,53.13,200,
09:30:03,53.13,150,
09:30:03,53.13,1000,
09:30:03,53.13,750,
09:30:03,53.13,500,
09:30:03,53.13,1495,
09:30:03,53.13,333,
09:30:03,53.13,118,
09:30:03,53.13,100,
09:30:03,53.13,100,
09:30:03,53.13,1800,
09:30:03,53.13,300,
09:30:03,53.13,250,
09:30:03,53.13,100,
09:30:03,53.13,800,
09:30:03,53.13,400,
09:30:03,53.13,290,
09:30:03,53.13,300,
09:30:03,53.13,200,
09:30:03,53.13,200,
09:30:03,53.13,112,
09:30:03,53.13,100,
09:30:03,53.13,235,
09:30:03,53.13,800,
09:30:03,53.13,1000,
09:30:03,53.13,200,
09:30:03,53.13,186,
09:30:03,53.13,200,
09:30:03,53.13,1050,
09:30:03,53.13,900,
09:30:03,53.13,350,
09:30:03,53.13,400,
09:30:03,53.13,794,
09:30:03,53.13,100,
09:30:03,53.13,100,
09:30:03,53.13,350,
09:30:03,53.13,500,
09:30:03,53.13,6000,
09:30:03,53.13,2000,
09:30:03,53.13,100,
09:30:03,53.13,239,
09:30:03,53.13,450,
09:30:03,53.13,500,
09:30:03,53.13,1000,
09:30:03,53.13,300,
09:30:03,53.13,6500,
09:30:03,53.13,200,
09:30:03,53.13,3700,
09:30:03,53.13,500,
09:30:03,53.13,300,
09:30:03,53.13,500,
09:30:03,53.13,1020,
09:30:03,53.13,100,
09:30:03,53.13,100,
09:30:03,53.13,700,
09:30:03,53.13,170,
09:30:03,53.13,600,
09:30:03,53.13,100,
09:30:03,53.13,1234,
09:30:03,53.13,100,
09:30:03,53.13,400,
09:30:03,53.13,4000,
09:30:03,53.13,299,
09:30:03,53.13,227,
09:30:03,53.13,4200,
09:30:03,53.13,120,
09:30:03,53.13,3000,
09:30:03,53.13,600,
09:30:03,53.13,940,
09:30:03,53.13,500,
09:30:03,53.13,300,
09:30:03,53.13,300,
09:30:03,53.13,7000,
09:30:03,53.13,300,
09:30:03,53.13,100,
09:30:03,53.13,300,
09:30:03,53.13,100,
09:30:03,53.13,100,
09:30:03,53.13,100,
09:30:03,53.13,100,
09:30:03,53.13,200,
09:30:03,53.13,439,
09:30:03,53.13,125,
09:30:03,53.13,177,
09:30:03,53.13,100,
09:30:03,53.13,200,
09:30:03,53.13,350,
09:30:03,53.13,1580,
09:30:03,53.13,283,
09:30:03,53.13,330,
09:30:03,53.13,2850,
09:30:03,53.13,240,
09:30:03,53.13,800,
09:30:03,53.13,1450,
09:30:03,53.13,590,
09:30:03,53.13,2600,
09:30:03,53.13,624,
09:30:03,53.13,434,
09:30:03,53.13,100,
09:30:03,53.13,125,
09:30:03,53.13,1519,
09:30:03,53.13,150,
09:30:03,53.15,500,
09:30:03,53.15,500,
09:30:03,53.15,500,
09:30:03,53.15,500,
09:30:03,53.1429,100,
09:30:03,53.14,500,
09:30:03,53.14,200,
09:30:03,53.14,500,
09:30:03,53.14,300,
09:30:03,53.14,500,
09:30:03,53.14,500,
09:30:03,53.14,500,
09:30:03,53.14,400,
09:30:03,53.14,400,
09:30:03,53.15,400,
09:30:03,53.15,400,
09:30:03,53.15,3300,
09:30:03,53.15,200,
09:30:04,53.15,225,
09:30:04,53.15,300,
09:30:04,53.16,100,
09:30:04,53.16,100,
09:30:04,53.16,300,
09:30:04,53.16,500,
09:30:04,53.16,100,
09:30:04,53.16,200,
09:30:04,53.16,5000,
09:30:04,53.16,2357,
09:30:04,53.17,2900,
09:30:04,53.17,235,
09:30:04,53.16,2300,
09:30:04,53.16,500,
09:30:06,53.15,1000,
09:30:06,53.16,313,
09:30:06,53.16,100,
09:30:06,53.17,500,
09:30:06,53.17,500,
09:30:06,53.17,300,
09:30:07,53.16,500,
09:30:07,53.16,500,
09:30:07,53.16,200,
09:30:07,53.16,500,
09:30:07,53.16,500,
09:30:07,53.15,200,
09:30:08,53.14,200,
09:30:09,53.13,100,
09:30:10,53.12,500,
09:30:10,53.12,500,
09:30:10,53.12,200,
09:30:10,53.12,215,
09:30:11,53.11,400,
09:30:11,53.11,2000,
09:30:13,53.10,2100,
09:30:13,53.10,100,
09:30:13,53.10,3050,
09:30:13,53.10,500,
09:30:13,53.10,500,
09:30:13,53.10,500,
09:30:13,53.10,100,
09:30:14,53.10,100,
09:30:14,53.10,100,
09:30:15,53.10,200,
09:30:17,53.10,300,
09:30:17,53.10,500,
09:30:18,53.10,500,
09:30:18,53.11,300,
09:30:18,53.11,300,
09:30:18,53.11,400,
09:30:19,53.10,500,
09:30:19,53.10,500,
09:30:19,53.10,500,
09:30:19,53.10,100,
09:30:19,53.10,500,
09:30:19,53.10,500,
09:30:19,53.10,500,
09:30:19,53.10,1000,
09:30:19,53.10,2100,
09:30:19,53.11,200,
09:30:19,53.12,500,
09:30:20,53.12,200,
09:30:20,53.12,500,
09:30:20,53.12,500,
09:30:21,53.12,200,
09:30:22,53.12,500,
09:30:22,53.12,500,
09:30:22,53.12,500,
09:30:22,53.12,500,
09:30:22,53.12,500,
09:30:22,53.12,1500,
09:30:22,53.12,2100,
09:30:23,53.12,300,
09:30:24,53.12,313,
09:30:24,53.13,100,
09:30:25,53.12,500,
09:30:25,53.12,500,
09:30:25,53.12,200,
09:30:25,53.12,1300,
09:30:25,53.12,3700,
09:30:25,53.13,313,
09:30:25,53.13,100,
09:30:25,53.1112,200,
09:30:25,53.111,700,
09:30:26,53.14,200,
09:30:26,53.13,500,
09:30:27,53.14,100,
09:30:28,53.13,200,
09:30:28,53.13,500,
09:30:28,53.13,919,
09:30:28,53.13,165,
09:30:28,53.13,500,
09:30:28,53.13,500,
09:30:28,53.13,500,
09:30:28,53.13,300,
09:30:29,53.13,461,
09:30:29,53.14,300,
09:30:29,53.14,200,
09:30:29,53.14,104,
09:30:29,53.14,100,
09:30:29,53.14,2400,
09:30:30,53.15,100,
09:30:30,53.15,500,
09:30:30,53.15,300,
09:30:32,53.15,100,
09:30:33,53.1595,500,
09:30:34,53.14,3600,
09:30:34,53.14,1286,
09:30:34,53.14,400,
09:30:34,53.14,2114,
09:30:35,53.15,100,
09:30:35,53.15,100,
09:30:35,53.15,500,
09:30:36,53.16,100,
09:30:36,53.16,156,
09:30:36,53.16,200,
09:30:36,53.16,200,
09:30:36,53.17,200,
09:30:36,53.17,200,
09:30:36,53.17,300,
09:30:37,53.16,2300,
09:30:37,53.16,900,
09:30:37,53.16,100,
09:30:37,53.16,500,
09:30:37,53.16,100,
09:30:37,53.16,400,
09:30:37,53.18,200,
09:30:38,53.19,100,
09:30:38,53.19,200,
09:30:38,53.19,400,
09:30:38,53.19,300,
09:30:40,53.19,200,
09:30:40,53.19,100,
09:30:40,53.19,200,
09:30:40,53.19,500,
09:30:40,53.19,100,
09:30:40,53.19,400,
09:30:40,53.19,300,
09:30:41,53.19,100,
09:30:42,53.18,100,
09:30:42,53.174,300,
09:30:42,53.17,300,
09:30:43,53.16,2400,
09:30:43,53.16,2100,
09:30:43,53.16,200,
09:30:43,53.16,200,
09:30:43,53.16,100,
09:30:43,53.16,100,
09:30:43,53.1623,100,
09:30:44,53.1963,100,
09:30:44,53.15,200,
09:30:45,53.16,100,
09:30:45,53.16,200,
09:30:46,53.15,100,
09:30:46,53.15,500,
09:30:46,53.15,400,
09:30:46,53.151,1000,
09:30:48,53.16,100,
09:30:49,53.15,2600,
09:30:49,53.16,200,
09:30:49,53.16,3600,
09:30:49,53.16,500,
09:30:49,53.16,200,
09:30:52,53.16,1140,
09:30:52,53.16,500,
09:30:52,53.16,400,
09:30:52,53.16,400,
09:30:52,53.16,300,
09:30:53,53.17,500,
09:30:53,53.17,5000,
09:30:53,53.17,100,
09:30:53,53.18,400,
09:30:54,53.1768,100,
09:30:54,53.1283,100,
09:30:55,53.17,300,
09:30:55,53.17,500,
09:30:55,53.136,600,
09:30:55,53.18,1000,
09:30:56,53.1764,200,
09:30:56,53.18,100,
09:30:57,53.18,1000,
09:30:58,53.17,4200,
09:30:58,53.17,200,
09:30:58,53.17,300,
09:30:59,53.18,4500,
09:31:00,53.19,100,
09:31:01,53.19,200,
09:31:01,53.19,200,
09:31:01,53.1675,100,
09:31:01,53.19,200,
09:31:01,53.19,400,
09:31:02,53.19,300,
09:31:02,53.18,240,
09:31:02,53.18,200,
09:31:02,53.19,100,
09:31:02,53.19,600,
09:31:02,53.19,400,
09:31:02,53.19,400,
09:31:03,53.20,192,
09:31:03,53.20,500,
09:31:03,53.20,208,
09:31:03,53.20,200,
09:31:03,53.21,1000,
09:31:04,53.20,100,
09:31:05,53.20,100,
09:31:05,53.199,450,
09:31:06,53.19,200,
09:31:07,53.19,100,
09:31:07,53.19,437,
09:31:07,53.19,600,
09:31:07,53.20,200,
09:31:08,53.191,440,
09:31:08,53.20,2700,
09:31:09,53.20,200,
09:31:10,53.19,163,
09:31:10,53.19,2237,
09:31:12,53.20,1000,
09:31:13,53.19,263,
09:31:13,53.19,237,
09:31:13,53.20,500,
09:31:13,53.20,300,
09:31:13,53.20,200,
09:31:13,53.20,600,
09:31:13,53.20,570,
09:31:13,53.1999,100,
09:31:14,53.21,300,
09:31:14,53.21,200,
09:31:14,53.19,200,
09:31:14,53.20,173,
09:31:14,53.20,400,
09:31:14,53.20,100,
09:31:14,53.20,100,
09:31:14,53.20,100,
09:31:14,53.20,200,
09:31:14,53.20,200,
09:31:14,53.20,400,
09:31:14,53.20,100,
09:31:14,53.19,151,
09:31:15,53.19,220,
09:31:15,53.19,100,
09:31:15,53.18,500,
09:31:15,53.18,200,
09:31:15,53.1881,200,
09:31:16,53.19,600,
09:31:16,53.19,200,
09:31:17,53.1898,200,
09:31:17,53.1899,400,
09:31:17,53.1899,200,
09:31:17,53.19,600,
09:31:19,53.1802,400,
09:31:19,53.18,100,
09:31:19,53.19,3100,
09:31:20,53.19,454,
09:31:21,53.18,300,
09:31:22,53.1729,218,
09:31:22,53.17,300,
09:31:22,53.17,100,
09:31:22,53.17,400,
09:31:22,53.17,1000,
09:31:22,53.17,200,
09:31:22,53.1726,100,
09:31:23,53.17,400,
09:31:24,53.1595,600,
09:31:25,53.15,200,
09:31:25,53.15,100,
09:31:26,53.15,200,
09:31:26,53.16,500,
09:31:26,53.16,300,
09:31:26,53.16,200,
09:31:26,53.16,200,
09:31:26,53.15,100,
09:31:27,53.15,100,
09:31:28,53.16,200,
09:31:29,53.16,400,
09:31:29,53.16,300,
09:31:29,53.16,300,
09:31:29,53.16,1000,
09:31:29,53.16,600,
09:31:29,53.16,200,
09:31:30,53.16,200,
09:31:30,53.16,400,
09:31:30,53.15,200,
09:31:30,53.15,200,
09:31:30,53.15,100,
09:31:30,53.15,200,
09:31:30,53.15,600,
09:31:30,53.15,400,
09:31:30,53.16,200,
09:31:30,53.15,100,
09:31:30,53.15,1000,
09:31:30,53.15,100,
09:31:31,53.15,200,
09:31:32,53.14,500,
09:31:34,53.13,200,
09:31:34,53.13,700,
09:31:34,53.125,100,
09:31:36,53.12,100,
09:31:36,53.11,200,
09:31:38,53.1198,2000,
09:31:38,53.11,437,
09:31:38,53.11,137,
09:31:38,53.11,100,
09:31:38,53.11,100,
09:31:39,53.10,200,
09:31:42,53.0916,200,
09:31:43,53.11,100,
09:31:43,53.11,100,
09:31:44,53.097,100,
09:31:44,53.11,300,
09:31:45,53.10,100,
09:31:45,53.10,1200,
09:31:45,53.11,200,
09:31:45,53.11,200,
09:31:45,53.104,136,
09:31:45,53.104,470,
09:31:45,53.11,100,
09:31:45,53.11,1200,
09:31:46,53.1096,1000,
09:31:46,53.12,100,
09:31:47,53.125,300,
09:31:47,53.103,250,
09:31:47,53.13,100,
09:31:47,53.135,100,
09:31:47,53.145,100,
09:31:47,53.15,100,
09:31:48,53.15,100,
09:31:48,53.14,170,
09:31:48,53.14,130,
09:31:48,53.14,600,
09:31:48,53.14,200,
09:31:48,53.14,300,
09:31:49,53.14,100,
09:31:49,53.14,100,
09:31:50,53.15,255,
09:31:50,53.15,210,
09:31:51,53.14,200,
09:31:51,53.14,100,
09:31:51,53.15,500,
09:31:51,53.16,100,
09:31:51,53.16,100,
09:31:52,53.16,100,
09:31:52,53.15,400,
09:31:52,53.15,100,
09:31:52,53.15,200,
09:31:52,53.15,100,
09:31:53,53.1686,1000,
09:31:53,53.16,100,
09:31:53,53.16,100,
09:31:54,53.17,100,
09:31:54,53.16,1000,
09:31:54,53.16,100,
09:31:54,53.16,135,
09:31:54,53.16,1135,
09:31:54,53.16,1365,
09:31:54,53.16,737,
09:31:54,53.16,100,
09:31:54,53.16,300,
09:31:54,53.15,600,
09:31:55,53.15,1320,
09:31:55,53.15,1880,
09:31:56,53.15,100,
09:31:57,53.16,100,
09:31:59,53.16,500,
09:31:59,53.16,100,
09:31:59,53.15,100,
09:31:59,53.15,100,
09:31:59,53.15,200,
09:32:00,53.17,500,
09:32:00,53.16,100,
09:32:00,53.16,100,
09:32:00,53.165,500,
09:32:01,53.1663,200,
09:32:01,53.1664,100,
09:32:01,53.1666,300,
09:32:01,53.1667,400,
09:32:02,53.17,100,
09:32:02,53.16,100,
09:32:02,53.16,100,
09:32:05,53.16,100,
09:32:05,53.16,2000,
09:32:05,53.16,100,
09:32:05,53.15,320,
09:32:05,53.15,500,
09:32:06,53.15,600,
09:32:06,53.16,100,
09:32:06,53.16,100,
09:32:07,53.16,200,
09:32:07,53.155,500,
09:32:07,53.155,1100,
09:32:07,53.155,500,
09:32:07,53.155,500,
09:32:07,53.159,1000,
09:32:07,53.15,100,
09:32:07,53.15,100,
09:32:07,53.15,100,
09:32:07,53.15,100,
09:32:07,53.16,100,
09:32:08,53.16,200,
09:32:08,53.16,200,
09:32:08,53.16,200,
09:32:08,53.16,500,
09:32:08,53.16,300,
09:32:08,53.16,200,
09:32:08,53.16,100,
09:32:08,53.16,200,
09:32:08,53.16,200,
09:32:08,53.16,100,
09:32:08,53.16,400,
09:32:08,53.16,300,
09:32:08,53.16,2300,
09:32:08,53.16,300,
09:32:08,53.155,100,
09:32:08,53.17,400,
09:32:08,53.17,100,
09:32:08,53.16,800,
09:32:09,53.16,326,
09:32:09,53.16,337,
09:32:09,53.17,300,
09:32:09,53.17,200,
09:32:09,53.17,200,
09:32:09,53.16,200,
09:32:09,53.16,300,
09:32:09,53.16,100,
09:32:09,53.16,100,
09:32:09,53.17,100,
09:32:09,53.17,300,
09:32:09,53.17,254,
09:32:09,53.17,147,
09:32:09,53.17,247,
09:32:09,53.18,300,
09:32:10,53.165,1100,
09:32:10,53.17,200,
09:32:10,53.17,100,
09:32:10,53.18,200,
09:32:10,53.18,100,
09:32:12,53.18,100,
09:32:12,53.17,100,
09:32:14,53.185,200,
09:32:14,53.185,400,
09:32:14,53.185,200,
09:32:14,53.185,200,
09:32:16,53.19,200,
09:32:17,53.19,200,
09:32:19,53.187,100,
09:32:19,53.185,100,
09:32:20,53.19,155,
09:32:20,53.1895,600,
09:32:20,53.185,100,
09:32:20,53.19,145,
09:32:21,53.19,100,
09:32:22,53.19,155,
09:32:22,53.1871,470,
09:32:23,53.19,145,
09:32:25,53.19,1400,
09:32:27,53.20,2100,
09:32:27,53.20,200,
09:32:27,53.20,300,
09:32:28,53.20,1600,
09:32:30,53.20,400,
09:32:30,53.20,500,
09:32:30,53.20,100,
09:32:30,53.20,700,
09:32:30,53.20,2000,
09:32:30,53.20,210,
09:32:30,53.20,1933,
09:32:30,53.19,400,
09:32:31,53.19,6632,
09:32:31,53.179,100,
09:32:31,53.17,200,
09:32:31,53.17,431,
09:32:31,53.17,250,
09:32:38,53.18,200,
09:32:39,53.17,950,
09:32:40,53.17,2600,
09:32:41,53.1684,400,
09:32:42,53.16,200,
09:32:42,53.16,200,
09:32:42,53.15,200,
09:32:42,53.15,126,
09:32:43,53.15,100,
09:32:44,53.15,200,
09:32:47,53.13,100,
09:32:49,53.12,1263,
09:32:49,53.12,100,
09:32:50,53.12,100,
09:32:52,53.12,142,
09:32:53,53.12,200,
09:32:53,53.12,100,
09:32:54,53.12,100,
09:32:54,53.12,100,
09:32:54,53.13,200,
09:32:54,53.13,400,
09:32:54,53.13,600,
09:32:54,53.13,1200,
09:32:56,53.13,100,
09:32:58,53.121,300,
09:32:58,53.12,2300,
09:32:58,53.12,100,
09:32:58,53.12,100,
09:32:58,53.12,1630,
09:32:58,53.12,600,
09:32:58,53.12,300,
09:32:58,53.12,400,
09:32:58,53.12,200,
09:32:58,53.12,2283,
09:32:58,53.12,300,
09:32:58,53.1201,100,
09:33:00,53.13,100,
09:33:00,53.14,200,
09:33:00,53.14,100,
09:33:00,53.14,100,
09:33:00,53.14,800,
09:33:00,53.14,200,
09:33:00,53.14,300,
09:33:02,53.13,500,
09:33:02,53.13,1630,
09:33:02,53.13,400,
09:33:02,53.13,300,
09:33:02,53.13,400,
09:33:02,53.13,400,
09:33:02,53.13,400,
09:33:02,53.13,237,
09:33:02,53.13,100,
09:33:02,53.13,695,
09:33:02,53.13,991,
09:33:03,53.14,200,
09:33:04,53.148,300,
09:33:04,53.14,100,
09:33:04,53.14,100,
09:33:05,53.15,100,
09:33:05,53.16,200,
09:33:05,53.16,254,
09:33:05,53.16,254,
09:33:05,53.16,100,
09:33:05,53.16,200,
09:33:05,53.16,200,
09:33:06,53.17,400,
09:33:06,53.17,100,
09:33:06,53.17,100,
09:33:06,53.17,400,
09:33:07,53.17,100,
09:33:08,53.16,100,
09:33:09,53.17,600,
09:33:10,53.171,100,
09:33:11,53.17,200,
09:33:12,53.17,100,
09:33:12,53.17,100,
09:33:13,53.17,205,
09:33:13,53.17,400,
09:33:15,53.16,300,
09:33:15,53.16,100,
09:33:15,53.16,400,
09:33:15,53.16,400,
09:33:15,53.16,200,
09:33:16,53.1601,100,
09:33:18,53.18,162,
09:33:18,53.19,110,
09:33:19,53.18,200,
09:33:19,53.18,200,
09:33:19,53.18,2700,
09:33:19,53.18,100,
09:33:19,53.18,4473,
09:33:21,53.21,500,
09:33:21,53.21,200,
09:33:21,53.21,500,
09:33:22,53.22,100,
09:33:22,53.23,100,
09:33:22,53.23,380,
09:33:23,53.24,700,
09:33:23,53.24,148,
09:33:23,53.24,400,
09:33:27,53.23,100,
09:33:28,53.23,380,
09:33:28,53.22,500,
09:33:28,53.22,100,
09:33:28,53.22,400,
09:33:28,53.22,400,
09:33:28,53.22,100,
09:33:29,53.22,100,
09:33:29,53.22,100,
09:33:29,53.23,200,
09:33:29,53.23,200,
09:33:29,53.24,500,
09:33:30,53.24,300,
09:33:30,53.24,200,
09:33:30,53.24,400,
09:33:30,53.24,1000,
09:33:30,53.24,400,
09:33:30,53.24,400,
09:33:30,53.24,400,
09:33:30,53.24,400,
09:33:30,53.24,400,
09:33:30,53.24,136,
09:33:31,53.24,152,
09:33:31,53.25,221,
09:33:32,53.26,400,
09:33:32,53.26,100,
09:33:33,53.25,100,
09:33:33,53.25,200,
09:33:34,53.25,700,
09:33:34,53.25,100,
09:33:34,53.259,100,
09:33:35,53.27,1500,
09:33:36,53.26,100,
09:33:36,53.27,500,
09:33:37,53.27,3200,
09:33:37,53.28,100,
09:33:37,53.28,300,
09:33:37,53.27,120,
09:33:37,53.27,200,
09:33:37,53.28,100,
09:33:37,53.27,809,
09:33:37,53.27,313,
09:33:37,53.27,200,
09:33:37,53.28,238,
09:33:37,53.28,100,
09:33:39,53.2807,475,
09:33:40,53.29,163,
09:33:40,53.29,100,
09:33:42,53.28,100,
09:33:42,53.27,100,
09:33:42,53.27,300,
09:33:42,53.26,200,
09:33:42,53.26,1400,
09:33:42,53.26,310,
09:33:42,53.26,1000,
09:33:42,53.26,400,
09:33:42,53.26,400,
09:33:42,53.25,100,
09:33:42,53.25,300,
09:33:43,53.25,300,
09:33:43,53.24,600,
09:33:43,53.24,400,
09:33:43,53.24,400,
09:33:43,53.25,200,
09:33:43,53.24,200,
09:33:43,53.25,200,
09:33:44,53.25,500,
09:33:44,53.25,322,
09:33:44,53.25,100,
09:33:45,53.2516,500,
09:33:46,53.25,100,
09:33:46,53.25,1122,
09:33:46,53.25,378,
09:33:46,53.25,100,
09:33:47,53.25,856,
09:33:47,53.25,300,
09:33:47,53.25,400,
09:33:47,53.25,3100,
09:33:47,53.25,300,
09:33:47,53.25,100,
09:33:47,53.25,300,
09:33:47,53.25,400,
09:33:47,53.25,300,
09:33:48,53.25,500,
09:33:48,53.25,400,
09:33:48,53.25,400,
09:33:48,53.25,400,
09:33:48,53.25,400,
09:33:48,53.25,400,
09:33:48,53.26,1630,
09:33:48,53.26,200,
09:33:48,53.255,100,
09:33:49,53.25,300,
09:33:49,53.26,100,
09:33:49,53.28,200,
09:33:49,53.28,200,
09:33:50,53.27,200,
09:33:50,53.27,200,
09:33:50,53.27,680,
09:33:50,53.27,351,
09:33:50,53.27,100,
09:33:51,53.27,200,
09:33:51,53.26,300,
09:33:51,53.26,200,
09:33:51,53.26,2600,
09:33:51,53.26,400,
09:33:51,53.26,100,
09:33:52,53.27,100,
09:33:52,53.28,200,
09:33:52,53.28,138,
09:33:52,53.2687,1000,
09:33:52,53.27,400,
09:33:54,53.28,200,
09:33:54,53.28,600,
09:33:54,53.28,430,
09:33:54,53.28,100,
09:33:54,53.30,1000,
09:33:55,53.29,200,
09:33:55,53.29,200,
09:33:55,53.28,500,
09:33:55,53.28,500,
09:33:55,53.28,400,
09:33:55,53.28,700,
09:33:55,53.28,126,
09:33:55,53.28,200,
09:33:56,53.27,100,
09:33:57,53.2814,1000,
09:33:58,53.29,100,
09:33:59,53.29,100,
09:34:00,53.2971,400,
09:34:01,53.30,200,
09:34:02,53.30,100,
09:34:02,53.31,600,
09:34:03,53.3093,250,
09:34:03,53.30,500,
09:34:03,53.30,400,
09:34:03,53.30,400,
09:34:03,53.30,334,
09:34:03,53.30,234,
09:34:04,53.31,400,
09:34:04,53.31,200,
09:34:04,53.31,100,
09:34:04,53.31,600,
09:34:06,53.30,227,
09:34:06,53.30,400,
09:34:06,53.30,258,
09:34:06,53.30,858,
09:34:06,53.30,400,
09:34:07,53.30,200,
09:34:07,53.30,900,
09:34:08,53.29,100,
09:34:08,53.30,500,
09:34:11,53.30,300,
09:34:11,53.30,100,
09:34:11,53.31,480,
09:34:11,53.31,420,
09:34:11,53.32,100,
09:34:11,53.32,200,
09:34:12,53.324,467,
09:34:12,53.324,100,
09:34:12,53.324,378,
09:34:12,53.324,363,
09:34:13,53.324,230,
09:34:13,53.324,121,
09:34:13,53.324,102,
09:34:13,53.3265,100,
09:34:13,53.324,121,
09:34:14,53.3211,375,
09:34:14,53.324,195,
09:34:14,53.324,247,
09:34:14,53.324,160,
09:34:15,53.33,100,
09:34:15,53.34,200,
09:34:15,53.34,200,
09:34:15,53.34,400,
09:34:15,53.34,100,
09:34:15,53.34,100,
09:34:15,53.35,600,
09:34:15,53.35,400,
09:34:15,53.35,200,
09:34:15,53.34,300,
09:34:15,53.34,1600,
09:34:15,53.35,300,
09:34:15,53.35,1000,
09:34:15,53.35,600,
09:34:15,53.35,1600,
09:34:15,53.35,100,
09:34:15,53.35,200,
09:34:15,53.35,200,
09:34:15,53.35,645,
09:34:15,53.35,100,
09:34:15,53.35,1265,
09:34:17,53.37,500,
09:34:18,53.37,1900,
09:34:18,53.37,100,
09:34:18,53.37,100,
09:34:18,53.3693,200,
09:34:19,53.37,100,
09:34:19,53.36,600,
09:34:19,53.37,500,
09:34:20,53.36,100,
09:34:20,53.38,600,
09:34:21,53.37,2000,
09:34:21,53.36,100,
09:34:21,53.37,540,
09:34:21,53.38,100,
09:34:21,53.38,100,
09:34:21,53.3737,100,
09:34:23,53.39,100,
09:34:23,53.39,500,
09:34:23,53.384,500,
09:34:24,53.39,500,
09:34:25,53.40,100,
09:34:25,53.40,100,
09:34:25,53.39,200,
09:34:25,53.40,100,
09:34:26,53.40,400,
09:34:26,53.40,600,
09:34:26,53.40,100,
09:34:26,53.40,100,
09:34:26,53.40,200,
09:34:26,53.40,300,
09:34:26,53.40,500,
09:34:26,53.3999,100,
09:34:26,53.3914,1300,
09:34:27,53.40,870,
09:34:27,53.42,100,
09:34:27,53.42,100,
09:34:28,53.42,1630,
09:34:28,53.42,100,
09:34:28,53.42,300,
09:34:28,53.425,400,
09:34:28,53.43,400,
09:34:28,53.43,100,
09:34:29,53.42,100,
09:34:29,53.42,100,
09:34:30,53.42,100,
09:34:30,53.42,200,
09:34:30,53.41,100,
09:34:30,53.41,100,
09:34:30,53.41,100,
09:34:30,53.40,265,
09:34:30,53.41,100,
09:34:30,53.42,130,
09:34:31,53.40,100,
09:34:31,53.40,100,
09:34:31,53.40,200,
09:34:32,53.39,4000,
09:34:32,53.39,100,
09:34:32,53.39,200,
09:34:32,53.39,1200,
09:34:32,53.39,100,
09:34:32,53.38,100,
09:34:32,53.39,100,
09:34:33,53.37,200,
09:34:33,53.38,700,
09:34:35,53.38,100,
09:34:36,53.3705,500,
09:34:37,53.37,100,
09:34:37,53.37,100,
09:34:37,53.38,800,
09:34:38,53.39,400,
09:34:38,53.39,172,
09:34:38,53.39,100,
09:34:39,53.39,100,
09:34:39,53.39,300,
09:34:39,53.39,900,
09:34:40,53.3837,400,
09:34:40,53.3832,100,
09:34:41,53.39,100,
09:34:41,53.40,300,
09:34:41,53.40,200,
09:34:41,53.40,1000,
09:34:41,53.40,100,
09:34:41,53.40,200,
09:34:42,53.40,200,
09:34:42,53.40,100,
09:34:43,53.41,300,
09:34:43,53.41,300,
09:34:43,53.4086,600,
09:34:44,53.41,300,
09:34:45,53.41,200,
09:34:47,53.41,400,
09:34:47,53.40,100,
09:34:47,53.41,200,
09:34:47,53.41,300,
09:34:48,53.40,100,
09:34:48,53.40,200,
09:34:48,53.40,100,
09:34:48,53.41,600,
09:34:48,53.41,500,
09:34:48,53.41,1000,
09:34:48,53.41,400,
09:34:48,53.41,500,
09:34:48,53.41,400,
09:34:48,53.41,200,
09:34:48,53.41,100,
09:34:48,53.41,100,
09:34:48,53.41,100,
09:34:48,53.41,200,
09:34:48,53.405,100,
09:34:48,53.40,300,
09:34:48,53.42,1000,
09:34:48,53.42,12252,
09:34:49,53.42,500,
09:34:49,53.42,100,
09:34:49,53.42,100,
09:34:49,53.41,200,
09:34:49,53.4101,300,
09:34:50,53.42,100,
09:34:50,53.42,200,
09:34:50,53.42,100,
09:34:52,53.44,100,
09:34:52,53.45,100,
09:34:52,53.45,300,
09:34:52,53.45,1000,
09:34:52,53.45,200,
09:34:52,53.45,100,
09:34:52,53.45,100,
09:34:53,53.44,500,
09:34:53,53.45,1000,
09:34:53,53.45,350,
09:34:53,53.45,250,
09:34:53,53.45,200,
09:34:53,53.45,117,
09:34:53,53.43,1100,
09:34:53,53.43,1000,
09:34:53,53.43,500,
09:34:53,53.44,400,
09:34:53,53.44,100,
09:34:53,53.44,600,
09:34:53,53.44,200,
09:34:53,53.44,200,
09:34:53,53.44,400,
09:34:53,53.44,250,
09:34:53,53.44,200,
09:34:53,53.44,100,
09:34:53,53.44,325,
09:34:53,53.44,400,
09:34:53,53.44,100,
09:34:53,53.44,300,
09:34:53,53.43,200,
09:34:53,53.43,100,
09:34:53,53.43,400,
09:34:53,53.43,200,
09:34:53,53.42,200,
09:34:53,53.42,200,
09:34:53,53.42,222,
09:34:54,53.43,300,
09:34:54,53.43,575,
09:34:54,53.43,200,
09:34:54,53.43,200,
09:34:55,53.43,127,
09:34:55,53.42,200,
09:34:55,53.42,100,
09:34:55,53.41,525,
09:34:56,53.42,100,
09:34:56,53.412,1100,
09:34:57,53.43,500,
09:34:57,53.43,200,
09:34:57,53.43,300,
09:34:57,53.43,600,
09:34:57,53.43,100,
09:34:57,53.43,400,
09:34:57,53.43,300,
09:34:58,53.43,400,
09:34:59,53.44,373,
09:35:00,53.45,300,
09:35:00,53.46,678,
09:35:02,53.46,400,
09:35:02,53.46,100,
09:35:02,53.47,100,
09:35:02,53.45,200,
09:35:02,53.45,1200,
09:35:02,53.47,100,
09:35:03,53.45,100,
09:35:03,53.45,275,
09:35:03,53.46,300,
09:35:03,53.46,200,
09:35:03,53.46,400,
09:35:03,53.46,400,
09:35:03,53.46,100,
09:35:03,53.46,255,
09:35:03,53.46,400,
09:35:03,53.46,300,
09:35:03,53.46,200,
09:35:03,53.46,880,
09:35:03,53.47,380,
09:35:03,53.47,360,
09:35:03,53.47,1240,
09:35:03,53.47,200,
09:35:03,53.48,100,
09:35:03,53.48,100,
09:35:04,53.47,150,
09:35:04,53.47,100,
09:35:04,53.47,100,
09:35:04,53.48,100,
09:35:04,53.48,210,
09:35:04,53.47,100,
09:35:06,53.476,100,
09:35:06,53.47,200,
09:35:06,53.48,600,
09:35:06,53.48,100,
09:35:06,53.48,100,
09:35:06,53.48,100,
09:35:07,53.4793,100,
09:35:07,53.48,300,
09:35:08,53.48,205,
09:35:08,53.48,100,
09:35:08,53.48,400,
09:35:08,53.48,100,
09:35:08,53.479,200,
09:35:09,53.49,100,
09:35:09,53.50,210,
09:35:09,53.50,210,
09:35:10,53.49,100,
09:35:11,53.51,100,
09:35:11,53.51,200,
09:35:11,53.50,300,
09:35:11,53.51,200,
09:35:11,53.50,400,
09:35:11,53.50,500,
09:35:11,53.50,6603,
09:35:11,53.50,400,
09:35:11,53.50,400,
09:35:11,53.50,700,
09:35:11,53.50,1785,
09:35:11,53.51,100,
09:35:11,53.52,1630,
09:35:11,53.51,100,
09:35:11,53.51,600,
09:35:11,53.51,100,
09:35:11,53.51,334,
09:35:11,53.51,1200,
09:35:11,53.50,200,
09:35:13,53.51,200,
09:35:13,53.51,200,
09:35:14,53.50,600,
09:35:14,53.50,600,
09:35:14,53.50,1200,
09:35:15,53.50,500,
09:35:15,53.50,400,
09:35:15,53.49,100,
09:35:15,53.50,400,
09:35:15,53.50,400,
09:35:15,53.50,300,
09:35:15,53.50,200,
09:35:15,53.4905,200,
09:35:17,53.48,200,
09:35:17,53.48,100,
09:35:17,53.48,500,
09:35:17,53.48,400,
09:35:17,53.47,100,
09:35:17,53.47,200,
09:35:17,53.47,400,
09:35:17,53.47,200,
09:35:17,53.47,400,
09:35:18,53.479,100,
09:35:18,53.48,600,
09:35:18,53.48,300,
09:35:18,53.48,500,
09:35:18,53.48,100,
09:35:19,53.48,100,
09:35:19,53.48,100,
09:35:22,53.48,1000,
09:35:22,53.48,600,
09:35:22,53.48,200,
09:35:23,53.48,198,
09:35:23,53.48,300,
09:35:23,53.48,200,
09:35:24,53.48,300,
09:35:26,53.4815,300,
09:35:26,53.50,300,
09:35:26,53.504,144,
09:35:26,53.50,400,
09:35:27,53.50,600,
09:35:27,53.50,100,
09:35:27,53.51,100,
09:35:27,53.51,400,
09:35:27,53.51,600,
09:35:27,53.51,679,
09:35:27,53.52,100,
09:35:27,53.52,380,
09:35:27,53.52,600,
09:35:27,53.52,600,
09:35:27,53.52,900,
09:35:28,53.52,200,
09:35:28,53.52,1200,
09:35:28,53.51,610,
09:35:28,53.51,200,
09:35:29,53.53,100,
09:35:29,53.5266,200,
09:35:30,53.53,100,
09:35:31,53.5287,1500,
09:35:32,53.52,200,
09:35:32,53.5295,500,
09:35:33,53.52,600,
09:35:34,53.51,100,
09:35:34,53.51,400,
09:35:34,53.51,600,
09:35:34,53.49,200,
09:35:34,53.50,400,
09:35:34,53.50,400,
09:35:34,53.50,400,
09:35:34,53.50,600,
09:35:34,53.50,900,
09:35:34,53.50,1400,
09:35:34,53.50,6000,
09:35:34,53.50,3400,
09:35:35,53.50,100,
09:35:35,53.49,200,
09:35:35,53.50,200,
09:35:35,53.49,100,
09:35:35,53.49,200,
09:35:35,53.49,400,
09:35:35,53.49,300,
09:35:35,53.49,200,
09:35:35,53.484,103,
09:35:36,53.49,400,
09:35:36,53.49,431,
09:35:36,53.50,600,
09:35:36,53.49,200,
09:35:38,53.50,100,
09:35:38,53.50,100,
09:35:38,53.50,100,
09:35:38,53.4999,100,
09:35:38,53.4999,100,
09:35:38,53.4999,100,
09:35:38,53.50,100,
09:35:39,53.50,300,
09:35:39,53.49,100,
09:35:40,53.50,400,
09:35:40,53.51,105,
09:35:41,53.50,100,
09:35:41,53.50,200,
09:35:41,53.50,1100,
09:35:41,53.50,200,
09:35:43,53.51,400,
09:35:43,53.51,400,
09:35:43,53.51,1210,
09:35:43,53.51,600,
09:35:43,53.51,200,
09:35:44,53.52,600,
09:35:44,53.51,100,
09:35:45,53.51,200,
09:35:45,53.51,100,
09:35:45,53.509,1000,
09:35:45,53.51,300,
09:35:46,53.51,500,
09:35:46,53.51,20000,
09:35:46,53.51,600,
09:35:46,53.51,500,
09:35:47,53.51,400,
09:35:47,53.51,610,
09:35:47,53.51,100,
09:35:47,53.51,200,
09:35:47,53.51,350,
09:35:47,53.51,400,
09:35:47,53.51,400,
09:35:47,53.51,350,
09:35:47,53.51,1000,
09:35:47,53.51,1200,
09:35:47,53.51,100,
09:35:47,53.52,400,
09:35:47,53.52,1000,
09:35:47,53.52,200,
09:35:47,53.51,200,
09:35:47,53.52,490,
09:35:48,53.50,100,
09:35:49,53.50,385,
09:35:49,53.50,615,
09:35:49,53.50,600,
09:35:49,53.50,300,
09:35:50,53.50,100,
09:35:50,53.49,400,
09:35:50,53.49,400,
09:35:50,53.49,600,
09:35:50,53.48,200,
09:35:50,53.48,200,
09:35:50,53.48,100,
09:35:50,53.48,600,
09:35:50,53.48,100,
09:35:50,53.48,600,
09:35:50,53.49,400,
09:35:50,53.49,585,
09:35:50,53.49,100,
09:35:50,53.4737,300,
09:35:51,53.49,200,
09:35:51,53.501,100,
09:35:51,53.48,3800,
09:35:51,53.48,100,
09:35:51,53.48,100,
09:35:51,53.48,100,
09:35:51,53.48,1500,
09:35:51,53.48,400,
09:35:51,53.48,615,
09:35:51,53.48,600,
09:35:51,53.4891,300,
09:35:51,53.4891,400,
09:35:51,53.4891,300,
09:35:51,53.4893,100,
09:35:52,53.49,100,
09:35:53,53.49,117,
09:35:54,53.51,100,
09:35:54,53.51,300,
09:35:55,53.51,1200,
09:35:55,53.51,200,
09:35:55,53.51,200,
09:35:55,53.515,100,
09:35:55,53.50,200,
09:35:55,53.50,400,
09:35:55,53.50,400,
09:35:55,53.50,600,
09:35:55,53.5075,800,
09:35:55,53.49,180,
09:35:55,53.49,400,
09:35:55,53.49,400,
09:35:55,53.495,100,
09:35:56,53.49,200,
09:35:56,53.4928,260,
09:35:57,53.49,100,
09:35:57,53.49,600,
09:35:57,53.49,300,
09:35:57,53.48,200,
09:35:57,53.48,100,
09:35:58,53.47,100,
09:35:58,53.47,210,
09:35:58,53.47,380,
09:35:58,53.47,200,
09:35:58,53.47,200,
09:35:58,53.48,100,
09:35:58,53.48,2800,
09:35:58,53.48,1100,
09:35:58,53.47,600,
09:35:58,53.49,100,
09:35:59,53.47,1700,
09:35:59,53.47,1000,
09:35:59,53.47,400,
09:35:59,53.47,620,
09:35:59,53.47,100,
09:35:59,53.47,400,
09:35:59,53.47,200,
09:35:59,53.47,400,
09:35:59,53.47,335,
09:35:59,53.47,315,
09:35:59,53.47,400,
09:35:59,53.47,200,
09:35:59,53.47,135,
09:35:59,53.47,365,
09:35:59,53.47,100,
09:35:59,53.47,284,
09:35:59,53.47,400,
09:35:59,53.48,100,
09:35:59,53.48,200,
09:35:59,53.48,200,
09:35:59,53.48,400,
09:36:00,53.48,600,
09:36:00,53.48,100,
09:36:00,53.47,400,
09:36:00,53.47,300,
09:36:00,53.47,400,
09:36:00,53.47,600,
09:36:00,53.47,600,
09:36:00,53.47,400,
09:36:00,53.47,1200,
09:36:00,53.47,100,
09:36:00,53.47,100,
09:36:00,53.47,100,
09:36:00,53.46,500,
09:36:00,53.46,400,
09:36:00,53.46,600,
09:36:00,53.46,400,
09:36:00,53.48,200,
09:36:00,53.46,200,
09:36:00,53.46,122,
09:36:00,53.46,400,
09:36:00,53.46,600,
09:36:01,53.46,200,
09:36:01,53.45,300,
09:36:01,53.45,100,
09:36:01,53.45,200,
09:36:02,53.43,325,
09:36:02,53.43,400,
09:36:02,53.43,3400,
09:36:02,53.43,100,
09:36:02,53.43,100,
09:36:02,53.44,100,
09:36:02,53.43,100,
09:36:03,53.43,100,
09:36:03,53.43,100,
09:36:04,53.45,300,
09:36:06,53.45,100,
09:36:06,53.45,300,
09:36:06,53.45,500,
09:36:06,53.45,500,
09:36:06,53.45,600,
09:36:06,53.45,600,
09:36:08,53.45,415,
09:36:08,53.45,100,
09:36:08,53.45,200,
09:36:08,53.45,500,
09:36:08,53.45,300,
09:36:08,53.4484,100,
09:36:09,53.44,300,
09:36:10,53.43,600,
09:36:10,53.43,400,
09:36:10,53.44,100,
09:36:10,53.44,610,
09:36:10,53.44,482,
09:36:10,53.44,200,
09:36:11,53.45,805,
09:36:11,53.46,600,
09:36:12,53.45,200,
09:36:12,53.45,100,
09:36:12,53.449,500,
09:36:13,53.45,600,
09:36:13,53.45,400,
09:36:13,53.45,100,
09:36:15,53.45,200,
09:36:16,53.46,370,
09:36:16,53.46,100,
09:36:16,53.47,200,
09:36:17,53.46,100,
09:36:17,53.46,200,
09:36:17,53.46,200,
09:36:17,53.46,100,
09:36:17,53.46,100,
09:36:17,53.46,425,
09:36:17,53.46,600,
09:36:17,53.46,199,
09:36:18,53.47,100,
09:36:21,53.47,600,
09:36:21,53.47,100,
09:36:22,53.48,200,
09:36:23,53.4801,100,
09:36:23,53.48,100,
09:36:23,53.48,200,
09:36:23,53.49,213,
09:36:23,53.49,248,
09:36:23,53.49,100,
09:36:23,53.49,141,
09:36:23,53.49,900,
09:36:23,53.49,400,
09:36:23,53.49,400,
09:36:23,53.49,1200,
09:36:23,53.49,748,
09:36:23,53.49,400,
09:36:24,53.49,615,
09:36:24,53.49,200,
09:36:24,53.49,400,
09:36:25,53.50,400,
09:36:25,53.49,210,
09:36:26,53.50,100,
09:36:26,53.50,100,
09:36:28,53.50,100,
09:36:28,53.50,100,
09:36:28,53.50,200,
09:36:28,53.50,100,
09:36:28,53.50,300,
09:36:28,53.50,200,
09:36:28,53.50,615,
09:36:28,53.50,100,
09:36:28,53.5099,100,
09:36:29,53.51,100,
09:36:29,53.51,400,
09:36:29,53.51,200,
09:36:29,53.51,400,
09:36:29,53.51,400,
09:36:29,53.51,200,
09:36:29,53.51,100,
09:36:29,53.51,1230,
09:36:29,53.51,199,
09:36:29,53.51,200,
09:36:29,53.51,400,
09:36:29,53.51,1630,
09:36:29,53.51,100,
09:36:29,53.51,200,
09:36:29,53.51,200,
09:36:29,53.51,117,
09:36:29,53.51,400,
09:36:29,53.51,400,
09:36:30,53.51,500,
09:36:30,53.51,400,
09:36:30,53.51,500,
09:36:30,53.51,200,
09:36:31,53.51,600,
09:36:31,53.51,400,
09:36:31,53.51,400,
09:36:31,53.51,400,
09:36:31,53.51,100,
09:36:31,53.51,400,
09:36:31,53.51,400,
09:36:31,53.51,200,
09:36:31,53.51,100,
09:36:31,53.51,200,
09:36:31,53.51,700,
09:36:32,53.51,400,
09:36:33,53.51,100,
09:36:33,53.51,100,
09:36:33,53.51,200,
09:36:33,53.51,100,
09:36:33,53.51,200,
09:36:33,53.51,500,
09:36:33,53.51,200,
09:36:33,53.51,400,
09:36:33,53.51,300,
09:36:33,53.51,100,
09:36:34,53.51,400,
09:36:34,53.51,100,
09:36:34,53.51,300,
09:36:34,53.51,1000,
09:36:34,53.51,200,
09:36:34,53.51,500,
09:36:34,53.51,600,
09:36:34,53.51,400,
09:36:34,53.51,200,
09:36:34,53.51,352,
09:36:34,53.51,900,
09:36:34,53.52,10000,
09:36:35,53.51,400,
09:36:35,53.52,1000,
09:36:35,53.52,21800,
09:36:35,53.52,200,
09:36:39,53.51,210,
09:36:39,53.51,210,
09:36:39,53.51,570,
09:36:39,53.51,100,
09:36:39,53.51,100,
09:36:39,53.51,400,
09:36:39,53.51,400,
09:36:39,53.51,204,
09:36:39,53.52,400,
09:36:39,53.52,14000,
09:36:39,53.52,600,
09:36:40,53.53,500,
09:36:41,53.52,200,
09:36:42,53.52,600,
09:36:44,53.51,100,
09:36:44,53.51,100,
09:36:45,53.51,100,
09:36:45,53.50,211,
09:36:45,53.50,100,
09:36:45,53.50,100,
09:36:45,53.50,200,
09:36:46,53.49,200,
09:36:47,53.48,210,
09:36:47,53.48,121,
09:36:47,53.48,200,
09:36:47,53.48,400,
09:36:47,53.48,400,
09:36:47,53.48,269,
09:36:47,53.4886,600,
09:36:47,53.48,100,
09:36:47,53.48,200,
09:36:47,53.48,300,
09:36:47,53.48,272,
09:36:47,53.48,600,
09:36:47,53.48,268,
09:36:47,53.48,400,
09:36:47,53.48,200,
09:36:48,53.47,200,
09:36:48,53.47,200,
09:36:48,53.47,100,
09:36:48,53.4695,1400,
09:36:48,53.47,200,
09:36:48,53.47,600,
09:36:48,53.47,200,
09:36:48,53.47,400,
09:36:49,53.48,100,
09:36:49,53.48,360,
09:36:49,53.48,100,
09:36:49,53.48,200,
09:36:49,53.48,620,
09:36:49,53.47,400,
09:36:49,53.47,815,
09:36:50,53.47,779,
09:36:50,53.47,300,
09:36:50,53.47,200,
09:36:51,53.47,600,
09:36:51,53.4615,117,
09:36:53,53.4686,1000,
09:36:53,53.47,715,
09:36:54,53.48,460,
09:36:54,53.48,300,
09:36:54,53.48,400,
09:36:55,53.471,7000,
09:36:55,53.47,200,
09:36:55,53.47,100,
09:36:55,53.47,100,
09:36:56,53.47,200,
09:36:56,53.47,400,
09:36:56,53.47,100,
09:36:56,53.47,600,
09:36:57,53.46,100,
09:36:57,53.46,100,
09:36:57,53.455,100,
09:36:57,53.45,100,
09:36:57,53.45,100,
09:36:57,53.4499,100,
09:36:59,53.45,100,
09:36:59,53.46,600,
09:36:59,53.46,100,
09:36:59,53.46,100,
09:36:59,53.46,100,
09:37:00,53.45,300,
09:37:01,53.45,100,
09:37:01,53.45,100,
09:37:01,53.45,200,
09:37:01,53.46,100,
09:37:02,53.45,100,
09:37:03,53.45,100,
09:37:04,53.42,200,
09:37:04,53.42,100,
09:37:04,53.41,500,
09:37:04,53.42,100,
09:37:06,53.425,100,
09:37:06,53.43,200,
09:37:06,53.43,600,
09:37:07,53.44,400,
09:37:07,53.44,110,
09:37:07,53.44,200,
09:37:07,53.44,100,
09:37:07,53.44,1200,
09:37:07,53.43,400,
09:37:08,53.44,200,
09:37:10,53.43,605,
09:37:11,53.43,300,
09:37:12,53.43,600,
09:37:14,53.44,100,
09:37:14,53.45,600,
09:37:17,53.44,700,
09:37:17,53.44,100,
09:37:18,53.44,300,
09:37:18,53.4399,100,
09:37:19,53.44,100,
09:37:19,53.44,100,
09:37:19,53.44,100,
09:37:19,53.43,500,
09:37:19,53.44,100,
09:37:19,53.44,100,
09:37:19,53.44,600,
09:37:20,53.44,600,
09:37:20,53.45,200,
09:37:21,53.46,215,
09:37:22,53.47,200,
09:37:24,53.4515,100,
09:37:25,53.45,210,
09:37:25,53.45,179,
09:37:25,53.45,400,
09:37:25,53.45,200,
09:37:26,53.46,400,
09:37:26,53.46,600,
09:37:26,53.46,198,
09:37:26,53.4501,100,
09:37:26,53.46,100,
09:37:26,53.46,700,
09:37:26,53.46,200,
09:37:26,53.47,600,
09:37:26,53.47,182,
09:37:27,53.47,311,
09:37:27,53.48,100,
09:37:27,53.48,300,
09:37:29,53.49,305,
09:37:29,53.49,350,
09:37:29,53.49,300,
09:37:31,53.50,350,
09:37:31,53.50,252,
09:37:33,53.51,386,
09:37:33,53.52,100,
09:37:33,53.52,100,
09:37:33,53.52,600,
09:37:33,53.52,400,
09:37:33,53.53,600,
09:37:34,53.53,110,
09:37:35,53.53,400,
09:37:35,53.53,300,
09:37:35,53.53,300,
09:37:35,53.53,400,
09:37:37,53.54,400,
09:37:37,53.54,100,
09:37:37,53.54,400,
09:37:37,53.54,200,
09:37:37,53.54,227,
09:37:37,53.54,500,
09:37:37,53.54,100,
09:37:37,53.54,400,
09:37:38,53.53,127,
09:37:38,53.53,166,
09:37:38,53.53,362,
09:37:38,53.53,110,
09:37:38,53.52,180,
09:37:39,53.53,257,
09:37:39,53.54,400,
09:37:39,53.54,400,
09:37:39,53.54,320,
09:37:40,53.53,100,
09:37:40,53.54,200,
09:37:40,53.5402,200,
09:37:40,53.5402,400,
09:37:40,53.54,300,
09:37:40,53.541,600,
09:37:41,53.541,2000,
09:37:41,53.541,1900,
09:37:41,53.55,600,
09:37:41,53.56,350,
09:37:41,53.56,300,
09:37:41,53.56,400,
09:37:41,53.56,100,
09:37:42,53.56,400,
09:37:42,53.56,300,
09:37:42,53.56,100,
09:37:42,53.56,300,
09:37:42,53.55,200,
09:37:42,53.56,300,
09:37:42,53.55,400,
09:37:42,53.55,200,
09:37:42,53.55,400,
09:37:42,53.56,726,
09:37:42,53.56,400,
09:37:42,53.56,400,
09:37:42,53.56,100,
09:37:42,53.56,213,
09:37:42,53.56,500,
09:37:42,53.56,274,
09:37:43,53.56,600,
09:37:43,53.56,200,
09:37:45,53.55,226,
09:37:45,53.56,400,
09:37:46,53.56,500,
09:37:46,53.56,325,
09:37:46,53.56,400,
09:37:46,53.56,570,
09:37:46,53.56,200,
09:37:46,53.56,200,
09:37:46,53.56,200,
09:37:46,53.56,300,
09:37:46,53.56,300,
09:37:46,53.56,100,
09:37:46,53.56,300,
09:37:47,53.56,600,
09:37:48,53.5684,400,
09:37:48,53.5689,400,
09:37:48,53.569,1200,
09:37:49,53.57,100,
09:37:49,53.5699,100,
09:37:50,53.57,200,
09:37:50,53.57,400,
09:37:50,53.57,100,
09:37:50,53.57,400,
09:37:50,53.56,500,
09:37:50,53.55,400,
09:37:51,53.55,137,
09:37:51,53.55,400,
09:37:51,53.55,200,
09:37:52,53.55,100,
09:37:52,53.54,210,
09:37:52,53.54,300,
09:37:52,53.54,100,
09:37:52,53.54,100,
09:37:52,53.54,400,
09:37:52,53.54,400,
09:37:52,53.54,200,
09:37:52,53.54,100,
09:37:52,53.54,100,
09:37:52,53.54,200,
09:37:52,53.54,400,
09:37:52,53.54,100,
09:37:53,53.54,400,
09:37:53,53.54,200,
09:37:54,53.55,400,
09:37:54,53.55,100,
09:37:54,53.55,400,
09:37:54,53.55,600,
09:37:54,53.56,200,
09:37:54,53.56,400,
09:37:54,53.56,400,
09:37:54,53.56,400,
09:37:54,53.56,830,
09:37:55,53.56,366,
09:37:55,53.56,600,
09:37:55,53.56,200,
09:37:55,53.56,400,
09:37:55,53.56,100,
09:37:55,53.56,100,
09:37:55,53.56,152,
09:37:55,53.56,152,
09:37:56,53.56,500,
09:37:56,53.56,500,
09:37:56,53.56,600,
09:37:56,53.56,600,
09:37:58,53.56,400,
09:37:58,53.57,200,
09:37:58,53.57,400,
09:37:58,53.57,200,
09:37:58,53.57,400,
09:37:58,53.57,300,
09:37:58,53.569,500,
09:37:58,53.5668,100,
09:37:58,53.56,200,
09:37:59,53.57,400,
09:38:00,53.57,100,
09:38:00,53.56,100,
09:38:00,53.56,400,
09:38:00,53.56,600,
09:38:01,53.56,600,
09:38:01,53.55,600,
09:38:01,53.55,200,
09:38:01,53.55,700,
09:38:01,53.55,1170,
09:38:01,53.55,400,
09:38:01,53.55,200,
09:38:02,53.54,600,
09:38:03,53.54,100,
09:38:03,53.55,100,
09:38:03,53.55,500,
09:38:03,53.55,400,
09:38:03,53.55,400,
09:38:03,53.55,100,
09:38:03,53.55,400,
09:38:04,53.55,100,
09:38:04,53.55,100,
09:38:05,53.55,200,
09:38:05,53.55,400,
09:38:05,53.55,100,
09:38:05,53.55,500,
09:38:05,53.55,600,
09:38:05,53.55,770,
09:38:05,53.55,600,
09:38:05,53.55,1200,
09:38:05,53.55,100,
09:38:05,53.55,400,
09:38:05,53.55,400,
09:38:05,53.55,400,
09:38:06,53.5599,200,
09:38:06,53.56,4800,
09:38:07,53.56,200,
09:38:07,53.56,400,
09:38:07,53.56,385,
09:38:07,53.56,100,
09:38:07,53.56,285,
09:38:07,53.5599,1300,
09:38:07,53.56,185,
09:38:07,53.56,400,
09:38:07,53.55,400,
09:38:09,53.54,2654,
09:38:09,53.54,3400,
09:38:09,53.54,285,
09:38:09,53.54,600,
09:38:09,53.54,300,
09:38:09,53.54,100,
09:38:09,53.54,100,
09:38:09,53.54,300,
09:38:09,53.52,241,
09:38:10,53.52,300,
09:38:10,53.52,400,
09:38:10,53.52,200,
09:38:10,53.52,400,
09:38:10,53.52,100,
09:38:10,53.52,300,
09:38:10,53.52,100,
09:38:10,53.52,500,
09:38:10,53.53,200,
09:38:10,53.53,205,
09:38:10,53.53,100,
09:38:10,53.53,500,
09:38:10,53.53,100,
09:38:10,53.53,200,
09:38:10,53.53,200,
09:38:11,53.52,100,
09:38:11,53.52,300,
09:38:11,53.52,600,
09:38:11,53.52,200,
09:38:12,53.51,100,
09:38:12,53.52,500,
09:38:12,53.52,300,
09:38:12,53.52,300,
09:38:12,53.52,100,
09:38:12,53.51,4500,
09:38:13,53.50,100,
09:38:13,53.51,100,
09:38:14,53.51,100,
09:38:14,53.51,200,
09:38:14,53.51,400,
09:38:14,53.51,600,
09:38:14,53.51,300,
09:38:14,53.51,179,
09:38:14,53.51,200,
09:38:14,53.51,200,
09:38:14,53.50,400,
09:38:14,53.50,600,
09:38:14,53.49,400,
09:38:14,53.49,500,
09:38:14,53.49,102,
09:38:14,53.49,297,
09:38:14,53.49,102,
09:38:15,53.49,400,
09:38:15,53.49,400,
09:38:15,53.49,195,
09:38:16,53.49,200,
09:38:16,53.49,400,
09:38:16,53.49,195,
09:38:16,53.49,200,
09:38:16,53.49,600,
09:38:16,53.49,100,
09:38:16,53.49,200,
09:38:16,53.49,200,
09:38:17,53.49,100,
09:38:17,53.4899,400,
09:38:17,53.48,250,
09:38:19,53.47,200,
09:38:19,53.48,400,
09:38:19,53.48,200,
09:38:19,53.48,400,
09:38:20,53.48,200,
09:38:22,53.48,400,
09:38:22,53.48,200,
09:38:22,53.48,100,
09:38:22,53.48,100,
09:38:22,53.47,400,
09:38:22,53.479,200,
09:38:24,53.47,100,
09:38:24,53.47,290,
09:38:24,53.47,400,
09:38:24,53.48,200,
09:38:25,53.48,400,
09:38:25,53.48,100,
09:38:25,53.48,300,
09:38:25,53.48,300,
09:38:25,53.4781,135,
09:38:26,53.48,100,
09:38:26,53.48,500,
09:38:26,53.47,200,
09:38:26,53.47,400,
09:38:26,53.47,600,
09:38:27,53.47,100,
09:38:27,53.47,100,
09:38:27,53.47,100,
09:38:27,53.47,300,
09:38:27,53.47,100,
09:38:29,53.48,200,
09:38:29,53.48,200,
09:38:29,53.48,100,
09:38:29,53.48,600,
09:38:30,53.49,200,
09:38:30,53.4785,100,
09:38:30,53.50,100,
09:38:30,53.50,200,
09:38:30,53.50,300,
09:38:30,53.50,100,
09:38:30,53.50,400,
09:38:30,53.50,100,
09:38:30,53.50,100,
09:38:30,53.50,100,
09:38:30,53.50,100,
09:38:30,53.50,100,
09:38:30,53.50,100,
09:38:30,53.50,100,
09:38:30,53.50,100,
09:38:30,53.50,100,
09:38:30,53.50,100,
09:38:31,53.51,202,
09:38:33,53.5029,150,
09:38:33,53.51,200,
09:38:33,53.51,500,
09:38:33,53.51,100,
09:38:33,53.51,200,
09:38:33,53.51,100,
09:38:33,53.51,400,
09:38:33,53.51,400,
09:38:33,53.51,200,
09:38:34,53.51,100,
09:38:35,53.50,400,
09:38:35,53.50,100,
09:38:35,53.51,500,
09:38:35,53.50,126,
09:38:35,53.50,239,
09:38:35,53.50,213,
09:38:35,53.50,200,
09:38:35,53.50,400,
09:38:35,53.50,400,
09:38:35,53.49,316,
09:38:35,53.49,1210,
09:38:35,53.50,400,
09:38:35,53.50,1000,
09:38:35,53.49,400,
09:38:35,53.49,200,
09:38:35,53.49,500,
09:38:35,53.50,400,
09:38:35,53.50,113,
09:38:35,53.50,526,
09:38:35,53.50,100,
09:38:35,53.50,100,
09:38:35,53.50,1100,
09:38:35,53.50,350,
09:38:35,53.49,200,
09:38:35,53.49,584,
09:38:35,53.49,100,
09:38:35,53.49,100,
09:38:35,53.49,100,
09:38:35,53.49,300,
09:38:35,53.49,100,
09:38:35,53.49,100,
09:38:35,53.49,200,
09:38:35,53.49,100,
09:38:35,53.49,500,
09:38:35,53.49,716,
09:38:35,53.49,200,
09:38:35,53.49,100,
09:38:35,53.49,190,
09:38:35,53.49,1200,
09:38:35,53.49,490,
09:38:36,53.49,100,
09:38:36,53.49,500,
09:38:36,53.49,400,
09:38:36,53.49,390,
09:38:36,53.49,610,
09:38:36,53.49,300,
09:38:36,53.48,400,
09:38:36,53.48,600,
09:38:36,53.48,224,
09:38:36,53.48,100,
09:38:36,53.48,3400,
09:38:36,53.49,400,
09:38:36,53.48,2600,
09:38:36,53.48,900,
09:38:36,53.48,648,
09:38:36,53.48,300,
09:38:36,53.48,110,
09:38:36,53.48,600,
09:38:36,53.48,280,
09:38:36,53.48,400,
09:38:36,53.48,200,
09:38:37,53.48,200,
09:38:37,53.48,300,
09:38:37,53.48,300,
09:38:37,53.49,200,
09:38:38,53.49,700,
09:38:38,53.49,100,
09:38:38,53.49,100,
09:38:38,53.50,300,
09:38:38,53.50,100,
09:38:38,53.50,100,
09:38:38,53.50,100,
09:38:38,53.50,600,
09:38:38,53.50,100,
09:38:39,53.49,400,
09:38:39,53.49,100,
09:38:39,53.49,200,
09:38:40,53.49,100,
09:38:40,53.50,147,
09:38:40,53.50,400,
09:38:40,53.50,500,
09:38:40,53.50,1630,
09:38:40,53.50,500,
09:38:40,53.50,300,
09:38:40,53.50,500,
09:38:41,53.491,100,
09:38:42,53.50,500,
09:38:42,53.50,100,
09:38:42,53.50,500,
09:38:42,53.50,100,
09:38:42,53.50,300,
09:38:42,53.49,100,
09:38:42,53.49,400,
09:38:43,53.49,200,
09:38:43,53.49,400,
09:38:43,53.49,200,
09:38:43,53.49,300,
09:38:43,53.49,100,
09:38:44,53.48,400,
09:38:44,53.48,500,
09:38:44,53.48,500,
09:38:45,53.47,400,
09:38:45,53.47,100,
09:38:45,53.47,200,
09:38:45,53.47,100,
09:38:45,53.48,200,
09:38:47,53.48,100,
09:38:47,53.48,390,
09:38:47,53.48,610,
09:38:47,53.48,300,
09:38:49,53.4735,175,
09:38:49,53.48,400,
09:38:49,53.47,500,
09:38:49,53.47,330,
09:38:49,53.47,230,
09:38:49,53.47,600,
09:38:49,53.47,1000,
09:38:51,53.47,100,
09:38:51,53.46,200,
09:38:52,53.4602,5000,
09:38:54,53.47,200,
09:38:54,53.46,400,
09:38:54,53.46,400,
09:38:55,53.45,100,
09:38:58,53.44,300,
09:38:58,53.44,100,
09:38:59,53.449,375,
09:38:59,53.43,100,
09:38:59,53.43,600,
09:38:59,53.41,100,
09:38:59,53.41,200,
09:39:00,53.42,200,
09:39:00,53.42,200,
09:39:00,53.41,200,
09:39:00,53.41,100,
09:39:00,53.41,200,
09:39:00,53.41,200,
09:39:00,53.41,100,
09:39:00,53.41,813,
09:39:00,53.41,1200,
09:39:00,53.40,600,
09:39:00,53.40,400,
09:39:00,53.39,300,
09:39:01,53.39,600,
09:39:01,53.39,100,
09:39:01,53.40,100,
09:39:01,53.40,1000,
09:39:02,53.39,600,
09:39:02,53.39,100,
09:39:02,53.39,100,
09:39:02,53.40,120,
09:39:02,53.40,400,
09:39:02,53.40,400,
09:39:02,53.40,600,
09:39:02,53.40,100,
09:39:02,53.40,100,
09:39:02,53.40,100,
09:39:02,53.40,300,
09:39:02,53.40,300,
09:39:02,53.40,100,
09:39:04,53.40,100,
09:39:04,53.40,100,
09:39:04,53.40,400,
09:39:04,53.40,400,
09:39:04,53.40,300,
09:39:06,53.41,400,
09:39:06,53.41,200,
09:39:06,53.41,400,
09:39:07,53.41,200,
09:39:07,53.41,400,
09:39:07,53.41,100,
09:39:09,53.41,300,
09:39:09,53.41,100,
09:39:09,53.41,200,
09:39:09,53.41,300,
09:39:09,53.40,100,
09:39:09,53.40,200,
09:39:09,53.40,300,
09:39:10,53.40,300,
09:39:10,53.40,200,
09:39:10,53.40,112,
09:39:10,53.39,200,
09:39:10,53.39,200,
09:39:10,53.39,844,
09:39:10,53.38,900,
09:39:10,53.39,100,
09:39:10,53.39,400,
09:39:10,53.38,100,
09:39:10,53.38,1000,
09:39:10,53.38,400,
09:39:10,53.38,1000,
09:39:10,53.38,600,
09:39:10,53.38,500,
09:39:10,53.38,200,
09:39:10,53.38,400,
09:39:10,53.38,400,
09:39:10,53.38,200,
09:39:10,53.38,300,
09:39:10,53.38,100,
09:39:10,53.38,620,
09:39:10,53.38,200,
09:39:10,53.38,200,
09:39:10,53.37,380,
09:39:10,53.37,500,
09:39:10,53.37,400,
09:39:10,53.37,1120,
09:39:10,53.37,400,
09:39:10,53.37,500,
09:39:11,53.37,100,
09:39:11,53.37,100,
09:39:11,53.37,400,
09:39:11,53.37,300,
09:39:11,53.37,400,
09:39:11,53.37,120,
09:39:11,53.37,300,
09:39:11,53.37,400,
09:39:11,53.37,600,
09:39:11,53.37,200,
09:39:11,53.37,400,
09:39:11,53.37,200,
09:39:11,53.37,200,
09:39:11,53.37,200,
09:39:11,53.36,100,
09:39:12,53.37,500,
09:39:12,53.38,200,
09:39:12,53.38,100,
09:39:12,53.38,320,
09:39:12,53.38,100,
09:39:12,53.38,700,
09:39:12,53.37,400,
09:39:12,53.37,400,
09:39:12,53.37,600,
09:39:12,53.38,200,
09:39:12,53.37,191,
09:39:12,53.37,191,
09:39:12,53.37,400,
09:39:12,53.37,900,
09:39:12,53.38,400,
09:39:12,53.38,100,
09:39:12,53.38,500,
09:39:12,53.38,400,
09:39:12,53.38,400,
09:39:13,53.37,200,
09:39:13,53.37,100,
09:39:14,53.37,100,
09:39:15,53.38,200,
09:39:15,53.38,200,
09:39:15,53.38,300,
09:39:15,53.38,373,
09:39:15,53.38,400,
09:39:15,53.38,620,
09:39:15,53.38,600,
09:39:15,53.38,1200,
09:39:16,53.37,400,
09:39:16,53.37,200,
09:39:16,53.37,200,
09:39:16,53.37,100,
09:39:17,53.36,100,
09:39:18,53.36,100,
09:39:18,53.36,120,
09:39:18,53.36,1880,
09:39:18,53.36,400,
09:39:18,53.36,400,
09:39:18,53.35,100,
09:39:18,53.35,400,
09:39:18,53.35,330,
09:39:18,53.35,400,
09:39:18,53.35,400,
09:39:18,53.34,200,
09:39:21,53.36,600,
09:39:21,53.36,600,
09:39:21,53.36,100,
09:39:21,53.36,200,
09:39:22,53.37,100,
09:39:22,53.38,200,
09:39:22,53.38,200,
09:39:22,53.38,400,
09:39:22,53.38,200,
09:39:22,53.39,224,
09:39:22,53.39,1000,
09:39:22,53.39,400,
09:39:22,53.39,600,
09:39:22,53.39,100,
09:39:22,53.39,200,
09:39:22,53.39,615,
09:39:23,53.38,3100,
09:39:23,53.381,200,
09:39:23,53.38,100,
09:39:23,53.38,600,
09:39:23,53.38,400,
09:39:23,53.38,400,
09:39:23,53.37,400,
09:39:23,53.37,200,
09:39:24,53.37,100,
09:39:24,53.37,600,
09:39:26,53.37,200,
09:39:26,53.38,200,
09:39:26,53.38,400,
09:39:26,53.38,136,
09:39:26,53.38,164,
09:39:26,53.38,100,
09:39:27,53.38,183,
09:39:27,53.37,400,
09:39:27,53.37,200,
09:39:27,53.37,400,
09:39:27,53.37,400,
09:39:28,53.3617,400,
09:39:28,53.3614,200,
09:39:28,53.361,1000,
09:39:29,53.37,500,
09:39:30,53.37,100,
09:39:30,53.37,134,
09:39:30,53.38,600,
09:39:30,53.39,300,
09:39:30,53.39,500,
09:39:30,53.39,200,
09:39:31,53.38,100,
09:39:31,53.38,400,
09:39:32,53.3784,500,
09:39:33,53.386,1151,
09:39:33,53.39,600,
09:39:34,53.39,200,
09:39:34,53.38,221,
09:39:34,53.38,123,
09:39:34,53.38,179,
09:39:35,53.39,400,
09:39:38,53.39,200,
09:39:39,53.38,200,
09:39:39,53.39,200,
09:39:39,53.38,200,
09:39:39,53.38,143,
09:39:39,53.38,400,
09:39:39,53.38,191,
09:39:39,53.38,400,
09:39:39,53.38,312,
09:39:39,53.38,200,
09:39:39,53.38,100,
09:39:40,53.37,180,
09:39:40,53.37,128,
09:39:40,53.37,178,
09:39:41,53.37,100,
09:39:41,53.37,200,
09:39:41,53.37,500,
09:39:41,53.37,600,
09:39:41,53.38,200,
09:39:41,53.39,160,
09:39:43,53.40,200,
09:39:43,53.40,500,
09:39:43,53.40,200,
09:39:43,53.40,300,
09:39:43,53.40,400,
09:39:43,53.40,400,
09:39:43,53.39,100,
09:39:43,53.40,1300,
09:39:43,53.39,500,
09:39:43,53.40,100,
09:39:43,53.39,236,
09:39:43,53.39,100,
09:39:45,53.41,673,
09:39:45,53.42,600,
09:39:46,53.42,100,
09:39:46,53.44,100,
09:39:47,53.43,100,
09:39:47,53.43,100,
09:39:47,53.43,200,
09:39:47,53.42,255,
09:39:48,53.42,200,
09:39:50,53.43,813,
09:39:50,53.43,500,
09:39:50,53.43,1174,
09:39:51,53.44,100,
09:39:51,53.44,100,
09:39:51,53.44,200,
09:39:51,53.436,1000,
09:39:51,53.43,210,
09:39:51,53.43,180,
09:39:51,53.44,267,
09:39:52,53.44,200,
09:39:54,53.44,400,
09:39:54,53.44,600,
09:39:54,53.44,400,
09:39:54,53.46,400,
09:39:54,53.46,100,
09:39:54,53.46,100,
09:39:54,53.46,600,
09:39:54,53.44,589,
09:39:54,53.46,900,
09:39:54,53.45,1600,
09:39:54,53.45,100,
09:39:54,53.45,600,
09:39:54,53.45,100,
09:39:54,53.46,1000,
09:39:54,53.46,600,
09:39:54,53.46,1000,
09:39:54,53.46,200,
09:39:54,53.46,500,
09:39:54,53.46,1330,
09:39:54,53.45,1500,
09:39:54,53.45,100,
09:39:54,53.45,300,
09:39:54,53.45,100,
09:39:54,53.45,400,
09:39:54,53.46,200,
09:39:54,53.46,200,
09:39:54,53.46,200,
09:39:54,53.46,600,
09:39:54,53.46,200,
09:39:54,53.47,200,
09:39:54,53.47,260,
09:39:54,53.47,100,
09:39:54,53.47,1240,
09:39:54,53.47,356,
09:39:54,53.47,200,
09:39:54,53.47,256,
09:39:54,53.47,456,
09:39:54,53.47,600,
09:39:54,53.47,167,
09:39:54,53.47,400,
09:39:54,53.47,321,
09:39:54,53.47,221,
09:39:54,53.47,200,
09:39:54,53.47,200,
09:39:54,53.46,200,
09:39:54,53.46,200,
09:39:54,53.46,1000,
09:39:54,53.46,400,
09:39:54,53.46,625,
09:39:54,53.46,400,
09:39:54,53.45,200,
09:39:54,53.45,300,
09:39:55,53.45,200,
09:39:55,53.44,400,
09:39:55,53.44,300,
09:39:55,53.44,400,
09:39:55,53.44,100,
09:39:55,53.44,100,
09:39:55,53.44,389,
09:39:55,53.45,100,
09:39:55,53.45,100,
09:39:55,53.45,100,
09:39:55,53.45,500,
09:39:56,53.45,600,
09:39:56,53.45,100,
09:39:57,53.45,100,
09:39:57,53.45,100,
09:39:57,53.45,300,
09:39:57,53.44,600,
09:39:57,53.44,500,
09:39:57,53.44,400,
09:39:58,53.4395,200,
09:40:00,53.44,100,
09:40:01,53.44,200,
09:40:01,53.44,136,
09:40:01,53.44,600,
09:40:01,53.44,300,
09:40:01,53.44,100,
09:40:01,53.44,100,
09:40:01,53.44,300,
09:40:01,53.44,100,
09:40:01,53.44,200,
09:40:01,53.44,200,
09:40:03,53.4401,2000,
09:40:04,53.45,1200,
09:40:04,53.45,400,
09:40:04,53.45,112,
09:40:04,53.45,200,
09:40:04,53.45,1250,
09:40:04,53.45,882,
09:40:04,53.45,220,
09:40:04,53.45,100,
09:40:04,53.45,220,
09:40:05,53.44,300,
09:40:05,53.44,400,
09:40:05,53.44,100,
09:40:06,53.43,200,
09:40:06,53.43,400,
09:40:06,53.42,176,
09:40:06,53.42,377,
09:40:06,53.41,200,
09:40:06,53.41,373,
09:40:06,53.41,227,
09:40:06,53.41,200,
09:40:06,53.41,100,
09:40:06,53.41,100,
09:40:06,53.41,400,
09:40:07,53.42,130,
09:40:07,53.42,300,
09:40:07,53.42,400,
09:40:07,53.42,400,
09:40:07,53.42,200,
09:40:07,53.42,400,
09:40:07,53.42,600,
09:40:07,53.42,900,
09:40:07,53.42,400,
09:40:07,53.42,200,
09:40:07,53.42,400,
09:40:07,53.43,100,
09:40:07,53.43,100,
09:40:07,53.44,400,
09:40:07,53.43,800,
09:40:07,53.43,530,
09:40:07,53.44,336,
09:40:07,53.45,556,
09:40:07,53.45,200,
09:40:08,53.45,200,
09:40:08,53.44,400,
09:40:08,53.44,235,
09:40:09,53.43,300,
09:40:09,53.43,200,
09:40:09,53.43,400,
09:40:09,53.43,100,
09:40:09,53.44,265,
09:40:09,53.44,600,
09:40:09,53.44,600,
09:40:09,53.43,1093,
09:40:09,53.44,200,
09:40:09,53.44,135,
09:40:09,53.44,300,
09:40:09,53.45,300,
09:40:10,53.45,100,
09:40:10,53.45,100,
09:40:11,53.44,200,
09:40:11,53.43,307,
09:40:11,53.43,307,
09:40:11,53.43,307,
09:40:11,53.43,107,
09:40:11,53.43,193,
09:40:11,53.43,107,
09:40:15,53.43,400,
09:40:15,53.43,200,
09:40:17,53.416,100,
09:40:18,53.41,400,
09:40:18,53.40,100,
09:40:18,53.40,400,
09:40:19,53.40,400,
09:40:19,53.41,200,
09:40:19,53.41,164,
09:40:19,53.41,464,
09:40:19,53.42,336,
09:40:21,53.40,100,
09:40:22,53.39,100,
09:40:22,53.38,600,
09:40:22,53.38,400,
09:40:23,53.38,100,
09:40:23,53.39,100,
09:40:23,53.39,400,
09:40:23,53.39,200,
09:40:23,53.39,370,
09:40:23,53.39,500,
09:40:23,53.39,100,
09:40:23,53.38,100,
09:40:23,53.38,400,
09:40:23,53.38,400,
09:40:23,53.37,224,
09:40:23,53.37,400,
09:40:23,53.37,600,
09:40:23,53.36,200,
09:40:23,53.36,400,
09:40:23,53.36,400,
09:40:24,53.36,800,
09:40:24,53.36,1530,
09:40:24,53.36,1550,
09:40:24,53.36,500,
09:40:24,53.36,500,
09:40:24,53.36,200,
09:40:25,53.35,700,
09:40:25,53.35,900,
09:40:25,53.34,400,
09:40:25,53.34,400,
09:40:27,53.34,400,
09:40:27,53.34,4000,
09:40:27,53.33,400,
09:40:27,53.34,200,
09:40:27,53.32,600,
09:40:27,53.32,200,
09:40:27,53.32,200,
09:40:27,53.32,200,
09:40:27,53.32,400,
09:40:27,53.3129,100,
09:40:28,53.32,400,
09:40:28,53.32,100,
09:40:29,53.3222,200,
09:40:31,53.32,400,
09:40:31,53.32,300,
09:40:31,53.32,100,
09:40:31,53.32,200,
09:40:31,53.32,100,
09:40:33,53.313,100,
09:40:33,53.31,200,
09:40:33,53.3142,500,
09:40:34,53.31,400,
09:40:34,53.31,200,
09:40:34,53.31,300,
09:40:34,53.315,100,
09:40:36,53.31,400,
09:40:36,53.31,1200,
09:40:37,53.31,200,
09:40:37,53.31,106,
09:40:37,53.31,255,
09:40:37,53.31,180,
09:40:37,53.31,179,
09:40:37,53.31,179,
09:40:37,53.31,137,
09:40:38,53.31,200,
09:40:38,53.31,178,
09:40:39,53.30,100,
09:40:40,53.30,226,
09:40:41,53.3003,300,
09:40:41,53.3003,400,
09:40:41,53.31,600,
09:40:41,53.31,100,
09:40:41,53.32,700,
09:40:41,53.32,100,
09:40:41,53.31,100,
09:40:41,53.31,400,
09:40:41,53.32,100,
09:40:41,53.32,200,
09:40:41,53.32,100,
09:40:41,53.32,100,
09:40:41,53.32,200,
09:40:41,53.32,1000,
09:40:41,53.32,400,
09:40:41,53.32,600,
09:40:41,53.32,200,
09:40:41,53.32,400,
09:40:41,53.33,900,
09:40:41,53.33,800,
09:40:41,53.3284,450,
09:40:41,53.33,380,
09:40:41,53.33,400,
09:40:42,53.33,400,
09:40:42,53.33,200,
09:40:42,53.34,600,
09:40:42,53.34,100,
09:40:42,53.34,200,
09:40:42,53.35,500,
09:40:42,53.35,100,
09:40:42,53.35,1400,
09:40:42,53.35,100,
09:40:42,53.35,200,
09:40:42,53.35,1400,
09:40:42,53.35,400,
09:40:42,53.35,200,
09:40:42,53.35,500,
09:40:42,53.35,300,
09:40:42,53.35,400,
09:40:42,53.35,400,
09:40:42,53.36,200,
09:40:42,53.35,100,
09:40:42,53.36,100,
09:40:42,53.36,300,
09:40:43,53.36,1000,
09:40:43,53.36,700,
09:40:43,53.36,400,
09:40:43,53.36,600,
09:40:43,53.35,100,
09:40:43,53.35,200,
09:40:43,53.35,400,
09:40:43,53.35,500,
09:40:43,53.35,100,
09:40:45,53.3507,200,
09:40:45,53.35,200,
09:40:45,53.35,400,
09:40:46,53.34,200,
09:40:46,53.34,400,
09:40:46,53.3299,2200,
09:40:46,53.33,100,
09:40:46,53.33,200,
09:40:46,53.33,400,
09:40:46,53.33,400,
09:40:46,53.33,100,
09:40:47,53.32,100,
09:40:47,53.33,100,
09:40:47,53.33,100,
09:40:47,53.33,400,
09:40:47,53.33,300,
09:40:47,53.33,400,
09:40:47,53.33,400,
09:40:47,53.33,200,
09:40:47,53.33,200,
09:40:48,53.34,600,
09:40:48,53.34,800,
09:40:48,53.35,200,
09:40:48,53.35,200,
09:40:48,53.35,200,
09:40:48,53.35,400,
09:40:49,53.34,400,
09:40:49,53.34,385,
09:40:49,53.34,500,
09:40:49,53.34,400,
09:40:50,53.35,100,
09:40:50,53.36,400,
09:40:51,53.36,100,
09:40:51,53.36,300,
09:40:51,53.36,200,
09:40:51,53.36,200,
09:40:51,53.35,200,
09:40:52,53.36,100,
09:40:54,53.35,200,
09:40:54,53.35,300,
09:40:54,53.35,400,
09:40:54,53.35,600,
09:40:54,53.35,100,
09:40:54,53.35,400,
09:40:54,53.35,100,
09:40:54,53.35,100,
09:40:54,53.35,300,
09:40:54,53.35,100,
09:40:54,53.35,400,
09:40:54,53.35,400,
09:40:54,53.35,300,
09:40:54,53.35,400,
09:40:54,53.35,400,
09:40:54,53.35,400,
09:40:54,53.35,400,
09:40:54,53.35,400,
09:40:54,53.35,400,
09:40:54,53.35,400,
09:40:55,53.35,400,
09:40:55,53.35,200,
09:40:55,53.35,300,
09:40:55,53.35,600,
09:40:55,53.35,100,
09:40:56,53.35,400,
09:40:56,53.35,400,
09:40:56,53.35,400,
09:40:56,53.35,400,
09:40:57,53.35,200,
09:40:57,53.35,600,
09:40:57,53.35,400,
09:40:57,53.35,600,
09:40:57,53.35,600,
09:40:57,53.35,500,
09:40:57,53.35,200,
09:40:57,53.35,100,
09:40:57,53.35,100,
09:40:57,53.35,100,
09:40:57,53.35,400,
09:40:57,53.35,200,
09:40:57,53.35,400,
09:40:57,53.35,278,
09:40:57,53.35,178,
09:40:57,53.35,100,
09:40:57,53.35,100,
09:40:57,53.35,500,
09:41:01,53.34,100,
09:41:01,53.34,400,
09:41:01,53.34,300,
09:41:01,53.34,100,
09:41:01,53.34,500,
09:41:01,53.34,1158,
09:41:01,53.34,1700,
09:41:01,53.34,2560,
09:41:01,53.34,400,
09:41:01,53.34,400,
09:41:01,53.33,300,
09:41:01,53.33,100,
09:41:01,53.33,300,
09:41:01,53.32,147,
09:41:02,53.3295,400,
09:41:04,53.32,400,
09:41:04,53.32,390,
09:41:04,53.32,213,
09:41:04,53.32,300,
09:41:04,53.32,200,
09:41:04,53.32,300,
09:41:04,53.32,100,
09:41:06,53.33,400,
09:41:07,53.31,200,
09:41:07,53.32,1100,
09:41:07,53.32,600,
09:41:07,53.32,500,
09:41:07,53.32,300,
09:41:07,53.32,452,
09:41:08,53.33,1000,
09:41:08,53.33,1200,
09:41:08,53.33,600,
09:41:08,53.33,210,
09:41:08,53.34,100,
09:41:08,53.34,199,
09:41:09,53.34,300,
09:41:09,53.34,100,
09:41:09,53.34,100,
09:41:10,53.35,100,
09:41:12,53.3564,100,
09:41:13,53.35,400,
09:41:13,53.35,300,
09:41:14,53.35,1500,
09:41:17,53.35,200,
09:41:18,53.35,155,
09:41:18,53.35,300,
09:41:18,53.35,400,
09:41:18,53.35,1400,
09:41:18,53.35,200,
09:41:18,53.35,400,
09:41:18,53.35,345,
09:41:18,53.35,700,
09:41:18,53.35,200,
09:41:18,53.35,200,
09:41:19,53.35,226,
09:41:20,53.35,200,
09:41:20,53.35,374,
09:41:20,53.35,400,
09:41:20,53.34,210,
09:41:20,53.34,300,
09:41:20,53.34,370,
09:41:20,53.34,110,
09:41:20,53.34,400,
09:41:20,53.34,400,
09:41:20,53.34,400,
09:41:22,53.33,300,
09:41:22,53.33,110,
09:41:22,53.33,400,
09:41:22,53.33,3400,
09:41:22,53.33,300,
09:41:23,53.32,1370,
09:41:23,53.32,430,
09:41:23,53.32,226,
09:41:23,53.32,113,
09:41:23,53.32,200,
09:41:23,53.32,359,
09:41:23,53.33,100,
09:41:23,53.33,100,
09:41:24,53.34,400,
09:41:24,53.33,199,
09:41:24,53.33,600,
09:41:27,53.31,100,
09:41:27,53.32,300,
09:41:28,53.32,100,
09:41:28,53.32,100,
09:41:28,53.32,200,
09:41:30,53.33,400,
09:41:31,53.34,186,
09:41:31,53.337,4400,
09:41:31,53.34,100,
09:41:31,53.34,100,
09:41:32,53.34,100,
09:41:32,53.34,100,
09:41:32,53.34,100,
09:41:32,53.34,100,
09:41:32,53.34,200,
09:41:32,53.34,30000,
09:41:32,53.34,200,
09:41:32,53.34,200,
09:41:32,53.34,200,
09:41:33,53.35,100,
09:41:34,53.35,100,
09:41:34,53.36,600,
09:41:34,53.36,100,
09:41:35,53.36,600,
09:41:35,53.36,241,
09:41:35,53.36,200,
09:41:35,53.35,300,
09:41:35,53.35,100,
09:41:36,53.35,100,
09:41:36,53.35,100,
09:41:36,53.3629,150,
09:41:37,53.37,100,
09:41:37,53.38,186,
09:41:37,53.38,400,
09:41:37,53.3705,1000,
09:41:37,53.37,400,
09:41:37,53.37,600,
09:41:39,53.37,400,
09:41:40,53.37,400,
09:41:41,53.38,600,
09:41:42,53.39,200,
09:41:43,53.38,200,
09:41:43,53.38,400,
09:41:43,53.37,100,
09:41:43,53.37,246,
09:41:43,53.37,102,
09:41:43,53.37,100,
09:41:43,53.37,500,
09:41:43,53.38,300,
09:41:44,53.38,297,
09:41:45,53.39,200,
09:41:45,53.39,100,
09:41:45,53.40,180,
09:41:46,53.3999,100,
09:41:46,53.40,600,
09:41:46,53.40,300,
09:41:46,53.40,200,
09:41:46,53.40,800,
09:41:46,53.40,100,
09:41:47,53.40,400,
09:41:47,53.40,600,
09:41:47,53.40,200,
09:41:47,53.40,300,
09:41:47,53.39,400,
09:41:48,53.39,200,
09:41:48,53.39,200,
09:41:49,53.39,200,
09:41:50,53.39,127,
09:41:50,53.39,345,
09:41:50,53.39,100,
09:41:50,53.39,400,
09:41:50,53.39,600,
09:41:50,53.39,600,
09:41:50,53.39,100,
09:41:50,53.39,400,
09:41:50,53.3998,3000,
09:41:51,53.38,500,
09:41:51,53.38,100,
09:41:51,53.38,100,
09:41:51,53.39,280,
09:41:51,53.39,187,
09:41:51,53.39,160,
09:41:52,53.3898,5000,
09:41:54,53.39,114,
09:41:54,53.39,243,
09:41:54,53.40,350,
09:41:54,53.40,1050,
09:41:54,53.40,600,
09:41:55,53.40,500,
09:41:55,53.40,600,
09:41:55,53.40,170,
09:41:55,53.40,200,
09:41:55,53.40,400,
09:41:55,53.40,400,
09:41:55,53.40,1600,
09:41:55,53.40,200,
09:41:55,53.40,300,
09:41:55,53.40,300,
09:41:55,53.40,300,
09:41:55,53.4001,1200,
09:41:56,53.4001,2800,
09:41:56,53.39,226,
09:41:56,53.39,113,
09:41:57,53.40,400,
09:41:57,53.40,600,
09:41:57,53.40,200,
09:41:57,53.40,1200,
09:41:57,53.40,400,
09:41:57,53.40,400,
09:41:57,53.40,400,
09:41:57,53.40,200,
09:41:57,53.40,300,
09:41:57,53.405,100,
09:41:57,53.39,400,
09:41:57,53.39,100,
09:41:57,53.39,200,
09:41:57,53.39,400,
09:41:57,53.39,600,
09:41:57,53.3909,200,
09:41:57,53.3907,300,
09:41:57,53.3907,400,
09:41:57,53.39,1000,
09:41:57,53.39,294,
09:41:57,53.39,200,
09:41:57,53.39,400,
09:41:57,53.39,1200,
09:41:57,53.39,600,
09:41:57,53.39,400,
09:41:57,53.39,400,
09:41:57,53.3902,200,
09:41:57,53.39,100,
09:41:57,53.39,200,
09:41:58,53.39,700,
09:41:58,53.39,200,
09:41:59,53.40,400,
09:41:59,53.40,400,
09:41:59,53.40,400,
09:41:59,53.40,400,
09:41:59,53.40,600,
09:41:59,53.40,400,
09:41:59,53.40,600,
09:41:59,53.40,400,
09:41:59,53.39,813,
09:41:59,53.39,113,
09:41:59,53.39,500,
09:41:59,53.39,400,
09:41:59,53.38,500,
09:41:59,53.38,500,
09:41:59,53.38,100,
09:41:59,53.37,200,
09:41:59,53.37,400,
09:42:00,53.3693,200,
09:42:00,53.37,200,
09:42:00,53.37,600,
09:42:00,53.37,527,
09:42:01,53.38,300,
09:42:02,53.38,100,
09:42:02,53.38,100,
09:42:02,53.38,1400,
09:42:02,53.38,500,
09:42:02,53.38,100,
09:42:02,53.38,555,
09:42:02,53.38,400,
09:42:02,53.38,200,
09:42:02,53.38,400,
09:42:02,53.38,600,
09:42:02,53.38,1200,
09:42:02,53.38,100,
09:42:02,53.38,200,
09:42:02,53.38,245,
09:42:02,53.38,355,
09:42:02,53.38,400,
09:42:02,53.38,100,
09:42:02,53.38,800,
09:42:02,53.38,145,
09:42:02,53.37,100,
09:42:02,53.38,100,
09:42:02,53.38,400,
09:42:02,53.38,400,
09:42:02,53.38,200,
09:42:02,53.38,300,
09:42:02,53.38,100,
09:42:02,53.37,400,
09:42:02,53.37,100,
09:42:02,53.37,400,
09:42:02,53.37,100,
09:42:02,53.37,800,
09:42:02,53.37,300,
09:42:02,53.37,2100,
09:42:02,53.37,500,
09:42:02,53.37,400,
09:42:02,53.37,600,
09:42:02,53.37,200,
09:42:02,53.37,200,
09:42:02,53.37,100,
09:42:02,53.37,400,
09:42:02,53.37,200,
09:42:02,53.37,400,
09:42:02,53.37,200,
09:42:02,53.37,400,
09:42:02,53.37,500,
09:42:02,53.37,200,
09:42:02,53.37,200,
09:42:02,53.37,193,
09:42:02,53.37,143,
09:42:02,53.36,100,
09:42:02,53.37,400,
09:42:02,53.37,1200,
09:42:02,53.37,200,
09:42:02,53.37,400,
09:42:02,53.37,150,
09:42:02,53.37,500,
09:42:03,53.36,400,
09:42:03,53.36,2000,
09:42:03,53.36,564,
09:42:03,53.36,1900,
09:42:03,53.36,421,
09:42:03,53.36,244,
09:42:03,53.35,341,
09:42:03,53.35,200,
09:42:03,53.35,400,
09:42:03,53.35,400,
09:42:03,53.35,400,
09:42:03,53.35,400,
09:42:03,53.35,100,
09:42:03,53.35,200,
09:42:03,53.35,600,
09:42:03,53.35,200,
09:42:03,53.35,100,
09:42:03,53.35,100,
09:42:03,53.35,200,
09:42:03,53.35,200,
09:42:03,53.35,100,
09:42:03,53.35,100,
09:42:03,53.35,100,
09:42:04,53.35,400,
09:42:04,53.35,300,
09:42:04,53.34,400,
09:42:04,53.34,200,
09:42:04,53.34,200,
09:42:04,53.34,400,
09:42:04,53.34,200,
09:42:04,53.34,400,
09:42:04,53.34,100,
09:42:04,53.34,400,
09:42:04,53.34,555,
09:42:04,53.34,600,
09:42:04,53.34,100,
09:42:04,53.34,400,
09:42:04,53.34,100,
09:42:04,53.35,100,
09:42:04,53.35,400,
09:42:04,53.35,200,
09:42:05,53.36,300,
09:42:05,53.36,300,
09:42:05,53.36,300,
09:42:06,53.36,100,
09:42:06,53.37,400,
09:42:06,53.37,400,
09:42:06,53.37,600,
09:42:07,53.37,179,
09:42:07,53.37,157,
09:42:07,53.37,100,
09:42:07,53.37,500,
09:42:07,53.37,600,
09:42:07,53.37,500,
09:42:07,53.37,200,
09:42:08,53.37,400,
09:42:08,53.36,400,
09:42:08,53.36,400,
09:42:08,53.36,600,
09:42:09,53.36,100,
09:42:09,53.35,100,
09:42:09,53.35,530,
09:42:10,53.35,100,
09:42:10,53.35,100,
09:42:10,53.35,1200,
09:42:10,53.35,100,
09:42:10,53.35,600,
09:42:10,53.35,400,
09:42:10,53.35,100,
09:42:10,53.35,100,
09:42:10,53.35,400,
09:42:10,53.36,100,
09:42:10,53.36,400,
09:42:10,53.36,600,
09:42:10,53.36,100,
09:42:10,53.36,400,
09:42:10,53.37,500,
09:42:10,53.37,500,
09:42:10,53.37,200,
09:42:11,53.36,100,
09:42:12,53.36,570,
09:42:13,53.38,500,
09:42:13,53.38,175,
09:42:13,53.38,200,
09:42:13,53.38,100,
09:42:13,53.39,100,
09:42:13,53.39,400,
09:42:13,53.39,600,
09:42:13,53.39,400,
09:42:14,53.39,100,
09:42:15,53.39,100,
09:42:16,53.39,202,
09:42:16,53.39,100,
09:42:16,53.39,400,
09:42:16,53.40,200,
09:42:16,53.40,400,
09:42:16,53.40,900,
09:42:16,53.40,600,
09:42:16,53.40,400,
09:42:16,53.40,126,
09:42:16,53.41,400,
09:42:17,53.41,600,
09:42:17,53.41,300,
09:42:18,53.41,400,
09:42:18,53.42,1000,
09:42:18,53.42,555,
09:42:19,53.42,500,
09:42:19,53.42,355,
09:42:19,53.42,100,
09:42:19,53.42,1200,
09:42:20,53.42,100,
09:42:21,53.42,200,
09:42:22,53.44,200,
09:42:22,53.45,1800,
09:42:22,53.44,200,
09:42:22,53.44,100,
09:42:22,53.45,1630,
09:42:22,53.45,200,
09:42:22,53.45,600,
09:42:22,53.45,400,
09:42:22,53.45,100,
09:42:22,53.45,400,
09:42:22,53.45,1200,
09:42:22,53.45,100,
09:42:22,53.44,100,
09:42:22,53.44,385,
09:42:22,53.44,285,
09:42:22,53.44,115,
09:42:22,53.44,185,
09:42:22,53.43,400,
09:42:22,53.43,400,
09:42:22,53.43,100,
09:42:22,53.43,200,
09:42:22,53.43,200,
09:42:22,53.43,1100,
09:42:22,53.43,531,
09:42:22,53.43,200,
09:42:22,53.43,200,
09:42:23,53.4398,7000,
09:42:24,53.4263,100,
09:42:24,53.43,100,
09:42:24,53.43,600,
09:42:24,53.43,126,
09:42:24,53.44,200,
09:42:26,53.43,200,
09:42:26,53.43,800,
09:42:26,53.43,600,
09:42:26,53.42,400,
09:42:26,53.42,200,
09:42:26,53.42,135,
09:42:26,53.42,265,
09:42:26,53.42,200,
09:42:26,53.41,265,
09:42:26,53.41,600,
09:42:26,53.42,100,
09:42:26,53.42,335,
09:42:27,53.40,400,
09:42:27,53.40,336,
09:42:27,53.41,600,
09:42:27,53.41,500,
09:42:27,53.40,400,
09:42:27,53.40,500,
09:42:27,53.40,1736,
09:42:27,53.40,103,
09:42:27,53.40,787,
09:42:27,53.40,813,
09:42:27,53.39,400,
09:42:27,53.39,600,
09:42:27,53.39,200,
09:42:27,53.39,400,
09:42:27,53.39,500,
09:42:27,53.39,3400,
09:42:27,53.39,300,
09:42:27,53.40,404,
09:42:27,53.40,648,
09:42:27,53.40,100,
09:42:27,53.40,353,
09:42:27,53.40,147,
09:42:27,53.40,132,
09:42:27,53.40,600,
09:42:27,53.43,400,
09:42:28,53.41,380,
09:42:28,53.41,380,
09:42:28,53.42,100,
09:42:28,53.42,400,
09:42:29,53.43,600,
09:42:29,53.44,400,
09:42:29,53.44,200,
09:42:29,53.44,400,
09:42:29,53.44,200,
09:42:29,53.44,200,
09:42:29,53.44,120,
09:42:29,53.44,900,
09:42:30,53.43,200,
09:42:30,53.43,500,
09:42:31,53.43,200,
09:42:31,53.43,100,
09:42:32,53.43,200,
09:42:32,53.43,100,
09:42:32,53.43,100,
09:42:32,53.43,101,
09:42:34,53.43,200,
09:42:34,53.43,100,
09:42:34,53.43,400,
09:42:34,53.44,300,
09:42:34,53.44,300,
09:42:34,53.44,419,
09:42:34,53.44,381,
09:42:34,53.44,581,
09:42:34,53.45,200,
09:42:34,53.45,200,
09:42:34,53.46,200,
09:42:34,53.46,200,
09:42:35,53.47,100,
09:42:35,53.48,200,
09:42:36,53.48,500,
09:42:36,53.48,100,
09:42:36,53.48,200,
09:42:38,53.48,200,
09:42:38,53.48,127,
09:42:38,53.48,127,
09:42:38,53.48,300,
09:42:38,53.48,300,
09:42:38,53.48,100,
09:42:38,53.48,220,
09:42:38,53.48,400,
09:42:39,53.48,200,
09:42:39,53.49,600,
09:42:39,53.49,100,
09:42:40,53.48,400,
09:42:40,53.48,400,
09:42:40,53.48,1630,
09:42:40,53.48,200,
09:42:40,53.48,595,
09:42:40,53.48,100,
09:42:40,53.47,100,
09:42:40,53.47,500,
09:42:40,53.47,300,
09:42:40,53.47,1219,
09:42:40,53.47,200,
09:42:40,53.47,900,
09:42:40,53.47,500,
09:42:40,53.47,100,
09:42:40,53.47,431,
09:42:40,53.47,100,
09:42:41,53.4688,300,
09:42:41,53.47,100,
09:42:41,53.47,400,
09:42:41,53.48,100,
09:42:41,53.48,100,
09:42:41,53.48,100,
09:42:41,53.47,100,
09:42:41,53.47,400,
09:42:42,53.46,100,
09:42:43,53.48,100,
09:42:43,53.48,300,
09:42:43,53.48,1800,
09:42:43,53.48,400,
09:42:43,53.48,600,
09:42:43,53.48,600,
09:42:44,53.47,180,
09:42:44,53.47,210,
09:42:44,53.46,300,
09:42:44,53.47,270,
09:42:44,53.46,300,
09:42:44,53.46,600,
09:42:45,53.46,900,
09:42:45,53.46,200,
09:42:45,53.46,500,
09:42:45,53.46,1200,
09:42:45,53.46,600,
09:42:45,53.47,100,
09:42:45,53.47,600,
09:42:45,53.48,200,
09:42:45,53.4799,100,
09:42:45,53.48,100,
09:42:49,53.47,122,
09:42:49,53.47,100,
09:42:49,53.47,100,
09:42:49,53.48,400,
09:42:49,53.47,400,
09:42:49,53.48,221,
09:42:50,53.48,128,
09:42:50,53.48,328,
09:42:50,53.48,200,
09:42:50,53.48,100,
09:42:50,53.48,400,
09:42:50,53.48,100,
09:42:51,53.48,399,
09:42:51,53.48,300,
09:42:51,53.48,800,
09:42:51,53.48,100,
09:42:51,53.48,100,
09:42:51,53.48,100,
09:42:51,53.48,200,
09:42:51,53.48,400,
09:42:51,53.485,500,
09:42:52,53.47,210,
09:42:52,53.47,180,
09:42:53,53.47,1160,
09:42:53,53.475,200,
09:42:54,53.47,370,
09:42:54,53.47,600,
09:42:54,53.47,200,
09:42:54,53.465,100,
09:42:55,53.48,500,
09:42:55,53.48,100,
09:42:55,53.47,100,
09:42:55,53.48,100,
09:42:55,53.48,200,
09:42:55,53.48,100,
09:42:55,53.48,500,
09:42:55,53.48,100,
09:42:55,53.48,700,
09:42:55,53.48,500,
09:42:55,53.48,500,
09:42:55,53.48,400,
09:42:55,53.48,100,
09:42:55,53.48,300,
09:42:55,53.48,200,
09:42:55,53.48,100,
09:42:57,53.49,300,
09:42:57,53.49,400,
09:42:57,53.49,200,
09:42:57,53.49,600,
09:42:57,53.49,300,
09:42:58,53.50,100,
09:42:58,53.50,300,
09:42:58,53.50,279,
09:42:58,53.51,100,
09:42:58,53.49,100,
09:42:58,53.495,200,
09:42:58,53.49,210,
09:43:00,53.4901,250,
09:43:00,53.495,100,
09:43:01,53.50,100,
09:43:01,53.4985,200,
09:43:02,53.49,130,
09:43:02,53.49,270,
09:43:02,53.49,400,
09:43:02,53.49,100,
09:43:02,53.495,200,
09:43:02,53.49,100,
09:43:04,53.49,300,
09:43:04,53.48,235,
09:43:04,53.48,600,
09:43:04,53.48,200,
09:43:04,53.48,600,
09:43:04,53.485,100,
09:43:04,53.47,100,
09:43:05,53.47,2000,
09:43:05,53.48,100,
09:43:06,53.475,100,
09:43:07,53.4699,340,
09:43:08,53.48,100,
09:43:08,53.48,600,
09:43:08,53.475,100,
09:43:08,53.47,100,
09:43:09,53.48,400,
09:43:09,53.48,600,
09:43:09,53.48,100,
09:43:09,53.485,100,
09:43:10,53.48,400,
09:43:10,53.48,1200,
09:43:11,53.47,600,
09:43:11,53.46,100,
09:43:11,53.465,100,
09:43:11,53.46,100,
09:43:11,53.46,100,
09:43:12,53.46,700,
09:43:12,53.46,2400,
09:43:12,53.46,387,
09:43:12,53.46,600,
09:43:12,53.46,500,
09:43:12,53.47,200,
09:43:14,53.46,300,
09:43:14,53.46,100,
09:43:14,53.4572,400,
09:43:17,53.46,600,
09:43:20,53.47,370,
09:43:21,53.47,200,
09:43:21,53.47,500,
09:43:22,53.46,355,
09:43:22,53.46,345,
09:43:22,53.46,200,
09:43:22,53.45,400,
09:43:22,53.45,500,
09:43:22,53.45,300,
09:43:22,53.45,600,
09:43:23,53.455,100,
09:43:23,53.45,248,
09:43:23,53.45,179,
09:43:25,53.45,200,
09:43:25,53.45,200,
09:43:26,53.45,200,
09:43:26,53.45,200,
09:43:26,53.45,100,
09:43:27,53.44,300,
09:43:27,53.44,300,
09:43:27,53.44,100,
09:43:30,53.42,400,
09:43:30,53.42,600,
09:43:30,53.42,100,
09:43:30,53.42,330,
09:43:30,53.42,300,
09:43:30,53.42,2000,
09:43:30,53.42,200,
09:43:30,53.42,100,
09:43:30,53.42,100,
09:43:30,53.42,100,
09:43:30,53.43,1300,
09:43:30,53.43,600,
09:43:30,53.43,120,
09:43:30,53.43,200,
09:43:30,53.43,100,
09:43:30,53.43,300,
09:43:30,53.4258,300,
09:43:31,53.43,400,
09:43:33,53.39,100,
09:43:33,53.39,100,
09:43:33,53.40,400,
09:43:33,53.40,500,
09:43:33,53.41,200,
09:43:33,53.41,100,
09:43:33,53.41,200,
09:43:33,53.40,10000,
09:43:35,53.41,600,
09:43:37,53.40,100,
09:43:37,53.40,100,
09:43:37,53.40,500,
09:43:37,53.39,500,
09:43:37,53.39,200,
09:43:38,53.38,400,
09:43:38,53.38,500,
09:43:38,53.38,200,
09:43:38,53.38,200,
09:43:38,53.3737,200,
09:43:39,53.37,100,
09:43:39,53.37,600,
09:43:40,53.37,100,
09:43:40,53.38,580,
09:43:41,53.38,600,
09:43:41,53.40,300,
09:43:42,53.40,100,
09:43:42,53.371,5100,
09:43:43,53.40,600,
09:43:43,53.40,185,
09:43:43,53.40,100,
09:43:43,53.40,400,
09:43:43,53.40,100,
09:43:43,53.40,500,
09:43:43,53.40,215,
09:43:43,53.39,573,
09:43:44,53.38,100,
09:43:44,53.38,100,
09:43:45,53.37,100,
09:43:45,53.37,100,
09:43:45,53.37,200,
09:43:45,53.37,300,
09:43:47,53.37,500,
09:43:47,53.36,500,
09:43:47,53.36,100,
09:43:49,53.35,300,
09:43:49,53.35,100,
09:43:49,53.35,100,
09:43:49,53.35,100,
09:43:49,53.35,200,
09:43:50,53.35,100,
09:43:50,53.35,600,
09:43:50,53.35,300,
09:43:50,53.35,400,
09:43:51,53.357,200,
09:43:53,53.35,300,
09:43:54,53.36,100,
09:43:54,53.36,500,
09:43:54,53.3617,100,
09:43:54,53.361,200,
09:43:57,53.37,400,
09:43:57,53.37,126,
09:43:57,53.38,400,
09:43:57,53.38,600,
09:43:57,53.39,400,
09:43:57,53.39,600,
09:43:57,53.39,700,
09:43:57,53.39,100,
09:43:57,53.39,800,
09:43:58,53.39,200,
09:43:58,53.39,100,
09:43:58,53.39,200,
09:43:58,53.39,100,
09:43:58,53.39,300,
09:43:58,53.39,200,
09:43:58,53.39,100,
09:43:58,53.39,100,
09:43:59,53.39,326,
09:43:59,53.39,400,
09:43:59,53.39,100,
09:44:00,53.38,600,
09:44:00,53.38,100,
09:44:00,53.38,226,
09:44:02,53.37,250,
09:44:02,53.37,450,
09:44:04,53.39,100,
09:44:04,53.39,800,
09:44:04,53.39,600,
09:44:04,53.39,100,
09:44:04,53.39,200,
09:44:06,53.40,400,
09:44:06,53.40,100,
09:44:06,53.40,1500,
09:44:06,53.40,100,
09:44:06,53.41,299,
09:44:07,53.41,800,
09:44:07,53.4016,700,
09:44:08,53.40,300,
09:44:08,53.40,200,
09:44:08,53.40,257,
09:44:08,53.40,370,
09:44:08,53.40,400,
09:44:08,53.40,470,
09:44:08,53.39,200,
09:44:09,53.3963,100,
09:44:11,53.41,470,
09:44:11,53.42,600,
09:44:12,53.42,10000,
09:44:12,53.42,100,
09:44:14,53.42,400,
09:44:14,53.42,600,
09:44:14,53.42,100,
09:44:15,53.42,1300,
09:44:15,53.42,5500,
09:44:15,53.43,600,
09:44:15,53.43,1100,
09:44:15,53.43,100,
09:44:16,53.4301,300,
09:44:16,53.43,200,
09:44:16,53.43,400,
09:44:16,53.43,400,
09:44:16,53.43,900,
09:44:16,53.43,600,
09:44:16,53.43,200,
09:44:16,53.43,200,
09:44:16,53.43,400,
09:44:16,53.43,200,
09:44:16,53.43,400,
09:44:16,53.43,500,
09:44:16,53.43,400,
09:44:17,53.44,900,
09:44:18,53.45,100,
09:44:18,53.45,200,
09:44:18,53.45,400,
09:44:18,53.45,400,
09:44:18,53.45,300,
09:44:18,53.45,200,
09:44:19,53.47,300,
09:44:19,53.47,1100,
09:44:20,53.48,165,
09:44:20,53.48,100,
09:44:20,53.49,200,
09:44:20,53.49,400,
09:44:20,53.49,600,
09:44:21,53.49,200,
09:44:21,53.48,100,
09:44:21,53.48,200,
09:44:21,53.4872,185,
09:44:22,53.49,100,
09:44:22,53.50,300,
09:44:22,53.50,600,
09:44:22,53.50,400,
09:44:22,53.50,400,
09:44:22,53.50,600,
09:44:22,53.50,1000,
09:44:22,53.50,100,
09:44:23,53.51,300,
09:44:23,53.51,400,
09:44:23,53.51,200,
09:44:23,53.51,300,
09:44:23,53.51,170,
09:44:23,53.51,200,
09:44:23,53.51,500,
09:44:23,53.51,500,
09:44:23,53.51,730,
09:44:23,53.51,100,
09:44:23,53.52,300,
09:44:23,53.52,200,
09:44:24,53.52,400,
09:44:24,53.52,400,
09:44:24,53.52,200,
09:44:24,53.52,200,
09:44:25,53.51,100,
09:44:25,53.51,200,
09:44:25,53.51,1000,
09:44:25,53.52,200,
09:44:26,53.514,400,
09:44:27,53.53,100,
09:44:27,53.53,100,
09:44:28,53.5266,100,
09:44:29,53.52,300,
09:44:29,53.52,200,
09:44:29,53.52,200,
09:44:30,53.52,400,
09:44:30,53.52,100,
09:44:30,53.5114,1000,
09:44:30,53.52,600,
09:44:30,53.525,100,
09:44:31,53.53,900,
09:44:31,53.53,400,
09:44:31,53.53,1000,
09:44:31,53.53,600,
09:44:31,53.53,100,
09:44:32,53.53,110,
09:44:32,53.52,300,
09:44:32,53.52,400,
09:44:32,53.52,300,
09:44:32,53.52,400,
09:44:32,53.52,400,
09:44:32,53.52,400,
09:44:32,53.52,600,
09:44:32,53.53,100,
09:44:32,53.53,100,
09:44:32,53.52,300,
09:44:34,53.52,100,
09:44:34,53.52,100,
09:44:34,53.52,100,
09:44:34,53.52,300,
09:44:34,53.52,168,
09:44:34,53.52,500,
09:44:34,53.5201,246,
09:44:34,53.525,100,
09:44:34,53.52,100,
09:44:34,53.51,100,
09:44:34,53.51,300,
09:44:34,53.51,200,
09:44:34,53.51,100,
09:44:34,53.51,400,
09:44:34,53.51,600,
09:44:34,53.51,200,
09:44:35,53.50,300,
09:44:35,53.50,300,
09:44:35,53.49,400,
09:44:35,53.49,500,
09:44:36,53.49,200,
09:44:37,53.47,100,
09:44:37,53.47,400,
09:44:37,53.47,1000,
09:44:37,53.47,300,
09:44:37,53.47,100,
09:44:37,53.475,100,
09:44:38,53.47,100,
09:44:38,53.47,100,
09:44:39,53.47,400,
09:44:39,53.47,200,
09:44:39,53.47,400,
09:44:39,53.47,400,
09:44:40,53.44,200,
09:44:40,53.44,300,
09:44:40,53.44,100,
09:44:42,53.43,100,
09:44:42,53.43,500,
09:44:43,53.44,400,
09:44:43,53.44,100,
09:44:44,53.44,365,
09:44:44,53.45,100,
09:44:45,53.46,210,
09:44:45,53.46,400,
09:44:45,53.46,940,
09:44:46,53.47,600,
09:44:46,53.48,600,
09:44:46,53.48,210,
09:44:46,53.48,100,
09:44:46,53.48,300,
09:44:46,53.48,600,
09:44:46,53.48,960,
09:44:47,53.48,100,
09:44:47,53.48,500,
09:44:47,53.48,300,
09:44:48,53.47,200,
09:44:48,53.47,330,
09:44:49,53.47,500,
09:44:49,53.4625,100,
09:44:50,53.47,100,
09:44:51,53.48,600,
09:44:51,53.48,100,
09:44:51,53.475,100,
09:44:51,53.48,200,
09:44:51,53.48,100,
09:44:51,53.48,400,
09:44:51,53.48,380,
09:44:51,53.48,100,
09:44:51,53.49,100,
09:44:51,53.49,209,
09:44:51,53.49,500,
09:44:51,53.49,171,
09:44:52,53.49,100,
09:44:53,53.4801,137,
09:44:53,53.4716,159,
09:44:55,53.49,200,
09:44:55,53.49,100,
09:44:56,53.50,600,
09:44:57,53.50,100,
09:44:57,53.50,100,
09:44:57,53.50,300,
09:44:57,53.50,100,
09:44:57,53.50,100,
09:44:58,53.4901,172,
09:44:58,53.491,114,
09:44:58,53.48,100,
09:44:58,53.48,126,
09:44:59,53.47,100,
09:44:59,53.47,330,
09:44:59,53.47,600,
09:44:59,53.47,100,
09:44:59,53.47,400,
09:44:59,53.48,465,
09:44:59,53.49,210,
09:44:59,53.49,400,
09:44:59,53.49,100,
09:44:59,53.49,200,
09:44:59,53.49,1200,
09:44:59,53.48,200,
09:45:00,53.49,10000,
09:45:01,53.48,100,
09:45:01,53.48,100,
09:45:01,53.4716,155,
09:45:02,53.4805,165,
09:45:02,53.49,500,
09:45:02,53.49,100,
09:45:02,53.49,200,
09:45:02,53.49,100,
09:45:02,53.49,200,
09:45:02,53.49,165,
09:45:03,53.4901,244,
09:45:04,53.49,300,
09:45:04,53.49,600,
09:45:04,53.491,305,
09:45:04,53.49,870,
09:45:04,53.49,600,
09:45:05,53.50,100,
09:45:05,53.50,100,
09:45:05,53.50,300,
09:45:05,53.50,800,
09:45:05,53.50,1600,
09:45:05,53.50,400,
09:45:05,53.50,400,
09:45:05,53.50,600,
09:45:05,53.50,800,
09:45:05,53.50,200,
09:45:05,53.51,500,
09:45:05,53.51,300,
09:45:05,53.51,200,
09:45:05,53.51,100,
09:45:05,53.52,500,
09:45:05,53.52,100,
09:45:05,53.52,100,
09:45:05,53.52,100,
09:45:05,53.52,500,
09:45:06,53.52,100,
09:45:06,53.52,100,
09:45:06,53.52,100,
09:45:06,53.525,300,
09:45:06,53.53,1000,
09:45:06,53.54,200,
09:45:06,53.54,108,
09:45:06,53.54,200,
09:45:06,53.54,200,
09:45:06,53.54,200,
09:45:07,53.511,495,
09:45:08,53.545,100,
09:45:08,53.54,400,
09:45:09,53.5301,320,
09:45:10,53.535,100,
09:45:11,53.5416,114,
09:45:11,53.5401,196,
09:45:13,53.53,100,
09:45:13,53.53,100,
09:45:13,53.53,100,
09:45:14,53.531,158,
09:45:14,53.53,500,
09:45:14,53.53,300,
09:45:14,53.53,400,
09:45:14,53.53,400,
09:45:14,53.53,200,
09:45:14,53.5299,500,
09:45:14,53.53,100,
09:45:14,53.5299,100,
09:45:14,53.53,200,
09:45:14,53.53,200,
09:45:15,53.53,1000,
09:45:15,53.52,600,
09:45:15,53.52,170,
09:45:15,53.52,400,
09:45:15,53.52,100,
09:45:16,53.525,100,
09:45:16,53.53,100,
09:45:16,53.53,100,
09:45:17,53.54,200,
09:45:17,53.54,1000,
09:45:17,53.535,100,
09:45:17,53.53,100,
09:45:17,53.53,600,
09:45:17,53.53,1300,
09:45:17,53.53,400,
09:45:17,53.544,200,
09:45:18,53.521,165,
09:45:18,53.5416,137,
09:45:19,53.55,100,
09:45:19,53.55,100,
09:45:20,53.5416,190,
09:45:21,53.54,300,
09:45:21,53.5416,170,
09:45:21,53.55,300,
09:45:21,53.55,300,
09:45:21,53.55,100,
09:45:21,53.55,400,
09:45:21,53.545,100,
09:45:21,53.55,100,
09:45:21,53.55,200,
09:45:22,53.55,100,
09:45:22,53.56,300,
09:45:22,53.56,800,
09:45:22,53.56,500,
09:45:22,53.56,300,
09:45:22,53.56,400,
09:45:22,53.56,100,
09:45:22,53.57,300,
09:45:22,53.56,600,
09:45:22,53.56,1000,
09:45:22,53.57,100,
09:45:22,53.57,1000,
09:45:22,53.56,500,
09:45:22,53.56,100,
09:45:22,53.545,100,
09:45:22,53.56,200,
09:45:23,53.57,500,
09:45:23,53.57,200,
09:45:23,53.57,300,
09:45:23,53.57,300,
09:45:23,53.57,400,
09:45:23,53.58,500,
09:45:23,53.58,100,
09:45:23,53.5863,100,
09:45:23,53.5865,100,
09:45:24,53.59,200,
09:45:24,53.59,300,
09:45:24,53.59,1600,
09:45:24,53.5899,300,
09:45:24,53.5899,300,
09:45:24,53.59,300,
09:45:24,53.59,700,
09:45:24,53.59,200,
09:45:24,53.59,400,
09:45:24,53.59,200,
09:45:24,53.59,409,
09:45:24,53.59,190,
09:45:24,53.59,1200,
09:45:25,53.58,1200,
09:45:25,53.58,400,
09:45:26,53.57,200,
09:45:26,53.57,200,
09:45:26,53.57,100,
09:45:26,53.58,100,
09:45:26,53.58,100,
09:45:26,53.58,100,
09:45:26,53.5799,1000,
09:45:27,53.5705,1000,
09:45:28,53.58,100,
09:45:28,53.58,600,
09:45:28,53.58,480,
09:45:29,53.5816,335,
09:45:29,53.59,210,
09:45:29,53.59,100,
09:45:30,53.5905,700,
09:45:31,53.5969,100,
09:45:31,53.59,200,
09:45:33,53.594,300,
09:45:33,53.59,100,
09:45:33,53.59,100,
09:45:33,53.59,200,
09:45:34,53.581,129,
09:45:36,53.5816,132,
09:45:37,53.58,100,
09:45:37,53.581,277,
09:45:38,53.59,300,
09:45:38,53.59,1600,
09:45:38,53.60,300,
09:45:38,53.60,900,
09:45:38,53.60,500,
09:45:38,53.60,600,
09:45:38,53.60,100,
09:45:38,53.60,1000,
09:45:38,53.60,600,
09:45:38,53.60,400,
09:45:38,53.60,600,
09:45:39,53.60,100,
09:45:39,53.60,400,
09:45:40,53.581,184,
09:45:41,53.5916,194,
09:45:41,53.59,340,
09:45:41,53.59,1000,
09:45:42,53.59,200,
09:45:42,53.59,149,
09:45:42,53.58,100,
09:45:42,53.58,200,
09:45:42,53.58,300,
09:45:43,53.5899,2000,
09:45:44,53.599,100,
09:45:46,53.579,200,
09:45:48,53.59,210,
09:45:48,53.59,100,
09:45:48,53.59,500,
09:45:48,53.59,388,
09:45:48,53.60,200,
09:45:48,53.60,600,
09:45:50,53.5926,1500,
09:45:51,53.596,100,
09:45:52,53.595,200,
09:45:53,53.60,400,
09:45:54,53.60,200,
09:45:54,53.60,1000,
09:45:54,53.60,100,
09:45:54,53.60,300,
09:45:54,53.59,200,
09:45:54,53.60,2000,
09:45:54,53.60,600,
09:45:55,53.60,1000,
09:45:55,53.59,300,
09:45:55,53.59,1300,
09:45:55,53.59,100,
09:45:55,53.59,300,
09:45:55,53.59,400,
09:45:55,53.59,100,
09:45:55,53.59,500,
09:45:55,53.59,200,
09:45:55,53.59,500,
09:45:55,53.59,400,
09:45:55,53.59,600,
09:45:55,53.59,400,
09:45:55,53.59,200,
09:45:55,53.59,100,
09:45:56,53.59,138,
09:45:56,53.59,254,
09:45:57,53.58,100,
09:45:57,53.58,100,
09:45:57,53.5786,1200,
09:45:58,53.5716,300,
09:45:58,53.58,100,
09:45:58,53.58,1300,
09:45:59,53.58,300,
09:45:59,53.58,1200,
09:45:59,53.58,200,
09:45:59,53.57,100,
09:45:59,53.57,600,
09:46:00,53.58,600,
09:46:00,53.58,400,
09:46:00,53.58,600,
09:46:00,53.5737,300,
09:46:00,53.58,100,
09:46:00,53.58,100,
09:46:00,53.58,100,
09:46:00,53.58,100,
09:46:00,53.58,100,
09:46:00,53.58,100,
09:46:00,53.58,100,
09:46:01,53.58,500,
09:46:06,53.56,100,
09:46:06,53.56,400,
09:46:06,53.56,200,
09:46:07,53.55,300,
09:46:07,53.55,100,
09:46:07,53.55,238,
09:46:07,53.55,10000,
09:46:08,53.57,200,
09:46:08,53.56,100,
09:46:08,53.56,1600,
09:46:08,53.56,172,
09:46:11,53.56,400,
09:46:11,53.56,500,
09:46:11,53.56,100,
09:46:11,53.55,900,
09:46:11,53.56,100,
09:46:11,53.56,100,
09:46:11,53.55,200,
09:46:11,53.55,100,
09:46:11,53.55,400,
09:46:11,53.55,500,
09:46:11,53.55,200,
09:46:12,53.55,100,
09:46:13,53.55,370,
09:46:14,53.54,100,
09:46:14,53.54,200,
09:46:14,53.54,100,
09:46:15,53.53,100,
09:46:15,53.53,100,
09:46:16,53.54,200,
09:46:16,53.53,600,
09:46:16,53.53,1000,
09:46:16,53.53,200,
09:46:16,53.54,168,
09:46:17,53.54,380,
09:46:17,53.54,200,
09:46:17,53.55,400,
09:46:18,53.55,200,
09:46:18,53.55,600,
09:46:18,53.55,400,
09:46:18,53.55,1000,
09:46:18,53.55,400,
09:46:18,53.55,620,
09:46:18,53.55,100,
09:46:18,53.55,200,
09:46:18,53.55,400,
09:46:18,53.55,200,
09:46:18,53.56,100,
09:46:18,53.56,200,
09:46:18,53.55,200,
09:46:20,53.55,300,
09:46:20,53.55,1900,
09:46:20,53.55,400,
09:46:20,53.55,600,
09:46:20,53.55,600,
09:46:20,53.55,400,
09:46:21,53.54,300,
09:46:21,53.54,100,
09:46:22,53.54,620,
09:46:23,53.54,500,
09:46:23,53.54,700,
09:46:23,53.54,600,
09:46:23,53.54,200,
09:46:25,53.56,600,
09:46:29,53.556,200,
09:46:29,53.56,100,
09:46:29,53.56,200,
09:46:30,53.56,600,
09:46:30,53.56,200,
09:46:30,53.56,500,
09:46:30,53.56,100,
09:46:30,53.56,200,
09:46:31,53.56,500,
09:46:31,53.55,400,
09:46:31,53.55,400,
09:46:31,53.55,100,
09:46:31,53.55,600,
09:46:32,53.55,1800,
09:46:32,53.55,600,
09:46:32,53.55,300,
09:46:32,53.55,400,
09:46:32,53.55,1000,
09:46:32,53.55,1240,
09:46:32,53.55,400,
09:46:32,53.55,400,
09:46:32,53.56,100,
09:46:32,53.58,100,
09:46:32,53.58,200,
09:46:34,53.57,600,
09:46:34,53.57,803,
09:46:35,53.56,100,
09:46:35,53.559,5000,
09:46:35,53.56,360,
09:46:35,53.56,500,
09:46:35,53.56,200,
09:46:35,53.57,100,
09:46:35,53.57,100,
09:46:35,53.56,300,
09:46:35,53.57,100,
09:46:35,53.57,200,
09:46:35,53.57,400,
09:46:35,53.57,1200,
09:46:35,53.57,174,
09:46:35,53.57,300,
09:46:35,53.57,168,
09:46:36,53.5887,1500,
09:46:36,53.59,100,
09:46:36,53.60,1000,
09:46:36,53.59,210,
09:46:36,53.59,3582,
09:46:36,53.59,100,
09:46:36,53.59,100,
09:46:36,53.59,170,
09:46:36,53.59,1000,
09:46:36,53.59,5000,
09:46:36,53.59,100,
09:46:36,53.60,100,
09:46:36,53.60,1000,
09:46:36,53.60,1900,
09:46:36,53.60,2100,
09:46:36,53.60,600,
09:46:36,53.61,200,
09:46:36,53.61,769,
09:46:36,53.61,318,
09:46:36,53.61,100,
09:46:36,53.61,209,
09:46:36,53.61,100,
09:46:37,53.61,100,
09:46:37,53.61,100,
09:46:37,53.60,600,
09:46:37,53.60,620,
09:46:37,53.60,600,
09:46:38,53.61,100,
09:46:38,53.61,100,
09:46:38,53.60,100,
09:46:38,53.60,200,
09:46:38,53.60,100,
09:46:38,53.60,400,
09:46:38,53.59,100,
09:46:38,53.59,100,
09:46:38,53.59,100,
09:46:39,53.5905,1000,
09:46:41,53.59,390,
09:46:41,53.59,410,
09:46:41,53.60,100,
09:46:41,53.60,100,
09:46:42,53.59,500,
09:46:42,53.59,239,
09:46:42,53.59,600,
09:46:43,53.58,800,
09:46:43,53.58,1000,
09:46:43,53.59,600,
09:46:43,53.59,500,
09:46:43,53.59,600,
09:46:43,53.59,500,
09:46:43,53.58,2100,
09:46:43,53.58,2600,
09:46:43,53.58,200,
09:46:43,53.58,400,
09:46:43,53.58,100,
09:46:43,53.58,167,
09:46:43,53.58,168,
09:46:43,53.57,100,
09:46:43,53.58,453,
09:46:43,53.58,1240,
09:46:43,53.58,153,
09:46:43,53.57,100,
09:46:43,53.57,1200,
09:46:43,53.57,100,
09:46:43,53.5716,500,
09:46:43,53.57,1000,
09:46:43,53.57,1600,
09:46:43,53.57,1200,
09:46:44,53.58,200,
09:46:44,53.58,200,
09:46:46,53.58,300,
09:46:48,53.5772,400,
09:46:50,53.58,400,
09:46:50,53.59,180,
09:46:50,53.59,210,
09:46:53,53.582,290,
09:46:53,53.60,1000,
09:46:53,53.60,400,
09:46:53,53.60,400,
09:46:53,53.60,400,
09:46:53,53.60,200,
09:46:53,53.60,1000,
09:46:53,53.60,500,
09:46:53,53.60,100,
09:46:53,53.60,100,
09:46:53,53.60,600,
09:46:53,53.60,300,
09:46:53,53.60,300,
09:46:54,53.60,586,
09:46:54,53.60,300,
09:46:54,53.60,200,
09:46:55,53.5931,362,
09:46:55,53.60,200,
09:46:58,53.61,210,
09:46:58,53.61,210,
09:46:58,53.6199,100,
09:46:58,53.62,100,
09:46:58,53.61,200,
09:46:59,53.609,100,
09:47:01,53.61,2000,
09:47:02,53.62,400,
09:47:02,53.62,100,
09:47:02,53.62,1000,
09:47:02,53.62,1260,
09:47:02,53.62,139,
09:47:02,53.62,500,
09:47:02,53.62,200,
09:47:02,53.62,200,
09:47:02,53.62,3025,
09:47:03,53.63,350,
09:47:03,53.63,600,
09:47:03,53.63,150,
09:47:03,53.62,100,
09:47:03,53.62,1000,
09:47:03,53.62,1000,
09:47:03,53.62,3400,
09:47:03,53.62,1000,
09:47:03,53.62,400,
09:47:03,53.62,500,
09:47:03,53.62,100,
09:47:03,53.62,600,
09:47:03,53.62,300,
09:47:03,53.62,600,
09:47:03,53.62,600,
09:47:03,53.61,500,
09:47:03,53.61,400,
09:47:03,53.61,1000,
09:47:03,53.61,563,
09:47:03,53.62,8000,
09:47:03,53.62,1900,
09:47:03,53.61,3093,
09:47:03,53.61,200,
09:47:03,53.61,100,
09:47:03,53.61,2200,
09:47:03,53.61,2600,
09:47:03,53.62,300,
09:47:03,53.6385,1000,
09:47:03,53.61,100,
09:47:03,53.61,500,
09:47:04,53.61,200,
09:47:04,53.61,400,
09:47:04,53.61,400,
09:47:05,53.61,100,
09:47:05,53.61,200,
09:47:06,53.61,400,
09:47:08,53.61,550,
09:47:08,53.61,1270,
09:47:08,53.61,350,
09:47:08,53.611,200,
09:47:10,53.62,110,
09:47:11,53.6199,100,
09:47:12,53.62,100,
09:47:12,53.62,100,
09:47:12,53.62,800,
09:47:13,53.6199,100,
09:47:13,53.62,100,
09:47:13,53.62,600,
09:47:13,53.62,100,
09:47:13,53.62,200,
09:47:14,53.62,100,
09:47:14,53.62,1000,
09:47:14,53.62,600,
09:47:14,53.62,500,
09:47:14,53.62,300,
09:47:14,53.63,500,
09:47:15,53.6105,800,
09:47:15,53.62,400,
09:47:15,53.61,100,
09:47:15,53.61,100,
09:47:16,53.61,100,
09:47:16,53.61,100,
09:47:16,53.61,100,
09:47:16,53.61,100,
09:47:16,53.61,193,
09:47:16,53.61,600,
09:47:16,53.61,100,
09:47:16,53.61,100,
09:47:17,53.61,400,
09:47:17,53.615,100,
09:47:17,53.615,100,
09:47:18,53.62,100,
09:47:18,53.61,100,
09:47:18,53.62,100,
09:47:18,53.62,200,
09:47:18,53.61,154,
09:47:19,53.61,1000,
09:47:19,53.61,1100,
09:47:19,53.606,200,
09:47:20,53.60,500,
09:47:20,53.60,100,
09:47:20,53.6099,400,
09:47:20,53.61,500,
09:47:20,53.61,500,
09:47:20,53.61,2000,
09:47:20,53.61,100,
09:47:20,53.61,300,
09:47:20,53.60,500,
09:47:20,53.60,100,
09:47:20,53.60,100,
09:47:22,53.60,526,
09:47:22,53.6084,500,
09:47:23,53.59,200,
09:47:23,53.59,600,
09:47:24,53.59,300,
09:47:24,53.59,494,
09:47:24,53.59,598,
09:47:24,53.60,400,
09:47:24,53.60,600,
09:47:24,53.60,400,
09:47:24,53.60,500,
09:47:24,53.60,400,
09:47:25,53.59,100,
09:47:26,53.59,896,
09:47:26,53.59,600,
09:47:26,53.59,406,
09:47:26,53.59,219,
09:47:26,53.59,400,
09:47:26,53.59,400,
09:47:26,53.59,800,
09:47:26,53.60,600,
09:47:26,53.60,200,
09:47:26,53.61,500,
09:47:26,53.61,244,
09:47:26,53.61,343,
09:47:26,53.61,1198,
09:47:26,53.61,864,
09:47:26,53.61,464,
09:47:27,53.60,1000,
09:47:27,53.61,340,
09:47:30,53.6084,375,
09:47:30,53.61,600,
09:47:30,53.605,200,
09:47:33,53.60,100,
09:47:35,53.609,200,
09:47:36,53.60,100,
09:47:37,53.60,300,
09:47:37,53.60,374,
09:47:37,53.60,300,
09:47:38,53.60,200,
09:47:39,53.61,400,
09:47:39,53.61,100,
09:47:39,53.61,268,
09:47:39,53.61,1441,
09:47:39,53.61,400,
09:47:39,53.61,300,
09:47:39,53.61,400,
09:47:39,53.61,300,
09:47:40,53.61,200,
09:47:40,53.61,200,
09:47:40,53.61,100,
09:47:40,53.61,1300,
09:47:40,53.61,1500,
09:47:40,53.61,300,
09:47:40,53.63,100,
09:47:40,53.62,4900,
09:47:41,53.6279,100,
09:47:41,53.6201,300,
09:47:43,53.62,100,
09:47:43,53.62,100,
09:47:47,53.62,200,
09:47:47,53.62,750,
09:47:47,53.62,1200,
09:47:48,53.616,100,
09:47:48,53.61,213,
09:47:48,53.61,300,
09:47:49,53.61,100,
09:47:49,53.60,600,
09:47:50,53.60,100,
09:47:50,53.60,100,
09:47:50,53.60,1100,
09:47:50,53.60,400,
09:47:50,53.60,900,
09:47:51,53.59,800,
09:47:51,53.59,600,
09:47:51,53.58,200,
09:47:54,53.58,600,
09:47:54,53.58,100,
09:47:54,53.58,100,
09:47:54,53.58,200,
09:47:54,53.58,400,
09:47:54,53.58,100,
09:47:54,53.58,100,
09:47:54,53.58,200,
09:47:54,53.58,200,
09:47:55,53.58,600,
09:47:55,53.58,100,
09:47:55,53.58,100,
09:47:55,53.58,210,
09:47:56,53.57,900,
09:47:58,53.58,510,
09:47:58,53.58,690,
09:47:58,53.58,1100,
09:47:58,53.58,100,
09:47:59,53.57,100,
09:47:59,53.57,400,
09:47:59,53.57,400,
09:47:59,53.57,100,
09:47:59,53.56,300,
09:47:59,53.56,100,
09:47:59,53.56,100,
09:47:59,53.56,100,
09:47:59,53.56,200,
09:47:59,53.56,200,
09:47:59,53.56,100,
09:47:59,53.56,100,
09:47:59,53.565,100,
09:47:59,53.56,300,
09:47:59,53.56,191,
09:48:00,53.575,100,
09:48:02,53.55,100,
09:48:02,53.55,3400,
09:48:02,53.55,200,
09:48:02,53.54,300,
09:48:02,53.53,200,
09:48:02,53.53,298,
09:48:02,53.5398,5000,
09:48:02,53.53,500,
09:48:02,53.53,100,
09:48:02,53.53,100,
09:48:02,53.53,1200,
09:48:03,53.53,347,
09:48:03,53.53,2340,
09:48:03,53.53,1000,
09:48:03,53.53,1000,
09:48:04,53.53,300,
09:48:05,53.535,110,
09:48:06,53.5299,100,
09:48:08,53.53,200,
09:48:10,53.52,600,
09:48:10,53.52,1023,
09:48:10,53.52,500,
09:48:10,53.52,923,
09:48:10,53.52,511,
09:48:10,53.52,100,
09:48:11,53.52,300,
09:48:11,53.52,600,
09:48:11,53.52,600,
09:48:12,53.529,1000,
09:48:12,53.52,600,
09:48:14,53.52,300,
09:48:14,53.52,200,
09:48:14,53.52,300,
09:48:14,53.52,400,
09:48:14,53.51,100,
09:48:14,53.52,100,
09:48:14,53.51,100,
09:48:14,53.52,400,
09:48:14,53.52,300,
09:48:14,53.51,300,
09:48:16,53.50,700,
09:48:16,53.50,200,
09:48:16,53.4916,639,
09:48:16,53.50,100,
09:48:17,53.50,100,
09:48:17,53.49,100,
09:48:17,53.49,300,
09:48:17,53.4925,100,
09:48:18,53.50,200,
09:48:18,53.50,400,
09:48:18,53.50,100,
09:48:19,53.49,100,
09:48:21,53.50,600,
09:48:22,53.50,300,
09:48:23,53.51,100,
09:48:23,53.51,100,
09:48:24,53.4995,1500,
09:48:25,53.50,100,
09:48:25,53.50,600,
09:48:25,53.50,100,
09:48:25,53.50,600,
09:48:26,53.51,100,
09:48:26,53.51,100,
09:48:26,53.50,1200,
09:48:26,53.50,600,
09:48:26,53.50,200,
09:48:26,53.50,400,
09:48:26,53.50,1600,
09:48:26,53.50,100,
09:48:27,53.50,700,
09:48:27,53.50,300,
09:48:27,53.50,300,
09:48:27,53.50,1600,
09:48:27,53.50,400,
09:48:27,53.50,1200,
09:48:28,53.51,210,
09:48:28,53.51,210,
09:48:28,53.51,100,
09:48:28,53.51,170,
09:48:28,53.51,400,
09:48:28,53.51,600,
09:48:28,53.52,570,
09:48:28,53.53,1600,
09:48:28,53.53,300,
09:48:28,53.53,1400,
09:48:28,53.53,200,
09:48:29,53.53,600,
09:48:30,53.54,300,
09:48:30,53.55,400,
09:48:32,53.54,100,
09:48:32,53.54,100,
09:48:32,53.54,200,
09:48:32,53.54,400,
09:48:33,53.54,3032,
09:48:35,53.54,232,
09:48:35,53.54,168,
09:48:35,53.54,600,
09:48:35,53.54,600,
09:48:35,53.53,200,
09:48:35,53.53,127,
09:48:36,53.5283,200,
09:48:36,53.53,813,
09:48:37,53.53,400,
09:48:40,53.53,300,
09:48:40,53.53,100,
09:48:40,53.52,600,
09:48:41,53.53,400,
09:48:41,53.53,100,
09:48:41,53.53,100,
09:48:41,53.53,300,
09:48:41,53.53,900,
09:48:41,53.5299,5000,
09:48:42,53.52,600,
09:48:45,53.515,500,
09:48:45,53.52,100,
09:48:45,53.52,100,
09:48:45,53.52,200,
09:48:45,53.52,200,
09:48:45,53.52,600,
09:48:45,53.52,300,
09:48:45,53.52,600,
09:48:45,53.52,800,
09:48:45,53.52,1600,
09:48:45,53.52,200,
09:48:45,53.52,500,
09:48:45,53.53,200,
09:48:45,53.53,100,
09:48:45,53.52,1000,
09:48:45,53.52,700,
09:48:45,53.52,2200,
09:48:45,53.53,300,
09:48:45,53.53,927,
09:48:45,53.53,600,
09:48:45,53.53,400,
09:48:45,53.53,400,
09:48:45,53.52,200,
09:48:45,53.52,130,
09:48:45,53.52,400,
09:48:45,53.52,600,
09:48:45,53.52,400,
09:48:45,53.52,700,
09:48:45,53.52,200,
09:48:45,53.52,400,
09:48:45,53.52,3100,
09:48:45,53.52,322,
09:48:45,53.52,1200,
09:48:45,53.52,100,
09:48:45,53.52,500,
09:48:45,53.52,400,
09:48:45,53.52,400,
09:48:45,53.52,400,
09:48:45,53.52,3500,
09:48:45,53.52,541,
09:48:46,53.52,400,
09:48:47,53.53,100,
09:48:47,53.5299,300,
09:48:49,53.52,200,
09:48:49,53.52,500,
09:48:50,53.53,235,
09:48:54,53.5365,200,
09:48:54,53.54,100,
09:48:54,53.54,500,
09:48:54,53.54,1600,
09:48:54,53.54,400,
09:48:54,53.54,800,
09:48:54,53.54,400,
09:48:54,53.54,1100,
09:48:54,53.54,300,
09:48:54,53.55,100,
09:48:55,53.54,2500,
09:48:55,53.54,3400,
09:48:55,53.54,600,
09:48:55,53.54,813,
09:48:55,53.54,100,
09:48:55,53.54,100,
09:48:56,53.54,1630,
09:48:56,53.54,400,
09:48:56,53.54,1200,
09:48:56,53.54,370,
09:48:56,53.54,1500,
09:48:56,53.54,400,
09:48:56,53.54,100,
09:48:56,53.55,100,
09:48:56,53.55,100,
09:48:56,53.55,110,
09:48:56,53.55,1200,
09:48:56,53.55,200,
09:48:56,53.55,100,
09:48:57,53.55,100,
09:48:57,53.55,140,
09:48:57,53.55,1160,
09:48:57,53.54,200,
09:48:57,53.54,275,
09:48:57,53.54,400,
09:48:57,53.54,100,
09:48:58,53.53,1500,
09:48:58,53.53,200,
09:48:58,53.53,400,
09:48:58,53.53,600,
09:48:58,53.53,100,
09:48:58,53.53,100,
09:48:58,53.53,400,
09:48:58,53.53,500,
09:48:58,53.53,600,
09:48:58,53.53,200,
09:48:58,53.53,100,
09:48:58,53.53,200,
09:48:58,53.53,500,
09:48:58,53.53,400,
09:48:58,53.53,200,
09:48:58,53.53,400,
09:48:58,53.53,1000,
09:48:58,53.53,1200,
09:48:58,53.53,1630,
09:48:58,53.54,140,
09:48:58,53.54,600,
09:48:58,53.54,1360,
09:48:59,53.53,100,
09:48:59,53.53,400,
09:48:59,53.53,100,
09:48:59,53.53,1000,
09:48:59,53.53,629,
09:48:59,53.53,100,
09:48:59,53.53,100,
09:49:00,53.52,740,
09:49:00,53.52,600,
09:49:00,53.52,400,
09:49:00,53.51,1000,
09:49:00,53.51,500,
09:49:01,53.50,100,
09:49:01,53.50,4000,
09:49:01,53.50,100,
09:49:01,53.50,700,
09:49:01,53.50,1900,
09:49:01,53.50,200,
09:49:01,53.50,1000,
09:49:01,53.50,2400,
09:49:01,53.50,500,
09:49:01,53.50,200,
09:49:01,53.50,2200,
09:49:01,53.50,360,
09:49:01,53.50,168,
09:49:01,53.49,200,
09:49:01,53.49,655,
09:49:01,53.49,855,
09:49:01,53.49,300,
09:49:01,53.49,945,
09:49:01,53.49,500,
09:49:02,53.50,132,
09:49:02,53.51,100,
09:49:02,53.5032,100,
09:49:03,53.50,100,
09:49:04,53.51,600,
09:49:04,53.51,500,
09:49:05,53.52,500,
09:49:05,53.52,300,
09:49:05,53.52,700,
09:49:05,53.52,300,
09:49:05,53.52,100,
09:49:05,53.52,800,
09:49:05,53.52,400,
09:49:05,53.52,400,
09:49:05,53.52,100,
09:49:05,53.52,400,
09:49:05,53.51,100,
09:49:05,53.51,100,
09:49:05,53.51,100,
09:49:05,53.51,300,
09:49:05,53.51,400,
09:49:05,53.51,400,
09:49:05,53.51,100,
09:49:05,53.51,300,
09:49:05,53.51,730,
09:49:05,53.50,626,
09:49:05,53.50,600,
09:49:05,53.51,100,
09:49:05,53.50,200,
09:49:05,53.50,139,
09:49:05,53.50,700,
09:49:05,53.50,461,
09:49:06,53.50,100,
09:49:06,53.50,377,
09:49:07,53.50,126,
09:49:07,53.49,798,
09:49:07,53.4899,100,
09:49:09,53.49,193,
09:49:09,53.49,100,
09:49:09,53.49,100,
09:49:09,53.49,600,
09:49:09,53.47,500,
09:49:09,53.48,200,
09:49:09,53.49,500,
09:49:09,53.49,100,
09:49:09,53.49,1000,
09:49:09,53.4824,100,
09:49:09,53.48,100,
09:49:09,53.48,138,
09:49:09,53.48,200,
09:49:09,53.48,100,
09:49:09,53.48,938,
09:49:09,53.47,200,
09:49:10,53.48,500,
09:49:10,53.47,1800,
09:49:10,53.47,100,
09:49:10,53.47,400,
09:49:10,53.46,600,
09:49:10,53.46,400,
09:49:10,53.46,100,
09:49:10,53.46,300,
09:49:11,53.47,100,
09:49:12,53.47,600,
09:49:12,53.48,200,
09:49:13,53.48,200,
09:49:13,53.46,200,
09:49:13,53.46,2735,
09:49:13,53.46,1235,
09:49:13,53.46,1700,
09:49:13,53.46,800,
09:49:14,53.45,400,
09:49:14,53.45,200,
09:49:14,53.45,600,
09:49:14,53.45,400,
09:49:14,53.45,1390,
09:49:14,53.45,500,
09:49:14,53.44,300,
09:49:14,53.44,200,
09:49:15,53.41,200,
09:49:15,53.41,200,
09:49:15,53.42,600,
09:49:15,53.42,587,
09:49:15,53.42,400,
09:49:15,53.40,100,
09:49:15,53.41,2200,
09:49:15,53.41,600,
09:49:15,53.41,300,
09:49:15,53.41,1900,
09:49:15,53.41,500,
09:49:15,53.40,300,
09:49:15,53.40,600,
09:49:15,53.40,100,
09:49:15,53.40,450,
09:49:15,53.40,600,
09:49:15,53.40,100,
09:49:15,53.40,600,
09:49:15,53.40,145,
09:49:15,53.41,100,
09:49:15,53.41,100,
09:49:15,53.41,200,
09:49:15,53.40,100,
09:49:16,53.40,300,
09:49:16,53.39,100,
09:49:16,53.39,400,
09:49:16,53.39,450,
09:49:16,53.39,300,
09:49:16,53.39,200,
09:49:16,53.39,900,
09:49:16,53.39,600,
09:49:16,53.39,200,
09:49:17,53.39,972,
09:49:17,53.39,300,
09:49:17,53.39,100,
09:49:17,53.39,300,
09:49:17,53.39,100,
09:49:17,53.39,100,
09:49:17,53.39,572,
09:49:18,53.391,600,
09:49:19,53.40,100,
09:49:19,53.41,201,
09:49:19,53.41,200,
09:49:19,53.41,151,
09:49:19,53.41,200,
09:49:19,53.41,449,
09:49:19,53.42,200,
09:49:19,53.42,700,
09:49:19,53.43,199,
09:49:20,53.42,400,
09:49:20,53.42,400,
09:49:20,53.42,600,
09:49:20,53.42,800,
09:49:20,53.42,400,
09:49:20,53.42,300,
09:49:20,53.42,400,
09:49:20,53.43,100,
09:49:20,53.43,400,
09:49:20,53.43,900,
09:49:20,53.42,100,
09:49:20,53.43,100,
09:49:20,53.42,200,
09:49:20,53.43,100,
09:49:20,53.43,200,
09:49:20,53.43,300,
09:49:20,53.43,100,
09:49:20,53.43,600,
09:49:20,53.43,100,
09:49:20,53.43,400,
09:49:21,53.43,299,
09:49:21,53.43,100,
09:49:22,53.43,600,
09:49:22,53.43,200,
09:49:22,53.43,200,
09:49:22,53.43,400,
09:49:22,53.42,400,
09:49:22,53.4164,100,
09:49:22,53.42,100,
09:49:23,53.43,100,
09:49:24,53.43,200,
09:49:24,53.43,100,
09:49:25,53.43,100,
09:49:25,53.435,100,
09:49:28,53.45,600,
09:49:28,53.46,600,
09:49:29,53.46,200,
09:49:29,53.46,100,
09:49:29,53.46,100,
09:49:29,53.45,1090,
09:49:29,53.45,400,
09:49:30,53.43,100,
09:49:30,53.43,200,
09:49:30,53.43,400,
09:49:30,53.43,100,
09:49:30,53.43,261,
09:49:30,53.43,500,
09:49:30,53.45,100,
09:49:30,53.45,100,
09:49:30,53.45,100,
09:49:30,53.45,600,
09:49:30,53.45,1300,
09:49:30,53.45,100,
09:49:34,53.45,100,
09:49:35,53.46,400,
09:49:35,53.46,410,
09:49:35,53.46,690,
09:49:36,53.47,600,
09:49:36,53.47,1000,
09:49:36,53.47,400,
09:49:36,53.46,200,
09:49:36,53.46,100,
09:49:38,53.47,500,
09:49:38,53.4599,100,
09:49:40,53.46,310,
09:49:41,53.46,100,
09:49:41,53.46,200,
09:49:41,53.45,100,
09:49:41,53.45,300,
09:49:41,53.45,400,
09:49:41,53.45,400,
09:49:42,53.45,200,
09:49:43,53.46,100,
09:49:44,53.47,500,
09:49:46,53.46,200,
09:49:46,53.46,400,
09:49:46,53.46,200,
09:49:46,53.46,100,
09:49:46,53.46,100,
09:49:46,53.46,600,
09:49:46,53.46,600,
09:49:46,53.46,790,
09:49:49,53.47,600,
09:49:49,53.47,1000,
09:49:49,53.47,240,
09:49:49,53.47,100,
09:49:49,53.47,500,
09:49:49,53.47,300,
09:49:49,53.47,1000,
09:49:49,53.47,400,
09:49:49,53.47,340,
09:49:49,53.47,160,
09:49:49,53.47,400,
09:49:49,53.47,300,
09:49:49,53.47,100,
09:49:49,53.47,215,
09:49:49,53.47,200,
09:49:49,53.47,400,
09:49:49,53.46,100,
09:49:49,53.47,190,
09:49:49,53.47,2357,
09:49:49,53.47,1500,
09:49:51,53.4699,2000,
09:49:51,53.46,300,
09:49:53,53.46,200,
09:49:53,53.46,1300,
09:49:56,53.45,100,
09:49:56,53.45,800,
09:49:56,53.45,500,
09:49:56,53.45,500,
09:49:56,53.45,134,
09:49:56,53.45,400,
09:49:56,53.45,400,
09:49:56,53.45,400,
09:49:56,53.45,1000,
09:49:56,53.45,598,
09:49:56,53.46,200,
09:49:56,53.45,100,
09:49:56,53.45,500,
09:49:56,53.45,100,
09:49:57,53.45,600,
09:49:57,53.46,200,
09:49:57,53.46,400,
09:49:57,53.46,505,
09:49:58,53.47,100,
09:49:58,53.47,200,
09:49:58,53.47,100,
09:49:58,53.47,700,
