09:30:00,57.77,100,
09:30:00,57.77,300,
09:30:00,57.77,100,
09:30:00,57.76,1897,
09:30:00,57.76,600,
09:30:00,57.76,400,
09:30:00,57.76,500,
09:30:00,57.76,600,
09:30:00,57.76,200,
09:30:00,57.76,500,
09:30:00,57.76,200,
09:30:00,57.77,100,
09:30:00,57.76,500,
09:30:01,57.76,100,
09:30:02,57.76,500,
09:30:02,57.76,200,
09:30:02,57.76,126,
09:30:02,57.76,200,
09:30:02,57.76,2977,
09:30:02,57.76,100,
09:30:02,57.76,100,
09:30:02,57.76,160,
09:30:02,57.76,200,
09:30:02,57.76,100,
09:30:02,57.76,100,
09:30:02,57.76,125,
09:30:02,57.76,200,
09:30:02,57.76,1563,
09:30:02,57.76,100,
09:30:02,57.76,1100,
09:30:02,57.76,100,
09:30:02,57.76,100,
09:30:02,57.76,200,
09:30:02,57.76,400,
09:30:02,57.76,222,
09:30:02,57.76,350,
09:30:02,57.76,100,
09:30:02,57.76,500,
09:30:02,57.76,100,
09:30:02,57.76,200,
09:30:02,57.76,345,
09:30:02,57.76,170,
09:30:02,57.76,346,
09:30:02,57.76,200,
09:30:02,57.76,300,
09:30:02,57.76,137,
09:30:02,57.76,136,
09:30:02,57.76,200,
09:30:02,57.76,303,
09:30:02,57.76,500,
09:30:02,57.76,800,
09:30:02,57.76,100,
09:30:02,57.76,600,
09:30:02,57.76,150,
09:30:02,57.76,9000,
09:30:02,57.76,800,
09:30:02,57.76,100,
09:30:02,57.76,200,
09:30:02,57.76,4900,
09:30:02,57.76,100,
09:30:02,57.76,100,
09:30:02,57.76,100,
09:30:02,57.76,200,
09:30:02,57.76,200,
09:30:02,57.76,270,
09:30:02,57.76,350,
09:30:02,57.76,120,
09:30:02,57.76,133,
09:30:02,57.76,102,
09:30:02,57.76,150,
09:30:02,57.76,200,
09:30:02,57.76,880,
09:30:02,57.76,2000,
09:30:02,57.76,186,
09:30:02,57.76,200,
09:30:02,57.76,327,
09:30:02,57.76,1738,
09:30:02,57.76,900,
09:30:02,57.76,150,
09:30:02,57.76,122,
09:30:02,57.76,132,
09:30:02,57.76,148,
09:30:02,57.76,102,
09:30:02,57.76,126,
09:30:02,57.76,135,
09:30:02,57.76,146,
09:30:02,57.76,124,
09:30:02,57.76,135,
09:30:02,57.76,108,
09:30:02,57.76,124,
09:30:02,57.76,121,
09:30:02,57.76,148,
09:30:02,57.76,151,
09:30:02,57.76,125,
09:30:02,57.76,500,
09:30:02,57.76,130,
09:30:02,57.76,400,
09:30:02,57.76,100,
09:30:02,57.76,100,
09:30:02,57.76,131,
09:30:02,57.76,143,
09:30:03,57.76,200,
09:30:03,57.76,200,
09:30:03,57.76,400,
09:30:03,57.76,2400,
09:30:03,57.76,300,
09:30:04,57.76,1885,
09:30:04,57.76,100,
09:30:04,57.76,100,
09:30:04,57.76,100,
09:30:04,57.76,200,
09:30:04,57.76,200,
09:30:04,57.76,100,
09:30:04,57.77,500,
09:30:05,57.76,200,
09:30:05,57.76,100,
09:30:06,57.76,100,
09:30:06,57.7614,1298,
09:30:07,57.76,815,
09:30:07,57.76,100,
09:30:07,57.76,2400,
09:30:07,57.76,100,
09:30:07,57.76,385,
09:30:07,57.76,100,
09:30:07,57.76,200,
09:30:08,57.77,2324,
09:30:08,57.77,100,
09:30:08,57.77,200,
09:30:10,57.77,400,
09:30:12,57.76,100,
09:30:16,57.75,100,
09:30:16,57.75,175,
09:30:18,57.74,100,
09:30:18,57.74,100,
09:30:18,57.73,100,
09:30:18,57.75,100,
09:30:20,57.73,100,
09:30:20,57.73,100,
09:30:27,57.74,100,
09:30:27,57.74,100,
09:30:29,57.73,100,
09:30:30,57.72,100,
09:30:31,57.72,100,
09:30:31,57.72,100,
09:30:33,57.72,212,
09:30:35,57.7105,1500,
09:30:36,57.71,100,
09:30:36,57.71,100,
09:30:36,57.71,100,
09:30:36,57.71,500,
09:30:36,57.71,400,
09:30:37,57.7116,400,
09:30:37,57.71,3200,
09:30:37,57.71,100,
09:30:37,57.71,400,
09:30:38,57.70,590,
09:30:39,57.70,100,
09:30:39,57.70,300,
09:30:43,57.6901,2000,
09:30:43,57.70,1000,
09:30:46,57.70,400,
09:30:48,57.70,400,
09:30:49,57.69,100,
09:30:51,57.69,100,
09:30:51,57.69,155,
09:30:56,57.68,400,
09:30:56,57.68,100,
09:30:57,57.68,100,
09:30:57,57.68,675,
09:30:57,57.67,300,
09:30:59,57.69,100,
09:30:59,57.69,200,
09:30:59,57.69,100,
09:31:02,57.70,200,
09:31:02,57.70,100,
09:31:05,57.69,100,
09:31:07,57.69,144,
09:31:08,57.69,169,
09:31:08,57.69,134,
09:31:08,57.69,300,
09:31:11,57.69,100,
09:31:14,57.69,813,
09:31:14,57.69,411,
09:31:14,57.69,200,
09:31:14,57.70,100,
09:31:14,57.70,200,
09:31:15,57.71,100,
09:31:16,57.70,100,
09:31:16,57.70,100,
09:31:17,57.70,200,
09:31:17,57.70,100,
09:31:17,57.69,100,
09:31:17,57.70,100,
09:31:18,57.699,300,
09:31:18,57.69,100,
09:31:18,57.69,100,
09:31:18,57.69,200,
09:31:22,57.70,100,
09:31:22,57.70,200,
09:31:23,57.71,300,
09:31:23,57.71,100,
09:31:24,57.71,1200,
09:31:26,57.72,100,
09:31:26,57.72,425,
09:31:26,57.73,500,
09:31:29,57.7269,100,
09:31:36,57.74,200,
09:31:36,57.74,574,
09:31:36,57.74,139,
09:31:36,57.74,100,
09:31:36,57.74,500,
09:31:36,57.74,200,
09:31:36,57.74,400,
09:31:36,57.73,100,
09:31:36,57.74,400,
09:31:36,57.74,100,
09:31:36,57.75,513,
09:31:36,57.75,100,
09:31:37,57.75,632,
09:31:37,57.75,232,
09:31:40,57.75,300,
09:31:40,57.7501,200,
09:31:40,57.75,300,
09:31:40,57.75,300,
09:31:40,57.75,300,
09:31:40,57.7501,200,
09:31:40,57.7501,300,
09:31:40,57.7501,200,
09:31:42,57.76,300,
09:31:42,57.76,100,
09:31:42,57.76,100,
09:31:48,57.75,100,
09:31:55,57.76,100,
09:31:55,57.76,300,
09:31:55,57.76,300,
09:31:56,57.7628,200,
09:31:56,57.761,300,
09:31:57,57.76,100,
09:31:58,57.76,500,
09:31:58,57.76,300,
09:31:58,57.76,200,
09:31:58,57.76,400,
09:31:58,57.76,100,
09:31:58,57.76,200,
09:31:58,57.77,200,
09:31:58,57.77,1000,
09:32:00,57.77,100,
09:32:03,57.771,100,
09:32:05,57.77,200,
09:32:05,57.77,400,
09:32:09,57.7787,1000,
09:32:12,57.77,200,
09:32:12,57.77,100,
09:32:15,57.775,333,
09:32:15,57.775,333,
09:32:15,57.775,360,
09:32:15,57.79,293,
09:32:15,57.78,100,
09:32:15,57.79,100,
09:32:15,57.79,100,
09:32:15,57.79,400,
09:32:15,57.79,100,
09:32:15,57.79,300,
09:32:15,57.80,100,
09:32:16,57.79,200,
09:32:16,57.785,781,
09:32:18,57.79,400,
09:32:19,57.78,100,
09:32:19,57.775,200,
09:32:21,57.79,400,
09:32:21,57.78,100,
09:32:22,57.79,100,
09:32:22,57.785,100,
09:32:23,57.79,100,
09:32:23,57.7901,100,
09:32:23,57.80,402,
09:32:23,57.80,1410,
09:32:23,57.80,258,
09:32:24,57.7937,275,
09:32:25,57.80,100,
09:32:25,57.80,100,
09:32:25,57.80,288,
09:32:25,57.80,2462,
09:32:26,57.81,100,
09:32:29,57.80,1575,
09:32:29,57.8001,1000,
09:32:29,57.80,100,
09:32:29,57.80,200,
09:32:29,57.80,100,
09:32:32,57.80,200,
09:32:32,57.80,100,
09:32:32,57.81,377,
09:32:33,57.805,100,
09:32:33,57.81,1000,
09:32:33,57.81,100,
09:32:33,57.81,100,
09:32:36,57.81,100,
09:32:38,57.82,100,
09:32:40,57.82,100,
09:32:40,57.82,100,
09:32:40,57.82,100,
09:32:41,57.82,300,
09:32:41,57.82,300,
09:32:41,57.82,1200,
09:32:41,57.82,300,
09:32:42,57.81,100,
09:32:45,57.80,100,
09:32:46,57.80,200,
09:32:46,57.805,100,
09:32:46,57.81,204,
09:32:48,57.80,1400,
09:32:49,57.80,815,
09:32:49,57.80,100,
09:32:52,57.79,100,
09:32:52,57.79,100,
09:32:53,57.795,100,
09:32:56,57.80,100,
09:32:56,57.81,100,
09:32:56,57.81,100,
09:32:56,57.82,100,
09:32:57,57.81,100,
09:32:58,57.806,1700,
09:32:58,57.81,900,
09:33:01,57.81,100,
09:33:01,57.82,100,
09:33:01,57.82,300,
09:33:02,57.82,300,
09:33:04,57.805,100,
09:33:06,57.80,200,
09:33:06,57.80,100,
09:33:06,57.80,100,
09:33:06,57.80,100,
09:33:06,57.80,100,
09:33:08,57.79,100,
09:33:08,57.78,300,
09:33:08,57.78,100,
09:33:08,57.78,100,
09:33:09,57.77,100,
09:33:09,57.77,200,
09:33:10,57.77,100,
09:33:10,57.77,100,
09:33:12,57.77,100,
09:33:12,57.77,100,
09:33:16,57.7684,300,
09:33:19,57.77,200,
09:33:19,57.77,200,
09:33:19,57.77,196,
09:33:19,57.765,100,
09:33:19,57.77,2200,
09:33:23,57.76,100,
09:33:24,57.7599,1900,
09:33:24,57.75,100,
09:33:24,57.75,100,
09:33:26,57.76,100,
09:33:26,57.76,200,
09:33:28,57.76,100,
09:33:31,57.755,100,
09:33:33,57.76,100,
09:33:33,57.755,100,
09:33:35,57.755,100,
09:33:35,57.76,100,
09:33:37,57.76,100,
09:33:37,57.76,100,
09:33:37,57.75,100,
09:33:39,57.75,100,
09:33:39,57.74,100,
09:33:39,57.74,200,
09:33:39,57.735,100,
09:33:39,57.75,200,
09:33:40,57.75,100,
09:33:40,57.75,100,
09:33:41,57.75,100,
09:33:41,57.75,100,
09:33:41,57.75,200,
09:33:45,57.74,100,
09:33:45,57.74,100,
09:33:45,57.75,100,
09:33:46,57.76,100,
09:33:46,57.76,100,
09:33:46,57.76,200,
09:33:46,57.77,100,
09:33:50,57.75,200,
09:33:50,57.75,100,
09:33:54,57.74,100,
09:33:56,57.75,400,
09:33:57,57.76,123,
09:33:59,57.77,100,
09:33:59,57.77,100,
09:33:59,57.78,100,
09:33:59,57.78,100,
09:34:00,57.79,100,
09:34:00,57.80,300,
09:34:00,57.80,300,
09:34:00,57.80,100,
09:34:00,57.80,100,
09:34:04,57.79,200,
09:34:05,57.79,100,
09:34:05,57.79,100,
09:34:05,57.79,1300,
09:34:09,57.79,200,
09:34:14,57.80,100,
09:34:14,57.81,100,
09:34:14,57.82,100,
09:34:14,57.82,100,
09:34:15,57.83,100,
09:34:18,57.84,100,
09:34:18,57.84,100,
09:34:18,57.85,100,
09:34:19,57.85,100,
09:34:19,57.85,750,
09:34:19,57.86,100,
09:34:20,57.85,100,
09:34:23,57.85,100,
09:34:25,57.84,100,
09:34:26,57.84,100,
09:34:27,57.83,100,
09:34:27,57.83,100,
09:34:27,57.83,100,
09:34:27,57.83,126,
09:34:28,57.82,100,
09:34:28,57.82,100,
09:34:28,57.82,100,
09:34:29,57.81,100,
09:34:30,57.81,100,
09:34:32,57.819,600,
09:34:33,57.82,100,
09:34:33,57.82,200,
09:34:33,57.82,350,
09:34:33,57.82,200,
09:34:33,57.82,500,
09:34:38,57.82,400,
09:34:38,57.82,100,
09:34:38,57.83,100,
09:34:38,57.83,100,
09:34:49,57.84,100,
09:34:49,57.84,100,
09:34:57,57.83,100,
09:34:57,57.82,100,
09:34:57,57.82,100,
09:34:57,57.8299,800,
09:34:59,57.8219,200,
09:35:00,57.83,100,
09:35:00,57.83,100,
09:35:00,57.83,200,
09:35:00,57.83,100,
09:35:03,57.83,100,
09:35:03,57.84,200,
09:35:03,57.84,100,
09:35:03,57.84,200,
09:35:03,57.84,100,
09:35:03,57.8399,100,
09:35:03,57.8399,200,
09:35:03,57.8399,200,
09:35:03,57.8399,100,
09:35:07,57.83,125,
09:35:07,57.83,402,
09:35:07,57.83,100,
09:35:09,57.84,100,
09:35:09,57.84,100,
09:35:11,57.836,200,
09:35:12,57.84,100,
09:35:17,57.84,300,
09:35:17,57.84,100,
09:35:22,57.83,500,
09:35:22,57.83,100,
09:35:27,57.82,600,
09:35:27,57.82,100,
09:35:27,57.82,100,
09:35:29,57.82,400,
09:35:29,57.82,450,
09:35:29,57.82,5221,
09:35:29,57.82,129,
09:35:31,57.82,600,
09:35:33,57.83,300,
09:35:34,57.84,300,
09:35:34,57.84,100,
09:35:34,57.84,100,
09:35:35,57.8415,5000,
09:35:35,57.85,400,
09:35:35,57.85,100,
09:35:35,57.85,400,
09:35:35,57.85,400,
09:35:35,57.85,200,
09:35:36,57.85,100,
09:35:36,57.85,300,
09:35:36,57.85,200,
09:35:37,57.86,600,
09:35:37,57.86,100,
09:35:37,57.86,100,
09:35:37,57.87,313,
09:35:37,57.87,100,
09:35:37,57.87,100,
09:35:38,57.88,100,
09:35:38,57.88,100,
09:35:40,57.8885,100,
09:35:41,57.88,600,
09:35:41,57.88,300,
09:35:41,57.88,100,
09:35:43,57.8784,140,
09:35:43,57.87,100,
09:35:43,57.8701,200,
09:35:44,57.8701,100,
09:35:44,57.87,100,
09:35:44,57.87,500,
09:35:44,57.87,250,
09:35:44,57.87,400,
09:35:44,57.88,100,
09:35:44,57.88,200,
09:35:44,57.88,100,
09:35:44,57.88,400,
09:35:44,57.88,600,
09:35:44,57.88,300,
09:35:44,57.88,500,
09:35:44,57.88,100,
09:35:44,57.88,400,
09:35:44,57.89,1600,
09:35:44,57.89,325,
09:35:44,57.89,100,
09:35:44,57.89,300,
09:35:44,57.89,400,
09:35:44,57.89,300,
09:35:44,57.89,200,
09:35:44,57.89,100,
09:35:44,57.89,200,
09:35:44,57.89,100,
09:35:44,57.89,1627,
09:35:44,57.89,2200,
09:35:44,57.89,800,
09:35:44,57.89,715,
09:35:47,57.89,100,
09:35:47,57.88,100,
09:35:47,57.88,100,
09:35:47,57.88,200,
09:35:47,57.88,300,
09:35:47,57.88,300,
09:35:47,57.88,300,
09:35:48,57.89,200,
09:35:48,57.89,300,
09:35:49,57.90,200,
09:35:49,57.90,100,
09:35:49,57.90,100,
09:35:50,57.90,1000,
09:35:50,57.90,1000,
09:35:50,57.90,100,
09:35:51,57.8984,600,
09:35:52,57.90,260,
09:35:52,57.90,260,
09:35:52,57.90,260,
09:35:57,57.91,100,
09:35:57,57.91,400,
09:35:57,57.91,100,
09:35:58,57.92,276,
09:35:59,57.92,100,
09:35:59,57.92,100,
09:35:59,57.93,100,
09:35:59,57.93,200,
09:35:59,57.93,226,
09:36:02,57.93,115,
09:36:03,57.92,100,
09:36:03,57.92,600,
09:36:03,57.92,600,
09:36:06,57.92,100,
09:36:06,57.93,1400,
09:36:06,57.93,400,
09:36:06,57.93,500,
09:36:09,57.92,200,
09:36:12,57.92,400,
09:36:17,57.91,100,
09:36:19,57.9195,1000,
09:36:20,57.92,100,
09:36:21,57.91,200,
09:36:21,57.91,600,
09:36:21,57.91,100,
09:36:21,57.90,100,
09:36:26,57.90,400,
09:36:26,57.90,200,
09:36:26,57.90,300,
09:36:26,57.90,300,
09:36:26,57.90,300,
09:36:29,57.92,100,
09:36:33,57.92,800,
09:36:34,57.9225,400,
09:36:35,57.93,500,
09:36:37,57.93,100,
09:36:37,57.93,715,
09:36:37,57.93,400,
09:36:37,57.93,685,
09:36:38,57.93,600,
09:36:39,57.93,300,
09:36:40,57.93,146,
09:36:40,57.93,100,
09:36:44,57.92,100,
09:36:44,57.92,200,
09:36:44,57.92,100,
09:36:44,57.92,400,
09:36:45,57.91,100,
09:36:45,57.91,100,
09:36:45,57.91,400,
09:36:46,57.9195,700,
09:36:46,57.92,100,
09:36:46,57.92,100,
09:36:46,57.92,200,
09:36:48,57.91,100,
09:36:50,57.90,100,
09:36:51,57.89,100,
09:36:51,57.88,200,
09:36:53,57.88,200,
09:36:54,57.89,100,
09:36:54,57.89,100,
09:36:54,57.89,100,
09:36:56,57.88,100,
09:36:56,57.88,100,
09:36:56,57.88,100,
09:36:56,57.88,146,
09:36:57,57.8701,1300,
09:36:57,57.87,200,
09:36:57,57.87,300,
09:36:57,57.87,100,
09:36:57,57.87,900,
09:36:57,57.87,1000,
09:36:57,57.87,100,
09:36:57,57.8701,2000,
09:36:59,57.87,200,
09:37:01,57.88,600,
09:37:01,57.88,200,
09:37:01,57.88,200,
09:37:01,57.88,200,
09:37:01,57.88,100,
09:37:01,57.88,600,
09:37:01,57.88,1200,
09:37:03,57.88,100,
09:37:03,57.88,600,
09:37:07,57.89,300,
09:37:07,57.89,100,
09:37:07,57.89,100,
09:37:07,57.89,100,
09:37:07,57.90,400,
09:37:07,57.90,100,
09:37:07,57.90,100,
09:37:07,57.90,400,
09:37:09,57.90,400,
09:37:12,57.91,200,
09:37:12,57.91,300,
09:37:12,57.91,3000,
09:37:12,57.91,100,
09:37:12,57.91,300,
09:37:12,57.91,6200,
09:37:12,57.91,500,
09:37:12,57.91,300,
09:37:12,57.91,100,
09:37:12,57.91,600,
09:37:12,57.91,3100,
09:37:13,57.91,100,
09:37:13,57.92,100,
09:37:16,57.91,100,
09:37:16,57.91,200,
09:37:16,57.91,100,
09:37:16,57.91,200,
09:37:17,57.91,300,
09:37:17,57.91,300,
09:37:18,57.90,100,
09:37:19,57.91,100,
09:37:20,57.90,200,
09:37:23,57.90,100,
09:37:23,57.90,100,
09:37:23,57.90,300,
09:37:23,57.90,300,
09:37:24,57.89,100,
09:37:24,57.89,100,
09:37:30,57.88,100,
09:37:31,57.89,100,
09:37:31,57.89,400,
09:37:31,57.89,100,
09:37:31,57.89,300,
09:37:31,57.89,100,
09:37:31,57.89,700,
09:37:31,57.89,500,
09:37:31,57.89,125,
09:37:31,57.89,100,
09:37:31,57.90,100,
09:37:31,57.89,100,
09:37:31,57.89,200,
09:37:32,57.90,100,
09:37:32,57.90,400,
09:37:32,57.90,100,
09:37:32,57.90,100,
09:37:32,57.90,100,
09:37:32,57.90,100,
09:37:36,57.90,200,
09:37:37,57.91,100,
09:37:37,57.91,100,
09:37:46,57.9101,727,
09:37:47,57.92,100,
09:37:49,57.93,100,
09:37:49,57.93,100,
09:37:50,57.92,200,
09:37:50,57.926,795,
09:37:51,57.92,200,
09:37:54,57.93,200,
09:37:54,57.93,200,
09:37:54,57.93,300,
09:37:55,57.93,200,
09:37:55,57.93,700,
09:37:55,57.93,400,
09:37:55,57.93,400,
09:37:57,57.9387,1000,
09:37:57,57.93,600,
09:37:57,57.92,100,
09:37:58,57.92,300,
09:37:58,57.92,200,
09:37:58,57.92,100,
09:38:00,57.92,200,
09:38:00,57.92,100,
09:38:00,57.92,600,
09:38:00,57.92,600,
09:38:03,57.92,300,
09:38:03,57.92,600,
09:38:03,57.92,100,
09:38:05,57.9287,1000,
09:38:09,57.93,100,
09:38:10,57.93,100,
09:38:10,57.925,200,
09:38:10,57.925,100,
09:38:10,57.925,100,
09:38:10,57.93,100,
09:38:13,57.93,200,
09:38:15,57.94,600,
09:38:15,57.94,200,
09:38:15,57.94,100,
09:38:15,57.935,100,
09:38:16,57.93,100,
09:38:16,57.93,100,
09:38:27,57.92,265,
09:38:27,57.92,100,
09:38:27,57.92,100,
09:38:27,57.92,600,
09:38:28,57.91,100,
09:38:28,57.90,100,
09:38:28,57.90,100,
09:38:28,57.90,100,
09:38:28,57.90,100,
09:38:28,57.90,100,
09:38:33,57.8901,1400,
09:38:33,57.89,1000,
09:38:33,57.89,200,
09:38:33,57.89,400,
09:38:33,57.89,100,
09:38:33,57.89,100,
09:38:33,57.88,400,
09:38:39,57.89,100,
09:38:39,57.89,200,
09:38:39,57.89,538,
09:38:40,57.89,400,
09:38:44,57.8801,200,
09:38:46,57.88,100,
09:38:46,57.87,100,
09:38:46,57.87,100,
09:38:46,57.86,300,
09:38:46,57.86,100,
09:38:46,57.86,100,
09:38:48,57.86,100,
09:38:48,57.87,200,
09:38:48,57.87,100,
09:38:48,57.87,200,
09:38:49,57.87,100,
09:38:49,57.86,600,
09:38:49,57.86,100,
09:38:50,57.87,100,
09:38:50,57.87,400,
09:38:51,57.87,100,
09:38:51,57.87,600,
09:38:51,57.87,400,
09:38:51,57.87,400,
09:38:54,57.88,100,
09:38:54,57.88,100,
09:38:54,57.88,285,
09:38:55,57.8883,1740,
09:38:59,57.88,185,
09:38:59,57.88,400,
09:38:59,57.88,100,
09:38:59,57.88,200,
09:38:59,57.87,600,
09:38:59,57.889,1000,
09:38:59,57.87,400,
09:39:00,57.87,815,
09:39:00,57.87,382,
09:39:00,57.87,100,
09:39:01,57.88,100,
09:39:02,57.88,100,
09:39:02,57.88,395,
09:39:03,57.88,300,
09:39:03,57.88,100,
09:39:05,57.89,100,
09:39:05,57.89,100,
09:39:05,57.89,100,
09:39:07,57.89,100,
09:39:08,57.89,100,
09:39:11,57.89,813,
09:39:12,57.8901,300,
09:39:13,57.8901,200,
09:39:18,57.8919,200,
09:39:19,57.90,100,
09:39:19,57.91,100,
09:39:19,57.91,600,
09:39:21,57.91,200,
09:39:21,57.91,300,
09:39:24,57.92,200,
09:39:24,57.92,202,
09:39:24,57.92,100,
09:39:24,57.92,100,
09:39:24,57.92,600,
09:39:26,57.93,104,
09:39:26,57.93,100,
09:39:26,57.93,100,
09:39:26,57.933,100,
09:39:29,57.94,200,
09:39:29,57.94,100,
09:39:29,57.94,100,
09:39:29,57.94,308,
09:39:30,57.95,300,
09:39:32,57.9401,4000,
09:39:32,57.94,400,
09:39:32,57.94,400,
09:39:32,57.94,100,
09:39:34,57.94,170,
09:39:35,57.945,100,
09:39:36,57.9407,100,
09:39:41,57.94,200,
09:39:42,57.93,100,
09:39:42,57.93,100,
09:39:44,57.93,600,
09:39:47,57.93,600,
09:39:49,57.93,100,
09:39:54,57.93,405,
09:39:54,57.93,195,
09:39:55,57.94,400,
09:39:55,57.94,100,
09:39:55,57.94,100,
09:39:55,57.94,100,
09:39:57,57.94,200,
09:40:00,57.94,140,
09:40:01,57.94,100,
09:40:03,57.94,100,
09:40:06,57.936,850,
09:40:10,57.94,237,
09:40:10,57.94,600,
09:40:10,57.94,500,
09:40:11,57.93,600,
09:40:11,57.93,100,
09:40:12,57.92,100,
09:40:12,57.92,100,
09:40:14,57.92,200,
09:40:14,57.92,600,
09:40:15,57.924,100,
09:40:15,57.93,600,
09:40:15,57.93,100,
09:40:15,57.94,300,
09:40:15,57.93,200,
09:40:15,57.94,3300,
09:40:15,57.93,100,
09:40:16,57.93,300,
09:40:19,57.93,100,
09:40:20,57.93,300,
09:40:22,57.93,200,
09:40:22,57.93,800,
09:40:22,57.93,800,
09:40:22,57.93,200,
09:40:22,57.93,100,
09:40:22,57.93,200,
09:40:22,57.93,200,
09:40:25,57.94,200,
09:40:27,57.93,200,
09:40:29,57.9301,100,
09:40:31,57.94,195,
09:40:31,57.94,100,
09:40:31,57.94,100,
09:40:31,57.94,500,
09:40:31,57.94,3200,
09:40:31,57.94,700,
09:40:31,57.95,100,
09:40:34,57.94,100,
09:40:35,57.93,100,
09:40:35,57.93,500,
09:40:35,57.93,100,
09:40:35,57.93,500,
09:40:35,57.94,2000,
09:40:36,57.9386,1400,
09:40:38,57.93,2400,
09:40:38,57.93,100,
09:40:41,57.9295,500,
09:40:44,57.92,100,
09:40:44,57.92,100,
09:40:44,57.92,815,
09:40:44,57.92,400,
09:40:44,57.91,400,
09:40:44,57.91,400,
09:40:44,57.91,200,
09:40:44,57.91,100,
09:40:44,57.91,100,
09:40:46,57.91,300,
09:40:48,57.91,200,
09:40:51,57.90,200,
09:40:51,57.90,100,
09:40:57,57.89,400,
09:40:58,57.89,100,
09:40:58,57.89,100,
09:40:58,57.89,200,
09:40:58,57.89,400,
09:40:59,57.89,2400,
09:40:59,57.89,7900,
09:41:01,57.89,390,
09:41:12,57.89,100,
09:41:12,57.89,100,
09:41:12,57.89,200,
09:41:14,57.8986,1200,
09:41:15,57.90,100,
09:41:15,57.90,1300,
09:41:15,57.90,600,
09:41:15,57.90,500,
09:41:15,57.90,100,
09:41:15,57.90,500,
09:41:15,57.90,600,
09:41:18,57.90,2000,
09:41:18,57.89,100,
09:41:18,57.89,300,
09:41:19,57.90,200,
09:41:19,57.90,100,
09:41:19,57.90,600,
09:41:21,57.90,200,
09:41:23,57.9072,134,
09:41:24,57.89,200,
09:41:24,57.89,300,
09:41:24,57.89,300,
09:41:27,57.89,100,
09:41:27,57.89,200,
09:41:29,57.88,100,
09:41:31,57.88,100,
09:41:31,57.88,100,
09:41:31,57.88,100,
09:41:31,57.8801,100,
09:41:35,57.8728,250,
09:41:37,57.88,600,
09:41:39,57.89,400,
09:41:39,57.89,100,
09:41:41,57.886,200,
09:41:45,57.89,218,
09:41:52,57.89,100,
09:41:54,57.90,100,
09:41:54,57.90,600,
09:41:55,57.899,3400,
09:41:56,57.90,100,
09:41:58,57.90,100,
09:42:04,57.91,200,
09:42:04,57.91,100,
09:42:04,57.91,100,
09:42:04,57.91,100,
09:42:04,57.92,100,
09:42:12,57.92,300,
09:42:12,57.91,200,
09:42:12,57.91,100,
09:42:12,57.91,500,
09:42:12,57.91,215,
09:42:15,57.90,100,
09:42:15,57.90,133,
09:42:15,57.90,500,
09:42:21,57.89,100,
09:42:21,57.89,100,
09:42:21,57.89,100,
09:42:21,57.89,100,
09:42:22,57.90,300,
09:42:22,57.90,100,
09:42:22,57.8913,400,
09:42:26,57.90,1700,
09:42:28,57.90,300,
09:42:28,57.90,300,
09:42:29,57.89,5000,
09:42:29,57.89,100,
09:42:29,57.89,100,
09:42:29,57.89,815,
09:42:30,57.88,100,
09:42:30,57.88,100,
09:42:30,57.89,100,
09:42:31,57.89,200,
09:42:34,57.8813,800,
09:42:41,57.89,100,
09:42:41,57.89,100,
09:42:41,57.89,100,
09:42:41,57.89,100,
09:42:42,57.89,100,
09:42:42,57.89,400,
09:42:42,57.89,600,
09:42:42,57.89,400,
09:42:42,57.89,900,
09:42:42,57.89,185,
09:42:42,57.89,715,
09:42:42,57.88,600,
09:42:42,57.89,2000,
09:42:42,57.89,800,
09:42:42,57.89,3300,
09:42:42,57.88,200,
09:42:42,57.88,1000,
09:42:42,57.88,300,
09:42:42,57.88,400,
09:42:42,57.88,400,
09:42:42,57.87,100,
09:42:42,57.87,100,
09:42:42,57.87,400,
09:42:42,57.87,200,
09:42:42,57.87,1901,
09:42:42,57.87,100,
09:42:42,57.87,200,
09:42:42,57.87,699,
09:42:42,57.89,400,
09:42:42,57.89,700,
09:42:43,57.87,100,
09:42:43,57.87,500,
09:42:43,57.87,100,
09:42:45,57.87,172,
09:42:45,57.87,1200,
09:42:48,57.87,100,
09:42:48,57.87,600,
09:42:48,57.86,100,
09:42:48,57.86,1100,
09:42:48,57.86,100,
09:42:48,57.86,400,
09:42:48,57.86,100,
09:42:48,57.86,100,
09:42:48,57.86,100,
09:42:48,57.85,100,
09:42:48,57.85,2700,
09:42:48,57.85,100,
09:42:48,57.85,100,
09:42:48,57.85,815,
09:42:48,57.85,200,
09:42:48,57.85,400,
09:42:48,57.84,200,
09:42:48,57.84,600,
09:42:48,57.84,600,
09:42:48,57.84,100,
09:42:48,57.84,100,
09:42:48,57.83,2000,
09:42:48,57.83,6000,
09:42:48,57.83,1400,
09:42:48,57.83,3300,
09:42:48,57.835,8000,
09:42:48,57.83,100,
09:42:48,57.83,200,
09:42:48,57.83,200,
09:42:48,57.83,100,
09:42:48,57.83,100,
09:42:48,57.83,6200,
09:42:48,57.83,2000,
09:42:48,57.83,500,
09:42:48,57.83,2000,
09:42:48,57.83,800,
09:42:48,57.83,200,
09:42:48,57.83,200,
09:42:48,57.83,3400,
09:42:48,57.83,100,
09:42:48,57.83,100,
09:42:48,57.83,100,
09:42:48,57.83,1300,
09:42:48,57.83,600,
09:42:48,57.83,485,
09:42:48,57.83,300,
09:42:49,57.82,800,
09:42:49,57.82,3400,
09:42:49,57.82,100,
09:42:49,57.82,1100,
09:42:49,57.82,3300,
09:42:49,57.82,600,
09:42:49,57.82,300,
09:42:49,57.82,100,
09:42:49,57.82,100,
09:42:49,57.82,3100,
09:42:49,57.82,100,
09:42:49,57.82,600,
09:42:49,57.82,500,
09:42:49,57.81,4000,
09:42:49,57.81,1000,
09:42:49,57.81,800,
09:42:49,57.81,1000,
09:42:49,57.81,100,
09:42:49,57.81,3400,
09:42:49,57.81,2000,
09:42:49,57.81,6000,
09:42:49,57.81,600,
09:42:49,57.81,815,
09:42:49,57.81,100,
09:42:49,57.81,500,
09:42:49,57.81,600,
09:42:49,57.81,300,
09:42:49,57.81,100,
09:42:49,57.81,500,
09:42:49,57.81,500,
09:42:49,57.80,1000,
09:42:49,57.80,1000,
09:42:49,57.80,3400,
09:42:49,57.80,100,
09:42:49,57.80,2400,
09:42:49,57.80,2000,
09:42:49,57.80,3300,
09:42:49,57.80,400,
09:42:49,57.80,200,
09:42:49,57.80,1000,
09:42:49,57.80,100,
09:42:49,57.80,100,
09:42:49,57.80,600,
09:42:49,57.80,600,
09:42:49,57.80,1000,
09:42:49,57.80,1000,
09:42:49,57.80,600,
09:42:49,57.80,100,
09:42:49,57.79,100,
09:42:49,57.79,100,
09:42:49,57.79,100,
09:42:49,57.80,200,
09:42:49,57.80,100,
09:42:50,57.79,400,
09:42:50,57.79,100,
09:42:50,57.79,100,
09:42:50,57.79,600,
09:42:50,57.78,213,
09:42:50,57.78,1000,
09:42:50,57.78,3400,
09:42:50,57.78,100,
09:42:50,57.78,1700,
09:42:50,57.78,600,
09:42:50,57.78,100,
09:42:50,57.78,200,
09:42:50,57.78,1100,
09:42:50,57.78,600,
09:42:50,57.78,100,
09:42:50,57.77,200,
09:42:50,57.77,100,
09:42:50,57.77,200,
09:42:50,57.86,100,
09:42:50,57.81,100,
09:42:51,57.78,200,
09:42:51,57.78,500,
09:42:51,57.78,600,
09:42:51,57.78,400,
09:42:52,57.79,100,
09:42:52,57.79,5000,
09:42:52,57.79,100,
09:42:52,57.79,200,
09:42:52,57.79,200,
09:42:52,57.79,100,
09:42:52,57.79,300,
09:42:52,57.79,100,
09:42:52,57.79,600,
09:42:52,57.79,600,
09:42:52,57.79,14585,
09:42:52,57.80,100,
09:42:53,57.79,400,
09:42:54,57.80,165,
09:42:54,57.80,100,
09:42:54,57.80,100,
09:42:54,57.80,100,
09:42:55,57.81,800,
09:42:55,57.80,100,
09:42:55,57.80,200,
09:42:56,57.81,100,
09:42:56,57.81,300,
09:42:56,57.81,300,
09:42:56,57.80,103,
09:42:56,57.80,200,
09:42:56,57.80,400,
09:42:56,57.80,200,
09:42:56,57.80,600,
09:42:56,57.80,500,
09:42:58,57.80,100,
09:42:58,57.80,101,
09:42:58,57.79,100,
09:43:00,57.80,400,
09:43:01,57.80,200,
09:43:01,57.80,200,
09:43:01,57.80,100,
09:43:01,57.80,100,
09:43:03,57.81,100,
09:43:04,57.81,600,
09:43:05,57.81,400,
09:43:05,57.80,400,
09:43:05,57.81,100,
09:43:05,57.80,100,
09:43:05,57.80,400,
09:43:05,57.80,200,
09:43:05,57.80,200,
09:43:05,57.80,200,
09:43:06,57.80,400,
09:43:11,57.80,147,
09:43:13,57.80,100,
09:43:13,57.81,100,
09:43:13,57.81,200,
09:43:13,57.81,100,
09:43:13,57.81,800,
09:43:13,57.81,400,
09:43:14,57.81,100,
09:43:14,57.81,200,
09:43:14,57.81,400,
09:43:14,57.81,400,
09:43:14,57.81,100,
09:43:14,57.81,400,
09:43:14,57.81,200,
09:43:15,57.81,400,
09:43:18,57.80,100,
09:43:18,57.80,100,
09:43:20,57.79,100,
09:43:20,57.79,256,
09:43:21,57.79,100,
09:43:22,57.80,400,
09:43:22,57.80,100,
09:43:22,57.80,300,
09:43:22,57.80,100,
09:43:23,57.80,400,
09:43:26,57.79,400,
09:43:26,57.79,100,
09:43:29,57.79,200,
09:43:29,57.79,100,
09:43:29,57.79,100,
09:43:29,57.79,600,
09:43:30,57.80,200,
09:43:30,57.80,900,
09:43:30,57.80,556,
09:43:30,57.80,100,
09:43:30,57.80,200,
09:43:30,57.80,1033,
09:43:30,57.80,100,
09:43:30,57.80,200,
09:43:30,57.81,100,
09:43:30,57.81,200,
09:43:30,57.81,100,
09:43:30,57.81,100,
09:43:31,57.8046,100,
09:43:35,57.81,100,
09:43:35,57.81,800,
09:43:36,57.82,100,
09:43:36,57.82,100,
09:43:36,57.82,100,
09:43:39,57.82,500,
09:43:39,57.8201,2000,
09:43:39,57.8201,3200,
09:43:39,57.82,10000,
09:43:39,57.82,300,
09:43:39,57.82,200,
09:43:39,57.82,100,
09:43:39,57.8201,5000,
09:43:40,57.82,600,
09:43:40,57.82,100,
09:43:40,57.81,300,
09:43:43,57.82,200,
09:43:44,57.82,200,
09:43:45,57.82,400,
09:43:45,57.82,200,
09:43:52,57.83,100,
09:43:52,57.83,100,
09:43:52,57.83,300,
09:43:52,57.83,100,
09:43:56,57.83,1000,
09:44:00,57.83,500,
09:44:00,57.83,100,
09:44:01,57.83,100,
09:44:01,57.83,200,
09:44:04,57.84,100,
09:44:04,57.84,100,
09:44:05,57.85,200,
09:44:05,57.85,100,
09:44:05,57.85,100,
09:44:05,57.85,100,
09:44:05,57.85,100,
09:44:05,57.85,300,
09:44:05,57.85,100,
09:44:06,57.84,200,
09:44:06,57.84,800,
09:44:06,57.84,400,
09:44:06,57.84,100,
09:44:06,57.84,600,
09:44:06,57.84,600,
09:44:06,57.84,800,
09:44:06,57.84,100,
09:44:06,57.84,200,
09:44:06,57.85,190,
09:44:06,57.843,100,
09:44:06,57.85,100,
09:44:07,57.84,200,
09:44:07,57.85,100,
09:44:08,57.85,100,
09:44:08,57.85,400,
09:44:08,57.85,100,
09:44:08,57.84,200,
09:44:09,57.86,400,
09:44:09,57.86,100,
09:44:10,57.86,100,
09:44:11,57.87,200,
09:44:11,57.87,100,
09:44:11,57.87,600,
09:44:11,57.88,200,
09:44:12,57.88,900,
09:44:17,57.87,157,
09:44:18,57.86,555,
09:44:18,57.86,100,
09:44:19,57.85,100,
09:44:19,57.85,319,
09:44:19,57.84,100,
09:44:19,57.84,100,
09:44:20,57.84,200,
09:44:23,57.85,400,
09:44:23,57.85,600,
09:44:23,57.85,100,
09:44:23,57.85,100,
09:44:26,57.86,100,
09:44:26,57.86,197,
09:44:26,57.86,1200,
09:44:26,57.86,815,
09:44:26,57.86,203,
09:44:27,57.85,100,
09:44:29,57.86,800,
09:44:33,57.86,600,
09:44:33,57.85,600,
09:44:33,57.85,400,
09:44:33,57.85,156,
09:44:36,57.86,100,
09:44:36,57.87,332,
09:44:38,57.86,200,
09:44:42,57.87,100,
09:44:42,57.87,100,
09:44:42,57.87,100,
09:44:43,57.87,582,
09:44:43,57.87,200,
09:44:43,57.87,200,
09:44:48,57.88,400,
09:44:48,57.876,950,
09:44:51,57.88,100,
09:44:51,57.88,100,
09:44:51,57.88,200,
09:44:51,57.88,100,
09:44:52,57.89,100,
09:44:52,57.89,100,
09:44:52,57.89,815,
09:44:55,57.8862,550,
09:45:03,57.90,100,
09:45:03,57.90,100,
09:45:03,57.9098,2000,
09:45:03,57.90,400,
09:45:03,57.90,500,
09:45:04,57.90,400,
09:45:04,57.90,170,
09:45:05,57.91,500,
09:45:06,57.8987,1000,
09:45:09,57.909,1000,
09:45:11,57.91,600,
09:45:11,57.91,100,
09:45:14,57.92,500,
09:45:14,57.92,100,
09:45:14,57.92,600,
09:45:15,57.92,400,
09:45:18,57.91,100,
09:45:18,57.91,100,
09:45:18,57.91,100,
09:45:18,57.91,100,
09:45:18,57.91,100,
09:45:18,57.91,363,
09:45:21,57.91,100,
09:45:21,57.91,100,
09:45:23,57.9151,200,
09:45:29,57.91,200,
09:45:29,57.91,600,
09:45:29,57.91,600,
09:45:32,57.92,100,
09:45:32,57.92,100,
09:45:32,57.92,100,
09:45:32,57.92,200,
09:45:33,57.92,100,
09:45:36,57.93,100,
09:45:36,57.93,400,
09:45:36,57.93,400,
09:45:38,57.9386,800,
09:45:39,57.94,100,
09:45:39,57.94,600,
09:45:39,57.94,100,
09:45:40,57.94,815,
09:45:45,57.94,100,
09:45:45,57.94,300,
09:45:45,57.93,200,
09:45:46,57.9486,800,
09:45:49,57.94,200,
09:45:50,57.94,200,
09:45:50,57.94,100,
09:45:52,57.95,100,
09:45:52,57.95,600,
09:45:52,57.95,500,
09:45:52,57.95,600,
09:45:52,57.95,100,
09:45:53,57.94,100,
09:45:53,57.94,100,
09:45:53,57.94,100,
09:45:53,57.94,200,
09:45:54,57.949,1000,
09:45:54,57.95,100,
09:45:57,57.95,100,
09:45:57,57.95,100,
09:45:57,57.95,100,
09:45:58,57.96,100,
09:45:59,57.96,813,
09:46:01,57.95,100,
09:46:02,57.94,100,
09:46:02,57.96,2000,
09:46:03,57.95,200,
09:46:07,57.96,300,
09:46:10,57.96,600,
09:46:10,57.96,100,
09:46:10,57.97,100,
09:46:10,57.97,600,
09:46:10,57.97,600,
09:46:10,57.97,700,
09:46:10,57.97,100,
09:46:10,57.98,100,
09:46:10,57.98,300,
09:46:10,57.98,100,
09:46:10,57.98,100,
09:46:10,57.98,600,
09:46:10,57.98,400,
09:46:11,57.98,100,
09:46:11,57.98,100,
09:46:11,57.98,400,
09:46:11,57.98,600,
09:46:11,57.98,100,
09:46:11,57.98,400,
09:46:11,57.98,1000,
09:46:11,57.98,600,
09:46:11,57.98,902,
09:46:11,57.98,400,
09:46:11,57.98,400,
09:46:11,57.98,261,
09:46:11,57.98,285,
09:46:11,57.99,600,
09:46:11,57.99,200,
09:46:11,57.99,100,
09:46:11,57.99,100,
09:46:11,57.99,100,
09:46:12,58,600,
09:46:12,58,144,
09:46:12,58,250,
09:46:12,58,1000,
09:46:12,58,100,
09:46:12,58,100,
09:46:12,58,100,
09:46:12,58,300,
09:46:14,57.99,100,
09:46:14,57.99,100,
09:46:14,57.98,300,
09:46:14,57.99,400,
09:46:15,57.99,100,
09:46:15,57.99,100,
09:46:15,57.99,400,
09:46:15,57.99,400,
09:46:15,57.9894,400,
09:46:15,57.9894,100,
09:46:18,57.9886,800,
09:46:18,57.98,100,
09:46:19,57.99,100,
09:46:20,57.98,100,
09:46:20,57.98,100,
09:46:20,57.98,400,
09:46:20,57.99,400,
09:46:20,57.989,303,
09:46:22,57.99,100,
09:46:22,57.99,100,
09:46:22,57.99,200,
09:46:22,57.99,200,
09:46:26,58,262,
09:46:26,58,100,
09:46:26,58,500,
09:46:27,57.99,400,
09:46:27,57.99,149,
09:46:27,57.99,100,
09:46:29,57.99,300,
09:46:30,57.9999,300,
09:46:30,58,100,
09:46:31,57.9999,300,
09:46:31,58,500,
09:46:36,57.99,100,
09:46:36,57.99,500,
09:46:36,57.99,300,
09:46:38,58,200,
09:46:39,58,100,
09:46:40,58,200,
09:46:40,58,200,
09:46:40,58,300,
09:46:40,58,200,
09:46:42,58,300,
09:46:45,58,200,
09:46:45,58,100,
09:46:47,57.9999,400,
09:46:47,58,100,
09:46:50,57.99,100,
09:46:53,57.9895,700,
09:46:53,57.98,100,
09:46:54,57.9716,300,
09:46:58,57.978,500,
09:47:00,57.98,600,
09:47:01,57.98,400,
09:47:02,57.99,500,
09:47:02,57.99,600,
09:47:02,57.99,100,
09:47:02,57.99,200,
09:47:02,57.99,100,
09:47:02,57.99,100,
09:47:02,57.99,200,
09:47:02,57.99,100,
09:47:07,57.99,100,
09:47:07,57.98,300,
09:47:14,57.9999,2000,
09:47:19,57.99,100,
09:47:28,57.99,400,
09:47:28,57.99,313,
09:47:32,57.989,200,
09:47:32,57.99,100,
09:47:32,57.99,800,
09:47:32,57.99,200,
09:47:34,57.989,200,
09:47:34,57.989,7900,
09:47:40,57.99,100,
09:47:42,57.99,100,
09:47:42,57.99,800,
09:47:50,57.99,800,
09:47:57,58,461,
09:47:58,58,100,
09:47:58,57.998,500,
09:48:00,58.005,500,
09:48:00,58.01,500,
09:48:00,58.01,100,
09:48:00,58.01,600,
09:48:00,58.01,100,
09:48:00,58.02,100,
09:48:00,58.02,100,
09:48:00,58.02,100,
09:48:00,58.02,100,
09:48:01,58.02,100,
09:48:01,58.0296,200,
09:48:01,58.0297,200,
09:48:01,58.0297,300,
09:48:01,58.0296,100,
09:48:02,58.029,100,
09:48:03,58.02,200,
09:48:04,58.03,1425,
09:48:08,58.02,2000,
09:48:08,58.02,1000,
09:48:08,58.02,200,
09:48:08,58.02,200,
09:48:13,58.03,100,
09:48:13,58.03,100,
09:48:13,58.03,100,
09:48:13,58.03,100,
09:48:14,58.04,100,
09:48:14,58.03,1000,
09:48:15,58.02,100,
09:48:15,58.02,600,
09:48:15,58.01,600,
09:48:15,58.01,413,
09:48:19,58.0195,1000,
09:48:24,58.01,100,
09:48:24,58.01,100,
09:48:24,58.015,100,
09:48:27,58.01,100,
09:48:28,58.01,1500,
09:48:32,58,100,
09:48:32,58,100,
09:48:32,58,100,
09:48:34,57.9914,1600,
09:48:36,58,100,
09:48:37,58,100,
09:48:42,57.996,400,
09:48:43,58,300,
09:48:43,58,300,
09:48:43,58,100,
09:48:43,58,300,
09:48:43,58,200,
09:48:43,58,1000,
09:48:43,58,300,
09:48:43,58,300,
09:48:43,58,300,
09:48:44,57.99,100,
09:48:47,58,400,
09:48:51,57.99,800,
09:49:03,58,600,
09:49:04,58,500,
09:49:04,58,1000,
09:49:07,57.99,100,
09:49:07,57.99,100,
09:49:07,57.995,100,
09:49:09,57.98,200,
09:49:09,57.98,100,
09:49:09,57.98,200,
09:49:09,57.98,100,
09:49:09,57.98,100,
09:49:09,57.98,300,
09:49:09,57.98,100,
09:49:09,57.98,100,
09:49:09,57.98,100,
09:49:11,57.971,200,
09:49:13,57.97,100,
09:49:13,57.97,100,
09:49:13,57.97,400,
09:49:13,57.97,300,
09:49:14,57.97,208,
09:49:14,57.97,400,
09:49:14,57.97,100,
09:49:14,57.97,1000,
09:49:14,57.96,400,
09:49:16,57.97,300,
09:49:16,57.97,100,
09:49:16,57.97,300,
09:49:16,57.97,115,
09:49:16,57.97,500,
09:49:16,57.97,100,
09:49:17,57.97,600,
09:49:18,57.96,300,
09:49:18,57.96,200,
09:49:19,57.97,400,
09:49:19,57.97,1000,
09:49:19,57.97,100,
09:49:19,57.97,300,
09:49:21,57.96,700,
09:49:26,57.98,100,
09:49:27,57.98,100,
09:49:27,57.98,500,
09:49:29,57.98,500,
09:49:29,57.98,890,
09:49:29,57.98,1000,
09:49:31,57.97,100,
09:49:31,57.97,100,
09:49:31,57.97,300,
09:49:34,57.98,100,
09:49:34,57.98,600,
09:49:35,57.99,200,
09:49:36,57.968,350,
09:49:41,57.98,400,
09:49:45,57.9701,1600,
09:49:45,57.97,300,
09:49:45,57.97,200,
09:49:45,57.97,100,
09:49:45,57.97,100,
09:49:45,57.97,100,
09:49:46,57.96,100,
09:49:46,57.96,100,
09:49:46,57.96,200,
09:49:46,57.96,200,
09:49:48,57.96,200,
09:49:48,57.96,200,
09:49:49,57.96,100,
09:49:49,57.96,100,
09:49:49,57.96,400,
09:49:49,57.96,100,
09:49:49,57.96,100,
09:49:52,57.95,100,
09:49:52,57.95,100,
09:49:52,57.95,100,
09:49:53,57.95,400,
09:49:53,57.95,200,
09:49:53,57.95,1000,
09:49:54,57.96,600,
09:49:54,57.96,100,
09:49:55,57.96,400,
09:49:56,57.94,400,
09:49:57,57.95,600,
09:49:58,57.96,100,
09:50:03,57.96,500,
09:50:03,57.96,100,
09:50:03,57.96,500,
09:50:03,57.95,300,
09:50:05,57.96,600,
09:50:06,57.95,100,
09:50:06,57.96,200,
09:50:06,57.97,600,
09:50:06,57.97,100,
09:50:06,57.97,200,
09:50:07,57.97,400,
09:50:07,57.97,200,
09:50:07,57.97,100,
09:50:07,57.97,400,
09:50:07,57.96,200,
09:50:07,57.96,300,
09:50:08,57.96,300,
09:50:09,57.96,100,
09:50:12,57.96,100,
09:50:12,57.96,600,
09:50:12,57.96,200,
09:50:17,57.95,654,
09:50:17,57.95,1000,
09:50:17,57.95,100,
09:50:17,57.95,100,
09:50:17,57.95,100,
09:50:17,57.95,300,
09:50:17,57.94,400,
09:50:17,57.94,400,
09:50:17,57.94,1000,
09:50:17,57.94,600,
09:50:17,57.94,100,
09:50:17,57.955,100,
09:50:17,57.94,4700,
09:50:17,57.94,600,
09:50:17,57.94,100,
09:50:17,57.94,170,
09:50:17,57.93,200,
09:50:17,57.93,100,
09:50:17,57.93,100,
09:50:17,57.93,113,
09:50:17,57.93,387,
09:50:17,57.93,100,
09:50:17,57.93,100,
09:50:17,57.93,100,
09:50:17,57.93,100,
09:50:17,57.93,300,
09:50:17,57.93,100,
09:50:17,57.93,200,
09:50:20,57.92,418,
09:50:20,57.92,532,
09:50:20,57.92,1000,
09:50:20,57.92,100,
09:50:20,57.92,203,
09:50:20,57.92,346,
09:50:20,57.92,200,
09:50:23,57.92,100,
09:50:24,57.93,1000,
09:50:27,57.93,400,
09:50:27,57.929,200,
09:50:30,57.9201,600,
09:50:34,57.93,600,
09:50:34,57.93,200,
09:50:34,57.93,100,
09:50:34,57.93,815,
09:50:34,57.93,1600,
09:50:34,57.93,1300,
09:50:34,57.93,8200,
09:50:34,57.93,500,
09:50:34,57.93,200,
09:50:34,57.93,300,
09:50:34,57.93,200,
09:50:34,57.93,400,
09:50:34,57.93,400,
09:50:34,57.93,600,
09:50:35,57.9271,200,
09:50:36,57.93,600,
09:50:40,57.93,100,
09:50:41,57.94,100,
09:50:41,57.94,200,
09:50:43,57.94,100,
09:50:43,57.94,600,
09:50:49,57.93,200,
09:50:49,57.93,600,
09:50:49,57.93,100,
09:50:49,57.93,100,
09:50:49,57.93,3300,
09:50:50,57.93,200,
09:50:50,57.93,600,
09:50:53,57.94,600,
09:50:53,57.94,100,
09:50:53,57.94,100,
09:50:53,57.94,500,
09:50:55,57.95,100,
09:50:55,57.94,100,
09:50:56,57.94,200,
09:50:56,57.94,600,
09:50:56,57.94,192,
09:50:59,57.94,200,
09:51:00,57.95,100,
09:51:00,57.95,100,
09:51:00,57.95,1000,
09:51:00,57.95,200,
09:51:00,57.95,900,
09:51:00,57.95,400,
09:51:00,57.95,1360,
09:51:00,57.95,460,
09:51:00,57.95,100,
09:51:00,57.95,140,
09:51:03,57.94,200,
09:51:03,57.94,100,
09:51:04,57.93,300,
09:51:04,57.94,500,
09:51:07,57.9399,130,
09:51:10,57.93,100,
09:51:10,57.93,100,
09:51:10,57.93,600,
09:51:11,57.93,200,
09:51:18,57.9254,100,
09:51:22,57.92,100,
09:51:22,57.92,100,
09:51:22,57.925,100,
09:51:23,57.91,200,
09:51:23,57.91,100,
09:51:23,57.90,700,
09:51:24,57.91,100,
09:51:24,57.91,400,
09:51:24,57.91,600,
09:51:26,57.91,100,
09:51:26,57.91,100,
09:51:26,57.91,600,
09:51:27,57.91,100,
09:51:28,57.91,600,
09:51:33,57.9101,2000,
09:51:34,57.92,100,
09:51:36,57.93,200,
09:51:36,57.93,100,
09:51:36,57.93,100,
09:51:37,57.93,300,
09:51:37,57.93,200,
09:51:37,57.93,200,
09:51:37,57.93,300,
09:51:41,57.93,400,
09:51:47,57.94,100,
09:51:47,57.94,100,
09:51:49,57.95,400,
09:51:54,57.94,100,
09:51:58,57.95,300,
09:51:58,57.95,300,
09:51:58,57.95,208,
09:51:58,57.95,100,
09:51:58,57.95,100,
09:51:58,57.96,100,
09:51:58,57.96,100,
09:52:05,57.9601,200,
09:52:11,57.965,200,
09:52:13,57.96,100,
09:52:13,57.96,200,
09:52:14,57.96,2000,
09:52:20,57.9698,300,
09:52:20,57.9601,200,
09:52:31,57.96,600,
09:52:31,57.96,600,
09:52:41,57.97,187,
09:52:41,57.97,100,
09:52:48,57.975,100,
09:52:48,57.97,600,
09:52:48,57.96,600,
09:52:48,57.96,800,
09:52:48,57.96,1000,
09:52:48,57.96,600,
09:52:48,57.96,100,
09:52:48,57.96,100,
09:52:48,57.96,815,
09:52:48,57.96,185,
09:52:48,57.96,8200,
09:52:48,57.96,100,
09:52:48,57.96,2598,
09:52:48,57.96,100,
09:52:48,57.96,100,
09:52:50,57.96,100,
09:52:55,57.97,100,
09:53:03,57.97,200,
09:53:10,57.96,400,
09:53:10,57.96,600,
09:53:12,57.96,100,
09:53:12,57.96,200,
09:53:12,57.96,600,
09:53:14,57.97,100,
09:53:14,57.97,400,
09:53:18,57.97,100,
09:53:18,57.97,100,
09:53:25,57.975,100,
09:53:30,57.98,200,
09:53:32,57.98,100,
09:53:33,57.98,100,
09:53:39,57.98,200,
09:53:40,57.9713,1756,
09:53:43,57.99,100,
09:53:44,57.99,300,
09:53:46,58,350,
09:53:47,58,500,
09:53:47,58,100,
09:53:47,58,100,
09:53:48,58.01,600,
09:53:49,58.01,313,
09:53:49,58.01,200,
09:53:49,58.02,600,
09:53:49,58.02,1900,
09:53:50,58.02,100,
09:53:51,58.02,1000,
09:53:52,58.02,800,
09:53:59,58.03,200,
09:54:02,58.0285,100,
09:54:06,58.03,100,
09:54:06,58.03,600,
09:54:07,58.0282,100,
09:54:10,58.02,600,
09:54:11,58.02,100,
09:54:11,58.02,100,
09:54:16,58.02,100,
09:54:22,58.0213,1000,
09:54:25,58.03,100,
09:54:25,58.03,100,
09:54:25,58.04,100,
09:54:25,58.04,100,
09:54:25,58.04,400,
09:54:25,58.04,100,
09:54:25,58.04,100,
09:54:26,58.05,108,
09:54:26,58.05,100,
09:54:28,58.04,500,
09:54:28,58.04,600,
09:54:28,58.04,400,
09:54:28,58.04,400,
09:54:28,58.04,400,
09:54:28,58.04,200,
09:54:29,58.04,600,
09:54:30,58.049,100,
09:54:33,58.0454,100,
09:54:37,58.05,300,
09:54:37,58.05,200,
09:54:37,58.05,2000,
09:54:40,58.05,100,
09:54:42,58.04,200,
09:54:42,58.04,100,
09:54:42,58.04,600,
09:54:42,58.04,800,
09:54:43,58.04,600,
09:54:48,58.05,200,
09:54:50,58.05,100,
09:54:50,58.05,100,
09:54:50,58.05,200,
09:54:50,58.05,100,
09:54:50,58.06,3600,
09:54:51,58.06,100,
09:54:52,58.04,600,
09:54:52,58.04,1100,
09:54:52,58.04,294,
09:54:52,58.04,1000,
09:54:52,58.04,306,
09:54:52,58.04,1200,
09:54:53,58.04,100,
09:54:53,58.04,300,
09:54:53,58.04,200,
09:54:53,58.04,500,
09:54:53,58.04,200,
09:54:54,58.05,100,
09:54:54,58.05,100,
09:54:54,58.05,200,
09:54:54,58.0524,400,
09:54:57,58.05,800,
09:55:00,58.0505,1000,
09:55:02,58.06,100,
09:55:03,58.0513,1500,
09:55:03,58.05,100,
09:55:03,58.05,600,
09:55:03,58.05,200,
09:55:03,58.05,300,
09:55:06,58.05,300,
09:55:09,58.06,565,
09:55:09,58.06,100,
09:55:09,58.06,165,
09:55:09,58.06,835,
09:55:09,58.06,300,
09:55:09,58.06,1200,
09:55:09,58.07,3600,
09:55:11,58.06,100,
09:55:15,58.07,800,
09:55:15,58.07,200,
09:55:15,58.07,100,
09:55:18,58.07,1100,
09:55:18,58.07,200,
09:55:19,58.07,100,
09:55:23,58.0607,200,
09:55:27,58.06,400,
09:55:27,58.06,100,
09:55:27,58.06,200,
09:55:29,58.069,2000,
09:55:30,58.05,100,
09:55:30,58.05,600,
09:55:30,58.059,431,
09:55:31,58.06,200,
09:55:31,58.06,400,
09:55:31,58.06,600,
09:55:31,58.06,1000,
09:55:31,58.06,200,
09:55:31,58.06,100,
09:55:33,58.05,1400,
09:55:33,58.05,100,
09:55:33,58.05,100,
09:55:33,58.05,300,
09:55:34,58.05,200,
09:55:34,58.05,100,
09:55:36,58.05,500,
09:55:36,58.05,100,
09:55:38,58.05,100,
09:55:38,58.05,300,
09:55:42,58.04,241,
09:55:43,58.05,287,
09:55:45,58.041,3000,
09:55:50,58.04,100,
09:55:50,58.05,100,
09:55:50,58.05,281,
09:55:51,58.06,600,
09:55:52,58.06,100,
09:55:52,58.06,130,
09:55:52,58.06,100,
09:55:52,58.065,100,
09:55:57,58.05,100,
09:55:57,58.05,100,
09:55:57,58.05,100,
09:55:57,58.05,300,
09:55:58,58.05,800,
09:55:59,58.0413,1000,
09:56:03,58.04,100,
09:56:03,58.04,200,
09:56:03,58.04,100,
09:56:04,58.04,600,
09:56:05,58.04,200,
09:56:07,58.0325,100,
09:56:07,58.03,100,
09:56:07,58.03,100,
09:56:07,58.03,100,
09:56:07,58.03,100,
09:56:07,58.03,100,
09:56:07,58.03,200,
09:56:07,58.03,200,
09:56:07,58.03,1200,
09:56:08,58.03,100,
09:56:08,58.03,100,
09:56:08,58.03,100,
09:56:08,58.03,100,
09:56:08,58.03,200,
09:56:08,58.03,200,
09:56:08,58.03,200,
09:56:08,58.03,600,
09:56:08,58.03,600,
09:56:08,58.03,1200,
09:56:08,58.03,300,
09:56:08,58.03,400,
09:56:08,58.03,500,
09:56:10,58.04,100,
09:56:10,58.04,100,
09:56:10,58.04,600,
09:56:15,58.05,100,
09:56:15,58.05,100,
09:56:20,58.05,200,
09:56:21,58.05,100,
09:56:27,58.05,100,
09:56:29,58.05,100,
09:56:31,58.05,200,
09:56:34,58.058,500,
09:56:34,58.06,100,
09:56:38,58.06,200,
09:56:38,58.06,100,
09:56:40,58.07,100,
09:56:40,58.07,100,
09:56:41,58.07,100,
09:56:43,58.06,100,
09:56:43,58.06,100,
09:56:43,58.06,600,
09:56:43,58.06,2400,
09:56:44,58.05,400,
09:56:44,58.05,100,
09:56:44,58.05,100,
09:56:45,58.046,671,
09:56:47,58.05,100,
09:56:52,58.0499,1250,
09:56:53,58.04,100,
09:56:53,58.04,100,
09:56:53,58.04,500,
09:56:54,58.03,100,
09:56:54,58.03,100,
09:56:54,58.03,100,
09:56:54,58.03,100,
09:56:57,58.03,100,
09:56:58,58.02,100,
09:56:59,58.02,100,
09:56:59,58.02,100,
09:56:59,58.02,213,
09:56:59,58.02,200,
09:56:59,58.01,100,
09:57:00,58.02,387,
09:57:01,58.02,100,
09:57:01,58.015,100,
09:57:02,58.015,100,
09:57:03,58.02,500,
09:57:03,58.02,200,
09:57:03,58.02,600,
09:57:04,58.02,200,
09:57:04,58.02,200,
09:57:06,58.0103,200,
09:57:08,58.0199,1500,
09:57:09,58.02,200,
09:57:10,58.02,3000,
09:57:11,58.03,100,
09:57:11,58.03,100,
09:57:11,58.04,400,
09:57:11,58.04,600,
09:57:11,58.04,100,
09:57:11,58.04,100,
09:57:11,58.04,400,
09:57:12,58.04,100,
09:57:12,58.03,100,
09:57:12,58.03,100,
09:57:12,58.03,500,
09:57:16,58.04,100,
09:57:17,58.04,100,
09:57:17,58.04,1000,
09:57:20,58.04,100,
09:57:21,58.03,100,
09:57:26,58.0201,1000,
09:57:29,58.03,200,
09:57:29,58.02,100,
09:57:29,58.02,100,
09:57:33,58.01,400,
09:57:33,58.01,1000,
09:57:33,58.01,100,
09:57:35,58.02,100,
09:57:37,58.01,400,
09:57:37,58.01,200,
09:57:37,58.01,600,
09:57:37,58.01,400,
09:57:37,58.01,184,
09:57:37,58.01,300,
09:57:37,58.01,1881,
09:57:37,58.01,794,
09:57:37,58,100,
09:57:37,58.01,100,
09:57:37,58.01,100,
09:57:37,58.01,200,
09:57:37,58,100,
09:57:37,58,400,
09:57:37,58,142,
09:57:37,58,1000,
09:57:37,58,500,
09:57:37,58,400,
09:57:37,58,200,
09:57:37,57.99,100,
09:57:38,58,100,
09:57:38,58,900,
09:57:38,58,1000,
09:57:38,58,400,
09:57:38,58.01,400,
09:57:38,58.01,100,
09:57:38,58.01,800,
09:57:38,58.01,100,
09:57:38,58.02,100,
09:57:38,58.02,600,
09:57:39,57.99,475,
09:57:39,58.01,100,
09:57:39,58.01,500,
09:57:40,58.01,200,
09:57:40,58.01,200,
09:57:40,58.01,300,
09:57:40,58.02,142,
09:57:40,58.02,143,
09:57:40,58.02,143,
09:57:40,58.02,143,
09:57:43,58.01,900,
09:57:43,58.01,400,
09:57:43,58.01,100,
09:57:44,58.01,100,
09:57:46,58,300,
09:57:46,58,100,
09:57:46,58,185,
09:57:46,58,400,
09:57:46,58.008,400,
09:57:48,58,152,
09:57:50,58,100,
09:57:50,58,600,
09:57:50,58,200,
09:57:50,58,300,
09:57:50,58,582,
09:57:50,58,800,
09:57:51,58,200,
09:57:53,57.99,100,
09:57:54,57.99,400,
09:58:00,57.98,100,
09:58:00,57.98,5000,
09:58:05,57.985,100,
09:58:05,57.98,200,
09:58:05,57.98,1000,
09:58:05,57.98,3000,
09:58:05,57.98,100,
09:58:07,57.989,1000,
09:58:08,57.98,100,
09:58:08,57.98,100,
09:58:08,57.98,200,
09:58:09,57.97,100,
09:58:09,57.97,100,
09:58:10,57.97,200,
09:58:10,57.97,200,
09:58:12,57.98,400,
09:58:12,57.98,100,
09:58:13,57.97,200,
09:58:14,57.98,1000,
09:58:14,57.98,500,
09:58:15,57.989,400,
09:58:16,57.99,600,
09:58:18,57.99,100,
09:58:20,57.99,100,
09:58:24,57.98,100,
09:58:24,57.98,600,
09:58:31,57.9819,300,
09:58:32,57.99,100,
09:58:36,57.99,100,
09:58:36,57.99,600,
09:58:36,57.99,100,
09:58:36,57.9895,1000,
09:58:36,57.99,600,
09:58:37,57.99,100,
09:58:37,57.98,400,
09:58:42,57.988,400,
09:58:42,57.98,100,
09:58:42,57.98,100,
09:58:51,57.97,400,
09:58:51,57.97,100,
09:58:51,57.97,100,
09:58:55,57.97,1500,
09:58:56,57.97,660,
09:58:56,57.97,400,
09:58:56,57.97,900,
09:58:56,57.97,155,
09:58:58,57.97,800,
09:59:00,57.97,200,
09:59:01,57.97,100,
09:59:02,57.96,300,
09:59:05,57.97,100,
09:59:06,57.97,1200,
09:59:06,57.97,287,
09:59:08,57.979,100,
09:59:09,57.97,100,
09:59:12,57.98,100,
09:59:13,57.9605,1500,
09:59:16,57.96,1713,
09:59:16,57.96,287,
09:59:16,57.96,100,
09:59:16,57.96,100,
09:59:16,57.96,100,
09:59:22,57.97,100,
09:59:22,57.97,100,
09:59:23,57.98,100,
09:59:24,57.97,100,
09:59:26,57.98,600,
09:59:30,57.97,100,
09:59:30,57.97,100,
09:59:33,57.98,100,
09:59:38,57.971,400,
09:59:44,57.98,154,
09:59:44,57.97,600,
09:59:45,57.98,1800,
09:59:45,57.98,500,
09:59:45,57.98,100,
09:59:45,57.98,200,
09:59:45,57.98,100,
09:59:45,57.98,300,
09:59:45,57.99,800,
09:59:45,57.99,200,
09:59:45,57.99,400,
09:59:45,57.99,100,
09:59:45,57.99,100,
09:59:45,57.99,200,
09:59:45,57.99,500,
09:59:45,57.99,100,
09:59:45,57.99,100,
09:59:45,57.99,200,
09:59:46,57.99,1500,
09:59:49,57.98,100,
09:59:50,57.9829,180,
09:59:59,57.98,100,
10:00:02,57.99,100,
10:00:02,57.99,400,
10:00:02,57.99,100,
10:00:02,57.99,600,
10:00:02,57.9981,300,
10:00:14,57.99,200,
10:00:14,57.988,500,
10:00:14,57.99,600,
10:00:14,57.99,600,
10:00:14,57.99,200,
10:00:19,58,400,
10:00:19,58,100,
10:00:20,58,387,
10:00:21,58.01,100,
10:00:21,58.01,100,
10:00:22,58.01,600,
10:00:25,58.01,300,
10:00:25,58.01,1000,
10:00:25,58.01,400,
10:00:25,58.01,500,
10:00:25,58.02,100,
10:00:25,58.02,600,
10:00:25,58.02,1500,
10:00:25,58.02,200,
10:00:25,58.02,945,
10:00:25,58.02,300,
10:00:25,58.02,400,
10:00:25,58.02,100,
10:00:25,58.02,1000,
10:00:25,58.02,100,
10:00:25,58.02,400,
10:00:25,58.02,700,
10:00:25,58.02,100,
10:00:26,58.02,100,
10:00:28,58.019,400,
10:00:29,58.01,100,
10:00:29,58.01,300,
10:00:29,58.01,100,
10:00:29,58.01,100,
10:00:34,58,100,
10:00:34,58,200,
10:00:34,58,100,
10:00:35,58,600,
10:00:38,57.995,100,
10:00:39,57.99,200,
10:00:39,57.99,100,
10:00:39,57.98,400,
10:00:39,57.98,100,
10:00:39,57.98,200,
10:00:39,57.98,300,
10:00:40,58,200,
10:00:41,57.98,100,
10:00:41,57.98,100,
10:00:49,57.99,300,
10:00:49,57.99,400,
10:00:49,57.99,600,
10:00:49,57.99,300,
10:00:49,57.99,100,
10:00:51,57.98,200,
10:00:51,57.98,100,
10:00:51,57.98,326,
10:00:51,57.98,400,
10:00:51,57.98,200,
10:00:51,57.98,500,
10:00:51,57.98,100,
10:00:51,57.98,100,
10:00:51,57.981,200,
10:00:53,57.98,600,
10:00:56,57.9799,173,
10:01:05,57.97,400,
10:01:06,57.97,100,
10:01:07,57.97,200,
10:01:10,57.96,100,
10:01:10,57.96,100,
10:01:10,57.96,100,
10:01:10,57.96,100,
10:01:10,57.96,400,
10:01:10,57.96,200,
10:01:10,57.96,100,
10:01:10,57.96,100,
10:01:10,57.96,200,
10:01:10,57.96,200,
10:01:16,57.9501,6700,
10:01:16,57.9501,6400,
10:01:16,57.95,1000,
10:01:17,57.95,400,
10:01:17,57.95,600,
10:01:17,57.95,100,
10:01:17,57.95,100,
10:01:17,57.958,400,
10:01:18,57.94,100,
10:01:18,57.95,400,
10:01:18,57.96,100,
10:01:23,57.9495,200,
10:01:24,57.94,200,
10:01:24,57.94,100,
10:01:24,57.94,100,
10:01:24,57.9319,300,
10:01:27,57.93,1185,
10:01:27,57.93,100,
10:01:27,57.93,100,
10:01:27,57.93,1000,
10:01:27,57.93,400,
10:01:27,57.93,100,
10:01:27,57.93,200,
10:01:27,57.93,100,
10:01:27,57.93,600,
10:01:30,57.93,1300,
10:01:34,57.93,400,
10:01:36,57.93,100,
10:01:36,57.93,100,
10:01:36,57.92,600,
10:01:41,57.92,100,
10:01:41,57.92,600,
10:01:41,57.92,1000,
10:01:41,57.92,400,
10:01:41,57.92,100,
10:01:42,57.92,200,
10:01:44,57.92,100,
10:01:44,57.92,100,
10:01:44,57.91,100,
10:01:49,57.91,600,
10:01:49,57.91,100,
10:01:51,57.91,400,
10:01:52,57.91,400,
10:01:59,57.92,200,
10:02:01,57.914,300,
10:02:02,57.92,400,
10:02:03,57.915,100,
10:02:04,57.91,200,
10:02:04,57.91,100,
10:02:04,57.91,1300,
10:02:05,57.90,1000,
10:02:08,57.90,1600,
10:02:08,57.90,100,
10:02:08,57.90,200,
10:02:08,57.90,200,
10:02:08,57.90,142,
10:02:08,57.8914,500,
10:02:11,57.89,248,
10:02:11,57.89,248,
10:02:12,57.90,815,
10:02:15,57.89,100,
10:02:16,57.89,100,
10:02:18,57.891,2000,
10:02:25,57.8974,1210,
10:02:29,57.89,300,
10:02:29,57.89,100,
10:02:29,57.89,2400,
10:02:29,57.89,300,
10:02:29,57.88,300,
10:02:39,57.88,200,
10:02:39,57.89,200,
10:02:43,57.88,100,
10:02:43,57.88,100,
10:02:44,57.87,100,
10:02:44,57.87,100,
10:02:44,57.8601,400,
10:02:44,57.86,300,
10:02:44,57.86,100,
10:02:44,57.86,100,
10:02:44,57.86,336,
10:02:44,57.86,477,
10:02:44,57.86,600,
10:02:44,57.86,408,
10:02:44,57.8516,200,
10:02:44,57.87,400,
10:02:44,57.87,400,
10:02:44,57.87,600,
10:02:44,57.87,290,
10:02:44,57.87,500,
10:02:45,57.87,300,
10:02:53,57.86,3000,
10:02:59,57.86,100,
10:03:00,57.86,600,
10:03:00,57.86,200,
10:03:00,57.86,100,
10:03:00,57.86,200,
10:03:03,57.87,100,
10:03:03,57.87,100,
10:03:03,57.87,100,
10:03:05,57.87,100,
10:03:06,57.8698,2000,
10:03:08,57.86,100,
10:03:08,57.86,600,
10:03:10,57.87,200,
10:03:10,57.87,100,
10:03:12,57.86,100,
10:03:16,57.87,100,
10:03:16,57.87,600,
10:03:23,57.87,200,
10:03:27,57.86,200,
10:03:27,57.86,100,
10:03:31,57.866,800,
10:03:35,57.87,100,
10:03:36,57.88,200,
10:03:39,57.87,600,
10:03:42,57.87,100,
10:03:44,57.87,100,
10:03:44,57.87,400,
10:03:46,57.87,100,
10:03:46,57.87,200,
10:03:48,57.87,200,
10:03:55,57.87,100,
10:03:55,57.87,600,
10:03:56,57.8646,200,
10:04:07,57.88,100,
10:04:07,57.88,200,
10:04:07,57.88,100,
10:04:07,57.88,600,
10:04:07,57.88,100,
10:04:07,57.88,100,
10:04:07,57.88,200,
10:04:08,57.88,400,
10:04:09,57.88,100,
10:04:10,57.8795,700,
10:04:11,57.88,100,
10:04:11,57.8801,300,
10:04:11,57.88,600,
10:04:13,57.87,100,
10:04:13,57.87,100,
10:04:13,57.87,300,
10:04:13,57.87,700,
10:04:15,57.86,500,
10:04:15,57.86,800,
10:04:15,57.86,3300,
10:04:15,57.86,100,
10:04:15,57.86,4300,
10:04:15,57.86,500,
10:04:15,57.86,1000,
10:04:15,57.86,600,
10:04:15,57.86,100,
10:04:15,57.86,500,
10:04:15,57.86,800,
10:04:15,57.86,400,
10:04:15,57.86,200,
10:04:15,57.86,200,
10:04:15,57.85,100,
10:04:15,57.85,169,
10:04:15,57.85,112,
10:04:15,57.85,400,
10:04:21,57.85,100,
10:04:22,57.86,100,
10:04:22,57.86,200,
10:04:25,57.8605,1000,
10:04:29,57.86,100,
10:04:30,57.869,1000,
10:04:33,57.861,200,
10:04:36,57.87,100,
10:04:40,57.8698,100,
10:04:40,57.861,200,
10:04:41,57.87,600,
10:04:41,57.87,100,
10:04:41,57.87,100,
10:04:41,57.87,300,
10:04:41,57.87,100,
10:04:41,57.88,100,
10:04:41,57.88,100,
10:04:41,57.88,100,
10:04:46,57.88,100,
10:04:46,57.88,100,
10:04:47,57.88,500,
10:04:47,57.89,100,
10:04:47,57.89,600,
10:04:47,57.89,100,
10:04:47,57.89,100,
10:04:47,57.89,100,
10:04:56,57.88,200,
10:04:56,57.88,300,
10:04:56,57.88,200,
10:05:00,57.88,300,
10:05:00,57.88,100,
10:05:00,57.88,200,
10:05:05,57.89,100,
10:05:05,57.89,200,
10:05:05,57.89,200,
10:05:05,57.89,100,
10:05:05,57.90,100,
10:05:05,57.90,100,
10:05:05,57.90,100,
10:05:05,57.89,3000,
10:05:06,57.89,100,
10:05:07,57.89,200,
10:05:15,57.89,300,
10:05:15,57.89,100,
10:05:16,57.88,100,
10:05:16,57.88,600,
10:05:17,57.89,1000,
10:05:17,57.89,100,
10:05:17,57.89,600,
10:05:17,57.89,200,
10:05:17,57.89,300,
10:05:17,57.89,200,
10:05:17,57.89,600,
10:05:17,57.89,100,
10:05:17,57.89,600,
10:05:19,57.88,100,
10:05:19,57.88,600,
10:05:20,57.87,100,
10:05:20,57.87,100,
10:05:24,57.87,100,
10:05:24,57.87,100,
10:05:28,57.87,100,
10:05:28,57.87,200,
10:05:28,57.87,400,
10:05:29,57.87,100,
10:05:29,57.87,400,
10:05:29,57.87,300,
10:05:29,57.87,900,
10:05:37,57.86,500,
10:05:38,57.86,200,
10:05:38,57.86,100,
10:05:38,57.86,100,
10:05:38,57.86,1000,
10:05:38,57.86,600,
10:05:38,57.86,600,
10:05:39,57.868,388,
10:05:42,57.855,100,
10:05:42,57.855,100,
10:05:43,57.86,100,
10:05:47,57.85,500,
10:05:49,57.85,600,
10:05:49,57.85,100,
10:05:50,57.8499,200,
10:05:51,57.85,100,
10:05:54,57.84,300,
10:05:54,57.84,100,
10:05:54,57.84,100,
10:05:54,57.84,100,
10:05:54,57.84,400,
10:05:54,57.8314,500,
10:05:55,57.83,100,
10:05:55,57.83,100,
10:05:55,57.83,800,
10:05:55,57.83,121,
10:05:55,57.83,850,
10:05:55,57.83,600,
10:05:55,57.83,4800,
10:05:59,57.83,300,
10:06:00,57.83,300,
10:06:01,57.84,100,
10:06:01,57.84,100,
10:06:01,57.84,600,
10:06:01,57.84,500,
10:06:01,57.84,250,
10:06:01,57.84,850,
10:06:01,57.84,100,
10:06:01,57.84,163,
10:06:02,57.83,100,
10:06:02,57.83,200,
10:06:03,57.83,100,
10:06:03,57.83,100,
10:06:04,57.82,200,
10:06:08,57.82,300,
10:06:11,57.83,200,
10:06:15,57.82,600,
10:06:16,57.82,100,
10:06:16,57.82,500,
10:06:16,57.82,100,
10:06:19,57.818,750,
10:06:21,57.816,1000,
10:06:23,57.82,600,
10:06:25,57.81,300,
10:06:26,57.82,182,
10:06:26,57.8101,1000,
10:06:26,57.8101,700,
10:06:27,57.81,100,
10:06:27,57.81,1500,
10:06:27,57.81,100,
10:06:27,57.81,100,
10:06:27,57.81,118,
10:06:28,57.80,800,
10:06:34,57.80,100,
10:06:34,57.80,527,
10:06:34,57.80,400,
10:06:34,57.80,100,
10:06:34,57.7901,100,
10:06:34,57.80,418,
10:06:35,57.80,300,
10:06:35,57.8001,300,
10:06:35,57.8001,200,
10:06:38,57.81,206,
10:06:40,57.81,200,
10:06:43,57.82,200,
10:06:43,57.82,100,
10:06:43,57.82,600,
10:06:46,57.8213,200,
10:06:48,57.82,600,
10:06:51,57.81,100,
10:06:51,57.81,100,
10:06:53,57.81,600,
10:06:53,57.81,100,
10:06:56,57.80,300,
10:06:56,57.80,100,
10:06:56,57.80,100,
10:06:56,57.80,100,
10:06:57,57.80,100,
10:06:58,57.79,400,
10:06:58,57.79,100,
10:06:58,57.79,100,
10:06:58,57.791,400,
10:07:01,57.79,400,
10:07:05,57.7805,1000,
10:07:06,57.78,400,
10:07:11,57.7801,9750,
10:07:12,57.78,100,
10:07:12,57.78,300,
10:07:12,57.78,300,
10:07:12,57.78,100,
10:07:13,57.77,300,
10:07:14,57.79,213,
10:07:14,57.79,200,
10:07:14,57.79,200,
10:07:14,57.79,100,
10:07:14,57.79,100,
10:07:14,57.7801,100,
10:07:17,57.7802,500,
10:07:19,57.80,100,
10:07:19,57.80,100,
10:07:19,57.80,100,
10:07:19,57.799,3000,
10:07:21,57.81,150,
10:07:21,57.81,100,
10:07:21,57.81,250,
10:07:25,57.82,200,
10:07:25,57.82,100,
10:07:25,57.82,100,
10:07:25,57.82,400,
10:07:28,57.82,200,
10:07:33,57.83,200,
10:07:33,57.83,100,
10:07:34,57.83,200,
10:07:39,57.8297,300,
10:07:41,57.82,100,
10:07:41,57.82,200,
10:07:42,57.82,400,
10:07:42,57.82,200,
10:07:44,57.8113,200,
10:07:47,57.81,200,
10:07:49,57.82,400,
10:07:49,57.82,100,
10:07:49,57.82,100,
10:07:49,57.82,100,
10:07:49,57.82,300,
10:07:49,57.82,200,
10:07:49,57.82,400,
10:07:49,57.82,199,
10:07:51,57.82,100,
10:07:53,57.82,100,
10:07:53,57.8201,100,
10:07:54,57.82,200,
10:07:54,57.82,400,
10:07:54,57.82,500,
10:07:54,57.82,100,
10:07:54,57.82,300,
10:07:54,57.82,300,
10:07:54,57.82,700,
10:07:54,57.82,1400,
10:07:54,57.82,3100,
10:07:55,57.82,100,
10:07:56,57.825,100,
10:07:56,57.825,100,
10:07:56,57.8213,400,
10:07:58,57.8151,200,
10:07:59,57.82,100,
10:07:59,57.83,400,
10:07:59,57.83,100,
10:07:59,57.83,100,
10:07:59,57.83,100,
10:07:59,57.83,3948,
10:07:59,57.83,200,
10:07:59,57.83,100,
10:07:59,57.83,100,
10:07:59,57.83,200,
10:07:59,57.83,300,
10:07:59,57.83,1000,
10:07:59,57.83,500,
10:07:59,57.83,200,
10:08:04,57.83,200,
10:08:06,57.84,100,
10:08:06,57.84,100,
10:08:06,57.84,100,
10:08:06,57.84,100,
10:08:06,57.829,200,
10:08:08,57.83,100,
10:08:08,57.83,299,
10:08:11,57.84,573,
10:08:11,57.8373,5000,
10:08:13,57.8393,300,
10:08:13,57.83,199,
10:08:14,57.82,200,
10:08:14,57.82,100,
10:08:16,57.82,100,
10:08:16,57.82,200,
10:08:16,57.82,100,
10:08:16,57.82,200,
10:08:16,57.82,100,
10:08:16,57.82,100,
10:08:18,57.83,400,
10:08:19,57.839,1000,
10:08:22,57.83,600,
10:08:25,57.83,400,
10:08:25,57.83,300,
10:08:25,57.83,400,
10:08:29,57.8331,200,
10:08:30,57.84,100,
10:08:30,57.84,100,
10:08:30,57.85,100,
10:08:30,57.85,400,
10:08:30,57.85,100,
10:08:30,57.85,600,
10:08:30,57.85,490,
10:08:30,57.85,4300,
10:08:30,57.85,5000,
10:08:32,57.85,600,
10:08:36,57.85,500,
10:08:43,57.84,100,
10:08:45,57.84,100,
10:08:50,57.85,300,
10:08:50,57.85,100,
10:08:52,57.859,346,
10:08:57,57.85,600,
10:08:59,57.8403,100,
10:09:01,57.84,100,
10:09:03,57.84,100,
10:09:03,57.84,100,
10:09:06,57.84,500,
10:09:06,57.85,100,
10:09:06,57.85,100,
10:09:07,57.85,400,
10:09:09,57.84,100,
10:09:09,57.84,500,
10:09:11,57.83,100,
10:09:11,57.83,525,
10:09:13,57.829,200,
10:09:15,57.83,100,
10:09:15,57.83,1100,
10:09:15,57.83,2000,
10:09:15,57.8299,3100,
10:09:15,57.8299,2600,
10:09:16,57.82,200,
10:09:16,57.82,1000,
10:09:16,57.82,100,
10:09:16,57.82,100,
10:09:16,57.82,200,
10:09:17,57.83,800,
10:09:18,57.81,100,
10:09:20,57.818,500,
10:09:22,57.82,100,
10:09:22,57.82,400,
10:09:24,57.82,600,
10:09:24,57.82,500,
10:09:28,57.8199,100,
10:09:29,57.81,400,
10:09:33,57.81,400,
10:09:39,57.82,200,
10:09:44,57.83,300,
10:09:44,57.83,100,
10:09:44,57.83,100,
10:09:44,57.83,100,
10:09:46,57.839,1869,
10:09:50,57.84,400,
10:09:50,57.84,100,
10:09:50,57.84,100,
10:09:50,57.84,100,
10:09:50,57.85,100,
10:09:50,57.85,100,
10:09:50,57.85,100,
10:09:50,57.85,100,
10:09:50,57.85,100,
10:09:56,57.85,600,
10:09:56,57.85,400,
10:10:04,57.86,100,
10:10:05,57.858,200,
10:10:06,57.86,583,
10:10:06,57.86,200,
10:10:07,57.86,100,
10:10:10,57.86,7600,
10:10:17,57.87,100,
10:10:17,57.87,100,
10:10:17,57.87,100,
10:10:17,57.87,100,
10:10:24,57.869,100,
10:10:25,57.86,100,
10:10:28,57.858,400,
10:10:29,57.85,100,
10:10:29,57.85,100,
10:10:29,57.84,200,
10:10:29,57.84,100,
10:10:29,57.84,318,
10:10:29,57.84,282,
10:10:29,57.84,100,
10:10:31,57.83,400,
10:10:31,57.83,100,
10:10:31,57.83,500,
10:10:31,57.83,600,
10:10:31,57.83,1200,
10:10:33,57.83,200,
10:10:36,57.82,100,
10:10:38,57.81,100,
10:10:38,57.81,1000,
10:10:38,57.81,100,
10:10:38,57.81,600,
10:10:38,57.81,100,
10:10:38,57.81,100,
10:10:38,57.81,300,
10:10:40,57.8046,100,
10:10:40,57.80,1000,
10:10:46,57.80,100,
10:10:46,57.80,100,
10:10:54,57.808,500,
10:11:04,57.79,600,
10:11:04,57.79,100,
10:11:04,57.79,100,
10:11:04,57.78,100,
10:11:04,57.78,100,
10:11:04,57.78,600,
10:11:04,57.78,200,
10:11:09,57.78,200,
10:11:09,57.78,400,
10:11:09,57.78,100,
10:11:09,57.78,100,
10:11:09,57.78,100,
10:11:09,57.77,100,
10:11:09,57.77,600,
10:11:15,57.77,100,
10:11:15,57.77,100,
10:11:19,57.77,200,
10:11:19,57.77,400,
10:11:19,57.77,200,
10:11:19,57.77,133,
10:11:19,57.77,400,
10:11:19,57.77,200,
10:11:19,57.77,200,
10:11:19,57.77,324,
10:11:27,57.77,100,
10:11:32,57.77,100,
10:11:32,57.76,100,
10:11:32,57.76,100,
10:11:32,57.76,100,
10:11:36,57.75,300,
10:11:36,57.76,100,
10:11:38,57.75,500,
10:11:38,57.75,400,
10:11:42,57.75,100,
10:11:44,57.76,400,
10:11:44,57.76,600,
10:11:47,57.768,500,
10:11:49,57.77,100,
10:11:49,57.77,100,
10:11:51,57.78,100,
10:11:51,57.78,100,
10:11:51,57.78,100,
10:11:54,57.79,200,
10:11:54,57.79,300,
10:11:57,57.78,300,
10:11:59,57.79,100,
10:11:59,57.79,100,
10:12:00,57.79,100,
10:12:01,57.80,100,
10:12:01,57.80,200,
10:12:01,57.80,400,
10:12:02,57.80,300,
10:12:02,57.80,600,
10:12:02,57.80,1100,
10:12:06,57.81,100,
10:12:06,57.81,100,
10:12:06,57.80,100,
10:12:07,57.80,200,
10:12:08,57.79,400,
10:12:08,57.79,100,
10:12:08,57.79,100,
10:12:09,57.79,100,
10:12:11,57.80,1500,
10:12:11,57.80,2600,
10:12:11,57.80,100,
10:12:11,57.80,400,
10:12:11,57.80,100,
10:12:11,57.80,100,
10:12:11,57.80,100,
10:12:11,57.80,400,
10:12:11,57.80,1000,
10:12:11,57.80,324,
10:12:11,57.79,2400,
10:12:14,57.80,100,
10:12:18,57.80,600,
10:12:20,57.79,100,
10:12:22,57.79,100,
10:12:22,57.79,100,
10:12:22,57.79,400,
10:12:23,57.80,100,
10:12:23,57.80,100,
10:12:23,57.80,100,
10:12:23,57.80,100,
10:12:23,57.80,100,
10:12:23,57.80,200,
10:12:23,57.80,200,
10:12:23,57.80,800,
10:12:23,57.80,100,
10:12:27,57.8083,1000,
10:12:28,57.80,400,
10:12:28,57.80,200,
10:12:28,57.80,147,
10:12:29,57.80,400,
10:12:32,57.80,200,
10:12:32,57.795,200,
10:12:32,57.80,400,
10:12:32,57.80,200,
10:12:32,57.80,600,
10:12:32,57.795,200,
10:12:32,57.80,300,
10:12:35,57.81,600,
10:12:35,57.81,100,
10:12:42,57.801,2000,
10:12:45,57.81,100,
10:12:45,57.81,200,
10:12:45,57.81,100,
10:12:45,57.81,100,
10:12:45,57.81,1000,
10:12:47,57.82,100,
10:12:47,57.82,100,
10:12:48,57.82,100,
10:12:49,57.82,600,
10:12:51,57.81,100,
10:12:52,57.81,100,
10:12:53,57.81,100,
10:12:55,57.82,100,
10:12:55,57.82,200,
10:12:56,57.82,100,
10:12:56,57.82,100,
10:12:56,57.83,200,
10:12:56,57.83,100,
10:12:56,57.83,100,
10:12:56,57.83,100,
10:12:56,57.83,600,
10:12:56,57.83,100,
10:12:58,57.84,100,
10:12:58,57.84,100,
10:12:58,57.86,100,
10:12:58,57.85,100,
10:12:58,57.85,117,
10:12:58,57.85,100,
10:12:58,57.85,100,
10:12:58,57.86,600,
10:13:04,57.85,100,
10:13:04,57.85,160,
10:13:05,57.84,1000,
10:13:09,57.86,100,
10:13:09,57.86,100,
10:13:09,57.86,400,
10:13:09,57.86,300,
10:13:10,57.86,100,
10:13:10,57.86,100,
10:13:11,57.86,200,
10:13:12,57.86,117,
10:13:12,57.86,600,
10:13:13,57.86,100,
10:13:13,57.86,400,
10:13:13,57.86,1000,
10:13:15,57.85,100,
10:13:15,57.85,100,
10:13:15,57.85,100,
10:13:17,57.8509,100,
10:13:21,57.86,100,
10:13:21,57.86,100,
10:13:21,57.8699,3400,
10:13:21,57.87,100,
10:13:21,57.87,100,
10:13:21,57.87,300,
10:13:21,57.87,300,
10:13:21,57.87,279,
10:13:21,57.86,100,
10:13:21,57.8599,1200,
10:13:24,57.85,100,
10:13:24,57.85,300,
10:13:24,57.84,100,
10:13:24,57.84,100,
10:13:24,57.84,500,
10:13:24,57.84,100,
10:13:24,57.84,600,
10:13:24,57.84,100,
10:13:25,57.84,116,
10:13:27,57.848,400,
10:13:30,57.83,100,
10:13:30,57.83,100,
10:13:30,57.83,500,
10:13:34,57.8199,1000,
10:13:34,57.82,600,
10:13:43,57.82,600,
10:13:48,57.83,100,
10:13:50,57.83,200,
10:13:56,57.82,100,
10:13:56,57.81,100,
10:13:56,57.81,100,
10:13:59,57.81,300,
10:13:59,57.81,200,
10:14:01,57.8199,300,
10:14:01,57.8006,300,
10:14:02,57.8195,700,
10:14:03,57.818,350,
10:14:07,57.81,200,
10:14:07,57.81,100,
10:14:07,57.81,100,
10:14:10,57.80,300,
10:14:12,57.80,300,
10:14:12,57.80,100,
10:14:12,57.80,100,
10:14:12,57.80,300,
10:14:12,57.79,100,
10:14:12,57.79,100,
10:14:14,57.78,100,
10:14:14,57.78,100,
10:14:14,57.78,100,
10:14:14,57.77,400,
10:14:14,57.77,183,
10:14:14,57.77,100,
10:14:14,57.77,100,
10:14:14,57.77,100,
10:14:14,57.77,400,
10:14:14,57.77,400,
10:14:14,57.77,100,
10:14:14,57.77,100,
10:14:14,57.77,300,
10:14:19,57.78,100,
10:14:20,57.78,200,
10:14:21,57.78,300,
10:14:26,57.77,500,
10:14:26,57.77,1200,
10:14:26,57.77,2600,
10:14:26,57.7799,100,
10:14:26,57.78,200,
10:14:26,57.78,100,
10:14:27,57.78,600,
10:14:27,57.78,200,
10:14:28,57.77,200,
10:14:28,57.77,100,
10:14:32,57.77,200,
10:14:32,57.77,200,
10:14:34,57.77,600,
10:14:37,57.76,1000,
10:14:37,57.76,100,
10:14:37,57.76,100,
10:14:37,57.76,100,
10:14:37,57.76,600,
10:14:37,57.76,100,
10:14:37,57.76,100,
10:14:37,57.76,815,
10:14:37,57.76,100,
10:14:37,57.76,100,
10:14:37,57.76,100,
10:14:37,57.76,1000,
10:14:37,57.76,400,
10:14:37,57.76,200,
10:14:37,57.76,100,
10:14:37,57.76,1500,
10:14:37,57.76,100,
10:14:40,57.77,200,
10:14:40,57.77,100,
10:14:44,57.77,200,
10:14:44,57.77,100,
10:14:44,57.77,100,
10:14:45,57.76,300,
10:14:45,57.76,100,
10:14:45,57.76,100,
10:14:45,57.76,200,
10:14:45,57.76,400,
10:14:45,57.76,1000,
10:14:54,57.75,400,
10:14:54,57.75,100,
10:14:54,57.75,100,
10:14:54,57.75,100,
10:14:54,57.75,200,
10:14:54,57.75,300,
10:14:55,57.74,300,
10:14:56,57.7471,300,
10:14:57,57.74,100,
10:14:57,57.74,100,
10:14:57,57.74,100,
10:14:57,57.74,100,
10:14:57,57.735,130,
10:14:59,57.75,200,
10:14:59,57.75,100,
10:14:59,57.7499,200,
10:15:02,57.74,100,
10:15:02,57.74,1000,
10:15:06,57.74,815,
10:15:06,57.74,200,
10:15:06,57.74,600,
10:15:06,57.74,200,
10:15:08,57.731,100,
10:15:11,57.73,100,
10:15:12,57.73,100,
10:15:16,57.74,300,
10:15:17,57.74,100,
10:15:20,57.7375,100,
10:15:20,57.73,1000,
10:15:22,57.73,100,
10:15:23,57.73,100,
10:15:24,57.73,100,
10:15:24,57.73,100,
10:15:24,57.73,100,
10:15:25,57.73,100,
10:15:26,57.73,100,
10:15:28,57.73,100,
10:15:29,57.73,100,
10:15:32,57.73,100,
10:15:38,57.7299,100,
10:15:40,57.73,100,
10:15:42,57.73,100,
10:15:42,57.73,500,
10:15:42,57.73,100,
10:15:42,57.73,5962,
10:15:42,57.73,600,
10:15:42,57.73,100,
10:15:42,57.73,500,
10:15:51,57.73,100,
10:15:51,57.73,400,
10:15:51,57.73,100,
10:15:55,57.72,100,
10:15:57,57.7246,100,
10:15:57,57.72,100,
10:15:57,57.72,100,
10:15:57,57.72,100,
10:15:59,57.71,100,
10:15:59,57.71,100,
10:15:59,57.71,600,
10:15:59,57.71,300,
10:16:02,57.715,100,
10:16:04,57.72,100,
10:16:07,57.7127,100,
10:16:13,57.71,5500,
10:16:14,57.7106,900,
10:16:19,57.7099,100,
10:16:20,57.70,400,
10:16:21,57.71,173,
10:16:21,57.71,200,
10:16:21,57.71,100,
10:16:21,57.71,200,
10:16:22,57.72,100,
10:16:22,57.711,100,
10:16:23,57.72,100,
10:16:23,57.72,100,
10:16:23,57.72,600,
10:16:25,57.724,300,
10:16:35,57.7213,1000,
10:16:35,57.73,100,
10:16:35,57.73,100,
10:16:35,57.73,600,
10:16:36,57.74,100,
10:16:36,57.74,100,
10:16:36,57.75,100,
10:16:36,57.75,100,
10:16:36,57.75,200,
10:16:37,57.76,100,
10:16:37,57.76,600,
10:16:37,57.76,244,
10:16:37,57.76,850,
10:16:37,57.76,1000,
10:16:37,57.76,194,
10:16:37,57.76,1000,
10:16:37,57.76,606,
10:16:37,57.76,200,
10:16:38,57.76,100,
10:16:39,57.76,1000,
10:16:39,57.76,500,
10:16:39,57.76,100,
10:16:39,57.76,112,
10:16:39,57.76,200,
10:16:39,57.76,100,
10:16:39,57.76,443,
10:16:39,57.76,300,
10:16:39,57.75,300,
10:16:39,57.76,200,
10:16:39,57.76,100,
10:16:40,57.76,100,
10:16:40,57.76,200,
10:16:40,57.76,600,
10:16:43,57.761,200,
10:16:45,57.76,100,
10:16:47,57.77,100,
10:16:47,57.77,100,
10:16:47,57.77,100,
10:16:47,57.765,200,
10:16:54,57.76,287,
10:16:54,57.76,100,
10:16:54,57.76,100,
10:16:55,57.76,800,
10:16:55,57.76,200,
10:17:00,57.75,100,
10:17:02,57.74,100,
10:17:02,57.74,100,
10:17:04,57.74,395,
10:17:04,57.74,200,
10:17:06,57.73,400,
10:17:06,57.738,350,
10:17:13,57.74,300,
10:17:15,57.74,100,
10:17:15,57.74,200,
10:17:19,57.75,100,
10:17:22,57.75,600,
10:17:26,57.75,300,
10:17:30,57.76,100,
10:17:30,57.77,100,
10:17:30,57.77,400,
10:17:30,57.77,100,
10:17:30,57.77,400,
10:17:30,57.77,600,
10:17:37,57.77,100,
10:17:37,57.77,300,
10:17:37,57.77,100,
10:17:37,57.77,100,
10:17:37,57.77,1200,
10:17:37,57.77,1700,
10:17:39,57.77,100,
10:17:39,57.77,300,
10:17:43,57.76,100,
10:17:43,57.75,100,
10:17:44,57.75,305,
10:17:45,57.75,100,
10:17:45,57.75,200,
10:17:45,57.75,200,
10:17:45,57.75,500,
10:17:45,57.75,200,
10:17:52,57.74,400,
10:17:52,57.74,100,
10:17:54,57.7307,100,
10:17:56,57.73,500,
10:17:56,57.73,400,
10:17:56,57.73,600,
10:17:56,57.73,100,
10:17:56,57.73,400,
10:17:56,57.71,400,
10:17:56,57.72,100,
10:17:56,57.72,100,
10:17:57,57.71,600,
10:17:57,57.71,100,
10:17:57,57.71,100,
10:17:57,57.71,600,
10:17:59,57.72,100,
10:17:59,57.72,100,
10:17:59,57.72,100,
10:17:59,57.72,200,
10:17:59,57.72,100,
10:18:00,57.72,300,
10:18:00,57.72,200,
10:18:00,57.72,300,
10:18:01,57.72,100,
10:18:02,57.72,400,
10:18:02,57.72,200,
10:18:02,57.72,1200,
10:18:02,57.72,100,
10:18:05,57.72,100,
10:18:05,57.72,100,
10:18:05,57.72,700,
10:18:07,57.72,300,
10:18:09,57.72,600,
10:18:11,57.73,100,
10:18:11,57.73,100,
10:18:11,57.73,100,
10:18:11,57.73,500,
10:18:11,57.73,500,
10:18:11,57.73,400,
10:18:11,57.73,300,
10:18:11,57.73,200,
10:18:11,57.73,600,
10:18:11,57.73,300,
10:18:11,57.73,167,
10:18:11,57.74,100,
10:18:11,57.73,100,
10:18:11,57.74,400,
10:18:11,57.74,100,
10:18:11,57.74,100,
10:18:18,57.74,400,
10:18:19,57.75,100,
10:18:19,57.75,100,
10:18:19,57.75,600,
10:18:19,57.75,687,
10:18:19,57.75,400,
10:18:19,57.75,300,
10:18:19,57.75,500,
10:18:19,57.75,400,
10:18:19,57.75,300,
10:18:27,57.74,100,
10:18:27,57.74,100,
10:18:28,57.74,100,
10:18:36,57.73,100,
10:18:37,57.72,100,
10:18:37,57.72,500,
10:18:37,57.72,100,
10:18:39,57.72,100,
10:18:39,57.72,132,
10:18:39,57.72,400,
10:18:39,57.72,600,
10:18:42,57.72,100,
10:18:47,57.71,100,
10:18:47,57.71,100,
10:18:48,57.70,100,
10:18:48,57.70,300,
10:18:48,57.70,100,
10:18:48,57.70,100,
10:18:48,57.70,600,
10:18:48,57.70,400,
10:18:48,57.70,1000,
10:18:48,57.70,100,
10:18:48,57.70,100,
10:18:48,57.69,100,
10:18:48,57.69,100,
10:18:48,57.68,500,
10:18:48,57.68,4000,
10:18:48,57.68,500,
10:18:48,57.68,600,
10:18:49,57.719,100,
10:18:53,57.68,100,
10:18:54,57.67,400,
10:18:54,57.67,500,
10:18:54,57.67,100,
10:18:54,57.67,100,
10:18:54,57.67,100,
10:18:54,57.67,100,
10:18:54,57.67,100,
10:18:54,57.67,300,
10:18:54,57.67,100,
10:18:54,57.67,100,
10:18:54,57.67,400,
10:18:54,57.67,100,
10:18:54,57.67,122,
10:18:54,57.67,200,
10:18:54,57.67,1000,
10:18:54,57.67,100,
10:18:54,57.67,100,
10:18:54,57.67,100,
10:18:54,57.67,200,
10:18:57,57.67,400,
10:18:57,57.66,400,
10:18:57,57.66,100,
10:18:57,57.66,100,
10:18:57,57.66,100,
10:18:57,57.66,100,
10:18:57,57.66,100,
10:18:57,57.66,400,
10:18:58,57.66,200,
10:18:58,57.66,100,
10:18:58,57.66,400,
10:18:58,57.66,100,
10:18:58,57.6539,100,
10:18:58,57.65,100,
10:19:00,57.66,100,
10:19:00,57.66,200,
10:19:01,57.66,200,
10:19:03,57.6601,500,
10:19:05,57.66,100,
10:19:05,57.66,300,
10:19:05,57.6601,625,
10:19:06,57.67,200,
10:19:06,57.67,100,
10:19:07,57.67,200,
10:19:09,57.67,500,
10:19:11,57.67,200,
10:19:11,57.67,100,
10:19:11,57.67,2100,
10:19:13,57.67,200,
10:19:16,57.68,200,
10:19:16,57.675,100,
10:19:19,57.66,100,
10:19:24,57.67,500,
10:19:24,57.67,400,
10:19:24,57.67,400,
10:19:24,57.67,300,
10:19:24,57.68,100,
10:19:24,57.67,500,
10:19:24,57.67,100,
10:19:24,57.67,100,
10:19:24,57.67,500,
10:19:29,57.67,600,
10:19:32,57.67,400,
10:19:35,57.66,1000,
10:19:35,57.66,100,
10:19:35,57.66,100,
10:19:35,57.66,400,
10:19:35,57.66,600,
10:19:39,57.66,300,
10:19:39,57.66,400,
10:19:39,57.66,100,
10:19:40,57.67,100,
10:19:40,57.67,100,
10:19:40,57.68,300,
10:19:43,57.68,200,
10:19:43,57.67,400,
10:19:49,57.67,100,
10:19:49,57.67,100,
10:19:49,57.67,448,
10:19:49,57.67,600,
10:19:50,57.67,100,
10:19:50,57.67,375,
10:19:50,57.68,100,
10:19:50,57.68,100,
10:19:50,57.68,500,
10:19:50,57.68,400,
10:19:50,57.68,100,
10:19:50,57.68,300,
10:19:50,57.68,1000,
10:19:50,57.68,815,
10:19:50,57.68,100,
10:19:50,57.68,400,
10:19:50,57.68,1000,
10:19:50,57.68,100,
10:19:52,57.69,100,
10:19:52,57.69,100,
10:19:52,57.6797,200,
10:19:58,57.68,100,
10:19:58,57.68,100,
10:20:00,57.68,100,
10:20:05,57.68,600,
10:20:10,57.67,100,
10:20:10,57.67,600,
10:20:10,57.67,500,
10:20:10,57.67,100,
10:20:10,57.67,500,
10:20:10,57.67,100,
10:20:10,57.67,300,
10:20:10,57.67,383,
10:20:10,57.67,400,
10:20:14,57.67,1000,
10:20:17,57.67,500,
10:20:25,57.68,100,
10:20:25,57.68,100,
10:20:25,57.68,400,
10:20:25,57.68,100,
10:20:30,57.68,100,
10:20:32,57.67,850,
10:20:32,57.67,100,
10:20:33,57.67,200,
10:20:34,57.68,100,
10:20:34,57.68,600,
10:20:38,57.68,100,
10:20:38,57.68,100,
10:20:38,57.68,100,
10:20:44,57.67,100,
10:20:49,57.66,100,
10:20:59,57.669,1000,
10:21:02,57.67,100,
10:21:02,57.67,100,
10:21:04,57.68,100,
10:21:04,57.69,200,
10:21:05,57.69,100,
10:21:05,57.69,100,
10:21:05,57.70,100,
10:21:05,57.70,100,
10:21:05,57.70,600,
10:21:05,57.70,400,
10:21:05,57.70,100,
10:21:05,57.70,660,
10:21:05,57.70,100,
10:21:05,57.70,500,
10:21:05,57.70,400,
10:21:18,57.72,100,
10:21:18,57.71,500,
10:21:18,57.71,100,
10:21:18,57.71,200,
10:21:18,57.71,100,
10:21:18,57.71,100,
10:21:18,57.71,600,
10:21:18,57.71,700,
10:21:18,57.71,850,
10:21:18,57.71,200,
10:21:18,57.71,1250,
10:21:18,57.71,100,
10:21:18,57.71,300,
10:21:20,57.71,200,
10:21:25,57.70,2000,
10:21:25,57.70,100,
10:21:25,57.70,100,
10:21:25,57.70,200,
10:21:25,57.70,1200,
10:21:25,57.70,2600,
10:21:25,57.70,600,
10:21:25,57.70,1000,
10:21:26,57.69,500,
10:21:29,57.709,4325,
10:21:31,57.71,142,
10:21:31,57.71,141,
10:21:31,57.71,142,
10:21:33,57.70,100,
10:21:33,57.71,500,
10:21:33,57.71,100,
10:21:33,57.71,500,
10:21:33,57.71,2600,
10:21:33,57.71,4700,
10:21:44,57.69,100,
10:21:44,57.69,100,
10:21:47,57.68,100,
10:21:48,57.67,100,
10:21:48,57.674,3000,
10:21:49,57.67,100,
10:21:49,57.67,100,
10:21:49,57.67,100,
10:21:49,57.67,100,
10:21:51,57.66,300,
10:21:53,57.67,12898,
10:21:53,57.66,100,
10:21:53,57.66,100,
10:21:53,57.66,7100,
10:21:53,57.66,1200,
10:21:53,57.66,100,
10:21:54,57.67,200,
10:21:54,57.67,142,
10:21:54,57.67,100,
10:21:54,57.66,300,
10:21:57,57.67,100,
10:21:57,57.67,484,
10:21:57,57.67,100,
10:22:07,57.6712,218,
10:22:10,57.67,200,
10:22:10,57.67,600,
10:22:10,57.67,2900,
10:22:10,57.67,1000,
10:22:10,57.67,200,
10:22:11,57.66,100,
10:22:13,57.6695,1700,
10:22:16,57.66,600,
10:22:16,57.66,200,
10:22:16,57.66,1000,
10:22:16,57.66,400,
10:22:16,57.66,2600,
10:22:16,57.66,400,
10:22:17,57.659,100,
10:22:17,57.65,100,
10:22:18,57.66,600,
10:22:18,57.66,600,
10:22:18,57.66,600,
10:22:18,57.66,1000,
10:22:19,57.65,100,
10:22:20,57.65,100,
10:22:20,57.65,500,
10:22:20,57.65,100,
10:22:20,57.65,100,
10:22:20,57.65,400,
10:22:20,57.65,350,
10:22:20,57.65,100,
10:22:20,57.65,100,
10:22:20,57.65,668,
10:22:21,57.64,100,
10:22:21,57.64,200,
10:22:22,57.64,400,
10:22:22,57.64,400,
10:22:22,57.64,100,
10:22:22,57.64,100,
10:22:22,57.64,100,
10:22:22,57.64,100,
10:22:22,57.64,100,
10:22:22,57.64,600,
10:22:22,57.64,100,
10:22:22,57.64,400,
10:22:22,57.64,1000,
10:22:24,57.64,100,
10:22:24,57.64,600,
10:22:24,57.64,100,
10:22:24,57.64,100,
10:22:24,57.64,2400,
10:22:24,57.64,100,
10:22:24,57.64,600,
10:22:24,57.64,1200,
10:22:24,57.64,100,
10:22:24,57.64,1300,
10:22:24,57.64,200,
10:22:25,57.64,1800,
10:22:25,57.64,100,
10:22:25,57.64,815,
10:22:25,57.64,600,
10:22:25,57.64,141,
10:22:25,57.64,300,
10:22:25,57.64,400,
10:22:25,57.64,600,
10:22:25,57.64,315,
10:22:31,57.65,1900,
10:22:31,57.65,400,
10:22:31,57.65,100,
10:22:31,57.65,600,
10:22:32,57.645,200,
10:22:33,57.655,200,
10:22:37,57.65,300,
10:22:39,57.64,100,
10:22:39,57.64,600,
10:22:47,57.63,100,
10:22:51,57.63,100,
10:22:51,57.63,200,
10:22:51,57.63,100,
10:22:51,57.63,100,
10:22:51,57.63,100,
10:22:51,57.63,100,
10:22:51,57.63,100,
10:22:51,57.63,100,
10:22:52,57.62,100,
10:22:52,57.62,100,
10:22:52,57.62,100,
10:22:54,57.62,200,
10:22:54,57.61,100,
10:22:54,57.61,200,
10:22:54,57.61,100,
10:22:57,57.61,100,
10:22:58,57.61,200,
10:22:58,57.61,200,
10:22:59,57.62,200,
10:22:59,57.62,200,
10:22:59,57.62,100,
10:22:59,57.615,100,
10:23:02,57.61,100,
10:23:02,57.61,100,
10:23:06,57.61,100,
10:23:06,57.61,100,
10:23:09,57.61,100,
10:23:09,57.61,100,
10:23:09,57.61,100,
10:23:11,57.615,100,
10:23:11,57.62,100,
10:23:11,57.62,500,
10:23:11,57.62,100,
10:23:12,57.62,100,
10:23:12,57.62,200,
10:23:14,57.62,300,
10:23:14,57.62,400,
10:23:14,57.62,100,
10:23:14,57.62,600,
10:23:14,57.62,500,
10:23:14,57.62,300,
10:23:15,57.61,100,
10:23:15,57.61,300,
10:23:15,57.61,100,
10:23:15,57.61,222,
10:23:15,57.61,100,
10:23:15,57.61,100,
10:23:16,57.61,400,
10:23:19,57.61,400,
10:23:21,57.6075,100,
10:23:21,57.6075,100,
10:23:21,57.61,600,
10:23:22,57.61,778,
10:23:22,57.61,400,
10:23:23,57.61,600,
10:23:26,57.62,100,
10:23:26,57.62,515,
10:23:28,57.62,200,
10:23:28,57.62,200,
10:23:31,57.62,200,
10:23:31,57.62,100,
10:23:33,57.62,200,
10:23:34,57.63,100,
10:23:34,57.63,100,
10:23:34,57.6275,100,
10:23:34,57.63,100,
10:23:34,57.63,600,
10:23:34,57.63,300,
10:23:35,57.6397,100,
10:23:36,57.64,150,
10:23:39,57.64,100,
10:23:44,57.63,100,
10:23:44,57.63,200,
10:23:46,57.63,100,
10:23:48,57.63,100,
10:23:48,57.625,100,
10:23:48,57.64,100,
10:23:50,57.63,100,
10:23:54,57.62,100,
10:23:54,57.62,100,
10:23:54,57.62,300,
10:23:56,57.62,100,
10:23:56,57.615,100,
10:23:56,57.62,100,
10:23:57,57.62,100,
10:23:57,57.62,100,
10:23:57,57.62,600,
10:24:00,57.622,100,
10:24:01,57.62,100,
10:24:01,57.62,100,
10:24:05,57.60,200,
10:24:05,57.61,100,
10:24:05,57.61,100,
10:24:05,57.61,100,
10:24:05,57.61,100,
10:24:05,57.61,100,
10:24:05,57.60,100,
10:24:05,57.60,100,
10:24:05,57.60,100,
10:24:05,57.60,100,
10:24:05,57.60,100,
10:24:05,57.60,600,
10:24:05,57.60,100,
10:24:05,57.60,300,
10:24:05,57.60,600,
10:24:05,57.60,100,
10:24:05,57.60,4300,
10:24:05,57.60,100,
10:24:05,57.60,1400,
10:24:05,57.60,200,
10:24:05,57.60,200,
10:24:05,57.60,100,
10:24:05,57.59,200,
10:24:06,57.60,3000,
10:24:07,57.5995,500,
10:24:07,57.59,100,
10:24:07,57.59,100,
10:24:09,57.599,2000,
10:24:11,57.59,200,
10:24:11,57.59,100,
10:24:11,57.59,100,
10:24:11,57.59,500,
10:24:11,57.59,200,
10:24:11,57.59,500,
10:24:11,57.59,327,
10:24:11,57.59,1200,
10:24:11,57.59,200,
10:24:11,57.5875,100,
10:24:13,57.60,100,
10:24:13,57.595,300,
10:24:13,57.60,100,
10:24:13,57.60,100,
10:24:13,57.60,500,
10:24:13,57.61,300,
10:24:13,57.61,100,
10:24:13,57.61,600,
10:24:13,57.61,100,
10:24:13,57.61,200,
10:24:15,57.61,300,
10:24:17,57.61,400,
10:24:17,57.61,100,
10:24:17,57.61,100,
10:24:18,57.60,100,
10:24:20,57.61,300,
10:24:20,57.605,100,
10:24:23,57.60,400,
10:24:25,57.61,2000,
10:24:25,57.605,100,
10:24:25,57.62,100,
10:24:25,57.62,100,
10:24:25,57.62,400,
10:24:25,57.62,600,
10:24:28,57.63,200,
10:24:28,57.625,100,
10:24:28,57.63,100,
10:24:28,57.63,100,
10:24:28,57.63,500,
10:24:32,57.62,100,
10:24:32,57.62,100,
10:24:32,57.62,100,
10:24:34,57.62,200,
10:24:35,57.62,100,
10:24:35,57.62,100,
10:24:35,57.62,1000,
10:24:35,57.62,600,
10:24:35,57.62,100,
10:24:35,57.62,1400,
10:24:35,57.62,100,
10:24:35,57.62,600,
10:24:35,57.62,100,
10:24:36,57.62,900,
10:24:36,57.62,600,
10:24:37,57.62,100,
10:24:37,57.62,100,
10:24:37,57.62,100,
10:24:37,57.62,600,
10:24:40,57.61,100,
10:24:40,57.61,100,
10:24:42,57.61,100,
10:24:43,57.61,100,
10:24:43,57.615,100,
10:24:43,57.62,100,
10:24:45,57.61,100,
10:24:46,57.61,100,
10:24:47,57.61,100,
10:24:48,57.61,100,
10:24:50,57.61,100,
10:24:52,57.62,500,
10:24:52,57.62,200,
10:24:52,57.62,100,
10:24:52,57.62,265,
10:24:52,57.62,600,
10:24:52,57.62,400,
10:24:52,57.62,100,
10:24:52,57.62,100,
10:24:52,57.62,300,
10:24:53,57.62,100,
10:24:54,57.63,197,
10:24:54,57.63,100,
10:24:55,57.63,100,
10:24:55,57.63,400,
10:24:55,57.64,100,
10:25:01,57.64,100,
10:25:05,57.64,200,
10:25:05,57.64,100,
10:25:10,57.63,200,
10:25:11,57.63,100,
10:25:11,57.63,100,
10:25:12,57.63,100,
10:25:12,57.63,300,
10:25:12,57.63,600,
10:25:12,57.63,100,
10:25:12,57.63,200,
10:25:12,57.63,100,
10:25:21,57.6299,2000,
10:25:25,57.62,100,
10:25:25,57.62,100,
10:25:25,57.61,100,
10:25:25,57.61,600,
10:25:25,57.61,100,
10:25:25,57.61,100,
10:25:25,57.61,200,
10:25:25,57.60,400,
10:25:26,57.60,100,
10:25:26,57.60,200,
10:25:31,57.59,100,
10:25:33,57.59,100,
10:25:35,57.60,200,
10:25:35,57.59,400,
10:25:38,57.60,100,
10:25:38,57.60,600,
10:25:39,57.60,200,
10:25:39,57.60,100,
10:25:39,57.60,100,
10:25:41,57.61,100,
10:25:41,57.61,100,
10:25:41,57.61,200,
10:25:41,57.62,200,
10:25:41,57.62,100,
10:25:41,57.62,100,
10:25:41,57.62,100,
10:25:41,57.62,100,
10:25:41,57.62,400,
10:25:41,57.62,100,
10:25:44,57.62,600,
10:25:44,57.62,100,
10:25:44,57.62,100,
10:25:44,57.62,100,
10:25:44,57.63,100,
10:25:44,57.63,200,
10:25:44,57.63,100,
10:25:44,57.63,100,
10:25:44,57.63,100,
10:25:44,57.63,100,
10:25:44,57.63,100,
10:25:44,57.63,100,
10:25:46,57.62,100,
10:25:48,57.62,100,
10:25:52,57.62,100,
10:25:59,57.61,100,
10:26:00,57.60,3000,
10:26:10,57.61,400,
10:26:10,57.61,100,
10:26:10,57.61,400,
10:26:10,57.61,200,
10:26:10,57.61,100,
10:26:10,57.61,850,
10:26:10,57.61,600,
10:26:14,57.61,500,
10:26:14,57.61,300,
10:26:14,57.61,100,
10:26:14,57.61,400,
10:26:15,57.62,100,
10:26:16,57.62,200,
10:26:18,57.62,300,
10:26:18,57.62,300,
10:26:18,57.62,100,
10:26:20,57.62,100,
10:26:20,57.62,100,
10:26:22,57.628,400,
10:26:25,57.63,100,
10:26:25,57.63,100,
10:26:25,57.63,100,
10:26:25,57.63,400,
10:26:28,57.62,100,
10:26:30,57.61,200,
10:26:40,57.62,200,
10:26:40,57.62,100,
10:26:41,57.62,100,
10:26:42,57.63,100,
10:26:42,57.63,100,
10:26:42,57.63,100,
10:26:51,57.64,100,
10:26:51,57.64,100,
10:26:51,57.64,600,
10:26:54,57.63,400,
10:26:56,57.63,100,
10:26:56,57.63,100,
10:27:01,57.63,400,
10:27:01,57.63,400,
10:27:01,57.63,400,
10:27:03,57.64,100,
10:27:07,57.64,100,
10:27:07,57.65,100,
10:27:07,57.65,100,
10:27:08,57.65,400,
10:27:11,57.66,100,
10:27:11,57.66,100,
10:27:11,57.66,400,
10:27:11,57.66,100,
10:27:13,57.6587,1200,
10:27:21,57.65,100,
10:27:23,57.66,1200,
10:27:28,57.665,200,
10:27:33,57.66,100,
10:27:33,57.66,100,
10:27:33,57.66,146,
10:27:33,57.66,200,
10:27:35,57.65,200,
10:27:35,57.65,100,
10:27:35,57.65,100,
10:27:35,57.65,200,
10:27:38,57.65,200,
10:27:43,57.64,100,
10:27:43,57.64,100,
10:27:43,57.64,100,
10:27:43,57.64,100,
10:27:44,57.64,265,
10:27:44,57.64,400,
10:27:54,57.63,200,
10:27:54,57.63,100,
10:28:00,57.63,100,
10:28:10,57.63,324,
10:28:10,57.63,400,
10:28:10,57.63,600,
10:28:10,57.63,600,
10:28:19,57.64,300,
10:28:23,57.6397,200,
10:28:24,57.64,100,
10:28:24,57.65,200,
10:28:30,57.65,400,
10:28:30,57.65,100,
10:28:32,57.66,100,
10:28:32,57.66,100,
10:28:32,57.66,100,
10:28:33,57.66,100,
10:28:35,57.6599,800,
10:28:35,57.6599,800,
10:28:37,57.6595,1700,
10:28:43,57.658,400,
10:28:44,57.65,100,
10:28:44,57.65,100,
10:28:44,57.65,2024,
10:28:44,57.65,100,
10:28:46,57.65,100,
10:28:46,57.65,500,
10:28:46,57.65,600,
10:28:46,57.65,100,
10:28:46,57.65,600,
10:28:46,57.65,542,
10:28:47,57.65,400,
10:28:53,57.65,400,
10:28:53,57.66,100,
10:28:53,57.66,100,
10:28:53,57.66,500,
10:28:54,57.66,400,
10:28:55,57.66,1600,
10:29:03,57.66,600,
10:29:04,57.659,100,
10:29:04,57.659,500,
10:29:04,57.67,800,
10:29:04,57.659,600,
10:29:08,57.66,400,
10:29:11,57.66,400,
10:29:11,57.66,170,
10:29:11,57.65,200,
10:29:11,57.65,400,
10:29:11,57.65,4300,
10:29:11,57.65,200,
10:29:11,57.65,300,
10:29:11,57.65,100,
10:29:11,57.65,100,
10:29:11,57.65,400,
10:29:14,57.65,560,
10:29:21,57.6499,200,
10:29:23,57.65,100,
10:29:24,57.65,100,
10:29:24,57.65,600,
10:29:24,57.65,500,
10:29:24,57.65,100,
10:29:24,57.65,400,
10:29:26,57.65,100,
10:29:26,57.65,264,
10:29:26,57.65,364,
10:29:26,57.65,1700,
10:29:26,57.65,400,
10:29:26,57.65,200,
10:29:26,57.65,500,
10:29:26,57.65,464,
10:29:27,57.64,1000,
10:29:27,57.64,4300,
10:29:27,57.64,100,
10:29:27,57.64,400,
10:29:27,57.64,100,
10:29:27,57.64,600,
10:29:27,57.64,100,
10:29:30,57.63,100,
10:29:30,57.63,100,
10:29:30,57.63,400,
10:29:32,57.63,100,
10:29:32,57.63,100,
10:29:33,57.63,100,
10:29:33,57.63,200,
10:29:40,57.62,600,
10:29:40,57.62,100,
10:29:40,57.62,100,
10:29:40,57.62,1000,
10:29:40,57.62,100,
10:29:40,57.62,600,
10:29:40,57.62,100,
10:29:40,57.62,100,
10:29:40,57.62,100,
10:29:42,57.62,200,
10:29:45,57.62,300,
10:29:48,57.61,100,
10:29:48,57.61,100,
10:29:48,57.61,100,
10:29:48,57.61,100,
10:29:48,57.61,100,
10:29:48,57.61,100,
10:29:48,57.61,487,
10:29:48,57.61,400,
10:29:48,57.61,500,
10:29:48,57.61,300,
10:29:48,57.61,300,
10:29:48,57.61,300,
10:29:50,57.61,400,
10:29:55,57.611,200,
10:29:58,57.62,100,
10:29:58,57.62,400,
10:29:58,57.62,100,
10:29:58,57.618,500,
10:30:01,57.61,100,
10:30:01,57.60,200,
10:30:01,57.61,100,
10:30:01,57.60,800,
10:30:01,57.61,400,
10:30:01,57.61,100,
10:30:01,57.60,200,
10:30:01,57.60,100,
10:30:01,57.60,400,
10:30:01,57.60,100,
10:30:01,57.60,100,
10:30:01,57.60,3300,
10:30:01,57.60,1000,
10:30:01,57.60,100,
10:30:01,57.60,100,
10:30:01,57.60,100,
10:30:01,57.60,100,
10:30:01,57.60,100,
10:30:01,57.60,400,
10:30:01,57.60,100,
10:30:01,57.60,2000,
10:30:01,57.60,400,
10:30:01,57.60,400,
10:30:01,57.60,100,
10:30:01,57.60,200,
10:30:03,57.59,100,
10:30:03,57.59,100,
10:30:09,57.59,129,
10:30:10,57.58,400,
10:30:10,57.58,100,
10:30:10,57.58,100,
10:30:10,57.58,100,
10:30:10,57.58,100,
10:30:10,57.58,600,
10:30:10,57.58,300,
10:30:12,57.5707,100,
10:30:13,57.57,100,
10:30:13,57.57,100,
10:30:13,57.57,100,
10:30:13,57.57,100,
10:30:13,57.56,100,
10:30:13,57.56,200,
10:30:13,57.56,100,
10:30:13,57.5601,500,
10:30:15,57.5602,400,
10:30:16,57.56,100,
10:30:17,57.56,100,
10:30:17,57.56,100,
10:30:17,57.56,100,
10:30:17,57.56,100,
10:30:17,57.56,100,
10:30:17,57.56,100,
10:30:17,57.56,250,
10:30:17,57.55,100,
10:30:17,57.55,100,
10:30:17,57.55,100,
10:30:18,57.55,100,
10:30:21,57.56,100,
10:30:21,57.56,100,
10:30:21,57.56,100,
10:30:21,57.56,100,
10:30:25,57.56,600,
10:30:25,57.56,1300,
10:30:25,57.56,200,
10:30:25,57.56,800,
10:30:25,57.55,100,
10:30:25,57.55,100,
10:30:25,57.55,400,
10:30:26,57.5501,1000,
10:30:26,57.56,100,
10:30:27,57.55,200,
10:30:30,57.55,2000,
10:30:30,57.55,200,
10:30:30,57.55,2000,
10:30:30,57.55,1100,
10:30:30,57.55,100,
10:30:33,57.55,100,
10:30:33,57.55,100,
10:30:33,57.55,100,
10:30:33,57.55,100,
10:30:33,57.55,700,
10:30:33,57.54,200,
10:30:33,57.54,200,
10:30:33,57.54,100,
10:30:33,57.55,100,
10:30:33,57.55,100,
10:30:33,57.55,358,
10:30:33,57.55,400,
10:30:33,57.55,400,
10:30:33,57.55,200,
10:30:33,57.55,100,
10:30:38,57.56,100,
10:30:38,57.56,100,
10:30:40,57.56,661,
10:30:40,57.56,1339,
10:30:40,57.57,100,
10:30:40,57.57,400,
10:30:42,57.57,100,
10:30:45,57.57,100,
10:30:45,57.57,400,
10:30:45,57.57,100,
10:30:45,57.57,200,
10:30:50,57.56,100,
10:30:52,57.56,100,
10:30:52,57.56,100,
10:30:52,57.56,100,
10:30:52,57.56,100,
10:30:52,57.55,300,
10:30:52,57.55,100,
10:30:52,57.55,800,
10:30:52,57.55,100,
10:30:52,57.555,100,
10:30:55,57.55,100,
10:30:56,57.558,300,
10:30:57,57.55,100,
10:30:57,57.55,100,
10:30:57,57.55,100,
10:30:57,57.55,100,
10:30:57,57.55,100,
10:30:57,57.55,100,
10:30:57,57.55,200,
10:30:57,57.55,300,
10:30:59,57.55,400,
10:30:59,57.55,100,
10:30:59,57.55,400,
10:31:03,57.55,800,
10:31:03,57.55,100,
10:31:03,57.55,600,
10:31:03,57.55,200,
10:31:03,57.56,400,
10:31:03,57.55,200,
10:31:03,57.55,300,
10:31:03,57.55,200,
10:31:03,57.56,600,
10:31:03,57.56,600,
10:31:03,57.56,100,
10:31:04,57.5545,200,
10:31:04,57.5536,200,
10:31:04,57.5535,300,
10:31:07,57.5599,200,
10:31:08,57.5531,100,
10:31:08,57.56,100,
10:31:12,57.56,100,
10:31:12,57.56,100,
10:31:12,57.56,100,
10:31:12,57.56,1200,
10:31:12,57.56,100,
10:31:18,57.57,100,
10:31:18,57.57,100,
10:31:18,57.58,600,
10:31:18,57.58,600,
10:31:23,57.57,100,
10:31:23,57.57,100,
10:31:27,57.58,100,
10:31:27,57.58,500,
10:31:27,57.58,100,
10:31:28,57.59,100,
10:31:30,57.58,400,
10:31:30,57.58,195,
10:31:30,57.58,100,
10:31:30,57.58,217,
10:31:30,57.58,400,
10:31:31,57.58,100,
10:31:31,57.58,100,
10:31:31,57.58,200,
10:31:36,57.58,400,
10:31:37,57.58,100,
10:31:37,57.58,200,
10:31:37,57.58,1000,
10:31:37,57.58,200,
10:31:37,57.58,970,
10:31:37,57.59,100,
10:31:38,57.589,2000,
10:31:40,57.58,400,
10:31:47,57.58,200,
10:31:47,57.58,293,
10:31:47,57.58,100,
10:31:48,57.57,200,
10:31:49,57.57,100,
10:31:53,57.57,600,
10:31:53,57.57,800,
10:31:53,57.57,100,
10:31:53,57.57,1000,
10:31:53,57.58,200,
10:31:53,57.58,300,
10:31:53,57.57,200,
10:31:55,57.5784,124,
10:31:56,57.58,100,
10:31:56,57.58,100,
10:31:59,57.588,500,
10:31:59,57.58,200,
10:32:04,57.59,100,
10:32:04,57.59,300,
10:32:07,57.59,100,
10:32:08,57.59,100,
10:32:08,57.59,100,
10:32:09,57.60,1900,
10:32:19,57.59,400,
10:32:19,57.59,2000,
10:32:19,57.58,100,
10:32:34,57.59,100,
10:32:37,57.58,100,
10:32:38,57.58,100,
10:32:38,57.58,100,
10:32:50,57.59,100,
10:32:50,57.59,1000,
10:32:50,57.59,100,
10:32:50,57.59,300,
10:32:50,57.59,100,
10:32:51,57.60,100,
10:32:54,57.60,100,
10:32:54,57.60,100,
10:32:54,57.60,100,
10:32:54,57.61,400,
10:32:54,57.61,600,
10:32:54,57.61,400,
10:32:54,57.61,100,
10:32:54,57.61,100,
10:32:54,57.61,100,
10:32:54,57.61,600,
10:32:54,57.61,100,
10:32:54,57.61,200,
10:32:54,57.61,100,
10:32:56,57.62,100,
10:32:58,57.61,100,
10:32:58,57.61,600,
10:32:59,57.61,100,
10:33:01,57.61,300,
10:33:01,57.61,300,
10:33:01,57.61,500,
10:33:01,57.62,815,
10:33:01,57.62,400,
10:33:01,57.62,400,
10:33:01,57.62,200,
10:33:01,57.62,600,
10:33:01,57.62,100,
10:33:01,57.62,100,
10:33:01,57.62,300,
10:33:01,57.62,100,
10:33:01,57.62,100,
10:33:01,57.62,100,
10:33:01,57.62,600,
10:33:01,57.62,1200,
10:33:08,57.63,100,
10:33:08,57.63,100,
10:33:08,57.63,100,
10:33:08,57.63,100,
10:33:08,57.63,700,
10:33:08,57.63,100,
10:33:10,57.63,100,
10:33:12,57.63,600,
10:33:12,57.63,216,
10:33:12,57.63,200,
10:33:12,57.63,100,
10:33:12,57.63,100,
10:33:20,57.63,500,
10:33:20,57.63,200,
10:33:20,57.63,400,
10:33:20,57.63,500,
10:33:20,57.63,100,
10:33:21,57.63,300,
10:33:27,57.64,100,
10:33:27,57.64,100,
10:33:27,57.64,100,
10:33:27,57.64,100,
10:33:27,57.64,100,
10:33:28,57.64,400,
10:33:34,57.6357,100,
10:33:38,57.63,400,
10:33:38,57.63,100,
10:33:38,57.638,200,
10:33:43,57.64,600,
10:33:43,57.64,100,
10:33:43,57.64,100,
10:33:43,57.64,100,
10:33:43,57.64,100,
10:33:44,57.64,400,
10:33:45,57.63,100,
10:33:45,57.62,100,
10:33:46,57.62,100,
10:33:46,57.62,100,
10:33:46,57.62,100,
10:33:46,57.62,1000,
10:33:46,57.62,100,
10:33:46,57.62,600,
10:33:46,57.62,100,
10:33:46,57.61,8000,
10:33:46,57.61,400,
10:33:46,57.61,2000,
10:33:46,57.61,2000,
10:33:46,57.61,2000,
10:33:46,57.61,100,
10:33:46,57.61,600,
10:33:46,57.61,100,
10:33:46,57.61,100,
10:33:47,57.60,8000,
10:33:47,57.60,2000,
10:33:47,57.621,8100,
10:33:47,57.6115,400,
10:33:47,57.611,8100,
10:33:47,57.60,100,
10:33:47,57.60,200,
10:33:47,57.60,600,
10:33:47,57.61,3000,
10:33:47,57.60,2300,
10:33:47,57.60,300,
10:33:47,57.60,400,
10:33:47,57.60,815,
10:33:47,57.60,400,
10:33:47,57.60,600,
10:33:47,57.60,264,
10:33:47,57.60,236,
10:33:47,57.60,300,
10:33:47,57.60,400,
10:33:47,57.60,500,
10:33:47,57.60,252,
10:33:47,57.60,800,
10:33:47,57.60,736,
10:33:47,57.59,200,
10:33:47,57.59,400,
10:33:47,57.59,8200,
10:33:47,57.59,100,
10:33:47,57.59,2200,
10:33:47,57.59,800,
10:33:47,57.59,400,
10:33:47,57.59,400,
10:33:47,57.59,100,
10:33:47,57.59,1300,
10:33:47,57.59,500,
10:33:47,57.59,400,
10:33:47,57.59,1000,
10:33:47,57.59,100,
10:33:47,57.59,1000,
10:33:47,57.59,400,
10:33:47,57.59,100,
10:33:48,57.58,100,
10:33:48,57.58,800,
10:33:48,57.58,1000,
10:33:48,57.58,1300,
10:33:48,57.58,100,
10:33:48,57.58,100,
10:33:48,57.58,300,
10:33:48,57.58,100,
10:33:48,57.58,800,
10:33:48,57.58,341,
10:33:48,57.58,600,
10:33:48,57.58,400,
10:33:48,57.58,5000,
10:33:48,57.58,800,
10:33:48,57.58,510,
10:33:48,57.58,800,
10:33:48,57.58,600,
10:33:48,57.58,1200,
10:33:48,57.58,100,
10:33:49,57.57,1000,
10:33:49,57.57,3900,
10:33:49,57.57,16600,
10:33:49,57.57,2000,
10:33:49,57.57,2300,
10:33:49,57.57,400,
10:33:49,57.57,100,
10:33:49,57.57,100,
10:33:49,57.57,3185,
10:33:49,57.57,100,
10:33:49,57.57,6200,
10:33:49,57.57,1000,
10:33:49,57.57,2000,
10:33:49,57.57,800,
10:33:49,57.57,100,
10:33:49,57.57,2000,
10:33:49,57.57,252,
10:33:49,57.57,600,
10:33:49,57.57,100,
10:33:49,57.57,100,
10:33:49,57.56,213,
10:33:50,57.5601,229,
10:33:50,57.56,3900,
10:33:50,57.56,100,
10:33:50,57.56,100,
10:33:50,57.56,1400,
10:33:50,57.56,100,
10:33:50,57.56,2000,
10:33:50,57.56,100,
10:33:50,57.56,6200,
10:33:50,57.56,800,
10:33:50,57.56,100,
10:33:50,57.56,1000,
10:33:50,57.56,200,
10:33:50,57.56,600,
10:33:50,57.56,100,
10:33:51,57.56,500,
10:33:51,57.56,800,
10:33:52,57.55,100,
10:33:52,57.55,4000,
10:33:52,57.54,850,
10:33:52,57.55,485,
10:33:52,57.55,1400,
10:33:52,57.55,3300,
10:33:52,57.55,815,
10:33:52,57.55,100,
10:33:52,57.55,100,
10:33:53,57.54,100,
10:33:54,57.54,500,
10:33:54,57.54,4000,
10:33:54,57.54,100,
10:33:54,57.54,400,
10:33:54,57.54,1700,
10:33:54,57.54,600,
10:33:54,57.54,100,
10:33:54,57.54,1000,
10:33:54,57.54,1000,
10:33:54,57.54,4300,
10:33:54,57.54,100,
10:33:54,57.54,100,
10:33:54,57.54,1900,
10:33:54,57.53,600,
10:33:54,57.53,200,
10:33:54,57.53,200,
10:33:54,57.53,400,
10:33:55,57.54,600,
10:33:55,57.535,200,
10:33:55,57.54,100,
10:33:55,57.54,600,
10:33:55,57.54,100,
10:33:56,57.54,100,
10:33:56,57.54,100,
10:33:56,57.53,500,
10:33:56,57.54,100,
10:33:56,57.54,400,
10:33:56,57.53,100,
10:33:56,57.53,2900,
10:33:56,57.53,200,
10:33:56,57.53,200,
10:33:56,57.53,100,
10:33:56,57.53,100,
10:33:56,57.53,100,
10:33:56,57.53,2440,
10:33:56,57.53,200,
10:33:56,57.52,800,
10:33:57,57.53,200,
10:33:57,57.53,100,
10:33:57,57.53,100,
10:33:57,57.54,300,
10:33:57,57.5399,700,
10:33:57,57.5399,300,
10:33:57,57.5399,700,
10:33:57,57.54,700,
10:33:58,57.53,200,
10:33:59,57.53,200,
10:33:59,57.53,300,
10:33:59,57.53,800,
10:33:59,57.54,5000,
10:34:03,57.531,1000,
10:34:05,57.52,195,
10:34:05,57.52,100,
10:34:05,57.52,100,
10:34:05,57.528,200,
10:34:07,57.52,100,
10:34:07,57.52,100,
10:34:07,57.52,1000,
10:34:09,57.5131,234,
10:34:09,57.52,200,
10:34:09,57.52,100,
10:34:12,57.53,200,
10:34:12,57.53,100,
10:34:12,57.53,100,
10:34:12,57.53,400,
10:34:12,57.53,400,
10:34:12,57.53,100,
10:34:12,57.53,300,
10:34:13,57.53,100,
10:34:13,57.53,100,
10:34:15,57.53,400,
10:34:17,57.53,100,
10:34:17,57.5395,800,
10:34:18,57.53,400,
10:34:25,57.5214,500,
10:34:27,57.53,100,
10:34:28,57.54,400,
10:34:34,57.53,100,
10:34:35,57.53,600,
10:34:35,57.53,600,
10:34:37,57.53,300,
10:34:39,57.52,100,
10:34:39,57.52,100,
10:34:39,57.52,100,
10:34:39,57.51,400,
10:34:39,57.51,400,
10:34:40,57.51,100,
10:34:40,57.51,100,
10:34:46,57.51,100,
10:34:46,57.51,300,
10:34:46,57.51,114,
10:34:46,57.51,200,
10:34:46,57.51,400,
10:34:46,57.51,400,
10:34:46,57.51,1400,
10:34:47,57.51,100,
10:34:47,57.51,192,
10:34:48,57.50,425,
10:34:50,57.51,200,
10:34:54,57.52,200,
10:34:54,57.52,100,
10:34:54,57.53,400,
10:34:54,57.53,100,
10:34:54,57.53,100,
10:34:54,57.53,300,
10:34:56,57.53,500,
10:34:59,57.53,400,
10:34:59,57.53,200,
10:35:01,57.53,100,
10:35:03,57.54,100,
10:35:03,57.54,400,
10:35:03,57.54,100,
10:35:03,57.54,100,
10:35:04,57.54,100,
10:35:06,57.54,300,
10:35:06,57.54,100,
10:35:10,57.53,200,
10:35:10,57.53,100,
10:35:10,57.53,492,
10:35:11,57.53,100,
10:35:11,57.53,2100,
10:35:12,57.53,100,
10:35:20,57.52,100,
10:35:20,57.53,200,
10:35:20,57.53,100,
10:35:23,57.52,100,
10:35:25,57.52,100,
10:35:25,57.52,208,
10:35:25,57.52,500,
10:35:25,57.52,100,
10:35:25,57.52,100,
10:35:25,57.52,100,
10:35:25,57.52,100,
10:35:25,57.52,100,
10:35:25,57.52,200,
10:35:29,57.52,100,
10:35:29,57.5199,125,
10:35:31,57.52,100,
10:35:31,57.52,100,
10:35:31,57.51,200,
10:35:36,57.511,100,
10:35:37,57.51,100,
10:35:37,57.51,100,
10:35:37,57.51,100,
10:35:37,57.51,100,
10:35:37,57.51,100,
10:35:37,57.51,600,
10:35:37,57.51,100,
10:35:37,57.51,300,
10:35:37,57.51,800,
10:35:37,57.51,100,
10:35:37,57.51,100,
10:35:37,57.51,200,
10:35:39,57.515,200,
10:35:41,57.51,600,
10:35:41,57.51,100,
10:35:41,57.51,1000,
10:35:43,57.51,100,
10:35:44,57.51,100,
10:35:46,57.51,100,
10:35:47,57.51,100,
10:35:48,57.51,100,
10:35:48,57.51,300,
10:35:48,57.51,500,
10:35:49,57.51,1700,
10:35:49,57.51,600,
10:35:49,57.51,1100,
10:35:50,57.51,500,
10:35:50,57.51,200,
10:35:50,57.51,271,
10:35:50,57.51,800,
10:35:54,57.51,100,
10:35:54,57.51,400,
10:35:59,57.50,200,
10:35:59,57.50,200,
10:35:59,57.50,100,
10:35:59,57.50,100,
10:35:59,57.50,100,
10:35:59,57.50,100,
10:35:59,57.50,200,
10:35:59,57.50,300,
10:35:59,57.50,295,
10:35:59,57.50,3000,
10:35:59,57.50,2900,
10:35:59,57.50,1000,
10:36:01,57.49,315,
10:36:01,57.49,100,
10:36:01,57.48,113,
10:36:01,57.48,600,
10:36:01,57.48,100,
10:36:01,57.48,100,
10:36:02,57.47,100,
10:36:02,57.47,100,
10:36:02,57.47,100,
10:36:02,57.47,100,
10:36:02,57.47,100,
10:36:02,57.47,1000,
10:36:02,57.47,323,
10:36:02,57.465,200,
10:36:02,57.47,400,
10:36:02,57.47,185,
10:36:02,57.47,100,
10:36:02,57.47,177,
10:36:02,57.46,200,
10:36:04,57.47,200,
10:36:04,57.47,100,
10:36:04,57.47,600,
10:36:04,57.47,400,
10:36:05,57.47,600,
10:36:05,57.47,100,
10:36:06,57.469,881,
10:36:10,57.46,200,
10:36:10,57.46,200,
10:36:10,57.46,200,
10:36:10,57.46,100,
10:36:10,57.46,600,
10:36:10,57.46,100,
10:36:10,57.46,100,
10:36:14,57.45,1000,
10:36:15,57.45,100,
10:36:15,57.45,100,
10:36:15,57.45,100,
10:36:16,57.44,100,
10:36:18,57.45,100,
10:36:18,57.45,600,
10:36:18,57.45,400,
10:36:20,57.46,100,
10:36:23,57.45,100,
10:36:26,57.4501,1300,
10:36:26,57.45,300,
10:36:26,57.45,200,
10:36:26,57.45,300,
10:36:27,57.46,200,
10:36:27,57.46,200,
10:36:27,57.46,100,
10:36:27,57.46,100,
10:36:27,57.46,200,
10:36:28,57.46,200,
10:36:29,57.4601,300,
10:36:36,57.45,200,
10:36:36,57.45,100,
10:36:39,57.45,108,
10:36:41,57.46,100,
10:36:42,57.46,200,
10:36:42,57.46,100,
10:36:44,57.461,100,
10:36:45,57.4601,1300,
10:36:46,57.4601,1100,
10:36:46,57.46,600,
10:36:50,57.46,900,
10:36:52,57.46,100,
10:36:54,57.47,100,
10:36:54,57.47,100,
10:36:54,57.47,100,
10:36:54,57.47,100,
10:36:54,57.49,200,
10:36:54,57.49,100,
10:36:54,57.49,300,
10:36:54,57.48,100,
10:36:54,57.48,100,
10:36:54,57.48,600,
10:36:54,57.49,100,
10:36:54,57.49,100,
10:36:54,57.49,200,
10:36:54,57.49,100,
10:36:55,57.49,100,
10:36:55,57.48,100,
10:36:55,57.48,100,
10:36:55,57.48,600,
10:36:58,57.48,100,
10:37:00,57.4709,1000,
10:37:03,57.47,100,
10:37:03,57.47,400,
10:37:06,57.469,100,
10:37:06,57.469,100,
10:37:06,57.47,600,
10:37:06,57.4705,1200,
10:37:11,57.48,100,
10:37:11,57.48,600,
10:37:13,57.48,600,
10:37:13,57.48,100,
10:37:16,57.47,380,
10:37:16,57.47,200,
10:37:23,57.47,100,
10:37:23,57.47,100,
10:37:26,57.47,200,
10:37:28,57.48,100,
10:37:31,57.49,100,
10:37:32,57.48,600,
10:37:33,57.4878,850,
10:37:36,57.49,100,
10:37:36,57.49,600,
10:37:36,57.49,100,
10:37:36,57.49,1200,
10:37:37,57.48,100,
10:37:39,57.47,157,
10:37:39,57.47,100,
10:37:39,57.47,100,
10:37:39,57.47,100,
10:37:40,57.47,400,
10:37:40,57.47,100,
10:37:44,57.47,600,
10:37:46,57.471,200,
10:37:48,57.48,100,
10:37:48,57.48,200,
10:37:48,57.49,300,
10:37:50,57.48,800,
10:37:50,57.48,1780,
10:37:54,57.48,100,
10:38:00,57.48,100,
10:38:04,57.49,100,
10:38:05,57.50,100,
10:38:05,57.50,100,
10:38:05,57.50,600,
10:38:06,57.51,100,
10:38:07,57.50,100,
10:38:08,57.51,100,
10:38:08,57.51,100,
10:38:09,57.51,400,
10:38:13,57.51,200,
10:38:13,57.51,520,
10:38:13,57.51,100,
10:38:13,57.50,100,
10:38:13,57.50,600,
10:38:13,57.49,200,
10:38:13,57.50,100,
10:38:13,57.50,100,
10:38:13,57.50,600,
10:38:13,57.50,200,
10:38:14,57.50,100,
10:38:17,57.51,100,
10:38:17,57.52,100,
10:38:19,57.52,100,
10:38:19,57.52,100,
10:38:19,57.52,600,
10:38:19,57.52,100,
10:38:19,57.52,100,
10:38:19,57.52,500,
10:38:19,57.52,200,
10:38:23,57.52,100,
10:38:23,57.52,100,
10:38:27,57.5183,100,
10:38:27,57.519,200,
10:38:32,57.52,100,
10:38:33,57.53,100,
10:38:33,57.53,100,
10:38:33,57.54,500,
10:38:33,57.54,100,
10:38:33,57.54,100,
10:38:33,57.54,300,
10:38:33,57.55,300,
10:38:33,57.55,200,
10:38:33,57.55,500,
10:38:33,57.55,300,
10:38:33,57.54,100,
10:38:33,57.54,100,
10:38:35,57.535,100,
10:38:35,57.535,100,
10:38:35,57.535,100,
10:38:36,57.5325,400,
10:38:38,57.539,100,
10:38:40,57.53,100,
10:38:41,57.54,300,
10:38:42,57.53,100,
10:38:42,57.53,1400,
10:38:42,57.54,100,
10:38:42,57.54,200,
10:38:42,57.54,100,
10:38:42,57.54,200,
10:38:43,57.539,100,
10:38:45,57.535,100,
10:38:46,57.53,1400,
10:38:46,57.53,1400,
10:38:48,57.53,1400,
10:38:48,57.535,500,
10:38:48,57.53,1400,
10:38:48,57.53,100,
10:38:49,57.535,200,
10:38:49,57.535,200,
10:38:49,57.535,100,
10:38:50,57.54,500,
10:38:50,57.54,100,
10:38:50,57.54,300,
10:38:50,57.54,800,
10:38:50,57.55,100,
10:38:50,57.54,1804,
10:38:50,57.54,300,
10:38:50,57.54,400,
10:38:50,57.54,594,
10:38:50,57.55,100,
10:38:50,57.55,300,
10:38:50,57.55,200,
10:38:51,57.55,100,
10:38:51,57.55,100,
10:38:51,57.55,100,
10:38:51,57.55,100,
10:38:51,57.55,500,
10:38:51,57.55,100,
10:38:51,57.56,103,
10:38:51,57.56,100,
10:38:51,57.56,100,
10:38:51,57.56,100,
10:38:51,57.56,497,
10:38:51,57.56,500,
10:38:52,57.56,200,
10:38:52,57.56,200,
10:38:54,57.56,100,
10:38:54,57.56,100,
10:38:55,57.559,3448,
10:38:57,57.55,800,
10:38:57,57.55,400,
10:38:58,57.55,300,
10:39:03,57.5484,500,
10:39:03,57.54,100,
10:39:03,57.54,100,
10:39:03,57.53,100,
10:39:03,57.53,100,
10:39:06,57.54,100,
10:39:11,57.5384,500,
10:39:12,57.54,234,
10:39:14,57.5471,242,
10:39:16,57.55,100,
10:39:16,57.55,100,
10:39:16,57.56,200,
10:39:16,57.56,2100,
10:39:16,57.56,4026,
10:39:16,57.56,100,
10:39:19,57.56,200,
10:39:24,57.56,100,
10:39:26,57.55,1000,
10:39:26,57.55,200,
10:39:26,57.55,100,
10:39:26,57.54,100,
10:39:26,57.54,100,
10:39:26,57.54,100,
10:39:27,57.559,1000,
10:39:31,57.54,200,
10:39:31,57.54,600,
10:39:31,57.54,100,
10:39:31,57.55,100,
10:39:31,57.55,100,
10:39:31,57.55,118,
10:39:37,57.54,500,
10:39:37,57.54,100,
10:39:37,57.54,2300,
10:39:37,57.54,100,
10:39:37,57.54,100,
10:39:37,57.53,100,
10:39:37,57.5386,300,
10:39:37,57.539,400,
10:39:38,57.54,1300,
10:39:41,57.53,100,
10:39:45,57.53,300,
10:39:45,57.53,400,
10:39:45,57.53,400,
10:39:46,57.5295,700,
10:39:47,57.53,400,
10:39:47,57.53,100,
10:39:47,57.53,100,
10:39:48,57.54,100,
10:39:48,57.54,400,
10:39:48,57.54,600,
10:39:48,57.54,2000,
10:39:48,57.54,800,
10:39:48,57.54,700,
10:39:50,57.53,100,
10:39:50,57.53,600,
10:39:52,57.52,200,
10:39:54,57.52,100,
10:39:54,57.52,100,
10:39:56,57.51,200,
10:39:57,57.51,100,
