09:30:00,57.33,800,
09:30:00,57.32,41798,
09:30:00,57.32,500,
09:30:00,57.32,100,
09:30:00,57.32,100,
09:30:00,57.32,100,
09:30:00,57.32,100,
09:30:00,57.32,100,
09:30:00,57.32,100,
09:30:00,57.32,500,
09:30:00,57.32,400,
09:30:00,57.31,300,
09:30:00,57.32,500,
09:30:00,57.33,300,
09:30:01,57.32,100,
09:30:01,57.32,100,
09:30:01,57.32,100,
09:30:01,57.32,1700,
09:30:01,57.32,200,
09:30:01,57.32,1376,
09:30:01,57.32,121,
09:30:01,57.32,100,
09:30:01,57.32,260,
09:30:01,57.32,200,
09:30:01,57.32,210,
09:30:01,57.32,113,
09:30:01,57.32,300,
09:30:01,57.32,6000,
09:30:01,57.32,200,
09:30:01,57.32,7500,
09:30:01,57.32,200,
09:30:01,57.32,850,
09:30:01,57.32,100,
09:30:01,57.32,2500,
09:30:01,57.32,100,
09:30:01,57.32,241,
09:30:01,57.32,200,
09:30:01,57.32,600,
09:30:01,57.32,500,
09:30:01,57.32,115,
09:30:01,57.32,500,
09:30:01,57.32,1000,
09:30:01,57.32,250,
09:30:01,57.32,295,
09:30:01,57.32,700,
09:30:01,57.32,200,
09:30:01,57.32,100,
09:30:01,57.32,1000,
09:30:01,57.32,100,
09:30:01,57.32,300,
09:30:01,57.32,2800,
09:30:01,57.32,1125,
09:30:01,57.32,200,
09:30:01,57.32,125,
09:30:01,57.32,200,
09:30:01,57.32,266,
09:30:01,57.32,800,
09:30:01,57.32,100,
09:30:01,57.32,100,
09:30:01,57.32,2400,
09:30:01,57.33,200,
09:30:01,57.33,200,
09:30:02,57.34,100,
09:30:02,57.33,100,
09:30:02,57.33,100,
09:30:02,57.33,100,
09:30:02,57.33,500,
09:30:02,57.33,100,
09:30:02,57.33,100,
09:30:02,57.33,100,
09:30:02,57.33,500,
09:30:02,57.33,500,
09:30:02,57.33,500,
09:30:03,57.34,100,
09:30:03,57.34,100,
09:30:03,57.34,100,
09:30:03,57.34,100,
09:30:03,57.32,100,
09:30:03,57.32,159,
09:30:03,57.32,500,
09:30:03,57.32,100,
09:30:03,57.32,400,
09:30:03,57.33,100,
09:30:03,57.33,500,
09:30:03,57.33,341,
09:30:03,57.33,100,
09:30:04,57.32,300,
09:30:04,57.32,100,
09:30:05,57.32,100,
09:30:05,57.33,137,
09:30:06,57.33,141,
09:30:06,57.33,100,
09:30:06,57.33,200,
09:30:06,57.33,500,
09:30:06,57.33,400,
09:30:06,57.33,500,
09:30:06,57.33,200,
09:30:06,57.33,500,
09:30:06,57.33,259,
09:30:06,57.33,500,
09:30:06,57.33,500,
09:30:06,57.32,100,
09:30:06,57.33,100,
09:30:07,57.33,500,
09:30:08,57.33,100,
09:30:08,57.33,300,
09:30:09,57.33,100,
09:30:10,57.33,200,
09:30:11,57.32,100,
09:30:11,57.32,113,
09:30:11,57.32,200,
09:30:12,57.33,172,
09:30:12,57.33,215,
09:30:12,57.33,100,
09:30:12,57.33,100,
09:30:12,57.33,147,
09:30:12,57.33,100,
09:30:12,57.33,209,
09:30:13,57.32,116,
09:30:13,57.32,181,
09:30:13,57.32,200,
09:30:13,57.3216,800,
09:30:13,57.32,100,
09:30:13,57.32,700,
09:30:13,57.31,100,
09:30:17,57.3305,1000,
09:30:17,57.31,100,
09:30:18,57.30,200,
09:30:18,57.30,300,
09:30:19,57.30,100,
09:30:20,57.30,169,
09:30:20,57.30,100,
09:30:20,57.30,100,
09:30:20,57.30,100,
09:30:21,57.31,200,
09:30:22,57.31,100,
09:30:22,57.30,300,
09:30:22,57.3098,900,
09:30:22,57.31,300,
09:30:22,57.31,200,
09:30:22,57.31,200,
09:30:22,57.31,400,
09:30:22,57.31,100,
09:30:23,57.3199,500,
09:30:23,57.31,100,
09:30:24,57.32,200,
09:30:24,57.32,100,
09:30:24,57.32,100,
09:30:24,57.32,200,
09:30:24,57.32,300,
09:30:26,57.33,300,
09:30:26,57.33,300,
09:30:26,57.33,14094,
09:30:27,57.32,100,
09:30:28,57.32,200,
09:30:28,57.32,100,
09:30:34,57.32,300,
09:30:36,57.31,100,
09:30:36,57.32,100,
09:30:39,57.3203,400,
09:30:40,57.33,200,
09:30:40,57.3399,1000,
09:30:41,57.33,203,
09:30:41,57.33,185,
09:30:41,57.33,200,
09:30:41,57.33,297,
09:30:41,57.33,500,
09:30:41,57.33,100,
09:30:42,57.33,2100,
09:30:42,57.33,735,
09:30:42,57.33,11593,
09:30:43,57.33,175,
09:30:43,57.33,725,
09:30:43,57.336,700,
09:30:44,57.34,100,
09:30:45,57.34,200,
09:30:46,57.35,100,
09:30:46,57.35,100,
09:30:46,57.35,200,
09:30:46,57.35,200,
09:30:46,57.35,400,
09:30:46,57.35,400,
09:30:46,57.35,200,
09:30:46,57.35,500,
09:30:46,57.35,200,
09:30:47,57.3586,800,
09:30:48,57.35,100,
09:30:51,57.35,200,
09:30:51,57.34,300,
09:30:53,57.36,164,
09:30:55,57.37,100,
09:30:59,57.40,100,
09:31:03,57.40,200,
09:31:03,57.40,100,
09:31:03,57.40,300,
09:31:03,57.41,300,
09:31:06,57.42,200,
09:31:06,57.42,159,
09:31:06,57.4289,1000,
09:31:07,57.42,500,
09:31:11,57.41,200,
09:31:11,57.41,100,
09:31:14,57.41,200,
09:31:14,57.40,200,
09:31:14,57.40,100,
09:31:14,57.40,200,
09:31:14,57.41,200,
09:31:16,57.41,100,
09:31:16,57.42,155,
09:31:16,57.42,155,
09:31:16,57.42,100,
09:31:16,57.42,145,
09:31:18,57.4297,400,
09:31:19,57.42,300,
09:31:20,57.42,200,
09:31:21,57.42,144,
09:31:24,57.42,100,
09:31:24,57.42,326,
09:31:24,57.42,474,
09:31:28,57.42,400,
09:31:28,57.42,200,
09:31:32,57.4126,200,
09:31:32,57.411,200,
09:31:34,57.39,1000,
09:31:37,57.40,100,
09:31:37,57.40,100,
09:31:37,57.40,100,
09:31:37,57.40,200,
09:31:37,57.40,100,
09:31:37,57.39,200,
09:31:37,57.39,200,
09:31:41,57.40,100,
09:31:42,57.39,100,
09:31:42,57.39,200,
09:31:42,57.39,179,
09:31:43,57.40,100,
09:31:43,57.40,100,
09:31:43,57.39,139,
09:31:44,57.39,100,
09:31:44,57.39,100,
09:31:45,57.39,200,
09:31:47,57.38,100,
09:31:52,57.39,1000,
09:31:52,57.38,200,
09:31:52,57.38,100,
09:31:57,57.38,300,
09:31:57,57.37,100,
09:31:59,57.38,100,
09:32:02,57.38,100,
09:32:02,57.385,100,
09:32:03,57.38,100,
09:32:03,57.38,200,
09:32:03,57.38,200,
09:32:03,57.38,100,
09:32:04,57.37,100,
09:32:11,57.37,100,
09:32:13,57.36,200,
09:32:13,57.36,200,
09:32:14,57.37,100,
09:32:15,57.37,200,
09:32:17,57.366,260,
09:32:19,57.3798,400,
09:32:19,57.36,100,
09:32:21,57.35,1000,
09:32:22,57.35,100,
09:32:25,57.35,200,
09:32:25,57.35,300,
09:32:25,57.35,400,
09:32:25,57.35,400,
09:32:25,57.34,100,
09:32:25,57.34,200,
09:32:26,57.34,100,
09:32:29,57.35,200,
09:32:34,57.355,100,
09:32:41,57.37,200,
09:32:41,57.37,300,
09:32:41,57.38,400,
09:32:41,57.38,100,
09:32:41,57.38,100,
09:32:41,57.38,1000,
09:32:41,57.38,1500,
09:32:41,57.38,200,
09:32:42,57.38,100,
09:32:45,57.37,200,
09:32:45,57.37,200,
09:32:45,57.37,100,
09:32:46,57.37,100,
09:32:46,57.37,200,
09:32:46,57.37,100,
09:32:49,57.36,100,
09:32:51,57.35,100,
09:32:53,57.35,100,
09:32:53,57.355,100,
09:32:53,57.35,200,
09:32:58,57.36,100,
09:32:58,57.36,100,
09:32:58,57.36,200,
09:33:03,57.35,500,
09:33:05,57.35,100,
09:33:08,57.345,100,
09:33:13,57.33,200,
09:33:13,57.33,200,
09:33:13,57.33,138,
09:33:14,57.33,100,
09:33:17,57.32,100,
09:33:17,57.32,289,
09:33:17,57.32,200,
09:33:19,57.33,1000,
09:33:20,57.31,700,
09:33:20,57.31,1000,
09:33:20,57.31,200,
09:33:20,57.31,100,
09:33:20,57.31,350,
09:33:20,57.31,200,
09:33:21,57.3008,100,
09:33:22,57.31,1000,
09:33:22,57.31,2000,
09:33:22,57.31,100,
09:33:22,57.30,147,
09:33:22,57.30,245,
09:33:22,57.30,1000,
09:33:22,57.30,600,
09:33:22,57.30,107,
09:33:22,57.30,300,
09:33:22,57.30,400,
09:33:22,57.30,1000,
09:33:24,57.30,200,
09:33:26,57.30,100,
09:33:26,57.30,400,
09:33:26,57.30,100,
09:33:26,57.30,100,
09:33:26,57.29,100,
09:33:26,57.29,100,
09:33:26,57.29,300,
09:33:27,57.301,1000,
09:33:29,57.29,200,
09:33:29,57.29,244,
09:33:30,57.29,200,
09:33:30,57.29,100,
09:33:31,57.29,100,
09:33:31,57.29,1000,
09:33:31,57.29,100,
09:33:31,57.29,500,
09:33:31,57.28,1000,
09:33:31,57.28,2000,
09:33:31,57.28,1000,
09:33:31,57.28,300,
09:33:31,57.28,400,
09:33:31,57.28,100,
09:33:31,57.28,815,
09:33:31,57.29,100,
09:33:31,57.28,1000,
09:33:31,57.28,800,
09:33:31,57.28,500,
09:33:31,57.28,200,
09:33:31,57.28,700,
09:33:32,57.28,525,
09:33:32,57.28,400,
09:33:34,57.27,900,
09:33:34,57.29,100,
09:33:35,57.29,200,
09:33:35,57.29,400,
09:33:35,57.29,300,
09:33:35,57.29,500,
09:33:35,57.29,100,
09:33:35,57.29,1000,
09:33:35,57.29,100,
09:33:35,57.29,200,
09:33:35,57.29,482,
09:33:36,57.30,100,
09:33:37,57.30,300,
09:33:37,57.30,400,
09:33:37,57.30,300,
09:33:37,57.30,700,
09:33:37,57.30,200,
09:33:37,57.30,500,
09:33:37,57.31,500,
09:33:38,57.31,100,
09:33:39,57.311,100,
09:33:42,57.3014,2000,
09:33:43,57.31,301,
09:33:44,57.32,100,
09:33:49,57.31,100,
09:33:50,57.30,200,
09:33:50,57.30,100,
09:33:51,57.2995,1000,
09:33:51,57.29,400,
09:33:55,57.29,100,
09:33:56,57.284,5000,
09:33:56,57.28,400,
09:33:56,57.28,200,
09:33:56,57.28,400,
09:34:00,57.27,400,
09:34:00,57.27,700,
09:34:00,57.27,100,
09:34:00,57.27,100,
09:34:00,57.27,200,
09:34:00,57.27,100,
09:34:00,57.27,200,
09:34:00,57.27,595,
09:34:00,57.27,350,
09:34:00,57.27,500,
09:34:00,57.26,100,
09:34:00,57.27,350,
09:34:00,57.27,100,
09:34:00,57.26,100,
09:34:00,57.27,100,
09:34:00,57.27,100,
09:34:00,57.27,200,
09:34:04,57.27,101,
09:34:04,57.27,112,
09:34:04,57.27,200,
09:34:04,57.27,100,
09:34:06,57.28,227,
09:34:10,57.27,200,
09:34:10,57.27,262,
09:34:10,57.27,400,
09:34:11,57.27,100,
09:34:17,57.28,2000,
09:34:25,57.2899,100,
09:34:28,57.29,200,
09:34:28,57.29,100,
09:34:28,57.29,100,
09:34:32,57.30,4700,
09:34:32,57.30,4900,
09:34:34,57.31,100,
09:34:34,57.31,500,
09:34:36,57.32,200,
09:34:36,57.31,100,
09:34:42,57.33,200,
09:34:42,57.34,200,
09:34:42,57.34,100,
09:34:44,57.33,200,
09:34:46,57.35,500,
09:34:47,57.36,161,
09:34:47,57.36,195,
09:34:47,57.36,400,
09:34:50,57.341,100,
09:34:52,57.34,300,
09:34:56,57.3315,5000,
09:35:00,57.34,100,
09:35:03,57.33,400,
09:35:03,57.33,300,
09:35:03,57.33,100,
09:35:03,57.33,100,
09:35:07,57.33,200,
09:35:07,57.33,200,
09:35:07,57.33,100,
09:35:07,57.33,1100,
09:35:07,57.33,400,
09:35:07,57.33,200,
09:35:07,57.33,1100,
09:35:07,57.33,2600,
09:35:07,57.33,100,
09:35:10,57.33,100,
09:35:11,57.33,249,
09:35:16,57.34,200,
09:35:16,57.34,100,
09:35:17,57.34,400,
09:35:17,57.34,400,
09:35:17,57.34,200,
09:35:18,57.34,100,
09:35:21,57.34,200,
09:35:21,57.34,300,
09:35:21,57.34,300,
09:35:21,57.34,400,
09:35:21,57.34,300,
09:35:21,57.34,2300,
09:35:21,57.34,300,
09:35:22,57.34,200,
09:35:24,57.34,500,
09:35:28,57.33,300,
09:35:28,57.32,500,
09:35:31,57.31,200,
09:35:31,57.3099,1000,
09:35:35,57.30,300,
09:35:35,57.30,100,
09:35:40,57.30,600,
09:35:40,57.31,200,
09:35:40,57.31,300,
09:35:40,57.31,100,
09:35:40,57.31,100,
09:35:40,57.31,100,
09:35:40,57.31,200,
09:35:40,57.31,500,
09:35:40,57.31,100,
09:35:40,57.31,600,
09:35:40,57.31,500,
09:35:40,57.31,1000,
09:35:44,57.31,100,
09:35:46,57.30,100,
09:35:47,57.31,500,
09:35:47,57.31,1300,
09:35:52,57.301,1000,
09:35:56,57.311,100,
09:36:00,57.32,200,
09:36:00,57.32,600,
09:36:00,57.32,400,
09:36:00,57.32,500,
09:36:01,57.31,100,
09:36:03,57.32,100,
09:36:04,57.32,200,
09:36:04,57.32,100,
09:36:05,57.33,500,
09:36:10,57.34,437,
09:36:10,57.34,100,
09:36:10,57.34,100,
09:36:11,57.35,500,
09:36:11,57.36,100,
09:36:12,57.35,100,
09:36:12,57.35,300,
09:36:13,57.35,500,
09:36:16,57.37,200,
09:36:16,57.37,300,
09:36:16,57.37,300,
09:36:16,57.37,400,
09:36:17,57.37,300,
09:36:21,57.38,500,
09:36:21,57.38,100,
09:36:21,57.38,100,
09:36:21,57.38,2500,
09:36:21,57.38,200,
09:36:21,57.38,900,
09:36:21,57.38,1000,
09:36:21,57.38,1000,
09:36:21,57.38,200,
09:36:21,57.38,200,
09:36:21,57.38,300,
09:36:21,57.38,200,
09:36:21,57.38,300,
09:36:21,57.38,200,
09:36:21,57.38,11000,
09:36:21,57.38,800,
09:36:21,57.38,400,
09:36:21,57.38,600,
09:36:21,57.38,100,
09:36:21,57.38,100,
09:36:21,57.38,900,
09:36:21,57.38,1200,
09:36:21,57.38,285,
09:36:21,57.38,300,
09:36:21,57.38,200,
09:36:24,57.40,100,
09:36:24,57.40,200,
09:36:24,57.40,200,
09:36:26,57.41,200,
09:36:26,57.41,200,
09:36:26,57.41,300,
09:36:26,57.41,400,
09:36:28,57.41,300,
09:36:28,57.41,100,
09:36:30,57.41,600,
09:36:30,57.4154,200,
09:36:31,57.41,100,
09:36:33,57.41,400,
09:36:35,57.41,301,
09:36:36,57.41,100,
09:36:39,57.42,100,
09:36:39,57.42,200,
09:36:40,57.42,600,
09:36:40,57.42,400,
09:36:40,57.42,100,
09:36:40,57.42,400,
09:36:40,57.42,600,
09:36:40,57.42,300,
09:36:42,57.4286,1000,
09:36:42,57.42,200,
09:36:42,57.421,100,
09:36:42,57.43,100,
09:36:42,57.43,500,
09:36:42,57.43,216,
09:36:43,57.43,100,
09:36:45,57.45,100,
09:36:45,57.44,100,
09:36:49,57.441,100,
09:36:50,57.45,100,
09:36:50,57.44,100,
09:36:50,57.4403,700,
09:36:51,57.44,100,
09:36:52,57.45,127,
09:36:52,57.45,500,
09:36:53,57.44,100,
09:36:54,57.46,373,
09:36:54,57.44,1000,
09:36:54,57.44,200,
09:36:55,57.43,100,
09:36:57,57.42,100,
09:36:57,57.42,400,
09:36:58,57.42,100,
09:36:58,57.43,100,
09:36:58,57.43,500,
09:36:59,57.43,100,
09:36:59,57.4301,100,
09:36:59,57.4301,100,
09:36:59,57.4301,300,
09:36:59,57.4301,100,
09:37:00,57.44,600,
09:37:01,57.44,300,
09:37:02,57.44,200,
09:37:03,57.437,328,
09:37:05,57.44,600,
09:37:05,57.44,200,
09:37:06,57.439,250,
09:37:06,57.44,600,
09:37:16,57.45,100,
09:37:18,57.45,500,
09:37:18,57.46,100,
09:37:18,57.46,396,
09:37:18,57.46,152,
09:37:18,57.46,216,
09:37:18,57.46,188,
09:37:18,57.46,216,
09:37:19,57.47,100,
09:37:19,57.47,600,
09:37:19,57.49,100,
09:37:19,57.49,900,
09:37:19,57.48,300,
09:37:20,57.48,700,
09:37:20,57.49,100,
09:37:20,57.49,100,
09:37:20,57.49,600,
09:37:20,57.49,600,
09:37:20,57.49,301,
09:37:20,57.50,200,
09:37:20,57.50,400,
09:37:20,57.48,200,
09:37:20,57.50,200,
09:37:20,57.51,300,
09:37:20,57.50,708,
09:37:20,57.50,100,
09:37:20,57.50,600,
09:37:20,57.50,500,
09:37:20,57.51,100,
09:37:20,57.51,100,
09:37:20,57.51,800,
09:37:20,57.51,1100,
09:37:20,57.50,400,
09:37:21,57.51,900,
09:37:22,57.50,200,
09:37:23,57.50,1000,
09:37:24,57.50,200,
09:37:25,57.49,100,
09:37:27,57.50,100,
09:37:28,57.50,200,
09:37:28,57.50,100,
09:37:29,57.50,500,
09:37:29,57.50,274,
09:37:29,57.51,600,
09:37:29,57.51,2000,
09:37:29,57.51,200,
09:37:31,57.51,100,
09:37:31,57.51,100,
09:37:35,57.52,100,
09:37:35,57.53,100,
09:37:35,57.53,100,
09:37:35,57.53,100,
09:37:35,57.53,100,
09:37:35,57.53,100,
09:37:35,57.52,231,
09:37:35,57.525,100,
09:37:36,57.52,400,
09:37:36,57.52,102,
09:37:37,57.525,100,
09:37:38,57.525,200,
09:37:39,57.51,200,
09:37:39,57.5125,100,
09:37:39,57.52,100,
09:37:39,57.52,100,
09:37:39,57.50,600,
09:37:39,57.50,100,
09:37:39,57.50,100,
09:37:39,57.50,100,
09:37:39,57.50,100,
09:37:39,57.50,100,
09:37:39,57.50,100,
09:37:39,57.50,100,
09:37:39,57.50,100,
09:37:39,57.50,600,
09:37:39,57.50,100,
09:37:39,57.50,100,
09:37:39,57.50,200,
09:37:39,57.50,300,
09:37:40,57.50,300,
09:37:40,57.50,600,
09:37:41,57.515,100,
09:37:41,57.515,100,
09:37:42,57.5087,1000,
09:37:43,57.50,173,
09:37:43,57.50,527,
09:37:43,57.50,100,
09:37:43,57.50,569,
09:37:43,57.50,100,
09:37:45,57.50,200,
09:37:45,57.50,100,
09:37:45,57.50,393,
09:37:45,57.50,100,
09:37:45,57.51,100,
09:37:45,57.51,100,
09:37:45,57.51,500,
09:37:45,57.51,300,
09:37:45,57.51,1000,
09:37:45,57.51,200,
09:37:46,57.51,900,
09:37:46,57.51,300,
09:37:47,57.51,184,
09:37:47,57.51,384,
09:37:47,57.51,200,
09:37:47,57.51,300,
09:37:48,57.51,200,
09:37:49,57.51,400,
09:37:49,57.51,400,
09:37:50,57.52,200,
09:37:50,57.53,100,
09:37:54,57.529,100,
09:37:58,57.52,242,
09:37:58,57.52,125,
09:37:58,57.52,242,
09:37:58,57.52,100,
09:37:58,57.52,241,
09:37:59,57.52,100,
09:37:59,57.52,500,
09:37:59,57.52,1700,
09:37:59,57.52,100,
09:38:00,57.52,600,
09:38:00,57.52,100,
09:38:00,57.52,200,
09:38:00,57.52,100,
09:38:00,57.52,500,
09:38:00,57.52,200,
09:38:00,57.52,200,
09:38:00,57.52,100,
09:38:00,57.52,100,
09:38:00,57.52,200,
09:38:00,57.52,300,
09:38:00,57.52,100,
09:38:00,57.52,300,
09:38:00,57.52,500,
09:38:02,57.5199,100,
09:38:04,57.51,200,
09:38:05,57.5138,300,
09:38:05,57.5136,400,
09:38:05,57.5135,200,
09:38:05,57.51,100,
09:38:06,57.52,200,
09:38:06,57.52,100,
09:38:07,57.5295,400,
09:38:07,57.5297,400,
09:38:10,57.5202,200,
09:38:13,57.53,800,
09:38:13,57.53,700,
09:38:13,57.53,100,
09:38:13,57.53,1000,
09:38:15,57.53,200,
09:38:15,57.53,400,
09:38:15,57.53,100,
09:38:15,57.53,300,
09:38:18,57.55,600,
09:38:18,57.55,100,
09:38:18,57.55,300,
09:38:19,57.5599,1000,
09:38:21,57.55,100,
09:38:21,57.55,100,
09:38:21,57.552,200,
09:38:23,57.54,100,
09:38:26,57.55,300,
09:38:28,57.55,100,
09:38:29,57.55,100,
09:38:36,57.56,100,
09:38:36,57.56,100,
09:38:37,57.56,100,
09:38:38,57.56,600,
09:38:38,57.56,200,
09:38:40,57.56,275,
09:38:40,57.56,375,
09:38:40,57.56,600,
09:38:40,57.5601,5000,
09:38:41,57.57,200,
09:38:41,57.57,100,
09:38:41,57.57,900,
09:38:41,57.57,300,
09:38:41,57.57,250,
09:38:41,57.57,200,
09:38:41,57.57,200,
09:38:41,57.57,100,
09:38:42,57.5699,300,
09:38:42,57.56,100,
09:38:42,57.56,100,
09:38:45,57.56,200,
09:38:45,57.56,600,
09:38:45,57.56,200,
09:38:45,57.56,200,
09:38:45,57.56,100,
09:38:45,57.56,100,
09:38:45,57.56,200,
09:38:45,57.56,300,
09:38:45,57.56,100,
09:38:45,57.56,100,
09:38:45,57.56,600,
09:38:45,57.56,1300,
09:38:46,57.56,100,
09:38:48,57.55,500,
09:38:48,57.55,200,
09:38:48,57.55,700,
09:38:48,57.55,500,
09:38:48,57.55,1000,
09:38:48,57.55,600,
09:38:48,57.55,300,
09:38:49,57.55,100,
09:38:50,57.56,200,
09:38:50,57.56,100,
09:38:51,57.56,600,
09:38:53,57.56,400,
09:38:53,57.5699,100,
09:38:54,57.56,500,
09:38:54,57.56,200,
09:38:58,57.56,100,
09:38:58,57.57,3200,
09:38:59,57.56,100,
09:38:59,57.56,100,
09:38:59,57.56,100,
09:38:59,57.56,100,
09:39:00,57.55,200,
09:39:00,57.56,100,
09:39:00,57.56,600,
09:39:00,57.56,735,
09:39:00,57.56,700,
09:39:00,57.56,350,
09:39:01,57.56,100,
09:39:01,57.56,400,
09:39:04,57.56,2000,
09:39:04,57.57,100,
09:39:04,57.57,400,
09:39:04,57.57,600,
09:39:04,57.57,1000,
09:39:05,57.58,965,
09:39:05,57.58,235,
09:39:05,57.58,364,
09:39:05,57.59,100,
09:39:05,57.59,100,
09:39:05,57.59,100,
09:39:05,57.59,100,
09:39:05,57.59,300,
09:39:05,57.58,173,
09:39:05,57.58,101,
09:39:05,57.58,216,
09:39:05,57.58,100,
09:39:06,57.58,700,
09:39:06,57.58,100,
09:39:06,57.58,497,
09:39:06,57.58,200,
09:39:06,57.58,735,
09:39:06,57.58,200,
09:39:08,57.57,216,
09:39:09,57.571,200,
09:39:09,57.57,100,
09:39:09,57.5637,100,
09:39:10,57.571,200,
09:39:15,57.55,500,
09:39:15,57.55,301,
09:39:16,57.55,391,
09:39:17,57.55,400,
09:39:21,57.5485,500,
09:39:22,57.547,300,
09:39:24,57.54,100,
09:39:24,57.54,100,
09:39:24,57.54,500,
09:39:24,57.54,1000,
09:39:24,57.54,600,
09:39:24,57.54,200,
09:39:24,57.54,800,
09:39:24,57.54,200,
09:39:24,57.54,200,
09:39:24,57.54,300,
09:39:24,57.54,200,
09:39:24,57.54,200,
09:39:24,57.54,100,
09:39:25,57.543,1000,
09:39:26,57.5401,1000,
09:39:27,57.55,200,
09:39:27,57.55,200,
09:39:27,57.55,100,
09:39:27,57.55,597,
09:39:27,57.55,500,
09:39:27,57.55,100,
09:39:27,57.55,1300,
09:39:29,57.55,100,
09:39:35,57.55,100,
09:39:36,57.55,100,
09:39:37,57.55,100,
09:39:37,57.55,216,
09:39:37,57.55,384,
09:39:37,57.55,400,
09:39:39,57.55,100,
09:39:40,57.54,1000,
09:39:40,57.54,1600,
09:39:40,57.54,100,
09:39:40,57.54,200,
09:39:40,57.54,100,
09:39:40,57.54,200,
09:39:40,57.54,100,
09:39:41,57.54,200,
09:39:42,57.55,100,
09:39:43,57.54,222,
09:39:43,57.54,422,
09:39:43,57.54,500,
09:39:43,57.54,1038,
09:39:47,57.54,100,
09:39:47,57.54,100,
09:39:47,57.54,300,
09:39:47,57.54,100,
09:39:47,57.54,100,
09:39:50,57.55,600,
09:39:50,57.55,900,
09:39:50,57.55,600,
09:39:50,57.55,500,
09:39:51,57.54,700,
09:39:59,57.56,600,
09:40:00,57.55,200,
09:40:00,57.55,200,
09:40:01,57.5593,3000,
09:40:02,57.56,301,
09:40:03,57.56,500,
09:40:04,57.56,165,
09:40:06,57.56,100,
09:40:07,57.56,200,
09:40:08,57.56,100,
09:40:08,57.56,600,
09:40:09,57.56,100,
09:40:10,57.56,100,
09:40:10,57.56,500,
09:40:11,57.55,600,
09:40:11,57.55,400,
09:40:11,57.55,100,
09:40:11,57.55,600,
09:40:12,57.56,100,
09:40:13,57.56,100,
09:40:15,57.56,500,
09:40:16,57.56,300,
09:40:16,57.55,600,
09:40:16,57.55,165,
09:40:17,57.55,200,
09:40:18,57.55,500,
09:40:18,57.55,100,
09:40:18,57.55,800,
09:40:20,57.5484,100,
09:40:23,57.55,600,
09:40:23,57.55,300,
09:40:23,57.55,200,
09:40:23,57.55,1200,
09:40:25,57.56,100,
09:40:25,57.5699,100,
09:40:25,57.56,100,
09:40:25,57.56,100,
09:40:25,57.56,100,
09:40:25,57.56,100,
09:40:25,57.56,200,
09:40:26,57.57,100,
09:40:26,57.57,500,
09:40:26,57.57,335,
09:40:26,57.57,4100,
09:40:26,57.57,100,
09:40:26,57.57,200,
09:40:26,57.57,600,
09:40:26,57.57,500,
09:40:26,57.57,500,
09:40:27,57.57,5600,
09:40:28,57.57,100,
09:40:30,57.56,6600,
09:40:30,57.56,600,
09:40:30,57.56,400,
09:40:30,57.56,2400,
09:40:32,57.56,2600,
09:40:33,57.56,400,
09:40:33,57.56,100,
09:40:33,57.56,1500,
09:40:34,57.56,100,
09:40:35,57.56,1000,
09:40:39,57.57,100,
09:40:41,57.57,100,
09:40:41,57.57,100,
09:40:41,57.58,300,
09:40:42,57.57,200,
09:40:42,57.56,200,
09:40:42,57.56,1400,
09:40:42,57.56,300,
09:40:42,57.57,100,
09:40:42,57.57,400,
09:40:42,57.57,600,
09:40:42,57.57,500,
09:40:42,57.57,149,
09:40:42,57.57,619,
09:40:42,57.57,400,
09:40:42,57.55,200,
09:40:42,57.56,619,
09:40:42,57.56,400,
09:40:42,57.56,600,
09:40:42,57.56,181,
09:40:42,57.56,300,
09:40:42,57.56,2000,
09:40:42,57.56,300,
09:40:42,57.56,219,
09:40:42,57.56,200,
09:40:42,57.56,100,
09:40:42,57.56,800,
09:40:42,57.56,300,
09:40:42,57.56,200,
09:40:42,57.56,100,
09:40:42,57.57,200,
09:40:42,57.57,916,
09:40:42,57.57,1200,
09:40:42,57.57,200,
09:40:42,57.55,100,
09:40:42,57.55,100,
09:40:42,57.57,515,
09:40:42,57.56,200,
09:40:43,57.56,200,
09:40:43,57.56,200,
09:40:45,57.56,100,
09:40:46,57.56,200,
09:40:46,57.56,100,
09:40:46,57.57,300,
09:40:46,57.57,300,
09:40:48,57.5686,500,
09:40:51,57.56,100,
09:40:51,57.56,300,
09:40:51,57.56,165,
09:40:51,57.56,300,
09:40:51,57.56,314,
09:40:52,57.56,500,
09:40:52,57.56,200,
09:40:55,57.56,200,
09:40:56,57.56,300,
09:40:57,57.56,1100,
09:40:57,57.56,200,
09:40:57,57.56,200,
09:40:57,57.56,500,
09:40:57,57.56,1400,
09:41:00,57.57,500,
09:41:01,57.57,100,
09:41:05,57.57,200,
09:41:10,57.569,100,
09:41:12,57.57,200,
09:41:12,57.58,1000,
09:41:13,57.57,200,
09:41:13,57.57,200,
09:41:13,57.57,283,
09:41:13,57.57,3346,
09:41:13,57.57,600,
09:41:13,57.57,100,
09:41:13,57.57,600,
09:41:13,57.57,1119,
09:41:13,57.57,2100,
09:41:13,57.57,3100,
09:41:13,57.57,1700,
09:41:19,57.57,1900,
09:41:19,57.57,300,
09:41:19,57.57,200,
09:41:19,57.57,600,
09:41:19,57.57,600,
09:41:23,57.56,200,
09:41:23,57.56,2000,
09:41:26,57.55,100,
09:41:27,57.55,100,
09:41:28,57.54,200,
09:41:29,57.54,200,
09:41:29,57.54,1700,
09:41:38,57.54,100,
09:41:43,57.54,200,
09:41:43,57.54,500,
09:41:43,57.54,300,
09:41:43,57.54,300,
09:41:43,57.531,500,
09:41:45,57.54,200,
09:41:45,57.54,141,
09:41:45,57.54,600,
09:41:46,57.55,100,
09:41:51,57.53,1000,
09:41:51,57.53,800,
09:41:51,57.53,400,
09:41:51,57.53,400,
09:41:51,57.53,900,
09:41:51,57.53,3100,
09:41:51,57.53,8500,
09:41:51,57.53,1000,
09:41:51,57.51,600,
09:41:52,57.51,200,
09:41:52,57.51,600,
09:41:52,57.51,200,
09:41:52,57.51,200,
09:41:53,57.5101,250,
09:41:56,57.512,1200,
09:41:56,57.5101,800,
09:41:56,57.51,800,
09:41:56,57.51,300,
09:41:57,57.51,400,
09:41:57,57.51,100,
09:41:58,57.50,600,
09:41:58,57.50,800,
09:41:58,57.50,7000,
09:41:58,57.50,500,
09:41:58,57.50,100,
09:41:58,57.49,1000,
09:41:58,57.49,100,
09:41:59,57.50,149,
09:41:59,57.50,100,
09:41:59,57.50,100,
09:41:59,57.50,193,
09:42:00,57.50,200,
09:42:00,57.50,100,
09:42:00,57.50,100,
09:42:01,57.50,1200,
09:42:01,57.50,300,
09:42:01,57.50,100,
09:42:02,57.506,500,
09:42:03,57.51,100,
09:42:03,57.51,400,
09:42:03,57.51,500,
09:42:03,57.51,100,
09:42:03,57.51,100,
09:42:03,57.52,200,
09:42:04,57.52,374,
09:42:04,57.52,200,
09:42:05,57.52,600,
09:42:05,57.52,1100,
09:42:11,57.523,1000,
09:42:11,57.54,200,
09:42:11,57.54,200,
09:42:11,57.54,200,
09:42:11,57.54,400,
09:42:13,57.53,500,
09:42:17,57.523,300,
09:42:19,57.53,500,
09:42:23,57.53,100,
09:42:24,57.54,700,
09:42:26,57.55,200,
09:42:26,57.55,100,
09:42:26,57.55,100,
09:42:26,57.55,300,
09:42:29,57.55,200,
09:42:29,57.55,500,
09:42:29,57.56,200,
09:42:32,57.55,300,
09:42:32,57.55,100,
09:42:35,57.54,500,
09:42:35,57.54,100,
09:42:35,57.54,800,
09:42:35,57.54,513,
09:42:36,57.55,500,
09:42:39,57.55,200,
09:42:39,57.55,100,
09:42:43,57.55,100,
09:42:45,57.55,400,
09:42:45,57.56,100,
09:42:46,57.55,500,
09:42:46,57.55,100,
09:42:50,57.55,100,
09:42:50,57.55,400,
09:42:54,57.56,100,
09:42:56,57.56,500,
09:42:59,57.56,100,
09:42:59,57.56,100,
09:42:59,57.56,300,
09:43:00,57.55,500,
09:43:01,57.56,600,
09:43:05,57.57,100,
09:43:06,57.57,100,
09:43:06,57.57,100,
09:43:08,57.58,600,
09:43:08,57.58,200,
09:43:09,57.58,300,
09:43:12,57.59,513,
09:43:12,57.59,1000,
09:43:12,57.59,1000,
09:43:12,57.59,242,
09:43:12,57.59,400,
09:43:13,57.58,100,
09:43:14,57.5754,100,
09:43:14,57.58,100,
09:43:15,57.58,600,
09:43:16,57.5873,400,
09:43:16,57.59,400,
09:43:16,57.59,100,
09:43:16,57.59,100,
09:43:16,57.59,1000,
09:43:16,57.59,200,
09:43:16,57.59,600,
09:43:16,57.59,1000,
09:43:16,57.59,471,
09:43:17,57.59,100,
09:43:17,57.59,600,
09:43:19,57.59,100,
09:43:22,57.59,200,
09:43:22,57.59,400,
09:43:22,57.59,100,
09:43:22,57.58,100,
09:43:22,57.58,200,
09:43:22,57.58,800,
09:43:22,57.58,200,
09:43:22,57.58,500,
09:43:22,57.58,1297,
09:43:22,57.58,100,
09:43:24,57.57,2000,
09:43:24,57.57,2600,
09:43:24,57.57,300,
09:43:27,57.58,200,
09:43:27,57.58,600,
09:43:27,57.58,1900,
09:43:28,57.57,7300,
09:43:28,57.57,100,
09:43:28,57.57,2000,
09:43:33,57.58,150,
09:43:34,57.57,400,
09:43:34,57.57,100,
09:43:36,57.57,400,
09:43:44,57.58,400,
09:43:44,57.58,200,
09:43:46,57.58,100,
09:43:46,57.58,600,
09:43:49,57.58,400,
09:43:54,57.58,100,
09:43:54,57.58,500,
09:43:56,57.59,600,
09:43:56,57.58,200,
09:43:58,57.58,100,
09:44:00,57.58,600,
09:44:01,57.58,600,
09:44:02,57.58,100,
09:44:02,57.58,100,
09:44:03,57.58,400,
09:44:03,57.58,600,
09:44:03,57.58,118,
09:44:04,57.58,100,
09:44:05,57.57,400,
09:44:06,57.5703,100,
09:44:14,57.5784,210,
09:44:18,57.5701,400,
09:44:22,57.58,200,
09:44:24,57.57,242,
09:44:24,57.57,116,
09:44:25,57.57,191,
09:44:28,57.5707,300,
09:44:30,57.57,100,
09:44:31,57.56,169,
09:44:31,57.56,100,
09:44:35,57.5429,100,
09:44:40,57.5301,2000,
09:44:42,57.53,600,
09:44:42,57.53,200,
09:44:43,57.53,815,
09:44:43,57.53,300,
09:44:45,57.53,100,
09:44:47,57.54,100,
09:44:47,57.54,200,
09:44:47,57.54,300,
09:44:47,57.54,300,
09:44:47,57.55,100,
09:44:48,57.55,100,
09:44:48,57.55,200,
09:44:50,57.55,400,
09:44:52,57.55,100,
09:44:52,57.55,200,
09:44:59,57.56,100,
09:44:59,57.56,299,
09:45:00,57.57,285,
09:45:01,57.5754,300,
09:45:01,57.5754,400,
09:45:02,57.5631,100,
09:45:08,57.57,265,
09:45:08,57.57,200,
09:45:13,57.57,100,
09:45:13,57.57,100,
09:45:16,57.57,216,
09:45:17,57.58,100,
09:45:17,57.58,300,
09:45:17,57.58,100,
09:45:17,57.58,100,
09:45:17,57.58,100,
09:45:17,57.58,100,
09:45:18,57.58,325,
09:45:18,57.58,100,
09:45:18,57.58,600,
09:45:18,57.58,600,
09:45:18,57.58,300,
09:45:18,57.58,200,
09:45:19,57.59,100,
09:45:19,57.59,600,
09:45:19,57.59,100,
09:45:19,57.59,100,
09:45:19,57.59,100,
09:45:19,57.59,100,
09:45:19,57.59,100,
09:45:19,57.59,100,
09:45:19,57.59,100,
09:45:19,57.60,800,
09:45:19,57.60,900,
09:45:19,57.60,100,
09:45:19,57.60,100,
09:45:19,57.60,100,
09:45:19,57.60,100,
09:45:19,57.60,213,
09:45:19,57.60,100,
09:45:19,57.60,100,
09:45:19,57.60,100,
09:45:21,57.60,599,
09:45:21,57.61,513,
09:45:22,57.61,100,
09:45:24,57.61,100,
09:45:25,57.61,600,
09:45:25,57.61,792,
09:45:25,57.61,600,
09:45:25,57.61,100,
09:45:25,57.61,100,
09:45:25,57.61,100,
09:45:25,57.61,300,
09:45:25,57.61,100,
09:45:25,57.61,100,
09:45:25,57.61,100,
09:45:25,57.61,100,
09:45:26,57.62,300,
09:45:27,57.62,100,
09:45:27,57.62,100,
09:45:27,57.62,500,
09:45:27,57.62,300,
09:45:27,57.62,100,
09:45:27,57.62,500,
09:45:27,57.62,100,
09:45:27,57.62,100,
09:45:27,57.62,100,
09:45:27,57.63,100,
09:45:28,57.6299,3488,
09:45:29,57.625,216,
09:45:31,57.63,100,
09:45:31,57.63,100,
09:45:32,57.63,100,
09:45:32,57.63,100,
09:45:32,57.63,100,
09:45:32,57.63,100,
09:45:32,57.63,100,
09:45:32,57.63,300,
09:45:32,57.64,100,
09:45:32,57.64,100,
09:45:33,57.64,100,
09:45:33,57.6369,400,
09:45:33,57.6369,100,
09:45:35,57.6384,500,
09:45:35,57.64,500,
09:45:37,57.64,100,
09:45:37,57.64,100,
09:45:37,57.64,100,
09:45:37,57.64,100,
09:45:37,57.64,100,
09:45:37,57.64,100,
09:45:37,57.65,813,
09:45:37,57.65,100,
09:45:37,57.65,100,
09:45:37,57.65,100,
09:45:37,57.65,100,
09:45:37,57.65,100,
09:45:37,57.65,100,
09:45:37,57.65,600,
09:45:37,57.65,300,
09:45:37,57.66,513,
09:45:37,57.66,100,
09:45:37,57.66,100,
09:45:37,57.66,100,
09:45:37,57.66,100,
09:45:37,57.66,400,
09:45:37,57.66,100,
09:45:37,57.66,100,
09:45:37,57.66,100,
09:45:37,57.67,100,
09:45:37,57.67,100,
09:45:37,57.67,100,
09:45:37,57.67,300,
09:45:38,57.67,100,
09:45:38,57.67,100,
09:45:38,57.67,100,
09:45:38,57.67,100,
09:45:38,57.67,100,
09:45:38,57.68,100,
09:45:39,57.6768,200,
09:45:40,57.6781,600,
09:45:40,57.6789,400,
09:45:41,57.67,100,
09:45:42,57.68,1725,
09:45:43,57.67,300,
09:45:43,57.67,200,
09:45:43,57.67,300,
09:45:43,57.67,200,
09:45:43,57.67,300,
09:45:43,57.67,300,
09:45:43,57.67,400,
09:45:43,57.67,600,
09:45:43,57.67,200,
09:45:46,57.68,100,
09:45:46,57.67,100,
09:45:46,57.67,600,
09:45:47,57.67,200,
09:45:47,57.68,200,
09:45:47,57.68,100,
09:45:47,57.68,100,
09:45:47,57.68,400,
09:45:47,57.68,700,
09:45:47,57.68,100,
09:45:47,57.68,100,
09:45:47,57.68,100,
09:45:47,57.67,400,
09:45:47,57.67,100,
09:45:47,57.67,200,
09:45:51,57.68,500,
09:45:51,57.68,1347,
09:45:51,57.68,2100,
09:45:51,57.68,1700,
09:45:55,57.67,600,
09:45:55,57.66,100,
09:45:55,57.66,100,
09:45:55,57.66,900,
09:45:56,57.669,4341,
09:45:57,57.66,100,
09:45:57,57.66,100,
09:45:57,57.66,600,
09:45:58,57.6684,100,
09:46:00,57.66,400,
09:46:00,57.66,3900,
09:46:00,57.66,1000,
09:46:00,57.66,1200,
09:46:00,57.66,500,
09:46:00,57.66,850,
09:46:00,57.66,200,
09:46:02,57.66,2100,
09:46:02,57.66,100,
09:46:02,57.66,100,
09:46:02,57.66,100,
09:46:02,57.66,100,
09:46:02,57.66,100,
09:46:02,57.66,100,
09:46:02,57.65,100,
09:46:02,57.65,100,
09:46:02,57.65,100,
09:46:02,57.65,100,
09:46:02,57.65,100,
09:46:02,57.65,100,
09:46:02,57.65,400,
09:46:02,57.65,400,
09:46:02,57.65,600,
09:46:02,57.65,240,
09:46:03,57.6499,2700,
09:46:03,57.6499,2600,
09:46:04,57.65,300,
09:46:05,57.66,100,
09:46:05,57.66,200,
09:46:06,57.66,100,
09:46:06,57.66,100,
09:46:06,57.66,100,
09:46:06,57.66,100,
09:46:06,57.66,100,
09:46:06,57.66,100,
09:46:06,57.66,300,
09:46:07,57.66,195,
09:46:08,57.66,200,
09:46:09,57.66,400,
09:46:09,57.66,1000,
09:46:13,57.66,216,
09:46:13,57.66,384,
09:46:13,57.6599,200,
09:46:13,57.66,200,
09:46:13,57.66,300,
09:46:13,57.66,200,
09:46:14,57.66,1000,
09:46:14,57.66,600,
09:46:15,57.66,101,
09:46:15,57.66,825,
09:46:16,57.66,200,
09:46:17,57.66,200,
09:46:17,57.66,200,
09:46:17,57.66,600,
09:46:18,57.66,100,
09:46:18,57.6606,200,
09:46:18,57.661,200,
09:46:18,57.66,200,
09:46:23,57.67,100,
09:46:23,57.66,200,
09:46:23,57.66,100,
09:46:23,57.66,300,
09:46:23,57.66,500,
09:46:25,57.66,200,
09:46:26,57.6699,1000,
09:46:29,57.66,100,
09:46:29,57.66,200,
09:46:29,57.66,400,
09:46:29,57.66,100,
09:46:29,57.66,300,
09:46:29,57.65,200,
09:46:29,57.65,100,
09:46:30,57.66,216,
09:46:30,57.66,200,
09:46:30,57.66,100,
09:46:30,57.66,800,
09:46:30,57.66,100,
09:46:30,57.66,100,
09:46:30,57.66,200,
09:46:32,57.66,100,
09:46:32,57.67,200,
09:46:32,57.67,1000,
09:46:32,57.67,300,
09:46:32,57.6699,1000,
09:46:32,57.67,1000,
09:46:32,57.67,1600,
09:46:32,57.67,100,
09:46:32,57.67,100,
09:46:32,57.67,800,
09:46:32,57.67,500,
09:46:32,57.67,400,
09:46:32,57.67,300,
09:46:32,57.67,600,
09:46:32,57.67,600,
09:46:32,57.67,100,
09:46:32,57.67,100,
09:46:32,57.67,100,
09:46:32,57.67,100,
09:46:32,57.67,100,
09:46:32,57.67,500,
09:46:32,57.67,100,
09:46:32,57.67,550,
09:46:32,57.67,100,
09:46:32,57.67,200,
09:46:32,57.67,300,
09:46:32,57.67,200,
09:46:32,57.67,900,
09:46:32,57.67,550,
09:46:32,57.67,765,
09:46:32,57.67,500,
09:46:32,57.67,300,
09:46:32,57.67,200,
09:46:33,57.6671,100,
09:46:34,57.66,100,
09:46:34,57.66,500,
09:46:37,57.66,216,
09:46:37,57.67,300,
09:46:39,57.665,216,
09:46:39,57.66,112,
09:46:41,57.66,100,
09:46:41,57.66,400,
09:46:41,57.66,688,
09:46:41,57.66,200,
09:46:41,57.66,100,
09:46:41,57.66,100,
09:46:41,57.66,100,
09:46:41,57.66,100,
09:46:41,57.66,100,
09:46:42,57.66,400,
09:46:42,57.66,100,
09:46:42,57.67,2268,
09:46:43,57.65,100,
09:46:44,57.66,600,
09:46:44,57.66,2100,
09:46:44,57.66,800,
09:46:44,57.66,100,
09:46:44,57.66,600,
09:46:44,57.66,216,
09:46:44,57.66,138,
09:46:44,57.66,451,
09:46:45,57.66,255,
09:46:45,57.6599,1000,
09:46:45,57.66,100,
09:46:47,57.65,200,
09:46:47,57.65,100,
09:46:47,57.65,100,
09:46:47,57.65,200,
09:46:47,57.65,100,
09:46:49,57.66,100,
09:46:49,57.66,200,
09:46:49,57.6605,500,
09:46:52,57.67,100,
09:46:52,57.67,100,
09:46:52,57.67,100,
09:46:52,57.67,100,
09:46:52,57.67,100,
09:46:52,57.67,100,
09:46:52,57.67,100,
09:46:52,57.67,1000,
09:46:52,57.67,200,
09:46:52,57.68,3400,
09:46:52,57.68,100,
09:46:52,57.68,200,
09:46:52,57.68,400,
09:46:52,57.68,2000,
09:46:52,57.68,1000,
09:46:52,57.68,600,
09:46:52,57.68,800,
09:46:52,57.68,100,
09:46:52,57.68,100,
09:46:52,57.68,1000,
09:46:52,57.68,200,
09:46:52,57.68,200,
09:46:52,57.68,300,
09:46:52,57.68,3100,
09:46:52,57.68,2700,
09:46:52,57.68,100,
09:46:52,57.68,3100,
09:46:52,57.68,100,
09:46:52,57.68,100,
09:46:52,57.68,100,
09:46:52,57.68,2400,
09:46:52,57.68,4000,
09:46:52,57.68,416,
09:46:52,57.68,100,
09:46:52,57.68,400,
09:46:52,57.68,116,
09:46:52,57.68,100,
09:46:52,57.68,400,
09:46:52,57.68,100,
09:46:52,57.68,100,
09:46:52,57.68,1000,
09:46:52,57.68,100,
09:46:52,57.68,100,
09:46:52,57.68,500,
09:46:52,57.68,600,
09:46:52,57.69,300,
09:46:53,57.68,216,
09:46:56,57.68,600,
09:46:56,57.68,400,
09:46:56,57.68,100,
09:46:56,57.68,300,
09:46:56,57.68,216,
09:46:56,57.68,100,
09:46:56,57.68,400,
09:46:56,57.68,400,
09:46:56,57.68,200,
09:46:56,57.68,1000,
09:46:56,57.68,1000,
09:46:56,57.68,2100,
09:46:56,57.68,400,
09:46:56,57.68,100,
09:46:56,57.68,1000,
09:46:56,57.68,400,
09:46:56,57.68,400,
09:46:56,57.68,100,
09:46:56,57.68,416,
09:46:56,57.68,216,
09:46:56,57.68,134,
09:46:56,57.68,2000,
09:46:56,57.68,400,
09:46:56,57.68,600,
09:46:56,57.6825,1300,
09:46:56,57.68,600,
09:46:56,57.68,400,
09:46:56,57.68,100,
09:46:56,57.68,800,
09:46:56,57.68,100,
09:46:56,57.68,550,
09:46:56,57.68,500,
09:46:56,57.68,600,
09:46:57,57.68,1800,
09:46:57,57.68,1000,
09:46:57,57.68,500,
09:46:57,57.68,100,
09:46:57,57.68,100,
09:46:57,57.68,400,
09:46:57,57.68,400,
09:46:57,57.68,200,
09:46:57,57.68,900,
09:46:57,57.68,600,
09:46:57,57.68,1000,
09:46:57,57.68,500,
09:46:57,57.68,1200,
09:46:57,57.68,1000,
09:46:57,57.68,100,
09:46:57,57.68,200,
09:46:57,57.68,2000,
09:46:57,57.68,600,
09:46:57,57.68,600,
09:46:57,57.68,500,
09:46:57,57.68,500,
09:46:57,57.68,1900,
09:46:57,57.68,400,
09:46:57,57.67,316,
09:46:57,57.67,400,
09:46:57,57.68,200,
09:46:57,57.68,500,
09:46:57,57.68,1000,
09:46:57,57.68,400,
09:46:57,57.68,300,
09:46:57,57.68,400,
09:46:57,57.68,300,
09:46:57,57.68,800,
09:46:57,57.68,500,
09:46:57,57.68,600,
09:46:57,57.68,400,
09:46:57,57.68,100,
09:46:57,57.68,400,
09:46:57,57.68,600,
09:46:57,57.68,2500,
09:46:57,57.68,200,
09:46:57,57.68,300,
09:46:57,57.68,100,
09:46:58,57.68,500,
09:46:58,57.68,100,
09:46:58,57.68,300,
09:46:58,57.68,200,
09:46:59,57.6799,2100,
09:47:02,57.68,321,
09:47:02,57.68,500,
09:47:02,57.68,100,
09:47:02,57.68,1821,
09:47:02,57.69,100,
09:47:02,57.69,100,
09:47:02,57.69,600,
09:47:02,57.69,100,
09:47:02,57.69,400,
09:47:02,57.69,100,
09:47:02,57.69,100,
09:47:02,57.69,100,
09:47:02,57.69,500,
09:47:02,57.69,815,
09:47:02,57.69,200,
09:47:02,57.69,200,
09:47:02,57.69,2100,
09:47:02,57.69,11000,
09:47:02,57.69,3100,
09:47:02,57.69,300,
09:47:02,57.69,800,
09:47:02,57.69,200,
09:47:02,57.69,400,
09:47:02,57.69,100,
09:47:02,57.69,3400,
09:47:02,57.69,100,
09:47:02,57.69,100,
09:47:03,57.69,100,
09:47:04,57.70,100,
09:47:04,57.70,3400,
09:47:04,57.70,100,
09:47:04,57.70,300,
09:47:04,57.70,100,
09:47:04,57.70,100,
09:47:04,57.70,100,
09:47:05,57.70,100,
09:47:06,57.70,100,
09:47:06,57.70,100,
09:47:06,57.70,300,
09:47:06,57.70,300,
09:47:08,57.71,100,
09:47:08,57.71,100,
09:47:08,57.71,100,
09:47:08,57.71,300,
09:47:09,57.71,400,
09:47:09,57.71,100,
09:47:09,57.71,100,
09:47:09,57.71,100,
09:47:09,57.71,100,
09:47:09,57.71,100,
09:47:09,57.7154,100,
09:47:11,57.72,100,
09:47:13,57.713,1000,
09:47:13,57.72,100,
09:47:13,57.72,100,
09:47:14,57.717,500,
09:47:14,57.72,100,
09:47:14,57.72,100,
09:47:14,57.72,100,
09:47:14,57.72,100,
09:47:14,57.72,100,
09:47:18,57.72,1000,
09:47:19,57.721,500,
09:47:19,57.721,500,
09:47:20,57.72,100,
09:47:20,57.72,300,
09:47:20,57.72,300,
09:47:20,57.73,100,
09:47:20,57.73,100,
09:47:20,57.73,100,
09:47:20,57.73,100,
09:47:20,57.73,100,
09:47:20,57.73,100,
09:47:20,57.73,100,
09:47:20,57.73,100,
09:47:21,57.73,100,
09:47:23,57.72,200,
09:47:23,57.72,100,
09:47:23,57.72,100,
09:47:23,57.72,100,
09:47:23,57.72,100,
09:47:23,57.72,100,
09:47:23,57.72,100,
09:47:23,57.72,300,
09:47:23,57.72,100,
09:47:23,57.73,200,
09:47:27,57.7289,1000,
09:47:30,57.7201,400,
09:47:30,57.7201,200,
09:47:30,57.7201,200,
09:47:30,57.72,400,
09:47:30,57.72,300,
09:47:30,57.72,500,
09:47:30,57.72,400,
09:47:30,57.72,1500,
09:47:30,57.72,1700,
09:47:31,57.72,100,
09:47:32,57.72,1600,
09:47:33,57.72,200,
09:47:33,57.72,100,
09:47:34,57.72,200,
09:47:34,57.72,300,
09:47:34,57.72,800,
09:47:34,57.72,200,
09:47:36,57.72,200,
09:47:36,57.71,100,
09:47:37,57.72,400,
09:47:37,57.72,500,
09:47:37,57.72,200,
09:47:37,57.72,500,
09:47:39,57.71,100,
09:47:39,57.73,100,
09:47:39,57.73,100,
09:47:39,57.73,100,
09:47:39,57.73,100,
09:47:39,57.73,100,
09:47:39,57.73,100,
09:47:41,57.7389,1000,
09:47:43,57.74,100,
09:47:43,57.74,100,
09:47:43,57.74,200,
09:47:43,57.74,100,
09:47:43,57.74,100,
09:47:43,57.74,100,
09:47:43,57.74,100,
09:47:44,57.737,100,
09:47:47,57.74,200,
09:47:47,57.73,100,
09:47:47,57.73,100,
09:47:47,57.73,100,
09:47:48,57.74,300,
09:47:48,57.74,100,
09:47:48,57.74,900,
09:47:48,57.74,100,
09:47:50,57.74,600,
09:47:53,57.73,100,
09:47:53,57.73,416,
09:47:53,57.73,100,
09:47:54,57.73,100,
09:47:54,57.73,100,
09:47:54,57.73,100,
09:47:54,57.73,100,
09:47:54,57.73,100,
09:47:54,57.73,100,
09:47:54,57.73,100,
09:47:54,57.73,100,
09:47:54,57.73,100,
09:47:56,57.72,100,
09:47:56,57.73,100,
09:47:56,57.73,500,
09:47:56,57.73,100,
09:47:56,57.73,300,
09:47:58,57.73,200,
09:47:58,57.73,600,
09:47:58,57.73,400,
09:47:58,57.73,600,
09:48:01,57.73,200,
09:48:01,57.73,600,
09:48:01,57.73,100,
09:48:01,57.73,100,
09:48:01,57.73,100,
09:48:03,57.73,300,
09:48:05,57.74,600,
09:48:05,57.74,100,
09:48:05,57.74,100,
09:48:05,57.74,100,
09:48:05,57.74,100,
09:48:06,57.74,100,
09:48:09,57.7399,100,
09:48:12,57.74,100,
09:48:12,57.74,300,
09:48:16,57.74,400,
09:48:16,57.74,100,
09:48:16,57.74,200,
09:48:16,57.74,600,
09:48:16,57.74,400,
09:48:20,57.74,100,
09:48:20,57.74,200,
09:48:20,57.74,100,
09:48:20,57.74,1000,
09:48:21,57.74,200,
09:48:21,57.74,800,
09:48:21,57.74,400,
09:48:21,57.74,400,
09:48:21,57.74,200,
09:48:21,57.74,100,
09:48:21,57.74,400,
09:48:21,57.74,1000,
09:48:21,57.74,600,
09:48:22,57.74,200,
09:48:22,57.74,100,
09:48:22,57.74,1000,
09:48:22,57.74,190,
09:48:22,57.74,131,
09:48:22,57.74,100,
09:48:22,57.74,200,
09:48:22,57.74,100,
09:48:22,57.74,100,
09:48:22,57.74,100,
09:48:23,57.74,100,
09:48:25,57.74,100,
09:48:25,57.74,100,
09:48:25,57.74,1000,
09:48:26,57.73,300,
09:48:26,57.74,500,
09:48:26,57.74,200,
09:48:27,57.73,100,
09:48:27,57.73,100,
09:48:27,57.74,2000,
09:48:30,57.73,100,
09:48:30,57.74,2400,
09:48:31,57.73,500,
09:48:31,57.73,100,
09:48:31,57.73,100,
09:48:31,57.73,100,
09:48:31,57.73,100,
09:48:31,57.73,100,
09:48:31,57.73,600,
09:48:31,57.73,285,
09:48:31,57.73,1000,
09:48:31,57.73,600,
09:48:31,57.73,200,
09:48:31,57.73,815,
09:48:31,57.73,2000,
09:48:31,57.73,300,
09:48:31,57.73,400,
09:48:31,57.73,100,
09:48:31,57.73,400,
09:48:31,57.73,700,
09:48:31,57.73,300,
09:48:33,57.736,200,
09:48:33,57.73,100,
09:48:33,57.73,100,
09:48:34,57.73,100,
09:48:34,57.73,100,
09:48:34,57.74,100,
09:48:34,57.74,100,
09:48:34,57.74,100,
09:48:34,57.74,100,
09:48:34,57.74,100,
09:48:34,57.74,100,
09:48:34,57.74,100,
09:48:34,57.74,100,
09:48:37,57.74,100,
09:48:42,57.74,300,
09:48:42,57.74,100,
09:48:42,57.74,400,
09:48:43,57.74,100,
09:48:43,57.74,100,
09:48:53,57.74,300,
09:48:54,57.74,100,
09:48:54,57.75,200,
09:48:54,57.7496,500,
09:48:54,57.7496,300,
09:48:54,57.75,500,
09:48:54,57.75,1500,
09:48:54,57.75,100,
09:48:54,57.75,2000,
09:48:54,57.75,200,
09:48:54,57.75,200,
09:48:54,57.75,300,
09:48:54,57.75,2000,
09:48:55,57.7496,200,
09:48:55,57.7496,400,
09:48:55,57.7496,400,
09:48:55,57.7497,300,
09:48:55,57.75,100,
09:48:55,57.75,300,
09:48:55,57.75,300,
09:48:55,57.7499,500,
09:48:55,57.75,2000,
09:48:55,57.74,400,
09:48:55,57.74,100,
09:48:55,57.745,600,
09:48:56,57.75,200,
09:48:59,57.74,500,
09:48:59,57.74,400,
09:48:59,57.74,100,
09:48:59,57.745,100,
09:48:59,57.73,100,
09:49:00,57.73,300,
09:49:00,57.73,100,
09:49:00,57.73,100,
09:49:00,57.73,100,
09:49:00,57.73,100,
09:49:00,57.73,100,
09:49:00,57.73,100,
09:49:00,57.73,100,
09:49:00,57.73,800,
09:49:00,57.72,100,
09:49:00,57.72,100,
09:49:00,57.72,100,
09:49:00,57.72,100,
09:49:00,57.72,100,
09:49:00,57.72,100,
09:49:00,57.72,100,
09:49:00,57.72,100,
09:49:01,57.72,100,
09:49:01,57.73,200,
09:49:01,57.72,400,
09:49:01,57.72,200,
09:49:01,57.72,100,
09:49:01,57.72,400,
09:49:01,57.72,300,
09:49:01,57.71,400,
09:49:01,57.71,100,
09:49:01,57.71,100,
09:49:01,57.71,100,
09:49:01,57.71,100,
09:49:01,57.70,200,
09:49:01,57.71,200,
09:49:01,57.71,400,
09:49:01,57.71,500,
09:49:01,57.71,300,
09:49:01,57.71,800,
09:49:01,57.71,100,
09:49:01,57.71,400,
09:49:01,57.71,100,
09:49:01,57.71,100,
09:49:01,57.71,1700,
09:49:01,57.71,800,
09:49:01,57.71,3100,
09:49:01,57.71,185,
09:49:01,57.71,800,
09:49:01,57.71,200,
09:49:01,57.71,1500,
09:49:01,57.71,815,
09:49:01,57.70,1600,
09:49:01,57.70,800,
09:49:01,57.70,200,
09:49:01,57.70,600,
09:49:01,57.70,1000,
09:49:01,57.70,815,
09:49:01,57.70,1000,
09:49:01,57.70,500,
09:49:01,57.70,200,
09:49:01,57.70,300,
09:49:01,57.70,200,
09:49:01,57.70,800,
09:49:01,57.70,400,
09:49:01,57.70,1000,
09:49:01,57.70,200,
09:49:01,57.69,800,
09:49:01,57.69,200,
09:49:01,57.69,600,
09:49:01,57.69,400,
09:49:01,57.69,200,
09:49:01,57.70,300,
09:49:01,57.70,100,
09:49:01,57.70,100,
09:49:01,57.70,100,
09:49:01,57.70,1000,
09:49:01,57.70,1000,
09:49:01,57.70,500,
09:49:01,57.70,800,
09:49:01,57.69,300,
09:49:01,57.69,400,
09:49:01,57.69,100,
09:49:01,57.69,8000,
09:49:01,57.69,1000,
09:49:01,57.69,1000,
09:49:01,57.69,500,
09:49:01,57.69,1700,
09:49:01,57.69,500,
09:49:01,57.69,2000,
09:49:01,57.69,200,
09:49:01,57.68,1000,
09:49:01,57.68,2000,
09:49:01,57.68,400,
09:49:01,57.68,200,
09:49:01,57.68,200,
09:49:01,57.68,200,
09:49:01,57.68,400,
09:49:01,57.68,400,
09:49:01,57.68,100,
09:49:01,57.68,200,
09:49:01,57.69,600,
09:49:01,57.69,2400,
09:49:01,57.69,1600,
09:49:01,57.69,800,
09:49:01,57.69,200,
09:49:01,57.68,400,
09:49:01,57.68,300,
09:49:01,57.68,400,
09:49:01,57.68,200,
09:49:01,57.68,300,
09:49:01,57.68,4100,
09:49:01,57.68,100,
09:49:01,57.68,3400,
09:49:01,57.68,3400,
09:49:01,57.68,815,
09:49:01,57.68,1000,
09:49:01,57.68,1000,
09:49:01,57.69,1000,
09:49:01,57.71,500,
09:49:01,57.71,400,
09:49:01,57.70,100,
09:49:01,57.70,200,
09:49:01,57.70,700,
09:49:01,57.70,100,
09:49:01,57.70,100,
09:49:01,57.70,100,
09:49:01,57.70,400,
09:49:01,57.70,900,
09:49:01,57.71,400,
09:49:01,57.71,400,
09:49:01,57.71,200,
09:49:01,57.71,200,
09:49:01,57.70,800,
09:49:01,57.70,2000,
09:49:01,57.70,4300,
09:49:01,57.70,400,
09:49:01,57.70,200,
09:49:01,57.70,400,
09:49:01,57.70,200,
09:49:01,57.70,300,
09:49:01,57.70,400,
09:49:01,57.70,1200,
09:49:01,57.70,400,
09:49:01,57.69,900,
09:49:01,57.69,400,
09:49:01,57.69,100,
09:49:01,57.69,100,
09:49:01,57.69,400,
09:49:01,57.69,400,
09:49:01,57.70,100,
09:49:01,57.70,100,
09:49:01,57.70,100,
09:49:01,57.69,300,
09:49:01,57.69,400,
09:49:01,57.69,100,
09:49:01,57.69,400,
09:49:01,57.69,100,
09:49:01,57.69,100,
09:49:01,57.69,400,
09:49:01,57.69,100,
09:49:01,57.69,100,
09:49:01,57.69,438,
09:49:01,57.69,100,
09:49:01,57.69,100,
09:49:01,57.69,100,
09:49:01,57.69,100,
09:49:01,57.69,456,
09:49:01,57.68,530,
09:49:01,57.68,115,
09:49:01,57.68,300,
09:49:01,57.71,6800,
09:49:01,57.71,200,
09:49:01,57.69,100,
09:49:01,57.68,100,
09:49:01,57.68,400,
09:49:01,57.68,800,
09:49:01,57.68,100,
09:49:01,57.68,100,
09:49:01,57.68,100,
09:49:01,57.68,100,
09:49:01,57.68,100,
09:49:01,57.68,100,
09:49:01,57.68,100,
09:49:01,57.67,100,
09:49:01,57.68,400,
09:49:01,57.68,400,
09:49:01,57.68,100,
09:49:01,57.68,500,
09:49:01,57.68,100,
09:49:01,57.68,400,
09:49:01,57.68,400,
09:49:01,57.68,550,
09:49:01,57.68,1500,
09:49:01,57.68,500,
09:49:01,57.68,400,
09:49:01,57.68,100,
09:49:01,57.68,100,
09:49:01,57.67,413,
09:49:01,57.67,700,
09:49:01,57.67,8703,
09:49:01,57.67,1000,
09:49:01,57.67,400,
09:49:01,57.67,3400,
09:49:01,57.67,2900,
09:49:01,57.67,300,
09:49:01,57.67,100,
09:49:01,57.67,100,
09:49:01,57.67,100,
09:49:01,57.67,100,
09:49:01,57.67,1000,
09:49:01,57.67,200,
09:49:01,57.67,300,
09:49:01,57.67,400,
09:49:01,57.67,800,
09:49:01,57.67,100,
09:49:01,57.67,100,
09:49:01,57.67,100,
09:49:01,57.67,100,
09:49:01,57.67,100,
09:49:01,57.68,100,
09:49:01,57.68,200,
09:49:01,57.68,300,
09:49:02,57.68,600,
09:49:03,57.6707,300,
09:49:03,57.68,100,
09:49:03,57.68,600,
09:49:03,57.68,200,
09:49:03,57.68,400,
09:49:03,57.68,400,
09:49:03,57.68,400,
09:49:03,57.68,200,
09:49:03,57.68,200,
09:49:03,57.68,100,
09:49:03,57.68,100,
09:49:03,57.68,100,
09:49:03,57.68,100,
09:49:03,57.68,100,
09:49:03,57.68,200,
09:49:03,57.68,200,
09:49:04,57.67,100,
09:49:04,57.67,800,
09:49:04,57.67,1000,
09:49:04,57.67,300,
09:49:04,57.66,400,
09:49:04,57.66,3400,
09:49:04,57.66,8000,
09:49:04,57.66,500,
09:49:04,57.66,1700,
09:49:04,57.66,2000,
09:49:04,57.66,300,
09:49:04,57.67,100,
09:49:04,57.67,100,
09:49:04,57.67,100,
09:49:04,57.67,100,
09:49:04,57.67,100,
09:49:04,57.67,100,
09:49:04,57.67,3100,
09:49:04,57.67,815,
09:49:04,57.66,2700,
09:49:04,57.66,100,
09:49:04,57.66,200,
09:49:04,57.66,400,
09:49:04,57.66,1000,
09:49:04,57.66,200,
09:49:04,57.66,300,
09:49:04,57.66,200,
09:49:04,57.66,100,
09:49:04,57.66,100,
09:49:04,57.66,1000,
09:49:04,57.67,200,
09:49:04,57.66,100,
09:49:04,57.66,400,
09:49:04,57.66,600,
09:49:04,57.66,1600,
09:49:04,57.67,300,
09:49:04,57.66,200,
09:49:04,57.66,200,
09:49:04,57.67,200,
09:49:04,57.67,500,
09:49:04,57.67,301,
09:49:04,57.67,199,
09:49:04,57.67,100,
09:49:04,57.67,100,
09:49:04,57.67,500,
09:49:04,57.67,100,
09:49:04,57.66,400,
09:49:04,57.66,500,
09:49:04,57.66,1000,
09:49:04,57.67,200,
09:49:04,57.67,200,
09:49:04,57.67,600,
09:49:04,57.67,100,
09:49:04,57.68,100,
09:49:04,57.68,200,
09:49:04,57.68,500,
09:49:06,57.68,200,
09:49:06,57.68,300,
09:49:06,57.67,300,
09:49:06,57.67,100,
09:49:06,57.6701,1000,
09:49:09,57.67,400,
09:49:09,57.67,102,
09:49:09,57.67,107,
09:49:09,57.67,400,
09:49:09,57.67,300,
09:49:09,57.67,100,
09:49:11,57.66,100,
09:49:11,57.66,700,
09:49:11,57.66,1000,
09:49:11,57.66,800,
09:49:11,57.66,100,
09:49:11,57.66,100,
09:49:11,57.66,100,
09:49:11,57.66,800,
09:49:11,57.66,800,
09:49:11,57.66,2100,
09:49:11,57.66,200,
09:49:11,57.65,400,
09:49:11,57.65,100,
09:49:11,57.65,100,
09:49:11,57.65,100,
09:49:11,57.65,100,
09:49:12,57.64,100,
09:49:12,57.64,100,
09:49:12,57.64,300,
09:49:12,57.64,300,
09:49:12,57.65,200,
09:49:12,57.65,600,
09:49:12,57.65,1400,
09:49:12,57.645,100,
09:49:13,57.65,100,
09:49:14,57.65,197,
09:49:14,57.65,200,
09:49:14,57.65,600,
09:49:14,57.64,100,
09:49:14,57.65,200,
09:49:17,57.65,200,
09:49:19,57.64,1000,
09:49:19,57.64,200,
09:49:19,57.64,300,
09:49:19,57.64,500,
09:49:19,57.64,400,
09:49:19,57.64,100,
09:49:19,57.65,100,
09:49:20,57.64,100,
09:49:20,57.64,100,
09:49:20,57.64,100,
09:49:20,57.64,100,
09:49:20,57.64,100,
09:49:26,57.65,100,
09:49:26,57.65,100,
09:49:26,57.65,400,
09:49:26,57.65,100,
09:49:26,57.65,100,
09:49:26,57.65,100,
09:49:26,57.65,100,
09:49:26,57.65,100,
09:49:26,57.65,100,
09:49:27,57.64,100,
09:49:27,57.64,200,
09:49:28,57.64,100,
09:49:28,57.64,100,
09:49:28,57.64,100,
09:49:28,57.64,100,
09:49:30,57.65,100,
09:49:30,57.65,2000,
09:49:30,57.65,4000,
09:49:30,57.65,600,
09:49:30,57.65,400,
09:49:30,57.65,260,
09:49:30,57.65,200,
09:49:30,57.65,360,
09:49:31,57.65,100,
09:49:34,57.64,100,
09:49:34,57.64,100,
09:49:34,57.64,100,
09:49:34,57.64,100,
09:49:34,57.64,400,
09:49:34,57.64,100,
09:49:35,57.6397,400,
09:49:35,57.64,300,
09:49:35,57.64,300,
09:49:35,57.64,100,
09:49:35,57.64,300,
09:49:35,57.64,300,
09:49:35,57.64,100,
09:49:35,57.64,200,
09:49:35,57.64,100,
09:49:35,57.64,100,
09:49:35,57.64,200,
09:49:35,57.64,100,
09:49:35,57.64,200,
09:49:36,57.64,200,
09:49:36,57.64,100,
09:49:36,57.64,100,
09:49:36,57.64,300,
09:49:36,57.64,329,
09:49:36,57.64,400,
09:49:36,57.64,300,
09:49:36,57.64,100,
09:49:36,57.64,600,
09:49:36,57.64,600,
09:49:36,57.64,100,
09:49:36,57.64,300,
09:49:36,57.64,100,
09:49:36,57.64,100,
09:49:36,57.64,491,
09:49:36,57.64,100,
09:49:36,57.64,299,
09:49:37,57.64,600,
09:49:37,57.63,100,
09:49:37,57.63,600,
09:49:37,57.63,1400,
09:49:39,57.64,100,
09:49:41,57.63,300,
09:49:42,57.63,100,
09:49:42,57.63,100,
09:49:42,57.63,100,
09:49:42,57.63,100,
09:49:42,57.63,100,
09:49:42,57.63,600,
09:49:42,57.63,100,
09:49:42,57.63,100,
09:49:42,57.63,800,
09:49:42,57.63,100,
09:49:42,57.63,100,
09:49:42,57.62,100,
09:49:42,57.62,100,
09:49:42,57.62,100,
09:49:42,57.62,100,
09:49:42,57.62,500,
09:49:42,57.62,100,
09:49:42,57.62,100,
09:49:42,57.62,100,
09:49:42,57.62,100,
09:49:42,57.62,400,
09:49:42,57.625,300,
09:49:42,57.62,100,
09:49:42,57.62,100,
09:49:42,57.62,100,
09:49:42,57.62,200,
09:49:42,57.62,100,
09:49:42,57.62,100,
09:49:42,57.62,200,
09:49:43,57.62,100,
09:49:47,57.61,100,
09:49:47,57.61,100,
09:49:47,57.61,100,
09:49:47,57.61,100,
09:49:47,57.61,100,
09:49:47,57.61,100,
09:49:47,57.61,100,
09:49:47,57.61,600,
09:49:47,57.61,400,
09:49:47,57.61,100,
09:49:47,57.61,100,
09:49:50,57.61,200,
09:49:50,57.61,600,
09:49:50,57.61,1800,
09:49:50,57.61,2100,
09:49:50,57.61,600,
09:49:50,57.61,400,
09:49:50,57.61,200,
09:49:50,57.61,100,
09:49:50,57.61,200,
09:49:50,57.61,200,
09:49:50,57.615,400,
09:49:50,57.62,100,
09:49:50,57.62,100,
09:49:50,57.62,100,
09:49:50,57.6199,100,
09:49:50,57.62,100,
09:49:50,57.62,100,
09:49:50,57.62,100,
09:49:50,57.62,192,
09:49:50,57.62,100,
09:49:50,57.62,100,
09:49:50,57.62,100,
09:49:50,57.62,100,
09:49:51,57.63,1000,
09:49:51,57.63,600,
09:49:51,57.63,400,
09:49:51,57.63,100,
09:49:51,57.63,100,
09:49:51,57.63,100,
09:49:51,57.63,500,
09:49:51,57.63,100,
09:49:51,57.63,100,
09:49:51,57.63,100,
09:49:51,57.63,301,
09:49:51,57.6325,100,
09:49:51,57.63,100,
09:49:52,57.63,200,
09:49:52,57.63,100,
09:49:52,57.635,100,
09:49:53,57.63,200,
09:49:53,57.63,100,
09:49:53,57.63,100,
09:49:53,57.63,200,
09:49:53,57.63,400,
09:49:53,57.63,100,
09:49:53,57.63,100,
09:49:54,57.635,100,
09:49:54,57.63,200,
09:49:54,57.63,100,
09:49:56,57.6244,100,
09:49:58,57.63,100,
09:49:58,57.6396,200,
09:49:58,57.6396,100,
09:49:58,57.64,1000,
09:49:58,57.64,200,
09:49:58,57.64,300,
09:49:58,57.6397,300,
09:49:58,57.64,300,
09:49:58,57.64,200,
09:49:58,57.64,500,
09:49:58,57.6399,2000,
09:49:58,57.6399,300,
09:49:58,57.6399,200,
09:49:58,57.64,200,
09:49:58,57.64,200,
09:49:58,57.64,300,
09:49:58,57.64,200,
09:49:58,57.64,100,
09:49:58,57.64,300,
09:49:58,57.64,600,
09:49:59,57.63,700,
09:49:59,57.63,200,
09:49:59,57.63,600,
09:49:59,57.63,100,
09:49:59,57.63,200,
09:49:59,57.62,100,
09:50:00,57.623,138,
09:50:01,57.63,600,
09:50:01,57.64,200,
09:50:02,57.64,200,
09:50:02,57.64,100,
09:50:02,57.64,100,
09:50:02,57.64,100,
09:50:02,57.64,100,
09:50:02,57.64,600,
09:50:02,57.64,100,
09:50:02,57.64,387,
09:50:03,57.65,353,
09:50:03,57.65,753,
09:50:04,57.65,100,
09:50:04,57.65,100,
09:50:04,57.65,100,
09:50:04,57.65,100,
09:50:04,57.65,100,
09:50:04,57.65,100,
09:50:04,57.65,288,
09:50:06,57.65,100,
09:50:06,57.66,200,
09:50:06,57.65,400,
09:50:06,57.65,100,
09:50:06,57.65,300,
09:50:06,57.65,100,
09:50:06,57.65,300,
09:50:06,57.65,200,
09:50:06,57.651,100,
09:50:06,57.655,100,
09:50:06,57.65,100,
09:50:06,57.65,400,
09:50:07,57.65,100,
09:50:07,57.65,600,
09:50:07,57.655,700,
09:50:07,57.65,100,
09:50:13,57.65,600,
09:50:13,57.65,100,
09:50:13,57.65,100,
09:50:13,57.65,400,
09:50:13,57.64,100,
09:50:13,57.655,100,
09:50:13,57.655,100,
09:50:13,57.64,100,
09:50:13,57.64,100,
09:50:13,57.64,100,
09:50:13,57.64,100,
09:50:13,57.64,100,
09:50:13,57.64,100,
09:50:13,57.64,100,
09:50:13,57.64,400,
09:50:13,57.64,100,
09:50:13,57.65,100,
09:50:13,57.65,200,
09:50:13,57.65,500,
09:50:13,57.645,500,
09:50:15,57.64,100,
09:50:15,57.64,100,
09:50:15,57.64,500,
09:50:16,57.64,100,
09:50:16,57.64,413,
09:50:16,57.64,100,
09:50:21,57.65,300,
09:50:21,57.65,100,
09:50:21,57.65,100,
09:50:21,57.65,100,
09:50:21,57.65,100,
09:50:21,57.65,100,
09:50:21,57.65,100,
09:50:21,57.65,200,
09:50:21,57.65,600,
09:50:21,57.65,100,
09:50:21,57.65,442,
09:50:21,57.65,500,
09:50:21,57.65,500,
09:50:21,57.66,100,
09:50:24,57.6599,400,
09:50:25,57.66,100,
09:50:26,57.66,100,
09:50:26,57.66,100,
09:50:26,57.66,100,
09:50:26,57.66,100,
09:50:26,57.66,100,
09:50:26,57.66,100,
09:50:26,57.66,500,
09:50:27,57.67,100,
09:50:27,57.67,300,
09:50:28,57.67,213,
09:50:35,57.66,1000,
09:50:35,57.66,100,
09:50:35,57.665,100,
09:50:35,57.665,100,
09:50:35,57.66,100,
09:50:35,57.65,100,
09:50:35,57.65,100,
09:50:35,57.65,400,
09:50:35,57.65,100,
09:50:35,57.66,200,
09:50:37,57.66,200,
09:50:40,57.65,200,
09:50:40,57.6501,1000,
09:50:44,57.655,100,
09:50:45,57.66,100,
09:50:46,57.67,100,
09:50:46,57.67,600,
09:50:51,57.67,100,
09:50:51,57.67,100,
09:50:51,57.67,100,
09:50:51,57.67,100,
09:50:51,57.67,100,
09:50:52,57.67,100,
09:50:52,57.67,300,
09:50:53,57.67,200,
09:50:57,57.68,100,
09:50:57,57.68,100,
09:50:57,57.68,100,
09:50:57,57.68,100,
09:50:57,57.68,100,
09:50:57,57.68,100,
09:50:57,57.68,200,
09:50:57,57.68,300,
09:50:58,57.685,500,
09:50:59,57.69,100,
09:50:59,57.69,100,
09:50:59,57.69,200,
09:50:59,57.69,200,
09:50:59,57.69,200,
09:50:59,57.69,280,
09:50:59,57.69,433,
09:50:59,57.69,100,
09:50:59,57.69,100,
09:50:59,57.69,100,
09:50:59,57.69,100,
09:50:59,57.69,100,
09:50:59,57.69,100,
09:51:07,57.69,172,
09:51:07,57.69,100,
09:51:07,57.69,100,
09:51:07,57.69,190,
09:51:07,57.69,100,
09:51:07,57.69,600,
09:51:07,57.69,300,
09:51:07,57.695,100,
09:51:07,57.69,1600,
09:51:07,57.69,120,
09:51:07,57.695,100,
09:51:09,57.69,100,
09:51:09,57.69,100,
09:51:09,57.695,100,
09:51:10,57.69,300,
09:51:11,57.68,200,
09:51:11,57.68,100,
09:51:11,57.68,1000,
09:51:11,57.68,100,
09:51:11,57.68,200,
09:51:11,57.68,600,
09:51:11,57.68,100,
09:51:11,57.68,100,
09:51:11,57.68,100,
09:51:11,57.68,100,
09:51:11,57.68,100,
09:51:11,57.68,100,
09:51:11,57.68,100,
09:51:11,57.68,100,
09:51:11,57.68,200,
09:51:11,57.69,2600,
09:51:13,57.68,200,
09:51:14,57.68,100,
09:51:16,57.67,300,
09:51:16,57.67,100,
09:51:16,57.67,100,
09:51:16,57.67,500,
09:51:16,57.67,100,
09:51:16,57.67,2200,
09:51:16,57.67,500,
09:51:16,57.67,600,
09:51:16,57.67,400,
09:51:16,57.67,100,
09:51:16,57.67,100,
09:51:16,57.67,100,
09:51:16,57.67,100,
09:51:16,57.67,100,
09:51:16,57.67,100,
09:51:16,57.67,100,
09:51:16,57.67,100,
09:51:16,57.66,600,
09:51:16,57.66,200,
09:51:16,57.66,1000,
09:51:16,57.66,200,
09:51:16,57.67,100,
09:51:16,57.67,200,
09:51:18,57.675,200,
09:51:20,57.67,100,
09:51:23,57.67,200,
09:51:23,57.67,100,
09:51:23,57.67,100,
09:51:23,57.67,100,
09:51:24,57.68,200,
09:51:24,57.68,500,
09:51:24,57.68,100,
09:51:24,57.68,100,
09:51:24,57.68,100,
09:51:24,57.68,100,
09:51:24,57.68,100,
09:51:24,57.68,100,
09:51:24,57.68,100,
09:51:25,57.69,100,
09:51:27,57.69,100,
09:51:27,57.69,100,
09:51:27,57.69,100,
09:51:27,57.69,500,
09:51:27,57.69,100,
09:51:27,57.69,100,
09:51:27,57.69,100,
09:51:27,57.69,100,
09:51:27,57.69,100,
09:51:28,57.695,100,
09:51:28,57.69,100,
09:51:28,57.695,100,
09:51:36,57.69,600,
09:51:38,57.69,100,
09:51:40,57.685,200,
09:51:40,57.68,300,
09:51:40,57.68,500,
09:51:40,57.68,100,
09:51:40,57.68,100,
09:51:40,57.68,100,
09:51:40,57.68,200,
09:51:40,57.68,100,
09:51:40,57.68,100,
09:51:40,57.68,100,
09:51:40,57.68,100,
09:51:40,57.68,100,
09:51:40,57.68,100,
09:51:40,57.68,100,
09:51:41,57.67,200,
09:51:41,57.67,500,
09:51:41,57.67,900,
09:51:41,57.67,2000,
09:51:41,57.67,100,
09:51:41,57.67,200,
09:51:41,57.67,100,
09:51:41,57.67,100,
09:51:41,57.67,100,
09:51:41,57.67,100,
09:51:41,57.67,300,
09:51:41,57.67,100,
09:51:41,57.67,100,
09:51:41,57.67,100,
09:51:41,57.67,100,
09:51:42,57.67,100,
09:51:43,57.67,228,
09:51:45,57.66,100,
09:51:45,57.66,100,
09:51:45,57.66,100,
09:51:45,57.66,100,
09:51:45,57.66,600,
09:51:45,57.66,100,
09:51:45,57.66,100,
09:51:45,57.66,400,
09:51:55,57.65,300,
09:51:55,57.65,200,
09:51:55,57.65,100,
09:51:55,57.65,100,
09:51:55,57.65,100,
09:51:55,57.65,100,
09:51:55,57.65,100,
09:51:55,57.65,100,
09:51:55,57.65,100,
09:51:55,57.65,100,
09:51:59,57.6425,500,
09:52:02,57.65,100,
09:52:02,57.65,100,
09:52:02,57.65,100,
09:52:07,57.65,100,
09:52:08,57.66,300,
09:52:08,57.66,100,
09:52:08,57.66,100,
09:52:08,57.66,100,
09:52:08,57.66,100,
09:52:08,57.66,100,
09:52:08,57.66,100,
09:52:08,57.66,600,
09:52:09,57.67,600,
09:52:09,57.67,1000,
09:52:10,57.67,100,
09:52:10,57.67,100,
09:52:14,57.661,300,
09:52:18,57.665,200,
09:52:18,57.665,200,
09:52:18,57.665,200,
09:52:18,57.665,200,
09:52:21,57.66,100,
09:52:21,57.66,100,
09:52:22,57.67,100,
09:52:23,57.66,100,
09:52:23,57.66,100,
09:52:23,57.665,200,
09:52:23,57.66,200,
09:52:23,57.66,391,
09:52:23,57.66,100,
09:52:23,57.66,200,
09:52:23,57.66,200,
09:52:23,57.66,100,
09:52:23,57.66,100,
09:52:23,57.66,100,
09:52:23,57.66,500,
09:52:23,57.66,650,
09:52:23,57.66,650,
09:52:23,57.66,400,
09:52:23,57.66,100,
09:52:23,57.66,200,
09:52:23,57.66,100,
09:52:23,57.66,300,
09:52:23,57.66,300,
09:52:23,57.66,600,
09:52:23,57.66,400,
09:52:23,57.66,400,
09:52:23,57.66,500,
09:52:23,57.66,1000,
09:52:25,57.66,200,
09:52:25,57.66,500,
09:52:25,57.66,600,
09:52:32,57.67,600,
09:52:32,57.67,100,
09:52:32,57.67,100,
09:52:32,57.67,100,
09:52:32,57.67,100,
09:52:32,57.67,100,
09:52:32,57.67,100,
09:52:32,57.67,100,
09:52:32,57.68,100,
09:52:34,57.6785,100,
09:52:35,57.675,100,
09:52:35,57.6725,100,
09:52:35,57.671,100,
09:52:35,57.671,1000,
09:52:38,57.6729,209,
09:52:40,57.67,2000,
09:52:40,57.67,200,
09:52:41,57.671,200,
09:52:41,57.67,200,
09:52:41,57.67,100,
09:52:41,57.67,100,
09:52:41,57.675,100,
09:52:41,57.675,200,
09:52:41,57.675,100,
09:52:41,57.67,200,
09:52:41,57.6789,400,
09:52:41,57.6796,200,
09:52:41,57.68,500,
09:52:41,57.6797,300,
09:52:41,57.68,200,
09:52:41,57.6797,200,
09:52:41,57.68,200,
09:52:41,57.6799,800,
09:52:41,57.68,300,
09:52:41,57.68,200,
09:52:41,57.6797,300,
09:52:41,57.6797,300,
09:52:41,57.6797,200,
09:52:41,57.68,300,
09:52:41,57.68,300,
09:52:41,57.68,200,
09:52:42,57.67,200,
09:52:42,57.67,200,
09:52:42,57.675,100,
09:52:42,57.6725,100,
09:52:42,57.67,200,
09:52:42,57.67,200,
09:52:42,57.67,100,
09:52:42,57.67,300,
09:52:43,57.68,200,
09:52:44,57.67,100,
09:52:51,57.68,100,
09:52:53,57.68,100,
09:52:55,57.67,500,
09:52:55,57.67,100,
09:52:55,57.6725,100,
09:52:56,57.66,100,
09:52:56,57.66,100,
09:52:56,57.66,100,
09:52:56,57.66,100,
09:52:57,57.66,100,
09:52:57,57.66,171,
09:52:57,57.66,100,
09:52:57,57.66,100,
09:52:57,57.66,479,
09:52:57,57.66,200,
09:52:57,57.66,1000,
09:52:57,57.66,400,
09:52:57,57.66,600,
09:52:57,57.66,150,
09:52:57,57.66,500,
09:52:57,57.66,200,
09:52:57,57.66,200,
09:53:05,57.67,200,
09:53:08,57.67,800,
09:53:08,57.67,100,
09:53:08,57.67,100,
09:53:08,57.67,100,
09:53:08,57.67,200,
09:53:08,57.67,100,
09:53:08,57.67,100,
09:53:08,57.67,100,
09:53:08,57.67,100,
09:53:08,57.67,200,
09:53:08,57.67,2500,
09:53:08,57.68,100,
09:53:08,57.68,100,
09:53:08,57.68,100,
09:53:08,57.68,100,
09:53:08,57.68,100,
09:53:08,57.68,100,
09:53:08,57.68,100,
09:53:08,57.68,100,
09:53:09,57.69,2300,
09:53:11,57.68,100,
09:53:11,57.68,100,
09:53:11,57.68,100,
09:53:11,57.68,484,
09:53:11,57.685,200,
09:53:11,57.685,300,
09:53:11,57.68,200,
09:53:15,57.6706,100,
09:53:17,57.68,416,
09:53:25,57.68,200,
09:53:29,57.68,200,
09:53:31,57.675,300,
09:53:31,57.675,300,
09:53:31,57.67,100,
09:53:31,57.67,100,
09:53:31,57.67,100,
09:53:31,57.67,100,
09:53:31,57.67,100,
09:53:31,57.67,100,
09:53:31,57.67,1000,
09:53:31,57.67,100,
09:53:31,57.67,588,
09:53:31,57.67,200,
09:53:31,57.67,200,
09:53:31,57.675,200,
09:53:31,57.67,100,
09:53:31,57.67,116,
09:53:31,57.67,900,
09:53:31,57.67,250,
09:53:31,57.67,400,
09:53:31,57.67,300,
09:53:31,57.67,300,
09:53:39,57.662,366,
09:53:41,57.66,600,
09:53:41,57.665,300,
09:53:42,57.66,300,
09:53:42,57.66,100,
09:53:42,57.66,100,
09:53:42,57.66,100,
09:53:42,57.66,100,
09:53:42,57.66,200,
09:53:43,57.661,166,
09:53:43,57.661,100,
09:53:45,57.66,100,
09:53:45,57.66,100,
09:53:45,57.66,500,
09:53:45,57.66,100,
09:53:45,57.66,100,
09:53:45,57.66,100,
09:53:45,57.66,100,
09:53:45,57.66,200,
09:53:45,57.66,200,
09:53:45,57.66,200,
09:53:45,57.66,400,
09:53:45,57.66,600,
09:53:45,57.66,100,
09:53:45,57.66,1000,
09:53:45,57.66,400,
09:53:45,57.66,200,
09:53:46,57.66,2300,
09:53:46,57.66,200,
09:53:47,57.65,200,
09:53:54,57.655,100,
09:53:54,57.66,200,
09:53:54,57.66,100,
09:53:54,57.66,200,
09:53:58,57.66,200,
09:53:58,57.66,900,
09:53:59,57.6687,1000,
09:54:03,57.665,100,
09:54:03,57.67,100,
09:54:03,57.67,300,
09:54:03,57.67,200,
09:54:03,57.67,300,
09:54:03,57.67,100,
09:54:03,57.67,100,
09:54:03,57.67,100,
09:54:03,57.67,100,
09:54:03,57.67,100,
09:54:03,57.67,100,
09:54:03,57.67,100,
09:54:04,57.68,200,
09:54:04,57.68,200,
09:54:07,57.68,200,
09:54:07,57.68,100,
09:54:07,57.68,100,
09:54:07,57.68,100,
09:54:07,57.68,100,
09:54:07,57.68,100,
09:54:07,57.68,100,
09:54:07,57.68,100,
09:54:09,57.69,100,
09:54:16,57.69,100,
09:54:16,57.69,100,
09:54:16,57.69,100,
09:54:16,57.69,100,
09:54:16,57.69,100,
09:54:16,57.69,100,
09:54:16,57.69,100,
09:54:18,57.69,200,
09:54:18,57.69,100,
09:54:19,57.69,700,
09:54:19,57.6899,600,
09:54:19,57.69,600,
09:54:19,57.69,100,
09:54:19,57.69,1000,
09:54:19,57.69,100,
09:54:23,57.69,100,
09:54:23,57.70,300,
09:54:24,57.69,100,
09:54:26,57.69,100,
09:54:26,57.69,400,
09:54:26,57.69,600,
09:54:26,57.69,100,
09:54:28,57.69,100,
09:54:28,57.70,200,
09:54:30,57.70,100,
09:54:30,57.70,100,
09:54:30,57.70,100,
09:54:30,57.70,100,
09:54:30,57.70,100,
09:54:30,57.70,100,
09:54:30,57.70,100,
09:54:30,57.70,100,
09:54:30,57.70,100,
09:54:31,57.70,112,
09:54:31,57.70,600,
09:54:31,57.70,158,
09:54:31,57.70,600,
09:54:34,57.70,100,
09:54:34,57.70,100,
09:54:34,57.70,300,
09:54:34,57.71,100,
09:54:34,57.71,200,
09:54:37,57.71,100,
09:54:39,57.71,100,
09:54:40,57.71,200,
09:54:40,57.71,200,
09:54:44,57.71,100,
09:54:44,57.71,299,
09:54:44,57.71,100,
09:54:44,57.71,100,
09:54:44,57.71,100,
09:54:44,57.71,100,
09:54:44,57.71,100,
09:54:44,57.71,100,
09:54:44,57.7195,1000,
09:54:45,57.72,513,
09:54:48,57.71,100,
09:54:48,57.71,100,
09:54:49,57.71,100,
09:54:49,57.71,100,
09:54:49,57.71,200,
09:54:51,57.71,200,
09:54:51,57.71,400,
09:54:54,57.72,223,
09:54:55,57.71,600,
09:54:56,57.70,100,
09:54:56,57.70,100,
09:54:56,57.70,100,
09:54:56,57.70,600,
09:54:56,57.70,100,
09:54:56,57.70,100,
09:54:56,57.70,100,
09:54:56,57.70,2006,
09:54:56,57.70,100,
09:54:56,57.70,400,
09:54:56,57.70,600,
09:54:56,57.70,400,
09:54:56,57.70,200,
09:54:57,57.70,306,
09:54:57,57.70,400,
09:54:57,57.70,200,
09:54:57,57.69,400,
09:54:57,57.69,100,
09:54:57,57.69,100,
09:54:57,57.69,100,
09:54:57,57.69,1000,
09:54:57,57.69,200,
09:54:57,57.69,100,
09:54:57,57.69,100,
09:54:57,57.69,100,
09:54:57,57.69,100,
09:54:57,57.69,100,
09:54:57,57.69,200,
09:54:57,57.69,600,
09:54:57,57.69,100,
09:54:58,57.70,200,
09:54:59,57.69,100,
09:55:00,57.69,100,
09:55:00,57.69,100,
09:55:00,57.68,100,
09:55:00,57.68,800,
09:55:00,57.68,600,
09:55:00,57.68,600,
09:55:00,57.68,100,
09:55:00,57.68,165,
09:55:00,57.68,100,
09:55:00,57.68,100,
09:55:00,57.68,100,
09:55:00,57.68,235,
09:55:01,57.68,200,
09:55:01,57.68,700,
09:55:02,57.6857,200,
09:55:02,57.686,200,
09:55:03,57.67,900,
09:55:04,57.689,2784,
09:55:04,57.69,300,
09:55:04,57.69,200,
09:55:04,57.69,100,
09:55:04,57.69,100,
09:55:04,57.69,100,
09:55:04,57.69,100,
09:55:04,57.69,100,
09:55:04,57.69,100,
09:55:04,57.69,100,
09:55:04,57.69,100,
09:55:04,57.69,100,
09:55:05,57.70,100,
09:55:05,57.70,400,
09:55:05,57.71,100,
09:55:05,57.70,100,
09:55:05,57.70,100,
09:55:05,57.70,100,
09:55:05,57.70,400,
09:55:05,57.70,100,
09:55:05,57.70,100,
09:55:05,57.71,100,
09:55:15,57.703,265,
09:55:15,57.71,100,
09:55:15,57.71,100,
09:55:15,57.71,100,
09:55:15,57.71,100,
09:55:15,57.71,100,
09:55:15,57.71,100,
09:55:15,57.71,100,
09:55:15,57.71,500,
09:55:15,57.72,100,
09:55:16,57.72,1500,
09:55:16,57.72,100,
09:55:16,57.72,100,
09:55:16,57.72,100,
09:55:16,57.72,400,
09:55:16,57.72,100,
09:55:16,57.72,100,
09:55:16,57.72,100,
09:55:16,57.72,100,
09:55:16,57.73,600,
09:55:16,57.73,100,
09:55:16,57.73,100,
09:55:16,57.73,100,
09:55:16,57.73,100,
09:55:16,57.73,100,
09:55:16,57.73,100,
09:55:16,57.73,400,
09:55:16,57.73,100,
09:55:21,57.73,100,
09:55:21,57.72,100,
09:55:21,57.72,100,
09:55:21,57.72,100,
09:55:21,57.72,100,
09:55:21,57.72,100,
09:55:21,57.72,100,
09:55:21,57.72,100,
09:55:21,57.72,100,
09:55:21,57.72,200,
09:55:22,57.72,200,
09:55:23,57.72,100,
09:55:23,57.72,400,
09:55:23,57.72,400,
09:55:23,57.73,100,
09:55:26,57.7296,100,
09:55:26,57.7298,300,
09:55:26,57.73,300,
09:55:26,57.73,300,
09:55:26,57.73,300,
09:55:26,57.7299,2000,
09:55:26,57.73,200,
09:55:26,57.73,200,
09:55:26,57.73,300,
09:55:26,57.73,300,
09:55:26,57.73,200,
09:55:26,57.73,100,
09:55:26,57.73,300,
09:55:26,57.73,300,
09:55:27,57.73,100,
09:55:27,57.73,100,
09:55:27,57.73,100,
09:55:27,57.73,100,
09:55:27,57.73,100,
09:55:27,57.73,100,
09:55:27,57.73,100,
09:55:27,57.73,100,
09:55:28,57.73,1000,
09:55:28,57.73,372,
09:55:28,57.73,400,
09:55:28,57.73,400,
09:55:28,57.73,1000,
09:55:28,57.73,100,
09:55:28,57.73,100,
09:55:28,57.73,100,
09:55:28,57.73,600,
09:55:29,57.73,400,
09:55:29,57.73,600,
09:55:29,57.73,1000,
09:55:29,57.73,100,
09:55:29,57.74,200,
09:55:30,57.7307,300,
09:55:32,57.73,100,
09:55:37,57.73,300,
09:55:37,57.73,100,
09:55:37,57.73,400,
09:55:37,57.73,1000,
09:55:37,57.73,100,
09:55:37,57.73,100,
09:55:37,57.73,100,
09:55:37,57.73,200,
09:55:38,57.7295,200,
09:55:40,57.73,100,
09:55:48,57.727,120,
09:55:53,57.72,300,
09:55:53,57.72,100,
09:55:53,57.72,100,
09:55:53,57.72,100,
09:55:53,57.72,100,
09:56:02,57.73,100,
09:56:02,57.73,100,
09:56:02,57.73,1000,
09:56:02,57.73,100,
09:56:04,57.74,900,
09:56:04,57.74,300,
09:56:04,57.74,400,
09:56:04,57.74,2000,
09:56:04,57.74,100,
09:56:04,57.74,100,
09:56:04,57.74,100,
09:56:04,57.74,100,
09:56:04,57.74,100,
09:56:04,57.74,100,
09:56:04,57.74,100,
09:56:04,57.74,1300,
09:56:04,57.74,200,
09:56:05,57.74,100,
09:56:05,57.74,100,
09:56:05,57.74,400,
09:56:05,57.74,700,
09:56:05,57.74,100,
09:56:05,57.74,400,
09:56:11,57.73,100,
09:56:11,57.73,200,
09:56:11,57.73,100,
09:56:11,57.73,100,
09:56:14,57.73,100,
09:56:14,57.73,100,
09:56:14,57.73,100,
09:56:14,57.73,100,
09:56:14,57.73,100,
09:56:14,57.73,100,
09:56:14,57.73,100,
09:56:14,57.72,800,
09:56:14,57.72,100,
09:56:14,57.72,100,
09:56:14,57.72,100,
09:56:14,57.72,100,
09:56:14,57.72,400,
09:56:14,57.72,400,
09:56:14,57.72,500,
09:56:14,57.72,100,
09:56:14,57.72,100,
09:56:14,57.72,100,
09:56:14,57.72,200,
09:56:15,57.71,100,
09:56:15,57.71,100,
09:56:15,57.71,200,
09:56:15,57.7101,1000,
09:56:18,57.71,100,
09:56:19,57.72,100,
09:56:20,57.71,100,
09:56:20,57.71,100,
09:56:20,57.71,100,
09:56:20,57.71,100,
09:56:20,57.71,100,
09:56:20,57.71,100,
09:56:20,57.71,800,
09:56:20,57.71,100,
09:56:21,57.71,100,
09:56:25,57.70,100,
09:56:25,57.70,100,
09:56:25,57.70,200,
09:56:25,57.7001,1000,
09:56:26,57.7001,100,
09:56:30,57.71,100,
09:56:31,57.71,100,
09:56:31,57.705,200,
09:56:35,57.71,100,
09:56:35,57.71,200,
09:56:40,57.7099,200,
09:56:46,57.70,100,
09:56:46,57.70,100,
09:56:46,57.70,2500,
09:56:46,57.70,200,
09:56:46,57.70,100,
09:56:46,57.70,100,
09:56:46,57.70,100,
09:56:46,57.70,100,
09:56:46,57.70,100,
09:56:46,57.6901,200,
09:56:52,57.691,4341,
09:56:56,57.70,600,
09:56:56,57.70,400,
09:56:56,57.70,600,
09:56:56,57.70,200,
09:56:58,57.71,100,
09:56:58,57.71,400,
09:56:58,57.71,100,
09:56:58,57.71,100,
09:56:58,57.71,100,
09:56:58,57.71,100,
09:56:58,57.71,100,
09:56:58,57.71,100,
09:56:58,57.71,400,
09:57:00,57.72,100,
09:57:02,57.71,1900,
09:57:04,57.72,200,
09:57:04,57.72,100,
09:57:04,57.72,100,
09:57:04,57.72,100,
09:57:04,57.72,1000,
09:57:04,57.72,100,
09:57:04,57.72,100,
09:57:04,57.72,100,
09:57:04,57.72,600,
09:57:09,57.73,200,
09:57:09,57.73,800,
09:57:09,57.73,600,
09:57:09,57.73,300,
09:57:09,57.73,400,
09:57:09,57.73,600,
09:57:09,57.73,100,
09:57:09,57.73,100,
09:57:09,57.73,100,
09:57:09,57.73,100,
09:57:09,57.73,100,
09:57:09,57.73,100,
09:57:09,57.73,100,
09:57:09,57.73,200,
09:57:09,57.73,3200,
09:57:09,57.74,100,
09:57:09,57.73,100,
09:57:10,57.73,100,
09:57:11,57.73,100,
09:57:14,57.72,300,
09:57:14,57.72,600,
09:57:14,57.72,100,
09:57:14,57.72,100,
09:57:14,57.72,100,
09:57:14,57.72,100,
09:57:14,57.72,100,
09:57:14,57.72,100,
09:57:14,57.72,800,
09:57:18,57.72,300,
09:57:19,57.72,100,
09:57:21,57.71,200,
09:57:22,57.72,100,
09:57:27,57.72,100,
09:57:27,57.72,100,
09:57:31,57.72,1177,
09:57:31,57.72,100,
09:57:32,57.71,100,
09:57:32,57.71,200,
09:57:32,57.71,200,
09:57:38,57.72,100,
09:57:39,57.71,600,
09:57:39,57.71,300,
09:57:39,57.71,3600,
09:57:39,57.71,499,
09:57:39,57.71,100,
09:57:39,57.71,100,
09:57:39,57.71,100,
09:57:39,57.71,100,
09:57:39,57.71,100,
09:57:39,57.71,100,
09:57:39,57.71,100,
09:57:39,57.71,100,
09:57:39,57.71,100,
09:57:42,57.70,100,
09:57:42,57.70,600,
09:57:42,57.70,100,
09:57:42,57.70,100,
09:57:42,57.70,100,
09:57:42,57.70,165,
09:57:42,57.70,100,
09:57:42,57.70,900,
09:57:42,57.70,265,
09:57:42,57.70,100,
09:57:42,57.70,100,
09:57:42,57.70,100,
09:57:42,57.69,100,
09:57:42,57.69,1000,
09:57:42,57.69,100,
09:57:47,57.69,300,
09:57:47,57.69,100,
09:57:47,57.69,5000,
09:57:48,57.69,2200,
09:57:48,57.69,1200,
09:57:48,57.69,265,
09:57:48,57.69,100,
09:57:48,57.69,100,
09:57:48,57.69,100,
09:57:48,57.69,100,
09:57:48,57.69,100,
09:57:48,57.69,100,
09:57:48,57.69,866,
09:57:51,57.69,200,
09:57:53,57.69,100,
09:57:53,57.69,1000,
09:57:53,57.69,600,
09:57:53,57.69,500,
09:57:53,57.69,100,
09:57:53,57.69,600,
09:57:53,57.68,400,
09:57:54,57.69,100,
09:57:54,57.69,100,
09:57:57,57.68,100,
09:57:57,57.68,600,
09:57:57,57.68,100,
09:57:57,57.68,100,
09:57:57,57.68,100,
09:57:57,57.68,100,
09:57:57,57.68,100,
09:57:57,57.68,100,
09:57:58,57.69,200,
09:57:58,57.67,100,
09:57:59,57.67,100,
09:57:59,57.68,200,
09:57:59,57.6799,100,
09:57:59,57.6799,200,
09:57:59,57.68,500,
09:58:01,57.68,100,
09:58:01,57.68,100,
09:58:04,57.68,500,
09:58:07,57.68,200,
09:58:09,57.68,100,
09:58:10,57.68,100,
09:58:12,57.68,100,
09:58:15,57.67,498,
09:58:15,57.67,800,
09:58:15,57.67,100,
09:58:15,57.67,100,
09:58:16,57.67,100,
09:58:16,57.67,100,
09:58:16,57.67,100,
09:58:16,57.67,400,
09:58:17,57.67,100,
09:58:20,57.67,1000,
09:58:22,57.67,800,
09:58:22,57.67,200,
09:58:22,57.67,200,
09:58:22,57.67,200,
09:58:22,57.67,200,
09:58:22,57.67,200,
09:58:22,57.67,400,
09:58:24,57.67,200,
09:58:24,57.67,100,
09:58:25,57.67,100,
09:58:32,57.6601,400,
09:58:32,57.66,200,
09:58:32,57.66,1000,
09:58:36,57.66,200,
09:58:36,57.66,100,
09:58:36,57.66,100,
09:58:36,57.66,100,
09:58:36,57.66,100,
09:58:36,57.66,100,
09:58:36,57.66,100,
09:58:36,57.66,111,
09:58:37,57.66,100,
09:58:43,57.66,500,
09:58:43,57.66,200,
09:58:43,57.66,100,
09:58:46,57.67,100,
09:58:46,57.67,100,
09:58:46,57.67,100,
09:58:46,57.67,100,
09:58:46,57.67,100,
09:58:46,57.67,100,
09:58:46,57.67,100,
09:58:54,57.68,100,
09:58:54,57.68,100,
09:58:54,57.68,100,
09:58:54,57.68,100,
09:58:54,57.68,100,
09:58:54,57.68,100,
09:58:57,57.68,100,
09:58:57,57.68,100,
09:58:58,57.68,100,
09:59:02,57.67,1000,
09:59:02,57.67,100,
09:59:09,57.67,100,
09:59:09,57.67,100,
09:59:09,57.67,100,
09:59:09,57.67,100,
09:59:09,57.67,100,
09:59:09,57.67,100,
09:59:09,57.67,100,
09:59:09,57.67,100,
09:59:09,57.67,100,
09:59:09,57.66,200,
09:59:09,57.66,400,
09:59:10,57.66,700,
09:59:13,57.6646,100,
09:59:14,57.67,100,
09:59:14,57.67,100,
09:59:14,57.67,100,
09:59:14,57.67,100,
09:59:15,57.67,100,
09:59:15,57.68,100,
09:59:15,57.68,300,
09:59:15,57.68,100,
09:59:15,57.68,800,
09:59:16,57.68,100,
09:59:16,57.6799,300,
09:59:16,57.68,100,
09:59:16,57.68,100,
09:59:16,57.68,100,
09:59:16,57.68,100,
09:59:16,57.68,100,
09:59:16,57.68,100,
09:59:17,57.68,100,
09:59:20,57.68,100,
09:59:20,57.69,500,
09:59:21,57.676,300,
09:59:23,57.68,100,
09:59:26,57.68,100,
09:59:31,57.67,100,
09:59:39,57.68,100,
09:59:43,57.684,200,
09:59:48,57.68,100,
09:59:48,57.68,100,
09:59:50,57.68,100,
09:59:52,57.68,100,
09:59:52,57.67,100,
09:59:52,57.67,100,
09:59:52,57.67,100,
09:59:52,57.67,100,
09:59:52,57.67,100,
09:59:52,57.67,100,
09:59:52,57.67,100,
09:59:52,57.67,100,
09:59:52,57.67,500,
09:59:58,57.66,100,
09:59:58,57.66,100,
09:59:58,57.66,100,
09:59:58,57.66,100,
09:59:58,57.66,100,
09:59:58,57.66,100,
09:59:58,57.66,100,
09:59:58,57.66,100,
09:59:59,57.67,600,
09:59:59,57.67,400,
09:59:59,57.67,100,
09:59:59,57.66,100,
10:00:03,57.66,100,
10:00:03,57.66,300,
10:00:07,57.66,100,
10:00:15,57.6662,300,
10:00:17,57.66,200,
10:00:17,57.66,100,
10:00:20,57.66,200,
10:00:23,57.67,513,
10:00:23,57.67,100,
10:00:26,57.67,100,
10:00:28,57.67,100,
10:00:28,57.67,100,
10:00:28,57.67,200,
10:00:28,57.67,100,
10:00:28,57.67,100,
10:00:28,57.67,100,
10:00:28,57.67,200,
10:00:28,57.68,300,
10:00:28,57.68,100,
10:00:28,57.68,100,
10:00:28,57.68,100,
10:00:28,57.68,100,
10:00:28,57.68,100,
10:00:28,57.68,100,
10:00:28,57.68,100,
10:00:38,57.69,100,
10:00:38,57.69,100,
10:00:38,57.69,100,
10:00:38,57.69,100,
10:00:38,57.69,100,
10:00:38,57.69,287,
10:00:38,57.69,100,
10:00:38,57.69,100,
10:00:45,57.69,200,
10:00:48,57.68,800,
10:00:48,57.68,100,
10:00:48,57.68,100,
10:00:48,57.68,100,
10:00:48,57.68,100,
10:00:48,57.68,1000,
10:00:48,57.68,200,
10:00:48,57.68,1500,
10:00:48,57.68,300,
10:00:48,57.68,11000,
10:00:48,57.68,200,
10:00:48,57.68,2100,
10:00:48,57.68,500,
10:00:48,57.68,100,
10:00:48,57.68,100,
10:00:48,57.68,100,
10:00:48,57.68,100,
10:00:48,57.68,200,
10:00:48,57.66,2100,
10:00:48,57.67,100,
10:00:48,57.67,187,
10:00:48,57.67,100,
10:00:48,57.67,100,
10:00:48,57.67,213,
10:00:48,57.67,100,
10:00:48,57.66,500,
10:00:48,57.67,100,
10:00:48,57.67,100,
10:00:48,57.67,100,
10:00:55,57.66,100,
10:00:55,57.66,100,
10:00:55,57.66,100,
10:00:55,57.66,100,
10:00:55,57.66,100,
10:00:55,57.66,100,
10:00:55,57.66,288,
10:00:55,57.66,100,
10:00:58,57.65,400,
10:00:59,57.65,100,
10:00:59,57.65,100,
10:00:59,57.65,100,
10:00:59,57.65,100,
10:00:59,57.65,100,
10:00:59,57.65,100,
10:00:59,57.65,287,
10:01:02,57.64,100,
10:01:02,57.64,100,
10:01:02,57.64,100,
10:01:02,57.64,100,
10:01:02,57.64,100,
10:01:02,57.64,100,
10:01:02,57.64,100,
10:01:04,57.63,500,
10:01:04,57.64,800,
10:01:04,57.64,200,
10:01:04,57.64,200,
10:01:04,57.64,100,
10:01:04,57.64,100,
10:01:04,57.64,200,
10:01:04,57.64,200,
10:01:05,57.633,1000,
10:01:10,57.6313,1000,
10:01:12,57.64,200,
10:01:13,57.64,200,
10:01:13,57.64,100,
10:01:15,57.63,100,
10:01:15,57.63,100,
10:01:15,57.63,100,
10:01:15,57.63,100,
10:01:15,57.63,100,
10:01:15,57.63,100,
10:01:15,57.63,100,
10:01:15,57.63,100,
10:01:15,57.63,100,
10:01:15,57.63,100,
10:01:15,57.63,1400,
10:01:15,57.63,300,
10:01:15,57.63,100,
10:01:15,57.63,800,
10:01:15,57.63,100,
10:01:15,57.63,300,
10:01:15,57.63,600,
10:01:15,57.63,300,
10:01:15,57.63,1000,
10:01:15,57.63,2200,
10:01:15,57.63,300,
10:01:16,57.62,228,
10:01:18,57.6207,3000,
10:01:20,57.62,100,
10:01:20,57.62,100,
10:01:23,57.62,100,
10:01:23,57.62,100,
10:01:23,57.62,100,
10:01:23,57.62,228,
10:01:23,57.62,700,
10:01:23,57.62,2500,
10:01:23,57.62,100,
10:01:23,57.62,100,
10:01:24,57.62,300,
10:01:24,57.62,200,
10:01:25,57.62,300,
10:01:25,57.62,300,
10:01:25,57.62,100,
10:01:25,57.62,100,
10:01:25,57.62,200,
10:01:25,57.62,400,
10:01:25,57.62,400,
10:01:25,57.62,200,
10:01:25,57.61,200,
10:01:25,57.61,300,
10:01:25,57.61,300,
10:01:25,57.61,300,
10:01:26,57.617,1000,
10:01:26,57.61,100,
10:01:26,57.61,800,
10:01:26,57.61,100,
10:01:26,57.61,100,
10:01:26,57.61,100,
10:01:26,57.61,100,
10:01:26,57.61,100,
10:01:26,57.61,100,
10:01:26,57.61,100,
10:01:30,57.61,1500,
10:01:30,57.61,200,
10:01:30,57.61,300,
10:01:30,57.62,100,
10:01:33,57.62,100,
10:01:33,57.62,100,
10:01:33,57.62,100,
10:01:33,57.62,100,
10:01:33,57.62,100,
10:01:36,57.61,100,
10:01:36,57.61,100,
10:01:36,57.61,100,
10:01:36,57.61,100,
10:01:36,57.61,100,
10:01:36,57.61,100,
10:01:36,57.61,100,
10:01:36,57.61,100,
10:01:36,57.61,422,
10:01:39,57.61,100,
10:01:41,57.61,100,
10:01:47,57.617,800,
10:01:47,57.611,400,
10:01:48,57.618,200,
10:01:48,57.619,100,
10:01:49,57.60,100,
10:01:49,57.60,200,
10:01:49,57.60,100,
10:01:49,57.60,100,
10:01:49,57.60,100,
10:01:49,57.60,100,
10:01:49,57.60,100,
10:01:50,57.60,187,
10:01:50,57.60,100,
10:01:50,57.59,100,
10:01:50,57.59,100,
10:01:50,57.59,100,
10:01:50,57.59,100,
10:01:50,57.59,2000,
10:01:50,57.59,100,
10:01:50,57.59,100,
10:01:50,57.59,100,
10:01:50,57.59,1000,
10:01:50,57.59,100,
10:01:50,57.59,215,
10:01:51,57.5944,100,
10:01:51,57.5973,200,
10:01:51,57.5974,500,
10:01:51,57.5978,200,
10:01:51,57.598,200,
10:01:51,57.598,200,
10:01:52,57.5999,1700,
10:01:52,57.59,100,
10:01:52,57.59,100,
10:01:52,57.59,100,
10:01:52,57.59,1100,
10:01:52,57.59,100,
10:01:52,57.59,100,
10:01:52,57.59,100,
10:01:52,57.59,100,
10:01:52,57.59,100,
10:01:52,57.59,100,
10:01:56,57.59,200,
10:01:56,57.59,100,
10:01:56,57.60,200,
10:01:56,57.61,100,
10:01:56,57.60,800,
10:01:56,57.60,200,
10:01:56,57.60,200,
10:01:56,57.60,100,
10:01:56,57.60,100,
10:01:56,57.60,100,
10:01:56,57.60,500,
10:01:56,57.60,100,
10:01:56,57.60,100,
10:01:56,57.60,100,
10:01:56,57.60,100,
10:01:56,57.60,100,
10:01:56,57.60,500,
10:01:56,57.60,500,
10:01:56,57.60,400,
10:01:56,57.60,813,
10:01:56,57.60,800,
10:01:56,57.60,400,
10:01:56,57.60,400,
10:01:56,57.60,180,
10:01:56,57.60,250,
10:01:56,57.60,500,
10:01:56,57.60,200,
10:01:56,57.60,100,
10:01:56,57.60,200,
10:01:56,57.60,800,
10:01:56,57.60,400,
10:01:56,57.60,400,
10:01:56,57.60,100,
10:01:57,57.60,200,
10:01:57,57.60,400,
10:01:57,57.60,500,
10:01:57,57.60,100,
10:01:57,57.60,100,
10:01:57,57.60,200,
10:01:57,57.61,200,
10:01:57,57.61,400,
10:01:57,57.61,400,
10:01:57,57.61,100,
10:01:57,57.60,100,
10:01:57,57.61,100,
10:01:57,57.61,100,
10:01:57,57.61,100,
10:01:57,57.61,100,
10:02:04,57.60,400,
10:02:05,57.607,1000,
10:02:08,57.60,100,
10:02:08,57.60,206,
10:02:08,57.60,100,
10:02:08,57.60,100,
10:02:08,57.60,100,
10:02:08,57.60,600,
10:02:09,57.59,100,
10:02:09,57.59,100,
10:02:09,57.59,100,
10:02:09,57.59,100,
10:02:09,57.59,100,
10:02:09,57.59,100,
10:02:09,57.59,300,
10:02:09,57.59,100,
10:02:09,57.59,100,
10:02:09,57.59,100,
10:02:09,57.59,100,
10:02:09,57.58,100,
10:02:11,57.58,100,
10:02:13,57.59,100,
10:02:13,57.59,200,
10:02:14,57.59,137,
10:02:14,57.59,100,
10:02:14,57.59,400,
10:02:14,57.59,400,
10:02:14,57.59,1000,
10:02:14,57.59,100,
10:02:14,57.58,100,
10:02:14,57.58,200,
10:02:14,57.59,200,
10:02:14,57.59,100,
10:02:16,57.59,100,
10:02:16,57.59,400,
10:02:24,57.59,100,
10:02:25,57.59,113,
10:02:25,57.59,600,
10:02:35,57.59,200,
10:02:35,57.59,600,
10:02:36,57.60,200,
10:02:36,57.60,300,
10:02:36,57.60,100,
10:02:36,57.60,100,
10:02:36,57.60,519,
10:02:36,57.60,100,
10:02:36,57.60,100,
10:02:36,57.60,500,
10:02:36,57.60,100,
10:02:39,57.61,626,
10:02:39,57.61,100,
10:02:39,57.61,100,
10:02:39,57.61,100,
10:02:39,57.61,200,
10:02:39,57.61,100,
10:02:39,57.61,100,
10:02:39,57.61,100,
10:02:39,57.61,200,
10:02:41,57.62,100,
10:02:42,57.611,2000,
10:02:45,57.615,800,
10:02:47,57.61,200,
10:02:47,57.61,400,
10:02:47,57.61,769,
10:02:47,57.61,100,
10:02:47,57.615,1900,
10:02:47,57.615,100,
10:02:47,57.611,100,
10:02:47,57.615,100,
10:02:47,57.611,700,
10:02:47,57.615,100,
10:02:47,57.615,100,
10:02:49,57.61,400,
10:02:49,57.61,200,
10:02:49,57.61,100,
10:02:49,57.61,500,
10:02:49,57.61,600,
10:02:49,57.61,200,
10:02:49,57.61,300,
10:02:49,57.61,1000,
10:02:49,57.61,200,
10:02:50,57.62,100,
10:02:50,57.62,100,
10:02:50,57.62,100,
10:02:50,57.62,100,
10:02:50,57.62,100,
10:02:50,57.62,100,
10:02:50,57.62,400,
10:02:50,57.62,400,
10:02:50,57.615,800,
10:02:52,57.61,100,
10:02:52,57.61,100,
10:02:52,57.61,100,
10:02:52,57.61,100,
10:02:52,57.61,100,
10:02:52,57.61,400,
10:02:52,57.61,400,
10:02:52,57.61,100,
10:02:52,57.61,200,
10:02:52,57.61,200,
10:02:52,57.61,1900,
10:02:52,57.61,100,
10:02:52,57.61,400,
10:02:52,57.61,600,
10:02:52,57.6005,400,
10:02:52,57.60,200,
10:02:52,57.60,3300,
10:02:52,57.60,300,
10:02:52,57.6005,300,
10:02:52,57.6001,2600,
10:02:52,57.6002,200,
10:02:53,57.615,100,
10:02:53,57.6002,100,
10:02:53,57.6002,100,
10:02:53,57.6003,200,
10:02:54,57.60,100,
10:02:54,57.60,100,
10:02:56,57.61,100,
10:02:57,57.615,200,
10:02:57,57.60,8100,
10:02:57,57.60,100,
10:02:57,57.60,100,
10:02:57,57.60,100,
10:02:57,57.60,100,
10:02:57,57.60,1700,
10:02:57,57.60,100,
10:02:57,57.60,100,
10:02:57,57.60,100,
10:02:57,57.60,100,
10:02:57,57.60,400,
10:02:57,57.60,800,
10:02:57,57.60,100,
10:02:57,57.60,1000,
10:02:57,57.60,400,
10:02:57,57.60,200,
10:02:57,57.60,400,
10:02:57,57.60,11000,
10:02:57,57.60,3100,
10:02:57,57.60,100,
10:02:57,57.60,2400,
10:02:57,57.60,301,
10:02:57,57.60,100,
10:02:57,57.60,100,
10:02:57,57.60,100,
10:03:01,57.605,656,
10:03:01,57.60,400,
10:03:02,57.60,400,
10:03:02,57.60,1000,
10:03:02,57.60,100,
10:03:02,57.60,11000,
10:03:02,57.60,3100,
10:03:02,57.60,400,
10:03:02,57.60,100,
10:03:02,57.60,100,
10:03:05,57.60,200,
10:03:06,57.59,100,
10:03:06,57.59,100,
10:03:06,57.59,100,
10:03:06,57.59,100,
10:03:06,57.59,300,
10:03:06,57.59,100,
10:03:06,57.59,100,
10:03:15,57.58,100,
10:03:15,57.58,100,
10:03:15,57.58,100,
10:03:15,57.58,100,
10:03:15,57.58,100,
10:03:15,57.58,100,
10:03:15,57.58,100,
10:03:15,57.57,200,
10:03:15,57.57,200,
10:03:15,57.57,100,
10:03:15,57.58,200,
10:03:15,57.57,1900,
10:03:15,57.57,100,
10:03:15,57.57,100,
10:03:15,57.57,100,
10:03:15,57.57,900,
10:03:15,57.57,100,
10:03:15,57.57,100,
10:03:15,57.57,100,
10:03:15,57.57,500,
10:03:15,57.57,100,
10:03:15,57.57,100,
10:03:15,57.57,100,
10:03:16,57.56,100,
10:03:16,57.56,100,
10:03:16,57.56,100,
10:03:16,57.56,100,
10:03:16,57.56,100,
10:03:16,57.56,100,
10:03:16,57.56,100,
10:03:16,57.56,100,
10:03:16,57.56,100,
10:03:17,57.57,500,
10:03:18,57.57,100,
10:03:18,57.57,100,
10:03:18,57.57,100,
10:03:18,57.57,100,
10:03:18,57.57,100,
10:03:18,57.57,100,
10:03:18,57.57,100,
10:03:18,57.58,700,
10:03:18,57.58,600,
10:03:18,57.58,200,
10:03:18,57.58,100,
10:03:18,57.58,100,
10:03:18,57.58,100,
10:03:18,57.58,100,
10:03:18,57.58,800,
10:03:18,57.58,400,
10:03:18,57.58,100,
10:03:18,57.58,100,
10:03:18,57.58,100,
10:03:18,57.57,200,
10:03:19,57.57,300,
10:03:19,57.57,200,
10:03:19,57.57,100,
10:03:21,57.58,100,
10:03:30,57.57,100,
10:03:30,57.57,100,
10:03:30,57.57,100,
10:03:30,57.57,100,
10:03:30,57.57,100,
10:03:30,57.57,100,
10:03:30,57.57,100,
10:03:41,57.56,100,
10:03:41,57.56,100,
10:03:41,57.56,400,
10:03:41,57.56,100,
10:03:41,57.56,100,
10:03:41,57.56,700,
10:03:41,57.56,100,
10:03:41,57.56,100,
10:03:41,57.56,100,
10:03:41,57.56,100,
10:03:41,57.56,300,
10:03:42,57.5582,100,
10:03:45,57.55,100,
10:03:45,57.55,3100,
10:03:45,57.55,100,
10:03:45,57.55,100,
10:03:45,57.55,100,
10:03:45,57.55,100,
10:03:45,57.55,100,
10:03:45,57.55,100,
10:03:45,57.55,100,
10:03:46,57.5402,5000,
10:03:47,57.5501,100,
10:03:47,57.5501,200,
10:03:47,57.56,200,
10:03:48,57.55,100,
10:03:49,57.56,300,
10:03:49,57.56,400,
10:03:49,57.56,100,
10:03:49,57.55,100,
10:03:51,57.55,800,
10:03:51,57.55,400,
10:03:51,57.55,1000,
10:03:51,57.55,3100,
10:03:51,57.55,800,
10:03:51,57.55,600,
10:03:51,57.55,100,
10:03:51,57.55,157,
10:03:51,57.55,300,
10:03:51,57.55,400,
10:03:51,57.55,400,
10:03:51,57.55,300,
10:03:51,57.55,527,
10:03:51,57.55,257,
10:03:51,57.55,300,
10:03:51,57.55,200,
10:03:51,57.55,200,
10:03:51,57.55,400,
10:03:51,57.55,100,
10:03:51,57.55,100,
10:03:51,57.557,100,
10:03:52,57.55,100,
10:03:53,57.555,200,
10:03:57,57.55,1000,
10:03:57,57.55,100,
10:04:00,57.55,400,
10:04:00,57.55,400,
10:04:00,57.55,100,
10:04:00,57.55,100,
10:04:02,57.55,400,
10:04:02,57.55,200,
10:04:03,57.5493,100,
10:04:03,57.55,400,
10:04:09,57.55,100,
10:04:10,57.54,4000,
10:04:10,57.54,2345,
10:04:10,57.54,200,
10:04:18,57.55,100,
10:04:18,57.55,100,
10:04:18,57.55,600,
10:04:18,57.55,200,
10:04:18,57.55,400,
10:04:19,57.55,100,
10:04:19,57.56,100,
10:04:19,57.56,100,
10:04:19,57.56,100,
10:04:19,57.56,100,
10:04:19,57.56,400,
10:04:19,57.56,200,
10:04:19,57.56,600,
10:04:19,57.56,400,
10:04:19,57.56,100,
10:04:19,57.56,100,
10:04:19,57.56,100,
10:04:19,57.56,400,
10:04:19,57.56,800,
10:04:19,57.56,400,
10:04:19,57.55,500,
10:04:19,57.55,13812,
10:04:19,57.55,100,
10:04:19,57.55,400,
10:04:19,57.55,100,
10:04:19,57.55,100,
10:04:19,57.55,600,
10:04:19,57.55,400,
10:04:19,57.55,100,
10:04:19,57.55,11000,
10:04:19,57.55,800,
10:04:19,57.55,100,
10:04:19,57.55,400,
10:04:19,57.55,200,
10:04:19,57.55,100,
10:04:19,57.55,100,
10:04:19,57.55,800,
10:04:19,57.55,100,
10:04:19,57.55,100,
10:04:19,57.55,100,
10:04:19,57.55,100,
10:04:19,57.55,100,
10:04:20,57.55,8100,
10:04:21,57.55,400,
10:04:21,57.55,400,
10:04:21,57.55,200,
10:04:21,57.55,100,
10:04:21,57.555,200,
10:04:22,57.55,400,
10:04:22,57.55,600,
10:04:23,57.54,200,
10:04:23,57.54,800,
10:04:23,57.5495,400,
10:04:24,57.54,100,
10:04:24,57.54,100,
10:04:24,57.54,100,
10:04:24,57.54,100,
10:04:24,57.54,100,
10:04:24,57.54,1055,
10:04:24,57.54,600,
10:04:24,57.54,100,
10:04:24,57.54,100,
10:04:24,57.54,400,
10:04:25,57.542,900,
10:04:26,57.54,600,
10:04:29,57.54,500,
10:04:30,57.53,200,
10:04:34,57.55,500,
10:04:34,57.55,100,
10:04:37,57.55,400,
10:04:37,57.55,600,
10:04:39,57.55,100,
10:04:39,57.55,100,
10:04:39,57.55,100,
10:04:39,57.55,100,
10:04:39,57.55,100,
10:04:39,57.55,100,
10:04:39,57.55,100,
10:04:39,57.55,100,
10:04:39,57.55,200,
10:04:39,57.55,100,
10:04:39,57.55,400,
10:04:39,57.55,200,
10:04:39,57.55,500,
10:04:43,57.55,100,
10:04:49,57.55,100,
10:04:49,57.55,600,
10:04:49,57.54,100,
10:04:49,57.54,100,
10:04:49,57.54,300,
10:04:49,57.54,4200,
10:04:49,57.54,100,
10:04:49,57.54,100,
10:04:49,57.54,11176,
10:04:49,57.54,100,
10:04:49,57.54,100,
10:04:49,57.54,100,
10:04:49,57.54,100,
10:04:49,57.54,100,
10:04:49,57.53,200,
10:04:49,57.53,100,
10:04:49,57.53,100,
10:04:49,57.53,200,
10:04:49,57.53,300,
10:04:49,57.53,100,
10:04:49,57.53,100,
10:04:49,57.53,100,
10:04:49,57.53,1000,
10:04:49,57.53,400,
10:04:49,57.53,1000,
10:04:49,57.53,100,
10:04:49,57.53,100,
10:04:49,57.53,200,
10:04:49,57.53,100,
10:04:49,57.53,100,
10:04:49,57.53,100,
10:04:50,57.53,100,
10:04:50,57.53,100,
10:04:50,57.53,200,
10:04:50,57.53,200,
10:04:50,57.53,600,
10:04:50,57.53,200,
10:04:50,57.53,100,
10:04:52,57.54,500,
10:04:56,57.54,275,
10:04:56,57.54,100,
10:04:56,57.54,200,
10:04:56,57.54,300,
10:04:56,57.54,400,
10:04:56,57.54,200,
10:04:56,57.54,100,
10:04:56,57.54,100,
10:04:56,57.54,100,
10:04:56,57.54,100,
10:04:56,57.54,100,
10:04:56,57.54,100,
10:04:57,57.55,100,
10:04:58,57.54,300,
10:04:58,57.54,100,
10:04:58,57.54,713,
10:04:58,57.54,100,
10:04:58,57.54,242,
10:04:58,57.54,538,
10:04:58,57.54,738,
10:04:58,57.54,400,
10:04:58,57.54,262,
10:04:58,57.54,100,
10:04:58,57.54,100,
10:04:58,57.545,200,
10:04:58,57.54,600,
10:04:58,57.54,100,
10:04:58,57.54,1193,
10:04:58,57.54,400,
10:04:58,57.54,100,
10:04:58,57.54,400,
10:04:58,57.54,500,
10:04:58,57.54,652,
10:04:58,57.54,874,
10:04:58,57.54,400,
10:04:58,57.54,168,
10:04:58,57.54,200,
10:04:58,57.54,100,
10:04:58,57.54,100,
10:04:58,57.54,500,
10:04:58,57.54,200,
10:04:58,57.54,100,
10:05:00,57.54,500,
10:05:00,57.54,100,
10:05:00,57.54,5000,
10:05:00,57.54,300,
10:05:00,57.54,1000,
10:05:02,57.54,200,
10:05:04,57.55,600,
10:05:04,57.55,400,
10:05:10,57.55,300,
10:05:10,57.55,100,
10:05:10,57.55,100,
10:05:10,57.55,600,
10:05:10,57.55,100,
10:05:10,57.55,100,
10:05:10,57.55,100,
10:05:10,57.55,100,
10:05:16,57.55,100,
10:05:16,57.55,100,
10:05:19,57.5511,800,
10:05:20,57.552,104,
10:05:22,57.56,100,
10:05:22,57.56,100,
10:05:22,57.56,100,
10:05:22,57.56,100,
10:05:22,57.56,100,
10:05:22,57.56,100,
10:05:22,57.56,100,
10:05:23,57.56,200,
10:05:23,57.56,1000,
10:05:24,57.56,300,
10:05:25,57.56,100,
10:05:25,57.56,100,
10:05:27,57.56,100,
10:05:27,57.56,200,
10:05:27,57.56,100,
10:05:27,57.56,100,
10:05:27,57.565,300,
10:05:27,57.5625,200,
10:05:33,57.56,100,
10:05:35,57.56,100,
10:05:36,57.55,100,
10:05:36,57.55,100,
10:05:36,57.55,100,
10:05:36,57.55,100,
10:05:36,57.55,100,
10:05:36,57.55,100,
10:05:36,57.55,100,
10:05:36,57.55,100,
10:05:36,57.55,200,
10:05:36,57.55,100,
10:05:36,57.55,300,
10:05:36,57.55,100,
10:05:37,57.55,100,
10:05:37,57.55,100,
10:05:43,57.55,100,
10:05:45,57.55,600,
10:05:47,57.55,100,
10:05:49,57.55,1000,
10:05:49,57.55,100,
10:05:50,57.55,100,
10:05:51,57.5405,1000,
10:05:54,57.54,200,
10:05:54,57.54,100,
10:05:54,57.54,200,
10:05:54,57.54,100,
10:05:54,57.54,100,
10:05:54,57.54,100,
10:05:54,57.54,400,
10:05:54,57.54,284,
10:05:54,57.54,903,
10:05:54,57.54,100,
10:05:54,57.54,100,
10:05:56,57.53,200,
10:05:56,57.53,100,
10:05:56,57.53,100,
10:05:56,57.53,100,
10:05:56,57.53,100,
10:05:56,57.53,100,
10:05:56,57.53,100,
10:05:57,57.53,100,
10:06:00,57.53,600,
10:06:04,57.54,100,
10:06:04,57.54,300,
10:06:04,57.54,100,
10:06:04,57.54,100,
10:06:04,57.54,100,
10:06:04,57.54,100,
10:06:07,57.54,200,
10:06:07,57.54,100,
10:06:07,57.54,800,
10:06:07,57.54,815,
10:06:07,57.54,1000,
10:06:07,57.54,100,
10:06:07,57.54,400,
10:06:07,57.54,500,
10:06:07,57.54,1700,
10:06:07,57.54,200,
10:06:07,57.54,800,
10:06:07,57.54,2000,
10:06:07,57.54,3100,
10:06:07,57.54,600,
10:06:07,57.54,400,
10:06:09,57.55,100,
10:06:10,57.55,100,
10:06:10,57.53,10000,
10:06:11,57.54,200,
10:06:11,57.54,100,
10:06:12,57.53,200,
10:06:12,57.53,800,
10:06:12,57.53,1700,
10:06:12,57.53,600,
10:06:12,57.53,815,
10:06:12,57.53,1000,
10:06:12,57.53,385,
10:06:12,57.53,100,
10:06:12,57.53,100,
10:06:12,57.53,100,
10:06:12,57.53,100,
10:06:12,57.53,100,
10:06:12,57.53,100,
10:06:12,57.53,100,
10:06:12,57.53,100,
10:06:12,57.53,400,
10:06:14,57.54,710,
10:06:19,57.54,200,
10:06:19,57.54,100,
10:06:19,57.54,100,
10:06:19,57.54,100,
10:06:19,57.54,100,
10:06:19,57.54,100,
10:06:19,57.54,148,
10:06:19,57.54,100,
10:06:19,57.54,100,
10:06:19,57.54,100,
10:06:19,57.54,100,
10:06:19,57.54,100,
10:06:32,57.5429,137,
10:06:33,57.55,100,
10:06:33,57.55,100,
10:06:33,57.55,100,
10:06:36,57.55,100,
10:06:36,57.55,100,
10:06:36,57.55,100,
10:06:36,57.55,100,
10:06:36,57.55,100,
10:06:36,57.55,100,
10:06:36,57.55,200,
10:06:36,57.55,200,
10:06:36,57.55,100,
10:06:38,57.55,200,
10:06:38,57.55,100,
10:06:38,57.55,100,
10:06:38,57.55,100,
10:06:38,57.545,300,
10:06:38,57.55,400,
10:06:38,57.56,200,
10:06:38,57.56,200,
10:06:38,57.56,200,
10:06:38,57.56,1000,
10:06:38,57.55,200,
10:06:38,57.55,1100,
10:06:38,57.5501,8600,
10:06:38,57.55,6000,
10:06:39,57.55,400,
10:06:39,57.56,100,
10:06:39,57.56,100,
10:06:39,57.56,100,
10:06:39,57.56,400,
10:06:39,57.56,400,
10:06:39,57.56,300,
10:06:39,57.56,100,
10:06:39,57.56,100,
10:06:39,57.56,100,
10:06:39,57.56,100,
10:06:39,57.57,100,
10:06:40,57.55,3100,
10:06:42,57.57,513,
10:06:42,57.57,200,
10:06:42,57.56,200,
10:06:42,57.5605,100,
10:06:42,57.5601,300,
10:06:42,57.5601,1300,
10:06:43,57.56,100,
10:06:43,57.56,100,
10:06:43,57.5604,200,
10:06:43,57.5604,100,
10:06:43,57.57,216,
10:06:43,57.57,100,
10:06:43,57.57,455,
10:06:43,57.57,100,
10:06:43,57.57,100,
10:06:43,57.57,500,
10:06:43,57.57,100,
10:06:43,57.57,100,
10:06:43,57.5701,100,
10:06:45,57.5701,158,
10:06:46,57.57,100,
10:06:46,57.57,600,
10:06:46,57.57,100,
10:06:49,57.57,100,
10:06:49,57.57,400,
10:06:49,57.57,1900,
10:06:49,57.57,100,
10:06:49,57.57,232,
10:06:50,57.58,555,
10:06:50,57.58,100,
10:06:50,57.58,100,
10:06:50,57.58,100,
10:06:50,57.58,100,
10:06:51,57.58,100,
10:06:52,57.58,100,
10:06:53,57.58,100,
10:06:53,57.58,400,
10:06:53,57.58,200,
10:06:53,57.58,100,
10:06:53,57.58,1000,
10:06:53,57.58,400,
10:06:53,57.58,800,
10:06:53,57.5784,100,
10:06:56,57.58,161,
10:06:59,57.58,400,
10:06:59,57.58,200,
10:06:59,57.58,100,
10:06:59,57.58,100,
10:06:59,57.58,1000,
10:06:59,57.58,1700,
10:06:59,57.58,100,
10:06:59,57.58,100,
10:06:59,57.58,100,
10:06:59,57.58,200,
10:06:59,57.58,400,
10:06:59,57.58,100,
10:06:59,57.58,200,
10:06:59,57.58,100,
10:06:59,57.58,100,
10:06:59,57.58,300,
10:06:59,57.58,300,
10:06:59,57.58,200,
10:07:00,57.58,200,
10:07:00,57.58,100,
10:07:00,57.58,500,
10:07:00,57.58,100,
10:07:00,57.58,500,
10:07:00,57.58,100,
10:07:00,57.58,100,
10:07:01,57.58,100,
10:07:03,57.58,200,
10:07:03,57.58,100,
10:07:03,57.58,1000,
10:07:03,57.58,200,
10:07:04,57.58,300,
10:07:07,57.59,300,
10:07:09,57.59,200,
10:07:12,57.59,100,
10:07:13,57.59,100,
10:07:14,57.59,100,
10:07:14,57.59,100,
10:07:14,57.59,100,
10:07:14,57.59,100,
10:07:14,57.59,100,
10:07:14,57.59,100,
10:07:14,57.59,100,
10:07:15,57.60,100,
10:07:15,57.60,100,
10:07:15,57.60,100,
10:07:15,57.60,100,
10:07:15,57.60,600,
10:07:15,57.60,200,
10:07:15,57.60,100,
10:07:15,57.60,100,
10:07:16,57.61,100,
10:07:17,57.61,400,
10:07:18,57.61,200,
10:07:21,57.61,100,
10:07:22,57.61,200,
10:07:23,57.60,100,
10:07:23,57.60,600,
10:07:23,57.60,100,
10:07:25,57.59,100,
10:07:25,57.59,100,
10:07:25,57.59,100,
10:07:25,57.59,100,
10:07:25,57.59,100,
10:07:25,57.59,100,
10:07:25,57.59,600,
10:07:25,57.59,100,
10:07:27,57.59,200,
10:07:28,57.58,100,
10:07:31,57.585,100,
10:07:31,57.58,200,
10:07:31,57.58,100,
10:07:31,57.58,100,
10:07:31,57.58,100,
10:07:31,57.58,100,
10:07:31,57.58,100,
10:07:31,57.58,100,
10:07:31,57.58,100,
10:07:31,57.58,600,
10:07:31,57.58,100,
10:07:31,57.58,100,
10:07:38,57.57,268,
10:07:38,57.57,100,
10:07:38,57.57,300,
10:07:38,57.57,200,
10:07:38,57.57,100,
10:07:38,57.57,100,
10:07:38,57.57,100,
10:07:38,57.57,100,
10:07:38,57.57,100,
10:07:38,57.56,500,
10:07:38,57.56,100,
10:07:38,57.56,100,
10:07:38,57.56,100,
10:07:38,57.56,100,
10:07:38,57.56,100,
10:07:38,57.56,100,
10:07:38,57.56,800,
10:07:38,57.56,100,
10:07:38,57.56,100,
10:07:39,57.55,100,
10:07:43,57.56,100,
10:07:47,57.57,100,
10:07:47,57.57,100,
10:07:50,57.57,400,
10:07:53,57.57,100,
10:07:59,57.57,400,
10:08:00,57.57,15400,
10:08:00,57.57,100,
10:08:00,57.57,100,
10:08:00,57.57,100,
10:08:00,57.57,100,
10:08:00,57.57,100,
10:08:00,57.57,100,
10:08:00,57.57,100,
10:08:00,57.57,100,
10:08:00,57.57,500,
10:08:00,57.57,1500,
10:08:00,57.57,200,
10:08:00,57.57,300,
10:08:00,57.57,100,
10:08:00,57.57,1000,
10:08:00,57.57,200,
10:08:00,57.57,400,
10:08:00,57.57,200,
10:08:00,57.57,400,
10:08:00,57.57,1000,
10:08:00,57.57,100,
10:08:00,57.57,500,
10:08:00,57.57,1300,
10:08:00,57.57,200,
10:08:00,57.57,100,
10:08:00,57.57,400,
10:08:00,57.57,100,
10:08:00,57.57,200,
10:08:00,57.57,100,
10:08:00,57.57,100,
10:08:00,57.57,100,
10:08:00,57.57,600,
10:08:00,57.57,100,
10:08:02,57.57,454,
10:08:02,57.57,400,
10:08:02,57.57,100,
10:08:04,57.58,100,
10:08:04,57.58,800,
10:08:04,57.58,100,
10:08:04,57.58,100,
10:08:04,57.58,100,
10:08:04,57.58,100,
10:08:04,57.58,100,
10:08:04,57.58,100,
10:08:04,57.58,100,
10:08:05,57.59,200,
10:08:06,57.59,400,
10:08:06,57.59,100,
10:08:08,57.58,815,
10:08:08,57.58,400,
10:08:12,57.59,400,
10:08:16,57.59,500,
10:08:19,57.58,100,
10:08:19,57.58,100,
10:08:22,57.579,500,
10:08:31,57.57,250,
10:08:31,57.57,100,
10:08:31,57.57,100,
10:08:31,57.57,100,
10:08:31,57.57,800,
10:08:31,57.57,100,
10:08:31,57.57,100,
10:08:31,57.57,100,
10:08:31,57.57,100,
10:08:31,57.57,500,
10:08:31,57.57,200,
10:08:33,57.57,133,
10:08:35,57.56,100,
10:08:35,57.56,600,
10:08:35,57.56,300,
10:08:35,57.56,100,
10:08:35,57.56,100,
10:08:35,57.56,100,
10:08:35,57.56,100,
10:08:35,57.56,100,
10:08:36,57.55,600,
10:08:36,57.55,100,
10:08:36,57.55,100,
10:08:36,57.55,100,
10:08:36,57.55,275,
10:08:36,57.55,100,
10:08:36,57.55,100,
10:08:40,57.54,200,
10:08:41,57.55,100,
10:08:41,57.55,100,
10:08:44,57.55,100,
10:08:46,57.55,189,
10:08:46,57.56,100,
10:08:48,57.55,400,
10:08:51,57.56,300,
10:08:51,57.56,100,
10:08:51,57.56,200,
10:08:52,57.56,100,
10:08:52,57.56,100,
10:08:52,57.56,500,
10:08:52,57.56,100,
10:08:52,57.56,100,
10:08:52,57.56,100,
10:08:52,57.56,100,
10:08:52,57.56,100,
10:08:52,57.56,200,
10:08:52,57.56,600,
10:08:52,57.56,400,
10:08:53,57.57,800,
10:08:53,57.57,100,
10:08:53,57.57,100,
10:08:53,57.57,100,
10:08:53,57.57,100,
10:08:53,57.57,100,
10:08:53,57.57,100,
10:08:53,57.57,300,
10:08:54,57.58,100,
10:08:54,57.58,100,
10:08:54,57.58,100,
10:08:54,57.58,100,
10:08:54,57.58,100,
10:08:54,57.58,400,
10:08:54,57.58,500,
10:08:54,57.58,100,
10:08:54,57.58,100,
10:08:55,57.585,100,
10:08:56,57.58,10000,
10:08:57,57.57,200,
10:08:57,57.57,100,
10:08:57,57.57,100,
10:08:57,57.57,100,
10:08:57,57.57,100,
10:08:57,57.57,100,
10:08:57,57.57,200,
10:08:57,57.57,100,
10:08:57,57.57,100,
10:08:57,57.57,100,
10:08:57,57.57,1000,
10:08:57,57.57,500,
10:08:57,57.57,189,
10:08:57,57.57,100,
10:08:57,57.57,200,
10:09:00,57.58,200,
10:09:01,57.58,400,
10:09:01,57.58,100,
10:09:04,57.57,100,
10:09:04,57.57,100,
10:09:04,57.57,300,
10:09:04,57.57,600,
10:09:04,57.57,500,
10:09:04,57.57,900,
10:09:04,57.57,200,
10:09:04,57.57,400,
10:09:04,57.57,100,
10:09:04,57.57,400,
10:09:05,57.57,100,
10:09:05,57.57,300,
10:09:05,57.57,400,
10:09:05,57.57,100,
10:09:05,57.57,200,
10:09:05,57.57,200,
10:09:06,57.57,100,
10:09:06,57.57,100,
10:09:06,57.57,2100,
10:09:06,57.57,500,
10:09:06,57.57,800,
10:09:06,57.57,100,
10:09:06,57.57,400,
10:09:06,57.57,1000,
10:09:06,57.56,800,
10:09:06,57.56,100,
10:09:06,57.56,100,
10:09:06,57.56,800,
10:09:06,57.56,400,
10:09:06,57.56,400,
10:09:06,57.56,400,
10:09:06,57.56,200,
10:09:06,57.56,300,
10:09:08,57.58,600,
10:09:10,57.58,100,
10:09:10,57.58,100,
10:09:10,57.58,600,
10:09:10,57.58,100,
10:09:10,57.58,100,
10:09:10,57.58,100,
10:09:10,57.58,100,
10:09:10,57.58,100,
10:09:10,57.58,100,
10:09:10,57.59,100,
10:09:13,57.58,200,
10:09:13,57.58,100,
10:09:17,57.57,100,
10:09:17,57.57,100,
10:09:17,57.57,100,
10:09:17,57.57,100,
10:09:17,57.57,100,
10:09:17,57.57,100,
10:09:17,57.57,100,
10:09:19,57.56,100,
10:09:19,57.56,100,
10:09:19,57.56,100,
10:09:19,57.56,100,
10:09:19,57.56,100,
10:09:19,57.56,100,
10:09:19,57.56,100,
10:09:19,57.55,200,
10:09:19,57.55,100,
10:09:19,57.55,2000,
10:09:19,57.55,100,
10:09:19,57.55,100,
10:09:19,57.55,100,
10:09:19,57.55,100,
10:09:19,57.55,400,
10:09:19,57.55,400,
10:09:20,57.54,100,
10:09:20,57.54,100,
10:09:22,57.54,100,
10:09:22,57.54,100,
10:09:22,57.54,100,
10:09:22,57.54,100,
10:09:22,57.54,400,
10:09:22,57.54,600,
10:09:22,57.54,100,
10:09:22,57.54,100,
10:09:22,57.54,100,
10:09:22,57.54,100,
10:09:22,57.54,100,
10:09:22,57.54,100,
10:09:22,57.54,100,
10:09:24,57.54,300,
10:09:24,57.54,400,
10:09:24,57.54,500,
10:09:29,57.54,300,
10:09:31,57.54,300,
10:09:31,57.54,400,
10:09:34,57.54,600,
10:09:34,57.54,200,
10:09:39,57.54,200,
10:09:39,57.54,100,
10:09:40,57.53,100,
10:09:41,57.5399,100,
10:09:42,57.53,100,
10:09:42,57.53,100,
10:09:42,57.53,100,
10:09:42,57.53,100,
10:09:42,57.53,100,
10:09:42,57.53,400,
10:09:42,57.53,100,
10:09:42,57.53,100,
10:09:44,57.52,100,
10:09:44,57.52,100,
10:09:44,57.52,100,
10:09:44,57.52,100,
10:09:44,57.52,100,
10:09:44,57.52,100,
10:09:44,57.52,100,
10:09:44,57.52,100,
10:09:49,57.52,400,
10:09:49,57.52,100,
10:09:51,57.525,100,
10:09:51,57.52,100,
10:09:52,57.52,100,
10:09:52,57.52,400,
10:09:57,57.52,400,
10:09:58,57.52,100,
10:09:59,57.52,100,
10:09:59,57.52,1000,
10:10:02,57.51,100,
10:10:02,57.51,500,
10:10:02,57.51,100,
10:10:02,57.51,100,
10:10:02,57.51,100,
10:10:02,57.51,100,
10:10:02,57.51,100,
10:10:02,57.51,100,
10:10:02,57.51,100,
10:10:03,57.50,100,
10:10:03,57.50,100,
10:10:03,57.50,100,
10:10:06,57.50,100,
10:10:06,57.50,200,
10:10:08,57.51,100,
10:10:09,57.52,400,
10:10:09,57.52,100,
10:10:09,57.52,100,
10:10:09,57.52,100,
10:10:09,57.52,100,
10:10:09,57.52,100,
10:10:09,57.52,100,
10:10:09,57.52,100,
10:10:09,57.52,100,
10:10:14,57.53,100,
10:10:14,57.53,100,
10:10:14,57.53,100,
10:10:14,57.53,100,
10:10:14,57.53,400,
10:10:14,57.53,100,
10:10:14,57.53,100,
10:10:14,57.53,100,
10:10:14,57.53,100,
10:10:14,57.53,100,
10:10:16,57.53,100,
10:10:16,57.53,200,
10:10:16,57.53,200,
10:10:18,57.54,418,
10:10:18,57.54,100,
10:10:18,57.54,100,
10:10:18,57.54,100,
10:10:18,57.54,100,
10:10:18,57.54,300,
10:10:18,57.54,100,
10:10:18,57.54,100,
10:10:18,57.54,100,
10:10:19,57.55,200,
10:10:21,57.54,400,
10:10:21,57.54,200,
10:10:21,57.54,100,
10:10:22,57.54,100,
10:10:29,57.54,200,
10:10:29,57.54,200,
10:10:29,57.54,500,
10:10:29,57.54,100,
