09:30:00,56.82,1000,
09:30:00,56.83,500,
09:30:01,56.86,400,
09:30:01,56.86,500,
09:30:01,56.86,400,
09:30:01,56.86,700,
09:30:01,56.86,400,
09:30:01,56.86,200,
09:30:01,56.86,200,
09:30:01,56.86,300,
09:30:01,56.86,500,
09:30:01,56.86,500,
09:30:01,56.86,200,
09:30:01,56.86,400,
09:30:01,56.86,300,
09:30:01,56.86,200,
09:30:01,56.86,400,
09:30:01,56.86,500,
09:30:01,56.86,400,
09:30:01,56.86,400,
09:30:01,56.86,500,
09:30:01,56.86,3981,
09:30:01,56.86,200,
09:30:01,56.86,300,
09:30:01,56.86,400,
09:30:01,56.86,400,
09:30:01,56.86,400,
09:30:01,56.86,400,
09:30:01,56.86,400,
09:30:01,56.85,200,
09:30:01,56.84,153,
09:30:01,56.84,200,
09:30:01,56.84,200,
09:30:01,56.84,300,
09:30:01,56.83,400,
09:30:01,56.83,400,
09:30:01,56.83,135,
09:30:01,56.83,165,
09:30:01,56.83,200,
09:30:01,56.83,265,
09:30:01,56.83,400,
09:30:01,56.83,200,
09:30:01,56.83,335,
09:30:01,56.83,365,
09:30:01,56.83,365,
09:30:01,56.83,400,
09:30:01,56.83,300,
09:30:01,56.83,365,
09:30:01,56.83,365,
09:30:01,56.83,300,
09:30:01,56.83,665,
09:30:01,56.82,500,
09:30:01,56.82,400,
09:30:01,56.82,400,
09:30:01,56.81,400,
09:30:01,56.81,100,
09:30:02,56.86,200,
09:30:02,56.86,880,
09:30:02,56.86,795,
09:30:02,56.86,175,
09:30:02,56.86,65837,
09:30:02,56.86,485,
09:30:02,56.86,173,
09:30:02,56.86,3500,
09:30:02,56.86,300,
09:30:02,56.86,200,
09:30:02,56.86,3150,
09:30:02,56.86,275,
09:30:02,56.86,400,
09:30:02,56.86,200,
09:30:02,56.86,130,
09:30:02,56.86,300,
09:30:02,56.86,200,
09:30:02,56.86,250,
09:30:02,56.86,6500,
09:30:02,56.86,500,
09:30:02,56.86,100,
09:30:02,56.86,900,
09:30:02,56.86,100,
09:30:02,56.86,400,
09:30:02,56.86,500,
09:30:02,56.86,143,
09:30:02,56.86,534,
09:30:02,56.86,455,
09:30:02,56.86,810,
09:30:02,56.86,1500,
09:30:02,56.86,100,
09:30:02,56.86,100,
09:30:02,56.86,760,
09:30:02,56.86,349,
09:30:02,56.86,400,
09:30:02,56.86,400,
09:30:02,56.86,500,
09:30:02,56.86,400,
09:30:02,56.86,100,
09:30:02,56.86,200,
09:30:02,56.86,650,
09:30:02,56.86,165,
09:30:02,56.86,300,
09:30:02,56.86,3800,
09:30:02,56.86,2000,
09:30:02,56.86,202,
09:30:02,56.86,150,
09:30:02,56.86,200,
09:30:02,56.86,500,
09:30:02,56.86,3805,
09:30:02,56.86,157,
09:30:02,56.86,680,
09:30:02,56.86,300,
09:30:02,56.86,2098,
09:30:02,56.86,100,
09:30:02,56.86,100,
09:30:02,56.86,200,
09:30:02,56.86,2028,
09:30:02,56.86,130,
09:30:03,56.82,400,
09:30:03,56.83,500,
09:30:03,56.83,608,
09:30:03,56.83,300,
09:30:03,56.83,100,
09:30:03,56.84,400,
09:30:03,56.84,465,
09:30:03,56.84,535,
09:30:03,56.84,300,
09:30:03,56.84,400,
09:30:03,56.84,200,
09:30:03,56.84,100,
09:30:03,56.84,400,
09:30:03,56.85,1700,
09:30:03,56.85,500,
09:30:03,56.85,500,
09:30:03,56.85,200,
09:30:03,56.85,400,
09:30:03,56.85,400,
09:30:03,56.85,500,
09:30:03,56.85,400,
09:30:03,56.85,100,
09:30:03,56.85,400,
09:30:03,56.85,200,
09:30:03,56.85,400,
09:30:03,56.85,400,
09:30:03,56.85,2000,
09:30:03,56.85,200,
09:30:03,56.85,500,
09:30:03,56.85,500,
09:30:03,56.85,300,
09:30:03,56.85,500,
09:30:03,56.85,500,
09:30:03,56.87,1000,
09:30:03,56.87,500,
09:30:03,56.87,100,
09:30:03,56.88,200,
09:30:03,56.88,400,
09:30:03,56.89,615,
09:30:03,56.88,300,
09:30:04,56.88,1000,
09:30:04,56.88,1000,
09:30:04,56.88,200,
09:30:04,56.88,100,
09:30:04,56.88,1000,
09:30:05,56.90,100,
09:30:05,56.90,500,
09:30:05,56.90,1900,
09:30:05,56.90,1100,
09:30:05,56.90,700,
09:30:05,56.81,6000,
09:30:05,56.91,500,
09:30:05,56.91,500,
09:30:05,56.91,500,
09:30:05,56.91,500,
09:30:05,56.91,500,
09:30:05,56.91,500,
09:30:05,56.91,400,
09:30:05,56.91,400,
09:30:05,56.91,100,
09:30:05,56.91,400,
09:30:05,56.91,400,
09:30:05,56.91,400,
09:30:05,56.91,500,
09:30:06,56.92,200,
09:30:06,56.92,200,
09:30:06,56.91,200,
09:30:06,56.91,100,
09:30:09,56.88,400,
09:30:09,56.88,400,
09:30:09,56.9099,100,
09:30:10,56.89,100,
09:30:10,56.89,600,
09:30:10,56.88,200,
09:30:10,56.89,400,
09:30:10,56.89,300,
09:30:10,56.89,200,
09:30:10,56.89,400,
09:30:10,56.89,300,
09:30:10,56.89,300,
09:30:10,56.89,400,
09:30:10,56.89,400,
09:30:11,56.88,300,
09:30:11,56.89,300,
09:30:11,56.89,300,
09:30:11,56.88,300,
09:30:11,56.88,300,
09:30:11,56.88,500,
09:30:12,56.88,200,
09:30:12,56.88,100,
09:30:14,56.87,813,
09:30:14,56.87,200,
09:30:14,56.87,300,
09:30:15,56.87,2500,
09:30:15,56.86,300,
09:30:15,56.87,1000,
09:30:15,56.87,311,
09:30:15,56.87,300,
09:30:15,56.87,200,
09:30:15,56.87,100,
09:30:15,56.87,200,
09:30:15,56.87,100,
09:30:16,56.86,300,
09:30:16,56.86,500,
09:30:16,56.86,400,
09:30:16,56.86,200,
09:30:16,56.86,400,
09:30:16,56.86,400,
09:30:16,56.86,500,
09:30:16,56.86,400,
09:30:16,56.86,300,
09:30:16,56.86,400,
09:30:16,56.86,400,
09:30:16,56.86,200,
09:30:16,56.86,500,
09:30:16,56.86,200,
09:30:16,56.86,200,
09:30:16,56.86,400,
09:30:16,56.86,500,
09:30:16,56.86,600,
09:30:16,56.86,664,
09:30:16,56.86,300,
09:30:16,56.86,336,
09:30:16,56.86,500,
09:30:17,56.86,400,
09:30:17,56.86,400,
09:30:17,56.86,300,
09:30:17,56.86,500,
09:30:17,56.86,200,
09:30:17,56.86,815,
09:30:17,56.86,400,
09:30:17,56.86,200,
09:30:17,56.85,700,
09:30:17,56.85,300,
09:30:17,56.85,200,
09:30:17,56.85,600,
09:30:17,56.85,255,
09:30:17,56.85,200,
09:30:17,56.85,400,
09:30:19,56.85,100,
09:30:19,56.86,400,
09:30:19,56.85,500,
09:30:19,56.85,400,
09:30:19,56.85,200,
09:30:19,56.85,500,
09:30:19,56.85,400,
09:30:19,56.85,300,
09:30:19,56.85,100,
09:30:20,56.85,200,
09:30:21,56.85,100,
09:30:21,56.85,300,
09:30:21,56.85,200,
09:30:22,56.84,400,
09:30:22,56.84,500,
09:30:24,56.85,200,
09:30:25,56.86,400,
09:30:25,56.86,100,
09:30:29,56.84,300,
09:30:29,56.85,300,
09:30:31,56.86,200,
09:30:33,56.86,100,
09:30:39,56.88,100,
09:30:41,56.86,100,
09:30:43,56.8699,2000,
09:30:44,56.85,200,
09:30:44,56.85,400,
09:30:44,56.85,400,
09:30:44,56.85,400,
09:30:44,56.85,400,
09:30:44,56.85,400,
09:30:46,56.84,100,
09:30:46,56.84,400,
09:30:46,56.84,500,
09:30:46,56.84,500,
09:30:46,56.84,200,
09:30:46,56.84,300,
09:30:46,56.84,400,
09:30:46,56.84,400,
09:30:46,56.84,400,
09:30:46,56.84,400,
09:30:46,56.84,300,
09:30:49,56.82,1800,
09:30:49,56.82,1600,
09:30:50,56.82,100,
09:30:52,56.84,400,
09:30:53,56.84,258,
09:30:55,56.83,200,
09:30:55,56.83,500,
09:30:55,56.83,500,
09:30:55,56.83,500,
09:30:55,56.82,2600,
09:30:55,56.82,200,
09:30:55,56.82,500,
09:30:55,56.82,813,
09:30:55,56.82,392,
09:30:56,56.82,300,
09:30:56,56.82,1242,
09:30:59,56.82,200,
09:31:00,56.82,255,
09:31:00,56.82,100,
09:31:00,56.82,185,
09:31:00,56.82,500,
09:31:00,56.82,1018,
09:31:00,56.82,100,
09:31:00,56.82,100,
09:31:00,56.82,200,
09:31:00,56.82,300,
09:31:01,56.81,200,
09:31:01,56.81,100,
09:31:01,56.81,500,
09:31:03,56.80,500,
09:31:03,56.80,400,
09:31:03,56.80,200,
09:31:04,56.80,200,
09:31:05,56.80,100,
09:31:11,56.80,100,
09:31:11,56.80,200,
09:31:11,56.80,400,
09:31:11,56.80,550,
09:31:11,56.80,200,
09:31:11,56.80,100,
09:31:11,56.81,100,
09:31:11,56.81,400,
09:31:11,56.82,400,
09:31:15,56.8199,2800,
09:31:19,56.83,100,
09:31:22,56.87,100,
09:31:23,56.85,400,
09:31:24,56.8386,500,
09:31:24,56.83,200,
09:31:25,56.84,100,
09:31:26,56.84,100,
09:31:31,56.85,400,
09:31:31,56.855,100,
09:31:34,56.855,100,
09:31:34,56.845,100,
09:31:39,56.84,500,
09:31:39,56.84,300,
09:31:39,56.84,200,
09:31:39,56.84,300,
09:31:39,56.84,300,
09:31:39,56.84,500,
09:31:39,56.84,1200,
09:31:39,56.84,250,
09:31:39,56.84,200,
09:31:40,56.84,260,
09:31:40,56.84,200,
09:31:40,56.84,600,
09:31:40,56.84,340,
09:31:41,56.8296,600,
09:31:41,56.8297,200,
09:31:41,56.8298,300,
09:31:41,56.8298,300,
09:31:41,56.8298,600,
09:31:41,56.8297,300,
09:31:41,56.83,1000,
09:31:41,56.83,400,
09:31:44,56.83,100,
09:31:45,56.82,300,
09:31:45,56.82,200,
09:31:45,56.83,100,
09:31:45,56.835,100,
09:31:47,56.81,330,
09:31:51,56.81,400,
09:31:51,56.81,136,
09:31:52,56.81,100,
09:31:55,56.8132,116,
09:31:58,56.84,500,
09:31:58,56.84,200,
09:31:58,56.84,300,
09:31:58,56.85,300,
09:31:59,56.84,100,
09:32:00,56.84,100,
09:32:00,56.84,100,
09:32:00,56.84,100,
09:32:04,56.85,400,
09:32:07,56.84,200,
09:32:08,56.84,200,
09:32:13,56.83,400,
09:32:13,56.83,400,
09:32:15,56.83,100,
09:32:15,56.825,100,
09:32:16,56.82,100,
09:32:17,56.81,100,
09:32:17,56.80,200,
09:32:17,56.80,600,
09:32:22,56.78,400,
09:32:22,56.785,100,
09:32:23,56.77,100,
09:32:23,56.77,100,
09:32:25,56.75,500,
09:32:27,56.77,100,
09:32:27,56.77,100,
09:32:27,56.76,400,
09:32:27,56.765,100,
09:32:27,56.77,400,
09:32:27,56.77,200,
09:32:27,56.77,200,
09:32:28,56.76,100,
09:32:29,56.74,200,
09:32:29,56.74,100,
09:32:31,56.744,1000,
09:32:33,56.76,100,
09:32:33,56.76,100,
09:32:35,56.76,400,
09:32:35,56.76,200,
09:32:35,56.76,563,
09:32:35,56.75,100,
09:32:35,56.755,100,
09:32:37,56.7395,1000,
09:32:39,56.73,1600,
09:32:39,56.73,200,
09:32:40,56.73,100,
09:32:43,56.735,100,
09:32:43,56.73,100,
09:32:43,56.73,200,
09:32:43,56.73,177,
09:32:43,56.73,200,
09:32:43,56.73,200,
09:32:43,56.73,677,
09:32:43,56.73,100,
09:32:43,56.73,100,
09:32:43,56.73,600,
09:32:43,56.75,600,
09:32:43,56.735,100,
09:32:43,56.745,100,
09:32:45,56.73,100,
09:32:45,56.72,200,
09:32:45,56.72,300,
09:32:46,56.7199,100,
09:32:47,56.71,600,
09:32:48,56.725,200,
09:32:49,56.725,100,
09:32:49,56.715,100,
09:32:51,56.73,390,
09:32:52,56.73,1000,
09:32:53,56.73,200,
09:32:53,56.73,200,
09:32:53,56.73,200,
09:32:55,56.75,100,
09:32:55,56.75,100,
09:32:55,56.7465,1000,
09:32:56,56.74,1000,
09:32:56,56.74,100,
09:32:56,56.74,700,
09:32:56,56.75,177,
09:32:56,56.75,100,
09:32:56,56.74,300,
09:32:56,56.74,400,
09:32:56,56.75,100,
09:32:56,56.75,231,
09:32:57,56.76,1296,
09:32:57,56.76,815,
09:32:57,56.76,274,
09:32:57,56.76,226,
09:32:57,56.76,300,
09:32:57,56.76,1338,
09:32:59,56.76,100,
09:32:59,56.76,1100,
09:32:59,56.75,500,
09:32:59,56.75,100,
09:33:00,56.74,383,
09:33:01,56.74,100,
09:33:01,56.74,100,
09:33:01,56.74,200,
09:33:02,56.73,400,
09:33:02,56.73,200,
09:33:03,56.74,100,
09:33:03,56.75,100,
09:33:04,56.7403,400,
09:33:06,56.74,500,
09:33:06,56.74,200,
09:33:06,56.74,200,
09:33:06,56.74,200,
09:33:06,56.74,200,
09:33:06,56.74,300,
09:33:06,56.74,142,
09:33:06,56.74,200,
09:33:06,56.74,300,
09:33:06,56.74,100,
09:33:06,56.74,100,
09:33:06,56.74,200,
09:33:06,56.74,100,
09:33:06,56.74,200,
09:33:06,56.74,154,
09:33:06,56.74,600,
09:33:06,56.74,200,
09:33:08,56.75,200,
09:33:10,56.76,100,
09:33:10,56.76,200,
09:33:10,56.76,400,
09:33:10,56.76,700,
09:33:10,56.76,200,
09:33:10,56.76,200,
09:33:10,56.75,383,
09:33:11,56.76,100,
09:33:11,56.76,200,
09:33:11,56.76,200,
09:33:11,56.76,500,
09:33:11,56.76,800,
09:33:11,56.76,300,
09:33:11,56.76,200,
09:33:11,56.76,300,
09:33:11,56.76,200,
09:33:11,56.76,200,
09:33:11,56.77,100,
09:33:14,56.7502,200,
09:33:15,56.75,4000,
09:33:15,56.7569,200,
09:33:15,56.7569,200,
09:33:15,56.7573,200,
09:33:19,56.7501,300,
09:33:20,56.76,100,
09:33:23,56.78,500,
09:33:23,56.77,100,
09:33:23,56.77,100,
09:33:23,56.77,600,
09:33:23,56.77,500,
09:33:23,56.77,500,
09:33:23,56.77,700,
09:33:23,56.76,100,
09:33:23,56.76,200,
09:33:24,56.76,200,
09:33:24,56.76,700,
09:33:24,56.76,600,
09:33:24,56.76,500,
09:33:24,56.76,200,
09:33:24,56.76,200,
09:33:26,56.76,149,
09:33:28,56.75,600,
09:33:28,56.75,323,
09:33:28,56.75,700,
09:33:28,56.74,100,
09:33:28,56.74,300,
09:33:29,56.74,100,
09:33:29,56.74,400,
09:33:29,56.74,200,
09:33:31,56.74,100,
09:33:33,56.74,200,
09:33:34,56.74,200,
09:33:35,56.74,100,
09:33:39,56.75,100,
09:33:39,56.73,300,
09:33:39,56.73,200,
09:33:41,56.73,200,
09:33:41,56.73,500,
09:33:41,56.73,100,
09:33:41,56.73,110,
09:33:41,56.73,390,
09:33:45,56.74,700,
09:33:45,56.74,100,
09:33:45,56.75,500,
09:33:45,56.76,400,
09:33:45,56.76,300,
09:33:46,56.78,300,
09:33:47,56.76,400,
09:33:48,56.756,700,
09:33:50,56.759,100,
09:33:50,56.75,400,
09:33:54,56.755,190,
09:33:54,56.755,100,
09:33:54,56.755,400,
09:33:54,56.755,100,
09:33:54,56.755,100,
09:33:54,56.755,100,
09:33:54,56.755,100,
09:33:54,56.755,100,
09:33:54,56.745,100,
09:33:54,56.745,100,
09:33:54,56.74,100,
09:33:54,56.74,300,
09:33:54,56.74,100,
09:33:55,56.7404,200,
09:33:55,56.75,300,
09:33:55,56.75,100,
09:33:57,56.75,100,
09:33:57,56.76,100,
09:33:57,56.76,400,
09:34:00,56.75,5000,
09:34:00,56.75,768,
09:34:00,56.75,200,
09:34:00,56.75,332,
09:34:00,56.74,332,
09:34:00,56.73,400,
09:34:00,56.73,400,
09:34:01,56.73,100,
09:34:01,56.73,260,
09:34:01,56.73,100,
09:34:01,56.73,200,
09:34:01,56.75,200,
09:34:01,56.75,1000,
09:34:01,56.75,300,
09:34:01,56.75,200,
09:34:01,56.75,200,
09:34:01,56.75,300,
09:34:01,56.75,600,
09:34:01,56.75,500,
09:34:01,56.75,100,
09:34:01,56.75,200,
09:34:01,56.75,700,
09:34:01,56.75,100,
09:34:01,56.75,1993,
09:34:01,56.75,500,
09:34:01,56.75,200,
09:34:01,56.75,100,
09:34:01,56.76,493,
09:34:01,56.76,600,
09:34:01,56.76,200,
09:34:02,56.75,2400,
09:34:02,56.75,100,
09:34:02,56.75,200,
09:34:04,56.74,400,
09:34:05,56.74,300,
09:34:05,56.75,100,
09:34:06,56.74,100,
09:34:08,56.73,200,
09:34:10,56.75,200,
09:34:10,56.75,400,
09:34:13,56.76,200,
09:34:13,56.76,100,
09:34:14,56.76,368,
09:34:16,56.75,400,
09:34:16,56.75,100,
09:34:16,56.75,200,
09:34:16,56.75,200,
09:34:16,56.75,400,
09:34:16,56.75,500,
09:34:16,56.75,18300,
09:34:16,56.75,200,
09:34:16,56.75,100,
09:34:20,56.75,100,
09:34:21,56.77,400,
09:34:23,56.77,200,
09:34:23,56.75,100,
09:34:24,56.77,400,
09:34:25,56.7502,100,
09:34:26,56.77,200,
09:34:26,56.77,500,
09:34:26,56.77,200,
09:34:26,56.77,600,
09:34:26,56.77,200,
09:34:26,56.77,300,
09:34:26,56.77,200,
09:34:26,56.77,1260,
09:34:26,56.77,1100,
09:34:35,56.80,200,
09:34:35,56.80,200,
09:34:35,56.80,200,
09:34:35,56.80,100,
09:34:36,56.80,169,
09:34:38,56.81,400,
09:34:39,56.81,10000,
09:34:40,56.8001,100,
09:34:40,56.80,100,
09:34:41,56.81,100,
09:34:43,56.81,100,
09:34:43,56.81,100,
09:34:46,56.809,105,
09:34:48,56.78,400,
09:34:48,56.78,200,
09:34:49,56.77,300,
09:34:49,56.77,180,
09:34:49,56.76,200,
09:34:49,56.76,300,
09:34:49,56.76,100,
09:34:49,56.76,200,
09:34:49,56.77,200,
09:34:50,56.76,200,
09:34:51,56.7514,1000,
09:34:54,56.75,1000,
09:34:54,56.74,200,
09:34:55,56.73,100,
09:34:55,56.73,500,
09:34:55,56.73,700,
09:34:55,56.73,400,
09:34:55,56.72,300,
09:34:55,56.72,400,
09:34:55,56.72,600,
09:34:55,56.73,200,
09:34:55,56.73,100,
09:34:55,56.73,381,
09:34:55,56.72,200,
09:34:55,56.72,1200,
09:34:55,56.73,200,
09:34:55,56.73,200,
09:34:55,56.73,200,
09:34:55,56.73,200,
09:34:55,56.72,100,
09:34:56,56.71,500,
09:34:56,56.70,200,
09:34:56,56.70,762,
09:34:56,56.70,200,
09:34:56,56.70,400,
09:34:57,56.704,400,
09:34:57,56.7039,500,
09:34:58,56.71,300,
09:35:00,56.72,1000,
09:35:00,56.72,200,
09:35:00,56.72,700,
09:35:01,56.71,800,
09:35:02,56.70,300,
09:35:02,56.70,400,
09:35:02,56.70,400,
09:35:02,56.69,400,
09:35:02,56.69,200,
09:35:03,56.68,100,
09:35:03,56.68,100,
09:35:03,56.6701,100,
09:35:03,56.68,1800,
09:35:03,56.68,100,
09:35:04,56.68,100,
09:35:05,56.67,600,
09:35:05,56.67,100,
09:35:05,56.67,380,
09:35:05,56.67,1200,
09:35:05,56.67,2520,
09:35:07,56.66,213,
09:35:07,56.66,100,
09:35:07,56.66,187,
09:35:07,56.65,200,
09:35:07,56.65,400,
09:35:07,56.65,300,
09:35:07,56.65,300,
09:35:07,56.65,500,
09:35:07,56.66,200,
09:35:07,56.66,300,
09:35:08,56.65,400,
09:35:08,56.64,5000,
09:35:13,56.66,300,
09:35:14,56.65,200,
09:35:17,56.64,100,
09:35:17,56.63,300,
09:35:17,56.659,100,
09:35:18,56.65,600,
09:35:18,56.66,268,
09:35:18,56.66,200,
09:35:18,56.67,200,
09:35:19,56.66,200,
09:35:19,56.67,600,
09:35:19,56.68,185,
09:35:21,56.65,100,
09:35:21,56.65,100,
09:35:21,56.65,400,
09:35:25,56.64,100,
09:35:25,56.64,100,
09:35:25,56.64,400,
09:35:25,56.64,100,
09:35:25,56.64,100,
09:35:25,56.64,100,
09:35:25,56.64,400,
09:35:25,56.64,100,
09:35:25,56.64,100,
09:35:25,56.64,400,
09:35:25,56.64,100,
09:35:26,56.64,100,
09:35:26,56.64,407,
09:35:26,56.64,100,
09:35:29,56.63,200,
09:35:29,56.64,600,
09:35:30,56.64,100,
09:35:32,56.64,100,
09:35:32,56.64,100,
09:35:33,56.63,600,
09:35:34,56.63,600,
09:35:36,56.62,100,
09:35:37,56.62,200,
09:35:38,56.63,5000,
09:35:39,56.62,200,
09:35:39,56.63,247,
09:35:41,56.63,200,
09:35:41,56.63,200,
09:35:41,56.63,300,
09:35:41,56.63,100,
09:35:41,56.63,100,
09:35:41,56.63,200,
09:35:41,56.63,300,
09:35:41,56.64,600,
09:35:41,56.63,200,
09:35:43,56.64,642,
09:35:44,56.64,600,
09:35:44,56.64,400,
09:35:47,56.64,400,
09:35:50,56.64,100,
09:35:50,56.64,600,
09:35:50,56.64,200,
09:35:51,56.64,191,
09:35:55,56.64,600,
09:35:55,56.64,1100,
09:35:55,56.64,400,
09:35:56,56.64,400,
09:35:56,56.6386,500,
09:35:58,56.62,200,
09:36:01,56.61,100,
09:36:01,56.6029,100,
09:36:02,56.61,600,
09:36:02,56.61,500,
09:36:02,56.61,200,
09:36:03,56.61,500,
09:36:03,56.60,198,
09:36:03,56.60,152,
09:36:04,56.60,200,
09:36:04,56.60,340,
09:36:06,56.60,200,
09:36:06,56.60,100,
09:36:06,56.59,540,
09:36:06,56.60,250,
09:36:06,56.59,200,
09:36:06,56.59,100,
09:36:07,56.61,200,
09:36:07,56.61,200,
09:36:07,56.61,200,
09:36:07,56.61,200,
09:36:07,56.61,100,
09:36:07,56.62,100,
09:36:07,56.62,100,
09:36:07,56.63,200,
09:36:07,56.63,2000,
09:36:08,56.63,100,
09:36:08,56.63,117,
09:36:08,56.63,600,
09:36:08,56.63,100,
09:36:08,56.63,400,
09:36:08,56.63,100,
09:36:09,56.62,600,
09:36:10,56.62,100,
09:36:10,56.61,300,
09:36:10,56.60,2400,
09:36:10,56.61,400,
09:36:11,56.61,200,
09:36:12,56.61,600,
09:36:13,56.61,100,
09:36:13,56.61,100,
09:36:13,56.61,100,
09:36:13,56.61,100,
09:36:15,56.61,600,
09:36:17,56.62,300,
09:36:17,56.62,100,
09:36:17,56.62,300,
09:36:17,56.62,300,
09:36:17,56.62,500,
09:36:17,56.62,533,
09:36:18,56.62,247,
09:36:19,56.62,200,
09:36:19,56.625,200,
09:36:19,56.62,200,
09:36:19,56.6264,200,
09:36:19,56.6265,300,
09:36:19,56.6265,300,
09:36:20,56.63,100,
09:36:20,56.63,100,
09:36:20,56.63,600,
09:36:20,56.63,700,
09:36:20,56.63,600,
09:36:20,56.63,600,
09:36:20,56.63,200,
09:36:21,56.62,300,
09:36:21,56.62,600,
09:36:21,56.62,100,
09:36:21,56.62,600,
09:36:23,56.62,100,
09:36:24,56.61,600,
09:36:24,56.61,200,
09:36:25,56.60,1700,
09:36:26,56.6014,500,
09:36:27,56.61,100,
09:36:28,56.62,500,
09:36:28,56.62,1000,
09:36:28,56.62,600,
09:36:29,56.61,1000,
09:36:29,56.60,100,
09:36:29,56.60,100,
09:36:30,56.60,400,
09:36:30,56.60,565,
09:36:30,56.60,804,
09:36:30,56.60,413,
09:36:32,56.60,300,
09:36:33,56.60,100,
09:36:36,56.5901,300,
09:36:36,56.59,200,
09:36:36,56.59,369,
09:36:36,56.59,122,
09:36:36,56.59,170,
09:36:36,56.59,185,
09:36:36,56.59,245,
09:36:36,56.59,100,
09:36:37,56.59,200,
09:36:37,56.59,800,
09:36:37,56.59,600,
09:36:37,56.60,600,
09:36:38,56.59,100,
09:36:39,56.6007,100,
09:36:41,56.61,600,
09:36:41,56.62,400,
09:36:41,56.62,400,
09:36:41,56.62,600,
09:36:41,56.62,700,
09:36:42,56.6199,1600,
09:36:42,56.62,1400,
09:36:42,56.62,100,
09:36:42,56.62,600,
09:36:42,56.63,215,
09:36:42,56.63,200,
09:36:42,56.63,500,
09:36:42,56.63,200,
09:36:42,56.63,400,
09:36:43,56.619,1000,
09:36:44,56.63,100,
09:36:44,56.63,1000,
09:36:44,56.63,1400,
09:36:44,56.6299,1600,
09:36:44,56.63,100,
09:36:44,56.6299,1600,
09:36:44,56.63,100,
09:36:44,56.62,100,
09:36:45,56.62,100,
09:36:46,56.62,600,
09:36:46,56.63,700,
09:36:46,56.63,3500,
09:36:49,56.63,4733,
09:36:49,56.63,190,
09:36:49,56.63,1110,
09:36:49,56.63,300,
09:36:49,56.63,200,
09:36:49,56.63,600,
09:36:49,56.63,700,
09:36:49,56.63,1200,
09:36:49,56.63,100,
09:36:51,56.63,100,
09:36:51,56.63,3600,
09:36:51,56.63,200,
09:36:51,56.63,300,
09:36:51,56.63,100,
09:36:51,56.63,400,
09:36:52,56.63,590,
09:36:54,56.63,500,
09:36:55,56.62,200,
09:36:55,56.62,500,
09:36:55,56.61,100,
09:36:56,56.61,100,
09:36:58,56.60,300,
09:36:58,56.61,400,
09:37:04,56.57,600,
09:37:05,56.57,500,
09:37:05,56.57,300,
09:37:06,56.57,200,
09:37:07,56.56,400,
09:37:07,56.56,200,
09:37:07,56.56,200,
09:37:08,56.55,5000,
09:37:08,56.57,100,
09:37:08,56.57,100,
09:37:09,56.5799,1300,
09:37:09,56.58,600,
09:37:10,56.58,300,
09:37:10,56.58,200,
09:37:12,56.56,100,
09:37:13,56.56,200,
09:37:15,56.57,600,
09:37:16,56.58,100,
09:37:17,56.5684,500,
09:37:18,56.56,200,
09:37:18,56.56,600,
09:37:18,56.56,600,
09:37:18,56.56,1200,
09:37:20,56.56,200,
09:37:23,56.554,200,
09:37:24,56.554,100,
09:37:24,56.554,500,
09:37:24,56.554,100,
09:37:24,56.5517,880,
09:37:24,56.55,100,
09:37:25,56.54,400,
09:37:25,56.5419,347,
09:37:25,56.56,200,
09:37:25,56.56,300,
09:37:25,56.56,100,
09:37:27,56.55,350,
09:37:27,56.54,400,
09:37:27,56.54,100,
09:37:27,56.5416,150,
09:37:28,56.55,100,
09:37:28,56.54,400,
09:37:28,56.54,300,
09:37:28,56.54,400,
09:37:28,56.54,100,
09:37:28,56.55,100,
09:37:29,56.54,400,
09:37:29,56.54,300,
09:37:29,56.54,600,
09:37:29,56.54,200,
09:37:29,56.54,18300,
09:37:29,56.54,100,
09:37:29,56.54,400,
09:37:29,56.54,2000,
09:37:29,56.54,100,
09:37:29,56.54,450,
09:37:29,56.54,1200,
09:37:29,56.54,100,
09:37:30,56.54,1000,
09:37:30,56.54,1200,
09:37:30,56.54,200,
09:37:30,56.54,600,
09:37:30,56.54,100,
09:37:30,56.54,1000,
09:37:30,56.54,118,
09:37:31,56.54,100,
09:37:31,56.54,600,
09:37:31,56.54,600,
09:37:31,56.54,200,
09:37:31,56.54,840,
09:37:31,56.54,800,
09:37:31,56.54,100,
09:37:31,56.54,700,
09:37:31,56.54,300,
09:37:31,56.54,300,
09:37:31,56.54,200,
09:37:31,56.54,200,
09:37:31,56.54,2482,
09:37:31,56.55,600,
09:37:32,56.55,100,
09:37:33,56.55,100,
09:37:35,56.55,300,
09:37:35,56.55,500,
09:37:36,56.55,100,
09:37:36,56.55,100,
09:37:36,56.55,100,
09:37:36,56.55,100,
09:37:36,56.55,200,
09:37:37,56.54,600,
09:37:39,56.54,100,
09:37:39,56.54,200,
09:37:39,56.54,100,
09:37:39,56.54,100,
09:37:42,56.54,600,
09:37:42,56.54,2560,
09:37:43,56.54,100,
09:37:43,56.54,100,
09:37:45,56.5301,2000,
09:37:45,56.53,320,
09:37:45,56.53,340,
09:37:45,56.53,100,
09:37:45,56.53,200,
09:37:45,56.53,500,
09:37:46,56.53,217,
09:37:48,56.53,600,
09:37:50,56.53,100,
09:37:53,56.53,600,
09:37:53,56.53,200,
09:37:53,56.5299,400,
09:37:55,56.52,600,
09:37:55,56.50,100,
09:37:55,56.51,2000,
09:37:55,56.5099,200,
09:37:55,56.50,100,
09:37:55,56.50,100,
09:37:56,56.50,200,
09:37:56,56.50,1000,
09:37:56,56.50,200,
09:37:56,56.50,400,
09:37:56,56.50,600,
09:37:56,56.50,200,
09:37:56,56.50,100,
09:37:57,56.50,200,
09:37:57,56.4913,100,
09:37:57,56.4913,300,
09:37:57,56.49,4600,
09:37:57,56.49,1600,
09:37:58,56.50,100,
09:37:58,56.50,175,
09:37:58,56.49,100,
09:37:59,56.49,400,
09:37:59,56.50,100,
09:37:59,56.50,100,
09:37:59,56.50,600,
09:37:59,56.50,600,
09:37:59,56.50,400,
09:37:59,56.50,100,
09:37:59,56.50,100,
09:37:59,56.50,100,
09:37:59,56.495,100,
09:37:59,56.50,600,
09:37:59,56.50,200,
09:37:59,56.50,100,
09:37:59,56.50,200,
09:37:59,56.49,1300,
09:38:00,56.49,300,
09:38:00,56.49,100,
09:38:00,56.49,1000,
09:38:00,56.49,340,
09:38:00,56.50,100,
09:38:01,56.49,600,
09:38:01,56.49,100,
09:38:01,56.485,100,
09:38:01,56.50,600,
09:38:01,56.50,100,
09:38:01,56.49,100,
09:38:02,56.50,300,
09:38:02,56.4999,600,
09:38:02,56.50,300,
09:38:02,56.50,200,
09:38:02,56.49,500,
09:38:03,56.50,338,
09:38:04,56.50,200,
09:38:04,56.50,100,
09:38:05,56.49,500,
09:38:07,56.48,100,
09:38:07,56.48,200,
09:38:07,56.47,500,
09:38:09,56.47,200,
09:38:09,56.49,400,
09:38:09,56.49,200,
09:38:09,56.50,215,
09:38:09,56.50,200,
09:38:09,56.49,400,
09:38:10,56.48,300,
09:38:10,56.4899,300,
09:38:10,56.4899,900,
09:38:10,56.4899,100,
09:38:11,56.49,200,
09:38:11,56.49,200,
09:38:11,56.49,200,
09:38:13,56.50,285,
09:38:15,56.50,7200,
09:38:18,56.50,100,
09:38:18,56.50,500,
09:38:18,56.50,100,
09:38:18,56.50,200,
09:38:18,56.50,500,
09:38:18,56.50,200,
09:38:18,56.50,200,
09:38:19,56.51,200,
09:38:19,56.51,100,
09:38:19,56.5099,200,
09:38:19,56.5099,100,
09:38:21,56.505,214,
09:38:21,56.51,100,
09:38:21,56.505,400,
09:38:21,56.51,100,
09:38:21,56.51,100,
09:38:24,56.51,400,
09:38:24,56.50,200,
09:38:26,56.50,100,
09:38:26,56.50,100,
09:38:26,56.50,169,
09:38:26,56.50,100,
09:38:27,56.51,600,
09:38:27,56.52,400,
09:38:27,56.52,100,
09:38:27,56.52,400,
09:38:27,56.52,100,
09:38:28,56.51,200,
09:38:28,56.51,200,
09:38:28,56.51,100,
09:38:28,56.51,200,
09:38:29,56.51,215,
09:38:33,56.51,105,
09:38:34,56.52,100,
09:38:35,56.52,100,
09:38:35,56.52,300,
09:38:35,56.52,100,
09:38:35,56.52,300,
09:38:35,56.52,200,
09:38:35,56.52,300,
09:38:35,56.525,800,
09:38:35,56.52,100,
09:38:36,56.52,300,
09:38:36,56.52,195,
09:38:36,56.52,100,
09:38:36,56.52,600,
09:38:37,56.51,200,
09:38:39,56.51,400,
09:38:41,56.52,100,
09:38:41,56.52,100,
09:38:42,56.5154,100,
09:38:42,56.5174,200,
09:38:42,56.5175,300,
09:38:42,56.5175,300,
09:38:42,56.52,200,
09:38:44,56.52,100,
09:38:44,56.52,200,
09:38:45,56.52,600,
09:38:47,56.52,400,
09:38:47,56.52,495,
09:38:47,56.52,600,
09:38:47,56.53,18300,
09:38:47,56.53,1000,
09:38:47,56.53,300,
09:38:47,56.53,500,
09:38:47,56.53,100,
09:38:47,56.53,600,
09:38:47,56.53,400,
09:38:47,56.53,500,
09:38:47,56.53,985,
09:38:47,56.53,400,
09:38:47,56.53,400,
09:38:47,56.53,1000,
09:38:47,56.53,600,
09:38:47,56.54,100,
09:38:47,56.54,1100,
09:38:47,56.53,2100,
09:38:47,56.53,200,
09:38:48,56.54,400,
09:38:48,56.535,600,
09:38:48,56.535,100,
09:38:48,56.535,600,
09:38:48,56.535,300,
09:38:48,56.54,200,
09:38:48,56.54,200,
09:38:48,56.54,100,
09:38:48,56.54,100,
09:38:48,56.54,500,
09:38:48,56.54,200,
09:38:48,56.54,2400,
09:38:50,56.55,600,
09:38:50,56.54,400,
09:38:51,56.54,200,
09:38:51,56.54,287,
09:38:51,56.54,300,
09:38:53,56.55,715,
09:38:54,56.54,600,
09:38:54,56.54,200,
09:38:55,56.54,200,
09:38:56,56.55,900,
09:38:56,56.55,300,
09:38:57,56.54,100,
09:38:58,56.55,200,
09:38:58,56.55,300,
09:38:58,56.55,300,
09:38:58,56.55,1000,
09:38:58,56.55,200,
09:38:59,56.55,100,
09:38:59,56.55,100,
09:38:59,56.55,200,
09:38:59,56.55,600,
09:39:02,56.55,600,
09:39:02,56.55,200,
09:39:03,56.56,200,
09:39:03,56.57,200,
09:39:03,56.57,200,
09:39:04,56.56,100,
09:39:04,56.54,5000,
09:39:05,56.56,100,
09:39:05,56.55,700,
09:39:05,56.55,400,
09:39:05,56.55,200,
09:39:05,56.55,100,
09:39:05,56.55,200,
09:39:05,56.55,100,
09:39:05,56.55,577,
09:39:05,56.55,200,
09:39:05,56.55,400,
09:39:07,56.55,600,
09:39:08,56.55,600,
09:39:08,56.54,100,
09:39:08,56.54,100,
09:39:08,56.55,400,
09:39:09,56.56,200,
09:39:09,56.56,400,
09:39:09,56.56,100,
09:39:09,56.56,500,
09:39:09,56.56,3700,
09:39:09,56.56,200,
09:39:09,56.56,200,
09:39:09,56.56,252,
09:39:09,56.56,100,
09:39:09,56.56,2000,
09:39:09,56.56,300,
09:39:10,56.57,113,
09:39:10,56.565,100,
09:39:10,56.57,759,
09:39:10,56.57,116,
09:39:10,56.57,200,
09:39:10,56.57,284,
09:39:10,56.565,500,
09:39:10,56.57,465,
09:39:10,56.57,100,
09:39:10,56.57,165,
09:39:11,56.57,500,
09:39:11,56.57,400,
09:39:13,56.57,200,
09:39:15,56.575,315,
09:39:15,56.58,100,
09:39:15,56.575,100,
09:39:15,56.58,600,
09:39:15,56.59,215,
09:39:15,56.5875,100,
09:39:15,56.585,300,
09:39:15,56.59,100,
09:39:15,56.59,5172,
09:39:15,56.59,100,
09:39:15,56.59,300,
09:39:16,56.59,500,
09:39:16,56.59,400,
09:39:16,56.59,100,
09:39:18,56.58,400,
09:39:18,56.579,300,
09:39:18,56.57,100,
09:39:18,56.57,460,
09:39:18,56.57,100,
09:39:18,56.57,300,
09:39:18,56.57,700,
09:39:18,56.57,200,
09:39:18,56.579,300,
09:39:18,56.578,300,
09:39:18,56.57,100,
09:39:18,56.57,140,
09:39:18,56.57,100,
09:39:19,56.57,300,
09:39:19,56.56,400,
09:39:19,56.55,500,
09:39:19,56.55,100,
09:39:19,56.554,1000,
09:39:20,56.55,400,
09:39:20,56.55,100,
09:39:20,56.55,200,
09:39:20,56.55,300,
09:39:20,56.55,300,
09:39:20,56.55,100,
09:39:22,56.55,300,
09:39:23,56.555,100,
09:39:24,56.55,200,
09:39:25,56.55,100,
09:39:25,56.56,215,
09:39:27,56.56,500,
09:39:27,56.56,200,
09:39:27,56.56,400,
09:39:28,56.56,100,
09:39:30,56.57,100,
09:39:30,56.56,600,
09:39:30,56.56,422,
09:39:30,56.56,1200,
09:39:30,56.56,300,
09:39:31,56.56,200,
09:39:31,56.57,100,
09:39:32,56.57,100,
09:39:32,56.57,100,
09:39:32,56.57,100,
09:39:32,56.57,100,
09:39:32,56.57,100,
09:39:32,56.57,200,
09:39:32,56.57,300,
09:39:32,56.56,260,
09:39:32,56.57,100,
09:39:32,56.57,200,
09:39:32,56.58,315,
09:39:32,56.59,200,
09:39:35,56.58,100,
09:39:35,56.58,213,
09:39:35,56.58,200,
09:39:36,56.588,400,
09:39:36,56.58,100,
09:39:37,56.58,200,
09:39:39,56.59,400,
09:39:39,56.59,100,
09:39:39,56.59,200,
09:39:40,56.59,600,
09:39:40,56.60,815,
09:39:40,56.60,400,
09:39:40,56.59,148,
09:39:40,56.59,100,
09:39:41,56.58,200,
09:39:41,56.58,400,
09:39:41,56.58,200,
09:39:41,56.58,200,
09:39:41,56.58,600,
09:39:41,56.58,100,
09:39:41,56.58,400,
09:39:44,56.59,100,
09:39:44,56.60,815,
09:39:44,56.60,200,
09:39:45,56.59,200,
09:39:45,56.59,600,
09:39:46,56.59,200,
09:39:46,56.59,600,
09:39:47,56.60,500,
09:39:48,56.60,100,
09:39:48,56.6042,106,
09:39:49,56.62,200,
09:39:51,56.60,600,
09:39:51,56.60,100,
09:39:52,56.60,200,
09:39:53,56.609,10000,
09:39:53,56.61,400,
09:39:54,56.60,100,
09:39:54,56.60,400,
09:39:54,56.60,500,
09:39:54,56.61,400,
09:39:56,56.60,200,
09:39:57,56.60,200,
09:40:00,56.60,100,
09:40:00,56.58,100,
09:40:00,56.59,100,
09:40:00,56.59,600,
09:40:00,56.59,500,
09:40:00,56.59,600,
09:40:00,56.59,340,
09:40:00,56.59,100,
09:40:00,56.59,100,
09:40:00,56.59,1360,
09:40:02,56.59,600,
09:40:03,56.60,200,
09:40:03,56.60,200,
09:40:05,56.59,200,
09:40:05,56.59,400,
09:40:05,56.59,300,
09:40:05,56.60,600,
09:40:06,56.59,100,
09:40:08,56.58,200,
09:40:09,56.58,100,
09:40:09,56.57,200,
09:40:09,56.58,500,
09:40:09,56.58,100,
09:40:09,56.59,200,
09:40:09,56.59,100,
09:40:09,56.59,100,
09:40:09,56.59,900,
09:40:09,56.59,2500,
09:40:09,56.58,100,
09:40:10,56.58,100,
09:40:12,56.57,100,
09:40:12,56.57,300,
09:40:12,56.57,102,
09:40:12,56.57,200,
09:40:12,56.56,300,
09:40:13,56.56,100,
09:40:14,56.56,300,
09:40:14,56.56,300,
09:40:14,56.56,500,
09:40:15,56.56,100,
09:40:15,56.56,302,
09:40:15,56.56,198,
09:40:17,56.55,400,
09:40:18,56.55,400,
09:40:18,56.55,100,
09:40:20,56.54,600,
09:40:20,56.53,300,
09:40:20,56.53,200,
09:40:21,56.53,400,
09:40:21,56.52,600,
09:40:22,56.53,500,
09:40:22,56.5201,600,
09:40:23,56.52,383,
09:40:23,56.52,417,
09:40:23,56.52,500,
09:40:23,56.52,500,
09:40:24,56.53,400,
09:40:26,56.54,100,
09:40:26,56.54,100,
09:40:27,56.54,397,
09:40:27,56.53,200,
09:40:29,56.54,100,
09:40:32,56.5351,2148,
09:40:33,56.53,100,
09:40:35,56.53,100,
09:40:36,56.53,200,
09:40:37,56.54,500,
09:40:37,56.54,900,
09:40:37,56.52,200,
09:40:37,56.52,815,
09:40:37,56.52,600,
09:40:37,56.53,250,
09:40:37,56.53,600,
09:40:37,56.53,1400,
09:40:37,56.51,400,
09:40:37,56.51,100,
09:40:37,56.51,400,
09:40:37,56.51,1000,
09:40:37,56.51,3300,
09:40:37,56.51,200,
09:40:37,56.52,400,
09:40:37,56.52,2000,
09:40:37,56.52,200,
09:40:37,56.52,500,
09:40:37,56.52,240,
09:40:37,56.52,500,
09:40:37,56.52,200,
09:40:37,56.52,300,
09:40:37,56.52,200,
09:40:37,56.51,1100,
09:40:37,56.51,1000,
09:40:37,56.51,800,
09:40:37,56.51,1000,
09:40:37,56.51,1000,
09:40:37,56.51,500,
09:40:37,56.51,200,
09:40:37,56.51,300,
09:40:37,56.51,500,
09:40:37,56.51,200,
09:40:37,56.51,200,
09:40:37,56.51,500,
09:40:37,56.51,400,
09:40:37,56.52,500,
09:40:37,56.51,300,
09:40:38,56.51,450,
09:40:38,56.51,200,
09:40:38,56.51,328,
09:40:38,56.51,450,
09:40:38,56.51,822,
09:40:38,56.51,600,
09:40:38,56.51,1200,
09:40:38,56.51,497,
09:40:38,56.50,9105,
09:40:38,56.50,100,
09:40:38,56.50,200,
09:40:38,56.50,300,
09:40:38,56.50,600,
09:40:38,56.51,200,
09:40:39,56.54,100,
09:40:41,56.51,100,
09:40:43,56.51,100,
09:40:43,56.51,100,
09:40:43,56.52,369,
09:40:43,56.52,400,
09:40:43,56.52,400,
09:40:43,56.52,101,
09:40:43,56.52,700,
09:40:44,56.52,200,
09:40:44,56.51,400,
09:40:44,56.51,600,
09:40:44,56.51,600,
09:40:44,56.51,500,
09:40:44,56.51,260,
09:40:44,56.52,100,
09:40:49,56.52,400,
09:40:50,56.52,500,
09:40:51,56.51,100,
09:40:51,56.51,100,
09:40:51,56.51,500,
09:40:51,56.51,100,
09:40:51,56.51,300,
09:40:52,56.51,300,
09:40:52,56.51,100,
09:40:52,56.51,500,
09:40:52,56.51,200,
09:40:52,56.51,100,
09:40:52,56.51,1800,
09:40:52,56.50,400,
09:40:52,56.50,600,
09:40:53,56.50,300,
09:40:53,56.50,1737,
09:40:54,56.49,100,
09:40:54,56.50,400,
09:40:56,56.49,200,
09:40:56,56.49,200,
09:40:59,56.50,200,
09:41:00,56.50,400,
09:41:00,56.51,600,
09:41:00,56.51,700,
09:41:01,56.51,400,
09:41:02,56.50,600,
09:41:03,56.50,200,
09:41:03,56.50,100,
09:41:03,56.50,1350,
09:41:03,56.50,2213,
09:41:03,56.50,100,
09:41:05,56.50,100,
09:41:05,56.51,100,
09:41:05,56.50,100,
09:41:05,56.50,200,
09:41:05,56.50,200,
09:41:05,56.50,100,
09:41:07,56.50,100,
09:41:07,56.51,100,
09:41:07,56.51,200,
09:41:07,56.51,100,
09:41:08,56.51,200,
09:41:08,56.51,100,
09:41:08,56.51,100,
09:41:09,56.50,200,
09:41:10,56.50,400,
09:41:11,56.51,100,
09:41:11,56.51,300,
09:41:12,56.51,100,
09:41:12,56.51,100,
09:41:12,56.51,100,
09:41:12,56.51,600,
09:41:13,56.51,600,
09:41:13,56.51,100,
09:41:13,56.51,100,
09:41:13,56.51,200,
09:41:14,56.51,815,
09:41:14,56.515,500,
09:41:15,56.515,450,
09:41:15,56.515,500,
09:41:17,56.52,500,
09:41:17,56.52,400,
09:41:17,56.515,500,
09:41:17,56.53,300,
09:41:17,56.53,100,
09:41:18,56.525,400,
09:41:18,56.53,600,
09:41:19,56.53,450,
09:41:20,56.54,600,
09:41:20,56.54,100,
09:41:20,56.545,400,
09:41:20,56.55,300,
09:41:20,56.55,600,
09:41:20,56.55,300,
09:41:20,56.55,200,
09:41:20,56.55,800,
09:41:21,56.55,600,
09:41:21,56.54,600,
09:41:22,56.54,315,
09:41:22,56.54,100,
09:41:22,56.55,300,
09:41:22,56.545,300,
09:41:22,56.56,600,
09:41:23,56.55,200,
09:41:23,56.55,700,
09:41:25,56.55,100,
09:41:26,56.56,813,
09:41:26,56.56,2000,
09:41:26,56.57,100,
09:41:26,56.56,536,
09:41:26,56.56,300,
09:41:26,56.56,200,
09:41:26,56.565,200,
09:41:26,56.565,300,
09:41:26,56.565,300,
09:41:26,56.565,650,
09:41:26,56.57,665,
09:41:26,56.57,500,
09:41:26,56.57,598,
09:41:26,56.57,300,
09:41:26,56.57,512,
09:41:26,56.57,100,
09:41:27,56.56,151,
09:41:27,56.56,599,
09:41:27,56.56,171,
09:41:28,56.56,200,
09:41:28,56.56,200,
09:41:28,56.56,1200,
09:41:28,56.56,600,
09:41:28,56.56,141,
09:41:28,56.57,600,
09:41:29,56.56,200,
09:41:29,56.56,100,
09:41:29,56.57,100,
09:41:33,56.57,300,
09:41:33,56.56,800,
09:41:33,56.56,1300,
09:41:33,56.56,300,
09:41:34,56.565,500,
09:41:34,56.57,600,
09:41:34,56.57,100,
09:41:34,56.57,200,
09:41:36,56.57,100,
09:41:36,56.57,100,
09:41:37,56.58,600,
09:41:37,56.58,200,
09:41:38,56.575,100,
09:41:41,56.57,200,
09:41:41,56.565,100,
09:41:43,56.57,500,
09:41:44,56.55,107,
09:41:44,56.55,100,
09:41:44,56.55,107,
09:41:44,56.55,200,
09:41:44,56.54,200,
09:41:44,56.55,159,
09:41:45,56.55,300,
09:41:46,56.55,693,
09:41:46,56.55,100,
09:41:47,56.545,100,
09:41:47,56.55,800,
09:41:47,56.55,100,
09:41:47,56.54,200,
09:41:47,56.54,200,
09:41:48,56.54,200,
09:41:49,56.54,200,
09:41:50,56.53,100,
09:41:52,56.52,600,
09:41:53,56.52,100,
09:41:53,56.52,400,
09:41:53,56.52,600,
09:41:55,56.53,200,
09:41:57,56.51,300,
09:41:58,56.51,300,
09:41:59,56.51,200,
09:41:59,56.51,100,
09:42:00,56.51,100,
09:42:00,56.51,300,
09:42:00,56.5145,100,
09:42:00,56.5146,200,
09:42:01,56.515,700,
09:42:01,56.53,215,
09:42:01,56.53,100,
09:42:01,56.53,101,
09:42:02,56.53,334,
09:42:02,56.53,600,
09:42:02,56.53,800,
09:42:03,56.53,400,
09:42:03,56.53,600,
09:42:04,56.53,100,
09:42:04,56.53,400,
09:42:04,56.53,500,
09:42:04,56.53,300,
09:42:04,56.53,100,
09:42:05,56.53,200,
09:42:05,56.52,100,
09:42:05,56.53,112,
09:42:05,56.53,100,
09:42:05,56.53,417,
09:42:06,56.54,100,
09:42:07,56.531,100,
09:42:08,56.53,400,
09:42:08,56.53,132,
09:42:09,56.52,200,
09:42:09,56.51,100,
09:42:09,56.51,200,
09:42:10,56.51,300,
09:42:12,56.51,500,
09:42:13,56.50,600,
09:42:13,56.51,100,
09:42:13,56.50,2600,
09:42:13,56.50,300,
09:42:13,56.50,300,
09:42:13,56.50,200,
09:42:15,56.4995,1000,
09:42:16,56.50,100,
09:42:17,56.48,300,
09:42:17,56.48,200,
09:42:17,56.48,200,
09:42:18,56.47,1000,
09:42:18,56.47,400,
09:42:18,56.47,100,
09:42:18,56.47,600,
09:42:18,56.47,100,
09:42:18,56.47,450,
09:42:18,56.47,165,
09:42:18,56.46,1000,
09:42:18,56.46,600,
09:42:18,56.47,600,
09:42:18,56.47,450,
09:42:18,56.47,618,
09:42:18,56.47,600,
09:42:18,56.47,100,
09:42:18,56.47,100,
09:42:18,56.47,300,
09:42:18,56.47,1200,
09:42:18,56.47,1030,
09:42:19,56.48,303,
09:42:19,56.48,103,
09:42:19,56.48,100,
09:42:19,56.48,400,
09:42:19,56.48,200,
09:42:20,56.47,100,
09:42:20,56.47,300,
09:42:20,56.46,300,
09:42:21,56.47,200,
09:42:21,56.47,300,
09:42:21,56.4601,2000,
09:42:22,56.47,100,
09:42:23,56.45,1000,
09:42:23,56.46,100,
09:42:24,56.44,1626,
09:42:24,56.44,600,
09:42:24,56.44,600,
09:42:24,56.44,1000,
09:42:24,56.44,787,
09:42:24,56.44,100,
09:42:24,56.44,200,
09:42:24,56.44,100,
09:42:24,56.44,600,
09:42:24,56.45,600,
09:42:25,56.45,200,
09:42:26,56.45,100,
09:42:28,56.455,100,
09:42:28,56.465,100,
09:42:31,56.46,600,
09:42:31,56.46,300,
09:42:31,56.46,300,
09:42:32,56.46,618,
09:42:32,56.46,100,
09:42:32,56.4665,300,
09:42:33,56.47,600,
09:42:33,56.48,200,
09:42:33,56.48,100,
09:42:33,56.48,600,
09:42:33,56.48,300,
09:42:33,56.47,200,
09:42:33,56.47,700,
09:42:34,56.47,100,
09:42:35,56.48,200,
09:42:36,56.49,1600,
09:42:36,56.49,400,
09:42:36,56.49,100,
09:42:36,56.49,100,
09:42:36,56.4855,600,
09:42:36,56.4859,500,
09:42:37,56.4867,100,
09:42:37,56.48,200,
09:42:37,56.48,100,
09:42:37,56.48,200,
09:42:37,56.48,329,
09:42:37,56.48,200,
09:42:37,56.48,400,
09:42:37,56.48,606,
09:42:37,56.48,200,
09:42:37,56.48,240,
09:42:37,56.48,600,
09:42:37,56.48,640,
09:42:37,56.47,300,
09:42:38,56.484,1000,
09:42:39,56.49,384,
09:42:39,56.49,200,
09:42:40,56.49,200,
09:42:40,56.49,400,
09:42:40,56.49,200,
09:42:40,56.49,600,
09:42:40,56.49,100,
09:42:41,56.49,100,
09:42:41,56.49,100,
09:42:43,56.49,189,
09:42:45,56.49,100,
09:42:46,56.49,400,
09:42:46,56.48,100,
09:42:46,56.48,400,
09:42:48,56.48,100,
09:42:48,56.48,450,
09:42:48,56.48,100,
09:42:50,56.48,100,
09:42:50,56.47,190,
09:42:50,56.47,390,
09:42:50,56.47,410,
09:42:50,56.47,100,
09:42:50,56.48,515,
09:42:50,56.48,100,
09:42:50,56.48,300,
09:42:50,56.48,100,
09:42:50,56.48,100,
09:42:50,56.48,100,
09:42:50,56.48,200,
09:42:50,56.48,300,
09:42:50,56.48,300,
09:42:50,56.48,100,
09:42:50,56.48,100,
09:42:50,56.48,100,
09:42:50,56.47,100,
09:42:50,56.47,133,
09:42:51,56.47,600,
09:42:51,56.4693,450,
09:42:52,56.47,100,
09:42:52,56.4605,100,
09:42:52,56.46,100,
09:42:52,56.46,300,
09:42:53,56.4599,100,
09:42:53,56.45,200,
09:42:53,56.45,400,
09:42:53,56.45,200,
09:42:53,56.45,100,
09:42:53,56.45,100,
09:42:53,56.46,100,
09:42:53,56.46,100,
09:42:53,56.46,100,
09:42:53,56.46,500,
09:42:54,56.46,300,
09:42:55,56.46,600,
09:42:56,56.47,600,
09:42:58,56.47,100,
09:42:58,56.47,1000,
09:42:58,56.47,100,
09:42:58,56.47,200,
09:42:58,56.4701,200,
09:43:00,56.4784,100,
09:43:03,56.47,100,
09:43:04,56.47,600,
09:43:04,56.47,400,
09:43:04,56.47,400,
09:43:04,56.48,100,
09:43:04,56.48,600,
09:43:04,56.48,100,
09:43:04,56.49,500,
09:43:04,56.49,100,
09:43:04,56.49,300,
09:43:04,56.49,200,
09:43:04,56.49,200,
09:43:05,56.495,100,
09:43:05,56.50,200,
09:43:05,56.50,100,
09:43:05,56.51,100,
09:43:05,56.51,400,
09:43:05,56.51,200,
09:43:05,56.52,600,
09:43:05,56.52,100,
09:43:05,56.52,300,
09:43:05,56.52,300,
09:43:06,56.52,600,
09:43:06,56.52,200,
09:43:06,56.515,100,
09:43:06,56.47,100,
09:43:07,56.51,600,
09:43:07,56.51,100,
09:43:08,56.51,420,
09:43:08,56.51,100,
09:43:08,56.51,600,
09:43:08,56.50,700,
09:43:08,56.50,1000,
09:43:08,56.50,800,
09:43:08,56.50,500,
09:43:08,56.50,200,
09:43:08,56.50,100,
09:43:08,56.50,400,
09:43:08,56.50,600,
09:43:08,56.50,200,
09:43:08,56.50,540,
09:43:08,56.50,760,
09:43:08,56.50,246,
09:43:08,56.50,300,
09:43:08,56.50,4065,
09:43:08,56.50,3935,
09:43:08,56.49,200,
09:43:08,56.49,200,
09:43:08,56.49,600,
09:43:08,56.50,200,
09:43:08,56.49,400,
09:43:08,56.49,187,
09:43:08,56.50,500,
09:43:08,56.50,373,
09:43:08,56.50,100,
09:43:08,56.50,200,
09:43:08,56.50,100,
09:43:08,56.49,100,
09:43:08,56.49,100,
09:43:08,56.48,100,
09:43:08,56.48,100,
09:43:08,56.48,1100,
09:43:08,56.48,400,
09:43:08,56.48,400,
09:43:08,56.48,100,
09:43:08,56.48,430,
09:43:08,56.48,813,
09:43:08,56.48,400,
09:43:08,56.48,1388,
09:43:08,56.48,200,
09:43:08,56.48,300,
09:43:08,56.49,400,
09:43:08,56.50,100,
09:43:08,56.49,400,
09:43:09,56.50,300,
09:43:09,56.50,400,
09:43:09,56.51,600,
09:43:09,56.51,400,
09:43:09,56.51,600,
09:43:09,56.51,600,
09:43:10,56.50,300,
09:43:10,56.50,100,
09:43:11,56.50,600,
09:43:12,56.51,200,
09:43:12,56.52,300,
09:43:12,56.52,100,
09:43:12,56.53,600,
09:43:12,56.52,400,
09:43:13,56.53,600,
09:43:13,56.53,200,
09:43:13,56.53,200,
09:43:13,56.53,285,
09:43:13,56.52,900,
09:43:13,56.52,400,
09:43:14,56.54,5000,
09:43:14,56.5132,100,
09:43:15,56.53,113,
09:43:15,56.53,300,
09:43:15,56.53,400,
09:43:17,56.53,500,
09:43:17,56.53,100,
09:43:18,56.52,800,
09:43:18,56.5187,1100,
09:43:19,56.52,500,
09:43:19,56.52,100,
09:43:19,56.53,600,
09:43:20,56.53,600,
09:43:20,56.53,400,
09:43:21,56.52,400,
09:43:21,56.52,400,
09:43:21,56.52,100,
09:43:21,56.52,600,
09:43:21,56.53,100,
09:43:21,56.53,400,
09:43:21,56.53,100,
09:43:21,56.53,600,
09:43:21,56.52,100,
09:43:21,56.52,100,
09:43:21,56.53,100,
09:43:21,56.53,200,
09:43:22,56.54,100,
09:43:22,56.54,500,
09:43:23,56.55,100,
09:43:23,56.55,200,
09:43:23,56.55,100,
09:43:23,56.55,100,
09:43:23,56.56,513,
09:43:23,56.56,100,
09:43:23,56.56,392,
09:43:23,56.56,400,
09:43:23,56.56,100,
09:43:23,56.56,100,
09:43:23,56.56,400,
09:43:23,56.56,980,
09:43:24,56.55,100,
09:43:25,56.54,800,
09:43:26,56.54,250,
09:43:26,56.53,600,
09:43:26,56.53,113,
09:43:26,56.53,300,
09:43:26,56.52,600,
09:43:26,56.53,600,
09:43:26,56.52,200,
09:43:26,56.52,400,
09:43:26,56.52,800,
09:43:26,56.52,200,
09:43:26,56.52,1200,
09:43:26,56.52,100,
09:43:26,56.52,137,
09:43:26,56.52,300,
09:43:26,56.52,100,
09:43:27,56.52,600,
09:43:28,56.52,190,
09:43:28,56.52,400,
09:43:28,56.52,600,
09:43:28,56.52,600,
09:43:28,56.53,520,
09:43:28,56.53,110,
09:43:28,56.53,100,
09:43:28,56.53,300,
09:43:28,56.53,170,
09:43:28,56.53,400,
09:43:28,56.53,416,
09:43:28,56.53,100,
09:43:28,56.53,450,
09:43:28,56.54,200,
09:43:28,56.54,700,
09:43:28,56.54,600,
09:43:28,56.54,200,
09:43:28,56.54,200,
09:43:28,56.54,200,
09:43:30,56.52,500,
09:43:31,56.55,100,
09:43:31,56.56,600,
09:43:32,56.55,200,
09:43:32,56.55,200,
09:43:33,56.55,600,
09:43:33,56.54,200,
09:43:33,56.54,100,
09:43:35,56.547,200,
09:43:39,56.53,100,
09:43:39,56.53,100,
09:43:39,56.53,100,
09:43:40,56.53,100,
09:43:40,56.54,200,
09:43:40,56.54,200,
09:43:41,56.54,100,
09:43:43,56.54,300,
09:43:46,56.54,600,
09:43:46,56.54,500,
09:43:46,56.54,159,
09:43:46,56.54,200,
09:43:46,56.54,1038,
09:43:46,56.54,600,
09:43:46,56.54,400,
09:43:46,56.54,400,
09:43:46,56.54,300,
09:43:46,56.54,100,
09:43:46,56.54,600,
09:43:46,56.54,300,
09:43:46,56.55,600,
09:43:46,56.55,200,
09:43:46,56.55,300,
09:43:46,56.55,500,
09:43:46,56.55,200,
09:43:46,56.55,300,
09:43:46,56.55,700,
09:43:47,56.5493,100,
09:43:48,56.55,100,
09:43:49,56.56,100,
09:43:50,56.55,300,
09:43:50,56.57,200,
09:43:51,56.57,500,
09:43:51,56.59,150,
09:43:51,56.59,200,
09:43:52,56.59,200,
09:43:52,56.59,4435,
09:43:52,56.59,215,
09:43:56,56.59,500,
09:43:56,56.59,900,
09:43:57,56.59,200,
09:43:57,56.58,100,
09:43:57,56.58,200,
09:43:57,56.58,200,
09:43:57,56.58,400,
09:43:58,56.57,300,
09:43:59,56.56,100,
09:43:59,56.56,100,
09:43:59,56.56,600,
09:43:59,56.57,400,
09:44:00,56.57,1000,
09:44:00,56.57,600,
09:44:00,56.57,500,
09:44:01,56.55,300,
09:44:01,56.55,500,
09:44:03,56.55,400,
09:44:03,56.55,300,
09:44:03,56.54,200,
09:44:03,56.54,100,
09:44:03,56.54,600,
09:44:03,56.54,100,
09:44:04,56.54,600,
09:44:04,56.54,350,
09:44:04,56.54,200,
09:44:06,56.55,100,
09:44:06,56.55,300,
09:44:06,56.55,200,
09:44:06,56.55,188,
09:44:06,56.55,400,
09:44:06,56.55,100,
09:44:06,56.55,500,
09:44:06,56.55,100,
09:44:06,56.55,100,
09:44:07,56.54,200,
09:44:08,56.54,400,
09:44:08,56.55,100,
09:44:08,56.55,100,
09:44:08,56.55,180,
09:44:09,56.55,600,
09:44:09,56.54,800,
09:44:09,56.54,300,
09:44:09,56.54,200,
09:44:11,56.56,100,
09:44:11,56.55,100,
09:44:12,56.55,142,
09:44:12,56.55,200,
09:44:13,56.56,200,
09:44:13,56.56,186,
09:44:13,56.56,100,
09:44:14,56.55,200,
09:44:15,56.56,100,
09:44:16,56.55,181,
09:44:16,56.54,600,
09:44:16,56.55,100,
09:44:17,56.54,100,
09:44:17,56.55,300,
09:44:19,56.56,100,
09:44:20,56.5617,200,
09:44:22,56.57,100,
09:44:23,56.57,600,
09:44:25,56.58,2200,
09:44:27,56.59,100,
09:44:28,56.59,200,
09:44:28,56.58,219,
09:44:30,56.5799,115,
09:44:33,56.58,500,
09:44:35,56.58,143,
09:44:35,56.58,400,
09:44:35,56.58,400,
09:44:35,56.58,100,
09:44:35,56.58,600,
09:44:35,56.59,11485,
09:44:35,56.59,815,
09:44:35,56.59,200,
09:44:35,56.59,300,
09:44:35,56.59,500,
09:44:35,56.59,400,
09:44:35,56.59,400,
09:44:35,56.59,600,
09:44:35,56.58,260,
09:44:38,56.59,100,
09:44:38,56.58,100,
09:44:38,56.58,300,
09:44:38,56.58,300,
09:44:38,56.58,200,
09:44:39,56.5899,800,
09:44:41,56.58,1500,
09:44:42,56.60,600,
09:44:42,56.5901,100,
09:44:43,56.59,500,
09:44:46,56.60,200,
09:44:47,56.5999,800,
09:44:48,56.61,7700,
09:44:50,56.62,198,
09:44:50,56.62,400,
09:44:50,56.62,100,
09:44:51,56.63,813,
09:44:51,56.62,700,
09:44:51,56.62,200,
09:44:51,56.62,200,
09:44:51,56.62,330,
09:44:51,56.62,100,
09:44:52,56.62,100,
09:44:53,56.62,200,
09:44:58,56.64,200,
09:44:58,56.64,1000,
09:44:58,56.64,100,
09:44:58,56.64,180,
09:44:58,56.64,200,
09:44:58,56.64,363,
09:44:58,56.64,400,
09:44:58,56.64,360,
09:44:58,56.64,200,
09:44:59,56.64,600,
09:44:59,56.65,100,
09:44:59,56.65,100,
09:44:59,56.65,500,
09:44:59,56.65,500,
09:44:59,56.65,100,
09:44:59,56.65,100,
09:45:00,56.64,1000,
09:45:01,56.65,300,
09:45:02,56.65,400,
09:45:02,56.65,200,
09:45:02,56.6458,300,
09:45:03,56.64,600,
09:45:03,56.63,150,
09:45:03,56.63,100,
09:45:03,56.64,200,
09:45:03,56.64,600,
09:45:03,56.64,400,
09:45:03,56.64,600,
09:45:03,56.64,600,
09:45:03,56.64,1600,
09:45:03,56.64,1300,
09:45:04,56.644,150,
09:45:05,56.65,100,
09:45:07,56.65,500,
09:45:08,56.64,200,
09:45:08,56.64,600,
09:45:09,56.64,100,
09:45:10,56.63,2283,
09:45:10,56.63,400,
09:45:13,56.64,3300,
09:45:13,56.64,2000,
09:45:13,56.64,815,
09:45:13,56.64,500,
09:45:13,56.64,600,
09:45:13,56.64,1000,
09:45:13,56.64,100,
09:45:13,56.64,500,
09:45:13,56.64,1700,
09:45:13,56.64,1000,
09:45:13,56.64,1200,
09:45:13,56.64,200,
09:45:13,56.64,200,
09:45:13,56.64,400,
09:45:13,56.64,100,
09:45:13,56.64,7200,
09:45:13,56.65,147,
09:45:13,56.65,100,
09:45:13,56.65,100,
09:45:13,56.65,400,
09:45:13,56.65,100,
09:45:16,56.66,200,
09:45:18,56.65,300,
09:45:18,56.66,500,
09:45:19,56.65,300,
09:45:19,56.655,500,
09:45:21,56.65,200,
09:45:23,56.65,660,
09:45:23,56.65,600,
09:45:23,56.65,340,
09:45:24,56.64,213,
09:45:24,56.64,387,
09:45:24,56.64,1700,
09:45:25,56.64,1000,
09:45:25,56.64,1252,
09:45:25,56.64,1252,
09:45:25,56.64,400,
09:45:25,56.64,1596,
09:45:25,56.64,4600,
09:45:25,56.64,300,
09:45:25,56.64,4200,
09:45:25,56.64,900,
09:45:25,56.64,400,
09:45:25,56.64,500,
09:45:25,56.64,200,
09:45:25,56.64,1600,
09:45:25,56.64,5800,
09:45:25,56.64,900,
09:45:25,56.64,100,
09:45:25,56.64,1000,
09:45:25,56.64,5100,
09:45:25,56.64,5800,
09:45:25,56.64,587,
09:45:25,56.64,1700,
09:45:25,56.64,2700,
09:45:25,56.64,100,
09:45:25,56.64,517,
09:45:26,56.64,600,
09:45:26,56.64,200,
09:45:26,56.64,400,
09:45:26,56.64,200,
09:45:26,56.64,100,
09:45:26,56.64,1200,
09:45:26,56.64,600,
09:45:26,56.64,539,
09:45:26,56.64,500,
09:45:26,56.64,500,
09:45:27,56.64,100,
09:45:27,56.64,500,
09:45:28,56.64,300,
09:45:28,56.6405,1000,
09:45:29,56.63,300,
09:45:29,56.63,100,
09:45:30,56.63,800,
09:45:30,56.63,150,
09:45:30,56.63,200,
09:45:30,56.64,200,
09:45:30,56.64,1600,
09:45:30,56.64,1000,
09:45:30,56.63,200,
09:45:30,56.64,200,
09:45:30,56.63,200,
09:45:30,56.64,300,
09:45:30,56.63,200,
09:45:30,56.65,600,
09:45:30,56.65,100,
09:45:30,56.65,1700,
09:45:30,56.65,1349,
09:45:30,56.65,250,
09:45:30,56.65,100,
09:45:30,56.65,300,
09:45:31,56.66,100,
09:45:32,56.66,200,
09:45:32,56.66,100,
09:45:32,56.66,815,
09:45:32,56.66,100,
09:45:32,56.66,100,
09:45:33,56.66,350,
09:45:33,56.66,450,
09:45:33,56.655,100,
09:45:36,56.6627,9499,
09:45:36,56.66,100,
09:45:36,56.66,100,
09:45:36,56.66,200,
09:45:36,56.66,200,
09:45:36,56.66,200,
09:45:36,56.66,100,
09:45:36,56.66,100,
09:45:36,56.66,100,
09:45:36,56.66,500,
09:45:36,56.66,400,
09:45:36,56.66,500,
09:45:36,56.66,300,
09:45:36,56.66,400,
09:45:36,56.66,100,
09:45:36,56.66,600,
09:45:36,56.66,400,
09:45:36,56.65,200,
09:45:38,56.64,300,
09:45:38,56.64,100,
09:45:38,56.64,200,
09:45:39,56.64,200,
09:45:39,56.64,5000,
09:45:43,56.66,400,
09:45:43,56.66,700,
09:45:43,56.66,100,
09:45:43,56.66,300,
09:45:43,56.66,400,
09:45:43,56.66,100,
09:45:43,56.66,200,
09:45:43,56.66,200,
09:45:45,56.66,200,
09:45:45,56.66,170,
09:45:45,56.67,500,
09:45:45,56.67,300,
09:45:46,56.68,400,
09:45:46,56.68,500,
09:45:46,56.69,400,
09:45:48,56.69,400,
09:45:49,56.68,500,
09:45:49,56.69,100,
09:45:50,56.69,600,
09:45:50,56.69,300,
09:45:50,56.69,100,
09:45:51,56.69,100,
09:45:52,56.70,200,
09:45:52,56.70,100,
09:45:52,56.71,300,
09:45:52,56.72,100,
09:45:53,56.72,100,
09:45:53,56.72,400,
09:45:54,56.7286,500,
09:45:55,56.74,2000,
09:45:56,56.74,200,
09:45:57,56.745,813,
09:45:57,56.75,800,
09:45:57,56.75,600,
09:45:57,56.75,3200,
09:45:57,56.745,3972,
09:45:57,56.75,813,
09:45:57,56.75,2181,
09:45:57,56.75,500,
09:45:57,56.75,550,
09:45:57,56.76,200,
09:45:58,56.76,400,
09:45:59,56.76,100,
09:45:59,56.77,815,
09:45:59,56.76,100,
09:45:59,56.76,721,
09:45:59,56.76,125,
09:45:59,56.76,125,
09:46:00,56.76,421,
09:46:00,56.75,200,
09:46:00,56.76,125,
09:46:00,56.77,900,
09:46:00,56.77,200,
09:46:00,56.77,100,
09:46:03,56.77,100,
09:46:03,56.76,200,
09:46:03,56.76,400,
09:46:03,56.76,400,
09:46:03,56.76,100,
09:46:03,56.76,100,
09:46:03,56.76,100,
09:46:03,56.76,300,
09:46:03,56.77,300,
09:46:04,56.77,100,
09:46:04,56.77,100,
09:46:06,56.7605,1500,
09:46:06,56.76,100,
09:46:06,56.76,600,
09:46:06,56.7614,500,
09:46:07,56.77,500,
09:46:07,56.7601,800,
09:46:10,56.76,100,
09:46:11,56.76,1000,
09:46:12,56.77,600,
09:46:12,56.76,100,
09:46:13,56.77,5000,
09:46:14,56.76,500,
09:46:15,56.77,400,
09:46:15,56.776,100,
09:46:16,56.77,200,
09:46:17,56.79,100,
09:46:18,56.79,815,
09:46:18,56.79,1772,
09:46:18,56.7963,155,
09:46:18,56.79,200,
09:46:18,56.79,300,
09:46:18,56.79,100,
09:46:18,56.79,200,
09:46:18,56.79,500,
09:46:18,56.79,1000,
09:46:18,56.79,600,
09:46:18,56.80,200,
09:46:19,56.81,500,
09:46:20,56.80,700,
09:46:20,56.80,400,
09:46:20,56.80,600,
09:46:20,56.79,100,
09:46:21,56.80,600,
09:46:22,56.8001,100,
09:46:24,56.80,100,
09:46:24,56.80,100,
09:46:24,56.80,200,
09:46:28,56.78,200,
09:46:30,56.78,700,
09:46:31,56.78,280,
09:46:32,56.79,1400,
09:46:32,56.79,400,
09:46:33,56.79,1000,
09:46:33,56.79,200,
09:46:33,56.79,400,
09:46:33,56.79,300,
09:46:33,56.79,300,
09:46:33,56.79,300,
09:46:33,56.79,200,
09:46:33,56.79,300,
09:46:33,56.79,500,
09:46:33,56.80,2700,
09:46:33,56.80,2000,
09:46:33,56.80,2000,
09:46:33,56.80,200,
09:46:33,56.80,500,
09:46:33,56.80,800,
09:46:33,56.80,100,
09:46:33,56.80,400,
09:46:33,56.80,3800,
09:46:33,56.80,10000,
09:46:33,56.80,200,
09:46:33,56.80,1000,
09:46:33,56.80,2000,
09:46:33,56.80,1000,
09:46:33,56.80,200,
09:46:33,56.80,18300,
09:46:33,56.80,2000,
09:46:33,56.80,100,
09:46:33,56.80,1000,
09:46:33,56.80,1000,
09:46:33,56.80,600,
09:46:33,56.80,400,
09:46:33,56.80,200,
09:46:33,56.80,1200,
09:46:33,56.80,500,
09:46:33,56.80,300,
09:46:33,56.80,815,
09:46:33,56.80,100,
09:46:33,56.80,4086,
09:46:33,56.81,300,
09:46:33,56.81,100,
09:46:33,56.81,100,
09:46:33,56.81,300,
09:46:33,56.81,500,
09:46:33,56.81,100,
09:46:33,56.82,200,
09:46:33,56.82,200,
09:46:33,56.82,271,
09:46:33,56.82,200,
09:46:33,56.82,100,
09:46:33,56.82,100,
09:46:33,56.82,600,
09:46:33,56.82,300,
09:46:33,56.82,200,
09:46:35,56.82,500,
09:46:36,56.83,400,
09:46:36,56.83,100,
09:46:36,56.83,300,
09:46:37,56.83,300,
09:46:37,56.83,300,
09:46:39,56.8295,1000,
09:46:40,56.81,100,
09:46:40,56.81,100,
09:46:40,56.81,100,
09:46:40,56.81,200,
09:46:40,56.81,100,
09:46:40,56.81,100,
09:46:40,56.81,100,
09:46:40,56.81,500,
09:46:40,56.81,500,
09:46:40,56.81,300,
09:46:40,56.81,9500,
09:46:40,56.81,200,
09:46:40,56.81,300,
09:46:40,56.81,100,
09:46:40,56.82,400,
09:46:41,56.82,5000,
09:46:41,56.82,400,
09:46:41,56.82,200,
09:46:41,56.82,600,
09:46:41,56.82,100,
09:46:41,56.82,1000,
09:46:41,56.82,300,
09:46:42,56.82,347,
09:46:42,56.82,1900,
09:46:42,56.8205,1000,
09:46:43,56.8201,500,
09:46:45,56.8223,100,
09:46:45,56.83,200,
09:46:45,56.83,400,
09:46:45,56.83,500,
09:46:45,56.83,200,
09:46:45,56.83,4276,
09:46:45,56.83,500,
09:46:45,56.83,100,
09:46:45,56.83,264,
09:46:45,56.83,200,
09:46:45,56.83,100,
09:46:45,56.83,400,
09:46:45,56.83,400,
09:46:45,56.83,600,
09:46:45,56.83,200,
09:46:45,56.83,300,
09:46:46,56.82,100,
09:46:46,56.83,100,
09:46:46,56.83,200,
09:46:47,56.83,200,
09:46:49,56.84,100,
09:46:49,56.83,600,
09:46:50,56.82,500,
09:46:51,56.82,100,
09:46:51,56.81,200,
09:46:51,56.82,100,
09:46:51,56.82,1200,
09:46:51,56.82,400,
09:46:51,56.82,600,
09:46:51,56.82,267,
09:46:51,56.81,500,
09:46:51,56.81,400,
09:46:51,56.81,200,
09:46:51,56.82,600,
09:46:52,56.81,100,
09:46:52,56.81,100,
09:46:52,56.81,200,
09:46:53,56.82,2800,
09:46:54,56.81,400,
09:46:54,56.81,600,
09:46:54,56.8043,200,
09:46:55,56.81,800,
09:46:55,56.81,815,
09:46:55,56.81,200,
09:46:55,56.82,100,
09:46:55,56.82,200,
09:46:55,56.82,200,
09:46:55,56.82,100,
09:46:55,56.82,100,
09:46:55,56.82,200,
09:46:56,56.82,200,
09:46:57,56.82,500,
09:46:57,56.83,1000,
09:46:57,56.83,400,
09:46:57,56.83,600,
09:46:58,56.839,100,
09:46:59,56.83,100,
09:46:59,56.83,600,
09:46:59,56.83,548,
09:46:59,56.83,600,
09:46:59,56.83,600,
09:46:59,56.83,200,
09:46:59,56.83,200,
09:46:59,56.83,200,
09:47:00,56.82,600,
09:47:01,56.82,100,
09:47:02,56.83,100,
09:47:02,56.83,100,
09:47:02,56.82,100,
09:47:02,56.82,600,
09:47:02,56.82,100,
09:47:02,56.82,300,
09:47:02,56.82,200,
09:47:02,56.82,200,
09:47:02,56.82,200,
09:47:02,56.82,300,
09:47:04,56.83,200,
09:47:05,56.81,100,
09:47:06,56.816,100,
09:47:08,56.81,200,
09:47:10,56.81,100,
09:47:11,56.82,200,
09:47:11,56.82,100,
09:47:15,56.82,100,
09:47:15,56.82,300,
09:47:19,56.82,171,
09:47:19,56.82,300,
09:47:19,56.82,600,
09:47:19,56.82,300,
09:47:21,56.81,400,
09:47:21,56.81,300,
09:47:21,56.81,400,
09:47:23,56.81,900,
09:47:29,56.8001,1000,
09:47:31,56.81,100,
09:47:33,56.80,200,
09:47:33,56.80,400,
09:47:33,56.80,100,
09:47:34,56.79,1700,
09:47:35,56.80,100,
09:47:35,56.80,100,
09:47:40,56.808,200,
09:47:43,56.82,200,
09:47:43,56.83,268,
09:47:43,56.82,100,
09:47:43,56.82,500,
09:47:43,56.82,500,
09:47:43,56.82,600,
09:47:43,56.82,100,
09:47:43,56.82,300,
09:47:43,56.82,500,
09:47:43,56.83,200,
09:47:43,56.83,2600,
09:47:43,56.83,600,
09:47:43,56.83,100,
09:47:43,56.83,100,
09:47:44,56.82,100,
09:47:45,56.81,700,
09:47:45,56.81,300,
09:47:45,56.81,400,
09:47:45,56.81,200,
09:47:52,56.81,375,
09:47:54,56.80,500,
09:47:54,56.80,100,
09:47:54,56.80,600,
09:47:54,56.80,100,
09:47:54,56.80,100,
09:47:54,56.79,300,
09:47:54,56.79,195,
09:47:54,56.79,200,
09:47:55,56.80,400,
09:47:58,56.796,100,
09:48:02,56.79,400,
09:48:07,56.80,300,
09:48:09,56.81,100,
09:48:09,56.8042,300,
09:48:10,56.82,525,
09:48:14,56.82,100,
09:48:16,56.8299,1700,
09:48:17,56.825,147,
09:48:17,56.825,200,
09:48:17,56.82,300,
09:48:18,56.82,100,
09:48:18,56.82,100,
09:48:18,56.82,600,
09:48:18,56.82,100,
09:48:18,56.81,500,
09:48:18,56.81,1200,
09:48:19,56.83,1000,
09:48:19,56.81,1000,
09:48:20,56.81,200,
09:48:21,56.81,200,
09:48:21,56.80,200,
09:48:21,56.80,200,
09:48:22,56.79,100,
09:48:23,56.80,133,
09:48:23,56.80,400,
09:48:23,56.80,300,
09:48:23,56.80,400,
09:48:23,56.80,100,
09:48:24,56.80,700,
09:48:27,56.785,600,
09:48:27,56.79,133,
09:48:27,56.79,134,
09:48:27,56.79,100,
09:48:27,56.79,200,
09:48:31,56.7954,400,
09:48:31,56.7965,200,
09:48:32,56.79,600,
09:48:33,56.79,100,
09:48:33,56.79,200,
09:48:33,56.79,100,
09:48:33,56.79,200,
09:48:33,56.79,100,
09:48:33,56.79,100,
09:48:33,56.79,400,
09:48:33,56.79,400,
09:48:34,56.78,500,
09:48:34,56.78,100,
09:48:34,56.79,400,
09:48:34,56.79,400,
09:48:34,56.79,400,
09:48:35,56.78,400,
09:48:35,56.78,100,
09:48:35,56.78,200,
09:48:37,56.78,300,
09:48:37,56.78,200,
09:48:37,56.78,800,
09:48:37,56.78,300,
09:48:37,56.78,400,
09:48:37,56.78,2000,
09:48:37,56.78,100,
09:48:37,56.78,100,
09:48:37,56.78,400,
09:48:38,56.78,1000,
09:48:39,56.79,300,
09:48:39,56.79,100,
09:48:42,56.80,200,
09:48:42,56.80,200,
09:48:42,56.81,400,
09:48:42,56.81,100,
09:48:42,56.81,600,
09:48:43,56.82,100,
09:48:47,56.80,400,
09:48:47,56.80,300,
09:48:48,56.81,600,
09:48:48,56.81,700,
09:48:50,56.83,600,
09:48:52,56.83,1000,
09:48:52,56.83,100,
09:48:56,56.82,1000,
09:48:58,56.811,110,
09:49:09,56.82,100,
09:49:12,56.82,100,
09:49:13,56.81,100,
09:49:13,56.81,800,
09:49:13,56.81,400,
09:49:13,56.81,600,
09:49:13,56.81,1000,
09:49:13,56.82,100,
09:49:13,56.82,100,
09:49:13,56.81,200,
09:49:13,56.81,100,
09:49:13,56.82,200,
09:49:13,56.82,100,
09:49:14,56.82,680,
09:49:15,56.82,100,
09:49:15,56.82,400,
09:49:15,56.82,300,
09:49:15,56.82,300,
09:49:15,56.82,200,
09:49:15,56.82,200,
09:49:15,56.82,100,
09:49:16,56.82,100,
09:49:17,56.81,100,
09:49:17,56.81,100,
09:49:17,56.79,100,
09:49:18,56.79,2200,
09:49:20,56.79,100,
09:49:23,56.78,600,
09:49:23,56.77,813,
09:49:24,56.77,500,
09:49:24,56.77,500,
09:49:24,56.77,100,
09:49:25,56.77,100,
09:49:25,56.77,100,
09:49:25,56.77,100,
09:49:25,56.77,100,
09:49:25,56.77,100,
09:49:25,56.77,100,
09:49:27,56.77,126,
09:49:27,56.77,600,
09:49:27,56.77,100,
09:49:28,56.7616,500,
09:49:29,56.761,400,
09:49:32,56.74,100,
09:49:32,56.74,100,
09:49:32,56.75,599,
09:49:32,56.76,100,
09:49:32,56.75,100,
09:49:33,56.76,100,
09:49:33,56.76,100,
09:49:33,56.76,600,
09:49:33,56.76,600,
09:49:33,56.77,35100,
09:49:34,56.77,400,
09:49:34,56.77,200,
09:49:35,56.76,100,
09:49:35,56.76,100,
09:49:39,56.76,112,
09:49:42,56.74,100,
09:49:42,56.74,100,
09:49:42,56.74,100,
09:49:42,56.74,100,
09:49:43,56.75,100,
09:49:43,56.75,200,
09:49:43,56.7546,300,
09:49:46,56.75,300,
09:49:46,56.75,100,
09:49:46,56.75,600,
09:49:46,56.7469,100,
09:49:47,56.75,600,
09:49:52,56.77,100,
09:49:52,56.77,200,
09:49:52,56.77,400,
09:49:52,56.77,400,
09:49:52,56.77,100,
09:49:53,56.77,400,
09:49:53,56.75,600,
09:49:53,56.75,1620,
09:49:53,56.76,380,
09:49:53,56.76,600,
09:49:53,56.76,1000,
09:49:53,56.75,100,
09:49:53,56.75,200,
09:49:53,56.75,500,
09:49:53,56.75,200,
09:49:53,56.75,558,
09:49:53,56.75,300,
09:49:53,56.75,400,
09:49:53,56.75,1000,
09:49:53,56.75,600,
09:49:53,56.76,100,
09:49:53,56.76,600,
09:49:54,56.77,1000,
09:49:55,56.76,100,
09:49:55,56.77,600,
09:49:56,56.77,400,
09:49:56,56.77,600,
09:49:56,56.77,600,
09:49:57,56.77,100,
09:49:58,56.77,600,
09:50:01,56.78,400,
09:50:01,56.78,500,
09:50:01,56.78,200,
09:50:01,56.78,100,
09:50:01,56.78,2761,
09:50:04,56.7954,400,
09:50:04,56.7956,500,
09:50:04,56.7957,200,
09:50:06,56.81,400,
09:50:08,56.81,150,
09:50:09,56.80,200,
09:50:09,56.80,100,
09:50:09,56.80,600,
09:50:09,56.80,1000,
09:50:09,56.80,100,
09:50:10,56.80,900,
09:50:12,56.79,300,
09:50:12,56.79,600,
09:50:12,56.78,200,
09:50:12,56.78,100,
09:50:12,56.78,400,
09:50:12,56.78,100,
09:50:12,56.78,100,
09:50:13,56.78,842,
09:50:13,56.78,358,
09:50:14,56.79,600,
09:50:15,56.7715,1000,
09:50:18,56.77,100,
09:50:19,56.77,200,
09:50:19,56.77,100,
09:50:19,56.77,500,
09:50:20,56.76,100,
09:50:20,56.76,100,
09:50:22,56.7573,300,
09:50:22,56.7575,100,
09:50:22,56.758,300,
09:50:23,56.759,300,
09:50:23,56.76,200,
09:50:23,56.76,100,
09:50:24,56.759,1000,
09:50:26,56.761,150,
09:50:29,56.74,4000,
09:50:31,56.74,100,
09:50:32,56.74,685,
09:50:32,56.74,200,
09:50:32,56.74,300,
09:50:32,56.74,100,
09:50:32,56.74,600,
09:50:32,56.74,1300,
09:50:35,56.74,600,
09:50:38,56.75,600,
09:50:40,56.75,600,
09:50:43,56.74,106,
09:50:45,56.75,300,
09:50:50,56.73,300,
09:50:50,56.72,600,
09:50:51,56.72,400,
09:50:51,56.72,100,
09:50:51,56.715,100,
09:50:55,56.70,200,
09:50:55,56.70,100,
09:50:55,56.70,5000,
09:50:55,56.68,185,
09:50:55,56.69,100,
09:50:55,56.69,100,
09:50:55,56.68,800,
09:50:58,56.6932,200,
09:50:59,56.6901,1100,
09:51:00,56.70,100,
09:51:01,56.70,200,
09:51:05,56.6952,352,
09:51:14,56.71,200,
09:51:14,56.71,200,
09:51:14,56.71,400,
09:51:14,56.71,300,
09:51:14,56.71,600,
09:51:14,56.71,600,
09:51:14,56.71,100,
09:51:14,56.71,300,
09:51:14,56.70,500,
09:51:14,56.70,500,
09:51:14,56.70,100,
09:51:19,56.70,600,
09:51:25,56.7171,240,
09:51:27,56.73,600,
09:51:29,56.73,600,
09:51:32,56.7242,1000,
09:51:34,56.72,500,
09:51:34,56.72,200,
09:51:34,56.71,200,
09:51:34,56.71,100,
09:51:35,56.70,500,
09:51:36,56.70,100,
09:51:37,56.69,300,
09:51:37,56.69,600,
09:51:38,56.69,500,
09:51:38,56.69,600,
09:51:38,56.69,1000,
09:51:38,56.69,200,
09:51:39,56.68,132,
09:51:42,56.68,300,
09:51:42,56.68,100,
09:51:45,56.68,100,
09:51:49,56.68,200,
09:51:49,56.68,100,
09:51:49,56.69,500,
09:51:49,56.69,400,
09:51:50,56.70,600,
09:51:53,56.71,500,
09:51:54,56.70,100,
09:51:58,56.70,600,
09:52:00,56.70,200,
09:52:03,56.71,100,
09:52:03,56.71,600,
09:52:07,56.72,600,
09:52:07,56.72,500,
09:52:07,56.72,500,
09:52:07,56.72,813,
09:52:07,56.72,700,
09:52:09,56.725,1000,
09:52:09,56.72,600,
09:52:09,56.71,200,
09:52:10,56.72,400,
09:52:10,56.72,433,
09:52:13,56.70,400,
09:52:13,56.70,600,
09:52:16,56.70,100,
09:52:19,56.70,100,
09:52:22,56.69,400,
09:52:22,56.69,1000,
09:52:26,56.67,600,
09:52:27,56.68,400,
09:52:28,56.69,600,
09:52:28,56.69,100,
09:52:28,56.69,100,
09:52:28,56.69,100,
09:52:28,56.69,100,
09:52:28,56.69,200,
09:52:28,56.69,100,
09:52:28,56.69,100,
09:52:28,56.69,100,
09:52:29,56.70,200,
09:52:29,56.69,100,
09:52:29,56.69,100,
09:52:29,56.69,300,
09:52:31,56.70,200,
09:52:31,56.69,100,
09:52:33,56.70,100,
09:52:33,56.70,400,
09:52:33,56.70,100,
09:52:33,56.70,100,
09:52:33,56.70,100,
09:52:33,56.70,300,
09:52:33,56.69,600,
09:52:34,56.69,600,
09:52:34,56.6899,100,
09:52:35,56.68,600,
09:52:37,56.68,600,
09:52:37,56.67,100,
09:52:37,56.67,400,
09:52:38,56.66,400,
09:52:38,56.66,600,
09:52:39,56.68,400,
09:52:39,56.68,400,
09:52:39,56.68,100,
09:52:41,56.66,200,
09:52:42,56.66,300,
09:52:48,56.67,600,
09:52:52,56.66,100,
09:52:52,56.66,200,
09:52:52,56.66,200,
09:52:52,56.66,600,
09:52:54,56.66,200,
09:52:54,56.66,400,
09:52:56,56.66,400,
09:52:56,56.661,2500,
09:52:57,56.67,600,
09:52:57,56.67,200,
09:52:57,56.68,400,
09:52:57,56.68,400,
09:52:57,56.68,500,
09:52:57,56.68,200,
09:52:57,56.68,100,
09:52:57,56.68,200,
09:52:57,56.68,100,
09:52:57,56.66,1200,
09:52:58,56.69,100,
09:53:01,56.68,300,
09:53:01,56.68,100,
09:53:02,56.66,200,
09:53:02,56.66,600,
09:53:04,56.65,100,
09:53:05,56.65,200,
09:53:07,56.67,600,
09:53:07,56.67,100,
09:53:07,56.67,200,
09:53:07,56.68,100,
09:53:07,56.68,100,
09:53:08,56.68,100,
09:53:08,56.66,600,
09:53:11,56.66,100,
09:53:11,56.66,600,
09:53:11,56.66,200,
09:53:14,56.67,300,
09:53:14,56.67,100,
09:53:15,56.67,300,
09:53:15,56.67,400,
09:53:15,56.67,100,
09:53:15,56.67,200,
09:53:17,56.6681,400,
09:53:20,56.66,100,
09:53:20,56.66,400,
09:53:20,56.65,500,
09:53:20,56.65,300,
09:53:20,56.65,100,
09:53:21,56.65,600,
09:53:21,56.6502,300,
09:53:22,56.65,400,
09:53:23,56.63,100,
09:53:23,56.64,100,
09:53:24,56.63,600,
09:53:24,56.62,600,
09:53:24,56.62,100,
09:53:24,56.62,200,
09:53:24,56.62,600,
09:53:25,56.63,100,
09:53:25,56.63,100,
09:53:28,56.625,100,
09:53:28,56.625,100,
09:53:28,56.63,100,
09:53:28,56.64,100,
09:53:28,56.64,300,
09:53:28,56.64,282,
09:53:28,56.64,100,
09:53:28,56.64,200,
09:53:28,56.64,200,
09:53:29,56.64,582,
09:53:30,56.64,100,
09:53:34,56.63,100,
09:53:36,56.64,200,
09:53:36,56.6356,200,
09:53:37,56.63,200,
09:53:38,56.6305,500,
09:53:40,56.65,590,
09:53:40,56.65,600,
09:53:42,56.64,500,
09:53:43,56.65,210,
09:53:43,56.65,290,
09:53:43,56.65,100,
09:53:44,56.646,400,
09:53:44,56.6465,300,
09:53:44,56.66,100,
09:53:44,56.66,250,
09:53:44,56.66,300,
09:53:44,56.66,400,
09:53:48,56.67,200,
09:53:48,56.67,257,
09:53:48,56.67,100,
09:53:48,56.67,1000,
09:53:48,56.67,2850,
09:53:48,56.67,813,
09:53:49,56.67,100,
09:53:49,56.67,100,
09:53:50,56.67,100,
09:53:52,56.67,100,
09:53:52,56.67,100,
09:53:55,56.68,2500,
09:53:55,56.68,200,
09:53:55,56.68,100,
09:53:55,56.68,100,
09:53:55,56.68,300,
09:53:55,56.69,100,
09:53:56,56.69,100,
09:53:56,56.69,1000,
09:53:56,56.70,500,
09:53:56,56.71,100,
09:53:56,56.70,2300,
09:53:57,56.70,100,
09:53:57,56.69,100,
09:53:57,56.68,100,
09:53:57,56.68,100,
09:53:58,56.68,100,
09:53:58,56.69,100,
09:53:59,56.68,600,
09:54:00,56.68,100,
09:54:02,56.67,600,
09:54:02,56.67,300,
09:54:03,56.67,100,
09:54:05,56.67,100,
09:54:05,56.67,100,
09:54:07,56.67,100,
09:54:07,56.66,100,
09:54:09,56.67,200,
09:54:09,56.66,100,
09:54:11,56.65,600,
09:54:11,56.65,300,
09:54:16,56.63,400,
09:54:16,56.63,400,
09:54:16,56.62,100,
09:54:18,56.621,1281,
09:54:18,56.621,1300,
09:54:18,56.62,5200,
09:54:19,56.63,400,
09:54:19,56.63,200,
09:54:19,56.63,400,
09:54:19,56.63,100,
09:54:19,56.63,600,
09:54:19,56.63,700,
09:54:21,56.62,400,
09:54:21,56.61,1700,
09:54:21,56.63,400,
09:54:22,56.62,100,
09:54:24,56.63,1000,
09:54:24,56.62,100,
09:54:25,56.64,100,
09:54:29,56.62,270,
09:54:29,56.62,400,
09:54:33,56.63,600,
09:54:33,56.63,1000,
09:54:33,56.63,200,
09:54:33,56.63,400,
09:54:33,56.63,400,
09:54:33,56.63,270,
09:54:33,56.63,1000,
09:54:33,56.63,100,
09:54:33,56.62,100,
09:54:33,56.62,100,
09:54:33,56.62,600,
09:54:33,56.62,400,
09:54:33,56.61,400,
09:54:33,56.61,600,
09:54:33,56.61,600,
09:54:33,56.61,100,
09:54:33,56.61,1300,
09:54:33,56.61,4000,
09:54:37,56.60,1000,
09:54:38,56.62,300,
09:54:38,56.61,100,
09:54:38,56.61,100,
09:54:38,56.61,100,
09:54:38,56.61,200,
09:54:38,56.61,100,
09:54:38,56.61,269,
09:54:38,56.615,100,
09:54:38,56.61,400,
09:54:38,56.61,500,
09:54:39,56.60,150,
09:54:39,56.60,100,
09:54:39,56.60,600,
09:54:40,56.61,100,
09:54:41,56.60,500,
09:54:41,56.60,100,
09:54:47,56.60,600,
09:54:47,56.61,200,
09:54:49,56.60,600,
09:54:51,56.61,100,
09:54:51,56.62,200,
09:54:51,56.62,100,
09:54:51,56.61,100,
09:54:52,56.61,100,
09:54:53,56.61,100,
09:54:54,56.61,100,
09:54:54,56.61,100,
09:54:59,56.62,600,
09:54:59,56.62,100,
09:54:59,56.62,400,
09:54:59,56.62,342,
09:54:59,56.60,200,
09:54:59,56.60,100,
09:55:01,56.60,189,
09:55:01,56.60,100,
09:55:01,56.60,100,
09:55:01,56.60,600,
09:55:01,56.61,100,
09:55:01,56.61,100,
09:55:01,56.61,500,
09:55:01,56.61,400,
09:55:01,56.61,600,
09:55:01,56.61,900,
09:55:01,56.62,200,
09:55:01,56.62,1000,
09:55:01,56.62,400,
09:55:01,56.61,400,
09:55:01,56.62,100,
09:55:01,56.61,100,
09:55:02,56.63,106,
09:55:02,56.63,100,
09:55:02,56.63,100,
09:55:02,56.63,400,
09:55:02,56.63,100,
09:55:02,56.63,400,
09:55:03,56.63,600,
09:55:03,56.63,528,
09:55:03,56.62,600,
09:55:03,56.62,919,
09:55:03,56.61,100,
09:55:05,56.63,400,
09:55:05,56.63,600,
09:55:05,56.62,100,
09:55:05,56.62,600,
09:55:07,56.62,600,
09:55:08,56.62,500,
09:55:09,56.61,600,
09:55:12,56.61,8000,
09:55:12,56.61,600,
09:55:12,56.61,1800,
09:55:12,56.62,200,
09:55:12,56.62,200,
09:55:12,56.62,200,
09:55:14,56.63,407,
09:55:14,56.63,100,
09:55:14,56.64,500,
09:55:14,56.64,100,
09:55:16,56.64,200,
09:55:16,56.63,100,
09:55:16,56.63,100,
09:55:16,56.63,500,
09:55:16,56.63,400,
09:55:16,56.63,100,
09:55:18,56.6199,100,
09:55:20,56.63,400,
09:55:21,56.63,600,
09:55:23,56.62,100,
09:55:23,56.61,100,
09:55:23,56.61,100,
09:55:24,56.60,300,
09:55:24,56.60,600,
09:55:24,56.60,100,
09:55:27,56.61,100,
09:55:27,56.61,400,
09:55:27,56.61,100,
09:55:27,56.61,1050,
09:55:28,56.62,100,
09:55:28,56.62,3412,
09:55:28,56.62,600,
09:55:28,56.62,100,
09:55:29,56.62,400,
09:55:31,56.62,200,
09:55:33,56.63,100,
09:55:36,56.61,200,
09:55:37,56.6101,100,
09:55:39,56.61,600,
09:55:39,56.60,400,
09:55:44,56.60,100,
09:55:44,56.60,600,
09:55:47,56.62,200,
09:55:47,56.59,4000,
09:55:51,56.61,600,
09:55:51,56.61,200,
09:55:52,56.60,200,
09:55:53,56.62,500,
09:55:54,56.61,600,
09:55:55,56.62,300,
09:55:56,56.62,600,
09:55:59,56.61,100,
09:56:00,56.62,200,
09:56:01,56.61,200,
09:56:01,56.60,100,
09:56:01,56.62,4000,
09:56:05,56.60,100,
09:56:08,56.60,600,
09:56:12,56.60,200,
09:56:12,56.59,100,
09:56:14,56.60,400,
09:56:14,56.60,100,
09:56:14,56.60,300,
09:56:14,56.60,1000,
09:56:16,56.61,500,
09:56:16,56.61,800,
09:56:16,56.61,500,
09:56:16,56.61,1800,
09:56:16,56.63,166,
09:56:16,56.61,200,
09:56:16,56.61,100,
09:56:16,56.62,200,
09:56:16,56.61,1000,
09:56:19,56.62,100,
09:56:19,56.62,600,
09:56:23,56.64,200,
09:56:23,56.64,600,
09:56:23,56.64,1100,
09:56:24,56.64,813,
09:56:24,56.64,4900,
09:56:24,56.64,3200,
09:56:24,56.65,100,
09:56:24,56.64,300,
09:56:24,56.64,400,
09:56:25,56.65,100,
09:56:25,56.65,600,
09:56:26,56.65,400,
09:56:26,56.65,200,
09:56:26,56.6501,1000,
09:56:27,56.65,100,
09:56:27,56.65,100,
09:56:27,56.65,515,
09:56:28,56.64,600,
09:56:31,56.64,400,
09:56:31,56.64,300,
09:56:31,56.64,1000,
09:56:31,56.64,250,
09:56:33,56.65,200,
09:56:33,56.65,2000,
09:56:35,56.645,1400,
09:56:35,56.63,600,
09:56:35,56.62,600,
09:56:36,56.62,100,
09:56:36,56.62,1900,
09:56:42,56.63,200,
09:56:42,56.63,200,
09:56:45,56.64,100,
09:56:45,56.64,100,
09:56:45,56.64,500,
09:56:46,56.63,100,
09:56:46,56.63,100,
09:56:46,56.63,100,
09:56:46,56.63,300,
09:56:47,56.62,600,
09:56:47,56.62,100,
09:56:48,56.61,200,
09:56:48,56.61,300,
09:56:48,56.61,200,
09:56:48,56.61,300,
09:56:48,56.61,400,
09:56:48,56.61,300,
09:56:48,56.61,700,
09:56:48,56.61,100,
09:56:48,56.61,100,
09:56:48,56.61,100,
09:56:50,56.61,100,
09:56:51,56.61,400,
09:56:52,56.61,200,
09:56:52,56.61,200,
09:56:53,56.60,500,
09:56:53,56.60,500,
09:56:53,56.61,600,
09:56:57,56.62,100,
09:56:58,56.60,400,
09:56:58,56.61,200,
09:56:58,56.61,100,
09:56:58,56.61,100,
09:56:58,56.61,100,
09:56:59,56.62,100,
09:56:59,56.60,144,
09:57:00,56.59,100,
09:57:01,56.61,100,
09:57:02,56.58,600,
09:57:02,56.58,600,
09:57:02,56.58,100,
09:57:02,56.58,100,
09:57:02,56.58,200,
09:57:02,56.58,500,
09:57:02,56.58,300,
09:57:02,56.58,300,
09:57:02,56.58,100,
09:57:02,56.58,100,
09:57:02,56.58,300,
09:57:02,56.58,600,
09:57:02,56.57,400,
09:57:03,56.56,200,
09:57:04,56.58,400,
09:57:04,56.5825,400,
09:57:05,56.5801,800,
09:57:05,56.59,200,
09:57:05,56.59,100,
09:57:07,56.575,100,
09:57:07,56.575,100,
09:57:07,56.575,100,
09:57:07,56.575,100,
09:57:07,56.575,100,
09:57:07,56.575,100,
09:57:07,56.58,100,
09:57:07,56.58,100,
09:57:09,56.585,300,
09:57:09,56.59,600,
09:57:10,56.58,4000,
09:57:14,56.59,100,
09:57:14,56.59,400,
09:57:16,56.58,100,
09:57:16,56.58,700,
09:57:19,56.58,100,
09:57:21,56.57,100,
09:57:21,56.57,100,
09:57:21,56.57,100,
09:57:21,56.57,100,
09:57:21,56.57,600,
09:57:21,56.58,400,
09:57:21,56.58,100,
09:57:21,56.58,100,
09:57:22,56.57,600,
09:57:23,56.57,1000,
09:57:23,56.56,100,
09:57:24,56.56,100,
09:57:24,56.57,100,
09:57:25,56.56,300,
09:57:26,56.56,300,
09:57:26,56.56,274,
09:57:26,56.56,474,
09:57:27,56.5501,100,
09:57:28,56.56,600,
09:57:30,56.55,200,
09:57:31,56.55,600,
09:57:34,56.55,400,
09:57:35,56.56,200,
09:57:35,56.56,100,
09:57:35,56.56,100,
09:57:37,56.55,100,
09:57:40,56.5517,400,
09:57:41,56.55,500,
09:57:42,56.56,200,
09:57:42,56.56,300,
09:57:42,56.56,100,
09:57:42,56.56,100,
09:57:42,56.56,100,
09:57:42,56.57,200,
09:57:42,56.56,100,
09:57:42,56.56,100,
09:57:42,56.57,100,
09:57:42,56.57,100,
09:57:42,56.57,300,
09:57:42,56.57,800,
09:57:42,56.57,100,
09:57:42,56.57,400,
09:57:42,56.57,600,
09:57:42,56.57,1500,
09:57:42,56.57,500,
09:57:42,56.57,1500,
09:57:42,56.58,100,
09:57:42,56.57,100,
09:57:42,56.58,100,
09:57:42,56.59,600,
09:57:42,56.58,100,
09:57:42,56.58,100,
09:57:42,56.58,100,
09:57:42,56.58,600,
09:57:43,56.57,200,
09:57:45,56.58,600,
09:57:47,56.58,100,
09:57:48,56.58,400,
09:57:48,56.58,600,
09:57:49,56.58,100,
09:57:50,56.59,1700,
09:57:51,56.60,100,
09:57:51,56.60,600,
09:57:58,56.60,100,
09:58:00,56.60,300,
09:58:00,56.60,1200,
09:58:06,56.60,100,
09:58:06,56.60,100,
09:58:15,56.595,100,
09:58:15,56.60,313,
09:58:15,56.60,100,
09:58:21,56.60,100,
09:58:21,56.60,100,
09:58:24,56.59,100,
09:58:24,56.59,100,
09:58:26,56.59,100,
09:58:32,56.62,400,
09:58:33,56.60,2500,
09:58:37,56.6182,232,
09:58:41,56.61,100,
09:58:41,56.615,200,
09:58:41,56.615,200,
09:58:43,56.62,100,
09:58:43,56.62,580,
09:58:43,56.62,100,
09:58:43,56.62,1320,
09:58:44,56.62,100,
09:58:44,56.61,20000,
09:58:44,56.61,1284,
09:58:47,56.625,200,
09:58:49,56.625,500,
09:58:49,56.625,400,
09:58:49,56.625,7446,
09:58:49,56.625,500,
09:58:51,56.625,400,
09:58:51,56.62,200,
09:58:51,56.62,100,
09:58:51,56.62,3500,
09:58:51,56.62,1000,
09:58:51,56.62,1000,
09:58:51,56.62,1000,
09:58:51,56.62,1000,
09:58:51,56.62,400,
09:58:51,56.62,100,
09:58:51,56.62,100,
09:58:51,56.62,120,
09:58:51,56.62,400,
09:58:51,56.62,100,
09:58:51,56.62,300,
09:58:51,56.62,200,
09:58:51,56.62,200,
09:58:51,56.62,300,
09:58:51,56.62,100,
09:58:51,56.615,1900,
09:58:51,56.615,880,
09:58:51,56.615,1900,
09:58:52,56.615,1900,
09:58:53,56.615,700,
09:58:53,56.615,900,
09:58:53,56.615,606,
09:58:53,56.615,800,
09:58:56,56.61,400,
09:58:56,56.61,1900,
09:58:56,56.61,3100,
09:58:56,56.61,1000,
09:58:56,56.61,200,
09:58:56,56.61,1000,
09:58:56,56.615,3000,
09:58:59,56.61,300,
09:58:59,56.61,500,
09:58:59,56.61,500,
09:58:59,56.61,800,
09:58:59,56.61,100,
09:58:59,56.62,300,
09:58:59,56.615,815,
09:58:59,56.615,211,
09:58:59,56.61,100,
09:58:59,56.61,100,
09:58:59,56.615,300,
09:58:59,56.615,600,
09:59:00,56.61,800,
09:59:00,56.61,100,
09:59:00,56.61,1000,
09:59:00,56.61,1000,
09:59:00,56.61,200,
09:59:00,56.61,200,
09:59:02,56.61,100,
09:59:02,56.61,7300,
09:59:03,56.61,1300,
09:59:03,56.61,2508,
09:59:03,56.61,2600,
09:59:03,56.61,300,
09:59:03,56.61,6500,
09:59:03,56.61,600,
09:59:03,56.61,1635,
09:59:04,56.61,700,
09:59:04,56.61,400,
09:59:05,56.61,800,
09:59:05,56.61,100,
09:59:05,56.61,800,
09:59:09,56.605,8000,
09:59:12,56.605,500,
09:59:12,56.605,4409,
09:59:13,56.6015,100,
09:59:17,56.605,100,
09:59:17,56.62,100,
09:59:22,56.60,400,
09:59:22,56.60,100,
09:59:22,56.60,100,
09:59:22,56.60,100,
09:59:22,56.60,100,
09:59:22,56.60,500,
09:59:22,56.60,300,
09:59:23,56.605,200,
09:59:24,56.60,200,
09:59:24,56.60,100,
09:59:24,56.60,264,
09:59:24,56.60,100,
09:59:26,56.61,100,
09:59:27,56.6001,200,
09:59:30,56.60,200,
09:59:30,56.5932,400,
09:59:31,56.59,100,
09:59:31,56.585,100,
09:59:33,56.59,200,
09:59:33,56.59,100,
09:59:33,56.60,698,
09:59:45,56.58,100,
09:59:46,56.58,100,
09:59:48,56.5635,232,
09:59:52,56.56,100,
09:59:57,56.56,150,
09:59:57,56.56,250,
09:59:57,56.57,200,
10:00:01,56.55,782,
10:00:01,56.72,100,
10:00:01,56.69,200,
10:00:01,56.70,208,
10:00:01,56.71,123,
10:00:01,56.72,1000,
10:00:01,56.71,200,
10:00:01,56.70,500,
10:00:01,56.71,200,
10:00:01,56.71,100,
10:00:01,56.71,600,
10:00:01,56.71,100,
10:00:01,56.72,100,
10:00:01,56.73,200,
10:00:01,56.71,100,
10:00:01,56.73,100,
10:00:01,56.73,100,
10:00:01,56.73,600,
10:00:01,56.73,100,
10:00:01,56.73,100,
10:00:01,56.73,600,
10:00:01,56.73,246,
10:00:01,56.73,100,
10:00:02,56.68,5000,
10:00:02,56.73,150,
10:00:03,56.65,200,
10:00:03,56.70,100,
10:00:04,56.75,200,
10:00:04,56.75,200,
10:00:04,56.74,120,
10:00:05,56.74,185,
10:00:05,56.75,100,
10:00:05,56.76,100,
10:00:05,56.76,100,
10:00:05,56.75,450,
10:00:05,56.75,550,
10:00:05,56.74,100,
10:00:05,56.76,200,
10:00:05,56.76,500,
10:00:05,56.75,450,
10:00:05,56.75,800,
10:00:05,56.75,300,
10:00:05,56.755,800,
10:00:06,56.73,240,
10:00:06,56.75,150,
10:00:06,56.74,1000,
10:00:06,56.74,100,
10:00:06,56.75,400,
10:00:06,56.75,100,
10:00:06,56.75,1500,
10:00:06,56.755,200,
10:00:06,56.755,300,
10:00:06,56.755,100,
10:00:06,56.755,100,
10:00:06,56.74,1000,
10:00:06,56.755,300,
10:00:06,56.755,2600,
10:00:06,56.75,100,
10:00:06,56.75,100,
10:00:06,56.73,120,
10:00:06,56.75,100,
10:00:06,56.75,120,
10:00:06,56.755,100,
10:00:06,56.73,100,
10:00:06,56.74,100,
10:00:06,56.74,100,
10:00:06,56.74,1000,
10:00:06,56.745,700,
10:00:06,56.73,100,
10:00:06,56.75,400,
10:00:07,56.75,200,
10:00:07,56.755,1317,
10:00:07,56.75,300,
10:00:07,56.75,300,
10:00:07,56.74,100,
10:00:07,56.73,100,
10:00:07,56.74,100,
10:00:07,56.73,200,
10:00:07,56.73,100,
10:00:08,56.72,100,
10:00:08,56.72,200,
10:00:08,56.73,240,
10:00:08,56.72,100,
10:00:08,56.72,100,
10:00:08,56.73,440,
10:00:08,56.73,100,
10:00:08,56.74,150,
10:00:08,56.73,223,
10:00:08,56.73,100,
10:00:08,56.73,100,
10:00:08,56.74,500,
10:00:08,56.74,100,
10:00:08,56.74,100,
10:00:09,56.73,100,
10:00:09,56.73,400,
10:00:09,56.74,100,
10:00:09,56.73,100,
10:00:09,56.73,400,
10:00:09,56.74,200,
10:00:09,56.74,100,
10:00:09,56.74,300,
10:00:09,56.74,100,
10:00:09,56.74,300,
10:00:09,56.74,3300,
10:00:09,56.73,200,
10:00:10,56.74,1000,
10:00:10,56.72,400,
10:00:10,56.72,100,
10:00:10,56.72,100,
10:00:10,56.74,300,
10:00:10,56.74,100,
10:00:10,56.73,300,
10:00:10,56.73,100,
10:00:10,56.73,200,
10:00:10,56.73,240,
10:00:10,56.73,100,
10:00:10,56.71,100,
10:00:10,56.71,100,
10:00:10,56.71,100,
10:00:10,56.71,120,
10:00:10,56.71,180,
10:00:10,56.71,100,
10:00:10,56.71,100,
10:00:11,56.71,100,
10:00:11,56.71,100,
10:00:11,56.72,400,
10:00:11,56.72,100,
10:00:11,56.72,240,
10:00:11,56.72,100,
10:00:11,56.71,100,
10:00:11,56.72,200,
10:00:11,56.74,100,
10:00:11,56.70,400,
10:00:11,56.70,300,
10:00:11,56.70,100,
10:00:11,56.70,200,
10:00:11,56.70,600,
10:00:11,56.70,100,
10:00:11,56.70,100,
10:00:12,56.70,100,
10:00:12,56.71,200,
10:00:12,56.71,100,
10:00:12,56.71,300,
10:00:12,56.71,400,
10:00:12,56.71,200,
10:00:12,56.71,300,
10:00:12,56.72,100,
10:00:12,56.72,200,
10:00:12,56.72,100,
10:00:12,56.72,349,
10:00:12,56.72,200,
10:00:12,56.72,200,
10:00:12,56.72,500,
10:00:12,56.70,600,
10:00:13,56.71,500,
10:00:13,56.69,234,
10:00:13,56.70,166,
10:00:13,56.71,600,
10:00:13,56.71,100,
10:00:13,56.68,300,
10:00:13,56.69,200,
10:00:13,56.69,100,
10:00:13,56.67,200,
10:00:13,56.69,200,
10:00:13,56.69,400,
10:00:13,56.69,100,
10:00:13,56.69,600,
10:00:13,56.69,300,
10:00:13,56.69,200,
10:00:13,56.69,300,
10:00:13,56.69,100,
10:00:13,56.68,169,
10:00:13,56.68,300,
10:00:13,56.67,900,
10:00:13,56.67,300,
10:00:13,56.68,100,
10:00:13,56.68,400,
10:00:13,56.69,200,
10:00:13,56.72,100,
10:00:13,56.70,100,
10:00:13,56.70,300,
10:00:13,56.70,200,
10:00:13,56.70,951,
10:00:13,56.71,100,
10:00:13,56.71,500,
10:00:13,56.71,200,
10:00:13,56.71,100,
10:00:13,56.71,100,
10:00:13,56.71,300,
10:00:13,56.71,383,
10:00:13,56.71,100,
10:00:13,56.71,200,
10:00:14,56.70,500,
10:00:14,56.70,600,
10:00:14,56.70,100,
10:00:14,56.71,400,
10:00:14,56.72,200,
10:00:14,56.72,247,
10:00:14,56.72,400,
10:00:14,56.72,200,
10:00:14,56.7154,400,
10:00:14,56.72,300,
10:00:15,56.71,214,
10:00:15,56.71,100,
10:00:15,56.71,114,
10:00:15,56.72,100,
10:00:15,56.72,100,
10:00:15,56.71,386,
10:00:15,56.71,100,
10:00:15,56.71,100,
10:00:15,56.72,200,
10:00:15,56.72,172,
10:00:15,56.72,100,
10:00:16,56.73,100,
10:00:16,56.73,135,
10:00:16,56.73,114,
10:00:16,56.73,100,
10:00:16,56.71,100,
10:00:16,56.71,241,
10:00:16,56.71,195,
10:00:16,56.71,100,
10:00:16,56.70,200,
10:00:17,56.69,100,
10:00:17,56.69,400,
10:00:17,56.69,100,
10:00:17,56.69,100,
10:00:18,56.68,228,
10:00:18,56.68,100,
10:00:18,56.70,400,
10:00:18,56.70,100,
10:00:18,56.70,114,
10:00:18,56.70,100,
10:00:18,56.70,228,
10:00:18,56.71,100,
10:00:18,56.71,100,
10:00:18,56.70,300,
10:00:18,56.70,300,
10:00:18,56.69,100,
10:00:18,56.69,400,
10:00:18,56.69,400,
10:00:18,56.69,100,
10:00:18,56.68,100,
10:00:18,56.70,300,
10:00:22,56.69,100,
10:00:22,56.69,172,
10:00:22,56.69,100,
10:00:22,56.69,200,
10:00:23,56.69,100,
10:00:24,56.7016,529,
10:00:24,56.70,100,
10:00:24,56.70,500,
10:00:24,56.70,200,
10:00:24,56.70,100,
10:00:25,56.71,200,
10:00:25,56.71,100,
10:00:25,56.71,160,
10:00:25,56.71,340,
10:00:25,56.72,400,
10:00:25,56.72,500,
10:00:25,56.72,100,
10:00:25,56.73,100,
10:00:25,56.73,500,
10:00:25,56.72,600,
10:00:25,56.72,100,
10:00:25,56.72,100,
10:00:25,56.72,300,
10:00:25,56.72,600,
10:00:25,56.72,111,
10:00:25,56.72,100,
10:00:25,56.72,200,
10:00:25,56.72,300,
10:00:25,56.72,500,
10:00:25,56.73,100,
10:00:25,56.73,100,
10:00:25,56.73,100,
10:00:25,56.73,200,
10:00:26,56.72,200,
10:00:26,56.72,100,
10:00:26,56.72,178,
10:00:26,56.72,222,
10:00:26,56.72,200,
10:00:26,56.72,100,
10:00:26,56.72,500,
10:00:27,56.74,300,
10:00:27,56.74,100,
10:00:27,56.75,200,
10:00:27,56.75,500,
10:00:27,56.75,100,
10:00:28,56.76,400,
10:00:28,56.76,133,
10:00:28,56.76,522,
10:00:28,56.76,100,
10:00:28,56.76,100,
10:00:28,56.76,222,
10:00:28,56.76,200,
10:00:28,56.75,200,
10:00:28,56.76,100,
10:00:29,56.75,100,
10:00:29,56.7654,400,
10:00:29,56.77,500,
10:00:29,56.77,8000,
10:00:30,56.73,100,
10:00:30,56.74,100,
10:00:30,56.74,300,
10:00:30,56.74,200,
10:00:30,56.74,300,
10:00:30,56.75,100,
10:00:30,56.75,300,
10:00:30,56.75,300,
10:00:30,56.75,700,
10:00:30,56.75,100,
10:00:30,56.75,4600,
10:00:30,56.75,4600,
10:00:30,56.76,100,
10:00:30,56.76,360,
10:00:30,56.7446,400,
10:00:30,56.7438,400,
10:00:30,56.7435,400,
10:00:31,56.76,100,
10:00:31,56.75,100,
10:00:31,56.75,100,
10:00:31,56.76,700,
10:00:31,56.75,100,
10:00:32,56.7602,200,
10:00:33,56.77,100,
10:00:33,56.77,100,
10:00:33,56.77,100,
10:00:33,56.76,600,
10:00:33,56.76,700,
10:00:33,56.76,200,
10:00:33,56.77,300,
10:00:33,56.7675,800,
10:00:34,56.76,600,
10:00:34,56.76,216,
10:00:34,56.76,100,
10:00:34,56.77,100,
10:00:34,56.77,100,
10:00:34,56.76,100,
10:00:35,56.77,100,
10:00:35,56.76,100,
10:00:35,56.76,500,
10:00:35,56.76,100,
10:00:35,56.76,300,
10:00:35,56.76,7267,
10:00:36,56.76,100,
10:00:36,56.76,100,
10:00:36,56.77,400,
10:00:36,56.77,400,
10:00:36,56.769,1000,
10:00:37,56.78,100,
10:00:37,56.79,400,
10:00:37,56.80,100,
10:00:37,56.79,1600,
10:00:37,56.79,200,
10:00:37,56.79,300,
10:00:37,56.79,100,
10:00:37,56.79,100,
10:00:37,56.79,100,
10:00:37,56.79,300,
10:00:37,56.80,400,
10:00:37,56.80,100,
10:00:37,56.80,100,
10:00:37,56.79,100,
10:00:37,56.80,100,
10:00:37,56.80,200,
10:00:37,56.80,300,
10:00:37,56.80,2900,
10:00:37,56.80,2000,
10:00:37,56.80,200,
10:00:37,56.81,100,
10:00:37,56.81,200,
10:00:37,56.81,200,
10:00:37,56.81,100,
10:00:37,56.81,200,
10:00:38,56.80,400,
10:00:38,56.80,400,
10:00:38,56.80,300,
10:00:38,56.80,300,
10:00:38,56.80,100,
10:00:38,56.80,200,
10:00:38,56.80,108,
10:00:38,56.79,245,
10:00:38,56.79,255,
10:00:38,56.80,100,
10:00:38,56.77,1500,
10:00:38,56.81,300,
10:00:38,56.81,255,
10:00:38,56.80,175,
10:00:39,56.80,203,
10:00:39,56.81,100,
10:00:40,56.81,100,
10:00:40,56.81,300,
10:00:41,56.80,200,
10:00:41,56.80,100,
10:00:41,56.80,400,
10:00:41,56.81,100,
10:00:41,56.81,100,
10:00:41,56.81,600,
10:00:41,56.81,1000,
10:00:41,56.81,100,
10:00:41,56.82,1000,
10:00:41,56.82,100,
10:00:41,56.82,100,
10:00:41,56.81,300,
10:00:41,56.81,100,
10:00:41,56.81,100,
10:00:41,56.81,200,
10:00:41,56.81,600,
10:00:42,56.82,100,
10:00:42,56.81,100,
10:00:42,56.81,300,
10:00:43,56.81,100,
10:00:43,56.81,100,
10:00:43,56.82,100,
10:00:43,56.82,100,
10:00:43,56.82,124,
10:00:43,56.82,100,
10:00:44,56.81,300,
10:00:44,56.81,600,
10:00:44,56.81,150,
10:00:44,56.82,100,
10:00:44,56.82,123,
10:00:44,56.82,200,
10:00:44,56.82,100,
10:00:44,56.82,200,
10:00:44,56.82,100,
10:00:44,56.82,100,
10:00:44,56.81,600,
10:00:45,56.82,100,
10:00:45,56.82,600,
10:00:45,56.82,105,
10:00:45,56.82,100,
10:00:45,56.82,100,
10:00:45,56.82,100,
10:00:45,56.8199,200,
10:00:45,56.82,100,
10:00:45,56.82,105,
10:00:45,56.82,100,
10:00:45,56.81,345,
10:00:45,56.81,100,
10:00:46,56.81,105,
10:00:46,56.81,595,
10:00:46,56.82,200,
10:00:46,56.82,205,
10:00:47,56.81,200,
10:00:48,56.81,123,
10:00:48,56.81,400,
10:00:49,56.82,200,
10:00:49,56.82,100,
10:00:49,56.82,300,
10:00:49,56.83,3600,
10:00:49,56.83,400,
10:00:49,56.83,200,
10:00:50,56.84,100,
10:00:50,56.84,100,
10:00:50,56.84,200,
10:00:51,56.83,100,
10:00:53,56.8301,2700,
10:00:55,56.84,400,
10:00:55,56.84,333,
10:00:55,56.84,505,
10:00:55,56.84,300,
10:00:55,56.84,200,
10:00:55,56.84,295,
10:00:56,56.85,300,
10:00:56,56.85,400,
10:00:56,56.85,550,
10:00:56,56.85,100,
10:00:56,56.85,550,
10:00:56,56.84,100,
10:00:56,56.84,500,
10:00:56,56.84,100,
10:00:56,56.85,300,
10:00:56,56.85,100,
10:00:56,56.85,200,
10:00:56,56.84,500,
10:00:57,56.845,166,
10:00:57,56.845,167,
10:00:58,56.84,100,
10:00:58,56.84,200,
10:00:58,56.84,100,
10:00:58,56.84,100,
10:00:58,56.84,100,
10:01:00,56.86,167,
10:01:00,56.8599,2000,
10:01:01,56.85,100,
10:01:01,56.84,2300,
10:01:04,56.86,650,
10:01:05,56.85,167,
10:01:06,56.85,100,
10:01:08,56.85,100,
10:01:08,56.84,200,
10:01:08,56.83,300,
10:01:08,56.83,600,
10:01:08,56.83,1600,
10:01:09,56.84,550,
10:01:09,56.83,200,
10:01:10,56.83,100,
10:01:10,56.83,400,
10:01:11,56.82,500,
10:01:11,56.839,600,
10:01:11,56.82,800,
10:01:11,56.8392,400,
10:01:11,56.8395,500,
10:01:11,56.8396,1100,
10:01:11,56.8396,300,
10:01:11,56.8397,200,
10:01:11,56.84,600,
10:01:11,56.83,600,
10:01:11,56.83,100,
10:01:11,56.8395,300,
10:01:11,56.84,300,
10:01:11,56.83,177,
10:01:11,56.83,198,
10:01:11,56.83,100,
10:01:11,56.83,100,
10:01:12,56.83,100,
10:01:12,56.83,8100,
10:01:12,56.82,200,
10:01:12,56.82,300,
10:01:12,56.82,100,
10:01:12,56.82,100,
10:01:12,56.82,200,
10:01:12,56.83,300,
10:01:12,56.83,900,
10:01:12,56.83,2000,
10:01:13,56.83,100,
10:01:13,56.82,600,
10:01:15,56.82,293,
10:01:15,56.82,198,
10:01:15,56.82,100,
10:01:15,56.82,100,
10:01:16,56.82,300,
10:01:16,56.81,300,
10:01:17,56.81,100,
10:01:17,56.80,600,
10:01:17,56.81,300,
10:01:17,56.81,100,
10:01:17,56.815,100,
10:01:18,56.80,150,
10:01:18,56.80,200,
10:01:18,56.80,100,
10:01:18,56.805,300,
10:01:18,56.80,100,
10:01:18,56.80,100,
10:01:18,56.794,1000,
10:01:18,56.80,100,
10:01:19,56.80,100,
10:01:21,56.80,100,
10:01:22,56.79,100,
10:01:22,56.79,100,
10:01:22,56.79,100,
10:01:22,56.785,100,
10:01:22,56.78,100,
10:01:22,56.78,100,
10:01:23,56.78,100,
10:01:24,56.79,600,
10:01:24,56.79,100,
10:01:24,56.7899,100,
10:01:25,56.80,1000,
10:01:25,56.80,1000,
10:01:25,56.80,2300,
10:01:26,56.79,300,
10:01:26,56.79,100,
10:01:26,56.79,170,
10:01:26,56.79,100,
10:01:26,56.78,1000,
10:01:26,56.78,300,
10:01:26,56.78,200,
10:01:26,56.78,100,
10:01:26,56.78,100,
10:01:26,56.78,100,
10:01:26,56.78,100,
10:01:26,56.78,550,
10:01:26,56.78,180,
10:01:26,56.78,550,
10:01:26,56.78,200,
10:01:26,56.78,100,
10:01:26,56.78,514,
10:01:26,56.78,100,
10:01:26,56.78,600,
10:01:26,56.78,100,
10:01:26,56.78,364,
10:01:26,56.78,100,
10:01:26,56.78,100,
10:01:27,56.78,100,
10:01:28,56.78,100,
10:01:28,56.78,100,
10:01:28,56.78,100,
10:01:29,56.78,100,
10:01:29,56.78,400,
10:01:30,56.78,100,
10:01:30,56.78,100,
10:01:30,56.78,300,
10:01:30,56.775,100,
10:01:30,56.76,500,
10:01:30,56.76,100,
10:01:30,56.77,100,
10:01:30,56.76,300,
10:01:30,56.76,100,
10:01:30,56.76,100,
10:01:30,56.76,100,
10:01:30,56.76,100,
10:01:30,56.76,100,
10:01:30,56.76,100,
10:01:30,56.76,600,
10:01:30,56.76,400,
10:01:30,56.76,200,
10:01:31,56.76,900,
10:01:31,56.76,277,
10:01:31,56.755,100,
10:01:31,56.76,277,
10:01:31,56.74,300,
10:01:31,56.75,174,
10:01:31,56.74,200,
10:01:31,56.74,100,
10:01:31,56.74,100,
10:01:31,56.74,100,
10:01:31,56.745,300,
10:01:31,56.74,100,
10:01:31,56.74,100,
10:01:31,56.74,100,
10:01:31,56.75,100,
10:01:32,56.74,600,
10:01:32,56.74,323,
10:01:32,56.745,200,
10:01:32,56.74,600,
10:01:32,56.74,500,
10:01:32,56.74,100,
10:01:32,56.74,100,
10:01:32,56.74,100,
10:01:32,56.74,100,
10:01:32,56.74,100,
10:01:33,56.74,100,
10:01:33,56.74,153,
10:01:33,56.74,100,
10:01:33,56.74,100,
10:01:33,56.73,100,
10:01:33,56.73,100,
10:01:33,56.73,100,
10:01:33,56.72,400,
10:01:33,56.72,100,
10:01:33,56.74,100,
10:01:35,56.73,200,
10:01:35,56.73,100,
10:01:35,56.73,300,
10:01:35,56.73,200,
10:01:36,56.73,285,
10:01:36,56.73,600,
10:01:36,56.73,200,
10:01:36,56.73,100,
10:01:36,56.73,300,
10:01:37,56.73,100,
10:01:37,56.73,318,
10:01:37,56.73,100,
10:01:37,56.73,232,
10:01:37,56.73,300,
10:01:37,56.74,455,
10:01:37,56.74,834,
10:01:37,56.74,166,
10:01:37,56.73,100,
10:01:37,56.7493,400,
10:01:37,56.75,300,
10:01:37,56.75,500,
10:01:37,56.75,100,
10:01:37,56.77,1000,
10:01:37,56.77,400,
10:01:37,56.76,1100,
10:01:37,56.76,100,
10:01:37,56.76,1600,
10:01:37,56.76,815,
10:01:37,56.76,300,
10:01:37,56.75,300,
10:01:37,56.77,7200,
10:01:37,56.75,300,
10:01:37,56.75,550,
10:01:37,56.75,300,
10:01:38,56.75,300,
10:01:38,56.74,500,
10:01:38,56.74,200,
10:01:38,56.73,100,
10:01:38,56.73,100,
10:01:38,56.73,186,
10:01:38,56.73,100,
10:01:39,56.74,200,
10:01:40,56.74,100,
10:01:40,56.74,100,
10:01:44,56.74,200,
10:01:44,56.73,1000,
10:01:44,56.73,200,
10:01:44,56.73,550,
10:01:44,56.73,100,
10:01:44,56.73,590,
10:01:44,56.73,150,
10:01:44,56.73,100,
10:01:44,56.73,400,
10:01:44,56.73,100,
10:01:44,56.72,100,
10:01:44,56.72,100,
10:01:44,56.72,1700,
10:01:44,56.72,300,
10:01:44,56.72,500,
10:01:44,56.72,815,
10:01:44,56.72,200,
10:01:44,56.72,100,
10:01:44,56.72,550,
10:01:44,56.73,300,
10:01:44,56.73,200,
10:01:44,56.72,2000,
10:01:45,56.73,500,
10:01:45,56.73,600,
10:01:45,56.73,300,
10:01:45,56.73,200,
10:01:45,56.74,400,
10:01:45,56.75,1000,
10:01:45,56.74,200,
10:01:45,56.74,600,
10:01:45,56.74,300,
10:01:45,56.74,1000,
10:01:45,56.74,100,
10:01:45,56.75,100,
10:01:45,56.75,485,
10:01:45,56.75,150,
10:01:45,56.75,100,
10:01:45,56.75,100,
10:01:45,56.75,100,
10:01:45,56.75,200,
10:01:46,56.75,400,
10:01:46,56.75,238,
10:01:46,56.75,100,
10:01:46,56.75,200,
10:01:48,56.75,400,
10:01:48,56.75,100,
10:01:48,56.75,100,
10:01:49,56.75,200,
10:01:49,56.75,100,
10:01:53,56.75,200,
10:01:53,56.75,100,
10:01:53,56.75,100,
10:01:54,56.75,100,
10:01:56,56.76,100,
10:01:57,56.75,100,
10:01:58,56.74,100,
10:01:58,56.74,100,
10:01:58,56.74,100,
10:01:58,56.74,100,
10:01:58,56.74,1000,
10:01:58,56.74,100,
10:02:01,56.73,100,
10:02:01,56.73,100,
10:02:01,56.73,100,
10:02:01,56.73,200,
10:02:03,56.74,100,
10:02:04,56.74,100,
10:02:06,56.73,400,
10:02:07,56.74,100,
10:02:11,56.71,200,
10:02:11,56.71,200,
10:02:11,56.71,400,
10:02:13,56.71,163,
10:02:13,56.72,150,
10:02:14,56.71,100,
10:02:14,56.71,100,
10:02:14,56.71,100,
10:02:14,56.71,500,
10:02:14,56.71,500,
10:02:14,56.70,300,
10:02:14,56.71,300,
10:02:15,56.71,400,
10:02:15,56.71,257,
10:02:16,56.71,1300,
10:02:16,56.71,300,
10:02:16,56.71,500,
10:02:16,56.71,800,
10:02:16,56.71,100,
10:02:16,56.71,100,
10:02:17,56.70,100,
10:02:17,56.70,400,
10:02:18,56.71,100,
10:02:20,56.7003,300,
10:02:20,56.70,400,
10:02:20,56.71,400,
10:02:21,56.71,100,
10:02:21,56.71,100,
10:02:21,56.71,100,
10:02:21,56.71,100,
10:02:22,56.71,100,
10:02:23,56.71,400,
10:02:23,56.71,100,
10:02:24,56.72,222,
10:02:24,56.72,100,
10:02:25,56.72,222,
10:02:26,56.72,200,
10:02:26,56.72,600,
10:02:27,56.72,100,
10:02:27,56.70,400,
10:02:27,56.70,200,
10:02:27,56.71,600,
10:02:27,56.70,300,
10:02:27,56.70,100,
10:02:27,56.70,271,
10:02:27,56.70,600,
10:02:27,56.70,126,
10:02:27,56.70,1000,
10:02:27,56.70,100,
10:02:27,56.71,600,
10:02:27,56.71,400,
10:02:27,56.71,1000,
10:02:27,56.72,200,
10:02:30,56.70,400,
10:02:30,56.70,600,
10:02:30,56.70,100,
10:02:30,56.70,100,
10:02:32,56.69,300,
10:02:33,56.69,800,
10:02:34,56.69,113,
10:02:34,56.69,600,
10:02:34,56.69,125,
10:02:35,56.69,600,
10:02:35,56.69,600,
10:02:35,56.69,600,
10:02:35,56.70,100,
10:02:35,56.70,600,
10:02:35,56.70,500,
10:02:35,56.70,500,
10:02:35,56.70,700,
10:02:35,56.70,600,
10:02:35,56.70,300,
10:02:35,56.70,400,
10:02:35,56.70,600,
10:02:35,56.70,100,
10:02:35,56.70,475,
10:02:35,56.70,1200,
10:02:35,56.70,400,
10:02:35,56.70,1200,
10:02:35,56.70,800,
10:02:35,56.70,126,
10:02:35,56.70,1200,
10:02:35,56.71,300,
10:02:35,56.71,815,
10:02:35,56.71,200,
10:02:35,56.71,600,
10:02:35,56.71,200,
10:02:35,56.71,400,
10:02:35,56.71,100,
10:02:35,56.71,600,
10:02:35,56.71,2000,
10:02:35,56.71,12200,
10:02:35,56.71,3300,
10:02:35,56.71,500,
10:02:35,56.72,100,
10:02:35,56.71,300,
10:02:35,56.71,100,
10:02:36,56.70,152,
10:02:37,56.69,400,
10:02:37,56.69,100,
10:02:37,56.69,100,
10:02:38,56.69,500,
10:02:38,56.70,400,
10:02:40,56.70,212,
10:02:40,56.71,100,
10:02:40,56.70,400,
10:02:42,56.70,100,
10:02:43,56.71,200,
10:02:45,56.70,200,
10:02:46,56.70,200,
10:02:48,56.70,400,
10:02:48,56.70,100,
10:02:48,56.70,100,
10:02:48,56.70,1000,
10:02:48,56.70,100,
10:02:48,56.70,138,
10:02:48,56.70,500,
10:02:48,56.69,200,
10:02:48,56.69,200,
10:02:50,56.69,100,
10:02:50,56.69,100,
10:02:51,56.689,100,
10:02:51,56.69,600,
10:02:51,56.69,200,
10:02:52,56.69,100,
10:02:53,56.6825,1800,
10:02:53,56.68,500,
10:02:54,56.68,100,
10:02:54,56.68,100,
10:02:57,56.69,200,
10:02:57,56.69,600,
10:02:57,56.69,400,
10:02:57,56.69,600,
10:02:57,56.69,200,
10:02:58,56.68,600,
10:02:58,56.68,1000,
10:02:58,56.68,600,
10:02:58,56.67,1000,
10:02:58,56.67,600,
10:02:58,56.67,500,
10:02:58,56.67,815,
10:02:59,56.67,200,
10:02:59,56.67,348,
10:02:59,56.66,100,
10:02:59,56.66,400,
10:02:59,56.66,1200,
10:02:59,56.69,255,
10:02:59,56.66,600,
10:02:59,56.66,277,
10:03:01,56.65,800,
10:03:01,56.65,1800,
10:03:01,56.65,600,
10:03:01,56.65,400,
10:03:01,56.65,600,
10:03:01,56.64,100,
10:03:01,56.65,700,
10:03:01,56.65,102,
10:03:01,56.65,100,
10:03:01,56.65,200,
10:03:01,56.65,400,
10:03:01,56.65,100,
10:03:01,56.65,600,
10:03:01,56.65,1000,
10:03:01,56.65,200,
10:03:01,56.65,300,
10:03:01,56.65,150,
10:03:02,56.65,253,
10:03:02,56.65,600,
10:03:02,56.65,100,
10:03:02,56.65,200,
10:03:02,56.65,200,
10:03:02,56.66,400,
10:03:04,56.66,291,
10:03:04,56.65,200,
10:03:04,56.65,300,
10:03:04,56.65,100,
10:03:04,56.65,300,
10:03:05,56.65,200,
10:03:05,56.65,100,
10:03:05,56.65,100,
10:03:05,56.64,200,
10:03:05,56.64,600,
10:03:05,56.64,200,
10:03:07,56.64,300,
10:03:07,56.64,600,
10:03:07,56.65,200,
10:03:07,56.65,100,
10:03:07,56.65,200,
10:03:07,56.65,388,
10:03:10,56.64,500,
10:03:12,56.63,100,
10:03:13,56.64,300,
10:03:16,56.65,100,
10:03:16,56.65,200,
10:03:16,56.65,300,
10:03:17,56.64,400,
10:03:17,56.66,100,
10:03:18,56.66,200,
10:03:18,56.66,100,
10:03:18,56.67,100,
10:03:18,56.67,100,
10:03:18,56.67,100,
10:03:18,56.67,300,
10:03:19,56.67,100,
10:03:19,56.67,200,
10:03:19,56.66,600,
10:03:19,56.66,200,
10:03:19,56.66,100,
10:03:19,56.66,500,
10:03:19,56.66,300,
10:03:19,56.66,200,
10:03:19,56.67,700,
10:03:19,56.66,200,
10:03:19,56.66,107,
10:03:19,56.66,160,
10:03:19,56.67,300,
10:03:19,56.66,381,
10:03:19,56.66,500,
10:03:19,56.66,156,
10:03:19,56.67,300,
10:03:19,56.67,200,
10:03:19,56.67,100,
10:03:19,56.67,100,
10:03:19,56.67,300,
10:03:19,56.67,600,
10:03:21,56.68,100,
10:03:21,56.69,600,
10:03:22,56.69,200,
10:03:22,56.6954,150,
10:03:26,56.70,300,
10:03:26,56.70,300,
10:03:26,56.70,200,
10:03:26,56.70,300,
10:03:26,56.70,500,
10:03:26,56.70,300,
10:03:26,56.70,300,
10:03:26,56.70,1500,
10:03:26,56.70,1800,
10:03:26,56.70,8200,
10:03:26,56.70,400,
10:03:26,56.70,1500,
10:03:27,56.70,1300,
10:03:28,56.70,300,
10:03:28,56.69,200,
10:03:29,56.69,100,
10:03:34,56.71,100,
10:03:35,56.71,400,
10:03:35,56.71,100,
10:03:35,56.71,100,
10:03:35,56.71,100,
10:03:35,56.71,400,
10:03:37,56.72,200,
10:03:38,56.71,400,
10:03:39,56.72,100,
10:03:39,56.72,100,
10:03:39,56.72,400,
10:03:39,56.72,100,
10:03:39,56.72,100,
10:03:39,56.7199,100,
10:03:39,56.7199,100,
10:03:41,56.71,313,
10:03:42,56.70,250,
10:03:42,56.70,600,
10:03:42,56.69,300,
10:03:42,56.69,100,
10:03:43,56.719,5000,
10:03:44,56.69,600,
10:03:44,56.69,100,
10:03:48,56.69,240,
10:03:50,56.69,600,
10:03:50,56.68,400,
10:03:51,56.67,600,
10:03:51,56.66,600,
10:03:51,56.66,200,
10:03:53,56.65,502,
10:03:53,56.64,1000,
10:03:53,56.64,100,
10:03:53,56.64,600,
10:03:54,56.6452,484,
10:03:54,56.64,500,
10:03:55,56.64,200,
10:03:55,56.64,400,
10:03:55,56.64,300,
10:03:55,56.64,100,
10:03:56,56.63,100,
10:03:56,56.63,300,
10:03:57,56.64,200,
10:03:58,56.65,300,
10:03:58,56.65,600,
10:03:58,56.65,400,
10:04:00,56.65,100,
10:04:00,56.65,400,
10:04:02,56.63,302,
10:04:02,56.63,298,
10:04:02,56.62,113,
10:04:02,56.62,100,
10:04:02,56.62,1000,
10:04:02,56.62,1000,
10:04:03,56.62,100,
10:04:04,56.63,100,
10:04:06,56.62,200,
10:04:06,56.62,200,
10:04:06,56.62,100,
10:04:06,56.62,300,
10:04:07,56.62,100,
10:04:07,56.62,300,
10:04:07,56.62,100,
10:04:07,56.62,300,
10:04:07,56.62,100,
10:04:08,56.61,100,
10:04:11,56.6194,300,
10:04:11,56.6194,400,
10:04:11,56.6195,200,
10:04:11,56.6195,100,
10:04:11,56.6196,200,
10:04:11,56.6197,200,
10:04:11,56.619,3300,
10:04:11,56.61,100,
10:04:11,56.61,300,
10:04:11,56.61,600,
10:04:11,56.61,200,
10:04:11,56.61,106,
10:04:12,56.60,245,
10:04:12,56.604,1500,
10:04:12,56.58,600,
10:04:12,56.58,400,
10:04:12,56.58,400,
10:04:13,56.59,300,
10:04:13,56.5899,2000,
10:04:13,56.59,183,
10:04:13,56.59,117,
10:04:15,56.60,100,
10:04:15,56.59,600,
10:04:15,56.60,600,
10:04:15,56.59,100,
10:04:16,56.60,400,
10:04:16,56.60,493,
10:04:17,56.61,563,
10:04:17,56.61,200,
10:04:17,56.61,100,
10:04:17,56.61,100,
10:04:17,56.61,100,
10:04:17,56.61,100,
10:04:18,56.60,300,
10:04:18,56.60,300,
10:04:18,56.60,300,
10:04:18,56.60,1000,
10:04:18,56.60,1000,
10:04:18,56.60,500,
10:04:18,56.60,300,
10:04:19,56.60,600,
10:04:20,56.60,100,
10:04:20,56.59,600,
10:04:21,56.60,400,
10:04:21,56.60,400,
10:04:21,56.60,1200,
10:04:22,56.60,800,
10:04:22,56.60,600,
10:04:22,56.60,294,
10:04:22,56.60,100,
10:04:23,56.59,600,
10:04:23,56.59,100,
10:04:24,56.59,200,
10:04:24,56.5914,400,
10:04:24,56.59,400,
10:04:24,56.59,100,
10:04:24,56.5901,500,
10:04:25,56.59,1000,
10:04:25,56.59,600,
10:04:26,56.59,100,
10:04:27,56.59,200,
10:04:27,56.59,400,
10:04:27,56.59,100,
10:04:27,56.59,1000,
10:04:27,56.59,300,
10:04:27,56.58,400,
10:04:27,56.58,100,
10:04:27,56.58,195,
10:04:27,56.58,400,
10:04:27,56.58,100,
10:04:27,56.58,100,
10:04:27,56.58,400,
10:04:27,56.58,100,
10:04:27,56.58,200,
10:04:27,56.58,700,
10:04:27,56.58,100,
10:04:29,56.58,100,
10:04:29,56.58,198,
10:04:29,56.58,300,
10:04:29,56.58,600,
10:04:30,56.58,3100,
10:04:30,56.59,100,
10:04:30,56.59,1700,
10:04:30,56.58,200,
10:04:30,56.59,600,
10:04:31,56.59,100,
10:04:31,56.59,400,
10:04:33,56.60,400,
10:04:33,56.60,600,
10:04:37,56.61,100,
10:04:39,56.61,308,
10:04:39,56.60,400,
10:04:39,56.60,200,
10:04:39,56.60,100,
10:04:39,56.61,500,
10:04:42,56.59,600,
10:04:43,56.60,400,
10:04:43,56.60,100,
10:04:43,56.60,1000,
10:04:44,56.58,600,
10:04:46,56.59,100,
10:04:46,56.59,400,
10:04:46,56.59,300,
10:04:46,56.58,8834,
10:04:46,56.59,100,
10:04:48,56.59,200,
10:04:49,56.59,1000,
10:04:50,56.60,300,
10:04:50,56.60,100,
10:04:50,56.60,100,
10:04:51,56.5941,400,
10:04:51,56.5949,200,
10:04:51,56.5986,400,
10:04:51,56.5988,200,
10:04:51,56.5988,300,
10:04:51,56.5989,100,
10:04:51,56.5994,600,
10:04:51,56.599,2000,
10:04:52,56.599,800,
10:04:52,56.60,100,
10:04:52,56.60,100,
10:04:53,56.60,300,
10:04:53,56.599,100,
10:04:53,56.59,200,
10:04:54,56.59,200,
10:04:54,56.59,200,
10:04:54,56.59,100,
10:04:54,56.59,100,
10:04:54,56.59,300,
10:04:54,56.60,400,
10:04:54,56.61,109,
10:04:55,56.601,200,
10:04:55,56.599,400,
10:04:56,56.61,156,
10:04:56,56.61,400,
10:04:57,56.62,326,
10:04:57,56.61,200,
10:04:57,56.61,1000,
10:04:57,56.61,1000,
10:04:57,56.61,400,
10:04:57,56.61,300,
10:04:57,56.61,200,
10:04:57,56.61,1200,
10:04:59,56.61,300,
10:04:59,56.61,300,
10:05:00,56.61,300,
10:05:01,56.60,400,
10:05:02,56.61,100,
10:05:04,56.60,600,
10:05:04,56.59,400,
10:05:04,56.59,182,
10:05:04,56.59,375,
10:05:04,56.58,200,
10:05:05,56.60,100,
10:05:06,56.59,563,
10:05:06,56.59,200,
10:05:06,56.59,300,
10:05:06,56.59,224,
10:05:06,56.59,600,
10:05:06,56.59,113,
10:05:07,56.60,700,
10:05:07,56.60,300,
10:05:07,56.60,100,
10:05:07,56.60,500,
10:05:07,56.60,500,
10:05:07,56.60,300,
10:05:07,56.59,100,
10:05:08,56.59,400,
10:05:08,56.58,100,
10:05:08,56.58,200,
10:05:08,56.58,200,
10:05:08,56.58,400,
10:05:08,56.58,200,
10:05:08,56.58,200,
10:05:08,56.57,100,
10:05:08,56.57,500,
10:05:08,56.57,400,
10:05:08,56.57,400,
10:05:08,56.56,100,
10:05:08,56.56,197,
10:05:08,56.56,300,
10:05:08,56.56,200,
10:05:08,56.56,1200,
10:05:09,56.56,100,
10:05:09,56.56,100,
10:05:09,56.56,100,
10:05:09,56.56,100,
10:05:09,56.55,100,
10:05:09,56.55,400,
10:05:09,56.55,500,
10:05:09,56.55,150,
10:05:10,56.55,100,
10:05:11,56.554,200,
10:05:11,56.55,200,
10:05:11,56.54,600,
10:05:11,56.54,600,
10:05:12,56.54,300,
10:05:12,56.53,400,
10:05:12,56.53,600,
10:05:13,56.53,600,
10:05:13,56.53,100,
10:05:13,56.53,100,
10:05:13,56.53,100,
10:05:13,56.53,400,
10:05:13,56.53,100,
10:05:13,56.53,1000,
10:05:13,56.53,400,
10:05:13,56.53,1000,
10:05:13,56.53,400,
10:05:13,56.53,100,
10:05:13,56.53,100,
10:05:13,56.53,200,
10:05:14,56.53,400,
10:05:14,56.53,400,
10:05:14,56.53,919,
10:05:15,56.5317,400,
10:05:16,56.54,400,
10:05:16,56.54,600,
10:05:16,56.545,500,
10:05:16,56.545,400,
10:05:16,56.545,500,
10:05:16,56.55,100,
10:05:16,56.545,200,
10:05:17,56.55,200,
10:05:17,56.55,600,
10:05:17,56.54,197,
10:05:17,56.54,800,
10:05:17,56.54,100,
10:05:17,56.55,600,
10:05:19,56.54,123,
10:05:20,56.54,400,
10:05:20,56.5399,500,
10:05:21,56.55,400,
10:05:22,56.54,400,
10:05:22,56.541,1500,
10:05:22,56.541,1400,
10:05:22,56.53,3600,
10:05:23,56.55,600,
10:05:24,56.55,300,
10:05:27,56.57,300,
