09:30:00,56.4801,200,
09:30:00,56.48,100,
09:30:00,56.48,120,
09:30:00,56.48,400,
09:30:00,56.48,330,
09:30:00,56.48,400,
09:30:00,56.48,400,
09:30:00,56.48,200,
09:30:01,56.49,140,
09:30:01,56.49,200,
09:30:01,56.49,1000,
09:30:01,56.49,3500,
09:30:01,56.49,440,
09:30:01,56.49,150,
09:30:01,56.49,200,
09:30:01,56.49,700,
09:30:01,56.49,500,
09:30:01,56.49,200,
09:30:01,56.49,140,
09:30:01,56.49,375,
09:30:01,56.49,380,
09:30:01,56.49,371,
09:30:01,56.49,200,
09:30:01,56.49,440,
09:30:01,56.49,132,
09:30:01,56.49,100,
09:30:01,56.49,100,
09:30:01,56.49,500,
09:30:01,56.49,175,
09:30:01,56.49,350,
09:30:01,56.49,1000,
09:30:01,56.49,200,
09:30:01,56.49,7500,
09:30:01,56.49,3500,
09:30:01,56.49,100,
09:30:01,56.49,100,
09:30:01,56.49,400,
09:30:01,56.49,400,
09:30:01,56.49,3000,
09:30:01,56.49,100,
09:30:01,56.49,1484,
09:30:01,56.49,2000,
09:30:01,56.49,500,
09:30:01,56.49,100,
09:30:01,56.49,490,
09:30:01,56.49,1760,
09:30:01,56.49,100,
09:30:01,56.49,125,
09:30:01,56.49,100,
09:30:01,56.49,3300,
09:30:01,56.49,1000,
09:30:01,56.49,100,
09:30:01,56.49,8500,
09:30:01,56.49,124,
09:30:01,56.49,100,
09:30:01,56.49,343,
09:30:01,56.49,300,
09:30:01,56.49,585,
09:30:01,56.49,2378,
09:30:01,56.49,100,
09:30:01,56.49,800,
09:30:01,56.49,800,
09:30:01,56.49,300,
09:30:01,56.49,1000,
09:30:01,56.49,298,
09:30:01,56.49,101,
09:30:01,56.49,860,
09:30:01,56.49,500,
09:30:01,56.49,2247,
09:30:01,56.49,150,
09:30:01,56.49,100,
09:30:01,56.49,315,
09:30:01,56.49,620,
09:30:01,56.49,125,
09:30:01,56.49,200,
09:30:01,56.49,105,
09:30:01,56.49,325,
09:30:01,56.49,250,
09:30:01,56.48,500,
09:30:01,56.48,100,
09:30:01,56.49,100,
09:30:02,56.48,400,
09:30:02,56.48,500,
09:30:02,56.48,500,
09:30:02,56.48,200,
09:30:02,56.48,200,
09:30:02,56.49,4015,
09:30:02,56.49,400,
09:30:02,56.49,584,
09:30:03,56.48,300,
09:30:03,56.48,200,
09:30:04,56.48,500,
09:30:04,56.48,100,
09:30:04,56.48,200,
09:30:05,56.48,400,
09:30:05,56.48,200,
09:30:05,56.48,400,
09:30:05,56.48,400,
09:30:05,56.48,500,
09:30:05,56.48,200,
09:30:05,56.48,400,
09:30:06,56.48,300,
09:30:06,56.48,400,
09:30:06,56.48,100,
09:30:06,56.48,200,
09:30:06,56.48,200,
09:30:07,56.47,500,
09:30:07,56.47,400,
09:30:07,56.47,500,
09:30:07,56.47,200,
09:30:07,56.47,400,
09:30:07,56.47,500,
09:30:08,56.47,200,
09:30:08,56.47,500,
09:30:08,56.47,500,
09:30:08,56.47,500,
09:30:08,56.47,200,
09:30:10,56.46,150,
09:30:10,56.46,100,
09:30:10,56.47,110,
09:30:10,56.46,200,
09:30:10,56.46,100,
09:30:11,56.47,500,
09:30:11,56.47,400,
09:30:11,56.46,5000,
09:30:12,56.46,180,
09:30:12,56.45,100,
09:30:12,56.4816,300,
09:30:13,56.46,400,
09:30:13,56.46,400,
09:30:15,56.45,550,
09:30:15,56.45,2000,
09:30:15,56.45,400,
09:30:15,56.45,100,
09:30:15,56.46,165,
09:30:15,56.46,165,
09:30:15,56.46,474,
09:30:15,56.46,200,
09:30:15,56.45,100,
09:30:15,56.46,100,
09:30:15,56.46,100,
09:30:15,56.46,200,
09:30:15,56.46,100,
09:30:15,56.46,100,
09:30:15,56.45,200,
09:30:16,56.45,3800,
09:30:16,56.45,200,
09:30:16,56.45,400,
09:30:17,56.45,200,
09:30:17,56.46,300,
09:30:17,56.46,300,
09:30:17,56.45,200,
09:30:17,56.45,100,
09:30:17,56.45,180,
09:30:19,56.45,3200,
09:30:19,56.45,2085,
09:30:20,56.45,200,
09:30:21,56.44,100,
09:30:21,56.45,200,
09:30:21,56.44,200,
09:30:22,56.44,4509,
09:30:22,56.45,400,
09:30:22,56.45,200,
09:30:22,56.45,500,
09:30:22,56.45,400,
09:30:23,56.44,100,
09:30:24,56.45,500,
09:30:24,56.46,400,
09:30:24,56.46,500,
09:30:24,56.46,500,
09:30:24,56.4514,500,
09:30:25,56.45,200,
09:30:25,56.46,500,
09:30:25,56.46,400,
09:30:25,56.46,400,
09:30:25,56.46,400,
09:30:25,56.46,400,
09:30:25,56.46,2300,
09:30:25,56.47,400,
09:30:25,56.46,100,
09:30:26,56.46,200,
09:30:26,56.47,200,
09:30:28,56.46,1812,
09:30:29,56.45,500,
09:30:30,56.47,400,
09:30:30,56.47,400,
09:30:30,56.47,1017,
09:30:30,56.48,1400,
09:30:30,56.48,200,
09:30:32,56.48,100,
09:30:32,56.48,100,
09:30:33,56.47,200,
09:30:33,56.47,200,
09:30:33,56.47,160,
09:30:35,56.4716,900,
09:30:37,56.48,200,
09:30:38,56.47,200,
09:30:38,56.47,500,
09:30:38,56.47,300,
09:30:38,56.47,100,
09:30:41,56.47,100,
09:30:41,56.47,383,
09:30:46,56.47,370,
09:30:46,56.47,387,
09:30:46,56.47,213,
09:30:46,56.47,400,
09:30:46,56.47,400,
09:30:48,56.45,300,
09:30:48,56.45,2000,
09:30:48,56.45,100,
09:30:48,56.46,300,
09:30:48,56.46,200,
09:30:48,56.46,500,
09:30:48,56.46,100,
09:30:48,56.46,500,
09:30:48,56.46,161,
09:30:48,56.45,1400,
09:30:50,56.46,300,
09:30:50,56.46,1500,
09:30:52,56.46,500,
09:30:52,56.46,500,
09:30:52,56.46,200,
09:30:54,56.47,800,
09:30:55,56.47,1100,
09:30:58,56.4699,240,
09:31:00,56.4663,200,
09:31:00,56.4663,300,
09:31:02,56.46,100,
09:31:02,56.46,100,
09:31:05,56.45,500,
09:31:07,56.46,100,
09:31:09,56.44,500,
09:31:09,56.44,100,
09:31:09,56.44,100,
09:31:09,56.44,200,
09:31:09,56.44,200,
09:31:10,56.44,300,
09:31:12,56.45,100,
09:31:12,56.45,235,
09:31:12,56.45,500,
09:31:12,56.45,100,
09:31:13,56.45,3200,
09:31:14,56.45,100,
09:31:16,56.44,100,
09:31:16,56.44,500,
09:31:16,56.44,200,
09:31:17,56.44,100,
09:31:17,56.44,100,
09:31:18,56.4401,2000,
09:31:18,56.43,200,
09:31:18,56.43,200,
09:31:22,56.45,100,
09:31:23,56.44,200,
09:31:27,56.44,100,
09:31:27,56.44,500,
09:31:27,56.44,200,
09:31:29,56.4499,200,
09:31:29,56.4499,400,
09:31:29,56.45,300,
09:31:29,56.4499,300,
09:31:29,56.45,100,
09:31:31,56.45,100,
09:31:32,56.45,1500,
09:31:32,56.45,100,
09:31:34,56.45,100,
09:31:37,56.46,100,
09:31:38,56.47,1655,
09:31:40,56.47,1445,
09:31:41,56.484,600,
09:31:43,56.49,200,
09:31:43,56.49,500,
09:31:43,56.48,100,
09:31:43,56.48,200,
09:31:44,56.4986,500,
09:31:47,56.50,100,
09:31:47,56.50,100,
09:31:47,56.50,701,
09:31:47,56.50,300,
09:31:47,56.50,178,
09:31:49,56.50,100,
09:31:49,56.50,100,
09:31:49,56.50,200,
09:31:49,56.50,100,
09:31:49,56.50,200,
09:31:49,56.51,300,
09:31:49,56.51,500,
09:31:49,56.51,500,
09:31:49,56.52,500,
09:31:49,56.52,200,
09:31:49,56.52,100,
09:31:50,56.5179,100,
09:31:51,56.52,200,
09:31:52,56.51,100,
09:31:52,56.51,100,
09:31:54,56.51,100,
09:31:55,56.52,100,
09:31:55,56.52,100,
09:31:55,56.52,300,
09:31:57,56.52,100,
09:32:00,56.53,200,
09:32:01,56.54,500,
09:32:01,56.54,100,
09:32:02,56.55,100,
09:32:03,56.545,100,
09:32:05,56.55,200,
09:32:05,56.55,1800,
09:32:06,56.56,500,
09:32:07,56.56,108,
09:32:09,56.57,2100,
09:32:11,56.565,100,
09:32:12,56.57,100,
09:32:13,56.57,100,
09:32:13,56.56,200,
09:32:13,56.56,100,
09:32:13,56.56,200,
09:32:14,56.55,100,
09:32:14,56.55,100,
09:32:14,56.55,100,
09:32:14,56.555,100,
09:32:15,56.545,100,
09:32:15,56.53,1630,
09:32:15,56.53,300,
09:32:15,56.53,100,
09:32:15,56.53,100,
09:32:15,56.53,400,
09:32:16,56.539,300,
09:32:17,56.54,200,
09:32:17,56.526,500,
09:32:21,56.52,100,
09:32:22,56.52,100,
09:32:22,56.52,200,
09:32:22,56.52,100,
09:32:24,56.51,100,
09:32:24,56.525,100,
09:32:25,56.504,1500,
09:32:28,56.51,200,
09:32:29,56.515,100,
09:32:29,56.51,100,
09:32:29,56.515,100,
09:32:30,56.50,200,
09:32:32,56.51,100,
09:32:33,56.51,100,
09:32:33,56.52,100,
09:32:33,56.52,200,
09:32:33,56.52,242,
09:32:37,56.53,149,
09:32:37,56.53,100,
09:32:37,56.53,200,
09:32:40,56.54,2600,
09:32:41,56.55,184,
09:32:41,56.555,100,
09:32:43,56.55,100,
09:32:43,56.555,200,
09:32:45,56.55,100,
09:32:45,56.55,100,
09:32:46,56.54,100,
09:32:46,56.53,600,
09:32:47,56.55,100,
09:32:47,56.55,100,
09:32:49,56.54,100,
09:32:49,56.54,300,
09:32:49,56.545,100,
09:32:50,56.53,100,
09:32:52,56.52,100,
09:32:56,56.52,100,
09:32:56,56.52,261,
09:32:56,56.525,100,
09:32:59,56.52,192,
09:33:04,56.52,100,
09:33:04,56.52,100,
09:33:04,56.53,200,
09:33:04,56.54,500,
09:33:04,56.54,200,
09:33:06,56.55,200,
09:33:06,56.55,400,
09:33:06,56.55,400,
09:33:12,56.56,100,
09:33:14,56.57,100,
09:33:15,56.564,550,
09:33:18,56.58,1100,
09:33:18,56.58,200,
09:33:18,56.58,600,
09:33:19,56.57,200,
09:33:19,56.57,100,
09:33:19,56.57,200,
09:33:19,56.57,300,
09:33:19,56.575,100,
09:33:19,56.57,100,
09:33:19,56.57,300,
09:33:19,56.56,200,
09:33:21,56.57,157,
09:33:21,56.56,200,
09:33:21,56.56,100,
09:33:21,56.5799,400,
09:33:22,56.57,100,
09:33:24,56.5705,750,
09:33:26,56.57,100,
09:33:27,56.5795,1000,
09:33:27,56.57,100,
09:33:27,56.575,100,
09:33:27,56.57,500,
09:33:28,56.57,100,
09:33:28,56.57,100,
09:33:28,56.575,200,
09:33:29,56.57,100,
09:33:29,56.565,200,
09:33:29,56.561,800,
09:33:30,56.58,1000,
09:33:31,56.56,200,
09:33:31,56.56,100,
09:33:31,56.56,300,
09:33:31,56.56,100,
09:33:32,56.55,200,
09:33:33,56.56,100,
09:33:33,56.55,100,
09:33:33,56.55,200,
09:33:33,56.55,100,
09:33:33,56.55,100,
09:33:33,56.55,200,
09:33:34,56.54,200,
09:33:34,56.53,200,
09:33:37,56.55,100,
09:33:38,56.54,100,
09:33:39,56.55,100,
09:33:41,56.56,300,
09:33:41,56.56,300,
09:33:42,56.57,200,
09:33:42,56.57,200,
09:33:42,56.57,420,
09:33:42,56.57,100,
09:33:43,56.57,162,
09:33:43,56.57,100,
09:33:44,56.565,200,
09:33:44,56.565,100,
09:33:44,56.565,100,
09:33:44,56.565,100,
09:33:44,56.56,100,
09:33:45,56.55,400,
09:33:45,56.55,100,
09:33:49,56.56,100,
09:33:49,56.56,200,
09:33:49,56.55,200,
09:33:49,56.555,100,
09:33:51,56.55,700,
09:33:52,56.56,100,
09:33:53,56.56,100,
09:33:55,56.56,100,
09:33:57,56.56,100,
09:33:57,56.55,200,
09:33:58,56.56,2280,
09:33:59,56.5616,500,
09:33:59,56.5616,300,
09:33:59,56.5601,1000,
09:34:00,56.57,200,
09:34:00,56.57,2600,
09:34:01,56.56,100,
09:34:02,56.569,200,
09:34:02,56.57,1200,
09:34:02,56.57,200,
09:34:03,56.56,100,
09:34:04,56.57,100,
09:34:06,56.56,100,
09:34:06,56.56,100,
09:34:06,56.56,400,
09:34:07,56.56,200,
09:34:08,56.55,300,
09:34:09,56.55,100,
09:34:09,56.54,100,
09:34:11,56.54,200,
09:34:11,56.54,300,
09:34:11,56.54,200,
09:34:11,56.54,230,
09:34:12,56.55,500,
09:34:12,56.54,100,
09:34:14,56.56,100,
09:34:15,56.57,200,
09:34:18,56.56,200,
09:34:19,56.56,100,
09:34:19,56.56,100,
09:34:19,56.56,100,
09:34:19,56.56,100,
09:34:19,56.56,100,
09:34:19,56.56,100,
09:34:19,56.56,100,
09:34:19,56.56,100,
09:34:19,56.567,440,
09:34:19,56.56,100,
09:34:19,56.56,100,
09:34:20,56.57,4418,
09:34:22,56.55,200,
09:34:23,56.54,400,
09:34:23,56.55,100,
09:34:24,56.56,100,
09:34:24,56.56,200,
09:34:25,56.57,200,
09:34:26,56.58,500,
09:34:26,56.58,200,
09:34:27,56.58,300,
09:34:27,56.5875,400,
09:34:28,56.59,1700,
09:34:28,56.59,400,
09:34:28,56.58,182,
09:34:29,56.59,5000,
09:34:30,56.58,500,
09:34:30,56.58,182,
09:34:30,56.57,150,
09:34:30,56.57,200,
09:34:30,56.57,200,
09:34:30,56.57,200,
09:34:30,56.57,600,
09:34:30,56.58,200,
09:34:30,56.57,300,
09:34:32,56.57,100,
09:34:32,56.56,200,
09:34:33,56.57,100,
09:34:33,56.57,130,
09:34:33,56.57,200,
09:34:37,56.57,148,
09:34:38,56.57,300,
09:34:38,56.56,100,
09:34:42,56.56,100,
09:34:46,56.58,100,
09:34:48,56.58,100,
09:34:52,56.59,100,
09:34:52,56.59,500,
09:34:54,56.58,100,
09:34:55,56.58,5000,
09:34:56,56.59,500,
09:34:56,56.59,689,
09:34:58,56.60,100,
09:35:00,56.60,1860,
09:35:00,56.60,249,
09:35:00,56.60,211,
09:35:00,56.60,3400,
09:35:00,56.61,200,
09:35:00,56.61,200,
09:35:00,56.60,400,
09:35:01,56.61,100,
09:35:01,56.61,100,
09:35:01,56.60,200,
09:35:01,56.61,400,
09:35:02,56.61,100,
09:35:03,56.62,100,
09:35:04,56.62,400,
09:35:04,56.62,200,
09:35:04,56.62,200,
09:35:04,56.62,100,
09:35:05,56.6201,100,
09:35:06,56.62,200,
09:35:06,56.62,100,
09:35:06,56.63,100,
09:35:06,56.63,200,
09:35:06,56.6299,200,
09:35:06,56.6299,100,
09:35:06,56.62,100,
09:35:07,56.63,600,
09:35:07,56.63,200,
09:35:07,56.634,500,
09:35:07,56.63,600,
09:35:07,56.63,200,
09:35:07,56.63,200,
09:35:07,56.63,100,
09:35:07,56.63,200,
09:35:07,56.62,300,
09:35:08,56.62,100,
09:35:11,56.61,100,
09:35:11,56.60,300,
09:35:13,56.60,200,
09:35:13,56.60,100,
09:35:13,56.60,200,
09:35:13,56.60,2400,
09:35:13,56.60,400,
09:35:13,56.60,325,
09:35:13,56.60,136,
09:35:14,56.60,200,
09:35:14,56.60,400,
09:35:18,56.60,100,
09:35:19,56.61,1100,
09:35:19,56.61,200,
09:35:19,56.61,200,
09:35:21,56.60,100,
09:35:21,56.60,100,
09:35:21,56.60,100,
09:35:21,56.60,200,
09:35:21,56.60,100,
09:35:21,56.60,400,
09:35:21,56.60,500,
09:35:21,56.60,200,
09:35:21,56.60,100,
09:35:21,56.60,100,
09:35:21,56.60,140,
09:35:21,56.60,200,
09:35:22,56.59,300,
09:35:22,56.59,200,
09:35:23,56.58,100,
09:35:23,56.58,200,
09:35:23,56.57,300,
09:35:23,56.58,100,
09:35:23,56.58,200,
09:35:23,56.58,200,
09:35:23,56.58,200,
09:35:24,56.57,200,
09:35:24,56.57,100,
09:35:27,56.57,200,
09:35:27,56.57,400,
09:35:27,56.57,100,
09:35:27,56.56,122,
09:35:27,56.56,300,
09:35:28,56.57,100,
09:35:29,56.56,200,
09:35:29,56.56,900,
09:35:30,56.559,3300,
09:35:30,56.56,146,
09:35:30,56.56,600,
09:35:32,56.5501,2000,
09:35:32,56.56,200,
09:35:33,56.56,4100,
09:35:33,56.57,100,
09:35:34,56.57,100,
09:35:35,56.59,600,
09:35:36,56.59,100,
09:35:37,56.59,100,
09:35:37,56.58,200,
09:35:37,56.58,200,
09:35:37,56.58,100,
09:35:37,56.58,100,
09:35:37,56.58,2400,
09:35:38,56.58,100,
09:35:38,56.58,200,
09:35:38,56.58,100,
09:35:38,56.58,200,
09:35:43,56.58,100,
09:35:44,56.58,100,
09:35:48,56.57,100,
09:35:48,56.57,100,
09:35:48,56.56,600,
09:35:49,56.56,600,
09:35:50,56.56,600,
09:35:50,56.56,200,
09:35:50,56.56,18300,
09:35:50,56.56,1630,
09:35:50,56.56,300,
09:35:50,56.56,400,
09:35:50,56.56,200,
09:35:50,56.56,400,
09:35:50,56.56,600,
09:35:50,56.56,100,
09:35:50,56.55,100,
09:35:51,56.5409,100,
09:35:51,56.55,180,
09:35:51,56.55,600,
09:35:54,56.55,100,
09:35:54,56.55,200,
09:35:55,56.55,200,
09:35:58,56.55,100,
09:35:59,56.53,200,
09:36:00,56.52,100,
09:36:00,56.52,300,
09:36:00,56.52,100,
09:36:00,56.52,200,
09:36:01,56.51,800,
09:36:01,56.51,700,
09:36:02,56.536,150,
09:36:04,56.53,100,
09:36:05,56.53,600,
09:36:05,56.53,600,
09:36:06,56.53,148,
09:36:06,56.53,100,
09:36:06,56.53,100,
09:36:07,56.53,177,
09:36:07,56.53,400,
09:36:07,56.53,200,
09:36:09,56.52,8900,
09:36:10,56.52,200,
09:36:10,56.52,500,
09:36:10,56.51,300,
09:36:10,56.51,400,
09:36:10,56.51,300,
09:36:11,56.50,400,
09:36:11,56.50,100,
09:36:12,56.51,200,
09:36:14,56.51,100,
09:36:14,56.50,200,
09:36:14,56.50,100,
09:36:14,56.50,384,
09:36:14,56.50,100,
09:36:14,56.50,500,
09:36:15,56.51,200,
09:36:15,56.51,400,
09:36:15,56.52,600,
09:36:16,56.52,600,
09:36:17,56.52,200,
09:36:17,56.52,100,
09:36:17,56.52,200,
09:36:21,56.52,369,
09:36:23,56.52,200,
09:36:25,56.51,100,
09:36:25,56.51,200,
09:36:25,56.50,100,
09:36:27,56.50,500,
09:36:27,56.50,500,
09:36:28,56.50,100,
09:36:29,56.50,198,
09:36:29,56.50,300,
09:36:29,56.50,300,
09:36:30,56.50,100,
09:36:30,56.50,4250,
09:36:31,56.5016,900,
09:36:33,56.50,200,
09:36:34,56.50,100,
09:36:37,56.49,290,
09:36:37,56.49,200,
09:36:37,56.49,200,
09:36:37,56.49,1090,
09:36:37,56.49,200,
09:36:38,56.50,200,
09:36:39,56.50,600,
09:36:42,56.50,100,
09:36:43,56.51,200,
09:36:43,56.51,403,
09:36:43,56.51,300,
09:36:43,56.51,100,
09:36:46,56.51,100,
09:36:46,56.50,100,
09:36:47,56.51,100,
09:36:47,56.51,500,
09:36:47,56.51,500,
09:36:48,56.51,100,
09:36:50,56.51,600,
09:36:50,56.51,171,
09:36:50,56.51,300,
09:36:50,56.51,1600,
09:36:50,56.51,100,
09:36:50,56.50,400,
09:36:51,56.50,200,
09:36:51,56.50,600,
09:36:51,56.49,200,
09:36:53,56.50,100,
09:36:53,56.49,200,
09:36:53,56.49,100,
09:36:53,56.49,100,
09:36:53,56.49,100,
09:36:53,56.49,100,
09:36:53,56.49,200,
09:36:53,56.49,100,
09:36:53,56.49,800,
09:36:53,56.49,1400,
09:36:53,56.49,100,
09:36:54,56.49,100,
09:36:54,56.49,200,
09:36:54,56.49,200,
09:36:55,56.49,300,
09:36:55,56.49,500,
09:36:56,56.49,100,
09:36:57,56.49,100,
09:36:58,56.49,200,
09:37:00,56.49,100,
09:37:00,56.49,200,
09:37:01,56.48,500,
09:37:01,56.48,200,
09:37:01,56.48,400,
09:37:01,56.48,500,
09:37:01,56.48,600,
09:37:01,56.47,100,
09:37:02,56.48,200,
09:37:03,56.48,500,
09:37:03,56.48,200,
09:37:04,56.48,1000,
09:37:04,56.48,100,
09:37:04,56.48,400,
09:37:04,56.48,1200,
09:37:04,56.48,470,
09:37:05,56.47,113,
09:37:05,56.47,300,
09:37:05,56.46,1000,
09:37:05,56.46,500,
09:37:05,56.46,100,
09:37:06,56.47,100,
09:37:06,56.47,100,
09:37:06,56.462,200,
09:37:07,56.47,200,
09:37:08,56.47,200,
09:37:08,56.47,200,
09:37:09,56.47,500,
09:37:09,56.47,100,
09:37:12,56.47,1000,
09:37:12,56.47,500,
09:37:12,56.48,200,
09:37:12,56.48,200,
09:37:13,56.48,100,
09:37:13,56.48,200,
09:37:14,56.49,200,
09:37:15,56.49,100,
09:37:15,56.49,300,
09:37:15,56.49,400,
09:37:15,56.49,200,
09:37:15,56.49,400,
09:37:15,56.49,300,
09:37:15,56.49,700,
09:37:15,56.49,300,
09:37:15,56.49,100,
09:37:15,56.49,400,
09:37:16,56.49,500,
09:37:16,56.49,300,
09:37:16,56.49,200,
09:37:16,56.49,100,
09:37:18,56.4997,200,
09:37:18,56.4997,200,
09:37:18,56.4997,400,
09:37:18,56.4998,200,
09:37:18,56.4998,300,
09:37:18,56.4998,200,
09:37:18,56.4998,200,
09:37:18,56.4998,200,
09:37:18,56.49,200,
09:37:18,56.49,200,
09:37:18,56.49,400,
09:37:18,56.49,438,
09:37:18,56.4998,300,
09:37:18,56.4998,300,
09:37:18,56.4998,200,
09:37:18,56.48,300,
09:37:18,56.48,200,
09:37:18,56.48,400,
09:37:18,56.48,500,
09:37:18,56.49,9000,
09:37:21,56.47,300,
09:37:22,56.4798,200,
09:37:22,56.4798,300,
09:37:22,56.4798,300,
09:37:22,56.4798,200,
09:37:22,56.4798,300,
09:37:22,56.4798,200,
09:37:22,56.4799,400,
09:37:22,56.4799,200,
09:37:22,56.4799,200,
09:37:22,56.48,300,
09:37:22,56.47,100,
09:37:22,56.47,100,
09:37:22,56.47,200,
09:37:22,56.46,300,
09:37:23,56.46,100,
09:37:23,56.46,300,
09:37:23,56.46,600,
09:37:23,56.46,100,
09:37:24,56.45,300,
09:37:24,56.45,300,
09:37:24,56.45,400,
09:37:24,56.45,400,
09:37:24,56.45,114,
09:37:24,56.45,100,
09:37:24,56.45,100,
09:37:24,56.45,156,
09:37:24,56.45,200,
09:37:25,56.45,100,
09:37:25,56.45,200,
09:37:25,56.45,200,
09:37:26,56.45,100,
09:37:26,56.45,500,
09:37:26,56.4499,1700,
09:37:27,56.44,200,
09:37:27,56.45,1000,
09:37:28,56.45,100,
09:37:30,56.4599,3000,
09:37:30,56.44,400,
09:37:30,56.45,600,
09:37:30,56.44,100,
09:37:31,56.44,470,
09:37:31,56.44,400,
09:37:31,56.44,2000,
09:37:31,56.44,200,
09:37:32,56.45,100,
09:37:33,56.45,500,
09:37:34,56.4513,1000,
09:37:35,56.46,600,
09:37:37,56.45,600,
09:37:37,56.45,100,
09:37:37,56.45,200,
09:37:38,56.45,100,
09:37:41,56.454,200,
09:37:41,56.46,300,
09:37:42,56.46,100,
09:37:42,56.47,200,
09:37:44,56.47,200,
09:37:44,56.47,300,
09:37:44,56.47,200,
09:37:44,56.47,200,
09:37:44,56.47,400,
09:37:44,56.47,100,
09:37:44,56.47,100,
09:37:44,56.46,200,
09:37:46,56.47,600,
09:37:46,56.47,200,
09:37:46,56.47,100,
09:37:47,56.48,100,
09:37:47,56.48,475,
09:37:48,56.48,200,
09:37:49,56.49,213,
09:37:49,56.49,100,
09:37:49,56.49,3000,
09:37:49,56.49,100,
09:37:51,56.49,100,
09:37:51,56.49,500,
09:37:52,56.49,200,
09:37:52,56.49,100,
09:37:52,56.49,300,
09:37:54,56.49,200,
09:37:54,56.49,400,
09:37:56,56.49,600,
09:37:56,56.48,200,
09:37:57,56.481,100,
09:37:57,56.4828,100,
09:37:57,56.49,200,
09:37:57,56.49,404,
09:37:57,56.49,200,
09:37:57,56.49,100,
09:37:58,56.49,100,
09:37:58,56.49,500,
09:37:58,56.49,200,
09:37:58,56.49,100,
09:37:58,56.49,100,
09:37:58,56.49,100,
09:37:59,56.49,100,
09:37:59,56.49,100,
09:38:00,56.50,200,
09:38:00,56.50,300,
09:38:00,56.50,2500,
09:38:00,56.50,400,
09:38:00,56.50,1900,
09:38:00,56.50,300,
09:38:02,56.50,100,
09:38:03,56.50,166,
09:38:03,56.50,100,
09:38:03,56.50,200,
09:38:05,56.51,350,
09:38:07,56.50,200,
09:38:07,56.49,300,
09:38:08,56.49,100,
09:38:08,56.48,200,
09:38:08,56.48,100,
09:38:08,56.48,400,
09:38:08,56.48,200,
09:38:08,56.48,1200,
09:38:09,56.49,200,
09:38:09,56.49,600,
09:38:10,56.49,300,
09:38:10,56.49,300,
09:38:10,56.49,500,
09:38:10,56.49,200,
09:38:10,56.49,200,
09:38:11,56.49,100,
09:38:12,56.49,100,
09:38:12,56.49,300,
09:38:13,56.49,100,
09:38:13,56.49,400,
09:38:13,56.49,300,
09:38:13,56.49,300,
09:38:13,56.49,100,
09:38:13,56.49,200,
09:38:13,56.49,200,
09:38:13,56.49,100,
09:38:13,56.49,400,
09:38:13,56.49,200,
09:38:13,56.49,200,
09:38:13,56.48,100,
09:38:13,56.48,100,
09:38:14,56.49,100,
09:38:17,56.49,100,
09:38:19,56.49,100,
09:38:21,56.51,100,
09:38:22,56.52,400,
09:38:22,56.52,300,
09:38:22,56.52,100,
09:38:23,56.52,1000,
09:38:23,56.52,100,
09:38:24,56.52,100,
09:38:28,56.52,100,
09:38:28,56.52,200,
09:38:28,56.52,200,
09:38:30,56.52,300,
09:38:31,56.53,400,
09:38:31,56.54,100,
09:38:33,56.55,100,
09:38:33,56.56,300,
09:38:34,56.55,100,
09:38:34,56.56,100,
09:38:34,56.55,591,
09:38:35,56.55,100,
09:38:37,56.54,600,
09:38:37,56.54,200,
09:38:37,56.54,200,
09:38:37,56.54,100,
09:38:37,56.54,200,
09:38:37,56.54,100,
09:38:38,56.55,100,
09:38:39,56.55,100,
09:38:39,56.55,300,
09:38:41,56.55,800,
09:38:41,56.56,2234,
09:38:41,56.56,3600,
09:38:41,56.57,600,
09:38:42,56.57,474,
09:38:42,56.57,932,
09:38:42,56.57,165,
09:38:42,56.57,300,
09:38:42,56.57,400,
09:38:42,56.57,400,
09:38:42,56.57,429,
09:38:42,56.57,100,
09:38:42,56.56,300,
09:38:42,56.56,200,
09:38:43,56.56,200,
09:38:43,56.55,300,
09:38:45,56.5598,2000,
09:38:46,56.55,200,
09:38:46,56.55,100,
09:38:46,56.55,100,
09:38:46,56.55,300,
09:38:46,56.55,300,
09:38:46,56.55,100,
09:38:46,56.54,200,
09:38:46,56.54,100,
09:38:46,56.54,400,
09:38:46,56.54,300,
09:38:46,56.54,200,
09:38:46,56.55,200,
09:38:46,56.55,100,
09:38:46,56.55,300,
09:38:46,56.55,200,
09:38:48,56.55,100,
09:38:49,56.55,200,
09:38:49,56.55,200,
09:38:49,56.55,600,
09:38:49,56.55,148,
09:38:49,56.55,100,
09:38:49,56.555,752,
09:38:52,56.56,100,
09:38:52,56.56,100,
09:38:56,56.57,200,
09:38:57,56.57,200,
09:38:57,56.57,200,
09:38:58,56.57,100,
09:38:59,56.56,400,
09:39:00,56.5594,100,
09:39:00,56.5594,200,
09:39:00,56.5595,300,
09:39:00,56.5597,100,
09:39:00,56.55,300,
09:39:00,56.55,600,
09:39:00,56.55,500,
09:39:01,56.54,200,
09:39:01,56.54,200,
09:39:01,56.54,100,
09:39:01,56.54,200,
09:39:01,56.54,100,
09:39:01,56.53,500,
09:39:02,56.54,200,
09:39:03,56.53,300,
09:39:03,56.53,300,
09:39:03,56.53,100,
09:39:04,56.53,600,
09:39:06,56.50,200,
09:39:06,56.50,400,
09:39:06,56.50,100,
09:39:07,56.50,400,
09:39:08,56.50,200,
09:39:08,56.51,100,
09:39:08,56.50,100,
09:39:08,56.50,238,
09:39:08,56.50,200,
09:39:08,56.50,200,
09:39:08,56.49,300,
09:39:09,56.50,400,
09:39:09,56.50,600,
09:39:09,56.50,100,
09:39:09,56.50,600,
09:39:09,56.50,200,
09:39:09,56.50,200,
09:39:10,56.50,500,
09:39:11,56.50,600,
09:39:11,56.50,100,
09:39:11,56.50,100,
09:39:11,56.50,200,
09:39:11,56.50,200,
09:39:11,56.50,400,
09:39:11,56.50,300,
09:39:12,56.50,100,
09:39:12,56.50,400,
09:39:12,56.50,100,
09:39:13,56.51,200,
09:39:13,56.50,3588,
09:39:13,56.51,340,
09:39:13,56.51,200,
09:39:13,56.51,100,
09:39:13,56.52,100,
09:39:13,56.52,100,
09:39:14,56.52,100,
09:39:14,56.51,500,
09:39:14,56.51,855,
09:39:14,56.51,200,
09:39:14,56.51,500,
09:39:14,56.51,600,
09:39:14,56.51,600,
09:39:16,56.51,100,
09:39:18,56.51,200,
09:39:18,56.50,100,
09:39:18,56.49,600,
09:39:20,56.4999,1000,
09:39:21,56.49,300,
09:39:22,56.49,100,
09:39:22,56.49,100,
09:39:23,56.48,400,
09:39:28,56.4899,3000,
09:39:29,56.49,100,
09:39:29,56.49,200,
09:39:29,56.49,841,
09:39:29,56.49,1659,
09:39:29,56.485,100,
09:39:31,56.50,500,
09:39:31,56.50,100,
09:39:31,56.50,200,
09:39:32,56.50,200,
09:39:32,56.50,100,
09:39:32,56.50,300,
09:39:32,56.50,300,
09:39:32,56.50,100,
09:39:32,56.50,100,
09:39:33,56.50,200,
09:39:34,56.49,105,
09:39:35,56.49,200,
09:39:36,56.49,100,
09:39:37,56.50,100,
09:39:37,56.50,100,
09:39:38,56.50,1565,
09:39:38,56.50,100,
09:39:38,56.50,100,
09:39:38,56.49,400,
09:39:41,56.48,436,
09:39:41,56.46,1000,
09:39:41,56.46,200,
09:39:41,56.46,100,
09:39:41,56.46,100,
09:39:41,56.46,283,
09:39:41,56.46,100,
09:39:41,56.46,417,
09:39:42,56.4537,200,
09:39:43,56.47,100,
09:39:44,56.46,100,
09:39:44,56.46,200,
09:39:45,56.46,100,
09:39:46,56.46,100,
09:39:47,56.46,100,
09:39:48,56.46,200,
09:39:49,56.47,600,
09:39:50,56.47,300,
09:39:53,56.48,100,
09:39:53,56.48,300,
09:39:53,56.48,100,
09:39:54,56.49,267,
09:39:54,56.49,100,
09:39:54,56.49,100,
09:39:57,56.49,100,
09:39:57,56.49,400,
09:39:57,56.49,300,
09:39:57,56.49,100,
09:39:57,56.49,600,
09:39:57,56.48,300,
09:39:57,56.48,600,
09:39:57,56.48,600,
09:39:58,56.48,200,
09:39:59,56.47,500,
09:39:59,56.47,200,
09:40:00,56.47,600,
09:40:01,56.46,1800,
09:40:01,56.46,200,
09:40:02,56.46,100,
09:40:03,56.46,100,
09:40:03,56.46,100,
09:40:03,56.46,200,
09:40:03,56.46,100,
09:40:03,56.46,100,
09:40:04,56.46,600,
09:40:07,56.46,100,
09:40:08,56.45,200,
09:40:09,56.46,500,
09:40:11,56.46,300,
09:40:11,56.46,400,
09:40:13,56.47,200,
09:40:13,56.48,1100,
09:40:13,56.48,100,
09:40:13,56.49,200,
09:40:13,56.49,500,
09:40:13,56.49,600,
09:40:13,56.49,100,
09:40:13,56.49,100,
09:40:13,56.49,200,
09:40:13,56.49,200,
09:40:13,56.49,200,
09:40:13,56.49,100,
09:40:13,56.49,600,
09:40:14,56.49,600,
09:40:15,56.50,100,
09:40:16,56.51,600,
09:40:17,56.53,400,
09:40:17,56.53,400,
09:40:17,56.52,400,
09:40:17,56.52,600,
09:40:17,56.52,700,
09:40:17,56.52,200,
09:40:18,56.51,500,
09:40:18,56.52,500,
09:40:18,56.52,300,
09:40:18,56.52,300,
09:40:19,56.52,400,
09:40:21,56.52,600,
09:40:22,56.51,200,
09:40:22,56.50,300,
09:40:22,56.50,100,
09:40:22,56.50,600,
09:40:22,56.49,100,
09:40:22,56.49,500,
09:40:22,56.49,100,
09:40:22,56.49,400,
09:40:22,56.49,100,
09:40:23,56.49,300,
09:40:23,56.49,176,
09:40:27,56.48,200,
09:40:28,56.48,200,
09:40:28,56.48,100,
09:40:28,56.48,124,
09:40:28,56.48,400,
09:40:28,56.48,300,
09:40:28,56.48,200,
09:40:29,56.48,200,
09:40:30,56.48,200,
09:40:31,56.49,200,
09:40:31,56.49,100,
09:40:32,56.48,200,
09:40:32,56.48,200,
09:40:32,56.48,300,
09:40:33,56.49,200,
09:40:33,56.49,100,
09:40:33,56.49,200,
09:40:33,56.49,100,
09:40:33,56.49,200,
09:40:33,56.49,600,
09:40:33,56.49,400,
09:40:33,56.49,100,
09:40:33,56.48,100,
09:40:33,56.49,200,
09:40:34,56.47,200,
09:40:34,56.47,100,
09:40:35,56.47,100,
09:40:35,56.47,100,
09:40:35,56.48,600,
09:40:37,56.48,200,
09:40:38,56.48,100,
09:40:38,56.47,300,
09:40:39,56.47,200,
09:40:42,56.47,200,
09:40:42,56.48,100,
09:40:42,56.48,100,
09:40:43,56.49,100,
09:40:43,56.49,200,
09:40:44,56.49,100,
09:40:44,56.48,200,
09:40:44,56.48,196,
09:40:45,56.48,200,
09:40:46,56.48,200,
09:40:46,56.48,200,
09:40:46,56.48,200,
09:40:46,56.48,500,
09:40:46,56.48,200,
09:40:46,56.48,400,
09:40:46,56.48,600,
09:40:46,56.48,600,
09:40:46,56.47,100,
09:40:46,56.47,854,
09:40:46,56.47,200,
09:40:46,56.47,100,
09:40:46,56.46,100,
09:40:46,56.46,245,
09:40:46,56.46,200,
09:40:46,56.48,400,
09:40:46,56.48,500,
09:40:46,56.48,200,
09:40:46,56.48,500,
09:40:46,56.48,200,
09:40:46,56.48,200,
09:40:46,56.48,200,
09:40:46,56.48,300,
09:40:47,56.47,296,
09:40:47,56.47,200,
09:40:47,56.47,100,
09:40:47,56.47,200,
09:40:47,56.47,100,
09:40:48,56.47,1100,
09:40:48,56.47,100,
09:40:48,56.47,100,
09:40:49,56.47,200,
09:40:49,56.47,200,
09:40:50,56.47,100,
09:40:51,56.4605,100,
09:40:52,56.47,100,
09:40:52,56.47,200,
09:40:52,56.47,200,
09:40:52,56.48,100,
09:40:53,56.48,283,
09:40:53,56.48,100,
09:40:53,56.49,300,
09:40:53,56.49,1100,
09:40:53,56.49,500,
09:40:56,56.49,1500,
09:40:56,56.49,100,
09:40:56,56.49,300,
09:40:56,56.50,300,
09:40:57,56.50,200,
09:40:58,56.50,200,
09:40:59,56.51,1600,
09:40:59,56.51,540,
09:41:00,56.51,400,
09:41:00,56.51,100,
09:41:00,56.51,200,
09:41:00,56.51,200,
09:41:00,56.51,600,
09:41:00,56.51,1000,
09:41:00,56.51,300,
09:41:00,56.51,200,
09:41:00,56.5115,300,
09:41:00,56.5113,100,
09:41:00,56.51,200,
09:41:00,56.51,100,
09:41:00,56.50,200,
09:41:01,56.50,200,
09:41:01,56.51,100,
09:41:01,56.51,100,
09:41:01,56.51,200,
09:41:01,56.51,100,
09:41:02,56.51,131,
09:41:03,56.52,100,
09:41:03,56.52,500,
09:41:03,56.52,200,
09:41:03,56.52,200,
09:41:03,56.51,200,
09:41:04,56.50,200,
09:41:05,56.51,300,
09:41:05,56.51,100,
09:41:06,56.51,1100,
09:41:08,56.51,200,
09:41:08,56.50,400,
09:41:09,56.51,200,
09:41:11,56.52,100,
09:41:11,56.52,100,
09:41:11,56.52,200,
09:41:11,56.52,300,
09:41:11,56.51,200,
09:41:12,56.51,200,
09:41:12,56.51,123,
09:41:12,56.51,100,
09:41:12,56.5099,300,
09:41:13,56.50,200,
09:41:15,56.50,100,
09:41:15,56.50,100,
09:41:15,56.51,100,
09:41:16,56.50,202,
09:41:16,56.50,200,
09:41:16,56.49,200,
09:41:16,56.49,400,
09:41:17,56.49,100,
09:41:17,56.49,200,
09:41:17,56.49,200,
09:41:19,56.49,100,
09:41:20,56.49,200,
09:41:20,56.49,100,
09:41:21,56.49,100,
09:41:21,56.49,100,
09:41:21,56.4828,400,
09:41:21,56.4825,100,
09:41:22,56.48,100,
09:41:22,56.48,100,
09:41:22,56.47,300,
09:41:22,56.47,400,
09:41:23,56.47,100,
09:41:23,56.476,500,
09:41:23,56.46,100,
09:41:23,56.46,100,
09:41:24,56.46,300,
09:41:24,56.46,400,
09:41:24,56.46,200,
09:41:24,56.46,200,
09:41:24,56.47,100,
09:41:24,56.47,400,
09:41:24,56.47,400,
09:41:24,56.47,300,
09:41:24,56.47,200,
09:41:24,56.47,100,
09:41:24,56.47,100,
09:41:24,56.47,100,
09:41:24,56.46,100,
09:41:25,56.46,200,
09:41:26,56.47,600,
09:41:26,56.47,100,
09:41:26,56.47,300,
09:41:27,56.47,200,
09:41:27,56.48,400,
09:41:28,56.48,100,
09:41:30,56.48,200,
09:41:31,56.46,200,
09:41:31,56.47,100,
09:41:32,56.47,278,
09:41:32,56.47,300,
09:41:32,56.48,200,
09:41:34,56.47,100,
09:41:34,56.49,100,
09:41:35,56.47,200,
09:41:35,56.47,500,
09:41:36,56.48,100,
09:41:37,56.48,200,
09:41:37,56.48,100,
09:41:37,56.48,100,
09:41:37,56.47,100,
09:41:40,56.47,200,
09:41:40,56.48,400,
09:41:40,56.48,100,
09:41:41,56.48,200,
09:41:42,56.49,100,
09:41:43,56.50,100,
09:41:43,56.50,500,
09:41:43,56.50,2432,
09:41:43,56.50,100,
09:41:43,56.51,100,
09:41:43,56.51,600,
09:41:43,56.51,300,
09:41:43,56.51,200,
09:41:43,56.51,400,
09:41:43,56.51,100,
09:41:43,56.51,1200,
09:41:43,56.51,400,
09:41:43,56.50,100,
09:41:43,56.50,200,
09:41:43,56.50,100,
09:41:43,56.50,100,
09:41:43,56.50,200,
09:41:43,56.50,100,
09:41:45,56.50,100,
09:41:45,56.50,1200,
09:41:45,56.50,200,
09:41:46,56.50,200,
09:41:46,56.49,200,
09:41:47,56.494,1513,
09:41:48,56.49,200,
09:41:49,56.49,100,
09:41:50,56.48,400,
09:41:50,56.49,200,
09:41:51,56.49,300,
09:41:51,56.48,500,
09:41:51,56.49,100,
09:41:52,56.48,600,
09:41:53,56.48,200,
09:41:55,56.4787,1300,
09:41:56,56.48,200,
09:41:56,56.49,100,
09:41:57,56.49,200,
09:41:57,56.49,400,
09:42:00,56.49,200,
09:42:00,56.49,200,
09:42:00,56.49,200,
09:42:01,56.50,100,
09:42:02,56.49,200,
09:42:02,56.48,200,
09:42:02,56.49,100,
09:42:02,56.50,200,
09:42:02,56.50,100,
09:42:04,56.49,100,
09:42:04,56.49,600,
09:42:05,56.49,340,
09:42:05,56.49,400,
09:42:05,56.49,132,
09:42:05,56.49,600,
09:42:05,56.49,100,
09:42:06,56.50,200,
09:42:06,56.50,600,
09:42:07,56.50,100,
09:42:08,56.50,200,
09:42:08,56.51,600,
09:42:08,56.51,100,
09:42:08,56.51,2000,
09:42:09,56.52,200,
09:42:12,56.51,200,
09:42:12,56.51,200,
09:42:12,56.51,100,
09:42:12,56.51,100,
09:42:13,56.53,100,
09:42:13,56.53,3400,
09:42:13,56.52,100,
09:42:14,56.54,1400,
09:42:14,56.54,600,
09:42:15,56.53,200,
09:42:16,56.54,600,
09:42:16,56.53,300,
09:42:16,56.54,1000,
09:42:16,56.54,100,
09:42:17,56.54,100,
09:42:17,56.54,100,
09:42:17,56.54,150,
09:42:18,56.53,262,
09:42:18,56.53,100,
09:42:18,56.536,173,
09:42:18,56.52,400,
09:42:18,56.52,200,
09:42:18,56.52,300,
09:42:18,56.52,200,
09:42:18,56.52,100,
09:42:18,56.52,200,
09:42:18,56.52,300,
09:42:18,56.52,200,
09:42:18,56.52,300,
09:42:18,56.52,300,
09:42:18,56.52,200,
09:42:19,56.53,100,
09:42:19,56.53,200,
09:42:19,56.54,300,
09:42:19,56.54,300,
09:42:19,56.54,300,
09:42:20,56.53,200,
09:42:21,56.52,200,
09:42:21,56.53,100,
09:42:22,56.52,200,
09:42:24,56.53,200,
09:42:24,56.53,100,
09:42:25,56.53,200,
09:42:26,56.53,100,
09:42:27,56.53,100,
09:42:27,56.54,3200,
09:42:27,56.54,400,
09:42:28,56.53,300,
09:42:28,56.53,200,
09:42:28,56.53,600,
09:42:28,56.53,1630,
09:42:28,56.53,500,
09:42:28,56.52,200,
09:42:28,56.52,100,
09:42:28,56.51,200,
09:42:28,56.51,200,
09:42:28,56.51,200,
09:42:28,56.51,300,
09:42:28,56.51,200,
09:42:28,56.51,200,
09:42:29,56.51,100,
09:42:30,56.50,200,
09:42:30,56.50,100,
09:42:30,56.50,376,
09:42:30,56.49,100,
09:42:31,56.49,100,
09:42:31,56.49,200,
09:42:31,56.49,100,
09:42:31,56.48,200,
09:42:31,56.49,300,
09:42:32,56.48,200,
09:42:32,56.4893,940,
09:42:35,56.486,5000,
09:42:36,56.49,200,
09:42:36,56.49,200,
09:42:36,56.49,200,
09:42:36,56.50,200,
09:42:36,56.50,200,
09:42:36,56.50,100,
09:42:36,56.48,1000,
09:42:36,56.48,100,
09:42:36,56.48,100,
09:42:36,56.49,100,
09:42:36,56.49,600,
09:42:36,56.49,300,
09:42:36,56.48,100,
09:42:37,56.48,100,
09:42:37,56.48,340,
09:42:37,56.48,400,
09:42:37,56.48,1200,
09:42:37,56.48,200,
09:42:37,56.48,210,
09:42:37,56.48,600,
09:42:38,56.49,200,
09:42:38,56.49,100,
09:42:38,56.49,600,
09:42:41,56.51,200,
09:42:41,56.50,100,
09:42:42,56.50,200,
09:42:42,56.50,100,
09:42:42,56.50,100,
09:42:42,56.50,200,
09:42:43,56.50,800,
09:42:44,56.50,200,
09:42:46,56.50,200,
09:42:46,56.51,100,
09:42:48,56.50,129,
09:42:50,56.50,200,
09:42:51,56.51,200,
09:42:51,56.52,100,
09:42:52,56.52,400,
09:42:53,56.52,600,
09:42:53,56.521,200,
09:42:53,56.521,600,
09:42:54,56.521,100,
09:42:54,56.5128,200,
09:42:55,56.511,400,
09:42:55,56.51,500,
09:42:55,56.51,100,
09:42:55,56.51,200,
09:42:56,56.51,100,
09:42:56,56.51,100,
09:42:58,56.50,500,
09:42:58,56.50,100,
09:42:58,56.50,600,
09:42:58,56.50,450,
09:42:59,56.50,285,
09:42:59,56.50,100,
09:42:59,56.50,300,
09:42:59,56.50,300,
09:42:59,56.50,300,
09:42:59,56.50,450,
09:42:59,56.50,500,
09:42:59,56.50,100,
09:42:59,56.50,250,
09:42:59,56.50,200,
09:42:59,56.50,450,
09:42:59,56.50,250,
09:42:59,56.50,400,
09:42:59,56.50,600,
09:42:59,56.50,250,
09:43:01,56.51,100,
09:43:02,56.51,150,
09:43:02,56.51,700,
09:43:02,56.52,600,
09:43:02,56.53,200,
09:43:03,56.53,100,
09:43:03,56.53,200,
09:43:03,56.52,200,
09:43:04,56.53,200,
09:43:04,56.53,100,
09:43:04,56.53,200,
09:43:05,56.53,100,
09:43:05,56.53,115,
09:43:05,56.53,119,
09:43:06,56.54,200,
09:43:06,56.54,200,
09:43:06,56.54,100,
09:43:06,56.54,600,
09:43:06,56.54,1878,
09:43:06,56.54,1000,
09:43:06,56.54,962,
09:43:06,56.54,100,
09:43:07,56.54,200,
09:43:07,56.55,300,
09:43:07,56.55,813,
09:43:07,56.55,2187,
09:43:07,56.55,200,
09:43:07,56.55,200,
09:43:07,56.55,200,
09:43:07,56.55,300,
09:43:08,56.56,100,
09:43:08,56.56,100,
09:43:11,56.5593,300,
09:43:11,56.55,600,
09:43:11,56.55,100,
09:43:12,56.56,400,
09:43:13,56.55,500,
09:43:13,56.55,100,
09:43:13,56.5484,500,
09:43:13,56.54,400,
09:43:13,56.54,116,
09:43:13,56.53,100,
09:43:14,56.53,100,
09:43:14,56.53,100,
09:43:14,56.54,100,
09:43:14,56.53,300,
09:43:14,56.53,100,
09:43:16,56.54,100,
09:43:16,56.54,100,
09:43:16,56.53,300,
09:43:17,56.53,200,
09:43:17,56.54,200,
09:43:17,56.54,400,
09:43:17,56.54,1200,
09:43:18,56.536,3000,
09:43:19,56.54,200,
09:43:19,56.54,200,
09:43:19,56.54,600,
09:43:19,56.54,200,
09:43:20,56.55,600,
09:43:20,56.55,100,
09:43:21,56.55,100,
09:43:22,56.54,600,
09:43:24,56.55,100,
09:43:24,56.55,100,
09:43:24,56.55,200,
09:43:24,56.55,200,
09:43:24,56.55,200,
09:43:24,56.55,600,
09:43:24,56.55,141,
09:43:24,56.55,200,
09:43:24,56.55,300,
09:43:24,56.55,100,
09:43:24,56.55,300,
09:43:24,56.55,1300,
09:43:24,56.55,400,
09:43:24,56.55,500,
09:43:24,56.55,400,
09:43:24,56.55,900,
09:43:24,56.55,100,
09:43:24,56.55,100,
09:43:24,56.55,100,
09:43:24,56.55,400,
09:43:24,56.55,600,
09:43:24,56.55,400,
09:43:24,56.55,600,
09:43:24,56.55,100,
09:43:25,56.55,200,
09:43:25,56.55,400,
09:43:25,56.55,600,
09:43:25,56.55,200,
09:43:27,56.55,200,
09:43:27,56.55,100,
09:43:27,56.55,600,
09:43:27,56.55,100,
09:43:27,56.55,124,
09:43:27,56.55,500,
09:43:27,56.55,100,
09:43:27,56.55,100,
09:43:27,56.55,200,
09:43:27,56.55,600,
09:43:27,56.55,600,
09:43:27,56.55,600,
09:43:27,56.55,500,
09:43:27,56.55,600,
09:43:27,56.55,500,
09:43:27,56.55,140,
09:43:27,56.55,300,
09:43:27,56.54,300,
09:43:28,56.54,600,
09:43:29,56.54,891,
09:43:29,56.55,100,
09:43:29,56.55,100,
09:43:29,56.55,100,
09:43:29,56.55,200,
09:43:29,56.55,900,
09:43:29,56.56,290,
09:43:30,56.55,100,
09:43:31,56.54,200,
09:43:31,56.55,12733,
09:43:32,56.53,200,
09:43:32,56.54,200,
09:43:32,56.54,400,
09:43:32,56.54,600,
09:43:32,56.53,400,
09:43:32,56.53,500,
09:43:33,56.52,300,
09:43:33,56.52,200,
09:43:33,56.52,100,
09:43:33,56.52,200,
09:43:33,56.52,500,
09:43:33,56.52,1000,
09:43:34,56.52,200,
09:43:34,56.52,200,
09:43:34,56.5101,3000,
09:43:35,56.53,3400,
09:43:35,56.53,600,
09:43:35,56.53,400,
09:43:36,56.53,100,
09:43:36,56.53,200,
09:43:36,56.53,200,
09:43:36,56.53,100,
09:43:36,56.53,400,
09:43:40,56.53,200,
09:43:42,56.52,200,
09:43:44,56.52,200,
09:43:45,56.53,200,
09:43:46,56.53,300,
09:43:46,56.53,200,
09:43:47,56.53,100,
09:43:48,56.54,400,
09:43:48,56.54,1300,
09:43:48,56.54,600,
09:43:48,56.54,1000,
09:43:48,56.54,200,
09:43:48,56.54,200,
09:43:48,56.55,100,
09:43:49,56.55,400,
09:43:49,56.55,200,
09:43:49,56.55,800,
09:43:49,56.55,400,
09:43:50,56.55,200,
09:43:51,56.56,300,
09:43:52,56.55,100,
09:43:52,56.55,200,
09:43:52,56.55,800,
09:43:52,56.55,100,
09:43:52,56.55,200,
09:43:52,56.55,100,
09:43:52,56.55,200,
09:43:52,56.55,400,
09:43:52,56.54,100,
09:43:53,56.54,400,
09:43:54,56.53,200,
09:43:55,56.53,400,
09:43:57,56.54,200,
09:43:57,56.54,100,
09:43:58,56.53,600,
09:43:59,56.5419,100,
09:43:59,56.54,200,
09:43:59,56.54,300,
09:43:59,56.54,200,
09:44:01,56.54,200,
09:44:01,56.55,100,
09:44:01,56.54,800,
09:44:01,56.54,300,
09:44:02,56.53,200,
09:44:02,56.53,400,
09:44:03,56.53,170,
09:44:03,56.53,600,
09:44:03,56.53,100,
09:44:03,56.53,400,
09:44:04,56.54,200,
09:44:05,56.54,100,
09:44:06,56.54,100,
09:44:06,56.54,200,
09:44:07,56.53,200,
09:44:07,56.54,200,
09:44:09,56.54,200,
09:44:10,56.55,1422,
09:44:10,56.55,100,
09:44:10,56.55,200,
09:44:10,56.56,300,
09:44:10,56.56,1000,
09:44:11,56.56,100,
09:44:11,56.57,213,
09:44:11,56.56,100,
09:44:11,56.56,200,
09:44:11,56.56,800,
09:44:11,56.56,500,
09:44:11,56.5563,100,
09:44:12,56.56,200,
09:44:12,56.56,100,
09:44:12,56.56,100,
09:44:12,56.55,500,
09:44:13,56.56,700,
09:44:13,56.56,200,
09:44:14,56.56,200,
09:44:16,56.56,200,
09:44:17,56.56,700,
09:44:17,56.56,200,
09:44:17,56.56,494,
09:44:17,56.55,200,
09:44:17,56.55,1200,
09:44:18,56.55,100,
09:44:18,56.55,243,
09:44:18,56.54,152,
09:44:19,56.54,400,
09:44:20,56.54,200,
09:44:20,56.54,400,
09:44:20,56.54,150,
09:44:21,56.54,100,
09:44:21,56.54,500,
09:44:22,56.54,200,
09:44:22,56.53,400,
09:44:23,56.53,200,
09:44:24,56.52,200,
09:44:25,56.53,200,
09:44:26,56.54,400,
09:44:26,56.54,200,
09:44:26,56.54,200,
09:44:28,56.534,200,
09:44:29,56.54,200,
09:44:34,56.55,100,
09:44:35,56.55,1100,
09:44:35,56.55,200,
09:44:35,56.55,300,
09:44:35,56.55,600,
09:44:36,56.56,500,
09:44:36,56.56,1883,
09:44:36,56.56,100,
09:44:36,56.56,200,
09:44:36,56.57,700,
09:44:36,56.57,600,
09:44:36,56.58,100,
09:44:37,56.57,100,
09:44:37,56.56,200,
09:44:37,56.55,400,
09:44:38,56.55,200,
09:44:38,56.55,200,
09:44:40,56.55,200,
09:44:41,56.54,800,
09:44:41,56.54,100,
09:44:41,56.54,200,
09:44:41,56.54,100,
09:44:41,56.54,100,
09:44:42,56.55,300,
09:44:42,56.56,200,
09:44:42,56.55,200,
09:44:42,56.55,100,
09:44:43,56.55,200,
09:44:44,56.55,200,
09:44:44,56.56,100,
09:44:44,56.56,500,
09:44:45,56.56,100,
09:44:45,56.55,200,
09:44:45,56.56,600,
09:44:45,56.57,100,
09:44:45,56.57,300,
09:44:46,56.57,200,
09:44:46,56.57,200,
09:44:47,56.57,1130,
09:44:52,56.55,200,
09:44:52,56.55,400,
09:44:52,56.55,700,
09:44:52,56.556,3535,
09:44:54,56.55,200,
09:44:54,56.55,600,
09:44:54,56.55,300,
09:44:54,56.55,200,
09:44:54,56.55,400,
09:44:54,56.5518,200,
09:44:54,56.54,100,
09:44:54,56.54,100,
09:44:54,56.54,100,
09:44:55,56.54,200,
09:44:55,56.53,400,
09:44:55,56.53,600,
09:44:55,56.52,910,
09:44:55,56.52,300,
09:44:55,56.52,500,
09:44:55,56.52,372,
09:44:55,56.52,500,
09:44:55,56.52,100,
09:44:55,56.52,500,
09:44:55,56.52,1000,
09:44:55,56.5278,1000,
09:44:57,56.53,140,
09:44:57,56.53,200,
09:44:58,56.53,600,
09:44:58,56.53,100,
09:44:58,56.53,492,
09:44:58,56.5286,1200,
09:44:58,56.53,500,
09:44:58,56.53,200,
09:44:59,56.52,200,
09:45:00,56.53,100,
09:45:00,56.53,100,
09:45:00,56.53,200,
09:45:00,56.53,300,
09:45:00,56.53,200,
09:45:01,56.52,200,
09:45:01,56.53,200,
09:45:01,56.52,200000,
09:45:03,56.52,200,
09:45:03,56.53,100,
09:45:04,56.53,400,
09:45:06,56.54,200,
09:45:06,56.54,100,
09:45:06,56.54,300,
09:45:08,56.5274,500,
09:45:09,56.54,1000,
09:45:09,56.54,1000,
09:45:09,56.54,200,
09:45:09,56.55,100,
09:45:09,56.54,1000,
09:45:11,56.54,200,
09:45:11,56.54,500,
09:45:11,56.54,300,
09:45:11,56.54,300,
09:45:11,56.54,200,
09:45:11,56.54,200,
09:45:11,56.54,200,
09:45:11,56.54,600,
09:45:11,56.54,100,
09:45:11,56.54,400,
09:45:11,56.54,1000,
09:45:11,56.54,600,
09:45:11,56.54,400,
09:45:11,56.54,200,
09:45:11,56.54,200,
09:45:12,56.53,900,
09:45:12,56.53,600,
09:45:12,56.53,200,
09:45:12,56.54,100,
09:45:14,56.54,300,
09:45:14,56.54,100,
09:45:14,56.54,100,
09:45:14,56.54,300,
09:45:14,56.54,300,
09:45:15,56.53,200,
09:45:16,56.54,200,
09:45:16,56.54,600,
09:45:16,56.54,100,
09:45:16,56.54,200,
09:45:16,56.54,200,
09:45:16,56.54,300,
09:45:16,56.54,100,
09:45:16,56.54,600,
09:45:16,56.54,200,
09:45:16,56.54,200,
09:45:16,56.54,200,
09:45:16,56.54,382,
09:45:16,56.54,200,
09:45:16,56.54,200,
09:45:17,56.54,100,
09:45:17,56.53,500,
09:45:17,56.53,200,
09:45:17,56.53,200,
09:45:17,56.53,300,
09:45:17,56.53,100,
09:45:17,56.52,100,
09:45:17,56.54,600,
09:45:17,56.53,200,
09:45:17,56.53,200,
09:45:17,56.53,200,
09:45:19,56.53,600,
09:45:21,56.53,178,
09:45:21,56.53,200,
09:45:21,56.53,100,
09:45:21,56.52,400,
09:45:21,56.52,100,
09:45:21,56.52,200,
09:45:21,56.52,32142,
09:45:21,56.51,1630,
09:45:21,56.51,1000,
09:45:21,56.51,600,
09:45:22,56.51,400,
09:45:22,56.51,200,
09:45:23,56.51,300,
09:45:23,56.52,1500,
09:45:23,56.52,200,
09:45:23,56.52,300,
09:45:23,56.52,100,
09:45:24,56.52,400,
09:45:24,56.52,200,
09:45:24,56.52,400,
09:45:24,56.52,222,
09:45:24,56.52,378,
09:45:24,56.52,278,
09:45:24,56.52,100,
09:45:24,56.52,200,
09:45:24,56.52,600,
09:45:24,56.52,500,
09:45:24,56.52,400,
09:45:25,56.51,100,
09:45:25,56.52,100,
09:45:25,56.52,400,
09:45:26,56.52,200,
09:45:26,56.52,400,
09:45:27,56.52,200,
09:45:28,56.52,100,
09:45:30,56.52,400,
09:45:31,56.52,100,
09:45:31,56.5185,1000,
09:45:33,56.5162,5474,
09:45:34,56.53,400,
09:45:34,56.52,2000,
09:45:35,56.52,200,
09:45:35,56.52,100,
09:45:36,56.53,1000,
09:45:36,56.53,300,
09:45:36,56.53,600,
09:45:36,56.53,1000,
09:45:36,56.53,600,
09:45:36,56.53,100,
09:45:36,56.53,100,
09:45:36,56.53,100,
09:45:36,56.53,150,
09:45:36,56.53,400,
09:45:36,56.53,600,
09:45:36,56.53,400,
09:45:36,56.53,1000,
09:45:36,56.53,100,
09:45:36,56.53,246,
09:45:36,56.53,100,
09:45:36,56.53,200,
09:45:36,56.53,200,
09:45:36,56.53,1630,
09:45:36,56.53,100,
09:45:36,56.53,300,
09:45:36,56.53,200,
09:45:37,56.53,600,
09:45:37,56.53,600,
09:45:37,56.51,500,
09:45:37,56.53,200,
09:45:38,56.53,400,
09:45:38,56.53,200,
09:45:38,56.53,400,
09:45:38,56.53,200,
09:45:38,56.53,100,
09:45:38,56.53,1200,
09:45:38,56.53,600,
09:45:38,56.53,1000,
09:45:38,56.53,200,
09:45:38,56.53,500,
09:45:38,56.53,300,
09:45:38,56.53,2100,
09:45:38,56.53,100,
09:45:38,56.53,100,
09:45:38,56.53,200,
09:45:38,56.53,600,
09:45:38,56.53,100,
09:45:38,56.53,200,
09:45:38,56.53,500,
09:45:38,56.53,150,
09:45:38,56.53,1630,
09:45:38,56.53,200,
09:45:40,56.54,100,
09:45:40,56.54,200,
09:45:40,56.54,300,
09:45:40,56.54,400,
09:45:40,56.54,200,
09:45:40,56.54,100,
09:45:40,56.54,100,
09:45:40,56.54,300,
09:45:40,56.54,100,
09:45:40,56.54,200,
09:45:40,56.54,100,
09:45:40,56.54,800,
09:45:40,56.54,800,
09:45:40,56.54,200,
09:45:40,56.54,200,
09:45:40,56.54,100,
09:45:40,56.54,400,
09:45:40,56.54,510,
09:45:40,56.54,200,
09:45:40,56.54,150,
09:45:40,56.54,100,
09:45:40,56.54,100,
09:45:40,56.54,1100,
09:45:40,56.54,100,
09:45:40,56.54,200,
09:45:40,56.54,150,
09:45:40,56.54,200,
09:45:41,56.55,500,
09:45:42,56.55,400,
09:45:42,56.55,400,
09:45:42,56.55,200,
09:45:42,56.55,500,
09:45:45,56.55,600,
09:45:45,56.55,200,
09:45:46,56.56,200,
09:45:46,56.56,200,
09:45:46,56.57,200,
09:45:46,56.56,100,
09:45:46,56.56,376,
09:45:46,56.56,124,
09:45:46,56.56,100,
09:45:46,56.56,1000,
09:45:46,56.56,100,
09:45:46,56.56,100,
09:45:46,56.56,100,
09:45:46,56.56,150,
09:45:46,56.56,100,
09:45:46,56.56,1000,
09:45:47,56.56,100,
09:45:47,56.58,300,
09:45:47,56.58,300,
09:45:47,56.58,100,
09:45:47,56.58,100,
09:45:47,56.56,300,
09:45:48,56.58,100,
09:45:48,56.5803,100,
09:45:49,56.58,100,
09:45:49,56.58,1200,
09:45:49,56.57,100,
09:45:50,56.58,200,
09:45:50,56.58,200,
09:45:50,56.59,300,
09:45:50,56.58,1000,
09:45:50,56.57,300,
09:45:51,56.58,100,
09:45:52,56.58,100,
09:45:54,56.59,500,
09:45:54,56.59,813,
09:45:54,56.59,500,
09:45:54,56.60,600,
09:45:54,56.60,200,
09:45:54,56.60,200,
09:45:54,56.60,730,
09:45:55,56.6014,500,
09:45:56,56.61,200,
09:45:56,56.61,200,
09:45:56,56.62,1000,
09:45:56,56.62,1000,
09:45:56,56.62,100,
09:45:56,56.62,200,
09:45:56,56.62,100,
09:45:56,56.62,100,
09:45:57,56.62,200,
09:45:57,56.61,200,
09:45:57,56.61,1200,
09:45:58,56.61,1100,
09:45:58,56.6199,2000,
09:45:59,56.61,100,
09:45:59,56.61,100,
09:45:59,56.61,100,
09:46:00,56.61,400,
09:46:00,56.61,200,
09:46:00,56.61,200,
09:46:00,56.61,400,
09:46:00,56.61,200,
09:46:00,56.61,300,
09:46:00,56.61,200,
09:46:00,56.61,200,
09:46:00,56.61,230,
09:46:00,56.60,200,
09:46:01,56.60,100,
09:46:01,56.60,500,
09:46:01,56.60,250,
09:46:01,56.60,400,
09:46:01,56.60,400,
09:46:01,56.59,300,
09:46:01,56.59,100,
09:46:01,56.59,400,
09:46:01,56.59,100,
09:46:01,56.59,100,
09:46:01,56.59,200,
09:46:02,56.60,200,
09:46:02,56.60,400,
09:46:02,56.60,100,
09:46:03,56.59,200,
09:46:05,56.62,600,
09:46:05,56.61,100,
09:46:07,56.61,100,
09:46:07,56.62,100,
09:46:08,56.62,500,
09:46:08,56.62,100,
09:46:08,56.63,100,
09:46:10,56.63,100,
09:46:10,56.62,100,
09:46:11,56.62,300,
09:46:12,56.62,100,
09:46:12,56.62,200,
09:46:12,56.62,500,
09:46:14,56.62,100,
09:46:14,56.62,1100,
09:46:16,56.62,100,
09:46:16,56.62,100,
09:46:16,56.62,200,
09:46:16,56.62,100,
09:46:16,56.62,100,
09:46:16,56.62,400,
09:46:16,56.62,500,
09:46:16,56.62,300,
09:46:16,56.62,300,
09:46:16,56.62,200,
09:46:16,56.62,100,
09:46:16,56.62,400,
09:46:16,56.62,1100,
09:46:17,56.61,300,
09:46:17,56.61,100,
09:46:17,56.60,300,
09:46:19,56.61,100,
09:46:19,56.61,100,
09:46:19,56.61,1000,
09:46:19,56.61,1700,
09:46:19,56.61,300,
09:46:19,56.61,200,
09:46:19,56.61,300,
09:46:19,56.61,200,
09:46:19,56.61,1630,
09:46:19,56.61,300,
09:46:19,56.61,400,
09:46:19,56.61,300,
09:46:19,56.61,200,
09:46:20,56.61,100,
09:46:21,56.61,100,
09:46:22,56.60,200,
09:46:22,56.60,300,
09:46:22,56.60,100,
09:46:23,56.61,200,
09:46:23,56.61,400,
09:46:23,56.61,100,
09:46:27,56.61,313,
09:46:27,56.61,400,
09:46:27,56.62,100,
09:46:27,56.62,200,
09:46:27,56.62,100,
09:46:27,56.62,400,
09:46:27,56.62,110,
09:46:27,56.62,100,
09:46:27,56.62,100,
09:46:27,56.6201,100,
09:46:28,56.63,600,
09:46:28,56.63,1900,
09:46:28,56.63,100,
09:46:28,56.63,3400,
09:46:28,56.63,1000,
09:46:28,56.63,300,
09:46:29,56.6229,3500,
09:46:29,56.63,1040,
09:46:29,56.63,400,
09:46:30,56.63,1000,
09:46:30,56.63,600,
09:46:30,56.6381,2000,
09:46:30,56.63,100,
09:46:31,56.6384,590,
09:46:32,56.64,400,
09:46:32,56.64,100,
09:46:33,56.64,200,
09:46:33,56.64,600,
09:46:33,56.64,200,
09:46:33,56.64,339,
09:46:33,56.6392,400,
09:46:34,56.63,100,
09:46:34,56.63,200,
09:46:34,56.63,200,
09:46:34,56.63,600,
09:46:34,56.63,200,
09:46:34,56.65,700,
09:46:36,56.63,100,
09:46:36,56.62,600,
09:46:37,56.62,100,
09:46:37,56.62,100,
09:46:37,56.62,300,
09:46:37,56.62,800,
09:46:37,56.62,100,
09:46:37,56.61,313,
09:46:37,56.62,200,
09:46:37,56.61,300,
09:46:37,56.62,100,
09:46:38,56.62,200,
09:46:41,56.62,100,
09:46:43,56.63,600,
09:46:44,56.64,400,
09:46:44,56.64,200,
09:46:44,56.64,2300,
09:46:44,56.64,200,
09:46:44,56.64,300,
09:46:44,56.64,100,
09:46:44,56.64,100,
09:46:44,56.64,200,
09:46:44,56.64,276,
09:46:44,56.64,170,
09:46:44,56.64,100,
09:46:44,56.64,300,
09:46:44,56.64,300,
09:46:44,56.64,400,
09:46:44,56.64,400,
09:46:45,56.64,624,
09:46:45,56.64,100,
09:46:45,56.64,100,
09:46:45,56.64,600,
09:46:45,56.64,300,
09:46:45,56.64,200,
09:46:45,56.64,600,
09:46:45,56.64,154,
09:46:45,56.64,2546,
09:46:45,56.64,1000,
09:46:45,56.64,700,
09:46:45,56.64,100,
09:46:45,56.64,100,
09:46:45,56.64,200,
09:46:45,56.64,300,
09:46:45,56.64,600,
09:46:45,56.64,600,
09:46:45,56.64,300,
09:46:45,56.64,600,
09:46:45,56.64,100,
09:46:47,56.65,200,
09:46:47,56.65,600,
09:46:47,56.65,600,
09:46:47,56.65,100,
09:46:48,56.65,100,
09:46:50,56.65,600,
09:46:50,56.64,100,
09:46:50,56.64,200,
09:46:50,56.65,100,
09:46:51,56.65,400,
09:46:51,56.65,200,
09:46:51,56.65,1196,
09:46:51,56.65,200,
09:46:51,56.65,400,
09:46:51,56.65,100,
09:46:52,56.65,200,
09:46:54,56.65,200,
09:46:55,56.65,600,
09:46:55,56.64,600,
09:46:56,56.64,200,
09:46:57,56.64,600,
09:46:57,56.64,500,
09:46:57,56.64,400,
09:46:57,56.64,500,
09:46:57,56.64,100,
09:46:57,56.64,1000,
09:46:57,56.64,200,
09:46:57,56.64,1181,
09:46:57,56.64,200,
09:46:57,56.64,1000,
09:46:57,56.64,813,
09:46:57,56.64,400,
09:46:57,56.64,1000,
09:46:57,56.64,100,
09:46:57,56.64,500,
09:46:57,56.64,400,
09:46:57,56.64,200,
09:46:58,56.64,400,
09:46:58,56.64,100,
09:46:58,56.64,960,
09:46:58,56.64,200,
09:46:58,56.64,500,
09:46:58,56.6498,2500,
09:46:58,56.63,300,
09:46:59,56.63,600,
09:46:59,56.63,600,
09:46:59,56.63,100,
09:46:59,56.63,242,
09:46:59,56.63,142,
09:46:59,56.63,242,
09:46:59,56.64,250,
09:46:59,56.64,100,
09:46:59,56.64,100,
09:46:59,56.64,300,
09:46:59,56.64,150,
09:46:59,56.64,100,
09:46:59,56.64,100,
09:46:59,56.64,200,
09:46:59,56.64,200,
09:46:59,56.64,200,
09:46:59,56.64,400,
09:46:59,56.64,309,
09:46:59,56.64,200,
09:47:01,56.64,200,
09:47:01,56.64,400,
09:47:01,56.64,100,
09:47:01,56.64,1000,
09:47:01,56.64,300,
09:47:02,56.63,900,
09:47:02,56.63,300,
09:47:04,56.63,600,
09:47:06,56.64,100,
09:47:07,56.63,1000,
09:47:07,56.63,600,
09:47:07,56.63,500,
09:47:07,56.63,200,
09:47:08,56.635,100,
09:47:10,56.635,100,
09:47:11,56.635,400,
09:47:11,56.64,400,
09:47:11,56.64,600,
09:47:12,56.64,100,
09:47:12,56.64,200,
09:47:12,56.64,1000,
09:47:12,56.65,200,
09:47:12,56.65,100,
09:47:13,56.65,300,
09:47:13,56.6491,300,
09:47:13,56.649,600,
09:47:14,56.65,600,
09:47:16,56.64,300,
09:47:16,56.64,600,
09:47:16,56.64,200,
09:47:16,56.64,100,
09:47:16,56.639,300,
09:47:17,56.639,595,
09:47:18,56.649,195,
09:47:18,56.66,420,
09:47:20,56.65,100,
09:47:21,56.65,100,
09:47:21,56.64,100,
09:47:21,56.64,100,
09:47:21,56.64,200,
09:47:21,56.64,200,
09:47:23,56.65,300,
09:47:23,56.65,200,
09:47:23,56.65,300,
09:47:23,56.65,300,
09:47:24,56.65,500,
09:47:25,56.66,100,
09:47:25,56.66,100,
09:47:25,56.66,200,
09:47:25,56.66,300,
09:47:25,56.66,400,
09:47:25,56.66,500,
09:47:25,56.66,250,
09:47:25,56.66,300,
09:47:25,56.66,300,
09:47:25,56.67,100,
09:47:25,56.66,200,
09:47:26,56.65,100,
09:47:26,56.65,100,
09:47:27,56.66,400,
09:47:27,56.66,600,
09:47:27,56.66,200,
09:47:27,56.66,100,
09:47:27,56.66,100,
09:47:28,56.65,200,
09:47:29,56.65,100,
09:47:30,56.65,500,
09:47:30,56.65,400,
09:47:30,56.64,100,
09:47:30,56.63,200,
09:47:31,56.64,200,
09:47:32,56.64,100,
09:47:32,56.63,200,
09:47:34,56.64,600,
09:47:34,56.63,100,
09:47:34,56.63,100,
09:47:34,56.63,400,
09:47:35,56.62,100,
09:47:37,56.64,100,
09:47:38,56.64,100,
09:47:38,56.64,100,
09:47:38,56.63,200,
09:47:38,56.63,1630,
09:47:38,56.63,200,
09:47:38,56.63,200,
09:47:38,56.63,100,
09:47:38,56.63,900,
09:47:38,56.63,200,
09:47:38,56.63,1000,
09:47:38,56.63,100,
09:47:38,56.63,600,
09:47:38,56.63,100,
09:47:38,56.63,100,
09:47:38,56.63,162,
09:47:38,56.63,400,
09:47:38,56.63,100,
09:47:38,56.63,100,
09:47:38,56.63,100,
09:47:38,56.63,100,
09:47:38,56.63,150,
09:47:38,56.63,700,
09:47:38,56.63,549,
09:47:38,56.63,400,
09:47:38,56.63,400,
09:47:38,56.63,200,
09:47:38,56.63,515,
09:47:38,56.63,100,
09:47:39,56.63,100,
09:47:39,56.63,500,
09:47:39,56.63,100,
09:47:39,56.63,300,
09:47:39,56.63,200,
09:47:39,56.63,100,
09:47:39,56.63,300,
09:47:39,56.63,500,
09:47:39,56.63,600,
09:47:39,56.63,1000,
09:47:39,56.63,10000,
09:47:40,56.63,200,
09:47:40,56.63,100,
09:47:40,56.63,500,
09:47:40,56.64,600,
09:47:42,56.65,400,
09:47:42,56.64,100,
09:47:43,56.63,100,
09:47:43,56.63,600,
09:47:43,56.63,100,
09:47:44,56.63,400,
09:47:44,56.63,200,
09:47:44,56.63,400,
09:47:44,56.63,100,
09:47:44,56.63,100,
09:47:45,56.63,128,
09:47:47,56.63,100,
09:47:47,56.62,600,
09:47:47,56.62,200,
09:47:50,56.62,400,
09:47:50,56.62,500,
09:47:50,56.62,250,
09:47:50,56.62,200,
09:47:50,56.62,250,
09:47:51,56.62,100,
09:47:52,56.62,400,
09:47:52,56.63,200,
09:47:53,56.64,400,
09:47:53,56.64,100,
09:47:53,56.64,100,
09:47:53,56.64,400,
09:47:53,56.64,400,
09:47:53,56.64,100,
09:47:53,56.64,400,
09:47:53,56.64,100,
09:47:53,56.64,400,
09:47:54,56.64,600,
09:47:54,56.64,200,
09:47:54,56.65,900,
09:47:54,56.65,600,
09:47:54,56.65,300,
09:47:54,56.65,100,
09:47:54,56.65,500,
09:47:56,56.65,200,
09:47:56,56.65,300,
09:47:57,56.64,3600,
09:47:58,56.64,100,
09:47:58,56.64,400,
09:48:01,56.63,300,
09:48:03,56.63,200,
09:48:03,56.63,500,
09:48:03,56.63,100,
09:48:03,56.63,500,
09:48:03,56.63,100,
09:48:04,56.63,400,
09:48:06,56.64,100,
09:48:06,56.64,100,
09:48:07,56.63,200,
09:48:07,56.63,200,
09:48:07,56.62,500,
09:48:07,56.62,100,
09:48:10,56.63,100,
09:48:10,56.63,100,
09:48:10,56.63,300,
09:48:10,56.63,500,
09:48:10,56.63,200,
09:48:10,56.6299,500,
09:48:10,56.62,400,
09:48:11,56.605,100,
09:48:11,56.60,100,
09:48:11,56.60,200,
09:48:11,56.60,400,
09:48:11,56.61,200,
09:48:12,56.61,400,
09:48:12,56.61,100,
09:48:12,56.605,100,
09:48:13,56.59,100,
09:48:13,56.60,100,
09:48:14,56.59,100,
09:48:15,56.61,100,
09:48:15,56.61,200,
09:48:15,56.61,100,
09:48:17,56.61,115,
09:48:17,56.61,100,
09:48:18,56.61,500,
09:48:18,56.62,500,
09:48:18,56.62,363,
09:48:19,56.62,200,
09:48:19,56.62,100,
09:48:19,56.62,200,
09:48:19,56.62,1200,
09:48:19,56.62,400,
09:48:19,56.62,1000,
09:48:19,56.62,600,
09:48:19,56.62,1200,
09:48:19,56.62,100,
09:48:19,56.62,150,
09:48:19,56.62,100,
09:48:19,56.61,500,
09:48:19,56.61,1200,
09:48:19,56.61,1100,
09:48:19,56.61,8100,
09:48:20,56.62,963,
09:48:20,56.63,600,
09:48:20,56.63,387,
09:48:21,56.63,100,
09:48:22,56.63,200,
09:48:24,56.63,300,
09:48:26,56.63,100,
09:48:26,56.64,476,
09:48:28,56.63,300,
09:48:28,56.63,125,
09:48:29,56.62,200,
09:48:31,56.63,243,
09:48:32,56.625,100,
09:48:33,56.63,1000,
09:48:33,56.63,100,
09:48:35,56.64,100,
09:48:35,56.64,100,
09:48:35,56.64,200,
09:48:35,56.64,100,
09:48:42,56.64,504,
09:48:42,56.64,1380,
09:48:42,56.64,100,
09:48:42,56.64,100,
09:48:42,56.64,100,
09:48:42,56.64,100,
09:48:42,56.64,700,
09:48:42,56.64,1400,
09:48:42,56.64,100,
09:48:42,56.64,100,
09:48:42,56.64,100,
09:48:43,56.6401,200,
09:48:43,56.6401,300,
09:48:43,56.64,600,
09:48:43,56.64,300,
09:48:43,56.64,700,
09:48:43,56.64,100,
09:48:46,56.649,1000,
09:48:47,56.645,100,
09:48:48,56.65,100,
09:48:48,56.65,325,
09:48:48,56.65,100,
09:48:48,56.65,100,
09:48:50,56.641,2000,
09:48:50,56.65,250,
09:48:52,56.66,100,
09:48:52,56.66,100,
09:48:52,56.659,1100,
09:48:52,56.66,300,
09:48:52,56.66,100,
09:48:52,56.65,100,
09:48:52,56.651,100,
09:48:52,56.65,200,
09:48:52,56.65,135,
09:48:52,56.65,300,
09:48:52,56.65,386,
09:48:52,56.65,100,
09:48:52,56.65,214,
09:48:52,56.65,214,
09:48:52,56.65,600,
09:48:52,56.65,200,
09:48:52,56.65,100,
09:48:53,56.65,200,
09:48:54,56.65,200,
09:48:54,56.65,300,
09:48:56,56.66,420,
09:48:57,56.67,400,
09:48:57,56.67,100,
09:48:57,56.67,1700,
09:48:57,56.66,300,
09:48:57,56.66,100,
09:48:57,56.66,200,
09:48:58,56.6637,100,
09:49:00,56.66,200,
09:49:00,56.66,100,
09:49:00,56.66,100,
09:49:00,56.66,200,
09:49:00,56.66,1100,
09:49:00,56.66,200,
09:49:00,56.66,108,
09:49:00,56.66,200,
09:49:00,56.66,100,
09:49:00,56.66,100,
09:49:00,56.66,200,
09:49:00,56.66,192,
09:49:00,56.66,100,
09:49:00,56.66,200,
09:49:00,56.66,100,
09:49:00,56.66,300,
09:49:00,56.66,100,
09:49:01,56.66,200,
09:49:03,56.66,200,
09:49:04,56.67,300,
09:49:04,56.67,200,
09:49:04,56.67,600,
09:49:04,56.67,992,
09:49:04,56.67,1300,
09:49:04,56.67,445,
09:49:04,56.67,786,
09:49:04,56.67,100,
09:49:04,56.67,100,
09:49:05,56.68,100,
09:49:05,56.68,200,
09:49:06,56.68,100,
09:49:06,56.68,100,
09:49:06,56.675,300,
09:49:06,56.675,200,
09:49:06,56.67,1630,
09:49:06,56.67,300,
09:49:06,56.67,100,
09:49:06,56.67,100,
09:49:06,56.67,100,
09:49:06,56.68,100,
09:49:06,56.67,270,
09:49:06,56.67,100,
09:49:08,56.67,600,
09:49:08,56.67,300,
09:49:08,56.67,1000,
09:49:08,56.68,604,
09:49:08,56.68,200,
09:49:08,56.68,3400,
09:49:08,56.68,700,
09:49:08,56.68,500,
09:49:08,56.68,100,
09:49:08,56.68,300,
09:49:08,56.68,3000,
09:49:08,56.68,1400,
09:49:08,56.68,300,
09:49:08,56.68,200,
09:49:08,56.68,200,
09:49:11,56.6686,500,
09:49:11,56.67,400,
09:49:11,56.67,100,
09:49:11,56.662,100,
09:49:11,56.662,100,
09:49:11,56.66,1000,
09:49:11,56.66,100,
09:49:11,56.66,500,
09:49:11,56.66,500,
09:49:11,56.66,100,
09:49:11,56.66,200,
09:49:11,56.66,100,
09:49:11,56.66,820,
09:49:11,56.66,200,
09:49:11,56.66,400,
09:49:11,56.66,1000,
09:49:11,56.66,100,
09:49:12,56.68,100,
09:49:12,56.67,1100,
09:49:12,56.67,2000,
09:49:12,56.67,2000,
09:49:13,56.6601,100,
09:49:13,56.67,100,
09:49:13,56.67,200,
09:49:13,56.67,100,
09:49:13,56.67,200,
09:49:13,56.67,100,
09:49:15,56.67,200,
09:49:15,56.67,1200,
09:49:15,56.67,200,
09:49:15,56.67,200,
09:49:15,56.67,300,
09:49:15,56.67,1000,
09:49:15,56.66,300,
09:49:17,56.67,100,
09:49:17,56.67,600,
09:49:17,56.67,1900,
09:49:18,56.66,300,
09:49:19,56.66,300,
09:49:19,56.66,500,
09:49:19,56.66,130,
09:49:19,56.66,100,
09:49:19,56.65,200,
09:49:19,56.65,100,
09:49:19,56.66,300,
09:49:20,56.66,100,
09:49:20,56.65,400,
09:49:21,56.65,100,
09:49:21,56.656,800,
09:49:22,56.65,392,
09:49:22,56.65,100,
09:49:22,56.65,300,
09:49:22,56.65,100,
09:49:22,56.65,100,
09:49:22,56.65,200,
09:49:22,56.656,500,
09:49:22,56.65,100,
09:49:22,56.65,100,
09:49:22,56.65,100,
09:49:22,56.65,200,
09:49:22,56.65,400,
09:49:22,56.65,200,
09:49:22,56.65,800,
09:49:22,56.65,400,
09:49:22,56.65,600,
09:49:22,56.64,1400,
09:49:22,56.65,100,
09:49:24,56.65,500,
09:49:24,56.66,200,
09:49:24,56.66,100,
09:49:24,56.66,100,
09:49:24,56.6599,4300,
09:49:24,56.66,100,
09:49:26,56.65,100,
09:49:26,56.65,200,
09:49:26,56.65,101,
09:49:26,56.65,400,
09:49:26,56.65,600,
09:49:26,56.65,200,
09:49:26,56.65,500,
09:49:26,56.65,200,
09:49:26,56.66,100,
09:49:29,56.65,200,
09:49:29,56.65,101,
09:49:29,56.65,1529,
09:49:30,56.64,600,
09:49:30,56.64,100,
09:49:30,56.64,500,
09:49:30,56.64,327,
09:49:33,56.64,100,
09:49:33,56.64,100,
09:49:33,56.64,100,
09:49:33,56.63,600,
09:49:33,56.63,300,
09:49:33,56.63,1000,
09:49:33,56.63,200,
09:49:33,56.63,100,
09:49:34,56.62,100,
09:49:34,56.62,200,
09:49:34,56.62,1371,
09:49:34,56.62,200,
09:49:34,56.62,200,
09:49:34,56.62,100,
09:49:34,56.62,100,
09:49:34,56.6201,1000,
09:49:34,56.61,800,
09:49:34,56.61,200,
09:49:34,56.61,400,
09:49:34,56.61,600,
09:49:34,56.61,400,
09:49:34,56.61,600,
09:49:34,56.61,200,
09:49:34,56.61,300,
09:49:34,56.61,24400,
09:49:34,56.61,2000,
09:49:34,56.61,600,
09:49:34,56.61,100,
09:49:35,56.62,1100,
09:49:35,56.62,100,
09:49:35,56.62,400,
09:49:35,56.62,100,
09:49:36,56.62,400,
09:49:36,56.62,100,
09:49:36,56.62,200,
09:49:36,56.62,200,
09:49:36,56.62,200,
09:49:36,56.62,400,
09:49:36,56.62,600,
09:49:36,56.62,200,
09:49:36,56.62,133,
09:49:36,56.62,400,
09:49:36,56.62,134,
09:49:36,56.63,400,
09:49:36,56.63,249,
09:49:36,56.62,200,
09:49:37,56.63,100,
09:49:38,56.625,700,
09:49:38,56.63,100,
09:49:38,56.63,100,
09:49:38,56.63,100,
09:49:38,56.63,100,
09:49:39,56.63,100,
09:49:39,56.63,100,
09:49:39,56.63,500,
09:49:39,56.63,100,
09:49:39,56.63,577,
09:49:39,56.63,400,
09:49:39,56.63,498,
09:49:39,56.63,1000,
09:49:41,56.63,100,
09:49:43,56.62,100,
09:49:43,56.62,100,
09:49:43,56.62,400,
09:49:44,56.63,828,
09:49:44,56.63,1959,
09:49:44,56.63,288,
09:49:44,56.63,200,
09:49:44,56.63,300,
09:49:44,56.63,259,
09:49:44,56.63,200,
09:49:46,56.64,200,
09:49:47,56.64,200,
09:49:49,56.64,100,
09:49:50,56.64,200,
09:49:51,56.64,100,
09:49:52,56.64,600,
09:49:52,56.64,800,
09:49:53,56.64,100,
09:49:56,56.64,470,
09:49:56,56.64,3300,
09:49:56,56.64,1000,
09:49:56,56.64,24400,
09:49:56,56.64,100,
09:49:56,56.64,500,
09:49:56,56.64,100,
09:49:56,56.64,200,
09:49:56,56.64,300,
09:49:56,56.64,200,
09:49:56,56.64,400,
09:49:56,56.64,200,
09:49:56,56.64,100,
09:49:56,56.64,600,
09:49:56,56.64,1000,
09:49:56,56.63,700,
09:49:56,56.64,100,
09:49:56,56.65,900,
09:49:56,56.64,500,
09:49:56,56.65,700,
09:49:56,56.65,1630,
09:49:56,56.65,300,
09:49:56,56.65,200,
09:49:56,56.65,200,
09:49:56,56.65,100,
09:49:56,56.65,300,
09:49:56,56.65,400,
09:49:56,56.65,1200,
09:49:57,56.64,200,
09:49:57,56.64,366,
09:49:57,56.63,100,
09:49:58,56.64,600,
09:49:58,56.64,800,
09:49:58,56.64,600,
09:49:58,56.64,800,
09:49:58,56.64,100,
09:49:58,56.64,100,
09:49:58,56.64,200,
09:49:58,56.65,100,
09:49:58,56.65,500,
09:49:58,56.66,380870,
09:50:00,56.66,213,
09:50:00,56.66,200,
09:50:00,56.66,2000,
09:50:00,56.66,628,
09:50:00,56.67,200,
09:50:00,56.67,100,
09:50:00,56.66,100,
09:50:01,56.66,100,
09:50:01,56.66,200,
09:50:01,56.66,200,
09:50:02,56.66,900,
09:50:02,56.67,100,
09:50:02,56.67,500,
09:50:02,56.67,200,
09:50:02,56.67,400,
09:50:02,56.66,600,
09:50:03,56.66,200,
09:50:05,56.66,300,
09:50:05,56.66,200,
09:50:06,56.66,200,
09:50:06,56.66,200,
09:50:06,56.67,100,
09:50:06,56.66,100,
09:50:06,56.66,100,
09:50:07,56.66,1400,
09:50:07,56.66,300,
09:50:07,56.66,600,
09:50:07,56.66,100,
09:50:07,56.66,1000,
09:50:07,56.66,200,
09:50:07,56.66,400,
09:50:07,56.66,600,
09:50:07,56.66,1000,
09:50:09,56.66,100,
09:50:12,56.66,100,
09:50:12,56.66,100,
09:50:12,56.66,700,
09:50:12,56.66,200,
09:50:13,56.66,500,
09:50:16,56.66,200,
09:50:18,56.655,300,
09:50:19,56.65,600,
09:50:19,56.65,200,
09:50:19,56.65,300,
09:50:19,56.65,470,
09:50:19,56.65,900,
09:50:19,56.65,300,
09:50:19,56.65,1170,
09:50:19,56.65,384,
09:50:19,56.65,629,
09:50:19,56.65,117,
09:50:19,56.6502,4485,
09:50:19,56.64,161,
09:50:19,56.64,839,
09:50:20,56.64,150,
09:50:20,56.64,300,
09:50:20,56.64,100,
09:50:21,56.64,100,
09:50:21,56.64,400,
09:50:22,56.64,4344,
09:50:22,56.64,100,
09:50:22,56.64,400,
09:50:22,56.64,200,
09:50:22,56.64,200,
09:50:22,56.64,200,
09:50:22,56.64,400,
09:50:22,56.64,300,
09:50:22,56.64,600,
09:50:23,56.6498,2000,
09:50:26,56.64,400,
09:50:26,56.64,200,
09:50:27,56.63,600,
09:50:27,56.63,200,
09:50:27,56.63,100,
09:50:28,56.635,400,
09:50:29,56.64,1000,
09:50:29,56.64,700,
09:50:29,56.64,600,
09:50:29,56.64,200,
09:50:29,56.64,400,
09:50:29,56.64,200,
09:50:29,56.64,200,
09:50:29,56.64,200,
09:50:29,56.64,600,
09:50:29,56.64,200,
09:50:32,56.64,100,
09:50:33,56.6394,400,
09:50:33,56.6394,200,
09:50:33,56.64,300,
09:50:33,56.64,813,
09:50:33,56.64,1166,
09:50:33,56.64,134,
09:50:33,56.64,200,
09:50:33,56.64,100,
09:50:33,56.64,113,
09:50:33,56.64,200,
09:50:33,56.64,1600,
09:50:34,56.63,300,
09:50:34,56.63,113,
09:50:34,56.63,400,
09:50:34,56.63,400,
09:50:34,56.63,700,
09:50:34,56.63,300,
09:50:34,56.63,100,
09:50:34,56.63,500,
09:50:34,56.63,100,
09:50:34,56.62,500,
09:50:34,56.63,100,
09:50:34,56.63,300,
09:50:36,56.62,6000,
09:50:37,56.625,1000,
09:50:37,56.625,600,
09:50:37,56.625,600,
09:50:37,56.625,1000,
09:50:37,56.625,400,
09:50:37,56.625,1000,
09:50:37,56.625,400,
09:50:37,56.625,600,
09:50:37,56.625,600,
09:50:38,56.63,100,
09:50:38,56.63,200,
09:50:41,56.635,2200,
09:50:44,56.63,200,
09:50:44,56.63,100,
09:50:44,56.63,200,
09:50:44,56.63,200,
09:50:44,56.63,100,
09:50:45,56.63,100,
09:50:48,56.64,200,
09:50:50,56.64,200,
09:50:50,56.64,200,
09:50:53,56.63,300,
09:50:53,56.63,100,
09:50:53,56.625,400,
09:50:53,56.625,300,
09:50:53,56.63,100,
09:50:53,56.625,100,
09:50:53,56.625,300,
09:50:53,56.63,100,
09:50:55,56.62,200,
09:50:55,56.61,400,
09:50:55,56.62,200,
09:50:55,56.62,240,
09:50:55,56.62,100,
09:50:55,56.62,340,
09:50:55,56.62,200,
09:50:55,56.62,400,
09:50:55,56.62,140,
09:50:55,56.62,4610,
09:50:55,56.62,1630,
09:50:55,56.62,700,
09:50:55,56.62,260,
09:50:55,56.62,2400,
09:50:55,56.62,200,
09:50:55,56.62,200,
09:50:55,56.63,100,
09:50:55,56.62,500,
09:50:55,56.62,200,
09:50:56,56.61,200,
09:50:56,56.61,250,
09:50:57,56.62,100,
09:50:58,56.6099,100,
09:50:58,56.62,800,
09:50:58,56.62,400,
09:50:58,56.62,600,
09:50:58,56.62,400,
09:50:58,56.6196,200,
09:50:58,56.6197,300,
09:50:58,56.6198,400,
09:50:58,56.6198,200,
09:51:00,56.61,100,
09:51:02,56.61,100,
09:51:02,56.61,200,
09:51:02,56.615,1300,
09:51:02,56.62,1000,
09:51:02,56.62,2000,
09:51:02,56.62,1000,
09:51:02,56.615,100,
09:51:02,56.615,100,
09:51:02,56.615,200,
09:51:02,56.615,100,
09:51:02,56.615,200,
09:51:02,56.615,100,
09:51:02,56.615,200,
09:51:02,56.615,100,
09:51:03,56.61,8100,
09:51:05,56.615,100,
09:51:06,56.62,400,
09:51:06,56.62,300,
09:51:06,56.62,300,
09:51:07,56.62,1100,
09:51:07,56.62,600,
09:51:07,56.62,700,
09:51:07,56.62,1400,
09:51:07,56.62,450,
09:51:07,56.62,200,
09:51:07,56.62,800,
09:51:07,56.62,800,
09:51:07,56.62,800,
09:51:07,56.62,300,
09:51:07,56.62,2300,
09:51:08,56.62,500,
09:51:08,56.62,100,
09:51:08,56.62,100,
09:51:08,56.62,400,
09:51:08,56.62,400,
09:51:09,56.62,100,
09:51:09,56.61,200,
09:51:09,56.61,220,
09:51:09,56.61,750,
09:51:09,56.61,250,
09:51:09,56.61,110,
09:51:09,56.6195,100,
09:51:10,56.61,100,
09:51:11,56.61,300,
09:51:11,56.61,1900,
09:51:11,56.61,300,
09:51:12,56.61,200,
09:51:12,56.61,600,
09:51:12,56.61,400,
09:51:14,56.60,100,
09:51:14,56.60,200,
09:51:14,56.60,400,
09:51:14,56.60,100,
09:51:14,56.60,100,
09:51:14,56.60,500,
09:51:14,56.60,400,
09:51:14,56.60,200,
09:51:14,56.60,300,
09:51:14,56.60,1000,
09:51:14,56.60,600,
09:51:14,56.60,200,
09:51:14,56.59,200,
09:51:14,56.59,1000,
09:51:15,56.60,7500,
09:51:15,56.61,100,
09:51:15,56.59,3683,
09:51:15,56.6002,100,
09:51:16,56.61,100,
09:51:16,56.60,200,
09:51:16,56.60,200,
09:51:18,56.61,100,
09:51:18,56.61,100,
09:51:18,56.60,100,
09:51:18,56.60,100,
09:51:18,56.60,500,
09:51:18,56.60,100,
09:51:19,56.61,100,
09:51:19,56.61,200,
09:51:21,56.61,200,
09:51:23,56.61,100,
09:51:24,56.6198,2000,
09:51:24,56.60,400,
09:51:24,56.60,100,
09:51:24,56.60,400,
09:51:24,56.60,100,
09:51:25,56.60,200,
09:51:25,56.60,400,
09:51:25,56.59,300,
09:51:25,56.59,100,
09:51:25,56.59,400,
09:51:25,56.59,600,
09:51:25,56.59,2800,
09:51:25,56.59,700,
09:51:26,56.58,100,
09:51:26,56.58,300,
09:51:26,56.58,200,
09:51:26,56.57,400,
09:51:27,56.5702,5000,
09:51:27,56.57,200,
09:51:27,56.57,400,
09:51:27,56.57,100,
09:51:27,56.57,100,
09:51:27,56.57,500,
09:51:27,56.57,813,
09:51:27,56.57,187,
09:51:28,56.57,200,
09:51:28,56.57,230,
09:51:28,56.57,400,
09:51:28,56.57,100,
09:51:28,56.57,600,
09:51:28,56.57,1000,
09:51:28,56.57,100,
09:51:28,56.57,100,
09:51:29,56.57,300,
09:51:29,56.57,250,
09:51:29,56.57,300,
09:51:30,56.57,400,
09:51:30,56.57,600,
09:51:30,56.57,1300,
09:51:30,56.5607,200,
09:51:30,56.57,973,
09:51:30,56.57,1330,
09:51:30,56.57,100,
09:51:30,56.57,173,
09:51:30,56.57,1300,
09:51:30,56.57,200,
09:51:30,56.57,400,
09:51:30,56.57,800,
09:51:31,56.5637,100,
09:51:31,56.56,200,
09:51:31,56.57,200,
09:51:31,56.57,1100,
09:51:31,56.565,1100,
09:51:31,56.56,8400,
09:51:32,56.57,600,
09:51:32,56.57,400,
09:51:33,56.5615,200,
09:51:33,56.56,200,
09:51:33,56.56,400,
09:51:33,56.56,100,
09:51:33,56.56,600,
09:51:33,56.56,100,
09:51:33,56.56,200,
09:51:36,56.56,100,
09:51:37,56.55,200,
09:51:37,56.55,200,
09:51:37,56.54,100,
09:51:39,56.5411,200,
09:51:40,56.55,100,
09:51:40,56.55,147,
09:51:41,56.55,300,
09:51:41,56.55,100,
09:51:41,56.55,100,
09:51:41,56.55,700,
09:51:42,56.56,400,
09:51:42,56.56,100,
09:51:44,56.57,200,
09:51:44,56.57,300,
09:51:44,56.57,500,
09:51:44,56.56,800,
09:51:46,56.56,100,
09:51:46,56.56,100,
09:51:46,56.56,200,
09:51:46,56.56,200,
09:51:46,56.56,100,
09:51:46,56.56,100,
09:51:46,56.56,400,
09:51:46,56.56,300,
09:51:46,56.56,200,
09:51:46,56.56,200,
09:51:46,56.56,300,
09:51:48,56.56,100,
09:51:50,56.55,800,
09:51:50,56.56,100,
09:51:50,56.56,300,
09:51:53,56.57,200,
09:51:53,56.56,500,
09:51:53,56.56,127,
09:51:54,56.56,100,
09:51:55,56.56,100,
09:51:57,56.56,1000,
09:51:57,56.555,200,
09:51:57,56.555,100,
09:51:57,56.55,1000,
09:51:57,56.555,500,
09:51:57,56.54,200,
09:51:57,56.54,100,
09:51:57,56.54,1630,
09:51:57,56.54,600,
09:51:57,56.54,300,
09:51:57,56.54,200,
09:51:57,56.54,300,
09:51:57,56.54,700,
09:51:57,56.54,600,
09:51:57,56.54,200,
09:51:58,56.54,100,
09:52:00,56.54,300,
09:52:00,56.54,600,
09:52:00,56.54,173,
09:52:00,56.54,100,
09:52:00,56.54,200,
09:52:00,56.54,200,
09:52:00,56.54,200,
09:52:01,56.54,400,
09:52:01,56.54,100,
09:52:01,56.54,100,
09:52:01,56.54,200,
09:52:01,56.54,100,
09:52:01,56.54,300,
09:52:01,56.54,100,
09:52:02,56.53,300,
09:52:03,56.54,100,
09:52:03,56.54,100,
09:52:03,56.54,200,
09:52:03,56.54,100,
09:52:03,56.535,300,
09:52:03,56.535,100,
09:52:03,56.53,800,
09:52:04,56.54,1200,
09:52:04,56.54,213,
09:52:04,56.54,300,
09:52:04,56.54,200,
09:52:04,56.54,739,
09:52:05,56.54,400,
09:52:05,56.53,700,
09:52:05,56.53,600,
09:52:05,56.53,1010,
09:52:05,56.53,100,
09:52:05,56.53,110,
09:52:06,56.54,100,
09:52:07,56.535,100,
09:52:08,56.54,300,
09:52:08,56.54,310,
09:52:08,56.54,690,
09:52:09,56.54,200,
09:52:09,56.54,100,
09:52:09,56.54,4940,
09:52:11,56.54,100,
09:52:15,56.54,100,
09:52:16,56.54,100,
09:52:19,56.54,100,
09:52:21,56.54,500,
09:52:21,56.54,100,
09:52:21,56.54,300,
09:52:21,56.54,900,
09:52:22,56.54,200,
09:52:22,56.54,100,
09:52:23,56.54,100,
09:52:24,56.53,400,
09:52:25,56.53,100,
09:52:26,56.53,200,
09:52:26,56.53,300,
09:52:26,56.53,1000,
09:52:26,56.53,400,
09:52:26,56.53,200,
09:52:26,56.53,300,
09:52:26,56.53,100,
09:52:26,56.53,1200,
09:52:26,56.53,200,
09:52:27,56.54,2000,
09:52:28,56.54,100,
09:52:29,56.53,100,
09:52:30,56.53,100,
09:52:32,56.53,100,
09:52:32,56.525,100,
09:52:32,56.525,300,
09:52:33,56.53,100,
09:52:34,56.53,1000,
09:52:34,56.5387,1000,
09:52:36,56.525,200,
09:52:37,56.52,200,
09:52:37,56.52,100,
09:52:39,56.51,300,
09:52:39,56.52,100,
09:52:40,56.52,100,
09:52:41,56.5114,1200,
09:52:43,56.52,200,
09:52:43,56.52,200,
09:52:43,56.52,100,
09:52:43,56.52,100,
09:52:43,56.52,300,
09:52:43,56.52,100,
09:52:44,56.51,300,
09:52:44,56.51,1000,
09:52:44,56.51,600,
09:52:44,56.51,2500,
09:52:45,56.51,100,
09:52:48,56.50,6000,
09:52:48,56.51,100,
09:52:49,56.50,500,
09:52:50,56.51,200,
09:52:51,56.50,1500,
09:52:51,56.51,1000,
09:52:51,56.505,300,
09:52:51,56.505,200,
09:52:51,56.50,300,
09:52:51,56.50,100,
09:52:51,56.50,172,
09:52:51,56.50,200,
09:52:51,56.50,122,
09:52:51,56.50,100,
09:52:51,56.50,1028,
09:52:51,56.50,300,
09:52:52,56.50,200,
09:52:52,56.4999,200,
09:52:52,56.50,100,
09:52:52,56.4999,500,
09:52:53,56.50,100,
09:52:54,56.50,400,
09:52:55,56.50,100,
09:52:56,56.50,100,
09:52:56,56.51,300,
09:52:56,56.51,400,
09:52:56,56.51,300,
09:52:56,56.51,200,
09:52:56,56.51,300,
09:52:57,56.51,100,
09:52:59,56.51,100,
09:53:00,56.5031,150,
09:53:02,56.51,100,
09:53:02,56.51,400,
09:53:02,56.51,200,
09:53:04,56.50,100,
09:53:04,56.50,100,
09:53:04,56.50,100,
09:53:04,56.50,100,
09:53:05,56.50,400,
09:53:06,56.51,200,
09:53:06,56.51,100,
09:53:06,56.51,300,
09:53:08,56.51,100,
09:53:08,56.51,100,
09:53:08,56.51,100,
09:53:08,56.51,200,
09:53:08,56.51,200,
09:53:08,56.50,600,
09:53:10,56.50,600,
09:53:11,56.50,100,
09:53:12,56.50,400,
09:53:13,56.51,400,
09:53:13,56.50,100,
09:53:13,56.5013,1000,
09:53:13,56.51,100,
09:53:13,56.517,2000,
09:53:15,56.52,100,
09:53:15,56.52,100,
09:53:15,56.52,500,
09:53:15,56.53,100,
09:53:16,56.53,100,
09:53:16,56.53,100,
09:53:17,56.5399,100,
09:53:17,56.53,200,
09:53:17,56.53,100,
09:53:17,56.53,200,
09:53:18,56.525,500,
09:53:18,56.525,100,
09:53:18,56.52,278,
09:53:18,56.52,100,
09:53:18,56.52,200,
09:53:20,56.53,100,
09:53:25,56.52,100,
09:53:25,56.52,100,
09:53:25,56.51,300,
09:53:25,56.51,200,
09:53:27,56.51,300,
09:53:27,56.51,200,
09:53:27,56.51,300,
09:53:28,56.5064,200,
09:53:28,56.50,100,
09:53:28,56.50,100,
09:53:28,56.49,200,
09:53:28,56.49,100,
09:53:29,56.49,300,
09:53:29,56.49,200,
09:53:29,56.49,190,
09:53:29,56.48,100,
09:53:29,56.48,300,
09:53:29,56.48,600,
09:53:30,56.49,100,
09:53:30,56.4956,253,
09:53:33,56.50,200,
09:53:34,56.51,100,
09:53:34,56.50,600,
09:53:34,56.50,200,
09:53:35,56.495,200,
09:53:35,56.50,100,
09:53:35,56.50,200,
09:53:36,56.50,200,
09:53:36,56.50,400,
09:53:36,56.50,1000,
09:53:36,56.50,200,
09:53:40,56.50,100,
09:53:40,56.51,200,
09:53:42,56.50,200,
09:53:42,56.505,100,
09:53:42,56.50,300,
09:53:45,56.50,100,
09:53:45,56.50,100,
09:53:45,56.50,600,
09:53:45,56.51,600,
09:53:45,56.51,100,
09:53:45,56.51,100,
09:53:45,56.51,200,
09:53:45,56.51,100,
09:53:47,56.51,200,
09:53:47,56.50,500,
09:53:47,56.50,100,
09:53:48,56.50,300,
09:53:51,56.50,100,
09:53:52,56.5025,200,
09:53:52,56.51,100,
09:53:53,56.51,200,
09:53:55,56.51,100,
09:53:58,56.51,100,
09:53:59,56.5005,200,
09:54:00,56.51,100,
09:54:02,56.50,200,
09:54:03,56.51,200,
09:54:03,56.51,400,
09:54:03,56.52,600,
09:54:03,56.52,200,
09:54:03,56.52,100,
09:54:04,56.52,7500,
09:54:05,56.53,3400,
09:54:05,56.53,100,
09:54:05,56.54,100,
09:54:05,56.54,100,
09:54:05,56.54,900,
09:54:05,56.54,700,
09:54:05,56.54,100,
09:54:05,56.53,200,
09:54:06,56.55,500,
09:54:07,56.552,4000,
09:54:07,56.55,100,
09:54:07,56.55,500,
09:54:07,56.5402,500,
09:54:09,56.545,100,
09:54:09,56.54,300,
09:54:09,56.54,300,
09:54:10,56.54,300,
09:54:10,56.54,100,
09:54:10,56.54,200,
09:54:10,56.54,300,
09:54:11,56.54,100,
09:54:11,56.54,100,
09:54:12,56.531,2500,
09:54:13,56.53,100,
09:54:13,56.53,100,
09:54:15,56.53,100,
09:54:15,56.53,1000,
09:54:17,56.52,200,
09:54:19,56.53,100,
09:54:19,56.53,300,
09:54:20,56.53,100,
09:54:22,56.535,400,
09:54:22,56.53,100,
09:54:22,56.53,100,
09:54:22,56.53,200,
09:54:24,56.52,300,
09:54:25,56.52,400,
09:54:25,56.52,300,
09:54:25,56.52,1000,
09:54:25,56.52,200,
09:54:25,56.52,300,
09:54:27,56.53,100,
09:54:27,56.53,400,
09:54:27,56.53,1000,
09:54:27,56.53,100,
09:54:28,56.53,100,
09:54:30,56.53,100,
09:54:30,56.53,100,
09:54:30,56.53,300,
09:54:30,56.53,100,
09:54:30,56.53,100,
09:54:30,56.53,200,
09:54:31,56.52,300,
09:54:35,56.53,200,
09:54:35,56.53,100,
09:54:35,56.53,200,
09:54:35,56.53,400,
09:54:35,56.53,100,
09:54:35,56.53,600,
09:54:35,56.53,1500,
09:54:35,56.53,100,
09:54:35,56.54,200,
09:54:35,56.53,1000,
09:54:35,56.55,300,
09:54:35,56.54,172,
09:54:35,56.53,300,
09:54:35,56.53,200,
09:54:35,56.53,400,
09:54:35,56.54,100,
09:54:35,56.55,600,
09:54:35,56.55,100,
09:54:35,56.55,300,
09:54:35,56.55,200,
09:54:35,56.55,400,
09:54:35,56.55,200,
09:54:35,56.55,400,
09:54:36,56.55,100,
09:54:36,56.55,100,
09:54:36,56.55,100,
09:54:36,56.55,1286,
09:54:39,56.55,500,
09:54:39,56.55,600,
09:54:39,56.55,400,
09:54:39,56.55,132,
09:54:39,56.55,100,
09:54:39,56.55,100,
09:54:41,56.56,100,
09:54:41,56.55,282,
09:54:44,56.54,100,
09:54:44,56.54,100,
09:54:44,56.54,600,
09:54:44,56.54,200,
09:54:44,56.54,400,
09:54:45,56.54,200,
09:54:47,56.54,100,
09:54:48,56.54,200,
09:54:48,56.54,200,
09:54:49,56.54,100,
09:54:51,56.54,200,
09:54:54,56.53,100,
09:54:54,56.53,100,
09:54:54,56.52,100,
09:54:54,56.52,400,
09:54:54,56.52,100,
09:54:54,56.52,300,
09:54:54,56.52,100,
09:54:55,56.52,100,
09:54:57,56.52,100,
09:54:59,56.52,100,
09:55:01,56.52,192,
09:55:01,56.52,100,
09:55:01,56.52,1000,
09:55:03,56.525,100,
09:55:03,56.52,300,
09:55:03,56.52,300,
09:55:03,56.52,200,
09:55:03,56.52,200,
09:55:04,56.52,200,
09:55:04,56.52,400,
09:55:04,56.52,400,
09:55:04,56.52,400,
09:55:04,56.52,600,
09:55:04,56.52,1200,
09:55:08,56.51,280,
09:55:08,56.51,400,
09:55:09,56.50,400,
09:55:09,56.50,200,
09:55:09,56.50,100,
09:55:11,56.50,100,
09:55:13,56.50,100,
09:55:14,56.50,100,
09:55:17,56.50,200,
09:55:17,56.50,1700,
09:55:17,56.50,400,
09:55:19,56.51,100,
09:55:19,56.491,2000,
09:55:19,56.50,400,
09:55:19,56.49,100,
09:55:19,56.49,100,
09:55:20,56.50,100,
09:55:24,56.50,100,
09:55:25,56.49,400,
09:55:25,56.49,100,
09:55:25,56.49,200,
09:55:25,56.49,100,
09:55:25,56.49,500,
09:55:25,56.49,100,
09:55:25,56.49,400,
09:55:27,56.49,400,
09:55:27,56.49,191,
09:55:27,56.49,400,
09:55:28,56.495,207,
09:55:29,56.49,200,
09:55:30,56.485,100,
09:55:32,56.48,150,
09:55:32,56.48,400,
09:55:33,56.48,500,
09:55:33,56.47,100,
09:55:33,56.4716,100,
09:55:35,56.48,100,
09:55:35,56.48,400,
09:55:35,56.48,400,
09:55:35,56.48,500,
09:55:35,56.48,3400,
09:55:35,56.475,100,
09:55:35,56.48,200,
09:55:35,56.48,100,
09:55:37,56.48,100,
09:55:38,56.48,100,
09:55:38,56.47,200,
09:55:39,56.47,200,
09:55:40,56.47,100,
09:55:41,56.46,100,
09:55:41,56.46,200,
09:55:41,56.46,100,
09:55:42,56.46,1000,
09:55:42,56.46,100,
09:55:42,56.4605,500,
09:55:44,56.47,100,
09:55:44,56.47,600,
09:55:44,56.47,700,
09:55:44,56.47,200,
09:55:44,56.47,100,
09:55:44,56.47,930,
09:55:44,56.47,100,
09:55:44,56.4699,400,
09:55:45,56.48,100,
09:55:46,56.46,200,
09:55:47,56.47,200,
09:55:49,56.47,200,
09:55:50,56.47,100,
09:55:50,56.47,200,
09:55:50,56.47,600,
09:55:50,56.47,200,
09:55:54,56.47,1000,
09:55:54,56.47,200,
09:55:54,56.4614,1000,
09:55:57,56.47,100,
09:55:57,56.47,100,
09:55:57,56.47,338,
09:55:57,56.47,100,
09:55:57,56.47,600,
09:55:57,56.4605,1000,
09:56:00,56.47,100,
09:56:00,56.47,100,
09:56:04,56.47,100,
09:56:04,56.4699,100,
09:56:07,56.47,200,
09:56:08,56.47,100,
09:56:08,56.47,400,
09:56:08,56.47,100,
09:56:08,56.47,100,
09:56:09,56.48,100,
09:56:09,56.48,300,
09:56:09,56.48,200,
09:56:09,56.48,1200,
09:56:11,56.48,100,
09:56:12,56.48,100,
09:56:12,56.47,500,
09:56:12,56.47,200,
09:56:12,56.47,100,
09:56:12,56.47,100,
09:56:12,56.47,100,
09:56:12,56.47,400,
09:56:12,56.47,200,
09:56:12,56.48,100,
09:56:13,56.49,100,
09:56:13,56.49,300,
09:56:14,56.50,200,
09:56:14,56.50,400,
09:56:14,56.50,800,
09:56:14,56.50,1256,
09:56:14,56.50,300,
09:56:14,56.50,600,
09:56:14,56.49,200,
09:56:14,56.50,100,
09:56:14,56.49,200,
09:56:17,56.499,100,
09:56:18,56.50,100,
09:56:20,56.49,200,
09:56:20,56.49,100,
09:56:20,56.49,300,
09:56:21,56.50,100,
09:56:22,56.50,100,
09:56:24,56.50,208,
09:56:24,56.49,150,
09:56:24,56.49,450,
09:56:25,56.49,100,
09:56:26,56.48,200,
09:56:27,56.48,100,
09:56:27,56.48,100,
09:56:27,56.48,125,
09:56:27,56.48,200,
09:56:27,56.48,100,
09:56:27,56.48,1026,
09:56:27,56.48,100,
09:56:29,56.49,100,
09:56:30,56.49,477,
09:56:30,56.49,400,
09:56:30,56.49,200,
09:56:30,56.49,100,
09:56:30,56.49,100,
09:56:31,56.49,160,
09:56:31,56.4865,270,
09:56:31,56.49,100,
09:56:32,56.49,300,
09:56:32,56.49,126,
09:56:34,56.4801,5407,
09:56:35,56.49,100,
09:56:35,56.50,100,
09:56:35,56.50,400,
09:56:36,56.50,100,
09:56:36,56.49,100,
09:56:36,56.49,200,
09:56:37,56.50,100,
09:56:40,56.51,300,
09:56:40,56.51,290,
09:56:40,56.51,100,
09:56:41,56.5016,200,
09:56:43,56.49,200,
09:56:43,56.49,200,
09:56:43,56.49,200,
09:56:44,56.50,200,
09:56:44,56.4999,1000,
09:56:44,56.4999,100,
09:56:44,56.4999,200,
09:56:45,56.50,100,
09:56:49,56.50,200,
09:56:50,56.50,200,
09:56:50,56.51,200,
09:56:51,56.50,200,
09:56:51,56.51,100,
09:56:52,56.50,100,
09:56:54,56.50,100,
09:56:55,56.50,200,
09:56:56,56.50,200,
09:56:58,56.5007,120,
09:56:59,56.51,100,
09:57:00,56.50,600,
09:57:00,56.50,300,
09:57:00,56.50,300,
09:57:00,56.50,200,
09:57:00,56.495,100,
09:57:01,56.51,100,
09:57:01,56.51,100,
09:57:01,56.51,100,
09:57:01,56.51,100,
09:57:01,56.50,300,
09:57:04,56.50,200,
09:57:05,56.50,400,
09:57:05,56.49,200,
09:57:05,56.50,200,
09:57:07,56.50,100,
09:57:07,56.50,100,
09:57:07,56.50,200,
09:57:07,56.50,100,
09:57:07,56.50,200,
09:57:07,56.50,300,
09:57:07,56.50,133,
09:57:07,56.50,133,
09:57:07,56.50,400,
09:57:07,56.50,200,
09:57:07,56.50,300,
09:57:07,56.50,350,
09:57:07,56.50,650,
09:57:07,56.50,100,
09:57:09,56.50,400,
09:57:09,56.5001,100,
09:57:12,56.51,200,
09:57:12,56.51,100,
09:57:12,56.51,300,
09:57:12,56.51,500,
09:57:12,56.51,100,
09:57:12,56.51,400,
09:57:12,56.51,400,
09:57:12,56.51,600,
09:57:12,56.51,300,
09:57:12,56.51,100,
09:57:12,56.51,100,
09:57:13,56.51,300,
09:57:14,56.52,600,
09:57:14,56.51,100,
09:57:15,56.51,100,
09:57:15,56.51,100,
09:57:16,56.52,200,
09:57:18,56.52,200,
09:57:19,56.52,100,
09:57:19,56.53,100,
09:57:19,56.52,900,
09:57:19,56.52,200,
09:57:20,56.52,500,
09:57:20,56.52,200,
09:57:23,56.52,100,
09:57:24,56.53,100,
09:57:25,56.53,700,
09:57:25,56.53,100,
09:57:25,56.53,200,
09:57:27,56.52,400,
09:57:27,56.52,400,
09:57:27,56.52,200,
09:57:27,56.51,200,
09:57:28,56.511,700,
09:57:29,56.52,100,
09:57:30,56.52,100,
09:57:30,56.52,500,
09:57:30,56.51,200,
09:57:30,56.52,100,
09:57:30,56.52,666,
09:57:30,56.52,100,
09:57:33,56.51,100,
09:57:33,56.52,100,
09:57:33,56.52,100,
09:57:33,56.52,100,
09:57:34,56.51,300,
09:57:34,56.51,300,
09:57:35,56.52,200,
09:57:35,56.5131,100,
09:57:40,56.53,100,
09:57:40,56.52,200,
09:57:42,56.52,100,
09:57:42,56.52,100,
09:57:42,56.52,100,
09:57:45,56.53,100,
09:57:47,56.53,300,
09:57:47,56.53,400,
09:57:47,56.53,100,
09:57:47,56.53,200,
09:57:47,56.53,200,
09:57:47,56.53,400,
09:57:47,56.53,800,
09:57:47,56.53,100,
09:57:47,56.53,100,
09:57:47,56.53,100,
09:57:47,56.53,400,
09:57:47,56.5399,4000,
09:57:50,56.54,100,
09:57:54,56.54,1308,
09:57:54,56.54,100,
09:57:54,56.54,100,
09:57:54,56.54,3764,
09:57:54,56.55,10000,
09:57:54,56.54,300,
09:57:55,56.55,200,
09:57:57,56.55,100,
09:57:57,56.55,800,
09:57:57,56.55,400,
09:57:58,56.5584,200,
09:58:00,56.56,200,
09:58:00,56.55,500,
09:58:00,56.55,100,
09:58:00,56.55,100,
09:58:00,56.55,100,
09:58:00,56.55,100,
09:58:00,56.55,500,
09:58:00,56.55,100,
09:58:00,56.55,800,
09:58:00,56.55,200,
09:58:00,56.55,200,
09:58:00,56.55,100,
09:58:00,56.55,100,
09:58:01,56.56,100,
09:58:01,56.56,100,
09:58:01,56.56,100,
09:58:01,56.56,200,
09:58:02,56.55,100,
09:58:02,56.55,100,
09:58:03,56.55,200,
09:58:03,56.55,400,
09:58:03,56.55,200,
09:58:04,56.55,250,
09:58:04,56.55,250,
09:58:04,56.55,800,
09:58:04,56.5401,120,
09:58:05,56.55,400,
09:58:05,56.55,1000,
09:58:05,56.55,200,
09:58:05,56.55,400,
09:58:05,56.55,800,
09:58:05,56.55,1200,
09:58:05,56.55,1300,
09:58:05,56.55,1000,
09:58:05,56.55,1200,
09:58:05,56.55,18500,
09:58:05,56.55,100,
09:58:05,56.55,200,
09:58:05,56.55,1000,
09:58:06,56.55,500,
09:58:06,56.55,100,
09:58:06,56.55,100,
09:58:06,56.54,200,
09:58:06,56.54,300,
09:58:06,56.54,100,
09:58:08,56.54,200,
09:58:08,56.54,200,
09:58:10,56.54,200,
09:58:11,56.53,300,
09:58:11,56.54,100,
09:58:11,56.54,700,
09:58:11,56.54,1000,
09:58:11,56.54,1000,
09:58:11,56.5483,100,
09:58:11,56.55,550,
09:58:13,56.56,200,
09:58:14,56.56,100,
09:58:15,56.56,600,
09:58:15,56.56,100,
09:58:15,56.56,100,
09:58:16,56.56,200,
09:58:16,56.56,400,
09:58:16,56.56,165,
09:58:16,56.56,200,
09:58:16,56.56,100,
09:58:16,56.56,1837,
09:58:18,56.55,100,
09:58:21,56.55,400,
09:58:21,56.55,1000,
09:58:21,56.55,100,
09:58:21,56.55,1000,
09:58:21,56.55,400,
09:58:23,56.55,200,
09:58:25,56.55,100,
09:58:26,56.56,200,
09:58:26,56.56,100,
09:58:27,56.56,250,
09:58:29,56.56,116,
09:58:31,56.57,100,
09:58:31,56.57,600,
09:58:31,56.58,200,
09:58:31,56.58,100,
09:58:31,56.57,2300,
09:58:31,56.58,200,
09:58:32,56.58,100,
09:58:34,56.57,100,
09:58:34,56.57,500,
09:58:34,56.57,100,
09:58:34,56.57,140,
09:58:34,56.57,100,
09:58:35,56.57,200,
09:58:37,56.5699,100,
09:58:39,56.56,100,
09:58:39,56.56,100,
09:58:41,56.57,100,
09:58:44,56.57,136,
09:58:44,56.56,100,
09:58:45,56.5698,500,
09:58:46,56.56,200,
09:58:47,56.57,200,
09:58:47,56.57,1000,
09:58:47,56.57,800,
09:58:47,56.57,400,
09:58:47,56.57,200,
09:58:47,56.57,1200,
09:58:47,56.57,2000,
09:58:47,56.57,200,
09:58:47,56.57,100,
09:58:47,56.57,100,
09:58:47,56.57,100,
09:58:48,56.56,100,
09:58:49,56.56,100,
09:58:49,56.56,100,
09:58:49,56.5601,135,
09:58:50,56.5502,106,
09:58:50,56.5617,172,
09:58:50,56.5601,286,
09:58:51,56.5601,206,
09:58:52,56.5601,147,
09:58:53,56.565,100,
09:58:54,56.57,100,
09:58:55,56.5698,5000,
09:58:55,56.57,200,
09:58:59,56.57,100,
09:59:01,56.56,1000,
09:59:03,56.5601,887,
09:59:06,56.56,200,
09:59:06,56.56,207,
09:59:06,56.56,100,
09:59:06,56.56,100,
09:59:06,56.56,200,
09:59:06,56.56,100,
09:59:06,56.56,100,
09:59:06,56.565,400,
09:59:06,56.56,100,
09:59:06,56.55,300,
09:59:06,56.565,300,
09:59:06,56.565,400,
09:59:06,56.555,100,
09:59:06,56.55,100,
09:59:06,56.55,400,
09:59:06,56.55,200,
09:59:06,56.55,500,
09:59:06,56.55,400,
09:59:06,56.55,100,
09:59:06,56.55,300,
09:59:06,56.54,100,
09:59:06,56.55,200,
09:59:06,56.55,100,
09:59:06,56.55,300,
09:59:06,56.55,107,
09:59:06,56.55,300,
09:59:07,56.55,100,
09:59:07,56.55,200,
09:59:07,56.55,100,
09:59:07,56.555,200,
09:59:09,56.55,400,
09:59:11,56.5595,800,
09:59:11,56.56,100,
09:59:11,56.56,300,
09:59:13,56.565,100,
09:59:14,56.565,100,
09:59:14,56.56,107,
09:59:14,56.56,600,
09:59:14,56.55,300,
09:59:15,56.56,100,
09:59:16,56.55,200,
09:59:16,56.55,100,
09:59:16,56.55,100,
09:59:16,56.55,884,
09:59:16,56.55,800,
09:59:16,56.55,100,
09:59:16,56.55,500,
09:59:17,56.56,200,
09:59:17,56.55,200,
09:59:18,56.55,200,
09:59:18,56.5501,200,
09:59:18,56.54,1400,
09:59:19,56.56,100,
09:59:20,56.55,100,
09:59:22,56.55,400,
09:59:22,56.55,100,
09:59:24,56.55,200,
09:59:25,56.55,200,
09:59:29,56.56,100,
09:59:30,56.56,100,
09:59:33,56.56,100,
09:59:34,56.56,100,
09:59:35,56.56,600,
09:59:36,56.56,100,
09:59:36,56.56,600,
09:59:42,56.55,100,
09:59:43,56.55,100,
09:59:43,56.55,100,
09:59:43,56.54,400,
09:59:46,56.5486,500,
09:59:48,56.55,400,
09:59:48,56.55,300,
09:59:48,56.55,200,
09:59:48,56.55,3000,
09:59:49,56.56,100,
09:59:51,56.56,100,
09:59:51,56.56,100,
09:59:51,56.56,400,
09:59:52,56.57,200,
09:59:52,56.57,600,
09:59:52,56.57,300,
09:59:52,56.57,600,
09:59:52,56.57,100,
09:59:54,56.56,300,
09:59:55,56.56,200,
09:59:55,56.56,100,
09:59:55,56.56,300,
09:59:59,56.55,200,
09:59:59,56.54,100,
09:59:59,56.54,400,
09:59:59,56.54,453,
10:00:01,56.54,100,
10:00:01,56.54,700,
10:00:01,56.54,400,
10:00:01,56.54,100,
10:00:03,56.52,500,
10:00:07,56.53,100,
10:00:09,56.5216,200,
10:00:12,56.53,300,
10:00:12,56.53,200,
10:00:12,56.54,100,
10:00:15,56.53,400,
10:00:15,56.54,100,
10:00:15,56.54,500,
10:00:15,56.54,100,
10:00:18,56.55,100,
10:00:19,56.5402,100,
10:00:21,56.54,717,
10:00:21,56.54,1000,
10:00:21,56.54,2587,
10:00:21,56.54,213,
10:00:23,56.53,400,
10:00:23,56.53,100,
10:00:25,56.53,100,
10:00:26,56.54,100,
10:00:28,56.54,100,
10:00:28,56.54,400,
10:00:28,56.54,100,
10:00:29,56.53,400,
10:00:29,56.54,200,
10:00:31,56.54,100,
10:00:31,56.54,400,
10:00:32,56.54,300,
10:00:34,56.54,400,
10:00:34,56.54,400,
10:00:34,56.54,300,
10:00:35,56.55,200,
10:00:35,56.55,200,
10:00:36,56.55,300,
10:00:37,56.56,100,
10:00:37,56.56,600,
10:00:38,56.57,300,
10:00:38,56.57,600,
10:00:38,56.57,300,
10:00:38,56.57,300,
10:00:38,56.57,200,
10:00:38,56.57,300,
10:00:41,56.57,400,
10:00:42,56.58,200,
10:00:42,56.58,100,
10:00:42,56.58,2200,
10:00:42,56.58,262,
10:00:42,56.58,738,
10:00:43,56.59,100,
10:00:44,56.5805,500,
10:00:46,56.59,500,
10:00:46,56.60,200,
10:00:46,56.60,400,
10:00:46,56.59,200,
10:00:46,56.595,400,
10:00:48,56.60,700,
10:00:48,56.61,100,
10:00:48,56.61,600,
10:00:49,56.60,100,
10:00:51,56.60,100,
10:00:51,56.60,223,
10:00:51,56.60,100,
10:00:51,56.60,400,
10:00:51,56.60,700,
10:00:51,56.60,500,
10:00:51,56.60,100,
10:00:51,56.60,652,
10:00:51,56.60,200,
10:00:51,56.60,600,
10:00:51,56.60,2000,
10:00:51,56.60,100,
10:00:51,56.59,100,
10:00:51,56.59,500,
10:00:51,56.59,274,
10:00:51,56.59,300,
10:00:53,56.59,200,
10:00:54,56.5893,2400,
10:00:57,56.60,2000,
10:00:58,56.5986,1000,
10:00:59,56.60,100,
10:01:00,56.60,100,
10:01:00,56.60,200,
10:01:00,56.60,100,
10:01:00,56.60,100,
10:01:00,56.60,100,
10:01:00,56.60,500,
10:01:00,56.60,643,
10:01:00,56.60,500,
10:01:00,56.60,200,
10:01:00,56.60,400,
10:01:00,56.60,100,
10:01:00,56.60,1000,
10:01:00,56.60,357,
10:01:00,56.60,200,
10:01:01,56.61,100,
10:01:01,56.61,100,
10:01:01,56.61,100,
10:01:02,56.6019,100,
10:01:04,56.62,100,
10:01:04,56.62,800,
10:01:04,56.62,800,
10:01:04,56.62,100,
10:01:04,56.62,400,
10:01:04,56.62,200,
10:01:04,56.62,100,
10:01:05,56.62,100,
10:01:06,56.62,100,
10:01:06,56.62,400,
10:01:06,56.62,500,
10:01:06,56.63,200,
10:01:06,56.63,500,
10:01:06,56.63,400,
10:01:06,56.63,100,
10:01:06,56.63,1000,
10:01:06,56.63,600,
10:01:07,56.63,400,
10:01:09,56.62,1800,
10:01:09,56.62,300,
10:01:09,56.62,379,
10:01:09,56.62,100,
10:01:09,56.62,279,
10:01:10,56.6114,1000,
10:01:12,56.61,600,
10:01:12,56.61,300,
10:01:12,56.61,100,
10:01:12,56.60,300,
10:01:12,56.60,200,
10:01:13,56.61,100,
10:01:13,56.61,200,
10:01:13,56.62,200,
10:01:15,56.61,800,
10:01:15,56.61,100,
10:01:15,56.61,400,
10:01:15,56.61,100,
10:01:16,56.62,600,
10:01:17,56.62,220,
10:01:18,56.62,300,
10:01:18,56.62,150,
10:01:21,56.61,100,
10:01:21,56.62,100,
10:01:21,56.62,400,
10:01:21,56.62,200,
10:01:21,56.62,400,
10:01:21,56.62,600,
10:01:22,56.6201,100,
10:01:24,56.63,100,
10:01:26,56.6287,1000,
10:01:28,56.63,400,
10:01:28,56.63,1004,
10:01:28,56.63,100,
10:01:28,56.63,3000,
10:01:28,56.63,100,
10:01:28,56.63,296,
10:01:28,56.63,100,
10:01:28,56.63,100,
10:01:28,56.63,1000,
10:01:28,56.63,100,
10:01:28,56.63,200,
10:01:28,56.63,179,
10:01:28,56.63,100,
10:01:28,56.63,379,
10:01:28,56.63,379,
10:01:28,56.63,119,
10:01:28,56.63,400,
10:01:32,56.64,200,
10:01:32,56.64,100,
10:01:33,56.64,100,
10:01:33,56.64,200,
10:01:33,56.64,100,
10:01:33,56.64,200,
10:01:33,56.65,500,
10:01:34,56.64,600,
10:01:34,56.64,250,
10:01:34,56.64,399,
10:01:34,56.64,100,
10:01:35,56.6469,200,
10:01:36,56.64,100,
10:01:36,56.6384,300,
10:01:37,56.63,100,
10:01:38,56.63,200,
10:01:39,56.63,200,
10:01:39,56.62,500,
10:01:41,56.62,400,
10:01:42,56.62,100,
10:01:42,56.61,100,
10:01:42,56.61,200,
10:01:42,56.61,300,
10:01:42,56.61,300,
10:01:42,56.6104,400,
10:01:43,56.62,200,
10:01:43,56.62,300,
10:01:44,56.62,993,
10:01:46,56.63,100,
10:01:48,56.63,100,
10:01:48,56.62,200,
10:01:48,56.62,500,
10:01:50,56.61,1000,
10:01:50,56.60,200,
10:01:51,56.61,500,
10:01:53,56.62,383,
10:01:53,56.62,600,
10:01:54,56.62,200,
10:01:54,56.63,100,
10:01:57,56.63,200,
10:01:57,56.63,100,
10:01:57,56.63,148,
10:01:57,56.63,300,
10:01:57,56.63,800,
10:01:57,56.63,100,
10:01:57,56.63,400,
10:01:57,56.63,400,
10:01:57,56.63,1000,
10:01:57,56.63,100,
10:01:57,56.63,100,
10:02:00,56.63,100,
10:02:02,56.64,200,
10:02:04,56.63,100,
10:02:04,56.63,100,
10:02:05,56.62,300,
10:02:05,56.62,200,
10:02:05,56.62,100,
10:02:05,56.62,100,
10:02:05,56.62,400,
10:02:05,56.62,400,
10:02:05,56.62,200,
10:02:05,56.62,100,
10:02:05,56.62,100,
10:02:05,56.61,200,
10:02:05,56.62,200,
10:02:05,56.6184,407,
10:02:06,56.63,200,
10:02:07,56.62,500,
10:02:08,56.62,100,
10:02:10,56.62,100,
10:02:12,56.62,200,
10:02:12,56.63,100,
10:02:13,56.63,100,
10:02:14,56.62,100,
10:02:14,56.61,400,
10:02:14,56.61,200,
10:02:14,56.61,100,
10:02:14,56.61,300,
10:02:14,56.61,1000,
10:02:14,56.61,167,
10:02:14,56.61,200,
10:02:14,56.61,100,
10:02:14,56.61,100,
10:02:14,56.61,400,
10:02:14,56.605,100,
10:02:14,56.61,400,
10:02:15,56.60,100,
10:02:15,56.60,100,
10:02:15,56.60,200,
10:02:15,56.60,300,
10:02:15,56.60,400,
10:02:15,56.60,500,
10:02:15,56.60,1000,
10:02:15,56.59,200,
10:02:15,56.59,100,
10:02:15,56.59,400,
10:02:15,56.59,1141,
10:02:15,56.59,100,
10:02:15,56.59,741,
10:02:15,56.60,400,
10:02:15,56.59,100,
10:02:16,56.60,100,
10:02:17,56.59,500,
10:02:17,56.59,100,
10:02:17,56.59,400,
10:02:19,56.59,300,
10:02:19,56.59,400,
10:02:20,56.59,200,
10:02:20,56.59,400,
10:02:20,56.59,100,
10:02:20,56.59,141,
10:02:20,56.59,1100,
10:02:23,56.59,100,
10:02:24,56.58,200,
10:02:24,56.58,200,
10:02:24,56.58,300,
10:02:27,56.58,200,
10:02:27,56.57,100,
10:02:27,56.57,200,
10:02:28,56.57,200,
10:02:28,56.57,400,
10:02:28,56.57,300,
10:02:28,56.57,100,
10:02:28,56.57,100,
10:02:28,56.57,400,
10:02:28,56.57,800,
10:02:28,56.57,600,
10:02:33,56.57,100,
10:02:34,56.57,100,
10:02:35,56.57,400,
10:02:35,56.57,400,
10:02:35,56.57,100,
10:02:35,56.57,1000,
10:02:35,56.58,900,
10:02:36,56.57,400,
10:02:37,56.57,300,
10:02:37,56.57,200,
10:02:38,56.57,200,
10:02:40,56.57,300,
10:02:40,56.57,100,
10:02:42,56.58,100,
10:02:43,56.58,100,
10:02:44,56.58,400,
10:02:44,56.58,400,
10:02:44,56.58,600,
10:02:44,56.58,600,
10:02:45,56.59,400,
10:02:50,56.58,200,
10:02:50,56.58,300,
10:02:50,56.57,300,
10:02:50,56.57,100,
10:02:50,56.56,100,
10:02:51,56.57,270,
10:02:51,56.57,100,
10:02:52,56.56,200,
10:02:52,56.55,300,
10:02:53,56.54,300,
10:02:53,56.54,200,
10:02:54,56.53,100,
10:02:54,56.53,100,
10:02:55,56.52,100,
10:02:56,56.5293,2000,
10:02:57,56.53,100,
10:02:57,56.53,200,
10:02:57,56.53,100,
10:02:57,56.53,200,
10:02:58,56.53,300,
10:02:58,56.53,100,
10:02:59,56.52,400,
10:03:00,56.52,600,
10:03:01,56.51,200,
10:03:01,56.51,500,
10:03:02,56.51,100,
10:03:02,56.51,200,
10:03:03,56.52,600,
10:03:04,56.52,100,
10:03:05,56.52,100,
10:03:05,56.51,200,
10:03:10,56.505,400,
10:03:10,56.505,200,
10:03:10,56.50,375,
10:03:10,56.49,300,
10:03:11,56.49,300,
10:03:13,56.4901,300,
10:03:13,56.4901,100,
10:03:13,56.49,200,
10:03:14,56.48,103,
10:03:14,56.49,200,
10:03:14,56.49,100,
10:03:14,56.49,100,
10:03:14,56.49,200,
10:03:15,56.49,100,
10:03:16,56.49,100,
10:03:17,56.49,100,
10:03:17,56.49,100,
10:03:17,56.49,600,
10:03:19,56.49,300,
10:03:19,56.49,200,
10:03:21,56.49,400,
10:03:21,56.49,200,
10:03:21,56.49,200,
10:03:21,56.49,200,
10:03:21,56.49,100,
10:03:22,56.49,100,
10:03:22,56.49,300,
10:03:22,56.50,200,
10:03:22,56.50,100,
10:03:22,56.50,100,
10:03:22,56.50,1100,
10:03:22,56.50,400,
10:03:22,56.50,100,
10:03:22,56.50,290,
10:03:23,56.50,100,
10:03:23,56.49,600,
10:03:23,56.49,200,
10:03:23,56.49,200,
10:03:23,56.49,200,
10:03:23,56.49,400,
10:03:23,56.49,200,
10:03:23,56.49,2000,
10:03:23,56.49,400,
10:03:23,56.49,178,
10:03:23,56.49,300,
10:03:23,56.49,100,
10:03:23,56.49,200,
10:03:23,56.49,600,
10:03:23,56.49,1200,
10:03:23,56.49,200,
10:03:23,56.49,1300,
10:03:23,56.49,300,
10:03:23,56.49,1504,
10:03:23,56.49,200,
10:03:23,56.49,200,
10:03:24,56.49,200,
10:03:24,56.49,200,
10:03:26,56.4881,3000,
10:03:27,56.48,100,
10:03:27,56.47,126,
10:03:27,56.47,600,
10:03:27,56.47,500,
10:03:27,56.47,1457,
10:03:27,56.47,100,
10:03:27,56.47,100,
10:03:27,56.47,100,
10:03:28,56.48,100,
10:03:28,56.48,200,
10:03:28,56.48,700,
10:03:28,56.48,600,
10:03:28,56.4799,100,
10:03:28,56.47,100,
10:03:33,56.48,200,
10:03:34,56.48,200,
10:03:34,56.48,500,
10:03:34,56.48,400,
10:03:35,56.48,100,
10:03:35,56.48,100,
10:03:35,56.48,100,
10:03:35,56.48,200,
10:03:35,56.48,363,
10:03:35,56.48,200,
10:03:35,56.48,170,
10:03:35,56.48,430,
10:03:37,56.49,1000,
10:03:37,56.49,600,
10:03:38,56.494,200,
10:03:40,56.50,1867,
10:03:40,56.51,200,
10:03:40,56.51,1453,
10:03:40,56.51,600,
10:03:41,56.52,100,
10:03:42,56.52,100,
10:03:42,56.51,262,
10:03:43,56.52,100,
10:03:43,56.51,600,
10:03:43,56.51,1000,
10:03:45,56.51,200,
10:03:46,56.50,100,
10:03:46,56.50,100,
10:03:46,56.50,100,
10:03:46,56.50,3334,
10:03:46,56.50,580,
10:03:46,56.50,600,
10:03:46,56.50,300,
10:03:46,56.50,300,
10:03:47,56.50,100,
10:03:47,56.50,100,
10:03:47,56.50,100,
10:03:47,56.50,100,
10:03:47,56.50,100,
10:03:47,56.50,200,
10:03:47,56.50,200,
10:03:47,56.50,6492,
10:03:47,56.50,300,
10:03:47,56.50,100,
10:03:47,56.50,400,
10:03:48,56.50,100,
10:03:49,56.50,200,
10:03:49,56.495,100,
10:03:49,56.50,2949,
10:03:49,56.50,3924,
10:03:49,56.50,200,
10:03:49,56.495,100,
10:03:49,56.50,300,
10:03:49,56.50,150,
10:03:49,56.50,100,
10:03:49,56.51,100,
10:03:50,56.51,100,
10:03:50,56.51,300,
10:03:50,56.51,400,
10:03:50,56.51,400,
10:03:50,56.51,200,
10:03:50,56.51,400,
10:03:51,56.5005,1000,
10:03:52,56.51,813,
10:03:52,56.51,1700,
10:03:52,56.51,3000,
10:03:52,56.51,300,
10:03:52,56.51,3200,
10:03:52,56.51,2500,
10:03:52,56.51,2450,
10:03:52,56.51,300,
10:03:52,56.51,300,
10:03:52,56.51,6000,
10:03:52,56.52,200,
10:03:52,56.52,100,
10:03:52,56.52,100,
10:03:52,56.52,400,
10:03:52,56.51,100,
10:03:52,56.52,200,
10:03:52,56.51,800,
10:03:52,56.51,200,
10:03:52,56.51,200,
10:03:52,56.50,100,
10:03:52,56.51,100,
10:03:52,56.50,200,
10:03:53,56.51,100,
10:03:53,56.51,100,
10:03:53,56.50,100,
10:03:53,56.50,400,
10:03:53,56.50,400,
10:03:53,56.50,2000,
10:03:53,56.50,200,
10:03:53,56.50,400,
10:03:53,56.50,108,
10:03:53,56.50,1150,
10:03:53,56.50,1092,
10:03:53,56.50,100,
10:03:57,56.51,1500,
10:03:57,56.51,400,
10:03:57,56.51,400,
10:03:57,56.51,500,
10:03:57,56.51,200,
10:03:57,56.51,100,
10:03:57,56.51,800,
10:03:57,56.51,800,
10:03:57,56.51,1600,
10:03:57,56.51,200,
10:03:57,56.51,1300,
10:03:57,56.51,5892,
10:03:57,56.52,100,
10:03:58,56.51,100,
10:03:58,56.50,100,
10:03:58,56.51,100,
10:03:58,56.50,900,
10:03:58,56.50,600,
10:03:58,56.50,730,
10:03:58,56.50,300,
10:03:58,56.50,150,
10:04:01,56.50,1200,
10:04:01,56.50,700,
10:04:01,56.50,800,
10:04:01,56.50,300,
10:04:03,56.51,100,
10:04:05,56.5024,200,
10:04:05,56.5012,500,
10:04:05,56.50,200,
10:04:05,56.50,600,
10:04:06,56.50,600,
10:04:06,56.50,100,
10:04:09,56.49,200,
10:04:10,56.49,600,
10:04:10,56.49,400,
10:04:10,56.49,200,
10:04:11,56.49,100,
10:04:12,56.50,600,
10:04:12,56.50,200,
10:04:12,56.50,313,
10:04:12,56.50,1622,
10:04:12,56.50,150,
10:04:12,56.51,100,
10:04:12,56.50,2439,
10:04:12,56.51,100,
10:04:12,56.50,8195,
10:04:12,56.50,500,
10:04:12,56.50,200,
10:04:13,56.5029,100,
10:04:13,56.50,100,
10:04:13,56.50,200,
10:04:13,56.50,300,
10:04:14,56.4981,300,
10:04:18,56.51,100,
10:04:19,56.50,600,
10:04:20,56.50,900,
10:04:20,56.50,100,
10:04:20,56.50,600,
10:04:20,56.50,300,
10:04:20,56.50,558,
10:04:20,56.50,600,
10:04:20,56.50,800,
10:04:20,56.50,100,
10:04:20,56.50,2100,
10:04:20,56.50,300,
10:04:20,56.50,600,
10:04:20,56.52,200,
10:04:20,56.50,2400,
10:04:20,56.50,300,
10:04:20,56.50,3700,
10:04:20,56.50,22229,
10:04:20,56.50,1200,
10:04:20,56.50,3000,
10:04:20,56.50,400,
10:04:20,56.50,1700,
10:04:20,56.50,400,
10:04:20,56.50,300,
10:04:20,56.50,3639,
10:04:20,56.50,200,
10:04:20,56.51,500,
10:04:20,56.51,500,
10:04:20,56.51,100,
10:04:20,56.51,100,
10:04:20,56.51,100,
10:04:20,56.51,100,
10:04:20,56.51,300,
10:04:23,56.515,100,
10:04:23,56.52,200,
10:04:25,56.52,100,
10:04:25,56.5199,200,
10:04:27,56.5199,300,
10:04:27,56.5109,100,
10:04:29,56.52,300,
10:04:30,56.52,100,
10:04:30,56.52,100,
10:04:30,56.52,600,
10:04:30,56.52,100,
10:04:31,56.53,200,
10:04:31,56.53,200,
10:04:31,56.53,300,
10:04:31,56.53,380,
10:04:31,56.535,500,
10:04:31,56.53,100,
10:04:31,56.53,400,
10:04:31,56.53,400,
10:04:31,56.53,600,
10:04:31,56.53,340,
10:04:31,56.54,100,
10:04:31,56.54,100,
10:04:32,56.54,600,
10:04:32,56.54,1200,
10:04:33,56.54,200,
10:04:33,56.54,500,
10:04:33,56.55,213,
10:04:33,56.55,100,
10:04:35,56.55,100,
10:04:36,56.55,200,
10:04:36,56.55,100,
10:04:39,56.55,100,
10:04:39,56.55,149,
10:04:39,56.55,1000,
10:04:39,56.55,100,
10:04:39,56.55,200,
10:04:39,56.55,100,
10:04:39,56.55,100,
10:04:39,56.54,100,
10:04:39,56.54,100,
10:04:41,56.56,100,
10:04:41,56.56,100,
10:04:41,56.56,1000,
10:04:41,56.56,400,
10:04:41,56.56,100,
10:04:41,56.56,400,
10:04:41,56.56,600,
10:04:41,56.56,1800,
10:04:41,56.56,100,
10:04:42,56.56,400,
10:04:42,56.56,2498,
10:04:42,56.56,889,
10:04:42,56.56,400,
10:04:42,56.56,600,
10:04:42,56.56,300,
10:04:42,56.56,500,
10:04:42,56.56,1700,
10:04:42,56.56,100,
10:04:42,56.56,300,
10:04:42,56.56,100,
10:04:42,56.56,2100,
10:04:42,56.56,300,
10:04:42,56.56,102,
10:04:42,56.56,900,
10:04:42,56.56,400,
10:04:42,56.56,900,
10:04:42,56.56,900,
10:04:42,56.56,350,
10:04:42,56.56,1150,
10:04:42,56.56,900,
10:04:42,56.56,1000,
10:04:42,56.56,109,
10:04:42,56.56,200,
10:04:42,56.56,100,
10:04:42,56.56,1150,
10:04:42,56.56,1104,
10:04:42,56.56,109,
10:04:42,56.56,100,
10:04:42,56.56,300,
10:04:42,56.56,100,
10:04:42,56.5607,2000,
10:04:43,56.56,900,
10:04:43,56.56,900,
10:04:43,56.56,200,
10:04:43,56.56,900,
10:04:43,56.56,150,
10:04:44,56.56,400,
10:04:44,56.56,900,
10:04:45,56.56,100,
10:04:45,56.56,100,
10:04:45,56.56,100,
10:04:45,56.56,900,
10:04:49,56.55,200,
10:04:49,56.55,100,
10:04:49,56.55,300,
10:04:49,56.55,182,
10:04:49,56.56,100,
10:04:53,56.56,100,
10:04:54,56.55,200,
10:04:59,56.53,200,
10:04:59,56.53,400,
10:04:59,56.53,400,
10:04:59,56.53,600,
10:04:59,56.525,100,
10:04:59,56.53,100,
10:05:00,56.54,500,
10:05:03,56.525,100,
10:05:03,56.53,100,
10:05:05,56.53,100,
10:05:05,56.53,200,
10:05:06,56.5399,300,
10:05:09,56.54,100,
10:05:10,56.54,200,
10:05:10,56.54,900,
10:05:10,56.54,100,
10:05:14,56.55,100,
10:05:14,56.55,200,
10:05:14,56.54,100,
10:05:14,56.54,600,
10:05:14,56.54,1000,
10:05:14,56.54,1500,
10:05:15,56.53,600,
10:05:15,56.53,251,
10:05:15,56.53,387,
10:05:15,56.53,200,
10:05:17,56.53,100,
10:05:17,56.53,200,
10:05:17,56.53,200,
10:05:17,56.53,1000,
10:05:18,56.52,500,
10:05:18,56.52,200,
10:05:20,56.5131,200,
10:05:21,56.51,600,
10:05:21,56.51,300,
10:05:21,56.51,100,
10:05:23,56.50,600,
10:05:23,56.50,100,
10:05:23,56.50,200,
10:05:26,56.50,200,
10:05:26,56.50,200,
10:05:26,56.50,600,
10:05:27,56.51,100,
10:05:27,56.51,100,
10:05:27,56.51,800,
10:05:27,56.51,500,
10:05:28,56.51,200,
10:05:29,56.51,200,
10:05:30,56.51,500,
10:05:35,56.505,100,
10:05:37,56.52,100,
10:05:40,56.53,300,
10:05:41,56.53,400,
