09:30:00,53.17,200,
09:30:00,53.18,200,
09:30:00,53.16,500,
09:30:00,53.16,300,
09:30:00,53.16,300,
09:30:00,53.16,400,
09:30:00,53.16,500,
09:30:00,53.16,82904,
09:30:00,53.16,200,
09:30:00,53.16,300,
09:30:00,53.16,300,
09:30:00,53.16,1000,
09:30:00,53.16,400,
09:30:00,53.17,150,
09:30:00,53.17,100,
09:30:00,53.18,200,
09:30:00,53.18,500,
09:30:00,53.18,100,
09:30:01,53.18,400,
09:30:02,53.1716,300,
09:30:02,53.1715,300,
09:30:02,53.19,400,
09:30:02,53.19,300,
09:30:02,53.19,200,
09:30:02,53.19,300,
09:30:02,53.19,300,
09:30:02,53.20,200,
09:30:02,53.20,200,
09:30:02,53.20,200,
09:30:02,53.20,200,
09:30:02,53.20,300,
09:30:02,53.20,400,
09:30:02,53.16,100,
09:30:02,53.16,100,
09:30:02,53.16,200,
09:30:02,53.16,1000,
09:30:02,53.16,175,
09:30:02,53.16,494,
09:30:02,53.16,200,
09:30:02,53.16,2000,
09:30:02,53.16,200,
09:30:02,53.16,3500,
09:30:02,53.16,1800,
09:30:02,53.16,1713,
09:30:02,53.16,400,
09:30:02,53.16,200,
09:30:02,53.16,174,
09:30:02,53.16,100,
09:30:02,53.16,200,
09:30:02,53.16,500,
09:30:02,53.16,660,
09:30:02,53.16,1312,
09:30:02,53.16,148,
09:30:02,53.16,100,
09:30:02,53.16,200,
09:30:02,53.16,100,
09:30:02,53.16,100,
09:30:02,53.16,1000,
09:30:02,53.16,1042,
09:30:02,53.16,746,
09:30:02,53.16,406,
09:30:02,53.16,100,
09:30:02,53.16,2500,
09:30:02,53.16,130,
09:30:02,53.16,575,
09:30:02,53.16,1760,
09:30:02,53.16,500,
09:30:02,53.16,150,
09:30:02,53.16,100,
09:30:02,53.16,200,
09:30:02,53.16,160,
09:30:02,53.16,200,
09:30:02,53.16,108,
09:30:02,53.16,1000,
09:30:02,53.16,680,
09:30:02,53.16,500,
09:30:02,53.16,1460,
09:30:02,53.16,500,
09:30:02,53.16,300,
09:30:02,53.16,160,
09:30:02,53.16,106,
09:30:02,53.16,600,
09:30:02,53.16,400,
09:30:02,53.16,150,
09:30:02,53.16,200,
09:30:02,53.16,828,
09:30:02,53.16,145,
09:30:02,53.16,150,
09:30:02,53.16,215,
09:30:02,53.16,100,
09:30:02,53.16,233,
09:30:02,53.16,100,
09:30:02,53.16,180,
09:30:02,53.16,150,
09:30:02,53.16,2000,
09:30:02,53.16,120,
09:30:02,53.16,100,
09:30:02,53.16,2185,
09:30:02,53.16,100,
09:30:02,53.16,610,
09:30:02,53.16,300,
09:30:02,53.20,200,
09:30:02,53.19,100,
09:30:02,53.17,898,
09:30:02,53.17,100,
09:30:02,53.18,200,
09:30:02,53.18,1896,
09:30:02,53.18,1800,
09:30:02,53.18,400,
09:30:02,53.18,430,
09:30:02,53.18,200,
09:30:02,53.18,500,
09:30:02,53.18,200,
09:30:02,53.18,200,
09:30:02,53.18,680,
09:30:03,53.18,400,
09:30:03,53.18,200,
09:30:03,53.17,567,
09:30:03,53.17,5639,
09:30:03,53.17,970,
09:30:03,53.17,100,
09:30:04,53.16,1000,
09:30:04,53.16,100,
09:30:04,53.16,500,
09:30:04,53.16,500,
09:30:04,53.16,300,
09:30:04,53.16,200,
09:30:04,53.16,300,
09:30:04,53.16,200,
09:30:04,53.16,200,
09:30:05,53.16,400,
09:30:05,53.16,500,
09:30:05,53.16,200,
09:30:05,53.16,200,
09:30:05,53.16,100,
09:30:06,53.1731,100,
09:30:06,53.1727,300,
09:30:06,53.18,100,
09:30:07,53.17,100,
09:30:08,53.175,100,
09:30:09,53.16,200,
09:30:09,53.16,400,
09:30:09,53.16,200,
09:30:09,53.17,200,
09:30:09,53.17,200,
09:30:09,53.17,100,
09:30:10,53.17,500,
09:30:10,53.17,500,
09:30:11,53.17,100,
09:30:11,53.17,100,
09:30:11,53.17,200,
09:30:11,53.17,200,
09:30:11,53.1714,1000,
09:30:12,53.18,100,
09:30:13,53.18,136,
09:30:13,53.1763,200,
09:30:13,53.1763,300,
09:30:13,53.18,600,
09:30:13,53.18,400,
09:30:13,53.18,200,
09:30:13,53.18,400,
09:30:13,53.1663,500,
09:30:14,53.19,400,
09:30:14,53.19,758,
09:30:14,53.19,100,
09:30:15,53.20,800,
09:30:15,53.20,100,
09:30:16,53.19,1770,
09:30:16,53.19,200,
09:30:16,53.19,400,
09:30:16,53.19,100,
09:30:16,53.19,200,
09:30:17,53.165,100,
09:30:18,53.20,500,
09:30:18,53.20,500,
09:30:18,53.20,100,
09:30:18,53.20,200,
09:30:18,53.20,400,
09:30:18,53.165,100,
09:30:18,53.18,400,
09:30:19,53.20,100,
09:30:19,53.21,200,
09:30:19,53.21,600,
09:30:19,53.21,600,
09:30:19,53.20,300,
09:30:19,53.20,500,
09:30:19,53.20,100,
09:30:19,53.20,200,
09:30:19,53.20,500,
09:30:19,53.20,400,
09:30:19,53.20,300,
09:30:19,53.20,500,
09:30:19,53.20,100,
09:30:19,53.20,100,
09:30:19,53.20,1234,
09:30:19,53.20,2978,
09:30:19,53.20,500,
09:30:19,53.20,200,
09:30:19,53.20,300,
09:30:20,53.21,100,
09:30:20,53.21,700,
09:30:20,53.21,800,
09:30:20,53.20,100,
09:30:20,53.20,200,
09:30:21,53.21,500,
09:30:22,53.21,200,
09:30:22,53.21,1630,
09:30:22,53.21,100,
09:30:22,53.21,400,
09:30:22,53.22,1530,
09:30:22,53.22,400,
09:30:22,53.21,200,
09:30:23,53.22,800,
09:30:23,53.22,400,
09:30:25,53.22,500,
09:30:25,53.22,200,
09:30:25,53.22,300,
09:30:25,53.22,300,
09:30:25,53.22,400,
09:30:25,53.22,500,
09:30:25,53.1795,200,
09:30:26,53.22,500,
09:30:26,53.15,5000,
09:30:26,53.22,400,
09:30:26,53.22,100,
09:30:28,53.23,1630,
09:30:28,53.23,200,
09:30:28,53.23,100,
09:30:28,53.23,500,
09:30:29,53.24,100,
09:30:30,53.23,200,
09:30:31,53.23,300,
09:30:31,53.23,500,
09:30:31,53.2301,300,
09:30:31,53.23,500,
09:30:31,53.23,300,
09:30:31,53.23,400,
09:30:31,53.22,122,
09:30:31,53.2117,9200,
09:30:31,53.21,200,
09:30:31,53.21,400,
09:30:31,53.21,100,
09:30:31,53.22,100,
09:30:32,53.21,100,
09:30:34,53.20,3300,
09:30:34,53.2001,8000,
09:30:35,53.21,375,
09:30:36,53.2001,300,
09:30:36,53.2001,200,
09:30:37,53.20,770,
09:30:37,53.20,200,
09:30:37,53.20,500,
09:30:38,53.20,100,
09:30:38,53.20,500,
09:30:39,53.21,950,
09:30:39,53.2022,500,
09:30:40,53.20,2792,
09:30:40,53.20,500,
09:30:40,53.21,141,
09:30:42,53.20,2900,
09:30:43,53.19,1970,
09:30:43,53.19,1630,
09:30:43,53.19,300,
09:30:43,53.20,3200,
09:30:43,53.20,300,
09:30:43,53.20,100,
09:30:43,53.20,200,
09:30:46,53.19,300,
09:30:46,53.19,100,
09:30:46,53.19,100,
09:30:46,53.19,700,
09:30:46,53.20,600,
09:30:46,53.20,500,
09:30:46,53.20,200,
09:30:46,53.19,200,
09:30:46,53.19,400,
09:30:47,53.19,1000,
09:30:49,53.23,200,
09:30:49,53.22,500,
09:30:51,53.21,100,
09:30:51,53.22,813,
09:30:51,53.22,400,
09:30:51,53.20,1000,
09:30:52,53.22,100,
09:30:54,53.22,400,
09:30:54,53.22,900,
09:30:56,53.21,1600,
09:30:56,53.21,1000,
09:30:56,53.21,800,
09:30:56,53.20,500,
09:30:56,53.20,100,
09:30:56,53.20,400,
09:30:56,53.20,100,
09:31:01,53.19,100,
09:31:01,53.1901,100,
09:31:01,53.19,100,
09:31:01,53.1901,100,
09:31:01,53.19,100,
09:31:01,53.19,100,
09:31:02,53.20,100,
09:31:06,53.19,100,
09:31:08,53.18,6600,
09:31:09,53.18,500,
09:31:09,53.17,100,
09:31:09,53.17,100,
09:31:09,53.18,400,
09:31:09,53.16,200,
09:31:09,53.17,500,
09:31:09,53.17,310,
09:31:09,53.18,200,
09:31:10,53.17,100,
09:31:12,53.169,1000,
09:31:15,53.16,500,
09:31:15,53.16,100,
09:31:15,53.16,300,
09:31:15,53.17,4800,
09:31:15,53.15,8000,
09:31:19,53.14,500,
09:31:21,53.141,100,
09:31:22,53.12,100,
09:31:23,53.11,100,
09:31:23,53.11,200,
09:31:25,53.1193,450,
09:31:26,53.11,1100,
09:31:27,53.10,500,
09:31:27,53.10,1700,
09:31:27,53.10,806,
09:31:27,53.10,100,
09:31:27,53.1005,300,
09:31:28,53.10,500,
09:31:28,53.09,500,
09:31:28,53.09,500,
09:31:28,53.09,500,
09:31:28,53.09,200,
09:31:28,53.09,700,
09:31:28,53.09,300,
09:31:28,53.09,500,
09:31:28,53.09,381,
09:31:28,53.08,500,
09:31:28,53.0831,400,
09:31:28,53.08,100,
09:31:28,53.08,400,
09:31:28,53.08,300,
09:31:28,53.08,100,
09:31:28,53.08,300,
09:31:28,53.08,300,
09:31:28,53.08,200,
09:31:28,53.08,200,
09:31:28,53.0728,200,
09:31:28,53.08,200,
09:31:28,53.08,400,
09:31:28,53.09,100,
09:31:29,53.09,300,
09:31:29,53.09,200,
09:31:30,53.09,500,
09:31:31,53.09,410,
09:31:31,53.09,200,
09:31:32,53.08,1630,
09:31:33,53.08,2300,
09:31:35,53.0637,400,
09:31:35,53.0637,100,
09:31:35,53.07,200,
09:31:35,53.07,200,
09:31:35,53.07,500,
09:31:35,53.07,500,
09:31:35,53.08,200,
09:31:35,53.08,1000,
09:31:35,53.08,2100,
09:31:35,53.08,100,
09:31:35,53.08,126,
09:31:35,53.08,200,
09:31:35,53.08,400,
09:31:35,53.08,400,
09:31:35,53.08,200,
09:31:35,53.08,200,
09:31:35,53.08,200,
09:31:35,53.08,500,
09:31:35,53.08,1220,
09:31:35,53.08,1200,
09:31:35,53.08,200,
09:31:35,53.08,1600,
09:31:35,53.08,1630,
09:31:35,53.07,200,
09:31:35,53.09,200,
09:31:36,53.09,1000,
09:31:36,53.09,1000,
09:31:36,53.08,200,
09:31:36,53.09,2600,
09:31:36,53.09,1000,
09:31:36,53.09,500,
09:31:36,53.09,300,
09:31:36,53.09,100,
09:31:36,53.09,400,
09:31:36,53.09,200,
09:31:36,53.09,500,
09:31:36,53.10,900,
09:31:36,53.10,861,
09:31:36,53.10,2400,
09:31:36,53.10,400,
09:31:36,53.10,400,
09:31:36,53.10,400,
09:31:36,53.10,200,
09:31:36,53.10,500,
09:31:36,53.10,200,
09:31:36,53.10,200,
09:31:36,53.10,2380,
09:31:36,53.10,400,
09:31:36,53.10,600,
09:31:36,53.10,100,
09:31:36,53.10,300,
09:31:36,53.10,400,
09:31:36,53.10,500,
09:31:36,53.10,500,
09:31:36,53.09,710,
09:31:36,53.09,400,
09:31:36,53.09,200,
09:31:36,53.09,134,
09:31:36,53.09,366,
09:31:38,53.08,400,
09:31:39,53.08,1362,
09:31:39,53.08,500,
09:31:40,53.0763,200,
09:31:40,53.0766,200,
09:31:40,53.0767,100,
09:31:41,53.08,100,
09:31:42,53.08,100,
09:31:42,53.08,400,
09:31:44,53.09,200,
09:31:44,53.09,200,
09:31:44,53.09,200,
09:31:44,53.09,2100,
09:31:44,53.09,400,
09:31:46,53.09,500,
09:31:46,53.09,400,
09:31:46,53.09,300,
09:31:46,53.09,1500,
09:31:46,53.10,100,
09:31:46,53.10,100,
09:31:46,53.10,2600,
09:31:46,53.10,300,
09:31:46,53.10,200,
09:31:46,53.11,200,
09:31:46,53.11,720,
09:31:46,53.11,380,
09:31:47,53.10,187,
09:31:48,53.12,100,
09:31:49,53.12,100,
09:31:50,53.12,500,
09:31:50,53.12,100,
09:31:51,53.12,2600,
09:31:51,53.12,500,
09:31:51,53.12,200,
09:31:51,53.12,10001,
09:31:51,53.12,2500,
09:31:52,53.12,2500,
09:31:53,53.12,200,
09:31:53,53.13,500,
09:31:53,53.12,273,
09:31:53,53.12,100,
09:31:53,53.12,300,
09:31:53,53.12,3500,
09:31:53,53.12,200,
09:31:53,53.12,10038,
09:31:56,53.11,100,
09:31:57,53.10,300,
09:31:58,53.09,400,
09:31:58,53.09,400,
09:31:58,53.09,200,
09:31:59,53.09,100,
09:31:59,53.08,200,
09:32:02,53.07,2605,
09:32:02,53.07,195,
09:32:02,53.07,200,
09:32:02,53.07,200,
09:32:03,53.06,400,
09:32:03,53.0537,500,
09:32:04,53.061,100,
09:32:06,53.06,200,
09:32:07,53.06,100,
09:32:07,53.07,200,
09:32:07,53.07,2600,
09:32:09,53.06,200,
09:32:12,53.06,400,
09:32:12,53.06,100,
09:32:13,53.06,221,
09:32:13,53.0671,100,
09:32:17,53.05,600,
09:32:18,53.05,800,
09:32:18,53.05,200,
09:32:19,53.0501,5000,
09:32:20,53.06,400,
09:32:23,53.05,500,
09:32:26,53.04,100,
09:32:26,53.03,600,
09:32:29,53.04,147,
09:32:29,53.04,100,
09:32:29,53.04,100,
09:32:30,53.03,1000,
09:32:30,53.03,200,
09:32:30,53.03,500,
09:32:30,53.03,500,
09:32:31,53.0302,100,
09:32:31,53.031,200,
09:32:35,53.03,200,
09:32:35,53.03,100,
09:32:36,53.03,100,
09:32:36,53.03,240,
09:32:36,53.03,200,
09:32:36,53.03,127,
09:32:36,53.03,100,
09:32:36,53.03,273,
09:32:37,53.04,200,
09:32:37,53.04,500,
09:32:37,53.04,200,
09:32:37,53.04,354,
09:32:39,53.05,200,
09:32:43,53.04,500,
09:32:43,53.05,100,
09:32:43,53.05,200,
09:32:43,53.06,200,
09:32:43,53.06,200,
09:32:43,53.06,100,
09:32:43,53.05,200,
09:32:43,53.05,300,
09:32:43,53.05,500,
09:32:43,53.05,200,
09:32:43,53.05,116,
09:32:43,53.06,300,
09:32:43,53.05,200,
09:32:43,53.06,200,
09:32:43,53.06,300,
09:32:43,53.05,200,
09:32:43,53.05,708,
09:32:44,53.0584,200,
09:32:48,53.04,300,
09:32:49,53.0402,200,
09:32:52,53.03,500,
09:32:53,53.02,100,
09:32:53,53.02,400,
09:32:53,53.02,200,
09:32:53,53.02,400,
09:32:54,53.02,200,
09:32:54,53.02,300,
09:32:54,53.02,100,
09:32:54,53.02,250,
09:32:56,53.02,500,
09:32:57,53.02,100,
09:32:57,53.02,200,
09:32:57,53.02,100,
09:32:57,53.02,200,
09:33:01,53.02,100,
09:33:01,53.01,200,
09:33:01,53.01,200,
09:33:01,53,100,
09:33:01,53,100,
09:33:01,53.02,225,
09:33:01,53,100,
09:33:02,53.01,500,
09:33:02,53.01,100,
09:33:03,53.01,400,
09:33:04,53.01,500,
09:33:04,53.02,1000,
09:33:05,53.01,400,
09:33:08,53.01,300,
09:33:09,53.01,300,
09:33:11,53.02,500,
09:33:11,53.02,300,
09:33:11,53.02,280,
09:33:11,53.02,300,
09:33:11,53.02,300,
09:33:11,53.02,500,
09:33:11,53.01,200,
09:33:11,53.02,200,
09:33:11,53.02,300,
09:33:11,53.02,700,
09:33:11,53.02,100,
09:33:11,53.001,1200,
09:33:12,53.02,400,
09:33:12,53.02,500,
09:33:12,53.0298,100,
09:33:12,53.011,100,
09:33:17,53.01,200,
09:33:19,53.01,300,
09:33:19,53.01,400,
09:33:19,53.01,500,
09:33:19,53.01,400,
09:33:20,53,137,
09:33:20,53,198,
09:33:20,53,200,
09:33:22,53.01,400,
09:33:22,53.01,259,
09:33:23,53,100,
09:33:23,53,370,
09:33:23,53,200,
09:33:23,53,970,
09:33:23,53,100,
09:33:25,53,10000,
09:33:27,53,300,
09:33:27,53,600,
09:33:28,53,100,
09:33:28,53.02,1200,
09:33:28,53.02,400,
09:33:28,53.02,400,
09:33:30,53.02,500,
09:33:30,53.03,100,
09:33:31,53.02,200,
09:33:32,53.02,272,
09:33:32,53.03,500,
09:33:32,53.03,428,
09:33:32,53.03,300,
09:33:32,53.03,859,
09:33:32,53.04,100,
09:33:32,53.04,200,
09:33:32,53.03,100,
09:33:32,53.03,200,
09:33:32,53.03,200,
09:33:32,53.03,200,
09:33:32,53.03,300,
09:33:32,53.02,100,
09:33:32,53.03,100,
09:33:32,53.035,200,
09:33:32,53.03,100,
09:33:34,53.04,500,
09:33:35,53.05,146,
09:33:35,53.05,200,
09:33:35,53.05,100,
09:33:35,53.05,500,
09:33:35,53.05,100,
09:33:35,53.05,500,
09:33:35,53.05,321,
09:33:36,53.05,200,
09:33:38,53.0595,900,
09:33:38,53.06,200,
09:33:38,53.06,100,
09:33:38,53.07,472,
09:33:38,53.07,100,
09:33:38,53.07,200,
09:33:38,53.08,813,
09:33:39,53.07,100,
09:33:40,53.06,200,
09:33:40,53.06,500,
09:33:40,53.06,200,
09:33:41,53.07,10000,
09:33:42,53.06,100,
09:33:42,53.07,400,
09:33:42,53.07,400,
09:33:42,53.07,360,
09:33:42,53.07,100,
09:33:43,53.07,100,
09:33:43,53.06,200,
09:33:44,53.06,200,
09:33:47,53.06,500,
09:33:47,53.06,200,
09:33:47,53.06,271,
09:33:47,53.06,100,
09:33:51,53.05,200,
09:33:52,53.05,100,
09:33:56,53.05,800,
09:33:57,53.04,400,
09:33:57,53.04,100,
09:33:59,53.04,100,
09:33:59,53.04,300,
09:33:59,53.03,400,
09:33:59,53.03,200,
09:33:59,53.03,200,
09:33:59,53.03,500,
09:33:59,53.03,300,
09:33:59,53.03,300,
09:33:59,53.03,100,
09:33:59,53.03,500,
09:33:59,53.03,100,
09:33:59,53.03,932,
09:33:59,53.03,500,
09:33:59,53.03,100,
09:33:59,53.03,618,
09:34:00,53.03,20000,
09:34:00,53.03,500,
09:34:03,53.03,100,
09:34:03,53.03,100,
09:34:03,53.03,100,
09:34:05,53.03,200,
09:34:07,53.03,2100,
09:34:07,53.03,200,
09:34:07,53.03,500,
09:34:08,53.04,100,
09:34:08,53.04,500,
09:34:11,53.03,350,
09:34:15,53.0281,100,
09:34:15,53.03,100,
09:34:16,53.03,200,
09:34:16,53.03,100,
09:34:21,53.04,100,
09:34:23,53.04,10000,
09:34:27,53.03,308,
09:34:27,53.021,100,
09:34:30,53.01,100,
09:34:31,53.01,100,
09:34:32,53.02,100,
09:34:32,53.02,500,
09:34:32,53.02,200,
09:34:32,53.02,299,
09:34:32,53.02,100,
09:34:33,53.01,100,
09:34:33,53.02,300,
09:34:36,53.02,300,
09:34:36,53.03,100,
09:34:36,53.02,200,
09:34:37,53.02,100,
09:34:37,53.01,500,
09:34:39,53.02,500,
09:34:39,53.02,500,
09:34:39,53.03,500,
09:34:39,53.03,200,
09:34:39,53.02,200,
09:34:39,53.02,300,
09:34:39,53.03,100,
09:34:39,53.02,100,
09:34:39,53.02,100,
09:34:39,53.02,100,
09:34:40,53.03,500,
09:34:41,53.03,300,
09:34:41,53.02,200,
09:34:43,53.02,228,
09:34:43,53.02,1000,
09:34:44,53.01,100,
09:34:47,53.01,200,
09:34:47,53.01,200,
09:34:47,53.01,100,
09:34:49,53.01,200,
09:34:49,53.01,200,
09:34:49,53.01,500,
09:34:49,53.01,200,
09:34:49,53.011,900,
09:34:49,53.011,900,
09:34:50,53.02,100,
09:34:52,53.018,500,
09:34:52,53.018,400,
09:34:55,53.02,100,
09:34:55,53.02,500,
09:34:56,53.03,200,
09:34:56,53.0263,300,
09:34:56,53.0263,500,
09:34:58,53.03,500,
09:35:00,53.04,1000,
09:35:01,53.05,200,
09:35:03,53.07,100,
09:35:03,53.07,100,
09:35:03,53.07,400,
09:35:03,53.06,200,
09:35:04,53.06,100,
09:35:04,53.06,100,
09:35:06,53.06,100,
09:35:06,53.06,200,
09:35:09,53.06,400,
09:35:14,53.06,20000,
09:35:14,53.06,500,
09:35:16,53.07,300,
09:35:18,53.07,200,
09:35:19,53.07,100,
09:35:21,53.0786,500,
09:35:21,53.07,200,
09:35:22,53.07,500,
09:35:22,53.07,100,
09:35:22,53.07,100,
09:35:24,53.06,100,
09:35:24,53.06,100,
09:35:24,53.06,100,
09:35:26,53.06,200,
09:35:26,53.06,100,
09:35:27,53.0678,500,
09:35:27,53.06,200,
09:35:27,53.07,490,
09:35:27,53.07,500,
09:35:27,53.07,110,
09:35:27,53.07,600,
09:35:27,53.07,100,
09:35:28,53.06,100,
09:35:28,53.07,200,
09:35:28,53.07,300,
09:35:29,53.06,600,
09:35:29,53.06,200,
09:35:29,53.05,100,
09:35:31,53.05,360,
09:35:31,53.04,100,
09:35:31,53.04,100,
09:35:34,53.04,200,
09:35:34,53.04,300,
09:35:34,53.04,100,
09:35:34,53.04,400,
09:35:35,53.04,100,
09:35:37,53.03,100,
09:35:37,53.02,600,
09:35:37,53.03,500,
09:35:38,53.02,200,
09:35:38,53.02,100,
09:35:38,53.02,200,
09:35:38,53.02,300,
09:35:38,53.02,400,
09:35:38,53.02,200,
09:35:38,53.02,300,
09:35:38,53.02,600,
09:35:39,53.03,540,
09:35:39,53.03,200,
09:35:39,53.04,100,
09:35:39,53.04,700,
09:35:39,53.04,1600,
09:35:39,53.03,300,
09:35:39,53.03,100,
09:35:39,53.03,100,
09:35:41,53.02,100,
09:35:42,53.06,400,
09:35:43,53.0528,100,
09:35:43,53.051,200,
09:35:44,53.05,100,
09:35:45,53.04,500,
09:35:45,53.04,1400,
09:35:45,53.04,600,
09:35:47,53.05,215,
09:35:48,53.05,200,
09:35:50,53.0401,6700,
09:35:51,53.04,100,
09:35:51,53.04,100,
09:35:52,53.04,500,
09:35:52,53.04,950,
09:35:52,53.04,100,
09:35:52,53.04,526,
09:35:52,53.04,500,
09:35:52,53.0302,2000,
09:35:53,53.03,100,
09:35:53,53.02,500,
09:35:53,53.02,100,
09:35:53,53.02,100,
09:35:53,53.02,400,
09:35:54,53.02,200,
09:35:54,53.02,100,
09:35:56,53.03,300,
09:35:56,53.03,500,
09:35:56,53.03,100,
09:35:56,53.03,400,
09:35:56,53.03,400,
09:35:56,53.03,100,
09:35:57,53.03,500,
09:35:57,53.03,100,
09:35:57,53.04,100,
09:36:00,53.04,100,
09:36:02,53.05,200,
09:36:02,53.05,900,
09:36:02,53.05,100,
09:36:03,53.07,300,
09:36:04,53.07,300,
09:36:04,53.07,100,
09:36:04,53.07,400,
09:36:04,53.06,100,
09:36:05,53.06,600,
09:36:06,53.06,313,
09:36:06,53.07,515,
09:36:06,53.07,200,
09:36:06,53.07,600,
09:36:06,53.06,187,
09:36:06,53.07,813,
09:36:06,53.07,2200,
09:36:06,53.07,3800,
09:36:07,53.06,100,
09:36:07,53.06,500,
09:36:07,53.05,200,
09:36:07,53.05,1800,
09:36:07,53.05,100,
09:36:07,53.04,100,
09:36:07,53.05,200,
09:36:07,53.05,500,
09:36:07,53.04,200,
09:36:08,53.03,200,
09:36:08,53.04,100,
09:36:08,53.04,100,
09:36:08,53.03,200,
09:36:08,53.03,400,
09:36:08,53.03,300,
09:36:08,53.03,400,
09:36:08,53.03,100,
09:36:08,53.03,400,
09:36:09,53.03,385,
09:36:10,53.03,100,
09:36:10,53.03,400,
09:36:10,53.04,470,
09:36:10,53.03,100,
09:36:11,53.04,200,
09:36:11,53.04,500,
09:36:11,53.04,200,
09:36:11,53.03,600,
09:36:12,53.04,1000,
09:36:13,53.0299,600,
09:36:13,53.03,400,
09:36:13,53.03,500,
09:36:14,53.03,100,
09:36:14,53.03,500,
09:36:14,53.03,500,
09:36:14,53.03,400,
09:36:14,53.03,600,
09:36:14,53.03,940,
09:36:14,53.02,200,
09:36:15,53.01,200,
09:36:16,53.0196,100,
09:36:16,53.02,100,
09:36:16,53.02,200,
09:36:16,53.02,200,
09:36:16,53.01,600,
09:36:20,53.01,380,
09:36:20,53,300,
09:36:21,53,250,
09:36:21,53,500,
09:36:21,53,500,
09:36:21,53,300,
09:36:21,53,100,
09:36:21,53,100,
09:36:22,53.01,100,
09:36:24,53.01,300,
09:36:24,53.01,1300,
09:36:24,53.01,100,
09:36:25,53.01,400,
09:36:27,53,150,
09:36:27,53,350,
09:36:27,52.9937,200,
09:36:27,53,600,
09:36:28,53,400,
09:36:30,53.01,500,
09:36:30,53.01,100,
09:36:32,53.02,500,
09:36:32,53.01,300,
09:36:32,53.01,200,
09:36:32,53.01,350,
09:36:32,53.01,600,
09:36:32,53.01,500,
09:36:32,53.01,100,
09:36:32,53.01,200,
09:36:32,53.01,600,
09:36:32,53.01,100,
09:36:32,53.01,558,
09:36:33,53.02,100,
09:36:33,53.02,200,
09:36:34,53.01,100,
09:36:36,53.01,458,
09:36:37,53.01,200,
09:36:38,53.02,600,
09:36:38,53.01,200,
09:36:38,53.01,200,
09:36:38,53.01,200,
09:36:38,53.01,200,
09:36:40,53,400,
09:36:40,53,187,
09:36:40,53,500,
09:36:40,53,413,
09:36:40,52.99,300,
09:36:40,52.99,400,
09:36:40,52.99,300,
09:36:40,52.99,1200,
09:36:40,52.99,100,
09:36:40,53,100,
09:36:40,52.99,1887,
09:36:40,52.99,113,
09:36:40,52.99,300,
09:36:40,52.99,200,
09:36:42,53,5100,
09:36:42,52.99,100,
09:36:43,53,100,
09:36:45,53,400,
09:36:45,52.99,100,
09:36:45,52.99,100,
09:36:48,52.98,200,
09:36:48,52.98,600,
09:36:48,52.98,570,
09:36:48,52.98,272,
09:36:48,52.99,500,
09:36:50,52.98,1000,
09:36:50,52.99,111,
09:36:51,52.99,311,
09:36:51,53,900,
09:36:51,53,600,
09:36:52,53,100,
09:36:54,53,670,
09:36:56,52.99,400,
09:36:57,53,600,
09:36:58,52.99,160,
09:36:58,52.99,700,
09:37:00,52.99,200,
09:37:03,52.99,400,
09:37:03,52.9899,200,
09:37:03,52.98,200,
09:37:03,52.98,100,
09:37:04,52.98,187,
09:37:04,52.98,200,
09:37:04,52.97,400,
09:37:05,52.99,100,
09:37:05,52.9636,200,
09:37:06,52.97,200,
09:37:07,52.96,100,
09:37:07,52.96,200,
09:37:07,52.97,100,
09:37:07,52.965,100,
09:37:07,52.965,100,
09:37:07,52.97,100,
09:37:07,52.971,200,
09:37:08,52.98,100,
09:37:08,52.98,600,
09:37:08,52.98,500,
09:37:08,52.98,200,
09:37:08,52.98,100,
09:37:08,52.97,100,
09:37:08,52.97,400,
09:37:09,52.9699,100,
09:37:09,52.97,300,
09:37:10,52.97,200,
09:37:10,52.965,100,
09:37:10,52.965,100,
09:37:11,52.98,813,
09:37:11,52.97,100,
09:37:12,52.97,100,
09:37:12,52.97,400,
09:37:12,52.98,200,
09:37:12,52.98,100,
09:37:12,52.98,100,
09:37:13,52.99,587,
09:37:13,52.98,300,
09:37:14,52.98,200,
09:37:14,52.98,200,
09:37:14,52.98,300,
09:37:15,52.97,100,
09:37:19,52.99,200,
09:37:19,52.99,100,
09:37:19,52.99,174,
09:37:19,52.99,353,
09:37:19,53,100,
09:37:19,52.99,500,
09:37:19,53,213,
09:37:20,53,813,
09:37:20,53,200,
09:37:20,53,100,
09:37:21,53,100,
09:37:22,53,400,
09:37:22,52.995,100,
09:37:23,53,213,
09:37:23,53,300,
09:37:23,52.995,100,
09:37:23,53.01,252,
09:37:23,53.01,148,
09:37:23,53.02,600,
09:37:23,53.02,252,
09:37:24,53.01,100,
09:37:24,53,500,
09:37:24,53,500,
09:37:24,53.0064,300,
09:37:24,53.0065,200,
09:37:24,53,500,
09:37:25,53.01,600,
09:37:25,53.01,200,
09:37:25,53.005,100,
09:37:27,53.01,500,
09:37:27,53.01,200,
09:37:27,53.01,200,
09:37:28,53.005,200,
09:37:28,53.01,100,
09:37:28,53.01,400,
09:37:28,53.01,200,
09:37:28,53.01,100,
09:37:28,53.01,200,
09:37:29,53.01,200,
09:37:30,53.01,100,
09:37:30,53.01,100,
09:37:31,53,100,
09:37:31,53,100,
09:37:32,53.01,100,
09:37:32,53.01,100,
09:37:32,53.005,100,
09:37:32,53.01,150,
09:37:32,53.02,600,
09:37:32,53.03,100,
09:37:32,53.03,200,
09:37:32,53.03,100,
09:37:32,53.03,100,
09:37:32,53.03,400,
09:37:34,53.0378,100,
09:37:34,53.035,100,
09:37:35,53.04,343,
09:37:35,53.04,100,
09:37:35,53.04,100,
09:37:35,53.03,500,
09:37:37,53.04,100,
09:37:37,53.02,100,
09:37:37,53.02,100,
09:37:37,53.02,500,
09:37:37,53.02,100,
09:37:38,53.015,100,
09:37:38,53.03,500,
09:37:38,53.03,100,
09:37:38,53.03,100,
09:37:39,53.03,100,
09:37:39,53.03,300,
09:37:39,53.03,147,
09:37:39,53.03,100,
09:37:39,53.03,400,
09:37:39,53.02,1200,
09:37:39,53.02,500,
09:37:39,53.02,1700,
09:37:39,53.02,300,
09:37:39,53.02,200,
09:37:39,53.02,500,
09:37:39,53.02,200,
09:37:39,53.02,600,
09:37:39,53.02,400,
09:37:40,53.02,100,
09:37:40,53.02,100,
09:37:40,53.02,200,
09:37:42,53.0163,500,
09:37:42,53.0171,200,
09:37:44,53.01,100,
09:37:44,53.01,100,
09:37:44,53.01,300,
09:37:44,53,400,
09:37:44,53,200,
09:37:44,53,400,
09:37:44,53.001,1100,
09:37:45,53,4600,
09:37:46,52.99,100,
09:37:46,52.99,100,
09:37:46,52.99,100,
09:37:46,52.99,400,
09:37:47,52.99,1000,
09:37:47,52.9837,100,
09:37:47,52.985,100,
09:37:47,52.99,100,
09:37:47,52.99,200,
09:37:48,53,200,
09:37:48,53,500,
09:37:48,53,1100,
09:37:48,53,400,
09:37:48,53,100,
09:37:48,53,233,
09:37:48,53,1500,
09:37:48,53,200,
09:37:48,53,233,
09:37:48,53,2000,
09:37:48,53,200,
09:37:48,53,100,
09:37:48,52.995,100,
09:37:48,53,100,
09:37:48,53,200,
09:37:48,53,200,
09:37:48,53,100,
09:37:48,53,800,
09:37:48,53,1800,
09:37:48,53,3300,
09:37:48,53,100,
09:37:48,53,700,
09:37:48,53,200,
09:37:48,52.99,100,
09:37:49,52.99,200,
09:37:49,52.9927,100,
09:37:50,52.98,100,
09:37:50,52.98,100,
09:37:50,52.99,300,
09:37:50,52.99,100,
09:37:50,52.99,400,
09:37:50,52.98,200,
09:37:50,52.98,243,
09:37:50,52.98,257,
09:37:51,53,100,
09:37:51,52.975,100,
09:37:51,52.98,100,
09:37:52,52.99,100,
09:37:53,52.98,100,
09:37:53,52.99,465,
09:37:53,52.98,500,
09:37:53,52.98,100,
09:37:53,52.98,200,
09:37:54,52.99,100,
09:37:54,52.99,450,
09:37:55,52.99,800,
09:37:55,52.99,300,
09:37:55,52.99,400,
09:37:55,52.99,600,
09:37:55,52.99,100,
09:37:55,52.99,414,
09:37:56,52.99,600,
09:37:56,52.98,100,
09:37:57,52.98,700,
09:37:57,52.98,400,
09:37:57,52.975,100,
09:37:57,52.9799,900,
09:37:57,52.98,400,
09:37:57,52.981,100,
09:37:59,52.97,200,
09:38:00,52.97,200,
09:38:00,52.965,100,
09:38:00,52.96,100,
09:38:00,52.97,200,
09:38:00,52.97,100,
09:38:00,52.98,400,
09:38:00,52.98,100,
09:38:00,52.98,200,
09:38:00,52.99,600,
09:38:01,52.9837,300,
09:38:01,52.99,500,
09:38:01,52.99,100,
09:38:01,52.99,100,
09:38:02,52.99,200,
09:38:02,52.985,200,
09:38:02,53,1800,
09:38:02,52.99,200,
09:38:03,52.99,100,
09:38:03,52.99,600,
09:38:03,52.99,1300,
09:38:03,52.99,600,
09:38:05,52.98,300,
09:38:06,52.98,300,
09:38:06,52.98,100,
09:38:06,52.98,100,
09:38:06,52.975,100,
09:38:07,52.98,100,
09:38:07,52.99,100,
09:38:07,52.99,100,
09:38:07,52.99,100,
09:38:08,52.99,100,
09:38:09,52.99,100,
09:38:09,52.985,100,
09:38:09,53,500,
09:38:09,53,100,
09:38:09,52.99,100,
09:38:09,52.99,200,
09:38:10,53,500,
09:38:10,53,213,
09:38:10,53,122,
09:38:10,53,300,
09:38:11,53,400,
09:38:12,53,700,
09:38:12,52.995,100,
09:38:13,53,100,
09:38:13,53,100,
09:38:13,53,400,
09:38:14,52.99,600,
09:38:15,52.985,100,
09:38:15,52.985,100,
09:38:15,53,200,
09:38:15,53,200,
09:38:15,53,100,
09:38:15,53,100,
09:38:16,53.01,100,
09:38:16,53.01,100,
09:38:16,53.02,600,
09:38:16,53.02,500,
09:38:17,53.02,200,
09:38:18,53.01,500,
09:38:19,53.01,100,
09:38:19,53.01,100,
09:38:19,53.01,100,
09:38:20,53,500,
09:38:21,53.01,100,
09:38:21,53.005,100,
09:38:21,53.01,146,
09:38:21,53.02,100,
09:38:22,53.03,151,
09:38:22,53.03,992,
09:38:22,53.03,300,
09:38:22,53.03,100,
09:38:22,53.04,100,
09:38:23,53.04,500,
09:38:24,53.0393,1000,
09:38:24,53.03,500,
09:38:24,53.03,100,
09:38:24,53.03,200,
09:38:24,53.03,200,
09:38:24,53.025,100,
09:38:25,53.04,200,
09:38:26,53.03,100,
09:38:26,53.03,100,
09:38:27,53.03,100,
09:38:28,53.02,100,
09:38:28,53.02,100,
09:38:30,53.03,700,
09:38:31,53.02,4100,
09:38:32,53.0299,200,
09:38:32,53.02,500,
09:38:33,53.02,600,
09:38:33,53.01,100,
09:38:33,53.01,100,
09:38:33,53.01,400,
09:38:33,53.01,100,
09:38:33,53.01,100,
09:38:33,53.01,200,
09:38:33,53.01,400,
09:38:33,53.03,400,
09:38:34,53.01,100,
09:38:34,53.015,200,
09:38:34,53.02,200,
09:38:34,53.0199,200,
09:38:34,53.0199,100,
09:38:34,53.02,100,
09:38:34,53.0199,200,
09:38:34,53.0199,500,
09:38:34,53.0199,100,
09:38:34,53.0199,448,
09:38:35,53.02,200,
09:38:35,53.02,500,
09:38:35,53.02,100,
09:38:35,53.02,900,
09:38:35,53.01,400,
09:38:35,53.01,400,
09:38:35,53.01,200,
09:38:35,53.01,100,
09:38:35,53.01,200,
09:38:35,53.01,200,
09:38:35,53.01,300,
09:38:35,53,100,
09:38:35,53,600,
09:38:36,52.99,200,
09:38:36,52.99,100,
09:38:36,53,100,
09:38:36,53,400,
09:38:36,52.995,100,
09:38:36,53,400,
09:38:37,53.005,100,
09:38:38,53.01,100,
09:38:38,53.01,100,
09:38:38,53.01,288,
09:38:38,53.01,400,
09:38:38,53.01,100,
09:38:38,53.01,600,
09:38:38,53.01,181,
09:38:39,53.01,600,
09:38:39,53.01,200,
09:38:39,53.01,246,
09:38:39,53.01,400,
09:38:40,53,300,
09:38:40,53,100,
09:38:40,53,100,
09:38:40,52.995,200,
09:38:42,53.01,200,
09:38:42,53,100,
09:38:42,53.01,500,
09:38:42,53.01,298,
09:38:42,53,100,
09:38:42,53.01,100,
09:38:44,53.01,100,
09:38:44,53.01,100,
09:38:45,53,100,
09:38:45,53,100,
09:38:45,53.005,100,
09:38:46,53.005,200,
09:38:46,53.02,300,
09:38:46,53.02,200,
09:38:46,53.02,200,
09:38:46,53.02,800,
09:38:46,53.02,100,
09:38:46,53.02,200,
09:38:46,53.02,200,
09:38:48,53.02,100,
09:38:48,53.02,400,
09:38:48,53.02,300,
09:38:49,53.01,1700,
09:38:49,53.01,100,
09:38:49,53.01,100,
09:38:51,53.02,100,
09:38:52,53.01,200,
09:38:53,53.01,100,
09:38:53,53.01,100,
09:38:53,53.01,100,
09:38:53,53.01,600,
09:38:53,53.02,3400,
09:38:53,53.02,300,
09:38:53,53.02,12200,
09:38:53,53.02,500,
09:38:53,53.02,2200,
09:38:53,53.02,500,
09:38:53,53.02,200,
09:38:53,53.02,200,
09:38:53,53.02,400,
09:38:53,53.02,500,
09:38:53,53.02,600,
09:38:53,53.02,100,
09:38:53,53.02,1300,
09:38:53,53.02,100,
09:38:53,53.02,100,
09:38:54,53.02,100,
09:38:54,53.03,200,
09:38:54,53.03,100,
09:38:54,53.03,100,
09:38:54,53.03,700,
09:38:54,53.03,100,
09:38:54,53.03,100,
09:38:55,53.03,100,
09:38:57,53.04,500,
09:38:57,53.03,600,
09:38:57,53.03,1680,
09:38:57,53.03,200,
09:38:57,53.03,100,
09:38:57,53.03,100,
09:38:58,53.04,100,
09:38:58,53.0399,100,
09:38:58,53.0399,100,
09:38:58,53.04,100,
09:39:01,53.04,300,
09:39:02,53.04,500,
09:39:03,53.04,200,
09:39:05,53.03,600,
09:39:05,53.03,200,
09:39:05,53.03,100,
09:39:06,53.04,100,
09:39:06,53.04,100,
09:39:06,53.04,100,
09:39:06,53.0399,2783,
09:39:09,53.03,100,
09:39:10,53.03,200,
09:39:10,53.03,200,
09:39:10,53.03,400,
09:39:11,53.03,300,
09:39:11,53.03,200,
09:39:11,53.03,200,
09:39:11,53.03,200,
09:39:11,53.03,200,
09:39:11,53.02,900,
09:39:11,53.03,200,
09:39:11,53.03,200,
09:39:11,53.03,500,
09:39:11,53.03,200,
09:39:11,53.02,100,
09:39:11,53.02,600,
09:39:12,53.01,1000,
09:39:13,53.01,157,
09:39:14,53.02,100,
09:39:15,53.0199,500,
09:39:16,53.01,100,
09:39:18,52.99,4900,
09:39:19,53,100,
09:39:19,53,300,
09:39:19,53,1000,
09:39:22,53,400,
09:39:23,53.01,100,
09:39:23,53.01,157,
09:39:23,53.01,100,
09:39:23,53.01,100,
09:39:23,53.01,500,
09:39:23,53.01,400,
09:39:23,53.01,600,
09:39:24,53,400,
09:39:25,52.99,200,
09:39:25,52.99,400,
09:39:28,53,200,
09:39:32,52.99,400,
09:39:32,52.99,400,
09:39:32,52.99,100,
09:39:32,52.98,100,
09:39:32,52.98,100,
09:39:32,52.98,100,
09:39:32,52.98,100,
09:39:32,52.98,500,
09:39:32,52.98,600,
09:39:32,52.98,400,
09:39:32,52.98,498,
09:39:32,52.98,100,
09:39:33,52.98,360,
09:39:33,52.98,530,
09:39:33,52.98,100,
09:39:33,52.98,300,
09:39:35,52.99,170,
09:39:35,52.99,100,
09:39:36,52.98,200,
09:39:36,52.98,100,
09:39:36,52.98,194,
09:39:36,52.98,100,
09:39:37,52.99,100,
09:39:37,52.99,130,
09:39:37,53,200,
09:39:37,53,100,
09:39:37,53,200,
09:39:39,52.99,500,
09:39:41,53,100,
09:39:41,53,100,
09:39:42,53,400,
09:39:42,53,100,
09:39:42,53.01,500,
09:39:45,53,400,
09:39:45,53,100,
09:39:45,53,300,
09:39:45,53,300,
09:39:45,52.99,100,
09:39:45,53,100,
09:39:46,53,500,
09:39:46,53,300,
09:39:46,53,200,
09:39:46,53,300,
09:39:46,53,300,
09:39:46,53,600,
09:39:46,53,400,
09:39:46,53,100,
09:39:47,53.01,100,
09:39:47,53,100,
09:39:47,53.01,300,
09:39:48,53,100,
09:39:48,53,300,
09:39:48,53,200,
09:39:48,52.99,100,
09:39:48,53,300,
09:39:48,53,800,
09:39:48,53,400,
09:39:48,53,200,
09:39:49,53.01,492,
09:39:50,53,200,
09:39:50,53,500,
09:39:52,53.01,200,
09:39:53,53,100,
09:39:53,53,400,
09:39:55,53.01,200,
09:39:55,53.01,100,
09:39:56,53.01,300,
09:39:56,53.01,100,
09:39:56,53.01,400,
09:39:59,53,100,
09:40:00,52.98,330,
09:40:02,52.99,399,
09:40:04,52.98,200,
09:40:04,52.98,100,
09:40:04,52.98,100,
09:40:04,52.98,100,
09:40:04,52.9799,100,
09:40:04,52.9799,100,
09:40:06,52.97,400,
09:40:06,52.97,100,
09:40:06,52.98,100,
09:40:06,52.9799,100,
09:40:06,52.98,100,
09:40:07,52.9783,1000,
09:40:09,52.97,100,
09:40:12,52.97,901,
09:40:12,52.97,400,
09:40:12,52.98,1000,
09:40:12,52.98,500,
09:40:12,52.98,300,
09:40:12,52.98,700,
09:40:12,52.98,200,
09:40:12,52.98,200,
09:40:12,52.97,100,
09:40:12,52.98,300,
09:40:12,52.98,3000,
09:40:12,52.98,100,
09:40:13,52.97,1500,
09:40:13,52.97,200,
09:40:13,52.97,207,
09:40:13,52.97,200,
09:40:13,52.97,100,
09:40:14,52.97,500,
09:40:14,52.97,100,
09:40:15,52.97,500,
09:40:15,52.97,100,
09:40:19,52.97,100,
09:40:19,52.97,200,
09:40:20,52.97,600,
09:40:21,52.967,100,
09:40:24,52.97,500,
09:40:24,52.97,400,
09:40:24,52.97,100,
09:40:25,52.97,100,
09:40:25,52.97,700,
09:40:25,52.97,200,
09:40:25,52.97,500,
09:40:30,52.96,1000,
09:40:30,52.97,100,
09:40:30,52.97,100,
09:40:30,52.97,100,
09:40:30,52.97,300,
09:40:30,52.97,100,
09:40:30,52.97,100,
09:40:31,52.97,100,
09:40:32,52.9626,500,
09:40:33,52.96,300,
09:40:33,52.96,200,
09:40:33,52.96,400,
09:40:33,52.96,1000,
09:40:33,52.965,100,
09:40:34,52.96,153,
09:40:34,52.97,200,
09:40:34,52.96,200,
09:40:37,52.95,2000,
09:40:37,52.9534,100,
09:40:37,52.96,100,
09:40:38,52.9534,100,
09:40:38,52.9533,200,
09:40:38,52.96,500,
09:40:38,52.96,100,
09:40:38,52.9599,400,
09:40:39,52.96,300,
09:40:39,52.96,500,
09:40:41,52.97,300,
09:40:41,52.97,100,
09:40:41,52.97,100,
09:40:41,52.99,100,
09:40:41,52.98,100,
09:40:43,52.97,200,
09:40:46,52.98,500,
09:40:46,52.98,100,
09:40:46,52.98,100,
09:40:48,52.97,100,
09:40:48,52.97,100,
09:40:48,52.97,100,
09:40:48,52.97,100,
09:40:48,52.98,2700,
09:40:49,52.97,400,
09:40:49,52.9799,100,
09:40:50,52.98,100,
09:40:50,52.98,100,
09:40:52,52.99,100,
09:40:52,52.99,100,
09:40:52,52.99,400,
09:40:52,53,100,
09:40:52,52.99,1300,
09:40:57,53,100,
09:40:57,53,100,
09:40:58,53.01,100,
09:40:58,53.01,100,
09:41:01,53,100,
09:41:01,53.01,100,
09:41:01,53.01,100,
09:41:01,53.01,100,
09:41:01,53.01,100,
09:41:01,53.01,500,
09:41:01,53.01,100,
09:41:01,53.01,200,
09:41:01,53.01,100,
09:41:02,53.01,200,
09:41:02,53.01,100,
09:41:02,53.01,300,
09:41:02,53.01,100,
09:41:02,53.01,200,
09:41:02,53.01,700,
09:41:02,53,100,
09:41:03,53,100,
09:41:04,52.99,100,
09:41:04,52.98,100,
09:41:05,53,100,
09:41:05,53,200,
09:41:05,53,100,
09:41:05,53.01,400,
09:41:06,52.98,700,
09:41:06,52.98,300,
09:41:08,53,100,
09:41:08,53,100,
09:41:08,53,100,
09:41:09,53,200,
09:41:09,53,100,
09:41:09,53,100,
09:41:09,53,498,
09:41:09,53.02,100,
09:41:09,53.02,200,
09:41:09,53.01,100,
09:41:09,53.01,100,
09:41:09,53.01,200,
09:41:09,53.02,300,
09:41:09,53.02,649,
09:41:09,53.02,551,
09:41:09,53.02,100,
09:41:09,53.02,300,
09:41:11,53.01,100,
09:41:11,53.01,202,
09:41:11,53,300,
09:41:11,53,200,
09:41:11,53,492,
09:41:11,53,100,
09:41:12,53.01,300,
09:41:12,53.01,246,
09:41:12,53.01,100,
09:41:12,53.02,100,
09:41:12,53.02,100,
09:41:12,53.02,100,
09:41:13,53.01,300,
09:41:13,53.01,100,
09:41:13,53.02,200,
09:41:13,53.02,300,
09:41:13,53.03,100,
09:41:13,53.02,1100,
09:41:14,53.02,120,
09:41:14,53.02,100,
09:41:14,53.02,500,
09:41:14,53.02,100,
09:41:14,53.02,120,
09:41:14,53.01,100,
09:41:14,53.01,300,
09:41:14,53.01,200,
09:41:16,53.02,100,
09:41:17,53.02,100,
09:41:17,53.0199,300,
09:41:18,53.02,100,
09:41:18,53.02,492,
09:41:19,53.01,100,
09:41:20,53.01,100,
09:41:20,53.01,100,
09:41:20,53.01,100,
09:41:21,53,1100,
09:41:21,53,400,
09:41:21,53.01,900,
09:41:21,53.02,557,
09:41:21,53.02,100,
09:41:22,53,100,
09:41:23,53,100,
09:41:23,53,500,
09:41:23,53,480,
09:41:23,53,320,
09:41:23,53,100,
09:41:23,52.99,800,
09:41:23,53.01,240,
09:41:24,53,100,
09:41:25,53.01,243,
09:41:25,53.01,100,
09:41:25,53.01,100,
09:41:27,53.02,700,
09:41:28,53.03,200,
09:41:31,53.04,1000,
09:41:31,53.03,100,
09:41:31,53.03,100,
09:41:31,53.03,100,
09:41:31,53.03,100,
09:41:31,53.05,200,
09:41:31,53.05,600,
09:41:31,53.05,1000,
09:41:31,53.05,400,
09:41:31,53.05,1000,
09:41:31,53.05,3100,
09:41:31,53.02,880,
09:41:31,53.03,100,
09:41:31,53.04,100,
09:41:31,53.05,500,
09:41:31,53.05,200,
09:41:31,53.05,200,
09:41:31,53.05,200,
09:41:31,53.05,300,
09:41:31,53.05,100,
09:41:31,53.05,200,
09:41:31,53.05,500,
09:41:31,53.05,200,
09:41:31,53.05,300,
09:41:31,53.05,100,
09:41:31,53.05,700,
09:41:31,53.05,500,
09:41:31,53.05,300,
09:41:31,53.05,350,
09:41:31,53.05,100,
09:41:31,53.05,300,
09:41:32,53.05,300,
09:41:32,53.04,200,
09:41:32,53.04,200,
09:41:32,53.05,1500,
09:41:32,53.03,200,
09:41:32,53.03,200,
09:41:32,53.03,259,
09:41:32,53.04,200,
09:41:32,53.04,100,
09:41:32,53.04,234,
09:41:32,53.04,796,
09:41:32,53.03,600,
09:41:32,53.03,200,
09:41:32,53.03,300,
09:41:32,53.03,350,
09:41:32,53.03,730,
09:41:32,53.03,100,
09:41:32,53.04,200,
09:41:32,53.04,400,
09:41:32,53.04,100,
09:41:32,53.04,200,
09:41:32,53.04,100,
09:41:32,53.04,100,
09:41:32,53.04,100,
09:41:33,53.04,200,
09:41:33,53.047,3100,
09:41:34,53.04,113,
09:41:34,53.04,404,
09:41:35,53.05,350,
09:41:35,53.05,500,
09:41:36,53.05,100,
09:41:38,53.06,400,
09:41:38,53.06,1400,
09:41:41,53.05,1000,
09:41:44,53.05,300,
09:41:44,53.0489,1300,
09:41:45,53.04,100,
09:41:45,53.04,200,
09:41:45,53.04,100,
09:41:46,53.04,200,
09:41:46,53.04,256,
09:41:46,53.04,444,
09:41:46,53.04,144,
09:41:55,53.05,1622,
09:41:59,53.04,100,
09:41:59,53.04,100,
09:41:59,53.04,100,
09:41:59,53.04,100,
09:42:00,53.05,1000,
09:42:00,53.05,1700,
09:42:00,53.07,600,
09:42:00,53.08,600,
09:42:00,53.07,600,
09:42:00,53.05,100,
09:42:00,53.05,900,
09:42:00,53.05,2800,
09:42:00,53.05,100,
09:42:00,53.06,500,
09:42:00,53.06,500,
09:42:00,53.07,100,
09:42:00,53.06,100,
09:42:00,53.08,900,
09:42:00,53.08,800,
09:42:00,53.08,100,
09:42:00,53.08,2800,
09:42:00,53.08,3900,
09:42:00,53.09,200,
09:42:00,53.09,1400,
09:42:00,53.09,800,
09:42:00,53.09,100,
09:42:00,53.09,3100,
09:42:00,53.10,100,
09:42:00,53.09,300,
09:42:00,53.11,1000,
09:42:00,53.15,200,
09:42:00,53.12,1600,
09:42:00,53.15,100,
09:42:00,53.12,100,
09:42:00,53.09,100,
09:42:00,53.08,100,
09:42:00,53.15,500,
09:42:01,53.14,500,
09:42:01,53.13,300,
09:42:01,53.13,800,
09:42:01,53.13,400,
09:42:01,53.13,100,
09:42:01,53.13,1100,
09:42:01,53.14,100,
09:42:01,53.15,600,
09:42:01,53.15,600,
09:42:01,53.15,750,
09:42:01,53.14,400,
09:42:01,53.14,100,
09:42:01,53.14,200,
09:42:01,53.14,300,
09:42:01,53.14,200,
09:42:01,53.15,500,
09:42:01,53.15,800,
09:42:01,53.15,100,
09:42:01,53.15,205,
09:42:01,53.13,200,
09:42:01,53.13,100,
09:42:01,53.15,605,
09:42:01,53.14,100,
09:42:01,53.15,395,
09:42:01,53.15,100,
09:42:01,53.15,200,
09:42:01,53.15,200,
09:42:01,53.15,426,
09:42:01,53.16,100,
09:42:01,53.15,200,
09:42:02,53.14,387,
09:42:02,53.15,213,
09:42:02,53.15,200,
09:42:02,53.15,500,
09:42:02,53.15,300,
09:42:02,53.15,1000,
09:42:02,53.14,933,
09:42:02,53.15,100,
09:42:02,53.15,200,
09:42:02,53.15,213,
09:42:02,53.15,500,
09:42:02,53.15,100,
09:42:02,53.16,200,
09:42:02,53.16,100,
09:42:02,53.16,213,
09:42:02,53.15,100,
09:42:02,53.16,100,
09:42:02,53.16,1420,
09:42:02,53.13,100,
09:42:02,53.14,100,
09:42:02,53.13,800,
09:42:02,53.15,213,
09:42:02,53.16,187,
09:42:02,53.15,300,
09:42:02,53.15,260,
09:42:02,53.15,300,
09:42:02,53.15,426,
09:42:02,53.15,260,
09:42:02,53.16,500,
09:42:02,53.15,100,
09:42:02,53.14,100,
09:42:02,53.15,100,
09:42:02,53.16,400,
09:42:02,53.16,310,
09:42:02,53.16,310,
09:42:02,53.16,100,
09:42:02,53.16,248,
09:42:02,53.16,100,
09:42:02,53.16,290,
09:42:02,53.16,100,
09:42:02,53.16,100,
09:42:02,53.14,1000,
09:42:02,53.17,600,
09:42:02,53.15,100,
09:42:02,53.17,326,
09:42:02,53.15,100,
09:42:02,53.16,100,
09:42:02,53.16,200,
09:42:02,53.16,800,
09:42:03,53.17,300,
09:42:03,53.17,100,
09:42:03,53.17,100,
09:42:03,53.17,100,
09:42:03,53.179,100,
09:42:03,53.179,100,
09:42:03,53.179,100,
09:42:03,53.179,100,
09:42:03,53.179,100,
09:42:03,53.179,100,
09:42:03,53.16,200,
09:42:03,53.16,1000,
09:42:03,53.16,800,
09:42:03,53.16,200,
09:42:03,53.15,100,
09:42:03,53.16,100,
09:42:03,53.15,900,
09:42:03,53.16,100,
09:42:03,53.14,100,
09:42:03,53.14,100,
09:42:03,53.14,100,
09:42:03,53.15,100,
09:42:03,53.15,100,
09:42:03,53.16,100,
09:42:03,53.16,100,
09:42:03,53.14,100,
09:42:03,53.14,100,
09:42:03,53.14,100,
09:42:03,53.14,100,
09:42:03,53.15,200,
09:42:03,53.16,400,
09:42:03,53.14,210,
09:42:03,53.15,110,
09:42:03,53.15,200,
09:42:03,53.15,500,
09:42:03,53.15,200,
09:42:03,53.15,200,
09:42:03,53.15,350,
09:42:03,53.15,250,
09:42:03,53.15,100,
09:42:03,53.16,100,
09:42:03,53.16,100,
09:42:03,53.16,600,
09:42:03,53.16,800,
09:42:03,53.1499,250,
09:42:03,53.15,500,
09:42:03,53.15,100,
09:42:03,53.15,200,
09:42:03,53.16,350,
09:42:03,53.15,100,
09:42:03,53.16,329,
09:42:03,53.16,129,
09:42:03,53.16,100,
09:42:03,53.15,210,
09:42:03,53.16,100,
09:42:04,53.15,100,
09:42:04,53.15,100,
09:42:04,53.16,200,
09:42:04,53.13,100,
09:42:04,53.13,100,
09:42:05,53.1545,100,
09:42:05,53.16,100,
09:42:06,53.1663,100,
09:42:06,53.16,100,
09:42:06,53.17,300,
09:42:06,53.15,100,
09:42:06,53.19,105,
09:42:06,53.17,900,
09:42:06,53.17,1300,
09:42:07,53.18,300,
09:42:08,53.17,200,
09:42:08,53.1824,400,
09:42:08,53.1828,200,
09:42:08,53.17,200,
09:42:08,53.16,400,
09:42:08,53.17,100,
09:42:09,53.18,100,
09:42:09,53.18,414,
09:42:09,53.18,100,
09:42:09,53.18,100,
09:42:09,53.18,300,
09:42:09,53.18,2086,
09:42:09,53.18,850,
09:42:09,53.18,900,
09:42:09,53.19,100,
09:42:09,53.19,300,
09:42:09,53.19,100,
09:42:09,53.19,350,
09:42:09,53.17,800,
09:42:09,53.17,414,
09:42:09,53.18,100,
09:42:09,53.18,300,
09:42:10,53.17,350,
09:42:10,53.17,400,
09:42:10,53.17,414,
09:42:10,53.17,300,
09:42:10,53.18,470,
09:42:10,53.18,200,
09:42:10,53.18,200,
09:42:10,53.18,414,
09:42:10,53.18,200,
09:42:10,53.18,300,
09:42:10,53.18,1000,
09:42:10,53.19,900,
09:42:10,53.18,135,
09:42:10,53.18,300,
09:42:10,53.18,500,
09:42:10,53.18,300,
09:42:10,53.18,300,
09:42:11,53.18,700,
09:42:11,53.18,100,
09:42:11,53.18,400,
09:42:11,53.18,100,
09:42:11,53.18,100,
09:42:12,53.17,1000,
09:42:12,53.17,100,
09:42:12,53.17,692,
09:42:12,53.17,208,
09:42:12,53.17,204,
09:42:12,53.17,400,
09:42:13,53.18,300,
09:42:13,53.18,100,
09:42:13,53.16,2200,
09:42:13,53.17,100,
09:42:13,53.18,100,
09:42:13,53.16,2600,
09:42:13,53.16,1000,
09:42:13,53.17,1000,
09:42:13,53.17,380,
09:42:13,53.16,200,
09:42:13,53.16,2000,
09:42:13,53.17,100,
09:42:13,53.17,100,
09:42:13,53.16,680,
09:42:13,53.16,100,
09:42:13,53.16,100,
09:42:13,53.16,100,
09:42:13,53.15,1100,
09:42:13,53.16,100,
09:42:13,53.15,1100,
09:42:13,53.16,200,
09:42:13,53.16,196,
09:42:13,53.15,300,
09:42:14,53.15,200,
09:42:14,53.16,200,
09:42:14,53.16,600,
09:42:14,53.16,200,
09:42:14,53.16,700,
09:42:14,53.16,200,
09:42:14,53.16,1000,
09:42:14,53.16,350,
09:42:14,53.16,200,
09:42:14,53.16,400,
09:42:14,53.15,100,
09:42:14,53.16,200,
09:42:15,53.16,201,
09:42:15,53.16,149,
09:42:15,53.16,200,
09:42:15,53.16,200,
09:42:15,53.16,200,
09:42:15,53.1595,500,
09:42:15,53.15,200,
09:42:15,53.15,200,
09:42:15,53.15,100,
09:42:15,53.15,200,
09:42:15,53.15,200,
09:42:15,53.15,152,
09:42:15,53.15,200,
09:42:15,53.15,158,
09:42:15,53.15,198,
09:42:15,53.15,200,
09:42:16,53.16,100,
09:42:16,53.17,396,
09:42:16,53.17,700,
09:42:16,53.17,270,
09:42:16,53.17,270,
09:42:16,53.17,100,
09:42:16,53.17,200,
09:42:17,53.17,2800,
09:42:17,53.15,200,
09:42:17,53.15,100,
09:42:17,53.15,500,
09:42:17,53.15,100,
09:42:17,53.16,100,
09:42:17,53.16,100,
09:42:18,53.16,100,
09:42:18,53.16,200,
09:42:19,53.16,100,
09:42:19,53.17,198,
09:42:19,53.17,100,
09:42:19,53.18,300,
09:42:19,53.16,100,
09:42:19,53.17,216,
09:42:19,53.17,100,
09:42:20,53.16,100,
09:42:20,53.16,100,
09:42:21,53.155,100,
09:42:21,53.16,1280,
09:42:21,53.16,200,
09:42:21,53.15,200,
09:42:21,53.16,120,
09:42:21,53.16,100,
09:42:21,53.15,100,
09:42:21,53.15,100,
09:42:21,53.15,100,
09:42:21,53.16,770,
09:42:21,53.17,800,
09:42:21,53.17,100,
09:42:21,53.17,100,
09:42:22,53.169,1000,
09:42:22,53.17,200,
09:42:22,53.17,100,
09:42:22,53.17,170,
09:42:22,53.18,100,
09:42:22,53.18,620,
09:42:23,53.1705,500,
09:42:23,53.18,100,
09:42:23,53.19,862,
09:42:23,53.18,250,
09:42:23,53.20,1000,
09:42:23,53.20,100,
09:42:23,53.20,2700,
09:42:23,53.20,100,
09:42:23,53.20,300,
09:42:23,53.17,7000,
09:42:24,53.21,2800,
09:42:24,53.21,551,
09:42:24,53.20,800,
09:42:24,53.21,1000,
09:42:24,53.21,400,
09:42:24,53.18,100,
09:42:24,53.19,100,
09:42:24,53.20,200,
09:42:25,53.2084,400,
09:42:25,53.2084,200,
09:42:25,53.21,1000,
09:42:25,53.21,800,
09:42:25,53.20,200,
09:42:25,53.20,100,
09:42:25,53.18,400,
09:42:25,53.18,100,
09:42:25,53.20,200,
09:42:25,53.18,500,
09:42:25,53.19,200,
09:42:25,53.19,500,
09:42:25,53.18,3328,
09:42:26,53.19,300,
09:42:26,53.19,200,
09:42:26,53.18,100,
09:42:26,53.18,100,
09:42:27,53.17,400,
09:42:27,53.17,100,
09:42:27,53.17,100,
09:42:27,53.17,100,
09:42:27,53.17,100,
09:42:28,53.16,100,
09:42:28,53.16,390,
09:42:28,53.1592,500,
09:42:28,53.1596,200,
09:42:28,53.16,1300,
09:42:28,53.16,100,
09:42:28,53.16,100,
09:42:28,53.16,1100,
09:42:28,53.16,300,
09:42:28,53.16,400,
09:42:28,53.17,300,
09:42:28,53.17,400,
09:42:29,53.17,100,
09:42:29,53.17,231,
09:42:29,53.17,300,
09:42:29,53.18,100,
09:42:29,53.18,100,
09:42:29,53.18,100,
09:42:29,53.18,590,
09:42:30,53.18,200,
09:42:30,53.18,200,
09:42:30,53.18,100,
09:42:30,53.16,1000,
09:42:31,53.17,400,
09:42:31,53.17,100,
09:42:31,53.17,100,
09:42:31,53.18,100,
09:42:32,53.16,100,
09:42:32,53.16,500,
09:42:32,53.16,100,
09:42:32,53.16,100,
09:42:32,53.15,100,
09:42:34,53.16,400,
09:42:34,53.16,100,
09:42:34,53.16,100,
09:42:34,53.16,357,
09:42:34,53.16,100,
09:42:35,53.17,500,
09:42:35,53.17,100,
09:42:35,53.17,192,
09:42:35,53.17,171,
09:42:35,53.16,100,
09:42:35,53.16,100,
09:42:35,53.16,200,
09:42:35,53.16,480,
09:42:36,53.16,1000,
09:42:36,53.16,100,
09:42:36,53.16,100,
09:42:36,53.16,100,
09:42:36,53.16,100,
09:42:36,53.16,300,
09:42:36,53.16,200,
09:42:37,53.17,500,
09:42:37,53.17,100,
09:42:37,53.16,10000,
09:42:38,53.18,200,
09:42:38,53.18,343,
09:42:38,53.18,168,
09:42:38,53.18,300,
09:42:38,53.18,400,
09:42:38,53.18,200,
09:42:39,53.17,100,
09:42:39,53.17,268,
09:42:39,53.17,100,
09:42:39,53.18,400,
09:42:39,53.18,100,
09:42:39,53.19,200,
09:42:39,53.19,300,
09:42:39,53.19,300,
09:42:39,53.19,500,
09:42:39,53.19,400,
09:42:39,53.19,350,
09:42:39,53.19,100,
09:42:39,53.19,100,
09:42:39,53.19,168,
09:42:39,53.19,100,
09:42:39,53.19,100,
09:42:39,53.19,336,
09:42:39,53.189,800,
09:42:39,53.19,1120,
09:42:39,53.189,800,
09:42:39,53.20,700,
09:42:39,53.20,400,
09:42:39,53.20,100,
09:42:40,53.20,100,
09:42:40,53.20,336,
09:42:40,53.20,100,
09:42:40,53.20,500,
09:42:40,53.20,100,
09:42:40,53.20,100,
09:42:40,53.18,100,
09:42:40,53.18,900,
09:42:40,53.18,2000,
09:42:40,53.18,500,
09:42:40,53.18,400,
09:42:40,53.18,500,
09:42:40,53.18,100,
09:42:40,53.17,155,
09:42:40,53.17,200,
09:42:40,53.18,200,
09:42:41,53.19,100,
09:42:41,53.17,200,
09:42:41,53.17,300,
09:42:41,53.18,230,
09:42:41,53.19,2500,
09:42:42,53.18,100,
09:42:42,53.18,100,
09:42:42,53.18,100,
09:42:43,53.17,240,
09:42:43,53.17,100,
09:42:43,53.18,300,
09:42:44,53.18,300,
09:42:44,53.18,100,
09:42:45,53.17,100,
09:42:45,53.17,100,
09:42:45,53.17,100,
09:42:46,53.17,100,
09:42:46,53.17,300,
09:42:46,53.17,100,
09:42:46,53.17,100,
09:42:46,53.17,300,
09:42:46,53.17,518,
09:42:46,53.17,100,
09:42:46,53.18,200,
09:42:46,53.18,400,
09:42:46,53.17,100,
09:42:46,53.17,300,
09:42:47,53.17,100,
09:42:47,53.17,100,
09:42:47,53.17,100,
09:42:47,53.17,100,
09:42:47,53.1799,2800,
09:42:47,53.16,200,
09:42:47,53.16,100,
09:42:47,53.16,500,
09:42:47,53.16,312,
09:42:47,53.17,300,
09:42:47,53.18,100,
09:42:47,53.18,100,
09:42:47,53.17,171,
09:42:47,53.17,220,
09:42:49,53.18,100,
09:42:49,53.18,100,
09:42:49,53.18,100,
09:42:49,53.18,100,
09:42:49,53.18,100,
09:42:50,53.18,100,
09:42:50,53.18,100,
09:42:52,53.1787,300,
09:42:52,53.179,300,
09:42:52,53.16,200,
09:42:52,53.16,100,
09:42:52,53.17,200,
09:42:52,53.17,200,
09:42:52,53.17,412,
09:42:52,53.17,588,
09:42:52,53.17,100,
09:42:52,53.16,100,
09:42:52,53.16,500,
09:42:52,53.16,100,
09:42:52,53.17,100,
09:42:52,53.17,100,
09:42:52,53.17,300,
09:42:52,53.17,100,
09:42:52,53.16,100,
09:42:52,53.16,500,
09:42:52,53.16,100,
09:42:52,53.16,200,
09:42:52,53.16,100,
09:42:52,53.17,200,
09:42:53,53.17,100,
09:42:53,53.17,100,
09:42:53,53.18,500,
09:42:53,53.18,200,
09:42:53,53.20,100,
09:42:53,53.20,100,
09:42:53,53.20,100,
09:42:53,53.20,300,
09:42:53,53.20,100,
09:42:53,53.20,100,
09:42:53,53.17,100,
09:42:53,53.20,200,
09:42:53,53.20,100,
09:42:54,53.20,100,
09:42:54,53.19,400,
09:42:54,53.19,10000,
09:42:55,53.1905,100,
09:42:55,53.191,100,
09:42:55,53.191,100,
09:42:56,53.20,100,
09:42:56,53.20,100,
09:42:57,53.21,100,
09:42:57,53.22,500,
09:42:57,53.23,300,
09:42:57,53.22,401,
09:42:57,53.22,200,
09:42:57,53.22,294,
09:42:57,53.22,100,
09:42:58,53.22,100,
09:42:58,53.2226,300,
09:42:59,53.21,447,
09:43:00,53.21,200,
09:43:01,53.22,200,
09:43:01,53.22,100,
09:43:01,53.22,144,
09:43:01,53.22,100,
09:43:01,53.22,288,
09:43:01,53.22,200,
09:43:01,53.24,100,
09:43:01,53.23,100,
09:43:01,53.23,200,
09:43:01,53.23,100,
09:43:01,53.23,247,
09:43:01,53.23,200,
09:43:02,53.24,100,
09:43:02,53.24,100,
09:43:02,53.24,300,
09:43:02,53.24,500,
09:43:02,53.24,108,
09:43:02,53.24,200,
09:43:02,53.24,144,
09:43:02,53.24,288,
09:43:02,53.24,100,
09:43:02,53.24,100,
09:43:02,53.24,500,
09:43:02,53.25,100,
09:43:02,53.24,300,
09:43:02,53.24,100,
09:43:02,53.24,288,
09:43:02,53.24,300,
09:43:02,53.25,100,
09:43:02,53.25,100,
09:43:02,53.25,100,
09:43:02,53.249,100,
09:43:02,53.24,300,
09:43:03,53.23,460,
09:43:03,53.23,360,
09:43:03,53.229,100,
09:43:03,53.23,100,
09:43:03,53.23,100,
09:43:03,53.23,267,
09:43:03,53.23,100,
09:43:03,53.23,100,
09:43:04,53.23,100,
09:43:04,53.23,100,
09:43:05,53.2299,100,
09:43:05,53.22,200,
09:43:05,53.22,200,
09:43:05,53.22,200,
09:43:05,53.22,1000,
09:43:05,53.21,156,
09:43:05,53.21,500,
09:43:05,53.21,400,
09:43:05,53.21,144,
09:43:05,53.21,200,
09:43:05,53.21,400,
09:43:05,53.22,500,
09:43:05,53.21,400,
09:43:06,53.22,200,
09:43:06,53.22,100,
09:43:06,53.23,500,
09:43:06,53.23,500,
09:43:06,53.22,200,
09:43:06,53.22,400,
09:43:07,53.2199,200,
09:43:07,53.22,100,
09:43:07,53.22,400,
09:43:08,53.21,100,
09:43:08,53.22,100,
09:43:08,53.22,200,
09:43:08,53.22,450,
09:43:08,53.23,200,
09:43:08,53.23,500,
09:43:08,53.23,200,
09:43:08,53.23,200,
09:43:08,53.23,300,
09:43:08,53.23,200,
09:43:08,53.23,100,
09:43:09,53.24,100,
09:43:09,53.24,400,
09:43:09,53.23,287,
09:43:09,53.23,100,
09:43:09,53.23,100,
09:43:09,53.23,200,
09:43:09,53.23,150,
09:43:09,53.24,200,
09:43:10,53.24,200,
09:43:10,53.24,200,
09:43:10,53.24,100,
09:43:10,53.24,300,
09:43:10,53.24,200,
09:43:10,53.24,200,
09:43:10,53.25,300,
09:43:10,53.25,400,
09:43:10,53.25,500,
09:43:10,53.25,400,
09:43:10,53.25,400,
09:43:10,53.25,370,
09:43:10,53.24,200,
09:43:10,53.25,200,
09:43:10,53.25,400,
09:43:10,53.25,500,
09:43:10,53.25,170,
09:43:10,53.25,200,
09:43:10,53.24,465,
09:43:10,53.24,100,
09:43:10,53.25,100,
09:43:10,53.25,165,
09:43:10,53.25,135,
09:43:10,53.25,100,
09:43:10,53.25,459,
09:43:10,53.26,200,
09:43:10,53.26,200,
09:43:11,53.25,491,
09:43:11,53.25,100,
09:43:11,53.24,197,
09:43:11,53.24,500,
09:43:11,53.24,400,
09:43:11,53.24,200,
09:43:13,53.2414,1200,
09:43:13,53.25,100,
09:43:13,53.25,200,
09:43:13,53.25,280,
09:43:13,53.25,600,
09:43:13,53.25,200,
09:43:14,53.24,100,
09:43:14,53.24,100,
09:43:14,53.24,200,
09:43:14,53.24,100,
09:43:14,53.24,258,
09:43:14,53.24,500,
09:43:14,53.24,100,
09:43:15,53.24,200,
09:43:15,53.24,100,
09:43:15,53.25,200,
09:43:15,53.25,100,
09:43:15,53.25,455,
09:43:15,53.26,400,
09:43:15,53.26,100,
09:43:15,53.27,200,
09:43:15,53.27,200,
09:43:15,53.27,100,
09:43:15,53.27,300,
09:43:15,53.27,100,
09:43:15,53.27,300,
09:43:15,53.27,300,
09:43:15,53.28,300,
09:43:15,53.28,100,
09:43:15,53.29,100,
09:43:16,53.2799,4000,
09:43:16,53.27,100,
09:43:16,53.27,200,
09:43:16,53.2605,300,
09:43:16,53.27,200,
09:43:16,53.2605,100,
09:43:16,53.27,100,
09:43:16,53.27,100,
09:43:17,53.2601,400,
09:43:17,53.26,400,
09:43:17,53.26,100,
09:43:17,53.26,200,
09:43:17,53.26,129,
09:43:17,53.25,303,
09:43:17,53.26,100,
09:43:19,53.27,300,
09:43:19,53.2614,1600,
09:43:19,53.26,200,
09:43:19,53.26,400,
09:43:19,53.26,200,
09:43:19,53.26,500,
09:43:19,53.26,100,
09:43:19,53.26,300,
09:43:19,53.26,300,
09:43:19,53.25,100,
09:43:19,53.26,400,
09:43:19,53.26,500,
09:43:19,53.25,400,
09:43:19,53.25,200,
09:43:19,53.25,100,
09:43:19,53.26,100,
09:43:19,53.25,100,
09:43:19,53.24,300,
09:43:19,53.24,100,
09:43:19,53.24,100,
09:43:19,53.24,300,
09:43:20,53.24,100,
09:43:20,53.26,1000,
09:43:21,53.24,100,
09:43:21,53.24,400,
09:43:21,53.24,100,
09:43:22,53.2399,300,
09:43:22,53.23,200,
09:43:22,53.23,100,
09:43:22,53.23,100,
09:43:22,53.23,100,
09:43:23,53.23,100,
09:43:23,53.23,300,
09:43:23,53.23,100,
09:43:23,53.23,300,
09:43:23,53.24,300,
09:43:23,53.23,100,
09:43:23,53.24,100,
09:43:23,53.24,200,
09:43:23,53.24,153,
09:43:23,53.24,226,
09:43:23,53.24,187,
09:43:23,53.24,240,
09:43:23,53.24,100,
09:43:23,53.23,160,
09:43:24,53.235,300,
09:43:25,53.23,200,
09:43:25,53.23,160,
09:43:25,53.24,100,
09:43:25,53.24,100,
09:43:25,53.24,100,
09:43:25,53.23,10000,
09:43:26,53.2205,500,
09:43:27,53.22,600,
09:43:27,53.22,100,
09:43:27,53.23,100,
09:43:28,53.22,200,
09:43:28,53.22,300,
09:43:29,53.22,100,
09:43:29,53.215,100,
09:43:29,53.22,105,
09:43:29,53.23,300,
09:43:29,53.23,200,
09:43:29,53.23,100,
09:43:29,53.23,400,
09:43:29,53.25,200,
09:43:29,53.24,400,
09:43:30,53.25,100,
09:43:30,53.26,600,
09:43:30,53.26,100,
09:43:30,53.23,250,
09:43:30,53.26,100,
09:43:30,53.26,500,
09:43:30,53.26,100,
09:43:31,53.215,100,
09:43:32,53.26,100,
09:43:32,53.25,200,
09:43:34,53.25,400,
09:43:34,53.25,300,
09:43:34,53.25,100,
09:43:34,53.25,112,
09:43:34,53.25,100,
09:43:34,53.25,400,
09:43:35,53.25,200,
09:43:35,53.24,8100,
09:43:36,53.25,100,
09:43:36,53.25,100,
09:43:36,53.25,400,
09:43:37,53.25,100,
09:43:37,53.26,288,
09:43:37,53.26,400,
09:43:37,53.26,200,
09:43:37,53.26,100,
09:43:37,53.26,100,
09:43:38,53.26,100,
09:43:38,53.26,500,
09:43:38,53.26,300,
09:43:38,53.26,200,
09:43:38,53.26,100,
09:43:38,53.26,300,
09:43:38,53.26,100,
09:43:38,53.26,100,
09:43:38,53.25,400,
09:43:38,53.25,100,
09:43:38,53.23,100,
09:43:38,53.24,100,
09:43:38,53.24,100,
09:43:38,53.23,100,
09:43:38,53.23,100,
09:43:39,53.229,200,
09:43:39,53.2291,400,
09:43:39,53.22,400,
09:43:39,53.22,1630,
09:43:39,53.22,230,
09:43:39,53.214,500,
09:43:40,53.22,100,
09:43:40,53.22,100,
09:43:40,53.22,200,
09:43:40,53.22,100,
09:43:41,53.23,200,
09:43:41,53.23,600,
09:43:41,53.23,400,
09:43:41,53.23,600,
09:43:41,53.23,500,
09:43:41,53.23,400,
09:43:41,53.24,300,
09:43:41,53.24,100,
09:43:41,53.24,100,
09:43:41,53.24,100,
09:43:42,53.24,148,
09:43:42,53.23,700,
09:43:42,53.23,400,
09:43:42,53.23,500,
09:43:42,53.23,400,
09:43:42,53.23,100,
09:43:42,53.23,100,
09:43:42,53.22,100,
09:43:43,53.21,100,
09:43:43,53.22,400,
09:43:43,53.22,200,
09:43:44,53.23,400,
09:43:44,53.23,400,
09:43:44,53.23,100,
09:43:44,53.23,143,
09:43:44,53.23,100,
09:43:44,53.23,545,
09:43:44,53.23,100,
09:43:44,53.23,200,
09:43:44,53.24,100,
09:43:45,53.25,362,
09:43:46,53.24,400,
09:43:46,53.24,100,
09:43:46,53.2417,1000,
09:43:46,53.24,200,
09:43:46,53.23,600,
09:43:46,53.23,300,
09:43:46,53.23,400,
09:43:46,53.23,200,
09:43:46,53.23,400,
09:43:46,53.21,500,
09:43:46,53.21,600,
09:43:46,53.21,200,
09:43:47,53.22,500,
09:43:47,53.22,200,
09:43:47,53.22,400,
09:43:47,53.22,400,
09:43:47,53.22,200,
09:43:47,53.22,200,
09:43:47,53.23,100,
09:43:47,53.22,500,
09:43:47,53.22,100,
09:43:47,53.21,262,
09:43:47,53.21,200,
09:43:47,53.21,100,
09:43:47,53.21,100,
09:43:47,53.21,200,
09:43:47,53.22,200,
09:43:47,53.22,205,
09:43:47,53.20,200,
09:43:48,53.20,300,
09:43:48,53.20,100,
09:43:49,53.20,350,
09:43:49,53.20,700,
09:43:50,53.20,400,
09:43:50,53.21,400,
09:43:50,53.21,100,
09:43:50,53.21,400,
09:43:50,53.21,102,
09:43:50,53.21,200,
09:43:51,53.22,400,
09:43:51,53.22,100,
09:43:51,53.22,100,
09:43:53,53.22,500,
09:43:53,53.22,100,
09:43:53,53.22,300,
09:43:53,53.22,100,
09:43:53,53.22,100,
09:43:53,53.23,400,
09:43:53,53.23,100,
09:43:53,53.23,100,
09:43:53,53.23,400,
09:43:53,53.23,300,
09:43:53,53.24,300,
09:43:53,53.24,100,
09:43:53,53.24,400,
09:43:54,53.234,390,
09:43:55,53.23,500,
09:43:55,53.23,500,
09:43:55,53.22,200,
09:43:56,53.21,100,
09:43:56,53.21,200,
09:43:56,53.22,100,
09:43:56,53.22,100,
09:43:56,53.23,500,
09:43:56,53.23,400,
09:43:56,53.23,400,
09:43:57,53.23,200,
09:43:57,53.23,200,
09:43:57,53.23,200,
09:43:57,53.23,100,
09:43:57,53.23,100,
09:43:57,53.23,200,
09:43:57,53.22,200,
09:43:57,53.22,100,
09:43:59,53.22,300,
09:43:59,53.22,400,
09:43:59,53.22,100,
09:43:59,53.22,100,
09:43:59,53.22,200,
09:43:59,53.22,500,
09:44:00,53.23,200,
09:44:00,53.226,500,
09:44:01,53.21,300,
09:44:01,53.21,200,
09:44:02,53.21,200,
09:44:02,53.20,300,
09:44:02,53.20,100,
09:44:03,53.20,400,
09:44:03,53.20,600,
09:44:03,53.20,200,
09:44:03,53.20,600,
09:44:03,53.20,200,
09:44:03,53.20,100,
09:44:05,53.20,100,
09:44:05,53.19,100,
09:44:05,53.19,300,
09:44:05,53.19,200,
09:44:05,53.19,100,
09:44:05,53.19,100,
09:44:06,53.20,100,
09:44:07,53.19,400,
09:44:07,53.19,400,
09:44:08,53.19,200,
09:44:09,53.17,165,
09:44:09,53.17,435,
09:44:09,53.17,100,
09:44:10,53.17,400,
09:44:10,53.16,800,
09:44:10,53.1576,300,
09:44:11,53.16,200,
09:44:11,53.16,100,
09:44:11,53.17,246,
09:44:11,53.17,300,
09:44:11,53.17,100,
09:44:12,53.18,400,
09:44:12,53.18,500,
09:44:12,53.18,400,
09:44:12,53.18,400,
09:44:12,53.18,400,
09:44:12,53.18,300,
09:44:12,53.19,400,
09:44:12,53.19,100,
09:44:12,53.19,300,
09:44:12,53.19,400,
09:44:12,53.20,400,
09:44:12,53.20,100,
09:44:12,53.18,100,
09:44:13,53.20,100,
09:44:13,53.20,100,
09:44:14,53.20,300,
09:44:14,53.20,400,
09:44:14,53.20,400,
09:44:15,53.20,100,
09:44:16,53.18,100,
09:44:17,53.18,300,
09:44:17,53.18,300,
09:44:17,53.18,200,
09:44:18,53.19,100,
09:44:18,53.1899,100,
09:44:18,53.19,300,
09:44:19,53.20,700,
09:44:19,53.21,300,
09:44:19,53.20,100,
09:44:20,53.19,1000,
09:44:20,53.19,100,
09:44:20,53.18,200,
09:44:20,53.18,100,
09:44:20,53.17,100,
09:44:20,53.17,400,
09:44:20,53.18,100,
09:44:21,53.17,200,
09:44:21,53.20,100,
09:44:21,53.17,200,
09:44:21,53.17,300,
09:44:21,53.17,100,
09:44:24,53.17,500,
09:44:24,53.17,900,
09:44:24,53.17,600,
09:44:24,53.17,300,
09:44:24,53.17,500,
09:44:24,53.17,100,
09:44:24,53.17,119,
09:44:24,53.17,300,
09:44:24,53.17,100,
09:44:24,53.17,200,
09:44:25,53.17,400,
09:44:26,53.16,100,
09:44:26,53.16,200,
09:44:26,53.16,200,
09:44:26,53.16,100,
09:44:27,53.17,100,
09:44:28,53.164,100,
09:44:28,53.17,100,
09:44:28,53.16,100,
09:44:29,53.16,400,
09:44:29,53.16,100,
09:44:29,53.17,214,
09:44:29,53.17,400,
09:44:29,53.16,400,
09:44:29,53.16,100,
09:44:30,53.15,587,
09:44:30,53.15,3200,
09:44:30,53.15,200,
09:44:30,53.15,100,
09:44:31,53.16,176,
09:44:31,53.16,200,
09:44:31,53.16,100,
09:44:32,53.1589,300,
09:44:32,53.159,300,
09:44:32,53.15,100,
09:44:32,53.15,200,
09:44:32,53.16,200,
09:44:32,53.16,600,
09:44:32,53.16,200,
09:44:33,53.16,400,
09:44:33,53.16,100,
09:44:33,53.15,200,
09:44:34,53.1463,400,
09:44:34,53.15,103,
09:44:35,53.15,200,
09:44:36,53.14,100,
09:44:36,53.14,300,
09:44:36,53.13,200,
09:44:36,53.13,100,
09:44:37,53.13,200,
09:44:37,53.13,100,
09:44:38,53.15,100,
09:44:38,53.15,200,
09:44:38,53.14,100,
09:44:38,53.14,100,
09:44:38,53.14,700,
09:44:38,53.14,100,
09:44:38,53.14,100,
09:44:38,53.14,100,
09:44:38,53.14,100,
09:44:38,53.13,200,
09:44:38,53.14,300,
09:44:38,53.14,100,
09:44:38,53.14,100,
09:44:39,53.14,200,
09:44:39,53.14,100,
09:44:39,53.15,500,
09:44:39,53.15,200,
09:44:39,53.15,300,
09:44:39,53.15,500,
09:44:39,53.16,100,
09:44:39,53.16,200,
09:44:39,53.14,100,
09:44:40,53.15,230,
09:44:41,53.15,100,
09:44:41,53.15,140,
09:44:48,53.13,300,
09:44:48,53.12,200,
09:44:48,53.11,200,
09:44:49,53.11,3200,
09:44:49,53.12,200,
09:44:49,53.11,400,
09:44:50,53.11,100,
09:44:50,53.12,100,
09:44:50,53.12,200,
09:44:50,53.12,100,
09:44:50,53.12,250,
09:44:50,53.12,100,
09:44:50,53.12,250,
09:44:50,53.12,200,
09:44:50,53.12,200,
09:44:51,53.13,100,
09:44:51,53.13,100,
09:44:51,53.13,100,
09:44:51,53.13,100,
09:44:51,53.14,500,
09:44:51,53.15,300,
09:44:51,53.15,100,
09:44:51,53.14,133,
09:44:51,53.14,100,
09:44:53,53.14,500,
09:44:54,53.13,118,
09:44:54,53.13,700,
09:44:54,53.1363,300,
09:44:55,53.14,1000,
09:44:57,53.16,100,
09:44:57,53.17,500,
09:44:57,53.17,500,
09:44:57,53.17,300,
09:44:57,53.17,100,
09:44:59,53.17,100,
09:45:00,53.13,200,
09:45:00,53.14,400,
09:45:00,53.14,200,
09:45:00,53.15,200,
09:45:00,53.15,400,
09:45:00,53.14,200,
09:45:00,53.14,100,
09:45:00,53.14,100,
09:45:00,53.14,100,
09:45:00,53.15,400,
09:45:00,53.15,100,
09:45:01,53.15,100,
09:45:01,53.15,200,
09:45:02,53.15,600,
09:45:02,53.15,100,
09:45:02,53.16,107,
09:45:02,53.16,200,
09:45:02,53.16,100,
09:45:02,53.16,100,
09:45:03,53.15,800,
09:45:03,53.15,115,
09:45:03,53.15,200,
09:45:03,53.15,700,
09:45:03,53.15,200,
09:45:03,53.15,285,
09:45:03,53.14,200,
09:45:04,53.14,200,
09:45:04,53.14,500,
09:45:05,53.14,285,
09:45:05,53.14,100,
09:45:05,53.14,100,
09:45:05,53.14,400,
09:45:05,53.14,300,
09:45:05,53.14,500,
09:45:05,53.14,685,
09:45:05,53.14,300,
09:45:05,53.14,101,
09:45:05,53.14,200,
09:45:05,53.14,700,
09:45:05,53.14,200,
09:45:05,53.14,400,
09:45:06,53.15,100,
09:45:06,53.15,300,
09:45:06,53.15,100,
09:45:06,53.15,250,
09:45:06,53.15,300,
09:45:06,53.15,250,
09:45:06,53.15,100,
09:45:06,53.15,100,
09:45:06,53.15,100,
09:45:06,53.15,100,
09:45:06,53.15,100,
09:45:06,53.16,100,
09:45:07,53.16,200,
09:45:07,53.16,100,
09:45:07,53.17,400,
09:45:07,53.16,200,
09:45:07,53.17,500,
09:45:07,53.16,250,
09:45:07,53.16,100,
09:45:07,53.16,100,
09:45:07,53.16,250,
09:45:08,53.15,200,
09:45:08,53.15,400,
09:45:08,53.15,500,
09:45:08,53.15,400,
09:45:08,53.14,200,
09:45:08,53.16,100,
09:45:08,53.15,100,
09:45:09,53.16,244,
09:45:09,53.1599,100,
09:45:09,53.16,300,
09:45:09,53.16,200,
09:45:09,53.16,100,
09:45:10,53.16,100,
09:45:11,53.17,400,
09:45:12,53.17,100,
09:45:12,53.16,100,
09:45:12,53.17,100,
09:45:12,53.17,300,
09:45:12,53.17,254,
09:45:12,53.17,500,
09:45:12,53.18,1000,
09:45:12,53.18,200,
09:45:12,53.18,200,
09:45:12,53.18,100,
09:45:12,53.18,200,
09:45:12,53.17,100,
09:45:13,53.18,100,
09:45:13,53.18,121,
09:45:13,53.18,250,
09:45:13,53.18,200,
09:45:13,53.18,300,
09:45:13,53.18,200,
09:45:13,53.18,100,
09:45:13,53.18,200,
09:45:13,53.18,300,
09:45:13,53.18,300,
09:45:13,53.18,300,
09:45:13,53.18,470,
09:45:13,53.18,230,
09:45:13,53.19,500,
09:45:13,53.19,500,
09:45:13,53.19,200,
09:45:13,53.19,100,
09:45:13,53.20,600,
09:45:13,53.20,100,
09:45:14,53.20,1200,
09:45:14,53.20,800,
09:45:14,53.20,500,
09:45:16,53.1999,300,
09:45:16,53.21,100,
09:45:16,53.22,800,
09:45:17,53.23,200,
09:45:17,53.23,100,
09:45:17,53.23,250,
09:45:17,53.23,200,
09:45:17,53.24,813,
09:45:17,53.24,187,
09:45:17,53.24,4374,
09:45:17,53.24,188,
09:45:17,53.24,100,
09:45:18,53.24,200,
09:45:19,53.25,100,
09:45:19,53.25,100,
09:45:20,53.26,400,
09:45:20,53.26,200,
09:45:20,53.26,100,
09:45:20,53.25,300,
09:45:20,53.25,100,
09:45:20,53.25,187,
09:45:20,53.25,200,
09:45:21,53.25,200,
09:45:21,53.24,700,
09:45:21,53.24,100,
09:45:21,53.24,200,
09:45:21,53.24,200,
09:45:21,53.23,500,
09:45:21,53.23,300,
09:45:21,53.23,600,
09:45:21,53.23,185,
09:45:21,53.23,500,
09:45:21,53.23,200,
09:45:21,53.23,100,
09:45:21,53.22,300,
09:45:21,53.22,205,
09:45:21,53.22,205,
09:45:21,53.22,100,
09:45:21,53.22,100,
09:45:22,53.22,300,
09:45:22,53.22,200,
09:45:22,53.2105,700,
09:45:23,53.21,200,
09:45:23,53.21,104,
09:45:23,53.21,200,
09:45:23,53.20,100,
09:45:23,53.21,400,
09:45:24,53.23,100,
09:45:24,53.23,100,
09:45:25,53.22,100,
09:45:25,53.22,100,
09:45:25,53.22,300,
09:45:25,53.22,700,
09:45:25,53.22,100,
09:45:25,53.22,400,
09:45:25,53.22,100,
09:45:25,53.22,100,
09:45:25,53.22,100,
09:45:25,53.22,100,
09:45:26,53.22,100,
09:45:26,53.22,100,
09:45:26,53.22,100,
09:45:26,53.21,700,
09:45:26,53.21,1630,
09:45:26,53.21,200,
09:45:26,53.21,100,
09:45:26,53.21,100,
09:45:26,53.21,100,
09:45:26,53.21,300,
09:45:26,53.20,700,
09:45:26,53.20,370,
09:45:27,53.21,200,
09:45:27,53.2099,700,
09:45:27,53.21,100,
09:45:27,53.20,400,
09:45:28,53.21,100,
09:45:28,53.20,100,
09:45:29,53.19,100,
09:45:29,53.19,100,
09:45:30,53.18,100,
09:45:30,53.17,140,
09:45:30,53.17,200,
09:45:30,53.17,100,
09:45:30,53.17,100,
09:45:30,53.16,400,
09:45:31,53.16,600,
09:45:31,53.16,100,
09:45:31,53.15,100,
09:45:31,53.15,300,
09:45:31,53.16,500,
09:45:31,53.16,300,
09:45:31,53.16,500,
09:45:31,53.16,600,
09:45:31,53.16,100,
09:45:31,53.16,100,
09:45:31,53.16,100,
09:45:31,53.16,200,
09:45:32,53.17,400,
09:45:32,53.17,100,
09:45:32,53.17,500,
09:45:32,53.17,100,
09:45:32,53.17,177,
09:45:32,53.17,223,
09:45:32,53.17,5531,
09:45:33,53.18,100,
09:45:33,53.18,600,
09:45:33,53.18,100,
09:45:33,53.179,400,
09:45:33,53.1792,200,
09:45:33,53.1794,100,
09:45:33,53.1794,100,
09:45:33,53.179,1500,
09:45:33,53.179,1000,
09:45:33,53.17,100,
09:45:33,53.17,100,
09:45:34,53.17,100,
09:45:34,53.17,100,
09:45:34,53.17,100,
09:45:34,53.17,100,
09:45:34,53.18,1500,
09:45:35,53.17,200,
09:45:35,53.18,100,
09:45:36,53.17,300,
09:45:37,53.17,700,
09:45:38,53.17,100,
09:45:39,53.1716,300,
09:45:39,53.18,400,
09:45:39,53.18,200,
09:45:39,53.18,250,
09:45:39,53.18,100,
09:45:39,53.17,300,
09:45:39,53.17,1100,
09:45:39,53.17,300,
09:45:39,53.17,300,
09:45:39,53.17,123,
09:45:39,53.17,223,
09:45:39,53.17,200,
09:45:39,53.17,400,
09:45:39,53.17,300,
09:45:39,53.17,100,
09:45:39,53.17,100,
09:45:39,53.17,100,
09:45:40,53.17,300,
09:45:40,53.17,200,
09:45:40,53.17,200,
09:45:40,53.16,100,
09:45:40,53.17,100,
09:45:41,53.17,100,
09:45:42,53.16,200,
09:45:42,53.16,300,
09:45:42,53.16,100,
09:45:42,53.16,300,
09:45:42,53.16,400,
09:45:42,53.16,100,
09:45:42,53.16,100,
09:45:42,53.16,100,
09:45:42,53.18,200,
09:45:42,53.16,100,
09:45:43,53.16,200,
09:45:43,53.15,100,
09:45:43,53.15,300,
09:45:46,53.18,400,
09:45:46,53.18,250,
09:45:46,53.18,138,
09:45:46,53.18,500,
09:45:46,53.18,200,
09:45:46,53.18,700,
09:45:46,53.18,200,
09:45:46,53.18,200,
09:45:46,53.18,100,
09:45:46,53.18,200,
09:45:46,53.18,100,
09:45:46,53.18,600,
09:45:46,53.18,400,
09:45:46,53.18,700,
09:45:46,53.17,300,
09:45:46,53.17,200,
09:45:46,53.17,100,
09:45:46,53.17,1000,
09:45:46,53.16,1000,
09:45:46,53.16,1630,
09:45:46,53.16,200,
09:45:46,53.15,100,
09:45:46,53.15,100,
09:45:46,53.17,300,
09:45:46,53.17,100,
09:45:46,53.14,100,
09:45:47,53.15,100,
09:45:47,53.15,400,
09:45:47,53.15,200,
09:45:47,53.15,200,
09:45:47,53.15,100,
09:45:47,53.14,100,
09:45:47,53.14,200,
09:45:47,53.14,513,
09:45:47,53.14,200,
09:45:47,53.14,500,
09:45:47,53.14,100,
09:45:47,53.14,200,
09:45:47,53.14,500,
09:45:47,53.14,100,
09:45:47,53.14,500,
09:45:47,53.14,100,
09:45:48,53.15,300,
09:45:49,53.16,400,
09:45:49,53.16,100,
09:45:49,53.17,100,
09:45:49,53.17,500,
09:45:49,53.17,200,
09:45:49,53.17,400,
09:45:50,53.16,100,
09:45:51,53.14,700,
09:45:51,53.14,100,
09:45:51,53.14,100,
09:45:51,53.14,200,
09:45:51,53.14,200,
09:45:51,53.14,500,
09:45:52,53.1499,200,
09:45:52,53.15,100,
09:45:54,53.14,100,
09:45:55,53.13,100,
09:45:55,53.13,700,
09:45:55,53.13,100,
09:45:55,53.14,100,
09:45:55,53.14,300,
09:45:56,53.15,100,
09:45:56,53.15,400,
09:45:56,53.15,300,
09:45:56,53.15,300,
09:45:56,53.15,100,
09:45:56,53.15,100,
09:45:56,53.15,100,
09:45:56,53.15,900,
09:45:56,53.16,364,
09:45:56,53.16,700,
09:45:56,53.17,200,
09:45:56,53.17,500,
09:45:56,53.17,200,
09:45:57,53.17,700,
09:45:57,53.17,100,
09:45:57,53.18,300,
09:45:57,53.18,500,
09:45:57,53.18,200,
09:45:57,53.18,500,
09:45:57,53.18,200,
09:45:57,53.18,500,
09:45:57,53.18,100,
09:45:57,53.18,400,
09:45:57,53.18,100,
09:45:57,53.18,231,
09:45:57,53.18,100,
09:45:57,53.18,200,
09:45:57,53.18,150,
09:45:57,53.18,900,
09:45:57,53.18,250,
09:45:57,53.18,100,
09:45:57,53.18,100,
09:45:57,53.18,100,
09:45:57,53.18,100,
09:45:57,53.18,100,
09:45:57,53.18,100,
09:45:58,53.18,100,
09:45:58,53.19,500,
09:45:58,53.19,400,
09:45:58,53.19,100,
09:45:58,53.19,400,
09:45:58,53.19,1630,
09:45:58,53.19,500,
09:45:58,53.19,170,
09:45:58,53.19,100,
09:45:58,53.19,100,
09:45:58,53.19,400,
09:45:58,53.19,300,
09:45:58,53.19,500,
09:45:58,53.19,400,
09:45:58,53.19,100,
09:45:58,53.19,200,
09:45:58,53.18,500,
09:45:58,53.18,400,
09:45:58,53.18,500,
09:45:58,53.18,200,
09:45:58,53.18,400,
09:45:58,53.18,300,
09:45:58,53.18,200,
09:45:58,53.18,400,
09:45:58,53.18,100,
09:45:58,53.18,400,
09:45:58,53.18,100,
09:45:58,53.19,500,
09:45:58,53.18,100,
09:45:58,53.17,600,
09:45:58,53.18,200,
09:45:58,53.17,475,
09:45:58,53.17,223,
09:45:58,53.17,423,
09:45:58,53.18,400,
09:45:58,53.17,200,
09:45:58,53.17,300,
09:45:58,53.18,1000,
09:45:58,53.17,200,
09:45:58,53.18,126,
09:45:58,53.18,200,
09:45:58,53.18,674,
09:45:58,53.18,126,
09:45:58,53.17,100,
09:45:58,53.17,100,
09:45:58,53.16,400,
09:45:58,53.16,500,
09:45:58,53.16,800,
09:45:58,53.185,1000,
09:45:58,53.16,100,
09:45:58,53.16,100,
09:45:58,53.16,100,
09:45:59,53.17,100,
09:45:59,53.17,454,
09:45:59,53.17,400,
09:45:59,53.17,500,
09:45:59,53.17,400,
09:45:59,53.18,147,
09:45:59,53.18,100,
09:45:59,53.18,3200,
09:45:59,53.18,446,
09:45:59,53.18,400,
09:45:59,53.18,100,
09:45:59,53.18,100,
09:45:59,53.19,200,
09:45:59,53.19,200,
09:46:00,53.18,100,
09:46:00,53.18,100,
09:46:00,53.18,100,
09:46:01,53.17,100,
09:46:01,53.16,200,
09:46:01,53.16,100,
09:46:01,53.16,100,
09:46:01,53.16,100,
09:46:01,53.16,161,
09:46:01,53.16,100,
09:46:01,53.16,250,
09:46:01,53.16,100,
09:46:01,53.16,100,
09:46:01,53.16,100,
09:46:01,53.15,115,
09:46:01,53.15,185,
09:46:02,53.14,761,
09:46:02,53.14,439,
09:46:02,53.13,100,
09:46:03,53.13,100,
09:46:04,53.12,100,
09:46:05,53.11,513,
09:46:05,53.11,100,
09:46:05,53.11,500,
09:46:05,53.11,100,
09:46:05,53.11,100,
09:46:05,53.1037,400,
09:46:06,53.10,100,
09:46:06,53.10,100,
09:46:06,53.10,500,
09:46:06,53.10,100,
09:46:06,53.09,200,
09:46:06,53.09,100,
09:46:06,53.09,100,
09:46:07,53.08,400,
09:46:07,53.08,500,
09:46:07,53.08,200,
09:46:07,53.08,100,
09:46:07,53.07,500,
09:46:07,53.0737,400,
09:46:07,53.08,100,
09:46:07,53.07,100,
09:46:08,53.07,100,
09:46:08,53.07,100,
09:46:08,53.07,100,
09:46:08,53.06,100,
09:46:08,53.06,600,
09:46:08,53.06,100,
09:46:08,53.06,100,
09:46:08,53.06,400,
09:46:08,53.06,200,
09:46:08,53.06,200,
09:46:08,53.06,300,
09:46:08,53.06,100,
09:46:09,53.05,100,
09:46:09,53.05,100,
09:46:09,53.05,314,
09:46:09,53.05,100,
09:46:09,53.05,150,
09:46:09,53.05,200,
09:46:09,53.0401,200,
09:46:09,53.05,104,
09:46:09,53.05,396,
09:46:09,53.04,100,
09:46:09,53.05,200,
09:46:09,53.05,100,
09:46:10,53.0437,400,
09:46:10,53.0436,100,
09:46:10,53.06,100,
09:46:10,53.05,900,
09:46:10,53.05,100,
09:46:11,53.05,100,
09:46:12,53.05,100,
09:46:12,53.04,200,
09:46:12,53.05,200,
09:46:12,53.05,200,
09:46:12,53.05,200,
09:46:15,53.05,100,
09:46:15,53.05,100,
09:46:16,53.0499,100,
09:46:16,53.05,400,
09:46:16,53.05,100,
09:46:16,53.05,400,
09:46:16,53.05,200,
09:46:17,53.05,500,
09:46:17,53.05,100,
09:46:20,53.05,100,
09:46:21,53.07,500,
09:46:21,53.07,400,
09:46:21,53.07,200,
09:46:21,53.07,1630,
09:46:21,53.06,200,
09:46:21,53.06,400,
09:46:21,53.06,100,
09:46:21,53.06,100,
09:46:21,53.06,500,
09:46:21,53.08,200,
09:46:21,53.08,500,
09:46:21,53.08,200,
09:46:21,53.07,100,
09:46:21,53.07,200,
09:46:21,53.07,1000,
09:46:21,53.07,300,
09:46:21,53.07,100,
09:46:21,53.07,1000,
09:46:21,53.07,1000,
09:46:21,53.07,1600,
09:46:21,53.07,200,
09:46:21,53.07,500,
09:46:21,53.07,600,
09:46:21,53.07,200,
09:46:21,53.06,200,
09:46:21,53.06,100,
09:46:21,53.08,200,
09:46:21,53.08,800,
09:46:21,53.08,100,
09:46:21,53.08,1000,
09:46:21,53.08,500,
09:46:21,53.08,300,
09:46:21,53.08,3300,
09:46:21,53.08,1630,
09:46:21,53.08,1000,
09:46:21,53.08,400,
09:46:21,53.08,800,
09:46:21,53.07,100,
09:46:21,53.07,400,
09:46:21,53.06,200,
09:46:21,53.06,500,
09:46:21,53.05,200,
09:46:21,53.05,500,
09:46:21,53.06,200,
09:46:21,53.05,500,
09:46:21,53.05,500,
09:46:21,53.05,200,
09:46:21,53.06,246,
09:46:21,53.06,400,
09:46:21,53.06,400,
09:46:21,53.05,250,
09:46:21,53.06,200,
09:46:21,53.06,300,
09:46:21,53.05,300,
09:46:21,53.05,1000,
09:46:21,53.05,100,
09:46:21,53.07,434,
09:46:21,53.07,100,
09:46:21,53.07,100,
09:46:21,53.07,400,
09:46:21,53.08,400,
09:46:21,53.08,500,
09:46:21,53.08,400,
09:46:21,53.08,500,
09:46:21,53.08,200,
09:46:21,53.08,1000,
09:46:21,53.09,100,
09:46:21,53.08,100,
09:46:21,53.08,500,
09:46:21,53.09,200,
09:46:21,53.09,500,
09:46:21,53.09,100,
09:46:21,53.05,200,
09:46:21,53.10,100,
09:46:21,53.09,543,
09:46:21,53.09,1000,
09:46:21,53.09,695,
09:46:21,53.09,500,
09:46:21,53.09,400,
09:46:21,53.09,400,
09:46:21,53.09,2400,
09:46:21,53.09,200,
09:46:21,53.09,219,
09:46:21,53.09,400,
09:46:21,53.09,200,
09:46:21,53.09,100,
09:46:21,53.09,606,
09:46:21,53.09,200,
09:46:21,53.09,3258,
09:46:21,53.09,200,
09:46:21,53.09,150,
09:46:21,53.09,100,
09:46:21,53.08,500,
09:46:21,53.08,300,
09:46:21,53.08,500,
09:46:21,53.09,200,
09:46:21,53.08,250,
09:46:21,53.08,200,
09:46:21,53.08,200,
09:46:21,53.09,200,
09:46:21,53.09,100,
09:46:21,53.09,100,
09:46:21,53.10,300,
09:46:21,53.10,100,
09:46:21,53.09,100,
09:46:21,53.09,100,
09:46:23,53.08,500,
09:46:23,53.08,400,
09:46:25,53.08,100,
09:46:25,53.08,200,
09:46:25,53.08,100,
09:46:26,53.08,500,
09:46:26,53.07,100,
09:46:26,53.07,200,
09:46:26,53.07,200,
09:46:26,53.07,600,
09:46:26,53.07,600,
09:46:28,53.05,1000,
09:46:29,53.05,500,
09:46:29,53.04,100,
09:46:29,53.04,100,
09:46:29,53.04,250,
09:46:30,53.04,182,
09:46:31,53.03,400,
09:46:32,53.0419,400,
09:46:32,53.03,100,
09:46:32,53.03,400,
09:46:32,53.04,300,
09:46:34,53.04,200,
09:46:34,53.04,500,
09:46:34,53.04,100,
09:46:35,53.04,900,
09:46:36,53.04,300,
09:46:36,53.03,100,
09:46:36,53.04,100,
09:46:36,53.04,100,
09:46:37,53.04,300,
09:46:39,53.03,300,
09:46:39,53.03,400,
09:46:39,53.03,100,
09:46:42,53.02,500,
09:46:42,53.02,700,
09:46:42,53.01,200,
09:46:42,53.01,2300,
09:46:42,53.02,100,
09:46:42,53.01,300,
09:46:42,53.01,500,
09:46:42,53.01,2800,
09:46:42,53.01,500,
09:46:42,53.01,100,
09:46:42,53.02,200,
09:46:43,53,200,
09:46:44,53,100,
09:46:44,53.01,900,
09:46:44,53.01,400,
09:46:44,53,200,
09:46:44,53,700,
09:46:44,53,300,
09:46:44,53,400,
09:46:44,53,200,
09:46:44,53.01,300,
09:46:44,53,800,
09:46:44,53.01,4400,
09:46:44,53.01,100,
09:46:44,53.01,200,
09:46:44,53.01,500,
09:46:44,53.01,500,
09:46:44,53.01,400,
09:46:44,53.01,200,
09:46:44,53.01,200,
09:46:44,53.01,300,
09:46:44,53.01,250,
09:46:44,53.01,100,
09:46:44,53.01,200,
09:46:44,53.01,300,
09:46:44,53.01,200,
09:46:44,53.01,250,
09:46:44,53.01,500,
09:46:44,53.01,100,
09:46:44,53.01,600,
09:46:44,53.01,100,
09:46:44,53.02,1000,
09:46:44,53.02,900,
09:46:44,53.02,100,
09:46:44,53.02,100,
09:46:44,53.02,100,
09:46:44,53.02,1900,
09:46:44,53.02,400,
09:46:44,53.02,300,
09:46:44,53.02,300,
09:46:44,53.02,200,
09:46:44,53.03,400,
09:46:44,53.03,400,
09:46:44,53.03,400,
09:46:44,53.01,100,
09:46:44,53.01,200,
09:46:44,53.01,100,
09:46:44,53.01,400,
09:46:44,53.03,100,
09:46:44,53.03,1000,
09:46:44,53.03,100,
09:46:44,53.02,1000,
09:46:44,53.02,800,
09:46:44,53.02,500,
09:46:44,53.02,300,
09:46:44,53.02,200,
09:46:44,53.03,400,
09:46:44,53.01,200,
09:46:44,53.02,100,
09:46:44,53.01,200,
09:46:44,53,100,
09:46:44,53.01,100,
09:46:45,53,100,
09:46:45,53,100,
09:46:45,53,400,
09:46:45,53,400,
09:46:45,53,1000,
09:46:45,53.01,200,
09:46:45,53.01,300,
09:46:45,53.01,400,
09:46:45,53.01,500,
09:46:45,53.01,500,
09:46:45,53.01,200,
09:46:45,53.01,500,
09:46:45,53.01,400,
09:46:45,53.02,100,
09:46:46,53,5000,
09:46:46,52.98,600,
09:46:46,52.98,1300,
09:46:46,52.98,100,
09:46:46,52.98,200,
09:46:46,52.99,100,
09:46:46,52.99,940,
09:46:46,52.99,1000,
09:46:46,52.98,700,
09:46:46,52.98,500,
09:46:46,52.97,100,
09:46:46,52.97,100,
09:46:47,52.98,200,
09:46:47,52.98,200,
09:46:47,52.98,200,
09:46:47,52.98,100,
09:46:47,52.98,100,
09:46:47,52.98,100,
09:46:47,52.98,200,
09:46:47,52.98,200,
09:46:47,52.98,100,
09:46:48,52.98,200,
09:46:48,52.98,100,
09:46:48,52.98,200,
09:46:49,52.98,156,
09:46:49,52.98,100,
09:46:49,52.99,450,
09:46:49,52.99,100,
09:46:49,52.99,150,
09:46:49,52.99,400,
09:46:49,53,200,
09:46:50,53,200,
09:46:50,53,300,
09:46:50,53,270,
09:46:50,53.01,100,
09:46:50,53.01,100,
09:46:50,53.01,300,
09:46:50,53.01,230,
09:46:50,53.01,100,
09:46:50,53.01,100,
09:46:50,53.01,100,
09:46:50,52.99,300,
09:46:51,52.98,500,
09:46:53,52.98,100,
09:46:54,52.99,100,
09:46:54,52.99,250,
09:46:54,52.99,100,
09:46:54,52.99,258,
09:46:54,52.99,100,
09:46:54,52.99,100,
09:46:54,52.99,200,
09:46:54,52.99,100,
09:46:55,52.98,192,
09:46:55,52.97,300,
09:46:55,52.97,300,
09:46:55,52.97,200,
09:46:55,52.97,100,
09:46:55,52.97,100,
09:46:56,52.98,500,
09:46:56,52.98,300,
09:46:56,52.98,400,
09:46:56,52.98,500,
09:46:56,52.98,200,
09:46:56,52.98,396,
09:46:56,52.98,100,
09:46:56,52.98,500,
09:46:58,52.98,100,
09:46:58,52.97,200,
09:46:58,52.98,150,
09:46:59,52.99,100,
09:46:59,52.99,300,
09:47:00,53,100,
09:47:00,53,200,
09:47:01,53,100,
09:47:01,53,100,
09:47:02,52.9905,1000,
09:47:03,53.02,100,
09:47:03,53.02,200,
09:47:03,53.01,500,
09:47:03,53.01,100,
09:47:03,53.01,700,
09:47:03,53.01,400,
09:47:03,53.01,100,
09:47:03,53.01,2400,
09:47:03,53.03,197,
09:47:03,53.02,492,
09:47:03,53.01,197,
09:47:03,53.01,400,
09:47:03,53.02,100,
09:47:03,53.02,100,
09:47:03,53.03,100,
09:47:03,53.01,500,
09:47:03,53.02,100,
09:47:03,53.02,100,
09:47:03,53.02,100,
09:47:03,53.03,100,
09:47:03,53.02,197,
09:47:03,53.02,200,
09:47:03,53.03,100,
09:47:04,53.04,500,
09:47:04,53.03,100,
09:47:04,53.02,100,
09:47:04,53.02,100,
09:47:04,53.02,200,
09:47:05,53.01,300,
09:47:05,53.0035,200,
09:47:06,53.01,500,
09:47:07,53,2300,
09:47:09,52.99,200,
09:47:10,52.98,600,
09:47:10,52.98,500,
09:47:10,52.98,400,
09:47:11,52.9763,300,
09:47:11,52.9704,300,
09:47:11,52.9703,400,
09:47:11,52.97,300,
09:47:11,52.96,7300,
09:47:12,52.97,100,
09:47:13,52.96,100,
09:47:13,52.94,400,
09:47:13,52.96,200,
09:47:13,52.94,100,
09:47:13,52.95,300,
09:47:13,52.94,1600,
09:47:13,52.95,1000,
09:47:13,52.95,435,
09:47:13,52.94,400,
09:47:13,52.94,600,
09:47:13,52.94,224,
09:47:13,52.94,500,
09:47:13,52.94,476,
09:47:13,52.94,300,
09:47:13,52.94,700,
09:47:13,52.94,500,
09:47:13,52.94,600,
09:47:13,52.94,250,
09:47:13,52.94,500,
09:47:13,52.94,400,
09:47:13,52.93,600,
09:47:13,52.94,200,
09:47:13,52.94,100,
09:47:13,52.94,200,
09:47:13,52.95,100,
09:47:13,52.94,100,
09:47:13,52.93,200,
09:47:13,52.93,200,
09:47:13,52.93,300,
09:47:13,52.93,700,
09:47:13,52.93,1000,
09:47:13,52.94,300,
09:47:13,52.94,200,
09:47:13,52.94,500,
09:47:13,52.94,300,
09:47:13,52.94,400,
09:47:13,52.94,600,
09:47:13,52.94,1000,
09:47:13,52.93,400,
09:47:13,52.9201,100,
09:47:13,52.92,100,
09:47:14,52.96,600,
09:47:14,52.92,100,
09:47:14,52.92,100,
09:47:14,52.9221,200,
09:47:14,52.93,381,
09:47:14,52.93,300,
09:47:14,52.93,196,
09:47:14,52.93,1000,
09:47:14,52.92,100,
09:47:14,52.93,600,
09:47:14,52.93,118,
09:47:14,52.93,500,
09:47:14,52.93,200,
09:47:15,52.94,100,
09:47:15,52.95,500,
09:47:15,52.95,300,
09:47:15,52.95,600,
09:47:15,52.95,100,
09:47:16,52.94,100,
09:47:16,52.95,200,
09:47:16,52.95,600,
09:47:17,52.9505,1060,
09:47:17,52.96,400,
09:47:17,52.96,600,
09:47:18,52.96,300,
09:47:19,52.9505,500,
09:47:19,52.95,191,
09:47:19,52.95,100,
09:47:19,52.95,100,
09:47:19,52.95,800,
09:47:19,52.95,100,
09:47:19,52.95,100,
09:47:19,52.95,600,
09:47:20,52.95,295,
09:47:20,52.95,100,
09:47:20,52.9419,400,
09:47:20,52.95,100,
09:47:20,52.9429,1499,
09:47:21,52.94,100,
09:47:23,52.94,100,
09:47:23,52.94,100,
09:47:24,52.95,400,
09:47:24,52.95,600,
09:47:24,52.96,100,
09:47:24,52.96,300,
09:47:24,52.96,100,
09:47:24,52.95,400,
09:47:25,52.95,100,
09:47:25,52.94,100,
09:47:25,52.94,100,
09:47:25,52.94,100,
09:47:25,52.94,300,
09:47:25,52.94,100,
09:47:27,52.94,200,
09:47:27,52.93,200,
09:47:28,52.93,266,
09:47:29,52.94,300,
09:47:29,52.95,100,
09:47:29,52.95,200,
09:47:29,52.95,300,
09:47:30,52.94,100,
09:47:30,52.95,300,
09:47:31,52.95,600,
09:47:31,52.96,200,
09:47:31,52.96,200,
09:47:31,52.96,200,
09:47:31,52.96,100,
09:47:32,52.95,200,
09:47:33,52.96,200,
09:47:33,52.96,10000,
09:47:33,52.97,500,
09:47:34,52.98,100,
09:47:35,52.9871,300,
09:47:35,52.9872,400,
09:47:35,52.98,200,
09:47:35,52.98,100,
09:47:35,52.98,100,
09:47:35,52.97,468,
09:47:36,52.976,380,
09:47:37,52.96,500,
09:47:37,52.95,400,
09:47:37,52.95,100,
09:47:37,52.95,200,
09:47:37,52.95,500,
09:47:37,52.95,200,
09:47:38,52.96,200,
09:47:38,52.96,100,
09:47:38,52.96,100,
09:47:38,52.96,166,
09:47:38,52.96,172,
09:47:38,52.96,1000,
09:47:38,52.96,600,
09:47:38,52.96,100,
09:47:39,52.96,200,
09:47:39,52.96,106,
09:47:39,52.96,100,
09:47:39,52.96,100,
09:47:40,52.96,300,
09:47:40,52.95,600,
09:47:41,52.96,100,
09:47:41,52.96,400,
09:47:41,52.96,100,
09:47:41,52.96,100,
09:47:41,52.96,1000,
09:47:41,52.96,100,
09:47:41,52.96,600,
09:47:41,52.96,300,
09:47:41,52.96,200,
09:47:42,52.97,100,
09:47:42,52.98,600,
09:47:42,52.98,400,
09:47:43,52.97,300,
09:47:43,52.96,300,
09:47:43,52.96,600,
09:47:43,52.96,100,
09:47:43,52.95,200,
09:47:43,52.95,600,
09:47:43,52.96,1100,
09:47:43,52.95,300,
09:47:43,52.95,200,
09:47:43,52.95,100,
09:47:43,52.95,400,
09:47:43,52.95,100,
09:47:43,52.95,200,
09:47:43,52.94,100,
09:47:43,52.94,2400,
09:47:43,52.94,600,
09:47:43,52.94,2000,
09:47:43,52.94,100,
09:47:43,52.94,600,
09:47:43,52.93,100,
09:47:44,52.95,100,
09:47:45,52.95,600,
09:47:45,52.96,140,
09:47:45,52.95,200,
09:47:45,52.96,200,
09:47:45,52.96,600,
09:47:45,52.96,400,
09:47:45,52.96,600,
09:47:46,52.96,400,
09:47:47,52.94,200,
09:47:47,52.93,900,
09:47:47,52.93,1900,
09:47:47,52.93,400,
09:47:47,52.93,200,
09:47:47,52.93,300,
09:47:47,52.93,600,
09:47:47,52.93,400,
09:47:47,52.93,200,
09:47:48,52.93,100,
09:47:49,52.93,100,
09:47:49,52.93,600,
09:47:49,52.93,600,
09:47:49,52.92,400,
09:47:49,52.91,100,
09:47:49,52.91,200,
09:47:50,52.91,100,
09:47:50,52.90,3700,
09:47:50,52.90,1000,
09:47:50,52.9001,400,
09:47:50,52.90,200,
09:47:50,52.90,200,
09:47:50,52.90,400,
09:47:50,52.90,250,
09:47:51,52.91,200,
09:47:51,52.92,200,
09:47:51,52.92,500,
09:47:51,52.92,200,
09:47:52,52.93,400,
09:47:52,52.93,100,
09:47:52,52.93,100,
09:47:52,52.93,418,
09:47:52,52.93,600,
09:47:52,52.93,200,
09:47:52,52.92,2000,
09:47:53,52.93,200,
09:47:53,52.93,600,
09:47:53,52.93,200,
09:47:53,52.92,200,
09:47:53,52.92,100,
09:47:53,52.92,200,
09:47:53,52.92,400,
09:47:53,52.92,600,
09:47:53,52.92,900,
09:47:54,52.91,600,
09:47:54,52.90,1000,
09:47:54,52.90,200,
09:47:54,52.90,600,
09:47:54,52.90,900,
09:47:55,52.91,600,
09:47:55,52.91,600,
09:47:55,52.91,200,
09:47:55,52.91,400,
09:47:55,52.92,600,
09:47:55,52.92,1000,
09:47:55,52.92,200,
09:47:55,52.92,100,
09:47:55,52.92,950,
09:47:55,52.93,600,
09:47:55,52.93,200,
09:47:55,52.93,200,
09:47:55,52.93,487,
09:47:56,52.93,200,
09:47:56,52.92,200,
09:47:58,52.92,900,
09:47:59,52.93,600,
09:47:59,52.9301,300,
09:48:00,52.93,100,
09:48:01,52.94,300,
09:48:01,52.94,200,
09:48:02,52.94,400,
09:48:02,52.94,100,
09:48:02,52.94,400,
09:48:03,52.94,582,
09:48:03,52.95,282,
09:48:04,52.95,100,
09:48:04,52.96,240,
09:48:04,52.955,100,
09:48:04,52.96,200,
09:48:04,52.96,600,
09:48:04,52.96,100,
09:48:04,52.97,200,
09:48:05,52.98,600,
09:48:05,52.98,100,
09:48:05,52.98,200,
09:48:06,52.97,200,
09:48:06,52.98,100,
09:48:06,52.98,300,
09:48:07,52.97,200,
09:48:07,52.97,500,
09:48:07,52.97,400,
09:48:07,52.96,400,
09:48:07,52.96,300,
09:48:07,52.96,900,
09:48:07,52.96,400,
09:48:07,52.96,400,
09:48:08,52.96,200,
09:48:08,52.96,600,
09:48:09,52.95,1000,
09:48:09,52.94,100,
09:48:09,52.94,213,
09:48:09,52.93,400,
09:48:09,52.93,200,
09:48:10,52.94,200,
09:48:10,52.94,200,
09:48:12,52.937,1000,
09:48:13,52.94,200,
09:48:13,52.94,300,
09:48:17,52.95,100,
09:48:19,52.94,100,
09:48:19,52.94,100,
09:48:19,52.94,400,
09:48:21,52.93,700,
09:48:21,52.93,200,
09:48:23,52.93,349,
09:48:24,52.93,400,
09:48:24,52.94,300,
09:48:28,52.94,600,
09:48:28,52.94,100,
09:48:28,52.96,100,
09:48:28,52.96,200,
09:48:28,52.96,300,
09:48:29,52.95,300,
09:48:29,52.95,100,
09:48:29,52.95,100,
09:48:29,52.95,200,
09:48:29,52.95,200,
09:48:29,52.95,100,
09:48:30,52.95,700,
09:48:30,52.95,300,
09:48:32,52.96,4200,
09:48:32,52.97,600,
09:48:32,52.97,300,
09:48:32,52.97,600,
09:48:32,52.98,600,
09:48:32,52.98,100,
09:48:32,52.98,100,
09:48:32,52.97,935,
09:48:32,52.97,200,
09:48:32,52.97,300,
09:48:32,52.97,400,
09:48:32,52.98,500,
09:48:32,52.98,382,
09:48:32,52.98,1000,
09:48:32,52.98,400,
09:48:32,52.98,4282,
09:48:32,52.98,618,
09:48:32,52.97,100,
09:48:32,52.98,400,
09:48:32,52.97,100,
09:48:32,52.98,3200,
09:48:32,52.98,218,
09:48:32,52.98,400,
09:48:32,52.97,100,
09:48:32,52.97,100,
09:48:32,52.97,500,
09:48:32,52.97,200,
09:48:32,52.99,400,
09:48:33,52.98,200,
09:48:33,52.98,1000,
09:48:33,52.98,400,
09:48:33,52.97,100,
09:48:34,52.97,200,
09:48:34,52.97,100,
09:48:35,52.97,200,
09:48:35,52.97,400,
09:48:35,52.98,300,
09:48:35,52.98,1200,
09:48:35,52.98,860,
09:48:35,52.97,300,
09:48:36,52.96,200,
09:48:37,52.97,100,
09:48:37,52.96,600,
09:48:37,52.96,1000,
09:48:38,52.96,400,
09:48:38,52.96,600,
09:48:40,52.94,200,
09:48:40,52.93,100,
09:48:40,52.92,100,
09:48:40,52.92,1000,
09:48:41,52.92,100,
09:48:41,52.92,300,
09:48:41,52.92,2200,
09:48:41,52.92,600,
09:48:41,52.92,500,
09:48:41,52.92,200,
09:48:41,52.91,100,
09:48:43,52.91,200,
09:48:43,52.90,100,
09:48:43,52.905,100,
09:48:43,52.90,500,
09:48:43,52.90,400,
09:48:43,52.90,500,
09:48:43,52.89,100,
09:48:43,52.89,100,
09:48:43,52.90,700,
09:48:43,52.90,1000,
09:48:43,52.90,300,
09:48:43,52.90,200,
09:48:43,52.901,300,
09:48:43,52.90,200,
09:48:43,52.90,100,
09:48:43,52.90,213,
09:48:44,52.90,300,
09:48:44,52.89,1000,
09:48:44,52.89,1200,
09:48:44,52.89,100,
09:48:44,52.88,18400,
09:48:44,52.88,500,
09:48:44,52.88,200,
09:48:44,52.88,696,
09:48:44,52.88,1000,
09:48:44,52.87,300,
09:48:44,52.88,100,
09:48:44,52.88,125,
09:48:44,52.87,200,
09:48:44,52.87,200,
09:48:44,52.88,100,
09:48:44,52.87,100,
09:48:44,52.87,300,
09:48:44,52.87,600,
09:48:44,52.87,200,
09:48:44,52.88,1000,
09:48:44,52.88,400,
09:48:44,52.87,200,
09:48:44,52.88,225,
09:48:44,52.86,500,
09:48:44,52.88,100,
09:48:44,52.86,1300,
09:48:44,52.88,300,
09:48:44,52.87,400,
09:48:44,52.87,100,
09:48:44,52.87,1000,
09:48:44,52.87,700,
09:48:44,52.87,400,
09:48:44,52.87,100,
09:48:44,52.87,158,
09:48:44,52.87,100,
09:48:44,52.88,1000,
09:48:44,52.87,600,
09:48:45,52.87,100,
09:48:45,52.88,600,
09:48:45,52.88,200,
09:48:45,52.88,188,
09:48:45,52.87,600,
09:48:45,52.87,100,
09:48:45,52.87,600,
09:48:45,52.88,300,
09:48:45,52.88,200,
09:48:45,52.88,200,
09:48:45,52.88,100,
09:48:45,52.88,100,
09:48:45,52.87,100,
09:48:45,52.87,1630,
09:48:45,52.87,300,
09:48:45,52.87,500,
09:48:45,52.87,600,
09:48:45,52.87,200,
09:48:45,52.87,100,
09:48:45,52.87,100,
09:48:45,52.87,100,
09:48:45,52.87,200,
09:48:45,52.87,1000,
09:48:45,52.87,600,
09:48:45,52.87,199,
09:48:45,52.87,100,
09:48:45,52.87,1000,
09:48:45,52.87,800,
09:48:45,52.86,1200,
09:48:45,52.86,100,
09:48:45,52.87,100,
09:48:45,52.85,100,
09:48:45,52.85,1000,
09:48:45,52.85,400,
09:48:45,52.87,300,
09:48:45,52.86,1000,
09:48:45,52.87,100,
09:48:45,52.87,2699,
09:48:45,52.86,200,
09:48:45,52.85,100,
09:48:45,52.86,100,
09:48:45,52.86,200,
09:48:45,52.85,7903,
09:48:45,52.85,600,
09:48:45,52.85,600,
09:48:45,52.85,160,
09:48:45,52.85,1630,
09:48:45,52.85,2000,
09:48:45,52.85,500,
09:48:45,52.85,2800,
09:48:45,52.85,100,
09:48:45,52.85,100,
09:48:45,52.86,400,
09:48:45,52.86,100,
09:48:45,52.85,22600,
09:48:45,52.85,2000,
09:48:45,52.85,400,
09:48:45,52.85,100,
09:48:45,52.85,2800,
09:48:45,52.85,1000,
09:48:45,52.85,100,
09:48:45,52.85,200,
09:48:45,52.85,1000,
09:48:45,52.85,100,
09:48:45,52.85,200,
09:48:45,52.85,100,
09:48:45,52.85,200,
09:48:45,52.84,21700,
09:48:45,52.85,1000,
09:48:45,52.85,900,
09:48:45,52.85,1000,
09:48:45,52.85,200,
09:48:45,52.85,1000,
09:48:45,52.85,200,
09:48:45,52.84,300,
09:48:45,52.85,400,
09:48:46,52.84,200,
09:48:46,52.84,100,
09:48:46,52.84,1000,
09:48:46,52.84,500,
09:48:46,52.84,200,
09:48:46,52.84,200,
09:48:46,52.84,12200,
09:48:46,52.84,300,
09:48:46,52.84,600,
09:48:46,52.84,1000,
09:48:46,52.84,200,
09:48:46,52.84,213,
09:48:46,52.85,500,
09:48:46,52.84,300,
09:48:46,52.84,200,
09:48:46,52.84,200,
09:48:46,52.8499,500,
09:48:46,52.84,200,
09:48:46,52.84,600,
09:48:46,52.84,100,
09:48:46,52.85,200,
09:48:46,52.85,300,
09:48:46,52.845,100,
09:48:46,52.85,500,
09:48:46,52.85,600,
09:48:46,52.85,500,
09:48:46,52.85,200,
09:48:46,52.85,200,
09:48:46,52.85,500,
09:48:46,52.85,101,
09:48:46,52.86,500,
09:48:46,52.86,600,
09:48:47,52.87,212,
09:48:47,52.87,400,
09:48:47,52.87,600,
09:48:47,52.87,400,
09:48:47,52.87,300,
09:48:47,52.87,100,
09:48:47,52.87,300,
09:48:47,52.88,1000,
09:48:47,52.88,1000,
09:48:47,52.88,500,
09:48:47,52.88,100,
09:48:47,52.88,100,
09:48:47,52.85,400,
09:48:47,52.85,400,
09:48:47,52.85,800,
09:48:47,52.88,100,
09:48:48,52.8814,1000,
09:48:48,52.8816,500,
09:48:48,52.8815,200,
09:48:48,52.8801,1000,
09:48:48,52.88,500,
09:48:48,52.8816,250,
09:48:49,52.89,200,
09:48:49,52.90,100,
09:48:49,52.90,400,
09:48:49,52.90,200,
09:48:49,52.8999,100,
09:48:49,52.8999,400,
09:48:49,52.8999,100,
09:48:49,52.90,100,
09:48:49,52.894,1000,
09:48:50,52.89,300,
09:48:50,52.91,300,
09:48:50,52.90,1000,
09:48:50,52.91,1000,
09:48:50,52.91,200,
09:48:50,52.90,500,
09:48:50,52.91,200,
09:48:51,52.90,300,
09:48:51,52.91,100,
09:48:51,52.90,400,
09:48:51,52.9099,300,
09:48:52,52.90,200,
09:48:52,52.90,500,
09:48:52,52.90,100,
09:48:52,52.90,600,
09:48:52,52.90,600,
09:48:52,52.90,200,
09:48:53,52.90,1000,
09:48:56,52.90,300,
09:48:57,52.89,600,
09:48:57,52.8901,400,
09:48:57,52.89,100,
09:48:57,52.90,100,
09:48:58,52.89,400,
09:48:58,52.89,100,
09:49:00,52.88,100,
09:49:00,52.89,400,
09:49:00,52.88,200,
09:49:00,52.88,800,
09:49:00,52.88,100,
09:49:00,52.88,300,
09:49:00,52.88,100,
09:49:01,52.89,200,
09:49:01,52.90,100,
09:49:01,52.90,1000,
09:49:01,52.91,700,
09:49:01,52.91,500,
09:49:01,52.91,600,
09:49:01,52.91,300,
09:49:01,52.91,300,
09:49:01,52.90,200,
09:49:01,52.90,100,
09:49:01,52.90,300,
09:49:01,52.90,600,
09:49:01,52.90,100,
09:49:03,52.89,400,
09:49:03,52.89,100,
09:49:03,52.88,200,
09:49:03,52.89,100,
09:49:03,52.89,100,
09:49:05,52.90,100,
09:49:05,52.90,100,
09:49:05,52.90,100,
09:49:07,52.90,100,
09:49:07,52.90,100,
09:49:07,52.90,100,
09:49:07,52.90,100,
09:49:08,52.90,600,
09:49:08,52.90,550,
09:49:08,52.895,300,
09:49:08,52.90,100,
09:49:08,52.90,300,
09:49:08,52.90,100,
09:49:08,52.90,100,
09:49:09,52.91,300,
09:49:09,52.91,800,
09:49:09,52.91,400,
09:49:09,52.90,180,
09:49:09,52.90,1000,
09:49:10,52.90,100,
09:49:10,52.90,574,
09:49:11,52.91,500,
09:49:11,52.91,300,
09:49:11,52.91,100,
09:49:11,52.91,200,
09:49:12,52.91,200,
09:49:12,52.91,400,
09:49:16,52.90,1000,
09:49:16,52.89,600,
09:49:16,52.88,200,
09:49:16,52.88,700,
09:49:16,52.88,300,
09:49:16,52.87,200,
09:49:17,52.88,600,
09:49:19,52.89,200,
09:49:19,52.89,400,
09:49:19,52.89,500,
09:49:22,52.90,100,
09:49:23,52.91,424,
09:49:23,52.92,100,
09:49:23,52.92,100,
09:49:23,52.92,100,
09:49:24,52.93,200,
09:49:24,52.93,300,
09:49:24,52.93,400,
09:49:25,52.93,100,
09:49:25,52.93,100,
09:49:25,52.93,100,
09:49:26,52.92,588,
09:49:27,52.91,100,
09:49:27,52.91,100,
09:49:27,52.91,200,
09:49:27,52.92,213,
09:49:28,52.93,400,
09:49:30,52.92,600,
09:49:31,52.91,3600,
09:49:32,52.92,100,
09:49:34,52.93,200,
09:49:34,52.93,200,
09:49:34,52.94,200,
09:49:35,52.94,300,
09:49:35,52.94,300,
09:49:35,52.95,400,
09:49:36,52.95,300,
09:49:36,52.95,200,
09:49:36,52.95,300,
09:49:36,52.95,100,
09:49:36,52.95,500,
09:49:36,52.95,300,
09:49:36,52.95,300,
09:49:36,52.94,300,
09:49:36,52.94,400,
09:49:37,52.95,200,
09:49:37,52.95,400,
09:49:37,52.95,300,
09:49:39,52.95,300,
09:49:40,52.95,100,
09:49:43,52.93,100,
09:49:44,52.95,1000,
09:49:44,52.93,100,
09:49:44,52.9299,300,
09:49:45,52.91,600,
09:49:45,52.91,100,
09:49:45,52.91,200,
09:49:45,52.92,100,
09:49:46,52.92,200,
09:49:46,52.93,200,
09:49:46,52.93,400,
09:49:46,52.93,500,
09:49:46,52.93,400,
09:49:46,52.93,200,
09:49:48,52.91,600,
09:49:50,52.92,200,
09:49:50,52.90,300,
09:49:50,52.90,100,
09:49:50,52.91,100,
09:49:51,52.91,200,
09:49:52,52.90,100,
09:49:53,52.91,200,
09:49:53,52.91,300,
09:49:53,52.91,600,
09:49:53,52.91,100,
09:49:53,52.91,100,
09:49:53,52.91,100,
09:49:54,52.91,600,
09:49:54,52.91,600,
09:49:54,52.91,500,
09:49:54,52.91,100,
09:49:54,52.92,100,
09:49:54,52.92,100,
09:49:54,52.92,6800,
09:49:54,52.92,300,
09:49:54,52.92,100,
09:49:57,52.92,100,
09:49:58,52.92,100,
09:49:58,52.92,300,
09:49:58,52.92,300,
09:49:58,52.92,500,
09:49:58,52.92,600,
09:49:58,52.92,600,
09:49:58,52.92,1000,
09:49:59,52.92,100,
09:49:59,52.92,100,
09:49:59,52.93,100,
09:49:59,52.93,100,
09:49:59,52.92,100,
09:49:59,52.94,100,
09:49:59,52.93,100,
09:49:59,52.93,500,
09:49:59,52.94,100,
09:50:00,52.94,100,
09:50:00,52.94,100,
09:50:00,52.94,500,
09:50:00,52.94,100,
09:50:00,52.94,100,
09:50:00,52.94,300,
09:50:00,52.94,1009,
09:50:00,52.94,100,
09:50:00,52.95,100,
09:50:00,52.95,400,
09:50:00,52.94,100,
09:50:00,52.94,191,
09:50:00,52.94,100,
09:50:00,52.95,100,
09:50:00,52.95,100,
09:50:00,52.95,100,
09:50:00,52.95,600,
09:50:00,52.95,200,
09:50:01,52.95,100,
09:50:01,52.95,100,
09:50:01,52.95,200,
09:50:01,52.95,600,
09:50:01,52.95,200,
09:50:01,52.95,500,
09:50:01,52.95,600,
09:50:01,52.95,500,
09:50:01,52.95,200,
09:50:01,52.95,100,
09:50:01,52.94,400,
09:50:01,52.94,600,
09:50:01,52.94,600,
09:50:01,52.94,100,
09:50:01,52.94,300,
09:50:01,52.94,500,
09:50:01,52.93,900,
09:50:01,52.94,100,
09:50:01,52.93,200,
09:50:01,52.94,4500,
09:50:01,52.94,300,
09:50:01,52.94,200,
09:50:01,52.94,1900,
09:50:01,52.94,200,
09:50:01,52.93,100,
09:50:01,52.93,212,
09:50:01,52.93,375,
09:50:01,52.93,200,
09:50:01,52.93,225,
09:50:01,52.93,122,
09:50:01,52.93,200,
09:50:01,52.94,100,
09:50:01,52.94,100,
09:50:01,52.94,200,
09:50:01,52.94,100,
09:50:01,52.94,200,
09:50:01,52.94,400,
09:50:01,52.94,100,
09:50:01,52.94,500,
09:50:01,52.94,500,
09:50:01,52.94,100,
09:50:01,52.94,100,
09:50:01,52.94,100,
09:50:01,52.94,200,
09:50:01,52.94,700,
09:50:01,52.94,300,
09:50:01,52.94,100,
09:50:01,52.94,200,
09:50:01,52.94,100,
09:50:01,52.94,100,
09:50:02,52.93,200,
09:50:02,52.93,200,
09:50:02,52.92,900,
09:50:02,52.92,600,
09:50:02,52.91,100,
09:50:02,52.91,600,
09:50:03,52.92,300,
09:50:03,52.91,600,
09:50:03,52.91,400,
09:50:03,52.91,1000,
09:50:03,52.91,100,
09:50:03,52.92,300,
09:50:04,52.91,200,
09:50:04,52.91,100,
09:50:04,52.91,100,
09:50:05,52.90,300,
09:50:05,52.90,100,
09:50:05,52.90,800,
09:50:05,52.90,100,
09:50:05,52.90,300,
09:50:05,52.90,100,
09:50:06,52.89,500,
09:50:07,52.89,100,
09:50:07,52.88,100,
09:50:08,52.88,300,
09:50:08,52.88,400,
09:50:08,52.88,100,
09:50:08,52.88,100,
09:50:08,52.88,600,
09:50:08,52.88,100,
09:50:08,52.89,200,
09:50:08,52.89,300,
09:50:08,52.89,335,
09:50:08,52.89,365,
09:50:08,52.89,400,
09:50:08,52.89,100,
09:50:09,52.88,100,
09:50:09,52.88,400,
09:50:09,52.87,400,
09:50:10,52.87,300,
09:50:10,52.864,500,
09:50:11,52.8713,1230,
09:50:12,52.87,400,
09:50:12,52.87,300,
09:50:12,52.87,1100,
09:50:12,52.87,1000,
09:50:12,52.87,200,
09:50:14,52.861,300,
09:50:14,52.87,200,
09:50:14,52.86,100,
09:50:16,52.86,100,
09:50:16,52.85,300,
09:50:16,52.85,300,
09:50:16,52.85,200,
09:50:16,52.85,300,
09:50:17,52.84,400,
09:50:17,52.84,100,
09:50:17,52.84,400,
09:50:17,52.84,100,
09:50:17,52.84,100,
09:50:17,52.84,100,
09:50:18,52.84,200,
09:50:18,52.835,100,
09:50:18,52.835,100,
09:50:18,52.85,100,
09:50:18,52.85,200,
09:50:18,52.85,100,
09:50:18,52.85,400,
09:50:18,52.85,400,
09:50:18,52.85,200,
09:50:18,52.85,292,
09:50:18,52.85,200,
09:50:18,52.85,200,
09:50:18,52.85,1100,
09:50:18,52.85,600,
09:50:18,52.85,100,
09:50:18,52.85,100,
09:50:18,52.85,100,
09:50:18,52.85,200,
09:50:18,52.85,300,
09:50:18,52.85,250,
09:50:18,52.85,200,
09:50:18,52.85,100,
09:50:18,52.85,100,
09:50:18,52.85,200,
09:50:18,52.85,200,
09:50:18,52.85,100,
09:50:19,52.86,200,
09:50:19,52.86,500,
09:50:19,52.86,100,
09:50:19,52.86,400,
09:50:19,52.86,100,
09:50:19,52.87,100,
09:50:20,52.87,300,
09:50:20,52.87,200,
09:50:20,52.87,400,
09:50:20,52.87,200,
09:50:20,52.85,100,
09:50:20,52.88,100,
09:50:21,52.8799,200,
09:50:21,52.8799,100,
09:50:21,52.88,100,
09:50:21,52.87,400,
09:50:21,52.87,100,
09:50:21,52.87,600,
09:50:22,52.87,100,
09:50:22,52.87,300,
09:50:22,52.87,600,
09:50:22,52.87,200,
09:50:23,52.86,100,
09:50:23,52.86,200,
09:50:23,52.86,500,
09:50:23,52.87,200,
09:50:23,52.87,1300,
09:50:24,52.87,100,
09:50:24,52.87,500,
09:50:24,52.87,300,
09:50:24,52.87,1579,
09:50:24,52.87,400,
09:50:24,52.87,100,
09:50:24,52.87,1073,
09:50:24,52.87,2800,
09:50:24,52.87,100,
09:50:24,52.88,100,
09:50:24,52.88,400,
09:50:24,52.88,100,
09:50:24,52.88,200,
09:50:24,52.88,1000,
09:50:24,52.88,300,
09:50:24,52.88,100,
09:50:24,52.88,100,
09:50:24,52.89,500,
09:50:24,52.90,600,
09:50:24,52.90,300,
09:50:24,52.90,430,
09:50:24,52.90,1130,
09:50:25,52.90,100,
09:50:25,52.88,400,
09:50:25,52.88,400,
09:50:25,52.89,1000,
09:50:25,52.90,500,
09:50:25,52.89,200,
09:50:27,52.89,100,
09:50:27,52.91,100,
09:50:27,52.91,200,
09:50:27,52.91,191,
09:50:27,52.91,300,
09:50:27,52.91,400,
09:50:27,52.91,400,
09:50:27,52.91,1000,
09:50:27,52.91,2324,
09:50:27,52.91,500,
09:50:27,52.92,100,
09:50:28,52.91,300,
09:50:28,52.91,500,
09:50:28,52.91,200,
09:50:28,52.91,100,
09:50:28,52.91,100,
09:50:28,52.91,300,
09:50:28,52.91,325,
09:50:29,52.9001,250,
09:50:29,52.90,100,
09:50:30,52.91,300,
09:50:30,52.91,200,
09:50:30,52.91,100,
09:50:30,52.91,100,
09:50:30,52.92,300,
09:50:30,52.92,200,
09:50:32,52.94,175,
09:50:32,52.94,400,
09:50:33,52.95,100,
09:50:33,52.95,300,
09:50:33,52.95,600,
09:50:33,52.95,300,
09:50:33,52.95,100,
09:50:33,52.95,100,
09:50:33,52.95,300,
09:50:33,52.95,100,
09:50:34,52.96,100,
09:50:34,52.96,100,
09:50:34,52.96,300,
09:50:34,52.96,175,
09:50:34,52.96,500,
09:50:34,52.96,100,
09:50:35,52.95,400,
09:50:35,52.95,600,
09:50:35,52.94,600,
09:50:35,52.94,100,
09:50:36,52.95,100,
09:50:36,52.94,100,
09:50:38,52.93,600,
09:50:40,52.93,100,
09:50:40,52.93,100,
09:50:40,52.93,200,
09:50:40,52.93,300,
09:50:40,52.93,200,
09:50:40,52.93,3200,
09:50:40,52.94,200,
09:50:41,52.94,1000,
09:50:41,52.94,100,
09:50:41,52.95,300,
09:50:41,52.95,1000,
09:50:41,52.95,100,
09:50:41,52.95,400,
09:50:41,52.95,100,
09:50:41,52.95,600,
09:50:41,52.95,100,
09:50:41,52.95,300,
09:50:42,52.95,100,
09:50:43,52.95,100,
09:50:44,52.95,300,
09:50:46,52.95,100,
09:50:50,52.94,300,
09:50:50,52.93,500,
09:50:50,52.93,2200,
09:50:50,52.93,1000,
09:50:50,52.92,600,
09:50:50,52.92,400,
09:50:50,52.92,200,
09:50:50,52.92,1000,
09:50:50,52.92,600,
09:50:52,52.92,100,
09:50:53,52.91,100,
09:50:54,52.91,100,
09:50:54,52.91,200,
09:50:54,52.91,100,
09:50:54,52.91,100,
09:50:54,52.91,100,
09:50:54,52.91,100,
09:50:54,52.91,600,
09:50:54,52.91,100,
09:50:54,52.91,100,
09:50:55,52.91,800,
09:50:55,52.91,200,
09:50:55,52.91,100,
09:50:56,52.905,100,
09:50:56,52.91,400,
09:50:56,52.91,200,
09:50:56,52.91,300,
09:50:56,52.91,500,
09:50:56,52.91,500,
09:50:56,52.91,200,
09:50:56,52.92,600,
09:50:56,52.93,200,
09:50:56,52.93,100,
09:50:56,52.93,1000,
09:50:56,52.93,100,
09:50:56,52.93,100,
09:50:56,52.93,400,
09:50:56,52.93,1000,
09:50:57,52.92,200,
09:50:57,52.92,100,
09:50:57,52.92,100,
09:50:57,52.92,100,
09:50:57,52.92,100,
09:50:57,52.92,400,
09:50:57,52.93,100,
09:50:57,52.92,400,
09:50:57,52.92,100,
09:50:57,52.92,100,
09:50:57,52.91,100,
09:50:58,52.92,100,
09:50:58,52.92,200,
09:50:59,52.92,100,
09:50:59,52.90,800,
09:50:59,52.90,200,
09:50:59,52.90,100,
09:51:00,52.90,100,
09:51:00,52.90,200,
09:51:00,52.91,300,
09:51:00,52.91,200,
09:51:00,52.91,100,
09:51:00,52.91,400,
09:51:00,52.91,100,
09:51:00,52.91,1000,
09:51:00,52.91,200,
09:51:00,52.91,500,
09:51:00,52.91,100,
09:51:00,52.91,300,
09:51:00,52.91,113,
09:51:00,52.92,800,
09:51:00,52.91,187,
09:51:00,52.92,500,
09:51:00,52.92,300,
09:51:00,52.92,500,
09:51:00,52.92,100,
09:51:00,52.92,200,
09:51:00,52.92,400,
09:51:00,52.92,200,
09:51:00,52.92,500,
09:51:00,52.92,200,
09:51:00,52.93,200,
09:51:00,52.93,600,
09:51:00,52.93,800,
09:51:00,52.93,1700,
09:51:00,52.93,200,
09:51:00,52.93,500,
09:51:00,52.93,600,
09:51:01,52.93,200,
09:51:02,52.93,100,
09:51:02,52.93,200,
09:51:02,52.93,100,
09:51:02,52.93,100,
09:51:02,52.93,200,
09:51:02,52.93,100,
09:51:02,52.93,200,
09:51:02,52.93,100,
09:51:02,52.93,200,
09:51:02,52.93,100,
09:51:02,52.93,200,
09:51:02,52.93,500,
09:51:02,52.93,200,
09:51:02,52.93,200,
09:51:02,52.93,300,
09:51:02,52.93,200,
09:51:02,52.93,200,
09:51:02,52.93,200,
09:51:02,52.93,200,
09:51:02,52.93,400,
09:51:02,52.93,500,
09:51:02,52.93,200,
09:51:02,52.93,200,
09:51:02,52.93,200,
09:51:02,52.93,200,
09:51:02,52.93,100,
09:51:02,52.93,400,
09:51:02,52.93,600,
09:51:02,52.93,100,
09:51:02,52.93,200,
09:51:02,52.93,100,
09:51:02,52.93,300,
09:51:02,52.93,300,
09:51:02,52.93,100,
09:51:02,52.93,100,
09:51:02,52.93,200,
09:51:02,52.93,100,
09:51:02,52.93,200,
09:51:02,52.93,200,
09:51:02,52.93,200,
09:51:02,52.92,600,
09:51:03,52.91,600,
09:51:03,52.91,300,
09:51:04,52.92,400,
09:51:04,52.93,100,
09:51:04,52.93,100,
09:51:04,52.93,400,
09:51:04,52.93,100,
09:51:05,52.93,500,
09:51:05,52.93,100,
09:51:05,52.92,400,
09:51:06,52.91,600,
09:51:06,52.91,600,
09:51:06,52.91,200,
09:51:06,52.89,200,
09:51:06,52.90,100,
09:51:06,52.89,600,
09:51:06,52.90,300,
09:51:06,52.90,200,
09:51:07,52.89,400,
09:51:07,52.89,100,
09:51:07,52.89,100,
09:51:07,52.89,200,
09:51:07,52.89,500,
09:51:07,52.90,100,
09:51:07,52.90,200,
09:51:07,52.90,500,
09:51:07,52.90,100,
09:51:07,52.90,100,
09:51:07,52.90,500,
09:51:07,52.90,200,
09:51:07,52.90,600,
09:51:07,52.90,100,
09:51:07,52.90,200,
09:51:07,52.90,100,
09:51:08,52.89,100,
09:51:08,52.89,200,
09:51:08,52.89,300,
