09:30:00,50.58,200,
09:30:00,50.59,200,
09:30:00,50.60,100,
09:30:00,50.60,100,
09:30:00,50.60,100,
09:30:00,50.61,200,
09:30:00,50.63,200,
09:30:00,50.63,100,
09:30:00,50.63,500,
09:30:00,50.63,500,
09:30:00,50.62,240607,
09:30:00,50.62,100,
09:30:00,50.62,227,
09:30:00,50.62,500,
09:30:00,50.64,500,
09:30:00,50.64,400,
09:30:00,50.64,500,
09:30:00,50.63,300,
09:30:00,50.63,300,
09:30:00,50.63,300,
09:30:00,50.63,200,
09:30:00,50.63,106,
09:30:00,50.63,100,
09:30:00,50.63,274,
09:30:01,50.62,200,
09:30:01,50.63,100,
09:30:01,50.62,500,
09:30:01,50.62,600,
09:30:01,50.62,100,
09:30:01,50.62,200,
09:30:01,50.63,200,
09:30:01,50.63,500,
09:30:01,50.63,200,
09:30:01,50.63,100,
09:30:01,50.63,200,
09:30:01,50.62,300,
09:30:01,50.63,200,
09:30:01,50.63,110,
09:30:01,50.63,300,
09:30:01,50.63,200,
09:30:01,50.62,500,
09:30:01,50.62,100,
09:30:01,50.62,100,
09:30:01,50.62,100,
09:30:01,50.63,100,
09:30:01,50.63,200,
09:30:01,50.62,100,
09:30:01,50.63,100,
09:30:01,50.63,400,
09:30:01,50.63,400,
09:30:01,50.6301,100,
09:30:01,50.62,1000,
09:30:02,50.63,104,
09:30:02,50.63,196,
09:30:02,50.63,100,
09:30:02,50.63,200,
09:30:02,50.63,900,
09:30:02,50.63,600,
09:30:02,50.62,425,
09:30:02,50.62,150,
09:30:02,50.62,197,
09:30:02,50.62,2000,
09:30:02,50.62,400,
09:30:02,50.62,300,
09:30:02,50.62,200,
09:30:02,50.62,120,
09:30:02,50.62,2000,
09:30:02,50.62,2200,
09:30:02,50.62,400,
09:30:02,50.62,13600,
09:30:02,50.62,200,
09:30:02,50.62,100,
09:30:02,50.62,400,
09:30:02,50.62,200,
09:30:02,50.62,1000,
09:30:02,50.62,200,
09:30:02,50.62,100,
09:30:02,50.62,100,
09:30:02,50.62,100,
09:30:02,50.62,100,
09:30:02,50.62,500,
09:30:02,50.62,200,
09:30:02,50.62,100,
09:30:02,50.62,200,
09:30:02,50.62,100,
09:30:02,50.62,2906,
09:30:02,50.62,200,
09:30:02,50.62,250,
09:30:02,50.62,100,
09:30:02,50.62,2105,
09:30:02,50.62,2300,
09:30:02,50.62,230,
09:30:02,50.62,183,
09:30:02,50.62,100,
09:30:02,50.62,190,
09:30:02,50.62,200,
09:30:02,50.62,100,
09:30:02,50.62,800,
09:30:02,50.62,200,
09:30:02,50.62,500,
09:30:02,50.62,200,
09:30:02,50.62,300,
09:30:02,50.62,100,
09:30:02,50.62,1000,
09:30:02,50.62,100,
09:30:02,50.62,100,
09:30:02,50.62,100,
09:30:02,50.62,250,
09:30:02,50.62,100,
09:30:02,50.62,200,
09:30:02,50.62,200,
09:30:02,50.62,200,
09:30:02,50.62,500,
09:30:02,50.62,1000,
09:30:02,50.62,373,
09:30:02,50.62,200,
09:30:02,50.62,500,
09:30:02,50.62,1000,
09:30:02,50.62,300,
09:30:02,50.62,500,
09:30:02,50.62,100,
09:30:02,50.62,100,
09:30:02,50.62,100,
09:30:02,50.62,200,
09:30:02,50.62,100,
09:30:02,50.62,300,
09:30:02,50.62,1000,
09:30:02,50.62,425,
09:30:02,50.62,100,
09:30:02,50.62,100,
09:30:02,50.62,200,
09:30:02,50.62,300,
09:30:02,50.62,100,
09:30:02,50.62,801,
09:30:02,50.62,250,
09:30:02,50.62,418,
09:30:02,50.62,623,
09:30:02,50.62,131,
09:30:02,50.62,500,
09:30:02,50.62,1000,
09:30:02,50.62,300,
09:30:02,50.62,1000,
09:30:02,50.62,500,
09:30:02,50.62,368,
09:30:02,50.62,605,
09:30:02,50.62,1000,
09:30:02,50.62,1000,
09:30:02,50.62,1000,
09:30:02,50.62,2200,
09:30:02,50.62,1000,
09:30:02,50.62,489,
09:30:02,50.62,137,
09:30:02,50.62,118,
09:30:02,50.62,8000,
09:30:02,50.62,1000,
09:30:02,50.62,1000,
09:30:02,50.62,1500,
09:30:02,50.62,275,
09:30:02,50.62,5000,
09:30:02,50.62,750,
09:30:02,50.62,2000,
09:30:02,50.62,250,
09:30:02,50.62,1000,
09:30:02,50.62,300,
09:30:02,50.62,300,
09:30:02,50.62,900,
09:30:02,50.62,4370,
09:30:02,50.62,300,
09:30:02,50.62,1400,
09:30:02,50.62,500,
09:30:02,50.62,150,
09:30:02,50.62,100,
09:30:02,50.62,200,
09:30:02,50.62,1100,
09:30:02,50.62,100,
09:30:02,50.62,300,
09:30:02,50.62,49000,
09:30:02,50.62,740,
09:30:02,50.62,146,
09:30:02,50.62,200,
09:30:02,50.62,100,
09:30:02,50.62,326,
09:30:02,50.62,900,
09:30:02,50.62,110,
09:30:02,50.62,100,
09:30:02,50.62,300,
09:30:02,50.62,365,
09:30:02,50.62,1713,
09:30:02,50.62,2389,
09:30:02,50.62,117,
09:30:02,50.62,416,
09:30:02,50.62,100,
09:30:02,50.62,250,
09:30:02,50.62,250,
09:30:02,50.62,100,
09:30:02,50.62,500,
09:30:02,50.62,100,
09:30:02,50.62,629,
09:30:02,50.62,419,
09:30:02,50.62,200,
09:30:02,50.62,300,
09:30:02,50.62,1075,
09:30:02,50.62,180,
09:30:02,50.62,215,
09:30:02,50.62,164,
09:30:02,50.62,200,
09:30:02,50.62,600,
09:30:02,50.62,150,
09:30:02,50.62,16644,
09:30:02,50.62,500,
09:30:02,50.62,19650,
09:30:02,50.62,175,
09:30:02,50.62,150,
09:30:02,50.62,1300,
09:30:02,50.62,150,
09:30:02,50.62,2000,
09:30:02,50.62,300,
09:30:02,50.62,100,
09:30:02,50.62,200,
09:30:02,50.62,200,
09:30:02,50.62,2950,
09:30:02,50.62,300,
09:30:02,50.62,700,
09:30:02,50.62,2266,
09:30:02,50.62,900,
09:30:02,50.62,255,
09:30:02,50.62,100,
09:30:02,50.62,200,
09:30:02,50.62,300,
09:30:02,50.62,550,
09:30:02,50.62,1200,
09:30:02,50.62,200,
09:30:02,50.62,505,
09:30:02,50.62,225,
09:30:02,50.62,101,
09:30:02,50.62,100,
09:30:02,50.62,250,
09:30:02,50.62,500,
09:30:02,50.62,400,
09:30:02,50.62,1000,
09:30:02,50.62,100,
09:30:02,50.62,100,
09:30:02,50.63,100,
09:30:02,50.63,200,
09:30:02,50.64,100,
09:30:03,50.623,100,
09:30:03,50.63,200,
09:30:03,50.63,400,
09:30:03,50.63,100,
09:30:03,50.63,200,
09:30:03,50.63,200,
09:30:03,50.63,200,
09:30:03,50.63,400,
09:30:03,50.63,342,
09:30:03,50.62,438,
09:30:03,50.63,100,
09:30:03,50.63,100,
09:30:03,50.64,2300,
09:30:03,50.64,100,
09:30:03,50.64,800,
09:30:03,50.64,100,
09:30:03,50.63,100,
09:30:04,50.64,200,
09:30:04,50.64,769,
09:30:04,50.64,600,
09:30:04,50.64,200,
09:30:04,50.64,100,
09:30:04,50.64,500,
09:30:04,50.64,500,
09:30:04,50.63,300,
09:30:04,50.63,100,
09:30:04,50.64,200,
09:30:04,50.64,200,
09:30:05,50.65,100,
09:30:05,50.65,100,
09:30:05,50.63,100,
09:30:05,50.64,100,
09:30:05,50.64,400,
09:30:05,50.64,100,
09:30:05,50.63,200,
09:30:05,50.63,100,
09:30:05,50.63,100,
09:30:05,50.63,500,
09:30:05,50.63,137,
09:30:05,50.63,163,
09:30:05,50.63,175,
09:30:05,50.63,200,
09:30:05,50.64,300,
09:30:05,50.63,100,
09:30:05,50.64,200,
09:30:06,50.65,100,
09:30:06,50.65,200,
09:30:06,50.65,200,
09:30:06,50.65,200,
09:30:06,50.65,438,
09:30:06,50.63,100,
09:30:06,50.65,200,
09:30:06,50.63,300,
09:30:06,50.66,500,
09:30:06,50.66,400,
09:30:06,50.66,200,
09:30:06,50.63,400,
09:30:06,50.66,500,
09:30:06,50.66,300,
09:30:06,50.66,300,
09:30:06,50.66,100,
09:30:07,50.66,400,
09:30:07,50.66,3700,
09:30:07,50.66,400,
09:30:07,50.66,500,
09:30:07,50.66,400,
09:30:07,50.66,400,
09:30:07,50.66,2400,
09:30:07,50.67,100,
09:30:07,50.67,300,
09:30:07,50.67,200,
09:30:07,50.67,100,
09:30:07,50.67,400,
09:30:07,50.63,100,
09:30:07,50.63,100,
09:30:08,50.66,100,
09:30:08,50.639,100,
09:30:08,50.67,200,
09:30:08,50.67,200,
09:30:08,50.66,400,
09:30:08,50.66,100,
09:30:08,50.66,200,
09:30:09,50.63,100,
09:30:09,50.63,100,
09:30:10,50.65,400,
09:30:10,50.65,300,
09:30:10,50.65,400,
09:30:10,50.65,400,
09:30:10,50.65,400,
09:30:10,50.62,100,
09:30:10,50.65,300,
09:30:10,50.65,300,
09:30:10,50.65,164,
09:30:11,50.64,1000,
09:30:11,50.64,400,
09:30:11,50.64,400,
09:30:11,50.64,200,
09:30:12,50.65,100,
09:30:12,50.65,200,
09:30:12,50.65,400,
09:30:12,50.65,400,
09:30:12,50.65,300,
09:30:12,50.65,400,
09:30:12,50.66,200,
09:30:12,50.66,400,
09:30:12,50.66,200,
09:30:13,50.65,300,
09:30:13,50.64,300,
09:30:13,50.64,500,
09:30:13,50.65,100,
09:30:13,50.63,200,
09:30:14,50.65,800,
09:30:14,50.65,3000,
09:30:14,50.65,100,
09:30:14,50.65,600,
09:30:14,50.65,600,
09:30:14,50.65,200,
09:30:14,50.65,800,
09:30:15,50.66,100,
09:30:16,50.66,2100,
09:30:16,50.66,200,
09:30:16,50.66,200,
09:30:16,50.66,300,
09:30:16,50.66,200,
09:30:16,50.66,294,
09:30:16,50.66,800,
09:30:16,50.66,800,
09:30:16,50.66,1006,
09:30:16,50.67,200,
09:30:17,50.6302,200,
09:30:17,50.66,100,
09:30:18,50.66,200,
09:30:18,50.67,100,
09:30:18,50.68,100,
09:30:18,50.67,100,
09:30:18,50.66,900,
09:30:18,50.66,200,
09:30:18,50.66,163,
09:30:18,50.67,800,
09:30:19,50.66,200,
09:30:19,50.66,200,
09:30:19,50.66,400,
09:30:19,50.66,1630,
09:30:19,50.66,400,
09:30:19,50.66,200,
09:30:20,50.67,765,
09:30:20,50.67,1485,
09:30:20,50.67,1315,
09:30:20,50.66,200,
09:30:21,50.66,100,
09:30:22,50.66,1700,
09:30:22,50.66,100,
09:30:22,50.66,400,
09:30:24,50.67,100,
09:30:24,50.67,200,
09:30:24,50.67,400,
09:30:24,50.67,200,
09:30:24,50.67,300,
09:30:24,50.68,1022,
09:30:25,50.67,3300,
09:30:25,50.67,100,
09:30:25,50.67,200,
09:30:25,50.68,2700,
09:30:26,50.675,300,
09:30:26,50.675,200,
09:30:26,50.675,300,
09:30:26,50.67,100,
09:30:26,50.675,400,
09:30:26,50.67,400,
09:30:26,50.67,500,
09:30:27,50.63,100,
09:30:27,50.68,2500,
09:30:27,50.68,1300,
09:30:27,50.68,300,
09:30:27,50.68,100,
09:30:27,50.68,800,
09:30:28,50.68,500,
09:30:28,50.68,300,
09:30:28,50.67,300,
09:30:29,50.68,500,
09:30:29,50.68,200,
09:30:29,50.68,400,
09:30:29,50.68,300,
09:30:29,50.68,178,
09:30:29,50.68,200,
09:30:29,50.68,100,
09:30:29,50.67,200,
09:30:29,50.67,200,
09:30:29,50.67,200,
09:30:29,50.67,500,
09:30:29,50.67,200,
09:30:29,50.67,200,
09:30:29,50.67,200,
09:30:30,50.65,100,
09:30:30,50.68,100,
09:30:31,50.68,170,
09:30:31,50.68,2100,
09:30:31,50.68,400,
09:30:31,50.68,100,
09:30:31,50.68,200,
09:30:31,50.64,100,
09:30:31,50.68,293,
09:30:31,50.68,300,
09:30:31,50.68,200,
09:30:32,50.68,1400,
09:30:32,50.69,300,
09:30:32,50.69,200,
09:30:32,50.69,10100,
09:30:32,50.69,100,
09:30:34,50.69,1630,
09:30:34,50.695,493,
09:30:34,50.69,2477,
09:30:34,50.69,200,
09:30:34,50.69,400,
09:30:34,50.69,200,
09:30:34,50.70,200,
09:30:34,50.69,177,
09:30:34,50.69,200,
09:30:34,50.69,123,
09:30:34,50.70,100,
09:30:34,50.70,214,
09:30:34,50.66,200,
09:30:35,50.70,1900,
09:30:35,50.70,441,
09:30:35,50.71,313,
09:30:35,50.71,187,
09:30:36,50.6301,150,
09:30:36,50.63,175,
09:30:36,50.63,354,
09:30:36,50.63,533,
09:30:36,50.63,200,
09:30:37,50.72,500,
09:30:37,50.72,916,
09:30:37,50.72,400,
09:30:37,50.72,2084,
09:30:37,50.72,300,
09:30:38,50.72,300,
09:30:38,50.72,500,
09:30:38,50.72,200,
09:30:39,50.73,100,
09:30:39,50.73,400,
09:30:39,50.66,300,
09:30:39,50.66,900,
09:30:39,50.74,361,
09:30:39,50.74,300,
09:30:40,50.74,500,
09:30:40,50.74,200,
09:30:40,50.74,500,
09:30:40,50.74,500,
09:30:40,50.74,5000,
09:30:41,50.75,300,
09:30:41,50.75,100,
09:30:41,50.6216,300,
09:30:42,50.76,200,
09:30:42,50.76,200,
09:30:42,50.66,200,
09:30:43,50.75,1500,
09:30:43,50.75,200,
09:30:43,50.75,300,
09:30:43,50.75,500,
09:30:43,50.75,100,
09:30:43,50.76,400,
09:30:43,50.75,1000,
09:30:43,50.75,100,
09:30:43,50.75,200,
09:30:43,50.75,200,
09:30:43,50.66,2000,
09:30:43,50.66,100,
09:30:44,50.67,1000,
09:30:45,50.76,300,
09:30:45,50.76,100,
09:30:45,50.76,546,
09:30:45,50.76,150,
09:30:45,50.76,200,
09:30:45,50.76,300,
09:30:45,50.75,100,
09:30:46,50.75,800,
09:30:46,50.74,500,
09:30:46,50.75,1257,
09:30:46,50.75,543,
09:30:46,50.75,1500,
09:30:48,50.74,200,
09:30:48,50.73,355,
09:30:48,50.73,400,
09:30:48,50.69,100,
09:30:49,50.72,200,
09:30:49,50.72,500,
09:30:49,50.72,400,
09:30:49,50.72,200,
09:30:49,50.72,400,
09:30:49,50.72,600,
09:30:49,50.72,200,
09:30:49,50.72,200,
09:30:49,50.71,100,
09:30:49,50.72,200,
09:30:49,50.72,100,
09:30:49,50.689,322,
09:30:49,50.71,500,
09:30:49,50.71,219,
09:30:49,50.71,400,
09:30:49,50.72,300,
09:30:49,50.72,200,
09:30:49,50.72,200,
09:30:49,50.72,200,
09:30:50,50.72,113,
09:30:50,50.72,500,
09:30:50,50.71,400,
09:30:51,50.72,207,
09:30:51,50.72,200,
09:30:51,50.72,1000,
09:30:51,50.72,1000,
09:30:51,50.72,150,
09:30:51,50.72,400,
09:30:51,50.72,430,
09:30:52,50.72,200,
09:30:52,50.72,100,
09:30:53,50.7563,100,
09:30:54,50.75,100,
09:30:55,50.71,500,
09:30:55,50.71,200,
09:30:55,50.71,500,
09:30:55,50.71,200,
09:30:55,50.71,760,
09:30:55,50.71,100,
09:30:55,50.71,1640,
09:30:55,50.71,100,
09:30:55,50.71,300,
09:30:56,50.74,200,
09:30:56,50.74,100,
09:30:56,50.74,100,
09:30:56,50.7293,200,
09:30:57,50.725,100,
09:30:57,50.7101,200,
09:30:57,50.71,500,
09:30:57,50.7101,200,
09:30:58,50.70,1630,
09:30:58,50.70,500,
09:30:58,50.70,100,
09:30:59,50.70,200,
09:30:59,50.70,300,
09:30:59,50.70,300,
09:30:59,50.71,200,
09:30:59,50.71,1270,
09:30:59,50.71,2700,
09:30:59,50.71,800,
09:30:59,50.71,500,
09:30:59,50.71,300,
09:30:59,50.71,300,
09:30:59,50.71,200,
09:30:59,50.71,300,
09:30:59,50.71,1000,
09:30:59,50.71,700,
09:30:59,50.71,500,
09:30:59,50.71,200,
09:30:59,50.71,1622,
09:30:59,50.71,400,
09:30:59,50.71,1626,
09:30:59,50.71,200,
09:30:59,50.71,500,
09:30:59,50.71,300,
09:30:59,50.71,300,
09:30:59,50.70,200,
09:30:59,50.70,500,
09:31:00,50.72,200,
09:31:00,50.7003,400,
09:31:00,50.7003,400,
09:31:00,50.7002,200,
09:31:00,50.7003,500,
09:31:00,50.7002,200,
09:31:00,50.7001,500,
09:31:00,50.7002,200,
09:31:00,50.70,400,
09:31:00,50.71,800,
09:31:00,50.73,200,
09:31:01,50.71,2100,
09:31:01,50.71,200,
09:31:01,50.71,300,
09:31:01,50.715,100,
09:31:01,50.715,200,
09:31:02,50.71,400,
09:31:02,50.72,200,
09:31:02,50.72,432,
09:31:02,50.72,100,
09:31:02,50.72,800,
09:31:02,50.72,100,
09:31:02,50.72,200,
09:31:02,50.72,200,
09:31:03,50.72,1768,
09:31:03,50.73,200,
09:31:03,50.7381,100,
09:31:04,50.73,200,
09:31:04,50.73,200,
09:31:04,50.73,200,
09:31:04,50.73,200,
09:31:04,50.735,500,
09:31:04,50.73,300,
09:31:04,50.73,100,
09:31:04,50.73,200,
09:31:04,50.74,100,
09:31:04,50.74,1000,
09:31:04,50.74,2900,
09:31:05,50.75,500,
09:31:06,50.76,1100,
09:31:06,50.76,500,
09:31:06,50.76,2000,
09:31:06,50.76,200,
09:31:06,50.75,200,
09:31:07,50.75,500,
09:31:08,50.74,500,
09:31:08,50.75,200,
09:31:09,50.74,1400,
09:31:09,50.73,300,
09:31:09,50.72,500,
09:31:10,50.71,2870,
09:31:10,50.71,500,
09:31:11,50.71,400,
09:31:11,50.71,200,
09:31:11,50.71,20970,
09:31:11,50.71,700,
09:31:11,50.71,200,
09:31:11,50.71,1000,
09:31:11,50.72,300,
09:31:11,50.72,200,
09:31:11,50.72,300,
09:31:11,50.72,3200,
09:31:11,50.72,200,
09:31:12,50.72,600,
09:31:12,50.72,500,
09:31:12,50.72,200,
09:31:12,50.72,200,
09:31:12,50.72,200,
09:31:12,50.71,100,
09:31:12,50.71,100,
09:31:12,50.72,100,
09:31:12,50.72,392,
09:31:12,50.72,200,
09:31:12,50.72,200,
09:31:13,50.70,2600,
09:31:13,50.70,400,
09:31:13,50.70,600,
09:31:13,50.70,200,
09:31:14,50.70,221,
09:31:15,50.698,1000,
09:31:15,50.71,100,
09:31:16,50.70,1630,
09:31:16,50.70,200,
09:31:16,50.71,300,
09:31:18,50.70,400,
09:31:18,50.695,100,
09:31:18,50.71,200,
09:31:19,50.70,400,
09:31:19,50.70,200,
09:31:20,50.708,400,
09:31:20,50.71,100,
09:31:21,50.7016,500,
09:31:21,50.7014,300,
09:31:22,50.71,200,
09:31:22,50.71,400,
09:31:22,50.71,200,
09:31:22,50.71,500,
09:31:22,50.7162,200,
09:31:23,50.72,400,
09:31:23,50.72,300,
09:31:23,50.72,2900,
09:31:23,50.72,268,
09:31:24,50.7386,700,
09:31:27,50.72,2800,
09:31:27,50.73,100,
09:31:28,50.73,200,
09:31:29,50.73,100,
09:31:29,50.73,500,
09:31:29,50.73,200,
09:31:29,50.73,500,
09:31:29,50.73,100,
09:31:29,50.73,200,
09:31:29,50.725,100,
09:31:30,50.75,100,
09:31:31,50.74,200,
09:31:31,50.74,100,
09:31:32,50.70,200,
09:31:33,50.76,300,
09:31:33,50.76,100,
09:31:35,50.76,483,
09:31:36,50.76,117,
09:31:37,50.758,800,
09:31:38,50.77,200,
09:31:38,50.7686,100,
09:31:39,50.76,1000,
09:31:39,50.76,117,
09:31:39,50.76,500,
09:31:39,50.76,200,
09:31:39,50.77,200,
09:31:39,50.77,263,
09:31:39,50.77,100,
09:31:39,50.77,100,
09:31:39,50.78,4100,
09:31:39,50.77,162,
09:31:39,50.77,100,
09:31:39,50.77,942,
09:31:39,50.77,1200,
09:31:40,50.78,100,
09:31:40,50.775,100,
09:31:41,50.7784,250,
09:31:43,50.79,300,
09:31:43,50.79,100,
09:31:47,50.79,473,
09:31:47,50.80,290,
09:31:47,50.80,200,
09:31:47,50.756,500,
09:31:48,50.79,2600,
09:31:49,50.7801,400,
09:31:49,50.7801,400,
09:31:49,50.7801,400,
09:31:49,50.78,500,
09:31:49,50.78,3600,
09:31:49,50.79,700,
09:31:49,50.78,200,
09:31:51,50.7901,200,
09:31:51,50.78,200,
09:31:53,50.79,200,
09:31:53,50.78,600,
09:31:53,50.78,1800,
09:31:53,50.78,100,
09:31:53,50.78,100,
09:31:53,50.7707,1570,
09:31:54,50.77,100,
09:31:56,50.77,500,
09:31:56,50.77,500,
09:31:56,50.76,100,
09:31:56,50.76,100,
09:31:56,50.76,100,
09:31:56,50.75,700,
09:31:56,50.76,100,
09:31:56,50.75,200,
09:31:56,50.76,100,
09:31:57,50.76,100,
09:31:57,50.76,100,
09:31:57,50.76,100,
09:31:57,50.76,100,
09:31:57,50.76,100,
09:31:57,50.75,134,
09:31:57,50.75,200,
09:31:57,50.75,132,
09:31:57,50.75,134,
09:31:58,50.75,100,
09:31:58,50.75,100,
09:31:58,50.76,100,
09:32:00,50.75,1100,
09:32:00,50.75,600,
09:32:00,50.756,200,
09:32:02,50.75,170,
09:32:02,50.75,1630,
09:32:02,50.75,500,
09:32:02,50.75,600,
09:32:02,50.755,100,
09:32:02,50.75,200,
09:32:02,50.75,1200,
09:32:02,50.75,1580,
09:32:02,50.75,200,
09:32:02,50.75,100,
09:32:02,50.75,100,
09:32:03,50.745,100,
09:32:05,50.75,100,
09:32:06,50.75,100,
09:32:07,50.74,500,
09:32:07,50.74,2600,
09:32:07,50.73,300,
09:32:07,50.74,100,
09:32:08,50.75,100,
09:32:09,50.75,1213,
09:32:09,50.75,500,
09:32:09,50.75,500,
09:32:09,50.75,200,
09:32:10,50.745,100,
09:32:10,50.75,100,
09:32:10,50.75,500,
09:32:10,50.75,100,
09:32:11,50.76,100,
09:32:11,50.76,200,
09:32:11,50.755,100,
09:32:11,50.75,300,
09:32:11,50.75,1200,
09:32:13,50.75,670,
09:32:14,50.7495,180,
09:32:14,50.74,600,
09:32:15,50.74,100,
09:32:16,50.74,200,
09:32:16,50.7401,400,
09:32:16,50.745,100,
09:32:16,50.74,400,
09:32:18,50.74,100,
09:32:18,50.74,273,
09:32:18,50.74,128,
09:32:19,50.74,500,
09:32:19,50.75,200,
09:32:20,50.76,100,
09:32:20,50.76,200,
09:32:21,50.76,500,
09:32:22,50.77,100,
09:32:24,50.77,200,
09:32:24,50.77,100,
09:32:25,50.77,500,
09:32:25,50.76,500,
09:32:27,50.75,400,
09:32:29,50.74,200,
09:32:30,50.74,223,
09:32:32,50.749,200,
09:32:34,50.73,500,
09:32:34,50.73,101,
09:32:34,50.72,313,
09:32:34,50.72,100,
09:32:35,50.71,500,
09:32:35,50.71,500,
09:32:35,50.71,200,
09:32:35,50.7102,500,
09:32:35,50.7101,200,
09:32:35,50.71,200,
09:32:35,50.71,500,
09:32:35,50.71,479,
09:32:35,50.71,1200,
09:32:35,50.71,400,
09:32:35,50.71,500,
09:32:35,50.7125,300,
09:32:35,50.71,500,
09:32:35,50.71,400,
09:32:35,50.71,100,
09:32:35,50.7001,300,
09:32:35,50.7001,200,
09:32:35,50.7001,200,
09:32:35,50.7001,200,
09:32:35,50.7001,200,
09:32:35,50.701,5100,
09:32:36,50.70,100,
09:32:37,50.70,500,
09:32:38,50.70,42978,
09:32:38,50.71,400,
09:32:38,50.71,500,
09:32:39,50.71,500,
09:32:39,50.71,200,
09:32:39,50.71,133,
09:32:41,50.70,100,
09:32:41,50.7091,300,
09:32:41,50.709,400,
09:32:42,50.70,500,
09:32:42,50.70,200,
09:32:42,50.70,500,
09:32:42,50.705,100,
09:32:42,50.70,100,
09:32:42,50.70,700,
09:32:42,50.70,200,
09:32:42,50.70,200,
09:32:42,50.70,100,
09:32:42,50.69,400,
09:32:44,50.69,100,
09:32:44,50.70,400,
09:32:44,50.70,200,
09:32:44,50.70,500,
09:32:44,50.70,200,
09:32:44,50.70,200,
09:32:44,50.70,200,
09:32:44,50.70,200,
09:32:44,50.70,100,
09:32:44,50.70,500,
09:32:44,50.71,200,
09:32:45,50.69,100,
09:32:46,50.69,100,
09:32:47,50.695,100,
09:32:47,50.689,100,
09:32:48,50.69,181,
09:32:48,50.68,1000,
09:32:49,50.68,100,
09:32:49,50.68,200,
09:32:50,50.68,400,
09:32:50,50.68,189,
09:32:50,50.68,500,
09:32:50,50.68,1200,
09:32:50,50.67,2600,
09:32:50,50.67,200,
09:32:50,50.67,300,
09:32:50,50.67,400,
09:32:50,50.67,100,
09:32:51,50.67,500,
09:32:51,50.67,100,
09:32:52,50.68,1700,
09:32:52,50.68,500,
09:32:54,50.69,300,
09:32:54,50.69,100,
09:32:55,50.68,267,
09:32:55,50.69,100,
09:32:56,50.69,367,
09:32:56,50.68,200,
09:32:56,50.68,600,
09:32:58,50.69,100,
09:32:58,50.69,100,
09:32:58,50.6987,1000,
09:32:59,50.68,300,
09:32:59,50.68,1107,
09:32:59,50.68,400,
09:32:59,50.68,200,
09:32:59,50.68,1200,
09:32:59,50.68,100,
09:32:59,50.6801,500,
09:33:00,50.68,400,
09:33:00,50.68,200,
09:33:00,50.68,300,
09:33:00,50.68,200,
09:33:00,50.68,1700,
09:33:00,50.69,100,
09:33:01,50.68,500,
09:33:01,50.68,1200,
09:33:02,50.6703,140,
09:33:02,50.68,315,
09:33:06,50.69,100,
09:33:08,50.68,600,
09:33:08,50.68,100,
09:33:08,50.68,500,
09:33:08,50.68,100,
09:33:08,50.69,100,
09:33:08,50.69,200,
09:33:08,50.69,400,
09:33:08,50.69,1400,
09:33:08,50.69,133,
09:33:08,50.69,100,
09:33:08,50.69,700,
09:33:08,50.69,200,
09:33:08,50.69,200,
09:33:08,50.69,200,
09:33:08,50.69,200,
09:33:08,50.6999,300,
09:33:10,50.7025,100,
09:33:10,50.71,100,
09:33:11,50.71,100,
09:33:11,50.72,100,
09:33:11,50.71,500,
09:33:11,50.71,701,
09:33:11,50.71,500,
09:33:11,50.70,100,
09:33:11,50.70,200,
09:33:11,50.70,1400,
09:33:11,50.72,100,
09:33:11,50.72,400,
09:33:11,50.73,100,
09:33:11,50.73,100,
09:33:12,50.72,100,
09:33:12,50.72,139,
09:33:13,50.71,1700,
09:33:13,50.72,139,
09:33:13,50.73,100,
09:33:13,50.72,300,
09:33:13,50.74,100,
09:33:14,50.73,100,
09:33:14,50.74,500,
09:33:16,50.7506,100,
09:33:16,50.75,700,
09:33:16,50.75,200,
09:33:17,50.74,100,
09:33:17,50.75,100,
09:33:17,50.75,200,
09:33:17,50.75,200,
09:33:17,50.75,200,
09:33:17,50.75,100,
09:33:17,50.75,100,
09:33:18,50.74,425,
09:33:18,50.74,100,
09:33:18,50.751,100,
09:33:19,50.74,200,
09:33:20,50.73,100,
09:33:20,50.73,489,
09:33:20,50.71,400,
09:33:20,50.71,100,
09:33:20,50.71,2900,
09:33:20,50.71,200,
09:33:20,50.71,600,
09:33:20,50.71,500,
09:33:20,50.71,200,
09:33:20,50.71,136,
09:33:20,50.71,1600,
09:33:20,50.71,1600,
09:33:20,50.71,500,
09:33:20,50.70,100,
09:33:20,50.70,400,
09:33:20,50.70,2800,
09:33:20,50.70,1630,
09:33:20,50.70,500,
09:33:20,50.70,486,
09:33:20,50.70,200,
09:33:20,50.69,200,
09:33:20,50.69,200,
09:33:20,50.69,600,
09:33:20,50.69,400,
09:33:20,50.69,500,
09:33:20,50.69,200,
09:33:22,50.70,500,
09:33:22,50.70,2470,
09:33:22,50.70,300,
09:33:22,50.70,100,
09:33:22,50.69,100,
09:33:23,50.69,200,
09:33:24,50.69,500,
09:33:27,50.68,100,
09:33:29,50.67,300,
09:33:29,50.67,200,
09:33:30,50.67,100,
09:33:30,50.67,500,
09:33:30,50.67,500,
09:33:32,50.68,1000,
09:33:32,50.69,500,
09:33:32,50.69,200,
09:33:34,50.69,100,
09:33:35,50.70,200,
09:33:35,50.68,131,
09:33:40,50.70,100,
09:33:40,50.70,400,
09:33:40,50.71,400,
09:33:40,50.6902,500,
09:33:41,50.71,200,
09:33:41,50.71,200,
09:33:45,50.70,100,
09:33:46,50.71,100,
09:33:48,50.7058,1158,
09:33:48,50.71,400,
09:33:48,50.72,200,
09:33:48,50.72,100,
09:33:48,50.72,200,
09:33:48,50.72,600,
09:33:48,50.72,500,
09:33:48,50.72,300,
09:33:50,50.71,100,
09:33:52,50.71,100,
09:33:53,50.71,100,
09:33:53,50.71,200,
09:33:53,50.71,100,
09:33:56,50.70,200,
09:33:59,50.6701,1000,
09:34:01,50.66,502,
09:34:03,50.6501,100,
09:34:03,50.65,200,
09:34:04,50.652,550,
09:34:04,50.65,500,
09:34:04,50.66,250,
09:34:05,50.64,400,
09:34:05,50.64,100,
09:34:06,50.64,200,
09:34:07,50.63,500,
09:34:07,50.63,100,
09:34:07,50.63,100,
09:34:07,50.63,100,
09:34:07,50.63,100,
09:34:08,50.63,100,
09:34:08,50.63,345,
09:34:08,50.63,100,
09:34:10,50.64,100,
09:34:10,50.64,200,
09:34:10,50.64,200,
09:34:10,50.65,100,
09:34:11,50.64,300,
09:34:11,50.645,200,
09:34:11,50.645,100,
09:34:11,50.641,100,
09:34:11,50.645,100,
09:34:11,50.641,100,
09:34:11,50.645,100,
09:34:11,50.63,200,
09:34:11,50.645,100,
09:34:11,50.64,400,
09:34:11,50.645,200,
09:34:11,50.645,100,
09:34:11,50.64,100,
09:34:11,50.64,100,
09:34:11,50.645,100,
09:34:11,50.64,300,
09:34:11,50.64,200,
09:34:11,50.64,100,
09:34:11,50.64,1200,
09:34:14,50.635,100,
09:34:14,50.64,200,
09:34:15,50.635,200,
09:34:16,50.638,1000,
09:34:17,50.63,100,
09:34:17,50.63,868,
09:34:17,50.63,100,
09:34:17,50.63,200,
09:34:17,50.63,100,
09:34:17,50.63,100,
09:34:17,50.63,500,
09:34:18,50.635,200,
09:34:18,50.635,100,
09:34:18,50.635,100,
09:34:18,50.631,100,
09:34:18,50.635,100,
09:34:18,50.63,100,
09:34:18,50.635,200,
09:34:18,50.625,100,
09:34:18,50.62,100,
09:34:18,50.62,100,
09:34:18,50.62,100,
09:34:18,50.62,404,
09:34:18,50.625,100,
09:34:18,50.625,100,
09:34:21,50.63,500,
09:34:23,50.62,100,
09:34:23,50.62,100,
09:34:23,50.62,1600,
09:34:23,50.62,2287,
09:34:23,50.62,100,
09:34:24,50.61,380,
09:34:24,50.61,1580,
09:34:24,50.61,300,
09:34:24,50.61,1000,
09:34:24,50.61,1000,
09:34:24,50.61,500,
09:34:24,50.61,700,
09:34:24,50.61,500,
09:34:24,50.61,200,
09:34:24,50.61,100,
09:34:24,50.6101,3000,
09:34:27,50.62,300,
09:34:27,50.62,100,
09:34:27,50.63,100,
09:34:27,50.63,200,
09:34:27,50.62,380,
09:34:28,50.62,200,
09:34:29,50.63,100,
09:34:30,50.62,100,
09:34:30,50.6271,800,
09:34:32,50.64,500,
09:34:32,50.64,100,
09:34:33,50.65,100,
09:34:34,50.65,100,
09:34:34,50.64,100,
09:34:34,50.64,500,
09:34:34,50.64,200,
09:34:34,50.64,100,
09:34:34,50.64,200,
09:34:36,50.67,200,
09:34:36,50.67,100,
09:34:36,50.67,116,
09:34:37,50.67,100,
09:34:37,50.671,1050,
09:34:38,50.66,200,
09:34:38,50.66,100,
09:34:38,50.66,400,
09:34:39,50.66,287,
09:34:39,50.66,100,
09:34:39,50.66,400,
09:34:39,50.66,316,
09:34:39,50.66,100,
09:34:39,50.66,100,
09:34:39,50.66,100,
09:34:40,50.64,1553,
09:34:40,50.64,200,
09:34:40,50.64,200,
09:34:40,50.64,200,
09:34:40,50.64,200,
09:34:40,50.64,100,
09:34:40,50.64,100,
09:34:40,50.65,100,
09:34:40,50.64,100,
09:34:40,50.64,100,
09:34:40,50.64,200,
09:34:40,50.64,300,
09:34:40,50.64,300,
09:34:40,50.64,1200,
09:34:41,50.64,100,
09:34:41,50.64,200,
09:34:43,50.648,100,
09:34:43,50.64,200,
09:34:44,50.63,100,
09:34:44,50.63,200,
09:34:44,50.64,100,
09:34:46,50.63,100,
09:34:46,50.63,100,
09:34:47,50.63,100,
09:34:47,50.63,300,
09:34:47,50.63,100,
09:34:47,50.63,900,
09:34:49,50.64,300,
09:34:49,50.64,100,
09:34:49,50.64,100,
09:34:51,50.64,200,
09:34:51,50.64,200,
09:34:51,50.64,100,
09:34:52,50.65,100,
09:34:52,50.65,100,
09:34:52,50.64,200,
09:34:52,50.64,100,
09:34:54,50.64,100,
09:34:54,50.63,200,
09:34:54,50.63,100,
09:34:54,50.63,1000,
09:34:54,50.63,700,
09:34:54,50.6258,1000,
09:34:58,50.64,200,
09:34:58,50.64,100,
09:34:58,50.64,400,
09:34:59,50.64,100,
09:34:59,50.64,2100,
09:35:00,50.6371,200,
09:35:03,50.6399,1100,
09:35:06,50.64,100,
09:35:06,50.65,1000,
09:35:06,50.65,1330,
09:35:06,50.6599,7200,
09:35:06,50.66,100,
09:35:07,50.66,100,
09:35:08,50.65,100,
09:35:08,50.65,400,
09:35:10,50.64,100,
09:35:10,50.65,400,
09:35:10,50.65,400,
09:35:10,50.6499,1000,
09:35:10,50.64,300,
09:35:10,50.64,100,
09:35:10,50.64,100,
09:35:10,50.64,100,
09:35:10,50.64,130,
09:35:11,50.64,300,
09:35:12,50.64,600,
09:35:13,50.65,500,
09:35:13,50.65,500,
09:35:13,50.65,100,
09:35:14,50.65,400,
09:35:14,50.65,200,
09:35:15,50.65,100,
09:35:15,50.65,600,
09:35:15,50.65,200,
09:35:15,50.65,9200,
09:35:17,50.64,100,
09:35:17,50.64,200,
09:35:17,50.63,200,
09:35:18,50.64,200,
09:35:18,50.64,200,
09:35:19,50.67,200,
09:35:20,50.66,500,
09:35:20,50.66,200,
09:35:20,50.65,100,
09:35:20,50.65,528,
09:35:24,50.644,200,
09:35:24,50.66,800,
09:35:27,50.649,200,
09:35:27,50.65,200,
09:35:27,50.65,600,
09:35:27,50.65,100,
09:35:27,50.65,500,
09:35:28,50.66,100,
09:35:30,50.64,200,
09:35:30,50.65,3000,
09:35:30,50.65,1700,
09:35:30,50.65,200,
09:35:30,50.65,300,
09:35:30,50.65,400,
09:35:30,50.65,200,
09:35:30,50.64,200,
09:35:30,50.65,100,
09:35:30,50.64,200,
09:35:30,50.64,200,
09:35:30,50.64,200,
09:35:30,50.64,500,
09:35:30,50.64,200,
09:35:30,50.64,600,
09:35:30,50.64,200,
09:35:30,50.64,100,
09:35:30,50.64,200,
09:35:30,50.64,200,
09:35:30,50.64,500,
09:35:31,50.65,100,
09:35:31,50.65,200,
09:35:31,50.65,100,
09:35:32,50.652,100,
09:35:33,50.66,100,
09:35:33,50.67,200,
09:35:33,50.67,200,
09:35:33,50.67,100,
09:35:34,50.68,100,
09:35:34,50.68,1036,
09:35:34,50.68,200,
09:35:34,50.68,100,
09:35:34,50.67,200,
09:35:34,50.68,261,
09:35:35,50.6799,400,
09:35:35,50.67,100,
09:35:36,50.67,200,
09:35:36,50.67,200,
09:35:36,50.67,500,
09:35:37,50.67,1200,
09:35:37,50.66,300,
09:35:37,50.66,200,
09:35:38,50.66,100,
09:35:39,50.67,100,
09:35:39,50.67,500,
09:35:40,50.66,100,
09:35:40,50.66,400,
09:35:40,50.66,100,
09:35:40,50.66,100,
09:35:40,50.66,600,
09:35:42,50.66,100,
09:35:43,50.66,100,
09:35:44,50.66,200,
09:35:44,50.66,600,
09:35:44,50.66,400,
09:35:45,50.66,100,
09:35:45,50.66,100,
09:35:47,50.66,400,
09:35:48,50.67,300,
09:35:49,50.67,100,
09:35:50,50.67,200,
09:35:50,50.67,200,
09:35:50,50.67,1600,
09:35:50,50.67,1630,
09:35:50,50.67,600,
09:35:51,50.68,100,
09:35:51,50.68,400,
09:35:52,50.69,300,
09:35:53,50.695,200,
09:35:53,50.70,100,
09:35:53,50.70,900,
09:35:53,50.70,200,
09:35:53,50.70,300,
09:35:53,50.70,200,
09:35:53,50.70,800,
09:35:53,50.70,400,
09:35:54,50.70,200,
09:35:54,50.70,600,
09:35:54,50.71,200,
09:35:54,50.71,100,
09:35:54,50.71,200,
09:35:54,50.71,600,
09:35:54,50.71,100,
09:35:54,50.71,100,
09:35:54,50.71,400,
09:35:55,50.71,200,
09:35:55,50.71,100,
09:35:55,50.71,100,
09:35:56,50.70,233,
09:35:56,50.70,116,
09:35:56,50.70,100,
09:35:56,50.70,100,
09:35:56,50.70,100,
09:35:56,50.70,100,
09:35:57,50.70,200,
09:35:57,50.70,600,
09:35:58,50.70,200,
09:35:58,50.71,240,
09:35:59,50.71,200,
09:35:59,50.71,173,
09:35:59,50.71,1986,
09:35:59,50.71,200,
09:35:59,50.71,100,
09:35:59,50.71,600,
09:35:59,50.71,114,
09:35:59,50.71,200,
09:35:59,50.71,200,
09:35:59,50.71,100,
09:36:00,50.71,100,
09:36:00,50.70,600,
09:36:01,50.70,100,
09:36:01,50.69,400,
09:36:01,50.69,200,
09:36:01,50.69,130,
09:36:01,50.68,200,
09:36:01,50.68,100,
09:36:01,50.68,600,
09:36:01,50.68,100,
09:36:01,50.68,1000,
09:36:02,50.69,800,
09:36:02,50.69,200,
09:36:02,50.69,400,
09:36:04,50.68,100,
09:36:04,50.68,100,
09:36:04,50.68,200,
09:36:04,50.68,100,
09:36:05,50.68,200,
09:36:07,50.67,400,
09:36:07,50.67,100,
09:36:07,50.67,600,
09:36:07,50.67,100,
09:36:07,50.67,1200,
09:36:07,50.66,100,
09:36:07,50.66,100,
09:36:08,50.66,400,
09:36:08,50.66,200,
09:36:08,50.66,1800,
09:36:08,50.66,100,
09:36:09,50.67,954,
09:36:09,50.67,100,
09:36:12,50.67,100,
09:36:12,50.67,100,
09:36:12,50.67,200,
09:36:15,50.66,200,
09:36:15,50.66,600,
09:36:17,50.66,200,
09:36:17,50.66,200,
09:36:17,50.66,500,
09:36:17,50.66,100,
09:36:17,50.66,200,
09:36:17,50.66,100,
09:36:18,50.66,200,
09:36:18,50.66,100,
09:36:19,50.65,200,
09:36:19,50.65,200,
09:36:19,50.65,600,
09:36:19,50.65,3400,
09:36:19,50.65,400,
09:36:19,50.65,400,
09:36:19,50.65,300,
09:36:19,50.65,300,
09:36:19,50.65,200,
09:36:19,50.65,100,
09:36:19,50.65,100,
09:36:19,50.65,100,
09:36:19,50.65,100,
09:36:19,50.65,100,
09:36:19,50.65,100,
09:36:19,50.65,100,
09:36:19,50.65,100,
09:36:19,50.65,100,
09:36:19,50.65,100,
09:36:19,50.65,3400,
09:36:19,50.65,200,
09:36:19,50.65,100,
09:36:19,50.65,400,
09:36:20,50.65,200,
09:36:20,50.65,215,
09:36:20,50.65,100,
09:36:20,50.65,200,
09:36:20,50.65,100,
09:36:20,50.66,100,
09:36:20,50.66,400,
09:36:20,50.66,200,
09:36:20,50.66,300,
09:36:20,50.66,200,
09:36:20,50.66,300,
09:36:20,50.66,1200,
09:36:20,50.65,200,
09:36:20,50.66,1000,
09:36:20,50.65,100,
09:36:20,50.65,1000,
09:36:20,50.65,9673,
09:36:20,50.65,600,
09:36:20,50.65,600,
09:36:20,50.65,200,
09:36:20,50.65,100,
09:36:20,50.65,3400,
09:36:20,50.65,200,
09:36:20,50.65,200,
09:36:20,50.65,200,
09:36:20,50.65,300,
09:36:20,50.65,600,
09:36:21,50.65,100,
09:36:21,50.66,600,
09:36:21,50.66,900,
09:36:21,50.66,213,
09:36:21,50.66,200,
09:36:22,50.65,2700,
09:36:22,50.67,100,
09:36:22,50.67,400,
09:36:22,50.67,500,
09:36:22,50.67,200,
09:36:22,50.67,200,
09:36:23,50.67,200,
09:36:23,50.67,100,
09:36:24,50.66,200,
09:36:24,50.67,600,
09:36:24,50.67,500,
09:36:24,50.66,200,
09:36:24,50.67,200,
09:36:24,50.67,194,
09:36:24,50.67,106,
09:36:24,50.67,200,
09:36:24,50.67,294,
09:36:24,50.67,300,
09:36:25,50.66,400,
09:36:26,50.68,200,
09:36:26,50.67,100,
09:36:26,50.67,600,
09:36:26,50.67,100,
09:36:26,50.67,200,
09:36:26,50.67,200,
09:36:26,50.67,600,
09:36:26,50.68,100,
09:36:26,50.68,100,
09:36:26,50.68,300,
09:36:26,50.68,100,
09:36:26,50.68,100,
09:36:26,50.67,100,
09:36:26,50.69,100,
09:36:26,50.68,100,
09:36:26,50.68,100,
09:36:26,50.68,500,
09:36:26,50.68,100,
09:36:26,50.68,100,
09:36:26,50.68,200,
09:36:26,50.68,100,
09:36:26,50.68,100,
09:36:26,50.67,1000,
09:36:26,50.67,200,
09:36:26,50.67,200,
09:36:26,50.67,150,
09:36:26,50.67,200,
09:36:26,50.67,100,
09:36:26,50.68,100,
09:36:26,50.68,200,
09:36:26,50.68,100,
09:36:26,50.68,200,
09:36:26,50.68,200,
09:36:26,50.68,200,
09:36:26,50.67,500,
09:36:26,50.67,3400,
09:36:26,50.67,300,
09:36:26,50.67,100,
09:36:26,50.67,300,
09:36:26,50.67,600,
09:36:26,50.67,200,
09:36:26,50.67,200,
09:36:26,50.67,200,
09:36:26,50.67,200,
09:36:26,50.67,200,
09:36:26,50.67,500,
09:36:26,50.67,954,
09:36:26,50.68,600,
09:36:26,50.68,200,
09:36:26,50.68,300,
09:36:26,50.68,200,
09:36:26,50.68,100,
09:36:26,50.67,100,
09:36:26,50.67,100,
09:36:26,50.67,100,
09:36:26,50.66,1800,
09:36:27,50.66,400,
09:36:27,50.68,500,
09:36:27,50.68,960,
09:36:27,50.661,100,
09:36:27,50.68,440,
09:36:27,50.68,160,
09:36:30,50.68,500,
09:36:31,50.69,300,
09:36:31,50.69,500,
09:36:31,50.70,200,
09:36:31,50.70,600,
09:36:31,50.70,600,
09:36:31,50.70,855,
09:36:32,50.70,150,
09:36:32,50.70,125,
09:36:33,50.71,100,
09:36:33,50.71,600,
09:36:33,50.72,100,
09:36:33,50.72,200,
09:36:33,50.72,100,
09:36:33,50.72,400,
09:36:33,50.72,200,
09:36:33,50.72,300,
09:36:34,50.73,600,
09:36:34,50.73,400,
09:36:34,50.73,200,
09:36:34,50.73,400,
09:36:34,50.73,600,
09:36:34,50.73,125,
09:36:34,50.73,100,
09:36:34,50.73,450,
09:36:34,50.73,114,
09:36:34,50.73,100,
09:36:34,50.73,450,
09:36:34,50.73,475,
09:36:34,50.73,100,
09:36:34,50.73,200,
09:36:36,50.75,100,
09:36:36,50.76,300,
09:36:37,50.77,500,
09:36:37,50.78,300,
09:36:37,50.78,100,
09:36:37,50.78,300,
09:36:37,50.78,200,
09:36:37,50.78,100,
09:36:37,50.77,200,
09:36:37,50.77,300,
09:36:37,50.77,100,
09:36:38,50.76,100,
09:36:38,50.77,200,
09:36:38,50.76,400,
09:36:38,50.76,100,
09:36:38,50.77,100,
09:36:38,50.77,100,
09:36:38,50.76,100,
09:36:38,50.76,600,
09:36:38,50.76,277,
09:36:38,50.77,700,
09:36:38,50.77,200,
09:36:38,50.77,200,
09:36:38,50.77,200,
09:36:38,50.77,100,
09:36:38,50.77,100,
09:36:39,50.77,400,
09:36:40,50.78,100,
09:36:40,50.78,200,
09:36:40,50.78,200,
09:36:40,50.78,100,
09:36:40,50.78,100,
09:36:40,50.78,100,
09:36:40,50.78,100,
09:36:40,50.78,500,
09:36:40,50.78,500,
09:36:41,50.78,100,
09:36:41,50.78,400,
09:36:41,50.79,200,
09:36:41,50.785,200,
09:36:41,50.78,400,
09:36:41,50.78,200,
09:36:43,50.78,100,
09:36:43,50.78,100,
09:36:43,50.78,100,
09:36:43,50.77,100,
09:36:43,50.78,100,
09:36:43,50.78,100,
09:36:44,50.78,100,
09:36:44,50.78,300,
09:36:44,50.78,380,
09:36:44,50.77,220,
09:36:44,50.77,480,
09:36:44,50.77,200,
09:36:44,50.77,380,
09:36:44,50.77,800,
09:36:44,50.77,200,
09:36:44,50.77,200,
09:36:44,50.77,100,
09:36:44,50.77,200,
09:36:44,50.77,800,
09:36:44,50.77,100,
09:36:44,50.77,200,
09:36:44,50.77,800,
09:36:45,50.761,795,
09:36:45,50.7698,100,
09:36:45,50.7697,200,
09:36:45,50.77,400,
09:36:45,50.77,100,
09:36:45,50.77,1800,
09:36:45,50.77,200,
09:36:45,50.77,100,
09:36:45,50.77,100,
09:36:45,50.76,100,
09:36:45,50.77,100,
09:36:45,50.77,200,
09:36:45,50.77,100,
09:36:45,50.77,600,
09:36:45,50.77,600,
09:36:45,50.76,200,
09:36:45,50.76,300,
09:36:45,50.74,200,
09:36:45,50.77,200,
09:36:45,50.76,300,
09:36:45,50.76,300,
09:36:45,50.76,300,
09:36:45,50.77,400,
09:36:45,50.76,400,
09:36:45,50.76,100,
09:36:46,50.75,600,
09:36:46,50.75,100,
09:36:46,50.74,200,
09:36:46,50.74,600,
09:36:46,50.765,100,
09:36:46,50.74,200,
09:36:46,50.74,600,
09:36:46,50.74,200,
09:36:46,50.74,100,
09:36:46,50.74,500,
09:36:46,50.74,100,
09:36:46,50.75,500,
09:36:46,50.75,100,
09:36:46,50.75,100,
09:36:46,50.75,2700,
09:36:47,50.73,100,
09:36:48,50.72,100,
09:36:48,50.72,100,
09:36:48,50.72,200,
09:36:48,50.72,100,
09:36:48,50.72,300,
09:36:48,50.72,400,
09:36:48,50.72,100,
09:36:48,50.72,100,
09:36:50,50.73,410,
09:36:50,50.73,480,
09:36:50,50.74,400,
09:36:50,50.75,100,
09:36:51,50.75,200,
09:36:54,50.76,400,
09:36:55,50.76,100,
09:36:56,50.76,100,
09:36:57,50.77,100,
09:36:57,50.765,400,
09:36:57,50.75,200,
09:36:57,50.765,300,
09:36:57,50.765,300,
09:36:57,50.75,600,
09:36:57,50.75,383,
09:36:57,50.75,300,
09:36:57,50.75,300,
09:36:57,50.75,100,
09:36:57,50.75,300,
09:36:57,50.75,100,
09:36:58,50.74,100,
09:36:59,50.75,100,
09:37:00,50.76,200,
09:37:01,50.769,491,
09:37:01,50.78,251,
09:37:02,50.79,500,
09:37:02,50.79,1200,
09:37:02,50.784,225,
09:37:02,50.79,100,
09:37:02,50.79,100,
09:37:02,50.79,200,
09:37:02,50.79,200,
09:37:02,50.79,100,
09:37:02,50.79,300,
09:37:02,50.79,200,
09:37:02,50.79,100,
09:37:02,50.80,500,
09:37:03,50.79,220,
09:37:03,50.79,100,
09:37:03,50.7899,100,
09:37:05,50.79,100,
09:37:05,50.79,100,
09:37:05,50.79,500,
09:37:05,50.78,600,
09:37:05,50.78,3400,
09:37:05,50.78,387,
09:37:05,50.78,400,
09:37:06,50.79,557,
09:37:06,50.79,157,
09:37:07,50.79,100,
09:37:07,50.79,100,
09:37:07,50.79,100,
09:37:07,50.79,520,
09:37:08,50.7936,1000,
09:37:09,50.80,883,
09:37:09,50.80,483,
09:37:09,50.81,100,
09:37:09,50.81,200,
09:37:09,50.80,100,
09:37:09,50.80,100,
09:37:10,50.79,3400,
09:37:10,50.79,600,
09:37:11,50.80,100,
09:37:11,50.80,100,
09:37:11,50.79,100,
09:37:12,50.80,300,
09:37:12,50.79,1834,
09:37:12,50.79,100,
09:37:12,50.79,500,
09:37:12,50.79,200,
09:37:12,50.79,600,
09:37:12,50.79,350,
09:37:12,50.79,500,
09:37:13,50.79,400,
09:37:13,50.80,100,
09:37:13,50.80,400,
09:37:13,50.80,600,
09:37:13,50.80,200,
09:37:13,50.80,450,
09:37:14,50.81,200,
09:37:14,50.81,300,
09:37:14,50.80,140,
09:37:16,50.81,100,
09:37:16,50.81,100,
09:37:16,50.81,100,
09:37:17,50.81,700,
09:37:17,50.81,400,
09:37:17,50.81,600,
09:37:17,50.81,700,
09:37:17,50.81,100,
09:37:17,50.81,200,
09:37:17,50.81,400,
09:37:18,50.81,109,
09:37:18,50.805,100,
09:37:18,50.81,600,
09:37:18,50.809,100,
09:37:19,50.81,315,
09:37:19,50.81,100,
09:37:19,50.81,115,
09:37:19,50.82,200,
09:37:19,50.82,100,
09:37:19,50.82,100,
09:37:19,50.82,1100,
09:37:19,50.80,180,
09:37:19,50.80,1620,
09:37:19,50.81,200,
09:37:19,50.81,1736,
09:37:19,50.81,274,
09:37:19,50.80,100,
09:37:19,50.81,900,
09:37:19,50.81,200,
09:37:19,50.81,600,
09:37:19,50.81,200,
09:37:20,50.81,300,
09:37:20,50.81,500,
09:37:20,50.81,200,
09:37:20,50.81,100,
09:37:20,50.81,200,
09:37:20,50.81,100,
09:37:20,50.8099,100,
09:37:21,50.80,813,
09:37:22,50.80,100,
09:37:22,50.80,100,
09:37:23,50.79,200,
09:37:25,50.80,300,
09:37:26,50.80,100,
09:37:27,50.80,100,
09:37:27,50.80,200,
09:37:27,50.80,100,
09:37:27,50.80,500,
09:37:27,50.80,100,
09:37:28,50.81,250,
09:37:29,50.80,300,
09:37:30,50.80,21420,
09:37:30,50.80,2980,
09:37:31,50.79,1000,
09:37:31,50.79,400,
09:37:31,50.79,200,
09:37:31,50.79,600,
09:37:31,50.79,200,
09:37:31,50.79,1100,
09:37:31,50.79,108,
09:37:31,50.79,200,
09:37:31,50.78,200,
09:37:32,50.78,200,
09:37:32,50.78,200,
09:37:32,50.78,100,
09:37:33,50.78,200,
09:37:33,50.78,174,
09:37:33,50.78,200,
09:37:35,50.79,300,
09:37:36,50.79,300,
09:37:36,50.81,900,
09:37:38,50.80,300,
09:37:38,50.80,100,
09:37:38,50.80,100,
09:37:40,50.79,100,
09:37:40,50.79,500,
09:37:40,50.79,600,
09:37:40,50.79,3400,
09:37:40,50.79,600,
09:37:40,50.78,400,
09:37:40,50.78,500,
09:37:40,50.78,518,
09:37:40,50.78,400,
09:37:40,50.79,200,
09:37:41,50.79,100,
09:37:41,50.79,100,
09:37:41,50.79,300,
09:37:41,50.80,100,
09:37:41,50.80,200,
09:37:42,50.79,100,
09:37:42,50.79,100,
09:37:42,50.79,623,
09:37:42,50.79,600,
09:37:42,50.79,200,
09:37:42,50.79,100,
09:37:42,50.79,400,
09:37:42,50.78,100,
09:37:42,50.79,400,
09:37:43,50.78,500,
09:37:44,50.79,510,
09:37:44,50.80,100,
09:37:44,50.80,100,
09:37:44,50.80,100,
09:37:44,50.80,100,
09:37:45,50.80,200,
09:37:45,50.80,100,
09:37:45,50.81,400,
09:37:45,50.82,100,
09:37:45,50.82,300,
09:37:45,50.82,200,
09:37:45,50.81,200,
09:37:45,50.81,100,
09:37:45,50.83,100,
09:37:45,50.84,100,
09:37:45,50.84,1000,
09:37:46,50.82,100,
09:37:46,50.82,500,
09:37:46,50.83,100,
09:37:46,50.83,100,
09:37:46,50.82,539,
09:37:46,50.82,600,
09:37:46,50.82,200,
09:37:46,50.82,495,
09:37:46,50.82,600,
09:37:46,50.83,600,
09:37:46,50.83,100,
09:37:46,50.83,200,
09:37:46,50.83,400,
09:37:46,50.83,100,
09:37:46,50.83,300,
09:37:46,50.83,100,
09:37:46,50.83,100,
09:37:46,50.83,100,
09:37:46,50.83,990,
09:37:46,50.83,1000,
09:37:46,50.83,500,
09:37:46,50.83,600,
09:37:46,50.83,100,
09:37:46,50.83,100,
09:37:46,50.84,200,
09:37:46,50.84,500,
09:37:46,50.84,600,
09:37:48,50.83,100,
09:37:48,50.83,200,
09:37:48,50.83,400,
09:37:48,50.84,100,
09:37:49,50.83,295,
09:37:49,50.83,195,
09:37:49,50.83,100,
09:37:49,50.83,200,
09:37:49,50.83,100,
09:37:49,50.83,200,
09:37:49,50.83,365,
09:37:49,50.83,100,
09:37:49,50.83,135,
09:37:50,50.83,100,
09:37:51,50.83,3400,
09:37:56,50.83,3300,
09:37:56,50.83,1330,
09:37:56,50.83,300,
09:37:57,50.84,300,
09:37:57,50.84,200,
09:37:57,50.84,200,
09:37:57,50.84,5000,
09:37:58,50.84,100,
09:37:58,50.83,213,
09:37:59,50.83,100,
09:37:59,50.83,100,
09:37:59,50.83,100,
09:37:59,50.83,100,
09:38:00,50.83,387,
09:38:00,50.83,200,
09:38:00,50.82,600,
09:38:00,50.82,2200,
09:38:01,50.81,100,
09:38:01,50.81,100,
09:38:01,50.81,100,
09:38:01,50.8099,500,
09:38:01,50.81,200,
09:38:01,50.81,100,
09:38:02,50.81,100,
09:38:02,50.81,100,
09:38:03,50.81,400,
09:38:04,50.811,300,
09:38:05,50.81,100,
09:38:05,50.81,100,
09:38:05,50.81,100,
09:38:05,50.81,300,
09:38:05,50.81,100,
09:38:06,50.82,700,
09:38:06,50.81,400,
09:38:06,50.81,400,
09:38:06,50.815,500,
09:38:06,50.80,1400,
09:38:06,50.80,200,
09:38:06,50.80,200,
09:38:06,50.80,200,
09:38:06,50.80,100,
09:38:06,50.81,100,
09:38:07,50.80,200,
09:38:07,50.80,700,
09:38:07,50.80,600,
09:38:07,50.81,200,
09:38:07,50.81,700,
09:38:08,50.81,265,
09:38:08,50.81,700,
09:38:08,50.81,135,
09:38:08,50.82,500,
09:38:08,50.82,100,
09:38:08,50.82,100,
09:38:08,50.82,200,
09:38:08,50.82,100,
09:38:08,50.82,200,
09:38:09,50.81,100,
09:38:10,50.81,100,
09:38:10,50.82,700,
09:38:10,50.8199,100,
09:38:10,50.82,200,
09:38:11,50.81,500,
09:38:11,50.81,296,
09:38:11,50.815,400,
09:38:11,50.815,800,
09:38:11,50.815,300,
09:38:11,50.815,400,
09:38:11,50.815,400,
09:38:11,50.815,400,
09:38:12,50.80,100,
09:38:13,50.80,200,
09:38:13,50.80,200,
09:38:13,50.80,200,
09:38:13,50.80,100,
09:38:13,50.80,100,
09:38:13,50.80,200,
09:38:13,50.80,300,
09:38:13,50.82,700,
09:38:13,50.82,200,
09:38:14,50.82,500,
09:38:14,50.82,100,
09:38:14,50.82,300,
09:38:14,50.82,100,
09:38:14,50.83,500,
09:38:14,50.83,600,
09:38:14,50.83,570,
09:38:14,50.83,200,
09:38:14,50.83,330,
09:38:17,50.83,213,
09:38:17,50.83,800,
09:38:17,50.83,577,
09:38:17,50.83,277,
09:38:17,50.83,400,
09:38:17,50.83,500,
09:38:17,50.83,100,
09:38:17,50.82,600,
09:38:17,50.82,400,
09:38:17,50.82,100,
09:38:17,50.82,600,
09:38:17,50.82,387,
09:38:17,50.825,100,
09:38:17,50.81,100,
09:38:17,50.81,100,
09:38:17,50.81,500,
09:38:17,50.81,430,
09:38:17,50.81,200,
09:38:17,50.81,904,
09:38:17,50.82,500,
09:38:17,50.82,1200,
09:38:17,50.82,700,
09:38:17,50.825,100,
09:38:17,50.82,100,
09:38:17,50.82,200,
09:38:17,50.82,405,
09:38:17,50.82,200,
09:38:18,50.82,210,
09:38:18,50.82,990,
09:38:18,50.82,200,
09:38:18,50.82,2000,
09:38:18,50.82,100,
09:38:18,50.825,100,
09:38:18,50.82,700,
09:38:18,50.82,500,
09:38:19,50.82,150,
09:38:19,50.82,200,
09:38:20,50.81,300,
09:38:20,50.815,100,
09:38:20,50.81,400,
09:38:20,50.81,200,
09:38:20,50.81,100,
09:38:21,50.81,500,
09:38:21,50.81,600,
09:38:21,50.81,400,
09:38:21,50.81,100,
09:38:21,50.815,100,
09:38:21,50.81,100,
09:38:21,50.81,100,
09:38:21,50.81,100,
09:38:21,50.81,564,
09:38:21,50.81,771,
09:38:22,50.8175,100,
09:38:22,50.81,200,
09:38:22,50.81,100,
09:38:22,50.81,100,
09:38:22,50.811,100,
09:38:22,50.80,600,
09:38:23,50.80,100,
09:38:23,50.80,1600,
09:38:23,50.80,300,
09:38:23,50.80,100,
09:38:23,50.80,200,
09:38:23,50.80,100,
09:38:23,50.80,600,
09:38:23,50.80,108,
09:38:23,50.80,1200,
09:38:23,50.80,500,
09:38:23,50.80,300,
09:38:24,50.80,100,
09:38:25,50.8099,100,
09:38:26,50.81,100,
09:38:26,50.81,100,
09:38:27,50.80,100,
09:38:27,50.80,100,
09:38:27,50.79,100,
09:38:27,50.79,3400,
09:38:27,50.78,200,
09:38:27,50.78,200,
09:38:28,50.78,200,
09:38:28,50.78,300,
09:38:28,50.78,200,
09:38:28,50.78,200,
09:38:28,50.78,600,
09:38:28,50.78,300,
09:38:28,50.78,300,
09:38:29,50.78,3101,
09:38:29,50.79,100,
09:38:29,50.79,460,
09:38:29,50.79,600,
09:38:29,50.79,1100,
09:38:31,50.80,571,
09:38:31,50.80,200,
09:38:31,50.80,229,
09:38:33,50.81,400,
09:38:33,50.81,500,
09:38:35,50.81,600,
09:38:35,50.81,100,
09:38:35,50.81,100,
09:38:35,50.81,100,
09:38:36,50.81,145,
09:38:36,50.81,155,
09:38:37,50.81,100,
09:38:38,50.81,100,
09:38:39,50.80,100,
09:38:39,50.80,500,
09:38:39,50.80,600,
09:38:39,50.78,200,
09:38:39,50.79,300,
09:38:39,50.79,145,
09:38:39,50.79,100,
09:38:39,50.78,200,
09:38:39,50.78,100,
09:38:39,50.78,100,
09:38:39,50.78,100,
09:38:40,50.78,200,
09:38:40,50.78,200,
09:38:40,50.78,100,
09:38:41,50.78,200,
09:38:41,50.79,500,
09:38:41,50.79,290,
09:38:41,50.79,1190,
09:38:41,50.79,300,
09:38:42,50.80,200,
09:38:46,50.80,1000,
09:38:46,50.80,183,
09:38:46,50.80,977,
09:38:46,50.80,200,
09:38:47,50.80,600,
09:38:47,50.8093,100,
09:38:47,50.80,400,
09:38:47,50.80,1400,
09:38:47,50.80,100,
09:38:47,50.79,600,
09:38:47,50.79,400,
09:38:49,50.79,600,
09:38:49,50.79,300,
09:38:50,50.78,274,
09:38:50,50.78,200,
09:38:50,50.78,200,
09:38:50,50.78,100,
09:38:50,50.78,600,
09:38:50,50.78,400,
09:38:51,50.77,500,
09:38:51,50.77,200,
09:38:51,50.77,600,
09:38:52,50.77,200,
09:38:52,50.77,2000,
09:38:53,50.77,600,
09:38:54,50.76,200,
09:38:54,50.76,500,
09:38:54,50.76,100,
09:38:54,50.76,100,
09:38:55,50.76,100,
09:38:56,50.76,200,
09:38:57,50.76,117,
09:38:59,50.76,100,
09:39:01,50.77,100,
09:39:02,50.77,300,
09:39:02,50.78,100,
09:39:02,50.78,100,
09:39:02,50.78,100,
09:39:02,50.78,100,
09:39:05,50.78,600,
09:39:05,50.77,100,
09:39:07,50.78,400,
09:39:07,50.78,100,
09:39:09,50.7795,250,
09:39:09,50.771,100,
09:39:10,50.766,5000,
09:39:11,50.76,600,
09:39:11,50.76,100,
09:39:11,50.76,400,
09:39:11,50.76,400,
09:39:11,50.76,2000,
09:39:11,50.76,100,
09:39:11,50.76,100,
09:39:11,50.76,400,
09:39:11,50.75,200,
09:39:11,50.75,100,
09:39:11,50.76,200,
09:39:11,50.74,1630,
09:39:11,50.74,600,
09:39:11,50.75,200,
09:39:11,50.73,100,
09:39:12,50.74,100,
09:39:12,50.74,400,
09:39:12,50.76,200,
09:39:12,50.75,600,
09:39:12,50.75,800,
09:39:12,50.76,600,
09:39:12,50.76,1600,
09:39:12,50.76,600,
09:39:12,50.76,200,
09:39:13,50.75,355,
09:39:13,50.75,245,
09:39:13,50.75,100,
09:39:13,50.75,100,
09:39:13,50.75,100,
09:39:13,50.75,100,
09:39:13,50.75,300,
09:39:13,50.75,400,
09:39:14,50.74,400,
09:39:14,50.74,100,
09:39:14,50.74,100,
09:39:14,50.74,200,
09:39:14,50.75,200,
09:39:14,50.75,400,
09:39:14,50.75,450,
09:39:14,50.74,100,
09:39:15,50.74,100,
09:39:15,50.74,200,
09:39:15,50.74,400,
09:39:16,50.73,269,
09:39:16,50.73,600,
09:39:17,50.74,200,
09:39:19,50.74,400,
09:39:19,50.74,300,
09:39:20,50.74,100,
09:39:20,50.74,200,
09:39:21,50.7373,200,
09:39:21,50.739,225,
09:39:22,50.73,3400,
09:39:22,50.735,100,
09:39:22,50.735,100,
09:39:22,50.735,100,
09:39:22,50.74,100,
09:39:23,50.72,200,
09:39:24,50.72,300,
09:39:24,50.72,100,
09:39:24,50.72,600,
09:39:24,50.72,100,
09:39:24,50.72,200,
09:39:24,50.72,1000,
09:39:24,50.725,100,
09:39:24,50.71,100,
09:39:24,50.715,200,
09:39:25,50.70,100,
09:39:26,50.68,100,
09:39:26,50.69,200,
09:39:27,50.69,100,
09:39:28,50.70,156,
09:39:28,50.70,600,
09:39:28,50.70,300,
09:39:28,50.70,200,
09:39:28,50.70,200,
09:39:29,50.70,200,
09:39:29,50.691,341,
09:39:30,50.70,400,
09:39:30,50.70,100,
09:39:30,50.70,100,
09:39:32,50.71,800,
09:39:32,50.71,100,
09:39:32,50.71,100,
09:39:32,50.71,100,
09:39:33,50.71,100,
09:39:33,50.70,194,
09:39:33,50.70,100,
09:39:33,50.70,200,
09:39:35,50.69,400,
09:39:36,50.68,200,
09:39:36,50.68,600,
09:39:36,50.67,600,
09:39:36,50.67,300,
09:39:36,50.67,200,
09:39:36,50.67,100,
09:39:36,50.665,1000,
09:39:36,50.665,600,
09:39:36,50.665,506,
09:39:37,50.6795,100,
09:39:38,50.66,100,
09:39:38,50.67,100,
09:39:38,50.67,200,
09:39:38,50.67,200,
09:39:38,50.67,600,
09:39:38,50.67,100,
09:39:38,50.67,100,
09:39:40,50.68,200,
09:39:40,50.68,100,
09:39:40,50.68,200,
09:39:41,50.67,400,
09:39:41,50.67,1100,
09:39:41,50.67,400,
09:39:41,50.67,600,
09:39:41,50.67,400,
09:39:41,50.67,200,
09:39:41,50.67,1100,
09:39:41,50.67,450,
09:39:41,50.67,100,
09:39:41,50.67,125,
09:39:41,50.67,200,
09:39:42,50.67,100,
09:39:42,50.68,100,
09:39:42,50.68,300,
09:39:44,50.681,100,
09:39:46,50.68,100,
09:39:46,50.68,600,
09:39:46,50.67,100,
09:39:46,50.67,2000,
09:39:46,50.67,10000,
09:39:46,50.67,200,
09:39:46,50.67,200,
09:39:46,50.67,200,
09:39:46,50.67,600,
09:39:48,50.68,100,
09:39:50,50.68,100,
09:39:51,50.67,450,
09:39:51,50.67,100,
09:39:52,50.67,200,
09:39:53,50.66,100,
09:39:53,50.66,300,
09:39:53,50.66,100,
09:39:53,50.65,100,
09:39:53,50.65,3400,
09:39:53,50.65,100,
09:39:53,50.65,1200,
09:39:54,50.63,100,
09:39:54,50.63,200,
09:39:55,50.64,600,
09:39:55,50.64,1400,
09:39:56,50.65,100,
09:39:56,50.641,279,
09:39:56,50.65,100,
09:39:57,50.66,600,
09:39:57,50.66,200,
09:39:57,50.66,600,
09:39:57,50.66,200,
09:39:58,50.66,200,
09:40:00,50.66,382,
09:40:01,50.67,600,
09:40:02,50.67,200,
09:40:02,50.67,300,
09:40:05,50.67,300,
09:40:05,50.67,1200,
09:40:06,50.68,100,
09:40:06,50.68,550,
09:40:07,50.69,600,
09:40:07,50.69,600,
09:40:07,50.70,500,
09:40:07,50.70,200,
09:40:07,50.71,300,
09:40:07,50.71,300,
09:40:07,50.71,600,
09:40:07,50.704,200,
09:40:08,50.70,100,
09:40:08,50.70,200,
09:40:09,50.6802,184,
09:40:09,50.71,100,
09:40:10,50.71,600,
09:40:13,50.71,100,
09:40:13,50.71,100,
09:40:13,50.71,200,
09:40:13,50.72,200,
09:40:13,50.72,100,
09:40:13,50.72,2500,
09:40:13,50.71,100,
09:40:13,50.71,302,
09:40:13,50.71,1000,
09:40:13,50.71,200,
09:40:13,50.71,600,
09:40:13,50.71,100,
09:40:13,50.71,100,
09:40:13,50.71,700,
09:40:14,50.71,100,
09:40:14,50.715,100,
09:40:14,50.71,970,
09:40:14,50.71,200,
09:40:14,50.71,1000,
09:40:14,50.71,200,
09:40:14,50.71,300,
09:40:14,50.71,200,
09:40:14,50.71,300,
09:40:14,50.71,700,
09:40:14,50.71,1000,
09:40:14,50.71,200,
09:40:15,50.71,200,
09:40:17,50.71,200,
09:40:20,50.70,300,
09:40:20,50.70,300,
09:40:20,50.70,600,
09:40:20,50.70,100,
09:40:20,50.70,200,
09:40:21,50.70,300,
09:40:22,50.71,100,
09:40:23,50.71,300,
09:40:23,50.71,100,
09:40:23,50.71,500,
09:40:27,50.7293,200,
09:40:27,50.73,500,
09:40:27,50.73,200,
09:40:27,50.73,300,
09:40:27,50.73,500,
09:40:27,50.73,200,
09:40:27,50.73,200,
09:40:27,50.73,200,
09:40:27,50.73,100,
09:40:27,50.73,400,
09:40:27,50.74,200,
09:40:27,50.73,500,
09:40:27,50.73,100,
09:40:27,50.73,400,
09:40:27,50.73,200,
09:40:27,50.74,100,
09:40:27,50.74,226,
09:40:27,50.74,600,
09:40:28,50.73,100,
09:40:29,50.749,300,
09:40:30,50.75,100,
09:40:31,50.749,1400,
09:40:32,50.75,100,
09:40:32,50.75,200,
09:40:33,50.7526,1000,
09:40:33,50.76,100,
09:40:33,50.76,400,
09:40:33,50.76,100,
09:40:33,50.76,200,
09:40:33,50.76,100,
09:40:33,50.76,300,
09:40:34,50.76,500,
09:40:34,50.77,500,
09:40:34,50.77,100,
09:40:34,50.78,500,
09:40:34,50.78,500,
09:40:34,50.78,400,
09:40:34,50.78,500,
09:40:34,50.78,200,
09:40:34,50.78,1000,
09:40:34,50.78,600,
09:40:34,50.78,300,
09:40:34,50.78,900,
09:40:34,50.78,100,
09:40:34,50.78,100,
09:40:34,50.78,100,
09:40:34,50.78,300,
09:40:34,50.79,500,
09:40:35,50.78,100,
09:40:35,50.78,200,
09:40:35,50.78,200,
09:40:35,50.78,400,
09:40:35,50.78,200,
09:40:35,50.78,600,
09:40:35,50.78,100,
09:40:35,50.78,200,
09:40:35,50.76,200,
09:40:35,50.78,300,
09:40:36,50.77,300,
09:40:37,50.78,300,
09:40:39,50.77,200,
09:40:39,50.771,1000,
09:40:40,50.78,100,
09:40:42,50.76,200,
09:40:42,50.76,600,
09:40:42,50.7552,300,
09:40:44,50.76,100,
09:40:45,50.75,600,
09:40:45,50.75,177,
09:40:45,50.75,100,
09:40:47,50.75,549,
09:40:47,50.75,351,
09:40:47,50.76,100,
09:40:48,50.7599,700,
09:40:48,50.76,200,
09:40:48,50.76,300,
09:40:48,50.76,600,
09:40:48,50.76,200,
09:40:48,50.76,200,
09:40:48,50.76,100,
09:40:48,50.76,100,
09:40:48,50.76,300,
09:40:48,50.76,300,
09:40:48,50.76,400,
09:40:48,50.76,200,
09:40:48,50.76,700,
09:40:48,50.76,100,
09:40:48,50.77,200,
09:40:50,50.77,600,
09:40:51,50.78,576,
09:40:51,50.79,100,
09:40:51,50.79,300,
09:40:51,50.795,100,
09:40:52,50.80,100,
09:40:52,50.81,100,
09:40:52,50.80,500,
09:40:53,50.80,400,
09:40:53,50.80,200,
09:40:53,50.80,600,
09:40:54,50.81,100,
09:40:55,50.80,200,
09:40:56,50.80,200,
09:40:57,50.79,990,
09:40:57,50.79,100,
09:40:57,50.791,1000,
09:40:58,50.79,400,
09:40:58,50.78,600,
09:40:59,50.78,100,
09:40:59,50.78,100,
09:41:00,50.79,400,
09:41:00,50.7999,100,
09:41:01,50.79,1000,
09:41:01,50.79,100,
09:41:01,50.80,300,
09:41:02,50.79,100,
09:41:02,50.79,100,
09:41:04,50.7803,200,
09:41:06,50.78,200,
09:41:06,50.78,600,
09:41:07,50.78,100,
09:41:07,50.78,100,
09:41:07,50.77,100,
09:41:07,50.77,400,
09:41:07,50.77,500,
09:41:11,50.77,300,
09:41:12,50.78,100,
09:41:12,50.78,100,
09:41:13,50.7827,8000,
09:41:13,50.78,100,
09:41:13,50.78,200,
09:41:13,50.78,500,
09:41:13,50.78,500,
09:41:13,50.78,100,
09:41:13,50.78,485,
09:41:13,50.77,10208,
09:41:13,50.78,600,
09:41:14,50.77,200,
09:41:14,50.77,100,
09:41:14,50.77,400,
09:41:14,50.77,600,
09:41:14,50.77,566,
09:41:14,50.779,100,
09:41:18,50.77,200,
09:41:18,50.76,100,
09:41:18,50.76,200,
09:41:18,50.76,200,
09:41:18,50.76,400,
09:41:18,50.76,100,
09:41:19,50.75,100,
09:41:20,50.75,600,
09:41:21,50.75,100,
09:41:23,50.74,3700,
09:41:23,50.74,100,
09:41:23,50.73,200,
09:41:23,50.72,300,
09:41:23,50.72,100,
09:41:23,50.72,295,
09:41:23,50.72,300,
09:41:23,50.72,100,
09:41:25,50.721,200,
09:41:25,50.72,500,
09:41:26,50.72,600,
09:41:28,50.715,100,
09:41:29,50.71,400,
09:41:29,50.71,500,
09:41:29,50.70,300,
09:41:29,50.70,100,
09:41:29,50.70,400,
09:41:30,50.69,100,
09:41:30,50.69,3400,
09:41:30,50.69,600,
09:41:30,50.69,600,
09:41:30,50.69,1000,
09:41:30,50.69,165,
09:41:30,50.69,100,
09:41:30,50.69,100,
09:41:30,50.69,100,
09:41:30,50.69,300,
09:41:30,50.69,600,
09:41:30,50.69,1136,
09:41:30,50.69,600,
09:41:30,50.70,200,
09:41:30,50.70,200,
09:41:30,50.70,100,
09:41:30,50.70,100,
09:41:30,50.71,100,
09:41:30,50.71,200,
09:41:30,50.70,200,
09:41:30,50.71,400,
09:41:31,50.70,263,
09:41:32,50.69,200,
09:41:32,50.6934,1000,
09:41:32,50.6932,400,
09:41:32,50.6931,200,
09:41:35,50.695,300,
09:41:35,50.69,300,
09:41:35,50.69,465,
09:41:35,50.68,200,
09:41:35,50.68,400,
09:41:35,50.68,600,
09:41:35,50.68,200,
09:41:35,50.68,3400,
09:41:36,50.67,200,
09:41:37,50.675,300,
09:41:37,50.67,400,
09:41:38,50.68,100,
09:41:38,50.68,500,
09:41:39,50.68,200,
09:41:43,50.67,200,
09:41:44,50.68,600,
09:41:44,50.68,100,
09:41:44,50.68,200,
09:41:44,50.69,100,
09:41:44,50.69,1100,
09:41:44,50.68,100,
09:41:46,50.67,400,
09:41:46,50.67,400,
09:41:46,50.66,100,
09:41:46,50.66,400,
09:41:46,50.66,400,
09:41:47,50.66,400,
09:41:47,50.66,500,
09:41:47,50.66,200,
09:41:48,50.65,387,
09:41:48,50.6595,1000,
09:41:50,50.66,200,
09:41:51,50.6401,200,
09:41:52,50.64,3400,
09:41:52,50.63,100,
09:41:52,50.63,400,
09:41:52,50.63,3400,
09:41:52,50.63,600,
09:41:53,50.625,100,
09:41:53,50.6101,1677,
09:41:55,50.62,200,
09:41:55,50.62,100,
09:41:55,50.62,100,
09:41:55,50.62,100,
09:41:55,50.62,164,
09:41:55,50.62,112,
09:41:55,50.62,312,
09:41:55,50.62,488,
09:41:57,50.63,200,
09:41:58,50.63,200,
09:41:58,50.63,300,
09:41:58,50.63,100,
09:41:58,50.64,200,
09:41:58,50.64,600,
09:41:58,50.64,100,
09:41:58,50.63,100,
09:41:59,50.65,500,
09:41:59,50.65,600,
09:41:59,50.64,100,
09:41:59,50.64,400,
09:41:59,50.64,600,
09:42:00,50.64,200,
09:42:01,50.63,400,
09:42:01,50.63,417,
09:42:01,50.63,400,
09:42:01,50.63,100,
09:42:01,50.62,135,
09:42:02,50.62,300,
09:42:02,50.62,200,
09:42:04,50.63,600,
09:42:05,50.63,400,
09:42:05,50.63,100,
09:42:05,50.63,1630,
09:42:05,50.63,100,
09:42:05,50.63,200,
09:42:05,50.63,200,
09:42:05,50.63,200,
09:42:05,50.63,200,
09:42:07,50.62,100,
09:42:07,50.62,200,
09:42:07,50.62,100,
09:42:07,50.61,300,
09:42:07,50.62,200,
09:42:07,50.62,500,
09:42:07,50.63,300,
09:42:07,50.63,300,
09:42:08,50.64,200,
09:42:08,50.65,300,
09:42:08,50.65,200,
09:42:08,50.621,100,
09:42:08,50.64,200,
09:42:08,50.64,200,
09:42:08,50.64,300,
09:42:08,50.64,100,
09:42:08,50.62,100,
09:42:09,50.635,100,
09:42:09,50.64,200,
09:42:09,50.64,500,
09:42:09,50.64,100,
09:42:09,50.64,300,
09:42:09,50.64,300,
09:42:09,50.64,200,
09:42:09,50.64,400,
09:42:09,50.64,100,
09:42:09,50.64,200,
09:42:09,50.64,200,
09:42:09,50.64,500,
09:42:09,50.64,200,
09:42:09,50.64,170,
09:42:09,50.64,100,
09:42:09,50.64,100,
09:42:09,50.64,291,
09:42:09,50.64,300,
09:42:09,50.64,500,
09:42:10,50.64,100,
09:42:10,50.64,500,
09:42:10,50.64,400,
09:42:10,50.64,200,
09:42:11,50.64,400,
09:42:12,50.63,200,
09:42:12,50.63,100,
09:42:12,50.63,1000,
09:42:12,50.63,200,
09:42:12,50.63,200,
09:42:12,50.63,400,
09:42:12,50.63,800,
09:42:12,50.63,2220,
09:42:12,50.63,100,
09:42:12,50.63,400,
09:42:12,50.63,900,
09:42:12,50.63,200,
09:42:12,50.63,400,
09:42:12,50.62,600,
09:42:14,50.62,400,
09:42:14,50.62,100,
09:42:14,50.62,100,
09:42:14,50.62,100,
09:42:14,50.62,400,
09:42:15,50.62,100,
09:42:15,50.62,100,
09:42:15,50.62,100,
09:42:15,50.61,100,
09:42:16,50.61,100,
09:42:16,50.61,400,
09:42:17,50.6102,500,
09:42:20,50.602,100,
09:42:20,50.60,500,
09:42:20,50.60,200,
09:42:21,50.6096,400,
09:42:21,50.6097,400,
09:42:21,50.6097,300,
09:42:21,50.61,700,
09:42:21,50.6097,100,
09:42:21,50.6097,200,
09:42:21,50.6097,300,
09:42:21,50.61,700,
09:42:21,50.61,100,
09:42:22,50.60,500,
09:42:22,50.60,100,
09:42:22,50.60,800,
09:42:22,50.60,200,
09:42:22,50.60,547,
09:42:22,50.59,100,
09:42:22,50.60,353,
09:42:22,50.60,600,
09:42:22,50.59,100,
09:42:22,50.59,300,
09:42:22,50.59,600,
09:42:22,50.59,450,
09:42:22,50.59,2320,
09:42:22,50.60,100,
09:42:22,50.60,400,
09:42:22,50.59,100,
09:42:25,50.5995,1000,
09:42:25,50.59,400,
09:42:25,50.59,100,
09:42:25,50.58,500,
09:42:25,50.58,200,
09:42:25,50.58,100,
09:42:25,50.58,450,
09:42:25,50.58,100,
09:42:25,50.58,100,
09:42:25,50.58,600,
09:42:25,50.58,100,
09:42:26,50.5801,200,
09:42:26,50.59,100,
09:42:26,50.59,133,
09:42:26,50.59,200,
09:42:26,50.59,200,
09:42:26,50.59,167,
09:42:26,50.59,615,
09:42:26,50.5816,108,
09:42:26,50.60,200,
09:42:26,50.60,960,
09:42:26,50.5999,3655,
09:42:26,50.60,322,
09:42:26,50.60,262,
09:42:26,50.6001,262,
09:42:27,50.60,100,
09:42:27,50.60,100,
09:42:27,50.60,300,
09:42:27,50.60,100,
09:42:28,50.60,300,
09:42:28,50.60,300,
09:42:28,50.60,100,
09:42:28,50.60,100,
09:42:28,50.60,400,
09:42:28,50.60,100,
09:42:28,50.60,100,
09:42:29,50.60,100,
09:42:29,50.601,185,
09:42:30,50.60,500,
09:42:31,50.60,441,
09:42:31,50.60,100,
09:42:32,50.5984,200,
09:42:32,50.5985,400,
09:42:32,50.5987,300,
09:42:33,50.5999,1100,
09:42:34,50.60,100,
09:42:34,50.60,300,
09:42:34,50.60,500,
09:42:34,50.60,10000,
09:42:34,50.61,600,
09:42:34,50.61,513,
09:42:34,50.61,100,
09:42:34,50.61,100,
09:42:35,50.591,100,
09:42:35,50.61,600,
09:42:36,50.60,100,
09:42:36,50.60,200,
09:42:36,50.60,100,
09:42:36,50.60,100,
09:42:36,50.60,100,
09:42:36,50.60,200,
09:42:36,50.60,100,
09:42:36,50.59,400,
09:42:36,50.59,100,
09:42:36,50.59,200,
09:42:37,50.59,100,
09:42:37,50.59,200,
09:42:37,50.59,300,
09:42:37,50.59,303,
09:42:37,50.59,100,
09:42:37,50.60,100,
09:42:37,50.60,480,
09:42:37,50.60,600,
09:42:37,50.59,300,
09:42:37,50.59,100,
09:42:37,50.59,600,
09:42:37,50.60,200,
09:42:37,50.60,120,
09:42:37,50.60,200,
09:42:37,50.60,100,
09:42:37,50.60,100,
09:42:37,50.60,500,
09:42:37,50.60,200,
09:42:37,50.60,400,
09:42:37,50.60,200,
09:42:37,50.60,226,
09:42:39,50.60,300,
09:42:39,50.60,100,
09:42:42,50.60,100,
09:42:42,50.60,100,
09:42:42,50.60,200,
09:42:42,50.60,200,
09:42:42,50.60,400,
09:42:42,50.60,300,
09:42:42,50.60,300,
09:42:42,50.60,100,
09:42:42,50.60,400,
09:42:42,50.60,300,
09:42:42,50.60,200,
09:42:42,50.60,100,
09:42:44,50.59,600,
09:42:44,50.59,100,
09:42:44,50.59,100,
09:42:44,50.59,400,
09:42:45,50.58,700,
09:42:45,50.59,200,
09:42:46,50.59,400,
09:42:47,50.591,170,
09:42:48,50.59,100,
09:42:48,50.59,100,
09:42:50,50.59,400,
09:42:50,50.59,400,
09:42:52,50.60,100,
09:42:52,50.60,300,
09:42:52,50.61,100,
09:42:52,50.60,100,
09:42:53,50.60,100,
09:42:53,50.60,100,
09:42:57,50.61,100,
09:42:57,50.62,200,
09:42:57,50.62,200,
09:42:57,50.62,300,
09:42:57,50.62,100,
09:42:59,50.62,300,
09:42:59,50.611,400,
09:43:02,50.63,100,
09:43:05,50.6295,1000,
09:43:07,50.62,283,
09:43:07,50.62,600,
09:43:08,50.63,100,
09:43:09,50.63,100,
09:43:10,50.6395,123,
09:43:11,50.63,500,
09:43:11,50.62,200,
09:43:12,50.6113,1400,
09:43:12,50.62,100,
09:43:13,50.62,100,
09:43:13,50.62,100,
09:43:19,50.62,600,
09:43:19,50.62,200,
09:43:20,50.62,600,
09:43:20,50.63,100,
09:43:20,50.63,100,
09:43:20,50.62,600,
09:43:23,50.62,100,
09:43:25,50.62,200,
09:43:26,50.63,400,
09:43:26,50.63,100,
09:43:27,50.63,400,
09:43:27,50.63,600,
09:43:27,50.63,200,
09:43:27,50.63,200,
09:43:27,50.63,1200,
09:43:27,50.63,100,
09:43:27,50.63,24312,
09:43:27,50.63,300,
09:43:27,50.63,100,
09:43:27,50.63,200,
09:43:27,50.63,100,
09:43:27,50.63,500,
09:43:27,50.63,200,
09:43:27,50.63,100,
09:43:28,50.63,600,
09:43:29,50.64,100,
09:43:29,50.64,600,
09:43:29,50.63,2400,
09:43:29,50.63,2000,
09:43:30,50.63,400,
09:43:30,50.63,1630,
09:43:30,50.63,200,
09:43:30,50.63,200,
09:43:30,50.63,200,
09:43:30,50.63,200,
09:43:30,50.63,600,
09:43:30,50.63,200,
09:43:30,50.63,8470,
09:43:30,50.63,500,
09:43:30,50.63,3500,
09:43:30,50.64,200,
09:43:30,50.63,400,
09:43:31,50.63,900,
09:43:31,50.63,2200,
09:43:31,50.63,500,
09:43:31,50.63,500,
09:43:31,50.63,300,
09:43:31,50.63,600,
09:43:31,50.63,100,
09:43:31,50.63,320,
09:43:31,50.63,450,
09:43:31,50.63,100,
09:43:31,50.63,1500,
09:43:32,50.63,8100,
09:43:33,50.63,200,
09:43:33,50.63,200,
09:43:33,50.63,200,
09:43:33,50.63,200,
09:43:33,50.63,24400,
09:43:33,50.63,1630,
09:43:33,50.63,233,
09:43:33,50.63,500,
09:43:33,50.63,200,
09:43:33,50.63,300,
09:43:33,50.63,100,
09:43:33,50.63,200,
09:43:33,50.63,492,
09:43:33,50.63,200,
09:43:33,50.63,600,
09:43:33,50.63,320,
09:43:34,50.6399,500,
09:43:34,50.63,785,
09:43:34,50.63,500,
09:43:34,50.63,200,
09:43:34,50.63,100,
09:43:34,50.63,200,
09:43:34,50.62,200,
09:43:34,50.63,100,
09:43:34,50.63,200,
09:43:34,50.63,317,
09:43:34,50.63,100,
09:43:34,50.63,100,
09:43:34,50.63,100,
09:43:34,50.63,400,
09:43:34,50.63,200,
09:43:34,50.63,200,
09:43:34,50.63,200,
09:43:34,50.63,1500,
09:43:34,50.63,100,
09:43:34,50.63,3200,
09:43:34,50.63,100,
09:43:34,50.63,100,
09:43:34,50.63,100,
09:43:34,50.63,100,
09:43:34,50.63,100,
09:43:34,50.63,100,
09:43:34,50.63,100,
09:43:34,50.63,100,
09:43:34,50.63,100,
09:43:34,50.63,100,
09:43:34,50.63,100,
09:43:34,50.63,100,
09:43:34,50.63,300,
09:43:34,50.63,100,
09:43:34,50.63,100,
09:43:34,50.63,100,
09:43:34,50.63,200,
09:43:34,50.63,600,
09:43:35,50.63,200,
09:43:35,50.62,100,
09:43:35,50.62,100,
09:43:36,50.61,200,
09:43:36,50.61,200,
09:43:36,50.63,1700,
09:43:38,50.61,300,
09:43:38,50.61,200,
09:43:38,50.61,100,
09:43:38,50.61,100,
09:43:42,50.60,135,
09:43:42,50.60,465,
09:43:42,50.60,100,
09:43:43,50.59,400,
09:43:43,50.57,400,
09:43:44,50.58,100,
09:43:44,50.58,100,
09:43:44,50.58,100,
09:43:45,50.58,200,
09:43:46,50.574,700,
09:43:46,50.56,300,
09:43:46,50.57,600,
09:43:46,50.57,600,
09:43:46,50.57,100,
09:43:46,50.57,100,
09:43:46,50.57,800,
09:43:46,50.57,1800,
09:43:46,50.5601,100,
09:43:46,50.56,200,
09:43:46,50.56,300,
09:43:47,50.57,250,
09:43:47,50.57,200,
09:43:47,50.57,100,
09:43:47,50.57,200,
09:43:47,50.57,100,
09:43:47,50.5701,100,
09:43:48,50.56,1450,
09:43:48,50.561,1400,
09:43:48,50.57,600,
09:43:48,50.57,290,
09:43:48,50.57,100,
09:43:48,50.58,200,
09:43:48,50.58,200,
09:43:48,50.58,900,
09:43:48,50.58,400,
09:43:48,50.58,600,
09:43:48,50.58,100,
09:43:48,50.58,100,
09:43:49,50.57,100,
09:43:50,50.571,1000,
09:43:50,50.5716,420,
09:43:52,50.58,500,
09:43:53,50.5705,1000,
09:43:55,50.57,100,
09:43:55,50.575,200,
09:43:56,50.57,300,
09:43:56,50.57,600,
09:43:56,50.57,100,
09:43:56,50.57,258,
09:43:56,50.57,100,
09:43:56,50.57,600,
09:43:56,50.57,359,
09:43:56,50.565,300,
09:43:56,50.56,500,
09:43:56,50.5595,100,
09:43:58,50.5613,1000,
09:44:00,50.56,100,
09:44:01,50.56,193,
09:44:01,50.57,100,
09:44:02,50.565,500,
09:44:03,50.56,100,
09:44:03,50.56,100,
09:44:03,50.56,100,
09:44:03,50.56,100,
09:44:03,50.55,400,
09:44:03,50.55,300,
09:44:03,50.55,400,
09:44:03,50.55,300,
09:44:03,50.55,410,
09:44:03,50.55,300,
09:44:05,50.5563,200,
09:44:06,50.55,100,
09:44:06,50.54,200,
09:44:07,50.55,100,
09:44:08,50.55,300,
09:44:09,50.54,100,
09:44:09,50.54,200,
09:44:09,50.54,313,
09:44:09,50.54,396,
09:44:09,50.54,291,
09:44:10,50.54,200,
09:44:10,50.54,1000,
09:44:10,50.54,200,
09:44:10,50.54,261,
09:44:10,50.54,200,
09:44:10,50.54,600,
09:44:10,50.54,100,
09:44:10,50.54,500,
09:44:10,50.54,300,
09:44:10,50.54,100,
09:44:10,50.54,200,
09:44:10,50.54,500,
09:44:11,50.53,100,
09:44:11,50.531,200,
09:44:11,50.5309,200,
09:44:11,50.5308,400,
09:44:11,50.531,1726,
09:44:12,50.53,100,
09:44:13,50.54,399,
09:44:13,50.532,500,
09:44:14,50.55,200,
09:44:14,50.5401,2000,
09:44:15,50.55,200,
09:44:16,50.56,400,
09:44:16,50.5599,400,
09:44:16,50.5599,600,
09:44:18,50.5599,600,
09:44:18,50.56,200,
09:44:19,50.56,118,
09:44:19,50.5501,500,
09:44:20,50.57,500,
09:44:20,50.58,100,
09:44:20,50.59,100,
09:44:20,50.59,100,
09:44:20,50.59,100,
09:44:20,50.59,200,
09:44:20,50.59,600,
09:44:20,50.59,500,
09:44:20,50.59,200,
09:44:21,50.59,200,
09:44:21,50.59,1200,
09:44:21,50.59,200,
09:44:21,50.59,100,
09:44:21,50.59,800,
09:44:21,50.59,200,
09:44:21,50.60,900,
09:44:21,50.60,200,
09:44:21,50.60,500,
09:44:21,50.60,200,
09:44:21,50.60,200,
09:44:21,50.60,100,
09:44:21,50.60,200,
09:44:22,50.60,100,
09:44:22,50.60,1200,
09:44:22,50.61,700,
09:44:23,50.62,400,
09:44:23,50.62,300,
09:44:23,50.62,200,
09:44:23,50.62,200,
09:44:23,50.62,100,
09:44:23,50.62,300,
09:44:25,50.6237,1000,
09:44:26,50.63,300,
09:44:27,50.64,400,
09:44:27,50.64,400,
09:44:27,50.65,100,
09:44:27,50.65,400,
09:44:27,50.66,100,
09:44:27,50.6588,100,
09:44:28,50.66,700,
09:44:28,50.66,100,
09:44:28,50.67,400,
09:44:28,50.67,100,
09:44:28,50.67,100,
09:44:28,50.67,400,
09:44:29,50.67,100,
09:44:29,50.67,600,
09:44:29,50.67,100,
09:44:30,50.66,100,
09:44:30,50.65,200,
09:44:30,50.65,900,
09:44:30,50.65,515,
09:44:30,50.65,200,
09:44:31,50.65,400,
09:44:31,50.65,200,
09:44:32,50.6401,1500,
09:44:32,50.64,500,
09:44:33,50.63,800,
09:44:33,50.63,500,
09:44:34,50.63,500,
09:44:34,50.63,200,
09:44:34,50.63,400,
09:44:34,50.64,100,
09:44:35,50.64,100,
09:44:35,50.64,100,
09:44:35,50.64,200,
09:44:36,50.64,300,
09:44:37,50.64,600,
09:44:40,50.65,200,
09:44:40,50.64,249,
09:44:41,50.63,100,
09:44:41,50.63,600,
09:44:41,50.63,400,
09:44:42,50.62,200,
09:44:42,50.62,400,
09:44:42,50.62,100,
09:44:42,50.62,400,
09:44:45,50.6205,200,
09:44:45,50.621,600,
09:44:46,50.63,100,
09:44:46,50.63,200,
09:44:46,50.63,100,
09:44:46,50.63,1508,
09:44:46,50.63,400,
09:44:46,50.63,100,
09:44:46,50.64,100,
09:44:46,50.63,700,
09:44:46,50.63,500,
09:44:46,50.63,151,
09:44:46,50.63,251,
09:44:47,50.63,100,
09:44:49,50.62,100,
09:44:49,50.62,200,
09:44:49,50.629,1900,
09:44:49,50.61,2900,
09:44:49,50.61,600,
09:44:49,50.61,200,
09:44:49,50.61,500,
09:44:49,50.60,200,
09:44:52,50.60,200,
09:44:52,50.60,200,
09:44:53,50.60,100,
09:44:54,50.59,300,
09:44:54,50.59,200,
09:44:54,50.59,1851,
09:44:54,50.59,200,
09:44:54,50.59,449,
09:44:54,50.59,3049,
09:44:55,50.59,200,
09:44:55,50.59,500,
09:44:55,50.59,100,
09:44:55,50.58,300,
09:44:55,50.58,300,
09:44:55,50.58,500,
09:44:55,50.58,600,
09:44:55,50.58,600,
09:44:55,50.58,290,
09:44:55,50.58,790,
09:44:55,50.59,400,
09:44:55,50.58,400,
09:44:56,50.57,500,
09:44:56,50.57,210,
09:44:56,50.57,100,
09:44:56,50.57,600,
09:44:57,50.58,100,
09:44:57,50.58,591,
09:44:57,50.58,110,
09:44:58,50.57,474,
09:44:59,50.57,200,
09:44:59,50.57,100,
09:45:00,50.58,100,
09:45:00,50.58,400,
09:45:00,50.58,100,
09:45:00,50.58,100,
09:45:02,50.57,300,
09:45:02,50.57,237,
09:45:02,50.57,300,
09:45:02,50.57,300,
09:45:03,50.57,100,
09:45:03,50.56,100,
09:45:03,50.56,600,
09:45:03,50.56,300,
09:45:03,50.564,100,
09:45:03,50.57,200,
09:45:05,50.57,300,
09:45:05,50.57,200,
09:45:05,50.576,100,
09:45:05,50.57,200,
09:45:05,50.57,100,
09:45:05,50.57,300,
09:45:06,50.5698,100,
09:45:08,50.57,100,
09:45:08,50.57,100,
09:45:09,50.57,100,
09:45:09,50.57,400,
09:45:09,50.57,100,
09:45:09,50.57,100,
09:45:09,50.57,200,
09:45:09,50.56,500,
09:45:10,50.56,100,
09:45:10,50.5602,5000,
09:45:10,50.56,300,
09:45:14,50.57,200,
09:45:14,50.57,100,
09:45:14,50.57,400,
09:45:15,50.57,300,
09:45:15,50.58,500,
09:45:16,50.58,100,
09:45:19,50.58,16700,
09:45:19,50.58,300,
09:45:19,50.58,200,
09:45:19,50.58,200,
09:45:19,50.58,100,
09:45:19,50.58,400,
09:45:19,50.58,1000,
09:45:19,50.58,600,
09:45:19,50.58,600,
09:45:19,50.58,549,
09:45:19,50.58,300,
09:45:19,50.58,400,
09:45:19,50.58,121,
09:45:19,50.58,200,
09:45:19,50.58,200,
09:45:20,50.589,1400,
09:45:21,50.59,700,
09:45:21,50.60,200,
09:45:21,50.60,400,
09:45:21,50.59,400,
09:45:21,50.59,100,
09:45:21,50.59,600,
09:45:21,50.59,400,
09:45:21,50.59,300,
09:45:21,50.58,100,
09:45:22,50.57,500,
09:45:22,50.57,100,
09:45:22,50.57,100,
09:45:22,50.57,300,
09:45:22,50.57,500,
09:45:22,50.57,600,
09:45:22,50.57,600,
09:45:22,50.57,100,
09:45:22,50.57,100,
09:45:22,50.56,400,
09:45:22,50.57,200,
09:45:22,50.57,100,
09:45:22,50.57,300,
09:45:22,50.57,400,
09:45:22,50.57,1200,
09:45:22,50.58,100,
09:45:23,50.59,100,
09:45:23,50.59,100,
09:45:23,50.58,500,
09:45:24,50.57,300,
09:45:24,50.57,130,
09:45:24,50.57,200,
09:45:25,50.564,3000,
09:45:25,50.57,100,
09:45:27,50.56,100,
09:45:27,50.57,200,
09:45:27,50.56,100,
09:45:28,50.5574,200,
09:45:30,50.5599,100,
09:45:31,50.56,100,
09:45:31,50.56,100,
09:45:31,50.56,400,
09:45:31,50.56,100,
09:45:31,50.56,200,
09:45:32,50.56,100,
09:45:33,50.5742,800,
09:45:33,50.58,113,
09:45:33,50.58,400,
09:45:34,50.59,400,
09:45:34,50.579,100,
09:45:37,50.584,225,
09:45:40,50.58,200,
09:45:41,50.5715,100,
09:45:41,50.571,100,
09:45:42,50.57,200,
09:45:42,50.57,100,
09:45:42,50.57,500,
09:45:42,50.57,300,
09:45:42,50.57,1630,
09:45:42,50.57,100,
09:45:42,50.57,200,
09:45:42,50.57,100,
09:45:42,50.57,110,
09:45:42,50.57,100,
09:45:43,50.57,231,
09:45:43,50.57,600,
09:45:43,50.57,100,
09:45:43,50.57,300,
09:45:43,50.57,100,
09:45:43,50.57,200,
09:45:44,50.57,300,
09:45:44,50.57,200,
09:45:44,50.57,200,
09:45:44,50.57,100,
09:45:44,50.57,600,
09:45:44,50.57,231,
09:45:44,50.57,100,
09:45:45,50.57,500,
09:45:46,50.57,200,
09:45:46,50.57,434,
09:45:46,50.57,639,
09:45:46,50.57,195,
09:45:46,50.57,100,
09:45:47,50.57,500,
09:45:50,50.57,100,
09:45:51,50.57,200,
09:45:51,50.57,200,
09:45:51,50.57,100,
09:45:51,50.57,100,
09:45:52,50.5735,100,
09:45:53,50.58,100,
09:45:54,50.57,600,
09:45:54,50.57,200,
09:45:55,50.57,100,
09:45:55,50.56,630,
09:45:55,50.56,234,
09:45:55,50.56,1000,
09:45:55,50.56,500,
09:45:55,50.56,264,
09:45:55,50.56,400,
09:45:57,50.55,400,
09:45:57,50.55,200,
09:45:57,50.55,100,
09:45:58,50.556,200,
09:45:58,50.55,500,
09:45:58,50.55,100,
09:45:59,50.55,400,
09:45:59,50.54,100,
09:45:59,50.5404,400,
09:45:59,50.5403,400,
09:45:59,50.5403,400,
09:45:59,50.5402,300,
09:45:59,50.5402,500,
09:45:59,50.54,500,
09:45:59,50.54,200,
09:45:59,50.54,100,
09:45:59,50.54,900,
09:46:01,50.544,200,
09:46:01,50.5402,3500,
09:46:03,50.54,400,
09:46:04,50.54,300,
09:46:05,50.55,451,
09:46:05,50.55,600,
09:46:05,50.56,200,
09:46:05,50.56,300,
09:46:05,50.56,300,
09:46:05,50.56,600,
09:46:05,50.56,100,
09:46:05,50.56,600,
09:46:05,50.57,100,
09:46:05,50.57,200,
09:46:05,50.5699,100,
09:46:07,50.57,100,
09:46:08,50.565,260,
09:46:09,50.561,2000,
09:46:10,50.5616,100,
09:46:10,50.575,200,
09:46:10,50.5717,200,
09:46:10,50.5717,300,
09:46:10,50.571,600,
09:46:10,50.571,700,
09:46:11,50.58,100,
09:46:12,50.5719,100,
09:46:13,50.579,500,
09:46:16,50.60,100,
09:46:16,50.59,200,
09:46:16,50.59,260,
09:46:16,50.59,100,
09:46:16,50.59,100,
09:46:16,50.59,100,
09:46:17,50.5987,1000,
09:46:18,50.5904,100,
09:46:18,50.591,200,
09:46:18,50.60,300,
09:46:18,50.60,100,
09:46:19,50.59,200,
09:46:19,50.59,100,
09:46:19,50.5978,100,
09:46:19,50.59,100,
09:46:19,50.599,100,
09:46:19,50.599,100,
09:46:19,50.60,600,
09:46:19,50.60,1000,
09:46:19,50.60,443,
09:46:19,50.60,200,
09:46:19,50.60,500,
09:46:19,50.60,500,
09:46:20,50.5972,366,
09:46:21,50.60,500,
09:46:22,50.61,200,
09:46:22,50.61,400,
09:46:22,50.61,200,
09:46:22,50.62,200,
09:46:22,50.62,100,
09:46:22,50.63,1000,
09:46:22,50.63,600,
09:46:22,50.595,100,
09:46:22,50.63,1030,
09:46:22,50.63,400,
09:46:22,50.63,200,
09:46:22,50.63,100,
09:46:23,50.62,100,
09:46:23,50.62,589,
09:46:23,50.62,374,
09:46:23,50.62,200,
09:46:23,50.62,100,
09:46:23,50.62,300,
09:46:23,50.62,200,
09:46:24,50.63,100,
09:46:25,50.63,100,
09:46:25,50.6301,735,
09:46:25,50.635,100,
09:46:26,50.63,135,
09:46:26,50.64,400,
09:46:26,50.64,600,
09:46:27,50.64,200,
09:46:27,50.65,133,
09:46:27,50.65,134,
09:46:27,50.64,187,
09:46:27,50.64,100,
09:46:28,50.63,900,
09:46:28,50.64,400,
09:46:28,50.64,900,
09:46:28,50.635,100,
09:46:28,50.635,100,
09:46:28,50.635,100,
09:46:29,50.6387,1000,
09:46:29,50.63,300,
09:46:30,50.64,100,
09:46:30,50.64,100,
09:46:30,50.64,100,
09:46:30,50.64,100,
09:46:31,50.63,600,
09:46:32,50.63,100,
09:46:32,50.63,100,
09:46:33,50.62,200,
09:46:33,50.62,200,
09:46:34,50.631,828,
09:46:34,50.62,100,
09:46:35,50.63,500,
09:46:35,50.63,600,
09:46:35,50.64,800,
09:46:35,50.64,7972,
09:46:35,50.64,200,
09:46:35,50.64,400,
09:46:35,50.64,400,
09:46:35,50.6385,200,
09:46:35,50.6386,200,
09:46:36,50.635,500,
09:46:37,50.64,100,
09:46:37,50.64,200,
09:46:37,50.64,100,
09:46:37,50.64,100,
09:46:37,50.6215,300,
09:46:38,50.63,585,
09:46:38,50.63,585,
09:46:38,50.63,400,
09:46:38,50.63,106,
09:46:38,50.63,200,
09:46:38,50.63,100,
09:46:39,50.6284,100,
09:46:39,50.63,300,
09:46:39,50.64,400,
09:46:39,50.64,200,
09:46:39,50.63,200,
09:46:40,50.6326,300,
09:46:40,50.64,100,
09:46:41,50.629,1000,
09:46:41,50.639,500,
09:46:42,50.64,200,
09:46:42,50.64,300,
09:46:43,50.65,200,
09:46:44,50.641,300,
09:46:44,50.65,300,
09:46:44,50.6499,100,
09:46:44,50.6422,400,
09:46:44,50.641,500,
09:46:44,50.65,700,
09:46:44,50.65,600,
09:46:44,50.641,500,
09:46:44,50.65,100,
09:46:45,50.65,200,
09:46:45,50.65,200,
09:46:45,50.65,400,
09:46:45,50.65,1000,
09:46:48,50.64,100,
09:46:48,50.64,107,
09:46:48,50.63,571,
09:46:48,50.63,300,
09:46:49,50.63,400,
09:46:51,50.62,100,
09:46:51,50.62,600,
09:46:51,50.62,100,
09:46:51,50.62,500,
09:46:51,50.62,100,
09:46:51,50.62,100,
09:46:52,50.62,200,
09:46:53,50.61,300,
09:46:53,50.61,100,
09:46:56,50.61,100,
09:46:56,50.619,1000,
09:46:56,50.61,100,
09:46:57,50.6082,268,
09:46:57,50.61,100,
09:46:57,50.60,400,
09:46:57,50.60,100,
09:46:57,50.60,100,
09:46:57,50.60,200,
09:46:57,50.60,100,
09:46:57,50.60,700,
09:46:57,50.60,400,
09:46:58,50.60,100,
09:46:58,50.60,300,
09:46:58,50.60,600,
09:46:58,50.60,100,
09:46:58,50.60,1100,
09:46:59,50.60,100,
09:47:01,50.60,400,
09:47:01,50.60,100,
09:47:05,50.61,600,
09:47:06,50.62,100,
09:47:06,50.62,1000,
09:47:06,50.62,400,
09:47:06,50.62,1100,
09:47:06,50.62,200,
09:47:06,50.62,300,
09:47:06,50.62,400,
09:47:09,50.63,100,
09:47:09,50.63,200,
09:47:09,50.63,100,
09:47:09,50.63,100,
09:47:09,50.63,410,
09:47:09,50.63,600,
09:47:09,50.63,500,
09:47:09,50.63,720,
09:47:09,50.63,300,
09:47:09,50.63,790,
09:47:09,50.63,100,
09:47:09,50.6399,100,
09:47:09,50.63,300,
09:47:09,50.63,100,
09:47:10,50.63,100,
09:47:10,50.64,300,
09:47:10,50.64,100,
09:47:10,50.64,400,
09:47:10,50.64,1000,
09:47:10,50.64,300,
09:47:12,50.65,100,
09:47:13,50.65,500,
09:47:13,50.66,300,
09:47:13,50.66,500,
09:47:13,50.66,200,
09:47:13,50.67,100,
09:47:14,50.67,100,
09:47:14,50.67,100,
09:47:16,50.6697,100,
09:47:16,50.67,200,
09:47:16,50.67,100,
09:47:16,50.67,100,
09:47:17,50.68,500,
09:47:17,50.68,100,
09:47:19,50.66,400,
09:47:19,50.66,600,
09:47:21,50.67,500,
09:47:21,50.67,100,
09:47:21,50.6783,1500,
09:47:22,50.68,100,
09:47:22,50.68,400,
09:47:22,50.68,600,
09:47:22,50.6886,700,
09:47:24,50.69,317,
09:47:24,50.69,2200,
09:47:24,50.70,100,
09:47:24,50.70,100,
09:47:24,50.70,900,
09:47:24,50.71,1170,
09:47:24,50.71,600,
09:47:24,50.71,400,
09:47:24,50.70,200,
09:47:24,50.70,300,
09:47:24,50.71,200,
09:47:24,50.71,400,
09:47:25,50.71,400,
09:47:25,50.70,700,
09:47:25,50.70,200,
09:47:25,50.70,100,
09:47:25,50.70,100,
09:47:25,50.70,2000,
09:47:26,50.71,200,
09:47:26,50.71,100,
09:47:26,50.71,400,
09:47:26,50.71,200,
09:47:26,50.71,200,
09:47:26,50.71,600,
09:47:27,50.70,10000,
09:47:28,50.71,100,
09:47:28,50.70,200,
09:47:28,50.70,200,
09:47:29,50.69,400,
09:47:29,50.707,500,
09:47:29,50.69,120,
09:47:29,50.69,100,
09:47:29,50.69,180,
09:47:29,50.70,100,
09:47:29,50.70,400,
09:47:29,50.70,200,
09:47:29,50.69,500,
09:47:29,50.69,600,
09:47:29,50.69,200,
09:47:29,50.69,142,
09:47:29,50.69,600,
09:47:29,50.69,272,
09:47:29,50.69,400,
09:47:29,50.69,400,
09:47:29,50.68,400,
09:47:29,50.69,100,
09:47:32,50.70,100,
09:47:32,50.70,4500,
09:47:32,50.70,600,
09:47:32,50.70,400,
09:47:32,50.70,200,
09:47:32,50.70,600,
09:47:32,50.70,600,
09:47:32,50.70,1100,
09:47:32,50.70,18775,
09:47:32,50.70,200,
09:47:32,50.70,500,
09:47:32,50.70,300,
09:47:32,50.70,500,
09:47:32,50.70,100,
09:47:32,50.70,662,
09:47:32,50.70,400,
09:47:32,50.70,138,
09:47:33,50.6928,200,
09:47:33,50.691,200,
09:47:33,50.6901,100,
09:47:35,50.69,300,
09:47:35,50.69,100,
09:47:35,50.69,200,
09:47:35,50.69,400,
09:47:35,50.69,400,
09:47:35,50.69,400,
09:47:35,50.69,200,
09:47:35,50.69,500,
09:47:35,50.69,200,
09:47:35,50.69,100,
09:47:35,50.69,100,
09:47:35,50.68,100,
09:47:35,50.68,400,
09:47:35,50.68,550,
09:47:35,50.68,100,
09:47:35,50.68,100,
09:47:35,50.68,393,
09:47:36,50.68,500,
09:47:36,50.68,100,
09:47:36,50.69,100,
09:47:38,50.69,100,
09:47:38,50.6901,600,
09:47:39,50.69,200,
09:47:39,50.69,200,
09:47:39,50.69,400,
09:47:39,50.69,200,
09:47:39,50.69,200,
09:47:39,50.69,234,
09:47:41,50.69,600,
09:47:41,50.69,1000,
09:47:42,50.69,100,
09:47:43,50.69,500,
09:47:43,50.68,600,
09:47:43,50.69,1000,
09:47:44,50.692,1624,
09:47:45,50.69,400,
09:47:47,50.70,100,
09:47:47,50.70,500,
09:47:49,50.70,600,
09:47:49,50.70,200,
09:47:49,50.70,1000,
09:47:50,50.70,200,
09:47:52,50.71,356,
09:47:55,50.72,220,
09:47:55,50.72,400,
09:47:55,50.73,2000,
09:47:55,50.73,200,
09:47:56,50.72,600,
09:47:56,50.72,413,
09:47:56,50.72,600,
09:47:57,50.71,600,
09:47:57,50.72,600,
09:47:57,50.72,965,
09:47:57,50.71,500,
09:47:57,50.71,200,
09:47:57,50.71,400,
09:47:57,50.71,1000,
09:47:57,50.71,813,
09:48:00,50.72,200,
09:48:01,50.72,100,
09:48:01,50.72,200,
09:48:03,50.715,100,
09:48:03,50.715,900,
09:48:03,50.71,300,
09:48:03,50.71,300,
09:48:03,50.71,400,
09:48:03,50.71,400,
09:48:03,50.71,400,
09:48:03,50.71,300,
09:48:05,50.7098,2000,
09:48:06,50.703,125,
09:48:08,50.70,264,
09:48:08,50.70,200,
09:48:09,50.69,600,
09:48:09,50.68,600,
09:48:09,50.68,513,
09:48:09,50.68,400,
09:48:09,50.68,487,
09:48:10,50.68,100,
09:48:11,50.68,100,
09:48:14,50.68,100,
09:48:14,50.66,500,
09:48:15,50.67,100,
09:48:15,50.67,600,
09:48:15,50.67,200,
09:48:15,50.67,1000,
09:48:15,50.67,100,
09:48:16,50.65,600,
09:48:19,50.6574,200,
09:48:20,50.64,100,
09:48:21,50.64,1000,
09:48:21,50.64,500,
09:48:21,50.63,1400,
09:48:21,50.63,300,
09:48:21,50.63,500,
09:48:21,50.63,100,
09:48:21,50.63,100,
09:48:21,50.63,500,
09:48:21,50.63,600,
09:48:21,50.63,600,
09:48:22,50.638,150,
09:48:23,50.63,400,
09:48:23,50.639,250,
09:48:23,50.63,200,
09:48:23,50.63,200,
09:48:23,50.63,200,
09:48:23,50.63,100,
09:48:24,50.63,257,
09:48:24,50.63,256,
09:48:24,50.63,237,
09:48:24,50.63,736,
09:48:24,50.63,1000,
09:48:24,50.63,200,
09:48:24,50.63,200,
09:48:24,50.63,100,
09:48:24,50.63,600,
09:48:24,50.63,200,
09:48:24,50.63,400,
09:48:24,50.63,100,
09:48:24,50.63,800,
09:48:24,50.63,1800,
09:48:24,50.63,200,
09:48:24,50.63,590,
09:48:24,50.63,400,
09:48:25,50.64,600,
09:48:25,50.64,500,
09:48:25,50.64,200,
09:48:25,50.64,500,
09:48:26,50.65,400,
09:48:26,50.65,600,
09:48:26,50.65,200,
09:48:27,50.66,400,
09:48:27,50.66,600,
09:48:27,50.66,700,
09:48:27,50.67,100,
09:48:28,50.67,1100,
09:48:28,50.67,300,
09:48:29,50.66,200,
09:48:29,50.66,554,
09:48:29,50.66,200,
09:48:29,50.66,200,
09:48:31,50.66,300,
09:48:31,50.66,500,
09:48:31,50.66,1000,
09:48:31,50.66,1630,
09:48:31,50.66,600,
09:48:31,50.66,100,
09:48:31,50.66,100,
09:48:31,50.66,300,
09:48:31,50.66,400,
09:48:31,50.66,100,
09:48:32,50.65,500,
09:48:32,50.65,100,
09:48:32,50.65,100,
09:48:34,50.66,439,
09:48:34,50.6608,100,
09:48:34,50.6629,1900,
09:48:35,50.66,1630,
09:48:35,50.66,1000,
09:48:35,50.66,500,
09:48:37,50.66,100,
09:48:39,50.67,100,
09:48:39,50.67,600,
09:48:39,50.67,613,
09:48:39,50.67,500,
09:48:40,50.67,200,
09:48:40,50.67,100,
09:48:40,50.67,100,
09:48:40,50.67,100,
09:48:41,50.66,200,
09:48:41,50.6594,6400,
09:48:42,50.66,100,
09:48:42,50.66,100,
09:48:42,50.66,600,
09:48:42,50.66,100,
09:48:43,50.67,900,
09:48:43,50.67,600,
09:48:45,50.66,100,
09:48:46,50.66,100,
09:48:51,50.651,125,
09:48:52,50.65,519,
09:48:53,50.66,100,
09:48:55,50.66,100,
09:48:55,50.66,100,
09:48:55,50.66,500,
09:48:55,50.65,200,
09:48:55,50.65,200,
09:48:55,50.65,3400,
09:48:55,50.65,800,
09:48:56,50.65,100,
09:48:56,50.65,600,
09:48:56,50.65,300,
09:48:57,50.66,600,
09:48:58,50.66,100,
09:49:00,50.66,100,
09:49:00,50.66,1000,
09:49:00,50.66,100,
09:49:00,50.66,1000,
09:49:00,50.65,300,
09:49:01,50.66,200,
09:49:01,50.66,100,
09:49:02,50.66,100,
09:49:02,50.66,600,
09:49:02,50.66,100,
09:49:04,50.66,100,
09:49:05,50.66,600,
09:49:05,50.66,300,
09:49:05,50.66,400,
09:49:05,50.66,200,
09:49:06,50.66,100,
09:49:07,50.66,500,
09:49:07,50.66,400,
09:49:07,50.66,500,
09:49:07,50.66,100,
09:49:07,50.66,200,
09:49:07,50.66,1200,
09:49:07,50.668,295,
09:49:11,50.665,100,
09:49:11,50.66,500,
09:49:11,50.66,200,
09:49:11,50.66,200,
09:49:11,50.66,500,
09:49:11,50.66,1000,
09:49:11,50.66,3600,
09:49:11,50.66,400,
09:49:12,50.66,100,
09:49:15,50.66,500,
09:49:15,50.66,100,
09:49:15,50.66,213,
09:49:15,50.66,121,
09:49:15,50.66,779,
09:49:15,50.66,279,
09:49:15,50.66,100,
09:49:16,50.66,213,
09:49:16,50.66,1000,
09:49:17,50.67,213,
09:49:17,50.67,287,
09:49:18,50.67,600,
09:49:18,50.67,100,
09:49:19,50.67,900,
09:49:22,50.6601,2000,
09:49:22,50.66,580,
09:49:22,50.66,820,
09:49:23,50.65,100,
09:49:23,50.65,100,
09:49:23,50.66,300,
09:49:23,50.66,300,
09:49:23,50.66,100,
09:49:23,50.66,400,
09:49:24,50.66,1000,
09:49:24,50.66,200,
09:49:25,50.67,400,
09:49:25,50.67,100,
09:49:25,50.67,546,
09:49:25,50.67,100,
09:49:25,50.67,100,
09:49:26,50.66,100,
09:49:26,50.66,8100,
09:49:29,50.65,551,
09:49:29,50.65,249,
09:49:29,50.65,100,
09:49:30,50.64,2100,
09:49:30,50.64,600,
09:49:30,50.64,100,
09:49:30,50.64,200,
09:49:30,50.64,600,
09:49:30,50.64,400,
09:49:33,50.64,600,
09:49:36,50.65,600,
09:49:36,50.65,500,
09:49:36,50.65,200,
09:49:36,50.65,100,
09:49:36,50.65,1000,
09:49:36,50.65,100,
09:49:36,50.65,100,
09:49:36,50.65,100,
09:49:36,50.65,400,
09:49:36,50.65,200,
09:49:36,50.65,200,
09:49:36,50.65,100,
09:49:36,50.65,200,
09:49:36,50.65,1000,
09:49:36,50.65,500,
09:49:36,50.65,200,
09:49:36,50.65,100,
09:49:37,50.65,200,
09:49:37,50.65,1630,
09:49:37,50.65,300,
09:49:37,50.65,600,
09:49:37,50.64,200,
09:49:37,50.64,100,
09:49:37,50.64,200,
09:49:37,50.64,3300,
09:49:37,50.64,1000,
09:49:37,50.64,300,
09:49:37,50.64,400,
09:49:37,50.64,600,
09:49:37,50.64,200,
09:49:37,50.64,100,
09:49:37,50.64,1000,
09:49:37,50.64,100,
09:49:37,50.64,7200,
09:49:37,50.63,200,
09:49:37,50.63,1000,
09:49:37,50.63,300,
09:49:37,50.64,500,
09:49:37,50.64,200,
09:49:37,50.64,600,
09:49:37,50.64,500,
09:49:37,50.64,300,
09:49:38,50.65,100,
09:49:38,50.65,400,
09:49:38,50.65,100,
09:49:41,50.6426,1000,
09:49:41,50.64,179,
09:49:41,50.645,100,
09:49:41,50.6401,200,
09:49:42,50.65,200,
09:49:42,50.65,300,
09:49:42,50.65,400,
09:49:44,50.6401,100,
09:49:44,50.65,100,
09:49:45,50.65,400,
09:49:45,50.65,400,
09:49:45,50.65,200,
09:49:45,50.65,200,
09:49:45,50.65,100,
09:49:45,50.65,300,
09:49:45,50.65,100,
09:49:45,50.65,100,
09:49:45,50.65,100,
09:49:45,50.65,100,
09:49:45,50.65,200,
09:49:45,50.65,400,
09:49:45,50.65,900,
09:49:46,50.65,3500,
09:49:46,50.65,200,
09:49:47,50.66,200,
09:49:47,50.66,200,
09:49:47,50.66,200,
09:49:47,50.66,300,
09:49:47,50.66,500,
09:49:49,50.66,200,
09:49:50,50.655,800,
09:49:50,50.655,500,
09:49:50,50.65,200,
09:49:50,50.65,100,
09:49:50,50.655,200,
09:49:51,50.66,200,
09:49:51,50.66,200,
09:49:51,50.65,1530,
09:49:51,50.65,100,
09:49:51,50.65,100,
09:49:51,50.65,100,
09:49:53,50.65,200,
09:49:54,50.65,100,
09:49:54,50.65,200,
09:49:54,50.65,1000,
09:49:54,50.65,200,
09:49:54,50.65,200,
09:49:54,50.65,100,
09:49:54,50.65,100,
09:49:55,50.65,100,
09:49:55,50.65,200,
09:49:55,50.65,100,
09:49:57,50.65,900,
09:49:57,50.65,100,
09:49:57,50.65,100,
09:49:57,50.65,600,
09:49:57,50.65,600,
09:49:57,50.65,300,
09:49:57,50.65,200,
09:49:57,50.65,500,
09:50:01,50.64,179,
09:50:01,50.64,1000,
09:50:01,50.64,200,
09:50:01,50.645,500,
09:50:01,50.64,100,
09:50:02,50.64,100,
09:50:02,50.65,139,
09:50:02,50.65,200,
09:50:02,50.66,200,
09:50:02,50.66,600,
09:50:02,50.66,100,
09:50:02,50.66,200,
09:50:02,50.64,100,
09:50:03,50.65,200,
09:50:03,50.65,100,
09:50:03,50.65,600,
09:50:03,50.65,1000,
09:50:03,50.65,400,
09:50:03,50.64,100,
09:50:03,50.64,100,
09:50:03,50.64,300,
09:50:03,50.64,100,
09:50:04,50.6419,400,
09:50:04,50.64,500,
09:50:09,50.6325,2050,
09:50:12,50.64,300,
09:50:12,50.64,100,
09:50:13,50.65,100,
09:50:13,50.65,200,
09:50:13,50.65,200,
09:50:13,50.64,400,
09:50:14,50.63,200,
09:50:15,50.64,200,
09:50:15,50.64,200,
09:50:15,50.63,600,
09:50:17,50.64,300,
09:50:17,50.64,200,
09:50:17,50.64,270,
09:50:17,50.64,255,
09:50:19,50.649,100,
09:50:20,50.649,150,
09:50:20,50.64,500,
09:50:20,50.641,100,
09:50:22,50.64,100,
09:50:23,50.64,100,
09:50:23,50.64,200,
09:50:23,50.63,100,
09:50:23,50.63,500,
09:50:24,50.6472,100,
09:50:25,50.649,200,
09:50:26,50.65,500,
09:50:28,50.64,200,
09:50:28,50.6406,200,
09:50:28,50.6405,300,
09:50:29,50.649,1000,
09:50:29,50.64,162,
09:50:31,50.65,100,
09:50:31,50.65,100,
09:50:31,50.65,100,
09:50:31,50.65,600,
09:50:31,50.65,200,
09:50:31,50.65,200,
09:50:31,50.65,200,
09:50:31,50.65,200,
09:50:31,50.65,100,
09:50:31,50.65,600,
09:50:31,50.65,100,
09:50:32,50.67,300,
09:50:32,50.66,100,
09:50:32,50.66,600,
09:50:32,50.66,1200,
09:50:32,50.66,2100,
09:50:32,50.66,1600,
09:50:32,50.66,1630,
09:50:32,50.66,300,
09:50:32,50.66,400,
09:50:32,50.66,200,
09:50:32,50.66,600,
09:50:32,50.66,1200,
09:50:33,50.6699,300,
09:50:33,50.6674,300,
09:50:33,50.6675,300,
09:50:33,50.67,100,
09:50:34,50.68,100,
09:50:34,50.6778,100,
09:50:36,50.67,500,
09:50:36,50.67,400,
09:50:37,50.66,100,
09:50:37,50.66,500,
09:50:37,50.66,100,
09:50:37,50.66,3328,
09:50:37,50.66,200,
09:50:37,50.66,200,
09:50:37,50.66,200,
09:50:37,50.66,100,
09:50:37,50.66,100,
09:50:37,50.66,400,
09:50:37,50.66,200,
09:50:37,50.66,200,
09:50:38,50.66,500,
09:50:41,50.66,300,
09:50:41,50.66,500,
09:50:41,50.66,200,
09:50:41,50.65,100,
09:50:41,50.65,300,
09:50:41,50.65,100,
09:50:41,50.65,100,
09:50:42,50.6501,100,
09:50:43,50.66,100,
09:50:43,50.653,700,
09:50:49,50.65,500,
09:50:49,50.655,200,
09:50:49,50.65,600,
09:50:49,50.646,1200,
09:50:49,50.65,200,
09:50:51,50.651,187,
09:50:51,50.65,500,
09:50:52,50.655,500,
09:50:53,50.64,2200,
09:50:53,50.64,100,
09:50:53,50.64,200,
09:50:53,50.64,100,
09:50:54,50.639,500,
09:50:58,50.63,100,
09:50:58,50.63,200,
09:50:59,50.63,100,
09:50:59,50.63,300,
09:50:59,50.64,200,
09:51:00,50.63,426,
09:51:00,50.63,300,
09:51:00,50.63,3400,
09:51:00,50.63,200,
09:51:00,50.63,100,
09:51:00,50.63,200,
09:51:00,50.63,200,
09:51:00,50.63,600,
09:51:00,50.63,3200,
09:51:00,50.63,100,
09:51:00,50.63,300,
09:51:00,50.63,744,
09:51:00,50.63,100,
09:51:00,50.63,100,
09:51:00,50.63,100,
09:51:00,50.63,200,
09:51:00,50.63,400,
09:51:00,50.62,200,
09:51:00,50.62,300,
09:51:00,50.62,600,
09:51:00,50.6293,300,
09:51:01,50.62,600,
09:51:01,50.62,100,
09:51:01,50.62,600,
09:51:01,50.62,200,
09:51:01,50.62,100,
09:51:01,50.63,200,
09:51:01,50.63,100,
09:51:02,50.62,400,
09:51:02,50.62,206,
09:51:03,50.62,500,
09:51:03,50.62,300,
09:51:03,50.62,600,
09:51:03,50.62,100,
09:51:03,50.62,100,
09:51:03,50.62,200,
09:51:03,50.62,300,
09:51:03,50.62,200,
09:51:04,50.62,100,
09:51:04,50.61,100,
09:51:04,50.60,400,
09:51:04,50.60,100,
09:51:04,50.60,100,
09:51:04,50.62,403,
09:51:05,50.60,100,
09:51:05,50.60,100,
09:51:05,50.60,500,
09:51:05,50.60,400,
09:51:05,50.60,1000,
09:51:05,50.60,200,
09:51:05,50.60,200,
09:51:05,50.60,200,
09:51:05,50.60,600,
09:51:07,50.60,600,
09:51:08,50.59,100,
09:51:08,50.59,500,
09:51:08,50.59,200,
09:51:09,50.58,100,
09:51:11,50.57,1000,
09:51:12,50.58,100,
09:51:12,50.59,200,
09:51:15,50.5895,1000,
09:51:17,50.58,200,
09:51:17,50.58,600,
09:51:17,50.58,576,
09:51:17,50.5801,200,
09:51:17,50.5801,200,
09:51:17,50.5801,124,
09:51:17,50.5801,1000,
09:51:17,50.57,2400,
09:51:17,50.5801,1000,
09:51:18,50.59,200,
09:51:18,50.59,200,
09:51:18,50.59,100,
09:51:18,50.59,400,
09:51:18,50.59,800,
09:51:18,50.59,500,
09:51:18,50.59,1000,
09:51:18,50.59,100,
09:51:18,50.59,2160,
09:51:20,50.60,500,
09:51:20,50.60,100,
09:51:20,50.60,100,
09:51:20,50.60,200,
09:51:20,50.60,100,
09:51:20,50.60,400,
09:51:20,50.60,100,
09:51:20,50.60,500,
09:51:20,50.60,500,
09:51:20,50.60,200,
09:51:21,50.59,2000,
09:51:21,50.59,1200,
09:51:21,50.59,100,
09:51:23,50.59,400,
09:51:23,50.59,200,
09:51:23,50.59,500,
09:51:23,50.59,1000,
09:51:23,50.5993,2026,
09:51:24,50.59,300,
09:51:25,50.59,400,
09:51:26,50.59,400,
09:51:26,50.59,300,
09:51:26,50.59,300,
09:51:27,50.5916,300,
09:51:27,50.60,200,
09:51:27,50.5995,100,
09:51:27,50.60,100,
09:51:27,50.60,600,
09:51:27,50.60,100,
09:51:27,50.60,100,
09:51:27,50.60,100,
09:51:28,50.60,1000,
09:51:28,50.60,400,
09:51:28,50.60,153,
09:51:28,50.60,200,
09:51:29,50.60,100,
09:51:29,50.60,400,
09:51:29,50.60,100,
09:51:29,50.60,100,
09:51:30,50.60,100,
09:51:30,50.6086,700,
09:51:32,50.60,1630,
09:51:32,50.60,100,
09:51:33,50.61,200,
09:51:33,50.61,100,
09:51:34,50.60,100,
09:51:34,50.60,400,
09:51:38,50.60,200,
09:51:39,50.61,100,
09:51:39,50.62,400,
09:51:40,50.62,174,
09:51:40,50.62,100,
09:51:40,50.6284,200,
09:51:42,50.62,100,
09:51:43,50.61,100,
09:51:43,50.61,200,
09:51:43,50.61,130,
09:51:45,50.60,1500,
09:51:45,50.60,100,
09:51:47,50.59,200,
09:51:47,50.58,200,
09:51:48,50.58,100,
09:51:48,50.58,100,
09:51:48,50.58,200,
09:51:48,50.58,100,
09:51:48,50.58,200,
09:51:48,50.58,200,
09:51:48,50.58,100,
09:51:48,50.58,300,
09:51:49,50.59,200,
09:51:49,50.5895,500,
09:51:51,50.58,300,
09:51:52,50.58,100,
09:51:52,50.58,100,
09:51:52,50.58,300,
09:51:52,50.58,100,
09:51:53,50.5893,200,
09:51:54,50.59,600,
09:51:54,50.59,100,
09:51:55,50.59,100,
09:51:55,50.59,500,
09:51:55,50.59,300,
09:51:55,50.58,200,
09:51:56,50.58,500,
09:51:56,50.57,100,
09:51:56,50.57,200,
09:51:56,50.57,500,
09:51:56,50.57,400,
09:51:56,50.56,1000,
09:51:56,50.57,1000,
09:51:56,50.56,400,
09:51:56,50.56,300,
09:51:56,50.55,200,
09:51:56,50.55,100,
09:51:56,50.55,100,
09:51:56,50.55,400,
09:51:56,50.55,200,
09:51:56,50.55,400,
09:51:56,50.55,100,
09:51:56,50.56,200,
09:51:56,50.56,500,
09:51:56,50.56,200,
09:51:56,50.56,600,
09:51:56,50.56,200,
09:51:56,50.55,600,
09:51:56,50.55,900,
09:51:57,50.54,300,
09:51:58,50.54,600,
09:51:58,50.54,300,
09:51:58,50.54,100,
09:51:58,50.54,100,
09:52:00,50.55,300,
09:52:00,50.55,600,
09:52:00,50.55,100,
09:52:00,50.55,100,
09:52:00,50.55,300,
09:52:00,50.55,400,
09:52:01,50.549,300,
09:52:01,50.54,900,
09:52:01,50.53,1000,
09:52:01,50.53,200,
09:52:01,50.53,3400,
09:52:01,50.53,200,
09:52:01,50.53,700,
09:52:01,50.54,1500,
09:52:01,50.53,600,
09:52:01,50.53,100,
09:52:01,50.54,500,
09:52:01,50.54,1630,
09:52:01,50.54,600,
09:52:01,50.53,200,
09:52:01,50.53,1000,
09:52:01,50.53,3000,
09:52:01,50.53,1000,
09:52:01,50.54,1000,
09:52:01,50.54,194,
09:52:01,50.54,100,
09:52:01,50.54,500,
09:52:01,50.54,100,
09:52:01,50.54,1626,
09:52:01,50.54,400,
09:52:01,50.54,200,
09:52:01,50.54,1000,
09:52:01,50.54,100,
09:52:01,50.54,500,
09:52:01,50.54,600,
09:52:01,50.54,100,
09:52:01,50.53,200,
09:52:01,50.53,200,
09:52:01,50.53,3400,
09:52:01,50.53,200,
09:52:01,50.53,600,
09:52:01,50.53,600,
09:52:01,50.53,200,
09:52:01,50.53,100,
09:52:01,50.53,400,
09:52:01,50.53,500,
09:52:01,50.53,1350,
09:52:01,50.52,1650,
09:52:01,50.53,1800,
09:52:01,50.53,100,
09:52:01,50.53,200,
09:52:01,50.53,800,
09:52:01,50.53,168,
09:52:01,50.53,500,
09:52:01,50.53,606,
09:52:01,50.53,1000,
09:52:01,50.54,200,
09:52:01,50.53,100,
09:52:01,50.53,200,
09:52:01,50.53,100,
09:52:01,50.53,100,
09:52:01,50.54,300,
09:52:02,50.54,100,
09:52:02,50.54,800,
09:52:02,50.54,500,
09:52:02,50.54,100,
09:52:02,50.54,200,
09:52:02,50.54,200,
09:52:03,50.54,400,
09:52:03,50.54,100,
09:52:03,50.531,1168,
09:52:04,50.52,400,
09:52:04,50.53,3300,
09:52:04,50.53,800,
09:52:04,50.54,200,
09:52:05,50.54,200,
09:52:05,50.54,700,
09:52:08,50.54,400,
09:52:09,50.54,300,
09:52:09,50.54,100,
09:52:09,50.54,100,
09:52:09,50.54,400,
09:52:09,50.54,200,
09:52:09,50.54,200,
09:52:09,50.54,200,
09:52:09,50.54,200,
09:52:09,50.54,100,
09:52:10,50.54,100,
09:52:10,50.53,499,
09:52:10,50.53,300,
09:52:10,50.52,1000,
09:52:11,50.52,400,
09:52:11,50.52,3000,
09:52:11,50.52,100,
09:52:11,50.52,300,
09:52:11,50.52,300,
09:52:11,50.52,100,
09:52:11,50.52,100,
09:52:11,50.52,200,
09:52:11,50.52,200,
09:52:11,50.52,600,
09:52:11,50.52,1000,
09:52:11,50.52,1200,
09:52:11,50.52,500,
09:52:11,50.5295,1000,
09:52:12,50.52,500,
09:52:13,50.511,1000,
09:52:15,50.5114,200,
09:52:15,50.51,241,
09:52:15,50.51,600,
09:52:16,50.52,100,
09:52:16,50.52,400,
09:52:16,50.511,200,
09:52:17,50.52,100,
09:52:17,50.51,300,
09:52:17,50.52,200,
09:52:17,50.52,400,
09:52:18,50.51,400,
09:52:19,50.52,100,
09:52:20,50.5127,200,
09:52:22,50.52,200,
09:52:22,50.52,200,
09:52:23,50.52,600,
09:52:23,50.52,1000,
09:52:24,50.51,100,
09:52:26,50.51,100,
09:52:26,50.51,200,
09:52:26,50.51,600,
09:52:26,50.5101,178,
09:52:28,50.52,600,
09:52:28,50.52,500,
09:52:29,50.52,400,
09:52:29,50.52,100,
09:52:29,50.52,1000,
09:52:29,50.52,600,
09:52:29,50.52,200,
09:52:29,50.52,1000,
09:52:29,50.52,500,
09:52:29,50.52,300,
09:52:29,50.52,194,
09:52:29,50.52,606,
09:52:29,50.52,1000,
09:52:31,50.5132,142,
09:52:31,50.52,200,
09:52:34,50.52,600,
09:52:34,50.52,600,
09:52:34,50.53,600,
09:52:34,50.53,200,
09:52:34,50.53,400,
09:52:34,50.53,200,
09:52:35,50.53,100,
09:52:36,50.54,100,
09:52:36,50.54,100,
09:52:36,50.54,200,
09:52:36,50.54,100,
09:52:36,50.54,200,
09:52:36,50.54,380,
09:52:37,50.53,100,
09:52:37,50.53,600,
09:52:38,50.52,100,
09:52:38,50.52,400,
09:52:38,50.52,100,
09:52:38,50.52,100,
09:52:39,50.52,500,
09:52:40,50.53,100,
09:52:41,50.53,100,
09:52:41,50.53,100,
09:52:41,50.53,930,
09:52:41,50.53,200,
09:52:41,50.53,200,
09:52:41,50.53,200,
09:52:41,50.54,300,
09:52:41,50.53,100,
09:52:41,50.53,300,
09:52:43,50.53,100,
09:52:43,50.53,100,
09:52:43,50.53,300,
09:52:44,50.53,200,
09:52:44,50.5214,475,
09:52:45,50.52,400,
09:52:45,50.52,200,
09:52:45,50.51,100,
09:52:47,50.50,200,
09:52:48,50.50,200,
09:52:48,50.50,100,
09:52:49,50.50,500,
09:52:49,50.50,200,
09:52:49,50.50,1000,
09:52:49,50.50,100,
09:52:49,50.50,500,
09:52:49,50.50,100,
09:52:49,50.50,100,
09:52:49,50.50,100,
09:52:49,50.50,1000,
09:52:49,50.50,500,
09:52:49,50.50,100,
09:52:49,50.50,100,
09:52:49,50.49,2000,
09:52:49,50.49,100,
09:52:49,50.49,100,
09:52:49,50.49,2350,
09:52:49,50.49,600,
09:52:51,50.4901,100,
09:52:52,50.49,100,
09:52:52,50.48,200,
09:52:52,50.48,200,
09:52:52,50.49,100,
09:52:52,50.491,1900,
09:52:53,50.4899,500,
09:52:53,50.49,600,
09:52:53,50.49,100,
09:52:53,50.49,200,
09:52:54,50.49,1630,
09:52:54,50.49,500,
09:52:55,50.48,1260,
09:52:55,50.49,600,
09:52:55,50.485,500,
09:52:57,50.49,200,
09:52:57,50.49,100,
09:52:57,50.49,600,
09:52:57,50.49,221,
09:52:57,50.49,800,
09:52:58,50.50,100,
09:52:58,50.50,1000,
09:52:58,50.50,500,
09:52:58,50.51,100,
09:52:58,50.49,1000,
09:52:59,50.5098,300,
09:52:59,50.50,600,
09:52:59,50.50,600,
09:52:59,50.49,200,
09:52:59,50.49,600,
09:52:59,50.49,600,
09:53:00,50.48,600,
09:53:00,50.47,100,
09:53:00,50.47,400,
09:53:00,50.48,2186,
09:53:00,50.48,714,
09:53:00,50.48,200,
09:53:00,50.48,455,
09:53:00,50.48,100,
09:53:00,50.48,300,
09:53:00,50.48,100,
09:53:00,50.47,100,
09:53:00,50.48,500,
09:53:00,50.48,500,
09:53:00,50.48,100,
09:53:00,50.48,600,
09:53:01,50.48,500,
09:53:01,50.485,300,
09:53:01,50.48,100,
09:53:02,50.50,2000,
09:53:03,50.489,100,
09:53:03,50.4706,600,
09:53:04,50.48,200,
09:53:04,50.48,600,
09:53:04,50.48,200,
09:53:04,50.48,200,
09:53:04,50.49,144,
09:53:04,50.49,156,
09:53:04,50.49,600,
09:53:04,50.49,600,
09:53:04,50.49,600,
09:53:04,50.49,241,
09:53:04,50.49,200,
09:53:04,50.495,400,
09:53:04,50.471,955,
09:53:05,50.48,600,
09:53:05,50.47,200,
09:53:05,50.48,120,
09:53:05,50.48,600,
09:53:05,50.48,300,
09:53:05,50.48,1000,
09:53:05,50.48,500,
09:53:05,50.48,300,
09:53:06,50.47,200,
09:53:06,50.47,600,
09:53:06,50.47,100,
09:53:06,50.47,100,
09:53:06,50.47,100,
09:53:06,50.47,100,
09:53:07,50.4614,200,
09:53:07,50.46,800,
09:53:08,50.47,100,
09:53:08,50.47,400,
09:53:08,50.48,200,
09:53:08,50.48,387,
09:53:08,50.48,600,
09:53:08,50.48,100,
09:53:08,50.48,200,
09:53:09,50.4783,800,
09:53:09,50.48,100,
09:53:09,50.4729,170,
09:53:10,50.475,600,
09:53:10,50.48,200,
09:53:11,50.484,200,
09:53:11,50.4816,500,
09:53:12,50.49,400,
09:53:12,50.49,500,
09:53:12,50.49,100,
09:53:12,50.49,100,
09:53:13,50.49,200,
09:53:13,50.4899,1200,
09:53:13,50.489,100,
09:53:14,50.49,100,
09:53:14,50.49,261,
09:53:14,50.49,300,
09:53:15,50.49,200,
09:53:16,50.49,600,
09:53:16,50.49,500,
09:53:19,50.50,200,
09:53:19,50.50,400,
09:53:19,50.51,100,
09:53:20,50.50,1000,
09:53:20,50.50,300,
09:53:20,50.50,500,
09:53:20,50.50,100,
09:53:21,50.49,400,
09:53:21,50.48,1000,
09:53:22,50.489,800,
09:53:24,50.49,400,
09:53:24,50.49,100,
09:53:26,50.498,200,
09:53:27,50.50,158,
09:53:27,50.50,100,
09:53:27,50.51,600,
09:53:27,50.5114,1000,
09:53:28,50.52,600,
09:53:29,50.53,200,
09:53:29,50.53,200,
09:53:29,50.53,100,
09:53:31,50.52,100,
09:53:31,50.52,100,
09:53:31,50.52,100,
09:53:31,50.52,100,
09:53:31,50.52,100,
09:53:31,50.52,400,
09:53:31,50.52,100,
09:53:31,50.52,100,
09:53:31,50.52,150,
09:53:31,50.52,100,
09:53:31,50.52,400,
09:53:31,50.52,200,
09:53:31,50.52,300,
09:53:31,50.52,200,
09:53:31,50.52,150,
09:53:32,50.52,100,
09:53:32,50.52,300,
09:53:32,50.525,100,
09:53:33,50.52,200,
09:53:33,50.53,100,
09:53:34,50.53,300,
09:53:38,50.52,100,
09:53:38,50.52,300,
09:53:38,50.52,100,
09:53:38,50.52,900,
09:53:38,50.52,700,
09:53:38,50.52,400,
09:53:38,50.52,600,
09:53:38,50.52,100,
09:53:38,50.53,675,
09:53:38,50.53,600,
09:53:38,50.53,1025,
09:53:38,50.53,2100,
09:53:38,50.53,100,
09:53:38,50.53,600,
09:53:39,50.52,200,
09:53:39,50.52,206,
09:53:39,50.52,100,
09:53:39,50.52,1000,
09:53:39,50.51,100,
09:53:39,50.51,400,
09:53:41,50.51,600,
09:53:42,50.50,600,
09:53:42,50.50,200,
09:53:42,50.50,200,
09:53:42,50.50,600,
09:53:42,50.50,450,
09:53:42,50.50,495,
09:53:42,50.50,200,
09:53:42,50.50,1000,
09:53:43,50.50,100,
09:53:44,50.50,600,
09:53:45,50.50,200,
09:53:45,50.50,200,
09:53:46,50.50,200,
09:53:47,50.4925,299,
09:53:47,50.50,100,
09:53:47,50.50,450,
09:53:47,50.50,1000,
09:53:48,50.50,100,
09:53:48,50.50,300,
09:53:50,50.50,100,
09:53:50,50.50,100,
09:53:50,50.50,368,
09:53:51,50.50,100,
09:53:51,50.49,1400,
09:53:51,50.49,600,
09:53:51,50.49,1000,
09:53:51,50.49,100,
09:53:51,50.495,100,
09:53:51,50.49,100,
09:53:52,50.49,100,
09:53:52,50.49,100,
09:53:52,50.49,1400,
09:53:52,50.50,200,
09:53:52,50.50,100,
09:53:52,50.50,200,
09:53:52,50.50,200,
09:53:52,50.50,100,
09:53:52,50.50,1000,
09:53:52,50.50,100,
09:53:52,50.50,400,
09:53:52,50.50,100,
09:53:52,50.50,600,
09:53:52,50.50,100,
09:53:52,50.495,300,
09:53:52,50.49,200,
09:53:54,50.50,200,
09:53:54,50.50,100,
09:53:54,50.50,200,
09:53:54,50.50,300,
09:53:54,50.50,100,
09:53:54,50.50,495,
09:53:54,50.50,300,
09:53:55,50.50,1600,
09:53:55,50.50,200,
09:53:58,50.49,100,
09:53:59,50.50,1000,
09:53:59,50.4837,100,
09:54:01,50.49,100,
09:54:04,50.4885,100,
09:54:04,50.48,100,
09:54:05,50.48,100,
09:54:05,50.49,400,
09:54:05,50.49,600,
09:54:05,50.49,100,
09:54:05,50.49,900,
09:54:05,50.49,400,
09:54:06,50.4993,100,
09:54:07,50.49,200,
09:54:07,50.49,200,
09:54:08,50.4807,350,
09:54:09,50.49,500,
09:54:09,50.48,100,
09:54:09,50.48,100,
09:54:09,50.48,100,
09:54:09,50.4883,5000,
09:54:11,50.49,200,
09:54:11,50.49,100,
09:54:13,50.48,800,
09:54:13,50.48,1600,
09:54:13,50.48,700,
09:54:13,50.48,1000,
09:54:13,50.47,1000,
09:54:13,50.48,100,
09:54:13,50.48,200,
09:54:13,50.48,600,
09:54:13,50.48,500,
09:54:13,50.48,100,
09:54:13,50.48,100,
09:54:13,50.48,900,
09:54:13,50.48,158,
09:54:13,50.48,200,
09:54:13,50.48,200,
09:54:13,50.48,200,
09:54:14,50.48,1630,
09:54:14,50.48,200,
09:54:14,50.48,1000,
09:54:14,50.48,100,
09:54:14,50.47,100,
09:54:14,50.47,800,
09:54:14,50.47,1700,
09:54:15,50.479,200,
09:54:16,50.48,100,
09:54:16,50.48,200,
09:54:16,50.48,100,
09:54:17,50.48,600,
09:54:19,50.47,200,
09:54:19,50.47,1600,
09:54:19,50.47,300,
09:54:21,50.4601,400,
09:54:22,50.46,100,
