09:30:01,56.86,400,
09:30:01,56.86,400,
09:30:01,56.86,400,
09:30:01,56.86,500,
09:30:01,56.86,500,
09:30:01,56.86,400,
09:30:01,56.86,100,
09:30:01,56.86,3876,
09:30:01,56.86,400,
09:30:01,56.86,400,
09:30:01,56.86,400,
09:30:01,56.86,500,
09:30:01,56.86,200,
09:30:01,56.86,500,
09:30:01,56.86,300,
09:30:01,56.86,500,
09:30:01,56.87,120,
09:30:01,56.87,500,
09:30:01,56.87,200,
09:30:01,56.88,240,
09:30:01,56.88,400,
09:30:01,56.88,500,
09:30:01,56.88,400,
09:30:01,56.88,400,
09:30:01,56.88,380,
09:30:01,56.88,500,
09:30:01,56.88,400,
09:30:01,56.88,200,
09:30:01,56.88,400,
09:30:01,56.88,160,
09:30:01,56.88,500,
09:30:01,56.88,500,
09:30:01,56.87,100,
09:30:01,56.87,289,
09:30:01,56.87,400,
09:30:01,56.87,400,
09:30:01,56.87,400,
09:30:01,56.87,289,
09:30:01,56.87,200,
09:30:01,56.86,200,
09:30:01,56.86,400,
09:30:01,56.86,200,
09:30:01,56.85,400,
09:30:01,56.85,400,
09:30:01,56.85,500,
09:30:01,56.83,300,
09:30:01,56.83,300,
09:30:01,56.83,200,
09:30:01,56.83,200,
09:30:01,56.83,1000,
09:30:01,56.83,300,
09:30:01,56.83,400,
09:30:01,56.83,2758,
09:30:01,56.83,510,
09:30:01,56.83,300,
09:30:01,56.86,100,
09:30:01,56.83,390,
09:30:01,56.86,100,
09:30:01,56.86,100,
09:30:01,56.86,100,
09:30:01,56.86,100,
09:30:01,56.83,365,
09:30:01,56.86,100,
09:30:01,56.869,100,
09:30:01,56.86,100,
09:30:01,56.869,200,
09:30:01,56.87,300,
09:30:01,56.87,200,
09:30:01,56.87,300,
09:30:01,56.869,300,
09:30:01,56.87,100,
09:30:01,56.87,200,
09:30:01,56.83,500,
09:30:01,56.87,133,
09:30:01,56.83,200,
09:30:01,56.84,200,
09:30:01,56.84,500,
09:30:01,56.84,200,
09:30:01,56.85,200,
09:30:01,56.85,400,
09:30:01,56.85,300,
09:30:01,56.85,100,
09:30:01,56.85,200,
09:30:01,56.85,100,
09:30:02,56.85,300,
09:30:02,56.85,300,
09:30:02,56.86,100,
09:30:02,56.86,4500,
09:30:02,56.86,1000,
09:30:02,56.86,1050,
09:30:02,56.86,900,
09:30:02,56.86,1500,
09:30:02,56.86,1000,
09:30:02,56.86,100,
09:30:02,56.86,100,
09:30:02,56.86,100,
09:30:02,56.86,7673,
09:30:02,56.86,7700,
09:30:02,56.86,100,
09:30:02,56.86,5000,
09:30:02,56.86,300,
09:30:02,56.86,250,
09:30:02,56.86,500,
09:30:02,56.86,200,
09:30:02,56.86,200,
09:30:02,56.86,1000,
09:30:02,56.86,227,
09:30:02,56.86,400,
09:30:02,56.86,100,
09:30:02,56.86,8761,
09:30:02,56.86,150,
09:30:02,56.86,500,
09:30:02,56.86,300,
09:30:02,56.86,500,
09:30:02,56.86,600,
09:30:02,56.86,5000,
09:30:02,56.86,300,
09:30:02,56.86,400,
09:30:02,56.86,5000,
09:30:02,56.86,150,
09:30:02,56.86,350,
09:30:02,56.86,100,
09:30:02,56.86,1000,
09:30:02,56.86,100,
09:30:02,56.86,400,
09:30:02,56.86,3500,
09:30:02,56.86,356,
09:30:02,56.86,190,
09:30:02,56.86,176,
09:30:02,56.86,200,
09:30:02,56.86,350,
09:30:02,56.86,995,
09:30:02,56.86,2042,
09:30:02,56.86,200,
09:30:02,56.86,600,
09:30:02,56.86,200,
09:30:02,56.86,500,
09:30:02,56.86,200,
09:30:02,56.86,200,
09:30:02,56.86,2100,
09:30:02,56.86,150,
09:30:02,56.86,100,
09:30:02,56.86,750,
09:30:02,56.86,200,
09:30:02,56.86,100,
09:30:02,56.86,200,
09:30:02,56.86,100,
09:30:02,56.86,100,
09:30:02,56.86,300,
09:30:02,56.86,1000,
09:30:02,56.86,1000,
09:30:02,56.86,100,
09:30:02,56.86,200,
09:30:02,56.86,200,
09:30:02,56.86,800,
09:30:02,56.86,110,
09:30:02,56.86,100,
09:30:02,56.86,3000,
09:30:02,56.86,176,
09:30:02,56.86,100,
09:30:02,56.86,426,
09:30:02,56.86,100,
09:30:02,56.86,125,
09:30:02,56.86,570,
09:30:02,56.86,2000,
09:30:02,56.86,100,
09:30:02,56.86,185,
09:30:02,56.86,200,
09:30:02,56.86,100,
09:30:02,56.86,450,
09:30:02,56.86,100,
09:30:02,56.86,1000,
09:30:02,56.86,2000,
09:30:02,56.86,400,
09:30:02,56.86,100,
09:30:02,56.86,300,
09:30:02,56.86,500,
09:30:02,56.86,100,
09:30:02,56.86,311,
09:30:02,56.86,1000,
09:30:02,56.86,221,
09:30:02,56.86,168,
09:30:02,56.86,400,
09:30:02,56.86,100,
09:30:02,56.86,1000,
09:30:02,56.86,200,
09:30:02,56.86,100,
09:30:02,56.86,700,
09:30:02,56.86,1200,
09:30:02,56.86,100,
09:30:02,56.86,200,
09:30:02,56.86,100,
09:30:02,56.86,170,
09:30:02,56.86,145,
09:30:02,56.86,200,
09:30:02,56.86,600,
09:30:02,56.86,439,
09:30:02,56.86,200,
09:30:02,56.86,800,
09:30:02,56.86,120,
09:30:02,56.86,1838,
09:30:02,56.86,450,
09:30:02,56.86,780,
09:30:02,56.86,5000,
09:30:02,56.86,600,
09:30:02,56.86,259,
09:30:02,56.86,100,
09:30:02,56.86,1000,
09:30:02,56.86,210,
09:30:02,56.86,400,
09:30:02,56.86,100,
09:30:02,56.86,900,
09:30:02,56.86,240,
09:30:02,56.86,200,
09:30:02,56.86,100,
09:30:02,56.86,400,
09:30:02,56.86,200,
09:30:02,56.85,500,
09:30:02,56.85,400,
09:30:02,56.85,400,
09:30:02,56.85,400,
09:30:02,56.85,400,
09:30:02,56.85,200,
09:30:02,56.85,400,
09:30:02,56.85,400,
09:30:02,56.85,400,
09:30:02,56.85,200,
09:30:02,56.85,200,
09:30:02,56.85,300,
09:30:02,56.85,500,
09:30:02,56.85,100,
09:30:02,56.85,500,
09:30:02,56.85,200,
09:30:02,56.85,400,
09:30:02,56.85,100,
09:30:02,56.85,200,
09:30:02,56.85,300,
09:30:02,56.85,100,
09:30:02,56.85,400,
09:30:02,56.85,400,
09:30:02,56.85,300,
09:30:02,56.85,100,
09:30:02,56.86,600,
09:30:02,56.86,500,
09:30:02,56.86,400,
09:30:02,56.86,400,
09:30:02,56.86,300,
09:30:02,56.87,400,
09:30:02,56.87,500,
09:30:02,56.87,370,
09:30:02,56.87,200,
09:30:02,56.87,400,
09:30:02,56.86,400,
09:30:02,56.86,400,
09:30:02,56.86,400,
09:30:02,56.86,400,
09:30:02,56.86,400,
09:30:02,56.86,200,
09:30:02,56.86,400,
09:30:02,56.86,400,
09:30:02,56.86,200,
09:30:02,56.86,100,
09:30:02,56.86,470,
09:30:02,56.86,500,
09:30:02,56.86,200,
09:30:02,56.86,400,
09:30:02,56.87,400,
09:30:02,56.87,330,
09:30:02,56.87,230,
09:30:02,56.87,400,
09:30:02,56.87,800,
09:30:02,56.87,330,
09:30:02,56.87,400,
09:30:02,56.87,100,
09:30:02,56.87,400,
09:30:02,56.86,200,
09:30:02,56.86,257,
09:30:02,56.86,300,
09:30:02,56.86,400,
09:30:02,56.86,400,
09:30:02,56.86,300,
09:30:02,56.86,943,
09:30:02,56.86,200,
09:30:03,56.87,200,
09:30:03,56.87,500,
09:30:03,56.86,300,
09:30:03,56.86,100,
09:30:03,56.86,1000,
09:30:03,56.86,400,
09:30:03,56.86,500,
09:30:03,56.86,100,
09:30:03,56.85,200,
09:30:03,56.86,100,
09:30:03,56.87,100,
09:30:03,56.87,100,
09:30:03,56.87,200,
09:30:03,56.87,100,
09:30:03,56.85,200,
09:30:03,56.85,146,
09:30:03,56.85,300,
09:30:03,56.85,400,
09:30:03,56.85,300,
09:30:03,56.85,400,
09:30:03,56.85,187,
09:30:03,56.85,400,
09:30:03,56.84,382,
09:30:03,56.84,400,
09:30:03,56.85,200,
09:30:03,56.85,118,
09:30:03,56.85,331,
09:30:03,56.87,700,
09:30:03,56.84,300,
09:30:03,56.84,300,
09:30:03,56.84,300,
09:30:03,56.83,100,
09:30:03,56.83,107,
09:30:03,56.83,300,
09:30:03,56.83,500,
09:30:04,56.83,300,
09:30:04,56.83,200,
09:30:04,56.83,500,
09:30:04,56.83,200,
09:30:04,56.83,200,
09:30:04,56.83,200,
09:30:04,56.86,400,
09:30:04,56.83,300,
09:30:04,56.83,338,
09:30:04,56.86,100,
09:30:04,56.82,500,
09:30:04,56.83,200,
09:30:04,56.82,400,
09:30:04,56.82,200,
09:30:04,56.82,500,
09:30:04,56.82,200,
09:30:04,56.82,400,
09:30:04,56.82,400,
09:30:04,56.82,400,
09:30:04,56.82,100,
09:30:04,56.82,500,
09:30:04,56.82,500,
09:30:04,56.82,100,
09:30:04,56.82,300,
09:30:04,56.82,100,
09:30:04,56.82,100,
09:30:04,56.82,200,
09:30:04,56.81,300,
09:30:04,56.81,388,
09:30:04,56.81,188,
09:30:04,56.81,300,
09:30:04,56.81,1075,
09:30:04,56.81,100,
09:30:04,56.81,500,
09:30:04,56.81,1300,
09:30:04,56.81,500,
09:30:04,56.81,100,
09:30:05,56.82,287,
09:30:05,56.82,500,
09:30:05,56.82,400,
09:30:05,56.83,283,
09:30:05,56.83,230,
09:30:05,56.83,300,
09:30:05,56.83,187,
09:30:05,56.83,400,
09:30:05,56.83,400,
09:30:05,56.84,256,
09:30:05,56.84,107,
09:30:05,56.84,400,
09:30:05,56.84,107,
09:30:05,56.84,400,
09:30:05,56.84,2144,
09:30:05,56.84,444,
09:30:05,56.84,1000,
09:30:05,56.84,165,
09:30:05,56.84,400,
09:30:05,56.84,400,
09:30:05,56.85,400,
09:30:05,56.84,500,
09:30:05,56.84,500,
09:30:05,56.84,346,
09:30:05,56.84,400,
09:30:05,56.85,500,
09:30:05,56.85,200,
09:30:05,56.85,400,
09:30:05,56.85,800,
09:30:05,56.85,1000,
09:30:05,56.85,200,
09:30:05,56.85,500,
09:30:05,56.85,200,
09:30:05,56.85,100,
09:30:05,56.84,226,
09:30:05,56.84,400,
09:30:05,56.84,400,
09:30:05,56.84,400,
09:30:05,56.84,500,
09:30:05,56.84,400,
09:30:05,56.84,226,
09:30:05,56.84,400,
09:30:05,56.84,400,
09:30:05,56.83,300,
09:30:05,56.83,200,
09:30:06,56.84,344,
09:30:06,56.84,372,
09:30:06,56.84,372,
09:30:06,56.84,200,
09:30:06,56.83,500,
09:30:06,56.83,200,
09:30:06,56.83,100,
09:30:06,56.83,200,
09:30:06,56.83,200,
09:30:06,56.84,200,
09:30:06,56.83,500,
09:30:06,56.83,100,
09:30:06,56.85,100,
09:30:07,56.83,500,
09:30:07,56.83,200,
09:30:07,56.84,4900,
09:30:08,56.84,200,
09:30:08,56.84,400,
09:30:09,56.86,100,
09:30:10,56.83,2600,
09:30:10,56.83,500,
09:30:10,56.83,200,
09:30:10,56.83,500,
09:30:10,56.869,200,
09:30:10,56.87,200,
09:30:11,56.8371,150,
09:30:11,56.83,300,
09:30:11,56.83,100,
09:30:11,56.83,400,
09:30:11,56.83,500,
09:30:11,56.83,500,
09:30:12,56.82,200,
09:30:12,56.82,400,
09:30:12,56.82,400,
09:30:12,56.82,100,
09:30:12,56.81,100,
09:30:12,56.81,200,
09:30:12,56.81,400,
09:30:12,56.81,400,
09:30:12,56.82,200,
09:30:12,56.82,400,
09:30:12,56.82,200,
09:30:12,56.82,200,
09:30:12,56.82,300,
09:30:12,56.82,200,
09:30:12,56.82,378,
09:30:13,56.81,200,
09:30:14,56.84,100,
09:30:15,56.82,400,
09:30:15,56.82,400,
09:30:15,56.82,353,
09:30:15,56.82,400,
09:30:15,56.82,500,
09:30:15,56.82,200,
09:30:15,56.82,500,
09:30:15,56.82,400,
09:30:15,56.82,400,
09:30:15,56.82,400,
09:30:15,56.82,374,
09:30:15,56.82,200,
09:30:15,56.82,100,
09:30:15,56.82,470,
09:30:15,56.82,3200,
09:30:15,56.82,200,
09:30:15,56.83,500,
09:30:16,56.83,100,
09:30:16,56.8337,500,
09:30:16,56.8333,200,
09:30:17,56.82,300,
09:30:17,56.82,100,
09:30:17,56.82,266,
09:30:17,56.82,260,
09:30:17,56.82,100,
09:30:18,56.84,400,
09:30:19,56.82,200,
09:30:19,56.82,6431,
09:30:20,56.82,200,
09:30:20,56.8601,2500,
09:30:21,56.8599,1000,
09:30:21,56.83,193,
09:30:21,56.83,200,
09:30:21,56.83,100,
09:30:22,56.82,500,
09:30:23,56.82,260,
09:30:23,56.82,1200,
09:30:23,56.82,100,
09:30:23,56.82,500,
09:30:23,56.82,146,
09:30:23,56.82,200,
09:30:24,56.81,100,
09:30:24,56.81,187,
09:30:24,56.81,200,
09:30:24,56.81,100,
09:30:24,56.81,200,
09:30:24,56.81,500,
09:30:24,56.81,400,
09:30:24,56.81,200,
09:30:24,56.81,100,
09:30:24,56.81,100,
09:30:24,56.81,300,
09:30:26,56.80,601,
09:30:26,56.80,3100,
09:30:26,56.80,100,
09:30:26,56.80,309,
09:30:26,56.80,100,
09:30:26,56.80,336,
09:30:26,56.81,1862,
09:30:27,56.81,100,
09:30:29,56.81,3315,
09:30:29,56.80,1630,
09:30:29,56.80,200,
09:30:29,56.80,200,
09:30:29,56.80,200,
09:30:31,56.80,200,
09:30:31,56.81,100,
09:30:32,56.80,100,
09:30:33,56.81,13300,
09:30:34,56.80,100,
09:30:35,56.81,2000,
09:30:35,56.8099,100,
09:30:35,56.80,400,
09:30:35,56.80,100,
09:30:37,56.805,100,
09:30:37,56.81,500,
09:30:37,56.81,100,
09:30:37,56.81,100,
09:30:40,56.80,109,
09:30:40,56.80,500,
09:30:40,56.80,200,
09:30:40,56.80,200,
09:30:46,56.80,400,
09:30:46,56.80,1000,
09:30:46,56.80,103,
09:30:51,56.81,400,
09:30:51,56.81,100,
09:30:54,56.81,100,
09:30:54,56.81,100,
09:30:54,56.81,200,
09:30:54,56.81,100,
09:30:55,56.80,500,
09:30:55,56.80,1130,
09:30:56,56.78,400,
09:30:56,56.7899,100,
09:30:56,56.79,200,
09:30:56,56.7899,200,
09:30:58,56.8001,2600,
09:30:59,56.82,300,
09:31:00,56.8215,400,
09:31:00,56.8201,100,
09:31:05,56.83,100,
09:31:05,56.83,200,
09:31:05,56.83,100,
09:31:05,56.8207,200,
09:31:05,56.8299,400,
09:31:06,56.83,399,
09:31:06,56.83,100,
09:31:06,56.83,100,
09:31:07,56.82,400,
09:31:08,56.83,300,
09:31:11,56.83,200,
09:31:11,56.83,200,
09:31:12,56.83,100,
09:31:13,56.84,200,
09:31:13,56.84,461,
09:31:14,56.84,100,
09:31:15,56.82,400,
09:31:15,56.82,1000,
09:31:15,56.82,500,
09:31:15,56.82,200,
09:31:15,56.82,7200,
09:31:15,56.81,100,
09:31:15,56.82,400,
09:31:15,56.82,200,
09:31:15,56.82,400,
09:31:18,56.82,100,
09:31:18,56.82,200,
09:31:18,56.83,100,
09:31:18,56.82,239,
09:31:18,56.82,200,
09:31:18,56.82,100,
09:31:18,56.84,300,
09:31:18,56.82,100,
09:31:18,56.83,100,
09:31:19,56.85,100,
09:31:19,56.85,100,
09:31:19,56.85,200,
09:31:19,56.85,200,
09:31:19,56.84,100,
09:31:19,56.85,300,
09:31:19,56.84,100,
09:31:22,56.84,100,
09:31:23,56.844,280,
09:31:24,56.86,300,
09:31:24,56.86,100,
09:31:24,56.86,100,
09:31:24,56.86,400,
09:31:24,56.86,400,
09:31:24,56.86,800,
09:31:24,56.86,400,
09:31:24,56.86,100,
09:31:25,56.86,100,
09:31:25,56.87,300,
09:31:25,56.87,400,
09:31:25,56.87,200,
09:31:25,56.87,300,
09:31:25,56.87,1630,
09:31:25,56.87,500,
09:31:25,56.87,500,
09:31:25,56.87,500,
09:31:25,56.87,200,
09:31:25,56.87,100,
09:31:25,56.87,11295,
09:31:25,56.88,1292,
09:31:25,56.88,200,
09:31:25,56.88,400,
09:31:25,56.88,200,
09:31:25,56.88,1630,
09:31:25,56.88,1000,
09:31:25,56.88,400,
09:31:25,56.87,800,
09:31:25,56.87,500,
09:31:25,56.87,300,
09:31:25,56.87,100,
09:31:25,56.84,100,
09:31:26,56.84,100,
09:31:27,56.85,300,
09:31:27,56.8499,500,
09:31:27,56.8499,700,
09:31:30,56.86,200,
09:31:30,56.86,400,
09:31:30,56.855,100,
09:31:30,56.86,100,
09:31:30,56.86,200,
09:31:30,56.86,400,
09:31:32,56.86,200,
09:31:34,56.86,200,
09:31:34,56.86,100,
09:31:36,56.85,400,
09:31:36,56.85,200,
09:31:36,56.85,300,
09:31:37,56.85,400,
09:31:37,56.85,500,
09:31:37,56.85,200,
09:31:37,56.85,200,
09:31:37,56.86,500,
09:31:37,56.86,1000,
09:31:37,56.85,500,
09:31:37,56.85,100,
09:31:37,56.83,200,
09:31:37,56.84,200,
09:31:38,56.83,100,
09:31:39,56.84,360,
09:31:39,56.83,200,
09:31:40,56.84,400,
09:31:40,56.84,2100,
09:31:40,56.84,100,
09:31:40,56.85,500,
09:31:40,56.84,200,
09:31:41,56.85,196,
09:31:43,56.83,300,
09:31:45,56.8337,100,
09:31:46,56.83,1000,
09:31:47,56.824,3000,
09:31:47,56.83,200,
09:31:47,56.84,500,
09:31:49,56.82,200,
09:31:50,56.81,100,
09:31:50,56.82,100,
09:31:50,56.82,300,
09:31:50,56.82,400,
09:31:50,56.82,200,
09:31:50,56.82,100,
09:31:50,56.81,100,
09:31:50,56.80,500,
09:31:50,56.80,500,
09:31:50,56.80,200,
09:31:50,56.80,100,
09:31:51,56.80,800,
09:31:51,56.81,700,
09:31:51,56.81,113,
09:31:53,56.81,200,
09:31:53,56.81,200,
09:31:53,56.81,200,
09:31:53,56.81,100,
09:31:53,56.81,300,
09:31:53,56.81,400,
09:31:53,56.81,129,
09:31:53,56.81,200,
09:31:53,56.81,200,
09:31:53,56.81,303,
09:31:53,56.81,100,
09:31:53,56.81,200,
09:31:53,56.81,200,
09:31:53,56.81,100,
09:31:53,56.80,100,
09:31:53,56.80,800,
09:31:53,56.79,1000,
09:31:54,56.7929,100,
09:31:55,56.80,200,
09:31:55,56.80,152,
09:31:56,56.80,100,
09:31:56,56.80,100,
09:31:56,56.80,100,
09:31:57,56.80,200,
09:31:57,56.80,500,
09:31:57,56.80,500,
09:31:57,56.79,1000,
09:31:58,56.79,800,
09:31:58,56.80,200,
09:31:59,56.78,200,
09:31:59,56.78,300,
09:31:59,56.78,100,
09:31:59,56.78,200,
09:31:59,56.78,500,
09:31:59,56.78,1630,
09:31:59,56.78,300,
09:31:59,56.78,500,
09:31:59,56.78,500,
09:31:59,56.78,150,
09:31:59,56.78,3300,
09:32:01,56.77,500,
09:32:01,56.77,600,
09:32:01,56.77,500,
09:32:01,56.76,800,
09:32:01,56.76,200,
09:32:01,56.77,200,
09:32:01,56.765,200,
09:32:04,56.7672,1000,
09:32:04,56.76,100,
09:32:04,56.76,100,
09:32:05,56.77,100,
09:32:05,56.77,200,
09:32:05,56.77,200,
09:32:05,56.77,100,
09:32:05,56.7699,1000,
09:32:06,56.76,200,
09:32:06,56.75,100,
09:32:06,56.75,200,
09:32:06,56.76,100,
09:32:07,56.76,200,
09:32:07,56.76,700,
09:32:07,56.76,300,
09:32:08,56.7505,600,
09:32:09,56.75,100,
09:32:09,56.75,100,
09:32:09,56.75,100,
09:32:10,56.75,100,
09:32:10,56.76,500,
09:32:10,56.76,200,
09:32:10,56.76,100,
09:32:10,56.76,200,
09:32:10,56.76,200,
09:32:10,56.76,400,
09:32:10,56.76,135,
09:32:10,56.76,265,
09:32:10,56.76,200,
09:32:10,56.76,1000,
09:32:10,56.7575,100,
09:32:10,56.76,100,
09:32:10,56.76,100,
09:32:10,56.76,300,
09:32:10,56.76,200,
09:32:10,56.76,1000,
09:32:10,56.76,600,
09:32:10,56.76,124,
09:32:10,56.76,200,
09:32:10,56.755,100,
09:32:10,56.77,100,
09:32:10,56.78,100,
09:32:10,56.78,200,
09:32:10,56.77,200,
09:32:12,56.77,200,
09:32:12,56.77,100,
09:32:12,56.77,300,
09:32:12,56.78,100,
09:32:12,56.775,100,
09:32:13,56.77,100,
09:32:14,56.78,200,
09:32:14,56.77,200,
09:32:14,56.77,100,
09:32:15,56.7799,100,
09:32:17,56.775,300,
09:32:18,56.78,200,
09:32:18,56.775,300,
09:32:19,56.77,200,
09:32:19,56.77,200,
09:32:20,56.77,100,
09:32:20,56.77,100,
09:32:20,56.77,100,
09:32:20,56.77,200,
09:32:20,56.77,200,
09:32:20,56.77,300,
09:32:20,56.76,100,
09:32:20,56.76,200,
09:32:20,56.76,200,
09:32:20,56.76,100,
09:32:20,56.76,100,
09:32:20,56.76,100,
09:32:20,56.76,300,
09:32:21,56.76,100,
09:32:21,56.76,200,
09:32:21,56.75,400,
09:32:21,56.75,100,
09:32:22,56.75,100,
09:32:23,56.75,200,
09:32:23,56.75,100,
09:32:25,56.75,500,
09:32:25,56.75,200,
09:32:25,56.75,400,
09:32:25,56.74,400,
09:32:25,56.75,100,
09:32:26,56.75,100,
09:32:27,56.75,100,
09:32:28,56.74,100,
09:32:28,56.74,200,
09:32:29,56.7405,600,
09:32:30,56.74,100,
09:32:30,56.74,100,
09:32:31,56.75,200,
09:32:32,56.73,400,
09:32:32,56.73,100,
09:32:32,56.73,200,
09:32:32,56.73,100,
09:32:32,56.73,100,
09:32:32,56.73,100,
09:32:32,56.73,100,
09:32:32,56.73,200,
09:32:32,56.73,300,
09:32:32,56.73,100,
09:32:32,56.73,200,
09:32:32,56.73,700,
09:32:32,56.73,800,
09:32:32,56.73,200,
09:32:32,56.73,100,
09:32:33,56.73,100,
09:32:34,56.73,800,
09:32:34,56.72,100,
09:32:34,56.72,400,
09:32:34,56.72,200,
09:32:34,56.72,100,
09:32:34,56.72,200,
09:32:34,56.72,100,
09:32:37,56.73,100,
09:32:37,56.73,100,
09:32:39,56.72,100,
09:32:39,56.72,100,
09:32:39,56.73,200,
09:32:39,56.74,100,
09:32:39,56.75,500,
09:32:40,56.74,200,
09:32:41,56.7419,200,
09:32:43,56.74,200,
09:32:43,56.74,200,
09:32:44,56.75,100,
09:32:44,56.75,200,
09:32:45,56.75,400,
09:32:46,56.7319,100,
09:32:47,56.74,200,
09:32:47,56.74,500,
09:32:47,56.74,400,
09:32:47,56.75,500,
09:32:47,56.75,100,
09:32:48,56.73,100,
09:32:48,56.73,100,
09:32:49,56.7496,200,
09:32:49,56.7475,100,
09:32:50,56.74,500,
09:32:50,56.735,100,
09:32:50,56.735,100,
09:32:50,56.75,100,
09:32:50,56.74,100,
09:32:51,56.7425,400,
09:32:51,56.74,100,
09:32:51,56.74,100,
09:32:51,56.7305,1000,
09:32:52,56.73,100,
09:32:52,56.73,100,
09:32:52,56.73,100,
09:32:53,56.74,100,
09:32:53,56.735,100,
09:32:53,56.74,100,
09:32:53,56.735,100,
09:32:54,56.74,100,
09:32:54,56.74,300,
09:32:54,56.74,200,
09:32:54,56.74,400,
09:32:54,56.74,100,
09:32:54,56.74,100,
09:32:54,56.74,300,
09:32:55,56.74,100,
09:32:55,56.74,100,
09:32:55,56.74,100,
09:32:55,56.74,100,
09:32:56,56.75,100,
09:32:56,56.75,200,
09:32:57,56.74,100,
09:32:57,56.74,100,
09:32:58,56.75,100,
09:32:58,56.75,500,
09:32:58,56.745,200,
09:32:58,56.75,100,
09:32:58,56.745,400,
09:32:58,56.75,858,
09:32:59,56.75,200,
09:32:59,56.76,100,
09:32:59,56.76,200,
09:33:00,56.75,1600,
09:33:00,56.764,100,
09:33:00,56.76,273,
09:33:00,56.78,100,
09:33:00,56.78,200,
09:33:01,56.78,200,
09:33:01,56.78,1000,
09:33:03,56.77,100,
09:33:03,56.77,100,
09:33:04,56.78,400,
09:33:04,56.775,100,
09:33:04,56.78,100,
09:33:04,56.78,100,
09:33:04,56.78,100,
09:33:04,56.78,100,
09:33:04,56.79,400,
09:33:05,56.78,300,
09:33:05,56.78,300,
09:33:05,56.78,500,
09:33:05,56.78,200,
09:33:05,56.78,500,
09:33:05,56.78,400,
09:33:05,56.78,800,
09:33:05,56.78,800,
09:33:06,56.78,200,
09:33:06,56.79,100,
09:33:06,56.79,100,
09:33:06,56.79,200,
09:33:06,56.79,6328,
09:33:06,56.79,500,
09:33:06,56.79,200,
09:33:06,56.79,1630,
09:33:06,56.79,600,
09:33:06,56.79,500,
09:33:06,56.79,400,
09:33:06,56.79,300,
09:33:06,56.79,200,
09:33:06,56.78,100,
09:33:06,56.78,100,
09:33:06,56.78,300,
09:33:06,56.78,300,
09:33:06,56.78,100,
09:33:06,56.7825,400,
09:33:06,56.78,300,
09:33:07,56.7825,100,
09:33:07,56.76,100,
09:33:07,56.76,200,
09:33:07,56.765,400,
09:33:07,56.76,100,
09:33:07,56.76,200,
09:33:08,56.76,200,
09:33:08,56.76,200,
09:33:08,56.76,500,
09:33:08,56.75,200,
09:33:08,56.75,500,
09:33:08,56.75,100,
09:33:08,56.75,100,
09:33:09,56.75,400,
09:33:09,56.76,400,
09:33:09,56.76,100,
09:33:09,56.76,200,
09:33:09,56.76,300,
09:33:12,56.76,200,
09:33:12,56.76,400,
09:33:12,56.76,500,
09:33:12,56.76,200,
09:33:12,56.76,500,
09:33:12,56.7625,3500,
09:33:12,56.76,100,
09:33:12,56.755,100,
09:33:12,56.75,100,
09:33:12,56.75,100,
09:33:12,56.76,300,
09:33:12,56.76,1200,
09:33:12,56.76,100,
09:33:12,56.76,300,
09:33:12,56.76,500,
09:33:12,56.76,100,
09:33:12,56.76,200,
09:33:12,56.76,200,
09:33:12,56.76,200,
09:33:12,56.76,1392,
09:33:12,56.76,100,
09:33:13,56.76,100,
09:33:13,56.77,500,
09:33:13,56.77,500,
09:33:13,56.77,100,
09:33:13,56.77,100,
09:33:13,56.77,770,
09:33:14,56.76,1400,
09:33:14,56.755,300,
09:33:16,56.76,200,
09:33:16,56.76,200,
09:33:17,56.75,200,
09:33:17,56.75,100,
09:33:17,56.76,600,
09:33:17,56.755,100,
09:33:17,56.76,300,
09:33:17,56.76,100,
09:33:17,56.76,200,
09:33:18,56.76,100,
09:33:19,56.76,100,
09:33:19,56.76,100,
09:33:19,56.76,100,
09:33:21,56.75,200,
09:33:21,56.75,100,
09:33:22,56.75,100,
09:33:22,56.75,100,
09:33:23,56.75,2760,
09:33:23,56.75,100,
09:33:23,56.75,100,
09:33:23,56.74,100,
09:33:23,56.74,100,
09:33:25,56.74,100,
09:33:25,56.74,200,
09:33:25,56.75,100,
09:33:25,56.75,100,
09:33:25,56.75,600,
09:33:25,56.75,6925,
09:33:25,56.745,100,
09:33:27,56.7525,100,
09:33:27,56.75,100,
09:33:27,56.745,100,
09:33:27,56.755,100,
09:33:27,56.76,100,
09:33:27,56.75,400,
09:33:27,56.75,460,
09:33:28,56.74,100,
09:33:30,56.74,100,
09:33:31,56.73,100,
09:33:31,56.73,400,
09:33:31,56.73,100,
09:33:31,56.73,414,
09:33:31,56.73,150,
09:33:32,56.72,200,
09:33:32,56.72,100,
09:33:32,56.72,100,
09:33:33,56.7272,100,
09:33:33,56.725,100,
09:33:33,56.729,300,
09:33:35,56.725,100,
09:33:35,56.72,100,
09:33:35,56.72,100,
09:33:36,56.74,200,
09:33:36,56.725,100,
09:33:36,56.74,100,
09:33:36,56.74,100,
09:33:37,56.73,100,
09:33:37,56.725,100,
09:33:37,56.725,100,
09:33:37,56.725,100,
09:33:37,56.725,100,
09:33:38,56.73,100,
09:33:38,56.73,100,
09:33:38,56.725,200,
09:33:40,56.73,100,
09:33:40,56.73,100,
09:33:41,56.72,100,
09:33:42,56.72,200,
09:33:42,56.72,100,
09:33:42,56.74,3254,
09:33:42,56.74,200,
09:33:42,56.74,1000,
09:33:42,56.74,200,
09:33:42,56.74,12200,
09:33:42,56.74,500,
09:33:42,56.74,300,
09:33:42,56.74,200,
09:33:42,56.74,111,
09:33:42,56.74,500,
09:33:42,56.74,500,
09:33:42,56.74,200,
09:33:42,56.725,100,
09:33:42,56.74,100,
09:33:42,56.74,402,
09:33:42,56.735,100,
09:33:42,56.74,300,
09:33:42,56.75,510,
09:33:42,56.75,100,
09:33:42,56.75,290,
09:33:42,56.75,400,
09:33:42,56.75,800,
09:33:42,56.75,800,
09:33:42,56.74,800,
09:33:42,56.74,100,
09:33:42,56.74,200,
09:33:42,56.74,300,
09:33:42,56.74,405,
09:33:42,56.74,200,
09:33:42,56.74,200,
09:33:42,56.74,169,
09:33:42,56.74,200,
09:33:43,56.74,360,
09:33:43,56.74,600,
09:33:43,56.74,500,
09:33:43,56.735,100,
09:33:43,56.74,200,
09:33:44,56.73,169,
09:33:46,56.74,100,
09:33:46,56.75,600,
09:33:46,56.745,100,
09:33:46,56.76,200,
09:33:46,56.75,400,
09:33:46,56.76,200,
09:33:46,56.76,200,
09:33:46,56.75,300,
09:33:46,56.75,200,
09:33:46,56.75,169,
09:33:46,56.75,100,
09:33:46,56.75,300,
09:33:46,56.75,200,
09:33:46,56.75,200,
09:33:46,56.75,400,
09:33:47,56.75,100,
09:33:47,56.7582,400,
09:33:47,56.75,300,
09:33:48,56.75,100,
09:33:48,56.75,100,
09:33:49,56.75,100,
09:33:49,56.7525,4000,
09:33:50,56.76,1200,
09:33:50,56.76,200,
09:33:50,56.75,100,
09:33:51,56.76,200,
09:33:51,56.76,100,
09:33:52,56.76,100,
09:33:53,56.7626,1300,
09:33:53,56.77,500,
09:33:53,56.77,269,
09:33:54,56.77,100,
09:33:54,56.77,100,
09:33:55,56.77,100,
09:33:55,56.77,100,
09:33:55,56.77,300,
09:33:55,56.78,300,
09:33:55,56.79,100,
09:33:56,56.7933,300,
09:33:56,56.80,100,
09:33:56,56.79,200,
09:33:56,56.79,200,
09:33:56,56.80,200,
09:33:57,56.80,300,
09:33:57,56.80,200,
09:33:57,56.79,100,
09:33:57,56.79,100,
09:33:57,56.79,800,
09:33:57,56.79,100,
09:33:57,56.79,100,
09:33:57,56.78,395,
09:33:57,56.78,400,
09:33:57,56.78,100,
09:33:57,56.78,200,
09:33:57,56.78,300,
09:33:57,56.78,100,
09:33:57,56.78,300,
09:33:57,56.78,200,
09:33:58,56.78,500,
09:33:58,56.78,100,
09:33:58,56.78,100,
09:33:59,56.78,100,
09:34:01,56.77,151,
09:34:02,56.78,500,
09:34:03,56.7783,500,
09:34:03,56.779,1000,
09:34:04,56.78,400,
09:34:05,56.78,200,
09:34:06,56.78,536,
09:34:06,56.78,100,
09:34:06,56.78,800,
09:34:06,56.79,600,
09:34:07,56.77,700,
09:34:07,56.77,100,
09:34:10,56.77,100,
09:34:14,56.76,100,
09:34:14,56.76,700,
09:34:14,56.75,100,
09:34:16,56.74,1400,
09:34:16,56.74,100,
09:34:16,56.74,500,
09:34:17,56.74,100,
09:34:19,56.74,100,
09:34:19,56.73,200,
09:34:21,56.7301,5000,
09:34:23,56.75,200,
09:34:23,56.75,200,
09:34:25,56.75,200,
09:34:26,56.75,300,
09:34:26,56.75,500,
09:34:26,56.75,500,
09:34:26,56.7501,300,
09:34:26,56.75,200,
09:34:27,56.74,200,
09:34:27,56.74,800,
09:34:27,56.74,100,
09:34:28,56.74,100,
09:34:29,56.75,1000,
09:34:32,56.75,200,
09:34:34,56.76,100,
09:34:34,56.75,100,
09:34:34,56.74,200,
09:34:35,56.73,100,
09:34:37,56.74,200,
09:34:37,56.74,381,
09:34:39,56.74,300,
09:34:40,56.7401,100,
09:34:40,56.73,2400,
09:34:42,56.75,100,
09:34:43,56.73,1000,
09:34:43,56.76,200,
09:34:43,56.76,400,
09:34:43,56.77,200,
09:34:43,56.77,200,
09:34:43,56.77,300,
09:34:45,56.76,200,
09:34:47,56.7737,100,
09:34:48,56.77,500,
09:34:49,56.7716,550,
09:34:49,56.77,200,
09:34:49,56.77,300,
09:34:50,56.78,168,
09:34:50,56.79,200,
09:34:50,56.80,100,
09:34:50,56.80,200,
09:34:50,56.78,100,
09:34:51,56.80,100,
09:34:51,56.80,100,
09:34:52,56.80,500,
09:34:52,56.80,100,
09:34:53,56.80,331,
09:34:53,56.79,100,
09:34:53,56.78,400,
09:34:55,56.79,100,
09:34:55,56.7899,200,
09:34:57,56.78,200,
09:34:57,56.78,300,
09:34:59,56.79,299,
09:34:59,56.79,500,
09:34:59,56.79,200,
09:34:59,56.79,200,
09:34:59,56.79,100,
09:35:00,56.79,100,
09:35:00,56.79,200,
09:35:00,56.79,300,
09:35:01,56.79,200,
09:35:01,56.79,100,
09:35:01,56.79,744,
09:35:01,56.79,100,
09:35:02,56.79,200,
09:35:02,56.79,100,
09:35:02,56.78,100,
09:35:02,56.78,100,
09:35:02,56.78,100,
09:35:02,56.78,100,
09:35:02,56.78,400,
09:35:02,56.78,100,
09:35:05,56.77,200,
09:35:05,56.77,100,
09:35:05,56.79,100,
09:35:05,56.79,200,
09:35:05,56.79,300,
09:35:05,56.79,500,
09:35:06,56.78,100,
09:35:08,56.80,100,
09:35:08,56.80,100,
09:35:08,56.80,300,
09:35:08,56.80,200,
09:35:08,56.79,200,
09:35:08,56.80,300,
09:35:10,56.80,300,
09:35:10,56.80,200,
09:35:10,56.80,500,
09:35:10,56.80,200,
09:35:10,56.80,300,
09:35:11,56.79,100,
09:35:13,56.79,100,
09:35:13,56.79,300,
09:35:13,56.79,500,
09:35:13,56.79,300,
09:35:13,56.79,300,
09:35:13,56.79,100,
09:35:13,56.79,500,
09:35:14,56.79,100,
09:35:15,56.79,200,
09:35:17,56.79,100,
09:35:17,56.79,200,
09:35:17,56.78,200,
09:35:17,56.78,100,
09:35:17,56.78,100,
09:35:19,56.77,100,
09:35:21,56.77,100,
09:35:21,56.77,100,
09:35:21,56.78,200,
09:35:21,56.78,8100,
09:35:21,56.78,2100,
09:35:21,56.78,1500,
09:35:21,56.78,800,
09:35:21,56.78,800,
09:35:21,56.78,100,
09:35:21,56.78,400,
09:35:21,56.78,200,
09:35:21,56.78,200,
09:35:21,56.78,100,
09:35:22,56.79,100,
09:35:22,56.80,200,
09:35:22,56.80,100,
09:35:22,56.80,314,
09:35:22,56.80,200,
09:35:22,56.80,100,
09:35:23,56.80,200,
09:35:23,56.80,200,
09:35:23,56.80,500,
09:35:23,56.79,200,
09:35:23,56.80,100,
09:35:23,56.80,200,
09:35:24,56.80,200,
09:35:24,56.79,400,
09:35:25,56.78,100,
09:35:25,56.78,200,
09:35:25,56.78,100,
09:35:25,56.78,232,
09:35:26,56.78,100,
09:35:26,56.78,200,
09:35:26,56.78,100,
09:35:26,56.78,100,
09:35:28,56.78,500,
09:35:28,56.78,100,
09:35:28,56.79,100,
09:35:28,56.79,300,
09:35:29,56.79,800,
09:35:29,56.79,200,
09:35:29,56.79,800,
09:35:29,56.79,400,
09:35:29,56.79,100,
09:35:29,56.79,400,
09:35:29,56.78,200,
09:35:29,56.78,100,
09:35:30,56.79,100,
09:35:30,56.79,200,
09:35:30,56.78,100,
09:35:31,56.79,600,
09:35:31,56.78,600,
09:35:31,56.78,100,
09:35:32,56.78,200,
09:35:32,56.78,100,
09:35:32,56.7701,100,
09:35:34,56.78,200,
09:35:34,56.78,100,
09:35:35,56.77,200,
09:35:35,56.77,300,
09:35:35,56.77,2053,
09:35:35,56.77,500,
09:35:35,56.77,500,
09:35:35,56.77,313,
09:35:35,56.77,100,
09:35:35,56.77,800,
09:35:35,56.77,147,
09:35:35,56.76,200,
09:35:35,56.76,100,
09:35:35,56.76,100,
09:35:35,56.77,100,
09:35:36,56.75,200,
09:35:36,56.75,600,
09:35:36,56.75,400,
09:35:36,56.74,100,
09:35:36,56.74,200,
09:35:37,56.7429,300,
09:35:37,56.74,100,
09:35:39,56.74,400,
09:35:39,56.74,600,
09:35:39,56.74,200,
09:35:40,56.74,400,
09:35:41,56.73,400,
09:35:41,56.73,100,
09:35:41,56.73,200,
09:35:41,56.73,400,
09:35:41,56.73,400,
09:35:41,56.72,300,
09:35:41,56.73,100,
09:35:41,56.73,800,
09:35:41,56.73,500,
09:35:41,56.73,200,
09:35:41,56.73,400,
09:35:41,56.73,500,
09:35:41,56.73,200,
09:35:41,56.73,400,
09:35:41,56.73,100,
09:35:41,56.73,200,
09:35:41,56.73,100,
09:35:41,56.73,300,
09:35:41,56.73,100,
09:35:41,56.73,100,
09:35:41,56.73,400,
09:35:42,56.73,100,
09:35:42,56.73,100,
09:35:42,56.73,200,
09:35:42,56.73,400,
09:35:42,56.73,400,
09:35:42,56.73,100,
09:35:42,56.73,300,
09:35:42,56.73,100,
09:35:42,56.73,200,
09:35:42,56.73,600,
09:35:42,56.73,100,
09:35:43,56.73,300,
09:35:43,56.73,600,
09:35:44,56.74,100,
09:35:44,56.74,100,
09:35:44,56.73,447,
09:35:46,56.74,200,
09:35:47,56.73,400,
09:35:47,56.73,200,
09:35:47,56.73,300,
09:35:47,56.72,213,
09:35:47,56.72,100,
09:35:47,56.72,100,
09:35:47,56.72,700,
09:35:47,56.72,300,
09:35:48,56.73,200,
09:35:48,56.73,300,
09:35:48,56.73,400,
09:35:48,56.73,481,
09:35:48,56.73,600,
09:35:49,56.73,300,
09:35:49,56.74,600,
09:35:50,56.75,200,
09:35:50,56.7499,100,
09:35:50,56.75,100,
09:35:50,56.74,100,
09:35:50,56.73,800,
09:35:51,56.73,400,
09:35:52,56.74,200,
09:35:54,56.74,100,
09:35:55,56.74,200,
09:35:56,56.73,400,
09:35:56,56.74,600,
09:35:57,56.74,500,
09:35:58,56.7399,100,
09:35:58,56.73,190,
09:35:58,56.73,800,
09:35:58,56.73,200,
09:35:58,56.73,300,
09:35:58,56.73,400,
09:35:58,56.73,200,
09:35:58,56.73,100,
09:35:58,56.73,100,
09:35:58,56.73,200,
09:35:58,56.73,100,
09:35:58,56.73,400,
09:35:58,56.73,100,
09:35:58,56.73,200,
09:35:58,56.73,100,
09:35:58,56.73,100,
09:36:00,56.74,100,
09:36:01,56.73,200,
09:36:01,56.73,470,
09:36:01,56.73,600,
09:36:01,56.74,200,
09:36:01,56.74,200,
09:36:01,56.74,355,
09:36:01,56.74,100,
09:36:02,56.73,600,
09:36:03,56.73,600,
09:36:03,56.7299,100,
09:36:04,56.7216,500,
09:36:05,56.73,600,
09:36:05,56.73,335,
09:36:06,56.73,100,
09:36:06,56.73,1000,
09:36:08,56.72,600,
09:36:09,56.72,600,
09:36:10,56.73,600,
09:36:10,56.74,600,
09:36:10,56.74,100,
09:36:11,56.74,200,
09:36:11,56.74,200,
09:36:11,56.74,457,
09:36:11,56.74,400,
09:36:11,56.74,200,
09:36:11,56.74,1630,
09:36:11,56.74,300,
09:36:11,56.74,200,
09:36:11,56.74,200,
09:36:12,56.74,300,
09:36:13,56.75,100,
09:36:13,56.75,100,
09:36:14,56.75,800,
09:36:15,56.7501,100,
09:36:16,56.76,100,
09:36:17,56.75,600,
09:36:17,56.75,100,
09:36:17,56.75,100,
09:36:18,56.76,200,
09:36:18,56.76,600,
09:36:18,56.76,100,
09:36:18,56.76,122,
09:36:18,56.76,500,
09:36:18,56.76,678,
09:36:20,56.7514,100,
09:36:20,56.74,100,
09:36:20,56.74,100,
09:36:20,56.74,100,
09:36:21,56.74,290,
09:36:21,56.75,200,
09:36:21,56.75,200,
09:36:23,56.75,100,
09:36:25,56.75,200,
09:36:25,56.76,500,
09:36:25,56.76,100,
09:36:26,56.76,100,
09:36:27,56.75,300,
09:36:27,56.75,200,
09:36:27,56.76,100,
09:36:27,56.76,1100,
09:36:27,56.76,500,
09:36:27,56.76,445,
09:36:27,56.76,200,
09:36:27,56.76,200,
09:36:27,56.76,200,
09:36:27,56.76,500,
09:36:27,56.76,200,
09:36:27,56.76,300,
09:36:27,56.76,300,
09:36:27,56.76,400,
09:36:27,56.76,600,
09:36:27,56.76,1630,
09:36:27,56.76,3300,
09:36:27,56.76,100,
09:36:27,56.76,2100,
09:36:27,56.76,12200,
09:36:27,56.76,200,
09:36:27,56.76,200,
09:36:28,56.76,100,
09:36:28,56.77,200,
09:36:28,56.77,100,
09:36:28,56.77,100,
09:36:28,56.77,1600,
09:36:28,56.77,400,
09:36:28,56.77,100,
09:36:28,56.75,500,
09:36:29,56.77,600,
09:36:29,56.77,120,
09:36:29,56.77,280,
09:36:29,56.76,200,
09:36:29,56.76,300,
09:36:29,56.76,200,
09:36:29,56.77,200,
09:36:30,56.77,600,
09:36:31,56.779,1500,
09:36:32,56.77,200,
09:36:32,56.77,542,
09:36:32,56.76,200,
09:36:32,56.77,1100,
09:36:32,56.77,100,
09:36:32,56.77,300,
09:36:32,56.77,1630,
09:36:32,56.77,200,
09:36:32,56.77,400,
09:36:32,56.77,200,
09:36:32,56.77,300,
09:36:32,56.77,200,
09:36:32,56.77,400,
09:36:32,56.77,600,
09:36:32,56.77,684,
09:36:32,56.77,100,
09:36:32,56.78,100,
09:36:33,56.78,400,
09:36:33,56.78,100,
09:36:33,56.78,100,
09:36:33,56.78,400,
09:36:33,56.78,400,
09:36:33,56.78,300,
09:36:33,56.78,304,
09:36:34,56.78,200,
09:36:34,56.78,100,
09:36:34,56.78,300,
09:36:34,56.78,200,
09:36:34,56.7899,200,
09:36:35,56.78,100,
09:36:35,56.78,100,
09:36:35,56.78,300,
09:36:35,56.78,300,
09:36:36,56.78,1000,
09:36:36,56.78,500,
09:36:36,56.78,400,
09:36:36,56.78,600,
09:36:36,56.78,200,
09:36:36,56.77,100,
09:36:37,56.79,1600,
09:36:40,56.78,289,
09:36:42,56.78,200,
09:36:42,56.78,100,
09:36:43,56.77,500,
09:36:44,56.77,200,
09:36:44,56.78,200,
09:36:44,56.7799,500,
09:36:44,56.78,100,
09:36:46,56.769,100,
09:36:46,56.76,100,
09:36:48,56.76,200,
09:36:48,56.76,100,
09:36:48,56.76,100,
09:36:48,56.76,200,
09:36:50,56.76,500,
09:36:52,56.76,500,
09:36:54,56.76,100,
09:36:55,56.77,400,
09:36:56,56.7737,100,
09:36:59,56.779,600,
09:36:59,56.78,500,
09:37:01,56.778,2400,
09:37:04,56.78,185,
09:37:04,56.78,600,
09:37:05,56.779,100,
09:37:05,56.77,500,
09:37:06,56.77,600,
09:37:08,56.77,100,
09:37:11,56.78,100,
09:37:12,56.78,400,
09:37:12,56.78,1200,
09:37:13,56.78,100,
09:37:14,56.77,100,
09:37:14,56.77,200,
09:37:14,56.77,500,
09:37:14,56.76,100,
09:37:14,56.76,172,
09:37:14,56.76,100,
09:37:14,56.76,332,
09:37:14,56.77,800,
09:37:16,56.76,228,
09:37:16,56.76,172,
09:37:17,56.76,600,
09:37:17,56.76,200,
09:37:18,56.75,400,
09:37:20,56.76,600,
09:37:21,56.76,200,
09:37:25,56.78,400,
09:37:25,56.78,500,
09:37:25,56.78,600,
09:37:25,56.78,800,
09:37:25,56.78,400,
09:37:25,56.78,100,
09:37:25,56.78,500,
09:37:25,56.78,200,
09:37:25,56.78,600,
09:37:25,56.761,1000,
09:37:25,56.78,373,
09:37:28,56.7819,200,
09:37:30,56.78,100,
09:37:32,56.77,472,
09:37:33,56.77,1630,
09:37:33,56.77,200,
09:37:33,56.78,100,
09:37:33,56.78,200,
09:37:33,56.78,400,
09:37:34,56.771,1100,
09:37:34,56.771,1200,
09:37:35,56.76,200,
09:37:36,56.76,100,
09:37:36,56.76,600,
09:37:36,56.76,284,
09:37:36,56.76,100,
09:37:36,56.76,100,
09:37:40,56.7588,100,
09:37:44,56.759,100,
09:37:44,56.75,100,
09:37:45,56.75,240,
09:37:45,56.75,600,
09:37:45,56.75,1200,
09:37:45,56.75,2200,
09:37:45,56.75,400,
09:37:45,56.75,100,
09:37:45,56.75,500,
09:37:45,56.75,100,
09:37:48,56.75,200,
09:37:48,56.75,300,
09:37:52,56.75,100,
09:37:53,56.75,400,
09:37:57,56.76,600,
09:37:57,56.76,200,
09:37:57,56.76,300,
09:37:57,56.76,600,
09:37:57,56.76,500,
09:37:57,56.76,400,
09:37:57,56.76,150,
09:38:01,56.75,400,
09:38:03,56.74,100,
09:38:05,56.73,200,
09:38:05,56.73,100,
09:38:06,56.74,600,
09:38:07,56.74,100,
09:38:07,56.75,163,
09:38:07,56.76,240,
09:38:07,56.76,379,
09:38:07,56.76,200,
09:38:07,56.74,108,
09:38:10,56.74,200,
09:38:10,56.7399,200,
09:38:10,56.7399,100,
09:38:10,56.7399,100,
09:38:13,56.73,492,
09:38:13,56.73,208,
09:38:13,56.73,100,
09:38:13,56.73,200,
09:38:13,56.73,100,
09:38:14,56.72,100,
09:38:15,56.73,100,
09:38:15,56.73,100,
09:38:15,56.75,100,
09:38:15,56.75,100,
09:38:17,56.75,200,
09:38:24,56.77,200,
09:38:27,56.76,100,
09:38:27,56.76,100,
09:38:27,56.76,400,
09:38:27,56.76,400,
09:38:27,56.76,100,
09:38:28,56.7683,500,
09:38:29,56.75,100,
09:38:29,56.75,1200,
09:38:29,56.76,200,
09:38:29,56.76,100,
09:38:29,56.76,400,
09:38:29,56.76,200,
09:38:29,56.76,100,
09:38:29,56.76,200,
09:38:29,56.76,100,
09:38:29,56.76,200,
09:38:29,56.76,100,
09:38:29,56.76,300,
09:38:30,56.76,200,
09:38:30,56.76,600,
09:38:32,56.76,496,
09:38:32,56.76,700,
09:38:32,56.76,500,
09:38:32,56.76,300,
09:38:32,56.76,600,
09:38:32,56.76,200,
09:38:32,56.76,200,
09:38:32,56.76,157,
09:38:32,56.76,400,
09:38:32,56.76,400,
09:38:33,56.77,300,
09:38:33,56.77,1630,
09:38:33,56.77,500,
09:38:33,56.77,500,
09:38:33,56.77,500,
09:38:33,56.77,600,
09:38:33,56.77,300,
09:38:33,56.77,300,
09:38:33,56.77,258,
09:38:33,56.76,600,
09:38:33,56.76,100,
09:38:35,56.77,100,
09:38:37,56.77,300,
09:38:38,56.78,414,
09:38:38,56.78,500,
09:38:38,56.78,200,
09:38:38,56.78,300,
09:38:38,56.78,100,
09:38:42,56.76,200,
09:38:42,56.77,500,
09:38:42,56.76,100,
09:38:42,56.76,100,
09:38:42,56.76,357,
09:38:42,56.76,300,
09:38:42,56.76,157,
09:38:42,56.76,500,
09:38:42,56.76,300,
09:38:42,56.76,1630,
09:38:42,56.75,400,
09:38:42,56.75,200,
09:38:42,56.75,500,
09:38:42,56.75,300,
09:38:42,56.75,500,
09:38:42,56.75,400,
09:38:42,56.75,200,
09:38:42,56.75,250,
09:38:42,56.74,300,
09:38:42,56.74,400,
09:38:42,56.74,1630,
09:38:42,56.74,500,
09:38:42,56.74,600,
09:38:42,56.74,400,
09:38:42,56.75,200,
09:38:42,56.75,1000,
09:38:42,56.75,1000,
09:38:42,56.75,1630,
09:38:42,56.75,300,
09:38:42,56.75,300,
09:38:42,56.74,1000,
09:38:42,56.74,1000,
09:38:42,56.74,800,
09:38:42,56.74,500,
09:38:42,56.74,300,
09:38:42,56.74,300,
09:38:42,56.74,1100,
09:38:42,56.76,400,
09:38:42,56.74,200,
09:38:42,56.74,1000,
09:38:42,56.74,1000,
09:38:42,56.74,3300,
09:38:42,56.74,500,
09:38:42,56.74,100,
09:38:42,56.74,200,
09:38:42,56.74,600,
09:38:42,56.76,100,
09:38:42,56.75,100,
09:38:42,56.74,100,
09:38:42,56.74,1900,
09:38:42,56.76,100,
09:38:42,56.75,200,
09:38:42,56.75,100,
09:38:42,56.75,200,
09:38:42,56.75,200,
09:38:43,56.75,500,
09:38:43,56.75,400,
09:38:43,56.75,400,
09:38:43,56.75,100,
09:38:43,56.75,451,
09:38:43,56.75,500,
09:38:43,56.75,200,
09:38:43,56.75,300,
09:38:43,56.75,700,
09:38:43,56.74,400,
09:38:43,56.74,400,
09:38:43,56.74,172,
09:38:43,56.74,400,
09:38:43,56.74,400,
09:38:43,56.74,400,
09:38:43,56.74,400,
09:38:43,56.74,336,
09:38:43,56.74,200,
09:38:43,56.74,500,
09:38:43,56.73,100,
09:38:43,56.73,100,
09:38:43,56.73,1300,
09:38:43,56.73,1500,
09:38:43,56.73,300,
09:38:43,56.73,100,
09:38:43,56.73,121,
09:38:44,56.7337,100,
09:38:45,56.74,200,
09:38:45,56.7401,100,
09:38:46,56.74,1000,
09:38:46,56.74,400,
09:38:46,56.74,400,
09:38:46,56.74,100,
09:38:46,56.74,400,
09:38:46,56.74,115,
09:38:46,56.74,800,
09:38:46,56.74,800,
09:38:46,56.74,200,
09:38:46,56.73,479,
09:38:46,56.73,100,
09:38:46,56.73,3400,
09:38:46,56.73,200,
09:38:46,56.73,1521,
09:38:46,56.73,400,
09:38:46,56.73,300,
09:38:46,56.73,321,
09:38:46,56.73,600,
09:38:46,56.73,1200,
09:38:46,56.73,200,
09:38:46,56.73,200,
09:38:46,56.73,400,
09:38:46,56.73,400,
09:38:46,56.73,100,
09:38:46,56.73,400,
09:38:46,56.73,200,
09:38:46,56.73,600,
09:38:46,56.73,100,
09:38:46,56.73,400,
09:38:46,56.72,200,
09:38:46,56.72,500,
09:38:46,56.72,100,
09:38:46,56.72,1000,
09:38:46,56.72,400,
09:38:46,56.72,200,
09:38:46,56.72,1630,
09:38:46,56.72,500,
09:38:46,56.72,3400,
09:38:46,56.72,500,
09:38:47,56.7295,1000,
09:38:47,56.73,1000,
09:38:47,56.73,400,
09:38:47,56.73,200,
09:38:47,56.73,600,
09:38:47,56.73,2260,
09:38:47,56.734,138,
09:38:50,56.73,400,
09:38:51,56.73,400,
09:38:51,56.73,400,
09:38:51,56.73,200,
09:38:51,56.73,100,
09:38:52,56.74,268,
09:38:53,56.74,122,
09:38:55,56.74,500,
09:38:55,56.7463,400,
09:38:55,56.7464,200,
09:38:55,56.7469,500,
09:38:57,56.74,200,
09:38:57,56.74,100,
09:38:59,56.74,400,
09:39:00,56.73,200,
09:39:02,56.74,200,
09:39:02,56.74,500,
09:39:02,56.74,500,
09:39:02,56.74,800,
09:39:03,56.745,200,
09:39:03,56.75,200,
09:39:04,56.75,300,
09:39:04,56.75,500,
09:39:04,56.75,500,
09:39:04,56.75,200,
09:39:04,56.75,400,
09:39:04,56.75,400,
09:39:04,56.75,600,
09:39:04,56.74,900,
09:39:04,56.74,400,
09:39:04,56.73,400,
09:39:04,56.73,600,
09:39:04,56.73,100,
09:39:04,56.72,100,
09:39:04,56.72,500,
09:39:04,56.72,100,
09:39:04,56.72,600,
09:39:04,56.72,9300,
09:39:04,56.73,400,
09:39:04,56.73,100,
09:39:04,56.73,200,
09:39:05,56.74,200,
09:39:05,56.74,200,
09:39:07,56.74,100,
09:39:08,56.74,500,
09:39:08,56.74,500,
09:39:08,56.74,100,
09:39:09,56.74,400,
09:39:09,56.74,400,
09:39:09,56.74,600,
09:39:09,56.74,200,
09:39:09,56.74,600,
09:39:09,56.74,500,
09:39:09,56.74,1200,
09:39:09,56.74,500,
09:39:09,56.75,400,
09:39:11,56.75,100,
09:39:11,56.75,200,
09:39:11,56.75,100,
09:39:11,56.75,100,
09:39:11,56.75,200,
09:39:12,56.75,100,
09:39:13,56.76,500,
09:39:13,56.76,600,
09:39:13,56.76,200,
09:39:14,56.76,800,
09:39:14,56.76,360,
09:39:14,56.76,200,
09:39:14,56.76,124,
09:39:14,56.76,300,
09:39:14,56.76,224,
09:39:14,56.76,124,
09:39:14,56.76,600,
09:39:14,56.76,100,
09:39:14,56.76,500,
09:39:14,56.76,140,
09:39:14,56.76,106,
09:39:14,56.76,100,
09:39:14,56.76,400,
09:39:14,56.76,200,
09:39:14,56.76,300,
09:39:15,56.76,541,
09:39:15,56.76,500,
09:39:18,56.77,100,
09:39:18,56.77,400,
09:39:18,56.77,100,
09:39:19,56.78,108,
09:39:19,56.78,600,
09:39:21,56.78,600,
09:39:21,56.785,100,
09:39:21,56.78,100,
09:39:21,56.78,100,
09:39:22,56.78,100,
09:39:27,56.78,100,
09:39:28,56.7701,500,
09:39:28,56.7791,400,
09:39:29,56.78,100,
09:39:29,56.78,100,
09:39:29,56.78,300,
09:39:29,56.78,300,
09:39:31,56.79,100,
09:39:32,56.80,1000,
09:39:32,56.80,100,
09:39:33,56.8099,3000,
09:39:34,56.81,600,
09:39:35,56.81,400,
09:39:35,56.81,100,
09:39:35,56.8193,200,
09:39:35,56.81,300,
09:39:37,56.82,100,
09:39:38,56.8299,200,
09:39:38,56.829,2100,
09:39:39,56.82,300,
09:39:39,56.82,1172,
09:39:39,56.82,600,
09:39:39,56.82,100,
09:39:39,56.82,300,
09:39:39,56.82,200,
09:39:39,56.82,400,
09:39:39,56.82,200,
09:39:39,56.82,200,
09:39:39,56.82,100,
09:39:39,56.82,100,
09:39:39,56.82,500,
09:39:39,56.82,100,
09:39:39,56.82,128,
09:39:39,56.82,200,
09:39:39,56.82,300,
09:39:39,56.82,200,
09:39:39,56.82,200,
09:39:39,56.83,1000,
09:39:40,56.83,600,
09:39:40,56.83,500,
09:39:40,56.83,400,
09:39:40,56.83,3400,
09:39:40,56.83,800,
09:39:40,56.83,300,
09:39:40,56.83,400,
09:39:40,56.83,200,
09:39:40,56.83,200,
09:39:40,56.82,8100,
09:39:40,56.83,8100,
09:39:41,56.82,200,
09:39:41,56.82,600,
09:39:42,56.8105,500,
09:39:43,56.81,200,
09:39:44,56.81,400,
09:39:44,56.81,100,
09:39:44,56.80,500,
09:39:44,56.80,200,
09:39:44,56.79,100,
09:39:45,56.79,100,
09:39:45,56.79,200,
09:39:45,56.79,600,
09:39:45,56.79,200,
09:39:45,56.79,333,
09:39:45,56.79,200,
09:39:45,56.79,200,
09:39:45,56.79,567,
09:39:45,56.79,133,
09:39:46,56.78,300,
09:39:46,56.78,180,
09:39:46,56.78,400,
09:39:46,56.78,100,
09:39:46,56.7891,200,
09:39:47,56.818,530,
09:39:48,56.7899,100,
09:39:48,56.79,100,
09:39:49,56.78,400,
09:39:51,56.77,100,
09:39:51,56.78,100,
09:39:52,56.78,300,
09:39:52,56.78,200,
09:39:52,56.78,200,
09:39:52,56.78,100,
09:39:52,56.78,200,
09:39:52,56.78,100,
09:39:52,56.78,100,
09:39:52,56.78,400,
09:39:53,56.783,275,
09:39:54,56.77,200,
09:39:54,56.77,1400,
09:39:54,56.77,500,
09:39:57,56.77,400,
09:39:57,56.77,100,
09:39:57,56.77,400,
09:39:57,56.77,100,
09:39:57,56.77,396,
09:39:57,56.77,600,
09:39:57,56.77,300,
09:39:57,56.77,300,
09:39:57,56.77,300,
09:39:57,56.77,200,
09:39:57,56.77,500,
09:39:57,56.77,600,
09:39:57,56.77,200,
09:39:57,56.77,500,
09:39:57,56.77,300,
09:39:57,56.77,500,
09:39:57,56.77,100,
09:39:58,56.77,1630,
09:39:58,56.77,200,
09:39:58,56.77,200,
09:39:58,56.77,500,
09:39:58,56.77,400,
09:39:58,56.77,336,
09:39:58,56.77,300,
09:39:58,56.78,200,
09:39:58,56.78,500,
09:39:58,56.78,2000,
09:39:58,56.78,200,
09:39:58,56.78,400,
09:39:58,56.78,300,
09:39:58,56.78,100,
09:39:58,56.78,500,
09:39:59,56.78,434,
09:39:59,56.78,100,
09:39:59,56.78,100,
09:39:59,56.78,100,
09:39:59,56.78,100,
09:39:59,56.78,100,
09:39:59,56.78,100,
09:39:59,56.78,200,
09:39:59,56.78,100,
09:39:59,56.78,300,
09:39:59,56.78,400,
09:40:00,56.78,100,
09:40:00,56.78,100,
09:40:00,56.78,100,
09:40:00,56.78,200,
09:40:00,56.78,300,
09:40:00,56.78,900,
09:40:01,56.78,3300,
09:40:01,56.78,700,
09:40:01,56.78,300,
09:40:01,56.78,500,
09:40:01,56.78,1600,
09:40:01,56.78,1600,
09:40:01,56.78,200,
09:40:01,56.78,400,
09:40:02,56.78,800,
09:40:02,56.78,200,
09:40:02,56.78,400,
09:40:03,56.78,400,
09:40:03,56.78,700,
09:40:03,56.7713,1000,
09:40:03,56.78,200,
09:40:04,56.78,400,
09:40:04,56.77,800,
09:40:04,56.77,300,
09:40:04,56.77,300,
09:40:04,56.77,400,
09:40:04,56.78,100,
09:40:04,56.77,326,
09:40:04,56.77,1900,
09:40:04,56.77,161,
09:40:04,56.77,100,
09:40:04,56.77,500,
09:40:04,56.77,200,
09:40:04,56.77,300,
09:40:04,56.77,400,
09:40:04,56.77,300,
09:40:04,56.77,400,
09:40:04,56.77,400,
09:40:04,56.77,1200,
09:40:04,56.76,100,
09:40:04,56.76,300,
09:40:04,56.76,400,
09:40:04,56.76,100,
09:40:04,56.76,100,
09:40:04,56.75,400,
09:40:04,56.75,813,
09:40:04,56.75,100,
09:40:06,56.76,100,
09:40:06,56.76,400,
09:40:06,56.76,300,
09:40:06,56.76,300,
09:40:06,56.76,200,
09:40:06,56.76,200,
09:40:06,56.76,400,
09:40:06,56.76,100,
09:40:06,56.76,800,
09:40:06,56.76,900,
09:40:06,56.76,200,
09:40:06,56.76,500,
09:40:06,56.76,200,
09:40:06,56.76,200,
09:40:06,56.76,100,
09:40:06,56.75,100,
09:40:06,56.75,100,
09:40:06,56.75,100,
09:40:06,56.75,100,
09:40:08,56.76,100,
09:40:08,56.76,100,
09:40:08,56.76,200,
09:40:10,56.76,100,
09:40:10,56.76,100,
09:40:10,56.76,100,
09:40:10,56.76,100,
09:40:11,56.77,100,
09:40:11,56.77,600,
09:40:11,56.77,100,
09:40:11,56.77,973,
09:40:11,56.77,100,
09:40:11,56.77,100,
09:40:12,56.77,100,
09:40:12,56.7709,100,
09:40:12,56.7708,500,
09:40:12,56.7708,300,
09:40:12,56.7706,300,
09:40:12,56.77,500,
09:40:13,56.78,100,
09:40:13,56.78,332,
09:40:14,56.78,300,
09:40:14,56.78,200,
09:40:14,56.78,100,
09:40:14,56.785,300,
09:40:14,56.78,600,
09:40:14,56.78,200,
09:40:14,56.78,600,
09:40:14,56.78,200,
09:40:14,56.78,367,
09:40:14,56.78,400,
09:40:15,56.80,200,
09:40:15,56.80,600,
09:40:15,56.80,100,
09:40:16,56.80,900,
09:40:16,56.80,400,
09:40:16,56.80,200,
09:40:16,56.80,600,
09:40:16,56.80,300,
09:40:16,56.80,100,
09:40:16,56.805,100,
09:40:16,56.79,300,
09:40:16,56.79,300,
09:40:16,56.79,200,
09:40:16,56.79,600,
09:40:16,56.79,100,
09:40:16,56.79,200,
09:40:16,56.79,100,
09:40:17,56.7893,100,
09:40:17,56.789,300,
09:40:19,56.78,100,
09:40:19,56.78,100,
09:40:19,56.78,500,
09:40:19,56.78,200,
09:40:19,56.78,200,
09:40:19,56.78,200,
09:40:19,56.78,300,
09:40:19,56.78,400,
09:40:19,56.78,100,
09:40:19,56.78,100,
09:40:19,56.78,100,
09:40:19,56.78,100,
09:40:21,56.7884,250,
09:40:22,56.78,287,
09:40:22,56.77,100,
09:40:22,56.77,100,
09:40:22,56.77,200,
09:40:22,56.77,100,
09:40:22,56.77,100,
09:40:24,56.76,300,
09:40:24,56.77,200,
09:40:24,56.77,220,
09:40:24,56.77,220,
09:40:24,56.77,400,
09:40:24,56.77,200,
09:40:28,56.78,100,
09:40:28,56.78,200,
09:40:29,56.79,100,
09:40:29,56.79,350,
09:40:29,56.80,100,
09:40:29,56.80,800,
09:40:29,56.80,500,
09:40:31,56.80,200,
09:40:32,56.80,400,
09:40:33,56.81,600,
09:40:33,56.82,600,
09:40:34,56.82,220,
09:40:34,56.82,180,
09:40:34,56.81,100,
09:40:35,56.82,100,
09:40:36,56.82,700,
09:40:36,56.82,200,
09:40:38,56.82,200,
09:40:38,56.82,400,
09:40:39,56.82,600,
09:40:39,56.82,100,
09:40:39,56.8199,300,
09:40:39,56.81,600,
09:40:41,56.80,200,
09:40:41,56.80,100,
09:40:41,56.80,400,
09:40:41,56.79,500,
09:40:42,56.79,800,
09:40:42,56.79,100,
09:40:42,56.80,600,
09:40:42,56.80,100,
09:40:42,56.80,500,
09:40:42,56.80,100,
09:40:42,56.80,220,
09:40:42,56.80,400,
09:40:42,56.80,100,
09:40:42,56.80,100,
09:40:43,56.80,200,
09:40:44,56.79,600,
09:40:44,56.78,100,
09:40:44,56.78,200,
09:40:44,56.78,300,
09:40:45,56.78,400,
09:40:46,56.77,300,
09:40:48,56.79,1000,
09:40:48,56.7783,500,
09:40:48,56.779,1100,
09:40:48,56.7797,500,
09:40:48,56.7797,200,
09:40:48,56.7798,300,
09:40:48,56.7798,200,
09:40:48,56.7798,300,
09:40:48,56.7798,200,
09:40:48,56.7798,300,
09:40:49,56.78,500,
09:40:49,56.779,9500,
09:40:49,56.78,100,
09:40:49,56.78,100,
09:40:49,56.78,600,
09:40:49,56.79,500,
09:40:49,56.79,200,
09:40:49,56.79,600,
09:40:49,56.79,100,
09:40:49,56.79,300,
09:40:49,56.79,300,
09:40:49,56.79,300,
09:40:49,56.79,100,
09:40:49,56.79,100,
09:40:49,56.79,400,
09:40:49,56.79,100,
09:40:49,56.79,100,
09:40:49,56.79,200,
09:40:49,56.80,400,
09:40:49,56.80,100,
09:40:49,56.80,600,
09:40:49,56.80,200,
09:40:49,56.80,300,
09:40:50,56.81,100,
09:40:51,56.78,940,
09:40:51,56.81,100,
09:40:51,56.81,400,
09:40:52,56.81,600,
09:40:52,56.8183,100,
09:40:52,56.8183,300,
09:40:52,56.8183,300,
09:40:52,56.819,1239,
09:40:53,56.81,100,
09:40:53,56.80,600,
09:40:53,56.82,2200,
09:40:54,56.81,800,
09:40:55,56.80,500,
09:40:56,56.81,100,
09:40:57,56.80,200,
09:40:58,56.80,100,
09:40:59,56.80,100,
09:40:59,56.80,500,
09:40:59,56.80,440,
09:40:59,56.79,100,
09:40:59,56.79,240,
09:40:59,56.79,200,
09:41:02,56.80,100,
09:41:02,56.80,484,
09:41:02,56.80,100,
09:41:02,56.80,116,
09:41:02,56.81,600,
09:41:03,56.81,100,
09:41:04,56.82,125,
09:41:04,56.82,125,
09:41:04,56.81,200,
09:41:05,56.81,900,
09:41:09,56.82,600,
09:41:11,56.83,320,
09:41:11,56.83,280,
09:41:12,56.84,400,
09:41:14,56.85,500,
09:41:14,56.85,100,
09:41:14,56.85,600,
09:41:14,56.8499,200,
09:41:14,56.84,200,
09:41:14,56.84,100,
09:41:17,56.84,200,
09:41:18,56.844,1000,
09:41:18,56.84,400,
09:41:18,56.849,1000,
09:41:18,56.84,200,
09:41:18,56.84,500,
09:41:18,56.84,400,
09:41:18,56.85,400,
09:41:18,56.85,1630,
09:41:18,56.85,400,
09:41:18,56.85,600,
09:41:19,56.86,1000,
09:41:19,56.86,643,
09:41:19,56.86,100,
09:41:19,56.86,400,
09:41:19,56.86,300,
09:41:19,56.86,200,
09:41:19,56.86,100,
09:41:19,56.86,100,
09:41:19,56.86,1000,
09:41:19,56.86,100,
09:41:19,56.86,100,
09:41:20,56.8599,100,
09:41:20,56.85,300,
09:41:20,56.85,200,
09:41:20,56.85,443,
09:41:21,56.85,200,
09:41:21,56.85,100,
09:41:21,56.85,500,
09:41:21,56.85,400,
09:41:22,56.85,200,
09:41:24,56.86,400,
09:41:25,56.87,600,
09:41:25,56.88,600,
09:41:26,56.88,813,
09:41:26,56.87,100,
09:41:26,56.87,200,
09:41:26,56.87,500,
09:41:26,56.87,600,
09:41:28,56.87,300,
09:41:28,56.87,300,
09:41:28,56.87,100,
09:41:29,56.87,100,
09:41:29,56.86,400,
09:41:29,56.86,100,
09:41:29,56.86,100,
09:41:29,56.86,200,
09:41:30,56.87,300,
09:41:30,56.87,400,
09:41:30,56.87,100,
09:41:30,56.87,236,
09:41:30,56.87,139,
09:41:30,56.87,800,
09:41:30,56.86,300,
09:41:30,56.86,200,
09:41:30,56.86,200,
09:41:31,56.86,200,
09:41:32,56.86,100,
09:41:34,56.8601,3000,
09:41:35,56.87,100,
09:41:36,56.87,400,
09:41:36,56.87,300,
09:41:37,56.87,100,
09:41:37,56.8799,1100,
09:41:37,56.8799,500,
09:41:37,56.8701,2000,
09:41:38,56.87,200,
09:41:38,56.87,100,
09:41:39,56.88,300,
09:41:39,56.87,600,
09:41:40,56.87,100,
09:41:41,56.86,400,
09:41:41,56.86,600,
09:41:41,56.86,100,
09:41:42,56.86,100,
09:41:45,56.85,200,
09:41:45,56.85,300,
09:41:46,56.851,750,
09:41:46,56.84,179,
09:41:46,56.83,100,
09:41:47,56.84,200,
09:41:47,56.83,100,
09:41:47,56.83,200,
09:41:47,56.83,500,
09:41:47,56.83,222,
09:41:47,56.83,300,
09:41:47,56.83,800,
09:41:47,56.83,200,
09:41:47,56.83,330,
09:41:47,56.83,600,
09:41:47,56.83,500,
09:41:47,56.83,300,
09:41:47,56.83,765,
09:41:47,56.83,500,
09:41:47,56.83,200,
09:41:47,56.8307,200,
09:41:47,56.83,6594,
09:41:51,56.84,100,
09:41:51,56.84,100,
09:41:51,56.84,200,
09:41:51,56.84,200,
09:41:51,56.84,400,
09:41:51,56.84,400,
09:41:51,56.84,500,
09:41:51,56.85,500,
09:41:51,56.85,100,
09:41:51,56.84,100,
09:41:51,56.85,100,
09:41:51,56.85,100,
09:41:51,56.85,200,
09:41:53,56.8484,875,
09:41:54,56.8499,500,
09:41:57,56.8502,3000,
09:41:57,56.85,122,
09:41:57,56.85,157,
09:41:57,56.85,200,
09:41:59,56.86,100,
09:41:59,56.86,100,
09:41:59,56.86,200,
09:41:59,56.86,100,
09:41:59,56.86,100,
09:41:59,56.86,100,
09:41:59,56.86,100,
09:41:59,56.86,100,
09:41:59,56.86,100,
09:41:59,56.86,100,
09:41:59,56.86,100,
09:41:59,56.86,100,
09:41:59,56.86,200,
09:41:59,56.86,100,
09:42:00,56.85,3000,
09:42:01,56.86,200,
09:42:02,56.88,200,
09:42:02,56.88,100,
09:42:02,56.88,600,
09:42:02,56.88,2213,
09:42:02,56.89,400,
09:42:02,56.89,600,
09:42:02,56.89,400,
09:42:02,56.89,600,
09:42:02,56.89,565,
09:42:02,56.89,100,
09:42:02,56.89,500,
09:42:02,56.90,100,
09:42:02,56.90,100,
09:42:02,56.89,500,
09:42:02,56.89,700,
09:42:02,56.89,400,
09:42:03,56.89,100,
09:42:03,56.89,200,
09:42:03,56.89,100,
09:42:03,56.89,200,
09:42:03,56.89,600,
09:42:03,56.89,100,
09:42:03,56.8876,500,
09:42:04,56.90,3503,
09:42:04,56.89,200,
09:42:06,56.89,100,
09:42:07,56.88,1000,
09:42:09,56.89,300,
09:42:10,56.90,100,
09:42:10,56.8993,125,
09:42:10,56.90,125,
09:42:10,56.90,240,
09:42:10,56.8993,100,
09:42:10,56.90,100,
09:42:10,56.8993,700,
09:42:12,56.89,150,
09:42:12,56.89,600,
09:42:12,56.89,400,
09:42:12,56.90,400,
09:42:13,56.90,100,
09:42:13,56.90,1000,
09:42:13,56.90,100,
09:42:13,56.91,600,
09:42:13,56.90,300,
09:42:14,56.9087,1000,
09:42:16,56.90,100,
09:42:16,56.90,600,
09:42:16,56.89,100,
09:42:16,56.89,300,
09:42:17,56.90,600,
09:42:17,56.90,100,
09:42:18,56.90,200,
09:42:18,56.90,400,
09:42:18,56.90,200,
09:42:18,56.90,116,
09:42:18,56.90,216,
09:42:18,56.90,100,
09:42:18,56.8995,500,
09:42:21,56.90,780,
09:42:21,56.90,100,
09:42:21,56.90,600,
09:42:21,56.90,100,
09:42:21,56.90,400,
09:42:21,56.90,100,
09:42:21,56.90,100,
09:42:23,56.90,500,
09:42:25,56.9002,2100,
09:42:27,56.90,100,
09:42:28,56.90,500,
09:42:29,56.8901,200,
09:42:31,56.90,100,
09:42:31,56.90,200,
09:42:31,56.90,240,
09:42:31,56.90,200,
09:42:32,56.90,100,
09:42:32,56.90,400,
09:42:32,56.90,400,
09:42:32,56.90,100,
09:42:33,56.90,300,
09:42:33,56.90,500,
09:42:33,56.90,500,
09:42:33,56.90,500,
09:42:33,56.90,300,
09:42:33,56.90,800,
09:42:33,56.90,400,
09:42:33,56.90,400,
09:42:33,56.90,357,
09:42:33,56.90,600,
09:42:33,56.90,100,
09:42:33,56.90,100,
09:42:33,56.90,100,
09:42:35,56.90,300,
09:42:35,56.90,600,
09:42:37,56.90,225,
09:42:37,56.90,175,
09:42:38,56.90,125,
09:42:39,56.90,400,
09:42:39,56.90,100,
09:42:40,56.91,100,
09:42:41,56.89,200,
09:42:41,56.89,200,
09:42:41,56.90,100,
09:42:41,56.90,100,
09:42:42,56.90,100,
09:42:42,56.90,100,
09:42:42,56.90,200,
09:42:42,56.90,400,
09:42:43,56.90,100,
09:42:43,56.89,400,
09:42:43,56.89,100,
09:42:43,56.90,200,
09:42:43,56.90,600,
09:42:46,56.90,580,
09:42:46,56.90,120,
09:42:48,56.90,100,
09:42:48,56.90,600,
09:42:48,56.90,600,
09:42:48,56.89,100,
09:42:49,56.8994,100,
09:42:49,56.8998,100,
09:42:49,56.8998,100,
09:42:49,56.90,100,
09:42:49,56.90,100,
09:42:50,56.90,600,
09:42:50,56.9028,200,
09:42:50,56.901,100,
09:42:50,56.901,200,
09:42:51,56.90,500,
09:42:53,56.90,100,
09:42:53,56.91,200,
09:42:53,56.91,500,
09:42:53,56.91,500,
09:42:53,56.91,200,
09:42:53,56.91,600,
09:42:53,56.91,100,
09:42:54,56.91,200,
09:42:54,56.91,100,
09:42:54,56.91,500,
09:42:54,56.91,200,
09:42:54,56.91,200,
09:42:54,56.91,400,
09:42:54,56.91,300,
09:42:54,56.91,300,
09:42:54,56.915,200,
09:42:54,56.91,400,
09:42:55,56.91,1340,
09:42:56,56.91,200,
09:42:57,56.91,100,
09:42:58,56.92,100,
09:42:58,56.92,200,
09:42:59,56.92,100,
09:42:59,56.92,100,
09:42:59,56.929,100,
09:43:00,56.92,500,
09:43:00,56.92,800,
09:43:02,56.92,400,
09:43:03,56.921,200,
09:43:03,56.921,200,
09:43:03,56.921,100,
09:43:03,56.92,200,
09:43:03,56.92,600,
09:43:04,56.922,300,
09:43:05,56.92,500,
09:43:05,56.92,100,
09:43:06,56.92,400,
09:43:06,56.91,200,
09:43:07,56.91,200,
09:43:07,56.91,100,
09:43:07,56.91,500,
09:43:07,56.91,200,
09:43:07,56.91,400,
09:43:07,56.91,100,
09:43:07,56.91,200,
09:43:09,56.90,200,
09:43:09,56.90,400,
09:43:13,56.90,400,
09:43:13,56.90,200,
09:43:13,56.90,200,
09:43:13,56.90,200,
09:43:13,56.90,1800,
09:43:13,56.90,100,
09:43:13,56.89,300,
09:43:13,56.89,230,
09:43:14,56.89,100,
09:43:14,56.89,200,
09:43:14,56.89,400,
09:43:14,56.89,600,
09:43:14,56.89,800,
09:43:14,56.89,200,
09:43:14,56.90,130,
09:43:14,56.90,370,
09:43:15,56.91,400,
09:43:16,56.90,200,
09:43:17,56.90,300,
09:43:20,56.8972,100,
09:43:20,56.8972,100,
09:43:20,56.899,800,
09:43:21,56.89,400,
09:43:21,56.89,149,
09:43:21,56.89,2200,
09:43:21,56.89,100,
09:43:22,56.891,200,
09:43:22,56.8907,200,
09:43:22,56.891,800,
09:43:22,56.90,430,
09:43:22,56.90,600,
09:43:22,56.91,200,
09:43:22,56.90,2600,
09:43:23,56.91,100,
09:43:23,56.91,100,
09:43:23,56.91,700,
09:43:23,56.91,2800,
09:43:23,56.91,400,
09:43:23,56.91,400,
09:43:23,56.91,200,
09:43:23,56.91,750,
09:43:23,56.91,300,
09:43:23,56.909,600,
09:43:24,56.909,900,
09:43:25,56.90,600,
09:43:28,56.90,200,
09:43:31,56.91,100,
09:43:31,56.91,100,
09:43:31,56.91,600,
09:43:31,56.91,830,
09:43:31,56.91,200,
09:43:31,56.91,400,
09:43:31,56.91,330,
09:43:31,56.91,200,
09:43:31,56.92,600,
09:43:32,56.92,100,
09:43:32,56.92,100,
09:43:32,56.92,600,
09:43:32,56.92,2000,
09:43:32,56.92,100,
09:43:32,56.92,200,
09:43:36,56.91,200,
09:43:36,56.915,100,
09:43:39,56.916,200,
09:43:46,56.92,200,
09:43:46,56.92,100,
09:43:46,56.92,400,
09:43:47,56.92,1630,
09:43:47,56.92,500,
09:43:47,56.92,400,
09:43:47,56.92,2260,
09:43:47,56.92,200,
09:43:47,56.929,300,
09:43:48,56.92,200,
09:43:48,56.92,300,
09:43:50,56.926,2635,
09:43:50,56.92,400,
09:43:51,56.93,200,
09:43:52,56.93,500,
09:43:52,56.93,1606,
09:43:52,56.93,530,
09:43:52,56.93,200,
09:43:54,56.94,100,
09:43:55,56.93,200,
09:43:55,56.93,200,
09:43:55,56.93,400,
09:43:57,56.9263,100,
09:43:57,56.93,294,
09:43:57,56.93,206,
09:43:59,56.94,200,
09:43:59,56.94,200,
09:44:01,56.94,100,
09:44:01,56.94,100,
09:44:02,56.94,100,
09:44:02,56.94,100,
09:44:02,56.94,400,
09:44:02,56.94,600,
09:44:03,56.93,100,
09:44:03,56.94,200,
09:44:03,56.94,400,
09:44:04,56.95,100,
09:44:04,56.9426,600,
09:44:05,56.95,200,
09:44:05,56.95,100,
09:44:06,56.94,200,
09:44:06,56.94,400,
09:44:06,56.94,300,
09:44:06,56.94,1100,
09:44:06,56.94,100,
09:44:06,56.94,1200,
09:44:06,56.94,2000,
09:44:06,56.94,200,
09:44:06,56.94,200,
09:44:06,56.94,400,
09:44:06,56.94,300,
09:44:06,56.94,500,
09:44:06,56.94,600,
09:44:06,56.94,500,
09:44:06,56.94,300,
09:44:06,56.94,600,
09:44:06,56.94,400,
09:44:08,56.94,400,
09:44:08,56.94,1149,
09:44:08,56.94,200,
09:44:09,56.94,104,
09:44:09,56.94,600,
09:44:10,56.94,600,
09:44:11,56.93,500,
09:44:11,56.935,200,
09:44:11,56.93,100,
09:44:11,56.93,100,
09:44:12,56.94,700,
09:44:12,56.94,200,
09:44:12,56.94,400,
09:44:12,56.94,600,
09:44:12,56.94,600,
09:44:12,56.95,300,
09:44:12,56.95,400,
09:44:12,56.95,600,
09:44:12,56.95,200,
09:44:12,56.95,200,
09:44:12,56.95,100,
09:44:13,56.94,100,
09:44:13,56.94,200,
09:44:13,56.94,300,
09:44:13,56.94,300,
09:44:13,56.945,100,
09:44:13,56.94,600,
09:44:13,56.94,200,
09:44:13,56.93,300,
09:44:13,56.94,400,
09:44:13,56.94,100,
09:44:14,56.93,200,
09:44:15,56.9395,500,
09:44:17,56.94,500,
09:44:17,56.94,100,
09:44:17,56.94,100,
09:44:18,56.94,100,
09:44:18,56.94,400,
09:44:18,56.94,100,
09:44:20,56.94,800,
09:44:20,56.94,2000,
09:44:22,56.9372,200,
09:44:22,56.939,200,
09:44:22,56.94,500,
09:44:22,56.94,459,
09:44:22,56.94,100,
09:44:22,56.94,100,
09:44:22,56.94,100,
09:44:22,56.94,200,
09:44:22,56.94,500,
09:44:22,56.94,100,
09:44:22,56.94,100,
09:44:22,56.94,200,
09:44:23,56.94,100,
09:44:23,56.95,400,
09:44:25,56.95,600,
09:44:26,56.94,200,
09:44:28,56.9499,1000,
09:44:32,56.94,100,
09:44:32,56.94,200,
09:44:32,56.94,700,
09:44:32,56.94,200,
09:44:32,56.94,200,
09:44:32,56.94,100,
09:44:32,56.94,100,
09:44:32,56.93,200,
09:44:32,56.93,100,
09:44:32,56.93,2200,
09:44:32,56.93,300,
09:44:32,56.93,500,
09:44:32,56.93,500,
09:44:32,56.93,200,
09:44:33,56.93,100,
09:44:33,56.94,200,
09:44:33,56.94,500,
09:44:33,56.94,400,
09:44:33,56.94,100,
09:44:35,56.93,200,
09:44:35,56.929,100,
09:44:38,56.92,400,
09:44:38,56.92,200,
09:44:38,56.92,500,
09:44:38,56.92,100,
09:44:38,56.92,467,
09:44:38,56.92,400,
09:44:38,56.91,300,
09:44:38,56.91,100,
09:44:38,56.91,100,
09:44:38,56.91,200,
09:44:38,56.91,200,
09:44:38,56.91,9813,
09:44:38,56.91,500,
09:44:38,56.91,300,
09:44:38,56.91,1400,
09:44:38,56.91,3400,
09:44:38,56.91,600,
09:44:38,56.91,100,
09:44:38,56.91,100,
09:44:38,56.91,400,
09:44:38,56.91,200,
09:44:38,56.91,600,
09:44:38,56.91,100,
09:44:39,56.91,600,
09:44:39,56.91,600,
09:44:39,56.91,400,
09:44:39,56.91,500,
09:44:39,56.91,600,
09:44:39,56.90,500,
09:44:39,56.90,1000,
09:44:39,56.90,1145,
09:44:40,56.91,1000,
09:44:40,56.91,600,
09:44:40,56.90,5800,
09:44:40,56.913,190,
09:44:41,56.91,400,
09:44:41,56.91,100,
09:44:41,56.91,500,
09:44:42,56.91,500,
09:44:42,56.919,140,
09:44:42,56.91,200,
09:44:42,56.91,400,
09:44:44,56.92,700,
09:44:45,56.92,100,
09:44:45,56.92,2400,
09:44:46,56.92,100,
09:44:46,56.92,267,
09:44:49,56.92,300,
09:44:51,56.9172,100,
09:44:56,56.91,1500,
09:44:56,56.91,526,
09:44:56,56.91,100,
09:44:58,56.90,100,
09:45:01,56.91,600,
09:45:01,56.91,100,
09:45:01,56.91,300,
09:45:03,56.9105,200,
09:45:04,56.92,200,
09:45:04,56.92,100,
09:45:04,56.92,400,
09:45:04,56.92,600,
09:45:04,56.92,100,
09:45:04,56.92,200,
09:45:05,56.93,500,
09:45:05,56.93,500,
09:45:05,56.93,3300,
09:45:05,56.93,600,
09:45:05,56.95,166,
09:45:05,56.94,100,
09:45:05,56.94,600,
09:45:05,56.93,100,
09:45:05,56.94,700,
09:45:05,56.94,400,
09:45:05,56.94,400,
09:45:05,56.94,400,
09:45:06,56.94,100,
09:45:06,56.94,100,
09:45:06,56.94,200,
09:45:06,56.94,100,
09:45:06,56.94,100,
09:45:07,56.921,200,
09:45:09,56.94,100,
09:45:10,56.94,100,
09:45:14,56.9337,500,
09:45:14,56.9337,200,
09:45:14,56.9332,300,
09:45:17,56.9399,3440,
09:45:18,56.93,100,
09:45:18,56.93,400,
09:45:18,56.93,200,
09:45:18,56.935,100,
09:45:21,56.92,200,
09:45:21,56.92,200,
09:45:22,56.92,100,
09:45:22,56.925,100,
09:45:22,56.92,100,
09:45:23,56.91,100,
09:45:23,56.91,100,
09:45:26,56.91,600,
09:45:26,56.91,600,
09:45:28,56.91,100,
09:45:30,56.92,600,
09:45:30,56.92,200,
09:45:33,56.91,600,
09:45:34,56.90,100,
09:45:34,56.90,100,
09:45:34,56.89,200,
09:45:34,56.89,600,
09:45:34,56.89,100,
09:45:34,56.89,400,
09:45:34,56.89,300,
09:45:35,56.91,4000,
09:45:35,56.89,400,
09:45:35,56.88,200,
09:45:35,56.88,400,
09:45:35,56.88,200,
09:45:35,56.88,200,
09:45:35,56.89,100,
09:45:35,56.8805,500,
09:45:35,56.89,600,
09:45:36,56.89,200,
09:45:37,56.89,100,
09:45:37,56.89,100,
09:45:38,56.89,600,
09:45:43,56.89,100,
09:45:47,56.88,200,
09:45:47,56.8825,100,
09:45:47,56.8825,100,
09:45:47,56.88,100,
09:45:47,56.885,300,
09:45:48,56.88,100,
09:45:48,56.88,600,
09:45:51,56.88,300,
09:45:52,56.87,600,
09:45:52,56.87,200,
09:45:52,56.87,200,
09:45:52,56.87,400,
09:45:52,56.87,100,
09:45:52,56.87,100,
09:45:52,56.87,500,
09:45:52,56.87,200,
09:45:52,56.86,100,
09:45:52,56.864,1050,
09:45:53,56.86,250,
09:45:53,56.86,100,
09:45:53,56.86,400,
09:45:53,56.86,100,
09:45:55,56.87,200,
09:45:55,56.87,100,
09:45:55,56.87,200,
09:45:55,56.87,500,
09:45:55,56.86,500,
09:45:55,56.86,100,
09:45:55,56.87,100,
09:45:56,56.86,500,
09:45:58,56.89,200,
09:45:58,56.89,1000,
09:45:59,56.89,100,
09:46:00,56.89,400,
09:46:00,56.89,400,
09:46:02,56.88,500,
09:46:04,56.87,4000,
09:46:07,56.87,100,
09:46:07,56.87,1150,
09:46:08,56.87,6000,
09:46:08,56.87,100,
09:46:08,56.87,200,
09:46:08,56.87,100,
09:46:09,56.8799,100,
09:46:11,56.88,200,
09:46:11,56.87,200,
09:46:17,56.86,100,
09:46:17,56.86,2280,
09:46:18,56.85,213,
09:46:18,56.85,400,
09:46:19,56.85,100,
09:46:20,56.85,100,
09:46:22,56.86,400,
09:46:24,56.85,500,
09:46:24,56.85,600,
09:46:25,56.84,100,
09:46:26,56.8431,100,
09:46:26,56.84,100,
09:46:28,56.84,200,
09:46:28,56.84,400,
09:46:28,56.83,400,
09:46:28,56.83,100,
09:46:28,56.83,100,
09:46:28,56.83,100,
09:46:28,56.83,300,
09:46:28,56.8297,100,
09:46:28,56.83,200,
09:46:28,56.83,100,
09:46:28,56.825,400,
09:46:31,56.82,200,
09:46:33,56.8292,940,
09:46:33,56.81,113,
09:46:33,56.81,600,
09:46:34,56.81,800,
09:46:34,56.81,600,
09:46:35,56.83,100,
09:46:35,56.83,100,
09:46:35,56.83,200,
09:46:36,56.80,1500,
09:46:36,56.84,200,
09:46:36,56.8399,500,
09:46:36,56.8399,1200,
09:46:40,56.83,113,
09:46:42,56.82,300,
09:46:43,56.8263,100,
09:46:43,56.82,300,
09:46:43,56.82,300,
09:46:43,56.82,100,
09:46:45,56.81,200,
09:46:47,56.82,200,
09:46:50,56.82,358,
09:46:50,56.82,500,
09:46:51,56.8193,334,
09:46:51,56.8102,200,
09:46:51,56.82,500,
09:46:51,56.81,100,
09:46:52,56.81,200,
09:46:52,56.81,400,
09:46:52,56.82,500,
09:46:52,56.82,400,
09:46:52,56.82,200,
09:46:52,56.815,100,
09:46:52,56.815,100,
09:46:52,56.815,100,
09:46:52,56.82,100,
09:46:53,56.815,100,
09:46:54,56.82,100,
09:46:56,56.82,100,
09:46:56,56.825,200,
09:47:01,56.83,200,
09:47:01,56.83,100,
09:47:02,56.835,100,
09:47:02,56.835,100,
09:47:07,56.84,100,
09:47:07,56.84,400,
09:47:10,56.84,100,
09:47:10,56.84,100,
09:47:10,56.845,100,
09:47:14,56.84,100,
09:47:14,56.84,400,
09:47:15,56.84,400,
09:47:18,56.83,100,
09:47:18,56.83,400,
09:47:18,56.82,100,
09:47:18,56.82,200,
09:47:18,56.82,300,
09:47:18,56.82,100,
09:47:18,56.82,420,
09:47:18,56.81,213,
09:47:19,56.81,100,
09:47:19,56.81,100,
09:47:19,56.82,530,
09:47:19,56.82,200,
09:47:20,56.83,100,
09:47:20,56.83,200,
09:47:20,56.83,100,
09:47:20,56.83,200,
09:47:21,56.82,100,
09:47:24,56.81,800,
09:47:24,56.81,100,
09:47:24,56.80,387,
09:47:24,56.80,600,
09:47:24,56.80,1463,
09:47:24,56.80,100,
09:47:24,56.80,200,
09:47:24,56.79,1000,
09:47:24,56.80,100,
09:47:24,56.80,300,
09:47:24,56.80,400,
09:47:24,56.80,100,
09:47:26,56.79,5000,
09:47:27,56.7972,300,
09:47:27,56.79,100,
09:47:27,56.79,100,
09:47:28,56.79,100,
09:47:28,56.79,100,
09:47:28,56.79,200,
09:47:28,56.80,100,
09:47:32,56.79,100,
09:47:37,56.80,400,
09:47:38,56.80,100,
09:47:38,56.80,300,
09:47:38,56.79,100,
09:47:38,56.79,200,
09:47:38,56.79,800,
09:47:40,56.79,500,
09:47:40,56.79,200,
09:47:43,56.79,300,
09:47:45,56.7969,200,
09:47:47,56.80,800,
09:47:47,56.80,500,
09:47:47,56.81,200,
09:47:49,56.81,400,
09:47:51,56.82,200,
09:47:52,56.81,200,
09:47:53,56.81,400,
09:47:53,56.81,600,
09:47:53,56.81,1000,
09:47:53,56.81,1200,
09:47:53,56.8092,400,
09:47:53,56.8093,500,
09:47:57,56.8005,200,
09:47:59,56.80,500,
09:47:59,56.80,200,
09:47:59,56.80,1000,
09:47:59,56.80,200,
09:47:59,56.8003,200,
09:47:59,56.8002,500,
09:47:59,56.8002,500,
09:47:59,56.80,649,
09:47:59,56.8025,100,
09:48:00,56.81,500,
09:48:00,56.81,1200,
09:48:00,56.81,400,
09:48:00,56.81,300,
09:48:00,56.81,100,
09:48:00,56.81,1000,
09:48:00,56.81,1100,
09:48:00,56.81,500,
09:48:00,56.80,200,
09:48:00,56.81,100,
09:48:00,56.81,100,
09:48:00,56.80,1500,
09:48:00,56.80,200,
09:48:00,56.80,2000,
09:48:00,56.80,300,
09:48:00,56.80,300,
09:48:00,56.80,400,
09:48:00,56.80,600,
09:48:00,56.80,200,
09:48:00,56.80,200,
09:48:00,56.80,100,
09:48:00,56.80,300,
09:48:00,56.80,1100,
09:48:00,56.80,200,
09:48:00,56.80,194,
09:48:00,56.80,100,
09:48:00,56.80,1200,
09:48:00,56.80,600,
09:48:00,56.80,200,
09:48:00,56.80,400,
09:48:00,56.80,400,
09:48:00,56.80,100,
09:48:00,56.80,200,
09:48:00,56.80,300,
09:48:00,56.79,100,
09:48:00,56.79,1000,
09:48:00,56.79,500,
09:48:00,56.80,329,
09:48:00,56.80,185,
09:48:00,56.80,1200,
09:48:00,56.81,200,
09:48:00,56.81,600,
09:48:00,56.81,400,
09:48:00,56.81,1000,
09:48:00,56.81,300,
09:48:00,56.81,500,
09:48:00,56.81,1000,
09:48:00,56.81,500,
09:48:00,56.81,300,
09:48:01,56.79,1134,
09:48:01,56.81,400,
09:48:01,56.81,1000,
09:48:01,56.81,100,
09:48:01,56.81,982,
09:48:01,56.81,400,
09:48:01,56.80,400,
09:48:01,56.80,1000,
09:48:01,56.81,1000,
09:48:01,56.80,200,
09:48:01,56.80,10200,
09:48:02,56.82,300,
09:48:02,56.8199,2000,
09:48:02,56.81,300,
09:48:02,56.81,600,
09:48:02,56.81,600,
09:48:02,56.81,400,
09:48:02,56.81,100,
09:48:02,56.81,300,
09:48:02,56.81,100,
09:48:02,56.81,400,
09:48:02,56.81,100,
09:48:02,56.81,200,
09:48:02,56.81,400,
09:48:02,56.81,400,
09:48:03,56.81,400,
09:48:03,56.8113,1500,
09:48:04,56.81,600,
09:48:05,56.81,400,
09:48:05,56.81,600,
09:48:05,56.81,306,
09:48:05,56.81,400,
09:48:05,56.81,100,
09:48:05,56.81,300,
09:48:05,56.81,100,
09:48:06,56.81,582,
09:48:06,56.81,400,
09:48:06,56.81,100,
09:48:10,56.80,600,
09:48:10,56.80,100,
09:48:10,56.80,3400,
09:48:10,56.80,100,
09:48:10,56.80,400,
09:48:10,56.80,400,
09:48:10,56.80,500,
09:48:11,56.80,100,
09:48:11,56.81,200,
09:48:11,56.80,100,
09:48:11,56.80,199,
09:48:11,56.80,200,
09:48:11,56.80,301,
09:48:11,56.80,200,
09:48:11,56.80,200,
09:48:11,56.81,200,
09:48:11,56.81,400,
09:48:11,56.81,100,
09:48:11,56.81,200,
09:48:11,56.81,200,
09:48:12,56.8106,200,
09:48:13,56.81,100,
09:48:14,56.81,400,
09:48:14,56.81,400,
09:48:14,56.81,300,
09:48:14,56.81,200,
09:48:14,56.81,500,
09:48:14,56.81,500,
09:48:14,56.81,500,
09:48:14,56.81,400,
09:48:14,56.81,100,
09:48:14,56.81,610,
09:48:14,56.81,400,
09:48:14,56.81,1610,
09:48:15,56.81,400,
09:48:15,56.81,1000,
09:48:15,56.81,500,
09:48:15,56.81,100,
09:48:15,56.81,100,
09:48:15,56.81,200,
09:48:15,56.81,300,
09:48:23,56.81,100,
09:48:26,56.80,600,
09:48:26,56.80,100,
09:48:26,56.805,100,
09:48:26,56.79,200,
09:48:26,56.78,100,
09:48:26,56.79,1406,
09:48:26,56.79,1500,
09:48:26,56.79,100,
09:48:26,56.79,100,
09:48:26,56.79,200,
09:48:26,56.79,1994,
09:48:27,56.78,300,
09:48:27,56.78,1300,
09:48:27,56.78,100,
09:48:27,56.78,987,
09:48:27,56.78,306,
09:48:27,56.78,1000,
09:48:27,56.78,133,
09:48:28,56.78,332,
09:48:29,56.78,100,
09:48:29,56.79,400,
09:48:29,56.78,300,
09:48:32,56.78,500,
09:48:34,56.77,6100,
09:48:36,56.77,1000,
09:48:36,56.77,500,
09:48:36,56.77,600,
09:48:36,56.77,400,
09:48:36,56.77,400,
09:48:36,56.77,600,
09:48:36,56.77,100,
09:48:36,56.77,1030,
09:48:36,56.77,400,
09:48:36,56.77,1000,
09:48:36,56.76,100,
09:48:36,56.76,500,
09:48:36,56.7601,8200,
09:48:37,56.7637,100,
09:48:37,56.7637,200,
09:48:37,56.7637,400,
09:48:37,56.77,400,
09:48:37,56.77,600,
09:48:39,56.78,100,
09:48:39,56.7801,3300,
09:48:41,56.78,200,
09:48:42,56.78,100,
09:48:42,56.77,200,
09:48:43,56.77,400,
09:48:45,56.77,1200,
09:48:45,56.78,200,
09:48:45,56.78,300,
09:48:45,56.78,100,
09:48:45,56.78,500,
09:48:45,56.7799,3000,
09:48:48,56.77,400,
09:48:50,56.77,100,
09:48:50,56.7793,200,
09:48:53,56.784,435,
09:48:54,56.78,600,
09:48:55,56.775,100,
09:48:55,56.775,100,
09:49:01,56.77,200,
09:49:01,56.77,200,
09:49:01,56.77,400,
09:49:01,56.77,300,
09:49:02,56.77,100,
09:49:02,56.77,500,
09:49:04,56.77,200,
09:49:04,56.77,100,
09:49:05,56.77,200,
09:49:05,56.77,100,
09:49:09,56.77,1300,
09:49:11,56.77,700,
09:49:11,56.77,1500,
09:49:15,56.79,300,
09:49:15,56.79,500,
09:49:15,56.79,100,
09:49:15,56.79,1295,
09:49:15,56.79,1450,
09:49:15,56.794,1800,
09:49:16,56.80,400,
09:49:17,56.80,200,
09:49:17,56.80,100,
09:49:17,56.80,100,
09:49:17,56.79,200,
09:49:17,56.79,400,
09:49:18,56.79,100,
09:49:18,56.79,120,
09:49:18,56.79,120,
09:49:19,56.79,500,
09:49:20,56.79,400,
09:49:22,56.78,100,
09:49:22,56.78,200,
09:49:22,56.78,100,
09:49:22,56.78,100,
09:49:22,56.77,100,
09:49:22,56.77,100,
09:49:22,56.78,200,
09:49:22,56.78,400,
09:49:22,56.78,100,
09:49:22,56.78,200,
09:49:22,56.78,1787,
09:49:22,56.78,1287,
09:49:22,56.78,1000,
09:49:22,56.78,100,
09:49:22,56.7817,200,
09:49:22,56.78,100,
09:49:22,56.78,200,
09:49:22,56.78,200,
09:49:22,56.78,100,
09:49:22,56.78,400,
09:49:22,56.77,400,
09:49:22,56.77,100,
09:49:22,56.77,1200,
09:49:23,56.78,200,
09:49:28,56.78,200,
09:49:28,56.78,600,
09:49:28,56.78,100,
09:49:28,56.78,387,
09:49:28,56.78,100,
09:49:30,56.7829,400,
09:49:31,56.784,184,
09:49:33,56.80,600,
09:49:34,56.8025,100,
09:49:35,56.79,600,
09:49:36,56.7819,100,
09:49:37,56.79,1000,
09:49:37,56.80,200,
09:49:37,56.80,200,
09:49:37,56.80,200,
09:49:37,56.80,712,
09:49:37,56.80,500,
09:49:38,56.80,100,
09:49:38,56.80,300,
09:49:38,56.80,370,
09:49:38,56.80,600,
09:49:38,56.80,600,
09:49:38,56.80,200,
09:49:38,56.80,100,
09:49:38,56.80,100,
09:49:38,56.80,100,
09:49:38,56.80,230,
09:49:38,56.80,400,
09:49:38,56.80,300,
09:49:38,56.80,100,
09:49:38,56.80,300,
09:49:38,56.80,100,
09:49:38,56.80,143,
09:49:38,56.80,357,
09:49:38,56.80,100,
09:49:38,56.80,200,
09:49:38,56.80,100,
09:49:38,56.80,100,
09:49:38,56.80,300,
09:49:38,56.80,100,
09:49:38,56.80,400,
09:49:38,56.80,200,
09:49:38,56.80,400,
09:49:38,56.80,100,
09:49:39,56.8091,500,
09:49:39,56.8093,500,
09:49:41,56.81,250,
09:49:43,56.8188,100,
09:49:44,56.81,100,
09:49:47,56.80,100,
09:49:47,56.79,1300,
09:49:47,56.79,400,
09:49:48,56.79,100,
09:49:50,56.80,232,
09:49:50,56.80,600,
09:49:50,56.80,500,
09:49:50,56.80,100,
09:49:51,56.80,101,
09:49:57,56.78,100,
09:49:57,56.77,100,
09:49:58,56.7626,100,
09:49:59,56.77,148,
09:50:00,56.77,374,
09:50:00,56.77,400,
09:50:00,56.78,100,
09:50:00,56.78,300,
09:50:00,56.78,100,
09:50:00,56.78,200,
09:50:00,56.78,200,
09:50:00,56.78,300,
09:50:00,56.78,100,
09:50:00,56.78,400,
09:50:01,56.79,200,
09:50:01,56.7813,1000,
09:50:01,56.78,100,
09:50:01,56.78,300,
09:50:01,56.78,100,
09:50:02,56.78,300,
09:50:02,56.78,100,
09:50:03,56.78,100,
09:50:04,56.78,300,
09:50:04,56.78,300,
09:50:05,56.78,100,
09:50:08,56.79,300,
09:50:08,56.79,200,
09:50:08,56.79,200,
09:50:09,56.79,200,
09:50:11,56.80,400,
09:50:11,56.80,100,
09:50:11,56.80,400,
09:50:11,56.80,100,
09:50:13,56.7911,100,
09:50:14,56.7929,500,
09:50:15,56.81,212,
09:50:15,56.81,100,
09:50:15,56.81,400,
09:50:15,56.8022,100,
09:50:15,56.81,150,
09:50:15,56.81,1650,
09:50:15,56.81,600,
09:50:15,56.81,500,
09:50:15,56.81,100,
09:50:16,56.81,100,
09:50:16,56.81,100,
09:50:16,56.815,200,
09:50:16,56.805,200,
09:50:16,56.80,200,
09:50:17,56.80,100,
09:50:18,56.80,300,
09:50:19,56.80,200,
09:50:19,56.80,200,
09:50:19,56.79,800,
09:50:19,56.79,200,
09:50:19,56.79,200,
09:50:19,56.79,300,
09:50:19,56.79,400,
09:50:19,56.79,400,
09:50:20,56.79,200,
09:50:21,56.78,200,
09:50:21,56.78,500,
09:50:21,56.78,642,
09:50:21,56.78,300,
09:50:21,56.78,400,
09:50:21,56.78,498,
09:50:21,56.78,400,
09:50:21,56.78,200,
09:50:21,56.78,402,
09:50:21,56.78,100,
09:50:21,56.78,1700,
09:50:21,56.78,1900,
09:50:21,56.78,302,
09:50:22,56.78,1000,
09:50:22,56.78,400,
09:50:22,56.78,100,
09:50:22,56.78,600,
09:50:22,56.79,600,
09:50:22,56.80,100,
09:50:22,56.80,100,
09:50:22,56.80,100,
09:50:23,56.80,400,
09:50:23,56.80,100,
09:50:23,56.80,100,
09:50:23,56.80,200,
09:50:23,56.80,200,
09:50:23,56.80,200,
09:50:23,56.80,200,
09:50:23,56.80,200,
09:50:25,56.79,1000,
09:50:27,56.81,200,
09:50:27,56.81,500,
09:50:27,56.81,1630,
09:50:27,56.81,400,
09:50:27,56.81,400,
09:50:27,56.81,400,
09:50:27,56.81,500,
09:50:27,56.81,1000,
09:50:27,56.81,500,
09:50:27,56.81,100,
09:50:27,56.81,1500,
09:50:27,56.81,400,
09:50:27,56.82,100,
09:50:27,56.82,700,
09:50:27,56.82,1800,
09:50:27,56.82,200,
09:50:27,56.81,8100,
09:50:27,56.8299,100,
09:50:27,56.83,500,
09:50:27,56.83,400,
09:50:27,56.83,600,
09:50:27,56.84,100,
09:50:27,56.84,1900,
09:50:27,56.84,500,
09:50:27,56.84,400,
09:50:27,56.84,100,
09:50:27,56.84,100,
09:50:27,56.84,2000,
09:50:27,56.84,800,
09:50:27,56.84,600,
09:50:27,56.84,200,
09:50:27,56.84,100,
09:50:27,56.85,1300,
09:50:27,56.85,200,
09:50:27,56.85,3300,
09:50:27,56.85,600,
09:50:27,56.85,150,
09:50:27,56.85,400,
09:50:27,56.85,600,
09:50:27,56.85,400,
09:50:27,56.85,500,
09:50:27,56.85,1000,
09:50:27,56.85,200,
09:50:27,56.85,200,
09:50:28,56.85,3400,
09:50:28,56.85,100,
09:50:28,56.85,500,
09:50:28,56.85,810,
09:50:28,56.86,1000,
09:50:28,56.86,500,
09:50:28,56.86,1200,
09:50:28,56.86,4300,
09:50:28,56.86,633,
09:50:28,56.86,3300,
09:50:28,56.86,400,
09:50:28,56.86,1630,
09:50:28,56.86,400,
09:50:28,56.86,100,
09:50:28,56.86,300,
09:50:28,56.86,100,
09:50:28,56.86,682,
09:50:28,56.86,400,
09:50:28,56.87,100,
09:50:28,56.87,3400,
09:50:28,56.87,100,
09:50:28,56.87,600,
09:50:28,56.87,250,
09:50:28,56.87,350,
09:50:28,56.88,600,
09:50:28,56.87,100,
09:50:28,56.87,1000,
09:50:28,56.87,350,
09:50:28,56.87,527,
09:50:28,56.88,400,
09:50:28,56.88,500,
09:50:28,56.88,1000,
09:50:28,56.88,1000,
09:50:28,56.88,500,
09:50:28,56.88,400,
09:50:28,56.88,400,
09:50:28,56.88,8000,
09:50:28,56.88,2000,
09:50:28,56.88,1630,
09:50:28,56.88,1000,
09:50:28,56.88,385,
09:50:28,56.88,1300,
09:50:28,56.88,100,
09:50:28,56.88,12200,
09:50:28,56.88,400,
09:50:28,56.88,200,
09:50:28,56.88,300,
09:50:28,56.88,1000,
09:50:28,56.88,700,
09:50:28,56.89,900,
09:50:28,56.89,3400,
09:50:28,56.89,1000,
09:50:28,56.89,900,
09:50:28,56.89,300,
09:50:28,56.89,100,
09:50:29,56.89,193,
09:50:29,56.89,405,
09:50:29,56.89,400,
09:50:29,56.90,1000,
09:50:29,56.90,200,
09:50:29,56.88,200,
09:50:30,56.889,300,
09:50:30,56.88,500,
09:50:30,56.88,600,
09:50:31,56.87,400,
09:50:31,56.87,200,
09:50:31,56.87,200,
09:50:31,56.87,200,
09:50:31,56.86,200,
09:50:31,56.86,100,
09:50:31,56.86,300,
09:50:32,56.87,200,
09:50:33,56.86,200,
09:50:33,56.865,100,
09:50:33,56.86,200,
09:50:35,56.85,100,
09:50:36,56.85,250,
09:50:40,56.86,105,
09:50:40,56.86,100,
09:50:40,56.86,200,
09:50:40,56.86,300,
09:50:40,56.86,500,
09:50:40,56.86,100,
09:50:40,56.86,100,
09:50:41,56.866,100,
09:50:44,56.87,300,
09:50:44,56.87,100,
09:50:44,56.87,100,
09:50:44,56.87,150,
09:50:44,56.87,3100,
09:50:44,56.87,425,
09:50:44,56.87,100,
09:50:47,56.87,600,
09:50:48,56.87,200,
09:50:49,56.87,350,
09:50:49,56.87,200,
09:50:49,56.87,250,
09:50:49,56.875,100,
09:50:49,56.86,200,
09:50:50,56.86,100,
09:50:50,56.86,100,
09:50:50,56.85,300,
09:50:50,56.85,300,
09:50:53,56.8595,100,
09:50:55,56.86,500,
09:50:56,56.87,100,
09:50:57,56.86,300,
09:50:58,56.86,500,
09:51:01,56.85,300,
09:51:01,56.85,100,
09:51:01,56.85,300,
09:51:02,56.84,100,
09:51:06,56.85,300,
09:51:08,56.85,200,
09:51:10,56.85,200,
09:51:12,56.85,200,
09:51:13,56.855,100,
09:51:13,56.84,100,
09:51:13,56.84,100,
09:51:13,56.83,200,
09:51:14,56.82,400,
09:51:14,56.82,200,
09:51:15,56.82,1100,
09:51:15,56.81,1100,
09:51:15,56.81,200,
09:51:15,56.81,500,
09:51:15,56.8294,500,
09:51:16,56.81,400,
09:51:17,56.81,300,
09:51:17,56.81,400,
09:51:18,56.82,200,
09:51:20,56.82,600,
09:51:20,56.83,600,
09:51:20,56.83,600,
09:51:20,56.83,100,
09:51:20,56.83,200,
09:51:21,56.83,100,
09:51:21,56.8399,1000,
09:51:24,56.84,300,
09:51:26,56.86,100,
09:51:26,56.86,600,
09:51:26,56.86,400,
09:51:26,56.86,100,
09:51:27,56.86,100,
09:51:27,56.85,400,
09:51:27,56.85,100,
09:51:27,56.85,1000,
09:51:27,56.85,600,
09:51:28,56.86,1000,
09:51:28,56.86,200,
09:51:28,56.86,400,
09:51:30,56.86,200,
09:51:31,56.85,200,
09:51:31,56.85,200,
09:51:31,56.85,200,
09:51:33,56.86,100,
09:51:33,56.86,300,
09:51:33,56.86,400,
09:51:38,56.87,200,
09:51:38,56.87,600,
09:51:38,56.88,100,
09:51:38,56.88,100,
09:51:38,56.88,100,
09:51:38,56.88,2500,
09:51:38,56.88,500,
09:51:38,56.8795,500,
09:51:40,56.87,400,
09:51:42,56.86,500,
09:51:46,56.863,1900,
09:51:46,56.86,100,
09:51:46,56.86,1800,
09:51:49,56.87,500,
09:51:49,56.87,100,
09:51:49,56.87,200,
09:51:49,56.88,400,
09:51:49,56.88,200,
09:51:49,56.89,100,
09:51:49,56.89,250,
09:51:50,56.89,100,
09:51:50,56.89,100,
09:51:52,56.885,100,
09:51:52,56.875,200,
09:51:53,56.88,100,
09:51:56,56.88,100,
09:51:58,56.87,100,
09:51:58,56.86,200,
09:51:59,56.87,200,
09:51:59,56.87,600,
09:51:59,56.87,157,
09:51:59,56.87,100,
09:52:00,56.866,500,
09:52:01,56.87,100,
09:52:01,56.87,600,
09:52:02,56.86,200,
09:52:02,56.8609,400,
09:52:02,56.8607,200,
09:52:05,56.85,100,
09:52:05,56.85,300,
09:52:05,56.85,100,
09:52:05,56.8407,200,
09:52:07,56.8403,100,
09:52:07,56.8402,400,
09:52:07,56.8402,500,
09:52:07,56.8401,200,
09:52:07,56.84,1000,
09:52:08,56.8403,200,
09:52:08,56.8403,300,
09:52:10,56.8414,500,
09:52:11,56.8403,200,
09:52:14,56.8404,300,
09:52:14,56.8404,400,
09:52:14,56.85,100,
09:52:15,56.85,700,
09:52:15,56.85,200,
09:52:15,56.85,200,
09:52:15,56.85,100,
09:52:15,56.85,300,
09:52:15,56.85,100,
09:52:15,56.85,500,
09:52:15,56.85,1000,
09:52:15,56.85,100,
09:52:15,56.85,400,
09:52:15,56.85,500,
09:52:15,56.85,200,
09:52:15,56.85,300,
09:52:15,56.85,100,
09:52:15,56.85,400,
09:52:15,56.85,100,
09:52:15,56.85,200,
09:52:15,56.85,100,
09:52:15,56.85,200,
09:52:15,56.85,400,
09:52:15,56.85,100,
09:52:15,56.85,100,
09:52:15,56.84,600,
09:52:15,56.84,200,
09:52:15,56.84,200,
09:52:16,56.83,200,
09:52:16,56.8309,200,
09:52:17,56.8375,100,
09:52:17,56.84,400,
09:52:17,56.84,200,
09:52:19,56.8375,100,
09:52:20,56.84,100,
09:52:20,56.835,200,
09:52:20,56.85,100,
09:52:20,56.85,200,
09:52:20,56.8475,100,
09:52:20,56.8511,400,
09:52:21,56.85,400,
09:52:23,56.8411,400,
09:52:25,56.8309,200,
09:52:26,56.85,100,
09:52:27,56.84,400,
09:52:30,56.83,100,
09:52:30,56.83,200,
09:52:30,56.83,100,
09:52:30,56.83,1000,
09:52:30,56.83,600,
09:52:30,56.83,100,
09:52:32,56.81,100,
09:52:33,56.814,100,
09:52:34,56.82,300,
09:52:35,56.82,700,
09:52:35,56.83,500,
09:52:35,56.83,400,
09:52:35,56.83,500,
09:52:40,56.83,600,
09:52:40,56.83,500,
09:52:44,56.821,200,
09:52:46,56.825,200,
09:52:46,56.82,100,
09:52:46,56.82,100,
09:52:46,56.82,600,
09:52:46,56.82,400,
09:52:47,56.83,100,
09:52:47,56.83,100,
09:52:49,56.84,200,
09:52:51,56.84,600,
09:52:56,56.85,100,
09:52:56,56.85,1300,
09:52:56,56.85,200,
09:52:56,56.84,300,
09:52:56,56.84,600,
09:52:56,56.84,1000,
09:52:56,56.85,7200,
09:52:58,56.85,175,
09:53:02,56.84,100,
09:53:03,56.85,1000,
09:53:03,56.86,400,
09:53:04,56.87,600,
09:53:06,56.87,100,
09:53:06,56.87,100,
09:53:06,56.87,100,
09:53:06,56.87,400,
09:53:09,56.87,400,
09:53:09,56.88,1600,
09:53:09,56.88,200,
09:53:09,56.88,400,
09:53:09,56.88,400,
09:53:11,56.895,815,
09:53:15,56.89,600,
09:53:17,56.90,268,
09:53:17,56.90,400,
09:53:17,56.90,100,
09:53:17,56.90,466,
09:53:17,56.90,434,
09:53:17,56.90,1432,
09:53:17,56.90,100,
09:53:19,56.89,100,
09:53:19,56.89,500,
09:53:19,56.89,200,
09:53:19,56.89,200,
09:53:19,56.89,300,
09:53:19,56.895,100,
09:53:20,56.89,200,
09:53:20,56.897,200,
09:53:21,56.895,100,
09:53:22,56.89,400,
09:53:22,56.89,100,
09:53:23,56.889,500,
09:53:24,56.89,600,
09:53:26,56.89,100,
09:53:26,56.89,100,
09:53:26,56.88,100,
09:53:26,56.88,300,
09:53:26,56.88,600,
09:53:26,56.87,200,
09:53:29,56.861,2000,
09:53:33,56.86,164,
09:53:33,56.86,100,
09:53:33,56.86,400,
09:53:37,56.86,300,
09:53:37,56.86,600,
09:53:37,56.86,859,
09:53:37,56.86,1230,
09:53:37,56.86,200,
09:53:38,56.85,400,
09:53:38,56.8481,200,
09:53:38,56.85,140,
09:53:38,56.85,300,
09:53:38,56.85,100,
09:53:40,56.84,466,
09:53:40,56.84,600,
09:53:40,56.84,100,
09:53:40,56.84,100,
09:53:40,56.85,100,
09:53:40,56.85,600,
09:53:40,56.85,400,
09:53:40,56.85,541,
09:53:40,56.85,700,
09:53:40,56.86,600,
09:53:42,56.86,300,
09:53:42,56.87,400,
09:53:42,56.87,100,
09:53:42,56.87,200,
09:53:44,56.87,200,
09:53:47,56.88,100,
09:53:48,56.885,100,
09:53:48,56.88,100,
09:53:50,56.8816,200,
09:53:51,56.88,100,
09:53:51,56.88,600,
09:53:52,56.88,400,
09:53:57,56.88,600,
09:53:57,56.885,100,
09:53:59,56.875,100,
09:54:04,56.87,155,
09:54:04,56.87,400,
09:54:04,56.87,100,
09:54:04,56.87,200,
09:54:05,56.87,400,
09:54:05,56.87,100,
09:54:13,56.875,200,
09:54:16,56.88,100,
09:54:16,56.885,100,
09:54:18,56.871,200,
09:54:18,56.88,100,
09:54:20,56.88,100,
09:54:24,56.88,100,
09:54:24,56.88,600,
09:54:24,56.88,100,
09:54:27,56.885,100,
09:54:30,56.885,100,
09:54:30,56.88,200,
09:54:31,56.88,600,
09:54:31,56.88,1000,
09:54:31,56.88,377,
09:54:32,56.89,600,
09:54:32,56.89,600,
09:54:32,56.88,100,
09:54:32,56.885,100,
09:54:33,56.88,230,
09:54:33,56.88,770,
09:54:33,56.89,450,
09:54:35,56.88,400,
09:54:35,56.885,100,
09:54:36,56.87,600,
09:54:36,56.875,100,
09:54:41,56.89,600,
09:54:41,56.8986,800,
09:54:42,56.89,200,
09:54:42,56.89,100,
09:54:42,56.89,400,
09:54:42,56.89,200,
09:54:42,56.89,400,
09:54:42,56.89,100,
09:54:42,56.89,400,
09:54:43,56.89,200,
09:54:47,56.90,200,
09:54:47,56.90,300,
09:54:47,56.90,200,
09:54:49,56.91,200,
09:54:49,56.91,125,
09:54:49,56.91,100,
09:54:51,56.9116,100,
09:54:52,56.92,600,
09:54:52,56.92,200,
09:54:52,56.92,400,
09:54:52,56.92,1295,
09:54:52,56.93,100,
09:54:52,56.92,1200,
09:54:52,56.92,100,
09:54:53,56.92,100,
09:54:56,56.93,400,
09:54:56,56.93,400,
09:54:56,56.93,600,
09:54:56,56.93,600,
09:54:56,56.94,700,
09:54:56,56.94,500,
09:54:56,56.94,400,
09:54:56,56.94,1000,
09:54:56,56.94,2800,
09:54:56,56.94,200,
09:54:56,56.95,237,
09:54:56,56.95,813,
09:54:56,56.95,600,
09:54:56,56.95,157,
09:54:56,56.95,100,
09:54:56,56.95,1563,
09:54:56,56.96,600,
09:54:56,56.96,423,
09:54:56,56.96,856,
09:54:56,56.96,520,
09:54:56,56.96,815,
09:54:56,56.96,1700,
09:54:57,56.95,400,
09:54:57,56.95,200,
09:54:58,56.96,100,
09:54:59,56.96,100,
09:54:59,56.96,100,
09:54:59,56.96,100,
09:54:59,56.96,100,
09:54:59,56.96,100,
09:54:59,56.96,100,
09:54:59,56.96,100,
09:54:59,56.96,100,
09:54:59,56.96,100,
09:54:59,56.96,200,
09:54:59,56.96,400,
09:54:59,56.96,400,
09:55:00,56.96,500,
09:55:01,56.96,371,
09:55:01,56.96,1901,
09:55:01,56.96,1000,
09:55:01,56.97,100,
09:55:02,56.96,100,
09:55:02,56.97,100,
09:55:03,56.97,200,
09:55:03,56.9663,200,
09:55:03,56.96,600,
09:55:03,56.95,100,
09:55:03,56.95,200,
09:55:03,56.95,100,
09:55:03,56.95,100,
09:55:03,56.95,100,
09:55:03,56.95,400,
09:55:03,56.95,100,
09:55:05,56.95,100,
09:55:06,56.95,100,
09:55:07,56.95,1000,
09:55:07,56.95,400,
09:55:07,56.9581,100,
09:55:09,56.94,100,
09:55:09,56.94,300,
09:55:12,56.93,1000,
09:55:16,56.93,100,
09:55:16,56.93,100,
09:55:17,56.92,100,
09:55:17,56.91,200,
09:55:17,56.92,100,
09:55:19,56.93,200,
09:55:20,56.93,300,
09:55:21,56.92,100,
09:55:22,56.9369,375,
09:55:23,56.93,2100,
09:55:24,56.9366,500,
09:55:26,56.9328,400,
09:55:26,56.9326,300,
09:55:26,56.9325,500,
09:55:27,56.93,600,
09:55:27,56.92,400,
09:55:27,56.92,600,
09:55:27,56.92,600,
09:55:27,56.92,600,
09:55:27,56.92,552,
09:55:27,56.9272,200,
09:55:27,56.929,300,
09:55:28,56.9213,1000,
09:55:29,56.92,100,
09:55:29,56.92,400,
09:55:30,56.93,300,
09:55:30,56.93,300,
09:55:30,56.93,200,
09:55:30,56.93,300,
09:55:30,56.92,400,
09:55:30,56.93,300,
09:55:30,56.93,4451,
09:55:31,56.93,100,
09:55:32,56.93,100,
09:55:33,56.9399,1000,
09:55:35,56.9369,300,
09:55:41,56.94,500,
09:55:41,56.94,500,
09:55:41,56.94,500,
09:55:41,56.95,598,
09:55:41,56.95,600,
09:55:41,56.95,198,
09:55:42,56.95,100,
09:55:44,56.95,200,
09:55:45,56.96,400,
09:55:48,56.95,100,
09:55:48,56.95,100,
09:55:48,56.95,300,
09:55:48,56.95,400,
09:55:48,56.95,1100,
09:55:48,56.95,100,
09:55:48,56.95,200,
09:55:48,56.94,200,
09:55:48,56.95,300,
09:55:48,56.95,200,
09:55:48,56.95,100,
09:55:48,56.95,100,
09:55:48,56.95,400,
09:55:48,56.95,200,
09:55:48,56.95,12200,
09:55:48,56.94,500,
09:55:48,56.94,1600,
09:55:48,56.94,1000,
09:55:48,56.94,400,
09:55:48,56.94,500,
09:55:48,56.94,1000,
09:55:48,56.94,100,
09:55:48,56.955,100,
09:55:48,56.93,100,
09:55:48,56.93,600,
09:55:48,56.95,200,
09:55:48,56.95,100,
09:55:48,56.95,200,
09:55:48,56.95,100,
09:55:48,56.95,200,
09:55:48,56.93,300,
09:55:48,56.93,1300,
09:55:48,56.93,600,
09:55:48,56.93,600,
09:55:48,56.93,135,
09:55:48,56.93,270,
09:55:48,56.93,791,
09:55:48,56.93,391,
09:55:48,56.92,300,
09:55:48,56.92,200,
09:55:48,56.92,600,
09:55:48,56.93,100,
09:55:48,56.93,1000,
09:55:48,56.93,230,
09:55:48,56.93,600,
09:55:48,56.92,400,
09:55:48,56.93,400,
09:55:48,56.93,150,
09:55:48,56.93,100,
09:55:48,56.92,400,
09:55:48,56.92,270,
09:55:48,56.93,1083,
09:55:48,56.93,183,
09:55:48,56.93,400,
09:55:49,56.9291,400,
09:55:49,56.92,400,
09:55:49,56.92,600,
09:55:49,56.92,1000,
09:55:49,56.92,100,
09:55:51,56.92,9100,
09:55:54,56.92,100,
09:55:56,56.9289,1400,
09:55:57,56.925,100,
09:55:57,56.92,600,
09:56:00,56.9201,1000,
09:56:02,56.92,100,
09:56:02,56.92,300,
09:56:02,56.92,700,
09:56:02,56.92,100,
09:56:02,56.92,200,
09:56:05,56.91,100,
09:56:05,56.90,160,
09:56:06,56.90,300,
09:56:07,56.9099,800,
09:56:13,56.9007,100,
09:56:20,56.905,100,
09:56:20,56.90,200,
09:56:22,56.89,100,
09:56:22,56.89,100,
09:56:23,56.88,300,
09:56:26,56.89,600,
09:56:26,56.89,100,
09:56:26,56.89,100,
09:56:26,56.89,100,
09:56:27,56.88,100,
09:56:27,56.88,100,
09:56:27,56.88,100,
09:56:27,56.87,200,
09:56:27,56.87,1300,
09:56:27,56.87,100,
09:56:27,56.87,100,
09:56:27,56.87,800,
09:56:27,56.86,400,
09:56:27,56.86,300,
09:56:27,56.86,200,
09:56:27,56.86,200,
09:56:27,56.86,500,
09:56:27,56.86,100,
09:56:28,56.869,100,
09:56:29,56.8699,300,
09:56:29,56.87,300,
09:56:31,56.87,100,
09:56:35,56.87,600,
09:56:40,56.89,600,
09:56:40,56.89,100,
09:56:42,56.88,100,
09:56:42,56.88,100,
09:56:42,56.88,100,
09:56:42,56.88,100,
09:56:43,56.88,200,
09:56:44,56.89,400,
09:56:44,56.89,200,
09:56:44,56.89,1533,
09:56:44,56.90,200,
09:56:44,56.90,1000,
09:56:45,56.90,133,
09:56:47,56.90,200,
09:56:52,56.91,3400,
09:56:54,56.91,200,
09:56:54,56.91,100,
09:56:54,56.91,100,
09:56:54,56.91,100,
09:56:54,56.91,100,
09:56:54,56.91,200,
09:56:55,56.91,100,
09:56:56,56.9095,500,
09:56:59,56.92,400,
09:56:59,56.92,100,
09:57:00,56.93,3400,
09:57:00,56.93,500,
09:57:01,56.93,400,
09:57:01,56.935,100,
09:57:02,56.93,1630,
09:57:02,56.93,600,
09:57:02,56.93,600,
09:57:02,56.93,600,
09:57:02,56.93,300,
09:57:02,56.93,400,
09:57:02,56.93,1000,
09:57:02,56.93,133,
09:57:02,56.93,300,
09:57:02,56.93,100,
09:57:02,56.93,134,
09:57:02,56.94,200,
09:57:02,56.95,200,
09:57:02,56.95,2576,
09:57:02,56.95,1900,
09:57:02,56.95,100,
09:57:02,56.95,100,
09:57:03,56.95,400,
09:57:03,56.96,100,
09:57:03,56.96,400,
09:57:03,56.96,100,
09:57:03,56.96,600,
09:57:03,56.96,1000,
09:57:04,56.96,600,
09:57:04,56.97,100,
09:57:04,56.97,500,
09:57:04,56.97,100,
09:57:04,56.96,200,
09:57:05,56.95,100,
09:57:05,56.95,400,
09:57:05,56.94,400,
09:57:05,56.95,400,
09:57:06,56.9505,500,
09:57:10,56.95,600,
09:57:12,56.959,1000,
09:57:13,56.96,600,
09:57:14,56.96,400,
09:57:14,56.96,1000,
09:57:15,56.97,3100,
09:57:16,56.955,100,
09:57:16,56.95,400,
09:57:16,56.95,100,
09:57:16,56.95,600,
09:57:18,56.94,100,
09:57:19,56.95,100,
09:57:19,56.95,200,
09:57:19,56.95,400,
09:57:19,56.95,100,
09:57:19,56.95,300,
09:57:19,56.95,400,
09:57:19,56.95,600,
09:57:19,56.95,100,
09:57:19,56.95,563,
09:57:19,56.95,246,
09:57:19,56.95,1100,
09:57:19,56.95,400,
09:57:20,56.9501,800,
09:57:21,56.96,100,
09:57:22,56.96,400,
09:57:22,56.96,100,
09:57:22,56.96,400,
09:57:22,56.96,400,
09:57:23,56.9613,1000,
09:57:25,56.96,100,
09:57:25,56.965,100,
09:57:25,56.96,100,
09:57:27,56.96,100,
09:57:27,56.96,300,
09:57:27,56.97,300,
09:57:27,56.95,100,
09:57:29,56.94,100,
09:57:29,56.945,100,
09:57:29,56.94,500,
09:57:34,56.93,100,
09:57:36,56.931,600,
09:57:38,56.93,400,
09:57:38,56.93,100,
09:57:40,56.93,200,
09:57:40,56.93,200,
09:57:40,56.94,400,
09:57:43,56.95,1500,
09:57:43,56.93,500,
09:57:45,56.94,200,
09:57:45,56.94,100,
09:57:45,56.94,100,
09:57:45,56.94,200,
09:57:45,56.94,200,
09:57:47,56.9383,2000,
09:57:48,56.935,100,
09:57:48,56.92,100,
09:57:50,56.92,100,
09:57:50,56.92,300,
09:57:50,56.925,100,
09:57:50,56.92,500,
09:57:50,56.92,400,
09:57:51,56.92,100,
09:57:51,56.92,100,
09:57:52,56.92,500,
09:57:52,56.92,400,
09:57:56,56.91,400,
09:57:56,56.91,1000,
09:57:56,56.915,200,
09:57:57,56.91,100,
09:57:57,56.91,300,
09:57:58,56.92,200,
09:57:58,56.92,100,
09:57:58,56.92,300,
09:57:58,56.92,120,
09:57:58,56.92,300,
09:58:06,56.94,500,
09:58:06,56.94,500,
09:58:06,56.945,200,
09:58:06,56.94,100,
09:58:06,56.94,400,
09:58:15,56.95,100,
09:58:16,56.95,100,
09:58:16,56.95,100,
09:58:18,56.945,100,
09:58:18,56.93,300,
09:58:19,56.93,200,
09:58:20,56.92,100,
09:58:21,56.92,600,
09:58:21,56.92,200,
09:58:23,56.92,300,
09:58:28,56.93,100,
09:58:28,56.9299,200,
09:58:29,56.93,600,
09:58:32,56.94,100,
09:58:33,56.94,100,
09:58:35,56.935,100,
09:58:35,56.93,400,
09:58:35,56.93,100,
09:58:41,56.93,100,
09:58:41,56.93,600,
09:58:42,56.94,200,
09:58:43,56.9363,400,
09:58:43,56.93,400,
09:58:43,56.935,100,
09:58:43,56.92,600,
09:58:43,56.92,400,
09:58:46,56.92,700,
09:58:48,56.91,400,
09:58:49,56.91,600,
09:58:54,56.91,200,
09:58:54,56.92,100,
09:58:57,56.915,100,
09:58:58,56.91,300,
09:58:58,56.91,800,
09:58:58,56.91,180,
09:58:58,56.91,320,
09:58:58,56.91,100,
09:58:58,56.9181,150,
09:58:59,56.92,3400,
09:58:59,56.92,300,
09:58:59,56.92,100,
09:58:59,56.92,100,
09:59:00,56.925,100,
09:59:01,56.91,3200,
09:59:02,56.92,400,
09:59:03,56.9201,8300,
09:59:03,56.92,1700,
09:59:03,56.92,300,
09:59:03,56.92,200,
09:59:03,56.92,300,
09:59:03,56.92,300,
09:59:03,56.9201,3000,
09:59:03,56.92,700,
09:59:04,56.92,600,
09:59:05,56.92,200,
09:59:07,56.93,600,
09:59:07,56.94,400,
09:59:07,56.94,1762,
09:59:07,56.94,638,
09:59:07,56.94,161,
09:59:07,56.94,339,
09:59:07,56.94,200,
09:59:07,56.94,200,
09:59:09,56.94,300,
09:59:09,56.945,100,
09:59:13,56.939,100,
09:59:13,56.93,400,
09:59:16,56.93,100,
09:59:18,56.93,100,
09:59:18,56.94,100,
09:59:20,56.92,400,
09:59:21,56.92,100,
09:59:21,56.92,100,
09:59:21,56.92,200,
09:59:21,56.92,1000,
09:59:21,56.92,200,
09:59:21,56.92,200,
09:59:21,56.92,300,
09:59:21,56.92,100,
09:59:21,56.92,400,
09:59:22,56.92,100,
09:59:24,56.91,300,
09:59:26,56.91,400,
09:59:26,56.91,400,
09:59:26,56.91,200,
09:59:26,56.92,600,
09:59:28,56.92,600,
09:59:30,56.929,100,
09:59:30,56.93,100,
09:59:31,56.93,600,
09:59:31,56.93,250,
09:59:35,56.93,500,
09:59:35,56.93,1200,
09:59:36,56.92,500,
09:59:37,56.92,100,
09:59:37,56.92,390,
09:59:37,56.92,600,
09:59:37,56.93,400,
09:59:37,56.93,400,
09:59:37,56.93,500,
09:59:37,56.93,200,
09:59:37,56.93,700,
09:59:37,56.93,600,
09:59:37,56.93,500,
09:59:37,56.93,199,
09:59:37,56.9299,4000,
09:59:37,56.9399,6175,
09:59:38,56.93,400,
09:59:38,56.93,600,
09:59:38,56.93,300,
09:59:38,56.93,100,
09:59:38,56.93,600,
09:59:39,56.93,400,
09:59:42,56.9384,100,
09:59:42,56.9301,100,
09:59:42,56.93,100,
09:59:46,56.93,100,
09:59:46,56.93,200,
09:59:46,56.9399,200,
09:59:48,56.93,100,
09:59:49,56.93,100,
09:59:49,56.93,600,
09:59:49,56.93,100,
09:59:49,56.926,2000,
09:59:54,56.9301,900,
09:59:54,56.93,200,
09:59:55,56.94,200,
09:59:59,56.95,400,
09:59:59,56.95,600,
09:59:59,56.95,3400,
09:59:59,56.95,403,
09:59:59,56.954,100,
10:00:02,56.97,200,
10:00:02,56.97,100,
10:00:04,56.96,300,
10:00:04,56.96,200,
10:00:04,56.96,100,
10:00:04,56.96,100,
10:00:05,56.95,300,
10:00:05,56.95,200,
10:00:05,56.95,300,
10:00:06,56.94,400,
10:00:06,56.94,600,
10:00:06,56.94,100,
10:00:07,56.94,100,
10:00:10,56.93,700,
10:00:10,56.93,100,
10:00:10,56.93,600,
10:00:12,56.92,300,
10:00:14,56.92,200,
10:00:14,56.92,400,
10:00:15,56.91,388,
10:00:15,56.90,100,
10:00:15,56.90,500,
10:00:16,56.90,100,
10:00:16,56.90,100,
10:00:17,56.90,594,
10:00:19,56.90,600,
10:00:21,56.90,100,
10:00:22,56.89,300,
10:00:24,56.90,200,
10:00:29,56.90,400,
10:00:30,56.90,400,
10:00:30,56.91,200,
10:00:32,56.91,100,
10:00:32,56.91,400,
10:00:32,56.91,600,
10:00:34,56.906,100,
10:00:35,56.90,100,
10:00:35,56.90,600,
10:00:35,56.90,5600,
10:00:35,56.90,800,
10:00:35,56.90,100,
10:00:35,56.90,100,
10:00:35,56.90,2100,
10:00:35,56.90,1350,
10:00:35,56.90,998,
10:00:35,56.90,600,
10:00:35,56.89,200,
10:00:35,56.89,500,
10:00:35,56.89,600,
10:00:35,56.90,300,
10:00:35,56.89,100,
10:00:35,56.89,300,
10:00:35,56.89,600,
10:00:35,56.89,400,
10:00:35,56.89,1300,
10:00:35,56.88,600,
10:00:35,56.89,300,
10:00:35,56.88,100,
10:00:36,56.88,300,
10:00:36,56.88,199,
10:00:36,56.88,702,
10:00:38,56.88,900,
10:00:39,56.88,100,
10:00:39,56.88,100,
10:00:39,56.88,200,
10:00:40,56.8817,1000,
10:00:40,56.88,100,
10:00:40,56.88,200,
10:00:41,56.88,100,
10:00:45,56.88,1000,
10:00:46,56.88,600,
10:00:46,56.88,1000,
10:00:46,56.88,100,
10:00:46,56.88,100,
10:00:47,56.88,100,
10:00:47,56.88,100,
10:00:47,56.88,600,
10:00:47,56.88,100,
10:00:47,56.88,600,
10:00:47,56.88,100,
10:00:47,56.88,1000,
10:00:47,56.88,100,
10:00:47,56.88,200,
10:00:47,56.88,100,
10:00:47,56.88,200,
10:00:47,56.88,100,
10:00:47,56.88,800,
10:00:47,56.88,100,
10:00:47,56.88,100,
10:00:47,56.88,100,
10:00:47,56.88,100,
10:00:47,56.88,100,
10:00:47,56.88,100,
10:00:47,56.88,100,
10:00:47,56.88,100,
10:00:47,56.88,100,
10:00:47,56.88,100,
10:00:47,56.88,100,
10:00:47,56.88,100,
10:00:47,56.88,100,
10:00:47,56.88,100,
10:00:47,56.88,100,
10:00:47,56.88,100,
10:00:48,56.88,100,
10:00:48,56.88,100,
10:00:48,56.88,100,
10:00:48,56.88,400,
10:00:48,56.88,100,
10:00:48,56.88,193,
10:00:50,56.88,579,
10:00:50,56.88,800,
10:00:50,56.88,100,
10:00:50,56.88,100,
10:00:50,56.88,100,
10:00:51,56.88,100,
10:00:51,56.88,400,
10:00:53,56.88,600,
10:00:55,56.89,400,
10:00:55,56.89,400,
10:00:55,56.90,700,
10:01:00,56.89,100,
10:01:00,56.89,100,
10:01:01,56.88,100,
10:01:01,56.88,200,
10:01:07,56.886,200,
10:01:11,56.87,203,
10:01:14,56.87,4797,
10:01:15,56.87,200,
10:01:15,56.875,100,
10:01:16,56.87,1800,
10:01:16,56.87,1630,
10:01:16,56.87,200,
10:01:16,56.87,400,
10:01:16,56.87,200,
10:01:16,56.87,300,
10:01:16,56.87,100,
10:01:16,56.87,100,
10:01:16,56.86,100,
10:01:17,56.86,800,
10:01:17,56.86,100,
10:01:23,56.86,100,
10:01:24,56.86,400,
10:01:24,56.86,371,
10:01:24,56.86,100,
10:01:24,56.86,100,
10:01:24,56.86,270,
10:01:30,56.86,500,
10:01:34,56.85,600,
10:01:34,56.85,600,
10:01:34,56.85,2500,
10:01:34,56.85,500,
10:01:34,56.84,100,
10:01:34,56.84,134,
10:01:34,56.84,400,
10:01:34,56.84,230,
10:01:34,56.85,365,
10:01:34,56.8419,200,
10:01:35,56.85,1200,
10:01:36,56.84,700,
10:01:37,56.84,400,
10:01:39,56.84,200,
10:01:39,56.83,100,
10:01:39,56.83,100,
10:01:39,56.83,100,
10:01:40,56.8314,800,
10:01:42,56.84,190,
10:01:42,56.84,400,
10:01:42,56.84,1000,
10:01:43,56.85,336,
10:01:44,56.84,100,
10:01:45,56.84,500,
10:01:45,56.84,400,
10:01:48,56.84,150,
10:01:49,56.84,300,
10:01:49,56.85,200,
10:01:49,56.85,150,
10:01:49,56.85,200,
10:01:49,56.85,100,
10:01:50,56.85,500,
10:01:50,56.84,100,
10:01:55,56.84,1000,
10:01:56,56.85,600,
10:01:57,56.8466,100,
10:01:58,56.84,200,
10:02:07,56.84,600,
10:02:07,56.83,100,
10:02:17,56.84,300,
10:02:17,56.849,2000,
10:02:17,56.85,200,
10:02:17,56.85,100,
10:02:17,56.85,200,
10:02:18,56.85,200,
10:02:25,56.8578,332,
10:02:28,56.86,200,
10:02:29,56.86,100,
10:02:31,56.87,600,
10:02:31,56.86,100,
10:02:31,56.86,700,
10:02:31,56.86,1900,
10:02:31,56.86,12200,
10:02:31,56.86,600,
10:02:31,56.86,400,
10:02:31,56.86,300,
10:02:31,56.86,600,
10:02:31,56.86,600,
10:02:31,56.865,529,
10:02:31,56.87,1200,
10:02:31,56.85,400,
10:02:31,56.85,400,
10:02:31,56.85,600,
10:02:31,56.85,600,
10:02:31,56.86,1630,
10:02:31,56.86,330,
10:02:31,56.86,300,
10:02:31,56.84,300,
10:02:31,56.84,400,
10:02:31,56.84,100,
10:02:31,56.84,600,
10:02:31,56.84,1000,
10:02:31,56.85,400,
10:02:31,56.85,3300,
10:02:31,56.85,400,
10:02:31,56.85,100,
10:02:31,56.83,400,
10:02:31,56.83,500,
10:02:31,56.83,300,
10:02:31,56.83,300,
10:02:31,56.84,3200,
10:02:31,56.84,600,
10:02:31,56.84,4300,
10:02:31,56.84,1000,
10:02:31,56.84,1000,
10:02:31,56.84,400,
10:02:31,56.84,1600,
10:02:31,56.84,1000,
10:02:31,56.84,600,
10:02:31,56.84,3300,
10:02:31,56.83,6570,
10:02:31,56.83,1600,
10:02:31,56.83,600,
10:02:31,56.84,200,
10:02:31,56.84,200,
10:02:31,56.84,100,
10:02:31,56.84,100,
10:02:31,56.84,700,
10:02:31,56.84,1800,
10:02:31,56.84,300,
10:02:31,56.84,1629,
10:02:31,56.85,200,
10:02:31,56.85,400,
10:02:31,56.84,600,
10:02:31,56.84,3294,
10:02:31,56.84,906,
10:02:32,56.84,2500,
10:02:32,56.84,600,
10:02:32,56.84,400,
10:02:32,56.83,300,
10:02:32,56.83,400,
10:02:32,56.83,100,
10:02:34,56.82,100,
10:02:34,56.82,385,
10:02:35,56.82,100,
10:02:35,56.82,300,
10:02:35,56.82,400,
10:02:35,56.82,300,
10:02:35,56.82,100,
10:02:38,56.81,1300,
10:02:38,56.81,1600,
10:02:38,56.81,100,
10:02:39,56.82,400,
10:02:39,56.82,600,
10:02:39,56.82,100,
10:02:39,56.82,1305,
10:02:39,56.82,372,
10:02:39,56.82,300,
10:02:39,56.82,100,
10:02:39,56.82,200,
10:02:39,56.82,300,
10:02:39,56.82,100,
10:02:39,56.82,2499,
10:02:39,56.82,100,
10:02:39,56.82,100,
10:02:39,56.82,400,
10:02:39,56.82,800,
10:02:39,56.82,400,
10:02:39,56.82,1300,
10:02:39,56.82,300,
10:02:39,56.82,100,
10:02:39,56.82,100,
10:02:41,56.82,100,
10:02:41,56.82,100,
10:02:41,56.82,400,
10:02:41,56.82,400,
10:02:41,56.82,300,
10:02:43,56.83,600,
10:02:43,56.835,100,
10:02:43,56.835,100,
10:02:43,56.835,100,
10:02:43,56.83,100,
10:02:44,56.84,200,
10:02:45,56.84,400,
10:02:50,56.84,300,
10:02:52,56.84,300,
10:02:52,56.84,400,
10:02:52,56.84,600,
10:02:52,56.84,100,
10:02:53,56.84,500,
10:02:55,56.83,100,
10:02:55,56.83,2400,
10:02:55,56.82,1000,
10:02:55,56.82,300,
10:02:55,56.82,2000,
10:02:55,56.82,400,
10:02:55,56.82,500,
10:02:55,56.82,400,
10:02:55,56.82,600,
10:02:55,56.82,100,
10:02:55,56.83,2000,
10:02:55,56.83,200,
10:02:55,56.83,400,
10:02:55,56.83,1630,
10:02:55,56.83,400,
10:02:55,56.83,1000,
10:02:55,56.83,100,
10:02:55,56.82,100,
10:02:55,56.83,1000,
10:02:55,56.82,100,
10:02:55,56.83,300,
10:02:55,56.82,455,
10:02:55,56.83,100,
10:02:56,56.82,200,
10:02:56,56.82,400,
10:02:56,56.82,600,
10:02:56,56.82,200,
10:02:56,56.82,100,
10:02:57,56.81,100,
10:02:57,56.81,250,
10:02:57,56.81,100,
10:02:57,56.81,400,
10:02:57,56.81,150,
10:02:57,56.80,100,
10:02:57,56.80,200,
10:02:57,56.80,370,
10:02:57,56.79,400,
10:02:57,56.79,100,
10:02:58,56.79,100,
10:02:59,56.79,900,
10:02:59,56.79,300,
10:02:59,56.79,100,
10:03:01,56.79,100,
10:03:01,56.7901,200,
10:03:01,56.79,200,
10:03:03,56.7817,200,
10:03:03,56.7998,500,
10:03:05,56.79,200,
10:03:05,56.79,4300,
10:03:05,56.79,100,
10:03:05,56.79,173,
10:03:05,56.79,400,
10:03:05,56.79,696,
10:03:06,56.79,100,
10:03:06,56.79,700,
10:03:06,56.79,100,
10:03:06,56.7895,200,
10:03:06,56.79,100,
10:03:08,56.79,100,
10:03:09,56.79,600,
10:03:09,56.80,100,
10:03:12,56.80,400,
10:03:13,56.79,400,
10:03:14,56.80,600,
10:03:15,56.80,700,
10:03:16,56.80,200,
10:03:16,56.80,400,
10:03:16,56.80,762,
10:03:16,56.80,600,
10:03:16,56.81,200,
10:03:16,56.8093,500,
10:03:16,56.8094,200,
10:03:16,56.8095,300,
10:03:18,56.81,300,
10:03:18,56.81,400,
10:03:18,56.81,700,
10:03:18,56.81,200,
10:03:18,56.81,250,
10:03:19,56.82,100,
10:03:20,56.81,100,
10:03:20,56.80,200,
10:03:22,56.81,200,
10:03:22,56.8037,300,
10:03:23,56.81,100,
10:03:25,56.8195,1834,
10:03:28,56.80,260,
10:03:28,56.80,100,
