09:30:00,68.112,100,
09:30:00,68.11,600,
09:30:00,68.11,100,
09:30:00,68.11,100,
09:30:00,68.11,100,
09:30:00,68.12,300,
09:30:00,68.12,800,
09:30:00,68.11,900,
09:30:00,68.11,260,
09:30:00,68.10,600,
09:30:00,68.10,100,
09:30:01,68.10,3234,
09:30:01,68.10,2100,
09:30:01,68.10,1000,
09:30:01,68.11,100,
09:30:01,68.11,400,
09:30:02,68.10,112,
09:30:02,68.10,1700,
09:30:02,68.11,1277,
09:30:02,68.11,100,
09:30:02,68.10,1672,
09:30:02,68.11,469,
09:30:02,68.11,348,
09:30:02,68.11,473,
09:30:02,68.11,501,
09:30:02,68.11,1923,
09:30:02,68.12,200,
09:30:02,68.12,115,
09:30:02,68.12,500,
09:30:02,68.12,500,
09:30:02,68.12,200,
09:30:02,68.12,100,
09:30:02,68.12,200,
09:30:02,68.12,100,
09:30:02,68.12,200,
09:30:02,68.12,200,
09:30:02,68.12,500,
09:30:02,68.12,500,
09:30:02,68.12,500,
09:30:02,68.12,500,
09:30:02,68.12,800,
09:30:02,68.12,500,
09:30:03,68.11,500,
09:30:04,68.11,500,
09:30:04,68.11,500,
09:30:04,68.11,200,
09:30:04,68.11,500,
09:30:04,68.12,308,
09:30:05,68.12,497,
09:30:05,68.12,100,
09:30:05,68.12,500,
09:30:05,68.13,400,
09:30:05,68.13,100,
09:30:06,68.12,378,
09:30:06,68.12,500,
09:30:06,68.12,100,
09:30:06,68.13,100,
09:30:06,68.12,500,
09:30:06,68.12,500,
09:30:07,68.12,100,
09:30:07,68.12,100,
09:30:07,68.11,100,
09:30:07,68.11,600,
09:30:07,68.12,208,
09:30:08,68.11,1000,
09:30:08,68.11,500,
09:30:08,68.11,500,
09:30:08,68.11,200,
09:30:08,68.11,1000,
09:30:08,68.11,1000,
09:30:08,68.11,100,
09:30:09,68.10,700,
09:30:09,68.10,1000,
09:30:09,68.10,500,
09:30:09,68.10,500,
09:30:09,68.10,500,
09:30:09,68.10,200,
09:30:09,68.10,500,
09:30:09,68.10,500,
09:30:10,68.10,200,
09:30:10,68.10,500,
09:30:10,68.1175,100,
09:30:10,68.09,1137,
09:30:10,68.09,300,
09:30:10,68.09,300,
09:30:10,68.09,500,
09:30:11,68.09,700,
09:30:11,68.10,300,
09:30:11,68.115,400,
09:30:12,68.09,800,
09:30:12,68.09,600,
09:30:12,68.09,800,
09:30:12,68.09,1600,
09:30:12,68.09,1500,
09:30:12,68.09,2955,
09:30:12,68.09,245,
09:30:12,68.09,2000,
09:30:12,68.10,400,
09:30:12,68.09,100,
09:30:12,68.09,100,
09:30:12,68.09,500,
09:30:12,68.10,400,
09:30:12,68.10,122,
09:30:12,68.09,100,
09:30:14,68.09,400,
09:30:14,68.09,500,
09:30:14,68.09,200,
09:30:14,68.09,300,
09:30:14,68.09,300,
09:30:14,68.09,200,
09:30:14,68.09,500,
09:30:14,68.09,500,
09:30:14,68.09,300,
09:30:14,68.09,2000,
09:30:14,68.09,500,
09:30:14,68.09,200,
09:30:14,68.09,800,
09:30:14,68.09,1800,
09:30:14,68.09,400,
09:30:17,68.09,100,
09:30:17,68.11,1000,
09:30:18,68.111,500,
09:30:19,68.09,2600,
09:30:19,68.085,400,
09:30:20,68.09,200,
09:30:20,68.085,600,
09:30:20,68.085,800,
09:30:21,68.09,100,
09:30:21,68.085,1800,
09:30:21,68.085,800,
09:30:21,68.085,900,
09:30:21,68.09,100,
09:30:21,68.09,100,
09:30:21,68.09,100,
09:30:21,68.10,189,
09:30:21,68.09,400,
09:30:22,68.0925,100,
09:30:23,68.10,400,
09:30:23,68.10,100,
09:30:24,68.09,200,
09:30:24,68.09,400,
09:30:24,68.09,100,
09:30:24,68.09,100,
09:30:24,68.08,100,
09:30:24,68.08,100,
09:30:26,68.08,619,
09:30:27,68.08,300,
09:30:27,68.09,672,
09:30:27,68.09,600,
09:30:27,68.10,400,
09:30:27,68.10,100,
09:30:27,68.09,100,
09:30:27,68.09,200,
09:30:27,68.09,2700,
09:30:27,68.09,400,
09:30:28,68.09,100,
09:30:29,68.09,500,
09:30:29,68.09,100,
09:30:31,68.09,200,
09:30:31,68.09,200,
09:30:31,68.09,2100,
09:30:33,68.08,463,
09:30:34,68.08,500,
09:30:34,68.0787,1000,
09:30:37,68.08,200,
09:30:37,68.08,1200,
09:30:38,68.08,343,
09:30:38,68.07,500,
09:30:38,68.07,500,
09:30:38,68.07,316,
09:30:38,68.07,700,
09:30:38,68.06,1300,
09:30:38,68.06,500,
09:30:38,68.06,500,
09:30:38,68.07,157,
09:30:42,68.07,500,
09:30:42,68.07,300,
09:30:42,68.08,100,
09:30:43,68.07,100,
09:30:46,68.07,400,
09:30:46,68.07,800,
09:30:46,68.07,300,
09:30:46,68.07,300,
09:30:46,68.06,400,
09:30:46,68.07,311,
09:30:46,68.06,300,
09:30:46,68.06,500,
09:30:46,68.06,200,
09:30:46,68.06,600,
09:30:46,68.07,1200,
09:30:48,68.05,730,
09:30:50,68.0799,2000,
09:30:55,68.06,100,
09:30:55,68.06,200,
09:30:55,68.06,1000,
09:30:55,68.06,100,
09:30:55,68.06,507,
09:30:55,68.06,237,
09:30:55,68.06,100,
09:30:55,68.06,100,
09:30:55,68.06,563,
09:31:02,68.06,100,
09:31:04,68.06,200,
09:31:04,68.06,100,
09:31:10,68.06,100,
09:31:13,68.07,500,
09:31:13,68.07,500,
09:31:13,68.07,200,
09:31:13,68.08,200,
09:31:13,68.09,1000,
09:31:13,68.08,200,
09:31:13,68.08,100,
09:31:13,68.08,200,
09:31:13,68.08,500,
09:31:13,68.08,172,
09:31:14,68.08,221,
09:31:15,68.07,100,
09:31:15,68.07,200,
09:31:22,68.07,400,
09:31:22,68.07,100,
09:31:26,68.08,1200,
09:31:28,68.0887,1100,
09:31:31,68.08,212,
09:31:32,68.08,100,
09:31:32,68.08,138,
09:31:34,68.08,534,
09:31:34,68.09,500,
09:31:36,68.08,300,
09:31:36,68.08,300,
09:31:43,68.09,142,
09:31:43,68.09,500,
09:31:43,68.09,242,
09:31:43,68.09,900,
09:31:43,68.10,100,
09:31:43,68.10,200,
09:31:44,68.10,500,
09:31:44,68.10,400,
09:31:45,68.0999,750,
09:31:45,68.09,279,
09:31:45,68.09,100,
09:31:45,68.08,1500,
09:31:45,68.08,187,
09:31:45,68.08,343,
09:31:46,68.08,200,
09:31:46,68.08,313,
09:31:46,68.07,300,
09:31:47,68.07,416,
09:31:47,68.07,146,
09:31:47,68.07,500,
09:31:47,68.07,500,
09:31:47,68.06,315,
09:31:47,68.06,1366,
09:31:47,68.06,500,
09:31:47,68.06,134,
09:31:47,68.06,300,
09:31:47,68.06,1203,
09:31:47,68.07,100,
09:31:47,68.07,100,
09:31:50,68.06,185,
09:31:50,68.06,115,
09:31:51,68.05,500,
09:31:51,68.05,500,
09:31:51,68.05,414,
09:31:51,68.05,200,
09:31:51,68.04,200,
09:31:51,68.04,200,
09:31:52,68.05,800,
09:31:52,68.049,300,
09:31:52,68.049,200,
09:31:53,68.04,200,
09:31:53,68.04,100,
09:31:53,68.04,100,
09:31:53,68.04,100,
09:31:53,68.04,900,
09:31:53,68.04,500,
09:31:53,68.04,500,
09:31:53,68.04,500,
09:31:53,68.03,500,
09:31:53,68.03,500,
09:31:53,68.03,1000,
09:31:53,68.03,2100,
09:31:53,68.03,500,
09:31:53,68.04,100,
09:31:53,68.03,310,
09:31:53,68.03,500,
09:31:53,68.03,200,
09:31:53,68.03,500,
09:31:53,68.03,500,
09:31:53,68.03,371,
09:31:53,68.02,500,
09:31:53,68.02,200,
09:31:54,68.03,300,
09:31:54,68.03,400,
09:31:55,68.03,300,
09:31:57,68.03,300,
09:31:58,68.03,1500,
09:32:00,68.02,400,
09:32:00,68.02,500,
09:32:00,68.0199,8800,
09:32:02,68.02,200,
09:32:02,68.01,500,
09:32:02,68.01,815,
09:32:02,68.01,795,
09:32:02,68.01,200,
09:32:02,68.01,990,
09:32:02,68.01,500,
09:32:02,68.01,500,
09:32:02,68,179,
09:32:02,68,100,
09:32:02,68,100,
09:32:02,68.01,251,
09:32:02,68,500,
09:32:02,68.009,100,
09:32:02,68,133,
09:32:03,68.01,100,
09:32:03,68.01,500,
09:32:03,68,750,
09:32:03,68,100,
09:32:03,68,150,
09:32:03,68,400,
09:32:04,68,618,
09:32:04,68,395,
09:32:04,68,184,
09:32:04,68,500,
09:32:04,68,100,
09:32:04,67.99,100,
09:32:04,67.99,975,
09:32:04,67.99,400,
09:32:04,67.99,100,
09:32:04,67.99,290,
09:32:04,67.99,210,
09:32:04,67.99,2800,
09:32:05,67.98,130,
09:32:05,67.98,350,
09:32:05,67.98,2900,
09:32:05,67.98,500,
09:32:05,67.98,100,
09:32:07,67.99,100,
09:32:07,67.99,700,
09:32:07,67.99,300,
09:32:07,67.99,1200,
09:32:07,67.99,700,
09:32:07,67.99,194,
09:32:07,67.99,344,
09:32:07,67.99,100,
09:32:07,67.99,100,
09:32:07,67.985,900,
09:32:07,67.985,200,
09:32:08,68,100,
09:32:12,67.991,500,
09:32:13,67.99,9100,
09:32:13,67.99,500,
09:32:13,67.99,400,
09:32:13,67.99,1000,
09:32:13,67.99,1600,
09:32:13,67.99,1600,
09:32:13,67.99,100,
09:32:13,67.99,200,
09:32:13,67.99,800,
09:32:13,67.99,200,
09:32:13,67.99,600,
09:32:13,67.99,100,
09:32:13,67.99,300,
09:32:13,67.99,934,
09:32:13,68,200,
09:32:13,68,100,
09:32:13,68,300,
09:32:13,68,400,
09:32:13,68,100,
09:32:13,67.99,200,
09:32:13,67.99,300,
09:32:13,67.99,400,
09:32:13,67.99,1000,
09:32:13,67.98,2100,
09:32:16,67.99,100,
09:32:16,67.99,100,
09:32:16,67.99,2706,
09:32:16,67.99,400,
09:32:16,67.99,500,
09:32:16,67.99,1100,
09:32:16,67.99,100,
09:32:16,67.99,1400,
09:32:16,67.99,300,
09:32:16,67.99,700,
09:32:16,67.99,100,
09:32:16,67.985,700,
09:32:16,67.985,500,
09:32:16,67.99,1051,
09:32:16,67.985,1200,
09:32:16,67.985,1200,
09:32:16,67.99,200,
09:32:16,67.99,149,
09:32:16,67.99,100,
09:32:16,67.99,1500,
09:32:16,67.99,100,
09:32:16,67.99,100,
09:32:16,67.99,1400,
09:32:16,67.99,100,
09:32:17,67.99,1400,
09:32:20,67.98,3100,
09:32:20,67.98,225,
09:32:20,67.98,500,
09:32:20,67.98,232,
09:32:20,67.98,132,
09:32:20,67.98,500,
09:32:20,67.98,1168,
09:32:20,67.98,500,
09:32:21,67.97,1000,
09:32:21,67.9701,100,
09:32:21,67.981,500,
09:32:22,67.98,100,
09:32:23,67.97,200,
09:32:26,67.97,300,
09:32:26,67.97,100,
09:32:26,67.97,2689,
09:32:26,67.97,800,
09:32:26,67.97,500,
09:32:26,67.97,500,
09:32:26,67.97,400,
09:32:26,67.97,2311,
09:32:26,67.97,300,
09:32:26,67.96,100,
09:32:26,67.97,300,
09:32:27,67.97,1500,
09:32:27,67.97,200,
09:32:27,67.97,400,
09:32:29,67.97,500,
09:32:29,67.97,1500,
09:32:31,67.97,600,
09:32:31,67.98,200,
09:32:31,67.98,1100,
09:32:33,67.9701,200,
09:32:33,67.9701,200,
09:32:35,67.97,220,
09:32:36,67.98,400,
09:32:36,67.98,100,
09:32:36,67.98,3000,
09:32:36,67.98,400,
09:32:37,67.98,2100,
09:32:37,67.98,1700,
09:32:37,67.98,2300,
09:32:37,67.98,800,
09:32:37,67.98,9100,
09:32:37,67.98,200,
09:32:37,67.98,3200,
09:32:37,67.98,200,
09:32:37,67.98,100,
09:32:37,67.98,1000,
09:32:37,67.98,2300,
09:32:37,67.98,700,
09:32:39,67.9717,600,
09:32:40,67.97,500,
09:32:40,67.97,1000,
09:32:40,67.97,100,
09:32:40,67.97,4000,
09:32:40,67.97,500,
09:32:40,67.97,700,
09:32:40,67.97,500,
09:32:40,67.97,1000,
09:32:40,67.97,1971,
09:32:40,67.97,300,
09:32:40,67.97,1000,
09:32:40,67.97,20000,
09:32:40,67.97,600,
09:32:40,67.97,200,
09:32:40,67.97,200,
09:32:40,67.97,407,
09:32:40,67.97,1300,
09:32:43,67.97,100,
09:32:44,67.9699,9000,
09:32:47,67.96,250,
09:32:47,67.96,1499,
09:32:47,67.9613,900,
09:32:48,67.96,400,
09:32:55,67.96,1000,
09:32:55,67.96,9100,
09:32:55,67.96,2100,
09:32:55,67.96,100,
09:32:55,67.96,500,
09:32:55,67.96,500,
09:32:55,67.96,733,
09:32:55,67.96,1300,
09:32:57,67.9501,1975,
09:32:57,67.96,200,
09:32:57,67.96,200,
09:32:57,67.96,200,
09:32:57,67.96,2396,
09:32:57,67.96,100,
09:32:57,67.96,100,
09:32:59,67.96,1000,
09:32:59,67.9593,500,
09:33:00,67.951,1500,
09:33:00,67.96,900,
09:33:00,67.96,800,
09:33:00,67.96,1500,
09:33:00,67.96,707,
09:33:00,67.96,1300,
09:33:01,67.96,707,
09:33:01,67.96,2400,
09:33:01,67.96,200,
09:33:01,67.96,100,
09:33:01,67.96,800,
09:33:04,67.96,500,
09:33:05,67.96,100,
09:33:06,67.96,2400,
09:33:06,67.96,200,
09:33:06,67.96,500,
09:33:06,67.96,100,
09:33:06,67.96,600,
09:33:06,67.96,500,
09:33:06,67.96,1800,
09:33:06,67.96,1800,
09:33:06,67.96,200,
09:33:07,67.96,200,
09:33:07,67.96,500,
09:33:07,67.96,200,
09:33:07,67.96,100,
09:33:07,67.96,100,
09:33:07,67.96,1700,
09:33:07,67.96,1100,
09:33:07,67.96,100,
09:33:07,67.96,100,
09:33:09,67.96,1900,
09:33:10,67.96,400,
09:33:10,67.96,300,
09:33:10,67.96,2100,
09:33:10,67.96,200,
09:33:10,67.96,400,
09:33:11,67.96,300,
09:33:11,67.96,1400,
09:33:11,67.96,700,
09:33:11,67.96,209,
09:33:11,67.97,100,
09:33:11,67.96,800,
09:33:11,67.96,200,
09:33:11,67.96,200,
09:33:11,67.96,300,
09:33:11,67.96,1600,
09:33:11,67.96,2400,
09:33:11,67.96,2400,
09:33:12,67.96,2400,
09:33:12,67.96,1700,
09:33:12,67.96,200,
09:33:12,67.96,200,
09:33:14,67.97,100,
09:33:25,67.97,100,
09:33:26,67.962,2000,
09:33:30,67.98,100,
09:33:30,67.98,500,
09:33:30,67.98,1200,
09:33:30,67.98,500,
09:33:30,67.98,2600,
09:33:30,67.98,200,
09:33:30,67.98,2400,
09:33:30,67.98,1200,
09:33:32,67.97,300,
09:33:32,67.97,100,
09:33:32,67.97,100,
09:33:32,67.97,200,
09:33:32,67.97,100,
09:33:32,67.97,200,
09:33:32,67.97,100,
09:33:32,67.97,200,
09:33:32,67.97,200,
09:33:32,67.97,500,
09:33:32,67.97,300,
09:33:33,67.9601,200,
09:33:33,67.96,200,
09:33:42,67.98,100,
09:33:44,67.98,300,
09:33:47,67.98,100,
09:33:47,67.98,200,
09:33:47,67.98,100,
09:33:47,67.98,200,
09:33:49,67.975,300,
09:33:50,67.98,500,
09:33:57,67.98,100,
09:34:00,67.98,1000,
09:34:00,67.98,200,
09:34:00,67.98,100,
09:34:03,67.98,200,
09:34:03,67.98,300,
09:34:03,67.98,568,
09:34:03,67.975,1400,
09:34:03,67.975,1400,
09:34:05,67.98,200,
09:34:07,67.98,100,
09:34:07,67.98,100,
09:34:07,67.98,200,
09:34:07,67.98,900,
09:34:07,67.98,100,
09:34:07,67.98,100,
09:34:07,67.98,100,
09:34:07,67.98,3200,
09:34:07,67.975,800,
09:34:07,67.975,900,
09:34:08,67.98,500,
09:34:08,67.98,200,
09:34:09,67.98,400,
09:34:10,67.99,500,
09:34:13,67.98,100,
09:34:13,67.98,100,
09:34:13,67.98,200,
09:34:15,67.9799,1000,
09:34:17,67.97,100,
09:34:17,67.97,225,
09:34:17,67.97,800,
09:34:17,67.97,500,
09:34:17,67.97,1500,
09:34:17,67.97,100,
09:34:22,67.98,500,
09:34:22,67.98,300,
09:34:22,67.98,400,
09:34:22,67.98,700,
09:34:22,67.98,400,
09:34:22,67.98,200,
09:34:22,67.98,300,
09:34:22,67.98,300,
09:34:22,67.98,500,
09:34:22,67.98,200,
09:34:22,67.98,700,
09:34:22,67.98,400,
09:34:22,67.98,1600,
09:34:22,67.98,100,
09:34:22,67.98,200,
09:34:25,67.9704,1000,
09:34:27,67.98,1200,
09:34:27,67.98,900,
09:34:30,67.98,890,
09:34:30,67.98,1105,
09:34:30,67.98,1200,
09:34:30,67.98,310,
09:34:31,67.99,100,
09:34:31,67.99,400,
09:34:31,67.99,495,
09:34:31,67.99,200,
09:34:34,68,500,
09:34:34,68,500,
09:34:34,68,400,
09:34:35,68,100,
09:34:35,68,500,
09:34:35,68,494,
09:34:35,68,1206,
09:34:35,67.99,268,
09:34:35,67.99,200,
09:34:35,67.99,200,
09:34:35,67.99,400,
09:34:36,68,100,
09:34:40,67.99,100,
09:34:42,67.99,100,
09:34:42,67.99,200,
09:34:42,67.99,200,
09:34:42,68,100,
09:34:43,68,121,
09:34:45,68,200,
09:34:45,68,200,
09:34:46,67.992,3000,
09:34:47,68.01,500,
09:34:47,68.01,200,
09:34:47,68.01,100,
09:34:48,68.01,400,
09:34:53,68,300,
09:34:53,68,300,
09:34:53,68,200,
09:34:53,68,214,
09:34:55,67.99,200,
09:35:00,67.99,100,
09:35:00,67.99,100,
09:35:00,67.99,300,
09:35:00,67.99,700,
09:35:01,67.99,200,
09:35:01,67.99,600,
09:35:01,67.99,500,
09:35:01,67.99,800,
09:35:01,67.99,513,
09:35:01,67.99,187,
09:35:01,67.99,507,
09:35:01,67.98,325,
09:35:01,67.99,200,
09:35:03,67.98,200,
09:35:03,67.98,200,
09:35:03,67.9899,300,
09:35:03,67.98,234,
09:35:03,67.98,366,
09:35:03,67.98,166,
09:35:03,67.98,100,
09:35:09,67.97,100,
09:35:09,67.97,500,
09:35:10,67.97,499,
09:35:10,67.97,100,
09:35:10,67.97,100,
09:35:12,67.97,300,
09:35:12,67.97,200,
09:35:14,67.97,100,
09:35:16,67.98,300,
09:35:16,67.97,200,
09:35:16,67.97,200,
09:35:16,67.97,200,
09:35:16,67.97,100,
09:35:16,67.97,100,
09:35:20,67.98,100,
09:35:23,67.97,2100,
09:35:23,67.97,200,
09:35:23,67.97,100,
09:35:23,67.97,1400,
09:35:23,67.97,1300,
09:35:23,67.97,1600,
09:35:23,67.97,800,
09:35:23,67.97,800,
09:35:23,67.97,100,
09:35:23,67.97,600,
09:35:23,67.97,100,
09:35:23,67.97,100,
09:35:23,67.97,200,
09:35:23,67.98,500,
09:35:23,67.98,100,
09:35:23,67.98,500,
09:35:23,67.98,200,
09:35:23,67.98,200,
09:35:23,67.98,800,
09:35:23,67.97,500,
09:35:23,67.97,100,
09:35:23,67.97,100,
09:35:23,67.97,900,
09:35:23,67.97,640,
09:35:23,67.97,400,
09:35:23,67.97,100,
09:35:23,67.97,500,
09:35:24,67.97,700,
09:35:25,67.97,1800,
09:35:25,67.97,1400,
09:35:25,67.97,200,
09:35:25,67.97,200,
09:35:27,67.97,1200,
09:35:28,67.97,100,
09:35:28,67.97,1300,
09:35:29,67.97,600,
09:35:29,67.97,4514,
09:35:29,67.97,100,
09:35:29,67.97,1500,
09:35:29,67.98,300,
09:35:29,67.98,500,
09:35:29,67.98,2000,
09:35:29,67.98,1000,
09:35:29,67.98,200,
09:35:29,67.98,200,
09:35:29,67.98,1000,
09:35:29,67.98,399,
09:35:29,67.98,200,
09:35:29,67.98,300,
09:35:29,67.98,300,
09:35:29,67.99,1302,
09:35:29,67.99,500,
09:35:29,67.99,500,
09:35:29,67.99,200,
09:35:29,67.99,200,
09:35:29,67.99,700,
09:35:29,67.99,200,
09:35:29,67.99,20000,
09:35:29,67.99,100,
09:35:29,67.99,100,
09:35:29,67.99,200,
09:35:29,67.99,500,
09:35:29,67.99,392,
09:35:29,67.99,600,
09:35:29,67.99,100,
09:35:29,67.99,100,
09:35:29,67.99,200,
09:35:29,67.99,100,
09:35:29,67.99,200,
09:35:29,68,100,
09:35:30,67.99,600,
09:35:30,67.98,100,
09:35:32,67.98,100,
09:35:32,67.98,500,
09:35:34,67.98,100,
09:35:35,67.98,100,
09:35:39,67.98,413,
09:35:39,67.98,100,
09:35:42,67.98,500,
09:35:42,67.98,100,
09:35:42,67.98,100,
09:35:43,67.98,500,
09:35:43,67.98,200,
09:35:43,67.98,400,
09:35:43,67.98,200,
09:35:43,67.98,200,
09:35:43,67.98,600,
09:35:43,67.98,200,
09:35:43,67.98,100,
09:35:43,67.98,1400,
09:35:43,67.99,500,
09:35:43,67.98,1000,
09:35:43,67.98,1000,
09:35:43,67.98,3200,
09:35:43,67.98,200,
09:35:43,67.98,100,
09:35:43,67.98,200,
09:35:43,67.98,200,
09:35:43,67.98,116,
09:35:43,67.98,100,
09:35:43,67.98,300,
09:35:43,67.98,200,
09:35:43,67.98,300,
09:35:43,67.98,1500,
09:35:43,67.98,100,
09:35:43,67.98,200,
09:35:43,67.98,1100,
09:35:43,67.98,1400,
09:35:43,67.98,200,
09:35:43,67.98,200,
09:35:43,67.98,180,
09:35:49,67.98,100,
09:35:50,67.99,500,
09:35:50,67.99,1000,
09:35:50,67.99,1500,
09:35:51,67.98,100,
09:35:53,67.99,500,
09:35:55,67.98,300,
09:35:55,67.98,100,
09:35:55,67.98,389,
09:35:59,67.98,300,
09:35:59,67.98,100,
09:36:01,67.97,100,
09:36:01,67.97,3200,
09:36:01,67.97,812,
09:36:01,67.97,300,
09:36:01,67.97,179,
09:36:01,67.97,500,
09:36:01,67.97,1000,
09:36:01,67.97,200,
09:36:01,67.97,500,
09:36:04,67.96,100,
09:36:06,67.96,100,
09:36:07,67.96,133,
09:36:07,67.96,500,
09:36:08,67.95,600,
09:36:08,67.95,500,
09:36:08,67.95,245,
09:36:08,67.95,100,
09:36:08,67.95,1000,
09:36:08,67.94,100,
09:36:10,67.94,600,
09:36:10,67.945,400,
09:36:10,67.945,200,
09:36:11,67.95,200,
09:36:11,67.945,1000,
09:36:11,67.945,1100,
09:36:11,67.945,200,
09:36:15,67.96,1000,
09:36:15,67.96,100,
09:36:15,67.955,1200,
09:36:15,67.955,1100,
09:36:15,67.955,400,
09:36:15,67.97,107,
09:36:15,67.97,200,
09:36:15,67.97,193,
09:36:15,67.97,1093,
09:36:15,67.97,500,
09:36:15,67.98,100,
09:36:17,67.97,100,
09:36:21,67.96,100,
09:36:23,67.965,100,
09:36:24,67.975,200,
09:36:27,67.97,500,
09:36:27,67.97,200,
09:36:27,67.97,200,
09:36:27,67.97,200,
09:36:27,67.97,1000,
09:36:27,67.97,300,
09:36:27,67.97,1000,
09:36:27,67.97,100,
09:36:27,67.97,700,
09:36:27,67.97,100,
09:36:27,67.97,300,
09:36:27,67.9699,1000,
09:36:33,67.97,200,
09:36:33,67.97,119,
09:36:33,67.97,1400,
09:36:33,67.97,948,
09:36:33,67.97,300,
09:36:33,67.97,1400,
09:36:34,67.97,100,
09:36:34,67.97,400,
09:36:34,67.97,500,
09:36:35,67.97,1300,
09:36:35,67.97,1400,
09:36:35,67.97,100,
09:36:35,67.98,500,
09:36:42,67.98,1107,
09:36:42,67.98,200,
09:36:42,67.98,700,
09:36:42,67.98,800,
09:36:42,67.98,200,
09:36:42,67.98,500,
09:36:42,67.98,500,
09:36:42,67.98,100,
09:36:42,67.98,100,
09:36:43,67.97,100,
09:36:45,67.97,500,
09:36:47,67.97,100,
09:36:47,67.98,100,
09:36:48,67.97,300,
09:36:49,67.9701,300,
09:36:53,67.97,200,
09:36:56,67.97,300,
09:37:01,67.9701,1300,
09:37:06,67.98,700,
09:37:06,67.98,182,
09:37:06,67.98,200,
09:37:06,67.98,611,
09:37:06,67.98,200,
09:37:06,67.98,1300,
09:37:06,67.98,600,
09:37:06,67.98,600,
09:37:06,67.98,600,
09:37:06,67.98,300,
09:37:06,67.98,1300,
09:37:06,67.98,400,
09:37:06,67.98,100,
09:37:06,67.98,200,
09:37:06,67.98,1300,
09:37:06,67.98,200,
09:37:06,67.98,200,
09:37:06,67.98,500,
09:37:06,67.98,300,
09:37:06,67.98,400,
09:37:06,67.98,200,
09:37:06,67.98,900,
09:37:06,67.98,1500,
09:37:06,67.98,300,
09:37:06,67.98,314,
09:37:06,67.98,1000,
09:37:06,67.98,500,
09:37:06,67.98,600,
09:37:06,67.98,600,
09:37:06,67.98,400,
09:37:06,67.98,800,
09:37:06,67.98,300,
09:37:06,67.98,1300,
09:37:07,67.98,175,
09:37:07,67.98,300,
09:37:08,67.99,500,
09:37:08,67.99,500,
09:37:08,67.99,200,
09:37:13,67.99,1200,
09:37:13,67.99,825,
09:37:13,67.99,800,
09:37:16,67.98,100,
09:37:17,67.98,100,
09:37:21,67.98,200,
09:37:24,67.98,100,
09:37:24,67.98,200,
09:37:24,67.98,200,
09:37:24,67.98,100,
09:37:24,67.98,100,
09:37:24,67.98,900,
09:37:24,67.98,200,
09:37:25,67.98,800,
09:37:25,67.98,300,
09:37:29,67.98,200,
09:37:29,67.98,100,
09:37:35,67.9899,1900,
09:37:42,67.98,100,
09:37:44,67.99,400,
09:37:44,67.99,900,
09:37:45,67.99,100,
09:37:48,68,400,
09:37:48,67.99,100,
09:37:48,67.99,1000,
09:37:48,67.99,552,
09:37:48,67.99,200,
09:37:48,67.99,200,
09:37:48,67.99,200,
09:37:49,68,100,
09:37:52,67.989,300,
09:37:54,67.9887,1000,
09:37:58,67.99,800,
09:37:58,67.99,300,
09:38:00,67.99,300,
09:38:00,67.99,900,
09:38:00,67.9999,158,
09:38:09,68,100,
09:38:09,68,100,
09:38:11,67.99,100,
09:38:12,67.99,1200,
09:38:12,67.99,800,
09:38:12,67.99,800,
09:38:13,67.998,3000,
09:38:18,68,1800,
09:38:19,67.99,10000,
09:38:23,68,116,
09:38:23,68,100,
09:38:23,67.995,800,
09:38:23,67.995,1200,
09:38:25,68,200,
09:38:25,68,500,
09:38:25,68,316,
09:38:25,68,500,
09:38:25,68,900,
09:38:25,68,384,
09:38:25,68,255,
09:38:25,68,100,
09:38:25,68,584,
09:38:25,67.9975,100,
09:38:25,67.995,1000,
09:38:25,67.995,1200,
09:38:25,68,300,
09:38:27,68,100,
09:38:27,67.9975,100,
09:38:35,67.9975,800,
09:38:36,68,900,
09:38:36,68,100,
09:38:36,67.9975,300,
09:38:36,68,600,
09:38:37,68,684,
09:38:38,67.99,100,
09:38:39,67.99,500,
09:38:40,67.99,500,
09:38:40,67.99,200,
09:38:41,68,284,
09:38:41,68,100,
09:38:41,68,100,
09:38:41,68,100,
09:38:41,68,1000,
09:38:41,68,600,
09:38:41,68,100,
09:38:41,68,800,
09:38:41,68,232,
09:38:41,68,100,
09:38:41,68,1800,
09:38:41,68,500,
09:38:41,68,100,
09:38:41,68,1600,
09:38:41,68,2400,
09:38:41,68,800,
09:38:41,68,100,
09:38:41,68,1300,
09:38:41,68,1400,
09:38:41,68,1500,
09:38:42,67.99,300,
09:38:42,68,1500,
09:38:42,68,300,
09:38:42,68,2400,
09:38:42,68,500,
09:38:42,68,1100,
09:38:42,68,900,
09:38:42,68,500,
09:38:42,68,200,
09:38:43,68,232,
09:38:46,68.0099,100,
09:38:49,68.01,100,
09:38:49,68.01,100,
09:38:53,68.01,107,
09:38:54,68.01,100,
09:38:54,68.01,500,
09:38:54,68.01,318,
09:38:54,68.02,500,
09:38:54,68.03,260,
09:38:54,68.02,1800,
09:38:54,68.02,800,
09:38:56,68.01,100,
09:38:57,68.01,200,
09:38:57,68.01,1600,
09:38:57,68.01,1000,
09:39:03,68.01,1100,
09:39:05,68.02,500,
09:39:06,68.02,500,
09:39:06,68.02,200,
09:39:08,68.02,800,
09:39:08,68.02,800,
09:39:09,68.01,1100,
09:39:09,68.01,500,
09:39:09,68.01,1000,
09:39:09,68.01,800,
09:39:16,68.01,300,
09:39:16,68.01,100,
09:39:16,68.01,1500,
09:39:17,68.02,500,
09:39:18,68.02,500,
09:39:18,68.02,200,
09:39:18,68.02,200,
09:39:18,68.02,800,
09:39:18,68.03,500,
09:39:18,68.03,500,
09:39:19,68.03,900,
09:39:20,68.03,900,
09:39:22,68.03,100,
09:39:24,68.02,300,
09:39:24,68.02,500,
09:39:24,68.02,500,
09:39:26,68.02,100,
09:39:27,68.02,100,
09:39:28,68.02,100,
09:39:28,68.02,200,
09:39:28,68.02,800,
09:39:29,68.02,300,
09:39:33,68.02,100,
09:39:38,68.02,400,
09:39:40,68.02,300,
09:39:41,68.02,100,
09:39:43,68.02,700,
09:39:45,68.02,100,
09:39:45,68.02,600,
09:39:45,68.02,200,
09:39:45,68.02,200,
09:39:45,68.02,100,
09:39:46,68.02,300,
09:39:46,68.03,100,
09:39:47,68.03,600,
09:39:49,68.02,100,
09:39:50,68.0201,700,
09:39:52,68.03,500,
09:39:52,68.03,100,
09:39:54,68.03,700,
09:39:54,68.03,700,
09:39:55,68.025,200,
09:39:57,68.03,400,
09:39:57,68.03,300,
09:39:58,68.03,400,
09:40:00,68.03,100,
09:40:00,68.03,400,
09:40:01,68.03,493,
09:40:01,68.03,393,
09:40:01,68.03,307,
09:40:05,68.03,100,
09:40:09,68.03,200,
09:40:10,68.03,300,
09:40:10,68.03,100,
09:40:12,68.03,800,
09:40:12,68.03,100,
09:40:12,68.03,100,
09:40:15,68.0399,200,
09:40:16,68.02,100,
09:40:16,68.02,200,
09:40:16,68.02,100,
09:40:16,68.02,500,
09:40:16,68.02,100,
09:40:16,68.02,1100,
09:40:16,68.02,500,
09:40:16,68.02,700,
09:40:16,68.02,100,
09:40:16,68.02,300,
09:40:16,68.02,325,
09:40:16,68.02,200,
09:40:19,68.01,300,
09:40:31,68.0101,500,
09:40:41,68.02,100,
09:40:41,68.02,1200,
09:40:46,68.03,1200,
09:40:46,68.03,500,
09:40:48,68.0375,500,
09:40:52,68.04,300,
09:41:00,68.03,300,
09:41:00,68.03,500,
09:41:01,68.03,100,
09:41:02,68.03,600,
09:41:02,68.03,700,
09:41:02,68.03,517,
09:41:02,68.03,700,
09:41:02,68.03,600,
09:41:02,68.03,700,
09:41:08,68.03,300,
09:41:14,68.03,700,
09:41:17,68.02,200,
09:41:17,68.02,300,
09:41:17,68.02,200,
09:41:17,68.02,700,
09:41:17,68.02,200,
09:41:17,68.02,500,
09:41:18,68.02,500,
09:41:22,68.02,100,
09:41:22,68.02,700,
09:41:22,68.02,2984,
09:41:22,68.02,5000,
09:41:22,68.01,115,
09:41:23,68.02,300,
09:41:28,68.02,600,
09:41:31,68.02,600,
09:41:32,68.02,100,
09:41:33,68.02,400,
09:41:33,68.02,100,
09:41:33,68.02,200,
09:41:33,68.02,400,
09:41:40,68.03,100,
09:41:42,68.03,500,
09:41:42,68.03,500,
09:41:43,68.03,500,
09:41:46,68.03,700,
09:41:51,68.03,700,
09:41:51,68.03,200,
09:41:51,68.03,200,
09:41:51,68.03,100,
09:41:51,68.03,400,
09:41:51,68.03,700,
09:41:51,68.03,200,
09:41:51,68.03,600,
09:41:51,68.03,100,
09:41:52,68.03,700,
09:41:52,68.03,300,
09:41:52,68.03,100,
09:41:53,68.03,700,
09:41:53,68.03,400,
09:41:54,68.03,200,
09:41:56,68.03,200,
09:41:56,68.03,1000,
09:41:56,68.03,800,
09:42:02,68.02,360,
09:42:02,68.03,200,
09:42:02,68.03,800,
09:42:02,68.03,800,
09:42:03,68.03,400,
09:42:04,68.022,5600,
09:42:04,68.03,100,
09:42:04,68.03,200,
09:42:05,68.03,500,
09:42:05,68.03,200,
09:42:06,68.03,100,
09:42:06,68.025,1000,
09:42:07,68.03,500,
09:42:08,68.03,500,
09:42:09,68.03,100,
09:42:09,68.03,100,
09:42:09,68.025,1000,
09:42:09,68.025,400,
09:42:10,68.025,1900,
09:42:18,68.03,100,
09:42:24,68.02,300,
09:42:24,68.02,500,
09:42:24,68.02,100,
09:42:24,68.02,100,
09:42:24,68.02,6400,
09:42:24,68.02,200,
09:42:30,68.01,100,
09:42:30,68.01,1300,
09:42:30,68.01,300,
09:42:30,68.01,200,
09:42:30,68.01,200,
09:42:30,68.01,700,
09:42:30,68.01,800,
09:42:30,68.01,500,
09:42:30,68.01,400,
09:42:30,68.01,200,
09:42:30,68,200,
09:42:31,68,1000,
09:42:31,68,500,
09:42:31,68,500,
09:42:31,68,100,
09:42:31,68,1000,
09:42:33,68.01,100,
09:42:33,68.01,2100,
09:42:33,68.01,400,
09:42:33,68.01,1000,
09:42:37,68.01,1000,
09:42:37,68.01,100,
09:42:37,68.019,300,
09:42:44,67.99,100,
09:42:45,67.99,100,
09:42:45,67.99,100,
09:42:45,67.99,100,
09:42:45,67.99,100,
09:42:48,67.999,400,
09:42:48,67.999,800,
09:42:48,68,400,
09:42:51,68.01,500,
09:42:51,68.01,500,
09:42:51,68.02,100,
09:42:51,68.02,500,
09:42:56,68.01,100,
09:42:56,68.01,300,
09:42:57,68.01,100,
09:42:59,68.01,100,
09:43:03,68,625,
09:43:03,68,225,
09:43:04,68,475,
09:43:07,68,200,
09:43:07,68,175,
09:43:19,68.01,300,
09:43:31,68.019,300,
09:43:31,68.019,300,
09:43:32,68.02,300,
09:43:32,68.02,2500,
09:43:32,68.02,200,
09:43:32,68.02,100,
09:43:32,68.02,500,
09:43:32,68.02,100,
09:43:32,68.02,100,
09:43:33,68.03,100,
09:43:33,68.03,500,
09:43:33,68.03,500,
09:43:33,68.04,500,
09:43:34,68.04,500,
09:43:34,68.04,500,
09:43:34,68.04,100,
09:43:37,68.04,900,
09:43:38,68.03,100,
09:43:38,68.03,200,
09:43:40,68.04,900,
09:43:40,68.04,700,
09:43:45,68.04,218,
09:43:51,68.05,116,
09:43:51,68.05,200,
09:43:51,68.05,300,
09:43:51,68.05,384,
09:43:51,68.05,132,
09:43:52,68.05,184,
09:43:52,68.05,400,
09:43:58,68.0499,150,
09:44:01,68.04,200,
09:44:01,68.04,500,
09:44:01,68.04,400,
09:44:01,68.04,100,
09:44:01,68.03,100,
09:44:03,68.04,100,
09:44:03,68.04,800,
09:44:05,68.04,200,
09:44:09,68.05,116,
09:44:09,68.05,784,
09:44:14,68.05,600,
09:44:14,68.05,384,
09:44:17,68.06,500,
09:44:17,68.06,300,
09:44:18,68.05,500,
09:44:28,68.0546,250,
09:44:37,68.0501,100,
09:44:38,68.0501,1175,
09:44:44,68.059,100,
09:44:44,68.05,266,
09:44:44,68.05,100,
09:44:44,68.04,100,
09:44:46,68.05,600,
09:44:47,68.055,185,
09:44:51,68.05,100,
09:44:51,68.04,200,
09:44:51,68.04,141,
09:44:56,68.05,600,
09:44:57,68.05,800,
09:44:57,68.05,226,
09:44:58,68.05,600,
09:44:58,68.05,200,
09:44:59,68.05,200,
09:44:59,68.05,200,
09:44:59,68.05,200,
09:44:59,68.05,200,
09:45:01,68.045,183,
09:45:06,68.05,400,
09:45:06,68.05,400,
09:45:06,68.05,200,
09:45:08,68.05,1100,
09:45:09,68.05,16300,
09:45:15,68.06,300,
09:45:15,68.06,100,
09:45:15,68.06,400,
09:45:15,68.06,400,
09:45:15,68.06,100,
09:45:15,68.06,100,
09:45:15,68.06,200,
09:45:15,68.06,100,
09:45:16,68.06,200,
09:45:16,68.06,100,
09:45:18,68.06,100,
09:45:18,68.06,124,
09:45:21,68.06,365,
09:45:21,68.06,600,
09:45:23,68.06,200,
09:45:23,68.06,800,
09:45:24,68.06,400,
09:45:24,68.06,300,
09:45:24,68.06,8759,
09:45:24,68.07,527,
09:45:24,68.07,700,
09:45:24,68.07,300,
09:45:24,68.07,100,
09:45:24,68.07,350,
09:45:25,68.07,450,
09:45:25,68.0701,200,
09:45:25,68.08,500,
09:45:25,68.08,300,
09:45:25,68.08,500,
09:45:29,68.089,2300,
09:45:29,68.08,100,
09:45:29,68.08,400,
09:45:30,68.08,100,
09:45:34,68.08,315,
09:45:34,68.08,300,
09:45:34,68.08,585,
09:45:41,68.09,359,
09:45:41,68.08,341,
09:45:42,68.09,200,
09:45:42,68.09,500,
09:45:42,68.09,200,
09:45:42,68.09,141,
09:45:42,68.09,500,
09:45:42,68.09,259,
09:45:42,68.09,141,
09:45:43,68.09,900,
09:45:44,68.09,200,
09:45:46,68.10,100,
09:45:46,68.10,300,
09:45:46,68.10,500,
09:45:47,68.10,100,
09:45:47,68.11,700,
09:45:47,68.1001,7300,
09:45:48,68.11,300,
09:45:48,68.11,200,
09:45:48,68.11,200,
09:45:48,68.11,300,
09:45:48,68.12,193,
09:45:49,68.12,100,
09:45:49,68.12,100,
09:45:50,68.11,387,
09:45:50,68.11,100,
09:45:50,68.11,313,
09:45:56,68.11,200,
09:45:56,68.11,300,
09:45:57,68.10,500,
09:45:57,68.10,500,
09:46:01,68.09,199,
09:46:01,68.0983,1400,
09:46:03,68.09,100,
09:46:06,68.09,500,
09:46:06,68.09,301,
09:46:06,68.08,100,
09:46:06,68.09,600,
09:46:06,68.08,500,
09:46:06,68.08,141,
09:46:17,68.0999,200,
09:46:24,68.09,100,
09:46:25,68.0987,100,
09:46:26,68.10,200,
09:46:26,68.10,500,
09:46:26,68.10,447,
09:46:27,68.11,300,
09:46:27,68.11,200,
09:46:28,68.11,500,
09:46:30,68.11,500,
09:46:36,68.1199,100,
09:46:38,68.12,300,
09:46:42,68.12,800,
09:46:42,68.12,1371,
09:46:42,68.12,229,
09:46:50,68.11,700,
09:46:50,68.11,200,
09:46:50,68.11,100,
09:46:50,68.10,200,
09:46:54,68.1001,1500,
09:46:54,68.11,100,
09:46:55,68.11,200,
09:46:57,68.11,100,
09:46:58,68.11,1300,
09:46:58,68.11,1496,
09:46:59,68.11,1278,
09:47:07,68.11,200,
09:47:07,68.11,300,
09:47:07,68.11,666,
09:47:08,68.11,216,
09:47:08,68.11,100,
09:47:08,68.12,100,
09:47:08,68.12,171,
09:47:08,68.12,171,
09:47:11,68.11,300,
09:47:11,68.11,100,
09:47:19,68.12,100,
09:47:19,68.12,100,
09:47:27,68.1101,300,
09:47:31,68.12,800,
09:47:31,68.12,800,
09:47:32,68.12,100,
09:47:32,68.12,14471,
09:47:32,68.13,100,
09:47:35,68.12,200,
09:47:51,68.1213,1000,
09:47:55,68.12,100,
09:47:55,68.12,100,
09:47:55,68.12,1000,
09:47:55,68.12,2000,
09:47:57,68.12,1000,
09:48:02,68.11,200,
09:48:02,68.11,200,
09:48:02,68.11,100,
09:48:02,68.11,500,
09:48:02,68.11,3600,
09:48:02,68.11,200,
09:48:02,68.11,100,
09:48:02,68.115,100,
09:48:02,68.115,600,
09:48:02,68.115,600,
09:48:02,68.11,100,
09:48:03,68.11,300,
09:48:04,68.115,500,
09:48:04,68.10,800,
09:48:04,68.10,700,
09:48:04,68.10,500,
09:48:04,68.10,500,
09:48:04,68.10,1900,
09:48:04,68.105,600,
09:48:04,68.10,300,
09:48:04,68.105,800,
09:48:04,68.105,600,
09:48:04,68.105,500,
09:48:04,68.105,500,
09:48:04,68.105,600,
09:48:06,68.105,500,
09:48:07,68.09,100,
09:48:07,68.09,100,
09:48:07,68.09,815,
09:48:07,68.09,500,
09:48:07,68.09,500,
09:48:07,68.09,185,
09:48:08,68.09,200,
09:48:08,68.09,200,
09:48:09,68.09,100,
09:48:10,68.09,1000,
09:48:10,68.09,100,
09:48:13,68.089,200,
09:48:19,68.08,500,
09:48:19,68.08,200,
09:48:19,68.08,200,
09:48:19,68.08,600,
09:48:19,68.08,100,
09:48:19,68.08,400,
09:48:19,68.07,100,
09:48:19,68.07,200,
09:48:19,68.07,500,
09:48:19,68.07,200,
09:48:19,68.07,200,
09:48:19,68.07,600,
09:48:19,68.07,100,
09:48:19,68.07,200,
09:48:20,68.07,100,
09:48:20,68.07,100,
09:48:22,68.064,200,
09:48:24,68.07,1800,
09:48:24,68.07,1300,
09:48:24,68.07,1000,
09:48:24,68.07,1800,
09:48:24,68.07,600,
09:48:24,68.07,100,
09:48:24,68.07,300,
09:48:24,68.07,100,
09:48:25,68.08,400,
09:48:25,68.08,200,
09:48:27,68.08,1100,
09:48:30,68.08,500,
09:48:30,68.08,500,
09:48:39,68.0845,100,
09:48:39,68.09,500,
09:48:39,68.09,500,
09:48:44,68.09,100,
09:48:51,68.09,1000,
09:48:51,68.09,600,
09:48:58,68.08,100,
09:49:00,68.08,400,
09:49:00,68.08,500,
09:49:00,68.08,100,
09:49:00,68.08,1000,
09:49:08,68.07,200,
09:49:08,68.07,500,
09:49:08,68.07,500,
09:49:08,68.06,900,
09:49:11,68.07,100,
09:49:23,68.07,800,
09:49:23,68.07,100,
09:49:26,68.08,200,
09:49:26,68.08,100,
09:49:29,68.07,100,
09:49:31,68.06,500,
09:49:31,68.06,500,
09:49:36,68.0601,300,
09:50:01,68.07,500,
09:50:01,68.07,500,
09:50:01,68.08,300,
09:50:01,68.08,500,
09:50:07,68.0762,290,
09:50:18,68.0745,1200,
09:50:22,68.08,410,
09:50:31,68.07,500,
09:50:31,68.07,1000,
09:50:31,68.0601,3400,
09:50:32,68.07,300,
09:50:33,68.065,150,
09:50:45,68.07,400,
09:50:47,68.09,124,
09:50:47,68.08,100,
09:50:47,68.08,100,
09:50:53,68.08,3000,
09:50:55,68.0801,7200,
09:50:59,68.081,1000,
09:51:02,68.08,100,
09:51:02,68.08,1000,
09:51:04,68.0701,200,
09:51:06,68.07,700,
09:51:06,68.07,300,
09:51:14,68.0601,500,
09:51:24,68.08,100,
09:51:25,68.08,100,
09:51:25,68.08,200,
09:51:25,68.08,500,
09:51:25,68.08,4600,
09:51:26,68.09,500,
09:51:26,68.09,500,
09:51:26,68.09,300,
09:51:26,68.09,600,
09:51:41,68.09,200,
09:51:41,68.09,900,
09:51:41,68.09,700,
09:51:49,68.08,500,
09:51:49,68.08,200,
09:51:49,68.08,1000,
09:51:49,68.08,200,
09:51:58,68.08,1000,
09:52:05,68.09,500,
09:52:05,68.09,500,
09:52:05,68.09,400,
09:52:05,68.09,500,
09:52:05,68.09,457,
09:52:05,68.10,200,
09:52:18,68.10,100,
09:52:21,68.10,200,
09:52:21,68.10,400,
09:52:31,68.10,500,
09:52:33,68.09,200,
09:52:33,68.09,1000,
09:52:34,68.0899,500,
09:52:34,68.09,300,
09:52:38,68.081,200,
09:52:50,68.081,150,
09:53:02,68.0899,100,
09:53:02,68.0899,200,
09:53:05,68.08,500,
09:53:05,68.08,500,
09:53:05,68.08,300,
09:53:05,68.08,400,
09:53:05,68.08,100,
09:53:05,68.08,100,
09:53:05,68.07,715,
09:53:06,68.07,400,
09:53:06,68.07,500,
09:53:06,68.07,285,
09:53:07,68.06,500,
09:53:07,68.06,200,
09:53:07,68.06,400,
09:53:07,68.05,616,
09:53:07,68.05,100,
09:53:07,68.05,500,
09:53:07,68.05,500,
09:53:07,68.05,400,
09:53:07,68.05,200,
09:53:07,68.05,200,
09:53:07,68.05,700,
09:53:08,68.04,200,
09:53:13,68.05,800,
09:53:13,68.05,1000,
09:53:18,68.04,500,
09:53:18,68.04,100,
09:53:18,68.04,500,
09:53:19,68.04,500,
09:53:19,68.04,300,
09:53:19,68.04,200,
09:53:19,68.04,700,
09:53:19,68.04,200,
09:53:19,68.04,1500,
09:53:19,68.04,200,
09:53:19,68.04,200,
09:53:19,68.04,500,
09:53:19,68.04,1400,
09:53:19,68.04,200,
09:53:23,68.03,100,
09:53:30,68.04,1300,
09:53:30,68.04,1000,
09:53:30,68.04,100,
09:53:33,68.04,100,
09:53:35,68.05,1000,
09:53:36,68.05,500,
09:53:36,68.05,200,
09:53:38,68.06,200,
09:53:42,68.05,400,
09:53:42,68.05,100,
09:53:45,68.0599,250,
09:53:54,68.06,600,
09:53:54,68.06,1600,
09:53:54,68.06,500,
09:53:54,68.06,1400,
09:53:54,68.06,200,
09:53:54,68.06,200,
09:53:54,68.06,400,
09:53:54,68.06,600,
09:53:54,68.06,300,
09:53:56,68.06,200,
09:53:59,68.06,160,
09:53:59,68.06,500,
09:53:59,68.06,2060,
09:53:59,68.06,1800,
09:53:59,68.06,1100,
09:53:59,68.06,100,
09:53:59,68.06,1500,
09:53:59,68.06,500,
09:53:59,68.06,6700,
09:53:59,68.06,100,
09:53:59,68.06,200,
09:53:59,68.06,1000,
09:53:59,68.06,1000,
09:53:59,68.06,400,
09:53:59,68.06,800,
09:53:59,68.06,500,
09:53:59,68.06,400,
09:54:00,68.06,200,
09:54:00,68.06,2000,
09:54:08,68.06,100,
09:54:11,68.06,600,
09:54:17,68.06,1900,
09:54:17,68.06,100,
09:54:17,68.06,200,
09:54:17,68.06,200,
09:54:17,68.06,200,
09:54:17,68.06,506,
09:54:17,68.06,200,
09:54:18,68.07,816,
09:54:23,68.07,5000,
09:54:23,68.07,4030,
09:54:23,68.07,500,
09:54:23,68.07,900,
09:54:23,68.07,800,
09:54:23,68.07,200,
09:54:23,68.07,5142,
09:54:23,68.08,200,
09:54:23,68.08,400,
09:54:23,68.08,700,
09:54:23,68.08,3000,
09:54:28,68.0701,3500,
09:54:29,68.07,400,
09:54:32,68.06,400,
09:54:49,68.07,200,
09:54:50,68.06,1200,
09:54:51,68.06,500,
09:54:51,68.06,200,
09:54:51,68.06,800,
09:54:51,68.06,241,
09:54:51,68.06,500,
09:54:51,68.06,300,
09:54:51,68.06,200,
09:54:51,68.06,100,
09:55:00,68.05,100,
09:55:00,68.05,500,
09:55:00,68.05,200,
09:55:01,68.05,216,
09:55:05,68.04,700,
09:55:06,68.04,500,
09:55:06,68.04,500,
09:55:06,68.03,116,
09:55:06,68.03,100,
09:55:10,68.03,500,
09:55:10,68.03,500,
09:55:11,68.0201,900,
09:55:18,68.03,1000,
09:55:22,68.03,200,
09:55:22,68.03,200,
09:55:22,68.03,800,
09:55:27,68.02,100,
09:55:29,68.0287,1500,
09:55:31,68.02,500,
09:55:31,68.02,500,
09:55:32,68.01,100,
09:55:37,68.02,100,
09:55:37,68.02,100,
09:55:37,68.02,200,
09:55:39,68.02,600,
09:55:39,68.02,900,
09:55:41,68.02,500,
09:55:44,68.02,200,
09:55:45,68.03,100,
09:55:45,68.0299,200,
09:55:45,68.03,100,
09:55:52,68.03,200,
09:55:52,68.03,400,
09:55:52,68.03,300,
09:55:59,68.04,100,
09:56:00,68.04,500,
09:56:00,68.04,1000,
09:56:00,68.04,500,
09:56:00,68.05,500,
09:56:00,68.05,700,
09:56:00,68.05,200,
09:56:00,68.05,500,
09:56:01,68.05,1000,
09:56:04,68.04,800,
09:56:04,68.03,100,
09:56:04,68.03,200,
09:56:04,68.03,600,
09:56:04,68.03,500,
09:56:04,68.02,100,
09:56:04,68.03,267,
09:56:04,68.03,100,
09:56:04,68.02,484,
09:56:04,68.02,500,
09:56:06,68.02,100,
09:56:07,68.02,1000,
09:56:08,68.02,333,
09:56:09,68.02,667,
09:56:09,68.02,600,
09:56:12,68.02,400,
09:56:12,68.02,100,
09:56:15,68.02,800,
09:56:20,68.01,300,
09:56:20,68.01,500,
09:56:20,68.01,200,
09:56:20,68.01,500,
09:56:20,68.0099,300,
09:56:21,68,300,
09:56:21,68,100,
09:56:21,68,427,
09:56:25,68,4600,
09:56:25,68,1227,
09:56:25,68,1500,
09:56:25,68,800,
09:56:25,68,408,
09:56:25,68,600,
09:56:25,68,100,
09:56:25,68.01,1200,
09:56:25,68.01,1000,
09:56:26,68.01,500,
09:56:27,68.0087,200,
09:56:28,68.01,1400,
09:56:30,68.01,127,
09:56:35,68.02,300,
09:56:35,68.02,201,
09:56:35,68.02,100,
09:56:35,68.02,500,
09:56:35,68.02,101,
09:56:35,68.02,100,
09:56:38,68.02,900,
09:56:43,68.02,900,
09:56:45,68.02,300,
09:56:46,68.02,300,
09:56:51,68.01,200,
09:56:51,68.01,500,
09:56:51,68.01,100,
09:56:51,68.01,100,
09:56:51,68,100,
09:57:00,68.0001,5000,
09:57:04,68.01,100,
09:57:05,68.01,100,
09:57:05,68.01,300,
09:57:09,68.02,700,
09:57:29,68.01,600,
09:57:30,68.01,100,
09:57:30,68.01,300,
09:57:35,68.01,300,
09:57:50,68.02,300,
09:57:50,68.02,1600,
09:57:54,68.01,100,
09:57:54,68.01,1700,
09:57:54,68.01,3500,
09:57:54,68.01,100,
09:57:54,68.01,100,
09:57:54,68.01,2500,
09:57:54,68.01,900,
09:57:54,68.01,1400,
09:57:55,68.0083,150,
09:57:57,68,100,
09:57:57,68,1600,
09:57:57,68,4400,
09:57:57,68,1000,
09:57:57,68,3200,
09:57:57,68,200,
09:57:57,68,200,
09:57:57,68,3800,
09:57:57,68,3200,
09:57:57,68,400,
09:57:57,68,700,
09:57:57,68,600,
09:57:57,68,500,
09:57:57,68,500,
09:57:57,68,100,
09:57:57,68,1000,
09:57:57,68,200,
09:57:57,67.99,100,
09:58:00,67.99,2500,
09:58:00,67.99,2000,
09:58:00,67.99,300,
09:58:00,67.99,2900,
09:58:00,67.99,1600,
09:58:00,67.99,1600,
09:58:00,67.99,800,
09:58:00,67.99,2400,
09:58:00,67.99,500,
09:58:00,67.99,500,
09:58:00,67.99,400,
09:58:00,67.99,500,
09:58:01,67.98,629,
09:58:01,67.9892,450,
09:58:04,67.99,400,
09:58:04,67.99,350,
09:58:04,67.99,900,
09:58:04,67.99,1000,
09:58:04,67.99,600,
09:58:04,67.99,200,
09:58:04,67.99,800,
09:58:04,67.99,900,
09:58:04,67.99,800,
09:58:04,67.99,2000,
09:58:04,67.99,200,
09:58:04,67.99,100,
09:58:04,67.99,300,
09:58:04,67.99,200,
09:58:04,67.99,100,
09:58:04,67.99,200,
09:58:04,67.99,700,
09:58:05,68,500,
09:58:05,68,700,
09:58:05,68,200,
09:58:05,68,500,
09:58:06,68,300,
09:58:06,68.0001,5000,
09:58:07,68,700,
09:58:07,68,100,
09:58:10,67.99,200,
09:58:10,67.99,500,
09:58:10,67.99,9100,
09:58:10,67.99,241,
09:58:10,67.99,400,
09:58:10,67.99,600,
09:58:10,67.99,500,
09:58:10,67.99,800,
09:58:10,67.99,1600,
09:58:10,67.99,259,
09:58:10,67.99,3000,
09:58:10,67.99,800,
09:58:10,67.99,1000,
09:58:10,67.99,1500,
09:58:10,67.99,4500,
09:58:10,67.99,4000,
09:58:10,67.991,1000,
09:58:10,67.99,1000,
09:58:10,67.98,200,
09:58:10,67.98,816,
09:58:10,67.98,500,
09:58:10,67.98,500,
09:58:11,67.985,1500,
09:58:14,67.98,100,
09:58:14,67.98,600,
09:58:14,67.98,500,
09:58:14,67.98,184,
09:58:14,67.98,100,
09:58:15,67.975,100,
09:58:16,67.98,900,
09:58:16,67.98,200,
09:58:16,67.98,100,
09:58:19,67.98,200,
09:58:19,67.98,1000,
09:58:20,67.98,777,
09:58:24,67.99,700,
09:58:24,67.99,200,
09:58:24,67.99,550,
09:58:24,67.99,250,
09:58:24,67.99,500,
09:58:24,67.99,100,
09:58:24,67.99,1000,
09:58:24,67.99,900,
09:58:24,67.99,2700,
09:58:24,67.99,100,
09:58:24,67.99,100,
09:58:24,67.99,1600,
09:58:24,67.99,600,
09:58:24,67.99,100,
09:58:25,67.99,600,
09:58:25,67.99,200,
09:58:25,67.99,200,
09:58:25,67.99,1400,
09:58:25,67.99,200,
09:58:30,67.99,200,
09:58:34,68,500,
09:58:34,68,100,
09:58:34,68,400,
09:58:34,68,700,
09:58:34,68,700,
09:58:35,68,700,
09:58:35,68,271,
09:58:42,68,330,
09:58:42,68,900,
09:58:42,67.99,2000,
09:58:42,67.99,300,
09:58:42,67.99,200,
09:58:45,67.99,200,
09:58:49,67.98,1000,
09:58:49,67.98,3700,
09:58:49,67.98,2100,
09:58:49,67.98,600,
09:58:49,67.98,800,
09:58:49,67.98,200,
09:58:49,67.98,200,
09:58:49,67.98,100,
09:58:49,67.99,200,
09:58:49,67.99,1600,
09:58:49,67.99,1000,
09:58:49,67.99,500,
09:58:49,67.99,3700,
09:58:49,67.99,600,
09:58:49,67.98,300,
09:58:49,67.98,1600,
09:58:49,67.98,100,
09:58:49,67.98,600,
09:58:49,67.98,1400,
09:58:49,67.98,3200,
09:58:49,67.98,200,
09:58:49,67.98,700,
09:58:49,67.98,500,
09:58:49,67.98,500,
09:58:49,67.98,200,
09:58:49,67.98,2000,
09:58:49,67.98,400,
09:58:49,67.98,1000,
09:58:49,67.98,500,
09:58:49,67.98,2100,
09:58:49,67.98,100,
09:58:49,67.99,1400,
09:58:49,67.99,100,
09:58:49,67.98,600,
09:58:54,67.9799,500,
09:59:05,67.98,400,
09:59:05,67.98,200,
09:59:05,67.98,200,
09:59:05,67.98,800,
09:59:17,67.98,512,
09:59:17,67.98,212,
09:59:17,67.98,100,
09:59:17,67.98,388,
09:59:20,67.98,100,
09:59:21,67.9861,225,
09:59:21,67.98,600,
09:59:21,67.98,200,
09:59:21,67.98,900,
09:59:21,67.98,300,
09:59:24,67.98,200,
09:59:36,67.97,100,
09:59:36,67.97,500,
09:59:36,67.97,500,
09:59:36,67.97,500,
09:59:36,67.9647,150,
09:59:36,67.97,800,
09:59:36,67.97,200,
09:59:36,67.97,1400,
09:59:36,67.97,900,
09:59:36,67.97,1300,
09:59:36,67.97,100,
09:59:43,67.97,200,
09:59:54,67.97,1000,
09:59:54,67.97,300,
09:59:54,67.97,700,
09:59:54,67.97,100,
09:59:54,67.97,200,
09:59:54,67.97,400,
09:59:54,67.97,900,
09:59:54,67.98,800,
10:00:01,67.96,300,
10:00:01,67.96,200,
10:00:01,67.96,527,
10:00:01,67.96,200,
10:00:01,67.96,1773,
10:00:03,67.96,500,
10:00:03,67.96,500,
10:00:03,67.95,300,
10:00:03,67.95,700,
10:00:04,67.9599,100,
10:00:09,67.96,145,
10:00:09,67.954,3000,
10:00:15,67.96,100,
10:00:15,67.96,100,
10:00:15,67.96,100,
10:00:15,67.96,400,
10:00:15,67.96,200,
10:00:15,67.96,300,
10:00:15,67.96,100,
10:00:31,67.95,195,
10:00:31,67.95,200,
10:00:31,67.95,500,
10:00:34,67.95,1000,
10:00:34,67.95,100,
10:00:34,67.95,500,
10:00:34,67.94,3900,
10:00:34,67.94,900,
10:00:34,67.94,3620,
10:00:34,67.94,700,
10:00:34,67.94,380,
10:00:34,67.94,1680,
10:00:34,67.94,2262,
10:00:34,67.94,500,
10:00:34,67.94,500,
10:00:34,67.93,116,
10:00:35,67.93,1000,
10:00:35,67.93,3000,
10:00:35,67.93,100,
10:00:35,67.93,400,
10:00:35,67.93,100,
10:00:35,67.93,500,
10:00:35,67.93,300,
10:00:35,67.92,100,
10:00:35,67.92,200,
10:00:36,67.92,100,
10:00:36,67.92,400,
10:00:36,67.92,2200,
10:00:36,67.92,700,
10:00:36,67.92,500,
10:00:36,67.92,200,
10:00:36,67.92,500,
10:00:36,67.91,800,
10:00:36,67.91,1500,
10:00:36,67.91,300,
10:00:36,67.91,500,
10:00:36,67.91,700,
10:00:36,67.91,500,
10:00:36,67.91,1200,
10:00:36,67.91,700,
10:00:36,67.91,200,
10:00:36,67.91,1000,
10:00:36,67.91,500,
10:00:36,67.91,796,
10:00:36,67.91,900,
10:00:36,67.91,100,
10:00:36,67.92,100,
10:00:36,67.91,100,
10:00:36,67.91,200,
10:00:37,67.91,150,
10:00:37,67.90,1000,
10:00:38,67.91,100,
10:00:38,67.91,700,
10:00:38,67.92,200,
10:00:39,67.91,100,
10:00:40,67.92,100,
10:00:40,67.92,315,
10:00:40,67.92,500,
10:00:40,67.92,1000,
10:00:40,67.93,400,
10:00:40,67.93,1000,
10:00:40,67.93,200,
10:00:40,67.92,400,
10:00:42,67.93,500,
10:00:42,67.93,500,
10:00:43,67.92,1000,
10:00:43,67.92,1000,
10:00:43,67.92,100,
10:00:44,67.92,300,
10:00:44,67.92,1100,
10:00:49,67.92,300,
10:00:49,67.92,600,
10:00:49,67.92,1000,
10:00:49,67.92,1000,
10:00:49,67.92,200,
10:00:49,67.92,1200,
10:00:49,67.92,1000,
10:00:49,67.92,3500,
10:00:49,67.92,200,
10:00:49,67.92,4000,
10:00:49,67.92,400,
10:00:49,67.92,3000,
10:00:49,67.92,900,
10:00:49,67.92,300,
10:00:50,67.92,200,
10:00:56,67.91,2900,
10:00:56,67.91,2900,
10:00:56,67.91,200,
10:00:56,67.91,600,
10:00:56,67.91,100,
10:00:56,67.91,1000,
10:00:56,67.91,550,
10:00:56,67.91,500,
10:00:56,67.91,500,
10:00:56,67.91,500,
10:00:56,67.91,400,
10:00:56,67.91,200,
10:00:56,67.91,500,
10:00:56,67.91,4000,
10:00:56,67.91,500,
10:00:56,67.91,200,
10:00:56,67.91,700,
10:00:56,67.91,1313,
10:00:56,67.91,800,
10:00:56,67.91,400,
10:00:56,67.91,3400,
10:00:56,67.91,2100,
10:00:56,67.91,1800,
10:00:56,67.91,2000,
10:00:56,67.91,100,
10:00:56,67.91,700,
10:00:56,67.91,100,
10:00:56,67.90,100,
10:00:56,67.90,600,
10:00:57,67.90,2000,
10:00:57,67.90,3800,
10:00:57,67.90,2100,
10:00:57,67.90,200,
10:00:57,67.90,1000,
10:00:57,67.90,100,
10:00:57,67.90,100,
10:00:57,67.90,1671,
10:00:57,67.90,500,
10:00:57,67.90,500,
10:00:57,67.90,100,
10:00:57,67.90,200,
10:00:57,67.90,200,
10:00:57,67.90,300,
10:00:57,67.90,200,
10:00:57,67.90,500,
10:00:57,67.90,1000,
10:00:57,67.90,200,
10:00:57,67.90,1200,
10:00:57,67.90,500,
10:00:57,67.90,1655,
10:00:57,67.90,1000,
10:00:57,67.90,600,
10:00:57,67.90,1400,
10:00:57,67.90,1300,
10:00:57,67.8917,300,
10:00:58,67.8901,275,
10:00:59,67.90,1708,
10:00:59,67.90,1600,
10:00:59,67.90,185,
10:00:59,67.90,200,
10:00:59,67.91,1000,
10:00:59,67.91,100,
10:00:59,67.91,129,
10:00:59,67.91,1000,
10:00:59,67.91,1400,
10:01:02,67.9145,600,
10:01:07,67.915,600,
10:01:17,67.92,400,
10:01:17,67.92,500,
10:01:17,67.92,500,
10:01:17,67.92,618,
10:01:19,67.93,100,
10:01:19,67.93,100,
10:01:19,67.93,9100,
10:01:19,67.93,900,
10:01:19,67.93,100,
10:01:27,67.93,400,
10:01:31,67.92,100,
10:01:36,67.92,100,
10:01:36,67.92,200,
10:01:36,67.92,1500,
10:01:36,67.92,200,
10:01:36,67.92,900,
10:01:36,67.92,100,
10:01:36,67.92,330,
10:01:36,67.92,400,
10:01:36,67.92,600,
10:01:36,67.92,700,
10:01:36,67.92,100,
10:01:36,67.92,3000,
10:01:36,67.92,100,
10:01:36,67.92,100,
10:01:37,67.92,180,
10:01:46,67.91,1700,
10:01:47,67.91,143,
10:01:47,67.91,257,
10:01:47,67.91,500,
10:01:47,67.91,500,
10:01:47,67.91,500,
10:01:47,67.91,200,
10:01:47,67.90,100,
10:01:47,67.90,500,
10:01:47,67.90,400,
10:01:47,67.90,315,
10:01:47,67.90,500,
10:01:47,67.90,685,
10:01:48,67.90,329,
10:01:50,67.90,129,
10:01:54,67.90,300,
10:01:55,67.91,200,
10:01:58,67.90,100,
10:01:58,67.90,213,
10:01:58,67.90,214,
10:01:58,67.90,182,
10:01:58,67.90,100,
10:01:58,67.90,200,
10:02:00,67.91,500,
10:02:00,67.91,500,
10:02:00,67.91,200,
10:02:00,67.91,500,
10:02:04,67.92,500,
10:02:04,67.92,100,
10:02:04,67.92,500,
10:02:04,67.92,200,
10:02:15,67.9287,100,
10:02:17,67.92,600,
10:02:21,67.93,100,
10:02:21,67.93,800,
10:02:21,67.93,500,
10:02:26,67.93,300,
10:02:36,67.939,185,
10:02:40,67.94,500,
10:02:40,67.94,500,
10:02:40,67.94,600,
10:02:40,67.94,200,
10:02:40,67.94,500,
10:02:42,67.94,100,
10:02:42,67.94,100,
10:02:42,67.93,816,
10:02:48,67.94,300,
10:02:48,67.95,100,
10:02:50,67.95,100,
10:02:50,67.95,500,
10:02:50,67.95,500,
10:02:56,67.96,200,
10:02:58,67.96,300,
10:02:58,67.96,1000,
10:02:58,67.96,500,
10:02:58,67.97,400,
10:02:58,67.97,800,
10:02:59,67.96,200,
10:02:59,67.96,1000,
10:02:59,67.96,200,
10:02:59,67.95,500,
10:02:59,67.95,100,
10:03:00,67.95,1000,
10:03:02,67.95,200,
10:03:02,67.96,300,
10:03:04,67.96,1100,
10:03:09,67.97,300,
10:03:09,67.97,300,
10:03:09,67.97,300,
10:03:09,67.97,10500,
10:03:09,67.97,500,
10:03:09,67.97,500,
10:03:10,67.96,1000,
10:03:13,67.9599,500,
10:03:13,67.96,200,
10:03:13,67.96,100,
10:03:13,67.96,200,
10:03:15,67.96,800,
10:03:22,67.96,100,
10:03:36,67.9705,100,
10:03:43,67.975,600,
10:03:43,67.97,200,
10:03:43,67.97,200,
10:03:43,67.97,500,
10:03:43,67.97,400,
10:03:43,67.97,2400,
10:03:43,67.97,1000,
10:03:43,67.97,400,
10:03:43,67.97,700,
10:03:43,67.97,700,
10:03:43,67.975,200,
10:03:43,67.97,100,
10:03:44,67.97,400,
10:03:44,67.97,2400,
10:03:44,67.97,200,
10:03:44,67.97,1100,
10:03:44,67.97,300,
10:03:44,67.97,500,
10:03:47,67.97,800,
10:03:52,67.98,300,
10:03:53,67.98,500,
10:03:53,67.98,200,
10:03:56,67.98,200,
10:04:01,67.9816,400,
10:04:03,67.98,200,
10:04:03,67.98,200,
10:04:03,67.98,165,
10:04:03,67.98,100,
10:04:03,67.98,800,
10:04:05,67.97,600,
10:04:05,67.97,400,
10:04:05,67.97,400,
10:04:05,67.97,515,
10:04:05,67.97,347,
10:04:05,67.97,353,
10:04:06,67.9613,500,
10:04:14,67.97,100,
10:04:15,67.97,500,
10:04:18,67.97,800,
10:04:26,67.98,500,
10:04:26,67.98,400,
10:04:27,67.98,570,
10:04:27,67.98,700,
10:04:31,67.98,100,
10:04:37,67.97,100,
10:04:38,67.97,400,
10:04:38,67.97,600,
10:04:45,67.969,500,
10:05:00,67.97,900,
10:05:12,67.98,200,
10:05:12,67.98,100,
10:05:12,67.98,300,
10:05:16,67.99,100,
10:05:18,67.99,400,
10:05:18,67.99,300,
10:05:18,67.99,500,
10:05:18,67.99,200,
10:05:20,68,500,
10:05:20,68,500,
10:05:20,68,500,
10:05:21,68,100,
10:05:21,68,900,
10:05:27,68,100,
10:05:33,67.9913,800,
10:05:36,68,200,
10:05:37,67.99,100,
10:05:38,67.98,100,
10:05:38,67.98,200,
10:05:45,67.9899,5600,
10:05:46,67.99,200,
10:05:46,67.99,100,
10:05:52,67.99,100,
10:05:53,67.99,300,
10:06:07,67.9801,700,
10:06:11,67.98,500,
10:06:11,67.98,500,
10:06:11,67.98,100,
10:06:11,67.98,500,
10:06:11,67.97,715,
10:06:11,67.97,185,
10:06:11,67.97,185,
10:06:11,67.97,500,
10:06:11,67.97,200,
10:06:11,67.97,285,
10:06:12,67.97,100,
10:06:14,67.97,286,
10:06:22,67.96,100,
10:06:22,67.96,294,
10:06:28,67.96,100,
10:06:31,67.97,800,
10:06:35,67.98,500,
10:06:35,67.98,200,
10:06:35,67.98,200,
10:06:35,67.98,800,
10:06:39,67.98,100,
10:06:39,67.98,600,
10:06:42,67.97,222,
10:06:42,67.97,222,
10:06:42,67.97,208,
10:06:59,67.97,500,
10:06:59,67.97,500,
10:06:59,67.97,200,
10:06:59,67.97,200,
10:06:59,67.97,183,
10:07:01,67.97,100,
10:07:08,67.96,200,
10:07:08,67.96,1000,
10:07:08,67.96,500,
10:07:08,67.96,815,
10:07:08,67.96,800,
10:07:08,67.96,190,
10:07:08,67.96,125,
10:07:08,67.96,440,
10:07:10,67.95,100,
10:07:15,67.951,2000,
10:07:21,67.96,300,
10:07:22,67.96,600,
10:07:27,67.9691,130,
10:07:29,67.96,100,
10:07:30,67.96,100,
10:07:39,67.95,200,
10:07:39,67.95,100,
10:07:39,67.95,200,
10:07:39,67.95,600,
10:07:41,67.95,500,
10:07:41,67.95,500,
10:07:41,67.95,500,
10:07:47,67.949,100,
10:07:47,67.94,100,
10:07:50,67.94,500,
10:07:50,67.94,100,
10:07:50,67.94,500,
10:07:50,67.94,350,
10:07:50,67.93,2300,
10:07:54,67.94,100,
10:07:57,67.939,500,
10:08:01,67.94,800,
10:08:01,67.94,800,
10:08:01,67.94,800,
10:08:03,67.95,200,
10:08:06,67.94,100,
10:08:06,67.94,300,
10:08:06,67.94,500,
10:08:06,67.94,400,
10:08:06,67.94,100,
10:08:06,67.94,300,
10:08:06,67.94,300,
10:08:06,67.94,800,
10:08:06,67.94,200,
10:08:06,67.94,100,
10:08:06,67.94,300,
10:08:06,67.94,1000,
10:08:10,67.94,200,
10:08:10,67.94,200,
10:08:10,67.94,500,
10:08:17,67.95,500,
10:08:17,67.95,800,
10:08:17,67.95,200,
10:08:17,67.95,200,
10:08:17,67.95,700,
10:08:17,67.95,600,
10:08:17,67.95,200,
10:08:17,67.94,300,
10:08:17,67.95,100,
10:08:17,67.95,400,
10:08:17,67.95,200,
10:08:17,67.95,300,
10:08:17,67.95,200,
10:08:17,67.94,266,
10:08:17,67.94,150,
10:08:17,67.95,500,
10:08:19,67.94,234,
10:08:19,67.93,500,
10:08:19,67.93,425,
10:08:19,67.92,800,
10:08:19,67.93,100,
10:08:23,67.93,200,
10:08:23,67.93,300,
10:08:23,67.93,200,
10:08:23,67.93,100,
10:08:23,67.93,200,
10:08:23,67.93,2000,
10:08:23,67.93,200,
10:08:23,67.93,400,
10:08:23,67.93,1300,
10:08:23,67.9201,7227,
10:08:33,67.9299,100,
10:08:38,67.9299,777,
10:08:39,67.92,300,
10:08:43,67.92,100,
10:08:52,67.92,400,
10:08:53,67.92,500,
10:08:53,67.92,100,
10:08:53,67.92,500,
10:08:55,67.9199,200,
10:09:10,67.92,300,
10:09:16,67.92,1000,
10:09:16,67.92,100,
10:09:20,67.93,100,
10:09:27,67.93,400,
10:09:27,67.93,500,
10:09:27,67.93,500,
10:09:29,67.93,700,
10:09:33,67.93,700,
10:09:33,67.93,200,
10:09:34,67.93,500,
10:09:43,67.9399,300,
10:09:45,67.94,500,
10:09:45,67.94,100,
10:09:45,67.94,500,
10:09:45,67.94,1100,
10:09:48,67.95,500,
10:09:48,67.95,500,
10:09:48,67.95,200,
10:09:48,67.95,200,
10:09:48,67.96,300,
10:09:48,67.96,300,
10:09:51,67.96,400,
10:09:51,67.96,800,
10:09:51,67.96,165,
10:09:51,67.96,100,
10:09:51,67.96,200,
10:09:51,67.96,500,
10:09:51,67.96,3435,
10:09:52,67.96,100,
10:09:55,67.97,100,
10:09:56,67.9683,500,
10:09:57,67.96,700,
10:09:58,67.96,570,
10:09:58,67.96,100,
10:09:59,67.96,100,
10:10:00,67.9592,500,
10:10:04,67.96,800,
10:10:10,67.96,447,
10:10:11,67.96,600,
10:10:11,67.96,100,
10:10:14,67.96,800,
10:10:15,67.95,500,
10:10:15,67.95,500,
10:10:25,67.95,100,
10:10:25,67.95,600,
10:10:37,67.953,895,
10:10:38,67.96,500,
10:10:38,67.96,800,
10:10:39,67.97,100,
10:10:41,67.97,500,
10:10:41,67.97,100,
10:10:41,67.97,500,
10:10:46,67.98,100,
10:10:46,67.98,400,
10:10:46,67.98,400,
10:10:46,67.98,400,
10:10:46,67.98,300,
10:10:55,67.98,500,
10:11:00,67.98,800,
10:11:20,67.98,300,
10:11:22,67.98,400,
10:11:35,67.98,800,
10:11:35,67.98,100,
10:11:45,67.97,200,
10:11:45,67.97,500,
10:11:45,67.97,711,
10:11:57,67.969,100,
10:11:57,67.97,100,
10:11:58,67.965,300,
10:12:02,67.96,500,
10:12:02,67.96,500,
10:12:02,67.96,800,
10:12:02,67.965,2200,
10:12:02,67.95,516,
10:12:02,67.965,1000,
10:12:02,67.961,2000,
10:12:02,67.965,300,
10:12:02,67.965,100,
10:12:02,67.96,200,
10:12:02,67.9625,1000,
10:12:02,67.9625,1700,
10:12:02,67.965,2000,
10:12:02,67.95,500,
10:12:02,67.965,200,
10:12:02,67.965,1500,
10:12:02,67.955,1200,
10:12:02,67.95,426,
10:12:02,67.95,500,
10:12:02,67.955,200,
10:12:03,67.96,200,
10:12:03,67.96,200,
10:12:03,67.955,100,
10:12:05,67.955,200,
10:12:06,67.95,3700,
10:12:06,67.94,277,
10:12:06,67.94,800,
10:12:06,67.94,500,
10:12:06,67.955,1000,
10:12:06,67.951,100,
10:12:06,67.955,100,
10:12:06,67.955,100,
10:12:06,67.94,500,
10:12:06,67.94,236,
10:12:06,67.94,600,
10:12:06,67.9301,300,
10:12:06,67.9301,100,
10:12:06,67.945,700,
10:12:07,67.94,900,
10:12:07,67.94,300,
10:12:07,67.94,800,
10:12:07,67.94,600,
10:12:07,67.94,100,
10:12:08,67.93,100,
10:12:10,67.94,100,
10:12:10,67.945,300,
10:12:10,67.95,100,
10:12:11,67.95,200,
10:12:11,67.95,100,
10:12:14,67.94,100,
10:12:14,67.94,100,
10:12:14,67.94,100,
10:12:14,67.94,100,
10:12:14,67.94,100,
10:12:14,67.94,100,
10:12:14,67.94,100,
10:12:16,67.94,100,
10:12:16,67.94,100,
10:12:18,67.94,100,
10:12:24,67.94,500,
10:12:32,67.95,200,
10:12:32,67.95,100,
10:12:32,67.95,500,
10:12:33,67.95,800,
10:12:33,67.95,1000,
10:12:33,67.953,300,
10:12:33,67.96,236,
10:12:33,67.96,564,
10:12:33,67.96,164,
10:12:33,67.96,336,
10:12:33,67.96,164,
10:12:40,67.96,300,
10:12:40,67.97,200,
10:12:41,67.96,100,
10:12:41,67.96,200,
10:12:41,67.96,200,
10:12:43,67.95,200,
10:12:43,67.95,200,
10:12:43,67.95,200,
10:12:43,67.95,200,
10:12:43,67.95,100,
10:12:43,67.95,300,
10:12:43,67.94,100,
10:12:43,67.94,200,
10:12:43,67.94,616,
10:12:44,67.94,100,
10:12:45,67.95,692,
10:12:45,67.95,100,
10:12:45,67.95,100,
10:12:53,67.95,100,
10:12:53,67.95,800,
10:12:56,67.95,600,
10:13:00,67.96,500,
10:13:00,67.96,400,
10:13:00,67.96,200,
10:13:00,67.96,800,
10:13:00,67.96,800,
10:13:00,67.96,700,
10:13:00,67.96,300,
10:13:01,67.97,100,
10:13:01,67.97,200,
10:13:01,67.97,500,
10:13:01,67.97,500,
10:13:01,67.97,200,
10:13:18,67.98,800,
10:13:18,67.98,100,
10:13:18,67.98,350,
10:13:18,67.98,500,
10:13:24,67.98,100,
10:13:24,67.98,700,
10:13:24,67.98,200,
10:13:26,67.99,1000,
10:13:28,67.99,500,
10:13:43,67.98,500,
10:13:48,67.99,466,
10:13:48,67.99,5600,
10:13:54,68,100,
10:13:54,68,100,
10:13:54,68,100,
10:13:55,68,500,
10:13:55,68,200,
10:13:56,68.01,500,
10:13:57,68.01,100,
10:13:57,68.01,100,
10:13:57,68.01,100,
10:13:57,68.01,100,
10:13:57,68.01,100,
10:13:57,68.01,100,
10:13:57,68.01,100,
10:13:57,68.01,100,
10:13:57,68.01,100,
10:13:57,68.01,100,
10:13:57,68.01,100,
10:13:57,68.01,100,
10:13:58,68.01,100,
10:13:58,68.01,100,
10:13:58,68,100,
10:13:58,68,200,
10:13:58,68,100,
10:13:58,68,200,
10:14:05,68,100,
10:14:06,67.9917,100,
10:14:12,68,800,
10:14:23,68,800,
10:14:31,67.99,100,
10:14:48,68,400,
10:15:03,68,200,
10:15:09,67.9901,1500,
10:15:26,68,800,
10:15:26,68,500,
10:15:26,68,800,
10:15:26,68,400,
10:15:26,68,200,
10:15:26,68,700,
10:15:27,68,1400,
10:15:30,68,100,
10:15:30,68,2100,
10:15:30,68.01,100,
10:15:41,68.01,300,
10:15:41,68.01,500,
10:15:41,68.01,200,
10:15:41,68.01,500,
10:15:43,68.01,600,
10:15:43,68.01,500,
10:15:44,68.01,900,
10:15:46,68,100,
10:15:46,68.01,100,
10:15:46,68,300,
10:15:46,68.01,300,
10:15:48,68,200,
10:15:48,68,800,
10:15:48,67.99,100,
10:16:02,67.99,100,
10:16:02,67.99,500,
10:16:02,67.99,500,
10:16:02,67.99,500,
10:16:02,67.99,300,
10:16:02,67.99,400,
10:16:02,67.98,200,
10:16:02,67.98,416,
10:16:03,67.98,1000,
10:16:08,67.98,100,
10:16:12,67.99,700,
10:16:12,67.99,1800,
10:16:34,67.99,200,
10:16:40,67.98,100,
10:16:40,67.98,100,
10:16:40,67.98,100,
10:16:41,67.98,100,
10:16:41,67.98,100,
10:16:42,67.98,100,
10:16:45,67.99,100,
10:16:45,67.99,100,
10:16:45,67.99,200,
10:16:48,67.99,100,
10:16:48,67.99,100,
10:16:48,67.99,100,
10:16:48,67.99,400,
10:16:48,67.99,100,
10:16:48,67.99,500,
10:16:48,67.98,200,
10:16:48,67.98,384,
10:16:48,67.98,600,
10:16:51,67.98,500,
10:16:56,67.989,100,
10:16:56,67.989,100,
10:17:00,67.99,800,
10:17:00,67.99,1100,
10:17:13,67.9899,1000,
10:17:19,67.985,500,
10:17:22,67.98,100,
10:17:25,67.98,100,
10:17:25,67.98,100,
10:17:25,67.98,100,
10:17:25,67.98,100,
10:17:26,67.98,100,
10:17:33,67.9801,600,
10:17:34,67.99,800,
10:17:34,67.99,100,
10:17:36,67.9901,1400,
10:17:37,67.995,1000,
10:17:52,67.99,100,
10:17:52,67.99,800,
10:17:52,67.98,315,
10:17:52,67.98,100,
10:17:54,67.9887,1709,
10:18:12,67.98,100,
10:18:12,67.98,500,
10:18:34,67.97,100,
10:18:34,67.97,100,
10:18:34,67.97,500,
10:18:34,67.97,400,
10:18:50,67.97,100,
10:19:33,67.97,100,
10:19:34,67.97,100,
10:19:37,67.97,400,
10:19:43,67.97,293,
10:19:43,67.97,100,
10:19:54,67.97,200,
10:20:17,67.961,200,
10:20:22,67.96,400,
10:20:22,67.96,800,
10:20:22,67.96,500,
10:20:22,67.95,100,
10:20:22,67.95,200,
10:20:22,67.95,300,
10:20:42,67.95,100,
10:20:42,67.95,500,
10:20:42,67.95,500,
10:20:43,67.94,100,
10:20:43,67.94,500,
10:20:43,67.94,500,
10:20:43,67.93,800,
10:20:44,67.93,416,
10:20:44,67.93,200,
10:20:44,67.9399,3100,
10:20:56,67.93,500,
10:20:56,67.93,400,
10:20:56,67.93,500,
10:20:56,67.92,2600,
10:20:56,67.93,200,
10:20:56,67.92,815,
10:20:56,67.92,100,
10:21:03,67.92,116,
10:21:03,67.92,100,
10:21:03,67.92,500,
10:21:03,67.91,800,
10:21:05,67.915,400,
10:21:06,67.91,200,
10:21:06,67.91,100,
10:21:06,67.91,100,
10:21:06,67.91,400,
10:21:06,67.91,100,
10:21:06,67.91,500,
10:21:06,67.91,600,
10:21:06,67.91,700,
10:21:06,67.91,800,
10:21:06,67.91,100,
10:21:06,67.91,200,
10:21:06,67.91,400,
10:21:06,67.91,400,
10:21:06,67.91,800,
10:21:06,67.91,800,
10:21:06,67.91,100,
10:21:06,67.91,1000,
10:21:06,67.91,200,
10:21:10,67.90,500,
10:21:10,67.90,200,
10:21:10,67.90,100,
10:21:10,67.89,695,
10:21:10,67.89,1000,
10:21:12,67.90,800,
10:21:12,67.90,100,
10:21:13,67.90,200,
10:21:13,67.90,200,
10:21:15,67.9005,1000,
10:21:31,67.909,100,
10:21:34,67.90,200,
10:21:39,67.905,209,
10:21:43,67.91,181,
10:21:43,67.91,319,
10:21:44,67.91,600,
10:21:44,67.91,900,
10:21:51,67.91,400,
10:21:54,67.90,100,
10:21:54,67.90,500,
10:21:54,67.90,1000,
10:21:56,67.90,100,
10:21:56,67.90,500,
10:21:57,67.9099,200,
10:22:00,67.90,100,
10:22:02,67.90,100,
10:22:06,67.91,500,
10:22:07,67.91,700,
10:22:09,67.91,200,
10:22:11,67.91,500,
10:22:12,67.91,500,
10:22:13,67.91,100,
10:22:14,67.9001,4700,
10:22:14,67.90,1000,
10:22:14,67.90,500,
10:22:17,67.90,562,
10:22:18,67.90,1000,
10:22:19,67.91,800,
10:22:19,67.91,400,
10:22:19,67.91,200,
10:22:19,67.91,400,
10:22:19,67.91,130,
10:22:19,67.91,500,
10:22:19,67.91,400,
10:22:19,67.91,4000,
10:22:19,67.91,800,
10:22:19,67.91,200,
10:22:19,67.91,1000,
10:22:19,67.91,400,
10:22:19,67.91,400,
10:22:20,67.91,600,
10:22:20,67.91,100,
10:22:21,67.91,100,
10:22:21,67.90,716,
10:22:22,67.90,316,
10:22:22,67.90,500,
10:22:22,67.90,100,
10:22:22,67.90,200,
10:22:22,67.90,200,
10:22:22,67.90,284,
10:22:22,67.90,184,
10:22:22,67.90,600,
10:22:23,67.90,200,
10:22:23,67.90,200,
10:22:24,67.88,175,
10:22:24,67.89,400,
10:22:24,67.89,500,
10:22:24,67.89,500,
10:22:24,67.89,500,
10:22:24,67.88,1629,
10:22:24,67.88,100,
10:22:24,67.88,500,
10:22:24,67.88,500,
10:22:24,67.88,1600,
10:22:24,67.87,334,
10:22:24,67.87,182,
10:22:24,67.87,100,
10:22:24,67.87,200,
10:22:25,67.87,200,
10:22:25,67.87,100,
10:22:26,67.8799,3000,
10:22:27,67.88,561,
10:22:27,67.88,800,
10:22:28,67.89,300,
10:22:28,67.88,10000,
10:22:29,67.889,200,
10:22:29,67.89,200,
10:22:29,67.89,700,
10:22:29,67.889,400,
10:22:29,67.88,100,
10:22:30,67.88,100,
10:22:31,67.88,400,
10:22:31,67.88,100,
10:22:32,67.88,600,
10:22:32,67.88,200,
10:22:41,67.87,300,
10:22:45,67.87,100,
10:22:45,67.87,100,
10:22:45,67.87,4000,
10:22:45,67.87,100,
10:22:45,67.87,1199,
10:22:45,67.87,2900,
10:22:45,67.87,1500,
10:22:45,67.87,385,
10:22:45,67.87,500,
10:22:45,67.87,172,
10:22:45,67.86,100,
10:22:45,67.87,200,
10:22:45,67.86,700,
10:22:45,67.86,116,
10:22:45,67.86,3400,
10:22:45,67.86,500,
10:22:45,67.86,100,
10:22:45,67.86,700,
10:22:45,67.85,900,
10:22:45,67.85,387,
10:22:45,67.85,582,
10:22:45,67.85,318,
10:22:45,67.85,218,
10:22:45,67.85,2800,
10:22:45,67.85,182,
10:22:45,67.85,122,
10:22:45,67.85,700,
10:22:45,67.85,200,
10:22:46,67.87,3000,
10:22:46,67.85,200,
10:22:46,67.85,100,
10:22:46,67.85,200,
10:22:47,67.86,2000,
10:22:48,67.85,1000,
10:22:48,67.85,100,
10:22:48,67.85,491,
10:22:48,67.85,407,
10:22:48,67.85,1500,
10:22:48,67.85,1000,
10:22:48,67.85,100,
10:22:48,67.85,700,
10:22:48,67.85,100,
10:22:48,67.85,100,
10:22:50,67.85,100,
10:22:50,67.85,100,
10:22:50,67.85,150,
10:22:52,67.86,100,
10:22:52,67.86,200,
10:22:52,67.86,900,
10:22:53,67.851,2300,
10:22:56,67.86,800,
10:23:00,67.8513,100,
10:23:00,67.86,900,
10:23:01,67.86,100,
10:23:01,67.86,100,
10:23:01,67.86,100,
10:23:03,67.86,100,
10:23:05,67.8613,655,
10:23:09,67.85,700,
10:23:11,67.8599,900,
10:23:23,67.86,200,
10:23:23,67.86,100,
10:23:23,67.86,100,
10:23:23,67.86,393,
10:23:26,67.86,200,
10:23:26,67.86,100,
10:23:28,67.87,100,
10:23:36,67.87,875,
10:23:36,67.87,100,
10:23:36,67.87,500,
10:23:36,67.87,500,
10:23:37,67.87,100,
10:23:37,67.87,100,
10:23:38,67.87,300,
10:23:56,67.8787,500,
10:23:57,67.87,100,
10:23:57,67.87,100,
10:23:57,67.87,100,
10:23:57,67.87,300,
10:23:57,67.8701,300,
10:24:00,67.87,100,
10:24:02,67.87,100,
10:24:10,67.86,500,
10:24:10,67.86,100,
10:24:10,67.86,200,
10:24:10,67.86,1000,
10:24:10,67.86,500,
10:24:10,67.86,252,
10:24:10,67.86,352,
10:24:14,67.85,300,
10:24:14,67.85,365,
10:24:14,67.85,135,
10:24:14,67.85,500,
10:24:14,67.85,295,
10:24:14,67.85,100,
10:24:14,67.85,100,
10:24:14,67.85,700,
10:24:14,67.85,100,
10:24:14,67.85,1100,
10:24:14,67.85,200,
10:24:14,67.85,300,
10:24:14,67.85,800,
10:24:14,67.85,500,
10:24:14,67.85,100,
10:24:14,67.85,200,
10:24:14,67.85,100,
10:24:14,67.85,200,
10:24:14,67.85,300,
10:24:14,67.85,200,
10:24:14,67.85,100,
10:24:14,67.85,500,
10:24:14,67.85,100,
10:24:14,67.85,900,
10:24:14,67.85,700,
10:24:14,67.85,200,
10:24:14,67.85,600,
10:24:14,67.85,100,
10:24:14,67.85,300,
10:24:14,67.85,900,
10:24:14,67.85,1800,
10:24:14,67.85,1500,
10:24:14,67.85,1400,
10:24:14,67.85,800,
10:24:14,67.85,200,
10:24:14,67.85,800,
10:24:14,67.85,900,
10:24:14,67.85,100,
10:24:14,67.85,100,
10:24:17,67.85,100,
10:24:17,67.85,100,
10:24:17,67.84,100,
10:24:18,67.85,900,
10:24:18,67.85,100,
10:24:18,67.85,600,
10:24:18,67.85,400,
10:24:18,67.85,1000,
10:24:18,67.85,200,
10:24:18,67.85,100,
10:24:18,67.85,100,
10:24:18,67.85,600,
10:24:18,67.85,100,
10:24:18,67.85,800,
10:24:18,67.85,300,
10:24:18,67.85,300,
10:24:18,67.85,300,
10:24:18,67.85,200,
10:24:21,67.8413,200,
10:24:23,67.84,100,
10:24:25,67.84,100,
10:24:28,67.84,400,
10:24:28,67.84,100,
10:24:32,67.85,100,
10:24:32,67.85,200,
10:24:32,67.85,700,
10:24:32,67.85,600,
10:24:32,67.85,200,
10:24:36,67.85,300,
10:24:36,67.85,600,
10:24:38,67.85,100,
10:24:38,67.85,200,
10:24:41,67.84,500,
10:24:43,67.85,900,
10:24:43,67.86,100,
10:24:43,67.86,321,
10:24:44,67.85,500,
10:24:46,67.85,600,
10:24:46,67.85,800,
10:24:46,67.85,200,
10:24:46,67.85,200,
10:24:46,67.85,1400,
10:24:46,67.85,1000,
10:24:49,67.85,200,
10:24:52,67.8599,3000,
10:24:56,67.85,100,
10:24:56,67.85,900,
10:25:03,67.8499,5000,
10:25:04,67.84,500,
10:25:04,67.84,100,
10:25:04,67.84,100,
10:25:04,67.84,100,
10:25:04,67.84,100,
10:25:05,67.84,400,
10:25:06,67.8483,500,
10:25:06,67.84,200,
10:25:06,67.8301,100,
10:25:13,67.83,4000,
10:25:13,67.83,100,
10:25:13,67.83,100,
10:25:13,67.83,100,
10:25:14,67.83,100,
10:25:14,67.83,300,
10:25:14,67.83,400,
10:25:14,67.83,500,
10:25:14,67.83,500,
10:25:14,67.83,200,
10:25:15,67.82,400,
10:25:15,67.82,500,
10:25:15,67.82,500,
10:25:15,67.82,300,
10:25:20,67.81,200,
10:25:20,67.81,100,
10:25:20,67.81,12800,
10:25:23,67.81,100,
10:25:28,67.82,136,
10:25:28,67.82,200,
10:25:28,67.82,100,
10:25:29,67.82,230,
10:25:29,67.82,100,
10:25:29,67.82,200,
10:25:32,67.82,475,
10:25:32,67.8208,775,
10:25:33,67.82,100,
10:25:33,67.82,800,
10:25:33,67.82,300,
10:25:35,67.82,515,
10:25:35,67.82,385,
10:25:35,67.81,500,
10:25:36,67.81,700,
10:25:36,67.81,300,
10:25:37,67.8199,18300,
10:25:37,67.81,600,
10:25:39,67.81,200,
10:25:39,67.81,300,
10:25:39,67.80,516,
10:25:39,67.80,100,
10:25:39,67.80,366,
10:25:39,67.80,345,
10:25:39,67.80,500,
10:25:39,67.80,300,
10:25:40,67.7901,100,
10:25:41,67.80,333,
10:25:41,67.80,433,
10:25:41,67.80,667,
10:25:41,67.80,800,
10:25:41,67.80,267,
10:25:41,67.80,1400,
10:25:41,67.80,300,
10:25:41,67.80,500,
10:25:43,67.8013,1111,
10:25:43,67.80,1000,
10:25:43,67.80,1755,
10:25:44,67.80,700,
10:25:45,67.80,1000,
10:25:45,67.80,300,
10:25:45,67.80,300,
10:25:45,67.80,465,
10:25:51,67.80,800,
10:25:51,67.80,700,
10:25:53,67.80,200,
10:25:53,67.80,300,
10:25:54,67.80,816,
10:25:56,67.81,9100,
10:25:56,67.81,700,
10:25:56,67.81,2100,
10:25:56,67.81,3200,
10:25:56,67.81,400,
10:25:56,67.81,400,
10:25:56,67.81,10000,
10:25:56,67.81,400,
10:25:56,67.81,500,
10:25:56,67.81,200,
10:25:56,67.81,200,
10:25:56,67.81,700,
10:25:56,67.81,391,
10:25:56,67.81,2100,
10:25:56,67.81,200,
10:25:56,67.81,395,
10:25:56,67.81,800,
10:25:56,67.81,200,
10:25:56,67.81,800,
10:25:56,67.81,800,
10:25:56,67.81,100,
10:25:56,67.81,200,
10:25:56,67.81,200,
10:25:56,67.81,300,
10:25:56,67.81,1000,
10:25:56,67.81,300,
10:25:56,67.81,500,
10:25:57,67.81,3000,
10:25:57,67.81,241,
10:25:59,67.81,100,
10:25:59,67.81,1000,
10:26:01,67.8113,100,
10:26:01,67.8101,100,
10:26:03,67.80,216,
10:26:03,67.80,184,
10:26:04,67.80,100,
10:26:04,67.80,100,
10:26:05,67.80,100,
10:26:06,67.80,500,
10:26:06,67.80,500,
10:26:06,67.80,300,
10:26:07,67.795,816,
10:26:11,67.79,1000,
10:26:13,67.79,100,
10:26:13,67.79,500,
10:26:14,67.7901,1700,
10:26:15,67.79,400,
10:26:16,67.79,100,
10:26:20,67.79,1000,
10:26:23,67.79,300,
10:26:23,67.78,4000,
10:26:23,67.78,1800,
10:26:23,67.78,250,
10:26:23,67.78,301,
10:26:23,67.78,500,
10:26:23,67.791,100,
10:26:26,67.78,100,
10:26:26,67.78,900,
10:26:26,67.79,500,
10:26:26,67.78,700,
10:26:28,67.785,300,
10:26:29,67.78,800,
10:26:33,67.7701,500,
10:26:35,67.77,1400,
10:26:35,67.77,2200,
10:26:35,67.77,815,
10:26:36,67.77,500,
10:26:36,67.77,500,
10:26:36,67.77,100,
10:26:36,67.77,500,
10:26:38,67.7601,400,
10:26:39,67.76,400,
10:26:39,67.76,200,
10:26:39,67.76,100,
10:26:39,67.76,120,
10:26:39,67.76,400,
10:26:39,67.76,480,
10:26:39,67.76,500,
10:26:39,67.76,200,
10:26:41,67.7532,750,
10:26:41,67.76,600,
10:26:41,67.76,400,
10:26:41,67.76,1500,
10:26:41,67.76,200,
10:26:42,67.76,200,
10:26:42,67.76,100,
10:26:42,67.76,1600,
10:26:49,67.76,815,
10:26:59,67.77,100,
10:26:59,67.77,400,
10:27:00,67.77,100,
10:27:00,67.77,100,
10:27:02,67.77,200,
10:27:02,67.76,250,
10:27:04,67.76,715,
10:27:04,67.76,600,
10:27:04,67.76,400,
10:27:04,67.76,1500,
10:27:04,67.76,2985,
10:27:04,67.76,600,
10:27:04,67.76,1900,
10:27:04,67.76,2900,
10:27:04,67.76,1000,
10:27:04,67.76,200,
10:27:04,67.76,100,
10:27:05,67.76,200,
10:27:06,67.76,1000,
10:27:07,67.76,100,
10:27:07,67.76,200,
10:27:08,67.76,300,
10:27:08,67.76,200,
10:27:11,67.761,200,
10:27:15,67.76,400,
10:27:17,67.768,6300,
10:27:18,67.76,600,
10:27:19,67.768,700,
10:27:25,67.77,300,
10:27:25,67.77,200,
10:27:25,67.77,500,
10:27:25,67.77,500,
10:27:26,67.7601,900,
10:27:27,67.76,300,
10:27:32,67.76,200,
10:27:32,67.76,100,
10:27:32,67.76,1300,
10:27:32,67.76,1400,
10:27:32,67.76,700,
10:27:32,67.76,100,
10:27:32,67.76,105,
10:27:32,67.76,364,
10:27:32,67.76,853,
10:27:32,67.76,300,
10:27:33,67.76,400,
10:27:33,67.76,200,
10:27:33,67.76,328,
10:27:33,67.76,1000,
10:27:33,67.76,200,
10:27:34,67.76,100,
10:27:35,67.76,599,
10:27:36,67.76,204,
10:27:36,67.76,401,
10:27:38,67.76,400,
10:27:43,67.76,516,
10:27:49,67.76,1500,
10:27:49,67.76,600,
10:27:49,67.76,584,
10:27:49,67.76,400,
10:27:49,67.76,400,
10:27:49,67.76,800,
10:27:50,67.76,100,
10:27:51,67.76,1100,
10:27:52,67.75,200,
10:27:52,67.75,100,
10:27:52,67.75,2923,
10:27:52,67.75,443,
10:27:52,67.75,2374,
10:27:53,67.75,174,
10:27:59,67.76,200,
10:28:00,67.76,300,
10:28:01,67.77,500,
10:28:01,67.77,700,
10:28:02,67.77,300,
10:28:04,67.77,2200,
10:28:07,67.77,100,
10:28:14,67.779,2000,
10:28:17,67.77,200,
10:28:17,67.77,100,
10:28:17,67.77,200,
10:28:17,67.77,200,
10:28:17,67.77,400,
10:28:17,67.77,400,
10:28:17,67.77,800,
10:28:17,67.77,100,
10:28:17,67.77,400,
10:28:17,67.77,3500,
10:28:17,67.77,600,
10:28:17,67.77,1500,
10:28:17,67.77,200,
10:28:17,67.77,100,
10:28:17,67.779,730,
10:28:19,67.77,1091,
10:28:19,67.77,1100,
10:28:20,67.77,100,
10:28:22,67.77,300,
10:28:23,67.77,134,
10:28:23,67.77,100,
10:28:23,67.77,200,
10:28:23,67.77,1500,
10:28:23,67.77,380,
10:28:25,67.77,600,
10:28:25,67.77,300,
10:28:25,67.77,200,
10:28:25,67.77,200,
10:28:25,67.77,329,
10:28:25,67.77,500,
10:28:25,67.78,500,
10:28:27,67.7799,3000,
10:28:27,67.78,100,
10:28:28,67.78,500,
10:28:28,67.78,500,
10:28:28,67.78,700,
10:28:28,67.79,700,
10:28:28,67.79,800,
10:28:29,67.78,100,
10:28:29,67.78,100,
10:28:29,67.7801,200,
10:28:29,67.7801,100,
10:28:29,67.78,100,
10:28:29,67.78,1100,
10:28:29,67.78,400,
10:28:29,67.78,100,
10:28:29,67.78,200,
10:28:30,67.78,400,
10:28:30,67.77,1000,
10:28:30,67.77,1000,
10:28:30,67.77,500,
10:28:32,67.78,195,
10:28:37,67.78,100,
10:28:39,67.7799,2000,
10:28:40,67.775,400,
10:28:40,67.775,100,
10:28:41,67.78,500,
10:28:44,67.78,100,
10:28:44,67.7717,500,
10:28:45,67.78,100,
10:28:46,67.78,200,
10:28:46,67.78,100,
10:28:46,67.78,700,
10:28:46,67.78,100,
10:28:47,67.78,100,
10:28:48,67.78,200,
10:28:49,67.78,100,
10:28:50,67.78,100,
10:28:51,67.78,100,
10:29:05,67.78,100,
10:29:05,67.7801,100,
10:29:33,67.79,100,
10:29:39,67.78,100,
10:29:45,67.78,300,
10:29:45,67.78,100,
10:29:45,67.78,200,
10:29:54,67.78,111,
10:30:06,67.77,418,
10:30:06,67.77,2400,
10:30:06,67.77,100,
10:30:06,67.77,2400,
10:30:06,67.77,1000,
10:30:06,67.77,100,
10:30:06,67.77,800,
10:30:06,67.77,700,
10:30:06,67.77,200,
10:30:06,67.77,200,
10:30:06,67.77,200,
10:30:06,67.77,100,
10:30:06,67.77,700,
10:30:06,67.77,500,
10:30:06,67.77,3600,
10:30:06,67.77,500,
10:30:06,67.77,1000,
10:30:08,67.76,321,
10:30:08,67.76,179,
10:30:08,67.76,174,
10:30:08,67.76,126,
10:30:08,67.76,100,
10:30:08,67.76,100,
10:30:13,67.75,500,
10:30:14,67.75,500,
10:30:15,67.75,100,
10:30:15,67.749,1700,
10:30:17,67.76,4950,
10:30:18,67.74,800,
10:30:18,67.74,500,
10:30:18,67.74,1600,
10:30:18,67.74,500,
10:30:18,67.74,100,
10:30:19,67.74,207,
10:30:19,67.74,300,
10:30:19,67.74,10479,
10:30:19,67.74,800,
10:30:25,67.7401,700,
10:30:25,67.7401,1000,
10:30:26,67.74,600,
10:30:26,67.74,1000,
10:30:26,67.73,146,
10:30:27,67.74,1000,
10:30:34,67.74,100,
10:30:34,67.74,100,
10:30:35,67.74,100,
10:30:35,67.74,100,
10:30:35,67.74,100,
10:30:37,67.73,100,
10:30:37,67.73,100,
10:30:37,67.73,100,
10:30:39,67.73,100,
10:30:44,67.731,900,
10:30:50,67.7308,900,
10:30:59,67.739,132,
10:30:59,67.739,468,
10:31:01,67.73,200,
10:31:09,67.7387,300,
10:31:13,67.74,200,
10:31:16,67.73,200,
10:31:16,67.73,111,
10:31:16,67.73,100,
10:31:16,67.73,100,
10:31:16,67.73,500,
10:31:16,67.73,500,
10:31:16,67.73,1300,
10:31:16,67.73,582,
10:31:21,67.73,100,
10:31:21,67.73,1000,
10:31:24,67.73,13000,
10:31:25,67.74,100,
10:31:34,67.74,100,
10:31:35,67.74,100,
10:31:35,67.74,200,
10:31:35,67.74,500,
10:31:35,67.74,500,
10:31:35,67.74,800,
10:31:35,67.74,700,
10:31:35,67.75,477,
10:31:35,67.74,300,
10:31:35,67.74,200,
10:31:35,67.74,500,
10:31:35,67.74,300,
10:31:35,67.74,200,
10:31:36,67.74,100,
10:31:36,67.74,720,
10:31:40,67.74,400,
10:31:41,67.745,100,
10:31:41,67.74,200,
10:31:41,67.7401,600,
10:31:42,67.745,200,
10:31:42,67.75,500,
10:31:43,67.75,600,
10:31:43,67.75,100,
10:31:43,67.75,1700,
10:31:43,67.75,200,
10:31:43,67.75,300,
10:31:43,67.75,794,
10:31:43,67.75,294,
10:31:43,67.75,6143,
10:31:43,67.75,1246,
10:31:43,67.75,6110,
10:31:43,67.75,500,
10:31:43,67.75,6600,
10:31:43,67.75,100,
10:31:43,67.75,100,
10:31:44,67.75,400,
10:31:44,67.75,100,
10:31:48,67.76,200,
10:31:49,67.75,300,
10:31:49,67.75,100,
10:31:51,67.75,400,
10:31:53,67.75,200,
10:31:53,67.75,500,
10:31:54,67.75,200,
10:31:54,67.75,200,
10:31:54,67.75,100,
10:31:54,67.75,200,
10:31:55,67.75,100,
10:31:55,67.75,200,
10:31:55,67.75,100,
10:31:56,67.75,800,
10:31:56,67.75,100,
10:31:57,67.75,100,
10:31:58,67.75,100,
10:31:58,67.75,100,
10:31:58,67.75,200,
10:31:58,67.75,100,
10:32:00,67.759,1000,
10:32:00,67.75,100,
10:32:01,67.75,100,
10:32:05,67.7501,100,
10:32:07,67.76,100,
10:32:08,67.75,567,
10:32:08,67.76,100,
10:32:08,67.76,107,
10:32:08,67.76,100,
10:32:10,67.76,500,
10:32:10,67.76,500,
10:32:10,67.76,700,
10:32:29,67.77,656,
10:32:29,67.77,900,
10:32:29,67.77,244,
10:32:29,67.77,500,
10:32:29,67.77,456,
10:32:29,67.77,256,
10:32:29,67.77,200,
10:32:29,67.77,100,
10:32:29,67.77,300,
10:32:30,67.77,300,
10:32:30,67.77,200,
10:32:30,67.77,200,
10:32:30,67.77,1100,
10:32:30,67.7765,175,
10:32:38,67.78,100,
10:32:38,67.78,400,
10:32:38,67.78,400,
10:32:38,67.78,200,
10:32:38,67.78,300,
10:32:38,67.78,500,
10:32:48,67.789,100,
10:32:50,67.79,900,
10:32:50,67.79,300,
10:32:50,67.79,100,
10:32:50,67.79,100,
10:32:50,67.79,400,
10:32:51,67.79,100,
10:32:51,67.79,100,
10:32:51,67.79,200,
10:32:51,67.79,100,
10:32:51,67.79,400,
10:32:51,67.79,300,
10:32:51,67.79,100,
10:32:52,67.79,100,
10:32:52,67.79,200,
10:32:52,67.79,100,
10:32:52,67.78,500,
10:32:52,67.79,100,
10:32:53,67.79,100,
10:32:53,67.78,200,
10:32:53,67.78,700,
10:32:58,67.78,1100,
10:32:58,67.78,1200,
10:32:59,67.785,100,
10:32:59,67.7899,200,
10:33:00,67.78,100,
10:33:01,67.78,500,
10:33:01,67.77,615,
10:33:03,67.7799,300,
10:33:09,67.78,100,
10:33:10,67.77,200,
10:33:10,67.77,185,
10:33:11,67.77,800,
10:33:11,67.77,185,
10:33:11,67.77,185,
10:33:11,67.77,628,
10:33:11,67.77,331,
10:33:22,67.775,213,
10:33:22,67.78,500,
10:33:29,67.77,300,
10:33:29,67.775,200,
10:33:43,67.771,6891,
10:33:49,67.77,100,
10:33:50,67.77,200,
10:34:02,67.779,100,
10:34:03,67.77,130,
10:34:03,67.77,100,
10:34:03,67.77,470,
10:34:03,67.779,200,
10:34:04,67.77,100,
10:34:04,67.77,100,
10:34:04,67.77,100,
10:34:05,67.77,122,
10:34:05,67.77,678,
10:34:05,67.77,822,
10:34:05,67.77,178,
10:34:05,67.77,100,
10:34:06,67.78,300,
10:34:11,67.78,200,
10:34:11,67.77,500,
10:34:11,67.77,100,
10:34:11,67.77,400,
10:34:11,67.77,978,
10:34:11,67.77,200,
10:34:12,67.779,300,
10:34:13,67.77,100,
10:34:13,67.77,100,
10:34:13,67.77,100,
10:34:16,67.7699,500,
10:34:16,67.77,100,
10:34:18,67.76,200,
10:34:21,67.76,100,
10:34:21,67.76,500,
10:34:21,67.76,500,
10:34:21,67.76,184,
10:34:21,67.76,200,
10:34:21,67.76,100,
10:34:21,67.76,200,
10:34:21,67.76,1100,
10:34:22,67.77,400,
10:34:23,67.77,200,
10:34:32,67.77,800,
10:34:32,67.77,100,
10:34:32,67.77,100,
10:34:32,67.77,100,
10:34:34,67.76,300,
10:34:34,67.76,100,
10:34:35,67.76,600,
10:34:35,67.76,200,
10:34:36,67.76,200,
10:34:37,67.7599,1500,
10:34:50,67.7599,400,
10:34:58,67.76,100,
10:34:58,67.76,1000,
10:35:01,67.77,250,
10:35:10,67.77,1022,
10:35:10,67.77,400,
10:35:10,67.77,1150,
10:35:10,67.77,500,
10:35:10,67.77,500,
10:35:10,67.77,208,
10:35:20,67.77,200,
10:35:23,67.77,100,
10:35:25,67.77,10600,
10:35:25,67.77,300,
10:35:31,67.78,285,
10:35:36,67.77,815,
10:35:36,67.77,200,
10:35:36,67.77,200,
10:35:37,67.77,200,
10:36:10,67.7687,100,
10:36:16,67.77,1400,
10:36:17,67.77,300,
10:36:18,67.77,600,
10:36:18,67.77,100,
10:36:18,67.77,200,
10:36:19,67.77,100,
10:36:19,67.77,100,
10:36:20,67.77,100,
10:36:23,67.77,300,
10:36:26,67.78,100,
10:36:26,67.78,400,
10:36:28,67.78,100,
10:36:29,67.78,500,
10:36:29,67.78,500,
10:36:30,67.779,1000,
10:36:30,67.78,800,
10:36:30,67.78,2633,
10:36:31,67.79,100,
10:36:31,67.7887,1000,
10:36:32,67.78,500,
10:36:32,67.78,200,
10:36:32,67.78,200,
10:36:32,67.78,300,
10:36:32,67.78,300,
10:36:32,67.7801,1400,
10:36:33,67.78,1100,
10:36:37,67.79,600,
10:36:37,67.78,100,
10:36:37,67.78,200,
10:36:38,67.78,900,
10:36:38,67.78,600,
10:36:42,67.789,2500,
10:36:42,67.789,300,
10:36:43,67.785,300,
10:36:46,67.79,100,
10:36:48,67.78,100,
10:36:48,67.78,2300,
10:36:48,67.78,300,
10:36:48,67.78,200,
10:36:48,67.785,300,
10:36:48,67.7883,1400,
10:36:48,67.78,100,
10:36:48,67.78,100,
10:36:48,67.78,100,
10:36:50,67.7701,200,
10:36:52,67.78,435,
10:36:52,67.78,1200,
10:36:53,67.79,300,
10:36:53,67.79,200,
10:36:54,67.785,300,
10:36:54,67.779,600,
10:36:54,67.779,400,
10:36:54,67.779,400,
10:36:54,67.779,435,
10:36:56,67.785,300,
10:36:56,67.789,100,
10:36:56,67.79,100,
10:37:02,67.785,100,
10:37:02,67.785,300,
10:37:08,67.78,500,
10:37:08,67.78,100,
10:37:08,67.78,400,
10:37:15,67.78,1300,
10:37:15,67.78,100,
10:37:15,67.78,200,
10:37:16,67.78,300,
10:37:16,67.78,100,
10:37:16,67.78,200,
10:37:16,67.78,100,
10:37:17,67.775,100,
10:37:17,67.78,100,
10:37:17,67.775,300,
10:37:20,67.77,113,
10:37:20,67.77,100,
10:37:20,67.77,500,
10:37:20,67.77,129,
10:37:20,67.77,171,
10:37:21,67.765,1600,
10:37:21,67.765,200,
10:37:21,67.76,400,
10:37:21,67.76,100,
10:37:22,67.77,100,
10:37:22,67.77,100,
10:37:30,67.775,200,
10:37:31,67.77,800,
10:37:31,67.77,1300,
10:37:31,67.77,621,
10:37:32,67.77,700,
10:37:32,67.765,200,
10:37:34,67.76,500,
10:37:34,67.76,200,
10:37:34,67.76,500,
10:37:34,67.76,100,
10:37:39,67.76,300,
10:37:39,67.76,100,
10:37:40,67.77,500,
10:37:40,67.77,500,
10:37:40,67.77,700,
10:37:42,67.77,1000,
10:37:42,67.77,300,
10:37:42,67.779,3500,
10:37:42,67.77,100,
10:37:48,67.765,100,
10:37:48,67.7613,500,
10:37:49,67.769,100,
10:37:50,67.77,100,
10:37:50,67.77,200,
10:37:55,67.769,268,
10:37:55,67.769,400,
10:38:01,67.7699,1600,
10:38:07,67.765,300,
10:38:18,67.763,600,
10:38:23,67.77,100,
10:38:33,67.77,1060,
10:38:33,67.77,1300,
10:38:34,67.77,100,
10:38:34,67.77,200,
10:38:34,67.77,800,
10:38:34,67.77,100,
10:38:34,67.77,200,
10:38:34,67.76,100,
10:38:34,67.765,200,
10:38:54,67.77,800,
10:38:54,67.77,3300,
10:38:54,67.77,100,
10:38:54,67.77,200,
10:38:54,67.77,5467,
10:38:54,67.77,5388,
10:38:54,67.77,5427,
10:38:54,67.77,200,
10:38:54,67.78,100,
10:38:54,67.78,1000,
10:38:54,67.78,200,
10:38:54,67.78,400,
10:38:54,67.78,200,
10:38:55,67.78,398,
10:38:55,67.78,500,
10:38:55,67.78,345,
10:38:55,67.78,102,
10:38:55,67.79,100,
10:38:55,67.78,100,
10:38:56,67.78,100,
10:38:57,67.78,100,
10:39:03,67.78,400,
10:39:03,67.78,100,
10:39:03,67.78,100,
10:39:03,67.78,100,
10:39:09,67.78,504,
10:39:10,67.78,800,
10:39:13,67.77,200,
10:39:13,67.78,100,
10:39:20,67.78,100,
10:39:25,67.7799,1000,
10:39:35,67.78,1300,
10:39:48,67.78,650,
10:39:56,67.77,200,
10:39:56,67.77,200,
10:39:56,67.77,484,
10:39:56,67.77,100,
10:39:56,67.77,500,
10:39:56,67.77,500,
10:39:56,67.77,100,
10:39:59,67.76,500,
10:39:59,67.76,500,
10:39:59,67.76,200,
10:39:59,67.76,700,
10:40:01,67.75,816,
10:40:03,67.75,1500,
10:40:03,67.75,200,
10:40:03,67.75,500,
10:40:03,67.75,100,
10:40:05,67.74,1000,
10:40:05,67.74,100,
10:40:05,67.74,300,
10:40:05,67.74,300,
10:40:05,67.74,1300,
10:40:05,67.74,4900,
10:40:05,67.74,500,
10:40:05,67.74,1400,
10:40:05,67.74,500,
10:40:05,67.74,4000,
10:40:05,67.74,400,
10:40:05,67.74,3100,
10:40:05,67.74,200,
10:40:05,67.74,200,
10:40:05,67.74,200,
10:40:05,67.74,200,
10:40:05,67.73,316,
10:40:07,67.74,800,
10:40:07,67.74,300,
10:40:07,67.74,200,
10:40:09,67.74,1600,
10:40:09,67.74,1300,
10:40:09,67.74,800,
10:40:09,67.74,2600,
10:40:11,67.74,100,
10:40:11,67.74,1400,
10:40:12,67.74,200,
10:40:16,67.74,100,
10:40:25,67.75,500,
10:40:27,67.7501,800,
10:40:27,67.75,100,
10:40:27,67.75,100,
10:40:34,67.76,800,
10:40:52,67.7513,100,
10:41:01,67.76,1381,
10:41:01,67.76,400,
10:41:01,67.76,200,
10:41:01,67.76,300,
10:41:01,67.76,400,
10:41:01,67.76,500,
10:41:04,67.77,500,
10:41:04,67.77,900,
10:41:04,67.77,500,
10:41:04,67.77,200,
10:41:04,67.77,500,
10:41:08,67.77,400,
10:41:08,67.77,700,
10:41:08,67.77,200,
10:41:08,67.77,1200,
10:41:08,67.77,200,
10:41:22,67.76,200,
10:41:22,67.76,700,
10:41:22,67.76,100,
10:41:22,67.76,500,
10:41:22,67.76,500,
10:41:28,67.76,200,
10:41:28,67.76,100,
10:41:34,67.76,100,
10:41:35,67.75,250,
10:41:35,67.75,500,
10:41:35,67.75,500,
10:41:35,67.75,300,
10:41:37,67.7413,200,
10:41:40,67.75,624,
10:41:48,67.74,100,
10:41:48,67.74,500,
10:41:48,67.74,4000,
10:41:48,67.741,1700,
10:41:48,67.74,700,
10:41:48,67.74,500,
10:41:48,67.74,400,
10:41:59,67.75,576,
10:42:04,67.75,1476,
10:42:06,67.755,400,
10:42:26,67.7583,1000,
10:42:46,67.76,1000,
10:42:46,67.76,400,
10:42:46,67.76,500,
10:42:46,67.77,1100,
10:43:03,67.77,100,
10:43:03,67.77,200,
10:43:03,67.77,400,
10:43:03,67.77,800,
10:43:03,67.77,100,
10:43:03,67.77,700,
10:43:03,67.77,500,
10:43:03,67.77,100,
10:43:06,67.77,100,
10:43:10,67.76,2800,
10:43:10,67.76,100,
10:43:10,67.76,300,
10:43:10,67.76,200,
10:43:10,67.76,200,
10:43:10,67.76,100,
10:43:10,67.76,100,
10:43:10,67.76,1100,
10:43:10,67.76,100,
10:43:20,67.76,100,
10:43:20,67.76,3900,
10:43:20,67.76,100,
10:43:23,67.76,1100,
10:43:23,67.76,1400,
10:43:43,67.7599,100,
10:43:45,67.76,200,
10:43:45,67.77,700,
10:43:45,67.76,200,
10:43:45,67.76,100,
10:44:05,67.77,300,
10:44:08,67.77,800,
10:44:08,67.78,500,
10:44:08,67.78,500,
10:44:09,67.78,200,
10:44:09,67.78,1100,
10:44:09,67.78,1100,
10:44:14,67.78,100,
10:44:14,67.78,200,
10:44:14,67.78,200,
10:44:14,67.78,200,
10:44:21,67.78,1022,
10:44:21,67.78,178,
10:44:25,67.7804,100,
10:44:28,67.78,200,
10:44:28,67.77,816,
10:44:28,67.77,200,
10:44:35,67.779,300,
10:44:43,67.78,148,
10:44:43,67.78,500,
10:44:48,67.7891,540,
10:44:48,67.789,224,
10:44:48,67.7891,701,
10:44:48,67.7891,235,
10:44:48,67.7892,548,
10:44:49,67.7892,522,
10:44:49,67.7891,414,
10:44:49,67.7892,462,
10:44:49,67.7892,208,
10:44:49,67.7891,264,
10:44:49,67.7891,335,
10:44:49,67.7891,337,
10:44:49,67.7892,340,
10:44:50,67.789,322,
10:45:08,67.79,441,
10:45:08,67.79,500,
10:45:08,67.79,759,
10:45:08,67.79,400,
10:45:19,67.80,100,
10:45:20,67.79,1100,
10:45:20,67.78,100,
10:45:20,67.78,100,
10:45:24,67.789,200,
10:45:28,67.78,816,
10:45:30,67.78,500,
10:45:30,67.78,1800,
10:45:30,67.78,400,
10:45:31,67.789,2558,
10:45:34,67.78,500,
10:45:41,67.78,1400,
10:45:42,67.77,300,
10:45:47,67.78,100,
10:45:54,67.77,184,
10:45:54,67.77,200,
10:46:05,67.77,1600,
10:46:05,67.77,900,
10:46:05,67.77,500,
10:46:05,67.77,100,
10:46:05,67.77,500,
10:46:05,67.77,500,
10:46:09,67.7687,200,
10:46:21,67.76,1989,
10:46:21,67.76,600,
10:46:21,67.77,100,
10:46:21,67.77,300,
10:46:22,67.76,200,
10:46:22,67.76,285,
10:46:25,67.761,100,
10:46:34,67.76,500,
10:46:34,67.76,500,
10:46:34,67.755,816,
10:46:45,67.76,100,
10:46:45,67.75,400,
10:46:45,67.75,100,
10:46:45,67.75,500,
10:46:45,67.75,500,
10:46:45,67.76,107,
10:46:45,67.76,500,
10:46:45,67.76,100,
10:46:45,67.75,193,
10:46:45,67.75,100,
10:46:47,67.75,296,
10:46:47,67.75,800,
10:46:47,67.75,1400,
10:47:10,67.759,300,
10:47:10,67.759,400,
10:47:16,67.76,200,
10:47:20,67.76,500,
10:47:20,67.76,500,
10:47:20,67.76,100,
10:47:20,67.77,296,
10:47:20,67.77,200,
10:47:20,67.77,1200,
10:47:20,67.77,500,
10:47:20,67.77,500,
10:47:20,67.77,1500,
10:47:20,67.77,500,
10:47:25,67.77,816,
10:47:31,67.7701,500,
10:47:31,67.77,340,
10:47:31,67.77,300,
10:47:32,67.77,1400,
10:47:33,67.771,400,
10:47:33,67.771,400,
10:47:34,67.771,2500,
10:47:35,67.76,816,
10:48:04,67.765,300,
10:48:17,67.76,116,
10:48:17,67.76,584,
10:48:17,67.76,1384,
10:48:17,67.76,200,
10:48:17,67.76,200,
10:48:33,67.76,500,
10:48:40,67.76,3600,
10:48:40,67.76,3200,
10:48:40,67.76,500,
10:48:40,67.76,100,
10:48:40,67.76,100,
10:48:40,67.76,200,
10:48:45,67.77,100,
10:48:47,67.76,100,
10:48:53,67.76,100,
10:48:54,67.7593,1000,
10:48:54,67.76,800,
10:48:55,67.76,200,
10:48:55,67.76,1400,
10:49:05,67.76,815,
10:49:06,67.76,100,
10:49:14,67.7599,500,
10:49:16,67.76,400,
10:49:16,67.76,1600,
10:49:16,67.76,500,
10:49:21,67.7601,2500,
10:49:33,67.76,100,
10:49:33,67.76,800,
10:49:45,67.76,200,
10:49:52,67.76,300,
10:50:05,67.75,100,
10:50:05,67.75,500,
10:50:05,67.75,500,
10:50:05,67.74,816,
10:50:05,67.74,100,
10:50:05,67.74,200,
10:50:05,67.75,100,
10:50:05,67.74,600,
10:50:05,67.74,447,
10:50:05,67.74,347,
10:50:05,67.74,153,
10:50:06,67.74,500,
10:50:07,67.75,1000,
10:50:07,67.73,654,
10:50:07,67.73,131,
10:50:07,67.73,100,
10:50:08,67.73,336,
10:50:08,67.73,100,
10:50:08,67.73,216,
10:50:08,67.73,500,
10:50:08,67.73,184,
10:50:08,67.73,100,
10:50:13,67.7399,200,
10:50:18,67.73,500,
10:50:18,67.73,294,
10:50:21,67.72,300,
10:50:26,67.72,3500,
10:50:26,67.72,700,
10:50:26,67.72,129,
10:50:26,67.72,500,
10:50:26,67.72,200,
10:50:26,67.71,815,
10:50:26,67.71,600,
10:50:26,67.71,3000,
10:50:26,67.71,400,
10:50:27,67.71,150,
10:50:27,67.71,180,
10:50:27,67.71,100,
10:50:28,67.71,320,
10:50:28,67.70,700,
10:50:28,67.70,853,
10:50:28,67.70,100,
10:50:32,67.71,600,
10:50:38,67.70,985,
10:50:38,67.70,1600,
10:50:38,67.70,200,
10:50:38,67.70,745,
10:50:38,67.70,244,
10:50:38,67.70,166,
10:50:38,67.70,1100,
10:50:38,67.70,500,
10:50:38,67.70,200,
10:50:39,67.70,800,
10:50:44,67.70,300,
10:50:45,67.70,100,
10:50:45,67.70,1100,
10:50:45,67.70,2900,
10:50:45,67.70,300,
10:50:45,67.70,100,
10:50:45,67.70,1100,
10:50:45,67.70,100,
10:50:45,67.70,1400,
10:50:45,67.70,668,
10:50:45,67.70,400,
10:50:45,67.70,800,
10:50:45,67.70,932,
10:50:45,67.70,861,
10:50:45,67.70,1100,
10:50:45,67.70,800,
10:50:45,67.70,100,
10:50:45,67.70,332,
10:50:45,67.70,200,
10:50:45,67.70,166,
10:50:45,67.70,816,
10:50:45,67.70,1532,
10:50:45,67.70,768,
10:50:45,67.70,1500,
10:50:45,67.70,200,
10:50:45,67.70,100,
10:50:45,67.70,1400,
10:50:45,67.70,100,
10:50:45,67.70,3200,
10:50:45,67.70,400,
10:50:45,67.70,1000,
10:50:45,67.70,600,
10:50:45,67.70,100,
10:50:45,67.70,400,
10:50:45,67.70,800,
10:50:45,67.70,8248,
10:50:45,67.70,100,
10:50:45,67.69,200,
10:50:45,67.69,2600,
10:50:45,67.70,300,
10:50:46,67.69,100,
10:50:46,67.69,100,
10:50:46,67.70,100,
10:50:50,67.69,476,
10:50:50,67.69,292,
10:50:50,67.69,107,
10:50:50,67.69,208,
10:50:52,67.69,100,
10:50:52,67.68,613,
10:50:53,67.68,100,
10:50:53,67.69,600,
10:50:55,67.69,144,
10:50:55,67.69,1400,
10:50:59,67.70,500,
10:50:59,67.70,500,
10:51:02,67.70,816,
10:51:03,67.70,300,
10:51:05,67.69,129,
10:51:05,67.69,200,
10:51:05,67.69,600,
10:51:05,67.69,800,
10:51:05,67.69,700,
10:51:05,67.69,345,
10:51:05,67.69,200,
10:51:05,67.69,500,
10:51:05,67.69,216,
10:51:09,67.69,1300,
10:51:09,67.69,200,
10:51:09,67.69,1400,
10:51:10,67.69,816,
10:51:11,67.69,1300,
10:51:12,67.68,100,
10:51:12,67.68,1700,
10:51:12,67.68,3500,
10:51:12,67.68,2000,
10:51:12,67.68,100,
10:51:19,67.69,100,
10:51:20,67.69,2400,
10:51:23,67.6917,1450,
10:51:24,67.69,331,
10:51:24,67.69,2000,
10:51:31,67.68,1500,
10:51:31,67.68,500,
10:51:31,67.68,295,
10:51:31,67.67,100,
10:51:32,67.67,100,
10:51:32,67.67,800,
10:51:32,67.67,3000,
10:51:32,67.67,2000,
10:51:32,67.67,900,
10:51:32,67.67,1400,
10:51:32,67.67,300,
10:51:32,67.67,300,
10:51:32,67.67,500,
10:51:32,67.67,300,
10:51:32,67.67,700,
10:51:32,67.6601,515,
10:51:33,67.6601,301,
10:51:35,67.66,500,
10:51:35,67.66,300,
10:51:35,67.66,100,
10:51:35,67.66,500,
10:51:35,67.66,200,
10:51:35,67.66,100,
10:51:35,67.65,100,
10:51:35,67.65,300,
10:51:35,67.65,400,
10:51:37,67.66,100,
10:51:38,67.66,800,
10:51:38,67.66,200,
10:51:38,67.66,100,
10:51:38,67.66,100,
10:51:39,67.65,800,
10:51:39,67.655,100,
10:51:43,67.66,200,
10:51:44,67.6512,950,
10:51:48,67.65,800,
10:51:48,67.66,100,
10:51:48,67.66,100,
10:51:48,67.65,100,
10:51:48,67.65,300,
10:51:48,67.65,495,
10:51:48,67.65,500,
10:51:48,67.65,400,
10:51:48,67.65,200,
10:51:48,67.65,195,
10:51:49,67.65,140,
10:51:49,67.65,1000,
10:51:49,67.65,200,
10:51:49,67.65,700,
10:51:49,67.65,200,
10:51:51,67.6417,500,
10:51:51,67.6417,500,
10:51:54,67.64,500,
10:51:54,67.64,500,
10:51:54,67.645,200,
10:51:58,67.64,1000,
10:52:00,67.65,332,
10:52:00,67.65,500,
10:52:00,67.65,500,
10:52:00,67.65,3900,
10:52:00,67.65,100,
10:52:00,67.65,100,
10:52:00,67.65,100,
10:52:03,67.65,300,
10:52:04,67.66,300,
10:52:04,67.66,1600,
10:52:04,67.66,500,
10:52:04,67.66,200,
10:52:04,67.66,300,
10:52:05,67.66,815,
10:52:06,67.66,300,
10:52:07,67.66,600,
10:52:07,67.66,1300,
10:52:08,67.66,700,
10:52:08,67.66,200,
10:52:08,67.66,200,
10:52:08,67.66,100,
10:52:08,67.66,800,
10:52:08,67.66,1000,
10:52:08,67.66,200,
10:52:08,67.66,100,
10:52:08,67.66,200,
10:52:08,67.66,500,
10:52:08,67.66,200,
10:52:12,67.6601,700,
10:52:12,67.6601,700,
10:52:17,67.66,816,
10:52:17,67.66,484,
10:52:18,67.66,300,
10:52:18,67.65,100,
10:52:18,67.66,100,
10:52:23,67.6501,100,
10:52:33,67.6501,100,
10:52:33,67.6501,100,
10:52:40,67.65,100,
10:52:40,67.65,500,
10:52:40,67.65,115,
10:52:40,67.65,600,
10:52:55,67.6501,300,
10:53:02,67.6517,225,
10:53:04,67.65,100,
10:53:04,67.65,100,
10:53:04,67.65,100,
10:53:08,67.66,300,
10:53:11,67.66,404,
10:53:11,67.66,1400,
10:53:11,67.66,200,
10:53:15,67.67,100,
10:53:15,67.67,2304,
10:53:15,67.67,500,
10:53:15,67.67,500,
10:53:18,67.67,500,
10:53:30,67.6701,3000,
10:53:30,67.67,1650,
10:53:31,67.67,650,
10:53:36,67.67,100,
10:53:36,67.67,200,
10:53:36,67.67,200,
10:53:39,67.6701,100,
10:53:40,67.67,200,
10:53:49,67.66,300,
10:53:50,67.66,200,
10:53:53,67.66,128,
10:53:53,67.6699,700,
10:53:54,67.66,500,
10:53:55,67.66,900,
10:53:55,67.66,100,
10:53:56,67.66,600,
10:54:01,67.66,816,
10:54:09,67.66,100,
10:54:13,67.65,300,
10:54:13,67.65,1600,
10:54:13,67.65,700,
10:54:13,67.65,500,
10:54:28,67.65,816,
10:54:29,67.65,500,
10:54:29,67.65,500,
10:54:31,67.64,100,
10:54:32,67.65,150,
10:54:32,67.64,1531,
10:54:41,67.64,816,
10:54:44,67.64,500,
10:54:45,67.64,600,
10:54:48,67.64,1000,
10:54:52,67.64,416,
10:54:52,67.64,500,
10:54:52,67.63,815,
10:54:54,67.63,1700,
10:54:54,67.63,1000,
10:54:54,67.63,300,
10:54:54,67.63,500,
10:54:54,67.63,200,
10:54:54,67.63,984,
10:54:54,67.63,500,
10:54:54,67.63,300,
10:54:54,67.63,291,
10:54:54,67.63,832,
10:54:54,67.63,500,
10:54:54,67.63,170,
10:54:54,67.62,1000,
10:54:54,67.62,1900,
10:54:55,67.62,2900,
10:54:55,67.62,500,
10:54:55,67.62,500,
10:54:57,67.62,356,
10:54:57,67.62,329,
10:54:59,67.62,1000,
10:54:59,67.62,100,
10:54:59,67.62,500,
10:55:00,67.62,500,
10:55:01,67.615,400,
10:55:01,67.62,1000,
10:55:03,67.61,300,
10:55:03,67.60,200,
10:55:04,67.6099,3800,
10:55:04,67.60,400,
10:55:05,67.60,659,
10:55:06,67.60,900,
10:55:07,67.61,169,
10:55:07,67.61,1500,
10:55:07,67.61,500,
10:55:07,67.61,1431,
10:55:07,67.62,800,
10:55:07,67.62,100,
10:55:10,67.62,200,
10:55:14,67.63,208,
10:55:18,67.63,400,
10:55:18,67.63,2100,
10:55:18,67.63,800,
10:55:18,67.63,3200,
10:55:18,67.63,1400,
10:55:18,67.63,600,
10:55:18,67.63,1600,
10:55:19,67.63,300,
10:55:23,67.63,200,
10:55:23,67.63,300,
10:55:23,67.63,815,
10:55:27,67.63,816,
10:55:29,67.6301,400,
10:55:29,67.63,100,
10:55:29,67.63,100,
10:55:29,67.63,100,
10:55:29,67.63,100,
10:55:29,67.63,200,
10:55:32,67.6399,100,
10:55:40,67.632,300,
10:55:45,67.64,162,
10:55:45,67.64,200,
10:55:45,67.64,600,
10:55:45,67.64,200,
10:55:48,67.65,200,
10:55:49,67.65,600,
10:55:49,67.65,100,
10:55:49,67.65,100,
10:55:49,67.65,500,
10:55:49,67.65,400,
10:55:50,67.64,300,
10:55:55,67.65,2264,
10:55:56,67.65,13400,
10:56:05,67.65,238,
10:56:06,67.65,200,
10:56:08,67.64,200,
10:56:11,67.64,500,
10:56:21,67.6436,100,
10:56:24,67.659,200,
10:56:26,67.66,900,
10:56:26,67.66,600,
10:56:26,67.6646,177,
10:56:28,67.665,100,
10:56:34,67.6687,100,
10:56:34,67.67,293,
10:56:34,67.67,2600,
10:56:34,67.67,350,
10:56:34,67.67,207,
10:56:34,67.67,200,
10:56:34,67.67,200,
10:56:34,67.67,100,
10:56:34,67.67,1400,
10:56:34,67.67,100,
10:56:34,67.67,993,
10:56:34,67.67,1400,
10:56:34,67.67,393,
10:56:34,67.67,1000,
10:56:38,67.6609,253,
10:56:38,67.661,238,
10:56:38,67.6608,294,
10:56:38,67.6608,181,
10:56:39,67.663,143,
10:56:40,67.6608,146,
10:56:40,67.6608,1666,
10:56:40,67.6608,356,
10:56:41,67.6645,381,
10:56:41,67.6608,242,
10:56:41,67.6608,222,
10:56:42,67.6627,659,
10:56:42,67.6609,158,
10:56:42,67.6608,554,
10:56:42,67.6608,494,
10:56:43,67.6608,322,
10:56:43,67.6608,344,
10:56:44,67.661,300,
10:57:02,67.67,200,
10:57:04,67.67,700,
10:57:05,67.67,100,
10:57:05,67.67,500,
10:57:09,67.67,100,
10:57:11,67.67,300,
10:57:11,67.67,200,
10:57:11,67.67,431,
10:57:11,67.67,1100,
10:57:11,67.67,200,
10:57:11,67.67,700,
10:57:12,67.67,300,
10:57:12,67.67,300,
10:57:12,67.67,100,
10:57:14,67.67,300,
10:57:15,67.6708,1200,
10:57:16,67.67,600,
10:57:16,67.67,1600,
10:57:18,67.68,100,
10:57:18,67.68,300,
10:57:21,67.68,1000,
10:57:26,67.6801,4000,
10:57:42,67.6887,400,
10:57:50,67.68,600,
10:57:50,67.68,353,
10:57:52,67.68,715,
10:57:53,67.68,215,
10:57:59,67.69,1590,
10:58:02,67.69,200,
10:58:02,67.685,200,
10:58:02,67.69,300,
10:58:02,67.69,100,
10:58:02,67.69,200,
10:58:02,67.69,200,
10:58:02,67.69,200,
10:58:02,67.69,100,
10:58:02,67.69,100,
10:58:02,67.69,100,
10:58:03,67.69,816,
10:58:16,67.69,100,
10:58:21,67.69,300,
10:58:28,67.69,100,
10:58:28,67.69,3400,
10:58:28,67.69,900,
10:58:28,67.69,700,
10:58:28,67.69,2000,
10:58:28,67.69,2900,
10:58:28,67.69,1900,
10:58:28,67.69,100,
10:58:28,67.69,3900,
10:58:28,67.69,600,
10:58:28,67.69,200,
10:58:28,67.69,300,
10:58:28,67.69,100,
10:58:28,67.69,1400,
10:58:28,67.69,200,
10:58:28,67.68,331,
10:58:28,67.69,500,
10:58:28,67.69,900,
10:58:28,67.68,2000,
10:58:28,67.68,100,
10:58:28,67.68,100,
10:58:29,67.68,900,
10:58:29,67.68,300,
10:58:41,67.68,300,
10:58:47,67.6899,700,
10:58:50,67.69,1500,
10:58:51,67.69,300,
10:58:51,67.69,145,
10:58:51,67.69,500,
10:58:58,67.69,200,
10:58:59,67.69,200,
10:59:07,67.70,200,
10:59:08,67.70,1000,
10:59:10,67.70,377,
10:59:10,67.70,200,
10:59:12,67.70,100,
10:59:14,67.70,100,
10:59:15,67.70,500,
10:59:19,67.7087,1000,
10:59:37,67.71,100,
10:59:41,67.71,300,
10:59:41,67.71,2700,
10:59:48,67.72,2059,
10:59:48,67.72,100,
10:59:50,67.72,100,
10:59:51,67.72,576,
10:59:51,67.72,576,
10:59:51,67.72,624,
10:59:56,67.718,3500,
11:00:08,67.7199,200,
11:00:12,67.71,200,
11:00:14,67.71,1000,
11:00:14,67.71,685,
11:00:21,67.71,231,
11:00:21,67.71,100,
11:00:28,67.72,200,
11:00:33,67.72,100,
11:00:35,67.71,747,
11:00:35,67.71,815,
11:00:35,67.71,522,
11:00:38,67.72,100,
11:00:39,67.71,137,
11:00:45,67.7101,1000,
11:00:46,67.71,100,
11:00:46,67.71,300,
11:00:58,67.72,300,
11:01:05,67.72,100,
11:01:09,67.72,700,
11:01:09,67.72,100,
11:01:09,67.72,100,
11:01:29,67.722,140,
11:01:34,67.725,200,
11:01:43,67.7283,1450,
11:02:02,67.7299,4500,
11:02:17,67.727,100,
11:02:24,67.7201,100,
11:02:24,67.72,194,
11:02:24,67.72,441,
11:02:30,67.72,657,
11:02:31,67.7299,250,
11:02:42,67.72,200,
11:02:51,67.73,2300,
11:02:59,67.7299,100,
11:03:03,67.73,1600,
11:03:03,67.73,1100,
11:03:03,67.73,600,
11:03:04,67.73,546,
11:03:04,67.73,100,
11:03:08,67.7299,250,
11:03:21,67.73,246,
11:03:21,67.73,1100,
11:03:21,67.73,300,
11:03:21,67.73,100,
11:03:21,67.73,1339,
11:03:21,67.73,300,
11:03:21,67.73,400,
11:03:21,67.73,200,
11:03:21,67.73,400,
11:03:21,67.73,150,
11:03:21,67.73,3700,
11:03:21,67.73,500,
11:03:21,67.73,200,
11:03:21,67.73,300,
11:03:21,67.73,1400,
11:03:21,67.73,1400,
11:03:21,67.73,200,
11:03:21,67.73,200,
11:03:23,67.73,2400,
11:03:26,67.73,1200,
11:03:26,67.73,3700,
11:03:26,67.73,200,
11:03:34,67.7499,100,
11:03:36,67.75,900,
11:03:39,67.75,245,
11:03:40,67.75,200,
11:03:40,67.75,900,
11:03:40,67.75,500,
11:03:40,67.75,500,
11:03:41,67.75,100,
11:03:43,67.75,100,
11:03:43,67.75,200,
11:03:43,67.75,200,
11:03:43,67.75,100,
11:03:43,67.75,100,
11:03:43,67.75,100,
11:03:43,67.75,200,
11:03:43,67.75,200,
11:03:43,67.75,200,
11:03:43,67.75,100,
11:03:43,67.75,100,
11:03:43,67.75,100,
11:03:43,67.75,100,
11:03:43,67.75,100,
11:03:43,67.75,100,
11:03:43,67.75,100,
11:03:44,67.75,100,
11:03:44,67.75,100,
11:03:53,67.75,1000,
11:03:57,67.75,100,
11:03:57,67.75,200,
11:03:57,67.75,300,
11:03:57,67.75,100,
11:03:57,67.75,200,
11:03:57,67.75,200,
11:03:57,67.75,152,
11:03:59,67.7487,300,
11:04:06,67.745,200,
11:04:16,67.74,732,
11:04:16,67.74,2000,
11:04:16,67.74,4400,
11:04:16,67.74,400,
11:04:16,67.74,400,
11:04:16,67.74,400,
11:04:16,67.74,400,
11:04:16,67.74,400,
11:04:16,67.74,368,
11:04:16,67.74,400,
11:04:16,67.74,400,
11:04:16,67.74,400,
11:04:16,67.74,400,
11:04:16,67.74,400,
11:04:16,67.74,568,
11:04:16,67.74,100,
11:04:21,67.74,100,
11:04:23,67.74,300,
11:04:23,67.74,1600,
11:04:23,67.74,200,
11:04:23,67.74,200,
11:04:23,67.74,600,
11:04:23,67.74,100,
11:04:23,67.74,1300,
11:04:23,67.74,1400,
11:04:23,67.74,700,
11:04:23,67.74,100,
11:04:34,67.74,300,
11:04:39,67.75,200,
11:04:39,67.75,800,
11:04:45,67.75,200,
11:04:54,67.75,784,
11:04:56,67.75,700,
11:05:06,67.745,300,
11:05:10,67.74,400,
11:05:11,67.73,1100,
11:05:11,67.73,100,
11:05:11,67.74,400,
11:05:11,67.74,400,
11:05:11,67.74,400,
11:05:11,67.74,400,
11:05:11,67.74,400,
11:05:11,67.74,400,
11:05:11,67.74,300,
11:05:11,67.74,300,
11:05:11,67.74,100,
11:05:11,67.74,4400,
11:05:11,67.74,3000,
11:05:11,67.74,400,
11:05:11,67.74,400,
11:05:11,67.74,400,
11:05:11,67.74,400,
11:05:11,67.73,416,
11:05:11,67.73,200,
11:05:12,67.73,200,
11:05:12,67.73,2184,
11:05:17,67.7283,1000,
11:05:18,67.73,100,
11:05:18,67.73,1216,
11:05:20,67.73,515,
11:05:24,67.73,200,
11:05:24,67.73,300,
11:05:24,67.73,100,
11:05:26,67.729,100,
11:05:31,67.72,616,
11:05:31,67.72,100,
11:05:31,67.72,200,
11:05:31,67.72,100,
11:05:31,67.72,400,
11:05:31,67.72,100,
11:05:31,67.72,181,
11:05:31,67.72,100,
11:05:31,67.72,100,
11:05:32,67.72,119,
11:05:32,67.72,319,
11:05:37,67.722,100,
11:05:44,67.729,750,
11:05:46,67.72,400,
11:05:51,67.726,150,
11:05:56,67.73,300,
11:05:56,67.73,200,
11:06:07,67.73,616,
11:06:07,67.74,367,
11:06:07,67.74,200,
11:06:07,67.74,233,
11:06:07,67.74,100,
11:06:07,67.74,100,
11:06:07,67.74,100,
11:06:11,67.74,100,
11:06:11,67.74,816,
11:06:14,67.74,584,
11:06:18,67.74,816,
11:06:21,67.74,816,
11:06:28,67.75,100,
11:06:28,67.75,100,
11:06:28,67.75,100,
11:06:28,67.75,100,
11:06:29,67.74,100,
11:06:29,67.73,500,
11:06:29,67.73,432,
11:06:36,67.74,100,
11:06:38,67.74,600,
11:06:39,67.74,100,
11:07:01,67.75,100,
11:07:01,67.75,600,
11:07:01,67.75,100,
11:07:03,67.75,200,
11:07:05,67.75,200,
11:07:05,67.75,100,
11:07:06,67.75,100,
11:07:09,67.76,100,
11:07:09,67.76,200,
11:07:09,67.76,100,
11:07:09,67.76,200,
11:07:10,67.76,100,
11:07:12,67.76,1200,
11:07:12,67.76,100,
11:07:13,67.7513,300,
11:07:13,67.75,100,
11:07:15,67.76,100,
11:07:23,67.76,100,
11:07:23,67.76,200,
11:07:23,67.76,1300,
11:07:23,67.77,700,
11:07:23,67.77,100,
11:07:23,67.77,200,
11:07:27,67.76,100,
11:07:27,67.76,100,
11:07:27,67.76,200,
11:07:28,67.76,100,
11:07:29,67.76,100,
11:07:30,67.76,100,
11:07:30,67.76,600,
11:07:30,67.76,100,
11:07:30,67.77,400,
11:07:30,67.76,100,
11:07:30,67.765,100,
11:07:36,67.77,300,
11:07:36,67.77,100,
11:07:39,67.769,100,
11:07:39,67.77,252,
11:07:39,67.77,1848,
11:07:39,67.77,148,
11:07:42,67.77,200,
11:07:43,67.769,1200,
11:07:44,67.7617,200,
11:08:00,67.77,200,
11:08:00,67.77,400,
11:08:07,67.77,2600,
11:08:07,67.77,100,
11:08:09,67.77,200,
11:08:09,67.77,100,
11:08:10,67.77,815,
11:08:11,67.77,232,
11:08:11,67.77,484,
11:08:15,67.77,156,
11:08:15,67.77,400,
11:08:15,67.77,400,
11:08:15,67.77,400,
11:08:15,67.77,400,
11:08:15,67.77,400,
11:08:18,67.77,100,
11:08:18,67.77,256,
11:08:18,67.77,400,
11:08:18,67.77,400,
11:08:18,67.77,400,
11:08:18,67.77,400,
11:08:30,67.7699,900,
11:08:45,67.7653,100,
11:08:59,67.762,150,
11:09:08,67.77,100,
11:09:08,67.77,500,
11:09:08,67.77,500,
11:09:13,67.7701,100,
11:09:19,67.77,1170,
11:09:22,67.7788,1000,
11:09:28,67.77,370,
11:09:28,67.77,100,
11:09:30,67.77,816,
11:09:31,67.779,200,
11:09:31,67.78,100,
11:09:31,67.78,100,
11:09:31,67.78,100,
11:09:32,67.78,100,
11:09:49,67.77,100,
11:09:52,67.7743,1000,
11:09:55,67.77,400,
11:09:55,67.77,400,
11:09:55,67.775,100,
11:10:01,67.77,100,
11:10:03,67.77,231,
11:10:03,67.77,184,
11:10:15,67.77,400,
11:10:15,67.77,400,
11:10:15,67.77,169,
11:10:15,67.77,400,
11:10:15,67.77,107,
11:10:15,67.77,309,
11:10:15,67.77,200,
11:10:15,67.77,400,
11:10:15,67.77,400,
11:10:15,67.77,293,
11:10:15,67.76,100,
11:10:15,67.76,100,
11:10:15,67.76,100,
11:10:15,67.76,100,
11:10:15,67.76,100,
11:10:15,67.76,816,
11:10:15,67.76,100,
11:10:16,67.77,100,
11:10:18,67.77,100,
11:10:18,67.77,100,
11:10:18,67.77,100,
