09:30:00,68.78,800,
09:30:00,68.78,500,
09:30:00,68.79,600,
09:30:00,68.7899,200,
09:30:00,68.79,100,
09:30:00,68.79,200,
09:30:00,68.79,100,
09:30:00,68.79,500,
09:30:00,68.79,500,
09:30:00,68.79,1000,
09:30:00,68.79,800,
09:30:00,68.79,500,
09:30:00,68.79,500,
09:30:00,68.79,100,
09:30:00,68.80,300,
09:30:02,68.79,182,
09:30:02,68.77,1000,
09:30:02,68.79,118,
09:30:02,68.79,890,
09:30:02,68.79,100,
09:30:02,68.80,100,
09:30:02,68.80,380,
09:30:02,68.80,400,
09:30:02,68.80,900,
09:30:02,68.80,500,
09:30:02,68.80,500,
09:30:02,68.80,620,
09:30:02,68.80,300,
09:30:02,68.80,100,
09:30:03,68.80,100,
09:30:03,68.80,1600,
09:30:03,68.80,500,
09:30:03,68.80,2000,
09:30:03,68.80,2500,
09:30:03,68.80,2500,
09:30:03,68.80,300,
09:30:03,68.80,380,
09:30:03,68.80,900,
09:30:03,68.80,500,
09:30:04,68.80,200,
09:30:04,68.81,500,
09:30:05,68.81,100,
09:30:05,68.81,200,
09:30:06,68.81,100,
09:30:06,68.81,100,
09:30:06,68.81,200,
09:30:06,68.80,153,
09:30:06,68.80,500,
09:30:06,68.80,900,
09:30:06,68.80,200,
09:30:06,68.79,800,
09:30:06,68.79,100,
09:30:06,68.79,100,
09:30:06,68.79,500,
09:30:06,68.79,900,
09:30:06,68.79,600,
09:30:06,68.79,600,
09:30:07,68.791,400,
09:30:07,68.79,800,
09:30:07,68.79,1533,
09:30:07,68.79,200,
09:30:07,68.78,100,
09:30:07,68.78,200,
09:30:07,68.78,100,
09:30:07,68.79,200,
09:30:08,68.79,100,
09:30:08,68.79,200,
09:30:08,68.79,800,
09:30:08,68.79,500,
09:30:08,68.78,200,
09:30:08,68.79,100,
09:30:09,68.79,100,
09:30:09,68.79,100,
09:30:09,68.79,400,
09:30:10,68.78,500,
09:30:10,68.78,400,
09:30:10,68.78,200,
09:30:11,68.81,100,
09:30:12,68.79,100,
09:30:12,68.77,190,
09:30:12,68.77,110,
09:30:12,68.77,500,
09:30:12,68.77,490,
09:30:12,68.77,500,
09:30:12,68.76,500,
09:30:12,68.77,100,
09:30:13,68.77,300,
09:30:13,68.77,100,
09:30:13,68.77,100,
09:30:13,68.77,600,
09:30:13,68.77,600,
09:30:14,68.76,1600,
09:30:14,68.81,100,
09:30:14,68.77,200,
09:30:14,68.77,200,
09:30:15,68.76,234,
09:30:15,68.81,200,
09:30:15,68.76,272,
09:30:15,68.76,100,
09:30:15,68.76,600,
09:30:16,68.75,200,
09:30:16,68.75,300,
09:30:16,68.75,200,
09:30:16,68.75,100,
09:30:17,68.75,100,
09:30:17,68.75,900,
09:30:18,68.75,100,
09:30:18,68.75,100,
09:30:18,68.75,1100,
09:30:18,68.75,300,
09:30:18,68.75,100,
09:30:19,68.75,600,
09:30:19,68.75,1300,
09:30:19,68.74,267,
09:30:19,68.74,1000,
09:30:19,68.74,433,
09:30:19,68.74,200,
09:30:19,68.74,400,
09:30:19,68.74,610,
09:30:19,68.74,200,
09:30:19,68.73,2000,
09:30:19,68.73,600,
09:30:19,68.73,100,
09:30:19,68.73,3600,
09:30:19,68.74,100,
09:30:19,68.74,700,
09:30:20,68.73,400,
09:30:20,68.74,400,
09:30:20,68.74,100,
09:30:22,68.74,100,
09:30:22,68.74,300,
09:30:22,68.74,200,
09:30:24,68.74,600,
09:30:26,68.74,100,
09:30:29,68.735,405,
09:30:30,68.73,100,
09:30:33,68.74,900,
09:30:33,68.74,1700,
09:30:33,68.74,700,
09:30:33,68.74,700,
09:30:33,68.74,100,
09:30:34,68.74,500,
09:30:36,68.74,300,
09:30:36,68.74,5100,
09:30:37,68.74,1000,
09:30:37,68.74,500,
09:30:38,68.74,500,
09:30:38,68.74,100,
09:30:38,68.74,300,
09:30:38,68.74,100,
09:30:38,68.74,100,
09:30:39,68.75,500,
09:30:41,68.75,100,
09:30:41,68.75,900,
09:30:41,68.75,100,
09:30:41,68.75,300,
09:30:41,68.75,100,
09:30:41,68.75,100,
09:30:42,68.74,900,
09:30:42,68.74,100,
09:30:42,68.74,100,
09:30:42,68.74,400,
09:30:44,68.74,100,
09:30:44,68.74,100,
09:30:45,68.74,100,
09:30:45,68.75,100,
09:30:46,68.741,200,
09:30:46,68.74,100,
09:30:46,68.74,100,
09:30:46,68.74,1900,
09:30:46,68.74,1400,
09:30:46,68.74,200,
09:30:46,68.74,600,
09:30:46,68.74,600,
09:30:47,68.74,329,
09:30:48,68.75,1000,
09:30:49,68.75,100,
09:30:49,68.75,278,
09:30:50,68.75,100,
09:30:50,68.75,1400,
09:30:52,68.75,200,
09:30:54,68.76,900,
09:30:54,68.76,200,
09:30:54,68.76,300,
09:30:55,68.77,100,
09:30:55,68.77,400,
09:30:55,68.77,500,
09:30:57,68.7701,168,
09:30:59,68.78,300,
09:31:00,68.7799,100,
09:31:01,68.78,200,
09:31:01,68.77,100,
09:31:03,68.76,500,
09:31:03,68.76,500,
09:31:03,68.76,100,
09:31:03,68.76,2600,
09:31:03,68.76,200,
09:31:03,68.75,500,
09:31:03,68.75,900,
09:31:03,68.75,600,
09:31:03,68.75,300,
09:31:03,68.75,600,
09:31:03,68.75,100,
09:31:03,68.76,300,
09:31:04,68.75,200,
09:31:05,68.75,100,
09:31:05,68.74,100,
09:31:05,68.73,100,
09:31:06,68.735,100,
09:31:06,68.74,200,
09:31:08,68.75,100,
09:31:09,68.74,2100,
09:31:10,68.74,200,
09:31:10,68.74,1400,
09:31:11,68.74,300,
09:31:11,68.74,700,
09:31:11,68.74,400,
09:31:12,68.74,800,
09:31:15,68.75,500,
09:31:16,68.75,200,
09:31:16,68.75,1000,
09:31:17,68.75,100,
09:31:18,68.75,100,
09:31:18,68.75,200,
09:31:18,68.75,1800,
09:31:19,68.75,100,
09:31:19,68.75,100,
09:31:20,68.75,100,
09:31:20,68.75,100,
09:31:20,68.75,100,
09:31:20,68.75,1400,
09:31:21,68.75,600,
09:31:22,68.75,250,
09:31:23,68.76,200,
09:31:28,68.77,200,
09:31:28,68.77,500,
09:31:28,68.77,3467,
09:31:28,68.77,1500,
09:31:29,68.77,200,
09:31:32,68.78,800,
09:31:32,68.78,500,
09:31:34,68.79,500,
09:31:35,68.79,1440,
09:31:35,68.79,1500,
09:31:35,68.79,600,
09:31:38,68.80,200,
09:31:38,68.80,400,
09:31:38,68.80,100,
09:31:39,68.81,2100,
09:31:39,68.81,500,
09:31:39,68.81,2100,
09:31:39,68.81,700,
09:31:40,68.81,700,
09:31:41,68.81,200,
09:31:41,68.82,431,
09:31:41,68.82,2100,
09:31:42,68.82,200,
09:31:42,68.82,100,
09:31:42,68.82,1069,
09:31:42,68.836,2000,
09:31:43,68.84,700,
09:31:43,68.84,500,
09:31:43,68.84,1200,
09:31:44,68.84,200,
09:31:46,68.84,900,
09:31:46,68.85,1200,
09:31:46,68.85,500,
09:31:46,68.85,900,
09:31:46,68.85,100,
09:31:47,68.85,100,
09:31:47,68.85,500,
09:31:48,68.86,800,
09:31:49,68.86,2100,
09:31:49,68.86,500,
09:31:50,68.86,600,
09:31:51,68.87,2000,
09:31:51,68.87,100,
09:31:52,68.86,100,
09:31:53,68.87,400,
09:31:53,68.87,100,
09:31:53,68.87,300,
09:31:53,68.87,500,
09:31:54,68.88,2500,
09:31:54,68.88,100,
09:31:54,68.88,300,
09:31:54,68.88,100,
09:31:54,68.88,100,
09:31:54,68.88,100,
09:31:54,68.88,200,
09:31:54,68.88,400,
09:31:54,68.88,100,
09:31:54,68.88,900,
09:31:54,68.88,1200,
09:31:54,68.88,200,
09:31:55,68.88,500,
09:31:55,68.88,100,
09:31:55,68.88,100,
09:31:55,68.88,300,
09:31:55,68.88,400,
09:31:55,68.87,200,
09:31:55,68.87,200,
09:31:55,68.87,260,
09:31:55,68.87,800,
09:31:55,68.87,100,
09:31:55,68.87,100,
09:31:55,68.87,900,
09:31:56,68.87,800,
09:31:56,68.86,500,
09:31:56,68.86,800,
09:31:56,68.85,500,
09:31:56,68.85,100,
09:31:56,68.84,500,
09:31:57,68.85,1100,
09:31:57,68.85,1300,
09:31:58,68.86,100,
09:31:59,68.86,105,
09:32:00,68.87,100,
09:32:00,68.87,200,
09:32:00,68.87,100,
09:32:00,68.87,200,
09:32:00,68.87,100,
09:32:03,68.87,295,
09:32:03,68.87,600,
09:32:03,68.87,100,
09:32:07,68.87,500,
09:32:10,68.87,600,
09:32:12,68.87,100,
09:32:12,68.87,100,
09:32:12,68.87,300,
09:32:12,68.87,200,
09:32:12,68.88,500,
09:32:14,68.88,200,
09:32:16,68.88,322,
09:32:16,68.88,200,
09:32:16,68.88,500,
09:32:18,68.88,200,
09:32:19,68.89,100,
09:32:19,68.88,100,
09:32:20,68.88,800,
09:32:22,68.88,200,
09:32:24,68.89,300,
09:32:24,68.89,700,
09:32:24,68.89,700,
09:32:24,68.89,175,
09:32:24,68.89,2525,
09:32:24,68.89,100,
09:32:24,68.90,400,
09:32:24,68.90,2000,
09:32:25,68.91,200,
09:32:25,68.90,100,
09:32:25,68.90,200,
09:32:25,68.9099,2000,
09:32:30,68.90,200,
09:32:30,68.90,200,
09:32:33,68.90,200,
09:32:37,68.90,100,
09:32:37,68.90,500,
09:32:37,68.90,100,
09:32:37,68.90,200,
09:32:37,68.90,200,
09:32:38,68.90,200,
09:32:39,68.91,280,
09:32:39,68.91,1300,
09:32:39,68.91,100,
09:32:39,68.91,2400,
09:32:39,68.91,100,
09:32:40,68.92,200,
09:32:41,68.92,300,
09:32:42,68.93,100,
09:32:43,68.92,200,
09:32:43,68.92,200,
09:32:45,68.93,200,
09:32:46,68.922,1000,
09:32:46,68.93,100,
09:32:47,68.93,200,
09:32:47,68.93,100,
09:32:48,68.94,200,
09:32:51,68.9301,4686,
09:32:53,68.9316,1500,
09:32:53,68.935,100,
09:32:53,68.935,100,
09:32:55,68.93,200,
09:32:57,68.94,2500,
09:32:57,68.94,1000,
09:32:59,68.95,500,
09:33:02,68.95,300,
09:33:02,68.95,200,
09:33:03,68.96,600,
09:33:03,68.96,1200,
09:33:03,68.96,100,
09:33:03,68.96,500,
09:33:03,68.96,600,
09:33:03,68.97,300,
09:33:03,68.97,200,
09:33:03,68.98,600,
09:33:03,68.98,300,
09:33:03,68.98,720,
09:33:03,68.98,500,
09:33:03,68.98,600,
09:33:03,68.98,250,
09:33:04,68.97,1485,
09:33:04,68.97,500,
09:33:04,68.97,1200,
09:33:04,68.96,200,
09:33:06,68.96,100,
09:33:06,68.96,881,
09:33:06,68.96,200,
09:33:07,68.96,497,
09:33:07,68.96,300,
09:33:09,68.96,100,
09:33:12,68.9699,150,
09:33:14,68.97,400,
09:33:17,68.96,499,
09:33:18,68.95,100,
09:33:18,68.95,1500,
09:33:21,68.94,500,
09:33:22,68.94,200,
09:33:22,68.9332,3000,
09:33:24,68.92,500,
09:33:24,68.92,300,
09:33:24,68.92,100,
09:33:24,68.93,100,
09:33:25,68.93,200,
09:33:27,68.92,200,
09:33:28,68.9101,2000,
09:33:29,68.92,100,
09:33:30,68.92,400,
09:33:30,68.915,600,
09:33:30,68.92,600,
09:33:31,68.935,500,
09:33:33,68.93,100,
09:33:34,68.9399,1000,
09:33:35,68.93,900,
09:33:37,68.94,150,
09:33:37,68.94,100,
09:33:38,68.93,100,
09:33:39,68.93,200,
09:33:41,68.93,100,
09:33:42,68.93,337,
09:33:43,68.94,100,
09:33:44,68.93,900,
09:33:45,68.94,100,
09:33:47,68.93,100,
09:33:47,68.92,200,
09:33:49,68.93,200,
09:33:49,68.925,100,
09:33:49,68.92,200,
09:33:50,68.92,1000,
09:33:50,68.92,600,
09:33:50,68.92,1000,
09:33:50,68.92,100,
09:33:52,68.91,200,
09:33:53,68.92,102,
09:33:54,68.93,500,
09:33:55,68.94,100,
09:33:55,68.94,200,
09:33:55,68.94,200,
09:33:55,68.93,100,
09:33:56,68.92,100,
09:33:56,68.92,1200,
09:33:56,68.92,294,
09:33:57,68.92,200,
09:33:57,68.92,300,
09:33:57,68.92,200,
09:33:59,68.93,1000,
09:33:59,68.93,200,
09:34:00,68.94,300,
09:34:01,68.94,200,
09:34:02,68.94,100,
09:34:03,68.93,100,
09:34:05,68.93,100,
09:34:07,68.93,200,
09:34:19,68.92,100,
09:34:19,68.92,100,
09:34:19,68.91,600,
09:34:21,68.92,200,
09:34:25,68.91,202,
09:34:25,68.92,100,
09:34:28,68.93,200,
09:34:31,68.92,200,
09:34:32,68.93,400,
09:34:34,68.93,100,
09:34:36,68.92,200,
09:34:41,68.92,200,
09:34:41,68.92,1000,
09:34:43,68.93,200,
09:34:43,68.93,100,
09:34:47,68.92,100,
09:34:47,68.91,200,
09:34:49,68.92,1000,
09:34:49,68.92,285,
09:34:50,68.92,100,
09:34:50,68.92,500,
09:34:50,68.92,600,
09:34:50,68.92,200,
09:34:50,68.92,200,
09:34:52,68.92,100,
09:34:54,68.91,200,
09:34:56,68.91,200,
09:34:57,68.92,100,
09:34:58,68.919,3000,
09:35:01,68.92,100,
09:35:02,68.91,200,
09:35:02,68.92,100,
09:35:06,68.93,715,
09:35:10,68.92,101,
09:35:11,68.92,273,
09:35:11,68.92,300,
09:35:11,68.92,200,
09:35:11,68.92,1800,
09:35:11,68.92,3700,
09:35:11,68.92,100,
09:35:11,68.92,200,
09:35:11,68.92,1153,
09:35:11,68.92,500,
09:35:11,68.92,1600,
09:35:11,68.92,100,
09:35:13,68.915,800,
09:35:16,68.92,300,
09:35:19,68.92,200,
09:35:19,68.92,500,
09:35:19,68.92,100,
09:35:23,68.92,145,
09:35:27,68.92,419,
09:35:28,68.92,100,
09:35:33,68.92,300,
09:35:34,68.92,800,
09:35:35,68.92,100,
09:35:35,68.92,200,
09:35:35,68.92,300,
09:35:44,68.92,100,
09:35:44,68.92,200,
09:35:45,68.92,100,
09:35:49,68.9201,100,
09:35:52,68.92,100,
09:35:53,68.92,100,
09:35:53,68.92,800,
09:35:53,68.92,208,
09:35:53,68.92,400,
09:35:53,68.92,200,
09:35:54,68.92,200,
09:35:56,68.91,200,
09:35:56,68.91,100,
09:35:56,68.91,100,
09:35:58,68.91,1669,
09:35:58,68.90,100,
09:35:58,68.90,100,
09:35:59,68.90,100,
09:35:59,68.90,500,
09:35:59,68.90,100,
09:35:59,68.90,600,
09:35:59,68.90,195,
09:35:59,68.902,3000,
09:36:00,68.90,300,
09:36:04,68.89,100,
09:36:04,68.89,100,
09:36:04,68.89,500,
09:36:04,68.89,200,
09:36:06,68.89,600,
09:36:06,68.89,100,
09:36:08,68.89,1500,
09:36:08,68.89,200,
09:36:12,68.89,100,
09:36:12,68.89,123,
09:36:14,68.88,150,
09:36:15,68.88,500,
09:36:16,68.88,100,
09:36:16,68.88,600,
09:36:16,68.88,100,
09:36:16,68.88,600,
09:36:17,68.88,1000,
09:36:17,68.88,600,
09:36:17,68.88,500,
09:36:18,68.89,100,
09:36:18,68.89,100,
09:36:19,68.8801,1000,
09:36:20,68.89,400,
09:36:22,68.89,100,
09:36:22,68.88,400,
09:36:23,68.88,100,
09:36:25,68.88,100,
09:36:26,68.8816,700,
09:36:27,68.88,200,
09:36:27,68.88,2300,
09:36:27,68.88,1000,
09:36:27,68.8801,2300,
09:36:29,68.88,600,
09:36:29,68.88,2099,
09:36:33,68.87,100,
09:36:35,68.88,315,
09:36:35,68.88,100,
09:36:36,68.88,100,
09:36:36,68.88,117,
09:36:36,68.89,600,
09:36:39,68.87,100,
09:36:45,68.86,200,
09:36:45,68.86,100,
09:36:49,68.87,115,
09:36:49,68.87,500,
09:36:49,68.87,189,
09:36:52,68.87,200,
09:36:55,68.88,100,
09:36:55,68.88,500,
09:36:55,68.88,485,
09:36:56,68.89,100,
09:36:56,68.89,100,
09:36:56,68.89,133,
09:36:57,68.89,133,
09:36:58,68.88,100,
09:36:58,68.88,200,
09:37:00,68.88,100,
09:37:02,68.87,100,
09:37:02,68.87,1400,
09:37:02,68.88,100,
09:37:02,68.87,100,
09:37:02,68.87,100,
09:37:02,68.88,200,
09:37:02,68.88,100,
09:37:02,68.88,285,
09:37:03,68.875,1669,
09:37:03,68.88,1600,
09:37:05,68.88,100,
09:37:05,68.88,175,
09:37:05,68.88,175,
09:37:06,68.88,175,
09:37:06,68.88,200,
09:37:06,68.88,263,
09:37:07,68.88,200,
09:37:07,68.88,200,
09:37:07,68.8716,200,
09:37:08,68.88,100,
09:37:08,68.88,128,
09:37:08,68.88,129,
09:37:08,68.88,128,
09:37:09,68.88,431,
09:37:09,68.875,1669,
09:37:09,68.88,400,
09:37:09,68.88,100,
09:37:09,68.88,158,
09:37:09,68.88,158,
09:37:13,68.88,100,
09:37:13,68.88,100,
09:37:13,68.88,100,
09:37:13,68.88,100,
09:37:13,68.88,100,
09:37:15,68.88,185,
09:37:15,68.88,400,
09:37:15,68.88,200,
09:37:16,68.87,731,
09:37:16,68.87,100,
09:37:16,68.87,700,
09:37:18,68.86,500,
09:37:18,68.86,100,
09:37:19,68.866,2000,
09:37:22,68.86,100,
09:37:22,68.86,200,
09:37:22,68.86,200,
09:37:24,68.852,2250,
09:37:27,68.85,3100,
09:37:27,68.85,500,
09:37:27,68.85,500,
09:37:27,68.85,100,
09:37:28,68.85,300,
09:37:28,68.86,525,
09:37:29,68.84,200,
09:37:29,68.84,200,
09:37:30,68.85,700,
09:37:30,68.85,400,
09:37:30,68.85,300,
09:37:31,68.85,100,
09:37:33,68.85,100,
09:37:34,68.84,100,
09:37:34,68.84,100,
09:37:35,68.85,100,
09:37:41,68.85,400,
09:37:45,68.86,715,
09:37:45,68.8501,500,
09:37:50,68.84,550,
09:37:50,68.84,500,
09:37:58,68.84,450,
09:37:58,68.84,200,
09:37:58,68.84,100,
09:37:59,68.84,400,
09:38:01,68.84,815,
09:38:03,68.83,100,
09:38:03,68.83,100,
09:38:03,68.83,150,
09:38:04,68.82,100,
09:38:04,68.83,200,
09:38:06,68.81,300,
09:38:08,68.80,100,
09:38:08,68.80,300,
09:38:08,68.80,500,
09:38:08,68.80,1000,
09:38:08,68.80,300,
09:38:08,68.80,200,
09:38:08,68.80,9100,
09:38:08,68.80,190,
09:38:08,68.80,100,
09:38:08,68.80,3200,
09:38:08,68.80,800,
09:38:08,68.80,1700,
09:38:08,68.80,100,
09:38:08,68.80,200,
09:38:08,68.80,200,
09:38:08,68.80,600,
09:38:08,68.80,3000,
09:38:08,68.80,700,
09:38:08,68.80,1500,
09:38:08,68.80,2000,
09:38:08,68.79,700,
09:38:08,68.79,1500,
09:38:08,68.79,2400,
09:38:08,68.79,200,
09:38:08,68.79,3200,
09:38:08,68.79,1600,
09:38:08,68.79,400,
09:38:08,68.79,500,
09:38:08,68.79,1600,
09:38:08,68.79,700,
09:38:08,68.79,2000,
09:38:08,68.79,200,
09:38:09,68.78,200,
09:38:09,68.78,200,
09:38:09,68.78,600,
09:38:09,68.78,1600,
09:38:09,68.78,700,
09:38:09,68.78,500,
09:38:09,68.78,3200,
09:38:09,68.78,500,
09:38:09,68.78,500,
09:38:09,68.78,200,
09:38:09,68.78,400,
09:38:09,68.78,200,
09:38:09,68.78,100,
09:38:09,68.78,2000,
09:38:09,68.78,700,
09:38:09,68.78,100,
09:38:09,68.78,200,
09:38:09,68.78,2900,
09:38:09,68.78,600,
09:38:09,68.80,100,
09:38:09,68.77,500,
09:38:09,68.77,200,
09:38:09,68.77,500,
09:38:09,68.77,1600,
09:38:09,68.77,100,
09:38:09,68.77,700,
09:38:09,68.77,14900,
09:38:09,68.77,200,
09:38:09,68.77,2700,
09:38:09,68.77,800,
09:38:09,68.77,800,
09:38:09,68.77,200,
09:38:09,68.77,3200,
09:38:09,68.77,1600,
09:38:09,68.77,200,
09:38:09,68.77,200,
09:38:09,68.77,200,
09:38:09,68.77,100,
09:38:09,68.77,200,
09:38:09,68.77,700,
09:38:09,68.77,2000,
09:38:09,68.775,100,
09:38:09,68.76,1600,
09:38:09,68.77,700,
09:38:09,68.76,700,
09:38:09,68.77,1200,
09:38:09,68.76,2400,
09:38:09,68.76,1000,
09:38:09,68.76,2900,
09:38:09,68.76,1000,
09:38:09,68.76,100,
09:38:09,68.76,3200,
09:38:09,68.76,100,
09:38:09,68.76,3200,
09:38:09,68.76,1000,
09:38:09,68.76,200,
09:38:09,68.76,2900,
09:38:09,68.76,1000,
09:38:09,68.76,1600,
09:38:09,68.76,600,
09:38:09,68.76,6000,
09:38:09,68.77,800,
09:38:09,68.77,400,
09:38:09,68.76,300,
09:38:09,68.76,2200,
09:38:09,68.76,182,
09:38:09,68.76,200,
09:38:09,68.76,2400,
09:38:09,68.76,100,
09:38:09,68.76,400,
09:38:09,68.76,900,
09:38:09,68.76,800,
09:38:09,68.76,200,
09:38:09,68.76,2900,
09:38:09,68.76,200,
09:38:09,68.76,200,
09:38:09,68.76,200,
09:38:09,68.76,2600,
09:38:09,68.76,2000,
09:38:09,68.77,1400,
09:38:09,68.76,200,
09:38:09,68.76,182,
09:38:09,68.76,200,
09:38:09,68.76,173,
09:38:09,68.77,300,
09:38:09,68.76,700,
09:38:09,68.76,100,
09:38:09,68.76,700,
09:38:09,68.76,100,
09:38:09,68.76,400,
09:38:09,68.76,200,
09:38:09,68.76,200,
09:38:09,68.76,100,
09:38:09,68.76,100,
09:38:09,68.75,2100,
09:38:09,68.75,1200,
09:38:09,68.75,500,
09:38:09,68.75,2800,
09:38:09,68.75,700,
09:38:09,68.76,1200,
09:38:09,68.76,700,
09:38:09,68.75,100,
09:38:09,68.751,100,
09:38:10,68.75,100,
09:38:10,68.75,100,
09:38:11,68.75,300,
09:38:11,68.78,1200,
09:38:11,68.77,4000,
09:38:11,68.76,100,
09:38:12,68.75,815,
09:38:13,68.76,200,
09:38:13,68.76,200,
09:38:15,68.75,300,
09:38:15,68.75,500,
09:38:15,68.75,200,
09:38:15,68.75,100,
09:38:16,68.75,200,
09:38:16,68.75,700,
09:38:16,68.76,445,
09:38:19,68.75,100,
09:38:19,68.75,200,
09:38:19,68.745,200,
09:38:19,68.75,600,
09:38:19,68.75,145,
09:38:19,68.75,500,
09:38:19,68.75,600,
09:38:19,68.75,200,
09:38:20,68.74,500,
09:38:20,68.74,200,
09:38:20,68.73,500,
09:38:20,68.73,200,
09:38:20,68.7301,3700,
09:38:21,68.73,400,
09:38:21,68.73,200,
09:38:21,68.73,400,
09:38:22,68.73,300,
09:38:23,68.73,1000,
09:38:26,68.73,200,
09:38:26,68.73,200,
09:38:27,68.73,1565,
09:38:31,68.72,100,
09:38:31,68.72,600,
09:38:31,68.72,100,
09:38:31,68.73,200,
09:38:31,68.73,200,
09:38:31,68.74,200,
09:38:31,68.73,100,
09:38:31,68.73,1500,
09:38:31,68.73,600,
09:38:31,68.73,200,
09:38:31,68.73,200,
09:38:31,68.72,100,
09:38:31,68.72,700,
09:38:31,68.72,200,
09:38:31,68.72,400,
09:38:31,68.72,600,
09:38:31,68.72,700,
09:38:31,68.72,100,
09:38:31,68.72,773,
09:38:31,68.72,100,
09:38:31,68.72,1700,
09:38:31,68.72,727,
09:38:31,68.72,100,
09:38:31,68.72,2100,
09:38:31,68.72,100,
09:38:31,68.72,800,
09:38:31,68.72,1600,
09:38:31,68.72,1000,
09:38:31,68.71,1806,
09:38:31,68.71,778,
09:38:31,68.71,700,
09:38:31,68.71,100,
09:38:31,68.72,1500,
09:38:31,68.71,155,
09:38:31,68.71,200,
09:38:31,68.71,200,
09:38:31,68.71,500,
09:38:31,68.71,100,
09:38:31,68.71,100,
09:38:32,68.72,400,
09:38:34,68.71,300,
09:38:34,68.71,300,
09:38:34,68.71,100,
09:38:34,68.71,775,
09:38:34,68.71,200,
09:38:34,68.71,1025,
09:38:35,68.715,100,
09:38:35,68.715,100,
09:38:38,68.7199,2000,
09:38:39,68.7199,1000,
09:38:41,68.71,1500,
09:38:42,68.70,100,
09:38:42,68.70,245,
09:38:42,68.70,300,
09:38:42,68.69,500,
09:38:42,68.69,1200,
09:38:42,68.68,200,
09:38:42,68.68,4800,
09:38:42,68.68,600,
09:38:42,68.68,1600,
09:38:42,68.68,1100,
09:38:42,68.68,100,
09:38:42,68.68,255,
09:38:42,68.68,200,
09:38:42,68.68,1500,
09:38:42,68.67,2430,
09:38:42,68.67,100,
09:38:42,68.68,11305,
09:38:42,68.67,2560,
09:38:42,68.68,735,
09:38:42,68.68,200,
09:38:42,68.68,600,
09:38:42,68.68,200,
09:38:42,68.68,700,
09:38:42,68.68,400,
09:38:42,68.68,100,
09:38:42,68.67,3800,
09:38:42,68.67,500,
09:38:42,68.67,200,
09:38:42,68.67,400,
09:38:42,68.67,440,
09:38:42,68.66,100,
09:38:42,68.67,800,
09:38:42,68.67,800,
09:38:42,68.67,700,
09:38:42,68.67,200,
09:38:42,68.67,165,
09:38:42,68.67,600,
09:38:42,68.67,1460,
09:38:42,68.67,100,
09:38:42,68.67,400,
09:38:42,68.67,355,
09:38:42,68.67,1895,
09:38:42,68.66,200,
09:38:42,68.66,500,
09:38:42,68.66,700,
09:38:42,68.66,300,
09:38:42,68.66,500,
09:38:42,68.66,200,
09:38:42,68.65,400,
09:38:42,68.65,100,
09:38:42,68.65,900,
09:38:42,68.65,1100,
09:38:42,68.65,1700,
09:38:42,68.65,200,
09:38:42,68.65,200,
09:38:42,68.65,200,
09:38:42,68.65,100,
09:38:42,68.65,1600,
09:38:42,68.65,400,
09:38:42,68.65,200,
09:38:42,68.65,700,
09:38:42,68.66,200,
09:38:42,68.66,1400,
09:38:42,68.66,500,
09:38:42,68.66,500,
09:38:42,68.66,200,
09:38:42,68.66,700,
09:38:43,68.66,300,
09:38:43,68.66,1739,
09:38:43,68.66,1600,
09:38:44,68.66,200,
09:38:44,68.66,400,
09:38:45,68.66,400,
09:38:46,68.65,500,
09:38:46,68.65,200,
09:38:46,68.65,1500,
09:38:46,68.65,100,
09:38:46,68.65,200,
09:38:46,68.65,2400,
09:38:46,68.65,200,
09:38:46,68.65,1300,
09:38:46,68.65,1100,
09:38:46,68.65,1400,
09:38:49,68.65,1000,
09:38:50,68.65,200,
09:38:51,68.64,500,
09:38:52,68.64,500,
09:38:52,68.6499,150,
09:38:54,68.64,200,
09:38:54,68.64,300,
09:38:54,68.64,200,
09:38:54,68.64,400,
09:38:54,68.64,200,
09:38:54,68.64,200,
09:38:55,68.64,100,
09:38:55,68.64,100,
09:38:56,68.65,585,
09:38:56,68.65,200,
09:38:56,68.65,300,
09:38:56,68.65,200,
09:38:58,68.65,1100,
09:38:58,68.65,1100,
09:38:58,68.65,6100,
09:38:58,68.65,100,
09:39:00,68.66,100,
09:39:01,68.66,900,
09:39:02,68.67,200,
09:39:02,68.67,500,
09:39:02,68.67,500,
09:39:02,68.67,300,
09:39:03,68.67,100,
09:39:05,68.68,100,
09:39:06,68.68,300,
09:39:06,68.68,100,
09:39:07,68.6701,5000,
09:39:08,68.68,700,
09:39:08,68.68,300,
09:39:09,68.68,100,
09:39:09,68.675,106,
09:39:10,68.68,700,
09:39:12,68.68,100,
09:39:12,68.69,600,
09:39:13,68.689,100,
09:39:13,68.689,100,
09:39:13,68.69,499,
09:39:14,68.68,100,
09:39:14,68.69,415,
09:39:15,68.69,815,
09:39:17,68.6999,1000,
09:39:18,68.69,700,
09:39:20,68.70,100,
09:39:20,68.70,100,
09:39:20,68.69,163,
09:39:21,68.7016,300,
09:39:22,68.70,100,
09:39:24,68.70,100,
09:39:24,68.69,100,
09:39:25,68.69,200,
09:39:26,68.69,200,
09:39:28,68.69,300,
09:39:28,68.70,215,
09:39:30,68.70,200,
09:39:30,68.70,200,
09:39:30,68.70,200,
09:39:31,68.705,1278,
09:39:35,68.707,700,
09:39:36,68.70,1500,
09:39:36,68.70,400,
09:39:36,68.70,400,
09:39:36,68.70,100,
09:39:36,68.70,100,
09:39:36,68.70,200,
09:39:36,68.70,100,
09:39:36,68.70,100,
09:39:37,68.70,300,
09:39:37,68.6984,1000,
09:39:40,68.71,200,
09:39:40,68.71,300,
09:39:40,68.71,500,
09:39:40,68.71,100,
09:39:40,68.71,100,
09:39:42,68.71,400,
09:39:42,68.71,100,
09:39:42,68.71,200,
09:39:43,68.71,100,
09:39:43,68.71,500,
09:39:43,68.71,100,
09:39:44,68.72,150,
09:39:44,68.72,150,
09:39:44,68.72,150,
09:39:44,68.72,150,
09:39:44,68.71,100,
09:39:44,68.71,100,
09:39:44,68.72,100,
09:39:44,68.72,100,
09:39:44,68.72,150,
09:39:44,68.72,250,
09:39:45,68.72,485,
09:39:46,68.73,166,
09:39:46,68.73,167,
09:39:46,68.73,167,
09:39:46,68.72,700,
09:39:47,68.72,300,
09:39:47,68.72,615,
09:39:47,68.72,600,
09:39:52,68.73,112,
09:39:52,68.73,112,
09:39:52,68.73,113,
09:39:52,68.73,112,
09:39:52,68.73,113,
09:39:54,68.73,116,
09:39:54,68.73,116,
09:39:54,68.73,116,
09:39:54,68.73,116,
09:39:55,68.7299,400,
09:39:55,68.73,148,
09:39:55,68.73,148,
09:39:55,68.73,149,
09:39:58,68.72,412,
09:39:58,68.72,100,
09:40:01,68.72,815,
09:40:01,68.72,100,
09:40:02,68.72,100,
09:40:04,68.72,695,
09:40:05,68.72,100,
09:40:08,68.72,600,
09:40:09,68.71,400,
09:40:09,68.71,100,
09:40:11,68.70,100,
09:40:11,68.70,187,
09:40:12,68.71,731,
09:40:12,68.71,231,
09:40:12,68.70,900,
09:40:12,68.70,500,
09:40:12,68.70,500,
09:40:13,68.69,200,
09:40:13,68.70,593,
09:40:14,68.70,193,
09:40:14,68.71,294,
09:40:16,68.71,100,
09:40:16,68.71,100,
09:40:18,68.70,100,
09:40:18,68.70,100,
09:40:22,68.69,200,
09:40:22,68.68,100,
09:40:23,68.68,500,
09:40:23,68.675,100,
09:40:26,68.675,100,
09:40:27,68.67,200,
09:40:27,68.68,200,
09:40:27,68.68,400,
09:40:28,68.68,600,
09:40:28,68.68,200,
09:40:28,68.68,100,
09:40:29,68.69,100,
09:40:29,68.69,400,
09:40:30,68.69,184,
09:40:32,68.68,100,
09:40:34,68.67,200,
09:40:35,68.67,400,
09:40:35,68.67,100,
09:40:36,68.67,100,
09:40:36,68.67,200,
09:40:38,68.67,115,
09:40:38,68.67,200,
09:40:38,68.68,115,
09:40:38,68.68,200,
09:40:38,68.68,200,
09:40:39,68.67,106,
09:40:39,68.67,100,
09:40:39,68.66,500,
09:40:39,68.66,345,
09:40:39,68.66,1000,
09:40:39,68.66,400,
09:40:40,68.65,2395,
09:40:40,68.65,100,
09:40:40,68.65,400,
09:40:40,68.65,200,
09:40:40,68.65,500,
09:40:40,68.65,400,
09:40:40,68.65,295,
09:40:40,68.65,200,
09:40:40,68.65,100,
09:40:40,68.65,100,
09:40:41,68.65,200,
09:40:41,68.65,1600,
09:40:41,68.66,500,
09:40:43,68.66,1000,
09:40:44,68.651,2000,
09:40:46,68.66,300,
09:40:47,68.6599,900,
09:40:47,68.64,300,
09:40:48,68.66,100,
09:40:48,68.65,100,
09:40:51,68.67,200,
09:40:52,68.67,200,
09:40:52,68.67,100,
09:40:53,68.68,100,
09:40:53,68.68,200,
09:40:53,68.68,100,
09:40:54,68.68,100,
09:40:55,68.68,100,
09:40:55,68.68,100,
09:40:55,68.68,200,
09:40:55,68.68,100,
09:40:55,68.68,400,
09:40:56,68.68,100,
09:40:56,68.67,100,
09:40:56,68.68,200,
09:40:57,68.68,100,
09:40:57,68.68,100,
09:40:58,68.68,100,
09:40:58,68.68,200,
09:40:58,68.68,100,
09:40:59,68.68,100,
09:41:00,68.68,200,
09:41:00,68.68,500,
09:41:00,68.68,100,
09:41:02,68.68,200,
09:41:02,68.68,100,
09:41:04,68.68,200,
09:41:04,68.68,100,
09:41:04,68.68,100,
09:41:04,68.69,500,
09:41:05,68.68,100,
09:41:05,68.68,100,
09:41:06,68.67,170,
09:41:06,68.68,100,
09:41:11,68.68,200,
09:41:12,68.68,100,
09:41:12,68.68,100,
09:41:12,68.67,200,
09:41:13,68.6799,100,
09:41:13,68.68,200,
09:41:14,68.68,100,
09:41:15,68.69,100,
09:41:15,68.69,100,
09:41:15,68.69,378,
09:41:18,68.70,200,
09:41:18,68.70,300,
09:41:18,68.70,100,
09:41:19,68.71,600,
09:41:22,68.71,200,
09:41:23,68.71,400,
09:41:23,68.70,476,
09:41:26,68.71,200,
09:41:27,68.70,200,
09:41:30,68.71,700,
09:41:30,68.71,100,
09:41:34,68.72,300,
09:41:34,68.72,500,
09:41:35,68.7201,100,
09:41:38,68.72,1000,
09:41:42,68.73,200,
09:41:42,68.73,200,
09:41:42,68.73,452,
09:41:42,68.72,400,
09:41:42,68.72,200,
09:41:42,68.72,1000,
09:41:42,68.72,400,
09:41:42,68.72,200,
09:41:42,68.72,300,
09:41:42,68.72,100,
09:41:42,68.73,600,
09:41:42,68.73,100,
09:41:42,68.73,300,
09:41:42,68.73,500,
09:41:42,68.72,600,
09:41:42,68.72,300,
09:41:42,68.73,500,
09:41:42,68.72,600,
09:41:42,68.72,2000,
09:41:42,68.72,400,
09:41:42,68.72,300,
09:41:42,68.72,100,
09:41:42,68.72,2100,
09:41:42,68.72,1800,
09:41:43,68.72,1000,
09:41:43,68.72,100,
09:41:43,68.72,100,
09:41:43,68.72,200,
09:41:43,68.72,100,
09:41:45,68.73,100,
09:41:45,68.735,509,
09:41:46,68.74,500,
09:41:46,68.74,200,
09:41:47,68.74,1000,
09:41:47,68.75,500,
09:41:49,68.73,100,
09:41:49,68.73,100,
09:41:50,68.73,100,
09:41:52,68.73,815,
09:41:52,68.73,185,
09:41:52,68.73,300,
09:41:53,68.73,100,
09:41:53,68.73,200,
09:41:53,68.73,600,
09:41:54,68.73,900,
09:41:54,68.73,100,
09:41:54,68.73,200,
09:41:54,68.73,100,
09:41:54,68.73,500,
09:41:54,68.73,1000,
09:41:54,68.73,300,
09:41:54,68.73,300,
09:41:54,68.73,100,
09:41:54,68.73,200,
09:41:54,68.73,600,
09:41:54,68.72,100,
09:41:55,68.72,100,
09:41:55,68.72,200,
09:41:57,68.71,500,
09:41:57,68.71,100,
09:41:57,68.70,100,
09:41:57,68.71,100,
09:41:57,68.71,100,
09:41:57,68.71,200,
09:41:57,68.71,100,
09:41:57,68.71,100,
09:41:57,68.71,100,
09:41:57,68.71,100,
09:41:57,68.71,300,
09:42:00,68.715,800,
09:42:02,68.71,1350,
09:42:02,68.71,100,
09:42:02,68.71,850,
09:42:02,68.71,100,
09:42:02,68.71,200,
09:42:05,68.70,300,
09:42:05,68.70,100,
09:42:05,68.70,200,
09:42:05,68.70,500,
09:42:05,68.695,100,
09:42:05,68.695,100,
09:42:05,68.695,100,
09:42:05,68.70,100,
09:42:05,68.70,100,
09:42:05,68.695,100,
09:42:05,68.695,100,
09:42:05,68.695,100,
09:42:05,68.695,200,
09:42:06,68.69,100,
09:42:06,68.69,300,
09:42:10,68.68,100,
09:42:10,68.68,100,
09:42:10,68.68,400,
09:42:12,68.67,100,
09:42:14,68.68,200,
09:42:14,68.68,100,
09:42:14,68.68,600,
09:42:14,68.69,200,
09:42:14,68.69,200,
09:42:15,68.685,900,
09:42:19,68.69,115,
09:42:19,68.69,100,
09:42:19,68.69,100,
09:42:19,68.69,100,
09:42:22,68.70,200,
09:42:22,68.70,400,
09:42:23,68.70,700,
09:42:23,68.70,1000,
09:42:24,68.6999,375,
09:42:25,68.70,200,
09:42:25,68.70,200,
09:42:25,68.70,300,
09:42:25,68.71,100,
09:42:25,68.71,500,
09:42:25,68.71,100,
09:42:26,68.72,100,
09:42:26,68.72,100,
09:42:27,68.72,100,
09:42:27,68.72,500,
09:42:28,68.73,815,
09:42:28,68.73,100,
09:42:28,68.73,500,
09:42:28,68.73,1000,
09:42:28,68.73,100,
09:42:28,68.73,100,
09:42:28,68.73,100,
09:42:28,68.73,200,
09:42:28,68.73,600,
09:42:28,68.73,100,
09:42:28,68.73,300,
09:42:29,68.73,1000,
09:42:29,68.73,200,
09:42:29,68.73,800,
09:42:29,68.73,400,
09:42:29,68.73,2300,
09:42:30,68.73,300,
09:42:30,68.73,500,
09:42:30,68.73,348,
09:42:30,68.73,352,
09:42:30,68.73,100,
09:42:30,68.73,100,
09:42:30,68.73,1900,
09:42:30,68.73,100,
09:42:30,68.73,200,
09:42:30,68.73,100,
09:42:33,68.73,815,
09:42:36,68.73,300,
09:42:36,68.73,630,
09:42:36,68.73,100,
09:42:36,68.73,1500,
09:42:36,68.73,100,
09:42:36,68.74,1500,
09:42:36,68.74,100,
09:42:36,68.74,400,
09:42:36,68.74,1200,
09:42:36,68.73,200,
09:42:36,68.73,200,
09:42:36,68.73,200,
09:42:36,68.73,600,
09:42:36,68.73,900,
09:42:36,68.73,500,
09:42:36,68.73,3475,
09:42:36,68.73,100,
09:42:36,68.73,200,
09:42:36,68.73,800,
09:42:36,68.73,200,
09:42:36,68.73,700,
09:42:36,68.73,100,
09:42:36,68.73,1600,
09:42:36,68.73,1100,
09:42:36,68.73,1600,
09:42:36,68.73,1400,
09:42:36,68.73,105,
09:42:36,68.73,400,
09:42:36,68.73,100,
09:42:36,68.74,300,
09:42:36,68.73,200,
09:42:36,68.73,1600,
09:42:36,68.73,500,
09:42:36,68.74,100,
09:42:36,68.74,200,
09:42:36,68.73,100,
09:42:36,68.73,600,
09:42:36,68.74,815,
09:42:36,68.74,500,
09:42:36,68.74,100,
09:42:36,68.74,570,
09:42:36,68.74,200,
09:42:36,68.74,200,
09:42:36,68.74,200,
09:42:36,68.74,100,
09:42:38,68.72,700,
09:42:38,68.75,594,
09:42:39,68.74,100,
09:42:40,68.74,400,
09:42:40,68.74,100,
09:42:42,68.73,100,
09:42:43,68.72,100,
09:42:45,68.71,100,
09:42:45,68.72,300,
09:42:50,68.72,200,
09:42:50,68.72,200,
09:42:50,68.72,100,
09:42:50,68.715,100,
09:42:55,68.7201,804,
09:42:57,68.72,100,
09:42:57,68.71,200,
09:43:00,68.70,200,
09:43:01,68.70,200,
09:43:02,68.71,100,
09:43:07,68.71,500,
09:43:07,68.71,100,
09:43:08,68.70,100,
09:43:16,68.71,200,
09:43:16,68.70,1000,
09:43:16,68.70,100,
09:43:16,68.69,500,
09:43:19,68.69,300,
09:43:19,68.69,500,
09:43:25,68.69,200,
09:43:26,68.6801,500,
09:43:29,68.69,300,
09:43:29,68.6901,3200,
09:43:29,68.70,200,
09:43:29,68.70,100,
09:43:29,68.71,200,
09:43:30,68.71,500,
09:43:33,68.71,100,
09:43:33,68.705,1669,
09:43:44,68.71,300,
09:43:46,68.72,100,
09:43:46,68.72,500,
09:43:46,68.72,600,
09:43:48,68.72,100,
09:43:49,68.71,100,
09:43:51,68.72,100,
09:43:52,68.72,100,
09:43:52,68.72,400,
09:43:52,68.72,1000,
09:43:52,68.72,200,
09:43:52,68.72,200,
09:43:52,68.72,100,
09:43:52,68.72,200,
09:43:52,68.72,1200,
09:43:52,68.72,608,
09:43:52,68.72,200,
09:43:53,68.72,100,
09:43:56,68.73,200,
09:43:57,68.73,200,
09:43:57,68.73,100,
09:43:58,68.73,100,
09:43:59,68.73,200,
09:43:59,68.73,2100,
09:43:59,68.73,100,
09:44:00,68.73,100,
09:44:00,68.73,815,
09:44:00,68.73,100,
09:44:00,68.73,100,
09:44:01,68.73,200,
09:44:03,68.73,1300,
09:44:03,68.73,10000,
09:44:03,68.73,1000,
09:44:03,68.73,100,
09:44:03,68.73,300,
09:44:03,68.73,100,
09:44:03,68.73,600,
09:44:04,68.73,100,
09:44:04,68.73,715,
09:44:04,68.73,312,
09:44:06,68.72,100,
09:44:07,68.71,500,
09:44:07,68.71,10000,
09:44:07,68.71,100,
09:44:07,68.71,100,
09:44:07,68.71,200,
09:44:08,68.71,600,
09:44:08,68.71,1600,
09:44:08,68.71,100,
09:44:12,68.70,200,
09:44:16,68.704,1000,
09:44:20,68.70,500,
09:44:20,68.69,200,
09:44:20,68.69,200,
09:44:25,68.695,800,
09:44:26,68.70,400,
09:44:26,68.70,200,
09:44:31,68.70,515,
09:44:31,68.70,200,
09:44:31,68.69,400,
09:44:31,68.70,115,
09:44:31,68.70,100,
09:44:32,68.692,489,
09:44:35,68.705,1600,
09:44:36,68.71,100,
09:44:39,68.70,200,
09:44:40,68.71,815,
09:44:40,68.71,100,
09:44:40,68.72,500,
09:44:40,68.72,500,
09:44:45,68.72,100,
09:44:46,68.71,200,
09:44:47,68.72,100,
09:44:47,68.721,3577,
09:44:47,68.72,200,
09:44:47,68.72,200,
09:44:49,68.72,100,
09:44:51,68.71,200,
09:44:51,68.72,100,
09:44:57,68.72,100,
09:45:00,68.72,100,
09:45:00,68.72,200,
09:45:02,68.73,500,
09:45:02,68.74,600,
09:45:02,68.74,1100,
09:45:02,68.74,500,
09:45:02,68.74,400,
09:45:04,68.75,1000,
09:45:04,68.75,200,
09:45:04,68.75,500,
09:45:04,68.75,106,
09:45:04,68.75,2794,
09:45:04,68.76,100,
09:45:04,68.76,585,
09:45:04,68.76,200,
09:45:04,68.76,710,
09:45:04,68.76,100,
09:45:06,68.75,100,
09:45:06,68.75,9300,
09:45:06,68.75,100,
09:45:07,68.76,715,
09:45:11,68.76,100,
09:45:11,68.75,1000,
09:45:12,68.77,100,
09:45:19,68.7699,300,
09:45:19,68.77,600,
09:45:20,68.76,1500,
09:45:22,68.77,400,
09:45:23,68.77,600,
09:45:23,68.77,500,
09:45:23,68.76,200,
09:45:23,68.76,500,
09:45:25,68.77,518,
09:45:26,68.77,400,
09:45:28,68.76,900,
09:45:28,68.76,200,
09:45:28,68.76,200,
09:45:28,68.76,1300,
09:45:28,68.76,2198,
09:45:29,68.75,1600,
09:45:29,68.75,1400,
09:45:29,68.75,500,
09:45:29,68.75,100,
09:45:29,68.75,2700,
09:45:33,68.75,100,
09:45:35,68.7537,100,
09:45:35,68.76,100,
09:45:39,68.76,100,
09:45:40,68.77,300,
09:45:40,68.77,100,
09:45:40,68.78,100,
09:45:40,68.78,200,
09:45:40,68.78,600,
09:45:40,68.78,600,
09:45:41,68.79,315,
09:45:46,68.79,500,
09:45:46,68.79,200,
09:45:46,68.79,400,
09:45:46,68.79,100,
09:45:46,68.79,200,
09:45:46,68.79,200,
09:45:46,68.79,100,
09:45:53,68.79,100,
09:45:54,68.79,100,
09:45:54,68.79,200,
09:45:55,68.795,1669,
09:45:57,68.80,200,
09:46:00,68.79,100,
09:46:00,68.79,200,
09:46:02,68.79,100,
09:46:03,68.79,100,
09:46:11,68.78,100,
09:46:11,68.78,100,
09:46:12,68.77,100,
09:46:12,68.77,100,
09:46:12,68.77,800,
09:46:12,68.77,300,
09:46:17,68.78,100,
09:46:17,68.79,515,
09:46:17,68.79,100,
09:46:17,68.79,1500,
09:46:19,68.78,100,
09:46:20,68.78,100,
09:46:20,68.78,500,
09:46:20,68.78,4800,
09:46:20,68.77,100,
09:46:20,68.77,600,
09:46:20,68.77,200,
09:46:20,68.77,200,
09:46:20,68.77,2100,
09:46:20,68.77,200,
09:46:20,68.77,400,
09:46:20,68.77,200,
09:46:20,68.77,700,
09:46:20,68.77,1000,
09:46:20,68.77,3700,
09:46:22,68.77,2000,
09:46:23,68.76,100,
09:46:23,68.76,200,
09:46:23,68.76,100,
09:46:26,68.76,13425,
09:46:26,68.76,500,
09:46:31,68.76,100,
09:46:31,68.76,1000,
09:46:31,68.76,200,
09:46:32,68.76,300,
09:46:33,68.76,200,
09:46:33,68.76,1300,
09:46:35,68.77,500,
09:46:39,68.75,100,
09:46:39,68.74,300,
09:46:47,68.75,300,
09:46:47,68.75,200,
09:46:48,68.76,200,
09:46:48,68.76,100,
09:46:48,68.76,200,
09:46:48,68.76,200,
09:46:53,68.77,100,
09:46:54,68.77,500,
09:46:54,68.77,200,
09:46:54,68.77,200,
09:47:04,68.775,900,
09:47:04,68.77,200,
09:47:04,68.77,1300,
09:47:05,68.77,700,
09:47:06,68.77,1000,
09:47:09,68.77,100,
09:47:14,68.77,700,
09:47:14,68.77,1400,
09:47:14,68.77,300,
09:47:14,68.77,400,
09:47:14,68.77,100,
09:47:15,68.76,200,
09:47:18,68.76,200,
09:47:24,68.77,100,
09:47:24,68.77,800,
09:47:24,68.77,200,
09:47:24,68.77,200,
09:47:25,68.77,600,
09:47:25,68.77,200,
09:47:25,68.77,200,
09:47:29,68.77,100,
09:47:32,68.78,500,
09:47:34,68.78,100,
09:47:36,68.78,100,
09:47:36,68.78,900,
09:47:36,68.78,100,
09:47:36,68.78,100,
09:47:36,68.78,800,
09:47:36,68.78,1000,
09:47:36,68.78,500,
09:47:36,68.78,1000,
09:47:36,68.78,1000,
09:47:36,68.79,100,
09:47:36,68.79,400,
09:47:36,68.78,100,
09:47:36,68.78,100,
09:47:36,68.78,900,
09:47:39,68.79,100,
09:47:39,68.80,369,
09:47:42,68.80,500,
09:47:42,68.80,195,
09:47:43,68.81,500,
09:47:45,68.80,300,
09:47:49,68.79,390,
09:47:49,68.79,200,
09:47:56,68.795,1600,
09:47:56,68.79,100,
09:47:58,68.78,500,
09:47:58,68.78,200,
09:48:08,68.78,100,
09:48:08,68.78,100,
09:48:15,68.77,200,
09:48:15,68.7701,100,
09:48:15,68.77,100,
09:48:15,68.78,100,
09:48:15,68.78,100,
09:48:15,68.78,100,
09:48:15,68.78,400,
09:48:18,68.79,700,
09:48:18,68.79,200,
09:48:18,68.80,800,
09:48:24,68.80,100,
09:48:24,68.80,485,
09:48:25,68.795,100,
09:48:33,68.81,100,
09:48:33,68.805,1669,
09:48:41,68.81,100,
09:48:41,68.81,500,
09:48:41,68.82,700,
09:48:42,68.82,500,
09:48:42,68.82,500,
09:48:42,68.83,150,
09:48:49,68.83,200,
09:48:50,68.83,500,
09:48:52,68.83,1200,
09:48:52,68.83,1000,
09:48:52,68.83,500,
09:48:52,68.83,600,
09:48:52,68.83,400,
09:48:52,68.83,600,
09:48:52,68.83,300,
09:48:52,68.83,200,
09:48:52,68.83,300,
09:48:52,68.83,100,
09:48:52,68.83,200,
09:48:52,68.83,300,
09:48:52,68.83,800,
09:48:52,68.83,100,
09:48:52,68.83,500,
09:48:53,68.82,500,
09:48:56,68.82,485,
09:48:56,68.82,315,
09:48:56,68.82,200,
09:49:03,68.81,500,
09:49:03,68.81,100,
09:49:04,68.80,100,
09:49:08,68.79,500,
09:49:08,68.79,100,
09:49:09,68.78,500,
09:49:09,68.78,100,
09:49:13,68.78,100,
09:49:14,68.78,800,
09:49:14,68.78,500,
09:49:16,68.78,100,
09:49:21,68.78,600,
09:49:21,68.78,1300,
09:49:28,68.79,1000,
09:49:28,68.785,100,
09:49:28,68.80,177,
09:49:30,68.80,4000,
09:49:30,68.80,200,
09:49:30,68.80,200,
09:49:30,68.81,115,
09:49:30,68.81,500,
09:49:30,68.81,285,
09:49:30,68.81,285,
09:49:30,68.81,100,
09:49:39,68.81,500,
09:49:39,68.81,1000,
09:49:39,68.82,815,
09:49:41,68.81,100,
09:49:41,68.80,2000,
09:49:52,68.80,200,
09:49:52,68.80,100,
09:49:56,68.79,100,
09:49:57,68.78,100,
09:49:57,68.78,100,
09:49:58,68.77,100,
09:49:58,68.77,100,
09:50:02,68.78,100,
09:50:07,68.77,100,
09:50:09,68.77,132,
09:50:12,68.7701,100,
09:50:19,68.77,100,
09:50:23,68.78,815,
09:50:29,68.78,100,
09:50:30,68.775,100,
09:50:33,68.79,100,
09:50:33,68.785,100,
09:50:33,68.80,500,
09:50:37,68.79,165,
09:50:37,68.79,100,
09:50:42,68.78,200,
09:50:55,68.7701,255,
09:50:55,68.77,100,
09:50:57,68.77,100,
09:51:02,68.77,100,
09:51:06,68.76,100,
09:51:06,68.75,2000,
09:51:08,68.75,100,
09:51:10,68.74,100,
09:51:11,68.74,200,
09:51:11,68.74,300,
09:51:12,68.74,100,
09:51:14,68.74,300,
09:51:14,68.74,800,
09:51:14,68.74,1600,
09:51:17,68.73,100,
09:51:20,68.74,100,
09:51:23,68.73,100,
09:51:27,68.72,500,
09:51:28,68.71,181,
09:51:28,68.72,500,
09:51:29,68.71,2100,
09:51:30,68.71,100,
09:51:30,68.71,238,
09:51:31,68.71,100,
09:51:31,68.72,200,
09:51:31,68.71,100,
09:51:31,68.71,2800,
09:51:33,68.71,500,
09:51:34,68.71,1360,
09:51:39,68.71,200,
09:51:39,68.71,200,
09:51:42,68.70,100,
09:51:42,68.70,800,
09:51:42,68.70,500,
09:51:42,68.70,200,
09:51:43,68.70,300,
09:51:43,68.70,100,
09:51:43,68.7013,500,
09:51:44,68.71,221,
09:51:44,68.71,500,
09:51:44,68.71,279,
09:51:45,68.69,1600,
09:51:45,68.701,200,
09:51:45,68.71,132,
09:51:45,68.72,100,
09:51:46,68.725,100,
09:51:46,68.73,400,
09:51:46,68.73,500,
09:51:46,68.74,815,
09:51:46,68.74,200,
09:51:46,68.75,815,
09:51:47,68.74,100,
09:51:47,68.74,100,
09:51:47,68.74,500,
09:51:47,68.74,800,
09:51:47,68.74,1200,
09:51:47,68.74,100,
09:51:51,68.74,200,
09:52:01,68.74,100,
09:52:08,68.74,200,
09:52:08,68.74,100,
09:52:08,68.74,100,
09:52:08,68.74,400,
09:52:12,68.74,100,
09:52:12,68.7401,311,
09:52:14,68.75,100,
09:52:14,68.745,100,
09:52:20,68.74,100,
09:52:24,68.74,100,
09:52:26,68.74,100,
09:52:26,68.74,100,
09:52:28,68.75,170,
09:52:29,68.745,100,
09:52:30,68.75,100,
09:52:31,68.75,100,
09:52:35,68.74,300,
09:52:40,68.76,200,
09:52:40,68.76,100,
09:52:40,68.76,100,
09:52:41,68.77,100,
09:52:41,68.77,500,
09:52:44,68.78,200,
09:52:44,68.78,500,
09:52:44,68.78,100,
09:52:48,68.78,100,
09:52:48,68.78,100,
09:52:48,68.78,100,
09:52:48,68.78,300,
09:52:51,68.78,815,
09:52:52,68.78,100,
09:52:56,68.78,100,
09:53:00,68.78,100,
09:53:01,68.7884,600,
09:53:03,68.79,365,
09:53:05,68.79,200,
09:53:13,68.80,100,
09:53:13,68.79,100,
09:53:14,68.78,100,
09:53:20,68.76,500,
09:53:20,68.76,100,
09:53:20,68.75,100,
09:53:20,68.75,1000,
09:53:20,68.75,200,
09:53:20,68.75,200,
09:53:20,68.75,500,
09:53:22,68.74,700,
09:53:30,68.7399,100,
09:53:31,68.74,100,
09:53:31,68.7399,200,
09:53:31,68.7392,200,
09:53:34,68.75,200,
09:53:37,68.76,100,
09:53:42,68.76,200,
09:53:42,68.76,532,
09:53:43,68.7555,133,
09:53:48,68.75,100,
09:53:49,68.74,1000,
09:53:52,68.75,100,
09:53:53,68.76,100,
09:53:56,68.7601,200,
09:54:00,68.76,100,
09:54:05,68.76,100,
09:54:06,68.76,100,
09:54:08,68.76,100,
09:54:18,68.75,500,
09:54:21,68.75,1000,
09:54:21,68.75,100,
09:54:25,68.745,100,
09:54:25,68.75,200,
09:54:26,68.7584,290,
09:54:29,68.75,100,
09:54:32,68.76,100,
09:54:34,68.76,500,
09:54:34,68.77,115,
09:54:34,68.77,100,
09:54:39,68.77,100,
09:54:42,68.77,100,
09:54:44,68.78,100,
09:54:44,68.78,500,
09:54:45,68.78,185,
09:54:45,68.78,200,
09:54:46,68.79,500,
09:54:46,68.79,100,
09:54:46,68.79,100,
09:54:46,68.80,500,
09:54:54,68.79,1200,
09:54:59,68.79,100,
09:54:59,68.79,100,
09:54:59,68.78,500,
09:54:59,68.78,100,
09:55:07,68.772,3000,
09:55:07,68.78,100,
09:55:12,68.79,100,
09:55:19,68.795,100,
09:55:19,68.80,100,
09:55:22,68.81,100,
09:55:22,68.81,500,
09:55:24,68.81,1784,
09:55:24,68.81,1116,
09:55:25,68.82,500,
09:55:26,68.82,200,
09:55:32,68.82,1300,
09:55:32,68.82,700,
09:55:32,68.82,2000,
09:55:32,68.82,191,
09:55:32,68.82,200,
09:55:32,68.82,100,
09:55:32,68.82,390,
09:55:32,68.82,200,
09:55:32,68.82,200,
09:55:32,68.82,200,
09:55:32,68.83,1973,
09:55:32,68.83,500,
09:55:33,68.83,900,
09:55:33,68.83,100,
09:55:33,68.84,700,
09:55:34,68.839,1200,
09:55:36,68.84,185,
09:55:36,68.85,200,
09:55:36,68.85,100,
09:55:36,68.85,150,
09:55:39,68.84,100,
09:55:39,68.84,815,
09:55:40,68.84,800,
09:55:40,68.85,1400,
09:55:47,68.84,100,
09:55:47,68.84,100,
09:55:47,68.84,100,
09:55:47,68.84,200,
09:55:48,68.84,100,
09:55:58,68.83,182,
09:55:58,68.83,100,
09:55:58,68.83,600,
09:55:58,68.83,1700,
09:55:58,68.83,1400,
09:55:58,68.83,200,
09:55:58,68.83,300,
09:55:58,68.83,800,
09:55:58,68.83,100,
09:55:58,68.83,100,
09:55:58,68.83,200,
09:55:58,68.83,1800,
09:55:58,68.83,7867,
09:55:58,68.82,1200,
09:55:58,68.82,200,
09:55:58,68.82,700,
09:55:58,68.82,100,
09:55:58,68.82,500,
09:55:58,68.82,200,
09:56:00,68.82,100,
09:56:06,68.81,100,
09:56:08,68.8001,420,
09:56:08,68.80,100,
09:56:09,68.79,500,
09:56:09,68.79,100,
09:56:09,68.78,700,
09:56:11,68.78,200,
09:56:11,68.78,200,
09:56:11,68.775,100,
09:56:12,68.77,100,
09:56:12,68.77,200,
09:56:12,68.7701,3000,
09:56:12,68.77,300,
09:56:12,68.77,100,
09:56:12,68.77,100,
09:56:12,68.77,200,
09:56:16,68.77,1500,
09:56:16,68.77,1200,
09:56:16,68.77,409,
09:56:16,68.77,600,
09:56:18,68.77,100,
09:56:24,68.77,100,
09:56:27,68.78,100,
09:56:33,68.78,170,
09:56:36,68.78,100,
09:56:37,68.78,100,
09:56:43,68.77,100,
09:56:43,68.76,800,
09:56:43,68.7617,1000,
09:56:44,68.76,500,
09:56:48,68.75,100,
09:56:48,68.75,500,
09:56:48,68.75,100,
09:56:49,68.75,300,
09:56:49,68.76,100,
09:56:53,68.75,1100,
09:56:54,68.75,800,
09:56:56,68.74,100,
09:56:56,68.73,1531,
09:56:56,68.73,300,
09:56:58,68.73,100,
09:57:02,68.74,200,
09:57:05,68.73,200,
09:57:05,68.73,800,
09:57:05,68.73,3800,
09:57:05,68.72,500,
09:57:05,68.72,2900,
09:57:05,68.72,400,
09:57:05,68.72,800,
09:57:05,68.72,3700,
09:57:05,68.72,500,
09:57:05,68.72,100,
09:57:05,68.72,200,
09:57:05,68.73,100,
09:57:09,68.73,500,
09:57:09,68.73,100,
09:57:09,68.73,100,
09:57:09,68.73,100,
09:57:14,68.72,123,
09:57:14,68.72,200,
09:57:14,68.72,100,
09:57:14,68.72,200,
09:57:15,68.72,100,
09:57:15,68.72,200,
09:57:15,68.72,100,
09:57:15,68.72,100,
09:57:15,68.72,100,
09:57:16,68.72,100,
09:57:16,68.72,780,
09:57:16,68.72,1497,
09:57:16,68.72,200,
09:57:16,68.72,100,
09:57:16,68.72,600,
09:57:17,68.73,100,
09:57:17,68.73,500,
09:57:25,68.7348,458,
09:57:25,68.74,100,
09:57:25,68.74,100,
09:57:25,68.74,100,
09:57:25,68.74,100,
09:57:27,68.74,500,
09:57:27,68.74,488,
09:57:27,68.74,1323,
09:57:27,68.75,231,
09:57:27,68.75,600,
09:57:27,68.75,273,
09:57:27,68.75,488,
09:57:28,68.76,200,
09:57:33,68.76,500,
09:57:37,68.75,100,
09:57:37,68.75,200,
09:57:45,68.76,100,
09:57:45,68.76,300,
09:57:47,68.7501,500,
09:57:53,68.755,100,
09:57:53,68.76,2000,
09:57:54,68.76,1712,
09:58:01,68.76,500,
09:58:01,68.76,100,
09:58:12,68.75,500,
09:58:12,68.75,100,
09:58:15,68.74,100,
09:58:15,68.74,500,
09:58:15,68.74,100,
09:58:16,68.73,500,
09:58:16,68.73,100,
09:58:16,68.73,100,
09:58:16,68.725,100,
09:58:17,68.73,100,
09:58:17,68.748,5000,
09:58:20,68.73,100,
09:58:21,68.74,600,
09:58:21,68.74,185,
09:58:21,68.74,200,
09:58:21,68.74,100,
09:58:21,68.74,185,
09:58:21,68.75,100,
09:58:27,68.75,478,
09:58:27,68.75,100,
09:58:27,68.75,500,
09:58:27,68.75,500,
09:58:27,68.76,215,
09:58:27,68.76,100,
09:58:27,68.75,200,
09:58:27,68.75,200,
09:58:33,68.74,100,
09:58:34,68.73,500,
09:58:34,68.73,100,
09:58:34,68.73,2800,
09:58:36,68.73,100,
09:58:53,68.75,500,
09:58:53,68.745,100,
09:58:53,68.75,500,
09:58:53,68.75,200,
09:58:53,68.76,700,
09:58:54,68.75,100,
09:58:54,68.75,200,
09:58:54,68.75,100,
09:58:54,68.75,800,
09:58:54,68.75,900,
09:58:55,68.74,200,
09:58:55,68.75,1700,
09:58:55,68.75,500,
09:58:55,68.75,1600,
09:58:55,68.76,500,
09:58:59,68.77,100,
09:58:59,68.78,115,
09:59:03,68.79,215,
09:59:03,68.78,100,
09:59:09,68.78,100,
09:59:09,68.78,300,
09:59:09,68.78,100,
09:59:09,68.78,100,
09:59:10,68.77,100,
09:59:11,68.765,400,
09:59:11,68.76,500,
09:59:11,68.76,100,
09:59:15,68.76,400,
09:59:15,68.76,100,
09:59:17,68.77,100,
09:59:17,68.78,100,
09:59:18,68.77,100,
09:59:20,68.769,700,
09:59:20,68.76,400,
09:59:22,68.76,200,
09:59:25,68.76,100,
09:59:32,68.76,100,
09:59:38,68.76,500,
09:59:38,68.76,100,
09:59:38,68.76,200,
09:59:43,68.76,100,
09:59:48,68.76,100,
09:59:48,68.76,300,
09:59:48,68.76,200,
09:59:48,68.77,100,
09:59:51,68.78,163,
09:59:53,68.7716,250,
09:59:53,68.78,337,
09:59:54,68.77,100,
09:59:55,68.77,200,
09:59:58,68.77,100,
09:59:58,68.765,100,
09:59:58,68.765,100,
09:59:58,68.77,100,
09:59:58,68.78,400,
09:59:58,68.78,100,
09:59:59,68.78,100,
09:59:59,68.78,100,
10:00:01,68.77,100,
10:00:01,68.77,100,
10:00:01,68.77,100,
10:00:01,68.77,100,
10:00:01,68.7714,1500,
10:00:09,68.77,100,
10:00:09,68.76,100,
10:00:09,68.76,100,
10:00:09,68.76,300,
10:00:11,68.75,100,
10:00:13,68.74,1500,
10:00:14,68.74,100,
10:00:14,68.73,700,
10:00:14,68.73,200,
10:00:14,68.73,100,
10:00:14,68.73,200,
10:00:14,68.73,400,
10:00:14,68.73,800,
10:00:14,68.73,400,
10:00:14,68.73,100,
10:00:14,68.73,700,
10:00:14,68.73,700,
10:00:14,68.73,2200,
10:00:14,68.73,400,
10:00:14,68.73,500,
10:00:14,68.72,300,
10:00:14,68.73,200,
10:00:14,68.72,100,
10:00:14,68.72,500,
10:00:14,68.72,400,
10:00:14,68.73,200,
10:00:14,68.72,100,
10:00:16,68.71,500,
10:00:21,68.70,215,
10:00:21,68.70,100,
10:00:21,68.69,100,
10:00:21,68.69,100,
10:00:21,68.68,1800,
10:00:24,68.69,200,
10:00:24,68.69,1500,
10:00:24,68.70,500,
10:00:24,68.70,100,
10:00:24,68.70,200,
10:00:25,68.70,200,
10:00:25,68.70,200,
10:00:27,68.70,200,
10:00:28,68.70,200,
10:00:28,68.70,200,
10:00:28,68.70,800,
10:00:29,68.69,100,
10:00:29,68.6901,200,
10:00:30,68.70,300,
10:00:30,68.70,200,
10:00:30,68.70,200,
10:00:30,68.71,100,
10:00:30,68.71,200,
10:00:30,68.71,100,
10:00:30,68.71,200,
10:00:30,68.691,2000,
10:00:32,68.71,100,
10:00:36,68.71,385,
10:00:39,68.71,300,
10:00:44,68.70,200,
10:00:46,68.70,100,
10:00:46,68.70,292,
10:00:46,68.70,300,
10:00:51,68.71,500,
10:00:54,68.71,200,
10:00:54,68.72,400,
10:00:55,68.71,1100,
10:00:55,68.71,100,
10:00:55,68.71,100,
10:00:55,68.71,300,
10:00:55,68.70,1000,
10:01:02,68.72,100,
10:01:02,68.72,100,
10:01:04,68.72,600,
10:01:06,68.72,100,
10:01:06,68.72,200,
10:01:09,68.72,1200,
10:01:14,68.72,100,
10:01:15,68.73,815,
10:01:15,68.725,100,
10:01:16,68.7299,100,
10:01:18,68.73,385,
10:01:18,68.74,815,
10:01:18,68.7399,107,
10:01:29,68.74,200,
10:01:29,68.74,500,
10:01:29,68.74,2085,
10:01:32,68.74,100,
10:01:32,68.74,700,
10:01:32,68.74,100,
10:01:40,68.73,100,
10:01:42,68.72,100,
10:01:44,68.71,500,
10:01:44,68.71,100,
10:01:51,68.7099,600,
10:01:55,68.70,100,
10:01:56,68.69,400,
10:01:56,68.69,3900,
10:02:03,68.70,200,
10:02:03,68.70,100,
10:02:04,68.70,100,
10:02:11,68.70,215,
10:02:11,68.70,100,
10:02:11,68.69,600,
10:02:11,68.69,200,
10:02:11,68.69,800,
10:02:11,68.69,3700,
10:02:11,68.69,400,
10:02:11,68.69,100,
10:02:11,68.69,135,
10:02:11,68.695,200,
10:02:11,68.69,800,
10:02:11,68.68,500,
10:02:12,68.68,816,
10:02:12,68.68,100,
10:02:13,68.6701,100,
10:02:13,68.67,500,
10:02:13,68.67,100,
10:02:15,68.66,800,
10:02:15,68.66,100,
10:02:18,68.65,500,
10:02:18,68.65,100,
10:02:19,68.64,400,
10:02:19,68.64,500,
10:02:20,68.63,500,
10:02:21,68.62,100,
10:02:22,68.63,1100,
10:02:23,68.62,200,
10:02:24,68.63,100,
10:02:24,68.63,100,
10:02:24,68.63,100,
10:02:24,68.63,100,
10:02:25,68.63,100,
10:02:25,68.63,100,
10:02:27,68.63,100,
10:02:27,68.63,100,
10:02:27,68.63,200,
10:02:27,68.63,178,
10:02:27,68.62,2100,
10:02:27,68.62,1000,
10:02:27,68.62,4100,
10:02:27,68.62,400,
10:02:27,68.62,200,
10:02:27,68.62,400,
10:02:27,68.62,200,
10:02:27,68.62,600,
10:02:27,68.62,1000,
10:02:27,68.62,200,
10:02:27,68.62,1600,
10:02:27,68.62,7100,
10:02:27,68.62,13900,
10:02:27,68.615,1433,
10:02:27,68.61,900,
10:02:27,68.61,500,
10:02:27,68.61,100,
10:02:27,68.61,200,
10:02:27,68.61,600,
10:02:27,68.61,100,
10:02:27,68.61,600,
10:02:27,68.61,11431,
10:02:27,68.61,222,
10:02:27,68.61,1000,
10:02:27,68.61,100,
10:02:27,68.61,1669,
10:02:27,68.61,800,
10:02:27,68.61,600,
10:02:27,68.61,200,
10:02:27,68.61,200,
10:02:27,68.61,1400,
10:02:27,68.61,3400,
10:02:27,68.61,800,
10:02:27,68.61,2200,
10:02:27,68.61,100,
10:02:27,68.61,100,
10:02:27,68.61,200,
10:02:27,68.61,200,
10:02:27,68.61,200,
10:02:27,68.61,200,
10:02:27,68.61,3200,
10:02:27,68.61,2000,
10:02:28,68.62,100,
10:02:29,68.62,4000,
10:02:29,68.61,200,
10:02:29,68.61,115,
10:02:31,68.61,500,
10:02:31,68.611,1800,
10:02:33,68.60,500,
10:02:33,68.60,100,
10:02:33,68.60,100,
10:02:33,68.60,200,
10:02:33,68.60,100,
10:02:33,68.60,100,
10:02:34,68.60,200,
10:02:34,68.59,100,
10:02:34,68.59,100,
10:02:34,68.58,200,
10:02:34,68.58,700,
10:02:34,68.58,900,
10:02:35,68.581,1100,
10:02:35,68.59,100,
10:02:36,68.59,200,
10:02:38,68.59,800,
10:02:38,68.59,100,
10:02:38,68.59,200,
10:02:38,68.58,500,
10:02:38,68.58,900,
10:02:38,68.59,100,
10:02:39,68.59,200,
10:02:39,68.59,100,
10:02:39,68.59,115,
10:02:40,68.59,200,
10:02:40,68.59,200,
10:02:42,68.59,500,
10:02:43,68.59,100,
10:02:43,68.59,100,
10:02:43,68.59,100,
10:02:43,68.59,200,
10:02:43,68.59,800,
10:02:43,68.59,1100,
10:02:43,68.59,300,
10:02:43,68.59,400,
10:02:43,68.59,100,
10:02:43,68.59,600,
10:02:43,68.60,200,
10:02:43,68.60,400,
10:02:43,68.59,300,
10:02:43,68.60,500,
10:02:43,68.59,400,
10:02:44,68.59,800,
10:02:44,68.60,200,
10:02:44,68.60,200,
10:02:44,68.61,500,
10:02:45,68.61,200,
10:02:45,68.60,100,
10:02:45,68.60,100,
10:02:45,68.60,200,
10:02:45,68.60,100,
10:02:45,68.60,200,
10:02:45,68.60,100,
10:02:45,68.60,100,
10:02:45,68.60,100,
10:02:47,68.60,100,
10:02:47,68.60,200,
10:02:47,68.60,200,
10:02:47,68.60,200,
10:02:48,68.60,100,
10:02:48,68.60,100,
10:02:51,68.605,100,
10:02:51,68.61,200,
10:02:51,68.62,100,
10:02:51,68.61,500,
10:02:51,68.62,100,
10:02:51,68.62,400,
10:02:51,68.62,100,
10:02:51,68.62,100,
10:02:51,68.63,700,
10:02:52,68.63,600,
10:02:53,68.62,100,
10:02:53,68.625,100,
10:02:55,68.61,100,
10:02:56,68.61,600,
10:02:56,68.61,200,
10:02:56,68.61,1000,
10:02:59,68.61,300,
10:02:59,68.60,100,
10:03:03,68.60,150,
10:03:05,68.60,100,
10:03:06,68.61,200,
10:03:08,68.61,200,
10:03:09,68.62,100,
10:03:09,68.62,200,
10:03:09,68.6125,800,
10:03:09,68.61,500,
10:03:09,68.61,800,
10:03:09,68.61,2900,
10:03:09,68.61,2900,
10:03:09,68.61,2900,
10:03:09,68.61,2900,
10:03:09,68.61,2900,
10:03:09,68.61,2900,
10:03:10,68.62,500,
10:03:10,68.615,100,
10:03:11,68.61,4000,
10:03:11,68.61,1800,
10:03:12,68.62,100,
10:03:13,68.61,100,
10:03:13,68.61,100,
10:03:13,68.61,1800,
10:03:13,68.61,500,
10:03:15,68.61,200,
10:03:17,68.62,1000,
10:03:17,68.62,615,
10:03:21,68.62,100,
10:03:23,68.62,630,
10:03:23,68.611,200,
10:03:27,68.62,200,
10:03:27,68.62,140,
10:03:29,68.61,200,
10:03:30,68.60,200,
10:03:32,68.61,430000,
10:03:33,68.61,200,
10:03:33,68.62,100,
10:03:33,68.62,300,
10:03:33,68.63,200,
10:03:34,68.62,200,
10:03:36,68.61,100,
10:03:36,68.61,315,
10:03:36,68.61,200,
10:03:39,68.60,500,
10:03:39,68.60,200,
10:03:42,68.59,500,
10:03:42,68.59,200,
10:03:42,68.58,100,
10:03:42,68.58,700,
10:03:43,68.581,207,
10:03:43,68.5801,900,
10:03:43,68.5817,500,
10:03:45,68.58,100,
10:03:48,68.58,100,
10:03:48,68.58,200,
10:03:48,68.58,100,
10:03:52,68.57,500,
10:03:53,68.58,100,
10:03:53,68.58,100,
10:03:53,68.58,100,
10:03:53,68.58,100,
10:03:53,68.58,100,
10:03:54,68.57,200,
10:03:54,68.5699,4000,
10:03:55,68.56,1600,
10:03:55,68.56,100,
10:03:55,68.56,100,
10:03:55,68.56,200,
10:03:55,68.55,100,
10:03:55,68.55,200,
10:03:58,68.56,100,
10:04:01,68.56,600,
10:04:01,68.56,200,
10:04:01,68.56,800,
10:04:01,68.56,100,
10:04:01,68.56,100,
10:04:01,68.56,400,
10:04:02,68.56,1000,
10:04:04,68.551,2000,
10:04:04,68.55,100,
10:04:04,68.55,200,
10:04:04,68.55,100,
10:04:05,68.55,100,
10:04:07,68.55,100,
10:04:07,68.54,100,
10:04:07,68.54,100,
10:04:07,68.54,600,
10:04:07,68.54,100,
10:04:10,68.53,100,
10:04:10,68.53,100,
10:04:11,68.53,100,
10:04:11,68.53,200,
10:04:11,68.53,800,
10:04:11,68.53,100,
10:04:11,68.53,100,
10:04:11,68.53,200,
10:04:11,68.53,100,
10:04:12,68.53,700,
10:04:12,68.53,200,
10:04:12,68.53,100,
10:04:12,68.53,100,
10:04:12,68.53,100,
10:04:12,68.53,200,
10:04:13,68.53,200,
10:04:13,68.53,200,
10:04:15,68.52,200,
10:04:15,68.52,3000,
10:04:15,68.52,1900,
10:04:15,68.52,1400,
10:04:16,68.53,100,
10:04:16,68.53,300,
10:04:17,68.53,1400,
10:04:17,68.5399,500,
10:04:17,68.54,700,
10:04:17,68.54,200,
10:04:17,68.53,800,
10:04:17,68.53,200,
10:04:17,68.53,200,
10:04:17,68.53,800,
10:04:17,68.53,400,
10:04:17,68.53,200,
10:04:18,68.54,200,
10:04:18,68.55,815,
10:04:20,68.55,200,
10:04:20,68.55,200,
10:04:21,68.55,200,
10:04:21,68.55,100,
10:04:21,68.55,800,
10:04:21,68.55,500,
10:04:21,68.55,500,
10:04:21,68.56,600,
10:04:21,68.56,100,
10:04:21,68.56,100,
10:04:21,68.56,500,
10:04:21,68.56,100,
10:04:22,68.56,200,
10:04:22,68.57,815,
10:04:23,68.56,200,
10:04:25,68.55,100,
10:04:26,68.55,200,
10:04:28,68.55,600,
10:04:31,68.54,100,
10:04:33,68.55,100,
10:04:33,68.55,175,
10:04:33,68.55,100,
10:04:33,68.55,475,
10:04:33,68.55,100,
10:04:37,68.55,100,
10:04:37,68.55,100,
10:04:37,68.55,100,
10:04:39,68.54,700,
10:04:39,68.54,200,
10:04:41,68.54,1000,
10:04:42,68.5399,200,
10:04:43,68.54,600,
10:04:43,68.54,500,
10:04:43,68.54,200,
10:04:43,68.54,200,
10:04:43,68.54,200,
10:04:43,68.54,500,
10:04:46,68.53,100,
10:04:46,68.53,100,
10:04:47,68.53,200,
10:04:47,68.53,200,
10:04:47,68.53,100,
10:04:49,68.54,100,
10:04:49,68.54,500,
10:04:50,68.54,100,
10:04:51,68.55,200,
10:04:55,68.54,100,
10:04:55,68.54,100,
10:04:57,68.54,100,
10:04:57,68.54,100,
10:05:00,68.54,100,
10:05:02,68.53,500,
10:05:02,68.53,100,
10:05:05,68.53,100,
10:05:07,68.53,800,
10:05:17,68.54,500,
10:05:17,68.54,400,
10:05:17,68.54,1600,
10:05:17,68.55,730,
10:05:24,68.54,715,
10:05:24,68.54,200,
10:05:26,68.55,100,
10:05:27,68.55,100,
10:05:27,68.55,100,
10:05:27,68.55,100,
10:05:27,68.55,300,
10:05:27,68.56,785,
10:05:27,68.55,400,
10:05:28,68.55,200,
10:05:28,68.55,100,
10:05:28,68.56,815,
10:05:29,68.56,800,
10:05:29,68.56,1000,
10:05:29,68.56,1255,
10:05:29,68.56,100,
10:05:30,68.56,200,
10:05:30,68.56,100,
10:05:39,68.56,100,
10:05:39,68.57,100,
10:05:39,68.57,100,
10:05:39,68.57,100,
10:05:40,68.57,100,
10:05:40,68.57,100,
10:05:40,68.57,1985,
10:05:40,68.57,500,
10:05:41,68.57,200,
10:05:41,68.57,100,
10:05:41,68.57,200,
10:05:41,68.57,100,
10:05:41,68.57,700,
10:05:41,68.57,100,
10:05:42,68.57,100,
10:05:43,68.579,2500,
10:05:48,68.57,100,
10:05:48,68.57,400,
10:05:52,68.571,102,
10:05:52,68.57,100,
10:06:01,68.57,125,
10:06:01,68.57,100,
10:06:01,68.57,200,
10:06:04,68.57,1700,
10:06:04,68.57,200,
10:06:07,68.57,100,
10:06:07,68.58,1000,
10:06:12,68.58,600,
10:06:14,68.58,100,
10:06:14,68.58,100,
10:06:19,68.59,200,
10:06:19,68.59,200,
10:06:19,68.59,200,
10:06:19,68.59,100,
10:06:20,68.59,200,
10:06:20,68.59,100,
10:06:20,68.59,100,
10:06:20,68.59,100,
10:06:21,68.59,100,
10:06:21,68.59,100,
10:06:21,68.59,100,
10:06:21,68.59,100,
10:06:21,68.59,100,
10:06:21,68.59,100,
10:06:22,68.5899,250,
10:06:23,68.59,2100,
10:06:23,68.59,100,
10:06:23,68.60,500,
10:06:24,68.59,400,
10:06:24,68.59,200,
10:06:24,68.59,100,
10:06:24,68.59,300,
10:06:24,68.59,300,
10:06:26,68.5899,1000,
10:06:26,68.5899,1000,
10:06:28,68.58,100,
10:06:28,68.58,100,
10:06:28,68.5784,1000,
10:06:28,68.57,100,
10:06:30,68.56,100,
10:06:30,68.56,100,
10:06:30,68.55,200,
10:06:32,68.55,900,
10:06:33,68.55,800,
10:06:33,68.55,400,
10:06:36,68.55,100,
10:06:36,68.56,815,
10:06:37,68.55,200,
10:06:38,68.55,100,
10:06:42,68.54,200,
10:06:47,68.55,100,
10:06:48,68.55,100,
10:06:48,68.55,100,
10:06:51,68.54,100,
10:06:51,68.54,2001,
10:06:51,68.54,100,
10:06:53,68.53,100,
10:06:53,68.53,100,
10:06:53,68.53,100,
10:06:54,68.5299,380,
10:06:55,68.52,100,
10:06:56,68.52,100,
10:06:56,68.52,100,
10:06:58,68.515,540,
10:07:02,68.511,100,
10:07:04,68.51,100,
10:07:04,68.51,500,
10:07:04,68.51,100,
10:07:05,68.52,100,
10:07:07,68.52,200,
10:07:08,68.52,200,
10:07:12,68.53,200,
10:07:12,68.53,200,
10:07:14,68.5299,100,
10:07:16,68.5262,300,
10:07:17,68.521,800,
10:07:17,68.521,800,
10:07:19,68.53,100,
10:07:19,68.53,200,
10:07:19,68.53,100,
10:07:19,68.54,200,
10:07:22,68.53,200,
10:07:22,68.53,100,
10:07:24,68.52,100,
10:07:24,68.52,200,
10:07:30,68.521,100,
10:07:32,68.53,100,
10:07:32,68.53,200,
10:07:35,68.54,100,
10:07:39,68.54,815,
10:07:41,68.54,115,
10:07:41,68.54,500,
10:07:42,68.54,100,
10:07:47,68.54,100,
10:07:47,68.55,200,
10:07:47,68.55,700,
10:07:47,68.55,500,
10:07:47,68.56,100,
10:07:47,68.56,300,
10:07:52,68.56,200,
10:07:52,68.56,270,
10:07:57,68.55,115,
10:07:57,68.54,200,
10:07:58,68.54,1630,
10:08:00,68.55,100,
10:08:00,68.55,200,
10:08:01,68.55,300,
10:08:01,68.55,500,
10:08:01,68.55,252,
10:08:01,68.55,3400,
10:08:01,68.55,230,
10:08:01,68.55,200,
10:08:01,68.56,500,
10:08:06,68.56,100,
10:08:06,68.57,125,
10:08:08,68.56,200,
10:08:08,68.57,215,
10:08:12,68.56,315,
10:08:19,68.56,100,
10:08:19,68.5684,150,
10:08:23,68.56,100,
10:08:28,68.567,300,
10:08:33,68.56,100,
10:08:42,68.57,2400,
10:08:42,68.58,115,
10:08:42,68.58,100,
10:08:44,68.58,200,
10:08:46,68.58,400,
10:08:47,68.59,100,
10:08:47,68.59,200,
10:08:47,68.5901,150,
10:08:50,68.60,100,
10:08:50,68.60,485,
10:08:50,68.60,600,
10:08:50,68.60,400,
10:08:50,68.60,300,
10:08:50,68.60,100,
10:08:52,68.60,500,
10:08:52,68.61,600,
10:08:52,68.6099,100,
10:09:00,68.61,400,
10:09:00,68.61,800,
10:09:00,68.61,500,
10:09:00,68.61,500,
10:09:00,68.61,400,
10:09:00,68.61,1000,
10:09:00,68.61,500,
10:09:00,68.61,100,
10:09:01,68.61,100,
10:09:03,68.61,300,
10:09:08,68.61,160,
10:09:08,68.62,112,
10:09:08,68.62,105,
10:09:08,68.62,500,
10:09:08,68.62,200,
10:09:08,68.63,700,
10:09:10,68.621,100,
10:09:12,68.61,100,
10:09:14,68.60,25300,
10:09:15,68.6013,300,
10:09:15,68.602,700,
10:09:16,68.61,600,
10:09:17,68.6001,100,
10:09:19,68.60,500,
10:09:19,68.60,100,
10:09:19,68.60,100,
10:09:19,68.60,100,
10:09:19,68.60,200,
10:09:24,68.59,3200,
10:09:24,68.59,300,
10:09:24,68.59,538,
10:09:24,68.59,100,
10:09:26,68.59,300,
10:09:26,68.59,200,
10:09:26,68.59,200,
10:09:27,68.5945,1168,
10:09:33,68.595,200,
10:09:35,68.60,600,
10:09:35,68.5901,500,
10:09:37,68.601,200,
10:09:38,68.591,100,
10:09:40,68.61,100,
10:09:40,68.61,200,
10:09:42,68.62,100,
10:09:43,68.615,200,
10:09:47,68.64,1000,
10:09:49,68.64,100,
10:09:49,68.64,200,
10:09:49,68.6408,600,
10:09:49,68.6408,400,
10:09:51,68.64,100,
10:09:51,68.64,200,
10:09:53,68.64,100,
10:09:53,68.64,100,
10:09:57,68.63,100,
10:09:58,68.6399,300,
10:10:02,68.63,100,
10:10:02,68.63,1200,
10:10:06,68.63,300,
10:10:06,68.63,200,
10:10:09,68.63,200,
10:10:12,68.62,100,
10:10:12,68.62,100,
10:10:12,68.62,100,
10:10:12,68.62,100,
10:10:14,68.62,500,
10:10:22,68.63,100,
10:10:27,68.64,500,
10:10:27,68.64,2600,
10:10:28,68.65,1000,
10:10:29,68.65,200,
10:10:29,68.65,500,
10:10:29,68.65,1000,
10:10:29,68.65,100,
10:10:29,68.66,700,
10:10:31,68.6599,1000,
10:10:34,68.66,200,
10:10:35,68.67,215,
10:10:35,68.67,100,
10:10:36,68.67,200,
10:10:36,68.67,100,
10:10:37,68.66,100,
10:10:38,68.65,200,
10:10:43,68.65,200,
10:10:45,68.65,300,
10:10:46,68.65,100,
10:10:46,68.65,100,
10:10:46,68.65,200,
10:10:46,68.65,200,
10:10:46,68.65,700,
10:10:47,68.65,200,
10:10:47,68.65,1000,
10:10:47,68.65,400,
10:10:49,68.6499,2500,
10:10:50,68.65,500,
10:10:50,68.65,200,
10:10:57,68.65,200,
10:10:57,68.65,200,
10:10:57,68.65,800,
10:10:58,68.6418,100,
10:11:03,68.65,100,
10:11:03,68.64,100,
10:11:03,68.64,200,
10:11:06,68.64,500,
10:11:06,68.64,100,
10:11:09,68.64,200,
10:11:12,68.64,2400,
10:11:23,68.63,200,
10:11:23,68.6301,660,
10:11:23,68.63,100,
10:11:31,68.64,100,
10:11:33,68.64,100,
10:11:36,68.65,600,
10:11:39,68.66,100,
10:11:42,68.66,100,
10:11:45,68.66,100,
10:11:45,68.66,400,
10:11:45,68.66,400,
10:11:45,68.66,200,
10:11:45,68.66,1000,
10:11:45,68.66,200,
10:11:45,68.66,200,
10:11:45,68.66,100,
10:11:45,68.66,800,
10:11:47,68.66,400,
10:11:48,68.66,100,
10:11:48,68.66,800,
10:11:48,68.66,200,
10:11:48,68.66,1800,
10:11:48,68.66,17700,
10:11:48,68.66,400,
10:11:48,68.66,4100,
10:11:48,68.66,185,
10:11:48,68.66,800,
10:11:48,68.66,600,
10:11:48,68.66,800,
10:11:48,68.66,800,
10:11:50,68.66,1000,
10:11:51,68.66,100,
10:11:51,68.66,200,
10:11:51,68.66,800,
10:11:51,68.66,800,
10:11:51,68.66,800,
10:11:51,68.66,400,
10:11:51,68.66,300,
10:11:51,68.66,200,
10:11:54,68.67,200,
10:11:54,68.67,200,
10:11:54,68.67,115,
10:11:54,68.67,200,
10:11:56,68.669,1700,
10:11:58,68.67,200,
10:11:58,68.67,100,
10:11:58,68.67,500,
10:11:58,68.67,200,
10:11:58,68.67,500,
10:11:59,68.67,400,
10:11:59,68.67,800,
10:11:59,68.67,400,
10:11:59,68.67,500,
10:12:00,68.668,700,
10:12:00,68.67,700,
10:12:00,68.67,700,
10:12:00,68.67,100,
10:12:01,68.67,700,
10:12:01,68.67,300,
10:12:01,68.665,400,
10:12:01,68.67,300,
10:12:01,68.67,300,
10:12:02,68.668,700,
10:12:02,68.669,400,
10:12:02,68.668,600,
10:12:02,68.67,400,
10:12:02,68.67,400,
10:12:02,68.67,200,
10:12:03,68.67,200,
10:12:03,68.67,200,
10:12:04,68.67,123,
10:12:06,68.68,2100,
10:12:06,68.67,600,
10:12:06,68.67,100,
10:12:06,68.67,700,
10:12:06,68.67,815,
10:12:08,68.67,200,
10:12:08,68.68,452,
10:12:09,68.67,2000,
10:12:09,68.67,200,
10:12:11,68.66,700,
10:12:11,68.66,100,
10:12:11,68.66,200,
10:12:30,68.66,200,
10:12:33,68.66,200,
10:12:34,68.66,194,
10:12:34,68.66,500,
10:12:34,68.66,600,
10:12:52,68.67,615,
10:12:52,68.67,200,
10:13:00,68.67,1200,
10:13:06,68.6717,200,
10:13:11,68.67,600,
10:13:11,68.67,600,
10:13:11,68.67,100,
10:13:11,68.67,200,
10:13:12,68.66,500,
10:13:12,68.66,200,
10:13:12,68.66,200,
10:13:12,68.66,1200,
10:13:12,68.66,506,
10:13:14,68.65,100,
10:13:22,68.6416,1000,
10:13:34,68.65,200,
10:13:38,68.66,200,
10:13:39,68.67,100,
10:13:39,68.67,500,
10:13:44,68.6701,500,
10:13:49,68.675,270,
10:13:49,68.6701,150,
10:13:59,68.66,300,
10:14:00,68.67,600,
10:14:01,68.66,200,
10:14:01,68.66,800,
10:14:01,68.67,100,
10:14:18,68.66,100,
10:14:18,68.66,200,
10:14:18,68.66,300,
10:14:18,68.66,200,
10:14:18,68.66,200,
10:14:18,68.655,100,
10:14:21,68.66,200,
10:14:21,68.66,1800,
10:14:23,68.651,100,
10:14:26,68.65,100,
10:14:31,68.66,300,
10:14:31,68.66,200,
10:14:36,68.66,100,
10:14:36,68.66,100,
10:14:53,68.66,800,
10:14:53,68.66,200,
10:14:53,68.66,800,
10:14:54,68.66,100,
10:14:54,68.66,100,
10:15:11,68.66,100,
10:15:11,68.66,200,
10:15:11,68.66,600,
10:15:11,68.66,200,
10:15:11,68.66,100,
10:15:11,68.66,800,
10:15:11,68.66,200,
10:15:11,68.66,100,
10:15:12,68.66,200,
10:15:12,68.67,500,
10:15:14,68.67,1400,
10:15:14,68.67,200,
10:15:16,68.67,1500,
10:15:16,68.68,200,
10:15:16,68.68,500,
10:15:19,68.6899,100,
10:15:20,68.69,200,
10:15:20,68.69,100,
10:15:20,68.69,1000,
10:15:20,68.69,300,
10:15:20,68.69,200,
10:15:20,68.69,100,
10:15:21,68.6901,100,
10:15:22,68.70,100,
10:15:23,68.70,100,
10:15:31,68.685,2759,
10:15:43,68.682,700,
10:15:43,68.69,105,
10:15:48,68.69,210,
10:15:48,68.69,100,
10:15:52,68.69,100,
10:15:56,68.70,100,
10:15:59,68.71,100,
10:16:01,68.71,100,
10:16:09,68.7001,400,
10:16:11,68.70,100,
10:16:12,68.70,100,
10:16:21,68.69,500,
10:16:21,68.69,200,
10:16:25,68.68,1300,
10:16:25,68.68,200,
10:16:25,68.68,500,
10:16:25,68.68,1600,
10:16:28,68.68,200,
10:16:30,68.69,100,
10:16:31,68.69,200,
10:16:31,68.69,200,
10:16:31,68.69,200,
10:16:31,68.69,100,
10:16:36,68.68,200,
10:16:36,68.68,100,
10:16:36,68.68,100,
10:16:40,68.67,500,
10:16:40,68.67,200,
10:16:40,68.66,500,
10:16:40,68.66,500,
10:16:40,68.66,100,
10:16:45,68.66,114,
10:16:47,68.65,100,
10:16:47,68.65,200,
10:16:49,68.65,1000,
10:16:49,68.65,700,
10:16:49,68.65,200,
10:16:50,68.651,100,
10:16:51,68.651,200,
10:16:58,68.65,200,
10:16:58,68.65,200,
10:16:58,68.65,200,
10:16:58,68.65,200,
10:16:58,68.64,100,
10:17:00,68.65,200,
10:17:01,68.64,500,
10:17:01,68.64,200,
10:17:01,68.64,200,
10:17:01,68.64,500,
10:17:05,68.64,200,
10:17:06,68.64,200,
10:17:06,68.64,200,
10:17:09,68.65,200,
10:17:09,68.66,200,
10:17:14,68.6601,100,
10:17:22,68.67,200,
10:17:22,68.67,200,
10:17:25,68.67,15000,
10:17:27,68.67,100,
10:17:27,68.67,200,
10:17:36,68.68,100,
10:17:36,68.69,115,
10:17:37,68.69,500,
10:17:38,68.68,900,
10:17:39,68.69,100,
10:17:41,68.70,300,
10:17:42,68.70,300,
10:17:42,68.70,100,
10:17:42,68.70,200,
10:17:42,68.70,100,
10:17:42,68.70,100,
10:17:42,68.70,100,
10:17:44,68.70,715,
10:17:44,68.70,200,
10:17:49,68.71,500,
10:17:49,68.71,200,
10:17:49,68.72,700,
10:17:51,68.72,479,
10:17:58,68.73,1400,
10:17:58,68.73,2100,
10:17:58,68.73,100,
10:18:01,68.73,205,
10:18:01,68.73,100,
10:18:01,68.7317,200,
10:18:03,68.74,100,
10:18:03,68.74,205,
10:18:05,68.74,100,
10:18:05,68.74,400,
10:18:05,68.74,200,
10:18:05,68.74,100,
10:18:05,68.74,100,
10:18:06,68.73,100,
10:18:13,68.73,200,
10:18:13,68.725,100,
10:18:13,68.7301,300,
10:18:16,68.73,200,
10:18:23,68.72,100,
10:18:23,68.72,100,
10:18:23,68.71,100,
10:18:26,68.72,300,
10:18:32,68.72,100,
10:18:32,68.72,200,
10:18:32,68.72,200,
10:18:33,68.72,100,
10:18:39,68.7117,150,
10:18:41,68.72,100,
10:18:49,68.72,800,
10:18:49,68.72,100,
10:18:49,68.72,200,
10:18:49,68.72,100,
10:18:49,68.72,200,
10:18:49,68.72,150,
10:18:49,68.72,800,
10:18:49,68.72,200,
10:18:49,68.72,200,
10:18:49,68.72,200,
10:18:49,68.73,90300,
10:18:49,68.72,100,
10:18:49,68.71,300,
10:18:52,68.71,500,
10:18:52,68.71,200,
10:18:58,68.705,300,
10:18:59,68.7099,100,
10:19:06,68.705,100,
10:19:06,68.70,200,
10:19:06,68.70,300,
10:19:06,68.70,100,
10:19:06,68.70,100,
10:19:09,68.70,300,
10:19:09,68.70,400,
10:19:09,68.70,500,
10:19:15,68.71,200,
10:19:15,68.72,115,
10:19:19,68.71,200,
10:19:19,68.71,100,
10:19:21,68.72,600,
10:19:30,68.72,1000,
10:19:30,68.73,100,
10:19:31,68.7299,100,
10:19:31,68.73,615,
10:19:31,68.73,300,
10:19:31,68.73,347,
10:19:33,68.73,165,
10:19:43,68.725,540,
10:19:45,68.73,267,
10:19:46,68.74,341,
10:19:46,68.74,200,
10:19:46,68.75,100,
10:19:46,68.75,500,
10:19:47,68.76,10000,
10:19:52,68.77,500,
10:19:53,68.77,300,
10:19:53,68.77,100,
10:19:55,68.77,200,
10:19:55,68.78,100,
10:19:55,68.78,319,
10:19:57,68.78,337,
10:19:59,68.79,315,
10:20:01,68.79,142,
10:20:01,68.79,100,
10:20:01,68.79,100,
10:20:01,68.80,200,
10:20:03,68.80,100,
10:20:03,68.80,400,
10:20:04,68.81,805,
10:20:05,68.8099,200,
10:20:06,68.80,100,
10:20:07,68.80,130,
10:20:07,68.80,300,
10:20:07,68.80,100,
10:20:08,68.79,100,
10:20:08,68.79,100,
10:20:08,68.79,500,
10:20:08,68.79,100,
10:20:10,68.79,700,
10:20:10,68.79,1100,
10:20:10,68.79,230,
10:20:10,68.79,100,
10:20:10,68.79,200,
10:20:10,68.79,200,
10:20:10,68.79,800,
10:20:10,68.79,6600,
10:20:10,68.79,200,
10:20:10,68.80,1000,
10:20:10,68.80,200,
10:20:10,68.80,600,
10:20:10,68.80,800,
10:20:10,68.80,3700,
10:20:10,68.80,235,
10:20:10,68.80,200,
10:20:10,68.80,165,
10:20:10,68.80,3900,
10:20:10,68.80,3965,
10:20:10,68.81,900,
10:20:10,68.81,200,
10:20:10,68.81,2000,
10:20:10,68.81,1700,
10:20:10,68.81,400,
10:20:10,68.805,1530,
10:20:10,68.81,329,
10:20:10,68.80,100,
10:20:11,68.7999,500,
10:20:14,68.79,100,
10:20:14,68.79,300,
10:20:17,68.79,340,
10:20:19,68.79,500,
10:20:22,68.80,100,
10:20:22,68.80,200,
10:20:24,68.81,800,
10:20:24,68.81,600,
10:20:24,68.81,100,
10:20:24,68.81,800,
10:20:24,68.81,1300,
10:20:24,68.81,1800,
10:20:24,68.81,500,
10:20:24,68.82,100,
10:20:24,68.82,100,
10:20:24,68.82,600,
10:20:24,68.82,1000,
10:20:24,68.82,300,
10:20:24,68.82,700,
10:20:24,68.82,1100,
10:20:24,68.81,600,
10:20:24,68.81,200,
10:20:24,68.81,200,
10:20:24,68.82,3500,
10:20:24,68.815,869,
10:20:24,68.81,600,
10:20:24,68.805,100,
10:20:24,68.81,111,
10:20:24,68.81,200,
10:20:25,68.82,900,
10:20:25,68.82,146,
10:20:25,68.82,200,
10:20:27,68.83,715,
10:20:30,68.83,1000,
10:20:30,68.83,100,
10:20:30,68.83,200,
10:20:31,68.825,100,
10:20:34,68.83,100,
10:20:34,68.83,800,
10:20:34,68.83,100,
10:20:34,68.83,100,
10:20:34,68.83,430,
10:20:34,68.83,500,
10:20:34,68.83,181,
10:20:35,68.82,107,
10:20:36,68.83,800,
10:20:36,68.83,189,
10:20:36,68.835,100,
10:20:36,68.83,700,
10:20:36,68.83,600,
10:20:36,68.835,100,
10:20:39,68.82,100,
10:20:41,68.81,500,
10:20:41,68.81,200,
10:20:41,68.81,380,
10:20:43,68.81,600,
10:20:43,68.81,200,
10:20:44,68.82,200,
10:20:51,68.811,2500,
10:20:57,68.82,100,
10:20:58,68.83,200,
10:20:59,68.83,100,
10:20:59,68.83,200,
10:21:00,68.83,100,
10:21:03,68.82,300,
10:21:03,68.82,100,
10:21:04,68.82,200,
10:21:05,68.82,600,
10:21:06,68.82,400,
10:21:11,68.82,211,
10:21:11,68.82,389,
10:21:11,68.83,200,
10:21:12,68.83,200,
10:21:12,68.82,100,
10:21:12,68.83,200,
10:21:12,68.83,100,
10:21:13,68.83,200,
10:21:13,68.83,300,
10:21:13,68.83,700,
10:21:13,68.83,200,
10:21:13,68.83,700,
10:21:18,68.83,800,
10:21:18,68.83,200,
10:21:18,68.83,3300,
10:21:18,68.83,500,
10:21:18,68.83,200,
10:21:18,68.83,200,
10:21:22,68.84,200,
10:21:26,68.85,100,
10:21:26,68.85,600,
10:21:27,68.85,100,
10:21:30,68.84,500,
10:21:30,68.84,100,
10:21:31,68.84,100,
10:21:31,68.8399,600,
10:21:36,68.83,100,
10:21:36,68.83,100,
10:21:38,68.82,500,
10:21:39,68.82,100,
10:21:41,68.81,100,
10:21:41,68.81,200,
10:21:41,68.81,200,
10:21:47,68.82,100,
10:21:51,68.82,100,
10:22:07,68.82,300,
10:22:12,68.82,500,
10:22:13,68.82,200,
10:22:13,68.82,1300,
10:22:13,68.82,500,
10:22:13,68.82,1000,
10:22:13,68.82,100,
10:22:13,68.82,200,
10:22:13,68.82,100,
10:22:13,68.82,300,
10:22:13,68.82,3000,
10:22:13,68.82,950,
10:22:13,68.82,300,
10:22:13,68.82,500,
10:22:13,68.82,300,
10:22:13,68.82,100,
10:22:13,68.83,134,
10:22:13,68.83,400,
10:22:17,68.83,200,
10:22:17,68.83,900,
10:22:17,68.83,500,
10:22:17,68.83,200,
10:22:17,68.83,200,
10:22:23,68.83,100,
10:22:26,68.83,100,
10:22:36,68.83,100,
10:22:38,68.83,500,
10:22:50,68.84,500,
10:22:52,68.845,400,
10:22:54,68.85,200,
10:22:55,68.85,300,
10:22:56,68.87,600,
10:23:02,68.87,100,
10:23:04,68.87,450,
10:23:09,68.88,500,
10:23:09,68.87,100,
10:23:10,68.86,600,
10:23:10,68.86,500,
10:23:11,68.86,215,
10:23:15,68.8599,190,
10:23:18,68.86,100,
10:23:21,68.85,100,
10:23:21,68.85,400,
10:23:26,68.8484,100,
10:23:29,68.85,200,
10:23:31,68.86,6131,
10:23:31,68.86,4100,
10:23:31,68.86,100,
10:23:31,68.86,800,
10:23:31,68.86,800,
10:23:31,68.86,1000,
10:23:31,68.86,200,
10:23:31,68.86,600,
10:23:31,68.86,200,
10:23:31,68.86,200,
10:23:31,68.86,500,
10:23:33,68.86,800,
10:23:33,68.86,2100,
10:23:33,68.86,800,
10:23:33,68.86,800,
10:23:33,68.86,500,
10:23:33,68.86,200,
10:23:33,68.86,700,
10:23:33,68.86,800,
10:23:33,68.86,2400,
10:23:36,68.87,800,
10:23:36,68.87,200,
10:23:36,68.87,1400,
10:23:36,68.87,700,
10:23:36,68.87,4100,
10:23:36,68.87,200,
10:23:36,68.87,200,
10:23:36,68.87,800,
10:23:36,68.87,800,
10:23:36,68.87,600,
10:23:38,68.86,200,
10:23:38,68.87,1331,
10:23:38,68.87,500,
10:23:38,68.87,8000,
10:23:39,68.87,200,
10:23:47,68.86,100,
10:23:47,68.86,300,
10:23:47,68.86,200,
10:23:51,68.8599,285,
10:23:53,68.8501,1800,
10:23:54,68.86,800,
10:23:54,68.86,200,
10:23:56,68.87,226,
10:24:04,68.86,100,
10:24:04,68.86,100,
10:24:10,68.86,100,
10:24:13,68.86,200,
10:24:15,68.85,200,
10:24:20,68.85,115,
10:24:20,68.85,200,
10:24:20,68.85,100,
10:24:24,68.85,100,
10:24:24,68.85,700,
10:24:24,68.85,200,
10:24:31,68.84,100,
10:24:32,68.83,300,
10:24:32,68.83,100,
10:24:32,68.83,300,
10:24:32,68.83,500,
10:24:32,68.83,100,
10:24:32,68.83,100,
10:24:35,68.84,1200,
10:24:36,68.83,600,
10:24:36,68.83,500,
10:24:39,68.83,200,
10:24:51,68.83,100,
10:24:54,68.83,200,
10:24:59,68.8399,7000,
10:25:01,68.83,100,
10:25:03,68.83,100,
10:25:07,68.83,800,
10:25:10,68.84,200,
10:25:10,68.84,100,
10:25:10,68.85,215,
10:25:10,68.85,100,
10:25:12,68.84,100,
10:25:13,68.84,1600,
10:25:13,68.84,4700,
10:25:15,68.85,500,
10:25:22,68.85,400,
10:25:33,68.85,150,
10:25:35,68.851,106,
10:25:35,68.851,200,
10:25:38,68.84,185,
10:25:38,68.84,700,
10:25:38,68.84,900,
10:25:38,68.84,685,
10:25:38,68.84,700,
10:25:41,68.83,200,
10:25:45,68.84,100,
10:25:45,68.84,700,
10:25:45,68.84,500,
10:25:51,68.84,200,
10:25:54,68.83,100,
10:25:54,68.83,100,
10:26:05,68.83,500,
10:26:08,68.84,100,
10:26:08,68.8399,200,
10:26:08,68.84,100,
10:26:08,68.8399,100,
10:26:08,68.8399,1100,
10:26:09,68.8499,138,
10:26:13,68.84,200,
10:26:21,68.83,100,
10:26:21,68.82,100,
10:26:21,68.82,100,
10:26:24,68.811,2000,
10:26:24,68.81,100,
10:26:24,68.81,100,
10:26:24,68.81,100,
10:26:25,68.81,700,
10:26:25,68.82,200,
10:26:25,68.82,200,
10:26:27,68.81,100,
10:26:27,68.81,800,
10:26:27,68.81,600,
10:26:30,68.81,100,
10:26:39,68.82,400,
10:26:41,68.8199,300,
10:26:41,68.82,100,
10:26:49,68.82,100,
10:26:49,68.83,200,
10:26:54,68.82,100,
10:27:03,68.81,200,
10:27:03,68.81,2000,
10:27:08,68.82,200,
10:27:11,68.82,100,
10:27:14,68.81,354,
10:27:14,68.81,200,
10:27:18,68.80,500,
10:27:18,68.80,200,
10:27:18,68.80,900,
10:27:18,68.80,200,
10:27:19,68.80,600,
10:27:19,68.80,600,
10:27:19,68.80,500,
10:27:19,68.80,200,
10:27:25,68.81,100,
10:27:28,68.82,467,
10:27:28,68.82,800,
10:27:28,68.82,500,
10:27:31,68.82,500,
10:27:34,68.82,100,
10:27:34,68.82,878,
10:27:35,68.82,200,
10:27:35,68.815,200,
10:27:41,68.82,200,
10:27:45,68.82,100,
10:27:46,68.82,300,
10:27:46,68.82,100,
10:27:47,68.82,200,
10:27:52,68.83,500,
10:27:53,68.84,600,
10:27:57,68.84,500,
10:27:57,68.84,200,
10:28:01,68.84,200,
10:28:02,68.84,100,
10:28:04,68.83,100,
10:28:04,68.83,1000,
10:28:06,68.82,500,
10:28:06,68.82,200,
10:28:16,68.83,100,
10:28:20,68.84,400,
10:28:20,68.84,500,
10:28:21,68.841,100,
10:28:23,68.85,500,
10:28:23,68.85,200,
10:28:25,68.85,100,
10:28:26,68.84,100,
10:28:29,68.83,500,
10:28:29,68.83,100,
10:28:49,68.82,200,
10:28:49,68.82,100,
10:28:51,68.82,500,
10:28:52,68.81,100,
10:29:00,68.82,1000,
10:29:14,68.8216,564,
10:29:23,68.81,100,
10:29:25,68.8099,100,
10:29:26,68.81,100,
10:29:31,68.83,100,
10:29:31,68.83,100,
10:29:31,68.83,200,
10:29:31,68.83,415,
10:29:36,68.84,232,
10:29:36,68.84,100,
10:29:36,68.85,815,
10:29:41,68.86,315,
10:29:41,68.86,200,
10:29:41,68.87,630,
10:29:43,68.86,415,
10:29:43,68.86,100,
10:29:43,68.86,100,
10:29:44,68.86,1000,
10:29:44,68.87,100,
10:29:44,68.87,2600,
10:29:44,68.87,345,
10:29:45,68.88,715,
10:29:45,68.88,1600,
10:29:45,68.88,300,
10:29:46,68.87,100,
10:29:46,68.87,100,
10:29:48,68.87,1600,
10:29:48,68.87,600,
10:29:48,68.87,700,
10:29:52,68.87,462,
10:29:59,68.88,400,
10:29:59,68.88,100,
10:29:59,68.88,100,
10:29:59,68.88,300,
10:29:59,68.88,200,
10:30:01,68.89,400,
10:30:01,68.89,100,
10:30:01,68.89,100,
10:30:01,68.89,800,
10:30:01,68.89,170,
10:30:01,68.89,300,
10:30:05,68.89,200,
10:30:05,68.89,200,
10:30:06,68.89,200,
10:30:07,68.90,315,
10:30:07,68.90,100,
10:30:08,68.91,515,
10:30:08,68.90,500,
10:30:08,68.90,300,
10:30:14,68.90,100,
10:30:14,68.90,800,
10:30:14,68.90,800,
10:30:14,68.90,100,
10:30:14,68.90,100,
10:30:14,68.90,200,
10:30:16,68.90,400,
10:30:16,68.89,100,
10:30:24,68.89,5596,
10:30:24,68.89,200,
10:30:24,68.89,500,
10:30:27,68.89,300,
10:30:33,68.88,500,
10:30:33,68.88,200,
10:30:34,68.87,2300,
10:30:34,68.87,100,
10:30:35,68.87,500,
10:30:35,68.87,200,
10:30:37,68.87,500,
10:30:37,68.87,500,
10:30:37,68.87,500,
10:30:37,68.87,500,
10:30:37,68.87,500,
10:30:37,68.87,500,
10:30:37,68.87,500,
10:30:37,68.87,500,
10:30:37,68.87,500,
10:30:37,68.87,500,
10:30:37,68.87,500,
10:30:38,68.87,100,
10:30:38,68.87,500,
10:30:38,68.87,300,
10:30:38,68.87,2400,
10:30:38,68.87,100,
10:30:38,68.87,100,
10:30:38,68.87,700,
10:30:38,68.87,700,
10:30:38,68.87,2000,
10:30:38,68.87,500,
10:30:38,68.87,100,
10:30:38,68.87,500,
10:30:38,68.87,1400,
10:30:38,68.87,200,
10:30:38,68.87,500,
10:30:38,68.87,200,
10:30:38,68.87,1000,
10:30:38,68.87,100,
10:30:38,68.87,100,
10:30:39,68.87,100,
10:30:39,68.87,1000,
10:30:39,68.87,200,
10:30:39,68.868,700,
10:30:39,68.868,700,
10:30:39,68.869,2800,
10:30:39,68.87,1100,
10:30:39,68.87,2000,
10:30:39,68.87,700,
10:30:39,68.87,1000,
10:30:39,68.87,500,
10:30:39,68.87,1500,
10:30:40,68.87,1800,
10:30:40,68.87,500,
10:30:40,68.865,869,
10:30:40,68.87,1100,
10:30:40,68.87,500,
10:30:40,68.87,200,
10:30:40,68.87,1100,
10:30:40,68.87,500,
10:30:40,68.87,500,
10:30:40,68.87,1100,
10:30:40,68.87,400,
10:30:40,68.87,2000,
10:30:40,68.87,400,
10:30:40,68.87,150,
10:30:40,68.87,134,
10:30:40,68.87,167,
10:30:40,68.87,216,
10:30:40,68.87,200,
10:30:40,68.87,200,
10:30:40,68.87,100,
10:30:40,68.87,333,
10:30:40,68.87,500,
10:30:40,68.87,100,
10:30:40,68.87,1200,
10:30:40,68.87,100,
10:30:40,68.87,100,
10:30:40,68.87,100,
10:30:40,68.86,100,
10:30:40,68.865,400,
10:30:40,68.86,500,
10:30:40,68.86,200,
10:30:40,68.86,100,
10:30:40,68.86,700,
10:30:40,68.86,400,
10:30:41,68.869,2200,
10:30:41,68.86,715,
10:30:52,68.87,115,
10:30:54,68.88,300,
10:30:54,68.88,100,
10:30:54,68.89,100,
10:31:00,68.90,4500,
10:31:00,68.90,100,
10:31:00,68.90,200,
10:31:00,68.91,315,
10:31:00,68.891,4500,
10:31:04,68.91,485,
10:31:12,68.91,300,
10:31:12,68.91,1485,
10:31:13,68.91,200,
10:31:13,68.91,300,
10:31:13,68.91,800,
10:31:13,68.91,200,
10:31:13,68.91,6504,
10:31:13,68.91,500,
10:31:13,68.91,100,
10:31:13,68.91,300,
10:31:15,68.91,15000,
10:31:20,68.91,500,
10:31:20,68.91,100,
10:31:20,68.91,400,
10:31:20,68.91,204,
10:31:20,68.91,600,
10:31:20,68.92,1100,
10:31:20,68.92,100,
10:31:21,68.92,100,
10:31:21,68.92,1000,
10:31:21,68.92,149,
10:31:23,68.93,200,
10:31:23,68.93,100,
10:31:24,68.94,500,
10:31:24,68.94,500,
10:31:24,68.94,100,
10:31:24,68.95,300,
10:31:24,68.95,100,
10:31:24,68.95,1000,
10:31:25,68.9438,300,
10:31:26,68.95,500,
10:31:31,68.95,500,
10:31:32,68.94,200,
10:31:34,68.94,100,
10:31:34,68.94,200,
10:31:34,68.94,400,
10:31:34,68.94,300,
10:31:34,68.94,600,
10:31:35,68.94,1000,
10:31:38,68.94,200,
10:31:40,68.95,200,
10:31:43,68.94,200,
10:31:46,68.95,200,
10:31:46,68.95,691,
10:31:47,68.9428,600,
10:31:53,68.95,100,
10:31:53,68.95,100,
10:31:53,68.95,200,
10:31:53,68.95,500,
10:31:53,68.95,100,
10:31:53,68.95,100,
10:31:53,68.95,100,
10:31:54,68.95,200,
10:31:54,68.95,800,
10:31:54,68.95,200,
10:31:54,68.95,5400,
10:31:54,68.95,2000,
10:31:54,68.95,800,
10:31:54,68.95,2000,
10:31:54,68.95,2000,
10:31:54,68.95,1100,
10:31:54,68.95,2000,
10:31:54,68.95,2000,
10:31:54,68.95,2000,
10:31:54,68.95,200,
10:31:54,68.95,200,
10:31:54,68.95,100,
10:31:54,68.95,200,
10:31:54,68.95,200,
10:31:54,68.95,200,
10:31:54,68.95,100,
10:31:54,68.95,100,
10:31:54,68.95,100,
10:31:54,68.95,100,
10:31:54,68.95,700,
10:31:54,68.95,500,
10:31:54,68.95,2000,
10:31:54,68.95,400,
10:31:55,68.95,200,
10:31:57,68.95,200,
10:31:57,68.95,485,
10:31:57,68.95,100,
10:31:57,68.95,100,
10:31:57,68.95,100,
10:31:57,68.95,400,
10:31:57,68.95,700,
10:31:57,68.95,800,
10:31:57,68.95,2000,
10:31:57,68.95,100,
10:31:57,68.95,100,
10:31:57,68.95,100,
10:31:57,68.95,100,
10:31:57,68.95,100,
10:31:57,68.95,100,
10:31:57,68.95,700,
10:31:58,68.95,300,
10:31:58,68.95,100,
10:31:58,68.95,400,
10:31:58,68.95,900,
10:31:58,68.95,900,
10:32:02,68.96,100,
10:32:06,68.95,300,
10:32:06,68.95,200,
10:32:06,68.95,330,
10:32:06,68.95,300,
10:32:06,68.95,230,
10:32:06,68.95,300,
10:32:06,68.95,925,
10:32:06,68.95,2000,
10:32:08,68.94,185,
10:32:08,68.94,200,
10:32:08,68.94,100,
10:32:10,68.94,100,
10:32:10,68.94,100,
10:32:10,68.93,275,
10:32:10,68.93,200,
10:32:11,68.93,300,
10:32:13,68.92,129,
10:32:16,68.92,500,
10:32:19,68.9199,145,
10:32:24,68.92,200,
10:32:28,68.91,100,
10:32:28,68.91,100,
10:32:29,68.90,100,
10:32:29,68.90,100,
10:32:29,68.90,400,
10:32:44,68.89,500,
10:32:44,68.88,100,
10:32:44,68.88,500,
10:32:44,68.88,200,
10:32:44,68.89,200,
10:32:44,68.89,200,
10:32:48,68.90,1400,
10:32:48,68.90,200,
10:32:49,68.90,200,
10:32:53,68.91,200,
10:32:53,68.91,185,
10:32:54,68.91,1800,
10:32:54,68.92,100,
10:32:55,68.92,296,
10:32:55,68.93,300,
10:32:55,68.93,500,
10:32:55,68.93,200,
10:32:56,68.94,100,
10:32:57,68.94,1100,
10:32:57,68.94,600,
10:33:00,68.93,200,
10:33:02,68.93,800,
10:33:03,68.93,200,
10:33:03,68.93,1320,
10:33:03,68.93,580,
10:33:03,68.93,200,
10:33:04,68.94,500,
10:33:04,68.94,200,
10:33:05,68.94,100,
10:33:08,68.93,100,
10:33:08,68.93,100,
10:33:08,68.93,200,
10:33:12,68.9386,500,
10:33:17,68.93,100,
10:33:17,68.92,100,
10:33:17,68.92,1000,
10:33:17,68.92,100,
10:33:18,68.9199,125,
10:33:20,68.91,300,
10:33:20,68.91,100,
10:33:20,68.9084,500,
10:33:23,68.90,400,
10:33:23,68.90,100,
10:33:23,68.90,569,
10:33:23,68.90,500,
10:33:23,68.90,200,
10:33:23,68.90,700,
10:33:24,68.90,600,
10:33:24,68.90,100,
10:33:24,68.90,1200,
10:33:25,68.91,700,
10:33:25,68.91,200,
10:33:25,68.91,200,
10:33:28,68.92,500,
10:33:32,68.90,100,
10:33:32,68.89,200,
10:33:36,68.90,200,
10:33:43,68.90,1069,
10:33:43,68.90,200,
10:33:45,68.89,500,
10:33:45,68.89,100,
10:33:45,68.88,100,
10:33:49,68.88,500,
10:33:50,68.88,100,
10:33:50,68.881,700,
10:33:52,68.87,6400,
10:33:54,68.89,100,
10:33:54,68.89,100,
10:33:55,68.88,1000,
10:33:56,68.88,600,
10:33:56,68.88,100,
10:33:57,68.881,3500,
10:34:07,68.88,100,
10:34:08,68.88,100,
10:34:15,68.88,100,
10:34:16,68.88,300,
10:34:16,68.88,100,
10:34:17,68.88,100,
10:34:18,68.89,900,
10:34:20,68.89,100,
10:34:22,68.89,200,
10:34:23,68.89,815,
10:34:25,68.90,185,
10:34:25,68.90,200,
10:34:25,68.90,500,
10:34:25,68.90,100,
10:34:25,68.90,700,
10:34:25,68.90,10744,
10:34:30,68.90,100,
10:34:32,68.8901,1400,
10:34:32,68.89,1100,
10:34:32,68.90,1100,
10:34:32,68.89,100,
10:34:47,68.88,500,
10:34:47,68.88,100,
10:34:51,68.88,400,
10:34:58,68.88,500,
10:35:06,68.89,200,
10:35:11,68.89,100,
10:35:11,68.89,400,
10:35:11,68.89,100,
10:35:11,68.89,800,
10:35:11,68.89,100,
10:35:11,68.89,600,
10:35:11,68.89,1200,
10:35:14,68.90,100,
10:35:14,68.90,100,
10:35:14,68.90,100,
10:35:14,68.90,200,
10:35:18,68.90,100,
10:35:21,68.8984,200,
10:35:23,68.91,515,
10:35:23,68.91,200,
10:35:24,68.901,900,
10:35:25,68.901,400,
10:35:25,68.90,100,
10:35:25,68.90,100,
10:35:27,68.90,100,
10:35:27,68.91,500,
10:35:33,68.90,100,
10:35:33,68.90,500,
10:35:33,68.90,100,
10:35:33,68.90,100,
10:35:37,68.90,100,
10:35:37,68.91,100,
10:35:39,68.92,200,
10:35:39,68.92,200,
10:35:39,68.91,11720,
10:35:44,68.911,100,
10:35:48,68.91,100,
10:36:01,68.92,530,
10:36:03,68.911,100,
10:36:14,68.92,500,
10:36:14,68.92,2300,
10:36:14,68.92,200,
10:36:14,68.92,800,
10:36:14,68.92,500,
10:36:14,68.93,100,
10:36:14,68.93,500,
10:36:14,68.93,2900,
10:36:14,68.93,1000,
10:36:14,68.93,1600,
10:36:14,68.93,100,
10:36:14,68.92,200,
10:36:14,68.93,200,
10:36:14,68.93,200,
10:36:17,68.92,100,
10:36:25,68.92,400,
10:36:28,68.93,515,
10:36:29,68.93,700,
10:36:29,68.93,585,
10:36:31,68.94,500,
10:36:31,68.94,602,
10:36:31,68.94,200,
10:36:32,68.95,900,
10:36:32,68.95,200,
10:36:32,68.95,200,
10:36:34,68.95,100,
10:36:37,68.95,500,
10:36:38,68.95,100,
10:36:39,68.94,100,
10:36:39,68.94,100,
10:36:43,68.94,100,
10:36:45,68.94,300,
10:36:50,68.94,100,
10:36:51,68.93,1600,
10:36:51,68.93,200,
10:36:51,68.93,200,
10:36:51,68.93,100,
10:36:51,68.92,431,
10:36:51,68.92,800,
10:36:51,68.92,100,
10:36:54,68.93,200,
10:36:58,68.93,1000,
10:37:01,68.92,100,
10:37:01,68.92,500,
10:37:02,68.9101,3000,
10:37:04,68.92,200,
10:37:04,68.92,100,
10:37:05,68.921,600,
10:37:05,68.921,600,
10:37:18,68.93,500,
10:37:18,68.93,500,
10:37:18,68.93,500,
10:37:18,68.93,500,
10:37:19,68.93,100,
10:37:19,68.93,500,
10:37:19,68.93,500,
10:37:19,68.93,500,
10:37:19,68.93,500,
10:37:20,68.93,500,
10:37:20,68.92,100,
10:37:20,68.92,100,
10:37:20,68.93,500,
10:37:20,68.93,100,
10:37:20,68.93,500,
10:37:20,68.93,500,
10:37:20,68.93,100,
10:37:20,68.93,500,
10:37:20,68.92,100,
10:37:20,68.93,500,
10:37:20,68.93,500,
10:37:20,68.93,500,
10:37:20,68.93,500,
10:37:20,68.93,500,
10:37:20,68.93,500,
10:37:20,68.93,500,
10:37:20,68.93,500,
10:37:20,68.93,500,
10:37:21,68.93,300,
10:37:21,68.93,1700,
10:37:21,68.93,1000,
10:37:23,68.928,700,
10:37:23,68.928,10000,
10:37:25,68.93,500,
10:37:25,68.93,700,
10:37:25,68.93,300,
10:37:25,68.93,300,
10:37:25,68.93,700,
10:37:25,68.93,700,
10:37:25,68.93,300,
10:37:25,68.93,300,
10:37:25,68.93,700,
10:37:25,68.93,700,
10:37:25,68.93,1000,
10:37:25,68.93,100,
10:37:25,68.921,1200,
10:37:26,68.93,300,
10:37:27,68.928,700,
10:37:31,68.93,2000,
10:37:31,68.93,200,
10:37:31,68.93,1000,
10:37:37,68.93,500,
10:37:37,68.93,500,
10:37:37,68.92,100,
10:37:37,68.93,100,
10:37:37,68.93,200,
10:37:37,68.93,100,
10:37:37,68.93,100,
10:37:37,68.93,1200,
10:37:37,68.93,500,
10:37:37,68.93,100,
10:37:37,68.93,800,
10:37:37,68.93,100,
10:37:37,68.93,500,
10:37:37,68.93,500,
10:37:37,68.93,1100,
10:37:39,68.93,100,
10:37:39,68.93,1700,
10:37:39,68.93,300,
10:37:39,68.93,133,
10:37:39,68.93,134,
10:37:39,68.928,700,
10:37:39,68.93,200,
10:37:39,68.93,100,
10:37:39,68.925,100,
10:37:39,68.93,100,
10:37:39,68.93,100,
10:37:40,68.93,200,
10:37:40,68.93,100,
10:37:40,68.93,100,
10:37:40,68.93,100,
10:37:40,68.93,100,
10:37:40,68.93,100,
10:37:40,68.93,100,
10:37:40,68.92,100,
10:37:40,68.92,100,
10:37:40,68.92,100,
10:37:40,68.92,400,
10:37:40,68.91,200,
10:37:40,68.92,300,
10:37:41,68.929,500,
10:37:41,68.929,400,
10:37:46,68.91,134,
10:37:46,68.91,100,
10:37:46,68.91,100,
10:37:46,68.91,200,
10:37:46,68.91,500,
10:37:46,68.91,100,
10:37:47,68.90,175,
10:37:47,68.90,100,
10:37:47,68.90,100,
10:37:53,68.90,100,
10:37:53,68.90,100,
10:37:53,68.90,500,
10:37:56,68.90,100,
10:38:00,68.91,100,
10:38:02,68.91,100,
10:38:12,68.92,100,
10:38:12,68.92,100,
10:38:13,68.921,1500,
10:38:16,68.921,900,
10:38:22,68.92,566,
10:38:25,68.92,900,
10:38:25,68.92,900,
10:38:25,68.93,1312,
10:38:29,68.92,700,
10:38:29,68.92,100,
10:38:36,68.91,100,
10:38:36,68.91,600,
10:38:36,68.91,400,
10:38:36,68.91,1300,
10:38:36,68.91,100,
10:38:36,68.91,3700,
10:38:53,68.9099,130,
10:39:04,68.91,300,
10:39:04,68.91,100,
10:39:04,68.91,1487,
10:39:05,68.92,200,
10:39:05,68.92,100,
10:39:05,68.92,100,
10:39:05,68.92,400,
10:39:05,68.93,215,
10:39:05,68.93,100,
10:39:09,68.92,100,
10:39:20,68.92,100,
10:39:20,68.92,100,
10:39:27,68.92,200,
10:39:32,68.91,100,
10:39:33,68.90,100,
10:39:37,68.89,500,
10:39:40,68.89,100,
10:39:41,68.90,100,
10:39:47,68.90,100,
10:39:50,68.90,100,
10:39:50,68.90,400,
10:39:50,68.90,1400,
10:39:56,68.89,100,
10:39:56,68.89,100,
10:39:59,68.8899,200,
10:40:06,68.88,100,
10:40:06,68.88,500,
10:40:06,68.88,100,
10:40:11,68.8877,225,
10:40:12,68.89,100,
10:40:12,68.90,430,
10:40:14,68.89,100,
10:40:14,68.89,200,
10:40:14,68.89,100,
10:40:14,68.89,700,
10:40:16,68.89,100,
10:40:28,68.90,500,
10:40:28,68.91,200,
10:40:32,68.91,200,
10:40:32,68.91,100,
10:40:33,68.91,1800,
10:40:35,68.91,100,
10:40:43,68.91,200,
10:40:47,68.91,100,
10:40:47,68.92,200,
10:40:47,68.92,200,
10:40:47,68.92,2000,
10:40:47,68.92,400,
10:40:47,68.92,7400,
10:40:47,68.92,200,
10:40:47,68.92,2100,
10:40:47,68.92,100,
10:40:47,68.92,900,
10:40:47,68.92,4100,
10:40:47,68.92,200,
10:40:47,68.92,265,
10:40:50,68.925,226,
10:40:53,68.92,648,
10:40:53,68.92,200,
10:40:53,68.92,200,
10:40:53,68.92,200,
10:40:53,68.92,400,
10:40:53,68.92,100,
10:40:53,68.92,600,
10:40:53,68.92,800,
10:40:53,68.92,1400,
10:40:53,68.92,100,
10:40:53,68.92,100,
10:40:53,68.92,1000,
10:40:53,68.92,200,
10:40:53,68.92,200,
10:40:53,68.92,100,
10:40:53,68.92,200,
10:40:53,68.92,1700,
10:40:53,68.92,200,
10:41:02,68.91,200,
10:41:02,68.91,400,
10:41:06,68.92,100,
10:41:06,68.92,100,
10:41:06,68.92,100,
10:41:06,68.92,1500,
10:41:15,68.9199,500,
10:41:24,68.911,100,
10:41:26,68.92,100,
10:41:28,68.91,300,
10:41:28,68.91,100,
10:41:29,68.9099,130,
10:41:29,68.91,100,
10:41:30,68.90,100,
10:41:30,68.90,429,
10:41:31,68.90,700,
10:41:31,68.90,400,
10:41:31,68.90,4000,
10:41:31,68.90,6100,
10:41:36,68.90,100,
10:41:37,68.90,100,
10:41:38,68.89,1600,
10:41:39,68.90,100,
10:41:44,68.89,800,
10:41:44,68.89,1600,
10:41:44,68.89,1700,
10:41:44,68.89,4100,
10:41:46,68.89,1600,
10:41:47,68.89,500,
10:41:47,68.89,1600,
10:41:48,68.88,100,
10:41:48,68.88,100,
10:41:48,68.88,400,
10:41:48,68.88,200,
10:41:48,68.88,200,
10:41:48,68.88,200,
10:41:48,68.88,3900,
10:41:48,68.88,3500,
10:41:48,68.88,600,
10:41:48,68.88,200,
10:41:48,68.88,400,
10:41:48,68.88,400,
10:41:48,68.87,100,
10:41:48,68.87,200,
10:41:48,68.87,100,
10:41:48,68.87,400,
10:41:48,68.87,1700,
10:41:50,68.88,100,
10:41:55,68.88,100,
10:41:55,68.88,100,
10:42:00,68.86,200,
10:42:00,68.86,500,
10:42:00,68.86,500,
10:42:00,68.86,300,
10:42:00,68.86,200,
10:42:01,68.85,170,
10:42:10,68.87,115,
10:42:14,68.865,200,
10:42:22,68.86,200,
10:42:25,68.86,100,
10:42:26,68.86,100,
10:42:30,68.86,100,
10:42:31,68.87,200,
10:42:35,68.88,100,
10:42:35,68.88,200,
10:42:35,68.88,100,
10:42:37,68.88,100,
10:42:39,68.87,200,
10:42:40,68.87,200,
10:42:40,68.87,200,
10:42:41,68.87,500,
10:42:41,68.88,200,
10:42:44,68.861,1900,
10:42:47,68.86,100,
10:42:51,68.87,100,
10:42:53,68.87,100,
10:42:56,68.8601,135,
10:43:07,68.87,200,
10:43:12,68.86,200,
10:43:12,68.86,200,
10:43:14,68.85,500,
10:43:14,68.841,500,
10:43:15,68.85,200,
10:43:22,68.85,200,
10:43:28,68.85,100,
10:43:28,68.85,200,
10:43:28,68.85,100,
10:43:28,68.85,200,
10:43:28,68.85,400,
10:43:28,68.85,2700,
10:43:28,68.85,200,
10:43:28,68.85,200,
10:43:28,68.85,400,
10:43:28,68.85,400,
10:43:28,68.85,100,
10:43:28,68.85,800,
10:43:28,68.845,100,
10:43:28,68.85,100,
10:43:28,68.85,200,
10:43:28,68.85,500,
10:43:31,68.85,100,
10:43:33,68.84,100,
10:43:33,68.84,100,
10:43:35,68.84,200,
10:43:37,68.84,1500,
10:43:38,68.8401,100,
10:43:38,68.84,200,
10:43:38,68.83,417,
10:43:38,68.83,500,
10:43:39,68.8216,1300,
10:43:42,68.84,200,
10:43:47,68.85,181,
10:43:56,68.845,200,
10:44:06,68.84,200,
10:44:06,68.84,100,
10:44:09,68.84,500,
10:44:15,68.84,200,
10:44:23,68.845,200,
10:44:29,68.841,200,
10:44:34,68.84,100,
10:44:40,68.84,100,
10:44:40,68.84,200,
10:44:42,68.84,200,
10:44:50,68.83,100,
10:44:50,68.83,100,
10:45:01,68.83,200,
10:45:12,68.83,500,
10:45:12,68.83,100,
10:45:12,68.83,300,
10:45:12,68.83,2600,
10:45:12,68.83,800,
10:45:12,68.83,100,
10:45:12,68.83,400,
10:45:12,68.83,100,
10:45:12,68.83,300,
10:45:12,68.83,2300,
10:45:12,68.83,600,
10:45:12,68.83,200,
10:45:12,68.83,400,
10:45:12,68.83,700,
10:45:12,68.83,700,
10:45:12,68.83,100,
10:45:12,68.83,100,
10:45:15,68.83,500,
10:45:15,68.83,500,
10:45:15,68.83,500,
10:45:18,68.83,100,
10:45:18,68.83,300,
10:45:18,68.84,700,
10:45:24,68.84,100,
10:45:24,68.84,3400,
10:45:24,68.84,285,
10:45:24,68.84,100,
10:45:24,68.84,500,
10:45:24,68.84,1500,
10:45:24,68.84,615,
10:45:24,68.84,200,
10:45:24,68.84,200,
10:45:24,68.84,800,
10:45:24,68.84,300,
10:45:29,68.83,200,
10:45:29,68.83,200,
10:45:30,68.835,500,
10:45:35,68.83,200,
10:45:41,68.83,500,
10:45:41,68.83,300,
10:45:41,68.82,200,
10:45:52,68.82,140,
10:45:57,68.83,200,
10:45:57,68.84,230,
10:45:57,68.83,100,
10:45:59,68.83,400,
10:45:59,68.83,700,
10:45:59,68.83,400,
10:45:59,68.83,400,
10:45:59,68.83,200,
10:45:59,68.83,300,
10:45:59,68.83,200,
10:45:59,68.83,200,
10:45:59,68.83,800,
10:45:59,68.83,1400,
10:45:59,68.83,100,
10:45:59,68.83,200,
10:45:59,68.83,1000,
10:45:59,68.83,2100,
10:45:59,68.83,1446,
10:45:59,68.83,200,
10:45:59,68.83,650,
10:45:59,68.83,700,
10:45:59,68.83,1250,
10:46:09,68.8201,300,
10:46:10,68.83,125,
10:46:10,68.84,315,
10:46:10,68.835,100,
10:46:13,68.8301,1170,
10:46:21,68.84,400,
10:46:22,68.84,200,
10:46:22,68.84,100,
10:46:22,68.84,200,
10:46:22,68.84,700,
10:46:22,68.84,300,
10:46:22,68.84,100,
10:46:22,68.84,300,
10:46:22,68.84,500,
10:46:22,68.84,100,
10:46:30,68.845,139,
10:46:33,68.83,200,
10:46:33,68.83,200,
10:46:34,68.82,100,
10:46:34,68.82,100,
10:46:34,68.82,100,
10:46:34,68.81,500,
10:46:34,68.81,200,
10:46:38,68.82,500,
10:46:38,68.82,200,
10:46:46,68.81,1000,
10:46:56,68.82,203,
10:47:03,68.82,406,
10:47:11,68.82,100,
10:47:19,68.82,200,
10:47:34,68.82,200,
10:47:48,68.83,300,
10:47:48,68.83,200,
10:47:49,68.85,100,
10:47:50,68.84,100,
10:47:50,68.85,1630,
10:47:50,68.85,200,
10:47:54,68.86,100,
10:47:58,68.86,100,
10:47:58,68.86,200,
10:48:03,68.86,200,
10:48:05,68.87,1000,
10:48:07,68.86,215,
10:48:07,68.86,355,
10:48:11,68.855,108,
10:48:14,68.86,700,
10:48:14,68.86,200,
10:48:18,68.87,100,
10:48:18,68.88,100,
10:48:18,68.88,200,
10:48:26,68.88,100,
10:48:26,68.88,100,
10:48:26,68.88,600,
10:48:26,68.88,600,
10:48:26,68.88,100,
10:48:26,68.88,100,
10:48:26,68.88,300,
10:48:27,68.88,100,
10:48:27,68.88,300,
10:48:27,68.88,1000,
10:48:27,68.88,692,
10:48:29,68.88,185,
10:48:29,68.88,200,
10:48:30,68.88,318,
10:48:32,68.8701,975,
10:48:34,68.87,200,
10:48:34,68.87,100,
10:48:34,68.87,200,
10:48:34,68.87,100,
10:48:34,68.87,200,
10:48:34,68.87,200,
10:48:34,68.875,200,
10:48:34,68.87,500,
10:48:34,68.87,200,
10:48:36,68.875,300,
10:48:37,68.86,5800,
10:48:37,68.86,300,
10:48:37,68.86,500,
10:48:37,68.86,200,
10:48:37,68.86,200,
10:48:37,68.86,200,
10:48:37,68.86,1000,
10:48:47,68.86,200,
10:48:50,68.86,400,
10:48:50,68.86,100,
10:48:50,68.86,1200,
10:48:50,68.86,400,
10:48:55,68.85,100,
10:48:55,68.85,500,
10:48:55,68.85,200,
10:48:55,68.85,200,
10:48:55,68.85,200,
10:48:55,68.85,200,
10:48:55,68.851,100,
10:48:56,68.841,474,
10:48:56,68.85,200,
10:49:02,68.85,616,
10:49:02,68.85,200,
10:49:02,68.85,200,
10:49:02,68.85,200,
10:49:04,68.845,100,
10:49:04,68.84,200,
10:49:04,68.84,100,
10:49:04,68.84,200,
10:49:04,68.84,200,
10:49:04,68.84,200,
10:49:09,68.84,315,
10:49:12,68.84,100,
10:49:19,68.84,400,
10:49:29,68.84,1700,
10:49:34,68.83,500,
10:49:34,68.83,1374,
10:49:34,68.83,200,
10:49:38,68.82,300,
10:49:38,68.82,100,
10:49:40,68.81,1400,
10:49:40,68.81,2400,
10:49:40,68.81,300,
10:49:40,68.81,500,
10:49:40,68.82,100,
10:49:40,68.81,400,
10:49:42,68.82,100,
10:49:42,68.82,500,
10:49:42,68.82,950,
10:49:42,68.82,485,
10:49:52,68.82,100,
10:49:57,68.82,650,
10:49:57,68.82,100,
10:49:57,68.82,300,
10:49:57,68.82,500,
10:49:57,68.82,600,
10:49:57,68.82,100,
10:49:57,68.82,300,
10:49:57,68.82,900,
10:49:57,68.82,2600,
10:49:57,68.8218,395,
10:49:58,68.82,100,
10:50:00,68.83,200,
10:50:00,68.83,200,
10:50:00,68.83,1000,
10:50:00,68.83,285,
10:50:08,68.8199,1100,
10:50:08,68.82,135,
10:50:08,68.82,497,
10:50:08,68.82,300,
10:50:08,68.82,200,
10:50:17,68.82,100,
10:50:29,68.813,200,
10:50:29,68.81,200,
10:50:34,68.82,100,
10:50:34,68.82,600,
10:50:35,68.815,100,
10:50:36,68.82,168,
10:50:36,68.82,200,
10:50:36,68.82,132,
10:50:40,68.83,815,
10:50:40,68.83,100,
10:50:41,68.83,200,
10:50:52,68.83,860,
10:50:55,68.84,100,
10:50:56,68.84,300,
10:50:56,68.84,200,
10:50:57,68.85,215,
10:50:57,68.85,300,
10:50:57,68.85,300,
10:50:57,68.85,300,
10:50:57,68.85,236,
10:50:59,68.85,400,
10:51:01,68.85,190,
10:51:03,68.84,100,
10:51:12,68.84,117,
10:51:25,68.84,192,
10:51:46,68.845,107,
10:51:50,68.85,200,
10:51:50,68.86,200,
10:51:51,68.8538,100,
10:52:05,68.86,585,
10:52:05,68.86,200,
10:52:07,68.84,100,
10:52:07,68.84,100,
10:52:08,68.839,2300,
10:52:13,68.84,200,
10:52:25,68.84,200,
10:52:26,68.84,300,
10:52:27,68.84,100,
10:52:33,68.83,500,
10:52:33,68.83,200,
10:52:35,68.82,500,
10:52:35,68.82,200,
10:52:37,68.81,600,
10:52:37,68.81,100,
10:52:37,68.81,100,
10:52:37,68.81,100,
10:52:37,68.81,200,
10:52:38,68.80,100,
10:52:38,68.80,400,
10:52:40,68.79,500,
10:52:40,68.79,100,
10:52:40,68.79,400,
10:52:43,68.78,100,
10:52:45,68.79,200,
10:52:45,68.79,300,
10:52:46,68.79,100,
10:52:46,68.79,200,
10:52:46,68.80,100,
10:52:48,68.7913,1500,
10:52:50,68.79,100,
10:52:51,68.78,200,
10:52:53,68.7817,500,
10:52:57,68.775,100,
10:52:58,68.78,200,
10:53:08,68.78,100,
10:53:11,68.77,200,
10:53:11,68.77,500,
10:53:11,68.77,700,
10:53:11,68.76,100,
10:53:12,68.76,449,
10:53:12,68.75,100,
10:53:12,68.75,100,
10:53:12,68.75,200,
10:53:12,68.74,100,
10:53:12,68.74,100,
10:53:13,68.74,500,
10:53:13,68.74,300,
10:53:13,68.74,100,
10:53:13,68.74,300,
10:53:13,68.74,100,
10:53:13,68.74,100,
10:53:13,68.74,100,
10:53:13,68.74,100,
10:53:13,68.74,100,
10:53:13,68.74,100,
10:53:13,68.74,100,
10:53:14,68.74,100,
10:53:14,68.738,100,
10:53:15,68.75,100,
10:53:15,68.75,100,
10:53:17,68.74,200,
10:53:18,68.7416,150,
10:53:19,68.73,500,
10:53:20,68.73,200,
10:53:23,68.72,100,
10:53:23,68.72,100,
10:53:23,68.72,100,
10:53:23,68.72,100,
10:53:23,68.71,100,
10:53:23,68.72,400,
10:53:24,68.72,100,
10:53:24,68.71,400,
10:53:24,68.72,100,
10:53:24,68.72,100,
10:53:25,68.71,500,
10:53:25,68.71,160,
10:53:25,68.71,100,
10:53:25,68.71,209,
10:53:26,68.72,300,
10:53:26,68.72,200,
10:53:26,68.73,200,
10:53:26,68.73,200,
10:53:26,68.73,400,
10:53:26,68.72,100,
10:53:29,68.73,200,
10:53:29,68.73,400,
10:53:30,68.73,500,
10:53:30,68.73,200,
10:53:31,68.73,100,
10:53:39,68.73,1000,
10:53:44,68.72,200,
10:53:46,68.73,200,
10:53:46,68.73,100,
10:53:46,68.74,500,
10:53:49,68.74,100,
10:53:49,68.74,200,
10:53:53,68.75,200,
10:53:54,68.74,200,
10:54:03,68.73,200,
10:54:03,68.73,500,
10:54:12,68.7399,300,
10:54:16,68.74,300,
10:54:17,68.74,200,
10:54:23,68.74,200,
10:54:26,68.73,200,
10:54:27,68.72,100,
10:54:27,68.72,485,
10:54:27,68.72,200,
10:54:27,68.72,100,
10:54:27,68.72,3800,
10:54:27,68.72,115,
10:54:27,68.72,100,
10:54:27,68.72,1000,
10:54:27,68.72,100,
10:54:27,68.72,100,
10:54:27,68.72,3800,
10:54:27,68.72,200,
10:54:28,68.72,100,
10:54:29,68.71,100,
10:54:29,68.71,100,
10:54:29,68.71,100,
10:54:29,68.70,200,
10:54:29,68.70,100,
10:54:29,68.70,100,
10:54:29,68.70,100,
10:54:29,68.70,100,
10:54:29,68.70,100,
10:54:30,68.70,200,
10:54:30,68.70,100,
10:54:30,68.70,100,
10:54:32,68.70,100,
10:54:32,68.70,200,
10:54:32,68.70,200,
10:54:37,68.69,1400,
10:54:37,68.69,100,
10:54:37,68.69,1900,
10:54:37,68.69,400,
10:54:37,68.69,100,
10:54:37,68.69,400,
10:54:37,68.69,800,
10:54:37,68.69,1100,
10:54:37,68.69,700,
10:54:37,68.69,700,
10:54:37,68.69,200,
10:54:38,68.691,500,
10:54:39,68.69,200,
10:54:39,68.69,400,
10:54:39,68.69,5000,
10:54:39,68.68,3300,
10:54:39,68.68,400,
10:54:40,68.69,300,
10:54:40,68.69,100,
10:54:40,68.69,600,
10:54:40,68.69,200,
10:54:40,68.69,2900,
10:54:40,68.69,1400,
10:54:40,68.69,400,
10:54:40,68.69,200,
10:54:40,68.69,400,
10:54:40,68.69,400,
10:54:40,68.69,800,
10:54:40,68.70,600,
10:54:40,68.70,100,
10:54:40,68.70,300,
10:54:42,68.70,100,
10:54:42,68.69,300,
10:54:42,68.69,100,
10:54:42,68.69,300,
10:54:43,68.69,800,
10:54:43,68.69,100,
10:54:43,68.69,400,
10:54:43,68.69,200,
10:54:43,68.69,400,
10:54:43,68.69,500,
10:54:43,68.69,200,
10:54:43,68.69,2700,
10:54:43,68.69,1200,
10:54:43,68.69,400,
10:54:44,68.70,500,
10:54:44,68.70,600,
10:54:46,68.69,400,
10:54:46,68.69,400,
10:54:46,68.69,400,
10:54:46,68.69,100,
10:54:46,68.69,500,
10:54:46,68.69,100,
10:54:46,68.69,100,
10:54:51,68.69,100,
10:54:51,68.69,100,
10:54:51,68.695,100,
10:54:52,68.69,100,
10:54:53,68.68,1600,
10:54:53,68.6801,200,
10:54:53,68.6801,200,
10:54:53,68.6801,200,
10:54:54,68.6801,900,
10:54:54,68.6801,800,
10:54:54,68.68,100,
10:54:54,68.68,100,
10:54:54,68.68,100,
10:54:54,68.67,100,
10:54:54,68.66,5000,
10:54:55,68.66,600,
10:54:55,68.66,300,
10:54:55,68.66,200,
10:54:55,68.66,100,
10:54:55,68.66,100,
10:54:55,68.66,100,
10:54:55,68.66,1000,
10:54:55,68.66,100,
10:54:55,68.66,300,
10:54:55,68.66,100,
10:54:55,68.66,100,
10:54:56,68.66,100,
10:54:58,68.66,200,
10:55:06,68.67,300,
10:55:06,68.68,100,
10:55:06,68.68,485,
10:55:06,68.68,100,
10:55:06,68.69,100,
10:55:07,68.68,100,
10:55:10,68.67,100,
10:55:11,68.67,200,
10:55:15,68.68,100,
10:55:15,68.68,1130,
10:55:15,68.68,200,
10:55:15,68.68,5629,
10:55:15,68.68,1602,
10:55:15,68.68,8500,
10:55:17,68.685,100,
10:55:19,68.71,1200,
10:55:19,68.70,100,
10:55:19,68.71,500,
10:55:19,68.71,315,
10:55:19,68.71,400,
10:55:19,68.71,400,
10:55:19,68.71,200,
10:55:20,68.70,2000,
10:55:26,68.70,200,
10:55:26,68.70,100,
10:55:26,68.70,100,
10:55:26,68.7001,1300,
10:55:27,68.70,100,
10:55:27,68.70,100,
10:55:28,68.70,100,
10:55:36,68.71,100,
10:55:38,68.71,200,
10:55:44,68.71,200,
10:55:47,68.71,100,
10:55:48,68.70,250,
10:55:49,68.70,200,
10:55:49,68.69,200,
10:55:49,68.69,800,
10:55:49,68.69,500,
10:55:54,68.68,200,
10:55:54,68.68,100,
10:55:57,68.67,100,
10:55:57,68.67,100,
10:55:57,68.67,200,
10:55:57,68.67,200,
10:55:57,68.67,200,
10:55:57,68.68,115,
10:56:00,68.67,100,
10:56:00,68.67,200,
10:56:07,68.661,100,
10:56:14,68.66,100,
10:56:14,68.66,100,
10:56:17,68.6699,1370,
10:56:17,68.66,100,
10:56:17,68.66,100,
10:56:17,68.66,200,
10:56:20,68.65,100,
10:56:23,68.66,15000,
10:56:27,68.65,300,
10:56:27,68.65,500,
10:56:27,68.65,200,
10:56:29,68.66,100,
10:56:31,68.66,200,
