09:30:00,62.29,30711,
09:30:00,62.30,6747,
09:30:00,62.29,400,
09:30:00,62.28,300,
09:30:00,62.30,400,
09:30:00,62.29,307,
09:30:00,62.29,200,
09:30:00,62.29,300,
09:30:00,62.29,100,
09:30:00,62.29,1900,
09:30:00,62.29,300,
09:30:01,62.31,200,
09:30:01,62.30,700,
09:30:01,62.31,100,
09:30:01,62.31,200,
09:30:02,62.32,900,
09:30:02,62.32,100,
09:30:02,62.30,200,
09:30:02,62.30,200,
09:30:02,62.31,800,
09:30:02,62.31,700,
09:30:02,62.31,800,
09:30:02,62.31,200,
09:30:02,62.31,800,
09:30:02,62.31,200,
09:30:02,62.31,150,
09:30:02,62.31,200,
09:30:02,62.32,400,
09:30:02,62.32,500,
09:30:02,62.32,700,
09:30:02,62.33,200,
09:30:02,62.33,900,
09:30:02,62.32,1690,
09:30:02,62.32,1010,
09:30:02,62.32,790,
09:30:03,62.33,200,
09:30:03,62.32,1550,
09:30:04,62.33,400,
09:30:04,62.34,557,
09:30:04,62.34,290,
09:30:04,62.34,400,
09:30:04,62.34,800,
09:30:04,62.34,100,
09:30:04,62.34,200,
09:30:04,62.34,300,
09:30:04,62.34,800,
09:30:04,62.34,800,
09:30:04,62.35,100,
09:30:04,62.34,800,
09:30:04,62.34,800,
09:30:04,62.33,2100,
09:30:04,62.33,100,
09:30:04,62.33,100,
09:30:05,62.34,1600,
09:30:05,62.34,800,
09:30:05,62.301,200,
09:30:06,62.34,1000,
09:30:06,62.34,100,
09:30:07,62.34,2400,
09:30:08,62.35,900,
09:30:08,62.3001,600,
09:30:09,62.35,100,
09:30:11,62.31,200,
09:30:11,62.31,100,
09:30:12,62.33,165,
09:30:13,62.31,200,
09:30:14,62.311,100,
09:30:15,62.32,800,
09:30:15,62.32,200,
09:30:15,62.32,200,
09:30:15,62.311,100,
09:30:15,62.32,800,
09:30:15,62.32,400,
09:30:15,62.32,200,
09:30:17,62.31,1600,
09:30:17,62.35,200,
09:30:19,62.34,200,
09:30:19,62.33,100,
09:30:23,62.31,400,
09:30:26,62.32,300,
09:30:28,62.28,400,
09:30:28,62.28,800,
09:30:28,62.28,100,
09:30:28,62.28,2100,
09:30:30,62.3099,276,
09:30:31,62.28,800,
09:30:31,62.3299,100,
09:30:31,62.3068,400,
09:30:31,62.3001,100,
09:30:31,62.3499,100,
09:30:31,62.3499,100,
09:30:31,62.3499,200,
09:30:31,62.3399,200,
09:30:32,62.3399,800,
09:30:33,62.27,400,
09:30:34,62.27,100,
09:30:35,62.27,100,
09:30:35,62.27,200,
09:30:38,62.28,400,
09:30:40,62.28,200,
09:30:43,62.28,300,
09:30:43,62.27,300,
09:30:44,62.27,1200,
09:30:45,62.27,400,
09:30:45,62.27,100,
09:30:46,62.27,400,
09:30:46,62.27,2200,
09:30:47,62.27,1500,
09:30:48,62.2701,3000,
09:30:48,62.27,100,
09:30:48,62.27,100,
09:30:48,62.265,100,
09:30:53,62.26,400,
09:30:53,62.26,300,
09:30:54,62.26,300,
09:30:54,62.25,400,
09:30:54,62.2699,3000,
09:30:55,62.26,300,
09:30:55,62.26,200,
09:30:55,62.26,200,
09:30:55,62.26,800,
09:30:55,62.26,100,
09:30:55,62.26,800,
09:30:55,62.26,200,
09:30:55,62.26,100,
09:30:55,62.25,800,
09:30:55,62.26,300,
09:30:55,62.26,100,
09:30:55,62.26,100,
09:30:55,62.25,1000,
09:30:55,62.26,100,
09:30:55,62.26,100,
09:30:55,62.26,300,
09:30:55,62.25,300,
09:30:58,62.26,300,
09:30:58,62.26,400,
09:30:58,62.26,400,
09:30:58,62.25,200,
09:31:00,62.26,200,
09:31:00,62.27,100,
09:31:01,62.26,800,
09:31:02,62.26,100,
09:31:02,62.26,100,
09:31:04,62.26,100,
09:31:05,62.26,800,
09:31:05,62.26,100,
09:31:05,62.26,200,
09:31:05,62.26,120,
09:31:05,62.26,600,
09:31:08,62.27,400,
09:31:09,62.28,100,
09:31:09,62.28,100,
09:31:10,62.2799,3000,
09:31:12,62.27,600,
09:31:12,62.27,306,
09:31:13,62.27,165,
09:31:14,62.26,100,
09:31:16,62.2699,1000,
09:31:17,62.27,12000,
09:31:25,62.25,100,
09:31:26,62.24,400,
09:31:26,62.25,100,
09:31:31,62.24,400,
09:31:31,62.25,400,
09:31:31,62.25,100,
09:31:31,62.25,2000,
09:31:31,62.25,200,
09:31:31,62.245,3000,
09:31:31,62.24,300,
09:31:31,62.25,300,
09:31:32,62.24,4900,
09:31:32,62.24,1500,
09:31:32,62.24,200,
09:31:32,62.24,600,
09:31:32,62.24,300,
09:31:32,62.23,100,
09:31:32,62.23,1000,
09:31:32,62.24,300,
09:31:33,62.23,2600,
09:31:33,62.23,300,
09:31:33,62.23,700,
09:31:33,62.24,100,
09:31:34,62.25,600,
09:31:35,62.25,100,
09:31:35,62.25,800,
09:31:35,62.25,200,
09:31:35,62.25,100,
09:31:36,62.25,300,
09:31:36,62.25,600,
09:31:36,62.25,300,
09:31:36,62.25,300,
09:31:36,62.25,100,
09:31:36,62.25,100,
09:31:36,62.25,200,
09:31:36,62.25,100,
09:31:36,62.24,125,
09:31:36,62.24,200,
09:31:36,62.24,700,
09:31:36,62.24,100,
09:31:36,62.24,200,
09:31:36,62.24,100,
09:31:37,62.24,700,
09:31:37,62.24,300,
09:31:37,62.24,200,
09:31:37,62.24,600,
09:31:39,62.23,100,
09:31:40,62.23,100,
09:31:40,62.23,200,
09:31:40,62.23,1400,
09:31:40,62.24,200,
09:31:40,62.24,600,
09:31:40,62.235,100,
09:31:40,62.235,100,
09:31:40,62.235,500,
09:31:40,62.235,100,
09:31:40,62.235,500,
09:31:40,62.24,6800,
09:31:40,62.235,500,
09:31:40,62.24,639,
09:31:40,62.235,500,
09:31:40,62.235,100,
09:31:40,62.235,500,
09:31:40,62.2375,500,
09:31:40,62.235,700,
09:31:40,62.23,4100,
09:31:40,62.24,200,
09:31:41,62.24,400,
09:31:41,62.24,3100,
09:31:41,62.24,1600,
09:31:41,62.24,500,
09:31:41,62.24,500,
09:31:41,62.24,500,
09:31:41,62.24,100,
09:31:41,62.24,400,
09:31:41,62.24,500,
09:31:41,62.24,500,
09:31:41,62.24,500,
09:31:41,62.24,100,
09:31:41,62.24,400,
09:31:41,62.24,300,
09:31:41,62.24,100,
09:31:44,62.24,2500,
09:31:44,62.24,800,
09:31:44,62.24,100,
09:31:44,62.24,100,
09:31:44,62.24,200,
09:31:44,62.24,100,
09:31:44,62.24,100,
09:31:44,62.235,500,
09:31:44,62.235,500,
09:31:46,62.2423,200,
09:31:48,62.24,400,
09:31:48,62.24,100,
09:31:48,62.24,100,
09:31:48,62.235,100,
09:31:51,62.23,400,
09:31:51,62.23,100,
09:31:51,62.23,800,
09:31:51,62.23,100,
09:31:51,62.23,600,
09:31:51,62.23,600,
09:31:51,62.23,100,
09:31:51,62.23,800,
09:31:51,62.23,100,
09:31:51,62.23,300,
09:31:51,62.23,100,
09:31:51,62.23,5000,
09:31:51,62.23,100,
09:31:51,62.23,1900,
09:31:51,62.23,2000,
09:31:51,62.23,3000,
09:31:51,62.23,100,
09:31:53,62.235,100,
09:31:53,62.235,100,
09:31:53,62.235,1000,
09:31:53,62.235,400,
09:31:53,62.24,100,
09:31:53,62.24,500,
09:31:53,62.24,300,
09:31:53,62.235,300,
09:31:53,62.235,500,
09:31:53,62.235,500,
09:31:53,62.235,500,
09:31:53,62.24,500,
09:31:54,62.235,100,
09:31:54,62.235,500,
09:31:54,62.24,100,
09:31:54,62.24,100,
09:31:54,62.24,100,
09:31:54,62.24,100,
09:31:54,62.24,100,
09:31:54,62.24,400,
09:31:54,62.24,200,
09:31:54,62.24,500,
09:31:54,62.24,500,
09:31:54,62.24,200,
09:31:54,62.24,100,
09:31:54,62.235,1800,
09:31:54,62.24,500,
09:31:54,62.24,1100,
09:31:54,62.24,2400,
09:31:54,62.24,100,
09:31:54,62.24,400,
09:31:54,62.24,100,
09:31:54,62.24,400,
09:31:54,62.24,1800,
09:31:54,62.24,200,
09:31:54,62.24,100,
09:31:54,62.24,500,
09:31:54,62.24,2400,
09:31:54,62.24,200,
09:31:54,62.235,400,
09:31:54,62.235,500,
09:31:54,62.24,100,
09:31:54,62.24,200,
09:31:54,62.235,100,
09:31:54,62.235,400,
09:31:54,62.235,700,
09:31:54,62.24,500,
09:31:54,62.24,500,
09:31:54,62.24,100,
09:31:55,62.24,100,
09:31:55,62.235,500,
09:31:55,62.235,100,
09:31:55,62.235,100,
09:31:55,62.23,200,
09:31:55,62.23,100,
09:31:55,62.23,1790,
09:31:55,62.23,600,
09:31:55,62.23,400,
09:31:55,62.24,100,
09:31:56,62.23,100,
09:31:56,62.23,100,
09:31:56,62.23,100,
09:31:56,62.23,200,
09:31:57,62.23,400,
09:31:57,62.23,100,
09:31:58,62.22,290,
09:31:58,62.2199,200,
09:31:58,62.22,400,
09:31:58,62.22,200,
09:31:58,62.22,200,
09:31:59,62.22,100,
09:31:59,62.22,400,
09:31:59,62.22,600,
09:31:59,62.22,100,
09:31:59,62.22,600,
09:31:59,62.22,100,
09:32:00,62.22,100,
09:32:00,62.22,100,
09:32:02,62.22,800,
09:32:02,62.22,100,
09:32:03,62.22,100,
09:32:03,62.21,727,
09:32:03,62.21,800,
09:32:03,62.21,200,
09:32:03,62.21,200,
09:32:03,62.21,800,
09:32:03,62.21,100,
09:32:03,62.21,100,
09:32:04,62.22,500,
09:32:04,62.21,300,
09:32:05,62.22,400,
09:32:05,62.22,200,
09:32:05,62.22,2400,
09:32:05,62.23,700,
09:32:05,62.22,100,
09:32:06,62.23,200,
09:32:06,62.20,1000,
09:32:07,62.23,100,
09:32:07,62.2234,500,
09:32:07,62.2299,3000,
09:32:10,62.23,400,
09:32:10,62.23,400,
09:32:10,62.23,1200,
09:32:10,62.23,400,
09:32:10,62.24,400,
09:32:10,62.24,100,
09:32:10,62.235,100,
09:32:10,62.24,200,
09:32:10,62.24,400,
09:32:10,62.24,300,
09:32:10,62.24,300,
09:32:10,62.24,100,
09:32:10,62.24,1400,
09:32:11,62.2399,3000,
09:32:12,62.25,643,
09:32:12,62.25,200,
09:32:12,62.25,250,
09:32:12,62.25,700,
09:32:12,62.25,800,
09:32:12,62.25,100,
09:32:12,62.26,600,
09:32:13,62.25,100,
09:32:14,62.25,1200,
09:32:14,62.25,600,
09:32:14,62.25,300,
09:32:14,62.25,275,
09:32:14,62.25,1500,
09:32:14,62.241,400,
09:32:15,62.25,200,
09:32:15,62.25,400,
09:32:15,62.25,100,
09:32:15,62.25,200,
09:32:15,62.251,275,
09:32:15,62.25,200,
09:32:15,62.251,1500,
09:32:15,62.25,200,
09:32:15,62.25,1100,
09:32:19,62.24,800,
09:32:25,62.24,300,
09:32:25,62.24,400,
09:32:26,62.24,700,
09:32:26,62.24,200,
09:32:28,62.2499,2000,
09:32:30,62.25,100,
09:32:30,62.25,2400,
09:32:30,62.25,100,
09:32:34,62.25,100,
09:32:34,62.24,900,
09:32:35,62.25,100,
09:32:35,62.25,2400,
09:32:35,62.25,2400,
09:32:35,62.2501,2000,
09:32:36,62.24,100,
09:32:37,62.25,100,
09:32:37,62.2499,100,
09:32:37,62.25,200,
09:32:37,62.2499,200,
09:32:37,62.25,300,
09:32:37,62.25,200,
09:32:40,62.23,800,
09:32:41,62.22,100,
09:32:43,62.2199,1000,
09:32:45,62.21,1200,
09:32:45,62.21,300,
09:32:45,62.20,100,
09:32:45,62.211,300,
09:32:45,62.20,1021,
09:32:45,62.20,300,
09:32:45,62.20,100,
09:32:45,62.20,300,
09:32:45,62.21,400,
09:32:45,62.20,100,
09:32:45,62.20,500,
09:32:48,62.19,100,
09:32:50,62.195,100,
09:32:50,62.19,100,
09:32:50,62.19,300,
09:32:50,62.18,100,
09:32:50,62.18,2500,
09:32:50,62.185,100,
09:32:50,62.185,100,
09:32:50,62.19,200,
09:32:50,62.19,100,
09:32:52,62.19,200,
09:32:52,62.19,100,
09:32:53,62.18,200,
09:32:53,62.18,100,
09:32:53,62.18,100,
09:32:53,62.18,800,
09:32:53,62.18,900,
09:32:53,62.17,200,
09:32:53,62.17,2700,
09:32:53,62.175,600,
09:32:53,62.17,100,
09:32:53,62.17,100,
09:32:53,62.17,200,
09:32:54,62.17,200,
09:32:54,62.17,100,
09:32:54,62.17,400,
09:32:56,62.16,200,
09:32:56,62.15,1900,
09:32:56,62.16,100,
09:32:56,62.16,1000,
09:32:56,62.15,200,
09:32:56,62.15,750,
09:32:56,62.15,300,
09:32:57,62.14,100,
09:32:58,62.14,400,
09:33:02,62.14,100,
09:33:04,62.15,200,
09:33:04,62.15,100,
09:33:04,62.15,170,
09:33:04,62.15,400,
09:33:05,62.16,100,
09:33:05,62.16,800,
09:33:05,62.16,500,
09:33:06,62.15,100,
09:33:10,62.15,800,
09:33:10,62.15,100,
09:33:10,62.15,800,
09:33:10,62.15,100,
09:33:10,62.1401,2300,
09:33:10,62.141,6100,
09:33:12,62.14,16800,
09:33:16,62.14,400,
09:33:16,62.14,200,
09:33:16,62.14,200,
09:33:16,62.14,200,
09:33:20,62.14,200,
09:33:20,62.14,800,
09:33:20,62.14,800,
09:33:20,62.14,1300,
09:33:20,62.14,800,
09:33:20,62.14,800,
09:33:20,62.13,100,
09:33:20,62.13,1600,
09:33:20,62.13,500,
09:33:20,62.13,600,
09:33:20,62.13,100,
09:33:20,62.13,600,
09:33:21,62.14,1000,
09:33:23,62.13,1000,
09:33:23,62.13,1100,
09:33:23,62.13,300,
09:33:23,62.13,800,
09:33:23,62.13,100,
09:33:23,62.13,500,
09:33:23,62.13,1200,
09:33:27,62.14,1300,
09:33:27,62.1387,1300,
09:33:27,62.1399,100,
09:33:33,62.14,100,
09:33:33,62.14,100,
09:33:35,62.13,200,
09:33:35,62.12,100,
09:33:35,62.12,5800,
09:33:35,62.12,185,
09:33:35,62.13,400,
09:33:36,62.12,100,
09:33:36,62.12,800,
09:33:36,62.12,200,
09:33:36,62.12,400,
09:33:37,62.13,200,
09:33:37,62.13,200,
09:33:38,62.13,300,
09:33:38,62.13,200,
09:33:38,62.13,200,
09:33:38,62.13,200,
09:33:39,62.13,100,
09:33:40,62.13,100,
09:33:40,62.12,400,
09:33:40,62.13,100,
09:33:41,62.12,400,
09:33:42,62.13,1000,
09:33:42,62.14,100,
09:33:42,62.14,300,
09:33:42,62.14,200,
09:33:42,62.15,427,
09:33:42,62.15,100,
09:33:42,62.15,100,
09:33:44,62.15,100,
09:33:44,62.15,200,
09:33:44,62.15,200,
09:33:44,62.15,100,
09:33:44,62.15,400,
09:33:45,62.158,900,
09:33:47,62.16,700,
09:33:47,62.16,200,
09:33:47,62.16,300,
09:33:49,62.16,100,
09:33:50,62.16,400,
09:33:50,62.16,400,
09:33:50,62.16,400,
09:33:51,62.16,700,
09:33:51,62.16,100,
09:33:51,62.16,200,
09:33:51,62.16,100,
09:33:53,62.16,1400,
09:33:53,62.16,100,
09:33:54,62.17,400,
09:33:58,62.1895,900,
09:34:00,62.19,400,
09:34:00,62.19,400,
09:34:00,62.19,200,
09:34:00,62.19,327,
09:34:01,62.20,400,
09:34:01,62.20,700,
09:34:01,62.20,700,
09:34:01,62.20,100,
09:34:01,62.20,200,
09:34:01,62.20,100,
09:34:01,62.20,100,
09:34:01,62.20,100,
09:34:05,62.19,100,
09:34:08,62.21,100,
09:34:08,62.21,2000,
09:34:08,62.21,100,
09:34:08,62.21,2000,
09:34:08,62.21,1200,
09:34:08,62.21,200,
09:34:08,62.21,200,
09:34:08,62.21,200,
09:34:08,62.21,200,
09:34:08,62.21,200,
09:34:08,62.21,1600,
09:34:09,62.199,2000,
09:34:09,62.20,100,
09:34:09,62.20,300,
09:34:09,62.20,100,
09:34:09,62.21,300,
09:34:09,62.21,200,
09:34:09,62.21,800,
09:34:10,62.2091,1000,
09:34:10,62.2065,200,
09:34:10,62.2077,800,
09:34:12,62.2095,900,
09:34:13,62.21,100,
09:34:13,62.22,100,
09:34:13,62.22,100,
09:34:13,62.22,100,
09:34:13,62.22,100,
09:34:13,62.22,300,
09:34:13,62.21,10000,
09:34:13,62.22,200,
09:34:13,62.22,300,
09:34:13,62.21,100,
09:34:14,62.20,712,
09:34:14,62.20,100,
09:34:14,62.20,800,
09:34:14,62.20,100,
09:34:14,62.20,200,
09:34:14,62.20,800,
09:34:14,62.20,200,
09:34:14,62.20,400,
09:34:14,62.20,300,
09:34:14,62.21,100,
09:34:15,62.20,800,
09:34:19,62.20,100,
09:34:19,62.21,100,
09:34:19,62.22,100,
09:34:19,62.21,500,
09:34:19,62.21,300,
09:34:21,62.22,100,
09:34:21,62.22,100,
09:34:21,62.22,700,
09:34:21,62.22,100,
09:34:23,62.2199,200,
09:34:23,62.2199,300,
09:34:23,62.2199,200,
09:34:23,62.2199,200,
09:34:23,62.22,300,
09:34:23,62.2199,100,
09:34:23,62.22,200,
09:34:23,62.2199,100,
09:34:23,62.22,100,
09:34:24,62.22,100,
09:34:24,62.22,100,
09:34:24,62.23,100,
09:34:24,62.23,150,
09:34:24,62.23,200,
09:34:24,62.23,100,
09:34:24,62.23,700,
09:34:25,62.2201,1300,
09:34:26,62.22,100,
09:34:27,62.22,800,
09:34:27,62.22,600,
09:34:28,62.22,457,
09:34:28,62.22,200,
09:34:28,62.22,100,
09:34:28,62.22,100,
09:34:30,62.22,200,
09:34:31,62.22,100,
09:34:32,62.22,1200,
09:34:32,62.22,2400,
09:34:35,62.21,2000,
09:34:35,62.21,100,
09:34:35,62.21,100,
09:34:35,62.21,100,
09:34:35,62.21,200,
09:34:35,62.21,300,
09:34:35,62.21,100,
09:34:35,62.21,800,
09:34:35,62.22,600,
09:34:36,62.22,100,
09:34:37,62.21,100,
09:34:37,62.21,300,
09:34:37,62.21,200,
09:34:45,62.21,100,
09:34:47,62.21,100,
09:34:47,62.21,100,
09:34:48,62.21,100,
09:34:48,62.20,1200,
09:34:48,62.20,200,
09:34:48,62.20,200,
09:34:48,62.204,200,
09:34:49,62.20,100,
09:34:49,62.20,540,
09:34:49,62.20,600,
09:34:49,62.20,600,
09:34:49,62.20,3300,
09:34:49,62.20,600,
09:34:50,62.1999,100,
09:34:52,62.1972,100,
09:34:52,62.20,100,
09:34:53,62.20,100,
09:34:54,62.21,100,
09:34:54,62.215,300,
09:34:54,62.215,100,
09:34:54,62.21,400,
09:34:54,62.21,100,
09:34:54,62.21,100,
09:34:54,62.21,100,
09:34:54,62.21,300,
09:34:57,62.20,300,
09:34:57,62.20,200,
09:34:57,62.20,200,
09:34:57,62.20,200,
09:34:57,62.20,100,
09:34:58,62.20,100,
09:35:00,62.20,100,
09:35:00,62.20,200,
09:35:00,62.20,200,
09:35:00,62.20,100,
09:35:00,62.20,200,
09:35:00,62.20,100,
09:35:01,62.20,200,
09:35:01,62.20,200,
09:35:01,62.20,400,
09:35:01,62.20,200,
09:35:02,62.19,100,
09:35:02,62.19,800,
09:35:02,62.19,100,
09:35:02,62.19,100,
09:35:02,62.20,100,
09:35:02,62.20,100,
09:35:02,62.20,300,
09:35:02,62.20,100,
09:35:02,62.20,200,
09:35:02,62.20,100,
09:35:02,62.20,100,
09:35:02,62.20,200,
09:35:02,62.20,400,
09:35:02,62.20,200,
09:35:02,62.19,1282,
09:35:06,62.18,100,
09:35:06,62.18,100,
09:35:07,62.17,100,
09:35:07,62.1699,100,
09:35:07,62.17,100,
09:35:07,62.17,300,
09:35:07,62.17,800,
09:35:08,62.17,100,
09:35:09,62.17,100,
09:35:09,62.17,100,
09:35:09,62.16,100,
09:35:09,62.16,200,
09:35:12,62.17,700,
09:35:12,62.17,200,
09:35:12,62.17,100,
09:35:12,62.17,500,
09:35:12,62.17,200,
09:35:13,62.16,100,
09:35:15,62.16,200,
09:35:16,62.16,500,
09:35:16,62.16,100,
09:35:17,62.16,100,
09:35:18,62.15,100,
09:35:19,62.15,100,
09:35:19,62.15,800,
09:35:20,62.15,100,
09:35:24,62.16,200,
09:35:24,62.16,100,
09:35:24,62.16,100,
09:35:24,62.16,100,
09:35:24,62.16,300,
09:35:25,62.16,100,
09:35:25,62.16,400,
09:35:25,62.16,800,
09:35:25,62.16,300,
09:35:25,62.16,400,
09:35:25,62.16,100,
09:35:25,62.15,500,
09:35:29,62.14,100,
09:35:29,62.14,200,
09:35:30,62.14,100,
09:35:30,62.14,400,
09:35:31,62.15,300,
09:35:31,62.15,100,
09:35:31,62.15,800,
09:35:31,62.14,100,
09:35:32,62.15,200,
09:35:33,62.15,200,
09:35:36,62.15,100,
09:35:37,62.16,100,
09:35:38,62.16,100,
09:35:38,62.16,100,
09:35:39,62.17,100,
09:35:39,62.17,100,
09:35:39,62.17,100,
09:35:39,62.17,200,
09:35:40,62.16,400,
09:35:40,62.16,200,
09:35:40,62.16,200,
09:35:41,62.16,100,
09:35:44,62.16,200,
09:35:45,62.17,400,
09:35:45,62.17,100,
09:35:45,62.17,700,
09:35:46,62.17,100,
09:35:46,62.16,1000,
09:35:46,62.16,200,
09:35:48,62.17,100,
09:35:48,62.17,200,
09:35:48,62.17,100,
09:35:48,62.17,200,
09:35:48,62.16,100,
09:35:51,62.16,200,
09:35:52,62.17,200,
09:35:54,62.18,100,
09:35:54,62.18,100,
09:35:55,62.19,1000,
09:35:55,62.17,100,
09:35:57,62.17,200,
09:35:58,62.17,200,
09:35:58,62.17,100,
09:35:59,62.17,100,
09:36:01,62.16,200,
09:36:02,62.17,100,
09:36:03,62.17,200,
09:36:04,62.16,200,
09:36:05,62.17,100,
09:36:05,62.17,800,
09:36:05,62.17,100,
09:36:05,62.17,100,
09:36:05,62.17,400,
09:36:05,62.17,200,
09:36:05,62.16,200,
09:36:05,62.16,800,
09:36:05,62.16,100,
09:36:05,62.16,200,
09:36:05,62.16,100,
09:36:06,62.16,400,
09:36:06,62.16,100,
09:36:06,62.16,200,
09:36:07,62.15,200,
09:36:08,62.16,300,
09:36:08,62.16,400,
09:36:08,62.16,100,
09:36:09,62.16,300,
09:36:10,62.15,100,
09:36:10,62.15,3100,
09:36:11,62.16,2000,
09:36:11,62.16,700,
09:36:11,62.15,100,
09:36:13,62.14,400,
09:36:13,62.14,100,
09:36:13,62.14,100,
09:36:13,62.14,200,
09:36:13,62.13,703,
09:36:13,62.13,600,
09:36:13,62.13,400,
09:36:13,62.13,200,
09:36:13,62.12,100,
09:36:13,62.115,1499,
09:36:13,62.12,1800,
09:36:13,62.12,600,
09:36:13,62.12,1500,
09:36:13,62.12,100,
09:36:13,62.13,1500,
09:36:13,62.13,400,
09:36:13,62.13,100,
09:36:14,62.13,100,
09:36:15,62.13,100,
09:36:15,62.13,100,
09:36:15,62.13,100,
09:36:15,62.13,200,
09:36:15,62.13,1500,
09:36:16,62.13,100,
09:36:16,62.13,100,
09:36:16,62.12,200,
09:36:17,62.13,1100,
09:36:18,62.13,200,
09:36:18,62.13,400,
09:36:18,62.13,200,
09:36:18,62.13,200,
09:36:19,62.12,100,
09:36:24,62.13,200,
09:36:24,62.13,200,
09:36:24,62.13,500,
09:36:24,62.13,100,
09:36:24,62.13,400,
09:36:25,62.13,200,
09:36:26,62.1343,250,
09:36:26,62.13,100,
09:36:27,62.12,200,
09:36:28,62.12,282,
09:36:28,62.12,200,
09:36:29,62.12,600,
09:36:29,62.12,2100,
09:36:29,62.1199,500,
09:36:31,62.13,100,
09:36:31,62.13,800,
09:36:31,62.13,800,
09:36:31,62.13,100,
09:36:32,62.14,100,
09:36:32,62.13,100,
09:36:32,62.13,200,
09:36:32,62.13,400,
09:36:32,62.13,200,
09:36:32,62.13,203,
09:36:32,62.13,100,
09:36:32,62.13,100,
09:36:32,62.13,200,
09:36:32,62.13,700,
09:36:32,62.1299,400,
09:36:32,62.14,400,
09:36:32,62.14,100,
09:36:32,62.14,500,
09:36:32,62.14,400,
09:36:32,62.14,100,
09:36:33,62.13,100,
09:36:33,62.13,100,
09:36:34,62.1301,2000,
09:36:34,62.13,100,
09:36:34,62.13,800,
09:36:34,62.13,100,
09:36:34,62.13,100,
09:36:36,62.13,200,
09:36:37,62.13,100,
09:36:37,62.12,300,
09:36:38,62.12,200,
09:36:40,62.129,100,
09:36:41,62.13,200,
09:36:41,62.13,200,
09:36:41,62.13,600,
09:36:41,62.13,100,
09:36:41,62.13,392,
09:36:42,62.13,200,
09:36:43,62.13,100,
09:36:44,62.14,100,
09:36:44,62.14,100,
09:36:46,62.14,200,
09:36:46,62.14,200,
09:36:47,62.15,100,
09:36:48,62.15,200,
09:36:49,62.15,200,
09:36:51,62.15,200,
09:36:52,62.15,100,
09:36:52,62.15,100,
09:36:54,62.16,200,
09:36:54,62.16,200,
09:36:56,62.16,100,
09:36:58,62.16,200,
09:37:01,62.16,100,
09:37:01,62.16,100,
09:37:01,62.16,100,
09:37:03,62.16,300,
09:37:03,62.16,100,
09:37:04,62.16,100,
09:37:05,62.16,200,
09:37:06,62.17,100,
09:37:06,62.16,200,
09:37:06,62.16,500,
09:37:08,62.16,200,
09:37:09,62.17,100,
09:37:09,62.16,100,
09:37:10,62.17,200,
09:37:10,62.17,400,
09:37:10,62.17,100,
09:37:10,62.17,200,
09:37:10,62.17,200,
09:37:11,62.18,200,
09:37:11,62.18,100,
09:37:11,62.18,200,
09:37:12,62.18,100,
09:37:12,62.17,100,
09:37:12,62.17,100,
09:37:12,62.17,300,
09:37:12,62.17,200,
09:37:13,62.17,100,
09:37:13,62.17,100,
09:37:14,62.17,200,
09:37:14,62.185,178,
09:37:14,62.18,700,
09:37:14,62.18,100,
09:37:16,62.18,200,
09:37:16,62.18,200,
09:37:18,62.18,200,
09:37:19,62.18,100,
09:37:21,62.17,200,
09:37:23,62.18,200,
09:37:23,62.1777,200,
09:37:23,62.1776,200,
09:37:23,62.1777,300,
09:37:23,62.1776,200,
09:37:23,62.1777,100,
09:37:23,62.1777,100,
09:37:23,62.18,100,
09:37:24,62.17,200,
09:37:26,62.17,100,
09:37:28,62.16,200,
09:37:28,62.16,200,
09:37:29,62.16,6000,
09:37:29,62.16,400,
09:37:29,62.16,800,
09:37:29,62.16,400,
09:37:29,62.15,400,
09:37:29,62.15,800,
09:37:29,62.15,100,
09:37:31,62.14,100,
09:37:31,62.14,100,
09:37:31,62.14,100,
09:37:31,62.14,700,
09:37:31,62.14,100,
09:37:31,62.14,100,
09:37:31,62.14,900,
09:37:31,62.14,575,
09:37:31,62.14,100,
09:37:31,62.14,538,
09:37:31,62.14,125,
09:37:32,62.15,100,
09:37:32,62.15,370,
09:37:32,62.15,200,
09:37:32,62.15,1100,
09:37:32,62.15,400,
09:37:32,62.15,570,
09:37:32,62.15,130,
09:37:32,62.1499,3400,
09:37:32,62.15,1800,
09:37:32,62.15,400,
09:37:32,62.15,100,
09:37:32,62.15,400,
09:37:32,62.15,400,
09:37:32,62.15,900,
09:37:32,62.16,300,
09:37:32,62.16,400,
09:37:32,62.16,600,
09:37:32,62.16,600,
09:37:32,62.16,800,
09:37:32,62.16,200,
09:37:32,62.16,100,
09:37:32,62.15,300,
09:37:32,62.15,100,
09:37:32,62.15,200,
09:37:32,62.15,200,
09:37:32,62.15,1900,
09:37:32,62.15,1100,
09:37:32,62.15,800,
09:37:32,62.15,400,
09:37:32,62.15,800,
09:37:32,62.15,200,
09:37:32,62.15,100,
09:37:32,62.15,474,
09:37:34,62.142,5000,
09:37:35,62.14,100,
09:37:36,62.14,200,
09:37:38,62.14,639,
09:37:38,62.14,800,
09:37:38,62.14,600,
09:37:39,62.14,161,
09:37:39,62.14,200,
09:37:41,62.14,496,
09:37:41,62.14,100,
09:37:42,62.14,200,
09:37:42,62.15,100,
09:37:43,62.14,900,
09:37:43,62.14,500,
09:37:43,62.14,100,
09:37:43,62.14,800,
09:37:43,62.14,1000,
09:37:43,62.14,800,
09:37:43,62.14,800,
09:37:43,62.14,561,
09:37:43,62.14,200,
09:37:43,62.14,400,
09:37:43,62.14,500,
09:37:43,62.14,400,
09:37:43,62.14,300,
09:37:43,62.13,1000,
09:37:43,62.135,100,
09:37:43,62.135,100,
09:37:43,62.13,200,
09:37:43,62.13,300,
09:37:43,62.13,300,
09:37:43,62.13,800,
09:37:43,62.13,400,
09:37:43,62.12,400,
09:37:43,62.12,2000,
09:37:43,62.12,3200,
09:37:43,62.12,1000,
09:37:43,62.125,200,
09:37:43,62.13,500,
09:37:43,62.121,600,
09:37:43,62.12,100,
09:37:43,62.12,100,
09:37:43,62.12,100,
09:37:43,62.12,700,
09:37:43,62.125,200,
09:37:43,62.12,300,
09:37:43,62.13,900,
09:37:43,62.12,100,
09:37:43,62.13,200,
09:37:43,62.13,800,
09:37:43,62.13,400,
09:37:43,62.13,300,
09:37:43,62.13,200,
09:37:43,62.13,100,
09:37:43,62.13,100,
09:37:43,62.13,100,
09:37:43,62.13,1600,
09:37:43,62.13,300,
09:37:43,62.13,600,
09:37:43,62.13,1300,
09:37:43,62.13,500,
09:37:43,62.13,200,
09:37:43,62.14,400,
09:37:43,62.12,400,
09:37:43,62.12,400,
09:37:43,62.12,700,
09:37:43,62.12,1600,
09:37:43,62.12,100,
09:37:43,62.12,400,
09:37:43,62.12,400,
09:37:43,62.13,400,
09:37:43,62.11,2000,
09:37:43,62.11,2000,
09:37:43,62.11,1000,
09:37:43,62.11,300,
09:37:43,62.11,400,
09:37:43,62.11,100,
09:37:43,62.11,400,
09:37:43,62.11,100,
09:37:43,62.11,400,
09:37:43,62.11,800,
09:37:43,62.11,200,
09:37:43,62.115,100,
09:37:43,62.11,300,
09:37:43,62.115,100,
09:37:43,62.115,100,
09:37:43,62.11,150,
09:37:43,62.11,100,
09:37:43,62.11,1200,
09:37:43,62.11,1600,
09:37:43,62.11,217,
09:37:43,62.11,200,
09:37:43,62.11,600,
09:37:43,62.12,200,
09:37:43,62.11,117,
09:37:43,62.11,1197,
09:37:43,62.11,167,
09:37:43,62.11,100,
09:37:43,62.11,1583,
09:37:43,62.11,1187,
09:37:43,62.11,183,
09:37:43,62.11,200,
09:37:43,62.11,117,
09:37:43,62.11,100,
09:37:43,62.12,400,
09:37:44,62.10,1941,
09:37:44,62.10,100,
09:37:44,62.10,559,
09:37:44,62.11,200,
09:37:44,62.11,600,
09:37:44,62.11,600,
09:37:44,62.10,100,
09:37:44,62.10,512,
09:37:44,62.10,100,
09:37:44,62.10,200,
09:37:44,62.10,1100,
09:37:44,62.10,1000,
09:37:44,62.10,200,
09:37:44,62.10,400,
09:37:44,62.10,1000,
09:37:44,62.10,100,
09:37:44,62.10,300,
09:37:44,62.10,200,
09:37:44,62.10,200,
09:37:44,62.10,400,
09:37:44,62.10,400,
09:37:44,62.10,200,
09:37:44,62.10,200,
09:37:44,62.10,200,
09:37:44,62.10,600,
09:37:44,62.10,800,
09:37:44,62.10,900,
09:37:44,62.10,100,
09:37:44,62.10,800,
09:37:44,62.10,100,
09:37:44,62.10,600,
09:37:44,62.10,200,
09:37:44,62.14,100,
09:37:44,62.122,700,
09:37:44,62.10,400,
09:37:45,62.10,100,
09:37:46,62.09,1600,
09:37:46,62.09,100,
09:37:47,62.0843,150,
09:37:47,62.085,200,
09:37:47,62.08,1213,
09:37:47,62.08,1501,
09:37:47,62.07,200,
09:37:48,62.07,1215,
09:37:48,62.07,2131,
09:37:49,62.08,300,
09:37:50,62.08,100,
09:37:50,62.08,100,
09:37:50,62.08,320,
09:37:50,62.08,101,
09:37:50,62.08,199,
09:37:50,62.08,180,
09:37:50,62.08,180,
09:37:50,62.08,200,
09:37:50,62.08,100,
09:37:50,62.08,1400,
09:37:52,62.06,200,
09:37:52,62.06,200,
09:37:53,62.06,100,
09:37:53,62.05,100,
09:37:53,62.0502,2500,
09:37:53,62.055,600,
09:37:53,62.0502,400,
09:37:53,62.051,6281,
09:37:53,62.05,1800,
09:37:53,62.05,400,
09:37:53,62.05,3000,
09:37:53,62.05,2400,
09:37:53,62.05,600,
09:37:53,62.04,200,
09:37:53,62.04,100,
09:37:53,62.04,100,
09:37:53,62.04,405,
09:37:53,62.04,100,
09:37:53,62.04,600,
09:37:53,62.03,557,
09:37:55,62.05,1000,
09:37:55,62.04,100,
09:37:56,62.04,200,
09:37:56,62.04,100,
09:37:57,62.04,200,
09:37:58,62.041,100,
09:37:59,62.04,400,
09:37:59,62.04,400,
09:37:59,62.04,200,
09:37:59,62.04,150,
09:37:59,62.04,900,
09:37:59,62.04,1300,
09:37:59,62.04,200,
09:37:59,62.04,1400,
09:37:59,62.04,900,
09:37:59,62.05,200,
09:37:59,62.05,200,
09:37:59,62.05,800,
09:37:59,62.04,150,
09:37:59,62.04,600,
09:37:59,62.04,200,
09:37:59,62.04,450,
09:37:59,62.04,900,
09:37:59,62.04,200,
09:37:59,62.04,200,
09:37:59,62.04,400,
09:37:59,62.04,800,
09:37:59,62.04,800,
09:37:59,62.04,200,
09:37:59,62.0401,100,
09:37:59,62.04,531,
09:37:59,62.04,100,
09:37:59,62.04,150,
09:37:59,62.04,100,
09:37:59,62.04,200,
09:37:59,62.04,167,
09:37:59,62.04,200,
09:37:59,62.05,200,
09:38:00,62.04,200,
09:38:00,62.04,400,
09:38:00,62.04,400,
09:38:00,62.04,600,
09:38:00,62.04,800,
09:38:00,62.04,1300,
09:38:00,62.04,200,
09:38:00,62.03,3000,
09:38:00,62.03,300,
09:38:00,62.03,100,
09:38:00,62.03,300,
09:38:00,62.03,1700,
09:38:00,62.035,100,
09:38:00,62.03,100,
09:38:00,62.03,100,
09:38:00,62.03,300,
09:38:00,62.03,200,
09:38:00,62.03,1600,
09:38:00,62.03,200,
09:38:00,62.03,500,
09:38:00,62.03,100,
09:38:00,62.03,100,
09:38:00,62.03,400,
09:38:00,62.03,500,
09:38:00,62.03,100,
09:38:00,62.03,200,
09:38:00,62.03,400,
09:38:00,62.03,800,
09:38:00,62.03,100,
09:38:00,62.03,2800,
09:38:00,62.03,200,
09:38:00,62.03,100,
09:38:00,62.03,100,
09:38:00,62.03,100,
09:38:00,62.02,400,
09:38:00,62.02,1000,
09:38:00,62.02,3200,
09:38:00,62.02,400,
09:38:00,62.02,100,
09:38:00,62.02,400,
09:38:00,62.02,100,
09:38:00,62.02,400,
09:38:00,62.02,110,
09:38:00,62.01,3200,
09:38:00,62.02,1000,
09:38:00,62.02,200,
09:38:00,62.01,800,
09:38:00,62.01,3400,
09:38:00,62.01,2200,
09:38:00,62.01,200,
09:38:00,62.01,100,
09:38:00,62.01,100,
09:38:00,62.01,100,
09:38:00,62.01,1400,
09:38:00,62.01,600,
09:38:00,62.01,2400,
09:38:00,62.01,100,
09:38:00,62,1100,
09:38:00,62,336,
09:38:00,62.01,600,
09:38:00,62.01,1000,
09:38:00,62.01,100,
09:38:00,62.01,500,
09:38:00,62.01,100,
09:38:00,62.01,252,
09:38:00,62.01,100,
09:38:00,62.01,100,
09:38:00,62.03,4100,
09:38:00,62.01,100,
09:38:00,62,100,
09:38:00,62.01,200,
09:38:01,62.01,200,
09:38:01,62.01,1100,
09:38:01,62.032,500,
09:38:01,62.02,300,
09:38:01,62.02,800,
09:38:01,62.02,700,
09:38:01,62.01,318,
09:38:02,62.02,1400,
09:38:02,62.02,100,
09:38:03,62.03,100,
09:38:03,62.02,800,
09:38:03,62.02,1440,
09:38:04,62.02,800,
09:38:04,62.02,600,
09:38:04,62.02,400,
09:38:04,62.02,200,
09:38:04,62.02,200,
09:38:04,62.02,600,
09:38:04,62.02,300,
09:38:04,62.02,2500,
09:38:04,62.02,400,
09:38:04,62.02,100,
09:38:04,62.02,500,
09:38:04,62.02,100,
09:38:04,62.02,600,
09:38:04,62.02,315,
09:38:04,62.02,300,
09:38:04,62.02,100,
09:38:04,62.02,400,
09:38:04,62.02,7181,
09:38:04,62.02,100,
09:38:04,62.02,800,
09:38:04,62.02,1000,
09:38:04,62.02,200,
09:38:04,62.02,500,
09:38:04,62.02,300,
09:38:04,62.02,3200,
09:38:04,62.02,300,
09:38:04,62.02,400,
09:38:04,62.02,400,
09:38:04,62.02,200,
09:38:04,62.02,300,
09:38:04,62.02,300,
09:38:04,62.02,300,
09:38:04,62.02,1300,
09:38:04,62.02,100,
09:38:04,62.02,300,
09:38:04,62.02,400,
09:38:04,62.02,500,
09:38:04,62.02,1100,
09:38:04,62.02,500,
09:38:04,62.02,100,
09:38:04,62.02,300,
09:38:04,62.02,300,
09:38:04,62.02,100,
09:38:04,62.02,500,
09:38:04,62.02,1200,
09:38:04,62.02,100,
09:38:04,62.02,200,
09:38:04,62.02,2300,
09:38:04,62.02,1630,
09:38:04,62.02,1700,
09:38:04,62.02,2200,
09:38:04,62.02,478,
09:38:04,62.02,4600,
09:38:04,62.02,300,
09:38:04,62.02,300,
09:38:04,62.02,300,
09:38:04,62.02,300,
09:38:04,62.02,200,
09:38:04,62.02,300,
09:38:04,62.02,200,
09:38:04,62.02,700,
09:38:04,62.02,100,
09:38:04,62.02,1200,
09:38:04,62.02,300,
09:38:04,62.02,300,
09:38:04,62.02,200,
09:38:04,62.02,2500,
09:38:04,62.02,800,
09:38:04,62.02,5600,
09:38:04,62.02,2500,
09:38:04,62.02,2400,
09:38:04,62.02,300,
09:38:04,62.02,100,
09:38:04,62.02,300,
09:38:04,62.02,100,
09:38:04,62.02,200,
09:38:04,62.02,300,
09:38:04,62.02,200,
09:38:04,62.02,800,
09:38:04,62.02,100,
09:38:04,62.02,300,
09:38:04,62.02,100,
09:38:04,62.03,300,
09:38:04,62.03,100,
09:38:04,62.035,100,
09:38:04,62.035,100,
09:38:04,62.0301,500,
09:38:04,62.0301,600,
09:38:04,62.0301,100,
09:38:04,62.03,100,
09:38:04,62.03,100,
09:38:05,62.03,800,
09:38:05,62.02,100,
09:38:05,62.03,100,
09:38:05,62.03,1600,
09:38:06,62.03,100,
09:38:06,62.03,600,
09:38:06,62.02,100,
09:38:06,62.02,100,
09:38:07,62.02,200,
09:38:08,62.02,100,
09:38:08,62.02,100,
09:38:08,62.02,600,
09:38:08,62.02,100,
09:38:09,62.02,1400,
09:38:09,62.02,400,
09:38:09,62.03,100,
09:38:09,62.03,100,
09:38:09,62.02,700,
09:38:09,62.02,400,
09:38:09,62.02,100,
09:38:10,62.03,100,
09:38:11,62.03,100,
09:38:12,62.04,400,
09:38:12,62.03,200,
09:38:12,62.03,100,
09:38:12,62.03,700,
09:38:12,62.03,1600,
09:38:14,62.0301,100,
09:38:14,62.03,100,
09:38:15,62.03,200,
09:38:16,62.03,300,
09:38:16,62.03,400,
09:38:17,62.03,200,
09:38:18,62.03,200,
09:38:18,62.03,300,
09:38:20,62.03,100,
09:38:20,62.038,4500,
09:38:20,62.03,500,
09:38:20,62.03,1000,
09:38:23,62.03,100,
09:38:23,62.03,200,
09:38:23,62.03,500,
09:38:23,62.03,200,
09:38:23,62.03,500,
09:38:23,62.03,200,
09:38:25,62.04,500,
09:38:25,62.04,400,
09:38:25,62.04,100,
09:38:25,62.04,100,
09:38:25,62.04,1700,
09:38:25,62.04,100,
09:38:25,62.04,600,
09:38:25,62.04,400,
09:38:25,62.04,100,
09:38:25,62.04,100,
09:38:27,62.03,100,
09:38:29,62.05,800,
09:38:29,62.05,500,
09:38:29,62.05,100,
09:38:29,62.05,200,
09:38:29,62.05,400,
09:38:29,62.05,100,
09:38:29,62.04,100,
09:38:30,62.05,500,
09:38:30,62.05,100,
09:38:30,62.0501,200,
09:38:30,62.05,200,
09:38:30,62.05,100,
09:38:31,62.05,200,
09:38:31,62.05,200,
09:38:31,62.05,200,
09:38:31,62.05,100,
09:38:32,62.05,300,
09:38:34,62.058,400,
09:38:34,62.06,100,
09:38:34,62.06,800,
09:38:35,62.06,100,
09:38:35,62.06,185,
09:38:35,62.06,300,
09:38:35,62.06,100,
09:38:35,62.06,200,
09:38:35,62.05,200,
09:38:37,62.06,200,
09:38:37,62.06,100,
09:38:37,62.06,100,
09:38:38,62.06,100,
09:38:38,62.06,100,
09:38:38,62.051,100,
09:38:38,62.06,100,
09:38:38,62.05,200,
09:38:39,62.06,500,
09:38:39,62.06,600,
09:38:39,62.06,100,
09:38:39,62.06,100,
09:38:39,62.06,100,
09:38:39,62.06,200,
09:38:40,62.06,100,
09:38:42,62.06,200,
09:38:43,62.06,200,
09:38:44,62.06,200,
09:38:44,62.06,100,
09:38:44,62.06,100,
09:38:45,62.06,200,
09:38:45,62.06,100,
09:38:46,62.07,200,
09:38:46,62.07,400,
09:38:46,62.07,100,
09:38:46,62.07,100,
09:38:46,62.07,500,
09:38:46,62.07,500,
09:38:47,62.06,100,
09:38:47,62.07,100,
09:38:48,62.0799,2000,
09:38:48,62.07,150,
09:38:48,62.07,100,
09:38:48,62.07,100,
09:38:49,62.0799,1000,
09:38:49,62.07,100,
09:38:51,62.07,150,
09:38:52,62.07,100,
09:38:52,62.07,400,
09:38:52,62.07,200,
09:38:52,62.07,1300,
09:38:52,62.07,3100,
09:38:52,62.07,300,
09:38:52,62.07,300,
09:38:52,62.07,400,
09:38:52,62.07,500,
09:38:52,62.07,700,
09:38:52,62.07,600,
09:38:52,62.07,500,
09:38:52,62.07,500,
09:38:53,62.07,1500,
09:38:53,62.06,900,
09:38:54,62.07,700,
09:38:54,62.07,200,
09:38:54,62.06,500,
09:38:54,62.06,100,
09:38:54,62.05,1000,
09:38:54,62.05,554,
09:38:54,62.07,500,
09:38:55,62.05,400,
09:38:55,62.05,800,
09:38:55,62.05,200,
09:38:55,62.05,400,
09:38:55,62.05,200,
09:38:56,62.05,300,
09:38:56,62.05,3100,
09:38:56,62.05,300,
09:38:57,62.05,100,
09:38:57,62.0499,200,
09:38:57,62.05,200,
09:38:57,62.0499,100,
09:38:57,62.0499,100,
09:38:57,62.05,100,
09:38:57,62.05,100,
09:38:57,62.04,200,
09:38:58,62.04,600,
09:38:58,62.04,200,
09:38:58,62.04,400,
09:38:58,62.0401,400,
09:38:59,62.0399,4900,
09:39:00,62.04,855,
09:39:00,62.04,800,
09:39:00,62.04,800,
09:39:00,62.04,400,
09:39:00,62.04,100,
09:39:00,62.04,1000,
09:39:00,62.04,800,
09:39:00,62.05,100,
09:39:00,62.05,100,
09:39:00,62.05,1000,
09:39:00,62.05,1000,
09:39:00,62.05,1000,
09:39:00,62.05,2400,
09:39:00,62.05,200,
09:39:00,62.05,100,
09:39:00,62.05,200,
09:39:00,62.045,100,
09:39:00,62.045,300,
09:39:00,62.05,400,
09:39:00,62.05,206,
09:39:00,62.05,100,
09:39:00,62.04,200,
09:39:01,62.0423,2000,
09:39:01,62.0401,500,
09:39:01,62.04,100,
09:39:01,62.0401,100,
09:39:01,62.04,100,
09:39:02,62.04,300,
09:39:02,62.04,100,
09:39:02,62.04,100,
09:39:02,62.04,800,
09:39:02,62.04,100,
09:39:04,62.0499,400,
09:39:04,62.045,400,
09:39:04,62.045,200,
09:39:04,62.05,800,
09:39:04,62.0499,1000,
09:39:04,62.0499,200,
09:39:04,62.0499,200,
09:39:04,62.05,400,
09:39:04,62.05,200,
09:39:04,62.0499,100,
09:39:04,62.0499,100,
09:39:04,62.05,100,
09:39:04,62.05,100,
09:39:04,62.04,200,
09:39:06,62.04,100,
09:39:07,62.05,100,
09:39:07,62.05,700,
09:39:07,62.05,500,
09:39:07,62.05,100,
09:39:08,62.05,200,
09:39:08,62.05,3000,
09:39:08,62.05,100,
09:39:08,62.05,200,
09:39:08,62.05,300,
09:39:08,62.05,400,
09:39:08,62.05,100,
09:39:09,62.04,100,
09:39:10,62.05,200,
09:39:12,62.05,200,
09:39:13,62.06,100,
09:39:13,62.06,300,
09:39:13,62.06,500,
09:39:13,62.06,600,
09:39:14,62.07,100,
09:39:14,62.07,100,
09:39:14,62.07,300,
09:39:14,62.08,2000,
09:39:14,62.07,200,
09:39:15,62.08,100,
09:39:15,62.08,600,
09:39:15,62.08,800,
09:39:15,62.08,700,
09:39:15,62.08,100,
09:39:15,62.08,100,
09:39:15,62.08,400,
09:39:15,62.08,400,
09:39:15,62.08,500,
09:39:15,62.08,600,
09:39:15,62.09,2600,
09:39:15,62.09,100,
09:39:15,62.09,400,
09:39:15,62.09,400,
09:39:15,62.09,100,
09:39:15,62.09,1300,
09:39:15,62.09,3800,
09:39:15,62.09,300,
09:39:15,62.09,100,
09:39:15,62.08,600,
09:39:15,62.10,400,
09:39:15,62.10,100,
09:39:16,62.09,400,
09:39:16,62.09,100,
09:39:16,62.09,200,
09:39:16,62.09,800,
09:39:16,62.09,200,
09:39:16,62.09,800,
09:39:16,62.09,400,
09:39:16,62.08,100,
09:39:17,62.08,200,
09:39:17,62.08,100,
09:39:17,62.08,200,
09:39:18,62.07,100,
09:39:19,62.08,100,
09:39:19,62.08,200,
09:39:19,62.08,1100,
09:39:21,62.08,400,
09:39:21,62.08,800,
09:39:21,62.075,3000,
09:39:22,62.07,300,
09:39:22,62.07,100,
09:39:22,62.07,100,
09:39:22,62.07,500,
09:39:22,62.07,1500,
09:39:23,62.07,100,
09:39:23,62.0622,500,
09:39:23,62.0687,100,
09:39:23,62.0687,100,
09:39:23,62.0686,100,
09:39:23,62.07,100,
09:39:23,62.07,100,
09:39:24,62.06,300,
09:39:24,62.07,101,
09:39:24,62.07,199,
09:39:24,62.07,500,
09:39:24,62.0699,100,
09:39:24,62.07,600,
09:39:24,62.07,1600,
09:39:24,62.07,100,
09:39:24,62.07,400,
09:39:24,62.07,800,
09:39:24,62.07,100,
09:39:24,62.06,200,
09:39:24,62.06,200,
09:39:24,62.06,400,
09:39:24,62.06,300,
09:39:24,62.06,100,
09:39:25,62.06,1500,
09:39:26,62.06,100,
09:39:26,62.06,1100,
09:39:27,62.06,200,
09:39:27,62.06,1400,
09:39:27,62.06,100,
09:39:27,62.06,100,
09:39:27,62.06,420,
09:39:27,62.06,400,
09:39:27,62.06,400,
09:39:27,62.06,1100,
09:39:27,62.06,500,
09:39:27,62.06,200,
09:39:27,62.0599,200,
09:39:27,62.0599,300,
09:39:27,62.06,200,
09:39:27,62.0599,200,
09:39:27,62.0599,100,
09:39:27,62.0599,200,
09:39:27,62.0599,100,
09:39:27,62.06,100,
09:39:28,62.05,200,
09:39:29,62.05,200,
09:39:31,62.04,1100,
09:39:32,62.049,1000,
09:39:32,62.04,2400,
09:39:32,62.04,3900,
09:39:32,62.04,1700,
09:39:32,62.04,300,
09:39:32,62.04,4900,
09:39:32,62.03,600,
09:39:32,62.03,2000,
09:39:32,62.03,1300,
09:39:32,62.03,400,
09:39:32,62.03,300,
09:39:32,62.03,400,
09:39:32,62.03,100,
09:39:32,62.03,200,
09:39:32,62.03,300,
09:39:32,62.03,200,
09:39:32,62.03,800,
09:39:32,62.03,700,
09:39:32,62.03,300,
09:39:32,62.03,1000,
09:39:32,62.03,800,
09:39:32,62.03,1100,
09:39:32,62.03,800,
09:39:32,62.03,3100,
09:39:32,62.03,1900,
09:39:32,62.03,200,
09:39:32,62.02,100,
09:39:32,62.02,100,
09:39:33,62.02,100,
09:39:33,62.02,400,
09:39:33,62.02,400,
09:39:33,62.02,959,
09:39:33,62.03,100,
09:39:33,62.03,200,
09:39:33,62.03,200,
09:39:33,62.03,200,
09:39:33,62.03,400,
09:39:35,62.04,200,
09:39:36,62.039,155,
09:39:37,62.039,3300,
09:39:37,62.03,500,
09:39:37,62.03,200,
09:39:37,62.03,500,
09:39:38,62.035,300,
09:39:38,62.04,180,
09:39:38,62.04,600,
09:39:38,62.04,400,
09:39:38,62.04,600,
09:39:38,62.04,100,
09:39:38,62.04,600,
09:39:38,62.04,600,
09:39:38,62.035,500,
09:39:38,62.04,2000,
09:39:38,62.04,100,
09:39:38,62.04,200,
09:39:38,62.04,200,
09:39:39,62.03,100,
09:39:40,62.03,2400,
09:39:40,62.03,100,
09:39:40,62.03,800,
09:39:40,62.03,400,
09:39:40,62.03,400,
09:39:40,62.03,700,
09:39:40,62.03,100,
09:39:40,62.03,200,
09:39:40,62.03,100,
09:39:40,62.03,1600,
09:39:40,62.025,3000,
09:39:40,62.025,400,
09:39:40,62.025,500,
09:39:40,62.025,800,
09:39:40,62.025,800,
09:39:40,62.025,600,
09:39:40,62.03,100,
09:39:40,62.03,1000,
09:39:40,62.04,700,
09:39:40,62.03,400,
09:39:40,62.03,200,
09:39:40,62.03,500,
09:39:40,62.03,800,
09:39:40,62.03,100,
09:39:40,62.03,2000,
09:39:40,62.03,200,
09:39:40,62.03,100,
09:39:40,62.03,300,
09:39:40,62.03,1000,
09:39:40,62.03,400,
09:39:40,62.03,800,
09:39:40,62.03,1300,
09:39:40,62.03,130,
09:39:40,62.03,800,
09:39:40,62.03,4000,
09:39:40,62.03,200,
09:39:40,62.03,900,
09:39:40,62.03,1500,
09:39:41,62.02,100,
09:39:41,62.02,400,
09:39:41,62.02,300,
09:39:41,62.02,3200,
09:39:41,62.02,800,
09:39:41,62.02,3300,
09:39:41,62.02,130,
09:39:41,62.02,200,
09:39:41,62.02,1452,
09:39:41,62.02,2470,
09:39:41,62.02,900,
09:39:41,62.02,400,
09:39:41,62.02,100,
09:39:41,62.0199,100,
09:39:41,62.0199,100,
09:39:41,62.0199,100,
09:39:41,62.02,400,
09:39:41,62.02,1200,
09:39:42,62.02,200,
09:39:47,62.02,560,
09:39:47,62.02,100,
09:39:48,62.02,2317,
09:39:49,62.02,1505,
09:39:49,62.03,2000,
09:39:49,62.02,4300,
09:39:49,62.02,400,
09:39:49,62.02,3100,
09:39:49,62.02,900,
09:39:49,62.02,900,
09:39:49,62.02,800,
09:39:49,62.02,6500,
09:39:49,62.02,100,
09:39:49,62.02,200,
09:39:49,62.02,4000,
09:39:50,62.02,600,
09:39:50,62.02,300,
09:39:55,62.03,500,
09:39:56,62.03,100,
09:39:56,62.03,100,
09:39:56,62.03,400,
09:39:56,62.03,100,
09:39:56,62.03,100,
09:39:56,62.03,100,
09:39:56,62.03,400,
09:39:56,62.03,100,
09:39:56,62.03,500,
09:39:56,62.03,500,
09:39:56,62.03,500,
09:39:56,62.03,400,
09:39:56,62.03,200,
09:39:56,62.03,400,
09:39:56,62.03,500,
09:39:56,62.03,400,
09:39:56,62.03,800,
09:39:56,62.03,100,
09:39:56,62.03,1500,
09:39:56,62.03,450,
09:39:56,62.03,400,
09:39:56,62.03,300,
09:39:56,62.03,100,
09:39:57,62.03,400,
09:39:57,62.03,100,
09:39:57,62.0299,200,
09:39:58,62.039,3000,
09:39:58,62.035,100,
09:39:58,62.035,100,
09:39:58,62.04,200,
09:39:58,62.04,100,
09:39:58,62.04,100,
09:39:58,62.04,100,
09:39:58,62.04,200,
09:39:58,62.04,300,
09:39:59,62.04,600,
09:40:00,62.03,100,
09:40:00,62.03,100,
09:40:00,62.02,1700,
09:40:00,62.02,100,
09:40:00,62.02,1178,
09:40:00,62.01,100,
09:40:00,62.01,1504,
09:40:01,62,400,
09:40:01,62,400,
09:40:01,62,200,
09:40:01,62,164,
09:40:01,62,3200,
09:40:01,62,100,
09:40:01,62,261,
09:40:01,62,100,
09:40:01,61.99,466,
09:40:01,61.98,1815,
09:40:02,62.04,500,
09:40:02,61.99,300,
09:40:02,61.98,100,
09:40:02,61.98,200,
09:40:02,61.98,400,
09:40:02,61.98,300,
09:40:02,61.98,100,
09:40:02,61.99,900,
09:40:02,61.98,767,
09:40:03,61.98,200,
09:40:04,61.98,200,
09:40:05,61.98,800,
09:40:05,61.98,100,
09:40:06,61.97,100,
09:40:06,61.97,300,
09:40:06,61.9701,300,
09:40:06,61.97,100,
09:40:06,61.96,100,
09:40:06,61.9601,100,
09:40:06,61.96,800,
09:40:06,61.96,310,
09:40:06,61.96,1300,
09:40:06,61.95,300,
09:40:07,61.9501,1000,
09:40:08,61.95,300,
09:40:08,61.95,700,
09:40:08,61.95,200,
09:40:08,61.95,300,
09:40:09,61.9448,100,
09:40:10,61.95,760,
09:40:10,61.95,3700,
09:40:10,61.95,100,
09:40:10,61.95,1500,
09:40:10,61.95,100,
09:40:10,61.95,300,
09:40:10,61.96,100,
09:40:10,61.96,800,
09:40:10,61.96,100,
09:40:10,61.96,100,
09:40:10,61.96,1200,
09:40:10,61.96,200,
09:40:10,61.96,1600,
09:40:10,61.96,300,
09:40:10,61.96,100,
09:40:10,61.96,100,
09:40:11,61.96,100,
09:40:11,61.96,1800,
09:40:11,61.96,100,
09:40:11,61.95,2600,
09:40:11,61.95,500,
09:40:11,61.95,100,
09:40:12,61.96,800,
09:40:12,61.96,400,
09:40:12,61.96,800,
09:40:12,61.96,500,
09:40:12,61.96,100,
09:40:13,61.9601,200,
09:40:14,61.96,100,
09:40:14,61.96,1000,
09:40:14,61.9586,100,
09:40:15,61.96,100,
09:40:15,61.95,400,
09:40:15,61.95,600,
09:40:15,61.95,700,
09:40:15,61.95,100,
09:40:15,61.95,700,
09:40:15,61.95,100,
09:40:15,61.95,100,
09:40:15,61.96,100,
09:40:17,61.96,200,
09:40:18,61.95,100,
09:40:19,61.96,100,
09:40:19,61.96,500,
09:40:19,61.96,100,
09:40:19,61.9599,100,
09:40:19,61.96,200,
09:40:19,61.96,2400,
09:40:19,61.96,400,
09:40:19,61.96,2018,
09:40:19,61.96,118,
09:40:21,61.97,299,
09:40:21,61.97,200,
09:40:21,61.97,100,
09:40:21,61.97,200,
09:40:21,61.98,100,
09:40:21,61.98,800,
09:40:21,61.98,100,
09:40:23,61.97,800,
09:40:23,61.97,800,
09:40:23,61.97,349,
09:40:24,61.96,100,
09:40:24,61.96,100,
09:40:26,61.96,1600,
09:40:27,61.9693,200,
09:40:30,61.96,100,
09:40:31,61.96,100,
09:40:31,61.96,300,
09:40:31,61.97,100,
09:40:31,61.97,100,
09:40:31,61.97,100,
09:40:32,61.96,100,
09:40:32,61.96,300,
09:40:32,61.96,100,
09:40:32,61.96,100,
09:40:32,61.96,200,
09:40:33,61.96,100,
09:40:33,61.96,100,
09:40:33,61.97,600,
09:40:33,61.955,200,
09:40:36,61.96,200,
09:40:36,61.96,900,
09:40:36,61.96,700,
09:40:36,61.96,700,
09:40:36,61.96,100,
09:40:36,61.96,100,
09:40:36,61.97,100,
09:40:36,61.9609,1300,
09:40:38,61.9699,5000,
09:40:39,61.96,100,
09:40:40,61.97,1500,
09:40:42,61.96,200,
09:40:43,61.97,500,
09:40:43,61.97,400,
09:40:43,61.97,500,
09:40:43,61.97,300,
09:40:43,61.97,100,
09:40:44,61.98,300,
09:40:44,61.98,128,
09:40:45,61.98,100,
09:40:46,61.99,300,
09:40:48,61.99,100,
09:40:49,61.99,400,
09:40:50,61.99,200,
09:40:50,61.99,400,
09:40:50,61.99,100,
09:40:50,61.9899,200,
09:40:50,61.99,100,
09:40:50,61.99,600,
09:40:50,61.99,300,
09:40:50,61.99,300,
09:40:50,62,100,
09:40:50,62,400,
09:40:50,62,800,
09:40:50,62,600,
09:40:50,62,700,
09:40:50,62,1000,
09:40:50,62,600,
09:40:50,62,100,
09:40:50,62,1700,
09:40:50,62,400,
09:40:50,62,700,
09:40:50,62,300,
09:40:50,62,100,
09:40:50,62,100,
09:40:50,62,200,
09:40:51,61.99,100,
09:40:52,61.99,100,
09:40:52,62,100,
09:40:52,62,100,
09:40:52,61.981,250,
09:40:53,62,100,
09:40:54,61.99,100,
09:40:56,62,800,
09:40:57,62,900,
09:40:57,62,100,
09:40:57,62,800,
09:40:57,62,800,
09:40:57,62,100,
09:40:57,62,500,
09:40:57,62,500,
09:40:57,62,200,
09:40:58,62.01,200,
09:40:58,62.01,100,
09:40:58,62.01,300,
09:40:58,62.01,200,
09:40:58,62.01,100,
09:40:58,62.02,200,
09:40:59,62.01,800,
09:40:59,62.01,100,
09:41:00,62,100,
09:41:03,62,200,
09:41:03,62.01,1100,
09:41:03,62.01,100,
09:41:03,62.01,100,
09:41:03,62.01,200,
09:41:03,62.01,400,
09:41:03,62.01,200,
09:41:03,62.01,900,
09:41:03,62.01,200,
09:41:03,62.01,160,
09:41:03,62.01,400,
09:41:03,62.01,140,
09:41:03,62.02,100,
09:41:03,62.02,500,
09:41:03,62.02,800,
09:41:03,62.02,100,
09:41:03,62.02,200,
09:41:03,62.02,100,
09:41:03,62.02,100,
09:41:03,62.02,300,
09:41:03,62.02,155,
09:41:03,62.02,400,
09:41:04,62.02,100,
09:41:04,62.03,500,
09:41:04,62.03,200,
09:41:04,62.03,400,
09:41:04,62.03,300,
09:41:04,62.03,100,
09:41:04,62.03,100,
09:41:04,62.03,100,
09:41:04,62.03,300,
09:41:06,62.02,100,
09:41:08,62.02,360,
09:41:08,62.0203,600,
09:41:08,62.01,800,
09:41:08,62.01,800,
09:41:08,62.0104,100,
09:41:08,62.015,100,
09:41:08,62.02,800,
09:41:08,62,778,
09:41:08,62,600,
09:41:10,62.0077,1000,
09:41:10,62.01,100,
09:41:10,62.01,300,
09:41:10,62.01,1000,
09:41:10,62.01,100,
09:41:10,62.01,400,
09:41:10,62.01,384,
09:41:10,62.01,1000,
09:41:10,62.01,100,
09:41:11,62,178,
09:41:15,61.99,200,
09:41:18,61.98,422,
09:41:18,61.98,100,
09:41:18,61.98,100,
09:41:18,61.98,100,
09:41:18,61.98,300,
09:41:18,61.97,100,
09:41:19,61.97,200,
09:41:21,61.9716,145,
09:41:22,61.98,800,
09:41:22,61.98,100,
09:41:22,61.98,500,
09:41:22,61.98,300,
09:41:22,61.98,600,
09:41:23,61.98,1492,
09:41:24,61.98,200,
09:41:24,61.98,100,
09:41:24,61.97,100,
09:41:24,61.97,200,
09:41:24,61.97,200,
09:41:24,61.98,100,
09:41:25,61.9699,100,
09:41:26,61.96,899,
09:41:26,61.96,200,
09:41:26,61.96,302,
09:41:26,61.96,1101,
09:41:26,61.96,308,
09:41:26,61.96,100,
09:41:27,61.97,100,
09:41:27,61.97,500,
09:41:27,61.97,100,
09:41:27,61.97,100,
09:41:27,61.97,1303,
09:41:27,61.97,1503,
09:41:28,61.97,100,
09:41:28,61.97,603,
09:41:28,61.97,700,
09:41:30,61.97,700,
09:41:30,61.98,100,
09:41:30,61.98,100,
09:41:30,61.97,100,
09:41:31,61.98,100,
09:41:31,61.9801,100,
09:41:31,61.98,200,
09:41:31,61.98,200,
09:41:31,61.9801,100,
09:41:31,61.98,100,
09:41:31,61.9801,100,
09:41:31,61.9801,100,
09:41:31,61.98,100,
09:41:33,61.98,100,
09:41:34,61.9714,160,
09:41:34,61.97,200,
09:41:35,61.97,100,
09:41:35,61.97,300,
09:41:35,61.97,300,
09:41:35,61.97,400,
09:41:35,61.97,800,
09:41:35,61.97,100,
09:41:35,61.97,100,
09:41:35,61.97,800,
09:41:37,61.97,200,
09:41:40,61.97,200,
09:41:42,61.98,300,
09:41:42,61.98,100,
09:41:42,61.98,300,
09:41:42,61.98,100,
09:41:42,61.98,1700,
09:41:42,61.98,400,
09:41:42,61.98,200,
09:41:42,61.98,100,
09:41:42,61.97,100,
09:41:44,61.99,400,
09:41:44,61.99,100,
09:41:44,61.99,100,
09:41:45,61.99,600,
09:41:46,62,200,
09:41:46,62,100,
09:41:46,62,600,
09:41:46,62,500,
09:41:46,62,500,
09:41:46,62,600,
09:41:46,62,100,
09:41:46,62,400,
09:41:46,62,100,
09:41:46,62,500,
09:41:46,62,100,
09:41:46,62,700,
09:41:46,62,100,
09:41:46,62,100,
09:41:47,61.99,300,
09:41:48,61.99,100,
09:41:49,61.99,100,
09:41:49,61.99,1000,
09:41:49,61.99,100,
09:41:49,62,100,
09:41:54,61.99,300,
09:41:54,61.99,100,
09:41:55,62,200,
09:41:55,62,300,
09:41:55,62,800,
09:41:55,62,500,
09:41:55,62,300,
09:41:55,62,100,
09:41:55,62,500,
09:41:55,62,100,
09:41:55,62,400,
09:41:55,62,187,
09:41:55,62,100,
09:41:56,62,1600,
09:41:56,61.9999,100,
09:41:57,62,1000,
09:41:57,62,200,
09:41:57,62,100,
09:42:00,62,155,
09:42:01,62.01,500,
09:42:01,62.01,100,
09:42:01,62.01,100,
09:42:03,62.01,300,
09:42:03,62.01,100,
09:42:04,62,100,
09:42:06,62.0099,500,
09:42:07,62.009,1000,
09:42:09,62,200,
09:42:09,62.0001,200,
09:42:09,62,100,
09:42:09,62,100,
09:42:09,61.99,100,
09:42:09,61.99,100,
09:42:09,61.99,700,
09:42:11,61.98,100,
09:42:13,61.99,1900,
09:42:13,61.99,300,
09:42:13,61.99,100,
09:42:13,61.99,200,
09:42:13,61.99,500,
09:42:14,61.98,100,
09:42:15,62,400,
09:42:15,62,100,
09:42:16,62,500,
09:42:17,62,200,
09:42:20,62,200,
09:42:22,62.01,100,
09:42:23,62.01,300,
09:42:23,62.01,300,
09:42:23,62.01,1100,
09:42:23,62.01,700,
09:42:23,62.01,100,
09:42:23,62.01,300,
09:42:23,62.02,100,
09:42:23,62.0199,500,
09:42:23,62.025,100,
09:42:25,62.02,299,
09:42:26,62.01,105,
09:42:26,62.02,100,
09:42:26,62.02,100,
09:42:27,62.02,400,
09:42:27,62.025,100,
09:42:29,62.02,100,
09:42:31,62.02,200,
09:42:37,62.02,200,
09:42:37,62.02,500,
09:42:37,62.02,200,
09:42:37,62.02,100,
09:42:37,62.02,400,
09:42:38,62.0201,200,
09:42:39,62.0299,100,
09:42:39,62.03,100,
09:42:39,62.03,100,
09:42:39,62.03,500,
09:42:39,62.03,1600,
09:42:39,62.0215,208,
09:42:39,62.03,100,
09:42:40,62.03,200,
09:42:42,62.03,200,
09:42:42,62.03,500,
09:42:42,62.03,101,
09:42:42,62.03,499,
09:42:44,62.035,200,
09:42:47,62.03,100,
09:42:47,62.035,100,
09:42:48,62.04,400,
09:42:48,62.04,600,
09:42:49,62.04,100,
09:42:49,62.04,500,
09:42:49,62.04,200,
09:42:49,62.04,400,
09:42:49,62.04,400,
09:42:50,62.05,800,
09:42:50,62.05,800,
09:42:50,62.05,1000,
09:42:50,62.05,300,
09:42:50,62.05,400,
09:42:50,62.05,300,
09:42:50,62.05,100,
09:42:50,62.05,800,
09:42:50,62.0501,200,
09:42:50,62.06,400,
09:42:50,62.06,100,
09:42:50,62.05,100,
09:42:50,62.0599,100,
09:42:51,62.06,200,
09:42:52,62.055,100,
09:42:52,62.05,100,
09:42:53,62.05,100,
09:42:53,62.055,100,
09:42:54,62.05,100,
09:42:54,62.06,300,
09:42:55,62.06,4100,
09:42:55,62.06,100,
09:42:56,62.055,200,
09:42:57,62.06,100,
09:42:57,62.06,500,
09:42:57,62.06,400,
09:42:57,62.07,400,
09:42:57,62.07,500,
09:42:57,62.05,100,
09:42:58,62.06,200,
09:42:58,62.06,200,
09:42:58,62.06,200,
09:42:58,62.05,100,
09:43:01,62.05,100,
09:43:04,62.05,100,
09:43:05,62.055,100,
09:43:05,62.05,100,
09:43:05,62.05,200,
09:43:06,62.05,200,
09:43:06,62.05,600,
09:43:06,62.04,100,
09:43:07,62.04,800,
09:43:07,62.04,100,
09:43:07,62.04,100,
09:43:08,62.03,100,
09:43:09,62.03,200,
09:43:11,62.04,100,
09:43:11,62.04,300,
09:43:11,62.04,100,
09:43:11,62.04,300,
09:43:11,62.04,500,
09:43:11,62.04,600,
09:43:11,62.04,200,
09:43:11,62.04,400,
09:43:11,62.04,600,
09:43:11,62.04,500,
09:43:11,62.04,500,
09:43:11,62.04,100,
09:43:12,62.045,200,
09:43:15,62.04,200,
09:43:16,62.04,200,
09:43:17,62.04,400,
09:43:17,62.04,100,
09:43:18,62.04,100,
09:43:18,62.04,100,
09:43:18,62.04,100,
09:43:18,62.04,100,
09:43:18,62.04,200,
09:43:19,62.04,800,
09:43:19,62.04,200,
09:43:19,62.04,100,
09:43:20,62.04,100,
09:43:20,62.04,200,
09:43:20,62.04,200,
09:43:20,62.04,100,
09:43:20,62.04,700,
09:43:20,62.04,200,
09:43:20,62.04,800,
09:43:20,62.04,100,
09:43:20,62.04,800,
09:43:20,62.04,100,
09:43:21,62.03,100,
09:43:22,62.04,800,
09:43:22,62.04,1600,
09:43:22,62.04,100,
09:43:22,62.04,100,
09:43:23,62.04,100,
09:43:23,62.04,100,
09:43:24,62.045,200,
09:43:25,62.05,400,
09:43:25,62.05,100,
09:43:25,62.05,100,
09:43:25,62.05,400,
09:43:25,62.05,100,
09:43:25,62.06,100,
09:43:25,62.06,2900,
09:43:25,62.06,2100,
09:43:25,62.06,700,
09:43:25,62.06,200,
09:43:25,62.05,900,
09:43:25,62.0499,2000,
09:43:25,62.06,100,
09:43:25,62.06,100,
09:43:25,62.06,100,
09:43:25,62.06,400,
09:43:25,62.06,200,
09:43:25,62.05,500,
09:43:25,62.05,300,
09:43:25,62.05,250,
09:43:25,62.06,1600,
09:43:25,62.05,300,
09:43:25,62.06,300,
09:43:25,62.06,100,
09:43:26,62.031,1600,
09:43:26,62.06,500,
09:43:26,62.06,100,
09:43:27,62.06,100,
09:43:27,62.06,100,
09:43:27,62.06,100,
09:43:28,62.06,1600,
09:43:30,62.07,400,
09:43:30,62.07,300,
09:43:30,62.07,100,
09:43:30,62.07,200,
09:43:31,62.08,300,
09:43:33,62.07,100,
09:43:34,62.08,200,
09:43:34,62.08,400,
09:43:34,62.08,300,
09:43:35,62.09,100,
09:43:35,62.09,400,
09:43:35,62.09,200,
09:43:36,62.09,200,
09:43:36,62.09,200,
09:43:37,62.09,500,
09:43:37,62.09,100,
09:43:37,62.09,100,
09:43:37,62.095,100,
09:43:37,62.09,100,
09:43:37,62.09,100,
09:43:37,62.095,100,
09:43:39,62.085,200,
09:43:44,62.09,100,
09:43:44,62.09,800,
09:43:45,62.09,500,
09:43:45,62.09,400,
09:43:45,62.09,500,
09:43:45,62.09,500,
09:43:45,62.09,700,
09:43:45,62.09,300,
09:43:45,62.09,500,
09:43:47,62.10,100,
09:43:47,62.10,300,
09:43:47,62.10,200,
09:43:48,62.10,100,
09:43:48,62.11,200,
09:43:48,62.11,400,
09:43:48,62.11,100,
09:43:48,62.11,800,
09:43:48,62.11,400,
09:43:51,62.10,100,
09:43:53,62.10,100,
09:43:53,62.10,400,
09:43:53,62.10,800,
09:43:53,62.10,200,
09:43:53,62.1001,2302,
09:43:54,62.10,205,
09:43:54,62.10,800,
09:43:54,62.10,400,
09:43:55,62.10,100,
09:43:55,62.105,200,
09:43:55,62.105,100,
09:43:56,62.09,100,
09:43:56,62.09,100,
09:43:56,62.09,100,
09:43:56,62.09,100,
09:43:56,62.08,2000,
09:43:56,62.08,200,
09:43:56,62.08,100,
09:43:56,62.07,420,
09:43:56,62.07,100,
09:43:57,62.0799,4000,
09:43:58,62.08,100,
09:43:58,62.09,300,
09:43:58,62.09,900,
09:43:58,62.09,200,
09:43:59,62.10,200,
09:43:59,62.09,100,
09:43:59,62.09,100,
09:43:59,62.09,100,
09:44:00,62.09,200,
09:44:00,62.10,100,
09:44:01,62.10,100,
09:44:01,62.10,300,
09:44:01,62.10,200,
09:44:02,62.10,100,
09:44:02,62.10,100,
09:44:04,62.09,100,
09:44:05,62.09,13800,
09:44:05,62.09,800,
09:44:05,62.09,200,
09:44:05,62.09,800,
09:44:05,62.09,100,
09:44:05,62.09,200,
09:44:05,62.09,800,
09:44:05,62.10,2000,
09:44:05,62.10,6600,
09:44:05,62.10,100,
09:44:05,62.10,200,
09:44:05,62.10,180,
09:44:05,62.10,100,
09:44:05,62.10,100,
09:44:05,62.10,800,
09:44:05,62.10,200,
09:44:05,62.09,800,
09:44:07,62.095,200,
09:44:08,62.09,200,
09:44:08,62.09,200,
09:44:08,62.095,100,
09:44:08,62.0814,165,
09:44:10,62.08,200,
09:44:13,62.08,100,
09:44:13,62.089,500,
09:44:16,62.08,100,
09:44:16,62.08,100,
09:44:16,62.08,200,
09:44:19,62.08,200,
09:44:20,62.08,300,
09:44:20,62.07,200,
09:44:20,62.07,100,
09:44:20,62.07,400,
09:44:20,62.07,300,
09:44:20,62.07,400,
09:44:20,62.07,100,
09:44:20,62.07,120,
09:44:20,62.07,400,
09:44:20,62.07,100,
09:44:20,62.07,1200,
09:44:20,62.07,500,
09:44:21,62.06,100,
09:44:23,62.06,500,
09:44:23,62.06,200,
09:44:24,62.06,100,
09:44:27,62.06,100,
09:44:29,62.06,100,
09:44:29,62.06,3800,
09:44:29,62.06,300,
09:44:29,62.06,400,
09:44:29,62.06,3925,
09:44:33,62.06,100,
09:44:34,62.06,100,
09:44:34,62.06,400,
09:44:35,62.069,800,
09:44:35,62.05,100,
09:44:35,62.05,100,
09:44:35,62.04,100,
09:44:35,62.04,100,
09:44:35,62.04,100,
09:44:35,62.04,100,
09:44:35,62.04,200,
09:44:35,62.04,100,
09:44:35,62.04,400,
09:44:35,62.04,100,
09:44:35,62.04,100,
09:44:36,62.03,800,
09:44:36,62.031,5000,
09:44:36,62.04,300,
09:44:36,62.04,100,
09:44:37,62.031,300,
09:44:37,62.031,200,
09:44:38,62.03,200,
09:44:40,62.0301,200,
09:44:41,62.03,100,
09:44:43,62.03,200,
09:44:43,62.031,400,
09:44:43,62.031,200,
09:44:45,62.04,300,
09:44:45,62.04,380,
09:44:45,62.04,300,
09:44:46,62.03,200,
09:44:49,62.03,890,
09:44:49,62.03,100,
09:44:49,62.03,100,
09:44:51,62.03,100,
09:44:51,62.03,200,
09:44:51,62.03,300,
09:44:51,62.03,600,
09:44:52,62.03,100,
09:44:55,62.04,100,
09:44:55,62.04,400,
09:44:55,62.04,100,
09:44:55,62.04,200,
09:44:55,62.04,100,
09:44:55,62.04,200,
09:44:57,62.04,100,
09:44:59,62.03,100,
09:44:59,62.03,100,
09:44:59,62.03,100,
09:44:59,62.03,600,
09:44:59,62.03,100,
09:44:59,62.03,100,
09:44:59,62.03,100,
09:44:59,62.03,3300,
09:45:00,62.0201,1000,
09:45:00,62.02,100,
09:45:00,62.02,441,
09:45:01,62.02,400,
09:45:01,62.02,100,
09:45:01,62.02,2000,
09:45:01,62.02,541,
09:45:01,62.01,800,
09:45:01,62.01,600,
09:45:01,62.01,1424,
09:45:01,62.01,576,
09:45:01,62.01,200,
09:45:02,62,1520,
09:45:02,62,200,
09:45:03,62,280,
09:45:03,62.01,100,
09:45:03,62.01,300,
09:45:03,62.01,600,
09:45:03,62.01,500,
09:45:03,62.01,800,
09:45:04,62.01,200,
09:45:04,62.01,100,
09:45:04,62.0101,200,
09:45:05,62,100,
09:45:07,62.01,100,
09:45:07,62.01,100,
09:45:07,62,200,
09:45:07,62,300,
09:45:08,62.01,100,
09:45:08,62,247,
09:45:08,62,2000,
09:45:08,62.01,100,
09:45:08,62.01,300,
09:45:08,62.01,100,
09:45:09,62,100,
09:45:10,62,1300,
09:45:10,62,100,
09:45:11,62,100,
09:45:11,62,1100,
09:45:11,62,1400,
09:45:12,62.0001,400,
09:45:14,62.01,300,
09:45:14,62.01,100,
09:45:14,62.0099,200,
09:45:14,62.0099,100,
09:45:17,62.02,300,
09:45:17,62.02,700,
09:45:17,62.02,100,
09:45:18,62.01,100,
09:45:21,62.03,600,
09:45:21,62.03,400,
09:45:23,62.03,100,
09:45:27,62.04,100,
09:45:27,62.04,100,
09:45:28,62.04,200,
09:45:28,62.04,600,
09:45:28,62.04,500,
09:45:32,62.04,1800,
09:45:32,62.04,100,
09:45:32,62.0401,2000,
09:45:36,62.04,600,
09:45:36,62.04,100,
09:45:36,62.04,200,
09:45:36,62.04,100,
09:45:36,62.04,434,
09:45:36,62.04,434,
09:45:36,62.04,1000,
09:45:37,62.0401,600,
09:45:45,62.04,2000,
09:45:46,62.03,100,
09:45:46,62.03,100,
09:45:46,62.03,1700,
09:45:48,62.03,800,
09:45:48,62.03,800,
09:45:48,62.03,166,
09:45:48,62.03,1034,
09:45:48,62.03,400,
09:45:48,62.03,100,
09:45:48,62.03,900,
09:45:48,62.03,200,
09:45:48,62.03,100,
09:45:55,62.03,4900,
09:45:55,62.03,300,
09:45:55,62.03,200,
09:45:57,62.03,1400,
09:45:57,62.03,500,
09:45:57,62.03,800,
09:45:57,62.03,300,
09:45:58,62.03,100,
09:46:01,62.03,200,
09:46:05,62.03,300,
09:46:07,62.03,1100,
09:46:07,62.03,800,
09:46:07,62.03,800,
09:46:07,62.03,500,
09:46:07,62.03,400,
09:46:07,62.03,500,
09:46:10,62.04,1000,
09:46:10,62.04,100,
09:46:10,62.0399,1200,
09:46:11,62.04,200,
09:46:11,62.04,366,
09:46:11,62.04,400,
09:46:11,62.04,466,
09:46:12,62.04,100,
09:46:12,62.04,100,
09:46:12,62.04,200,
09:46:12,62.04,700,
09:46:13,62.04,100,
09:46:13,62.04,100,
09:46:14,62.04,200,
09:46:15,62.04,300,
09:46:15,62.04,100,
09:46:15,62.04,300,
09:46:32,62.03,1400,
09:46:32,62.03,600,
09:46:35,62.03,400,
09:46:36,62.0277,2000,
09:46:39,62.03,100,
09:46:39,62.03,400,
09:46:42,62.02,300,
09:46:42,62.02,100,
09:46:42,62.02,700,
09:46:42,62.02,1800,
09:46:42,62.02,2900,
09:46:42,62.02,100,
09:46:45,62.03,800,
09:46:45,62.03,800,
09:46:45,62.03,400,
09:46:47,62.03,2000,
09:46:47,62.03,800,
09:46:47,62.03,100,
09:46:47,62.03,100,
09:46:48,62.03,500,
09:46:48,62.03,400,
09:46:48,62.03,200,
09:46:49,62.04,100,
09:46:49,62.04,400,
09:46:49,62.04,100,
09:46:50,62.04,400,
09:46:50,62.04,3400,
09:46:50,62.05,100,
09:46:50,62.05,100,
09:46:50,62.05,600,
09:46:50,62.04,100,
09:46:51,62.05,200,
09:46:51,62.05,800,
09:46:51,62.05,100,
09:46:51,62.05,200,
09:46:51,62.05,700,
09:46:51,62.05,100,
09:46:51,62.06,300,
09:46:52,62.06,800,
09:46:52,62.05,200,
09:46:52,62.05,100,
09:46:53,62.05,100,
09:46:57,62.06,100,
09:46:57,62.055,100,
09:47:00,62.0509,1613,
09:47:05,62.06,500,
09:47:05,62.06,400,
09:47:05,62.06,400,
09:47:05,62.06,500,
09:47:05,62.06,400,
09:47:05,62.06,100,
09:47:07,62.07,400,
09:47:07,62.07,100,
09:47:08,62.069,1000,
09:47:13,62.08,500,
09:47:13,62.08,400,
09:47:13,62.08,100,
09:47:13,62.08,100,
09:47:13,62.08,400,
09:47:13,62.08,100,
09:47:15,62.08,200,
09:47:15,62.08,100,
09:47:18,62.07,533,
09:47:18,62.07,100,
09:47:18,62.07,300,
09:47:18,62.07,167,
09:47:18,62.06,933,
09:47:18,62.06,2000,
09:47:18,62.06,100,
09:47:18,62.06,173,
09:47:18,62.06,600,
09:47:18,62.06,1094,
09:47:20,62.06,374,
09:47:20,62.06,200,
09:47:20,62.06,1600,
09:47:20,62.06,100,
09:47:22,62.05,100,
09:47:24,62.06,900,
09:47:25,62.04,100,
09:47:27,62.03,2000,
09:47:28,62.03,400,
09:47:28,62.03,400,
09:47:28,62.03,800,
09:47:28,62.03,100,
09:47:28,62.04,2900,
09:47:28,62.04,100,
09:47:28,62.04,200,
09:47:35,62.04,100,
09:47:39,62.05,100,
09:47:41,62.04,200,
09:47:42,62.03,100,
09:47:44,62.02,300,
09:47:44,62.02,2000,
09:47:44,62.02,100,
09:47:45,62.02,100,
09:47:47,62.01,100,
09:47:47,62.01,800,
09:47:47,62.01,724,
09:47:47,62.01,191,
09:47:49,62.01,100,
09:47:49,62.01,600,
09:47:49,62.01,2400,
09:47:49,62.01,800,
09:47:49,62.01,300,
09:47:49,62.01,1400,
09:47:49,62.01,400,
09:47:49,62.01,600,
09:47:50,62.01,1100,
09:47:50,62.01,100,
09:47:50,62.01,200,
09:47:50,62.01,300,
09:47:50,62.01,500,
09:47:50,62.01,100,
09:47:50,62.01,100,
09:47:50,62.01,100,
09:47:50,62.01,200,
09:47:50,62.01,300,
09:47:52,62.01,1100,
09:47:52,62.01,400,
09:47:52,62.01,100,
09:47:53,62.02,100,
09:47:54,62.01,100,
09:47:56,62.01,1900,
09:48:00,62.02,500,
09:48:00,62.02,600,
09:48:00,62.02,500,
09:48:00,62.02,800,
09:48:01,62.02,100,
09:48:02,62.02,100,
09:48:04,62.02,600,
09:48:09,62.02,100,
09:48:09,62.02,100,
09:48:10,62.03,100,
09:48:11,62.04,400,
09:48:11,62.04,100,
09:48:11,62.04,500,
09:48:11,62.04,100,
09:48:11,62.04,800,
09:48:11,62.04,100,
09:48:12,62.05,400,
09:48:12,62.05,100,
09:48:12,62.05,100,
09:48:15,62.04,100,
09:48:16,62.05,100,
09:48:21,62.06,100,
09:48:21,62.06,100,
09:48:22,62.06,100,
09:48:22,62.06,100,
09:48:23,62.06,100,
09:48:23,62.06,100,
09:48:23,62.06,100,
09:48:23,62.06,100,
09:48:26,62.0599,500,
09:48:28,62.05,800,
09:48:28,62.05,100,
09:48:28,62.05,2700,
09:48:28,62.05,100,
09:48:28,62.05,100,
09:48:28,62.05,200,
09:48:28,62.05,400,
09:48:28,62.04,800,
09:48:28,62.03,330,
09:48:28,62.03,100,
09:48:28,62.03,345,
09:48:30,62.04,100,
09:48:32,62.05,100,
09:48:34,62.05,200,
09:48:34,62.05,100,
09:48:34,62.05,100,
09:48:34,62.06,100,
09:48:36,62.0695,500,
09:48:36,62.07,600,
09:48:36,62.07,100,
09:48:36,62.08,100,
09:48:36,62.08,800,
09:48:36,62.08,1000,
09:48:36,62.08,420,
09:48:36,62.08,200,
09:48:36,62.08,400,
09:48:36,62.08,100,
09:48:36,62.08,2000,
09:48:36,62.08,800,
09:48:36,62.08,2000,
09:48:36,62.0801,500,
09:48:36,62.08,100,
09:48:36,62.08,400,
09:48:36,62.08,200,
09:48:36,62.08,100,
09:48:36,62.08,300,
09:48:36,62.08,400,
09:48:36,62.08,400,
09:48:36,62.08,600,
09:48:36,62.08,800,
09:48:36,62.08,900,
09:48:36,62.08,1438,
09:48:36,62.08,200,
09:48:37,62.08,195,
09:48:38,62.08,892,
09:48:38,62.08,100,
09:48:39,62.09,17930,
09:48:40,62.08,785,
09:48:44,62.08,100,
09:48:46,62.07,100,
09:48:46,62.07,2000,
09:48:46,62.07,800,
09:48:46,62.07,200,
09:48:46,62.07,800,
09:48:46,62.07,100,
09:48:46,62.07,200,
09:48:46,62.07,800,
09:48:46,62.07,1400,
09:48:46,62.07,600,
09:48:46,62.07,600,
09:48:46,62.07,1600,
09:48:46,62.07,2500,
09:48:46,62.07,700,
09:48:46,62.07,100,
09:48:46,62.0701,700,
09:48:46,62.07,600,
09:48:46,62.07,1000,
09:48:46,62.07,400,
09:48:46,62.07,100,
09:48:46,62.07,100,
09:48:46,62.07,200,
09:48:46,62.07,500,
09:48:46,62.07,284,
09:48:46,62.07,2000,
09:48:46,62.071,400,
09:48:46,62.07,200,
09:48:46,62.07,600,
09:48:46,62.07,135,
09:48:46,62.07,400,
09:48:46,62.07,100,
09:48:47,62.07,150,
09:48:48,62.08,336,
09:48:48,62.08,1000,
09:48:48,62.08,2400,
09:48:48,62.08,700,
09:48:48,62.08,800,
09:48:48,62.07,1100,
09:48:48,62.07,100,
09:48:48,62.08,816,
09:48:48,62.08,784,
09:48:48,62.08,2400,
09:48:48,62.075,500,
09:48:48,62.07,1000,
09:48:48,62.07,100,
09:48:48,62.07,800,
09:48:48,62.07,800,
09:48:48,62.07,664,
09:48:48,62.07,5261,
09:48:48,62.07,100,
09:48:48,62.07,200,
09:48:48,62.07,500,
09:48:48,62.07,3200,
09:48:48,62.07,900,
09:48:48,62.07,600,
09:48:48,62.07,600,
09:48:48,62.07,1700,
09:48:48,62.07,300,
09:48:48,62.07,500,
09:48:48,62.07,800,
09:48:48,62.07,400,
09:48:48,62.07,1300,
09:48:48,62.077,100,
09:48:48,62.07,400,
09:48:48,62.06,200,
09:48:48,62.07,1100,
09:48:48,62.07,600,
09:48:48,62.07,100,
09:48:48,62.07,300,
09:48:48,62.07,100,
09:48:48,62.07,100,
09:48:48,62.07,100,
09:48:48,62.07,1700,
09:48:48,62.07,1600,
09:48:48,62.07,100,
09:48:48,62.07,700,
09:48:48,62.07,2300,
09:48:48,62.07,183,
09:48:48,62.07,200,
09:48:48,62.07,122,
09:48:48,62.07,1000,
09:48:48,62.07,100,
09:48:48,62.07,200,
09:48:50,62.08,800,
09:48:50,62.08,400,
09:48:50,62.08,100,
09:48:51,62.09,100,
09:48:51,62.09,500,
09:48:51,62.09,200,
09:48:51,62.09,860,
09:48:52,62.10,800,
09:48:54,62.09,400,
09:48:55,62.09,100,
09:49:01,62.091,100,
09:49:01,62.091,100,
09:49:02,62.09,100,
09:49:07,62.09,100,
09:49:10,62.09,400,
09:49:10,62.09,300,
09:49:10,62.0877,500,
09:49:10,62.0876,200,
09:49:10,62.09,400,
09:49:10,62.09,200,
09:49:12,62.08,100,
09:49:13,62.08,1100,
09:49:13,62.08,100,
09:49:13,62.08,100,
09:49:14,62.08,100,
09:49:14,62.08,100,
09:49:21,62.08,100,
09:49:29,62.08,457,
09:49:29,62.08,800,
09:49:30,62.08,100,
09:49:30,62.0814,700,
09:49:31,62.08,100,
09:49:31,62.08,100,
09:49:31,62.08,400,
09:49:31,62.0799,200,
09:49:33,62.07,100,
09:49:37,62.07,100,
09:49:37,62.06,800,
09:49:37,62.06,400,
09:49:37,62.06,100,
09:49:37,62.06,200,
09:49:43,62.0699,100,
09:49:43,62.07,100,
09:49:47,62.0699,500,
09:49:49,62.06,2000,
09:49:49,62.0601,100,
09:49:54,62.06,1300,
09:49:54,62.06,2000,
09:49:54,62.06,3300,
09:49:54,62.06,100,
09:49:55,62.06,100,
09:50:00,62.06,100,
09:50:00,62.06,100,
09:50:00,62.06,8000,
09:50:00,62.06,300,
09:50:00,62.06,2000,
09:50:00,62.06,300,
09:50:00,62.06,100,
09:50:00,62.06,100,
09:50:00,62.06,100,
09:50:00,62.06,100,
09:50:00,62.06,400,
09:50:00,62.05,300,
09:50:00,62.05,100,
09:50:00,62.05,400,
09:50:00,62.05,400,
09:50:00,62.05,800,
09:50:00,62.05,800,
09:50:00,62.06,200,
09:50:00,62.06,800,
09:50:00,62.06,800,
09:50:00,62.05,100,
09:50:01,62.05,648,
09:50:01,62.05,300,
09:50:01,62.05,200,
09:50:02,62.05,200,
09:50:02,62.05,1100,
09:50:02,62.05,200,
09:50:03,62.05,700,
09:50:03,62.04,297,
09:50:05,62.05,100,
09:50:05,62.05,100,
09:50:05,62.05,100,
09:50:10,62.04,1500,
09:50:13,62.04,200,
09:50:13,62.04,200,
09:50:13,62.04,503,
09:50:15,62.04,100,
09:50:15,62.04,100,
09:50:15,62.04,100,
09:50:16,62.03,400,
09:50:17,62.03,100,
09:50:18,62.03,100,
09:50:19,62.02,251,
09:50:20,62.03,913,
09:50:20,62.0305,1000,
09:50:20,62.03,190,
09:50:20,62.03,100,
09:50:20,62.03,600,
09:50:20,62.03,800,
09:50:21,62.03,100,
09:50:21,62.0201,3000,
09:50:25,62.02,349,
09:50:26,62.02,400,
09:50:26,62.02,1000,
09:50:26,62.02,100,
09:50:26,62.02,100,
09:50:26,62.02,100,
09:50:26,62.02,200,
09:50:26,62.02,100,
09:50:26,62.02,800,
09:50:26,62.02,400,
09:50:26,62.02,318,
09:50:26,62.02,100,
09:50:26,62.02,600,
09:50:26,62.02,531,
09:50:26,62.02,200,
09:50:26,62.0216,100,
09:50:26,62.02,1204,
09:50:26,62.02,100,
09:50:26,62.02,200,
09:50:26,62.0201,400,
09:50:26,62.02,200,
09:50:26,62.02,200,
09:50:26,62.02,200,
09:50:26,62.02,195,
09:50:28,62.02,882,
09:50:28,62.02,318,
09:50:28,62.02,118,
09:50:28,62.02,100,
09:50:28,62.02,3300,
09:50:28,62.02,200,
09:50:30,62.02,1700,
09:50:31,62.02,100,
09:50:31,62.02,1000,
09:50:32,62.02,100,
09:50:32,62.02,100,
09:50:33,62.0201,106,
09:50:33,62.02,500,
09:50:34,62.02,200,
09:50:38,62.03,100,
09:50:38,62.03,100,
09:50:38,62.03,100,
09:50:38,62.03,100,
09:50:38,62.03,300,
09:50:38,62.03,800,
09:50:38,62.03,100,
09:50:38,62.03,800,
09:50:38,62.03,300,
09:50:39,62.03,300,
09:50:39,62.03,100,
09:50:45,62.0201,3000,
09:50:55,62.03,100,
09:50:55,62.03,100,
09:50:56,62.04,100,
09:50:56,62.04,800,
09:50:56,62.04,800,
09:50:56,62.04,600,
09:50:56,62.04,100,
09:50:57,62.0499,200,
09:50:57,62.04,600,
09:51:00,62.04,100,
09:51:06,62.04,800,
09:51:09,62.05,200,
09:51:09,62.05,200,
09:51:10,62.05,7400,
09:51:10,62.05,900,
09:51:10,62.0499,600,
09:51:10,62.0599,1600,
09:51:14,62.06,100,
09:51:14,62.0699,200,
09:51:17,62.08,1300,
09:51:17,62.08,100,
09:51:17,62.08,100,
09:51:17,62.08,589,
09:51:17,62.0799,2300,
09:51:18,62.08,500,
09:51:19,62.08,100,
09:51:19,62.08,100,
09:51:19,62.08,100,
09:51:19,62.08,400,
09:51:19,62.08,100,
09:51:19,62.08,800,
09:51:19,62.08,100,
09:51:26,62.0899,6000,
09:51:33,62.08,100,
09:51:33,62.08,200,
09:51:33,62.08,200,
09:51:33,62.08,100,
09:51:33,62.08,100,
09:51:33,62.08,1131,
09:51:33,62.08,300,
09:51:33,62.08,300,
09:51:33,62.09,100,
09:51:33,62.08,1269,
09:51:33,62.09,100,
09:51:36,62.09,839,
09:51:36,62.09,2000,
09:51:36,62.09,300,
09:51:36,62.08,816,
09:51:38,62.08,100,
09:51:45,62.0895,565,
09:51:48,62.09,315,
09:51:48,62.09,100,
09:51:50,62.10,100,
09:51:50,62.10,100,
09:51:50,62.10,100,
09:51:52,62.10,100,
09:51:52,62.09,100,
09:51:52,62.09,600,
09:51:52,62.08,100,
09:51:54,62.08,100,
09:51:58,62.0784,200,
09:51:58,62.07,400,
09:51:58,62.07,100,
09:51:58,62.07,400,
09:51:58,62.07,500,
09:51:58,62.07,100,
09:51:58,62.07,2000,
09:51:58,62.07,2100,
09:51:58,62.07,200,
09:51:58,62.07,200,
09:51:58,62.07,200,
09:51:59,62.07,100,
09:51:59,62.07,100,
09:52:01,62.0723,200,
09:52:03,62.0799,100,
09:52:03,62.0799,100,
09:52:03,62.0799,400,
09:52:03,62.0799,200,
09:52:03,62.0799,100,
09:52:03,62.08,100,
09:52:03,62.08,100,
09:52:03,62.08,400,
09:52:03,62.08,200,
09:52:03,62.08,100,
09:52:03,62.08,100,
09:52:08,62.08,100,
09:52:08,62.08,100,
09:52:11,62.08,100,
09:52:11,62.08,100,
09:52:14,62.08,100,
09:52:18,62.08,100,
09:52:18,62.08,1000,
09:52:18,62.08,200,
09:52:18,62.08,100,
09:52:21,62.09,200,
09:52:21,62.09,800,
09:52:21,62.09,500,
09:52:21,62.09,500,
09:52:21,62.09,600,
09:52:21,62.09,100,
09:52:27,62.10,100,
09:52:27,62.1099,2000,
09:52:30,62.10,100,
09:52:30,62.10,100,
09:52:33,62.10,800,
09:52:34,62.1099,200,
09:52:34,62.11,800,
09:52:34,62.11,800,
09:52:34,62.12,100,
09:52:34,62.1101,500,
09:52:35,62.11,100,
09:52:36,62.1199,150,
09:52:37,62.11,100,
09:52:37,62.116,245,
09:52:39,62.12,800,
09:52:39,62.12,400,
09:52:39,62.1199,300,
09:52:41,62.12,546,
09:52:41,62.12,100,
09:52:41,62.12,154,
09:52:41,62.12,149,
09:52:41,62.12,300,
09:52:42,62.11,100,
09:52:44,62.12,800,
09:52:44,62.1199,100,
09:52:44,62.1199,1000,
09:52:44,62.1199,600,
09:52:45,62.14,2000,
09:52:45,62.1399,100,
09:52:45,62.14,200,
09:52:45,62.14,100,
09:52:45,62.1399,100,
09:52:45,62.1399,100,
09:52:45,62.14,100,
09:52:47,62.14,400,
09:52:47,62.14,150,
09:52:47,62.14,600,
09:52:47,62.14,100,
09:52:47,62.14,200,
09:52:47,62.14,100,
09:52:47,62.14,200,
09:52:47,62.14,100,
09:52:47,62.14,100,
09:52:47,62.14,200,
09:52:47,62.14,100,
09:52:47,62.14,100,
09:52:47,62.14,100,
09:52:47,62.15,1192,
09:52:49,62.13,200,
09:52:49,62.13,200,
09:52:51,62.1301,300,
09:52:52,62.13,600,
09:52:52,62.13,100,
09:52:52,62.13,400,
09:52:52,62.13,800,
09:52:52,62.13,700,
09:52:52,62.13,300,
09:52:52,62.13,400,
09:52:54,62.12,100,
09:52:55,62.12,200,
09:52:57,62.12,100,
09:52:57,62.12,100,
09:53:03,62.11,100,
09:53:03,62.11,400,
09:53:03,62.11,100,
09:53:11,62.11,100,
09:53:11,62.11,100,
09:53:11,62.11,100,
09:53:11,62.11,100,
09:53:11,62.11,100,
09:53:13,62.12,100,
09:53:13,62.1177,100,
09:53:14,62.11,800,
09:53:14,62.11,100,
09:53:14,62.1101,300,
09:53:14,62.11,1100,
09:53:18,62.11,100,
09:53:18,62.11,100,
09:53:19,62.12,100,
09:53:19,62.12,100,
09:53:19,62.12,200,
09:53:20,62.12,400,
09:53:26,62.1293,300,
09:53:30,62.13,100,
09:53:33,62.1376,500,
09:53:36,62.131,100,
09:53:42,62.14,100,
09:53:45,62.15,1000,
09:53:45,62.1501,3000,
09:53:47,62.1499,100,
09:53:47,62.15,100,
09:53:47,62.1499,100,
09:53:53,62.15,200,
09:53:53,62.15,100,
09:53:53,62.1501,3000,
09:53:54,62.14,200,
09:53:56,62.15,1000,
09:53:56,62.15,100,
09:53:56,62.15,100,
09:53:59,62.15,600,
09:53:59,62.15,100,
09:54:04,62.14,100,
09:54:05,62.14,500,
09:54:05,62.14,100,
09:54:06,62.14,200,
09:54:06,62.14,100,
09:54:08,62.1493,100,
09:54:16,62.1401,300,
09:54:16,62.14,100,
09:54:16,62.14,200,
09:54:16,62.14,200,
09:54:16,62.14,100,
09:54:16,62.14,100,
09:54:16,62.13,100,
09:54:18,62.14,500,
09:54:19,62.14,1000,
09:54:19,62.14,200,
09:54:19,62.14,100,
09:54:24,62.13,100,
09:54:24,62.13,100,
09:54:26,62.12,1500,
09:54:26,62.12,100,
09:54:26,62.12,100,
09:54:26,62.12,400,
09:54:26,62.12,500,
09:54:27,62.1286,1000,
09:54:30,62.13,100,
09:54:30,62.13,100,
09:54:31,62.13,800,
09:54:31,62.13,1600,
09:54:31,62.14,100,
09:54:31,62.14,100,
09:54:32,62.13,100,
09:54:32,62.13,2821,
09:54:34,62.13,100,
09:54:35,62.125,100,
09:54:35,62.13,100,
09:54:36,62.14,100,
09:54:36,62.1401,100,
09:54:37,62.14,100,
09:54:40,62.15,100,
09:54:40,62.15,100,
09:54:40,62.1499,1200,
09:54:41,62.15,100,
09:54:46,62.16,2400,
09:54:47,62.17,100,
09:54:47,62.18,1200,
09:54:47,62.18,800,
09:54:51,62.18,700,
09:54:52,62.18,100,
09:54:52,62.18,100,
09:54:52,62.18,100,
09:54:52,62.18,100,
09:54:52,62.18,900,
09:54:52,62.18,100,
09:54:53,62.18,100,
09:54:54,62.18,100,
09:54:54,62.18,600,
09:54:55,62.18,100,
09:54:55,62.18,100,
09:54:55,62.18,500,
09:54:55,62.18,100,
09:55:00,62.17,320,
09:55:00,62.18,100,
09:55:00,62.18,200,
09:55:04,62.18,400,
09:55:04,62.18,100,
09:55:05,62.18,100,
09:55:06,62.18,200,
09:55:08,62.1801,100,
09:55:10,62.18,700,
09:55:10,62.18,200,
09:55:10,62.18,300,
09:55:12,62.1801,400,
09:55:12,62.18,400,
09:55:13,62.19,100,
09:55:13,62.19,200,
09:55:13,62.19,300,
09:55:13,62.19,100,
09:55:13,62.19,600,
09:55:13,62.18,100,
09:55:13,62.18,100,
09:55:13,62.18,100,
09:55:14,62.18,200,
09:55:19,62.17,300,
09:55:19,62.17,799,
09:55:19,62.17,100,
09:55:19,62.17,1979,
09:55:19,62.17,520,
09:55:19,62.17,600,
09:55:19,62.17,400,
09:55:20,62.16,100,
09:55:20,62.15,415,
09:55:21,62.15,400,
09:55:21,62.15,100,
09:55:21,62.15,100,
09:55:21,62.15,1295,
09:55:21,62.15,400,
09:55:21,62.1501,100,
09:55:21,62.15,398,
09:55:24,62.1499,1500,
09:55:25,62.1401,2000,
09:55:26,62.141,1000,
09:55:27,62.13,2000,
09:55:27,62.13,100,
09:55:29,62.13,600,
09:55:29,62.13,200,
09:55:29,62.13,400,
09:55:29,62.13,1600,
09:55:29,62.13,2600,
09:55:29,62.13,100,
09:55:29,62.13,100,
09:55:29,62.13,100,
09:55:31,62.14,100,
09:55:31,62.14,800,
09:55:31,62.14,100,
09:55:31,62.1399,100,
09:55:35,62.14,100,
09:55:36,62.1299,200,
09:55:36,62.13,200,
09:55:36,62.1299,300,
09:55:36,62.13,300,
09:55:36,62.1299,100,
09:55:36,62.13,100,
09:55:37,62.128,100,
09:55:37,62.128,100,
09:55:37,62.13,700,
09:55:37,62.13,100,
09:55:38,62.14,100,
09:55:38,62.14,100,
09:55:38,62.14,1100,
09:55:38,62.14,800,
09:55:38,62.14,212,
09:55:38,62.14,100,
09:55:38,62.14,400,
09:55:38,62.14,100,
09:55:39,62.121,127,
09:55:42,62.13,300,
09:55:42,62.13,100,
09:55:42,62.13,100,
09:55:51,62.122,500,
09:55:53,62.12,100,
09:55:54,62.1201,500,
09:55:54,62.1284,200,
09:56:00,62.11,616,
09:56:00,62.11,100,
09:56:02,62.10,100,
09:56:03,62.1099,100,
09:56:03,62.11,100,
09:56:03,62.1099,100,
09:56:03,62.11,700,
09:56:03,62.12,100,
09:56:04,62.12,100,
09:56:04,62.11,100,
09:56:08,62.12,100,
09:56:09,62.12,420,
09:56:09,62.12,600,
09:56:09,62.12,1000,
09:56:09,62.12,128,
09:56:09,62.12,800,
09:56:09,62.12,400,
09:56:09,62.12,200,
09:56:09,62.12,200,
09:56:09,62.12,800,
09:56:09,62.12,100,
09:56:09,62.12,300,
09:56:09,62.12,5600,
09:56:09,62.12,1300,
09:56:09,62.12,100,
09:56:09,62.12,100,
09:56:09,62.11,800,
09:56:09,62.11,2000,
09:56:09,62.11,3600,
09:56:09,62.11,3200,
09:56:09,62.11,800,
09:56:09,62.11,100,
09:56:09,62.11,1000,
09:56:09,62.11,400,
09:56:09,62.11,2000,
09:56:09,62.11,300,
09:56:09,62.11,300,
09:56:10,62.11,100,
09:56:10,62.11,600,
09:56:12,62.11,1372,
09:56:12,62.11,400,
09:56:12,62.11,372,
09:56:12,62.11,100,
09:56:12,62.11,328,
09:56:14,62.11,300,
09:56:14,62.11,300,
09:56:14,62.1101,500,
09:56:15,62.11,100,
09:56:15,62.11,100,
09:56:28,62.10,900,
09:56:28,62.10,2800,
09:56:28,62.1001,300,
09:56:28,62.09,400,
09:56:30,62.0901,900,
09:56:33,62.09,100,
09:56:35,62.09,100,
09:56:37,62.09,200,
09:56:37,62.09,600,
09:56:37,62.09,1400,
09:56:38,62.10,100,
09:56:38,62.10,200,
09:56:38,62.10,100,
09:56:40,62.10,100,
09:56:40,62.10,100,
09:56:41,62.10,800,
09:56:41,62.10,100,
09:56:41,62.10,100,
09:56:44,62.1099,300,
09:56:44,62.11,100,
09:56:44,62.11,100,
09:56:45,62.12,300,
09:56:45,62.12,100,
09:56:45,62.13,100,
09:56:46,62.12,100,
09:56:46,62.121,1800,
09:56:46,62.1201,300,
09:56:46,62.12,200,
09:56:49,62.12,400,
09:56:53,62.12,100,
09:56:54,62.11,100,
09:56:54,62.11,100,
09:56:55,62.11,100,
09:56:57,62.11,200,
09:57:06,62.11,100,
09:57:10,62.11,200,
09:57:10,62.11,100,
09:57:16,62.12,100,
09:57:16,62.12,1000,
09:57:16,62.12,100,
09:57:16,62.12,300,
09:57:16,62.12,100,
09:57:16,62.12,600,
09:57:16,62.13,100,
09:57:20,62.13,100,
09:57:20,62.13,400,
09:57:20,62.13,100,
09:57:20,62.13,100,
09:57:20,62.12,400,
09:57:20,62.12,100,
09:57:20,62.12,500,
09:57:20,62.12,100,
09:57:20,62.11,415,
09:57:21,62.12,100,
09:57:21,62.12,100,
09:57:23,62.13,100,
09:57:23,62.13,100,
09:57:28,62.1399,100,
09:57:28,62.14,100,
09:57:30,62.15,1500,
09:57:31,62.1501,300,
09:57:31,62.1501,200,
09:57:32,62.1599,3046,
09:57:32,62.16,100,
09:57:32,62.16,100,
09:57:32,62.16,800,
09:57:32,62.16,100,
09:57:34,62.15,400,
09:57:34,62.15,100,
09:57:34,62.15,100,
09:57:34,62.15,800,
09:57:34,62.15,200,
09:57:34,62.16,100,
09:57:35,62.15,100,
09:57:35,62.15,1100,
09:57:35,62.15,100,
09:57:35,62.15,100,
09:57:35,62.15,200,
09:57:41,62.15,100,
09:57:48,62.16,200,
09:57:49,62.16,100,
09:57:49,62.16,100,
09:57:50,62.16,100,
09:57:53,62.15,200,
09:57:55,62.1401,200,
09:57:56,62.1401,300,
09:57:57,62.14,100,
09:58:01,62.14,100,
09:58:01,62.1401,1500,
09:58:05,62.13,500,
09:58:05,62.13,100,
09:58:05,62.13,100,
09:58:05,62.13,100,
09:58:13,62.13,100,
09:58:13,62.13,100,
09:58:15,62.12,676,
09:58:17,62.13,1400,
09:58:17,62.13,100,
09:58:17,62.13,100,
09:58:23,62.13,100,
09:58:34,62.13,100,
09:58:34,62.13,100,
09:58:34,62.13,100,
09:58:39,62.13,100,
09:58:44,62.14,100,
09:58:45,62.14,100,
09:58:45,62.14,3000,
09:58:48,62.15,100,
09:58:51,62.1393,200,
09:58:52,62.14,100,
09:59:02,62.13,100,
09:59:04,62.13,2300,
09:59:04,62.1301,100,
09:59:09,62.13,100,
09:59:15,62.13,800,
09:59:15,62.13,100,
09:59:17,62.14,100,
09:59:17,62.14,800,
09:59:17,62.14,700,
09:59:17,62.14,800,
09:59:19,62.14,200,
09:59:22,62.14,100,
09:59:23,62.14,200,
09:59:23,62.14,100,
09:59:28,62.14,100,
09:59:35,62.14,200,
09:59:35,62.14,800,
09:59:35,62.14,500,
09:59:35,62.14,316,
09:59:35,62.14,600,
09:59:35,62.14,100,
09:59:35,62.14,284,
09:59:35,62.1423,400,
09:59:40,62.15,200,
09:59:40,62.15,100,
09:59:45,62.15,400,
09:59:45,62.15,100,
09:59:45,62.15,100,
09:59:48,62.15,100,
09:59:48,62.15,100,
09:59:48,62.15,100,
09:59:50,62.14,100,
09:59:50,62.1401,1200,
09:59:51,62.14,100,
09:59:51,62.14,100,
09:59:51,62.14,100,
09:59:52,62.14,100,
09:59:52,62.14,100,
09:59:52,62.14,100,
09:59:52,62.14,100,
09:59:52,62.14,100,
09:59:52,62.14,400,
09:59:52,62.13,100,
09:59:52,62.13,400,
09:59:52,62.13,100,
09:59:52,62.13,400,
09:59:52,62.13,800,
09:59:52,62.13,1400,
09:59:52,62.13,300,
09:59:52,62.13,100,
09:59:52,62.13,100,
09:59:52,62.13,800,
09:59:52,62.13,200,
09:59:54,62.13,500,
09:59:54,62.13,403,
09:59:55,62.13,1200,
09:59:55,62.13,1200,
09:59:55,62.13,500,
09:59:55,62.13,298,
09:59:55,62.1299,1200,
09:59:55,62.1299,500,
09:59:58,62.14,100,
09:59:58,62.13,100,
09:59:58,62.13,1000,
09:59:58,62.13,300,
09:59:58,62.13,400,
09:59:58,62.13,100,
09:59:58,62.13,150,
09:59:58,62.13,100,
09:59:58,62.13,100,
09:59:58,62.13,200,
09:59:58,62.13,330,
09:59:58,62.13,150,
09:59:58,62.13,400,
09:59:58,62.13,800,
09:59:58,62.13,100,
09:59:58,62.13,400,
09:59:58,62.13,100,
09:59:58,62.13,100,
09:59:58,62.13,200,
09:59:58,62.13,400,
09:59:58,62.13,300,
09:59:58,62.13,800,
09:59:58,62.13,500,
09:59:58,62.13,100,
09:59:58,62.13,500,
09:59:58,62.13,400,
09:59:58,62.13,100,
09:59:59,62.12,382,
09:59:59,62.12,100,
09:59:59,62.13,100,
09:59:59,62.13,150,
09:59:59,62.13,100,
09:59:59,62.13,300,
09:59:59,62.11,400,
09:59:59,62.12,100,
09:59:59,62.11,800,
09:59:59,62.10,300,
09:59:59,62.12,700,
09:59:59,62.12,800,
09:59:59,62.12,100,
09:59:59,62.10,100,
09:59:59,62.10,800,
09:59:59,62.11,300,
10:00:01,62.09,200,
10:00:01,62.09,100,
10:00:01,62.10,400,
10:00:01,62.10,100,
10:00:01,62.10,100,
10:00:01,62.10,100,
10:00:01,62.10,100,
10:00:01,62.10,100,
10:00:01,62.10,100,
10:00:01,62.10,400,
10:00:02,62.09,2600,
10:00:02,62.08,100,
10:00:02,62.08,700,
10:00:02,62.08,800,
10:00:02,62.08,1000,
10:00:02,62.08,300,
10:00:02,62.08,200,
10:00:02,62.08,100,
10:00:02,62.08,100,
10:00:02,62.08,100,
10:00:02,62.09,100,
10:00:02,62.09,100,
10:00:02,62.09,100,
10:00:02,62.09,100,
10:00:02,62.09,800,
10:00:02,62.08,300,
10:00:02,62.08,100,
10:00:03,62.08,1300,
10:00:03,62.08,300,
10:00:03,62.08,200,
10:00:03,62.08,100,
10:00:03,62.08,1598,
10:00:03,62.08,400,
10:00:03,62.08,800,
10:00:03,62.08,100,
10:00:03,62.08,100,
10:00:03,62.08,500,
10:00:03,62.0799,200,
10:00:03,62.08,100,
10:00:03,62.08,100,
10:00:04,62.08,100,
10:00:04,62.08,100,
10:00:04,62.08,400,
10:00:04,62.08,300,
10:00:05,62.08,400,
10:00:05,62.08,700,
10:00:05,62.08,800,
10:00:05,62.08,200,
10:00:05,62.08,100,
10:00:05,62.08,100,
10:00:05,62.08,321,
10:00:05,62.08,979,
10:00:05,62.08,1000,
10:00:05,62.08,500,
10:00:05,62.08,100,
10:00:05,62.08,200,
10:00:05,62.08,583,
10:00:05,62.08,100,
10:00:05,62.08,400,
10:00:05,62.08,217,
10:00:05,62.07,100,
10:00:08,62.07,100,
10:00:09,62.07,385,
10:00:09,62.06,100,
10:00:10,62.06,100,
10:00:12,62.07,1800,
10:00:12,62.07,800,
10:00:12,62.07,800,
10:00:12,62.07,100,
10:00:12,62.07,1500,
10:00:12,62.07,100,
10:00:12,62.07,100,
10:00:12,62.07,100,
10:00:12,62.07,800,
10:00:12,62.07,100,
10:00:12,62.06,100,
10:00:13,62.06,200,
10:00:13,62.05,200,
10:00:14,62.05,515,
10:00:14,62.05,500,
10:00:14,62.05,600,
10:00:14,62.05,100,
10:00:14,62.05,315,
10:00:14,62.05,900,
10:00:14,62.05,200,
10:00:14,62.05,100,
10:00:14,62.05,300,
10:00:14,62.05,100,
10:00:14,62.05,1100,
10:00:14,62.04,100,
10:00:14,62.04,500,
10:00:14,62.04,200,
10:00:14,62.04,100,
10:00:14,62.0401,200,
10:00:14,62.03,1800,
10:00:14,62.03,384,
10:00:14,62.03,100,
10:00:14,62.03,800,
10:00:14,62.03,100,
10:00:14,62.03,469,
10:00:14,62.03,200,
10:00:14,62.03,400,
10:00:14,62.03,400,
10:00:14,62.03,100,
10:00:14,62.02,800,
10:00:14,62.02,2600,
10:00:14,62.02,100,
10:00:14,62.02,200,
10:00:15,62.03,100,
10:00:15,62.03,700,
10:00:15,62.03,200,
10:00:15,62.03,200,
10:00:15,62.03,100,
10:00:15,62.03,800,
10:00:15,62.03,1100,
10:00:15,62.03,700,
10:00:15,62.03,400,
10:00:15,62.03,800,
10:00:16,62.03,100,
10:00:16,62.03,100,
10:00:16,62.03,200,
10:00:16,62.03,100,
10:00:16,62.04,200,
10:00:16,62.04,400,
10:00:16,62.04,100,
10:00:16,62.04,300,
10:00:16,62.04,100,
10:00:16,62.03,615,
10:00:16,62.03,100,
10:00:16,62.0301,100,
10:00:17,62.04,100,
10:00:17,62.04,100,
10:00:17,62.05,100,
10:00:17,62.05,400,
10:00:17,62.05,100,
10:00:17,62.05,100,
10:00:17,62.05,100,
10:00:17,62.05,100,
10:00:17,62.04,100,
10:00:17,62.04,1100,
10:00:17,62.04,800,
10:00:17,62.04,100,
10:00:17,62.04,100,
10:00:17,62.04,800,
10:00:17,62.04,100,
10:00:18,62.0414,200,
10:00:19,62.04,150,
10:00:23,62.0401,200,
10:00:24,62.05,100,
10:00:24,62.05,100,
10:00:24,62.05,800,
10:00:24,62.05,700,
10:00:25,62.04,200,
10:00:25,62.04,100,
10:00:25,62.04,1200,
10:00:25,62.04,373,
10:00:25,62.04,100,
10:00:25,62.04,138,
10:00:25,62.04,300,
10:00:25,62.04,800,
10:00:25,62.04,316,
10:00:28,62.05,100,
10:00:28,62.0599,100,
10:00:28,62.06,100,
10:00:28,62.06,100,
10:00:35,62.07,497,
10:00:35,62.07,100,
10:00:35,62.07,100,
10:00:35,62.07,100,
10:00:35,62.07,100,
10:00:35,62.07,100,
10:00:35,62.07,300,
10:00:35,62.07,100,
10:00:36,62.07,100,
10:00:36,62.07,200,
10:00:38,62.07,498,
10:00:40,62.08,1185,
10:00:40,62.08,100,
10:00:40,62.08,800,
10:00:40,62.08,900,
10:00:43,62.07,100,
10:00:43,62.07,100,
10:00:44,62.08,100,
10:00:46,62.08,100,
10:00:46,62.07,276,
10:00:46,62.07,100,
10:00:46,62.07,645,
10:00:46,62.08,100,
10:00:46,62.09,100,
10:00:46,62.09,100,
10:00:46,62.09,100,
10:00:46,62.09,100,
10:00:46,62.09,500,
10:00:46,62.09,100,
10:00:47,62.09,200,
10:00:47,62.09,500,
10:00:48,62.09,309,
10:00:48,62.09,100,
10:00:48,62.09,108,
10:00:48,62.10,100,
10:00:48,62.11,100,
10:00:48,62.11,400,
10:00:48,62.11,400,
10:00:48,62.11,200,
10:00:48,62.11,100,
10:00:48,62.11,2600,
10:00:48,62.11,100,
10:00:48,62.11,100,
10:00:48,62.11,100,
10:00:48,62.11,100,
10:00:48,62.11,800,
10:00:48,62.11,400,
10:00:48,62.10,591,
10:00:48,62.10,100,
10:00:48,62.10,400,
10:00:48,62.10,400,
10:00:48,62.10,100,
10:00:48,62.10,600,
10:00:48,62.10,200,
10:00:48,62.10,100,
10:00:49,62.11,400,
10:00:49,62.11,800,
10:00:49,62.11,100,
10:00:49,62.11,400,
10:00:49,62.11,400,
10:00:49,62.11,100,
10:00:49,62.11,100,
10:00:49,62.11,200,
10:00:49,62.11,800,
10:00:49,62.11,800,
10:00:50,62.11,600,
10:00:50,62.11,800,
10:00:51,62.11,115,
10:00:51,62.12,100,
10:00:51,62.12,291,
10:00:52,62.12,100,
10:00:52,62.13,300,
10:00:52,62.12,100,
10:00:52,62.11,400,
10:00:52,62.11,400,
10:00:52,62.11,800,
10:00:52,62.11,100,
10:00:52,62.10,400,
10:00:52,62.09,100,
10:00:52,62.09,100,
10:00:52,62.09,100,
10:00:52,62.09,300,
10:00:52,62.09,431,
10:00:52,62.09,731,
10:00:52,62.09,100,
10:00:52,62.09,100,
10:00:52,62.09,102,
10:00:52,62.09,100,
10:00:52,62.09,100,
10:00:52,62.09,398,
10:00:52,62.10,400,
10:00:52,62.10,800,
10:00:52,62.10,800,
10:00:54,62.11,600,
10:00:54,62.11,400,
10:00:54,62.11,200,
10:00:54,62.11,100,
10:00:54,62.09,115,
10:00:54,62.10,100,
10:00:54,62.10,800,
10:00:54,62.10,100,
10:00:54,62.10,100,
10:00:54,62.10,400,
10:00:54,62.10,500,
10:00:54,62.10,100,
10:00:54,62.10,400,
10:00:54,62.0999,900,
10:00:55,62.11,200,
10:00:55,62.11,100,
10:00:55,62.11,100,
10:00:55,62.11,100,
10:00:55,62.11,150,
10:00:57,62.10,200,
10:00:57,62.10,100,
10:00:57,62.09,685,
10:00:59,62.09,100,
10:00:59,62.09,369,
10:01:00,62.0999,400,
10:01:00,62.0999,300,
10:01:00,62.10,400,
10:01:00,62.0999,500,
10:01:00,62.10,500,
10:01:01,62.10,100,
10:01:01,62.10,100,
10:01:01,62.10,100,
10:01:01,62.10,100,
10:01:01,62.10,200,
10:01:01,62.10,1900,
10:01:01,62.10,100,
10:01:01,62.10,800,
10:01:01,62.10,400,
10:01:01,62.10,100,
10:01:01,62.10,100,
10:01:01,62.10,816,
10:01:01,62.10,684,
10:01:02,62.10,100,
10:01:04,62.09,100,
10:01:04,62.08,700,
10:01:04,62.09,100,
10:01:05,62.09,100,
10:01:06,62.08,100,
10:01:06,62.08,200,
10:01:06,62.07,400,
10:01:06,62.07,900,
10:01:06,62.07,1300,
10:01:06,62.07,100,
10:01:06,62.06,100,
10:01:06,62.06,100,
10:01:06,62.06,100,
10:01:06,62.06,600,
10:01:06,62.06,100,
10:01:06,62.05,716,
10:01:06,62.0501,1900,
10:01:07,62.06,100,
10:01:07,62.06,800,
10:01:07,62.06,100,
10:01:07,62.06,100,
10:01:07,62.06,100,
10:01:07,62.06,400,
10:01:07,62.06,400,
10:01:07,62.0599,200,
10:01:07,62.06,400,
10:01:07,62.06,100,
10:01:09,62.05,100,
10:01:09,62.05,100,
10:01:09,62.04,116,
10:01:09,62.04,100,
10:01:09,62.05,200,
10:01:09,62.04,315,
10:01:09,62.05,300,
10:01:09,62.05,800,
10:01:09,62.05,400,
10:01:09,62.04,2500,
10:01:09,62.04,800,
10:01:10,62.04,3160,
10:01:10,62.04,8000,
10:01:10,62.03,400,
10:01:10,62.03,100,
10:01:10,62.03,116,
10:01:10,62.03,685,
10:01:10,62.03,100,
10:01:10,62.03,700,
10:01:11,62.03,100,
10:01:13,62.04,100,
10:01:13,62.05,200,
10:01:13,62.04,400,
10:01:13,62.05,200,
10:01:13,62.05,300,
10:01:13,62.05,300,
10:01:13,62.05,100,
10:01:13,62.05,100,
10:01:13,62.05,100,
10:01:13,62.04,400,
10:01:13,62.04,100,
10:01:13,62.04,1200,
10:01:13,62.05,260,
10:01:13,62.05,100,
10:01:13,62.05,400,
10:01:13,62.05,700,
10:01:13,62.05,1600,
10:01:13,62.05,1800,
10:01:13,62.05,800,
10:01:13,62.05,100,
10:01:13,62.05,100,
10:01:13,62.05,600,
10:01:13,62.0499,3100,
10:01:13,62.05,250,
10:01:13,62.05,100,
10:01:13,62.05,800,
10:01:13,62.05,400,
10:01:13,62.05,500,
10:01:13,62.05,100,
10:01:13,62.05,400,
10:01:13,62.04,100,
10:01:13,62.04,200,
10:01:14,62.03,100,
10:01:14,62.03,685,
10:01:14,62.03,800,
10:01:14,62.03,100,
10:01:14,62.03,100,
10:01:14,62.03,335,
10:01:14,62.03,100,
10:01:14,62.03,235,
10:01:14,62.03,365,
10:01:14,62.03,500,
10:01:16,62.04,100,
10:01:16,62.04,500,
10:01:16,62.03,200,
10:01:18,62.03,250,
10:01:18,62.03,500,
10:01:18,62.03,100,
10:01:20,62.03,500,
10:01:20,62.03,200,
10:01:20,62.03,100,
10:01:20,62.03,700,
10:01:20,62.03,100,
10:01:20,62.03,133,
10:01:20,62.03,100,
10:01:20,62.03,100,
10:01:20,62.03,100,
10:01:23,62.04,100,
10:01:25,62.04,100,
10:01:25,62.04,200,
10:01:25,62.04,100,
10:01:27,62.04,100,
10:01:27,62.05,100,
10:01:30,62.05,100,
10:01:31,62.04,800,
10:01:31,62.04,400,
10:01:31,62.04,400,
10:01:31,62.04,100,
10:01:31,62.04,100,
10:01:31,62.04,400,
10:01:31,62.04,100,
10:01:31,62.04,292,
10:01:31,62.04,800,
10:01:31,62.04,800,
10:01:31,62.04,100,
10:01:31,62.04,200,
10:01:31,62.04,1045,
10:01:31,62.04,100,
10:01:31,62.04,300,
10:01:31,62.04,100,
10:01:31,62.04,200,
10:01:31,62.04,400,
10:01:31,62.04,277,
10:01:31,62.04,500,
10:01:31,62.04,200,
10:01:31,62.04,100,
10:01:31,62.04,173,
10:01:32,62.039,100,
10:01:32,62.039,122,
10:01:32,62.0312,200,
10:01:34,62.03,100,
10:01:34,62.03,250,
10:01:34,62.03,800,
10:01:34,62.03,300,
10:01:34,62.03,100,
10:01:34,62.03,100,
10:01:34,62.03,100,
10:01:36,62.04,100,
10:01:37,62.04,800,
10:01:37,62.04,100,
10:01:37,62.04,250,
10:01:38,62.04,100,
10:01:38,62.04,200,
10:01:38,62.04,400,
10:01:39,62.04,300,
10:01:39,62.04,100,
10:01:45,62.04,100,
10:01:48,62.03,200,
10:01:48,62.0301,100,
10:01:52,62.03,100,
10:01:53,62.035,3000,
10:01:56,62.04,231,
10:02:01,62.04,100,
10:02:01,62.04,250,
10:02:01,62.04,100,
10:02:01,62.04,564,
10:02:01,62.04,300,
10:02:02,62.05,100,
10:02:02,62.05,400,
10:02:03,62.05,100,
10:02:04,62.06,100,
10:02:04,62.06,200,
10:02:06,62.07,100,
10:02:06,62.07,2000,
10:02:06,62.07,700,
10:02:06,62.07,400,
10:02:06,62.07,100,
10:02:06,62.07,800,
10:02:08,62.07,100,
10:02:08,62.08,200,
10:02:08,62.08,100,
10:02:08,62.08,100,
10:02:09,62.08,318,
10:02:09,62.08,800,
10:02:09,62.08,100,
10:02:09,62.08,100,
10:02:09,62.08,400,
10:02:10,62.0701,700,
10:02:10,62.0701,100,
10:02:10,62.08,300,
10:02:15,62.07,100,
10:02:15,62.07,186,
10:02:15,62.07,300,
10:02:17,62.07,272,
10:02:17,62.07,100,
10:02:17,62.07,100,
10:02:17,62.07,328,
10:02:17,62.07,100,
10:02:17,62.07,400,
10:02:17,62.07,100,
10:02:17,62.07,900,
10:02:17,62.07,100,
10:02:17,62.07,800,
10:02:18,62.06,600,
10:02:18,62.06,100,
10:02:20,62.06,100,
10:02:21,62.06,100,
10:02:21,62.06,1300,
10:02:21,62.06,600,
10:02:22,62.06,100,
10:02:22,62.06,100,
10:02:23,62.05,716,
10:02:23,62.05,216,
10:02:23,62.05,400,
10:02:23,62.05,100,
10:02:23,62.05,100,
10:02:23,62.05,2016,
10:02:24,62.04,100,
10:02:24,62.04,100,
10:02:24,62.04,100,
10:02:24,62.04,3000,
10:02:27,62.04,100,
10:02:35,62.03,100,
10:02:36,62.03,100,
10:02:37,62.04,200,
10:02:37,62.04,100,
10:02:37,62.04,15000,
10:02:37,62.04,2000,
10:02:37,62.04,800,
10:02:37,62.04,400,
10:02:37,62.04,100,
10:02:37,62.04,800,
10:02:37,62.04,800,
10:02:37,62.04,800,
10:02:37,62.04,800,
10:02:37,62.04,1000,
10:02:37,62.04,400,
10:02:37,62.04,800,
10:02:37,62.04,300,
10:02:37,62.04,1300,
10:02:37,62.04,1600,
10:02:37,62.04,300,
10:02:37,62.05,100,
10:02:37,62.05,100,
10:02:37,62.05,100,
10:02:37,62.039,500,
10:02:37,62.04,3597,
10:02:37,62.04,100,
10:02:38,62.04,300,
10:02:38,62.04,100,
10:02:39,62.04,282,
10:02:39,62.04,200,
10:02:39,62.04,100,
10:02:39,62.04,1800,
10:02:39,62.04,557,
10:02:39,62.04,100,
10:02:39,62.04,100,
10:02:40,62.04,100,
10:02:40,62.05,100,
10:02:40,62.06,100,
10:02:40,62.05,200,
10:02:40,62.06,100,
10:02:40,62.06,100,
10:02:40,62.06,100,
10:02:41,62.04,100,
10:02:41,62.04,100,
10:02:42,62.051,200,
10:02:42,62.051,300,
10:02:42,62.05,100,
10:02:42,62.05,100,
10:02:42,62.05,100,
10:02:43,62.04,100,
10:02:43,62.04,100,
10:02:43,62.04,2300,
10:02:45,62.04,100,
10:02:57,62.05,100,
10:02:57,62.0501,800,
10:03:02,62.06,100,
10:03:05,62.07,100,
10:03:05,62.07,800,
10:03:06,62.08,100,
10:03:06,62.08,100,
10:03:07,62.08,500,
10:03:07,62.07,416,
10:03:07,62.07,100,
10:03:07,62.08,300,
10:03:07,62.07,100,
10:03:07,62.07,100,
10:03:07,62.07,500,
10:03:07,62.07,400,
10:03:07,62.07,100,
10:03:07,62.07,600,
10:03:07,62.07,300,
10:03:07,62.08,300,
10:03:07,62.07,1400,
10:03:10,62.07,300,
10:03:10,62.07,700,
10:03:11,62.07,400,
10:03:13,62.08,800,
10:03:13,62.08,100,
10:03:13,62.09,100,
10:03:13,62.09,200,
10:03:13,62.09,200,
10:03:14,62.08,100,
10:03:14,62.08,800,
10:03:14,62.08,100,
10:03:14,62.07,100,
10:03:15,62.08,600,
10:03:15,62.08,100,
10:03:16,62.08,3000,
10:03:17,62.09,300,
10:03:17,62.09,100,
10:03:17,62.09,100,
10:03:17,62.09,600,
10:03:18,62.09,100,
10:03:18,62.09,200,
10:03:18,62.09,800,
10:03:18,62.09,250,
10:03:21,62.0901,400,
10:03:24,62.09,100,
10:03:24,62.10,100,
10:03:24,62.10,400,
10:03:24,62.1001,604,
10:03:26,62.1005,2200,
10:03:27,62.11,300,
10:03:27,62.12,800,
10:03:29,62.1291,102,
10:03:29,62.12,500,
10:03:29,62.12,671,
10:03:29,62.12,100,
10:03:29,62.12,100,
10:03:30,62.12,300,
10:03:30,62.12,100,
10:03:31,62.13,600,
10:03:31,62.13,100,
10:03:31,62.13,100,
10:03:31,62.13,300,
10:03:31,62.13,100,
10:03:38,62.15,300,
10:03:38,62.15,600,
10:03:38,62.15,600,
10:03:38,62.15,300,
10:03:38,62.15,300,
10:03:39,62.15,500,
10:03:39,62.15,303,
10:03:39,62.15,100,
10:03:39,62.15,197,
10:03:39,62.15,1600,
10:03:39,62.15,300,
10:03:39,62.15,400,
10:03:39,62.15,500,
10:03:39,62.15,497,
10:03:39,62.15,1200,
10:03:39,62.15,800,
10:03:39,62.1499,551,
10:03:39,62.15,800,
10:03:39,62.15,100,
10:03:39,62.15,800,
10:03:39,62.15,800,
10:03:39,62.15,100,
10:03:39,62.15,100,
10:03:39,62.15,800,
10:03:39,62.15,200,
10:03:39,62.15,600,
10:03:39,62.15,100,
10:03:39,62.14,900,
10:03:41,62.14,200,
10:03:41,62.14,200,
10:03:42,62.15,100,
10:03:43,62.1401,100,
10:03:43,62.14,100,
10:03:44,62.1301,200,
10:03:48,62.14,100,
10:03:48,62.1401,100,
10:03:52,62.1383,3800,
10:03:53,62.12,316,
10:03:53,62.12,100,
10:03:55,62.12,600,
10:03:55,62.12,301,
10:03:55,62.12,100,
10:03:55,62.12,601,
10:03:55,62.12,499,
10:03:55,62.12,100,
10:03:55,62.12,2000,
10:03:55,62.12,100,
10:03:57,62.1193,300,
10:03:57,62.11,3400,
10:03:57,62.11,2000,
10:03:57,62.11,1587,
10:03:57,62.11,100,
10:03:57,62.11,2000,
10:03:58,62.11,150,
10:03:58,62.10,600,
10:03:58,62.10,400,
10:03:58,62.10,600,
10:03:58,62.09,200,
10:03:58,62.09,922,
10:03:58,62.09,100,
10:03:59,62.09,100,
10:03:59,62.09,200,
10:03:59,62.09,100,
10:03:59,62.09,100,
10:03:59,62.09,800,
10:03:59,62.09,200,
10:03:59,62.09,300,
10:03:59,62.09,300,
10:03:59,62.09,700,
10:04:00,62.09,100,
10:04:02,62.09,100,
10:04:02,62.09,100,
10:04:02,62.09,100,
10:04:02,62.09,400,
10:04:02,62.09,100,
10:04:04,62.10,500,
10:04:04,62.09,100,
10:04:04,62.09,400,
10:04:04,62.09,2100,
10:04:04,62.09,200,
10:04:05,62.09,100,
10:04:05,62.09,1600,
10:04:05,62.09,300,
10:04:05,62.09,3200,
10:04:05,62.09,200,
10:04:05,62.09,100,
10:04:07,62.09,214,
10:04:07,62.09,100,
10:04:07,62.09,100,
10:04:12,62.09,100,
10:04:14,62.09,400,
10:04:14,62.0892,400,
10:04:15,62.0801,900,
10:04:15,62.09,100,
10:04:15,62.09,100,
10:04:17,62.08,1625,
10:04:17,62.08,100,
10:04:17,62.08,100,
10:04:17,62.08,300,
10:04:17,62.08,100,
10:04:17,62.08,100,
10:04:17,62.08,100,
10:04:17,62.08,400,
10:04:17,62.08,825,
10:04:17,62.08,1825,
10:04:17,62.08,5175,
10:04:17,62.08,3784,
10:04:17,62.07,400,
10:04:17,62.07,316,
10:04:17,62.07,100,
10:04:17,62.07,200,
10:04:21,62.0695,1500,
10:04:21,62.07,800,
10:04:21,62.07,100,
10:04:21,62.07,100,
10:04:21,62.07,1900,
10:04:21,62.07,300,
10:04:21,62.07,300,
10:04:21,62.07,100,
10:04:21,62.07,600,
10:04:21,62.07,100,
10:04:21,62.07,600,
10:04:21,62.07,700,
10:04:21,62.07,1000,
10:04:21,62.07,100,
10:04:21,62.07,400,
10:04:21,62.07,800,
10:04:21,62.07,100,
10:04:21,62.07,1400,
10:04:26,62.08,100,
10:04:26,62.08,1000,
10:04:26,62.08,100,
10:04:26,62.08,100,
10:04:26,62.08,800,
10:04:26,62.08,2000,
10:04:26,62.08,1000,
10:04:26,62.09,400,
10:04:26,62.09,800,
10:04:26,62.09,100,
10:04:26,62.08,800,
10:04:27,62.08,100,
10:04:27,62.08,100,
10:04:32,62.07,100,
10:04:32,62.07,300,
10:04:32,62.07,100,
10:04:32,62.07,400,
10:04:32,62.07,100,
10:04:32,62.07,700,
10:04:32,62.07,100,
10:04:32,62.07,1900,
10:04:32,62.07,500,
10:04:32,62.07,400,
10:04:32,62.07,3000,
10:04:32,62.06,2000,
10:04:32,62.06,400,
10:04:35,62.06,100,
10:04:35,62.06,2700,
10:04:36,62.06,200,
10:04:37,62.06,5900,
10:04:37,62.06,100,
10:04:37,62.06,1600,
10:04:37,62.05,100,
10:04:42,62.05,100,
10:04:44,62.05,100,
10:04:47,62.05,2063,
10:04:47,62.05,100,
10:04:47,62.05,400,
10:04:47,62.05,400,
10:04:47,62.05,200,
10:04:47,62.05,750,
10:04:48,62.05,100,
10:04:48,62.05,100,
10:04:48,62.05,100,
10:04:48,62.05,600,
10:04:48,62.06,400,
10:04:48,62.06,100,
10:04:48,62.06,100,
10:04:48,62.06,800,
10:04:48,62.0599,100,
10:04:50,62.05,800,
10:04:50,62.05,2600,
10:04:53,62.05,100,
10:04:53,62.05,100,
10:04:53,62.05,300,
10:04:53,62.05,600,
10:04:53,62.05,400,
10:04:54,62.06,100,
10:04:54,62.07,100,
10:04:54,62.05,100,
10:04:54,62.07,100,
10:04:55,62.07,100,
10:04:55,62.07,800,
10:04:55,62.07,500,
10:04:55,62.07,100,
10:04:55,62.07,600,
10:04:55,62.08,100,
10:04:56,62.08,800,
10:04:56,62.08,400,
10:04:56,62.08,100,
10:04:58,62.081,100,
10:04:59,62.09,100,
10:04:59,62.09,100,
10:05:00,62.10,100,
10:05:00,62.10,1400,
10:05:00,62.10,100,
10:05:00,62.10,1600,
10:05:00,62.10,400,
10:05:00,62.10,100,
10:05:06,62.09,200,
10:05:06,62.09,100,
10:05:06,62.08,100,
10:05:08,62.09,800,
10:05:13,62.09,100,
10:05:15,62.09,840,
10:05:15,62.09,100,
10:05:15,62.09,160,
10:05:17,62.09,100,
10:05:17,62.09,600,
10:05:20,62.08,600,
10:05:20,62.08,273,
10:05:20,62.08,100,
10:05:20,62.08,100,
10:05:20,62.08,318,
10:05:20,62.08,1409,
10:05:20,62.08,300,
10:05:26,62.09,300,
10:05:28,62.10,100,
10:05:30,62.11,100,
10:05:30,62.11,100,
10:05:30,62.11,400,
10:05:30,62.11,800,
10:05:30,62.11,600,
10:05:30,62.11,100,
10:05:30,62.11,400,
10:05:31,62.10,100,
10:05:31,62.10,600,
10:05:31,62.10,100,
10:05:32,62.10,100,
10:05:32,62.10,800,
10:05:32,62.10,100,
10:05:36,62.10,100,
10:05:36,62.09,184,
10:05:37,62.10,845,
10:05:37,62.10,800,
10:05:37,62.10,100,
10:05:37,62.0999,1900,
10:05:49,62.11,100,
10:05:50,62.12,100,
10:05:50,62.13,100,
10:05:50,62.13,100,
10:05:51,62.13,300,
10:05:51,62.1293,100,
10:06:06,62.13,100,
10:06:06,62.13,400,
10:06:06,62.13,600,
10:06:06,62.13,390,
10:06:06,62.13,100,
10:06:06,62.13,100,
10:06:06,62.13,200,
10:06:06,62.13,800,
10:06:07,62.12,100,
10:06:10,62.12,800,
10:06:10,62.12,800,
10:06:10,62.12,100,
10:06:10,62.12,420,
10:06:10,62.12,800,
10:06:10,62.12,100,
10:06:10,62.12,800,
10:06:10,62.12,1600,
10:06:10,62.12,138,
10:06:10,62.12,400,
10:06:10,62.12,300,
10:06:10,62.12,100,
10:06:10,62.13,200,
10:06:10,62.13,500,
10:06:11,62.12,200,
10:06:11,62.12,100,
10:06:11,62.12,300,
10:06:11,62.12,500,
10:06:11,62.12,600,
10:06:11,62.12,200,
10:06:11,62.12,2000,
10:06:11,62.12,500,
10:06:11,62.12,400,
10:06:11,62.12,400,
10:06:11,62.13,200,
10:06:11,62.13,300,
10:06:11,62.13,800,
10:06:11,62.13,800,
10:06:11,62.13,800,
10:06:11,62.13,400,
10:06:11,62.13,400,
10:06:11,62.13,400,
10:06:11,62.13,200,
10:06:11,62.13,200,
10:06:11,62.13,100,
10:06:11,62.13,100,
10:06:11,62.13,462,
10:06:11,62.13,100,
10:06:11,62.13,400,
10:06:11,62.14,300,
10:06:11,62.14,200,
10:06:11,62.14,300,
10:06:11,62.14,800,
10:06:11,62.13,200,
10:06:12,62.14,2000,
10:06:12,62.14,400,
10:06:12,62.14,800,
10:06:12,62.14,300,
10:06:12,62.14,600,
10:06:12,62.14,3000,
10:06:12,62.14,100,
10:06:12,62.14,400,
10:06:12,62.14,100,
10:06:12,62.14,1000,
10:06:13,62.13,200,
10:06:13,62.13,181,
10:06:13,62.13,119,
10:06:17,62.12,600,
10:06:17,62.12,100,
10:06:24,62.11,214,
10:06:24,62.12,100,
10:06:27,62.13,100,
10:06:27,62.13,400,
10:06:27,62.13,100,
10:06:28,62.14,100,
10:06:28,62.14,100,
10:06:28,62.14,200,
10:06:28,62.14,400,
10:06:28,62.14,700,
10:06:28,62.14,100,
10:06:28,62.14,100,
10:06:28,62.14,120,
10:06:30,62.14,1200,
10:06:30,62.14,100,
10:06:30,62.14,100,
10:06:30,62.15,200,
10:06:30,62.14,100,
10:06:35,62.15,600,
10:06:37,62.16,100,
10:06:37,62.16,100,
10:06:37,62.16,100,
10:06:37,62.16,200,
10:06:37,62.16,400,
10:06:39,62.16,140,
10:06:39,62.16,1560,
10:06:40,62.1699,100,
10:06:40,62.16,100,
10:06:40,62.16,250,
10:06:44,62.1501,2300,
10:06:46,62.1599,200,
10:06:47,62.15,100,
10:06:47,62.15,100,
10:06:48,62.1499,100,
10:06:52,62.15,100,
10:06:53,62.15,200,
10:06:55,62.15,100,
10:06:58,62.14,800,
10:07:02,62.14,400,
10:07:02,62.14,400,
10:07:02,62.14,600,
10:07:02,62.14,635,
10:07:02,62.14,100,
10:07:02,62.14,265,
10:07:02,62.15,400,
10:07:02,62.15,100,
10:07:03,62.15,100,
10:07:07,62.15,100,
10:07:07,62.15,100,
10:07:09,62.15,100,
10:07:12,62.15,1000,
10:07:12,62.15,200,
10:07:15,62.15,500,
10:07:16,62.15,100,
10:07:17,62.15,100,
10:07:19,62.1501,400,
10:07:21,62.14,100,
10:07:21,62.14,100,
10:07:21,62.14,100,
10:07:25,62.13,600,
10:07:25,62.13,100,
10:07:25,62.13,556,
10:07:25,62.13,100,
10:07:25,62.13,300,
10:07:25,62.13,800,
10:07:25,62.13,100,
10:07:25,62.13,100,
10:07:25,62.13,3900,
10:07:26,62.11,100,
10:07:27,62.12,5000,
10:07:29,62.11,500,
10:07:31,62.11,100,
10:07:32,62.11,100,
10:07:32,62.11,100,
10:07:32,62.11,400,
10:07:32,62.11,2000,
10:07:32,62.11,100,
10:07:32,62.11,434,
10:07:32,62.11,400,
10:07:32,62.11,100,
10:07:32,62.11,800,
10:07:32,62.11,800,
10:07:32,62.11,100,
10:07:32,62.11,100,
10:07:32,62.11,500,
10:07:33,62.11,100,
10:07:36,62.11,100,
10:07:46,62.10,315,
10:07:46,62.10,100,
10:07:47,62.1007,100,
10:07:49,62.12,100,
10:07:50,62.11,216,
10:07:50,62.11,200,
10:08:03,62.1165,230,
10:08:17,62.1099,2000,
10:08:20,62.11,100,
10:08:21,62.11,300,
10:08:21,62.11,300,
10:08:21,62.10,100,
10:08:21,62.10,100,
10:08:21,62.105,300,
10:08:25,62.11,800,
10:08:27,62.12,100,
10:08:39,62.13,100,
10:08:41,62.1314,600,
10:08:42,62.14,100,
10:08:43,62.14,100,
10:08:44,62.13,500,
10:08:44,62.13,100,
10:08:44,62.12,400,
10:08:44,62.12,100,
10:08:48,62.11,600,
10:08:48,62.11,600,
10:08:48,62.11,100,
10:08:48,62.11,100,
10:08:48,62.11,400,
10:08:48,62.11,300,
10:08:53,62.108,100,
10:08:57,62.11,100,
10:09:00,62.12,100,
10:09:00,62.12,800,
10:09:04,62.12,200,
10:09:05,62.12,800,
10:09:05,62.12,800,
10:09:06,62.12,400,
10:09:06,62.12,100,
10:09:06,62.12,400,
10:09:06,62.12,600,
10:09:06,62.12,1100,
10:09:06,62.12,1900,
10:09:06,62.12,1300,
10:09:06,62.12,7340,
10:09:08,62.13,100,
10:09:08,62.13,400,
10:09:17,62.14,100,
10:09:17,62.15,100,
10:09:17,62.15,400,
10:09:17,62.15,100,
10:09:17,62.15,800,
10:09:17,62.16,100,
10:09:18,62.16,1100,
10:09:20,62.1601,2000,
10:09:22,62.18,100,
10:09:22,62.18,500,
10:09:22,62.18,800,
10:09:23,62.1799,100,
10:09:23,62.18,200,
10:09:23,62.18,1300,
10:09:23,62.19,1200,
10:09:23,62.19,300,
10:09:24,62.20,100,
10:09:25,62.20,700,
10:09:26,62.20,200,
10:09:26,62.201,300,
10:09:26,62.20,1000,
10:09:26,62.20,600,
10:09:27,62.20,100,
10:09:27,62.20,1800,
10:09:27,62.20,2400,
10:09:27,62.20,800,
10:09:27,62.20,100,
10:09:27,62.20,500,
10:09:27,62.19,100,
10:09:27,62.19,600,
10:09:27,62.19,100,
10:09:31,62.1808,2400,
10:09:32,62.18,100,
10:09:32,62.18,100,
