09:30:00,64.36,200,
09:30:00,64.36,200,
09:30:00,64.36,200,
09:30:00,64.37,200,
09:30:00,64.36,200,
09:30:00,64.37,200,
09:30:00,64.36,200,
09:30:00,64.36,200,
09:30:00,64.36,100,
09:30:00,64.36,300,
09:30:01,64.36,700,
09:30:02,64.35,100,
09:30:02,64.37,100,
09:30:02,64.37,100,
09:30:02,64.37,200,
09:30:02,64.37,100,
09:30:02,64.37,100,
09:30:02,64.37,500,
09:30:03,64.38,100,
09:30:03,64.37,700,
09:30:03,64.37,1200,
09:30:03,64.36,200,
09:30:03,64.36,100,
09:30:03,64.36,100,
09:30:03,64.36,100,
09:30:03,64.36,100,
09:30:03,64.36,100,
09:30:03,64.35,187,
09:30:03,64.35,248,
09:30:03,64.35,1252,
09:30:03,64.34,195,
09:30:03,64.36,400,
09:30:03,64.36,100,
09:30:03,64.36,200,
09:30:03,64.36,1000,
09:30:03,64.37,200,
09:30:03,64.37,100,
09:30:03,64.37,100,
09:30:03,64.37,200,
09:30:03,64.37,100,
09:30:03,64.37,100,
09:30:03,64.37,200,
09:30:03,64.37,100,
09:30:03,64.37,600,
09:30:04,64.35,200,
09:30:04,64.36,100,
09:30:04,64.36,2500,
09:30:04,64.36,100,
09:30:04,64.36,400,
09:30:04,64.36,100,
09:30:04,64.36,100,
09:30:04,64.36,1000,
09:30:04,64.36,15000,
09:30:04,64.35,2000,
09:30:04,64.35,100,
09:30:04,64.35,1000,
09:30:04,64.35,200,
09:30:04,64.34,3000,
09:30:04,64.35,200,
09:30:04,64.36,100,
09:30:04,64.36,700,
09:30:04,64.36,100,
09:30:04,64.36,400,
09:30:04,64.36,400,
09:30:04,64.36,100,
09:30:04,64.36,400,
09:30:04,64.37,100,
09:30:04,64.37,100,
09:30:04,64.37,100,
09:30:04,64.37,100,
09:30:04,64.37,600,
09:30:04,64.37,100,
09:30:05,64.37,200,
09:30:05,64.37,400,
09:30:06,64.37,700,
09:30:06,64.37,600,
09:30:06,64.38,1478,
09:30:06,64.38,100,
09:30:06,64.38,200,
09:30:07,64.38,200,
09:30:07,64.35,400,
09:30:07,64.38,400,
09:30:09,64.39,300,
09:30:09,64.39,100,
09:30:09,64.39,100,
09:30:09,64.39,100,
09:30:09,64.39,100,
09:30:09,64.39,100,
09:30:09,64.39,200,
09:30:10,64.40,275,
09:30:10,64.40,100,
09:30:10,64.40,100,
09:30:10,64.40,225,
09:30:11,64.39,193,
09:30:11,64.39,107,
09:30:14,64.39,100,
09:30:14,64.39,100,
09:30:14,64.39,100,
09:30:14,64.38,1200,
09:30:14,64.38,100,
09:30:14,64.37,400,
09:30:14,64.37,100,
09:30:14,64.37,100,
09:30:14,64.37,100,
09:30:14,64.39,400,
09:30:16,64.37,300,
09:30:17,64.37,200,
09:30:19,64.36,1000,
09:30:19,64.36,7700,
09:30:19,64.36,200,
09:30:19,64.36,100,
09:30:19,64.36,100,
09:30:20,64.37,100,
09:30:20,64.36,200,
09:30:21,64.36,1400,
09:30:23,64.36,1700,
09:30:26,64.37,477,
09:30:26,64.37,100,
09:30:26,64.37,200,
09:30:26,64.38,2000,
09:30:27,64.37,100,
09:30:29,64.38,100,
09:30:29,64.38,100,
09:30:29,64.38,100,
09:30:29,64.38,100,
09:30:29,64.38,100,
09:30:31,64.39,100,
09:30:31,64.39,500,
09:30:31,64.39,900,
09:30:31,64.38,100,
09:30:31,64.38,600,
09:30:31,64.38,200,
09:30:31,64.38,100,
09:30:31,64.38,200,
09:30:31,64.38,100,
09:30:31,64.38,200,
09:30:31,64.39,100,
09:30:31,64.39,100,
09:30:31,64.40,100,
09:30:31,64.40,100,
09:30:31,64.40,100,
09:30:31,64.40,100,
09:30:31,64.39,100,
09:30:31,64.39,100,
09:30:31,64.39,100,
09:30:31,64.39,100,
09:30:31,64.39,100,
09:30:31,64.40,100,
09:30:32,64.40,600,
09:30:32,64.40,900,
09:30:32,64.39,100,
09:30:32,64.39,200,
09:30:33,64.39,100,
09:30:34,64.40,100,
09:30:34,64.40,200,
09:30:34,64.40,100,
09:30:34,64.3829,100,
09:30:35,64.41,1800,
09:30:35,64.41,700,
09:30:35,64.41,600,
09:30:35,64.41,2500,
09:30:36,64.41,100,
09:30:36,64.41,100,
09:30:37,64.41,800,
09:30:37,64.41,700,
09:30:37,64.41,200,
09:30:37,64.41,200,
09:30:37,64.41,200,
09:30:39,64.42,403,
09:30:42,64.42,100,
09:30:42,64.42,100,
09:30:42,64.42,100,
09:30:42,64.42,100,
09:30:44,64.42,100,
09:30:44,64.42,100,
09:30:44,64.42,100,
09:30:44,64.42,100,
09:30:44,64.42,100,
09:30:44,64.4105,1500,
09:30:45,64.42,100,
09:30:45,64.42,300,
09:30:46,64.42,400,
09:30:46,64.42,100,
09:30:49,64.41,200,
09:30:49,64.41,100,
09:30:49,64.41,100,
09:30:49,64.41,100,
09:30:49,64.41,110,
09:30:49,64.42,190,
09:30:49,64.42,400,
09:30:50,64.41,100,
09:30:50,64.41,900,
09:30:50,64.41,100,
09:30:52,64.41,1900,
09:30:54,64.41,100,
09:30:54,64.41,100,
09:30:57,64.41,400,
09:30:58,64.41,900,
09:31:00,64.41,100,
09:31:00,64.41,100,
09:31:00,64.41,100,
09:31:04,64.41,100,
09:31:05,64.41,400,
09:31:06,64.41,400,
09:31:11,64.43,200,
09:31:11,64.42,100,
09:31:11,64.42,100,
09:31:11,64.42,100,
09:31:11,64.42,100,
09:31:11,64.42,100,
09:31:11,64.42,200,
09:31:13,64.42,200,
09:31:13,64.43,100,
09:31:14,64.4214,500,
09:31:14,64.42,100,
09:31:15,64.43,100,
09:31:15,64.43,100,
09:31:15,64.43,100,
09:31:16,64.44,100,
09:31:16,64.44,100,
09:31:16,64.44,100,
09:31:18,64.44,100,
09:31:18,64.44,100,
09:31:18,64.44,100,
09:31:18,64.44,100,
09:31:18,64.44,100,
09:31:19,64.45,100,
09:31:21,64.45,100,
09:31:21,64.45,100,
09:31:21,64.45,100,
09:31:21,64.45,100,
09:31:21,64.45,400,
09:31:21,64.45,100,
09:31:21,64.45,300,
09:31:22,64.45,300,
09:31:23,64.45,100,
09:31:26,64.44,500,
09:31:26,64.44,100,
09:31:28,64.45,100,
09:31:29,64.44,100,
09:31:33,64.43,4100,
09:31:33,64.43,100,
09:31:33,64.43,100,
09:31:33,64.43,100,
09:31:33,64.43,100,
09:31:33,64.43,100,
09:31:33,64.43,100,
09:31:33,64.42,100,
09:31:34,64.42,100,
09:31:34,64.42,200,
09:31:34,64.42,200,
09:31:35,64.42,800,
09:31:35,64.42,100,
09:31:36,64.41,100,
09:31:36,64.41,100,
09:31:36,64.41,100,
09:31:36,64.41,400,
09:31:36,64.41,200,
09:31:40,64.41,900,
09:31:40,64.41,100,
09:31:40,64.41,200,
09:31:40,64.41,200,
09:31:43,64.409,320,
09:31:43,64.41,100,
09:31:43,64.4168,100,
09:31:43,64.419,100,
09:31:43,64.41,1400,
09:31:44,64.41,200,
09:31:44,64.419,700,
09:31:44,64.40,200,
09:31:44,64.40,400,
09:31:44,64.40,100,
09:31:44,64.40,500,
09:31:44,64.40,100,
09:31:45,64.40,100,
09:31:45,64.40,100,
09:31:45,64.40,100,
09:31:46,64.40,100,
09:31:47,64.40,200,
09:31:55,64.40,100,
09:31:55,64.40,300,
09:31:55,64.40,200,
09:31:55,64.40,100,
09:31:55,64.40,100,
09:31:55,64.40,100,
09:31:55,64.40,100,
09:31:55,64.40,100,
09:31:55,64.40,100,
09:31:55,64.40,100,
09:31:56,64.39,100,
09:31:56,64.39,100,
09:31:58,64.38,100,
09:31:58,64.38,100,
09:31:58,64.38,100,
09:31:58,64.38,100,
09:31:58,64.38,300,
09:31:59,64.37,100,
09:32:00,64.37,100,
09:32:01,64.37,514,
09:32:01,64.37,100,
09:32:01,64.38,160,
09:32:03,64.3799,2000,
09:32:04,64.38,100,
09:32:06,64.37,100,
09:32:06,64.37,100,
09:32:07,64.3701,1000,
09:32:09,64.37,100,
09:32:12,64.37,100,
09:32:14,64.37,100,
09:32:14,64.37,100,
09:32:18,64.37,200,
09:32:20,64.36,100,
09:32:20,64.36,100,
09:32:20,64.36,100,
09:32:20,64.36,100,
09:32:20,64.36,100,
09:32:21,64.35,200,
09:32:21,64.35,100,
09:32:21,64.35,100,
09:32:21,64.35,100,
09:32:21,64.35,100,
09:32:21,64.35,100,
09:32:22,64.34,100,
09:32:22,64.34,100,
09:32:22,64.34,100,
09:32:22,64.34,100,
09:32:22,64.34,100,
09:32:22,64.34,100,
09:32:22,64.33,200,
09:32:25,64.3395,1500,
09:32:28,64.33,100,
09:32:28,64.33,100,
09:32:28,64.33,100,
09:32:28,64.33,100,
09:32:28,64.33,100,
09:32:28,64.33,100,
09:32:29,64.33,1100,
09:32:29,64.33,200,
09:32:29,64.33,200,
09:32:29,64.33,100,
09:32:31,64.34,100,
09:32:32,64.3397,200,
09:32:36,64.33,300,
09:32:39,64.32,1000,
09:32:39,64.32,100,
09:32:39,64.32,100,
09:32:39,64.32,100,
09:32:39,64.32,100,
09:32:39,64.32,100,
09:32:40,64.31,800,
09:32:40,64.31,100,
09:32:40,64.31,100,
09:32:40,64.31,100,
09:32:40,64.31,800,
09:32:40,64.31,100,
09:32:40,64.31,15000,
09:32:40,64.31,100,
09:32:40,64.31,400,
09:32:40,64.31,600,
09:32:45,64.32,100,
09:32:46,64.31,800,
09:32:50,64.31,1200,
09:32:51,64.31,100,
09:32:52,64.31,292,
09:32:52,64.31,100,
09:32:52,64.30,400,
09:32:52,64.31,300,
09:32:52,64.31,100,
09:32:52,64.31,900,
09:32:52,64.31,100,
09:32:52,64.31,100,
09:32:52,64.31,100,
09:32:52,64.31,100,
09:32:52,64.31,100,
09:32:52,64.31,100,
09:32:52,64.31,600,
09:32:52,64.31,100,
09:32:52,64.31,100,
09:32:52,64.31,200,
09:32:55,64.30,300,
09:32:57,64.30,600,
09:32:58,64.30,100,
09:32:58,64.30,100,
09:32:59,64.30,100,
09:32:59,64.30,100,
09:33:01,64.30,200,
09:33:01,64.30,200,
09:33:01,64.30,100,
09:33:01,64.30,100,
09:33:01,64.30,100,
09:33:01,64.30,100,
09:33:01,64.30,100,
09:33:01,64.30,100,
09:33:01,64.30,684,
09:33:01,64.30,400,
09:33:06,64.29,100,
09:33:07,64.29,100,
09:33:07,64.29,100,
09:33:07,64.29,100,
09:33:07,64.29,100,
09:33:07,64.29,100,
09:33:12,64.28,2000,
09:33:12,64.28,1600,
09:33:12,64.28,100,
09:33:12,64.28,100,
09:33:12,64.28,100,
09:33:12,64.28,100,
09:33:12,64.28,100,
09:33:12,64.28,100,
09:33:12,64.27,100,
09:33:12,64.2723,300,
09:33:13,64.27,100,
09:33:13,64.27,100,
09:33:13,64.27,100,
09:33:13,64.27,100,
09:33:14,64.2695,300,
09:33:15,64.26,400,
09:33:15,64.26,6400,
09:33:15,64.26,100,
09:33:15,64.26,800,
09:33:15,64.26,100,
09:33:15,64.26,200,
09:33:15,64.26,100,
09:33:15,64.26,600,
09:33:16,64.2693,400,
09:33:16,64.27,400,
09:33:16,64.27,300,
09:33:17,64.27,100,
09:33:17,64.27,100,
09:33:18,64.27,100,
09:33:19,64.27,500,
09:33:20,64.27,100,
09:33:20,64.27,100,
09:33:21,64.27,800,
09:33:23,64.27,400,
09:33:23,64.27,300,
09:33:23,64.27,600,
09:33:23,64.27,800,
09:33:23,64.26,100,
09:33:23,64.26,200,
09:33:23,64.26,1200,
09:33:23,64.26,400,
09:33:23,64.26,200,
09:33:23,64.2663,100,
09:33:23,64.2699,100,
09:33:23,64.26,100,
09:33:23,64.26,1700,
09:33:23,64.26,200,
09:33:23,64.26,100,
09:33:23,64.26,100,
09:33:23,64.26,100,
09:33:25,64.27,355,
09:33:25,64.27,245,
09:33:25,64.27,100,
09:33:25,64.27,100,
09:33:26,64.27,200,
09:33:26,64.27,200,
09:33:27,64.27,100,
09:33:28,64.2776,600,
09:33:34,64.28,100,
09:33:34,64.28,100,
09:33:34,64.28,100,
09:33:36,64.28,100,
09:33:36,64.28,100,
09:33:36,64.28,200,
09:33:39,64.2865,100,
09:33:44,64.28,100,
09:33:48,64.28,100,
09:33:49,64.28,300,
09:33:50,64.27,100,
09:33:50,64.27,100,
09:33:50,64.27,100,
09:33:50,64.27,100,
09:33:50,64.27,100,
09:33:53,64.26,100,
09:33:53,64.26,1000,
09:33:54,64.26,100,
09:33:58,64.26,100,
09:33:58,64.26,100,
09:33:58,64.26,100,
09:33:58,64.26,100,
09:33:58,64.26,100,
09:33:58,64.26,100,
09:33:59,64.26,1200,
09:34:03,64.25,100,
09:34:04,64.259,300,
09:34:04,64.2595,1000,
09:34:05,64.25,400,
09:34:05,64.25,100,
09:34:07,64.25,600,
09:34:07,64.25,130,
09:34:07,64.25,170,
09:34:07,64.25,600,
09:34:07,64.25,900,
09:34:07,64.25,775,
09:34:11,64.241,400,
09:34:11,64.241,100,
09:34:11,64.24,100,
09:34:11,64.24,700,
09:34:11,64.24,100,
09:34:11,64.24,100,
09:34:11,64.24,100,
09:34:11,64.24,100,
09:34:11,64.24,100,
09:34:11,64.24,5142,
09:34:11,64.23,200,
09:34:11,64.23,200,
09:34:11,64.23,100,
09:34:11,64.23,100,
09:34:11,64.23,100,
09:34:11,64.23,100,
09:34:11,64.23,100,
09:34:12,64.23,662,
09:34:12,64.23,100,
09:34:16,64.23,100,
09:34:18,64.24,400,
09:34:18,64.2352,300,
09:34:25,64.25,500,
09:34:25,64.25,100,
09:34:26,64.25,100,
09:34:26,64.25,100,
09:34:26,64.25,100,
09:34:26,64.25,100,
09:34:26,64.25,100,
09:34:29,64.26,500,
09:34:29,64.26,100,
09:34:30,64.26,300,
09:34:31,64.26,100,
09:34:33,64.2501,300,
09:34:37,64.25,100,
09:34:37,64.2501,700,
09:34:41,64.25,100,
09:34:42,64.2479,150,
09:34:42,64.24,100,
09:34:42,64.24,100,
09:34:42,64.24,200,
09:34:44,64.24,100,
09:34:44,64.24,100,
09:34:45,64.24,100,
09:34:45,64.24,200,
09:34:50,64.24,100,
09:34:58,64.24,100,
09:34:58,64.24,200,
09:34:59,64.24,200,
09:35:00,64.24,1800,
09:35:02,64.2399,100,
09:35:05,64.23,500,
09:35:06,64.22,100,
09:35:06,64.22,100,
09:35:06,64.22,322,
09:35:06,64.22,100,
09:35:06,64.22,100,
09:35:06,64.22,100,
09:35:07,64.21,400,
09:35:07,64.21,1000,
09:35:07,64.21,100,
09:35:07,64.21,100,
09:35:07,64.21,100,
09:35:10,64.21,100,
09:35:10,64.21,500,
09:35:10,64.21,200,
09:35:10,64.21,500,
09:35:10,64.21,300,
09:35:18,64.2095,1000,
09:35:18,64.20,100,
09:35:20,64.22,200,
09:35:20,64.22,800,
09:35:20,64.21,700,
09:35:20,64.21,300,
09:35:20,64.22,100,
09:35:23,64.22,100,
09:35:23,64.22,100,
09:35:23,64.22,100,
09:35:23,64.22,300,
09:35:30,64.21,100,
09:35:30,64.21,100,
09:35:31,64.21,100,
09:35:33,64.22,500,
09:35:37,64.22,200,
09:35:37,64.21,100,
09:35:37,64.21,100,
09:35:37,64.21,100,
09:35:38,64.21,100,
09:35:38,64.21,100,
09:35:38,64.21,200,
09:35:38,64.21,100,
09:35:38,64.21,100,
09:35:39,64.21,200,
09:35:41,64.21,100,
09:35:41,64.21,100,
09:35:42,64.21,100,
09:35:47,64.21,200,
09:35:50,64.20,100,
09:35:52,64.20,200,
09:35:52,64.20,200,
09:35:52,64.20,189,
09:35:52,64.20,311,
09:35:52,64.20,200,
09:35:54,64.20,200,
09:35:54,64.20,100,
09:36:01,64.19,100,
09:36:01,64.19,100,
09:36:01,64.19,100,
09:36:01,64.19,100,
09:36:01,64.19,100,
09:36:01,64.19,100,
09:36:02,64.19,100,
09:36:03,64.20,100,
09:36:03,64.19,2000,
09:36:04,64.20,100,
09:36:08,64.21,500,
09:36:08,64.21,500,
09:36:08,64.21,100,
09:36:08,64.21,100,
09:36:08,64.21,100,
09:36:08,64.21,100,
09:36:08,64.22,100,
09:36:08,64.23,200,
09:36:09,64.2282,100,
09:36:10,64.23,7400,
09:36:10,64.23,100,
09:36:10,64.22,1300,
09:36:10,64.22,100,
09:36:10,64.22,900,
09:36:10,64.22,500,
09:36:10,64.22,700,
09:36:10,64.22,100,
09:36:10,64.22,200,
09:36:10,64.22,200,
09:36:10,64.22,600,
09:36:10,64.22,100,
09:36:10,64.22,100,
09:36:10,64.22,200,
09:36:10,64.22,100,
09:36:10,64.22,100,
09:36:10,64.22,100,
09:36:10,64.22,100,
09:36:10,64.22,100,
09:36:10,64.22,100,
09:36:10,64.22,100,
09:36:10,64.22,500,
09:36:11,64.21,300,
09:36:11,64.22,700,
09:36:11,64.22,700,
09:36:11,64.22,100,
09:36:11,64.21,600,
09:36:11,64.22,100,
09:36:11,64.22,500,
09:36:11,64.23,200,
09:36:12,64.21,4100,
09:36:18,64.23,300,
09:36:18,64.23,200,
09:36:18,64.23,200,
09:36:18,64.23,100,
09:36:18,64.2201,200,
09:36:20,64.23,100,
09:36:20,64.23,100,
09:36:20,64.23,100,
09:36:20,64.23,100,
09:36:20,64.23,100,
09:36:20,64.23,100,
09:36:23,64.22,100,
09:36:23,64.22,100,
09:36:23,64.22,400,
09:36:24,64.22,100,
09:36:24,64.22,200,
09:36:24,64.22,300,
09:36:25,64.22,600,
09:36:25,64.22,100,
09:36:25,64.21,200,
09:36:25,64.22,100,
09:36:25,64.22,100,
09:36:25,64.22,300,
09:36:25,64.22,500,
09:36:25,64.22,600,
09:36:25,64.22,100,
09:36:25,64.22,100,
09:36:26,64.22,100,
09:36:26,64.21,200,
09:36:26,64.21,200,
09:36:26,64.21,400,
09:36:26,64.21,400,
09:36:26,64.22,100,
09:36:26,64.22,100,
09:36:26,64.22,100,
09:36:27,64.22,500,
09:36:31,64.23,100,
09:36:31,64.23,100,
09:36:31,64.23,100,
09:36:31,64.23,100,
09:36:31,64.23,400,
09:36:31,64.23,100,
09:36:31,64.23,200,
09:36:31,64.23,100,
09:36:31,64.23,100,
09:36:31,64.23,100,
09:36:31,64.23,500,
09:36:31,64.23,300,
09:36:31,64.24,300,
09:36:32,64.23,1500,
09:36:32,64.24,500,
09:36:33,64.23,100,
09:36:40,64.2382,200,
09:36:41,64.23,300,
09:36:47,64.24,400,
09:36:47,64.24,100,
09:36:47,64.24,100,
09:36:47,64.24,100,
09:36:47,64.24,136,
09:36:47,64.24,187,
09:36:47,64.24,500,
09:36:47,64.24,100,
09:36:47,64.24,700,
09:36:47,64.24,200,
09:36:47,64.24,300,
09:36:47,64.24,189,
09:36:47,64.24,500,
09:36:48,64.23,400,
09:36:48,64.24,400,
09:36:48,64.24,600,
09:36:48,64.23,500,
09:36:48,64.23,500,
09:36:48,64.22,100,
09:36:49,64.23,200,
09:36:51,64.23,100,
09:36:51,64.23,200,
09:36:51,64.23,200,
09:36:53,64.24,200,
09:36:53,64.24,100,
09:36:53,64.24,100,
09:36:53,64.24,100,
09:36:53,64.24,100,
09:36:53,64.24,100,
09:36:53,64.2479,150,
09:36:56,64.25,1000,
09:37:04,64.24,200,
09:37:04,64.24,100,
09:37:04,64.24,100,
09:37:04,64.23,100,
09:37:04,64.23,100,
09:37:04,64.23,400,
09:37:04,64.23,100,
09:37:05,64.23,200,
09:37:05,64.23,100,
09:37:05,64.24,200,
09:37:05,64.24,100,
09:37:05,64.24,100,
09:37:05,64.24,200,
09:37:05,64.24,100,
09:37:05,64.24,100,
09:37:06,64.24,100,
09:37:10,64.24,100,
09:37:11,64.25,100,
09:37:13,64.26,100,
09:37:13,64.26,100,
09:37:13,64.26,100,
09:37:13,64.26,100,
09:37:13,64.26,100,
09:37:17,64.26,500,
09:37:18,64.25,500,
09:37:20,64.25,100,
09:37:21,64.25,300,
09:37:21,64.25,800,
09:37:21,64.25,100,
09:37:25,64.24,300,
09:37:25,64.24,200,
09:37:25,64.24,800,
09:37:25,64.24,200,
09:37:25,64.24,100,
09:37:25,64.24,800,
09:37:25,64.24,100,
09:37:25,64.24,100,
09:37:25,64.24,100,
09:37:25,64.24,100,
09:37:26,64.24,100,
09:37:28,64.24,500,
09:37:28,64.24,100,
09:37:28,64.24,100,
09:37:30,64.2408,300,
09:37:36,64.24,500,
09:37:38,64.24,100,
09:37:40,64.25,100,
09:37:40,64.25,302,
09:37:40,64.25,100,
09:37:40,64.25,100,
09:37:40,64.25,200,
09:37:40,64.25,400,
09:37:40,64.25,100,
09:37:40,64.25,200,
09:37:40,64.25,100,
09:37:40,64.25,100,
09:37:41,64.25,200,
09:37:41,64.25,500,
09:37:42,64.2408,900,
09:37:47,64.25,500,
09:37:51,64.2501,500,
09:37:53,64.2595,500,
09:37:56,64.25,400,
09:37:56,64.25,311,
09:37:56,64.245,1300,
09:37:56,64.2499,230,
09:37:58,64.24,500,
09:37:58,64.24,166,
09:37:58,64.24,100,
09:37:58,64.24,100,
09:37:58,64.24,100,
09:37:58,64.24,366,
09:37:58,64.24,100,
09:37:58,64.24,200,
09:37:58,64.24,100,
09:38:02,64.24,400,
09:38:02,64.24,200,
09:38:02,64.24,500,
09:38:02,64.24,500,
09:38:02,64.24,500,
09:38:03,64.23,100,
09:38:03,64.23,100,
09:38:03,64.23,1600,
09:38:03,64.23,500,
09:38:03,64.23,500,
09:38:04,64.2201,200,
09:38:04,64.22,100,
09:38:04,64.22,300,
09:38:04,64.22,100,
09:38:04,64.22,100,
09:38:04,64.22,100,
09:38:04,64.21,100,
09:38:04,64.22,500,
09:38:04,64.22,200,
09:38:07,64.22,500,
09:38:07,64.219,100,
09:38:11,64.22,500,
09:38:11,64.22,300,
09:38:14,64.22,500,
09:38:15,64.21,3000,
09:38:15,64.21,100,
09:38:15,64.21,100,
09:38:16,64.22,500,
09:38:16,64.22,200,
09:38:16,64.22,400,
09:38:16,64.22,400,
09:38:16,64.22,400,
09:38:18,64.22,500,
09:38:18,64.22,300,
09:38:18,64.22,500,
09:38:18,64.22,100,
09:38:23,64.22,105,
09:38:23,64.21,700,
09:38:23,64.21,1700,
09:38:23,64.21,200,
09:38:27,64.22,500,
09:38:28,64.22,500,
09:38:28,64.22,231,
09:38:28,64.22,400,
09:38:28,64.22,200,
09:38:28,64.22,200,
09:38:28,64.22,600,
09:38:28,64.22,311,
09:38:31,64.22,500,
09:38:33,64.22,200,
09:38:34,64.22,400,
09:38:34,64.22,100,
09:38:36,64.22,505,
09:38:36,64.22,500,
09:38:36,64.22,500,
09:38:36,64.22,200,
09:38:36,64.22,200,
09:38:37,64.21,700,
09:38:37,64.21,1300,
09:38:37,64.21,100,
09:38:37,64.21,100,
09:38:37,64.21,100,
09:38:37,64.21,100,
09:38:37,64.21,800,
09:38:37,64.21,100,
09:38:37,64.21,100,
09:38:37,64.21,100,
09:38:37,64.20,500,
09:38:37,64.20,100,
09:38:37,64.21,100,
09:38:37,64.21,100,
09:38:37,64.21,100,
09:38:37,64.21,100,
09:38:37,64.21,100,
09:38:38,64.21,100,
09:38:38,64.21,500,
09:38:39,64.21,100,
09:38:39,64.21,100,
09:38:39,64.21,690,
09:38:39,64.21,200,
09:38:40,64.21,200,
09:38:42,64.21,300,
09:38:43,64.2069,200,
09:38:43,64.209,100,
09:38:46,64.20,100,
09:38:46,64.20,100,
09:38:47,64.20,100,
09:38:47,64.20,100,
09:38:47,64.20,100,
09:38:47,64.20,265,
09:38:50,64.20,100,
09:38:50,64.20,500,
09:38:50,64.21,100,
09:38:50,64.21,100,
09:38:50,64.21,122,
09:38:50,64.21,100,
09:38:50,64.21,500,
09:38:50,64.21,400,
09:38:50,64.21,100,
09:38:50,64.21,100,
09:38:50,64.21,700,
09:38:54,64.22,500,
09:38:54,64.22,100,
09:38:54,64.22,100,
09:38:54,64.22,100,
09:38:54,64.23,1200,
09:38:55,64.23,500,
09:38:55,64.23,100,
09:38:55,64.23,100,
09:38:55,64.23,100,
09:38:55,64.23,100,
09:38:55,64.23,100,
09:38:55,64.23,100,
09:38:55,64.225,100,
09:38:58,64.23,100,
09:38:58,64.23,300,
09:38:58,64.23,100,
09:38:58,64.23,400,
09:38:58,64.23,200,
09:38:58,64.23,200,
09:38:58,64.23,200,
09:38:58,64.23,200,
09:38:58,64.22,500,
09:38:58,64.22,500,
09:38:58,64.23,200,
09:38:58,64.22,500,
09:38:58,64.22,400,
09:38:58,64.22,311,
09:39:01,64.23,200,
09:39:01,64.23,500,
09:39:02,64.23,200,
09:39:02,64.23,200,
09:39:03,64.22,400,
09:39:03,64.22,100,
09:39:06,64.22,300,
09:39:06,64.22,900,
09:39:06,64.23,200,
09:39:06,64.23,500,
09:39:06,64.23,700,
09:39:09,64.23,100,
09:39:09,64.23,100,
09:39:09,64.23,100,
09:39:09,64.23,100,
09:39:09,64.23,100,
09:39:09,64.23,100,
09:39:10,64.23,500,
09:39:11,64.22,100,
09:39:11,64.22,100,
09:39:11,64.22,500,
09:39:11,64.22,100,
09:39:11,64.22,100,
09:39:11,64.22,300,
09:39:12,64.21,181,
09:39:14,64.22,600,
09:39:14,64.22,500,
09:39:14,64.22,1000,
09:39:14,64.22,500,
09:39:14,64.22,500,
09:39:14,64.22,500,
09:39:14,64.22,600,
09:39:14,64.22,500,
09:39:17,64.21,100,
09:39:18,64.21,100,
09:39:20,64.21,500,
09:39:20,64.21,2700,
09:39:20,64.21,400,
09:39:20,64.21,100,
09:39:20,64.21,100,
09:39:25,64.2025,400,
09:39:26,64.20,500,
09:39:26,64.20,100,
09:39:26,64.20,100,
09:39:26,64.20,100,
09:39:26,64.20,100,
09:39:26,64.20,100,
09:39:26,64.20,100,
09:39:27,64.20,200,
09:39:27,64.20,500,
09:39:27,64.20,200,
09:39:35,64.2099,2850,
09:39:49,64.21,3600,
09:39:49,64.21,500,
09:39:49,64.21,500,
09:39:49,64.21,200,
09:39:49,64.21,200,
09:39:50,64.21,100,
09:39:50,64.21,200,
09:39:50,64.21,100,
09:39:50,64.21,100,
09:39:50,64.21,200,
09:39:50,64.22,500,
09:39:50,64.22,100,
09:39:50,64.22,100,
09:39:50,64.22,100,
09:39:50,64.22,100,
09:39:50,64.22,100,
09:39:50,64.22,100,
09:39:50,64.21,400,
09:39:50,64.21,100,
09:39:52,64.23,100,
09:39:52,64.23,500,
09:39:57,64.23,100,
09:39:57,64.23,100,
09:39:57,64.23,500,
09:39:57,64.23,500,
09:40:05,64.22,100,
09:40:05,64.22,2000,
09:40:05,64.22,481,
09:40:05,64.22,600,
09:40:05,64.22,2403,
09:40:05,64.22,200,
09:40:05,64.22,800,
09:40:05,64.22,400,
09:40:05,64.22,728,
09:40:05,64.22,100,
09:40:05,64.22,200,
09:40:05,64.22,500,
09:40:05,64.22,200,
09:40:05,64.22,100,
09:40:06,64.21,100,
09:40:12,64.21,400,
09:40:12,64.21,300,
09:40:12,64.21,300,
09:40:12,64.215,100,
09:40:13,64.215,200,
09:40:15,64.21,100,
09:40:15,64.21,100,
09:40:15,64.21,100,
09:40:15,64.21,200,
09:40:15,64.21,100,
09:40:15,64.21,100,
09:40:15,64.21,100,
09:40:15,64.21,100,
09:40:15,64.21,3560,
09:40:16,64.21,100,
09:40:17,64.21,300,
09:40:19,64.2099,2000,
09:40:25,64.21,100,
09:40:27,64.22,500,
09:40:27,64.22,100,
09:40:27,64.22,100,
09:40:27,64.22,500,
09:40:27,64.22,100,
09:40:27,64.22,100,
09:40:27,64.22,3100,
09:40:27,64.22,100,
09:40:27,64.22,200,
09:40:27,64.22,100,
09:40:27,64.22,100,
09:40:27,64.22,200,
09:40:27,64.22,200,
09:40:27,64.22,200,
09:40:27,64.22,100,
09:40:27,64.22,100,
09:40:27,64.22,100,
09:40:27,64.22,900,
09:40:28,64.22,100,
09:40:28,64.22,800,
09:40:28,64.22,100,
09:40:28,64.22,400,
09:40:29,64.23,100,
09:40:29,64.23,500,
09:40:29,64.23,500,
09:40:29,64.23,1600,
09:40:29,64.24,400,
09:40:29,64.24,1100,
09:40:29,64.24,100,
09:40:29,64.24,1400,
09:40:29,64.24,1400,
09:40:31,64.23,500,
09:40:31,64.23,2400,
09:40:39,64.221,1000,
09:40:41,64.23,100,
09:40:43,64.23,200,
09:40:45,64.23,300,
09:40:45,64.23,200,
09:40:45,64.23,200,
09:40:45,64.23,200,
09:40:45,64.22,500,
09:40:45,64.22,100,
09:40:45,64.22,100,
09:40:45,64.22,100,
09:40:45,64.22,100,
09:40:45,64.22,100,
09:40:45,64.22,400,
09:40:45,64.22,200,
09:40:45,64.22,100,
09:40:45,64.22,200,
09:40:45,64.22,100,
09:40:45,64.22,2400,
09:40:47,64.22,500,
09:40:50,64.22,700,
09:40:50,64.22,400,
09:40:50,64.22,900,
09:40:50,64.22,300,
09:40:50,64.22,600,
09:40:50,64.22,700,
09:40:55,64.21,1435,
09:40:55,64.21,100,
09:40:55,64.21,100,
09:40:55,64.21,100,
09:40:55,64.21,100,
09:40:55,64.21,400,
09:40:55,64.21,400,
09:41:02,64.20,100,
09:41:05,64.20,200,
09:41:05,64.20,200,
09:41:08,64.20,800,
09:41:08,64.20,500,
09:41:08,64.20,100,
09:41:08,64.20,100,
09:41:08,64.20,100,
09:41:08,64.20,100,
09:41:09,64.19,100,
09:41:11,64.1905,487,
09:41:12,64.19,800,
09:41:12,64.19,2000,
09:41:12,64.19,200,
09:41:12,64.19,100,
09:41:12,64.19,400,
09:41:12,64.19,100,
09:41:12,64.19,200,
09:41:12,64.19,100,
09:41:12,64.19,300,
09:41:13,64.19,100,
09:41:18,64.1918,100,
09:41:26,64.20,500,
09:41:32,64.21,100,
09:41:32,64.21,100,
09:41:33,64.21,100,
09:41:33,64.21,100,
09:41:33,64.21,100,
09:41:33,64.21,100,
09:41:33,64.21,100,
09:41:33,64.21,100,
09:41:33,64.22,200,
09:41:33,64.22,200,
09:41:34,64.21,200,
09:41:34,64.21,200,
09:41:34,64.21,200,
09:41:34,64.21,600,
09:41:35,64.21,100,
09:41:35,64.21,200,
09:41:37,64.22,100,
09:41:38,64.22,100,
09:41:39,64.22,100,
09:41:39,64.22,100,
09:41:39,64.22,700,
09:41:40,64.23,100,
09:41:41,64.22,500,
09:41:43,64.21,150,
09:41:45,64.22,100,
09:41:46,64.22,200,
09:41:46,64.22,400,
09:41:46,64.23,2000,
09:41:46,64.23,400,
09:41:46,64.23,5000,
09:41:46,64.23,1600,
09:41:46,64.23,1000,
09:41:46,64.23,3100,
09:41:46,64.23,100,
09:41:52,64.23,100,
09:41:56,64.22,181,
09:41:56,64.22,200,
09:41:56,64.22,200,
09:41:56,64.21,300,
09:41:56,64.22,100,
09:41:56,64.22,100,
09:41:56,64.21,200,
09:41:57,64.21,1400,
09:41:57,64.21,500,
09:41:57,64.20,500,
09:41:57,64.20,100,
09:41:57,64.20,100,
09:41:57,64.20,100,
09:41:57,64.20,100,
09:41:57,64.20,100,
09:41:57,64.20,100,
09:42:01,64.20,500,
09:42:01,64.20,200,
09:42:01,64.19,2200,
09:42:02,64.19,500,
09:42:02,64.18,600,
09:42:02,64.18,100,
09:42:02,64.18,100,
09:42:03,64.17,100,
09:42:04,64.17,499,
09:42:04,64.17,400,
09:42:04,64.17,100,
09:42:09,64.17,100,
09:42:09,64.17,100,
09:42:09,64.16,100,
09:42:11,64.16,100,
09:42:11,64.16,500,
09:42:13,64.16,100,
09:42:13,64.16,100,
09:42:13,64.16,100,
09:42:13,64.16,100,
09:42:13,64.16,100,
09:42:13,64.16,100,
09:42:13,64.1501,150,
09:42:14,64.16,100,
09:42:14,64.16,100,
09:42:14,64.16,100,
09:42:14,64.16,200,
09:42:16,64.15,100,
09:42:17,64.16,400,
09:42:17,64.16,200,
09:42:17,64.16,500,
09:42:17,64.16,140,
09:42:17,64.16,500,
09:42:19,64.17,100,
09:42:19,64.17,300,
09:42:19,64.16,1400,
09:42:20,64.1567,300,
09:42:20,64.16,100,
09:42:21,64.16,400,
09:42:23,64.17,500,
09:42:25,64.18,200,
09:42:25,64.18,200,
09:42:25,64.18,500,
09:42:25,64.18,500,
09:42:26,64.18,200,
09:42:26,64.18,300,
09:42:28,64.18,500,
09:42:31,64.19,790,
09:42:31,64.19,480,
09:42:33,64.18,600,
09:42:33,64.18,1400,
09:42:33,64.18,300,
09:42:33,64.18,400,
09:42:33,64.18,1000,
09:42:38,64.17,100,
09:42:38,64.17,400,
09:42:38,64.17,100,
09:42:38,64.17,100,
09:42:38,64.17,100,
09:42:38,64.17,100,
09:42:38,64.17,100,
09:42:39,64.17,200,
09:42:39,64.17,200,
09:42:42,64.17,200,
09:42:52,64.1799,400,
09:42:52,64.18,400,
09:42:52,64.18,300,
09:42:52,64.1799,500,
09:42:52,64.18,500,
09:42:54,64.172,256,
09:42:58,64.18,400,
09:42:58,64.18,100,
09:42:58,64.18,200,
09:42:58,64.18,100,
09:43:00,64.19,100,
09:43:00,64.19,500,
09:43:00,64.19,100,
09:43:00,64.19,100,
09:43:00,64.19,100,
09:43:03,64.191,400,
09:43:05,64.20,100,
09:43:05,64.20,100,
09:43:08,64.20,200,
09:43:08,64.20,500,
09:43:08,64.20,200,
09:43:11,64.20,200,
09:43:11,64.20,600,
09:43:11,64.20,100,
09:43:13,64.20,200,
09:43:13,64.20,500,
09:43:15,64.19,100,
09:43:15,64.19,500,
09:43:18,64.199,8000,
09:43:28,64.20,100,
09:43:28,64.20,100,
09:43:44,64.20,300,
09:43:46,64.19,500,
09:43:53,64.19,500,
09:43:54,64.19,400,
09:43:54,64.19,200,
09:43:54,64.19,200,
09:43:54,64.19,200,
09:43:54,64.19,252,
09:43:54,64.19,152,
09:43:54,64.20,300,
09:43:57,64.20,100,
09:43:57,64.20,100,
09:43:57,64.20,100,
09:43:57,64.20,700,
09:43:57,64.20,100,
09:43:57,64.20,100,
09:43:57,64.20,2300,
09:44:04,64.21,200,
09:44:04,64.21,200,
09:44:04,64.21,200,
09:44:04,64.21,500,
09:44:04,64.21,200,
09:44:05,64.22,100,
09:44:07,64.21,200,
09:44:07,64.21,200,
09:44:07,64.21,100,
09:44:07,64.21,100,
09:44:07,64.21,200,
09:44:10,64.22,100,
09:44:11,64.22,100,
09:44:14,64.22,100,
09:44:14,64.22,100,
09:44:14,64.22,100,
09:44:14,64.22,100,
09:44:14,64.22,100,
09:44:14,64.22,100,
09:44:14,64.23,400,
09:44:14,64.23,500,
09:44:14,64.23,400,
09:44:14,64.23,200,
09:44:14,64.23,400,
09:44:14,64.23,1830,
09:44:15,64.23,600,
09:44:15,64.23,100,
09:44:15,64.23,100,
09:44:15,64.23,100,
09:44:15,64.23,100,
09:44:15,64.23,100,
09:44:15,64.24,700,
09:44:19,64.23,1000,
09:44:19,64.23,500,
09:44:26,64.22,500,
09:44:26,64.22,100,
09:44:30,64.211,1000,
09:44:32,64.21,200,
09:44:33,64.22,100,
09:44:35,64.22,100,
09:44:43,64.2101,100,
09:44:52,64.22,400,
09:44:56,64.23,100,
09:44:56,64.23,100,
09:44:56,64.23,100,
09:44:56,64.23,100,
09:44:56,64.23,500,
09:44:57,64.23,100,
09:44:58,64.24,1600,
09:44:59,64.23,1000,
09:44:59,64.23,200,
09:44:59,64.23,500,
09:44:59,64.23,200,
09:44:59,64.23,100,
09:45:00,64.23,100,
09:45:02,64.23,181,
09:45:05,64.23,500,
09:45:13,64.22,100,
09:45:13,64.22,100,
09:45:13,64.22,100,
09:45:13,64.22,100,
09:45:13,64.22,100,
09:45:13,64.22,500,
09:45:28,64.21,200,
09:45:28,64.21,100,
09:45:28,64.21,100,
09:45:30,64.21,400,
09:45:30,64.21,100,
09:45:30,64.21,200,
09:45:31,64.20,1300,
09:45:32,64.2067,300,
09:45:32,64.20,100,
09:45:34,64.20,300,
09:45:34,64.20,500,
09:45:34,64.20,100,
09:45:34,64.20,100,
09:45:34,64.20,100,
09:45:34,64.20,100,
09:45:34,64.20,100,
09:45:43,64.21,700,
09:45:45,64.211,150,
09:45:51,64.22,250,
09:45:51,64.21,200,
09:45:51,64.2099,105,
09:45:53,64.2099,750,
09:46:16,64.21,1600,
09:46:16,64.21,1400,
09:46:16,64.2099,100,
09:46:16,64.21,500,
09:46:30,64.2195,900,
09:46:32,64.22,200,
09:46:32,64.22,200,
09:46:32,64.22,200,
09:46:33,64.22,100,
09:46:33,64.22,100,
09:46:33,64.22,100,
09:46:33,64.22,100,
09:46:33,64.22,100,
09:46:33,64.22,100,
09:46:33,64.22,100,
09:46:36,64.22,200,
09:46:37,64.2183,500,
09:46:39,64.21,100,
09:46:39,64.21,200,
09:46:39,64.21,800,
09:46:39,64.21,200,
09:46:39,64.21,600,
09:46:40,64.21,600,
09:46:40,64.21,200,
09:46:40,64.21,100,
09:46:40,64.21,100,
09:46:40,64.21,100,
09:46:40,64.21,100,
09:46:40,64.21,100,
09:46:40,64.21,100,
09:46:40,64.20,100,
09:46:41,64.20,500,
09:46:41,64.21,100,
09:46:41,64.20,1000,
09:46:41,64.20,1400,
09:46:41,64.20,100,
09:46:41,64.20,200,
09:46:41,64.20,100,
09:46:41,64.19,300,
09:46:41,64.19,2400,
09:46:42,64.19,300,
09:46:42,64.19,100,
09:46:42,64.19,100,
09:46:42,64.19,2000,
09:46:42,64.19,100,
09:46:42,64.19,500,
09:46:42,64.19,400,
09:46:42,64.19,100,
09:46:42,64.19,100,
09:46:42,64.19,100,
09:46:42,64.19,700,
09:46:43,64.19,2000,
09:46:43,64.19,2300,
09:46:43,64.20,100,
09:46:47,64.2095,1000,
09:46:52,64.21,400,
09:46:52,64.21,200,
09:46:52,64.21,500,
09:46:52,64.21,500,
09:46:52,64.21,300,
09:46:57,64.22,2400,
09:47:12,64.21,500,
09:47:15,64.20,150,
09:47:19,64.21,800,
09:47:19,64.21,200,
09:47:19,64.21,200,
09:47:31,64.22,285,
09:47:31,64.22,100,
09:47:31,64.22,100,
09:47:31,64.22,100,
09:47:31,64.22,100,
09:47:31,64.22,100,
09:47:32,64.23,100,
09:47:32,64.23,200,
09:47:33,64.23,100,
09:47:33,64.23,300,
09:47:33,64.24,500,
09:47:34,64.24,1600,
09:47:34,64.24,100,
09:47:34,64.24,100,
09:47:34,64.24,100,
09:47:34,64.24,100,
09:47:34,64.24,100,
09:47:34,64.25,600,
09:47:34,64.25,100,
09:47:35,64.26,500,
09:47:35,64.26,300,
09:47:38,64.2595,155,
09:47:41,64.25,2000,
09:47:43,64.25,100,
09:47:44,64.24,100,
09:47:48,64.24,500,
09:47:48,64.24,200,
09:47:48,64.24,100,
09:47:48,64.24,200,
09:47:50,64.24,300,
09:47:50,64.24,500,
09:47:50,64.24,100,
09:47:54,64.25,100,
09:47:58,64.2495,1000,
09:48:04,64.25,100,
09:48:04,64.25,100,
09:48:04,64.25,100,
09:48:04,64.25,100,
09:48:04,64.25,100,
09:48:04,64.25,100,
09:48:06,64.26,100,
09:48:08,64.2501,175,
09:48:12,64.25,167,
09:48:13,64.25,500,
09:48:16,64.24,100,
09:48:17,64.24,700,
09:48:18,64.24,100,
09:48:18,64.24,100,
09:48:18,64.24,100,
09:48:23,64.24,200,
09:48:23,64.24,200,
09:48:23,64.24,500,
09:48:23,64.24,400,
09:48:25,64.24,400,
09:48:28,64.23,100,
09:48:28,64.23,400,
09:48:28,64.23,100,
09:48:28,64.23,100,
09:48:28,64.23,100,
09:48:28,64.23,100,
09:48:28,64.23,100,
09:48:32,64.23,100,
09:48:32,64.23,400,
09:48:33,64.23,200,
09:48:33,64.23,200,
09:48:35,64.23,500,
09:48:37,64.23,500,
09:48:51,64.234,1000,
09:48:55,64.23,600,
09:48:55,64.23,500,
09:48:55,64.23,1000,
09:48:55,64.22,700,
09:48:55,64.22,200,
09:48:56,64.22,1800,
09:48:56,64.22,400,
09:48:56,64.22,100,
09:48:56,64.22,1000,
09:48:56,64.22,1100,
09:48:59,64.22,100,
09:48:59,64.22,400,
09:48:59,64.22,800,
09:48:59,64.22,1000,
09:48:59,64.22,200,
09:48:59,64.22,100,
09:48:59,64.22,2000,
09:48:59,64.22,300,
09:48:59,64.21,1700,
09:48:59,64.21,2100,
09:48:59,64.21,500,
09:48:59,64.21,2000,
09:48:59,64.21,400,
09:48:59,64.21,500,
09:48:59,64.21,300,
09:48:59,64.22,300,
09:49:00,64.22,125,
09:49:00,64.23,200,
09:49:00,64.23,500,
09:49:00,64.23,1200,
09:49:10,64.2245,172,
09:49:13,64.22,200,
09:49:13,64.22,194,
09:49:13,64.22,200,
09:49:13,64.22,100,
09:49:13,64.22,100,
09:49:13,64.22,100,
09:49:13,64.21,100,
09:49:13,64.21,1500,
09:49:19,64.21,600,
09:49:19,64.21,400,
09:49:19,64.21,1800,
09:49:19,64.21,200,
09:49:20,64.21,800,
09:49:20,64.21,300,
09:49:20,64.21,8101,
09:49:20,64.21,12666,
09:49:20,64.20,500,
09:49:21,64.2029,300,
09:49:27,64.21,500,
09:49:27,64.21,200,
09:49:27,64.21,200,
09:49:27,64.21,700,
09:49:27,64.21,200,
09:49:32,64.22,200,
09:49:32,64.22,500,
09:49:32,64.22,500,
09:49:51,64.2299,5000,
09:49:56,64.2195,800,
09:49:57,64.2195,150,
09:50:00,64.22,100,
09:50:04,64.22,200,
09:50:04,64.22,100,
09:50:04,64.22,300,
09:50:04,64.22,700,
09:50:04,64.22,400,
09:50:04,64.2201,100,
09:50:05,64.22,100,
09:50:05,64.22,100,
09:50:05,64.22,100,
09:50:05,64.22,300,
09:50:05,64.22,200,
09:50:05,64.22,100,
09:50:06,64.23,100,
09:50:06,64.23,300,
09:50:06,64.23,100,
09:50:06,64.23,100,
09:50:06,64.23,100,
09:50:06,64.23,100,
09:50:06,64.23,300,
09:50:07,64.229,150,
09:50:19,64.24,100,
09:50:19,64.24,300,
09:50:19,64.24,100,
09:50:19,64.24,800,
09:50:19,64.25,500,
09:50:19,64.25,2000,
09:50:19,64.25,1900,
09:50:19,64.25,800,
09:50:19,64.25,2000,
09:50:19,64.25,1000,
09:50:19,64.25,3100,
09:50:19,64.25,400,
09:50:19,64.25,2000,
09:50:19,64.25,400,
09:50:19,64.25,100,
09:50:19,64.25,100,
09:50:19,64.25,400,
09:50:19,64.25,1600,
09:50:19,64.25,700,
09:50:19,64.25,100,
09:50:19,64.25,100,
09:50:19,64.25,100,
09:50:19,64.26,523,
09:50:19,64.26,340,
09:50:19,64.26,900,
09:50:19,64.27,2700,
09:50:19,64.27,3900,
09:50:19,64.27,300,
09:50:19,64.27,1000,
09:50:19,64.27,3100,
09:50:19,64.27,2000,
09:50:19,64.26,100,
09:50:19,64.26,700,
09:50:19,64.26,100,
09:50:19,64.26,300,
09:50:19,64.26,300,
09:50:19,64.26,800,
09:50:19,64.26,200,
09:50:19,64.26,311,
09:50:19,64.26,340,
09:50:19,64.26,200,
09:50:19,64.26,149,
09:50:19,64.26,200,
09:50:19,64.26,100,
09:50:19,64.26,500,
09:50:19,64.26,200,
09:50:19,64.26,200,
09:50:19,64.26,200,
09:50:19,64.27,300,
09:50:19,64.27,2500,
09:50:19,64.27,100,
09:50:21,64.26,200,
09:50:26,64.26,800,
09:50:26,64.2598,700,
09:50:26,64.25,200,
09:50:26,64.25,200,
09:50:26,64.25,200,
09:50:27,64.25,1550,
09:50:32,64.249,100,
09:50:34,64.24,500,
09:50:42,64.2399,300,
09:50:42,64.24,300,
09:50:45,64.24,120,
09:50:45,64.24,200,
09:50:45,64.24,500,
09:50:45,64.24,2000,
09:50:45,64.24,800,
09:50:53,64.2348,100,
09:50:55,64.25,500,
09:50:56,64.25,100,
09:50:56,64.25,100,
09:50:56,64.25,100,
09:50:56,64.25,100,
09:50:56,64.25,100,
09:51:03,64.25,500,
09:51:04,64.24,367,
09:51:07,64.24,100,
09:51:07,64.24,100,
09:51:07,64.24,500,
09:51:07,64.24,100,
09:51:07,64.24,100,
09:51:08,64.23,100,
09:51:08,64.23,500,
09:51:11,64.23,500,
09:51:19,64.24,1350,
09:51:24,64.24,300,
09:51:27,64.25,200,
09:51:27,64.25,100,
09:51:27,64.25,100,
09:51:27,64.25,100,
09:51:27,64.25,100,
09:51:27,64.25,187,
09:51:27,64.25,100,
09:51:27,64.25,100,
09:51:37,64.26,500,
09:51:37,64.26,100,
09:51:43,64.2501,400,
09:51:44,64.26,500,
09:51:44,64.26,200,
09:51:47,64.27,100,
09:51:47,64.27,100,
09:51:47,64.27,100,
09:51:47,64.27,100,
09:51:47,64.27,100,
09:51:47,64.27,100,
09:51:48,64.2799,100,
09:51:48,64.28,500,
09:51:48,64.28,100,
09:51:48,64.28,100,
09:51:48,64.28,100,
09:51:48,64.28,100,
09:51:48,64.28,100,
09:51:50,64.29,200,
09:51:57,64.2888,2000,
09:51:57,64.29,100,
09:51:57,64.289,4200,
09:51:57,64.28,200,
09:51:57,64.28,500,
09:51:57,64.28,200,
09:51:58,64.27,500,
09:51:58,64.27,200,
09:51:58,64.2699,100,
09:51:58,64.2699,300,
09:51:58,64.29,6556,
09:51:59,64.27,200,
09:51:59,64.27,300,
09:52:09,64.2699,2000,
09:52:09,64.2691,373,
09:52:23,64.27,500,
09:52:23,64.27,200,
09:52:23,64.27,200,
09:52:30,64.27,300,
09:52:30,64.26,100,
09:52:30,64.26,787,
09:52:30,64.26,100,
09:52:30,64.26,100,
09:52:30,64.26,100,
09:52:30,64.26,100,
09:52:30,64.26,200,
09:52:31,64.26,100,
09:52:35,64.26,500,
09:52:42,64.27,100,
09:52:42,64.27,100,
09:52:42,64.27,100,
09:52:42,64.27,100,
09:52:48,64.26,400,
09:52:48,64.26,200,
09:52:48,64.26,500,
09:52:48,64.26,100,
09:52:48,64.26,200,
09:52:48,64.26,100,
09:52:49,64.25,100,
09:52:49,64.25,100,
09:52:49,64.24,100,
09:52:52,64.2479,100,
09:52:53,64.24,100,
09:52:53,64.24,100,
09:52:53,64.24,100,
09:52:53,64.24,100,
09:52:53,64.24,100,
09:52:53,64.24,100,
09:52:53,64.23,1400,
09:52:57,64.25,200,
09:52:57,64.25,800,
09:52:57,64.25,200,
09:52:57,64.25,100,
09:52:57,64.25,100,
09:52:59,64.25,100,
09:53:01,64.26,100,
09:53:07,64.25,200,
09:53:11,64.24,100,
09:53:20,64.243,145,
09:53:22,64.25,400,
09:53:29,64.25,1000,
09:53:33,64.25,400,
09:53:33,64.25,100,
09:53:36,64.24,100,
09:53:36,64.24,100,
09:53:36,64.24,100,
09:53:36,64.24,100,
09:53:36,64.24,100,
09:53:36,64.24,100,
09:53:37,64.23,300,
09:53:39,64.23,800,
09:53:40,64.23,400,
09:53:43,64.24,500,
09:53:44,64.23,100,
09:53:45,64.23,200,
09:53:47,64.2399,5000,
09:53:48,64.24,231,
09:53:51,64.24,400,
09:53:51,64.23,100,
09:53:51,64.23,100,
09:53:51,64.23,500,
09:53:52,64.23,100,
09:53:55,64.23,100,
09:54:05,64.22,100,
09:54:05,64.22,100,
09:54:05,64.22,100,
09:54:05,64.22,100,
09:54:05,64.22,100,
09:54:05,64.22,100,
09:54:12,64.22,400,
09:54:15,64.22,129,
09:54:15,64.22,165,
09:54:15,64.2153,300,
09:54:17,64.2201,323,
09:54:21,64.23,194,
09:54:21,64.23,100,
09:54:29,64.23,500,
09:54:36,64.24,200,
09:54:36,64.24,194,
09:54:36,64.24,100,
09:54:36,64.24,200,
09:54:36,64.24,200,
09:54:36,64.24,100,
09:54:36,64.24,100,
09:54:36,64.24,200,
09:54:36,64.24,200,
09:54:36,64.25,100,
09:54:36,64.25,500,
09:54:36,64.25,100,
09:54:36,64.25,200,
09:54:37,64.26,100,
09:54:37,64.26,500,
09:54:37,64.26,500,
09:54:37,64.26,100,
09:54:37,64.26,200,
09:54:39,64.26,100,
09:54:39,64.26,100,
09:54:39,64.26,100,
09:54:39,64.26,323,
09:54:39,64.26,700,
09:54:39,64.26,100,
09:54:39,64.27,1618,
09:54:39,64.27,100,
09:54:39,64.2601,322,
09:54:40,64.2601,323,
09:54:45,64.2601,323,
09:54:46,64.2601,323,
09:54:46,64.26,900,
09:54:46,64.2601,323,
09:54:47,64.2601,100,
09:54:48,64.2601,323,
09:54:51,64.2501,123,
09:54:51,64.25,100,
09:54:52,64.25,200,
09:54:52,64.25,200,
09:54:55,64.25,129,
09:54:55,64.25,400,
09:54:55,64.25,200,
09:54:55,64.25,100,
09:54:55,64.25,500,
09:54:55,64.2501,200,
09:54:55,64.2501,123,
09:54:56,64.25,100,
09:54:59,64.25,402,
09:54:59,64.2501,129,
09:55:03,64.2552,175,
09:55:04,64.26,200,
09:55:04,64.26,100,
09:55:04,64.26,100,
09:55:04,64.26,100,
09:55:04,64.26,100,
09:55:04,64.26,100,
09:55:04,64.26,100,
09:55:06,64.27,193,
09:55:06,64.27,130,
09:55:08,64.28,100,
09:55:08,64.28,100,
09:55:08,64.28,100,
09:55:08,64.28,100,
09:55:08,64.28,100,
09:55:08,64.28,100,
09:55:08,64.28,129,
09:55:09,64.29,179,
09:55:09,64.29,100,
09:55:09,64.29,100,
09:55:09,64.29,100,
09:55:09,64.29,100,
09:55:11,64.2901,323,
09:55:13,64.30,200,
09:55:13,64.30,100,
09:55:13,64.31,100,
09:55:16,64.30,100,
09:55:18,64.2901,123,
09:55:18,64.2901,100,
09:55:21,64.2901,129,
09:55:23,64.29,200,
09:55:23,64.29,200,
09:55:23,64.29,200,
09:55:23,64.29,100,
09:55:23,64.29,200,
09:55:23,64.295,100,
09:55:23,64.29,200,
09:55:24,64.28,500,
09:55:27,64.28,500,
09:55:28,64.2801,194,
09:55:28,64.2801,194,
09:55:30,64.2801,323,
09:55:31,64.2801,193,
09:55:31,64.2801,193,
09:55:32,64.28,100,
09:55:32,64.2801,129,
09:55:33,64.2801,323,
09:55:34,64.2801,194,
09:55:35,64.289,200,
09:55:35,64.289,200,
09:55:35,64.2801,194,
09:55:39,64.29,200,
09:55:39,64.29,100,
09:55:39,64.29,100,
09:55:39,64.29,100,
09:55:39,64.29,200,
09:55:39,64.29,100,
09:55:39,64.29,100,
09:55:39,64.29,200,
09:55:39,64.29,194,
09:55:39,64.2901,194,
09:55:40,64.2901,193,
09:55:42,64.2901,322,
09:55:43,64.2901,129,
09:55:44,64.30,100,
09:55:44,64.30,129,
09:55:45,64.31,100,
09:55:46,64.3001,259,
09:55:46,64.30,100,
09:55:47,64.30,100,
09:55:47,64.3001,129,
09:55:49,64.31,100,
09:55:51,64.30,400,
09:55:51,64.3001,100,
09:55:53,64.31,200,
09:55:54,64.31,100,
09:55:54,64.31,200,
09:55:54,64.31,100,
09:55:54,64.31,100,
09:55:54,64.31,100,
09:55:55,64.31,100,
09:55:55,64.31,100,
09:55:56,64.3101,193,
09:55:58,64.3101,127,
09:55:59,64.32,112,
09:55:59,64.3101,319,
09:56:00,64.3101,319,
09:56:01,64.32,100,
09:56:01,64.32,400,
09:56:02,64.3101,319,
09:56:03,64.32,100,
09:56:03,64.32,100,
09:56:03,64.32,115,
09:56:03,64.32,100,
09:56:03,64.32,200,
09:56:03,64.32,367,
09:56:03,64.32,133,
09:56:03,64.32,100,
09:56:03,64.32,100,
09:56:03,64.32,100,
09:56:03,64.32,300,
09:56:03,64.32,400,
09:56:03,64.3201,128,
09:56:03,64.32,210,
09:56:03,64.32,100,
09:56:05,64.32,400,
09:56:06,64.3201,119,
09:56:06,64.3201,100,
09:56:08,64.32,600,
09:56:08,64.32,400,
09:56:10,64.3201,473,
09:56:10,64.32,500,
09:56:12,64.33,300,
09:56:12,64.33,300,
09:56:13,64.3287,1000,
09:56:15,64.33,100,
09:56:15,64.33,100,
09:56:15,64.33,100,
09:56:15,64.33,100,
09:56:15,64.33,300,
09:56:15,64.33,300,
09:56:15,64.33,100,
09:56:15,64.33,200,
09:56:15,64.33,400,
09:56:15,64.33,400,
09:56:15,64.3301,144,
09:56:15,64.3301,100,
09:56:15,64.33,100,
09:56:16,64.33,219,
09:56:16,64.335,385,
09:56:18,64.33,200,
09:56:25,64.32,200,
09:56:25,64.325,100,
09:56:25,64.32,300,
09:56:26,64.32,100,
09:56:26,64.3101,154,
09:56:26,64.319,700,
09:56:27,64.32,200,
09:56:27,64.31,100,
09:56:27,64.31,100,
09:56:27,64.3101,100,
09:56:27,64.3101,115,
09:56:27,64.32,300,
09:56:28,64.3195,200,
09:56:28,64.3101,319,
09:56:29,64.3101,550,
09:56:29,64.32,100,
09:56:29,64.32,200,
09:56:31,64.32,1600,
09:56:32,64.32,5000,
09:56:32,64.32,100,
09:56:32,64.32,200,
09:56:32,64.32,100,
09:56:32,64.32,300,
09:56:32,64.32,700,
09:56:32,64.32,600,
09:56:32,64.32,100,
09:56:32,64.32,1900,
09:56:32,64.32,700,
09:56:32,64.32,900,
09:56:32,64.32,200,
09:56:32,64.32,2000,
09:56:33,64.31,200,
09:56:35,64.3199,1500,
09:56:35,64.31,400,
09:56:35,64.31,200,
09:56:35,64.31,400,
09:56:35,64.31,100,
09:56:35,64.31,200,
09:56:35,64.31,100,
09:56:35,64.31,100,
09:56:35,64.31,100,
09:56:35,64.31,100,
09:56:35,64.31,100,
09:56:35,64.30,100,
09:56:35,64.30,200,
09:56:35,64.30,300,
09:56:36,64.31,200,
09:56:36,64.31,385,
09:56:37,64.31,159,
09:56:37,64.3101,160,
09:56:38,64.3186,100,
09:56:39,64.31,200,
09:56:39,64.31,154,
09:56:39,64.31,400,
09:56:42,64.3101,704,
09:56:44,64.3101,159,
09:56:44,64.32,100,
09:56:44,64.32,100,
09:56:44,64.32,100,
09:56:44,64.32,100,
09:56:44,64.32,100,
09:56:44,64.32,200,
09:56:44,64.3201,550,
09:56:46,64.3201,200,
09:56:46,64.32,100,
09:56:46,64.3201,104,
09:56:47,64.3201,128,
09:56:47,64.32,100,
09:56:47,64.3199,100,
09:56:48,64.32,500,
09:56:48,64.32,704,
09:56:49,64.3201,191,
09:56:51,64.32,200,
09:56:51,64.32,365,
09:56:51,64.32,335,
09:56:51,64.32,100,
09:56:56,64.32,192,
09:56:58,64.3217,300,
09:57:02,64.32,152,
09:57:02,64.32,200,
09:57:02,64.32,100,
09:57:03,64.31,7000,
09:57:05,64.32,500,
09:57:05,64.32,192,
09:57:05,64.32,512,
09:57:06,64.32,200,
09:57:06,64.32,300,
09:57:06,64.32,1800,
09:57:06,64.32,200,
09:57:06,64.33,1567,
09:57:07,64.32,100,
09:57:07,64.32,100,
09:57:07,64.32,100,
09:57:09,64.3295,200,
09:57:10,64.32,200,
09:57:12,64.32,100,
09:57:12,64.32,100,
09:57:12,64.3201,100,
09:57:12,64.3201,192,
09:57:15,64.3201,193,
09:57:16,64.3201,704,
09:57:17,64.3201,385,
09:57:17,64.32,100,
09:57:17,64.32,200,
09:57:17,64.32,100,
09:57:20,64.3155,125,
09:57:21,64.3101,116,
09:57:23,64.3101,319,
09:57:28,64.32,800,
09:57:28,64.32,500,
09:57:28,64.32,400,
09:57:28,64.32,100,
09:57:28,64.32,100,
09:57:29,64.3201,119,
09:57:29,64.32,100,
09:57:29,64.32,100,
09:57:31,64.3201,200,
09:57:31,64.3201,204,
09:57:31,64.3201,100,
09:57:31,64.3201,154,
09:57:32,64.3201,319,
09:57:32,64.32,100,
09:57:32,64.3201,119,
09:57:33,64.3201,513,
09:57:37,64.3201,704,
09:57:37,64.3201,131,
09:57:37,64.3201,154,
09:57:38,64.32,200,
09:57:38,64.3101,282,
09:57:39,64.3101,155,
09:57:39,64.3101,231,
09:57:40,64.32,100,
09:57:40,64.32,500,
09:57:40,64.32,154,
09:57:42,64.33,500,
09:57:42,64.33,100,
09:57:42,64.3301,100,
09:57:42,64.33,100,
09:57:43,64.335,100,
09:57:44,64.3301,192,
09:57:45,64.3301,192,
09:57:46,64.3301,127,
09:57:46,64.3301,191,
09:57:49,64.34,100,
09:57:49,64.34,128,
09:57:49,64.34,100,
09:57:49,64.34,100,
09:57:49,64.34,100,
09:57:49,64.34,127,
09:57:49,64.3401,155,
09:57:49,64.3401,159,
09:57:49,64.35,1000,
09:57:51,64.3401,200,
09:57:51,64.34,100,
09:57:51,64.34,100,
09:57:52,64.349,310,
09:57:53,64.3301,319,
09:57:55,64.34,100,
09:57:55,64.34,100,
09:57:56,64.3301,256,
09:57:58,64.33,200,
09:57:58,64.33,500,
09:58:00,64.33,200,
09:58:00,64.33,200,
09:58:00,64.33,200,
09:58:02,64.3301,127,
09:58:06,64.3301,319,
09:58:06,64.34,100,
09:58:06,64.34,100,
09:58:06,64.34,100,
09:58:06,64.34,100,
09:58:06,64.34,100,
09:58:06,64.34,100,
09:58:06,64.34,128,
09:58:07,64.3401,204,
09:58:08,64.3401,200,
09:58:08,64.3401,100,
09:58:08,64.3401,160,
09:58:10,64.34,500,
09:58:12,64.3301,287,
09:58:14,64.34,385,
09:58:14,64.3401,128,
09:58:16,64.34,165,
09:58:16,64.3301,160,
09:58:19,64.34,100,
09:58:19,64.3301,319,
09:58:20,64.33,100,
09:58:21,64.3301,119,
09:58:21,64.3301,100,
09:58:23,64.33,100,
09:58:23,64.33,100,
09:58:23,64.33,100,
09:58:23,64.33,100,
09:58:23,64.33,500,
09:58:23,64.33,100,
09:58:26,64.33,600,
09:58:38,64.32,100,
09:58:48,64.33,100,
09:58:49,64.33,500,
09:58:52,64.34,1400,
09:58:57,64.3311,100,
09:59:10,64.34,200,
09:59:10,64.34,100,
09:59:11,64.3301,285,
09:59:12,64.34,100,
09:59:14,64.339,100,
09:59:16,64.34,100,
09:59:16,64.34,100,
09:59:16,64.34,100,
09:59:16,64.34,100,
09:59:16,64.34,100,
09:59:16,64.34,385,
09:59:16,64.3401,153,
09:59:16,64.34,100,
09:59:17,64.3401,698,
09:59:18,64.3401,114,
09:59:18,64.3499,500,
09:59:21,64.3461,300,
09:59:25,64.34,300,
09:59:25,64.33,198,
09:59:27,64.33,302,
09:59:27,64.33,100,
09:59:29,64.339,160,
09:59:29,64.33,200,
09:59:29,64.33,100,
09:59:29,64.33,100,
09:59:29,64.331,700,
09:59:29,64.32,800,
09:59:29,64.32,100,
09:59:29,64.32,1200,
09:59:29,64.32,400,
09:59:30,64.31,100,
09:59:30,64.31,500,
09:59:31,64.31,100,
09:59:31,64.31,500,
09:59:31,64.31,200,
09:59:31,64.31,200,
09:59:34,64.32,100,
09:59:35,64.315,100,
09:59:47,64.31,800,
09:59:47,64.31,500,
09:59:47,64.30,100,
09:59:47,64.30,200,
09:59:47,64.31,100,
09:59:47,64.31,100,
09:59:47,64.31,100,
09:59:47,64.31,100,
09:59:47,64.31,100,
09:59:47,64.31,100,
09:59:47,64.31,100,
09:59:47,64.31,100,
09:59:50,64.32,200,
09:59:50,64.32,500,
09:59:50,64.32,100,
09:59:50,64.32,100,
09:59:50,64.32,100,
09:59:50,64.32,100,
09:59:50,64.32,100,
09:59:50,64.32,100,
09:59:50,64.3201,100,
09:59:51,64.32,500,
09:59:51,64.32,200,
09:59:57,64.32,500,
09:59:57,64.32,500,
09:59:57,64.32,200,
09:59:58,64.33,400,
10:00:12,64.32,200,
10:00:12,64.32,200,
10:00:12,64.32,200,
10:00:12,64.32,300,
10:00:14,64.33,300,
10:00:20,64.33,100,
10:00:28,64.33,3000,
10:00:28,64.33,185,
10:00:28,64.33,115,
10:00:28,64.33,500,
10:00:28,64.33,300,
10:00:28,64.33,100,
10:00:28,64.34,1500,
10:00:28,64.34,300,
10:00:28,64.34,200,
10:00:30,64.33,200,
10:00:30,64.3301,126,
10:00:31,64.3301,699,
10:00:33,64.3301,158,
10:00:34,64.3301,191,
10:00:40,64.331,1961,
10:00:48,64.34,100,
10:00:48,64.34,300,
10:00:54,64.33,200,
10:00:58,64.34,100,
10:01:03,64.3301,100,
10:01:09,64.33,200,
10:01:10,64.34,100,
10:01:10,64.34,100,
10:01:10,64.34,100,
10:01:10,64.34,100,
10:01:10,64.34,300,
10:01:10,64.34,100,
10:01:11,64.3401,508,
10:01:12,64.35,700,
10:01:12,64.35,3048,
10:01:12,64.35,100,
10:01:12,64.35,100,
10:01:12,64.35,191,
10:01:12,64.35,100,
10:01:12,64.35,507,
10:01:13,64.3501,808,
10:01:14,64.36,100,
10:01:14,64.36,100,
10:01:19,64.3567,625,
10:01:21,64.3599,600,
10:01:23,64.36,200,
10:01:23,64.36,100,
10:01:23,64.36,100,
10:01:23,64.36,100,
10:01:25,64.37,300,
10:01:30,64.36,371,
10:01:30,64.36,200,
10:01:30,64.36,200,
10:01:30,64.36,200,
10:01:30,64.36,700,
10:01:30,64.35,100,
10:01:30,64.355,100,
10:01:30,64.35,400,
10:01:30,64.34,200,
10:01:30,64.34,500,
10:01:32,64.34,800,
10:01:32,64.349,300,
10:01:32,64.34,100,
10:01:32,64.34,100,
10:01:32,64.34,100,
10:01:32,64.34,300,
10:01:32,64.34,100,
10:01:32,64.34,100,
10:01:32,64.3399,100,
10:01:32,64.34,100,
10:01:33,64.341,300,
10:01:34,64.3401,2000,
10:01:37,64.34,500,
10:01:47,64.33,100,
10:01:47,64.33,500,
10:01:47,64.33,200,
10:01:47,64.33,200,
10:01:47,64.33,100,
10:01:54,64.34,100,
10:01:59,64.34,652,
10:01:59,64.34,762,
10:02:01,64.3499,1000,
10:02:09,64.342,2000,
10:02:10,64.34,500,
10:02:15,64.34,700,
10:02:19,64.34,500,
10:02:19,64.34,100,
10:02:19,64.34,221,
10:02:19,64.34,200,
10:02:19,64.34,200,
10:02:19,64.33,2000,
10:02:19,64.33,27900,
10:02:19,64.33,5200,
10:02:19,64.33,1700,
10:02:19,64.33,1900,
10:02:23,64.34,200,
10:02:23,64.34,200,
10:02:23,64.34,200,
10:02:23,64.34,500,
10:02:30,64.35,100,
10:02:32,64.34,500,
10:02:32,64.33,200,
10:02:32,64.33,100,
10:02:32,64.33,100,
10:02:32,64.33,100,
10:02:32,64.33,100,
10:02:32,64.33,600,
10:02:32,64.33,100,
10:02:32,64.32,100,
10:02:32,64.32,200,
10:02:32,64.32,100,
10:02:32,64.32,100,
10:02:32,64.32,400,
10:02:32,64.32,200,
10:02:32,64.32,100,
10:02:37,64.31,100,
10:02:49,64.31,300,
10:02:53,64.319,100,
10:02:57,64.319,100,
10:03:00,64.31,100,
10:03:00,64.31,1492,
10:03:02,64.30,700,
10:03:02,64.30,500,
10:03:02,64.30,100,
10:03:02,64.30,100,
10:03:02,64.30,100,
10:03:02,64.30,100,
10:03:02,64.30,100,
10:03:02,64.29,200,
10:03:04,64.29,300,
10:03:04,64.2999,1400,
10:03:04,64.29,100,
10:03:05,64.2999,300,
10:03:05,64.29,500,
10:03:06,64.28,1300,
10:03:06,64.28,100,
10:03:06,64.28,100,
10:03:06,64.28,100,
10:03:06,64.28,400,
10:03:06,64.28,100,
10:03:06,64.28,100,
10:03:07,64.28,200,
10:03:07,64.28,200,
10:03:07,64.28,300,
10:03:07,64.28,300,
10:03:07,64.28,200,
10:03:07,64.29,100,
10:03:07,64.29,1100,
10:03:07,64.28,200,
10:03:08,64.28,100,
10:03:11,64.28,500,
10:03:12,64.28,200,
10:03:12,64.28,200,
10:03:12,64.28,500,
10:03:15,64.29,400,
10:03:15,64.29,368,
10:03:16,64.2901,698,
10:03:17,64.29,500,
10:03:17,64.2899,100,
10:03:18,64.28,400,
10:03:18,64.28,200,
10:03:18,64.28,100,
10:03:18,64.28,400,
10:03:18,64.28,100,
10:03:18,64.28,100,
10:03:18,64.28,100,
10:03:18,64.28,100,
10:03:24,64.27,100,
10:03:24,64.27,100,
10:03:24,64.27,100,
10:03:24,64.27,100,
10:03:24,64.27,100,
10:03:24,64.27,100,
10:03:24,64.27,300,
10:03:25,64.27,100,
10:03:25,64.27,540,
10:03:27,64.27,500,
10:03:28,64.26,200,
10:03:29,64.26,100,
10:03:29,64.26,100,
10:03:29,64.26,100,
10:03:29,64.26,100,
10:03:29,64.26,100,
10:03:30,64.25,300,
10:03:32,64.26,200,
10:03:32,64.26,128,
10:03:32,64.26,300,
10:03:32,64.26,200,
10:03:32,64.2601,116,
10:03:35,64.2601,546,
10:03:36,64.26,140,
10:03:36,64.26,100,
10:03:38,64.26,100,
10:03:38,64.26,1000,
10:03:38,64.2601,116,
10:03:39,64.2601,379,
10:03:42,64.2684,175,
10:03:47,64.26,100,
10:03:48,64.26,279,
10:03:50,64.26,200,
10:03:50,64.26,500,
10:03:50,64.26,200,
10:03:51,64.27,100,
10:03:51,64.27,386,
10:03:51,64.27,2000,
10:03:52,64.27,500,
10:03:54,64.2601,160,
10:03:58,64.26,200,
10:03:58,64.26,500,
10:03:58,64.26,100,
10:03:58,64.26,200,
10:03:58,64.26,200,
10:03:58,64.26,100,
10:03:58,64.26,100,
10:03:58,64.26,100,
10:03:58,64.267,100,
10:03:59,64.26,160,
10:04:00,64.2601,193,
10:04:02,64.265,100,
10:04:08,64.26,457,
10:04:17,64.27,200,
10:04:17,64.27,176,
10:04:18,64.28,400,
10:04:18,64.28,500,
10:04:18,64.28,1000,
10:04:18,64.28,100,
10:04:18,64.28,100,
10:04:18,64.28,100,
10:04:18,64.28,100,
10:04:18,64.28,282,
10:04:23,64.28,500,
10:04:23,64.28,200,
10:04:23,64.28,100,
10:04:31,64.28,200,
10:04:31,64.28,545,
10:04:31,64.28,500,
10:04:35,64.28,100,
10:04:35,64.28,353,
10:04:35,64.28,100,
10:04:35,64.287,930,
10:04:38,64.279,100,
10:04:43,64.2752,200,
10:04:44,64.28,116,
10:04:44,64.28,500,
10:04:46,64.28,100,
10:04:46,64.28,500,
10:05:00,64.28,161,
10:05:00,64.2801,386,
10:05:05,64.2801,546,
10:05:12,64.28,100,
10:05:12,64.28,200,
10:05:12,64.2701,547,
10:05:13,64.27,200,
10:05:13,64.27,100,
10:05:13,64.27,200,
10:05:13,64.27,200,
10:05:13,64.27,428,
10:05:13,64.27,100,
10:05:13,64.27,600,
10:05:13,64.27,100,
10:05:13,64.27,100,
10:05:13,64.27,878,
10:05:14,64.27,200,
10:05:17,64.27,100,
10:05:17,64.2701,431,
10:05:22,64.2701,547,
10:05:23,64.27,500,
10:05:24,64.27,200,
10:05:24,64.27,500,
10:05:25,64.26,300,
10:05:26,64.27,100,
10:05:26,64.2701,115,
10:05:27,64.27,100,
10:05:28,64.27,100,
10:05:28,64.27,100,
10:05:28,64.27,100,
10:05:28,64.27,100,
10:05:28,64.27,163,
10:05:32,64.26,300,
10:05:33,64.27,100,
10:05:33,64.27,100,
10:05:33,64.27,148,
10:05:37,64.27,160,
10:05:39,64.27,500,
10:05:39,64.27,407,
10:05:39,64.27,100,
10:05:47,64.26,100,
10:05:47,64.26,1587,
10:05:47,64.26,200,
10:05:47,64.26,100,
10:05:48,64.25,600,
10:05:48,64.25,100,
10:05:48,64.25,100,
10:05:48,64.25,100,
10:05:48,64.25,100,
10:05:48,64.25,500,
10:05:49,64.25,500,
10:05:49,64.25,100,
10:05:49,64.2501,100,
10:05:51,64.24,100,
10:05:51,64.24,100,
10:05:51,64.24,100,
10:05:51,64.24,100,
10:05:51,64.24,100,
10:05:51,64.24,100,
10:05:52,64.23,100,
10:05:54,64.23,100,
10:05:55,64.23,100,
10:05:55,64.23,100,
10:05:55,64.23,100,
10:05:55,64.23,100,
10:05:55,64.23,100,
10:05:55,64.23,200,
10:05:55,64.23,300,
10:05:55,64.23,100,
10:05:55,64.2352,200,
10:05:56,64.2399,100,
10:05:56,64.2301,129,
10:05:57,64.2301,161,
10:05:59,64.2301,161,
10:06:04,64.24,100,
10:06:04,64.24,100,
10:06:06,64.23,100,
10:06:07,64.23,100,
10:06:07,64.23,1896,
10:06:07,64.23,1304,
10:06:08,64.231,800,
10:06:10,64.22,100,
10:06:10,64.22,100,
10:06:10,64.22,100,
10:06:10,64.22,100,
10:06:10,64.22,100,
10:06:12,64.22,300,
10:06:12,64.22,500,
10:06:13,64.22,200,
10:06:17,64.23,100,
10:06:17,64.23,200,
10:06:17,64.23,200,
10:06:17,64.23,700,
10:06:17,64.23,600,
10:06:17,64.24,200,
10:06:23,64.23,100,
10:06:23,64.23,200,
10:06:23,64.23,1843,
10:06:23,64.23,200,
10:06:23,64.23,8950,
10:06:23,64.23,3114,
10:06:23,64.23,458,
10:06:23,64.22,100,
10:06:23,64.22,800,
10:06:23,64.22,100,
10:06:23,64.22,500,
10:06:23,64.22,100,
10:06:23,64.22,100,
10:06:23,64.22,100,
10:06:24,64.22,100,
10:06:25,64.22,100,
10:06:25,64.22,300,
10:06:25,64.22,200,
10:06:25,64.22,500,
10:06:26,64.22,200,
10:06:30,64.23,100,
10:06:30,64.23,100,
10:06:30,64.23,100,
10:06:30,64.23,400,
10:06:30,64.23,200,
10:06:30,64.23,500,
10:06:30,64.23,100,
10:06:30,64.23,200,
10:06:30,64.23,100,
10:06:30,64.24,100,
10:06:30,64.24,200,
10:06:34,64.2301,161,
10:06:36,64.23,100,
10:06:36,64.23,200,
10:06:38,64.23,100,
10:06:41,64.23,100,
10:06:46,64.23,100,
10:06:47,64.24,300,
10:06:47,64.24,400,
10:06:47,64.24,100,
10:06:48,64.2399,100,
10:06:48,64.23,161,
10:06:49,64.23,200,
10:06:49,64.23,600,
10:06:49,64.23,139,
10:06:54,64.22,100,
10:06:54,64.22,100,
10:06:54,64.22,100,
10:06:54,64.22,100,
10:06:54,64.22,100,
10:06:54,64.22,100,
10:06:56,64.21,500,
10:06:57,64.21,398,
10:06:59,64.211,800,
10:07:04,64.21,200,
10:07:04,64.21,2000,
10:07:04,64.21,500,
10:07:04,64.22,300,
10:07:04,64.21,200,
10:07:04,64.21,600,
10:07:04,64.21,2100,
10:07:04,64.21,200,
10:07:04,64.21,800,
10:07:04,64.21,300,
10:07:04,64.21,300,
10:07:04,64.21,274,
10:07:04,64.21,200,
10:07:04,64.21,200,
10:07:05,64.21,100,
10:07:05,64.21,100,
10:07:05,64.21,100,
10:07:05,64.21,300,
10:07:08,64.21,400,
10:07:09,64.21,200,
10:07:09,64.2099,200,
10:07:09,64.20,200,
10:07:09,64.2075,500,
10:07:09,64.21,400,
10:07:10,64.21,1200,
10:07:10,64.21,1000,
10:07:10,64.21,300,
10:07:10,64.21,500,
10:07:10,64.21,600,
10:07:10,64.21,263,
10:07:16,64.21,500,
10:07:16,64.21,500,
10:07:16,64.21,100,
10:07:16,64.21,1300,
10:07:16,64.21,100,
10:07:17,64.21,100,
10:07:20,64.2119,650,
10:07:21,64.21,452,
10:07:23,64.20,300,
10:07:27,64.21,100,
10:07:27,64.21,500,
10:07:27,64.21,233,
10:07:27,64.2101,284,
10:07:29,64.22,800,
10:07:29,64.22,100,
10:07:29,64.22,500,
10:07:29,64.22,200,
10:07:29,64.22,100,
10:07:29,64.22,900,
10:07:30,64.22,500,
10:07:30,64.22,500,
10:07:30,64.22,800,
10:07:30,64.22,200,
10:07:30,64.22,100,
10:07:31,64.22,100,
10:07:31,64.22,367,
10:07:32,64.2205,600,
10:07:34,64.22,100,
10:07:34,64.21,1600,
10:07:35,64.22,1200,
10:07:35,64.2201,161,
10:07:36,64.22,100,
10:07:37,64.22,449,
10:07:37,64.22,500,
10:07:38,64.22,1300,
10:07:38,64.22,100,
10:07:38,64.22,100,
10:07:38,64.2201,356,
10:07:41,64.23,100,
10:07:43,64.2201,213,
10:07:45,64.23,100,
10:07:45,64.23,200,
10:07:45,64.23,100,
10:07:45,64.23,161,
10:07:45,64.23,100,
10:07:45,64.23,100,
10:07:45,64.23,150,
10:07:45,64.23,500,
10:07:45,64.23,100,
10:07:45,64.23,400,
10:07:46,64.23,100,
10:07:53,64.2399,400,
10:07:53,64.24,100,
10:07:53,64.24,300,
10:07:53,64.2399,700,
10:07:54,64.2399,2500,
10:08:01,64.24,100,
10:08:01,64.24,100,
10:08:01,64.24,555,
10:08:02,64.24,100,
10:08:02,64.24,100,
10:08:02,64.2401,162,
10:08:02,64.2401,100,
10:08:03,64.2401,517,
10:08:03,64.25,500,
10:08:03,64.25,100,
10:08:03,64.25,100,
10:08:03,64.25,100,
10:08:03,64.25,100,
10:08:03,64.25,100,
10:08:03,64.25,1000,
10:08:06,64.253,800,
10:08:10,64.26,100,
10:08:10,64.26,100,
10:08:10,64.26,100,
10:08:10,64.26,500,
10:08:10,64.26,100,
10:08:10,64.26,100,
10:08:10,64.26,100,
10:08:10,64.26,194,
10:08:10,64.255,800,
10:08:16,64.27,216,
10:08:16,64.27,100,
10:08:16,64.27,100,
10:08:16,64.27,100,
10:08:16,64.27,800,
10:08:16,64.27,100,
10:08:16,64.27,100,
10:08:16,64.27,500,
10:08:16,64.27,1800,
10:08:19,64.26,3961,
10:08:22,64.27,500,
10:08:22,64.27,500,
10:08:22,64.27,100,
10:08:22,64.27,100,
10:08:22,64.27,100,
10:08:22,64.27,100,
10:08:22,64.27,100,
10:08:23,64.2701,511,
10:08:24,64.2701,309,
10:08:28,64.28,100,
10:08:29,64.28,100,
10:08:29,64.28,100,
10:08:29,64.2801,145,
10:08:33,64.2801,187,
10:08:33,64.2801,193,
10:08:35,64.28,100,
10:08:35,64.28,100,
10:08:39,64.28,1800,
10:08:39,64.28,100,
10:08:41,64.28,200,
10:08:41,64.28,500,
10:08:41,64.28,383,
10:08:42,64.2801,194,
10:08:44,64.29,100,
10:08:44,64.29,100,
10:08:45,64.2801,100,
10:08:46,64.2801,193,
10:08:48,64.2801,309,
10:08:50,64.28,500,
10:08:53,64.2801,2000,
10:08:53,64.2801,187,
10:08:54,64.2801,194,
10:08:57,64.28,360,
10:08:57,64.28,100,
10:08:57,64.28,140,
10:08:58,64.2705,196,
10:08:59,64.28,500,
10:08:59,64.28,100,
10:08:59,64.28,3100,
10:08:59,64.28,800,
10:08:59,64.28,100,
10:08:59,64.28,400,
10:08:59,64.28,400,
10:08:59,64.28,4100,
10:08:59,64.28,100,
10:09:00,64.2701,2388,
10:09:03,64.28,100,
10:09:03,64.28,100,
10:09:05,64.28,113,
10:09:08,64.28,100,
10:09:08,64.28,100,
10:09:08,64.28,100,
10:09:08,64.28,100,
10:09:08,64.28,387,
10:09:08,64.28,274,
10:09:08,64.28,100,
10:09:08,64.28,726,
10:09:08,64.28,600,
10:09:08,64.28,142,
10:09:08,64.28,600,
10:09:08,64.2801,194,
10:09:13,64.2801,387,
10:09:13,64.2801,116,
10:09:17,64.28,400,
10:09:31,64.27,500,
10:09:31,64.27,800,
10:09:31,64.27,500,
10:09:31,64.27,633,
10:09:31,64.27,1000,
10:09:31,64.27,733,
10:09:31,64.27,1267,
10:09:31,64.27,100,
10:09:31,64.27,100,
10:09:31,64.27,100,
10:09:31,64.27,100,
10:09:31,64.27,100,
10:09:31,64.27,233,
10:09:32,64.27,200,
10:09:32,64.27,500,
10:09:32,64.27,1242,
10:09:32,64.27,200,
10:09:32,64.27,200,
10:09:32,64.2701,1000,
10:09:37,64.2701,708,
10:09:38,64.27,200,
10:09:43,64.27,100,
10:09:43,64.2701,245,
10:09:43,64.27,100,
10:09:45,64.27,200,
10:09:45,64.27,192,
10:09:50,64.2601,128,
10:09:51,64.2699,100,
10:09:52,64.27,100,
10:09:53,64.27,200,
10:09:53,64.27,100,
10:09:53,64.27,100,
10:09:53,64.2701,321,
10:09:54,64.2701,155,
10:09:56,64.2701,208,
10:09:56,64.27,100,
10:09:56,64.2701,100,
10:10:00,64.27,100,
10:10:00,64.27,100,
10:10:00,64.2701,193,
10:10:10,64.28,100,
10:10:10,64.28,100,
10:10:10,64.28,100,
10:10:10,64.28,100,
10:10:10,64.28,100,
10:10:10,64.28,100,
10:10:10,64.28,100,
10:10:10,64.28,100,
10:10:11,64.2801,116,
10:10:16,64.29,200,
10:10:16,64.29,600,
10:10:16,64.29,100,
10:10:17,64.2901,257,
10:10:18,64.29,100,
10:10:18,64.29,100,
10:10:18,64.2901,232,
10:10:18,64.2901,232,
10:10:21,64.30,100,
10:10:21,64.30,200,
10:10:21,64.30,3100,
10:10:21,64.30,300,
10:10:21,64.30,600,
10:10:21,64.30,600,
10:10:21,64.30,200,
10:10:21,64.30,100,
10:10:21,64.30,100,
10:10:21,64.30,100,
10:10:21,64.30,155,
10:10:21,64.30,100,
10:10:21,64.30,800,
10:10:21,64.31,100,
10:10:21,64.31,100,
10:10:21,64.31,100,
10:10:21,64.31,100,
10:10:21,64.31,100,
10:10:21,64.31,100,
10:10:23,64.31,800,
10:10:23,64.31,500,
10:10:23,64.301,500,
10:10:23,64.30,4300,
10:10:24,64.30,200,
10:10:25,64.31,200,
10:10:25,64.31,200,
10:10:25,64.31,300,
10:10:25,64.31,700,
10:10:25,64.31,300,
10:10:31,64.31,400,
10:10:33,64.31,100,
10:10:38,64.31,200,
10:10:40,64.31,100,
10:10:40,64.31,100,
10:10:40,64.31,800,
10:10:40,64.31,100,
10:10:40,64.31,100,
10:10:48,64.31,200,
10:10:48,64.31,1300,
10:10:48,64.31,200,
10:10:48,64.31,100,
10:10:48,64.31,800,
10:10:48,64.31,600,
10:10:48,64.31,400,
10:10:48,64.31,200,
10:10:48,64.31,646,
10:10:48,64.31,800,
10:10:48,64.31,706,
10:10:48,64.31,500,
10:10:48,64.31,350,
10:10:48,64.31,700,
10:10:48,64.31,1000,
10:10:48,64.31,800,
10:10:48,64.31,400,
10:10:48,64.31,300,
10:10:48,64.31,100,
10:10:48,64.31,200,
10:10:48,64.31,600,
10:10:48,64.31,200,
10:10:50,64.309,250,
10:10:53,64.31,100,
10:10:53,64.31,500,
10:10:54,64.31,500,
10:10:54,64.31,667,
10:10:54,64.31,500,
10:10:56,64.30,200,
10:10:56,64.30,100,
10:10:56,64.30,200,
10:10:56,64.30,399,
10:10:56,64.30,399,
10:10:56,64.30,101,
10:10:56,64.30,100,
10:10:59,64.291,100,
10:11:02,64.2992,300,
10:11:04,64.29,100,
10:11:04,64.29,100,
10:11:04,64.29,100,
10:11:04,64.29,500,
10:11:04,64.29,100,
10:11:04,64.29,200,
10:11:04,64.29,100,
10:11:04,64.2899,400,
10:11:04,64.29,500,
10:11:04,64.29,282,
10:11:04,64.29,500,
10:11:05,64.29,500,
10:11:08,64.29,1800,
10:11:08,64.29,500,
10:11:08,64.29,111,
10:11:08,64.29,111,
10:11:08,64.29,191,
10:11:08,64.287,100,
10:11:09,64.29,100,
10:11:27,64.29,319,
10:11:27,64.29,500,
10:11:35,64.30,500,
10:11:35,64.30,318,
10:11:35,64.30,100,
10:11:35,64.30,100,
10:11:35,64.30,174,
10:11:35,64.30,100,
10:11:35,64.30,200,
10:11:35,64.30,100,
10:11:42,64.307,100,
10:11:44,64.30,500,
10:11:46,64.29,100,
10:11:47,64.30,133,
10:11:47,64.30,267,
10:11:52,64.30,800,
10:11:57,64.29,100,
10:12:02,64.29,200,
10:12:02,64.29,100,
10:12:02,64.29,100,
10:12:02,64.29,100,
10:12:02,64.29,100,
10:12:02,64.29,100,
10:12:02,64.29,100,
10:12:05,64.28,200,
10:12:05,64.28,200,
10:12:05,64.28,100,
10:12:05,64.28,133,
10:12:05,64.28,100,
10:12:11,64.27,100,
10:12:11,64.27,100,
10:12:11,64.27,100,
10:12:11,64.27,100,
10:12:11,64.27,100,
10:12:11,64.27,100,
10:12:14,64.27,400,
10:12:19,64.28,100,
10:12:19,64.28,200,
10:12:19,64.28,400,
10:12:19,64.28,200,
10:12:19,64.29,100,
10:12:19,64.29,300,
10:12:24,64.2877,200,
10:12:27,64.29,400,
10:12:27,64.29,200,
10:12:28,64.29,100,
10:12:28,64.29,100,
10:12:28,64.29,100,
10:12:28,64.29,100,
10:12:28,64.29,100,
10:12:28,64.29,100,
10:12:28,64.29,100,
10:12:28,64.29,200,
10:12:33,64.28,6400,
10:12:39,64.29,300,
10:12:44,64.2901,318,
10:12:45,64.2901,318,
10:12:47,64.2901,7000,
10:12:50,64.30,200,
10:12:50,64.30,1600,
10:12:50,64.30,3100,
10:12:50,64.30,500,
10:12:50,64.30,400,
10:12:50,64.30,319,
10:12:50,64.30,1000,
10:12:51,64.3099,100,
10:12:53,64.31,2500,
10:12:53,64.31,192,
10:12:53,64.31,100,
10:12:53,64.31,100,
10:12:53,64.31,600,
10:12:53,64.31,100,
10:12:53,64.31,100,
10:12:56,64.32,300,
10:13:00,64.32,400,
10:13:00,64.32,400,
10:13:00,64.32,5000,
10:13:00,64.32,400,
10:13:00,64.32,1600,
10:13:00,64.32,300,
10:13:00,64.32,200,
10:13:00,64.32,100,
10:13:00,64.32,100,
10:13:00,64.32,100,
10:13:00,64.32,100,
10:13:00,64.32,100,
10:13:00,64.32,100,
10:13:06,64.33,100,
10:13:06,64.33,100,
10:13:06,64.33,100,
10:13:06,64.33,100,
10:13:06,64.33,100,
10:13:06,64.33,100,
10:13:06,64.33,100,
10:13:06,64.33,100,
10:13:07,64.33,500,
10:13:07,64.3201,302,
10:13:07,64.32,100,
10:13:07,64.32,2500,
10:13:10,64.3101,100,
10:13:10,64.31,100,
10:13:10,64.31,100,
10:13:10,64.31,100,
10:13:10,64.31,100,
10:13:10,64.31,100,
10:13:10,64.31,100,
10:13:10,64.31,100,
10:13:10,64.31,100,
10:13:10,64.31,800,
10:13:10,64.31,500,
10:13:10,64.31,200,
10:13:10,64.31,800,
10:13:10,64.31,700,
10:13:10,64.31,1100,
10:13:10,64.31,900,
10:13:11,64.31,100,
10:13:12,64.3101,384,
10:13:13,64.31,284,
10:13:13,64.31,100,
10:13:15,64.31,100,
10:13:16,64.31,200,
10:13:16,64.31,115,
10:13:19,64.31,500,
10:13:23,64.31,100,
10:13:23,64.31,400,
10:13:23,64.32,100,
10:13:29,64.32,500,
10:13:29,64.31,100,
10:13:29,64.32,100,
10:13:29,64.32,100,
10:13:29,64.32,100,
10:13:29,64.32,100,
10:13:29,64.32,100,
10:13:34,64.33,154,
10:13:34,64.33,100,
10:13:36,64.33,500,
10:13:36,64.33,100,
10:13:39,64.33,500,
10:13:43,64.33,1000,
10:13:43,64.33,500,
10:13:45,64.33,500,
10:13:45,64.33,100,
10:13:46,64.34,100,
10:13:46,64.34,870,
10:13:46,64.34,100,
10:13:46,64.34,100,
10:13:46,64.34,100,
10:13:46,64.34,100,
10:13:46,64.34,100,
10:13:46,64.3401,100,
10:13:46,64.34,100,
10:13:48,64.34,500,
10:13:48,64.34,153,
10:13:51,64.3375,500,
10:13:51,64.34,1000,
10:13:51,64.34,100,
10:13:51,64.33,200,
10:13:51,64.33,150,
10:13:51,64.33,200,
10:13:51,64.33,450,
10:13:54,64.3299,100,
10:13:54,64.3201,118,
10:13:55,64.32,400,
10:13:55,64.32,500,
10:13:55,64.32,600,
10:13:55,64.32,100,
10:13:55,64.32,200,
10:13:55,64.32,100,
10:13:55,64.32,100,
10:13:55,64.32,100,
10:13:55,64.32,100,
10:13:55,64.32,100,
10:13:55,64.32,100,
10:13:55,64.32,100,
10:13:55,64.32,100,
10:13:58,64.31,200,
10:13:58,64.31,200,
10:13:58,64.31,300,
10:13:58,64.31,100,
10:13:58,64.31,300,
10:14:10,64.318,1500,
10:14:15,64.31,220,
10:14:17,64.31,100,
10:14:17,64.31,100,
10:14:17,64.31,100,
10:14:17,64.31,100,
10:14:19,64.31,400,
10:14:19,64.31,700,
10:14:19,64.31,2000,
10:14:19,64.31,500,
10:14:19,64.31,1000,
10:14:27,64.32,300,
10:14:27,64.32,2000,
10:14:27,64.32,2200,
10:14:27,64.32,100,
10:14:27,64.32,100,
10:14:27,64.32,100,
10:14:27,64.32,200,
10:14:27,64.32,400,
10:14:27,64.32,20000,
10:14:27,64.32,500,
10:14:27,64.32,3300,
10:14:27,64.32,300,
10:14:27,64.32,100,
10:14:27,64.32,100,
10:14:27,64.32,191,
10:14:27,64.32,309,
10:14:27,64.32,100,
10:14:27,64.32,100,
10:14:27,64.32,100,
10:14:27,64.32,100,
10:14:27,64.32,100,
10:14:28,64.32,100,
10:14:28,64.32,118,
10:14:43,64.32,100,
10:14:48,64.31,100,
10:14:48,64.31,100,
10:14:48,64.31,100,
10:14:48,64.31,100,
10:14:48,64.31,500,
10:14:48,64.32,400,
10:14:48,64.31,500,
10:14:48,64.31,200,
10:14:48,64.32,200,
10:14:48,64.32,100,
10:14:49,64.32,100,
10:14:49,64.32,800,
10:14:49,64.32,2000,
10:14:49,64.32,100,
10:14:49,64.32,100,
10:14:49,64.32,800,
10:14:49,64.32,100,
10:14:49,64.32,100,
10:14:49,64.32,100,
10:14:49,64.32,100,
10:14:49,64.32,100,
10:14:49,64.32,100,
10:14:49,64.32,200,
10:14:49,64.32,100,
10:14:49,64.33,700,
10:14:51,64.3201,318,
10:14:52,64.3201,318,
10:14:53,64.34,600,
10:14:53,64.33,100,
10:14:53,64.33,100,
10:14:53,64.33,200,
10:14:53,64.34,600,
10:14:53,64.34,2400,
10:14:53,64.34,2300,
10:14:53,64.33,100,
10:14:53,64.34,100,
10:14:53,64.34,100,
10:14:53,64.34,100,
10:14:53,64.34,500,
10:14:53,64.34,200,
10:14:53,64.34,1007,
10:14:53,64.34,100,
10:14:53,64.34,100,
10:14:53,64.34,127,
10:14:54,64.34,200,
10:14:54,64.34,200,
10:14:55,64.34,100,
10:14:56,64.33,2000,
10:14:57,64.34,100,
10:15:05,64.34,384,
10:15:07,64.34,100,
10:15:08,64.34,100,
10:15:09,64.34,924,
10:15:10,64.34,228,
10:15:10,64.34,152,
10:15:11,64.35,2020,
10:15:11,64.35,100,
10:15:11,64.35,124,
10:15:11,64.35,100,
10:15:11,64.35,100,
10:15:11,64.35,384,
10:15:11,64.35,100,
10:15:11,64.35,100,
10:15:11,64.35,152,
10:15:11,64.3501,384,
10:15:12,64.3501,118,
10:15:12,64.3501,191,
10:15:13,64.3501,191,
10:15:13,64.35,700,
10:15:13,64.35,500,
10:15:13,64.35,600,
10:15:20,64.35,112,
10:15:20,64.35,200,
10:15:20,64.35,500,
10:15:20,64.35,191,
10:15:23,64.36,200,
10:15:23,64.36,100,
10:15:23,64.36,100,
10:15:23,64.36,100,
10:15:23,64.36,100,
10:15:23,64.36,100,
10:15:23,64.36,318,
10:15:26,64.37,100,
10:15:42,64.36,500,
10:15:44,64.36,100,
10:15:50,64.37,700,
10:15:50,64.37,400,
10:15:53,64.36,564,
10:15:53,64.36,836,
10:15:59,64.36,500,
10:16:00,64.35,200,
10:16:04,64.36,400,
10:16:09,64.36,100,
10:16:10,64.36,200,
10:16:23,64.36,431,
10:16:25,64.36,500,
10:16:36,64.3582,441,
10:16:38,64.36,500,
10:16:43,64.37,200,
10:16:43,64.36,400,
10:16:43,64.36,100,
10:16:43,64.36,300,
10:16:43,64.36,100,
10:16:49,64.37,100,
10:16:49,64.36,500,
10:16:49,64.36,500,
10:16:49,64.36,600,
10:16:49,64.36,200,
10:16:51,64.36,1200,
10:16:51,64.36,167,
10:16:51,64.36,267,
10:16:51,64.36,567,
10:16:51,64.36,233,
10:16:51,64.36,200,
10:16:52,64.36,100,
10:16:56,64.35,100,
10:17:02,64.36,469,
10:17:05,64.36,300,
10:17:15,64.359,200,
10:17:18,64.36,300,
10:17:22,64.3518,700,
10:17:25,64.36,100,
10:17:25,64.36,100,
10:17:25,64.36,100,
10:17:25,64.36,100,
10:17:25,64.36,100,
10:17:25,64.36,100,
10:17:27,64.359,200,
10:17:27,64.359,100,
10:17:29,64.3591,250,
10:17:36,64.359,100,
10:17:41,64.35,439,
10:17:41,64.35,100,
10:17:41,64.35,339,
10:17:41,64.35,100,
10:17:41,64.35,161,
10:17:55,64.36,489,
10:17:55,64.355,300,
10:17:55,64.355,300,
10:17:55,64.355,100,
10:17:55,64.355,200,
10:17:55,64.36,200,
10:17:55,64.36,300,
10:17:55,64.36,100,
10:17:55,64.36,100,
10:17:55,64.36,100,
10:17:55,64.36,1000,
10:17:55,64.36,200,
10:18:00,64.36,500,
10:18:02,64.3509,200,
10:18:08,64.36,166,
10:18:08,64.36,300,
10:18:17,64.36,300,
10:18:17,64.36,166,
10:18:18,64.36,500,
10:18:27,64.35,200,
10:18:27,64.35,100,
10:18:27,64.35,100,
10:18:27,64.35,100,
10:18:27,64.35,100,
10:18:27,64.35,1000,
10:18:28,64.35,200,
10:18:28,64.35,200,
10:18:33,64.35,300,
10:18:43,64.3501,200,
10:18:45,64.35,100,
10:18:49,64.34,200,
10:18:49,64.34,200,
10:18:49,64.34,200,
10:18:49,64.34,2000,
10:18:49,64.34,1000,
10:18:49,64.34,3800,
10:18:49,64.33,300,
10:18:54,64.33,200,
10:18:54,64.33,100,
10:18:54,64.33,100,
10:18:54,64.33,100,
10:18:54,64.33,100,
10:18:54,64.33,100,
10:18:54,64.32,2000,
10:18:54,64.32,200,
10:18:54,64.32,400,
10:18:54,64.32,100,
10:18:54,64.32,100,
10:18:54,64.32,620,
10:18:54,64.32,100,
10:18:54,64.32,100,
10:18:54,64.32,100,
10:18:54,64.32,500,
10:18:54,64.32,100,
10:18:57,64.31,600,
10:18:57,64.31,600,
10:18:57,64.31,600,
10:18:57,64.31,800,
10:18:57,64.31,800,
10:18:57,64.31,400,
10:18:57,64.31,1000,
10:18:57,64.31,500,
10:19:04,64.3121,200,
10:19:04,64.319,100,
10:19:06,64.31,2150,
10:19:06,64.30,500,
10:19:06,64.30,600,
10:19:06,64.30,1400,
10:19:07,64.31,100,
10:19:08,64.31,400,
10:19:12,64.3105,1000,
10:19:16,64.31,200,
10:19:17,64.31,300,
10:19:20,64.32,787,
10:19:20,64.32,500,
10:19:20,64.32,100,
10:19:20,64.32,200,
10:19:20,64.33,800,
10:19:20,64.33,600,
10:19:20,64.33,500,
10:19:20,64.33,200,
10:19:20,64.33,700,
10:19:20,64.33,100,
10:19:20,64.33,1000,
10:19:20,64.34,1500,
10:19:21,64.34,400,
10:19:21,64.34,500,
10:19:21,64.34,1385,
10:19:21,64.34,1600,
10:19:21,64.34,200,
10:19:21,64.34,100,
10:19:21,64.34,100,
10:19:21,64.34,100,
10:19:21,64.34,100,
10:19:21,64.34,100,
10:19:21,64.34,100,
10:19:21,64.34,800,
10:19:21,64.34,100,
10:19:21,64.34,400,
10:19:21,64.35,200,
10:19:21,64.35,116,
10:19:21,64.35,100,
10:19:21,64.35,184,
10:19:21,64.36,1000,
10:19:21,64.36,800,
10:19:21,64.36,2000,
10:19:21,64.36,3100,
10:19:21,64.36,500,
10:19:21,64.36,546,
10:19:21,64.36,200,
10:19:21,64.36,265,
10:19:21,64.36,235,
10:19:21,64.36,500,
10:19:21,64.36,500,
10:19:21,64.35,200,
10:19:21,64.36,1300,
10:19:21,64.36,200,
10:19:21,64.36,600,
10:19:21,64.36,100,
10:19:21,64.36,685,
10:19:21,64.35,100,
10:19:22,64.35,2000,
10:19:22,64.35,500,
10:19:22,64.35,100,
10:19:22,64.35,500,
10:19:22,64.35,800,
10:19:22,64.35,1000,
10:19:22,64.35,600,
10:19:22,64.35,500,
10:19:22,64.35,1000,
10:19:22,64.35,1000,
10:19:22,64.35,1190,
10:19:22,64.35,2000,
10:19:22,64.35,3400,
10:19:22,64.35,500,
10:19:22,64.35,500,
10:19:22,64.35,800,
10:19:22,64.35,390,
10:19:22,64.35,3300,
10:19:22,64.35,400,
10:19:22,64.35,2000,
10:19:22,64.35,500,
10:19:22,64.35,100,
10:19:22,64.35,500,
10:19:22,64.35,211,
10:19:22,64.35,200,
10:19:22,64.35,400,
10:19:22,64.35,100,
10:19:22,64.35,100,
10:19:22,64.34,400,
10:19:22,64.34,663,
10:19:22,64.34,232,
10:19:22,64.34,200,
10:19:22,64.34,500,
10:19:22,64.34,1855,
10:19:22,64.34,500,
10:19:22,64.34,200,
10:19:22,64.34,200,
10:19:22,64.34,300,
10:19:22,64.34,100,
10:19:22,64.34,400,
10:19:22,64.34,100,
10:19:23,64.3385,150,
10:19:23,64.33,100,
10:19:23,64.33,200,
10:19:24,64.33,400,
10:19:31,64.33,100,
10:19:31,64.33,200,
10:19:31,64.33,800,
10:19:31,64.33,500,
10:19:31,64.33,100,
10:19:31,64.33,400,
10:19:31,64.33,100,
10:19:31,64.33,100,
10:19:31,64.33,100,
10:19:31,64.33,700,
10:19:31,64.32,139,
10:19:31,64.32,270,
10:19:37,64.32,500,
10:19:38,64.33,270,
10:19:38,64.33,200,
10:19:38,64.33,120,
10:19:38,64.33,100,
10:19:38,64.33,500,
10:19:38,64.33,406,
10:19:43,64.34,100,
10:19:43,64.34,200,
10:19:50,64.34,300,
10:19:50,64.34,100,
10:19:50,64.34,100,
10:19:50,64.34,100,
10:19:50,64.34,100,
10:19:50,64.34,100,
10:19:50,64.34,500,
10:19:51,64.34,300,
10:19:51,64.33,300,
10:19:55,64.33,100,
10:19:55,64.33,100,
10:19:55,64.33,100,
10:19:55,64.33,100,
10:19:56,64.33,491,
10:19:57,64.329,491,
10:19:58,64.329,300,
10:19:58,64.33,100,
10:20:09,64.33,200,
10:20:09,64.33,500,
10:20:09,64.33,1800,
10:20:15,64.34,300,
10:20:15,64.34,100,
10:20:15,64.34,100,
10:20:15,64.34,100,
10:20:15,64.34,100,
10:20:15,64.34,100,
10:20:15,64.34,100,
10:20:16,64.35,2000,
10:20:16,64.35,500,
10:20:16,64.35,100,
10:20:17,64.35,200,
10:20:17,64.35,200,
10:20:29,64.34,800,
10:20:29,64.34,500,
10:20:29,64.34,300,
10:20:36,64.337,700,
10:20:37,64.335,700,
10:20:43,64.33,100,
10:20:43,64.33,300,
10:20:43,64.33,100,
10:20:43,64.33,100,
10:20:43,64.33,100,
10:20:43,64.33,100,
10:20:43,64.33,600,
10:20:43,64.33,100,
10:20:43,64.33,100,
10:20:43,64.33,600,
10:20:43,64.33,1600,
10:20:45,64.3299,2000,
10:20:49,64.33,500,
10:20:50,64.33,100,
10:20:53,64.33,2400,
10:20:53,64.33,365,
10:20:53,64.33,1835,
10:20:53,64.33,2035,
10:20:53,64.33,1168,
10:20:53,64.33,2400,
10:20:53,64.329,600,
10:21:05,64.33,285,
10:21:05,64.33,1500,
10:21:05,64.33,200,
10:21:05,64.33,500,
10:21:05,64.33,800,
10:21:05,64.33,311,
10:21:05,64.33,400,
10:21:05,64.33,700,
10:21:05,64.33,189,
10:21:11,64.3289,100,
10:21:27,64.329,100,
10:21:44,64.32,400,
10:21:44,64.32,300,
10:21:44,64.32,550,
10:21:44,64.32,846,
10:21:44,64.31,600,
10:21:44,64.31,600,
10:21:44,64.31,100,
10:21:44,64.31,300,
10:21:44,64.31,1300,
10:21:44,64.31,200,
10:21:44,64.31,1700,
10:21:44,64.31,300,
10:21:44,64.31,500,
10:21:44,64.31,100,
10:21:44,64.31,100,
10:21:44,64.31,500,
10:21:44,64.31,500,
10:21:44,64.31,186,
10:21:44,64.31,100,
10:21:44,64.31,100,
10:21:44,64.31,100,
10:21:44,64.31,100,
10:21:44,64.31,100,
10:21:44,64.30,200,
10:21:45,64.30,300,
10:21:47,64.30,900,
10:21:51,64.3095,350,
10:22:05,64.31,100,
10:22:05,64.31,500,
10:22:05,64.31,300,
10:22:11,64.31,200,
10:22:11,64.31,500,
10:22:11,64.31,700,
10:22:11,64.31,700,
10:22:11,64.31,100,
10:22:25,64.31,200,
10:22:25,64.31,200,
10:22:26,64.317,100,
10:22:36,64.32,500,
10:22:37,64.32,100,
10:22:37,64.32,600,
10:22:37,64.31,2000,
10:22:37,64.31,116,
10:22:37,64.31,100,
10:22:37,64.31,100,
10:22:37,64.31,100,
10:22:37,64.31,200,
10:22:37,64.31,100,
10:22:47,64.32,200,
10:22:47,64.32,200,
10:22:48,64.3291,110,
10:22:52,64.32,100,
10:22:54,64.32,300,
10:22:54,64.32,100,
10:23:00,64.3175,100,
10:23:12,64.32,200,
10:23:12,64.32,200,
10:23:12,64.32,200,
10:23:14,64.32,500,
10:23:14,64.32,600,
10:23:17,64.31,300,
10:23:17,64.31,400,
10:23:18,64.31,100,
10:23:18,64.31,100,
10:23:18,64.31,100,
10:23:18,64.31,100,
10:23:18,64.31,100,
10:23:18,64.31,400,
10:23:18,64.31,100,
10:23:19,64.30,400,
10:23:27,64.29,300,
10:23:31,64.2901,701,
10:23:31,64.29,100,
10:23:31,64.29,100,
10:23:31,64.29,100,
10:23:31,64.29,500,
10:23:31,64.29,100,
10:23:31,64.29,100,
10:23:32,64.28,500,
10:23:32,64.28,100,
10:23:32,64.28,100,
10:23:32,64.28,100,
10:23:32,64.28,100,
10:23:32,64.28,100,
10:23:32,64.28,100,
10:23:35,64.27,500,
10:23:36,64.27,300,
10:23:36,64.27,100,
10:23:36,64.27,100,
10:23:36,64.27,100,
10:23:36,64.27,100,
10:23:36,64.27,100,
10:23:36,64.27,100,
10:23:37,64.26,1000,
10:23:39,64.27,100,
10:23:40,64.27,400,
10:23:40,64.27,100,
10:23:43,64.27,300,
10:23:43,64.27,500,
10:23:47,64.27,500,
10:23:47,64.27,300,
10:23:52,64.27,700,
10:23:53,64.27,500,
10:23:53,64.27,200,
10:23:53,64.27,200,
10:23:54,64.27,400,
10:23:54,64.27,100,
10:24:00,64.27,500,
10:24:02,64.27,200,
10:24:03,64.27,1300,
10:24:03,64.27,700,
10:24:05,64.26,100,
10:24:05,64.26,100,
10:24:05,64.26,100,
10:24:05,64.26,100,
10:24:05,64.26,100,
10:24:16,64.2505,500,
10:24:17,64.26,200,
10:24:17,64.26,500,
10:24:18,64.26,300,
10:24:18,64.26,100,
10:24:19,64.26,300,
10:24:19,64.26,200,
10:24:19,64.25,100,
10:24:19,64.25,100,
10:24:19,64.25,100,
10:24:19,64.25,100,
10:24:19,64.25,100,
10:24:19,64.25,100,
10:24:19,64.25,100,
10:24:20,64.25,100,
10:24:20,64.25,400,
10:24:20,64.25,200,
10:24:24,64.259,200,
10:24:29,64.26,500,
10:24:35,64.25,100,
10:24:35,64.25,100,
10:24:35,64.25,100,
10:24:35,64.25,500,
10:24:35,64.25,100,
10:24:35,64.25,100,
10:24:38,64.25,600,
10:24:38,64.25,800,
10:24:46,64.26,400,
10:24:47,64.26,500,
10:24:47,64.26,400,
10:24:47,64.26,200,
10:24:47,64.26,100,
10:24:47,64.26,100,
10:24:47,64.26,100,
10:24:47,64.26,100,
10:24:47,64.26,300,
10:24:49,64.26,500,
10:24:49,64.26,200,
10:24:59,64.26,1000,
10:24:59,64.26,100,
10:25:00,64.26,300,
10:25:11,64.27,100,
10:25:11,64.27,100,
10:25:11,64.27,100,
10:25:13,64.28,500,
10:25:13,64.28,600,
10:25:13,64.28,100,
10:25:13,64.28,100,
10:25:13,64.28,100,
10:25:13,64.28,100,
10:25:14,64.28,200,
10:25:14,64.28,200,
10:25:14,64.28,326,
10:25:18,64.28,726,
10:25:18,64.28,300,
10:25:18,64.28,500,
10:25:18,64.28,100,
10:25:19,64.27,1000,
10:25:22,64.28,500,
10:25:26,64.29,400,
10:25:26,64.29,300,
10:25:26,64.29,600,
10:25:26,64.29,200,
10:25:26,64.29,200,
10:25:26,64.29,1700,
10:25:26,64.29,3100,
10:25:26,64.29,100,
10:25:26,64.29,100,
10:25:26,64.29,200,
10:25:26,64.29,100,
10:25:26,64.29,100,
10:25:26,64.29,100,
10:25:26,64.29,116,
10:25:26,64.29,100,
10:25:26,64.30,1700,
10:25:26,64.30,100,
10:25:26,64.30,200,
10:25:26,64.30,100,
10:25:26,64.30,100,
10:25:26,64.30,100,
10:25:26,64.30,100,
10:25:26,64.30,100,
10:25:27,64.3001,100,
10:25:28,64.3001,185,
10:25:28,64.30,100,
10:25:32,64.30,500,
10:25:32,64.30,104,
10:25:33,64.29,347,
10:25:33,64.29,100,
10:25:33,64.29,500,
10:25:39,64.29,330,
10:25:41,64.29,184,
10:25:41,64.29,116,
10:25:41,64.29,500,
10:25:41,64.2899,100,
10:25:44,64.2854,200,
10:25:53,64.29,500,
10:25:53,64.29,100,
10:25:55,64.2901,385,
10:25:56,64.30,100,
10:25:56,64.30,900,
10:25:56,64.30,100,
10:25:56,64.30,1900,
10:25:56,64.30,500,
10:25:56,64.30,100,
10:25:56,64.30,100,
10:25:56,64.30,100,
10:25:58,64.30,154,
10:25:58,64.291,2000,
10:26:08,64.31,100,
10:26:09,64.3001,154,
10:26:09,64.30,500,
10:26:14,64.30,498,
10:26:14,64.3001,116,
10:26:22,64.3048,103,
10:26:27,64.3077,1330,
10:26:33,64.30,400,
10:26:33,64.30,300,
10:26:33,64.30,100,
10:26:34,64.30,800,
10:26:34,64.30,200,
10:26:36,64.2999,200,
10:26:39,64.30,500,
10:26:39,64.3001,154,
10:26:42,64.30,386,
10:26:47,64.30,200,
10:26:48,64.2901,231,
10:26:53,64.2901,386,
10:26:53,64.2901,132,
10:27:01,64.2901,1000,
10:27:09,64.2901,386,
10:27:12,64.29,200,
10:27:12,64.29,200,
10:27:12,64.29,100,
10:27:12,64.29,100,
10:27:12,64.29,100,
10:27:12,64.29,100,
10:27:12,64.29,1900,
10:27:12,64.29,200,
10:27:16,64.29,100,
10:27:16,64.29,200,
10:27:16,64.29,191,
10:27:17,64.2901,154,
10:27:19,64.29,116,
10:27:19,64.29,152,
10:27:24,64.2899,100,
10:27:25,64.29,100,
10:27:25,64.29,500,
10:27:25,64.2901,309,
10:27:26,64.2901,116,
10:27:46,64.291,300,
10:27:55,64.2901,193,
10:28:01,64.30,300,
10:28:01,64.30,100,
10:28:01,64.30,100,
10:28:01,64.30,100,
10:28:01,64.30,100,
10:28:01,64.30,100,
10:28:01,64.3001,115,
10:28:02,64.31,3100,
10:28:02,64.31,800,
10:28:02,64.31,400,
10:28:02,64.31,100,
10:28:04,64.32,138,
10:28:04,64.32,100,
10:28:04,64.32,100,
10:28:04,64.32,3100,
10:28:04,64.32,100,
10:28:04,64.32,100,
10:28:04,64.32,100,
10:28:04,64.32,362,
10:28:04,64.31,1000,
10:28:05,64.32,115,
10:28:05,64.32,231,
10:28:11,64.32,500,
10:28:11,64.32,500,
10:28:17,64.3299,153,
10:28:18,64.3201,231,
10:28:21,64.33,100,
10:28:21,64.33,100,
10:28:21,64.33,100,
10:28:21,64.33,155,
10:28:21,64.33,100,
10:28:21,64.33,100,
10:28:21,64.34,400,
10:28:23,64.34,100,
10:28:24,64.34,100,
10:28:24,64.34,100,
10:28:24,64.34,100,
10:28:24,64.34,100,
10:28:24,64.34,100,
10:28:24,64.34,100,
10:28:24,64.34,1000,
10:28:24,64.34,100,
10:28:24,64.34,354,
10:28:25,64.35,100,
10:28:25,64.35,1000,
10:28:26,64.34,590,
10:28:26,64.34,210,
10:28:26,64.34,500,
10:28:26,64.3301,2000,
10:28:35,64.34,400,
10:28:36,64.34,1445,
10:28:36,64.34,500,
10:28:38,64.34,200,
10:28:38,64.3401,192,
10:28:39,64.3401,153,
10:28:41,64.34,500,
10:28:41,64.34,100,
10:28:41,64.34,100,
10:28:42,64.34,191,
10:28:43,64.3401,230,
10:28:49,64.34,100,
10:28:49,64.34,100,
10:28:49,64.34,100,
10:28:49,64.34,100,
10:28:49,64.34,100,
10:28:49,64.34,100,
10:28:51,64.3401,192,
10:28:55,64.34,100,
10:28:55,64.34,135,
10:28:58,64.33,225,
10:29:08,64.33,200,
10:29:08,64.33,500,
10:29:08,64.33,100,
10:29:08,64.33,100,
10:29:08,64.33,100,
10:29:08,64.33,100,
10:29:08,64.33,100,
10:29:08,64.33,100,
10:29:08,64.33,100,
10:29:08,64.32,500,
10:29:08,64.32,465,
10:29:08,64.32,100,
10:29:15,64.32,400,
10:29:15,64.32,165,
10:29:18,64.32,500,
10:29:18,64.32,200,
10:29:24,64.32,600,
10:29:38,64.33,100,
10:29:38,64.33,100,
10:29:38,64.33,200,
10:29:38,64.33,1000,
10:29:39,64.33,735,
10:29:39,64.33,100,
10:29:46,64.32,100,
10:29:53,64.32,100,
10:29:53,64.32,100,
10:29:53,64.32,100,
10:29:53,64.32,100,
10:29:53,64.32,100,
10:30:01,64.30,400,
10:30:01,64.30,100,
10:30:02,64.30,400,
10:30:02,64.30,100,
10:30:03,64.28,300,
10:30:03,64.29,300,
10:30:03,64.29,100,
10:30:03,64.29,100,
10:30:03,64.29,100,
10:30:03,64.29,100,
10:30:03,64.29,100,
10:30:03,64.28,2000,
10:30:03,64.28,2000,
10:30:03,64.28,800,
10:30:03,64.28,400,
10:30:03,64.28,600,
10:30:03,64.28,300,
10:30:03,64.28,100,
10:30:03,64.28,400,
10:30:03,64.28,1100,
10:30:03,64.28,200,
10:30:03,64.28,400,
10:30:03,64.28,500,
10:30:03,64.28,200,
10:30:03,64.28,100,
10:30:03,64.29,100,
10:30:03,64.29,100,
10:30:03,64.29,100,
10:30:04,64.2801,383,
10:30:05,64.2801,383,
10:30:05,64.2801,384,
10:30:06,64.28,200,
10:30:06,64.28,200,
10:30:09,64.28,100,
10:30:09,64.28,100,
10:30:09,64.28,100,
10:30:09,64.28,100,
10:30:11,64.2899,2000,
10:30:11,64.28,100,
10:30:16,64.275,100,
10:30:17,64.28,383,
10:30:17,64.29,600,
10:30:18,64.2801,154,
10:30:20,64.29,100,
10:30:20,64.2816,500,
10:30:20,64.285,100,
10:30:23,64.29,130,
10:30:24,64.30,100,
10:30:24,64.30,200,
10:30:24,64.30,500,
10:30:26,64.3001,345,
10:30:29,64.30,100,
10:30:29,64.3001,184,
10:30:34,64.31,800,
10:30:34,64.31,800,
10:30:34,64.31,500,
10:30:34,64.31,100,
10:30:34,64.31,200,
10:30:34,64.31,115,
10:30:34,64.31,200,
10:30:34,64.31,800,
10:30:34,64.31,100,
10:30:34,64.31,800,
10:30:34,64.31,100,
10:30:35,64.31,200,
10:30:36,64.32,269,
10:30:36,64.32,100,
10:30:36,64.32,500,
10:30:37,64.32,800,
10:30:37,64.32,500,
10:30:37,64.32,120,
10:30:47,64.3101,500,
10:30:51,64.32,200,
10:30:52,64.32,500,
10:30:52,64.32,583,
10:30:52,64.32,383,
10:30:54,64.3201,100,
10:31:00,64.32,2300,
10:31:00,64.32,500,
10:31:01,64.31,100,
10:31:08,64.32,268,
10:31:08,64.32,200,
10:31:08,64.32,500,
10:31:08,64.32,260,
10:31:08,64.32,115,
10:31:08,64.3201,184,
10:31:09,64.3213,100,
10:31:10,64.32,383,
10:31:10,64.32,100,
10:31:29,64.31,300,
10:31:30,64.31,1631,
10:31:30,64.31,100,
10:31:30,64.31,100,
10:31:30,64.31,500,
10:31:30,64.31,200,
10:31:30,64.31,100,
10:31:35,64.30,100,
10:31:35,64.30,100,
10:31:35,64.30,400,
10:31:35,64.30,100,
10:31:39,64.305,400,
10:31:42,64.2901,154,
10:31:45,64.2999,100,
10:31:48,64.29,100,
10:31:48,64.29,200,
10:31:48,64.29,500,
10:31:48,64.29,200,
10:31:48,64.29,200,
10:31:48,64.29,100,
10:31:49,64.28,100,
10:31:49,64.28,100,
10:31:49,64.28,100,
10:31:49,64.28,100,
10:31:49,64.28,100,
10:31:49,64.28,100,
10:31:49,64.28,600,
10:31:50,64.28,200,
10:31:50,64.28,200,
10:31:50,64.28,700,
10:31:50,64.28,200,
10:31:55,64.28,500,
10:31:57,64.27,500,
10:32:00,64.28,200,
10:32:00,64.28,200,
10:32:00,64.28,200,
10:32:03,64.28,500,
10:32:09,64.2899,600,
10:32:11,64.28,500,
10:32:18,64.28,100,
10:32:18,64.28,100,
10:32:19,64.28,100,
10:32:19,64.28,100,
10:32:26,64.28,138,
10:32:26,64.28,500,
10:32:26,64.28,200,
10:32:26,64.28,500,
10:32:26,64.2801,206,
10:32:32,64.28,244,
10:32:43,64.28,300,
10:32:44,64.28,500,
10:32:44,64.28,310,
10:33:03,64.29,500,
10:33:03,64.29,100,
10:33:03,64.29,100,
10:33:03,64.29,100,
10:33:03,64.29,1400,
10:33:03,64.29,100,
10:33:03,64.29,800,
10:33:03,64.29,400,
10:33:03,64.29,600,
10:33:05,64.29,600,
10:33:05,64.29,500,
10:33:05,64.29,800,
10:33:06,64.29,300,
10:33:16,64.28,300,
10:33:16,64.28,500,
10:33:16,64.28,900,
10:33:16,64.28,100,
10:33:16,64.28,100,
10:33:16,64.28,100,
10:33:16,64.28,100,
10:33:16,64.28,100,
10:33:16,64.28,356,
10:33:21,64.2701,500,
10:33:27,64.28,100,
10:33:27,64.28,100,
10:33:27,64.28,300,
10:33:45,64.28,300,
10:33:46,64.28,200,
10:33:54,64.29,200,
10:34:05,64.28,500,
10:34:07,64.28,100,
10:34:29,64.27,300,
10:34:30,64.2727,200,
10:34:33,64.27,200,
10:34:34,64.27,200,
10:34:35,64.27,100,
10:34:37,64.28,100,
10:34:37,64.2799,100,
10:34:41,64.27,600,
10:34:41,64.27,100,
10:34:41,64.27,100,
10:34:44,64.27,200,
10:34:44,64.27,600,
10:34:44,64.27,500,
10:34:44,64.27,500,
10:34:44,64.27,200,
10:34:44,64.27,200,
10:34:53,64.2701,100,
10:34:56,64.2789,1627,
10:35:01,64.27,100,
10:35:03,64.27,400,
10:35:03,64.26,200,
10:35:04,64.26,500,
10:35:04,64.26,100,
10:35:04,64.26,100,
10:35:04,64.26,100,
10:35:04,64.26,100,
10:35:04,64.26,100,
10:35:06,64.24,1500,
10:35:06,64.25,800,
10:35:06,64.25,500,
10:35:06,64.24,100,
10:35:06,64.24,100,
10:35:08,64.24,600,
10:35:11,64.24,100,
10:35:11,64.24,100,
10:35:11,64.24,100,
10:35:11,64.24,100,
10:35:11,64.24,100,
10:35:11,64.24,100,
10:35:17,64.24,100,
10:35:17,64.24,300,
10:35:20,64.24,200,
10:35:20,64.24,1200,
10:35:20,64.24,100,
10:35:20,64.25,800,
10:35:20,64.25,500,
10:35:20,64.25,100,
10:35:20,64.25,100,
10:35:21,64.25,400,
10:35:21,64.25,300,
10:35:21,64.25,200,
10:35:29,64.25,255,
10:35:33,64.2501,278,
10:35:33,64.2501,349,
10:35:34,64.2501,348,
10:35:38,64.25,500,
10:35:38,64.25,100,
10:35:38,64.25,400,
10:35:39,64.25,125,
10:35:45,64.25,100,
10:35:51,64.2415,370,
10:35:53,64.24,100,
10:35:53,64.24,3800,
10:35:53,64.24,400,
10:35:53,64.24,200,
10:35:53,64.24,800,
10:35:53,64.24,196,
10:35:53,64.24,100,
10:35:53,64.24,100,
10:35:53,64.24,200,
10:35:53,64.24,100,
10:35:53,64.24,100,
10:35:54,64.23,1000,
10:35:54,64.23,790,
10:35:54,64.23,200,
10:35:54,64.23,100,
10:35:54,64.23,100,
10:35:54,64.23,100,
10:35:54,64.23,1200,
10:35:54,64.2367,100,
10:35:54,64.2367,100,
10:35:54,64.2367,700,
10:35:54,64.23,216,
10:35:55,64.2391,107,
10:35:56,64.24,100,
10:35:57,64.24,400,
10:35:57,64.24,1400,
10:36:04,64.249,5000,
10:36:05,64.25,200,
10:36:05,64.25,100,
10:36:05,64.25,100,
10:36:05,64.25,189,
10:36:05,64.26,500,
10:36:05,64.26,800,
10:36:05,64.26,100,
10:36:05,64.26,100,
10:36:05,64.26,500,
10:36:05,64.26,100,
10:36:05,64.26,100,
10:36:05,64.26,800,
10:36:06,64.2601,140,
10:36:07,64.27,400,
10:36:07,64.27,200,
10:36:07,64.27,500,
10:36:07,64.27,200,
10:36:07,64.27,100,
10:36:07,64.27,100,
10:36:07,64.27,200,
10:36:07,64.27,500,
10:36:07,64.27,500,
10:36:08,64.27,800,
10:36:08,64.27,111,
10:36:08,64.27,889,
10:36:08,64.27,389,
10:36:11,64.27,500,
10:36:12,64.27,300,
10:36:15,64.27,100,
10:36:15,64.27,500,
10:36:15,64.27,500,
10:36:15,64.27,100,
10:36:15,64.27,100,
10:36:15,64.27,100,
10:36:16,64.28,100,
10:36:16,64.28,100,
10:36:17,64.29,5000,
10:36:18,64.2801,100,
10:36:18,64.2801,106,
10:36:20,64.28,500,
10:36:20,64.28,300,
10:36:21,64.28,351,
10:36:23,64.2801,352,
10:36:23,64.2899,400,
10:36:25,64.29,100,
10:36:25,64.29,100,
10:36:25,64.29,100,
10:36:25,64.29,500,
10:36:25,64.29,100,
10:36:25,64.29,100,
10:36:25,64.29,100,
10:36:25,64.29,100,
10:36:25,64.2901,351,
10:36:29,64.30,700,
10:36:29,64.30,100,
10:36:29,64.30,100,
10:36:29,64.30,352,
10:36:29,64.30,100,
10:36:29,64.30,100,
10:36:29,64.30,100,
10:36:31,64.30,500,
10:36:32,64.2901,352,
10:36:33,64.2901,352,
10:36:39,64.30,2700,
10:36:39,64.30,1300,
10:36:39,64.30,1000,
10:36:39,64.30,2000,
10:36:39,64.30,400,
10:36:39,64.30,351,
10:36:39,64.31,300,
10:36:39,64.31,100,
10:36:39,64.31,100,
10:36:39,64.31,100,
10:36:39,64.31,100,
10:36:39,64.31,2900,
10:36:39,64.31,100,
10:36:39,64.30,200,
10:36:39,64.30,800,
10:36:39,64.30,100,
10:36:39,64.30,100,
10:36:40,64.3001,200,
10:36:40,64.30,400,
10:36:40,64.3001,100,
10:36:40,64.3018,300,
10:36:52,64.29,800,
10:36:52,64.29,200,
10:36:52,64.29,264,
10:36:52,64.2899,136,
10:36:57,64.2801,590,
10:37:00,64.28,500,
10:37:00,64.28,100,
10:37:00,64.28,100,
10:37:00,64.28,100,
10:37:00,64.28,100,
10:37:00,64.28,100,
10:37:00,64.28,100,
10:37:00,64.28,100,
10:37:06,64.28,800,
10:37:06,64.2801,545,
10:37:07,64.2899,150,
10:37:10,64.28,100,
10:37:13,64.2744,830,
10:37:28,64.28,400,
10:37:28,64.29,300,
10:37:29,64.29,400,
10:37:29,64.29,100,
10:37:29,64.29,100,
10:37:29,64.29,100,
10:37:29,64.29,100,
10:37:29,64.29,100,
10:37:29,64.29,100,
10:37:30,64.2901,132,
10:37:31,64.29,200,
10:37:31,64.29,100,
10:37:31,64.29,200,
10:37:31,64.29,200,
10:37:31,64.29,800,
10:37:31,64.29,200,
10:37:33,64.2801,616,
10:37:33,64.2801,132,
10:37:44,64.2801,105,
10:37:45,64.28,100,
10:37:45,64.28,100,
10:37:45,64.28,100,
10:37:45,64.28,300,
10:37:45,64.28,100,
10:37:45,64.28,500,
10:37:45,64.28,100,
10:37:45,64.28,100,
10:37:46,64.2798,800,
10:37:46,64.279,900,
10:37:51,64.27,500,
10:37:51,64.27,200,
10:37:51,64.27,2700,
10:37:51,64.27,200,
10:37:51,64.27,3800,
10:37:51,64.26,100,
10:37:51,64.26,200,
10:37:51,64.26,500,
10:37:51,64.26,500,
10:37:51,64.26,100,
10:37:51,64.26,100,
10:37:51,64.26,100,
10:37:51,64.26,100,
10:37:51,64.26,800,
10:37:51,64.26,200,
10:37:51,64.26,100,
10:37:52,64.25,600,
10:37:52,64.25,279,
10:37:52,64.25,500,
10:37:52,64.25,300,
10:37:52,64.25,2600,
10:37:52,64.25,8522,
10:37:52,64.25,700,
10:37:52,64.25,100,
10:37:52,64.25,300,
10:37:53,64.26,100,
10:37:54,64.26,100,
10:37:54,64.26,800,
10:37:56,64.261,2600,
10:37:58,64.26,300,
10:37:58,64.26,300,
10:37:58,64.25,2000,
10:37:58,64.25,2900,
10:37:58,64.25,3000,
10:37:58,64.25,100,
10:37:58,64.25,400,
10:37:58,64.25,800,
10:37:58,64.25,267,
10:37:58,64.25,120,
10:37:59,64.25,2000,
10:37:59,64.25,100,
10:37:59,64.25,100,
10:37:59,64.25,800,
10:37:59,64.25,100,
10:37:59,64.25,100,
10:37:59,64.2599,100,
10:37:59,64.26,237,
10:37:59,64.26,500,
10:37:59,64.27,100,
10:37:59,64.27,400,
10:37:59,64.27,1500,
10:37:59,64.27,100,
10:37:59,64.27,200,
10:37:59,64.27,400,
10:37:59,64.27,200,
10:37:59,64.27,100,
10:37:59,64.27,100,
10:37:59,64.27,500,
10:37:59,64.27,100,
10:37:59,64.27,100,
10:37:59,64.27,100,
10:37:59,64.27,200,
10:37:59,64.28,400,
10:38:02,64.27,200,
10:38:02,64.27,100,
10:38:02,64.27,2300,
10:38:03,64.26,300,
10:38:03,64.26,100,
10:38:03,64.26,100,
10:38:03,64.26,400,
10:38:03,64.26,100,
10:38:03,64.26,100,
10:38:03,64.26,100,
10:38:04,64.26,500,
10:38:07,64.26,500,
10:38:07,64.26,500,
10:38:07,64.26,800,
10:38:08,64.26,200,
10:38:08,64.26,500,
10:38:08,64.26,500,
10:38:08,64.26,500,
10:38:17,64.26,500,
10:38:23,64.26,200,
10:38:23,64.26,300,
10:38:23,64.26,200,
10:38:23,64.26,100,
10:38:31,64.26,300,
10:38:36,64.25,400,
10:38:37,64.25,300,
10:38:37,64.2599,300,
10:38:38,64.25,100,
10:38:38,64.25,100,
10:38:38,64.25,100,
10:38:38,64.25,200,
10:38:38,64.25,100,
10:38:38,64.25,500,
10:38:38,64.25,200,
10:38:38,64.25,100,
10:38:38,64.25,600,
10:38:40,64.25,300,
10:38:40,64.25,588,
10:38:45,64.25,100,
10:38:45,64.2405,1000,
10:38:48,64.25,300,
10:38:48,64.25,600,
10:38:48,64.25,800,
10:38:51,64.25,100,
10:38:58,64.25,500,
10:38:58,64.25,200,
10:39:13,64.24,200,
10:39:21,64.2418,1000,
10:39:23,64.25,800,
10:39:32,64.24,100,
10:39:34,64.24,100,
10:39:34,64.24,100,
10:39:34,64.24,100,
10:39:34,64.24,100,
10:39:34,64.24,100,
10:39:34,64.24,100,
10:39:40,64.24,200,
10:39:42,64.24,100,
10:39:43,64.24,500,
10:39:48,64.23,200,
10:39:49,64.24,300,
10:39:49,64.24,500,
10:39:52,64.25,127,
10:39:54,64.25,200,
10:39:54,64.25,100,
10:39:55,64.26,600,
10:39:55,64.26,1021,
10:39:56,64.25,400,
10:39:57,64.2501,100,
10:39:57,64.2518,100,
10:39:57,64.2501,100,
10:40:00,64.25,700,
10:40:00,64.25,573,
10:40:03,64.24,100,
10:40:05,64.24,100,
10:40:05,64.24,100,
10:40:05,64.24,100,
10:40:05,64.24,100,
10:40:05,64.24,100,
10:40:05,64.24,100,
10:40:06,64.24,100,
10:40:09,64.24,200,
10:40:15,64.2482,130,
10:40:16,64.24,200,
10:40:16,64.24,100,
10:40:18,64.2301,1800,
10:40:22,64.23,515,
10:40:22,64.23,100,
10:40:22,64.23,100,
10:40:22,64.23,300,
10:40:26,64.2299,100,
10:40:26,64.22,100,
10:40:26,64.22,211,
10:40:27,64.22,304,
10:40:27,64.22,106,
10:40:27,64.22,100,
10:40:27,64.22,100,
10:40:27,64.22,100,
10:40:27,64.22,100,
10:40:27,64.22,100,
10:40:30,64.21,1400,
10:40:30,64.21,100,
10:40:31,64.2101,616,
10:40:31,64.2101,132,
10:40:31,64.2101,211,
10:40:37,64.21,100,
10:40:37,64.2101,179,
10:40:38,64.21,100,
10:40:39,64.21,100,
10:40:39,64.21,100,
10:40:41,64.219,400,
10:40:41,64.2101,246,
10:40:42,64.22,100,
10:40:42,64.2101,246,
10:40:46,64.21,100,
10:40:46,64.21,100,
10:40:46,64.21,100,
10:40:46,64.21,100,
10:40:47,64.21,100,
10:40:47,64.21,300,
10:40:48,64.21,500,
10:40:49,64.2101,184,
10:41:00,64.2199,100,
10:41:04,64.21,400,
10:41:04,64.2052,173,
10:41:08,64.203,125,
10:41:08,64.21,100,
10:41:08,64.21,536,
10:41:08,64.21,100,
10:41:10,64.2101,200,
10:41:10,64.21,100,
10:41:10,64.2101,161,
10:41:13,64.22,600,
10:41:13,64.22,600,
10:41:15,64.22,100,
10:41:15,64.22,466,
10:41:15,64.22,100,
10:41:15,64.22,100,
10:41:15,64.22,100,
10:41:15,64.22,100,
10:41:15,64.2299,2000,
10:41:19,64.23,107,
10:41:19,64.23,100,
10:41:19,64.23,100,
10:41:20,64.2391,121,
10:41:25,64.2301,355,
10:41:25,64.2301,355,
10:41:30,64.23,100,
10:41:36,64.22,200,
10:41:36,64.22,200,
10:41:36,64.22,2400,
10:41:36,64.22,1010,
10:41:36,64.22,200,
10:41:36,64.22,100,
10:41:36,64.2199,100,
10:41:40,64.2101,267,
10:41:41,64.21,1300,
10:41:41,64.21,500,
10:41:41,64.21,100,
10:41:41,64.21,100,
10:41:52,64.21,100,
10:41:52,64.21,100,
10:41:54,64.2001,214,
10:41:56,64.2001,214,
10:41:59,64.20,100,
10:41:59,64.20,241,
10:42:00,64.2001,160,
10:42:02,64.2099,100,
10:42:02,64.21,100,
10:42:02,64.21,200,
10:42:02,64.21,200,
10:42:02,64.21,200,
10:42:02,64.21,100,
10:42:03,64.2101,214,
10:42:04,64.21,1200,
10:42:07,64.21,300,
10:42:08,64.2001,2000,
10:42:08,64.21,300,
10:42:08,64.21,190,
10:42:09,64.2101,168,
10:42:12,64.21,500,
10:42:13,64.2052,120,
10:42:16,64.21,300,
10:42:16,64.21,100,
10:42:19,64.2001,268,
10:42:19,64.2001,107,
10:42:20,64.20,241,
10:42:20,64.20,100,
10:42:20,64.20,107,
10:42:23,64.2001,240,
10:42:23,64.20,400,
10:42:23,64.20,3427,
10:42:29,64.2001,241,
10:42:33,64.21,200,
10:42:34,64.2099,100,
10:42:38,64.21,500,
10:42:38,64.2101,107,
10:42:42,64.21,500,
10:42:45,64.22,200,
10:42:45,64.22,600,
10:42:45,64.22,400,
10:42:45,64.22,500,
10:42:45,64.22,100,
10:42:45,64.22,2097,
10:42:45,64.22,356,
10:42:45,64.22,100,
10:42:45,64.22,100,
10:42:45,64.22,100,
10:42:45,64.22,100,
10:42:45,64.22,100,
10:42:47,64.23,1200,
10:42:50,64.23,100,
10:42:50,64.23,300,
10:42:50,64.23,463,
10:42:54,64.24,300,
10:42:55,64.24,200,
10:42:55,64.24,200,
10:42:55,64.24,100,
10:42:55,64.24,100,
10:42:55,64.24,2846,
10:42:55,64.24,100,
10:42:55,64.24,100,
10:42:55,64.24,100,
10:42:55,64.24,1100,
10:42:55,64.24,100,
10:42:55,64.24,300,
10:42:55,64.24,300,
10:42:55,64.24,200,
10:42:56,64.24,500,
10:42:56,64.24,100,
10:42:58,64.2401,141,
10:42:59,64.2301,113,
10:43:01,64.2318,500,
10:43:05,64.24,200,
10:43:05,64.24,500,
10:43:05,64.239,200,
10:43:05,64.24,6000,
10:43:08,64.24,200,
10:43:11,64.239,100,
10:43:12,64.2399,1300,
10:43:13,64.24,800,
10:43:13,64.24,100,
10:43:13,64.24,100,
10:43:13,64.24,100,
10:43:13,64.24,400,
10:43:13,64.24,100,
10:43:13,64.24,800,
10:43:13,64.24,120,
10:43:13,64.24,100,
10:43:13,64.24,600,
10:43:13,64.25,100,
10:43:13,64.25,300,
10:43:13,64.25,100,
10:43:13,64.25,100,
10:43:14,64.2401,100,
10:43:14,64.24,500,
10:43:14,64.24,200,
10:43:18,64.23,500,
10:43:18,64.23,3940,
10:43:18,64.23,100,
10:43:18,64.23,1900,
10:43:18,64.23,100,
10:43:18,64.23,100,
10:43:18,64.23,100,
10:43:18,64.2201,356,
10:43:18,64.2201,107,
10:43:19,64.23,200,
10:43:19,64.2301,107,
10:43:19,64.23,400,
10:43:20,64.2218,100,
10:43:23,64.23,200,
10:43:23,64.23,300,
10:43:23,64.23,800,
10:43:23,64.23,141,
10:43:23,64.23,800,
10:43:23,64.23,249,
10:43:23,64.2301,247,
10:43:24,64.2301,247,
10:43:25,64.2301,247,
10:43:29,64.2301,353,
10:43:29,64.2301,247,
10:43:39,64.232,150,
10:43:39,64.2301,247,
10:43:40,64.2301,153,
10:43:40,64.23,500,
10:43:49,64.23,100,
10:43:50,64.23,112,
10:43:50,64.23,500,
10:43:50,64.23,200,
10:43:50,64.23,1700,
10:43:50,64.23,289,
10:43:57,64.23,106,
10:43:57,64.23,288,
10:44:02,64.23,100,
10:44:02,64.2301,105,
10:44:03,64.2301,106,
10:44:07,64.23,500,
10:44:07,64.23,800,
10:44:10,64.23,200,
10:44:10,64.23,300,
10:44:10,64.2301,106,
10:44:10,64.23,200,
10:44:21,64.23,300,
10:44:21,64.23,100,
10:44:24,64.2245,100,
10:44:30,64.23,500,
10:44:30,64.23,681,
10:44:32,64.2301,177,
10:44:32,64.23,176,
10:44:34,64.23,148,
10:44:39,64.2301,353,
10:44:39,64.23,200,
10:44:52,64.23,330,
10:45:02,64.23,500,
10:45:02,64.23,200,
10:45:02,64.23,400,
10:45:04,64.2399,1200,
10:45:04,64.23,500,
10:45:06,64.2201,353,
10:45:06,64.22,100,
10:45:06,64.22,100,
10:45:06,64.22,100,
10:45:14,64.23,400,
10:45:14,64.23,201,
10:45:14,64.23,141,
10:45:14,64.23,200,
10:45:14,64.23,200,
10:45:23,64.2301,100,
10:45:23,64.2301,200,
10:45:23,64.2301,106,
10:45:29,64.23,500,
10:45:29,64.23,200,
10:45:31,64.229,200,
10:45:32,64.229,122,
10:45:34,64.23,500,
10:45:40,64.24,200,
10:45:40,64.24,700,
10:45:41,64.24,200,
10:45:41,64.24,100,
10:45:41,64.24,100,
10:45:41,64.24,100,
10:45:41,64.24,100,
10:45:41,64.24,247,
10:45:41,64.24,100,
10:45:41,64.25,500,
10:45:41,64.25,100,
10:45:41,64.25,100,
10:45:41,64.25,200,
10:45:41,64.25,3200,
10:45:41,64.25,2000,
10:45:41,64.25,600,
10:45:42,64.25,1630,
10:45:42,64.25,100,
10:45:42,64.25,100,
10:45:43,64.25,100,
10:45:43,64.25,100,
10:45:43,64.25,300,
10:45:43,64.25,300,
10:45:43,64.25,1600,
10:45:43,64.25,300,
10:45:45,64.2501,238,
10:45:48,64.2501,548,
10:45:49,64.2501,265,
10:45:52,64.2501,100,
10:45:52,64.25,100,
10:45:52,64.25,200,
10:45:52,64.25,140,
10:45:52,64.25,200,
10:45:52,64.25,225,
10:45:54,64.24,2000,
10:45:58,64.25,100,
10:45:58,64.25,100,
10:45:58,64.25,100,
10:45:58,64.25,100,
10:45:58,64.25,100,
10:45:58,64.25,100,
10:46:01,64.2501,100,
10:46:01,64.2501,200,
10:46:03,64.2501,617,
10:46:03,64.25,100,
10:46:03,64.25,100,
10:46:05,64.25,100,
10:46:15,64.24,600,
10:46:15,64.24,300,
10:46:15,64.24,600,
10:46:15,64.24,100,
10:46:15,64.24,100,
10:46:15,64.24,100,
10:46:15,64.24,1100,
10:46:15,64.24,200,
10:46:15,64.245,200,
10:46:15,64.24,800,
10:46:15,64.24,100,
10:46:15,64.24,800,
10:46:15,64.2401,265,
10:46:15,64.24,500,
10:46:22,64.2495,156,
10:46:24,64.25,300,
10:46:24,64.25,418,
10:46:24,64.245,100,
10:46:32,64.26,400,
10:46:32,64.26,100,
10:46:32,64.26,100,
10:46:32,64.26,100,
10:46:32,64.26,100,
10:46:33,64.2601,211,
10:46:33,64.26,300,
10:46:33,64.26,200,
10:46:33,64.26,100,
10:46:34,64.25,100,
10:46:34,64.25,500,
10:46:34,64.25,200,
10:46:34,64.25,800,
10:46:34,64.25,700,
10:46:34,64.25,500,
10:46:34,64.25,100,
10:46:34,64.25,1200,
10:46:36,64.24,100,
10:46:36,64.24,100,
10:46:36,64.24,100,
10:46:36,64.24,100,
10:46:36,64.24,100,
10:46:36,64.24,100,
10:46:36,64.24,100,
10:46:38,64.24,100,
10:46:38,64.24,100,
10:46:38,64.24,100,
10:46:38,64.2401,159,
10:46:41,64.24,265,
10:46:46,64.24,235,
10:46:46,64.24,100,
10:46:52,64.24,100,
10:46:52,64.2399,500,
10:46:52,64.24,200,
10:46:52,64.2401,238,
10:46:53,64.24,1600,
10:46:53,64.24,200,
10:46:54,64.23,800,
10:46:54,64.23,200,
10:46:54,64.23,3800,
10:46:54,64.23,100,
10:46:54,64.23,200,
10:46:54,64.23,800,
10:46:54,64.23,100,
10:46:54,64.23,300,
10:46:54,64.22,100,
10:47:02,64.23,100,
10:47:02,64.23,200,
10:47:02,64.23,200,
10:47:02,64.23,800,
10:47:13,64.24,400,
10:47:13,64.235,300,
10:47:13,64.24,100,
10:47:13,64.24,800,
10:47:13,64.24,200,
10:47:13,64.24,200,
10:47:13,64.24,800,
10:47:13,64.24,500,
10:47:13,64.239,100,
10:47:13,64.24,400,
10:47:13,64.24,500,
10:47:13,64.24,200,
10:47:15,64.25,400,
10:47:15,64.2401,265,
10:47:21,64.2401,265,
10:47:37,64.2401,212,
10:47:40,64.2401,265,
10:47:45,64.24,300,
10:47:51,64.24,150,
10:47:51,64.24,100,
10:47:51,64.24,500,
10:47:51,64.25,600,
10:47:54,64.2401,265,
10:47:57,64.24,200,
10:47:57,64.24,2200,
10:47:57,64.24,165,
10:48:01,64.235,200,
10:48:04,64.24,200,
10:48:05,64.24,300,
10:48:05,64.24,120,
10:48:05,64.24,200,
10:48:05,64.24,180,
10:48:05,64.24,200,
10:48:05,64.24,100,
10:48:06,64.24,100,
10:48:14,64.2475,200,
10:48:16,64.24,435,
10:48:22,64.23,800,
10:48:22,64.23,100,
10:48:22,64.23,500,
10:48:22,64.23,100,
10:48:22,64.23,100,
10:48:22,64.23,100,
10:48:22,64.23,100,
10:48:24,64.24,200,
10:48:24,64.24,100,
10:48:24,64.24,200,
10:48:24,64.24,300,
10:48:24,64.24,100,
10:48:24,64.24,100,
10:48:24,64.24,100,
10:48:24,64.24,100,
10:48:24,64.24,100,
10:48:26,64.25,116,
10:48:38,64.2401,200,
10:48:38,64.24,200,
10:48:38,64.24,100,
10:48:39,64.24,1600,
10:48:43,64.2401,212,
10:48:45,64.24,100,
10:48:47,64.24,100,
10:48:47,64.24,100,
10:48:52,64.24,800,
10:48:59,64.2311,190,
10:49:09,64.24,300,
