09:30:00,69.24,700,
09:30:00,69.24,500,
09:30:00,69.22,88724,
09:30:00,69.24,1700,
09:30:00,69.23,700,
09:30:00,69.23,200,
09:30:00,69.23,756,
09:30:00,69.25,300,
09:30:00,69.24,200,
09:30:00,69.24,500,
09:30:00,69.24,600,
09:30:00,69.23,200,
09:30:00,69.24,2000,
09:30:00,69.24,500,
09:30:00,69.23,200,
09:30:00,69.23,200,
09:30:00,69.24,300,
09:30:00,69.24,200,
09:30:00,69.24,200,
09:30:00,69.24,200,
09:30:00,69.23,244,
09:30:00,69.23,800,
09:30:00,69.25,300,
09:30:00,69.25X,900,
09:30:01,69.24,700,
09:30:01,69.24,300,
09:30:01,69.23,1856,
09:30:02,69.24,100,
09:30:02,69.25,156,
09:30:02,69.25,120,
09:30:05,69.25,100,
09:30:05,69.24,400,
09:30:06,69.2499,200,
09:30:07,69.24,5900,
09:30:07,69.24,500,
09:30:07,69.25,2700,
09:30:07,69.25,300,
09:30:07,69.25,537,
09:30:07,69.25,600,
09:30:13,69.25,300,
09:30:18,69.25,100,
09:30:18,69.25,500,
09:30:18,69.25,500,
09:30:23,69.25,1300,
09:30:23,69.25,800,
09:30:25,69.25,4800,
09:30:26,69.25,300,
09:30:26,69.25,100,
09:30:26,69.25,200,
09:30:26,69.25,100,
09:30:28,69.24,100,
09:30:29,69.24,500,
09:30:29,69.24,100,
09:30:29,69.24,500,
09:30:29,69.24,670,
09:30:29,69.24,300,
09:30:31,69.23,200,
09:30:31,69.23,500,
09:30:31,69.23,700,
09:30:31,69.23,100,
09:30:31,69.2299,1300,
09:30:32,69.23,300,
09:30:32,69.23,300,
09:30:32,69.23,237,
09:30:36,69.23,100,
09:30:40,69.23,100,
09:30:41,69.22,300,
09:30:41,69.22,100,
09:30:41,69.22,391,
09:30:41,69.22,700,
09:30:41,69.22,200,
09:30:41,69.21,4100,
09:30:41,69.21,400,
09:30:41,69.20,500,
09:30:41,69.21,400,
09:30:41,69.20,2900,
09:30:42,69.20,100,
09:30:42,69.19,500,
09:30:43,69.19,600,
09:30:45,69.19,380,
09:30:45,69.19,1300,
09:30:48,69.20,100,
09:30:51,69.20,1300,
09:30:51,69.19,500,
09:30:51,69.19,2100,
09:30:51,69.19,129,
09:30:51,69.19,100,
09:30:51,69.19,816,
09:30:56,69.20,100,
09:30:56,69.20,200,
09:31:00,69.18,300,
09:31:00,69.18,100,
09:31:02,69.19,860,
09:31:02,69.19,200,
09:31:02,69.19,600,
09:31:02,69.19,1298,
09:31:02,69.19,6708,
09:31:07,69.19,300,
09:31:07,69.19,300,
09:31:11,69.185,1020,
09:31:13,69.19,100,
09:31:14,69.19,315,
09:31:18,69.1899,600,
09:31:19,69.19,1500,
09:31:19,69.19,500,
09:31:22,69.18,100,
09:31:22,69.18,100,
09:31:25,69.21,663,
09:31:25,69.21,200,
09:31:25,69.205,100,
09:31:30,69.21,3100,
09:31:31,69.20,611,
09:31:39,69.195,100,
09:31:45,69.195,100,
09:31:45,69.20,500,
09:31:47,69.1999,2155,
09:31:48,69.21,400,
09:31:48,69.21,800,
09:31:53,69.21,1400,
09:31:53,69.21,100,
09:32:04,69.195,100,
09:32:14,69.1914,1500,
09:32:16,69.20,1600,
09:32:16,69.20,1200,
09:32:16,69.20,600,
09:32:16,69.20,500,
09:32:16,69.20,700,
09:32:16,69.20,2400,
09:32:17,69.20,1000,
09:32:18,69.22,300,
09:32:19,69.21,500,
09:32:23,69.22,100,
09:32:23,69.22,1200,
09:32:23,69.21,200,
09:32:28,69.22,500,
09:32:28,69.22,100,
09:32:29,69.2299,100,
09:32:33,69.22,100,
09:32:34,69.21,300,
09:32:38,69.21,500,
09:32:38,69.21,100,
09:32:43,69.21,100,
09:32:44,69.22,450,
09:32:47,69.21,100,
09:32:55,69.22,100,
09:32:55,69.23,1500,
09:32:57,69.2399,2000,
09:33:03,69.23,132,
09:33:03,69.22,500,
09:33:04,69.22,100,
09:33:05,69.22,100,
09:33:13,69.2284,200,
09:33:18,69.23,200,
09:33:26,69.23,250,
09:33:30,69.22,600,
09:33:30,69.22,900,
09:33:30,69.22,4500,
09:33:30,69.22,100,
09:33:31,69.23,100,
09:33:32,69.24,400,
09:33:35,69.23,400,
09:33:35,69.24,300,
09:33:39,69.24,100,
09:33:39,69.24,300,
09:33:51,69.23,1085,
09:33:53,69.2284,1500,
09:33:56,69.23,100,
09:33:57,69.23,2300,
09:34:02,69.24,400,
09:34:02,69.24,1700,
09:34:02,69.24,400,
09:34:02,69.24,1300,
09:34:02,69.24,1300,
09:34:02,69.24,1700,
09:34:02,69.25,800,
09:34:02,69.25,200,
09:34:02,69.25,500,
09:34:02,69.25,500,
09:34:02,69.25,200,
09:34:02,69.25,700,
09:34:02,69.25,700,
09:34:02,69.25,800,
09:34:02,69.25,500,
09:34:02,69.25,800,
09:34:02,69.25,1600,
09:34:11,69.25,200,
09:34:12,69.24,100,
09:34:12,69.24,100,
09:34:12,69.24,999,
09:34:13,69.23,301,
09:34:13,69.23,199,
09:34:18,69.23,100,
09:34:18,69.23,100,
09:34:19,69.2399,1000,
09:34:20,69.23,200,
09:34:20,69.22,181,
09:34:20,69.22,319,
09:34:20,69.22,100,
09:34:20,69.22,800,
09:34:20,69.22,1000,
09:34:20,69.22,135,
09:34:21,69.23,100,
09:34:21,69.23,100,
09:34:22,69.21,100,
09:34:27,69.22,100,
09:34:31,69.22,400,
09:34:31,69.22,100,
09:34:31,69.21,100,
09:34:32,69.20,300,
09:34:33,69.20,500,
09:34:33,69.19,200,
09:34:38,69.19,100,
09:34:38,69.18,900,
09:34:38,69.18,500,
09:34:38,69.18,1600,
09:34:38,69.19,300,
09:34:38,69.18,3000,
09:34:38,69.18,4600,
09:34:38,69.18,3200,
09:34:38,69.18,200,
09:34:38,69.18,2000,
09:34:38,69.18,200,
09:34:39,69.19,264,
09:34:41,69.20,500,
09:34:41,69.21,351,
09:34:41,69.21,100,
09:34:43,69.21,400,
09:34:44,69.21,400,
09:34:46,69.21,1000,
09:34:47,69.21,100,
09:34:47,69.21,100,
09:34:47,69.21,100,
09:34:48,69.21,100,
09:34:48,69.21,400,
09:34:48,69.21,100,
09:34:48,69.201,200,
09:34:50,69.20,2100,
09:34:50,69.20,100,
09:34:50,69.19,1200,
09:34:50,69.20,600,
09:34:50,69.20,1200,
09:34:50,69.21,100,
09:34:50,69.21,400,
09:34:52,69.21,100,
09:34:56,69.215,200,
09:34:57,69.22,7000,
09:35:01,69.21,100,
09:35:01,69.21,100,
09:35:04,69.21,200,
09:35:09,69.2199,100,
09:35:09,69.22,100,
09:35:09,69.21,400,
09:35:09,69.21,500,
09:35:11,69.22,100,
09:35:11,69.22,100,
09:35:11,69.22,100,
09:35:11,69.22,100,
09:35:14,69.21,100,
09:35:14,69.21,1600,
09:35:14,69.21,200,
09:35:14,69.21,177,
09:35:14,69.21,100,
09:35:14,69.21,100,
09:35:19,69.20,100,
09:35:19,69.20,6300,
09:35:19,69.20,400,
09:35:19,69.20,400,
09:35:19,69.21,200,
09:35:21,69.2099,850,
09:35:23,69.20,100,
09:35:24,69.20,500,
09:35:24,69.20,1700,
09:35:24,69.20,3400,
09:35:24,69.20,200,
09:35:24,69.20,600,
09:35:24,69.20,400,
09:35:24,69.20,1900,
09:35:24,69.20,100,
09:35:24,69.20,800,
09:35:24,69.20,100,
09:35:24,69.20,100,
09:35:24,69.20,500,
09:35:24,69.20,200,
09:35:25,69.19,500,
09:35:25,69.19,1400,
09:35:26,69.189,200,
09:35:26,69.19,100,
09:35:31,69.19,200,
09:35:31,69.19,100,
09:35:32,69.18,500,
09:35:33,69.17,200,
09:35:33,69.17,300,
09:35:33,69.16,100,
09:35:33,69.16,100,
09:35:36,69.15,1600,
09:35:37,69.1501,2155,
09:35:38,69.15,400,
09:35:39,69.16,100,
09:35:41,69.16,2000,
09:35:41,69.16,1200,
09:35:41,69.16,100,
09:35:41,69.16,100,
09:35:43,69.15,200,
09:35:43,69.15,100,
09:35:45,69.15,285,
09:35:46,69.14,200,
09:35:46,69.14,100,
09:35:46,69.13,100,
09:35:46,69.13,500,
09:35:47,69.13,300,
09:35:48,69.1301,5000,
09:35:52,69.13,100,
09:35:59,69.14,100,
09:35:59,69.15,200,
09:35:59,69.15,1200,
09:35:59,69.15,200,
09:35:59,69.15,100,
09:35:59,69.15,300,
09:35:59,69.15,100,
09:35:59,69.16,200,
09:35:59,69.16,178,
09:35:59,69.16,400,
09:36:00,69.15,300,
09:36:00,69.15,200,
09:36:02,69.1599,300,
09:36:05,69.16,100,
09:36:05,69.16,100,
09:36:05,69.16,100,
09:36:05,69.16,1300,
09:36:05,69.16,200,
09:36:07,69.151,100,
09:36:12,69.15,2100,
09:36:12,69.15,100,
09:36:12,69.15,200,
09:36:12,69.14,3900,
09:36:12,69.14,1200,
09:36:12,69.14,600,
09:36:15,69.16,100,
09:36:15,69.16,2100,
09:36:15,69.16,100,
09:36:15,69.16,500,
09:36:16,69.15,300,
09:36:16,69.15,100,
09:36:16,69.15,1200,
09:36:19,69.1499,3600,
09:36:21,69.15,200,
09:36:24,69.14,199,
09:36:24,69.14,500,
09:36:26,69.14,100,
09:36:26,69.14,400,
09:36:26,69.14,400,
09:36:26,69.15,200,
09:36:26,69.15,400,
09:36:27,69.14,600,
09:36:27,69.14,400,
09:36:27,69.14,1800,
09:36:27,69.14,1400,
09:36:27,69.13,400,
09:36:27,69.13,300,
09:36:27,69.13,100,
09:36:27,69.13,100,
09:36:27,69.13,300,
09:36:27,69.13,500,
09:36:27,69.14,1000,
09:36:29,69.14,300,
09:36:30,69.14,100,
09:36:31,69.1301,100,
09:36:31,69.13,100,
09:36:35,69.13,100,
09:36:35,69.13,101,
09:36:39,69.1399,1000,
09:36:39,69.13,154,
09:36:39,69.12,181,
09:36:44,69.1383,1000,
09:36:48,69.135,720,
09:36:49,69.14,100,
09:36:49,69.15,100,
09:36:49,69.15,100,
09:36:49,69.15,1600,
09:36:49,69.15,500,
09:36:49,69.16,100,
09:36:50,69.15,100,
09:36:50,69.15,200,
09:36:50,69.145,200,
09:36:50,69.145,200,
09:36:50,69.145,100,
09:36:51,69.145,100,
09:36:51,69.145,100,
09:36:51,69.145,100,
09:36:52,69.14,600,
09:36:52,69.14,500,
09:36:52,69.14,100,
09:36:52,69.14,400,
09:36:53,69.13,1200,
09:36:53,69.13,800,
09:36:54,69.14,600,
09:36:54,69.13,500,
09:36:54,69.13,200,
09:36:54,69.13,200,
09:36:54,69.13,400,
09:36:54,69.13,100,
09:36:54,69.13,100,
09:37:00,69.125,100,
09:37:05,69.13,100,
09:37:10,69.12,200,
09:37:10,69.12,500,
09:37:11,69.13,100,
09:37:11,69.13,100,
09:37:13,69.1399,400,
09:37:16,69.14,100,
09:37:19,69.14,300,
09:37:21,69.14,400,
09:37:23,69.15,600,
09:37:23,69.15,100,
09:37:25,69.15,100,
09:37:26,69.15,600,
09:37:26,69.14,100,
09:37:26,69.14,600,
09:37:28,69.13,100,
09:37:30,69.13,419,
09:37:31,69.13,182,
09:37:31,69.13,100,
09:37:34,69.14,100,
09:37:34,69.14,100,
09:37:34,69.141,100,
09:37:37,69.14,300,
09:37:42,69.15,400,
09:37:42,69.15,300,
09:37:43,69.16,100,
09:37:44,69.15,100,
09:37:45,69.14,100,
09:37:45,69.13,816,
09:37:51,69.1484,100,
09:37:56,69.15,400,
09:37:56,69.15,100,
09:37:58,69.15,100,
09:38:04,69.14,100,
09:38:07,69.13,200,
09:38:09,69.13,418,
09:38:19,69.14,200,
09:38:20,69.1483,400,
09:38:20,69.14,100,
09:38:21,69.1384,100,
09:38:23,69.15,2500,
09:38:23,69.15,200,
09:38:23,69.15,200,
09:38:23,69.15,200,
09:38:23,69.15,200,
09:38:23,69.15,1000,
09:38:23,69.155,400,
09:38:23,69.155,400,
09:38:23,69.155,100,
09:38:23,69.16,100,
09:38:23,69.15,100,
09:38:23,69.16,100,
09:38:23,69.16,137,
09:38:23,69.16,700,
09:38:23,69.16,363,
09:38:23,69.15,100,
09:38:23,69.16,100,
09:38:23,69.16,200,
09:38:23,69.16,100,
09:38:23,69.16,100,
09:38:23,69.15,300,
09:38:23,69.15,200,
09:38:24,69.15,200,
09:38:25,69.155,100,
09:38:27,69.14,400,
09:38:28,69.14,100,
09:38:28,69.13,300,
09:38:28,69.13,100,
09:38:30,69.1201,2000,
09:38:30,69.13,500,
09:38:30,69.13,2500,
09:38:30,69.13,255,
09:38:30,69.13,200,
09:38:34,69.12,300,
09:38:34,69.12,100,
09:38:35,69.12,281,
09:38:35,69.12,819,
09:38:36,69.11,300,
09:38:36,69.11,500,
09:38:38,69.1099,1000,
09:38:40,69.10,400,
09:38:40,69.10,500,
09:38:40,69.10,100,
09:38:40,69.10,600,
09:38:41,69.10,400,
09:38:43,69.11,100,
09:38:43,69.11,100,
09:38:44,69.10,100,
09:38:46,69.11,200,
09:38:47,69.11,100,
09:38:53,69.12,100,
09:38:53,69.12,300,
09:38:54,69.13,400,
09:38:54,69.13,100,
09:38:54,69.13,300,
09:38:54,69.13,600,
09:38:54,69.13,100,
09:38:54,69.12,216,
09:38:55,69.13,500,
09:39:04,69.13,100,
09:39:04,69.12,100,
09:39:04,69.11,100,
09:39:04,69.11,100,
09:39:11,69.1145,200,
09:39:12,69.11,100,
09:39:13,69.10,400,
09:39:13,69.10,400,
09:39:14,69.08,179,
09:39:14,69.09,100,
09:39:14,69.0899,500,
09:39:16,69.09,100,
09:39:21,69.08,100,
09:39:21,69.08,100,
09:39:21,69.07,600,
09:39:22,69.0701,250,
09:39:24,69.08,1000,
09:39:25,69.07,400,
09:39:25,69.07,100,
09:39:25,69.07,100,
09:39:27,69.07,100,
09:39:31,69.08,100,
09:39:31,69.08,1800,
09:39:31,69.08,300,
09:39:31,69.08,100,
09:39:32,69.07,2400,
09:39:32,69.07,500,
09:39:34,69.08,1600,
09:39:34,69.08,3400,
09:39:35,69.07,200,
09:39:35,69.07,300,
09:39:36,69.078,100,
09:39:38,69.08,100,
09:39:46,69.07,100,
09:39:46,69.07,148,
09:39:48,69.0613,1000,
09:39:51,69.07,100,
09:39:51,69.0817,200,
09:39:54,69.07,100,
09:39:54,69.0707,100,
09:40:00,69.06,300,
09:40:00,69.06,189,
09:40:00,69.05,500,
09:40:00,69.05,115,
09:40:00,69.04,500,
09:40:00,69.04,200,
09:40:01,69.04,500,
09:40:01,69.04,100,
09:40:01,69.04,1200,
09:40:01,69.04,100,
09:40:04,69.03,200,
09:40:04,69.03,200,
09:40:04,69.03,200,
09:40:04,69.03,1900,
09:40:05,69.03,500,
09:40:06,69.03,600,
09:40:06,69.03,600,
09:40:06,69.03,352,
09:40:06,69.03,500,
09:40:06,69.03,200,
09:40:06,69.03,700,
09:40:06,69.03,2400,
09:40:06,69.03,100,
09:40:06,69.03,200,
09:40:06,69.03,800,
09:40:06,69.03,800,
09:40:06,69.03,2100,
09:40:06,69.03,800,
09:40:06,69.04,200,
09:40:06,69.04,1600,
09:40:06,69.04,500,
09:40:06,69.04,600,
09:40:06,69.04,300,
09:40:06,69.04,200,
09:40:06,69.04,4100,
09:40:06,69.04,352,
09:40:06,69.04,100,
09:40:06,69.04,500,
09:40:06,69.04,2300,
09:40:06,69.04,2400,
09:40:06,69.04,2000,
09:40:06,69.04,600,
09:40:07,69.05,200,
09:40:07,69.04,200,
09:40:07,69.04,100,
09:40:07,69.04,100,
09:40:07,69.04,200,
09:40:08,69.04,100,
09:40:08,69.04,849,
09:40:08,69.04,300,
09:40:08,69.04,1300,
09:40:09,69.03,1900,
09:40:09,69.03,2000,
09:40:11,69.04,100,
09:40:13,69.03,700,
09:40:13,69.03,507,
09:40:17,69.02,147,
09:40:19,69.03,100,
09:40:22,69.02,500,
09:40:22,69.01,1500,
09:40:22,69.01,600,
09:40:22,69.01,1600,
09:40:22,69.01,700,
09:40:24,69.01,100,
09:40:24,69,150,
09:40:24,69,100,
09:40:24,69.01,500,
09:40:25,69.01,200,
09:40:27,69.01,100,
09:40:29,69.01,100,
09:40:30,69.02,100,
09:40:35,69.03,100,
09:40:36,69.04,100,
09:40:38,69.0401,100,
09:40:38,69.05,100,
09:40:38,69.04,1000,
09:40:38,69.04,100,
09:40:42,69.04,100,
09:40:49,69.03,400,
09:40:55,69.03,100,
09:41:08,69.04,100,
09:41:08,69.0387,1500,
09:41:09,69.04,100,
09:41:09,69.05,100,
09:41:09,69.05,1400,
09:41:12,69.05,100,
09:41:14,69.05,100,
09:41:18,69.04,100,
09:41:19,69.04,100,
09:41:19,69.04,704,
09:41:19,69.04,100,
09:41:20,69.05,500,
09:41:23,69.05,800,
09:41:23,69.05,600,
09:41:23,69.05,100,
09:41:23,69.05,200,
09:41:23,69.05,700,
09:41:23,69.05,900,
09:41:23,69.05,100,
09:41:23,69.05,3200,
09:41:24,69.05,100,
09:41:25,69.06,800,
09:41:25,69.06,100,
09:41:25,69.06,250,
09:41:27,69.07,500,
09:41:27,69.07,200,
09:41:27,69.07,453,
09:41:29,69.07,100,
09:41:31,69.08,493,
09:41:31,69.08,200,
09:41:31,69.08,500,
09:41:31,69.08,500,
09:41:31,69.08,500,
09:41:31,69.08,100,
09:41:31,69.08,200,
09:41:31,69.08,179,
09:41:32,69.07,100,
09:41:34,69.07,100,
09:41:35,69.06,100,
09:41:38,69.0599,2000,
09:41:44,69.0584,1500,
09:41:46,69.05,600,
09:41:46,69.05,100,
09:41:47,69.04,146,
09:41:47,69.04,446,
09:41:47,69.03,500,
09:41:50,69.04,200,
09:41:50,69.04,200,
09:41:51,69.05,100,
09:41:51,69.05,100,
09:41:51,69.051,300,
09:41:53,69.05,100,
09:42:02,69.06,500,
09:42:06,69.06,500,
09:42:07,69.06,100,
09:42:16,69.07,2400,
09:42:16,69.07,200,
09:42:16,69.07,200,
09:42:16,69.07,100,
09:42:17,69.07,4100,
09:42:19,69.07,500,
09:42:20,69.08,1500,
09:42:27,69.07,100,
09:42:31,69.08,300,
09:42:31,69.08,500,
09:42:31,69.08,200,
09:42:31,69.08,500,
09:42:31,69.08,300,
09:42:31,69.08,500,
09:42:35,69.07,700,
09:42:35,69.07,300,
09:42:35,69.07,1700,
09:42:35,69.07,100,
09:42:35,69.07,500,
09:42:35,69.07,300,
09:42:38,69.07,100,
09:42:46,69.08,100,
09:42:47,69.0899,500,
09:42:47,69.09,100,
09:42:47,69.09,500,
09:42:47,69.09,200,
09:42:47,69.095,3000,
09:42:50,69.08,600,
09:42:50,69.08,100,
09:42:51,69.08,300,
09:42:55,69.08,100,
09:42:56,69.08,101,
09:42:58,69.09,100,
09:43:00,69.10,500,
09:43:01,69.10,100,
09:43:02,69.09,200,
09:43:03,69.09,100,
09:43:03,69.09,400,
09:43:04,69.08,100,
09:43:04,69.08,100,
09:43:08,69.08,100,
09:43:10,69.08,100,
09:43:16,69.0799,200,
09:43:18,69.08,500,
09:43:18,69.08,1000,
09:43:18,69.08,400,
09:43:18,69.08,2100,
09:43:18,69.08,200,
09:43:18,69.08,1000,
09:43:18,69.08,200,
09:43:18,69.08,800,
09:43:18,69.08,100,
09:43:18,69.08,1200,
09:43:19,69.09,100,
09:43:21,69.10,100,
09:43:21,69.10,200,
09:43:23,69.10,588,
09:43:23,69.10,100,
09:43:23,69.10,1000,
09:43:23,69.10,1358,
09:43:23,69.10,100,
09:43:23,69.10,400,
09:43:23,69.10,1500,
09:43:23,69.10,100,
09:43:23,69.10,100,
09:43:23,69.10,500,
09:43:23,69.09,115,
09:43:26,69.0999,300,
09:43:30,69.09,300,
09:43:37,69.08,500,
09:43:37,69.08,600,
09:43:43,69.07,300,
09:43:43,69.07,200,
09:43:43,69.06,100,
09:43:43,69.06,400,
09:43:43,69.06,600,
09:43:43,69.06,100,
09:43:43,69.06,200,
09:43:44,69.06,300,
09:43:46,69.07,100,
09:43:51,69.08,600,
09:43:51,69.08,100,
09:43:51,69.08,200,
09:43:51,69.08,200,
09:43:51,69.08,500,
09:43:51,69.08,700,
09:43:51,69.08,1400,
09:43:51,69.08,300,
09:43:57,69.09,217,
09:44:06,69.09,100,
09:44:13,69.10,100,
09:44:14,69.11,100,
09:44:14,69.11,100,
09:44:24,69.12,300,
09:44:26,69.12,100,
09:44:29,69.1201,500,
09:44:29,69.12,285,
09:44:29,69.12,200,
09:44:31,69.13,500,
09:44:32,69.13,100,
09:44:34,69.13,200,
09:44:35,69.13,100,
09:44:43,69.12,100,
09:44:44,69.11,200,
09:44:44,69.11,100,
09:44:49,69.09,115,
09:44:49,69.10,500,
09:44:50,69.10,100,
09:44:50,69.10,200,
09:44:51,69.10,100,
09:44:52,69.10,100,
09:44:56,69.1045,700,
09:44:57,69.10,100,
09:44:57,69.09,200,
09:44:57,69.08,500,
09:44:59,69.08,100,
09:44:59,69.08,400,
09:44:59,69.08,100,
09:45:00,69.08,100,
09:45:07,69.07,100,
09:45:07,69.07,100,
09:45:07,69.07,200,
09:45:07,69.07,300,
09:45:10,69.07,300,
09:45:11,69.08,200,
09:45:12,69.09,800,
09:45:12,69.09,400,
09:45:12,69.09,438,
09:45:12,69.09,800,
09:45:12,69.09,200,
09:45:14,69.09,100,
09:45:14,69.09,100,
09:45:21,69.08,100,
09:45:21,69.07,600,
09:45:21,69.07,100,
09:45:21,69.07,500,
09:45:21,69.06,136,
09:45:27,69.07,465,
09:45:27,69.07,500,
09:45:34,69.065,100,
09:45:35,69.06,100,
09:45:35,69.06,500,
09:45:35,69.05,300,
09:45:36,69.05,100,
09:45:36,69.05,404,
09:45:49,69.04,100,
09:45:49,69.04,500,
09:45:51,69.04,100,
09:45:53,69.04,100,
09:45:54,69.04,100,
09:45:54,69.04,1400,
09:45:54,69.04,1200,
09:45:54,69.04,400,
09:45:54,69.04,200,
09:45:54,69.04,200,
09:45:54,69.04,100,
09:45:54,69.04,200,
09:45:54,69.04,2100,
09:45:54,69.04,200,
09:45:54,69.04,1900,
09:45:54,69.04,500,
09:45:54,69.03,100,
09:45:54,69.03,100,
09:45:54,69.03,2900,
09:45:54,69.03,200,
09:45:54,69.03,1000,
09:45:54,69.03,2400,
09:45:54,69.04,911,
09:45:54,69.04,500,
09:45:55,69.03,1000,
09:45:58,69.03,484,
09:45:59,69.03,200,
09:45:59,69.03,800,
09:45:59,69.03,700,
09:46:02,69.04,500,
09:46:02,69.04,100,
09:46:02,69.035,100,
09:46:02,69.0401,100,
09:46:02,69.0401,100,
09:46:02,69.05,100,
09:46:02,69.045,100,
09:46:10,69.07,500,
09:46:11,69.0701,100,
09:46:13,69.08,500,
09:46:21,69.08,100,
09:46:22,69.08,325,
09:46:25,69.07,515,
09:46:25,69.07,200,
09:46:25,69.07,500,
09:46:25,69.06,216,
09:46:26,69.07,200,
09:46:26,69.07,400,
09:46:29,69.06,200,
09:46:30,69.06,100,
09:46:30,69.06,100,
09:46:34,69.0599,500,
09:46:35,69.06,100,
09:46:38,69.06,100,
09:46:38,69.0571,136,
09:46:46,69.06,100,
09:46:51,69.06,700,
09:46:51,69.06,800,
09:47:00,69.07,100,
09:47:00,69.07,100,
09:47:05,69.0701,100,
09:47:06,69.08,1500,
09:47:10,69.07,100,
09:47:12,69.07,100,
09:47:26,69.08,100,
09:47:26,69.075,100,
09:47:26,69.08,500,
09:47:28,69.09,500,
09:47:29,69.10,300,
09:47:29,69.10,500,
09:47:35,69.11,2100,
09:47:37,69.11,100,
09:47:37,69.11,100,
09:47:37,69.11,140,
09:47:39,69.11,1700,
09:47:40,69.11,100,
09:47:42,69.10,100,
09:47:42,69.09,400,
09:47:45,69.10,500,
09:47:45,69.10,200,
09:47:46,69.10,170,
09:47:46,69.10,100,
09:47:46,69.10,200,
09:47:51,69.1001,2000,
09:47:51,69.11,800,
09:47:56,69.11,100,
09:47:56,69.11,100,
09:47:56,69.11,200,
09:47:56,69.11,800,
09:47:57,69.11,800,
09:47:57,69.11,800,
09:47:57,69.11,200,
09:47:57,69.11,500,
09:47:57,69.11,1300,
09:47:57,69.11,800,
09:47:57,69.11,1800,
09:47:57,69.11,500,
09:48:04,69.12,500,
09:48:04,69.13,100,
09:48:04,69.13,300,
09:48:04,69.13,500,
09:48:06,69.1299,5000,
09:48:12,69.13,100,
09:48:12,69.13,300,
09:48:13,69.14,400,
09:48:15,69.15,300,
09:48:16,69.15,100,
09:48:16,69.15,100,
09:48:16,69.15,900,
09:48:20,69.15,310,
09:48:20,69.15,100,
09:48:20,69.15,400,
09:48:20,69.15,200,
09:48:20,69.15,100,
09:48:25,69.145,132,
09:48:28,69.14,1000,
09:48:28,69.14,100,
09:48:32,69.14,100,
09:48:32,69.14,200,
09:48:32,69.14,136,
09:48:32,69.14,800,
09:48:32,69.14,2400,
09:48:32,69.14,406,
09:48:33,69.1416,100,
09:48:38,69.14,100,
09:48:43,69.13,100,
09:48:45,69.14,2400,
09:48:45,69.14,11400,
09:48:45,69.14,2400,
09:48:45,69.14,2000,
09:48:45,69.14,700,
09:48:45,69.14,2000,
09:48:45,69.14,300,
09:48:45,69.14,20000,
09:48:48,69.1387,500,
09:48:51,69.1386,2666,
09:48:59,69.14,500,
09:48:59,69.15,100,
09:49:02,69.15,100,
09:49:06,69.14,815,
09:49:07,69.15,1000,
09:49:11,69.15,100,
09:49:11,69.15,100,
09:49:13,69.15,450,
09:49:13,69.15,800,
09:49:13,69.15,600,
09:49:13,69.15,600,
09:49:13,69.15,1300,
09:49:14,69.15,100,
09:49:14,69.15,500,
09:49:14,69.15,200,
09:49:14,69.15,200,
09:49:14,69.15,500,
09:49:14,69.15,200,
09:49:14,69.15,150,
09:49:14,69.15,600,
09:49:19,69.15,167,
09:49:26,69.15,522,
09:49:26,69.15,200,
09:49:26,69.15,400,
09:49:26,69.15,500,
09:49:26,69.15,300,
09:49:30,69.16,500,
09:49:31,69.17,100,
09:49:32,69.18,100,
09:49:32,69.18,1100,
09:49:32,69.18,200,
09:49:33,69.18,100,
09:49:33,69.18,1000,
09:49:36,69.18,100,
09:49:37,69.19,600,
09:49:38,69.19,100,
09:49:38,69.19,200,
09:49:38,69.20,100,
09:49:41,69.1983,200,
09:49:42,69.19,200,
09:49:43,69.18,200,
09:49:45,69.19,200,
09:49:52,69.1901,5000,
09:50:01,69.20,1500,
09:50:01,69.20,500,
09:50:03,69.21,100,
09:50:03,69.21,400,
09:50:03,69.22,500,
09:50:04,69.2199,1300,
09:50:08,69.21,100,
09:50:10,69.20,100,
09:50:15,69.20,1000,
09:50:15,69.20,200,
09:50:17,69.21,100,
09:50:20,69.20,200,
09:50:20,69.20,100,
09:50:28,69.21,300,
09:50:34,69.20,100,
09:50:36,69.19,500,
09:50:36,69.19,100,
09:50:37,69.18,100,
09:50:37,69.18,100,
09:50:38,69.18,100,
09:50:42,69.18,800,
09:50:42,69.18,800,
09:50:42,69.18,800,
09:50:42,69.18,900,
09:50:42,69.18,600,
09:50:42,69.18,200,
09:50:42,69.18,800,
09:50:42,69.18,2500,
09:50:42,69.18,500,
09:50:42,69.18,900,
09:50:42,69.179,1300,
09:50:42,69.18,300,
09:50:42,69.175,100,
09:50:42,69.18,100,
09:50:45,69.181,100,
09:50:46,69.18,300,
09:50:47,69.18,500,
09:50:47,69.18,800,
09:50:47,69.18,900,
09:50:47,69.18,800,
09:50:47,69.18,200,
09:50:47,69.18,900,
09:50:47,69.18,200,
09:50:47,69.18,100,
09:50:47,69.18,4000,
09:50:47,69.18,4100,
09:50:47,69.18,104,
09:50:47,69.18,600,
09:50:47,69.18,100,
09:50:47,69.18,100,
09:50:48,69.18,300,
09:50:48,69.18,100,
09:50:48,69.18,100,
09:50:48,69.18,800,
09:50:48,69.18,100,
09:50:48,69.18,1300,
09:50:48,69.19,130,
09:50:49,69.18,1200,
09:50:49,69.18,200,
09:50:50,69.18,4100,
09:50:53,69.18,1000,
09:50:53,69.18,1000,
09:50:53,69.18,1000,
09:50:53,69.18,9100,
09:50:53,69.18,800,
09:50:53,69.18,200,
09:50:53,69.18,600,
09:50:53,69.18,300,
09:50:53,69.18,1500,
09:50:53,69.18,200,
09:50:53,69.18,700,
09:50:53,69.18,300,
09:50:53,69.18,7200,
09:50:54,69.18,200,
09:50:54,69.18,300,
09:50:54,69.18,700,
09:50:54,69.18,200,
09:50:54,69.18,800,
09:50:54,69.18,2200,
09:50:54,69.18,2900,
09:50:58,69.175,100,
09:51:00,69.18,100,
09:51:00,69.18,2300,
09:51:00,69.18,400,
09:51:05,69.18,200,
09:51:19,69.19,600,
09:51:20,69.19,200,
09:51:20,69.19,200,
09:51:20,69.19,100,
09:51:23,69.18,100,
09:51:23,69.18,100,
09:51:26,69.18,400,
09:51:30,69.18,100,
09:51:38,69.19,100,
09:51:38,69.19,200,
09:51:38,69.18,100,
09:51:43,69.20,500,
09:51:44,69.20,200,
09:51:44,69.20,200,
09:51:44,69.20,200,
09:51:47,69.20,100,
09:51:51,69.19,500,
09:51:51,69.19,100,
09:51:54,69.18,200,
09:51:55,69.19,400,
09:51:56,69.19,100,
09:52:07,69.20,500,
09:52:08,69.2001,141,
09:52:21,69.21,100,
09:52:23,69.22,1000,
09:52:25,69.22,100,
09:52:25,69.22,100,
09:52:25,69.22,100,
09:52:25,69.22,100,
09:52:26,69.22,200,
09:52:26,69.21,300,
09:52:26,69.21,100,
09:52:26,69.21,200,
09:52:28,69.20,200,
09:52:28,69.20,100,
09:52:50,69.19,100,
09:52:50,69.19,100,
09:52:50,69.18,400,
09:52:52,69.18,429,
09:52:54,69.16,615,
09:52:58,69.16,100,
09:52:59,69.16,100,
09:52:59,69.16,100,
09:52:59,69.16,300,
09:52:59,69.15,100,
09:52:59,69.15,100,
09:52:59,69.15,800,
09:52:59,69.14,200,
09:53:04,69.13,100,
09:53:05,69.13,500,
09:53:05,69.13,200,
09:53:12,69.15,500,
09:53:12,69.15,100,
09:53:26,69.151,400,
09:53:26,69.151,400,
09:53:26,69.15,200,
09:53:26,69.15,100,
09:53:26,69.15,600,
09:53:26,69.15,700,
09:53:26,69.14,816,
09:53:26,69.14,200,
09:53:26,69.14,169,
09:53:35,69.14,500,
09:53:45,69.13,100,
09:53:45,69.13,500,
09:53:54,69.1201,200,
09:53:57,69.13,299,
09:54:02,69.1399,150,
09:54:07,69.14,500,
09:54:07,69.14,700,
09:54:07,69.14,200,
09:54:07,69.14,100,
09:54:07,69.14,400,
09:54:07,69.14,200,
09:54:07,69.13,200,
09:54:07,69.13,200,
09:54:07,69.13,400,
09:54:07,69.13,1800,
09:54:07,69.13,100,
09:54:07,69.13,200,
09:54:07,69.13,100,
09:54:07,69.13,100,
09:54:07,69.13,900,
09:54:08,69.14,422,
09:54:08,69.14,400,
09:54:08,69.14,200,
09:54:08,69.14,200,
09:54:10,69.15,281,
09:54:10,69.15,500,
09:54:12,69.15,100,
09:54:12,69.14,100,
09:54:12,69.14,700,
09:54:12,69.14,247,
09:54:12,69.14,169,
09:54:12,69.14,100,
09:54:12,69.14,100,
09:54:22,69.15,100,
09:54:26,69.14,100,
09:54:33,69.15,100,
09:54:33,69.15,100,
09:54:35,69.15,100,
09:54:35,69.14,516,
09:54:35,69.14,200,
09:54:42,69.13,100,
09:54:44,69.1352,7000,
09:54:52,69.14,100,
09:55:03,69.14,600,
09:55:05,69.14,100,
09:55:12,69.14,100,
09:55:14,69.14,100,
09:55:14,69.15,200,
09:55:18,69.14,1700,
09:55:18,69.14,200,
09:55:18,69.14,400,
09:55:19,69.148,1422,
09:55:26,69.15,700,
09:55:26,69.16,100,
09:55:29,69.16,300,
09:55:29,69.16,200,
09:55:30,69.17,200,
09:55:35,69.17,300,
09:55:39,69.16,800,
09:55:39,69.16,200,
09:55:39,69.16,200,
09:55:39,69.165,100,
09:55:40,69.16,500,
09:55:42,69.16,200,
09:55:42,69.16,400,
09:55:43,69.16,400,
09:55:43,69.16,200,
09:55:43,69.16,800,
09:55:43,69.16,300,
09:55:43,69.16,200,
09:55:43,69.16,200,
09:55:43,69.16,100,
09:55:43,69.16,100,
09:55:45,69.16,600,
09:55:45,69.16,600,
09:55:46,69.16,375,
09:55:46,69.16,200,
09:55:49,69.16,300,
09:55:49,69.16,4000,
09:55:49,69.16,1900,
09:55:49,69.16,200,
09:55:50,69.165,100,
09:55:51,69.16,100,
09:55:51,69.16,500,
09:55:51,69.16,200,
09:55:51,69.165,100,
09:55:52,69.16,100,
09:55:52,69.16,300,
09:55:52,69.16,200,
09:55:52,69.16,1500,
09:55:53,69.1662,150,
09:55:53,69.16,200,
09:55:54,69.16,100,
09:56:02,69.155,100,
09:56:02,69.155,100,
09:56:02,69.15,200,
09:56:02,69.15,300,
09:56:02,69.15,100,
09:56:02,69.15,100,
09:56:10,69.1599,1500,
09:56:16,69.16,500,
09:56:19,69.15,200,
09:56:19,69.155,100,
09:56:19,69.14,100,
09:56:19,69.14,116,
09:56:19,69.15,400,
09:56:19,69.15,300,
09:56:19,69.14,684,
09:56:19,69.13,100,
09:56:26,69.13,100,
09:56:29,69.13,1300,
09:56:29,69.13,100,
09:56:36,69.14,100,
09:56:38,69.14,500,
09:56:43,69.14,500,
09:56:43,69.14,100,
09:56:43,69.14,600,
09:56:43,69.14,200,
09:56:43,69.14,200,
09:56:43,69.14,200,
09:56:43,69.14,300,
09:56:45,69.14,400,
09:56:55,69.145,100,
09:56:55,69.13,215,
09:56:55,69.13,500,
09:56:58,69.14,1000,
09:56:58,69.14,200,
09:56:58,69.14,100,
09:56:58,69.14,300,
09:56:58,69.14,200,
09:56:58,69.14,2100,
09:57:02,69.15,200,
09:57:02,69.15,1500,
09:57:02,69.15,200,
09:57:03,69.16,200,
09:57:12,69.16,400,
09:57:15,69.17,300,
09:57:27,69.17,300,
09:57:36,69.16,200,
09:57:36,69.165,100,
09:57:36,69.16,200,
09:57:39,69.1514,1044,
09:57:41,69.15,100,
09:57:42,69.14,200,
09:57:47,69.14,500,
09:57:54,69.13,600,
09:57:54,69.13,700,
09:57:54,69.13,100,
09:57:54,69.12,100,
09:57:54,69.12,800,
09:57:54,69.12,1000,
09:57:54,69.12,2100,
09:57:54,69.12,961,
09:57:54,69.12,900,
09:57:54,69.12,500,
09:57:54,69.12,500,
09:57:54,69.12,400,
09:57:54,69.12,200,
09:57:54,69.12,4100,
09:57:58,69.125,100,
09:58:00,69.12,700,
09:58:04,69.11,700,
09:58:07,69.11,316,
09:58:07,69.11,300,
09:58:08,69.12,1000,
09:58:13,69.11,100,
09:58:16,69.10,216,
09:58:16,69.10,100,
09:58:18,69.10,100,
09:58:18,69.10,260,
09:58:18,69.10,100,
09:58:18,69.105,100,
09:58:22,69.09,200,
09:58:22,69.09,400,
09:58:22,69.09,500,
09:58:22,69.09,500,
09:58:23,69.09,100,
09:58:24,69.10,100,
09:58:30,69.10,100,
09:58:30,69.10,151,
09:58:30,69.11,200,
09:58:30,69.11,500,
09:58:35,69.12,500,
09:58:44,69.12,500,
09:58:44,69.13,200,
09:58:44,69.13,200,
09:58:44,69.13,300,
09:58:44,69.13,200,
09:58:44,69.13,2577,
09:58:46,69.13,700,
09:58:46,69.135,100,
09:58:58,69.1284,140,
09:58:59,69.13,200,
09:59:01,69.13,500,
09:59:01,69.13,200,
09:59:08,69.14,300,
09:59:17,69.14,1000,
09:59:17,69.14,1000,
09:59:17,69.14,100,
09:59:17,69.14,1000,
09:59:17,69.14,100,
09:59:17,69.15,600,
09:59:22,69.15,700,
09:59:22,69.15,200,
09:59:23,69.15,200,
09:59:23,69.15,300,
09:59:23,69.15,200,
09:59:23,69.15,200,
09:59:23,69.155,100,
09:59:23,69.14,200,
09:59:23,69.15,140,
09:59:23,69.15,200,
09:59:25,69.14,200,
09:59:25,69.14,185,
09:59:25,69.14,469,
09:59:34,69.13,500,
09:59:35,69.12,200,
09:59:36,69.1299,100,
09:59:40,69.12,131,
09:59:40,69.12,100,
09:59:40,69.12,369,
09:59:40,69.11,200,
09:59:45,69.11,200,
09:59:47,69.11,200,
09:59:49,69.12,200,
09:59:49,69.12,200,
09:59:49,69.12,200,
09:59:50,69.13,100,
09:59:56,69.13,100,
09:59:56,69.13,100,
09:59:57,69.14,200,
10:00:02,69.15,200,
10:00:02,69.15,100,
10:00:02,69.15,300,
10:00:02,69.15,200,
10:00:02,69.15,300,
10:00:02,69.14,100,
10:00:02,69.14,200,
10:00:02,69.14,100,
10:00:02,69.14,600,
10:00:02,69.14,100,
10:00:02,69.15,100,
10:00:04,69.13,100,
10:00:04,69.13,500,
10:00:04,69.13,100,
10:00:04,69.14,100,
10:00:05,69.13,200,
10:00:05,69.13,200,
10:00:05,69.13,200,
10:00:06,69.1392,3600,
10:00:12,69.13,200,
10:00:14,69.13,100,
10:00:17,69.12,100,
10:00:17,69.12,200,
10:00:17,69.12,500,
10:00:17,69.12,200,
10:00:17,69.12,130,
10:00:17,69.12,200,
10:00:17,69.13,100,
10:00:17,69.13,2400,
10:00:17,69.13,500,
10:00:17,69.12,400,
10:00:17,69.12,200,
10:00:17,69.12,100,
10:00:17,69.13,1100,
10:00:17,69.11,500,
10:00:18,69.12,100,
10:00:21,69.11,200,
10:00:21,69.11,266,
10:00:21,69.10,500,
10:00:21,69.10,100,
10:00:21,69.09,316,
10:00:21,69.09,100,
10:00:24,69.09,184,
10:00:27,69.0899,150,
10:00:34,69.09,200,
10:00:36,69.09,100,
10:00:37,69.09,100,
10:00:41,69.0916,695,
10:00:42,69.09,100,
10:00:50,69.09,416,
10:00:59,69.0916,1000,
10:01:04,69.10,137,
10:01:08,69.11,100,
10:01:08,69.11,100,
10:01:08,69.11,200,
10:01:08,69.11,200,
10:01:11,69.11,216,
10:01:12,69.11,1000,
10:01:12,69.11,500,
10:01:12,69.11,100,
10:01:13,69.11,200,
10:01:13,69.11,400,
10:01:13,69.11,2400,
10:01:14,69.10,100,
10:01:15,69.10,200,
10:01:16,69.09,100,
10:01:16,69.09,304,
10:01:18,69.08,1759,
10:01:19,69.08,500,
10:01:19,69.08,100,
10:01:20,69.07,100,
10:01:28,69.081,1600,
10:01:29,69.088,700,
10:01:30,69.09,500,
10:01:30,69.09,1000,
10:01:33,69.09,1200,
10:01:35,69.09,700,
10:01:47,69.08,500,
10:01:49,69.07,200,
10:01:49,69.07,100,
10:01:50,69.07,300,
10:01:50,69.07,100,
10:01:50,69.06,900,
10:01:51,69.06,300,
10:01:52,69.06,100,
10:01:56,69.0616,1000,
10:02:10,69.06,100,
10:02:11,69.06,298,
10:02:13,69.07,100,
10:02:13,69.07,100,
10:02:20,69.08,200,
10:02:20,69.08,200,
10:02:20,69.08,200,
10:02:22,69.08,500,
10:02:24,69.08,100,
10:02:28,69.08,100,
10:02:30,69.09,300,
10:02:30,69.09,200,
10:02:30,69.09,500,
10:02:31,69.10,100,
10:02:33,69.11,700,
10:02:33,69.11,100,
10:02:33,69.11,100,
10:02:33,69.11,500,
10:02:33,69.11,584,
10:02:33,69.11,137,
10:02:33,69.11,646,
10:02:33,69.11,1000,
10:02:33,69.11,700,
10:02:33,69.11,600,
10:02:36,69.11,600,
10:02:36,69.11,199,
10:02:36,69.10,100,
10:02:36,69.10,100,
10:02:43,69.11,200,
10:02:46,69.11,100,
10:02:46,69.11,100,
10:02:49,69.12,400,
10:02:49,69.12,500,
10:02:50,69.11,700,
10:02:51,69.13,100,
10:02:51,69.13,100,
10:02:52,69.13,100,
10:02:58,69.14,100,
10:02:58,69.14,600,
10:02:58,69.14,100,
10:02:58,69.14,100,
10:02:58,69.14,900,
10:03:03,69.14,100,
10:03:03,69.13,200,
10:03:03,69.13,100,
10:03:06,69.12,100,
10:03:07,69.12,500,
10:03:14,69.13,100,
10:03:17,69.13,100,
10:03:18,69.13,800,
10:03:18,69.13,800,
10:03:18,69.13,400,
10:03:23,69.14,500,
10:03:24,69.15,500,
10:03:27,69.16,200,
10:03:27,69.16,100,
10:03:33,69.17,1700,
10:03:33,69.17,400,
10:03:33,69.17,1400,
10:03:33,69.17,200,
10:03:33,69.17,600,
10:03:33,69.17,300,
10:03:33,69.19,1600,
10:03:33,69.18,200,
10:03:33,69.18,500,
10:03:33,69.18,100,
10:03:33,69.19,700,
10:03:33,69.19,100,
10:03:33,69.19,600,
10:03:33,69.19,700,
10:03:33,69.19,100,
10:03:33,69.19,800,
10:03:33,69.19,1000,
10:03:33,69.19,400,
10:03:34,69.18,700,
10:03:34,69.20,100,
10:03:34,69.19,800,
10:03:34,69.19,100,
10:03:34,69.19,800,
10:03:34,69.19,600,
10:03:35,69.19,100,
10:03:39,69.18,100,
10:03:40,69.1784,1000,
10:03:45,69.18,100,
10:03:46,69.175,684,
10:03:47,69.17,100,
10:03:47,69.175,1400,
10:03:47,69.175,400,
10:03:47,69.17,184,
10:03:47,69.17,800,
10:03:47,69.17,200,
10:03:47,69.17,400,
10:03:47,69.17,200,
10:03:47,69.17,100,
10:03:47,69.16,100,
10:03:50,69.18,267,
10:03:50,69.18,300,
10:03:53,69.18,100,
10:03:55,69.17,100,
10:03:55,69.16,200,
10:03:55,69.16,100,
10:03:56,69.16,400,
10:03:56,69.16,200,
10:03:58,69.15,500,
10:03:58,69.15,500,
10:03:58,69.15,683,
10:03:59,69.15,200,
10:04:04,69.16,100,
10:04:05,69.1587,1000,
10:04:09,69.17,500,
10:04:12,69.17,100,
10:04:12,69.16,100,
10:04:13,69.17,300,
10:04:15,69.17,100,
10:04:18,69.17,100,
10:04:27,69.18,500,
10:04:27,69.19,100,
10:04:31,69.19,100,
10:04:34,69.20,200,
10:04:34,69.20,200,
10:04:36,69.20,100,
10:04:36,69.20,200,
10:04:36,69.20,100,
10:04:39,69.19,100,
10:04:39,69.18,616,
10:04:40,69.18,500,
10:04:42,69.18,100,
10:04:47,69.19,200,
10:04:48,69.18,100,
10:04:49,69.18,200,
10:04:49,69.18,200,
10:04:54,69.1717,100,
10:04:57,69.19,700,
10:04:59,69.18,1126,
10:04:59,69.17,100,
10:04:59,69.17,500,
10:04:59,69.17,1900,
10:05:07,69.18,800,
10:05:13,69.19,100,
10:05:20,69.19,500,
10:05:20,69.19,100,
10:05:22,69.19,100,
10:05:22,69.18,100,
10:05:22,69.19,200,
10:05:23,69.19,100,
10:05:29,69.18,200,
10:05:41,69.20,200,
10:05:43,69.19,100,
10:05:47,69.18,200,
10:05:47,69.18,200,
10:05:47,69.18,100,
10:05:47,69.18,100,
10:05:47,69.17,200,
10:05:47,69.18,200,
10:05:51,69.18,100,
10:05:51,69.18,100,
10:05:54,69.19,100,
10:05:54,69.19,100,
10:05:57,69.19,200,
10:06:00,69.19,1000,
10:06:03,69.20,100,
10:06:03,69.20,100,
10:06:07,69.21,900,
10:06:07,69.2099,600,
10:06:08,69.20,5700,
10:06:13,69.20,300,
10:06:14,69.20,100,
10:06:19,69.21,100,
10:06:19,69.21,100,
10:06:19,69.21,100,
10:06:19,69.22,500,
10:06:19,69.21,100,
10:06:20,69.21,100,
10:06:20,69.21,800,
10:06:23,69.2099,1000,
10:06:28,69.2101,100,
10:06:28,69.22,100,
10:06:30,69.23,100,
10:06:32,69.22,100,
10:06:33,69.23,200,
10:06:33,69.24,600,
10:06:33,69.24,500,
10:06:34,69.25,100,
10:06:34,69.25,500,
10:06:34,69.25,200,
10:06:34,69.25,800,
10:06:34,69.25,300,
10:06:34,69.25,800,
10:06:34,69.25,100,
10:06:34,69.25,800,
10:06:34,69.25,800,
10:06:34,69.25,200,
10:06:34,69.25,300,
10:06:34,69.25,1400,
10:06:34,69.25,600,
10:06:34,69.25,700,
10:06:34,69.25,700,
10:06:34,69.2501,100,
10:06:35,69.26,100,
10:06:35,69.25,100,
10:06:35,69.25,300,
10:06:35,69.25,100,
10:06:36,69.249,300,
10:06:39,69.25,400,
10:06:39,69.25,1000,
10:06:39,69.25,1000,
10:06:39,69.25,1500,
10:06:41,69.25,100,
10:06:41,69.25,100,
10:06:42,69.25,100,
10:06:43,69.26,100,
10:06:43,69.25,200,
10:06:46,69.2462,140,
10:06:53,69.2501,2155,
10:06:58,69.258,100,
10:07:00,69.26,700,
10:07:00,69.27,500,
10:07:00,69.28,8000,
10:07:00,69.28,100,
10:07:00,69.28,1529,
10:07:00,69.28,800,
10:07:00,69.28,600,
10:07:00,69.28,2400,
10:07:00,69.28,100,
10:07:00,69.28,1000,
10:07:00,69.28,800,
10:07:01,69.28,1200,
10:07:01,69.28,500,
10:07:01,69.28,200,
10:07:01,69.28,100,
10:07:01,69.28,200,
10:07:01,69.28,600,
10:07:01,69.28,100,
10:07:01,69.28,300,
10:07:03,69.27,700,
10:07:03,69.27,100,
10:07:03,69.27,2684,
10:07:03,69.27,4000,
10:07:03,69.27,200,
10:07:03,69.27,200,
10:07:03,69.27,3100,
10:07:03,69.27,500,
10:07:03,69.27,100,
10:07:03,69.27,300,
10:07:05,69.28,600,
10:07:05,69.28,136,
10:07:06,69.29,400,
10:07:07,69.29,300,
10:07:07,69.2883,905,
10:07:07,69.2883,400,
10:07:09,69.29,300,
10:07:13,69.29,100,
10:07:13,69.29,100,
10:07:14,69.29,100,
10:07:14,69.29,500,
10:07:14,69.29,246,
10:07:15,69.30,200,
10:07:15,69.28,2000,
10:07:17,69.30,100,
10:07:18,69.30,300,
10:07:18,69.30,1016,
10:07:18,69.30,900,
10:07:18,69.30,200,
10:07:18,69.30,400,
10:07:18,69.30,130,
10:07:18,69.30,335,
10:07:18,69.30,400,
10:07:18,69.30,2989,
10:07:18,69.30,482,
10:07:19,69.31,200,
10:07:19,69.31,700,
10:07:19,69.31,400,
10:07:19,69.31,800,
10:07:19,69.31,100,
10:07:19,69.32,105,
10:07:20,69.31,100,
10:07:20,69.31,100,
10:07:20,69.31,300,
10:07:23,69.3108,2000,
10:07:26,69.3101,2000,
10:07:28,69.32,200,
10:07:31,69.32,100,
10:07:35,69.32,800,
10:07:35,69.32,800,
10:07:35,69.32,500,
10:07:35,69.33,300,
10:07:36,69.31,200,
10:07:36,69.33,100,
10:07:36,69.33,266,
10:07:37,69.33,300,
10:07:38,69.34,100,
10:07:40,69.33,1200,
10:07:40,69.33,300,
10:07:40,69.33,800,
10:07:40,69.3208,2000,
10:07:42,69.3201,2700,
10:07:44,69.32,300,
10:07:44,69.33,295,
10:07:44,69.33,100,
10:07:46,69.34,200,
10:07:47,69.34,1500,
10:07:47,69.34,200,
10:07:47,69.34,100,
10:07:48,69.35,500,
10:07:48,69.35,100,
10:07:48,69.35,163,
10:07:48,69.35,577,
10:07:49,69.35,263,
10:07:49,69.34,100,
10:07:49,69.34,200,
10:07:51,69.33,100,
10:07:51,69.33,100,
10:07:52,69.32,100,
10:07:53,69.338,600,
10:07:55,69.32,111,
10:07:55,69.32,200,
10:07:55,69.32,500,
10:07:57,69.32,200,
10:07:57,69.32,100,
10:08:00,69.32,800,
10:08:03,69.3101,100,
10:08:08,69.32,100,
10:08:10,69.31,400,
10:08:10,69.31,100,
10:08:13,69.31,100,
10:08:13,69.31,100,
10:08:13,69.31,200,
10:08:13,69.31,200,
10:08:13,69.31,100,
10:08:21,69.30,600,
10:08:21,69.30,100,
10:08:21,69.30,100,
10:08:21,69.30,100,
10:08:21,69.30,100,
10:08:21,69.30,200,
10:08:21,69.31,100,
10:08:21,69.31,100,
10:08:21,69.30,100,
10:08:21,69.31,1000,
10:08:21,69.30,200,
10:08:25,69.30,400,
10:08:25,69.30,100,
10:08:25,69.30,200,
10:08:25,69.29,100,
10:08:26,69.30,600,
10:08:26,69.30,100,
10:08:26,69.30,817,
10:08:26,69.30,300,
10:08:26,69.30,300,
10:08:26,69.30,300,
10:08:26,69.31,100,
10:08:26,69.31,100,
10:08:26,69.31,200,
10:08:26,69.31,100,
10:08:32,69.30,100,
10:08:33,69.2999,100,
10:08:33,69.30,600,
10:08:34,69.29,200,
10:08:34,69.29,100,
10:08:34,69.29,200,
10:08:34,69.29,200,
10:08:34,69.29,598,
10:08:36,69.29,100,
10:08:36,69.29,100,
10:08:42,69.29,100,
10:08:42,69.29,100,
10:08:42,69.29,100,
10:08:42,69.29,500,
10:08:42,69.29,300,
10:08:42,69.29,100,
10:08:42,69.29,100,
10:08:42,69.29,100,
10:08:48,69.28,220,
10:08:51,69.29,500,
10:08:51,69.29,600,
10:08:51,69.285,190,
10:08:53,69.30,100,
10:08:53,69.30,600,
10:08:53,69.30,1600,
10:08:53,69.30,100,
10:08:54,69.29,100,
10:08:56,69.2901,200,
10:08:58,69.29,100,
10:08:58,69.29,100,
10:08:58,69.29,300,
10:09:03,69.2999,500,
10:09:06,69.30,300,
10:09:15,69.30,100,
10:09:15,69.30,200,
10:09:15,69.30,200,
10:09:17,69.30,100,
10:09:19,69.31,200,
10:09:19,69.30,100,
10:09:19,69.30,200,
10:09:19,69.30,114,
10:09:20,69.31,300,
10:09:21,69.31,400,
10:09:22,69.3101,200,
10:09:26,69.31,200,
10:09:26,69.31,100,
10:09:26,69.31,200,
10:09:32,69.32,100,
10:09:34,69.32,100,
10:09:34,69.32,100,
10:09:34,69.32,300,
10:09:34,69.32,100,
10:09:34,69.32,200,
10:09:34,69.32,200,
10:09:34,69.32,100,
10:09:34,69.32,100,
10:09:34,69.32,600,
10:09:34,69.32,200,
10:09:34,69.32,200,
10:09:34,69.32,200,
10:09:37,69.32,200,
10:09:37,69.31,100,
10:09:40,69.31,100,
10:09:41,69.32,300,
10:09:41,69.32,100,
10:09:41,69.32,100,
10:09:41,69.32,700,
10:09:46,69.32,600,
10:09:47,69.32,100,
10:09:48,69.32,100,
10:09:48,69.32,200,
10:09:49,69.32,100,
10:09:51,69.33,600,
10:09:51,69.33,800,
10:09:52,69.32,100,
10:09:52,69.31,100,
10:09:56,69.3101,2100,
10:09:59,69.32,300,
10:10:01,69.33,1600,
10:10:01,69.33,1000,
10:10:01,69.33,500,
10:10:01,69.35,100,
10:10:01,69.34,200,
10:10:01,69.34,100,
10:10:01,69.33,500,
10:10:01,69.34,200,
10:10:01,69.34,200,
10:10:01,69.35,263,
10:10:01,69.35,100,
10:10:01,69.35,300,
10:10:02,69.35,146,
10:10:02,69.36,130,
10:10:03,69.348,150,
10:10:03,69.35,100,
10:10:03,69.3499,200,
10:10:03,69.35,400,
10:10:04,69.34,1000,
10:10:05,69.35,100,
10:10:06,69.34,100,
10:10:06,69.34,200,
10:10:06,69.34,200,
10:10:06,69.34,200,
10:10:06,69.34,200,
10:10:08,69.35,100,
10:10:09,69.35,800,
10:10:09,69.35,1000,
10:10:09,69.35,800,
10:10:09,69.35,100,
10:10:09,69.35,600,
10:10:09,69.35,200,
10:10:09,69.35,200,
10:10:09,69.35,100,
10:10:09,69.36,530,
10:10:09,69.36,500,
10:10:09,69.37,900,
10:10:09,69.37,100,
10:10:09,69.37,100,
10:10:09,69.37,100,
10:10:09,69.37,200,
10:10:09,69.36,551,
10:10:09,69.36,100,
10:10:09,69.36,800,
10:10:09,69.36,200,
10:10:10,69.36,200,
10:10:10,69.36,200,
10:10:10,69.36,100,
10:10:10,69.36,200,
10:10:10,69.36,200,
10:10:10,69.36,200,
10:10:11,69.36,700,
10:10:11,69.36,500,
10:10:11,69.37,200,
10:10:11,69.37,100,
10:10:12,69.38,100,
10:10:12,69.38,100,
10:10:13,69.38,100,
10:10:13,69.38,600,
10:10:13,69.38,100,
10:10:13,69.38,100,
10:10:13,69.38,100,
10:10:13,69.385,200,
10:10:16,69.38,200,
10:10:17,69.371,541,
10:10:18,69.371,500,
10:10:19,69.37,100,
10:10:19,69.37,100,
10:10:20,69.37,600,
10:10:20,69.37,200,
10:10:20,69.37,400,
10:10:20,69.37,800,
10:10:20,69.37,500,
10:10:20,69.37,800,
10:10:20,69.37,500,
10:10:20,69.37,1980,
10:10:21,69.38,100,
10:10:21,69.38,500,
10:10:21,69.38,2100,
10:10:21,69.38,100,
10:10:21,69.38,600,
10:10:22,69.38,200,
10:10:22,69.38,100,
10:10:27,69.37,616,
10:10:27,69.37,100,
10:10:28,69.37,224,
10:10:30,69.38,220,
10:10:30,69.38,800,
10:10:30,69.38,520,
10:10:30,69.38,600,
10:10:30,69.38,800,
10:10:30,69.38,600,
10:10:30,69.38,200,
10:10:30,69.38,1400,
10:10:30,69.38,200,
10:10:30,69.39,1000,
10:10:30,69.39,1800,
10:10:30,69.39,800,
10:10:30,69.39,500,
10:10:30,69.39,700,
10:10:30,69.39,200,
10:10:30,69.39,500,
10:10:30,69.39,1400,
10:10:30,69.39,800,
10:10:30,69.39,500,
10:10:30,69.39,500,
10:10:30,69.39,1630,
10:10:30,69.39,101,
10:10:30,69.39,200,
10:10:30,69.39,100,
10:10:30,69.39,800,
10:10:30,69.39,100,
10:10:30,69.39,300,
10:10:30,69.40,157,
10:10:30,69.40,100,
10:10:30,69.40,341,
10:10:30,69.40,600,
10:10:30,69.40,100,
10:10:30,69.40,100,
10:10:30,69.40,100,
10:10:30,69.40,100,
10:10:30,69.40,100,
10:10:30,69.40,100,
10:10:30,69.40,100,
10:10:30,69.40,100,
10:10:30,69.41,2000,
10:10:30,69.40,100,
10:10:30,69.41,100,
10:10:30,69.41,225,
10:10:30,69.41,100,
10:10:30,69.41,300,
10:10:30,69.41,375,
10:10:30,69.41,100,
10:10:30,69.41,100,
10:10:30,69.40,100,
10:10:30,69.40,100,
10:10:30,69.41,300,
10:10:30,69.41,100,
10:10:30,69.41,300,
10:10:30,69.41,1800,
10:10:30,69.41,400,
10:10:30,69.402,200,
10:10:30,69.41,600,
10:10:30,69.41,300,
10:10:30,69.41,800,
10:10:30,69.41,3300,
10:10:30,69.41,100,
10:10:30,69.42,1000,
10:10:30,69.415,100,
10:10:31,69.41,600,
10:10:31,69.41,100,
10:10:31,69.42,600,
10:10:31,69.42,100,
10:10:31,69.41,100,
10:10:31,69.42,1000,
10:10:32,69.42,290,
10:10:33,69.42,200,
10:10:33,69.42,290,
10:10:37,69.42,100,
10:10:38,69.42,1300,
10:10:38,69.42,800,
10:10:38,69.42,600,
10:10:38,69.42,100,
10:10:38,69.42,500,
10:10:38,69.42,1400,
10:10:38,69.42,1200,
10:10:41,69.42,200,
10:10:42,69.414,2000,
10:10:44,69.42,600,
10:10:44,69.42,100,
10:10:44,69.42,1700,
10:10:44,69.42,100,
10:10:44,69.42,100,
10:10:44,69.42,100,
10:10:44,69.42,100,
10:10:44,69.42,100,
10:10:44,69.43,100,
10:10:44,69.425,100,
10:10:44,69.42,100,
10:10:44,69.42,100,
10:10:44,69.42,100,
10:10:44,69.43,500,
10:10:44,69.43,100,
10:10:44,69.43,500,
10:10:44,69.43,800,
10:10:44,69.43,400,
10:10:44,69.43,700,
10:10:44,69.43,200,
10:10:45,69.43,100,
10:10:45,69.44,400,
10:10:45,69.44,1000,
10:10:45,69.44,100,
10:10:45,69.44,300,
10:10:45,69.44,100,
10:10:45,69.422,100,
10:10:46,69.43,500,
10:10:46,69.43,800,
10:10:47,69.43,2600,
10:10:47,69.43,684,
10:10:47,69.43,300,
10:10:47,69.43,100,
10:10:47,69.43,100,
10:10:47,69.43,340,
10:10:47,69.43,600,
10:10:49,69.43,100,
10:10:49,69.42,200,
10:10:50,69.43,100,
10:10:51,69.4301,2400,
10:10:55,69.44,3600,
10:10:55,69.44,5000,
10:10:55,69.44,1200,
10:10:55,69.44,200,
10:10:55,69.44,1800,
10:10:55,69.44,100,
10:10:55,69.44,300,
10:10:55,69.44,700,
10:10:55,69.44,400,
10:10:55,69.44,1637,
10:10:55,69.44,1000,
10:10:55,69.44,700,
10:10:55,69.44,500,
10:10:55,69.44,263,
10:10:55,69.44,100,
10:10:55,69.44,100,
10:10:55,69.44,1000,
10:10:55,69.44,200,
10:10:55,69.44,500,
10:10:55,69.44,100,
10:10:55,69.44,200,
10:10:55,69.44,300,
10:10:55,69.44,200,
10:10:55,69.44,300,
10:10:55,69.44,100,
10:10:55,69.44,100,
10:10:55,69.44,400,
10:10:55,69.44,100,
10:10:55,69.45,2000,
10:10:55,69.45,3000,
10:10:55,69.45,300,
10:10:55,69.45,1600,
10:10:56,69.44,7600,
10:10:56,69.44,800,
10:10:56,69.44,600,
10:10:56,69.44,1500,
10:10:56,69.44,800,
10:10:57,69.44,600,
10:10:57,69.44,800,
10:10:58,69.45,600,
10:10:59,69.44,100,
10:11:01,69.45,100,
10:11:01,69.45,100,
10:11:01,69.45,500,
10:11:03,69.45,600,
10:11:03,69.46,100,
10:11:03,69.46,100,
10:11:05,69.45,403,
10:11:05,69.45,100,
10:11:05,69.45,200,
10:11:06,69.45,600,
10:11:06,69.45,400,
10:11:06,69.45,200,
10:11:08,69.45,100,
10:11:11,69.44,100,
10:11:11,69.4499,200,
10:11:11,69.44,100,
10:11:14,69.45,1200,
10:11:14,69.45,600,
10:11:14,69.45,200,
10:11:15,69.45,700,
10:11:15,69.45,100,
10:11:15,69.45,700,
10:11:17,69.45,200,
10:11:17,69.45,400,
10:11:17,69.44,100,
10:11:18,69.45,500,
10:11:19,69.45,2905,
10:11:19,69.44,100,
10:11:19,69.44,200,
10:11:19,69.44,800,
10:11:19,69.44,200,
10:11:19,69.44,1200,
10:11:19,69.44,100,
10:11:19,69.44,200,
10:11:19,69.445,200,
10:11:19,69.44,200,
10:11:23,69.4399,330,
10:11:23,69.43,1600,
10:11:23,69.43,600,
10:11:23,69.43,500,
10:11:23,69.43,500,
10:11:23,69.43,200,
10:11:23,69.43,1400,
10:11:23,69.43,400,
10:11:24,69.43,100,
10:11:28,69.44,105,
10:11:28,69.44,295,
10:11:28,69.43,700,
10:11:29,69.43,100,
10:11:29,69.43,700,
10:11:31,69.43,100,
10:11:32,69.4301,400,
10:11:34,69.44,300,
10:11:34,69.44,200,
10:11:34,69.44,500,
10:11:34,69.44,800,
10:11:34,69.44,800,
10:11:37,69.43,500,
10:11:37,69.43,1200,
10:11:37,69.43,4000,
10:11:37,69.43,2400,
10:11:37,69.43,500,
10:11:37,69.43,800,
10:11:37,69.43,800,
10:11:37,69.43,4100,
10:11:37,69.43,1000,
10:11:37,69.43,150,
10:11:37,69.43,9100,
10:11:37,69.43,400,
10:11:37,69.43,600,
10:11:37,69.43,300,
10:11:37,69.43,800,
10:11:37,69.43,1000,
10:11:37,69.43,200,
10:11:37,69.43,500,
10:11:37,69.43,500,
10:11:37,69.43,2100,
10:11:37,69.43,800,
10:11:37,69.44,1500,
10:11:37,69.43,200,
10:11:37,69.43,300,
10:11:37,69.43,1500,
10:11:37,69.43,1000,
10:11:37,69.43,400,
10:11:37,69.43,700,
10:11:37,69.43,100,
10:11:37,69.43,800,
10:11:37,69.43,800,
10:11:37,69.43,1300,
10:11:37,69.43,600,
10:11:38,69.43,700,
10:11:38,69.43,700,
10:11:38,69.44,700,
10:11:38,69.44,600,
10:11:39,69.44,400,
10:11:42,69.43,200,
10:11:43,69.4217,900,
10:11:45,69.43,300,
10:11:45,69.43,100,
10:11:45,69.43,100,
10:11:45,69.43,100,
10:11:45,69.43,200,
10:11:47,69.43,800,
10:11:48,69.44,100,
10:11:54,69.4301,300,
10:11:57,69.43,100,
10:11:57,69.43,500,
10:12:00,69.42,500,
10:12:00,69.42,500,
10:12:00,69.42,600,
10:12:00,69.42,400,
10:12:00,69.42,100,
10:12:01,69.42,944,
10:12:01,69.42,700,
10:12:03,69.421,100,
10:12:11,69.42,100,
10:12:11,69.42,100,
10:12:12,69.41,400,
10:12:17,69.42,300,
10:12:17,69.415,700,
10:12:18,69.4101,100,
10:12:21,69.41,200,
10:12:25,69.42,200,
10:12:28,69.42,100,
10:12:28,69.42,700,
10:12:28,69.42,500,
10:12:28,69.42,300,
10:12:29,69.42,100,
10:12:29,69.41,200,
10:12:29,69.41,100,
10:12:29,69.41,200,
10:12:29,69.41,200,
10:12:29,69.41,100,
10:12:30,69.41,100,
10:12:32,69.41,100,
10:12:34,69.41,200,
10:12:35,69.41,100,
10:12:40,69.41,200,
10:12:45,69.4099,100,
10:12:45,69.40,100,
10:12:45,69.40,100,
10:12:45,69.40,100,
10:12:45,69.40,100,
10:12:45,69.40,500,
10:12:45,69.40,100,
10:12:49,69.40,500,
10:12:51,69.40,100,
10:12:51,69.40,100,
10:12:52,69.40,600,
10:12:52,69.40,100,
10:12:52,69.40,300,
10:12:52,69.40,100,
10:12:52,69.40,100,
10:12:53,69.40,300,
10:12:54,69.41,100,
10:12:57,69.40,300,
10:13:03,69.39,100,
10:13:10,69.39,100,
10:13:10,69.39,100,
10:13:17,69.40,100,
10:13:23,69.39,200,
10:13:25,69.39,100,
10:13:28,69.38,100,
10:13:28,69.38,100,
10:13:29,69.38,800,
10:13:29,69.38,500,
10:13:33,69.38,100,
10:13:44,69.38,100,
10:13:45,69.37,100,
10:13:45,69.375,100,
10:13:45,69.375,100,
10:13:46,69.37,100,
10:13:48,69.37,100,
10:13:48,69.37,100,
10:13:48,69.37,300,
10:13:49,69.36,100,
10:13:51,69.36,500,
10:13:51,69.36,200,
10:13:51,69.369,2540,
10:13:56,69.37,100,
10:13:58,69.371,100,
10:13:58,69.371,200,
10:14:00,69.38,700,
10:14:01,69.38,100,
10:14:02,69.38,600,
10:14:04,69.39,200,
10:14:05,69.39,500,
10:14:06,69.39,200,
10:14:10,69.39,1400,
10:14:10,69.39,100,
10:14:10,69.39,1600,
10:14:14,69.39,100,
10:14:16,69.39,100,
10:14:17,69.39,100,
10:14:21,69.38,156,
10:14:24,69.39,100,
10:14:32,69.39,200,
10:14:32,69.39,100,
10:14:36,69.39,200,
10:14:37,69.39,600,
10:14:37,69.3883,115,
10:14:39,69.38,100,
10:14:39,69.38,1500,
10:14:39,69.38,200,
10:14:39,69.38,100,
10:14:39,69.38,100,
10:14:39,69.38,100,
10:14:39,69.39,100,
10:14:39,69.39,200,
10:14:39,69.40,122,
10:14:39,69.395,128,
10:14:40,69.39,100,
10:14:40,69.38,800,
10:14:44,69.39,200,
10:14:46,69.39,300,
10:14:51,69.40,200,
10:14:55,69.40,500,
10:14:56,69.40,2400,
10:15:00,69.41,100,
10:15:00,69.41,100,
10:15:00,69.41,3400,
10:15:00,69.41,100,
10:15:00,69.41,1300,
10:15:00,69.41,1000,
10:15:00,69.41,200,
10:15:03,69.41,100,
10:15:06,69.41,490,
10:15:10,69.42,700,
10:15:10,69.42,100,
10:15:10,69.42,500,
10:15:10,69.42,500,
10:15:12,69.428,100,
10:15:14,69.42,100,
10:15:15,69.42,100,
10:15:16,69.42,200,
10:15:16,69.42,200,
10:15:16,69.42,100,
10:15:21,69.42,100,
10:15:26,69.41,700,
10:15:26,69.41,100,
10:15:26,69.41,200,
10:15:26,69.41,200,
10:15:30,69.402,500,
10:15:33,69.42,100,
10:15:34,69.42,100,
10:15:35,69.43,700,
10:15:35,69.43,300,
10:15:35,69.43,200,
10:15:35,69.43,100,
10:15:35,69.43,200,
10:15:39,69.43,100,
10:15:39,69.43,100,
10:15:41,69.43,200,
10:15:41,69.42,200,
10:15:41,69.43,200,
10:15:43,69.43,2100,
10:15:43,69.43,600,
10:15:43,69.43,100,
10:15:43,69.43,100,
10:15:43,69.43,100,
10:15:47,69.43,200,
10:15:47,69.43,800,
10:15:47,69.43,600,
10:15:47,69.43,300,
10:15:47,69.43,100,
10:15:47,69.43,100,
10:15:52,69.43,100,
10:15:55,69.44,100,
10:15:55,69.44,100,
10:15:56,69.431,700,
10:15:58,69.431,300,
10:15:59,69.43,100,
10:16:03,69.43,200,
10:16:03,69.43,100,
10:16:03,69.43,300,
10:16:04,69.43,100,
10:16:06,69.4201,1000,
10:16:09,69.44,400,
10:16:09,69.43,300,
10:16:09,69.43,1400,
10:16:09,69.43,100,
10:16:09,69.43,800,
10:16:09,69.43,100,
10:16:09,69.43,200,
10:16:09,69.43,600,
10:16:09,69.43,250,
10:16:09,69.43,700,
10:16:09,69.43,800,
10:16:11,69.43,100,
10:16:11,69.43,1000,
10:16:13,69.43,100,
10:16:17,69.43,100,
10:16:17,69.43,100,
10:16:18,69.42,500,
10:16:18,69.42,100,
10:16:19,69.42,400,
10:16:19,69.42,600,
10:16:20,69.42,100,
10:16:22,69.42,600,
10:16:22,69.42,100,
10:16:22,69.41,300,
10:16:22,69.41,100,
10:16:22,69.40,100,
10:16:22,69.40,200,
10:16:23,69.40,100,
10:16:23,69.40,300,
10:16:26,69.39,100,
10:16:27,69.39,100,
10:16:28,69.40,100,
10:16:28,69.40,500,
10:16:29,69.40,1870,
10:16:33,69.40,500,
10:16:33,69.39,100,
10:16:33,69.39,500,
10:16:34,69.40,1200,
10:16:34,69.40,700,
10:16:34,69.40,800,
10:16:34,69.40,600,
10:16:34,69.40,4100,
10:16:34,69.40,800,
10:16:34,69.40,1200,
10:16:34,69.40,800,
10:16:34,69.40,200,
10:16:34,69.40,550,
10:16:34,69.40,300,
10:16:34,69.40,700,
10:16:34,69.40,100,
10:16:34,69.40,101,
10:16:34,69.40,100,
10:16:34,69.40,3300,
10:16:34,69.40,200,
10:16:34,69.40,850,
10:16:34,69.40,215,
10:16:34,69.40,800,
10:16:34,69.40,9100,
10:16:34,69.40,100,
10:16:34,69.40,200,
10:16:34,69.40,650,
10:16:34,69.40,500,
10:16:34,69.40,1400,
10:16:34,69.40,100,
10:16:34,69.40,700,
10:16:34,69.40,200,
10:16:35,69.40,100,
10:16:35,69.40,100,
10:16:36,69.39,173,
10:16:36,69.39,100,
10:16:37,69.38,827,
10:16:37,69.38,100,
10:16:41,69.3784,100,
10:16:41,69.3783,500,
10:16:41,69.38,100,
10:16:47,69.39,100,
10:16:50,69.39,1100,
10:16:50,69.39,400,
10:16:50,69.3813,1500,
10:16:54,69.38,2050,
10:16:54,69.38,100,
10:16:54,69.38,100,
10:16:54,69.38,800,
10:16:54,69.37,2400,
10:16:54,69.37,200,
10:16:54,69.37,2100,
10:16:54,69.37,200,
10:16:54,69.37,800,
10:16:54,69.37,319,
10:16:54,69.37,100,
10:16:54,69.37,1200,
10:16:54,69.37,500,
10:16:54,69.37,1000,
10:16:54,69.38,100,
10:16:54,69.38,200,
10:16:54,69.38,1200,
10:16:54,69.38,1199,
10:16:58,69.39,140,
10:17:00,69.39,100,
10:17:00,69.39,100,
10:17:05,69.39,100,
10:17:10,69.40,2800,
10:17:10,69.40,2000,
10:17:10,69.40,500,
10:17:10,69.40,100,
10:17:10,69.40,600,
10:17:12,69.40,100,
10:17:16,69.4083,200,
10:17:20,69.40,100,
10:17:21,69.41,300,
10:17:21,69.41,200,
10:17:21,69.41,200,
10:17:21,69.41,200,
10:17:21,69.41,1100,
10:17:21,69.41,500,
10:17:21,69.41,200,
10:17:21,69.41,400,
10:17:22,69.41,100,
10:17:22,69.41,1100,
10:17:22,69.41,200,
10:17:25,69.41,100,
10:17:26,69.40,100,
10:17:27,69.41,4900,
10:17:33,69.41,1000,
10:17:33,69.41,600,
10:17:35,69.40,100,
10:17:35,69.40,100,
10:17:36,69.39,100,
10:17:43,69.39,100,
10:17:47,69.39,300,
10:17:47,69.39,200,
10:17:47,69.39,100,
10:17:49,69.3955,1000,
10:17:53,69.40,100,
10:17:57,69.39,100,
10:18:04,69.39,100,
10:18:08,69.39,100,
10:18:13,69.4016,300,
10:18:14,69.41,100,
10:18:14,69.41,154,
10:18:14,69.41,200,
10:18:19,69.41,100,
10:18:19,69.41,100,
10:18:27,69.41,100,
10:18:29,69.41,600,
10:18:30,69.41,100,
10:18:30,69.41,200,
10:18:30,69.41,100,
10:18:40,69.4083,100,
10:18:42,69.41,400,
10:18:42,69.4084,200,
10:18:48,69.41,300,
10:18:48,69.41,100,
10:18:52,69.40,100,
10:18:52,69.39,100,
10:18:53,69.39,400,
10:18:53,69.39,100,
10:18:59,69.39,100,
10:19:04,69.3901,150,
10:19:05,69.3899,185,
10:19:07,69.39,200,
10:19:07,69.39,100,
10:19:23,69.38,100,
10:19:23,69.38,100,
10:19:24,69.37,100,
10:19:24,69.37,500,
10:19:24,69.37,100,
10:19:24,69.37,100,
10:19:24,69.37,100,
10:19:26,69.37,100,
10:19:27,69.37,200,
10:19:29,69.36,300,
10:19:29,69.36,100,
10:19:30,69.36,100,
10:19:32,69.38,500,
10:19:32,69.38,100,
10:19:37,69.39,100,
10:19:37,69.39,100,
10:19:40,69.39,300,
10:19:40,69.39,100,
10:19:41,69.38,100,
10:19:43,69.38,191,
10:19:43,69.39,2400,
10:19:43,69.39,100,
10:19:43,69.39,11400,
10:19:43,69.39,2100,
10:19:44,69.3717,500,
10:19:48,69.37,100,
10:19:54,69.37,380,
10:19:54,69.37,500,
10:19:54,69.37,200,
10:19:54,69.37,100,
10:19:55,69.37,100,
10:19:55,69.38,200,
10:19:55,69.38,200,
10:19:55,69.38,600,
10:19:55,69.38,600,
10:19:57,69.37,100,
10:20:05,69.38,100,
10:20:15,69.39,500,
10:20:18,69.391,300,
10:20:19,69.391,300,
10:20:19,69.39,100,
10:20:30,69.38,100,
10:20:36,69.38,357,
10:20:39,69.38,800,
10:20:52,69.38,100,
10:20:55,69.38,150,
10:20:55,69.38,200,
10:20:55,69.38,100,
10:20:58,69.39,100,
10:21:01,69.39,400,
10:21:01,69.39,100,
10:21:02,69.38,100,
10:21:04,69.3799,2000,
10:21:05,69.37,400,
10:21:05,69.37,400,
10:21:05,69.36,1630,
10:21:14,69.37,100,
10:21:14,69.37,100,
10:21:14,69.3701,100,
10:21:14,69.38,200,
10:21:15,69.38,100,
10:21:15,69.38,200,
10:21:16,69.38,100,
10:21:18,69.38,100,
10:21:18,69.38,100,
10:21:21,69.39,200,
10:21:23,69.39,500,
10:21:27,69.39,200,
10:21:27,69.39,200,
10:21:27,69.39,1200,
10:21:29,69.389,300,
10:21:33,69.38,100,
10:21:42,69.381,500,
10:21:42,69.381,500,
10:21:42,69.38,100,
10:21:43,69.3799,700,
10:21:43,69.3799,500,
10:21:46,69.38,100,
10:21:46,69.38,100,
10:21:46,69.38,100,
10:21:46,69.38,100,
10:21:46,69.38,100,
10:21:46,69.38,145,
10:21:49,69.38,150,
10:21:49,69.38,250,
10:22:00,69.38,100,
10:22:00,69.38,100,
10:22:01,69.38,100,
10:22:01,69.39,200,
10:22:02,69.39,1600,
10:22:02,69.39,200,
10:22:03,69.39,100,
10:22:03,69.39,100,
10:22:03,69.39,100,
10:22:05,69.38,1000,
10:22:05,69.38,100,
10:22:07,69.38,100,
10:22:20,69.38,200,
10:22:20,69.38,200,
10:22:20,69.38,1700,
10:22:20,69.38,200,
10:22:21,69.38,100,
10:22:25,69.38,100,
10:22:25,69.38,200,
10:22:28,69.39,100,
10:22:30,69.39,509,
10:22:31,69.38,100,
10:22:38,69.37,100,
10:22:38,69.37,200,
10:22:38,69.37,100,
10:22:38,69.36,270,
10:22:38,69.36,100,
10:22:38,69.35,1000,
10:22:40,69.37,600,
10:22:40,69.37,100,
10:22:44,69.3692,2300,
10:22:59,69.37,800,
10:23:03,69.36,100,
10:23:09,69.36,500,
10:23:18,69.37,100,
10:23:21,69.38,100,
10:23:21,69.38,100,
10:23:23,69.38,400,
10:23:27,69.38,800,
10:23:27,69.38,200,
10:23:27,69.38,100,
10:23:31,69.37,100,
10:23:36,69.37,100,
10:23:37,69.37,200,
10:23:37,69.37,1460,
10:23:37,69.37,200,
10:23:39,69.38,100,
10:23:39,69.39,2900,
10:23:44,69.38,100,
10:23:44,69.38,100,
10:23:47,69.38,100,
10:23:47,69.38,200,
10:23:47,69.38,600,
10:23:47,69.38,100,
10:23:47,69.38,400,
10:23:47,69.38,3300,
10:23:48,69.37,800,
10:23:49,69.38,600,
10:23:55,69.37,100,
10:24:08,69.38,435,
10:24:25,69.36,216,
10:24:27,69.36,216,
10:24:27,69.36,1784,
10:24:27,69.36,284,
10:24:27,69.35,300,
10:24:27,69.351,200,
10:24:28,69.36,100,
10:24:31,69.36,100,
10:24:39,69.36,100,
10:24:39,69.36,300,
10:24:39,69.36,100,
10:24:44,69.36,100,
10:24:48,69.37,100,
10:24:48,69.37,100,
10:24:49,69.37,100,
10:24:50,69.37,100,
10:24:51,69.37,100,
10:24:51,69.37,200,
10:24:59,69.36,100,
10:25:10,69.37,100,
10:25:10,69.37,100,
10:25:10,69.37,100,
10:25:10,69.37,100,
10:25:12,69.38,500,
10:25:13,69.39,100,
10:25:13,69.39,100,
10:25:13,69.39,100,
10:25:15,69.3816,650,
10:25:26,69.37,100,
10:25:29,69.36,300,
10:25:30,69.36,2086,
10:25:33,69.3512,290,
10:25:46,69.36,100,
10:25:47,69.37,100,
10:25:48,69.36,100,
10:25:48,69.36,200,
10:25:50,69.3516,1020,
10:25:52,69.36,200,
10:25:58,69.36,100,
10:26:22,69.35,100,
10:26:22,69.35,500,
10:26:27,69.36,200,
10:26:29,69.37,100,
10:26:29,69.37,200,
10:26:29,69.37,100,
10:26:29,69.37,100,
10:26:30,69.37,100,
10:26:32,69.37,100,
10:26:33,69.37,100,
10:26:35,69.37,100,
10:26:35,69.37,100,
10:26:36,69.37,100,
10:26:38,69.38,200,
10:26:38,69.37,2000,
10:26:42,69.38,100,
10:26:42,69.38,100,
10:26:47,69.38,100,
10:26:47,69.38,100,
10:26:58,69.38,200,
10:26:58,69.38,100,
10:26:58,69.38,100,
10:26:58,69.38,100,
10:26:59,69.38,200,
10:27:01,69.38,200,
10:27:01,69.38,1100,
10:27:01,69.39,200,
10:27:01,69.39,300,
10:27:01,69.39,600,
10:27:01,69.38,150,
10:27:04,69.38,200,
10:27:11,69.3799,100,
10:27:13,69.37,100,
10:27:17,69.38,200,
10:27:22,69.38,100,
10:27:22,69.38,200,
10:27:23,69.38,200,
10:27:23,69.38,1600,
10:27:29,69.3787,630,
10:27:56,69.38,100,
10:28:00,69.38,100,
10:28:00,69.38,100,
10:28:00,69.38,216,
10:28:11,69.39,600,
10:28:23,69.39,122,
10:28:24,69.3883,1800,
10:28:29,69.39,500,
10:28:31,69.40,800,
10:28:31,69.40,1000,
10:28:31,69.40,1130,
10:28:34,69.40,100,
10:28:36,69.40,400,
10:28:38,69.41,100,
10:28:38,69.41,100,
10:28:38,69.41,100,
10:28:41,69.40,1346,
10:28:41,69.40,100,
10:28:42,69.40,100,
10:28:45,69.3901,100,
10:28:45,69.39,100,
10:28:45,69.38,115,
10:28:45,69.39,500,
10:28:46,69.39,200,
10:28:47,69.39,200,
10:28:47,69.39,400,
10:28:47,69.39,200,
10:28:47,69.39,1000,
10:28:47,69.39,1200,
10:28:47,69.39,200,
10:28:52,69.39,800,
10:28:52,69.39,400,
10:28:58,69.38,816,
10:29:01,69.39,100,
10:29:06,69.40,100,
10:29:11,69.40,100,
10:29:31,69.3901,100,
10:29:32,69.39,100,
10:29:32,69.39,100,
10:29:32,69.38,116,
10:29:50,69.38,500,
10:29:50,69.38,200,
10:29:50,69.37,100,
10:29:50,69.37,100,
10:29:50,69.37,300,
10:29:52,69.37,200,
10:29:52,69.37,200,
10:29:54,69.369,144,
10:29:58,69.37,1900,
10:29:58,69.37,100,
10:29:59,69.37,200,
10:30:04,69.37,100,
10:30:17,69.39,300,
10:30:21,69.39,200,
10:30:21,69.39,100,
10:30:21,69.38,100,
10:30:21,69.38,100,
10:30:25,69.38,100,
10:30:25,69.37,115,
10:30:28,69.37,100,
10:30:28,69.37,100,
10:30:28,69.37,100,
10:30:34,69.38,100,
10:30:35,69.38,100,
10:30:36,69.38,100,
10:30:37,69.38,100,
10:30:38,69.39,600,
10:30:41,69.38,100,
10:30:47,69.377,1000,
10:30:49,69.38,100,
10:30:58,69.39,200,
10:31:02,69.39,100,
10:31:02,69.39,1000,
10:31:02,69.38,100,
10:31:08,69.39,100,
10:31:19,69.38,200,
10:31:19,69.38,450,
10:31:20,69.38,600,
10:31:27,69.38,100,
10:31:27,69.38,200,
10:31:32,69.38,300,
10:31:32,69.38,800,
10:31:51,69.37,100,
10:31:51,69.36,417,
10:31:55,69.36,100,
10:31:56,69.37,100,
10:31:57,69.37,200,
10:31:58,69.37,100,
10:32:00,69.37,100,
10:32:05,69.37,100,
10:32:06,69.38,500,
10:32:08,69.37,819,
10:32:09,69.38,400,
10:32:14,69.38,500,
10:32:14,69.38,200,
10:32:14,69.38,100,
10:32:14,69.38,100,
10:32:14,69.38,100,
10:32:14,69.38,100,
10:32:14,69.38,100,
10:32:16,69.3799,258,
10:32:17,69.38,100,
10:32:21,69.37,100,
10:32:21,69.37,200,
10:32:21,69.37,100,
10:32:21,69.37,500,
10:32:21,69.37,100,
10:32:21,69.37,100,
10:32:21,69.36,100,
10:32:22,69.37,600,
10:32:22,69.37,300,
10:32:23,69.38,400,
10:32:23,69.38,200,
10:32:23,69.375,200,
10:32:23,69.38,500,
10:32:23,69.38,1100,
10:32:23,69.38,100,
10:32:23,69.38,500,
10:32:23,69.38,1400,
10:32:23,69.38,1000,
10:32:23,69.38,1000,
10:32:23,69.38,100,
10:32:23,69.38,408,
10:32:23,69.38,100,
10:32:23,69.38,700,
10:32:23,69.38,500,
10:32:23,69.38,100,
10:32:23,69.38,1000,
10:32:23,69.38,100,
10:32:23,69.38,400,
10:32:23,69.38,3400,
10:32:23,69.38,400,
10:32:23,69.38,800,
10:32:23,69.38,100,
10:32:23,69.38,100,
10:32:23,69.38,200,
10:32:23,69.38,200,
10:32:23,69.38,700,
10:32:23,69.38,100,
10:32:23,69.38,100,
10:32:23,69.38,100,
10:32:23,69.38,700,
10:32:23,69.38,200,
10:32:25,69.39,500,
10:32:27,69.39,100,
10:32:29,69.38,816,
10:32:29,69.38,300,
10:32:31,69.38,816,
10:32:36,69.38,100,
10:32:36,69.38,100,
10:32:36,69.38,300,
10:32:37,69.38,100,
10:32:38,69.38,100,
10:32:39,69.38,100,
10:32:40,69.38,200,
10:32:42,69.38,100,
10:32:48,69.38,800,
10:32:50,69.38,100,
10:32:50,69.38,100,
10:32:52,69.39,100,
10:32:54,69.38,300,
10:32:54,69.38,100,
10:32:54,69.38,200,
10:32:54,69.38,100,
10:32:54,69.38,600,
10:33:01,69.38,10000,
10:33:04,69.38,100,
10:33:06,69.38,100,
10:33:06,69.37,200,
10:33:06,69.38,100,
10:33:08,69.37,816,
10:33:09,69.36,100,
10:33:09,69.36,449,
10:33:10,69.37,600,
10:33:26,69.37,100,
10:33:31,69.36,100,
10:33:31,69.36,100,
10:33:31,69.36,100,
10:33:40,69.36,100,
10:33:43,69.36,100,
10:33:46,69.35,500,
10:33:46,69.35,200,
10:33:48,69.36,200,
10:33:48,69.36,500,
10:33:56,69.36,100,
10:34:03,69.36,100,
10:34:12,69.3516,1000,
10:34:18,69.35,500,
10:34:23,69.355,200,
10:34:23,69.35,100,
10:34:23,69.34,173,
10:34:23,69.34,100,
10:34:23,69.34,100,
10:34:24,69.33,100,
10:34:24,69.33,100,
10:34:24,69.33,100,
10:34:24,69.33,100,
10:34:24,69.33,100,
10:34:24,69.32,100,
10:34:24,69.32,815,
10:34:24,69.33,200,
10:34:24,69.32,100,
10:34:24,69.33,500,
10:34:25,69.33,100,
10:34:25,69.33,1100,
10:34:27,69.33,100,
10:34:30,69.34,100,
10:34:34,69.34,100,
10:34:34,69.34,880,
10:34:39,69.35,2100,
10:34:39,69.35,400,
10:34:39,69.35,500,
10:34:39,69.35,100,
10:34:39,69.35,815,
10:34:39,69.35,725,
10:34:39,69.35,500,
10:34:39,69.35,1000,
10:34:39,69.35,1600,
10:34:39,69.35,400,
10:34:39,69.35,100,
10:34:39,69.35,100,
10:34:39,69.35,200,
10:34:39,69.35,1700,
10:34:39,69.35,200,
10:34:39,69.35,1100,
10:34:39,69.35,600,
10:34:39,69.35,1200,
10:34:39,69.35,1600,
10:34:41,69.34,400,
10:34:41,69.34,600,
10:34:43,69.34,500,
10:34:43,69.34,400,
10:34:43,69.34,300,
10:34:45,69.34,600,
10:34:45,69.34,585,
10:34:45,69.34,100,
10:34:45,69.34,100,
10:34:45,69.34,500,
10:34:45,69.34,100,
10:34:52,69.34,100,
10:34:57,69.34,600,
10:35:02,69.34,100,
10:35:02,69.34,100,
10:35:02,69.34,100,
10:35:02,69.33,350,
10:35:03,69.34,416,
10:35:03,69.34,200,
10:35:03,69.3408,100,
10:35:04,69.34,100,
10:35:09,69.33,600,
10:35:09,69.33,4100,
10:35:09,69.33,100,
10:35:09,69.33,950,
10:35:09,69.33,1200,
10:35:09,69.33,600,
10:35:09,69.33,100,
10:35:09,69.33,100,
10:35:09,69.33,500,
10:35:09,69.33,200,
10:35:09,69.33,200,
10:35:09,69.33,400,
10:35:09,69.33,880,
10:35:09,69.33,1500,
10:35:09,69.33,700,
10:35:09,69.33,200,
10:35:09,69.33,200,
10:35:09,69.33,700,
10:35:11,69.32,100,
10:35:19,69.33,100,
10:35:19,69.33,200,
10:35:19,69.33,200,
10:35:19,69.33,200,
10:35:19,69.33,208,
10:35:20,69.34,400,
10:35:20,69.34,600,
10:35:20,69.34,100,
10:35:20,69.34,100,
10:35:20,69.34,100,
10:35:20,69.34,100,
10:35:20,69.34,200,
10:35:21,69.34,100,
10:35:21,69.34,100,
10:35:22,69.34,344,
10:35:26,69.34,100,
10:35:26,69.34,200,
10:35:26,69.34,146,
10:35:26,69.34,116,
10:35:26,69.34,100,
10:35:26,69.34,100,
10:35:26,69.34,100,
10:35:26,69.34,100,
10:35:26,69.34,100,
10:35:26,69.34,100,
10:35:26,69.34,400,
10:35:31,69.335,200,
10:35:32,69.3399,204,
10:35:35,69.332,10000,
10:35:40,69.33,100,
10:35:40,69.33,300,
10:35:40,69.33,200,
10:35:40,69.33,100,
10:35:40,69.33,100,
10:35:51,69.32,500,
10:35:51,69.32,147,
10:35:51,69.32,400,
10:35:54,69.3299,101,
10:36:14,69.32,100,
10:36:19,69.32,100,
10:36:24,69.31,500,
10:36:24,69.31,200,
10:36:24,69.31,600,
10:36:24,69.31,100,
10:36:24,69.31,500,
10:36:28,69.32,100,
10:36:28,69.32,100,
10:36:28,69.32,100,
10:36:28,69.32,100,
10:36:28,69.32,100,
10:36:28,69.32,100,
10:36:28,69.32,900,
10:36:31,69.32,100,
10:36:33,69.32,100,
10:36:36,69.33,200,
10:36:36,69.33,200,
10:36:36,69.325,300,
10:36:37,69.33,2352,
10:36:37,69.33,248,
10:36:37,69.33,400,
10:36:37,69.34,280,
10:36:37,69.33,100,
10:36:37,69.33,100,
10:36:42,69.32,100,
10:36:42,69.32,7100,
10:36:42,69.32,100,
10:36:42,69.32,1500,
10:36:42,69.32,100,
10:36:43,69.32,400,
10:36:43,69.32,1600,
10:36:43,69.32,1400,
10:36:43,69.32,500,
10:36:43,69.32,100,
10:36:46,69.33,1000,
10:36:46,69.33,600,
10:36:47,69.3285,435,
10:36:48,69.32,100,
10:36:48,69.32,100,
10:36:48,69.31,500,
10:36:48,69.31,100,
10:36:48,69.31,100,
10:36:48,69.31,100,
10:36:48,69.305,300,
10:36:48,69.31,100,
10:36:48,69.32,1000,
10:36:48,69.32,1100,
10:36:48,69.32,500,
10:36:48,69.32,1500,
10:36:48,69.32,200,
10:36:49,69.32,700,
10:36:51,69.30,250,
10:36:55,69.315,100,
10:36:56,69.315,200,
10:37:08,69.32,100,
10:37:08,69.32,100,
10:37:12,69.32,100,
10:37:12,69.32,100,
10:37:13,69.32,500,
10:37:17,69.33,800,
10:37:17,69.33,100,
10:37:17,69.33,100,
10:37:17,69.33,200,
10:37:17,69.33,100,
10:37:28,69.33,500,
10:37:28,69.33,400,
10:37:28,69.33,400,
10:37:28,69.33,500,
10:37:28,69.33,200,
10:37:28,69.33,600,
10:37:28,69.33,200,
10:37:28,69.33,1700,
10:37:28,69.33,400,
10:37:28,69.33,800,
10:37:28,69.33,200,
10:37:28,69.33,400,
10:37:28,69.33,800,
10:37:28,69.33,400,
10:37:28,69.33,400,
10:37:28,69.33,200,
10:37:28,69.33,1400,
10:37:28,69.335,200,
10:37:28,69.33,800,
10:37:28,69.33,4000,
10:37:28,69.33,422,
10:37:28,69.33,800,
10:37:28,69.33,200,
10:37:30,69.34,1300,
10:37:32,69.34,700,
10:37:38,69.33,1600,
10:37:38,69.33,1400,
10:37:38,69.33,600,
10:37:38,69.33,100,
10:37:38,69.33,100,
10:37:39,69.33,100,
10:37:39,69.33,700,
10:37:44,69.33,700,
10:37:45,69.33,200,
10:37:59,69.33,300,
10:38:01,69.33,600,
10:38:01,69.33,100,
10:38:01,69.33,100,
10:38:09,69.33,1000,
10:38:16,69.33,400,
10:38:17,69.3316,655,
10:38:24,69.34,800,
10:38:25,69.34,600,
10:38:26,69.33,100,
10:38:26,69.33,1600,
10:38:26,69.33,100,
10:38:26,69.33,100,
10:38:27,69.33,800,
10:38:33,69.32,1000,
10:38:33,69.32,700,
10:38:50,69.3399,1000,
10:38:52,69.34,174,
10:38:52,69.34,300,
10:38:53,69.34,666,
10:38:53,69.34,100,
10:39:03,69.34,800,
10:39:03,69.34,100,
10:39:07,69.34,100,
10:39:07,69.34,100,
10:39:18,69.34,300,
10:39:25,69.3368,300,
10:39:27,69.34,200,
10:39:29,69.35,100,
10:39:36,69.35,200,
10:39:36,69.35,100,
10:39:49,69.34,100,
10:39:55,69.34,516,
10:39:55,69.34,100,
10:40:02,69.34,100,
10:40:02,69.34,100,
10:40:07,69.35,142,
10:40:07,69.35,200,
10:40:07,69.35,100,
10:40:08,69.35,100,
10:40:08,69.35,100,
10:40:09,69.35,100,
10:40:09,69.35,100,
10:40:09,69.35,200,
10:40:20,69.35,100,
10:40:20,69.35,100,
10:40:21,69.34,200,
10:40:21,69.33,516,
10:40:23,69.34,700,
10:40:23,69.34,100,
10:40:45,69.3499,100,
10:40:59,69.35,100,
10:40:59,69.36,200,
10:41:02,69.358,5000,
10:41:08,69.35,100,
10:41:08,69.34,284,
10:41:08,69.34,2100,
10:41:08,69.34,100,
10:41:11,69.34,100,
10:41:21,69.35,100,
10:41:21,69.34,615,
10:41:22,69.3455,200,
10:41:29,69.35,100,
10:41:33,69.36,100,
10:41:34,69.36,100,
10:41:37,69.36,100,
10:42:10,69.3583,110,
10:42:13,69.35,100,
10:42:21,69.34,1332,
10:42:21,69.34,768,
10:42:34,69.34,200,
10:42:34,69.34,300,
10:42:34,69.33,600,
10:42:34,69.33,100,
10:42:34,69.3301,200,
10:42:36,69.34,100,
10:42:36,69.34,100,
10:42:38,69.34,100,
10:42:38,69.33,347,
10:42:40,69.3301,1000,
10:42:43,69.32,116,
10:42:45,69.33,100,
10:42:50,69.34,100,
10:43:07,69.34,100,
10:43:08,69.34,100,
10:43:08,69.33,100,
10:43:21,69.3399,300,
10:43:26,69.33,800,
10:43:33,69.33,400,
10:43:33,69.33,600,
10:43:33,69.33,400,
10:43:33,69.33,100,
10:43:33,69.33,2700,
10:43:33,69.33,100,
10:43:33,69.33,579,
10:43:33,69.33,1000,
10:43:33,69.33,1000,
10:43:33,69.33,1600,
10:43:33,69.33,4100,
10:43:33,69.33,1600,
10:43:33,69.33,1500,
10:43:33,69.33,800,
10:43:33,69.33,3700,
10:43:33,69.33,100,
10:43:33,69.33,700,
10:43:33,69.33,815,
10:43:35,69.33,300,
10:43:35,69.33,1600,
10:43:36,69.33,1500,
10:43:37,69.33,115,
10:43:41,69.33,438,
10:43:41,69.33,100,
10:43:41,69.33,100,
10:43:41,69.32,216,
10:43:45,69.3201,3200,
10:44:00,69.3295,147,
10:44:04,69.33,100,
10:44:05,69.33,200,
10:44:06,69.32,300,
10:44:16,69.32,100,
10:44:20,69.32,100,
10:44:20,69.32,300,
10:44:20,69.32,100,
10:44:23,69.32,363,
10:44:23,69.32,392,
10:44:23,69.32,117,
10:44:29,69.32,100,
10:44:31,69.31,100,
10:44:31,69.31,100,
10:44:31,69.31,100,
10:44:31,69.31,400,
10:44:31,69.305,100,
10:44:36,69.32,1468,
10:44:36,69.315,200,
10:44:38,69.31,100,
10:44:38,69.30,200,
10:44:38,69.30,100,
10:44:38,69.30,100,
10:44:38,69.30,100,
10:44:38,69.30,100,
10:44:45,69.30,100,
10:44:47,69.29,700,
10:44:48,69.29,100,
10:44:48,69.29,100,
10:44:50,69.29,331,
10:44:55,69.29,200,
10:44:57,69.28,100,
10:44:58,69.282,7000,
10:44:59,69.29,500,
10:44:59,69.29,300,
10:45:01,69.29,200,
10:45:01,69.29,100,
10:45:08,69.29,2100,
10:45:08,69.29,316,
10:45:09,69.28,700,
10:45:11,69.29,229,
10:45:14,69.28,100,
10:45:14,69.28,500,
10:45:14,69.27,700,
10:45:16,69.28,200,
10:45:20,69.28,600,
10:45:20,69.28,171,
10:45:22,69.28,815,
10:45:22,69.28,100,
10:45:26,69.28,100,
10:45:32,69.29,200,
10:45:32,69.29,100,
10:45:32,69.29,600,
10:45:32,69.29,100,
10:45:32,69.28,816,
10:45:34,69.29,100,
10:45:42,69.28,200,
10:45:42,69.28,100,
10:45:48,69.28,100,
10:45:50,69.2701,1400,
10:45:54,69.28,800,
10:45:54,69.28,400,
10:45:54,69.28,200,
10:45:54,69.28,100,
10:45:54,69.28,400,
10:45:54,69.28,400,
10:45:57,69.27,100,
10:45:57,69.27,100,
10:45:57,69.26,700,
10:45:59,69.26,816,
10:45:59,69.26,500,
10:45:59,69.26,100,
10:45:59,69.26,100,
10:45:59,69.26,500,
10:45:59,69.25,1000,
10:45:59,69.25,3000,
10:45:59,69.25,300,
10:45:59,69.25,200,
10:45:59,69.25,400,
10:46:00,69.26,100,
10:46:00,69.26,1400,
10:46:05,69.26,816,
10:46:18,69.2699,400,
10:46:19,69.26,121,
10:46:24,69.26,100,
10:46:28,69.2616,1500,
10:46:38,69.26,100,
10:46:45,69.26,100,
10:46:46,69.2699,2155,
10:46:52,69.27,100,
10:46:53,69.28,500,
10:46:53,69.28,100,
10:46:53,69.28,400,
10:46:53,69.28,400,
10:46:56,69.2878,300,
10:46:57,69.28,100,
10:47:04,69.29,2000,
10:47:10,69.28,100,
10:47:19,69.28,102,
10:47:19,69.28,400,
10:47:31,69.28,100,
10:47:34,69.28,100,
10:47:36,69.28,100,
10:47:37,69.2899,500,
10:47:47,69.29,100,
10:47:56,69.28,200,
10:48:01,69.29,100,
10:48:09,69.28,100,
10:48:11,69.29,500,
10:48:15,69.29,100,
10:48:27,69.28,100,
10:48:27,69.28,100,
10:48:35,69.28,100,
10:48:35,69.28,100,
10:48:40,69.28,100,
10:48:42,69.279,200,
10:48:43,69.27,100,
10:48:43,69.27,200,
10:49:01,69.27,299,
10:49:04,69.28,100,
10:49:10,69.28,100,
10:49:10,69.28,416,
10:49:12,69.29,100,
10:49:15,69.29,144,
10:49:16,69.2883,300,
10:49:16,69.29,100,
10:49:19,69.29,200,
10:49:24,69.30,400,
10:49:24,69.30,1300,
10:49:26,69.30,500,
10:49:26,69.30,300,
10:49:27,69.31,100,
10:49:27,69.31,100,
10:49:29,69.31,100,
10:49:30,69.33,200,
10:49:30,69.32,500,
10:49:30,69.33,250,
10:49:30,69.33,250,
10:49:33,69.32,100,
10:49:33,69.32,200,
10:49:33,69.32,100,
10:49:33,69.32,500,
10:49:33,69.32,800,
10:49:38,69.31,200,
10:49:38,69.31,100,
10:49:39,69.31,100,
10:49:39,69.31,196,
10:49:48,69.32,200,
10:49:48,69.32,100,
10:49:48,69.32,100,
10:49:49,69.32,100,
10:49:50,69.31,100,
10:49:50,69.31,200,
10:49:50,69.31,100,
10:49:53,69.31,100,
10:49:55,69.30,100,
10:49:55,69.30,200,
10:49:56,69.30,400,
10:49:58,69.30,285,
10:49:58,69.29,116,
10:49:58,69.29,100,
10:50:05,69.30,100,
10:50:15,69.302,500,
10:50:33,69.31,100,
10:50:37,69.31,100,
10:50:41,69.32,100,
10:50:45,69.32,500,
10:50:51,69.321,100,
10:50:52,69.3201,3325,
10:50:53,69.32,100,
10:51:00,69.31,100,
10:51:00,69.30,115,
10:51:00,69.30,200,
10:51:06,69.311,100,
10:51:06,69.311,100,
10:51:15,69.315,100,
10:51:19,69.32,100,
10:51:21,69.32,100,
10:51:24,69.31,100,
10:51:36,69.30,100,
10:51:36,69.30,200,
10:51:36,69.30,485,
10:51:36,69.31,100,
10:51:36,69.31,400,
10:51:36,69.31,800,
10:51:36,69.31,200,
10:51:36,69.31,200,
10:51:36,69.31,400,
10:51:36,69.31,1200,
10:51:51,69.30,100,
10:51:51,69.30,200,
10:51:51,69.30,100,
10:51:51,69.30,100,
10:51:51,69.30,500,
10:51:57,69.30,100,
10:52:00,69.30,100,
10:52:11,69.30,100,
10:52:12,69.30,100,
10:52:17,69.29,100,
10:52:17,69.29,500,
10:52:17,69.29,100,
10:52:23,69.30,100,
10:52:24,69.31,200,
10:52:24,69.31,416,
10:52:26,69.31,100,
10:52:26,69.30,716,
10:52:36,69.3099,200,
10:52:48,69.31,100,
10:53:01,69.31,200,
10:53:03,69.32,500,
10:53:11,69.32,200,
10:53:11,69.32,100,
10:53:11,69.32,100,
10:53:11,69.32,100,
10:53:14,69.31,300,
10:53:32,69.32,100,
10:53:41,69.32,600,
10:53:41,69.32,430,
10:53:45,69.31,100,
10:53:59,69.32,100,
10:53:59,69.32,100,
10:54:12,69.32,100,
10:54:13,69.32,100,
10:54:19,69.31,300,
10:54:19,69.31,100,
10:54:40,69.3056,120,
10:54:48,69.3001,435,
10:54:59,69.30,100,
10:54:59,69.30,400,
10:55:00,69.29,300,
10:55:00,69.29,200,
10:55:02,69.29,200,
10:55:08,69.28,100,
10:55:08,69.28,500,
10:55:08,69.28,100,
10:55:10,69.278,300,
10:55:14,69.28,1000,
10:55:17,69.29,100,
10:55:18,69.29,500,
10:55:20,69.29,100,
10:55:22,69.2801,500,
10:55:32,69.29,100,
10:55:43,69.2959,346,
10:55:47,69.29,100,
10:55:49,69.29,100,
10:56:02,69.28,100,
10:56:02,69.28,100,
10:56:02,69.28,100,
10:56:09,69.29,100,
10:56:24,69.29,300,
10:56:25,69.29,100,
10:56:27,69.29,100,
10:56:39,69.30,500,
10:56:39,69.30,200,
10:56:43,69.29,600,
10:56:43,69.29,100,
10:56:43,69.29,100,
10:56:49,69.29,4300,
10:56:54,69.29,100,
10:56:54,69.29,100,
10:57:05,69.30,500,
10:57:10,69.31,200,
10:57:10,69.31,100,
10:57:10,69.31,100,
10:57:11,69.31,800,
10:57:11,69.31,100,
10:57:11,69.31,1385,
10:57:24,69.31,386,
10:57:24,69.31,300,
10:57:24,69.31,100,
10:57:24,69.31,200,
10:57:26,69.32,456,
10:57:27,69.32,100,
10:57:27,69.32,100,
10:57:33,69.31,800,
10:57:33,69.31,100,
10:57:33,69.31,700,
10:57:41,69.309,2000,
10:57:41,69.30,200,
10:57:41,69.30,200,
10:57:41,69.30,200,
10:57:41,69.30,100,
10:57:53,69.31,125,
10:57:54,69.31,117,
10:58:01,69.31,100,
10:58:03,69.31,100,
10:58:03,69.31,100,
10:58:14,69.31,400,
10:58:18,69.31,100,
10:58:18,69.31,100,
10:58:19,69.32,600,
10:58:25,69.31,100,
10:58:29,69.31,200,
10:58:29,69.31,100,
10:58:30,69.32,500,
10:58:42,69.32,100,
10:59:06,69.33,100,
10:59:08,69.33,100,
10:59:08,69.33,500,
10:59:08,69.34,100,
10:59:08,69.34,100,
10:59:08,69.35,2500,
10:59:12,69.34,100,
10:59:12,69.3399,3000,
10:59:18,69.34,700,
10:59:18,69.33,416,
10:59:19,69.34,100,
10:59:22,69.34,100,
10:59:22,69.33,100,
10:59:28,69.33,815,
10:59:30,69.35,300,
10:59:31,69.34,100,
10:59:31,69.34,100,
10:59:31,69.34,1100,
10:59:32,69.34,484,
10:59:32,69.34,200,
10:59:32,69.34,100,
10:59:32,69.34,300,
10:59:32,69.34,100,
10:59:32,69.34,815,
10:59:36,69.35,100,
10:59:36,69.35,100,
10:59:37,69.35,478,
10:59:37,69.35,1260,
10:59:40,69.35,100,
10:59:40,69.34,104,
10:59:42,69.34,119,
10:59:42,69.34,716,
10:59:43,69.34,116,
10:59:43,69.34,100,
10:59:43,69.34,100,
10:59:52,69.3484,1000,
10:59:53,69.34,1200,
10:59:53,69.34,100,
10:59:53,69.34,1200,
10:59:57,69.3384,360,
11:00:08,69.34,100,
11:00:15,69.35,100,
11:00:26,69.35,100,
11:00:34,69.35,600,
11:00:38,69.35,100,
11:00:47,69.35,207,
11:00:47,69.35,600,
11:00:56,69.34,200,
11:00:57,69.34,200,
11:01:00,69.34,816,
11:01:08,69.35,100,
11:01:16,69.35,100,
11:01:21,69.3455,500,
11:01:28,69.36,900,
11:01:28,69.36,300,
11:01:28,69.36,300,
11:01:30,69.3584,1000,
11:01:31,69.35,100,
11:01:35,69.3483,300,
11:01:35,69.35,100,
11:01:37,69.3495,4100,
11:01:37,69.3495,1534,
11:01:46,69.35,727,
11:01:46,69.35,700,
11:01:46,69.35,800,
11:01:50,69.36,100,
11:02:02,69.35,200,
11:02:02,69.35,500,
11:02:02,69.35,200,
11:02:04,69.3555,151,
11:02:08,69.35,100,
11:02:08,69.35,100,
11:02:08,69.35,300,
11:02:14,69.34,400,
11:02:14,69.34,100,
11:02:16,69.34,100,
11:02:16,69.33,115,
11:02:16,69.34,100,
11:02:26,69.345,106,
11:02:40,69.34,416,
11:02:40,69.34,100,
11:02:40,69.34,100,
11:02:44,69.34,800,
11:02:44,69.34,600,
11:02:44,69.34,100,
11:02:44,69.34,100,
11:02:44,69.34,200,
11:02:44,69.34,400,
11:02:44,69.34,100,
11:02:44,69.34,100,
11:02:48,69.34,1400,
11:02:48,69.34,100,
11:02:52,69.34,215,
11:02:59,69.34,100,
11:02:59,69.34,100,
11:02:59,69.33,200,
11:03:01,69.34,500,
11:03:01,69.34,1200,
11:03:01,69.34,100,
11:03:02,69.34,100,
11:03:09,69.3301,384,
11:03:15,69.33,800,
11:03:15,69.33,100,
11:03:15,69.34,150,
11:03:30,69.331,200,
11:03:31,69.33,350,
11:03:48,69.33,100,
11:03:48,69.33,100,
11:03:48,69.33,100,
11:03:48,69.33,100,
11:03:48,69.33,200,
11:03:48,69.33,600,
11:03:52,69.3292,150,
11:03:56,69.32,500,
11:04:03,69.32,100,
11:04:03,69.32,100,
11:04:03,69.32,800,
11:04:03,69.32,100,
11:04:18,69.31,100,
11:04:18,69.31,200,
11:04:18,69.31,100,
11:04:18,69.31,100,
11:04:19,69.30,100,
11:04:19,69.30,500,
11:04:19,69.30,1500,
11:04:19,69.30,100,
11:04:19,69.29,200,
11:04:20,69.30,300,
11:04:20,69.30,100,
11:04:20,69.30,400,
11:04:30,69.30,100,
11:04:30,69.30,100,
11:04:30,69.30,100,
11:04:30,69.30,400,
11:04:31,69.30,100,
11:04:33,69.30,1900,
11:04:37,69.29,300,
11:04:39,69.29,100,
11:04:39,69.29,319,
11:04:40,69.29,100,
11:04:41,69.29,100,
11:04:44,69.29,100,
11:04:45,69.29,816,
11:04:48,69.29,816,
11:04:51,69.29,200,
11:04:51,69.29,200,
11:04:51,69.29,153,
11:04:58,69.29,100,
11:04:59,69.29,100,
11:04:59,69.29,100,
11:04:59,69.29,2000,
11:04:59,69.29,285,
11:04:59,69.29,600,
11:04:59,69.28,200,
11:04:59,69.28,200,
11:04:59,69.28,100,
11:04:59,69.27,500,
11:04:59,69.27,100,
11:04:59,69.26,600,
11:05:01,69.26,500,
11:05:01,69.26,100,
11:05:01,69.28,100,
11:05:02,69.25,100,
11:05:02,69.25,100,
11:05:02,69.25,125,
11:05:02,69.24,316,
11:05:02,69.24,100,
11:05:02,69.24,100,
11:05:02,69.24,100,
11:05:02,69.24,100,
11:05:03,69.24,300,
11:05:03,69.23,600,
11:05:03,69.23,500,
11:05:03,69.23,500,
11:05:03,69.23,100,
11:05:04,69.22,716,
11:05:04,69.22,323,
11:05:04,69.22,100,
11:05:04,69.22,961,
11:05:04,69.22,100,
11:05:05,69.21,500,
11:05:05,69.20,100,
11:05:05,69.20,116,
11:05:05,69.20,100,
11:05:05,69.20,100,
11:05:05,69.19,700,
11:05:05,69.19,1200,
11:05:05,69.20,100,
11:05:05,69.23,160,
11:05:06,69.19,316,
11:05:06,69.20,100,
11:05:06,69.20,300,
11:05:06,69.20,200,
11:05:06,69.20,400,
11:05:06,69.20,100,
11:05:06,69.20,300,
11:05:06,69.20,1200,
11:05:06,69.20,500,
11:05:07,69.2001,3000,
11:05:08,69.20,200,
11:05:08,69.20,300,
11:05:11,69.20,100,
11:05:11,69.20,100,
11:05:11,69.20,200,
11:05:11,69.20,2900,
11:05:12,69.20,310,
11:05:12,69.20,100,
11:05:13,69.19,200,
11:05:13,69.19,100,
11:05:13,69.19,800,
11:05:13,69.19,100,
11:05:14,69.19,100,
11:05:14,69.19,100,
11:05:14,69.19,100,
11:05:14,69.19,100,
11:05:14,69.19,100,
11:05:14,69.18,100,
11:05:15,69.19,300,
11:05:15,69.19,390,
11:05:15,69.19,600,
11:05:15,69.19,200,
11:05:16,69.19,100,
11:05:16,69.19,300,
11:05:17,69.20,100,
11:05:17,69.20,400,
11:05:18,69.21,100,
11:05:22,69.22,700,
11:05:22,69.22,500,
11:05:22,69.22,600,
11:05:22,69.22,200,
11:05:22,69.22,200,
11:05:23,69.23,500,
11:05:23,69.23,100,
11:05:24,69.24,100,
11:05:24,69.24,400,
11:05:24,69.24,700,
11:05:24,69.24,200,
11:05:24,69.24,200,
11:05:25,69.24,200,
11:05:25,69.24,100,
11:05:25,69.24,100,
11:05:26,69.23,500,
11:05:26,69.23,173,
11:05:26,69.23,637,
11:05:27,69.23,100,
11:05:30,69.23,100,
11:05:31,69.22,100,
11:05:31,69.22,600,
11:05:31,69.22,100,
11:05:31,69.22,100,
11:05:35,69.22,600,
11:05:35,69.22,110,
11:05:35,69.22,100,
11:05:35,69.23,100,
11:05:38,69.22,300,
11:05:38,69.22,600,
11:05:38,69.22,1600,
11:05:38,69.22,600,
11:05:38,69.22,100,
11:05:39,69.21,200,
11:05:39,69.21,700,
11:05:39,69.21,100,
11:05:39,69.21,100,
11:05:39,69.21,500,
11:05:41,69.20,300,
11:05:41,69.20,500,
11:05:41,69.20,500,
11:05:45,69.19,300,
11:05:48,69.20,200,
11:05:48,69.20,300,
11:05:49,69.21,1515,
11:05:54,69.21,100,
11:05:54,69.21,900,
11:05:55,69.21,100,
11:06:02,69.21,1500,
11:06:02,69.21,1400,
11:06:02,69.21,100,
11:06:03,69.21,200,
11:06:04,69.21,300,
11:06:08,69.2199,150,
11:06:09,69.21,100,
11:06:09,69.21,100,
11:06:12,69.20,300,
11:06:12,69.20,100,
11:06:14,69.20,100,
11:06:14,69.20,100,
11:06:16,69.20,600,
11:06:22,69.20,1500,
11:06:24,69.20,100,
11:06:24,69.20,100,
11:06:24,69.20,500,
11:06:27,69.20,100,
11:06:30,69.20,100,
11:06:34,69.20,200,
11:06:34,69.20,200,
11:06:38,69.19,800,
11:06:38,69.19,100,
11:06:38,69.19,200,
11:06:38,69.19,100,
11:06:39,69.20,100,
11:06:39,69.20,1200,
11:06:39,69.20,700,
11:06:39,69.20,5000,
11:06:39,69.20,400,
11:06:39,69.20,400,
11:06:39,69.20,700,
11:06:39,69.20,200,
11:06:39,69.20,500,
11:06:39,69.20,200,
11:06:40,69.20,100,
11:06:43,69.20,500,
11:06:43,69.20,1000,
11:06:45,69.21,500,
11:06:45,69.205,300,
11:06:45,69.21,100,
11:06:50,69.2062,500,
11:06:53,69.20,100,
11:06:53,69.20,100,
11:06:54,69.19,200,
11:06:54,69.19,100,
11:06:54,69.18,300,
11:06:54,69.18,500,
11:06:54,69.18,200,
11:06:54,69.18,200,
11:06:54,69.18,500,
11:06:55,69.18,300,
11:06:55,69.18,200,
11:06:55,69.18,2000,
11:06:57,69.18,1500,
11:06:58,69.18,100,
11:07:00,69.18,100,
11:07:00,69.18,500,
11:07:00,69.18,500,
11:07:00,69.18,700,
11:07:00,69.18,1000,
11:07:00,69.18,700,
11:07:00,69.19,100,
11:07:00,69.19,700,
11:07:03,69.19,100,
11:07:04,69.19,200,
11:07:04,69.19,100,
11:07:07,69.19,100,
11:07:07,69.19,100,
11:07:07,69.19,200,
11:07:07,69.19,200,
11:07:07,69.19,100,
11:07:07,69.19,200,
11:07:07,69.19,400,
11:07:07,69.19,200,
11:07:07,69.18,200,
11:07:07,69.18,600,
11:07:07,69.18,1400,
11:07:07,69.18,100,
11:07:07,69.18,800,
11:07:07,69.18,600,
11:07:07,69.18,1400,
11:07:07,69.18,100,
11:07:07,69.18,500,
11:07:07,69.19,300,
11:07:08,69.19,100,
11:07:08,69.19,1400,
11:07:08,69.19,200,
11:07:08,69.19,200,
11:07:08,69.19,3700,
11:07:09,69.19,1000,
11:07:09,69.19,100,
11:07:09,69.19,600,
11:07:09,69.19,200,
11:07:09,69.19,400,
11:07:09,69.19,400,
11:07:09,69.19,1400,
11:07:09,69.19,300,
11:07:09,69.19,800,
11:07:09,69.19,200,
11:07:09,69.19,1400,
11:07:09,69.19,200,
11:07:09,69.19,100,
11:07:09,69.19,500,
11:07:09,69.19,100,
11:07:10,69.20,700,
11:07:10,69.20,100,
11:07:10,69.20,1400,
11:07:10,69.20,300,
11:07:11,69.20,100,
11:07:11,69.20,200,
11:07:11,69.2077,290,
11:07:16,69.20,100,
11:07:16,69.20,100,
11:07:16,69.20,700,
11:07:16,69.20,500,
11:07:18,69.20,100,
11:07:19,69.19,400,
11:07:19,69.19,600,
11:07:19,69.19,100,
11:07:19,69.19,100,
11:07:19,69.19,200,
11:07:19,69.19,800,
11:07:19,69.19,2100,
11:07:19,69.19,400,
11:07:19,69.19,400,
11:07:19,69.19,700,
11:07:19,69.19,900,
11:07:19,69.19,100,
11:07:23,69.20,169,
11:07:23,69.20,1400,
11:07:27,69.21,1500,
11:07:27,69.21,500,
11:07:27,69.21,500,
11:07:30,69.22,600,
11:07:35,69.213,145,
11:07:36,69.21,300,
11:07:36,69.21,100,
11:07:36,69.21,300,
11:07:37,69.20,100,
11:07:37,69.20,142,
11:07:37,69.20,200,
11:07:37,69.20,100,
11:07:40,69.20,815,
11:07:42,69.1901,5000,
11:07:42,69.20,1000,
11:07:42,69.20,1000,
11:07:45,69.20,400,
11:07:45,69.20,400,
11:07:45,69.20,100,
11:07:45,69.20,500,
11:07:45,69.20,700,
11:07:45,69.20,400,
11:07:48,69.20,300,
11:07:48,69.20,100,
11:07:49,69.21,1300,
11:07:53,69.21,100,
11:07:53,69.21,300,
11:07:55,69.22,100,
11:07:59,69.2199,123,
11:08:04,69.22,400,
11:08:04,69.22,100,
11:08:04,69.22,100,
11:08:04,69.22,200,
11:08:04,69.23,300,
11:08:04,69.23,200,
11:08:05,69.23,246,
11:08:05,69.23,500,
11:08:05,69.23,100,
11:08:05,69.23,154,
11:08:05,69.23,200,
11:08:06,69.24,100,
11:08:06,69.24,700,
11:08:06,69.2417,175,
11:08:09,69.24,200,
11:08:15,69.24,100,
11:08:16,69.23,100,
11:08:16,69.23,100,
11:08:16,69.23,916,
11:08:16,69.23,2400,
11:08:16,69.23,300,
11:08:16,69.23,200,
11:08:16,69.23,200,
11:08:16,69.23,300,
11:08:16,69.23,100,
11:08:19,69.23,516,
11:08:19,69.23,200,
11:08:23,69.23,100,
11:08:23,69.23,100,
11:08:36,69.225,600,
11:08:36,69.225,600,
11:08:36,69.225,600,
11:08:36,69.23,100,
11:08:36,69.225,300,
11:08:40,69.24,500,
11:08:40,69.24,500,
11:08:41,69.24,500,
11:08:43,69.25,300,
11:08:43,69.25,100,
11:08:43,69.24,100,
11:08:43,69.24,400,
11:08:45,69.23,173,
11:08:45,69.23,283,
11:08:48,69.23,100,
11:08:49,69.226,1400,
11:08:55,69.22,300,
11:08:55,69.22,100,
11:08:55,69.22,100,
11:09:09,69.22,296,
11:09:09,69.22,400,
11:09:14,69.23,800,
11:09:14,69.23,100,
11:09:15,69.23,100,
11:09:18,69.23,100,
11:09:18,69.22,400,
11:09:18,69.23,100,
11:09:21,69.23,140,
11:09:21,69.23,140,
11:09:22,69.23,1200,
11:09:24,69.22,100,
11:09:24,69.22,100,
11:09:32,69.23,100,
11:09:32,69.23,100,
11:09:32,69.22,100,
11:09:37,69.229,158,
11:09:42,69.22,100,
11:09:45,69.21,100,
11:09:45,69.21,200,
11:09:45,69.21,100,
11:10:03,69.21,800,
11:10:03,69.21,600,
11:10:03,69.21,100,
11:10:06,69.20,100,
11:10:06,69.20,500,
11:10:07,69.20,200,
11:10:08,69.20,100,
11:10:09,69.20,200,
11:10:13,69.21,100,
11:10:13,69.21,100,
11:10:20,69.22,500,
11:10:20,69.22,500,
11:10:20,69.22,100,
11:10:28,69.21,100,
11:10:37,69.23,200,
11:10:37,69.23,100,
11:10:37,69.2299,300,
11:10:42,69.2299,800,
11:10:44,69.221,100,
11:10:45,69.22,100,
11:10:45,69.22,100,
11:10:45,69.21,115,
11:10:48,69.22,100,
11:10:49,69.23,100,
11:10:49,69.23,100,
11:10:49,69.23,100,
11:10:49,69.23,200,
11:10:49,69.23,200,
11:10:49,69.23,1200,
11:10:49,69.23,200,
11:10:49,69.23,100,
11:10:50,69.2243,100,
11:10:51,69.2218,678,
11:10:52,69.23,100,
11:10:54,69.24,100,
11:10:57,69.24,100,
11:10:57,69.24,100,
11:10:57,69.23,100,
11:10:57,69.23,500,
11:10:57,69.23,2000,
11:10:59,69.23,100,
11:11:02,69.24,100,
11:11:08,69.24,100,
11:11:37,69.24,210,
11:11:37,69.24,100,
11:11:37,69.24,100,
11:11:37,69.24,100,
11:11:37,69.24,100,
11:11:37,69.23,300,
11:11:37,69.23,1400,
11:11:37,69.23,200,
11:11:37,69.23,700,
11:11:37,69.23,100,
11:11:44,69.23,100,
11:11:44,69.24,200,
11:11:48,69.2314,664,
11:12:06,69.22,300,
11:12:06,69.22,100,
11:12:08,69.22,100,
11:12:24,69.22,816,
11:12:25,69.22,100,
11:12:25,69.22,100,
11:12:25,69.21,816,
11:12:27,69.219,2000,
11:12:42,69.22,100,
11:12:59,69.23,300,
11:12:59,69.23,200,
11:12:59,69.23,100,
11:12:59,69.22,100,
11:12:59,69.22,100,
11:13:02,69.21,1700,
11:13:02,69.21,900,
11:13:02,69.21,200,
11:13:02,69.21,200,
11:13:02,69.21,100,
11:13:02,69.21,1900,
11:13:02,69.21,100,
11:13:02,69.21,900,
11:13:02,69.21,2600,
11:13:02,69.21,400,
11:13:02,69.21,200,
11:13:03,69.2099,100,
11:13:03,69.20,100,
11:13:03,69.20,100,
11:13:11,69.21,100,
11:13:12,69.21,100,
11:13:17,69.22,500,
11:13:18,69.22,1500,
11:13:18,69.22,200,
11:13:18,69.22,736,
11:13:35,69.22,100,
11:13:35,69.22,100,
11:13:35,69.22,100,
11:13:43,69.21,100,
11:13:43,69.20,600,
11:13:43,69.20,484,
11:13:43,69.20,1400,
11:13:47,69.20,300,
11:13:51,69.20,815,
11:13:57,69.21,100,
11:13:57,69.21,100,
11:13:58,69.22,200,
11:13:58,69.22,400,
11:14:08,69.21,100,
11:14:08,69.21,100,
11:14:08,69.21,100,
11:14:20,69.22,500,
11:14:20,69.22,300,
11:14:47,69.23,200,
11:14:47,69.23,100,
11:14:47,69.23,300,
11:14:51,69.23,100,
11:14:51,69.23,100,
11:14:51,69.23,2100,
11:14:51,69.23,1500,
11:14:51,69.23,800,
11:14:51,69.23,100,
11:14:51,69.23,600,
11:14:51,69.23,400,
11:14:51,69.23,800,
11:14:51,69.22,100,
11:14:51,69.22,100,
11:14:51,69.22,800,
11:14:51,69.22,2100,
11:14:51,69.22,300,
11:14:51,69.22,700,
11:14:51,69.22,200,
11:14:51,69.22,200,
11:14:53,69.23,300,
11:14:58,69.23,100,
11:15:01,69.23,100,
11:15:01,69.23,100,
11:15:04,69.23,200,
11:15:05,69.23,992,
11:15:06,69.23,500,
11:15:10,69.2399,500,
11:15:10,69.24,400,
11:15:10,69.24,100,
11:15:10,69.23,100,
11:15:10,69.23,276,
11:15:17,69.23,100,
11:15:22,69.23,100,
11:15:23,69.24,100,
11:15:24,69.24,100,
11:15:28,69.24,100,
11:15:28,69.24,100,
11:15:28,69.23,816,
11:15:36,69.25,100,
11:15:40,69.24,816,
11:15:42,69.24,216,
11:15:42,69.24,100,
11:15:46,69.23,700,
11:15:51,69.24,215,
11:15:53,69.24,213,
11:15:57,69.25,100,
11:16:01,69.25,316,
11:16:01,69.25,100,
11:16:01,69.25,100,
11:16:09,69.26,100,
11:16:10,69.26,100,
11:16:12,69.25,100,
11:16:12,69.24,200,
11:16:17,69.24,100,
11:16:17,69.24,316,
11:16:17,69.24,100,
11:16:22,69.2484,777,
11:16:33,69.25,100,
11:16:36,69.24,100,
11:16:36,69.25,100,
11:16:36,69.25,200,
11:16:41,69.24,100,
11:17:09,69.2416,650,
11:17:12,69.23,816,
11:17:13,69.23,300,
11:17:13,69.23,500,
11:17:14,69.22,100,
11:17:14,69.22,100,
11:17:14,69.22,100,
11:17:14,69.22,1000,
11:17:14,69.2192,3000,
11:17:14,69.2192,2000,
11:17:37,69.21,1500,
11:17:37,69.21,200,
11:17:37,69.21,100,
11:17:37,69.21,500,
11:17:40,69.21,700,
11:17:40,69.21,100,
11:17:40,69.21,200,
11:17:41,69.21,100,
11:17:44,69.22,100,
11:17:44,69.22,400,
11:17:44,69.22,100,
11:17:44,69.22,200,
11:17:45,69.21,216,
11:17:45,69.21,516,
11:17:52,69.21,100,
11:17:52,69.21,100,
11:17:59,69.21,1392,
11:17:59,69.21,2292,
11:17:59,69.21,400,
11:17:59,69.21,100,
11:17:59,69.21,200,
11:17:59,69.21,200,
11:17:59,69.21,908,
11:17:59,69.21,100,
11:17:59,69.21,100,
11:17:59,69.21,600,
11:17:59,69.21,100,
11:17:59,69.21,2100,
11:17:59,69.21,100,
11:17:59,69.21,100,
11:17:59,69.21,100,
11:18:01,69.21,100,
11:18:15,69.20,100,
11:18:18,69.21,200,
11:18:24,69.21,100,
11:18:25,69.21,135,
11:18:36,69.20,347,
11:18:43,69.20,100,
11:18:43,69.20,816,
11:18:47,69.21,100,
11:18:57,69.21,400,
11:19:02,69.20,100,
11:19:02,69.21,200,
11:19:06,69.20,100,
11:19:08,69.20,100,
11:19:08,69.20,100,
11:19:08,69.2001,2000,
11:19:13,69.21,133,
11:19:17,69.20,100,
11:19:17,69.19,700,
11:19:17,69.19,2500,
11:19:17,69.19,616,
11:19:18,69.19,428,
11:19:20,69.20,100,
11:19:21,69.208,170,
11:19:24,69.20,172,
11:19:26,69.1901,2000,
11:19:42,69.20,500,
11:19:42,69.20,100,
11:20:03,69.21,220,
11:20:03,69.21,100,
11:20:19,69.20,315,
11:20:19,69.20,100,
11:20:19,69.20,200,
11:20:27,69.20,2000,
11:20:29,69.20,700,
11:20:29,69.19,100,
11:20:29,69.20,300,
11:20:32,69.19,500,
11:20:34,69.18,100,
11:20:34,69.18,100,
11:20:34,69.18,100,
11:20:35,69.18,272,
11:20:36,69.18,408,
11:20:41,69.18,100,
11:20:52,69.17,300,
11:20:52,69.17,100,
11:20:52,69.17,100,
11:20:52,69.17,219,
11:20:52,69.17,200,
11:20:52,69.16,100,
11:20:52,69.16,100,
11:20:52,69.16,500,
11:20:54,69.16,100,
11:20:54,69.16,100,
11:20:54,69.15,700,
11:20:56,69.16,100,
11:20:57,69.16,200,
11:21:00,69.15,100,
11:21:00,69.15,100,
11:21:00,69.15,100,
11:21:00,69.15,500,
11:21:00,69.14,1700,
11:21:00,69.14,700,
11:21:00,69.14,100,
11:21:00,69.14,10000,
11:21:01,69.14,800,
11:21:01,69.14,500,
11:21:01,69.14,8000,
11:21:01,69.14,400,
11:21:01,69.14,500,
11:21:01,69.14,4300,
11:21:01,69.14,3000,
11:21:02,69.15,2400,
11:21:02,69.15,200,
11:21:02,69.15,200,
11:21:02,69.15,600,
11:21:02,69.15,1000,
11:21:03,69.14,195,
11:21:03,69.14,100,
11:21:03,69.14,700,
11:21:03,69.14,150,
11:21:03,69.14,800,
11:21:03,69.13,516,
11:21:03,69.135,200,
11:21:05,69.14,200,
11:21:05,69.14,400,
11:21:05,69.14,200,
11:21:05,69.14,100,
11:21:05,69.14,800,
11:21:05,69.14,100,
11:21:05,69.15,500,
11:21:05,69.15,1000,
11:21:06,69.15,100,
11:21:08,69.14,228,
11:21:08,69.14,100,
11:21:08,69.14,600,
11:21:09,69.14,2000,
11:21:09,69.15,100,
11:21:11,69.14,200,
11:21:11,69.14,500,
11:21:11,69.13,816,
11:21:12,69.13,816,
11:21:18,69.14,100,
11:21:19,69.14,101,
11:21:19,69.15,800,
11:21:19,69.15,500,
11:21:19,69.15,100,
11:21:19,69.15,400,
11:21:22,69.15,100,
11:21:25,69.14,316,
11:21:26,69.1301,3000,
11:21:28,69.13,200,
11:21:28,69.13,100,
11:21:28,69.13,100,
11:21:29,69.13,100,
11:21:30,69.13,1500,
11:21:30,69.13,200,
11:21:33,69.14,900,
11:21:40,69.1399,1200,
11:21:43,69.1384,1250,
11:21:45,69.13,3000,
11:21:45,69.13,3600,
11:21:45,69.13,200,
11:21:45,69.13,200,
11:21:45,69.13,200,
11:21:45,69.13,430,
11:21:45,69.13,170,
11:21:45,69.12,715,
11:21:45,69.13,600,
11:21:45,69.13,800,
11:21:45,69.125,200,
11:21:46,69.13,124,
11:21:46,69.12,129,
11:21:46,69.12,171,
11:21:46,69.11,100,
11:21:46,69.11,1000,
11:21:46,69.11,1300,
11:21:46,69.11,1084,
11:21:52,69.12,600,
11:21:52,69.12,200,
11:21:57,69.12,100,
11:21:57,69.12,1900,
11:22:04,69.13,300,
11:22:04,69.13,1069,
11:22:04,69.13,100,
11:22:04,69.13,500,
11:22:05,69.14,400,
11:22:06,69.13,13000,
11:22:15,69.14,100,
11:22:19,69.14,500,
11:22:19,69.14,300,
11:22:19,69.14,200,
11:22:23,69.1416,1000,
11:22:37,69.15,100,
11:22:42,69.14,100,
11:22:45,69.14,199,
11:22:52,69.14,100,
11:22:53,69.14,600,
11:22:53,69.14,100,
11:23:00,69.14,100,
11:23:01,69.14,100,
11:23:01,69.14,100,
11:23:08,69.15,100,
11:23:08,69.15,500,
11:23:10,69.15,616,
11:23:11,69.15,100,
11:23:22,69.1448,529,
11:23:24,69.15,100,
11:23:25,69.1599,900,
11:23:32,69.14,115,
11:23:32,69.14,100,
11:23:35,69.14,234,
11:23:37,69.13,216,
11:23:37,69.135,400,
11:23:40,69.1301,150,
11:23:43,69.13,600,
11:23:43,69.13,200,
11:23:43,69.13,200,
11:23:43,69.13,500,
11:23:46,69.13,800,
11:23:46,69.13,100,
11:23:50,69.13,600,
11:23:57,69.12,500,
11:23:58,69.11,400,
11:24:06,69.13,100,
11:24:06,69.13,100,
11:24:06,69.13,600,
11:24:06,69.13,200,
11:24:06,69.13,200,
11:24:06,69.13,700,
11:24:06,69.13,900,
11:24:12,69.13,100,
11:24:13,69.14,400,
11:24:13,69.14,100,
11:24:15,69.13,100,
11:24:31,69.14,194,
11:24:31,69.14,240,
11:24:31,69.14,500,
11:24:47,69.15,200,
11:24:47,69.15,500,
11:24:47,69.15,500,
11:24:53,69.16,100,
11:24:55,69.16,100,
11:24:58,69.159,2000,
11:25:08,69.155,200,
11:25:13,69.1529,1000,
11:25:14,69.15,178,
11:25:23,69.15,316,
11:25:28,69.152,1000,
11:25:31,69.16,600,
11:25:33,69.16,200,
11:25:38,69.15,100,
11:25:40,69.15,800,
11:25:40,69.15,200,
11:25:40,69.15,200,
11:25:40,69.15,1600,
11:25:40,69.15,600,
11:25:40,69.15,400,
11:25:45,69.15,100,
11:25:45,69.15,400,
11:25:45,69.15,700,
11:25:45,69.14,432,
11:25:46,69.15,114,
11:25:48,69.14,300,
11:25:48,69.14,500,
11:25:48,69.14,2400,
11:25:48,69.14,500,
11:25:48,69.14,500,
11:25:48,69.14,200,
11:25:51,69.13,500,
11:25:55,69.12,400,
11:25:55,69.12,100,
11:25:55,69.12,100,
11:25:58,69.13,100,
11:25:58,69.13,100,
11:25:58,69.13,200,
11:26:03,69.12,815,
11:26:24,69.11,816,
11:26:33,69.12,700,
11:26:33,69.12,400,
11:26:40,69.11,800,
11:26:41,69.12,400,
11:26:43,69.12,100,
11:26:43,69.12,100,
11:26:43,69.12,815,
11:26:43,69.12,500,
11:26:45,69.12,116,
11:26:45,69.12,200,
11:26:53,69.13,700,
11:26:58,69.13,100,
11:27:07,69.12,200,
11:27:07,69.12,200,
11:27:08,69.13,500,
11:27:08,69.13,300,
11:27:25,69.129,2000,
11:27:34,69.1201,200,
11:27:41,69.12,548,
11:27:41,69.12,815,
11:27:41,69.12,600,
11:27:41,69.12,100,
11:27:41,69.12,1000,
11:27:42,69.12,1300,
11:27:42,69.12,100,
11:27:42,69.12,1115,
11:27:42,69.12,215,
11:27:48,69.12,100,
11:27:48,69.12,800,
11:27:48,69.12,600,
11:27:48,69.12,800,
11:27:54,69.12,100,
11:27:54,69.11,816,
11:28:00,69.11,200,
11:28:00,69.11,100,
11:28:00,69.11,300,
11:28:01,69.10,100,
11:28:01,69.10,500,
11:28:01,69.10,600,
11:28:01,69.10,816,
11:28:01,69.10,208,
11:28:03,69.0908,3600,
11:28:04,69.10,2830,
11:28:09,69.11,200,
11:28:16,69.10,500,
11:28:21,69.10,100,
11:28:29,69.10,400,
11:28:34,69.109,2000,
11:28:35,69.11,100,
11:28:38,69.11,1000,
11:28:45,69.11,300,
11:29:00,69.11,100,
11:29:00,69.11,100,
11:29:01,69.11,600,
11:29:01,69.1101,200,
11:29:01,69.1101,800,
11:29:01,69.11,900,
11:29:01,69.11,584,
11:29:01,69.11,100,
11:29:03,69.11,100,
11:29:03,69.11,400,
11:29:03,69.11,100,
11:29:03,69.11,800,
11:29:03,69.11,600,
11:29:03,69.11,200,
11:29:03,69.11,100,
11:29:15,69.12,100,
11:29:26,69.11,100,
11:29:29,69.1057,1048,
11:29:29,69.11,100,
11:29:29,69.11,150,
11:29:29,69.11,100,
11:29:30,69.10,100,
11:29:30,69.10,100,
11:29:35,69.10,815,
11:29:35,69.10,100,
11:29:35,69.10,405,
11:29:37,69.10,100,
11:29:37,69.10,100,
11:29:38,69.10,300,
11:29:39,69.10,400,
11:29:59,69.11,100,
11:31:01,69.097,720,
11:31:05,69.09,600,
11:31:05,69.09,200,
11:31:06,69.10,800,
11:31:06,69.09,200,
11:31:09,69.09,216,
11:31:09,69.09,384,
11:31:19,69.09,200,
11:31:24,69.09,100,
11:31:26,69.08,100,
11:31:28,69.08,150,
11:31:38,69.09,100,
11:31:39,69.10,100,
11:31:40,69.10,100,
11:31:43,69.10,584,
11:31:47,69.11,100,
11:31:56,69.12,200,
11:31:56,69.12,500,
11:31:56,69.12,100,
11:32:06,69.13,100,
11:32:06,69.13,200,
11:32:07,69.14,2400,
11:32:08,69.13,100,
11:32:08,69.13,100,
11:32:12,69.1359,140,
11:32:12,69.13,100,
11:32:16,69.13,100,
11:32:16,69.12,600,
11:32:18,69.1299,2000,
11:32:28,69.1218,210,
11:32:36,69.12,800,
11:32:36,69.12,100,
11:32:36,69.12,100,
11:32:41,69.12,100,
11:32:45,69.12,816,
11:32:51,69.12,100,
11:32:51,69.12,700,
11:33:01,69.12,785,
11:33:03,69.13,500,
11:33:03,69.13,100,
11:33:06,69.13,100,
11:33:06,69.13,800,
11:33:06,69.13,100,
11:33:10,69.13,600,
11:33:10,69.13,100,
11:33:13,69.13,1500,
11:33:15,69.1201,500,
11:33:47,69.13,100,
11:33:47,69.14,100,
11:33:47,69.14,100,
11:33:47,69.14,500,
11:33:47,69.13,600,
11:33:47,69.14,200,
11:33:47,69.1399,100,
11:33:47,69.14,1000,
11:33:53,69.1499,6000,
11:33:58,69.14,100,
11:33:58,69.14,200,
11:34:04,69.1499,230,
11:34:11,69.15,100,
11:34:13,69.15,100,
11:34:13,69.15,500,
11:34:13,69.16,100,
11:34:13,69.1599,100,
11:34:15,69.16,100,
11:34:15,69.16,100,
11:34:32,69.14,100,
11:34:33,69.15,100,
11:34:33,69.16,100,
11:34:33,69.16,100,
11:34:33,69.16,700,
11:34:33,69.16,100,
11:34:38,69.17,100,
11:34:50,69.16,200,
11:34:50,69.16,100,
11:34:50,69.16,100,
11:34:51,69.15,100,
11:34:51,69.15,100,
11:34:53,69.14,141,
11:34:53,69.14,100,
11:34:55,69.149,2000,
11:35:08,69.14,100,
11:35:08,69.14,100,
11:35:09,69.1301,3000,
11:35:09,69.1344,3000,
11:35:16,69.14,100,
11:35:19,69.14,100,
11:35:43,69.14,400,
11:35:44,69.15,100,
11:35:47,69.15,100,
11:35:51,69.15,816,
11:35:55,69.16,500,
11:35:55,69.17,700,
11:35:55,69.17,500,
11:36:00,69.16,100,
11:36:00,69.15,100,
11:36:00,69.15,300,
11:36:00,69.14,200,
11:36:00,69.14,385,
11:36:11,69.15,100,
11:36:12,69.15,100,
11:36:12,69.15,400,
11:36:13,69.16,300,
11:36:14,69.14,200,
11:36:22,69.15,100,
11:36:30,69.16,130,
11:36:34,69.16,100,
11:36:42,69.16,200,
11:36:42,69.16,400,
11:36:46,69.15,668,
11:36:55,69.15,100,
11:36:56,69.15,815,
11:37:02,69.156,2500,
11:37:27,69.14,315,
11:37:28,69.1317,1700,
11:37:29,69.12,216,
11:37:29,69.13,100,
11:37:50,69.12,1900,
11:37:51,69.12,532,
11:37:54,69.1216,200,
11:37:57,69.13,100,
11:37:57,69.13,700,
11:37:57,69.13,1000,
11:37:58,69.13,200,
11:37:59,69.13,200,
11:38:15,69.1301,100,
11:38:17,69.13,200,
11:38:18,69.13,300,
11:38:41,69.12,700,
11:38:52,69.13,100,
11:38:52,69.13,100,
11:38:59,69.14,500,
11:39:02,69.15,100,
11:39:02,69.15,100,
11:39:04,69.14,700,
11:39:08,69.15,200,
11:39:37,69.15,100,
11:39:40,69.14,100,
11:39:49,69.14,1900,
11:40:05,69.13,815,
11:40:19,69.14,100,
11:40:30,69.14,600,
11:40:31,69.15,100,
11:40:40,69.15,100,
11:41:02,69.16,200,
11:41:02,69.16,300,
11:41:05,69.16,300,
11:41:05,69.16,1600,
11:41:10,69.15,300,
11:41:22,69.16,500,
11:41:22,69.17,500,
11:41:22,69.17,100,
11:41:22,69.17,100,
11:41:38,69.17,200,
11:41:56,69.16,100,
11:41:57,69.17,100,
11:41:57,69.17,100,
11:41:57,69.17,100,
11:41:57,69.17,700,
11:42:05,69.1637,252,
11:42:06,69.16,189,
11:42:06,69.15,716,
11:42:09,69.15,816,
11:42:10,69.15,100,
11:42:13,69.14,216,
11:42:13,69.14,100,
11:42:13,69.14,400,
11:42:26,69.1317,200,
11:42:33,69.14,100,
11:42:33,69.13,200,
11:42:45,69.14,100,
11:42:46,69.14,100,
11:42:49,69.14,200,
11:42:49,69.14,600,
11:42:49,69.14,300,
11:42:50,69.14,100,
11:42:50,69.14,200,
11:42:50,69.14,200,
11:43:13,69.15,100,
11:43:14,69.15,100,
11:43:14,69.15,200,
11:43:19,69.14,600,
11:43:19,69.14,800,
11:43:19,69.14,400,
11:43:19,69.14,400,
11:43:19,69.14,100,
11:43:19,69.14,800,
11:43:19,69.14,1500,
11:43:19,69.14,200,
11:43:19,69.14,400,
11:43:19,69.14,400,
11:43:19,69.14,1200,
11:43:19,69.14,100,
11:43:19,69.14,700,
11:43:19,69.14,100,
11:43:19,69.14,2100,
11:43:19,69.14,600,
11:43:19,69.14,500,
11:43:19,69.14,365,
11:43:19,69.14,100,
11:43:19,69.14,200,
11:43:19,69.14,200,
11:43:19,69.14,100,
11:43:19,69.14,300,
11:43:19,69.14,1200,
11:43:19,69.14,400,
11:43:19,69.14,500,
11:43:19,69.14,200,
11:43:19,69.14,2500,
11:43:19,69.14,177,
11:43:19,69.14,3600,
11:43:19,69.14,100,
11:43:19,69.14,5100,
11:43:19,69.15,700,
11:43:21,69.15,200,
11:43:22,69.16,500,
11:43:28,69.17,100,
11:43:31,69.17,700,
11:43:32,69.18,300,
11:43:33,69.18,100,
11:43:42,69.18,200,
11:43:46,69.17,100,
11:43:46,69.17,100,
11:43:46,69.17,100,
11:43:51,69.18,100,
11:43:51,69.18,400,
11:43:52,69.17,416,
11:43:52,69.17,200,
11:44:00,69.17,200,
11:44:00,69.17,400,
11:44:00,69.17,400,
11:44:00,69.16,100,
11:44:00,69.16,200,
11:44:00,69.15,147,
11:44:06,69.16,200,
11:44:10,69.17,100,
11:44:10,69.17,200,
11:44:22,69.17,146,
11:44:22,69.17,385,
11:44:28,69.17,100,
11:44:36,69.16,200,
11:44:36,69.17,700,
11:44:36,69.17,200,
11:44:45,69.17,400,
11:44:45,69.17,616,
11:44:52,69.17,100,
11:44:52,69.16,816,
11:44:57,69.16,300,
11:44:57,69.16,100,
11:44:57,69.15,278,
11:44:57,69.15,338,
11:44:58,69.14,816,
11:45:08,69.15,100,
11:45:24,69.16,100,
11:45:34,69.16,510,
11:45:41,69.17,200,
11:45:41,69.17,800,
11:45:42,69.17,300,
11:45:42,69.17,200,
11:45:45,69.17,148,
11:45:48,69.18,300,
11:45:48,69.18,100,
11:45:48,69.18,400,
11:45:50,69.18,200,
11:45:56,69.18,700,
11:46:06,69.18,100,
11:46:10,69.185,109,
11:46:21,69.18,300,
11:46:30,69.18,100,
11:46:30,69.19,800,
11:46:30,69.19,200,
11:46:30,69.19,700,
11:46:30,69.19,100,
11:46:30,69.19,4100,
11:46:30,69.19,100,
11:46:30,69.19,200,
11:46:30,69.19,300,
11:46:36,69.20,100,
11:46:38,69.19,100,
11:46:40,69.19,100,
11:46:56,69.18,200,
11:46:56,69.18,400,
11:46:56,69.18,150,
11:46:56,69.18,200,
11:46:56,69.18,184,
