09:30:00,62.25,1600,
09:30:00,62.25,1600,
09:30:01,62.27,500,
09:30:02,62.25,200,
09:30:02,62.25,1625,
09:30:02,62.26,1240,
09:30:02,62.26,5440,
09:30:02,62.27,100,
09:30:02,62.27,1900,
09:30:02,62.28,100,
09:30:02,62.28,100,
09:30:03,62.29,800,
09:30:03,62.29,200,
09:30:03,62.29,200,
09:30:03,62.29,200,
09:30:03,62.29,800,
09:30:03,62.29,200,
09:30:03,62.29,200,
09:30:03,62.29,200,
09:30:03,62.29,200,
09:30:03,62.29,230,
09:30:04,62.29,300,
09:30:04,62.29,130,
09:30:05,62.29,1100,
09:30:05,62.29,1000,
09:30:10,62.30,100,
09:30:10,62.30,300,
09:30:10,62.30,200,
09:30:11,62.29,400,
09:30:12,62.25,250,
09:30:12,62.30,200,
09:30:13,62.30,900,
09:30:14,62.28,500,
09:30:14,62.28,800,
09:30:14,62.28,200,
09:30:14,62.28,200,
09:30:15,62.27,800,
09:30:15,62.27,400,
09:30:15,62.27,1700,
09:30:16,62.27,800,
09:30:17,62.27,800,
09:30:18,62.27,100,
09:30:18,62.27,200,
09:30:19,62.28,200,
09:30:19,62.28,1200,
09:30:20,62.29,100,
09:30:21,62.28,1500,
09:30:21,62.28,800,
09:30:21,62.28,800,
09:30:21,62.28,800,
09:30:21,62.28,100,
09:30:21,62.28,600,
09:30:21,62.28,100,
09:30:22,62.302,350,
09:30:22,62.28,200,
09:30:24,62.28,800,
09:30:24,62.28,100,
09:30:24,62.2999,141,
09:30:24,62.2999,1000,
09:30:24,62.2999,2859,
09:30:24,62.2901,1400,
09:30:25,62.28,363,
09:30:25,62.28,237,
09:30:25,62.28,600,
09:30:26,62.28,200,
09:30:26,62.27,100,
09:30:28,62.28,1000,
09:30:28,62.28,2700,
09:30:28,62.28,200,
09:30:28,62.28,800,
09:30:28,62.29,1025,
09:30:28,62.28,2200,
09:30:28,62.28,200,
09:30:28,62.28,200,
09:30:28,62.28,200,
09:30:28,62.28,800,
09:30:28,62.28,1100,
09:30:28,62.28,600,
09:30:28,62.28,200,
09:30:28,62.28,200,
09:30:28,62.28,800,
09:30:30,62.28,200,
09:30:31,62.27,600,
09:30:34,62.28,176,
09:30:36,62.28,100,
09:30:38,62.27,500,
09:30:38,62.27,800,
09:30:38,62.27,200,
09:30:38,62.27,1000,
09:30:38,62.27,200,
09:30:38,62.27,2500,
09:30:38,62.27,2700,
09:30:39,62.28,100,
09:30:44,62.28,500,
09:30:45,62.29,100,
09:30:46,62.29,200,
09:30:48,62.2815,100,
09:30:49,62.28,200,
09:30:49,62.28,400,
09:30:49,62.28,800,
09:30:49,62.28,800,
09:30:55,62.28,200,
09:30:57,62.28,100,
09:30:59,62.28,225,
09:30:59,62.28,900,
09:30:59,62.28,700,
09:31:00,62.28,200,
09:31:00,62.28,400,
09:31:00,62.28,1100,
09:31:00,62.28,200,
09:31:00,62.28,200,
09:31:00,62.28,275,
09:31:01,62.29,100,
09:31:04,62.289,200,
09:31:05,62.285,100,
09:31:05,62.2801,1250,
09:31:06,62.29,100,
09:31:06,62.285,100,
09:31:06,62.29,1400,
09:31:07,62.285,100,
09:31:07,62.28,100,
09:31:08,62.28,100,
09:31:08,62.28,100,
09:31:08,62.28,200,
09:31:09,62.28,100,
09:31:09,62.28,125,
09:31:09,62.28,200,
09:31:09,62.28,300,
09:31:09,62.28,100,
09:31:10,62.28,950,
09:31:10,62.2839,100,
09:31:11,62.285,100,
09:31:12,62.285,100,
09:31:13,62.27,100,
09:31:13,62.275,100,
09:31:14,62.27,400,
09:31:16,62.27,700,
09:31:16,62.2716,400,
09:31:19,62.28,100,
09:31:21,62.27,800,
09:31:21,62.27,100,
09:31:21,62.265,100,
09:31:21,62.26,100,
09:31:21,62.26,400,
09:31:21,62.27,100,
09:31:23,62.26,300,
09:31:24,62.27,1000,
09:31:24,62.27,540,
09:31:25,62.28,100,
09:31:25,62.28,100,
09:31:26,62.28,100,
09:31:26,62.28,100,
09:31:28,62.28,1500,
09:31:28,62.28,100,
09:31:28,62.28,124,
09:31:28,62.28,124,
09:31:30,62.29,100,
09:31:30,62.29,100,
09:31:30,62.295,100,
09:31:31,62.30,100,
09:31:32,62.29,100,
09:31:32,62.2899,300,
09:31:32,62.29,100,
09:31:32,62.295,100,
09:31:33,62.2801,300,
09:31:37,62.30,200,
09:31:38,62.2951,1000,
09:31:44,62.30,100,
09:31:44,62.30,100,
09:31:44,62.30,100,
09:31:48,62.30,100,
09:31:48,62.30,100,
09:31:49,62.30,100,
09:31:53,62.31,200,
09:31:53,62.31,100,
09:31:54,62.3001,300,
09:31:54,62.31,137,
09:31:55,62.31,100,
09:31:55,62.31,200,
09:31:55,62.3099,100,
09:31:55,62.3099,200,
09:31:57,62.32,2400,
09:31:57,62.32,100,
09:31:57,62.32,100,
09:32:01,62.305,100,
09:32:04,62.30,100,
09:32:04,62.30,100,
09:32:04,62.30,100,
09:32:05,62.28,100,
09:32:05,62.28,100,
09:32:05,62.28,400,
09:32:05,62.28,800,
09:32:07,62.285,100,
09:32:09,62.27,100,
09:32:09,62.262,1150,
09:32:09,62.27,300,
09:32:12,62.28,100,
09:32:12,62.28,100,
09:32:12,62.27,619,
09:32:12,62.27,100,
09:32:12,62.275,100,
09:32:12,62.26,300,
09:32:12,62.26,100,
09:32:12,62.26,800,
09:32:13,62.27,700,
09:32:18,62.265,100,
09:32:18,62.26,100,
09:32:18,62.26,600,
09:32:20,62.27,1000,
09:32:20,62.27,500,
09:32:20,62.27,1400,
09:32:21,62.269,1000,
09:32:22,62.2599,900,
09:32:22,62.25,800,
09:32:22,62.2536,1000,
09:32:22,62.25,500,
09:32:23,62.255,100,
09:32:24,62.25,100,
09:32:25,62.2499,200,
09:32:26,62.24,1200,
09:32:26,62.24,600,
09:32:26,62.24,1100,
09:32:26,62.25,300,
09:32:26,62.25,100,
09:32:27,62.24,200,
09:32:27,62.24,200,
09:32:27,62.24,450,
09:32:27,62.24,800,
09:32:28,62.24,100,
09:32:28,62.24,100,
09:32:28,62.24,100,
09:32:28,62.24,400,
09:32:30,62.24,100,
09:32:30,62.2415,100,
09:32:33,62.24,100,
09:32:33,62.24,200,
09:32:34,62.24,100,
09:32:34,62.24,200,
09:32:34,62.24,200,
09:32:34,62.24,1000,
09:32:34,62.24,200,
09:32:34,62.24,300,
09:32:34,62.24,100,
09:32:35,62.23,800,
09:32:35,62.23,100,
09:32:35,62.23,100,
09:32:35,62.23,100,
09:32:35,62.23,200,
09:32:35,62.23,300,
09:32:35,62.23,500,
09:32:35,62.23,300,
09:32:35,62.23,4100,
09:32:36,62.239,400,
09:32:36,62.24,500,
09:32:40,62.24,100,
09:32:40,62.24,100,
09:32:42,62.24,165,
09:32:43,62.24,100,
09:32:43,62.24,500,
09:32:43,62.24,800,
09:32:43,62.24,400,
09:32:43,62.24,100,
09:32:45,62.25,100,
09:32:45,62.24,100,
09:32:45,62.245,100,
09:32:46,62.25,100,
09:32:47,62.24,700,
09:32:48,62.238,200,
09:32:49,62.24,100,
09:32:49,62.25,100,
09:32:52,62.26,100,
09:32:55,62.26,500,
09:32:55,62.26,800,
09:32:56,62.26,200,
09:32:56,62.26,200,
09:32:56,62.26,1600,
09:32:56,62.26,300,
09:32:56,62.26,100,
09:32:56,62.26,400,
09:32:58,62.25,100,
09:32:58,62.25,100,
09:32:58,62.25,800,
09:33:03,62.261,100,
09:33:04,62.2601,200,
09:33:05,62.26,1800,
09:33:06,62.26,200,
09:33:07,62.27,200,
09:33:09,62.261,150,
09:33:10,62.26,600,
09:33:10,62.26,100,
09:33:10,62.26,200,
09:33:14,62.28,200,
09:33:14,62.27,100,
09:33:14,62.27,300,
09:33:14,62.272,800,
09:33:14,62.27,100,
09:33:20,62.288,100,
09:33:20,62.288,200,
09:33:20,62.29,200,
09:33:20,62.29,200,
09:33:20,62.29,200,
09:33:20,62.29,100,
09:33:20,62.29,800,
09:33:22,62.29,800,
09:33:23,62.30,500,
09:33:24,62.29,3200,
09:33:24,62.29,100,
09:33:25,62.29,100,
09:33:27,62.2799,1700,
09:33:29,62.27,800,
09:33:35,62.28,100,
09:33:39,62.28,100,
09:33:40,62.275,100,
09:33:42,62.27,100,
09:33:42,62.27,100,
09:33:42,62.27,100,
09:33:45,62.26,300,
09:33:45,62.26,600,
09:33:45,62.26,100,
09:33:45,62.26,200,
09:33:45,62.26,200,
09:33:45,62.26,200,
09:33:45,62.26,600,
09:33:45,62.26,200,
09:33:48,62.25,200,
09:33:48,62.25,200,
09:33:48,62.25,100,
09:33:48,62.25,200,
09:33:48,62.25,200,
09:33:48,62.25,300,
09:33:48,62.25,100,
09:33:49,62.24,300,
09:33:49,62.24,100,
09:33:49,62.24,100,
09:33:49,62.24,100,
09:33:49,62.24,500,
09:33:49,62.24,300,
09:33:49,62.24,200,
09:33:49,62.24,100,
09:33:49,62.25,100,
09:33:49,62.25,100,
09:33:49,62.25,400,
09:33:49,62.25,600,
09:33:50,62.25,300,
09:33:52,62.26,800,
09:33:52,62.26,100,
09:33:53,62.27,100,
09:33:55,62.25,400,
09:33:55,62.25,300,
09:33:55,62.26,100,
09:33:55,62.26,500,
09:33:59,62.25,100,
09:33:59,62.24,300,
09:33:59,62.24,200,
09:33:59,62.25,100,
09:34:00,62.25,800,
09:34:00,62.25,800,
09:34:00,62.24,200,
09:34:00,62.24,100,
09:34:00,62.24,200,
09:34:00,62.24,300,
09:34:03,62.241,100,
09:34:03,62.23,200,
09:34:04,62.23,100,
09:34:05,62.23,100,
09:34:05,62.23,200,
09:34:05,62.23,100,
09:34:05,62.23,100,
09:34:06,62.23,1000,
09:34:06,62.23,1000,
09:34:06,62.23,400,
09:34:07,62.24,100,
09:34:08,62.25,100,
09:34:08,62.24,100,
09:34:12,62.25,100,
09:34:12,62.25,200,
09:34:12,62.25,200,
09:34:12,62.25,200,
09:34:16,62.24,100,
09:34:17,62.24,100,
09:34:18,62.241,500,
09:34:21,62.24,100,
09:34:21,62.24,100,
09:34:25,62.25,100,
09:34:28,62.26,300,
09:34:28,62.26,100,
09:34:28,62.26,100,
09:34:29,62.27,100,
09:34:32,62.27,200,
09:34:34,62.28,100,
09:34:34,62.28,170,
09:34:36,62.28,400,
09:34:36,62.28,400,
09:34:37,62.29,100,
09:34:39,62.28,100,
09:34:39,62.28,100,
09:34:40,62.28,100,
09:34:40,62.28,100,
09:34:41,62.28,800,
09:34:41,62.28,400,
09:34:41,62.28,200,
09:34:41,62.28,200,
09:34:42,62.28,100,
09:34:42,62.28,100,
09:34:48,62.2799,4000,
09:34:49,62.26,100,
09:34:49,62.26,100,
09:34:50,62.26,1200,
09:34:50,62.26,775,
09:34:59,62.2799,4000,
09:35:00,62.27,361,
09:35:00,62.27,100,
09:35:01,62.26,200,
09:35:06,62.24,200,
09:35:06,62.24,100,
09:35:08,62.23,200,
09:35:08,62.23,1400,
09:35:08,62.23,4000,
09:35:08,62.23,500,
09:35:08,62.23,800,
09:35:08,62.23,800,
09:35:08,62.23,2500,
09:35:08,62.23,300,
09:35:08,62.23,200,
09:35:08,62.23,200,
09:35:08,62.23,800,
09:35:08,62.23,400,
09:35:08,62.23,600,
09:35:08,62.23,400,
09:35:08,62.23,200,
09:35:08,62.22,800,
09:35:08,62.22,2500,
09:35:08,62.22,150,
09:35:08,62.22,400,
09:35:08,62.22,200,
09:35:08,62.22,400,
09:35:08,62.22,1600,
09:35:08,62.22,100,
09:35:09,62.22,200,
09:35:09,62.22,200,
09:35:09,62.22,800,
09:35:09,62.22,100,
09:35:09,62.22,400,
09:35:09,62.22,500,
09:35:09,62.22,1500,
09:35:09,62.22,200,
09:35:09,62.22,800,
09:35:09,62.22,800,
09:35:09,62.22,400,
09:35:09,62.2199,300,
09:35:09,62.21,3450,
09:35:09,62.21,1000,
09:35:09,62.22,300,
09:35:09,62.21,1000,
09:35:09,62.21,1000,
09:35:09,62.21,200,
09:35:09,62.21,800,
09:35:09,62.21,800,
09:35:09,62.21,200,
09:35:09,62.21,300,
09:35:09,62.21,800,
09:35:09,62.21,100,
09:35:09,62.21,100,
09:35:09,62.21,800,
09:35:09,62.21,975,
09:35:09,62.21,300,
09:35:09,62.2101,3000,
09:35:09,62.21,100,
09:35:09,62.21,273,
09:35:09,62.2099,273,
09:35:09,62.20,400,
09:35:09,62.21,500,
09:35:09,62.21,1100,
09:35:09,62.21,800,
09:35:09,62.20,2000,
09:35:09,62.21,600,
09:35:09,62.21,1425,
09:35:09,62.21,100,
09:35:09,62.21,100,
09:35:09,62.21,400,
09:35:10,62.20,4100,
09:35:10,62.20,1250,
09:35:10,62.20,100,
09:35:10,62.20,100,
09:35:10,62.20,100,
09:35:11,62.20,100,
09:35:15,62.19,200,
09:35:15,62.19,200,
09:35:15,62.1899,300,
09:35:16,62.19,200,
09:35:16,62.20,200,
09:35:16,62.20,100,
09:35:16,62.20,2500,
09:35:17,62.19,200,
09:35:17,62.19,400,
09:35:17,62.19,100,
09:35:18,62.18,100,
09:35:18,62.18,300,
09:35:18,62.18,100,
09:35:19,62.19,100,
09:35:19,62.19,600,
09:35:19,62.19,2000,
09:35:21,62.20,100,
09:35:21,62.20,200,
09:35:24,62.19,600,
09:35:24,62.19,400,
09:35:24,62.19,100,
09:35:24,62.19,180,
09:35:25,62.19,140,
09:35:25,62.20,300,
09:35:25,62.20,200,
09:35:25,62.20,200,
09:35:25,62.20,200,
09:35:26,62.19,100,
09:35:26,62.19,100,
09:35:27,62.18,200,
09:35:27,62.18,100,
09:35:27,62.18,800,
09:35:27,62.18,100,
09:35:27,62.18,500,
09:35:27,62.19,200,
09:35:27,62.19,200,
09:35:27,62.19,320,
09:35:28,62.19,100,
09:35:30,62.18,100,
09:35:31,62.18,1000,
09:35:31,62.18,200,
09:35:31,62.18,200,
09:35:31,62.18,200,
09:35:31,62.18,100,
09:35:34,62.20,200,
09:35:36,62.19,200,
09:35:36,62.18,100,
09:35:37,62.19,200,
09:35:37,62.19,200,
09:35:37,62.19,100,
09:35:38,62.20,100,
09:35:38,62.20,100,
09:35:38,62.20,100,
09:35:39,62.20,100,
09:35:41,62.20,100,
09:35:42,62.19,200,
09:35:42,62.19,200,
09:35:42,62.19,800,
09:35:42,62.19,800,
09:35:46,62.19,100,
09:35:46,62.19,2800,
09:35:46,62.18,1100,
09:35:46,62.18,800,
09:35:46,62.18,800,
09:35:46,62.18,200,
09:35:46,62.18,100,
09:35:46,62.19,100,
09:35:49,62.18,100,
09:35:49,62.19,200,
09:35:49,62.19,200,
09:35:49,62.19,100,
09:35:49,62.19,500,
09:35:49,62.19,200,
09:35:49,62.19,300,
09:35:50,62.19,400,
09:35:50,62.18,400,
09:35:50,62.18,200,
09:35:52,62.19,100,
09:35:54,62.20,300,
09:35:54,62.20,800,
09:35:54,62.19,900,
09:35:55,62.19,300,
09:35:58,62.1899,5800,
09:36:00,62.181,1000,
09:36:00,62.19,100,
09:36:00,62.19,100,
09:36:03,62.191,500,
09:36:03,62.19,100,
09:36:03,62.19,100,
09:36:04,62.19,100,
09:36:08,62.19,1300,
09:36:08,62.1901,100,
09:36:08,62.19,125,
09:36:08,62.19,100,
09:36:09,62.19,200,
09:36:10,62.20,100,
09:36:10,62.20,100,
09:36:10,62.20,300,
09:36:10,62.20,100,
09:36:10,62.20,100,
09:36:11,62.21,100,
09:36:11,62.21,200,
09:36:12,62.20,100,
09:36:14,62.21,100,
09:36:14,62.21,800,
09:36:19,62.21,100,
09:36:22,62.2199,3000,
09:36:25,62.22,200,
09:36:26,62.22,100,
09:36:29,62.22,100,
09:36:31,62.22,100,
09:36:32,62.23,200,
09:36:39,62.22,100,
09:36:39,62.22,100,
09:36:39,62.21,100,
09:36:39,62.21,100,
09:36:39,62.22,100,
09:36:39,62.2177,100,
09:36:40,62.22,235,
09:36:40,62.21,100,
09:36:40,62.2101,200,
09:36:42,62.21,100,
09:36:42,62.21,300,
09:36:42,62.21,100,
09:36:43,62.21,100,
09:36:44,62.20,100,
09:36:44,62.20,100,
09:36:44,62.20,100,
09:36:44,62.20,100,
09:36:44,62.20,100,
09:36:45,62.20,200,
09:36:46,62.20,100,
09:36:46,62.19,200,
09:36:46,62.19,800,
09:36:46,62.19,200,
09:36:46,62.19,800,
09:36:46,62.19,200,
09:36:48,62.1901,100,
09:36:48,62.19,100,
09:36:48,62.19,320,
09:36:50,62.20,100,
09:36:54,62.21,100,
09:36:54,62.20,1900,
09:36:56,62.21,100,
09:36:56,62.20,100,
09:36:59,62.20,800,
09:36:59,62.20,100,
09:36:59,62.19,100,
09:37:00,62.20,469,
09:37:00,62.20,800,
09:37:00,62.20,400,
09:37:00,62.20,100,
09:37:03,62.19,400,
09:37:04,62.19,100,
09:37:04,62.18,200,
09:37:05,62.18,100,
09:37:05,62.18,1700,
09:37:05,62.18,100,
09:37:10,62.17,200,
09:37:10,62.17,100,
09:37:13,62.161,100,
09:37:13,62.16,100,
09:37:13,62.15,100,
09:37:13,62.16,100,
09:37:13,62.16,200,
09:37:13,62.16,180,
09:37:13,62.16,200,
09:37:13,62.16,500,
09:37:13,62.16,200,
09:37:13,62.16,420,
09:37:13,62.16,200,
09:37:17,62.17,100,
09:37:19,62.17,200,
09:37:19,62.17,100,
09:37:23,62.17,100,
09:37:26,62.1701,100,
09:37:26,62.18,200,
09:37:26,62.17,100,
09:37:28,62.18,100,
09:37:31,62.19,100,
09:37:31,62.20,100,
09:37:31,62.20,200,
09:37:33,62.19,100,
09:37:33,62.19,100,
09:37:35,62.18,100,
09:37:36,62.18,400,
09:37:36,62.18,100,
09:37:36,62.18,100,
09:37:37,62.18,100,
09:37:37,62.18,100,
09:37:40,62.18,200,
09:37:40,62.17,100,
09:37:40,62.17,100,
09:37:42,62.16,200,
09:37:45,62.1599,4000,
09:37:45,62.15,200,
09:37:45,62.151,636,
09:37:46,62.145,200,
09:37:49,62.15,100,
09:37:49,62.15,300,
09:37:49,62.15,200,
09:37:49,62.15,100,
09:37:50,62.15,100,
09:37:50,62.15,400,
09:37:50,62.14,100,
09:37:50,62.14,420,
09:37:50,62.14,200,
09:37:50,62.14,100,
09:37:50,62.14,2500,
09:37:50,62.14,400,
09:37:50,62.13,3900,
09:37:50,62.13,400,
09:37:50,62.13,100,
09:37:50,62.13,100,
09:37:50,62.13,100,
09:37:50,62.13,1300,
09:37:50,62.13,200,
09:37:50,62.13,200,
09:37:50,62.13,200,
09:37:50,62.13,200,
09:37:50,62.13,100,
09:37:50,62.13,800,
09:37:50,62.13,2400,
09:37:50,62.13,600,
09:37:50,62.13,200,
09:37:50,62.13,600,
09:37:50,62.13,484,
09:37:56,62.14,2000,
09:37:56,62.14,1000,
09:37:56,62.14,100,
09:37:57,62.14,1500,
09:37:57,62.14,100,
09:38:00,62.14,500,
09:38:00,62.1401,800,
09:38:01,62.14,2800,
09:38:01,62.14,1600,
09:38:03,62.15,300,
09:38:05,62.16,100,
09:38:05,62.17,200,
09:38:06,62.16,100,
09:38:06,62.16,800,
09:38:07,62.15,100,
09:38:09,62.15,200,
09:38:09,62.15,400,
09:38:11,62.14,5600,
09:38:11,62.15,300,
09:38:13,62.16,200,
09:38:13,62.16,200,
09:38:13,62.16,800,
09:38:13,62.16,200,
09:38:13,62.15,200,
09:38:13,62.15,300,
09:38:14,62.15,100,
09:38:15,62.1499,200,
09:38:15,62.1499,200,
09:38:16,62.1499,100,
09:38:16,62.1499,100,
09:38:16,62.15,100,
09:38:18,62.15,100,
09:38:18,62.14,300,
09:38:18,62.14,100,
09:38:18,62.14,300,
09:38:18,62.14,100,
09:38:18,62.14,2000,
09:38:18,62.14,1400,
09:38:20,62.15,100,
09:38:20,62.15,100,
09:38:22,62.14,100,
09:38:24,62.15,100,
09:38:26,62.15,300,
09:38:26,62.15,100,
09:38:27,62.15,100,
09:38:27,62.16,200,
09:38:27,62.15,100,
09:38:31,62.14,700,
09:38:33,62.14,200,
09:38:33,62.14,1656,
09:38:34,62.14,186,
09:38:34,62.14,300,
09:38:34,62.14,200,
09:38:34,62.1401,100,
09:38:35,62.1399,400,
09:38:37,62.131,546,
09:38:38,62.14,100,
09:38:41,62.14,200,
09:38:44,62.13,100,
09:38:44,62.13,100,
09:38:45,62.1299,100,
09:38:46,62.12,600,
09:38:46,62.12,100,
09:38:47,62.11,300,
09:38:48,62.11,200,
09:38:49,62.11,577,
09:38:53,62.1101,100,
09:38:54,62.10,300,
09:38:58,62.11,500,
09:38:58,62.1099,500,
09:38:58,62.1099,220,
09:38:58,62.11,220,
09:38:58,62.1099,200,
09:38:58,62.11,200,
09:38:59,62.11,200,
09:39:00,62.11,100,
09:39:00,62.11,1800,
09:39:00,62.11,1600,
09:39:00,62.11,100,
09:39:00,62.11,1200,
09:39:00,62.11,420,
09:39:00,62.11,240,
09:39:00,62.11,1000,
09:39:00,62.11,4000,
09:39:00,62.11,780,
09:39:00,62.11,200,
09:39:00,62.11,1600,
09:39:00,62.11,400,
09:39:00,62.11,100,
09:39:00,62.11,100,
09:39:01,62.11,11000,
09:39:05,62.1199,300,
09:39:05,62.12,1900,
09:39:07,62.12,300,
09:39:07,62.12,100,
09:39:07,62.11,100,
09:39:08,62.12,500,
09:39:08,62.11,100,
09:39:09,62.11,100,
09:39:12,62.11,2000,
09:39:13,62.11,1900,
09:39:13,62.10,200,
09:39:14,62.10,100,
09:39:17,62.10,100,
09:39:18,62.10,200,
09:39:18,62.10,100,
09:39:18,62.11,100,
09:39:19,62.11,100,
09:39:19,62.11,100,
09:39:20,62.11,500,
09:39:20,62.11,100,
09:39:20,62.11,300,
09:39:20,62.12,2000,
09:39:22,62.12,1500,
09:39:25,62.13,200,
09:39:26,62.12,100,
09:39:28,62.12,500,
09:39:29,62.12,400,
09:39:29,62.12,300,
09:39:29,62.12,400,
09:39:29,62.12,200,
09:39:33,62.11,100,
09:39:33,62.11,100,
09:39:33,62.11,100,
09:39:37,62.11,100,
09:39:37,62.11,100,
09:39:37,62.11,200,
09:39:37,62.11,100,
09:39:37,62.11,1600,
09:39:37,62.1101,200,
09:39:37,62.10,200,
09:39:37,62.10,100,
09:39:37,62.10,200,
09:39:39,62.11,2000,
09:39:41,62.09,100,
09:39:41,62.09,300,
09:39:43,62.09,1000,
09:39:43,62.09,1598,
09:39:43,62.09,1600,
09:39:47,62.09,100,
09:39:48,62.0899,200,
09:39:48,62.09,100,
09:39:48,62.081,600,
09:39:49,62.08,100,
09:39:49,62.09,700,
09:39:49,62.09,200,
09:39:50,62.09,500,
09:39:50,62.09,300,
09:39:51,62.08,300,
09:39:51,62.08,500,
09:39:52,62.07,100,
09:39:52,62.07,900,
09:39:52,62.07,14200,
09:39:52,62.07,200,
09:39:53,62.08,100,
09:39:57,62.0801,2500,
09:39:58,62.09,2000,
09:39:59,62.08,100,
09:39:59,62.08,100,
09:39:59,62.08,100,
09:40:00,62.08,300,
09:40:00,62.09,2400,
09:40:00,62.09,2200,
09:40:01,62.09,100,
09:40:01,62.09,700,
09:40:04,62.10,100,
09:40:06,62.10,100,
09:40:06,62.10,100,
09:40:06,62.10,100,
09:40:06,62.10,500,
09:40:07,62.10,300,
09:40:07,62.10,1900,
09:40:08,62.10,300,
09:40:10,62.10,100,
09:40:10,62.10,100,
09:40:11,62.10,100,
09:40:13,62.11,100,
09:40:13,62.11,800,
09:40:14,62.11,200,
09:40:14,62.11,100,
09:40:14,62.11,200,
09:40:15,62.12,200,
09:40:15,62.11,100,
09:40:17,62.12,300,
09:40:17,62.12,200,
09:40:17,62.1201,200,
09:40:17,62.12,100,
09:40:18,62.13,200,
09:40:18,62.13,300,
09:40:18,62.13,200,
09:40:18,62.13,100,
09:40:18,62.13,100,
09:40:18,62.13,300,
09:40:18,62.13,700,
09:40:18,62.13,100,
09:40:18,62.13,100,
09:40:18,62.13,200,
09:40:19,62.13,200,
09:40:19,62.12,200,
09:40:19,62.12,100,
09:40:19,62.12,100,
09:40:19,62.11,100,
09:40:19,62.11,300,
09:40:19,62.11,600,
09:40:19,62.11,100,
09:40:19,62.11,800,
09:40:19,62.11,200,
09:40:19,62.11,600,
09:40:19,62.11,824,
09:40:19,62.11,170,
09:40:19,62.12,600,
09:40:19,62.12,200,
09:40:19,62.12,200,
09:40:19,62.11,1000,
09:40:19,62.13,100,
09:40:19,62.13,100,
09:40:19,62.13,100,
09:40:19,62.13,200,
09:40:19,62.13,2000,
09:40:19,62.13,800,
09:40:19,62.13,200,
09:40:19,62.13,3200,
09:40:19,62.135,3000,
09:40:20,62.13,1600,
09:40:20,62.13,100,
09:40:20,62.13,300,
09:40:20,62.13,800,
09:40:20,62.13,100,
09:40:20,62.13,1000,
09:40:20,62.13,1900,
09:40:20,62.12,100,
09:40:20,62.12,100,
09:40:20,62.12,300,
09:40:20,62.12,500,
09:40:20,62.12,1600,
09:40:20,62.1199,100,
09:40:20,62.12,800,
09:40:20,62.1201,400,
09:40:24,62.13,100,
09:40:24,62.13,200,
09:40:24,62.13,1400,
09:40:25,62.13,100,
09:40:25,62.13,100,
09:40:25,62.14,300,
09:40:25,62.14,100,
09:40:25,62.14,100,
09:40:25,62.14,100,
09:40:25,62.14,200,
09:40:25,62.14,500,
09:40:25,62.14,1100,
09:40:25,62.14,1600,
09:40:25,62.14,1600,
09:40:25,62.14,2000,
09:40:25,62.14,200,
09:40:25,62.14,200,
09:40:25,62.14,100,
09:40:25,62.14,500,
09:40:25,62.14,200,
09:40:25,62.14,200,
09:40:25,62.14,300,
09:40:25,62.14,800,
09:40:25,62.14,1200,
09:40:25,62.14,1700,
09:40:26,62.14,100,
09:40:26,62.13,100,
09:40:27,62.13,100,
09:40:30,62.14,200,
09:40:33,62.14,200,
09:40:34,62.13,100,
09:40:37,62.13,200,
09:40:37,62.13,100,
09:40:41,62.1227,400,
09:40:43,62.13,100,
09:40:43,62.12,100,
09:40:43,62.12,187,
09:40:43,62.12,200,
09:40:43,62.12,800,
09:40:43,62.12,200,
09:40:43,62.12,400,
09:40:43,62.12,2000,
09:40:43,62.11,100,
09:40:44,62.1199,400,
09:40:45,62.11,500,
09:40:47,62.11,100,
09:40:47,62.11,200,
09:40:47,62.11,100,
09:40:50,62.11,100,
09:40:50,62.105,100,
09:40:54,62.11,200,
09:40:54,62.12,200,
09:40:54,62.12,100,
09:40:54,62.12,2678,
09:40:54,62.12,500,
09:40:54,62.12,500,
09:40:56,62.13,300,
09:40:56,62.13,500,
09:40:56,62.13,1400,
09:40:56,62.13,1500,
09:40:56,62.13,100,
09:40:56,62.13,800,
09:40:56,62.13,196,
09:40:56,62.13,124,
09:40:58,62.13,700,
09:40:58,62.13,100,
09:40:58,62.13,200,
09:40:59,62.14,250,
09:40:59,62.14,800,
09:41:00,62.15,100,
09:41:00,62.15,100,
09:41:01,62.14,100,
09:41:02,62.15,200,
09:41:04,62.15,100,
09:41:04,62.14,100,
09:41:04,62.14,100,
09:41:04,62.14,100,
09:41:04,62.14,100,
09:41:04,62.14,500,
09:41:04,62.14,500,
09:41:07,62.15,200,
09:41:07,62.14,800,
09:41:07,62.15,600,
09:41:08,62.14,100,
09:41:08,62.15,200,
09:41:11,62.1455,178,
09:41:13,62.148,200,
09:41:14,62.14,100,
09:41:15,62.14,100,
09:41:15,62.14,200,
09:41:15,62.14,400,
09:41:15,62.14,600,
09:41:15,62.14,400,
09:41:16,62.142,6700,
09:41:16,62.14,200,
09:41:16,62.13,100,
09:41:16,62.13,100,
09:41:18,62.14,100,
09:41:19,62.14,300,
09:41:19,62.14,200,
09:41:20,62.14,200,
09:41:20,62.13,100,
09:41:23,62.138,200,
09:41:25,62.13,2000,
09:41:25,62.13,2500,
09:41:25,62.13,2500,
09:41:25,62.13,2000,
09:41:25,62.13,100,
09:41:25,62.13,100,
09:41:25,62.13,100,
09:41:25,62.13,300,
09:41:25,62.13,1000,
09:41:25,62.13,1400,
09:41:25,62.13,200,
09:41:26,62.1309,400,
09:41:26,62.13,200,
09:41:26,62.13,100,
09:41:28,62.13,185,
09:41:30,62.12,100,
09:41:30,62.12,100,
09:41:30,62.12,400,
09:41:31,62.12,100,
09:41:31,62.12,1000,
09:41:32,62.12,200,
09:41:32,62.12,200,
09:41:32,62.12,800,
09:41:32,62.12,100,
09:41:32,62.12,1000,
09:41:33,62.11,100,
09:41:33,62.12,100,
09:41:38,62.12,1000,
09:41:38,62.12,100,
09:41:38,62.12,100,
09:41:38,62.12,200,
09:41:38,62.12,800,
09:41:38,62.12,100,
09:41:38,62.12,1400,
09:41:38,62.12,400,
09:41:38,62.12,900,
09:41:38,62.12,200,
09:41:38,62.12,400,
09:41:38,62.12,100,
09:41:38,62.12,100,
09:41:38,62.128,200,
09:41:40,62.12,100,
09:41:40,62.12,100,
09:41:40,62.12,400,
09:41:40,62.13,100,
09:41:40,62.13,200,
09:41:40,62.13,100,
09:41:43,62.13,700,
09:41:43,62.13,2000,
09:41:43,62.13,2000,
09:41:43,62.13,100,
09:41:43,62.13,100,
09:41:44,62.14,100,
09:41:44,62.14,200,
09:41:44,62.14,100,
09:41:45,62.13,100,
09:41:45,62.14,100,
09:41:45,62.15,500,
09:41:46,62.14,200,
09:41:46,62.14,200,
09:41:46,62.14,200,
09:41:46,62.135,100,
09:41:47,62.14,100,
09:41:51,62.14,100,
09:41:51,62.14,100,
09:41:51,62.13,300,
09:41:51,62.13,100,
09:41:52,62.13,100,
09:41:52,62.13,600,
09:41:52,62.13,600,
09:41:52,62.13,100,
09:41:52,62.13,444,
09:41:53,62.13,200,
09:41:53,62.13,200,
09:41:54,62.1301,560,
09:41:55,62.13,300,
09:41:55,62.13,200,
09:41:55,62.13,200,
09:41:55,62.13,100,
09:41:55,62.14,300,
09:41:55,62.14,500,
09:41:55,62.15,100,
09:41:55,62.15,100,
09:41:55,62.13,400,
09:41:55,62.14,200,
09:41:55,62.14,700,
09:41:55,62.14,800,
09:41:55,62.14,800,
09:41:55,62.14,100,
09:41:55,62.14,200,
09:41:55,62.14,400,
09:41:55,62.14,200,
09:41:55,62.14,200,
09:41:55,62.14,200,
09:41:55,62.14,400,
09:41:55,62.14,100,
09:41:55,62.14,200,
09:41:55,62.14,400,
09:41:55,62.14,100,
09:41:55,62.14,100,
09:41:58,62.13,100,
09:41:58,62.13,100,
09:41:58,62.12,100,
09:41:58,62.12,100,
09:41:58,62.12,100,
09:41:58,62.12,200,
09:41:58,62.12,200,
09:41:58,62.11,100,
09:41:58,62.11,800,
09:41:58,62.11,100,
09:41:58,62.12,800,
09:41:58,62.13,600,
09:41:58,62.13,300,
09:41:58,62.13,100,
09:41:58,62.13,142,
09:41:58,62.13,142,
09:42:00,62.11,1000,
09:42:00,62.11,400,
09:42:00,62.11,500,
09:42:00,62.11,400,
09:42:00,62.11,400,
09:42:00,62.11,100,
09:42:00,62.12,1000,
09:42:00,62.12,200,
09:42:00,62.12,800,
09:42:00,62.12,100,
09:42:00,62.12,800,
09:42:00,62.13,800,
09:42:00,62.13,1400,
09:42:00,62.10,100,
09:42:00,62.11,1600,
09:42:00,62.12,1500,
09:42:00,62.10,300,
09:42:00,62.09,200,
09:42:00,62.08,800,
09:42:00,62.12,100,
09:42:00,62.10,1200,
09:42:00,62.10,100,
09:42:00,62.11,400,
09:42:00,62.10,400,
09:42:00,62.08,800,
09:42:00,62.08,800,
09:42:00,62.09,100,
09:42:00,62.09,800,
09:42:00,62.09,800,
09:42:00,62.09,600,
09:42:00,62.10,1000,
09:42:00,62.07,3100,
09:42:00,62.08,3500,
09:42:00,62.11,200,
09:42:00,62.11,200,
09:42:00,62.07,100,
09:42:00,62.11,200,
09:42:00,62.11,100,
09:42:00,62.06,232,
09:42:00,62.07,400,
09:42:00,62.06,568,
09:42:00,62.10,400,
09:42:00,62.07,300,
09:42:00,62.08,200,
09:42:00,62.08,332,
09:42:00,62.07,400,
09:42:00,62.07,100,
09:42:00,62.07,500,
09:42:00,62.07,100,
09:42:00,62.07,800,
09:42:00,62.06,400,
09:42:00,62.07,630,
09:42:00,62.07,700,
09:42:00,62.07,500,
09:42:00,62.08,100,
09:42:00,62.08,100,
09:42:00,62.08,100,
09:42:00,62.08,450,
09:42:00,62.08,100,
09:42:00,62.04,1000,
09:42:00,62.04,400,
09:42:00,62.08,100,
09:42:00,62.07,100,
09:42:00,62.07,100,
09:42:00,62.07,100,
09:42:00,62.07,200,
09:42:00,62.07,100,
09:42:00,62.07,300,
09:42:00,62.07,100,
09:42:00,62.07,800,
09:42:00,62.07,200,
09:42:00,62.07,200,
09:42:00,62.07,100,
09:42:00,62.07,200,
09:42:00,62.07,200,
09:42:00,62.07,800,
09:42:00,62.07,100,
09:42:00,62.07,100,
09:42:00,62.07,650,
09:42:00,62.06,332,
09:42:00,62.06,200,
09:42:00,62.07,100,
09:42:00,62.07,100,
09:42:00,62.07,100,
09:42:00,62.07,2000,
09:42:00,62.06,816,
09:42:00,62.07,2100,
09:42:00,62.07,800,
09:42:00,62.07,800,
09:42:00,62.07,100,
09:42:00,62.07,200,
09:42:00,62.07,200,
09:42:00,62.07,200,
09:42:00,62.07,200,
09:42:00,62.07,300,
09:42:00,62.07,300,
09:42:00,62.07,500,
09:42:00,62.07,100,
09:42:00,62.07,100,
09:42:00,62.07,300,
09:42:00,62.07,200,
09:42:00,62.06,500,
09:42:00,62.07,700,
09:42:00,62.07,1000,
09:42:00,62.07,800,
09:42:00,62.07,800,
09:42:00,62.07,900,
09:42:00,62.07,100,
09:42:00,62.07,1200,
09:42:00,62.07,650,
09:42:00,62.07,100,
09:42:00,62.07,281,
09:42:00,62.07,100,
09:42:00,62.06,100,
09:42:00,62.06,1600,
09:42:00,62.06,800,
09:42:00,62.06,800,
09:42:00,62.06,100,
09:42:00,62.06,231,
09:42:00,62.06,800,
09:42:00,62.06,200,
09:42:00,62.06,1800,
09:42:00,62.04,400,
09:42:00,62.04,242,
09:42:00,62.04,750,
09:42:00,62.04,100,
09:42:00,62.04,100,
09:42:00,62.04,1700,
09:42:00,62.05,100,
09:42:00,62.05,100,
09:42:00,62.05,100,
09:42:00,62.05,100,
09:42:00,62.05,683,
09:42:00,62.05,800,
09:42:00,62.05,200,
09:42:00,62.05,1100,
09:42:00,62.06,100,
09:42:00,62.07,100,
09:42:00,62.05,317,
09:42:00,62.06,100,
09:42:00,62.06,100,
09:42:00,62.05,100,
09:42:00,62.05,100,
09:42:00,62.05,100,
09:42:00,62.05,116,
09:42:00,62.06,300,
09:42:00,62.06,100,
09:42:00,62.06,400,
09:42:00,62.07,100,
09:42:00,62.06,300,
09:42:00,62.07,200,
09:42:00,62.07,100,
09:42:00,62.07,200,
09:42:00,62.07,200,
09:42:00,62.06,100,
09:42:00,62.06,200,
09:42:00,62.06,100,
09:42:00,62.07,300,
09:42:00,62.07,300,
09:42:00,62.06,600,
09:42:00,62.05,300,
09:42:00,62.05,200,
09:42:00,62.05,200,
09:42:00,62.07,200,
09:42:00,62.05,100,
09:42:00,62.05,100,
09:42:00,62.045,500,
09:42:00,62.05,100,
09:42:00,62.05,100,
09:42:00,62.06,200,
09:42:01,62.06,2300,
09:42:01,62.06,600,
09:42:01,62.06,100,
09:42:01,62.05,700,
09:42:01,62.05,100,
09:42:01,62.05,200,
09:42:01,62.05,200,
09:42:01,62.05,200,
09:42:01,62.05,200,
09:42:01,62.05,100,
09:42:01,62.05,100,
09:42:01,62.05,100,
09:42:01,62.06,200,
09:42:01,62.05,950,
09:42:01,62.05,200,
09:42:01,62.05,800,
09:42:01,62.05,200,
09:42:01,62.06,200,
09:42:01,62.06,2600,
09:42:01,62.05,200,
09:42:01,62.05,100,
09:42:01,62.05,200,
09:42:01,62.04,100,
09:42:01,62.04,100,
09:42:01,62.04,100,
09:42:02,62.05,100,
09:42:02,62.05,100,
09:42:02,62.05,100,
09:42:02,62.05,200,
09:42:02,62.05,100,
09:42:02,62.05,800,
09:42:02,62.05,300,
09:42:02,62.05,100,
09:42:02,62.05,100,
09:42:02,62.05,100,
09:42:02,62.05,300,
09:42:02,62.05,400,
09:42:02,62.05,400,
09:42:02,62.04,200,
09:42:02,62.04,100,
09:42:02,62.04,100,
09:42:02,62.03,1300,
09:42:02,62.04,100,
09:42:02,62.03,500,
09:42:02,62.03,200,
09:42:02,62.03,300,
09:42:02,62.03,800,
09:42:02,62.03,1100,
09:42:02,62.03,200,
09:42:02,62.03,300,
09:42:02,62.03,100,
09:42:02,62.03,300,
09:42:03,62.03,100,
09:42:03,62.03,400,
09:42:03,62.03,100,
09:42:03,62.03,100,
09:42:03,62.04,100,
09:42:03,62.04,100,
09:42:03,62.05,100,
09:42:03,62.04,100,
09:42:03,62.05,100,
09:42:03,62.05,100,
09:42:03,62.05,200,
09:42:03,62.05,300,
09:42:03,62.05,900,
09:42:03,62.05,200,
09:42:03,62.04,800,
09:42:03,62.04,200,
09:42:03,62.04,100,
09:42:03,62.04,100,
09:42:03,62.04,100,
09:42:03,62.04,500,
09:42:03,62.04,800,
09:42:03,62.04,200,
09:42:03,62.05,582,
09:42:03,62.05,200,
09:42:04,62.05,106,
09:42:04,62.05,450,
09:42:04,62.05,200,
09:42:05,62.05,800,
09:42:05,62.04,200,
09:42:05,62.05,600,
09:42:05,62.05,1000,
09:42:06,62.04,100,
09:42:06,62.04,700,
09:42:06,62.04,100,
09:42:06,62.04,100,
09:42:06,62.04,300,
09:42:06,62.04,100,
09:42:06,62.04,1000,
09:42:06,62.04,300,
09:42:06,62.04,800,
09:42:06,62.04,800,
09:42:06,62.04,200,
09:42:06,62.05,100,
09:42:06,62.05,300,
09:42:06,62.05,100,
09:42:06,62.05,800,
09:42:06,62.04,100,
09:42:06,62.04,200,
09:42:06,62.04,200,
09:42:06,62.04,100,
09:42:06,62.04,700,
09:42:06,62.04,200,
09:42:06,62.05,100,
09:42:07,62.05,100,
09:42:07,62.04,100,
09:42:07,62.04,100,
09:42:07,62.04,364,
09:42:07,62.04,100,
09:42:07,62.04,100,
09:42:07,62.04,499,
09:42:07,62.04,200,
09:42:07,62.0401,3000,
09:42:08,62.04,100,
09:42:08,62.04,800,
09:42:08,62.04,200,
09:42:08,62.04,200,
09:42:08,62.04,200,
09:42:08,62.02,700,
09:42:08,62.02,400,
09:42:08,62.02,100,
09:42:08,62.02,100,
09:42:08,62.03,200,
09:42:08,62.03,200,
09:42:08,62.03,200,
09:42:08,62.02,100,
09:42:08,62.03,300,
09:42:08,62.04,100,
09:42:08,62.04,300,
09:42:08,62.04,200,
09:42:08,62.05,300,
09:42:08,62.05,200,
09:42:08,62.05,100,
09:42:08,62.05,100,
09:42:08,62.05,600,
09:42:09,62.04,100,
09:42:09,62.04,100,
09:42:09,62.04,300,
09:42:09,62.04,100,
09:42:10,62.04,100,
09:42:10,62.04,1000,
09:42:10,62.04,100,
09:42:10,62.05,100,
09:42:10,62.06,100,
09:42:10,62.05,300,
09:42:10,62.05,100,
09:42:10,62.04,100,
09:42:10,62.04,100,
09:42:10,62.04,100,
09:42:10,62.0399,408,
09:42:10,62.04,400,
09:42:10,62.05,500,
09:42:10,62.05,600,
09:42:10,62.05,100,
09:42:10,62.05,100,
09:42:10,62.05,800,
09:42:10,62.04,100,
09:42:10,62.04,100,
09:42:10,62.04,200,
09:42:10,62.04,400,
09:42:10,62.04,700,
09:42:10,62.041,1200,
09:42:10,62.04,450,
09:42:10,62.04,100,
09:42:10,62.04,100,
09:42:10,62.04,800,
09:42:10,62.04,391,
09:42:10,62.05,100,
09:42:10,62.04,200,
09:42:10,62.05,100,
09:42:10,62.05,200,
09:42:10,62.05,600,
09:42:10,62.04,700,
09:42:10,62.04,600,
09:42:11,62.04,100,
09:42:12,62.04,400,
09:42:12,62.04,100,
09:42:12,62.04,200,
09:42:12,62.04,100,
09:42:12,62.04,100,
09:42:12,62.04,100,
09:42:13,62.05,800,
09:42:13,62.05,1000,
09:42:13,62.05,2000,
09:42:13,62.05,100,
09:42:13,62.05,100,
09:42:13,62.05,2000,
09:42:13,62.05,500,
09:42:13,62.05,200,
09:42:13,62.05,300,
09:42:13,62.05,200,
09:42:13,62.05,800,
09:42:13,62.05,100,
09:42:14,62.05,100,
09:42:14,62.04,300,
09:42:15,62.05,300,
09:42:15,62.05,200,
09:42:15,62.05,200,
09:42:15,62.05,100,
09:42:15,62.05,200,
09:42:16,62.05,600,
09:42:16,62.05,200,
09:42:16,62.05,300,
09:42:17,62.05,100,
09:42:17,62.05,100,
09:42:17,62.05,100,
09:42:17,62.05,100,
09:42:17,62.05,200,
09:42:17,62.06,400,
09:42:19,62.05,600,
09:42:20,62.05,100,
09:42:20,62.05,100,
09:42:21,62.05,100,
09:42:21,62.03,900,
09:42:21,62.03,200,
09:42:21,62.04,200,
09:42:21,62.04,100,
09:42:21,62.05,100,
09:42:23,62.05,100,
09:42:23,62.05,300,
09:42:24,62.06,100,
09:42:25,62.06,1000,
09:42:25,62.06,1100,
09:42:25,62.06,100,
09:42:25,62.06,100,
09:42:26,62.07,100,
09:42:26,62.07,100,
09:42:26,62.0699,2000,
09:42:27,62.08,100,
09:42:27,62.08,100,
09:42:27,62.08,300,
09:42:27,62.08,100,
09:42:27,62.08,100,
09:42:27,62.08,100,
09:42:27,62.08,200,
09:42:27,62.08,100,
09:42:27,62.08,100,
09:42:27,62.08,100,
09:42:27,62.08,100,
09:42:28,62.08,2000,
09:42:28,62.08,100,
09:42:28,62.08,200,
09:42:28,62.08,400,
09:42:28,62.08,100,
09:42:28,62.08,100,
09:42:28,62.08,100,
09:42:28,62.08,100,
09:42:28,62.08,100,
09:42:28,62.08,200,
09:42:28,62.08,491,
09:42:28,62.08,190,
09:42:28,62.09,300,
09:42:29,62.10,200,
09:42:29,62.10,100,
09:42:29,62.11,400,
09:42:29,62.11,100,
09:42:29,62.11,100,
09:42:29,62.10,500,
09:42:29,62.10,200,
09:42:29,62.10,800,
09:42:29,62.10,100,
09:42:30,62.0959,100,
09:42:31,62.08,100,
09:42:31,62.10,600,
09:42:31,62.09,300,
09:42:31,62.09,800,
09:42:31,62.09,600,
09:42:33,62.09,119,
09:42:33,62.09,100,
09:42:33,62.08,400,
09:42:34,62.07,100,
09:42:34,62.06,100,
09:42:34,62.06,400,
09:42:34,62.06,800,
09:42:34,62.06,400,
09:42:34,62.07,100,
09:42:35,62.07,100,
09:42:35,62.07,100,
09:42:35,62.07,100,
09:42:36,62.07,100,
09:42:37,62.06,100,
09:42:38,62.06,200,
09:42:38,62.05,100,
09:42:38,62.05,400,
09:42:38,62.05,2300,
09:42:39,62.07,100,
09:42:39,62.07,100,
09:42:40,62.07,200,
09:42:40,62.06,100,
09:42:41,62.06,100,
09:42:41,62.05,600,
09:42:41,62.05,136,
09:42:42,62.05,100,
09:42:43,62.04,300,
09:42:43,62.05,200,
09:42:43,62.04,100,
09:42:44,62.05,100,
09:42:44,62.05,400,
09:42:44,62.05,200,
09:42:45,62.05,300,
09:42:45,62.05,800,
09:42:45,62.05,100,
09:42:45,62.05,300,
09:42:45,62.05,600,
09:42:45,62.05,200,
09:42:45,62.05,200,
09:42:45,62.05,100,
09:42:45,62.05,100,
09:42:45,62.05,3500,
09:42:45,62.05,100,
09:42:46,62.04,3200,
09:42:46,62.04,600,
09:42:46,62.04,100,
09:42:46,62.04,100,
09:42:46,62.04,200,
09:42:46,62.04,100,
09:42:47,62.04,100,
09:42:47,62.03,100,
09:42:47,62.03,200,
09:42:47,62.03,200,
09:42:47,62.03,1500,
09:42:47,62.03,100,
09:42:47,62.04,100,
09:42:48,62.05,100,
09:42:48,62.05,100,
09:42:48,62.04,100,
09:42:48,62.0406,100,
09:42:48,62.0492,100,
09:42:52,62.03,400,
09:42:52,62.03,100,
09:42:52,62.03,200,
09:42:52,62.02,200,
09:42:53,62.02,200,
09:42:53,62.02,100,
09:42:53,62.01,300,
09:42:53,62.01,800,
09:42:54,62.02,415,
09:42:54,62.02,500,
09:42:55,62.02,100,
09:42:55,62.01,300,
09:42:58,62.02,100,
09:42:58,62.02,100,
09:42:58,62.02,100,
09:42:58,62.02,100,
09:42:58,62.02,300,
09:42:58,62.02,100,
09:42:58,62.02,300,
09:42:58,62.02,420,
09:42:58,62.02,300,
09:42:58,62.02,100,
09:42:58,62.02,500,
09:42:59,62.03,521,
09:43:00,62.03,100,
09:43:00,62.03,100,
09:43:00,62.04,400,
09:43:02,62.03,100,
09:43:02,62.03,200,
09:43:02,62.03,200,
09:43:02,62.03,100,
09:43:02,62.0212,300,
09:43:02,62.02,300,
09:43:04,62.0316,100,
09:43:04,62.03,400,
09:43:04,62.03,200,
09:43:04,62.03,200,
09:43:04,62.03,100,
09:43:04,62.03,300,
09:43:04,62.03,200,
09:43:04,62.03,200,
09:43:04,62.03,200,
09:43:04,62.03,300,
09:43:04,62.03,100,
09:43:04,62.03,600,
09:43:04,62.03,200,
09:43:05,62.04,100,
09:43:05,62.04,300,
09:43:05,62.04,100,
09:43:06,62.04,100,
09:43:06,62.04,800,
09:43:06,62.04,100,
09:43:06,62.04,100,
09:43:06,62.04,300,
09:43:07,62.05,100,
09:43:07,62.05,100,
09:43:07,62.05,100,
09:43:07,62.05,300,
09:43:07,62.04,200,
09:43:07,62.04,200,
09:43:07,62.04,2000,
09:43:07,62.04,100,
09:43:07,62.04,100,
09:43:07,62.04,800,
09:43:07,62.04,2000,
09:43:07,62.05,184,
09:43:07,62.05,279,
09:43:07,62.05,100,
09:43:07,62.04,100,
09:43:07,62.04,1000,
09:43:09,62.04,100,
09:43:09,62.04,200,
09:43:09,62.04,300,
09:43:09,62.04,100,
09:43:09,62.04,800,
09:43:09,62.04,200,
09:43:09,62.04,200,
09:43:09,62.05,800,
09:43:09,62.05,400,
09:43:09,62.05,100,
09:43:09,62.05,1000,
09:43:09,62.05,800,
09:43:09,62.05,200,
09:43:09,62.05,800,
09:43:09,62.05,200,
09:43:09,62.05,100,
09:43:09,62.05,200,
09:43:09,62.04,100,
09:43:09,62.04,300,
09:43:10,62.04,300,
09:43:10,62.04,100,
09:43:10,62.04,500,
09:43:10,62.04,500,
09:43:10,62.04,200,
09:43:10,62.04,200,
09:43:10,62.04,100,
09:43:10,62.02,300,
09:43:10,62.04,200,
09:43:10,62.04,200,
09:43:10,62.04,800,
09:43:10,62.04,200,
09:43:10,62.04,200,
09:43:10,62.02,400,
09:43:10,62.03,100,
09:43:10,62.03,1000,
09:43:10,62.03,200,
09:43:10,62.03,100,
09:43:10,62.03,100,
09:43:10,62.02,200,
09:43:10,62.02,100,
09:43:10,62.02,200,
09:43:10,62.04,200,
09:43:10,62.03,100,
09:43:11,62.03,100,
09:43:11,62.02,200,
09:43:11,62.02,300,
09:43:11,62.02,600,
09:43:11,62.01,1000,
09:43:11,62.01,1000,
09:43:11,62.01,1000,
09:43:11,62.01,900,
09:43:11,62,400,
09:43:11,62,200,
09:43:11,62,200,
09:43:11,62,200,
09:43:11,62,400,
09:43:11,62,100,
09:43:11,62,282,
09:43:11,62,1698,
09:43:11,61.99,400,
09:43:11,61.99,100,
09:43:11,62,400,
09:43:11,61.99,100,
09:43:11,61.99,200,
09:43:11,61.99,300,
09:43:11,61.99,900,
09:43:11,62,200,
09:43:11,62,800,
09:43:11,62,400,
09:43:11,62,200,
09:43:11,62,100,
09:43:11,62,100,
09:43:11,62,100,
09:43:11,62,200,
09:43:11,61.99,200,
09:43:11,62,117,
09:43:11,62,383,
09:43:11,62,300,
09:43:11,62,3383,
09:43:11,61.99,900,
09:43:11,61.98,800,
09:43:11,61.98,100,
09:43:11,61.98,100,
09:43:11,61.98,100,
09:43:11,61.98,1200,
09:43:11,61.99,117,
09:43:11,61.99,300,
09:43:11,61.99,100,
09:43:11,61.99,100,
09:43:11,61.99,1583,
09:43:11,61.99,300,
09:43:11,61.99,517,
09:43:11,61.99,283,
09:43:11,61.99,1500,
09:43:11,61.99,200,
09:43:11,61.99,191,
09:43:11,61.99,109,
09:43:11,61.99,500,
09:43:11,61.99,800,
09:43:11,61.99,200,
09:43:11,61.99,200,
09:43:11,61.99,117,
09:43:11,61.99,500,
09:43:11,61.98,400,
09:43:11,61.99,198,
09:43:11,61.99,200,
09:43:11,61.98,1600,
09:43:11,61.99,900,
09:43:11,61.99,200,
09:43:11,61.98,100,
09:43:11,61.99,800,
09:43:11,61.99,200,
09:43:11,61.99,800,
09:43:11,61.99,200,
09:43:11,61.98,816,
09:43:11,61.99,1800,
09:43:11,61.99,200,
09:43:11,61.99,200,
09:43:11,62,200,
09:43:11,61.99,300,
09:43:11,61.99,100,
09:43:11,61.99,800,
09:43:11,61.98,1084,
09:43:11,62,100,
09:43:11,61.99,1100,
09:43:11,61.98,500,
09:43:11,61.99,200,
09:43:11,61.99,100,
09:43:11,61.98,300,
09:43:11,61.98,300,
09:43:11,62,2200,
09:43:11,61.98,800,
09:43:11,61.98,100,
09:43:11,61.98,400,
09:43:11,62,300,
09:43:11,62,200,
09:43:11,62,200,
09:43:11,62,1800,
09:43:11,62,5500,
09:43:11,61.99,100,
09:43:11,61.99,100,
09:43:11,61.99,100,
09:43:11,61.99,200,
09:43:11,61.99,100,
09:43:11,61.99,100,
09:43:12,62,200,
09:43:12,62,700,
09:43:12,62,1800,
09:43:12,62,2300,
09:43:12,62,200,
09:43:12,62,500,
09:43:12,61.98,383,
09:43:12,61.99,300,
09:43:12,61.98,151,
09:43:12,61.98,1700,
09:43:12,61.98,200,
09:43:12,61.98,200,
09:43:12,61.98,200,
09:43:12,61.99,200,
09:43:12,61.99,100,
09:43:12,61.99,200,
09:43:12,61.99,100,
09:43:12,61.98,300,
09:43:12,61.98,100,
09:43:12,61.98,200,
09:43:12,61.98,800,
09:43:12,61.98,100,
09:43:12,61.99,200,
09:43:12,61.99,200,
09:43:12,61.98,1300,
09:43:12,61.99,200,
09:43:12,61.98,200,
09:43:12,61.98,148,
09:43:12,61.98,200,
09:43:12,61.98,200,
09:43:12,61.98,452,
09:43:13,61.99,500,
09:43:13,61.99,400,
09:43:13,62,600,
09:43:13,62,200,
09:43:14,62,300,
09:43:14,62,100,
09:43:16,62,200,
09:43:16,62,200,
09:43:16,62,300,
09:43:16,62,900,
09:43:16,62.0045,132,
09:43:17,62.01,300,
09:43:17,62.01,100,
09:43:17,62.01,100,
09:43:17,62.01,200,
09:43:17,62.01,100,
09:43:17,62.01,100,
09:43:17,62.01,200,
09:43:17,62.01,100,
09:43:17,62.01,300,
09:43:17,62.01,100,
09:43:17,62.01,100,
09:43:17,62.01,100,
09:43:18,62.01,2000,
09:43:18,62.01,200,
09:43:18,62.01,2000,
09:43:18,62.01,300,
09:43:18,62.02,100,
09:43:18,62.01,100,
09:43:19,62.01,100,
09:43:20,62.01,100,
09:43:20,62.01,100,
09:43:20,62.02,200,
09:43:20,62.015,100,
09:43:20,62.02,100,
09:43:20,62.01,100,
09:43:20,62.01,800,
09:43:20,62.01,600,
09:43:20,62.01,300,
09:43:20,62.01,100,
09:43:20,62.01,600,
09:43:20,62.01,400,
09:43:20,62.01,100,
09:43:20,62.01,100,
09:43:21,62.02,100,
09:43:21,62,100,
09:43:21,62.01,100,
09:43:21,62.01,300,
09:43:21,62.01,100,
09:43:21,62.0001,2000,
09:43:22,62,200,
09:43:22,62,100,
09:43:23,62,400,
09:43:23,62,3800,
09:43:23,62,2593,
09:43:23,62,430,
09:43:23,61.99,100,
09:43:23,61.99,200,
09:43:23,61.98,1000,
09:43:23,61.99,100,
09:43:23,61.99,200,
09:43:23,61.99,200,
09:43:24,61.98,500,
09:43:24,61.99,100,
09:43:25,61.98,200,
09:43:25,61.98,3400,
09:43:25,61.98,900,
09:43:25,61.97,200,
09:43:25,61.97,2000,
09:43:25,61.97,1000,
09:43:25,61.97,800,
09:43:25,61.97,3000,
09:43:25,61.97,2500,
09:43:25,61.96,675,
09:43:25,61.97,100,
09:43:25,61.96,100,
09:43:25,61.96,2700,
09:43:25,61.96,100,
09:43:25,61.96,200,
09:43:25,61.96,200,
09:43:25,61.96,100,
09:43:25,61.96,350,
09:43:25,61.96,100,
09:43:25,61.96,100,
09:43:25,61.98,1200,
09:43:25,61.97,700,
09:43:25,61.97,800,
09:43:25,61.97,150,
09:43:25,61.97,100,
09:43:25,61.97,200,
09:43:25,61.97,182,
09:43:25,61.97,200,
09:43:25,61.97,185,
09:43:25,61.97,100,
09:43:25,61.97,100,
09:43:25,61.97,600,
09:43:25,61.97,1500,
09:43:25,61.97,100,
09:43:25,61.97,100,
09:43:25,61.96,100,
09:43:25,61.96,100,
09:43:25,61.96,100,
09:43:25,61.96,100,
09:43:25,61.96,100,
09:43:25,61.96,100,
09:43:27,61.97,110,
09:43:27,61.97,100,
09:43:28,61.98,100,
09:43:28,61.98,100,
09:43:28,61.98,100,
09:43:28,61.99,200,
09:43:28,61.99,600,
09:43:28,61.99,200,
09:43:28,61.99,200,
09:43:29,61.99,185,
09:43:29,61.99,300,
09:43:30,61.99,200,
09:43:31,61.99,800,
09:43:31,61.99,100,
09:43:31,61.99,100,
09:43:31,61.99,500,
09:43:31,61.99,200,
09:43:32,62,280,
09:43:32,61.98,600,
09:43:32,61.98,100,
09:43:33,61.98,400,
09:43:33,61.98,800,
09:43:33,61.98,700,
09:43:33,61.99,100,
09:43:34,61.99,100,
09:43:34,61.99,500,
09:43:34,61.99,100,
09:43:34,61.98,100,
09:43:34,61.98,200,
09:43:34,61.98,200,
09:43:34,61.98,100,
09:43:36,61.99,260,
09:43:36,61.9899,300,
09:43:36,61.9899,300,
09:43:36,61.99,300,
09:43:36,61.99,300,
09:43:36,61.9899,300,
09:43:36,61.99,400,
09:43:36,61.99,100,
09:43:41,61.98,800,
09:43:42,61.97,100,
09:43:42,61.98,700,
09:43:44,61.98,200,
09:43:45,61.98,100,
09:43:45,61.9701,1100,
09:43:47,61.99,600,
09:43:47,61.99,100,
09:43:47,62,100,
09:43:47,61.99,100,
09:43:47,61.99,200,
09:43:47,61.99,200,
09:43:47,61.98,200,
09:43:47,61.98,600,
09:43:47,61.98,200,
09:43:47,61.98,400,
09:43:47,61.98,400,
09:43:47,61.98,100,
09:43:47,61.98,100,
09:43:47,61.98,300,
09:43:47,61.98,1000,
09:43:48,61.98,100,
09:43:48,61.99,100,
09:43:48,61.99,100,
09:43:49,61.99,200,
09:43:49,61.98,100,
09:43:49,61.98,800,
09:43:49,61.97,1700,
09:43:50,61.97,600,
09:43:50,61.97,519,
09:43:50,61.98,100,
09:43:50,61.98,200,
09:43:50,61.98,600,
09:43:50,61.98,200,
09:43:50,61.98,100,
09:43:50,61.98,200,
09:43:51,61.98,100,
09:43:52,61.98,100,
09:43:53,61.97,400,
09:43:53,61.97,200,
09:43:53,61.97,1700,
09:43:53,61.97,200,
09:43:53,61.97,2000,
09:43:53,61.99,100,
09:43:53,61.99,100,
09:43:53,61.9899,100,
09:43:54,61.99,200,
09:43:55,61.98,100,
09:43:55,61.98,200,
09:43:57,61.99,100,
09:44:01,61.98,200,
09:44:01,61.99,200,
09:44:01,61.99,800,
09:44:01,61.99,100,
09:44:02,62,100,
09:44:02,62,300,
09:44:04,62,200,
09:44:04,62,200,
09:44:04,62,100,
09:44:04,62,771,
09:44:04,62,300,
09:44:04,61.99,100,
09:44:04,62,200,
09:44:04,62,100,
09:44:04,62,100,
09:44:04,62,100,
09:44:04,62,500,
09:44:04,62,100,
09:44:04,62,100,
09:44:04,62,100,
09:44:04,62,200,
09:44:04,62,200,
09:44:04,62,100,
09:44:04,62,200,
09:44:04,62,200,
09:44:04,62,293,
09:44:04,62,100,
09:44:04,62,100,
09:44:04,62,300,
09:44:04,62,100,
09:44:04,62,100,
09:44:09,61.9901,100,
09:44:09,61.9901,100,
09:44:09,61.99,100,
09:44:09,61.99,400,
09:44:11,61.9999,1000,
09:44:11,61.99,100,
09:44:13,61.99,200,
09:44:13,61.9901,200,
09:44:13,61.9901,200,
09:44:13,61.9901,100,
09:44:13,61.99,200,
09:44:13,61.99,100,
09:44:14,62,200,
09:44:14,62,100,
09:44:16,62.0001,600,
09:44:16,62,800,
09:44:16,62,100,
09:44:18,61.99,300,
09:44:19,61.99,136,
09:44:20,61.99,100,
09:44:23,61.995,100,
09:44:23,62,100,
09:44:24,62,3075,
09:44:24,62,100,
09:44:24,62,600,
09:44:24,62,700,
09:44:24,62,100,
09:44:25,62,851,
09:44:25,61.995,100,
09:44:27,61.99,282,
09:44:27,61.99,800,
09:44:27,61.99,100,
09:44:27,61.99,100,
09:44:29,62,111,
09:44:29,61.99,600,
09:44:29,61.99,200,
09:44:29,61.99,100,
09:44:29,61.99,200,
09:44:31,62,200,
09:44:33,62,200,
09:44:33,62,200,
09:44:36,62,400,
09:44:36,62,100,
09:44:36,62,100,
09:44:37,62,100,
09:44:37,62,100,
09:44:37,62.01,300,
09:44:37,62,100,
09:44:41,62.01,119,
09:44:43,61.99,300,
09:44:44,62,214,
09:44:44,62,100,
09:44:44,62,100,
09:44:44,62,200,
09:44:44,62,100,
09:44:44,62,300,
09:44:44,61.9999,100,
09:44:44,61.9999,300,
09:44:45,62,100,
09:44:45,62,100,
09:44:45,62,100,
09:44:46,62,100,
09:44:46,62,100,
09:44:46,62,200,
09:44:46,62,360,
09:44:46,62,200,
09:44:46,62,100,
09:44:46,62,100,
09:44:46,62,100,
09:44:47,62,100,
09:44:47,62,200,
09:44:47,62,140,
09:44:47,62,100,
09:44:48,61.99,200,
09:44:48,62,800,
09:44:48,62,184,
09:44:48,62,216,
09:44:48,62,100,
09:44:48,62,100,
09:44:48,61.99,200,
09:44:48,62,100,
09:44:48,62,100,
09:44:50,61.99,400,
09:44:50,61.995,1800,
09:44:51,61.99,600,
09:44:51,61.995,1900,
09:44:51,61.99,400,
09:44:51,61.995,1900,
09:44:53,61.99,100,
09:44:53,61.99,500,
09:44:53,61.99,100,
09:44:53,61.99,300,
09:44:54,62,400,
09:44:54,62,700,
09:44:55,61.99,200,
09:44:55,61.99,100,
09:44:55,61.999,1000,
09:44:55,61.99,200,
09:44:55,61.99,300,
09:44:56,61.98,100,
09:44:57,61.99,100,
09:44:58,61.98,100,
09:44:58,61.985,100,
09:44:58,61.99,1600,
09:44:58,61.985,100,
09:44:58,61.99,200,
09:44:58,61.99,200,
09:44:58,61.99,100,
09:44:58,61.99,100,
09:44:58,61.99,900,
09:44:58,61.99,1600,
09:44:58,61.99,1600,
09:44:58,61.99,400,
09:44:58,61.99,150,
09:44:58,61.99,100,
09:44:58,61.99,100,
09:44:59,61.995,1400,
09:44:59,61.99,100,
09:45:00,61.99,800,
09:45:00,61.99,100,
09:45:00,61.98,800,
09:45:00,61.98,200,
09:45:01,61.99,100,
09:45:02,61.98,100,
09:45:02,61.98,100,
09:45:02,61.98,100,
09:45:02,61.98,200,
09:45:02,61.98,200,
09:45:02,61.98,350,
09:45:02,61.98,800,
09:45:02,61.98,200,
09:45:02,61.98,200,
09:45:02,61.98,200,
09:45:02,61.98,200,
09:45:02,61.98,284,
09:45:03,61.99,800,
09:45:03,61.99,364,
09:45:03,61.99,500,
09:45:03,61.99,4300,
09:45:03,61.99,500,
09:45:03,61.99,4316,
09:45:03,61.99,200,
09:45:04,61.99,100,
09:45:04,61.99,800,
09:45:04,61.9901,1000,
09:45:05,61.9925,800,
09:45:05,61.99,1700,
09:45:06,62,500,
09:45:06,62,300,
09:45:06,61.995,100,
09:45:06,61.995,100,
09:45:06,61.995,500,
09:45:06,62,100,
09:45:06,62,100,
09:45:06,62,100,
09:45:06,62,100,
09:45:06,62,100,
09:45:06,61.995,500,
09:45:06,62,100,
09:45:10,62.005,1212,
09:45:10,62.005,3000,
09:45:10,62.005,165,
09:45:10,62.01,300,
09:45:10,62.01,375,
09:45:10,62.005,100,
09:45:10,62.005,300,
09:45:10,62.005,300,
09:45:12,62.01,100,
09:45:12,62.01,222,
09:45:12,62.005,100,
09:45:12,62.005,500,
09:45:12,62.005,500,
09:45:12,62.005,500,
09:45:12,62.005,500,
09:45:14,62.01,2000,
09:45:14,62.0075,1600,
09:45:15,62.02,100,
09:45:15,62.01,200,
09:45:15,62.01,455,
09:45:15,62.01,800,
09:45:15,62,200,
09:45:16,62.01,615,
09:45:16,62.01,100,
09:45:16,62.01,600,
09:45:16,62.0099,100,
09:45:17,62.01,800,
09:45:18,62,100,
09:45:18,62,100,
09:45:18,62,200,
09:45:18,62,100,
09:45:18,62,166,
09:45:18,62,366,
09:45:18,62,1200,
09:45:18,62.01,800,
09:45:18,62,184,
09:45:18,62,100,
09:45:18,62.005,100,
09:45:18,62.01,200,
09:45:18,62.005,400,
09:45:18,62,500,
09:45:18,62.005,100,
09:45:18,62.01,800,
09:45:18,62.01,100,
09:45:18,62.01,100,
09:45:19,62,2500,
09:45:20,61.99,300,
09:45:20,61.99,500,
09:45:20,62,100,
09:45:20,61.99,2000,
09:45:21,62,100,
09:45:21,62,1824,
09:45:21,62,425,
09:45:21,62,400,
09:45:21,62,100,
09:45:22,62,700,
09:45:22,62,100,
09:45:23,62,200,
09:45:23,62,100,
09:45:24,62.01,100,
09:45:26,62.01,100,
09:45:26,62.01,100,
09:45:26,62.0101,400,
09:45:26,62.01,500,
09:45:26,62.01,900,
09:45:26,62.01,800,
09:45:26,62.01,300,
09:45:26,62.01,100,
09:45:26,62.01,700,
09:45:27,62.01,100,
09:45:27,62.01,100,
09:45:27,62.01,100,
09:45:27,62.01,100,
09:45:27,62.01,200,
09:45:27,62.01,320,
09:45:27,62.01,100,
09:45:27,62.01,500,
09:45:28,62.01,800,
09:45:28,62.0101,500,
09:45:31,62.01,100,
09:45:32,62.01,1002,
09:45:32,62.005,100,
09:45:32,62.005,700,
09:45:32,62.01,100,
09:45:32,62.02,200,
09:45:32,62.01,100,
09:45:32,62.01,100,
09:45:32,62.01,100,
09:45:32,62.02,100,
09:45:32,62.01,220,
09:45:32,62.01,100,
09:45:33,62.01,100,
09:45:33,62.01,300,
09:45:33,62.01,100,
09:45:33,62.005,100,
09:45:33,62.005,100,
09:45:35,62,100,
09:45:35,62,100,
09:45:35,62,300,
09:45:39,61.99,100,
09:45:39,61.99,100,
09:45:40,61.98,100,
09:45:40,61.98,400,
09:45:40,61.98,800,
09:45:40,61.98,153,
09:45:40,61.99,500,
09:45:40,61.98,200,
09:45:40,61.99,830,
09:45:40,61.99,100,
09:45:40,61.99,500,
09:45:40,61.99,656,
09:45:40,61.99,244,
09:45:40,61.99,670,
09:45:40,61.99,700,
09:45:40,61.98,1000,
09:45:40,61.98,300,
09:45:41,61.99,200,
09:45:41,61.99,500,
09:45:44,61.99,100,
09:45:44,61.99,100,
09:45:45,61.99,100,
09:45:46,61.99,600,
09:45:46,61.99,100,
09:45:46,61.99,282,
09:45:46,61.99,500,
09:45:46,61.99,200,
09:45:48,61.99,100,
09:45:48,61.9901,2900,
09:45:48,61.9901,500,
09:45:48,61.99,500,
09:45:48,61.99,100,
09:45:48,61.99,400,
09:45:48,61.99,100,
09:45:49,61.9901,100,
09:45:49,61.9901,100,
09:45:53,61.99,700,
09:45:53,61.99,100,
09:45:57,61.99,100,
09:46:00,61.98,100,
09:46:00,61.98,268,
09:46:00,61.98,200,
09:46:00,61.98,100,
09:46:00,61.98,100,
09:46:00,61.98,100,
09:46:00,61.975,100,
09:46:00,61.98,400,
09:46:00,61.98,100,
09:46:01,61.97,200,
09:46:01,61.97,100,
09:46:01,61.97,200,
09:46:01,61.97,100,
09:46:02,61.97,100,
09:46:03,61.96,300,
09:46:04,61.95,100,
09:46:04,61.94,1000,
09:46:06,61.9401,200,
09:46:06,61.95,100,
09:46:06,61.95,100,
09:46:07,61.94,600,
09:46:07,61.94,400,
09:46:10,61.94,200,
09:46:10,61.94,300,
09:46:10,61.9401,200,
09:46:10,61.94,500,
09:46:12,61.93,400,
09:46:12,61.93,2000,
09:46:12,61.94,1000,
09:46:12,61.94,300,
09:46:12,61.94,900,
09:46:12,61.94,1700,
09:46:13,61.94,1132,
09:46:14,61.94,100,
09:46:14,61.94,100,
09:46:14,61.94,400,
09:46:14,61.94,100,
09:46:14,61.94,200,
09:46:14,61.94,400,
09:46:14,61.94,1500,
09:46:15,61.94,200,
09:46:15,61.94,100,
09:46:15,61.94,100,
09:46:15,61.94,100,
09:46:15,61.94,500,
09:46:17,61.95,200,
09:46:17,61.94,500,
09:46:18,61.95,500,
09:46:18,61.945,100,
09:46:18,61.945,400,
09:46:18,61.95,400,
09:46:19,61.96,500,
09:46:19,61.96,100,
09:46:19,61.96,500,
09:46:19,61.955,100,
09:46:19,61.955,400,
09:46:19,61.955,300,
09:46:19,61.955,400,
09:46:19,61.955,300,
09:46:20,61.97,700,
09:46:20,61.965,100,
09:46:20,61.965,500,
09:46:20,61.97,300,
09:46:20,61.97,200,
09:46:20,61.97,300,
09:46:20,61.97,100,
09:46:20,61.97,100,
09:46:20,61.97,600,
09:46:20,61.97,100,
09:46:20,61.965,100,
09:46:20,61.965,100,
09:46:20,61.965,100,
09:46:21,61.9625,400,
09:46:21,61.96,200,
09:46:22,61.9695,1000,
09:46:25,61.96,100,
09:46:25,61.96,100,
09:46:25,61.96,100,
09:46:25,61.96,100,
09:46:25,61.96,100,
09:46:25,61.96,2200,
09:46:25,61.96,100,
09:46:25,61.955,500,
09:46:25,61.955,100,
09:46:25,61.955,400,
09:46:25,61.96,2000,
09:46:25,61.9575,2000,
09:46:25,61.955,400,
09:46:26,61.955,2000,
09:46:27,61.97,3200,
09:46:28,61.965,2300,
09:46:29,61.965,300,
09:46:29,61.965,200,
09:46:29,61.97,400,
09:46:29,61.97,400,
09:46:29,61.97,100,
09:46:29,61.965,900,
09:46:29,61.965,800,
09:46:29,61.97,136,
09:46:29,61.97,200,
09:46:29,61.97,164,
09:46:29,61.97,100,
09:46:29,61.97,800,
09:46:29,61.97,200,
09:46:29,61.98,100,
09:46:29,61.98,100,
09:46:29,61.965,600,
09:46:29,61.97,500,
09:46:29,61.97,6300,
09:46:29,61.97,200,
09:46:29,61.97,600,
09:46:29,61.97,300,
09:46:30,61.965,700,
09:46:30,61.97,100,
09:46:30,61.965,500,
09:46:30,61.965,300,
09:46:30,61.965,300,
09:46:30,61.965,1234,
09:46:30,61.965,800,
09:46:30,61.965,500,
09:46:30,61.965,300,
09:46:30,61.965,1599,
09:46:30,61.97,100,
09:46:30,61.965,500,
09:46:31,61.98,163,
09:46:31,61.98,500,
09:46:31,61.98,500,
09:46:31,61.98,100,
09:46:31,61.98,100,
09:46:31,61.975,900,
09:46:31,61.9775,600,
09:46:31,61.9775,500,
09:46:31,61.975,100,
09:46:31,61.975,100,
09:46:31,61.98,600,
09:46:31,61.975,500,
09:46:31,61.975,700,
09:46:31,61.98,1600,
09:46:31,61.98,100,
09:46:31,61.98,300,
09:46:31,61.98,3200,
09:46:31,61.98,800,
09:46:31,61.975,100,
09:46:31,61.975,2800,
09:46:31,61.975,200,
09:46:31,61.99,100,
09:46:31,61.99,100,
09:46:31,61.99,100,
09:46:31,61.99,300,
09:46:31,61.99,900,
09:46:31,61.99,1900,
09:46:31,61.99,2000,
09:46:31,61.99,300,
09:46:31,61.99,200,
09:46:31,61.99,200,
09:46:31,61.99,100,
09:46:31,61.99,900,
09:46:31,61.98,100,
09:46:31,61.98,100,
09:46:31,61.99,100,
09:46:31,61.99,100,
09:46:31,61.99,1300,
09:46:31,61.99,200,
09:46:31,61.99,100,
09:46:31,61.98,100,
09:46:31,61.99,200,
09:46:31,61.99,200,
09:46:31,61.99,300,
09:46:31,61.99,200,
09:46:31,61.99,800,
09:46:31,61.99,200,
09:46:31,61.99,200,
09:46:31,61.99,337,
09:46:31,61.99,100,
09:46:31,61.985,100,
09:46:31,61.99,1000,
09:46:31,61.99,1400,
09:46:31,61.99,200,
09:46:31,61.99,100,
09:46:31,62,100,
09:46:31,62,200,
09:46:31,62,700,
09:46:31,62,1000,
09:46:31,62,1000,
09:46:31,62,3200,
09:46:31,62,2000,
09:46:31,62,400,
09:46:31,61.99,500,
09:46:31,61.99,600,
09:46:31,61.99,800,
09:46:31,61.995,2700,
09:46:31,62,100,
09:46:31,62,600,
09:46:31,62,600,
09:46:31,62,850,
09:46:31,62,450,
09:46:31,62,200,
09:46:31,62,200,
09:46:31,62,2300,
09:46:31,62,1000,
09:46:31,61.99,100,
09:46:31,62.01,400,
09:46:31,62.01,800,
09:46:31,62.01,800,
09:46:31,62.01,100,
09:46:31,62.01,100,
09:46:31,62.01,200,
09:46:31,62.01,700,
09:46:31,62.01,3200,
09:46:31,62.01,3600,
09:46:31,62.01,2000,
09:46:31,62.01,2000,
09:46:31,62.01,3100,
09:46:31,62.01,3600,
09:46:31,62.01,1000,
09:46:31,62.01,600,
09:46:31,62.01,1038,
09:46:31,61.99,100,
09:46:31,62.01,800,
09:46:31,62.01,200,
09:46:31,62.01,200,
09:46:31,62.01,100,
09:46:31,62.01,800,
09:46:31,62.01,200,
09:46:31,62.01,400,
09:46:31,62.01,1100,
09:46:31,62,100,
09:46:31,62.01,700,
09:46:31,62.01,100,
09:46:31,62.01,320,
09:46:31,62.0101,500,
09:46:31,62,100,
09:46:32,62.02,2000,
09:46:32,62.02,2000,
09:46:32,62.02,800,
09:46:32,62.02,2400,
09:46:32,62.02,3200,
09:46:32,62.01,200,
09:46:32,62.01,200,
09:46:32,62.01,100,
09:46:32,62.01,100,
09:46:32,62.02,400,
09:46:32,62.02,1000,
09:46:32,62.02,5354,
09:46:32,62.02,400,
09:46:32,62.02,1000,
09:46:32,62.02,600,
09:46:32,62.02,100,
09:46:32,61.97,400,
09:46:32,61.99,100,
09:46:32,62.02,320,
09:46:32,62.02,800,
09:46:32,62.02,720,
09:46:32,62.01,150,
09:46:32,61.98,600,
09:46:32,62.02,100,
09:46:32,62.02,100,
09:46:32,62.02,2000,
09:46:32,62.02,300,
09:46:32,62.02,2400,
09:46:32,62.02,800,
09:46:32,62.02,400,
09:46:32,62.02,100,
09:46:32,62.02,1300,
09:46:32,62.02,100,
09:46:32,62.03,1400,
09:46:32,62.02,400,
09:46:32,62.02,400,
09:46:32,62.02,500,
09:46:32,62.02,300,
09:46:32,62.02,100,
09:46:32,62.02,800,
09:46:32,62.02,3700,
09:46:32,62.02,1600,
09:46:32,62.02,200,
09:46:32,62.02,1000,
09:46:32,62.02,100,
09:46:32,62.03,2400,
09:46:32,62.03,800,
09:46:32,62.03,2000,
09:46:32,62.03,3000,
09:46:32,62.03,3200,
09:46:32,62.03,3000,
09:46:32,62.03,300,
09:46:32,62.03,100,
09:46:32,62.03,800,
09:46:33,62.03,100,
09:46:33,62.03,100,
09:46:33,62.04,1700,
09:46:33,62.04,8000,
09:46:33,62.04,300,
09:46:33,62.04,1000,
09:46:33,62.04,3200,
09:46:33,62.04,2600,
09:46:33,62.04,300,
09:46:33,62.04,100,
09:46:33,62.03,800,
09:46:33,62.03,200,
09:46:33,62.04,2100,
09:46:33,62.03,1100,
09:46:33,62.04,100,
09:46:33,61.965,500,
09:46:33,62.04,200,
09:46:33,62.04,121,
09:46:33,62.04,300,
09:46:33,62.04,2400,
09:46:33,62.04,500,
09:46:33,62.04,800,
09:46:33,62.04,100,
09:46:33,62.04,1000,
09:46:33,62.04,3000,
09:46:33,62.04,300,
09:46:33,62.04,100,
09:46:33,62.04,200,
09:46:33,62.04,800,
09:46:33,62.04,3000,
09:46:33,62.04,2000,
09:46:33,62.04,200,
09:46:33,62.04,500,
09:46:33,62.04,300,
09:46:33,62.03,300,
09:46:33,62.04,300,
09:46:33,62.04,200,
09:46:33,62.04,500,
09:46:33,62.04,200,
09:46:33,62.04,100,
09:46:33,62.04,1800,
09:46:33,62.04,500,
09:46:33,62.04,500,
09:46:33,62.04,145,
09:46:33,62.04,320,
09:46:33,62.04,200,
09:46:33,62.04,200,
09:46:33,62.04,100,
09:46:33,62.03,100,
09:46:33,62.03,2500,
09:46:33,62.03,2200,
09:46:33,62.03,400,
09:46:33,62.04,100,
09:46:33,62.04,800,
09:46:33,62.03,4700,
09:46:33,62.04,900,
09:46:33,62.04,200,
09:46:33,62.04,1600,
09:46:33,62.04,200,
09:46:33,62.04,100,
09:46:33,62.04,200,
09:46:33,62.04,1900,
09:46:33,62.04,2200,
09:46:33,62.04,100,
09:46:33,62.04,100,
09:46:33,62.04,1221,
09:46:33,62.04,100,
09:46:33,62.04,100,
09:46:33,61.975,300,
09:46:33,62.04,100,
09:46:33,62.04,320,
09:46:33,62.03,500,
09:46:33,62.03,800,
09:46:33,62.04,1000,
09:46:33,62.04,100,
09:46:33,62.04,2800,
09:46:33,62.04,200,
09:46:33,62.04,154,
09:46:33,62.04,1200,
09:46:34,62.05,15000,
09:46:34,62.05,800,
09:46:34,62.05,800,
09:46:34,62.05,400,
09:46:34,62.05,138,
09:46:34,62.05,1000,
09:46:34,62.05,800,
09:46:34,62.05,300,
09:46:34,62.05,1562,
09:46:34,62.05,1400,
09:46:34,62.05,1000,
09:46:34,62.05,2000,
09:46:34,62.05,300,
09:46:34,62.05,462,
09:46:34,62.05,210,
09:46:34,62.05,2200,
09:46:34,62.05,100,
09:46:34,62.05,100,
09:46:34,62.05,2300,
09:46:34,62.05,100,
09:46:34,62.05,100,
09:46:34,62.05,200,
09:46:34,62.04,100,
09:46:34,62.04,320,
09:46:34,62.04,100,
09:46:34,62.05,2000,
09:46:34,62.05,320,
09:46:34,62.05,4400,
09:46:34,62.05,100,
09:46:34,62.05,200,
09:46:34,62.04,100,
09:46:34,62.05,100,
09:46:34,62.05,100,
09:46:34,62.05,300,
09:46:34,62.05,800,
09:46:34,62.05,600,
09:46:34,62.0499,500,
09:46:34,62.05,100,
09:46:34,62.05,114,
09:46:34,62.05,400,
09:46:34,62.05,200,
09:46:34,62.05,200,
09:46:34,62.05,100,
09:46:34,62.05,714,
09:46:34,62.05,200,
09:46:34,62.05,480,
09:46:34,62.05,300,
09:46:34,62.05,100,
09:46:34,62.05,1600,
09:46:34,62.05,100,
09:46:34,62.05,308,
09:46:34,62.05,300,
09:46:34,62.05,300,
09:46:34,62.05,2300,
09:46:34,62.05,2022,
09:46:34,62.06,100,
09:46:34,62.0501,150,
09:46:35,62.05,1000,
09:46:35,62.05,1000,
09:46:35,61.99,100,
09:46:36,62.05,1200,
09:46:36,62.05,100,
09:46:36,62.05,1200,
09:46:36,62.05,100,
09:46:36,62.05,5200,
09:46:36,62.05,200,
09:46:36,62.05,100,
09:46:36,62.05,1000,
09:46:36,62.05,1600,
09:46:36,62.05,200,
09:46:36,62.05,100,
09:46:36,62.05,100,
09:46:37,62.05,1100,
09:46:37,62.05,12196,
09:46:37,62.04,300,
09:46:37,62.0399,100,
09:46:38,62.04,100,
09:46:38,62.04,500,
09:46:38,62.04,800,
09:46:38,62.04,2800,
09:46:38,62.04,100,
09:46:38,62.04,200,
09:46:39,62.04,100,
09:46:39,62.04,169,
09:46:39,62.04,320,
09:46:39,62.04,800,
09:46:39,62.04,1000,
09:46:39,62.04,3400,
09:46:39,62.04,134,
09:46:40,62.04,300,
09:46:40,62.0399,300,
09:46:40,62.04,300,
09:46:40,62.0399,300,
09:46:40,62.0399,300,
09:46:40,62.04,300,
09:46:40,62.0399,300,
09:46:41,62.03,300,
09:46:41,62.03,100,
09:46:41,62.03,200,
09:46:41,62.03,600,
09:46:41,62.03,600,
09:46:43,62.03,100,
09:46:44,62.03,100,
09:46:44,62.03,100,
09:46:44,62.03,100,
09:46:44,62.02,300,
09:46:45,62.02,800,
09:46:45,62.02,100,
09:46:45,62.01,300,
09:46:46,62.02,100,
09:46:46,62.02,100,
09:46:46,62.02,583,
09:46:47,62.02,100,
09:46:52,62.03,200,
09:46:52,62.03,100,
09:46:52,62.03,200,
09:46:52,62.03,100,
09:46:52,62.04,100,
09:46:52,62.04,100,
09:46:53,62.03,300,
09:46:53,62.03,1300,
09:46:53,62.03,2980,
09:46:56,62.03,520,
09:46:56,62.02,100,
09:46:56,62.02,400,
09:46:56,62.03,220,
09:46:56,62.02,100,
09:46:56,62.02,100,
09:46:56,62.02,100,
09:46:56,62.03,100,
09:46:56,62.03,800,
09:46:56,62.03,100,
09:46:56,62.02,100,
09:46:56,62.02,100,
09:46:56,62.02,100,
09:46:56,62.02,200,
09:46:56,62.02,100,
09:46:56,62.02,100,
09:46:56,62.02,183,
09:46:57,62.01,400,
09:46:57,62.01,100,
09:46:57,62.01,100,
09:46:57,62.01,200,
09:46:57,62.01,100,
09:46:57,62.02,300,
09:46:57,62.02,100,
09:46:57,62.02,200,
09:46:57,62.02,300,
09:46:57,62.02,800,
09:46:57,62.02,100,
09:46:57,62.02,200,
09:46:57,62.02,267,
09:46:57,62.02,600,
09:46:58,62.01,200,
09:46:58,62.01,200,
09:46:58,62.01,100,
09:46:59,62.01,100,
09:46:59,62.01,100,
09:46:59,62.01,413,
09:46:59,62.01,200,
09:46:59,62.01,600,
09:46:59,62.01,200,
09:46:59,62.01,100,
09:46:59,62.01,417,
09:47:00,62.02,1400,
09:47:00,62.01,100,
09:47:02,62.0099,400,
09:47:02,62.01,400,
09:47:02,62.01,300,
09:47:02,62.01,300,
09:47:02,62.0099,200,
09:47:02,62.01,200,
09:47:03,62.0001,100,
09:47:04,62,100,
09:47:04,62,300,
09:47:10,62.01,100,
09:47:11,62.01,100,
09:47:11,62.01,100,
09:47:11,62.01,100,
09:47:13,62.01,158,
09:47:13,62.01,800,
09:47:13,62.01,101,
09:47:13,62.01,100,
09:47:13,62.01,604,
09:47:15,62.01,100,
09:47:15,62.01,100,
09:47:16,62.001,900,
09:47:17,62.01,100,
09:47:17,62.01,166,
09:47:17,62.02,200,
09:47:17,62.02,200,
09:47:18,62.02,800,
09:47:18,62.02,100,
09:47:19,62.02,500,
09:47:23,62,500,
09:47:30,62,400,
09:47:30,62,100,
09:47:30,62,3900,
09:47:30,62,100,
09:47:30,62,700,
09:47:30,62,100,
09:47:30,62,300,
09:47:30,62,100,
09:47:31,62,100,
09:47:33,62.01,1000,
09:47:33,62.01,2400,
09:47:33,62.01,130,
09:47:33,62.01,100,
09:47:33,62.01,1000,
09:47:33,62.01,800,
09:47:33,62.01,100,
09:47:33,62.02,615,
09:47:33,62.02,100,
09:47:33,62.02,300,
09:47:35,62.02,100,
09:47:35,62.02,100,
09:47:36,62.02,100,
09:47:36,62.02,500,
09:47:36,62.02,300,
09:47:41,62.019,2000,
09:47:43,62.01,100,
09:47:43,62.01,200,
09:47:43,62.01,100,
09:47:43,62.02,100,
09:47:44,62.02,800,
09:47:44,62.02,100,
09:47:44,62.01,200,
09:47:44,62.01,200,
09:47:44,62.01,100,
09:47:44,62.01,200,
09:47:44,62.01,200,
09:47:44,62.01,100,
09:47:44,62.01,200,
09:47:44,62.01,600,
09:47:44,62.01,400,
09:47:45,62.02,800,
09:47:45,62.02,800,
09:47:46,62.03,300,
09:47:46,62.03,500,
09:47:50,62.02,100,
09:47:54,62.01,200,
09:47:54,62.0099,200,
09:47:55,62,200,
09:47:56,62,200,
09:47:56,62.011,1636,
09:47:57,62,400,
09:47:57,62,100,
09:47:57,62,600,
09:47:59,61.99,100,
09:48:01,61.98,400,
09:48:01,61.98,100,
09:48:01,61.98,200,
09:48:01,61.98,300,
09:48:03,61.97,800,
09:48:04,61.9712,250,
09:48:05,61.98,200,
09:48:06,61.99,200,
09:48:06,61.98,100,
09:48:06,61.98,200,
09:48:06,61.98,200,
09:48:06,61.98,200,
09:48:06,61.98,200,
09:48:06,61.98,100,
09:48:06,61.98,1000,
09:48:06,61.98,100,
09:48:06,61.98,900,
09:48:07,61.9701,500,
09:48:07,61.96,900,
09:48:07,61.96,3900,
09:48:07,61.96,1000,
09:48:07,61.96,300,
09:48:07,61.96,2000,
09:48:07,61.96,100,
09:48:07,61.96,120,
09:48:07,61.96,300,
09:48:07,61.96,430,
09:48:08,61.95,200,
09:48:08,61.95,400,
09:48:08,61.95,500,
09:48:08,61.95,186,
09:48:08,61.95,1000,
09:48:09,61.95,100,
09:48:09,61.95,700,
09:48:09,61.95,500,
09:48:09,61.95,200,
09:48:10,61.95,100,
09:48:10,61.95,800,
09:48:10,61.95,100,
09:48:10,61.9501,300,
09:48:10,61.95,100,
09:48:11,61.9401,600,
09:48:12,61.94,100,
09:48:12,61.94,100,
09:48:12,61.9399,100,
09:48:12,61.9399,100,
09:48:12,61.94,100,
09:48:12,61.94,500,
09:48:12,61.94,200,
09:48:12,61.94,100,
09:48:12,61.94,600,
09:48:12,61.94,700,
09:48:13,61.9499,1900,
09:48:13,61.95,100,
09:48:13,61.95,100,
09:48:15,61.94,400,
09:48:15,61.94,400,
09:48:18,61.94,300,
09:48:19,61.94,305,
09:48:19,61.94,160,
09:48:20,61.94,100,
09:48:20,61.94,100,
09:48:20,61.9402,100,
09:48:20,61.9401,100,
09:48:20,61.94,100,
09:48:21,61.94,100,
09:48:21,61.9401,100,
09:48:21,61.94,100,
09:48:21,61.94,100,
09:48:22,61.95,2300,
09:48:22,61.95,100,
09:48:22,61.95,100,
09:48:22,61.95,200,
09:48:22,61.95,800,
09:48:22,61.95,200,
09:48:22,61.95,200,
09:48:22,61.95,1100,
09:48:22,61.95,800,
09:48:22,61.95,500,
09:48:22,61.95,500,
09:48:23,61.9405,1000,
09:48:25,61.95,100,
09:48:26,61.95,200,
09:48:26,61.95,200,
09:48:26,61.95,100,
09:48:26,61.95,100,
09:48:26,61.94,100,
09:48:27,61.94,2100,
09:48:28,61.93,2000,
09:48:28,61.93,100,
09:48:28,61.94,800,
09:48:28,61.93,3000,
09:48:28,61.93,1100,
09:48:29,61.93,1100,
09:48:29,61.93,100,
09:48:29,61.94,800,
09:48:29,61.93,1200,
09:48:29,61.94,100,
09:48:30,61.93,1800,
09:48:30,61.94,100,
09:48:30,61.94,300,
09:48:30,61.94,500,
09:48:30,61.93,100,
09:48:30,61.93,100,
09:48:30,61.93,200,
09:48:30,61.93,2300,
09:48:30,61.93,2400,
09:48:30,61.93,1465,
09:48:30,61.93,1535,
09:48:30,61.93,400,
09:48:30,61.93,100,
09:48:30,61.93,100,
09:48:30,61.93,100,
09:48:30,61.93,500,
09:48:30,61.93,700,
09:48:30,61.93,100,
09:48:30,61.93,500,
09:48:30,61.93,1000,
09:48:30,61.93,1600,
09:48:30,61.93,200,
09:48:30,61.93,300,
09:48:30,61.93,1600,
09:48:30,61.93,400,
09:48:30,61.93,300,
09:48:30,61.93,800,
09:48:30,61.93,200,
09:48:30,61.93,700,
09:48:30,61.93,230,
09:48:30,61.93,1600,
09:48:30,61.92,400,
09:48:30,61.93,800,
09:48:30,61.93,800,
09:48:31,61.93,1200,
09:48:31,61.93,100,
09:48:31,61.93,600,
09:48:31,61.93,700,
09:48:31,61.93,700,
09:48:31,61.93,700,
09:48:31,61.93,500,
09:48:31,61.93,200,
09:48:31,61.93,1000,
09:48:31,61.93,446,
09:48:31,61.93,100,
09:48:31,61.93,500,
09:48:31,61.93,104,
09:48:31,61.93,100,
09:48:31,61.93,1686,
09:48:32,61.93,100,
09:48:32,61.93,200,
09:48:32,61.93,1391,
09:48:33,61.93,100,
09:48:33,61.93,200,
09:48:33,61.93,100,
09:48:33,61.93,100,
09:48:36,61.93,200,
09:48:37,61.93,200,
09:48:37,61.93,2400,
09:48:37,61.93,300,
09:48:37,61.93,200,
09:48:37,61.93,700,
09:48:37,61.93,100,
09:48:37,61.93,400,
09:48:37,61.93,100,
09:48:37,61.93,500,
09:48:37,61.93,1800,
09:48:37,61.93,1300,
09:48:37,61.93,800,
09:48:37,61.93,400,
09:48:37,61.93,100,
09:48:37,61.93,900,
09:48:39,61.9325,100,
09:48:39,61.94,300,
09:48:39,61.94,100,
09:48:39,61.94,100,
09:48:40,61.94,100,
09:48:42,61.93,200,
09:48:42,61.94,1800,
09:48:42,61.94,600,
09:48:42,61.93,100,
09:48:42,61.93,800,
09:48:42,61.93,100,
09:48:42,61.93,400,
09:48:42,61.93,300,
09:48:42,61.93,800,
09:48:42,61.93,500,
09:48:42,61.93,400,
09:48:42,61.93,1000,
09:48:42,61.93,600,
09:48:42,61.93,2200,
09:48:42,61.93,200,
09:48:42,61.93,300,
09:48:42,61.93,500,
09:48:42,61.93,100,
09:48:43,61.93,100,
09:48:43,61.93,100,
09:48:43,61.93,100,
09:48:43,61.93,1800,
09:48:43,61.93,100,
09:48:43,61.93,1200,
09:48:43,61.93,200,
09:48:43,61.93,2600,
09:48:44,61.92,1100,
09:48:44,61.9299,2000,
09:48:45,61.94,1000,
09:48:45,61.94,800,
09:48:45,61.94,100,
09:48:45,61.93,100,
09:48:45,61.94,300,
09:48:46,61.94,200,
09:48:46,61.94,200,
09:48:46,61.94,100,
09:48:47,61.948,3500,
09:48:51,61.93,800,
09:48:51,61.93,800,
09:48:51,61.93,600,
09:48:52,61.93,100,
09:48:54,61.94,100,
09:48:55,61.93,100,
09:48:55,61.93,100,
09:48:55,61.94,300,
09:48:55,61.95,100,
09:48:56,61.94,2489,
09:48:56,61.94,100,
09:48:56,61.94,100,
09:48:56,61.94,200,
09:48:56,61.94,600,
09:48:56,61.94,200,
09:48:56,61.94,100,
09:48:56,61.94,100,
09:48:56,61.94,1400,
09:48:56,61.94,200,
09:48:56,61.94,100,
09:48:56,61.94,1000,
09:49:00,61.94,100,
09:49:00,61.95,100,
09:49:00,61.95,100,
09:49:00,61.95,800,
09:49:00,61.95,100,
09:49:00,61.95,600,
09:49:00,61.95,100,
09:49:00,61.95,100,
09:49:00,61.95,300,
09:49:00,61.95,200,
09:49:00,61.95,700,
09:49:00,61.95,100,
09:49:01,61.95,200,
09:49:02,61.95,100,
09:49:03,61.95,800,
09:49:05,61.95,100,
09:49:05,61.95,100,
09:49:07,61.95,100,
09:49:11,61.95,100,
09:49:11,61.9501,1500,
09:49:12,61.96,100,
09:49:12,61.96,300,
09:49:12,61.96,100,
09:49:12,61.96,700,
09:49:14,61.96,100,
09:49:16,61.97,200,
09:49:16,61.96,200,
09:49:17,61.95,200,
09:49:17,61.95,2160,
09:49:17,61.95,1000,
09:49:17,61.95,100,
09:49:17,61.95,1964,
09:49:17,61.95,800,
09:49:17,61.95,2600,
09:49:20,61.95,244,
09:49:21,61.94,100,
09:49:21,61.94,100,
09:49:21,61.94,100,
09:49:23,61.95,500,
09:49:24,61.94,100,
09:49:25,61.94,1000,
09:49:25,61.94,100,
09:49:25,61.94,400,
09:49:25,61.94,400,
09:49:25,61.935,100,
09:49:25,61.94,100,
09:49:26,61.94,1400,
09:49:27,61.94,100,
09:49:27,61.94,800,
09:49:27,61.93,100,
09:49:27,61.93,100,
09:49:27,61.93,2300,
09:49:27,61.93,100,
09:49:27,61.93,200,
09:49:27,61.93,100,
09:49:27,61.93,200,
09:49:27,61.92,400,
09:49:27,61.92,100,
09:49:28,61.93,500,
09:49:28,61.93,100,
09:49:28,61.93,100,
09:49:29,61.93,100,
09:49:29,61.94,300,
09:49:29,61.94,500,
09:49:31,61.93,1200,
09:49:31,61.93,300,
09:49:31,61.94,100,
09:49:31,61.94,200,
09:49:31,61.94,100,
09:49:31,61.94,100,
09:49:31,61.94,700,
09:49:31,61.94,500,
09:49:32,61.94,200,
09:49:32,61.94,800,
09:49:33,61.94,906,
09:49:35,61.9399,4000,
09:49:37,61.93,400,
09:49:37,61.93,1300,
09:49:37,61.93,100,
09:49:37,61.93,600,
09:49:37,61.93,100,
09:49:37,61.9301,500,
09:49:39,61.9258,200,
09:49:42,61.92,100,
09:49:42,61.92,200,
09:49:42,61.92,100,
09:49:43,61.9201,400,
09:49:43,61.92,500,
09:49:43,61.92,156,
09:49:43,61.91,500,
09:49:43,61.91,200,
09:49:43,61.92,644,
09:49:43,61.92,100,
09:49:44,61.91,1200,
09:49:44,61.90,323,
09:49:46,61.91,300,
09:49:46,61.91,100,
09:49:47,61.901,100,
09:49:50,61.90,200,
09:49:50,61.90,500,
09:49:50,61.89,200,
09:49:50,61.8996,219,
09:49:50,61.89,100,
09:49:50,61.89,300,
09:49:50,61.88,1000,
09:49:51,61.88,500,
09:49:51,61.88,800,
09:49:51,61.88,200,
09:49:51,61.88,1000,
09:49:51,61.88,800,
09:49:51,61.88,200,
09:49:51,61.8805,1000,
09:49:51,61.88,300,
09:49:51,61.8601,8600,
09:49:52,61.86,200,
09:49:52,61.86,522,
09:49:52,61.86,600,
09:49:52,61.86,200,
09:49:52,61.86,300,
09:49:52,61.86,300,
09:49:52,61.86,200,
09:49:52,61.8925,583,
09:49:52,61.87,800,
09:49:52,61.87,202,
09:49:53,61.86,400,
09:49:53,61.86,800,
09:49:53,61.8601,100,
09:49:53,61.85,100,
09:49:53,61.85,800,
09:49:53,61.85,500,
09:49:53,61.85,100,
09:49:53,61.85,300,
09:49:53,61.85,200,
09:49:53,61.84,100,
09:49:53,61.84,100,
09:49:53,61.84,100,
09:49:53,61.84,100,
09:49:54,61.84,500,
09:49:54,61.84,200,
09:49:54,61.84,314,
09:49:54,61.84,100,
09:49:54,61.84,200,
09:49:54,61.84,100,
09:49:54,61.84,400,
09:49:54,61.8301,2240,
09:49:54,61.84,100,
09:49:54,61.85,800,
09:49:54,61.85,800,
09:49:54,61.85,1460,
09:49:56,61.86,100,
09:49:56,61.86,100,
09:49:56,61.86,300,
09:49:57,61.86,700,
09:49:58,61.86,200,
09:49:58,61.86,200,
09:49:58,61.85,100,
09:49:58,61.86,100,
09:49:58,61.8599,100,
09:49:59,61.86,100,
09:49:59,61.8599,2000,
09:50:00,61.85,200,
09:50:00,61.85,100,
09:50:00,61.85,100,
09:50:00,61.86,400,
09:50:00,61.86,300,
09:50:00,61.86,400,
09:50:00,61.86,2000,
09:50:00,61.855,200,
09:50:00,61.85,200,
09:50:00,61.86,200,
09:50:00,61.86,200,
09:50:00,61.86,100,
09:50:00,61.86,100,
09:50:00,61.86,200,
09:50:00,61.86,400,
09:50:00,61.86,2000,
09:50:00,61.86,300,
09:50:00,61.86,400,
09:50:00,61.86,2800,
09:50:00,61.86,900,
09:50:00,61.8601,500,
09:50:00,61.86,800,
09:50:00,61.86,200,
09:50:00,61.85,300,
09:50:00,61.85,100,
09:50:01,61.85,200,
09:50:02,61.85,200,
09:50:02,61.85,300,
09:50:02,61.85,200,
09:50:02,61.85,200,
09:50:02,61.85,1200,
09:50:02,61.85,1000,
09:50:03,61.85,500,
09:50:03,61.85,100,
09:50:03,61.85,300,
09:50:04,61.85,700,
09:50:05,61.85,2000,
09:50:05,61.85,100,
09:50:05,61.86,100,
09:50:05,61.86,200,
09:50:05,61.86,200,
09:50:05,61.85,600,
09:50:05,61.85,100,
09:50:06,61.84,100,
09:50:06,61.84,200,
09:50:07,61.83,700,
09:50:07,61.83,100,
09:50:07,61.84,100,
09:50:07,61.83,600,
09:50:08,61.8399,300,
09:50:09,61.84,300,
09:50:09,61.851,200,
09:50:09,61.851,200,
09:50:11,61.8514,200,
09:50:11,61.8514,100,
09:50:11,61.85,100,
09:50:11,61.85,200,
09:50:12,61.8599,100,
09:50:13,61.86,200,
09:50:13,61.86,100,
09:50:13,61.86,2000,
09:50:14,61.8693,300,
09:50:14,61.86,1300,
09:50:16,61.86,100,
09:50:17,61.87,200,
09:50:19,61.87,100,
09:50:19,61.871,200,
09:50:19,61.871,300,
09:50:19,61.871,250,
09:50:20,61.8701,2500,
09:50:20,61.861,750,
09:50:21,61.87,100,
09:50:21,61.88,200,
09:50:23,61.87,100,
09:50:23,61.87,1600,
09:50:24,61.87,100,
09:50:25,61.88,300,
09:50:25,61.88,100,
09:50:25,61.88,500,
09:50:27,61.88,100,
09:50:27,61.88,100,
09:50:27,61.87,346,
09:50:30,61.87,105,
09:50:30,61.87,100,
09:50:33,61.87,100,
09:50:36,61.86,200,
09:50:36,61.86,200,
09:50:36,61.86,100,
09:50:36,61.86,100,
09:50:36,61.85,100,
09:50:36,61.85,200,
09:50:36,61.84,100,
09:50:36,61.84,200,
09:50:36,61.84,200,
09:50:36,61.84,400,
09:50:36,61.84,100,
09:50:36,61.84,400,
09:50:36,61.84,400,
09:50:36,61.84,400,
09:50:36,61.84,100,
09:50:36,61.83,283,
09:50:36,61.83,200,
09:50:36,61.83,283,
09:50:36,61.83,283,
09:50:37,61.84,1100,
09:50:37,61.84,100,
09:50:37,61.84,400,
09:50:38,61.8501,700,
09:50:38,61.8501,500,
09:50:38,61.85,100,
09:50:39,61.8499,100,
09:50:42,61.84,100,
09:50:42,61.84,100,
09:50:43,61.84,100,
09:50:44,61.85,300,
09:50:44,61.845,200,
09:50:44,61.85,200,
09:50:44,61.845,300,
09:50:44,61.845,300,
09:50:44,61.845,100,
09:50:44,61.845,400,
09:50:44,61.845,600,
09:50:44,61.845,800,
09:50:44,61.845,3100,
09:50:44,61.85,200,
09:50:44,61.85,100,
09:50:44,61.845,400,
09:50:44,61.845,500,
09:50:44,61.845,500,
09:50:44,61.85,800,
09:50:44,61.845,500,
09:50:44,61.845,400,
09:50:44,61.845,500,
09:50:44,61.845,500,
09:50:45,61.845,500,
09:50:45,61.84,200,
09:50:46,61.85,400,
09:50:46,61.85,500,
09:50:46,61.85,500,
09:50:46,61.85,400,
09:50:46,61.85,500,
09:50:46,61.85,500,
09:50:46,61.85,1000,
09:50:46,61.85,500,
09:50:46,61.85,500,
09:50:46,61.85,500,
09:50:47,61.849,200,
09:50:48,61.84,100,
09:50:48,61.84,100,
09:50:48,61.84,300,
09:50:48,61.84,100,
09:50:49,61.84,200,
09:50:49,61.84,300,
09:50:50,61.8325,500,
09:50:50,61.84,100,
09:50:50,61.84,100,
09:50:50,61.84,1700,
09:50:51,61.84,100,
09:50:51,61.84,200,
09:50:51,61.84,300,
09:50:51,61.84,185,
09:50:52,61.84,500,
09:50:52,61.84,200,
09:50:54,61.832,100,
09:50:54,61.84,300,
09:50:56,61.831,1000,
09:50:57,61.84,300,
09:50:57,61.84,100,
09:50:57,61.8399,500,
09:50:58,61.84,100,
09:50:59,61.85,100,
09:51:01,61.84,800,
09:51:01,61.84,100,
09:51:04,61.85,200,
09:51:04,61.85,100,
09:51:04,61.85,300,
09:51:04,61.85,260,
09:51:04,61.85,1600,
09:51:04,61.85,1000,
09:51:04,61.85,278,
09:51:04,61.85,422,
09:51:04,61.85,300,
09:51:04,61.85,100,
09:51:04,61.85,500,
09:51:04,61.85,100,
09:51:04,61.85,2200,
09:51:04,61.85,500,
09:51:04,61.85,100,
09:51:04,61.85,700,
09:51:04,61.85,100,
09:51:04,61.851,100,
09:51:05,61.85,500,
09:51:06,61.86,300,
09:51:06,61.86,200,
09:51:07,61.86,100,
09:51:09,61.85,200,
09:51:09,61.85,200,
09:51:09,61.86,1100,
09:51:11,61.86,100,
09:51:11,61.86,200,
09:51:11,61.86,1900,
09:51:13,61.86,100,
09:51:14,61.87,200,
09:51:14,61.861,800,
09:51:14,61.87,3632,
09:51:15,61.86,100,
09:51:15,61.87,400,
09:51:16,61.87,100,
09:51:16,61.86,200,
09:51:16,61.86,100,
09:51:17,61.86,100,
09:51:19,61.87,300,
09:51:19,61.87,100,
09:51:21,61.88,100,
09:51:21,61.88,300,
09:51:21,61.88,100,
09:51:21,61.88,100,
09:51:21,61.88,100,
09:51:22,61.88,100,
09:51:22,61.88,200,
09:51:23,61.8701,200,
09:51:25,61.8725,800,
09:51:25,61.88,100,
09:51:26,61.89,200,
09:51:26,61.89,100,
09:51:26,61.89,100,
09:51:26,61.8899,100,
09:51:27,61.88,100,
09:51:28,61.89,100,
09:51:28,61.89,100,
09:51:28,61.89,400,
09:51:28,61.89,500,
09:51:28,61.89,500,
09:51:28,61.89,500,
09:51:28,61.89,500,
09:51:28,61.89,100,
09:51:28,61.89,200,
09:51:31,61.89,300,
09:51:32,61.89,200,
09:51:32,61.90,400,
09:51:32,61.90,200,
09:51:32,61.90,400,
09:51:32,61.89,100,
09:51:33,61.89,800,
09:51:33,61.89,1200,
09:51:36,61.88,200,
09:51:36,61.88,200,
09:51:36,61.88,100,
09:51:36,61.88,200,
09:51:36,61.88,400,
09:51:40,61.88,2000,
09:51:40,61.88,600,
09:51:40,61.88,200,
09:51:40,61.88,100,
09:51:40,61.88,100,
09:51:45,61.8791,100,
09:51:47,61.88,500,
09:51:47,61.88,100,
09:51:49,61.885,300,
09:51:52,61.88,900,
09:51:52,61.88,100,
09:51:52,61.88,200,
09:51:57,61.88,200,
09:52:00,61.88,400,
09:52:01,61.88,100,
09:52:01,61.88,200,
09:52:01,61.88,100,
09:52:01,61.875,100,
09:52:01,61.875,100,
09:52:01,61.88,100,
09:52:01,61.88,600,
09:52:02,61.89,200,
09:52:03,61.885,400,
09:52:03,61.8899,200,
09:52:04,61.885,1100,
09:52:04,61.885,600,
09:52:04,61.885,400,
09:52:04,61.885,400,
09:52:04,61.885,100,
09:52:04,61.885,200,
09:52:04,61.885,200,
09:52:04,61.885,300,
09:52:04,61.885,400,
09:52:04,61.885,142,
09:52:04,61.885,400,
09:52:04,61.885,300,
09:52:04,61.885,100,
09:52:04,61.885,300,
09:52:04,61.885,200,
09:52:04,61.885,100,
09:52:04,61.885,900,
09:52:04,61.885,200,
09:52:04,61.89,100,
09:52:04,61.89,400,
09:52:04,61.89,300,
09:52:04,61.89,300,
09:52:04,61.885,3728,
09:52:04,61.90,300,
09:52:04,61.90,100,
09:52:04,61.90,200,
09:52:04,61.90,400,
09:52:04,61.885,400,
09:52:04,61.885,100,
09:52:04,61.885,400,
09:52:04,61.885,400,
09:52:04,61.885,500,
09:52:04,61.885,100,
09:52:04,61.885,1800,
09:52:04,61.885,200,
09:52:04,61.89,500,
09:52:04,61.885,600,
09:52:04,61.885,800,
09:52:04,61.89,600,
09:52:04,61.8907,170,
09:52:05,61.8901,310,
09:52:06,61.90,100,
09:52:06,61.90,300,
09:52:06,61.90,700,
09:52:06,61.90,1300,
09:52:06,61.895,300,
09:52:06,61.90,100,
09:52:07,61.89,100,
09:52:07,61.89,500,
09:52:08,61.89,100,
09:52:08,61.885,200,
09:52:08,61.885,800,
09:52:08,61.885,100,
09:52:11,61.885,1000,
09:52:12,61.885,200,
09:52:12,61.885,200,
09:52:12,61.885,700,
09:52:12,61.8899,1000,
09:52:12,61.885,400,
09:52:12,61.885,1200,
09:52:14,61.885,3800,
09:52:14,61.885,600,
09:52:14,61.885,200,
09:52:16,61.885,200,
09:52:16,61.885,200,
09:52:16,61.885,3100,
09:52:16,61.89,400,
09:52:22,61.89,100,
09:52:22,61.89,100,
09:52:22,61.89,100,
09:52:22,61.89,500,
09:52:22,61.89,100,
09:52:22,61.89,1500,
09:52:22,61.90,400,
09:52:23,61.90,200,
09:52:23,61.90,200,
09:52:23,61.90,100,
09:52:23,61.90,100,
09:52:23,61.90,600,
09:52:24,61.90,800,
09:52:24,61.90,400,
09:52:24,61.90,208,
09:52:24,61.90,100,
09:52:24,61.90,100,
09:52:24,61.90,192,
09:52:25,61.90,100,
09:52:25,61.90,500,
09:52:25,61.90,900,
09:52:25,61.90,500,
09:52:25,61.90,100,
09:52:25,61.90,100,
09:52:25,61.90,500,
09:52:25,61.90,420,
09:52:25,61.90,500,
09:52:25,61.90,900,
09:52:25,61.90,200,
09:52:25,61.90,4800,
09:52:25,61.90,500,
09:52:28,61.91,100,
09:52:29,61.90,1419,
09:52:29,61.90,200,
09:52:29,61.90,100,
09:52:31,61.90,200,
09:52:31,61.90,400,
09:52:31,61.90,100,
09:52:32,61.891,100,
09:52:35,61.89,274,
09:52:37,61.88,600,
09:52:37,61.88,200,
09:52:37,61.88,600,
09:52:37,61.88,800,
09:52:37,61.88,100,
09:52:37,61.88,900,
09:52:37,61.88,100,
09:52:38,61.88,100,
09:52:38,61.88,500,
09:52:38,61.88,100,
09:52:40,61.88,100,
09:52:42,61.87,100,
09:52:42,61.87,100,
09:52:46,61.86,200,
09:52:46,61.86,100,
09:52:46,61.8601,100,
09:52:47,61.86,100,
09:52:47,61.85,100,
09:52:47,61.85,200,
09:52:47,61.85,200,
09:52:47,61.85,400,
09:52:47,61.85,100,
09:52:48,61.842,250,
09:52:50,61.845,100,
09:52:50,61.85,100,
09:52:50,61.85,100,
09:52:53,61.84,100,
09:52:53,61.84,100,
09:52:53,61.84,800,
09:52:53,61.84,2000,
09:52:53,61.84,100,
09:52:53,61.84,100,
09:52:53,61.83,100,
09:52:53,61.83,100,
09:52:53,61.83,100,
09:52:53,61.83,100,
09:52:54,61.84,100,
09:52:54,61.84,100,
09:52:55,61.83,100,
09:52:56,61.84,100,
09:53:02,61.83,100,
09:53:03,61.8301,7000,
09:53:07,61.84,200,
09:53:08,61.83,300,
09:53:08,61.83,100,
09:53:10,61.83,100,
09:53:10,61.83,3200,
09:53:10,61.83,800,
09:53:12,61.82,500,
09:53:12,61.82,400,
09:53:12,61.83,400,
09:53:12,61.83,100,
09:53:12,61.8299,100,
09:53:16,61.83,155,
09:53:16,61.83,200,
09:53:16,61.83,455,
09:53:16,61.83,800,
09:53:16,61.8399,200,
09:53:16,61.835,700,
09:53:16,61.835,700,
09:53:16,61.835,900,
09:53:16,61.84,200,
09:53:16,61.835,2000,
09:53:16,61.835,700,
09:53:16,61.84,100,
09:53:18,61.835,1600,
09:53:18,61.84,200,
09:53:18,61.835,3000,
09:53:19,61.835,600,
09:53:19,61.84,200,
09:53:19,61.84,500,
09:53:19,61.84,400,
09:53:19,61.84,100,
09:53:19,61.84,400,
09:53:19,61.84,200,
09:53:19,61.84,200,
09:53:19,61.84,100,
09:53:19,61.84,600,
09:53:19,61.84,1600,
09:53:19,61.84,400,
09:53:19,61.84,400,
09:53:19,61.84,100,
09:53:19,61.84,100,
09:53:19,61.84,100,
09:53:19,61.84,100,
09:53:19,61.84,1217,
09:53:19,61.84,800,
09:53:19,61.84,800,
09:53:19,61.84,400,
09:53:19,61.84,400,
09:53:19,61.84,400,
09:53:19,61.84,100,
09:53:19,61.84,100,
09:53:19,61.84,200,
09:53:21,61.85,500,
09:53:23,61.84,300,
09:53:23,61.84,100,
09:53:28,61.845,100,
09:53:28,61.845,100,
09:53:28,61.84,400,
09:53:28,61.84,100,
09:53:29,61.85,100,
09:53:29,61.85,200,
09:53:31,61.85,100,
09:53:34,61.85,100,
09:53:35,61.85,100,
09:53:36,61.85,100,
09:53:36,61.85,300,
09:53:38,61.8499,200,
09:53:40,61.85,100,
09:53:40,61.85,100,
09:53:41,61.85,300,
09:53:42,61.85,100,
09:53:43,61.85,100,
09:53:47,61.85,200,
09:53:48,61.85,100,
09:53:50,61.85,100,
09:53:52,61.84,300,
09:53:52,61.84,100,
09:53:52,61.84,200,
09:53:52,61.83,1100,
09:53:52,61.84,100,
09:53:52,61.84,996,
09:53:52,61.84,1000,
09:53:53,61.83,600,
09:53:53,61.83,100,
09:53:55,61.84,200,
09:53:55,61.83,100,
09:53:58,61.84,100,
09:54:00,61.84,1300,
09:54:05,61.83,400,
09:54:05,61.83,100,
09:54:06,61.83,200,
09:54:07,61.83,100,
09:54:07,61.83,100,
09:54:08,61.83,100,
09:54:08,61.84,200,
09:54:11,61.83,100,
09:54:12,61.83,100,
09:54:12,61.83,1700,
09:54:13,61.83,200,
09:54:13,61.83,100,
09:54:18,61.83,600,
09:54:18,61.83,100,
09:54:18,61.83,500,
09:54:19,61.8301,400,
09:54:20,61.8307,200,
09:54:21,61.83,100,
09:54:21,61.83,200,
09:54:21,61.82,100,
09:54:21,61.82,100,
09:54:22,61.8182,861,
09:54:28,61.82,400,
09:54:30,61.82,200,
09:54:30,61.815,100,
09:54:32,61.811,500,
09:54:33,61.82,400,
09:54:33,61.82,1000,
09:54:33,61.82,600,
09:54:34,61.825,2300,
09:54:34,61.825,800,
09:54:34,61.83,5000,
09:54:34,61.823,400,
09:54:35,61.83,100,
09:54:35,61.825,600,
09:54:35,61.825,500,
09:54:35,61.83,400,
09:54:35,61.825,600,
09:54:35,61.83,500,
09:54:35,61.83,800,
09:54:35,61.83,300,
09:54:35,61.83,100,
09:54:35,61.83,100,
09:54:35,61.83,100,
09:54:35,61.83,100,
09:54:35,61.83,100,
09:54:38,61.82,300,
09:54:40,61.81,492,
09:54:41,61.81,600,
09:54:41,61.81,708,
09:54:41,61.80,1200,
09:54:41,61.80,1645,
09:54:41,61.80,100,
09:54:41,61.80,100,
09:54:41,61.79,100,
09:54:41,61.80,300,
09:54:41,61.80,300,
09:54:41,61.80,800,
09:54:41,61.80,400,
09:54:41,61.80,400,
09:54:41,61.80,800,
09:54:41,61.80,900,
09:54:41,61.80,1600,
09:54:41,61.79,200,
09:54:42,61.8001,100,
09:54:42,61.80,300,
09:54:42,61.80,100,
09:54:42,61.80,100,
09:54:44,61.7901,200,
09:54:44,61.79,100,
09:54:44,61.80,1000,
09:54:45,61.80,100,
09:54:45,61.80,100,
09:54:45,61.80,1300,
09:54:45,61.80,300,
09:54:45,61.80,100,
09:54:45,61.80,600,
09:54:45,61.80,100,
09:54:45,61.80,600,
09:54:45,61.80,300,
09:54:45,61.80,100,
09:54:45,61.80,1120,
09:54:45,61.80,500,
09:54:45,61.80,310,
09:54:45,61.80,500,
09:54:45,61.80,125,
09:54:45,61.80,1100,
09:54:45,61.80,310,
09:54:45,61.80,300,
09:54:46,61.80,100,
09:54:46,61.80,1400,
09:54:47,61.7907,300,
09:54:47,61.80,1200,
09:54:47,61.80,200,
09:54:47,61.80,700,
09:54:47,61.80,1300,
09:54:47,61.7999,1000,
09:54:50,61.81,100,
09:54:57,61.80,100,
09:55:00,61.80,200,
09:55:00,61.80,100,
09:55:04,61.81,100,
09:55:04,61.81,100,
09:55:04,61.805,2600,
09:55:04,61.805,500,
09:55:04,61.805,2000,
09:55:04,61.805,800,
09:55:04,61.805,1000,
09:55:04,61.805,1600,
09:55:04,61.805,1100,
09:55:04,61.81,500,
09:55:04,61.82,180,
09:55:04,61.82,400,
09:55:04,61.805,1600,
09:55:04,61.815,1100,
09:55:05,61.815,1200,
09:55:05,61.82,500,
09:55:05,61.82,600,
09:55:05,61.82,600,
09:55:05,61.82,100,
09:55:05,61.82,500,
09:55:05,61.82,388,
09:55:05,61.82,100,
09:55:05,61.83,400,
09:55:05,61.83,800,
09:55:05,61.83,400,
09:55:05,61.83,200,
09:55:05,61.82,200,
09:55:05,61.83,500,
09:55:05,61.82,100,
09:55:05,61.82,1100,
09:55:05,61.83,100,
09:55:05,61.83,100,
09:55:05,61.83,300,
09:55:05,61.83,300,
09:55:05,61.83,400,
09:55:05,61.83,800,
09:55:05,61.83,1500,
09:55:05,61.83,600,
09:55:05,61.83,100,
09:55:05,61.83,100,
09:55:06,61.83,300,
09:55:06,61.83,100,
09:55:06,61.83,500,
09:55:06,61.825,700,
09:55:07,61.825,700,
09:55:07,61.825,1000,
09:55:07,61.825,700,
09:55:08,61.835,600,
09:55:08,61.8377,100,
09:55:08,61.84,100,
09:55:08,61.8377,100,
09:55:08,61.84,100,
09:55:09,61.835,300,
09:55:10,61.84,100,
09:55:10,61.84,400,
09:55:10,61.84,600,
09:55:10,61.845,400,
09:55:11,61.85,400,
09:55:13,61.86,100,
09:55:13,61.86,100,
09:55:14,61.86,200,
09:55:16,61.85,100,
09:55:16,61.85,100,
09:55:16,61.85,100,
09:55:16,61.85,100,
09:55:17,61.8405,1000,
09:55:18,61.84,768,
09:55:18,61.84,800,
09:55:18,61.84,410,
09:55:18,61.84,100,
09:55:20,61.83,100,
09:55:20,61.83,100,
09:55:20,61.83,100,
09:55:20,61.83,800,
09:55:20,61.83,300,
09:55:20,61.83,800,
09:55:20,61.83,400,
09:55:20,61.83,100,
09:55:20,61.83,100,
09:55:20,61.82,500,
09:55:20,61.82,100,
09:55:20,61.82,100,
09:55:20,61.83,300,
09:55:21,61.82,500,
09:55:21,61.82,100,
09:55:21,61.82,100,
09:55:21,61.82,400,
09:55:21,61.82,100,
09:55:21,61.82,400,
09:55:21,61.82,1200,
09:55:21,61.82,2000,
09:55:21,61.82,400,
09:55:21,61.82,400,
09:55:21,61.82,300,
09:55:21,61.82,100,
09:55:21,61.82,800,
09:55:21,61.82,300,
09:55:21,61.82,1000,
09:55:21,61.82,100,
09:55:21,61.82,200,
09:55:21,61.82,400,
09:55:21,61.82,100,
09:55:21,61.82,200,
09:55:21,61.82,1000,
09:55:23,61.82,100,
09:55:26,61.83,100,
09:55:26,61.84,800,
09:55:26,61.84,400,
09:55:26,61.8299,100,
09:55:26,61.8299,100,
09:55:26,61.84,570,
09:55:29,61.83,100,
09:55:29,61.83,100,
09:55:29,61.83,100,
09:55:29,61.83,400,
09:55:29,61.83,500,
09:55:29,61.83,100,
09:55:29,61.83,800,
09:55:29,61.84,200,
09:55:29,61.84,100,
09:55:32,61.83,100,
09:55:32,61.82,100,
09:55:34,61.83,100,
09:55:36,61.83,400,
09:55:36,61.83,800,
09:55:36,61.83,500,
09:55:36,61.83,1700,
09:55:38,61.83,100,
09:55:39,61.83,100,
09:55:39,61.83,200,
09:55:39,61.83,1100,
09:55:39,61.84,270,
09:55:41,61.83,100,
09:55:48,61.83,100,
09:55:48,61.83,400,
09:55:48,61.83,200,
09:55:48,61.83,100,
09:55:49,61.83,1056,
09:55:49,61.83,244,
09:55:50,61.8286,450,
09:55:51,61.83,1044,
09:55:52,61.83,100,
09:55:52,61.83,100,
09:55:52,61.83,100,
09:55:52,61.84,200,
09:55:53,61.83,100,
09:55:54,61.83,200,
09:55:54,61.83,100,
09:55:56,61.83,200,
09:56:01,61.84,100,
09:56:01,61.835,100,
09:56:04,61.85,100,
09:56:04,61.845,100,
09:56:06,61.85,100,
09:56:07,61.85,500,
09:56:11,61.85,100,
09:56:13,61.84,400,
09:56:13,61.84,500,
09:56:14,61.84,100,
09:56:14,61.84,200,
09:56:15,61.84,200,
09:56:19,61.83,100,
09:56:19,61.83,100,
09:56:22,61.82,600,
09:56:22,61.82,100,
09:56:22,61.82,100,
09:56:23,61.82,100,
09:56:28,61.82,600,
09:56:28,61.82,1200,
09:56:28,61.82,11536,
09:56:28,61.82,400,
09:56:28,61.82,400,
09:56:28,61.82,100,
09:56:28,61.82,340,
09:56:28,61.81,100,
09:56:29,61.82,200,
09:56:29,61.82,800,
09:56:29,61.82,100,
09:56:30,61.83,100,
09:56:37,61.84,100,
09:56:42,61.83,300,
09:56:42,61.83,700,
09:56:44,61.83,100,
09:56:46,61.82,100,
09:56:54,61.82,100,
09:56:54,61.82,100,
09:56:54,61.82,100,
09:56:54,61.82,100,
09:56:54,61.82,100,
09:56:54,61.81,2000,
09:56:54,61.81,2000,
09:56:55,61.81,400,
09:56:55,61.81,600,
09:56:55,61.79,200,
09:56:55,61.79,200,
09:56:55,61.80,400,
09:56:55,61.80,100,
09:56:55,61.80,400,
09:56:55,61.80,100,
09:56:55,61.80,100,
09:56:55,61.80,400,
09:56:55,61.80,100,
09:56:55,61.80,300,
09:56:55,61.80,500,
09:56:55,61.79,200,
09:56:55,61.79,100,
09:56:55,61.79,100,
09:56:55,61.79,100,
09:56:55,61.79,100,
09:56:55,61.79,200,
09:56:55,61.79,400,
09:56:55,61.79,100,
09:56:55,61.79,400,
09:56:55,61.79,100,
09:56:55,61.79,400,
09:56:55,61.79,400,
09:56:55,61.79,100,
09:56:55,61.79,500,
09:56:55,61.79,600,
09:56:55,61.80,200,
09:56:55,61.79,300,
09:56:55,61.79,200,
09:56:55,61.80,200,
09:56:56,61.79,160,
09:56:56,61.79,800,
09:56:56,61.79,100,
09:56:56,61.7999,100,
09:56:56,61.80,100,
09:56:56,61.785,100,
09:56:59,61.79,100,
09:57:00,61.7977,400,
09:57:00,61.80,500,
09:57:01,61.80,200,
09:57:01,61.80,100,
09:57:01,61.80,100,
09:57:01,61.80,100,
09:57:01,61.80,100,
09:57:03,61.80,100,
09:57:04,61.80,600,
09:57:05,61.80,530,
09:57:05,61.80,400,
09:57:05,61.80,100,
09:57:05,61.80,800,
09:57:05,61.80,100,
09:57:05,61.81,200,
09:57:06,61.7925,200,
09:57:07,61.81,100,
09:57:07,61.81,100,
09:57:08,61.81,200,
09:57:08,61.81,900,
09:57:08,61.81,100,
09:57:08,61.81,100,
09:57:08,61.80,200,
09:57:08,61.81,400,
09:57:08,61.81,500,
09:57:08,61.81,3100,
09:57:08,61.81,100,
09:57:08,61.80,200,
09:57:08,61.81,300,
09:57:09,61.81,700,
09:57:09,61.80,100,
09:57:09,61.80,100,
09:57:09,61.80,100,
09:57:09,61.80,900,
09:57:09,61.80,300,
09:57:10,61.80,100,
09:57:10,61.80,100,
09:57:10,61.80,1100,
09:57:12,61.80,100,
09:57:12,61.80,167,
09:57:13,61.80,100,
09:57:15,61.80,100,
09:57:16,61.80,200,
09:57:16,61.80,200,
09:57:16,61.80,100,
09:57:17,61.80,100,
09:57:18,61.80,100,
09:57:22,61.795,100,
09:57:23,61.80,200,
09:57:23,61.80,200,
09:57:23,61.80,100,
09:57:23,61.80,400,
09:57:24,61.80,200,
09:57:25,61.80,100,
09:57:26,61.80,100,
09:57:26,61.80,100,
09:57:27,61.80,100,
09:57:27,61.80,100,
09:57:27,61.80,200,
09:57:28,61.80,100,
09:57:28,61.80,100,
09:57:28,61.80,100,
09:57:28,61.80,400,
09:57:28,61.80,100,
09:57:28,61.80,1100,
09:57:36,61.80,300,
09:57:36,61.8001,637,
09:57:39,61.80,100,
09:57:42,61.80,100,
09:57:43,61.81,200,
09:57:43,61.81,700,
09:57:43,61.81,200,
09:57:43,61.805,100,
09:57:43,61.81,100,
09:57:43,61.81,366,
09:57:43,61.81,500,
09:57:43,61.81,1000,
09:57:43,61.81,895,
09:57:44,61.80,100,
09:57:46,61.80,300,
09:57:52,61.80,100,
09:57:54,61.81,966,
09:57:54,61.81,100,
09:57:55,61.81,100,
09:57:56,61.81,100,
09:57:56,61.82,100,
09:57:56,61.82,100,
09:57:57,61.82,2000,
09:57:57,61.82,800,
09:57:59,61.82,300,
09:57:59,61.82,500,
09:58:00,61.82,200,
09:58:00,61.82,600,
09:58:00,61.82,100,
09:58:00,61.82,1600,
09:58:00,61.82,100,
09:58:04,61.83,100,
09:58:05,61.83,194,
09:58:05,61.83,500,
09:58:06,61.83,100,
09:58:07,61.83,800,
09:58:07,61.83,100,
09:58:07,61.83,100,
09:58:07,61.83,100,
09:58:07,61.83,100,
09:58:07,61.84,100,
09:58:07,61.84,100,
09:58:07,61.84,300,
09:58:07,61.85,100,
09:58:07,61.85,150,
09:58:07,61.84,100,
09:58:07,61.83,100,
09:58:07,61.83,400,
09:58:07,61.83,100,
09:58:07,61.83,500,
09:58:09,61.83,100,
09:58:09,61.84,334,
09:58:09,61.84,1600,
09:58:18,61.8399,100,
09:58:22,61.83,100,
09:58:22,61.83,200,
09:58:22,61.83,1095,
09:58:22,61.83,1300,
09:58:22,61.83,676,
09:58:24,61.84,100,
09:58:26,61.84,100,
09:58:29,61.84,100,
09:58:29,61.84,200,
09:58:29,61.84,100,
09:58:29,61.8401,1100,
09:58:36,61.83,100,
09:58:36,61.83,200,
09:58:36,61.83,300,
09:58:36,61.82,100,
09:58:36,61.82,100,
09:58:38,61.82,100,
09:58:38,61.82,400,
09:58:38,61.82,500,
09:58:38,61.82,500,
09:58:38,61.82,100,
09:58:44,61.84,300,
09:58:44,61.84,100,
09:58:44,61.84,800,
09:58:44,61.84,400,
09:58:44,61.84,100,
09:58:44,61.84,400,
09:58:44,61.84,100,
09:58:44,61.84,954,
09:58:44,61.84,100,
09:58:44,61.8399,100,
09:58:44,61.8399,800,
09:58:44,61.8399,100,
09:58:44,61.8399,100,
09:58:44,61.8399,200,
09:58:44,61.8399,100,
09:58:44,61.84,100,
09:58:44,61.8399,400,
09:58:44,61.8399,100,
09:58:44,61.8399,100,
09:58:45,61.84,100,
09:58:51,61.83,300,
09:58:52,61.84,100,
09:58:54,61.85,100,
09:58:55,61.86,100,
09:58:55,61.87,2000,
09:58:57,61.8601,500,
09:59:00,61.86,100,
09:59:00,61.86,100,
09:59:00,61.8599,600,
09:59:03,61.87,600,
09:59:03,61.88,100,
09:59:04,61.87,100,
09:59:06,61.86,400,
09:59:06,61.86,600,
09:59:06,61.86,300,
09:59:08,61.87,150,
09:59:09,61.85,1000,
09:59:11,61.86,100,
09:59:11,61.86,400,
09:59:11,61.86,100,
09:59:11,61.86,100,
09:59:12,61.85,100,
09:59:12,61.85,200,
09:59:14,61.84,100,
09:59:16,61.83,200,
09:59:16,61.83,100,
09:59:16,61.83,400,
09:59:17,61.83,100,
09:59:17,61.83,186,
09:59:17,61.83,100,
09:59:17,61.83,400,
09:59:17,61.83,100,
09:59:17,61.83,100,
09:59:17,61.83,100,
09:59:21,61.8376,100,
09:59:25,61.84,1800,
09:59:28,61.85,100,
09:59:35,61.85,100,
09:59:36,61.85,100,
09:59:36,61.84,100,
09:59:38,61.84,100,
09:59:42,61.83,1700,
09:59:42,61.84,100,
09:59:42,61.85,200,
09:59:43,61.83,100,
09:59:47,61.86,100,
09:59:47,61.86,100,
09:59:47,61.86,100,
09:59:47,61.87,100,
09:59:47,61.87,144,
09:59:47,61.87,294,
09:59:47,61.87,300,
09:59:47,61.87,500,
09:59:49,61.88,2000,
09:59:49,61.88,1305,
09:59:49,61.88,205,
09:59:51,61.87,100,
09:59:51,61.87,200,
09:59:51,61.86,100,
09:59:51,61.86,200,
09:59:54,61.85,100,
09:59:54,61.86,100,
09:59:54,61.86,400,
09:59:54,61.86,100,
09:59:54,61.86,100,
09:59:55,61.87,100,
09:59:55,61.87,100,
09:59:55,61.87,100,
09:59:55,61.87,100,
09:59:55,61.87,500,
09:59:59,61.85,100,
10:00:01,61.85,115,
10:00:01,61.85,300,
10:00:01,61.85,137,
10:00:01,61.85,100,
10:00:01,61.8523,100,
10:00:01,61.8523,100,
10:00:01,61.8523,149,
10:00:01,61.85,100,
10:00:01,61.84,154,
10:00:01,61.8493,154,
10:00:01,61.84,300,
10:00:01,61.8525,376,
10:00:01,61.84,272,
10:00:01,61.84,400,
10:00:01,61.84,100,
10:00:01,61.84,500,
10:00:01,61.84,900,
10:00:01,61.8426,200,
10:00:01,61.8425,200,
10:00:01,61.8427,100,
10:00:01,61.8424,100,
10:00:01,61.8424,200,
10:00:01,61.84,200,
10:00:01,61.8425,272,
10:00:01,61.8424,819,
10:00:01,61.8426,196,
10:00:01,61.85,100,
10:00:01,61.8423,527,
10:00:02,61.843,500,
10:00:03,61.8443,180,
10:00:03,61.8426,242,
10:00:03,61.85,283,
10:00:03,61.8424,136,
10:00:04,61.843,145,
10:00:04,61.8423,397,
10:00:04,61.8401,805,
10:00:05,61.845,500,
10:00:06,61.8424,603,
10:00:10,61.84,100,
10:00:10,61.84,100,
10:00:10,61.84,100,
10:00:10,61.84,300,
10:00:12,61.85,100,
10:00:12,61.85,600,
10:00:12,61.85,500,
10:00:13,61.8501,100,
10:00:16,61.85,100,
10:00:16,61.85,100,
10:00:16,61.85,400,
10:00:16,61.85,100,
10:00:16,61.85,600,
10:00:17,61.85,200,
10:00:18,61.85,200,
10:00:18,61.85,100,
10:00:18,61.85,100,
10:00:20,61.85,200,
10:00:25,61.86,300,
10:00:33,61.86,500,
10:00:33,61.86,128,
10:00:33,61.86,400,
10:00:33,61.86,400,
10:00:33,61.86,400,
10:00:33,61.86,100,
10:00:36,61.85,100,
10:00:36,61.85,100,
10:00:40,61.8409,1000,
10:00:43,61.85,100,
10:00:43,61.85,100,
10:00:43,61.85,100,
10:00:43,61.85,100,
10:00:48,61.87,100,
10:00:50,61.87,100,
10:00:50,61.87,100,
10:00:50,61.87,100,
10:00:50,61.875,100,
10:00:56,61.87,100,
10:00:56,61.875,100,
10:00:58,61.89,200,
10:00:58,61.89,200,
10:00:58,61.89,100,
10:00:58,61.8899,100,
10:00:58,61.8899,100,
10:01:00,61.88,400,
10:01:01,61.88,200,
10:01:01,61.88,268,
10:01:01,61.88,100,
10:01:01,61.88,532,
10:01:02,61.88,200,
10:01:02,61.88,100,
10:01:02,61.88,100,
10:01:02,61.88,1300,
10:01:02,61.88,128,
10:01:03,61.8899,2000,
10:01:04,61.88,100,
10:01:04,61.88,100,
10:01:04,61.88,100,
10:01:04,61.88,400,
10:01:04,61.88,200,
10:01:04,61.88,100,
10:01:06,61.89,600,
10:01:06,61.89,800,
10:01:06,61.89,100,
10:01:06,61.89,100,
10:01:06,61.89,200,
10:01:06,61.90,2000,
10:01:08,61.89,100,
10:01:08,61.8899,1000,
10:01:09,61.89,100,
10:01:09,61.89,200,
10:01:09,61.89,100,
10:01:10,61.90,800,
10:01:10,61.90,2000,
10:01:10,61.8974,200,
10:01:14,61.90,100,
10:01:17,61.90,200,
10:01:17,61.90,100,
10:01:17,61.90,100,
10:01:17,61.89,100,
10:01:18,61.88,200,
10:01:18,61.88,200,
10:01:18,61.88,243,
10:01:18,61.87,100,
10:01:18,61.87,200,
10:01:19,61.87,400,
10:01:19,61.87,100,
10:01:20,61.88,100,
10:01:20,61.88,100,
10:01:20,61.88,100,
10:01:20,61.88,300,
10:01:25,61.88,400,
10:01:25,61.88,300,
10:01:25,61.88,100,
10:01:25,61.88,100,
10:01:25,61.88,100,
10:01:25,61.88,2000,
10:01:26,61.8805,700,
10:01:29,61.88,100,
10:01:29,61.88,100,
10:01:30,61.89,600,
10:01:30,61.89,210,
10:01:30,61.89,300,
10:01:30,61.89,400,
10:01:30,61.89,100,
10:01:38,61.88,100,
10:01:48,61.90,200,
10:01:48,61.90,100,
10:01:48,61.90,800,
10:01:55,61.90,100,
10:01:58,61.90,200,
10:01:58,61.90,100,
10:01:58,61.90,100,
10:01:58,61.90,100,
10:02:00,61.89,100,
10:02:03,61.90,200,
10:02:03,61.90,100,
10:02:03,61.90,500,
10:02:03,61.90,3500,
10:02:03,61.90,100,
10:02:03,61.90,1300,
10:02:03,61.90,500,
10:02:03,61.90,200,
10:02:03,61.90,100,
10:02:03,61.90,400,
10:02:03,61.90,100,
10:02:03,61.90,100,
10:02:03,61.90,2000,
10:02:03,61.90,102,
10:02:03,61.90,100,
10:02:03,61.90,400,
10:02:03,61.90,300,
10:02:03,61.91,300,
10:02:03,61.91,300,
10:02:03,61.91,100,
10:02:03,61.91,100,
10:02:03,61.91,400,
10:02:03,61.91,200,
10:02:03,61.91,100,
10:02:03,61.91,600,
10:02:03,61.90,300,
10:02:03,61.90,300,
10:02:03,61.90,100,
10:02:04,61.90,600,
10:02:10,61.90,1000,
10:02:11,61.91,2000,
10:02:13,61.91,1237,
10:02:16,61.9099,300,
10:02:16,61.91,1300,
10:02:16,61.91,900,
10:02:16,61.9099,1500,
10:02:16,61.9099,1200,
10:02:16,61.91,1200,
10:02:16,61.90,1000,
10:02:16,61.90,200,
10:02:22,61.90,100,
10:02:22,61.9013,100,
10:02:22,61.90,100,
10:02:22,61.90,100,
10:02:22,61.9014,100,
10:02:29,61.91,200,
10:02:29,61.91,100,
10:02:29,61.91,100,
10:02:29,61.91,100,
10:02:29,61.91,100,
10:02:29,61.91,100,
10:02:30,61.91,100,
10:02:30,61.92,100,
10:02:31,61.92,500,
10:02:31,61.92,100,
10:02:31,61.91,100,
10:02:31,61.91,100,
10:02:32,61.92,200,
10:02:34,61.91,100,
10:02:34,61.91,500,
10:02:34,61.91,100,
10:02:35,61.90,100,
10:02:36,61.91,500,
10:02:40,61.91,500,
10:02:47,61.90,100,
10:02:47,61.90,100,
10:02:47,61.90,100,
10:02:47,61.90,200,
10:02:48,61.89,100,
10:02:48,61.89,100,
10:02:48,61.89,100,
10:02:49,61.90,100,
10:02:49,61.90,100,
10:02:50,61.89,400,
10:02:50,61.89,400,
10:02:50,61.89,100,
10:02:50,61.89,100,
10:02:50,61.90,100,
10:02:50,61.90,900,
10:02:50,61.90,100,
10:02:50,61.90,200,
10:02:52,61.8823,100,
10:02:52,61.8801,1400,
10:02:52,61.88,1400,
10:02:52,61.88,200,
10:02:52,61.8825,200,
10:02:54,61.89,100,
10:02:55,61.89,500,
10:02:56,61.89,186,
10:02:56,61.89,400,
10:02:56,61.89,300,
10:02:56,61.89,100,
10:02:56,61.89,300,
10:02:56,61.89,100,
10:02:56,61.89,200,
10:02:56,61.90,3000,
10:02:56,61.90,2000,
10:02:56,61.90,100,
10:02:56,61.90,100,
10:02:56,61.90,100,
10:02:58,61.90,300,
10:02:58,61.90,300,
10:02:58,61.898,13600,
10:02:58,61.90,300,
10:03:00,61.90,400,
10:03:00,61.89,900,
10:03:00,61.89,100,
10:03:00,61.89,100,
10:03:00,61.89,400,
10:03:00,61.89,100,
10:03:00,61.89,100,
10:03:00,61.89,200,
10:03:00,61.90,100,
10:03:00,61.90,1300,
10:03:00,61.892,2000,
10:03:00,61.895,100,
10:03:00,61.89,1300,
10:03:00,61.90,200,
10:03:00,61.90,600,
10:03:00,61.895,600,
10:03:00,61.90,200,
10:03:00,61.90,2000,
10:03:00,61.8975,100,
10:03:00,61.90,2000,
10:03:00,61.90,200,
10:03:00,61.8975,100,
10:03:00,61.895,300,
10:03:00,61.90,1200,
10:03:00,61.8975,100,
10:03:00,61.89,500,
10:03:00,61.895,200,
10:03:00,61.89,500,
10:03:00,61.8975,200,
10:03:00,61.89,200,
10:03:00,61.89,400,
10:03:00,61.89,800,
10:03:00,61.89,300,
10:03:00,61.89,800,
10:03:00,61.89,300,
10:03:00,61.89,200,
10:03:00,61.89,800,
10:03:00,61.90,200,
10:03:00,61.89,500,
10:03:00,61.898,24000,
10:03:01,61.885,1799,
10:03:01,61.89,13500,
10:03:01,61.89,2000,
10:03:01,61.89,1500,
10:03:01,61.89,900,
10:03:01,61.89,100,
10:03:01,61.885,200,
10:03:01,61.88,100,
10:03:01,61.88,200,
10:03:01,61.88,323,
10:03:01,61.88,100,
10:03:01,61.885,400,
10:03:01,61.88,100,
10:03:01,61.88,300,
10:03:01,61.88,1900,
10:03:01,61.88,500,
10:03:01,61.88,100,
10:03:01,61.88,700,
10:03:01,61.88,300,
10:03:01,61.885,1300,
10:03:01,61.885,300,
10:03:01,61.89,700,
10:03:01,61.89,100,
10:03:01,61.8875,100,
10:03:01,61.89,200,
10:03:01,61.89,400,
10:03:01,61.8875,300,
10:03:01,61.885,300,
10:03:01,61.88,400,
10:03:01,61.885,300,
10:03:01,61.89,1700,
10:03:01,61.885,200,
10:03:01,61.885,700,
10:03:01,61.88,100,
10:03:01,61.88,200,
10:03:01,61.88,100,
10:03:01,61.885,1200,
10:03:01,61.885,200,
10:03:01,61.88,200,
10:03:01,61.89,400,
10:03:02,61.895,2000,
10:03:02,61.88,700,
10:03:02,61.88,300,
10:03:02,61.885,100,
10:03:02,61.888,8000,
10:03:02,61.8885,400,
10:03:03,61.888,5900,
10:03:03,61.89,100,
10:03:03,61.87,200,
10:03:03,61.87,300,
10:03:05,61.87,600,
10:03:05,61.87,400,
10:03:05,61.87,200,
10:03:05,61.88,100,
10:03:05,61.88,300,
10:03:05,61.88,400,
10:03:05,61.88,600,
10:03:05,61.88,600,
10:03:05,61.87,851,
10:03:05,61.87,300,
10:03:05,61.87,100,
10:03:05,61.87,200,
10:03:05,61.88,800,
10:03:05,61.88,500,
10:03:06,61.87,300,
10:03:06,61.87,2000,
10:03:07,61.86,2100,
10:03:07,61.86,300,
10:03:07,61.86,100,
10:03:07,61.86,100,
10:03:07,61.86,300,
10:03:08,61.87,300,
10:03:08,61.87,500,
10:03:08,61.87,400,
10:03:09,61.87,100,
10:03:11,61.8601,900,
10:03:11,61.86,500,
10:03:11,61.86,800,
10:03:11,61.87,400,
10:03:11,61.87,200,
10:03:11,61.87,500,
10:03:11,61.87,2000,
10:03:11,61.87,300,
10:03:11,61.87,100,
10:03:11,61.87,2000,
10:03:11,61.87,500,
10:03:11,61.87,500,
10:03:11,61.87,2000,
10:03:11,61.87,700,
10:03:11,61.87,500,
10:03:11,61.87,500,
10:03:12,61.87,1500,
10:03:12,61.87,800,
10:03:12,61.86,100,
10:03:12,61.86,100,
10:03:12,61.86,100,
10:03:13,61.87,100,
10:03:13,61.8675,200,
10:03:13,61.87,100,
10:03:13,61.86,200,
10:03:13,61.86,100,
10:03:13,61.86,100,
10:03:13,61.86,2000,
10:03:13,61.86,1198,
10:03:13,61.85,100,
10:03:13,61.85,100,
10:03:13,61.85,400,
10:03:13,61.85,100,
10:03:13,61.85,200,
10:03:13,61.85,300,
10:03:13,61.85,600,
10:03:13,61.85,1700,
10:03:13,61.85,400,
10:03:13,61.85,500,
10:03:13,61.85,1000,
10:03:13,61.85,400,
10:03:13,61.85,400,
10:03:13,61.85,300,
10:03:13,61.85,700,
10:03:13,61.85,600,
10:03:13,61.85,1300,
10:03:13,61.85,300,
10:03:13,61.85,100,
10:03:13,61.85,281,
10:03:13,61.85,781,
10:03:14,61.86,100,
10:03:14,61.85,100,
10:03:14,61.86,3600,
10:03:14,61.85,100,
10:03:14,61.85,500,
10:03:14,61.86,481,
10:03:14,61.86,381,
10:03:14,61.85,281,
10:03:14,61.86,400,
10:03:14,61.85,300,
10:03:14,61.85,300,
10:03:14,61.85,100,
10:03:14,61.85,300,
10:03:14,61.86,600,
10:03:14,61.84,300,
10:03:14,61.84,200,
10:03:14,61.85,400,
10:03:14,61.85,100,
10:03:14,61.85,300,
10:03:14,61.85,507,
10:03:14,61.85,800,
10:03:14,61.85,593,
10:03:14,61.86,600,
