09:30:00,64.83,200,
09:30:00,64.83,400,
09:30:00,64.83,200,
09:30:00,64.83,200,
09:30:00,64.83,800,
09:30:00,64.83,600,
09:30:00,64.83,1000,
09:30:00,64.83,600,
09:30:00,64.83,200,
09:30:00,64.83,97868,
09:30:00,64.83,200,
09:30:00,64.83,200,
09:30:00,64.83,200,
09:30:00,64.83,500,
09:30:00,64.83,2400,
09:30:00,64.83,800,
09:30:00,64.83,2000,
09:30:00,64.82,320,
09:30:00,64.81,100,
09:30:00,64.815,100,
09:30:00,64.80,100,
09:30:00,64.80,154,
09:30:00,64.80,154,
09:30:00,64.80,115,
09:30:00,64.80,200,
09:30:00,64.80,100,
09:30:00,64.80,190,
09:30:01,64.79,900,
09:30:02,64.79,800,
09:30:02,64.79,100,
09:30:02,64.83,115,
09:30:02,64.83,6600,
09:30:02,64.83,150,
09:30:02,64.83,187,
09:30:02,64.83,100,
09:30:02,64.83,3000,
09:30:02,64.83,500,
09:30:02,64.83,154,
09:30:02,64.83,100,
09:30:02,64.83,100,
09:30:02,64.83,100,
09:30:02,64.83,105,
09:30:02,64.83,100,
09:30:02,64.83,102,
09:30:02,64.83,100,
09:30:02,64.83,1157,
09:30:02,64.83,13700,
09:30:02,64.83,772,
09:30:02,64.83,230,
09:30:02,64.83,350,
09:30:02,64.83,315,
09:30:02,64.83,740,
09:30:02,64.83,100,
09:30:02,64.83,2295,
09:30:02,64.83,5000,
09:30:02,64.83,1500,
09:30:02,64.83,100,
09:30:02,64.83,297,
09:30:02,64.83,120,
09:30:02,64.83,117,
09:30:02,64.83,100,
09:30:02,64.83,300,
09:30:02,64.83,117,
09:30:02,64.83,100,
09:30:02,64.83,150,
09:30:02,64.83,150,
09:30:02,64.83,300,
09:30:02,64.83,245,
09:30:02,64.83,500,
09:30:02,64.83,200,
09:30:02,64.83,463,
09:30:02,64.83,100,
09:30:02,64.83,153,
09:30:02,64.83,104,
09:30:02,64.83,3190,
09:30:02,64.83,225,
09:30:02,64.83,100,
09:30:02,64.83,235,
09:30:02,64.83,192,
09:30:02,64.83,230,
09:30:02,64.83,1185,
09:30:02,64.83,100,
09:30:02,64.83,163,
09:30:02,64.83,100,
09:30:02,64.83,170,
09:30:02,64.83,400,
09:30:02,64.83,700,
09:30:02,64.83,210,
09:30:02,64.83,150,
09:30:02,64.83,150,
09:30:02,64.83,200,
09:30:02,64.83,175,
09:30:02,64.83,100,
09:30:02,64.83,770,
09:30:02,64.83,600,
09:30:02,64.83,117,
09:30:02,64.83,8895,
09:30:02,64.83,2000,
09:30:02,64.83,700,
09:30:02,64.83,100,
09:30:02,64.83,1000,
09:30:02,64.83,500,
09:30:02,64.83,200,
09:30:02,64.83,6600,
09:30:02,64.83,155,
09:30:02,64.83,2000,
09:30:02,64.83,200,
09:30:02,64.83,363,
09:30:02,64.83,100,
09:30:02,64.83,3000,
09:30:02,64.83,110,
09:30:02,64.83,100,
09:30:02,64.83,500,
09:30:02,64.83,102,
09:30:02,64.83,130,
09:30:02,64.83,2000,
09:30:02,64.83,308,
09:30:02,64.83,100,
09:30:02,64.83,175,
09:30:02,64.83,280,
09:30:02,64.83,106,
09:30:02,64.83,1090,
09:30:02,64.83,300,
09:30:02,64.83,100,
09:30:02,64.83,100,
09:30:02,64.83,500,
09:30:02,64.83,238,
09:30:02,64.83,100,
09:30:02,64.83,200,
09:30:02,64.83,600,
09:30:02,64.83,500,
09:30:02,64.83,1430,
09:30:02,64.83,110,
09:30:02,64.83,250,
09:30:02,64.83,500,
09:30:02,64.83,263,
09:30:02,64.83,100,
09:30:02,64.83,100,
09:30:02,64.83,312,
09:30:02,64.83,1000,
09:30:02,64.83,600,
09:30:02,64.83,200,
09:30:02,64.83,500,
09:30:02,64.83,100,
09:30:02,64.83,3400,
09:30:02,64.83,750,
09:30:02,64.83,390,
09:30:02,64.83,200,
09:30:02,64.83,188,
09:30:02,64.83,225,
09:30:02,64.83,225,
09:30:02,64.83,100,
09:30:02,64.83,200,
09:30:02,64.83,2000,
09:30:02,64.83,150,
09:30:02,64.79,1900,
09:30:03,64.78,1000,
09:30:03,64.79,260,
09:30:03,64.78,130,
09:30:03,64.79,2940,
09:30:03,64.79,360,
09:30:03,64.79,200,
09:30:03,64.79,100,
09:30:04,64.78,800,
09:30:04,64.78,3500,
09:30:04,64.78,500,
09:30:04,64.78,1000,
09:30:04,64.78,400,
09:30:04,64.78,300,
09:30:04,64.78,780,
09:30:05,64.79,100,
09:30:05,64.78,1000,
09:30:06,64.78,1200,
09:30:06,64.77,1130,
09:30:06,64.78,900,
09:30:06,64.78,2300,
09:30:07,64.78,1200,
09:30:08,64.77,400,
09:30:08,64.77,200,
09:30:08,64.77,800,
09:30:08,64.77,600,
09:30:10,64.76,100,
09:30:11,64.76,400,
09:30:11,64.76,845,
09:30:11,64.76,100,
09:30:12,64.78,1800,
09:30:13,64.78,1200,
09:30:17,64.76,200,
09:30:17,64.76,100,
09:30:18,64.76,600,
09:30:20,64.76,100,
09:30:23,64.78,400,
09:30:24,64.76,200,
09:30:24,64.76,200,
09:30:25,64.76,900,
09:30:26,64.76,1000,
09:30:27,64.76,300,
09:30:32,64.76,2000,
09:30:33,64.76,200,
09:30:33,64.76,100,
09:30:35,64.7599,500,
09:30:36,64.77,800,
09:30:38,64.77,100,
09:30:38,64.7782,250,
09:30:39,64.77,200,
09:30:40,64.77,100,
09:30:40,64.77,700,
09:30:40,64.77,100,
09:30:40,64.77,100,
09:30:40,64.77,100,
09:30:40,64.77,200,
09:30:40,64.77,200,
09:30:40,64.77,500,
09:30:40,64.77,100,
09:30:40,64.77,100,
09:30:41,64.77,4800,
09:30:41,64.76,100,
09:30:41,64.76,601,
09:30:41,64.76,500,
09:30:42,64.7684,700,
09:30:42,64.76,100,
09:30:42,64.76,100,
09:30:43,64.76,200,
09:30:43,64.76,100,
09:30:45,64.75,100,
09:30:45,64.75,100,
09:30:45,64.75,400,
09:30:47,64.75,200,
09:30:47,64.75,100,
09:30:47,64.75,200,
09:30:47,64.75,100,
09:30:49,64.75,200,
09:30:49,64.75,300,
09:30:49,64.75,200,
09:30:49,64.75,100,
09:30:53,64.75,200,
09:30:53,64.75,500,
09:30:53,64.75,200,
09:30:53,64.76,185,
09:30:53,64.76,100,
09:30:53,64.76,100,
09:30:53,64.76,100,
09:30:53,64.76,100,
09:30:53,64.76,100,
09:30:53,64.76,100,
09:30:53,64.76,143,
09:30:54,64.75,900,
09:30:56,64.76,100,
09:30:56,64.7638,130,
09:30:58,64.76,100,
09:31:00,64.76,500,
09:31:00,64.76,200,
09:31:00,64.76,900,
09:31:00,64.76,100,
09:31:01,64.76,200,
09:31:01,64.76,100,
09:31:01,64.76,200,
09:31:01,64.78,515,
09:31:01,64.77,100,
09:31:01,64.77,100,
09:31:01,64.77,200,
09:31:01,64.77,100,
09:31:01,64.77,100,
09:31:01,64.76,500,
09:31:01,64.76,800,
09:31:01,64.76,500,
09:31:01,64.76,100,
09:31:01,64.76,2035,
09:31:01,64.76,500,
09:31:01,64.76,500,
09:31:01,64.775,100,
09:31:01,64.76,100,
09:31:01,64.76,100,
09:31:01,64.76,500,
09:31:03,64.77,200,
09:31:03,64.77,100,
09:31:04,64.77,1000,
09:31:04,64.77,500,
09:31:04,64.77,1040,
09:31:04,64.77,500,
09:31:04,64.77,100,
09:31:04,64.77,100,
09:31:04,64.77,100,
09:31:07,64.77,100,
09:31:09,64.77,1000,
09:31:10,64.775,500,
09:31:12,64.7782,200,
09:31:13,64.77,500,
09:31:15,64.7699,100,
09:31:15,64.7699,100,
09:31:15,64.7699,100,
09:31:16,64.755,100,
09:31:17,64.75,150,
09:31:18,64.78,100,
09:31:18,64.78,100,
09:31:18,64.78,400,
09:31:19,64.79,1000,
09:31:20,64.79,200,
09:31:20,64.79,400,
09:31:20,64.79,600,
09:31:20,64.79,400,
09:31:20,64.795,100,
09:31:23,64.79,100,
09:31:23,64.79,200,
09:31:23,64.79,100,
09:31:23,64.79,100,
09:31:24,64.79,100,
09:31:24,64.79,800,
09:31:24,64.7901,800,
09:31:24,64.7901,400,
09:31:24,64.7901,100,
09:31:24,64.7901,200,
09:31:24,64.79,300,
09:31:24,64.79,100,
09:31:24,64.79,300,
09:31:24,64.79,200,
09:31:24,64.79,100,
09:31:24,64.79,100,
09:31:24,64.795,600,
09:31:25,64.79,186,
09:31:29,64.79,100,
09:31:29,64.79,100,
09:31:29,64.79,100,
09:31:29,64.79,100,
09:31:29,64.79,100,
09:31:31,64.79,200,
09:31:31,64.795,200,
09:31:32,64.79,200,
09:31:32,64.79,200,
09:31:32,64.79,747,
09:31:32,64.795,200,
09:31:33,64.79,100,
09:31:41,64.79,200,
09:31:41,64.79,100,
09:31:41,64.79,100,
09:31:42,64.79,200,
09:31:42,64.79,200,
09:31:42,64.78,100,
09:31:42,64.78,100,
09:31:42,64.78,100,
09:31:42,64.78,200,
09:31:45,64.78,200,
09:31:45,64.78,400,
09:31:45,64.78,800,
09:31:45,64.78,200,
09:31:46,64.7885,100,
09:31:51,64.7899,200,
09:31:52,64.79,100,
09:31:52,64.795,1000,
09:32:00,64.79,200,
09:32:00,64.79,100,
09:32:00,64.79,200,
09:32:00,64.79,100,
09:32:00,64.79,100,
09:32:02,64.79,2400,
09:32:02,64.79,800,
09:32:02,64.79,100,
09:32:02,64.79,1000,
09:32:02,64.79,6000,
09:32:02,64.80,800,
09:32:02,64.80,3500,
09:32:02,64.79,800,
09:32:02,64.79,800,
09:32:02,64.80,500,
09:32:02,64.79,100,
09:32:02,64.80,2000,
09:32:02,64.80,400,
09:32:02,64.79,300,
09:32:02,64.79,300,
09:32:02,64.79,200,
09:32:02,64.79,300,
09:32:02,64.80,100,
09:32:02,64.81,2600,
09:32:02,64.81,400,
09:32:02,64.81,100,
09:32:02,64.80,100,
09:32:02,64.80,815,
09:32:02,64.80,100,
09:32:02,64.81,700,
09:32:02,64.81,100,
09:32:02,64.81,1140,
09:32:02,64.81,100,
09:32:02,64.81,200,
09:32:02,64.81,200,
09:32:02,64.81,600,
09:32:02,64.81,600,
09:32:04,64.81,100,
09:32:06,64.80,100,
09:32:06,64.80,100,
09:32:09,64.79,100,
09:32:09,64.79,100,
09:32:09,64.79,100,
09:32:10,64.79,500,
09:32:10,64.79,165,
09:32:10,64.79,100,
09:32:10,64.79,266,
09:32:10,64.79,200,
09:32:15,64.78,100,
09:32:15,64.78,100,
09:32:15,64.78,100,
09:32:22,64.77,300,
09:32:24,64.76,1000,
09:32:24,64.76,100,
09:32:24,64.76,200,
09:32:24,64.76,500,
09:32:24,64.76,100,
09:32:25,64.755,2000,
09:32:25,64.76,100,
09:32:25,64.76,200,
09:32:25,64.76,200,
09:32:25,64.77,100,
09:32:25,64.77,100,
09:32:27,64.7715,1500,
09:32:32,64.77,100,
09:32:32,64.77,700,
09:32:32,64.77,2020,
09:32:36,64.7699,5000,
09:32:36,64.7634,500,
09:32:45,64.76,100,
09:32:45,64.76,100,
09:32:47,64.76,186,
09:32:47,64.76,1000,
09:32:52,64.76,100,
09:32:52,64.755,100,
09:32:52,64.755,200,
09:32:52,64.7565,200,
09:32:54,64.7521,200,
09:32:57,64.76,200,
09:32:59,64.75,400,
09:32:59,64.75,1000,
09:32:59,64.75,800,
09:32:59,64.75,400,
09:32:59,64.75,100,
09:33:00,64.75,600,
09:33:06,64.743,101,
09:33:06,64.74,221,
09:33:08,64.75,200,
09:33:08,64.75,200,
09:33:08,64.7438,800,
09:33:09,64.75,200,
09:33:12,64.76,100,
09:33:14,64.76,100,
09:33:14,64.7593,300,
09:33:14,64.7566,100,
09:33:14,64.7579,100,
09:33:14,64.7579,100,
09:33:14,64.77,600,
09:33:14,64.77,200,
09:33:21,64.77,100,
09:33:21,64.77,100,
09:33:22,64.7762,140,
09:33:22,64.78,1560,
09:33:23,64.79,100,
09:33:23,64.79,200,
09:33:24,64.7984,400,
09:33:26,64.78,100,
09:33:26,64.78,200,
09:33:27,64.77,400,
09:33:27,64.77,100,
09:33:27,64.77,100,
09:33:30,64.76,100,
09:33:33,64.77,100,
09:33:33,64.77,200,
09:33:33,64.77,200,
09:33:33,64.77,100,
09:33:33,64.77,100,
09:33:33,64.77,200,
09:33:34,64.77,200,
09:33:34,64.77,200,
09:33:35,64.78,796,
09:33:35,64.78,100,
09:33:40,64.79,100,
09:33:40,64.79,100,
09:33:40,64.79,100,
09:33:40,64.79,100,
09:33:40,64.80,100,
09:33:40,64.80,100,
09:33:42,64.80,200,
09:33:42,64.79,200,
09:33:42,64.79,200,
09:33:42,64.79,100,
09:33:42,64.79,100,
09:33:42,64.79,100,
09:33:43,64.7899,800,
09:33:43,64.78,214,
09:33:47,64.78,100,
09:33:47,64.78,100,
09:33:47,64.78,100,
09:33:55,64.78,100,
09:33:55,64.78,100,
09:33:58,64.77,500,
09:33:58,64.77,600,
09:33:58,64.77,400,
09:33:58,64.77,400,
09:33:58,64.77,570,
09:33:58,64.77,500,
09:33:58,64.77,100,
09:33:58,64.77,1300,
09:33:58,64.76,100,
09:33:58,64.76,100,
09:34:00,64.76,100,
09:34:00,64.77,100,
09:34:01,64.77,100,
09:34:03,64.7699,600,
09:34:10,64.77,100,
09:34:10,64.77,100,
09:34:10,64.77,200,
09:34:10,64.77,100,
09:34:14,64.77,100,
09:34:14,64.77,100,
09:34:14,64.77,196,
09:34:14,64.77,200,
09:34:14,64.77,200,
09:34:14,64.77,200,
09:34:14,64.78,600,
09:34:14,64.78,100,
09:34:14,64.78,800,
09:34:14,64.78,500,
09:34:15,64.78,300,
09:34:17,64.7798,100,
09:34:20,64.77,800,
09:34:20,64.77,260,
09:34:20,64.77,600,
09:34:20,64.77,100,
09:34:20,64.77,400,
09:34:20,64.77,510,
09:34:20,64.77,100,
09:34:20,64.77,100,
09:34:20,64.77,1000,
09:34:20,64.77,400,
09:34:20,64.77,100,
09:34:20,64.77,200,
09:34:24,64.77,200,
09:34:24,64.77,200,
09:34:25,64.77,100,
09:34:25,64.77,200,
09:34:25,64.77,800,
09:34:25,64.77,100,
09:34:25,64.77,100,
09:34:25,64.77,100,
09:34:25,64.77,800,
09:34:25,64.77,1240,
09:34:25,64.77,100,
09:34:25,64.77,200,
09:34:25,64.77,100,
09:34:26,64.77,300,
09:34:28,64.7766,100,
09:34:33,64.7729,2000,
09:34:37,64.76,100,
09:34:37,64.76,100,
09:34:37,64.76,390,
09:34:37,64.76,410,
09:34:37,64.76,700,
09:34:38,64.76,1000,
09:34:38,64.76,100,
09:34:38,64.76,200,
09:34:38,64.76,100,
09:34:39,64.76,100,
09:34:39,64.76,100,
09:34:39,64.76,200,
09:34:39,64.76,100,
09:34:46,64.7699,900,
09:34:55,64.76,100,
09:34:55,64.76,200,
09:34:55,64.76,200,
09:34:56,64.7501,105,
09:35:03,64.759,169,
09:35:05,64.75,100,
09:35:06,64.75,200,
09:35:06,64.75,200,
09:35:06,64.75,100,
09:35:06,64.75,100,
09:35:08,64.75,100,
09:35:08,64.75,100,
09:35:08,64.75,200,
09:35:08,64.75,200,
09:35:09,64.75,100,
09:35:09,64.75,200,
09:35:10,64.74,4089,
09:35:10,64.74,1300,
09:35:10,64.74,2400,
09:35:10,64.74,800,
09:35:10,64.74,100,
09:35:10,64.74,400,
09:35:10,64.74,100,
09:35:10,64.74,200,
09:35:10,64.74,300,
09:35:10,64.74,100,
09:35:10,64.74,200,
09:35:10,64.74,100,
09:35:12,64.7305,1000,
09:35:13,64.73,200,
09:35:16,64.73,1000,
09:35:16,64.73,700,
09:35:16,64.73,400,
09:35:16,64.73,200,
09:35:16,64.73,300,
09:35:17,64.73,700,
09:35:17,64.73,100,
09:35:17,64.73,100,
09:35:17,64.73,100,
09:35:18,64.74,800,
09:35:18,64.74,1000,
09:35:18,64.74,200,
09:35:18,64.74,400,
09:35:18,64.7399,100,
09:35:18,64.7399,800,
09:35:18,64.7399,100,
09:35:18,64.7399,400,
09:35:18,64.7399,200,
09:35:18,64.7399,100,
09:35:18,64.7399,1000,
09:35:28,64.7301,200,
09:35:31,64.7399,800,
09:35:32,64.74,400,
09:35:32,64.74,200,
09:35:37,64.75,100,
09:35:37,64.75,500,
09:35:37,64.75,600,
09:35:40,64.75,100,
09:35:40,64.75,100,
09:35:42,64.76,400,
09:35:42,64.76,200,
09:35:42,64.76,100,
09:35:42,64.76,100,
09:35:43,64.76,400,
09:35:43,64.76,300,
09:35:43,64.76,100,
09:35:43,64.77,600,
09:35:43,64.76,250,
09:35:43,64.78,2700,
09:35:43,64.78,400,
09:35:44,64.751,1000,
09:35:46,64.77,200,
09:35:46,64.77,100,
09:35:46,64.77,800,
09:35:46,64.77,200,
09:35:46,64.77,1500,
09:35:46,64.77,600,
09:35:46,64.77,100,
09:35:46,64.77,300,
09:35:46,64.77,500,
09:35:46,64.77,100,
09:35:46,64.77,100,
09:35:46,64.77,200,
09:35:51,64.77,400,
09:35:54,64.76,300,
09:35:54,64.77,100,
09:35:56,64.76,100,
09:35:56,64.76,200,
09:35:56,64.76,100,
09:35:56,64.76,100,
09:35:56,64.76,100,
09:35:59,64.7513,610,
09:36:01,64.76,400,
09:36:01,64.75,100,
09:36:01,64.74,100,
09:36:07,64.74,100,
09:36:07,64.74,321,
09:36:07,64.74,100,
09:36:07,64.74,200,
09:36:07,64.74,100,
09:36:07,64.74,100,
09:36:07,64.74,500,
09:36:07,64.74,100,
09:36:12,64.75,100,
09:36:15,64.75,100,
09:36:16,64.751,100,
09:36:21,64.75,200,
09:36:21,64.75,100,
09:36:21,64.75,100,
09:36:21,64.75,100,
09:36:21,64.75,600,
09:36:21,64.75,200,
09:36:21,64.755,200,
09:36:25,64.74,800,
09:36:28,64.74,100,
09:36:28,64.74,100,
09:36:28,64.74,100,
09:36:28,64.74,200,
09:36:28,64.74,200,
09:36:28,64.74,600,
09:36:33,64.725,200,
09:36:34,64.73,100,
09:36:34,64.73,100,
09:36:34,64.725,500,
09:36:34,64.725,2300,
09:36:34,64.725,2500,
09:36:34,64.73,100,
09:36:34,64.73,200,
09:36:34,64.725,300,
09:36:34,64.725,400,
09:36:34,64.73,700,
09:36:34,64.725,400,
09:36:34,64.725,300,
09:36:34,64.725,200,
09:36:34,64.725,400,
09:36:35,64.735,500,
09:36:36,64.74,200,
09:36:36,64.74,100,
09:36:36,64.735,500,
09:36:36,64.735,900,
09:36:39,64.73,100,
09:36:39,64.73,100,
09:36:39,64.73,100,
09:36:39,64.73,200,
09:36:39,64.73,200,
09:36:39,64.73,100,
09:36:43,64.74,100,
09:36:43,64.74,384,
09:36:43,64.74,100,
09:36:43,64.74,100,
09:36:43,64.735,400,
09:36:45,64.74,100,
09:36:45,64.74,400,
09:36:45,64.74,400,
09:36:45,64.74,116,
09:36:45,64.74,200,
09:36:45,64.74,400,
09:36:45,64.74,100,
09:36:45,64.735,2300,
09:36:45,64.735,300,
09:36:46,64.7484,700,
09:36:47,64.745,1100,
09:36:54,64.74,578,
09:36:54,64.75,236,
09:36:54,64.75,100,
09:36:54,64.74,100,
09:36:54,64.74,200,
09:36:54,64.74,222,
09:36:54,64.74,100,
09:36:54,64.74,100,
09:36:54,64.74,100,
09:36:54,64.74,200,
09:36:54,64.74,100,
09:36:54,64.74,100,
09:36:54,64.73,400,
09:36:54,64.73,200,
09:36:54,64.73,600,
09:36:54,64.73,743,
09:36:54,64.73,100,
09:36:54,64.73,400,
09:36:54,64.73,500,
09:36:54,64.73,200,
09:36:55,64.73,200,
09:36:55,64.73,1000,
09:36:55,64.73,100,
09:36:55,64.73,700,
09:36:55,64.73,800,
09:36:56,64.73,100,
09:36:56,64.73,100,
09:36:56,64.73,200,
09:36:56,64.725,1600,
09:36:56,64.73,200,
09:36:59,64.73,800,
09:36:59,64.73,500,
09:36:59,64.725,1600,
09:36:59,64.725,500,
09:36:59,64.73,700,
09:36:59,64.72,800,
09:36:59,64.72,100,
09:36:59,64.72,500,
09:36:59,64.72,4300,
09:36:59,64.72,100,
09:36:59,64.72,1000,
09:36:59,64.73,800,
09:37:03,64.725,150,
09:37:04,64.73,800,
09:37:04,64.7299,300,
09:37:04,64.73,500,
09:37:05,64.73,100,
09:37:05,64.73,400,
09:37:05,64.73,500,
09:37:05,64.73,500,
09:37:07,64.74,500,
09:37:07,64.74,100,
09:37:07,64.74,100,
09:37:07,64.74,200,
09:37:07,64.74,100,
09:37:07,64.74,100,
09:37:11,64.74,100,
09:37:11,64.74,300,
09:37:11,64.74,100,
09:37:11,64.74,100,
09:37:11,64.74,100,
09:37:11,64.74,500,
09:37:11,64.74,200,
09:37:11,64.74,100,
09:37:11,64.74,100,
09:37:11,64.74,100,
09:37:11,64.74,100,
09:37:11,64.74,100,
09:37:11,64.74,400,
09:37:11,64.74,200,
09:37:11,64.745,100,
09:37:14,64.74,100,
09:37:14,64.74,100,
09:37:14,64.74,500,
09:37:14,64.74,100,
09:37:14,64.74,1200,
09:37:14,64.74,200,
09:37:14,64.74,1400,
09:37:14,64.74,100,
09:37:14,64.74,200,
09:37:14,64.74,800,
09:37:14,64.74,1200,
09:37:14,64.74,400,
09:37:14,64.74,200,
09:37:14,64.74,100,
09:37:14,64.74,100,
09:37:14,64.74,500,
09:37:14,64.74,2000,
09:37:14,64.74,600,
09:37:14,64.74,400,
09:37:14,64.74,100,
09:37:14,64.74,200,
09:37:14,64.74,200,
09:37:14,64.74,400,
09:37:14,64.74,100,
09:37:14,64.74,100,
09:37:14,64.74,200,
09:37:14,64.74,100,
09:37:14,64.74,100,
09:37:14,64.74,100,
09:37:14,64.74,100,
09:37:14,64.74,500,
09:37:14,64.74,900,
09:37:14,64.74,100,
09:37:14,64.74,100,
09:37:15,64.74,2000,
09:37:15,64.74,732,
09:37:15,64.74,100,
09:37:15,64.74,100,
09:37:15,64.74,100,
09:37:15,64.74,100,
09:37:15,64.74,100,
09:37:15,64.74,400,
09:37:15,64.74,100,
09:37:15,64.75,400,
09:37:15,64.75,400,
09:37:15,64.75,600,
09:37:15,64.75,200,
09:37:15,64.75,100,
09:37:15,64.75,587,
09:37:15,64.75,500,
09:37:15,64.75,100,
09:37:15,64.75,500,
09:37:16,64.75,100,
09:37:17,64.7401,4000,
09:37:17,64.741,650,
09:37:19,64.75,600,
09:37:20,64.75,200,
09:37:20,64.75,200,
09:37:20,64.75,100,
09:37:20,64.75,100,
09:37:20,64.75,100,
09:37:25,64.75,165,
09:37:27,64.75,500,
09:37:27,64.75,200,
09:37:27,64.75,100,
09:37:27,64.75,100,
09:37:27,64.75,200,
09:37:28,64.75,700,
09:37:32,64.7501,2000,
09:37:34,64.75,600,
09:37:34,64.75,100,
09:37:34,64.75,200,
09:37:34,64.75,400,
09:37:34,64.75,400,
09:37:34,64.75,1000,
09:37:34,64.75,100,
09:37:36,64.74,600,
09:37:36,64.74,700,
09:37:36,64.74,370,
09:37:36,64.74,200,
09:37:36,64.74,600,
09:37:36,64.74,260,
09:37:36,64.74,1600,
09:37:36,64.74,200,
09:37:37,64.74,100,
09:37:40,64.74,400,
09:37:40,64.74,400,
09:37:40,64.74,100,
09:37:40,64.74,400,
09:37:40,64.74,400,
09:37:40,64.74,100,
09:37:40,64.74,100,
09:37:40,64.75,100,
09:37:42,64.76,800,
09:37:50,64.76,100,
09:37:50,64.76,100,
09:37:50,64.76,100,
09:37:50,64.76,100,
09:37:54,64.76,200,
09:37:54,64.76,600,
09:37:55,64.76,100,
09:37:55,64.76,200,
09:37:55,64.76,100,
09:37:55,64.76,100,
09:37:55,64.76,100,
09:37:55,64.76,300,
09:37:55,64.76,400,
09:37:55,64.76,100,
09:37:58,64.76,200,
09:38:01,64.77,100,
09:38:01,64.77,100,
09:38:01,64.77,100,
09:38:01,64.7701,300,
09:38:03,64.78,500,
09:38:06,64.78,100,
09:38:06,64.78,100,
09:38:06,64.78,100,
09:38:06,64.79,700,
09:38:07,64.785,1100,
09:38:08,64.78,240,
09:38:08,64.78,200,
09:38:08,64.78,100,
09:38:08,64.78,900,
09:38:08,64.78,100,
09:38:08,64.78,200,
09:38:08,64.78,200,
09:38:11,64.78,200,
09:38:11,64.78,100,
09:38:11,64.78,200,
09:38:11,64.78,400,
09:38:11,64.78,100,
09:38:11,64.78,100,
09:38:16,64.7871,125,
09:38:18,64.785,557,
09:38:20,64.78,100,
09:38:20,64.78,200,
09:38:20,64.78,100,
09:38:20,64.78,143,
09:38:20,64.78,170,
09:38:20,64.78,600,
09:38:24,64.7709,200,
09:38:25,64.78,300,
09:38:25,64.78,200,
09:38:25,64.79,100,
09:38:25,64.79,500,
09:38:25,64.79,1000,
09:38:25,64.79,100,
09:38:25,64.79,2400,
09:38:25,64.79,200,
09:38:26,64.79,370,
09:38:26,64.79,100,
09:38:26,64.79,500,
09:38:26,64.79,2400,
09:38:28,64.78,200,
09:38:28,64.78,100,
09:38:28,64.78,200,
09:38:28,64.78,125,
09:38:28,64.78,200,
09:38:28,64.78,105,
09:38:29,64.78,165,
09:38:30,64.78,200,
09:38:30,64.78,100,
09:38:30,64.78,100,
09:38:33,64.78,200,
09:38:33,64.78,100,
09:38:33,64.78,100,
09:38:33,64.78,200,
09:38:33,64.78,200,
09:38:33,64.78,2000,
09:38:36,64.78,2500,
09:38:37,64.78,100,
09:38:38,64.78,200,
09:38:41,64.78,200,
09:38:41,64.78,100,
09:38:41,64.78,100,
09:38:41,64.78,100,
09:38:41,64.78,100,
09:38:42,64.77,600,
09:38:42,64.77,100,
09:38:42,64.77,1000,
09:38:42,64.77,100,
09:38:42,64.77,100,
09:38:44,64.76,100,
09:38:48,64.76,100,
09:38:48,64.76,500,
09:38:48,64.76,300,
09:38:48,64.7601,1900,
09:38:48,64.76,400,
09:38:48,64.76,400,
09:38:48,64.76,300,
09:38:48,64.76,200,
09:38:48,64.76,300,
09:38:49,64.77,200,
09:38:49,64.77,100,
09:38:49,64.77,200,
09:38:49,64.77,100,
09:38:49,64.77,200,
09:38:49,64.77,100,
09:38:49,64.77,100,
09:38:49,64.77,200,
09:38:49,64.77,100,
09:38:50,64.76,100,
09:38:55,64.77,100,
09:38:55,64.77,200,
09:38:58,64.78,100,
09:38:59,64.77,500,
09:38:59,64.77,400,
09:38:59,64.77,800,
09:38:59,64.77,1000,
09:38:59,64.77,600,
09:38:59,64.77,800,
09:38:59,64.77,1600,
09:38:59,64.77,1000,
09:38:59,64.77,400,
09:38:59,64.77,200,
09:39:05,64.77,300,
09:39:08,64.76,600,
09:39:08,64.76,400,
09:39:08,64.76,400,
09:39:08,64.76,600,
09:39:08,64.76,400,
09:39:08,64.76,800,
09:39:08,64.76,100,
09:39:08,64.76,400,
09:39:08,64.76,400,
09:39:08,64.76,200,
09:39:08,64.76,300,
09:39:08,64.76,200,
09:39:09,64.76,400,
09:39:09,64.76,100,
09:39:09,64.76,100,
09:39:09,64.76,100,
09:39:12,64.77,600,
09:39:17,64.77,100,
09:39:17,64.77,800,
09:39:17,64.77,100,
09:39:17,64.77,600,
09:39:17,64.77,100,
09:39:20,64.76,100,
09:39:20,64.76,100,
09:39:20,64.76,100,
09:39:20,64.76,300,
09:39:39,64.76,200,
09:39:39,64.76,200,
09:39:39,64.77,600,
09:39:40,64.76,100,
09:39:42,64.77,132,
09:39:43,64.76,400,
09:39:43,64.76,200,
09:39:43,64.76,200,
09:39:43,64.76,720,
09:39:43,64.76,200,
09:39:43,64.76,100,
09:39:43,64.76,200,
09:39:46,64.76,200,
09:39:46,64.76,200,
09:39:46,64.76,200,
09:39:46,64.76,200,
09:39:46,64.76,100,
09:39:46,64.76,100,
09:39:46,64.77,100,
09:39:51,64.7699,2000,
09:39:56,64.765,1000,
09:39:57,64.77,150,
09:39:58,64.77,400,
09:39:58,64.77,100,
09:40:13,64.77,100,
09:40:13,64.77,200,
09:40:13,64.77,100,
09:40:13,64.77,655,
09:40:14,64.76,200,
09:40:15,64.7699,700,
09:40:20,64.75,100,
09:40:20,64.76,1800,
09:40:22,64.76,400,
09:40:22,64.76,100,
09:40:22,64.76,200,
09:40:26,64.77,100,
09:40:26,64.77,100,
09:40:26,64.77,100,
09:40:29,64.77,100,
09:40:29,64.77,100,
09:40:29,64.77,200,
09:40:29,64.77,100,
09:40:29,64.77,100,
09:40:30,64.76,200,
09:40:32,64.77,100,
09:40:32,64.77,100,
09:40:32,64.77,200,
09:40:32,64.77,250,
09:40:32,64.77,300,
09:40:32,64.77,100,
09:40:32,64.77,100,
09:40:32,64.77,1500,
09:40:37,64.77,150,
09:40:40,64.77,600,
09:40:42,64.78,200,
09:40:42,64.78,500,
09:40:45,64.78,185,
09:40:45,64.78,585,
09:40:45,64.78,500,
09:40:50,64.79,100,
09:40:50,64.79,100,
09:40:51,64.80,100,
09:40:52,64.80,300,
09:40:53,64.80,100,
09:40:53,64.80,200,
09:40:53,64.80,500,
09:40:53,64.80,400,
09:40:53,64.80,100,
09:40:53,64.80,200,
09:40:57,64.79,100,
09:40:57,64.79,1000,
09:40:57,64.79,100,
09:40:57,64.79,100,
09:40:57,64.78,100,
09:40:59,64.79,400,
09:41:03,64.79,200,
09:41:05,64.80,100,
09:41:06,64.81,600,
09:41:06,64.81,100,
09:41:06,64.81,1000,
09:41:06,64.81,200,
09:41:06,64.81,100,
09:41:06,64.81,100,
09:41:06,64.81,400,
09:41:06,64.81,200,
09:41:06,64.81,200,
09:41:06,64.80,600,
09:41:06,64.80,100,
09:41:06,64.80,300,
09:41:06,64.80,100,
09:41:07,64.80,1500,
09:41:07,64.79,127,
09:41:07,64.795,1800,
09:41:07,64.795,200,
09:41:07,64.80,1800,
09:41:09,64.791,3000,
09:41:14,64.799,100,
09:41:15,64.80,100,
09:41:15,64.80,200,
09:41:15,64.80,100,
09:41:15,64.80,100,
09:41:15,64.80,100,
09:41:15,64.80,300,
09:41:23,64.80,100,
09:41:23,64.80,100,
09:41:23,64.80,100,
09:41:23,64.80,100,
09:41:23,64.80,100,
09:41:23,64.79,100,
09:41:23,64.79,400,
09:41:23,64.78,300,
09:41:23,64.78,100,
09:41:23,64.78,100,
09:41:23,64.78,100,
09:41:30,64.76,300,
09:41:33,64.76,100,
09:41:33,64.76,100,
09:41:34,64.76,100,
09:41:34,64.76,300,
09:41:34,64.76,200,
09:41:34,64.76,228,
09:41:34,64.76,100,
09:41:34,64.76,100,
09:41:38,64.77,300,
09:41:38,64.77,1600,
09:41:38,64.77,1000,
09:41:38,64.77,800,
09:41:38,64.77,100,
09:41:38,64.77,200,
09:41:38,64.77,100,
09:41:38,64.77,400,
09:41:38,64.77,800,
09:41:38,64.77,600,
09:41:38,64.78,360,
09:41:38,64.78,120,
09:41:38,64.78,300,
09:41:38,64.79,400,
09:41:38,64.79,300,
09:41:40,64.79,100,
09:41:43,64.7894,200,
09:41:43,64.79,100,
09:41:43,64.79,1855,
09:41:43,64.79,100,
09:41:45,64.79,100,
09:41:45,64.79,100,
09:41:45,64.79,800,
09:41:45,64.79,100,
09:41:46,64.78,100,
09:41:47,64.78,100,
09:41:47,64.78,300,
09:41:47,64.78,300,
09:41:47,64.78,100,
09:41:47,64.78,730,
09:41:47,64.78,100,
09:41:47,64.78,400,
09:41:47,64.78,200,
09:41:50,64.779,595,
09:41:52,64.78,300,
09:41:52,64.78,200,
09:41:52,64.78,500,
09:41:52,64.78,100,
09:41:52,64.775,100,
09:41:55,64.78,100,
09:41:59,64.79,100,
09:41:59,64.79,200,
09:41:59,64.79,100,
09:41:59,64.79,100,
09:42:06,64.79,100,
09:42:06,64.79,200,
09:42:06,64.79,100,
09:42:06,64.79,100,
09:42:06,64.79,200,
09:42:06,64.79,100,
09:42:06,64.78,100,
09:42:06,64.78,200,
09:42:12,64.78,100,
09:42:12,64.78,600,
09:42:12,64.77,100,
09:42:13,64.77,1700,
09:42:14,64.77,200,
09:42:14,64.77,100,
09:42:14,64.77,600,
09:42:14,64.77,100,
09:42:14,64.77,300,
09:42:14,64.77,100,
09:42:14,64.77,800,
09:42:14,64.77,100,
09:42:14,64.77,200,
09:42:15,64.78,100,
09:42:15,64.78,100,
09:42:15,64.78,100,
09:42:16,64.79,100,
09:42:16,64.79,100,
09:42:16,64.79,100,
09:42:16,64.79,300,
09:42:17,64.79,300,
09:42:17,64.79,100,
09:42:19,64.78,100,
09:42:27,64.78,200,
09:42:27,64.78,600,
09:42:30,64.78,154,
09:42:30,64.78,100,
09:42:30,64.78,254,
09:42:30,64.78,100,
09:42:30,64.78,137,
09:42:30,64.78,200,
09:42:30,64.78,200,
09:42:35,64.79,100,
09:42:39,64.78,100,
09:42:39,64.78,200,
09:42:39,64.78,100,
09:42:39,64.78,200,
09:42:39,64.78,600,
09:42:39,64.78,200,
09:42:39,64.77,100,
09:42:42,64.78,100,
09:42:42,64.78,200,
09:42:42,64.78,200,
09:42:49,64.78,100,
09:42:58,64.78,100,
09:42:58,64.78,200,
09:42:58,64.78,100,
09:42:58,64.78,200,
09:42:58,64.78,200,
09:42:58,64.78,100,
09:42:58,64.77,100,
09:42:58,64.77,100,
09:43:05,64.77,600,
09:43:05,64.77,100,
09:43:05,64.77,100,
09:43:05,64.77,100,
09:43:06,64.7601,1500,
09:43:07,64.77,200,
09:43:07,64.77,200,
09:43:07,64.77,100,
09:43:07,64.77,200,
09:43:07,64.77,200,
09:43:07,64.77,100,
09:43:12,64.7715,100,
09:43:14,64.78,100,
09:43:14,64.78,100,
09:43:14,64.78,200,
09:43:14,64.78,400,
09:43:14,64.78,100,
09:43:17,64.79,100,
09:43:17,64.79,300,
09:43:17,64.79,600,
09:43:17,64.79,100,
09:43:17,64.7899,100,
09:43:17,64.7899,100,
09:43:17,64.7899,700,
09:43:17,64.7899,400,
09:43:21,64.80,400,
09:43:21,64.80,100,
09:43:21,64.80,600,
09:43:21,64.80,100,
09:43:21,64.80,800,
09:43:21,64.80,100,
09:43:21,64.80,100,
09:43:22,64.81,483,
09:43:22,64.81,100,
09:43:22,64.81,100,
09:43:22,64.81,100,
09:43:22,64.81,132,
09:43:25,64.81,400,
09:43:25,64.81,400,
09:43:26,64.80,200,
09:43:32,64.80,100,
09:43:32,64.80,300,
09:43:32,64.79,300,
09:43:32,64.79,100,
09:43:32,64.79,200,
09:43:38,64.78,500,
09:43:38,64.78,100,
09:43:38,64.78,200,
09:43:38,64.78,100,
09:43:38,64.78,300,
09:43:38,64.78,200,
09:43:38,64.78,100,
09:43:39,64.77,197,
09:43:39,64.77,100,
09:43:39,64.77,100,
09:43:39,64.77,400,
09:43:39,64.77,300,
09:43:39,64.77,100,
09:43:39,64.77,400,
09:43:41,64.77,200,
09:43:41,64.77,2000,
09:43:41,64.77,1212,
09:43:41,64.77,300,
09:43:41,64.77,600,
09:43:41,64.77,411,
09:43:41,64.77,100,
09:43:41,64.77,200,
09:43:41,64.77,100,
09:43:41,64.77,900,
09:43:41,64.77,800,
09:43:41,64.77,100,
09:43:41,64.77,100,
09:43:41,64.78,200,
09:43:41,64.78,200,
09:43:41,64.78,300,
09:43:41,64.78,100,
09:43:43,64.78,200,
09:43:46,64.78,500,
09:43:58,64.78,100,
09:44:01,64.79,100,
09:44:01,64.79,300,
09:44:01,64.79,100,
09:44:01,64.79,700,
09:44:01,64.80,500,
09:44:04,64.80,500,
09:44:05,64.79,800,
09:44:06,64.79,200,
09:44:06,64.79,100,
09:44:06,64.79,100,
09:44:06,64.79,200,
09:44:06,64.79,100,
09:44:06,64.79,100,
09:44:06,64.79,200,
09:44:06,64.791,270,
09:44:06,64.78,400,
09:44:06,64.78,100,
09:44:06,64.78,400,
09:44:06,64.78,100,
09:44:06,64.78,100,
09:44:06,64.79,400,
09:44:06,64.77,800,
09:44:06,64.77,1000,
09:44:10,64.78,300,
09:44:10,64.78,200,
09:44:10,64.78,100,
09:44:10,64.78,200,
09:44:10,64.78,200,
09:44:10,64.78,200,
09:44:10,64.78,100,
09:44:10,64.78,100,
09:44:12,64.78,100,
09:44:12,64.78,200,
09:44:12,64.78,100,
09:44:12,64.78,200,
09:44:12,64.78,100,
09:44:12,64.78,200,
09:44:12,64.78,100,
09:44:16,64.77,100,
09:44:16,64.77,1700,
09:44:16,64.77,100,
09:44:16,64.77,600,
09:44:23,64.76,400,
09:44:24,64.76,700,
09:44:24,64.76,1700,
09:44:24,64.75,100,
09:44:31,64.76,300,
09:44:31,64.76,400,
09:44:31,64.76,800,
09:44:31,64.7599,400,
09:44:31,64.7599,100,
09:44:31,64.7599,200,
09:44:31,64.7599,200,
09:44:31,64.76,100,
09:44:31,64.76,400,
09:44:31,64.76,700,
09:44:31,64.76,200,
09:44:31,64.76,100,
09:44:31,64.76,200,
09:44:31,64.76,100,
09:44:31,64.76,100,
09:44:35,64.77,100,
09:44:35,64.77,600,
09:44:35,64.77,100,
09:44:35,64.77,100,
09:44:35,64.77,100,
09:44:35,64.77,100,
09:44:35,64.77,100,
09:44:35,64.77,100,
09:44:37,64.77,800,
09:44:37,64.77,100,
09:44:37,64.77,100,
09:44:37,64.77,100,
09:44:37,64.77,100,
09:44:37,64.77,105,
09:44:46,64.77,100,
09:44:46,64.77,200,
09:44:46,64.77,100,
09:44:46,64.77,100,
09:44:46,64.77,200,
09:44:46,64.77,200,
09:44:46,64.77,300,
09:44:46,64.77,400,
09:44:46,64.77,510,
09:44:46,64.77,2790,
09:44:46,64.77,100,
09:44:46,64.77,600,
09:44:46,64.77,200,
09:44:48,64.77,390,
09:44:48,64.77,100,
09:44:48,64.77,100,
09:44:48,64.77,100,
09:44:49,64.76,400,
09:44:59,64.76,200,
09:44:59,64.76,100,
09:44:59,64.76,100,
09:44:59,64.755,200,
09:45:01,64.76,700,
09:45:01,64.76,800,
09:45:01,64.76,100,
09:45:01,64.76,100,
09:45:02,64.76,100,
09:45:02,64.76,100,
09:45:06,64.76,600,
09:45:07,64.76,100,
09:45:07,64.76,100,
09:45:07,64.76,100,
09:45:07,64.76,400,
09:45:07,64.76,100,
09:45:07,64.76,200,
09:45:08,64.75,100,
09:45:10,64.76,200,
09:45:10,64.76,100,
09:45:10,64.76,600,
09:45:10,64.76,200,
09:45:10,64.76,850,
09:45:10,64.76,150,
09:45:10,64.76,100,
09:45:10,64.76,100,
09:45:16,64.761,900,
09:45:29,64.77,100,
09:45:31,64.76,600,
09:45:31,64.76,100,
09:45:31,64.76,400,
09:45:31,64.76,100,
09:45:31,64.76,600,
09:45:31,64.75,400,
09:45:31,64.76,1100,
09:45:31,64.75,100,
09:45:34,64.7462,200,
09:45:37,64.75,700,
09:45:42,64.74,1500,
09:45:42,64.74,4000,
09:45:42,64.7401,1600,
09:45:42,64.74,1000,
09:45:42,64.74,500,
09:45:42,64.74,300,
09:45:42,64.74,900,
09:45:42,64.74,100,
09:45:42,64.74,900,
09:45:45,64.74,3000,
09:45:45,64.74,1000,
09:45:46,64.74,100,
09:45:46,64.74,600,
09:45:51,64.75,100,
09:45:51,64.75,300,
09:45:51,64.75,100,
09:45:53,64.76,400,
09:45:53,64.76,400,
09:45:53,64.76,100,
09:45:53,64.76,100,
09:45:53,64.76,300,
09:45:53,64.76,100,
09:45:53,64.76,100,
09:45:53,64.76,800,
09:45:53,64.76,200,
09:46:00,64.7501,300,
09:46:01,64.7592,1000,
09:46:02,64.75,400,
09:46:02,64.75,300,
09:46:02,64.75,100,
09:46:02,64.75,100,
09:46:02,64.75,100,
09:46:03,64.74,100,
09:46:04,64.74,100,
09:46:04,64.74,100,
09:46:04,64.74,100,
09:46:04,64.74,100,
09:46:07,64.7395,1200,
09:46:13,64.74,400,
09:46:13,64.74,100,
09:46:13,64.74,300,
09:46:13,64.74,100,
09:46:13,64.74,200,
09:46:13,64.74,100,
09:46:13,64.74,200,
09:46:16,64.74,500,
09:46:16,64.74,100,
09:46:16,64.74,300,
09:46:16,64.74,300,
09:46:16,64.74,1600,
09:46:16,64.74,200,
09:46:16,64.74,800,
09:46:16,64.74,800,
09:46:17,64.74,100,
09:46:25,64.73,750,
09:46:27,64.74,100,
09:46:27,64.74,100,
09:46:27,64.74,100,
09:46:27,64.74,200,
09:46:27,64.74,100,
09:46:27,64.74,200,
09:46:27,64.74,200,
09:46:27,64.75,300,
09:46:27,64.75,100,
09:46:27,64.75,100,
09:46:27,64.75,100,
09:46:27,64.75,100,
09:46:27,64.75,100,
09:46:27,64.75,100,
09:46:28,64.75,300,
09:46:28,64.745,500,
09:46:31,64.75,300,
09:46:31,64.75,500,
09:46:31,64.75,200,
09:46:31,64.75,142,
09:46:31,64.75,200,
09:46:31,64.75,100,
09:46:33,64.74,1000,
09:46:33,64.74,500,
09:46:33,64.74,300,
09:46:33,64.74,300,
09:46:33,64.74,100,
09:46:33,64.74,400,
09:46:33,64.74,100,
09:46:41,64.75,700,
09:46:41,64.75,200,
09:46:41,64.75,200,
09:46:41,64.75,200,
09:46:41,64.75,200,
09:46:41,64.75,100,
09:46:42,64.75,100,
09:46:45,64.75,200,
09:46:45,64.75,100,
09:46:45,64.75,200,
09:46:45,64.75,400,
09:46:45,64.75,100,
09:46:45,64.75,100,
09:46:45,64.75,200,
09:46:45,64.75,500,
09:46:45,64.75,200,
09:46:51,64.74,100,
09:46:51,64.74,300,
09:46:53,64.74,400,
09:46:53,64.74,600,
09:46:53,64.74,200,
09:46:53,64.74,200,
09:46:53,64.74,100,
09:46:53,64.74,100,
09:46:53,64.74,100,
09:46:53,64.74,100,
09:46:53,64.74,100,
09:46:55,64.74,300,
09:46:56,64.7495,1600,
09:46:57,64.74,500,
09:46:57,64.74,100,
09:46:57,64.74,100,
09:46:59,64.74,300,
09:46:59,64.74,500,
09:47:02,64.74,100,
09:47:02,64.74,100,
09:47:02,64.74,200,
09:47:02,64.74,510,
09:47:02,64.74,390,
09:47:02,64.74,100,
09:47:02,64.74,100,
09:47:02,64.74,100,
09:47:06,64.74,100,
09:47:06,64.74,200,
09:47:06,64.74,200,
09:47:06,64.74,300,
09:47:06,64.74,100,
09:47:06,64.74,200,
09:47:06,64.74,100,
09:47:06,64.74,100,
09:47:08,64.74,234,
09:47:08,64.74,100,
09:47:08,64.74,800,
09:47:08,64.74,266,
09:47:08,64.74,600,
09:47:08,64.74,100,
09:47:08,64.74,200,
09:47:08,64.74,100,
09:47:16,64.75,100,
09:47:16,64.75,100,
09:47:16,64.75,100,
09:47:16,64.75,100,
09:47:16,64.75,166,
09:47:16,64.75,1734,
09:47:16,64.75,100,
09:47:16,64.75,400,
09:47:16,64.75,600,
09:47:16,64.75,500,
09:47:16,64.75,100,
09:47:16,64.75,600,
09:47:16,64.75,600,
09:47:17,64.75,400,
09:47:25,64.76,100,
09:47:25,64.76,300,
09:47:29,64.76,405,
09:47:29,64.76,600,
09:47:29,64.76,500,
09:47:29,64.76,100,
09:47:29,64.76,100,
09:47:29,64.76,100,
09:47:29,64.76,200,
09:47:37,64.76,100,
09:47:38,64.76,200,
09:47:38,64.76,100,
09:47:38,64.76,164,
09:47:38,64.76,100,
09:47:38,64.755,3000,
09:47:47,64.7625,100,
09:47:49,64.76,600,
09:47:49,64.76,2900,
09:47:49,64.76,600,
09:47:49,64.76,200,
09:47:49,64.76,2000,
09:47:49,64.76,200,
09:47:49,64.76,300,
09:47:49,64.76,286,
09:47:50,64.755,200,
09:48:00,64.76,800,
09:48:00,64.76,100,
09:48:00,64.76,400,
09:48:00,64.76,100,
09:48:00,64.76,100,
09:48:00,64.76,100,
09:48:04,64.76,800,
09:48:04,64.76,100,
09:48:04,64.76,100,
09:48:04,64.76,500,
09:48:04,64.76,200,
09:48:20,64.76,200,
09:48:20,64.76,100,
09:48:20,64.76,200,
09:48:20,64.76,300,
09:48:20,64.76,100,
09:48:22,64.76,500,
09:48:22,64.76,1000,
09:48:22,64.76,300,
09:48:22,64.76,500,
09:48:22,64.76,100,
09:48:37,64.77,603,
09:48:37,64.77,197,
09:48:42,64.77,100,
09:48:42,64.77,800,
09:48:42,64.78,100,
09:48:42,64.78,400,
09:48:42,64.77,200,
09:48:42,64.77,200,
09:48:42,64.77,300,
09:48:42,64.77,100,
09:48:42,64.77,800,
09:48:42,64.77,600,
09:48:42,64.77,100,
09:48:55,64.77,200,
09:48:55,64.77,200,
09:48:55,64.77,600,
09:48:55,64.77,200,
09:48:55,64.77,100,
09:48:55,64.77,400,
09:48:55,64.77,400,
09:48:55,64.77,400,
09:48:55,64.77,100,
09:48:55,64.77,100,
09:48:55,64.77,800,
09:48:55,64.77,200,
09:48:55,64.77,500,
09:48:55,64.77,500,
09:48:55,64.77,100,
09:48:55,64.77,200,
09:48:55,64.77,100,
09:48:55,64.77,700,
09:48:55,64.77,400,
09:48:55,64.77,300,
09:48:55,64.77,100,
09:48:55,64.77,100,
09:48:59,64.77,400,
09:48:59,64.77,100,
09:48:59,64.77,100,
09:48:59,64.77,100,
09:49:03,64.77,200,
09:49:03,64.77,100,
09:49:03,64.77,200,
09:49:03,64.77,100,
09:49:14,64.77,300,
09:49:14,64.77,100,
09:49:14,64.77,500,
09:49:15,64.77,100,
09:49:18,64.77,300,
09:49:18,64.77,300,
09:49:18,64.77,300,
09:49:20,64.77,600,
09:49:20,64.77,500,
09:49:20,64.77,438,
09:49:20,64.77,200,
09:49:20,64.77,200,
09:49:20,64.77,100,
09:49:20,64.77,100,
09:49:20,64.77,200,
09:49:20,64.77,100,
09:49:20,64.77,100,
09:49:22,64.77,100,
09:49:22,64.77,100,
09:49:22,64.77,400,
09:49:22,64.77,100,
09:49:22,64.77,100,
09:49:22,64.77,200,
09:49:22,64.77,200,
09:49:24,64.77,200,
09:49:26,64.76,100,
09:49:27,64.76,600,
09:49:27,64.76,800,
09:49:27,64.76,300,
09:49:43,64.77,800,
09:49:43,64.77,100,
09:49:43,64.77,300,
09:49:43,64.77,100,
09:49:43,64.77,100,
09:49:43,64.77,200,
09:49:43,64.77,100,
09:49:43,64.77,100,
09:49:43,64.77,100,
09:49:43,64.78,100,
09:49:43,64.78,400,
09:49:43,64.78,100,
09:49:47,64.77,100,
09:49:49,64.77,1000,
09:49:51,64.77,200,
09:49:51,64.77,500,
09:49:51,64.77,600,
09:49:51,64.77,800,
09:49:51,64.77,100,
09:49:51,64.77,100,
09:49:51,64.77,200,
09:49:51,64.77,100,
09:49:51,64.77,400,
09:49:51,64.77,100,
09:49:51,64.77,200,
09:49:51,64.77,100,
09:49:51,64.78,3916,
09:49:51,64.78,100,
09:49:51,64.78,600,
09:49:51,64.78,500,
09:49:51,64.78,100,
09:49:51,64.78,315,
09:49:52,64.7799,133,
09:49:57,64.78,100,
09:49:58,64.78,469,
09:50:01,64.79,100,
09:50:01,64.79,425,
09:50:04,64.79,100,
09:50:04,64.79,400,
09:50:04,64.79,900,
09:50:04,64.79,700,
09:50:04,64.79,800,
09:50:04,64.79,100,
09:50:05,64.79,300,
09:50:05,64.79,400,
09:50:05,64.79,100,
09:50:05,64.79,100,
09:50:05,64.79,100,
09:50:05,64.79,100,
09:50:05,64.79,100,
09:50:05,64.79,100,
09:50:05,64.79,200,
09:50:06,64.7841,500,
09:50:11,64.79,400,
09:50:11,64.79,100,
09:50:11,64.79,300,
09:50:11,64.79,200,
09:50:11,64.79,900,
09:50:11,64.79,100,
09:50:11,64.79,100,
09:50:13,64.7915,169,
09:50:16,64.79,184,
09:50:16,64.79,300,
09:50:16,64.79,100,
09:50:16,64.79,100,
09:50:16,64.79,200,
09:50:16,64.79,100,
09:50:16,64.79,100,
09:50:16,64.79,200,
09:50:16,64.79,500,
09:50:21,64.78,400,
09:50:21,64.78,100,
09:50:21,64.78,130,
09:50:21,64.78,100,
09:50:21,64.78,100,
09:50:21,64.78,100,
09:50:21,64.78,100,
09:50:23,64.77,100,
09:50:26,64.78,800,
09:50:26,64.78,600,
09:50:26,64.78,400,
09:50:26,64.78,100,
09:50:26,64.78,300,
09:50:26,64.78,100,
09:50:27,64.78,600,
09:50:28,64.7899,1900,
09:50:31,64.79,100,
09:50:31,64.79,100,
09:50:31,64.79,100,
09:50:31,64.79,100,
09:50:31,64.79,100,
09:50:32,64.79,300,
09:50:32,64.79,200,
09:50:32,64.79,300,
09:50:32,64.79,400,
09:50:32,64.79,100,
09:50:33,64.79,500,
09:50:33,64.79,300,
09:50:33,64.79,200,
09:50:35,64.79,111,
09:50:40,64.79,200,
09:50:40,64.79,100,
09:50:40,64.79,100,
09:50:40,64.79,100,
09:50:40,64.79,100,
09:50:40,64.79,190,
09:50:40,64.79,225,
09:50:40,64.79,100,
09:50:40,64.79,100,
09:50:40,64.79,845,
09:50:40,64.79,100,
09:50:40,64.80,100,
09:50:40,64.80,300,
09:50:41,64.79,3000,
09:50:59,64.81,182,
09:50:59,64.81,200,
09:50:59,64.81,300,
09:50:59,64.8199,100,
09:51:00,64.82,500,
09:51:00,64.82,300,
09:51:00,64.82,400,
09:51:04,64.819,1000,
09:51:07,64.81,1000,
09:51:07,64.81,224,
09:51:07,64.815,224,
09:51:09,64.81,500,
09:51:09,64.81,300,
09:51:12,64.81,300,
09:51:18,64.805,100,
09:51:19,64.80,100,
09:51:19,64.80,100,
09:51:19,64.80,400,
09:51:19,64.80,100,
09:51:19,64.80,100,
09:51:19,64.80,100,
09:51:19,64.80,800,
09:51:30,64.7907,100,
09:51:33,64.80,200,
09:51:33,64.80,200,
09:51:33,64.80,200,
09:51:33,64.80,200,
09:51:33,64.80,100,
09:51:41,64.81,100,
09:51:42,64.82,3500,
09:51:42,64.82,1000,
09:51:42,64.82,800,
09:51:42,64.82,1000,
09:51:42,64.82,600,
09:51:42,64.82,100,
09:51:42,64.82,2000,
09:51:42,64.82,3400,
09:51:42,64.82,400,
09:51:42,64.82,500,
09:51:42,64.82,100,
09:51:42,64.82,100,
09:51:47,64.818,800,
09:51:47,64.82,400,
09:51:50,64.815,125,
09:51:52,64.82,1000,
09:51:52,64.82,1000,
09:51:52,64.82,100,
09:51:59,64.82,300,
09:51:59,64.82,600,
09:51:59,64.82,100,
09:51:59,64.82,100,
09:51:59,64.82,300,
09:51:59,64.82,100,
09:52:01,64.82,600,
09:52:01,64.82,200,
09:52:01,64.82,400,
09:52:01,64.82,100,
09:52:01,64.82,200,
09:52:01,64.82,200,
09:52:01,64.82,100,
09:52:01,64.82,200,
09:52:01,64.82,100,
09:52:01,64.82,860,
09:52:02,64.82,500,
09:52:02,64.82,100,
09:52:02,64.82,300,
09:52:02,64.82,600,
09:52:02,64.82,800,
09:52:02,64.82,300,
09:52:02,64.82,100,
09:52:02,64.82,400,
09:52:02,64.82,200,
09:52:02,64.82,100,
09:52:02,64.82,100,
09:52:02,64.82,100,
09:52:02,64.82,100,
09:52:02,64.82,100,
09:52:04,64.8185,500,
09:52:06,64.8101,100,
09:52:29,64.82,100,
09:52:30,64.81,500,
09:52:30,64.81,500,
09:52:30,64.81,100,
09:52:30,64.81,200,
09:52:30,64.81,300,
09:52:30,64.81,300,
09:52:30,64.81,300,
09:52:30,64.81,1000,
09:52:30,64.81,600,
09:52:30,64.81,100,
09:52:39,64.81,300,
09:52:39,64.81,100,
09:52:39,64.81,600,
09:52:39,64.81,300,
09:52:39,64.81,100,
09:52:39,64.81,100,
09:52:39,64.81,500,
09:52:39,64.81,800,
09:52:39,64.81,800,
09:52:41,64.80,300,
09:52:41,64.80,400,
09:52:41,64.80,400,
09:52:41,64.80,100,
09:52:41,64.80,100,
09:52:41,64.80,100,
09:52:41,64.80,600,
09:52:41,64.80,1900,
09:52:41,64.80,100,
09:52:41,64.80,1000,
09:52:41,64.79,100,
09:52:41,64.79,100,
09:52:41,64.79,300,
09:52:41,64.79,100,
09:52:41,64.79,100,
09:52:41,64.79,100,
09:52:41,64.79,100,
09:52:41,64.79,400,
09:52:41,64.79,100,
09:52:41,64.79,600,
09:52:46,64.79,100,
09:52:46,64.79,100,
09:52:46,64.79,100,
09:52:46,64.79,100,
09:52:46,64.79,100,
09:52:46,64.79,200,
09:52:46,64.79,100,
09:52:46,64.79,100,
09:52:46,64.79,100,
09:52:46,64.79,100,
09:52:53,64.80,200,
09:52:53,64.80,700,
09:52:53,64.80,700,
09:52:53,64.7995,700,
09:52:53,64.80,700,
09:52:53,64.80,300,
09:52:53,64.80,700,
09:52:53,64.80,500,
09:52:53,64.80,700,
09:52:53,64.798,700,
09:52:55,64.7971,100,
09:52:57,64.7985,100,
09:53:02,64.80,460,
09:53:02,64.80,100,
09:53:02,64.80,300,
09:53:02,64.80,100,
09:53:02,64.80,100,
09:53:02,64.80,100,
09:53:02,64.80,100,
09:53:02,64.80,100,
09:53:02,64.80,237,
09:53:02,64.80,800,
09:53:03,64.80,300,
09:53:09,64.80,200,
09:53:09,64.80,300,
09:53:09,64.80,400,
09:53:09,64.80,100,
09:53:09,64.80,100,
09:53:09,64.80,100,
09:53:23,64.7984,383,
09:53:24,64.80,100,
09:53:24,64.80,200,
09:53:24,64.80,200,
09:53:24,64.80,1300,
09:53:24,64.80,100,
09:53:24,64.80,100,
09:53:24,64.80,400,
09:53:29,64.80,400,
09:53:29,64.80,400,
09:53:29,64.80,100,
09:53:29,64.80,500,
09:53:29,64.79,500,
09:53:29,64.80,200,
09:53:29,64.80,100,
09:53:29,64.80,200,
09:53:29,64.80,1000,
09:53:31,64.79,300,
09:53:31,64.79,100,
09:53:33,64.7999,300,
09:53:34,64.79,100,
09:53:34,64.79,142,
09:53:34,64.79,200,
09:53:34,64.79,100,
09:53:34,64.78,100,
09:53:43,64.78,300,
09:53:43,64.78,100,
09:53:43,64.78,100,
09:53:58,64.78,300,
09:53:58,64.78,100,
09:53:58,64.78,100,
09:53:58,64.78,200,
09:53:58,64.78,200,
09:53:58,64.78,100,
09:53:58,64.78,100,
09:54:10,64.79,600,
09:54:21,64.79,200,
09:54:22,64.78,200,
09:54:22,64.78,100,
09:54:22,64.78,100,
09:54:22,64.78,200,
09:54:22,64.78,100,
09:54:22,64.7825,400,
09:54:22,64.77,600,
09:54:22,64.77,385,
09:54:22,64.77,100,
09:54:22,64.77,100,
09:54:22,64.77,100,
09:54:22,64.77,100,
09:54:22,64.77,100,
09:54:22,64.77,400,
09:54:27,64.77,200,
09:54:27,64.77,300,
09:54:27,64.77,100,
09:54:27,64.77,400,
09:54:27,64.77,100,
09:54:27,64.77,600,
09:54:27,64.77,800,
09:54:27,64.77,200,
09:54:27,64.77,400,
09:54:27,64.77,100,
09:54:27,64.77,100,
09:54:28,64.775,800,
09:54:29,64.77,300,
09:54:29,64.77,200,
09:54:29,64.77,100,
09:54:29,64.77,200,
09:54:29,64.77,100,
09:54:29,64.77,100,
09:54:29,64.77,400,
09:54:29,64.77,100,
09:54:30,64.76,600,
09:54:32,64.76,300,
09:54:32,64.76,100,
09:54:32,64.76,100,
09:54:32,64.76,100,
09:54:32,64.76,100,
09:54:32,64.76,100,
09:54:37,64.77,100,
09:54:37,64.77,400,
09:54:37,64.77,100,
09:54:37,64.77,100,
09:54:37,64.77,200,
09:54:37,64.77,100,
09:54:45,64.78,230,
09:54:45,64.78,100,
09:54:45,64.78,600,
09:54:45,64.78,100,
09:54:45,64.78,400,
09:54:52,64.7888,100,
09:55:13,64.79,600,
09:55:13,64.79,100,
09:55:13,64.79,300,
09:55:13,64.79,100,
09:55:13,64.79,100,
09:55:15,64.79,400,
09:55:15,64.79,100,
09:55:15,64.79,200,
09:55:15,64.79,200,
09:55:15,64.79,100,
09:55:15,64.79,200,
09:55:15,64.79,100,
09:55:15,64.795,100,
09:55:15,64.795,100,
09:55:29,64.785,200,
09:55:29,64.785,200,
09:55:30,64.79,200,
09:55:30,64.79,100,
09:55:30,64.79,100,
09:55:30,64.79,100,
09:55:30,64.79,400,
09:55:30,64.79,100,
09:55:34,64.80,600,
09:55:34,64.80,262,
09:55:34,64.80,138,
09:55:34,64.80,100,
09:55:34,64.80,300,
09:55:34,64.80,100,
09:55:34,64.80,400,
09:55:34,64.80,100,
09:55:34,64.80,800,
09:55:34,64.795,100,
09:55:34,64.795,262,
09:55:34,64.7961,100,
09:55:34,64.7979,100,
09:55:36,64.80,100,
09:55:36,64.80,100,
09:55:38,64.80,200,
09:55:38,64.80,100,
09:55:38,64.80,300,
09:55:38,64.80,400,
09:55:38,64.80,200,
09:55:38,64.80,100,
09:55:38,64.80,100,
09:55:38,64.80,129,
09:55:38,64.80,500,
09:55:38,64.80,100,
09:55:38,64.805,100,
09:55:40,64.795,100,
09:55:40,64.80,100,
09:55:41,64.80,100,
09:55:41,64.80,100,
09:55:41,64.80,100,
09:55:41,64.80,100,
09:55:41,64.80,800,
09:55:41,64.80,400,
09:55:41,64.80,100,
09:55:41,64.80,100,
09:55:41,64.80,100,
09:55:41,64.80,200,
09:55:41,64.80,200,
09:55:41,64.80,100,
09:55:41,64.805,100,
09:55:45,64.80,400,
09:55:50,64.80,200,
09:55:50,64.80,300,
09:55:57,64.80,100,
09:55:57,64.80,293,
09:55:57,64.80,500,
09:55:57,64.80,1000,
09:56:00,64.7999,100,
09:56:01,64.80,100,
09:56:01,64.80,300,
09:56:01,64.80,200,
09:56:01,64.80,300,
09:56:01,64.80,100,
09:56:01,64.80,100,
09:56:01,64.80,100,
09:56:04,64.80,100,
09:56:04,64.80,200,
09:56:04,64.80,200,
09:56:04,64.80,100,
09:56:04,64.80,100,
09:56:04,64.80,100,
09:56:04,64.80,100,
09:56:04,64.80,200,
09:56:11,64.7938,226,
09:56:11,64.79,200,
09:56:11,64.79,100,
09:56:11,64.79,400,
09:56:11,64.79,200,
09:56:15,64.80,100,
09:56:21,64.7956,100,
09:56:28,64.80,100,
09:56:28,64.80,100,
09:56:34,64.7907,100,
09:56:39,64.80,200,
09:56:39,64.80,100,
09:56:39,64.80,300,
09:56:39,64.80,100,
09:56:39,64.80,200,
09:56:42,64.80,500,
09:56:42,64.80,500,
09:56:42,64.80,200,
09:56:42,64.80,1000,
09:56:42,64.80,200,
09:56:42,64.80,300,
09:56:42,64.80,300,
09:56:42,64.80,500,
09:56:43,64.80,200,
09:56:43,64.80,100,
09:56:43,64.80,400,
09:56:43,64.80,100,
09:56:48,64.80,100,
09:56:48,64.80,100,
09:56:48,64.80,1200,
09:56:57,64.7999,300,
09:57:01,64.80,300,
09:57:01,64.80,100,
09:57:01,64.795,100,
09:57:01,64.80,100,
09:57:01,64.80,200,
09:57:03,64.80,500,
09:57:06,64.80,100,
09:57:06,64.80,100,
09:57:06,64.80,100,
09:57:06,64.80,400,
09:57:06,64.80,100,
09:57:06,64.80,1600,
09:57:06,64.80,560,
09:57:06,64.80,800,
09:57:06,64.80,200,
09:57:06,64.80,200,
09:57:08,64.80,200,
09:57:08,64.80,200,
09:57:08,64.795,600,
09:57:08,64.80,500,
09:57:08,64.80,200,
09:57:08,64.80,100,
09:57:08,64.80,400,
09:57:08,64.80,400,
09:57:08,64.80,100,
09:57:08,64.795,100,
09:57:08,64.80,100,
09:57:09,64.793,1000,
09:57:13,64.81,200,
09:57:18,64.81,100,
09:57:18,64.81,100,
09:57:18,64.81,300,
09:57:18,64.81,400,
09:57:18,64.81,100,
09:57:22,64.81,100,
09:57:22,64.81,600,
09:57:22,64.81,100,
09:57:22,64.81,100,
09:57:24,64.8099,700,
09:57:31,64.81,100,
09:57:31,64.81,400,
09:57:36,64.81,100,
09:57:36,64.81,100,
09:57:36,64.81,100,
09:57:39,64.81,100,
09:57:59,64.81,100,
09:57:59,64.81,100,
09:57:59,64.81,100,
09:58:00,64.8015,300,
09:58:02,64.8085,100,
09:58:02,64.8085,800,
09:58:10,64.81,1000,
09:58:10,64.81,100,
09:58:10,64.81,100,
09:58:10,64.81,300,
09:58:10,64.81,400,
09:58:10,64.81,300,
09:58:10,64.81,100,
09:58:10,64.81,200,
09:58:10,64.81,3000,
09:58:10,64.81,100,
09:58:10,64.81,100,
09:58:23,64.81,150,
09:58:30,64.81,100,
09:58:37,64.81,100,
09:58:37,64.81,100,
09:58:37,64.81,100,
09:58:38,64.81,100,
09:58:38,64.80,100,
09:58:38,64.80,100,
09:58:38,64.80,300,
09:58:38,64.80,100,
09:58:38,64.80,100,
09:58:38,64.80,100,
09:58:38,64.80,100,
09:58:42,64.80,100,
09:58:43,64.80,100,
09:58:43,64.80,100,
09:58:43,64.80,100,
09:58:43,64.80,300,
09:58:43,64.80,100,
09:58:43,64.80,100,
09:58:43,64.81,400,
09:58:44,64.80,400,
09:58:44,64.80,500,
09:58:44,64.80,100,
09:58:44,64.80,200,
09:58:44,64.80,100,
09:58:44,64.80,100,
09:58:44,64.80,100,
09:58:44,64.80,1528,
09:58:44,64.80,472,
09:58:44,64.80,300,
09:58:44,64.80,1900,
09:58:44,64.80,100,
09:58:44,64.80,100,
09:58:44,64.80,500,
09:58:45,64.79,400,
09:58:46,64.80,200,
09:58:48,64.80,100,
09:58:49,64.79,200,
09:58:49,64.79,100,
09:58:49,64.79,200,
09:58:49,64.79,100,
09:58:49,64.79,200,
09:58:52,64.80,400,
09:58:52,64.80,100,
09:58:52,64.80,100,
09:58:53,64.80,298,
09:58:53,64.80,102,
09:58:53,64.80,500,
09:58:53,64.80,400,
09:58:53,64.80,200,
09:58:53,64.80,500,
09:58:53,64.795,100,
09:58:55,64.81,200,
09:58:56,64.80,300,
09:58:56,64.80,1000,
09:58:56,64.80,500,
09:58:56,64.80,600,
09:58:56,64.80,500,
09:58:56,64.80,500,
09:58:56,64.80,200,
09:58:56,64.80,300,
09:58:56,64.80,200,
09:58:56,64.80,200,
09:58:56,64.80,100,
09:58:56,64.80,100,
09:58:56,64.80,500,
09:58:56,64.79,100,
09:58:56,64.79,200,
09:58:56,64.79,100,
09:58:56,64.79,100,
09:58:57,64.78,500,
09:58:58,64.79,100,
09:58:58,64.79,400,
09:58:58,64.79,100,
09:58:58,64.79,100,
09:58:58,64.79,300,
09:58:58,64.79,400,
09:58:58,64.79,100,
09:58:58,64.785,100,
09:59:01,64.7975,900,
09:59:07,64.79,1000,
09:59:08,64.79,100,
09:59:09,64.79,100,
09:59:11,64.79,100,
09:59:11,64.79,100,
09:59:12,64.79,900,
09:59:17,64.79,997,
09:59:22,64.78,100,
09:59:22,64.78,100,
09:59:22,64.78,100,
09:59:22,64.78,200,
09:59:22,64.78,600,
09:59:22,64.78,100,
09:59:27,64.78,100,
09:59:29,64.77,300,
09:59:29,64.77,100,
09:59:29,64.77,100,
09:59:29,64.77,1000,
09:59:29,64.77,100,
09:59:30,64.779,400,
09:59:33,64.765,340,
09:59:33,64.77,100,
09:59:33,64.77,400,
09:59:33,64.77,400,
09:59:33,64.77,100,
09:59:45,64.77,200,
09:59:45,64.77,200,
09:59:46,64.77,100,
09:59:46,64.77,100,
09:59:50,64.765,100,
09:59:52,64.77,400,
09:59:52,64.77,100,
09:59:52,64.77,100,
09:59:52,64.77,200,
09:59:52,64.77,100,
09:59:52,64.77,100,
09:59:52,64.77,100,
09:59:52,64.77,100,
09:59:52,64.77,100,
09:59:52,64.77,100,
09:59:52,64.77,100,
09:59:52,64.765,100,
09:59:52,64.765,100,
09:59:54,64.77,100,
09:59:54,64.77,100,
09:59:54,64.77,200,
09:59:54,64.77,100,
09:59:54,64.775,100,
09:59:54,64.78,400,
09:59:54,64.775,400,
09:59:54,64.78,100,
10:00:01,64.82,400,
10:00:01,64.82,200,
10:00:01,64.82,900,
10:00:01,64.82,200,
10:00:01,64.82,100,
10:00:01,64.82,100,
10:00:01,64.81,400,
10:00:01,64.81,100,
10:00:01,64.81,100,
10:00:01,64.81,200,
10:00:01,64.81,100,
10:00:01,64.81,100,
10:00:01,64.81,260,
10:00:01,64.81,500,
10:00:01,64.82,100,
10:00:02,64.82,100,
10:00:02,64.82,300,
10:00:03,64.82,200,
10:00:03,64.81,100,
10:00:03,64.81,400,
10:00:03,64.81,200,
10:00:04,64.81,100,
10:00:04,64.81,500,
10:00:05,64.80,100,
10:00:05,64.80,200,
10:00:05,64.81,100,
10:00:05,64.81,100,
10:00:05,64.82,100,
10:00:05,64.81,100,
10:00:05,64.81,100,
10:00:05,64.81,100,
10:00:05,64.81,400,
10:00:05,64.81,100,
10:00:05,64.81,600,
10:00:05,64.82,100,
10:00:05,64.81,100,
10:00:05,64.81,100,
10:00:05,64.81,5800,
10:00:05,64.81,400,
10:00:05,64.81,100,
10:00:05,64.81,200,
10:00:05,64.81,500,
10:00:05,64.82,100,
10:00:05,64.82,100,
10:00:05,64.82,100,
10:00:05,64.82,100,
10:00:05,64.82,100,
10:00:05,64.82,500,
10:00:05,64.83,294,
10:00:06,64.82,200,
10:00:06,64.82,200,
10:00:06,64.82,100,
10:00:06,64.82,100,
10:00:06,64.82,100,
10:00:06,64.82,300,
10:00:06,64.82,200,
10:00:06,64.82,400,
10:00:06,64.82,200,
10:00:06,64.82,200,
10:00:08,64.81,100,
10:00:08,64.81,200,
10:00:08,64.81,100,
10:00:08,64.81,100,
10:00:08,64.81,200,
10:00:10,64.801,1000,
10:00:10,64.805,100,
10:00:10,64.81,100,
10:00:10,64.81,100,
10:00:10,64.81,100,
10:00:10,64.81,100,
10:00:10,64.81,100,
10:00:10,64.81,100,
10:00:10,64.81,100,
10:00:10,64.805,100,
10:00:10,64.8199,100,
10:00:11,64.82,100,
10:00:11,64.82,100,
10:00:11,64.81,200,
10:00:11,64.81,100,
10:00:11,64.81,100,
10:00:11,64.81,100,
10:00:11,64.81,100,
10:00:11,64.81,100,
10:00:11,64.81,300,
10:00:11,64.81,200,
10:00:11,64.81,100,
10:00:11,64.81,200,
10:00:12,64.81,100,
10:00:12,64.81,200,
10:00:12,64.81,100,
10:00:12,64.81,100,
10:00:12,64.81,100,
10:00:12,64.81,100,
10:00:12,64.81,100,
10:00:15,64.82,100,
10:00:15,64.82,400,
10:00:15,64.82,100,
10:00:15,64.82,100,
10:00:15,64.82,100,
10:00:15,64.82,100,
10:00:16,64.82,100,
10:00:16,64.82,100,
10:00:16,64.83,100,
10:00:16,64.83,100,
10:00:16,64.84,2000,
10:00:16,64.84,1383,
10:00:16,64.83,100,
10:00:16,64.83,100,
10:00:16,64.83,100,
10:00:16,64.83,100,
10:00:16,64.83,100,
10:00:16,64.83,100,
10:00:16,64.83,200,
10:00:16,64.83,200,
10:00:16,64.83,200,
10:00:16,64.83,100,
10:00:17,64.82,100,
10:00:17,64.8174,300,
10:00:17,64.81,100,
10:00:17,64.81,100,
10:00:17,64.81,100,
10:00:18,64.82,300,
10:00:18,64.8185,200,
10:00:18,64.81,100,
10:00:18,64.81,100,
10:00:18,64.81,400,
10:00:18,64.81,100,
10:00:18,64.81,100,
10:00:18,64.81,100,
10:00:18,64.81,100,
10:00:18,64.81,100,
10:00:18,64.80,200,
10:00:18,64.80,100,
10:00:18,64.80,400,
10:00:19,64.80,100,
10:00:19,64.80,100,
10:00:19,64.80,400,
10:00:19,64.80,100,
10:00:19,64.80,100,
10:00:19,64.80,100,
10:00:19,64.80,100,
10:00:19,64.80,100,
10:00:19,64.80,200,
10:00:20,64.80,100,
10:00:20,64.80,400,
10:00:20,64.80,100,
10:00:20,64.80,400,
10:00:20,64.79,100,
10:00:20,64.79,100,
10:00:20,64.79,400,
10:00:20,64.79,100,
10:00:21,64.78,381,
10:00:21,64.78,100,
10:00:21,64.77,100,
10:00:21,64.77,400,
10:00:21,64.77,200,
10:00:24,64.76,291,
10:00:24,64.76,300,
10:00:24,64.76,109,
10:00:24,64.75,500,
10:00:24,64.75,400,
10:00:24,64.74,100,
10:00:24,64.74,100,
10:00:24,64.74,300,
10:00:24,64.74,100,
10:00:24,64.74,100,
10:00:25,64.7438,300,
10:00:25,64.745,100,
10:00:25,64.75,100,
10:00:25,64.75,100,
10:00:25,64.75,100,
10:00:25,64.75,100,
10:00:25,64.75,100,
10:00:25,64.75,200,
10:00:26,64.76,100,
10:00:27,64.75,100,
10:00:27,64.75,100,
10:00:27,64.75,100,
10:00:27,64.75,200,
10:00:27,64.75,100,
10:00:27,64.75,100,
10:00:27,64.75,400,
10:00:27,64.74,100,
10:00:27,64.74,700,
10:00:27,64.74,200,
10:00:27,64.74,497,
10:00:27,64.74,100,
10:00:27,64.74,100,
10:00:27,64.74,100,
10:00:27,64.74,100,
10:00:27,64.73,100,
10:00:27,64.73,100,
10:00:27,64.73,140,
10:00:27,64.72,100,
10:00:27,64.72,1400,
10:00:27,64.72,100,
10:00:27,64.72,300,
10:00:27,64.72,100,
10:00:27,64.72,565,
10:00:27,64.72,435,
10:00:27,64.72,1400,
10:00:27,64.72,100,
10:00:27,64.72,100,
10:00:27,64.73,100,
10:00:27,64.73,100,
10:00:27,64.73,100,
10:00:28,64.73,103,
10:00:28,64.73,100,
10:00:28,64.73,100,
10:00:28,64.73,500,
10:00:28,64.73,400,
10:00:28,64.73,100,
10:00:28,64.73,300,
10:00:28,64.73,200,
10:00:28,64.72,1000,
10:00:29,64.73,100,
10:00:29,64.73,100,
10:00:29,64.73,400,
10:00:29,64.73,100,
10:00:29,64.73,100,
10:00:29,64.73,238,
10:00:29,64.73,100,
10:00:29,64.73,100,
10:00:29,64.73,100,
10:00:29,64.73,100,
10:00:29,64.73,100,
10:00:29,64.7393,100,
10:00:30,64.74,100,
10:00:30,64.74,100,
10:00:30,64.74,400,
10:00:30,64.74,100,
10:00:30,64.74,200,
10:00:30,64.74,100,
10:00:30,64.74,100,
10:00:30,64.74,200,
10:00:30,64.74,200,
10:00:30,64.74,200,
10:00:30,64.74,500,
10:00:30,64.74,100,
10:00:30,64.74,100,
10:00:30,64.74,100,
10:00:30,64.74,300,
10:00:31,64.74,100,
10:00:31,64.74,100,
10:00:31,64.74,100,
10:00:31,64.74,400,
10:00:31,64.74,400,
10:00:31,64.74,100,
10:00:31,64.74,100,
10:00:31,64.74,263,
10:00:31,64.74,100,
10:00:31,64.74,100,
10:00:31,64.74,100,
10:00:32,64.75,100,
10:00:32,64.75,400,
10:00:32,64.75,100,
10:00:32,64.75,100,
10:00:32,64.75,100,
10:00:32,64.75,100,
10:00:33,64.75,1200,
10:00:33,64.75,300,
10:00:33,64.75,300,
10:00:33,64.75,100,
10:00:33,64.75,100,
10:00:33,64.75,100,
10:00:33,64.75,100,
10:00:33,64.75,100,
10:00:33,64.75,100,
10:00:33,64.75,100,
10:00:33,64.75,200,
10:00:33,64.75,100,
10:00:33,64.75,100,
10:00:34,64.75,200,
10:00:35,64.75,100,
10:00:36,64.76,300,
10:00:37,64.76,100,
10:00:37,64.76,100,
10:00:37,64.76,100,
10:00:37,64.76,200,
10:00:37,64.76,252,
10:00:37,64.76,1150,
10:00:37,64.76,100,
10:00:37,64.76,100,
10:00:37,64.76,100,
10:00:37,64.76,200,
10:00:37,64.76,100,
10:00:37,64.76,200,
10:00:41,64.76,100,
10:00:41,64.76,100,
10:00:41,64.76,100,
10:00:42,64.77,200,
10:00:46,64.77,100,
10:00:46,64.77,100,
10:00:46,64.77,200,
10:00:46,64.77,100,
10:00:46,64.77,100,
10:00:46,64.77,100,
10:00:46,64.77,200,
10:00:46,64.77,100,
10:00:46,64.77,100,
10:00:46,64.77,100,
10:00:46,64.77,100,
10:00:46,64.77,100,
10:00:46,64.77,100,
10:00:48,64.78,100,
10:00:48,64.78,100,
10:00:48,64.78,300,
10:00:51,64.79,100,
10:00:51,64.79,400,
10:00:51,64.79,500,
10:00:51,64.79,1600,
10:00:53,64.79,100,
10:00:53,64.79,100,
10:00:54,64.80,715,
10:00:55,64.80,100,
10:00:55,64.80,100,
10:00:55,64.80,100,
10:00:59,64.81,100,
10:01:03,64.80,1400,
10:01:03,64.80,115,
10:01:03,64.80,100,
10:01:03,64.80,215,
10:01:03,64.80,100,
10:01:03,64.80,500,
10:01:03,64.80,100,
10:01:03,64.80,100,
10:01:03,64.80,400,
10:01:03,64.80,100,
10:01:03,64.80,100,
10:01:03,64.80,1000,
10:01:04,64.80,475,
10:01:04,64.80,100,
10:01:04,64.80,100,
10:01:04,64.80,100,
10:01:04,64.80,100,
10:01:04,64.80,200,
10:01:04,64.80,100,
10:01:04,64.80,200,
10:01:06,64.79,100,
10:01:06,64.79,100,
10:01:06,64.79,100,
10:01:06,64.79,100,
10:01:06,64.79,112,
10:01:07,64.78,100,
10:01:07,64.78,100,
10:01:07,64.78,100,
10:01:07,64.78,200,
10:01:07,64.78,100,
10:01:07,64.78,100,
10:01:07,64.78,100,
10:01:07,64.77,200,
10:01:07,64.77,100,
10:01:07,64.77,100,
10:01:07,64.77,100,
10:01:08,64.77,100,
10:01:08,64.77,100,
10:01:08,64.77,100,
10:01:08,64.77,100,
10:01:08,64.77,400,
10:01:08,64.77,100,
10:01:09,64.77,100,
10:01:11,64.77,100,
10:01:11,64.77,100,
10:01:11,64.77,100,
10:01:11,64.77,400,
10:01:11,64.77,100,
10:01:11,64.77,100,
10:01:11,64.77,100,
10:01:11,64.77,100,
10:01:11,64.77,100,
10:01:12,64.77,500,
10:01:13,64.77,800,
10:01:13,64.77,100,
10:01:13,64.77,200,
10:01:13,64.77,100,
10:01:13,64.77,100,
10:01:13,64.77,100,
10:01:13,64.77,200,
10:01:13,64.77,100,
10:01:13,64.77,100,
10:01:13,64.77,400,
10:01:13,64.77,100,
10:01:13,64.77,100,
10:01:13,64.77,300,
10:01:13,64.77,200,
10:01:17,64.78,500,
10:01:17,64.78,100,
10:01:17,64.78,400,
10:01:17,64.78,100,
10:01:17,64.78,100,
10:01:17,64.78,500,
10:01:20,64.78,205,
10:01:20,64.78,100,
10:01:20,64.78,100,
10:01:20,64.78,100,
10:01:20,64.78,100,
10:01:20,64.78,200,
10:01:20,64.77,100,
10:01:20,64.77,100,
10:01:20,64.77,100,
10:01:20,64.77,400,
10:01:20,64.77,100,
10:01:23,64.77,100,
10:01:23,64.77,200,
10:01:23,64.77,400,
10:01:23,64.77,100,
10:01:23,64.77,100,
10:01:23,64.77,100,
10:01:28,64.77,200,
10:01:28,64.77,200,
10:01:28,64.77,200,
10:01:30,64.77,100,
10:01:30,64.77,100,
10:01:30,64.77,100,
10:01:30,64.77,100,
10:01:30,64.77,400,
10:01:30,64.77,100,
10:01:30,64.77,100,
10:01:32,64.775,187,
10:01:38,64.78,100,
10:01:38,64.78,100,
10:01:38,64.78,281,
10:01:38,64.78,100,
10:01:41,64.78,100,
10:01:41,64.78,381,
10:01:41,64.78,600,
10:01:41,64.78,200,
10:01:42,64.78,106,
10:01:47,64.78,100,
10:01:48,64.78,200,
10:01:48,64.78,500,
10:01:48,64.78,100,
10:01:48,64.78,100,
10:01:48,64.78,100,
10:01:48,64.78,100,
10:01:48,64.79,288,
10:01:49,64.79,288,
10:01:49,64.79,100,
10:01:49,64.79,100,
10:01:52,64.79,100,
10:01:52,64.79,100,
10:01:52,64.79,100,
10:01:52,64.79,2000,
10:01:52,64.79,400,
10:01:52,64.79,3900,
10:01:52,64.79,500,
10:01:52,64.79,815,
10:01:52,64.79,100,
10:01:52,64.79,7000,
10:01:52,64.79,500,
10:01:52,64.79,2000,
10:01:52,64.79,716,
10:01:52,64.79,400,
10:01:52,64.79,100,
10:01:54,64.79,100,
10:01:54,64.79,100,
10:01:54,64.79,100,
10:01:54,64.79,100,
10:01:54,64.79,200,
10:01:56,64.7984,600,
10:02:07,64.79,200,
10:02:08,64.80,300,
10:02:08,64.80,300,
10:02:08,64.7901,100,
10:02:10,64.79,100,
10:02:10,64.79,300,
10:02:10,64.79,400,
10:02:10,64.79,100,
10:02:10,64.79,300,
10:02:14,64.79,600,
10:02:16,64.79,500,
10:02:16,64.79,884,
10:02:16,64.79,200,
10:02:16,64.79,500,
10:02:16,64.79,1200,
10:02:16,64.79,100,
10:02:16,64.79,100,
10:02:16,64.79,100,
10:02:16,64.79,200,
10:02:16,64.79,100,
10:02:16,64.79,200,
10:02:16,64.79,300,
10:02:16,64.79,100,
10:02:17,64.78,400,
10:02:22,64.79,500,
10:02:22,64.79,600,
10:02:24,64.79,1000,
10:02:24,64.795,500,
10:02:25,64.79,200,
10:02:25,64.79,200,
10:02:25,64.79,100,
10:02:25,64.79,100,
10:02:25,64.79,200,
10:02:25,64.79,200,
10:02:25,64.79,100,
10:02:25,64.795,800,
10:02:25,64.79,100,
10:02:25,64.79,100,
10:02:25,64.79,400,
10:02:25,64.79,400,
10:02:25,64.79,100,
10:02:25,64.79,100,
10:02:25,64.79,100,
10:02:25,64.79,100,
10:02:25,64.80,100,
10:02:25,64.80,100,
10:02:25,64.80,100,
10:02:25,64.80,100,
10:02:26,64.80,200,
10:02:26,64.7985,200,
10:02:27,64.80,100,
10:02:27,64.79,100,
10:02:27,64.79,100,
10:02:27,64.79,100,
10:02:27,64.79,100,
10:02:27,64.79,100,
10:02:27,64.79,200,
10:02:27,64.79,200,
10:02:27,64.79,400,
10:02:27,64.79,200,
10:02:27,64.79,300,
10:02:27,64.79,1500,
10:02:27,64.79,100,
10:02:27,64.79,100,
10:02:30,64.79,100,
10:02:37,64.7895,100,
10:02:40,64.7899,500,
10:02:44,64.79,100,
10:02:47,64.78,300,
10:02:47,64.78,100,
10:02:47,64.78,100,
10:02:47,64.78,100,
10:02:47,64.78,100,
10:02:47,64.78,400,
10:02:47,64.785,100,
10:02:47,64.78,2200,
10:02:47,64.77,100,
10:02:47,64.77,380,
10:02:47,64.78,300,
10:02:47,64.77,100,
10:02:48,64.77,100,
10:02:48,64.77,600,
10:02:48,64.77,400,
10:02:48,64.77,600,
10:02:48,64.775,700,
10:02:49,64.76,900,
10:02:49,64.76,100,
10:02:49,64.76,1000,
10:02:49,64.76,1000,
10:02:49,64.76,100,
10:02:49,64.76,300,
10:02:49,64.765,300,
10:02:49,64.76,100,
10:02:49,64.76,100,
10:02:50,64.77,100,
10:02:50,64.77,200,
10:02:50,64.77,100,
10:02:50,64.77,600,
10:02:50,64.77,100,
10:02:50,64.77,100,
10:02:50,64.77,100,
10:02:50,64.77,1000,
10:02:50,64.77,100,
10:02:55,64.78,100,
10:02:55,64.78,200,
10:02:55,64.78,100,
10:02:55,64.78,100,
10:02:55,64.78,100,
10:02:56,64.7882,200,
10:02:56,64.79,100,
10:02:56,64.79,100,
10:02:56,64.79,100,
10:02:56,64.79,100,
10:02:56,64.79,300,
10:02:56,64.79,100,
10:02:56,64.79,200,
10:02:56,64.79,500,
10:02:57,64.80,397,
10:02:57,64.80,700,
10:02:57,64.80,300,
10:02:57,64.80,200,
10:02:57,64.80,600,
10:02:57,64.80,400,
10:02:57,64.80,100,
10:02:57,64.80,100,
10:02:57,64.80,400,
10:02:58,64.81,600,
10:02:58,64.81,100,
10:02:58,64.81,400,
10:02:58,64.815,450,
10:02:59,64.81,300,
10:02:59,64.81,800,
10:02:59,64.81,100,
10:02:59,64.81,500,
10:02:59,64.81,100,
10:02:59,64.81,200,
10:02:59,64.81,200,
10:02:59,64.815,300,
10:02:59,64.8125,400,
10:02:59,64.80,300,
10:02:59,64.80,100,
10:02:59,64.80,300,
10:03:00,64.81,300,
10:03:00,64.81,700,
10:03:04,64.81,500,
10:03:04,64.81,100,
10:03:04,64.81,100,
10:03:04,64.81,100,
10:03:04,64.82,100,
10:03:05,64.82,2285,
10:03:06,64.83,100,
10:03:06,64.83,100,
10:03:10,64.83,100,
10:03:10,64.83,400,
10:03:10,64.83,200,
10:03:10,64.83,100,
10:03:10,64.83,200,
10:03:10,64.83,100,
10:03:10,64.83,100,
10:03:10,64.83,100,
10:03:10,64.83,200,
10:03:10,64.83,100,
10:03:10,64.83,100,
10:03:12,64.8202,1000,
10:03:14,64.83,300,
10:03:14,64.83,100,
10:03:14,64.83,100,
10:03:14,64.83,279,
10:03:14,64.83,400,
10:03:14,64.83,100,
10:03:14,64.83,221,
10:03:14,64.83,200,
10:03:14,64.83,100,
10:03:14,64.83,200,
10:03:14,64.83,200,
10:03:16,64.83,100,
10:03:16,64.83,100,
10:03:16,64.83,300,
10:03:16,64.83,100,
10:03:16,64.83,300,
10:03:16,64.83,100,
10:03:16,64.83,200,
10:03:16,64.83,100,
10:03:16,64.83,200,
10:03:16,64.83,100,
10:03:16,64.83,100,
10:03:16,64.83,400,
10:03:16,64.83,100,
10:03:17,64.82,100,
10:03:17,64.82,300,
10:03:17,64.8265,1273,
10:03:17,64.82,200,
10:03:17,64.82,100,
10:03:17,64.82,100,
10:03:17,64.82,400,
10:03:20,64.82,200,
10:03:20,64.82,400,
10:03:21,64.82,200,
10:03:21,64.82,100,
10:03:22,64.82,200,
10:03:22,64.82,100,
10:03:22,64.82,316,
10:03:22,64.82,100,
10:03:22,64.83,100,
10:03:22,64.83,400,
10:03:23,64.83,100,
10:03:23,64.83,100,
10:03:23,64.83,400,
10:03:23,64.8305,100,
10:03:24,64.84,700,
10:03:24,64.84,700,
10:03:24,64.84,300,
10:03:24,64.84,100,
10:03:24,64.84,100,
10:03:24,64.84,100,
10:03:24,64.84,100,
10:03:24,64.84,100,
10:03:24,64.85,400,
10:03:24,64.85,100,
10:03:24,64.85,100,
10:03:24,64.85,100,
10:03:24,64.855,200,
10:03:25,64.86,200,
10:03:25,64.86,500,
10:03:26,64.86,100,
10:03:26,64.86,400,
10:03:26,64.86,100,
10:03:26,64.86,100,
10:03:26,64.86,100,
10:03:26,64.86,100,
10:03:26,64.86,100,
10:03:26,64.86,100,
10:03:26,64.855,400,
10:03:27,64.86,3000,
10:03:30,64.86,200,
10:03:30,64.86,100,
10:03:30,64.87,600,
10:03:30,64.87,167,
10:03:32,64.8701,1000,
10:03:32,64.88,3925,
10:03:32,64.88,100,
10:03:32,64.88,100,
10:03:32,64.88,100,
10:03:32,64.88,100,
10:03:32,64.88,100,
10:03:32,64.88,100,
10:03:33,64.89,1000,
10:03:33,64.89,500,
10:03:34,64.89,100,
10:03:34,64.89,100,
10:03:34,64.89,100,
10:03:34,64.89,600,
10:03:34,64.89,100,
10:03:34,64.89,100,
10:03:34,64.89,100,
10:03:34,64.89,400,
10:03:34,64.89,800,
10:03:34,64.89,100,
10:03:34,64.88,100,
10:03:34,64.88,400,
10:03:34,64.88,200,
10:03:34,64.88,100,
10:03:35,64.8729,195,
10:03:35,64.87,100,
10:03:35,64.87,100,
10:03:35,64.87,400,
10:03:35,64.87,400,
10:03:36,64.86,815,
10:03:36,64.86,100,
10:03:36,64.86,100,
10:03:36,64.86,100,
10:03:36,64.86,100,
10:03:36,64.86,100,
10:03:36,64.86,600,
10:03:37,64.86,100,
10:03:37,64.86,100,
10:03:37,64.86,100,
10:03:37,64.86,100,
10:03:37,64.86,100,
10:03:37,64.86,100,
10:03:37,64.86,391,
10:03:37,64.86,200,
10:03:37,64.87,400,
10:03:37,64.87,400,
10:03:37,64.87,400,
10:03:37,64.87,200,
10:03:37,64.87,100,
10:03:39,64.87,2000,
10:03:39,64.87,200,
10:03:39,64.87,600,
10:03:39,64.87,100,
10:03:40,64.88,400,
10:03:40,64.88,700,
10:03:40,64.88,800,
10:03:40,64.88,200,
10:03:40,64.88,100,
10:03:40,64.88,100,
10:03:42,64.87,200,
10:03:42,64.87,200,
10:03:42,64.87,100,
10:03:42,64.87,100,
10:03:42,64.87,100,
10:03:42,64.87,200,
10:03:42,64.87,600,
10:03:42,64.87,1100,
10:03:44,64.87,800,
10:03:45,64.87,400,
10:03:45,64.87,100,
10:03:45,64.87,100,
10:03:45,64.87,100,
10:03:45,64.87,186,
10:03:45,64.87,100,
10:03:45,64.87,600,
10:03:45,64.87,600,
10:03:45,64.87,100,
10:03:45,64.88,100,
10:03:45,64.88,600,
10:03:46,64.88,100,
10:03:46,64.88,600,
10:03:46,64.8789,100,
10:03:47,64.8795,400,
10:03:47,64.87,100,
10:03:47,64.87,100,
10:03:47,64.87,100,
10:03:47,64.87,400,
10:03:47,64.87,200,
10:03:47,64.87,100,
10:03:47,64.87,100,
10:03:47,64.87,100,
10:03:48,64.87,100,
10:03:48,64.86,400,
10:03:48,64.86,500,
10:03:48,64.86,600,
10:03:48,64.86,100,
10:03:48,64.85,400,
10:03:48,64.85,100,
10:03:48,64.85,100,
10:03:48,64.85,600,
10:03:48,64.85,600,
10:03:48,64.85,100,
10:03:48,64.85,500,
10:03:48,64.85,200,
10:03:48,64.85,100,
10:03:48,64.85,4000,
10:03:48,64.85,100,
10:03:48,64.85,300,
10:03:48,64.85,816,
10:03:48,64.85,200,
10:03:48,64.85,100,
10:03:48,64.85,100,
10:03:48,64.85,100,
10:03:48,64.85,800,
10:03:48,64.85,500,
10:03:48,64.85,130,
10:03:48,64.85,100,
10:03:48,64.85,200,
10:03:48,64.85,600,
10:03:48,64.85,300,
10:03:48,64.85,200,
10:03:48,64.85,100,
10:03:48,64.85,100,
10:03:48,64.86,100,
10:03:48,64.85,400,
10:03:48,64.85,500,
10:03:49,64.85,100,
10:03:49,64.85,100,
10:03:49,64.85,100,
10:03:49,64.85,600,
10:03:49,64.84,300,
10:03:49,64.84,237,
10:03:49,64.84,100,
10:03:49,64.84,200,
10:03:49,64.84,363,
10:03:49,64.84,400,
10:03:49,64.84,100,
10:03:49,64.84,100,
10:03:50,64.86,100,
10:03:50,64.85,800,
10:03:50,64.85,100,
10:03:50,64.85,800,
10:03:50,64.85,400,
10:03:50,64.85,1902,
10:03:50,64.85,100,
10:03:50,64.85,2400,
10:03:51,64.85,100,
10:03:51,64.85,200,
10:03:51,64.85,100,
10:03:51,64.85,100,
10:03:51,64.85,600,
10:03:51,64.85,100,
10:03:52,64.86,100,
10:03:52,64.86,400,
10:03:52,64.86,100,
10:03:52,64.86,100,
10:03:52,64.86,100,
10:03:52,64.87,100,
10:03:52,64.87,200,
10:03:52,64.87,500,
10:03:52,64.87,200,
10:03:53,64.87,400,
10:03:53,64.87,100,
10:03:53,64.87,100,
10:03:53,64.88,100,
10:03:54,64.88,300,
10:04:02,64.87,400,
10:04:03,64.87,100,
10:04:03,64.87,600,
10:04:03,64.87,200,
10:04:03,64.87,200,
10:04:03,64.87,100,
10:04:03,64.87,500,
10:04:03,64.87,200,
10:04:03,64.86,200,
10:04:03,64.86,200,
10:04:03,64.86,100,
10:04:03,64.86,100,
10:04:04,64.86,600,
10:04:04,64.86,400,
10:04:04,64.86,100,
10:04:06,64.85,100,
10:04:06,64.85,400,
10:04:06,64.85,100,
10:04:07,64.85,100,
10:04:14,64.85,133,
10:04:14,64.85,900,
10:04:14,64.85,100,
10:04:14,64.85,100,
10:04:14,64.85,400,
10:04:14,64.85,200,
10:04:14,64.85,100,
10:04:14,64.85,100,
10:04:14,64.85,100,
10:04:14,64.85,600,
10:04:14,64.85,442,
10:04:14,64.85,100,
10:04:14,64.85,100,
10:04:14,64.85,100,
10:04:16,64.86,100,
10:04:16,64.86,100,
10:04:16,64.86,100,
10:04:16,64.86,100,
10:04:16,64.86,100,
10:04:20,64.86,200,
10:04:20,64.86,100,
10:04:20,64.86,100,
10:04:20,64.86,100,
10:04:20,64.86,100,
10:04:20,64.86,200,
10:04:20,64.86,100,
10:04:21,64.85,200,
10:04:21,64.85,400,
10:04:21,64.85,100,
10:04:21,64.85,400,
10:04:21,64.85,400,
10:04:21,64.85,300,
10:04:21,64.85,500,
10:04:25,64.86,100,
10:04:25,64.86,400,
10:04:25,64.86,410,
10:04:28,64.86,800,
10:04:28,64.8622,800,
10:04:30,64.86,100,
10:04:30,64.86,100,
10:04:30,64.86,100,
10:04:30,64.86,550,
10:04:30,64.86,400,
10:04:30,64.86,150,
10:04:30,64.87,6000,
10:04:30,64.87,700,
10:04:30,64.87,900,
10:04:30,64.87,600,
10:04:30,64.87,100,
10:04:30,64.87,100,
10:04:30,64.87,449,
10:04:30,64.87,400,
10:04:30,64.87,100,
10:04:30,64.87,100,
10:04:30,64.87,100,
10:04:30,64.87,100,
10:04:30,64.87,100,
10:04:30,64.87,100,
10:04:30,64.87,100,
10:04:30,64.87,100,
10:04:30,64.87,100,
10:04:30,64.87,100,
10:04:30,64.87,100,
10:04:30,64.87,300,
10:04:30,64.87,100,
10:04:30,64.87,100,
10:04:30,64.87,100,
10:04:30,64.87,100,
10:04:30,64.87,100,
10:04:30,64.87,300,
10:04:30,64.87,100,
10:04:30,64.87,100,
10:04:30,64.87,100,
10:04:30,64.87,100,
10:04:30,64.87,100,
10:04:31,64.87,3000,
10:04:31,64.88,700,
10:04:31,64.88,500,
10:04:31,64.88,700,
10:04:32,64.88,2400,
10:04:32,64.88,100,
10:04:32,64.88,600,
10:04:32,64.88,100,
10:04:32,64.88,300,
10:04:32,64.88,100,
10:04:36,64.89,800,
10:04:39,64.88,100,
10:04:39,64.88,100,
10:04:39,64.88,100,
10:04:39,64.88,200,
10:04:41,64.87,100,
10:04:41,64.87,400,
10:04:41,64.87,100,
10:04:41,64.87,600,
10:04:43,64.87,100,
10:04:43,64.87,100,
10:04:43,64.87,200,
10:04:43,64.87,100,
10:04:43,64.87,100,
10:04:45,64.89,200,
10:04:45,64.88,100,
10:04:45,64.88,100,
10:04:45,64.88,200,
10:04:45,64.88,300,
10:04:45,64.88,100,
10:04:45,64.88,100,
10:04:46,64.89,2718,
10:04:47,64.89,400,
10:04:47,64.89,100,
10:04:47,64.89,100,
10:04:47,64.89,200,
10:04:52,64.8899,500,
10:04:54,64.89,5200,
10:04:54,64.89,100,
10:04:54,64.89,3200,
10:04:54,64.89,600,
10:04:54,64.89,100,
10:04:54,64.89,100,
10:04:54,64.89,100,
10:04:54,64.90,400,
10:04:54,64.90,300,
10:04:54,64.90,100,
10:04:54,64.90,400,
10:04:54,64.90,100,
10:04:54,64.90,100,
10:04:54,64.90,100,
10:04:54,64.90,300,
10:04:54,64.89,100,
10:04:55,64.90,1700,
10:04:55,64.90,100,
10:04:55,64.90,400,
10:04:55,64.90,100,
10:04:55,64.90,300,
10:04:55,64.90,300,
10:04:55,64.90,100,
10:04:58,64.90,200,
10:04:58,64.90,200,
10:04:59,64.8935,2500,
10:05:00,64.90,100,
10:05:00,64.90,100,
10:05:02,64.90,300,
10:05:02,64.90,400,
10:05:02,64.90,100,
10:05:04,64.8999,1300,
10:05:05,64.90,100,
10:05:05,64.90,100,
10:05:05,64.90,300,
10:05:05,64.90,100,
10:05:07,64.9085,329,
10:05:08,64.90,500,
10:05:08,64.90,400,
10:05:08,64.90,600,
10:05:08,64.90,100,
10:05:08,64.90,100,
10:05:10,64.9007,250,
10:05:10,64.89,1600,
10:05:10,64.89,100,
10:05:12,64.89,400,
10:05:12,64.89,320,
10:05:12,64.89,100,
10:05:12,64.89,300,
10:05:12,64.88,800,
10:05:14,64.88,100,
10:05:14,64.88,100,
10:05:14,64.88,400,
10:05:14,64.88,100,
10:05:14,64.88,100,
10:05:14,64.88,200,
10:05:14,64.88,600,
10:05:14,64.88,300,
10:05:14,64.88,100,
10:05:14,64.88,100,
10:05:14,64.88,400,
10:05:14,64.88,100,
10:05:14,64.88,600,
10:05:14,64.88,200,
10:05:14,64.88,100,
10:05:14,64.88,700,
10:05:14,64.88,1200,
10:05:14,64.88,100,
10:05:14,64.88,100,
10:05:14,64.88,400,
10:05:14,64.88,300,
10:05:14,64.88,1800,
10:05:14,64.88,1800,
10:05:15,64.89,100,
10:05:15,64.89,100,
10:05:15,64.89,300,
10:05:15,64.89,400,
10:05:15,64.89,100,
10:05:16,64.895,200,
10:05:16,64.895,200,
10:05:16,64.895,200,
10:05:20,64.89,200,
10:05:20,64.89,100,
10:05:20,64.89,100,
10:05:20,64.89,100,
10:05:20,64.89,100,
10:05:21,64.8875,100,
10:05:21,64.8835,3800,
10:05:21,64.89,500,
10:05:21,64.89,2600,
10:05:21,64.89,200,
10:05:21,64.89,300,
10:05:21,64.885,1000,
10:05:23,64.8801,100,
10:05:26,64.89,300,
10:05:26,64.89,100,
10:05:27,64.89,100,
10:05:29,64.88,100,
10:05:29,64.88,100,
10:05:29,64.88,100,
10:05:29,64.88,100,
10:05:29,64.88,100,
10:05:29,64.88,400,
10:05:29,64.88,100,
10:05:29,64.88,100,
10:05:29,64.88,400,
10:05:34,64.88,100,
10:05:34,64.88,100,
10:05:35,64.87,200,
10:05:35,64.87,100,
10:05:35,64.87,100,
10:05:35,64.87,500,
10:05:35,64.87,400,
10:05:35,64.87,100,
10:05:35,64.87,300,
10:05:35,64.87,100,
10:05:35,64.87,100,
10:05:36,64.86,100,
10:05:36,64.86,100,
10:05:39,64.86,1200,
10:05:39,64.86,600,
10:05:39,64.86,100,
10:05:39,64.86,100,
10:05:41,64.87,300,
10:05:41,64.87,100,
10:05:41,64.87,200,
10:05:41,64.87,100,
10:05:41,64.87,100,
10:05:41,64.87,100,
10:05:41,64.87,100,
10:05:43,64.87,100,
10:05:43,64.87,100,
10:05:43,64.87,100,
10:05:43,64.87,300,
10:05:47,64.86,100,
10:05:48,64.86,100,
10:05:48,64.86,400,
10:05:48,64.86,100,
10:05:48,64.86,600,
10:05:48,64.85,200,
10:05:48,64.85,197,
10:05:48,64.85,200,
10:05:48,64.85,100,
10:05:48,64.85,100,
10:05:49,64.85,100,
10:05:51,64.84,1700,
10:05:51,64.84,100,
10:05:51,64.84,500,
10:05:52,64.84,970,
10:05:53,64.84,100,
10:05:53,64.84,100,
10:05:53,64.84,100,
10:05:53,64.84,100,
10:05:54,64.8499,580,
10:05:54,64.845,100,
10:05:55,64.84,400,
10:05:55,64.84,300,
10:05:55,64.84,100,
10:05:55,64.84,100,
10:05:55,64.84,100,
10:05:55,64.84,400,
10:05:55,64.84,100,
10:05:55,64.84,500,
10:05:57,64.83,2000,
10:05:57,64.83,1000,
10:05:57,64.83,300,
10:05:57,64.83,200,
10:05:59,64.84,600,
10:05:59,64.84,100,
10:05:59,64.84,100,
10:06:01,64.85,100,
10:06:01,64.85,100,
10:06:01,64.85,100,
10:06:01,64.85,100,
10:06:01,64.85,100,
10:06:01,64.85,200,
10:06:02,64.86,100,
10:06:02,64.86,100,
10:06:02,64.86,100,
10:06:03,64.85,200,
10:06:03,64.85,100,
10:06:03,64.85,400,
10:06:03,64.85,400,
10:06:03,64.85,100,
10:06:03,64.85,100,
10:06:07,64.85,500,
10:06:10,64.85,808,
10:06:10,64.85,100,
10:06:10,64.85,300,
10:06:10,64.85,100,
10:06:10,64.85,100,
10:06:10,64.85,767,
10:06:10,64.85,100,
10:06:10,64.85,100,
10:06:11,64.85,200,
10:06:11,64.85,100,
10:06:11,64.85,100,
10:06:11,64.85,100,
10:06:16,64.85,800,
10:06:16,64.85,700,
10:06:17,64.85,100,
10:06:17,64.85,300,
10:06:19,64.86,150,
10:06:21,64.86,1000,
10:06:21,64.86,100,
10:06:21,64.86,200,
10:06:21,64.86,600,
10:06:21,64.86,400,
10:06:21,64.86,100,
10:06:21,64.86,300,
10:06:21,64.86,100,
10:06:21,64.86,100,
10:06:21,64.86,100,
10:06:21,64.86,100,
10:06:21,64.86,100,
10:06:21,64.86,200,
10:06:21,64.86,100,
10:06:21,64.86,400,
10:06:21,64.86,600,
10:06:21,64.86,600,
10:06:21,64.86,100,
10:06:21,64.86,200,
10:06:21,64.86,300,
10:06:21,64.86,300,
10:06:21,64.86,100,
10:06:21,64.86,100,
10:06:21,64.86,100,
10:06:24,64.86,400,
10:06:24,64.86,100,
10:06:24,64.86,100,
10:06:24,64.86,200,
10:06:24,64.86,400,
10:06:24,64.86,100,
10:06:24,64.86,100,
10:06:24,64.86,100,
10:06:24,64.8605,100,
10:06:26,64.86,100,
10:06:26,64.86,100,
10:06:26,64.86,100,
10:06:27,64.86,100,
10:06:27,64.86,100,
10:06:27,64.86,100,
10:06:27,64.86,400,
10:06:27,64.86,100,
10:06:27,64.86,100,
10:06:27,64.86,100,
10:06:27,64.86,100,
10:06:27,64.86,400,
10:06:28,64.85,300,
10:06:28,64.85,400,
10:06:28,64.85,500,
10:06:28,64.85,2000,
10:06:28,64.85,100,
10:06:28,64.85,700,
10:06:28,64.85,300,
10:06:28,64.85,300,
10:06:28,64.85,100,
10:06:29,64.86,100,
10:06:29,64.86,100,
10:06:33,64.8595,900,
10:06:33,64.86,300,
10:06:36,64.86,200,
10:06:36,64.86,100,
10:06:36,64.86,100,
10:06:36,64.86,100,
10:06:36,64.86,135,
10:06:36,64.86,300,
10:06:36,64.86,365,
10:06:39,64.86,100,
10:06:39,64.86,100,
10:06:39,64.86,100,
10:06:39,64.86,200,
10:06:40,64.8599,3200,
10:06:41,64.85,300,
10:06:45,64.86,300,
10:06:45,64.86,100,
10:06:45,64.86,100,
10:06:45,64.87,300,
10:06:45,64.8699,1550,
10:06:49,64.86,200,
10:06:49,64.86,100,
10:06:49,64.86,100,
10:06:49,64.86,100,
10:06:49,64.86,100,
10:06:49,64.86,300,
10:06:49,64.86,100,
10:06:49,64.86,600,
10:06:49,64.86,1000,
10:06:50,64.86,100,
10:06:50,64.86,100,
10:06:50,64.86,100,
10:06:50,64.86,1300,
10:06:53,64.86,170,
10:06:54,64.86,700,
10:06:54,64.86,200,
10:06:54,64.86,100,
10:06:54,64.86,100,
10:06:54,64.86,100,
10:06:54,64.86,100,
10:06:55,64.87,100,
10:06:55,64.87,100,
10:06:55,64.87,100,
10:06:55,64.87,2300,
10:06:55,64.87,100,
10:06:55,64.87,100,
10:06:55,64.87,384,
10:06:55,64.87,100,
10:06:55,64.87,100,
10:06:55,64.87,369,
10:06:55,64.87,100,
10:06:55,64.87,100,
10:06:55,64.87,600,
10:06:55,64.87,946,
10:06:55,64.87,100,
10:06:55,64.87,1500,
10:06:55,64.88,100,
10:06:55,64.88,100,
10:06:55,64.88,400,
10:06:55,64.88,400,
10:06:55,64.88,400,
10:06:55,64.88,100,
10:06:59,64.885,100,
10:07:00,64.89,500,
10:07:04,64.88,3800,
10:07:04,64.88,400,
10:07:04,64.88,900,
10:07:04,64.88,2000,
10:07:04,64.88,200,
10:07:04,64.88,100,
10:07:09,64.89,500,
10:07:13,64.88,100,
10:07:13,64.88,300,
10:07:13,64.88,100,
10:07:13,64.88,500,
10:07:13,64.88,300,
10:07:14,64.88,100,
10:07:14,64.88,100,
10:07:16,64.88,267,
10:07:16,64.88,800,
10:07:16,64.88,300,
10:07:16,64.88,400,
10:07:16,64.88,200,
10:07:16,64.88,100,
10:07:16,64.88,400,
10:07:16,64.88,333,
10:07:16,64.88,467,
10:07:16,64.88,167,
10:07:21,64.8877,160,
10:07:24,64.88,100,
10:07:25,64.88,600,
10:07:25,64.88,100,
10:07:25,64.88,1400,
10:07:25,64.88,100,
10:07:25,64.88,1500,
10:07:25,64.88,400,
10:07:25,64.88,280,
10:07:25,64.88,800,
10:07:25,64.88,100,
10:07:25,64.88,300,
10:07:25,64.88,100,
10:07:25,64.88,800,
10:07:25,64.88,100,
10:07:25,64.88,100,
10:07:25,64.88,800,
10:07:25,64.88,400,
10:07:25,64.88,600,
10:07:25,64.88,100,
10:07:25,64.88,200,
10:07:25,64.88,600,
10:07:25,64.88,2000,
10:07:25,64.88,800,
10:07:25,64.88,700,
10:07:25,64.88,2400,
10:07:25,64.88,200,
10:07:27,64.89,400,
10:07:27,64.89,4990,
10:07:27,64.89,1500,
10:07:27,64.89,500,
10:07:29,64.89,400,
10:07:34,64.8894,4900,
10:07:36,64.89,600,
10:07:36,64.88,400,
10:07:36,64.88,100,
10:07:36,64.88,800,
10:07:36,64.88,800,
10:07:36,64.88,100,
10:07:36,64.88,100,
10:07:36,64.88,600,
10:07:36,64.88,100,
10:07:36,64.88,100,
10:07:36,64.88,400,
10:07:36,64.88,100,
10:07:37,64.87,200,
10:07:37,64.87,300,
10:07:37,64.87,100,
10:07:37,64.86,300,
10:07:37,64.86,600,
10:07:37,64.86,100,
10:07:37,64.86,100,
10:07:37,64.86,100,
10:07:37,64.86,100,
10:07:37,64.86,3000,
10:07:37,64.86,100,
10:07:37,64.86,800,
10:07:37,64.86,100,
10:07:37,64.86,1000,
10:07:41,64.86,100,
10:07:41,64.86,100,
10:07:41,64.86,300,
10:07:41,64.86,100,
10:07:41,64.86,100,
10:07:41,64.86,100,
10:07:41,64.86,100,
10:07:43,64.86,100,
10:07:43,64.87,100,
10:07:43,64.87,100,
10:07:43,64.87,100,
10:07:43,64.87,400,
10:07:43,64.87,400,
10:07:43,64.87,100,
10:07:43,64.87,100,
10:07:43,64.87,300,
10:07:44,64.87,100,
10:07:45,64.87,100,
10:07:46,64.8685,400,
10:07:51,64.8684,3000,
10:07:58,64.86,100,
10:07:58,64.86,2500,
10:07:58,64.86,500,
10:07:58,64.86,100,
10:07:58,64.86,280,
10:07:58,64.86,500,
10:08:01,64.86,400,
10:08:04,64.85,300,
10:08:04,64.85,100,
10:08:04,64.85,500,
10:08:04,64.85,500,
10:08:04,64.85,100,
10:08:04,64.85,500,
10:08:04,64.85,400,
10:08:04,64.85,100,
10:08:04,64.85,100,
10:08:04,64.85,100,
10:08:04,64.85,200,
10:08:04,64.85,400,
10:08:04,64.85,600,
10:08:04,64.85,200,
10:08:04,64.85,100,
10:08:04,64.85,100,
10:08:04,64.85,2000,
10:08:04,64.85,354,
10:08:04,64.85,100,
10:08:04,64.85,1000,
10:08:04,64.85,100,
10:08:04,64.85,400,
10:08:07,64.85,800,
10:08:12,64.84,100,
10:08:12,64.84,250,
10:08:12,64.84,100,
10:08:12,64.84,100,
10:08:12,64.84,100,
10:08:12,64.84,500,
10:08:12,64.84,400,
10:08:17,64.838,100,
10:08:17,64.839,200,
10:08:20,64.83,200,
10:08:20,64.84,100,
10:08:21,64.84,600,
10:08:21,64.84,200,
10:08:24,64.84,100,
10:08:24,64.84,600,
10:08:24,64.84,400,
10:08:24,64.84,400,
10:08:24,64.84,300,
10:08:24,64.84,100,
10:08:26,64.84,100,
10:08:26,64.84,100,
10:08:26,64.84,400,
10:08:26,64.84,100,
10:08:26,64.84,100,
10:08:26,64.84,100,
10:08:26,64.84,100,
10:08:26,64.84,100,
10:08:26,64.84,100,
10:08:31,64.84,1000,
10:08:31,64.845,1000,
10:08:32,64.84,100,
10:08:32,64.84,800,
10:08:32,64.84,200,
10:08:32,64.84,300,
10:08:34,64.84,100,
10:08:34,64.84,100,
10:08:34,64.84,200,
10:08:34,64.84,200,
10:08:34,64.84,200,
10:08:34,64.84,100,
10:08:34,64.84,200,
10:08:41,64.845,100,
10:08:41,64.845,100,
10:08:41,64.84,100,
10:08:44,64.84,100,
10:08:44,64.84,600,
10:08:44,64.84,100,
10:08:44,64.84,600,
10:08:44,64.84,300,
10:08:44,64.84,100,
10:08:47,64.85,100,
10:08:47,64.85,100,
10:08:49,64.84,400,
10:08:49,64.84,600,
10:08:49,64.84,2000,
10:08:49,64.84,600,
10:08:49,64.84,100,
10:08:49,64.84,3000,
10:08:49,64.84,600,
10:08:49,64.84,100,
10:08:52,64.85,400,
10:08:52,64.84,100,
10:08:52,64.84,400,
10:08:52,64.84,100,
10:09:00,64.84,100,
10:09:00,64.84,100,
10:09:02,64.83,500,
10:09:04,64.84,100,
10:09:09,64.84,100,
10:09:09,64.84,400,
10:09:09,64.84,100,
10:09:09,64.85,400,
10:09:10,64.85,100,
10:09:10,64.85,200,
10:09:11,64.85,300,
10:09:11,64.85,100,
10:09:17,64.845,100,
10:09:17,64.845,100,
10:09:17,64.84,200,
10:09:17,64.84,100,
10:09:17,64.84,300,
10:09:17,64.84,200,
10:09:17,64.84,1400,
10:09:17,64.84,100,
10:09:20,64.839,3000,
10:09:22,64.84,400,
10:09:22,64.84,300,
10:09:22,64.84,100,
10:09:22,64.84,100,
10:09:22,64.84,100,
10:09:22,64.84,100,
10:09:22,64.85,100,
10:09:22,64.85,115,
10:09:22,64.85,400,
10:09:22,64.85,415,
10:09:24,64.8401,2000,
10:09:26,64.85,100,
10:09:28,64.85,100,
10:09:28,64.86,100,
10:09:28,64.86,100,
10:09:28,64.86,300,
10:09:28,64.86,400,
10:09:29,64.86,400,
10:09:30,64.86,100,
10:09:30,64.86,300,
10:09:30,64.86,100,
10:09:30,64.86,800,
10:09:30,64.86,200,
10:09:32,64.86,700,
10:09:32,64.86,100,
10:09:34,64.86,3685,
10:09:34,64.86,100,
10:09:34,64.86,800,
10:09:34,64.86,685,
10:09:34,64.86,600,
10:09:34,64.86,100,
10:09:34,64.87,1500,
10:09:34,64.87,100,
10:09:34,64.87,600,
10:09:34,64.87,100,
10:09:34,64.87,300,
10:09:34,64.87,200,
10:09:36,64.8615,462,
10:09:40,64.88,500,
10:09:41,64.87,800,
10:09:41,64.87,100,
10:09:41,64.87,400,
10:09:41,64.87,100,
10:09:41,64.87,100,
10:09:41,64.87,600,
10:09:41,64.87,400,
10:09:41,64.87,100,
10:09:41,64.87,100,
10:09:41,64.87,1000,
10:09:41,64.87,500,
10:09:48,64.87,225,
10:09:48,64.87,200,
10:09:48,64.87,100,
10:09:48,64.87,300,
10:09:48,64.87,400,
10:09:48,64.87,100,
10:09:50,64.87,500,
10:09:53,64.86,100,
10:09:53,64.86,100,
10:09:53,64.86,100,
10:09:53,64.86,100,
10:09:53,64.86,100,
10:09:53,64.86,100,
10:09:53,64.86,100,
10:09:53,64.86,200,
10:09:53,64.86,700,
10:09:53,64.86,100,
10:09:55,64.85,100,
10:09:55,64.85,100,
10:09:55,64.85,100,
10:09:55,64.85,1600,
10:09:56,64.85,100,
10:09:56,64.85,100,
10:09:57,64.85,100,
10:09:57,64.85,310,
10:09:57,64.85,100,
10:09:57,64.85,100,
10:09:59,64.8593,100,
10:09:59,64.859,3216,
10:09:59,64.859,4400,
10:10:02,64.85,100,
10:10:02,64.85,400,
10:10:02,64.85,100,
10:10:02,64.85,600,
10:10:02,64.85,100,
10:10:02,64.85,400,
10:10:02,64.85,100,
10:10:02,64.8501,100,
10:10:02,64.8501,100,
10:10:02,64.8501,100,
10:10:02,64.8501,100,
10:10:02,64.8501,400,
10:10:02,64.8501,600,
10:10:02,64.85,100,
10:10:06,64.85,800,
10:10:06,64.85,100,
10:10:06,64.85,400,
10:10:06,64.85,100,
10:10:06,64.85,100,
10:10:06,64.85,100,
10:10:06,64.85,400,
10:10:06,64.85,100,
10:10:06,64.85,100,
10:10:06,64.85,100,
10:10:14,64.85,100,
10:10:14,64.85,203,
10:10:14,64.85,337,
10:10:14,64.85,100,
10:10:14,64.85,100,
10:10:14,64.85,100,
10:10:14,64.85,300,
10:10:17,64.85,100,
10:10:17,64.85,100,
10:10:22,64.8438,100,
10:10:22,64.84,100,
10:10:22,64.84,100,
10:10:22,64.84,400,
10:10:22,64.84,700,
10:10:22,64.84,100,
10:10:22,64.84,300,
10:10:34,64.85,300,
10:10:39,64.84,800,
10:10:39,64.84,900,
10:10:39,64.84,200,
10:10:39,64.84,500,
10:10:39,64.84,300,
10:10:39,64.84,500,
10:10:39,64.84,200,
10:10:39,64.84,600,
10:10:39,64.84,900,
10:10:39,64.84,1000,
10:10:39,64.84,200,
10:10:39,64.835,216,
10:10:40,64.84,100,
10:10:40,64.84,400,
10:10:40,64.84,400,
10:10:40,64.84,100,
10:10:40,64.84,400,
10:10:40,64.84,100,
10:10:49,64.84,800,
10:10:49,64.84,100,
10:10:49,64.84,100,
10:10:49,64.84,200,
10:10:49,64.84,300,
10:10:49,64.84,400,
10:10:49,64.83,3500,
10:10:54,64.84,800,
10:10:54,64.84,100,
10:11:00,64.8315,300,
10:11:01,64.84,100,
10:11:01,64.84,400,
10:11:01,64.84,100,
10:11:01,64.84,400,
10:11:01,64.84,100,
10:11:01,64.84,200,
10:11:01,64.85,100,
10:11:01,64.85,100,
10:11:01,64.85,400,
10:11:01,64.85,100,
10:11:01,64.85,400,
10:11:01,64.85,300,
10:11:11,64.86,100,
10:11:11,64.86,100,
10:11:11,64.86,400,
10:11:15,64.85,200,
10:11:15,64.85,400,
10:11:15,64.85,100,
10:11:15,64.85,100,
10:11:15,64.85,500,
10:11:15,64.85,100,
10:11:17,64.85,300,
10:11:17,64.85,100,
10:11:21,64.85,200,
10:11:21,64.85,300,
10:11:21,64.85,300,
10:11:21,64.85,500,
10:11:21,64.85,500,
10:11:21,64.85,700,
10:11:21,64.85,2000,
10:11:21,64.85,600,
10:11:25,64.85,300,
10:11:25,64.85,800,
10:11:25,64.85,100,
10:11:27,64.85,100,
10:11:27,64.85,300,
10:11:27,64.85,100,
10:11:27,64.85,100,
10:11:27,64.85,100,
10:11:32,64.84,100,
10:11:32,64.84,100,
10:11:32,64.84,100,
10:11:32,64.84,400,
10:11:32,64.84,100,
10:11:32,64.84,200,
10:11:32,64.84,100,
10:11:35,64.84,100,
10:11:35,64.84,800,
10:11:35,64.84,100,
10:11:35,64.84,100,
10:11:35,64.84,400,
10:11:35,64.84,100,
10:11:35,64.84,200,
10:11:35,64.84,100,
10:11:40,64.84,100,
10:11:40,64.84,100,
10:11:40,64.84,100,
10:11:40,64.84,400,
10:11:45,64.84,100,
10:11:45,64.84,100,
10:11:45,64.84,100,
10:11:45,64.84,300,
10:11:45,64.85,100,
10:11:45,64.85,400,
10:11:45,64.85,100,
10:11:46,64.85,600,
10:11:46,64.85,400,
10:11:47,64.86,1000,
10:11:49,64.85,293,
10:11:49,64.85,400,
10:11:49,64.85,100,
10:11:49,64.85,207,
10:11:49,64.85,100,
10:11:49,64.85,800,
10:11:49,64.85,300,
10:11:49,64.85,100,
10:11:50,64.849,100,
10:11:55,64.85,300,
10:11:55,64.85,300,
10:11:55,64.85,100,
10:11:57,64.85,400,
10:11:57,64.85,100,
10:11:57,64.85,100,
10:11:57,64.85,300,
10:11:58,64.84,100,
10:11:58,64.84,400,
10:11:58,64.84,300,
10:11:58,64.84,200,
10:11:58,64.84,400,
10:11:58,64.84,100,
10:11:58,64.84,100,
10:11:59,64.835,150,
10:11:59,64.84,300,
10:12:01,64.84,100,
10:12:01,64.84,300,
10:12:01,64.84,100,
10:12:01,64.84,100,
10:12:01,64.84,100,
10:12:01,64.84,100,
10:12:03,64.84,100,
10:12:03,64.84,100,
10:12:03,64.84,100,
10:12:03,64.84,100,
10:12:04,64.84,300,
10:12:04,64.84,1000,
10:12:08,64.83,400,
10:12:08,64.83,200,
10:12:08,64.83,700,
10:12:08,64.83,400,
10:12:08,64.83,1000,
10:12:08,64.83,400,
10:12:09,64.83,100,
10:12:09,64.83,100,
10:12:09,64.83,400,
10:12:09,64.83,100,
10:12:09,64.83,300,
10:12:09,64.83,100,
10:12:09,64.83,100,
10:12:09,64.83,100,
10:12:11,64.84,100,
10:12:11,64.84,100,
10:12:13,64.84,300,
10:12:13,64.84,400,
10:12:13,64.84,100,
10:12:13,64.84,100,
10:12:13,64.84,100,
10:12:19,64.84,100,
10:12:19,64.84,100,
10:12:19,64.84,300,
10:12:19,64.84,200,
10:12:19,64.84,100,
10:12:27,64.8399,2400,
10:12:27,64.84,6000,
10:12:40,64.84,400,
10:12:40,64.84,100,
10:12:40,64.84,100,
10:12:40,64.84,100,
10:12:40,64.84,300,
10:12:40,64.84,100,
10:12:40,64.85,1000,
10:12:44,64.84,100,
10:12:44,64.84,100,
10:12:58,64.84,400,
10:12:58,64.84,500,
10:12:58,64.84,200,
10:12:58,64.84,500,
10:12:58,64.84,300,
10:12:58,64.84,100,
10:12:58,64.84,300,
10:12:58,64.84,1622,
10:12:59,64.8371,800,
10:13:02,64.832,100,
10:13:02,64.839,100,
10:13:02,64.83,100,
10:13:02,64.83,100,
10:13:02,64.83,200,
10:13:02,64.83,100,
10:13:02,64.83,400,
10:13:02,64.83,100,
10:13:02,64.83,100,
10:13:02,64.83,100,
10:13:04,64.82,300,
10:13:04,64.82,100,
10:13:04,64.82,300,
10:13:04,64.82,300,
10:13:04,64.81,500,
10:13:07,64.81,1000,
10:13:07,64.82,100,
10:13:11,64.81,200,
10:13:11,64.81,600,
10:13:11,64.81,100,
10:13:12,64.82,100,
10:13:14,64.81,600,
10:13:14,64.81,500,
10:13:14,64.81,600,
10:13:16,64.81,100,
10:13:21,64.80,100,
10:13:21,64.80,600,
10:13:21,64.80,800,
10:13:21,64.80,100,
10:13:22,64.80,800,
10:13:22,64.80,100,
10:13:22,64.80,100,
10:13:22,64.80,100,
10:13:22,64.80,100,
10:13:22,64.80,300,
10:13:24,64.81,100,
10:13:24,64.81,100,
10:13:24,64.81,300,
10:13:24,64.81,100,
10:13:24,64.81,100,
10:13:24,64.81,100,
10:13:24,64.81,100,
10:13:24,64.81,100,
10:13:26,64.81,10000,
10:13:26,64.81,300,
10:13:26,64.81,400,
10:13:26,64.81,100,
10:13:26,64.81,800,
10:13:26,64.81,100,
10:13:26,64.81,100,
10:13:36,64.81,100,
10:13:36,64.81,198,
10:13:36,64.81,300,
10:13:36,64.81,202,
10:13:36,64.81,100,
10:13:36,64.81,200,
10:13:41,64.8186,400,
10:13:50,64.82,200,
10:13:54,64.815,1000,
10:13:55,64.82,100,
10:13:57,64.82,800,
10:13:57,64.82,100,
10:13:57,64.82,100,
10:13:57,64.82,100,
10:13:57,64.82,400,
10:13:57,64.82,100,
10:13:57,64.82,400,
10:13:57,64.82,100,
10:13:57,64.82,100,
10:13:57,64.81,300,
10:13:57,64.81,1300,
10:13:57,64.81,1000,
10:13:57,64.81,300,
10:13:57,64.81,500,
10:13:57,64.81,300,
10:13:57,64.81,2000,
10:13:57,64.81,400,
10:13:57,64.81,9600,
10:13:59,64.82,300,
10:13:59,64.82,400,
10:13:59,64.82,381,
10:13:59,64.82,100,
10:14:11,64.82,100,
10:14:11,64.82,2700,
10:14:21,64.8262,650,
10:14:25,64.83,300,
10:14:25,64.83,100,
10:14:25,64.8295,1400,
10:14:25,64.83,100,
10:14:40,64.83,100,
10:14:40,64.83,800,
10:14:40,64.83,600,
10:14:40,64.83,100,
10:14:40,64.83,800,
10:14:40,64.83,100,
10:14:40,64.83,800,
10:14:40,64.83,800,
10:14:40,64.83,300,
10:14:47,64.83,731,
10:14:47,64.83,100,
10:14:47,64.83,300,
10:14:47,64.83,100,
10:14:47,64.83,100,
10:14:47,64.83,100,
10:14:47,64.83,600,
10:14:47,64.83,100,
10:14:47,64.83,100,
10:14:47,64.83,400,
10:14:53,64.83,142,
10:14:53,64.83,400,
10:14:53,64.83,100,
10:14:53,64.83,100,
10:14:53,64.83,100,
10:14:53,64.83,100,
10:14:53,64.83,100,
10:14:53,64.83,100,
10:14:57,64.84,200,
10:15:04,64.84,100,
10:15:04,64.84,100,
10:15:04,64.84,100,
10:15:04,64.84,100,
10:15:04,64.84,100,
10:15:04,64.84,100,
10:15:04,64.84,400,
10:15:04,64.84,500,
10:15:04,64.84,100,
10:15:04,64.84,500,
10:15:04,64.84,700,
10:15:04,64.84,100,
10:15:04,64.85,100,
10:15:04,64.85,400,
10:15:08,64.85,100,
10:15:08,64.85,100,
10:15:08,64.85,100,
10:15:10,64.85,100,
10:15:10,64.85,300,
10:15:10,64.85,100,
10:15:10,64.85,300,
10:15:10,64.85,162,
10:15:10,64.85,100,
10:15:10,64.85,100,
10:15:13,64.84,173,
10:15:14,64.85,600,
10:15:23,64.84,500,
10:15:23,64.84,1500,
10:15:23,64.84,300,
10:15:23,64.84,300,
10:15:23,64.84,200,
10:15:23,64.84,500,
10:15:23,64.84,300,
10:15:23,64.84,158,
10:15:27,64.85,100,
10:15:27,64.85,300,
10:15:28,64.85,200,
10:15:28,64.85,400,
10:15:28,64.85,100,
10:15:28,64.85,100,
10:15:46,64.86,700,
10:15:46,64.86,600,
10:15:52,64.85,700,
10:15:52,64.85,1000,
10:15:52,64.85,100,
10:15:52,64.85,100,
10:15:52,64.85,100,
10:15:52,64.85,100,
10:15:52,64.85,1300,
10:15:52,64.85,200,
10:15:52,64.85,300,
10:15:52,64.85,200,
10:15:53,64.85,100,
10:15:54,64.85,100,
10:15:54,64.85,100,
10:15:54,64.85,100,
10:15:54,64.85,100,
10:15:54,64.85,100,
10:15:54,64.85,100,
10:16:01,64.85,100,
10:16:01,64.85,703,
10:16:01,64.85,100,
10:16:01,64.85,100,
10:16:01,64.85,300,
10:16:01,64.85,800,
10:16:01,64.85,100,
10:16:01,64.85,100,
10:16:01,64.85,100,
10:16:04,64.84,100,
10:16:04,64.84,100,
10:16:04,64.84,100,
10:16:04,64.84,300,
10:16:04,64.84,400,
10:16:04,64.84,600,
10:16:04,64.84,100,
10:16:04,64.84,100,
10:16:04,64.84,100,
10:16:04,64.84,100,
10:16:08,64.8301,220,
10:16:09,64.83,400,
10:16:09,64.83,400,
10:16:09,64.83,100,
10:16:09,64.83,300,
10:16:10,64.82,100,
10:16:10,64.82,100,
10:16:10,64.82,100,
10:16:10,64.82,500,
10:16:11,64.82,100,
10:16:18,64.81,300,
10:16:18,64.81,100,
10:16:18,64.81,100,
10:16:18,64.81,100,
10:16:20,64.81,100,
10:16:20,64.81,100,
10:16:20,64.81,240,
10:16:20,64.81,100,
10:16:20,64.81,300,
10:16:20,64.81,160,
10:16:20,64.81,100,
10:16:25,64.81,100,
10:16:25,64.81,100,
10:16:25,64.81,400,
10:16:25,64.81,300,
10:16:25,64.81,400,
10:16:26,64.809,300,
10:16:33,64.81,100,
10:16:47,64.80,100,
10:16:47,64.80,100,
10:16:47,64.80,100,
10:16:47,64.80,300,
10:16:47,64.80,800,
10:16:47,64.80,400,
10:16:47,64.80,600,
10:16:47,64.80,100,
10:16:47,64.80,100,
10:16:47,64.80,100,
10:16:47,64.80,400,
10:16:47,64.80,200,
10:16:47,64.79,500,
10:16:47,64.79,400,
10:16:47,64.79,100,
10:16:47,64.79,400,
10:16:47,64.79,150,
10:16:48,64.80,700,
10:16:48,64.80,400,
10:16:48,64.80,1000,
10:16:48,64.80,100,
10:16:48,64.80,1400,
10:16:48,64.80,200,
10:16:48,64.80,100,
10:16:52,64.80,100,
10:16:52,64.80,300,
10:16:52,64.80,600,
10:16:53,64.81,600,
10:16:53,64.81,200,
10:16:53,64.81,100,
10:16:53,64.81,100,
10:16:53,64.81,100,
10:16:53,64.81,100,
10:16:53,64.81,100,
10:16:53,64.81,700,
10:16:53,64.81,600,
10:16:54,64.8115,500,
10:16:56,64.81,100,
10:16:56,64.81,100,
10:16:56,64.81,100,
10:17:06,64.81,500,
10:17:06,64.81,500,
10:17:06,64.81,300,
10:17:06,64.81,1000,
10:17:06,64.81,300,
10:17:06,64.81,1000,
10:17:06,64.81,300,
10:17:06,64.81,100,
10:17:06,64.81,600,
10:17:06,64.81,100,
10:17:10,64.81,100,
10:17:10,64.81,100,
10:17:33,64.80,400,
10:17:33,64.80,100,
10:17:33,64.80,100,
10:17:33,64.80,100,
10:17:33,64.80,500,
10:17:33,64.80,100,
10:17:33,64.79,1200,
10:17:33,64.79,100,
10:17:33,64.79,2000,
10:17:33,64.79,100,
10:17:33,64.79,600,
10:17:33,64.79,100,
10:17:33,64.78,600,
10:17:33,64.78,3500,
10:17:33,64.78,100,
10:17:33,64.78,100,
10:17:33,64.78,1000,
10:17:37,64.7785,1000,
10:17:41,64.78,500,
10:17:41,64.78,300,
10:17:41,64.78,100,
10:17:41,64.78,100,
10:17:41,64.78,400,
10:17:41,64.78,100,
10:17:41,64.78,100,
10:17:50,64.78,200,
10:17:50,64.78,100,
10:17:50,64.78,100,
10:17:51,64.7786,116,
10:17:51,64.779,200,
10:18:13,64.77,100,
10:18:13,64.77,100,
10:18:13,64.77,100,
10:18:13,64.77,400,
10:18:13,64.77,100,
10:18:13,64.77,200,
10:18:13,64.77,200,
10:18:23,64.7671,500,
10:18:24,64.76,600,
10:18:24,64.76,100,
10:18:24,64.76,800,
10:18:24,64.76,100,
10:18:24,64.76,100,
10:18:24,64.76,100,
10:18:24,64.76,100,
10:18:24,64.76,800,
10:18:24,64.76,100,
10:18:24,64.76,100,
10:18:24,64.76,100,
10:18:24,64.76,3000,
10:18:24,64.76,100,
10:18:25,64.75,100,
10:18:26,64.75,3000,
10:18:32,64.75,400,
10:18:32,64.75,100,
10:18:32,64.75,152,
10:18:32,64.75,100,
10:18:33,64.75,100,
10:18:35,64.75,500,
10:18:41,64.7599,500,
10:18:43,64.75,100,
10:18:43,64.75,100,
10:18:43,64.75,300,
10:18:43,64.75,1000,
10:18:43,64.74,2000,
10:18:43,64.74,600,
10:18:43,64.74,100,
10:18:43,64.74,500,
10:18:43,64.73,500,
10:18:44,64.74,100,
10:18:44,64.74,600,
10:18:44,64.74,100,
10:18:44,64.74,400,
10:18:44,64.74,100,
10:18:44,64.74,100,
10:18:44,64.74,100,
10:18:44,64.74,400,
10:18:44,64.74,100,
10:18:46,64.74,1200,
10:18:53,64.7499,4250,
10:18:55,64.75,800,
10:18:55,64.75,400,
10:18:55,64.75,100,
10:18:55,64.75,400,
10:18:55,64.75,425,
10:18:55,64.75,100,
10:18:55,64.75,100,
10:18:55,64.75,300,
10:18:55,64.76,400,
10:18:55,64.76,100,
10:18:55,64.76,400,
10:18:55,64.76,100,
10:18:55,64.76,100,
10:18:55,64.76,500,
10:18:55,64.75,1300,
10:18:56,64.76,100,
10:18:56,64.76,100,
10:18:56,64.76,100,
10:18:56,64.76,100,
10:18:56,64.753,100,
10:18:56,64.76,200,
10:18:56,64.76,100,
10:18:57,64.755,500,
10:18:58,64.755,100,
10:19:00,64.76,200,
10:19:05,64.75,100,
10:19:05,64.75,100,
10:19:05,64.75,600,
10:19:05,64.75,100,
10:19:05,64.75,300,
10:19:05,64.75,100,
10:19:05,64.75,100,
10:19:05,64.75,100,
10:19:05,64.75,800,
10:19:05,64.75,2000,
10:19:05,64.75,800,
10:19:05,64.75,800,
10:19:05,64.74,200,
10:19:14,64.75,200,
10:19:16,64.75,400,
10:19:16,64.75,270,
10:19:16,64.75,100,
10:19:16,64.75,1000,
10:19:16,64.75,100,
10:19:30,64.7401,659,
10:19:31,64.75,570,
10:19:32,64.75,100,
10:19:33,64.76,600,
10:19:33,64.76,400,
10:19:33,64.76,100,
10:19:34,64.76,100,
10:19:34,64.759,924,
10:19:37,64.76,100,
10:19:37,64.76,1000,
10:19:39,64.76,600,
10:19:39,64.76,500,
10:19:39,64.76,100,
10:19:39,64.76,100,
10:19:41,64.76,100,
10:19:42,64.76,100,
10:19:42,64.76,100,
10:19:42,64.76,400,
10:19:42,64.76,100,
10:19:42,64.76,200,
10:19:48,64.76,100,
10:19:56,64.76,100,
10:19:56,64.76,800,
10:19:56,64.76,400,
10:19:56,64.76,400,
10:19:56,64.76,100,
10:19:56,64.76,100,
10:19:56,64.76,100,
10:19:58,64.76,600,
10:19:58,64.76,100,
10:19:58,64.76,400,
10:19:58,64.76,100,
10:19:58,64.76,400,
10:19:58,64.76,100,
10:19:59,64.7599,100,
10:19:59,64.76,200,
10:19:59,64.76,500,
10:19:59,64.76,300,
10:19:59,64.76,300,
10:19:59,64.76,200,
10:19:59,64.76,1300,
10:19:59,64.76,300,
10:19:59,64.76,3900,
10:19:59,64.76,100,
10:19:59,64.76,100,
10:19:59,64.76,1000,
10:19:59,64.76,400,
10:20:00,64.76,100,
10:20:05,64.75,100,
10:20:05,64.75,300,
10:20:07,64.76,400,
10:20:07,64.76,100,
10:20:07,64.76,100,
10:20:07,64.76,300,
10:20:07,64.76,100,
10:20:12,64.76,100,
10:20:12,64.76,800,
10:20:12,64.76,400,
10:20:15,64.76,400,
10:20:15,64.76,1300,
10:20:16,64.76,100,
10:20:16,64.7601,2000,
10:20:16,64.76,300,
10:20:16,64.76,100,
10:20:16,64.76,100,
10:20:16,64.76,200,
10:20:16,64.76,100,
10:20:16,64.76,300,
10:20:16,64.76,680,
10:20:16,64.76,100,
10:20:16,64.76,400,
10:20:16,64.76,100,
10:20:16,64.76,100,
10:20:16,64.76,400,
10:20:16,64.76,1000,
10:20:16,64.76,500,
10:20:17,64.76,800,
10:20:18,64.76,1000,
10:20:18,64.75,1000,
10:20:18,64.75,200,
10:20:18,64.75,400,
10:20:18,64.75,1500,
10:20:18,64.75,100,
10:20:18,64.75,1000,
10:20:18,64.75,100,
10:20:18,64.75,100,
10:20:18,64.75,400,
10:20:18,64.75,400,
10:20:18,64.75,100,
10:20:18,64.75,100,
10:20:18,64.75,100,
10:20:18,64.75,500,
10:20:18,64.75,400,
10:20:18,64.75,100,
10:20:18,64.75,300,
10:20:18,64.75,500,
10:20:18,64.75,500,
10:20:18,64.75,100,
10:20:18,64.75,2000,
10:20:18,64.75,100,
10:20:18,64.75,1000,
10:20:18,64.75,100,
10:20:20,64.74,400,
10:20:20,64.74,100,
10:20:20,64.74,300,
10:20:20,64.74,100,
10:20:20,64.74,100,
10:20:20,64.74,100,
10:20:20,64.74,100,
10:20:20,64.74,200,
10:20:20,64.74,100,
10:20:20,64.74,515,
10:20:20,64.74,100,
10:20:21,64.75,100,
10:20:21,64.73,400,
10:20:21,64.73,100,
10:20:21,64.72,200,
10:20:21,64.72,600,
10:20:22,64.7105,340,
10:20:24,64.71,500,
10:20:25,64.71,1200,
10:20:25,64.71,1500,
10:20:25,64.7015,100,
10:20:25,64.70,300,
10:20:25,64.70,100,
10:20:25,64.70,100,
10:20:25,64.70,500,
10:20:25,64.70,500,
10:20:25,64.70,1000,
10:20:25,64.70,100,
10:20:25,64.70,100,
10:20:25,64.70,200,
10:20:26,64.69,100,
10:20:28,64.70,900,
10:20:28,64.70,4200,
10:20:28,64.70,100,
10:20:28,64.70,1900,
10:20:28,64.70,2700,
10:20:28,64.70,100,
10:20:28,64.70,600,
10:20:28,64.69,100,
10:20:31,64.70,300,
10:20:31,64.70,300,
10:20:31,64.70,200,
10:20:31,64.70,300,
10:20:31,64.70,800,
10:20:31,64.70,800,
10:20:31,64.70,800,
10:20:31,64.70,800,
10:20:31,64.70,100,
10:20:31,64.70,100,
10:20:31,64.70,100,
10:20:31,64.70,100,
10:20:33,64.695,2200,
10:20:34,64.69,200,
10:20:34,64.69,900,
10:20:34,64.69,100,
10:20:34,64.69,100,
10:20:34,64.69,100,
10:20:35,64.69,200,
10:20:37,64.691,250,
10:20:40,64.70,100,
10:20:40,64.70,200,
10:20:40,64.71,400,
10:20:40,64.71,315,
10:20:43,64.70,100,
10:20:43,64.70,300,
10:20:43,64.70,100,
10:20:43,64.70,2000,
10:20:43,64.70,100,
10:20:43,64.70,100,
10:20:43,64.70,100,
10:20:43,64.70,600,
10:20:43,64.69,300,
10:20:43,64.69,100,
10:20:43,64.69,400,
10:20:43,64.69,600,
10:20:44,64.6999,100,
10:20:44,64.6999,2054,
10:20:51,64.70,400,
10:20:51,64.70,200,
10:20:51,64.70,200,
10:20:54,64.70,1500,
10:20:57,64.69,2100,
10:21:03,64.695,200,
10:21:06,64.70,400,
10:21:11,64.69,1403,
10:21:15,64.68,500,
10:21:15,64.68,200,
10:21:15,64.68,100,
10:21:15,64.68,100,
10:21:15,64.68,100,
10:21:19,64.68,100,
10:21:28,64.68,700,
10:21:32,64.6702,100,
10:21:35,64.67,100,
10:21:35,64.67,100,
10:21:35,64.67,600,
10:21:36,64.67,500,
10:21:36,64.67,300,
10:21:36,64.67,700,
10:21:36,64.67,2000,
10:21:36,64.67,300,
10:21:36,64.67,500,
10:21:36,64.67,500,
10:21:36,64.67,1000,
10:21:37,64.6615,400,
10:21:37,64.66,100,
10:21:37,64.66,196,
10:21:37,64.66,100,
10:21:37,64.66,400,
10:21:38,64.66,300,
10:21:38,64.66,300,
10:21:38,64.66,100,
10:21:38,64.66,100,
10:21:41,64.66,200,
10:21:44,64.65,309,
10:21:44,64.6501,1000,
10:21:45,64.65,100,
10:21:46,64.65,591,
10:21:46,64.65,200,
10:21:46,64.65,100,
10:21:46,64.65,1700,
10:21:46,64.65,100,
10:21:46,64.65,400,
10:21:46,64.65,500,
10:21:46,64.65,100,
10:21:46,64.65,500,
10:21:46,64.65,500,
10:21:46,64.65,200,
10:21:46,64.65,100,
10:21:46,64.65,300,
10:21:46,64.65,100,
10:21:46,64.65,685,
10:21:46,64.65,628,
10:21:46,64.65,100,
10:21:46,64.65,200,
10:21:47,64.65,2000,
10:21:47,64.64,1100,
10:21:47,64.64,3200,
10:21:48,64.64,100,
10:21:48,64.64,600,
10:21:49,64.63,100,
10:21:49,64.63,280,
10:21:51,64.62,200,
10:21:51,64.62,600,
10:21:51,64.62,100,
10:21:51,64.62,600,
10:21:51,64.62,100,
10:21:51,64.62,200,
10:21:51,64.62,500,
10:21:53,64.61,2000,
10:21:53,64.61,100,
10:21:53,64.61,6000,
10:21:53,64.61,100,
10:21:53,64.61,800,
10:21:53,64.61,800,
10:21:53,64.61,400,
10:21:53,64.61,100,
10:21:53,64.61,1500,
10:21:53,64.61,2000,
10:21:53,64.61,100,
10:21:53,64.61,815,
10:21:53,64.61,600,
10:21:53,64.61,100,
10:21:53,64.61,800,
10:21:53,64.61,600,
10:21:53,64.61,600,
10:21:53,64.61,100,
10:21:53,64.61,400,
10:21:53,64.61,200,
10:21:53,64.61,100,
10:21:53,64.61,100,
10:21:53,64.60,100,
10:21:53,64.60,3485,
10:21:53,64.6015,200,
10:21:53,64.60,100,
10:21:54,64.61,300,
10:21:54,64.61,100,
10:21:54,64.61,400,
10:21:54,64.61,100,
10:21:54,64.61,100,
10:21:54,64.61,100,
10:21:54,64.61,100,
10:21:54,64.61,100,
10:21:54,64.61,100,
10:21:54,64.61,600,
10:21:54,64.61,5500,
10:21:54,64.61,600,
10:21:54,64.61,100,
10:21:54,64.61,600,
10:21:54,64.61,600,
10:21:54,64.61,800,
10:21:54,64.61,600,
10:21:54,64.61,800,
10:21:54,64.61,100,
10:21:54,64.61,100,
10:21:54,64.61,600,
10:21:54,64.61,800,
10:21:54,64.61,100,
10:21:55,64.62,100,
10:21:56,64.6101,100,
10:21:56,64.61,300,
