09:30:00,64.66,1700,
09:30:00,64.66,1800,
09:30:00,64.66,100,
09:30:00,64.66,200,
09:30:00,64.63,78083,
09:30:00,64.64,200,
09:30:00,64.64,600,
09:30:00,64.64,1600,
09:30:00,64.65,1000,
09:30:00,64.64,300,
09:30:00,64.64,1300,
09:30:00,64.64,800,
09:30:00,64.64,500,
09:30:00,64.64,1600,
09:30:00,64.64,100,
09:30:00,64.64,200,
09:30:00,64.64,100,
09:30:00,64.64,200,
09:30:00,64.64,2700,
09:30:00,64.64,400,
09:30:00,64.64,100,
09:30:00,64.64,100,
09:30:00,64.64,100,
09:30:00,64.64,100,
09:30:00,64.64,100,
09:30:01,64.64,100,
09:30:01,64.64,400,
09:30:01,64.63,1300,
09:30:01,64.63,1100,
09:30:01,64.63,1600,
09:30:01,64.64,1100,
09:30:01,64.63,4000,
09:30:02,64.63,200,
09:30:02,64.63,300,
09:30:02,64.64,1100,
09:30:02,64.64,700,
09:30:02,64.64,200,
09:30:02,64.64,2300,
09:30:02,64.64,300,
09:30:02,64.63,400,
09:30:02,64.63,300,
09:30:02,64.63,200,
09:30:02,64.63,960,
09:30:02,64.63,100,
09:30:02,64.63,1600,
09:30:02,64.64,400,
09:30:02,64.64,800,
09:30:02,64.64,400,
09:30:02,64.63,1800,
09:30:02,64.63,300,
09:30:02,64.63,100,
09:30:02,64.63,500,
09:30:02,64.63,600,
09:30:02,64.63,100,
09:30:02,64.63,2400,
09:30:03,64.63,100,
09:30:03,64.62,300,
09:30:03,64.62,600,
09:30:03,64.63,500,
09:30:03,64.61,1480,
09:30:03,64.62,500,
09:30:03,64.62,100,
09:30:03,64.62,1469,
09:30:03,64.62,500,
09:30:03,64.62,700,
09:30:03,64.62,361,
09:30:03,64.62,100,
09:30:03,64.63,700,
09:30:03,64.62,2700,
09:30:03,64.62,1500,
09:30:03,64.62,1500,
09:30:03,64.62,500,
09:30:03,64.62,300,
09:30:03,64.61,700,
09:30:03,64.62,1500,
09:30:03,64.61,261,
09:30:03,64.62,1500,
09:30:03,64.61,900,
09:30:03,64.61,539,
09:30:03,64.62,300,
09:30:03,64.62,400,
09:30:03,64.62,3800,
09:30:03,64.62,100,
09:30:03,64.62,300,
09:30:03,64.62,200,
09:30:03,64.63,800,
09:30:05,64.63,4000,
09:30:05,64.63,800,
09:30:06,64.64,100,
09:30:06,64.64,200,
09:30:07,64.64,300,
09:30:07,64.64,1100,
09:30:10,64.65,1630,
09:30:12,64.63,770,
09:30:13,64.66,100,
09:30:13,64.66,400,
09:30:14,64.66,500,
09:30:14,64.66,100,
09:30:16,64.65,2500,
09:30:16,64.65,500,
09:30:16,64.65,100,
09:30:16,64.64,468,
09:30:16,64.64,500,
09:30:19,64.64,4168,
09:30:19,64.64,800,
09:30:19,64.64,800,
09:30:19,64.64,100,
09:30:21,64.65,200,
09:30:22,64.64,500,
09:30:23,64.6301,3900,
09:30:25,64.65,1500,
09:30:25,64.65,600,
09:30:25,64.65,500,
09:30:25,64.65,1630,
09:30:26,64.655,600,
09:30:27,64.64,1000,
09:30:29,64.65,100,
09:30:29,64.65,1400,
09:30:29,64.65,100,
09:30:30,64.651,200,
09:30:31,64.65,100,
09:30:31,64.65,500,
09:30:31,64.65,400,
09:30:31,64.65,200,
09:30:32,64.65,400,
09:30:32,64.65,100,
09:30:32,64.65,300,
09:30:32,64.65,100,
09:30:33,64.645,449,
09:30:33,64.65,15000,
09:30:33,64.65,600,
09:30:33,64.65,200,
09:30:33,64.65,400,
09:30:33,64.65,300,
09:30:33,64.65,800,
09:30:33,64.65,200,
09:30:33,64.65,200,
09:30:33,64.65,200,
09:30:33,64.65,100,
09:30:33,64.65,100,
09:30:33,64.65,100,
09:30:35,64.65,200,
09:30:37,64.65,300,
09:30:37,64.65,100,
09:30:37,64.65,100,
09:30:37,64.65,600,
09:30:37,64.65,300,
09:30:37,64.65,500,
09:30:37,64.65,500,
09:30:37,64.65,500,
09:30:37,64.65,200,
09:30:37,64.65,1600,
09:30:37,64.645,2500,
09:30:37,64.65,300,
09:30:37,64.65,800,
09:30:37,64.65,500,
09:30:37,64.65,500,
09:30:37,64.65,1800,
09:30:37,64.65,400,
09:30:37,64.65,300,
09:30:37,64.65,200,
09:30:37,64.65,800,
09:30:37,64.65,600,
09:30:37,64.64,100,
09:30:39,64.65,3600,
09:30:39,64.65,500,
09:30:39,64.65,100,
09:30:39,64.65,100,
09:30:41,64.65,400,
09:30:41,64.65,300,
09:30:41,64.65,100,
09:30:41,64.65,1700,
09:30:41,64.65,100,
09:30:41,64.65,1700,
09:30:41,64.65,200,
09:30:42,64.645,1500,
09:30:42,64.65,3200,
09:30:42,64.65,500,
09:30:42,64.65,100,
09:30:42,64.65,300,
09:30:42,64.65,400,
09:30:42,64.65,400,
09:30:43,64.65,181,
09:30:45,64.65,200,
09:30:45,64.65,600,
09:30:45,64.65,200,
09:30:45,64.65,700,
09:30:45,64.65,682,
09:30:45,64.65,100,
09:30:45,64.65,200,
09:30:45,64.65,100,
09:30:45,64.65,700,
09:30:52,64.66,100,
09:30:53,64.66,500,
09:30:53,64.66,500,
09:30:53,64.66,600,
09:30:53,64.66,300,
09:30:53,64.66,9017,
09:30:54,64.66,200,
09:30:54,64.661,200,
09:30:54,64.661,200,
09:30:59,64.67,100,
09:30:59,64.67,600,
09:30:59,64.67,400,
09:31:00,64.66,300,
09:31:00,64.66,3900,
09:31:02,64.66,8056,
09:31:02,64.66,1624,
09:31:02,64.66,200,
09:31:02,64.66,300,
09:31:02,64.66,3083,
09:31:02,64.66,5803,
09:31:02,64.66,9304,
09:31:02,64.66,2000,
09:31:02,64.66,100,
09:31:02,64.65,200,
09:31:02,64.66,400,
09:31:02,64.66,566,
09:31:02,64.66,100,
09:31:02,64.66,200,
09:31:04,64.66,4860,
09:31:04,64.66,100,
09:31:04,64.66,100,
09:31:04,64.66,900,
09:31:04,64.66,1800,
09:31:04,64.66,500,
09:31:04,64.66,100,
09:31:04,64.66,1000,
09:31:04,64.66,200,
09:31:04,64.66,3300,
09:31:04,64.67,200,
09:31:04,64.66,1080,
09:31:04,64.67,200,
09:31:04,64.67,600,
09:31:04,64.659,700,
09:31:04,64.67,400,
09:31:05,64.67,366,
09:31:08,64.68,750,
09:31:08,64.67,800,
09:31:08,64.67,100,
09:31:08,64.67,300,
09:31:08,64.665,4200,
09:31:09,64.66,100,
09:31:09,64.66,300,
09:31:09,64.67,100,
09:31:09,64.67,100,
09:31:09,64.67,100,
09:31:09,64.67,100,
09:31:09,64.67,100,
09:31:09,64.67,100,
09:31:09,64.67,700,
09:31:09,64.67,100,
09:31:09,64.67,100,
09:31:11,64.6671,2900,
09:31:11,64.67,1000,
09:31:11,64.67,100,
09:31:11,64.67,500,
09:31:11,64.67,3800,
09:31:11,64.67,3600,
09:31:11,64.67,100,
09:31:11,64.67,400,
09:31:12,64.67,800,
09:31:12,64.67,200,
09:31:12,64.67,500,
09:31:12,64.67,600,
09:31:13,64.67,200,
09:31:13,64.68,100,
09:31:13,64.68,300,
09:31:14,64.68,100,
09:31:14,64.68,600,
09:31:14,64.67,69790,
09:31:16,64.67,300,
09:31:16,64.67,500,
09:31:17,64.67,100,
09:31:17,64.67,100,
09:31:17,64.67,100,
09:31:17,64.67,500,
09:31:17,64.67,100,
09:31:17,64.67,1800,
09:31:17,64.67,1000,
09:31:17,64.67,200,
09:31:19,64.67,200,
09:31:19,64.67,600,
09:31:19,64.67,500,
09:31:19,64.67,200,
09:31:19,64.67,100,
09:31:19,64.67,200,
09:31:21,64.665,300,
09:31:22,64.67,800,
09:31:22,64.67,5000,
09:31:22,64.68,100,
09:31:22,64.68,11900,
09:31:23,64.67,500,
09:31:23,64.67,400,
09:31:23,64.67,100,
09:31:23,64.665,300,
09:31:23,64.67,300,
09:31:23,64.67,400,
09:31:24,64.68,200,
09:31:25,64.68,1800,
09:31:25,64.68,500,
09:31:26,64.67,300,
09:31:28,64.68,800,
09:31:28,64.68,800,
09:31:28,64.68,300,
09:31:28,64.68,300,
09:31:28,64.68,100,
09:31:29,64.68,100,
09:31:29,64.68,800,
09:31:29,64.68,100,
09:31:29,64.68,100,
09:31:29,64.68,200,
09:31:29,64.68,800,
09:31:29,64.68,100,
09:31:29,64.68,500,
09:31:29,64.68,1350,
09:31:29,64.68,200,
09:31:29,64.68,100,
09:31:29,64.68,700,
09:31:29,64.69,1800,
09:31:29,64.69,500,
09:31:29,64.68,100,
09:31:29,64.68,100,
09:31:29,64.68,200,
09:31:29,64.68,4100,
09:31:29,64.68,200,
09:31:29,64.68,700,
09:31:29,64.68,100,
09:31:29,64.68,100,
09:31:29,64.68,100,
09:31:30,64.68,700,
09:31:30,64.68,1100,
09:31:30,64.68,1700,
09:31:30,64.68,100,
09:31:30,64.68,1100,
09:31:30,64.68,700,
09:31:30,64.68,200,
09:31:30,64.68,100,
09:31:30,64.67,200,
09:31:30,64.68,1183,
09:31:31,64.67,100,
09:31:31,64.67,700,
09:31:31,64.67,100,
09:31:31,64.67,500,
09:31:31,64.67,100,
09:31:31,64.67,100,
09:31:32,64.66,700,
09:31:32,64.66,100,
09:31:32,64.66,300,
09:31:32,64.66,100,
09:31:33,64.6601,100,
09:31:33,64.65,100,
09:31:35,64.65,300,
09:31:35,64.65,400,
09:31:36,64.64,300,
09:31:37,64.64,500,
09:31:42,64.64,300,
09:31:43,64.64,800,
09:31:43,64.64,100,
09:31:43,64.64,100,
09:31:43,64.64,200,
09:31:43,64.64,500,
09:31:43,64.64,200,
09:31:43,64.64,100,
09:31:43,64.64,100,
09:31:43,64.64,300,
09:31:44,64.63,100,
09:31:46,64.63,100,
09:31:46,64.63,100,
09:31:46,64.63,100,
09:31:46,64.63,200,
09:31:46,64.63,500,
09:31:47,64.6214,1000,
09:31:47,64.63,100,
09:31:47,64.63,200,
09:31:48,64.63,200,
09:31:48,64.63,100,
09:31:48,64.63,200,
09:31:48,64.62,300,
09:31:48,64.6205,100,
09:31:48,64.6201,200,
09:31:48,64.62,300,
09:31:48,64.62,100,
09:31:50,64.62,300,
09:31:51,64.6291X,150,
09:31:52,64.63,300,
09:31:52,64.63,1800,
09:31:52,64.63,600,
09:31:52,64.63,100,
09:31:52,64.63,800,
09:31:52,64.63,100,
09:31:52,64.63,100,
09:31:52,64.63,800,
09:31:52,64.63,1600,
09:31:52,64.63,400,
09:31:52,64.63,800,
09:31:52,64.63,100,
09:31:52,64.635,900,
09:31:52,64.63,100,
09:31:52,64.635,100,
09:31:53,64.635,100,
09:31:53,64.63,100,
09:31:53,64.625,200,
09:31:54,64.625,300,
09:31:54,64.625,800,
09:31:54,64.625,400,
09:31:54,64.625,100,
09:31:54,64.62,300,
09:31:54,64.62,200,
09:31:54,64.62,800,
09:31:54,64.62,800,
09:31:54,64.62,900,
09:31:54,64.62,200,
09:31:54,64.62,15000,
09:31:54,64.62,200,
09:31:54,64.62,100,
09:31:54,64.62,600,
09:31:54,64.62,100,
09:31:55,64.62,300,
09:31:55,64.62,600,
09:31:56,64.605,300,
09:31:56,64.60,300,
09:31:56,64.6005,100,
09:31:56,64.6001,100,
09:31:56,64.60,100,
09:31:56,64.6001,100,
09:31:56,64.60,100,
09:31:56,64.61,300,
09:31:56,64.61,600,
09:31:56,64.62,300,
09:31:56,64.625,700,
09:31:56,64.63,400,
09:31:56,64.62,135,
09:31:56,64.625,165,
09:31:56,64.63,2000,
09:31:56,64.63,800,
09:31:56,64.63,600,
09:31:56,64.63,100,
09:31:56,64.63,100,
09:31:56,64.63,600,
09:31:56,64.63,100,
09:31:56,64.63,800,
09:31:56,64.63,900,
09:31:56,64.635,300,
09:31:56,64.62,365,
09:31:56,64.62,100,
09:31:56,64.6201,100,
09:31:56,64.6201,100,
09:31:58,64.62,200,
09:31:58,64.63,100,
09:31:58,64.63,100,
09:31:58,64.63,800,
09:32:00,64.63,630,
09:32:00,64.63,700,
09:32:00,64.62,100,
09:32:00,64.62,300,
09:32:01,64.62,100,
09:32:02,64.62,600,
09:32:02,64.62,300,
09:32:02,64.62,800,
09:32:02,64.62,220,
09:32:02,64.63,100,
09:32:02,64.63,100,
09:32:02,64.63,1630,
09:32:03,64.63,200,
09:32:03,64.63,170,
09:32:03,64.6383,900,
09:32:03,64.639,1700,
09:32:05,64.64,200,
09:32:05,64.64,1000,
09:32:05,64.64,100,
09:32:05,64.64,1800,
09:32:05,64.64,100,
09:32:07,64.64,800,
09:32:07,64.64,800,
09:32:07,64.64,500,
09:32:07,64.64,100,
09:32:09,64.64,300,
09:32:11,64.65,470,
09:32:11,64.65,400,
09:32:11,64.65,500,
09:32:11,64.65,400,
09:32:11,64.65,100,
09:32:13,64.65,300,
09:32:14,64.65,830,
09:32:14,64.65,300,
09:32:16,64.65,300,
09:32:17,64.64,5326,
09:32:19,64.65,300,
09:32:20,64.64,100,
09:32:21,64.6491,1441,
09:32:22,64.65,100,
09:32:25,64.64,300,
09:32:25,64.64,800,
09:32:25,64.64,100,
09:32:25,64.64,500,
09:32:26,64.64,100,
09:32:28,64.64,400,
09:32:28,64.64,100,
09:32:28,64.64,500,
09:32:31,64.6485,500,
09:32:31,64.66,200,
09:32:31,64.65,229,
09:32:33,64.66,100,
09:32:33,64.65,300,
09:32:37,64.66,300,
09:32:37,64.65,200,
09:32:39,64.65,500,
09:32:42,64.65,100,
09:32:42,64.6501,184,
09:32:43,64.66,200,
09:32:43,64.66,122,
09:32:44,64.66,500,
09:32:44,64.66,100,
09:32:44,64.66,400,
09:32:44,64.66,200,
09:32:45,64.66,35000,
09:32:49,64.66,500,
09:32:49,64.6601,900,
09:32:51,64.66,100,
09:32:51,64.66,600,
09:32:54,64.651,100,
09:32:58,64.6599,100,
09:33:01,64.65,100,
09:33:02,64.65,1800,
09:33:02,64.6501,2500,
09:33:07,64.6487,1600,
09:33:07,64.649,1700,
09:33:10,64.64,100,
09:33:11,64.645,500,
09:33:12,64.63,200,
09:33:12,64.635,600,
09:33:13,64.63,300,
09:33:13,64.63,200,
09:33:13,64.63,100,
09:33:13,64.63,300,
09:33:13,64.63,100,
09:33:13,64.63,300,
09:33:21,64.62,100,
09:33:21,64.62,100,
09:33:24,64.61,100,
09:33:24,64.61,1400,
09:33:26,64.60,100,
09:33:27,64.60,700,
09:33:27,64.60,200,
09:33:27,64.60,100,
09:33:27,64.60,300,
09:33:27,64.6001,138,
09:33:27,64.59,2400,
09:33:28,64.59,900,
09:33:28,64.59,265,
09:33:28,64.59,100,
09:33:28,64.59,500,
09:33:28,64.59,100,
09:33:28,64.59,500,
09:33:28,64.59,100,
09:33:28,64.59,200,
09:33:28,64.59,1000,
09:33:28,64.59,100,
09:33:28,64.59,200,
09:33:28,64.58,700,
09:33:28,64.5918,700,
09:33:30,64.5805,500,
09:33:31,64.58,200,
09:33:31,64.58,300,
09:33:31,64.58,300,
09:33:31,64.58,300,
09:33:32,64.57,500,
09:33:32,64.57,300,
09:33:34,64.57,1258,
09:33:35,64.57,700,
09:33:35,64.57,800,
09:33:35,64.57,100,
09:33:35,64.57,200,
09:33:36,64.56,250,
09:33:37,64.57,1400,
09:33:37,64.57,100,
09:33:37,64.57,100,
09:33:38,64.57,100,
09:33:38,64.57,700,
09:33:38,64.57,700,
09:33:40,64.56,100,
09:33:41,64.56,200,
09:33:41,64.56,479,
09:33:42,64.55,2641,
09:33:45,64.56,150,
09:33:45,64.56,100,
09:33:45,64.56,800,
09:33:45,64.56,800,
09:33:45,64.56,500,
09:33:45,64.56,1300,
09:33:47,64.56,400,
09:33:52,64.559,300,
09:33:52,64.55,600,
09:33:54,64.55,1600,
09:33:55,64.56,100,
09:33:56,64.57,200,
09:33:56,64.58,700,
09:33:56,64.57,730,
09:33:56,64.57,100,
09:33:56,64.58,100,
09:33:56,64.58,1074,
09:33:56,64.58,100,
09:33:57,64.57,100,
09:33:57,64.5701,100,
09:34:02,64.58,100,
09:34:05,64.58,800,
09:34:06,64.58,530,
09:34:06,64.5845,500,
09:34:08,64.59,100,
09:34:09,64.59,700,
09:34:09,64.59,100,
09:34:09,64.59,100,
09:34:10,64.59,100,
09:34:10,64.59,900,
09:34:12,64.58,700,
09:34:14,64.57,100,
09:34:14,64.57,100,
09:34:14,64.57,200,
09:34:14,64.57,100,
09:34:14,64.58,300,
09:34:14,64.575,500,
09:34:14,64.57,500,
09:34:14,64.58,500,
09:34:15,64.57,600,
09:34:15,64.57,1000,
09:34:16,64.57,500,
09:34:16,64.57,200,
09:34:17,64.57,600,
09:34:17,64.57,200,
09:34:19,64.56,100,
09:34:20,64.56,200,
09:34:20,64.56,800,
09:34:20,64.56,100,
09:34:22,64.56,700,
09:34:22,64.56,100,
09:34:23,64.55,100,
09:34:23,64.55,300,
09:34:26,64.58,200,
09:34:26,64.58,600,
09:34:26,64.57,100,
09:34:27,64.577,500,
09:34:31,64.56,2400,
09:34:31,64.56,100,
09:34:31,64.56,200,
09:34:34,64.559,200,
09:34:36,64.56,200,
09:34:36,64.57,200,
09:34:36,64.57,200,
09:34:36,64.56,200,
09:34:36,64.56,200,
09:34:36,64.56,100,
09:34:37,64.56,100,
09:34:41,64.56,600,
09:34:41,64.56,100,
09:34:43,64.56,800,
09:34:43,64.56,100,
09:34:43,64.56,600,
09:34:44,64.56,340,
09:34:46,64.56,100,
09:34:51,64.5591,820,
09:34:52,64.57,200,
09:34:52,64.57,300,
09:34:52,64.57,100,
09:34:56,64.56,100,
09:34:58,64.56,100,
09:35:02,64.5599,500,
09:35:03,64.55,100,
09:35:04,64.55,1400,
09:35:06,64.54,500,
09:35:06,64.5403,200,
09:35:06,64.5401,600,
09:35:06,64.54,400,
09:35:06,64.54,100,
09:35:06,64.54,400,
09:35:07,64.549,500,
09:35:08,64.54,200,
09:35:08,64.54,984,
09:35:08,64.54,400,
09:35:09,64.54,100,
09:35:09,64.54,3000,
09:35:10,64.54,100,
09:35:10,64.54,600,
09:35:10,64.54,100,
09:35:10,64.54,100,
09:35:10,64.54,1984,
09:35:10,64.54,616,
09:35:10,64.54,100,
09:35:10,64.54,100,
09:35:11,64.5399,800,
09:35:12,64.53,500,
09:35:13,64.53,100,
09:35:14,64.53,100,
09:35:14,64.5369,1000,
09:35:16,64.54,100,
09:35:17,64.54,100,
09:35:17,64.54,100,
09:35:17,64.53,760,
09:35:18,64.53,100,
09:35:20,64.53,400,
09:35:21,64.52,100,
09:35:21,64.52,300,
09:35:22,64.53,200,
09:35:24,64.52,800,
09:35:24,64.51,200,
09:35:24,64.52,300,
09:35:24,64.51,500,
09:35:24,64.51,100,
09:35:27,64.52,100,
09:35:27,64.52,100,
09:35:28,64.53,250,
09:35:28,64.53,100,
09:35:28,64.53,100,
09:35:28,64.53,200,
09:35:28,64.53,100,
09:35:28,64.53,100,
09:35:28,64.53,100,
09:35:28,64.53,200,
09:35:28,64.53,300,
09:35:28,64.53,200,
09:35:28,64.53,100,
09:35:30,64.54,730,
09:35:30,64.54,800,
09:35:31,64.5316,300,
09:35:34,64.539,1570,
09:35:35,64.54,100,
09:35:35,64.54,400,
09:35:35,64.54,600,
09:35:37,64.54,100,
09:35:37,64.54,100,
09:35:38,64.55,800,
09:35:38,64.55,100,
09:35:38,64.55,800,
09:35:39,64.55,100,
09:35:42,64.55,100,
09:35:45,64.55,2800,
09:35:45,64.5505,200,
09:35:45,64.56,400,
09:35:45,64.5506,100,
09:35:45,64.55,200,
09:35:45,64.55,400,
09:35:46,64.56,100,
09:35:52,64.551,300,
09:35:52,64.56,100,
09:35:55,64.54,300,
09:35:55,64.545,100,
09:35:55,64.54,300,
09:35:55,64.54,300,
09:35:55,64.55,100,
09:35:55,64.54,500,
09:35:55,64.54,100,
09:35:55,64.54,300,
09:35:55,64.54,1000,
09:35:55,64.5357,108,
09:35:57,64.54,100,
09:35:57,64.5461,100,
09:35:59,64.5408,1000,
09:35:59,64.54,100,
09:35:59,64.54,100,
09:35:59,64.5401,100,
09:35:59,64.5401,100,
09:36:00,64.54,100,
09:36:00,64.54,100,
09:36:00,64.54,100,
09:36:00,64.54,200,
09:36:03,64.5501,2000,
09:36:04,64.5501,3080,
09:36:08,64.55,200,
09:36:10,64.55,100,
09:36:10,64.55,400,
09:36:10,64.55,300,
09:36:13,64.5401,2019,
09:36:14,64.55,100,
09:36:19,64.55,200,
09:36:20,64.55,100,
09:36:20,64.55,100,
09:36:21,64.55,100,
09:36:21,64.55,900,
09:36:22,64.55,600,
09:36:22,64.55,500,
09:36:22,64.55,1000,
09:36:22,64.56,100,
09:36:23,64.57,1300,
09:36:25,64.56,100,
09:36:26,64.55,100,
09:36:28,64.5501,100,
09:36:30,64.56,100,
09:36:36,64.56,100,
09:36:41,64.56,200,
09:36:42,64.55,800,
09:36:42,64.55,100,
09:36:42,64.55,200,
09:36:42,64.55,100,
09:36:42,64.55,245,
09:36:42,64.55,400,
09:36:43,64.5495,1000,
09:36:43,64.55,400,
09:36:44,64.54,100,
09:36:44,64.54,300,
09:36:44,64.54,900,
09:36:44,64.53,100,
09:36:44,64.54,200,
09:36:47,64.5305,1000,
09:36:50,64.53,100,
09:36:50,64.53,800,
09:36:52,64.53,115,
09:36:53,64.54,100,
09:36:54,64.54,300,
09:36:54,64.54,100,
09:36:54,64.54,100,
09:36:55,64.55,100,
09:36:55,64.55,100,
09:36:55,64.55,200,
09:36:55,64.55,300,
09:36:57,64.55,100,
09:37:00,64.54,700,
09:37:00,64.54,100,
09:37:02,64.55,1630,
09:37:02,64.55,800,
09:37:02,64.55,300,
09:37:02,64.55,600,
09:37:02,64.55,600,
09:37:03,64.55,100,
09:37:03,64.55,800,
09:37:07,64.55,100,
09:37:08,64.57,200,
09:37:09,64.57,200,
09:37:09,64.57,200,
09:37:09,64.57,120,
09:37:11,64.56,100,
09:37:11,64.56,100,
09:37:15,64.5699,600,
09:37:18,64.57,100,
09:37:18,64.57,100,
09:37:20,64.58,100,
09:37:20,64.58,100,
09:37:21,64.58,300,
09:37:22,64.589,1000,
09:37:23,64.59,200,
09:37:24,64.585,500,
09:37:26,64.59,100,
09:37:26,64.59,100,
09:37:26,64.59,100,
09:37:26,64.60,100,
09:37:26,64.60,800,
09:37:26,64.60,200,
09:37:27,64.60,100,
09:37:27,64.60,1700,
09:37:27,64.60,400,
09:37:27,64.60,800,
09:37:28,64.61,200,
09:37:28,64.60,1000,
09:37:31,64.61,200,
09:37:31,64.61,300,
09:37:31,64.61,100,
09:37:31,64.62,100,
09:37:31,64.6199,800,
09:37:31,64.62,100,
09:37:33,64.62,100,
09:37:33,64.62,100,
09:37:34,64.63,100,
09:37:34,64.63,100,
09:37:35,64.62,100,
09:37:35,64.61,100,
09:37:38,64.60,100,
09:37:38,64.60,2900,
09:37:38,64.60,100,
09:37:38,64.60,100,
09:37:38,64.60,2167,
09:37:39,64.59,100,
09:37:39,64.59,300,
09:37:40,64.58,500,
09:37:40,64.58,100,
09:37:40,64.58,100,
09:37:41,64.58,235,
09:37:43,64.589,2000,
09:37:44,64.58,700,
09:37:44,64.57,500,
09:37:46,64.5609,155,
09:37:46,64.57,100,
09:37:51,64.57,200,
09:37:51,64.57,500,
09:37:51,64.57,100,
09:37:51,64.57,100,
09:37:52,64.5701,500,
09:37:54,64.58,100,
09:37:54,64.59,200,
09:37:54,64.5803,888,
09:37:56,64.586,1000,
09:37:59,64.58,800,
09:37:59,64.58,200,
09:38:03,64.58,1630,
09:38:03,64.58,100,
09:38:03,64.58,200,
09:38:03,64.58,200,
09:38:03,64.58,970,
09:38:03,64.58,300,
09:38:04,64.59,1900,
09:38:04,64.59,200,
09:38:06,64.5885,353,
09:38:08,64.60,100,
09:38:08,64.59,200,
09:38:08,64.59,400,
09:38:08,64.59,800,
09:38:11,64.59,200,
09:38:11,64.59,100,
09:38:11,64.60,1600,
09:38:14,64.60,100,
09:38:14,64.60,100,
09:38:18,64.59,100,
09:38:19,64.5975,500,
09:38:19,64.60,200,
09:38:19,64.60,100,
09:38:19,64.589,400,
09:38:19,64.60,100,
09:38:21,64.60,300,
09:38:23,64.61,100,
09:38:24,64.61,200,
09:38:24,64.60,300,
09:38:25,64.61,4800,
09:38:25,64.61,100,
09:38:25,64.61,500,
09:38:25,64.61,500,
09:38:25,64.62,200,
09:38:26,64.61,100,
09:38:26,64.61,100,
09:38:26,64.61,800,
09:38:29,64.6068,1000,
09:38:29,64.61,100,
09:38:29,64.61,600,
09:38:30,64.61,500,
09:38:33,64.61,100,
09:38:33,64.61,800,
09:38:35,64.60,200,
09:38:35,64.59,200,
09:38:35,64.59,100,
09:38:35,64.59,200,
09:38:35,64.59,200,
09:38:35,64.59,400,
09:38:36,64.59,100,
09:38:38,64.58,100,
09:38:38,64.58,100,
09:38:41,64.58,800,
09:38:41,64.58,800,
09:38:41,64.58,200,
09:38:42,64.57,500,
09:38:42,64.58,600,
09:38:43,64.58,100,
09:38:45,64.58,100,
09:38:45,64.58,144,
09:38:45,64.58,100,
09:38:45,64.58,800,
09:38:46,64.58,200,
09:38:46,64.58,100,
09:38:49,64.57,100,
09:38:49,64.57,600,
09:38:49,64.57,600,
09:38:49,64.57,100,
09:38:49,64.57,400,
09:38:49,64.57,600,
09:38:50,64.57,200,
09:38:50,64.57,200,
09:38:50,64.57,600,
09:38:50,64.57,200,
09:38:50,64.57,100,
09:38:51,64.57,100,
09:38:51,64.57,800,
09:38:51,64.57,400,
09:38:52,64.58,100,
09:38:54,64.57,300,
09:38:54,64.57,300,
09:38:54,64.57,500,
09:38:54,64.57,300,
09:38:54,64.57,800,
09:38:54,64.57,100,
09:38:54,64.57,200,
09:38:55,64.57,200,
09:38:55,64.57,100,
09:38:55,64.57,200,
09:38:56,64.57,200,
09:38:56,64.57,100,
09:38:56,64.57,600,
09:38:56,64.57,500,
09:38:56,64.57,300,
09:38:57,64.57,100,
09:38:57,64.57,100,
09:38:59,64.5599,100,
09:38:59,64.55,100,
09:38:59,64.55,400,
09:38:59,64.55,100,
09:39:00,64.57,100,
09:39:00,64.55,100,
09:39:00,64.55,300,
09:39:01,64.55,100,
09:39:01,64.56,100,
09:39:03,64.56,100,
09:39:05,64.55,100,
09:39:08,64.55,100,
09:39:10,64.55,200,
09:39:10,64.55,100,
09:39:10,64.55,100,
09:39:10,64.55,100,
09:39:10,64.55,100,
09:39:11,64.5555,310,
09:39:13,64.55,100,
09:39:13,64.55,100,
09:39:14,64.56,100,
09:39:15,64.54,200,
09:39:17,64.54,700,
09:39:17,64.54,100,
09:39:17,64.53,144,
09:39:23,64.5333,9600,
09:39:24,64.53,200,
09:39:24,64.53,100,
09:39:24,64.54,100,
09:39:24,64.54,100,
09:39:25,64.52,100,
09:39:25,64.52,100,
09:39:25,64.52,500,
09:39:25,64.52,700,
09:39:26,64.52,100,
09:39:26,64.51,100,
09:39:26,64.51,500,
09:39:26,64.51,500,
09:39:28,64.52,100,
09:39:31,64.53,200,
09:39:31,64.53,100,
09:39:31,64.5299,500,
09:39:34,64.52,200,
09:39:35,64.52,100,
09:39:37,64.53,1300,
09:39:37,64.53,200,
09:39:38,64.53,100,
09:39:39,64.52,100,
09:39:39,64.53,200,
09:39:44,64.53,200,
09:39:49,64.52,2800,
09:39:49,64.52,200,
09:39:49,64.52,200,
09:39:50,64.52,1600,
09:39:50,64.52,3100,
09:39:51,64.52,3000,
09:39:51,64.52,100,
09:39:51,64.52,3000,
09:39:53,64.5199,300,
09:39:53,64.51,100,
09:39:54,64.51,100,
09:39:54,64.52,200,
09:39:55,64.51,3100,
09:39:55,64.50,400,
09:39:55,64.50,100,
09:39:57,64.5001,100,
09:39:58,64.50,500,
09:39:58,64.50,3050,
09:39:59,64.51,200,
09:40:00,64.50,100,
09:40:00,64.50,285,
09:40:01,64.4905,300,
09:40:01,64.49,200,
09:40:02,64.49,100,
09:40:02,64.49,100,
09:40:03,64.4895,610,
09:40:05,64.49,100,
09:40:05,64.49,100,
09:40:06,64.49,1222,
09:40:06,64.49,100,
09:40:07,64.49,200,
09:40:09,64.49,350,
09:40:09,64.49,800,
09:40:09,64.49,450,
09:40:09,64.49,100,
09:40:09,64.49,100,
09:40:09,64.49,6700,
09:40:09,64.48,800,
09:40:10,64.49,100,
09:40:11,64.49,200,
09:40:15,64.49,100,
09:40:15,64.49,1300,
09:40:15,64.48,100,
09:40:15,64.48,200,
09:40:17,64.48,100,
09:40:17,64.48,100,
09:40:18,64.48,100,
09:40:20,64.479,700,
09:40:23,64.48,100,
09:40:24,64.48,100,
09:40:24,64.48,200,
09:40:26,64.4852,105,
09:40:27,64.49,100,
09:40:28,64.48,200,
09:40:28,64.48,200,
09:40:30,64.48,800,
09:40:30,64.48,1700,
09:40:31,64.4799,300,
09:40:31,64.47,100,
09:40:31,64.4638,200,
09:40:31,64.46,100,
09:40:31,64.45,100,
09:40:32,64.45,200,
09:40:32,64.45,100,
09:40:32,64.455,600,
09:40:34,64.4562,800,
09:40:34,64.46,100,
09:40:35,64.46,200,
09:40:36,64.46,500,
09:40:36,64.46,100,
09:40:39,64.45,100,
09:40:41,64.45,100,
09:40:41,64.45,100,
09:40:41,64.45,300,
09:40:41,64.45,200,
09:40:41,64.45,100,
09:40:41,64.45,100,
09:40:41,64.45,200,
09:40:41,64.45,100,
09:40:41,64.45,200,
09:40:41,64.45,100,
09:40:42,64.46,200,
09:40:42,64.46,700,
09:40:42,64.46,500,
09:40:42,64.46,600,
09:40:47,64.46,400,
09:40:47,64.46,400,
09:40:47,64.45,100,
09:40:51,64.45,700,
09:41:01,64.46,100,
09:41:01,64.46,200,
09:41:01,64.46,200,
09:41:01,64.46,300,
09:41:02,64.451,500,
09:41:02,64.48,100,
09:41:02,64.48,500,
09:41:02,64.48,300,
09:41:04,64.471,683,
09:41:05,64.48,300,
09:41:08,64.47,100,
09:41:08,64.4701,1100,
09:41:11,64.48,200,
09:41:12,64.48,200,
09:41:12,64.48,1200,
09:41:13,64.48,100,
09:41:14,64.48,100,
09:41:17,64.48,100,
09:41:17,64.475,200,
09:41:21,64.47,100,
09:41:25,64.47,200,
09:41:28,64.48,100,
09:41:28,64.48,270,
09:41:28,64.48,500,
09:41:29,64.48,200,
09:41:29,64.48,400,
09:41:29,64.48,200,
09:41:30,64.4895,500,
09:41:31,64.48,700,
09:41:31,64.48,100,
09:41:33,64.48,200,
09:41:35,64.48,200,
09:41:36,64.48,2800,
09:41:36,64.48,300,
09:41:36,64.482,2000,
09:41:36,64.49,500,
09:41:36,64.49,100,
09:41:36,64.49,227,
09:41:38,64.503,500,
09:41:39,64.51,546,
09:41:39,64.51,100,
09:41:40,64.51,1145,
09:41:41,64.51,100,
09:41:43,64.51,200,
09:41:46,64.52,200,
09:41:46,64.52,300,
09:41:47,64.52,100,
09:41:47,64.52,100,
09:41:47,64.52,200,
09:41:47,64.52,700,
09:41:47,64.52,600,
09:41:47,64.52,400,
09:41:50,64.52,200,
09:41:52,64.52,1900,
09:41:52,64.52,300,
09:41:55,64.51,100,
09:41:58,64.51,200,
09:41:59,64.51,100,
09:42:00,64.51,100,
09:42:03,64.50,200,
09:42:04,64.50,482,
09:42:04,64.50,100,
09:42:04,64.50,100,
09:42:04,64.50,700,
09:42:06,64.50,2000,
09:42:06,64.50,600,
09:42:06,64.50,100,
09:42:06,64.50,800,
09:42:06,64.50,700,
09:42:06,64.50,800,
09:42:06,64.50,400,
09:42:06,64.50,200,
09:42:06,64.50,1900,
09:42:06,64.50,600,
09:42:06,64.50,100,
09:42:06,64.50,200,
09:42:06,64.50,500,
09:42:06,64.50,100,
09:42:06,64.50,600,
09:42:07,64.50,200,
09:42:07,64.50,700,
09:42:08,64.51,100,
09:42:09,64.51,100,
09:42:09,64.52,326,
09:42:09,64.52,861,
09:42:09,64.52,100,
09:42:11,64.53,100,
09:42:11,64.53,200,
09:42:13,64.54,265,
09:42:13,64.54,800,
09:42:13,64.54,100,
09:42:15,64.54,720,
09:42:15,64.53,100,
09:42:17,64.54,600,
09:42:17,64.54,3005,
09:42:18,64.5499,2500,
09:42:18,64.55,100,
09:42:18,64.55,100,
09:42:18,64.55,100,
09:42:18,64.55,600,
09:42:18,64.55,1500,
09:42:18,64.55,300,
09:42:18,64.55,200,
09:42:19,64.5501,200,
09:42:19,64.5501,200,
09:42:19,64.55,13409,
09:42:19,64.55,300,
09:42:20,64.55,200,
09:42:20,64.55,100,
09:42:20,64.55,600,
09:42:20,64.55,200,
09:42:21,64.55,500,
09:42:22,64.55,200,
09:42:22,64.55,500,
09:42:22,64.54,200,
09:42:22,64.54,400,
09:42:22,64.54,500,
09:42:22,64.54,500,
09:42:23,64.53,100,
09:42:23,64.53,100,
09:42:24,64.53,200,
09:42:24,64.53,200,
09:42:24,64.53,5000,
09:42:24,64.52,300,
09:42:24,64.52,100,
09:42:24,64.52,500,
09:42:24,64.52,300,
09:42:24,64.52,100,
09:42:27,64.51,100,
09:42:28,64.5183,200,
09:42:28,64.5199,300,
09:42:29,64.51,100,
09:42:30,64.51,100,
09:42:31,64.51,100,
09:42:31,64.51,200,
09:42:31,64.51,200,
09:42:32,64.51,100,
09:42:32,64.51,300,
09:42:34,64.50,200,
09:42:38,64.50,100,
09:42:38,64.50,100,
09:42:38,64.50,100,
09:42:42,64.50,100,
09:42:42,64.50,200,
09:42:46,64.51,200,
09:42:46,64.51,700,
09:42:46,64.51,100,
09:42:46,64.51,1100,
09:42:46,64.51,100,
09:42:46,64.51,200,
09:42:47,64.51,100,
09:42:47,64.51,200,
09:42:53,64.5099,400,
09:42:53,64.51,200,
09:42:53,64.51,100,
09:42:53,64.52,200,
09:42:57,64.50,100,
09:42:57,64.50,300,
09:42:57,64.50,100,
09:42:57,64.49,100,
09:42:57,64.50,200,
09:42:58,64.4892,200,
09:42:58,64.49,100,
09:42:58,64.49,100,
09:42:58,64.48,100,
09:42:59,64.48,100,
09:42:59,64.49,300,
09:42:59,64.49,800,
09:43:00,64.49,100,
09:43:00,64.49,100,
09:43:00,64.49,600,
09:43:00,64.49,1000,
09:43:00,64.49,200,
09:43:00,64.49,200,
09:43:01,64.49,100,
09:43:13,64.48,100,
09:43:13,64.48,100,
09:43:26,64.48,300,
09:43:27,64.49,800,
09:43:27,64.49,2100,
09:43:27,64.49,200,
09:43:27,64.49,100,
09:43:27,64.49,3100,
09:43:27,64.49,500,
09:43:27,64.49,1400,
09:43:28,64.50,100,
09:43:29,64.50,800,
09:43:29,64.50,100,
09:43:29,64.50,600,
09:43:29,64.50,100,
09:43:29,64.50,100,
09:43:30,64.49,100,
09:43:30,64.49,200,
09:43:30,64.49,200,
09:43:30,64.49,100,
09:43:33,64.49,200,
09:43:40,64.49,149,
09:43:43,64.4901,540,
09:43:47,64.49,349,
09:43:47,64.49,100,
09:43:49,64.48,200,
09:43:49,64.48,100,
09:43:49,64.48,300,
09:43:54,64.47,200,
09:43:56,64.47,533,
09:43:59,64.47,800,
09:43:59,64.47,233,
09:43:59,64.47,100,
09:44:00,64.48,200,
09:44:03,64.47,100,
09:44:03,64.46,100,
09:44:06,64.46,500,
09:44:13,64.4699,300,
09:44:14,64.47,200,
09:44:14,64.47,100,
09:44:14,64.47,400,
09:44:14,64.47,1700,
09:44:14,64.47,200,
09:44:16,64.47,500,
09:44:16,64.47,100,
09:44:19,64.47,100,
09:44:19,64.47,300,
09:44:19,64.47,100,
09:44:20,64.47,200,
09:44:25,64.4701,200,
09:44:45,64.46,300,
09:44:47,64.46,2000,
09:44:47,64.46,500,
09:44:47,64.46,100,
09:44:47,64.46,400,
09:44:47,64.45,100,
09:44:47,64.45,900,
09:44:47,64.45,100,
09:44:47,64.45,100,
09:44:47,64.45,100,
09:44:51,64.45,1200,
09:44:52,64.45,200,
09:44:55,64.46,200,
09:44:56,64.45,100,
09:45:00,64.45,100,
09:45:00,64.45,100,
09:45:00,64.45,300,
09:45:00,64.45,300,
09:45:08,64.441,200,
09:45:16,64.44,128,
09:45:16,64.44,900,
09:45:16,64.44,900,
09:45:16,64.43,100,
09:45:17,64.43,800,
09:45:17,64.43,200,
09:45:17,64.43,100,
09:45:17,64.42,500,
09:45:17,64.42,100,
09:45:18,64.42,300,
09:45:18,64.42,100,
09:45:18,64.42,300,
09:45:18,64.41,800,
09:45:18,64.41,1600,
09:45:18,64.41,300,
09:45:18,64.41,500,
09:45:18,64.41,100,
09:45:18,64.41,1000,
09:45:18,64.41,100,
09:45:18,64.41,300,
09:45:18,64.41,300,
09:45:18,64.41,200,
09:45:18,64.411,1900,
09:45:18,64.40,175,
09:45:18,64.40,360,
09:45:18,64.41,685,
09:45:20,64.40,400,
09:45:20,64.40,800,
09:45:20,64.40,100,
09:45:20,64.40,500,
09:45:20,64.39,100,
09:45:20,64.40,200,
09:45:20,64.3901,6000,
09:45:20,64.39,800,
09:45:20,64.39,380,
09:45:20,64.39,800,
09:45:20,64.39,400,
09:45:20,64.39,200,
09:45:20,64.39,100,
09:45:21,64.38,200,
09:45:22,64.38,100,
09:45:22,64.38,1000,
09:45:22,64.38,788,
09:45:22,64.3827,100,
09:45:22,64.38,100,
09:45:25,64.38,200,
09:45:26,64.38,200,
09:45:27,64.38,1200,
09:45:27,64.38,184,
09:45:27,64.38,300,
09:45:27,64.38,700,
09:45:28,64.38,100,
09:45:29,64.38,1000,
09:45:31,64.38,194,
09:45:31,64.38,100,
09:45:31,64.38,1000,
09:45:31,64.38,100,
09:45:32,64.37,10000,
09:45:35,64.37,1300,
09:45:35,64.37,200,
09:45:35,64.37,400,
09:45:35,64.365,100,
09:45:36,64.36,100,
09:45:37,64.36,100,
09:45:37,64.36,1300,
09:45:37,64.36,900,
09:45:37,64.36,100,
09:45:37,64.36,800,
09:45:37,64.36,200,
09:45:37,64.36,100,
09:45:37,64.37,336,
09:45:37,64.37,380,
09:45:37,64.3615,1000,
09:45:38,64.36,200,
09:45:38,64.36,200,
09:45:38,64.36,100,
09:45:38,64.36,150,
09:45:38,64.37,464,
09:45:38,64.37,300,
09:45:38,64.37,100,
09:45:38,64.37,300,
09:45:38,64.37,100,
09:45:40,64.3618,300,
09:45:40,64.36,400,
09:45:42,64.3545,1000,
09:45:42,64.35,500,
09:45:42,64.35,200,
09:45:42,64.35,200,
09:45:42,64.35,200,
09:45:42,64.35,1100,
09:45:43,64.35,100,
09:45:43,64.35,400,
09:45:43,64.35,300,
09:45:44,64.355,500,
09:45:47,64.35,500,
09:45:47,64.36,100,
09:45:47,64.35,100,
09:45:47,64.3599,1000,
09:45:48,64.3599,100,
09:45:48,64.36,500,
09:45:48,64.36,1700,
09:45:48,64.36,100,
09:45:53,64.36,600,
09:45:54,64.36,100,
09:45:56,64.36,300,
09:45:56,64.36,200,
09:45:56,64.35,200,
09:45:56,64.35,200,
09:45:56,64.35,200,
09:45:56,64.35,200,
09:45:56,64.35,800,
09:45:56,64.35,1800,
09:45:56,64.35,100,
09:45:56,64.35,200,
09:45:56,64.36,100,
09:45:56,64.36,400,
09:45:56,64.36,800,
09:45:56,64.35,219,
09:45:56,64.35,400,
09:45:59,64.36,380,
09:45:59,64.367,775,
09:46:02,64.36,100,
09:46:02,64.36,227,
09:46:02,64.36,373,
09:46:02,64.35,800,
09:46:02,64.35,800,
09:46:02,64.35,600,
09:46:02,64.35,800,
09:46:02,64.35,200,
09:46:03,64.35,200,
09:46:03,64.35,400,
09:46:03,64.35,173,
09:46:03,64.35,600,
09:46:03,64.35,373,
09:46:03,64.3401,175,
09:46:05,64.35,200,
09:46:06,64.35,100,
09:46:07,64.35,400,
09:46:10,64.36,100,
09:46:10,64.35,800,
09:46:10,64.35,800,
09:46:11,64.3408,600,
09:46:14,64.35,100,
09:46:14,64.35,400,
09:46:15,64.35,1600,
09:46:18,64.35,100,
09:46:20,64.36,200,
09:46:24,64.35,200,
09:46:28,64.35,200,
09:46:28,64.3489,500,
09:46:29,64.341,350,
09:46:32,64.34,224,
09:46:32,64.34,108,
09:46:32,64.34,176,
09:46:32,64.34,100,
09:46:32,64.34,100,
09:46:34,64.34,100,
09:46:35,64.34,120,
09:46:36,64.34,100,
09:46:38,64.34,200,
09:46:38,64.35,200,
09:46:38,64.35,1100,
09:46:38,64.35,100,
09:46:40,64.36,100,
09:46:40,64.36,100,
09:46:40,64.36,200,
09:46:40,64.36,200,
09:46:40,64.36,100,
09:46:41,64.37,200,
09:46:41,64.37,800,
09:46:41,64.37,800,
09:46:41,64.37,100,
09:46:41,64.37,100,
09:46:42,64.37,308,
09:46:42,64.35,200,
09:46:43,64.37,700,
09:46:45,64.37,100,
09:46:49,64.37,100,
09:46:49,64.37,200,
09:46:50,64.37,100,
09:46:50,64.37,200,
09:46:50,64.37,100,
09:46:50,64.37,100,
09:46:50,64.361,149,
09:46:50,64.3689,1000,
09:46:51,64.36,100,
09:46:52,64.35,200,
09:46:55,64.35,300,
09:46:57,64.36,100,
09:46:57,64.36,300,
09:46:58,64.36,100,
09:47:01,64.36,100,
09:47:01,64.37,100,
09:47:01,64.37,380,
09:47:01,64.37,300,
09:47:03,64.3611,400,
09:47:05,64.36,150,
09:47:10,64.3692,1000,
09:47:15,64.36,100,
09:47:25,64.3501,300,
09:47:29,64.3682,1000,
09:47:32,64.3695,1000,
09:47:34,64.3699,5000,
09:47:39,64.36,448,
09:47:39,64.36,100,
09:47:40,64.36,100,
09:47:40,64.36,200,
09:47:40,64.36,800,
09:47:40,64.36,200,
09:47:44,64.353,100,
09:47:47,64.35,1000,
09:47:50,64.35,657,
09:47:50,64.35,143,
09:47:51,64.35,157,
09:47:57,64.36,200,
09:47:57,64.358,2000,
09:47:58,64.36,100,
09:47:58,64.3599,400,
09:47:58,64.36,100,
09:47:58,64.3599,800,
09:48:01,64.36,400,
09:48:01,64.36,100,
09:48:01,64.36,1400,
09:48:04,64.3539,125,
09:48:07,64.3591,280,
09:48:16,64.3401,1100,
09:48:18,64.343,400,
09:48:22,64.3494,300,
09:48:22,64.349,400,
09:48:22,64.34,100,
09:48:22,64.34,800,
09:48:22,64.34,100,
09:48:22,64.34,200,
09:48:22,64.34,100,
09:48:22,64.34,100,
09:48:22,64.34,100,
09:48:22,64.34,500,
09:48:22,64.34,700,
09:48:24,64.3307,120,
09:48:26,64.33,800,
09:48:26,64.33,1500,
09:48:26,64.33,900,
09:48:26,64.32,200,
09:48:27,64.32,500,
09:48:27,64.32,1500,
09:48:27,64.32,300,
09:48:27,64.32,500,
09:48:27,64.32,100,
09:48:29,64.32,100,
09:48:29,64.32,280,
09:48:29,64.32,100,
09:48:29,64.32,400,
09:48:30,64.31,300,
09:48:30,64.31,1600,
09:48:30,64.31,400,
09:48:30,64.31,100,
09:48:30,64.30,450,
09:48:31,64.30,100,
09:48:31,64.30,600,
09:48:31,64.30,100,
09:48:31,64.30,800,
09:48:31,64.30,400,
09:48:31,64.30,100,
09:48:31,64.30,2400,
09:48:31,64.30,100,
09:48:31,64.30,800,
09:48:31,64.30,800,
09:48:31,64.30,100,
09:48:31,64.30,100,
09:48:31,64.30,500,
09:48:33,64.30,100,
09:48:35,64.301,400,
09:48:38,64.31,2000,
09:48:38,64.32,200,
09:48:44,64.31,100,
09:48:44,64.31,200,
09:48:45,64.31,300,
09:48:45,64.31,100,
09:48:45,64.31,200,
09:48:47,64.32,200,
09:48:51,64.3199,300,
09:48:51,64.32,200,
09:48:54,64.31,600,
09:48:54,64.32,600,
09:48:54,64.32,400,
09:48:54,64.32,800,
09:48:54,64.32,200,
09:48:54,64.32,100,
09:48:56,64.3199,1800,
09:49:00,64.31,200,
09:49:01,64.31,300,
09:49:01,64.31,300,
09:49:01,64.31,400,
09:49:02,64.31,300,
09:49:07,64.31,286,
09:49:08,64.31,100,
09:49:08,64.31,100,
09:49:08,64.31,100,
09:49:08,64.31,100,
09:49:08,64.31,200,
09:49:08,64.31,100,
09:49:10,64.31,200,
09:49:11,64.32,1400,
09:49:11,64.32,1500,
09:49:11,64.32,100,
09:49:11,64.33,800,
09:49:12,64.33,100,
09:49:12,64.33,100,
09:49:12,64.33,700,
09:49:14,64.32,200,
09:49:14,64.32,100,
09:49:14,64.322,250,
09:49:14,64.32,600,
09:49:14,64.32,100,
09:49:15,64.32,100,
09:49:22,64.33,3500,
09:49:22,64.33,1000,
09:49:24,64.33,100,
09:49:33,64.33,450,
09:49:33,64.33,400,
09:49:33,64.33,400,
09:49:34,64.33,800,
09:49:35,64.34,100,
09:49:38,64.34,100,
09:49:44,64.35,100,
09:49:44,64.35,4100,
09:49:44,64.35,100,
09:49:44,64.35,300,
09:49:44,64.36,100,
09:49:44,64.36,1000,
09:49:48,64.35,200,
09:49:49,64.35,100,
09:49:49,64.35,400,
09:49:50,64.35,300,
09:50:02,64.34,800,
09:50:02,64.34,100,
09:50:02,64.34,100,
09:50:09,64.35,200,
09:50:09,64.35,100,
09:50:09,64.35,1600,
09:50:09,64.35,700,
09:50:14,64.35,100,
09:50:19,64.35,200,
09:50:23,64.35,300,
09:50:23,64.3499,200,
09:50:23,64.35,200,
09:50:26,64.35,100,
09:50:26,64.35,200,
09:50:42,64.35,200,
09:50:45,64.34,1000,
09:50:45,64.34,200,
09:50:45,64.33,600,
09:50:45,64.33,126,
09:50:51,64.35,1300,
09:50:51,64.35,500,
09:50:51,64.34,2300,
09:50:51,64.34,4800,
09:50:56,64.34,100,
09:51:00,64.34,100,
09:51:00,64.34,100,
09:51:01,64.3399,100,
09:51:02,64.34,100,
09:51:02,64.34,100,
09:51:05,64.33,4054,
09:51:05,64.33,800,
09:51:05,64.33,100,
09:51:05,64.33,100,
09:51:05,64.32,100,
09:51:06,64.32,100,
09:51:06,64.32,100,
09:51:13,64.33,100,
09:51:13,64.325,100,
09:51:13,64.325,100,
09:51:14,64.34,100,
09:51:14,64.34,500,
09:51:15,64.34,200,
09:51:18,64.34,100,
09:51:19,64.34,100,
09:51:21,64.34,100,
09:51:24,64.34,200,
09:51:26,64.36,279,
09:51:26,64.35,100,
09:51:26,64.36,100,
09:51:26,64.36,100,
09:51:26,64.36,3100,
09:51:26,64.345,100,
09:51:26,64.36,100,
09:51:26,64.345,100,
09:51:26,64.345,100,
09:51:27,64.36,200,
09:51:27,64.36,380,
09:51:29,64.35,200,
09:51:29,64.35,380,
09:51:29,64.35,100,
09:51:30,64.36,1000,
09:51:30,64.36,100,
09:51:30,64.36,100,
09:51:30,64.36,1700,
09:51:30,64.359,382,
09:51:34,64.35,200,
09:51:39,64.36,3100,
09:51:39,64.36,200,
09:51:43,64.36,100,
09:51:43,64.36,700,
09:51:43,64.36,100,
09:51:43,64.36,100,
09:51:43,64.36,100,
09:51:44,64.36,300,
09:51:44,64.36,100,
09:51:44,64.36,600,
09:51:48,64.35,100,
09:51:48,64.36,100,
09:51:48,64.36,1500,
09:51:48,64.36,3100,
09:51:48,64.36,700,
09:51:48,64.36,500,
09:51:48,64.36,1400,
09:51:48,64.37,3100,
09:51:48,64.37,932,
09:51:49,64.36,100,
09:51:50,64.3599,388,
09:51:52,64.35,100,
09:51:53,64.343,500,
09:51:54,64.35,200,
09:51:57,64.34,100,
09:51:57,64.345,500,
09:52:07,64.33,500,
09:52:07,64.33,100,
09:52:07,64.32,200,
09:52:08,64.33,100,
09:52:11,64.34,100,
09:52:12,64.3401,100,
09:52:12,64.34,200,
09:52:14,64.34,500,
09:52:20,64.32,500,
09:52:20,64.32,500,
09:52:20,64.32,100,
09:52:21,64.31,100,
09:52:22,64.31,100,
09:52:22,64.31,100,
09:52:23,64.31,100,
09:52:23,64.31,100,
09:52:24,64.319,932,
09:52:27,64.30,100,
09:52:29,64.30,100,
09:52:31,64.29,284,
09:52:31,64.29,1700,
09:52:33,64.30,100,
09:52:33,64.30,100,
09:52:33,64.30,100,
09:52:36,64.29,100,
09:52:36,64.30,500,
09:52:38,64.30,500,
09:52:38,64.30,184,
09:52:38,64.30,100,
09:52:38,64.30,300,
09:52:41,64.30,100,
09:52:42,64.30,100,
09:52:42,64.30,200,
09:52:42,64.30,200,
09:52:43,64.29,200,
09:52:45,64.29,200,
09:52:45,64.29,800,
09:52:45,64.29,800,
09:52:45,64.28,700,
09:52:45,64.28,500,
09:52:45,64.28,200,
09:52:46,64.27,800,
09:52:46,64.27,200,
09:52:47,64.26,100,
09:52:47,64.26,800,
09:52:47,64.26,100,
09:52:47,64.26,100,
09:52:47,64.26,200,
09:52:47,64.26,100,
09:52:47,64.26,100,
09:52:47,64.26,600,
09:52:47,64.26,500,
09:52:47,64.26,300,
09:52:47,64.26,500,
09:52:47,64.26,400,
09:52:48,64.26,5000,
09:52:48,64.26,300,
09:52:48,64.26,100,
09:52:48,64.26,220,
09:52:50,64.26,1600,
09:52:50,64.26,1200,
09:52:51,64.26,100,
09:52:51,64.26,500,
09:52:51,64.26,700,
09:52:53,64.26,100,
09:52:54,64.26,100,
09:52:58,64.25,200,
09:52:58,64.26,100,
09:53:00,64.26,900,
09:53:00,64.26,100,
09:53:00,64.25,300,
09:53:00,64.2567,200,
09:53:00,64.2567,400,
09:53:00,64.26,100,
09:53:01,64.26,100,
09:53:01,64.26,100,
09:53:04,64.25,1000,
09:53:04,64.25,2400,
09:53:04,64.25,1600,
09:53:04,64.25,100,
09:53:04,64.26,100,
09:53:04,64.26,100,
09:53:08,64.25,100,
09:53:08,64.25,100,
09:53:09,64.24,100,
09:53:09,64.24,100,
09:53:10,64.24,100,
09:53:10,64.24,100,
09:53:10,64.2399,2200,
09:53:11,64.23,100,
09:53:11,64.23,284,
09:53:11,64.23,300,
09:53:11,64.23,1000,
09:53:11,64.22,1700,
09:53:11,64.21,800,
09:53:11,64.21,500,
09:53:11,64.21,100,
09:53:12,64.21,400,
09:53:12,64.21,100,
09:53:13,64.21,300,
09:53:15,64.21,100,
09:53:15,64.2101,800,
09:53:16,64.21,127,
09:53:16,64.21,100,
09:53:19,64.21,100,
09:53:20,64.21,100,
09:53:20,64.2101,6000,
09:53:21,64.21,100,
09:53:23,64.21,150,
09:53:23,64.21,100,
09:53:26,64.22,200,
09:53:26,64.22,300,
09:53:27,64.23,106,
09:53:30,64.22,155,
09:53:31,64.21,200,
09:53:33,64.21,1800,
09:53:33,64.21,100,
09:53:33,64.21,2641,
09:53:35,64.21,100,
09:53:38,64.21,116,
09:53:41,64.22,100,
09:53:42,64.22,200,
09:53:44,64.21,1700,
09:53:45,64.21,100,
09:53:45,64.21,200,
09:53:46,64.21,2343,
09:53:48,64.21,100,
09:53:49,64.21,200,
09:53:51,64.209,500,
09:53:54,64.20,200,
09:54:00,64.21,100,
09:54:00,64.21,100,
09:54:00,64.21,100,
09:54:00,64.205,100,
09:54:01,64.22,200,
09:54:03,64.22,100,
09:54:03,64.22,100,
09:54:05,64.21,100,
09:54:08,64.22,100,
09:54:10,64.23,400,
09:54:10,64.23,100,
09:54:10,64.23,100,
09:54:10,64.23,3100,
09:54:10,64.23,300,
09:54:10,64.23,900,
09:54:10,64.23,100,
09:54:10,64.23,900,
09:54:10,64.23,700,
09:54:10,64.23,1000,
09:54:10,64.23,900,
09:54:11,64.24,100,
09:54:11,64.24,703,
09:54:11,64.24,100,
09:54:11,64.24,1200,
09:54:11,64.24,597,
09:54:15,64.25,100,
09:54:15,64.25,100,
09:54:15,64.25,100,
09:54:15,64.25,1600,
09:54:15,64.25,200,
09:54:15,64.25,300,
09:54:16,64.25,100,
09:54:19,64.24,100,
09:54:20,64.24,300,
09:54:20,64.23,100,
09:54:21,64.23,100,
09:54:22,64.23,800,
09:54:22,64.23,100,
09:54:24,64.22,100,
09:54:25,64.22,200,
09:54:25,64.22,700,
09:54:27,64.22,100,
09:54:29,64.21,100,
09:54:29,64.219,300,
09:54:30,64.22,100,
09:54:30,64.22,356,
09:54:31,64.22,380,
09:54:31,64.22,500,
09:54:31,64.21,300,
09:54:33,64.22,200,
09:54:33,64.22,200,
09:54:34,64.22,100,
09:54:35,64.21,100,
09:54:35,64.21,100,
09:54:37,64.21,100,
09:54:39,64.21,500,
09:54:43,64.21,156,
09:54:44,64.22,100,
09:54:45,64.22,100,
09:54:45,64.22,400,
09:54:45,64.22,297,
09:54:45,64.22,800,
09:54:46,64.22,200,
09:54:49,64.22,100,
09:54:50,64.2227,100,
09:54:53,64.229,200,
09:54:56,64.22,100,
09:54:59,64.23,100,
09:55:00,64.23,200,
09:55:00,64.23,200,
09:55:05,64.23,300,
09:55:05,64.23,100,
09:55:05,64.23,300,
09:55:05,64.23,375,
09:55:05,64.23,400,
09:55:05,64.23,100,
09:55:05,64.23,800,
09:55:05,64.23,300,
09:55:05,64.2245,100,
09:55:07,64.23,500,
09:55:10,64.23,100,
09:55:13,64.2399,1075,
09:55:15,64.23,700,
09:55:15,64.23,300,
09:55:15,64.2299,200,
09:55:21,64.22,200,
09:55:23,64.22,200,
09:55:23,64.2199,300,
09:55:23,64.2199,200,
09:55:23,64.22,100,
09:55:23,64.22,100,
09:55:29,64.22,100,
09:55:29,64.22,100,
09:55:29,64.22,100,
09:55:29,64.22,300,
09:55:29,64.22,400,
09:55:29,64.22,400,
09:55:31,64.22,177,
09:55:32,64.22,200,
09:55:33,64.22,200,
09:55:34,64.21,100,
09:55:34,64.21,100,
09:55:35,64.21,120,
09:55:35,64.21,100,
09:55:36,64.21,100,
09:55:38,64.20,100,
09:55:38,64.20,100,
09:55:39,64.20,100,
09:55:39,64.20,800,
09:55:40,64.2001,3000,
09:55:47,64.20,100,
09:55:50,64.20,1100,
09:55:50,64.20,800,
09:55:50,64.20,300,
09:55:50,64.20,300,
09:55:50,64.20,100,
09:55:50,64.20,100,
09:55:50,64.20,200,
09:55:50,64.20,800,
09:55:50,64.20,200,
09:55:50,64.20,200,
09:55:50,64.20,300,
09:55:51,64.19,100,
09:55:51,64.19,100,
09:55:51,64.19,100,
09:55:51,64.19,100,
09:55:51,64.19,200,
09:55:52,64.19,100,
09:55:52,64.19,200,
09:55:52,64.19,200,
09:55:52,64.19,100,
09:55:53,64.18,100,
09:55:53,64.19,100,
09:55:54,64.19,100,
09:55:54,64.19,100,
09:55:54,64.19,182,
09:55:54,64.19,100,
09:55:55,64.19,100,
09:55:58,64.18,200,
09:55:59,64.19,200,
09:56:02,64.18,100,
09:56:03,64.18,100,
09:56:04,64.1705,500,
09:56:05,64.1601,3500,
09:56:07,64.165,200,
09:56:10,64.17,100,
09:56:10,64.17,200,
09:56:10,64.17,100,
09:56:10,64.17,200,
09:56:10,64.17,200,
09:56:10,64.17,100,
09:56:11,64.1705,777,
09:56:12,64.18,200,
09:56:13,64.18,100,
09:56:24,64.18,100,
09:56:27,64.18,100,
09:56:27,64.18,100,
09:56:37,64.17,1700,
09:56:39,64.18,200,
09:56:46,64.18,800,
09:56:48,64.18,100,
09:56:49,64.17,100,
09:56:50,64.19,130,
09:56:51,64.19,100,
09:56:52,64.1938,100,
09:56:52,64.1899,200,
09:56:56,64.19,100,
09:56:56,64.20,300,
09:56:56,64.20,3100,
09:56:57,64.19,350,
09:57:01,64.21,100,
09:57:01,64.21,100,
09:57:02,64.22,200,
09:57:02,64.22,600,
09:57:03,64.21,100,
09:57:04,64.21,100,
09:57:04,64.21,500,
09:57:04,64.21,100,
09:57:07,64.20,800,
09:57:08,64.19,200,
09:57:09,64.19,100,
09:57:12,64.20,100,
09:57:21,64.19,100,
09:57:22,64.19,700,
09:57:22,64.19,1100,
09:57:24,64.19,100,
09:57:24,64.19,100,
09:57:24,64.19,100,
09:57:24,64.19,800,
09:57:26,64.19,900,
09:57:27,64.19,2301,
09:57:28,64.19,200,
09:57:30,64.1999,200,
09:57:32,64.2001,5000,
09:57:34,64.22,200,
09:57:34,64.22,800,
09:57:34,64.22,100,
09:57:36,64.22,100,
09:57:39,64.21,100,
09:57:39,64.22,100,
09:57:39,64.22,800,
09:57:39,64.22,800,
09:57:39,64.22,100,
09:57:39,64.22,800,
09:57:39,64.22,600,
09:57:39,64.22,100,
09:57:39,64.22,400,
09:57:39,64.22,300,
09:57:39,64.22,1000,
09:57:39,64.215,1200,
09:57:39,64.22,3000,
09:57:39,64.22,200,
09:57:40,64.218,400,
09:57:42,64.2201,100,
09:57:42,64.2201,100,
09:57:42,64.22,100,
09:57:45,64.21,400,
09:57:45,64.21,100,
09:57:45,64.21,400,
09:57:45,64.21,400,
09:57:45,64.21,800,
09:57:46,64.21,1100,
09:57:48,64.21,100,
09:57:48,64.209,100,
09:57:48,64.209,1100,
09:57:48,64.22,400,
09:57:55,64.22,800,
09:57:55,64.22,600,
09:57:59,64.2195,1000,
09:58:00,64.22,100,
09:58:02,64.23,100,
09:58:04,64.2201,200,
09:58:06,64.22,100,
09:58:08,64.2101,500,
09:58:09,64.2199,100,
09:58:10,64.2199,200,
09:58:13,64.23,800,
09:58:13,64.23,200,
09:58:14,64.23,200,
09:58:14,64.23,200,
09:58:14,64.24,100,
09:58:16,64.24,400,
09:58:16,64.235,500,
09:58:18,64.23,100,
09:58:19,64.231,400,
09:58:19,64.231,400,
09:58:21,64.23,8800,
09:58:24,64.23,600,
09:58:25,64.23,670,
09:58:29,64.23,100,
09:58:32,64.2372,500,
09:58:37,64.24,100,
09:58:41,64.24,100,
09:58:41,64.24,100,
09:58:41,64.24,200,
09:58:42,64.24,308,
09:58:42,64.24,100,
09:58:45,64.239,1000,
09:58:47,64.23,100,
09:58:57,64.24,200,
09:58:57,64.25,100,
09:58:57,64.2482,500,
09:58:58,64.25,435,
09:58:59,64.24,300,
09:59:00,64.26,1200,
09:59:00,64.26,225,
09:59:00,64.26,279,
09:59:00,64.26,1500,
09:59:00,64.26,500,
09:59:00,64.26,100,
09:59:00,64.255,100,
09:59:00,64.255,100,
09:59:00,64.255,100,
09:59:01,64.27,300,
09:59:01,64.27,100,
09:59:02,64.28,100,
09:59:02,64.28,350,
09:59:02,64.28,100,
09:59:03,64.28,120,
09:59:03,64.28,1400,
09:59:03,64.26,300,
09:59:05,64.27,100,
09:59:05,64.27,100,
09:59:06,64.28,100,
09:59:07,64.28,500,
09:59:09,64.27,100,
09:59:09,64.27,100,
09:59:09,64.27,200,
09:59:12,64.28,100,
09:59:12,64.28,4400,
09:59:14,64.2799,2000,
09:59:14,64.28,100,
09:59:16,64.27,600,
09:59:16,64.27,1000,
09:59:16,64.27,800,
09:59:16,64.27,100,
09:59:16,64.2699,2000,
09:59:16,64.27,100,
09:59:17,64.27,100,
09:59:17,64.2701,100,
09:59:17,64.27,400,
09:59:18,64.2715,400,
09:59:19,64.27,100,
09:59:23,64.28,120,
09:59:24,64.29,100,
09:59:26,64.28,100,
09:59:27,64.28,200,
09:59:28,64.29,3100,
09:59:30,64.29,500,
09:59:30,64.29,300,
09:59:30,64.29,700,
09:59:31,64.2995,1500,
09:59:32,64.30,3100,
09:59:35,64.30,1400,
09:59:35,64.30,600,
09:59:35,64.30,3100,
09:59:36,64.3082,100,
09:59:37,64.305,100,
09:59:38,64.30,200,
09:59:38,64.30,100,
09:59:39,64.2901,500,
09:59:39,64.2999,100,
09:59:42,64.3099,350,
09:59:43,64.30,200,
09:59:44,64.2945,4100,
09:59:44,64.293,500,
09:59:45,64.30,400,
09:59:49,64.30,200,
09:59:50,64.30,100,
09:59:51,64.30,100,
09:59:53,64.30,100,
09:59:54,64.309,3800,
09:59:54,64.309,200,
09:59:56,64.30,200,
09:59:57,64.301,160,
10:00:03,64.3099,100,
10:00:04,64.30,100,
10:00:04,64.30,100,
10:00:04,64.3001,100,
10:00:07,64.31,100,
10:00:07,64.31,600,
10:00:08,64.30,500,
10:00:08,64.30,300,
10:00:08,64.30,400,
10:00:08,64.30,400,
10:00:08,64.30,100,
10:00:09,64.291,150,
10:00:10,64.30,800,
10:00:15,64.30,200,
10:00:17,64.30,200,
10:00:18,64.299,500,
10:00:21,64.31,100,
10:00:22,64.3199,190,
10:00:30,64.31,500,
10:00:30,64.31,1700,
10:00:30,64.31,100,
10:00:30,64.31,800,
10:00:30,64.31,100,
10:00:30,64.31,100,
10:00:30,64.305,100,
10:00:30,64.31,100,
10:00:30,64.31,100,
10:00:32,64.30,100,
10:00:33,64.30,100,
10:00:33,64.30,100,
10:00:33,64.30,300,
10:00:36,64.30,300,
10:00:39,64.2999,257,
10:00:42,64.2999,7700,
10:00:43,64.29,100,
10:00:43,64.29,100,
10:00:43,64.29,500,
10:00:44,64.29,100,
10:00:44,64.30,300,
10:00:50,64.31,300,
10:00:51,64.30,100,
10:00:56,64.2901,100,
10:00:57,64.29,100,
10:01:00,64.30,100,
10:01:08,64.30,1400,
10:01:11,64.30,300,
10:01:13,64.28,200,
10:01:13,64.28,100,
10:01:13,64.28,100,
10:01:13,64.28,200,
10:01:13,64.28,100,
10:01:13,64.28,200,
10:01:13,64.28,100,
10:01:13,64.28,200,
10:01:13,64.28,500,
10:01:13,64.28,400,
10:01:13,64.28,500,
10:01:13,64.28,800,
10:01:13,64.28,800,
10:01:13,64.28,250,
10:01:13,64.28,1000,
10:01:14,64.28,200,
10:01:14,64.28,100,
10:01:15,64.29,100,
10:01:19,64.29,100,
10:01:20,64.29,500,
10:01:23,64.29,200,
10:01:23,64.29,100,
10:01:25,64.30,164,
10:01:25,64.30,100,
10:01:25,64.30,800,
10:01:28,64.3001,100,
10:01:31,64.30,100,
10:01:34,64.30,200,
10:01:34,64.30,200,
10:01:38,64.30,100,
10:01:39,64.299,100,
10:01:39,64.299,400,
10:01:45,64.305,100,
10:01:45,64.31,300,
10:01:45,64.31,100,
10:01:47,64.31,800,
10:01:55,64.3005,1000,
10:01:56,64.2999,500,
10:01:57,64.29,100,
10:01:57,64.2882,100,
10:01:57,64.289,400,
10:01:59,64.2995,500,
10:02:02,64.29,100,
10:02:02,64.29,100,
10:02:04,64.29,100,
10:02:07,64.2801,600,
10:02:07,64.28,100,
10:02:08,64.28,100,
10:02:10,64.2799,300,
10:02:10,64.27,500,
10:02:10,64.27,100,
10:02:10,64.27,100,
10:02:12,64.261,1000,
10:02:20,64.27,200,
10:02:22,64.27,100,
10:02:22,64.27,200,
10:02:22,64.27,100,
10:02:22,64.265,100,
10:02:25,64.26,100,
10:02:25,64.26,500,
10:02:25,64.25,100,
10:02:25,64.25,100,
10:02:25,64.25,100,
10:02:26,64.24,100,
10:02:26,64.24,800,
10:02:26,64.23,100,
10:02:29,64.23,200,
10:02:29,64.23,100,
10:02:29,64.23,300,
10:02:30,64.24,100,
10:02:30,64.24,300,
10:02:30,64.24,164,
10:02:33,64.2395,150,
10:02:39,64.23,800,
10:02:41,64.23,100,
10:02:45,64.24,100,
10:02:47,64.24,100,
10:02:47,64.24,100,
10:02:47,64.24,100,
10:02:47,64.24,200,
10:02:51,64.2399,100,
10:02:55,64.24,100,
10:02:55,64.24,100,
10:02:55,64.23,100,
10:02:55,64.23,700,
10:02:55,64.23,300,
10:02:55,64.23,100,
10:02:59,64.23,200,
10:03:03,64.22,100,
10:03:03,64.22,100,
10:03:03,64.22,100,
10:03:11,64.22,100,
10:03:17,64.23,100,
10:03:30,64.24,100,
10:03:30,64.24,100,
10:03:35,64.24,100,
10:03:37,64.241,200,
10:03:48,64.24,100,
10:04:04,64.24,100,
10:04:08,64.23,100,
10:04:11,64.23,100,
10:04:11,64.23,100,
10:04:11,64.23,100,
10:04:12,64.23,100,
10:04:15,64.22,100,
10:04:16,64.229,200,
10:04:30,64.22,334,
10:04:32,64.22,300,
10:04:32,64.22,380,
10:04:32,64.22,500,
10:04:32,64.22,800,
10:04:32,64.22,100,
10:04:32,64.22,100,
10:04:33,64.22,100,
10:04:42,64.23,100,
10:04:45,64.24,100,
10:04:46,64.24,100,
10:04:54,64.25,200,
10:04:54,64.25,200,
10:04:55,64.25,116,
10:04:55,64.25,200,
10:04:55,64.25,100,
10:04:55,64.25,128,
10:04:55,64.26,100,
10:04:57,64.25,200,
10:04:57,64.25,100,
10:04:59,64.25,100,
10:04:59,64.25,380,
10:04:59,64.25,500,
10:04:59,64.25,600,
10:04:59,64.25,400,
10:04:59,64.25,800,
10:05:01,64.26,300,
10:05:01,64.26,400,
10:05:01,64.26,200,
10:05:01,64.26,200,
10:05:04,64.26,600,
10:05:04,64.26,500,
10:05:04,64.26,200,
10:05:04,64.26,500,
10:05:04,64.26,300,
10:05:04,64.26,100,
10:05:05,64.26,100,
10:05:05,64.25,400,
10:05:05,64.25,200,
10:05:06,64.25,300,
10:05:06,64.25,195,
10:05:06,64.25,300,
10:05:06,64.25,105,
10:05:06,64.269,890,
10:05:07,64.25,300,
10:05:09,64.24,600,
10:05:09,64.24,800,
10:05:09,64.24,500,
10:05:11,64.24,100,
10:05:13,64.24,100,
10:05:13,64.24,100,
10:05:13,64.24,100,
10:05:21,64.24,300,
10:05:28,64.24,100,
10:05:30,64.23,800,
10:05:30,64.23,500,
10:05:36,64.23,2400,
10:05:36,64.23,100,
10:05:36,64.22,100,
10:05:36,64.22,400,
10:05:36,64.21,800,
10:05:36,64.22,100,
10:05:36,64.21,100,
10:05:36,64.21,300,
10:05:36,64.21,500,
10:05:36,64.21,800,
10:05:36,64.21,1000,
10:05:36,64.21,100,
10:05:36,64.21,100,
10:05:36,64.21,380,
10:05:36,64.21,300,
10:05:36,64.21,300,
10:05:37,64.21,700,
10:05:39,64.21,800,
10:05:39,64.21,100,
10:05:41,64.21,800,
10:05:41,64.21,800,
10:05:44,64.20,100,
10:05:44,64.20,300,
10:05:44,64.205,500,
10:05:45,64.21,100,
10:05:45,64.21,200,
10:05:45,64.21,100,
10:05:45,64.22,200,
10:05:45,64.22,200,
10:05:46,64.22,100,
10:05:46,64.22,2300,
10:05:46,64.23,400,
10:05:46,64.23,400,
10:05:50,64.22,200,
10:05:57,64.22,800,
10:05:57,64.22,100,
10:06:05,64.22,500,
10:06:06,64.21,300,
10:06:14,64.209,300,
10:06:14,64.209,231,
10:06:18,64.21,100,
10:06:21,64.22,600,
10:06:21,64.22,800,
10:06:21,64.22,100,
10:06:22,64.22,200,
10:06:25,64.23,471,
10:06:28,64.22,100,
10:06:28,64.22,1930,
10:06:28,64.22,100,
10:06:28,64.22,1400,
10:06:28,64.22,100,
10:06:28,64.2201,700,
10:06:29,64.22,1100,
10:06:30,64.22,100,
10:06:32,64.22,100,
10:06:35,64.21,100,
10:06:40,64.22,3900,
10:06:40,64.22,800,
10:06:42,64.22,100,
10:06:46,64.22,1000,
10:06:51,64.216,3000,
10:06:51,64.22,200,
10:06:51,64.23,271,
10:06:51,64.23,100,
10:06:52,64.23,200,
10:06:56,64.22,300,
10:06:57,64.23,2400,
10:06:57,64.23,100,
10:06:57,64.23,800,
10:06:57,64.23,100,
10:06:59,64.22,100,
10:07:03,64.22,100,
10:07:03,64.2118,700,
10:07:04,64.21,100,
10:07:05,64.20,500,
10:07:05,64.20,500,
10:07:05,64.20,100,
10:07:05,64.20,500,
10:07:05,64.205,500,
10:07:05,64.20,400,
10:07:05,64.20,100,
10:07:07,64.19,300,
10:07:07,64.19,600,
10:07:07,64.19,800,
10:07:08,64.19,100,
10:07:12,64.18,2000,
10:07:12,64.18,100,
10:07:13,64.19,100,
10:07:17,64.20,100,
10:07:21,64.20,100,
10:07:21,64.20,100,
10:07:21,64.21,1000,
10:07:21,64.21,100,
10:07:21,64.21,100,
10:07:21,64.21,3100,
10:07:21,64.21,496,
10:07:21,64.22,600,
10:07:21,64.22,2800,
10:07:21,64.22,2900,
10:07:27,64.22,500,
10:07:27,64.21,100,
10:07:27,64.21,100,
10:07:30,64.2099,100,
10:07:30,64.2099,100,
10:07:30,64.21,100,
10:07:36,64.21,100,
10:07:38,64.21,100,
10:07:44,64.21,800,
10:07:44,64.205,700,
10:07:49,64.21,100,
10:07:51,64.2101,200,
10:07:54,64.21,100,
10:08:01,64.20,200,
10:08:01,64.20,100,
10:08:01,64.20,100,
10:08:07,64.1919,200,
10:08:10,64.20,200,
10:08:11,64.19,100,
10:08:11,64.19,500,
10:08:11,64.19,400,
10:08:11,64.19,927,
10:08:12,64.1899,100,
10:08:18,64.19,100,
10:08:24,64.18,200,
10:08:30,64.1899,1000,
10:08:31,64.19,1000,
10:08:32,64.18,200,
10:08:32,64.17,400,
10:08:32,64.17,1700,
10:08:32,64.16,2184,
10:08:32,64.16,100,
10:08:32,64.16,800,
10:08:32,64.165,400,
10:08:32,64.165,500,
10:08:32,64.165,400,
10:08:32,64.16,500,
10:08:32,64.16,200,
10:08:32,64.16,300,
10:08:32,64.16,2700,
10:08:32,64.16,200,
10:08:32,64.16,500,
10:08:33,64.16,3092,
10:08:33,64.16,308,
10:08:33,64.16,800,
10:08:33,64.16,100,
10:08:33,64.1599,1700,
10:08:34,64.17,100,
10:08:37,64.1609,370,
10:08:40,64.16,1163,
10:08:40,64.16,100,
10:08:40,64.16,1600,
10:08:42,64.17,100,
10:08:44,64.16,800,
10:08:44,64.16,120,
10:08:44,64.16,200,
10:08:44,64.16,2381,
10:08:44,64.16,2140,
10:08:44,64.16,200,
10:08:49,64.15,300,
10:08:49,64.16,100,
10:08:50,64.1599,1500,
10:08:51,64.16,3700,
10:08:51,64.16,100,
10:08:51,64.16,300,
10:08:51,64.16,200,
10:08:51,64.16,600,
10:08:51,64.16,2800,
10:08:51,64.16,100,
10:08:51,64.17,100,
10:08:55,64.169,200,
10:08:56,64.17,100,
10:08:58,64.17,400,
10:08:58,64.17,100,
10:09:00,64.18,100,
10:09:00,64.18,100,
10:09:00,64.18,500,
10:09:01,64.18,300,
10:09:01,64.18,1000,
10:09:01,64.18,100,
10:09:01,64.18,300,
10:09:01,64.18,400,
10:09:07,64.16,100,
10:09:07,64.16,100,
10:09:07,64.16,100,
10:09:07,64.16,800,
10:09:14,64.15,728,
10:09:14,64.15,100,
10:09:14,64.15,100,
10:09:14,64.15,200,
10:09:14,64.14,700,
10:09:14,64.14,100,
10:09:14,64.14,4300,
10:09:15,64.14,2100,
10:09:15,64.14,400,
10:09:15,64.14,380,
10:09:15,64.14,500,
10:09:16,64.13,500,
10:09:16,64.13,600,
10:09:16,64.13,3300,
10:09:16,64.13,400,
10:09:16,64.13,100,
10:09:16,64.13,1390,
10:09:16,64.13,3400,
10:09:16,64.12,1300,
10:09:16,64.12,400,
10:09:16,64.11,205,
10:09:16,64.12,2000,
10:09:16,64.12,100,
10:09:16,64.12,100,
10:09:16,64.12,308,
10:09:16,64.12,100,
10:09:16,64.111,300,
10:09:30,64.12,706,
10:09:30,64.12,208,
10:09:30,64.12,842,
10:09:30,64.12,310,
10:09:30,64.12,300,
10:09:34,64.12,500,
10:09:44,64.1299,100,
10:09:46,64.13,100,
10:09:46,64.13,300,
10:09:47,64.14,100,
10:09:51,64.14,100,
10:09:53,64.14,400,
10:09:55,64.14,100,
10:10:00,64.1318,1250,
10:10:04,64.13,120,
10:10:04,64.13,100,
10:10:04,64.13,100,
10:10:04,64.13,800,
10:10:04,64.13,500,
10:10:04,64.13,300,
10:10:04,64.13,800,
10:10:06,64.13,100,
10:10:08,64.12,100,
10:10:12,64.12,800,
10:10:12,64.12,400,
10:10:22,64.11,100,
10:10:23,64.12,1000,
10:10:25,64.13,200,
10:10:25,64.13,100,
10:10:25,64.13,100,
10:10:25,64.13,1100,
10:10:25,64.13,300,
10:10:26,64.14,1000,
10:10:28,64.13,100,
10:10:33,64.13,100,
10:10:37,64.14,500,
10:10:37,64.14,100,
10:10:47,64.1499,425,
10:10:57,64.13,1000,
10:10:59,64.12,100,
10:11:00,64.129,600,
10:11:01,64.12,100,
10:11:01,64.127,1771,
10:11:13,64.119,156,
10:11:14,64.11,100,
10:11:14,64.11,800,
10:11:14,64.11,200,
10:11:15,64.1195,300,
10:11:21,64.12,100,
10:11:24,64.12,466,
10:11:24,64.12,100,
10:11:24,64.12,700,
10:11:26,64.119,100,
10:11:31,64.11,100,
10:11:31,64.10,400,
10:11:31,64.10,200,
10:11:32,64.10,599,
10:11:32,64.10,300,
10:11:32,64.10,800,
10:11:32,64.10,760,
10:11:32,64.10,400,
10:11:32,64.10,600,
10:11:32,64.10,800,
10:11:32,64.10,400,
10:11:34,64.11,2100,
10:11:34,64.11,300,
10:11:34,64.11,800,
10:11:34,64.11,500,
10:11:34,64.11,800,
10:11:34,64.11,100,
10:11:37,64.12,100,
10:11:37,64.12,200,
10:11:37,64.12,200,
10:11:37,64.12,100,
10:11:37,64.13,300,
10:11:37,64.13,300,
10:11:37,64.13,900,
10:11:37,64.13,100,
10:11:37,64.13,300,
10:11:37,64.13,100,
10:11:37,64.13,300,
10:11:37,64.13,100,
10:11:41,64.13,200,
10:11:44,64.1301,100,
10:11:46,64.13,1000,
10:11:46,64.12,1000,
10:11:54,64.14,1200,
10:11:54,64.14,100,
10:11:54,64.14,100,
10:11:54,64.14,100,
10:12:02,64.14,100,
10:12:06,64.15,1000,
10:12:09,64.15,300,
10:12:09,64.15,300,
10:12:09,64.15,500,
10:12:09,64.15,3100,
10:12:09,64.16,200,
10:12:09,64.16,500,
10:12:09,64.16,500,
10:12:09,64.16,800,
10:12:09,64.16,600,
10:12:11,64.17,100,
10:12:11,64.17,150,
10:12:11,64.17,650,
10:12:11,64.17,200,
10:12:12,64.18,100,
10:12:12,64.18,900,
10:12:12,64.18,100,
10:12:18,64.18,1100,
10:12:18,64.18,800,
10:12:19,64.1799,5600,
10:12:26,64.18,100,
10:12:28,64.19,600,
10:12:28,64.18,100,
10:12:29,64.19,400,
10:12:32,64.18,800,
10:12:32,64.185,100,
10:12:32,64.17,100,
10:12:32,64.17,900,
10:12:33,64.1601,1100,
10:12:38,64.1582,211,
10:12:38,64.15,100,
10:12:38,64.15,800,
10:12:38,64.14,200,
10:12:39,64.14,100,
10:12:49,64.16,600,
10:12:49,64.16,800,
10:12:49,64.16,100,
10:12:52,64.161,200,
10:12:57,64.16,100,
10:13:00,64.1599,1000,
10:13:02,64.16,900,
10:13:02,64.16,100,
10:13:02,64.17,400,
10:13:02,64.17,800,
10:13:02,64.17,200,
10:13:02,64.17,800,
10:13:04,64.15,300,
10:13:06,64.15,100,
10:13:06,64.15,300,
10:13:06,64.15,300,
10:13:06,64.15,100,
10:13:06,64.15,1000,
10:13:06,64.15,1000,
10:13:06,64.15,100,
10:13:07,64.13,1000,
10:13:07,64.14,100,
10:13:10,64.155,500,
10:13:11,64.16,200,
10:13:11,64.16,600,
10:13:11,64.16,800,
10:13:11,64.16,400,
10:13:17,64.15,100,
10:13:22,64.15,300,
10:13:22,64.14,200,
10:13:22,64.14,500,
10:13:22,64.14,500,
10:13:22,64.14,100,
10:13:22,64.14,500,
10:13:26,64.14,100,
10:13:26,64.14,100,
10:13:38,64.15,100,
10:13:43,64.16,200,
10:13:43,64.16,800,
10:13:43,64.16,100,
10:13:43,64.16,1800,
10:13:43,64.17,1000,
10:13:43,64.16,2200,
10:13:43,64.17,100,
10:13:44,64.17,100,
10:13:51,64.1799,500,
10:13:54,64.16,100,
10:13:54,64.16,100,
10:13:54,64.16,100,
10:13:54,64.16,500,
10:13:56,64.15,300,
10:13:56,64.15,500,
10:13:56,64.15,500,
10:13:58,64.15,100,
10:14:01,64.15,100,
10:14:06,64.16,100,
10:14:07,64.1599,1500,
10:14:16,64.16,100,
10:14:18,64.17,100,
10:14:19,64.18,300,
10:14:19,64.18,100,
10:14:19,64.19,100,
10:14:19,64.19,100,
10:14:19,64.19,100,
10:14:20,64.19,100,
10:14:21,64.20,100,
10:14:21,64.20,100,
10:14:23,64.20,400,
10:14:24,64.20,100,
10:14:24,64.20,100,
10:14:32,64.19,100,
10:14:32,64.19,100,
10:14:39,64.20,100,
10:14:42,64.21,100,
10:14:43,64.21,100,
10:14:44,64.201,1000,
10:14:47,64.21,100,
10:14:49,64.20,300,
10:14:49,64.20,100,
10:14:49,64.20,300,
10:14:49,64.20,800,
10:14:49,64.20,100,
10:14:49,64.20,300,
10:14:49,64.20,200,
10:14:49,64.20,100,
10:14:49,64.20,200,
10:14:50,64.19,200,
10:14:54,64.19,100,
10:14:54,64.19,100,
10:14:54,64.19,100,
10:14:54,64.19,300,
10:14:54,64.19,1100,
10:14:54,64.19,400,
10:14:57,64.1801,900,
10:14:58,64.18,100,
10:15:08,64.18,100,
10:15:08,64.17,800,
10:15:08,64.17,100,
10:15:09,64.16,100,
10:15:22,64.16,100,
10:15:22,64.16,100,
10:15:25,64.1699,7700,
10:15:27,64.15,100,
10:15:27,64.15,1500,
10:15:27,64.15,800,
10:15:29,64.15,500,
10:15:31,64.14,100,
10:15:32,64.14,100,
10:15:36,64.14,100,
10:15:37,64.14,100,
10:15:43,64.13,100,
10:15:49,64.1499,300,
10:15:53,64.15,100,
10:15:53,64.15,100,
10:15:53,64.15,100,
10:15:53,64.15,100,
10:15:57,64.1495,100,
10:16:00,64.13,100,
10:16:01,64.13,100,
10:16:07,64.1318,1000,
10:16:19,64.14,200,
10:16:19,64.14,100,
10:16:20,64.139,4000,
10:16:28,64.1401,400,
10:16:31,64.15,100,
10:16:33,64.14,100,
10:16:36,64.14,700,
10:16:40,64.13,200,
10:16:40,64.13,200,
10:16:40,64.13,600,
10:16:40,64.13,200,
10:16:40,64.13,200,
10:16:40,64.13,200,
10:16:40,64.13,200,
10:16:40,64.13,100,
10:16:41,64.129,100,
10:16:43,64.13,100,
10:16:47,64.14,100,
10:16:48,64.15,100,
10:16:48,64.15,100,
10:16:48,64.15,200,
10:16:50,64.1495,1000,
10:16:52,64.13,100,
10:16:52,64.13,800,
10:16:52,64.13,700,
10:16:52,64.13,800,
10:16:55,64.13,100,
10:16:55,64.13,100,
10:17:00,64.13,500,
10:17:00,64.13,600,
10:17:00,64.13,100,
10:17:11,64.13,100,
10:17:19,64.13,100,
10:17:19,64.13,100,
10:17:19,64.13,100,
10:17:20,64.121,150,
10:17:20,64.13,500,
10:17:20,64.13,800,
10:17:20,64.13,200,
10:17:20,64.13,1200,
10:17:22,64.13,100,
10:17:23,64.13,100,
10:17:23,64.13,1004,
10:17:24,64.14,100,
10:17:24,64.14,500,
10:17:24,64.14,200,
10:17:27,64.15,300,
10:17:27,64.1499,300,
10:17:27,64.15,100,
10:17:27,64.15,100,
10:17:27,64.15,100,
10:17:27,64.1492,100,
10:17:27,64.1492,100,
10:17:27,64.15,100,
10:17:28,64.15,200,
10:17:32,64.15,100,
10:17:32,64.15,200,
10:17:32,64.15,500,
10:17:34,64.1482,400,
10:17:39,64.14,1700,
10:17:39,64.14,528,
10:17:39,64.14,200,
10:17:41,64.14,100,
10:17:42,64.14,100,
10:17:49,64.13,100,
10:17:55,64.12,100,
10:17:55,64.12,100,
10:17:55,64.11,100,
10:17:55,64.11,500,
10:17:55,64.11,800,
10:17:55,64.11,565,
10:18:00,64.1099,1800,
10:18:07,64.1001,250,
10:18:10,64.11,150,
10:18:12,64.1005,100,
10:18:14,64.11,100,
10:18:14,64.12,200,
10:18:14,64.12,100,
10:18:14,64.12,100,
10:18:14,64.12,100,
10:18:14,64.12,200,
10:18:14,64.12,200,
10:18:14,64.12,300,
10:18:15,64.12,100,
10:18:17,64.111,600,
10:18:20,64.12,200,
10:18:20,64.1197,200,
10:18:20,64.1197,200,
10:18:21,64.1199,195,
10:18:21,64.12,100,
10:18:21,64.12,100,
10:18:23,64.13,200,
10:18:23,64.13,500,
10:18:23,64.13,158,
10:18:31,64.13,100,
10:18:33,64.12,800,
10:18:37,64.11,100,
10:18:37,64.11,500,
10:18:38,64.1001,100,
10:18:38,64.11,100,
10:18:49,64.12,300,
10:18:49,64.12,300,
10:18:49,64.12,800,
10:18:49,64.12,500,
10:18:51,64.12,100,
10:18:56,64.11,100,
10:18:59,64.11,800,
10:18:59,64.11,100,
10:18:59,64.11,100,
10:18:59,64.11,526,
10:18:59,64.11,100,
10:18:59,64.11,400,
10:19:00,64.11,500,
10:19:02,64.11,100,
10:19:06,64.11,111,
10:19:06,64.11,421,
10:19:06,64.11,100,
10:19:12,64.11,200,
10:19:20,64.12,200,
10:19:20,64.12,2400,
10:19:22,64.1095,100,
10:19:33,64.11,100,
10:19:33,64.11,1600,
10:19:34,64.10,100,
10:19:34,64.10,800,
10:19:34,64.10,183,
10:19:34,64.10,100,
10:19:35,64.10,800,
10:19:41,64.10,200,
10:19:42,64.11,200,
10:19:42,64.12,100,
10:19:42,64.12,400,
10:19:42,64.119,600,
10:19:47,64.12,100,
10:19:47,64.12,200,
10:19:49,64.12,200,
10:19:54,64.13,100,
10:19:54,64.13,300,
10:19:54,64.13,100,
10:19:56,64.13,320,
10:19:56,64.13,380,
10:19:56,64.13,800,
10:19:56,64.13,100,
10:19:57,64.1299,100,
10:19:58,64.13,300,
10:19:58,64.12,100,
10:19:58,64.12,500,
10:20:03,64.12,100,
10:20:03,64.11,100,
10:20:04,64.1105,200,
10:20:08,64.12,200,
10:20:12,64.12,100,
10:20:13,64.12,546,
10:20:13,64.12,446,
10:20:13,64.12,100,
10:20:13,64.12,100,
10:20:13,64.12,200,
10:20:20,64.11,100,
10:20:20,64.11,100,
10:20:20,64.11,100,
10:20:20,64.11,100,
10:20:20,64.11,100,
10:20:28,64.1001,200,
10:20:31,64.11,100,
10:20:35,64.11,100,
10:20:38,64.11,1000,
10:20:44,64.12,100,
10:20:49,64.12,600,
10:20:50,64.12,300,
10:20:52,64.12,100,
10:20:55,64.12,1000,
10:20:55,64.12,5914,
10:20:55,64.12,2500,
10:20:55,64.12,331,
10:20:55,64.12,1802,
10:20:55,64.12,227,
10:20:55,64.12,300,
10:20:55,64.12,900,
10:20:55,64.12,667,
10:20:55,64.12,658,
10:20:55,64.12,3230,
10:20:55,64.12,100,
10:20:55,64.12,100,
10:21:03,64.13,700,
10:21:03,64.13,100,
10:21:06,64.1395,500,
10:21:08,64.13,100,
10:21:08,64.13,100,
10:21:08,64.13,100,
10:21:08,64.13,100,
10:21:08,64.133,120,
10:21:11,64.135,100,
10:21:23,64.13,800,
10:21:23,64.13,100,
10:21:26,64.135,600,
10:21:27,64.14,200,
10:21:27,64.14,100,
10:21:27,64.135,500,
10:21:27,64.14,800,
10:21:27,64.14,8900,
10:21:27,64.14,100,
10:21:30,64.15,100,
10:21:31,64.15,100,
10:21:34,64.14,200,
10:21:35,64.14,100,
10:21:36,64.14,100,
10:21:39,64.15,200,
10:21:39,64.15,100,
10:21:43,64.15,200,
10:21:43,64.15,700,
10:21:43,64.15,1700,
10:21:45,64.15,100,
10:21:45,64.15,100,
10:21:47,64.15,100,
10:21:48,64.15,200,
10:21:50,64.15,100,
10:21:50,64.15,1100,
10:21:50,64.16,100,
10:21:50,64.16,100,
10:21:50,64.16,100,
10:21:50,64.15,500,
10:21:51,64.17,171,
10:21:51,64.17,100,
10:21:52,64.16,100,
10:21:53,64.16,700,
10:21:53,64.15,500,
10:21:53,64.15,1400,
10:21:53,64.16,100,
10:21:54,64.16,100,
10:21:54,64.16,100,
10:21:58,64.16,500,
10:21:58,64.16,100,
10:21:58,64.15,100,
10:21:59,64.15,500,
10:21:59,64.15,100,
10:21:59,64.15,100,
10:21:59,64.15,200,
10:21:59,64.15,100,
10:21:59,64.15,100,
10:21:59,64.15,300,
10:22:01,64.15,400,
10:22:01,64.1499,1900,
10:22:04,64.15,300,
10:22:07,64.1414,1235,
10:22:07,64.15,100,
10:22:07,64.15,200,
10:22:09,64.15,100,
10:22:14,64.14,2500,
10:22:14,64.14,100,
10:22:14,64.14,100,
10:22:14,64.14,100,
10:22:14,64.14,200,
10:22:15,64.14,800,
10:22:15,64.14,800,
10:22:15,64.15,1200,
10:22:15,64.15,500,
10:22:15,64.15,100,
10:22:15,64.15,308,
10:22:16,64.1488,2200,
10:22:18,64.15,500,
10:22:22,64.15,100,
10:22:23,64.16,500,
10:22:23,64.15,100,
10:22:23,64.165,500,
10:22:23,64.16,500,
10:22:23,64.1625,100,
10:22:26,64.17,800,
10:22:26,64.17,100,
10:22:26,64.17,500,
10:22:28,64.18,100,
10:22:28,64.18,400,
10:22:28,64.18,100,
10:22:28,64.18,300,
10:22:28,64.18,100,
10:22:28,64.18,600,
10:22:29,64.18,100,
10:22:34,64.19,300,
10:22:39,64.18,100,
10:22:39,64.18,700,
10:22:39,64.18,100,
10:22:42,64.17,100,
10:22:43,64.17,1000,
10:22:43,64.17,800,
10:22:43,64.17,300,
10:22:44,64.17,100,
10:22:53,64.17,100,
10:22:59,64.179,402,
10:23:03,64.17,600,
10:23:11,64.17,400,
10:23:11,64.17,400,
10:23:19,64.17,300,
10:23:20,64.17,400,
10:23:20,64.17,500,
10:23:24,64.1709,285,
10:23:26,64.18,200,
10:23:26,64.18,600,
10:23:26,64.18,100,
10:23:26,64.18,100,
10:23:26,64.18,100,
10:23:28,64.18,100,
10:23:28,64.17,300,
10:23:29,64.1724,400,
10:23:32,64.19,100,
10:23:32,64.19,100,
10:23:39,64.18,400,
10:23:39,64.18,100,
10:23:44,64.185,500,
10:23:44,64.185,600,
10:23:44,64.19,100,
10:23:53,64.19,100,
10:23:53,64.19,100,
10:23:56,64.1999,400,
10:23:57,64.1999,100,
10:23:57,64.20,100,
10:23:57,64.1999,100,
10:23:59,64.20,157,
10:23:59,64.20,100,
10:24:03,64.20,343,
10:24:07,64.2099,100,
10:24:07,64.20,100,
10:24:07,64.2099,100,
10:24:13,64.21,400,
10:24:13,64.21,100,
10:24:14,64.201,1000,
10:24:16,64.20,100,
10:24:16,64.20,100,
10:24:17,64.19,300,
10:24:17,64.19,500,
10:24:17,64.19,500,
10:24:17,64.19,100,
10:24:19,64.20,900,
10:24:20,64.19,100,
10:24:23,64.19,100,
10:24:25,64.19,100,
10:24:26,64.19,100,
10:24:28,64.19,500,
10:24:28,64.19,300,
10:24:31,64.20,800,
10:24:31,64.20,100,
10:24:33,64.20,100,
10:24:34,64.20,100,
10:24:36,64.20,500,
10:24:39,64.20,300,
10:24:40,64.20,100,
10:24:41,64.21,100,
10:24:43,64.20,100,
10:24:46,64.21,100,
10:24:49,64.22,200,
10:24:49,64.22,100,
10:24:49,64.22,100,
10:24:49,64.22,1000,
10:24:49,64.23,500,
10:24:51,64.23,380,
10:24:51,64.23,800,
10:24:51,64.23,100,
10:24:51,64.23,100,
10:24:53,64.23,100,
10:25:08,64.22,300,
10:25:08,64.22,200,
10:25:08,64.22,800,
10:25:08,64.22,300,
10:25:09,64.22,120,
10:25:09,64.22,100,
10:25:13,64.22,300,
10:25:13,64.22,1300,
10:25:13,64.22,100,
10:25:13,64.21,200,
10:25:15,64.22,100,
10:25:15,64.22,100,
10:25:19,64.22,900,
10:25:20,64.22,300,
10:25:20,64.22,4425,
10:25:20,64.22,194,
10:25:20,64.22,2001,
10:25:20,64.23,100,
10:25:20,64.23,800,
10:25:20,64.23,300,
10:25:20,64.23,900,
10:25:20,64.23,200,
10:25:20,64.23,100,
10:25:22,64.2299,1700,
10:25:24,64.22,100,
10:25:24,64.22,600,
10:25:24,64.22,700,
10:25:24,64.22,800,
10:25:26,64.219,100,
10:25:41,64.22,100,
10:25:42,64.21,2000,
10:25:42,64.21,500,
10:25:42,64.21,400,
10:25:42,64.21,100,
10:25:42,64.21,500,
10:25:42,64.21,500,
10:25:42,64.21,120,
10:25:42,64.21,100,
10:25:42,64.21,380,
10:25:42,64.21,100,
10:25:42,64.21,800,
10:25:42,64.21,100,
10:25:42,64.21,100,
10:25:42,64.21,600,
10:25:44,64.219,1000,
10:25:45,64.22,100,
10:25:47,64.23,100,
10:25:52,64.2299,700,
10:25:55,64.22,300,
10:25:56,64.23,100,
10:25:56,64.23,100,
10:25:56,64.22,200,
10:25:56,64.225,100,
10:25:57,64.22,500,
10:25:57,64.22,313,
10:25:58,64.22,120,
10:25:58,64.22,100,
10:25:59,64.22,100,
10:25:59,64.22,100,
10:25:59,64.22,400,
10:25:59,64.22,500,
10:25:59,64.22,200,
10:25:59,64.22,300,
10:25:59,64.22,500,
10:25:59,64.22,100,
10:25:59,64.22,600,
10:25:59,64.22,100,
10:25:59,64.22,600,
10:25:59,64.22,380,
10:25:59,64.22,600,
10:25:59,64.22,100,
10:25:59,64.22,100,
10:25:59,64.22,800,
10:25:59,64.22,449,
10:25:59,64.22,200,
10:25:59,64.22,145,
10:26:02,64.22,1200,
10:26:02,64.22,300,
10:26:02,64.22,500,
10:26:02,64.22,500,
10:26:02,64.22,100,
10:26:02,64.22,300,
10:26:02,64.22,500,
10:26:14,64.22,100,
10:26:14,64.22,100,
10:26:14,64.22,1200,
10:26:14,64.22,200,
10:26:14,64.22,200,
10:26:14,64.22,200,
10:26:14,64.22,100,
10:26:14,64.22,200,
10:26:14,64.22,200,
10:26:14,64.22,200,
10:26:14,64.22,200,
10:26:15,64.22,100,
10:26:18,64.22,500,
10:26:18,64.22,200,
10:26:18,64.22,300,
10:26:18,64.22,100,
10:26:18,64.22,800,
10:26:18,64.22,500,
10:26:18,64.22,800,
10:26:18,64.22,500,
10:26:18,64.22,208,
10:26:18,64.22,500,
10:26:19,64.22,100,
10:26:19,64.22,100,
10:26:20,64.22,200,
10:26:20,64.22,200,
10:26:20,64.21,500,
10:26:21,64.22,400,
10:26:21,64.22,200,
10:26:23,64.2118,400,
10:26:25,64.2192,1000,
10:26:28,64.22,800,
10:26:28,64.22,100,
10:26:28,64.22,1400,
10:26:29,64.21,200,
10:26:30,64.22,100,
10:26:34,64.22,500,
10:26:35,64.22,400,
10:26:35,64.22,100,
10:26:35,64.22,200,
10:26:39,64.21,500,
10:26:39,64.21,100,
10:26:39,64.21,200,
10:26:40,64.22,400,
10:26:41,64.2001,500,
10:26:49,64.20,500,
10:26:55,64.19,200,
10:26:55,64.19,200,
10:26:55,64.18,400,
10:26:55,64.18,500,
10:26:55,64.18,500,
10:26:55,64.18,100,
10:26:55,64.17,100,
10:26:55,64.17,800,
10:26:55,64.18,200,
10:26:57,64.18,280,
10:26:57,64.18,100,
10:26:59,64.18,100,
10:26:59,64.18,100,
10:26:59,64.18,100,
10:27:02,64.18,100,
10:27:02,64.18,800,
10:27:02,64.18,100,
10:27:06,64.1801,5000,
10:27:09,64.18,100,
10:27:10,64.18,100,
10:27:11,64.18,500,
10:27:11,64.18,400,
10:27:11,64.19,100,
10:27:11,64.19,100,
10:27:24,64.20,500,
10:27:24,64.20,100,
10:27:24,64.20,700,
10:27:24,64.20,900,
10:27:24,64.20,1000,
10:27:24,64.20,200,
10:27:24,64.20,100,
10:27:24,64.21,100,
10:27:25,64.21,100,
10:27:29,64.209,100,
10:27:30,64.20,1277,
10:27:30,64.20,500,
10:27:30,64.20,733,
10:27:31,64.2001,200,
10:27:31,64.19,500,
10:27:31,64.19,600,
10:27:31,64.19,400,
10:27:32,64.20,100,
10:27:32,64.1999,1800,
10:27:32,64.20,100,
10:27:37,64.20,300,
10:27:38,64.19,500,
10:27:38,64.19,300,
10:27:40,64.1899,200,
10:27:47,64.19,100,
10:27:47,64.19,800,
10:27:47,64.20,200,
10:27:47,64.20,100,
10:27:51,64.195,467,
10:27:53,64.19,193,
10:27:55,64.18,300,
10:28:06,64.18,100,
10:28:11,64.18,100,
10:28:11,64.18,100,
10:28:14,64.18,300,
10:28:21,64.1899,123,
10:28:30,64.18,100,
10:28:32,64.17,500,
10:28:32,64.17,400,
10:28:32,64.17,700,
10:28:32,64.17,800,
10:28:32,64.17,500,
10:28:32,64.17,800,
10:28:32,64.17,500,
10:28:34,64.17,200,
10:28:34,64.17,800,
10:28:43,64.18,100,
10:28:44,64.18,100,
10:28:44,64.18,400,
10:28:44,64.18,800,
10:28:44,64.18,100,
10:28:58,64.17,100,
10:29:10,64.175,400,
10:29:19,64.17,200,
10:29:19,64.17,1600,
10:29:19,64.17,100,
10:29:24,64.171,279,
10:29:36,64.17,100,
10:29:38,64.17,100,
10:29:38,64.17,100,
10:29:42,64.17,100,
10:29:42,64.17,100,
10:29:42,64.16,500,
10:29:42,64.16,800,
10:29:42,64.16,100,
10:29:42,64.16,100,
10:29:42,64.16,500,
10:29:43,64.15,100,
10:29:43,64.15,100,
10:29:45,64.15,100,
10:29:45,64.15,800,
10:29:46,64.14,2800,
10:29:46,64.13,1000,
10:29:48,64.13,300,
10:29:48,64.13,100,
10:29:49,64.13,100,
10:29:49,64.13,200,
10:29:49,64.12,380,
10:29:49,64.12,100,
10:29:49,64.12,200,
10:29:50,64.1148,500,
10:29:50,64.12,100,
10:29:51,64.13,400,
10:29:51,64.13,100,
10:29:51,64.13,100,
10:29:51,64.13,200,
10:29:51,64.13,200,
10:29:51,64.13,100,
10:29:51,64.13,400,
10:29:51,64.1299,4100,
10:29:59,64.1289,200,
10:29:59,64.13,100,
10:30:01,64.12,100,
10:30:01,64.12,400,
10:30:01,64.12,400,
10:30:01,64.12,500,
10:30:01,64.12,200,
10:30:02,64.12,100,
10:30:04,64.13,400,
10:30:04,64.14,200,
10:30:04,64.14,200,
10:30:04,64.14,100,
10:30:04,64.14,100,
10:30:04,64.14,500,
10:30:06,64.14,200,
10:30:06,64.14,600,
10:30:20,64.14,100,
10:30:20,64.14,100,
10:30:24,64.15,100,
10:30:24,64.15,100,
10:30:27,64.139,200,
10:30:33,64.13,400,
10:30:33,64.13,100,
10:30:37,64.13,400,
10:30:41,64.1301,7700,
10:30:42,64.14,100,
10:30:50,64.13,100,
10:30:50,64.135,100,
10:30:50,64.1299,300,
10:30:54,64.12,500,
10:30:54,64.12,800,
10:30:54,64.12,199,
10:30:54,64.12,400,
10:30:54,64.12,100,
10:30:54,64.12,100,
10:30:54,64.12,100,
10:30:54,64.12,100,
10:30:54,64.12,100,
10:30:54,64.12,600,
10:30:59,64.12,100,
10:30:59,64.12,700,
10:30:59,64.13,100,
10:31:07,64.12,100,
10:31:11,64.11,500,
10:31:11,64.11,200,
10:31:11,64.11,300,
10:31:14,64.11,100,
10:31:16,64.1099,200,
10:31:20,64.10,100,
10:31:20,64.08,600,
10:31:20,64.08,700,
10:31:20,64.08,100,
10:31:20,64.08,3100,
10:31:20,64.08,200,
10:31:20,64.08,300,
10:31:20,64.08,100,
10:31:20,64.08,3600,
10:31:20,64.07,300,
10:31:20,64.08,200,
10:31:20,64.09,600,
10:31:20,64.08,100,
10:31:20,64.09,3100,
10:31:20,64.09,900,
10:31:20,64.09,1000,
10:31:20,64.08,500,
10:31:20,64.08,523,
10:31:20,64.08,2200,
10:31:20,64.08,800,
10:31:20,64.08,3200,
10:31:20,64.08,100,
10:31:20,64.08,100,
10:31:20,64.08,500,
10:31:20,64.08,100,
10:31:20,64.07,100,
10:31:20,64.07,635,
10:31:20,64.08,600,
10:31:20,64.08,300,
10:31:20,64.07,500,
10:31:20,64.06,280,
10:31:20,64.06,200,
10:31:20,64.06,2000,
10:31:20,64.06,800,
10:31:20,64.06,3100,
10:31:20,64.07,100,
10:31:20,64.07,700,
10:31:20,64.07,500,
10:31:20,64.07,375,
10:31:20,64.07,200,
10:31:20,64.07,100,
10:31:20,64.07,350,
10:31:20,64.07,100,
10:31:20,64.07,200,
10:31:20,64.09,110,
10:31:20,64.07,570,
10:31:20,64.07,800,
10:31:20,64.07,100,
10:31:20,64.07,100,
10:31:20,64.07,200,
10:31:20,64.07,500,
10:31:20,64.07,400,
10:31:20,64.07,400,
10:31:20,64.07,500,
10:31:20,64.07,100,
10:31:20,64.07,2400,
10:31:20,64.07,800,
10:31:20,64.07,800,
10:31:20,64.07,200,
10:31:20,64.07,100,
10:31:20,64.07,100,
10:31:20,64.07,380,
10:31:20,64.07,500,
10:31:20,64.07,700,
10:31:20,64.07,800,
10:31:20,64.07,500,
10:31:20,64.07,1500,
10:31:20,64.07,112,
10:31:20,64.065,136,
10:31:21,64.06,120,
10:31:21,64.06,300,
10:31:21,64.05,800,
10:31:21,64.05,200,
10:31:21,64.05,200,
10:31:21,64.05,2600,
10:31:21,64.06,700,
10:31:21,64.0501,100,
10:31:21,64.06,380,
10:31:21,64.06,1000,
10:31:21,64.06,500,
10:31:21,64.06,800,
10:31:21,64.06,100,
10:31:21,64.06,400,
10:31:21,64.06,1600,
10:31:21,64.06,500,
10:31:21,64.06,100,
10:31:22,64.06,100,
10:31:22,64.06,200,
10:31:22,64.06,800,
10:31:22,64.06,300,
10:31:22,64.06,500,
10:31:22,64.06,539,
10:31:22,64.06,900,
10:31:22,64.06,800,
10:31:22,64.06,400,
10:31:22,64.06,100,
10:31:22,64.06,400,
10:31:22,64.06,600,
10:31:22,64.05,500,
10:31:22,64.05,100,
10:31:22,64.05,300,
10:31:22,64.05,100,
10:31:22,64.05,484,
10:31:22,64.05,216,
10:31:22,64.05,800,
10:31:22,64.05,100,
10:31:22,64.05,181,
10:31:22,64.05,500,
10:31:22,64.05,1100,
10:31:22,64.04,800,
10:31:22,64.05,100,
10:31:22,64.04,100,
10:31:22,64.08,100,
10:31:22,64.0401,300,
10:31:23,64.05,500,
10:31:23,64.05,800,
10:31:23,64.05,100,
10:31:23,64.05,600,
10:31:23,64.04,100,
10:31:24,64.04,100,
10:31:24,64.04,200,
10:31:25,64.05,400,
10:31:25,64.04,800,
10:31:26,64.04,700,
10:31:26,64.04,100,
10:31:26,64.03,400,
10:31:26,64.03,1000,
10:31:26,64.04,200,
10:31:27,64.03,600,
10:31:28,64.035,200,
10:31:28,64.03,800,
10:31:30,64.04,100,
10:31:30,64.031,4000,
10:31:31,64.0315,400,
10:31:36,64.05,100,
10:31:36,64.05,100,
10:31:37,64.05,100,
10:31:41,64.05,700,
10:31:41,64.0599,1000,
10:31:41,64.06,100,
10:31:41,64.06,800,
10:31:42,64.06,100,
10:31:42,64.06,100,
10:31:44,64.05,100,
10:31:44,64.041,100,
10:31:45,64.05,100,
10:31:48,64.06,100,
10:31:52,64.07,1000,
10:31:52,64.07,100,
10:31:53,64.07,400,
10:31:53,64.07,800,
10:31:53,64.07,3100,
10:31:53,64.07,100,
10:31:53,64.07,100,
10:31:53,64.07,100,
10:31:53,64.07,100,
10:31:54,64.0701,400,
10:31:54,64.07,100,
10:31:59,64.08,1000,
10:32:00,64.07,800,
10:32:02,64.07,100,
10:32:02,64.07,100,
10:32:04,64.07,500,
10:32:09,64.06,400,
10:32:09,64.06,100,
10:32:11,64.05,100,
10:32:12,64.05,200,
10:32:13,64.05,100,
10:32:13,64.05,200,
10:32:13,64.04,100,
10:32:13,64.04,100,
10:32:13,64.04,2300,
10:32:13,64.04,3100,
10:32:13,64.04,800,
10:32:16,64.04,100,
10:32:16,64.04,200,
10:32:16,64.04,100,
10:32:19,64.02,1500,
10:32:19,64.03,100,
10:32:19,64.03,100,
10:32:19,64.03,100,
10:32:19,64.03,200,
10:32:22,64.03,7700,
10:32:27,64.04,100,
10:32:29,64.04,100,
10:32:29,64.04,100,
10:32:29,64.035,100,
10:32:30,64.04,100,
10:32:31,64.05,100,
10:32:31,64.05,100,
10:32:31,64.05,600,
10:32:31,64.05,1000,
10:32:32,64.05,200,
10:32:33,64.0501,300,
10:32:44,64.04,100,
10:32:46,64.04,100,
10:32:50,64.0395,600,
10:32:53,64.04,100,
10:32:53,64.0401,5000,
10:32:59,64.05,100,
10:32:59,64.05,100,
10:32:59,64.05,200,
10:33:09,64.06,100,
10:33:11,64.065,100,
10:33:13,64.06,100,
10:33:15,64.06,100,
10:33:15,64.07,200,
10:33:16,64.07,100,
10:33:16,64.07,100,
10:33:16,64.08,100,
10:33:16,64.08,100,
10:33:16,64.08,100,
10:33:16,64.08,3100,
10:33:17,64.08,100,
10:33:17,64.09,100,
10:33:17,64.09,300,
10:33:18,64.0869,200,
10:33:18,64.089,200,
10:33:18,64.08,100,
10:33:24,64.08,100,
10:33:24,64.08,220,
10:33:29,64.07,100,
10:33:31,64.0608,500,
10:33:31,64.07,100,
10:33:36,64.07,200,
10:33:39,64.06,100,
10:33:39,64.06,100,
10:33:39,64.06,267,
10:33:41,64.06,100,
10:33:43,64.07,500,
10:33:43,64.07,100,
10:33:44,64.07,100,
10:33:45,64.07,100,
10:33:47,64.07,100,
10:33:54,64.07,100,
10:34:01,64.06,100,
10:34:03,64.05,500,
10:34:03,64.05,100,
10:34:07,64.045,100,
10:34:08,64.05,100,
10:34:08,64.05,100,
10:34:11,64.05,400,
10:34:11,64.05,100,
10:34:12,64.05,100,
10:34:17,64.05,100,
10:34:20,64.05,100,
10:34:21,64.05,1100,
10:34:24,64.04,200,
10:34:26,64.05,300,
10:34:31,64.05,100,
10:34:32,64.05,900,
10:34:37,64.06,100,
10:34:42,64.07,800,
10:34:42,64.08,100,
10:34:46,64.0611,100,
10:34:46,64.06,100,
10:34:46,64.05,100,
10:34:50,64.05,100,
10:34:50,64.05,500,
10:34:50,64.05,800,
10:34:50,64.06,500,
10:34:50,64.06,100,
10:34:50,64.06,800,
10:34:50,64.055,100,
10:34:50,64.06,600,
10:34:50,64.06,500,
10:34:50,64.06,100,
10:34:51,64.05,100,
10:34:51,64.05,600,
10:34:51,64.05,500,
10:34:55,64.04,800,
10:34:55,64.04,100,
10:34:55,64.03,300,
10:34:55,64.03,100,
10:34:55,64.03,1600,
10:34:55,64.03,3100,
10:34:55,64.03,800,
10:34:55,64.03,100,
10:34:55,64.03,200,
10:34:55,64.03,600,
10:34:55,64.03,100,
10:34:55,64.03,300,
10:34:55,64.03,800,
10:34:55,64.03,500,
10:34:55,64.03,200,
10:34:55,64.03,200,
10:34:55,64.03,100,
10:34:56,64.03,100,
10:34:56,64.03,100,
10:34:56,64.03,100,
10:34:56,64.03,100,
10:35:02,64.02,120,
10:35:02,64.02,300,
10:35:02,64.02,1000,
10:35:03,64.02,3016,
10:35:05,64.01,100,
10:35:05,64.01,3100,
10:35:05,64.01,1300,
10:35:05,64,209,
10:35:05,64,100,
10:35:05,64,400,
10:35:05,64,126,
10:35:05,64,200,
10:35:05,64,100,
10:35:05,64,100,
10:35:05,64,2000,
10:35:06,64,605,
10:35:06,64,319,
10:35:06,64,150,
10:35:06,64,325,
10:35:06,64,281,
10:35:08,64.01,300,
10:35:08,64.01,300,
10:35:08,64.01,200,
10:35:08,64.01,100,
10:35:08,64.01,100,
10:35:08,64.01,300,
10:35:08,64.01,100,
10:35:08,64.02,200,
10:35:08,64.02,200,
10:35:08,64.02,800,
10:35:08,64.02,100,
10:35:09,64.02,1000,
10:35:12,64.01,100,
10:35:12,64.01,1000,
10:35:13,64.01,100,
10:35:24,64.01,100,
10:35:25,64.02,100,
10:35:26,64.02,100,
10:35:26,64.02,400,
10:35:26,64.02,300,
10:35:28,64.02,100,
10:35:30,64.0101,6000,
10:35:32,64.013,200,
10:35:34,64.02,100,
10:35:35,64.02,300,
10:35:35,64.02,300,
10:35:36,64.0199,100,
10:35:36,64.02,100,
10:35:36,64.02,100,
10:35:40,64.0218,100,
10:35:41,64.0211,1350,
10:35:42,64.028,10000,
10:35:45,64.0208,500,
10:35:49,64.02,200,
10:35:53,64.03,800,
10:35:53,64.03,100,
10:35:59,64.04,300,
10:35:59,64.04,300,
10:35:59,64.04,500,
10:35:59,64.04,1100,
10:36:03,64.03,12900,
10:36:05,64.0393,100,
10:36:05,64.039,200,
10:36:08,64.03,100,
10:36:14,64.03,100,
10:36:18,64.03,100,
10:36:18,64.03,700,
10:36:18,64.03,100,
10:36:29,64.0399,4000,
10:36:31,64.04,100,
10:36:36,64.04,100,
10:36:41,64.04,100,
10:36:41,64.04,100,
10:36:41,64.04,500,
10:36:43,64.04,300,
10:36:46,64.0305,120,
10:36:47,64.04,100,
10:36:47,64.04,100,
10:36:53,64.05,100,
10:36:56,64.07,100,
10:36:56,64.07,100,
10:36:57,64.06,100,
10:36:58,64.068,300,
10:37:00,64.05,300,
10:37:00,64.05,500,
10:37:01,64.05,600,
10:37:14,64.055,100,
10:37:14,64.06,100,
10:37:15,64.05,200,
10:37:16,64.05,2400,
10:37:16,64.05,100,
10:37:16,64.05,100,
10:37:17,64.05,100,
10:37:19,64.06,100,
10:37:22,64.06,300,
10:37:22,64.06,100,
10:37:22,64.06,100,
10:37:22,64.06,100,
10:37:22,64.05,100,
10:37:22,64.05,100,
10:37:22,64.045,500,
10:37:23,64.05,200,
10:37:24,64.05,100,
10:37:24,64.05,600,
10:37:24,64.05,500,
10:37:24,64.05,416,
10:37:25,64.05,200,
10:37:25,64.05,100,
10:37:25,64.05,300,
10:37:27,64.045,200,
10:37:31,64.0499,200,
10:37:31,64.05,800,
10:37:31,64.0482,1000,
10:37:34,64.05,200,
10:37:34,64.05,300,
10:37:34,64.04,300,
10:37:34,64.04,100,
10:37:34,64.0401,100,
10:37:36,64.04,200,
10:37:36,64.04,500,
10:37:37,64.045,100,
10:37:38,64.04,100,
10:37:42,64.04,120,
10:37:42,64.04,100,
10:37:42,64.04,1600,
10:37:48,64.04,100,
10:37:49,64.0318,1000,
10:37:50,64.04,100,
10:37:54,64.04,800,
10:37:55,64.04,100,
10:37:59,64.04,100,
10:38:03,64.04,100,
10:38:09,64.06,100,
10:38:09,64.06,100,
10:38:21,64.05,100,
10:38:21,64.05,400,
10:38:33,64.04,800,
10:38:33,64.04,200,
10:38:33,64.04,100,
10:38:33,64.04,400,
10:38:40,64.04,400,
10:38:44,64.05,100,
10:38:47,64.05,100,
10:39:00,64.04,200,
10:39:00,64.04,800,
10:39:00,64.04,500,
10:39:00,64.04,100,
10:39:14,64.04,100,
10:39:18,64.04,100,
10:39:31,64.04,434,
10:39:40,64.04,100,
10:39:41,64.04,100,
10:39:42,64.05,800,
10:39:42,64.05,800,
10:39:43,64.06,100,
10:39:43,64.06,100,
10:39:43,64.06,100,
10:39:46,64.06,100,
10:39:51,64.06,100,
10:39:53,64.05,100,
10:40:01,64.055,700,
10:40:01,64.06,100,
10:40:01,64.06,136,
10:40:04,64.07,100,
10:40:04,64.065,100,
10:40:05,64.07,100,
10:40:05,64.07,100,
10:40:05,64.07,136,
10:40:05,64.07,100,
10:40:06,64.07,100,
10:40:06,64.07,100,
10:40:10,64.0699,200,
10:40:10,64.07,100,
10:40:13,64.07,100,
10:40:14,64.06,100,
10:40:16,64.06,200,
10:40:18,64.06,200,
10:40:22,64.07,100,
10:40:25,64.061,701,
10:40:29,64.07,100,
10:40:29,64.07,100,
10:40:29,64.07,200,
10:40:29,64.07,100,
10:40:31,64.065,100,
10:40:31,64.06,100,
10:40:33,64.06,269,
10:40:36,64.05,100,
10:40:43,64.05,131,
10:40:43,64.05,100,
10:40:46,64.06,100,
10:40:47,64.06,200,
10:40:48,64.07,300,
10:40:54,64.0684,500,
10:40:55,64.06,300,
10:41:03,64.05,900,
10:41:03,64.05,100,
10:41:10,64.0401,300,
10:41:13,64.05,800,
10:41:14,64.0548,100,
10:41:14,64.05,100,
10:41:26,64.041,800,
10:41:38,64.04,100,
10:41:38,64.04,100,
10:41:38,64.03,140,
10:41:38,64.03,800,
10:41:38,64.03,300,
10:41:38,64.03,100,
10:41:38,64.03,200,
10:41:40,64.0299,600,
10:41:40,64.03,500,
10:41:40,64.0299,800,
10:41:46,64.03,120,
10:41:48,64.04,500,
10:41:54,64.04,100,
10:41:54,64.04,100,
10:42:02,64.0391,2618,
10:42:08,64.03,100,
10:42:10,64.02,100,
10:42:10,64.02,400,
10:42:10,64.02,100,
10:42:10,64.02,200,
10:42:10,64.01,100,
10:42:10,64.01,200,
10:42:10,64.01,100,
10:42:10,64.01,100,
10:42:10,64.01,500,
10:42:10,64.01,100,
10:42:11,64.01,120,
10:42:11,64.01,700,
10:42:14,64.02,100,
10:42:17,64.01,100,
10:42:17,64.01,800,
10:42:17,64.01,100,
10:42:17,64.01,600,
10:42:17,64.01,6000,
10:42:30,64.0101,300,
10:42:36,64.01,100,
10:42:40,64.01,100,
10:42:45,64.03,100,
10:42:47,64.02,100,
10:42:51,64.02,200,
10:42:51,64.02,325,
10:42:51,64.02,100,
10:42:51,64.0199,100,
10:42:55,64.021,1100,
10:43:06,64.02,800,
10:43:07,64.03,100,
10:43:08,64.03,500,
10:43:08,64.03,477,
10:43:08,64.03,100,
10:43:08,64.04,100,
10:43:14,64.06,200,
10:43:21,64.051,300,
10:43:23,64.0682,1000,
10:43:24,64.07,800,
10:43:25,64.0799,173,
10:43:28,64.07,200,
10:43:30,64.06,200,
10:43:30,64.06,600,
10:43:34,64.06,100,
10:43:41,64.05,100,
10:43:41,64.05,800,
10:43:41,64.05,500,
10:43:41,64.05,800,
10:43:44,64.06,300,
10:43:44,64.06,300,
10:43:44,64.06,200,
10:43:44,64.06,100,
10:43:44,64.06,200,
10:43:54,64.06,800,
10:43:54,64.06,800,
10:43:57,64.06,120,
10:43:57,64.06,200,
10:43:57,64.06,120,
10:43:57,64.06,120,
10:43:57,64.06,120,
10:43:57,64.06,400,
10:43:57,64.06,400,
10:43:57,64.06,200,
10:43:58,64.06,100,
10:44:02,64.05,100,
10:44:02,64.05,800,
10:44:02,64.05,800,
10:44:03,64.05,120,
10:44:03,64.06,100,
10:44:03,64.06,200,
10:44:04,64.05,100,
10:44:04,64.06,100,
10:44:05,64.04,100,
10:44:08,64.03,600,
10:44:09,64.03,500,
10:44:09,64.03,500,
10:44:11,64.03,200,
10:44:18,64.02,300,
10:44:22,64.02,200,
10:44:25,64.02,100,
10:44:26,64.02,100,
10:44:26,64.02,106,
10:44:28,64.02,100,
10:44:28,64.02,200,
10:44:28,64.02,100,
10:44:30,64.02,200,
10:44:31,64.0299,2000,
10:44:43,64.03,800,
10:44:51,64.03,400,
10:44:51,64.02,300,
10:44:55,64.0237,350,
10:44:57,64.02,100,
10:44:57,64.02,124,
10:44:58,64.01,250,
10:44:58,64.01,100,
10:44:58,64.01,100,
10:44:59,64.01,800,
10:45:00,64.01,800,
10:45:00,64.01,800,
10:45:01,64.01,100,
10:45:01,64.01,100,
10:45:06,64.01,800,
10:45:06,64.01,800,
10:45:09,64,100,
10:45:09,64,100,
10:45:09,64,200,
10:45:09,64,200,
10:45:12,63.99,100,
10:45:14,63.99,100,
10:45:14,63.99,100,
10:45:14,63.99,500,
10:45:14,63.99,100,
10:45:14,63.99,100,
10:45:14,63.99,100,
10:45:14,63.99,700,
10:45:14,63.99,100,
10:45:14,63.99,500,
10:45:14,63.99,200,
10:45:14,63.99,100,
10:45:14,63.99,400,
10:45:14,63.99,300,
10:45:14,63.99,200,
10:45:14,63.99,600,
10:45:14,63.99,446,
10:45:14,63.99,200,
10:45:14,63.99,400,
10:45:14,63.99,400,
10:45:14,63.99,500,
10:45:14,63.99,100,
10:45:14,63.99,100,
10:45:14,63.99,100,
10:45:17,63.99,1000,
10:45:17,63.99,700,
10:45:20,63.98,100,
10:45:20,63.99,100,
10:45:20,63.99,500,
10:45:20,63.99,200,
10:45:22,63.999,1200,
10:45:26,63.99,100,
10:45:27,63.98,100,
10:45:31,63.98,100,
10:45:31,63.98,500,
10:45:31,63.98,1000,
10:45:32,63.97,100,
10:45:32,63.98,700,
10:45:33,63.97,800,
10:45:33,63.97,500,
10:45:33,63.96,390,
10:45:33,63.96,100,
10:45:33,63.97,200,
10:45:33,63.97,900,
10:45:33,63.97,100,
10:45:33,63.96,200,
10:45:33,63.95,188,
10:45:33,63.95,800,
10:45:33,63.95,100,
10:45:33,63.95,200,
10:45:33,63.96,100,
10:45:33,63.959,100,
10:45:33,63.96,3000,
10:45:33,63.96,800,
10:45:33,63.96,300,
10:45:34,63.96,100,
10:45:34,63.95,150,
10:45:35,63.964,200,
10:45:35,63.97,800,
10:45:35,63.97,100,
10:45:35,63.97,800,
10:45:35,63.97,100,
10:45:36,63.9708,200,
10:45:41,63.98,100,
10:45:41,63.9799,200,
10:45:43,63.98,100,
10:45:43,63.99,100,
10:45:43,63.98,100,
10:45:46,63.98,400,
10:45:46,63.98,300,
10:45:47,63.98,200,
10:45:47,63.98,239,
10:45:56,63.98,100,
10:45:56,63.98,400,
10:45:57,63.97,100,
10:45:57,63.97,659,
10:46:01,63.97,100,
10:46:01,63.97,100,
10:46:06,63.96,300,
10:46:06,63.965,357,
10:46:06,63.96,800,
10:46:06,63.96,100,
10:46:06,63.96,800,
10:46:06,63.96,173,
10:46:06,63.96,800,
10:46:06,63.96,223,
10:46:06,63.96,197,
10:46:06,63.96,1100,
10:46:06,63.96,1907,
10:46:06,63.96,1593,
10:46:06,63.96,100,
10:46:06,63.96,100,
10:46:06,63.96,200,
10:46:06,63.96,100,
10:46:06,63.96,100,
10:46:06,63.96,1300,
10:46:08,63.96,100,
10:46:08,63.96,500,
10:46:08,63.96,100,
10:46:16,63.955,100,
10:46:18,63.95,500,
10:46:18,63.9401,153,
10:46:19,63.959,900,
10:46:22,63.94,100,
10:46:25,63.95,100,
10:46:28,63.95,200,
10:46:28,63.95,331,
10:46:28,63.95,669,
10:46:29,63.95,600,
10:46:30,63.95,200,
10:46:30,63.95,500,
10:46:34,63.9445,300,
10:46:38,63.95,200,
10:46:38,63.96,100,
10:46:38,63.96,200,
10:46:38,63.96,100,
10:46:38,63.96,200,
10:46:38,63.96,100,
10:46:38,63.96,400,
10:46:38,63.96,1000,
10:46:38,63.96,400,
10:46:38,63.96,100,
10:46:39,63.96,200,
10:46:39,63.96,100,
10:46:39,63.96,100,
10:46:39,63.96,100,
10:46:39,63.96,1300,
10:46:39,63.96,1300,
10:46:39,63.96,300,
10:46:45,63.96,300,
10:46:45,63.96,100,
10:46:45,63.96,200,
10:46:45,63.96,200,
10:46:49,63.9501,2300,
10:46:52,63.95,400,
10:46:52,63.95,100,
10:46:52,63.95,500,
10:46:53,63.9418,500,
10:46:55,63.95,4005,
10:46:55,63.95,100,
10:46:55,63.95,300,
10:46:55,63.95,500,
10:46:57,63.95,400,
10:46:58,63.96,100,
10:46:58,63.96,1700,
10:46:58,63.96,800,
10:46:58,63.96,100,
10:46:58,63.96,222,
10:46:58,63.96,200,
10:46:58,63.96,400,
10:46:58,63.96,100,
10:46:58,63.96,4148,
10:46:58,63.96,1955,
10:46:58,63.97,300,
10:46:58,63.97,300,
10:47:02,63.96,100,
10:47:19,63.951,100,
10:47:21,63.96,120,
10:47:21,63.96,100,
10:47:33,63.95,100,
10:47:33,63.95,200,
10:47:33,63.95,300,
10:47:35,63.96,600,
10:47:36,63.97,100,
10:47:49,63.966,4059,
10:47:50,63.95,100,
10:47:55,63.95,100,
10:47:55,63.95,500,
10:47:56,63.95,100,
10:47:56,63.95,100,
10:48:02,63.95,100,
10:48:22,63.95,2720,
10:48:22,63.95,380,
10:48:22,63.95,100,
10:48:22,63.95,280,
10:48:23,63.95,100,
10:48:23,63.95,200,
10:48:30,63.9499,600,
10:48:33,63.95,100,
10:48:34,63.949,100,
10:48:35,63.94,300,
10:48:35,63.94,100,
10:48:35,63.94,100,
10:48:35,63.94,186,
10:48:35,63.94,502,
10:48:35,63.935,100,
10:48:35,63.94,600,
10:48:36,63.9318,500,
10:48:36,63.9318,150,
10:48:37,63.9301,400,
10:48:37,63.93,100,
10:48:41,63.9401,200,
10:48:44,63.9401,200,
10:48:49,63.94,300,
10:48:51,63.94,100,
10:48:53,63.93,600,
10:48:53,63.93,100,
10:48:56,63.93,100,
10:49:00,63.93,800,
10:49:00,63.93,500,
10:49:00,63.93,100,
10:49:00,63.9299,400,
10:49:07,63.93,100,
10:49:07,63.93,800,
10:49:07,63.93,800,
10:49:07,63.93,100,
10:49:07,63.93,100,
10:49:07,63.93,2600,
10:49:16,63.93,100,
10:49:18,63.9295,300,
10:49:24,63.93,100,
10:49:28,63.931,100,
10:49:34,63.93,100,
10:49:38,63.93,100,
10:49:41,63.93,100,
10:49:46,63.935,100,
10:49:57,63.9399,600,
10:49:57,63.94,100,
10:50:04,63.93,100,
10:50:12,63.92,200,
10:50:12,63.92,200,
10:50:13,63.929,600,
10:50:13,63.92,300,
10:50:14,63.93,100,
10:50:18,63.92,500,
10:50:18,63.92,100,
10:50:21,63.915,100,
10:50:21,63.92,100,
10:50:21,63.9199,100,
10:50:21,63.92,300,
10:50:21,63.92,300,
10:50:21,63.92,100,
10:50:36,63.93,100,
10:50:36,63.93,1400,
10:50:36,63.93,100,
10:50:36,63.93,500,
10:50:36,63.93,100,
10:50:36,63.93,100,
10:50:36,63.93,800,
10:50:36,63.93,100,
10:50:36,63.93,100,
10:50:36,63.93,202,
10:50:36,63.93,100,
10:50:36,63.93,100,
10:50:37,63.928,100,
10:50:39,63.94,100,
10:50:39,63.94,350,
10:50:39,63.9499,600,
10:50:40,63.94,400,
10:50:40,63.94,400,
10:50:40,63.94,800,
10:50:40,63.94,400,
10:50:40,63.94,500,
10:50:40,63.9401,200,
10:50:40,63.94,600,
10:50:47,63.94,278,
10:50:47,63.94,500,
10:50:48,63.95,100,
10:50:55,63.959,4000,
10:50:59,63.95,800,
10:51:02,63.95,100,
10:51:15,63.94,100,
10:51:24,63.95,100,
10:51:28,63.95,200,
10:51:28,63.95,800,
10:51:29,63.95,145,
10:51:29,63.95,500,
10:51:29,63.95,100,
10:51:29,63.96,100,
10:51:29,63.96,100,
10:51:29,63.96,700,
10:51:29,63.96,100,
10:51:29,63.96,400,
10:51:29,63.96,120,
10:51:29,63.97,500,
10:51:36,63.95,217,
10:51:49,63.955,100,
10:51:51,63.96,100,
10:51:51,63.96,800,
10:51:52,63.96,100,
10:51:52,63.9599,200,
10:51:52,63.96,500,
10:51:52,63.96,700,
10:51:53,63.96,200,
10:51:58,63.96,100,
10:52:00,63.97,100,
10:52:02,63.9701,719,
10:52:02,63.97,100,
10:52:02,63.97,400,
10:52:02,63.97,119,
10:52:06,63.96,500,
10:52:06,63.96,800,
10:52:06,63.96,700,
10:52:06,63.96,500,
10:52:06,63.96,800,
10:52:06,63.96,100,
10:52:06,63.96,200,
10:52:06,63.96,500,
10:52:07,63.96,100,
10:52:07,63.96,500,
10:52:09,63.97,800,
10:52:09,63.97,100,
10:52:09,63.97,100,
10:52:09,63.97,500,
10:52:09,63.965,500,
10:52:09,63.97,300,
10:52:09,63.97,800,
10:52:09,63.97,100,
10:52:09,63.97,400,
10:52:09,63.97,100,
10:52:09,63.97,600,
10:52:09,63.97,100,
10:52:09,63.97,500,
10:52:09,63.97,1600,
10:52:09,63.97,500,
10:52:09,63.97,141,
10:52:09,63.97,100,
10:52:09,63.97,241,
10:52:09,63.97,100,
10:52:09,63.97,500,
10:52:11,63.97,100,
10:52:11,63.97,200,
10:52:11,63.97,400,
10:52:12,63.97,300,
10:52:12,63.97,700,
10:52:21,63.969,100,
10:52:21,63.969,100,
10:52:25,63.97,100,
10:52:25,63.98,600,
10:52:25,63.98,100,
10:52:26,63.98,200,
10:52:30,63.97,100,
10:52:33,63.96,500,
10:52:33,63.96,300,
10:52:37,63.95,200,
10:52:37,63.95,200,
10:52:37,63.9502,100,
10:52:37,63.95,100,
10:52:37,63.95,200,
10:52:37,63.95,200,
10:52:37,63.95,100,
10:52:41,63.96,300,
10:52:46,63.96,100,
10:52:46,63.96,500,
10:52:46,63.96,100,
10:52:46,63.97,900,
10:52:46,63.97,700,
10:52:46,63.97,500,
10:52:46,63.97,300,
10:52:46,63.97,710,
10:52:46,63.97,100,
10:52:46,63.97,501,
10:52:46,63.96,200,
10:52:46,63.97,190,
10:52:48,63.96,100,
10:52:56,63.96,200,
10:52:56,63.96,200,
10:52:56,63.96,306,
10:52:56,63.96,500,
10:52:59,63.96,100,
10:52:59,63.96,100,
10:52:59,63.96,500,
10:52:59,63.96,700,
10:52:59,63.96,900,
10:53:06,63.96,500,
10:53:06,63.97,1700,
10:53:06,63.97,300,
10:53:06,63.97,600,
10:53:09,63.97,100,
10:53:09,63.97,100,
10:53:09,63.97,100,
10:53:09,63.97,100,
10:53:09,63.96,100,
10:53:10,63.97,100,
10:53:10,63.97,100,
10:53:10,63.97,100,
10:53:10,63.97,100,
10:53:10,63.97,100,
10:53:11,63.9699,400,
10:53:11,63.97,900,
10:53:11,63.97,500,
10:53:11,63.97,100,
10:53:11,63.97,200,
10:53:11,63.97,500,
10:53:11,63.97,800,
10:53:11,63.97,500,
10:53:17,63.9601,400,
10:53:18,63.96,100,
10:53:19,63.951,7800,
10:53:22,63.96,1000,
10:53:22,63.96,500,
10:53:22,63.96,100,
10:53:23,63.96,400,
10:53:26,63.96,300,
10:53:29,63.96,100,
10:53:29,63.9599,300,
10:53:29,63.97,800,
10:53:29,63.97,100,
10:53:29,63.97,703,
10:53:29,63.97,100,
10:53:29,63.96,300,
10:53:29,63.96,100,
10:53:29,63.96,800,
10:53:29,63.96,100,
10:53:29,63.96,100,
10:53:29,63.95,300,
10:53:29,63.95,100,
10:53:29,63.95,500,
10:53:29,63.95,500,
10:53:29,63.95,1800,
10:53:29,63.95,800,
10:53:29,63.95,2400,
10:53:29,63.95,800,
10:53:29,63.95,120,
10:53:29,63.95,100,
10:53:29,63.95,300,
10:53:29,63.95,1600,
10:53:29,63.95,380,
10:53:29,63.95,800,
10:53:29,63.95,500,
10:53:29,63.95,100,
10:53:29,63.95,800,
10:53:29,63.95,800,
10:53:29,63.95,100,
10:53:29,63.95,100,
10:53:29,63.95,300,
10:53:29,63.95,500,
10:53:29,63.95,400,
10:53:29,63.95,1300,
10:53:30,63.95,400,
10:53:30,63.95,100,
10:53:30,63.95,500,
10:53:30,63.95,192,
10:53:30,63.95,100,
10:53:30,63.95,100,
10:53:30,63.95,100,
10:53:30,63.95,400,
10:53:30,63.95,192,
10:53:30,63.95,100,
10:53:30,63.95,500,
10:53:30,63.95,700,
10:53:30,63.95,200,
10:53:30,63.95,200,
10:53:30,63.95,500,
10:53:30,63.95,500,
10:53:30,63.95,100,
10:53:31,63.95,300,
10:53:31,63.9499,200,
10:53:32,63.95,300,
10:53:32,63.95,100,
10:53:32,63.95,100,
10:53:32,63.95,1600,
10:53:32,63.95,800,
10:53:32,63.95,120,
10:53:39,63.95,200,
10:53:39,63.95,1200,
10:53:39,63.95,800,
10:53:39,63.95,600,
10:53:39,63.95,500,
10:53:39,63.95,700,
10:53:39,63.96,100,
10:53:39,63.95,100,
10:53:39,63.95,100,
10:53:39,63.95,2400,
10:53:39,63.96,100,
10:53:39,63.95,2400,
10:53:39,63.95,1400,
10:53:39,63.95,500,
10:53:39,63.95,500,
10:53:39,63.95,100,
10:53:39,63.95,3200,
10:53:39,63.95,300,
10:53:39,63.95,800,
10:53:39,63.95,500,
10:53:39,63.95,300,
10:53:39,63.96,1400,
10:53:39,63.95,100,
10:53:39,63.95,200,
10:53:39,63.95,100,
10:53:39,63.95,2400,
10:53:39,63.95,100,
10:53:39,63.95,100,
10:53:39,63.95,1000,
10:53:39,63.95,2400,
10:53:39,63.95,800,
10:53:39,63.95,500,
10:53:39,63.95,1630,
10:53:39,63.95,800,
10:53:39,63.95,100,
10:53:39,63.95,400,
10:53:39,63.95,100,
10:53:39,63.95,400,
10:53:39,63.95,600,
10:53:39,63.95,200,
10:53:39,63.95,200,
10:53:39,63.95,200,
10:53:39,63.95,200,
10:53:39,63.95,100,
10:53:39,63.95,100,
10:53:39,63.95,800,
10:53:39,63.95,100,
10:53:39,63.95,800,
10:53:39,63.95,1600,
10:53:39,63.96,280,
10:53:39,63.95,200,
10:53:39,63.95,600,
10:53:39,63.95,100,
10:53:39,63.95,500,
10:53:39,63.95,200,
10:53:42,63.9499,600,
10:53:43,63.95,100,
10:53:43,63.95,300,
10:53:43,63.95,300,
10:53:43,63.95,800,
10:53:43,63.95,100,
10:53:43,63.95,200,
10:53:43,63.95,1080,
10:53:43,63.95,100,
10:53:43,63.95,100,
10:53:43,63.95,100,
10:53:43,63.95,800,
10:53:43,63.95,100,
10:53:43,63.95,100,
10:53:43,63.95,300,
10:53:43,63.95,100,
10:53:43,63.95,100,
10:53:43,63.95,100,
10:53:43,63.95,700,
10:53:43,63.95,100,
10:53:43,63.95,100,
10:53:43,63.95,500,
10:53:44,63.955,100,
10:53:44,63.95,800,
10:53:44,63.95,1600,
10:53:48,63.94,100,
10:53:48,63.94,300,
10:53:48,63.94,500,
10:53:50,63.94,100,
10:53:59,63.94,1080,
10:53:59,63.94,100,
10:53:59,63.94,200,
10:53:59,63.94,100,
10:53:59,63.94,700,
10:53:59,63.94,100,
10:53:59,63.94,1000,
10:53:59,63.94,100,
10:53:59,63.94,100,
10:54:02,63.94,100,
10:54:03,63.94,200,
10:54:03,63.94,100,
10:54:10,63.9201,800,
10:54:10,63.92,500,
10:54:11,63.92,500,
10:54:11,63.93,200,
10:54:11,63.93,100,
10:54:12,63.92,300,
10:54:17,63.9282,100,
10:54:21,63.93,200,
10:54:22,63.93,100,
10:54:25,63.93,200,
10:54:26,63.93,100,
10:54:32,63.94,100,
10:54:32,63.94,100,
10:54:35,63.95,100,
10:54:37,63.95,100,
10:54:37,63.95,400,
10:54:37,63.95,400,
10:54:37,63.95,1400,
10:54:37,63.95,1000,
10:54:38,63.94,200,
10:54:46,63.95,1000,
10:54:46,63.95,100,
10:54:46,63.95,1700,
10:54:46,63.96,700,
10:54:46,63.96,600,
10:54:48,63.95,100,
10:54:54,63.97,1000,
10:54:54,63.97,500,
10:54:59,63.97,500,
10:54:59,63.97,100,
10:55:03,63.97,100,
10:55:03,63.97,500,
10:55:03,63.98,100,
10:55:03,63.98,400,
10:55:03,63.97,300,
10:55:03,63.97,400,
10:55:03,63.97,800,
10:55:05,63.969,100,
10:55:06,63.97,100,
10:55:06,63.9682,500,
10:55:06,63.97,100,
10:55:06,63.97,500,
10:55:06,63.98,100,
10:55:06,63.98,100,
10:55:07,63.97,300,
10:55:09,63.97,200,
10:55:10,63.96,300,
10:55:18,63.96,300,
10:55:29,63.97,100,
10:55:29,63.97,100,
10:55:38,63.97,100,
10:55:39,63.985,500,
10:55:40,63.99,100,
10:55:42,64,100,
10:55:43,63.99,200,
10:55:45,63.98,200,
10:55:45,63.98,100,
10:55:45,63.98,100,
10:55:45,63.98,1000,
10:55:47,63.98,100,
10:55:48,63.98,1000,
10:55:48,63.98,200,
10:55:48,63.98,800,
10:55:48,63.98,200,
10:55:48,63.98,100,
10:55:48,63.98,3500,
10:55:48,63.98,300,
10:55:48,63.98,100,
10:55:48,63.98,200,
10:55:48,63.98,100,
10:55:53,63.99,800,
10:55:53,63.99,700,
10:55:57,63.99,200,
10:55:57,63.99,100,
10:55:59,63.98,100,
10:56:09,63.99,500,
10:56:09,63.99,200,
10:56:09,63.98,100,
10:56:17,63.99,100,
10:56:18,63.999,300,
10:56:19,64,166,
10:56:20,63.9991,391,
10:56:25,64,200,
10:56:25,64,500,
10:56:25,64,100,
10:56:25,64,100,
10:56:25,64,300,
10:56:25,64,800,
10:56:26,64,100,
10:56:29,64.01,100,
10:56:31,64.01,100,
10:56:31,64.01,100,
10:56:33,64.01,294,
10:56:33,64.01,100,
10:56:33,64.01,200,
10:56:42,64.01,500,
10:56:42,64.02,700,
10:56:42,64.02,800,
10:56:42,64.02,800,
10:56:47,64.0101,1300,
10:56:50,64.019,1000,
10:56:50,64.0199,1000,
10:56:53,64.02,300,
10:56:55,64.02,800,
10:56:55,64.01,300,
10:56:55,64.01,300,
10:56:55,64.01,400,
10:56:55,64.01,200,
10:56:55,64.01,500,
10:56:55,64.01,400,
10:56:58,64.01,500,
10:56:59,64,200,
10:57:05,64,100,
10:57:05,64,100,
10:57:05,63.9999,100,
10:57:06,64,100,
10:57:06,63.9999,200,
10:57:06,64,100,
10:57:06,63.9999,100,
10:57:07,64,500,
10:57:07,64,500,
10:57:09,64,100,
10:57:09,64,100,
10:57:09,64,100,
10:57:09,64,500,
10:57:10,64,300,
10:57:10,64,100,
10:57:11,64.01,500,
10:57:11,64.01,100,
10:57:11,64.01,100,
10:57:11,64.01,100,
10:57:18,64.003,100,
10:57:23,64.01,100,
10:57:33,64.02,1000,
10:57:44,64.02,100,
10:57:46,64.02,200,
10:57:46,64.02,100,
10:57:53,64.0281,800,
10:57:54,64.02,100,
10:57:54,64.02,600,
10:57:56,64.02,800,
10:57:58,64.02,1400,
10:58:17,64.02,100,
10:58:17,64.02,1000,
10:58:17,64.02,100,
10:58:19,64.01,200,
10:58:19,64.01,100,
10:58:24,64,500,
10:58:24,64,800,
10:58:29,64,3600,
10:58:29,64,400,
10:58:29,64,100,
10:58:30,63.99,100,
10:58:30,63.9901,300,
10:58:33,63.99,100,
10:58:36,63.99,100,
10:58:36,63.99,200,
10:58:38,63.989,600,
10:58:39,63.99,500,
10:58:39,63.99,100,
10:58:39,63.99,500,
10:58:39,63.99,100,
10:58:39,63.99,100,
10:58:39,63.99,100,
10:58:39,63.99,100,
10:58:39,64,500,
10:58:39,64,100,
10:58:39,64,100,
10:58:39,64,600,
10:58:39,64,400,
10:58:40,64,100,
10:58:46,63.99,300,
10:58:57,63.997,300,
10:59:00,63.99,100,
10:59:00,63.99,100,
10:59:07,63.98,100,
10:59:27,63.9782,400,
10:59:28,63.9701,100,
10:59:41,63.98,300,
10:59:42,63.98,100,
10:59:42,63.98,200,
10:59:43,63.98,100,
10:59:50,63.99,100,
10:59:52,64,100,
10:59:54,63.99,200,
10:59:54,63.99,700,
10:59:54,63.99,800,
10:59:54,63.99,700,
10:59:54,63.99,800,
10:59:54,63.99,500,
10:59:54,63.99,500,
10:59:54,63.99,804,
10:59:54,63.99,600,
10:59:54,63.99,500,
10:59:54,63.99,380,
10:59:54,63.99,380,
10:59:54,63.995,100,
10:59:54,63.99,800,
10:59:56,63.98,500,
10:59:56,63.98,100,
10:59:56,63.98,100,
10:59:56,63.98,100,
10:59:56,63.985,100,
10:59:58,63.98,100,
