09:30:00,61.94,100,
09:30:00,61.94,200,
09:30:00,61.91,52114,
09:30:00,61.93,400,
09:30:00,61.93,400,
09:30:02,61.92,500,
09:30:02,61.92,400,
09:30:03,61.91,400,
09:30:03,61.90,600,
09:30:03,61.90,250,
09:30:03,61.91,375,
09:30:03,61.91,400,
09:30:03,61.88,100,
09:30:03,61.90,100,
09:30:03,61.90,200,
09:30:03,61.89,1100,
09:30:03,61.89,1700,
09:30:03,61.89,800,
09:30:03,61.89,328,
09:30:03,61.89,200,
09:30:03,61.89,200,
09:30:03,61.89,100,
09:30:03,61.89,1480,
09:30:04,61.88,400,
09:30:04,61.89,100,
09:30:06,61.88,10000,
09:30:07,61.87,1600,
09:30:07,61.87,100,
09:30:07,61.87,1340,
09:30:07,61.87,800,
09:30:07,61.87,500,
09:30:07,61.87,100,
09:30:07,61.87,100,
09:30:07,61.86,400,
09:30:07,61.86,100,
09:30:07,61.86,200,
09:30:07,61.86,700,
09:30:07,61.87,400,
09:30:07,61.87,500,
09:30:07,61.87,200,
09:30:07,61.87,100,
09:30:07,61.87,100,
09:30:07,61.87,200,
09:30:07,61.87,200,
09:30:07,61.88,150,
09:30:07,61.88,350,
09:30:07,61.88,500,
09:30:08,61.88,200,
09:30:08,61.88,500,
09:30:08,61.88,400,
09:30:08,61.87,500,
09:30:08,61.87,800,
09:30:08,61.87,800,
09:30:08,61.87,263,
09:30:09,61.87,800,
09:30:09,61.87,100,
09:30:09,61.86,235,
09:30:10,61.87,380,
09:30:10,61.87,100,
09:30:10,61.86,100,
09:30:12,61.86,400,
09:30:12,61.87,200,
09:30:12,61.87,400,
09:30:13,61.87,300,
09:30:13,61.87,100,
09:30:13,61.87,100,
09:30:13,61.86,200,
09:30:14,61.87,800,
09:30:14,61.86,800,
09:30:14,61.89,200,
09:30:15,61.87,400,
09:30:15,61.87,400,
09:30:15,61.86,800,
09:30:16,61.89,803,
09:30:17,61.85,2900,
09:30:17,61.85,200,
09:30:17,61.85,800,
09:30:17,61.86,164,
09:30:18,61.875,300,
09:30:18,61.86,400,
09:30:18,61.86,1900,
09:30:20,61.85,800,
09:30:21,61.84,800,
09:30:21,61.83,400,
09:30:21,61.83,800,
09:30:21,61.83,100,
09:30:21,61.83,500,
09:30:23,61.8701,2824,
09:30:24,61.86,100,
09:30:25,61.81,600,
09:30:26,61.81,300,
09:30:27,61.81,512,
09:30:27,61.908,969,
09:30:28,61.81,1200,
09:30:28,61.8507,250,
09:30:29,61.81,100,
09:30:30,61.82,100,
09:30:30,61.83,100,
09:30:31,61.82,200,
09:30:31,61.82,200,
09:30:32,61.83,100,
09:30:32,61.8105,900,
09:30:33,61.8059,300,
09:30:33,61.81,750,
09:30:34,61.80,940,
09:30:35,61.83,500,
09:30:38,61.83,100,
09:30:39,61.83,200,
09:30:41,61.82,100,
09:30:42,61.82,200,
09:30:43,61.81,500,
09:30:45,61.83,100,
09:30:45,61.82,100,
09:30:46,61.83,100,
09:30:46,61.83,100,
09:30:46,61.83,200,
09:30:46,61.83,100,
09:30:48,61.84,100,
09:30:48,61.84,800,
09:30:49,61.84,200,
09:30:49,61.84,200,
09:30:49,61.85,1101,
09:30:49,61.85,200,
09:30:49,61.85,200,
09:30:49,61.85,100,
09:30:50,61.85,100,
09:30:50,61.85,100,
09:30:50,61.85,2400,
09:30:50,61.85,200,
09:30:50,61.85,100,
09:30:50,61.85,200,
09:30:50,61.85,200,
09:30:50,61.85,200,
09:30:50,61.85,400,
09:30:50,61.84,200,
09:30:50,61.84,400,
09:30:50,61.85,1000,
09:30:50,61.85,800,
09:30:50,61.85,400,
09:30:50,61.86,200,
09:30:51,61.86,1600,
09:30:51,61.86,300,
09:30:51,61.86,800,
09:30:51,61.86,500,
09:30:51,61.86,500,
09:30:51,61.86,700,
09:30:51,61.86,2000,
09:30:52,61.86,100,
09:30:52,61.86,100,
09:30:52,61.86,500,
09:30:52,61.86,100,
09:30:52,61.86,200,
09:30:53,61.87,100,
09:30:53,61.88,400,
09:30:55,61.84,300,
09:30:57,61.89,100,
09:30:57,61.89,1200,
09:30:57,61.89,100,
09:30:58,61.88,700,
09:31:00,61.88,200,
09:31:00,61.88,300,
09:31:00,61.871,300,
09:31:01,61.86,100,
09:31:01,61.8699,300,
09:31:02,61.86,400,
09:31:02,61.86,100,
09:31:02,61.85,100,
09:31:02,61.85,700,
09:31:02,61.85,500,
09:31:02,61.85,1000,
09:31:02,61.85,1100,
09:31:02,61.85,100,
09:31:03,61.85,400,
09:31:06,61.841,100,
09:31:07,61.84,2000,
09:31:07,61.84,100,
09:31:08,61.83,200,
09:31:08,61.83,100,
09:31:08,61.83,100,
09:31:08,61.84,600,
09:31:08,61.84,200,
09:31:08,61.83,200,
09:31:08,61.84,300,
09:31:10,61.84,400,
09:31:11,61.84,400,
09:31:11,61.84,200,
09:31:11,61.84,200,
09:31:12,61.84,100,
09:31:12,61.84,100,
09:31:14,61.84,680,
09:31:14,61.84,120,
09:31:16,61.83,406,
09:31:16,61.83,200,
09:31:17,61.83,200,
09:31:17,61.83,200,
09:31:17,61.83,200,
09:31:21,61.8301,300,
09:31:21,61.8301,200,
09:31:21,61.83,300,
09:31:21,61.8301,100,
09:31:21,61.83,100,
09:31:22,61.83,300,
09:31:22,61.83,200,
09:31:22,61.83,200,
09:31:22,61.83,500,
09:31:23,61.82,100,
09:31:27,61.82,100,
09:31:27,61.83,200,
09:31:27,61.84,600,
09:31:28,61.85,500,
09:31:29,61.86,1700,
09:31:30,61.86,100,
09:31:33,61.89,100,
09:31:33,61.89,300,
09:31:33,61.89,300,
09:31:33,61.89,400,
09:31:33,61.89,600,
09:31:33,61.89,100,
09:31:33,61.89,100,
09:31:33,61.89,100,
09:31:33,61.89,100,
09:31:33,61.89,200,
09:31:33,61.89,100,
09:31:34,61.88,200,
09:31:34,61.88,600,
09:31:35,61.88,500,
09:31:35,61.88,100,
09:31:36,61.88,600,
09:31:36,61.878,320,
09:31:37,61.87,100,
09:31:37,61.86,600,
09:31:38,61.86,2595,
09:31:38,61.86,100,
09:31:41,61.87,120,
09:31:41,61.87,800,
09:31:41,61.88,200,
09:31:41,61.88,200,
09:31:42,61.88,300,
09:31:42,61.89,100,
09:31:42,61.89,100,
09:31:42,61.89,300,
09:31:43,61.8871,100,
09:31:44,61.89,100,
09:31:48,61.90,200,
09:31:48,61.90,200,
09:31:48,61.90,600,
09:31:48,61.90,300,
09:31:48,61.90,800,
09:31:48,61.90,200,
09:31:48,61.90,200,
09:31:48,61.90,500,
09:31:48,61.91,700,
09:31:48,61.90,400,
09:31:48,61.90,800,
09:31:48,61.90,200,
09:31:48,61.90,100,
09:31:49,61.90,200,
09:31:49,61.90,200,
09:31:49,61.90,600,
09:31:49,61.90,200,
09:31:51,61.89,2400,
09:31:51,61.90,100,
09:31:53,61.90,400,
09:31:53,61.90,100,
09:31:53,61.90,100,
09:31:56,61.91,200,
09:31:58,61.90,800,
09:31:58,61.89,400,
09:32:00,61.89,200,
09:32:00,61.89,1300,
09:32:01,61.90,729,
09:32:01,61.895,100,
09:32:01,61.90,471,
09:32:01,61.90,815,
09:32:03,61.90,815,
09:32:04,61.91,300,
09:32:04,61.91,400,
09:32:04,61.91,200,
09:32:04,61.91,200,
09:32:06,61.9199,1000,
09:32:07,61.91,200,
09:32:07,61.92,200,
09:32:07,61.91,200,
09:32:07,61.91,200,
09:32:07,61.91,100,
09:32:08,61.92,200,
09:32:09,61.92,100,
09:32:12,61.92,200,
09:32:12,61.93,800,
09:32:12,61.94,100,
09:32:13,61.95,100,
09:32:13,61.95,731,
09:32:14,61.95,200,
09:32:14,61.96,600,
09:32:15,61.97,700,
09:32:16,61.97,100,
09:32:16,61.97,200,
09:32:16,61.97,100,
09:32:17,61.97,200,
09:32:17,61.97,200,
09:32:17,61.97,200,
09:32:17,61.96,100,
09:32:17,61.96,500,
09:32:17,61.95,415,
09:32:17,61.95,385,
09:32:20,61.95,500,
09:32:21,61.9595,1000,
09:32:22,61.96,2400,
09:32:24,61.9599,2000,
09:32:24,61.95,1300,
09:32:27,61.95,800,
09:32:29,61.95,270,
09:32:29,61.95,100,
09:32:29,61.945,100,
09:32:29,61.96,600,
09:32:29,61.96,100,
09:32:31,61.97,600,
09:32:31,61.97,200,
09:32:31,61.97,800,
09:32:31,61.97,1100,
09:32:31,61.97,800,
09:32:31,61.97,400,
09:32:31,61.97,200,
09:32:31,61.97,200,
09:32:33,61.99,300,
09:32:34,61.99,200,
09:32:34,61.99,600,
09:32:34,61.99,200,
09:32:34,61.99,100,
09:32:35,61.99,300,
09:32:37,61.99,201,
09:32:38,61.99,400,
09:32:38,62,350,
09:32:38,62,500,
09:32:39,61.99,400,
09:32:40,61.985,100,
09:32:40,61.99,100,
09:32:41,61.99,100,
09:32:42,61.99,200,
09:32:42,61.99,200,
09:32:42,61.98,180,
09:32:42,61.98,445,
09:32:42,61.97,800,
09:32:43,61.98,100,
09:32:44,61.98,400,
09:32:45,61.9813,1700,
09:32:45,61.99,200,
09:32:45,61.99,200,
09:32:45,61.99,400,
09:32:46,61.9901,600,
09:32:46,61.99,100,
09:32:47,61.99,200,
09:32:48,61.9901,100,
09:32:48,61.9901,100,
09:32:48,61.99,1000,
09:32:48,61.98,1313,
09:32:48,61.98,900,
09:32:48,61.98,100,
09:32:49,61.98,100,
09:32:50,61.99,200,
09:32:50,61.99,300,
09:32:52,61.99,761,
09:32:52,61.99,200,
09:32:52,61.99,100,
09:32:52,61.99,200,
09:32:52,61.99,100,
09:32:55,61.99,1100,
09:32:56,61.995,100,
09:32:58,61.98,200,
09:32:58,61.98,700,
09:32:59,61.98,100,
09:32:59,61.98,500,
09:32:59,61.97,400,
09:32:59,61.97,100,
09:32:59,61.97,100,
09:33:00,61.97,400,
09:33:00,61.97,100,
09:33:00,61.97,100,
09:33:00,61.98,100,
09:33:01,61.97,100,
09:33:01,61.97,100,
09:33:03,61.96,800,
09:33:03,61.96,800,
09:33:03,61.96,800,
09:33:03,61.96,1600,
09:33:03,61.96,200,
09:33:03,61.96,600,
09:33:03,61.96,200,
09:33:03,61.97,400,
09:33:03,61.97,600,
09:33:03,61.97,100,
09:33:04,61.96,815,
09:33:04,61.96,800,
09:33:04,61.96,900,
09:33:04,61.96,3885,
09:33:04,61.96,200,
09:33:04,61.96,200,
09:33:04,61.96,100,
09:33:04,61.96,100,
09:33:04,61.96,100,
09:33:04,61.96,400,
09:33:06,61.96,200,
09:33:06,61.96,100,
09:33:06,61.96,400,
09:33:06,61.96,200,
09:33:06,61.96,100,
09:33:07,61.95,200,
09:33:08,61.95,300,
09:33:08,61.95,200,
09:33:12,61.95,400,
09:33:13,61.96,2000,
09:33:13,61.96,1000,
09:33:13,61.96,2000,
09:33:13,61.96,1635,
09:33:14,61.95,100,
09:33:17,61.95,200,
09:33:17,61.96,400,
09:33:17,61.96,200,
09:33:17,61.95,200,
09:33:17,61.95,400,
09:33:17,61.95,300,
09:33:19,61.945,100,
09:33:20,61.94,500,
09:33:20,61.95,100,
09:33:20,61.94,200,
09:33:21,61.94,300,
09:33:21,61.94,200,
09:33:21,61.94,100,
09:33:22,61.93,200,
09:33:22,61.93,400,
09:33:22,61.94,100,
09:33:22,61.94,800,
09:33:22,61.93,100,
09:33:22,61.93,100,
09:33:22,61.93,100,
09:33:22,61.94,100,
09:33:23,61.93,200,
09:33:24,61.93,400,
09:33:24,61.93,100,
09:33:24,61.93,800,
09:33:24,61.93,1200,
09:33:24,61.93,500,
09:33:24,61.94,500,
09:33:24,61.94,100,
09:33:24,61.94,400,
09:33:26,61.93,4600,
09:33:26,61.93,100,
09:33:26,61.93,200,
09:33:26,61.93,400,
09:33:26,61.91,615,
09:33:27,61.92,2600,
09:33:27,61.915,100,
09:33:27,61.92,100,
09:33:27,61.92,100,
09:33:27,61.915,200,
09:33:27,61.91,300,
09:33:28,61.91,315,
09:33:28,61.91,485,
09:33:28,61.90,100,
09:33:28,61.90,1000,
09:33:30,61.90,400,
09:33:30,61.90,200,
09:33:30,61.895,100,
09:33:30,61.90,400,
09:33:30,61.91,100,
09:33:30,61.91,200,
09:33:32,61.92,100,
09:33:32,61.92,300,
09:33:32,61.91,200,
09:33:32,61.91,287,
09:33:32,61.91,800,
09:33:32,61.91,200,
09:33:32,61.91,400,
09:33:32,61.91,200,
09:33:32,61.92,100,
09:33:32,61.92,300,
09:33:33,61.90,100,
09:33:34,61.90,300,
09:33:35,61.89,400,
09:33:36,61.895,100,
09:33:36,61.90,200,
09:33:36,61.91,800,
09:33:36,61.91,900,
09:33:38,61.89,200,
09:33:38,61.89,100,
09:33:39,61.88,400,
09:33:39,61.89,100,
09:33:39,61.89,800,
09:33:39,61.885,200,
09:33:39,61.89,100,
09:33:40,61.89,100,
09:33:40,61.89,200,
09:33:40,61.88,100,
09:33:40,61.88,200,
09:33:40,61.89,100,
09:33:40,61.89,100,
09:33:41,61.89,100,
09:33:41,61.89,200,
09:33:41,61.89,200,
09:33:41,61.89,200,
09:33:41,61.89,800,
09:33:41,61.89,900,
09:33:41,61.89,800,
09:33:41,61.89,700,
09:33:41,61.89,300,
09:33:41,61.89,600,
09:33:41,61.89,400,
09:33:41,61.89,900,
09:33:41,61.89,200,
09:33:41,61.89,100,
09:33:43,61.895,100,
09:33:43,61.90,100,
09:33:44,61.895,100,
09:33:44,61.90,100,
09:33:48,61.91,100,
09:33:48,61.92,100,
09:33:49,61.92,400,
09:33:49,61.92,300,
09:33:49,61.92,113,
09:33:49,61.92,500,
09:33:50,61.92,200,
09:33:50,61.92,200,
09:33:50,61.9201,100,
09:33:50,61.92,100,
09:33:50,61.93,100,
09:33:52,61.94,100,
09:33:52,61.94,100,
09:33:52,61.94,100,
09:33:55,61.93,1500,
09:33:55,61.9399,1000,
09:33:57,61.93,500,
09:33:57,61.93,200,
09:33:57,61.93,100,
09:33:57,61.93,300,
09:33:59,61.93,100,
09:34:01,61.93,189,
09:34:01,61.93,189,
09:34:03,61.94,100,
09:34:04,61.94,200,
09:34:07,61.95,200,
09:34:07,61.95,200,
09:34:07,61.95,600,
09:34:07,61.95,822,
09:34:09,61.96,200,
09:34:10,61.95,600,
09:34:11,61.93,400,
09:34:12,61.94,500,
09:34:12,61.94,100,
09:34:13,61.91,300,
09:34:14,61.91,400,
09:34:17,61.89,100,
09:34:17,61.88,500,
09:34:17,61.88,100,
09:34:19,61.88,200,
09:34:19,61.88,700,
09:34:19,61.88,100,
09:34:19,61.88,1000,
09:34:19,61.88,200,
09:34:19,61.88,100,
09:34:20,61.88,600,
09:34:21,61.88,200,
09:34:21,61.88,200,
09:34:21,61.88,400,
09:34:21,61.88,300,
09:34:24,61.8995,100,
09:34:26,61.89,500,
09:34:26,61.89,300,
09:34:26,61.88,300,
09:34:26,61.89,100,
09:34:30,61.89,100,
09:34:31,61.89,200,
09:34:31,61.89,400,
09:34:31,61.89,170,
09:34:31,61.89,200,
09:34:31,61.89,200,
09:34:31,61.89,200,
09:34:31,61.88,100,
09:34:32,61.88,600,
09:34:32,61.88,600,
09:34:32,61.88,101,
09:34:32,61.88,400,
09:34:32,61.88,200,
09:34:32,61.88,200,
09:34:32,61.88,4200,
09:34:32,61.88,300,
09:34:32,61.88,300,
09:34:32,61.88,600,
09:34:32,61.88,1600,
09:34:32,61.88,1000,
09:34:32,61.88,800,
09:34:32,61.88,400,
09:34:32,61.88,1400,
09:34:32,61.88,1000,
09:34:32,61.88,1000,
09:34:32,61.89,2000,
09:34:32,61.89,300,
09:34:32,61.89,100,
09:34:32,61.89,101,
09:34:32,61.89,700,
09:34:32,61.89,800,
09:34:32,61.89,800,
09:34:32,61.89,785,
09:34:32,61.89,15000,
09:34:32,61.89,100,
09:34:32,61.89,700,
09:34:32,61.89,200,
09:34:32,61.88,100,
09:34:32,61.89,100,
09:34:32,61.89,200,
09:34:32,61.89,200,
09:34:32,61.89,5300,
09:34:33,61.88,200,
09:34:34,61.88,600,
09:34:34,61.88,100,
09:34:34,61.88,200,
09:34:39,61.89,400,
09:34:39,61.89,200,
09:34:40,61.89,525,
09:34:40,61.88,100,
09:34:44,61.88,200,
09:34:45,61.87,170,
09:34:47,61.88,200,
09:34:47,61.88,200,
09:34:47,61.88,200,
09:34:47,61.88,100,
09:34:50,61.88,100,
09:34:50,61.88,100,
09:34:50,61.88,200,
09:34:50,61.88,385,
09:34:50,61.87,315,
09:34:50,61.87,200,
09:34:52,61.87,915,
09:34:54,61.87,100,
09:34:54,61.87,305,
09:34:56,61.87,200,
09:34:56,61.88,200,
09:34:58,61.88,100,
09:34:58,61.88,200,
09:34:58,61.88,100,
09:34:59,61.87,200,
09:35:00,61.88,200,
09:35:01,61.87,100,
09:35:04,61.86,325,
09:35:04,61.86,100,
09:35:04,61.85,100,
09:35:05,61.84,100,
09:35:05,61.8399,100,
09:35:05,61.84,200,
09:35:05,61.84,200,
09:35:10,61.85,300,
09:35:10,61.84,10000,
09:35:10,61.85,400,
09:35:10,61.85,100,
09:35:10,61.85,200,
09:35:10,61.85,200,
09:35:10,61.85,200,
09:35:10,61.85,190,
09:35:10,61.85,400,
09:35:10,61.85,200,
09:35:10,61.85,970,
09:35:10,61.85,100,
09:35:14,61.85,200,
09:35:14,61.85,300,
09:35:14,61.85,200,
09:35:14,61.85,200,
09:35:14,61.84,200,
09:35:15,61.84,800,
09:35:15,61.84,800,
09:35:15,61.84,200,
09:35:15,61.84,400,
09:35:15,61.84,300,
09:35:16,61.84,600,
09:35:18,61.82,100,
09:35:20,61.82,600,
09:35:20,61.83,100,
09:35:20,61.822,150,
09:35:20,61.82,150,
09:35:21,61.82,200,
09:35:21,61.82,200,
09:35:21,61.82,200,
09:35:21,61.81,1800,
09:35:21,61.81,300,
09:35:21,61.81,1350,
09:35:21,61.81,200,
09:35:21,61.81,100,
09:35:21,61.8225,1700,
09:35:23,61.80,243,
09:35:24,61.80,112,
09:35:25,61.78,110,
09:35:25,61.78,100,
09:35:25,61.78,483,
09:35:25,61.78,100,
09:35:26,61.78,300,
09:35:26,61.77,100,
09:35:26,61.78,800,
09:35:26,61.78,200,
09:35:26,61.7701,100,
09:35:26,61.78,900,
09:35:26,61.77,100,
09:35:26,61.78,200,
09:35:27,61.78,100,
09:35:27,61.78,900,
09:35:27,61.785,300,
09:35:28,61.78,100,
09:35:29,61.78,200,
09:35:29,61.78,300,
09:35:29,61.782,100,
09:35:29,61.782,1000,
09:35:29,61.782,200,
09:35:29,61.78,100,
09:35:29,61.77,100,
09:35:29,61.77,400,
09:35:30,61.77,100,
09:35:33,61.76,500,
09:35:34,61.7616,100,
09:35:34,61.76,100,
09:35:34,61.76,300,
09:35:35,61.76,500,
09:35:35,61.76,100,
09:35:36,61.76,100,
09:35:36,61.76,100,
09:35:36,61.75,100,
09:35:36,61.75,1043,
09:35:36,61.75,100,
09:35:36,61.75,200,
09:35:36,61.75,500,
09:35:36,61.75,100,
09:35:37,61.7528,100,
09:35:37,61.75,300,
09:35:37,61.75,1000,
09:35:37,61.75,500,
09:35:38,61.75,165,
09:35:38,61.75,200,
09:35:38,61.75,200,
09:35:38,61.76,383,
09:35:38,61.76,100,
09:35:39,61.76,180,
09:35:41,61.77,100,
09:35:41,61.78,900,
09:35:41,61.78,100,
09:35:41,61.78,400,
09:35:41,61.78,400,
09:35:41,61.78,200,
09:35:41,61.78,400,
09:35:41,61.78,100,
09:35:42,61.78,100,
09:35:42,61.78,800,
09:35:42,61.78,500,
09:35:42,61.78,200,
09:35:43,61.77,1800,
09:35:43,61.77,200,
09:35:44,61.76,100,
09:35:44,61.75,100,
09:35:45,61.75,100,
09:35:45,61.75,100,
09:35:45,61.75,200,
09:35:45,61.75,200,
09:35:46,61.74,100,
09:35:46,61.74,2000,
09:35:46,61.73,100,
09:35:46,61.73,100,
09:35:46,61.73,200,
09:35:46,61.73,200,
09:35:46,61.72,815,
09:35:47,61.72,100,
09:35:47,61.72,1185,
09:35:47,61.72,102,
09:35:48,61.721,2000,
09:35:49,61.72,400,
09:35:50,61.73,200,
09:35:50,61.73,300,
09:35:50,61.73,600,
09:35:50,61.73,200,
09:35:51,61.74,200,
09:35:53,61.74,100,
09:35:53,61.74,200,
09:35:53,61.74,100,
09:35:55,61.74,200,
09:35:55,61.74,200,
09:35:55,61.74,200,
09:35:56,61.74,200,
09:35:56,61.74,200,
09:35:56,61.74,100,
09:35:56,61.73,300,
09:35:57,61.73,200,
09:35:57,61.74,200,
09:35:57,61.74,500,
09:35:58,61.74,500,
09:35:58,61.74,200,
09:35:59,61.74,300,
09:35:59,61.74,100,
09:35:59,61.74,200,
09:36:02,61.74,200,
09:36:04,61.75,100,
09:36:04,61.75,470,
09:36:04,61.75,100,
09:36:04,61.7525,100,
09:36:05,61.75,200,
09:36:05,61.75,300,
09:36:05,61.75,100,
09:36:05,61.75,2300,
09:36:05,61.75,2400,
09:36:05,61.75,8200,
09:36:05,61.75,700,
09:36:05,61.75,200,
09:36:05,61.75,4100,
09:36:05,61.75,100,
09:36:05,61.75,1200,
09:36:05,61.75,200,
09:36:05,61.75,100,
09:36:05,61.75,100,
09:36:05,61.7524,100,
09:36:05,61.7524,100,
09:36:06,61.7523,500,
09:36:07,61.74,200,
09:36:07,61.73,600,
09:36:09,61.74,600,
09:36:10,61.74,300,
09:36:10,61.74,200,
09:36:10,61.74,400,
09:36:10,61.74,200,
09:36:10,61.75,2300,
09:36:10,61.75,600,
09:36:10,61.75,300,
09:36:11,61.74,200,
09:36:15,61.74,200,
09:36:15,61.74,200,
09:36:15,61.75,100,
09:36:15,61.75,100,
09:36:16,61.75,700,
09:36:17,61.75,200,
09:36:17,61.75,600,
09:36:17,61.75,400,
09:36:17,61.75,200,
09:36:17,61.75,200,
09:36:17,61.74,600,
09:36:17,61.74,281,
09:36:17,61.74,481,
09:36:17,61.74,119,
09:36:17,61.74,300,
09:36:17,61.74,169,
09:36:18,61.73,1200,
09:36:18,61.73,200,
09:36:18,61.73,600,
09:36:18,61.73,100,
09:36:18,61.73,200,
09:36:18,61.73,182,
09:36:23,61.73,200,
09:36:23,61.73,500,
09:36:23,61.73,100,
09:36:23,61.73,200,
09:36:24,61.74,1570,
09:36:24,61.74,500,
09:36:24,61.74,400,
09:36:24,61.74,420,
09:36:24,61.74,500,
09:36:24,61.74,1480,
09:36:24,61.74,400,
09:36:24,61.74,800,
09:36:24,61.74,200,
09:36:24,61.75,600,
09:36:24,61.74,100,
09:36:24,61.75,300,
09:36:24,61.75,100,
09:36:24,61.75,200,
09:36:24,61.74,200,
09:36:24,61.74,300,
09:36:25,61.75,200,
09:36:25,61.7523,200,
09:36:25,61.76,100,
09:36:26,61.7599,300,
09:36:26,61.7599,800,
09:36:26,61.7599,500,
09:36:26,61.76,500,
09:36:27,61.77,100,
09:36:27,61.77,200,
09:36:27,61.77,800,
09:36:28,61.78,400,
09:36:28,61.78,100,
09:36:28,61.78,200,
09:36:28,61.78,500,
09:36:28,61.78,600,
09:36:28,61.78,800,
09:36:28,61.78,1600,
09:36:28,61.78,200,
09:36:28,61.7701,100,
09:36:28,61.77,200,
09:36:28,61.77,200,
09:36:28,61.77,300,
09:36:28,61.77,500,
09:36:28,61.77,300,
09:36:28,61.77,300,
09:36:29,61.77,471,
09:36:31,61.7799,1300,
09:36:32,61.78,200,
09:36:32,61.78,200,
09:36:32,61.78,400,
09:36:34,61.779,4000,
09:36:34,61.7799,500,
09:36:36,61.77,100,
09:36:36,61.77,100,
09:36:36,61.77,100,
09:36:36,61.77,200,
09:36:36,61.77,100,
09:36:36,61.77,100,
09:36:36,61.77,100,
09:36:36,61.77,471,
09:36:36,61.77,471,
09:36:36,61.77,100,
09:36:36,61.77,171,
09:36:36,61.77,471,
09:36:36,61.77,500,
09:36:36,61.77,600,
09:36:36,61.765,100,
09:36:36,61.77,500,
09:36:36,61.76,200,
09:36:36,61.76,100,
09:36:36,61.77,100,
09:36:37,61.77,300,
09:36:37,61.7675,100,
09:36:39,61.7699,900,
09:36:40,61.77,200,
09:36:41,61.77,500,
09:36:42,61.77,100,
09:36:42,61.77,100,
09:36:42,61.78,100,
09:36:42,61.78,100,
09:36:42,61.78,371,
09:36:44,61.79,200,
09:36:44,61.79,500,
09:36:44,61.79,200,
09:36:44,61.79,200,
09:36:44,61.79,100,
09:36:44,61.79,200,
09:36:44,61.79,600,
09:36:44,61.79,500,
09:36:44,61.79,100,
09:36:44,61.79,300,
09:36:44,61.79,600,
09:36:45,61.79,100,
09:36:46,61.80,100,
09:36:46,61.7913,500,
09:36:47,61.80,300,
09:36:47,61.80,300,
09:36:47,61.80,800,
09:36:47,61.80,2000,
09:36:47,61.80,500,
09:36:47,61.80,800,
09:36:47,61.80,500,
09:36:47,61.80,800,
09:36:47,61.80,200,
09:36:47,61.80,100,
09:36:48,61.81,100,
09:36:48,61.81,300,
09:36:48,61.81,200,
09:36:48,61.81,100,
09:36:48,61.81,200,
09:36:49,61.81,100,
09:36:49,61.81,100,
09:36:49,61.81,100,
09:36:49,61.81,200,
09:36:49,61.81,300,
09:36:49,61.81,200,
09:36:49,61.81,200,
09:36:49,61.83,500,
09:36:50,61.83,800,
09:36:50,61.83,100,
09:36:50,61.83,200,
09:36:50,61.83,200,
09:36:50,61.83,200,
09:36:50,61.83,400,
09:36:50,61.83,100,
09:36:50,61.83,200,
09:36:50,61.83,200,
09:36:50,61.82,600,
09:36:50,61.82,600,
09:36:50,61.82,100,
09:36:50,61.82,100,
09:36:50,61.81,600,
09:36:51,61.82,300,
09:36:51,61.82,400,
09:36:51,61.82,400,
09:36:51,61.82,200,
09:36:51,61.82,800,
09:36:51,61.8199,600,
09:36:51,61.82,200,
09:36:51,61.82,100,
09:36:51,61.82,700,
09:36:51,61.82,100,
09:36:51,61.82,600,
09:36:51,61.82,200,
09:36:51,61.82,180,
09:36:52,61.82,100,
09:36:52,61.82,1500,
09:36:52,61.82,100,
09:36:52,61.8201,500,
09:36:52,61.81,100,
09:36:53,61.81,200,
09:36:53,61.81,100,
09:36:53,61.80,600,
09:36:53,61.80,500,
09:36:53,61.80,100,
09:36:54,61.79,200,
09:36:54,61.79,100,
09:36:55,61.80,100,
09:36:55,61.80,100,
09:36:55,61.80,485,
09:36:55,61.80,400,
09:36:55,61.80,100,
09:36:55,61.80,115,
09:36:57,61.80,300,
09:36:57,61.8077,200,
09:36:57,61.8076,200,
09:36:57,61.8076,100,
09:36:57,61.8076,100,
09:36:57,61.81,200,
09:36:57,61.81,100,
09:36:58,61.81,150,
09:36:58,61.81,100,
09:36:59,61.81,400,
09:37:00,61.81,100,
09:37:00,61.81,200,
09:37:00,61.81,200,
09:37:00,61.81,100,
09:37:00,61.81,400,
09:37:00,61.81,200,
09:37:00,61.81,240,
09:37:00,61.81,100,
09:37:00,61.81,600,
09:37:00,61.81,200,
09:37:00,61.81,700,
09:37:00,61.819,700,
09:37:01,61.81,100,
09:37:01,61.81,500,
09:37:01,61.81,100,
09:37:01,61.81,200,
09:37:01,61.81,600,
09:37:01,61.81,800,
09:37:01,61.8099,200,
09:37:02,61.81,100,
09:37:02,61.81,100,
09:37:02,61.81,100,
09:37:02,61.81,100,
09:37:03,61.80,300,
09:37:04,61.81,400,
09:37:04,61.81,500,
09:37:04,61.81,800,
09:37:04,61.81,200,
09:37:04,61.81,200,
09:37:05,61.81,200,
09:37:07,61.82,100,
09:37:07,61.82,800,
09:37:07,61.8201,300,
09:37:07,61.82,100,
09:37:07,61.82,100,
09:37:07,61.82,300,
09:37:07,61.82,200,
09:37:07,61.82,100,
09:37:07,61.82,500,
09:37:07,61.82,200,
09:37:09,61.81,200,
09:37:09,61.81,200,
09:37:10,61.80,2100,
09:37:10,61.80,300,
09:37:10,61.80,400,
09:37:10,61.80,200,
09:37:10,61.80,515,
09:37:10,61.80,200,
09:37:10,61.80,200,
09:37:10,61.80,100,
09:37:10,61.80,200,
09:37:10,61.80,200,
09:37:10,61.80,215,
09:37:10,61.80,815,
09:37:10,61.80,1100,
09:37:10,61.79,300,
09:37:10,61.79,500,
09:37:10,61.79,200,
09:37:10,61.79,400,
09:37:10,61.79,100,
09:37:10,61.79,300,
09:37:10,61.79,300,
09:37:10,61.8001,1700,
09:37:10,61.79,167,
09:37:10,61.79,200,
09:37:10,61.79,200,
09:37:10,61.79,100,
09:37:10,61.79,400,
09:37:10,61.79,400,
09:37:10,61.79,171,
09:37:10,61.79,100,
09:37:16,61.79,100,
09:37:16,61.79,200,
09:37:16,61.79,200,
09:37:18,61.79,500,
09:37:18,61.80,300,
09:37:18,61.80,200,
09:37:18,61.7999,300,
09:37:18,61.81,200,
09:37:18,61.81,200,
09:37:18,61.81,500,
09:37:18,61.81,100,
09:37:19,61.80,200,
09:37:19,61.80,200,
09:37:21,61.80,400,
09:37:21,61.80,600,
09:37:22,61.80,400,
09:37:22,61.80,600,
09:37:22,61.809,3000,
09:37:22,61.80,200,
09:37:22,61.80,100,
09:37:22,61.80,100,
09:37:25,61.81,100,
09:37:28,61.81,200,
09:37:28,61.81,200,
09:37:28,61.81,200,
09:37:28,61.819,100,
09:37:31,61.809,200,
09:37:32,61.81,200,
09:37:32,61.81,100,
09:37:36,61.8125,200,
09:37:36,61.8125,400,
09:37:36,61.81,300,
09:37:36,61.81,100,
09:37:38,61.81,200,
09:37:38,61.81,200,
09:37:38,61.81,100,
09:37:38,61.80,136,
09:37:38,61.80,400,
09:37:38,61.80,100,
09:37:38,61.79,815,
09:37:38,61.79,100,
09:37:38,61.79,100,
09:37:39,61.78,100,
09:37:39,61.78,200,
09:37:45,61.79,100,
09:37:45,61.79,200,
09:37:46,61.80,241,
09:37:46,61.80,400,
09:37:46,61.80,200,
09:37:46,61.81,1000,
09:37:46,61.81,100,
09:37:46,61.81,500,
09:37:46,61.81,400,
09:37:46,61.81,200,
09:37:46,61.8099,2000,
09:37:49,61.82,200,
09:37:50,61.82,700,
09:37:50,61.8199,200,
09:37:50,61.8199,900,
09:37:50,61.8199,300,
09:37:50,61.8199,300,
09:37:50,61.82,300,
09:37:50,61.82,200,
09:37:50,61.82,100,
09:37:51,61.82,100,
09:37:53,61.82,200,
09:37:53,61.82,400,
09:37:53,61.82,400,
09:37:53,61.82,200,
09:37:53,61.82,100,
09:37:53,61.82,500,
09:37:53,61.82,300,
09:37:53,61.82,500,
09:37:53,61.82,200,
09:37:54,61.82,200,
09:37:54,61.82,800,
09:37:54,61.82,200,
09:37:54,61.82,200,
09:37:54,61.82,200,
09:37:54,61.82,200,
09:37:54,61.82,100,
09:37:54,61.83,200,
09:37:54,61.83,100,
09:37:54,61.83,300,
09:37:54,61.83,200,
09:37:54,61.83,300,
09:37:55,61.84,200,
09:37:57,61.8301,500,
09:37:58,61.83,200,
09:37:58,61.83,100,
09:37:58,61.8201,600,
09:38:02,61.81,100,
09:38:02,61.81,100,
09:38:02,61.81,100,
09:38:02,61.81,100,
09:38:02,61.81,100,
09:38:02,61.81,500,
09:38:02,61.80,200,
09:38:03,61.8076,200,
09:38:03,61.8076,400,
09:38:03,61.809,1300,
09:38:03,61.80,100,
09:38:03,61.80,400,
09:38:04,61.79,200,
09:38:05,61.7899,600,
09:38:06,61.781,100,
09:38:06,61.781,100,
09:38:07,61.781,2100,
09:38:07,61.78,100,
09:38:07,61.78,200,
09:38:07,61.78,400,
09:38:07,61.78,200,
09:38:07,61.78,400,
09:38:07,61.7814,200,
09:38:07,61.7814,200,
09:38:07,61.7801,1000,
09:38:07,61.78,500,
09:38:07,61.78,100,
09:38:07,61.78,300,
09:38:08,61.78,200,
09:38:08,61.78,200,
09:38:08,61.78,200,
09:38:09,61.77,100,
09:38:10,61.77,400,
09:38:10,61.77,200,
09:38:10,61.76,100,
09:38:12,61.75,100,
09:38:12,61.74,215,
09:38:12,61.745,300,
09:38:12,61.74,185,
09:38:13,61.74,146,
09:38:13,61.73,100,
09:38:13,61.73,200,
09:38:14,61.73,100,
09:38:14,61.73,400,
09:38:14,61.73,500,
09:38:14,61.73,100,
09:38:14,61.73,180,
09:38:14,61.73,200,
09:38:14,61.73,200,
09:38:14,61.73,600,
09:38:14,61.74,500,
09:38:14,61.74,454,
09:38:14,61.74,200,
09:38:14,61.74,400,
09:38:15,61.75,100,
09:38:15,61.75,600,
09:38:15,61.75,500,
09:38:15,61.7599,500,
09:38:15,61.77,100,
09:38:16,61.78,200,
09:38:17,61.79,100,
09:38:18,61.80,200,
09:38:19,61.80,800,
09:38:19,61.80,200,
09:38:19,61.80,200,
09:38:19,61.80,400,
09:38:19,61.80,320,
09:38:19,61.80,800,
09:38:19,61.80,100,
09:38:19,61.7901,300,
09:38:19,61.79,100,
09:38:19,61.79,200,
09:38:19,61.78,200,
09:38:20,61.78,100,
09:38:20,61.78,100,
09:38:20,61.78,200,
09:38:20,61.77,515,
09:38:20,61.77,200,
09:38:21,61.77,100,
09:38:22,61.77,200,
09:38:22,61.77,800,
09:38:22,61.77,700,
09:38:22,61.77,500,
09:38:22,61.77,100,
09:38:22,61.78,400,
09:38:22,61.78,100,
09:38:22,61.79,200,
09:38:23,61.79,400,
09:38:25,61.80,100,
09:38:25,61.7999,400,
09:38:26,61.79,500,
09:38:26,61.79,800,
09:38:26,61.79,200,
09:38:26,61.78,200,
09:38:26,61.78,200,
09:38:26,61.77,100,
09:38:26,61.77,100,
09:38:26,61.77,300,
09:38:26,61.77,900,
09:38:26,61.77,200,
09:38:27,61.78,1200,
09:38:31,61.76,160,
09:38:31,61.76,200,
09:38:32,61.75,400,
09:38:32,61.75,200,
09:38:32,61.7501,500,
09:38:32,61.7501,1400,
09:38:32,61.75,100,
09:38:32,61.74,5100,
09:38:35,61.74,400,
09:38:35,61.74,100,
09:38:38,61.73,500,
09:38:38,61.73,200,
09:38:38,61.73,200,
09:38:38,61.73,197,
09:38:38,61.74,400,
09:38:38,61.74,200,
09:38:42,61.74,200,
09:38:42,61.74,200,
09:38:45,61.75,200,
09:38:45,61.75,100,
09:38:45,61.76,100,
09:38:46,61.77,100,
09:38:49,61.77,500,
09:38:50,61.77,200,
09:38:50,61.77,300,
09:38:52,61.76,100,
09:38:52,61.76,100,
09:38:55,61.76,100,
09:38:55,61.76,100,
09:38:55,61.76,300,
09:38:57,61.76,200,
09:38:57,61.76,100,
09:38:57,61.76,200,
09:38:57,61.77,100,
09:38:59,61.76,200,
09:38:59,61.76,200,
09:38:59,61.75,100,
09:38:59,61.74,300,
09:38:59,61.75,500,
09:38:59,61.75,500,
09:38:59,61.7499,200,
09:38:59,61.75,100,
09:38:59,61.75,200,
09:38:59,61.75,200,
09:38:59,61.75,200,
09:39:00,61.76,200,
09:39:01,61.751,500,
09:39:01,61.76,200,
09:39:02,61.76,200,
09:39:02,61.76,400,
09:39:02,61.76,800,
09:39:02,61.76,100,
09:39:02,61.76,200,
09:39:03,61.76,100,
09:39:03,61.76,100,
09:39:05,61.75,200,
09:39:06,61.74,100,
09:39:07,61.74,1300,
09:39:08,61.73,200,
09:39:08,61.72,120,
09:39:08,61.72,100,
09:39:10,61.72,100,
09:39:10,61.72,200,
09:39:10,61.72,100,
09:39:10,61.72,100,
09:39:10,61.73,400,
09:39:10,61.73,100,
09:39:10,61.73,200,
09:39:10,61.73,1430,
09:39:11,61.74,200,
09:39:11,61.7499,100,
09:39:13,61.75,600,
09:39:13,61.75,800,
09:39:14,61.74,400,
09:39:14,61.74,200,
09:39:14,61.74,500,
09:39:14,61.74,200,
09:39:15,61.73,300,
09:39:16,61.73,200,
09:39:16,61.73,200,
09:39:16,61.74,200,
09:39:16,61.74,600,
09:39:16,61.74,400,
09:39:16,61.74,100,
09:39:16,61.74,600,
09:39:16,61.74,1100,
09:39:20,61.73,200,
09:39:21,61.73,200,
09:39:21,61.73,200,
09:39:21,61.73,200,
09:39:21,61.73,215,
09:39:22,61.722,2500,
09:39:25,61.73,200,
09:39:25,61.73,200,
09:39:25,61.73,200,
09:39:26,61.73,430,
09:39:26,61.73,200,
09:39:26,61.73,1630,
09:39:26,61.7299,500,
09:39:27,61.73,100,
09:39:27,61.73,300,
09:39:27,61.73,200,
09:39:29,61.74,100,
09:39:29,61.74,800,
09:39:29,61.74,400,
09:39:29,61.74,3300,
09:39:29,61.75,400,
09:39:29,61.75,800,
09:39:29,61.75,400,
09:39:29,61.75,1200,
09:39:29,61.75,1600,
09:39:32,61.75,100,
09:39:32,61.76,300,
09:39:32,61.7599,100,
09:39:32,61.76,600,
09:39:33,61.77,400,
09:39:33,61.77,200,
09:39:33,61.77,400,
09:39:33,61.77,500,
09:39:33,61.78,500,
09:39:33,61.78,200,
09:39:33,61.78,100,
09:39:33,61.78,200,
09:39:33,61.78,400,
09:39:33,61.78,200,
09:39:33,61.78,800,
09:39:33,61.78,500,
09:39:33,61.78,100,
09:39:33,61.77,100,
09:39:34,61.78,100,
09:39:34,61.78,500,
09:39:35,61.77,360,
09:39:35,61.77,1400,
09:39:36,61.76,100,
09:39:41,61.76,100,
09:39:41,61.7599,500,
09:39:41,61.7607,300,
09:39:44,61.77,200,
09:39:45,61.77,100,
09:39:50,61.77,100,
09:39:50,61.78,500,
09:39:50,61.78,200,
09:39:51,61.78,200,
09:39:51,61.78,200,
09:39:51,61.78,200,
09:39:52,61.78,100,
09:39:56,61.78,100,
09:39:59,61.7999,300,
09:39:59,61.79,200,
09:39:59,61.79,600,
09:39:59,61.79,200,
09:40:00,61.79,300,
09:40:00,61.78,400,
09:40:00,61.78,200,
09:40:02,61.78,100,
09:40:03,61.7701,100,
09:40:04,61.78,200,
09:40:04,61.78,400,
09:40:04,61.78,800,
09:40:04,61.78,200,
09:40:05,61.78,200,
09:40:05,61.78,200,
09:40:05,61.77,100,
09:40:05,61.77,100,
09:40:05,61.78,100,
09:40:05,61.77,100,
09:40:05,61.77,200,
09:40:05,61.77,400,
09:40:05,61.77,400,
09:40:05,61.77,1600,
09:40:05,61.77,200,
09:40:05,61.77,100,
09:40:05,61.7699,300,
09:40:05,61.78,100,
09:40:05,61.78,800,
09:40:09,61.77,100,
09:40:10,61.76,100,
09:40:11,61.76,100,
09:40:11,61.76,100,
09:40:11,61.76,100,
09:40:11,61.76,200,
09:40:11,61.76,200,
09:40:12,61.76,100,
09:40:12,61.76,200,
09:40:12,61.76,800,
09:40:12,61.76,200,
09:40:15,61.76,200,
09:40:15,61.7601,200,
09:40:15,61.76,200,
09:40:16,61.75,210,
09:40:23,61.76,1000,
09:40:25,61.75,100,
09:40:26,61.75,200,
09:40:26,61.75,100,
09:40:28,61.7499,200,
09:40:28,61.75,100,
09:40:28,61.7499,100,
09:40:31,61.76,100,
09:40:31,61.755,400,
09:40:31,61.76,300,
09:40:34,61.77,300,
09:40:34,61.77,800,
09:40:34,61.77,200,
09:40:35,61.77,135,
09:40:35,61.77,165,
09:40:36,61.778,1400,
09:40:38,61.76,200,
09:40:40,61.76,200,
09:40:40,61.76,100,
09:40:41,61.76,100,
09:40:41,61.75,100,
09:40:41,61.75,100,
09:40:41,61.75,200,
09:40:41,61.75,100,
09:40:41,61.75,100,
09:40:41,61.75,100,
09:40:42,61.74,500,
09:40:42,61.74,200,
09:40:44,61.73,100,
09:40:44,61.7301,4700,
09:40:46,61.73,500,
09:40:46,61.73,600,
09:40:46,61.74,400,
09:40:46,61.74,100,
09:40:47,61.74,100,
09:40:47,61.74,200,
09:40:47,61.74,200,
09:40:47,61.74,125,
09:40:49,61.7301,200,
09:40:49,61.73,200,
09:40:49,61.73,200,
09:40:55,61.73,200,
09:40:58,61.72,200,
09:40:58,61.72,400,
09:40:59,61.71,200,
09:40:59,61.71,1500,
09:40:59,61.71,500,
09:40:59,61.70,400,
09:40:59,61.70,200,
09:40:59,61.70,400,
09:40:59,61.70,300,
09:40:59,61.70,500,
09:40:59,61.70,105,
09:41:00,61.70,500,
09:41:00,61.70,100,
09:41:00,61.70,400,
09:41:00,61.70,600,
09:41:00,61.70,200,
09:41:00,61.70,1200,
09:41:00,61.70,200,
09:41:01,61.705,100,
09:41:01,61.70,389,
09:41:01,61.70,400,
09:41:01,61.70,100,
09:41:01,61.70,100,
09:41:01,61.70,100,
09:41:01,61.70,150,
09:41:01,61.70,165,
09:41:02,61.70,200,
09:41:02,61.70,100,
09:41:04,61.70,165,
09:41:04,61.70,100,
09:41:04,61.70,400,
09:41:05,61.70,100,
09:41:08,61.705,100,
09:41:08,61.70,200,
09:41:08,61.70,200,
09:41:09,61.69,600,
09:41:09,61.69,900,
09:41:09,61.69,300,
09:41:09,61.69,1700,
09:41:09,61.69,650,
09:41:09,61.69,150,
09:41:09,61.69,150,
09:41:10,61.6999,4000,
09:41:13,61.70,200,
09:41:15,61.70,150,
09:41:15,61.70,200,
09:41:15,61.70,155,
09:41:15,61.6999,500,
09:41:15,61.70,100,
09:41:15,61.70,100,
09:41:15,61.70,100,
09:41:16,61.71,200,
09:41:16,61.72,200,
09:41:16,61.72,100,
09:41:16,61.72,160,
09:41:17,61.73,100,
09:41:17,61.73,600,
09:41:17,61.7299,600,
09:41:18,61.735,100,
09:41:18,61.73,200,
09:41:19,61.73,100,
09:41:19,61.73,100,
09:41:19,61.73,800,
09:41:19,61.73,200,
09:41:19,61.72,2000,
09:41:19,61.72,300,
09:41:20,61.72,200,
09:41:23,61.71,100,
09:41:23,61.71,100,
09:41:23,61.71,300,
09:41:23,61.71,200,
09:41:23,61.71,200,
09:41:23,61.7099,600,
09:41:24,61.71,200,
09:41:24,61.71,1800,
09:41:24,61.71,200,
09:41:24,61.71,208,
09:41:24,61.71,800,
09:41:24,61.71,400,
09:41:24,61.70,100,
09:41:24,61.70,800,
09:41:24,61.70,4800,
09:41:24,61.70,1000,
09:41:24,61.70,2400,
09:41:24,61.70,400,
09:41:24,61.70,800,
09:41:24,61.70,2000,
09:41:24,61.70,200,
09:41:24,61.70,400,
09:41:24,61.70,800,
09:41:24,61.70,15000,
09:41:25,61.70,400,
09:41:27,61.71,200,
09:41:27,61.71,200,
09:41:27,61.71,300,
09:41:27,61.71,200,
09:41:27,61.7099,500,
09:41:29,61.72,300,
09:41:29,61.72,500,
09:41:29,61.72,380,
09:41:29,61.73,200,
09:41:29,61.7299,1400,
09:41:29,61.73,200,
09:41:29,61.73,200,
09:41:29,61.73,200,
09:41:29,61.73,400,
09:41:29,61.73,200,
09:41:29,61.73,300,
09:41:29,61.73,200,
09:41:34,61.73,200,
09:41:34,61.73,200,
09:41:34,61.73,300,
09:41:35,61.7223,200,
09:41:37,61.73,200,
09:41:37,61.7299,1200,
09:41:37,61.7386,100,
09:41:37,61.7386,400,
09:41:37,61.739,3600,
09:41:37,61.739,3684,
09:41:38,61.73,100,
09:41:38,61.73,100,
09:41:38,61.73,200,
09:41:38,61.73,100,
09:41:38,61.73,100,
09:41:38,61.73,100,
09:41:38,61.73,200,
09:41:38,61.73,500,
09:41:38,61.73,500,
09:41:39,61.72,300,
09:41:39,61.72,100,
09:41:39,61.72,1000,
09:41:40,61.74,700,
09:41:41,61.72,200,
09:41:41,61.72,400,
09:41:41,61.72,200,
09:41:41,61.72,800,
09:41:41,61.72,300,
09:41:41,61.72,500,
09:41:46,61.72,15000,
09:41:47,61.73,300,
09:41:47,61.7299,1100,
09:41:49,61.74,1100,
09:41:49,61.74,200,
09:41:49,61.7399,200,
09:41:49,61.7399,1100,
09:41:49,61.7399,100,
09:41:49,61.74,2752,
09:41:49,61.74,100,
09:41:49,61.74,100,
09:41:49,61.74,100,
09:41:49,61.74,400,
09:41:49,61.74,800,
09:41:49,61.74,300,
09:41:49,61.74,423,
09:41:49,61.74,600,
09:41:52,61.7399,100,
09:41:52,61.74,200,
09:41:52,61.74,187,
09:41:52,61.74,200,
09:41:52,61.74,400,
09:41:52,61.75,100,
09:41:54,61.76,200,
09:41:54,61.76,800,
09:41:54,61.76,600,
09:41:54,61.76,100,
09:41:54,61.76,100,
09:41:54,61.77,100,
09:41:57,61.77,100,
09:41:57,61.77,200,
09:41:57,61.77,300,
09:41:58,61.77,200,
09:41:58,61.77,100,
09:41:58,61.78,200,
09:41:58,61.78,300,
09:42:00,61.77,100,
09:42:00,61.77,909,
09:42:00,61.77,200,
09:42:00,61.77,600,
09:42:00,61.7701,500,
09:42:00,61.77,100,
09:42:00,61.77,100,
09:42:00,61.775,100,
09:42:00,61.77,100,
09:42:00,61.77,100,
09:42:01,61.7699,500,
09:42:05,61.77,100,
09:42:10,61.78,100,
09:42:12,61.79,100,
09:42:13,61.78,400,
09:42:13,61.78,400,
09:42:13,61.78,200,
09:42:13,61.78,800,
09:42:13,61.78,113,
09:42:13,61.77,100,
09:42:16,61.77,300,
09:42:16,61.77,200,
09:42:16,61.77,400,
09:42:16,61.77,200,
09:42:16,61.7701,600,
09:42:16,61.76,100,
09:42:16,61.76,100,
09:42:16,61.76,200,
09:42:16,61.76,200,
09:42:18,61.75,200,
09:42:18,61.75,100,
09:42:18,61.75,400,
09:42:18,61.75,253,
09:42:18,61.75,100,
09:42:19,61.74,200,
09:42:19,61.74,200,
09:42:21,61.74,200,
09:42:21,61.74,100,
09:42:21,61.74,200,
09:42:21,61.7401,600,
09:42:21,61.74,1400,
09:42:27,61.73,600,
09:42:27,61.72,100,
09:42:30,61.73,200,
09:42:30,61.73,200,
09:42:30,61.7299,500,
09:42:30,61.74,100,
09:42:31,61.74,200,
09:42:31,61.74,200,
09:42:31,61.74,200,
09:42:31,61.74,100,
09:42:35,61.73,100,
09:42:36,61.73,100,
09:42:36,61.73,200,
09:42:37,61.72,100,
09:42:37,61.72,600,
09:42:42,61.72,300,
09:42:42,61.72,300,
09:42:45,61.72,400,
09:42:46,61.71,100,
09:42:51,61.7199,200,
09:42:53,61.72,100,
09:42:54,61.719,2000,
09:42:58,61.72,200,
09:42:58,61.72,200,
09:42:58,61.72,200,
09:42:58,61.7199,500,
09:42:58,61.73,100,
09:43:01,61.74,100,
09:43:01,61.7399,100,
09:43:02,61.74,100,
09:43:03,61.748,120,
09:43:09,61.7499,600,
09:43:12,61.75,200,
09:43:12,61.75,200,
09:43:12,61.75,200,
09:43:12,61.75,200,
09:43:14,61.75,200,
09:43:14,61.75,800,
09:43:14,61.75,200,
09:43:14,61.76,100,
09:43:14,61.7599,100,
09:43:14,61.76,100,
09:43:15,61.76,100,
09:43:16,61.769,900,
09:43:18,61.76,200,
09:43:18,61.76,100,
09:43:18,61.76,200,
09:43:18,61.76,100,
09:43:18,61.76,200,
09:43:23,61.76,200,
09:43:23,61.76,200,
09:43:23,61.76,2000,
09:43:28,61.77,800,
09:43:28,61.77,153,
09:43:33,61.76,100,
09:43:33,61.76,200,
09:43:33,61.76,200,
09:43:34,61.75,200,
09:43:35,61.74,200,
09:43:35,61.74,100,
09:43:36,61.7305,500,
09:43:39,61.73,300,
09:43:39,61.7395,1500,
09:43:40,61.73,100,
09:43:42,61.73,400,
09:43:42,61.73,400,
09:43:42,61.73,100,
09:43:42,61.73,400,
09:43:42,61.73,100,
09:43:42,61.73,800,
09:43:42,61.73,800,
09:43:42,61.73,200,
09:43:42,61.73,100,
09:43:43,61.72,184,
09:43:44,61.722,2500,
09:43:50,61.71,100,
09:43:50,61.71,100,
09:43:50,61.71,300,
09:43:51,61.71,300,
09:43:51,61.71,100,
09:43:51,61.71,500,
09:43:51,61.71,400,
09:43:51,61.71,600,
09:43:52,61.71,100,
09:43:52,61.71,800,
09:43:52,61.71,200,
09:43:52,61.7099,300,
09:43:52,61.71,100,
09:43:52,61.71,200,
09:43:53,61.71,100,
09:43:53,61.70,200,
09:43:53,61.71,100,
09:43:53,61.71,100,
09:43:53,61.71,300,
09:43:56,61.71,200,
09:43:56,61.71,200,
09:43:56,61.71,300,
09:43:56,61.71,100,
09:43:57,61.7199,100,
09:43:57,61.72,200,
09:43:57,61.72,200,
09:43:57,61.72,100,
09:43:57,61.72,600,
09:43:57,61.72,100,
09:43:57,61.72,193,
09:43:57,61.72,132,
09:43:57,61.73,200,
09:43:59,61.73,431,
09:44:01,61.73,2400,
09:44:02,61.73,200,
09:44:04,61.73,100,
09:44:04,61.7201,100,
09:44:08,61.72,383,
09:44:08,61.72,400,
09:44:09,61.72,317,
09:44:09,61.71,200,
09:44:09,61.72,200,
09:44:11,61.70,100,
09:44:12,61.71,600,
09:44:12,61.71,200,
09:44:12,61.71,600,
09:44:14,61.70,200,
09:44:14,61.70,100,
09:44:14,61.70,330,
09:44:17,61.69,200,
09:44:17,61.69,100,
09:44:17,61.6899,200,
09:44:18,61.68,100,
09:44:19,61.69,732,
09:44:19,61.6816,250,
09:44:20,61.69,100,
09:44:20,61.69,104,
09:44:20,61.69,196,
09:44:20,61.69,100,
09:44:20,61.69,100,
09:44:21,61.70,100,
09:44:21,61.6999,500,
09:44:24,61.71,100,
09:44:26,61.71,400,
09:44:26,61.7099,100,
09:44:26,61.72,100,
09:44:27,61.72,100,
09:44:27,61.72,300,
09:44:27,61.73,200,
09:44:27,61.73,300,
09:44:27,61.73,1900,
09:44:27,61.73,100,
09:44:27,61.73,100,
09:44:27,61.73,300,
09:44:29,61.73,100,
09:44:30,61.73,100,
09:44:30,61.73,100,
09:44:30,61.73,200,
09:44:30,61.73,200,
09:44:30,61.73,200,
09:44:30,61.73,200,
09:44:31,61.7301,900,
09:44:31,61.735,100,
09:44:31,61.73,100,
09:44:31,61.735,100,
09:44:32,61.73,100,
09:44:36,61.73,700,
09:44:36,61.73,100,
09:44:37,61.73,300,
09:44:37,61.73,4900,
09:44:42,61.72,200,
09:44:48,61.7101,100,
09:44:54,61.71,400,
09:44:54,61.71,200,
09:44:57,61.72,200,
09:45:00,61.71,200,
09:45:00,61.7101,800,
09:45:01,61.7175,200,
09:45:01,61.7199,1000,
09:45:01,61.72,1000,
09:45:01,61.7175,200,
09:45:01,61.72,500,
09:45:01,61.72,200,
09:45:03,61.72,100,
09:45:12,61.7199,1700,
09:45:12,61.7101,500,
09:45:12,61.71,600,
09:45:13,61.71,200,
09:45:13,61.71,200,
09:45:14,61.72,100,
09:45:14,61.72,200,
09:45:14,61.72,200,
09:45:14,61.72,200,
09:45:15,61.73,200,
09:45:16,61.73,1300,
09:45:17,61.7399,100,
09:45:18,61.75,3700,
09:45:18,61.75,100,
09:45:18,61.75,400,
09:45:18,61.74,100,
09:45:20,61.7501,105,
09:45:21,61.76,200,
09:45:22,61.7686,200,
09:45:22,61.7699,1200,
09:45:23,61.77,200,
09:45:23,61.77,2000,
09:45:24,61.78,575,
09:45:24,61.78,760,
09:45:24,61.78,400,
09:45:24,61.78,200,
09:45:24,61.78,100,
09:45:25,61.78,100,
09:45:25,61.78,100,
09:45:25,61.79,200,
09:45:26,61.7987,400,
09:45:26,61.80,200,
09:45:26,61.80,100,
09:45:26,61.80,600,
09:45:26,61.80,1200,
09:45:26,61.79,200,
09:45:26,61.79,100,
09:45:26,61.79,100,
09:45:26,61.79,200,
09:45:26,61.78,400,
09:45:27,61.7801,400,
09:45:27,61.7801,100,
09:45:27,61.78,200,
09:45:27,61.78,200,
09:45:28,61.78,2000,
09:45:29,61.79,300,
09:45:30,61.80,795,
09:45:30,61.80,510,
09:45:31,61.81,400,
09:45:31,61.81,400,
09:45:31,61.81,320,
09:45:31,61.81,150,
09:45:31,61.81,800,
09:45:31,61.81,100,
09:45:31,61.81,815,
09:45:31,61.81,100,
09:45:31,61.81,300,
09:45:32,61.81,200,
09:45:32,61.81,200,
09:45:32,61.81,200,
09:45:32,61.82,342,
09:45:32,61.82,300,
09:45:32,61.81,800,
09:45:32,61.81,200,
09:45:32,61.81,320,
09:45:32,61.81,200,
09:45:32,61.81,300,
09:45:33,61.81,100,
09:45:33,61.81,300,
09:45:33,61.81,285,
09:45:34,61.81,300,
09:45:34,61.81,200,
09:45:34,61.81,200,
09:45:34,61.81,200,
09:45:34,61.81,400,
09:45:34,61.81,300,
09:45:34,61.81,800,
09:45:34,61.82,200,
09:45:34,61.8188,100,
09:45:34,61.82,400,
09:45:34,61.82,300,
09:45:34,61.82,100,
09:45:34,61.82,100,
09:45:34,61.82,200,
09:45:35,61.81,500,
09:45:35,61.81,200,
09:45:35,61.81,200,
09:45:35,61.8101,100,
09:45:35,61.81,1400,
09:45:36,61.81,300,
09:45:37,61.81,100,
09:45:37,61.81,100,
09:45:40,61.81,300,
09:45:41,61.82,100,
09:45:41,61.82,289,
09:45:41,61.82,600,
09:45:41,61.82,800,
09:45:41,61.82,800,
09:45:41,61.82,100,
09:45:41,61.82,258,
09:45:44,61.811,1125,
09:45:44,61.84,700,
09:45:44,61.84,100,
09:45:44,61.84,150,
09:45:44,61.83,200,
09:45:45,61.83,100,
09:45:45,61.83,500,
09:45:45,61.83,200,
09:45:45,61.83,100,
09:45:46,61.84,100,
09:45:46,61.84,137,
09:45:46,61.84,200,
09:45:46,61.84,158,
09:45:48,61.8599,900,
09:45:48,61.86,400,
09:45:50,61.86,100,
09:45:50,61.85,100,
09:45:50,61.85,200,
09:45:50,61.85,500,
09:45:50,61.84,500,
09:45:50,61.84,276,
09:45:50,61.84,200,
09:45:50,61.84,500,
09:45:50,61.84,600,
09:45:50,61.84,200,
09:45:50,61.84,114,
09:45:50,61.84,190,
09:45:50,61.84,200,
09:45:50,61.85,200,
09:45:50,61.84,200,
09:45:50,61.83,615,
09:45:51,61.84,100,
09:45:51,61.84,100,
09:45:51,61.84,200,
09:45:51,61.83,100,
09:45:51,61.84,100,
09:45:52,61.84,100,
09:45:53,61.83,100,
09:45:53,61.83,100,
09:45:53,61.83,100,
09:45:53,61.83,200,
09:45:53,61.8301,400,
09:45:53,61.83,3000,
09:45:53,61.83,100,
09:45:53,61.83,200,
09:45:53,61.83,200,
09:45:54,61.82,200,
09:45:54,61.81,200,
09:45:54,61.81,200,
09:45:54,61.81,100,
09:45:54,61.81,200,
09:45:56,61.82,300,
09:45:56,61.8186,200,
09:45:56,61.8187,200,
09:45:56,61.82,200,
09:45:56,61.82,200,
09:45:56,61.82,380,
09:45:56,61.82,200,
09:45:56,61.819,100,
09:45:57,61.83,100,
09:45:57,61.83,400,
09:45:57,61.83,200,
09:46:00,61.83,200,
09:46:00,61.83,200,
09:46:00,61.83,100,
09:46:00,61.83,400,
09:46:00,61.82,100,
09:46:00,61.82,100,
09:46:00,61.82,100,
09:46:00,61.82,200,
09:46:00,61.82,300,
09:46:00,61.82,100,
09:46:00,61.82,100,
09:46:00,61.82,100,
09:46:00,61.82,100,
09:46:03,61.83,100,
09:46:03,61.83,100,
09:46:03,61.83,300,
09:46:03,61.83,200,
09:46:03,61.83,100,
09:46:09,61.84,200,
09:46:09,61.84,300,
09:46:09,61.84,300,
09:46:09,61.84,1600,
09:46:09,61.84,100,
09:46:11,61.84,200,
09:46:11,61.84,200,
09:46:11,61.84,200,
09:46:12,61.84,300,
09:46:12,61.84,200,
09:46:12,61.84,100,
09:46:13,61.84,300,
09:46:16,61.8332,200,
09:46:18,61.84,300,
09:46:18,61.84,200,
09:46:18,61.84,400,
09:46:18,61.84,200,
09:46:18,61.84,200,
09:46:21,61.85,300,
09:46:23,61.85,100,
09:46:24,61.84,200,
09:46:24,61.8401,400,
09:46:24,61.84,100,
09:46:27,61.83,300,
09:46:27,61.83,200,
09:46:27,61.83,900,
09:46:27,61.83,100,
09:46:27,61.83,400,
09:46:27,61.83,200,
09:46:29,61.83,200,
09:46:32,61.82,100,
09:46:33,61.83,200,
09:46:33,61.83,200,
09:46:33,61.83,200,
09:46:33,61.83,500,
09:46:33,61.8296,400,
09:46:33,61.83,300,
09:46:33,61.83,300,
09:46:34,61.828,3600,
09:46:34,61.83,100,
09:46:34,61.82,100,
09:46:34,61.82,200,
09:46:34,61.82,2600,
09:46:34,61.82,800,
09:46:34,61.82,400,
09:46:35,61.82,500,
09:46:35,61.82,1800,
09:46:35,61.82,200,
09:46:35,61.82,100,
09:46:35,61.81,400,
09:46:35,61.81,400,
09:46:35,61.81,100,
09:46:35,61.81,100,
09:46:35,61.81,400,
09:46:35,61.8101,200,
09:46:38,61.81,200,
09:46:38,61.81,1700,
09:46:44,61.80,100,
09:46:45,61.80,200,
09:46:55,61.80,200,
09:46:56,61.80,400,
09:46:56,61.80,200,
09:46:56,61.80,100,
09:46:56,61.80,1000,
09:46:56,61.80,800,
09:46:56,61.80,200,
09:46:56,61.80,200,
09:46:56,61.80,300,
09:46:56,61.80,200,
09:46:56,61.80,300,
09:46:56,61.80,410,
09:46:56,61.80,600,
09:46:56,61.80,100,
09:46:56,61.80,100,
09:46:56,61.80,200,
09:46:56,61.80,800,
09:46:56,61.80,800,
09:46:56,61.80,100,
09:46:56,61.80,200,
09:46:56,61.80,800,
09:46:56,61.80,600,
09:46:56,61.80,500,
09:46:56,61.80,800,
09:46:56,61.80,500,
09:46:57,61.79,100,
09:47:00,61.79,600,
09:47:00,61.79,300,
09:47:02,61.77,200,
09:47:02,61.77,100,
09:47:02,61.77,100,
09:47:02,61.77,100,
09:47:02,61.77,100,
09:47:02,61.77,300,
09:47:02,61.77,300,
09:47:02,61.77,2000,
09:47:02,61.77,300,
09:47:04,61.78,100,
09:47:08,61.77,100,
09:47:08,61.7701,800,
09:47:08,61.76,1600,
09:47:09,61.77,300,
09:47:10,61.761,100,
09:47:11,61.77,200,
09:47:15,61.7614,1000,
09:47:16,61.765,100,
09:47:26,61.77,200,
09:47:26,61.77,200,
09:47:26,61.77,200,
09:47:26,61.77,100,
09:47:26,61.77,1000,
09:47:26,61.77,600,
09:47:26,61.77,500,
09:47:26,61.77,900,
09:47:26,61.77,200,
09:47:26,61.77,200,
09:47:26,61.77,100,
09:47:26,61.77,200,
09:47:26,61.77,100,
09:47:26,61.77,305,
09:47:26,61.77,200,
09:47:26,61.77,100,
09:47:26,61.77,200,
09:47:26,61.77,300,
09:47:26,61.77,200,
09:47:26,61.77,100,
09:47:26,61.77,100,
09:47:26,61.77,100,
09:47:26,61.77,600,
09:47:26,61.77,400,
09:47:26,61.77,400,
09:47:26,61.77,1400,
09:47:26,61.77,200,
09:47:26,61.77,600,
09:47:26,61.77,200,
09:47:26,61.77,300,
09:47:26,61.77,200,
09:47:26,61.77,300,
09:47:26,61.77,300,
09:47:26,61.77,205,
09:47:26,61.78,200,
09:47:26,61.765,100,
09:47:26,61.78,800,
09:47:26,61.78,600,
09:47:26,61.78,600,
09:47:26,61.775,100,
09:47:26,61.78,100,
09:47:26,61.78,400,
09:47:27,61.78,100,
09:47:27,61.78,100,
09:47:27,61.79,100,
09:47:27,61.79,200,
09:47:27,61.795,100,
09:47:27,61.795,200,
09:47:28,61.79,200,
09:47:28,61.79,200,
09:47:28,61.79,200,
09:47:31,61.7801,1000,
09:47:31,61.78,800,
09:47:32,61.78,600,
09:47:32,61.78,900,
09:47:32,61.78,320,
09:47:32,61.78,1600,
09:47:32,61.77,100,
09:47:40,61.77,500,
09:47:40,61.77,300,
09:47:40,61.77,200,
09:47:40,61.77,600,
09:47:41,61.77,500,
09:47:41,61.77,800,
09:47:44,61.76,449,
09:47:44,61.76,200,
09:47:44,61.75,100,
09:47:44,61.75,400,
09:47:44,61.75,300,
09:47:44,61.75,100,
09:47:46,61.745,100,
09:47:46,61.74,100,
09:47:46,61.74,100,
09:47:46,61.74,100,
09:47:46,61.74,200,
09:47:46,61.74,1000,
09:47:51,61.72,300,
09:47:51,61.7199,800,
09:47:51,61.72,300,
09:47:51,61.72,800,
09:47:51,61.72,500,
09:47:52,61.72,800,
09:47:52,61.71,1777,
09:47:53,61.72,300,
09:47:53,61.71,1400,
09:47:53,61.7101,900,
09:47:54,61.72,200,
09:47:54,61.72,200,
09:47:54,61.70,100,
09:47:55,61.70,100,
09:47:55,61.70,1000,
09:47:55,61.7001,700,
09:47:57,61.71,200,
09:47:57,61.71,100,
09:47:57,61.71,800,
09:47:57,61.71,200,
09:47:57,61.71,300,
09:47:57,61.71,500,
09:47:57,61.71,600,
09:47:57,61.71,300,
09:47:57,61.71,200,
09:47:57,61.71,200,
09:47:57,61.71,200,
09:47:57,61.71,200,
09:47:57,61.71,1000,
09:47:57,61.72,200,
09:47:57,61.72,200,
09:47:57,61.72,100,
09:47:57,61.72,500,
09:47:57,61.72,100,
09:47:57,61.72,1300,
09:47:57,61.72,100,
09:47:57,61.72,100,
09:47:57,61.7201,100,
09:47:57,61.72,100,
09:47:57,61.72,100,
09:47:57,61.72,200,
09:47:57,61.72,100,
09:47:58,61.72,100,
09:47:58,61.72,1200,
09:48:00,61.71,100,
09:48:00,61.715,100,
09:48:00,61.71,300,
09:48:00,61.71,300,
09:48:02,61.70,300,
09:48:02,61.70,300,
09:48:02,61.70,1210,
09:48:02,61.69,100,
09:48:02,61.69,300,
09:48:04,61.70,200,
09:48:04,61.70,100,
09:48:04,61.70,800,
09:48:04,61.70,200,
09:48:04,61.70,300,
09:48:04,61.70,428,
09:48:04,61.70,772,
09:48:04,61.70,100,
09:48:04,61.70,200,
09:48:04,61.69,100,
09:48:09,61.69,200,
09:48:09,61.69,500,
09:48:09,61.69,800,
09:48:09,61.69,1600,
09:48:09,61.69,300,
09:48:09,61.69,1500,
09:48:09,61.69,200,
09:48:09,61.69,300,
09:48:09,61.69,2000,
09:48:09,61.70,400,
09:48:09,61.70,600,
09:48:09,61.70,100,
09:48:10,61.70,100,
09:48:10,61.70,200,
09:48:10,61.70,200,
09:48:10,61.6999,100,
09:48:10,61.70,200,
09:48:11,61.69,600,
09:48:11,61.69,300,
09:48:11,61.68,415,
09:48:11,61.68,815,
09:48:11,61.68,100,
09:48:11,61.68,100,
09:48:11,61.68,170,
09:48:11,61.68,100,
09:48:11,61.68,100,
09:48:11,61.68,970,
09:48:11,61.67,100,
09:48:11,61.67,100,
09:48:11,61.67,100,
09:48:11,61.67,100,
09:48:11,61.67,100,
09:48:11,61.68,600,
09:48:12,61.68,500,
09:48:19,61.69,170,
09:48:19,61.69,200,
09:48:19,61.69,100,
09:48:19,61.69,200,
09:48:19,61.69,170,
09:48:19,61.69,200,
09:48:20,61.699,2000,
09:48:21,61.6999,200,
09:48:21,61.70,200,
09:48:21,61.70,100,
09:48:22,61.69,170,
09:48:22,61.69,400,
09:48:22,61.69,100,
09:48:22,61.69,100,
09:48:22,61.69,130,
09:48:22,61.69,300,
09:48:22,61.69,270,
09:48:25,61.70,300,
09:48:25,61.70,100,
09:48:25,61.70,200,
09:48:25,61.7099,200,
09:48:27,61.71,100,
09:48:27,61.71,500,
09:48:27,61.71,300,
09:48:27,61.72,300,
09:48:27,61.72,400,
09:48:27,61.72,100,
09:48:27,61.7199,100,
09:48:28,61.71,100,
09:48:28,61.71,600,
09:48:28,61.71,200,
09:48:29,61.70,100,
09:48:29,61.70,100,
09:48:30,61.70,351,
09:48:31,61.6999,5000,
09:48:33,61.70,300,
09:48:33,61.70,400,
09:48:35,61.71,800,
09:48:35,61.71,100,
09:48:35,61.71,200,
09:48:35,61.71,100,
09:48:36,61.72,100,
09:48:36,61.72,100,
09:48:36,61.72,2500,
09:48:36,61.72,100,
09:48:36,61.73,800,
09:48:36,61.73,2400,
09:48:36,61.73,2600,
09:48:36,61.73,400,
09:48:36,61.73,800,
09:48:36,61.73,800,
09:48:36,61.73,200,
09:48:36,61.73,300,
09:48:36,61.73,200,
09:48:36,61.74,100,
09:48:36,61.74,100,
09:48:36,61.74,600,
09:48:36,61.74,100,
09:48:36,61.74,200,
09:48:36,61.74,200,
09:48:36,61.74,600,
09:48:36,61.74,100,
09:48:36,61.74,1900,
09:48:36,61.74,200,
09:48:36,61.74,2300,
09:48:36,61.7399,600,
09:48:37,61.75,100,
09:48:37,61.7499,1000,
09:48:37,61.75,200,
09:48:37,61.75,100,
09:48:37,61.75,100,
09:48:37,61.75,300,
09:48:37,61.75,100,
09:48:37,61.74,200,
09:48:37,61.74,2000,
09:48:39,61.74,100,
09:48:40,61.73,290,
09:48:40,61.73,100,
09:48:41,61.74,200,
09:48:41,61.73,2300,
09:48:42,61.73,1000,
09:48:42,61.73,400,
09:48:43,61.735,100,
09:48:43,61.735,100,
09:48:43,61.735,100,
09:48:43,61.73,200,
09:48:43,61.73,200,
09:48:43,61.735,100,
09:48:43,61.73,100,
09:48:45,61.73,100,
09:48:45,61.73,1400,
09:48:45,61.74,200,
09:48:45,61.74,100,
09:48:46,61.74,100,
09:48:46,61.74,100,
09:48:48,61.74,100,
09:48:48,61.74,200,
09:48:48,61.74,130,
09:48:48,61.74,200,
09:48:48,61.74,500,
09:48:48,61.74,190,
09:48:48,61.74,110,
09:48:48,61.73,600,
09:48:48,61.73,100,
09:48:48,61.73,200,
09:48:48,61.74,200,
09:48:48,61.74,1400,
09:48:48,61.74,100,
09:48:48,61.72,100,
09:48:48,61.72,200,
09:48:48,61.72,100,
09:48:48,61.72,100,
09:48:48,61.72,300,
09:48:48,61.72,800,
09:48:49,61.73,200,
09:48:50,61.72,100,
09:48:50,61.72,100,
09:48:52,61.71,100,
09:48:52,61.71,200,
09:48:52,61.7099,200,
09:48:53,61.70,400,
09:48:53,61.70,1200,
09:48:53,61.70,100,
09:48:53,61.70,100,
09:48:53,61.7008,100,
09:48:53,61.7008,200,
09:48:53,61.7008,300,
09:49:00,61.70,500,
09:49:04,61.70,600,
09:49:04,61.70,200,
09:49:04,61.70,300,
09:49:04,61.70,100,
09:49:04,61.70,100,
09:49:04,61.70,100,
09:49:04,61.70,100,
09:49:04,61.70,500,
09:49:04,61.70,200,
09:49:04,61.70,400,
09:49:04,61.70,500,
09:49:04,61.70,700,
09:49:04,61.70,200,
09:49:05,61.70,600,
09:49:05,61.70,500,
09:49:05,61.70,600,
09:49:05,61.70,1900,
09:49:05,61.70,300,
09:49:06,61.70,100,
09:49:06,61.70,600,
09:49:06,61.70,300,
09:49:06,61.70,200,
09:49:06,61.70,200,
09:49:07,61.70,200,
09:49:09,61.70,100,
09:49:09,61.70,500,
09:49:09,61.70,200,
09:49:10,61.70,100,
09:49:11,61.71,200,
09:49:11,61.71,100,
09:49:11,61.71,200,
09:49:11,61.71,800,
09:49:14,61.71,800,
09:49:20,61.70,100,
09:49:20,61.70,100,
09:49:20,61.70,100,
09:49:20,61.70,100,
09:49:21,61.70,400,
09:49:22,61.6999,600,
09:49:22,61.70,200,
09:49:22,61.70,200,
09:49:22,61.70,2400,
09:49:22,61.71,100,
09:49:22,61.71,100,
09:49:24,61.71,200,
09:49:24,61.71,200,
09:49:25,61.71,600,
09:49:25,61.71,200,
09:49:25,61.71,800,
09:49:25,61.71,100,
09:49:25,61.71,100,
09:49:27,61.71,100,
09:49:28,61.71,100,
09:49:29,61.71,100,
09:49:29,61.71,300,
09:49:29,61.71,100,
09:49:30,61.71,100,
09:49:30,61.71,600,
09:49:30,61.71,100,
09:49:30,61.71,100,
09:49:31,61.70,100,
09:49:34,61.70,100,
09:49:36,61.70,300,
09:49:36,61.70,200,
09:49:36,61.70,200,
09:49:38,61.71,500,
09:49:38,61.71,200,
09:49:38,61.72,100,
09:49:38,61.71,100,
09:49:38,61.71,500,
09:49:38,61.71,200,
09:49:38,61.71,100,
09:49:38,61.71,200,
09:49:38,61.72,100,
09:49:38,61.72,600,
09:49:38,61.72,200,
09:49:38,61.72,100,
09:49:38,61.72,200,
09:49:38,61.72,200,
09:49:38,61.72,500,
09:49:38,61.72,100,
09:49:38,61.72,100,
09:49:38,61.72,100,
09:49:38,61.7252,150,
09:49:51,61.71,200,
09:49:53,61.71,100,
09:49:53,61.71,300,
09:49:53,61.71,200,
09:49:53,61.71,100,
09:49:53,61.71,200,
09:49:53,61.71,500,
09:49:53,61.7101,100,
09:49:53,61.71,400,
09:49:53,61.71,400,
09:49:55,61.7116,100,
09:50:00,61.70,100,
09:50:03,61.70,200,
09:50:03,61.70,200,
09:50:03,61.70,300,
09:50:03,61.70,100,
09:50:03,61.70,100,
09:50:03,61.70,200,
09:50:05,61.69,100,
09:50:06,61.69,300,
09:50:09,61.68,680,
09:50:09,61.68,1600,
09:50:09,61.67,820,
09:50:14,61.67,200,
09:50:15,61.67,150,
09:50:16,61.67,100,
09:50:16,61.68,600,
09:50:16,61.68,600,
09:50:16,61.68,400,
09:50:16,61.68,199,
09:50:16,61.68,199,
09:50:16,61.68,199,
09:50:16,61.68,300,
09:50:18,61.68,800,
09:50:18,61.68,800,
09:50:18,61.68,300,
09:50:19,61.67,200,
09:50:19,61.67,1000,
09:50:19,61.67,100,
09:50:19,61.67,1400,
09:50:23,61.6738,1068,
09:50:23,61.68,100,
09:50:23,61.68,200,
09:50:23,61.68,300,
09:50:23,61.68,700,
09:50:23,61.68,100,
09:50:23,61.68,100,
09:50:23,61.68,400,
09:50:25,61.68,300,
09:50:26,61.68,100,
09:50:29,61.68,300,
09:50:30,61.68,350,
09:50:30,61.68,100,
09:50:30,61.68,800,
09:50:30,61.68,100,
09:50:30,61.68,350,
09:50:32,61.70,2000,
09:50:32,61.69,2400,
09:50:32,61.69,300,
09:50:32,61.69,1000,
09:50:32,61.69,800,
09:50:32,61.69,400,
09:50:32,61.69,100,
09:50:32,61.69,200,
09:50:32,61.69,500,
09:50:32,61.69,100,
09:50:32,61.69,200,
09:50:32,61.69,300,
09:50:32,61.69,900,
09:50:32,61.69,100,
09:50:32,61.69,100,
09:50:32,61.69,500,
09:50:32,61.70,100,
09:50:32,61.69,800,
09:50:32,61.69,1400,
09:50:32,61.69,200,
09:50:33,61.70,800,
09:50:33,61.70,2000,
09:50:33,61.70,905,
09:50:33,61.70,2000,
09:50:33,61.70,630,
09:50:33,61.70,200,
09:50:33,61.70,400,
09:50:35,61.70,100,
09:50:38,61.70,2000,
09:50:38,61.70,600,
09:50:38,61.70,200,
09:50:38,61.70,100,
09:50:38,61.70,400,
09:50:38,61.70,800,
09:50:38,61.70,600,
09:50:38,61.705,100,
09:50:38,61.70,1000,
09:50:38,61.70,100,
09:50:38,61.70,100,
09:50:41,61.691,800,
09:50:42,61.70,300,
09:50:42,61.70,200,
09:50:42,61.70,300,
09:50:42,61.70,100,
09:50:44,61.70,100,
09:50:45,61.70,400,
09:50:45,61.70,200,
09:50:45,61.70,600,
09:50:45,61.70,400,
09:50:45,61.70,1543,
09:50:45,61.70,1857,
09:50:45,61.70,100,
09:50:46,61.70,100,
09:50:46,61.70,800,
09:50:46,61.70,300,
09:50:46,61.70,300,
09:50:48,61.70,200,
09:50:48,61.70,100,
09:50:48,61.70,100,
09:50:48,61.70,800,
09:50:49,61.69,300,
09:50:49,61.69,150,
09:50:53,61.69,300,
09:50:53,61.69,900,
09:50:53,61.69,200,
09:50:55,61.69,500,
09:50:56,61.68,100,
09:50:56,61.68,200,
09:50:56,61.68,100,
09:50:56,61.68,100,
09:50:56,61.68,200,
09:50:57,61.68,200,
09:50:57,61.68,900,
09:50:58,61.685,500,
09:50:59,61.68,200,
09:51:03,61.68,100,
09:51:03,61.68,100,
09:51:03,61.68,100,
09:51:03,61.68,500,
09:51:03,61.68,300,
09:51:03,61.68,100,
09:51:04,61.69,400,
09:51:04,61.69,400,
09:51:04,61.69,100,
09:51:04,61.6899,1000,
09:51:08,61.70,300,
09:51:08,61.70,100,
09:51:08,61.70,100,
09:51:08,61.70,200,
09:51:08,61.70,200,
09:51:08,61.71,400,
09:51:09,61.707,500,
09:51:10,61.70,100,
09:51:10,61.70,200,
09:51:10,61.70,100,
09:51:10,61.7001,500,
09:51:11,61.70,200,
09:51:11,61.705,500,
09:51:13,61.7099,800,
09:51:13,61.71,300,
09:51:14,61.70,100,
09:51:15,61.71,100,
09:51:16,61.71,200,
09:51:16,61.71,300,
09:51:16,61.71,100,
09:51:16,61.71,200,
09:51:16,61.71,100,
09:51:16,61.71,100,
09:51:16,61.71,350,
09:51:16,61.71,100,
09:51:16,61.71,750,
09:51:16,61.71,100,
09:51:16,61.71,320,
09:51:16,61.71,800,
09:51:17,61.72,100,
09:51:18,61.72,300,
09:51:18,61.72,100,
09:51:19,61.72,200,
09:51:21,61.72,100,
09:51:21,61.72,100,
09:51:21,61.72,100,
09:51:22,61.73,100,
09:51:22,61.73,400,
09:51:22,61.73,200,
09:51:23,61.7207,800,
09:51:25,61.73,100,
09:51:25,61.73,100,
09:51:25,61.73,100,
09:51:25,61.73,400,
09:51:27,61.74,100,
09:51:29,61.75,300,
09:51:29,61.75,300,
09:51:29,61.75,100,
09:51:29,61.75,800,
09:51:29,61.75,100,
09:51:29,61.75,600,
09:51:29,61.75,100,
09:51:29,61.75,170,
09:51:29,61.75,100,
09:51:29,61.755,100,
09:51:29,61.74,400,
09:51:32,61.7499,100,
09:51:33,61.75,400,
09:51:33,61.75,200,
09:51:33,61.75,495,
09:51:33,61.75,1705,
09:51:34,61.7599,100,
09:51:37,61.75,300,
09:51:37,61.75,100,
09:51:37,61.75,100,
09:51:37,61.75,200,
09:51:37,61.75,400,
09:51:37,61.75,400,
09:51:38,61.74,100,
09:51:38,61.73,200,
09:51:39,61.73,100,
09:51:40,61.7299,1200,
09:51:40,61.73,200,
09:51:40,61.73,300,
09:51:41,61.73,200,
09:51:41,61.73,600,
09:51:42,61.72,100,
09:51:42,61.72,200,
09:51:42,61.72,300,
09:51:42,61.72,100,
09:51:42,61.72,400,
09:51:42,61.72,100,
09:51:42,61.72,400,
09:51:42,61.72,100,
09:51:42,61.72,2200,
09:51:42,61.72,100,
09:51:43,61.73,100,
09:51:43,61.73,100,
09:51:43,61.73,400,
09:51:43,61.73,100,
09:51:43,61.73,100,
09:51:43,61.73,100,
09:51:43,61.73,400,
09:51:43,61.73,100,
09:51:43,61.73,800,
09:51:43,61.73,2300,
09:51:43,61.73,200,
09:51:43,61.73,100,
09:51:44,61.73,1000,
09:51:47,61.73,200,
09:51:47,61.73,600,
09:51:47,61.73,400,
09:51:48,61.73,400,
09:51:48,61.73,377,
09:51:48,61.73,100,
09:51:48,61.73,100,
09:51:48,61.73,100,
09:51:50,61.7299,1000,
09:51:54,61.7299,100,
09:51:54,61.73,800,
09:51:54,61.73,500,
09:51:54,61.73,500,
09:51:54,61.73,200,
09:51:54,61.74,200,
09:51:54,61.74,100,
09:51:55,61.74,300,
09:51:59,61.74,100,
09:51:59,61.74,200,
09:51:59,61.73,300,
09:52:00,61.74,100,
09:52:00,61.74,1300,
09:52:00,61.75,300,
09:52:02,61.74,400,
09:52:07,61.75,200,
09:52:08,61.75,300,
09:52:08,61.75,200,
09:52:08,61.75,100,
09:52:08,61.75,100,
09:52:09,61.76,500,
09:52:09,61.76,500,
09:52:09,61.76,100,
09:52:09,61.76,100,
09:52:09,61.76,100,
09:52:09,61.76,200,
09:52:09,61.76,100,
09:52:09,61.76,500,
09:52:09,61.76,500,
09:52:09,61.76,500,
09:52:09,61.76,100,
09:52:09,61.76,200,
09:52:09,61.77,100,
09:52:09,61.77,100,
09:52:09,61.78,100,
09:52:11,61.78,200,
09:52:11,61.78,100,
09:52:14,61.7814,400,
09:52:15,61.78,100,
09:52:15,61.78,200,
09:52:19,61.78,200,
09:52:22,61.7895,500,
09:52:24,61.79,100,
09:52:24,61.79,200,
09:52:24,61.79,100,
09:52:24,61.79,200,
09:52:24,61.79,300,
09:52:24,61.79,400,
09:52:24,61.79,300,
09:52:24,61.79,300,
09:52:24,61.80,600,
09:52:24,61.80,300,
09:52:24,61.80,100,
09:52:25,61.80,200,
09:52:26,61.79,600,
09:52:26,61.80,200,
09:52:27,61.80,100,
09:52:27,61.80,200,
09:52:27,61.80,100,
09:52:30,61.81,700,
09:52:30,61.81,100,
09:52:32,61.81,100,
09:52:32,61.81,100,
09:52:32,61.81,300,
09:52:32,61.81,600,
09:52:32,61.81,200,
09:52:33,61.81,300,
09:52:37,61.81,100,
09:52:37,61.81,100,
09:52:37,61.81,100,
09:52:37,61.81,100,
09:52:37,61.81,200,
09:52:37,61.81,200,
09:52:39,61.80,160,
09:52:39,61.80,100,
09:52:39,61.80,2500,
09:52:39,61.79,200,
09:52:39,61.79,100,
09:52:41,61.78,1300,
09:52:42,61.78,200,
09:52:42,61.78,500,
09:52:42,61.78,300,
09:52:42,61.78,100,
09:52:42,61.78,100,
09:52:42,61.78,300,
09:52:43,61.7801,200,
09:52:43,61.78,300,
09:52:44,61.7852,287,
09:52:45,61.78,200,
09:52:46,61.79,250,
09:52:46,61.79,100,
09:52:46,61.79,150,
09:52:46,61.80,550,
09:52:46,61.80,100,
09:52:46,61.80,150,
09:52:51,61.81,300,
09:52:54,61.80,100,
09:52:54,61.80,100,
09:52:54,61.80,100,
09:52:54,61.80,800,
09:52:54,61.80,100,
09:52:54,61.80,100,
09:52:54,61.80,100,
09:52:55,61.80,804,
09:52:55,61.7999,500,
09:52:55,61.80,100,
09:52:55,61.80,1125,
09:52:55,61.80,100,
09:52:55,61.80,100,
09:52:55,61.80,100,
09:53:00,61.80,200,
09:53:01,61.80,2000,
09:53:01,61.81,100,
09:53:02,61.8005,1000,
09:53:02,61.81,300,
09:53:02,61.81,200,
09:53:02,61.81,200,
09:53:03,61.81,100,
09:53:03,61.81,100,
09:53:03,61.81,200,
09:53:03,61.81,200,
09:53:03,61.81,100,
09:53:08,61.8001,200,
09:53:09,61.81,400,
09:53:09,61.81,500,
09:53:09,61.81,100,
09:53:09,61.81,200,
09:53:09,61.81,100,
09:53:12,61.81,200,
09:53:12,61.81,300,
09:53:14,61.81,140,
09:53:15,61.82,200,
09:53:20,61.8295,900,
09:53:21,61.82,103,
09:53:22,61.82,497,
09:53:22,61.8201,500,
09:53:22,61.8201,600,
09:53:24,61.82,100,
09:53:26,61.82,200,
09:53:26,61.82,300,
09:53:26,61.82,1700,
09:53:26,61.82,200,
09:53:26,61.8299,100,
09:53:27,61.82,500,
09:53:28,61.83,100,
09:53:29,61.84,600,
09:53:29,61.84,400,
09:53:29,61.84,600,
09:53:29,61.84,700,
09:53:29,61.83,400,
09:53:31,61.84,400,
09:53:32,61.84,200,
09:53:32,61.84,200,
09:53:32,61.84,100,
09:53:32,61.84,1000,
09:53:33,61.85,100,
09:53:33,61.85,100,
09:53:34,61.8516,400,
09:53:34,61.85,100,
09:53:36,61.85,200,
09:53:37,61.8599,300,
09:53:39,61.8523,400,
09:53:39,61.85,2000,
09:53:39,61.85,1600,
09:53:39,61.85,200,
09:53:39,61.85,600,
09:53:41,61.86,200,
09:53:41,61.86,300,
09:53:41,61.86,400,
09:53:41,61.86,100,
09:53:41,61.87,800,
09:53:41,61.88,1700,
09:53:41,61.88,7600,
09:53:43,61.88,2000,
09:53:43,61.87,600,
09:53:43,61.87,800,
09:53:44,61.87,200,
09:53:46,61.8799,2000,
09:53:47,61.87,100,
09:53:47,61.87,100,
09:53:47,61.87,332,
09:53:47,61.87,200,
09:53:47,61.87,200,
09:53:47,61.87,200,
09:53:47,61.87,200,
09:53:48,61.86,100,
09:53:48,61.86,400,
09:53:48,61.86,100,
09:53:49,61.87,800,
09:53:49,61.86,100,
09:53:49,61.86,100,
09:53:49,61.86,100,
09:53:49,61.86,800,
09:53:49,61.86,200,
09:53:49,61.86,100,
09:53:49,61.86,200,
09:53:55,61.85,100,
09:53:56,61.85,100,
09:53:58,61.84,100,
09:54:02,61.84,100,
09:54:02,61.84,100,
09:54:02,61.84,100,
09:54:02,61.84,100,
09:54:02,61.84,200,
09:54:02,61.84,100,
09:54:05,61.84,200,
09:54:05,61.84,500,
09:54:05,61.84,400,
09:54:05,61.84,200,
09:54:05,61.84,300,
09:54:05,61.84,100,
09:54:05,61.84,100,
09:54:09,61.84,300,
09:54:09,61.84,1600,
09:54:13,61.8462,1000,
09:54:15,61.8499,100,
09:54:15,61.85,100,
09:54:15,61.85,800,
09:54:15,61.85,1000,
09:54:15,61.8499,100,
09:54:16,61.86,100,
09:54:16,61.8599,500,
09:54:19,61.86,100,
09:54:23,61.86,100,
09:54:23,61.86,100,
09:54:23,61.8599,1000,
09:54:23,61.86,100,
09:54:23,61.86,100,
09:54:23,61.86,600,
09:54:23,61.86,1000,
09:54:24,61.86,100,
09:54:24,61.86,100,
09:54:24,61.86,100,
09:54:24,61.86,100,
09:54:26,61.86,100,
09:54:27,61.86,100,
09:54:27,61.86,400,
09:54:27,61.86,100,
09:54:27,61.86,400,
09:54:27,61.86,500,
09:54:27,61.86,400,
09:54:27,61.86,500,
09:54:27,61.86,200,
09:54:27,61.8601,2200,
09:54:27,61.85,400,
09:54:27,61.85,200,
09:54:27,61.85,800,
09:54:30,61.85,123,
09:54:37,61.87,100,
09:54:37,61.87,100,
09:54:37,61.87,100,
09:54:37,61.87,200,
09:54:37,61.87,100,
09:54:37,61.87,100,
09:54:37,61.87,300,
09:54:37,61.87,100,
09:54:38,61.88,100,
09:54:39,61.87,200,
09:54:39,61.86,800,
09:54:48,61.87,100,
09:54:48,61.87,100,
09:54:48,61.87,150,
09:54:50,61.88,400,
09:54:50,61.88,100,
09:54:51,61.86,400,
09:54:51,61.86,400,
09:54:51,61.86,100,
09:54:51,61.86,400,
09:54:51,61.86,600,
09:54:51,61.86,300,
09:54:51,61.86,200,
09:54:51,61.85,100,
09:54:52,61.85,100,
09:54:52,61.8499,100,
09:54:53,61.85,300,
09:54:53,61.86,100,
09:54:56,61.86,200,
09:54:57,61.86,200,
09:54:59,61.87,500,
09:54:59,61.87,200,
09:55:00,61.86,100,
09:55:00,61.86,100,
09:55:00,61.8601,500,
09:55:00,61.85,200,
09:55:00,61.85,500,
09:55:00,61.85,300,
09:55:09,61.8407,455,
09:55:10,61.85,400,
09:55:10,61.85,200,
09:55:10,61.85,400,
09:55:14,61.85,300,
09:55:15,61.86,200,
09:55:16,61.87,100,
09:55:16,61.87,700,
09:55:18,61.88,600,
09:55:21,61.87,100,
09:55:24,61.87,600,
09:55:24,61.87,100,
09:55:24,61.87,597,
09:55:24,61.87,100,
09:55:24,61.87,200,
09:55:24,61.86,100,
09:55:24,61.86,900,
09:55:24,61.86,315,
09:55:24,61.86,100,
09:55:29,61.86,400,
09:55:29,61.86,200,
09:55:29,61.86,100,
09:55:31,61.86,100,
09:55:31,61.86,100,
09:55:31,61.86,200,
09:55:31,61.86,400,
09:55:31,61.86,400,
09:55:31,61.86,200,
09:55:31,61.86,100,
09:55:31,61.86,100,
09:55:31,61.87,100,
09:55:32,61.85,100,
09:55:33,61.89,200,
09:55:33,61.89,800,
09:55:33,61.89,200,
09:55:33,61.89,200,
09:55:33,61.89,100,
09:55:33,61.89,300,
09:55:33,61.89,300,
09:55:33,61.89,500,
09:55:33,61.89,100,
09:55:33,61.89,100,
09:55:34,61.88,300,
09:55:34,61.88,200,
09:55:35,61.8868,571,
09:55:35,61.89,600,
09:55:36,61.89,100,
09:55:36,61.89,800,
09:55:36,61.89,100,
09:55:36,61.89,400,
09:55:36,61.89,400,
09:55:36,61.89,800,
09:55:36,61.89,100,
09:55:36,61.89,300,
09:55:36,61.89,4300,
09:55:36,61.89,100,
09:55:36,61.89,100,
09:55:36,61.88,100,
09:55:36,61.88,100,
09:55:36,61.88,500,
09:55:36,61.88,2000,
09:55:36,61.88,282,
09:55:36,61.88,800,
09:55:36,61.88,210,
09:55:36,61.88,190,
09:55:36,61.88,600,
09:55:36,61.88,410,
09:55:36,61.88,200,
09:55:36,61.88,100,
09:55:36,61.88,100,
09:55:36,61.88,100,
09:55:36,61.88,800,
09:55:36,61.88,600,
09:55:36,61.88,100,
09:55:36,61.89,300,
09:55:36,61.88,100,
09:55:36,61.88,200,
09:55:36,61.88,15900,
09:55:38,61.89,800,
09:55:38,61.89,100,
09:55:38,61.8899,800,
09:55:39,61.89,100,
09:55:39,61.89,100,
09:55:39,61.89,400,
09:55:39,61.89,100,
09:55:39,61.89,100,
09:55:39,61.88,100,
09:55:39,61.88,100,
09:55:39,61.88,115,
09:55:39,61.88,100,
09:55:39,61.88,100,
09:55:39,61.88,800,
09:55:39,61.87,800,
09:55:39,61.88,200,
09:55:39,61.8709,7000,
09:55:40,61.88,400,
09:55:40,61.88,200,
09:55:41,61.89,200,
09:55:41,61.89,200,
09:55:41,61.89,100,
09:55:41,61.89,200,
09:55:44,61.8999,1500,
09:55:44,61.90,1000,
09:55:44,61.92,400,
09:55:44,61.92,500,
09:55:44,61.92,800,
09:55:44,61.92,1900,
09:55:44,61.92,815,
09:55:44,61.92,100,
09:55:44,61.92,200,
09:55:45,61.93,100,
09:55:45,61.91,1000,
09:55:45,61.93,600,
09:55:45,61.93,600,
09:55:45,61.93,800,
09:55:45,61.93,500,
09:55:45,61.93,600,
09:55:45,61.93,1200,
09:55:45,61.93,1000,
09:55:45,61.93,1600,
09:55:45,61.93,100,
09:55:45,61.93,303,
09:55:45,61.93,400,
09:55:45,61.93,100,
09:55:45,61.93,300,
09:55:47,61.9201,300,
09:55:47,61.91,500,
09:55:47,61.92,800,
09:55:47,61.91,100,
09:55:47,61.91,400,
09:55:47,61.91,200,
09:55:48,61.91,100,
09:55:48,61.91,400,
09:55:48,61.91,800,
09:55:48,61.91,100,
09:55:48,61.91,100,
09:55:49,61.92,300,
09:55:49,61.92,200,
09:55:49,61.93,200,
09:55:50,61.93,1200,
09:55:51,61.93,800,
09:55:51,61.93,100,
09:55:52,61.93,100,
09:55:52,61.93,100,
09:55:52,61.93,200,
09:55:52,61.93,300,
09:55:52,61.93,800,
09:55:52,61.93,100,
09:55:52,61.93,1900,
09:55:52,61.93,100,
09:55:52,61.93,400,
09:55:52,61.93,400,
09:55:52,61.9301,700,
09:55:53,61.93,400,
09:55:53,61.93,2500,
09:55:53,61.93,200,
09:55:54,61.93,100,
09:55:54,61.93,100,
09:55:54,61.93,800,
09:55:54,61.93,700,
09:55:54,61.92,100,
09:55:57,61.91,100,
09:55:58,61.91,100,
09:55:58,61.90,100,
09:55:58,61.90,200,
09:56:00,61.90,100,
09:56:01,61.91,125,
09:56:01,61.91,100,
09:56:01,61.91,800,
09:56:01,61.91,800,
09:56:01,61.91,800,
09:56:02,61.92,100,
09:56:02,61.92,200,
09:56:02,61.92,500,
09:56:02,61.92,100,
09:56:03,61.93,2000,
09:56:03,61.93,13700,
09:56:05,61.93,200,
09:56:05,61.93,100,
09:56:06,61.94,100,
09:56:07,61.94,100,
09:56:07,61.94,200,
09:56:07,61.94,3100,
09:56:08,61.94,100,
09:56:09,61.94,100,
09:56:09,61.94,200,
09:56:12,61.93,100,
09:56:12,61.93,100,
09:56:12,61.93,400,
09:56:12,61.93,100,
09:56:12,61.93,400,
09:56:12,61.93,200,
09:56:12,61.93,100,
09:56:13,61.93,100,
09:56:13,61.93,100,
09:56:15,61.94,110,
09:56:15,61.94,190,
09:56:15,61.94,100,
09:56:15,61.94,100,
09:56:17,61.94,100,
09:56:17,61.9399,2500,
09:56:17,61.9407,300,
09:56:17,61.94,400,
09:56:17,61.94,300,
09:56:17,61.94,800,
09:56:17,61.94,100,
09:56:17,61.94,100,
09:56:17,61.94,100,
09:56:17,61.94,200,
09:56:17,61.94,100,
09:56:17,61.94,100,
09:56:17,61.94,100,
09:56:17,61.94,100,
09:56:18,61.93,100,
09:56:19,61.93,300,
09:56:19,61.93,1300,
09:56:19,61.93,100,
09:56:21,61.93,100,
09:56:21,61.93,100,
09:56:21,61.93,100,
09:56:21,61.94,100,
09:56:23,61.93,800,
09:56:23,61.93,100,
09:56:23,61.93,800,
09:56:23,61.94,100,
09:56:23,61.94,400,
09:56:23,61.95,100,
09:56:23,61.95,400,
09:56:23,61.95,1100,
09:56:24,61.96,100,
09:56:24,61.96,100,
09:56:24,61.96,100,
09:56:24,61.96,400,
09:56:24,61.96,200,
09:56:24,61.96,100,
09:56:26,61.95,200,
09:56:31,61.96,400,
09:56:31,61.96,100,
09:56:31,61.96,800,
09:56:31,61.96,100,
09:56:33,61.97,2000,
09:56:33,61.97,200,
09:56:33,61.97,100,
09:56:35,61.97,400,
09:56:42,61.97,500,
09:56:42,61.97,100,
09:56:42,61.98,100,
09:56:42,61.98,100,
09:56:42,61.961,2500,
09:56:43,61.98,100,
09:56:43,61.98,100,
09:56:43,61.98,200,
09:56:43,61.97,100,
09:56:43,61.97,1100,
09:56:43,61.96,815,
09:56:44,61.97,800,
09:56:45,61.98,200,
09:56:45,61.98,100,
09:56:48,61.98,400,
09:56:50,61.98,200,
09:56:50,61.98,100,
09:56:50,61.98,100,
09:56:50,61.9801,300,
09:56:50,61.98,100,
09:56:51,61.98,100,
09:56:51,61.98,100,
09:56:51,61.98,100,
09:56:51,61.98,200,
09:56:52,61.98,100,
09:56:53,61.98,100,
09:56:55,61.9701,1000,
09:56:55,61.98,200,
09:56:56,61.98,100,
09:56:58,61.98,100,
09:56:58,61.99,400,
09:56:58,61.99,100,
09:57:01,62,100,
09:57:01,62.01,700,
09:57:01,62.005,100,
09:57:01,62,261,
09:57:01,62,800,
09:57:01,62,100,
09:57:01,62,400,
09:57:01,61.99,100,
09:57:01,61.99,400,
09:57:01,61.99,700,
09:57:01,61.99,200,
09:57:02,62,685,
09:57:03,62.01,100,
09:57:03,62.01,800,
09:57:03,62,400,
09:57:03,62,200,
09:57:03,62.01,1500,
09:57:03,62.01,800,
09:57:03,62.01,200,
09:57:03,62,300,
09:57:03,62,400,
09:57:03,62.01,400,
09:57:03,62.01,100,
09:57:03,62.01,100,
09:57:04,62.01,100,
09:57:04,62.01,500,
09:57:05,62.02,200,
09:57:05,62.02,300,
09:57:07,62.01,100,
09:57:07,62.01,200,
09:57:07,62.0101,400,
09:57:07,62,100,
09:57:07,62,200,
09:57:07,62,300,
09:57:07,62,200,
09:57:07,62,1000,
09:57:09,62.01,300,
09:57:09,62.01,200,
09:57:09,62.01,500,
09:57:09,62.01,100,
09:57:09,62.01,800,
09:57:09,62.01,100,
09:57:09,62.0099,600,
09:57:10,62.02,100,
09:57:10,62.02,100,
09:57:11,62.04,200,
09:57:11,62.04,100,
09:57:12,62.03,115,
09:57:12,62.03,200,
09:57:13,62.03,300,
09:57:13,62.03,100,
09:57:13,62.02,200,
09:57:14,62.03,140,
09:57:14,62.03,640,
09:57:16,62.04,100,
09:57:17,62.04,100,
09:57:17,62.04,100,
09:57:18,62.04,100,
09:57:18,62.04,1800,
09:57:18,62.04,200,
09:57:18,62.04,100,
09:57:18,62.05,190,
09:57:18,62.05,400,
09:57:18,62.05,410,
09:57:18,62.05,800,
09:57:18,62.05,200,
09:57:18,62.05,100,
09:57:19,62.05,800,
09:57:19,62.05,400,
09:57:19,62.05,1700,
09:57:19,62.05,100,
09:57:19,62.05,400,
09:57:19,62.05,800,
09:57:19,62.05,256,
09:57:19,62.05,100,
09:57:19,62.05,600,
09:57:20,62.05,400,
09:57:20,62.05,200,
09:57:20,62.0501,100,
09:57:21,62.06,100,
09:57:21,62.06,300,
09:57:21,62.06,100,
09:57:21,62.06,700,
09:57:21,62.06,400,
09:57:21,62.06,100,
09:57:21,62.06,200,
09:57:22,62.06,500,
09:57:22,62.055,1200,
09:57:22,62.05,100,
09:57:22,62.05,800,
09:57:22,62.05,714,
09:57:22,62.05,100,
09:57:22,62.05,186,
09:57:22,62.05,829,
09:57:22,62.05,100,
09:57:22,62.05,100,
09:57:22,62.05,600,
09:57:22,62.055,200,
09:57:22,62.05,100,
09:57:22,62.05,100,
09:57:22,62.055,100,
09:57:22,62.05,300,
09:57:22,62.055,200,
09:57:22,62.055,100,
09:57:22,62.055,100,
09:57:23,62.05,200,
09:57:23,62.05,100,
09:57:23,62.05,600,
09:57:23,62.05,100,
09:57:23,62.05,400,
09:57:24,62.06,2000,
09:57:25,62.05,100,
09:57:25,62.05,100,
09:57:25,62.05,800,
09:57:25,62.05,1200,
09:57:25,62.05,100,
09:57:25,62.05,600,
09:57:25,62.05,200,
09:57:25,62.05,100,
09:57:25,62.05,800,
09:57:25,62.05,700,
09:57:25,62.05,100,
09:57:25,62.05,800,
09:57:25,62.05,300,
09:57:26,62.045,900,
09:57:26,62.04,100,
09:57:26,62.04,100,
09:57:27,62.04,100,
09:57:27,62.04,300,
09:57:27,62.04,100,
09:57:27,62.04,100,
09:57:27,62.04,200,
09:57:28,62.04,100,
09:57:28,62.04,100,
09:57:28,62.04,615,
09:57:28,62.04,100,
09:57:28,62.04,100,
09:57:28,62.04,100,
09:57:28,62.04,200,
09:57:29,62.04,100,
09:57:29,62.04,669,
09:57:29,62.05,800,
09:57:29,62.05,100,
09:57:29,62.05,200,
09:57:29,62.05,900,
09:57:29,62.05,500,
09:57:29,62.05,100,
09:57:29,62.05,300,
09:57:29,62.05,700,
09:57:29,62.05,500,
09:57:30,62.06,2000,
09:57:31,62.0507,700,
09:57:33,62.06,100,
09:57:34,62.07,100,
09:57:34,62.07,100,
09:57:36,62.07,100,
09:57:36,62.07,100,
09:57:36,62.07,200,
09:57:36,62.07,100,
09:57:36,62.07,200,
09:57:36,62.07,300,
09:57:37,62.07,200,
09:57:37,62.07,800,
09:57:37,62.07,100,
09:57:38,62.08,200,
09:57:38,62.07,100,
09:57:38,62.07,100,
09:57:40,62.07,100,
09:57:41,62.07,100,
09:57:41,62.07,100,
09:57:42,62.08,2000,
09:57:42,62.08,100,
09:57:42,62.07,400,
09:57:43,62.0786,400,
09:57:43,62.08,500,
09:57:43,62.08,100,
09:57:43,62.08,100,
09:57:43,62.08,100,
09:57:43,62.08,1300,
09:57:43,62.08,1600,
09:57:44,62.07,100,
09:57:44,62.07,100,
09:57:44,62.07,100,
09:57:46,62.08,400,
09:57:46,62.08,400,
09:57:46,62.08,100,
09:57:46,62.08,200,
09:57:46,62.08,100,
09:57:46,62.08,500,
09:57:46,62.07,500,
09:57:47,62.08,100,
09:57:49,62.08,300,
09:57:49,62.08,400,
09:57:49,62.08,600,
09:57:49,62.08,400,
09:57:49,62.08,200,
09:57:51,62.10,2000,
09:57:51,62.10,200,
09:57:51,62.10,1000,
09:57:52,62.11,1800,
09:57:52,62.11,995,
09:57:52,62.11,1000,
09:57:52,62.11,3900,
09:57:52,62.11,1500,
09:57:53,62.11,400,
09:57:53,62.11,181,
09:57:53,62.11,300,
09:57:53,62.11,100,
09:57:53,62.11,100,
09:57:53,62.11,900,
09:57:53,62.11,1800,
09:57:53,62.11,100,
09:57:53,62.11,200,
09:57:53,62.11,700,
09:57:53,62.11,100,
09:57:53,62.11,100,
09:57:53,62.11,1800,
09:57:53,62.11,2400,
09:57:53,62.11,400,
09:57:53,62.11,400,
09:57:53,62.11,100,
09:57:53,62.11,200,
09:57:53,62.11,200,
09:57:53,62.10,6000,
09:57:53,62.1101,700,
09:57:53,62.1199,1500,
09:57:53,62.10,400,
09:57:53,62.10,400,
09:57:53,62.10,800,
09:57:53,62.11,800,
09:57:53,62.11,100,
09:57:53,62.11,800,
09:57:53,62.11,800,
09:57:53,62.11,200,
09:57:53,62.11,100,
09:57:54,62.11,100,
09:57:54,62.11,300,
09:57:54,62.11,400,
09:57:54,62.11,200,
09:57:54,62.11,200,
09:57:54,62.11,100,
09:57:54,62.11,100,
09:57:54,62.11,100,
09:57:54,62.11,500,
09:57:54,62.11,100,
09:57:55,62.11,600,
09:57:55,62.11,200,
09:57:55,62.10,100,
09:57:55,62.10,445,
09:57:55,62.10,345,
09:57:55,62.10,1200,
09:57:55,62.10,300,
09:57:55,62.10,600,
09:57:55,62.10,162,
09:57:55,62.10,700,
09:57:55,62.10,138,
09:57:55,62.09,900,
09:57:55,62.09,100,
09:57:55,62.09,200,
09:57:55,62.09,1785,
09:57:57,62.0895,1500,
09:57:58,62.08,100,
09:57:58,62.08,400,
09:57:58,62.08,100,
09:57:58,62.085,100,
09:57:58,62.07,100,
09:57:58,62.07,100,
09:57:59,62.08,100,
09:57:59,62.08,200,
09:57:59,62.08,200,
09:58:00,62.08,2230,
09:58:00,62.08,1630,
09:58:00,62.08,1000,
09:58:00,62.08,1500,
09:58:00,62.08,800,
09:58:00,62.08,170,
09:58:00,62.07,100,
09:58:00,62.07,300,
09:58:00,62.07,700,
09:58:00,62.08,100,
09:58:00,62.08,100,
09:58:00,62.08,400,
09:58:00,62.08,100,
09:58:00,62.07,400,
09:58:00,62.07,400,
09:58:00,62.07,2200,
09:58:00,62.07,400,
09:58:00,62.07,400,
09:58:04,62.08,100,
09:58:05,62.08,100,
09:58:06,62.08,100,
09:58:06,62.08,100,
09:58:07,62.08,900,
09:58:07,62.08,2022,
09:58:07,62.09,300,
09:58:08,62.09,100,
09:58:08,62.09,100,
09:58:09,62.0805,1500,
09:58:09,62.09,100,
09:58:10,62.09,200,
09:58:12,62.09,100,
09:58:12,62.09,100,
09:58:12,62.09,100,
09:58:14,62.08,2500,
09:58:15,62.08,200,
09:58:15,62.08,100,
09:58:15,62.08,100,
09:58:15,62.08,1100,
09:58:15,62.08,300,
09:58:15,62.08,200,
09:58:18,62.09,400,
09:58:20,62.09,200,
09:58:20,62.09,100,
09:58:21,62.091,500,
09:58:21,62.09,800,
09:58:21,62.09,200,
09:58:21,62.09,200,
09:58:21,62.09,400,
09:58:21,62.09,100,
09:58:27,62.08,900,
09:58:27,62.09,100,
09:58:29,62.08,400,
09:58:29,62.08,100,
09:58:29,62.08,800,
09:58:29,62.08,200,
09:58:29,62.08,400,
09:58:29,62.08,400,
09:58:29,62.08,3000,
09:58:29,62.08,100,
09:58:29,62.08,700,
09:58:29,62.08,200,
09:58:29,62.08,200,
09:58:29,62.08,100,
09:58:29,62.08,798,
09:58:29,62.08,100,
09:58:29,62.08,100,
09:58:29,62.08,150,
09:58:29,62.08,200,
09:58:29,62.08,400,
09:58:29,62.08,100,
09:58:29,62.08,595,
09:58:29,62.08,100,
09:58:29,62.08,100,
09:58:29,62.08,1600,
09:58:29,62.08,100,
09:58:29,62.08,100,
09:58:29,62.08,200,
09:58:29,62.08,900,
09:58:30,62.08,150,
09:58:30,62.08,100,
09:58:30,62.08,300,
09:58:30,62.08,100,
09:58:30,62.08,500,
09:58:30,62.08,200,
09:58:30,62.08,4497,
09:58:35,62.09,100,
09:58:35,62.08,2000,
09:58:35,62.08,1700,
09:58:35,62.08,1800,
09:58:35,62.08,300,
09:58:35,62.08,100,
09:58:35,62.08,400,
09:58:35,62.08,400,
09:58:35,62.08,200,
09:58:35,62.08,1000,
09:58:35,62.08,800,
09:58:35,62.08,461,
09:58:35,62.08,100,
09:58:35,62.08,2000,
09:58:35,62.08,100,
09:58:35,62.08,500,
09:58:35,62.08,500,
09:58:35,62.08,681,
09:58:35,62.08,3119,
09:58:35,62.08,100,
09:58:35,62.08,3781,
09:58:35,62.08,8200,
09:58:35,62.08,300,
09:58:35,62.08,400,
09:58:35,62.08,100,
09:58:35,62.08,150,
09:58:35,62.08,100,
09:58:35,62.08,800,
09:58:35,62.08,1600,
09:58:35,62.08,800,
09:58:35,62.08,100,
09:58:35,62.08,800,
09:58:35,62.08,300,
09:58:35,62.08,135,
09:58:35,62.08,100,
09:58:35,62.08,200,
09:58:35,62.08,465,
09:58:35,62.08,100,
09:58:35,62.08,700,
09:58:36,62.08,527,
09:58:36,62.08,1115,
09:58:37,62.08,313,
09:58:37,62.07,300,
09:58:37,62.0705,777,
09:58:37,62.08,200,
09:58:37,62.08,200,
09:58:37,62.08,2500,
09:58:37,62.08,315,
09:58:38,62.09,100,
09:58:39,62.09,100,
09:58:39,62.09,300,
09:58:39,62.09,200,
09:58:39,62.09,500,
09:58:40,62.09,300,
09:58:40,62.09,1400,
09:58:41,62.09,100,
09:58:41,62.09,100,
09:58:41,62.09,100,
09:58:41,62.09,800,
09:58:43,62.09,100,
09:58:43,62.09,1900,
09:58:43,62.09,100,
09:58:43,62.09,200,
09:58:43,62.09,100,
09:58:45,62.09,100,
09:58:47,62.09,100,
09:58:49,62.09,100,
09:58:52,62.09,200,
09:58:52,62.09,200,
09:58:52,62.09,167,
09:58:53,62.09,100,
09:58:57,62.08,500,
09:58:57,62.08,200,
09:58:57,62.08,900,
09:58:57,62.08,100,
09:58:58,62.08,100,
09:59:01,62.08,100,
09:59:01,62.08,100,
09:59:03,62.08,100,
09:59:04,62.07,200,
09:59:06,62.07,400,
09:59:06,62.08,100,
09:59:07,62.08,1000,
09:59:08,62.08,1700,
09:59:08,62.09,2000,
09:59:10,62.08,500,
09:59:10,62.08,300,
09:59:10,62.08,200,
09:59:10,62.08,400,
09:59:10,62.08,500,
09:59:10,62.08,300,
09:59:12,62.08,200,
09:59:12,62.09,100,
09:59:12,62.09,500,
09:59:15,62.0801,700,
09:59:18,62.07,200,
09:59:18,62.07,200,
09:59:22,62.06,200,
09:59:22,62.06,100,
09:59:22,62.05,215,
09:59:22,62.05,100,
09:59:24,62.05,300,
09:59:24,62.06,1200,
09:59:25,62.05,100,
09:59:25,62.05,300,
09:59:25,62.05,300,
09:59:25,62.05,800,
09:59:25,62.0501,800,
09:59:25,62.05,100,
09:59:25,62.05,400,
09:59:26,62.04,600,
09:59:26,62.04,300,
09:59:27,62.04,2000,
09:59:29,62.04,100,
09:59:29,62.04,600,
09:59:29,62.05,100,
09:59:29,62.05,100,
09:59:29,62.05,100,
09:59:29,62.05,100,
09:59:29,62.05,200,
09:59:29,62.05,100,
09:59:29,62.06,400,
09:59:32,62.0501,100,
09:59:32,62.05,100,
09:59:32,62.05,100,
09:59:32,62.05,100,
09:59:32,62.06,100,
09:59:32,62.06,2000,
09:59:32,62.06,100,
09:59:32,62.06,200,
09:59:34,62.07,2000,
09:59:34,62.07,300,
09:59:34,62.07,100,
09:59:34,62.07,100,
09:59:34,62.07,400,
09:59:34,62.07,100,
09:59:34,62.07,200,
09:59:34,62.06,1000,
09:59:34,62.06,400,
09:59:34,62.06,800,
09:59:34,62.06,600,
09:59:34,62.06,200,
09:59:34,62.06,800,
09:59:34,62.06,300,
09:59:34,62.07,400,
09:59:34,62.07,1200,
09:59:34,62.07,300,
09:59:34,62.07,400,
09:59:34,62.07,500,
09:59:34,62.07,200,
09:59:34,62.07,100,
09:59:34,62.07,100,
09:59:34,62.07,900,
09:59:34,62.07,800,
09:59:34,62.07,500,
09:59:34,62.07,300,
09:59:34,62.07,400,
09:59:34,62.07,400,
09:59:34,62.07,300,
09:59:34,62.06,200,
09:59:34,62.06,500,
09:59:34,62.06,800,
09:59:34,62.07,1000,
09:59:34,62.07,100,
09:59:34,62.07,1800,
09:59:34,62.07,100,
09:59:34,62.07,300,
09:59:34,62.07,220,
09:59:34,62.07,500,
09:59:34,62.07,400,
09:59:34,62.07,400,
09:59:34,62.07,320,
09:59:34,62.07,100,
09:59:34,62.07,2000,
09:59:34,62.07,100,
09:59:34,62.07,200,
09:59:34,62.07,200,
09:59:34,62.07,1300,
09:59:34,62.07,1500,
09:59:34,62.07,900,
09:59:34,62.07,800,
09:59:34,62.07,400,
09:59:34,62.07,400,
09:59:34,62.07,200,
09:59:34,62.07,5000,
09:59:34,62.07,800,
09:59:34,62.07,200,
09:59:34,62.07,200,
09:59:34,62.07,100,
09:59:34,62.07,100,
09:59:34,62.07,677,
09:59:34,62.07,1600,
09:59:34,62.07,100,
09:59:34,62.07,400,
09:59:34,62.07,400,
09:59:34,62.07,2000,
09:59:34,62.07,800,
09:59:34,62.07,1300,
09:59:34,62.07,800,
09:59:34,62.07,800,
09:59:34,62.07,100,
09:59:34,62.07,2700,
09:59:34,62.07,100,
09:59:34,62.07,600,
09:59:34,62.07,500,
09:59:34,62.07,470,
09:59:34,62.07,2000,
09:59:34,62.07,2000,
09:59:34,62.07,100,
09:59:35,62.07,100,
09:59:35,62.07,100,
09:59:35,62.07,500,
09:59:35,62.07,200,
09:59:35,62.07,100,
09:59:35,62.07,500,
09:59:35,62.07,1300,
09:59:35,62.07,700,
09:59:37,62.07,100,
09:59:37,62.07,400,
09:59:37,62.07,100,
09:59:37,62.07,300,
09:59:37,62.07,300,
09:59:37,62.07,800,
09:59:37,62.07,200,
09:59:37,62.07,800,
09:59:37,62.07,200,
09:59:37,62.07,100,
09:59:37,62.07,200,
09:59:37,62.07,800,
09:59:37,62.07,400,
09:59:38,62.06,400,
09:59:38,62.06,100,
09:59:38,62.06,415,
09:59:38,62.06,100,
09:59:38,62.06,200,
09:59:38,62.0501,2000,
09:59:41,62.05,100,
09:59:42,62.05,200,
09:59:42,62.05,300,
09:59:42,62.05,100,
09:59:42,62.05,600,
09:59:42,62.05,600,
09:59:42,62.05,800,
09:59:42,62.05,200,
09:59:42,62.05,2100,
09:59:42,62.05,100,
09:59:42,62.05,400,
09:59:42,62.05,100,
09:59:42,62.05,500,
09:59:42,62.05,100,
09:59:42,62.05,600,
09:59:42,62.05,100,
09:59:44,62.05,100,
09:59:44,62.05,100,
09:59:44,62.05,100,
09:59:44,62.05,188,
09:59:46,62.05,100,
09:59:48,62.05,100,
09:59:49,62.05,100,
09:59:50,62.06,200,
09:59:50,62.06,100,
09:59:50,62.06,400,
09:59:50,62.06,800,
09:59:50,62.06,100,
09:59:50,62.06,100,
09:59:50,62.06,100,
09:59:52,62.06,1400,
09:59:52,62.06,100,
09:59:52,62.06,800,
09:59:52,62.06,200,
09:59:52,62.06,100,
09:59:52,62.06,100,
09:59:52,62.06,1000,
09:59:52,62.06,400,
09:59:52,62.06,800,
09:59:52,62.05,200,
09:59:54,62.05,100,
09:59:54,62.05,100,
09:59:57,62.06,100,
09:59:58,62.06,200,
09:59:59,62.05,100,
09:59:59,62.05,600,
09:59:59,62.05,1900,
09:59:59,62.05,100,
09:59:59,62.05,200,
09:59:59,62.05,200,
09:59:59,62.05,100,
09:59:59,62.05,600,
09:59:59,62.05,100,
09:59:59,62.05,200,
09:59:59,62.05,400,
09:59:59,62.05,200,
09:59:59,62.05,112,
09:59:59,62.05,500,
09:59:59,62.05,2000,
09:59:59,62.05,100,
10:00:01,62.08,400,
10:00:01,62.08,800,
10:00:01,62.08,600,
10:00:01,62.08,274,
10:00:01,62.08,300,
10:00:01,62.09,1200,
10:00:01,62.09,700,
10:00:02,62.09,400,
10:00:02,62.09,500,
10:00:02,62.08,100,
10:00:02,62.08,100,
10:00:02,62.08,100,
10:00:02,62.08,100,
10:00:02,62.08,400,
10:00:02,62.08,1500,
10:00:02,62.08,100,
10:00:02,62.08,200,
10:00:02,62.08,100,
10:00:02,62.08,700,
10:00:02,62.08,600,
10:00:02,62.08,400,
10:00:02,62.08,100,
10:00:02,62.08,100,
10:00:02,62.08,1200,
10:00:02,62.08,200,
10:00:02,62.08,700,
10:00:02,62.08,129,
10:00:02,62.08,100,
10:00:02,62.08,500,
10:00:02,62.08,300,
10:00:05,62.07,300,
10:00:05,62.07,100,
10:00:06,62.07,100,
10:00:06,62.07,200,
10:00:06,62.065,100,
10:00:06,62.065,100,
10:00:06,62.065,100,
10:00:06,62.065,200,
10:00:06,62.065,200,
10:00:06,62.065,300,
10:00:06,62.065,100,
10:00:06,62.06,100,
10:00:06,62.06,100,
10:00:06,62.05,170,
10:00:06,62.05,100,
10:00:06,62.06,100,
10:00:06,62.06,600,
10:00:08,62.06,300,
10:00:08,62.07,100,
10:00:08,62.06,100,
10:00:08,62.06,300,
10:00:08,62.05,200,
10:00:08,62.065,300,
10:00:08,62.06,700,
10:00:08,62.06,200,
10:00:08,62.06,647,
10:00:08,62.06,400,
10:00:08,62.06,1300,
10:00:08,62.06,400,
10:00:08,62.06,400,
10:00:08,62.06,300,
10:00:08,62.06,700,
10:00:09,62.06,480,
10:00:09,62.06,320,
10:00:09,62.06,800,
10:00:09,62.06,800,
10:00:09,62.06,100,
10:00:09,62.06,320,
10:00:09,62.07,100,
10:00:09,62.07,300,
10:00:09,62.08,400,
10:00:09,62.07,100,
10:00:10,62.07,400,
10:00:10,62.07,100,
10:00:10,62.07,100,
10:00:10,62.07,600,
10:00:10,62.07,100,
10:00:10,62.06,600,
10:00:10,62.0699,1000,
10:00:11,62.06,115,
10:00:11,62.06,100,
10:00:11,62.06,100,
10:00:12,62.07,100,
10:00:12,62.07,100,
10:00:12,62.07,100,
10:00:14,62.07,100,
10:00:15,62.06,1000,
10:00:15,62.06,900,
10:00:16,62.06,100,
10:00:16,62.06,384,
10:00:16,62.06,116,
10:00:16,62.06,184,
10:00:16,62.065,100,
10:00:16,62.065,100,
10:00:16,62.06,100,
10:00:16,62.06,500,
10:00:17,62.06,400,
10:00:17,62.06,350,
10:00:17,62.06,100,
10:00:17,62.06,100,
10:00:17,62.06,100,
10:00:17,62.06,800,
10:00:17,62.06,800,
10:00:17,62.06,600,
10:00:17,62.06,100,
10:00:18,62.07,100,
10:00:18,62.07,100,
10:00:18,62.07,100,
10:00:18,62.07,100,
10:00:19,62.08,100,
10:00:20,62.08,534,
10:00:20,62.08,500,
10:00:20,62.08,266,
10:00:21,62.0899,100,
10:00:21,62.09,100,
10:00:22,62.09,1500,
10:00:23,62.09,100,
10:00:24,62.09,634,
10:00:24,62.0899,1000,
10:00:25,62.09,2400,
10:00:25,62.09,1400,
10:00:25,62.09,100,
10:00:25,62.09,2500,
10:00:25,62.09,1700,
10:00:25,62.09,203,
10:00:25,62.08,2000,
10:00:25,62.09,100,
10:00:26,62.09,400,
10:00:27,62.08,100,
10:00:28,62.09,300,
10:00:28,62.09,300,
10:00:28,62.09,300,
10:00:28,62.09,1500,
10:00:28,62.09,157,
10:00:28,62.10,100,
10:00:30,62.11,100,
10:00:30,62.11,100,
10:00:30,62.11,100,
10:00:30,62.11,200,
10:00:30,62.11,300,
10:00:30,62.11,100,
10:00:30,62.10,200,
10:00:30,62.10,600,
10:00:30,62.10,815,
10:00:30,62.11,100,
10:00:30,62.11,2100,
10:00:30,62.11,600,
10:00:30,62.11,100,
10:00:30,62.11,800,
10:00:30,62.11,400,
10:00:30,62.11,100,
10:00:30,62.11,100,
10:00:31,62.12,100,
10:00:31,62.12,1100,
10:00:31,62.12,3000,
10:00:31,62.13,100,
10:00:31,62.13,1500,
10:00:31,62.1293,100,
10:00:31,62.13,500,
10:00:31,62.13,200,
10:00:31,62.13,200,
10:00:31,62.13,700,
10:00:31,62.13,700,
10:00:31,62.13,400,
10:00:31,62.13,100,
10:00:31,62.12,200,
10:00:31,62.12,200,
10:00:31,62.12,100,
10:00:31,62.12,600,
10:00:31,62.1299,100,
10:00:32,62.13,100,
10:00:32,62.13,100,
10:00:33,62.13,500,
10:00:33,62.13,200,
10:00:36,62.14,400,
10:00:36,62.13,250,
10:00:36,62.13,800,
10:00:36,62.14,2150,
10:00:36,62.14,150,
10:00:36,62.14,2000,
10:00:36,62.14,800,
10:00:36,62.14,2000,
10:00:37,62.14,900,
10:00:37,62.14,2000,
10:00:38,62.138,625,
10:00:39,62.135,400,
10:00:39,62.1399,100,
10:00:39,62.14,300,
10:00:39,62.15,400,
10:00:39,62.16,200,
10:00:39,62.15,800,
10:00:39,62.15,2600,
10:00:39,62.15,500,
10:00:39,62.16,1800,
10:00:39,62.16,600,
10:00:39,62.16,100,
10:00:39,62.16,300,
10:00:39,62.16,1200,
10:00:39,62.16,2400,
10:00:39,62.16,400,
10:00:39,62.16,400,
10:00:39,62.16,1000,
10:00:39,62.16,300,
10:00:39,62.16,100,
10:00:39,62.17,500,
10:00:39,62.17,300,
10:00:39,62.17,200,
10:00:39,62.17,400,
10:00:39,62.17,100,
10:00:39,62.17,400,
10:00:39,62.17,200,
10:00:39,62.16,600,
10:00:39,62.16,345,
10:00:39,62.16,100,
10:00:39,62.16,200,
10:00:39,62.17,200,
10:00:39,62.17,145,
10:00:39,62.17,100,
10:00:39,62.16,645,
10:00:39,62.16,300,
10:00:39,62.16,245,
10:00:39,62.17,100,
10:00:39,62.17,300,
10:00:39,62.16,205,
10:00:39,62.16,100,
10:00:39,62.17,200,
10:00:40,62.1601,100,
10:00:40,62.16,200,
10:00:40,62.16,500,
10:00:40,62.17,100,
10:00:40,62.16,200,
10:00:40,62.16,300,
10:00:40,62.16,100,
10:00:40,62.17,700,
10:00:40,62.17,1800,
10:00:40,62.17,400,
10:00:40,62.16,600,
10:00:41,62.17,100,
10:00:41,62.17,800,
10:00:41,62.18,200,
10:00:41,62.18,100,
10:00:41,62.18,100,
10:00:41,62.18,400,
10:00:41,62.18,100,
10:00:41,62.18,100,
10:00:41,62.17,800,
10:00:41,62.1801,1000,
10:00:41,62.17,100,
10:00:41,62.17,100,
10:00:41,62.16,1000,
10:00:42,62.16,100,
10:00:42,62.16,100,
10:00:42,62.16,500,
10:00:42,62.16,800,
10:00:42,62.16,2000,
10:00:42,62.16,100,
10:00:42,62.16,700,
10:00:42,62.16,100,
10:00:42,62.16,100,
10:00:42,62.16,500,
10:00:42,62.16,400,
10:00:42,62.16,600,
10:00:42,62.16,400,
10:00:42,62.16,400,
10:00:42,62.16,600,
10:00:42,62.16,600,
10:00:42,62.16,300,
10:00:42,62.16,100,
10:00:42,62.16,610,
10:00:42,62.16,100,
10:00:42,62.16,200,
10:00:42,62.16,200,
10:00:42,62.16,500,
10:00:42,62.16,300,
10:00:42,62.16,500,
10:00:42,62.16,300,
10:00:42,62.16,200,
10:00:42,62.16,1400,
10:00:42,62.15,215,
10:00:42,62.15,500,
10:00:42,62.15,100,
10:00:42,62.16,500,
10:00:42,62.14,100,
10:00:43,62.14,100,
10:00:43,62.14,100,
10:00:44,62.14,187,
10:00:44,62.14,313,
10:00:44,62.14,100,
10:00:45,62.14,100,
10:00:45,62.14,700,
10:00:45,62.14,1499,
10:00:45,62.15,400,
10:00:45,62.15,800,
10:00:45,62.15,800,
10:00:46,62.15,100,
10:00:47,62.15,400,
10:00:47,62.15,100,
10:00:47,62.15,100,
10:00:47,62.14,100,
10:00:47,62.14,400,
10:00:47,62.14,800,
10:00:47,62.13,700,
10:00:47,62.13,100,
10:00:47,62.13,400,
10:00:47,62.13,200,
10:00:47,62.13,100,
10:00:48,62.13,100,
10:00:48,62.13,200,
10:00:48,62.13,800,
10:00:48,62.12,400,
10:00:48,62.12,100,
10:00:49,62.12,100,
10:00:50,62.12,100,
10:00:50,62.12,100,
10:00:50,62.12,100,
10:00:50,62.12,200,
10:00:50,62.11,400,
10:00:50,62.11,100,
10:00:50,62.11,100,
10:00:50,62.11,400,
10:00:50,62.11,400,
10:00:50,62.115,100,
10:00:50,62.10,415,
10:00:50,62.10,400,
10:00:50,62.10,185,
10:00:50,62.11,100,
10:00:50,62.11,100,
10:00:50,62.11,100,
10:00:50,62.11,100,
10:00:50,62.12,100,
10:00:50,62.12,400,
10:00:51,62.11,100,
10:00:51,62.11,100,
10:00:51,62.11,100,
10:00:51,62.11,800,
10:00:51,62.11,200,
10:00:51,62.11,200,
10:00:52,62.11,600,
10:00:52,62.11,500,
10:00:54,62.11,100,
10:00:55,62.11,100,
10:00:55,62.11,400,
10:00:56,62.12,200,
10:00:56,62.12,100,
10:00:56,62.12,400,
10:00:56,62.12,100,
10:00:56,62.12,800,
10:00:56,62.12,700,
10:00:56,62.12,600,
10:00:56,62.12,100,
10:00:56,62.12,1000,
10:00:56,62.12,100,
10:00:56,62.11,700,
10:00:58,62.11,200,
10:00:58,62.11,500,
10:00:58,62.11,100,
10:00:58,62.10,200,
10:00:58,62.10,600,
10:00:58,62.10,400,
10:00:58,62.10,200,
10:00:58,62.10,200,
10:00:58,62.10,100,
10:00:58,62.10,100,
10:00:58,62.10,100,
10:00:59,62.10,100,
10:00:59,62.10,100,
10:00:59,62.10,100,
10:01:00,62.109,7000,
10:01:01,62.10,130,
10:01:01,62.10,100,
10:01:01,62.10,500,
10:01:01,62.09,100,
10:01:01,62.09,100,
10:01:01,62.09,100,
10:01:01,62.09,100,
10:01:01,62.09,100,
10:01:01,62.10,100,
10:01:01,62.10,800,
10:01:01,62.10,100,
10:01:02,62.10,100,
10:01:03,62.09,100,
10:01:03,62.08,1500,
10:01:04,62.08,100,
10:01:04,62.08,100,
10:01:04,62.08,100,
10:01:04,62.07,200,
10:01:04,62.07,100,
10:01:04,62.10,100,
10:01:05,62.07,100,
10:01:05,62.07,100,
10:01:05,62.07,400,
10:01:05,62.07,100,
10:01:05,62.07,400,
10:01:07,62.07,900,
10:01:07,62.06,300,
10:01:07,62.06,200,
10:01:09,62.0699,100,
10:01:09,62.07,100,
10:01:10,62.07,400,
10:01:10,62.07,100,
10:01:10,62.07,100,
10:01:11,62.07,500,
10:01:13,62.07,2500,
10:01:13,62.07,100,
10:01:13,62.07,100,
10:01:13,62.07,100,
10:01:13,62.07,300,
10:01:14,62.06,100,
10:01:14,62.065,200,
10:01:16,62.05,200,
10:01:16,62.05,200,
10:01:16,62.05,155,
10:01:16,62.05,100,
10:01:16,62.05,100,
10:01:16,62.05,100,
10:01:16,62.05,140,
10:01:16,62.05,143,
10:01:21,62.06,200,
10:01:24,62.05,100,
10:01:25,62.0401,300,
10:01:26,62.05,100,
10:01:26,62.04,1000,
10:01:29,62.03,100,
10:01:29,62.04,100,
10:01:30,62.03,300,
10:01:30,62.02,100,
10:01:30,62.02,1300,
10:01:30,62.02,100,
10:01:30,62.02,200,
10:01:30,62.02,100,
10:01:30,62.02,100,
10:01:31,62.02,200,
10:01:31,62.02,1537,
10:01:31,62.02,100,
10:01:31,62.02,100,
10:01:31,62.02,1000,
10:01:31,62.01,100,
10:01:31,62.0299,500,
10:01:32,62.02,100,
10:01:32,62.02,100,
10:01:32,62.02,100,
10:01:32,62.0101,3000,
10:01:33,62.02,100,
10:01:33,62.02,100,
10:01:33,62.02,200,
10:01:36,62.02,100,
10:01:36,62.02,1900,
10:01:36,62.02,300,
10:01:36,62.02,100,
10:01:36,62.02,790,
10:01:36,62.02,100,
10:01:36,62.02,400,
10:01:38,62.02,226,
10:01:40,62,500,
10:01:42,62,200,
10:01:42,62,100,
10:01:42,62,100,
10:01:43,61.9954,100,
10:01:46,61.99,100,
10:01:46,61.99,100,
10:01:46,61.99,7600,
10:01:46,61.99,100,
10:01:47,62,300,
10:01:48,62.01,200,
10:01:49,62.01,100,
10:01:49,62.01,600,
10:01:49,62.01,400,
10:01:49,62.01,800,
10:01:49,62.01,100,
10:01:49,62.01,800,
10:01:49,62.01,200,
10:01:49,62.01,200,
10:01:49,62.0101,400,
10:01:49,62.01,200,
10:01:49,62.01,300,
10:01:50,62.01,115,
10:01:50,62.01,100,
10:01:50,62.0099,1280,
10:01:50,62.02,100,
10:01:51,62.03,300,
10:01:51,62.03,100,
10:01:52,62.03,100,
10:01:53,62.02,100,
10:01:53,62.02,800,
10:01:53,62.0213,600,
10:01:54,62.02,100,
10:01:55,62.02,200,
10:01:55,62.02,100,
10:01:55,62.02,100,
10:02:00,62.02,1200,
10:02:00,62.02,100,
10:02:01,62.01,400,
10:02:01,62.01,100,
10:02:01,62.01,2100,
10:02:01,62.01,100,
10:02:04,62.02,200,
10:02:05,62.02,100,
10:02:05,62.02,600,
10:02:07,62.02,100,
10:02:07,62.02,200,
10:02:08,62.02,100,
10:02:08,62.02,800,
10:02:08,62.02,100,
10:02:12,62.02,200,
10:02:12,62.0201,400,
10:02:13,62.02,100,
10:02:14,62.02,100,
10:02:14,62.019,100,
10:02:15,62.019,100,
10:02:15,62.0199,110,
10:02:18,62.0101,500,
10:02:19,62.01,200,
10:02:19,62.01,100,
10:02:19,62.0101,400,
10:02:21,62,200,
10:02:21,62,200,
10:02:21,62,185,
10:02:21,62,100,
10:02:21,61.99,100,
10:02:21,61.99,200,
10:02:21,61.99,100,
10:02:21,61.9901,400,
10:02:24,61.98,400,
10:02:24,61.98,516,
10:02:24,61.98,100,
10:02:24,61.98,400,
10:02:24,61.9799,100,
10:02:24,61.98,300,
10:02:25,61.98,100,
10:02:25,61.98,100,
10:02:25,61.98,100,
10:02:25,61.98,800,
10:02:26,61.98,100,
10:02:26,61.98,2600,
10:02:26,61.98,300,
10:02:26,61.99,500,
10:02:26,61.99,1000,
10:02:26,61.99,800,
10:02:26,61.99,400,
10:02:26,61.99,100,
10:02:26,61.99,410,
10:02:26,61.99,400,
10:02:26,61.99,100,
10:02:26,61.99,600,
10:02:26,61.99,800,
10:02:26,61.99,1700,
10:02:26,61.99,100,
10:02:26,62,100,
10:02:26,62,400,
10:02:26,61.99,500,
10:02:26,61.99,155,
10:02:26,61.99,800,
10:02:26,62,800,
10:02:26,61.99,280,
10:02:26,61.99,400,
10:02:26,61.99,200,
10:02:26,61.99,100,
10:02:26,61.99,200,
10:02:26,61.99,660,
10:02:26,61.99,800,
10:02:26,61.99,2400,
10:02:26,61.99,1200,
10:02:26,62.01,300,
10:02:26,62,500,
10:02:26,61.99,100,
10:02:26,62,100,
10:02:26,62,100,
10:02:26,62,500,
10:02:26,62,200,
10:02:26,62,200,
10:02:26,62,100,
10:02:26,62,200,
10:02:26,62,900,
10:02:26,62,200,
10:02:26,61.989,1900,
10:02:26,62,100,
10:02:26,62,200,
10:02:26,62,800,
10:02:26,62,500,
10:02:26,62,300,
10:02:26,62,400,
10:02:26,62,500,
10:02:26,62,500,
10:02:26,62,1400,
10:02:26,62,600,
10:02:26,62,300,
10:02:26,62,300,
10:02:26,62,400,
10:02:26,61.99,2000,
10:02:26,62,400,
10:02:26,62,100,
10:02:26,62,100,
10:02:26,62,200,
10:02:26,62.01,400,
10:02:26,62.01,800,
10:02:26,62.01,100,
10:02:26,62.01,157,
10:02:26,62.01,100,
10:02:26,62.01,2157,
10:02:26,62,400,
10:02:26,62,300,
10:02:26,62,300,
10:02:26,62,200,
10:02:26,62,100,
10:02:26,62,100,
10:02:26,62,100,
10:02:26,62,100,
10:02:26,62,800,
10:02:26,62,200,
10:02:26,62,200,
10:02:26,62.01,100,
10:02:26,62.01,100,
10:02:26,62.01,100,
10:02:26,61.99,2000,
10:02:26,61.99,500,
10:02:26,61.99,400,
10:02:27,62,200,
10:02:27,62,100,
10:02:27,62,500,
10:02:28,62,100,
10:02:28,62,100,
10:02:28,62,600,
10:02:28,62,1100,
10:02:28,62,100,
10:02:28,62,100,
10:02:28,61.985,100,
10:02:29,62,600,
10:02:29,62,800,
10:02:29,62,600,
10:02:29,62,100,
10:02:29,62,100,
10:02:30,62,100,
10:02:30,62,600,
10:02:30,62,100,
10:02:31,62.01,100,
10:02:31,62.01,100,
10:02:31,62.01,100,
10:02:31,62,100,
10:02:32,62,100,
10:02:33,62,100,
10:02:34,61.99,200,
10:02:34,61.99,100,
10:02:34,61.99,400,
10:02:34,61.99,200,
10:02:34,61.99,100,
10:02:37,61.99,400,
10:02:37,61.99,100,
10:02:37,61.99,100,
10:02:37,61.99,600,
10:02:37,62,1800,
10:02:37,62,200,
10:02:37,62,200,
10:02:37,62,800,
10:02:37,62,100,
10:02:37,62,1750,
10:02:37,62,350,
10:02:37,62,100,
10:02:37,62,300,
10:02:41,61.99,100,
10:02:41,61.99,100,
10:02:41,61.99,300,
10:02:41,61.99,400,
10:02:41,61.99,800,
10:02:41,61.99,200,
10:02:41,61.99,100,
10:02:41,61.99,400,
10:02:41,61.99,200,
10:02:41,62,300,
10:02:41,62,400,
10:02:41,62,400,
10:02:41,62,100,
10:02:41,61.99,200,
10:02:41,62,400,
10:02:42,62.01,100,
10:02:45,62.01,100,
10:02:45,62.01,100,
10:02:45,62.01,100,
10:02:45,62.01,300,
10:02:45,62.01,400,
10:02:46,62.01,300,
10:02:46,62.001,500,
10:02:46,62,100,
10:02:46,62,500,
10:02:46,62,100,
10:02:46,62,300,
10:02:46,62,300,
10:02:46,62,100,
10:02:46,62,100,
10:02:46,62.01,500,
10:02:46,62.01,2100,
10:02:46,62.01,500,
10:02:46,62.01,400,
10:02:46,62.01,100,
10:02:46,62.01,2500,
10:02:46,62.01,100,
10:02:47,62.01,100,
10:02:48,62,100,
10:02:49,62,800,
10:02:51,62,100,
10:02:51,61.99,1100,
10:02:51,61.99,500,
10:02:51,61.99,400,
10:02:51,61.99,800,
10:02:51,61.99,800,
10:02:51,61.99,400,
10:02:51,61.99,100,
10:02:51,61.98,100,
10:02:51,61.98,100,
10:02:51,61.99,2000,
10:02:51,61.99,1000,
10:02:51,61.97,600,
10:02:51,61.97,600,
10:02:51,61.9799,500,
10:02:52,61.97,600,
10:02:52,61.97,522,
10:02:52,61.97,500,
10:02:53,61.97,600,
10:02:53,61.97,800,
10:02:53,61.97,1000,
10:02:53,61.975,200,
10:02:53,61.975,200,
10:02:53,61.975,200,
10:02:54,61.97,800,
10:02:54,61.97,200,
10:02:54,61.97,1200,
10:02:54,61.97,700,
10:02:54,61.97,100,
10:02:54,61.97,900,
10:02:54,61.97,1100,
10:02:54,61.97,1200,
10:02:54,61.97,100,
10:02:54,61.97,100,
10:02:54,61.97,1400,
10:02:54,61.97,100,
10:02:54,61.97,800,
10:02:54,61.97,100,
10:02:54,61.97,400,
10:02:54,61.97,100,
10:02:54,61.97,100,
10:02:54,61.97,200,
10:02:54,61.98,100,
10:02:54,61.97,800,
10:02:54,61.97,100,
10:02:54,61.97,800,
10:02:54,61.97,100,
10:02:54,61.97,800,
10:02:54,61.97,700,
10:02:54,61.97,400,
10:02:54,61.97,100,
10:02:54,61.97,200,
10:02:55,61.98,200,
10:02:55,61.98,100,
10:02:55,61.98,500,
10:02:55,61.98,500,
10:02:56,61.98,1400,
10:02:56,61.98,800,
10:02:56,61.98,400,
10:02:56,61.98,400,
10:02:56,61.98,700,
10:02:56,61.99,200,
10:02:56,61.99,200,
10:02:56,61.99,800,
10:02:56,61.99,200,
10:02:56,61.99,600,
10:02:58,62,100,
10:02:58,62,100,
10:02:58,61.995,300,
10:02:58,62.01,400,
10:02:58,62,100,
10:02:58,62,800,
10:02:58,62,100,
10:02:58,62,1500,
10:02:58,62,800,
10:02:58,62,100,
10:02:58,62,600,
10:02:58,62,300,
10:02:58,62,700,
10:02:58,61.99,200,
10:02:58,62,400,
10:02:58,62,100,
10:02:58,62,600,
10:02:58,62,100,
10:02:58,61.99,300,
10:02:58,61.99,200,
10:02:58,61.99,100,
10:02:58,61.99,500,
10:02:58,61.99,300,
10:02:58,61.99,600,
10:02:58,61.99,1200,
10:02:58,61.98,315,
10:02:58,61.99,200,
10:02:58,61.99,1000,
10:02:59,61.99,100,
10:02:59,61.99,100,
10:02:59,61.99,200,
10:03:00,62,100,
10:03:00,62,100,
10:03:00,62,200,
10:03:00,62,300,
10:03:00,62,300,
10:03:01,62,100,
10:03:01,62,400,
10:03:01,62,800,
10:03:01,62,100,
10:03:01,62,800,
10:03:03,62,300,
10:03:03,62,100,
10:03:03,62,100,
10:03:03,62,490,
10:03:03,62,800,
10:03:03,62,100,
10:03:04,62.01,100,
10:03:05,62.02,100,
10:03:05,62.02,2900,
10:03:05,62.02,100,
10:03:05,62.02,100,
10:03:05,62.02,100,
10:03:05,62.02,100,
10:03:05,62.02,200,
10:03:05,62.02,200,
10:03:05,62.02,100,
10:03:05,62.02,100,
10:03:05,62.02,100,
10:03:05,62.02,100,
10:03:05,62.01,1700,
10:03:05,62.01,500,
10:03:07,62.02,600,
10:03:07,62.02,200,
10:03:07,62.02,200,
10:03:07,62.02,300,
10:03:07,62.02,500,
10:03:08,62.03,200,
10:03:08,62.03,100,
10:03:08,62.03,1900,
10:03:08,62.04,3300,
10:03:08,62.03,2300,
10:03:08,62.03,400,
10:03:08,62.03,800,
10:03:08,62.03,100,
10:03:08,62.03,2100,
10:03:08,62.02,2500,
10:03:08,62.02,800,
10:03:08,62.02,800,
10:03:09,62.02,200,
10:03:14,62.02,200,
10:03:14,62.02,177,
10:03:15,62.01,100,
10:03:15,62.01,200,
10:03:15,62.0045,230,
10:03:18,62,200,
10:03:18,62,100,
10:03:18,62,200,
10:03:18,62,100,
10:03:19,62,100,
10:03:24,62,700,
10:03:24,62,100,
10:03:24,62,100,
10:03:24,62,800,
10:03:24,62.01,600,
10:03:24,62.01,100,
10:03:25,62.02,100,
10:03:25,62.02,400,
10:03:25,62.02,100,
10:03:25,62.02,100,
10:03:25,62.02,100,
10:03:25,62.01,1800,
10:03:25,62.01,600,
10:03:25,62.02,100,
10:03:26,62.02,110,
10:03:27,62.02,100,
10:03:27,62.02,1000,
10:03:27,62.02,100,
10:03:27,62.01,400,
10:03:27,62.01,200,
10:03:27,62.02,200,
10:03:28,62.01,100,
10:03:28,62.01,200,
10:03:28,62.01,1074,
10:03:28,62.01,1000,
10:03:28,62.01,400,
10:03:28,62.02,100,
10:03:29,62.0232,1218,
10:03:29,62.02,100,
10:03:29,62.02,200,
10:03:29,62.02,500,
10:03:29,62.02,800,
10:03:29,62.01,800,
10:03:31,62.02,100,
10:03:31,62.03,600,
10:03:36,62.03,100,
10:03:36,62.03,400,
10:03:36,62.03,200,
10:03:38,62.03,100,
10:03:39,62.0399,100,
10:03:39,62.04,200,
10:03:39,62.04,800,
10:03:43,62.05,200,
10:03:45,62.05,150,
10:03:47,62.05,100,
10:03:47,62.05,100,
10:03:47,62.05,100,
10:03:50,62.05,200,
10:03:50,62.05,800,
10:03:50,62.05,100,
10:03:50,62.05,673,
10:03:50,62.05,100,
10:03:50,62.04,1100,
10:03:51,62.04,200,
10:03:51,62.04,200,
10:03:51,62.04,1200,
10:03:51,62.04,3300,
10:03:51,62.03,815,
10:03:51,62.03,200,
10:03:51,62.03,100,
10:03:51,62.03,100,
10:03:51,62.03,200,
10:03:52,62.02,100,
10:03:52,62.02,200,
10:03:52,62.02,200,
10:03:53,62.02,700,
10:03:53,62.0199,200,
10:03:54,62.01,200,
10:03:54,62.01,100,
10:03:54,62.01,100,
10:03:54,62,800,
10:03:55,62,100,
10:03:55,62,200,
10:03:55,61.99,400,
10:03:55,61.99,100,
10:03:55,61.99,100,
