09:30:00,66.85,400,
09:30:00,66.86,100,
09:30:00,66.86,1000,
09:30:00,66.85,217,
09:30:00,66.85,500,
09:30:01,66.86,400,
09:30:01,66.87,500,
09:30:01,66.87,482,
09:30:01,66.87,100,
09:30:01,66.86,500,
09:30:01,66.86,300,
09:30:01,66.86,500,
09:30:01,66.86,500,
09:30:01,66.86,500,
09:30:01,66.86,500,
09:30:01,66.87,200,
09:30:01,66.87,137,
09:30:01,66.86,1000,
09:30:01,66.86,200,
09:30:01,66.86,200,
09:30:01,66.86,1000,
09:30:01,66.87,339,
09:30:03,66.86,200,
09:30:03,66.86,500,
09:30:03,66.86,500,
09:30:03,66.86,300,
09:30:05,66.85,300,
09:30:05,66.85,175,
09:30:05,66.85,500,
09:30:05,66.85,500,
09:30:05,66.85,500,
09:30:05,66.85,476,
09:30:05,66.85,500,
09:30:05,66.85,500,
09:30:05,66.85,200,
09:30:05,66.85,500,
09:30:05,66.85,500,
09:30:05,66.85,900,
09:30:06,66.84,500,
09:30:06,66.84,500,
09:30:06,66.84,200,
09:30:07,66.85,100,
09:30:07,66.85,200,
09:30:08,66.85,200,
09:30:08,66.85,1000,
09:30:08,66.85,200,
09:30:08,66.85,100,
09:30:08,66.85,900,
09:30:08,66.86,161,
09:30:08,66.86,884,
09:30:08,66.86,224,
09:30:08,66.86,274,
09:30:08,66.86,523,
09:30:08,66.86,543,
09:30:08,66.85,100,
09:30:08,66.86,5000,
09:30:08,66.86,500,
09:30:08,66.86,500,
09:30:08,66.86,600,
09:30:08,66.86,759,
09:30:08,66.87,100,
09:30:08,66.87,400,
09:30:11,66.86,300,
09:30:11,66.86,315,
09:30:11,66.86,500,
09:30:11,66.86,500,
09:30:11,66.86,289,
09:30:11,66.86,1000,
09:30:11,66.87,300,
09:30:11,66.87,4900,
09:30:11,66.87,175,
09:30:11,66.87,500,
09:30:14,66.87,100,
09:30:14,66.87,600,
09:30:15,66.87,150,
09:30:15,66.87,940,
09:30:17,66.86,300,
09:30:17,66.86,500,
09:30:17,66.86,500,
09:30:17,66.86,500,
09:30:17,66.86,500,
09:30:17,66.86,100,
09:30:19,66.86,200,
09:30:19,66.86,200,
09:30:22,66.85,500,
09:30:22,66.85,500,
09:30:22,66.85,500,
09:30:22,66.85,500,
09:30:22,66.85,500,
09:30:22,66.85,200,
09:30:23,66.84,500,
09:30:24,66.83,100,
09:30:24,66.83,500,
09:30:24,66.83,500,
09:30:24,66.83,100,
09:30:26,66.82,470,
09:30:26,66.82,500,
09:30:26,66.82,500,
09:30:26,66.82,500,
09:30:26,66.82,500,
09:30:26,66.86,100,
09:30:27,66.83,1000,
09:30:27,66.83,291,
09:30:27,66.83,115,
09:30:27,66.83,200,
09:30:27,66.83,300,
09:30:29,66.83,185,
09:30:31,66.8401,189,
09:30:37,66.84,500,
09:30:37,66.84,500,
09:30:37,66.84,500,
09:30:37,66.84,185,
09:30:37,66.85,400,
09:30:37,66.85,100,
09:30:37,66.85,100,
09:30:38,66.85,1379,
09:30:40,66.86,300,
09:30:40,66.86,500,
09:30:40,66.86,500,
09:30:40,66.86,500,
09:30:40,66.86,500,
09:30:40,66.86,500,
09:30:40,66.86,500,
09:30:40,66.86,100,
09:30:40,66.86,100,
09:30:40,66.86,1200,
09:30:40,66.86,100,
09:30:40,66.86,500,
09:30:40,66.86,1000,
09:30:40,66.86,100,
09:30:40,66.86,400,
09:30:42,66.87,100,
09:30:46,66.87,200,
09:30:46,66.87,200,
09:30:46,66.87,100,
09:30:46,66.87,500,
09:30:46,66.87,600,
09:30:46,66.87,100,
09:30:46,66.87,100,
09:30:46,66.87,200,
09:30:46,66.87,1000,
09:30:46,66.87,100,
09:30:46,66.87,400,
09:30:46,66.86,230,
09:30:48,66.86,100,
09:30:51,66.8301,200,
09:30:52,66.87,500,
09:30:52,66.87,100,
09:30:55,66.8516,600,
09:30:56,66.84,200,
09:30:56,66.8399,600,
09:30:57,66.86,355,
09:30:57,66.8799,200,
09:30:58,66.87,200,
09:30:59,66.86,800,
09:30:59,66.86,300,
09:31:00,66.8699,3000,
09:31:00,66.86,400,
09:31:01,66.86,400,
09:31:01,66.86,300,
09:31:02,66.87,300,
09:31:03,66.87,300,
09:31:03,66.87,500,
09:31:03,66.87,500,
09:31:03,66.87,500,
09:31:03,66.88,800,
09:31:03,66.88,400,
09:31:10,66.86,600,
09:31:10,66.86,200,
09:31:10,66.86,200,
09:31:10,66.86,500,
09:31:10,66.86,500,
09:31:10,66.86,100,
09:31:10,66.86,300,
09:31:10,66.86,200,
09:31:10,66.86,100,
09:31:11,66.86,100,
09:31:11,66.86,1100,
09:31:20,66.87,200,
09:31:20,66.87,500,
09:31:21,66.87,500,
09:31:21,66.87,500,
09:31:21,66.87,500,
09:31:21,66.87,660,
09:31:21,66.87,500,
09:31:21,66.87,4240,
09:31:24,66.8701,2700,
09:31:28,66.87,151,
09:31:28,66.87,600,
09:31:36,66.86,396,
09:31:36,66.86,500,
09:31:36,66.86,200,
09:31:36,66.86,404,
09:31:36,66.86,500,
09:31:36,66.86,196,
09:31:36,66.86,304,
09:31:36,66.86,500,
09:31:36,66.85,500,
09:31:36,66.85,500,
09:31:37,66.84,500,
09:31:37,66.84,500,
09:31:37,66.84,500,
09:31:37,66.84,500,
09:31:37,66.84,500,
09:31:37,66.84,500,
09:31:37,66.84,100,
09:31:40,66.83,500,
09:31:40,66.83,500,
09:31:42,66.83,100,
09:31:47,66.83,600,
09:31:52,66.84,500,
09:31:58,66.84,300,
09:32:00,66.83,241,
09:32:00,66.83,259,
09:32:00,66.83,500,
09:32:00,66.83,500,
09:32:00,66.83,445,
09:32:00,66.83,500,
09:32:00,66.83,500,
09:32:00,66.82,500,
09:32:01,66.81,200,
09:32:01,66.81,500,
09:32:01,66.81,100,
09:32:03,66.811,2600,
09:32:03,66.8001,2906,
09:32:04,66.80,500,
09:32:04,66.80,500,
09:32:04,66.80,500,
09:32:04,66.80,500,
09:32:04,66.80,500,
09:32:04,66.80,500,
09:32:04,66.80,500,
09:32:05,66.792,1000,
09:32:06,66.7901,300,
09:32:06,66.7901,500,
09:32:06,66.79,500,
09:32:07,66.78,1650,
09:32:08,66.78,300,
09:32:08,66.78,500,
09:32:08,66.78,500,
09:32:08,66.78,500,
09:32:08,66.78,500,
09:32:08,66.78,500,
09:32:08,66.78,500,
09:32:08,66.78,500,
09:32:08,66.7701,500,
09:32:08,66.77,400,
09:32:08,66.7601,2906,
09:32:09,66.77,100,
09:32:09,66.78,200,
09:32:10,66.78,200,
09:32:10,66.78,100,
09:32:11,66.78,700,
09:32:12,66.78,500,
09:32:12,66.78,600,
09:32:12,66.78,200,
09:32:12,66.78,1600,
09:32:12,66.78,800,
09:32:12,66.78,100,
09:32:17,66.77,200,
09:32:17,66.77,500,
09:32:17,66.77,500,
09:32:17,66.77,500,
09:32:17,66.77,500,
09:32:17,66.77,500,
09:32:17,66.77,100,
09:32:21,66.77,2400,
09:32:22,66.76,173,
09:32:25,66.77,300,
09:32:26,66.78,500,
09:32:26,66.78,300,
09:32:30,66.78,1500,
09:32:35,66.7899,2000,
09:32:35,66.78,200,
09:32:35,66.78,200,
09:32:35,66.78,400,
09:32:36,66.78,500,
09:32:36,66.78,100,
09:32:36,66.78,500,
09:32:36,66.78,500,
09:32:36,66.78,300,
09:32:36,66.78,500,
09:32:36,66.78,100,
09:32:36,66.78,600,
09:32:38,66.78,100,
09:32:39,66.78,100,
09:32:53,66.77,500,
09:32:58,66.77,1873,
09:32:58,66.77,500,
09:32:58,66.77,200,
09:32:58,66.77,527,
09:32:58,66.77,500,
09:32:58,66.77,500,
09:32:58,66.77,500,
09:32:58,66.77,500,
09:33:03,66.77,100,
09:33:03,66.78,500,
09:33:09,66.79,100,
09:33:09,66.79,200,
09:33:09,66.79,100,
09:33:09,66.79,100,
09:33:09,66.79,500,
09:33:09,66.80,500,
09:33:09,66.80,100,
09:33:15,66.81,500,
09:33:15,66.81,500,
09:33:15,66.81,500,
09:33:15,66.81,500,
09:33:15,66.81,500,
09:33:15,66.81,500,
09:33:15,66.81,500,
09:33:15,66.81,100,
09:33:15,66.81,325,
09:33:23,66.82,900,
09:33:23,66.82,200,
09:33:23,66.82,300,
09:33:25,66.82,500,
09:33:25,66.82,500,
09:33:25,66.82,300,
09:33:25,66.82,500,
09:33:25,66.82,200,
09:33:25,66.82,300,
09:33:25,66.83,400,
09:33:25,66.83,100,
09:33:26,66.82,375,
09:33:26,66.82,200,
09:33:34,66.8201,100,
09:33:35,66.83,500,
09:33:37,66.8285,400,
09:33:39,66.82,2400,
09:33:40,66.82,100,
09:33:40,66.83,100,
09:33:40,66.82,1700,
09:33:43,66.82,500,
09:33:43,66.82,100,
09:33:46,66.82,500,
09:33:54,66.83,300,
09:33:54,66.83,500,
09:33:54,66.83,300,
09:33:54,66.83,200,
09:33:54,66.83,200,
09:33:54,66.84,700,
09:33:54,66.84,500,
09:33:54,66.84,300,
09:33:54,66.85,200,
09:33:54,66.85,200,
09:33:55,66.85,181,
09:34:00,66.84,100,
09:34:00,66.8301,1300,
09:34:03,66.84,100,
09:34:03,66.84,200,
09:34:03,66.84,200,
09:34:14,66.84,200,
09:34:14,66.84,500,
09:34:14,66.84,300,
09:34:20,66.84,500,
09:34:21,66.84,500,
09:34:21,66.84,500,
09:34:21,66.84,500,
09:34:28,66.85,100,
09:34:28,66.85,319,
09:34:28,66.85,100,
09:34:31,66.86,100,
09:34:39,66.85,700,
09:34:39,66.85,700,
09:34:39,66.84,500,
09:34:39,66.84,300,
09:34:39,66.84,100,
09:34:40,66.84,100,
09:34:40,66.84,200,
09:34:40,66.84,1200,
09:34:47,66.84,200,
09:34:50,66.83,500,
09:34:50,66.83,500,
09:34:50,66.83,500,
09:34:52,66.82,200,
09:34:52,66.82,300,
09:34:52,66.82,200,
09:34:52,66.82,500,
09:34:52,66.82,500,
09:34:52,66.82,185,
09:34:52,66.82,500,
09:34:54,66.82,300,
09:34:54,66.82,300,
09:34:54,66.81,200,
09:34:54,66.81,300,
09:34:55,66.80,100,
09:34:55,66.80,500,
09:34:55,66.80,500,
09:34:55,66.80,500,
09:34:55,66.80,500,
09:34:55,66.80,500,
09:34:55,66.80,500,
09:34:55,66.80,500,
09:34:55,66.80,200,
09:34:57,66.81,200,
09:34:57,66.81,500,
09:34:57,66.81,300,
09:34:57,66.81,500,
09:34:57,66.81,700,
09:34:57,66.81,600,
09:34:57,66.81,500,
09:34:57,66.81,800,
09:34:57,66.81,700,
09:34:57,66.81,600,
09:34:59,66.82,4391,
09:34:59,66.82,500,
09:34:59,66.82,500,
09:34:59,66.82,500,
09:34:59,66.82,309,
09:34:59,66.83,100,
09:34:59,66.83,9100,
09:35:00,66.83,677,
09:35:00,66.83,1500,
09:35:00,66.81,100,
09:35:00,66.81,800,
09:35:00,66.82,100,
09:35:01,66.82,100,
09:35:02,66.82,200,
09:35:04,66.82,100,
09:35:04,66.815,100,
09:35:04,66.82,100,
09:35:05,66.825,100,
09:35:05,66.83,400,
09:35:05,66.83,500,
09:35:05,66.83,500,
09:35:05,66.83,500,
09:35:05,66.83,500,
09:35:08,66.83,222,
09:35:08,66.82,500,
09:35:08,66.82,600,
09:35:08,66.82,200,
09:35:10,66.83,100,
09:35:10,66.83,200,
09:35:10,66.83,7900,
09:35:10,66.82,500,
09:35:10,66.82,100,
09:35:10,66.82,200,
09:35:11,66.82,500,
09:35:11,66.82,500,
09:35:11,66.81,100,
09:35:12,66.81,200,
09:35:12,66.81,500,
09:35:12,66.81,500,
09:35:12,66.81,500,
09:35:14,66.80,251,
09:35:14,66.80,500,
09:35:14,66.80,249,
09:35:14,66.795,100,
09:35:14,66.80,100,
09:35:14,66.80,1400,
09:35:14,66.80,600,
09:35:14,66.80,100,
09:35:14,66.80,200,
09:35:14,66.80,100,
09:35:16,66.80,100,
09:35:20,66.80,200,
09:35:27,66.80,500,
09:35:27,66.80,500,
09:35:27,66.80,500,
09:35:27,66.80,500,
09:35:27,66.80,500,
09:35:28,66.79,100,
09:35:31,66.795,100,
09:35:33,66.81,100,
09:35:33,66.81,100,
09:35:33,66.79,100,
09:35:33,66.79,200,
09:35:33,66.7901,310,
09:35:34,66.795,100,
09:35:35,66.81,500,
09:35:35,66.80,100,
09:35:35,66.80,100,
09:35:36,66.81,400,
09:35:36,66.81,400,
09:35:36,66.81,1000,
09:35:36,66.81,500,
09:35:36,66.81,2200,
09:35:36,66.81,100,
09:35:36,66.82,200,
09:35:40,66.82,500,
09:35:40,66.82,500,
09:35:40,66.82,500,
09:35:40,66.82,500,
09:35:40,66.82,100,
09:35:40,66.82,100,
09:35:40,66.82,500,
09:35:40,66.815,100,
09:35:41,66.82,500,
09:35:41,66.82,100,
09:35:42,66.82,200,
09:35:45,66.81,500,
09:35:45,66.81,500,
09:35:45,66.81,500,
09:35:45,66.81,500,
09:35:45,66.81,500,
09:35:45,66.81,500,
09:35:47,66.805,100,
09:35:47,66.805,100,
09:35:48,66.811,2075,
09:35:49,66.815,100,
09:35:52,66.82,300,
09:35:52,66.82,400,
09:35:52,66.82,100,
09:35:53,66.82,100,
09:35:53,66.82,500,
09:35:53,66.82,500,
09:35:53,66.82,500,
09:35:53,66.82,500,
09:35:53,66.82,500,
09:35:53,66.815,100,
09:35:57,66.83,500,
09:35:57,66.83,100,
09:35:57,66.83,200,
09:35:57,66.83,500,
09:35:57,66.83,300,
09:35:57,66.83,300,
09:35:57,66.83,100,
09:35:57,66.825,100,
09:35:57,66.83,500,
09:35:57,66.83,100,
09:35:57,66.83,300,
09:35:57,66.84,200,
09:35:57,66.84,200,
09:35:58,66.83,100,
09:36:01,66.83,200,
09:36:02,66.83,300,
09:36:02,66.825,100,
09:36:02,66.83,500,
09:36:04,66.825,100,
09:36:04,66.83,100,
09:36:06,66.82,100,
09:36:07,66.82,200,
09:36:08,66.82,200,
09:36:08,66.82,100,
09:36:08,66.82,600,
09:36:08,66.82,200,
09:36:08,66.82,300,
09:36:08,66.82,100,
09:36:08,66.82,300,
09:36:08,66.82,200,
09:36:08,66.82,200,
09:36:08,66.82,500,
09:36:09,66.81,100,
09:36:09,66.81,1100,
09:36:10,66.82,100,
09:36:10,66.82,100,
09:36:14,66.82,500,
09:36:16,66.83,300,
09:36:16,66.83,200,
09:36:18,66.82,200,
09:36:20,66.82,100,
09:36:22,66.815,100,
09:36:22,66.82,100,
09:36:22,66.82,200,
09:36:23,66.83,200,
09:36:23,66.83,500,
09:36:24,66.82,100,
09:36:26,66.83,500,
09:36:26,66.83,500,
09:36:26,66.83,100,
09:36:26,66.83,500,
09:36:26,66.83,500,
09:36:26,66.825,100,
09:36:28,66.8399,6500,
09:36:31,66.84,100,
09:36:31,66.84,300,
09:36:31,66.84,500,
09:36:32,66.84,200,
09:36:32,66.84,500,
09:36:32,66.84,100,
09:36:32,66.84,500,
09:36:32,66.84,500,
09:36:32,66.84,100,
09:36:32,66.84,150,
09:36:32,66.835,100,
09:36:32,66.84,250,
09:36:32,66.84,100,
09:36:32,66.84,150,
09:36:32,66.84,250,
09:36:33,66.84,100,
09:36:35,66.84,100,
09:36:35,66.835,100,
09:36:37,66.84,100,
09:36:38,66.85,100,
09:36:38,66.85,100,
09:36:38,66.85,100,
09:36:38,66.85,100,
09:36:38,66.85,500,
09:36:38,66.85,500,
09:36:38,66.85,500,
09:36:38,66.85,500,
09:36:38,66.85,500,
09:36:38,66.85,500,
09:36:38,66.85,500,
09:36:39,66.86,100,
09:36:39,66.86,1100,
09:36:42,66.85,900,
09:36:45,66.86,100,
09:36:45,66.86,100,
09:36:48,66.85,200,
09:36:48,66.85,200,
09:36:49,66.85,200,
09:36:49,66.85,200,
09:36:50,66.85,100,
09:36:50,66.8599,2300,
09:36:52,66.85,200,
09:36:53,66.86,100,
09:36:53,66.86,500,
09:36:53,66.86,500,
09:36:53,66.86,500,
09:36:53,66.86,500,
09:36:53,66.86,500,
09:36:53,66.86,600,
09:36:53,66.86,700,
09:36:53,66.87,200,
09:36:53,66.87,500,
09:36:54,66.87,100,
09:36:54,66.8795,1000,
09:36:55,66.87,100,
09:36:55,66.87,100,
09:36:55,66.87,100,
09:36:58,66.87,200,
09:37:00,66.86,100,
09:37:01,66.86,400,
09:37:01,66.85,200,
09:37:07,66.8599,2906,
09:37:11,66.86,100,
09:37:11,66.86,500,
09:37:11,66.86,500,
09:37:11,66.86,500,
09:37:11,66.87,300,
09:37:11,66.87,500,
09:37:11,66.87,200,
09:37:12,66.87,300,
09:37:13,66.87,100,
09:37:18,66.88,400,
09:37:19,66.88,500,
09:37:20,66.88,100,
09:37:22,66.86,100,
09:37:22,66.86,100,
09:37:22,66.86,500,
09:37:22,66.86,500,
09:37:22,66.86,1000,
09:37:24,66.86,200,
09:37:26,66.87,500,
09:37:28,66.86,193,
09:37:32,66.86,100,
09:37:32,66.86,100,
09:37:35,66.86,200,
09:37:39,66.86,100,
09:37:39,66.86,100,
09:37:39,66.86,600,
09:37:39,66.86,1600,
09:37:39,66.86,100,
09:37:45,66.86,400,
09:37:46,66.86,100,
09:37:48,66.85,300,
09:37:48,66.85,500,
09:37:48,66.85,400,
09:37:48,66.85,300,
09:37:48,66.85,500,
09:37:48,66.85,500,
09:37:48,66.85,500,
09:37:48,66.85,100,
09:37:50,66.8499,6500,
09:37:51,66.85,100,
09:37:56,66.86,1600,
09:37:56,66.86,2400,
09:37:56,66.86,500,
09:37:56,66.86,500,
09:37:56,66.86,500,
09:37:56,66.86,500,
09:37:56,66.86,700,
09:37:58,66.86,200,
09:38:03,66.87,100,
09:38:03,66.87,500,
09:38:03,66.87,500,
09:38:03,66.87,100,
09:38:03,66.87,500,
09:38:03,66.87,398,
09:38:07,66.88,500,
09:38:07,66.88,503,
09:38:07,66.88,100,
09:38:08,66.89,500,
09:38:08,66.89,500,
09:38:08,66.89,500,
09:38:08,66.89,500,
09:38:08,66.89,500,
09:38:08,66.89,500,
09:38:08,66.89,100,
09:38:08,66.89,100,
09:38:10,66.90,400,
09:38:11,66.8901,600,
09:38:12,66.89,100,
09:38:12,66.8999,1800,
09:38:12,66.89,100,
09:38:12,66.897,711,
09:38:14,66.89,200,
09:38:14,66.89,100,
09:38:14,66.90,900,
09:38:17,66.90,325,
09:38:18,66.90,500,
09:38:18,66.90,300,
09:38:18,66.90,350,
09:38:18,66.90,500,
09:38:18,66.90,500,
09:38:18,66.90,500,
09:38:18,66.90,500,
09:38:18,66.90,150,
09:38:18,66.91,500,
09:38:18,66.91,100,
09:38:18,66.90,100,
09:38:18,66.90,1400,
09:38:18,66.9001,300,
09:38:19,66.91,500,
09:38:19,66.91,100,
09:38:20,66.91,700,
09:38:21,66.91,100,
09:38:24,66.91,1456,
09:38:28,66.92,149,
09:38:28,66.92,500,
09:38:28,66.92,500,
09:38:28,66.92,443,
09:38:28,66.92,500,
09:38:28,66.92,351,
09:38:28,66.92,500,
09:38:28,66.92,357,
09:38:29,66.92,157,
09:38:29,66.92,100,
09:38:30,66.918,1000,
09:38:32,66.93,1650,
09:38:33,66.92,100,
09:38:36,66.92,100,
09:38:36,66.92,100,
09:38:37,66.91,100,
09:38:37,66.91,200,
09:38:37,66.91,200,
09:38:37,66.91,200,
09:38:40,66.9101,800,
09:38:40,66.91,400,
09:38:40,66.91,300,
09:38:40,66.91,100,
09:38:40,66.91,200,
09:38:40,66.91,900,
09:38:40,66.91,1000,
09:38:42,66.9101,100,
09:38:42,66.91,500,
09:38:46,66.909,116,
09:38:47,66.90,500,
09:38:47,66.90,100,
09:38:49,66.89,500,
09:38:49,66.89,200,
09:38:58,66.91,300,
09:38:59,66.91,100,
09:39:02,66.91,111,
09:39:02,66.91,500,
09:39:02,66.91,500,
09:39:02,66.91,500,
09:39:02,66.91,500,
09:39:02,66.91,500,
09:39:07,66.91,100,
09:39:10,66.91,498,
09:39:10,66.91,100,
09:39:10,66.91,300,
09:39:13,66.9005,1100,
09:39:15,66.91,200,
09:39:18,66.9005,1100,
09:39:19,66.9095,1000,
09:39:21,66.91,200,
09:39:25,66.9099,300,
09:39:29,66.90,2000,
09:39:29,66.90,700,
09:39:29,66.90,4000,
09:39:31,66.9099,400,
09:39:31,66.91,200,
09:39:31,66.91,500,
09:39:31,66.91,500,
09:39:31,66.91,500,
09:39:31,66.91,500,
09:39:43,66.91,100,
09:39:43,66.91,100,
09:39:49,66.90,100,
09:39:49,66.90,100,
09:39:49,66.90,400,
09:39:49,66.90,302,
09:39:49,66.90,198,
09:39:49,66.90,100,
09:39:49,66.90,200,
09:39:49,66.90,397,
09:39:50,66.90,200,
09:39:52,66.91,200,
09:39:52,66.90,800,
09:39:52,66.90,500,
09:39:55,66.89,100,
09:39:55,66.89,200,
09:39:59,66.89,500,
09:40:00,66.89,500,
09:40:00,66.89,500,
09:40:00,66.89,500,
09:40:00,66.89,500,
09:40:01,66.89,100,
09:40:01,66.89,100,
09:40:01,66.89,100,
09:40:06,66.88,100,
09:40:06,66.88,100,
09:40:06,66.88,400,
09:40:18,66.88,900,
09:40:19,66.88,400,
09:40:19,66.88,100,
09:40:20,66.89,500,
09:40:22,66.89,200,
09:40:22,66.89,600,
09:40:22,66.89,100,
09:40:22,66.89,500,
09:40:26,66.90,500,
09:40:26,66.90,411,
09:40:26,66.90,411,
09:40:26,66.90,290,
09:40:27,66.91,100,
09:40:28,66.91,100,
09:40:28,66.91,100,
09:40:28,66.91,400,
09:40:28,66.91,200,
09:40:28,66.91,500,
09:40:28,66.91,500,
09:40:28,66.91,100,
09:40:30,66.91,100,
09:40:32,66.92,400,
09:40:32,66.92,200,
09:40:32,66.92,100,
09:40:32,66.92,300,
09:40:38,66.92,400,
09:40:38,66.92,500,
09:40:41,66.92,500,
09:40:41,66.92,500,
09:40:41,66.92,500,
09:40:42,66.93,500,
09:40:42,66.93,300,
09:40:42,66.94,200,
09:40:43,66.93,246,
09:40:46,66.93,100,
09:40:52,66.93,100,
09:40:52,66.94,400,
09:40:52,66.94,200,
09:40:52,66.94,500,
09:40:52,66.94,300,
09:40:53,66.94,300,
09:40:54,66.94,100,
09:40:54,66.94,500,
09:40:54,66.94,500,
09:40:54,66.94,500,
09:40:54,66.94,500,
09:40:55,66.95,100,
09:40:55,66.95,500,
09:40:57,66.95,200,
09:40:58,66.94,700,
09:40:58,66.94,500,
09:40:58,66.94,200,
09:40:58,66.94,1800,
09:40:58,66.94,100,
09:40:58,66.94,200,
09:41:01,66.94,900,
09:41:01,66.94,200,
09:41:01,66.94,100,
09:41:01,66.94,800,
09:41:01,66.945,100,
09:41:01,66.94,100,
09:41:01,66.94,100,
09:41:02,66.9301,1300,
09:41:10,66.94,100,
09:41:15,66.93,1000,
09:41:19,66.93,300,
09:41:19,66.93,500,
09:41:20,66.93,200,
09:41:20,66.93,200,
09:41:20,66.93,1000,
09:41:20,66.93,200,
09:41:20,66.93,100,
09:41:20,66.93,100,
09:41:20,66.93,100,
09:41:20,66.93,1400,
09:41:22,66.92,700,
09:41:22,66.92,800,
09:41:28,66.92,100,
09:41:29,66.92,500,
09:41:31,66.9237,200,
09:41:32,66.9201,100,
09:41:32,66.92,100,
09:41:34,66.92,500,
09:41:34,66.918,352,
09:41:35,66.91,100,
09:41:35,66.91,1700,
09:41:37,66.92,700,
09:41:37,66.92,1100,
09:41:37,66.92,100,
09:41:40,66.92,100,
09:41:41,66.92,1400,
09:41:46,66.929,100,
09:41:47,66.91,500,
09:41:47,66.91,500,
09:41:47,66.91,200,
09:41:47,66.91,100,
09:41:47,66.91,500,
09:41:47,66.91,500,
09:41:47,66.91,500,
09:41:47,66.91,500,
09:41:47,66.91,100,
09:41:48,66.91,100,
09:41:52,66.91,300,
09:41:59,66.91,300,
09:42:03,66.91,100,
09:42:03,66.92,100,
09:42:04,66.92,500,
09:42:04,66.92,300,
09:42:06,66.92,400,
09:42:06,66.92,500,
09:42:06,66.92,500,
09:42:06,66.92,500,
09:42:06,66.92,500,
09:42:06,66.93,500,
09:42:06,66.93,500,
09:42:06,66.93,100,
09:42:06,66.93,200,
09:42:06,66.93,500,
09:42:06,66.93,200,
09:42:06,66.93,200,
09:42:06,66.93,1400,
09:42:06,66.93,800,
09:42:06,66.93,900,
09:42:06,66.935,100,
09:42:08,66.93,100,
09:42:12,66.92,1500,
09:42:12,66.92,500,
09:42:12,66.92,200,
09:42:12,66.92,800,
09:42:15,66.93,402,
09:42:15,66.93,402,
09:42:15,66.93,500,
09:42:15,66.93,500,
09:42:15,66.93,300,
09:42:15,66.93,100,
09:42:18,66.93,500,
09:42:18,66.93,100,
09:42:18,66.93,1600,
09:42:20,66.93,500,
09:42:24,66.93,300,
09:42:24,66.92,200,
09:42:25,66.92,100,
09:42:25,66.92,400,
09:42:25,66.92,500,
09:42:25,66.92,500,
09:42:25,66.92,500,
09:42:25,66.92,500,
09:42:29,66.9254,200,
09:42:33,66.93,300,
09:42:33,66.93,500,
09:42:33,66.93,100,
09:42:33,66.93,500,
09:42:33,66.93,500,
09:42:33,66.93,500,
09:42:33,66.93,200,
09:42:33,66.94,100,
09:42:40,66.93,900,
09:42:41,66.93,400,
09:42:41,66.93,400,
09:42:41,66.93,100,
09:43:01,66.9301,404,
09:43:05,66.94,400,
09:43:05,66.94,100,
09:43:05,66.94,500,
09:43:12,66.93,1200,
09:43:12,66.93,100,
09:43:12,66.93,300,
09:43:12,66.93,800,
09:43:18,66.93,400,
09:43:18,66.93,200,
09:43:18,66.93,1700,
09:43:21,66.9363,323,
09:43:23,66.93,1300,
09:43:23,66.93,1000,
09:43:23,66.92,1600,
09:43:23,66.92,5900,
09:43:24,66.92,500,
09:43:24,66.92,101,
09:43:24,66.92,100,
09:43:24,66.92,500,
09:43:24,66.92,299,
09:43:24,66.92,201,
09:43:24,66.92,201,
09:43:24,66.92,201,
09:43:24,66.92,500,
09:43:24,66.92,500,
09:43:24,66.925,100,
09:43:24,66.91,500,
09:43:24,66.91,100,
09:43:30,66.91,100,
09:43:30,66.91,900,
09:43:30,66.91,700,
09:43:30,66.91,300,
09:43:30,66.91,100,
09:43:30,66.91,100,
09:43:30,66.91,900,
09:43:30,66.91,100,
09:43:30,66.91,1000,
09:43:31,66.91,200,
09:43:31,66.91,255,
09:43:31,66.91,100,
09:43:32,66.91,100,
09:43:33,66.9099,163,
09:43:34,66.91,100,
09:43:35,66.91,200,
09:43:35,66.91,100,
09:43:35,66.92,1200,
09:43:35,66.92,900,
09:43:36,66.91,300,
09:43:36,66.91,500,
09:43:36,66.91,500,
09:43:36,66.91,500,
09:43:36,66.91,500,
09:43:36,66.91,100,
09:43:36,66.915,100,
09:43:38,66.90,100,
09:43:38,66.90,200,
09:43:38,66.90,100,
09:43:38,66.90,500,
09:43:38,66.90,100,
09:43:38,66.90,500,
09:43:38,66.90,100,
09:43:38,66.90,200,
09:43:38,66.90,400,
09:43:38,66.90,500,
09:43:38,66.90,300,
09:43:40,66.89,900,
09:43:41,66.90,300,
09:43:41,66.90,100,
09:43:54,66.91,200,
09:43:54,66.91,500,
09:43:54,66.91,100,
09:43:54,66.91,200,
09:43:54,66.91,500,
09:43:57,66.91,100,
09:43:58,66.91,400,
09:44:00,66.9099,1000,
09:44:02,66.91,700,
09:44:06,66.91,800,
09:44:15,66.92,384,
09:44:15,66.92,284,
09:44:15,66.92,284,
09:44:15,66.92,100,
09:44:15,66.92,500,
09:44:15,66.92,500,
09:44:15,66.92,116,
09:44:15,66.92,416,
09:44:28,66.93,100,
09:44:28,66.93,100,
09:44:28,66.93,100,
09:44:32,66.935,100,
09:44:32,66.93,100,
09:44:32,66.935,100,
09:44:37,66.93,100,
09:44:40,66.92,223,
09:44:40,66.92,100,
09:44:42,66.93,100,
09:44:45,66.928,300,
09:44:45,66.92,200,
09:44:45,66.92,800,
09:44:45,66.92,1600,
09:44:51,66.92,100,
09:44:51,66.92,500,
09:44:54,66.91,100,
09:45:02,66.92,500,
09:45:02,66.92,200,
09:45:02,66.92,200,
09:45:02,66.92,100,
09:45:02,66.91,100,
09:45:05,66.91,500,
09:45:12,66.91,400,
09:45:13,66.918,112,
09:45:17,66.91,500,
09:45:17,66.91,500,
09:45:17,66.91,200,
09:45:17,66.91,500,
09:45:32,66.9105,200,
09:45:36,66.92,100,
09:45:36,66.92,200,
09:45:36,66.92,200,
09:45:36,66.92,400,
09:45:36,66.92,100,
09:45:36,66.92,100,
09:45:36,66.92,200,
09:45:36,66.92,300,
09:45:36,66.92,500,
09:45:36,66.92,100,
09:45:36,66.93,200,
09:45:36,66.92,500,
09:45:36,66.92,400,
09:45:36,66.93,150,
09:45:45,66.92,100,
09:45:57,66.9201,2000,
09:46:02,66.92,100,
09:46:03,66.92,200,
09:46:04,66.92,100,
09:46:14,66.93,200,
09:46:14,66.93,500,
09:46:14,66.93,100,
09:46:14,66.93,100,
09:46:14,66.93,400,
09:46:14,66.93,400,
09:46:14,66.93,1000,
09:46:14,66.93,500,
09:46:14,66.93,400,
09:46:14,66.94,332,
09:46:15,66.94,500,
09:46:15,66.945,100,
09:46:15,66.945,100,
09:46:15,66.94,100,
09:46:18,66.95,300,
09:46:18,66.95,250,
09:46:18,66.95,500,
09:46:18,66.95,500,
09:46:18,66.95,500,
09:46:20,66.95,376,
09:46:20,66.95,260,
09:46:21,66.95,500,
09:46:21,66.95,124,
09:46:23,66.95,214,
09:46:24,66.95,286,
09:46:24,66.96,500,
09:46:24,66.96,500,
09:46:28,66.97,1000,
09:46:28,66.97,100,
09:46:29,66.96,2000,
09:46:35,66.965,100,
09:46:36,66.96,200,
09:46:44,66.9505,200,
09:46:45,66.95,200,
09:46:45,66.95,200,
09:46:45,66.95,400,
09:46:46,66.94,1000,
09:46:46,66.94,600,
09:46:46,66.94,700,
09:46:46,66.94,200,
09:46:49,66.94,500,
09:46:54,66.94,100,
09:46:59,66.94,156,
09:47:02,66.945,100,
09:47:03,66.9401,100,
09:47:11,66.95,500,
09:47:11,66.95,500,
09:47:11,66.95,100,
09:47:11,66.95,1000,
09:47:11,66.95,500,
09:47:11,66.95,500,
09:47:11,66.95,500,
09:47:11,66.95,500,
09:47:11,66.95,200,
09:47:14,66.958,250,
09:47:14,66.95,100,
09:47:14,66.96,500,
09:47:15,66.95,100,
09:47:22,66.941,400,
09:47:26,66.95,600,
09:47:40,66.945,100,
09:47:40,66.94,500,
09:47:40,66.94,200,
09:47:40,66.94,500,
09:47:40,66.94,170,
09:47:41,66.94,500,
09:47:58,66.93,250,
09:48:02,66.93,700,
09:48:02,66.93,1600,
09:48:02,66.93,500,
09:48:02,66.93,500,
09:48:02,66.93,500,
09:48:02,66.93,500,
09:48:02,66.93,500,
09:48:02,66.92,450,
09:48:03,66.93,500,
09:48:13,66.92,500,
09:48:15,66.925,100,
09:48:17,66.92,100,
09:48:22,66.93,329,
09:48:22,66.93,141,
09:48:22,66.93,100,
09:48:37,66.935,400,
09:48:50,66.9395,100,
09:49:05,66.94,200,
09:49:05,66.94,148,
09:49:05,66.94,500,
09:49:05,66.94,180,
09:49:05,66.94,500,
09:49:05,66.94,200,
09:49:05,66.94,321,
09:49:05,66.94,100,
09:49:05,66.94,100,
09:49:05,66.94,1200,
09:49:06,66.948,525,
09:49:10,66.94,100,
09:49:10,66.945,100,
09:49:20,66.94,100,
09:49:20,66.94,100,
09:49:20,66.94,900,
09:49:24,66.94,176,
09:49:29,66.945,100,
09:49:40,66.94,100,
09:49:43,66.94,100,
09:49:44,66.94,122,
09:49:47,66.939,122,
09:49:50,66.9311,100,
09:49:52,66.94,100,
09:49:52,66.94,200,
09:49:52,66.94,2400,
09:49:52,66.94,1500,
09:49:52,66.94,200,
09:49:57,66.93,300,
09:49:57,66.93,500,
09:49:57,66.93,100,
09:49:57,66.93,200,
09:49:57,66.935,100,
09:49:57,66.93,300,
09:49:57,66.93,100,
09:49:57,66.935,100,
09:49:57,66.93,500,
09:49:57,66.93,500,
09:49:57,66.93,500,
09:49:57,66.93,100,
09:50:00,66.93,400,
09:50:00,66.93,100,
09:50:02,66.93,200,
09:50:07,66.9399,6200,
09:50:11,66.94,600,
09:50:11,66.94,100,
09:50:11,66.94,100,
09:50:11,66.94,500,
09:50:11,66.94,500,
09:50:11,66.94,500,
09:50:11,66.94,500,
09:50:11,66.94,500,
09:50:11,66.94,500,
09:50:11,66.94,500,
09:50:11,66.94,100,
09:50:11,66.94,100,
09:50:11,66.94,500,
09:50:11,66.94,200,
09:50:11,66.94,500,
09:50:11,66.94,200,
09:50:11,66.94,500,
09:50:11,66.94,700,
09:50:11,66.94,100,
09:50:11,66.94,200,
09:50:11,66.94,700,
09:50:12,66.94,3200,
09:50:12,66.94,3200,
09:50:12,66.94,1699,
09:50:12,66.94,200,
09:50:13,66.9499,225,
09:50:20,66.945,100,
09:50:23,66.9463,452,
09:50:27,66.95,500,
09:50:27,66.95,500,
09:50:27,66.95,700,
09:50:27,66.95,500,
09:50:27,66.95,493,
09:50:27,66.95,493,
09:50:27,66.95,1800,
09:50:27,66.95,400,
09:50:27,66.95,302,
09:50:27,66.95,500,
09:50:27,66.95,500,
09:50:27,66.95,493,
09:50:27,66.95,200,
09:50:27,66.95,100,
09:50:27,66.96,100,
09:50:27,66.95,500,
09:50:27,66.95,500,
09:50:28,66.95,2600,
09:50:29,66.95,600,
09:50:29,66.95,1400,
09:50:33,66.95,400,
09:50:33,66.95,1300,
09:50:33,66.95,400,
09:50:36,66.95,200,
09:50:36,66.95,200,
09:50:36,66.95,400,
09:50:36,66.95,100,
09:50:36,66.95,200,
09:50:36,66.95,600,
09:50:36,66.95,500,
09:50:36,66.95,400,
09:50:37,66.96,300,
09:50:37,66.95,3200,
09:50:37,66.95,400,
09:50:37,66.95,3200,
09:50:38,66.96,1500,
09:50:38,66.959,4681,
09:50:38,66.96,450,
09:50:38,66.96,350,
09:50:38,66.96,350,
09:50:38,66.96,150,
09:50:38,66.96,150,
09:50:39,66.96,200,
09:50:39,66.96,500,
09:50:39,66.96,500,
09:50:39,66.96,350,
09:50:39,66.96,200,
09:50:39,66.96,100,
09:50:39,66.96,100,
09:50:40,66.96,200,
09:50:40,66.96,200,
09:50:40,66.96,200,
09:50:40,66.96,2650,
09:50:40,66.96,400,
09:50:40,66.96,500,
09:50:45,66.96,166,
09:50:45,66.96,200,
09:50:45,66.96,9100,
09:50:54,66.9511,200,
09:50:58,66.95,300,
09:50:59,66.95,4000,
09:50:59,66.95,500,
09:50:59,66.95,500,
09:50:59,66.95,1700,
09:51:06,66.95,100,
09:51:06,66.95,500,
09:51:06,66.95,500,
09:51:06,66.95,100,
09:51:07,66.95,100,
09:51:07,66.95,100,
09:51:07,66.95,100,
09:51:10,66.95,500,
09:51:19,66.94,500,
09:51:19,66.94,1000,
09:51:24,66.95,100,
09:51:24,66.95,300,
09:51:24,66.94,11100,
09:51:28,66.95,168,
09:51:28,66.95,100,
09:51:28,66.95,100,
09:51:29,66.94,1200,
09:51:29,66.94,300,
09:51:29,66.94,2100,
09:51:37,66.95,100,
09:51:37,66.9432,4000,
09:51:39,66.945,100,
09:51:39,66.945,166,
09:51:39,66.95,100,
09:51:39,66.95,166,
09:51:39,66.95,100,
09:51:42,66.9499,2500,
09:51:44,66.94,300,
09:51:51,66.94,100,
09:51:51,66.94,200,
09:51:51,66.94,6000,
09:51:51,66.94,100,
09:51:51,66.94,500,
09:51:51,66.94,200,
09:51:51,66.94,500,
09:51:51,66.94,5000,
09:51:51,66.94,1600,
09:51:51,66.94,500,
09:51:51,66.94,500,
09:51:51,66.94,500,
09:51:51,66.94,400,
09:51:51,66.94,200,
09:51:51,66.94,500,
09:51:51,66.94,100,
09:51:51,66.94,100,
09:51:51,66.94,800,
09:51:51,66.94,200,
09:51:51,66.94,200,
09:51:51,66.94,200,
09:51:51,66.94,100,
09:51:51,66.94,600,
09:51:51,66.94,200,
09:51:51,66.94,500,
09:51:51,66.94,100,
09:51:51,66.94,100,
09:51:52,66.94,1200,
09:51:58,66.94,100,
09:51:58,66.94,100,
09:51:58,66.94,100,
09:51:58,66.94,400,
09:52:00,66.94,100,
09:52:05,66.93,200,
09:52:07,66.94,100,
09:52:07,66.94,100,
09:52:08,66.94,100,
09:52:11,66.94,1000,
09:52:12,66.94,100,
09:52:12,66.94,100,
09:52:13,66.935,100,
09:52:15,66.94,200,
09:52:18,66.9365,4268,
09:52:20,66.935,100,
09:52:20,66.935,100,
09:52:22,66.9399,100,
09:52:22,66.94,200,
09:52:22,66.93,100,
09:52:29,66.94,100,
09:52:30,66.94,100,
09:52:47,66.94,350,
09:52:49,66.94,200,
09:52:50,66.94,200,
09:52:50,66.94,500,
09:52:50,66.94,500,
09:52:50,66.94,668,
09:52:50,66.94,2132,
09:52:50,66.94,170,
09:52:50,66.94,100,
09:52:50,66.94,100,
09:52:53,66.935,100,
09:52:56,66.932,150,
09:53:06,66.94,100,
09:53:07,66.95,100,
09:53:07,66.95,500,
09:53:07,66.95,400,
09:53:07,66.95,100,
09:53:07,66.95,500,
09:53:07,66.95,400,
09:53:07,66.95,300,
09:53:07,66.95,300,
09:53:07,66.95,500,
09:53:10,66.95,200,
09:53:10,66.955,100,
09:53:13,66.96,100,
09:53:18,66.96,100,
09:53:23,66.959,100,
09:53:30,66.9599,218,
09:53:31,66.96,300,
09:53:31,66.96,100,
09:53:31,66.96,300,
09:53:32,66.96,300,
09:53:32,66.96,300,
09:53:32,66.96,600,
09:53:32,66.965,100,
09:53:40,66.96,300,
09:53:40,66.96,300,
09:53:40,66.965,100,
09:53:44,66.96,300,
09:54:04,66.965,100,
09:54:05,66.96,100,
09:54:06,66.95,1500,
09:54:06,66.95,500,
09:54:06,66.95,1500,
09:54:06,66.95,351,
09:54:06,66.95,100,
09:54:17,66.9499,600,
09:54:22,66.94,200,
09:54:24,66.94,157,
09:54:24,66.94,157,
09:54:25,66.94,457,
09:54:25,66.94,500,
09:54:25,66.94,157,
09:54:25,66.94,443,
09:54:25,66.94,500,
09:54:40,66.945,100,
09:54:40,66.94,100,
09:54:43,66.94,100,
09:54:43,66.94,100,
09:54:43,66.9399,100,
09:54:44,66.94,100,
09:54:44,66.94,400,
09:54:44,66.94,600,
09:54:45,66.94,100,
09:54:46,66.93,300,
09:54:46,66.93,500,
09:54:46,66.93,100,
09:54:46,66.93,500,
09:54:46,66.93,100,
09:54:46,66.93,500,
09:54:46,66.93,125,
09:54:46,66.93,375,
09:54:48,66.93,100,
09:54:55,66.93,600,
09:54:56,66.93,100,
09:55:00,66.93,100,
09:55:01,66.93,100,
09:55:10,66.93,400,
09:55:10,66.93,100,
09:55:10,66.93,100,
09:55:14,66.93,600,
09:55:14,66.935,100,
09:55:15,66.9265,600,
09:55:21,66.93,1800,
09:55:26,66.93,100,
09:55:26,66.93,100,
09:55:28,66.935,100,
09:55:29,66.93,100,
09:55:32,66.92,100,
09:55:48,66.925,100,
09:55:48,66.92,200,
09:55:48,66.925,100,
09:55:48,66.92,200,
09:55:48,66.92,500,
09:55:53,66.9201,200,
09:55:53,66.92,400,
09:55:53,66.92,100,
09:55:53,66.92,200,
09:55:53,66.92,100,
09:55:53,66.92,1200,
09:55:53,66.92,500,
09:55:53,66.92,500,
09:55:53,66.92,400,
09:55:57,66.9199,140,
09:56:12,66.9199,500,
09:56:15,66.915,100,
09:56:17,66.91,400,
09:56:17,66.91,500,
09:56:17,66.90,1200,
09:56:17,66.90,300,
09:56:20,66.92,300,
09:56:20,66.92,500,
09:56:20,66.92,915,
09:56:20,66.9299,100,
09:56:22,66.93,3000,
09:56:29,66.92,100,
09:56:37,66.9299,460,
09:56:38,66.92,100,
09:56:38,66.92,100,
09:56:53,66.91,500,
09:56:53,66.91,500,
09:56:53,66.91,500,
09:56:53,66.91,500,
09:56:53,66.91,500,
09:56:53,66.91,500,
09:56:53,66.91,300,
09:56:53,66.90,500,
09:56:56,66.89,500,
09:56:57,66.89,200,
09:56:57,66.89,800,
09:57:07,66.90,100,
09:57:07,66.90,100,
09:57:12,66.8999,100,
09:57:15,66.90,100,
09:57:39,66.90,200,
09:57:39,66.90,400,
09:57:50,66.91,500,
09:57:50,66.91,500,
09:57:51,66.91,100,
09:57:54,66.915,100,
09:57:56,66.915,100,
09:58:09,66.91,100,
09:58:09,66.915,100,
09:58:11,66.91,200,
09:58:11,66.91,3000,
09:58:19,66.907,300,
09:58:20,66.90,300,
09:58:21,66.90,200,
09:58:21,66.90,500,
09:58:21,66.90,500,
09:58:21,66.90,500,
09:58:21,66.90,500,
09:58:21,66.90,500,
09:58:21,66.90,200,
09:58:21,66.90,1400,
09:58:21,66.90,5100,
09:58:21,66.905,100,
09:58:22,66.89,300,
09:58:22,66.89,100,
09:58:22,66.89,300,
09:58:23,66.89,900,
09:58:23,66.89,300,
09:58:35,66.90,100,
09:58:36,66.90,900,
09:58:36,66.90,100,
09:58:36,66.90,200,
09:58:36,66.90,300,
09:58:36,66.90,1300,
09:58:36,66.90,400,
09:58:36,66.90,100,
09:58:36,66.90,3800,
09:58:38,66.90,500,
09:58:39,66.90,100,
09:58:41,66.90,100,
09:58:41,66.89,9100,
09:58:41,66.89,9100,
09:58:55,66.895,100,
09:58:55,66.89,500,
09:58:55,66.89,400,
09:58:55,66.89,500,
09:58:56,66.89,100,
09:58:56,66.89,500,
09:58:56,66.89,500,
09:58:56,66.89,100,
09:58:56,66.898,100,
09:59:05,66.89,100,
09:59:06,66.8801,100,
09:59:11,66.88,100,
09:59:11,66.88,200,
09:59:11,66.88,500,
09:59:11,66.88,200,
09:59:11,66.88,100,
09:59:12,66.87,100,
09:59:12,66.87,200,
09:59:12,66.87,330,
09:59:12,66.87,500,
09:59:12,66.87,405,
09:59:12,66.87,500,
09:59:12,66.87,500,
09:59:12,66.87,355,
09:59:12,66.87,500,
09:59:12,66.86,150,
09:59:12,66.86,100,
09:59:16,66.87,300,
09:59:16,66.87,200,
09:59:16,66.87,100,
09:59:19,66.87,100,
09:59:19,66.87,100,
09:59:19,66.87,400,
09:59:21,66.87,200,
09:59:22,66.88,479,
09:59:22,66.89,100,
09:59:22,66.89,100,
09:59:23,66.88,100,
09:59:29,66.88,100,
09:59:29,66.88,700,
09:59:33,66.88,100,
09:59:40,66.88,100,
09:59:40,66.89,700,
09:59:42,66.88,400,
09:59:44,66.88,2800,
09:59:44,66.88,100,
09:59:46,66.87,100,
09:59:46,66.87,379,
09:59:46,66.87,500,
09:59:46,66.87,500,
09:59:46,66.87,500,
09:59:46,66.87,500,
09:59:46,66.87,500,
09:59:46,66.87,321,
09:59:57,66.87,200,
09:59:57,66.87,700,
09:59:59,66.862,200,
10:00:05,66.88,500,
10:00:05,66.88,100,
10:00:09,66.89,100,
10:00:09,66.89,500,
10:00:09,66.89,500,
10:00:09,66.89,500,
10:00:14,66.90,100,
10:00:14,66.90,500,
10:00:14,66.90,500,
10:00:14,66.90,500,
10:00:14,66.90,500,
10:00:14,66.90,500,
10:00:14,66.90,300,
10:00:14,66.90,100,
10:00:14,66.91,200,
10:00:14,66.91,100,
10:00:14,66.90,219,
10:00:15,66.90,100,
10:00:16,66.90,100,
10:00:17,66.90,100,
10:00:23,66.91,400,
10:00:23,66.91,200,
10:00:23,66.91,500,
10:00:23,66.91,194,
10:00:23,66.91,100,
10:00:23,66.91,200,
10:00:23,66.91,300,
10:00:24,66.91,194,
10:00:25,66.91,500,
10:00:25,66.91,300,
10:00:32,66.91,100,
10:00:32,66.915,100,
10:00:36,66.91,100,
10:00:44,66.92,200,
10:00:44,66.92,4000,
10:00:44,66.92,500,
10:00:44,66.92,500,
10:00:44,66.92,500,
10:00:44,66.92,500,
10:00:44,66.92,500,
10:00:44,66.92,242,
10:01:02,66.92,100,
10:01:10,66.91,364,
10:01:10,66.91,200,
10:01:10,66.91,264,
10:01:10,66.91,200,
10:01:10,66.91,336,
10:01:24,66.92,200,
10:01:24,66.92,200,
10:01:24,66.92,100,
10:01:24,66.92,400,
10:01:27,66.91,390,
10:01:29,66.92,200,
10:01:29,66.92,500,
10:01:29,66.92,500,
10:01:29,66.92,500,
10:01:29,66.92,500,
10:01:29,66.92,500,
10:01:32,66.93,500,
10:01:32,66.93,300,
10:01:32,66.93,100,
10:01:36,66.93,100,
10:01:44,66.92,200,
10:01:44,66.92,500,
10:01:44,66.92,500,
10:01:45,66.92,500,
10:01:47,66.92,100,
10:01:52,66.92,100,
10:01:56,66.92,150,
10:02:10,66.92,200,
10:02:10,66.92,100,
10:02:11,66.91,500,
10:02:11,66.91,500,
10:02:11,66.91,500,
10:02:11,66.91,500,
10:02:11,66.91,500,
10:02:11,66.91,500,
10:02:11,66.91,500,
10:02:15,66.91,100,
10:02:24,66.92,400,
10:02:24,66.92,100,
10:02:24,66.92,500,
10:02:24,66.92,200,
10:02:24,66.92,100,
10:02:38,66.915,200,
10:02:43,66.9199,100,
10:02:47,66.92,400,
10:02:59,66.91,500,
10:02:59,66.91,100,
10:03:00,66.91,100,
10:03:03,66.90,1600,
10:03:03,66.90,500,
10:03:03,66.90,500,
10:03:03,66.90,500,
10:03:03,66.90,500,
10:03:03,66.90,500,
10:03:03,66.90,500,
10:03:03,66.90,100,
10:03:09,66.90,100,
10:03:12,66.91,500,
10:03:28,66.91,200,
10:03:28,66.91,100,
10:03:28,66.91,200,
10:03:28,66.91,300,
10:03:57,66.91,500,
10:03:57,66.91,700,
10:03:57,66.91,300,
10:03:57,66.91,200,
10:04:03,66.90,400,
10:04:03,66.90,100,
10:04:03,66.90,500,
10:04:03,66.90,200,
10:04:03,66.90,200,
10:04:03,66.90,300,
10:04:03,66.90,500,
10:04:03,66.90,100,
10:04:03,66.90,300,
10:04:05,66.89,2100,
10:04:06,66.89,500,
10:04:16,66.90,1400,
10:04:16,66.90,100,
10:04:21,66.91,200,
10:04:21,66.91,100,
10:04:21,66.91,200,
10:04:21,66.91,100,
10:04:22,66.91,283,
10:04:35,66.902,500,
10:04:46,66.91,217,
10:04:47,66.91,183,
10:04:51,66.91,183,
10:04:51,66.91,500,
10:04:51,66.91,500,
10:04:51,66.91,217,
10:04:54,66.91,100,
10:04:58,66.91,400,
10:04:58,66.91,2400,
10:04:58,66.91,500,
10:05:03,66.918,700,
10:05:13,66.9199,600,
10:05:17,66.91,400,
10:05:17,66.91,100,
10:05:17,66.90,100,
10:05:19,66.90,300,
10:05:19,66.90,200,
10:05:19,66.90,300,
10:05:19,66.90,100,
10:05:19,66.90,100,
10:05:19,66.90,100,
10:05:19,66.90,400,
10:05:19,66.90,500,
10:05:19,66.90,100,
10:05:19,66.90,165,
10:05:21,66.89,700,
10:05:21,66.89,500,
10:05:23,66.89,100,
10:05:27,66.89,400,
10:05:27,66.89,100,
10:05:27,66.89,600,
10:05:27,66.89,145,
10:05:30,66.89,100,
10:05:30,66.89,200,
10:05:31,66.899,100,
10:05:33,66.90,732,
10:05:36,66.90,300,
10:05:36,66.90,500,
10:05:36,66.90,500,
10:05:36,66.90,200,
10:05:36,66.90,100,
10:05:36,66.90,300,
10:05:36,66.90,100,
10:05:41,66.89,200,
10:05:42,66.90,100,
10:05:43,66.8995,500,
10:05:44,66.895,100,
10:05:52,66.90,100,
10:05:58,66.90,500,
10:05:58,66.90,100,
10:05:58,66.90,252,
10:05:58,66.90,648,
10:06:02,66.91,100,
10:06:02,66.91,100,
10:06:06,66.9099,700,
10:06:13,66.909,100,
10:06:15,66.91,100,
10:06:15,66.91,300,
10:06:22,66.91,100,
10:06:28,66.91,100,
10:06:32,66.90,108,
10:06:33,66.905,100,
10:06:35,66.89,1900,
10:06:35,66.90,200,
10:06:35,66.89,100,
10:06:35,66.89,200,
10:06:35,66.89,100,
10:06:35,66.89,100,
10:06:35,66.89,251,
10:06:35,66.89,500,
10:06:35,66.89,500,
10:06:35,66.89,500,
10:06:57,66.90,800,
10:06:57,66.90,300,
10:06:57,66.89,249,
10:06:57,66.89,451,
10:07:02,66.89,349,
10:07:02,66.89,100,
10:07:04,66.88,800,
10:07:04,66.88,800,
10:07:04,66.88,500,
10:07:04,66.88,500,
10:07:04,66.88,500,
10:07:04,66.88,500,
10:07:04,66.88,500,
10:07:04,66.87,580,
10:07:04,66.87,500,
10:07:04,66.87,100,
10:07:05,66.87,300,
10:07:06,66.86,800,
10:07:06,66.86,100,
10:07:06,66.86,500,
10:07:06,66.87,1400,
10:07:06,66.86,800,
10:07:06,66.86,100,
10:07:06,66.86,184,
10:07:06,66.86,1100,
10:07:06,66.86,300,
10:07:06,66.86,400,
10:07:06,66.86,400,
10:07:06,66.86,100,
10:07:08,66.86,400,
10:07:08,66.86,300,
10:07:09,66.86,100,
10:07:14,66.85,950,
10:07:14,66.85,100,
10:07:14,66.85,500,
10:07:14,66.85,500,
10:07:14,66.85,500,
10:07:14,66.85,450,
10:07:15,66.85,200,
10:07:15,66.85,500,
10:07:15,66.85,300,
10:07:15,66.85,500,
10:07:17,66.8401,2906,
10:07:18,66.85,800,
10:07:18,66.85,200,
10:07:18,66.85,500,
10:07:20,66.86,200,
10:07:22,66.852,700,
10:07:23,66.86,500,
10:07:24,66.86,100,
10:07:24,66.852,100,
10:07:29,66.85,200,
10:07:29,66.86,300,
10:07:30,66.8601,600,
10:07:31,66.86,700,
10:07:31,66.86,100,
10:07:31,66.86,100,
10:07:34,66.86,300,
10:07:39,66.85,100,
10:07:40,66.85,500,
10:07:40,66.85,500,
10:07:40,66.85,500,
10:07:40,66.85,500,
10:07:40,66.85,500,
10:07:40,66.85,500,
10:07:40,66.85,100,
10:07:40,66.85,100,
10:07:40,66.85,300,
10:07:40,66.85,100,
10:07:40,66.85,100,
10:07:41,66.85,200,
10:07:44,66.8401,2500,
10:07:47,66.84,500,
10:07:47,66.84,500,
10:07:47,66.84,100,
10:07:52,66.84,600,
10:07:52,66.84,100,
10:07:52,66.84,700,
10:07:57,66.8375,205,
10:08:02,66.84,300,
10:08:02,66.84,700,
10:08:08,66.84,200,
10:08:08,66.84,100,
10:08:08,66.84,100,
10:08:08,66.84,100,
10:08:08,66.84,1000,
10:08:14,66.85,500,
10:08:14,66.85,200,
10:08:14,66.85,100,
10:08:17,66.85,100,
10:08:26,66.85,100,
10:08:32,66.84,100,
10:08:32,66.84,100,
10:08:33,66.84,500,
10:08:34,66.84,100,
10:08:40,66.85,100,
10:08:40,66.86,200,
10:08:40,66.86,100,
10:09:09,66.8501,100,
10:09:19,66.86,1400,
10:09:20,66.85,100,
10:09:20,66.85,100,
10:09:20,66.85,100,
10:09:20,66.85,1000,
10:09:21,66.852,700,
10:09:28,66.84,300,
10:09:28,66.84,500,
10:09:28,66.84,500,
10:09:28,66.84,500,
10:09:28,66.84,500,
10:09:28,66.84,200,
10:09:28,66.84,500,
10:09:29,66.84,400,
10:09:29,66.84,100,
10:09:35,66.84,100,
10:09:40,66.85,200,
10:09:40,66.85,100,
10:09:40,66.85,200,
10:09:42,66.85,100,
10:09:47,66.85,100,
10:09:52,66.84,100,
10:09:52,66.84,800,
10:09:52,66.84,800,
10:10:00,66.84,500,
10:10:00,66.84,500,
10:10:00,66.84,100,
10:10:00,66.84,300,
10:10:00,66.84,500,
10:10:00,66.84,500,
10:10:01,66.832,1000,
10:10:05,66.83,500,
10:10:05,66.83,500,
10:10:06,66.8216,200,
10:10:07,66.8295,1000,
10:10:12,66.83,100,
10:10:12,66.83,3600,
10:10:13,66.82,100,
10:10:13,66.82,100,
10:10:13,66.82,100,
10:10:13,66.82,460,
10:10:13,66.82,1800,
10:10:13,66.82,715,
10:10:13,66.82,200,
10:10:13,66.82,500,
10:10:13,66.82,500,
10:10:13,66.82,500,
10:10:13,66.82,500,
10:10:13,66.82,500,
10:10:13,66.82,500,
10:10:13,66.82,500,
10:10:13,66.82,3000,
10:10:13,66.82,475,
10:10:13,66.82,285,
10:10:13,66.82,100,
10:10:14,66.81,100,
10:10:15,66.828,200,
10:10:15,66.81,100,
10:10:15,66.81,100,
10:10:15,66.812,200,
10:10:15,66.81,100,
10:10:15,66.81,100,
10:10:15,66.81,100,
10:10:16,66.81,100,
10:10:16,66.81,100,
10:10:16,66.81,100,
10:10:16,66.81,400,
10:10:17,66.81,200,
10:10:17,66.81,100,
10:10:18,66.81,600,
10:10:18,66.81,1400,
10:10:33,66.8099,200,
10:10:38,66.81,100,
10:10:38,66.81,100,
10:10:41,66.81,200,
10:10:41,66.81,100,
10:10:41,66.81,100,
10:10:41,66.81,200,
10:10:52,66.80,100,
10:10:52,66.80,200,
10:10:52,66.80,200,
10:10:52,66.80,400,
10:10:52,66.80,430,
10:10:52,66.80,500,
10:10:52,66.80,500,
10:10:52,66.80,270,
10:10:52,66.80,500,
10:10:52,66.80,470,
10:10:54,66.78,256,
10:10:54,66.79,4000,
10:10:54,66.79,500,
10:10:54,66.79,500,
10:10:54,66.7801,100,
10:10:59,66.7801,400,
10:11:00,66.78,630,
10:11:00,66.78,500,
10:11:00,66.78,500,
10:11:00,66.78,500,
10:11:00,66.78,500,
10:11:00,66.78,500,
10:11:00,66.78,440,
10:11:00,66.77,100,
10:11:00,66.7799,600,
10:11:00,66.77,500,
10:11:00,66.77,285,
10:11:02,66.7699,2200,
10:11:02,66.77,500,
10:11:02,66.77,500,
10:11:02,66.77,100,
10:11:02,66.77,1200,
10:11:02,66.77,600,
10:11:02,66.77,700,
10:11:02,66.77,8100,
10:11:04,66.76,1403,
10:11:04,66.76,300,
10:11:05,66.76,275,
10:11:05,66.76,500,
10:11:05,66.76,225,
10:11:07,66.77,200,
10:11:07,66.77,100,
10:11:08,66.7601,3000,
10:11:08,66.77,100,
10:11:09,66.77,100,
10:11:10,66.777,500,
10:11:11,66.7725,100,
10:11:12,66.775,500,
10:11:13,66.76,200,
10:11:13,66.76,100,
10:11:13,66.76,100,
10:11:14,66.76,200,
10:11:16,66.77,200,
10:11:16,66.77,200,
10:11:16,66.77,500,
10:11:16,66.77,100,
10:11:16,66.77,200,
10:11:18,66.76,1400,
10:11:18,66.76,284,
10:11:18,66.76,100,
10:11:18,66.76,500,
10:11:18,66.76,500,
10:11:18,66.76,500,
10:11:19,66.7568,200,
10:11:20,66.76,100,
10:11:20,66.77,100,
10:11:22,66.76,100,
10:11:22,66.76,100,
10:11:22,66.76,100,
10:11:25,66.7601,300,
10:11:34,66.76,100,
10:11:38,66.763,100,
10:11:41,66.765,100,
10:11:42,66.77,200,
10:11:42,66.77,100,
10:11:42,66.77,100,
10:11:43,66.77,197,
10:11:43,66.77,700,
10:11:43,66.77,700,
10:11:43,66.77,100,
10:11:44,66.7699,500,
10:11:45,66.77,100,
10:11:50,66.78,100,
10:11:50,66.78,500,
10:11:50,66.78,100,
10:11:54,66.77,816,
10:11:58,66.77,200,
10:11:58,66.77,500,
10:11:58,66.77,400,
10:11:58,66.77,100,
10:11:58,66.77,500,
10:11:58,66.77,500,
10:11:58,66.77,500,
10:11:58,66.77,400,
10:11:58,66.77,500,
10:12:00,66.76,400,
10:12:00,66.76,100,
10:12:00,66.75,100,
10:12:00,66.75,700,
10:12:03,66.76,100,
10:12:11,66.7601,100,
10:12:12,66.77,500,
10:12:12,66.77,100,
10:12:14,66.77,100,
10:12:14,66.779,1300,
10:12:16,66.78,5751,
10:12:20,66.78,500,
10:12:22,66.79,500,
10:12:22,66.79,400,
10:12:22,66.79,100,
10:12:23,66.79,2700,
10:12:23,66.79,400,
10:12:25,66.79,100,
10:12:27,66.7901,100,
10:12:30,66.79,100,
10:12:31,66.79,100,
10:12:36,66.797,200,
10:12:38,66.79,100,
10:12:45,66.79,100,
10:12:53,66.78,100,
10:12:53,66.78,100,
10:12:53,66.7801,100,
10:13:16,66.79,100,
10:13:16,66.80,800,
10:13:16,66.80,208,
10:13:16,66.80,192,
10:13:16,66.80,200,
10:13:16,66.80,200,
10:13:19,66.81,200,
10:13:23,66.81,200,
10:13:30,66.81,100,
10:13:30,66.81,500,
10:13:31,66.8101,800,
10:13:31,66.8101,1100,
10:13:32,66.81,100,
10:13:48,66.81,500,
10:13:48,66.81,600,
10:13:48,66.81,800,
10:13:54,66.81,500,
10:13:54,66.81,500,
10:13:54,66.81,200,
10:13:54,66.81,200,
10:13:56,66.8099,100,
10:13:59,66.80,100,
10:13:59,66.80,150,
10:13:59,66.80,500,
10:13:59,66.80,500,
10:13:59,66.80,500,
10:13:59,66.80,700,
10:13:59,66.80,3000,
10:13:59,66.80,100,
10:13:59,66.80,800,
10:13:59,66.80,450,
10:14:06,66.80,100,
10:14:06,66.80,430,
10:14:06,66.80,400,
10:14:06,66.80,200,
10:14:06,66.80,700,
10:14:06,66.80,100,
10:14:06,66.80,1400,
10:14:06,66.80,200,
10:14:06,66.80,400,
10:14:06,66.80,100,
10:14:06,66.80,500,
10:14:06,66.80,300,
10:14:06,66.80,130,
10:14:06,66.80,200,
10:14:06,66.80,200,
10:14:06,66.80,100,
10:14:06,66.80,200,
10:14:15,66.80,300,
10:14:22,66.80,200,
10:14:22,66.80,100,
10:14:27,66.79,200,
10:14:27,66.79,200,
10:14:27,66.79,500,
10:14:27,66.79,1500,
10:14:27,66.79,395,
10:14:27,66.79,100,
10:14:27,66.79,295,
10:14:27,66.79,125,
10:14:27,66.79,500,
10:14:27,66.79,500,
10:14:27,66.79,100,
10:14:27,66.79,100,
10:14:27,66.79,120,
10:14:27,66.79,500,
10:14:27,66.795,100,
10:14:27,66.79,600,
10:14:27,66.79,100,
10:14:29,66.79,100,
10:14:29,66.78,2800,
10:14:33,66.7901,3300,
10:14:33,66.79,600,
10:14:35,66.79,300,
10:14:36,66.7958,100,
10:14:37,66.79,200,
10:15:00,66.79,500,
10:15:00,66.79,500,
10:15:00,66.79,500,
10:15:00,66.79,500,
10:15:01,66.782,1500,
10:15:05,66.79,100,
10:15:08,66.79,1200,
10:15:18,66.79,100,
10:15:20,66.78,500,
10:15:20,66.78,100,
10:15:20,66.78,400,
10:15:20,66.78,500,
10:15:21,66.78,500,
10:15:22,66.771,3000,
10:15:22,66.78,100,
10:15:22,66.78,200,
10:15:22,66.78,600,
10:15:25,66.7899,110,
10:15:25,66.78,100,
10:15:25,66.78,200,
10:15:25,66.78,200,
10:15:25,66.78,100,
10:15:26,66.78,100,
10:15:26,66.78,200,
10:15:26,66.78,100,
10:15:26,66.78,100,
10:15:26,66.78,100,
10:15:27,66.78,200,
10:15:27,66.78,100,
10:15:27,66.78,100,
10:15:28,66.78,100,
10:15:28,66.78,100,
10:15:29,66.78,100,
10:15:34,66.77,100,
10:15:34,66.77,200,
10:15:34,66.77,100,
10:15:40,66.78,500,
10:15:46,66.77,500,
10:15:46,66.772,1500,
10:15:47,66.77,300,
10:15:48,66.77,100,
10:15:48,66.77,100,
10:15:48,66.77,500,
10:15:48,66.77,500,
10:15:48,66.77,500,
10:15:48,66.77,500,
10:15:50,66.77,100,
10:15:50,66.77,100,
10:15:51,66.765,100,
10:15:51,66.77,200,
10:15:51,66.765,100,
10:16:01,66.76,100,
10:16:09,66.76,100,
10:16:09,66.76,500,
10:16:10,66.75,300,
10:16:10,66.75,830,
10:16:12,66.755,100,
10:16:14,66.76,300,
10:16:15,66.76,400,
10:16:15,66.76,100,
10:16:15,66.76,194,
10:16:17,66.76,300,
10:16:17,66.76,100,
10:16:17,66.76,100,
10:16:17,66.76,300,
10:16:19,66.75,121,
10:16:19,66.75,200,
10:16:19,66.75,400,
10:16:19,66.75,500,
10:16:19,66.75,500,
10:16:19,66.75,500,
10:16:19,66.75,300,
10:16:19,66.75,500,
10:16:19,66.75,100,
10:16:19,66.75,100,
10:16:22,66.7599,7400,
10:16:23,66.75,400,
10:16:26,66.74,1400,
10:16:27,66.74,285,
10:16:30,66.74,100,
10:16:32,66.749,1400,
10:16:32,66.74,127,
10:16:32,66.74,500,
10:16:32,66.74,500,
10:16:32,66.74,500,
10:16:32,66.74,500,
10:16:32,66.74,373,
10:16:32,66.74,173,
10:16:32,66.74,500,
10:16:32,66.73,1505,
10:16:34,66.749,4874,
10:16:34,66.74,900,
10:16:34,66.74,200,
10:16:34,66.74,173,
10:16:34,66.74,1000,
10:16:34,66.74,4727,
10:16:37,66.7499,2000,
10:16:42,66.742,486,
10:16:54,66.75,100,
10:16:54,66.75,500,
10:16:54,66.75,200,
10:16:56,66.75,600,
10:16:56,66.75,300,
10:17:10,66.75,100,
10:17:10,66.75,100,
10:17:12,66.75,400,
10:17:12,66.75,600,
10:17:14,66.7501,100,
10:17:14,66.75,100,
10:17:18,66.76,100,
10:17:18,66.76,500,
10:17:18,66.76,500,
10:17:18,66.77,600,
10:17:21,66.77,100,
10:17:21,66.77,500,
10:17:21,66.77,500,
10:17:21,66.77,500,
10:17:21,66.77,500,
10:17:21,66.77,500,
10:17:21,66.77,100,
10:17:22,66.77,100,
10:17:25,66.77,100,
10:17:32,66.78,200,
10:17:32,66.78,200,
10:17:35,66.7799,1000,
10:17:43,66.78,1000,
10:17:52,66.78,200,
10:17:52,66.78,300,
10:17:52,66.7799,1300,
10:17:57,66.7799,800,
10:18:04,66.77,100,
10:18:04,66.77,100,
10:18:04,66.77,100,
10:18:04,66.77,100,
10:18:04,66.77,100,
10:18:05,66.77,200,
10:18:05,66.78,100,
10:18:05,66.78,1000,
10:18:05,66.77,100,
10:18:05,66.77,200,
10:18:05,66.77,100,
10:18:05,66.77,200,
10:18:06,66.77,100,
10:18:06,66.77,100,
10:18:06,66.77,100,
10:18:07,66.775,100,
10:18:07,66.77,100,
10:18:07,66.77,100,
10:18:07,66.77,100,
10:18:07,66.77,200,
10:18:08,66.77,100,
10:18:08,66.77,100,
10:18:08,66.77,100,
10:18:09,66.77,100,
10:18:09,66.77,100,
10:18:10,66.77,700,
10:18:14,66.76,100,
10:18:14,66.76,100,
10:18:27,66.76,300,
10:18:27,66.76,500,
10:18:27,66.76,500,
10:18:27,66.76,500,
10:18:27,66.76,500,
10:18:27,66.76,500,
10:18:27,66.76,500,
10:18:27,66.76,600,
10:18:27,66.76,100,
10:18:30,66.7599,600,
10:18:30,66.76,200,
10:18:33,66.76,100,
10:18:53,66.753,350,
10:18:53,66.75,100,
10:19:00,66.76,100,
10:19:02,66.76,100,
10:19:07,66.76,100,
10:19:09,66.7699,100,
10:19:10,66.77,200,
10:19:10,66.77,100,
10:19:10,66.77,300,
10:19:10,66.77,100,
10:19:10,66.77,300,
10:19:10,66.77,500,
10:19:10,66.77,500,
10:19:10,66.77,500,
10:19:10,66.77,200,
10:19:18,66.77,100,
10:19:21,66.77,100,
10:19:21,66.77,100,
10:19:21,66.77,200,
10:19:22,66.7795,164,
10:19:25,66.77,100,
10:19:34,66.7701,860,
10:19:37,66.78,150,
10:19:37,66.775,300,
10:19:53,66.77,900,
10:19:53,66.77,100,
10:19:54,66.77,100,
10:19:54,66.77,100,
10:19:55,66.77,100,
10:20:04,66.77,100,
10:20:04,66.77,200,
10:20:11,66.765,1865,
10:20:13,66.76,500,
10:20:13,66.76,500,
10:20:13,66.76,500,
10:20:13,66.76,500,
10:20:13,66.76,500,
10:20:13,66.76,500,
10:20:13,66.76,100,
10:20:31,66.75,500,
10:20:31,66.75,100,
10:20:31,66.75,100,
10:20:31,66.75,500,
10:20:31,66.75,500,
10:20:31,66.75,500,
10:20:31,66.75,300,
10:20:31,66.75,500,
10:20:31,66.75,500,
10:20:31,66.75,500,
10:20:32,66.75,100,
10:20:42,66.74,500,
10:20:43,66.74,195,
10:20:43,66.73,500,
10:20:43,66.74,100,
10:20:46,66.74,100,
10:20:46,66.74,100,
10:20:48,66.74,200,
10:20:48,66.74,200,
10:20:48,66.74,100,
10:20:48,66.74,600,
10:21:04,66.75,100,
10:21:04,66.75,600,
10:21:04,66.76,300,
10:21:04,66.76,634,
10:21:04,66.76,100,
10:21:04,66.76,100,
10:21:12,66.75,100,
10:21:43,66.748,157,
10:21:45,66.75,100,
10:21:50,66.7555,100,
10:21:55,66.76,295,
10:21:57,66.76,205,
10:21:57,66.76,500,
10:21:57,66.76,500,
10:21:57,66.76,500,
10:21:57,66.76,500,
10:21:57,66.76,405,
10:22:14,66.76,300,
10:22:17,66.7579,350,
10:22:20,66.77,11771,
10:22:33,66.77,500,
10:22:33,66.77,100,
10:22:33,66.77,100,
10:22:33,66.77,200,
10:22:33,66.77,400,
10:22:33,66.77,500,
10:22:33,66.77,500,
10:22:33,66.77,300,
10:22:40,66.77,100,
10:22:40,66.77,200,
10:22:44,66.77,100,
10:22:47,66.77,100,
10:23:06,66.78,500,
10:23:06,66.78,500,
10:23:06,66.78,500,
10:23:06,66.78,500,
10:23:08,66.79,200,
10:23:08,66.79,100,
10:23:08,66.79,500,
10:23:08,66.79,300,
10:23:08,66.79,200,
10:23:09,66.795,100,
10:23:09,66.79,200,
10:23:11,66.7895,1600,
10:23:13,66.78,100,
10:23:13,66.78,100,
10:23:13,66.78,600,
10:23:13,66.78,100,
10:23:13,66.79,400,
10:23:24,66.78,1400,
10:23:24,66.78,100,
10:23:29,66.78,1200,
10:23:29,66.78,100,
10:23:46,66.77,400,
10:23:46,66.77,100,
10:23:46,66.77,500,
10:23:46,66.77,300,
10:23:53,66.772,100,
10:23:56,66.77,100,
10:23:56,66.77,600,
10:23:56,66.77,100,
10:23:56,66.77,200,
10:24:04,66.76,500,
10:24:04,66.76,500,
10:24:04,66.76,100,
10:24:04,66.76,500,
10:24:04,66.76,500,
10:24:04,66.76,500,
10:24:04,66.76,500,
10:24:04,66.76,1400,
10:24:14,66.76,100,
10:24:14,66.76,200,
10:24:16,66.76,400,
10:24:16,66.76,800,
10:24:16,66.76,100,
10:24:22,66.7599,200,
10:24:28,66.75,100,
10:24:30,66.75,200,
10:24:31,66.75,500,
10:24:31,66.75,100,
10:24:31,66.75,100,
10:24:31,66.75,400,
10:24:31,66.75,500,
10:24:31,66.75,500,
10:24:31,66.75,400,
10:24:31,66.74,300,
10:24:31,66.74,100,
10:24:31,66.74,800,
10:24:31,66.74,400,
10:24:43,66.73,500,
10:24:43,66.73,100,
10:24:43,66.73,800,
10:24:43,66.73,500,
10:24:43,66.73,500,
10:24:43,66.73,500,
10:24:43,66.73,500,
10:24:43,66.73,500,
10:24:43,66.73,500,
10:24:43,66.73,3000,
10:24:43,66.73,900,
10:24:43,66.73,500,
10:24:43,66.72,200,
10:24:44,66.72,500,
10:24:44,66.72,300,
10:24:47,66.71,300,
10:24:47,66.71,500,
10:24:47,66.71,500,
10:24:47,66.71,500,
10:24:47,66.71,500,
10:24:47,66.71,500,
10:24:47,66.71,100,
10:24:47,66.71,500,
10:24:47,66.71,800,
10:24:47,66.71,5000,
10:24:47,66.71,700,
10:24:47,66.71,500,
10:24:47,66.70,260,
10:24:47,66.70,500,
10:24:47,66.70,500,
10:24:47,66.70,1000,
10:24:47,66.70,500,
10:24:47,66.70,500,
10:24:47,66.70,200,
10:24:47,66.70,1200,
10:24:47,66.69,1210,
10:24:47,66.70,800,
10:24:47,66.69,200,
10:24:47,66.69,800,
10:24:47,66.69,500,
10:24:47,66.69,500,
10:24:47,66.69,1650,
10:24:47,66.69,2810,
10:24:47,66.69,700,
10:24:47,66.69,1600,
10:24:47,66.69,200,
10:24:47,66.69,400,
10:24:47,66.69,800,
10:24:48,66.70,200,
10:24:48,66.695,100,
10:24:48,66.69,300,
10:24:48,66.70,100,
10:24:48,66.70,100,
10:24:48,66.69,1700,
10:24:48,66.70,500,
10:24:48,66.70,800,
10:24:48,66.70,200,
10:24:48,66.70,700,
10:24:48,66.70,100,
10:24:49,66.7042,400,
10:24:51,66.70,100,
10:24:51,66.70,100,
10:24:55,66.70,100,
10:25:02,66.69,300,
10:25:03,66.69,500,
10:25:03,66.69,500,
10:25:03,66.69,500,
10:25:03,66.69,500,
10:25:03,66.69,200,
10:25:03,66.68,207,
10:25:03,66.68,255,
10:25:03,66.68,800,
10:25:03,66.68,3000,
10:25:03,66.68,255,
10:25:03,66.68,245,
10:25:03,66.68,245,
10:25:03,66.67,1800,
10:25:03,66.68,100,
10:25:03,66.67,600,
10:25:03,66.67,500,
10:25:03,66.67,3000,
10:25:03,66.67,500,
10:25:03,66.67,100,
10:25:03,66.66,114,
10:25:03,66.67,100,
10:25:03,66.67,100,
10:25:03,66.67,800,
10:25:03,66.665,100,
10:25:03,66.67,200,
10:25:03,66.665,100,
10:25:03,66.67,100,
10:25:03,66.66,315,
10:25:03,66.66,125,
10:25:03,66.66,500,
10:25:03,66.66,500,
10:25:03,66.66,390,
10:25:03,66.66,185,
10:25:03,66.66,500,
10:25:03,66.66,500,
10:25:03,66.66,400,
10:25:05,66.65,296,
10:25:05,66.65,100,
10:25:05,66.65,196,
10:25:05,66.65,200,
10:25:05,66.6499,175,
10:25:05,66.6499,100,
10:25:07,66.65,300,
10:25:07,66.65,700,
10:25:07,66.65,100,
10:25:07,66.65,100,
10:25:07,66.65,100,
10:25:07,66.65,100,
10:25:07,66.65,100,
10:25:08,66.66,220,
10:25:08,66.65,100,
10:25:08,66.65,100,
10:25:08,66.65,100,
10:25:08,66.65,100,
10:25:08,66.65,100,
10:25:08,66.655,100,
10:25:08,66.655,100,
10:25:09,66.66,200,
10:25:09,66.655,100,
10:25:09,66.66,200,
10:25:09,66.66,5600,
10:25:09,66.66,500,
10:25:09,66.66,700,
10:25:09,66.66,200,
10:25:09,66.66,200,
10:25:09,66.66,1000,
10:25:09,66.66,100,
10:25:09,66.66,100,
10:25:09,66.66,100,
10:25:09,66.66,100,
10:25:09,66.66,200,
10:25:10,66.6699,500,
10:25:10,66.6699,400,
10:25:10,66.66,100,
10:25:10,66.66,100,
10:25:10,66.66,100,
10:25:10,66.66,100,
10:25:11,66.6696,150,
10:25:16,66.66,100,
10:25:16,66.66,100,
10:25:16,66.66,100,
10:25:16,66.66,100,
10:25:18,66.66,100,
10:25:19,66.67,100,
10:25:19,66.67,106,
10:25:20,66.662,1000,
10:25:20,66.67,100,
10:25:20,66.67,200,
10:25:20,66.67,100,
10:25:20,66.67,100,
10:25:20,66.67,500,
10:25:20,66.68,200,
10:25:22,66.67,100,
10:25:22,66.67,100,
10:25:26,66.67,100,
10:25:30,66.67,100,
10:25:32,66.669,200,
10:25:37,66.67,200,
10:25:37,66.67,100,
10:25:37,66.665,100,
10:25:37,66.67,100,
10:25:38,66.66,1500,
10:25:39,66.66,800,
10:25:41,66.6605,100,
10:25:44,66.6795,200,
10:25:45,66.6716,170,
10:25:49,66.67,800,
10:25:52,66.67,200,
10:26:07,66.68,500,
10:26:07,66.68,600,
10:26:08,66.68,1140,
10:26:14,66.67,300,
10:26:15,66.67,100,
10:26:15,66.67,100,
10:26:15,66.67,500,
10:26:15,66.67,500,
10:26:15,66.67,500,
10:26:15,66.67,175,
10:26:17,66.68,100,
10:26:18,66.68,100,
10:26:19,66.68,800,
10:26:19,66.68,600,
10:26:22,66.69,152,
10:26:22,66.69,500,
10:26:23,66.69,500,
10:26:23,66.69,100,
10:26:25,66.70,300,
10:26:25,66.70,500,
10:26:25,66.70,500,
10:26:29,66.70,200,
10:26:29,66.70,300,
10:26:40,66.70,200,
10:26:45,66.70,100,
10:26:55,66.70,200,
10:26:57,66.71,500,
10:26:57,66.71,100,
10:26:58,66.71,100,
10:26:58,66.70,100,
10:26:58,66.70,1500,
10:27:01,66.72,300,
10:27:01,66.72,800,
10:27:08,66.719,113,
10:27:10,66.72,100,
10:27:13,66.7195,500,
10:27:24,66.72,500,
10:27:24,66.72,500,
10:27:24,66.72,500,
10:27:24,66.72,100,
10:27:24,66.72,500,
10:27:27,66.72,200,
10:27:30,66.73,100,
10:27:31,66.729,800,
10:27:31,66.729,600,
10:27:38,66.73,115,
10:27:38,66.73,100,
10:27:38,66.73,500,
10:27:38,66.73,500,
10:27:38,66.73,500,
10:27:38,66.73,385,
10:27:38,66.74,100,
10:27:38,66.74,500,
10:27:38,66.7499,2500,
10:27:39,66.74,300,
10:27:39,66.74,100,
10:27:47,66.73,100,
10:27:47,66.73,1295,
10:27:47,66.73,500,
10:27:47,66.73,395,
10:27:47,66.73,100,
10:27:49,66.73,800,
10:27:55,66.73,100,
10:28:10,66.72,500,
10:28:10,66.72,100,
10:28:10,66.72,100,
10:28:21,66.72,500,
10:28:21,66.72,450,
10:28:35,66.73,500,
10:28:35,66.73,500,
10:28:35,66.73,500,
10:28:35,66.73,500,
10:28:35,66.73,100,
10:28:35,66.73,200,
10:28:51,66.74,500,
10:28:51,66.74,500,
10:28:51,66.74,500,
10:28:51,66.74,500,
10:28:51,66.74,200,
10:28:51,66.74,100,
10:28:51,66.74,500,
10:28:51,66.74,300,
10:28:51,66.74,500,
10:28:51,66.74,200,
10:28:52,66.745,100,
10:28:52,66.75,500,
10:28:52,66.75,200,
10:28:52,66.75,134,
10:28:59,66.741,9000,
10:29:04,66.74,100,
10:29:04,66.74,100,
10:29:05,66.74,200,
10:29:05,66.74,200,
10:29:05,66.74,100,
10:29:05,66.74,100,
10:29:05,66.74,100,
10:29:05,66.74,200,
10:29:06,66.74,200,
10:29:06,66.74,100,
10:29:06,66.74,200,
10:29:06,66.74,200,
10:29:06,66.74,200,
10:29:06,66.748,155,
10:29:07,66.74,200,
10:29:07,66.74,200,
10:29:07,66.74,100,
10:29:08,66.7479,150,
10:29:08,66.74,100,
10:29:08,66.74,100,
10:29:09,66.74,100,
10:29:10,66.74,200,
10:29:18,66.739,100,
10:29:19,66.74,100,
10:29:19,66.74,100,
10:29:19,66.74,1300,
10:29:19,66.74,200,
10:29:20,66.748,800,
10:29:50,66.74,100,
10:29:50,66.74,100,
10:30:01,66.74,170,
10:30:01,66.74,100,
10:30:01,66.74,131,
10:30:01,66.74,1348,
10:30:03,66.73,500,
10:30:03,66.73,500,
10:30:03,66.73,500,
10:30:03,66.73,500,
10:30:03,66.73,500,
10:30:04,66.73,100,
10:30:04,66.73,100,
10:30:09,66.72,200,
10:30:11,66.72,200,
10:30:11,66.72,500,
10:30:11,66.72,500,
10:30:11,66.72,600,
10:30:11,66.72,500,
10:30:11,66.72,200,
10:30:13,66.71,1600,
10:30:13,66.71,100,
10:30:13,66.71,700,
10:30:13,66.71,500,
10:30:13,66.71,500,
10:30:13,66.71,100,
10:30:13,66.71,800,
10:30:13,66.71,1500,
10:30:13,66.71,900,
10:30:13,66.71,200,
10:30:13,66.71,200,
10:30:13,66.71,100,
10:30:13,66.70,500,
10:30:13,66.70,100,
10:30:14,66.70,500,
10:30:14,66.70,500,
10:30:14,66.71,100,
10:30:14,66.70,100,
10:30:14,66.70,500,
10:30:14,66.70,500,
10:30:14,66.70,500,
10:30:14,66.70,115,
10:30:14,66.70,100,
10:30:15,66.69,100,
10:30:16,66.69,200,
10:30:18,66.69,200,
10:30:20,66.69,100,
10:30:21,66.69,200,
10:30:22,66.68,1500,
10:30:22,66.68,200,
10:30:22,66.68,3000,
10:30:22,66.68,700,
10:30:22,66.68,100,
10:30:22,66.68,100,
10:30:22,66.68,500,
10:30:22,66.68,500,
10:30:22,66.68,200,
10:30:22,66.68,300,
10:30:22,66.68,300,
10:30:22,66.68,500,
10:30:22,66.68,400,
10:30:22,66.68,500,
10:30:22,66.68,100,
10:30:22,66.68,400,
10:30:22,66.68,100,
10:30:22,66.68,800,
10:30:22,66.68,450,
10:30:22,66.68,1400,
10:30:22,66.68,815,
10:30:22,66.68,238,
10:30:22,66.68,200,
10:30:22,66.68,200,
10:30:22,66.68,100,
10:30:22,66.68,186,
10:30:22,66.68,1500,
10:30:22,66.68,700,
10:30:23,66.68,800,
10:30:23,66.68,200,
10:30:25,66.68,800,
10:30:26,66.67,100,
10:30:26,66.67,200,
10:30:26,66.67,100,
10:30:26,66.67,500,
10:30:26,66.67,2400,
10:30:26,66.67,2400,
10:30:26,66.67,407,
10:30:26,66.67,500,
10:30:26,66.67,500,
10:30:26,66.67,500,
10:30:26,66.67,500,
10:30:26,66.67,700,
10:30:26,66.67,500,
10:30:27,66.67,100,
10:30:27,66.67,700,
10:30:27,66.67,200,
10:30:28,66.67,100,
10:30:28,66.67,200,
10:30:31,66.68,100,
10:30:31,66.67,300,
10:30:31,66.67,300,
10:30:33,66.68,200,
10:30:33,66.68,200,
10:30:33,66.68,200,
10:30:33,66.68,100,
10:30:33,66.68,500,
10:30:34,66.68,200,
10:30:34,66.69,500,
10:30:34,66.69,600,
10:30:34,66.69,100,
10:30:34,66.69,100,
10:30:34,66.70,200,
10:30:34,66.70,300,
10:30:34,66.70,500,
10:30:34,66.709,100,
10:30:34,66.70,100,
10:30:37,66.70,200,
10:30:37,66.70,100,
10:30:38,66.70,200,
10:30:38,66.70,200,
10:30:38,66.70,400,
10:30:38,66.70,100,
10:30:38,66.71,500,
10:30:38,66.71,500,
10:30:38,66.71,500,
10:30:38,66.71,100,
10:30:38,66.71,400,
10:30:38,66.71,500,
10:30:38,66.71,500,
10:30:38,66.71,500,
10:30:39,66.70,200,
10:30:41,66.70,200,
10:30:42,66.70,100,
10:30:46,66.69,200,
10:30:47,66.69,200,
10:30:48,66.6995,1000,
10:30:50,66.69,200,
10:30:51,66.69,100,
10:30:52,66.69,500,
10:30:52,66.69,500,
10:30:52,66.69,500,
10:30:52,66.69,500,
10:30:52,66.69,500,
10:30:52,66.69,500,
10:30:52,66.69,500,
10:30:52,66.69,500,
10:30:53,66.68,300,
10:30:53,66.69,100,
10:30:55,66.6989,118,
10:30:55,66.69,100,
10:30:56,66.69,200,
10:30:56,66.69,600,
10:30:56,66.69,100,
10:30:56,66.69,100,
10:30:58,66.69,400,
10:31:00,66.69,300,
10:31:01,66.69,200,
10:31:03,66.69,200,
10:31:04,66.69,200,
10:31:06,66.69,200,
10:31:09,66.69,400,
10:31:10,66.69,200,
10:31:12,66.69,200,
10:31:14,66.69,400,
10:31:15,66.69,100,
10:31:15,66.69,300,
10:31:15,66.69,200,
10:31:15,66.69,200,
10:31:15,66.69,100,
10:31:17,66.69,200,
10:31:18,66.69,400,
10:31:18,66.69,100,
10:31:18,66.69,100,
10:31:18,66.69,100,
10:31:18,66.69,100,
10:31:18,66.69,200,
10:31:18,66.69,100,
10:31:19,66.689,100,
10:31:21,66.69,100,
10:31:21,66.69,200,
10:31:21,66.69,100,
10:31:21,66.69,100,
10:31:21,66.69,100,
10:31:21,66.69,200,
10:31:21,66.69,100,
10:31:21,66.69,200,
10:31:21,66.69,200,
10:31:21,66.68,100,
10:31:22,66.68,100,
10:31:22,66.68,200,
10:31:22,66.68,100,
10:31:22,66.68,100,
10:31:22,66.68,100,
10:31:24,66.68,200,
10:31:24,66.68,200,
10:31:26,66.68,200,
10:31:26,66.68,500,
10:31:26,66.68,500,
10:31:26,66.69,500,
10:31:26,66.69,500,
10:31:27,66.68,400,
10:31:27,66.68,500,
10:31:27,66.68,500,
10:31:27,66.68,100,
10:31:29,66.68,250,
10:31:30,66.68,200,
10:31:34,66.69,200,
10:31:34,66.69,200,
10:31:34,66.69,110,
10:31:35,66.69,200,
10:31:36,66.69,100,
10:31:38,66.69,400,
10:31:39,66.69,200,
10:31:41,66.69,400,
10:31:42,66.69,100,
10:31:44,66.68,200,
10:31:44,66.682,1000,
10:31:46,66.68,200,
10:31:46,66.68,200,
10:31:47,66.68,100,
10:31:50,66.67,300,
10:31:52,66.67,400,
10:31:52,66.68,800,
10:31:52,66.68,400,
10:31:52,66.68,200,
10:31:52,66.68,200,
10:31:52,66.68,100,
10:31:53,66.69,200,
10:31:53,66.68,100,
10:31:54,66.672,217,
10:31:56,66.68,100,
10:31:57,66.68,200,
10:31:57,66.68,200,
10:31:58,66.68,100,
10:31:59,66.68,1400,
10:31:59,66.68,500,
10:32:03,66.68,400,
10:32:05,66.68,200,
10:32:06,66.68,100,
10:32:06,66.68,100,
10:32:07,66.68,100,
10:32:08,66.68,100,
10:32:08,66.68,100,
10:32:09,66.68,100,
10:32:10,66.68,300,
10:32:10,66.68,100,
10:32:10,66.68,100,
10:32:11,66.685,100,
10:32:16,66.67,200,
10:32:17,66.67,300,
10:32:25,66.67,500,
10:32:25,66.67,500,
10:32:25,66.67,1700,
10:32:25,66.67,100,
10:32:27,66.68,300,
10:32:27,66.678,400,
10:32:32,66.68,100,
10:32:33,66.68,100,
10:32:33,66.69,300,
10:32:33,66.69,200,
10:32:33,66.69,600,
10:32:33,66.69,500,
10:32:33,66.69,100,
10:32:33,66.69,100,
10:32:33,66.69,500,
10:32:33,66.69,100,
10:32:33,66.69,200,
10:32:35,66.69,400,
10:32:35,66.69,100,
10:32:36,66.69,1400,
10:32:38,66.69,100,
10:32:39,66.69,400,
10:32:41,66.69,200,
10:32:42,66.69,100,
10:32:43,66.69,200,
10:32:43,66.70,500,
10:32:43,66.70,500,
10:32:43,66.70,500,
10:32:43,66.70,500,
10:32:43,66.70,500,
10:32:43,66.70,500,
10:32:43,66.70,500,
10:32:43,66.70,100,
10:32:44,66.70,200,
10:32:44,66.71,100,
10:32:47,66.70,200,
10:32:49,66.70,200,
10:32:49,66.7001,300,
10:32:51,66.70,400,
10:32:53,66.70,400,
10:32:53,66.70,200,
10:32:55,66.70,400,
10:32:56,66.71,100,
10:32:56,66.71,800,
10:32:58,66.70,196,
10:33:03,66.69,200,
10:33:05,66.69,200,
10:33:10,66.69,200,
10:33:12,66.69,200,
10:33:14,66.69,300,
10:33:14,66.69,200,
10:33:16,66.69,122,
10:33:16,66.69,400,
10:33:16,66.69,200,
10:33:16,66.69,222,
10:33:16,66.69,500,
10:33:16,66.69,422,
10:33:16,66.69,500,
10:33:16,66.68,200,
10:33:22,66.68,100,
10:33:23,66.68,100,
10:33:24,66.68,400,
10:33:26,66.68,200,
10:33:28,66.68,200,
10:33:29,66.68,100,
10:33:30,66.68,200,
10:33:31,66.68,100,
10:33:32,66.68,300,
10:33:33,66.68,200,
10:33:34,66.68,100,
10:33:34,66.68,300,
10:33:35,66.68,100,
10:33:35,66.68,400,
10:33:35,66.68,200,
10:33:36,66.68,100,
10:33:36,66.68,500,
10:33:36,66.68,700,
10:33:37,66.67,200,
10:33:38,66.67,400,
10:33:40,66.67,400,
10:33:42,66.68,200,
10:33:42,66.68,100,
10:33:42,66.68,200,
10:33:42,66.69,100,
10:33:42,66.685,100,
10:33:43,66.68,395,
10:33:44,66.68,200,
10:33:45,66.68,300,
10:33:47,66.68,400,
10:33:48,66.68,100,
10:33:50,66.68,200,
10:33:51,66.69,386,
10:33:51,66.69,500,
10:33:51,66.69,400,
10:33:51,66.69,400,
10:33:51,66.69,100,
10:33:51,66.69,414,
10:33:51,66.69,414,
10:33:53,66.6801,3800,
10:33:54,66.683,500,
10:33:55,66.685,500,
10:33:56,66.69,400,
10:33:56,66.69,400,
10:33:56,66.69,400,
10:33:56,66.69,500,
10:33:57,66.69,100,
10:33:58,66.69,400,
10:34:00,66.69,200,
10:34:02,66.69,200,
10:34:04,66.69,200,
10:34:06,66.69,200,
10:34:07,66.69,400,
10:34:09,66.69,200,
10:34:11,66.69,200,
10:34:13,66.69,200,
10:34:13,66.69,4500,
10:34:14,66.68,100,
10:34:15,66.68,200,
10:34:17,66.68,200,
10:34:19,66.68,100,
10:34:20,66.68,200,
10:34:20,66.6801,600,
10:34:20,66.69,100,
10:34:21,66.69,100,
10:34:21,66.69,100,
10:34:23,66.69,400,
10:34:25,66.69,200,
10:34:25,66.69,100,
10:34:27,66.69,200,
10:34:28,66.69,400,
10:34:30,66.69,400,
10:34:31,66.6999,7400,
10:34:38,66.69,100,
10:34:40,66.685,2970,
10:34:47,66.69,200,
10:34:50,66.69,1600,
10:34:55,66.69,1000,
10:34:55,66.69,336,
10:34:55,66.69,100,
10:34:55,66.69,800,
10:34:56,66.682,450,
10:34:58,66.69,200,
10:34:59,66.69,200,
10:34:59,66.70,600,
10:34:59,66.70,300,
10:34:59,66.70,500,
10:34:59,66.70,500,
10:34:59,66.70,500,
10:34:59,66.70,500,
10:34:59,66.70,100,
10:34:59,66.70,100,
10:35:00,66.70,200,
10:35:00,66.70,200,
10:35:03,66.70,200,
10:35:03,66.70,200,
10:35:03,66.70,100,
10:35:03,66.70,100,
10:35:03,66.70,100,
10:35:04,66.70,100,
10:35:05,66.70,200,
10:35:07,66.69,200,
10:35:12,66.69,1600,
10:35:12,66.69,100,
10:35:12,66.69,500,
10:35:12,66.69,500,
10:35:12,66.69,500,
10:35:12,66.69,600,
10:35:12,66.69,400,
10:35:12,66.69,100,
10:35:12,66.69,200,
10:35:13,66.68,1600,
10:35:16,66.68,500,
10:35:16,66.68,500,
10:35:16,66.68,500,
10:35:16,66.68,500,
10:35:17,66.682,500,
10:35:24,66.68,100,
10:35:33,66.6801,300,
10:35:35,66.68,100,
10:35:40,66.67,200,
10:35:40,66.67,100,
10:35:40,66.67,100,
10:35:40,66.67,200,
10:35:41,66.67,500,
10:35:41,66.67,500,
10:35:41,66.67,500,
10:35:41,66.67,500,
10:35:41,66.67,500,
10:35:41,66.67,500,
10:35:41,66.67,700,
10:35:41,66.67,100,
10:35:43,66.66,100,
10:35:43,66.66,100,
10:35:43,66.66,200,
10:35:43,66.66,100,
10:35:43,66.66,100,
10:35:43,66.66,500,
10:35:43,66.66,400,
10:35:43,66.65,100,
10:35:43,66.66,200,
10:35:43,66.65,100,
10:35:43,66.65,100,
10:35:44,66.65,100,
10:35:44,66.65,100,
10:35:45,66.655,100,
10:35:45,66.66,100,
10:35:45,66.66,100,
10:35:45,66.66,200,
10:35:45,66.66,100,
10:35:45,66.66,100,
10:35:46,66.66,200,
10:35:46,66.66,100,
10:35:46,66.66,100,
10:35:46,66.66,100,
10:35:47,66.66,100,
10:36:01,66.66,100,
10:36:01,66.66,100,
10:36:01,66.66,100,
10:36:01,66.66,100,
10:36:01,66.66,200,
10:36:02,66.67,100,
10:36:02,66.67,500,
10:36:08,66.6705,100,
10:36:32,66.68,200,
10:36:32,66.68,300,
10:36:32,66.68,500,
10:36:32,66.68,500,
10:36:32,66.68,500,
10:36:32,66.68,100,
10:36:36,66.69,500,
10:36:36,66.69,500,
10:36:36,66.69,500,
10:36:36,66.69,500,
10:36:36,66.69,500,
10:36:46,66.70,500,
10:36:46,66.70,400,
10:36:46,66.70,100,
10:36:48,66.7001,100,
10:36:53,66.70,100,
10:36:54,66.70,100,
10:36:56,66.6905,100,
10:37:12,66.69,100,
10:37:12,66.69,100,
10:37:12,66.69,200,
10:37:21,66.70,100,
10:37:23,66.69,100,
10:37:23,66.69,500,
10:37:23,66.69,500,
10:37:23,66.69,100,
10:37:24,66.69,400,
10:37:24,66.69,100,
10:37:34,66.69,100,
10:37:34,66.69,100,
10:37:41,66.6945,200,
10:37:47,66.69,100,
10:37:47,66.69,500,
10:37:47,66.68,100,
10:37:47,66.68,900,
10:37:49,66.68,500,
10:37:49,66.68,500,
10:37:49,66.68,100,
10:37:49,66.68,500,
10:37:49,66.68,500,
10:37:55,66.67,100,
10:37:55,66.67,400,
10:37:55,66.67,100,
10:37:55,66.67,500,
10:37:55,66.67,500,
10:37:55,66.67,100,
10:37:55,66.67,300,
10:38:01,66.67,100,
10:38:07,66.662,300,
10:38:14,66.66,100,
10:38:17,66.665,100,
10:38:21,66.67,100,
10:38:29,66.68,500,
10:38:29,66.68,500,
10:38:29,66.68,500,
10:38:29,66.68,800,
10:38:42,66.68,100,
10:38:58,66.6725,300,
10:39:00,66.67,200,
10:39:00,66.67,100,
10:39:00,66.67,1100,
10:39:00,66.67,500,
10:39:00,66.67,100,
10:39:00,66.67,400,
10:39:00,66.67,500,
10:39:00,66.67,500,
10:39:00,66.67,500,
10:39:00,66.67,100,
10:39:08,66.67,100,
10:39:12,66.67,100,
10:39:12,66.675,100,
10:39:35,66.67,100,
10:39:37,66.67,100,
10:39:41,66.67,100,
10:39:58,66.67,306,
10:40:33,66.6799,122,
10:40:35,66.675,100,
10:40:35,66.68,300,
10:40:35,66.68,400,
10:40:35,66.68,500,
10:40:35,66.68,500,
10:40:35,66.68,500,
10:40:35,66.68,500,
10:40:35,66.68,100,
10:40:35,66.68,600,
10:40:35,66.68,500,
10:40:35,66.68,500,
10:40:39,66.68,100,
10:40:47,66.68,100,
10:41:06,66.67,2400,
10:41:06,66.67,7000,
10:41:06,66.67,1700,
10:41:06,66.66,300,
10:41:06,66.67,500,
10:41:06,66.67,500,
10:41:06,66.67,500,
10:41:06,66.67,500,
10:41:06,66.67,500,
10:41:06,66.67,500,
10:41:06,66.67,1700,
10:41:11,66.66,100,
10:41:11,66.66,500,
10:41:11,66.665,100,
10:41:15,66.652,205,
10:41:22,66.6623,159,
10:41:31,66.66,100,
10:41:41,66.659,500,
10:41:42,66.66,100,
10:42:12,66.662,1900,
10:42:18,66.67,600,
10:42:18,66.67,585,
10:42:18,66.67,300,
10:42:18,66.67,100,
10:42:18,66.67,500,
10:42:18,66.67,1800,
10:42:18,66.67,100,
10:42:18,66.67,500,
10:42:18,66.66,400,
10:42:18,66.67,700,
10:42:18,66.67,200,
10:42:18,66.67,300,
10:42:18,66.67,1400,
10:42:21,66.67,350,
10:42:22,66.68,500,
10:42:22,66.68,500,
10:42:22,66.68,500,
10:42:22,66.68,500,
10:42:22,66.68,500,
10:42:22,66.68,500,
10:42:22,66.68,500,
10:42:22,66.68,100,
10:42:24,66.68,100,
10:42:28,66.68,100,
10:42:28,66.68,200,
10:42:33,66.69,400,
10:42:33,66.69,500,
10:42:33,66.69,100,
10:42:33,66.69,200,
10:42:33,66.69,100,
10:42:33,66.69,100,
10:42:33,66.69,400,
10:42:33,66.69,200,
10:42:33,66.69,1132,
10:42:33,66.69,500,
10:42:33,66.69,200,
10:42:33,66.69,100,
10:42:33,66.69,100,
10:42:33,66.69,150,
10:42:33,66.70,100,
10:42:35,66.688,400,
10:42:37,66.70,100,
10:42:37,66.695,100,
10:42:39,66.70,100,
10:43:12,66.6989,1000,
10:43:13,66.70,500,
10:43:13,66.70,500,
10:43:13,66.70,500,
10:43:13,66.70,300,
10:43:13,66.70,500,
10:43:13,66.70,300,
10:43:13,66.70,500,
10:43:13,66.70,500,
10:43:13,66.70,500,
10:43:19,66.708,150,
10:43:19,66.71,500,
10:43:20,66.7199,500,
10:43:28,66.7199,277,
10:43:32,66.72,500,
10:43:32,66.72,500,
10:43:32,66.72,100,
10:43:32,66.72,100,
10:43:32,66.72,500,
10:43:32,66.72,500,
10:43:32,66.72,200,
10:43:32,66.72,500,
10:43:47,66.72,100,
10:43:50,66.72,100,
10:43:54,66.7199,600,
10:44:04,66.72,100,
10:44:30,66.72,100,
10:44:31,66.72,100,
10:44:34,66.72,100,
10:44:42,66.7201,7400,
10:44:46,66.73,400,
10:44:46,66.73,500,
10:44:46,66.73,200,
10:44:46,66.73,500,
10:44:46,66.73,100,
10:44:46,66.73,500,
10:44:52,66.73,100,
10:44:52,66.73,100,
10:44:52,66.73,500,
10:44:52,66.73,300,
10:44:52,66.73,300,
10:44:57,66.74,100,
10:44:57,66.74,500,
10:44:57,66.74,500,
10:44:57,66.74,500,
10:44:57,66.74,500,
10:44:57,66.74,500,
10:44:57,66.74,500,
10:44:57,66.74,500,
10:44:57,66.74,100,
10:45:01,66.73,500,
10:45:07,66.73,100,
10:45:12,66.72,1800,
10:45:12,66.72,500,
10:45:12,66.72,500,
10:45:12,66.72,500,
10:45:12,66.72,5000,
10:45:12,66.72,100,
10:45:12,66.72,200,
10:45:12,66.71,100,
10:45:12,66.71,500,
10:45:12,66.71,100,
10:45:12,66.71,275,
10:45:14,66.71,500,
10:45:14,66.71,500,
10:45:14,66.7101,2300,
10:45:25,66.7108,500,
10:45:31,66.72,200,
10:45:31,66.72,600,
10:45:31,66.72,200,
10:45:31,66.72,800,
10:45:31,66.72,200,
10:45:31,66.72,500,
10:45:31,66.72,100,
10:45:31,66.72,1600,
10:45:31,66.72,5900,
10:45:31,66.72,500,
10:45:31,66.72,200,
10:45:31,66.72,300,
10:45:32,66.72,1500,
10:45:33,66.72,100,
10:45:33,66.72,1400,
10:45:33,66.72,1200,
10:45:33,66.72,300,
10:45:33,66.72,100,
10:45:33,66.72,1400,
10:45:33,66.72,100,
10:45:33,66.72,100,
10:45:33,66.72,1500,
10:45:33,66.72,500,
10:45:33,66.72,2000,
10:45:33,66.72,300,
10:45:33,66.72,200,
10:45:33,66.72,600,
10:45:33,66.72,100,
10:45:33,66.72,200,
10:45:33,66.72,9100,
10:45:33,66.72,200,
10:45:33,66.72,1400,
10:45:33,66.72,600,
10:45:33,66.72,200,
10:45:33,66.72,2500,
10:45:33,66.72,500,
10:45:33,66.72,300,
10:45:33,66.72,100,
10:45:34,66.72,300,
10:45:34,66.72,100,
10:45:34,66.72,100,
10:45:34,66.72,100,
10:45:34,66.72,100,
10:45:34,66.72,100,
10:45:34,66.72,100,
10:45:34,66.72,100,
10:45:34,66.72,1100,
10:45:34,66.71,185,
10:45:34,66.71,500,
10:45:34,66.71,175,
10:45:34,66.71,100,
10:45:34,66.71,100,
10:45:34,66.71,100,
10:45:34,66.71,500,
10:45:34,66.71,500,
10:45:34,66.71,500,
10:45:34,66.71,100,
10:45:37,66.71,100,
10:45:41,66.71,600,
10:45:41,66.71,100,
10:45:41,66.71,100,
10:45:41,66.71,900,
10:45:41,66.71,400,
10:45:43,66.71,200,
10:45:48,66.70,100,
10:45:49,66.70,100,
10:45:49,66.70,100,
10:45:49,66.70,100,
10:45:49,66.70,100,
10:45:49,66.70,100,
10:45:49,66.70,100,
10:45:49,66.70,100,
10:45:49,66.70,100,
10:45:49,66.70,100,
10:45:49,66.70,100,
10:45:49,66.70,500,
10:45:49,66.70,500,
10:45:49,66.70,500,
10:45:49,66.70,500,
10:45:49,66.70,500,
10:45:49,66.70,500,
10:45:53,66.6905,300,
10:45:55,66.70,100,
10:45:55,66.70,100,
10:45:55,66.70,100,
10:45:55,66.70,100,
10:45:55,66.70,100,
10:45:55,66.70,200,
10:45:55,66.70,100,
10:46:00,66.70,100,
10:46:00,66.70,100,
10:46:00,66.70,200,
10:46:00,66.70,200,
10:46:00,66.70,100,
10:46:02,66.70,100,
10:46:02,66.70,100,
10:46:02,66.70,200,
10:46:05,66.71,100,
10:46:05,66.71,4700,
10:46:05,66.71,1600,
10:46:05,66.71,1500,
10:46:05,66.71,400,
10:46:05,66.71,1400,
10:46:05,66.71,100,
10:46:05,66.71,200,
10:46:05,66.71,500,
10:46:05,66.71,500,
10:46:05,66.71,500,
10:46:05,66.71,296,
10:46:05,66.71,300,
10:46:05,66.71,100,
10:46:05,66.71,100,
10:46:05,66.71,100,
10:46:05,66.71,100,
10:46:15,66.7001,300,
10:46:20,66.709,100,
10:46:20,66.709,600,
10:46:31,66.71,100,
10:46:31,66.71,100,
10:46:31,66.71,100,
10:46:35,66.71,100,
10:46:38,66.70,200,
10:46:47,66.70,300,
10:46:47,66.70,5300,
10:46:47,66.70,400,
10:46:47,66.70,100,
10:46:47,66.70,500,
10:46:47,66.70,500,
10:46:47,66.70,500,
10:46:47,66.70,200,
10:46:47,66.70,100,
10:46:47,66.70,1400,
10:46:47,66.70,500,
10:46:47,66.69,330,
10:46:47,66.69,100,
10:46:47,66.69,500,
10:46:47,66.69,1400,
10:46:48,66.69,100,
10:46:57,66.69,100,
10:46:58,66.6889,150,
10:47:06,66.69,600,
10:47:10,66.687,100,
10:47:12,66.685,100,
10:47:13,66.70,100,
10:47:13,66.70,133,
10:47:13,66.70,200,
10:47:13,66.70,1900,
10:47:13,66.70,300,
10:47:13,66.70,100,
10:47:13,66.705,100,
10:47:28,66.70,200,
10:47:28,66.695,100,
10:47:37,66.69,500,
10:47:37,66.69,500,
10:47:37,66.69,200,
10:47:37,66.69,100,
10:47:37,66.69,500,
10:47:37,66.69,500,
10:47:37,66.69,500,
10:47:37,66.69,200,
10:47:48,66.685,100,
10:47:49,66.69,100,
10:47:56,66.70,500,
10:47:56,66.70,150,
10:47:56,66.70,500,
10:47:56,66.70,500,
10:47:56,66.70,500,
10:47:57,66.7001,500,
10:48:00,66.70,600,
10:48:05,66.70,100,
10:48:11,66.70,100,
10:48:14,66.7001,600,
10:48:38,66.71,500,
10:48:38,66.71,500,
10:48:38,66.71,500,
10:48:38,66.71,100,
10:48:38,66.71,500,
10:48:38,66.71,250,
10:48:47,66.71,100,
10:49:10,66.71,700,
10:49:20,66.72,800,
10:49:20,66.72,3300,
10:49:20,66.72,200,
10:49:20,66.72,1000,
10:49:20,66.72,500,
10:49:20,66.72,500,
10:49:20,66.72,100,
10:49:20,66.72,100,
10:49:21,66.72,200,
10:49:21,66.72,500,
10:49:21,66.72,200,
10:49:21,66.72,100,
10:49:21,66.72,800,
10:49:21,66.72,800,
10:49:21,66.72,100,
10:49:21,66.72,500,
10:49:22,66.72,200,
10:49:22,66.72,300,
10:49:22,66.72,800,
10:49:22,66.72,100,
10:49:22,66.72,500,
10:49:22,66.72,200,
10:49:23,66.72,800,
10:49:23,66.72,600,
10:49:23,66.72,200,
10:49:23,66.72,200,
10:49:23,66.72,600,
10:49:23,66.72,200,
10:49:23,66.72,100,
10:49:23,66.72,400,
10:49:23,66.72,100,
10:49:24,66.72,800,
10:49:24,66.72,800,
10:49:24,66.72,200,
10:49:24,66.72,200,
10:49:24,66.72,100,
10:49:26,66.72,700,
10:49:26,66.72,200,
10:49:26,66.72,2100,
10:49:26,66.72,600,
10:49:26,66.72,800,
10:49:26,66.72,100,
10:49:26,66.72,450,
10:49:26,66.72,100,
10:49:26,66.72,2100,
10:49:26,66.72,200,
10:49:27,66.72,100,
10:49:27,66.72,450,
10:49:27,66.72,100,
10:49:27,66.72,800,
10:49:27,66.72,2100,
10:49:27,66.72,9100,
10:49:27,66.72,1400,
10:49:27,66.72,600,
10:49:27,66.72,200,
10:49:27,66.72,200,
10:49:28,66.72,100,
10:49:29,66.72,300,
10:49:29,66.72,500,
10:49:29,66.72,200,
10:49:29,66.72,1400,
10:49:29,66.72,200,
10:49:31,66.71,2400,
10:49:31,66.71,415,
10:49:31,66.71,500,
10:49:34,66.71,100,
10:49:35,66.71,100,
10:49:35,66.71,100,
10:49:35,66.71,100,
10:49:35,66.72,200,
10:49:35,66.715,100,
10:49:35,66.715,100,
10:49:35,66.715,100,
10:49:37,66.72,500,
10:49:37,66.72,500,
10:49:37,66.72,100,
10:49:37,66.72,100,
10:49:37,66.72,500,
10:49:37,66.72,400,
10:49:37,66.72,500,
10:49:37,66.72,500,
10:49:41,66.73,100,
10:49:41,66.73,500,
10:49:41,66.73,230,
10:49:41,66.73,100,
10:49:41,66.73,200,
10:49:41,66.73,200,
10:49:41,66.73,100,
10:49:41,66.73,100,
10:49:41,66.73,200,
10:49:42,66.7399,500,
10:49:43,66.73,400,
10:49:43,66.72,100,
10:49:45,66.72,100,
10:49:47,66.72,100,
10:49:50,66.71,100,
10:49:51,66.71,700,
10:49:51,66.71,100,
10:49:59,66.71,500,
10:49:59,66.71,500,
10:49:59,66.71,200,
10:49:59,66.71,100,
10:49:59,66.70,100,
10:49:59,66.71,200,
10:49:59,66.7001,400,
10:49:59,66.7001,200,
10:50:00,66.701,500,
10:50:02,66.7001,300,
10:50:02,66.7001,300,
10:50:04,66.71,465,
10:50:04,66.71,200,
10:50:04,66.71,1300,
10:50:04,66.71,200,
10:50:10,66.72,100,
10:50:12,66.718,500,
10:50:20,66.72,200,
10:50:28,66.71,1200,
10:50:32,66.70,373,
10:50:37,66.705,162,
10:50:49,66.71,400,
10:50:54,66.70,900,
10:50:54,66.70,300,
10:51:10,66.71,1200,
10:51:12,66.70,300,
10:51:12,66.70,1800,
10:51:12,66.70,500,
10:51:12,66.70,500,
10:51:12,66.70,500,
10:51:12,66.70,200,
10:51:12,66.705,100,
10:51:14,66.69,500,
10:51:14,66.69,100,
10:51:14,66.69,100,
10:51:14,66.69,500,
10:51:15,66.68,1500,
10:51:15,66.68,100,
10:51:15,66.68,400,
10:51:15,66.68,400,
10:51:15,66.68,500,
10:51:15,66.68,500,
10:51:15,66.68,300,
10:51:15,66.68,200,
10:51:15,66.68,200,
10:51:15,66.68,500,
10:51:15,66.68,500,
10:51:15,66.68,100,
10:51:15,66.68,200,
10:51:15,66.68,800,
10:51:15,66.68,100,
10:51:15,66.68,800,
10:51:16,66.68,100,
10:51:16,66.67,775,
10:51:16,66.67,100,
10:51:16,66.67,500,
10:51:18,66.6699,3300,
10:51:19,66.66,600,
10:51:19,66.66,500,
10:51:19,66.66,500,
10:51:19,66.66,500,
10:51:19,66.66,500,
10:51:19,66.66,500,
10:51:19,66.66,500,
10:51:19,66.66,500,
10:51:19,66.66,100,
10:51:20,66.66,600,
10:51:21,66.6532,307,
10:51:22,66.65,400,
10:51:23,66.65,500,
10:51:23,66.64,100,
10:51:23,66.64,6000,
10:51:23,66.64,1700,
10:51:23,66.64,175,
10:51:23,66.64,400,
10:51:23,66.64,500,
10:51:23,66.64,100,
10:51:23,66.64,500,
10:51:23,66.64,400,
10:51:23,66.64,500,
10:51:23,66.64,500,
10:51:23,66.64,500,
10:51:23,66.64,100,
10:51:23,66.64,100,
10:51:23,66.64,200,
10:51:23,66.64,500,
10:51:23,66.64,100,
10:51:24,66.64,100,
10:51:24,66.639,400,
10:51:24,66.639,300,
10:51:24,66.64,100,
10:51:24,66.64,1000,
10:51:26,66.6499,200,
10:51:26,66.65,100,
10:51:26,66.65,400,
10:51:26,66.65,100,
10:51:26,66.65,400,
10:51:26,66.65,100,
10:51:27,66.65,100,
10:51:28,66.66,100,
10:51:28,66.66,300,
10:51:28,66.66,400,
10:51:28,66.67,500,
10:51:28,66.67,100,
10:51:28,66.67,300,
10:51:28,66.67,100,
10:51:30,66.67,200,
10:51:30,66.67,200,
10:51:30,66.67,100,
10:51:31,66.67,100,
10:51:32,66.66,100,
10:51:33,66.66,200,
10:51:36,66.6699,100,
10:51:37,66.66,100,
10:51:37,66.66,100,
10:51:42,66.67,200,
10:51:42,66.67,700,
10:51:42,66.67,100,
10:51:42,66.67,200,
10:51:42,66.67,100,
10:51:43,66.68,500,
10:51:43,66.68,100,
10:51:43,66.68,400,
10:51:43,66.68,200,
10:51:43,66.68,100,
10:51:43,66.68,100,
10:51:43,66.68,100,
10:51:43,66.68,200,
10:51:43,66.68,700,
10:51:43,66.68,100,
10:51:44,66.68,100,
10:51:46,66.68,200,
10:51:48,66.685,100,
10:51:55,66.68,100,
10:52:11,66.68,200,
10:52:11,66.68,1500,
10:52:18,66.69,500,
10:52:18,66.69,500,
10:52:18,66.69,500,
10:52:18,66.69,500,
10:52:18,66.69,500,
10:52:18,66.69,1500,
10:52:18,66.69,1800,
10:52:18,66.69,465,
10:52:27,66.70,200,
10:52:27,66.70,500,
10:52:27,66.70,200,
10:52:27,66.71,400,
10:52:27,66.71,100,
10:52:28,66.71,400,
10:52:28,66.71,500,
10:52:29,66.71,400,
10:52:29,66.71,500,
10:52:29,66.71,300,
10:52:29,66.71,200,
10:52:29,66.71,500,
10:52:29,66.71,500,
10:52:29,66.71,500,
10:52:30,66.71,100,
10:52:30,66.71,134,
10:52:30,66.71,100,
10:52:32,66.71,1400,
10:52:40,66.70,500,
10:52:40,66.70,700,
10:52:50,66.69,600,
10:52:56,66.695,209,
10:52:58,66.70,100,
10:53:03,66.70,200,
10:53:05,66.69,216,
10:53:05,66.69,100,
10:53:07,66.69,200,
10:53:07,66.69,500,
10:53:07,66.69,500,
10:53:07,66.69,500,
10:53:07,66.69,500,
10:53:07,66.69,284,
10:53:07,66.69,1300,
10:53:07,66.68,700,
10:53:07,66.68,500,
10:53:07,66.68,500,
10:53:07,66.68,3000,
10:53:07,66.68,100,
10:53:08,66.675,149,
10:53:10,66.68,400,
10:53:16,66.68,100,
10:53:16,66.68,100,
10:53:18,66.68,100,
10:53:19,66.68,100,
10:53:38,66.6805,150,
10:53:38,66.69,1400,
10:53:38,66.69,500,
10:53:38,66.69,500,
10:53:39,66.70,293,
10:53:39,66.70,193,
10:53:39,66.70,500,
10:53:39,66.70,100,
10:53:39,66.70,293,
10:53:39,66.70,393,
10:53:39,66.70,500,
10:53:39,66.70,300,
10:53:39,66.70,500,
10:53:39,66.70,407,
10:53:40,66.70,100,
10:54:00,66.70,1500,
10:54:03,66.70,100,
10:54:14,66.69,100,
10:54:14,66.69,300,
10:54:14,66.69,400,
10:54:14,66.69,500,
10:54:14,66.69,200,
10:54:14,66.69,500,
10:54:14,66.69,500,
10:54:16,66.69,100,
10:54:16,66.69,100,
10:54:21,66.69,200,
10:54:29,66.69,700,
10:54:34,66.69,100,
10:54:34,66.69,100,
10:54:34,66.69,100,
10:54:43,66.68,100,
10:54:43,66.68,500,
10:54:43,66.68,500,
10:54:43,66.68,500,
10:54:43,66.68,500,
10:54:43,66.68,500,
10:54:43,66.68,500,
10:54:43,66.68,600,
10:54:47,66.67,600,
10:54:47,66.67,500,
10:54:47,66.67,500,
10:54:49,66.66,800,
10:54:50,66.66,900,
10:54:50,66.66,410,
10:54:50,66.66,300,
10:54:50,66.66,500,
10:54:50,66.66,500,
10:54:50,66.66,500,
10:54:50,66.66,500,
10:54:50,66.66,500,
10:54:50,66.66,500,
10:54:50,66.66,200,
10:54:50,66.66,100,
10:54:50,66.66,300,
10:54:57,66.66,100,
10:54:58,66.66,100,
10:54:58,66.65,100,
10:54:58,66.65,600,
10:55:08,66.66,800,
10:55:08,66.66,400,
10:55:08,66.66,200,
10:55:10,66.6625,100,
10:55:22,66.66,100,
10:55:22,66.66,500,
10:55:22,66.66,100,
10:55:22,66.66,300,
10:55:23,66.66,100,
10:55:23,66.66,100,
10:55:27,66.66,200,
10:55:27,66.66,500,
10:55:29,66.66,100,
10:55:29,66.66,200,
10:55:31,66.66,100,
10:55:32,66.6699,300,
10:55:36,66.66,100,
10:55:38,66.6667,174,
10:55:41,66.66,100,
10:55:52,66.66,500,
10:55:52,66.66,500,
10:55:52,66.66,300,
10:55:54,66.66,500,
10:55:56,66.65,100,
10:55:58,66.66,600,
10:55:58,66.66,100,
10:56:03,66.66,100,
10:56:15,66.66,600,
10:56:15,66.66,100,
10:56:19,66.66,100,
10:56:30,66.66,100,
10:56:51,66.659,300,
10:57:09,66.66,300,
10:57:09,66.66,100,
10:57:09,66.66,100,
10:57:09,66.66,300,
10:57:09,66.66,200,
10:57:51,66.66,900,
10:57:51,66.66,100,
10:57:51,66.66,100,
10:57:54,66.67,500,
10:57:54,66.67,500,
10:57:54,66.67,1060,
10:57:54,66.67,200,
10:57:54,66.67,2445,
10:57:54,66.67,1395,
10:57:54,66.67,200,
10:57:55,66.67,100,
10:58:06,66.66,500,
10:58:06,66.66,500,
10:58:06,66.66,500,
10:58:06,66.66,200,
10:58:06,66.66,500,
10:58:06,66.66,500,
10:58:06,66.66,100,
10:58:10,66.652,357,
10:58:11,66.65,143,
10:58:14,66.65,100,
10:58:15,66.65,200,
10:58:15,66.65,3900,
10:58:15,66.65,3000,
10:58:15,66.65,300,
10:58:15,66.65,400,
10:58:15,66.65,800,
10:58:15,66.65,800,
10:58:15,66.65,500,
10:58:15,66.65,200,
10:58:15,66.65,700,
10:58:15,66.65,800,
10:58:15,66.65,286,
10:58:15,66.65,300,
10:58:15,66.65,500,
10:58:15,66.65,500,
10:58:15,66.65,800,
10:58:15,66.65,300,
10:58:15,66.65,2400,
10:58:15,66.65,500,
10:58:15,66.65,4200,
10:58:15,66.65,100,
10:58:15,66.65,1400,
10:58:15,66.64,1800,
10:58:15,66.64,200,
10:58:15,66.64,100,
10:58:15,66.64,500,
10:58:15,66.64,500,
10:58:15,66.64,500,
10:58:15,66.64,500,
10:58:15,66.64,500,
10:58:15,66.64,100,
10:58:15,66.64,100,
10:58:15,66.64,500,
10:58:15,66.64,300,
10:58:15,66.64,400,
10:58:15,66.64,100,
10:58:15,66.64,100,
10:58:15,66.64,100,
10:58:15,66.63,100,
10:58:15,66.63,100,
10:58:15,66.63,200,
10:58:16,66.64,300,
10:58:19,66.6325,200,
10:58:22,66.63,845,
10:58:22,66.63,500,
10:58:22,66.63,100,
10:58:24,66.62,525,
10:58:26,66.62,100,
10:58:29,66.62,1600,
10:58:32,66.62,390,
10:58:32,66.62,500,
10:58:32,66.62,1650,
10:58:32,66.62,110,
10:58:33,66.625,100,
10:58:35,66.62,100,
10:58:44,66.628,300,
10:58:45,66.63,300,
10:58:45,66.63,600,
10:58:45,66.63,100,
10:58:45,66.625,100,
10:58:45,66.63,100,
10:58:45,66.625,100,
10:58:45,66.63,1300,
10:58:45,66.63,100,
10:58:45,66.63,100,
10:58:45,66.63,600,
10:58:45,66.625,100,
10:58:45,66.63,500,
10:58:46,66.64,100,
10:58:55,66.63,100,
10:58:59,66.64,100,
10:58:59,66.64,200,
10:58:59,66.64,100,
10:59:02,66.64,600,
10:59:02,66.64,500,
10:59:02,66.64,600,
10:59:02,66.64,100,
10:59:02,66.64,2100,
10:59:03,66.64,11500,
10:59:04,66.64,100,
10:59:04,66.64,100,
10:59:13,66.64,11500,
10:59:14,66.64,800,
10:59:21,66.64,385,
10:59:21,66.64,700,
10:59:23,66.63,11600,
10:59:24,66.64,100,
10:59:28,66.64,100,
10:59:29,66.64,500,
10:59:29,66.64,200,
10:59:31,66.64,100,
10:59:33,66.63,11500,
10:59:36,66.64,100,
10:59:40,66.635,200,
10:59:42,66.63,200,
10:59:44,66.63,4000,
10:59:45,66.64,100,
10:59:47,66.6399,300,
10:59:54,66.63,300,
10:59:54,66.63,500,
10:59:54,66.63,1800,
10:59:54,66.63,100,
10:59:54,66.63,289,
10:59:54,66.63,500,
10:59:54,66.63,500,
10:59:54,66.63,500,
10:59:54,66.63,500,
10:59:54,66.63,500,
10:59:55,66.64,139,
11:00:01,66.63,200,
11:00:01,66.63,700,
11:00:01,66.63,100,
11:00:01,66.63,200,
11:00:03,66.622,1500,
11:00:13,66.62,11500,
11:00:22,66.6295,1600,
11:00:23,66.62,11600,
11:00:26,66.63,200,
11:00:26,66.63,100,
11:00:26,66.63,300,
11:00:26,66.63,200,
11:00:26,66.63,200,
11:00:26,66.63,4400,
11:00:26,66.63,4100,
11:00:26,66.63,1100,
11:00:26,66.63,100,
11:00:26,66.63,200,
11:00:26,66.64,200,
11:00:26,66.64,100,
11:00:26,66.64,100,
11:00:27,66.64,100,
11:00:27,66.64,300,
11:00:27,66.64,100,
11:00:30,66.6495,100,
11:00:34,66.6447,700,
11:00:38,66.65,100,
11:00:38,66.65,600,
11:00:38,66.65,100,
11:00:38,66.645,100,
11:00:38,66.65,500,
11:00:38,66.65,500,
11:00:38,66.65,500,
11:00:38,66.65,500,
11:00:38,66.65,1000,
11:00:38,66.65,287,
11:00:38,66.645,100,
11:00:39,66.65,100,
11:00:39,66.64,500,
11:00:39,66.64,200,
11:00:39,66.64,100,
11:00:39,66.64,350,
11:00:39,66.64,250,
11:00:39,66.64,150,
11:00:39,66.64,2400,
11:00:39,66.64,500,
11:00:39,66.64,150,
11:00:39,66.64,250,
11:00:39,66.64,500,
11:00:39,66.64,450,
11:00:41,66.64,100,
11:00:41,66.65,300,
11:00:41,66.645,100,
11:00:43,66.64,100,
11:00:48,66.64,1000,
11:00:56,66.63,100,
11:00:56,66.63,200,
11:00:56,66.63,200,
11:00:56,66.63,500,
11:00:56,66.63,600,
11:00:56,66.63,200,
11:00:56,66.63,100,
11:00:56,66.63,500,
11:00:56,66.63,500,
11:00:56,66.63,100,
11:00:56,66.63,500,
11:00:56,66.63,500,
11:00:56,66.63,400,
11:01:02,66.625,100,
11:01:03,66.63,100,
11:01:03,66.625,100,
11:01:03,66.62,11500,
11:01:04,66.63,100,
11:01:13,66.63,400,
11:01:13,66.625,100,
11:01:13,66.63,100,
11:01:13,66.63,11500,
11:01:17,66.635,100,
11:01:23,66.62,11600,
11:01:29,66.63,100,
11:01:29,66.63,100,
11:01:34,66.632,120,
11:01:52,66.63,500,
11:01:52,66.63,600,
11:01:52,66.63,1700,
11:01:52,66.63,400,
11:01:59,66.62,200,
11:02:02,66.62,300,
11:02:04,66.62,11500,
11:02:06,66.62,4000,
11:02:08,66.62,500,
11:02:08,66.62,500,
11:02:08,66.62,500,
11:02:08,66.62,500,
11:02:08,66.62,500,
11:02:08,66.62,500,
11:02:10,66.61,300,
11:02:10,66.61,100,
11:02:10,66.61,130,
11:02:10,66.61,270,
11:02:10,66.61,500,
11:02:10,66.62,34800,
11:02:10,66.60,150,
11:02:15,66.61,900,
11:02:15,66.605,100,
11:02:16,66.61,300,
11:02:17,66.601,9000,
11:02:17,66.605,100,
11:02:17,66.605,100,
11:02:17,66.61,300,
11:02:18,66.60,4000,
11:02:18,66.60,1400,
11:02:18,66.60,100,
11:02:18,66.60,200,
11:02:18,66.60,500,
11:02:18,66.60,500,
11:02:18,66.60,500,
11:02:18,66.60,500,
11:02:18,66.60,500,
11:02:18,66.60,500,
11:02:18,66.60,500,
11:02:18,66.59,500,
11:02:18,66.59,100,
11:02:18,66.59,500,
11:02:18,66.59,400,
11:02:20,66.59,500,
11:02:20,66.58,500,
11:02:20,66.58,500,
11:02:20,66.58,100,
11:02:20,66.57,1900,
11:02:20,66.57,1400,
11:02:20,66.57,500,
11:02:20,66.57,500,
11:02:20,66.57,500,
11:02:20,66.57,500,
11:02:20,66.57,500,
11:02:20,66.57,700,
11:02:20,66.57,500,
11:02:20,66.57,100,
11:02:20,66.58,100,
11:02:21,66.56,700,
11:02:21,66.57,1000,
11:02:21,66.56,200,
11:02:22,66.565,100,
11:02:22,66.57,600,
11:02:22,66.57,100,
11:02:23,66.57,100,
11:02:23,66.57,100,
11:02:23,66.58,1400,
11:02:23,66.58,500,
11:02:23,66.58,2000,
11:02:24,66.57,100,
11:02:24,66.56,300,
11:02:24,66.58,100,
11:02:28,66.565,100,
11:02:31,66.561,5000,
11:02:31,66.57,100,
11:02:35,66.5799,5000,
11:02:35,66.58,500,
11:02:35,66.58,100,
11:02:35,66.585,100,
11:02:38,66.59,200,
11:02:38,66.585,100,
11:02:41,66.58,100,
11:02:42,66.58,100,
11:02:42,66.58,500,
11:02:44,66.58,200,
11:02:49,66.58,200,
11:02:49,66.58,200,
11:02:49,66.58,100,
11:02:51,66.57,100,
11:02:53,66.57,100,
11:02:53,66.57,100,
11:02:53,66.57,500,
11:02:53,66.57,500,
11:02:53,66.57,472,
11:02:53,66.57,200,
11:02:53,66.57,500,
11:02:53,66.57,500,
11:02:53,66.56,500,
11:02:53,66.56,100,
11:02:54,66.56,800,
11:02:54,66.56,1100,
11:02:54,66.56,1600,
11:02:56,66.5595,500,
11:02:57,66.57,300,
11:03:02,66.568,300,
11:03:07,66.56,100,
11:03:07,66.56,700,
11:03:15,66.57,300,
11:03:17,66.56,1216,
11:03:17,66.565,200,
11:03:17,66.57,800,
11:03:17,66.57,100,
11:03:18,66.57,100,
11:03:18,66.58,100,
11:03:18,66.58,400,
11:03:18,66.575,100,
11:03:18,66.58,500,
11:03:18,66.58,500,
11:03:18,66.58,200,
11:03:18,66.58,300,
11:03:18,66.58,100,
11:03:18,66.58,100,
11:03:18,66.58,100,
11:03:18,66.58,700,
11:03:19,66.58,200,
11:03:19,66.58,300,
11:03:20,66.579,300,
11:03:31,66.57,200,
11:03:31,66.57,3600,
11:03:31,66.57,500,
11:03:31,66.57,500,
11:03:31,66.57,500,
11:03:31,66.57,500,
11:03:31,66.57,500,
11:03:31,66.57,500,
11:03:31,66.57,500,
11:03:31,66.57,500,
11:03:31,66.57,500,
11:03:31,66.57,100,
11:03:31,66.57,500,
11:03:31,66.57,500,
11:03:31,66.57,500,
11:03:31,66.57,500,
11:03:31,66.57,500,
11:03:31,66.57,500,
11:03:31,66.57,500,
11:03:31,66.57,900,
11:03:32,66.57,500,
11:03:32,66.57,100,
11:03:32,66.57,200,
11:03:32,66.57,100,
11:03:32,66.57,300,
11:03:32,66.57,100,
11:03:34,66.57,100,
11:03:34,66.571,100,
11:03:34,66.56,500,
11:03:35,66.571,100,
11:03:35,66.571,100,
11:03:35,66.56,2400,
11:03:35,66.571,200,
11:03:35,66.571,100,
11:03:35,66.57,100,
11:03:44,66.57,200,
11:03:46,66.58,100,
11:03:46,66.58,400,
11:03:46,66.58,200,
11:03:49,66.58,300,
11:04:00,66.57,2400,
11:04:02,66.57,500,
11:04:02,66.57,500,
11:04:02,66.57,200,
11:04:02,66.57,500,
11:04:03,66.57,1800,
11:04:15,66.57,500,
11:04:15,66.56,200,
11:04:15,66.57,500,
11:04:15,66.57,500,
11:04:15,66.57,500,
11:04:15,66.57,500,
11:04:15,66.57,500,
11:04:15,66.57,500,
11:04:15,66.57,500,
11:04:15,66.57,500,
11:04:15,66.57,500,
11:04:15,66.57,300,
11:04:15,66.57,500,
11:04:20,66.561,502,
11:04:20,66.56,100,
11:04:20,66.56,500,
11:04:20,66.56,500,
11:04:20,66.56,300,
11:04:21,66.55,187,
11:04:21,66.55,500,
11:04:21,66.55,387,
11:04:21,66.55,287,
11:04:21,66.55,225,
11:04:21,66.55,113,
11:04:21,66.55,500,
11:04:21,66.55,500,
11:04:21,66.55,500,
11:04:21,66.55,500,
11:04:21,66.55,500,
11:04:21,66.55,500,
11:04:21,66.55,500,
11:04:25,66.54,200,
11:04:26,66.54,500,
11:04:26,66.54,500,
11:04:26,66.54,300,
11:04:26,66.54,500,
11:04:26,66.54,500,
11:04:26,66.54,410,
11:04:26,66.54,225,
11:04:26,66.54,500,
11:04:26,66.54,500,
11:04:29,66.5301,2300,
11:04:30,66.53,700,
11:04:30,66.53,178,
11:04:31,66.54,200,
11:04:31,66.54,5700,
11:04:31,66.54,1000,
11:04:31,66.54,2050,
11:04:31,66.54,1000,
11:04:31,66.54,350,
11:04:31,66.54,100,
11:04:32,66.539,9000,
11:04:32,66.55,200,
11:04:32,66.55,500,
11:04:32,66.55,500,
11:04:32,66.55,800,
11:04:32,66.55,600,
11:04:33,66.54,400,
11:04:35,66.54,300,
11:04:35,66.54,300,
11:04:40,66.54,100,
11:04:40,66.54,750,
11:04:40,66.54,100,
11:04:41,66.56,200,
11:04:43,66.55,100,
11:04:46,66.55,100,
11:04:55,66.54,1700,
11:04:55,66.54,500,
11:04:55,66.54,500,
11:04:55,66.54,500,
11:04:55,66.54,500,
11:04:55,66.54,500,
11:04:55,66.54,4500,
11:04:55,66.54,500,
11:04:55,66.54,1700,
11:04:55,66.54,600,
11:04:55,66.54,100,
11:04:56,66.54,100,
11:04:57,66.54,4500,
11:04:57,66.54,800,
11:04:57,66.54,500,
11:04:57,66.54,1100,
11:04:57,66.54,500,
11:04:57,66.54,200,
11:04:57,66.54,1300,
11:04:57,66.54,100,
11:05:00,66.54,4500,
11:05:00,66.54,200,
11:05:00,66.54,800,
11:05:00,66.54,700,
11:05:00,66.54,100,
11:05:00,66.54,500,
11:05:00,66.54,800,
11:05:00,66.54,200,
11:05:03,66.54,200,
11:05:09,66.53,200,
11:05:13,66.54,100,
11:05:17,66.53,100,
11:05:19,66.54,100,
11:05:19,66.54,300,
11:05:19,66.54,600,
11:05:19,66.54,600,
11:05:19,66.54,700,
11:05:19,66.54,100,
11:05:19,66.54,200,
11:05:25,66.538,100,
11:05:28,66.54,100,
11:05:28,66.54,100,
11:05:29,66.54,100,
11:05:30,66.54,100,
11:05:34,66.54,100,
11:05:37,66.53,19100,
11:05:42,66.535,500,
11:05:53,66.53,500,
11:05:53,66.53,500,
11:05:53,66.53,500,
11:05:53,66.53,500,
11:05:53,66.53,200,
11:05:53,66.53,1700,
11:05:53,66.53,6000,
11:05:53,66.53,4500,
11:05:53,66.53,500,
11:05:53,66.53,500,
11:05:53,66.53,500,
11:05:53,66.53,500,
11:05:53,66.52,700,
11:05:56,66.53,900,
11:05:56,66.53,100,
11:05:56,66.53,700,
11:05:56,66.53,100,
11:05:56,66.525,100,
11:06:03,66.54,200,
11:06:03,66.54,500,
11:06:03,66.54,500,
11:06:03,66.54,100,
11:06:04,66.54,100,
11:06:04,66.54,600,
11:06:04,66.54,100,
11:06:09,66.53,100,
11:06:09,66.53,400,
11:06:09,66.53,100,
11:06:09,66.53,500,
11:06:09,66.53,500,
11:06:09,66.53,500,
11:06:09,66.53,500,
11:06:09,66.53,700,
11:06:09,66.53,200,
11:06:09,66.53,500,
11:06:09,66.53,100,
11:06:09,66.53,500,
11:06:09,66.53,100,
11:06:11,66.52,200,
11:06:11,66.52,500,
11:06:11,66.52,700,
11:06:11,66.52,500,
11:06:11,66.52,225,
11:06:11,66.52,175,
11:06:11,66.51,1400,
11:06:14,66.51,2300,
11:06:18,66.51,300,
11:06:19,66.51,170,
11:06:22,66.52,900,
11:06:22,66.52,600,
11:06:22,66.52,200,
11:06:22,66.53,100,
11:06:23,66.52,100,
11:06:23,66.52,2400,
11:06:23,66.52,100,
11:06:26,66.51,3700,
11:06:26,66.51,300,
11:06:28,66.52,2400,
11:06:28,66.52,100,
11:06:31,66.52,100,
11:06:35,66.512,278,
11:06:40,66.52,100,
11:06:41,66.52,100,
11:06:50,66.52,200,
11:06:50,66.52,800,
11:06:50,66.52,500,
11:06:50,66.52,500,
11:06:50,66.52,500,
11:06:50,66.52,500,
11:06:50,66.52,500,
11:06:50,66.52,1400,
11:06:53,66.52,2400,
11:06:54,66.52,100,
11:06:54,66.53,600,
11:06:54,66.53,300,
11:06:54,66.53,100,
11:06:59,66.53,500,
11:06:59,66.53,500,
11:06:59,66.53,200,
11:06:59,66.53,100,
11:06:59,66.528,100,
11:07:12,66.53,200,
11:07:20,66.53,700,
11:07:21,66.53,200,
11:07:27,66.53,200,
11:07:27,66.53,900,
11:07:29,66.53,200,
11:07:32,66.53,100,
11:07:32,66.53,100,
11:07:34,66.53,100,
11:07:38,66.53,100,
11:07:42,66.53,200,
11:07:47,66.5316,100,
11:07:54,66.538,753,
11:07:56,66.53,1400,
11:07:56,66.53,1000,
11:07:56,66.53,100,
11:07:59,66.52,200,
11:08:07,66.53,400,
11:08:08,66.52,200,
11:08:12,66.52,200,
11:08:17,66.53,200,
11:08:25,66.53,200,
11:08:26,66.53,1200,
11:08:26,66.53,800,
11:08:26,66.53,4000,
11:08:26,66.53,900,
11:08:26,66.53,600,
11:08:28,66.523,153,
11:08:29,66.52,200,
11:08:38,66.52,200,
11:08:40,66.52,100,
11:08:40,66.52,160,
11:08:40,66.52,500,
11:08:40,66.52,500,
11:08:40,66.52,500,
11:08:40,66.52,500,
11:08:40,66.52,500,
11:08:40,66.52,1700,
11:08:42,66.51,200,
11:08:48,66.5199,1300,
11:08:49,66.51,100,
11:08:49,66.512,500,
11:08:50,66.51,200,
11:08:50,66.51,200,
11:08:50,66.51,300,
11:08:50,66.51,1800,
11:08:50,66.51,130,
11:08:50,66.51,100,
11:08:50,66.51,500,
11:08:50,66.50,100,
11:08:50,66.50,11790,
11:08:53,66.50,500,
11:08:54,66.51,200,
11:08:55,66.51,200,
11:08:57,66.51,100,
11:08:57,66.51,100,
11:08:59,66.52,400,
11:08:59,66.52,800,
11:08:59,66.52,300,
11:08:59,66.52,1200,
11:08:59,66.52,200,
11:08:59,66.52,100,
11:08:59,66.52,100,
11:09:04,66.515,200,
11:09:13,66.51,200,
11:09:21,66.51,200,
11:09:26,66.52,100,
11:09:26,66.512,200,
11:09:28,66.53,310,
11:09:28,66.53,500,
11:09:28,66.53,500,
11:09:28,66.53,500,
11:09:28,66.53,500,
11:09:28,66.53,300,
11:09:28,66.53,100,
11:09:28,66.53,200,
11:09:30,66.53,100,
11:09:32,66.53,200,
11:09:39,66.52,200,
11:09:41,66.52,300,
11:09:42,66.53,100,
11:09:42,66.53,200,
11:09:46,66.53,100,
11:09:49,66.54,100,
11:09:49,66.5399,100,
11:09:49,66.5399,100,
11:09:49,66.54,100,
11:09:49,66.5399,100,
11:09:49,66.54,100,
11:09:49,66.5399,100,
11:09:49,66.5399,100,
11:09:49,66.5399,100,
11:09:49,66.54,100,
11:09:50,66.53,100,
11:09:50,66.53,100,
11:09:50,66.53,200,
11:09:55,66.53,100,
11:09:58,66.54,500,
11:09:58,66.54,500,
11:09:58,66.54,500,
11:09:58,66.54,500,
11:09:58,66.54,200,
11:09:58,66.54,300,
11:09:58,66.54,100,
11:09:58,66.54,500,
11:09:59,66.54,100,
11:10:01,66.5401,100,
11:10:02,66.54,100,
11:10:04,66.54,900,
11:10:11,66.54,800,
11:10:11,66.54,800,
11:10:12,66.54,300,
11:10:12,66.54,2600,
11:10:14,66.53,1000,
11:10:17,66.53,500,
11:10:17,66.53,189,
11:10:17,66.53,189,
11:10:17,66.53,500,
11:10:17,66.53,200,
11:10:17,66.52,200,
11:10:30,66.52,1143,
11:10:30,66.52,100,
11:10:30,66.52,100,
11:10:36,66.5295,500,
11:10:41,66.52,100,
11:10:41,66.52,100,
11:11:00,66.53,300,
11:11:04,66.53,300,
11:11:07,66.5287,1000,
11:11:10,66.52,200,
11:11:10,66.52,100,
11:11:14,66.52,100,
11:11:14,66.52,100,
11:11:14,66.52,100,
11:11:14,66.52,200,
11:11:14,66.52,200,
11:11:14,66.52,144,
11:11:14,66.52,500,
11:11:14,66.52,500,
11:11:14,66.52,500,
11:11:14,66.52,500,
11:11:14,66.52,357,
11:11:17,66.52,500,
11:11:17,66.52,356,
11:11:17,66.52,100,
11:11:17,66.52,700,
11:11:17,66.52,100,
11:11:18,66.5299,200,
11:11:29,66.53,200,
11:11:29,66.53,100,
11:11:29,66.525,100,
11:11:34,66.53,300,
11:11:40,66.5299,121,
11:11:42,66.52,500,
11:11:42,66.52,500,
11:11:42,66.52,400,
11:11:42,66.52,200,
11:11:42,66.52,300,
11:11:46,66.52,500,
11:11:46,66.53,200,
11:11:46,66.53,100,
11:11:54,66.52,100,
11:11:54,66.52,200,
11:11:54,66.52,1900,
11:11:54,66.52,100,
11:11:55,66.52,100,
11:12:01,66.5199,200,
11:12:06,66.52,300,
11:12:15,66.522,100,
11:12:23,66.53,300,
11:12:26,66.525,300,
11:12:30,66.53,1600,
11:12:30,66.53,500,
11:12:30,66.53,500,
11:12:30,66.53,500,
11:12:30,66.53,100,
11:12:30,66.53,500,
11:12:30,66.53,195,
11:12:30,66.53,500,
11:12:30,66.53,500,
11:12:33,66.5345,110,
11:12:40,66.54,100,
11:12:40,66.54,100,
11:12:41,66.54,500,
11:12:41,66.54,500,
11:12:41,66.55,100,
11:12:46,66.54,125,
11:12:48,66.54,1500,
11:12:48,66.54,200,
11:12:48,66.54,1800,
11:12:48,66.54,300,
11:12:49,66.54,100,
11:12:51,66.55,300,
11:12:51,66.55,800,
11:12:51,66.55,500,
11:12:51,66.55,500,
11:12:51,66.55,500,
11:12:51,66.55,500,
11:12:51,66.55,500,
11:12:51,66.55,500,
11:12:51,66.55,500,
11:12:51,66.55,600,
11:12:51,66.55,100,
11:12:52,66.5499,200,
11:13:03,66.55,800,
11:13:03,66.55,600,
11:13:03,66.55,200,
11:13:05,66.55,500,
11:13:05,66.55,800,
11:13:05,66.55,600,
11:13:05,66.55,500,
11:13:05,66.55,400,
11:13:07,66.55,600,
11:13:07,66.55,800,
11:13:07,66.55,300,
11:13:07,66.55,100,
11:13:07,66.55,100,
11:13:07,66.55,500,
11:13:07,66.55,200,
11:13:08,66.55,600,
11:13:10,66.55,200,
11:13:10,66.55,200,
11:13:10,66.55,200,
11:13:10,66.55,700,
11:13:10,66.55,100,
11:13:10,66.55,500,
11:13:10,66.55,200,
11:13:11,66.55,200,
11:13:11,66.55,200,
11:13:11,66.55,800,
11:13:11,66.55,100,
11:13:11,66.55,1100,
11:13:11,66.55,400,
11:13:11,66.55,200,
11:13:24,66.55,100,
11:13:25,66.55,200,
11:13:29,66.55,600,
11:13:29,66.55,100,
11:13:29,66.55,300,
11:13:29,66.55,100,
11:13:29,66.55,200,
11:13:30,66.55,100,
11:13:32,66.55,400,
11:13:32,66.55,200,
11:13:32,66.55,9100,
11:13:32,66.55,800,
11:13:32,66.55,200,
11:13:32,66.55,700,
11:13:32,66.55,200,
11:13:32,66.55,100,
11:13:32,66.55,700,
11:13:32,66.55,500,
11:13:32,66.55,200,
11:13:35,66.55,200,
11:13:35,66.55,200,
11:13:35,66.55,100,
11:13:35,66.55,100,
11:13:35,66.55,500,
11:13:37,66.55,100,
11:13:37,66.55,200,
11:13:37,66.55,100,
11:13:37,66.55,500,
11:13:37,66.55,100,
11:13:37,66.545,100,
11:13:38,66.55,100,
11:13:38,66.55,1300,
11:13:38,66.55,100,
11:13:38,66.55,200,
11:13:38,66.55,200,
11:13:38,66.55,200,
11:13:38,66.55,100,
11:13:38,66.55,1000,
11:13:38,66.55,200,
11:13:39,66.55,100,
11:13:39,66.55,100,
11:13:47,66.542,273,
11:13:51,66.55,100,
11:13:53,66.54,1700,
11:13:53,66.54,4000,
11:13:54,66.55,100,
11:13:57,66.543,100,
11:14:04,66.55,500,
11:14:09,66.55,100,
11:14:11,66.5599,100,
11:14:11,66.56,500,
11:14:11,66.56,500,
11:14:11,66.56,500,
11:14:11,66.56,500,
11:14:11,66.56,500,
11:14:11,66.56,500,
11:14:11,66.56,500,
11:14:11,66.56,200,
11:14:11,66.5699,4100,
11:14:17,66.56,100,
11:14:17,66.56,100,
11:14:18,66.5599,900,
11:14:45,66.562,100,
11:14:46,66.565,100,
11:14:46,66.565,100,
11:14:49,66.57,9100,
11:14:49,66.57,300,
