09:30:00,67.19,2000,
09:30:00,67.18,308,
09:30:00,67.18,500,
09:30:00,67.18,184014,
09:30:00,67.18,200,
09:30:00,67.18,4000,
09:30:00,67.18,800,
09:30:00,67.18,400,
09:30:00,67.18,500,
09:30:00,67.18,200,
09:30:00,67.18,200,
09:30:00,67.18,400,
09:30:00,67.18,100,
09:30:00,67.18,2000,
09:30:00,67.18,200,
09:30:00,67.18,816,
09:30:01,67.19,400,
09:30:01,67.18,100,
09:30:01,67.18,400,
09:30:01,67.18,19255,
09:30:01,67.18,2000,
09:30:01,67.18,100,
09:30:01,67.18,10000,
09:30:01,67.18,3000,
09:30:01,67.18,2511,
09:30:01,67.18,300,
09:30:01,67.18,300,
09:30:01,67.18,240,
09:30:01,67.18,200,
09:30:01,67.18,350,
09:30:01,67.18,150,
09:30:01,67.18,140,
09:30:01,67.18,100,
09:30:01,67.18,2200,
09:30:01,67.18,200,
09:30:01,67.18,100,
09:30:01,67.18,1950,
09:30:01,67.18,1300,
09:30:01,67.18,100,
09:30:01,67.18,153,
09:30:01,67.18,120,
09:30:01,67.18,39900,
09:30:01,67.18,750,
09:30:01,67.18,100,
09:30:01,67.18,730,
09:30:01,67.18,198,
09:30:01,67.18,223,
09:30:01,67.18,743,
09:30:01,67.18,743,
09:30:01,67.18,200,
09:30:01,67.18,750,
09:30:01,67.18,300,
09:30:01,67.18,148,
09:30:01,67.18,194,
09:30:01,67.18,757,
09:30:01,67.18,350,
09:30:01,67.18,100,
09:30:01,67.18,170,
09:30:01,67.18,100,
09:30:01,67.18,146,
09:30:01,67.18,200,
09:30:01,67.18,100,
09:30:01,67.18,100,
09:30:01,67.18,596,
09:30:01,67.18,500,
09:30:01,67.18,100,
09:30:01,67.18,850,
09:30:01,67.18,165,
09:30:01,67.18,100,
09:30:01,67.18,1500,
09:30:01,67.18,240,
09:30:01,67.18,215,
09:30:01,67.18,7000,
09:30:01,67.18,800,
09:30:01,67.18,325,
09:30:01,67.18,450,
09:30:01,67.18,1365,
09:30:01,67.18,100,
09:30:01,67.18,8877,
09:30:01,67.18,120,
09:30:01,67.18,7400,
09:30:01,67.18,100,
09:30:01,67.18,100,
09:30:01,67.18,100,
09:30:01,67.18,101,
09:30:01,67.18,610,
09:30:01,67.18,310,
09:30:01,67.18,3890,
09:30:01,67.18,250,
09:30:01,67.18,300,
09:30:01,67.18,100,
09:30:01,67.18,500,
09:30:01,67.18,101,
09:30:01,67.18,9000,
09:30:01,67.18,400,
09:30:01,67.18,100,
09:30:01,67.18,500,
09:30:01,67.18,210,
09:30:01,67.18,466,
09:30:01,67.18,500,
09:30:01,67.18,179,
09:30:01,67.18,3000,
09:30:01,67.18,100,
09:30:01,67.18,895,
09:30:01,67.18,500,
09:30:01,67.18,150,
09:30:01,67.18,100,
09:30:01,67.18,1300,
09:30:01,67.18,1000,
09:30:01,67.18,600,
09:30:01,67.18,294,
09:30:01,67.18,1014,
09:30:01,67.18,2400,
09:30:01,67.18,300,
09:30:01,67.18,700,
09:30:01,67.18,150,
09:30:01,67.18,1000,
09:30:01,67.18,450,
09:30:01,67.18,115,
09:30:01,67.18,210,
09:30:01,67.18,350,
09:30:01,67.18,310,
09:30:01,67.18,900,
09:30:01,67.18,260,
09:30:01,67.18,769,
09:30:01,67.18,800,
09:30:01,67.18,5000,
09:30:01,67.18,160,
09:30:02,67.19,100,
09:30:02,67.19,400,
09:30:02,67.19,800,
09:30:02,67.19,100,
09:30:02,67.19,200,
09:30:02,67.19,100,
09:30:02,67.19,500,
09:30:02,67.19,1392,
09:30:02,67.19,161,
09:30:02,67.18,100,
09:30:02,67.19,1000,
09:30:02,67.19,800,
09:30:02,67.19,100,
09:30:02,67.19,100,
09:30:03,67.18,100,
09:30:03,67.18,100,
09:30:03,67.18,400,
09:30:03,67.18,2100,
09:30:03,67.18,100,
09:30:03,67.18,500,
09:30:03,67.18,1750,
09:30:03,67.18,400,
09:30:03,67.18,800,
09:30:03,67.18,400,
09:30:03,67.18,800,
09:30:03,67.19,2150,
09:30:03,67.19,1000,
09:30:03,67.19,750,
09:30:03,67.19,2400,
09:30:03,67.19,100,
09:30:03,67.19,200,
09:30:03,67.19,400,
09:30:03,67.19,1600,
09:30:03,67.19,400,
09:30:03,67.19,815,
09:30:03,67.19,200,
09:30:03,67.19,1000,
09:30:03,67.19,100,
09:30:03,67.20,400,
09:30:03,67.19,1054,
09:30:03,67.19,400,
09:30:03,67.19,200,
09:30:03,67.19,1254,
09:30:03,67.20,200,
09:30:03,67.20,100,
09:30:03,67.20,200,
09:30:03,67.18,200,
09:30:04,67.19,2000,
09:30:04,67.19,400,
09:30:04,67.19,100,
09:30:04,67.20,1625,
09:30:04,67.20,400,
09:30:05,67.20,400,
09:30:05,67.20,242,
09:30:05,67.20,100,
09:30:05,67.20,367,
09:30:06,67.21,100,
09:30:06,67.21,100,
09:30:06,67.21,400,
09:30:06,67.21,100,
09:30:06,67.21,900,
09:30:06,67.21,300,
09:30:06,67.21,1500,
09:30:07,67.21,2000,
09:30:07,67.21,500,
09:30:07,67.21,3700,
09:30:07,67.21,1500,
09:30:07,67.21,1000,
09:30:07,67.21,200,
09:30:07,67.21,300,
09:30:07,67.21,100,
09:30:10,67.20,100,
09:30:10,67.20,200,
09:30:10,67.20,100,
09:30:10,67.20,100,
09:30:10,67.20,100,
09:30:10,67.20,100,
09:30:10,67.20,200,
09:30:10,67.175,100,
09:30:10,67.20,100,
09:30:13,67.20,100,
09:30:14,67.2001,200,
09:30:15,67.20,320,
09:30:16,67.19,100,
09:30:16,67.19,100,
09:30:16,67.19,100,
09:30:16,67.19,600,
09:30:16,67.20,113,
09:30:16,67.19,100,
09:30:16,67.19,500,
09:30:16,67.19,100,
09:30:16,67.20,1000,
09:30:16,67.20,400,
09:30:16,67.20,100,
09:30:16,67.20,100,
09:30:16,67.20,100,
09:30:17,67.20,100,
09:30:17,67.20,100,
09:30:17,67.20,100,
09:30:18,67.20,100,
09:30:19,67.20,100,
09:30:19,67.20,100,
09:30:20,67.20,100,
09:30:20,67.20,435,
09:30:21,67.19,100,
09:30:24,67.20,2000,
09:30:24,67.20,700,
09:30:24,67.20,100,
09:30:24,67.20,300,
09:30:25,67.20,1600,
09:30:25,67.20,600,
09:30:25,67.20,400,
09:30:25,67.20,500,
09:30:25,67.20,400,
09:30:25,67.20,800,
09:30:26,67.20,700,
09:30:33,67.21,800,
09:30:33,67.21,2000,
09:30:33,67.21,400,
09:30:33,67.21,1000,
09:30:33,67.21,500,
09:30:33,67.21,100,
09:30:33,67.21,100,
09:30:33,67.21,700,
09:30:33,67.21,100,
09:30:34,67.20,900,
09:30:34,67.20,100,
09:30:34,67.20,100,
09:30:35,67.2014,1400,
09:30:36,67.20,700,
09:30:36,67.20,100,
09:30:36,67.20,100,
09:30:37,67.20,100,
09:30:38,67.20,100,
09:30:38,67.20,100,
09:30:40,67.20,200,
09:30:40,67.20,100,
09:30:40,67.20,100,
09:30:41,67.20,693,
09:30:43,67.2001,100,
09:30:43,67.2001,100,
09:30:43,67.19,5500,
09:30:44,67.19,100,
09:30:45,67.20,500,
09:30:45,67.20,100,
09:30:45,67.20,500,
09:30:45,67.20,100,
09:30:45,67.20,100,
09:30:46,67.205,150,
09:30:46,67.20,100,
09:30:47,67.20,100,
09:30:47,67.20,2300,
09:30:47,67.20,100,
09:30:47,67.1923,540,
09:30:49,67.21,800,
09:30:49,67.21,100,
09:30:49,67.21,100,
09:30:49,67.21,800,
09:30:50,67.22,400,
09:30:50,67.22,100,
09:30:50,67.22,400,
09:30:50,67.22,500,
09:30:50,67.22,500,
09:30:51,67.2262,500,
09:30:51,67.22,300,
09:30:51,67.22,100,
09:30:54,67.23,100,
09:30:54,67.23,100,
09:30:56,67.24,2215,
09:30:56,67.24,100,
09:30:56,67.24,185,
09:30:56,67.24,800,
09:30:56,67.24,1085,
09:30:56,67.24,100,
09:30:56,67.24,100,
09:30:58,67.24,100,
09:30:58,67.24,100,
09:30:58,67.24,100,
09:30:58,67.23,100,
09:30:58,67.23,100,
09:31:03,67.24,150,
09:31:03,67.23,100,
09:31:03,67.23,700,
09:31:03,67.23,300,
09:31:04,67.23,100,
09:31:04,67.22,400,
09:31:05,67.23,100,
09:31:05,67.23,100,
09:31:07,67.23,400,
09:31:07,67.23,100,
09:31:07,67.23,100,
09:31:07,67.23,100,
09:31:07,67.23,100,
09:31:07,67.23,100,
09:31:07,67.23,100,
09:31:07,67.23,100,
09:31:11,67.22,300,
09:31:11,67.22,800,
09:31:11,67.22,1400,
09:31:11,67.22,200,
09:31:11,67.22,500,
09:31:11,67.22,200,
09:31:11,67.22,2200,
09:31:11,67.22,900,
09:31:12,67.22,100,
09:31:12,67.22,100,
09:31:14,67.20,100,
09:31:14,67.195,100,
09:31:14,67.20,100,
09:31:14,67.20,400,
09:31:14,67.20,100,
09:31:15,67.19,175,
09:31:16,67.20,100,
09:31:16,67.20,100,
09:31:16,67.20,100,
09:31:17,67.21,2400,
09:31:17,67.21,500,
09:31:17,67.21,500,
09:31:17,67.21,1500,
09:31:17,67.21,400,
09:31:17,67.21,100,
09:31:17,67.21,100,
09:31:17,67.21,100,
09:31:17,67.21,500,
09:31:17,67.205,100,
09:31:17,67.21,200,
09:31:17,67.21,100,
09:31:17,67.21,100,
09:31:17,67.21,100,
09:31:17,67.21,400,
09:31:17,67.21,300,
09:31:17,67.22,100,
09:31:17,67.21,100,
09:31:18,67.21,2000,
09:31:18,67.21,100,
09:31:18,67.21,100,
09:31:18,67.21,100,
09:31:20,67.21,100,
09:31:20,67.21,100,
09:31:20,67.21,100,
09:31:20,67.21,100,
09:31:24,67.21,100,
09:31:24,67.21,100,
09:31:24,67.21,100,
09:31:24,67.21,100,
09:31:24,67.21,100,
09:31:24,67.21,100,
09:31:25,67.21,100,
09:31:25,67.21,100,
09:31:25,67.21,800,
09:31:25,67.21,100,
09:31:25,67.21,100,
09:31:25,67.21,100,
09:31:25,67.21,400,
09:31:25,67.21,100,
09:31:27,67.21,100,
09:31:31,67.20,148,
09:31:31,67.20,100,
09:31:31,67.20,100,
09:31:31,67.20,100,
09:31:31,67.20,1648,
09:31:31,67.20,100,
09:31:31,67.20,100,
09:31:35,67.19,991,
09:31:39,67.19,600,
09:31:43,67.19,1667,
09:31:47,67.20,100,
09:31:47,67.20,100,
09:31:47,67.20,100,
09:31:51,67.21,100,
09:31:51,67.21,100,
09:31:51,67.21,100,
09:31:51,67.21,400,
09:31:51,67.21,100,
09:31:51,67.21,500,
09:31:51,67.21,100,
09:31:51,67.21,300,
09:31:51,67.22,400,
09:31:51,67.22,100,
09:31:51,67.22,1500,
09:31:51,67.22,100,
09:31:51,67.22,100,
09:31:51,67.22,100,
09:31:51,67.22,100,
09:31:51,67.22,100,
09:31:51,67.22,100,
09:31:52,67.22,300,
09:31:52,67.23,1000,
09:31:53,67.22,500,
09:31:55,67.23,300,
09:31:56,67.23,100,
09:31:56,67.23,500,
09:31:56,67.23,100,
09:31:56,67.23,100,
09:31:57,67.2301,6500,
09:32:00,67.22,100,
09:32:00,67.22,300,
09:32:01,67.22,800,
09:32:04,67.23,300,
09:32:04,67.23,100,
09:32:04,67.23,100,
09:32:04,67.23,100,
09:32:04,67.23,100,
09:32:04,67.23,100,
09:32:04,67.23,100,
09:32:04,67.225,100,
09:32:04,67.24,650,
09:32:04,67.24,100,
09:32:04,67.24,100,
09:32:04,67.24,100,
09:32:05,67.24,100,
09:32:06,67.2343,100,
09:32:07,67.24,100,
09:32:07,67.24,100,
09:32:08,67.23,100,
09:32:09,67.23,500,
09:32:10,67.23,200,
09:32:14,67.235,100,
09:32:14,67.235,100,
09:32:14,67.24,100,
09:32:14,67.24,300,
09:32:17,67.23,500,
09:32:20,67.23,400,
09:32:20,67.23,100,
09:32:20,67.23,100,
09:32:21,67.23,300,
09:32:24,67.24,100,
09:32:24,67.24,100,
09:32:24,67.24,100,
09:32:24,67.24,100,
09:32:24,67.24,100,
09:32:24,67.24,100,
09:32:24,67.235,100,
09:32:25,67.25,500,
09:32:26,67.25,170,
09:32:26,67.25,100,
09:32:28,67.25,1500,
09:32:30,67.25,600,
09:32:32,67.26,100,
09:32:32,67.255,100,
09:32:32,67.26,100,
09:32:32,67.26,100,
09:32:32,67.26,100,
09:32:32,67.26,100,
09:32:32,67.27,100,
09:32:35,67.2601,2500,
09:32:36,67.26,500,
09:32:37,67.2607,100,
09:32:39,67.26,200,
09:32:39,67.26,200,
09:32:43,67.27,300,
09:32:48,67.26,100,
09:32:48,67.26,300,
09:32:50,67.26,100,
09:32:50,67.26,200,
09:32:51,67.26,100,
09:32:51,67.26,200,
09:32:52,67.26,100,
09:32:53,67.26,100,
09:32:54,67.26,100,
09:32:55,67.26,818,
09:33:03,67.27,200,
09:33:03,67.27,100,
09:33:03,67.27,100,
09:33:03,67.27,100,
09:33:03,67.27,600,
09:33:03,67.28,1300,
09:33:03,67.28,400,
09:33:04,67.27,100,
09:33:05,67.27,100,
09:33:05,67.27,100,
09:33:06,67.27,100,
09:33:08,67.27,2000,
09:33:09,67.28,100,
09:33:12,67.2701,900,
09:33:14,67.2762,222,
09:33:15,67.27,800,
09:33:16,67.27,100,
09:33:16,67.27,100,
09:33:16,67.27,100,
09:33:16,67.27,100,
09:33:16,67.27,100,
09:33:16,67.27,100,
09:33:16,67.27,300,
09:33:16,67.27,100,
09:33:16,67.27,500,
09:33:16,67.27,100,
09:33:16,67.27,100,
09:33:17,67.27,800,
09:33:17,67.27,400,
09:33:17,67.27,100,
09:33:17,67.27,100,
09:33:17,67.27,100,
09:33:17,67.27,100,
09:33:17,67.27,1465,
09:33:17,67.27,800,
09:33:17,67.27,800,
09:33:18,67.265,500,
09:33:22,67.27,400,
09:33:22,67.27,1115,
09:33:25,67.27,200,
09:33:25,67.27,100,
09:33:25,67.27,100,
09:33:25,67.27,100,
09:33:25,67.27,200,
09:33:25,67.27,100,
09:33:25,67.27,200,
09:33:27,67.26,815,
09:33:27,67.26,100,
09:33:34,67.26,100,
09:33:34,67.26,100,
09:33:34,67.26,280,
09:33:34,67.26,100,
09:33:34,67.26,500,
09:33:34,67.26,100,
09:33:34,67.26,100,
09:33:36,67.2599,300,
09:33:36,67.25,400,
09:33:36,67.25,100,
09:33:36,67.25,200,
09:33:36,67.25,400,
09:33:38,67.25,137,
09:33:38,67.26,500,
09:33:38,67.26,100,
09:33:38,67.26,500,
09:33:38,67.26,100,
09:33:38,67.26,100,
09:33:38,67.26,100,
09:33:38,67.26,100,
09:33:42,67.26,100,
09:33:43,67.27,600,
09:33:43,67.27,400,
09:33:43,67.27,100,
09:33:43,67.27,100,
09:33:43,67.27,100,
09:33:43,67.27,100,
09:33:43,67.27,100,
09:33:43,67.27,100,
09:33:43,67.27,100,
09:33:47,67.27,200,
09:33:47,67.27,500,
09:33:47,67.27,100,
09:33:47,67.265,100,
09:33:49,67.27,100,
09:33:49,67.27,100,
09:33:55,67.27,100,
09:33:55,67.27,100,
09:33:55,67.27,100,
09:33:56,67.27,100,
09:33:57,67.27,100,
09:33:57,67.27,100,
09:33:57,67.27,100,
09:33:59,67.27,800,
09:33:59,67.27,800,
09:33:59,67.27,100,
09:33:59,67.27,200,
09:33:59,67.27,900,
09:33:59,67.27,100,
09:34:01,67.28,200,
09:34:01,67.28,100,
09:34:01,67.28,500,
09:34:01,67.28,200,
09:34:01,67.28,450,
09:34:01,67.28,400,
09:34:01,67.28,800,
09:34:01,67.28,1200,
09:34:03,67.282,100,
09:34:03,67.282,100,
09:34:03,67.28,100,
09:34:03,67.28,100,
09:34:03,67.28,100,
09:34:03,67.28,100,
09:34:07,67.28,100,
09:34:07,67.28,100,
09:34:07,67.28,300,
09:34:08,67.29,400,
09:34:09,67.28,100,
09:34:09,67.28,100,
09:34:09,67.28,100,
09:34:09,67.27,100,
09:34:09,67.27,400,
09:34:16,67.27,100,
09:34:16,67.27,100,
09:34:16,67.27,100,
09:34:16,67.27,100,
09:34:16,67.27,100,
09:34:25,67.27,100,
09:34:25,67.27,100,
09:34:26,67.26,1000,
09:34:26,67.26,1700,
09:34:26,67.26,900,
09:34:26,67.26,1700,
09:34:26,67.26,100,
09:34:26,67.26,100,
09:34:26,67.26,100,
09:34:29,67.26,100,
09:34:29,67.26,100,
09:34:29,67.26,100,
09:34:29,67.26,100,
09:34:33,67.26,100,
09:34:33,67.26,800,
09:34:33,67.26,100,
09:34:33,67.26,100,
09:34:33,67.26,100,
09:34:33,67.26,100,
09:34:33,67.26,100,
09:34:33,67.265,300,
09:34:33,67.2625,100,
09:34:33,67.25,100,
09:34:33,67.25,100,
09:34:33,67.25,300,
09:34:33,67.25,212,
09:34:33,67.255,500,
09:34:36,67.25,100,
09:34:37,67.2529,500,
09:34:40,67.25,400,
09:34:40,67.25,800,
09:34:40,67.25,400,
09:34:47,67.26,166,
09:34:47,67.26,300,
09:34:47,67.26,100,
09:34:47,67.26,100,
09:34:47,67.26,100,
09:34:47,67.26,100,
09:34:47,67.26,100,
09:34:47,67.26,634,
09:34:47,67.26,100,
09:34:47,67.26,100,
09:34:48,67.26,384,
09:34:48,67.26,400,
09:34:48,67.26,800,
09:34:51,67.27,200,
09:34:56,67.26,100,
09:34:56,67.26,100,
09:34:56,67.26,100,
09:34:56,67.26,100,
09:34:56,67.26,100,
09:34:56,67.26,100,
09:34:56,67.26,100,
09:35:00,67.25,815,
09:35:00,67.25,800,
09:35:00,67.25,200,
09:35:00,67.25,100,
09:35:00,67.25,650,
09:35:00,67.25,150,
09:35:00,67.25,100,
09:35:00,67.25,100,
09:35:00,67.25,100,
09:35:00,67.25,100,
09:35:00,67.25,100,
09:35:00,67.26,100,
09:35:01,67.25,300,
09:35:01,67.26,100,
09:35:01,67.26,100,
09:35:05,67.26,100,
09:35:05,67.26,100,
09:35:05,67.26,100,
09:35:05,67.26,800,
09:35:05,67.26,100,
09:35:05,67.26,700,
09:35:05,67.26,100,
09:35:05,67.26,800,
09:35:05,67.26,800,
09:35:05,67.26,800,
09:35:05,67.26,785,
09:35:05,67.26,100,
09:35:07,67.26,1300,
09:35:07,67.26,500,
09:35:07,67.26,700,
09:35:07,67.26,100,
09:35:07,67.26,100,
09:35:07,67.26,400,
09:35:07,67.26,700,
09:35:07,67.26,700,
09:35:07,67.26,100,
09:35:07,67.26,300,
09:35:07,67.26,100,
09:35:07,67.26,100,
09:35:07,67.26,100,
09:35:09,67.25,670,
09:35:11,67.255,100,
09:35:11,67.25,100,
09:35:11,67.25,100,
09:35:12,67.25,100,
09:35:12,67.25,118,
09:35:12,67.25,100,
09:35:12,67.25,100,
09:35:13,67.24,500,
09:35:13,67.24,400,
09:35:14,67.24,100,
09:35:14,67.24,100,
09:35:14,67.24,100,
09:35:14,67.24,600,
09:35:14,67.23,100,
09:35:14,67.23,2000,
09:35:14,67.23,100,
09:35:14,67.23,600,
09:35:14,67.23,400,
09:35:14,67.23,300,
09:35:14,67.23,100,
09:35:14,67.23,100,
09:35:14,67.23,400,
09:35:14,67.23,200,
09:35:15,67.22,500,
09:35:15,67.22,100,
09:35:15,67.23,900,
09:35:15,67.23,100,
09:35:15,67.23,300,
09:35:17,67.23,400,
09:35:17,67.22,100,
09:35:17,67.22,400,
09:35:17,67.22,800,
09:35:17,67.22,100,
09:35:17,67.22,2100,
09:35:19,67.22,500,
09:35:20,67.22,100,
09:35:20,67.22,100,
09:35:21,67.23,800,
09:35:21,67.23,700,
09:35:21,67.23,100,
09:35:21,67.23,500,
09:35:21,67.23,100,
09:35:21,67.24,100,
09:35:21,67.24,100,
09:35:21,67.24,470,
09:35:21,67.24,206,
09:35:21,67.24,206,
09:35:22,67.24,500,
09:35:22,67.24,100,
09:35:22,67.24,100,
09:35:22,67.24,240,
09:35:22,67.24,100,
09:35:22,67.24,100,
09:35:22,67.24,140,
09:35:22,67.24,400,
09:35:22,67.24,100,
09:35:22,67.24,100,
09:35:22,67.23,400,
09:35:22,67.23,400,
09:35:22,67.23,100,
09:35:23,67.24,200,
09:35:24,67.24,200,
09:35:24,67.24,200,
09:35:24,67.24,600,
09:35:24,67.24,200,
09:35:24,67.24,100,
09:35:24,67.24,100,
09:35:24,67.24,100,
09:35:24,67.24,100,
09:35:24,67.24,100,
09:35:24,67.24,100,
09:35:24,67.24,100,
09:35:26,67.24,100,
09:35:26,67.24,300,
09:35:26,67.24,100,
09:35:26,67.24,312,
09:35:26,67.24,100,
09:35:26,67.24,100,
09:35:26,67.24,400,
09:35:26,67.24,100,
09:35:27,67.23,100,
09:35:27,67.23,100,
09:35:27,67.23,200,
09:35:27,67.23,100,
09:35:27,67.23,300,
09:35:27,67.23,500,
09:35:27,67.23,500,
09:35:27,67.23,300,
09:35:27,67.23,400,
09:35:27,67.23,100,
09:35:27,67.22,700,
09:35:27,67.22,100,
09:35:27,67.22,100,
09:35:27,67.22,100,
09:35:27,67.22,200,
09:35:27,67.22,300,
09:35:28,67.22,100,
09:35:28,67.22,100,
09:35:30,67.22,400,
09:35:30,67.22,500,
09:35:30,67.23,100,
09:35:32,67.22,100,
09:35:32,67.22,100,
09:35:32,67.22,100,
09:35:32,67.22,500,
09:35:32,67.22,100,
09:35:32,67.22,500,
09:35:35,67.22,600,
09:35:36,67.21,700,
09:35:36,67.22,100,
09:35:36,67.21,100,
09:35:36,67.21,2800,
09:35:36,67.21,100,
09:35:36,67.22,100,
09:35:36,67.19,800,
09:35:36,67.19,200,
09:35:36,67.20,100,
09:35:37,67.20,300,
09:35:37,67.20,400,
09:35:37,67.20,100,
09:35:37,67.20,700,
09:35:37,67.20,400,
09:35:37,67.20,700,
09:35:37,67.20,400,
09:35:38,67.20,800,
09:35:38,67.20,2400,
09:35:38,67.20,100,
09:35:38,67.20,100,
09:35:38,67.20,400,
09:35:38,67.20,800,
09:35:38,67.20,100,
09:35:38,67.20,2300,
09:35:38,67.20,815,
09:35:38,67.20,100,
09:35:38,67.20,500,
09:35:38,67.20,800,
09:35:38,67.20,100,
09:35:38,67.20,100,
09:35:38,67.20,100,
09:35:38,67.20,100,
09:35:41,67.20,900,
09:35:41,67.20,800,
09:35:41,67.20,100,
09:35:41,67.20,100,
09:35:42,67.20,300,
09:35:42,67.20,100,
09:35:42,67.20,100,
09:35:42,67.20,100,
09:35:42,67.20,100,
09:35:42,67.20,100,
09:35:42,67.20,700,
09:35:42,67.20,100,
09:35:42,67.21,100,
09:35:43,67.20,100,
09:35:43,67.21,100,
09:35:46,67.21,100,
09:35:46,67.21,200,
09:35:47,67.21,100,
09:35:47,67.21,100,
09:35:47,67.21,100,
09:35:47,67.21,100,
09:35:48,67.21,100,
09:35:48,67.21,200,
09:35:48,67.21,100,
09:35:48,67.21,100,
09:35:48,67.21,100,
09:35:48,67.21,100,
09:35:48,67.21,300,
09:35:48,67.21,100,
09:35:48,67.21,200,
09:35:50,67.20,800,
09:35:51,67.21,200,
09:35:52,67.21,100,
09:35:52,67.21,100,
09:35:52,67.21,100,
09:35:52,67.21,100,
09:35:52,67.21,541,
09:35:52,67.21,141,
09:35:52,67.21,400,
09:35:52,67.21,300,
09:35:54,67.20,800,
09:35:56,67.20,100,
09:35:56,67.20,100,
09:35:56,67.20,100,
09:35:56,67.20,300,
09:35:56,67.20,100,
09:35:56,67.20,100,
09:35:56,67.20,400,
09:35:56,67.20,600,
09:35:56,67.20,300,
09:35:56,67.20,100,
09:35:56,67.20,1800,
09:35:56,67.20,500,
09:35:56,67.20,500,
09:35:56,67.20,2200,
09:35:56,67.20,3700,
09:35:56,67.20,200,
09:35:56,67.20,2700,
09:35:56,67.20,3700,
09:35:56,67.20,3700,
09:35:56,67.20,5900,
09:35:56,67.20,100,
09:35:56,67.20,500,
09:35:56,67.20,100,
09:35:56,67.20,100,
09:35:56,67.19,100,
09:35:56,67.19,100,
09:35:57,67.19,100,
09:35:58,67.19,500,
09:35:58,67.19,500,
09:35:58,67.19,300,
09:35:58,67.19,100,
09:35:58,67.19,400,
09:35:58,67.19,400,
09:35:58,67.19,200,
09:35:58,67.19,100,
09:35:58,67.19,413,
09:35:58,67.19,500,
09:35:58,67.19,100,
09:35:58,67.19,113,
09:35:58,67.19,100,
09:36:00,67.19,100,
09:36:02,67.19,500,
09:36:02,67.19,100,
09:36:02,67.19,100,
09:36:02,67.19,100,
09:36:02,67.19,100,
09:36:02,67.19,100,
09:36:02,67.18,500,
09:36:02,67.18,100,
09:36:02,67.18,400,
09:36:02,67.18,100,
09:36:02,67.18,100,
09:36:02,67.1705,600,
09:36:03,67.17,100,
09:36:03,67.17,100,
09:36:04,67.17,100,
09:36:04,67.17,400,
09:36:04,67.17,100,
09:36:04,67.17,600,
09:36:04,67.17,100,
09:36:04,67.17,100,
09:36:04,67.17,100,
09:36:05,67.17,400,
09:36:05,67.17,100,
09:36:05,67.17,413,
09:36:05,67.17,200,
09:36:05,67.17,400,
09:36:05,67.17,100,
09:36:05,67.17,100,
09:36:05,67.17,100,
09:36:07,67.17,100,
09:36:08,67.16,100,
09:36:10,67.17,200,
09:36:14,67.16,400,
09:36:15,67.16,400,
09:36:15,67.16,400,
09:36:15,67.162,100,
09:36:15,67.16,300,
09:36:15,67.16,100,
09:36:15,67.16,200,
09:36:17,67.17,200,
09:36:21,67.17,600,
09:36:21,67.17,400,
09:36:21,67.17,348,
09:36:21,67.17,752,
09:36:21,67.17,100,
09:36:21,67.17,100,
09:36:21,67.17,100,
09:36:21,67.17,100,
09:36:21,67.17,500,
09:36:21,67.18,500,
09:36:23,67.18,100,
09:36:24,67.18,100,
09:36:24,67.18,100,
09:36:24,67.18,100,
09:36:24,67.18,200,
09:36:24,67.18,100,
09:36:24,67.18,100,
09:36:26,67.1899,2500,
09:36:27,67.18,100,
09:36:27,67.18,100,
09:36:27,67.18,100,
09:36:27,67.18,400,
09:36:27,67.18,100,
09:36:27,67.18,100,
09:36:27,67.18,700,
09:36:27,67.18,100,
09:36:27,67.18,800,
09:36:27,67.18,100,
09:36:28,67.18,800,
09:36:28,67.18,800,
09:36:29,67.18,700,
09:36:29,67.18,400,
09:36:29,67.18,100,
09:36:29,67.18,700,
09:36:29,67.18,100,
09:36:31,67.18,100,
09:36:31,67.18,100,
09:36:33,67.18,100,
09:36:33,67.18,100,
09:36:33,67.18,200,
09:36:33,67.18,600,
09:36:33,67.18,100,
09:36:33,67.18,100,
09:36:33,67.18,100,
09:36:33,67.19,400,
09:36:33,67.19,200,
09:36:35,67.19,500,
09:36:35,67.19,100,
09:36:35,67.19,400,
09:36:35,67.19,100,
09:36:35,67.19,100,
09:36:37,67.18,100,
09:36:38,67.18,200,
09:36:38,67.18,100,
09:36:38,67.18,100,
09:36:38,67.18,100,
09:36:38,67.18,100,
09:36:38,67.18,100,
09:36:38,67.18,100,
09:36:38,67.18,100,
09:36:38,67.18,100,
09:36:39,67.18,100,
09:36:39,67.18,800,
09:36:39,67.1784,100,
09:36:39,67.1784,100,
09:36:40,67.18,100,
09:36:40,67.18,500,
09:36:40,67.18,100,
09:36:40,67.18,300,
09:36:40,67.18,600,
09:36:40,67.18,500,
09:36:40,67.18,500,
09:36:40,67.18,100,
09:36:40,67.18,300,
09:36:40,67.18,500,
09:36:40,67.18,800,
09:36:40,67.18,300,
09:36:40,67.18,100,
09:36:40,67.18,2000,
09:36:40,67.18,800,
09:36:40,67.18,300,
09:36:43,67.18,100,
09:36:43,67.18,100,
09:36:43,67.18,500,
09:36:46,67.17,100,
09:36:47,67.17,100,
09:36:48,67.17,500,
09:36:48,67.17,1500,
09:36:48,67.16,200,
09:36:48,67.16,100,
09:36:48,67.16,100,
09:36:48,67.16,100,
09:36:48,67.16,200,
09:36:49,67.17,200,
09:36:51,67.16,100,
09:36:51,67.16,100,
09:36:51,67.16,100,
09:36:51,67.16,100,
09:36:52,67.15,100,
09:36:52,67.15,400,
09:36:52,67.15,100,
09:36:52,67.15,400,
09:36:53,67.15,100,
09:36:53,67.15,100,
09:36:53,67.15,700,
09:36:53,67.15,100,
09:36:53,67.1501,100,
09:36:54,67.16,400,
09:36:55,67.16,800,
09:36:56,67.16,100,
09:36:56,67.16,100,
09:37:03,67.15,400,
09:37:06,67.15,800,
09:37:07,67.16,100,
09:37:08,67.16,100,
09:37:09,67.16,300,
09:37:09,67.16,100,
09:37:09,67.16,100,
09:37:09,67.16,100,
09:37:09,67.16,700,
09:37:09,67.16,200,
09:37:09,67.16,100,
09:37:09,67.16,100,
09:37:09,67.16,100,
09:37:09,67.16,200,
09:37:09,67.16,100,
09:37:09,67.16,100,
09:37:10,67.17,200,
09:37:10,67.17,800,
09:37:10,67.16,100,
09:37:11,67.17,100,
09:37:11,67.17,415,
09:37:14,67.17,130,
09:37:14,67.16,800,
09:37:16,67.17,100,
09:37:16,67.17,870,
09:37:16,67.17,800,
09:37:16,67.17,470,
09:37:17,67.16,100,
09:37:17,67.16,100,
09:37:17,67.16,100,
09:37:17,67.16,100,
09:37:17,67.16,100,
09:37:17,67.16,100,
09:37:17,67.16,100,
09:37:17,67.16,100,
09:37:20,67.16,100,
09:37:23,67.16,100,
09:37:23,67.16,100,
09:37:27,67.16,200,
09:37:30,67.16,100,
09:37:30,67.16,100,
09:37:31,67.16,100,
09:37:31,67.16,100,
09:37:31,67.16,700,
09:37:31,67.16,100,
09:37:31,67.16,100,
09:37:31,67.16,100,
09:37:31,67.16,100,
09:37:32,67.16,100,
09:37:32,67.16,100,
09:37:32,67.16,1200,
09:37:32,67.1599,700,
09:37:36,67.15,100,
09:37:36,67.15,100,
09:37:37,67.15,300,
09:37:37,67.15,300,
09:37:39,67.16,200,
09:37:39,67.16,400,
09:37:42,67.16,200,
09:37:42,67.16,100,
09:37:42,67.16,100,
09:37:42,67.16,100,
09:37:42,67.16,100,
09:37:42,67.16,500,
09:37:42,67.16,100,
09:37:42,67.16,200,
09:37:42,67.16,200,
09:37:42,67.16,300,
09:37:42,67.16,200,
09:37:42,67.16,300,
09:37:42,67.16,800,
09:37:45,67.17,100,
09:37:45,67.17,100,
09:37:45,67.17,100,
09:37:45,67.17,100,
09:37:45,67.16,100,
09:37:45,67.16,400,
09:37:45,67.16,300,
09:37:45,67.16,100,
09:37:45,67.16,800,
09:37:45,67.16,400,
09:37:45,67.16,100,
09:37:45,67.16,100,
09:37:45,67.15,100,
09:37:46,67.15,100,
09:37:46,67.15,100,
09:37:47,67.16,200,
09:37:50,67.16,300,
09:37:50,67.16,200,
09:37:50,67.16,800,
09:37:51,67.16,400,
09:37:52,67.16,400,
09:37:52,67.16,400,
09:37:52,67.16,300,
09:37:52,67.16,100,
09:37:55,67.16,100,
09:37:55,67.16,100,
09:37:55,67.16,100,
09:37:55,67.16,600,
09:37:55,67.15,200,
09:37:57,67.15,100,
09:37:57,67.15,100,
09:37:57,67.15,100,
09:37:58,67.15,800,
09:37:58,67.14,400,
09:37:58,67.14,600,
09:37:58,67.14,845,
09:37:58,67.14,1645,
09:37:58,67.14,200,
09:37:58,67.14,100,
09:37:58,67.14,100,
09:37:58,67.14,500,
09:37:58,67.14,400,
09:37:58,67.14,800,
09:37:58,67.14,160,
09:37:58,67.14,400,
09:37:58,67.14,400,
09:37:58,67.14,600,
09:37:58,67.14,815,
09:37:58,67.14,1600,
09:37:58,67.14,210,
09:37:58,67.14,400,
09:37:58,67.14,100,
09:37:58,67.13,1089,
09:37:58,67.13,400,
09:37:58,67.13,500,
09:37:58,67.13,100,
09:37:58,67.13,190,
09:37:59,67.1343,100,
09:38:01,67.13,100,
09:38:01,67.13,100,
09:38:01,67.13,100,
09:38:01,67.13,100,
09:38:01,67.13,400,
09:38:01,67.13,100,
09:38:01,67.13,100,
09:38:01,67.13,100,
09:38:01,67.13,100,
09:38:01,67.13,600,
09:38:01,67.13,100,
09:38:01,67.13,100,
09:38:01,67.13,400,
09:38:01,67.14,100,
09:38:01,67.13,100,
09:38:01,67.14,600,
09:38:01,67.14,100,
09:38:01,67.14,100,
09:38:01,67.14,600,
09:38:01,67.14,100,
09:38:01,67.14,425,
09:38:01,67.14,800,
09:38:01,67.14,800,
09:38:01,67.14,100,
09:38:01,67.14,800,
09:38:01,67.14,100,
09:38:01,67.14,100,
09:38:01,67.14,3200,
09:38:01,67.15,300,
09:38:01,67.15,600,
09:38:01,67.15,600,
09:38:01,67.14,100,
09:38:01,67.14,300,
09:38:01,67.15,100,
09:38:01,67.14,100,
09:38:01,67.14,100,
09:38:02,67.14,100,
09:38:02,67.14,100,
09:38:02,67.14,100,
09:38:02,67.14,400,
09:38:02,67.14,800,
09:38:03,67.15,100,
09:38:03,67.15,500,
09:38:03,67.15,800,
09:38:03,67.15,300,
09:38:03,67.15,200,
09:38:03,67.15,100,
09:38:04,67.15,100,
09:38:04,67.15,100,
09:38:04,67.15,100,
09:38:04,67.15,800,
09:38:04,67.15,100,
09:38:04,67.15,100,
09:38:04,67.15,100,
09:38:04,67.15,300,
09:38:04,67.15,200,
09:38:04,67.15,100,
09:38:04,67.15,100,
09:38:04,67.15,100,
09:38:06,67.15,200,
09:38:06,67.14,100,
09:38:07,67.15,700,
09:38:07,67.15,100,
09:38:07,67.15,100,
09:38:07,67.15,400,
09:38:07,67.15,100,
09:38:07,67.15,800,
09:38:07,67.15,100,
09:38:08,67.1593,3000,
09:38:10,67.15,500,
09:38:10,67.15,300,
09:38:10,67.15,200,
09:38:10,67.16,500,
09:38:10,67.16,100,
09:38:10,67.16,400,
09:38:10,67.16,1500,
09:38:10,67.16,400,
09:38:12,67.17,200,
09:38:14,67.16,100,
09:38:15,67.16,303,
09:38:15,67.16,100,
09:38:15,67.16,103,
09:38:16,67.16,100,
09:38:16,67.16,400,
09:38:16,67.16,100,
09:38:16,67.16,100,
09:38:16,67.16,100,
09:38:16,67.16,100,
09:38:16,67.16,100,
09:38:16,67.16,100,
09:38:19,67.16,500,
09:38:27,67.17,100,
09:38:27,67.165,100,
09:38:28,67.17,100,
09:38:32,67.18,100,
09:38:35,67.17,100,
09:38:35,67.17,100,
09:38:35,67.17,100,
09:38:35,67.17,100,
09:38:35,67.17,100,
09:38:35,67.17,200,
09:38:35,67.17,100,
09:38:35,67.17,100,
09:38:36,67.16,200,
09:38:36,67.16,190,
09:38:37,67.16,131,
09:38:39,67.17,200,
09:38:39,67.17,600,
09:38:40,67.17,100,
09:38:40,67.17,100,
09:38:40,67.17,1000,
09:38:40,67.17,1400,
09:38:40,67.17,7900,
09:38:43,67.1601,100,
09:38:43,67.1601,100,
09:38:45,67.17,200,
09:38:46,67.17,800,
09:38:46,67.17,100,
09:38:46,67.17,1000,
09:38:46,67.17,400,
09:38:46,67.17,100,
09:38:46,67.17,100,
09:38:46,67.17,400,
09:38:46,67.17,600,
09:38:46,67.17,800,
09:38:46,67.17,100,
09:38:46,67.18,100,
09:38:46,67.18,100,
09:38:46,67.18,100,
09:38:46,67.18,100,
09:38:46,67.18,400,
09:38:46,67.18,1000,
09:38:46,67.18,100,
09:38:46,67.18,100,
09:38:46,67.18,700,
09:38:46,67.18,100,
09:38:46,67.18,100,
09:38:47,67.18,800,
09:38:47,67.18,400,
09:38:48,67.18,100,
09:38:48,67.18,100,
09:38:50,67.18,800,
09:38:50,67.18,500,
09:38:50,67.18,100,
09:38:52,67.18,200,
09:38:53,67.18,300,
09:38:54,67.18,600,
09:38:54,67.18,1000,
09:38:57,67.1801,500,
09:38:57,67.18,167,
09:38:57,67.1801,500,
09:38:57,67.1801,500,
09:38:57,67.185,200,
09:38:57,67.19,100,
09:38:57,67.19,800,
09:38:57,67.19,400,
09:38:57,67.19,400,
09:39:03,67.19,300,
09:39:06,67.19,200,
09:39:06,67.19,500,
09:39:06,67.19,500,
09:39:06,67.19,400,
09:39:07,67.19,100,
09:39:09,67.1957,200,
09:39:10,67.20,200,
09:39:10,67.20,200,
09:39:10,67.20,100,
09:39:10,67.21,441,
09:39:11,67.20,300,
09:39:12,67.20,100,
09:39:13,67.20,100,
09:39:15,67.20,100,
09:39:15,67.20,100,
09:39:17,67.20,200,
09:39:18,67.20,400,
09:39:18,67.20,100,
09:39:19,67.19,200,
09:39:19,67.19,100,
09:39:20,67.19,200,
09:39:20,67.20,100,
09:39:21,67.20,200,
09:39:21,67.20,200,
09:39:21,67.20,100,
09:39:21,67.20,100,
09:39:21,67.19,471,
09:39:21,67.19,502,
09:39:23,67.20,300,
09:39:24,67.20,100,
09:39:29,67.19,200,
09:39:30,67.20,200,
09:39:30,67.20,100,
09:39:34,67.21,341,
09:39:34,67.21,200,
09:39:34,67.21,100,
09:39:34,67.21,100,
09:39:35,67.21,2900,
09:39:35,67.21,100,
09:39:37,67.21,100,
09:39:39,67.20,154,
09:39:42,67.20,300,
09:39:42,67.21,100,
09:39:42,67.20,100,
09:39:47,67.20,100,
09:39:47,67.20,100,
09:39:48,67.20,100,
09:39:50,67.20,300,
09:39:50,67.20,200,
09:39:50,67.20,100,
09:39:50,67.20,100,
09:39:54,67.20,200,
09:39:54,67.20,600,
09:39:54,67.20,200,
09:39:54,67.20,100,
09:39:54,67.20,100,
09:39:55,67.202,2600,
09:39:57,67.21,815,
09:39:57,67.21,125,
09:39:57,67.21,2585,
09:39:57,67.205,500,
09:39:57,67.22,400,
09:39:57,67.21,1000,
09:39:57,67.21,200,
09:39:57,67.205,500,
09:39:57,67.205,300,
09:39:57,67.205,1600,
09:39:58,67.21,100,
09:39:58,67.21,100,
09:39:58,67.21,1000,
09:39:59,67.215,100,
09:40:00,67.21,100,
09:40:00,67.21,265,
09:40:00,67.21,200,
09:40:00,67.21,100,
09:40:00,67.21,330,
09:40:00,67.21,100,
09:40:00,67.20,200,
09:40:00,67.20,400,
09:40:01,67.21,200,
09:40:08,67.20,120,
09:40:08,67.20,100,
09:40:08,67.20,500,
09:40:08,67.20,800,
09:40:08,67.20,100,
09:40:08,67.20,100,
09:40:08,67.20,100,
09:40:10,67.2014,100,
09:40:12,67.20,100,
09:40:20,67.20,100,
09:40:20,67.20,800,
09:40:20,67.1986,200,
09:40:27,67.19,600,
09:40:27,67.20,100,
09:40:27,67.20,600,
09:40:29,67.20,400,
09:40:29,67.20,100,
09:40:29,67.20,800,
09:40:29,67.20,800,
09:40:29,67.20,300,
09:40:29,67.20,600,
09:40:29,67.20,100,
09:40:29,67.20,800,
09:40:29,67.20,800,
09:40:29,67.20,700,
09:40:29,67.20,400,
09:40:29,67.20,100,
09:40:29,67.20,600,
09:40:29,67.20,200,
09:40:29,67.20,200,
09:40:29,67.20,500,
09:40:40,67.21,100,
09:40:41,67.21,500,
09:40:41,67.21,1000,
09:40:41,67.21,100,
09:40:41,67.21,100,
09:40:45,67.2183,200,
09:40:45,67.22,400,
09:40:45,67.22,100,
09:40:45,67.22,100,
09:40:45,67.22,400,
09:40:48,67.22,400,
09:40:52,67.22,1600,
09:40:52,67.22,800,
09:40:59,67.222,100,
09:41:03,67.23,200,
09:41:04,67.24,200,
09:41:04,67.24,600,
09:41:04,67.24,700,
09:41:04,67.24,208,
09:41:07,67.23,500,
09:41:11,67.23,500,
09:41:12,67.23,100,
09:41:14,67.23,100,
09:41:14,67.23,100,
09:41:14,67.23,500,
09:41:17,67.24,300,
09:41:17,67.24,100,
09:41:18,67.24,200,
09:41:18,67.24,100,
09:41:18,67.24,600,
09:41:19,67.23,200,
09:41:21,67.24,400,
09:41:21,67.24,700,
09:41:21,67.24,700,
09:41:21,67.24,2000,
09:41:21,67.24,600,
09:41:21,67.25,500,
09:41:21,67.25,200,
09:41:21,67.25,600,
09:41:21,67.25,200,
09:41:25,67.26,200,
09:41:25,67.26,200,
09:41:25,67.26,500,
09:41:25,67.26,200,
09:41:25,67.26,100,
09:41:28,67.26,500,
09:41:28,67.26,100,
09:41:28,67.26,100,
09:41:28,67.26,100,
09:41:28,67.26,100,
09:41:28,67.25,300,
09:41:28,67.25,300,
09:41:28,67.26,100,
09:41:32,67.26,300,
09:41:32,67.26,500,
09:41:32,67.26,500,
09:41:32,67.26,100,
09:41:32,67.26,100,
09:41:32,67.26,100,
09:41:32,67.26,100,
09:41:33,67.26,1000,
09:41:34,67.2668,2522,
09:41:43,67.27,100,
09:41:43,67.27,400,
09:41:43,67.27,300,
09:41:43,67.27,397,
09:41:43,67.27,500,
09:41:43,67.27,197,
09:41:43,67.27,103,
09:41:43,67.27,100,
09:41:47,67.27,400,
09:41:47,67.27,300,
09:41:48,67.2701,2500,
09:41:49,67.27,200,
09:41:49,67.27,100,
09:41:49,67.27,100,
09:41:50,67.2638,300,
09:41:52,67.27,100,
09:41:52,67.27,400,
09:41:52,67.28,600,
09:41:52,67.28,400,
09:42:00,67.27,100,
09:42:01,67.28,100,
09:42:03,67.27,192,
09:42:03,67.27,192,
09:42:07,67.28,300,
09:42:08,67.27,100,
09:42:08,67.27,500,
09:42:13,67.27,400,
09:42:16,67.27,100,
09:42:16,67.27,100,
09:42:20,67.26,492,
09:42:20,67.26,100,
09:42:20,67.26,100,
09:42:22,67.25,500,
09:42:22,67.25,400,
09:42:28,67.24,200,
09:42:28,67.24,500,
09:42:28,67.24,300,
09:42:31,67.23,500,
09:42:31,67.23,200,
09:42:33,67.23,200,
09:42:33,67.23,400,
09:42:34,67.24,100,
09:42:35,67.23,200,
09:42:35,67.24,700,
09:42:35,67.24,700,
09:42:35,67.24,400,
09:42:35,67.24,300,
09:42:35,67.24,100,
09:42:35,67.24,1600,
09:42:35,67.24,500,
09:42:35,67.24,100,
09:42:35,67.24,100,
09:42:35,67.2324,125,
09:42:37,67.23,300,
09:42:37,67.23,100,
09:42:37,67.23,200,
09:42:37,67.23,100,
09:42:38,67.23,100,
09:42:38,67.23,100,
09:42:39,67.24,800,
09:42:42,67.23,100,
09:42:42,67.23,100,
09:42:42,67.23,100,
09:42:42,67.23,100,
09:42:42,67.23,400,
09:42:45,67.22,800,
09:42:45,67.22,800,
09:42:45,67.22,315,
09:42:45,67.22,500,
09:42:46,67.21,143,
09:42:47,67.21,400,
09:42:47,67.21,600,
09:42:50,67.22,360,
09:42:50,67.22,400,
09:42:52,67.21,300,
09:42:52,67.21,800,
09:42:53,67.21,200,
09:42:53,67.21,300,
09:42:53,67.21,100,
09:42:53,67.21,100,
09:42:53,67.21,100,
09:42:54,67.22,200,
09:42:57,67.22,260,
09:42:57,67.22,100,
09:42:57,67.22,140,
09:42:57,67.22,200,
09:42:57,67.22,500,
09:42:58,67.23,599,
09:42:58,67.24,200,
09:42:58,67.24,100,
09:43:03,67.23,100,
09:43:03,67.23,200,
09:43:03,67.23,100,
09:43:03,67.23,100,
09:43:03,67.23,200,
09:43:05,67.23,100,
09:43:05,67.23,100,
09:43:07,67.24,500,
09:43:07,67.24,600,
09:43:13,67.24,162,
09:43:13,67.24,100,
09:43:13,67.24,100,
09:43:13,67.24,100,
09:43:13,67.24,100,
09:43:13,67.23,600,
09:43:13,67.23,500,
09:43:15,67.23,100,
09:43:19,67.23,400,
09:43:19,67.23,100,
09:43:19,67.23,100,
09:43:19,67.23,400,
09:43:21,67.22,136,
09:43:22,67.23,800,
09:43:23,67.23,100,
09:43:23,67.23,100,
09:43:28,67.2295,650,
09:43:30,67.23,100,
09:43:31,67.22,800,
09:43:34,67.23,100,
09:43:34,67.23,100,
09:43:34,67.24,300,
09:43:34,67.24,100,
09:43:38,67.24,100,
09:43:38,67.24,500,
09:43:38,67.24,200,
09:43:38,67.24,200,
09:43:40,67.24,100,
09:43:41,67.24,600,
09:43:41,67.24,500,
09:43:41,67.24,100,
09:43:41,67.24,600,
09:43:41,67.24,300,
09:43:41,67.24,500,
09:43:41,67.24,4700,
09:43:41,67.245,100,
09:43:41,67.24,100,
09:43:43,67.23,200,
09:43:43,67.23,100,
09:43:43,67.23,500,
09:43:43,67.23,100,
09:43:43,67.23,500,
09:43:43,67.23,100,
09:43:43,67.23,100,
09:43:43,67.23,800,
09:43:43,67.23,400,
09:43:43,67.23,800,
09:43:43,67.23,100,
09:43:45,67.22,4800,
09:43:45,67.22,336,
09:43:47,67.22,336,
09:43:47,67.21,197,
09:43:48,67.2124,100,
09:43:50,67.22,100,
09:43:50,67.22,800,
09:43:50,67.22,800,
09:43:50,67.22,100,
09:43:50,67.22,600,
09:43:50,67.22,200,
09:43:53,67.23,397,
09:43:53,67.2201,200,
09:43:57,67.23,200,
09:43:57,67.23,100,
09:43:57,67.23,400,
09:43:57,67.23,100,
09:43:57,67.23,800,
09:43:57,67.23,800,
09:43:57,67.23,100,
09:43:57,67.23,100,
09:43:57,67.23,100,
09:43:57,67.23,100,
09:43:57,67.23,100,
09:44:04,67.24,100,
09:44:14,67.2371,140,
09:44:19,67.24,800,
09:44:19,67.24,200,
09:44:31,67.24,4206,
09:44:35,67.25,200,
09:44:35,67.25,200,
09:44:37,67.25,254,
09:44:37,67.26,100,
09:44:42,67.26,100,
09:44:43,67.26,500,
09:44:45,67.27,100,
09:44:47,67.27,200,
09:44:47,67.27,600,
09:44:47,67.27,100,
09:44:47,67.27,800,
09:44:49,67.28,200,
09:44:49,67.28,100,
09:44:49,67.29,100,
09:44:49,67.29,800,
09:44:51,67.29,100,
09:44:52,67.30,400,
09:44:52,67.30,170,
09:44:56,67.30,100,
09:44:56,67.30,400,
09:44:58,67.30,400,
09:44:58,67.30,100,
09:44:58,67.30,100,
09:44:59,67.298,1000,
09:45:01,67.30,700,
09:45:01,67.30,500,
09:45:01,67.31,1400,
09:45:05,67.32,100,
09:45:06,67.31,500,
09:45:06,67.31,376,
09:45:06,67.31,500,
09:45:06,67.31,200,
09:45:06,67.31,500,
09:45:06,67.31,100,
09:45:06,67.31,700,
09:45:06,67.31,800,
09:45:06,67.31,800,
09:45:06,67.31,400,
09:45:06,67.31,700,
09:45:06,67.31,800,
09:45:06,67.31,800,
09:45:06,67.31,200,
09:45:06,67.31,200,
09:45:07,67.302,400,
09:45:10,67.3075,3831,
09:45:15,67.30,100,
09:45:16,67.30,300,
09:45:23,67.31,600,
09:45:25,67.31,100,
09:45:30,67.32,100,
09:45:30,67.32,200,
09:45:30,67.32,100,
09:45:31,67.32,200,
09:45:31,67.32,100,
09:45:31,67.32,200,
09:45:31,67.32,100,
09:45:31,67.32,100,
09:45:31,67.33,500,
09:45:31,67.33,300,
09:45:31,67.33,300,
09:45:32,67.33,1560,
09:45:33,67.32,300,
09:45:36,67.33,100,
09:45:37,67.3299,500,
09:45:41,67.33,300,
09:45:46,67.33,400,
09:45:46,67.33,300,
09:45:46,67.33,100,
09:45:46,67.33,400,
09:45:46,67.33,800,
09:45:46,67.33,600,
09:45:49,67.34,200,
09:45:52,67.34,100,
09:45:53,67.34,100,
09:45:53,67.34,100,
09:45:55,67.34,100,
09:45:55,67.34,400,
09:45:55,67.34,100,
09:45:55,67.34,100,
09:46:01,67.3399,200,
09:46:01,67.335,200,
09:46:01,67.34,100,
09:46:01,67.34,100,
09:46:03,67.3411,197,
09:46:04,67.34,100,
09:46:06,67.348,100,
09:46:18,67.35,122,
09:46:19,67.35,800,
09:46:21,67.36,150,
09:46:22,67.3598,400,
09:46:22,67.36,300,
09:46:22,67.36,300,
09:46:22,67.36,300,
09:46:22,67.36,200,
09:46:22,67.36,5400,
09:46:31,67.37,119,
09:46:31,67.37,1100,
09:46:32,67.36,600,
09:46:32,67.36,100,
09:46:32,67.36,100,
09:46:37,67.36,100,
09:46:39,67.36,300,
09:46:39,67.3599,300,
09:46:39,67.36,300,
09:46:39,67.3599,300,
09:46:39,67.3594,200,
09:46:39,67.3599,200,
09:46:39,67.3599,200,
09:46:39,67.3599,200,
09:46:39,67.36,500,
09:46:41,67.36,100,
09:46:41,67.36,100,
09:46:41,67.36,100,
09:46:44,67.35,100,
09:46:44,67.35,400,
09:46:44,67.35,600,
09:46:44,67.35,100,
09:46:44,67.35,600,
09:46:44,67.35,100,
09:46:44,67.35,100,
09:46:48,67.3516,400,
09:46:48,67.35,100,
09:46:49,67.35,100,
09:46:49,67.35,400,
09:46:49,67.35,100,
09:46:49,67.35,800,
09:46:49,67.35,100,
09:46:49,67.35,400,
09:46:49,67.35,1300,
09:46:50,67.35,100,
09:46:50,67.35,306,
09:46:50,67.35,400,
09:46:50,67.35,106,
09:46:50,67.35,100,
09:46:52,67.34,200,
09:46:52,67.34,545,
09:46:52,67.34,3000,
09:46:52,67.34,200,
09:46:52,67.34,400,
09:46:54,67.34,100,
09:46:54,67.34,100,
09:46:54,67.34,100,
09:46:54,67.35,600,
09:46:54,67.34,3000,
09:47:00,67.35,301,
09:47:01,67.35,4000,
09:47:01,67.35,100,
09:47:03,67.36,100,
09:47:10,67.36,500,
09:47:10,67.35,100,
09:47:12,67.35,400,
09:47:12,67.35,400,
09:47:12,67.35,600,
09:47:12,67.35,100,
09:47:12,67.35,200,
09:47:12,67.35,213,
09:47:20,67.35,700,
09:47:20,67.35,100,
09:47:20,67.35,400,
09:47:20,67.35,1500,
09:47:20,67.35,800,
09:47:20,67.35,400,
09:47:20,67.35,500,
09:47:20,67.35,500,
09:47:20,67.35,100,
09:47:20,67.35,100,
09:47:24,67.34,100,
09:47:25,67.34,300,
09:47:25,67.34,100,
09:47:25,67.34,400,
09:47:25,67.34,800,
09:47:26,67.34,400,
09:47:27,67.34,511,
09:47:27,67.34,100,
09:47:37,67.34,300,
09:47:37,67.34,100,
09:47:37,67.34,100,
09:47:37,67.34,288,
09:47:43,67.34,500,
09:47:43,67.34,300,
09:47:43,67.34,100,
09:47:43,67.34,400,
09:47:43,67.34,100,
09:47:43,67.34,400,
09:47:43,67.34,800,
09:47:43,67.34,800,
09:47:43,67.34,100,
09:47:47,67.3495,500,
09:47:49,67.35,200,
09:47:54,67.35,400,
09:48:04,67.36,700,
09:48:04,67.36,188,
09:48:06,67.36,300,
09:48:06,67.36,400,
09:48:06,67.36,600,
09:48:06,67.36,100,
09:48:06,67.36,400,
09:48:06,67.36,800,
09:48:06,67.36,500,
09:48:07,67.36,200,
09:48:07,67.36,100,
09:48:07,67.36,400,
09:48:15,67.35,100,
09:48:15,67.35,200,
09:48:15,67.35,108,
09:48:15,67.35,100,
09:48:15,67.35,100,
09:48:15,67.355,100,
09:48:15,67.35,100,
09:48:18,67.35,400,
09:48:18,67.35,400,
09:48:18,67.35,100,
09:48:18,67.35,100,
09:48:23,67.35,100,
09:48:24,67.34,100,
09:48:24,67.34,600,
09:48:24,67.34,100,
09:48:46,67.33,200,
09:48:48,67.34,100,
09:48:48,67.34,400,
09:48:48,67.34,100,
09:48:48,67.34,200,
09:48:48,67.34,200,
09:48:49,67.35,200,
09:48:49,67.35,200,
09:48:49,67.35,200,
09:48:49,67.35,600,
09:48:53,67.35,100,
09:48:54,67.35,400,
09:48:54,67.35,600,
09:49:01,67.35,2900,
09:49:01,67.35,800,
09:49:05,67.35,1000,
09:49:07,67.35,10000,
09:49:09,67.35,100,
09:49:09,67.35,400,
09:49:09,67.35,100,
09:49:16,67.35,100,
09:49:16,67.35,100,
09:49:16,67.35,972,
09:49:16,67.35,400,
09:49:16,67.35,200,
09:49:16,67.35,27299,
09:49:26,67.34,3500,
09:49:26,67.34,800,
09:49:29,67.35,400,
09:49:29,67.35,100,
09:49:29,67.35,100,
09:49:29,67.35,200,
09:49:29,67.35,100,
09:49:31,67.34,100,
09:49:31,67.351,100,
09:49:34,67.35,500,
09:49:34,67.3592,600,
09:49:35,67.35,400,
09:49:35,67.35,400,
09:49:35,67.35,400,
09:49:35,67.35,100,
09:49:35,67.35,100,
09:49:42,67.34,100,
09:49:42,67.34,200,
09:49:42,67.34,3500,
09:49:48,67.34,100,
09:49:53,67.34,400,
09:49:53,67.34,400,
09:49:53,67.34,600,
09:49:53,67.34,100,
09:49:53,67.34,100,
09:49:53,67.34,400,
09:49:59,67.35,200,
09:50:05,67.348,200,
09:50:08,67.3492,600,
09:50:14,67.35,100,
09:50:14,67.35,200,
09:50:14,67.35,600,
09:50:14,67.35,100,
09:50:14,67.35,100,
09:50:14,67.36,600,
09:50:14,67.35,500,
09:50:14,67.35,300,
09:50:14,67.35,2200,
09:50:14,67.35,200,
09:50:14,67.35,100,
09:50:17,67.35,200,
09:50:17,67.35,200,
09:50:17,67.35,300,
09:50:22,67.36,100,
09:50:24,67.36,300,
09:50:25,67.37,500,
09:50:25,67.37,2000,
09:50:25,67.37,100,
09:50:25,67.37,500,
09:50:33,67.38,500,
09:50:33,67.38,4100,
09:50:39,67.38,400,
09:50:39,67.38,400,
09:50:39,67.38,600,
09:50:39,67.38,500,
09:50:39,67.38,700,
09:50:39,67.38,100,
09:50:39,67.38,800,
09:50:39,67.38,2017,
09:50:39,67.38,2000,
09:50:39,67.38,800,
09:50:39,67.38,500,
09:50:39,67.38,7000,
09:50:39,67.38,315,
09:50:40,67.385,259,
09:50:44,67.38,200,
09:50:44,67.38,300,
09:50:44,67.38,200,
09:50:44,67.37,900,
09:50:44,67.37,100,
09:50:44,67.37,1000,
09:50:44,67.37,215,
09:50:44,67.37,100,
09:50:44,67.37,400,
09:50:44,67.37,600,
09:50:44,67.37,100,
09:50:44,67.37,400,
09:50:44,67.37,215,
09:50:44,67.37,1500,
09:50:47,67.36,122,
09:50:48,67.37,800,
09:50:48,67.37,400,
09:50:48,67.37,800,
09:50:48,67.37,100,
09:50:48,67.37,500,
09:50:48,67.37,600,
09:50:48,67.37,3359,
09:50:48,67.37,100,
09:50:48,67.37,600,
09:50:48,67.37,800,
09:50:48,67.37,200,
09:50:48,67.37,500,
09:50:48,67.37,100,
09:50:48,67.37,500,
09:50:48,67.37,815,
09:50:48,67.37,1000,
09:50:48,67.37,2000,
09:50:48,67.37,1000,
09:50:48,67.37,500,
09:50:48,67.37,500,
09:50:48,67.37,500,
09:50:48,67.37,100,
09:50:48,67.37,800,
09:50:49,67.37,140,
09:50:53,67.36,500,
09:50:53,67.36,500,
09:50:53,67.36,400,
09:50:53,67.36,600,
09:50:53,67.36,178,
09:50:53,67.36,800,
09:50:53,67.36,400,
09:50:53,67.36,800,
09:50:53,67.36,322,
09:50:53,67.36,100,
09:50:53,67.36,100,
09:50:54,67.36,400,
09:50:54,67.36,400,
09:50:54,67.36,600,
09:50:54,67.36,500,
09:50:54,67.36,800,
09:50:54,67.36,800,
09:50:54,67.36,500,
09:51:00,67.3599,1000,
09:51:03,67.35,400,
09:51:03,67.35,100,
09:51:03,67.35,400,
09:51:03,67.35,400,
09:51:03,67.35,400,
09:51:03,67.35,700,
09:51:03,67.35,3700,
09:51:04,67.35,100,
09:51:05,67.35,600,
09:51:08,67.34,700,
09:51:15,67.34,100,
09:51:15,67.34,100,
09:51:15,67.34,100,
09:51:15,67.34,100,
09:51:15,67.34,100,
09:51:15,67.34,100,
09:51:15,67.34,100,
09:51:15,67.34,100,
09:51:15,67.34,400,
09:51:15,67.34,200,
09:51:15,67.34,100,
09:51:15,67.34,400,
09:51:15,67.34,400,
09:51:17,67.34,200,
09:51:26,67.34,100,
09:51:26,67.34,200,
09:51:26,67.34,100,
09:51:26,67.34,220,
09:51:26,67.34,100,
09:51:26,67.33,100,
09:51:39,67.34,100,
09:51:39,67.34,300,
09:51:39,67.34,100,
09:51:39,67.34,305,
09:51:40,67.34,200,
09:51:40,67.34,200,
09:51:40,67.34,100,
09:51:40,67.34,100,
09:51:40,67.34,100,
09:51:40,67.34,100,
09:51:40,67.34,100,
09:51:49,67.325,200,
09:51:50,67.32,400,
09:51:54,67.315,500,
09:51:55,67.32,800,
09:51:55,67.32,100,
09:51:55,67.32,400,
09:51:55,67.32,600,
09:51:55,67.32,400,
09:51:55,67.32,100,
09:51:55,67.32,100,
09:51:55,67.32,700,
09:51:55,67.33,700,
09:51:55,67.33,400,
09:52:00,67.3248,5000,
09:52:09,67.32,100,
09:52:13,67.33,100,
09:52:13,67.33,126,
09:52:13,67.33,2200,
09:52:24,67.34,100,
09:52:29,67.33,100,
09:52:29,67.33,195,
09:52:29,67.33,100,
09:52:29,67.33,100,
09:52:40,67.33,100,
09:52:46,67.3201,100,
09:52:46,67.3208,200,
09:52:48,67.33,600,
09:52:48,67.33,100,
09:52:48,67.33,700,
09:52:48,67.33,100,
09:52:48,67.33,100,
09:52:48,67.33,300,
09:52:48,67.33,100,
09:52:48,67.33,1613,
09:52:48,67.33,500,
09:52:48,67.33,800,
09:52:48,67.325,100,
09:52:49,67.33,100,
09:52:49,67.33,2040,
09:52:49,67.33,400,
09:52:49,67.33,297,
09:52:49,67.33,100,
09:52:49,67.33,100,
09:52:57,67.3308,750,
09:52:58,67.34,100,
09:52:58,67.34,100,
09:52:58,67.34,400,
09:53:02,67.34,100,
09:53:02,67.34,800,
09:53:02,67.34,100,
09:53:02,67.34,600,
09:53:02,67.34,600,
09:53:02,67.34,400,
09:53:02,67.34,100,
09:53:02,67.34,300,
09:53:02,67.34,500,
09:53:02,67.34,400,
09:53:02,67.34,700,
09:53:02,67.34,100,
09:53:02,67.345,100,
09:53:12,67.34,100,
09:53:12,67.34,100,
09:53:12,67.34,400,
09:53:16,67.342,300,
09:53:18,67.35,400,
09:53:24,67.35,290,
09:53:32,67.36,100,
09:53:41,67.35,100,
09:53:41,67.35,400,
09:53:41,67.35,100,
09:53:41,67.35,100,
09:53:41,67.35,400,
09:53:42,67.35,100,
09:53:47,67.34,200,
09:53:47,67.34,100,
09:53:47,67.34,300,
09:53:47,67.35,400,
09:53:47,67.35,100,
09:53:47,67.35,800,
09:53:47,67.35,100,
09:53:47,67.35,200,
09:53:47,67.35,500,
09:53:47,67.35,400,
09:53:47,67.35,400,
09:53:47,67.35,100,
09:53:47,67.35,308,
09:53:47,67.35,700,
09:53:47,67.35,500,
09:53:47,67.34,200,
09:53:48,67.34,374,
09:53:49,67.34,100,
09:53:49,67.34,100,
09:53:49,67.34,100,
09:53:49,67.34,100,
09:53:49,67.34,583,
09:53:49,67.33,100,
09:54:00,67.3308,1003,
09:54:02,67.33,200,
09:54:02,67.33,196,
09:54:02,67.33,400,
09:54:02,67.33,200,
09:54:02,67.33,400,
09:54:06,67.32,100,
09:54:06,67.32,100,
09:54:08,67.32,100,
09:54:08,67.32,100,
09:54:08,67.33,200,
09:54:09,67.32,118,
09:54:09,67.32,777,
09:54:09,67.32,1600,
09:54:11,67.3107,140,
09:54:12,67.31,300,
09:54:12,67.31,200,
09:54:12,67.31,400,
09:54:12,67.31,400,
09:54:14,67.32,500,
09:54:14,67.32,400,
09:54:14,67.32,600,
09:54:14,67.32,100,
09:54:16,67.31,223,
09:54:18,67.30,100,
09:54:20,67.31,682,
09:54:20,67.31,400,
09:54:20,67.31,300,
09:54:20,67.31,200,
09:54:20,67.31,200,
09:54:21,67.31,100,
09:54:21,67.31,100,
09:54:24,67.30,500,
09:54:25,67.30,100,
09:54:25,67.30,200,
09:54:25,67.30,100,
09:54:25,67.30,8940,
09:54:25,67.30,600,
09:54:25,67.30,4100,
09:54:25,67.30,445,
09:54:25,67.30,7000,
09:54:25,67.30,2000,
09:54:25,67.30,2400,
09:54:25,67.30,400,
09:54:25,67.30,600,
09:54:25,67.30,1000,
09:54:25,67.30,100,
09:54:27,67.31,100,
09:54:27,67.31,200,
09:54:27,67.31,400,
09:54:28,67.31,100,
09:54:28,67.31,100,
09:54:28,67.31,100,
09:54:29,67.3091,150,
09:54:32,67.3084,100,
09:54:33,67.30,300,
09:54:35,67.30,200,
09:54:35,67.30,100,
09:54:35,67.30,200,
09:54:35,67.30,1000,
09:54:36,67.30,200,
09:54:36,67.30,700,
09:54:36,67.30,500,
09:54:37,67.30,100,
09:54:37,67.30,100,
09:54:37,67.30,185,
09:54:37,67.30,500,
09:54:37,67.30,500,
09:54:37,67.30,100,
09:54:37,67.30,400,
09:54:38,67.30,200,
09:54:38,67.30,200,
09:54:38,67.30,100,
09:54:38,67.30,285,
09:54:38,67.30,500,
09:54:38,67.30,100,
09:54:40,67.3002,200,
09:54:42,67.31,290,
09:54:43,67.31,200,
09:54:43,67.31,200,
09:54:43,67.31,100,
09:54:43,67.31,227,
09:54:44,67.32,100,
09:54:50,67.32,121,
09:54:53,67.32,100,
09:54:53,67.32,118,
09:54:53,67.32,200,
09:54:53,67.32,200,
09:54:53,67.32,264,
09:54:53,67.32,100,
09:54:53,67.32,200,
09:54:54,67.32,3500,
09:54:54,67.32,2000,
09:54:54,67.32,500,
09:54:54,67.32,500,
09:54:54,67.32,2000,
09:54:54,67.32,2000,
09:54:54,67.32,700,
09:54:54,67.32,100,
09:54:54,67.32,100,
09:54:54,67.32,1500,
09:54:59,67.3292,100,
09:55:02,67.32,100,
09:55:02,67.32,400,
09:55:02,67.32,100,
09:55:02,67.32,100,
09:55:02,67.32,100,
09:55:02,67.32,500,
09:55:03,67.32,200,
09:55:09,67.32,200,
09:55:09,67.32,100,
09:55:09,67.32,500,
09:55:09,67.32,500,
09:55:14,67.31,100,
09:55:18,67.3184,100,
09:55:27,67.31,300,
09:55:27,67.31,100,
09:55:27,67.31,100,
09:55:31,67.31,500,
09:55:31,67.31,200,
09:55:31,67.31,300,
09:55:31,67.31,200,
09:55:32,67.31,100,
09:55:33,67.31,200,
09:55:33,67.31,100,
09:55:33,67.31,600,
09:55:33,67.31,2200,
09:55:34,67.31,150,
09:55:35,67.31,250,
09:55:41,67.31,100,
09:55:44,67.31,100,
09:55:44,67.31,100,
09:55:44,67.31,600,
09:55:44,67.31,200,
09:55:44,67.31,166,
09:55:44,67.31,100,
09:55:44,67.31,100,
09:55:44,67.31,200,
09:55:44,67.31,500,
09:55:44,67.305,100,
09:55:45,67.3105,1000,
09:55:47,67.32,100,
09:55:47,67.32,100,
09:55:47,67.32,500,
09:55:50,67.32,100,
09:55:50,67.32,200,
09:55:55,67.33,300,
09:55:55,67.33,217,
09:55:55,67.33,117,
09:55:55,67.33,317,
09:55:57,67.33,100,
09:55:57,67.33,200,
09:55:59,67.3207,200,
09:56:02,67.34,303,
09:56:02,67.35,500,
09:56:02,67.35,600,
09:56:02,67.35,400,
09:56:02,67.35,100,
09:56:19,67.36,300,
09:56:29,67.36,300,
09:56:43,67.356,1773,
09:56:45,67.355,290,
09:56:47,67.35,100,
09:56:47,67.35,1200,
09:56:47,67.35,100,
09:56:47,67.35,2200,
09:56:47,67.35,100,
09:56:47,67.35,1900,
09:56:47,67.35,100,
09:56:47,67.35,2000,
09:56:51,67.36,500,
09:56:54,67.35,100,
09:56:55,67.35,100,
09:56:56,67.3599,200,
09:56:56,67.35,300,
09:56:56,67.35,400,
09:56:56,67.35,300,
09:56:56,67.35,200,
09:56:56,67.35,100,
09:56:56,67.35,100,
09:56:56,67.34,2000,
09:56:56,67.34,588,
09:56:56,67.34,200,
09:56:56,67.34,800,
09:56:56,67.3525,100,
09:56:56,67.34,100,
09:56:56,67.34,800,
09:56:56,67.34,100,
09:56:56,67.34,400,
09:56:56,67.34,100,
09:56:56,67.34,300,
09:56:56,67.34,400,
09:56:56,67.34,100,
09:56:56,67.34,100,
09:56:56,67.34,200,
09:56:56,67.34,100,
09:56:56,67.34,100,
09:56:56,67.35,100,
09:56:56,67.35,100,
09:56:56,67.34,100,
09:56:56,67.34,100,
09:56:56,67.34,100,
09:56:56,67.33,100,
09:56:56,67.33,400,
09:56:57,67.33,200,
09:57:00,67.32,100,
09:57:00,67.32,100,
09:57:02,67.32,100,
09:57:02,67.32,600,
09:57:02,67.32,100,
09:57:02,67.32,100,
09:57:03,67.31,300,
09:57:03,67.31,300,
09:57:03,67.31,300,
09:57:03,67.31,400,
09:57:03,67.31,300,
09:57:03,67.31,300,
09:57:03,67.31,200,
09:57:03,67.31,300,
09:57:03,67.31,100,
09:57:06,67.32,100,
09:57:06,67.32,100,
09:57:06,67.32,100,
09:57:06,67.32,258,
09:57:06,67.32,400,
09:57:06,67.32,600,
09:57:06,67.32,100,
09:57:06,67.32,100,
09:57:06,67.32,2000,
09:57:06,67.32,100,
09:57:06,67.32,100,
09:57:06,67.32,605,
09:57:06,67.32,400,
09:57:06,67.32,100,
09:57:06,67.32,685,
09:57:06,67.32,500,
09:57:06,67.33,100,
09:57:06,67.32,100,
09:57:06,67.32,100,
09:57:06,67.33,600,
09:57:06,67.33,800,
09:57:06,67.33,300,
09:57:06,67.33,600,
09:57:06,67.33,100,
09:57:06,67.33,400,
09:57:06,67.33,300,
09:57:06,67.33,500,
09:57:07,67.33,300,
09:57:13,67.33,200,
09:57:13,67.33,100,
09:57:15,67.33,600,
09:57:17,67.33,200,
09:57:17,67.33,100,
09:57:17,67.33,100,
09:57:17,67.33,100,
09:57:17,67.33,100,
09:57:18,67.33,100,
09:57:18,67.33,100,
09:57:18,67.33,100,
09:57:19,67.33,200,
09:57:19,67.33,100,
09:57:19,67.33,100,
09:57:21,67.33,200,
09:57:26,67.3299,3600,
09:57:36,67.32,100,
09:57:36,67.33,400,
09:57:44,67.33,300,
09:57:50,67.33,600,
09:57:50,67.33,500,
09:57:50,67.33,600,
09:57:50,67.33,593,
09:57:50,67.33,100,
09:57:50,67.33,400,
09:57:50,67.33,500,
09:57:50,67.34,800,
09:57:51,67.3303,112,
09:57:51,67.34,100,
09:57:51,67.34,117,
09:57:53,67.33,314,
09:58:04,67.33,400,
09:58:04,67.33,800,
09:58:04,67.33,800,
09:58:04,67.33,100,
09:58:04,67.33,100,
09:58:04,67.33,100,
09:58:04,67.33,100,
09:58:04,67.33,100,
09:58:04,67.33,500,
09:58:04,67.33,100,
09:58:04,67.33,100,
09:58:08,67.32,163,
09:58:12,67.32,100,
09:58:12,67.32,100,
09:58:12,67.32,400,
09:58:12,67.32,100,
09:58:12,67.32,100,
09:58:17,67.32,100,
09:58:18,67.32,200,
09:58:18,67.32,100,
09:58:19,67.32,300,
09:58:20,67.31,100,
09:58:20,67.31,500,
09:58:20,67.31,400,
09:58:20,67.31,400,
09:58:20,67.31,100,
09:58:20,67.31,400,
09:58:20,67.31,400,
09:58:21,67.31,500,
09:58:21,67.31,400,
09:58:21,67.31,400,
09:58:25,67.30,197,
09:58:27,67.30,197,
09:58:27,67.30,500,
09:58:27,67.30,400,
09:58:27,67.30,203,
09:58:27,67.30,100,
09:58:27,67.3058,100,
09:58:49,67.31,100,
09:58:49,67.31,100,
09:58:52,67.30,100,
09:58:52,67.30,100,
09:58:54,67.30,600,
09:58:54,67.3013,100,
09:58:54,67.3017,100,
09:58:54,67.30,101,
09:58:54,67.30,600,
09:58:55,67.29,175,
09:58:55,67.29,164,
09:58:56,67.29,100,
09:58:56,67.29,100,
09:58:58,67.2805,500,
09:58:59,67.28,2900,
09:58:59,67.28,500,
09:59:00,67.28,100,
09:59:00,67.2871,247,
09:59:06,67.29,100,
09:59:06,67.29,200,
09:59:06,67.29,400,
09:59:06,67.29,100,
09:59:06,67.29,100,
09:59:06,67.29,100,
09:59:06,67.29,400,
09:59:20,67.29,100,
09:59:20,67.29,100,
09:59:20,67.29,100,
09:59:20,67.29,800,
09:59:20,67.29,400,
09:59:20,67.29,100,
09:59:20,67.29,100,
09:59:20,67.29,100,
09:59:20,67.29,100,
09:59:20,67.29,100,
09:59:24,67.288,100,
09:59:26,67.2801,1100,
09:59:29,67.29,100,
09:59:31,67.28,100,
09:59:31,67.28,200,
09:59:37,67.28,100,
09:59:37,67.28,100,
09:59:37,67.28,459,
09:59:40,67.29,670,
09:59:40,67.29,400,
09:59:40,67.29,100,
09:59:40,67.29,100,
09:59:40,67.29,100,
09:59:40,67.29,100,
09:59:40,67.29,100,
09:59:40,67.29,500,
09:59:40,67.29,800,
09:59:40,67.29,100,
09:59:40,67.29,100,
09:59:40,67.29,115,
09:59:40,67.30,1038,
09:59:46,67.29,100,
09:59:46,67.29,100,
09:59:46,67.29,100,
09:59:46,67.29,400,
09:59:46,67.29,100,
09:59:46,67.29,800,
09:59:46,67.29,100,
09:59:46,67.29,100,
09:59:46,67.29,100,
09:59:46,67.29,100,
09:59:48,67.282,1200,
09:59:54,67.28,100,
09:59:56,67.28,100,
09:59:56,67.28,100,
09:59:56,67.28,100,
09:59:56,67.28,100,
09:59:56,67.28,500,
09:59:58,67.28,100,
09:59:58,67.28,100,
10:00:02,67.29,100,
10:00:02,67.29,100,
10:00:05,67.2814,100,
10:00:15,67.29,500,
10:00:15,67.29,100,
10:00:15,67.29,100,
10:00:18,67.28,100,
10:00:19,67.28,204,
10:00:19,67.28,100,
10:00:21,67.28,100,
10:00:21,67.27,789,
10:00:21,67.27,815,
10:00:21,67.27,800,
10:00:21,67.27,600,
10:00:21,67.27,400,
10:00:25,67.27,2500,
10:00:26,67.27,500,
10:00:26,67.27,1211,
10:00:27,67.2708,100,
10:00:27,67.28,100,
10:00:27,67.28,100,
10:00:36,67.28,100,
10:00:36,67.28,100,
10:00:37,67.28,100,
10:00:37,67.28,100,
10:00:37,67.28,100,
10:00:37,67.28,300,
10:00:37,67.28,300,
10:00:37,67.28,100,
10:00:37,67.28,100,
10:00:37,67.28,197,
10:00:37,67.28,900,
10:00:42,67.29,100,
10:00:42,67.29,100,
10:00:42,67.29,100,
10:00:45,67.28,500,
10:00:46,67.28,100,
10:00:46,67.28,100,
10:00:46,67.28,100,
10:00:46,67.28,100,
10:00:46,67.28,100,
10:00:46,67.28,100,
10:00:46,67.28,100,
10:00:46,67.28,100,
10:00:47,67.27,100,
10:00:55,67.28,100,
10:00:55,67.28,100,
10:00:56,67.28,100,
10:00:56,67.28,100,
10:00:56,67.28,300,
10:01:02,67.29,200,
10:01:04,67.29,100,
10:01:04,67.29,400,
10:01:04,67.29,900,
10:01:04,67.29,100,
10:01:04,67.29,100,
10:01:04,67.29,1100,
10:01:04,67.29,2200,
10:01:04,67.29,400,
10:01:04,67.29,500,
10:01:04,67.29,200,
10:01:04,67.29,300,
10:01:04,67.29,600,
10:01:04,67.29,100,
10:01:04,67.29,100,
10:01:04,67.29,1500,
10:01:04,67.29,1000,
10:01:04,67.28,10000,
10:01:08,67.29,100,
10:01:08,67.29,400,
10:01:08,67.29,100,
10:01:08,67.29,100,
10:01:10,67.29,800,
10:01:16,67.30,100,
10:01:16,67.30,200,
10:01:16,67.30,100,
10:01:21,67.29,800,
10:01:22,67.30,100,
10:01:22,67.30,800,
10:01:22,67.30,200,
10:01:22,67.30,200,
10:01:22,67.30,100,
10:01:22,67.30,800,
10:01:22,67.30,100,
10:01:22,67.30,100,
10:01:22,67.30,200,
10:01:26,67.30,100,
10:01:26,67.30,100,
10:01:26,67.30,200,
10:01:27,67.30,100,
10:01:28,67.3019,300,
10:01:31,67.31,100,
10:01:31,67.31,100,
10:01:31,67.31,200,
10:01:31,67.31,600,
10:01:31,67.31,800,
10:01:31,67.31,100,
10:01:31,67.31,300,
10:01:31,67.31,100,
10:01:31,67.31,100,
10:01:35,67.32,100,
10:01:35,67.32,600,
10:01:35,67.32,100,
10:01:35,67.32,100,
10:01:35,67.32,415,
10:01:36,67.32,100,
10:01:41,67.33,100,
10:01:41,67.33,100,
10:01:46,67.33,400,
10:01:46,67.33,100,
10:01:46,67.33,100,
10:01:51,67.34,100,
10:01:51,67.34,100,
10:01:51,67.34,100,
10:01:51,67.34,815,
10:01:55,67.35,100,
10:01:55,67.35,100,
10:01:55,67.35,100,
10:01:55,67.35,400,
10:01:56,67.34,100,
10:01:58,67.35,100,
10:01:58,67.35,800,
10:01:58,67.35,600,
10:01:58,67.35,815,
10:01:58,67.35,600,
10:01:58,67.35,400,
10:01:58,67.35,400,
10:01:58,67.35,100,
10:01:58,67.35,800,
10:01:58,67.35,885,
10:01:58,67.35,2000,
10:01:58,67.35,400,
10:01:58,67.35,800,
10:01:58,67.35,100,
10:01:58,67.35,100,
10:01:58,67.35,1000,
10:01:58,67.35,1000,
10:02:08,67.34,100,
10:02:35,67.34,100,
10:02:35,67.34,1300,
10:02:35,67.34,800,
10:02:35,67.34,800,
10:02:35,67.34,600,
10:02:35,67.34,1400,
10:02:35,67.34,100,
10:02:35,67.34,100,
10:02:35,67.34,100,
10:02:41,67.336,743,
10:02:45,67.34,100,
10:02:45,67.34,400,
10:02:45,67.34,100,
10:02:45,67.34,100,
10:02:45,67.34,500,
10:02:45,67.34,600,
10:02:45,67.34,100,
10:02:45,67.34,100,
10:02:45,67.34,100,
10:02:45,67.34,400,
10:02:45,67.34,100,
10:02:45,67.34,100,
10:02:46,67.34,200,
10:02:47,67.34,100,
10:02:47,67.34,800,
10:02:47,67.34,100,
10:02:47,67.34,100,
10:02:47,67.34,100,
10:02:47,67.34,100,
10:02:47,67.34,600,
10:02:47,67.34,400,
10:02:47,67.34,300,
10:02:47,67.34,100,
10:02:47,67.34,100,
10:02:47,67.34,1000,
10:02:47,67.34,100,
10:02:47,67.34,100,
10:02:47,67.34,1400,
10:02:47,67.34,400,
10:02:47,67.34,600,
10:02:47,67.34,500,
10:02:47,67.34,100,
10:02:47,67.34,400,
10:02:47,67.34,500,
10:02:47,67.34,300,
10:02:47,67.34,100,
10:02:47,67.34,500,
10:02:48,67.33,559,
10:02:48,67.33,800,
10:02:48,67.33,600,
10:02:48,67.33,400,
10:02:48,67.33,600,
10:02:48,67.33,100,
10:02:48,67.33,600,
10:02:48,67.33,600,
10:02:51,67.34,400,
10:02:51,67.34,100,
10:03:10,67.34,692,
10:03:27,67.34,100,
10:03:28,67.34,100,
10:03:28,67.34,100,
10:03:28,67.34,100,
10:03:28,67.34,100,
10:03:28,67.34,600,
10:03:31,67.345,500,
10:03:34,67.35,700,
10:03:35,67.34,100,
10:03:35,67.34,100,
10:03:35,67.34,600,
10:03:35,67.34,100,
10:03:35,67.34,200,
10:03:35,67.34,100,
10:03:35,67.34,700,
10:03:35,67.34,100,
10:03:35,67.34,700,
10:03:35,67.34,100,
10:03:35,67.34,100,
10:03:35,67.34,100,
10:03:35,67.34,100,
10:03:39,67.34,100,
10:03:43,67.339,300,
10:03:47,67.34,400,
10:03:57,67.34,100,
10:03:57,67.35,100,
10:03:57,67.35,100,
10:03:57,67.34,500,
10:03:57,67.34,100,
10:03:57,67.34,100,
10:03:57,67.34,400,
10:03:57,67.35,100,
10:03:57,67.35,200,
10:03:57,67.35,100,
10:03:57,67.35,100,
10:03:57,67.35,100,
10:03:57,67.35,100,
10:03:57,67.35,300,
10:03:57,67.35,800,
10:04:03,67.348,900,
10:04:04,67.34,400,
10:04:10,67.3493,400,
10:04:13,67.34,100,
10:04:13,67.34,437,
10:04:13,67.34,700,
10:04:13,67.34,863,
10:04:13,67.34,600,
10:04:13,67.34,100,
10:04:13,67.34,400,
10:04:13,67.34,400,
10:04:16,67.3496,300,
10:04:16,67.3496,2800,
10:04:16,67.3496,1000,
10:04:16,67.3496,500,
10:04:16,67.3496,300,
10:04:16,67.35,500,
10:04:16,67.35,1000,
10:04:16,67.35,13400,
10:04:16,67.349,3000,
10:04:24,67.34,100,
10:04:24,67.34,600,
10:04:24,67.34,1280,
10:04:24,67.34,100,
10:04:24,67.33,400,
10:04:24,67.33,400,
10:04:24,67.33,100,
10:04:24,67.33,400,
10:04:24,67.33,400,
10:04:24,67.33,100,
10:04:24,67.33,500,
10:04:24,67.33,200,
10:04:31,67.32,100,
10:04:34,67.32,200,
10:04:34,67.32,100,
10:04:34,67.32,100,
10:04:34,67.32,600,
10:04:34,67.32,100,
10:04:34,67.32,100,
10:04:34,67.32,800,
10:04:34,67.32,100,
10:04:34,67.32,800,
10:04:34,67.32,100,
10:04:34,67.32,100,
10:04:38,67.319,100,
10:04:40,67.31,200,
10:04:40,67.31,600,
10:04:40,67.31,700,
10:04:40,67.31,100,
10:04:40,67.31,400,
10:04:41,67.3003,500,
10:04:41,67.3003,400,
10:04:41,67.3003,300,
10:04:41,67.3003,200,
10:04:41,67.3003,400,
10:04:41,67.3003,300,
10:04:41,67.30,12100,
10:04:41,67.301,12100,
10:04:42,67.30,353,
10:04:42,67.30,300,
10:04:42,67.30,297,
10:04:42,67.30,400,
10:04:42,67.30,100,
10:04:42,67.30,100,
10:04:42,67.30,200,
10:04:42,67.30,100,
10:04:42,67.30,100,
10:04:42,67.30,100,
10:04:42,67.30,3100,
10:04:42,67.30,100,
10:04:42,67.298,113,
10:04:43,67.30,100,
10:04:43,67.30,300,
10:04:43,67.29,100,
10:04:43,67.29,100,
10:04:44,67.29,400,
10:04:44,67.29,700,
10:04:44,67.29,100,
10:04:44,67.29,400,
10:04:44,67.29,100,
10:04:44,67.29,400,
10:04:46,67.29,1000,
10:04:46,67.29,100,
10:04:46,67.29,400,
10:04:46,67.30,626,
10:04:46,67.30,100,
10:04:46,67.30,100,
10:04:46,67.29,100,
10:04:46,67.30,100,
10:04:46,67.29,100,
10:04:46,67.30,500,
10:04:46,67.30,200,
10:04:46,67.30,100,
10:04:47,67.30,200,
10:04:47,67.30,100,
10:04:47,67.30,300,
10:04:47,67.30,100,
10:04:47,67.30,197,
10:04:47,67.30,100,
10:04:48,67.30,100,
10:04:48,67.30,500,
10:04:51,67.29,500,
10:04:56,67.30,400,
10:04:56,67.30,100,
10:05:00,67.30,100,
10:05:00,67.30,100,
10:05:00,67.30,100,
10:05:00,67.30,700,
10:05:05,67.31,400,
10:05:10,67.31,100,
10:05:10,67.31,100,
10:05:12,67.31,100,
10:05:12,67.31,400,
10:05:16,67.31,100,
10:05:19,67.30,600,
10:05:19,67.30,700,
10:05:19,67.30,400,
10:05:19,67.30,600,
10:05:19,67.30,100,
10:05:19,67.30,400,
10:05:19,67.30,200,
10:05:19,67.30,400,
10:05:19,67.30,100,
10:05:19,67.30,100,
10:05:19,67.30,126,
10:05:21,67.30,269,
10:05:22,67.29,100,
10:05:22,67.29,400,
10:05:22,67.29,700,
10:05:22,67.29,800,
10:05:24,67.282,900,
10:05:27,67.29,2000,
10:05:27,67.29,600,
10:05:27,67.29,600,
10:05:27,67.29,400,
10:05:27,67.29,300,
10:05:27,67.29,100,
10:05:27,67.29,100,
10:05:27,67.29,100,
10:05:27,67.29,800,
10:05:28,67.30,600,
10:05:28,67.30,400,
10:05:32,67.31,200,
10:05:34,67.31,200,
10:05:45,67.31,400,
10:05:46,67.31,100,
10:05:51,67.3129,400,
10:05:51,67.31,300,
10:05:51,67.31,200,
10:05:51,67.31,200,
10:05:51,67.31,400,
10:05:51,67.31,100,
10:05:51,67.31,518,
10:05:51,67.31,200,
10:05:57,67.30,100,
10:05:57,67.30,400,
10:05:57,67.30,100,
10:05:58,67.29,200,
10:05:58,67.29,5000,
10:05:58,67.29,400,
10:05:58,67.29,100,
10:05:58,67.2899,1847,
10:06:01,67.29,200,
10:06:01,67.29,700,
10:06:01,67.29,298,
10:06:01,67.29,100,
10:06:01,67.29,400,
10:06:01,67.29,400,
10:06:01,67.29,100,
10:06:01,67.29,100,
10:06:03,67.30,100,
10:06:03,67.30,400,
10:06:03,67.30,100,
10:06:03,67.30,500,
10:06:03,67.30,100,
10:06:06,67.31,400,
10:06:11,67.30,400,
10:06:14,67.30,300,
10:06:14,67.29,500,
10:06:17,67.29,100,
10:06:17,67.29,600,
10:06:18,67.29,100,
10:06:20,67.29,100,
10:06:21,67.30,400,
10:06:26,67.30,200,
10:06:26,67.30,100,
10:06:26,67.30,100,
10:06:27,67.292,100,
10:06:28,67.29,100,
10:06:28,67.2923,100,
10:06:28,67.2923,100,
10:06:28,67.29,800,
10:06:31,67.30,100,
10:06:32,67.30,100,
10:06:32,67.30,200,
10:06:32,67.29,1100,
10:06:33,67.30,100,
10:06:33,67.30,100,
10:06:33,67.30,400,
10:06:34,67.31,100,
10:06:34,67.31,100,
10:06:39,67.31,500,
10:06:40,67.31,400,
10:06:45,67.31,100,
10:06:46,67.31,100,
10:06:46,67.31,100,
10:06:46,67.31,300,
10:06:48,67.30,700,
10:06:48,67.30,800,
10:06:48,67.30,400,
10:06:48,67.30,100,
10:06:48,67.30,400,
10:06:53,67.299,2000,
10:06:54,67.30,800,
10:06:54,67.30,200,
10:06:54,67.30,400,
10:06:54,67.30,100,
10:06:57,67.30,100,
10:06:57,67.30,300,
10:06:57,67.30,400,
10:06:57,67.30,200,
10:06:57,67.30,100,
10:07:01,67.31,400,
10:07:05,67.31,100,
10:07:05,67.31,100,
10:07:05,67.31,10000,
10:07:05,67.31,2300,
10:07:05,67.31,700,
10:07:05,67.31,100,
10:07:05,67.31,400,
10:07:05,67.31,100,
10:07:05,67.31,100,
10:07:05,67.31,100,
10:07:05,67.31,400,
10:07:05,67.31,2400,
10:07:05,67.31,500,
10:07:05,67.31,800,
10:07:05,67.31,100,
10:07:05,67.32,100,
10:07:05,67.32,150,
10:07:05,67.32,700,
10:07:05,67.32,100,
10:07:05,67.32,600,
10:07:05,67.32,400,
10:07:05,67.32,100,
10:07:05,67.32,100,
10:07:05,67.32,100,
10:07:05,67.32,100,
10:07:05,67.31,100,
10:07:05,67.31,800,
10:07:05,67.31,400,
10:07:05,67.31,100,
10:07:06,67.32,600,
10:07:06,67.32,100,
10:07:06,67.32,100,
10:07:06,67.32,2333,
10:07:06,67.32,700,
10:07:06,67.32,100,
10:07:06,67.32,100,
10:07:11,67.33,500,
10:07:11,67.33,100,
10:07:11,67.33,270,
10:07:11,67.33,370,
10:07:11,67.34,600,
10:07:16,67.34,100,
10:07:16,67.34,800,
10:07:16,67.34,800,
10:07:16,67.34,400,
10:07:16,67.34,700,
10:07:16,67.34,500,
10:07:16,67.34,398,
10:07:16,67.34,600,
10:07:16,67.34,279,
10:07:16,67.34,321,
10:07:16,67.33,100,
10:07:16,67.33,400,
10:07:16,67.33,200,
10:07:16,67.33,303,
10:07:16,67.33,297,
10:07:16,67.33,100,
10:07:16,67.33,500,
10:07:16,67.33,400,
10:07:16,67.33,400,
10:07:16,67.33,100,
10:07:18,67.34,100,
10:07:18,67.34,300,
10:07:21,67.34,300,
10:07:21,67.34,500,
10:07:21,67.34,100,
10:07:21,67.34,100,
10:07:21,67.34,400,
10:07:21,67.34,100,
10:07:21,67.34,100,
10:07:21,67.34,800,
10:07:21,67.34,500,
10:07:21,67.34,100,
10:07:21,67.34,800,
10:07:21,67.34,700,
10:07:21,67.3486,400,
10:07:21,67.3486,300,
10:07:21,67.3486,300,
10:07:21,67.3486,200,
10:07:21,67.349,4831,
10:07:22,67.35,274,
10:07:25,67.35,600,
10:07:25,67.35,100,
10:07:25,67.35,423,
10:07:27,67.3595,200,
10:07:29,67.35,300,
10:07:29,67.35,200,
10:07:40,67.34,100,
10:07:40,67.34,100,
10:07:40,67.34,400,
10:07:40,67.34,600,
10:07:40,67.34,100,
10:07:45,67.3373,393,
10:07:54,67.33,100,
10:07:55,67.34,100,
10:07:55,67.34,600,
10:07:55,67.34,100,
10:07:55,67.34,400,
10:07:55,67.34,400,
10:07:58,67.34,100,
10:07:58,67.34,200,
10:07:58,67.34,500,
10:07:58,67.34,1200,
10:08:04,67.34,400,
10:08:04,67.34,600,
10:08:04,67.34,100,
10:08:04,67.34,200,
10:08:04,67.34,100,
10:08:04,67.34,140,
10:08:15,67.34,100,
10:08:15,67.34,300,
10:08:15,67.34,100,
10:08:17,67.34,200,
10:08:26,67.35,230,
10:08:26,67.35,170,
10:08:26,67.35,100,
10:08:26,67.35,100,
10:08:26,67.35,100,
10:08:26,67.35,100,
10:08:30,67.36,1000,
10:08:32,67.3584,100,
10:08:36,67.35,100,
10:08:36,67.35,100,
10:08:36,67.35,100,
10:08:36,67.35,300,
10:08:36,67.3575,200,
10:08:42,67.35,600,
10:08:44,67.35,3200,
10:08:44,67.35,600,
10:08:45,67.35,100,
10:08:45,67.35,500,
10:08:45,67.35,100,
10:08:45,67.35,300,
10:08:46,67.36,100,
10:08:47,67.36,100,
10:08:47,67.36,173,
10:08:47,67.36,300,
10:08:48,67.3585,100,
10:08:48,67.3585,100,
10:08:48,67.3585,100,
10:08:49,67.36,300,
10:08:49,67.36,300,
10:08:49,67.36,300,
10:08:49,67.36,600,
10:08:49,67.36,200,
10:08:50,67.36,100,
10:08:51,67.36,200,
10:08:51,67.36,100,
10:08:52,67.36,497,
10:08:53,67.37,5000,
10:08:55,67.3507,700,
10:08:57,67.35,100,
10:08:57,67.35,100,
10:08:57,67.35,100,
10:08:57,67.35,400,
10:08:58,67.35,900,
10:09:04,67.35,500,
10:09:04,67.35,200,
10:09:04,67.35,400,
10:09:06,67.3493,400,
10:09:07,67.35,200,
10:09:07,67.35,400,
10:09:10,67.35,300,
10:09:10,67.35,600,
10:09:10,67.35,100,
10:09:10,67.35,100,
10:09:10,67.35,100,
10:09:10,67.35,1000,
10:09:16,67.35,551,
10:09:16,67.35,100,
10:09:16,67.35,269,
10:09:16,67.35,500,
10:09:16,67.35,200,
10:09:16,67.35,100,
10:09:19,67.35,100,
10:09:19,67.35,400,
10:09:19,67.35,800,
10:09:19,67.35,100,
10:09:19,67.35,100,
10:09:19,67.35,700,
10:09:19,67.35,700,
10:09:19,67.35,400,
10:09:19,67.35,100,
10:09:19,67.35,800,
10:09:19,67.35,200,
10:09:19,67.35,300,
10:09:20,67.349,100,
10:09:20,67.35,100,
10:09:20,67.35,400,
10:09:20,67.35,127,
10:09:20,67.35,100,
10:09:21,67.35,100,
10:09:21,67.35,100,
10:09:22,67.3599,475,
10:09:22,67.35,800,
10:09:22,67.35,100,
10:09:22,67.35,100,
10:09:22,67.35,100,
10:09:22,67.35,400,
10:09:22,67.35,600,
10:09:22,67.35,700,
10:09:22,67.35,800,
10:09:22,67.35,100,
10:09:22,67.35,800,
10:09:22,67.35,100,
10:09:31,67.35,200,
10:09:31,67.35,100,
10:09:32,67.35,100,
10:09:32,67.35,400,
10:09:32,67.35,400,
10:09:32,67.35,100,
10:09:32,67.348,100,
10:09:34,67.348,100,
10:09:35,67.348,270,
10:09:39,67.35,200,
10:09:45,67.3493,400,
10:09:53,67.35,400,
10:09:53,67.35,5000,
10:09:53,67.35,800,
10:09:53,67.35,900,
10:09:53,67.34,1600,
10:09:53,67.34,400,
10:09:53,67.34,127,
10:09:53,67.35,200,
10:09:53,67.35,1000,
10:09:53,67.35,100,
10:09:53,67.35,800,
10:09:53,67.35,700,
10:09:53,67.35,600,
10:09:53,67.35,1400,
10:09:53,67.35,3000,
10:09:53,67.35,400,
10:09:53,67.35,400,
10:09:53,67.34,100,
10:09:53,67.34,400,
10:09:53,67.34,400,
10:09:53,67.34,400,
10:09:53,67.34,400,
10:09:53,67.34,1500,
10:09:53,67.34,800,
10:09:53,67.34,700,
10:09:53,67.34,100,
10:09:53,67.35,200,
10:09:53,67.35,500,
10:09:53,67.34,500,
10:09:53,67.34,100,
10:09:53,67.34,100,
10:09:53,67.35,100,
10:09:54,67.34,800,
10:09:54,67.34,100,
10:09:54,67.34,100,
10:09:54,67.34,100,
10:09:54,67.34,400,
10:09:54,67.34,100,
10:09:54,67.34,400,
10:09:54,67.34,100,
10:09:55,67.35,100,
10:09:55,67.35,400,
10:09:55,67.35,500,
10:09:55,67.35,400,
10:09:55,67.35,100,
10:09:55,67.35,100,
10:09:55,67.35,500,
10:09:55,67.35,100,
10:09:55,67.35,600,
10:09:55,67.35,100,
10:09:55,67.36,400,
10:09:55,67.36,500,
10:09:55,67.36,4100,
10:09:55,67.36,815,
10:09:55,67.36,400,
10:09:57,67.35,100,
10:09:57,67.35,100,
10:09:57,67.35,600,
10:09:57,67.35,100,
10:09:57,67.35,100,
10:09:57,67.35,100,
10:09:57,67.35,100,
10:09:59,67.34,100,
10:09:59,67.34,100,
10:09:59,67.34,600,
10:09:59,67.34,137,
10:09:59,67.34,363,
10:10:03,67.34,452,
10:10:03,67.34,100,
10:10:05,67.34,700,
10:10:05,67.34,100,
10:10:05,67.34,100,
10:10:05,67.34,800,
10:10:05,67.34,100,
10:10:05,67.34,151,
10:10:05,67.34,348,
10:10:05,67.34,100,
10:10:05,67.34,100,
10:10:05,67.34,300,
10:10:09,67.34,162,
10:10:09,67.34,100,
10:10:09,67.34,100,
10:10:09,67.34,400,
10:10:09,67.34,800,
10:10:09,67.34,362,
10:10:09,67.34,700,
10:10:09,67.34,100,
10:10:09,67.34,500,
10:10:09,67.34,100,
10:10:17,67.335,125,
10:10:19,67.34,700,
10:10:20,67.34,100,
10:10:20,67.34,600,
10:10:20,67.34,100,
10:10:20,67.34,100,
10:10:20,67.34,2000,
10:10:21,67.3429,150,
10:10:26,67.34,100,
10:10:26,67.34,800,
10:10:26,67.34,500,
10:10:26,67.34,800,
10:10:26,67.34,600,
10:10:26,67.34,400,
10:10:26,67.34,100,
10:10:26,67.34,100,
10:10:26,67.34,800,
10:10:26,67.34,800,
10:10:26,67.33,100,
10:10:26,67.33,100,
10:10:26,67.33,100,
10:10:26,67.33,100,
10:10:26,67.33,100,
10:10:26,67.33,200,
10:10:26,67.33,600,
10:10:26,67.33,1800,
10:10:29,67.34,100,
10:10:29,67.34,800,
10:10:29,67.34,100,
10:10:29,67.34,700,
10:10:29,67.34,100,
10:10:29,67.34,500,
10:10:29,67.34,800,
10:10:29,67.34,100,
10:10:29,67.34,100,
10:10:29,67.34,400,
10:10:39,67.35,100,
10:10:39,67.35,100,
10:10:39,67.35,600,
10:10:39,67.35,400,
10:10:39,67.35,200,
10:10:39,67.35,100,
10:10:40,67.35,100,
10:10:55,67.365,400,
10:10:57,67.36,100,
10:10:57,67.36,700,
10:10:57,67.36,177,
10:10:57,67.36,323,
10:11:13,67.35,200,
10:11:13,67.35,100,
10:11:13,67.35,557,
10:11:13,67.35,300,
10:11:13,67.35,200,
10:11:14,67.35,100,
10:11:14,67.35,100,
10:11:14,67.35,100,
10:11:14,67.348,120,
10:11:16,67.35,300,
10:11:16,67.35,100,
10:11:16,67.35,800,
10:11:16,67.35,400,
10:11:16,67.35,100,
10:11:16,67.35,100,
10:11:16,67.35,100,
10:11:16,67.35,275,
10:11:22,67.3599,100,
10:11:36,67.355,153,
10:11:38,67.36,100,
10:11:38,67.36,100,
10:11:39,67.35,100,
10:11:39,67.35,2400,
10:11:39,67.35,500,
10:11:39,67.35,300,
10:11:39,67.35,400,
10:11:39,67.35,600,
10:11:40,67.35,1200,
10:11:40,67.35,800,
10:11:50,67.35,500,
10:11:50,67.35,100,
10:11:50,67.35,400,
10:11:57,67.34,100,
10:11:57,67.34,500,
10:11:57,67.34,100,
10:11:59,67.34,100,
10:12:08,67.34,200,
10:12:08,67.34,200,
10:12:08,67.34,168,
10:12:09,67.35,1000,
10:12:09,67.35,100,
10:12:09,67.35,100,
10:12:09,67.35,100,
10:12:09,67.35,500,
10:12:09,67.35,100,
10:12:09,67.35,100,
10:12:09,67.35,100,
10:12:09,67.35,400,
10:12:09,67.35,100,
10:12:17,67.35,100,
10:12:17,67.35,400,
10:12:17,67.35,300,
10:12:20,67.34,300,
10:12:20,67.34,500,
10:12:21,67.34,100,
10:12:25,67.34,168,
10:12:25,67.34,168,
10:12:25,67.34,100,
10:12:25,67.34,100,
10:12:25,67.34,400,
10:12:25,67.34,400,
10:12:41,67.3307,250,
10:12:48,67.33,400,
10:12:49,67.32,500,
10:12:53,67.32,100,
10:13:02,67.3286,300,
10:13:04,67.32,100,
10:13:04,67.32,400,
10:13:04,67.32,500,
10:13:04,67.32,800,
10:13:04,67.32,800,
10:13:04,67.32,400,
10:13:04,67.32,500,
10:13:04,67.31,200,
10:13:16,67.32,101,
10:13:20,67.32,300,
10:13:20,67.32,400,
10:13:29,67.31,400,
10:13:30,67.31,100,
10:13:32,67.32,600,
10:13:32,67.32,100,
10:13:32,67.32,100,
10:13:32,67.32,100,
10:13:33,67.33,100,
10:13:34,67.328,750,
10:13:37,67.3224,100,
10:13:40,67.33,370,
10:13:41,67.34,400,
10:13:41,67.34,200,
10:13:41,67.34,100,
10:13:45,67.33,100,
10:13:57,67.33,100,
10:14:00,67.34,100,
10:14:00,67.34,600,
10:14:00,67.34,650,
10:14:00,67.349,100,
10:14:01,67.34,100,
10:14:01,67.34,467,
10:14:01,67.34,300,
10:14:01,67.34,400,
10:14:01,67.34,100,
10:14:01,67.34,100,
10:14:02,67.35,565,
10:14:02,67.339,285,
10:14:03,67.339,175,
10:14:09,67.33,100,
10:14:09,67.33,400,
10:14:09,67.33,100,
10:14:09,67.33,500,
10:14:15,67.33,100,
10:14:25,67.32,100,
10:14:25,67.32,400,
10:14:25,67.32,200,
10:14:25,67.31,400,
10:14:27,67.31,100,
10:14:27,67.31,100,
10:14:27,67.31,182,
10:14:29,67.313,900,
10:14:33,67.31,100,
10:14:34,67.31,200,
10:14:34,67.31,100,
10:14:38,67.31,700,
10:14:40,67.31,500,
10:14:46,67.31,100,
10:14:48,67.30,100,
10:15:06,67.30,200,
10:15:08,67.30,3000,
10:15:08,67.30,400,
10:15:08,67.29,200,
10:15:10,67.30,400,
10:15:11,67.29,800,
10:15:11,67.2901,1200,
10:15:12,67.2901,1200,
10:15:28,67.29,800,
10:15:28,67.29,600,
10:15:28,67.29,400,
10:15:29,67.29,100,
10:15:29,67.29,100,
10:15:32,67.2924,100,
10:15:35,67.30,100,
10:15:35,67.30,100,
10:15:35,67.30,500,
10:15:35,67.30,100,
10:15:37,67.30,297,
10:15:37,67.30,100,
10:15:37,67.30,100,
10:15:37,67.30,100,
10:15:37,67.30,100,
10:15:44,67.30,500,
10:15:45,67.30,100,
10:15:45,67.30,197,
10:15:45,67.30,100,
10:15:45,67.3015,478,
10:15:55,67.31,400,
10:15:55,67.31,800,
10:15:55,67.31,300,
10:15:55,67.31,800,
10:15:55,67.31,100,
10:15:55,67.31,600,
10:15:55,67.31,400,
10:15:55,67.31,100,
10:15:55,67.31,100,
10:15:55,67.31,318,
10:15:55,67.31,100,
10:15:55,67.31,100,
10:15:55,67.31,400,
10:15:55,67.31,100,
10:15:55,67.31,100,
10:15:57,67.30,100,
10:15:57,67.30,136,
10:15:57,67.30,268,
10:15:57,67.30,100,
10:15:57,67.30,100,
10:15:57,67.30,100,
10:15:57,67.30,140,
10:16:01,67.30,100,
10:16:01,67.30,332,
10:16:01,67.30,400,
10:16:01,67.30,100,
10:16:01,67.30,100,
10:16:02,67.3081,119,
10:16:09,67.30,600,
10:16:11,67.30,200,
10:16:11,67.30,100,
10:16:11,67.30,490,
10:16:11,67.30,100,
10:16:11,67.30,100,
10:16:17,67.30,400,
10:16:20,67.30,100,
10:16:24,67.30,100,
10:16:24,67.30,100,
10:16:24,67.30,100,
10:16:31,67.31,100,
10:16:31,67.31,700,
10:16:44,67.30,500,
10:16:44,67.30,700,
10:16:44,67.30,100,
10:16:44,67.30,800,
10:16:44,67.30,100,
10:16:44,67.30,500,
10:16:44,67.30,600,
10:16:44,67.30,100,
10:16:44,67.30,400,
10:16:54,67.30,140,
10:16:54,67.30,100,
10:16:54,67.30,100,
10:16:55,67.3099,10000,
10:17:16,67.30,400,
10:17:18,67.30,100,
10:17:18,67.30,100,
10:17:18,67.30,500,
10:17:18,67.30,700,
10:17:20,67.292,500,
10:17:27,67.29,200,
10:17:27,67.29,400,
10:17:27,67.29,100,
10:17:27,67.29,100,
10:17:27,67.28,200,
10:17:32,67.29,300,
10:17:32,67.29,300,
10:17:32,67.29,600,
10:17:33,67.29,400,
10:17:35,67.28,800,
10:17:35,67.28,100,
10:17:35,67.28,500,
10:17:35,67.2701,5000,
10:17:36,67.27,100,
10:17:36,67.27,100,
10:17:36,67.27,163,
10:17:39,67.261,2900,
10:17:51,67.26,400,
10:17:53,67.26,100,
10:17:56,67.2603,300,
10:17:56,67.2603,2500,
10:17:56,67.2603,300,
10:17:56,67.2603,1000,
10:17:56,67.26,500,
10:17:56,67.26,500,
10:17:56,67.26,400,
10:17:56,67.261,4840,
10:17:57,67.26,460,
10:18:00,67.27,800,
10:18:00,67.27,600,
10:18:01,67.27,300,
10:18:01,67.27,200,
10:18:01,67.27,1900,
10:18:01,67.27,100,
10:18:01,67.27,100,
10:18:01,67.27,2500,
10:18:13,67.2799,1500,
10:18:19,67.271,100,
10:18:19,67.27,200,
10:18:19,67.27,100,
10:18:19,67.27,400,
10:18:19,67.27,400,
10:18:24,67.27,200,
10:18:24,67.2677,200,
10:18:24,67.27,100,
10:18:24,67.27,100,
10:18:24,67.2677,100,
10:18:24,67.27,100,
10:18:26,67.27,300,
10:18:26,67.27,100,
10:18:26,67.27,459,
10:18:26,67.27,400,
10:18:26,67.27,400,
10:18:26,67.27,100,
10:18:26,67.27,100,
10:18:26,67.27,400,
10:18:31,67.26,100,
10:18:38,67.26,100,
10:18:41,67.2677,500,
10:18:47,67.27,800,
10:18:47,67.28,700,
10:18:47,67.28,100,
10:18:47,67.28,400,
10:18:47,67.28,100,
10:18:47,67.28,100,
10:18:47,67.28,400,
10:18:47,67.28,100,
10:18:57,67.28,100,
10:18:57,67.28,100,
10:18:57,67.28,700,
10:18:57,67.28,800,
10:18:57,67.28,300,
10:18:59,67.28,600,
10:19:00,67.28,200,
10:19:00,67.28,1200,
10:19:00,67.28,100,
10:19:00,67.28,200,
10:19:00,67.275,100,
10:19:01,67.28,100,
10:19:01,67.28,100,
10:19:05,67.28,300,
10:19:05,67.28,100,
10:19:05,67.28,400,
10:19:08,67.29,100,
10:19:19,67.28,916,
10:19:19,67.28,600,
10:19:19,67.28,600,
10:19:19,67.28,100,
10:19:19,67.28,100,
10:19:37,67.27,235,
10:19:39,67.27,100,
10:19:39,67.27,400,
10:19:39,67.27,100,
10:19:41,67.27,700,
10:19:41,67.27,400,
10:19:41,67.27,100,
10:19:41,67.27,100,
10:19:42,67.27,100,
10:19:42,67.27,500,
10:19:43,67.27,101,
10:19:43,67.27,549,
10:19:48,67.28,100,
10:19:49,67.28,100,
10:19:51,67.28,100,
10:19:51,67.28,100,
10:19:54,67.289,190,
10:19:59,67.29,500,
10:20:00,67.29,197,
10:20:00,67.29,100,
10:20:00,67.29,603,
10:20:00,67.29,400,
10:20:00,67.29,100,
10:20:00,67.29,200,
10:20:00,67.29,100,
10:20:00,67.29,100,
10:20:05,67.29,218,
10:20:07,67.29,1100,
10:20:21,67.29,136,
10:20:23,67.282,200,
10:20:29,67.29,100,
10:20:29,67.29,600,
10:20:29,67.30,100,
10:20:31,67.30,300,
10:20:35,67.30,300,
10:20:35,67.30,600,
10:20:35,67.30,100,
10:20:35,67.30,100,
10:20:35,67.30,700,
10:20:35,67.30,200,
10:20:39,67.30,500,
10:20:41,67.30,100,
10:20:41,67.30,100,
10:20:41,67.30,1100,
10:20:53,67.30,400,
10:20:53,67.30,800,
10:20:53,67.30,400,
10:20:53,67.30,440,
10:20:56,67.30,100,
10:20:56,67.30,100,
10:20:56,67.30,100,
10:21:03,67.29,230,
10:21:03,67.29,100,
10:21:03,67.29,100,
10:21:03,67.29,100,
10:21:03,67.29,130,
10:21:04,67.29,700,
10:21:04,67.29,800,
10:21:04,67.29,400,
10:21:04,67.29,100,
10:21:04,67.30,1000,
10:21:04,67.299,2000,
10:21:06,67.29,700,
10:21:08,67.28,179,
10:21:08,67.28,321,
10:21:08,67.28,100,
10:21:08,67.28,200,
10:21:09,67.28,100,
10:21:12,67.28,700,
10:21:17,67.2871,100,
10:21:28,67.29,100,
10:21:28,67.29,400,
10:21:28,67.29,100,
10:21:28,67.29,100,
10:21:28,67.29,100,
10:21:28,67.29,400,
10:21:28,67.29,400,
10:21:28,67.29,100,
10:21:28,67.29,400,
10:21:28,67.29,100,
10:21:28,67.29,100,
10:21:38,67.29,100,
10:21:38,67.29,330,
10:21:43,67.29,300,
10:21:43,67.29,200,
10:21:43,67.29,179,
10:21:43,67.29,100,
10:21:43,67.29,100,
10:21:43,67.29,200,
10:21:43,67.29,358,
10:21:50,67.29,200,
10:21:51,67.30,400,
10:21:52,67.30,100,
10:21:58,67.31,100,
10:21:58,67.31,400,
10:22:02,67.31,100,
10:22:02,67.31,100,
10:22:05,67.31,500,
10:22:05,67.3196,400,
10:22:05,67.3196,500,
10:22:05,67.3196,300,
10:22:05,67.3196,500,
10:22:05,67.3196,300,
10:22:05,67.3196,300,
10:22:05,67.32,100,
10:22:05,67.32,1000,
10:22:08,67.31,100,
10:22:08,67.31,100,
10:22:08,67.31,100,
10:22:08,67.31,100,
10:22:08,67.31,100,
10:22:08,67.31,100,
10:22:11,67.30,100,
10:22:11,67.30,500,
10:22:11,67.30,9400,
10:22:11,67.30,12800,
10:22:11,67.30,100,
10:22:11,67.30,600,
10:22:11,67.30,400,
10:22:11,67.30,100,
10:22:11,67.30,100,
10:22:11,67.30,7000,
10:22:11,67.30,600,
10:22:11,67.30,100,
10:22:11,67.30,100,
10:22:11,67.30,400,
10:22:11,67.30,600,
10:22:11,67.30,600,
10:22:11,67.30,200,
10:22:11,67.30,800,
10:22:11,67.30,100,
10:22:11,67.30,300,
10:22:11,67.30,500,
10:22:11,67.30,400,
10:22:11,67.29,100,
10:22:11,67.29,800,
10:22:11,67.29,600,
10:22:11,67.29,800,
10:22:11,67.29,800,
10:22:11,67.29,1000,
10:22:11,67.29,1000,
10:22:11,67.29,500,
10:22:11,67.29,100,
10:22:11,67.29,2400,
10:22:11,67.29,500,
10:22:11,67.29,800,
10:22:11,67.29,800,
10:22:11,67.29,600,
10:22:11,67.29,800,
10:22:11,67.29,800,
10:22:11,67.29,400,
10:22:11,67.29,100,
10:22:11,67.29,100,
10:22:11,67.29,500,
10:22:11,67.29,3200,
10:22:11,67.29,2000,
10:22:11,67.29,176,
10:22:11,67.29,376,
10:22:11,67.29,500,
10:22:11,67.29,700,
10:22:12,67.32,1800,
10:22:13,67.28,3585,
10:22:13,67.28,500,
10:22:13,67.28,100,
10:22:13,67.28,800,
10:22:13,67.28,800,
10:22:13,67.28,100,
10:22:13,67.28,800,
10:22:13,67.28,400,
10:22:13,67.28,2000,
10:22:13,67.28,815,
10:22:13,67.28,800,
10:22:13,67.28,600,
10:22:13,67.28,600,
10:22:18,67.27,100,
10:22:18,67.27,500,
10:22:21,67.27,400,
10:22:21,67.27,400,
10:22:21,67.27,700,
10:22:21,67.27,100,
10:22:21,67.27,200,
10:22:21,67.27,500,
10:22:21,67.27,200,
10:22:24,67.27,500,
10:22:25,67.27,100,
10:22:27,67.27,221,
10:22:27,67.27,500,
10:22:30,67.2699,1022,
10:22:37,67.27,100,
10:22:37,67.27,100,
10:22:37,67.27,100,
10:22:37,67.27,800,
10:22:37,67.27,100,
10:22:37,67.27,200,
10:22:47,67.28,100,
10:22:47,67.28,500,
10:22:47,67.28,500,
10:22:47,67.29,100,
10:22:47,67.29,500,
10:22:47,67.29,2000,
10:22:47,67.29,800,
10:22:47,67.29,600,
10:22:47,67.29,400,
10:22:47,67.29,800,
10:22:47,67.29,175,
10:22:49,67.29,800,
10:22:55,67.30,100,
10:22:55,67.30,200,
10:22:55,67.30,700,
10:22:55,67.30,100,
10:22:55,67.30,100,
10:22:55,67.30,100,
10:22:55,67.30,100,
10:22:55,67.30,100,
10:22:55,67.30,200,
10:22:55,67.30,100,
10:22:55,67.30,400,
10:22:55,67.30,800,
10:22:55,67.30,400,
10:22:55,67.30,100,
10:22:55,67.30,321,
10:22:55,67.30,300,
10:22:55,67.31,100,
10:22:55,67.31,100,
10:22:55,67.31,279,
10:22:55,67.31,400,
10:22:55,67.31,200,
10:22:55,67.31,100,
10:22:55,67.31,100,
10:22:55,67.31,300,
10:23:00,67.31,200,
10:23:00,67.31,100,
10:23:01,67.31,100,
10:23:01,67.31,100,
10:23:01,67.31,400,
10:23:01,67.31,100,
10:23:01,67.31,600,
10:23:01,67.31,100,
10:23:01,67.31,400,
10:23:01,67.31,100,
10:23:03,67.30,100,
10:23:03,67.30,2000,
10:23:03,67.30,400,
10:23:03,67.30,100,
10:23:03,67.30,600,
10:23:03,67.30,500,
10:23:03,67.30,579,
10:23:03,67.30,2000,
10:23:04,67.30,100,
10:23:04,67.30,100,
10:23:04,67.30,400,
10:23:05,67.30,100,
10:23:05,67.30,100,
10:23:05,67.30,100,
10:23:07,67.29,2000,
10:23:07,67.29,800,
10:23:07,67.29,500,
10:23:07,67.29,400,
10:23:07,67.29,400,
10:23:07,67.29,300,
10:23:08,67.30,400,
10:23:08,67.30,100,
10:23:08,67.30,500,
10:23:08,67.30,800,
10:23:11,67.30,100,
10:23:11,67.30,400,
10:23:11,67.30,100,
10:23:11,67.30,300,
10:23:24,67.299,100,
10:23:24,67.30,100,
10:23:24,67.30,700,
10:23:24,67.30,100,
10:23:24,67.30,500,
10:23:24,67.30,500,
10:23:26,67.31,100,
10:23:26,67.31,100,
10:23:26,67.31,700,
10:23:26,67.31,100,
10:23:26,67.31,400,
10:23:26,67.31,200,
10:23:26,67.31,100,
10:23:26,67.31,100,
10:23:29,67.31,400,
10:23:29,67.31,800,
10:23:29,67.31,100,
10:23:29,67.31,200,
10:23:29,67.31,700,
10:23:40,67.305,100,
10:23:41,67.305,100,
10:23:44,67.30,500,
10:23:55,67.31,100,
10:23:55,67.31,600,
10:23:55,67.31,350,
10:23:57,67.31,150,
10:23:57,67.31,400,
10:23:57,67.31,500,
10:23:57,67.31,450,
10:23:57,67.31,250,
10:24:11,67.308,100,
10:24:16,67.30,100,
10:24:16,67.30,100,
10:24:16,67.30,100,
10:24:16,67.30,100,
10:24:16,67.30,100,
10:24:16,67.30,300,
10:24:16,67.30,600,
10:24:16,67.30,400,
10:24:25,67.30,400,
10:24:25,67.30,800,
10:24:36,67.2923,100,
10:24:36,67.29,200,
10:24:37,67.29,700,
10:24:37,67.29,500,
10:24:37,67.29,600,
10:24:37,67.29,100,
10:24:37,67.29,700,
10:24:37,67.29,400,
10:24:37,67.29,400,
10:24:37,67.29,100,
10:24:37,67.29,100,
10:24:52,67.2971,100,
10:24:53,67.29,100,
10:24:53,67.29,100,
10:24:53,67.29,430,
10:24:53,67.28,100,
10:24:53,67.28,100,
10:24:54,67.29,100,
10:24:54,67.29,300,
10:24:54,67.29,100,
10:24:54,67.29,100,
10:24:54,67.29,400,
10:24:54,67.29,100,
10:24:54,67.29,400,
10:24:54,67.29,700,
10:24:55,67.29,100,
10:24:55,67.29,2000,
10:24:55,67.29,100,
10:24:55,67.29,100,
10:24:55,67.29,100,
10:24:55,67.29,300,
10:24:55,67.29,500,
10:24:55,67.29,100,
10:24:55,67.29,100,
10:24:55,67.29,100,
10:24:55,67.29,500,
10:24:55,67.29,200,
10:24:55,67.29,400,
10:24:55,67.29,100,
10:24:56,67.29,100,
10:24:56,67.29,300,
10:24:56,67.29,100,
10:24:56,67.29,100,
10:24:56,67.29,600,
10:24:56,67.29,400,
10:25:03,67.29,520,
10:25:03,67.29,240,
10:25:03,67.29,100,
10:25:03,67.29,100,
10:25:03,67.29,260,
10:25:03,67.29,100,
10:25:18,67.28,600,
10:25:19,67.2817,4200,
10:25:24,67.289,100,
10:25:29,67.29,400,
10:25:29,67.29,180,
10:25:29,67.29,120,
10:25:29,67.29,400,
10:25:29,67.29,100,
10:25:29,67.29,600,
10:25:32,67.29,300,
10:25:32,67.29,400,
10:25:32,67.29,100,
10:25:32,67.29,100,
10:25:32,67.29,100,
10:25:32,67.29,100,
10:25:32,67.29,400,
10:25:32,67.29,600,
10:25:32,67.29,100,
10:25:32,67.29,400,
10:25:33,67.29,1700,
10:25:50,67.29,100,
10:25:50,67.29,600,
10:25:50,67.29,100,
10:25:50,67.29,700,
10:25:50,67.29,500,
10:25:50,67.29,200,
10:25:50,67.30,400,
10:25:50,67.30,2100,
10:25:50,67.30,200,
10:25:50,67.30,200,
10:25:50,67.30,200,
10:25:50,67.30,215,
10:25:50,67.30,100,
10:25:55,67.30,100,
10:25:58,67.30,100,
10:26:01,67.31,800,
10:26:01,67.31,800,
10:26:03,67.31,100,
10:26:06,67.31,400,
10:26:23,67.3099,118,
10:26:25,67.30,800,
10:26:25,67.30,105,
10:26:25,67.30,100,
10:26:25,67.30,100,
10:26:25,67.30,100,
10:26:25,67.30,100,
10:26:25,67.30,100,
10:26:25,67.30,400,
10:26:30,67.30,100,
10:26:31,67.30,100,
10:26:31,67.30,100,
10:26:31,67.30,400,
10:26:37,67.31,100,
10:26:40,67.32,100,
10:26:58,67.32,300,
10:26:58,67.33,100,
10:26:58,67.33,400,
10:27:03,67.34,800,
10:27:03,67.34,400,
10:27:03,67.34,700,
10:27:03,67.34,200,
10:27:14,67.35,100,
10:27:14,67.35,170,
10:27:14,67.35,500,
10:27:14,67.35,200,
10:27:17,67.3577,2500,
10:27:26,67.3599,500,
10:27:27,67.35,100,
10:27:27,67.35,100,
10:27:27,67.35,100,
10:27:27,67.35,200,
10:27:27,67.35,300,
10:27:27,67.35,400,
10:27:28,67.34,200,
10:27:40,67.35,100,
10:27:40,67.35,100,
10:27:40,67.3499,500,
10:27:40,67.3499,100,
10:27:40,67.3499,200,
10:27:47,67.3581,148,
10:27:52,67.36,800,
10:27:52,67.36,100,
10:27:52,67.36,134,
10:27:52,67.36,100,
10:27:56,67.3699,1000,
10:27:56,67.37,300,
10:27:56,67.37,200,
10:27:56,67.37,700,
10:27:56,67.37,1600,
10:27:56,67.37,300,
10:27:56,67.37,199,
10:27:56,67.37,600,
10:27:56,67.37,1000,
10:27:56,67.37,5700,
10:27:56,67.37,800,
10:27:56,67.37,600,
10:27:56,67.37,800,
10:27:56,67.37,301,
10:28:01,67.38,400,
10:28:01,67.38,300,
10:28:01,67.38,300,
10:28:04,67.38,200,
10:28:13,67.3786,500,
10:28:16,67.37,100,
10:28:16,67.37,141,
10:28:16,67.37,193,
10:28:16,67.3686,1600,
10:28:16,67.36,100,
10:28:16,67.36,100,
10:28:16,67.36,400,
10:28:16,67.36,100,
10:28:16,67.36,400,
10:28:16,67.35,200,
10:28:17,67.35,800,
10:28:17,67.35,100,
10:28:17,67.35,500,
10:28:17,67.35,600,
10:28:24,67.35,100,
10:28:24,67.35,300,
10:28:24,67.35,100,
10:28:24,67.35,100,
10:28:24,67.35,700,
10:28:24,67.3508,100,
10:28:26,67.35,100,
10:28:26,67.35,100,
10:28:26,67.35,400,
10:28:26,67.35,100,
10:28:26,67.35,800,
10:28:29,67.34,600,
10:28:29,67.34,100,
10:28:29,67.34,400,
10:28:30,67.34,1000,
10:28:30,67.34,100,
10:28:30,67.34,600,
10:28:30,67.34,500,
10:28:30,67.34,800,
10:28:30,67.34,600,
10:28:30,67.34,400,
10:28:30,67.34,500,
10:28:30,67.34,500,
10:28:30,67.34,1000,
10:28:30,67.34,800,
10:28:30,67.34,200,
10:28:30,67.34,100,
10:28:34,67.34,300,
10:28:34,67.34,300,
10:28:35,67.34,100,
10:28:35,67.35,215,
10:28:35,67.35,315,
10:28:35,67.35,500,
10:28:35,67.35,100,
10:28:50,67.35,100,
10:28:50,67.35,100,
10:28:50,67.35,100,
10:28:50,67.35,400,
10:28:54,67.35,100,
10:28:54,67.35,200,
10:28:54,67.35,200,
10:28:54,67.35,400,
10:28:54,67.35,100,
10:28:54,67.35,100,
10:28:54,67.35,300,
10:28:56,67.35,100,
10:28:56,67.35,700,
10:28:56,67.35,100,
10:28:56,67.35,800,
10:28:56,67.35,400,
10:28:56,67.35,100,
10:28:56,67.35,500,
10:28:58,67.35,200,
10:28:59,67.35,100,
10:28:59,67.35,216,
10:28:59,67.35,100,
10:28:59,67.35,100,
10:28:59,67.35,300,
10:29:04,67.35,100,
10:29:04,67.35,100,
10:29:04,67.35,300,
10:29:04,67.35,400,
10:29:11,67.36,100,
10:29:20,67.36,300,
10:29:25,67.35,100,
10:29:25,67.35,400,
10:29:25,67.35,499,
10:29:25,67.35,400,
10:29:25,67.35,200,
10:29:25,67.35,600,
10:29:25,67.35,800,
10:29:29,67.34,100,
10:29:29,67.34,100,
10:29:29,67.34,100,
10:29:29,67.34,300,
10:29:29,67.34,700,
10:29:29,67.34,400,
10:29:29,67.34,600,
10:29:29,67.34,100,
10:29:29,67.34,100,
10:29:31,67.3395,1000,
10:29:32,67.33,100,
10:29:32,67.33,500,
10:29:33,67.33,700,
10:29:33,67.33,400,
10:29:33,67.33,600,
10:29:33,67.33,700,
10:29:33,67.33,100,
10:29:33,67.33,400,
10:29:33,67.33,400,
10:29:33,67.33,100,
10:29:33,67.33,100,
10:29:33,67.33,700,
10:29:33,67.33,800,
10:29:33,67.33,100,
10:29:41,67.34,500,
10:29:41,67.34,100,
10:29:41,67.34,400,
10:29:41,67.34,400,
10:29:41,67.34,600,
10:29:41,67.34,600,
10:29:41,67.34,600,
10:29:41,67.34,100,
10:29:49,67.33,500,
10:29:49,67.33,1400,
10:29:50,67.33,100,
10:29:52,67.34,220,
10:29:54,67.34,600,
10:29:55,67.34,200,
10:29:55,67.34,300,
10:29:55,67.34,100,
10:29:55,67.34,100,
10:29:55,67.34,500,
10:29:55,67.34,300,
10:29:55,67.34,300,
10:29:55,67.34,300,
10:29:55,67.34,100,
10:29:55,67.34,100,
10:30:02,67.34,100,
10:30:03,67.34,1300,
10:30:03,67.34,6000,
10:30:03,67.34,2000,
10:30:03,67.34,600,
10:30:04,67.33,100,
10:30:14,67.33,600,
10:30:15,67.33,600,
10:30:15,67.33,200,
10:30:15,67.33,800,
10:30:15,67.33,700,
10:30:15,67.33,300,
10:30:15,67.33,400,
10:30:15,67.33,100,
10:30:15,67.33,100,
10:30:15,67.33,200,
10:30:15,67.33,100,
10:30:18,67.34,400,
10:30:18,67.34,200,
10:30:18,67.34,100,
10:30:18,67.34,100,
10:30:18,67.34,100,
10:30:18,67.34,800,
10:30:18,67.34,100,
10:30:29,67.34,800,
10:30:29,67.34,400,
10:30:29,67.34,167,
10:30:29,67.34,1800,
10:30:29,67.34,4937,
10:30:29,67.34,542,
10:30:37,67.34,100,
10:30:52,67.34,500,
10:30:52,67.34,400,
10:30:52,67.34,100,
10:30:52,67.34,100,
10:30:52,67.34,100,
10:31:21,67.35,100,
10:31:21,67.35,2000,
10:31:32,67.355,100,
10:31:32,67.355,100,
10:31:39,67.35,200,
10:31:42,67.35,300,
10:31:47,67.36,100,
10:31:49,67.36,100,
10:31:49,67.36,100,
10:31:49,67.36,154,
10:31:49,67.36,200,
10:31:53,67.37,100,
10:31:53,67.37,100,
10:31:54,67.37,100,
10:31:59,67.36,100,
10:31:59,67.36,100,
10:31:59,67.36,100,
10:31:59,67.36,500,
10:31:59,67.36,100,
10:32:08,67.37,4200,
10:32:09,67.37,200,
10:32:09,67.37,500,
10:32:09,67.37,764,
10:32:14,67.3701,200,
10:32:15,67.37,2269,
10:32:22,67.37,100,
10:32:22,67.37,100,
10:32:22,67.37,100,
10:32:23,67.36,100,
10:32:23,67.36,100,
10:32:24,67.35,400,
10:32:24,67.35,400,
10:32:27,67.3426,148,
10:32:32,67.35,246,
10:32:32,67.35,100,
10:32:32,67.35,100,
10:32:32,67.35,100,
10:32:32,67.35,100,
10:32:32,67.35,100,
10:32:32,67.35,700,
10:32:32,67.35,100,
10:32:32,67.35,700,
10:32:38,67.35,100,
10:32:38,67.35,600,
10:32:38,67.35,800,
10:32:38,67.35,100,
10:32:38,67.35,100,
10:32:46,67.34,1000,
10:33:05,67.35,100,
10:33:19,67.35,600,
10:33:19,67.35,100,
10:33:19,67.35,500,
10:33:26,67.35,100,
10:33:38,67.34,100,
10:33:38,67.34,100,
10:33:38,67.34,346,
10:33:44,67.335,100,
10:33:46,67.34,300,
10:33:47,67.33,100,
10:33:47,67.33,500,
10:33:47,67.33,800,
10:33:47,67.33,100,
10:33:47,67.33,200,
10:33:47,67.33,400,
10:33:47,67.33,300,
10:33:47,67.33,800,
10:33:47,67.33,600,
10:33:47,67.33,600,
10:33:51,67.3207,169,
10:33:54,67.33,100,
10:33:56,67.33,100,
10:33:56,67.33,600,
10:33:56,67.33,400,
10:33:59,67.33,100,
10:33:59,67.33,400,
10:33:59,67.33,100,
10:33:59,67.33,100,
10:33:59,67.33,400,
10:33:59,67.33,800,
10:34:02,67.32,10000,
10:34:02,67.32,300,
10:34:02,67.32,100,
10:34:02,67.32,700,
10:34:02,67.32,100,
10:34:02,67.32,200,
10:34:02,67.32,400,
10:34:02,67.32,400,
10:34:02,67.32,400,
10:34:02,67.31,100,
10:34:02,67.32,300,
10:34:02,67.31,500,
10:34:02,67.31,500,
10:34:02,67.31,100,
10:34:02,67.31,100,
10:34:02,67.31,100,
10:34:02,67.31,500,
10:34:02,67.31,500,
10:34:17,67.30,1400,
10:34:23,67.30,400,
10:34:27,67.30,100,
10:34:28,67.30,400,
10:34:28,67.30,800,
10:34:28,67.30,600,
10:34:28,67.30,100,
10:34:28,67.30,400,
10:34:28,67.30,100,
10:34:28,67.30,300,
10:34:34,67.31,100,
10:34:34,67.31,100,
10:34:34,67.31,200,
10:34:34,67.31,200,
10:34:37,67.3124,300,
10:34:41,67.32,400,
10:34:41,67.32,100,
10:34:41,67.32,200,
10:34:47,67.328,100,
10:34:48,67.32,100,
10:34:48,67.32,500,
10:34:48,67.32,200,
10:34:51,67.32,300,
10:34:51,67.32,100,
10:34:51,67.32,100,
10:34:51,67.32,200,
10:35:01,67.32,100,
10:35:01,67.32,100,
10:35:01,67.32,176,
10:35:04,67.32,600,
10:35:04,67.32,100,
10:35:04,67.32,400,
10:35:04,67.32,400,
10:35:15,67.32,100,
10:35:15,67.32,400,
10:35:15,67.32,100,
10:35:16,67.32,100,
10:35:16,67.32,100,
10:35:16,67.32,100,
10:35:16,67.32,200,
10:35:18,67.32,100,
10:35:19,67.3115,530,
10:35:25,67.3143,100,
10:35:32,67.31,400,
10:35:32,67.31,800,
10:35:32,67.31,400,
10:35:32,67.31,800,
10:35:32,67.31,600,
10:35:32,67.31,100,
10:35:32,67.31,100,
10:35:32,67.31,400,
10:35:32,67.31,200,
10:35:32,67.30,800,
10:35:32,67.30,500,
10:35:33,67.31,100,
10:35:33,67.31,300,
10:35:33,67.31,100,
10:35:33,67.31,100,
10:35:33,67.31,100,
10:35:33,67.31,100,
10:35:45,67.31,200,
10:35:45,67.31,400,
10:35:45,67.31,400,
10:35:48,67.32,1000,
10:35:48,67.32,100,
10:35:48,67.32,600,
10:35:48,67.32,400,
10:35:48,67.32,400,
10:35:48,67.32,100,
10:35:48,67.32,100,
10:35:48,67.32,801,
10:35:48,67.32,800,
10:35:48,67.32,100,
10:35:48,67.32,700,
10:35:48,67.32,800,
10:35:48,67.33,400,
10:35:48,67.33,500,
10:35:48,67.32,500,
10:35:48,67.33,148,
10:35:49,67.32,500,
10:35:49,67.32,200,
10:35:49,67.32,200,
10:35:51,67.32,400,
10:35:51,67.32,400,
10:35:51,67.32,100,
10:35:51,67.32,400,
10:35:51,67.32,100,
10:35:51,67.32,100,
10:35:51,67.32,100,
10:35:51,67.32,400,
10:35:54,67.32,100,
10:35:54,67.32,100,
10:35:54,67.32,400,
10:35:54,67.32,700,
10:35:54,67.32,100,
10:35:54,67.32,400,
10:35:56,67.318,400,
10:36:03,67.31,100,
10:36:03,67.31,500,
10:36:03,67.31,600,
10:36:03,67.31,100,
10:36:03,67.31,100,
10:36:03,67.31,100,
10:36:12,67.30,400,
10:36:12,67.30,100,
10:36:12,67.30,400,
10:36:12,67.30,600,
10:36:12,67.30,500,
10:36:12,67.30,100,
10:36:12,67.30,700,
10:36:12,67.30,400,
10:36:12,67.30,100,
10:36:14,67.29,2300,
10:36:14,67.29,500,
10:36:14,67.29,100,
10:36:14,67.29,332,
10:36:19,67.29,100,
10:36:19,67.29,100,
10:36:19,67.29,700,
10:36:19,67.29,100,
10:36:19,67.29,400,
10:36:19,67.29,100,
10:36:19,67.29,700,
10:36:20,67.30,800,
10:36:20,67.30,800,
10:36:20,67.30,200,
10:36:20,67.30,100,
10:36:20,67.30,100,
10:36:20,67.30,400,
10:36:20,67.30,400,
10:36:20,67.30,200,
10:36:20,67.28,1000,
10:36:32,67.31,100,
10:36:32,67.31,400,
10:36:32,67.31,400,
10:36:32,67.31,100,
10:36:32,67.31,100,
10:36:44,67.32,100,
10:36:47,67.311,200,
10:36:49,67.31,100,
10:36:50,67.32,100,
10:36:50,67.32,100,
10:36:50,67.32,200,
10:36:50,67.32,400,
10:36:50,67.32,700,
10:37:01,67.323,100,
10:37:01,67.327,1000,
10:37:04,67.32,100,
10:37:04,67.32,100,
10:37:04,67.32,800,
10:37:04,67.32,100,
10:37:04,67.32,100,
10:37:04,67.32,200,
10:37:04,67.32,400,
10:37:04,67.32,700,
10:37:04,67.32,800,
10:37:04,67.32,800,
10:37:04,67.32,100,
10:37:13,67.321,120,
10:37:14,67.33,100,
10:37:14,67.33,400,
10:37:19,67.33,800,
10:37:19,67.33,400,
10:37:19,67.33,100,
10:37:19,67.33,100,
10:37:19,67.33,800,
10:37:19,67.33,800,
10:37:19,67.33,100,
10:37:19,67.33,500,
10:37:19,67.33,700,
10:37:19,67.33,1200,
10:37:19,67.33,100,
10:37:19,67.33,300,
10:37:19,67.33,100,
10:37:40,67.33,587,
10:37:40,67.33,100,
10:37:40,67.33,400,
10:37:40,67.33,100,
10:37:40,67.33,800,
10:37:40,67.33,300,
10:37:40,67.33,600,
10:37:51,67.34,1800,
10:38:08,67.33,100,
10:38:17,67.34,300,
10:38:17,67.34,400,
10:38:19,67.33,100,
10:38:19,67.33,600,
10:38:19,67.33,1000,
10:38:19,67.33,500,
10:38:19,67.33,100,
10:38:19,67.33,300,
10:38:19,67.33,187,
10:38:24,67.33,100,
10:38:24,67.33,100,
10:38:24,67.33,700,
10:38:24,67.33,400,
10:38:24,67.33,500,
10:38:24,67.33,800,
10:38:24,67.33,100,
10:38:24,67.33,100,
10:38:24,67.34,200,
10:38:27,67.34,400,
10:38:31,67.3392,300,
10:38:54,67.3381,100,
10:38:54,67.339,100,
10:39:03,67.3399,100,
10:39:11,67.33,100,
10:39:19,67.34,300,
10:39:19,67.34,300,
10:39:22,67.35,400,
10:39:26,67.35,100,
10:39:38,67.35,500,
10:39:38,67.35,400,
10:39:39,67.36,600,
10:39:39,67.36,600,
10:39:39,67.36,600,
10:39:39,67.36,700,
10:39:39,67.36,800,
10:39:39,67.36,100,
10:39:39,67.36,600,
10:39:39,67.36,400,
10:39:39,67.36,500,
10:39:39,67.37,100,
10:39:39,67.37,100,
10:39:39,67.37,800,
10:39:39,67.37,1500,
10:39:39,67.37,2700,
10:39:39,67.37,100,
10:39:39,67.37,500,
10:39:39,67.37,800,
10:39:45,67.37,400,
10:39:49,67.37,100,
10:39:49,67.37,800,
10:39:49,67.37,300,
10:39:49,67.37,100,
10:39:49,67.37,100,
10:39:49,67.37,100,
10:39:49,67.37,400,
10:39:50,67.37,100,
10:39:50,67.37,800,
10:39:55,67.37,600,
10:39:55,67.37,100,
10:39:55,67.37,132,
10:39:55,67.37,100,
10:39:55,67.37,800,
10:39:55,67.37,100,
10:39:55,67.37,500,
10:39:55,67.37,512,
10:39:57,67.38,400,
10:39:57,67.3799,200,
10:39:58,67.38,100,
10:40:00,67.39,200,
10:40:04,67.40,5000,
10:40:04,67.40,400,
10:40:04,67.40,500,
10:40:04,67.40,500,
10:40:04,67.40,1300,
10:40:04,67.40,100,
10:40:04,67.40,2300,
10:40:04,67.40,2875,
10:40:04,67.40,100,
10:40:04,67.40,100,
10:40:04,67.40,100,
10:40:04,67.40,100,
10:40:04,67.41,200,
10:40:04,67.41,800,
10:40:04,67.40,1623,
10:40:04,67.41,5000,
10:40:06,67.42,500,
10:40:13,67.42,3900,
10:40:13,67.42,3200,
10:40:13,67.42,100,
10:40:13,67.42,100,
10:40:13,67.42,100,
10:40:14,67.428,500,
10:40:18,67.42,200,
10:40:18,67.42,300,
10:40:18,67.42,306,
10:40:18,67.42,100,
10:40:18,67.42,500,
10:40:20,67.42,1500,
10:40:21,67.42,200,
10:40:21,67.42,200,
10:40:28,67.41,100,
10:40:28,67.41,500,
10:40:33,67.41,3300,
10:40:38,67.408,750,
10:40:47,67.41,1000,
10:40:47,67.41,300,
10:40:47,67.41,1000,
10:40:47,67.41,1300,
10:40:47,67.41,500,
10:40:47,67.41,200,
10:40:49,67.41,200,
10:40:50,67.41,400,
10:40:50,67.41,400,
10:40:51,67.41,300,
10:40:51,67.41,100,
10:40:51,67.41,700,
10:40:51,67.41,200,
10:40:51,67.41,800,
10:40:51,67.41,400,
10:40:51,67.41,100,
10:40:51,67.41,100,
10:40:51,67.41,100,
10:40:51,67.41,100,
10:40:55,67.41,300,
10:40:55,67.41,100,
10:40:55,67.41,100,
10:40:55,67.41,100,
10:40:55,67.41,200,
10:40:57,67.42,1400,
10:40:57,67.42,100,
10:40:57,67.42,100,
10:40:57,67.42,100,
10:40:57,67.42,100,
10:40:57,67.42,100,
10:40:57,67.42,100,
10:40:58,67.43,200,
10:40:58,67.43,200,
10:41:00,67.43,6100,
10:41:00,67.4299,2966,
10:41:00,67.43,1000,
10:41:00,67.43,300,
10:41:00,67.42,100,
10:41:01,67.43,100,
10:41:01,67.43,100,
10:41:01,67.43,100,
10:41:02,67.4301,1000,
10:41:06,67.43,172,
10:41:06,67.43,500,
10:41:12,67.43,1000,
10:41:12,67.43,700,
10:41:17,67.43,100,
10:41:17,67.43,4700,
10:41:18,67.43,621,
10:41:18,67.43,800,
10:41:18,67.43,100,
10:41:18,67.43,600,
10:41:18,67.43,100,
10:41:18,67.43,800,
10:41:18,67.43,500,
10:41:26,67.43,192,
10:41:30,67.44,2780,
10:41:30,67.44,705,
10:41:30,67.44,200,
10:41:30,67.44,1800,
10:41:30,67.44,100,
10:41:30,67.45,100,
10:41:32,67.45,1000,
10:41:36,67.45,100,
10:41:40,67.45,100,
10:41:44,67.45,400,
10:41:45,67.4425,350,
10:41:47,67.44,100,
10:41:48,67.4486,500,
10:41:48,67.44,100,
10:41:48,67.44,100,
10:41:48,67.44,400,
10:41:48,67.44,100,
10:41:48,67.44,100,
10:41:50,67.44,100,
10:41:57,67.44,600,
10:42:00,67.44,400,
10:42:00,67.44,300,
10:42:02,67.44,100,
10:42:10,67.44,700,
10:42:10,67.44,100,
10:42:10,67.44,100,
10:42:13,67.4499,100,
10:42:17,67.45,100,
10:42:22,67.45,1500,
10:42:23,67.45,800,
10:42:23,67.45,500,
10:42:23,67.45,700,
10:42:23,67.45,100,
10:42:23,67.45,800,
10:42:23,67.45,600,
10:42:23,67.45,600,
10:42:23,67.46,100,
10:42:23,67.46,236,
10:42:23,67.46,236,
10:42:23,67.46,236,
10:42:23,67.46,236,
10:42:23,67.46,237,
10:42:23,67.46,237,
10:42:24,67.45,800,
10:42:24,67.45,500,
10:42:24,67.46,215,
10:42:24,67.46,815,
10:42:24,67.46,815,
10:42:24,67.46,100,
10:42:25,67.47,100,
10:42:29,67.47,100,
10:42:29,67.4657,8000,
10:42:37,67.47,122,
10:42:39,67.47,1436,
10:42:39,67.47,1000,
10:42:45,67.46,100,
10:42:45,67.46,100,
10:42:45,67.46,100,
10:42:45,67.46,100,
10:42:45,67.46,100,
10:42:45,67.46,700,
10:42:45,67.46,600,
10:42:45,67.46,600,
10:42:45,67.46,700,
10:42:45,67.46,11900,
10:42:45,67.46,500,
10:42:45,67.46,800,
10:42:45,67.46,700,
10:42:45,67.46,800,
10:42:45,67.46,100,
10:42:45,67.46,100,
10:42:45,67.46,800,
10:42:45,67.46,500,
10:42:45,67.46,953,
10:42:45,67.46,100,
10:42:45,67.46,500,
10:42:45,67.46,500,
10:42:45,67.46,200,
10:42:46,67.47,500,
10:42:53,67.469,800,
10:42:57,67.47,100,
10:42:57,67.47,500,
10:42:57,67.48,400,
10:42:57,67.4795,100,
10:43:01,67.47,100,
10:43:02,67.47,800,
10:43:02,67.47,200,
10:43:02,67.47,200,
10:43:02,67.47,400,
10:43:02,67.47,500,
10:43:02,67.47,194,
10:43:02,67.47,200,
10:43:02,67.47,100,
10:43:02,67.47,400,
10:43:02,67.46,100,
10:43:02,67.46,300,
10:43:02,67.46,100,
10:43:02,67.46,100,
10:43:02,67.46,400,
10:43:02,67.46,500,
10:43:02,67.46,100,
10:43:02,67.46,400,
10:43:02,67.46,100,
10:43:02,67.46,700,
10:43:03,67.45,500,
10:43:03,67.45,100,
10:43:03,67.45,100,
10:43:03,67.45,100,
10:43:03,67.45,600,
10:43:08,67.45,200,
10:43:08,67.45,100,
10:43:08,67.45,800,
10:43:08,67.45,400,
10:43:08,67.45,100,
10:43:08,67.45,100,
10:43:08,67.45,100,
10:43:08,67.45,100,
10:43:08,67.45,600,
10:43:08,67.45,100,
10:43:08,67.45,400,
10:43:08,67.455,2500,
10:43:09,67.45,500,
10:43:09,67.45,100,
10:43:09,67.45,100,
10:43:09,67.45,800,
10:43:09,67.45,100,
10:43:09,67.45,800,
10:43:09,67.45,100,
10:43:09,67.442,1000,
10:43:14,67.44,100,
10:43:14,67.44,100,
10:43:14,67.44,100,
10:43:14,67.44,300,
10:43:14,67.44,500,
10:43:14,67.44,600,
10:43:14,67.44,4100,
10:43:14,67.44,100,
10:43:22,67.44,100,
10:43:27,67.45,400,
10:43:30,67.45,800,
10:43:33,67.4499,1900,
10:43:33,67.4499,400,
10:43:38,67.44,100,
10:43:38,67.4499,2600,
10:43:38,67.44,100,
10:43:38,67.44,400,
10:43:47,67.44,100,
10:43:47,67.44,100,
10:43:47,67.44,100,
10:43:47,67.44,100,
10:43:47,67.44,500,
10:43:50,67.45,100,
10:44:27,67.44,3500,
10:44:27,67.44,800,
10:44:27,67.44,200,
10:44:27,67.44,400,
10:44:29,67.44,300,
10:44:32,67.45,700,
10:44:32,67.45,100,
10:44:32,67.45,480,
10:44:32,67.45,500,
10:44:32,67.45,300,
10:44:32,67.46,100,
