09:30:00,67.72,66753,
09:30:00,67.72,1239,
09:30:00,67.72,700,
09:30:00,67.72,100,
09:30:00,67.72,120,
09:30:00,67.72,100,
09:30:00,67.72,200,
09:30:00,67.72,11800,
09:30:00,67.72,150,
09:30:00,67.72,160,
09:30:00,67.72,758,
09:30:00,67.72,250,
09:30:00,67.72,970,
09:30:00,67.72,226,
09:30:00,67.72,100,
09:30:00,67.72,300,
09:30:00,67.72,100,
09:30:00,67.72,1000,
09:30:00,67.72,129,
09:30:00,67.72,2697,
09:30:00,67.72,300,
09:30:00,67.72,5000,
09:30:00,67.72,3000,
09:30:00,67.72,109,
09:30:00,67.72,598,
09:30:00,67.72,900,
09:30:00,67.72,155,
09:30:00,67.72,165,
09:30:00,67.72,110,
09:30:00,67.72,288,
09:30:00,67.72,144,
09:30:00,67.72,100,
09:30:00,67.72,775,
09:30:00,67.72,800,
09:30:00,67.72,150,
09:30:00,67.72,200,
09:30:00,67.72,412,
09:30:00,67.72,220,
09:30:00,67.72,1000,
09:30:00,67.72,100,
09:30:00,67.72,100,
09:30:00,67.72,100,
09:30:00,67.72,675,
09:30:00,67.72,150,
09:30:00,67.72,100,
09:30:00,67.72,200,
09:30:00,67.72,515,
09:30:00,67.72,200,
09:30:00,67.72,155,
09:30:00,67.72,300,
09:30:00,67.72,450,
09:30:00,67.72,150,
09:30:00,67.72,100,
09:30:00,67.72,100,
09:30:00,67.72,700,
09:30:00,67.72,150,
09:30:00,67.72,500,
09:30:00,67.72,200,
09:30:00,67.72,4000,
09:30:00,67.72,147,
09:30:00,67.72,720,
09:30:00,67.72,770,
09:30:00,67.72,200,
09:30:00,67.72,100,
09:30:00,67.72,500,
09:30:00,67.72,300,
09:30:00,67.72,2500,
09:30:00,67.72,100,
09:30:00,67.72,500,
09:30:00,67.72,100,
09:30:00,67.72,450,
09:30:00,67.72,600,
09:30:00,67.72,100,
09:30:00,67.72,400,
09:30:00,67.72,2400,
09:30:00,67.72,300,
09:30:00,67.72,260,
09:30:00,67.72,300,
09:30:00,67.72,300,
09:30:00,67.72,300,
09:30:00,67.72,100,
09:30:00,67.72,400,
09:30:00,67.72,200,
09:30:00,67.72,127,
09:30:00,67.72,220,
09:30:00,67.72,100,
09:30:00,67.72,1475,
09:30:00,67.72,272,
09:30:00,67.72,690,
09:30:00,67.72,147,
09:30:00,67.72,300,
09:30:00,67.72,500,
09:30:00,67.72,200,
09:30:00,67.72,350,
09:30:00,67.72,200,
09:30:00,67.72,120,
09:30:00,67.72,400,
09:30:00,67.72,100,
09:30:00,67.73,2300,
09:30:00,67.72,100,
09:30:00,67.72,100,
09:30:00,67.72,100,
09:30:00,67.72,100,
09:30:00,67.72,100,
09:30:00,67.71,800,
09:30:00,67.71,100,
09:30:00,67.71,465,
09:30:00,67.72,200,
09:30:00,67.72,200,
09:30:01,67.71,100,
09:30:02,67.70,700,
09:30:02,67.70,100,
09:30:02,67.71,800,
09:30:02,67.71,1200,
09:30:02,67.71,100,
09:30:02,67.71,500,
09:30:02,67.71,100,
09:30:02,67.71,100,
09:30:02,67.72,374,
09:30:02,67.71,500,
09:30:02,67.71,182,
09:30:02,67.71,276,
09:30:02,67.71,100,
09:30:02,67.71,100,
09:30:02,67.71,100,
09:30:02,67.71,400,
09:30:02,67.71,100,
09:30:03,67.70,112,
09:30:03,67.70,175,
09:30:03,67.70,125,
09:30:03,67.70,172,
09:30:03,67.70,200,
09:30:03,67.70,235,
09:30:03,67.70,135,
09:30:03,67.70,500,
09:30:03,67.70,300,
09:30:03,67.70,100,
09:30:03,67.69,2000,
09:30:03,67.69,100,
09:30:03,67.69,500,
09:30:03,67.69,800,
09:30:03,67.68,100,
09:30:03,67.68,100,
09:30:03,67.68,200,
09:30:03,67.69,800,
09:30:03,67.68,115,
09:30:03,67.69,200,
09:30:03,67.69,100,
09:30:03,67.69,198,
09:30:03,67.69,200,
09:30:03,67.69,200,
09:30:03,67.70,100,
09:30:03,67.70,100,
09:30:03,67.70,800,
09:30:03,67.70,100,
09:30:03,67.70,1500,
09:30:03,67.70,400,
09:30:03,67.70,100,
09:30:03,67.70,197,
09:30:03,67.70,1900,
09:30:04,67.70,100,
09:30:04,67.69,200,
09:30:04,67.70,400,
09:30:05,67.69,2107,
09:30:05,67.69,100,
09:30:05,67.69,300,
09:30:06,67.69,500,
09:30:06,67.69,4192,
09:30:06,67.69,100,
09:30:06,67.69,100,
09:30:06,67.69,100,
09:30:06,67.69,100,
09:30:06,67.70,900,
09:30:06,67.70,200,
09:30:06,67.70,100,
09:30:06,67.70,100,
09:30:06,67.70,100,
09:30:07,67.69,100,
09:30:07,67.69,100,
09:30:07,67.69,200,
09:30:08,67.69,100,
09:30:08,67.69,100,
09:30:08,67.69,100,
09:30:08,67.69,7000,
09:30:08,67.69,100,
09:30:08,67.69,700,
09:30:08,67.69,100,
09:30:09,67.68,100,
09:30:10,67.67,100,
09:30:10,67.67,100,
09:30:10,67.67,1000,
09:30:10,67.70,100,
09:30:11,67.69,100,
09:30:11,67.7001,100,
09:30:13,67.69,400,
09:30:13,67.69,100,
09:30:13,67.69,100,
09:30:13,67.68,100,
09:30:13,67.68,500,
09:30:13,67.68,100,
09:30:15,67.69,200,
09:30:15,67.69,400,
09:30:15,67.69,100,
09:30:15,67.69,2400,
09:30:15,67.69,1500,
09:30:15,67.69,200,
09:30:15,67.69,1000,
09:30:15,67.69,1300,
09:30:16,67.68,100,
09:30:16,67.68,100,
09:30:16,67.68,100,
09:30:16,67.67,100,
09:30:17,67.67,200,
09:30:17,67.67,300,
09:30:17,67.67,400,
09:30:18,67.67,170,
09:30:18,67.67,100,
09:30:18,67.67,100,
09:30:19,67.67,200,
09:30:19,67.67,100,
09:30:19,67.67,800,
09:30:19,67.67,100,
09:30:19,67.67,400,
09:30:19,67.67,100,
09:30:19,67.67,400,
09:30:19,67.68,100,
09:30:19,67.68,500,
09:30:20,67.67,300,
09:30:20,67.67,100,
09:30:20,67.67,300,
09:30:20,67.67,451,
09:30:20,67.67,100,
09:30:20,67.67,451,
09:30:20,67.67,100,
09:30:20,67.67,100,
09:30:20,67.67,400,
09:30:20,67.68,200,
09:30:20,67.68,400,
09:30:20,67.68,100,
09:30:22,67.702,400,
09:30:23,67.67,200,
09:30:23,67.67,100,
09:30:23,67.67,100,
09:30:23,67.67,200,
09:30:23,67.67,100,
09:30:23,67.67,1000,
09:30:23,67.67,1200,
09:30:24,67.68,100,
09:30:24,67.68,100,
09:30:25,67.67,200,
09:30:25,67.67,100,
09:30:26,67.67,100,
09:30:26,67.67,100,
09:30:27,67.68,100,
09:30:27,67.68,500,
09:30:27,67.68,100,
09:30:27,67.68,500,
09:30:27,67.68,100,
09:30:27,67.68,100,
09:30:27,67.68,200,
09:30:29,67.68,300,
09:30:30,67.69,100,
09:30:30,67.69,100,
09:30:31,67.6795,900,
09:30:31,67.6807,300,
09:30:32,67.68,100,
09:30:32,67.68,100,
09:30:32,67.68,100,
09:30:32,67.68,100,
09:30:32,67.67,1000,
09:30:32,67.67,100,
09:30:32,67.67,100,
09:30:32,67.67,598,
09:30:32,67.67,2000,
09:30:32,67.67,1802,
09:30:32,67.67,100,
09:30:32,67.67,600,
09:30:32,67.67,100,
09:30:32,67.67,400,
09:30:32,67.68,100,
09:30:32,67.68,100,
09:30:32,67.68,150,
09:30:32,67.6838,427,
09:30:32,67.68,100,
09:30:32,67.68,100,
09:30:32,67.6791,200,
09:30:32,67.6791,300,
09:30:33,67.68,300,
09:30:33,67.68,100,
09:30:33,67.68,100,
09:30:33,67.68,600,
09:30:33,67.68,100,
09:30:33,67.68,100,
09:30:33,67.68,100,
09:30:34,67.69,200,
09:30:34,67.69,100,
09:30:34,67.69,200,
09:30:35,67.69,100,
09:30:35,67.69,670,
09:30:35,67.69,100,
09:30:35,67.69,500,
09:30:35,67.69,100,
09:30:35,67.69,298,
09:30:35,67.69,1830,
09:30:35,67.69,100,
09:30:35,67.69,1000,
09:30:35,67.69,500,
09:30:35,67.70,100,
09:30:35,67.70,200,
09:30:35,67.70,900,
09:30:35,67.70,1500,
09:30:35,67.70,400,
09:30:35,67.70,1800,
09:30:35,67.70,100,
09:30:35,67.70,100,
09:30:35,67.70,200,
09:30:35,67.70,100,
09:30:35,67.70,300,
09:30:35,67.69,200,
09:30:35,67.69,100,
09:30:35,67.69,100,
09:30:39,67.69,100,
09:30:39,67.69,100,
09:30:39,67.69,500,
09:30:39,67.69,100,
09:30:39,67.69,300,
09:30:39,67.699,500,
09:30:39,67.69,200,
09:30:39,67.69,100,
09:30:39,67.69,100,
09:30:39,67.69,800,
09:30:39,67.69,100,
09:30:39,67.69,200,
09:30:39,67.69,100,
09:30:40,67.6898,400,
09:30:40,67.69,400,
09:30:42,67.69,2400,
09:30:43,67.69,300,
09:30:43,67.69,500,
09:30:43,67.68,100,
09:30:43,67.68,156,
09:30:43,67.68,500,
09:30:43,67.68,100,
09:30:43,67.69,300,
09:30:43,67.69,200,
09:30:43,67.69,100,
09:30:43,67.68,700,
09:30:45,67.68,100,
09:30:45,67.68,300,
09:30:45,67.68,200,
09:30:45,67.68,500,
09:30:45,67.68,2000,
09:30:45,67.68,100,
09:30:45,67.68,100,
09:30:45,67.68,500,
09:30:45,67.68,200,
09:30:45,67.68,100,
09:30:45,67.68,100,
09:30:45,67.68,262,
09:30:45,67.68,100,
09:30:45,67.68,300,
09:30:45,67.68,900,
09:30:45,67.68,100,
09:30:45,67.69,500,
09:30:45,67.69,200,
09:30:45,67.69,619,
09:30:45,67.69,800,
09:30:45,67.69,500,
09:30:45,67.69,253,
09:30:45,67.69,100,
09:30:46,67.68,300,
09:30:46,67.68,107,
09:30:46,67.68,100,
09:30:46,67.68,100,
09:30:46,67.68,100,
09:30:46,67.67,2000,
09:30:46,67.67,300,
09:30:46,67.67,200,
09:30:46,67.68,100,
09:30:46,67.68,500,
09:30:46,67.68,300,
09:30:46,67.68,100,
09:30:46,67.68,100,
09:30:46,67.68,300,
09:30:46,67.68,250,
09:30:46,67.675,300,
09:30:46,67.68,300,
09:30:47,67.68,100,
09:30:47,67.67,2000,
09:30:47,67.67,700,
09:30:47,67.67,300,
09:30:47,67.67,300,
09:30:47,67.67,700,
09:30:47,67.69,1000,
09:30:47,67.67,300,
09:30:48,67.67,1000,
09:30:48,67.67,500,
09:30:48,67.67,100,
09:30:48,67.67,100,
09:30:48,67.67,100,
09:30:49,67.67,100,
09:30:49,67.67,300,
09:30:49,67.67,300,
09:30:49,67.67,200,
09:30:49,67.675,500,
09:30:49,67.67,4000,
09:30:49,67.67,700,
09:30:49,67.67,300,
09:30:50,67.67,300,
09:30:50,67.67,400,
09:30:51,67.67,300,
09:30:52,67.68,800,
09:30:52,67.68,100,
09:30:52,67.68,100,
09:30:52,67.68,800,
09:30:52,67.68,100,
09:30:52,67.68,100,
09:30:52,67.68,100,
09:30:52,67.68,300,
09:30:53,67.67,300,
09:30:53,67.67,300,
09:30:53,67.67,300,
09:30:53,67.67,300,
09:30:53,67.67,300,
09:30:53,67.67,100,
09:30:53,67.67,500,
09:30:53,67.67,500,
09:30:53,67.67,300,
09:30:53,67.67,100,
09:30:53,67.67,400,
09:30:53,67.66,2000,
09:30:53,67.66,100,
09:30:53,67.66,200,
09:30:53,67.66,400,
09:30:54,67.66,300,
09:30:55,67.66,2000,
09:30:55,67.66,300,
09:30:56,67.66,100,
09:30:56,67.66,100,
09:30:56,67.66,100,
09:30:56,67.65,2000,
09:30:56,67.65,1200,
09:30:56,67.65,700,
09:30:56,67.65,900,
09:30:56,67.65,2000,
09:30:56,67.65,1200,
09:30:56,67.65,700,
09:30:56,67.67,1000,
09:30:56,67.65,300,
09:30:56,67.65,200,
09:30:57,67.65,100,
09:30:57,67.65,100,
09:30:57,67.64,2000,
09:30:57,67.64,300,
09:30:57,67.65,300,
09:30:57,67.64,300,
09:30:57,67.64,2000,
09:30:58,67.63,200,
09:30:58,67.64,300,
09:30:58,67.64,500,
09:30:58,67.64,100,
09:30:58,67.64,100,
09:30:58,67.64,177,
09:30:58,67.64,300,
09:30:58,67.63,300,
09:30:58,67.63,4000,
09:30:58,67.63,300,
09:30:58,67.63,300,
09:30:58,67.63,2000,
09:30:58,67.64,300,
09:30:58,67.64,500,
09:30:58,67.63,2000,
09:30:59,67.63,300,
09:30:59,67.63,300,
09:30:59,67.63,2000,
09:30:59,67.63,300,
09:30:59,67.63,200,
09:30:59,67.63,300,
09:30:59,67.63,2000,
09:30:59,67.63,2000,
09:31:00,67.6301,1000,
09:31:02,67.64,100,
09:31:02,67.64,100,
09:31:02,67.64,300,
09:31:02,67.64,100,
09:31:02,67.64,100,
09:31:02,67.64,100,
09:31:02,67.64,1500,
09:31:02,67.64,500,
09:31:02,67.64,100,
09:31:02,67.64,100,
09:31:02,67.63,1700,
09:31:02,67.63,400,
09:31:03,67.63,300,
09:31:03,67.63,300,
09:31:03,67.63,700,
09:31:03,67.63,100,
09:31:03,67.672,700,
09:31:03,67.63,300,
09:31:03,67.63,600,
09:31:03,67.63,100,
09:31:04,67.6701,3000,
09:31:04,67.64,480,
09:31:04,67.63,500,
09:31:04,67.63,1500,
09:31:04,67.63,2000,
09:31:04,67.63,300,
09:31:04,67.63,300,
09:31:04,67.63,2000,
09:31:04,67.63,1000,
09:31:04,67.63,1200,
09:31:04,67.63,2000,
09:31:04,67.63,200,
09:31:04,67.63,2000,
09:31:04,67.63,400,
09:31:04,67.63,2000,
09:31:05,67.63,2000,
09:31:05,67.631,500,
09:31:05,67.64,200,
09:31:05,67.64,200,
09:31:05,67.64,100,
09:31:05,67.64,100,
09:31:05,67.64,1000,
09:31:05,67.63,600,
09:31:05,67.63,300,
09:31:05,67.63,2000,
09:31:05,67.633,500,
09:31:05,67.64,500,
09:31:05,67.63,2000,
09:31:07,67.6601,100,
09:31:07,67.64,100,
09:31:08,67.652,100,
09:31:08,67.65,500,
09:31:08,67.64,100,
09:31:08,67.64,200,
09:31:08,67.63,500,
09:31:09,67.63,1000,
09:31:09,67.63,300,
09:31:09,67.63,300,
09:31:09,67.63,100,
09:31:09,67.63,200,
09:31:09,67.63,500,
09:31:09,67.63,300,
09:31:10,67.64,1400,
09:31:11,67.63,1400,
09:31:12,67.63,100,
09:31:12,67.63,200,
09:31:12,67.631,9079,
09:31:12,67.63,161,
09:31:13,67.64,2100,
09:31:13,67.64,100,
09:31:13,67.63,900,
09:31:13,67.63,2700,
09:31:13,67.63,1400,
09:31:13,67.63,300,
09:31:13,67.64,100,
09:31:13,67.64,100,
09:31:13,67.64,100,
09:31:13,67.64,100,
09:31:13,67.64,100,
09:31:13,67.63,1000,
09:31:13,67.64,500,
09:31:13,67.64,100,
09:31:13,67.64,100,
09:31:13,67.65,200,
09:31:13,67.65,200,
09:31:13,67.633,100,
09:31:13,67.64,300,
09:31:13,67.64,200,
09:31:14,67.632,100,
09:31:14,67.632,200,
09:31:14,67.635,500,
09:31:16,67.635,100,
09:31:16,67.6401,100,
09:31:16,67.6401,100,
09:31:16,67.64,300,
09:31:16,67.64,200,
09:31:17,67.65,100,
09:31:17,67.65,300,
09:31:17,67.65,100,
09:31:17,67.65,300,
09:31:17,67.65,100,
09:31:17,67.65,100,
09:31:17,67.65,200,
09:31:17,67.65,200,
09:31:17,67.64,200,
09:31:17,67.64,300,
09:31:17,67.64,200,
09:31:17,67.64,200,
09:31:17,67.64,600,
09:31:17,67.64,100,
09:31:17,67.64,100,
09:31:17,67.63,300,
09:31:17,67.64,1300,
09:31:17,67.64,2000,
09:31:17,67.64,100,
09:31:17,67.64,500,
09:31:17,67.64,800,
09:31:17,67.64,500,
09:31:17,67.64,100,
09:31:17,67.64,100,
09:31:17,67.63,400,
09:31:18,67.63,700,
09:31:18,67.63,200,
09:31:18,67.63,175,
09:31:18,67.63,175,
09:31:18,67.632,200,
09:31:18,67.6355,300,
09:31:18,67.6361,1000,
09:31:18,67.6363,3200,
09:31:20,67.63,200,
09:31:21,67.63,200,
09:31:23,67.64,500,
09:31:23,67.64,400,
09:31:23,67.64,1000,
09:31:23,67.64,200,
09:31:23,67.64,2000,
09:31:23,67.64,100,
09:31:23,67.64,2400,
09:31:23,67.64,300,
09:31:23,67.63,100,
09:31:24,67.63,100,
09:31:24,67.63,100,
09:31:24,67.62,200,
09:31:24,67.62,200,
09:31:26,67.62,100,
09:31:26,67.63,100,
09:31:26,67.63,100,
09:31:26,67.63,200,
09:31:26,67.63,100,
09:31:26,67.63,100,
09:31:26,67.63,100,
09:31:26,67.625,200,
09:31:26,67.64,200,
09:31:26,67.64,100,
09:31:26,67.64,200,
09:31:26,67.63,900,
09:31:27,67.625,400,
09:31:27,67.64,386,
09:31:27,67.64,3700,
09:31:27,67.64,614,
09:31:27,67.64,200,
09:31:27,67.64,100,
09:31:27,67.65,100,
09:31:27,67.65,100,
09:31:28,67.65,100,
09:31:28,67.6508,100,
09:31:28,67.65,100,
09:31:31,67.65,100,
09:31:31,67.65,100,
09:31:31,67.65,100,
09:31:31,67.65,100,
09:31:31,67.65,100,
09:31:32,67.64,100,
09:31:33,67.64,100,
09:31:33,67.64,100,
09:31:34,67.64,100,
09:31:36,67.64,100,
09:31:36,67.64,800,
09:31:36,67.64,2000,
09:31:36,67.64,500,
09:31:36,67.64,100,
09:31:36,67.64,100,
09:31:36,67.64,2400,
09:31:37,67.64,100,
09:31:37,67.64,400,
09:31:37,67.64,600,
09:31:38,67.64,400,
09:31:38,67.64,400,
09:31:39,67.64,100,
09:31:40,67.63,100,
09:31:40,67.63,100,
09:31:40,67.6301,100,
09:31:40,67.6301,100,
09:31:40,67.6301,100,
09:31:41,67.63,300,
09:31:41,67.63,300,
09:31:42,67.64,100,
09:31:43,67.63,400,
09:31:43,67.63,500,
09:31:43,67.63,1059,
09:31:43,67.63,100,
09:31:43,67.63,100,
09:31:44,67.62,100,
09:31:46,67.625,200,
09:31:47,67.62,700,
09:31:47,67.625,200,
09:31:47,67.62,600,
09:31:47,67.625,200,
09:31:47,67.62,800,
09:31:48,67.62,500,
09:31:48,67.61,100,
09:31:49,67.62,300,
09:31:49,67.62,100,
09:31:49,67.62,100,
09:31:49,67.62,100,
09:31:49,67.62,275,
09:31:49,67.62,100,
09:31:49,67.615,100,
09:31:49,67.62,100,
09:31:50,67.62,500,
09:31:50,67.62,300,
09:31:50,67.62,100,
09:31:50,67.62,100,
09:31:50,67.62,100,
09:31:50,67.62,100,
09:31:51,67.62,100,
09:31:51,67.62,100,
09:31:51,67.62,100,
09:31:52,67.62,200,
09:31:52,67.62,100,
09:31:52,67.62,100,
09:31:56,67.62,400,
09:31:56,67.62,100,
09:31:56,67.62,100,
09:31:56,67.62,2864,
09:31:56,67.62,4500,
09:31:56,67.62,300,
09:31:56,67.62,100,
09:31:56,67.62,100,
09:31:56,67.62,395,
09:31:56,67.62,482,
09:31:56,67.62,877,
09:31:57,67.62,100,
09:31:57,67.62,282,
09:31:57,67.62,100,
09:31:57,67.62,100,
09:31:57,67.62,210,
09:31:57,67.615,100,
09:31:58,67.62,100,
09:31:58,67.62,100,
09:31:58,67.62,1700,
09:31:59,67.62,1000,
09:31:59,67.63,400,
09:31:59,67.63,100,
09:31:59,67.63,400,
09:31:59,67.63,100,
09:31:59,67.63,1000,
09:31:59,67.6228,170,
09:32:00,67.63,100,
09:32:00,67.63,960,
09:32:00,67.63,500,
09:32:00,67.63,800,
09:32:00,67.63,100,
09:32:00,67.63,1000,
09:32:00,67.63,600,
09:32:00,67.63,500,
09:32:00,67.63,100,
09:32:00,67.63,500,
09:32:00,67.63,500,
09:32:00,67.63,200,
09:32:00,67.63,1000,
09:32:00,67.63,100,
09:32:00,67.63,100,
09:32:01,67.63,100,
09:32:01,67.63,123,
09:32:02,67.63,100,
09:32:02,67.63,750,
09:32:04,67.63,100,
09:32:09,67.63,100,
09:32:09,67.63,100,
09:32:12,67.63,1000,
09:32:12,67.63,3000,
09:32:12,67.63,100,
09:32:13,67.63,100,
09:32:13,67.63,100,
09:32:13,67.63,100,
09:32:13,67.63,500,
09:32:14,67.63,2000,
09:32:16,67.64,200,
09:32:17,67.64,100,
09:32:17,67.64,500,
09:32:17,67.64,500,
09:32:17,67.64,200,
09:32:17,67.64,200,
09:32:17,67.64,200,
09:32:17,67.63,100,
09:32:20,67.63,100,
09:32:20,67.63,100,
09:32:21,67.63,100,
09:32:21,67.63,100,
09:32:21,67.63,100,
09:32:21,67.63,100,
09:32:21,67.62,100,
09:32:21,67.62,300,
09:32:22,67.62,100,
09:32:24,67.62,400,
09:32:24,67.62,1000,
09:32:24,67.62,100,
09:32:24,67.62,100,
09:32:24,67.62,100,
09:32:24,67.62,100,
09:32:24,67.62,100,
09:32:24,67.62,1000,
09:32:25,67.62,1000,
09:32:25,67.62,100,
09:32:25,67.62,900,
09:32:25,67.62,100,
09:32:25,67.62,1600,
09:32:25,67.62,100,
09:32:25,67.62,100,
09:32:25,67.62,300,
09:32:28,67.61,300,
09:32:28,67.61,2000,
09:32:28,67.61,100,
09:32:28,67.61,500,
09:32:28,67.61,2000,
09:32:28,67.61,700,
09:32:28,67.61,500,
09:32:28,67.6001,100,
09:32:28,67.60,100,
09:32:28,67.60,100,
09:32:28,67.60,500,
09:32:28,67.60,426,
09:32:28,67.60,500,
09:32:28,67.59,198,
09:32:28,67.60,574,
09:32:30,67.60,500,
09:32:30,67.60,100,
09:32:30,67.60,300,
09:32:30,67.60,100,
09:32:30,67.60,100,
09:32:30,67.60,100,
09:32:30,67.60,100,
09:32:30,67.60,300,
09:32:31,67.60,100,
09:32:31,67.60,100,
09:32:31,67.60,300,
09:32:31,67.60,300,
09:32:31,67.60,2000,
09:32:31,67.60,300,
09:32:31,67.60,100,
09:32:31,67.60,100,
09:32:31,67.60,100,
09:32:31,67.60,100,
09:32:31,67.60,100,
09:32:33,67.59,175,
09:32:33,67.59,300,
09:32:34,67.58,200,
09:32:34,67.58,400,
09:32:34,67.588,600,
09:32:34,67.58,2200,
09:32:37,67.57,200,
09:32:37,67.56,300,
09:32:37,67.56,100,
09:32:39,67.57,100,
09:32:39,67.57,100,
09:32:39,67.57,100,
09:32:39,67.57,100,
09:32:39,67.57,100,
09:32:42,67.57,100,
09:32:42,67.572,100,
09:32:42,67.572,100,
09:32:43,67.57,100,
09:32:43,67.57,100,
09:32:43,67.57,100,
09:32:43,67.57,500,
09:32:43,67.57,100,
09:32:43,67.56,100,
09:32:43,67.57,100,
09:32:43,67.56,2000,
09:32:43,67.5699,400,
09:32:43,67.57,300,
09:32:43,67.57,300,
09:32:43,67.5601,200,
09:32:45,67.56,100,
09:32:45,67.56,2000,
09:32:45,67.56,100,
09:32:45,67.56,100,
09:32:45,67.56,100,
09:32:46,67.56,100,
09:32:48,67.57,100,
09:32:49,67.57,1000,
09:32:49,67.57,2164,
09:32:49,67.57,500,
09:32:49,67.57,100,
09:32:53,67.57,800,
09:32:53,67.57,2400,
09:32:53,67.57,100,
09:32:53,67.57,100,
09:32:53,67.57,200,
09:32:53,67.57,300,
09:32:54,67.57,100,
09:32:54,67.57,100,
09:32:54,67.57,100,
09:32:54,67.57,100,
09:32:55,67.56,100,
09:32:55,67.57,100,
09:32:55,67.57,100,
09:32:55,67.57,100,
09:32:55,67.57,100,
09:32:55,67.57,100,
09:32:57,67.579,100,
09:32:58,67.57,100,
09:32:59,67.579,100,
09:32:59,67.579,100,
09:32:59,67.58,100,
09:32:59,67.58,100,
09:32:59,67.58,100,
09:32:59,67.58,100,
09:32:59,67.58,100,
09:33:00,67.58,100,
09:33:00,67.58,100,
09:33:04,67.581,200,
09:33:06,67.59,300,
09:33:08,67.5872,100,
09:33:08,67.5899,150,
09:33:09,67.59,100,
09:33:09,67.589,100,
09:33:11,67.589,100,
09:33:11,67.5868,687,
09:33:11,67.59,2900,
09:33:13,67.589,100,
09:33:14,67.589,100,
09:33:15,67.59,100,
09:33:16,67.589,100,
09:33:17,67.5829,500,
09:33:17,67.58,100,
09:33:17,67.58,100,
09:33:18,67.58,100,
09:33:18,67.58,100,
09:33:18,67.58,600,
09:33:18,67.58,100,
09:33:18,67.58,200,
09:33:18,67.58,100,
09:33:18,67.58,100,
09:33:18,67.57,1900,
09:33:18,67.58,1000,
09:33:18,67.58,100,
09:33:18,67.58,300,
09:33:18,67.58,6130,
09:33:18,67.58,100,
09:33:18,67.58,700,
09:33:18,67.58,200,
09:33:18,67.58,200,
09:33:18,67.58,100,
09:33:18,67.58,100,
09:33:18,67.59,400,
09:33:18,67.59,2700,
09:33:18,67.59,100,
09:33:18,67.59,128,
09:33:20,67.59,100,
09:33:20,67.59,100,
09:33:21,67.59,300,
09:33:21,67.59,300,
09:33:22,67.5901,200,
09:33:25,67.60,500,
09:33:25,67.60,100,
09:33:25,67.5999,200,
09:33:26,67.60,9300,
09:33:26,67.60,300,
09:33:28,67.60,700,
09:33:28,67.60,100,
09:33:28,67.60,8300,
09:33:28,67.60,100,
09:33:28,67.60,100,
09:33:28,67.60,2200,
09:33:28,67.60,100,
09:33:29,67.61,2700,
09:33:29,67.61,400,
09:33:29,67.61,300,
09:33:29,67.61,100,
09:33:30,67.6183,100,
09:33:30,67.59,500,
09:33:31,67.6177,100,
09:33:33,67.62,2000,
09:33:33,67.62,200,
09:33:33,67.6181,100,
09:33:34,67.619,100,
09:33:35,67.6101,150,
09:33:36,67.619,100,
09:33:38,67.62,700,
09:33:38,67.619,100,
09:33:39,67.619,100,
09:33:41,67.62,100,
09:33:41,67.62,100,
09:33:41,67.62,100,
09:33:41,67.619,100,
09:33:43,67.619,100,
09:33:43,67.61,2038,
09:33:43,67.61,800,
09:33:44,67.619,100,
09:33:45,67.62,800,
09:33:46,67.62,700,
09:33:46,67.62,100,
09:33:46,67.63,500,
09:33:46,67.629,100,
09:33:46,67.63,400,
09:33:46,67.63,300,
09:33:48,67.6286,100,
09:33:49,67.629,100,
09:33:51,67.6278,100,
09:33:51,67.629,100,
09:33:53,67.629,100,
09:33:54,67.629,100,
09:33:56,67.62,100,
09:33:56,67.62,500,
09:33:56,67.62,100,
09:33:56,67.62,100,
09:33:56,67.62,200,
09:33:56,67.62,200,
09:33:56,67.62,488,
09:33:56,67.62,100,
09:33:56,67.62,500,
09:33:57,67.62,200,
09:33:59,67.62,100,
09:34:05,67.62,100,
09:34:05,67.62,288,
09:34:05,67.62,600,
09:34:09,67.61,500,
09:34:09,67.61,100,
09:34:09,67.61,300,
09:34:09,67.61,100,
09:34:09,67.61,100,
09:34:09,67.61,100,
09:34:09,67.61,1000,
09:34:09,67.615,100,
09:34:09,67.61,100,
09:34:09,67.61,100,
09:34:09,67.61,200,
09:34:09,67.61,200,
09:34:09,67.61,500,
09:34:09,67.61,500,
09:34:09,67.61,100,
09:34:09,67.61,500,
09:34:09,67.61,100,
09:34:10,67.61,100,
09:34:11,67.61,100,
09:34:11,67.62,100,
09:34:11,67.62,100,
09:34:11,67.62,100,
09:34:11,67.62,100,
09:34:15,67.62,100,
09:34:15,67.62,500,
09:34:15,67.62,100,
09:34:15,67.62,100,
09:34:17,67.61,100,
09:34:18,67.62,400,
09:34:18,67.62,600,
09:34:18,67.62,500,
09:34:18,67.62,100,
09:34:18,67.62,100,
09:34:18,67.62,800,
09:34:18,67.62,100,
09:34:18,67.62,100,
09:34:21,67.63,100,
09:34:21,67.63,100,
09:34:21,67.63,200,
09:34:24,67.6395,1000,
09:34:25,67.64,100,
09:34:25,67.64,100,
09:34:25,67.64,100,
09:34:25,67.64,1000,
09:34:26,67.64,400,
09:34:26,67.64,219,
09:34:27,67.6401,200,
09:34:29,67.64,100,
09:34:29,67.64,100,
09:34:29,67.64,100,
09:34:29,67.64,100,
09:34:31,67.64,100,
09:34:31,67.64,100,
09:34:31,67.64,1000,
09:34:31,67.63,500,
09:34:34,67.63,100,
09:34:34,67.64,100,
09:34:34,67.64,100,
09:34:34,67.64,100,
09:34:34,67.64,300,
09:34:34,67.64,300,
09:34:34,67.64,900,
09:34:34,67.64,500,
09:34:34,67.64,300,
09:34:34,67.64,200,
09:34:34,67.64,100,
09:34:34,67.64,100,
09:34:35,67.65,100,
09:34:35,67.65,100,
09:34:38,67.66,700,
09:34:38,67.66,400,
09:34:38,67.66,100,
09:34:38,67.66,100,
09:34:39,67.66,400,
09:34:39,67.66,100,
09:34:39,67.66,100,
09:34:39,67.66,200,
09:34:39,67.66,100,
09:34:39,67.66,100,
09:34:39,67.66,100,
09:34:39,67.66,100,
09:34:39,67.66,100,
09:34:39,67.66,100,
09:34:40,67.66,700,
09:34:40,67.66,1000,
09:34:45,67.66,100,
09:34:45,67.66,100,
09:34:45,67.66,100,
09:34:45,67.66,100,
09:34:45,67.66,100,
09:34:45,67.66,100,
09:34:45,67.66,100,
09:34:45,67.66,100,
09:34:45,67.66,100,
09:34:45,67.66,613,
09:34:45,67.66,500,
09:34:46,67.66,100,
09:34:46,67.66,100,
09:34:46,67.66,100,
09:34:46,67.66,100,
09:34:46,67.66,300,
09:34:46,67.66,100,
09:34:48,67.66,800,
09:34:48,67.66,800,
09:34:48,67.66,100,
09:34:48,67.66,800,
09:34:48,67.66,400,
09:34:49,67.66,100,
09:34:50,67.67,100,
09:34:50,67.67,100,
09:34:50,67.67,100,
09:34:50,67.67,100,
09:34:50,67.67,200,
09:34:50,67.67,100,
09:34:50,67.67,300,
09:34:51,67.67,100,
09:34:51,67.67,100,
09:34:51,67.67,100,
09:34:53,67.67,100,
09:34:53,67.67,100,
09:34:53,67.67,300,
09:34:56,67.662,300,
09:34:57,67.67,100,
09:34:58,67.6799,310,
09:35:00,67.68,132,
09:35:04,67.67,500,
09:35:04,67.67,100,
09:35:04,67.67,300,
09:35:04,67.67,100,
09:35:04,67.67,100,
09:35:04,67.67,100,
09:35:04,67.67,200,
09:35:04,67.67,100,
09:35:04,67.67,100,
09:35:06,67.66,2000,
09:35:06,67.66,1300,
09:35:07,67.66,100,
09:35:07,67.66,500,
09:35:07,67.66,2000,
09:35:07,67.66,800,
09:35:07,67.66,700,
09:35:08,67.66,100,
09:35:08,67.66,100,
09:35:08,67.66,300,
09:35:08,67.66,100,
09:35:08,67.66,100,
09:35:08,67.66,100,
09:35:08,67.66,100,
09:35:08,67.66,100,
09:35:08,67.66,100,
09:35:08,67.66,100,
09:35:08,67.66,100,
09:35:08,67.66,800,
09:35:08,67.66,1000,
09:35:10,67.65,100,
09:35:11,67.66,500,
09:35:11,67.66,400,
09:35:11,67.66,500,
09:35:11,67.66,125,
09:35:11,67.66,275,
09:35:11,67.66,500,
09:35:11,67.66,600,
09:35:11,67.66,925,
09:35:11,67.66,100,
09:35:11,67.66,100,
09:35:11,67.66,100,
09:35:12,67.67,100,
09:35:13,67.66,100,
09:35:13,67.66,210,
09:35:13,67.66,100,
09:35:13,67.66,100,
09:35:13,67.66,100,
09:35:13,67.66,100,
09:35:17,67.65,100,
09:35:17,67.65,1000,
09:35:17,67.65,400,
09:35:17,67.65,100,
09:35:17,67.65,100,
09:35:17,67.65,128,
09:35:19,67.64,488,
09:35:20,67.645,100,
09:35:20,67.645,200,
09:35:22,67.64,100,
09:35:22,67.64,700,
09:35:22,67.64,200,
09:35:22,67.64,800,
09:35:22,67.64,400,
09:35:22,67.64,100,
09:35:22,67.64,100,
09:35:22,67.64,300,
09:35:22,67.64,100,
09:35:23,67.64,100,
09:35:24,67.65,100,
09:35:24,67.65,800,
09:35:24,67.65,100,
09:35:24,67.65,673,
09:35:24,67.65,400,
09:35:24,67.65,800,
09:35:24,67.65,200,
09:35:24,67.65,200,
09:35:24,67.65,200,
09:35:24,67.65,100,
09:35:24,67.65,100,
09:35:26,67.648,100,
09:35:26,67.648,100,
09:35:26,67.648,500,
09:35:28,67.64,100,
09:35:28,67.64,100,
09:35:28,67.64,100,
09:35:28,67.64,100,
09:35:30,67.64,100,
09:35:30,67.64,100,
09:35:30,67.64,100,
09:35:30,67.64,100,
09:35:30,67.64,200,
09:35:30,67.64,200,
09:35:30,67.64,100,
09:35:37,67.65,200,
09:35:43,67.65,100,
09:35:43,67.64,100,
09:35:43,67.64,300,
09:35:44,67.64,164,
09:35:44,67.64,600,
09:35:44,67.64,100,
09:35:44,67.64,100,
09:35:44,67.64,100,
09:35:44,67.64,800,
09:35:44,67.64,100,
09:35:44,67.64,400,
09:35:44,67.64,100,
09:35:44,67.64,100,
09:35:44,67.64,400,
09:35:44,67.64,100,
09:35:44,67.64,100,
09:35:46,67.64,100,
09:35:46,67.64,100,
09:35:46,67.64,100,
09:35:53,67.64,264,
09:35:53,67.64,100,
09:35:54,67.64,100,
09:35:54,67.64,100,
09:35:55,67.64,100,
09:35:59,67.65,100,
09:35:59,67.65,800,
09:35:59,67.65,100,
09:35:59,67.65,100,
09:35:59,67.65,100,
09:36:00,67.6499,100,
09:36:00,67.65,100,
09:36:00,67.65,100,
09:36:00,67.65,100,
09:36:01,67.66,400,
09:36:01,67.66,800,
09:36:01,67.66,200,
09:36:01,67.66,100,
09:36:02,67.67,600,
09:36:02,67.67,100,
09:36:06,67.67,300,
09:36:07,67.67,100,
09:36:07,67.67,100,
09:36:07,67.67,100,
09:36:07,67.67,100,
09:36:07,67.67,100,
09:36:07,67.67,100,
09:36:07,67.67,100,
09:36:07,67.67,100,
09:36:08,67.66,400,
09:36:11,67.66,100,
09:36:11,67.67,100,
09:36:11,67.67,100,
09:36:11,67.67,800,
09:36:11,67.67,200,
09:36:11,67.67,100,
09:36:11,67.67,100,
09:36:11,67.67,100,
09:36:14,67.68,100,
09:36:14,67.68,100,
09:36:14,67.68,100,
09:36:14,67.68,200,
09:36:20,67.69,100,
09:36:20,67.69,100,
09:36:20,67.69,300,
09:36:20,67.69,100,
09:36:23,67.69,400,
09:36:23,67.698,500,
09:36:28,67.69,100,
09:36:28,67.69,800,
09:36:28,67.69,200,
09:36:28,67.69,100,
09:36:28,67.69,100,
09:36:28,67.69,300,
09:36:28,67.69,100,
09:36:28,67.69,300,
09:36:28,67.69,100,
09:36:28,67.68,200,
09:36:28,67.69,100,
09:36:28,67.69,100,
09:36:28,67.68,900,
09:36:28,67.68,900,
09:36:28,67.68,200,
09:36:29,67.68,700,
09:36:30,67.68,300,
09:36:31,67.68,200,
09:36:31,67.69,100,
09:36:31,67.69,3400,
09:36:31,67.69,800,
09:36:31,67.69,3600,
09:36:31,67.69,100,
09:36:31,67.69,100,
09:36:31,67.69,200,
09:36:31,67.69,100,
09:36:31,67.69,400,
09:36:31,67.69,800,
09:36:31,67.68,120,
09:36:31,67.68,100,
09:36:31,67.68,100,
09:36:31,67.68,600,
09:36:31,67.68,100,
09:36:31,67.68,100,
09:36:31,67.68,100,
09:36:31,67.68,800,
09:36:31,67.68,100,
09:36:31,67.685,100,
09:36:31,67.68,400,
09:36:31,67.68,100,
09:36:31,67.68,359,
09:36:32,67.68,100,
09:36:32,67.68,100,
09:36:32,67.68,200,
09:36:37,67.68,100,
09:36:37,67.68,100,
09:36:37,67.68,700,
09:36:38,67.68,100,
09:36:45,67.68,200,
09:36:47,67.68,200,
09:36:51,67.69,400,
09:36:51,67.69,400,
09:36:51,67.69,600,
09:36:51,67.69,100,
09:36:51,67.69,1900,
09:36:51,67.69,500,
09:36:51,67.69,100,
09:36:52,67.69,2165,
09:36:52,67.69,100,
09:36:52,67.69,100,
09:36:52,67.69,100,
09:36:53,67.69,100,
09:36:53,67.69,100,
09:36:54,67.69,100,
09:36:54,67.69,100,
09:36:54,67.69,600,
09:36:54,67.69,100,
09:36:54,67.69,100,
09:36:54,67.69,100,
09:36:54,67.69,100,
09:36:54,67.69,400,
09:36:54,67.69,100,
09:36:54,67.69,100,
09:36:54,67.68,100,
09:36:54,67.68,800,
09:36:54,67.68,100,
09:36:54,67.68,100,
09:36:54,67.68,100,
09:36:54,67.68,100,
09:37:05,67.678,1000,
09:37:07,67.67,600,
09:37:11,67.68,200,
09:37:11,67.68,100,
09:37:11,67.68,100,
09:37:11,67.68,100,
09:37:11,67.68,800,
09:37:11,67.68,300,
09:37:11,67.68,100,
09:37:11,67.68,200,
09:37:11,67.68,200,
09:37:11,67.68,100,
09:37:11,67.68,500,
09:37:16,67.69,300,
09:37:16,67.69,100,
09:37:16,67.69,100,
09:37:16,67.69,100,
09:37:16,67.69,400,
09:37:16,67.69,600,
09:37:16,67.69,900,
09:37:16,67.69,100,
09:37:16,67.69,200,
09:37:16,67.69,200,
09:37:16,67.69,100,
09:37:18,67.6899,100,
09:37:19,67.68,200,
09:37:19,67.68,500,
09:37:24,67.689,200,
09:37:30,67.69,100,
09:37:31,67.69,100,
09:37:31,67.69,100,
09:37:31,67.69,100,
09:37:31,67.69,100,
09:37:31,67.70,100,
09:37:31,67.70,100,
09:37:31,67.70,100,
09:37:31,67.70,300,
09:37:34,67.7014,2000,
09:37:38,67.71,1250,
09:37:40,67.71,100,
09:37:40,67.71,100,
09:37:40,67.71,100,
09:37:40,67.71,100,
09:37:40,67.71,100,
09:37:43,67.71,200,
09:37:43,67.71,100,
09:37:43,67.71,300,
09:37:46,67.71,300,
09:37:46,67.72,800,
09:37:48,67.71,100,
09:37:48,67.71,100,
09:37:49,67.71,300,
09:37:49,67.71,100,
09:37:49,67.71,500,
09:37:49,67.71,100,
09:37:49,67.71,100,
09:37:49,67.71,100,
09:37:52,67.71,100,
09:37:52,67.71,100,
09:37:52,67.7099,100,
09:37:52,67.7099,100,
09:37:52,67.7099,100,
09:37:52,67.7099,100,
09:37:53,67.71,100,
09:37:53,67.71,300,
09:37:53,67.71,100,
09:37:53,67.70,650,
09:37:54,67.7198,400,
09:37:54,67.7199,400,
09:37:54,67.7199,300,
09:37:54,67.7199,4600,
09:37:54,67.719,6700,
09:37:54,67.719,2000,
09:37:55,67.72,16997,
09:37:59,67.71,100,
09:37:59,67.71,100,
09:37:59,67.71,100,
09:37:59,67.71,400,
09:37:59,67.70,400,
09:37:59,67.70,100,
09:37:59,67.70,196,
09:37:59,67.70,304,
09:37:59,67.70,100,
09:37:59,67.70,300,
09:37:59,67.70,100,
09:38:01,67.70,100,
09:38:01,67.70,100,
09:38:01,67.70,400,
09:38:01,67.70,300,
09:38:01,67.70,100,
09:38:01,67.70,100,
09:38:01,67.70,100,
09:38:02,67.69,300,
09:38:05,67.70,100,
09:38:05,67.70,100,
09:38:06,67.70,291,
09:38:06,67.70,600,
09:38:07,67.70,100,
09:38:07,67.70,100,
09:38:10,67.70,100,
09:38:10,67.70,600,
09:38:10,67.70,100,
09:38:10,67.70,100,
09:38:13,67.70,400,
09:38:13,67.70,200,
09:38:13,67.70,400,
09:38:13,67.70,300,
09:38:13,67.70,100,
09:38:13,67.70,100,
09:38:13,67.70,100,
09:38:13,67.70,100,
09:38:13,67.70,100,
09:38:13,67.70,100,
09:38:13,67.70,100,
09:38:13,67.70,200,
09:38:13,67.70,296,
09:38:13,67.70,500,
09:38:13,67.70,300,
09:38:13,67.70,300,
09:38:13,67.70,1000,
09:38:13,67.70,100,
09:38:13,67.70,200,
09:38:13,67.70,300,
09:38:13,67.70,300,
09:38:13,67.70,100,
09:38:13,67.70,1700,
09:38:13,67.70,1500,
09:38:13,67.70,800,
09:38:13,67.70,100,
09:38:13,67.70,100,
09:38:13,67.70,100,
09:38:16,67.70,100,
09:38:16,67.70,100,
09:38:16,67.70,100,
09:38:16,67.70,100,
09:38:16,67.70,300,
09:38:16,67.70,400,
09:38:16,67.70,100,
09:38:16,67.70,100,
09:38:17,67.71,200,
09:38:18,67.71,100,
09:38:18,67.71,600,
09:38:18,67.71,400,
09:38:18,67.71,100,
09:38:18,67.71,400,
09:38:18,67.71,100,
09:38:18,67.71,500,
09:38:18,67.71,200,
09:38:18,67.71,600,
09:38:18,67.71,100,
09:38:18,67.71,100,
09:38:18,67.71,100,
09:38:18,67.71,100,
09:38:19,67.72,200,
09:38:19,67.72,100,
09:38:19,67.72,100,
09:38:19,67.72,100,
09:38:19,67.72,1000,
09:38:19,67.72,100,
09:38:19,67.72,100,
09:38:20,67.73,400,
09:38:20,67.73,100,
09:38:20,67.73,2900,
09:38:20,67.73,100,
09:38:20,67.73,300,
09:38:20,67.73,100,
09:38:20,67.73,100,
09:38:20,67.739,200,
09:38:20,67.739,200,
09:38:22,67.73,100,
09:38:22,67.73,100,
09:38:22,67.73,200,
09:38:22,67.73,100,
09:38:22,67.73,200,
09:38:22,67.73,100,
09:38:22,67.73,100,
09:38:22,67.73,100,
09:38:22,67.73,100,
09:38:22,67.73,100,
09:38:22,67.73,100,
09:38:22,67.73,100,
09:38:23,67.72,100,
09:38:24,67.73,200,
09:38:24,67.73,200,
09:38:26,67.73,100,
09:38:26,67.73,100,
09:38:28,67.73,100,
09:38:28,67.73,100,
09:38:28,67.73,199,
09:38:28,67.73,100,
09:38:28,67.73,200,
09:38:28,67.73,100,
09:38:29,67.74,100,
09:38:29,67.74,100,
09:38:29,67.74,199,
09:38:29,67.75,100,
09:38:31,67.7497,400,
09:38:31,67.7497,200,
09:38:31,67.75,1600,
09:38:31,67.749,3600,
09:38:32,67.75,100,
09:38:33,67.74,300,
09:38:33,67.74,500,
09:38:33,67.75,100,
09:38:33,67.75,100,
09:38:33,67.75,600,
09:38:34,67.75,100,
09:38:35,67.7401,700,
09:38:36,67.75,100,
09:38:36,67.75,100,
09:38:36,67.75,1000,
09:38:36,67.75,1000,
09:38:36,67.75,100,
09:38:36,67.75,100,
09:38:38,67.75,100,
09:38:38,67.75,100,
09:38:38,67.75,300,
09:38:38,67.75,1000,
09:38:38,67.75,100,
09:38:38,67.75,300,
09:38:38,67.75,100,
09:38:38,67.75,296,
09:38:38,67.75,300,
09:38:38,67.75,100,
09:38:38,67.75,1400,
09:38:38,67.75,100,
09:38:38,67.75,1300,
09:38:38,67.749,300,
09:38:38,67.749,400,
09:38:38,67.75,100,
09:38:38,67.75,638,
09:38:40,67.74,400,
09:38:40,67.74,800,
09:38:40,67.74,100,
09:38:40,67.74,100,
09:38:40,67.74,400,
09:38:40,67.74,200,
09:38:40,67.74,499,
09:38:41,67.74,100,
09:38:41,67.74,800,
09:38:41,67.74,400,
09:38:41,67.74,400,
09:38:41,67.74,600,
09:38:41,67.74,800,
09:38:41,67.74,100,
09:38:42,67.74,600,
09:38:42,67.74,100,
09:38:42,67.74,100,
09:38:42,67.74,300,
09:38:42,67.74,200,
09:38:42,67.74,100,
09:38:42,67.74,400,
09:38:42,67.73,600,
09:38:42,67.73,800,
09:38:42,67.73,400,
09:38:42,67.73,100,
09:38:42,67.73,100,
09:38:42,67.73,400,
09:38:42,67.73,400,
09:38:42,67.73,300,
09:38:42,67.73,100,
09:38:42,67.73,100,
09:38:42,67.73,600,
09:38:42,67.73,100,
09:38:42,67.73,100,
09:38:42,67.73,800,
09:38:42,67.73,500,
09:38:42,67.7386,1100,
09:38:44,67.74,1400,
09:38:45,67.74,100,
09:38:46,67.74,100,
09:38:46,67.74,800,
09:38:46,67.74,100,
09:38:46,67.74,400,
09:38:46,67.74,100,
09:38:46,67.74,100,
09:38:46,67.74,100,
09:38:46,67.75,100,
09:38:46,67.74,100,
09:38:47,67.731,1000,
09:38:47,67.75,500,
09:38:48,67.75,100,
09:38:52,67.7499,200,
09:38:52,67.74,800,
09:38:52,67.74,600,
09:38:52,67.74,600,
09:38:52,67.74,100,
09:38:52,67.74,400,
09:38:52,67.74,200,
09:38:52,67.74,100,
09:38:52,67.74,100,
09:38:52,67.74,100,
09:38:53,67.74,210,
09:38:53,67.73,100,
09:38:53,67.73,300,
09:38:53,67.73,100,
09:38:53,67.73,100,
09:38:53,67.73,300,
09:38:53,67.73,100,
09:38:53,67.73,100,
09:38:53,67.72,400,
09:38:53,67.72,800,
09:38:53,67.72,169,
09:38:53,67.72,400,
09:38:53,67.73,800,
09:38:54,67.73,218,
09:38:54,67.73,100,
09:38:59,67.72,231,
09:39:01,67.72,100,
09:39:01,67.72,400,
09:39:07,67.73,100,
09:39:09,67.73,100,
09:39:09,67.73,100,
09:39:09,67.73,100,
09:39:09,67.73,100,
09:39:09,67.73,100,
09:39:09,67.73,100,
09:39:09,67.73,700,
09:39:09,67.725,900,
09:39:09,67.725,500,
09:39:09,67.73,290,
09:39:09,67.73,100,
09:39:09,67.73,100,
09:39:09,67.73,100,
09:39:09,67.7399,500,
09:39:10,67.73,100,
09:39:10,67.73,100,
09:39:10,67.73,100,
09:39:11,67.73,100,
09:39:11,67.73,100,
09:39:12,67.74,100,
09:39:14,67.74,100,
09:39:14,67.74,100,
09:39:14,67.735,300,
09:39:14,67.735,300,
09:39:14,67.74,200,
09:39:14,67.74,100,
09:39:14,67.74,100,
09:39:14,67.74,100,
09:39:14,67.74,100,
09:39:14,67.74,100,
09:39:14,67.74,100,
09:39:17,67.73,200,
09:39:20,67.74,300,
09:39:20,67.74,200,
09:39:21,67.74,300,
09:39:21,67.74,100,
09:39:21,67.74,100,
09:39:21,67.74,300,
09:39:21,67.74,100,
09:39:21,67.74,600,
09:39:21,67.74,500,
09:39:21,67.74,100,
09:39:21,67.74,300,
09:39:24,67.75,100,
09:39:27,67.75,100,
09:39:27,67.75,100,
09:39:27,67.75,100,
09:39:27,67.75,290,
09:39:27,67.75,1200,
09:39:27,67.75,2890,
09:39:27,67.75,100,
09:39:27,67.75,100,
09:39:33,67.75,500,
09:39:33,67.75,100,
09:39:33,67.75,300,
09:39:33,67.75,100,
09:39:33,67.75,300,
09:39:38,67.75,200,
09:39:38,67.75,100,
09:39:38,67.75,100,
09:39:38,67.75,100,
09:39:40,67.75,100,
09:39:40,67.75,300,
09:39:40,67.75,100,
09:39:40,67.75,300,
09:39:41,67.752,200,
09:39:42,67.76,400,
09:39:42,67.75,100,
09:39:42,67.75,205,
09:39:42,67.75,500,
09:39:42,67.75,100,
09:39:44,67.76,1000,
09:39:45,67.75,500,
09:39:46,67.75,100,
09:39:46,67.75,100,
09:39:46,67.75,300,
09:39:46,67.75,100,
09:39:46,67.75,100,
09:39:46,67.75,100,
09:39:46,67.75,100,
09:39:46,67.75,300,
09:39:46,67.75,100,
09:39:46,67.75,100,
09:39:46,67.75,100,
09:39:49,67.75,100,
09:39:49,67.75,600,
09:39:49,67.75,100,
09:39:49,67.75,400,
09:39:49,67.75,500,
09:39:49,67.75,800,
09:39:49,67.75,100,
09:39:49,67.75,100,
09:39:49,67.75,300,
09:39:49,67.75,100,
09:39:49,67.75,100,
09:39:49,67.75,100,
09:39:50,67.75,100,
09:39:56,67.75,100,
09:39:57,67.75,1200,
09:39:57,67.75,200,
09:39:57,67.75,600,
09:39:57,67.75,100,
09:39:57,67.75,400,
09:39:58,67.75,100,
09:39:58,67.75,100,
09:39:58,67.75,400,
09:39:58,67.75,400,
09:39:58,67.75,100,
09:39:58,67.75,702,
09:39:58,67.75,100,
09:39:58,67.75,100,
09:39:58,67.75,100,
09:39:58,67.75,100,
09:39:58,67.75,100,
09:39:58,67.76,100,
09:40:00,67.75,200,
09:40:01,67.75,100,
09:40:01,67.75,700,
09:40:01,67.75,400,
09:40:01,67.75,800,
09:40:01,67.75,700,
09:40:01,67.75,100,
09:40:01,67.75,100,
09:40:01,67.76,140,
09:40:01,67.76,140,
09:40:01,67.76,140,
09:40:01,67.76,140,
09:40:01,67.76,140,
09:40:01,67.76,140,
09:40:02,67.75,100,
09:40:03,67.758,300,
09:40:03,67.75,100,
09:40:03,67.75,100,
09:40:06,67.75,100,
09:40:06,67.75,500,
09:40:09,67.74,100,
09:40:09,67.74,100,
09:40:09,67.74,100,
09:40:09,67.74,100,
09:40:09,67.74,100,
09:40:09,67.74,100,
09:40:09,67.74,100,
09:40:10,67.74,400,
09:40:14,67.74,400,
09:40:14,67.74,100,
09:40:14,67.74,100,
09:40:16,67.73,200,
09:40:19,67.73,100,
09:40:19,67.73,100,
09:40:19,67.73,140,
09:40:23,67.72,40000,
09:40:24,67.73,100,
09:40:24,67.73,100,
09:40:31,67.72,100,
09:40:31,67.72,100,
09:40:31,67.72,100,
09:40:31,67.72,100,
09:40:35,67.72,2000,
09:40:35,67.72,300,
09:40:36,67.72,100,
09:40:36,67.72,800,
09:40:36,67.72,100,
09:40:39,67.72,100,
09:40:42,67.71,100,
09:40:42,67.71,100,
09:40:43,67.70,202,
09:40:46,67.70,300,
09:40:47,67.71,800,
09:40:47,67.71,800,
09:40:47,67.71,100,
09:40:47,67.71,100,
09:40:47,67.71,100,
09:40:47,67.71,400,
09:40:47,67.71,100,
09:40:50,67.71,100,
09:40:50,67.71,100,
09:40:50,67.71,100,
09:40:52,67.71,300,
09:40:52,67.71,100,
09:40:52,67.71,100,
09:40:52,67.71,100,
09:40:52,67.71,100,
09:40:52,67.71,800,
09:40:52,67.71,100,
09:40:54,67.71,200,
09:40:54,67.71,100,
09:40:54,67.71,100,
09:40:54,67.71,600,
09:40:54,67.71,100,
09:40:54,67.71,100,
09:40:54,67.72,100,
09:40:57,67.71,100,
09:40:57,67.71,100,
09:40:57,67.71,360,
09:40:57,67.71,400,
09:40:57,67.71,100,
09:40:57,67.71,100,
09:40:58,67.71,300,
09:40:58,67.71,100,
09:40:58,67.71,100,
09:40:58,67.71,400,
09:40:58,67.71,100,
09:40:58,67.71,100,
09:40:58,67.71,400,
09:40:58,67.71,100,
09:40:58,67.71,800,
09:40:59,67.7102,10100,
09:40:59,67.7101,300,
09:40:59,67.7101,400,
09:40:59,67.7101,300,
09:40:59,67.7101,400,
09:40:59,67.7101,400,
09:40:59,67.71,13400,
09:41:02,67.72,195,
09:41:12,67.72,100,
09:41:12,67.72,100,
09:41:12,67.72,100,
09:41:12,67.72,100,
09:41:12,67.72,100,
09:41:12,67.72,100,
09:41:12,67.72,100,
09:41:14,67.73,400,
09:41:14,67.73,400,
09:41:14,67.73,400,
09:41:14,67.73,600,
09:41:17,67.729,400,
09:41:19,67.72,100,
09:41:19,67.72,100,
09:41:19,67.72,600,
09:41:19,67.72,800,
09:41:19,67.72,100,
09:41:19,67.72,100,
09:41:19,67.72,100,
09:41:19,67.72,400,
09:41:25,67.712,100,
09:41:26,67.71,100,
09:41:26,67.71,300,
09:41:26,67.71,100,
09:41:26,67.71,300,
09:41:26,67.71,200,
09:41:26,67.71,100,
09:41:26,67.71,100,
09:41:26,67.71,100,
09:41:26,67.71,100,
09:41:26,67.71,100,
09:41:26,67.71,100,
09:41:26,67.71,100,
09:41:26,67.71,100,
09:41:29,67.70,169,
09:41:31,67.71,500,
09:41:31,67.71,400,
09:41:31,67.71,100,
09:41:31,67.71,100,
09:41:31,67.71,100,
09:41:32,67.7115,100,
09:41:37,67.71,100,
09:41:38,67.71,500,
09:41:38,67.71,200,
09:41:38,67.71,100,
09:41:38,67.71,400,
09:41:38,67.71,100,
09:41:38,67.71,100,
09:41:38,67.71,100,
09:41:38,67.71,100,
09:41:39,67.71,100,
09:41:39,67.71,100,
09:41:39,67.71,100,
09:41:39,67.71,100,
09:41:39,67.71,800,
09:41:41,67.7129,500,
09:41:42,67.72,100,
09:41:42,67.72,500,
09:41:47,67.7101,3000,
09:41:48,67.711,100,
09:41:52,67.72,400,
09:41:52,67.72,2400,
09:41:53,67.72,100,
09:41:53,67.72,100,
09:41:53,67.72,100,
09:41:53,67.72,100,
09:41:53,67.72,100,
09:41:53,67.72,100,
09:41:53,67.72,100,
09:41:53,67.72,200,
09:41:53,67.72,100,
09:41:59,67.72,100,
09:41:59,67.72,100,
09:42:01,67.72,100,
09:42:01,67.72,800,
09:42:01,67.72,107,
09:42:01,67.72,100,
09:42:01,67.72,100,
09:42:01,67.72,100,
09:42:01,67.72,100,
09:42:01,67.72,100,
09:42:01,67.72,293,
09:42:01,67.72,100,
09:42:01,67.72,100,
09:42:12,67.7107,500,
09:42:13,67.72,100,
09:42:13,67.72,300,
09:42:13,67.72,100,
09:42:13,67.72,100,
09:42:13,67.72,100,
09:42:13,67.72,181,
09:42:13,67.72,100,
09:42:13,67.72,100,
09:42:13,67.72,100,
09:42:13,67.72,381,
09:42:13,67.72,300,
09:42:13,67.73,100,
09:42:13,67.73,400,
09:42:13,67.73,600,
09:42:13,67.73,400,
09:42:13,67.73,100,
09:42:13,67.73,100,
09:42:13,67.73,100,
09:42:15,67.74,100,
09:42:20,67.73,100,
09:42:21,67.73,100,
09:42:21,67.73,500,
09:42:21,67.73,100,
09:42:21,67.73,200,
09:42:21,67.73,100,
09:42:21,67.73,400,
09:42:21,67.73,100,
09:42:21,67.73,100,
09:42:21,67.73,100,
09:42:21,67.73,300,
09:42:21,67.73,100,
09:42:21,67.73,100,
09:42:21,67.73,100,
09:42:21,67.735,500,
09:42:29,67.73,100,
09:42:29,67.73,100,
09:42:29,67.73,100,
09:42:29,67.73,100,
09:42:29,67.73,400,
09:42:29,67.74,475,
09:42:34,67.73,100,
09:42:34,67.73,800,
09:42:34,67.73,400,
09:42:34,67.73,100,
09:42:34,67.73,700,
09:42:34,67.73,1000,
09:42:34,67.73,700,
09:42:34,67.73,400,
09:42:34,67.73,200,
09:42:40,67.74,181,
09:42:42,67.74,200,
09:42:42,67.74,199,
09:42:44,67.73,800,
09:42:45,67.73,100,
09:42:45,67.73,100,
09:42:45,67.73,100,
09:42:45,67.73,100,
09:42:45,67.73,200,
09:42:45,67.73,100,
09:42:51,67.73,500,
09:42:53,67.73,2000,
09:42:54,67.72,200,
09:42:58,67.7201,100,
09:43:01,67.729,500,
09:43:02,67.72,100,
09:43:02,67.72,100,
09:43:03,67.72,713,
09:43:03,67.72,100,
09:43:03,67.72,100,
09:43:03,67.72,100,
09:43:03,67.72,100,
09:43:07,67.71,100,
09:43:07,67.71,100,
09:43:07,67.71,100,
09:43:08,67.7129,280,
09:43:09,67.71,5700,
09:43:09,67.71,1300,
09:43:09,67.71,500,
09:43:09,67.71,700,
09:43:13,67.71,300,
09:43:16,67.7103,200,
09:43:17,67.71,100,
09:43:17,67.71,100,
09:43:17,67.71,100,
09:43:17,67.71,500,
09:43:23,67.71,400,
09:43:23,67.71,400,
09:43:23,67.71,100,
09:43:35,67.70,100,
09:43:35,67.70,100,
09:43:35,67.70,100,
09:43:35,67.70,4100,
09:43:35,67.70,100,
09:43:35,67.70,100,
09:43:35,67.70,100,
09:43:35,67.70,100,
09:43:35,67.69,3500,
09:43:35,67.69,800,
09:43:35,67.69,200,
09:43:35,67.70,100,
09:43:35,67.70,100,
09:43:44,67.70,115,
09:43:44,67.70,100,
09:43:46,67.70,385,
09:43:47,67.70,200,
09:43:47,67.70,100,
09:43:47,67.70,570,
09:43:53,67.70,100,
09:43:53,67.70,100,
09:43:53,67.70,100,
09:43:53,67.70,300,
09:43:53,67.70,100,
09:43:53,67.70,100,
09:43:57,67.7099,350,
09:43:58,67.70,400,
09:43:58,67.70,100,
09:43:58,67.70,600,
09:43:58,67.70,700,
09:43:58,67.70,800,
09:43:58,67.70,100,
09:43:58,67.70,100,
09:43:58,67.70,100,
09:43:58,67.70,200,
09:44:08,67.70,200,
09:44:08,67.695,100,
09:44:08,67.70,100,
09:44:08,67.70,645,
09:44:08,67.70,400,
09:44:08,67.70,400,
09:44:08,67.70,200,
09:44:08,67.70,100,
09:44:08,67.70,100,
09:44:08,67.70,100,
09:44:08,67.70,100,
09:44:08,67.70,100,
09:44:08,67.70,400,
09:44:09,67.71,100,
09:44:09,67.71,100,
09:44:16,67.71,100,
09:44:16,67.71,100,
09:44:16,67.71,400,
09:44:16,67.71,100,
09:44:16,67.71,100,
09:44:16,67.71,100,
09:44:16,67.71,100,
09:44:16,67.71,100,
09:44:16,67.72,200,
09:44:28,67.72,100,
09:44:28,67.72,100,
09:44:28,67.72,100,
09:44:28,67.73,196,
09:44:32,67.7299,450,
09:44:35,67.73,100,
09:44:36,67.73,100,
09:44:36,67.73,596,
09:44:36,67.73,100,
09:44:36,67.73,100,
09:44:38,67.7399,249,
09:44:38,67.73,100,
09:44:38,67.73,400,
09:44:38,67.73,100,
09:44:38,67.73,100,
09:44:38,67.73,100,
09:44:38,67.73,100,
09:44:38,67.73,100,
09:44:38,67.73,100,
09:44:42,67.73,2000,
09:44:42,67.73,1000,
09:44:43,67.73,100,
09:44:44,67.73,100,
09:44:44,67.72,600,
09:44:44,67.72,100,
09:44:44,67.72,800,
09:44:44,67.72,1000,
09:44:44,67.72,116,
09:44:44,67.72,100,
09:44:44,67.72,800,
09:44:45,67.72,100,
09:44:45,67.72,100,
09:44:45,67.72,100,
09:44:45,67.72,100,
09:44:45,67.72,100,
09:44:45,67.72,400,
09:44:45,67.73,100,
09:44:47,67.73,600,
09:44:47,67.73,800,
09:44:47,67.73,800,
09:44:47,67.73,800,
09:44:47,67.73,100,
09:44:49,67.73,100,
09:44:51,67.73,100,
09:44:51,67.73,100,
09:44:56,67.73,100,
09:44:56,67.73,745,
09:44:56,67.73,100,
09:44:56,67.73,100,
09:44:58,67.72,600,
09:44:58,67.72,100,
09:44:58,67.71,300,
09:44:58,67.71,100,
09:44:59,67.71,100,
09:45:03,67.72,100,
09:45:05,67.72,100,
09:45:05,67.72,100,
09:45:05,67.72,100,
09:45:05,67.72,100,
09:45:05,67.72,100,
09:45:05,67.72,100,
09:45:05,67.72,100,
09:45:05,67.72,100,
09:45:06,67.73,105,
09:45:10,67.73,100,
09:45:14,67.729,300,
09:45:21,67.73,100,
09:45:24,67.7295,550,
09:45:25,67.73,1250,
09:45:30,67.72,100,
09:45:30,67.72,800,
09:45:30,67.72,400,
09:45:30,67.72,185,
09:45:30,67.72,400,
09:45:30,67.72,100,
09:45:30,67.72,200,
09:45:30,67.72,215,
09:45:30,67.72,100,
09:45:30,67.72,100,
09:45:30,67.72,100,
09:45:30,67.72,100,
09:45:30,67.72,100,
09:45:37,67.72,100,
09:45:42,67.72,100,
09:45:45,67.7193,100,
09:45:49,67.71,200,
09:45:49,67.71,200,
09:45:54,67.7102,200,
09:45:54,67.71,300,
09:45:54,67.71,300,
09:45:54,67.71,100,
09:45:54,67.7101,300,
09:45:54,67.7101,300,
09:45:54,67.71,200,
09:45:54,67.71,100,
09:45:54,67.71,100,
09:45:54,67.7101,100,
09:45:57,67.72,500,
09:45:57,67.71,100,
09:45:57,67.71,100,
09:45:57,67.71,100,
09:45:57,67.71,300,
09:45:58,67.71,300,
09:45:58,67.72,500,
09:45:58,67.72,1300,
09:45:58,67.72,3685,
09:45:58,67.72,400,
09:45:58,67.72,300,
09:45:58,67.72,100,
09:45:58,67.72,100,
09:45:58,67.72,100,
09:45:58,67.72,100,
09:45:58,67.7299,500,
09:45:58,67.73,100,
09:45:58,67.72,100,
09:45:58,67.72,678,
09:46:07,67.72,100,
09:46:07,67.72,100,
09:46:07,67.72,100,
09:46:07,67.72,1800,
09:46:07,67.72,800,
09:46:07,67.72,800,
09:46:07,67.72,800,
09:46:07,67.72,200,
09:46:07,67.72,300,
09:46:07,67.72,100,
09:46:07,67.72,100,
09:46:07,67.72,184,
09:46:07,67.72,200,
09:46:07,67.72,100,
09:46:07,67.72,100,
09:46:07,67.72,500,
09:46:07,67.71,200,
09:46:07,67.71,2000,
09:46:07,67.71,500,
09:46:07,67.71,3000,
09:46:07,67.71,300,
09:46:07,67.71,1000,
09:46:07,67.71,100,
09:46:07,67.71,2000,
09:46:08,67.72,195,
09:46:08,67.71,1000,
09:46:08,67.71,500,
09:46:08,67.71,100,
09:46:08,67.71,100,
09:46:08,67.71,500,
09:46:08,67.71,100,
09:46:08,67.71,2000,
09:46:08,67.71,1000,
09:46:08,67.71,500,
09:46:08,67.71,300,
09:46:08,67.71,300,
09:46:08,67.71,300,
09:46:08,67.71,2000,
09:46:08,67.71,1000,
09:46:08,67.71,500,
09:46:08,67.71,2000,
09:46:08,67.71,500,
09:46:08,67.71,1000,
09:46:08,67.71,100,
09:46:09,67.71,300,
09:46:09,67.71,500,
09:46:09,67.71,100,
09:46:09,67.71,100,
09:46:09,67.71,100,
09:46:09,67.71,300,
09:46:10,67.71,100,
09:46:10,67.71,100,
09:46:10,67.71,100,
09:46:11,67.71,100,
09:46:12,67.71,230,
09:46:12,67.70,200,
09:46:14,67.71,100,
09:46:14,67.71,100,
09:46:14,67.71,100,
09:46:14,67.70,300,
09:46:14,67.70,300,
09:46:14,67.70,2000,
09:46:14,67.70,1000,
09:46:15,67.70,400,
09:46:15,67.70,300,
09:46:15,67.70,500,
09:46:15,67.70,300,
09:46:15,67.70,100,
09:46:16,67.70,300,
09:46:16,67.70,200,
09:46:18,67.7001,800,
09:46:23,67.71,800,
09:46:23,67.71,400,
09:46:23,67.71,100,
09:46:23,67.71,100,
09:46:23,67.71,400,
09:46:23,67.71,600,
09:46:23,67.71,100,
09:46:23,67.71,800,
09:46:23,67.71,100,
09:46:23,67.71,100,
09:46:30,67.72,100,
09:46:30,67.72,100,
09:46:30,67.72,100,
09:46:30,67.72,700,
09:46:30,67.72,200,
09:46:31,67.7299,200,
09:46:33,67.72,800,
09:46:33,67.72,100,
09:46:33,67.72,100,
09:46:33,67.72,400,
09:46:33,67.72,800,
09:46:33,67.72,100,
09:46:33,67.72,100,
09:46:33,67.72,800,
09:46:33,67.72,400,
09:46:33,67.72,100,
09:46:33,67.72,100,
09:46:33,67.71,570,
09:46:33,67.71,400,
09:46:34,67.71,100,
09:46:34,67.71,100,
09:46:34,67.71,100,
09:46:34,67.71,400,
09:46:34,67.71,100,
09:46:34,67.71,100,
09:46:34,67.71,184,
09:46:34,67.71,100,
09:46:34,67.71,100,
09:46:34,67.71,100,
09:46:34,67.71,100,
09:46:43,67.70,500,
09:46:43,67.70,2000,
09:46:43,67.70,500,
09:46:43,67.70,2000,
09:46:45,67.71,100,
09:46:45,67.71,100,
09:46:45,67.71,600,
09:46:45,67.71,100,
09:46:45,67.71,200,
09:46:45,67.71,300,
09:46:45,67.71,600,
09:46:46,67.71,600,
09:46:46,67.71,300,
09:46:46,67.71,100,
09:46:46,67.71,200,
09:46:46,67.71,200,
09:46:46,67.71,100,
09:46:46,67.71,300,
09:46:46,67.71,730,
09:46:46,67.71,100,
09:46:46,67.71,400,
09:46:46,67.71,400,
09:46:46,67.71,100,
09:46:46,67.71,100,
09:46:46,67.71,100,
09:46:48,67.71,100,
09:46:48,67.71,400,
09:46:48,67.71,100,
09:46:48,67.71,100,
09:46:48,67.71,100,
09:46:51,67.70,100,
09:46:51,67.70,400,
09:46:51,67.70,100,
09:46:51,67.70,300,
09:46:51,67.70,100,
09:46:51,67.70,100,
09:46:56,67.70,700,
09:46:59,67.70,100,
09:46:59,67.70,531,
09:46:59,67.70,269,
09:46:59,67.70,100,
09:46:59,67.70,400,
09:46:59,67.70,400,
09:46:59,67.70,700,
09:46:59,67.70,100,
09:46:59,67.70,600,
09:46:59,67.70,500,
09:46:59,67.70,100,
09:46:59,67.70,600,
09:46:59,67.70,500,
09:46:59,67.70,100,
09:46:59,67.70,100,
09:46:59,67.695,500,
09:46:59,67.71,800,
09:46:59,67.71,200,
09:46:59,67.71,600,
09:46:59,67.70,100,
09:46:59,67.70,100,
09:47:09,67.71,100,
09:47:09,67.71,100,
09:47:09,67.71,100,
09:47:09,67.71,100,
09:47:09,67.705,100,
09:47:09,67.71,100,
09:47:09,67.71,100,
09:47:09,67.71,100,
09:47:11,67.71,100,
09:47:11,67.71,600,
09:47:11,67.71,800,
09:47:11,67.71,600,
09:47:11,67.71,200,
09:47:11,67.71,100,
09:47:11,67.71,100,
09:47:11,67.71,100,
09:47:11,67.71,400,
09:47:11,67.71,100,
09:47:15,67.70,100,
09:47:15,67.70,100,
09:47:15,67.70,100,
09:47:15,67.70,100,
09:47:15,67.70,600,
09:47:15,67.70,300,
09:47:15,67.70,100,
09:47:15,67.70,800,
09:47:15,67.70,100,
09:47:15,67.7086,1700,
09:47:16,67.70,100,
09:47:17,67.70,100,
09:47:23,67.7086,200,
09:47:26,67.70,400,
09:47:26,67.70,100,
09:47:26,67.70,200,
09:47:26,67.70,100,
09:47:26,67.70,100,
09:47:33,67.70,800,
09:47:33,67.70,600,
09:47:33,67.70,800,
09:47:33,67.70,275,
09:47:33,67.70,690,
09:47:33,67.70,800,
09:47:33,67.70,110,
09:47:33,67.70,800,
09:47:33,67.70,100,
09:47:33,67.70,600,
09:47:33,67.70,100,
09:47:40,67.6999,300,
09:47:41,67.70,690,
09:47:44,67.70,690,
09:47:45,67.70,100,
09:47:47,67.69,100,
09:47:55,67.695,100,
09:47:55,67.69,100,
09:47:55,67.69,118,
09:47:55,67.69,328,
09:47:55,67.69,100,
09:47:59,67.69,200,
09:47:59,67.69,100,
09:47:59,67.69,100,
09:47:59,67.69,800,
09:47:59,67.69,100,
09:47:59,67.69,100,
09:47:59,67.69,100,
09:47:59,67.69,800,
09:47:59,67.69,500,
09:47:59,67.69,100,
09:47:59,67.69,100,
09:47:59,67.69,100,
09:47:59,67.69,500,
09:48:00,67.70,823,
09:48:04,67.6962,1000,
09:48:05,67.70,100,
09:48:05,67.70,100,
09:48:05,67.70,100,
09:48:05,67.70,400,
09:48:05,67.70,100,
09:48:06,67.69,100,
09:48:06,67.69,100,
09:48:06,67.69,400,
09:48:06,67.69,400,
09:48:06,67.69,100,
09:48:06,67.69,300,
09:48:06,67.691,2800,
09:48:06,67.69,400,
09:48:06,67.69,700,
09:48:06,67.69,2000,
09:48:06,67.69,2000,
09:48:06,67.69,400,
09:48:08,67.70,200,
09:48:11,67.70,100,
09:48:11,67.70,100,
09:48:11,67.70,100,
09:48:11,67.70,100,
09:48:12,67.70,100,
09:48:20,67.70,100,
09:48:20,67.70,100,
09:48:20,67.70,100,
09:48:20,67.70,100,
09:48:22,67.70,800,
09:48:22,67.70,100,
09:48:22,67.70,200,
09:48:22,67.70,100,
09:48:22,67.70,100,
09:48:22,67.70,100,
09:48:22,67.70,100,
09:48:22,67.70,100,
09:48:22,67.70,300,
09:48:22,67.70,100,
09:48:23,67.70,100,
09:48:23,67.70,100,
09:48:31,67.70,100,
09:48:31,67.70,100,
09:48:31,67.70,100,
09:48:31,67.70,380,
09:48:31,67.70,400,
09:48:32,67.70,100,
09:48:50,67.70,100,
09:48:50,67.70,100,
09:48:50,67.70,800,
09:48:50,67.70,400,
09:48:50,67.70,100,
09:48:50,67.70,100,
09:48:50,67.70,600,
09:48:50,67.70,400,
09:48:50,67.70,100,
09:48:50,67.70,100,
09:48:50,67.70,100,
09:48:50,67.70,100,
09:48:52,67.7001,800,
09:48:52,67.70,480,
09:48:52,67.70,100,
09:48:52,67.70,580,
09:48:52,67.70,100,
09:48:52,67.70,100,
09:48:52,67.70,100,
09:48:52,67.70,100,
09:48:52,67.70,200,
09:48:57,67.692,200,
09:49:00,67.69,100,
09:49:00,67.69,100,
09:49:07,67.69,100,
09:49:08,67.69,100,
09:49:08,67.69,151,
09:49:08,67.69,100,
09:49:08,67.69,200,
09:49:08,67.69,149,
09:49:10,67.68,100,
09:49:10,67.68,400,
09:49:10,67.68,400,
09:49:10,67.68,600,
09:49:10,67.68,100,
09:49:13,67.67,500,
09:49:16,67.6799,150,
09:49:16,67.6746,400,
09:49:17,67.6746,100,
09:49:17,67.674,500,
09:49:18,67.67,200,
09:49:18,67.67,100,
09:49:19,67.67,100,
09:49:19,67.67,100,
09:49:19,67.67,600,
09:49:19,67.67,100,
09:49:19,67.67,100,
09:49:20,67.67,148,
09:49:21,67.67,100,
09:49:21,67.67,100,
09:49:21,67.67,200,
09:49:22,67.6699,300,
09:49:25,67.661,5000,
09:49:34,67.6699,2000,
09:49:46,67.66,380,
09:49:46,67.66,100,
09:49:46,67.66,800,
09:49:46,67.66,100,
09:49:46,67.66,200,
09:49:46,67.66,100,
09:49:48,67.65,200,
09:49:52,67.65,100,
09:49:52,67.65,150,
09:49:52,67.64,100,
09:49:52,67.64,600,
09:49:52,67.6401,100,
09:49:52,67.6401,300,
09:49:52,67.6401,100,
09:49:52,67.6401,100,
09:49:52,67.6401,600,
09:49:52,67.6401,100,
09:49:52,67.63,2878,
09:49:53,67.64,200,
09:49:53,67.64,100,
09:49:53,67.64,100,
09:49:53,67.64,100,
09:49:53,67.64,100,
09:49:53,67.64,200,
09:49:53,67.64,100,
09:49:53,67.65,400,
09:49:53,67.64,100,
09:49:54,67.65,100,
09:50:00,67.6486,300,
09:50:00,67.65,100,
09:50:00,67.645,1100,
09:50:01,67.64,118,
09:50:01,67.64,800,
09:50:01,67.64,100,
09:50:01,67.64,800,
09:50:01,67.64,100,
09:50:01,67.64,100,
09:50:01,67.64,100,
09:50:01,67.64,100,
09:50:02,67.64,300,
09:50:02,67.64,300,
09:50:02,67.64,100,
09:50:02,67.64,100,
09:50:17,67.63,100,
09:50:17,67.63,100,
09:50:17,67.63,100,
09:50:17,67.63,400,
09:50:17,67.63,100,
09:50:17,67.63,100,
09:50:17,67.63,100,
09:50:17,67.63,100,
09:50:17,67.63,500,
09:50:17,67.63,100,
09:50:17,67.63,100,
09:50:17,67.63,100,
09:50:17,67.63,100,
09:50:17,67.63,800,
09:50:17,67.63,100,
09:50:17,67.63,300,
09:50:17,67.63,100,
09:50:17,67.63,300,
09:50:17,67.63,200,
09:50:18,67.63,100,
09:50:18,67.63,300,
09:50:19,67.63,600,
09:50:19,67.63,1840,
09:50:24,67.63,2000,
09:50:33,67.628,600,
09:50:39,67.62,100,
09:50:39,67.62,100,
09:50:39,67.62,823,
09:50:40,67.62,2900,
09:50:43,67.61,100,
09:50:54,67.61,400,
09:50:55,67.61,100,
09:50:56,67.61,300,
09:50:56,67.61,100,
09:50:56,67.61,100,
09:50:56,67.61,100,
09:50:56,67.61,100,
09:50:56,67.61,100,
09:50:58,67.61,100,
09:50:58,67.61,100,
09:50:58,67.61,100,
09:50:58,67.61,100,
09:50:58,67.61,100,
09:50:58,67.61,400,
09:50:58,67.61,100,
09:50:58,67.61,100,
09:50:58,67.62,200,
09:50:58,67.62,500,
09:50:58,67.62,100,
09:50:58,67.62,900,
09:50:58,67.62,1300,
09:50:58,67.62,200,
09:50:58,67.62,100,
09:50:58,67.62,100,
09:50:58,67.62,100,
09:50:58,67.62,100,
09:50:58,67.62,100,
09:50:58,67.62,100,
09:50:58,67.62,100,
09:50:58,67.62,400,
09:50:58,67.62,100,
09:50:58,67.62,100,
09:50:58,67.62,100,
09:51:00,67.63,100,
09:51:05,67.63,198,
09:51:05,67.63,100,
09:51:06,67.63,600,
09:51:06,67.63,100,
09:51:06,67.63,100,
09:51:06,67.63,100,
09:51:06,67.63,100,
09:51:07,67.63,100,
09:51:08,67.63,100,
09:51:08,67.63,100,
09:51:08,67.63,100,
09:51:08,67.63,100,
09:51:08,67.63,100,
09:51:08,67.63,2400,
09:51:08,67.63,400,
09:51:11,67.63,800,
09:51:11,67.63,100,
09:51:11,67.63,400,
09:51:11,67.63,755,
09:51:11,67.63,100,
09:51:11,67.63,100,
09:51:11,67.63,400,
09:51:11,67.63,100,
09:51:12,67.63,100,
09:51:17,67.6302,300,
09:51:19,67.63,300,
09:51:20,67.6399,300,
09:51:23,67.64,100,
09:51:23,67.64,100,
09:51:23,67.64,100,
09:51:23,67.64,100,
09:51:23,67.64,300,
09:51:24,67.64,100,
09:51:24,67.65,100,
09:51:24,67.65,100,
09:51:24,67.65,100,
09:51:24,67.65,100,
09:51:24,67.66,155,
09:51:25,67.66,600,
09:51:25,67.67,100,
09:51:30,67.66,4000,
09:51:30,67.66,1500,
09:51:30,67.66,181,
09:51:30,67.66,800,
09:51:30,67.66,100,
09:51:30,67.66,800,
09:51:30,67.66,100,
09:51:30,67.66,100,
09:51:30,67.66,600,
09:51:30,67.66,815,
09:51:30,67.66,100,
09:51:30,67.66,100,
09:51:30,67.66,800,
09:51:30,67.66,7000,
09:51:30,67.66,400,
09:51:30,67.66,100,
09:51:30,67.66,100,
09:51:30,67.66,800,
09:51:30,67.66,100,
09:51:30,67.66,100,
09:51:32,67.65,400,
09:51:32,67.65,100,
09:51:32,67.65,400,
09:51:32,67.65,100,
09:51:44,67.659,800,
09:51:47,67.65,100,
09:51:49,67.6581,200,
09:51:49,67.65,100,
09:51:49,67.65,100,
09:51:49,67.65,100,
09:51:49,67.65,100,
09:51:49,67.65,300,
09:51:49,67.65,100,
09:51:54,67.6499,3000,
09:52:02,67.65,600,
09:52:02,67.65,100,
09:52:02,67.65,400,
09:52:02,67.65,100,
09:52:02,67.65,100,
09:52:02,67.65,100,
09:52:02,67.65,400,
09:52:02,67.65,400,
09:52:02,67.65,100,
09:52:02,67.65,100,
09:52:02,67.65,100,
09:52:02,67.66,100,
09:52:02,67.65,100,
09:52:04,67.66,100,
09:52:08,67.65,100,
09:52:09,67.65,100,
09:52:09,67.65,100,
09:52:09,67.65,109,
09:52:09,67.65,100,
09:52:09,67.65,400,
09:52:09,67.65,100,
09:52:09,67.65,100,
09:52:09,67.65,100,
09:52:12,67.65,100,
09:52:12,67.65,370,
09:52:12,67.65,100,
09:52:12,67.65,400,
09:52:12,67.65,100,
09:52:12,67.65,400,
09:52:12,67.65,100,
09:52:12,67.65,400,
09:52:12,67.65,400,
09:52:12,67.65,100,
09:52:12,67.65,100,
09:52:12,67.65,100,
09:52:12,67.65,600,
09:52:12,67.65,3100,
09:52:12,67.65,400,
09:52:12,67.65,500,
09:52:12,67.65,100,
09:52:12,67.65,100,
09:52:12,67.65,100,
09:52:14,67.66,415,
09:52:15,67.66,100,
09:52:15,67.66,100,
09:52:15,67.66,100,
09:52:15,67.66,100,
09:52:15,67.66,100,
09:52:15,67.66,385,
09:52:15,67.66,100,
09:52:15,67.66,100,
09:52:15,67.66,100,
09:52:16,67.67,100,
09:52:18,67.67,100,
09:52:18,67.67,100,
09:52:18,67.68,100,
09:52:18,67.68,100,
09:52:18,67.68,100,
09:52:18,67.68,100,
09:52:18,67.69,1000,
09:52:19,67.69,100,
09:52:19,67.69,400,
09:52:19,67.69,100,
09:52:19,67.69,100,
09:52:19,67.69,100,
09:52:19,67.69,100,
09:52:19,67.69,100,
09:52:21,67.699,500,
09:52:24,67.6901,100,
09:52:25,67.69,100,
09:52:25,67.69,100,
09:52:25,67.69,100,
09:52:25,67.69,100,
09:52:25,67.69,100,
09:52:25,67.69,200,
09:52:25,67.69,488,
09:52:25,67.69,590,
09:52:25,67.69,610,
09:52:25,67.69,100,
09:52:25,67.69,400,
09:52:25,67.69,200,
09:52:25,67.69,100,
09:52:25,67.69,400,
09:52:25,67.69,100,
09:52:25,67.69,200,
09:52:25,67.68,180,
09:52:30,67.69,800,
09:52:31,67.68,200,
09:52:31,67.68,400,
09:52:39,67.69,1300,
09:52:40,67.6886,100,
09:52:41,67.69,500,
09:52:44,67.69,100,
09:52:44,67.69,800,
09:52:44,67.69,800,
09:52:44,67.69,100,
09:52:44,67.69,100,
09:52:44,67.69,100,
09:52:47,67.69,100,
09:52:47,67.69,100,
09:52:47,67.69,335,
09:52:47,67.69,600,
09:52:47,67.69,100,
09:52:49,67.68,100,
09:52:49,67.68,100,
09:52:49,67.68,300,
09:52:49,67.68,400,
09:52:49,67.68,800,
09:52:49,67.68,100,
09:52:49,67.68,100,
09:52:49,67.68,100,
09:52:49,67.68,100,
09:52:49,67.68,522,
09:52:49,67.68,100,
09:52:49,67.68,100,
09:52:50,67.689,300,
09:52:55,67.67,600,
09:52:55,67.67,800,
09:52:55,67.67,100,
09:52:55,67.67,100,
09:52:55,67.67,800,
09:53:04,67.67,100,
09:53:04,67.67,100,
09:53:08,67.67,100,
09:53:08,67.67,1700,
09:53:10,67.68,200,
09:53:12,67.67,200,
09:53:14,67.67,100,
09:53:14,67.67,100,
09:53:14,67.67,100,
09:53:14,67.67,100,
09:53:14,67.67,100,
09:53:14,67.67,100,
09:53:14,67.67,100,
09:53:14,67.67,100,
09:53:14,67.67,100,
09:53:14,67.66,300,
09:53:14,67.66,100,
09:53:15,67.66,300,
09:53:18,67.65,500,
09:53:18,67.65,100,
09:53:19,67.65,100,
09:53:19,67.65,100,
09:53:23,67.65,300,
09:53:24,67.65,400,
09:53:24,67.65,100,
09:53:28,67.65,100,
09:53:28,67.65,500,
09:53:30,67.6599,200,
09:53:33,67.65,100,
09:53:40,67.66,100,
09:53:40,67.66,600,
09:53:43,67.65,600,
09:53:43,67.65,400,
09:53:43,67.65,100,
09:53:43,67.65,100,
09:53:46,67.65,1200,
09:53:46,67.65,100,
09:53:46,67.65,400,
09:53:46,67.65,100,
09:53:46,67.65,200,
09:53:46,67.65,100,
09:53:46,67.65,1500,
09:53:46,67.65,600,
09:53:46,67.65,600,
09:53:46,67.65,100,
09:53:46,67.65,100,
09:53:46,67.65,100,
09:53:46,67.65,100,
09:53:46,67.65,100,
09:53:46,67.65,100,
09:53:46,67.65,100,
09:53:52,67.65,100,
09:54:02,67.6585,1500,
09:54:03,67.65,100,
09:54:03,67.65,100,
09:54:03,67.65,100,
09:54:03,67.65,100,
09:54:03,67.65,400,
09:54:03,67.65,100,
09:54:16,67.65,100,
09:54:16,67.65,100,
09:54:16,67.65,800,
09:54:16,67.65,600,
09:54:16,67.65,800,
09:54:16,67.65,700,
09:54:16,67.65,100,
09:54:16,67.65,100,
09:54:16,67.65,100,
09:54:16,67.65,100,
09:54:16,67.65,100,
09:54:16,67.65,100,
09:54:16,67.65,100,
09:54:16,67.65,100,
09:54:16,67.65,160,
09:54:16,67.65,100,
09:54:16,67.65,100,
09:54:16,67.658,1700,
09:54:23,67.66,100,
09:54:23,67.66,200,
09:54:23,67.66,100,
09:54:23,67.66,100,
09:54:23,67.66,100,
09:54:23,67.66,600,
09:54:23,67.66,200,
09:54:23,67.66,500,
09:54:23,67.66,510,
09:54:23,67.66,100,
09:54:24,67.66,100,
09:54:24,67.66,100,
09:54:25,67.66,100,
09:54:26,67.66,100,
09:54:26,67.66,100,
09:54:28,67.67,100,
09:54:28,67.67,300,
09:54:29,67.67,100,
09:54:29,67.67,100,
09:54:29,67.67,100,
09:54:30,67.68,1900,
09:54:31,67.68,100,
09:54:31,67.68,100,
09:54:31,67.68,400,
09:54:31,67.68,100,
09:54:31,67.68,100,
09:54:31,67.68,100,
09:54:34,67.68,100,
09:54:34,67.68,100,
09:54:35,67.68,100,
09:54:35,67.68,800,
09:54:35,67.68,400,
09:54:35,67.68,300,
09:54:35,67.68,100,
09:54:35,67.68,400,
09:54:35,67.68,100,
09:54:35,67.68,100,
09:54:35,67.68,100,
09:54:35,67.68,100,
09:54:37,67.68,100,
09:54:39,67.67,100,
09:54:39,67.67,800,
09:54:39,67.67,800,
09:54:39,67.67,100,
09:54:39,67.67,400,
09:54:39,67.67,100,
09:54:39,67.67,500,
09:54:39,67.67,100,
09:54:39,67.67,200,
09:54:39,67.67,100,
09:54:39,67.67,100,
09:54:39,67.67,350,
09:54:43,67.67,100,
09:54:43,67.67,100,
09:54:43,67.67,438,
09:54:43,67.67,100,
09:54:43,67.67,100,
09:54:43,67.67,300,
09:54:45,67.67,100,
09:54:45,67.67,100,
09:54:45,67.67,700,
09:54:45,67.67,150,
09:54:45,67.67,100,
09:54:45,67.67,450,
09:54:45,67.67,100,
09:54:45,67.67,100,
09:54:45,67.67,100,
09:54:52,67.67,300,
09:54:52,67.67,100,
09:54:52,67.67,100,
09:54:52,67.67,100,
09:54:52,67.67,184,
09:54:52,67.67,100,
09:54:52,67.67,200,
09:54:52,67.67,100,
09:54:52,67.67,100,
09:54:52,67.67,800,
09:54:52,67.67,450,
09:54:52,67.67,100,
09:54:52,67.67,100,
09:54:53,67.67,100,
09:54:53,67.67,100,
09:54:53,67.67,100,
09:54:53,67.67,100,
09:54:53,67.67,400,
09:54:53,67.67,100,
09:54:53,67.67,300,
09:54:53,67.67,100,
09:54:53,67.67,400,
09:54:57,67.67,800,
09:54:57,67.67,100,
09:54:57,67.67,600,
09:54:57,67.67,100,
09:54:57,67.67,400,
09:54:57,67.67,100,
09:55:00,67.66,250,
09:55:00,67.66,100,
09:55:00,67.66,100,
09:55:05,67.66,100,
09:55:05,67.66,100,
09:55:05,67.66,100,
09:55:05,67.66,600,
09:55:05,67.66,100,
09:55:08,67.65,400,
09:55:10,67.65,100,
09:55:10,67.65,100,
09:55:10,67.65,100,
09:55:13,67.65,1200,
09:55:15,67.64,100,
09:55:15,67.64,400,
09:55:15,67.64,100,
09:55:15,67.64,1000,
09:55:19,67.64,400,
09:55:19,67.64,100,
09:55:19,67.64,800,
09:55:19,67.64,100,
09:55:19,67.64,800,
09:55:19,67.64,200,
09:55:19,67.64,100,
09:55:19,67.64,100,
09:55:19,67.64,400,
09:55:21,67.65,100,
09:55:21,67.65,400,
09:55:21,67.65,400,
09:55:21,67.65,100,
09:55:21,67.65,100,
09:55:21,67.65,100,
09:55:21,67.65,100,
09:55:21,67.65,100,
09:55:21,67.65,280,
09:55:21,67.65,100,
09:55:21,67.65,100,
09:55:23,67.65,100,
09:55:30,67.65,600,
09:55:30,67.65,100,
09:55:30,67.65,400,
09:55:30,67.65,100,
09:55:30,67.65,100,
09:55:30,67.65,100,
09:55:30,67.65,100,
09:55:30,67.65,100,
09:55:30,67.65,800,
09:55:30,67.65,100,
09:55:33,67.64,500,
09:55:33,67.64,2500,
09:55:33,67.64,300,
09:55:33,67.64,100,
09:55:33,67.64,100,
09:55:33,67.64,500,
09:55:33,67.64,400,
09:55:33,67.64,100,
09:55:33,67.64,815,
09:55:33,67.64,100,
09:55:33,67.64,800,
09:55:33,67.64,100,
09:55:33,67.64,100,
09:55:33,67.64,800,
09:55:33,67.64,500,
09:55:33,67.63,1000,
09:55:33,67.63,500,
09:55:33,67.63,100,
09:55:33,67.64,200,
09:55:33,67.64,100,
09:55:35,67.632,200,
09:55:40,67.63,100,
09:55:40,67.63,200,
09:55:40,67.63,100,
09:55:40,67.63,100,
09:55:41,67.63,100,
09:55:41,67.64,100,
09:55:41,67.62,100,
09:55:47,67.62,200,
09:55:47,67.62,200,
09:55:48,67.62,200,
09:55:48,67.62,100,
09:55:48,67.62,100,
09:55:48,67.62,100,
09:55:48,67.62,100,
09:55:49,67.62,100,
09:55:49,67.62,100,
09:55:49,67.62,200,
09:55:49,67.62,100,
09:55:51,67.62,900,
09:55:52,67.62,400,
09:55:52,67.62,100,
09:55:52,67.62,100,
09:55:52,67.62,100,
09:55:52,67.62,100,
09:55:59,67.63,133,
09:56:01,67.63,100,
09:56:01,67.63,100,
09:56:01,67.63,100,
09:56:01,67.63,100,
09:56:01,67.63,687,
09:56:01,67.63,100,
09:56:01,67.63,313,
09:56:01,67.63,100,
09:56:01,67.63,100,
09:56:01,67.64,100,
09:56:01,67.64,100,
09:56:01,67.64,100,
09:56:01,67.64,300,
09:56:01,67.64,100,
09:56:01,67.64,100,
09:56:01,67.64,100,
09:56:01,67.64,400,
09:56:07,67.6499,1490,
09:56:14,67.65,100,
09:56:14,67.65,1100,
09:56:14,67.65,800,
09:56:14,67.65,600,
09:56:14,67.65,200,
09:56:14,67.65,800,
09:56:14,67.65,100,
09:56:14,67.65,800,
09:56:14,67.65,1500,
09:56:14,67.65,500,
09:56:14,67.65,100,
09:56:14,67.65,600,
09:56:14,67.65,1300,
09:56:14,67.65,100,
09:56:16,67.658,200,
09:56:16,67.66,200,
09:56:19,67.65,100,
09:56:19,67.65,600,
09:56:19,67.65,400,
09:56:19,67.65,100,
09:56:19,67.65,400,
09:56:19,67.65,400,
09:56:19,67.65,100,
09:56:19,67.64,200,
09:56:19,67.64,800,
09:56:19,67.64,100,
09:56:19,67.64,100,
09:56:19,67.64,100,
09:56:19,67.64,100,
09:56:19,67.64,100,
09:56:19,67.64,100,
09:56:19,67.64,100,
09:56:19,67.64,100,
09:56:21,67.64,100,
09:56:21,67.64,100,
09:56:21,67.64,100,
09:56:21,67.64,100,
09:56:21,67.64,100,
09:56:21,67.64,200,
09:56:21,67.64,250,
09:56:21,67.64,400,
09:56:21,67.64,100,
09:56:21,67.64,100,
09:56:21,67.64,100,
09:56:21,67.64,200,
09:56:21,67.64,100,
09:56:23,67.64,100,
09:56:23,67.64,100,
09:56:23,67.64,100,
09:56:23,67.64,100,
09:56:23,67.64,100,
09:56:23,67.64,300,
09:56:23,67.64,400,
09:56:24,67.6301,1230,
09:56:28,67.64,100,
09:56:28,67.64,200,
09:56:28,67.64,100,
09:56:28,67.64,100,
09:56:31,67.6499,114,
09:56:39,67.64,100,
09:56:39,67.64,100,
09:56:39,67.64,189,
09:56:39,67.64,100,
09:56:39,67.64,100,
09:56:39,67.64,100,
09:56:49,67.63,100,
09:56:49,67.63,600,
09:56:49,67.63,200,
09:56:49,67.63,800,
09:56:49,67.63,100,
09:56:49,67.63,400,
09:56:49,67.63,100,
09:56:49,67.63,100,
09:56:49,67.63,380,
09:56:49,67.63,850,
09:56:49,67.63,100,
09:56:57,67.62,104,
09:57:02,67.63,100,
09:57:02,67.63,100,
09:57:02,67.63,100,
09:57:15,67.64,100,
09:57:15,67.64,100,
09:57:15,67.64,400,
09:57:15,67.64,100,
09:57:15,67.64,100,
09:57:15,67.64,100,
09:57:15,67.64,100,
09:57:15,67.64,100,
09:57:15,67.64,100,
09:57:16,67.65,100,
09:57:16,67.65,600,
09:57:16,67.65,100,
09:57:16,67.65,100,
09:57:16,67.65,199,
09:57:16,67.65,400,
09:57:16,67.65,800,
09:57:16,67.65,100,
09:57:20,67.65,300,
09:57:25,67.66,200,
09:57:25,67.6599,400,
09:57:25,67.66,1300,
09:57:27,67.65,800,
09:57:27,67.65,100,
09:57:27,67.65,100,
09:57:27,67.65,300,
09:57:27,67.65,100,
09:57:27,67.65,100,
09:57:27,67.65,600,
09:57:27,67.65,100,
09:57:27,67.65,482,
09:57:30,67.64,100,
09:57:30,67.64,100,
09:57:30,67.64,600,
09:57:30,67.64,100,
09:57:30,67.64,300,
09:57:30,67.64,100,
09:57:30,67.64,100,
09:57:30,67.64,100,
09:57:30,67.64,100,
09:57:31,67.64,100,
09:57:31,67.64,118,
09:57:31,67.64,100,
09:57:31,67.64,100,
09:57:31,67.64,100,
09:57:31,67.64,400,
09:57:31,67.64,100,
09:57:31,67.64,100,
09:57:48,67.6475,100,
09:57:59,67.65,100,
09:57:59,67.65,100,
09:57:59,67.65,100,
09:57:59,67.65,100,
09:57:59,67.65,201,
09:57:59,67.65,100,
09:57:59,67.65,100,
09:57:59,67.65,100,
09:57:59,67.65,100,
09:57:59,67.65,500,
09:57:59,67.65,100,
09:57:59,67.65,100,
09:58:00,67.65,100,
09:58:00,67.65,100,
09:58:00,67.65,350,
09:58:00,67.65,100,
09:58:00,67.65,100,
09:58:00,67.65,450,
09:58:00,67.65,100,
09:58:00,67.65,400,
09:58:00,67.65,100,
09:58:01,67.65,400,
09:58:01,67.65,100,
09:58:01,67.65,100,
09:58:01,67.65,800,
09:58:01,67.65,100,
09:58:01,67.65,100,
09:58:01,67.65,700,
09:58:01,67.65,800,
09:58:02,67.65,100,
09:58:08,67.66,300,
09:58:10,67.6599,600,
09:58:27,67.65,100,
09:58:27,67.65,500,
09:58:27,67.65,400,
09:58:27,67.65,100,
09:58:27,67.65,800,
09:58:27,67.65,1000,
09:58:27,67.65,100,
09:58:27,67.65,100,
09:58:27,67.65,100,
09:58:27,67.65,100,
09:58:27,67.65,100,
09:58:27,67.65,100,
09:58:27,67.65,210,
09:58:27,67.65,100,
09:58:27,67.65,625,
09:58:29,67.65,100,
09:58:47,67.64,100,
09:58:47,67.64,800,
09:58:47,67.64,800,
09:58:47,67.64,600,
09:58:47,67.64,700,
09:58:47,67.64,815,
09:58:47,67.64,100,
09:58:47,67.64,400,
09:58:47,67.64,400,
09:58:50,67.65,200,
09:58:50,67.65,300,
09:58:50,67.65,200,
09:58:54,67.64,100,
09:58:54,67.64,100,
09:58:54,67.64,100,
09:58:54,67.64,100,
09:58:54,67.64,100,
09:58:55,67.64,100,
09:58:55,67.64,200,
09:58:55,67.64,400,
09:58:55,67.64,335,
09:58:55,67.64,700,
09:58:55,67.64,755,
09:58:56,67.64,100,
09:58:56,67.64,100,
09:58:56,67.64,500,
09:58:56,67.64,100,
09:58:56,67.64,100,
09:58:56,67.65,100,
09:58:56,67.65,400,
09:58:59,67.64,100,
09:58:59,67.64,700,
09:58:59,67.64,400,
09:58:59,67.64,100,
09:58:59,67.64,100,
09:58:59,67.64,400,
09:58:59,67.64,100,
09:58:59,67.64,100,
09:59:04,67.65,800,
09:59:06,67.65,400,
09:59:06,67.65,100,
09:59:06,67.65,100,
09:59:06,67.65,600,
09:59:06,67.65,700,
09:59:06,67.65,100,
09:59:06,67.65,100,
09:59:10,67.65,110,
09:59:18,67.66,100,
09:59:21,67.66,400,
09:59:21,67.66,400,
09:59:22,67.66,136,
09:59:27,67.65,100,
09:59:28,67.65,100,
09:59:28,67.65,100,
09:59:28,67.65,100,
09:59:28,67.65,100,
09:59:28,67.65,100,
09:59:28,67.64,400,
09:59:28,67.64,100,
09:59:28,67.64,100,
09:59:30,67.659,3600,
09:59:30,67.64,100,
09:59:30,67.64,200,
09:59:34,67.64,400,
09:59:34,67.64,800,
09:59:34,67.64,100,
09:59:34,67.64,400,
09:59:34,67.64,400,
09:59:34,67.64,600,
09:59:34,67.64,100,
09:59:34,67.64,100,
09:59:34,67.64,100,
09:59:37,67.65,200,
09:59:39,67.65,400,
09:59:39,67.65,100,
09:59:39,67.65,700,
09:59:39,67.65,100,
09:59:39,67.65,100,
09:59:42,67.66,100,
09:59:49,67.66,100,
09:59:49,67.66,151,
09:59:50,67.66,100,
09:59:50,67.66,600,
09:59:50,67.66,549,
09:59:51,67.6569,100,
09:59:53,67.6591,100,
09:59:54,67.65,222,
09:59:56,67.66,100,
09:59:56,67.66,600,
09:59:56,67.66,100,
09:59:56,67.66,293,
09:59:56,67.66,1200,
09:59:56,67.66,700,
09:59:56,67.66,300,
09:59:56,67.66,100,
09:59:56,67.66,100,
09:59:56,67.655,100,
09:59:57,67.66,100,
09:59:57,67.66,100,
09:59:57,67.66,400,
09:59:57,67.66,100,
09:59:59,67.65,600,
09:59:59,67.65,500,
09:59:59,67.65,300,
09:59:59,67.65,200,
09:59:59,67.65,200,
09:59:59,67.65,100,
09:59:59,67.65,350,
09:59:59,67.65,100,
10:00:01,67.63,600,
10:00:01,67.62,100,
10:00:01,67.62,400,
10:00:01,67.62,100,
10:00:01,67.62,315,
10:00:01,67.62,100,
10:00:01,67.62,215,
10:00:01,67.62,100,
10:00:01,67.62,300,
10:00:01,67.62,500,
10:00:01,67.62,193,
10:00:01,67.62,687,
10:00:01,67.62,313,
10:00:01,67.62,300,
10:00:01,67.62,913,
10:00:01,67.60,1000,
10:00:01,67.60,400,
10:00:01,67.62,600,
10:00:01,67.60,200,
10:00:01,67.61,100,
10:00:01,67.61,100,
10:00:01,67.61,700,
10:00:01,67.61,3300,
10:00:01,67.60,100,
10:00:01,67.60,3300,
10:00:01,67.61,800,
10:00:01,67.61,383,
10:00:01,67.61,100,
10:00:01,67.61,600,
10:00:01,67.61,100,
10:00:01,67.61,100,
10:00:01,67.61,400,
10:00:01,67.61,700,
10:00:02,67.61,100,
10:00:02,67.62,100,
10:00:02,67.62,100,
10:00:02,67.62,400,
10:00:02,67.62,200,
10:00:02,67.62,100,
10:00:03,67.62,100,
10:00:03,67.62,400,
10:00:03,67.62,100,
10:00:03,67.62,100,
10:00:03,67.62,100,
10:00:04,67.61,600,
10:00:04,67.61,100,
10:00:04,67.61,400,
10:00:04,67.61,100,
10:00:04,67.61,100,
10:00:04,67.61,500,
10:00:04,67.61,100,
10:00:04,67.61,100,
10:00:04,67.61,100,
10:00:04,67.61,100,
10:00:04,67.61,2000,
10:00:04,67.61,600,
10:00:04,67.61,400,
10:00:04,67.61,800,
10:00:04,67.61,300,
10:00:05,67.62,600,
10:00:06,67.6199,9600,
10:00:06,67.61,400,
10:00:06,67.61,100,
10:00:06,67.61,100,
10:00:06,67.61,500,
10:00:07,67.61,400,
10:00:07,67.61,100,
10:00:08,67.61,100,
10:00:08,67.61,100,
10:00:08,67.61,800,
10:00:08,67.61,400,
10:00:08,67.61,800,
10:00:08,67.61,100,
10:00:08,67.61,100,
10:00:08,67.60,600,
10:00:08,67.60,1000,
10:00:11,67.61,600,
10:00:11,67.61,400,
10:00:11,67.61,100,
10:00:11,67.61,100,
10:00:11,67.61,100,
10:00:11,67.61,100,
10:00:11,67.61,300,
10:00:11,67.61,400,
10:00:11,67.61,400,
10:00:11,67.61,100,
10:00:11,67.61,100,
10:00:11,67.62,100,
10:00:11,67.62,400,
10:00:11,67.62,100,
10:00:11,67.61,1000,
10:00:11,67.62,200,
10:00:12,67.63,4100,
10:00:12,67.64,803,
10:00:12,67.64,500,
10:00:12,67.63,400,
10:00:12,67.63,100,
10:00:12,67.63,400,
10:00:12,67.63,100,
10:00:12,67.63,500,
10:00:12,67.63,500,
10:00:12,67.63,600,
10:00:12,67.64,800,
10:00:12,67.64,100,
10:00:12,67.64,600,
10:00:12,67.64,100,
10:00:12,67.64,200,
10:00:12,67.64,100,
10:00:12,67.64,200,
10:00:12,67.64,300,
10:00:12,67.64,600,
10:00:12,67.64,100,
10:00:12,67.64,500,
10:00:12,67.64,1000,
10:00:12,67.64,400,
10:00:12,67.64,100,
10:00:12,67.64,398,
10:00:12,67.64,400,
10:00:12,67.64,402,
10:00:12,67.64,500,
10:00:12,67.64,300,
10:00:12,67.64,100,
10:00:12,67.64,100,
10:00:12,67.64,2000,
10:00:13,67.65,100,
10:00:16,67.64,100,
10:00:17,67.64,200,
10:00:19,67.64,300,
10:00:19,67.64,700,
10:00:19,67.64,2000,
10:00:19,67.64,500,
10:00:19,67.64,200,
10:00:19,67.64,200,
10:00:19,67.64,100,
10:00:19,67.64,100,
10:00:19,67.64,800,
10:00:19,67.64,200,
10:00:21,67.6391,300,
10:00:21,67.64,500,
10:00:21,67.64,3100,
10:00:21,67.64,300,
10:00:21,67.64,200,
10:00:21,67.64,800,
10:00:21,67.64,100,
10:00:21,67.64,300,
10:00:23,67.63,100,
10:00:23,67.63,500,
10:00:23,67.63,400,
10:00:23,67.63,200,
10:00:23,67.6398,775,
10:00:27,67.63,2000,
10:00:27,67.63,800,
10:00:27,67.63,590,
10:00:28,67.63,300,
10:00:28,67.63,190,
10:00:32,67.62,400,
10:00:32,67.62,700,
10:00:32,67.62,1000,
10:00:32,67.62,200,
10:00:32,67.62,190,
10:00:32,67.62,2000,
10:00:32,67.62,800,
10:00:32,67.61,400,
10:00:32,67.61,400,
10:00:32,67.61,400,
10:00:32,67.61,100,
10:00:32,67.62,600,
10:00:32,67.62,100,
10:00:32,67.62,400,
10:00:32,67.62,100,
10:00:32,67.62,500,
10:00:32,67.62,200,
10:00:32,67.62,100,
10:00:32,67.61,1000,
10:00:34,67.62,200,
10:00:37,67.61,500,
10:00:39,67.61,700,
10:00:39,67.61,100,
10:00:39,67.61,100,
10:00:39,67.61,1000,
10:00:39,67.61,500,
10:00:39,67.61,251,
10:00:39,67.61,800,
10:00:39,67.61,500,
10:00:39,67.61,100,
10:00:39,67.61,500,
10:00:39,67.61,2000,
10:00:39,67.60,200,
10:00:39,67.60,100,
10:00:39,67.60,200,
10:00:39,67.60,1000,
10:00:39,67.60,100,
10:00:39,67.60,100,
10:00:39,67.60,500,
10:00:39,67.60,2115,
10:00:39,67.60,100,
10:00:39,67.60,2000,
10:00:39,67.60,500,
10:00:39,67.60,100,
10:00:39,67.60,7000,
10:00:39,67.60,100,
10:00:39,67.60,100,
10:00:39,67.60,1600,
10:00:39,67.60,100,
10:00:39,67.59,1000,
10:00:39,67.59,1000,
10:00:39,67.59,800,
10:00:39,67.59,300,
10:00:39,67.60,300,
10:00:39,67.61,300,
10:00:39,67.59,100,
10:00:39,67.59,100,
10:00:39,67.59,200,
10:00:39,67.59,100,
10:00:39,67.59,500,
10:00:39,67.59,800,
10:00:39,67.59,100,
10:00:39,67.59,100,
10:00:39,67.59,100,
10:00:39,67.59,1300,
10:00:39,67.59,100,
10:00:39,67.59,800,
10:00:39,67.59,100,
10:00:39,67.59,100,
10:00:39,67.59,500,
10:00:39,67.59,100,
10:00:39,67.59,100,
10:00:39,67.59,100,
10:00:39,67.59,350,
10:00:40,67.619,3000,
10:00:40,67.59,147,
10:00:41,67.5887,200,
10:00:41,67.59,300,
10:00:41,67.59,400,
10:00:42,67.59,247,
10:00:42,67.59,100,
10:00:44,67.59,800,
10:00:44,67.59,100,
10:00:48,67.58,100,
10:00:48,67.58,200,
10:00:48,67.58,100,
10:00:49,67.58,500,
10:00:49,67.58,700,
10:00:49,67.58,700,
10:00:49,67.58,400,
10:00:49,67.58,400,
10:00:49,67.58,100,
10:00:50,67.58,500,
10:00:50,67.58,100,
10:00:50,67.58,200,
10:00:50,67.58,133,
10:00:50,67.58,200,
10:00:51,67.58,100,
10:00:51,67.58,500,
10:00:51,67.59,400,
10:00:51,67.59,400,
10:00:51,67.59,700,
10:00:51,67.59,300,
10:00:51,67.59,600,
10:00:51,67.59,100,
10:00:51,67.59,100,
10:00:51,67.60,800,
10:00:51,67.60,600,
10:00:51,67.60,100,
10:00:51,67.60,300,
10:00:51,67.60,100,
10:00:51,67.60,400,
10:00:52,67.61,800,
10:00:52,67.61,2000,
10:00:52,67.61,300,
10:00:52,67.61,400,
10:00:52,67.61,400,
10:00:52,67.61,2400,
10:00:52,67.61,700,
10:00:52,67.61,100,
10:00:52,67.61,800,
10:00:52,67.62,700,
10:00:52,67.62,100,
10:00:52,67.62,100,
10:00:53,67.61,100,
10:00:55,67.61,400,
10:00:55,67.61,100,
10:00:55,67.61,100,
10:00:55,67.61,125,
10:00:57,67.61,200,
10:00:58,67.61,100,
10:00:58,67.61,435,
10:00:58,67.61,700,
10:00:59,67.61,100,
10:01:00,67.61,100,
10:01:00,67.61,100,
10:01:00,67.61,700,
10:01:00,67.61,100,
10:01:00,67.61,300,
10:01:00,67.61,700,
10:01:01,67.6101,160,
10:01:01,67.61,600,
10:01:01,67.61,400,
10:01:01,67.61,100,
10:01:01,67.61,200,
10:01:01,67.61,300,
10:01:01,67.61,300,
10:01:02,67.61,300,
10:01:03,67.6001,6000,
10:01:04,67.60,400,
10:01:04,67.60,400,
10:01:05,67.60,500,
10:01:05,67.60,300,
10:01:06,67.60,100,
10:01:06,67.60,800,
10:01:06,67.60,200,
10:01:06,67.60,200,
10:01:06,67.60,100,
10:01:06,67.60,1800,
10:01:06,67.59,100,
10:01:06,67.59,100,
10:01:06,67.59,100,
10:01:06,67.59,200,
10:01:06,67.59,700,
10:01:06,67.59,150,
10:01:07,67.60,100,
10:01:08,67.60,159,
10:01:09,67.60,100,
10:01:09,67.60,100,
10:01:13,67.60,400,
10:01:13,67.60,756,
10:01:13,67.60,100,
10:01:13,67.60,400,
10:01:14,67.60,100,
10:01:14,67.60,400,
10:01:14,67.60,100,
10:01:15,67.60,200,
10:01:18,67.60,100,
10:01:18,67.60,256,
10:01:19,67.59,100,
10:01:20,67.59,500,
10:01:20,67.59,200,
10:01:20,67.59,400,
10:01:20,67.59,300,
10:01:20,67.59,100,
10:01:20,67.59,500,
10:01:29,67.58,7289,
10:01:29,67.58,100,
10:01:29,67.58,100,
10:01:30,67.579,500,
10:01:34,67.57,100,
10:01:35,67.57,100,
10:01:35,67.57,100,
10:01:35,67.57,100,
10:01:35,67.57,400,
10:01:35,67.57,100,
10:01:35,67.57,453,
10:01:35,67.57,800,
10:01:35,67.57,500,
10:01:35,67.57,800,
10:01:35,67.57,400,
10:01:36,67.56,100,
10:01:36,67.56,100,
10:01:36,67.56,500,
10:01:36,67.5686,500,
10:01:37,67.57,200,
10:01:39,67.56,100,
10:01:39,67.56,100,
10:01:39,67.56,400,
10:01:39,67.56,100,
10:01:39,67.55,100,
10:01:39,67.55,150,
10:01:39,67.55,1000,
10:01:39,67.55,3600,
10:01:39,67.55,2900,
10:01:39,67.55,700,
10:01:39,67.55,100,
10:01:39,67.55,100,
10:01:39,67.5601,600,
10:01:39,67.55,100,
10:01:39,67.55,612,
10:01:39,67.552,100,
10:01:39,67.552,100,
10:01:39,67.55,400,
10:01:39,67.55,300,
10:01:40,67.561,125,
10:01:40,67.542,120,
10:01:40,67.55,800,
10:01:40,67.55,200,
10:01:41,67.5438,1000,
10:01:41,67.54,800,
10:01:41,67.5411,100,
10:01:44,67.53,200,
10:01:44,67.53,815,
10:01:44,67.53,100,
10:01:44,67.53,1000,
10:01:44,67.53,100,
10:01:44,67.53,200,
10:01:44,67.53,1000,
10:01:44,67.52,800,
10:01:44,67.53,100,
10:01:44,67.52,270,
10:01:44,67.53,100,
10:01:44,67.53,300,
10:01:44,67.53,2799,
10:01:44,67.52,800,
10:01:45,67.52,200,
10:01:45,67.52,800,
10:01:45,67.52,2000,
10:01:48,67.52,100,
10:01:49,67.51,800,
10:01:51,67.519,300,
10:01:51,67.52,300,
10:01:52,67.51,100,
10:01:53,67.51,200,
10:01:53,67.51,1300,
10:01:53,67.51,2185,
10:01:53,67.51,500,
10:01:53,67.51,815,
10:01:53,67.51,1500,
10:01:53,67.51,400,
10:01:53,67.51,300,
10:01:53,67.51,100,
10:01:53,67.515,100,
10:01:53,67.51,100,
10:01:53,67.50,2300,
10:01:53,67.50,1000,
10:01:53,67.50,3200,
10:01:53,67.51,300,
10:01:53,67.51,300,
10:01:53,67.50,7000,
10:01:53,67.50,378,
10:01:53,67.50,147,
10:01:53,67.50,204,
10:01:53,67.502,1500,
10:01:53,67.50,100,
10:01:53,67.51,100,
10:01:53,67.51,266,
10:01:53,67.51,400,
10:01:53,67.51,766,
10:01:53,67.51,166,
10:01:53,67.51,100,
10:01:53,67.51,334,
10:01:53,67.51,100,
10:01:53,67.51,100,
10:01:53,67.51,400,
10:01:53,67.51,472,
10:01:53,67.51,400,
10:01:53,67.51,100,
10:01:53,67.51,100,
10:01:53,67.502,100,
10:01:54,67.50,150,
10:01:54,67.50,1482,
10:01:55,67.50,1200,
10:01:55,67.50,500,
10:01:55,67.51,100,
10:01:55,67.51,400,
10:01:55,67.51,100,
10:01:55,67.51,100,
10:01:55,67.51,2400,
10:01:57,67.50,1000,
10:01:58,67.50,2300,
10:01:59,67.50,450,
10:01:59,67.50,2066,
10:01:59,67.50,1000,
10:01:59,67.4901,100,
10:01:59,67.49,100,
10:01:59,67.49,370,
10:02:01,67.50,100,
10:02:01,67.50,100,
10:02:01,67.50,400,
10:02:01,67.50,100,
10:02:01,67.50,100,
10:02:01,67.50,400,
10:02:01,67.50,100,
10:02:01,67.50,400,
10:02:01,67.50,400,
10:02:02,67.5086,100,
10:02:02,67.51,100,
10:02:02,67.51,100,
10:02:02,67.49,100,
10:02:05,67.51,200,
10:02:06,67.51,160,
10:02:06,67.51,2340,
10:02:06,67.51,100,
10:02:08,67.51,3560,
10:02:09,67.511,300,
10:02:11,67.52,500,
10:02:14,67.52,100,
10:02:14,67.52,500,
10:02:14,67.52,100,
10:02:14,67.52,100,
10:02:14,67.52,200,
10:02:14,67.52,100,
10:02:14,67.52,200,
10:02:14,67.52,100,
10:02:14,67.52,100,
10:02:14,67.52,100,
10:02:16,67.53,200,
10:02:16,67.53,100,
10:02:17,67.53,100,
10:02:17,67.53,400,
10:02:17,67.53,100,
10:02:17,67.53,100,
10:02:17,67.53,500,
10:02:18,67.54,100,
10:02:18,67.54,100,
10:02:18,67.54,100,
10:02:18,67.54,400,
10:02:18,67.54,600,
10:02:18,67.54,600,
10:02:18,67.54,800,
10:02:18,67.54,400,
10:02:18,67.54,100,
10:02:18,67.54,163,
10:02:18,67.54,100,
10:02:18,67.54,100,
10:02:18,67.54,100,
10:02:18,67.54,700,
10:02:18,67.54,100,
10:02:18,67.54,3100,
10:02:18,67.54,100,
10:02:18,67.54,100,
10:02:18,67.54,400,
10:02:18,67.54,400,
10:02:18,67.55,200,
10:02:18,67.54,1000,
10:02:18,67.54,300,
10:02:19,67.55,100,
10:02:19,67.55,100,
10:02:19,67.55,100,
10:02:19,67.55,100,
10:02:19,67.55,100,
10:02:19,67.55,244,
10:02:19,67.55,100,
10:02:19,67.55,100,
10:02:19,67.55,152,
10:02:19,67.55,100,
10:02:19,67.55,556,
10:02:20,67.54,600,
10:02:20,67.54,800,
10:02:20,67.54,100,
10:02:20,67.54,100,
10:02:20,67.54,400,
10:02:20,67.54,400,
10:02:20,67.54,400,
10:02:20,67.54,100,
10:02:20,67.54,100,
10:02:20,67.54,100,
10:02:20,67.54,100,
10:02:24,67.55,400,
10:02:25,67.55,100,
10:02:25,67.55,100,
10:02:25,67.55,800,
10:02:25,67.55,100,
10:02:25,67.55,100,
10:02:25,67.55,100,
10:02:25,67.55,500,
10:02:25,67.55,100,
10:02:25,67.55,100,
10:02:32,67.55,3500,
10:02:32,67.55,500,
10:02:32,67.55,2000,
10:02:32,67.55,200,
10:02:32,67.55,1000,
10:02:32,67.55,400,
10:02:32,67.55,2000,
10:02:32,67.55,1300,
10:02:32,67.55,300,
10:02:33,67.56,400,
10:02:33,67.55,100,
10:02:33,67.56,300,
10:02:33,67.55,100,
10:02:33,67.55,100,
10:02:34,67.55,100,
10:02:34,67.55,100,
10:02:34,67.55,200,
10:02:34,67.55,100,
10:02:34,67.55,100,
10:02:34,67.55,100,
10:02:35,67.55,500,
10:02:35,67.55,100,
10:02:35,67.55,100,
10:02:35,67.55,100,
10:02:35,67.55,100,
10:02:35,67.55,300,
10:02:35,67.55,100,
10:02:37,67.54,300,
10:02:37,67.54,100,
10:02:37,67.54,300,
10:02:37,67.54,100,
10:02:37,67.54,100,
10:02:37,67.54,100,
10:02:41,67.54,200,
10:02:41,67.54,100,
10:02:41,67.54,100,
10:02:41,67.54,100,
10:02:41,67.54,100,
10:02:41,67.54,100,
10:02:41,67.54,100,
10:02:41,67.54,449,
10:02:41,67.54,600,
10:02:41,67.54,1203,
10:02:50,67.53,100,
10:02:51,67.535,100,
10:02:51,67.535,100,
10:02:51,67.54,100,
10:02:51,67.535,500,
10:02:58,67.54,100,
10:02:58,67.54,500,
10:02:58,67.54,100,
10:02:58,67.54,200,
10:02:58,67.54,100,
10:02:58,67.54,100,
10:02:58,67.54,100,
10:02:58,67.54,100,
10:02:58,67.535,100,
10:03:01,67.55,100,
10:03:01,67.55,100,
10:03:03,67.55,400,
10:03:03,67.55,800,
10:03:03,67.55,700,
10:03:03,67.55,400,
10:03:03,67.55,200,
10:03:03,67.55,100,
10:03:03,67.55,200,
10:03:03,67.55,100,
10:03:03,67.55,500,
10:03:03,67.55,100,
10:03:03,67.55,100,
10:03:03,67.56,100,
10:03:03,67.56,100,
10:03:03,67.56,400,
10:03:03,67.56,100,
10:03:03,67.56,300,
10:03:03,67.56,100,
10:03:03,67.56,100,
10:03:03,67.56,400,
10:03:03,67.56,500,
10:03:03,67.56,500,
10:03:03,67.56,100,
10:03:04,67.57,100,
10:03:04,67.57,100,
10:03:04,67.57,300,
10:03:04,67.57,100,
10:03:04,67.57,100,
10:03:04,67.57,100,
10:03:04,67.57,100,
10:03:04,67.57,100,
10:03:06,67.57,100,
10:03:06,67.57,100,
10:03:06,67.57,200,
10:03:06,67.57,100,
10:03:06,67.57,300,
10:03:09,67.57,100,
10:03:09,67.57,100,
10:03:09,67.57,100,
10:03:09,67.57,100,
10:03:09,67.57,100,
10:03:09,67.57,100,
10:03:09,67.57,100,
10:03:09,67.57,100,
10:03:09,67.57,100,
10:03:10,67.5701,100,
10:03:14,67.58,100,
10:03:14,67.58,100,
10:03:14,67.58,100,
10:03:14,67.58,100,
10:03:14,67.58,100,
10:03:14,67.58,100,
10:03:16,67.59,100,
10:03:17,67.60,100,
10:03:18,67.59,100,
10:03:18,67.59,100,
10:03:18,67.59,100,
10:03:18,67.59,350,
10:03:18,67.59,100,
10:03:18,67.59,100,
10:03:18,67.59,400,
10:03:18,67.59,100,
10:03:18,67.59,100,
10:03:18,67.59,100,
10:03:18,67.59,100,
10:03:18,67.59,100,
10:03:18,67.59,100,
10:03:18,67.59,300,
10:03:18,67.59,400,
10:03:18,67.59,100,
10:03:18,67.59,100,
10:03:18,67.59,341,
10:03:18,67.59,600,
10:03:18,67.59,400,
10:03:18,67.59,100,
10:03:18,67.59,100,
10:03:20,67.59,100,
10:03:24,67.59,100,
10:03:24,67.59,100,
10:03:24,67.59,147,
10:03:24,67.59,200,
10:03:24,67.59,100,
10:03:25,67.58,100,
10:03:25,67.58,100,
10:03:25,67.58,400,
10:03:25,67.58,100,
10:03:25,67.58,100,
10:03:25,67.58,100,
10:03:25,67.58,400,
10:03:25,67.58,100,
10:03:25,67.58,100,
10:03:25,67.58,400,
10:03:25,67.58,100,
10:03:25,67.58,100,
10:03:28,67.58,100,
10:03:28,67.58,100,
10:03:28,67.58,100,
10:03:28,67.58,400,
10:03:28,67.58,100,
10:03:28,67.58,100,
10:03:28,67.58,700,
10:03:28,67.58,600,
10:03:28,67.58,400,
10:03:28,67.58,400,
10:03:28,67.58,100,
10:03:28,67.58,100,
10:03:30,67.58,100,
10:03:30,67.58,400,
10:03:30,67.58,100,
10:03:30,67.58,800,
10:03:30,67.58,800,
10:03:30,67.58,100,
10:03:31,67.58,100,
10:03:31,67.58,100,
10:03:31,67.58,100,
10:03:31,67.58,100,
10:03:31,67.58,100,
10:03:31,67.58,100,
10:03:32,67.58,200,
10:03:32,67.58,100,
10:03:33,67.57,2000,
10:03:33,67.57,900,
10:03:33,67.57,200,
10:03:33,67.57,400,
10:03:37,67.57,100,
10:03:37,67.57,200,
10:03:37,67.57,100,
10:03:37,67.57,100,
10:03:37,67.57,100,
10:03:37,67.57,100,
10:03:37,67.57,100,
10:03:37,67.57,100,
10:03:38,67.57,700,
10:03:38,67.57,100,
10:03:38,67.57,600,
10:03:38,67.57,100,
10:03:38,67.57,100,
10:03:38,67.57,100,
10:03:38,67.57,191,
10:03:38,67.57,600,
10:03:38,67.57,100,
10:03:38,67.57,400,
10:03:38,67.57,400,
10:03:38,67.57,100,
10:03:38,67.57,509,
10:03:38,67.57,200,
10:03:38,67.57,1300,
10:03:38,67.57,300,
10:03:38,67.57,107,
10:03:38,67.58,137,
10:03:39,67.58,200,
10:03:39,67.58,200,
10:03:40,67.58,100,
10:03:40,67.58,100,
10:03:40,67.58,100,
10:03:40,67.58,100,
10:03:40,67.58,100,
10:03:40,67.58,100,
10:03:40,67.58,100,
10:03:41,67.58,100,
10:03:41,67.58,400,
10:03:41,67.58,100,
10:03:41,67.58,100,
10:03:41,67.58,100,
10:03:47,67.58,800,
10:03:47,67.58,100,
10:03:47,67.58,100,
10:03:51,67.59,100,
10:03:51,67.59,200,
10:03:51,67.59,100,
10:03:51,67.59,100,
10:03:51,67.59,200,
10:03:51,67.60,500,
10:03:52,67.60,100,
10:03:52,67.60,100,
10:03:54,67.60,200,
10:03:54,67.60,100,
10:03:54,67.60,100,
10:03:54,67.60,100,
10:03:54,67.60,100,
10:03:54,67.60,100,
10:03:54,67.60,600,
10:03:54,67.60,100,
10:03:54,67.60,400,
10:03:55,67.59,100,
10:03:55,67.59,100,
10:03:55,67.59,100,
10:03:55,67.59,100,
10:03:56,67.59,600,
10:03:56,67.59,400,
10:03:56,67.59,300,
10:03:56,67.59,400,
10:03:57,67.58,100,
10:03:57,67.58,100,
10:03:57,67.58,100,
10:03:57,67.58,100,
10:03:57,67.58,100,
10:03:57,67.58,100,
10:03:57,67.58,100,
10:03:59,67.58,400,
10:03:59,67.58,100,
10:03:59,67.58,100,
10:03:59,67.58,800,
10:03:59,67.58,100,
10:03:59,67.58,100,
10:03:59,67.58,100,
10:03:59,67.58,205,
10:04:01,67.585,100,
10:04:03,67.59,100,
10:04:03,67.59,400,
10:04:03,67.59,100,
10:04:03,67.59,100,
10:04:03,67.59,100,
10:04:05,67.59,800,
10:04:05,67.59,100,
10:04:05,67.59,100,
10:04:05,67.59,100,
10:04:05,67.59,100,
10:04:05,67.59,100,
10:04:06,67.59,100,
10:04:08,67.59,100,
10:04:08,67.59,100,
10:04:08,67.59,100,
10:04:08,67.59,100,
10:04:08,67.59,100,
10:04:08,67.59,100,
10:04:08,67.59,100,
10:04:08,67.59,100,
10:04:08,67.59,500,
10:04:09,67.60,137,
10:04:10,67.59,100,
10:04:10,67.59,100,
10:04:10,67.59,100,
10:04:10,67.59,100,
10:04:10,67.59,100,
10:04:10,67.59,100,
10:04:10,67.59,100,
10:04:10,67.59,800,
10:04:10,67.59,200,
10:04:10,67.59,100,
10:04:10,67.59,100,
10:04:10,67.59,100,
10:04:10,67.59,100,
10:04:10,67.59,100,
10:04:12,67.60,100,
10:04:13,67.59,100,
10:04:13,67.59,100,
10:04:13,67.59,100,
10:04:13,67.59,100,
10:04:13,67.59,100,
10:04:13,67.58,100,
10:04:14,67.58,100,
10:04:14,67.58,100,
10:04:14,67.58,100,
10:04:14,67.58,400,
10:04:14,67.58,100,
10:04:14,67.58,200,
10:04:14,67.58,100,
10:04:14,67.58,100,
10:04:14,67.58,700,
10:04:14,67.58,100,
10:04:14,67.58,100,
10:04:15,67.58,400,
10:04:15,67.58,100,
10:04:15,67.58,100,
10:04:15,67.58,800,
10:04:15,67.58,100,
10:04:15,67.58,400,
10:04:15,67.58,100,
10:04:15,67.58,100,
10:04:17,67.58,100,
10:04:17,67.58,300,
10:04:17,67.58,400,
10:04:17,67.58,100,
10:04:17,67.58,100,
10:04:17,67.58,100,
10:04:17,67.58,100,
10:04:17,67.58,400,
10:04:17,67.58,100,
10:04:17,67.58,100,
10:04:17,67.58,100,
10:04:23,67.58,100,
10:04:23,67.58,200,
10:04:23,67.58,100,
10:04:23,67.58,100,
10:04:23,67.58,100,
10:04:24,67.58,100,
10:04:24,67.58,100,
10:04:24,67.58,100,
10:04:24,67.58,100,
10:04:24,67.58,100,
10:04:24,67.58,100,
10:04:27,67.58,100,
10:04:27,67.58,100,
10:04:27,67.58,100,
10:04:28,67.58,100,
10:04:28,67.58,100,
10:04:28,67.58,700,
10:04:28,67.58,100,
10:04:28,67.58,100,
10:04:28,67.58,100,
10:04:29,67.58,100,
10:04:29,67.58,800,
10:04:29,67.58,100,
10:04:29,67.58,100,
10:04:29,67.58,100,
10:04:29,67.58,100,
10:04:29,67.58,100,
10:04:29,67.58,100,
10:04:29,67.58,100,
10:04:31,67.59,100,
10:04:31,67.59,100,
10:04:31,67.59,100,
10:04:31,67.59,100,
10:04:31,67.59,100,
10:04:31,67.59,100,
10:04:33,67.591,450,
10:04:36,67.59,100,
10:04:36,67.59,100,
10:04:36,67.59,200,
10:04:36,67.59,200,
10:04:36,67.59,100,
10:04:36,67.59,100,
10:04:36,67.59,100,
10:04:36,67.59,100,
10:04:38,67.58,100,
10:04:38,67.58,100,
10:04:38,67.58,100,
10:04:38,67.58,100,
10:04:38,67.58,100,
10:04:38,67.58,100,
10:04:38,67.58,100,
10:04:38,67.58,800,
10:04:38,67.58,100,
10:04:38,67.58,600,
10:04:38,67.58,100,
10:04:38,67.58,100,
10:04:49,67.57,200,
10:04:50,67.57,100,
10:04:50,67.57,137,
10:04:50,67.57,600,
10:04:50,67.57,100,
10:04:50,67.57,100,
10:04:50,67.57,100,
10:04:50,67.57,400,
10:04:57,67.565,100,
10:04:57,67.565,100,
10:04:59,67.57,400,
10:04:59,67.57,100,
10:04:59,67.57,800,
10:04:59,67.57,800,
10:04:59,67.57,100,
10:04:59,67.57,100,
10:04:59,67.57,400,
10:04:59,67.57,100,
10:04:59,67.565,200,
10:04:59,67.57,100,
10:04:59,67.565,400,
10:04:59,67.58,100,
10:04:59,67.58,100,
10:04:59,67.58,100,
10:04:59,67.58,100,
10:04:59,67.58,100,
10:04:59,67.58,100,
10:05:00,67.5799,100,
10:05:00,67.5799,100,
10:05:00,67.58,200,
10:05:01,67.57,700,
10:05:01,67.57,100,
10:05:01,67.57,400,
10:05:01,67.57,100,
10:05:01,67.57,100,
10:05:01,67.57,100,
10:05:01,67.57,400,
10:05:01,67.57,400,
10:05:01,67.57,500,
10:05:01,67.57,100,
10:05:05,67.56,100,
10:05:06,67.56,200,
10:05:06,67.56,800,
10:05:06,67.56,100,
10:05:10,67.55,2870,
10:05:12,67.559,207,
10:05:15,67.555,100,
10:05:17,67.55,100,
10:05:17,67.55,589,
10:05:17,67.55,100,
10:05:17,67.55,289,
10:05:17,67.54,339,
10:05:17,67.54,400,
10:05:19,67.55,100,
10:05:19,67.55,100,
10:05:19,67.55,400,
10:05:19,67.55,100,
10:05:19,67.55,100,
10:05:19,67.55,100,
10:05:19,67.55,400,
10:05:19,67.55,200,
10:05:19,67.55,100,
10:05:19,67.56,200,
10:05:19,67.56,160,
10:05:20,67.56,100,
10:05:20,67.56,100,
10:05:20,67.56,100,
10:05:20,67.56,100,
10:05:20,67.56,100,
10:05:20,67.56,100,
10:05:20,67.56,200,
10:05:20,67.57,100,
10:05:20,67.57,100,
10:05:20,67.57,400,
10:05:20,67.57,100,
10:05:20,67.57,400,
10:05:20,67.57,400,
10:05:23,67.57,800,
10:05:23,67.57,100,
10:05:23,67.57,100,
10:05:23,67.57,200,
10:05:23,67.56,800,
10:05:23,67.56,400,
10:05:23,67.56,800,
10:05:23,67.56,100,
10:05:23,67.56,800,
10:05:23,67.56,800,
10:05:23,67.56,100,
10:05:23,67.56,100,
10:05:23,67.56,600,
10:05:23,67.56,800,
10:05:23,67.56,100,
10:05:23,67.56,700,
10:05:23,67.55,2000,
10:05:23,67.55,300,
10:05:34,67.552,170,
10:05:39,67.56,100,
10:05:39,67.56,109,
10:05:39,67.56,100,
10:05:39,67.56,291,
10:05:43,67.565,100,
10:05:43,67.565,100,
10:05:43,67.565,100,
10:05:44,67.56,100,
10:05:44,67.56,100,
10:05:44,67.56,247,
10:05:44,67.56,100,
10:05:44,67.56,100,
10:05:44,67.56,100,
10:05:44,67.567,1000,
10:05:45,67.55,100,
10:05:45,67.55,100,
10:05:45,67.565,1000,
10:05:47,67.54,200,
10:05:48,67.54,100,
10:05:48,67.53,100,
10:05:51,67.53,400,
10:05:51,67.53,100,
10:05:51,67.53,100,
10:05:53,67.53,600,
10:05:55,67.53,400,
10:05:55,67.53,100,
10:05:55,67.53,800,
10:05:55,67.53,100,
10:05:55,67.53,800,
10:05:55,67.53,800,
10:05:55,67.53,100,
10:05:55,67.53,100,
10:05:55,67.525,100,
10:05:55,67.54,136,
10:05:55,67.54,736,
10:05:55,67.54,800,
10:05:55,67.54,100,
10:05:57,67.53,700,
10:05:57,67.53,100,
10:05:57,67.53,100,
10:05:57,67.53,400,
10:05:57,67.53,100,
10:05:59,67.52,100,
10:05:59,67.52,100,
10:05:59,67.52,500,
10:05:59,67.52,100,
10:06:00,67.52,600,
10:06:01,67.511,600,
10:06:01,67.52,100,
10:06:01,67.52,100,
10:06:01,67.52,400,
10:06:01,67.52,100,
10:06:01,67.52,100,
10:06:01,67.52,100,
10:06:01,67.52,100,
10:06:03,67.51,1800,
10:06:12,67.53,100,
10:06:12,67.53,100,
10:06:12,67.53,100,
10:06:12,67.53,200,
10:06:12,67.53,200,
10:06:12,67.53,100,
10:06:12,67.53,800,
10:06:12,67.53,100,
10:06:12,67.53,200,
10:06:15,67.539,200,
10:06:17,67.54,200,
10:06:17,67.54,100,
10:06:17,67.54,1600,
10:06:22,67.54,100,
10:06:23,67.54,100,
10:06:23,67.54,700,
10:06:23,67.54,100,
10:06:23,67.54,800,
10:06:23,67.54,200,
10:06:27,67.54,300,
10:06:27,67.535,100,
10:06:34,67.54,100,
10:06:38,67.54,400,
10:06:40,67.55,100,
10:06:41,67.54,100,
10:06:41,67.54,100,
10:06:41,67.54,100,
10:06:43,67.54,100,
10:06:43,67.54,400,
10:06:43,67.54,800,
10:06:43,67.54,100,
10:06:43,67.54,100,
10:06:43,67.54,100,
10:06:43,67.54,600,
10:06:43,67.54,800,
10:06:43,67.54,100,
10:06:43,67.54,400,
10:06:43,67.54,100,
10:06:43,67.54,100,
10:06:43,67.54,100,
10:06:43,67.54,400,
10:06:43,67.54,1600,
10:06:43,67.54,400,
10:06:48,67.5404,1000,
10:06:52,67.54,400,
10:06:52,67.54,500,
10:06:52,67.54,896,
10:06:52,67.54,400,
10:06:52,67.54,100,
10:06:52,67.54,2000,
10:06:52,67.54,2400,
10:06:58,67.545,100,
10:06:58,67.545,100,
10:07:01,67.545,100,
10:07:02,67.54,100,
10:07:02,67.54,500,
10:07:02,67.54,100,
10:07:03,67.54,100,
10:07:09,67.54,100,
10:07:09,67.54,455,
10:07:09,67.54,100,
10:07:10,67.54,100,
10:07:10,67.54,433,
10:07:10,67.54,100,
10:07:13,67.54,100,
10:07:13,67.54,100,
10:07:13,67.54,400,
10:07:13,67.54,600,
10:07:13,67.54,100,
10:07:18,67.54,500,
10:07:21,67.535,100,
10:07:21,67.535,100,
10:07:21,67.535,100,
10:07:26,67.536,100,
10:07:28,67.53,100,
10:07:28,67.53,100,
10:07:28,67.53,100,
10:07:28,67.53,500,
10:07:28,67.53,100,
10:07:28,67.53,500,
10:07:28,67.53,100,
10:07:28,67.53,182,
10:07:28,67.5216,125,
10:07:29,67.53,100,
10:07:29,67.53,100,
10:07:30,67.53,200,
10:07:32,67.5301,2000,
10:07:33,67.548,144,
10:07:34,67.55,100,
10:07:34,67.55,100,
10:07:34,67.55,100,
10:07:34,67.55,100,
10:07:34,67.55,200,
10:07:40,67.56,400,
10:07:40,67.56,200,
10:07:40,67.56,600,
10:07:40,67.56,100,
10:07:40,67.56,190,
10:07:41,67.57,200,
10:07:41,67.57,100,
10:07:43,67.578,800,
10:07:43,67.57,100,
10:07:43,67.57,100,
10:07:43,67.57,400,
10:07:43,67.57,600,
10:07:43,67.57,100,
10:07:43,67.57,200,
10:07:52,67.565,100,
10:07:54,67.57,100,
10:07:54,67.57,100,
10:07:54,67.57,100,
10:07:54,67.57,400,
10:07:54,67.57,330,
10:07:54,67.57,100,
10:07:54,67.57,100,
10:07:54,67.57,200,
10:07:54,67.57,200,
10:07:54,67.57,800,
10:07:54,67.57,100,
10:07:54,67.57,100,
10:07:55,67.57,600,
10:07:55,67.57,100,
10:07:55,67.57,100,
10:07:56,67.56,100,
10:07:56,67.56,100,
10:07:56,67.56,100,
10:07:56,67.56,400,
10:07:56,67.56,100,
10:07:56,67.56,100,
10:07:56,67.56,200,
10:07:57,67.56,100,
10:07:58,67.56,400,
10:07:58,67.56,100,
10:07:58,67.56,400,
10:08:01,67.56,600,
10:08:01,67.56,100,
10:08:01,67.56,100,
10:08:02,67.55,200,
10:08:02,67.55,200,
10:08:02,67.55,400,
10:08:02,67.55,100,
10:08:02,67.55,100,
10:08:04,67.5481,200,
10:08:06,67.55,300,
10:08:07,67.54,300,
10:08:10,67.54,500,
10:08:10,67.54,200,
10:08:10,67.54,100,
10:08:10,67.54,400,
10:08:10,67.54,100,
10:08:10,67.54,500,
10:08:10,67.54,100,
10:08:10,67.54,500,
10:08:10,67.54,500,
10:08:10,67.54,100,
10:08:10,67.54,500,
10:08:10,67.54,200,
10:08:10,67.54,3200,
10:08:10,67.54,5300,
10:08:10,67.54,100,
10:08:10,67.54,3100,
10:08:11,67.53,100,
10:08:14,67.54,100,
10:08:14,67.54,400,
10:08:14,67.54,100,
10:08:15,67.54,260,
10:08:15,67.54,2900,
10:08:15,67.54,100,
10:08:15,67.54,100,
10:08:15,67.54,100,
10:08:15,67.54,500,
10:08:15,67.54,400,
10:08:15,67.54,100,
10:08:18,67.54,100,
10:08:18,67.54,100,
10:08:21,67.53,100,
10:08:27,67.535,100,
10:08:28,67.54,100,
10:08:28,67.54,300,
10:08:28,67.54,492,
10:08:33,67.54,100,
10:08:33,67.54,100,
10:08:33,67.545,100,
10:08:34,67.545,100,
10:08:39,67.53,100,
10:08:42,67.5301,500,
10:08:43,67.54,800,
10:08:43,67.54,600,
10:08:43,67.54,100,
10:08:43,67.54,400,
10:08:43,67.54,100,
10:08:43,67.54,400,
10:08:43,67.54,100,
10:08:44,67.55,100,
10:08:44,67.55,800,
10:08:44,67.55,300,
10:08:44,67.55,100,
10:08:44,67.55,100,
10:08:44,67.55,800,
10:08:44,67.55,100,
10:08:44,67.55,400,
10:08:44,67.55,200,
10:08:44,67.55,100,
10:08:44,67.55,300,
10:08:44,67.55,200,
10:08:45,67.56,2200,
10:08:47,67.56,300,
10:08:47,67.56,100,
10:08:47,67.56,100,
10:08:47,67.56,100,
10:08:47,67.56,800,
10:08:51,67.57,1000,
10:08:52,67.56,388,
10:08:53,67.56,100,
10:08:53,67.56,600,
10:08:53,67.56,100,
10:08:53,67.56,200,
10:08:53,67.56,100,
10:08:53,67.56,100,
10:08:53,67.56,100,
10:08:53,67.56,100,
10:08:53,67.56,100,
10:08:53,67.56,200,
10:08:53,67.565,100,
10:08:53,67.56,400,
10:08:53,67.56,400,
10:08:53,67.56,200,
10:08:53,67.56,400,
10:08:53,67.56,100,
10:08:53,67.56,800,
10:08:53,67.56,600,
10:08:53,67.56,200,
10:08:53,67.56,200,
10:08:53,67.56,100,
10:08:53,67.56,2000,
10:08:53,67.56,300,
10:08:53,67.56,100,
10:08:53,67.56,100,
10:08:53,67.56,100,
10:08:53,67.56,400,
10:08:53,67.56,300,
10:08:53,67.56,100,
10:08:53,67.56,200,
10:08:53,67.56,600,
10:08:53,67.56,200,
10:08:53,67.56,200,
10:08:53,67.56,100,
10:08:55,67.56,100,
10:08:55,67.56,100,
10:08:55,67.56,100,
10:08:55,67.56,300,
10:08:55,67.56,800,
10:08:55,67.56,600,
10:08:55,67.56,100,
10:08:55,67.56,100,
10:08:55,67.56,100,
10:08:56,67.56,100,
10:08:56,67.56,800,
10:08:56,67.56,100,
10:08:56,67.56,400,
10:08:56,67.56,400,
10:08:56,67.56,100,
10:08:56,67.56,100,
10:08:56,67.56,100,
10:08:56,67.56,100,
10:08:56,67.57,800,
10:08:56,67.57,400,
10:08:56,67.57,400,
10:08:56,67.57,800,
10:08:56,67.57,400,
10:08:57,67.57,100,
10:08:58,67.56,100,
10:08:59,67.56,100,
10:09:02,67.57,100,
10:09:02,67.57,500,
10:09:02,67.57,2000,
10:09:02,67.57,800,
10:09:02,67.57,600,
10:09:02,67.57,100,
10:09:02,67.57,800,
10:09:02,67.57,800,
10:09:02,67.57,800,
10:09:04,67.57,500,
10:09:04,67.5699,700,
10:09:04,67.5699,700,
10:09:04,67.57,600,
10:09:05,67.56,100,
10:09:09,67.55,100,
10:09:09,67.55,300,
10:09:09,67.55,200,
10:09:09,67.55,100,
10:09:09,67.55,100,
10:09:09,67.55,100,
10:09:09,67.55,100,
10:09:09,67.55,400,
10:09:09,67.55,100,
10:09:09,67.55,400,
10:09:09,67.55,200,
10:09:09,67.55,200,
10:09:09,67.55,100,
10:09:09,67.55,1400,
10:09:13,67.5401,300,
10:09:15,67.55,100,
10:09:17,67.55,900,
10:09:17,67.55,100,
10:09:18,67.55,100,
10:09:18,67.55,600,
10:09:18,67.55,100,
10:09:22,67.55,100,
10:09:25,67.55,100,
10:09:25,67.55,100,
10:09:25,67.55,100,
10:09:25,67.55,200,
10:09:25,67.55,400,
10:09:26,67.56,100,
10:09:26,67.56,400,
10:09:26,67.56,100,
10:09:26,67.56,400,
10:09:26,67.56,200,
10:09:26,67.56,100,
10:09:26,67.56,300,
10:09:29,67.57,900,
10:09:32,67.56,100,
10:09:32,67.56,100,
10:09:32,67.56,100,
10:09:32,67.56,100,
10:09:35,67.55,100,
10:09:35,67.55,100,
10:09:35,67.55,400,
10:09:35,67.55,100,
10:09:35,67.55,400,
10:09:35,67.55,100,
10:09:39,67.545,200,
10:09:39,67.545,100,
10:09:39,67.545,100,
10:09:40,67.54,100,
10:09:42,67.54,300,
10:09:42,67.54,100,
10:09:42,67.54,100,
10:09:42,67.545,100,
10:09:46,67.54,100,
10:09:46,67.54,800,
10:09:46,67.54,500,
10:09:46,67.54,100,
10:09:46,67.54,100,
10:09:46,67.54,100,
10:09:46,67.54,600,
10:09:46,67.54,100,
10:09:48,67.54,600,
10:09:48,67.54,400,
10:09:48,67.54,100,
10:09:48,67.54,100,
10:09:48,67.54,400,
10:09:48,67.54,400,
10:09:48,67.54,100,
10:09:50,67.53,200,
10:09:50,67.53,500,
10:09:50,67.53,1200,
10:09:50,67.53,800,
10:09:50,67.53,400,
10:09:50,67.52,100,
10:09:51,67.52,200,
10:09:52,67.52,800,
10:09:55,67.52,100,
10:09:55,67.52,800,
10:09:55,67.52,100,
10:09:55,67.52,200,
10:09:55,67.52,800,
10:09:55,67.52,1000,
10:09:55,67.52,400,
10:09:55,67.52,2000,
10:09:55,67.52,800,
10:09:55,67.52,400,
10:09:55,67.51,300,
10:09:56,67.51,200,
10:09:56,67.51,571,
10:09:56,67.51,300,
10:09:56,67.51,100,
10:09:56,67.50,100,
10:09:56,67.50,400,
10:09:56,67.50,100,
10:09:56,67.50,500,
10:09:56,67.50,400,
10:09:56,67.50,300,
10:09:56,67.50,500,
10:09:57,67.50,800,
10:09:57,67.50,400,
10:09:58,67.499,1100,
10:09:58,67.50,100,
10:09:58,67.50,400,
10:09:58,67.50,675,
10:09:58,67.50,400,
10:09:58,67.50,1790,
10:09:58,67.50,610,
10:09:58,67.50,190,
10:09:58,67.50,100,
10:09:58,67.50,700,
10:09:58,67.50,100,
10:09:58,67.50,100,
10:09:58,67.50,100,
10:10:00,67.50,750,
10:10:00,67.50,800,
10:10:00,67.50,496,
