09:30:00,62.54,1100,
09:30:00,62.52,174944,
09:30:00,62.55,1500,
09:30:00,62.55,1000,
09:30:00,62.55,677,
09:30:00,62.54,160,
09:30:00,62.55,1700,
09:30:00,62.55,1200,
09:30:00,62.54,518,
09:30:00,62.54,782,
09:30:00,62.54,1600,
09:30:00,62.54,100,
09:30:00,62.54,100,
09:30:01,62.54,1500,
09:30:01,62.54,500,
09:30:01,62.55,100,
09:30:01,62.55,1200,
09:30:02,62.55,100,
09:30:02,62.55,1000,
09:30:02,62.55,500,
09:30:02,62.53,1900,
09:30:02,62.53,200,
09:30:02,62.54,500,
09:30:02,62.54,200,
09:30:02,62.54,2021,
09:30:02,62.55,1800,
09:30:02,62.55,1700,
09:30:03,62.55,482,
09:30:03,62.55,300,
09:30:03,62.56,300,
09:30:03,62.56,3516,
09:30:03,62.56,184,
09:30:03,62.56,100,
09:30:03,62.56,560,
09:30:03,62.56,160,
09:30:03,62.55,2618,
09:30:03,62.55,218,
09:30:03,62.55,1100,
09:30:03,62.55,1400,
09:30:03,62.55,300,
09:30:03,62.55,1082,
09:30:05,62.55,293,
09:30:08,62.54,400,
09:30:10,62.54,100,
09:30:10,62.54,100,
09:30:10,62.53,200,
09:30:10,62.53,1486,
09:30:12,62.54,400,
09:30:15,62.55,100,
09:30:15,62.53,300,
09:30:15,62.53,900,
09:30:15,62.53,1000,
09:30:16,62.53,200,
09:30:16,62.54,125,
09:30:17,62.54,600,
09:30:19,62.54,700,
09:30:19,62.54,800,
09:30:20,62.55,800,
09:30:20,62.56,500,
09:30:20,62.56,100,
09:30:20,62.56,200,
09:30:20,62.56,500,
09:30:20,62.56,200,
09:30:20,62.56,1600,
09:30:20,62.56,400,
09:30:20,62.56,200,
09:30:20,62.56,200,
09:30:20,62.56,500,
09:30:20,62.56,200,
09:30:20,62.55,800,
09:30:20,62.56,400,
09:30:20,62.55,700,
09:30:20,62.56,499,
09:30:20,62.56,300,
09:30:20,62.55,400,
09:30:22,62.5501,5000,
09:30:22,62.56,100,
09:30:22,62.56,100,
09:30:22,62.56,100,
09:30:22,62.5501,100,
09:30:23,62.56,500,
09:30:25,62.5401,4500,
09:30:26,62.56,700,
09:30:26,62.56,1100,
09:30:28,62.55,100,
09:30:30,62.55,200,
09:30:32,62.5599,200,
09:30:32,62.54,500,
09:30:32,62.54,600,
09:30:32,62.54,400,
09:30:32,62.54,400,
09:30:36,62.54,100,
09:30:36,62.54,100,
09:30:36,62.54,1500,
09:30:36,62.54,400,
09:30:36,62.54,800,
09:30:36,62.54,700,
09:30:36,62.54,2100,
09:30:36,62.53,400,
09:30:36,62.53,3900,
09:30:36,62.53,2500,
09:30:36,62.53,3200,
09:30:36,62.53,200,
09:30:36,62.53,300,
09:30:36,62.53,200,
09:30:36,62.53,400,
09:30:36,62.53,329,
09:30:36,62.52,2500,
09:30:38,62.53,100,
09:30:38,62.53,100,
09:30:38,62.53,100,
09:30:38,62.53,680,
09:30:39,62.53,400,
09:30:39,62.53,400,
09:30:39,62.53,400,
09:30:39,62.53,400,
09:30:40,62.53,282,
09:30:43,62.535,100,
09:30:47,62.52,300,
09:30:47,62.52,100,
09:30:47,62.52,200,
09:30:49,62.53,500,
09:30:49,62.53,100,
09:30:50,62.54,100,
09:30:53,62.54,100,
09:30:55,62.55,500,
09:30:55,62.55,300,
09:30:55,62.55,500,
09:30:55,62.55,100,
09:30:55,62.55,800,
09:30:55,62.55,1500,
09:30:55,62.55,2100,
09:30:55,62.55,400,
09:30:55,62.55,8200,
09:30:55,62.55,300,
09:30:55,62.55,700,
09:30:55,62.55,1900,
09:30:55,62.55,700,
09:30:55,62.55,200,
09:30:55,62.55,100,
09:30:55,62.55,100,
09:30:55,62.55,100,
09:30:55,62.55,100,
09:31:00,62.54,400,
09:31:00,62.55,100,
09:31:01,62.55,500,
09:31:01,62.55,700,
09:31:02,62.55,600,
09:31:02,62.55,320,
09:31:02,62.55,400,
09:31:02,62.55,200,
09:31:06,62.54,200,
09:31:07,62.55,180,
09:31:10,62.56,500,
09:31:14,62.56,500,
09:31:17,62.56,300,
09:31:21,62.56,800,
09:31:21,62.56,200,
09:31:21,62.5685,100,
09:31:24,62.56,100,
09:31:24,62.56,1200,
09:31:24,62.56,100,
09:31:24,62.56,200,
09:31:24,62.56,200,
09:31:24,62.56,100,
09:31:24,62.56,700,
09:31:24,62.56,800,
09:31:24,62.56,200,
09:31:25,62.56,600,
09:31:29,62.55,5000,
09:31:29,62.55,2600,
09:31:29,62.55,800,
09:31:29,62.55,600,
09:31:29,62.55,100,
09:31:32,62.56,330,
09:31:32,62.56,500,
09:31:32,62.56,205,
09:31:33,62.56,505,
09:31:33,62.56,200,
09:31:33,62.56,200,
09:31:33,62.56,400,
09:31:33,62.56,400,
09:31:33,62.56,400,
09:31:35,62.56,400,
09:31:40,62.56,500,
09:31:40,62.56,900,
09:31:40,62.56,200,
09:31:41,62.56,500,
09:31:44,62.57,200,
09:31:52,62.56,395,
09:31:52,62.56,300,
09:31:52,62.56,100,
09:31:53,62.55,200,
09:31:53,62.54,600,
09:31:53,62.54,500,
09:31:53,62.55,200,
09:31:54,62.57,1500,
09:31:55,62.55,100,
09:31:55,62.53,100,
09:31:56,62.53,600,
09:31:57,62.52,100,
09:31:58,62.52,100,
09:31:58,62.52,600,
09:31:58,62.52,200,
09:31:58,62.52,900,
09:31:58,62.53,100,
09:31:58,62.53,745,
09:31:58,62.52,100,
09:32:00,62.54,200,
09:32:00,62.53,100,
09:32:00,62.53,300,
09:32:00,62.53,200,
09:32:00,62.53,300,
09:32:00,62.53,200,
09:32:00,62.53,2400,
09:32:01,62.53,800,
09:32:01,62.53,2100,
09:32:02,62.53,1400,
09:32:02,62.53,100,
09:32:02,62.53,3700,
09:32:02,62.53,800,
09:32:02,62.53,100,
09:32:02,62.53,1200,
09:32:02,62.53,500,
09:32:02,62.53,100,
09:32:02,62.53,200,
09:32:03,62.52,400,
09:32:03,62.52,500,
09:32:03,62.52,100,
09:32:03,62.52,800,
09:32:03,62.52,200,
09:32:04,62.51,255,
09:32:04,62.51,700,
09:32:04,62.50,100,
09:32:05,62.50,150,
09:32:06,62.50,100,
09:32:06,62.50,100,
09:32:06,62.50,100,
09:32:06,62.50,100,
09:32:06,62.50,3000,
09:32:06,62.50,150,
09:32:06,62.50,100,
09:32:06,62.50,400,
09:32:06,62.50,400,
09:32:06,62.50,100,
09:32:06,62.50,100,
09:32:06,62.50,100,
09:32:06,62.50,800,
09:32:06,62.50,283,
09:32:08,62.50,217,
09:32:08,62.49,600,
09:32:11,62.47,500,
09:32:12,62.47,200,
09:32:12,62.47,10000,
09:32:13,62.4795,100,
09:32:15,62.48,300,
09:32:15,62.48,200,
09:32:21,62.471,200,
09:32:22,62.47,200,
09:32:22,62.47,200,
09:32:25,62.46,100,
09:32:25,62.46,100,
09:32:25,62.46,100,
09:32:25,62.46,100,
09:32:26,62.46,100,
09:32:26,62.46,100,
09:32:26,62.46,200,
09:32:26,62.45,100,
09:32:27,62.4505,700,
09:32:29,62.46,100,
09:32:29,62.45,100,
09:32:29,62.46,200,
09:32:30,62.46,100,
09:32:30,62.46,500,
09:32:31,62.45,100,
09:32:33,62.451,6000,
09:32:34,62.46,400,
09:32:35,62.46,500,
09:32:36,62.46,1700,
09:32:37,62.45,1745,
09:32:37,62.45,760,
09:32:38,62.45,500,
09:32:39,62.45,400,
09:32:39,62.45,800,
09:32:39,62.44,300,
09:32:39,62.44,800,
09:32:41,62.45,500,
09:32:41,62.45,1000,
09:32:43,62.45,200,
09:32:43,62.45,200,
09:32:43,62.45,800,
09:32:43,62.45,500,
09:32:43,62.45,1600,
09:32:43,62.45,300,
09:32:43,62.45,100,
09:32:43,62.45,300,
09:32:45,62.45,890,
09:32:45,62.45,110,
09:32:47,62.45,100,
09:32:48,62.45,500,
09:32:48,62.45,400,
09:32:52,62.46,100,
09:32:52,62.46,400,
09:32:55,62.47,300,
09:32:55,62.47,9500,
09:32:55,62.47,1000,
09:32:55,62.47,1000,
09:32:55,62.47,500,
09:32:55,62.465,500,
09:32:55,62.47,3300,
09:32:55,62.47,2000,
09:32:55,62.47,300,
09:32:55,62.47,500,
09:32:55,62.47,100,
09:32:55,62.46,500,
09:32:55,62.46,100,
09:32:55,62.46,200,
09:32:55,62.46,300,
09:32:55,62.47,100,
09:32:55,62.47,1600,
09:32:55,62.47,400,
09:32:55,62.47,800,
09:32:55,62.47,800,
09:32:55,62.47,200,
09:32:55,62.47,1200,
09:32:55,62.47,200,
09:32:55,62.47,100,
09:32:55,62.47,100,
09:32:55,62.47,1000,
09:32:55,62.47,100,
09:32:55,62.47,800,
09:32:55,62.47,100,
09:32:55,62.47,200,
09:32:55,62.47,400,
09:32:55,62.48,100,
09:32:55,62.48,100,
09:32:55,62.4701,400,
09:32:56,62.47,500,
09:32:56,62.47,1500,
09:32:56,62.47,200,
09:32:57,62.47,200,
09:32:58,62.46,200,
09:32:58,62.47,100,
09:33:00,62.47,500,
09:33:02,62.48,100,
09:33:02,62.48,100,
09:33:02,62.49,300,
09:33:02,62.49,100,
09:33:03,62.49,500,
09:33:03,62.49,500,
09:33:03,62.49,300,
09:33:03,62.49,100,
09:33:03,62.49,239,
09:33:03,62.49,700,
09:33:04,62.49,100,
09:33:05,62.495,100,
09:33:06,62.49,100,
09:33:07,62.48,500,
09:33:10,62.48,300,
09:33:11,62.4799,1000,
09:33:21,62.46,200,
09:33:21,62.46,400,
09:33:21,62.45,200,
09:33:23,62.4599,300,
09:33:26,62.46,400,
09:33:28,62.46,325,
09:33:28,62.46,500,
09:33:28,62.46,100,
09:33:31,62.47,200,
09:33:31,62.47,500,
09:33:31,62.47,500,
09:33:35,62.49,100,
09:33:38,62.4801,300,
09:33:42,62.48,500,
09:33:44,62.50,600,
09:33:44,62.4991,3428,
09:33:44,62.50,100,
09:33:44,62.50,300,
09:33:44,62.50,100,
09:33:44,62.505,100,
09:33:44,62.50,300,
09:33:45,62.50,700,
09:33:45,62.50,600,
09:33:47,62.50,600,
09:33:54,62.51,500,
09:33:57,62.50,100,
09:34:01,62.4999,500,
09:34:03,62.49,540,
09:34:04,62.50,300,
09:34:04,62.50,400,
09:34:04,62.50,300,
09:34:07,62.4901,400,
09:34:10,62.50,2000,
09:34:10,62.50,700,
09:34:10,62.50,100,
09:34:10,62.51,200,
09:34:10,62.51,400,
09:34:10,62.51,200,
09:34:12,62.52,400,
09:34:12,62.52,300,
09:34:12,62.5199,1000,
09:34:14,62.52,3000,
09:34:14,62.53,100,
09:34:14,62.53,500,
09:34:14,62.53,100,
09:34:14,62.53,300,
09:34:16,62.54,300,
09:34:16,62.54,1300,
09:34:16,62.54,400,
09:34:18,62.53,100,
09:34:18,62.53,100,
09:34:20,62.53,100,
09:34:20,62.53,500,
09:34:21,62.53,800,
09:34:21,62.53,200,
09:34:21,62.53,900,
09:34:21,62.54,800,
09:34:21,62.54,500,
09:34:21,62.54,600,
09:34:21,62.54,200,
09:34:21,62.54,900,
09:34:21,62.54,400,
09:34:21,62.54,100,
09:34:21,62.54,100,
09:34:21,62.54,100,
09:34:21,62.54,200,
09:34:21,62.54,500,
09:34:21,62.54,800,
09:34:21,62.54,100,
09:34:21,62.54,100,
09:34:21,62.54,500,
09:34:22,62.53,800,
09:34:22,62.53,100,
09:34:25,62.53,500,
09:34:25,62.53,300,
09:34:27,62.5309,100,
09:34:32,62.54,100,
09:34:33,62.53,500,
09:34:33,62.53,400,
09:34:37,62.53,100,
09:34:39,62.5299,2300,
09:34:40,62.51,200,
09:34:40,62.51,200,
09:34:42,62.515,100,
09:34:42,62.50,100,
09:34:42,62.50,100,
09:34:42,62.50,100,
09:34:42,62.49,100,
09:34:42,62.50,100,
09:34:44,62.50,500,
09:34:44,62.50,100,
09:34:44,62.50,800,
09:34:44,62.50,500,
09:34:48,62.50,300,
09:34:48,62.50,600,
09:34:49,62.50,500,
09:34:49,62.505,100,
09:34:50,62.50,900,
09:34:53,62.52,200,
09:34:53,62.52,1300,
09:34:55,62.52,166,
09:35:01,62.52,200,
09:35:01,62.52,200,
09:35:05,62.51,400,
09:35:05,62.51,500,
09:35:05,62.50,200,
09:35:05,62.50,500,
09:35:07,62.49,200,
09:35:07,62.49,100,
09:35:10,62.48,200,
09:35:11,62.48,500,
09:35:11,62.48,100,
09:35:11,62.48,400,
09:35:12,62.48,400,
09:35:16,62.47,400,
09:35:16,62.47,600,
09:35:16,62.47,100,
09:35:16,62.47,600,
09:35:16,62.47,500,
09:35:16,62.47,800,
09:35:16,62.47,300,
09:35:17,62.46,100,
09:35:19,62.45,3200,
09:35:19,62.45,600,
09:35:19,62.45,300,
09:35:19,62.45,500,
09:35:19,62.45,200,
09:35:19,62.45,300,
09:35:19,62.45,800,
09:35:19,62.45,200,
09:35:19,62.45,100,
09:35:19,62.45,200,
09:35:19,62.45,100,
09:35:20,62.45,800,
09:35:20,62.45,300,
09:35:20,62.45,300,
09:35:20,62.45,500,
09:35:21,62.45,1200,
09:35:21,62.45,5000,
09:35:21,62.45,100,
09:35:21,62.45,200,
09:35:21,62.45,5600,
09:35:21,62.45,200,
09:35:21,62.45,200,
09:35:21,62.45,199,
09:35:21,62.45,400,
09:35:21,62.45,600,
09:35:21,62.4501,250,
09:35:21,62.45,100,
09:35:21,62.4501,100,
09:35:22,62.44,200,
09:35:22,62.44,1600,
09:35:22,62.44,1500,
09:35:22,62.44,2500,
09:35:22,62.44,600,
09:35:22,62.44,9500,
09:35:22,62.44,500,
09:35:22,62.45,600,
09:35:22,62.45,1100,
09:35:23,62.45,800,
09:35:23,62.45,1600,
09:35:23,62.45,1200,
09:35:25,62.45,100,
09:35:27,62.45,1500,
09:35:27,62.44,500,
09:35:28,62.43,300,
09:35:28,62.43,100,
09:35:29,62.43,500,
09:35:29,62.43,200,
09:35:30,62.4201,150,
09:35:30,62.43,800,
09:35:30,62.43,100,
09:35:30,62.43,400,
09:35:30,62.43,800,
09:35:30,62.43,300,
09:35:31,62.42,100,
09:35:32,62.43,500,
09:35:32,62.43,600,
09:35:32,62.43,500,
09:35:32,62.43,300,
09:35:33,62.41,3200,
09:35:33,62.41,400,
09:35:33,62.42,500,
09:35:33,62.41,600,
09:35:33,62.41,500,
09:35:33,62.41,100,
09:35:33,62.41,100,
09:35:33,62.41,200,
09:35:33,62.41,200,
09:35:33,62.41,500,
09:35:33,62.41,800,
09:35:33,62.41,300,
09:35:33,62.41,400,
09:35:33,62.41,500,
09:35:33,62.4001,1500,
09:35:33,62.42,150,
09:35:33,62.40,1500,
09:35:34,62.41,200,
09:35:34,62.41,200,
09:35:35,62.41,300,
09:35:35,62.41,1200,
09:35:35,62.41,600,
09:35:35,62.41,100,
09:35:35,62.41,500,
09:35:36,62.41,200,
09:35:36,62.41,800,
09:35:36,62.40,200,
09:35:36,62.41,160,
09:35:36,62.41,249,
09:35:36,62.41,140,
09:35:36,62.41,440,
09:35:36,62.41,400,
09:35:36,62.41,500,
09:35:37,62.40,12400,
09:35:37,62.40,2500,
09:35:37,62.40,800,
09:35:37,62.40,200,
09:35:37,62.40,2500,
09:35:37,62.40,1200,
09:35:37,62.40,1000,
09:35:38,62.41,200,
09:35:38,62.40,300,
09:35:38,62.40,300,
09:35:39,62.41,1200,
09:35:39,62.41,195,
09:35:39,62.41,100,
09:35:39,62.42,100,
09:35:42,62.42,1000,
09:35:42,62.42,1300,
09:35:46,62.415,100,
09:35:46,62.41,500,
09:35:47,62.40,200,
09:35:47,62.40,100,
09:35:49,62.41,300,
09:35:49,62.41,500,
09:35:49,62.41,480,
09:35:49,62.42,300,
09:35:49,62.42,500,
09:35:49,62.42,100,
09:35:50,62.42,200,
09:35:50,62.42,100,
09:35:51,62.42,200,
09:35:51,62.42,200,
09:35:54,62.43,200,
09:35:56,62.42,200,
09:35:56,62.42,100,
09:35:58,62.42,100,
09:35:58,62.42,295,
09:36:01,62.40,100,
09:36:01,62.39,400,
09:36:01,62.39,1000,
09:36:01,62.39,200,
09:36:01,62.39,120,
09:36:01,62.39,3200,
09:36:01,62.3899,200,
09:36:03,62.38,200,
09:36:03,62.38,200,
09:36:04,62.38,100,
09:36:04,62.38,200,
09:36:05,62.36,1200,
09:36:05,62.3699,400,
09:36:05,62.37,100,
09:36:05,62.37,500,
09:36:05,62.37,100,
09:36:06,62.37,100,
09:36:06,62.37,700,
09:36:07,62.37,500,
09:36:07,62.37,100,
09:36:07,62.37,400,
09:36:07,62.37,1200,
09:36:11,62.37,500,
09:36:11,62.375,300,
09:36:12,62.37,100,
09:36:12,62.37,500,
09:36:18,62.37,1000,
09:36:19,62.38,400,
09:36:19,62.38,600,
09:36:19,62.38,600,
09:36:19,62.38,800,
09:36:19,62.38,800,
09:36:19,62.38,300,
09:36:19,62.38,800,
09:36:19,62.37,200,
09:36:19,62.37,400,
09:36:19,62.37,100,
09:36:26,62.36,500,
09:36:26,62.3599,2000,
09:36:27,62.36,300,
09:36:27,62.36,800,
09:36:27,62.36,175,
09:36:27,62.36,300,
09:36:27,62.36,700,
09:36:27,62.36,500,
09:36:27,62.36,501,
09:36:28,62.36,800,
09:36:28,62.36,101,
09:36:28,62.36,600,
09:36:28,62.36,400,
09:36:28,62.36,800,
09:36:28,62.36,100,
09:36:29,62.36,300,
09:36:32,62.38,100,
09:36:33,62.38,400,
09:36:33,62.38,100,
09:36:34,62.39,100,
09:36:34,62.39,100,
09:36:39,62.3801,4000,
09:36:41,62.38,400,
09:36:45,62.38,200,
09:36:47,62.37,400,
09:36:47,62.36,300,
09:36:49,62.3609,1500,
09:36:52,62.3799,500,
09:37:01,62.38,200,
09:37:07,62.37,100,
09:37:11,62.37,500,
09:37:11,62.38,100,
09:37:14,62.38,100,
09:37:14,62.38,100,
09:37:15,62.38,100,
09:37:16,62.39,531,
09:37:18,62.38,100,
09:37:18,62.38,200,
09:37:19,62.3818,300,
09:37:21,62.39,325,
09:37:21,62.3901,200,
09:37:22,62.39,300,
09:37:24,62.401,2000,
09:37:24,62.4099,1000,
09:37:24,62.41,200,
09:37:25,62.41,200,
09:37:27,62.41,800,
09:37:27,62.42,2500,
09:37:27,62.42,100,
09:37:28,62.43,500,
09:37:28,62.4299,410,
09:37:29,62.42,200,
09:37:30,62.421,100,
09:37:30,62.419,500,
09:37:32,62.43,200,
09:37:34,62.43,600,
09:37:35,62.43,100,
09:37:36,62.42,200,
09:37:36,62.42,100,
09:37:36,62.42,500,
09:37:36,62.41,600,
09:37:36,62.42,300,
09:37:37,62.42,1200,
09:37:38,62.41,400,
09:37:38,62.41,100,
09:37:43,62.409,2500,
09:37:44,62.40,400,
09:37:44,62.40,400,
09:37:44,62.40,100,
09:37:44,62.40,200,
09:37:45,62.40,600,
09:37:45,62.40,500,
09:37:45,62.40,800,
09:37:45,62.40,500,
09:37:45,62.40,800,
09:37:45,62.40,100,
09:37:45,62.40,200,
09:37:45,62.40,100,
09:37:46,62.40,15000,
09:37:46,62.40,100,
09:37:46,62.40,100,
09:37:46,62.40,400,
09:37:46,62.40,400,
09:37:46,62.40,2100,
09:37:46,62.40,200,
09:37:46,62.40,100,
09:37:46,62.40,100,
09:37:46,62.40,100,
09:37:48,62.40,100,
09:37:48,62.40,500,
09:37:48,62.40,600,
09:37:51,62.40,2100,
09:37:51,62.40,100,
09:37:51,62.40,600,
09:37:52,62.40,500,
09:37:52,62.40,200,
09:37:52,62.40,500,
09:37:52,62.40,400,
09:37:52,62.40,9680,
09:37:52,62.40,120,
09:37:52,62.40,100,
09:37:52,62.40,200,
09:37:53,62.39,200,
09:37:53,62.39,300,
09:37:55,62.40,500,
09:37:55,62.40,200,
09:37:55,62.40,1899,
09:37:55,62.40,800,
09:37:56,62.41,100,
09:38:00,62.41,100,
09:38:00,62.41,500,
09:38:00,62.41,200,
09:38:00,62.41,700,
09:38:00,62.41,1200,
09:38:04,62.40,199,
09:38:04,62.40,3001,
09:38:04,62.40,300,
09:38:05,62.40,100,
09:38:05,62.40,800,
09:38:05,62.40,100,
09:38:13,62.40,600,
09:38:15,62.39,100,
09:38:18,62.38,400,
09:38:18,62.38,200,
09:38:18,62.38,600,
09:38:18,62.38,100,
09:38:18,62.38,100,
09:38:18,62.38,600,
09:38:19,62.38,200,
09:38:31,62.40,200,
09:38:31,62.40,100,
09:38:32,62.40,100,
09:38:33,62.4001,500,
09:38:33,62.41,100,
09:38:33,62.4095,777,
09:38:35,62.415,300,
09:38:35,62.42,100,
09:38:38,62.42,100,
09:38:38,62.42,800,
09:38:41,62.425,100,
09:38:41,62.425,200,
09:38:41,62.42,100,
09:38:41,62.41,2839,
09:38:44,62.41,100,
09:38:45,62.41,300,
09:38:45,62.4001,700,
09:38:46,62.41,300,
09:38:47,62.42,203,
09:38:48,62.419,500,
09:38:49,62.43,100,
09:38:51,62.43,400,
09:38:52,62.43,799,
09:38:53,62.44,100,
09:38:54,62.43,500,
09:38:55,62.43,500,
09:38:55,62.43,500,
09:38:55,62.43,500,
09:38:55,62.43,200,
09:38:55,62.43,100,
09:38:55,62.43,500,
09:38:55,62.43,200,
09:38:55,62.43,120,
09:38:56,62.43,300,
09:38:56,62.44,100,
09:38:58,62.45,500,
09:38:59,62.45,1100,
09:38:59,62.45,2100,
09:38:59,62.45,500,
09:39:03,62.45,900,
09:39:03,62.45,400,
09:39:03,62.45,100,
09:39:03,62.45,401,
09:39:03,62.45,1880,
09:39:03,62.45,400,
09:39:03,62.44,500,
09:39:03,62.45,200,
09:39:03,62.45,400,
09:39:04,62.4482,200,
09:39:05,62.45,800,
09:39:06,62.44,400,
09:39:07,62.44,320,
09:39:09,62.44,4000,
09:39:09,62.44,100,
09:39:12,62.45,200,
09:39:13,62.44,100,
09:39:13,62.44,200,
09:39:13,62.43,300,
09:39:13,62.43,100,
09:39:13,62.43,300,
09:39:13,62.43,200,
09:39:16,62.43,600,
09:39:16,62.43,100,
09:39:16,62.43,400,
09:39:16,62.43,400,
09:39:16,62.43,100,
09:39:16,62.43,100,
09:39:16,62.42,600,
09:39:16,62.42,200,
09:39:17,62.42,100,
09:39:22,62.42,100,
09:39:22,62.42,400,
09:39:23,62.43,400,
09:39:29,62.43,1241,
09:39:30,62.44,100,
09:39:31,62.43,900,
09:39:31,62.43,472,
09:39:31,62.43,100,
09:39:31,62.43,600,
09:39:31,62.42,1000,
09:39:31,62.42,700,
09:39:31,62.42,3800,
09:39:31,62.42,2100,
09:39:31,62.43,200,
09:39:31,62.41,1000,
09:39:31,62.41,200,
09:39:31,62.41,300,
09:39:34,62.41,1600,
09:39:34,62.41,900,
09:39:35,62.41,500,
09:39:35,62.41,200,
09:39:36,62.41,400,
09:39:37,62.41,100,
09:39:40,62.40,400,
09:39:40,62.40,200,
09:39:40,62.39,1000,
09:39:46,62.39,300,
09:39:46,62.39,3200,
09:39:46,62.39,100,
09:39:46,62.39,100,
09:39:46,62.39,100,
09:39:46,62.39,100,
09:39:48,62.37,100,
09:39:49,62.37,500,
09:39:50,62.38,451,
09:39:51,62.38,500,
09:39:51,62.37,1000,
09:39:51,62.37,200,
09:39:51,62.37,800,
09:39:51,62.37,400,
09:39:51,62.37,100,
09:39:53,62.38,100,
09:39:56,62.36,100,
09:39:56,62.36,1000,
09:39:57,62.36,300,
09:39:57,62.36,100,
09:40:00,62.35,800,
09:40:01,62.35,500,
09:40:01,62.33,400,
09:40:01,62.3399,200,
09:40:02,62.33,600,
09:40:02,62.32,900,
09:40:03,62.33,100,
09:40:04,62.33,100,
09:40:04,62.33,800,
09:40:04,62.33,400,
09:40:04,62.33,200,
09:40:04,62.34,100,
09:40:04,62.33,2100,
09:40:04,62.33,1200,
09:40:04,62.33,1300,
09:40:04,62.33,100,
09:40:04,62.33,300,
09:40:06,62.33,200,
09:40:06,62.33,100,
09:40:06,62.33,200,
09:40:07,62.33,404,
09:40:07,62.33,500,
09:40:07,62.33,500,
09:40:07,62.33,100,
09:40:09,62.33,800,
09:40:09,62.33,100,
09:40:09,62.33,100,
09:40:10,62.34,100,
09:40:12,62.34,5800,
09:40:14,62.35,423,
09:40:14,62.34,1200,
09:40:14,62.34,423,
09:40:14,62.34,325,
09:40:14,62.34,1200,
09:40:14,62.34,100,
09:40:14,62.35,300,
09:40:16,62.34,500,
09:40:19,62.34,100,
09:40:21,62.3399,418,
09:40:22,62.33,400,
09:40:22,62.33,2600,
09:40:22,62.32,200,
09:40:24,62.32,760,
09:40:26,62.32,300,
09:40:31,62.32,500,
09:40:31,62.31,100,
09:40:32,62.30,200,
09:40:32,62.30,460,
09:40:32,62.30,150,
09:40:32,62.31,400,
09:40:32,62.31,1600,
09:40:32,62.31,400,
09:40:34,62.30,159,
09:40:35,62.31,308,
09:40:35,62.31,300,
09:40:35,62.32,100,
09:40:35,62.32,200,
09:40:35,62.31,100,
09:40:35,62.31,100,
09:40:35,62.31,100,
09:40:35,62.31,200,
09:40:35,62.31,100,
09:40:35,62.31,300,
09:40:35,62.31,200,
09:40:36,62.3005,666,
09:40:36,62.31,600,
09:40:36,62.31,500,
09:40:36,62.31,400,
09:40:36,62.31,200,
09:40:38,62.3199,150,
09:40:40,62.32,100,
09:40:40,62.32,100,
09:40:40,62.32,300,
09:40:40,62.32,300,
09:40:40,62.32,800,
09:40:40,62.32,200,
09:40:40,62.32,500,
09:40:42,62.3105,400,
09:40:43,62.31,200,
09:40:43,62.31,800,
09:40:43,62.31,400,
09:40:43,62.31,1200,
09:40:43,62.31,400,
09:40:43,62.31,268,
09:40:43,62.31,100,
09:40:43,62.31,800,
09:40:43,62.31,600,
09:40:43,62.31,400,
09:40:43,62.31,500,
09:40:43,62.31,100,
09:40:43,62.31,500,
09:40:43,62.31,100,
09:40:43,62.31,100,
09:40:43,62.32,520,
09:40:43,62.32,100,
09:40:43,62.32,400,
09:40:43,62.32,500,
09:40:43,62.32,1600,
09:40:43,62.32,200,
09:40:43,62.32,100,
09:40:43,62.32,100,
09:40:43,62.32,200,
09:40:43,62.32,2000,
09:40:43,62.32,100,
09:40:44,62.32,700,
09:40:44,62.33,800,
09:40:50,62.33,400,
09:40:52,62.34,200,
09:40:52,62.34,500,
09:40:53,62.34,100,
09:40:55,62.34,4300,
09:40:55,62.35,1000,
09:41:00,62.33,100,
09:41:00,62.33,130,
09:41:00,62.33,215,
09:41:00,62.33,570,
09:41:00,62.33,1300,
09:41:00,62.33,100,
09:41:01,62.33,100,
09:41:02,62.33,200,
09:41:07,62.32,100,
09:41:07,62.32,100,
09:41:07,62.32,100,
09:41:07,62.32,600,
09:41:07,62.32,100,
09:41:08,62.32,1200,
09:41:09,62.32,400,
09:41:09,62.32,500,
09:41:12,62.32,200,
09:41:13,62.32,400,
09:41:19,62.319,200,
09:41:20,62.30,600,
09:41:21,62.31,500,
09:41:22,62.3095,1000,
09:41:22,62.31,300,
09:41:23,62.30,200,
09:41:23,62.31,100,
09:41:23,62.31,100,
09:41:28,62.301,1159,
09:41:28,62.30,341,
09:41:28,62.30,150,
09:41:28,62.30,200,
09:41:28,62.30,100,
09:41:28,62.30,100,
09:41:28,62.30,500,
09:41:28,62.30,100,
09:41:28,62.29,300,
09:41:28,62.30,800,
09:41:28,62.30,500,
09:41:29,62.30,100,
09:41:31,62.30,100,
09:41:31,62.30,2000,
09:41:31,62.30,600,
09:41:31,62.30,100,
09:41:31,62.30,100,
09:41:31,62.30,100,
09:41:31,62.30,694,
09:41:31,62.29,600,
09:41:31,62.29,100,
09:41:34,62.29,100,
09:41:34,62.29,300,
09:41:34,62.29,500,
09:41:35,62.29,100,
09:41:37,62.28,100,
09:41:37,62.29,2000,
09:41:37,62.28,1202,
09:41:38,62.28,202,
09:41:38,62.28,100,
09:41:39,62.28,400,
09:41:39,62.27,100,
09:41:39,62.27,600,
09:41:39,62.27,200,
09:41:39,62.27,200,
09:41:40,62.27,100,
09:41:43,62.26,108,
09:41:45,62.27,120,
09:41:45,62.27,400,
09:41:45,62.27,300,
09:41:45,62.27,800,
09:41:45,62.27,400,
09:41:45,62.27,500,
09:41:45,62.28,758,
09:41:45,62.28,800,
09:41:45,62.28,800,
09:41:45,62.28,1200,
09:41:45,62.28,200,
09:41:45,62.28,1502,
09:41:45,62.28,800,
09:41:45,62.28,800,
09:41:45,62.28,500,
09:41:45,62.28,4200,
09:41:46,62.27,518,
09:41:46,62.27,1200,
09:41:48,62.27,100,
09:41:51,62.27,102,
09:41:51,62.27,100,
09:41:52,62.27,500,
09:41:53,62.2701,500,
09:41:54,62.27,100,
09:41:54,62.27,400,
09:41:56,62.27,1000,
09:41:58,62.26,200,
09:41:58,62.26,192,
09:41:58,62.24,100,
09:41:58,62.24,1000,
09:41:58,62.25,300,
09:41:58,62.25,600,
09:41:58,62.25,200,
09:41:58,62.25,100,
09:41:58,62.25,250,
09:41:59,62.24,100,
09:41:59,62.24,100,
09:41:59,62.24,100,
09:41:59,62.24,500,
09:41:59,62.24,100,
09:41:59,62.24,100,
09:41:59,62.24,100,
09:41:59,62.24,414,
09:41:59,62.24,200,
09:41:59,62.24,500,
09:41:59,62.24,300,
09:41:59,62.24,500,
09:41:59,62.24,600,
09:41:59,62.23,200,
09:41:59,62.23,600,
09:41:59,62.22,100,
09:42:00,62.22,500,
09:42:00,62.22,500,
09:42:00,62.22,700,
09:42:00,62.22,100,
09:42:00,62.23,500,
09:42:01,62.23,300,
09:42:01,62.23,800,
09:42:01,62.23,100,
09:42:01,62.23,800,
09:42:01,62.23,100,
09:42:01,62.23,1500,
09:42:01,62.23,2300,
09:42:01,62.23,600,
09:42:01,62.23,100,
09:42:01,62.23,600,
09:42:01,62.23,800,
09:42:01,62.23,100,
09:42:01,62.24,100,
09:42:01,62.24,100,
09:42:01,62.24,125,
09:42:01,62.24,200,
09:42:01,62.24,100,
09:42:01,62.24,500,
09:42:01,62.24,100,
09:42:01,62.24,100,
09:42:01,62.24,100,
09:42:01,62.24,150,
09:42:01,62.24,1500,
09:42:01,62.24,200,
09:42:01,62.24,700,
09:42:01,62.24,199,
09:42:01,62.24,800,
09:42:01,62.24,100,
09:42:01,62.25,300,
09:42:01,62.24,200,
09:42:01,62.24,200,
09:42:01,62.24,300,
09:42:03,62.23,200,
09:42:04,62.23,200,
09:42:04,62.23,100,
09:42:04,62.22,400,
09:42:04,62.22,500,
09:42:05,62.2201,100,
09:42:06,62.22,800,
09:42:06,62.22,200,
09:42:06,62.22,200,
09:42:06,62.22,400,
09:42:06,62.22,400,
09:42:06,62.22,100,
09:42:06,62.22,200,
09:42:06,62.22,500,
09:42:06,62.22,400,
09:42:06,62.22,100,
09:42:06,62.22,100,
09:42:09,62.23,200,
09:42:09,62.23,100,
09:42:09,62.22,200,
09:42:09,62.22,100,
09:42:09,62.22,100,
09:42:09,62.22,600,
09:42:09,62.22,200,
09:42:09,62.22,400,
09:42:10,62.2299,400,
09:42:13,62.23,100,
09:42:15,62.23,100,
09:42:15,62.23,100,
09:42:15,62.23,100,
09:42:16,62.23,100,
09:42:17,62.22,800,
09:42:18,62.22,400,
09:42:18,62.22,242,
09:42:19,62.2195,400,
09:42:20,62.21,300,
09:42:21,62.22,200,
09:42:24,62.21,100,
09:42:24,62.21,600,
09:42:25,62.21,800,
09:42:25,62.21,500,
09:42:25,62.21,500,
09:42:25,62.219,7000,
09:42:28,62.22,800,
09:42:28,62.22,1600,
09:42:28,62.22,100,
09:42:28,62.22,100,
09:42:28,62.22,2500,
09:42:28,62.22,200,
09:42:28,62.22,400,
09:42:28,62.22,200,
09:42:28,62.22,900,
09:42:28,62.22,800,
09:42:28,62.22,25750,
09:42:28,62.22,200,
09:42:28,62.22,300,
09:42:29,62.22,400,
09:42:29,62.22,200,
09:42:29,62.22,700,
09:42:29,62.22,400,
09:42:29,62.23,400,
09:42:30,62.23,100,
09:42:34,62.22,400,
09:42:34,62.22,300,
09:42:35,62.225,200,
09:42:35,62.22,300,
09:42:35,62.21,467,
09:42:35,62.22,300,
09:42:36,62.22,200,
09:42:36,62.22,600,
09:42:37,62.21,400,
09:42:37,62.21,300,
09:42:37,62.22,200,
09:42:43,62.2005,100,
09:42:45,62.20,200,
09:42:45,62.20,336,
09:42:45,62.20,536,
09:42:45,62.20,500,
09:42:45,62.19,190,
09:42:45,62.19,100,
09:42:45,62.19,100,
09:42:45,62.19,100,
09:42:45,62.19,300,
09:42:45,62.19,100,
09:42:45,62.19,200,
09:42:46,62.18,100,
09:42:46,62.1801,200,
09:42:46,62.18,200,
09:42:46,62.18,100,
09:42:46,62.18,100,
09:42:46,62.18,120,
09:42:46,62.18,400,
09:42:46,62.18,500,
09:42:46,62.18,300,
09:42:47,62.17,400,
09:42:47,62.17,100,
09:42:48,62.17,200,
09:42:48,62.17,800,
09:42:48,62.17,497,
09:42:48,62.17,135,
09:42:48,62.17,800,
09:42:48,62.1601,100,
09:42:48,62.16,200,
09:42:48,62.16,100,
09:42:48,62.16,200,
09:42:48,62.16,2100,
09:42:48,62.16,100,
09:42:48,62.16,100,
09:42:49,62.16,100,
09:42:49,62.15,200,
09:42:49,62.15,2800,
09:42:49,62.15,200,
09:42:51,62.16,501,
09:42:51,62.16,500,
09:42:51,62.16,600,
09:42:51,62.16,100,
09:42:51,62.17,200,
09:42:51,62.16,900,
09:42:53,62.17,300,
09:42:54,62.16,600,
09:42:54,62.16,500,
09:42:54,62.16,500,
09:42:54,62.16,900,
09:42:54,62.16,100,
09:42:54,62.16,800,
09:42:54,62.16,100,
09:42:54,62.16,200,
09:42:54,62.16,800,
09:42:54,62.16,100,
09:42:54,62.16,175,
09:42:55,62.17,500,
09:42:55,62.16,400,
09:42:55,62.16,400,
09:42:55,62.16,100,
09:42:56,62.16,800,
09:42:56,62.159,300,
09:42:56,62.159,400,
09:42:56,62.16,131,
09:42:56,62.16,400,
09:42:56,62.16,100,
09:42:56,62.1601,200,
09:42:56,62.16,200,
09:42:56,62.16,200,
09:42:57,62.16,200,
09:43:00,62.17,100,
09:43:00,62.17,500,
09:43:00,62.17,500,
09:43:00,62.17,100,
09:43:00,62.17,100,
09:43:00,62.17,700,
09:43:00,62.17,100,
09:43:00,62.17,100,
09:43:00,62.17,100,
09:43:01,62.17,169,
09:43:01,62.16,200,
09:43:01,62.17,200,
09:43:01,62.17,500,
09:43:01,62.169,500,
09:43:01,62.17,100,
09:43:02,62.17,200,
09:43:02,62.17,500,
09:43:02,62.17,100,
09:43:02,62.17,400,
09:43:02,62.17,100,
09:43:02,62.17,403,
09:43:02,62.17,500,
09:43:02,62.17,938,
09:43:02,62.18,600,
09:43:02,62.19,4500,
09:43:02,62.18,800,
09:43:02,62.18,200,
09:43:02,62.18,800,
09:43:02,62.17,200,
09:43:02,62.17,400,
09:43:02,62.17,600,
09:43:02,62.17,500,
09:43:02,62.17,1100,
09:43:02,62.17,100,
09:43:02,62.17,347,
09:43:02,62.17,500,
09:43:04,62.18,300,
09:43:04,62.18,500,
09:43:04,62.17,1500,
09:43:04,62.17,400,
09:43:04,62.18,200,
09:43:04,62.17,100,
09:43:04,62.18,100,
09:43:04,62.17,400,
09:43:04,62.17,200,
09:43:04,62.17,400,
09:43:04,62.18,2500,
09:43:04,62.18,800,
09:43:04,62.18,200,
09:43:04,62.18,800,
09:43:04,62.18,200,
09:43:04,62.17,2000,
09:43:04,62.18,100,
09:43:04,62.18,500,
09:43:04,62.18,100,
09:43:04,62.18,100,
09:43:04,62.18,300,
09:43:04,62.18,200,
09:43:04,62.18,4500,
09:43:04,62.18,200,
09:43:04,62.18,500,
09:43:04,62.18,800,
09:43:04,62.18,800,
09:43:04,62.18,200,
09:43:04,62.18,1000,
09:43:04,62.18,200,
09:43:04,62.18,800,
09:43:04,62.18,200,
09:43:04,62.18,500,
09:43:04,62.18,200,
09:43:04,62.18,1500,
09:43:04,62.18,300,
09:43:04,62.18,300,
09:43:05,62.17,300,
09:43:05,62.1701,200,
09:43:06,62.17,200,
09:43:06,62.18,300,
09:43:06,62.18,300,
09:43:08,62.18,800,
09:43:08,62.19,300,
09:43:08,62.18,100,
09:43:08,62.18,100,
09:43:08,62.18,200,
09:43:08,62.18,100,
09:43:08,62.18,200,
09:43:08,62.18,800,
09:43:08,62.18,1600,
09:43:10,62.179,2000,
09:43:12,62.18,100,
09:43:12,62.18,1700,
09:43:14,62.18,200,
09:43:14,62.18,500,
09:43:14,62.18,500,
09:43:16,62.1901,400,
09:43:16,62.19,400,
09:43:16,62.19,500,
09:43:16,62.19,100,
09:43:16,62.19,800,
09:43:16,62.19,100,
09:43:16,62.19,400,
09:43:16,62.19,100,
09:43:16,62.19,600,
09:43:16,62.19,100,
09:43:16,62.19,100,
09:43:16,62.19,500,
09:43:16,62.19,400,
09:43:16,62.19,100,
09:43:16,62.19,100,
09:43:16,62.19,450,
09:43:16,62.19,600,
09:43:16,62.19,600,
09:43:16,62.19,600,
09:43:16,62.18,502,
09:43:18,62.1909,1800,
09:43:19,62.1995,500,
09:43:21,62.20,1000,
09:43:21,62.20,500,
09:43:21,62.20,400,
09:43:21,62.20,300,
09:43:23,62.20,500,
09:43:24,62.20,401,
09:43:25,62.20,800,
09:43:25,62.20,100,
09:43:27,62.1999,100,
09:43:32,62.20,100,
09:43:32,62.20,100,
09:43:33,62.21,500,
09:43:33,62.21,100,
09:43:33,62.21,100,
09:43:33,62.21,150,
09:43:33,62.21,500,
09:43:33,62.21,400,
09:43:34,62.21,500,
09:43:34,62.21,100,
09:43:34,62.21,100,
09:43:36,62.205,300,
09:43:36,62.21,100,
09:43:37,62.21,301,
09:43:37,62.21,400,
09:43:37,62.21,200,
09:43:39,62.21,400,
09:43:39,62.21,300,
09:43:40,62.21,500,
09:43:40,62.21,100,
09:43:44,62.21,100,
09:43:44,62.21,100,
09:43:44,62.21,700,
09:43:46,62.21,287,
09:43:46,62.21,400,
09:43:46,62.21,313,
09:43:46,62.20,100,
09:43:46,62.20,100,
09:43:46,62.20,100,
09:43:46,62.20,100,
09:43:48,62.20,500,
09:43:54,62.21,100,
09:43:54,62.205,400,
09:43:54,62.21,1200,
09:43:54,62.209,200,
09:43:54,62.205,500,
09:43:54,62.205,500,
09:43:54,62.21,1200,
09:43:54,62.21,1000,
09:43:54,62.205,700,
09:43:54,62.205,500,
09:43:54,62.205,800,
09:43:55,62.205,20100,
09:43:55,62.21,8300,
09:43:56,62.21,400,
09:43:56,62.205,100,
09:43:56,62.20,100,
09:43:56,62.20,100,
09:43:56,62.205,100,
09:43:56,62.205,100,
09:43:56,62.205,100,
09:43:57,62.20,100,
09:43:57,62.20,800,
09:43:57,62.20,1500,
09:43:57,62.20,100,
09:43:58,62.20,2300,
09:43:58,62.20,100,
09:43:58,62.20,100,
09:43:58,62.20,100,
09:43:58,62.20,200,
09:43:59,62.20,388,
09:43:59,62.20,500,
09:43:59,62.20,100,
09:43:59,62.20,500,
09:43:59,62.20,800,
09:44:00,62.20,500,
09:44:00,62.20,100,
09:44:00,62.20,100,
09:44:00,62.20,100,
09:44:00,62.20,800,
09:44:00,62.20,800,
09:44:00,62.20,200,
09:44:00,62.20,400,
09:44:01,62.20,500,
09:44:04,62.20,100,
09:44:05,62.20,1200,
09:44:10,62.19,100,
09:44:12,62.20,100,
09:44:13,62.20,649,
09:44:13,62.20,249,
09:44:13,62.20,600,
09:44:13,62.20,100,
09:44:13,62.20,100,
09:44:13,62.20,100,
09:44:13,62.20,1100,
09:44:14,62.20,100,
09:44:15,62.205,1200,
09:44:15,62.205,400,
09:44:15,62.205,2300,
09:44:15,62.21,1200,
09:44:15,62.21,8000,
09:44:15,62.21,1200,
09:44:15,62.2075,900,
09:44:15,62.205,1400,
09:44:15,62.205,900,
09:44:15,62.205,500,
09:44:15,62.205,300,
09:44:15,62.21,467,
09:44:15,62.205,500,
09:44:15,62.21,200,
09:44:16,62.21,1100,
09:44:16,62.205,100,
09:44:16,62.205,200,
09:44:16,62.2075,900,
09:44:16,62.209,200,
09:44:16,62.22,100,
09:44:16,62.22,500,
09:44:16,62.22,600,
09:44:16,62.205,300,
09:44:16,62.209,200,
09:44:16,62.21,1800,
09:44:16,62.205,800,
09:44:16,62.21,1500,
09:44:16,62.2075,901,
09:44:16,62.2075,800,
09:44:16,62.205,200,
09:44:16,62.205,200,
09:44:16,62.21,400,
09:44:16,62.21,10000,
09:44:17,62.21,100,
09:44:17,62.21,200,
09:44:17,62.21,500,
09:44:18,62.205,900,
09:44:18,62.205,500,
09:44:20,62.205,815,
09:44:22,62.205,1300,
09:44:22,62.21,300,
09:44:22,62.205,1800,
09:44:22,62.205,2300,
09:44:23,62.21,1730,
09:44:23,62.205,2270,
09:44:23,62.21,200,
09:44:23,62.205,500,
09:44:23,62.21,300,
09:44:23,62.21,100,
09:44:27,62.19,200,
09:44:27,62.20,800,
09:44:27,62.20,3200,
09:44:27,62.20,1600,
09:44:27,62.20,500,
09:44:28,62.20,170,
09:44:28,62.19,200,
09:44:28,62.19,800,
09:44:28,62.19,400,
09:44:28,62.19,300,
09:44:28,62.19,200,
09:44:28,62.19,200,
09:44:30,62.19,200,
09:44:37,62.19,500,
09:44:37,62.19,800,
09:44:37,62.19,100,
09:44:37,62.19,100,
09:44:37,62.19,400,
09:44:39,62.19,600,
09:44:39,62.19,100,
09:44:41,62.20,200,
09:44:50,62.20,100,
09:44:50,62.20,100,
09:44:50,62.20,100,
09:44:50,62.20,300,
09:44:50,62.20,100,
09:44:54,62.209,6300,
09:44:54,62.209,4700,
09:44:57,62.21,100,
09:44:58,62.20,500,
09:44:58,62.20,200,
09:44:59,62.19,200,
09:44:59,62.19,300,
09:45:00,62.19,600,
09:45:01,62.18,400,
09:45:03,62.179,100,
09:45:03,62.17,100,
09:45:05,62.17,800,
09:45:05,62.18,200,
09:45:05,62.18,100,
09:45:08,62.18,200,
09:45:10,62.18,200,
09:45:11,62.17,200,
09:45:12,62.18,500,
09:45:13,62.19,506,
09:45:13,62.19,294,
09:45:13,62.19,100,
09:45:13,62.19,800,
09:45:13,62.19,1500,
09:45:13,62.19,200,
09:45:13,62.19,200,
09:45:13,62.18,1200,
09:45:13,62.18,100,
09:45:13,62.18,2300,
09:45:13,62.18,300,
09:45:13,62.182,185,
09:45:14,62.19,500,
09:45:14,62.20,100,
09:45:14,62.20,100,
09:45:14,62.20,500,
09:45:14,62.20,100,
09:45:15,62.20,100,
09:45:15,62.20,200,
09:45:15,62.20,900,
09:45:15,62.20,100,
09:45:15,62.20,681,
09:45:15,62.20,700,
09:45:15,62.20,500,
09:45:15,62.20,500,
09:45:15,62.20,500,
09:45:15,62.20,900,
09:45:15,62.20,1000,
09:45:15,62.20,400,
09:45:16,62.19,500,
09:45:16,62.19,100,
09:45:23,62.1901,100,
09:45:23,62.19,100,
09:45:23,62.19,100,
09:45:26,62.19,592,
09:45:26,62.19,208,
09:45:32,62.20,400,
09:45:34,62.20,100,
09:45:34,62.20,300,
09:45:35,62.20,400,
09:45:37,62.20,200,
09:45:38,62.20,100,
09:45:38,62.20,100,
09:45:38,62.20,400,
09:45:38,62.20,500,
09:45:38,62.20,210,
09:45:38,62.20,500,
09:45:38,62.20,1300,
09:45:38,62.20,100,
09:45:38,62.20,2500,
09:45:38,62.20,500,
09:45:40,62.19,400,
09:45:40,62.19,100,
09:45:43,62.19,200,
09:45:46,62.20,100,
09:45:46,62.20,500,
09:45:46,62.20,100,
09:45:46,62.20,500,
09:45:46,62.20,420,
09:45:46,62.20,100,
09:45:47,62.20,500,
09:45:47,62.20,100,
09:45:47,62.20,1200,
09:45:47,62.20,200,
09:45:47,62.20,100,
09:45:47,62.20,2600,
09:45:47,62.20,100,
09:45:47,62.20,800,
09:45:47,62.20,1600,
09:45:47,62.20,800,
09:45:47,62.20,100,
09:45:47,62.20,100,
09:45:47,62.20,100,
09:45:47,62.20,500,
09:45:47,62.20,150,
09:45:47,62.20,150,
09:45:47,62.20,200,
09:45:47,62.20,100,
09:45:47,62.20,350,
09:45:47,62.20,100,
09:45:47,62.20,100,
09:45:47,62.20,2000,
09:45:47,62.20,100,
09:45:47,62.20,100,
09:45:47,62.20,100,
09:45:47,62.20,100,
09:45:47,62.20,100,
09:45:47,62.20,400,
09:45:48,62.205,100,
09:45:48,62.205,100,
09:45:48,62.205,700,
09:45:48,62.205,500,
09:45:48,62.205,500,
09:45:48,62.20,500,
09:45:49,62.2095,347,
09:45:50,62.20,100,
09:45:50,62.205,815,
09:45:51,62.2099,2500,
09:45:52,62.205,2000,
09:45:52,62.205,100,
09:45:52,62.21,500,
09:45:52,62.21,100,
09:45:52,62.21,100,
09:45:52,62.21,415,
09:45:52,62.21,315,
09:45:52,62.21,100,
09:45:52,62.205,100,
09:45:52,62.205,162,
09:45:53,62.2095,700,
09:45:54,62.205,1100,
09:45:54,62.205,2700,
09:45:54,62.205,100,
09:45:54,62.209,1900,
09:45:54,62.2075,1900,
09:45:54,62.205,100,
09:45:54,62.205,700,
09:45:54,62.205,681,
09:45:54,62.205,1085,
09:45:54,62.205,400,
09:45:54,62.21,185,
09:45:54,62.21,200,
09:45:54,62.21,200,
09:45:54,62.21,2000,
09:45:54,62.21,100,
09:45:54,62.21,100,
09:45:54,62.21,100,
09:45:54,62.21,500,
09:45:54,62.21,100,
09:45:54,62.21,500,
09:45:54,62.21,1000,
09:45:55,62.21,200,
09:45:55,62.21,400,
09:45:55,62.215,600,
09:45:57,62.215,2100,
09:46:00,62.2199,200,
09:46:01,62.2118,100,
09:46:02,62.22,400,
09:46:03,62.2101,400,
09:46:03,62.21,200,
09:46:03,62.21,300,
09:46:07,62.215,600,
09:46:07,62.215,500,
09:46:07,62.215,200,
09:46:07,62.215,700,
09:46:07,62.215,700,
09:46:07,62.215,700,
09:46:07,62.215,500,
09:46:07,62.215,100,
09:46:07,62.215,100,
09:46:07,62.215,600,
09:46:07,62.22,400,
09:46:07,62.215,1800,
09:46:07,62.23,150,
09:46:07,62.23,100,
09:46:07,62.22,2000,
09:46:07,62.22,100,
09:46:07,62.22,1200,
09:46:07,62.215,600,
09:46:07,62.215,1600,
09:46:07,62.23,200,
09:46:07,62.225,100,
09:46:07,62.225,100,
09:46:07,62.225,100,
09:46:07,62.225,100,
09:46:07,62.225,200,
09:46:07,62.225,200,
09:46:08,62.23,230,
09:46:08,62.23,1000,
09:46:08,62.225,1000,
09:46:08,62.225,400,
09:46:08,62.23,700,
09:46:08,62.225,100,
09:46:08,62.225,100,
09:46:08,62.225,100,
09:46:08,62.225,100,
09:46:08,62.225,100,
09:46:08,62.225,100,
09:46:08,62.225,100,
09:46:08,62.225,100,
09:46:08,62.215,700,
09:46:09,62.24,500,
09:46:10,62.22,1700,
09:46:13,62.235,100,
09:46:13,62.235,1900,
09:46:13,62.24,100,
09:46:13,62.24,100,
09:46:13,62.235,400,
09:46:13,62.235,100,
09:46:13,62.235,1000,
09:46:13,62.235,100,
09:46:13,62.235,400,
09:46:13,62.25,100,
09:46:13,62.2375,400,
09:46:13,62.235,100,
09:46:14,62.25,300,
09:46:14,62.25,200,
09:46:15,62.2401,500,
09:46:15,62.245,100,
09:46:16,62.24,300,
09:46:16,62.25,400,
09:46:16,62.24,900,
09:46:16,62.24,1000,
09:46:16,62.24,100,
09:46:16,62.245,100,
09:46:16,62.24,400,
09:46:16,62.24,200,
09:46:16,62.24,500,
09:46:16,62.24,800,
09:46:17,62.24,200,
09:46:17,62.24,100,
09:46:19,62.2495,1000,
09:46:19,62.25,900,
09:46:19,62.25,1000,
09:46:19,62.25,500,
09:46:19,62.25,300,
09:46:19,62.25,500,
09:46:19,62.25,800,
09:46:19,62.25,200,
09:46:19,62.25,100,
09:46:19,62.25,400,
09:46:19,62.25,100,
09:46:19,62.25,800,
09:46:19,62.25,100,
09:46:19,62.245,300,
09:46:19,62.245,500,
09:46:19,62.245,300,
09:46:19,62.245,100,
09:46:19,62.25,400,
09:46:19,62.26,430,
09:46:19,62.26,500,
09:46:19,62.26,110,
09:46:19,62.26,410,
09:46:19,62.26,500,
09:46:19,62.26,800,
09:46:19,62.26,500,
09:46:19,62.26,200,
09:46:19,62.26,2600,
09:46:19,62.26,300,
09:46:19,62.25,200,
09:46:19,62.241,190,
09:46:20,62.25,300,
09:46:21,62.24,500,
09:46:23,62.249,100,
09:46:29,62.24,800,
09:46:29,62.24,100,
09:46:29,62.24,1000,
09:46:29,62.23,300,
09:46:31,62.24,801,
09:46:31,62.24,100,
09:46:31,62.24,1200,
09:46:31,62.24,100,
09:46:31,62.24,2000,
09:46:31,62.24,100,
09:46:31,62.24,100,
09:46:31,62.24,800,
09:46:31,62.24,600,
09:46:31,62.24,200,
09:46:33,62.24,100,
09:46:34,62.24,100,
09:46:35,62.23,200,
09:46:37,62.24,200,
09:46:39,62.24,100,
09:46:40,62.2401,200,
09:46:40,62.24,100,
09:46:40,62.24,200,
09:46:40,62.24,200,
09:46:42,62.24,100,
09:46:43,62.24,200,
09:46:44,62.245,200,
09:46:44,62.25,200,
09:46:46,62.24,100,
09:46:48,62.25,100,
09:46:49,62.23,200,
09:46:50,62.24,1200,
09:46:50,62.24,400,
09:46:51,62.24,200,
09:46:52,62.24,500,
09:46:52,62.23,100,
09:46:52,62.25,100,
09:46:52,62.239,100,
09:46:53,62.23,1000,
09:46:53,62.225,200,
09:46:54,62.22,100,
09:46:54,62.22,100,
09:46:55,62.225,200,
09:46:55,62.229,100,
09:46:56,62.229,1000,
09:46:57,62.22,200,
09:47:00,62.2299,300,
09:47:00,62.22,100,
09:47:01,62.23,500,
09:47:01,62.23,800,
09:47:02,62.229,200,
09:47:02,62.2289,200,
09:47:10,62.23,100,
09:47:10,62.23,300,
09:47:10,62.23,100,
09:47:10,62.24,165,
09:47:10,62.24,235,
09:47:10,62.24,500,
09:47:10,62.25,100,
09:47:12,62.249,300,
09:47:12,62.249,400,
09:47:13,62.25,100,
09:47:13,62.25,100,
09:47:13,62.25,100,
09:47:13,62.25,200,
09:47:13,62.25,100,
09:47:13,62.25,100,
09:47:13,62.2518,100,
09:47:13,62.25,100,
09:47:14,62.25,400,
09:47:14,62.25,100,
09:47:14,62.24,200,
09:47:18,62.24,100,
09:47:19,62.24,200,
09:47:21,62.24,100,
09:47:22,62.2499,400,
09:47:22,62.25,100,
09:47:22,62.25,100,
09:47:22,62.25,500,
09:47:22,62.25,300,
09:47:24,62.25,500,
09:47:25,62.25,200,
09:47:28,62.2591,230,
09:47:29,62.25,100,
09:47:29,62.25,100,
09:47:29,62.25,200,
09:47:29,62.25,1080,
09:47:29,62.25,500,
09:47:29,62.25,100,
09:47:29,62.25,400,
09:47:29,62.25,400,
09:47:29,62.25,500,
09:47:29,62.25,800,
09:47:29,62.25,100,
09:47:29,62.25,100,
09:47:29,62.25,500,
09:47:29,62.25,100,
09:47:29,62.25,500,
09:47:29,62.25,800,
09:47:29,62.25,800,
09:47:29,62.25,1300,
09:47:29,62.25,400,
09:47:30,62.24,200,
09:47:33,62.25,200,
09:47:33,62.25,200,
09:47:33,62.25,300,
09:47:33,62.25,100,
09:47:34,62.25,300,
09:47:37,62.24,100,
09:47:37,62.24,800,
09:47:39,62.23,200,
09:47:40,62.23,400,
09:47:40,62.23,100,
09:47:40,62.23,100,
09:47:42,62.23,200,
09:47:44,62.23,100,
09:47:45,62.23,200,
09:47:46,62.23,100,
09:47:46,62.23,100,
09:47:46,62.23,100,
09:47:47,62.23,200,
09:47:48,62.24,500,
09:47:48,62.24,700,
09:47:48,62.24,100,
09:47:49,62.24,300,
09:47:49,62.24,100,
09:47:51,62.24,200,
09:47:53,62.23,150,
09:47:54,62.23,200,
09:47:55,62.24,100,
09:47:56,62.24,200,
09:47:57,62.2499,3200,
09:47:59,62.24,200,
09:48:03,62.25,200,
09:48:03,62.25,300,
09:48:03,62.25,200,
09:48:07,62.25,200,
09:48:09,62.26,200,
09:48:11,62.25,1200,
09:48:12,62.25,100,
09:48:12,62.25,301,
09:48:12,62.25,100,
09:48:12,62.25,600,
09:48:13,62.24,100,
09:48:13,62.24,100,
09:48:13,62.258,800,
09:48:13,62.23,200,
09:48:15,62.225,200,
09:48:15,62.23,300,
09:48:15,62.23,400,
09:48:15,62.23,800,
09:48:15,62.23,300,
09:48:15,62.23,263,
09:48:17,62.24,200,
09:48:18,62.23,200,
09:48:21,62.22,1200,
09:48:21,62.22,200,
09:48:21,62.22,1800,
09:48:22,62.22,200,
09:48:24,62.22,200,
09:48:27,62.21,200,
09:48:30,62.21,1053,
09:48:30,62.21,1572,
09:48:30,62.20,100,
09:48:30,62.21,1300,
09:48:30,62.21,100,
09:48:32,62.21,400,
09:48:32,62.21,600,
09:48:32,62.208,500,
09:48:33,62.21,299,
09:48:33,62.21,369,
09:48:33,62.22,1000,
09:48:34,62.21,200,
09:48:36,62.21,200,
09:48:37,62.21,100,
09:48:37,62.217,200,
09:48:38,62.21,100,
09:48:40,62.21,171,
09:48:40,62.21,270,
09:48:40,62.21,929,
09:48:40,62.21,100,
09:48:40,62.21,100,
09:48:40,62.21,100,
09:48:40,62.21,100,
09:48:41,62.21,200,
09:48:44,62.21,200,
09:48:48,62.21,200,
09:48:50,62.22,300,
09:48:50,62.22,100,
09:48:51,62.22,500,
09:48:51,62.21,200,
09:48:51,62.21,500,
09:48:51,62.21,745,
09:48:51,62.21,400,
09:48:51,62.21,200,
09:48:53,62.20,200,
09:48:56,62.21,100,
09:48:56,62.21,200,
09:48:58,62.21,200,
09:48:58,62.21,100,
09:48:59,62.21,400,
09:48:59,62.21,100,
09:49:00,62.20,100,
09:49:02,62.20,200,
09:49:05,62.20,100,
09:49:06,62.20,1000,
09:49:08,62.20,1600,
09:49:08,62.20,400,
09:49:08,62.20,923,
09:49:08,62.20,568,
09:49:08,62.19,200,
09:49:08,62.19,600,
09:49:08,62.19,600,
09:49:08,62.19,200,
09:49:09,62.19,100,
09:49:10,62.19,800,
09:49:10,62.19,200,
09:49:10,62.19,800,
09:49:10,62.19,100,
09:49:10,62.19,300,
09:49:10,62.19,400,
09:49:11,62.19,2500,
09:49:12,62.19,100,
09:49:14,62.18,2100,
09:49:14,62.18,3200,
09:49:14,62.18,300,
09:49:14,62.18,1500,
09:49:14,62.18,120,
09:49:14,62.18,800,
09:49:17,62.17,1300,
09:49:17,62.17,200,
09:49:17,62.18,100,
09:49:17,62.18,100,
09:49:19,62.17,200,
09:49:20,62.17,100,
09:49:20,62.17,100,
09:49:21,62.17,120,
09:49:21,62.17,500,
09:49:21,62.1795,1000,
09:49:22,62.17,200,
09:49:25,62.18,200,
09:49:25,62.18,500,
09:49:25,62.18,400,
09:49:25,62.19,100,
09:49:25,62.19,500,
09:49:25,62.19,400,
09:49:26,62.19,284,
09:49:26,62.19,284,
09:49:26,62.19,316,
09:49:26,62.19,376,
09:49:26,62.19,100,
09:49:26,62.19,100,
09:49:26,62.19,200,
09:49:28,62.19,300,
09:49:28,62.19,500,
09:49:28,62.19,500,
09:49:28,62.191,500,
09:49:29,62.19,100,
09:49:32,62.20,100,
09:49:32,62.20,500,
09:49:32,62.20,200,
09:49:33,62.19,200,
09:49:37,62.19,200,
09:49:38,62.19,100,
09:49:40,62.19,200,
09:49:42,62.19,200,
09:49:46,62.19,800,
09:49:46,62.1911,100,
09:49:47,62.18,600,
09:49:47,62.18,100,
09:49:48,62.18,100,
09:49:50,62.18,100,
09:49:51,62.17,200,
09:49:52,62.1791,175,
09:49:57,62.179,300,
09:50:00,62.17,100,
09:50:00,62.17,200,
09:50:00,62.17,200,
09:50:00,62.17,200,
09:50:00,62.17,500,
09:50:00,62.17,100,
09:50:01,62.17,100,
09:50:01,62.17,700,
09:50:01,62.17,200,
09:50:02,62.16,800,
09:50:02,62.16,500,
09:50:02,62.15,100,
09:50:04,62.15,100,
09:50:05,62.15,800,
09:50:05,62.15,600,
09:50:05,62.15,500,
09:50:05,62.15,400,
09:50:05,62.15,1000,
09:50:05,62.15,1100,
09:50:06,62.14,100,
09:50:06,62.15,100,
09:50:06,62.15,100,
09:50:06,62.15,633,
09:50:06,62.15,3200,
09:50:06,62.15,100,
09:50:06,62.15,100,
09:50:06,62.15,100,
09:50:06,62.15,200,
09:50:06,62.15,400,
09:50:06,62.15,100,
09:50:06,62.15,100,
09:50:06,62.15,100,
09:50:07,62.14,2700,
09:50:07,62.14,1600,
09:50:07,62.14,100,
09:50:07,62.14,500,
09:50:07,62.14,100,
09:50:07,62.14,250,
09:50:07,62.14,600,
09:50:07,62.14,1250,
09:50:07,62.14,1750,
09:50:07,62.14,400,
09:50:07,62.14,1000,
09:50:08,62.13,100,
09:50:08,62.13,100,
09:50:08,62.14,300,
09:50:09,62.15,200,
09:50:09,62.15,400,
09:50:09,62.15,500,
09:50:09,62.15,100,
09:50:09,62.15,500,
09:50:09,62.15,120,
09:50:09,62.15,248,
09:50:10,62.14,100,
09:50:19,62.15,200,
09:50:20,62.15,100,
09:50:20,62.141,6000,
09:50:21,62.15,100,
09:50:21,62.15,400,
09:50:23,62.1511,1000,
09:50:27,62.15,500,
09:50:28,62.15,500,
09:50:28,62.15,100,
09:50:33,62.1511,1700,
09:50:37,62.15,100,
09:50:38,62.14,100,
09:50:39,62.14,200,
09:50:40,62.14,300,
09:50:44,62.14,200,
09:50:44,62.141,7000,
09:50:45,62.13,100,
09:50:45,62.13,1100,
09:50:47,62.1255,336,
09:50:48,62.12,400,
09:50:48,62.13,1000,
09:50:48,62.13,300,
09:50:48,62.13,800,
09:50:48,62.13,500,
09:50:53,62.12,100,
09:50:55,62.13,700,
09:50:56,62.12,200,
09:50:56,62.12,150,
09:50:57,62.10,700,
09:50:57,62.10,100,
09:50:57,62.11,100,
09:50:57,62.11,800,
09:50:57,62.11,3200,
09:50:57,62.10,100,
09:50:57,62.10,100,
09:50:57,62.10,1600,
09:50:58,62.11,100,
09:50:58,62.11,400,
09:51:00,62.10,200,
09:51:03,62.10,100,
09:51:04,62.11,1300,
09:51:04,62.11,200,
09:51:05,62.11,1000,
09:51:05,62.11,100,
09:51:07,62.11,138,
09:51:08,62.11,362,
09:51:09,62.11,1000,
09:51:11,62.11,757,
09:51:11,62.11,100,
09:51:11,62.11,100,
09:51:11,62.11,100,
09:51:11,62.11,100,
09:51:11,62.11,100,
09:51:11,62.11,100,
09:51:12,62.11,300,
09:51:12,62.11,100,
09:51:12,62.11,100,
09:51:12,62.11,100,
09:51:12,62.11,2400,
09:51:12,62.11,100,
09:51:12,62.11,100,
09:51:12,62.11,100,
09:51:12,62.11,100,
09:51:12,62.11,400,
09:51:12,62.11,100,
09:51:12,62.11,700,
09:51:12,62.11,100,
09:51:13,62.11,100,
09:51:17,62.12,100,
09:51:17,62.12,700,
09:51:17,62.12,500,
09:51:17,62.12,800,
09:51:17,62.12,600,
09:51:17,62.12,100,
09:51:17,62.12,800,
09:51:17,62.12,500,
09:51:22,62.12,1300,
09:51:22,62.12,700,
09:51:22,62.12,400,
09:51:22,62.12,300,
09:51:22,62.12,500,
09:51:22,62.12,286,
09:51:22,62.12,100,
09:51:22,62.12,200,
09:51:22,62.12,400,
09:51:22,62.12,100,
09:51:22,62.12,2114,
09:51:22,62.12,400,
09:51:22,62.12,100,
09:51:22,62.12,700,
09:51:22,62.12,100,
09:51:22,62.12,500,
09:51:23,62.12,868,
09:51:23,62.12,732,
09:51:23,62.12,400,
09:51:23,62.129,1500,
09:51:32,62.12,100,
09:51:32,62.12,100,
09:51:32,62.12,700,
09:51:34,62.1199,1000,
09:51:37,62.1189,200,
09:51:43,62.11,200,
09:51:43,62.11,400,
09:51:43,62.11,200,
09:51:43,62.11,100,
09:51:50,62.11,500,
09:51:51,62.11,100,
09:51:52,62.11,100,
09:51:52,62.11,300,
09:51:54,62.11,800,
09:51:54,62.11,800,
09:51:54,62.11,100,
09:51:54,62.11,100,
09:51:54,62.11,800,
09:51:54,62.11,400,
09:51:56,62.11,100,
09:51:57,62.10,600,
09:52:00,62.11,1000,
09:52:03,62.10,200,
09:52:05,62.11,400,
09:52:05,62.12,100,
09:52:05,62.12,200,
09:52:07,62.1101,100,
09:52:09,62.11,600,
09:52:09,62.11,100,
09:52:09,62.11,1599,
09:52:09,62.11,501,
09:52:09,62.11,3200,
09:52:09,62.10,700,
09:52:09,62.10,400,
09:52:11,62.11,100,
09:52:11,62.11,500,
09:52:12,62.1182,300,
09:52:14,62.11,200,
09:52:14,62.11,852,
09:52:14,62.11,148,
09:52:14,62.11,300,
09:52:19,62.12,200,
09:52:20,62.12,300,
09:52:20,62.12,200,
09:52:20,62.12,300,
09:52:20,62.12,15000,
09:52:20,62.12,500,
09:52:20,62.12,200,
09:52:20,62.13,400,
09:52:20,62.13,100,
09:52:20,62.13,200,
09:52:20,62.13,400,
09:52:20,62.13,500,
09:52:20,62.13,100,
09:52:20,62.13,380,
09:52:20,62.13,200,
09:52:20,62.13,600,
09:52:20,62.13,100,
09:52:20,62.13,900,
09:52:22,62.14,100,
09:52:23,62.14,500,
09:52:33,62.138,800,
09:52:34,62.14,100,
09:52:34,62.14,100,
09:52:35,62.14,400,
09:52:36,62.14,500,
09:52:36,62.14,200,
09:52:36,62.14,100,
09:52:36,62.14,100,
09:52:36,62.14,100,
09:52:38,62.149,1000,
09:52:48,62.15,500,
09:52:48,62.15,500,
09:52:49,62.16,300,
09:52:49,62.1699,700,
09:52:49,62.17,100,
09:52:50,62.17,300,
09:52:51,62.17,300,
09:52:52,62.17,800,
09:52:52,62.17,200,
09:52:52,62.17,100,
09:52:52,62.17,1700,
09:52:52,62.17,100,
09:52:52,62.17,100,
09:52:52,62.17,200,
09:52:54,62.17,500,
09:52:55,62.16,600,
09:52:55,62.16,600,
09:52:56,62.1645,200,
09:52:56,62.16,300,
09:52:56,62.16,500,
09:52:59,62.16,200,
09:52:59,62.16,500,
09:53:00,62.1505,200,
09:53:05,62.16,300,
09:53:10,62.17,500,
09:53:12,62.18,500,
09:53:13,62.18,100,
09:53:14,62.19,500,
09:53:14,62.19,1824,
09:53:14,62.19,200,
09:53:14,62.19,100,
09:53:14,62.19,1600,
09:53:14,62.19,100,
09:53:18,62.19,700,
09:53:19,62.19,300,
09:53:21,62.18,400,
09:53:23,62.189,1500,
09:53:37,62.18,600,
09:53:37,62.18,200,
09:53:39,62.19,174,
09:53:39,62.19,200,
09:53:39,62.19,226,
09:53:39,62.19,100,
09:53:42,62.19,500,
09:53:42,62.19,400,
09:53:42,62.19,200,
09:53:42,62.19,500,
09:53:42,62.19,800,
09:53:48,62.20,100,
09:53:50,62.20,167,
09:53:53,62.1978,100,
09:53:53,62.1984,300,
09:53:56,62.19,500,
09:53:56,62.19,100,
09:53:56,62.18,200,
09:53:57,62.1846,557,
09:54:05,62.18,300,
09:54:05,62.18,100,
09:54:05,62.18,100,
09:54:06,62.175,200,
09:54:10,62.18,500,
09:54:16,62.19,210,
09:54:17,62.18,500,
09:54:17,62.18,200,
09:54:17,62.18,100,
09:54:17,62.18,100,
09:54:22,62.18,300,
09:54:26,62.18,180,
09:54:30,62.18,500,
09:54:31,62.18,200,
09:54:38,62.18,200,
09:54:38,62.18,500,
09:54:50,62.18,300,
09:54:50,62.18,200,
09:54:53,62.18,100,
09:54:57,62.18,299,
09:54:57,62.18,400,
09:54:57,62.18,100,
09:54:57,62.18,1300,
09:54:59,62.17,3200,
09:54:59,62.17,100,
09:54:59,62.17,100,
09:54:59,62.16,100,
09:54:59,62.16,500,
09:55:00,62.17,200,
09:55:01,62.17,300,
09:55:02,62.17,500,
09:55:03,62.1783,1600,
09:55:05,62.17,100,
09:55:05,62.17,200,
09:55:07,62.17,800,
09:55:07,62.17,500,
09:55:07,62.17,100,
09:55:07,62.17,100,
09:55:07,62.17,100,
09:55:07,62.17,200,
09:55:07,62.17,100,
09:55:07,62.17,300,
09:55:07,62.17,200,
09:55:07,62.17,200,
09:55:09,62.18,300,
09:55:18,62.18,1800,
09:55:18,62.18,100,
09:55:18,62.18,100,
09:55:22,62.18,800,
09:55:24,62.18,1000,
09:55:25,62.19,100,
09:55:25,62.19,100,
09:55:26,62.19,200,
09:55:26,62.19,1100,
09:55:26,62.19,800,
09:55:28,62.20,500,
09:55:29,62.20,500,
09:55:32,62.19,500,
09:55:38,62.19,200,
09:55:38,62.19,500,
09:55:38,62.19,500,
09:55:38,62.19,100,
09:55:41,62.19,100,
09:55:41,62.19,500,
09:55:41,62.19,300,
09:55:42,62.19,100,
09:55:44,62.19,100,
09:55:44,62.19,460,
09:55:45,62.18,400,
09:55:45,62.19,1700,
09:55:45,62.19,1600,
09:55:45,62.19,800,
09:55:45,62.19,300,
09:55:45,62.19,500,
09:55:45,62.19,100,
09:55:45,62.19,400,
09:55:45,62.19,800,
09:55:45,62.19,100,
09:55:45,62.19,100,
09:55:45,62.19,600,
09:55:45,62.19,200,
09:55:45,62.19,800,
09:55:45,62.19,800,
09:55:45,62.19,800,
09:55:45,62.19,200,
09:55:45,62.19,200,
09:55:45,62.19,800,
09:55:45,62.19,400,
09:55:45,62.19,100,
09:55:45,62.19,200,
09:55:45,62.19,200,
09:55:47,62.19,500,
09:55:50,62.1905,1250,
09:55:52,62.20,300,
09:55:52,62.19,1547,
09:55:52,62.19,100,
09:55:52,62.19,100,
09:55:52,62.19,500,
09:55:52,62.19,1200,
09:55:52,62.19,100,
09:55:52,62.19,3500,
09:55:52,62.19,500,
09:55:53,62.20,100,
09:55:53,62.19,500,
09:55:57,62.19,425,
09:56:05,62.18,400,
09:56:05,62.18,100,
09:56:05,62.18,100,
09:56:05,62.18,300,
09:56:05,62.18,500,
09:56:05,62.18,1200,
09:56:05,62.18,1200,
09:56:05,62.18,1200,
09:56:05,62.18,120,
09:56:05,62.18,100,
09:56:05,62.18,100,
09:56:06,62.18,8000,
09:56:08,62.18,500,
09:56:08,62.17,200,
09:56:08,62.17,500,
09:56:08,62.17,100,
09:56:09,62.16,200,
09:56:09,62.16,100,
09:56:09,62.1605,1000,
09:56:10,62.16,100,
09:56:15,62.16,200,
09:56:15,62.16,500,
09:56:15,62.17,100,
09:56:15,62.17,500,
09:56:16,62.17,500,
09:56:19,62.16,200,
09:56:19,62.1589,700,
09:56:22,62.15,100,
09:56:23,62.14,500,
09:56:23,62.14,100,
09:56:23,62.13,600,
09:56:24,62.13,400,
09:56:24,62.13,200,
09:56:25,62.13,132,
09:56:25,62.13,200,
09:56:25,62.13,816,
09:56:25,62.13,400,
09:56:25,62.13,300,
09:56:25,62.13,100,
09:56:27,62.13,200,
09:56:27,62.13,300,
09:56:28,62.12,216,
09:56:28,62.12,816,
09:56:28,62.12,600,
09:56:28,62.12,500,
09:56:29,62.15,500,
09:56:29,62.14,100,
09:56:29,62.14,300,
09:56:29,62.14,100,
09:56:29,62.14,100,
09:56:30,62.14,500,
09:56:33,62.13,353,
09:56:36,62.13,100,
09:56:36,62.13,500,
09:56:36,62.14,200,
09:56:36,62.13,200,
09:56:39,62.13,500,
09:56:53,62.12,216,
09:56:53,62.12,480,
09:56:53,62.12,300,
09:56:53,62.12,536,
09:56:58,62.12,400,
09:56:59,62.129,6000,
09:57:01,62.12,300,
09:57:01,62.12,502,
09:57:02,62.12,298,
09:57:05,62.11,500,
09:57:05,62.11,400,
09:57:07,62.11,100,
09:57:07,62.11,229,
09:57:10,62.10,500,
09:57:10,62.10,400,
09:57:10,62.10,500,
09:57:17,62.11,100,
09:57:17,62.11,100,
09:57:17,62.11,600,
09:57:19,62.11,500,
09:57:19,62.11,100,
09:57:19,62.11,520,
09:57:22,62.11,180,
09:57:23,62.1099,1000,
09:57:23,62.11,200,
09:57:25,62.11,100,
09:57:25,62.11,400,
09:57:25,62.12,279,
09:57:27,62.11,200,
09:57:28,62.11,800,
09:57:28,62.11,300,
09:57:30,62.1101,100,
09:57:42,62.12,400,
09:57:42,62.12,100,
09:57:42,62.12,800,
09:57:42,62.13,100,
09:57:42,62.14,200,
09:57:43,62.13,500,
09:57:45,62.13,417,
09:57:45,62.13,100,
09:57:47,62.13,100,
09:57:49,62.13,200,
09:57:50,62.13,300,
09:57:51,62.135,100,
09:57:52,62.139,100,
09:57:59,62.14,500,
09:58:01,62.14,500,
09:58:01,62.14,100,
09:58:01,62.14,200,
09:58:01,62.1399,1600,
09:58:04,62.13,200,
09:58:04,62.13,300,
09:58:05,62.13,191,
09:58:12,62.13,300,
09:58:12,62.14,500,
09:58:14,62.15,100,
09:58:17,62.15,100,
09:58:17,62.15,100,
09:58:18,62.15,600,
09:58:18,62.15,100,
09:58:18,62.15,100,
09:58:18,62.15,100,
09:58:19,62.15,100,
09:58:22,62.14,100,
09:58:22,62.14,100,
09:58:22,62.13,100,
09:58:25,62.14,500,
09:58:26,62.14,500,
09:58:33,62.14,500,
09:58:36,62.141,125,
09:58:37,62.15,300,
09:58:38,62.15,200,
09:58:38,62.14,300,
09:58:38,62.15,100,
09:58:38,62.15,200,
09:58:39,62.15,500,
09:58:39,62.14,100,
09:58:41,62.1489,1000,
09:58:41,62.15,800,
09:58:41,62.15,200,
09:58:41,62.15,800,
09:58:41,62.15,475,
09:58:41,62.15,100,
09:58:42,62.15,100,
09:58:43,62.16,200,
09:58:43,62.15,400,
09:58:43,62.15,500,
09:58:43,62.15,500,
09:58:43,62.15,100,
09:58:44,62.15,100,
09:58:44,62.15,100,
09:58:44,62.15,1300,
09:58:44,62.15,500,
09:58:44,62.15,1100,
09:58:45,62.1545,185,
09:58:46,62.15,100,
09:58:46,62.15,500,
09:58:46,62.15,100,
09:58:49,62.15,200,
09:58:49,62.15,100,
09:58:49,62.15,100,
09:58:49,62.15,300,
09:58:49,62.15,700,
09:58:49,62.15,100,
09:58:49,62.15,100,
09:58:51,62.14,120,
09:58:51,62.14,500,
09:58:58,62.13,400,
09:59:04,62.14,100,
09:59:08,62.14,100,
09:59:09,62.16,196,
09:59:14,62.15,600,
09:59:14,62.15,400,
09:59:14,62.15,800,
09:59:14,62.15,500,
09:59:14,62.15,500,
09:59:15,62.15,417,
09:59:20,62.15,100,
09:59:20,62.15,700,
09:59:20,62.16,100,
09:59:21,62.16,800,
09:59:21,62.16,800,
09:59:21,62.16,700,
09:59:21,62.16,100,
09:59:21,62.16,604,
09:59:25,62.16,100,
09:59:26,62.16,100,
09:59:26,62.16,500,
09:59:26,62.16,500,
09:59:27,62.16,800,
09:59:36,62.15,3200,
09:59:36,62.15,397,
09:59:36,62.15,300,
09:59:36,62.15,200,
09:59:38,62.14,200,
09:59:48,62.15,100,
09:59:49,62.1599,700,
09:59:51,62.16,166,
09:59:51,62.17,200,
09:59:52,62.175,100,
09:59:52,62.17,400,
09:59:53,62.17,100,
09:59:53,62.17,100,
09:59:54,62.17,500,
09:59:54,62.17,700,
09:59:54,62.179,500,
09:59:57,62.16,400,
09:59:58,62.18,200,
09:59:59,62.17,500,
10:00:02,62.16,300,
10:00:04,62.15,100,
10:00:04,62.15,500,
10:00:04,62.15,100,
10:00:04,62.15,100,
10:00:04,62.14,200,
10:00:04,62.14,2800,
10:00:04,62.14,100,
10:00:06,62.15,500,
10:00:06,62.15,100,
10:00:06,62.15,500,
10:00:06,62.15,500,
10:00:06,62.145,400,
10:00:07,62.15,500,
10:00:11,62.149,200,
10:00:15,62.14,500,
10:00:16,62.14,100,
10:00:16,62.14,600,
10:00:16,62.14,500,
10:00:16,62.14,600,
10:00:18,62.14,2800,
10:00:18,62.14,700,
10:00:20,62.15,100,
10:00:23,62.14,300,
10:00:23,62.14,300,
10:00:25,62.14,800,
10:00:25,62.13,1000,
10:00:26,62.14,226,
10:00:26,62.14,274,
10:00:27,62.13,500,
10:00:27,62.13,1500,
10:00:27,62.13,1700,
10:00:27,62.13,4300,
10:00:27,62.13,900,
10:00:27,62.13,400,
10:00:27,62.13,1600,
10:00:27,62.13,500,
10:00:27,62.13,2500,
10:00:27,62.13,800,
10:00:27,62.13,800,
10:00:27,62.13,800,
10:00:27,62.13,600,
10:00:27,62.13,120,
10:00:27,62.13,400,
10:00:27,62.13,200,
10:00:27,62.13,1390,
10:00:27,62.13,1800,
10:00:27,62.13,200,
10:00:27,62.13,1200,
10:00:27,62.13,200,
10:00:28,62.12,500,
10:00:28,62.12,100,
10:00:28,62.12,2200,
10:00:28,62.12,100,
10:00:28,62.12,200,
10:00:29,62.11,500,
10:00:29,62.1101,700,
10:00:30,62.11,300,
10:00:33,62.1076,241,
10:00:34,62.10,100,
10:00:34,62.10,200,
10:00:34,62.10,100,
10:00:34,62.09,186,
10:00:34,62.09,1030,
10:00:34,62.09,200,
10:00:34,62.08,1500,
10:00:34,62.09,100,
10:00:34,62.08,2500,
10:00:34,62.08,800,
10:00:34,62.08,1000,
10:00:34,62.08,100,
10:00:34,62.08,100,
10:00:34,62.08,200,
10:00:34,62.08,1000,
10:00:35,62.08,800,
10:00:35,62.08,250,
10:00:36,62.08,200,
10:00:36,62.081,100,
10:00:37,62.08,109,
10:00:37,62.0701,700,
10:00:37,62.075,200,
10:00:37,62.08,100,
10:00:38,62.08,200,
10:00:38,62.08,15000,
10:00:38,62.08,400,
10:00:38,62.08,521,
10:00:38,62.08,200,
10:00:38,62.08,200,
10:00:38,62.08,100,
10:00:38,62.08,300,
10:00:38,62.08,100,
10:00:38,62.09,100,
10:00:40,62.09,100,
10:00:41,62.0801,2300,
10:00:41,62.08,300,
10:00:42,62.08,500,
10:00:42,62.07,100,
10:00:43,62.07,100,
10:00:44,62.08,200,
10:00:44,62.08,500,
10:00:44,62.08,120,
10:00:44,62.08,800,
10:00:44,62.09,200,
10:00:44,62.085,600,
10:00:46,62.08,200,
10:00:46,62.08,100,
10:00:48,62.07,400,
10:00:49,62.07,1500,
10:00:51,62.071,6000,
10:00:54,62.07,100,
10:00:55,62.07,317,
10:00:55,62.07,100,
10:00:55,62.07,100,
10:00:55,62.07,448,
10:00:55,62.07,100,
10:00:55,62.07,252,
10:00:55,62.07,100,
10:00:55,62.07,200,
10:00:55,62.07,400,
10:00:55,62.07,100,
10:00:57,62.06,500,
10:00:57,62.06,500,
10:00:59,62.0699,100,
10:00:59,62.07,100,
10:00:59,62.07,100,
10:00:59,62.08,1000,
10:01:01,62.08,200,
10:01:01,62.08,100,
10:01:01,62.09,200,
10:01:02,62.09,800,
10:01:02,62.09,800,
10:01:02,62.09,400,
10:01:02,62.09,800,
10:01:02,62.09,800,
10:01:02,62.09,1000,
10:01:02,62.0809,135,
10:01:05,62.09,500,
10:01:05,62.08,200,
10:01:07,62.06,200,
10:01:07,62.07,220,
10:01:07,62.07,320,
10:01:07,62.07,100,
10:01:07,62.07,600,
10:01:07,62.07,800,
10:01:07,62.06,358,
10:01:08,62.06,600,
10:01:08,62.07,100,
10:01:08,62.0501,200,
10:01:09,62.06,120,
10:01:09,62.06,500,
10:01:09,62.06,800,
10:01:09,62.06,100,
10:01:09,62.06,300,
10:01:10,62.06,100,
10:01:10,62.07,100,
10:01:11,62.06,100,
10:01:11,62.06,100,
10:01:13,62.05,100,
10:01:13,62.05,234,
10:01:13,62.05,200,
10:01:14,62.06,100,
10:01:14,62.06,800,
10:01:14,62.06,100,
10:01:14,62.06,500,
10:01:14,62.06,500,
10:01:14,62.06,400,
10:01:15,62.07,200,
10:01:15,62.07,500,
10:01:15,62.07,100,
10:01:15,62.07,500,
10:01:15,62.07,100,
10:01:15,62.08,200,
10:01:16,62.08,800,
10:01:16,62.08,500,
10:01:16,62.08,500,
10:01:17,62.08,100,
10:01:19,62.08,200,
10:01:20,62.08,200,
10:01:20,62.08,500,
10:01:20,62.08,640,
10:01:20,62.08,1000,
10:01:25,62.08,500,
10:01:25,62.07,100,
10:01:25,62.0689,220,
10:01:27,62.089,1600,
10:01:29,62.07,200,
10:01:29,62.08,400,
10:01:34,62.08,600,
10:01:34,62.08,400,
10:01:34,62.08,200,
10:01:34,62.08,400,
10:01:34,62.08,800,
10:01:34,62.08,200,
10:01:34,62.08,100,
10:01:34,62.08,800,
10:01:34,62.08,200,
10:01:34,62.07,1210,
10:01:34,62.07,200,
10:01:34,62.07,500,
10:01:34,62.07,100,
10:01:34,62.07,100,
10:01:34,62.07,500,
10:01:34,62.07,300,
10:01:34,62.07,369,
10:01:34,62.07,100,
10:01:34,62.07,100,
10:01:34,62.08,200,
10:01:35,62.08,314,
10:01:35,62.08,100,
10:01:40,62.0801,5000,
10:01:44,62.09,500,
10:01:44,62.09,100,
10:01:44,62.10,200,
10:01:44,62.10,500,
10:01:44,62.095,100,
10:01:45,62.11,100,
10:01:45,62.11,100,
10:01:45,62.11,100,
10:01:46,62.12,300,
10:01:47,62.12,800,
10:01:48,62.13,100,
10:01:53,62.1201,150,
10:01:54,62.125,100,
10:01:55,62.13,200,
10:01:57,62.13,200,
10:01:57,62.13,250,
10:01:57,62.13,200,
10:01:58,62.13,500,
10:01:59,62.14,100,
10:01:59,62.14,100,
10:01:59,62.15,300,
10:01:59,62.15,500,
10:02:00,62.15,500,
10:02:00,62.15,400,
10:02:00,62.15,300,
10:02:01,62.15,500,
10:02:02,62.15,100,
10:02:04,62.15,100,
10:02:04,62.15,100,
10:02:05,62.16,500,
10:02:05,62.16,300,
10:02:06,62.17,500,
10:02:06,62.17,900,
10:02:07,62.1701,100,
10:02:08,62.17,800,
10:02:08,62.17,500,
10:02:11,62.1808,600,
10:02:13,62.20,300,
10:02:16,62.20,200,
10:02:16,62.20,100,
10:02:17,62.21,600,
10:02:18,62.20,500,
10:02:18,62.20,800,
10:02:18,62.20,100,
10:02:19,62.20,100,
10:02:19,62.19,444,
10:02:24,62.19,100,
10:02:24,62.19,300,
10:02:24,62.19,600,
10:02:24,62.18,300,
10:02:24,62.18,200,
10:02:24,62.18,500,
10:02:25,62.185,200,
10:02:30,62.19,500,
10:02:30,62.19,100,
10:02:30,62.19,500,
10:02:30,62.19,200,
10:02:30,62.19,533,
10:02:30,62.19,200,
10:02:30,62.19,200,
10:02:33,62.18,144,
10:02:33,62.18,400,
10:02:33,62.18,300,
10:02:33,62.18,3200,
10:02:33,62.18,800,
10:02:33,62.18,100,
10:02:33,62.17,200,
10:02:33,62.17,100,
10:02:33,62.17,300,
10:02:34,62.17,100,
10:02:34,62.17,400,
10:02:36,62.18,100,
10:02:36,62.18,500,
10:02:37,62.18,400,
10:02:37,62.18,120,
10:02:37,62.18,400,
10:02:37,62.18,800,
10:02:37,62.18,800,
10:02:37,62.18,800,
10:02:37,62.18,200,
10:02:37,62.18,500,
10:02:37,62.18,100,
10:02:37,62.18,600,
10:02:37,62.18,200,
10:02:37,62.18,200,
10:02:37,62.18,200,
10:02:37,62.18,300,
10:02:37,62.18,800,
10:02:37,62.18,600,
10:02:39,62.171,5000,
10:02:42,62.17,100,
10:02:42,62.17,500,
10:02:46,62.17,500,
10:02:47,62.1792,200,
10:02:49,62.17,300,
10:02:49,62.17,100,
10:02:50,62.1618,1000,
10:02:54,62.169,200,
10:02:56,62.16,100,
10:02:56,62.17,14257,
10:02:56,62.17,800,
10:02:56,62.17,800,
10:02:56,62.17,800,
10:02:56,62.17,800,
10:02:56,62.17,100,
10:02:56,62.17,1400,
10:02:56,62.17,186,
10:03:02,62.16,100,
10:03:02,62.16,100,
10:03:02,62.16,100,
10:03:04,62.1605,100,
10:03:04,62.15,500,
10:03:04,62.15,200,
10:03:05,62.15,300,
10:03:09,62.15,500,
10:03:13,62.1518,200,
10:03:17,62.15,400,
10:03:18,62.14,251,
10:03:19,62.145,250,
10:03:27,62.14,200,
10:03:27,62.14,800,
10:03:27,62.14,800,
10:03:27,62.14,600,
10:03:27,62.14,169,
10:03:27,62.14,100,
10:03:27,62.14,361,
10:03:27,62.14,1100,
10:03:27,62.14,1200,
10:03:28,62.14,139,
10:03:30,62.14,739,
10:03:30,62.14,200,
10:03:31,62.14,900,
10:03:32,62.14,565,
10:03:34,62.13,500,
10:03:34,62.13,200,
10:03:34,62.13,100,
10:03:34,62.1301,100,
10:03:34,62.12,200,
10:03:34,62.11,800,
10:03:34,62.12,500,
10:03:34,62.11,200,
10:03:34,62.11,800,
10:03:34,62.12,200,
10:03:34,62.12,100,
10:03:34,62.12,100,
10:03:34,62.12,10000,
10:03:34,62.12,600,
10:03:34,62.12,500,
10:03:34,62.12,100,
10:03:35,62.11,700,
10:03:35,62.11,200,
10:03:35,62.11,500,
10:03:35,62.11,100,
10:03:35,62.10,100,
10:03:35,62.10,600,
10:03:36,62.1099,230,
10:03:38,62.10,200,
10:03:39,62.10,200,
10:03:39,62.10,106,
10:03:39,62.10,1100,
10:03:39,62.10,100,
10:03:40,62.1099,100,
10:03:40,62.10,100,
10:03:44,62.11,100,
10:03:44,62.11,100,
10:03:44,62.11,200,
10:03:44,62.11,200,
10:03:45,62.1118,350,
10:03:47,62.12,500,
10:03:51,62.13,300,
10:03:51,62.13,100,
10:03:51,62.13,1000,
10:03:51,62.14,300,
10:03:51,62.14,500,
10:03:54,62.13,400,
10:03:54,62.13,300,
10:03:54,62.13,2400,
10:03:54,62.13,262,
10:03:59,62.13,462,
10:03:59,62.13,200,
10:04:01,62.13,362,
10:04:01,62.13,238,
10:04:01,62.12,200,
10:04:01,62.12,200,
10:04:09,62.12,20000,
10:04:17,62.12,100,
10:04:17,62.12,500,
10:04:18,62.13,200,
10:04:19,62.13,200,
10:04:20,62.13,363,
10:04:22,62.131,500,
10:04:22,62.131,500,
10:04:23,62.12,200,
10:04:23,62.12,222,
10:04:23,62.12,263,
10:04:31,62.1101,3000,
10:04:36,62.12,100,
10:04:37,62.12,100,
10:04:37,62.12,700,
10:04:37,62.12,5600,
10:04:37,62.12,800,
10:04:37,62.12,1400,
10:04:37,62.12,100,
10:04:37,62.125,100,
10:04:40,62.1301,3000,
10:04:42,62.14,200,
10:04:42,62.14,400,
10:04:42,62.14,500,
10:04:42,62.14,100,
10:04:42,62.14,100,
10:04:42,62.14,100,
10:04:42,62.14,800,
10:04:42,62.14,400,
10:04:42,62.14,500,
10:04:42,62.14,800,
10:04:42,62.14,700,
10:04:42,62.14,1278,
10:04:42,62.14,600,
10:04:42,62.14,100,
10:04:42,62.14,500,
10:04:42,62.14,200,
10:04:42,62.14,200,
10:04:42,62.14,300,
10:04:42,62.14,100,
10:04:42,62.14,300,
10:04:42,62.14,600,
10:04:42,62.14,100,
10:04:42,62.14,500,
10:04:43,62.14,100,
10:04:43,62.14,500,
10:04:43,62.14,100,
10:04:45,62.14,114,
10:04:45,62.14,800,
10:04:45,62.14,100,
10:04:45,62.15,300,
10:04:45,62.15,500,
10:04:50,62.14,200,
10:04:50,62.14,100,
10:04:51,62.14,800,
10:04:51,62.14,200,
10:04:51,62.14,300,
10:04:51,62.13,3900,
10:04:51,62.13,1000,
10:04:51,62.13,3600,
10:04:51,62.13,3200,
10:04:51,62.13,400,
10:04:51,62.13,500,
10:04:52,62.13,600,
10:04:56,62.12,500,
10:04:56,62.12,500,
10:05:01,62.12,100,
10:05:01,62.12,800,
10:05:02,62.11,100,
10:05:02,62.11,500,
10:05:03,62.10,100,
10:05:03,62.10,100,
10:05:03,62.10,200,
10:05:03,62.10,100,
10:05:06,62.11,200,
10:05:06,62.11,300,
10:05:06,62.11,400,
10:05:06,62.11,100,
10:05:06,62.11,100,
10:05:06,62.11,1800,
10:05:06,62.11,100,
10:05:06,62.11,200,
10:05:06,62.11,500,
10:05:11,62.12,200,
10:05:17,62.11,100,
10:05:18,62.1101,600,
10:05:21,62.10,300,
10:05:21,62.10,2600,
10:05:25,62.1001,300,
10:05:29,62.10,400,
10:05:29,62.10,800,
10:05:29,62.10,800,
10:05:29,62.10,3200,
10:05:29,62.10,100,
10:05:29,62.10,100,
10:05:29,62.10,500,
10:05:29,62.09,3100,
10:05:29,62.09,1600,
10:05:29,62.08,600,
10:05:29,62.08,4600,
10:05:29,62.09,200,
10:05:29,62.08,600,
10:05:29,62.08,115,
10:05:29,62.08,500,
10:05:29,62.08,1555,
10:05:29,62.08,300,
10:05:29,62.07,284,
10:05:29,62.08,300,
10:05:29,62.08,1000,
10:05:30,62.08,200,
10:05:32,62.08,600,
10:05:33,62.08,400,
10:05:33,62.09,10000,
10:05:35,62.07,3200,
10:05:36,62.079,500,
10:05:38,62.0601,2000,
10:05:39,62.07,100,
10:05:40,62.08,200,
10:05:40,62.08,100,
10:05:41,62.09,800,
10:05:42,62.089,200,
10:05:49,62.10,500,
10:05:50,62.09,500,
10:05:50,62.10,400,
10:05:50,62.10,200,
10:05:51,62.1001,430,
10:05:53,62.11,297,
10:05:57,62.11,200,
10:05:57,62.11,200,
10:05:58,62.10,200,
10:06:01,62.10,100,
10:06:01,62.10,200,
10:06:06,62.09,200,
10:06:07,62.09,300,
10:06:11,62.09,100,
10:06:13,62.09,1600,
10:06:14,62.09,100,
10:06:14,62.09,100,
10:06:14,62.09,400,
10:06:15,62.08,150,
10:06:16,62.08,400,
10:06:18,62.08,500,
10:06:23,62.08,600,
10:06:23,62.08,400,
10:06:27,62.07,400,
10:06:29,62.0795,100,
10:06:29,62.07,500,
10:06:32,62.06,200,
10:06:32,62.06,800,
10:06:32,62.06,100,
10:06:37,62.06,100,
10:06:37,62.06,500,
10:06:37,62.06,200,
10:06:37,62.06,500,
10:06:44,62.06,800,
10:06:44,62.06,800,
10:06:46,62.05,1380,
10:06:46,62.05,300,
10:06:46,62.05,600,
10:06:46,62.05,2000,
10:06:46,62.05,400,
10:06:46,62.05,2000,
10:06:46,62.05,10000,
10:06:46,62.05,2400,
10:06:46,62.05,600,
10:06:46,62.05,100,
10:06:46,62.05,400,
10:06:46,62.05,200,
10:06:46,62.05,1300,
10:06:46,62.05,300,
10:06:46,62.05,300,
10:06:46,62.05,800,
10:06:46,62.05,200,
10:06:46,62.04,100,
10:06:46,62.04,3200,
10:06:46,62.04,200,
10:06:46,62.03,400,
10:06:46,62.03,300,
10:06:46,62.03,100,
10:06:47,62.0318,700,
10:06:47,62.03,800,
10:06:49,62.04,1000,
10:06:50,62.03,3200,
10:06:50,62.03,200,
10:06:50,62.03,120,
10:06:51,62.02,500,
10:06:52,62.02,150,
10:06:52,62.01,100,
10:06:52,62.02,900,
10:06:52,62.02,200,
10:06:52,62.01,100,
10:06:57,62.01,200,
10:06:57,62.01,700,
10:06:57,62,100,
10:06:57,62,100,
10:06:57,62,900,
10:06:57,62,100,
10:06:57,62,100,
10:06:57,62,243,
10:06:57,62,100,
10:06:57,62,149,
10:06:57,62,6754,
10:06:57,62,200,
10:06:57,62,100,
10:06:57,62,320,
10:06:57,62,108,
10:06:57,62,313,
10:06:57,62,230,
10:06:57,62,127,
10:06:57,62,149,
10:06:59,62.01,400,
10:06:59,62.01,100,
10:06:59,62.01,800,
10:06:59,62.01,800,
10:06:59,62.01,380,
10:06:59,62.015,150,
10:06:59,62.015,150,
10:06:59,62.01,800,
10:07:01,62.0199,200,
10:07:03,62.01,500,
10:07:05,62.01,300,
10:07:06,62.01,100,
10:07:06,62.01,100,
10:07:06,62.01,300,
10:07:06,62.01,900,
10:07:09,62.019,158,
10:07:14,62.0145,105,
10:07:17,62.02,600,
10:07:17,62.02,500,
10:07:17,62.02,100,
10:07:21,62.02,200,
10:07:21,62.02,300,
10:07:22,62.02,200,
10:07:22,62.03,100,
10:07:22,62.03,500,
10:07:23,62.04,200,
10:07:23,62.04,300,
10:07:23,62.04,300,
10:07:23,62.04,200,
10:07:23,62.04,800,
10:07:23,62.04,100,
10:07:27,62.04,200,
10:07:29,62.05,500,
10:07:30,62.0511,102,
10:07:31,62.05,200,
10:07:31,62.05,500,
10:07:31,62.05,800,
10:07:31,62.05,600,
10:07:33,62.06,100,
10:07:33,62.06,100,
10:07:34,62.06,200,
10:07:34,62.06,300,
10:07:34,62.06,100,
10:07:35,62.06,100,
10:07:35,62.06,100,
10:07:35,62.06,200,
10:07:36,62.07,400,
10:07:36,62.07,500,
10:07:40,62.07,200,
10:07:42,62.06,200,
10:07:48,62.07,100,
10:07:50,62.07,600,
10:07:50,62.07,200,
10:07:50,62.07,500,
10:07:50,62.07,100,
10:07:50,62.08,500,
10:07:51,62.08,444,
10:07:52,62.07,600,
10:07:56,62.08,600,
10:07:57,62.08,100,
10:07:58,62.09,100,
10:08:00,62.09,200,
10:08:00,62.09,800,
10:08:00,62.09,100,
10:08:03,62.08,500,
10:08:08,62.08,300,
10:08:12,62.09,500,
10:08:12,62.09,200,
10:08:14,62.09,500,
10:08:19,62.08,800,
10:08:20,62.08,100,
10:08:22,62.09,800,
10:08:22,62.0899,800,
10:08:27,62.08,200,
10:08:27,62.08,300,
10:08:28,62.079,400,
10:08:32,62.08,500,
10:08:36,62.08,100,
10:08:40,62.08,100,
10:08:43,62.08,400,
10:08:48,62.08,500,
10:08:59,62.07,300,
10:08:59,62.07,200,
10:08:59,62.06,300,
10:09:00,62.06,100,
10:09:01,62.079,400,
10:09:04,62.0599,200,
10:09:13,62.06,500,
10:09:14,62.06,100,
10:09:24,62.07,100,
10:09:25,62.07,500,
10:09:25,62.075,2600,
10:09:28,62.07,300,
10:09:28,62.07,500,
10:09:28,62.06,100,
10:09:28,62.06,100,
10:09:28,62.06,600,
10:09:28,62.06,500,
10:09:28,62.06,100,
10:09:31,62.05,2000,
10:09:34,62.05,1000,
10:09:34,62.05,200,
10:09:39,62.0489,1000,
10:09:43,62.0412,170,
10:09:47,62.03,500,
10:09:48,62.0395,546,
10:09:55,62.03,800,
10:09:55,62.03,100,
10:09:55,62.03,100,
10:09:55,62.03,100,
10:09:55,62.03,200,
10:09:55,62.03,500,
10:09:55,62.03,100,
10:09:58,62.03,100,
10:09:58,62.03,500,
10:09:59,62.03,100,
10:10:02,62.0289,700,
10:10:04,62.0295,855,
10:10:04,62.02,100,
10:10:04,62.02,100,
10:10:04,62.02,200,
10:10:04,62.02,100,
10:10:04,62.02,300,
10:10:04,62.01,140,
10:10:05,62.01,300,
10:10:05,62.01,3200,
10:10:05,62,4000,
10:10:05,62,1856,
10:10:05,62,200,
10:10:05,62,10000,
10:10:05,62,1000,
10:10:05,62,200,
10:10:05,62,100,
10:10:05,62,250,
10:10:05,62,355,
10:10:05,62,344,
10:10:05,61.99,815,
10:10:05,61.99,815,
10:10:05,62,200,
10:10:05,61.99,100,
10:10:06,61.98,100,
10:10:06,62,276,
10:10:06,62,300,
10:10:06,62,368,
10:10:06,61.9801,150,
10:10:06,61.9801,355,
10:10:06,61.9801,500,
10:10:06,61.9801,300,
10:10:06,61.9801,100,
10:10:07,61.9801,150,
10:10:07,61.9801,100,
10:10:07,61.9801,100,
10:10:07,61.9801,100,
10:10:07,61.9801,160,
10:10:07,61.9801,100,
10:10:07,61.9801,200,
10:10:07,61.98,100,
10:10:08,61.99,800,
10:10:08,61.99,200,
10:10:08,61.99,500,
10:10:08,61.99,600,
10:10:08,61.99,800,
10:10:08,61.99,500,
10:10:08,61.99,600,
10:10:08,61.99,300,
10:10:08,61.99,100,
10:10:08,61.99,200,
10:10:08,61.99,500,
10:10:08,61.99,100,
10:10:08,61.99,400,
10:10:08,61.99,800,
10:10:08,61.99,200,
10:10:09,61.99,600,
10:10:09,61.989,500,
10:10:10,62,500,
10:10:10,62,300,
10:10:10,62.01,100,
10:10:13,62.001,6000,
10:10:14,62,100,
10:10:15,62,200,
10:10:17,62,100,
10:10:20,62,500,
10:10:20,62,101,
10:10:20,62,100,
10:10:20,62,100,
10:10:20,62,500,
10:10:20,62,100,
10:10:20,62,400,
10:10:20,62,100,
10:10:20,62,100,
10:10:20,62,200,
10:10:22,62,100,
10:10:24,62,500,
10:10:28,62,1100,
10:10:29,62,500,
10:10:33,62.01,100,
10:10:34,62.01,100,
10:10:35,62.02,100,
10:10:35,62.02,500,
10:10:35,62.02,700,
10:10:36,62.03,100,
10:10:36,62.03,100,
10:10:36,62.03,100,
10:10:36,62.03,500,
10:10:37,62.03,100,
10:10:38,62.03,100,
10:10:38,62.03,100,
10:10:39,62.03,200,
10:10:39,62.03,300,
10:10:44,62.03,276,
10:10:44,62.03,300,
10:10:45,62.04,100,
10:10:46,62.032,6900,
10:10:50,62.04,100,
10:10:50,62.04,100,
10:10:50,62.04,100,
10:10:50,62.04,100,
10:10:50,62.04,100,
10:10:50,62.04,100,
10:10:50,62.04,100,
10:10:50,62.04,100,
10:10:50,62.04,100,
10:10:52,62.05,500,
10:10:52,62.05,303,
10:10:52,62.05,317,
10:10:53,62.05,800,
10:10:55,62.041,100,
10:10:55,62.049,1100,
10:10:55,62.05,400,
10:10:55,62.05,200,
10:10:55,62.05,200,
10:10:55,62.05,500,
10:10:55,62.05,600,
10:10:59,62.05,200,
10:10:59,62.05,100,
10:11:01,62.05,500,
10:11:02,62.05,500,
10:11:07,62.05,500,
10:11:07,62.05,300,
10:11:09,62.06,321,
10:11:09,62.06,100,
10:11:09,62.06,100,
10:11:12,62.0682,1000,
10:11:16,62.0623,185,
10:11:18,62.06,200,
10:11:18,62.06,500,
10:11:18,62.05,100,
10:11:19,62.06,100,
10:11:19,62.06,100,
10:11:21,62.0605,150,
10:11:24,62.06,100,
10:11:26,62.06,200,
10:11:26,62.06,100,
10:11:26,62.06,700,
10:11:29,62.0705,600,
10:11:31,62.08,200,
10:11:32,62.09,500,
10:11:33,62.10,100,
10:11:33,62.10,100,
10:11:33,62.09,500,
10:11:33,62.09,180,
10:11:33,62.09,200,
10:11:34,62.09,300,
10:11:48,62.09,200,
10:11:50,62.08,100,
10:11:54,62.08,700,
10:11:54,62.08,600,
10:11:58,62.08,800,
10:12:02,62.08,1794,
10:12:02,62.08,627,
10:12:02,62.08,200,
10:12:02,62.08,800,
10:12:02,62.08,1823,
10:12:02,62.08,286,
10:12:02,62.07,100,
10:12:02,62.07,100,
10:12:03,62.07,500,
10:12:03,62.06,600,
10:12:05,62.07,100,
10:12:05,62.07,200,
10:12:05,62.07,300,
10:12:05,62.07,100,
10:12:05,62.07,500,
10:12:05,62.07,500,
10:12:06,62.0701,150,
10:12:11,62.07,200,
10:12:11,62.07,100,
10:12:14,62.07,600,
10:12:14,62.07,500,
10:12:15,62.07,1100,
10:12:16,62.07,200,
10:12:23,62.0601,1000,
10:12:24,62.06,15000,
10:12:24,62.06,120,
10:12:24,62.06,800,
10:12:24,62.06,600,
10:12:24,62.06,500,
10:12:24,62.06,600,
10:12:24,62.06,300,
10:12:24,62.06,100,
10:12:24,62.06,100,
10:12:24,62.05,800,
10:12:24,62.05,500,
10:12:24,62.05,300,
10:12:24,62.06,400,
10:12:24,62.04,171,
10:12:24,62.05,500,
10:12:24,62.04,771,
10:12:24,62.04,2429,
10:12:24,62.0401,1100,
10:12:24,62.05,300,
10:12:24,62.05,100,
10:12:24,62.05,200,
10:12:24,62.04,700,
10:12:24,62.04,600,
10:12:24,62.04,100,
10:12:24,62.04,171,
10:12:24,62.04,1300,
10:12:24,62.04,700,
10:12:24,62.04,100,
10:12:24,62.04,500,
10:12:25,62.04,200,
10:12:27,62.05,300,
10:12:27,62.05,800,
10:12:27,62.05,100,
10:12:30,62.04,100,
10:12:36,62.04,100,
10:12:38,62.04,100,
10:12:38,62.04,1364,
10:12:39,62.04,100,
10:12:40,62.04,100,
10:12:40,62.04,100,
10:12:40,62.04,2680,
10:12:40,62.04,200,
10:12:40,62.04,200,
10:12:40,62.04,600,
10:12:40,62.04,600,
10:12:40,62.04,120,
10:12:40,62.04,900,
10:12:42,62.05,300,
10:12:42,62.05,500,
10:12:43,62.04,700,
10:12:45,62.04,1600,
10:12:47,62.0499,500,
10:12:58,62.05,400,
10:12:58,62.05,300,
10:12:58,62.05,200,
10:12:58,62.05,100,
10:12:58,62.05,380,
10:12:58,62.05,300,
10:12:58,62.05,500,
10:12:58,62.05,300,
10:12:58,62.06,300,
10:12:58,62.06,500,
10:12:58,62.0495,350,
10:13:02,62.06,100,
10:13:02,62.06,500,
10:13:02,62.06,100,
10:13:02,62.06,100,
10:13:02,62.06,100,
10:13:02,62.06,400,
10:13:02,62.06,500,
10:13:08,62.07,500,
10:13:08,62.07,100,
10:13:08,62.07,100,
10:13:08,62.07,500,
10:13:10,62.08,500,
10:13:10,62.08,100,
10:13:10,62.08,100,
10:13:10,62.08,500,
10:13:11,62.08,200,
10:13:11,62.08,100,
10:13:13,62.09,400,
10:13:15,62.08,200,
10:13:19,62.07,100,
10:13:19,62.07,100,
10:13:22,62.07,100,
10:13:22,62.07,199,
10:13:22,62.07,400,
10:13:22,62.07,1000,
10:13:22,62.07,600,
10:13:22,62.07,500,
10:13:22,62.07,500,
10:13:24,62.07,200,
10:13:24,62.07,100,
10:13:24,62.08,500,
10:13:24,62.08,596,
10:13:31,62.0717,160,
10:13:34,62.08,893,
10:13:36,62.0709,166,
10:13:37,62.08,265,
10:13:38,62.08,400,
10:13:38,62.08,400,
10:13:38,62.08,200,
10:13:38,62.08,400,
10:13:38,62.08,400,
10:13:38,62.08,200,
10:13:39,62.08,300,
10:13:39,62.08,300,
10:13:40,62.09,900,
10:13:44,62.08,200,
10:13:51,62.0801,650,
10:13:52,62.09,100,
10:13:54,62.09,837,
10:13:54,62.09,300,
10:13:54,62.09,200,
10:13:54,62.09,100,
10:13:54,62.09,470,
10:13:54,62.09,200,
10:13:58,62.09,400,
10:14:04,62.08,200,
10:14:09,62.0882,300,
10:14:21,62.0889,220,
10:14:22,62.0895,1000,
10:14:24,62.09,300,
10:14:24,62.09,100,
10:14:24,62.09,300,
10:14:24,62.09,300,
10:14:24,62.09,300,
10:14:24,62.09,205,
10:14:24,62.09,300,
10:14:24,62.09,200,
10:14:24,62.09,500,
10:14:24,62.09,300,
10:14:24,62.09,400,
10:14:24,62.09,400,
10:14:24,62.09,400,
10:14:24,62.09,200,
10:14:24,62.09,300,
10:14:24,62.09,800,
10:14:24,62.09,200,
10:14:24,62.09,300,
10:14:24,62.09,400,
10:14:24,62.09,200,
10:14:24,62.09,499,
10:14:24,62.10,163,
10:14:30,62.10,323,
10:14:31,62.095,300,
10:14:31,62.09,300,
10:14:31,62.09,307,
10:14:31,62.09,100,
10:14:34,62.09,100,
10:14:34,62.09,2300,
10:14:34,62.09,1400,
10:14:34,62.09,1400,
10:14:36,62.09,400,
10:14:36,62.09,200,
10:14:36,62.09,500,
10:14:36,62.09,100,
10:14:38,62.09,100,
10:14:53,62.09,500,
10:14:53,62.09,400,
10:14:53,62.09,300,
10:14:53,62.09,300,
10:14:53,62.09,300,
10:14:53,62.09,400,
10:14:53,62.09,800,
10:14:53,62.09,800,
10:14:53,62.09,800,
10:14:54,62.09,500,
10:14:55,62.09,600,
10:14:55,62.09,400,
10:14:55,62.09,800,
10:14:55,62.09,100,
10:14:55,62.09,500,
10:14:55,62.09,100,
10:14:56,62.09,500,
10:14:56,62.09,500,
10:14:56,62.09,800,
10:14:56,62.09,1500,
10:14:57,62.09,100,
10:14:59,62.10,100,
10:15:02,62.09,200,
10:15:02,62.09,300,
10:15:03,62.08,200,
10:15:03,62.08,100,
10:15:03,62.08,200,
10:15:07,62.08,100,
10:15:09,62.0701,750,
10:15:16,62.07,100,
10:15:21,62.07,300,
10:15:21,62.07,900,
10:15:21,62.07,1600,
10:15:21,62.07,1000,
10:15:21,62.06,216,
10:15:21,62.07,100,
10:15:21,62.07,900,
10:15:24,62.06,500,
10:15:24,62.06,100,
10:15:25,62.0599,200,
10:15:28,62.05,500,
10:15:28,62.06,200,
10:15:38,62.06,100,
10:15:40,62.06,1000,
10:15:40,62.06,200,
10:15:40,62.06,2100,
10:15:40,62.06,2000,
10:15:40,62.06,100,
10:15:40,62.06,200,
10:15:40,62.06,300,
10:15:40,62.06,800,
10:15:40,62.06,100,
10:15:40,62.06,200,
10:15:40,62.06,100,
10:15:40,62.06,200,
10:15:40,62.06,100,
10:15:40,62.06,600,
10:15:40,62.06,200,
10:15:40,62.06,400,
10:15:44,62.07,300,
10:15:44,62.07,300,
10:15:44,62.07,100,
10:15:44,62.07,600,
10:15:50,62.07,300,
10:15:54,62.08,300,
10:15:54,62.08,200,
10:15:54,62.08,500,
10:15:54,62.08,700,
10:15:54,62.08,100,
10:15:54,62.09,500,
10:15:56,62.08,400,
10:15:56,62.08,100,
10:16:01,62.08,500,
10:16:12,62.07,600,
10:16:12,62.07,800,
10:16:12,62.07,100,
10:16:12,62.07,100,
10:16:12,62.07,100,
10:16:12,62.07,990,
10:16:12,62.07,300,
10:16:24,62.06,100,
10:16:24,62.06,100,
10:16:30,62.06,100,
10:16:41,62.0599,200,
10:16:42,62.06,200,
10:16:42,62.06,199,
10:16:42,62.06,800,
10:16:42,62.06,800,
10:16:42,62.06,100,
10:16:42,62.06,1099,
10:16:42,62.06,701,
10:16:42,62.06,1000,
10:16:42,62.06,300,
10:16:42,62.06,300,
10:16:42,62.06,400,
10:16:42,62.06,300,
10:16:42,62.06,300,
10:16:42,62.06,400,
10:16:42,62.06,701,
10:16:42,62.06,2700,
10:16:45,62.06,500,
10:16:49,62.05,200,
10:16:49,62.05,600,
10:16:49,62.05,600,
10:16:49,62.05,600,
10:16:49,62.05,1400,
10:16:49,62.05,100,
10:16:49,62.05,1200,
10:16:50,62.05,100,
10:16:50,62.05,200,
10:16:50,62.05,400,
10:16:50,62.05,200,
10:16:50,62.05,800,
10:16:50,62.05,600,
10:16:50,62.05,100,
10:16:50,62.05,800,
10:16:50,62.05,100,
10:16:50,62.05,200,
10:16:50,62.05,500,
10:16:50,62.05,100,
10:16:50,62.05,500,
10:16:50,62.05,452,
10:16:50,62.05,200,
10:16:50,62.05,200,
10:16:50,62.05,1000,
10:16:51,62.059,600,
10:16:59,62.05,100,
10:17:03,62.0501,100,
10:17:12,62.05,100,
10:17:17,62.06,300,
10:17:21,62.05,200,
10:17:21,62.05,100,
10:17:21,62.04,500,
10:17:22,62.04,200,
10:17:22,62.04,1700,
10:17:22,62.0399,1000,
10:17:23,62.04,200,
10:17:23,62.04,1498,
10:17:23,62.04,300,
10:17:23,62.04,9202,
10:17:28,62.04,200,
10:17:28,62.04,500,
10:17:31,62.04,400,
10:17:31,62.04,182,
10:17:31,62.04,500,
10:17:31,62.04,300,
10:17:31,62.04,600,
10:17:31,62.04,718,
10:17:51,62.04,100,
10:17:59,62.05,100,
10:17:59,62.05,200,
10:17:59,62.05,200,
10:17:59,62.05,164,
10:17:59,62.04,100,
10:17:59,62.0401,3200,
10:18:04,62.04,400,
10:18:06,62.03,300,
10:18:06,62.03,200,
10:18:07,62.03,100,
10:18:07,62.03,200,
10:18:07,62.03,200,
10:18:07,62.03,900,
10:18:07,62.03,100,
10:18:07,62.03,200,
10:18:09,62.02,500,
10:18:14,62.01,200,
10:18:14,62.01,500,
10:18:15,62.01,200,
10:18:15,62.01,100,
10:18:15,62.01,100,
10:18:15,62.01,100,
10:18:22,62.01,101,
10:18:27,62.01,200,
10:18:31,62,2800,
10:18:33,62.0005,300,
10:18:37,62.0025,500,
10:18:40,62,200,
10:18:40,62,120,
10:18:40,62,280,
10:18:40,62,300,
10:18:40,62,200,
10:18:43,61.99,300,
10:18:43,61.99,100,
10:18:45,61.99,100,
10:18:45,62,100,
10:18:45,62,200,
10:18:55,62,300,
10:18:55,62,100,
10:18:55,62,800,
10:18:55,62,600,
10:18:55,62,800,
10:18:55,62,100,
10:18:55,62,200,
10:18:55,62,100,
10:18:55,62,800,
10:18:55,62,500,
10:18:55,62,500,
10:18:55,62,257,
10:18:55,62,300,
10:18:55,62,300,
10:18:55,62,143,
10:18:55,62,200,
10:18:55,62,100,
10:18:56,62,100,
10:18:56,62,100,
10:18:56,62,100,
10:18:56,62.01,100,
10:18:56,62.01,500,
10:18:58,62.01,300,
10:18:58,62.01,600,
10:18:58,62.01,2000,
10:19:03,62.0083,165,
10:19:05,62.01,300,
10:19:05,62.01,300,
10:19:05,62.01,300,
10:19:05,62.01,200,
10:19:05,62.01,700,
10:19:05,62.01,257,
10:19:08,62.01,100,
10:19:12,62.01,500,
10:19:17,62.01,381,
10:19:17,62.01,818,
10:19:19,62.01,300,
10:19:19,62.01,100,
10:19:19,62.01,200,
10:19:19,62.01,1619,
10:19:35,62.0101,200,
10:19:46,62.02,800,
10:19:46,62.02,400,
10:19:46,62.02,400,
10:19:46,62.02,300,
10:19:46,62.02,300,
10:19:46,62.02,300,
10:19:46,62.02,600,
10:19:46,62.02,400,
10:19:46,62.02,300,
10:19:46,62.02,400,
10:19:46,62.02,600,
10:19:46,62.02,500,
10:19:46,62.02,100,
10:19:46,62.02,800,
10:19:50,62.02,500,
10:19:53,62.02,100,
10:19:53,62.02,500,
10:19:55,62.0274,300,
10:19:59,62.03,600,
10:19:59,62.03,3100,
10:19:59,62.03,100,
10:20:00,62.03,2600,
10:20:02,62.039,2000,
10:20:06,62.03,100,
10:20:10,62.03,200,
10:20:10,62.04,400,
10:20:10,62.04,100,
10:20:10,62.04,471,
10:20:13,62.036,100,
10:20:13,62.04,500,
10:20:14,62.05,5000,
10:20:14,62.04,500,
10:20:23,62.0318,800,
10:20:24,62.04,500,
10:20:26,62.04,100,
10:20:27,62.05,100,
10:20:27,62.05,500,
10:20:27,62.05,336,
10:20:27,62.05,200,
10:20:27,62.05,100,
10:20:27,62.06,500,
10:20:27,62.07,200,
10:20:27,62.07,1000,
10:20:27,62.07,100,
10:20:27,62.07,300,
10:20:27,62.07,800,
10:20:27,62.07,500,
10:20:27,62.07,500,
10:20:27,62.07,100,
10:20:27,62.07,300,
10:20:27,62.07,800,
10:20:28,62.07,300,
10:20:28,62.07,200,
10:20:28,62.07,100,
10:20:28,62.07,117,
10:20:28,62.06,200,
10:20:28,62.06,500,
10:20:28,62.06,1000,
10:20:28,62.06,100,
10:20:29,62.06,100,
10:20:29,62.06,500,
10:20:31,62.06,500,
10:20:31,62.06,100,
10:20:31,62.06,100,
10:20:31,62.06,100,
10:20:31,62.06,100,
10:20:35,62.05,500,
10:20:35,62.0447,1000,
10:20:37,62.05,500,
10:20:40,62.05,100,
10:20:40,62.05,500,
10:20:43,62.04,2900,
10:20:43,62.04,300,
10:20:43,62.04,100,
10:20:43,62.04,100,
10:20:44,62.03,100,
10:20:44,62.03,100,
10:20:44,62.03,100,
10:20:44,62.03,500,
10:20:45,62.03,500,
10:20:46,62.04,500,
10:20:46,62.04,800,
10:20:46,62.04,800,
10:20:46,62.04,800,
10:20:46,62.04,800,
10:20:46,62.04,200,
10:20:46,62.04,1600,
10:20:51,62.05,100,
10:20:51,62.05,150,
10:20:52,62.0546,177,
10:20:53,62.05,500,
10:20:55,62.05,400,
10:20:59,62.06,100,
10:20:59,62.06,500,
10:21:02,62.0699,2000,
10:21:09,62.06,100,
10:21:09,62.06,400,
10:21:09,62.06,200,
10:21:09,62.06,100,
10:21:09,62.06,100,
10:21:09,62.0499,1200,
10:21:12,62.04,100,
10:21:12,62.04,500,
10:21:12,62.04,100,
10:21:19,62.0399,1000,
10:21:23,62.04,100,
10:21:23,62.04,368,
10:21:27,62.03,400,
10:21:27,62.03,500,
10:21:37,62.02,100,
10:21:41,62.02,100,
10:21:42,62.02,200,
10:21:42,62.02,500,
10:21:42,62.02,100,
10:21:42,62.02,400,
10:21:42,62.02,300,
10:21:52,62.03,100,
10:21:54,62.0299,100,
10:22:01,62.027,500,
10:22:03,62.0295,1000,
10:22:04,62.025,2099,
10:22:06,62.02,800,
10:22:06,62.02,400,
10:22:06,62.02,200,
10:22:06,62.02,100,
10:22:08,62.0101,1888,
10:22:10,62.01,1800,
10:22:10,62.01,1000,
10:22:10,62.01,2973,
10:22:10,62.01,1600,
10:22:10,62.01,6000,
10:22:10,62.01,3500,
10:22:10,62.01,600,
10:22:10,62.01,3200,
10:22:10,62.01,800,
10:22:10,62.01,100,
10:22:10,62.01,2300,
10:22:10,62.01,10000,
10:22:10,62.01,100,
10:22:10,62.01,800,
10:22:10,62.01,400,
10:22:10,62.01,200,
10:22:10,62.01,100,
10:22:10,62.01,100,
10:22:10,62.01,400,
10:22:10,62.01,200,
10:22:10,62.01,100,
10:22:10,62.01,500,
10:22:10,62.01,100,
10:22:10,62.0111,375,
10:22:10,62.01,200,
10:22:10,62.01,800,
10:22:10,62.01,100,
10:22:11,62.01,200,
10:22:11,62,500,
10:22:12,62,200,
10:22:12,62,5000,
10:22:12,62,1393,
10:22:12,62,800,
10:22:12,62,800,
10:22:12,62,400,
10:22:12,62,507,
10:22:12,62,300,
10:22:12,62,500,
10:22:12,62,600,
10:22:12,62,100,
10:22:12,62,199,
10:22:12,62,200,
10:22:12,62,100,
10:22:13,62.0082,1100,
10:22:13,62,200,
10:22:14,62,10000,
10:22:26,62,800,
10:22:26,62,100,
10:22:26,62,200,
10:22:26,61.99,1000,
10:22:26,61.99,500,
10:22:26,61.99,4900,
10:22:26,62,100,
10:22:27,62,1600,
10:22:27,62,100,
10:22:27,62,500,
10:22:30,62.01,500,
10:22:30,62.01,500,
10:22:31,62.02,500,
10:22:33,62.02,100,
10:22:38,62.02,100,
10:22:38,62.02,1200,
10:22:38,62.02,100,
10:22:38,62.02,500,
10:22:41,62.026,1000,
10:22:48,62.02,500,
10:22:48,62.02,303,
10:22:48,62.01,216,
10:22:48,62.0101,200,
10:22:48,62.0101,400,
10:22:48,62.01,100,
10:22:50,62.02,100,
10:22:50,62.02,100,
10:22:50,62.02,100,
10:22:59,62.021,1900,
10:22:59,62.0299,100,
10:23:12,62.02,100,
10:23:19,62.02,300,
10:23:22,62.0199,5000,
10:23:24,62.02,100,
10:23:45,62.02,200,
10:23:45,62.02,500,
10:23:45,62.03,300,
10:23:45,62.03,500,
10:23:45,62.03,200,
10:23:46,62.04,100,
10:23:46,62.04,100,
10:23:47,62.011,500,
10:23:48,62.04,300,
10:23:48,62.03,100,
10:23:50,62.048,105,
10:23:57,62.03,370,
10:24:00,62.04,500,
10:24:00,62.05,100,
10:24:00,62.05,300,
10:24:01,62.05,500,
10:24:06,62.05,300,
10:24:13,62.04,100,
10:24:13,62.04,300,
10:24:14,62.04,500,
10:24:14,62.04,500,
10:24:19,62.0482,1000,
10:24:21,62.04,500,
10:24:21,62.04,100,
10:24:22,62.04,2400,
10:24:22,62.04,100,
10:24:22,62.04,1600,
10:24:22,62.04,500,
10:24:22,62.04,500,
10:24:22,62.05,2380,
10:24:22,62.05,200,
10:24:22,62.05,800,
10:24:22,62.05,300,
10:24:22,62.045,500,
10:24:27,62.05,500,
10:24:27,62.05,400,
10:24:27,62.05,800,
10:24:27,62.05,400,
10:24:27,62.05,500,
10:24:27,62.05,800,
10:24:27,62.045,500,
10:24:27,62.05,500,
10:24:28,62.05,100,
10:24:28,62.05,300,
10:24:30,62.06,100,
10:24:30,62.07,500,
10:24:34,62.07,200,
10:24:34,62.07,500,
10:24:34,62.07,100,
10:24:41,62.069,161,
10:24:49,62.06,20000,
10:24:49,62.06,500,
10:24:49,62.05,100,
10:24:49,62.05,1300,
10:24:50,62.05,100,
10:24:50,62.05,600,
10:24:50,62.05,200,
10:24:50,62.05,500,
10:24:55,62.05,500,
10:24:57,62.05,800,
10:24:59,62.05,800,
10:24:59,62.05,600,
10:25:00,62.05,500,
10:25:01,62.05,400,
10:25:01,62.05,800,
10:25:01,62.05,1000,
10:25:01,62.05,500,
10:25:01,62.05,200,
10:25:01,62.05,317,
10:25:01,62.05,800,
10:25:01,62.05,800,
10:25:01,62.05,100,
10:25:01,62.05,500,
10:25:01,62.05,1188,
10:25:01,62.05,1100,
10:25:01,62.05,512,
10:25:01,62.05,800,
10:25:01,62.05,800,
10:25:01,62.05,200,
10:25:01,62.05,800,
10:25:01,62.05,400,
10:25:01,62.05,500,
10:25:01,62.05,770,
10:25:01,62.05,700,
10:25:01,62.05,1200,
10:25:01,62.05,500,
10:25:01,62.05,100,
10:25:01,62.05,200,
10:25:01,62.05,171,
10:25:01,62.05,300,
10:25:02,62.05,100,
10:25:02,62.05,100,
10:25:03,62.0578,200,
10:25:05,62.05,100,
10:25:10,62.05,100,
10:25:10,62.05,100,
10:25:12,62.05,100,
10:25:16,62.05,100,
10:25:22,62.05,400,
10:25:22,62.05,600,
10:25:22,62.05,300,
10:25:22,62.05,100,
10:25:28,62.05,500,
10:25:29,62.0582,400,
10:25:30,62.05,500,
10:25:34,62.05,600,
10:25:34,62.05,500,
10:25:39,62.04,300,
10:25:39,62.04,100,
10:25:39,62.04,500,
10:25:39,62.03,100,
10:25:39,62.03,3200,
10:25:40,62.03,200,
10:25:40,62.03,500,
10:25:42,62.0201,162,
10:25:42,62.02,600,
10:25:42,62.02,300,
10:25:42,62.02,350,
10:25:48,62.02,120,
10:25:49,62.02,500,
10:25:52,62.01,1209,
10:25:52,62.01,800,
10:25:53,62.01,500,
10:25:54,62.015,300,
10:26:00,62.04,100,
10:26:00,62.04,300,
10:26:01,62.03,500,
10:26:02,62.0299,1000,
10:26:07,62.02,300,
10:26:09,62.02,100,
10:26:15,62.03,400,
10:26:17,62.03,330,
10:26:17,62.03,500,
10:26:17,62.03,500,
10:26:17,62.03,400,
10:26:20,62.03,500,
10:26:33,62.03,445,
10:26:33,62.03,1000,
10:26:33,62.03,500,
10:26:33,62.02,100,
10:26:34,62.02,400,
10:26:34,62.02,100,
10:26:34,62.02,600,
10:26:35,62.02,100,
10:26:39,62.02,800,
10:26:39,62.02,500,
10:26:40,62.02,135,
10:26:40,62.02,1200,
10:26:44,62.02,500,
10:26:44,62.02,900,
10:26:49,62,100,
10:26:49,62.0001,100,
10:26:49,62,200,
10:26:49,62,500,
10:26:52,61.99,238,
10:26:52,61.99,100,
10:26:52,61.99,600,
10:26:55,61.99,100,
10:26:55,61.98,500,
10:26:55,61.98,1000,
10:26:57,61.99,1000,
10:26:57,61.99,500,
10:26:59,61.9901,1500,
10:27:04,61.99,100,
10:27:05,61.99,100,
10:27:05,61.99,100,
10:27:05,61.99,100,
10:27:13,61.99,200,
10:27:13,61.99,400,
10:27:13,61.99,300,
10:27:13,62,100,
10:27:13,62,400,
10:27:13,62,200,
10:27:13,62,100,
10:27:13,61.995,100,
10:27:13,61.995,100,
10:27:13,61.99,100,
10:27:15,62,200,
10:27:15,62,200,
10:27:15,62,258,
10:27:16,62,200,
10:27:20,61.99,200,
10:27:22,61.99,100,
10:27:22,61.99,100,
10:27:27,61.99,315,
10:27:27,62,200,
10:27:27,61.99,200,
10:27:27,62,500,
10:27:32,62,500,
10:27:52,62,800,
10:27:52,62,100,
10:27:52,62,100,
10:27:52,62,100,
10:27:58,62,500,
10:27:59,61.99,1000,
10:27:59,61.99,800,
10:27:59,61.99,500,
10:27:59,61.99,300,
10:27:59,61.99,1200,
10:27:59,61.99,400,
10:27:59,61.99,200,
10:27:59,61.99,198,
10:28:00,61.9915,300,
10:28:04,61.99,100,
10:28:05,61.99,100,
10:28:05,61.99,100,
10:28:08,61.99,1000,
10:28:11,61.99,200,
10:28:11,61.99,100,
10:28:11,61.98,100,
10:28:12,61.98,600,
10:28:12,61.98,600,
10:28:12,61.97,1000,
10:28:12,61.98,500,
10:28:13,61.97,368,
10:28:13,61.97,700,
10:28:13,61.97,200,
10:28:13,61.9718,100,
10:28:13,61.9718,100,
10:28:13,61.9718,200,
10:28:13,61.971,600,
10:28:13,61.9703,700,
10:28:13,61.9718,100,
10:28:13,61.9718,200,
10:28:14,61.9718,200,
10:28:14,61.97,220,
10:28:14,61.96,100,
10:28:14,61.9601,200,
10:28:14,61.9618,200,
10:28:14,61.971,297,
10:28:14,61.9618,1300,
10:28:14,61.96,200,
10:28:14,61.96,300,
10:28:15,61.961,687,
10:28:15,61.961,200,
10:28:15,61.961,320,
10:28:17,61.961,100,
10:28:17,61.961,900,
10:28:17,61.961,100,
10:28:17,61.961,100,
10:28:17,61.961,100,
10:28:17,61.96,100,
10:28:23,61.97,500,
10:28:25,61.971,2000,
10:28:27,61.9799,7100,
10:28:29,61.9785,400,
10:28:37,61.98,300,
10:28:43,61.9807,300,
10:28:57,61.98,100,
10:28:57,61.98,100,
10:29:08,61.979,8100,
10:29:21,61.99,300,
10:29:22,61.99,300,
10:29:22,61.99,500,
10:29:22,61.99,500,
10:29:22,61.99,200,
10:29:22,61.99,300,
10:29:23,62,500,
10:29:23,61.99,100,
10:29:24,62,100,
10:29:24,62,500,
10:29:24,62.0001,200,
10:29:26,62,200,
10:29:31,62,100,
10:29:31,62,463,
10:29:31,62,400,
10:29:36,62.01,500,
10:29:36,62.01,300,
10:29:36,62.01,200,
10:29:37,62.01,300,
10:29:40,62.02,200,
10:29:40,62.02,300,
10:29:40,62.015,100,
10:29:42,62.02,300,
10:29:42,62.02,300,
10:29:44,62.03,100,
10:29:44,62.03,900,
10:29:45,62.03,2400,
10:29:45,62.03,800,
10:29:45,62.03,500,
10:29:45,62.03,317,
10:29:45,62.03,900,
10:29:45,62.03,800,
10:29:45,62.03,700,
10:29:45,62.03,800,
10:29:45,62.03,300,
10:29:45,62.03,100,
10:29:46,62.03,400,
10:29:46,62.03,500,
10:29:48,62.03,800,
10:29:48,62.03,400,
10:29:50,62.03,100,
10:29:51,62.03,300,
10:29:52,62.04,500,
10:29:57,62.04,400,
10:29:57,62.05,100,
10:29:57,62.05,500,
10:29:59,62.04,100,
10:29:59,62.04,500,
10:30:04,62.02,300,
10:30:04,62.02,200,
10:30:04,62.03,300,
10:30:06,62.02,200,
10:30:07,62.02,1484,
10:30:07,62.02,500,
10:30:07,62.01,100,
10:30:10,62.0199,9200,
10:30:17,62.02,100,
10:30:22,62.0299,200,
10:30:31,62.03,3100,
10:30:31,62.03,500,
10:30:37,62.03,400,
10:30:37,62.03,4000,
10:30:37,62.03,300,
10:30:37,62.03,100,
10:30:39,62.03,500,
10:30:39,62.03,600,
10:30:39,62.03,800,
10:30:39,62.03,800,
10:30:39,62.03,800,
10:30:39,62.03,1600,
10:30:39,62.03,800,
10:30:39,62.03,400,
10:30:39,62.03,800,
10:30:39,62.03,400,
10:30:39,62.03,100,
10:30:39,62.03,100,
10:30:39,62.03,200,
10:30:39,62.03,100,
10:30:39,62.03,1000,
10:30:41,62.03,400,
10:30:42,62.03,500,
10:30:42,62.03,900,
10:30:42,62.03,100,
10:30:42,62.03,1000,
10:30:42,62.03,400,
10:30:42,62.03,712,
10:30:42,62.03,800,
10:30:42,62.03,588,
10:30:42,62.03,100,
10:30:42,62.03,500,
10:30:42,62.03,701,
10:30:42,62.03,500,
10:30:42,62.03,200,
10:30:42,62.03,1000,
10:30:44,62.0299,2000,
10:30:45,62.02,100,
10:30:45,62.02,500,
10:30:45,62.02,100,
10:30:45,62.011,300,
10:30:47,62.01,175,
10:30:49,62.01,100,
10:30:50,62.01,600,
10:30:50,62.01,500,
10:30:52,62.01,300,
10:30:52,62.01,500,
10:31:00,62,400,
10:31:02,62.01,200,
10:31:02,62.01,100,
10:31:03,62.011,125,
10:31:04,62.02,500,
10:31:05,62.02,100,
10:31:05,62.02,500,
10:31:05,62.02,100,
10:31:05,62.02,100,
10:31:05,62.02,100,
10:31:08,62.02,200,
10:31:15,62.02,200,
10:31:15,62.02,100,
10:31:15,62.02,300,
10:31:16,62.013,500,
10:31:18,62.015,500,
10:31:22,62.02,500,
10:31:23,62.0195,500,
10:31:24,62.02,500,
10:31:24,62.02,500,
10:31:24,62.02,200,
10:31:24,62.02,900,
10:31:24,62.02,1200,
10:31:28,62.02,200,
10:31:28,62.02,100,
10:31:28,62.01,300,
10:31:28,62.01,700,
10:31:30,62.025,300,
10:31:31,62.01,100,
10:31:31,62.01,150,
10:31:37,62.01,100,
10:31:38,62.01,500,
10:31:38,62.005,100,
10:31:38,62.01,400,
10:31:38,62.01,959,
10:31:38,62.01,1000,
10:31:46,62.02,800,
10:31:46,62.02,800,
10:31:46,62.02,800,
10:31:46,62.02,800,
10:31:46,62.02,500,
10:31:47,62.02,700,
10:31:47,62.02,600,
10:31:47,62.02,100,
10:31:47,62.02,100,
10:31:47,62.02,1000,
10:31:47,62.0232,600,
10:31:48,62.03,100,
10:31:48,62.03,400,
10:31:48,62.03,100,
10:31:48,62.03,500,
10:31:48,62.03,500,
10:31:48,62.03,800,
10:31:48,62.03,500,
10:31:48,62.03,100,
10:31:48,62.03,800,
10:31:50,62.04,100,
10:31:51,62.04,500,
10:31:51,62.04,500,
10:31:52,62.04,349,
10:31:52,62.04,524,
10:31:52,62.04,126,
10:31:52,62.04,124,
10:31:52,62.04,451,
10:31:54,62.05,2400,
10:31:54,62.05,100,
10:31:54,62.05,500,
10:31:54,62.05,100,
10:31:54,62.05,100,
10:31:54,62.05,800,
10:31:54,62.05,600,
10:31:54,62.05,500,
10:31:54,62.05,1600,
10:31:54,62.045,100,
10:31:54,62.045,100,
10:31:54,62.045,100,
10:31:54,62.045,100,
10:32:00,62.047,200,
10:32:01,62.048,800,
10:32:02,62.04,600,
10:32:02,62.049,490,
10:32:03,62.04,200,
10:32:08,62.05,100,
10:32:08,62.05,100,
10:32:08,62.05,100,
10:32:08,62.05,100,
10:32:09,62.06,100,
10:32:09,62.06,200,
10:32:10,62.07,1600,
10:32:10,62.07,500,
10:32:10,62.07,100,
10:32:12,62.07,400,
10:32:12,62.07,100,
10:32:12,62.07,200,
10:32:13,62.08,300,
10:32:14,62.08,200,
10:32:14,62.07,100,
10:32:14,62.07,200,
10:32:14,62.07,300,
10:32:15,62.07,600,
10:32:15,62.07,600,
10:32:15,62.07,800,
10:32:15,62.07,100,
10:32:15,62.07,200,
10:32:15,62.07,100,
10:32:15,62.07,500,
10:32:15,62.07,1400,
10:32:15,62.07,600,
10:32:15,62.07,1000,
10:32:15,62.07,325,
10:32:15,62.07,200,
10:32:15,62.07,800,
10:32:15,62.07,100,
10:32:15,62.07,200,
10:32:15,62.07,300,
10:32:17,62.0799,1000,
10:32:21,62.08,100,
10:32:23,62.079,500,
10:32:27,62.07,1800,
10:32:27,62.07,100,
10:32:27,62.07,100,
10:32:27,62.07,500,
10:32:27,62.07,800,
10:32:27,62.07,500,
10:32:27,62.07,200,
10:32:27,62.07,100,
10:32:27,62.07,200,
10:32:27,62.07,800,
10:32:27,62.07,500,
10:32:27,62.07,500,
10:32:27,62.07,600,
10:32:27,62.07,500,
10:32:27,62.07,100,
10:32:27,62.07,200,
10:32:33,62.07,811,
10:32:33,62.07,1000,
10:32:33,62.07,500,
10:32:33,62.07,100,
10:32:34,62.06,300,
10:32:34,62.06,100,
10:32:34,62.06,200,
10:32:34,62.06,400,
10:32:34,62.06,640,
10:32:34,62.06,600,
10:32:34,62.06,125,
10:32:34,62.06,100,
10:32:37,62.06,300,
10:32:37,62.06,1500,
10:32:37,62.06,100,
10:32:39,62.07,200,
10:32:39,62.07,500,
10:32:39,62.07,275,
10:32:39,62.07,100,
10:32:39,62.07,200,
10:32:39,62.07,100,
10:32:39,62.07,900,
10:32:39,62.07,2000,
10:32:39,62.07,200,
10:32:40,62.07,500,
10:32:45,62.06,400,
10:32:45,62.06,100,
10:32:45,62.06,100,
10:32:45,62.06,100,
10:32:45,62.06,300,
10:32:45,62.06,100,
10:32:47,62.06,1200,
10:32:49,62.05,600,
10:33:01,62.05,100,
10:33:01,62.05,400,
10:33:01,62.04,100,
10:33:01,62.04,100,
10:33:12,62.05,100,
10:33:12,62.05,500,
10:33:14,62.05,200,
10:33:14,62.05,500,
10:33:14,62.04,515,
10:33:14,62.04,100,
10:33:18,62.0457,300,
10:33:19,62.05,100,
10:33:19,62.0499,100,
10:33:19,62.05,500,
10:33:19,62.05,475,
10:33:19,62.05,500,
10:33:25,62.06,100,
10:33:27,62.06,500,
10:33:30,62.06,200,
10:33:30,62.06,100,
10:33:30,62.06,100,
10:33:30,62.06,100,
10:33:42,62.06,1000,
10:33:42,62.06,200,
10:33:42,62.06,100,
10:33:49,62.05,1000,
10:33:58,62.05,100,
10:34:00,62.05,100,
10:34:00,62.05,100,
10:34:00,62.05,100,
10:34:00,62.05,259,
10:34:00,62.05,1500,
10:34:00,62.05,100,
10:34:00,62.05,300,
10:34:08,62.05,100,
10:34:08,62.05,200,
10:34:08,62.05,100,
10:34:10,62.05,100,
10:34:10,62.05,500,
10:34:12,62.05,300,
10:34:12,62.06,300,
10:34:12,62.05,215,
10:34:12,62.05,100,
10:34:12,62.05,100,
10:34:12,62.05,100,
10:34:13,62.05,600,
10:34:13,62.05,500,
10:34:13,62.05,1200,
10:34:13,62.05,200,
10:34:13,62.05,800,
10:34:14,62.06,100,
10:34:14,62.06,100,
10:34:14,62.06,200,
10:34:14,62.05,300,
10:34:14,62.05,200,
10:34:14,62.05,300,
10:34:17,62.05,200,
10:34:17,62.05,1200,
10:34:17,62.05,100,
10:34:17,62.05,200,
10:34:17,62.05,1000,
10:34:18,62.06,100,
10:34:18,62.06,200,
10:34:26,62.05,800,
10:34:26,62.05,200,
10:34:26,62.05,500,
10:34:30,62.04,410,
10:34:35,62.04,100,
10:34:35,62.04,200,
10:34:35,62.0357,200,
10:34:36,62.04,600,
10:34:39,62.03,2400,
10:34:44,62.03,100,
10:34:44,62.03,200,
10:34:55,62.03,115,
10:34:55,62.03,100,
10:34:57,62.03,100,
10:34:57,62.02,500,
10:35:00,62.03,400,
10:35:00,62.03,317,
10:35:00,62.03,500,
10:35:00,62.03,100,
10:35:00,62.03,800,
10:35:01,62.03,500,
10:35:01,62.03,955,
10:35:01,62.03,600,
10:35:01,62.03,300,
10:35:06,62.03,610,
10:35:06,62.03,100,
10:35:07,62.03,100,
10:35:07,62.03,1000,
10:35:07,62.03,1200,
10:35:07,62.03,100,
10:35:09,62.03,200,
10:35:09,62.03,500,
10:35:09,62.03,300,
10:35:09,62.03,200,
10:35:10,62.04,200,
10:35:10,62.05,300,
10:35:16,62.04,500,
10:35:16,62.04,200,
10:35:17,62.04,300,
10:35:20,62.03,100,
10:35:41,62.03,415,
10:35:41,62.03,1685,
10:35:41,62.035,700,
10:35:41,62.035,1300,
10:35:41,62.03,100,
10:35:47,62.03,2400,
10:35:47,62.03,800,
10:35:47,62.03,1000,
10:35:47,62.03,800,
10:35:47,62.03,400,
10:35:47,62.04,23000,
10:35:49,62.04,500,
10:35:50,62.04,500,
10:35:55,62.03,900,
10:35:57,62.039,200,
10:36:05,62.03,200,
10:36:05,62.03,800,
10:36:05,62.03,800,
10:36:05,62.03,100,
10:36:05,62.03,200,
10:36:05,62.03,200,
10:36:05,62.03,100,
10:36:05,62.03,600,
10:36:05,62.03,100,
10:36:05,62.03,1301,
10:36:05,62.03,800,
10:36:05,62.03,300,
10:36:05,62.03,400,
10:36:05,62.03,600,
10:36:05,62.03,100,
10:36:05,62.03,1966,
10:36:07,62.029,1400,
10:36:09,62.03,29010,
10:36:12,62.03,300,
10:36:12,62.03,100,
10:36:15,62.04,200,
10:36:15,62.03,500,
10:36:15,62.03,300,
10:36:21,62.03,800,
10:36:21,62.03,500,
10:36:26,62.03,100,
10:36:32,62.0295,100,
10:36:33,62.03,500,
10:36:45,62.039,300,
10:36:49,62.03,100,
10:36:49,62.03,200,
10:36:51,62.02,1400,
10:36:53,62.02,100,
10:36:53,62.02,100,
10:37:03,62.02,200,
10:37:04,62.02,100,
10:37:18,62.01,500,
10:37:19,62.01,400,
10:37:20,62.01,3900,
10:37:20,62.01,100,
10:37:20,62.01,100,
10:37:33,62,875,
10:37:33,62,500,
10:37:34,62.01,200,
10:37:34,62.01,400,
10:37:34,62.01,100,
10:37:34,62.01,500,
10:37:34,62.01,500,
10:37:34,62.01,800,
10:37:34,62.01,900,
10:37:34,62.01,100,
10:37:35,62.01,800,
10:37:35,62.02,500,
10:37:36,62.02,100,
10:37:36,62.02,100,
10:37:42,62.02,500,
10:37:42,62.03,300,
10:37:51,62.03,300,
10:37:51,62.03,500,
10:37:51,62.03,100,
10:37:51,62.03,400,
10:37:53,62.03,500,
10:37:53,62.03,200,
10:37:55,62.03,500,
10:37:55,62.03,400,
10:37:58,62.03,500,
10:38:01,62.03,200,
10:38:01,62.03,100,
10:38:01,62.03,900,
10:38:01,62.03,300,
10:38:01,62.03,509,
10:38:01,62.03,700,
10:38:01,62.03,500,
10:38:02,62.03,100,
10:38:02,62.03,300,
10:38:09,62.02,200,
10:38:15,62.03,300,
10:38:21,62.02,600,
10:38:21,62.02,100,
10:38:21,62.02,100,
10:38:21,62.02,100,
10:38:21,62.02,200,
10:38:22,62.0101,1000,
10:38:24,62.02,200,
10:38:33,62.01,452,
10:38:33,62.01,400,
10:38:33,62.01,2748,
10:38:33,62,2500,
10:38:35,62,100,
10:38:35,62,175,
10:38:35,62,175,
10:38:36,62,1356,
10:38:39,62,200,
10:38:39,62,200,
10:38:39,62,300,
10:38:39,62.01,300,
10:38:40,62,399,
10:38:40,62,100,
10:38:42,62.0018,100,
10:38:51,62.01,700,
10:38:55,62,1000,
10:38:57,61.9901,2000,
10:39:00,62,100,
10:39:03,62,500,
10:39:03,62,600,
10:39:03,62,800,
10:39:03,62,500,
10:39:05,61.999,200,
10:39:05,61.999,200,
10:39:07,62,599,
10:39:07,62,399,
10:39:07,61.9999,300,
10:39:08,62,500,
10:39:16,61.994,200,
10:39:24,62,299,
10:39:24,62,100,
10:39:27,62,200,
10:39:27,62.0099,400,
10:39:31,62,300,
10:39:31,62,500,
10:39:32,62,100,
10:39:56,61.99,1000,
10:39:56,61.99,500,
10:39:56,61.99,100,
10:39:56,61.99,200,
10:39:56,61.99,100,
