09:30:00,64.61,400,
09:30:00,64.61,60906,
09:30:00,64.62,100,
09:30:00,64.63,100,
09:30:00,64.63,1000,
09:30:00,64.63,400,
09:30:00,64.63,500,
09:30:02,64.62,191,
09:30:02,64.62,591,
09:30:02,64.63,800,
09:30:02,64.62,548,
09:30:02,64.61,316,
09:30:02,64.62,684,
09:30:02,64.61,684,
09:30:02,64.61,1084,
09:30:02,64.61,800,
09:30:02,64.61,2576,
09:30:02,64.61,800,
09:30:02,64.61,600,
09:30:02,64.61,800,
09:30:02,64.61,3300,
09:30:02,64.61,100,
09:30:02,64.61,800,
09:30:02,64.61,200,
09:30:02,64.61,700,
09:30:02,64.60,100,
09:30:02,64.60,400,
09:30:02,64.60,200,
09:30:02,64.60,1630,
09:30:02,64.60,1945,
09:30:02,64.60,200,
09:30:02,64.60,300,
09:30:02,64.60,1100,
09:30:03,64.58,400,
09:30:05,64.58,100,
09:30:05,64.58,100,
09:30:05,64.58,100,
09:30:05,64.58,100,
09:30:05,64.57,2000,
09:30:05,64.56,600,
09:30:05,64.57,800,
09:30:05,64.58,100,
09:30:05,64.58,200,
09:30:05,64.58,336,
09:30:05,64.58,100,
09:30:05,64.58,3000,
09:30:05,64.58,200,
09:30:05,64.58,300,
09:30:05,64.58,800,
09:30:05,64.58,200,
09:30:05,64.58,300,
09:30:05,64.58,575,
09:30:05,64.57,1011,
09:30:05,64.57,100,
09:30:05,64.57,100,
09:30:05,64.56,2500,
09:30:05,64.56,200,
09:30:05,64.56,200,
09:30:05,64.56,200,
09:30:05,64.56,400,
09:30:05,64.56,500,
09:30:05,64.56,1000,
09:30:05,64.55,400,
09:30:05,64.56,200,
09:30:05,64.56,700,
09:30:05,64.56,200,
09:30:05,64.56,1248,
09:30:05,64.56,760,
09:30:05,64.55,2900,
09:30:05,64.55,600,
09:30:05,64.55,200,
09:30:05,64.55,1000,
09:30:05,64.55,4476,
09:30:05,64.55,600,
09:30:05,64.55,700,
09:30:05,64.56,600,
09:30:05,64.56,200,
09:30:05,64.57,200,
09:30:05,64.57,200,
09:30:05,64.57,200,
09:30:05,64.58,500,
09:30:05,64.58,100,
09:30:05,64.58,800,
09:30:05,64.59,816,
09:30:05,64.59,200,
09:30:05,64.58,100,
09:30:05,64.58,200,
09:30:06,64.58,300,
09:30:06,64.58,300,
09:30:06,64.58,600,
09:30:06,64.58,200,
09:30:06,64.58,800,
09:30:06,64.58,1200,
09:30:06,64.57,400,
09:30:07,64.56,300,
09:30:07,64.56,651,
09:30:08,64.58,400,
09:30:10,64.58,100,
09:30:10,64.58,200,
09:30:10,64.58,200,
09:30:12,64.58,500,
09:30:15,64.58,400,
09:30:17,64.57,300,
09:30:18,64.57,800,
09:30:18,64.57,200,
09:30:18,64.57,200,
09:30:18,64.57,800,
09:30:18,64.56,700,
09:30:18,64.56,500,
09:30:18,64.56,100,
09:30:18,64.56,1600,
09:30:19,64.57,800,
09:30:20,64.58,400,
09:30:21,64.61,4100,
09:30:21,64.57,200,
09:30:21,64.57,255,
09:30:21,64.57,200,
09:30:21,64.57,200,
09:30:21,64.57,200,
09:30:21,64.57,200,
09:30:21,64.56,800,
09:30:21,64.55,400,
09:30:21,64.55,400,
09:30:24,64.57,600,
09:30:24,64.56,800,
09:30:25,64.56,200,
09:30:25,64.609,300,
09:30:26,64.57,300,
09:30:26,64.56,230,
09:30:26,64.55,500,
09:30:26,64.55,200,
09:30:26,64.55,400,
09:30:27,64.55,200,
09:30:27,64.55,200,
09:30:27,64.55,400,
09:30:27,64.55,100,
09:30:27,64.55,200,
09:30:27,64.55,300,
09:30:27,64.55,200,
09:30:27,64.55,300,
09:30:28,64.54,800,
09:30:28,64.54,400,
09:30:28,64.54,200,
09:30:28,64.54,200,
09:30:28,64.54,200,
09:30:28,64.54,200,
09:30:28,64.54,1400,
09:30:28,64.54,800,
09:30:29,64.54,400,
09:30:29,64.54,100,
09:30:29,64.54,300,
09:30:29,64.53,400,
09:30:29,64.53,100,
09:30:29,64.54,200,
09:30:29,64.54,100,
09:30:29,64.54,800,
09:30:29,64.54,300,
09:30:29,64.54,200,
09:30:29,64.54,700,
09:30:29,64.618,475,
09:30:30,64.54,500,
09:30:30,64.54,100,
09:30:31,64.615,1000,
09:30:31,64.6176,250,
09:30:32,64.57,500,
09:30:32,64.55,500,
09:30:32,64.55,3100,
09:30:32,64.54,400,
09:30:32,64.54,1100,
09:30:32,64.54,500,
09:30:32,64.54,400,
09:30:32,64.56,100,
09:30:33,64.54,500,
09:30:33,64.56,300,
09:30:33,64.55,100,
09:30:34,64.57,1400,
09:30:34,64.57,800,
09:30:34,64.56,300,
09:30:35,64.558,300,
09:30:37,64.57,1200,
09:30:38,64.56,800,
09:30:38,64.56,200,
09:30:39,64.57,500,
09:30:39,64.57,300,
09:30:39,64.57,200,
09:30:40,64.57,1400,
09:30:40,64.57,400,
09:30:40,64.57,200,
09:30:40,64.5772,100,
09:30:41,64.57,538,
09:30:41,64.57,100,
09:30:41,64.57,200,
09:30:41,64.57,200,
09:30:41,64.57,200,
09:30:41,64.57,1100,
09:30:41,64.57,300,
09:30:41,64.57,200,
09:30:41,64.57,200,
09:30:41,64.57,100,
09:30:41,64.57,200,
09:30:42,64.56,400,
09:30:43,64.57,400,
09:30:43,64.57,200,
09:30:43,64.57,1300,
09:30:44,64.57,200,
09:30:44,64.57,200,
09:30:44,64.57,100,
09:30:46,64.57,100,
09:30:47,64.57,300,
09:30:47,64.57,800,
09:30:47,64.57,100,
09:30:48,64.57,900,
09:30:49,64.57,100,
09:30:49,64.56,120,
09:30:50,64.56,1579,
09:30:53,64.55,100,
09:30:53,64.55,200,
09:30:53,64.55,899,
09:30:53,64.55,800,
09:30:53,64.55,200,
09:30:53,64.55,200,
09:30:53,64.55,100,
09:30:54,64.55,100,
09:30:54,64.55,100,
09:30:54,64.55,200,
09:30:54,64.55,100,
09:30:54,64.55,400,
09:30:56,64.54,200,
09:30:56,64.54,100,
09:30:56,64.54,200,
09:30:56,64.54,200,
09:30:56,64.53,100,
09:30:56,64.53,800,
09:30:56,64.53,400,
09:30:56,64.53,100,
09:30:56,64.53,100,
09:30:57,64.55,400,
09:30:57,64.54,200,
09:30:59,64.55,100,
09:30:59,64.54,300,
09:30:59,64.54,100,
09:30:59,64.54,100,
09:30:59,64.54,800,
09:30:59,64.54,100,
09:30:59,64.55,400,
09:30:59,64.55,1600,
09:30:59,64.55,4800,
09:30:59,64.545,100,
09:30:59,64.545,100,
09:30:59,64.55,800,
09:30:59,64.55,200,
09:30:59,64.55,200,
09:30:59,64.55,100,
09:30:59,64.55,100,
09:30:59,64.545,100,
09:30:59,64.54,400,
09:30:59,64.54,200,
09:30:59,64.54,100,
09:30:59,64.54,200,
09:30:59,64.54,100,
09:30:59,64.54,100,
09:30:59,64.54,200,
09:30:59,64.54,100,
09:30:59,64.54,100,
09:31:00,64.55,100,
09:31:00,64.55,500,
09:31:00,64.56,500,
09:31:00,64.555,100,
09:31:00,64.56,800,
09:31:00,64.56,200,
09:31:00,64.56,200,
09:31:00,64.56,600,
09:31:00,64.555,100,
09:31:01,64.555,100,
09:31:01,64.55,300,
09:31:01,64.55,200,
09:31:01,64.55,200,
09:31:01,64.55,100,
09:31:01,64.55,200,
09:31:01,64.55,800,
09:31:01,64.55,100,
09:31:01,64.55,200,
09:31:02,64.552,355,
09:31:02,64.55,600,
09:31:02,64.54,800,
09:31:02,64.54,800,
09:31:02,64.54,100,
09:31:02,64.54,800,
09:31:02,64.54,400,
09:31:02,64.54,100,
09:31:03,64.55,1900,
09:31:03,64.55,2500,
09:31:03,64.55,200,
09:31:03,64.55,500,
09:31:04,64.54,100,
09:31:04,64.54,300,
09:31:04,64.54,800,
09:31:04,64.54,200,
09:31:04,64.54,300,
09:31:05,64.55,100,
09:31:05,64.55,100,
09:31:05,64.55,200,
09:31:05,64.55,100,
09:31:07,64.54,100,
09:31:07,64.54,300,
09:31:07,64.54,100,
09:31:07,64.54,700,
09:31:07,64.54,500,
09:31:08,64.54,100,
09:31:08,64.54,100,
09:31:08,64.55,800,
09:31:08,64.55,400,
09:31:08,64.55,100,
09:31:08,64.55,1600,
09:31:08,64.55,100,
09:31:08,64.55,900,
09:31:08,64.55,200,
09:31:08,64.55,100,
09:31:08,64.55,300,
09:31:08,64.55,600,
09:31:08,64.55,600,
09:31:08,64.55,600,
09:31:08,64.55,100,
09:31:08,64.55,500,
09:31:08,64.55,100,
09:31:08,64.55,200,
09:31:08,64.55,800,
09:31:08,64.56,400,
09:31:08,64.56,200,
09:31:08,64.55,400,
09:31:08,64.55,500,
09:31:08,64.54,400,
09:31:08,64.54,100,
09:31:09,64.54,400,
09:31:09,64.54,800,
09:31:10,64.5473,300,
09:31:10,64.549,300,
09:31:10,64.55,300,
09:31:11,64.56,2500,
09:31:11,64.56,1400,
09:31:11,64.56,100,
09:31:11,64.56,200,
09:31:11,64.57,800,
09:31:11,64.57,1000,
09:31:12,64.57,400,
09:31:13,64.56,600,
09:31:13,64.56,600,
09:31:13,64.56,400,
09:31:13,64.56,100,
09:31:13,64.56,200,
09:31:13,64.56,100,
09:31:13,64.56,200,
09:31:13,64.57,400,
09:31:13,64.56,300,
09:31:13,64.56,100,
09:31:13,64.56,600,
09:31:14,64.55,200,
09:31:14,64.55,100,
09:31:14,64.55,500,
09:31:14,64.55,400,
09:31:15,64.56,800,
09:31:15,64.56,600,
09:31:15,64.56,400,
09:31:15,64.56,800,
09:31:15,64.56,100,
09:31:15,64.56,400,
09:31:15,64.56,400,
09:31:15,64.56,200,
09:31:15,64.56,100,
09:31:15,64.56,200,
09:31:15,64.56,100,
09:31:15,64.56,800,
09:31:15,64.56,200,
09:31:15,64.56,700,
09:31:15,64.56,200,
09:31:15,64.56,400,
09:31:15,64.56,600,
09:31:15,64.56,400,
09:31:17,64.56,500,
09:31:18,64.56,300,
09:31:18,64.56,800,
09:31:18,64.56,200,
09:31:18,64.56,200,
09:31:19,64.56,600,
09:31:20,64.56,2445,
09:31:20,64.56,800,
09:31:20,64.56,400,
09:31:22,64.56,200,
09:31:22,64.56,780,
09:31:22,64.56,300,
09:31:22,64.56,3900,
09:31:22,64.56,246,
09:31:22,64.55,600,
09:31:23,64.55,100,
09:31:23,64.55,800,
09:31:23,64.55,1600,
09:31:24,64.56,800,
09:31:24,64.56,100,
09:31:24,64.56,100,
09:31:25,64.56,100,
09:31:29,64.56,200,
09:31:29,64.56,200,
09:31:31,64.56,500,
09:31:31,64.55,200,
09:31:32,64.55,200,
09:31:32,64.55,184,
09:31:32,64.56,200,
09:31:33,64.56,100,
09:31:33,64.56,200,
09:31:33,64.56,200,
09:31:35,64.549,387,
09:31:38,64.55,600,
09:31:38,64.55,200,
09:31:40,64.54,100,
09:31:40,64.54,300,
09:31:41,64.54,100,
09:31:41,64.54,800,
09:31:41,64.54,100,
09:31:41,64.54,100,
09:31:44,64.55,200,
09:31:45,64.54,300,
09:31:45,64.54,400,
09:31:45,64.54,12022,
09:31:45,64.54,501,
09:31:45,64.53,100,
09:31:45,64.52,300,
09:31:47,64.5286,1000,
09:31:48,64.53,400,
09:31:49,64.52,100,
09:31:51,64.52,100,
09:31:51,64.53,400,
09:31:51,64.53,300,
09:31:51,64.53,248,
09:31:53,64.52,598,
09:31:53,64.52,498,
09:31:53,64.52,800,
09:31:55,64.5199,3000,
09:31:55,64.5262,667,
09:31:57,64.52,600,
09:31:57,64.51,400,
09:31:57,64.51,400,
09:31:57,64.51,300,
09:31:58,64.51,300,
09:31:58,64.51,100,
09:31:58,64.51,200,
09:31:58,64.51,200,
09:31:58,64.51,300,
09:31:58,64.51,200,
09:31:58,64.51,300,
09:32:01,64.50,410,
09:32:02,64.48,400,
09:32:04,64.47,800,
09:32:04,64.47,200,
09:32:04,64.47,300,
09:32:04,64.47,800,
09:32:04,64.47,2000,
09:32:04,64.46,2200,
09:32:04,64.47,200,
09:32:04,64.47,200,
09:32:04,64.47,700,
09:32:04,64.47,600,
09:32:04,64.47,200,
09:32:04,64.47,200,
09:32:04,64.4799,9500,
09:32:05,64.48,200,
09:32:05,64.49,400,
09:32:05,64.49,400,
09:32:05,64.49,600,
09:32:05,64.49,300,
09:32:05,64.49,100,
09:32:06,64.50,100,
09:32:08,64.50,600,
09:32:08,64.50,200,
09:32:09,64.50,100,
09:32:09,64.50,300,
09:32:09,64.50,400,
09:32:09,64.50,200,
09:32:09,64.50,400,
09:32:09,64.50,200,
09:32:09,64.49,100,
09:32:09,64.48,400,
09:32:09,64.48,300,
09:32:12,64.48,300,
09:32:12,64.48,800,
09:32:12,64.48,200,
09:32:12,64.48,400,
09:32:12,64.47,6200,
09:32:12,64.47,2500,
09:32:12,64.47,2400,
09:32:12,64.47,800,
09:32:12,64.47,200,
09:32:12,64.47,200,
09:32:12,64.47,200,
09:32:12,64.48,400,
09:32:12,64.48,700,
09:32:12,64.48,100,
09:32:12,64.48,300,
09:32:13,64.48,1000,
09:32:13,64.48,800,
09:32:15,64.49,300,
09:32:15,64.50,200,
09:32:15,64.51,300,
09:32:15,64.51,300,
09:32:15,64.51,100,
09:32:15,64.51,100,
09:32:15,64.51,100,
09:32:15,64.51,100,
09:32:16,64.50,200,
09:32:16,64.51,300,
09:32:16,64.51,200,
09:32:16,64.51,100,
09:32:16,64.51,200,
09:32:16,64.51,700,
09:32:18,64.51,200,
09:32:19,64.50,800,
09:32:19,64.50,400,
09:32:19,64.49,200,
09:32:19,64.49,100,
09:32:19,64.49,200,
09:32:19,64.49,200,
09:32:19,64.49,300,
09:32:19,64.49,100,
09:32:19,64.49,400,
09:32:19,64.49,900,
09:32:19,64.49,100,
09:32:19,64.49,100,
09:32:19,64.49,100,
09:32:19,64.49,100,
09:32:19,64.49,200,
09:32:19,64.49,100,
09:32:19,64.49,100,
09:32:19,64.48,300,
09:32:19,64.50,800,
09:32:21,64.49,100,
09:32:21,64.49,100,
09:32:22,64.49,500,
09:32:23,64.50,100,
09:32:24,64.49,200,
09:32:29,64.499,300,
09:32:30,64.5077,155,
09:32:32,64.51,600,
09:32:34,64.50,100,
09:32:34,64.50,400,
09:32:34,64.50,1000,
09:32:34,64.50,100,
09:32:34,64.50,300,
09:32:34,64.50,100,
09:32:34,64.50,100,
09:32:35,64.50,600,
09:32:37,64.49,200,
09:32:38,64.50,800,
09:32:39,64.5099,200,
09:32:40,64.50,400,
09:32:42,64.50,100,
09:32:45,64.50,237,
09:32:49,64.51,400,
09:32:49,64.51,100,
09:32:49,64.51,200,
09:32:50,64.51,100,
09:32:50,64.51,200,
09:32:51,64.51,200,
09:32:51,64.51,800,
09:32:52,64.51,100,
09:32:52,64.51,100,
09:32:54,64.52,100,
09:32:56,64.52,100,
09:32:58,64.52,200,
09:33:05,64.52,300,
09:33:08,64.51,500,
09:33:09,64.51,100,
09:33:09,64.51,300,
09:33:09,64.50,2400,
09:33:09,64.50,100,
09:33:09,64.50,400,
09:33:09,64.50,200,
09:33:09,64.50,800,
09:33:09,64.50,800,
09:33:09,64.50,1000,
09:33:09,64.50,1800,
09:33:09,64.50,200,
09:33:09,64.51,200,
09:33:09,64.50,1100,
09:33:09,64.50,100,
09:33:09,64.50,200,
09:33:09,64.50,200,
09:33:09,64.50,200,
09:33:09,64.50,8800,
09:33:09,64.50,900,
09:33:09,64.50,500,
09:33:09,64.50,100,
09:33:09,64.50,200,
09:33:09,64.50,200,
09:33:11,64.50,200,
09:33:11,64.50,200,
09:33:11,64.49,100,
09:33:11,64.49,400,
09:33:11,64.50,2400,
09:33:11,64.50,400,
09:33:11,64.50,300,
09:33:11,64.50,800,
09:33:11,64.50,200,
09:33:11,64.50,800,
09:33:11,64.50,300,
09:33:11,64.49,100,
09:33:12,64.495,800,
09:33:12,64.50,300,
09:33:12,64.50,3700,
09:33:12,64.49,600,
09:33:13,64.48,800,
09:33:22,64.46,100,
09:33:22,64.46,100,
09:33:22,64.46,100,
09:33:23,64.465,100,
09:33:23,64.465,300,
09:33:25,64.48,100,
09:33:25,64.48,200,
09:33:27,64.48,100,
09:33:27,64.48,100,
09:33:28,64.48,100,
09:33:32,64.48,400,
09:33:32,64.475,100,
09:33:33,64.48,100,
09:33:33,64.47,100,
09:33:33,64.47,300,
09:33:34,64.4693,300,
09:33:34,64.4699,2000,
09:33:34,64.47,100,
09:33:34,64.4699,300,
09:33:37,64.47,100,
09:33:37,64.47,300,
09:33:37,64.47,2700,
09:33:38,64.47,500,
09:33:38,64.465,100,
09:33:38,64.475,100,
09:33:40,64.48,100,
09:33:40,64.47,600,
09:33:40,64.47,300,
09:33:41,64.4701,2300,
09:33:42,64.47,1500,
09:33:42,64.47,700,
09:33:42,64.47,800,
09:33:43,64.48,100,
09:33:44,64.48,800,
09:33:44,64.47,400,
09:33:46,64.48,100,
09:33:46,64.48,200,
09:33:46,64.48,800,
09:33:46,64.48,100,
09:33:46,64.48,100,
09:33:46,64.48,100,
09:33:47,64.48,100,
09:33:47,64.48,400,
09:33:48,64.47,100,
09:33:48,64.46,100,
09:33:51,64.4799,100,
09:33:51,64.4799,100,
09:33:51,64.4799,100,
09:33:51,64.48,100,
09:33:52,64.46,800,
09:33:52,64.46,500,
09:33:57,64.46,100,
09:33:58,64.47,100,
09:33:59,64.46,400,
09:34:05,64.46,100,
09:34:05,64.46,400,
09:34:06,64.46,100,
09:34:06,64.46,200,
09:34:06,64.46,100,
09:34:06,64.46,100,
09:34:09,64.4697,500,
09:34:09,64.47,100,
09:34:09,64.47,100,
09:34:09,64.47,100,
09:34:09,64.47,200,
09:34:09,64.47,200,
09:34:09,64.48,600,
09:34:09,64.465,200,
09:34:09,64.47,100,
09:34:11,64.475,100,
09:34:11,64.48,100,
09:34:12,64.4726,300,
09:34:18,64.48,100,
09:34:18,64.48,100,
09:34:18,64.48,100,
09:34:18,64.48,100,
09:34:18,64.48,200,
09:34:18,64.48,200,
09:34:18,64.49,600,
09:34:18,64.49,600,
09:34:18,64.49,200,
09:34:18,64.48,200,
09:34:21,64.49,100,
09:34:23,64.49,400,
09:34:23,64.49,600,
09:34:23,64.49,300,
09:34:23,64.48,300,
09:34:24,64.49,200,
09:34:24,64.49,200,
09:34:24,64.49,200,
09:34:24,64.49,100,
09:34:24,64.49,100,
09:34:24,64.49,100,
09:34:24,64.49,100,
09:34:25,64.50,600,
09:34:25,64.50,200,
09:34:25,64.50,100,
09:34:25,64.50,200,
09:34:25,64.50,100,
09:34:25,64.50,200,
09:34:26,64.50,400,
09:34:26,64.50,100,
09:34:27,64.50,200,
09:34:27,64.50,200,
09:34:27,64.50,800,
09:34:27,64.50,800,
09:34:27,64.49,400,
09:34:27,64.49,200,
09:34:27,64.49,200,
09:34:27,64.49,800,
09:34:27,64.49,900,
09:34:27,64.49,200,
09:34:27,64.49,100,
09:34:27,64.49,100,
09:34:30,64.495,100,
09:34:30,64.50,100,
09:34:32,64.5099,458,
09:34:32,64.51,800,
09:34:32,64.51,2200,
09:34:33,64.51,200,
09:34:36,64.51,400,
09:34:37,64.51,100,
09:34:39,64.53,100,
09:34:39,64.52,100,
09:34:39,64.52,200,
09:34:39,64.52,400,
09:34:40,64.52,200,
09:34:40,64.52,200,
09:34:42,64.53,200,
09:34:42,64.53,100,
09:34:42,64.53,100,
09:34:42,64.53,300,
09:34:43,64.53,800,
09:34:43,64.53,100,
09:34:43,64.528,100,
09:34:43,64.53,200,
09:34:43,64.53,400,
09:34:43,64.53,300,
09:34:44,64.53,200,
09:34:44,64.53,100,
09:34:44,64.53,300,
09:34:44,64.5301,2600,
09:34:45,64.53,200,
09:34:45,64.53,100,
09:34:46,64.53,100,
09:34:49,64.53,400,
09:34:49,64.53,400,
09:34:51,64.53,200,
09:34:51,64.53,100,
09:34:53,64.53,300,
09:34:53,64.53,200,
09:34:53,64.53,100,
09:34:55,64.53,100,
09:34:57,64.53,100,
09:34:59,64.529,550,
09:35:01,64.52,100,
09:35:01,64.51,100,
09:35:01,64.51,100,
09:35:01,64.51,100,
09:35:01,64.51,300,
09:35:01,64.51,800,
09:35:02,64.52,200,
09:35:02,64.52,200,
09:35:02,64.52,200,
09:35:02,64.53,10000,
09:35:02,64.53,400,
09:35:02,64.53,100,
09:35:03,64.5299,200,
09:35:03,64.51,400,
09:35:03,64.51,100,
09:35:03,64.50,1600,
09:35:04,64.509,542,
09:35:05,64.50,800,
09:35:05,64.50,100,
09:35:07,64.5093,453,
09:35:07,64.51,100,
09:35:07,64.51,200,
09:35:07,64.51,100,
09:35:07,64.51,200,
09:35:07,64.51,200,
09:35:07,64.51,100,
09:35:07,64.51,200,
09:35:07,64.51,100,
09:35:08,64.50,200,
09:35:08,64.50,100,
09:35:08,64.50,500,
09:35:08,64.50,300,
09:35:08,64.50,400,
09:35:09,64.50,3300,
09:35:09,64.50,800,
09:35:10,64.5099,400,
09:35:11,64.49,300,
09:35:12,64.50,800,
09:35:12,64.50,400,
09:35:14,64.50,200,
09:35:17,64.50,200,
09:35:18,64.50,200,
09:35:18,64.50,100,
09:35:18,64.50,1300,
09:35:18,64.50,800,
09:35:18,64.50,300,
09:35:19,64.50,1700,
09:35:19,64.51,400,
09:35:19,64.51,400,
09:35:19,64.51,1000,
09:35:20,64.50,200,
09:35:20,64.50,300,
09:35:23,64.51,100,
09:35:23,64.51,100,
09:35:23,64.51,300,
09:35:23,64.51,100,
09:35:23,64.51,200,
09:35:23,64.51,300,
09:35:23,64.51,100,
09:35:23,64.51,100,
09:35:23,64.51,100,
09:35:24,64.50,200,
09:35:24,64.50,500,
09:35:24,64.50,100,
09:35:24,64.50,100,
09:35:24,64.50,300,
09:35:24,64.49,500,
09:35:24,64.49,400,
09:35:25,64.50,200,
09:35:25,64.50,300,
09:35:25,64.51,1001,
09:35:25,64.51,300,
09:35:25,64.51,800,
09:35:25,64.51,800,
09:35:25,64.51,900,
09:35:26,64.50,800,
09:35:26,64.50,120,
09:35:26,64.50,280,
09:35:27,64.49,123,
09:35:27,64.48,100,
09:35:28,64.47,800,
09:35:28,64.47,100,
09:35:28,64.47,200,
09:35:28,64.47,100,
09:35:28,64.47,100,
09:35:28,64.47,200,
09:35:28,64.47,400,
09:35:28,64.47,400,
09:35:28,64.47,200,
09:35:28,64.47,200,
09:35:28,64.47,500,
09:35:29,64.47,200,
09:35:29,64.48,363,
09:35:29,64.48,200,
09:35:29,64.48,100,
09:35:29,64.48,800,
09:35:29,64.49,1710,
09:35:31,64.48,400,
09:35:31,64.48,400,
09:35:31,64.48,1000,
09:35:32,64.48,100,
09:35:35,64.48,100,
09:35:37,64.48,300,
09:35:38,64.47,300,
09:35:39,64.48,100,
09:35:41,64.48,300,
09:35:41,64.489,300,
09:35:42,64.48,100,
09:35:45,64.48,800,
09:35:46,64.47,300,
09:35:47,64.47,200,
09:35:47,64.47,400,
09:35:47,64.47,100,
09:35:47,64.47,400,
09:35:47,64.47,100,
09:35:47,64.47,800,
09:35:47,64.47,400,
09:35:47,64.47,600,
09:35:47,64.47,1800,
09:35:47,64.47,100,
09:35:47,64.47,200,
09:35:47,64.47,100,
09:35:47,64.47,400,
09:35:47,64.47,800,
09:35:47,64.47,285,
09:35:47,64.47,1100,
09:35:47,64.47,1100,
09:35:47,64.47,200,
09:35:47,64.47,800,
09:35:47,64.47,300,
09:35:47,64.47,1600,
09:35:47,64.47,200,
09:35:47,64.47,100,
09:35:47,64.47,100,
09:35:47,64.47,600,
09:35:47,64.48,100,
09:35:47,64.47,100,
09:35:47,64.47,300,
09:35:47,64.47,600,
09:35:47,64.47,600,
09:35:47,64.47,200,
09:35:47,64.47,2000,
09:35:47,64.47,200,
09:35:47,64.47,800,
09:35:47,64.47,200,
09:35:47,64.47,100,
09:35:47,64.47,100,
09:35:47,64.47,200,
09:35:47,64.47,800,
09:35:47,64.47,200,
09:35:47,64.47,100,
09:35:47,64.47,200,
09:35:47,64.47,300,
09:35:47,64.47,100,
09:35:47,64.47,300,
09:35:47,64.47,800,
09:35:47,64.47,1800,
09:35:47,64.47,400,
09:35:47,64.47,400,
09:35:47,64.47,100,
09:35:47,64.47,700,
09:35:47,64.47,100,
09:35:47,64.47,800,
09:35:47,64.47,200,
09:35:47,64.47,100,
09:35:49,64.47,100,
09:35:49,64.47,800,
09:35:49,64.47,1300,
09:35:49,64.47,1300,
09:35:49,64.47,500,
09:35:49,64.47,100,
09:35:50,64.4699,500,
09:35:50,64.4698,200,
09:35:51,64.47,200,
09:35:51,64.47,500,
09:35:51,64.47,400,
09:35:51,64.47,800,
09:35:51,64.47,100,
09:35:51,64.47,100,
09:35:51,64.47,200,
09:35:51,64.47,500,
09:35:51,64.47,800,
09:35:51,64.47,400,
09:35:51,64.47,100,
09:35:51,64.47,100,
09:35:51,64.47,400,
09:35:51,64.47,100,
09:35:51,64.47,100,
09:35:51,64.47,100,
09:35:51,64.47,200,
09:35:51,64.47,100,
09:35:51,64.47,100,
09:35:51,64.47,4800,
09:35:51,64.47,200,
09:35:51,64.47,400,
09:35:51,64.47,1000,
09:35:51,64.47,1500,
09:35:51,64.47,1600,
09:35:51,64.47,500,
09:35:51,64.47,500,
09:35:53,64.47,300,
09:35:53,64.47,100,
09:35:53,64.47,100,
09:35:53,64.47,500,
09:35:53,64.47,1600,
09:35:53,64.47,1900,
09:35:53,64.47,14990,
09:35:53,64.47,200,
09:35:53,64.47,400,
09:35:53,64.47,200,
09:35:53,64.47,1300,
09:35:53,64.47,400,
09:35:53,64.47,400,
09:35:53,64.47,400,
09:35:53,64.48,300,
09:35:54,64.48,300,
09:35:54,64.48,800,
09:35:56,64.48,200,
09:35:56,64.48,500,
09:35:56,64.48,200,
09:35:56,64.48,110,
09:35:56,64.48,310,
09:35:56,64.48,100,
09:35:57,64.48,800,
09:35:57,64.49,1600,
09:36:00,64.4943,400,
09:36:01,64.49,600,
09:36:01,64.48,181,
09:36:01,64.48,400,
09:36:01,64.48,300,
09:36:02,64.48,100,
09:36:04,64.48,800,
09:36:07,64.48,119,
09:36:08,64.49,200,
09:36:11,64.48,200,
09:36:11,64.48,129,
09:36:11,64.48,100,
09:36:13,64.47,500,
09:36:15,64.46,800,
09:36:15,64.46,500,
09:36:18,64.46,100,
09:36:18,64.46,200,
09:36:20,64.45,800,
09:36:21,64.44,200,
09:36:23,64.45,100,
09:36:23,64.45,100,
09:36:23,64.45,300,
09:36:23,64.45,200,
09:36:23,64.45,300,
09:36:23,64.45,100,
09:36:24,64.45,532,
09:36:24,64.45,600,
09:36:24,64.45,232,
09:36:25,64.45,200,
09:36:25,64.46,400,
09:36:26,64.47,400,
09:36:26,64.46,300,
09:36:29,64.46,200,
09:36:30,64.46,200,
09:36:30,64.46,200,
09:36:31,64.4699,200,
09:36:31,64.45,600,
09:36:33,64.46,100,
09:36:35,64.45,400,
09:36:36,64.45,400,
09:36:36,64.45,200,
09:36:36,64.4501,200,
09:36:37,64.44,200,
09:36:37,64.45,200,
09:36:37,64.45,100,
09:36:38,64.45,100,
09:36:38,64.4593,220,
09:36:38,64.45,100,
09:36:38,64.45,200,
09:36:39,64.45,100,
09:36:39,64.45,200,
09:36:39,64.45,100,
09:36:40,64.44,600,
09:36:40,64.44,400,
09:36:40,64.44,400,
09:36:40,64.44,800,
09:36:40,64.44,242,
09:36:40,64.43,400,
09:36:40,64.44,400,
09:36:40,64.43,2800,
09:36:40,64.44,200,
09:36:40,64.44,800,
09:36:40,64.43,1000,
09:36:40,64.44,800,
09:36:40,64.44,200,
09:36:40,64.44,400,
09:36:40,64.44,800,
09:36:40,64.44,400,
09:36:40,64.44,400,
09:36:40,64.44,2000,
09:36:40,64.44,700,
09:36:40,64.44,1000,
09:36:40,64.44,300,
09:36:42,64.431,800,
09:36:43,64.43,600,
09:36:43,64.42,800,
09:36:43,64.43,200,
09:36:43,64.43,200,
09:36:43,64.43,100,
09:36:43,64.43,701,
09:36:44,64.43,101,
09:36:44,64.43,501,
09:36:44,64.43,100,
09:36:44,64.43,767,
09:36:44,64.43,1200,
09:36:44,64.43,115,
09:36:44,64.42,600,
09:36:46,64.41,500,
09:36:46,64.41,100,
09:36:46,64.41,310,
09:36:47,64.41,270,
09:36:48,64.42,100,
09:36:48,64.42,200,
09:36:48,64.42,200,
09:36:50,64.42,500,
09:36:52,64.42,300,
09:36:52,64.42,100,
09:36:53,64.42,800,
09:36:53,64.42,600,
09:36:54,64.41,600,
09:36:54,64.41,200,
09:36:54,64.40,100,
09:36:54,64.40,300,
09:36:56,64.41,200,
09:37:00,64.41,200,
09:37:00,64.40,400,
09:37:03,64.40,390,
09:37:04,64.40,100,
09:37:05,64.40,100,
09:37:06,64.39,100,
09:37:06,64.39,400,
09:37:07,64.39,100,
09:37:08,64.38,100,
09:37:08,64.38,200,
09:37:08,64.38,100,
09:37:09,64.39,600,
09:37:09,64.39,600,
09:37:09,64.39,400,
09:37:09,64.40,100,
09:37:09,64.40,100,
09:37:09,64.40,900,
09:37:09,64.39,100,
09:37:12,64.39,200,
09:37:12,64.39,1600,
09:37:12,64.39,2500,
09:37:12,64.39,1400,
09:37:13,64.39,200,
09:37:14,64.3917,170,
09:37:16,64.39,100,
09:37:16,64.39,200,
09:37:19,64.39,200,
09:37:19,64.39,400,
09:37:20,64.3978,500,
09:37:21,64.39,200,
09:37:21,64.40,100,
09:37:21,64.39,400,
09:37:21,64.39,300,
09:37:21,64.40,310,
09:37:21,64.40,1600,
09:37:22,64.40,700,
09:37:22,64.41,100,
09:37:24,64.409,200,
09:37:25,64.42,100,
09:37:25,64.42,300,
09:37:25,64.42,300,
09:37:25,64.42,200,
09:37:25,64.42,200,
09:37:25,64.42,100,
09:37:25,64.42,200,
09:37:25,64.42,100,
09:37:25,64.42,200,
09:37:25,64.42,200,
09:37:25,64.42,800,
09:37:25,64.42,200,
09:37:25,64.42,400,
09:37:28,64.40,100,
09:37:30,64.41,200,
09:37:33,64.42,100,
09:37:34,64.42,800,
09:37:35,64.42,100,
09:37:35,64.42,200,
09:37:35,64.42,100,
09:37:36,64.43,500,
09:37:36,64.43,2000,
09:37:36,64.43,100,
09:37:36,64.43,1700,
09:37:38,64.42,1000,
09:37:41,64.42,800,
09:37:41,64.42,100,
09:37:41,64.42,500,
09:37:43,64.42,200,
09:37:44,64.42,200,
09:37:44,64.42,800,
09:37:44,64.42,500,
09:37:45,64.42,100,
09:37:46,64.42,200,
09:37:46,64.42,200,
09:37:47,64.41,100,
09:37:48,64.42,500,
09:37:54,64.42,700,
09:37:54,64.42,200,
09:37:54,64.425,100,
09:37:54,64.42,100,
09:37:54,64.42,100,
09:37:54,64.42,2000,
09:37:54,64.42,300,
09:37:55,64.43,200,
09:37:55,64.43,100,
09:37:55,64.43,100,
09:37:56,64.42,200,
09:37:58,64.43,255,
09:37:59,64.43,100,
09:37:59,64.425,100,
09:37:59,64.43,400,
09:37:59,64.43,200,
09:37:59,64.425,800,
09:37:59,64.429,100,
09:37:59,64.425,300,
09:37:59,64.4275,100,
09:37:59,64.425,100,
09:37:59,64.43,300,
09:37:59,64.43,200,
09:37:59,64.425,100,
09:37:59,64.425,300,
09:37:59,64.43,800,
09:37:59,64.43,100,
09:37:59,64.4275,100,
09:37:59,64.43,100,
09:38:00,64.42,200,
09:38:00,64.42,100,
09:38:00,64.42,100,
09:38:00,64.42,300,
09:38:01,64.42,100,
09:38:01,64.4101,400,
09:38:02,64.41,400,
09:38:02,64.42,200,
09:38:03,64.42,100,
09:38:03,64.42,100,
09:38:03,64.42,200,
09:38:03,64.42,400,
09:38:03,64.42,300,
09:38:03,64.42,100,
09:38:03,64.42,100,
09:38:03,64.42,100,
09:38:03,64.42,400,
09:38:03,64.42,3800,
09:38:03,64.42,400,
09:38:03,64.42,2776,
09:38:03,64.42,600,
09:38:03,64.42,200,
09:38:03,64.42,1200,
09:38:03,64.42,800,
09:38:03,64.42,3250,
09:38:03,64.42,2600,
09:38:03,64.42,200,
09:38:03,64.42,400,
09:38:03,64.42,100,
09:38:03,64.42,800,
09:38:03,64.42,600,
09:38:03,64.42,200,
09:38:03,64.42,100,
09:38:03,64.42,100,
09:38:03,64.42,300,
09:38:03,64.42,300,
09:38:03,64.42,2000,
09:38:03,64.42,100,
09:38:03,64.42,100,
09:38:04,64.42,200,
09:38:04,64.4254,200,
09:38:05,64.42,1083,
09:38:05,64.42,900,
09:38:07,64.42,200,
09:38:10,64.42,7500,
09:38:11,64.42,200,
09:38:12,64.425,100,
09:38:12,64.425,100,
09:38:13,64.42,500,
09:38:13,64.42,400,
09:38:13,64.42,500,
09:38:13,64.42,600,
09:38:13,64.42,400,
09:38:13,64.41,600,
09:38:13,64.41,400,
09:38:13,64.41,400,
09:38:15,64.40,200,
09:38:15,64.40,200,
09:38:15,64.39,100,
09:38:15,64.40,100,
09:38:16,64.40,500,
09:38:16,64.40,332,
09:38:16,64.40,900,
09:38:16,64.40,200,
09:38:16,64.41,100,
09:38:16,64.41,400,
09:38:16,64.40,200,
09:38:18,64.41,200,
09:38:18,64.41,400,
09:38:18,64.41,300,
09:38:18,64.40,300,
09:38:18,64.40,100,
09:38:18,64.40,100,
09:38:19,64.40,100,
09:38:19,64.40,100,
09:38:20,64.40,100,
09:38:21,64.39,100,
09:38:21,64.39,1800,
09:38:21,64.39,3500,
09:38:21,64.39,2500,
09:38:21,64.39,600,
09:38:21,64.39,200,
09:38:22,64.39,100,
09:38:23,64.39,1500,
09:38:23,64.39,600,
09:38:27,64.40,900,
09:38:27,64.40,100,
09:38:27,64.40,100,
09:38:27,64.40,200,
09:38:27,64.40,300,
09:38:27,64.40,300,
09:38:29,64.3986,300,
09:38:29,64.40,200,
09:38:32,64.40,800,
09:38:32,64.40,200,
09:38:34,64.41,200,
09:38:37,64.43,700,
09:38:37,64.43,200,
09:38:37,64.43,200,
09:38:37,64.43,800,
09:38:37,64.43,200,
09:38:37,64.43,200,
09:38:37,64.43,700,
09:38:37,64.43,300,
09:38:37,64.43,400,
09:38:37,64.43,300,
09:38:37,64.43,400,
09:38:37,64.43,400,
09:38:37,64.43,100,
09:38:37,64.44,761,
09:38:37,64.44,400,
09:38:37,64.43,100,
09:38:37,64.44,200,
09:38:37,64.43,310,
09:38:38,64.42,300,
09:38:38,64.42,675,
09:38:38,64.42,100,
09:38:38,64.42,300,
09:38:42,64.42,6200,
09:38:42,64.41,200,
09:38:42,64.41,800,
09:38:43,64.42,800,
09:38:43,64.41,300,
09:38:45,64.41,200,
09:38:45,64.42,800,
09:38:45,64.42,2400,
09:38:45,64.42,3300,
09:38:45,64.42,200,
09:38:45,64.42,300,
09:38:45,64.41,200,
09:38:45,64.42,500,
09:38:45,64.42,4000,
09:38:45,64.42,500,
09:38:45,64.42,500,
09:38:45,64.42,100,
09:38:45,64.41,300,
09:38:45,64.41,100,
09:38:45,64.42,100,
09:38:45,64.42,500,
09:38:45,64.42,200,
09:38:45,64.42,310,
09:38:45,64.42,800,
09:38:45,64.42,300,
09:38:45,64.42,800,
09:38:45,64.42,3700,
09:38:45,64.42,5500,
09:38:45,64.42,100,
09:38:45,64.42,200,
09:38:45,64.42,500,
09:38:45,64.42,200,
09:38:45,64.42,400,
09:38:45,64.42,250,
09:38:45,64.42,250,
09:38:45,64.42,200,
09:38:45,64.42,300,
09:38:45,64.42,2000,
09:38:48,64.42,100,
09:38:48,64.42,800,
09:38:48,64.42,300,
09:38:48,64.42,600,
09:38:48,64.42,800,
09:38:48,64.42,600,
09:38:48,64.42,200,
09:38:48,64.42,400,
09:38:48,64.42,700,
09:38:51,64.42,100,
09:38:51,64.42,800,
09:38:51,64.43,600,
09:38:53,64.42,100,
09:38:55,64.43,400,
09:38:55,64.43,100,
09:38:58,64.43,200,
09:38:59,64.42,200,
09:38:59,64.42,800,
09:38:59,64.42,100,
09:38:59,64.42,200,
09:38:59,64.42,2000,
09:38:59,64.42,200,
09:38:59,64.42,1600,
09:38:59,64.42,1900,
09:38:59,64.42,300,
09:39:00,64.42,200,
09:39:00,64.42,200,
09:39:00,64.42,2100,
09:39:00,64.42,1300,
09:39:00,64.42,400,
09:39:00,64.42,200,
09:39:00,64.42,100,
09:39:00,64.42,200,
09:39:00,64.42,300,
09:39:00,64.42,100,
09:39:00,64.42,100,
09:39:00,64.42,200,
09:39:00,64.42,100,
09:39:00,64.42,200,
09:39:00,64.42,200,
09:39:02,64.40,500,
09:39:02,64.41,400,
09:39:02,64.41,100,
09:39:02,64.42,300,
09:39:08,64.41,200,
09:39:08,64.42,100,
09:39:08,64.42,500,
09:39:08,64.42,100,
09:39:10,64.4262,830,
09:39:11,64.42,200,
09:39:11,64.42,200,
09:39:11,64.42,800,
09:39:12,64.429,300,
09:39:12,64.42,200,
09:39:12,64.42,300,
09:39:20,64.42,100,
09:39:20,64.42,300,
09:39:20,64.42,800,
09:39:21,64.41,200,
09:39:22,64.41,200,
09:39:22,64.42,1500,
09:39:22,64.42,600,
09:39:22,64.42,400,
09:39:22,64.42,100,
09:39:22,64.42,200,
09:39:22,64.42,500,
09:39:22,64.42,500,
09:39:22,64.42,400,
09:39:22,64.42,100,
09:39:22,64.42,100,
09:39:25,64.42,300,
09:39:28,64.43,800,
09:39:31,64.43,135,
09:39:31,64.43,135,
09:39:35,64.43,200,
09:39:35,64.43,100,
09:39:35,64.43,200,
09:39:35,64.43,200,
09:39:37,64.43,800,
09:39:37,64.43,100,
09:39:39,64.42,200,
09:39:39,64.43,100,
09:39:40,64.43,800,
09:39:41,64.44,200,
09:39:41,64.44,100,
09:39:41,64.44,500,
09:39:41,64.44,100,
09:39:41,64.44,300,
09:39:41,64.44,132,
09:39:41,64.44,400,
09:39:41,64.44,500,
09:39:41,64.44,200,
09:39:43,64.44,200,
09:39:44,64.45,100,
09:39:44,64.46,300,
09:39:44,64.46,200,
09:39:45,64.46,200,
09:39:45,64.45,200,
09:39:46,64.45,100,
09:39:46,64.45,100,
09:39:47,64.44,200,
09:39:48,64.44,300,
09:39:48,64.44,2000,
09:39:48,64.44,2400,
09:39:48,64.44,1000,
09:39:48,64.45,200,
09:39:48,64.45,600,
09:39:48,64.45,200,
09:39:48,64.45,800,
09:39:48,64.45,200,
09:39:48,64.44,600,
09:39:48,64.44,800,
09:39:48,64.44,400,
09:39:48,64.44,800,
09:39:48,64.44,2400,
09:39:48,64.45,100,
09:39:48,64.43,100,
09:39:48,64.4323,400,
09:39:50,64.4399,300,
09:39:50,64.43,300,
09:39:50,64.43,200,
09:39:50,64.43,800,
09:39:51,64.43,300,
09:39:51,64.42,2000,
09:39:51,64.42,2400,
09:39:51,64.42,800,
09:39:51,64.42,800,
09:39:51,64.42,400,
09:39:51,64.42,500,
09:39:51,64.42,400,
09:39:51,64.42,200,
09:39:52,64.42,300,
09:39:52,64.42,100,
09:39:52,64.42,100,
09:39:52,64.42,2000,
09:39:52,64.42,200,
09:39:52,64.42,200,
09:39:52,64.42,200,
09:39:52,64.42,400,
09:39:52,64.42,200,
09:39:52,64.42,400,
09:39:53,64.42,400,
09:39:53,64.42,100,
09:39:53,64.42,200,
09:39:53,64.42,100,
09:39:53,64.42,200,
09:39:53,64.42,2000,
09:39:53,64.42,400,
09:39:53,64.42,500,
09:39:53,64.42,100,
09:39:53,64.42,100,
09:39:53,64.42,100,
09:39:53,64.42,1500,
09:39:53,64.42,500,
09:39:53,64.41,15000,
09:39:53,64.41,400,
09:39:53,64.41,100,
09:39:53,64.41,400,
09:39:53,64.41,1500,
09:39:53,64.41,2000,
09:39:53,64.41,500,
09:39:53,64.41,300,
09:39:54,64.40,200,
09:39:54,64.41,100,
09:39:54,64.41,400,
09:39:54,64.41,200,
09:39:54,64.41,200,
09:39:54,64.41,1600,
09:39:54,64.41,100,
09:39:54,64.41,1000,
09:39:54,64.41,1000,
09:39:54,64.41,100,
09:39:54,64.41,1600,
09:39:54,64.41,100,
09:39:54,64.41,700,
09:39:56,64.41,700,
09:39:56,64.41,400,
09:39:56,64.41,300,
09:39:56,64.41,100,
09:39:56,64.41,200,
09:39:56,64.41,2000,
09:39:56,64.41,200,
09:39:56,64.41,200,
09:39:56,64.42,400,
09:39:56,64.42,400,
09:39:56,64.42,100,
09:39:56,64.42,600,
09:39:56,64.42,400,
09:39:56,64.42,800,
09:39:56,64.42,400,
09:39:56,64.42,200,
09:39:58,64.42,800,
09:39:58,64.42,1600,
09:39:58,64.42,300,
09:39:58,64.42,1800,
09:39:59,64.41,105,
09:39:59,64.40,600,
09:40:01,64.40,100,
09:40:01,64.40,555,
09:40:02,64.39,200,
09:40:02,64.39,400,
09:40:02,64.3809,1500,
09:40:03,64.39,400,
09:40:03,64.39,600,
09:40:03,64.39,200,
09:40:03,64.39,200,
09:40:04,64.37,100,
09:40:04,64.37,200,
09:40:04,64.37,200,
09:40:04,64.37,100,
09:40:04,64.37,800,
09:40:04,64.37,200,
09:40:04,64.37,500,
09:40:04,64.37,400,
09:40:04,64.37,110,
09:40:05,64.36,500,
09:40:05,64.36,800,
09:40:06,64.35,100,
09:40:07,64.36,100,
09:40:07,64.37,100,
09:40:07,64.37,400,
09:40:07,64.37,100,
09:40:07,64.37,300,
09:40:08,64.36,300,
09:40:08,64.36,100,
09:40:08,64.36,600,
09:40:08,64.36,200,
09:40:08,64.36,100,
09:40:08,64.36,400,
09:40:10,64.36,800,
09:40:13,64.3699,100,
09:40:13,64.36,800,
09:40:13,64.36,100,
09:40:13,64.36,300,
09:40:13,64.36,100,
09:40:14,64.36,400,
09:40:14,64.36,200,
09:40:14,64.36,800,
09:40:14,64.36,100,
09:40:15,64.36,400,
09:40:15,64.36,100,
09:40:16,64.3691,690,
09:40:16,64.37,500,
09:40:16,64.37,100,
09:40:16,64.37,800,
09:40:16,64.37,100,
09:40:17,64.3623,295,
09:40:18,64.36,200,
09:40:18,64.36,200,
09:40:19,64.37,100,
09:40:19,64.37,200,
09:40:19,64.37,400,
09:40:19,64.37,200,
09:40:19,64.37,200,
09:40:20,64.36,400,
09:40:20,64.36,100,
09:40:21,64.35,100,
09:40:25,64.34,100,
09:40:25,64.34,3000,
09:40:26,64.34,100,
09:40:26,64.34,800,
09:40:26,64.34,100,
09:40:26,64.3301,100,
09:40:28,64.34,100,
09:40:29,64.34,119,
09:40:29,64.34,100,
09:40:29,64.34,300,
09:40:32,64.34,100,
09:40:33,64.34,100,
09:40:35,64.35,100,
09:40:36,64.3402,3900,
09:40:36,64.34,300,
09:40:36,64.3401,3900,
09:40:36,64.33,200,
09:40:36,64.34,200,
09:40:36,64.34,400,
09:40:36,64.34,100,
09:40:36,64.33,400,
09:40:36,64.34,1400,
09:40:36,64.34,4000,
09:40:36,64.34,300,
09:40:36,64.34,100,
09:40:36,64.34,161,
09:40:36,64.34,200,
09:40:36,64.34,3000,
09:40:36,64.34,800,
09:40:36,64.34,300,
09:40:36,64.34,200,
09:40:36,64.34,600,
09:40:36,64.34,15000,
09:40:36,64.33,100,
09:40:36,64.34,300,
09:40:36,64.34,500,
09:40:36,64.33,700,
09:40:36,64.33,200,
09:40:36,64.33,200,
09:40:36,64.33,200,
09:40:36,64.33,400,
09:40:36,64.33,843,
09:40:36,64.33,310,
09:40:36,64.33,800,
09:40:36,64.33,100,
09:40:36,64.33,800,
09:40:36,64.33,500,
09:40:36,64.33,100,
09:40:36,64.33,100,
09:40:36,64.33,5100,
09:40:36,64.33,100,
09:40:36,64.33,12296,
09:40:36,64.33,100,
09:40:36,64.34,200,
09:40:36,64.33,800,
09:40:41,64.35,250,
09:40:43,64.37,100,
09:40:43,64.38,200,
09:40:43,64.38,400,
09:40:44,64.37,500,
09:40:44,64.37,200,
09:40:44,64.37,100,
09:40:44,64.37,400,
09:40:46,64.36,100,
09:40:46,64.36,200,
09:40:48,64.36,800,
09:40:48,64.36,100,
09:40:49,64.36,100,
09:40:52,64.35,600,
09:40:52,64.35,100,
09:40:52,64.35,200,
09:40:52,64.35,800,
09:40:52,64.35,800,
09:40:52,64.35,100,
09:40:52,64.35,200,
09:40:52,64.34,100,
09:40:52,64.35,100,
09:40:52,64.34,310,
09:40:52,64.34,200,
09:40:52,64.34,300,
09:40:52,64.34,400,
09:40:52,64.34,200,
09:40:53,64.35,100,
09:40:53,64.35,100,
09:40:54,64.35,800,
09:40:54,64.35,100,
09:40:55,64.34,100,
09:40:57,64.33,300,
09:40:57,64.33,100,
09:40:58,64.32,600,
09:40:58,64.32,233,
09:41:00,64.32,100,
09:41:00,64.321,100,
09:41:00,64.32,200,
09:41:00,64.32,2091,
09:41:00,64.32,6664,
09:41:00,64.32,200,
09:41:00,64.32,100,
09:41:02,64.31,100,
09:41:02,64.31,100,
09:41:04,64.30,500,
09:41:04,64.30,200,
09:41:04,64.30,400,
09:41:04,64.30,250,
09:41:04,64.30,100,
09:41:04,64.30,200,
09:41:05,64.30,200,
09:41:05,64.30,300,
09:41:05,64.30,500,
09:41:05,64.30,500,
09:41:05,64.30,600,
09:41:06,64.30,500,
09:41:09,64.31,100,
09:41:10,64.32,600,
09:41:13,64.31,100,
09:41:13,64.31,100,
09:41:13,64.31,400,
09:41:13,64.31,300,
09:41:13,64.31,300,
09:41:13,64.31,300,
09:41:13,64.31,300,
09:41:13,64.31,400,
09:41:13,64.31,100,
09:41:13,64.31,800,
09:41:17,64.3001,2000,
09:41:18,64.30,100,
09:41:19,64.30,200,
09:41:20,64.3099,2000,
09:41:21,64.30,200,
09:41:21,64.30,200,
09:41:21,64.29,800,
09:41:22,64.30,200,
09:41:22,64.30,200,
09:41:22,64.30,400,
09:41:24,64.30,200,
09:41:24,64.31,200,
09:41:24,64.31,200,
09:41:24,64.31,800,
09:41:24,64.31,200,
09:41:24,64.32,100,
09:41:24,64.32,160,
09:41:24,64.32,800,
09:41:24,64.32,800,
09:41:24,64.31,400,
09:41:24,64.31,100,
09:41:28,64.31,100,
09:41:29,64.31,300,
09:41:32,64.3195,500,
09:41:33,64.32,800,
09:41:34,64.33,800,
09:41:34,64.33,800,
09:41:36,64.3399,500,
09:41:37,64.34,100,
09:41:37,64.34,100,
09:41:37,64.34,100,
09:41:37,64.34,100,
09:41:37,64.34,200,
09:41:38,64.33,600,
09:41:38,64.33,100,
09:41:38,64.33,200,
09:41:38,64.33,400,
09:41:38,64.33,100,
09:41:38,64.33,100,
09:41:38,64.33,100,
09:41:40,64.32,100,
09:41:40,64.33,300,
09:41:40,64.33,300,
09:41:40,64.33,100,
09:41:41,64.33,200,
09:41:43,64.32,300,
09:41:43,64.32,200,
09:41:47,64.31,100,
09:41:48,64.3138,1000,
09:41:49,64.31,100,
09:41:50,64.31,600,
09:41:50,64.31,100,
09:41:50,64.32,300,
09:41:51,64.301,100,
09:41:53,64.31,600,
09:41:57,64.31,800,
09:42:00,64.32,800,
09:42:02,64.33,100,
09:42:02,64.33,200,
09:42:03,64.33,100,
09:42:03,64.32,300,
09:42:09,64.32,300,
09:42:10,64.32,500,
09:42:13,64.32,700,
09:42:13,64.32,1000,
09:42:13,64.32,100,
09:42:13,64.32,300,
09:42:13,64.32,300,
09:42:13,64.32,100,
09:42:13,64.32,200,
09:42:13,64.32,100,
09:42:14,64.32,100,
09:42:16,64.32,500,
09:42:17,64.3201,2000,
09:42:18,64.31,400,
09:42:18,64.3199,5770,
09:42:21,64.32,100,
09:42:22,64.32,500,
09:42:22,64.32,100,
09:42:22,64.32,200,
09:42:22,64.32,200,
09:42:22,64.32,100,
09:42:26,64.32,200,
09:42:26,64.32,12600,
09:42:27,64.32,100,
09:42:29,64.32,100,
09:42:29,64.32,500,
09:42:29,64.32,200,
09:42:29,64.32,200,
09:42:37,64.31,800,
09:42:38,64.31,800,
09:42:41,64.30,100,
09:42:41,64.30,440,
09:42:41,64.30,335,
09:42:41,64.30,500,
09:42:44,64.29,1300,
09:42:44,64.29,100,
09:42:44,64.29,240,
09:42:45,64.30,700,
09:42:45,64.30,100,
09:42:45,64.30,100,
09:42:45,64.29,200,
09:42:46,64.291,100,
09:42:50,64.29,100,
09:42:51,64.29,700,
09:42:52,64.30,500,
09:42:52,64.30,300,
09:42:52,64.30,100,
09:42:52,64.30,100,
09:42:52,64.305,100,
09:42:52,64.30,600,
09:42:52,64.30,300,
09:42:52,64.30,100,
09:42:52,64.30,200,
09:42:52,64.30,100,
09:42:53,64.31,100,
09:42:53,64.31,200,
09:42:53,64.31,300,
09:42:53,64.31,300,
09:42:55,64.31,200,
09:42:56,64.3176,500,
09:42:59,64.31,100,
09:42:59,64.31,100,
09:42:59,64.31,400,
09:43:00,64.30,100,
09:43:01,64.31,200,
09:43:01,64.31,100,
09:43:01,64.321,2300,
09:43:01,64.32,300,
09:43:02,64.32,200,
09:43:02,64.3115,100,
09:43:03,64.32,300,
09:43:04,64.32,200,
09:43:04,64.32,100,
09:43:04,64.31,315,
09:43:04,64.31,385,
09:43:04,64.31,100,
09:43:04,64.31,2400,
09:43:04,64.31,100,
09:43:04,64.30,100,
09:43:04,64.30,800,
09:43:05,64.30,100,
09:43:05,64.30,200,
09:43:05,64.30,400,
09:43:05,64.31,250,
09:43:05,64.31,200,
09:43:05,64.31,150,
09:43:06,64.31,115,
09:43:06,64.31,200,
09:43:07,64.32,100,
09:43:07,64.32,100,
09:43:07,64.32,200,
09:43:07,64.32,100,
09:43:07,64.32,300,
09:43:07,64.32,100,
09:43:07,64.32,200,
09:43:07,64.32,200,
09:43:07,64.319,300,
09:43:08,64.31,100,
09:43:09,64.30,600,
09:43:13,64.30,100,
09:43:15,64.30,800,
09:43:15,64.30,100,
09:43:15,64.30,300,
09:43:15,64.30,800,
09:43:17,64.308,1110,
09:43:19,64.31,100,
09:43:19,64.31,200,
09:43:20,64.30,200,
09:43:22,64.31,300,
09:43:22,64.31,100,
09:43:22,64.31,100,
09:43:22,64.31,400,
09:43:22,64.31,1200,
09:43:22,64.31,12400,
09:43:27,64.3186,1000,
09:43:28,64.31,200,
09:43:28,64.31,100,
09:43:28,64.31,600,
09:43:28,64.31,100,
09:43:28,64.31,200,
09:43:29,64.31,100,
09:43:31,64.31,100,
09:43:32,64.3099,6236,
09:43:33,64.30,400,
09:43:36,64.3062,500,
09:43:39,64.30,200,
09:43:39,64.30,200,
09:43:43,64.3015,300,
09:43:46,64.30,100,
09:43:46,64.30,100,
09:43:49,64.30,800,
09:43:49,64.30,200,
09:43:49,64.30,400,
09:43:49,64.30,200,
09:43:49,64.30,800,
09:43:49,64.30,200,
09:43:49,64.29,100,
09:43:51,64.28,3000,
09:43:51,64.28,300,
09:43:52,64.28,2400,
09:43:52,64.27,400,
09:43:52,64.27,255,
09:43:53,64.26,100,
09:43:53,64.27,100,
09:43:53,64.27,100,
09:43:53,64.28,100,
09:43:53,64.28,300,
09:43:53,64.28,800,
09:43:54,64.27,400,
09:43:56,64.28,170,
09:43:58,64.28,600,
09:43:58,64.28,100,
09:43:58,64.27,600,
09:43:59,64.27,600,
09:43:59,64.27,100,
09:43:59,64.27,1400,
09:43:59,64.27,400,
09:43:59,64.27,400,
09:43:59,64.27,100,
09:43:59,64.27,100,
09:44:00,64.27,100,
09:44:00,64.27,800,
09:44:00,64.27,800,
09:44:00,64.27,1800,
09:44:00,64.27,1400,
09:44:00,64.27,200,
09:44:01,64.27,100,
09:44:01,64.27,100,
09:44:02,64.42,22685,
09:44:02,64.27,100,
09:44:02,64.26,100,
09:44:02,64.26,400,
09:44:02,64.26,1300,
09:44:02,64.26,800,
09:44:04,64.2707,200,
09:44:05,64.28,600,
09:44:05,64.28,700,
09:44:05,64.2776,400,
09:44:05,64.28,500,
09:44:05,64.2776,700,
09:44:05,64.28,900,
09:44:05,64.2774,100,
09:44:06,64.28,300,
09:44:10,64.28,200,
09:44:10,64.28,200,
09:44:10,64.28,200,
09:44:12,64.28,200,
09:44:12,64.28,200,
09:44:13,64.29,500,
09:44:13,64.29,200,
09:44:14,64.30,100,
09:44:14,64.30,400,
09:44:16,64.31,100,
09:44:16,64.31,100,
09:44:17,64.31,800,
09:44:18,64.3115,400,
09:44:19,64.32,800,
09:44:21,64.31,200,
09:44:22,64.31,100,
09:44:27,64.31,100,
09:44:29,64.31,800,
09:44:29,64.30,300,
09:44:29,64.31,200,
09:44:29,64.31,100,
09:44:31,64.31,500,
09:44:31,64.31,800,
09:44:31,64.31,300,
09:44:33,64.301,1000,
09:44:37,64.31,100,
09:44:37,64.32,100,
09:44:37,64.32,100,
09:44:37,64.32,600,
09:44:39,64.33,100,
09:44:39,64.34,300,
09:44:39,64.34,600,
09:44:40,64.34,100,
09:44:42,64.3491,390,
09:44:45,64.35,100,
09:44:45,64.35,300,
09:44:45,64.34,100,
09:44:45,64.35,340,
09:44:45,64.35,600,
09:44:48,64.34,800,
09:44:49,64.34,100,
09:44:49,64.34,600,
09:44:50,64.34,800,
09:44:50,64.34,800,
09:44:50,64.34,100,
09:44:51,64.3415,250,
09:44:53,64.34,200,
09:44:53,64.34,100,
09:44:53,64.33,100,
09:44:53,64.33,100,
09:44:56,64.33,200,
09:44:56,64.33,200,
09:44:58,64.33,100,
09:45:00,64.33,750,
09:45:03,64.34,200,
09:45:03,64.34,500,
09:45:03,64.34,200,
09:45:03,64.34,100,
09:45:04,64.3556,100,
09:45:05,64.3501,100,
09:45:06,64.35,100,
09:45:06,64.35,400,
09:45:06,64.35,100,
09:45:06,64.35,250,
09:45:07,64.35,600,
09:45:07,64.35,100,
09:45:07,64.3599,135,
09:45:10,64.3584,100,
09:45:15,64.35,100,
09:45:15,64.35,100,
09:45:15,64.34,600,
09:45:15,64.34,100,
09:45:15,64.34,100,
09:45:15,64.34,200,
09:45:16,64.34,100,
09:45:18,64.34,300,
09:45:21,64.34,200,
09:45:21,64.33,400,
09:45:21,64.34,200,
09:45:21,64.34,200,
09:45:23,64.34,800,
09:45:24,64.349,100,
09:45:26,64.34,100,
09:45:26,64.34,100,
09:45:26,64.34,100,
09:45:26,64.33,100,
09:45:29,64.3499,300,
09:45:30,64.34,100,
09:45:31,64.34,100,
09:45:36,64.32,100,
09:45:36,64.32,600,
09:45:41,64.32,400,
09:45:42,64.329,1000,
09:45:46,64.32,3000,
09:45:46,64.32,152,
09:45:46,64.31,100,
09:45:47,64.31,300,
09:45:49,64.31,200,
09:45:50,64.32,400,
09:45:50,64.32,700,
09:45:50,64.32,600,
09:45:50,64.32,100,
09:45:50,64.315,100,
09:45:52,64.3215,400,
09:45:56,64.33,100,
09:45:56,64.33,200,
09:45:57,64.331,300,
09:46:01,64.339,300,
09:46:04,64.33,100,
09:46:04,64.33,200,
09:46:04,64.33,600,
09:46:04,64.33,500,
09:46:04,64.33,100,
09:46:04,64.33,200,
09:46:04,64.33,200,
09:46:04,64.33,1800,
09:46:05,64.33,100,
09:46:05,64.33,100,
09:46:05,64.33,100,
09:46:05,64.33,200,
09:46:05,64.33,200,
09:46:05,64.33,100,
09:46:05,64.33,1000,
09:46:05,64.33,300,
09:46:05,64.33,800,
09:46:06,64.33,400,
09:46:06,64.33,500,
09:46:06,64.33,200,
09:46:06,64.33,200,
09:46:06,64.33,100,
09:46:06,64.33,100,
09:46:06,64.33,200,
09:46:06,64.33,100,
09:46:06,64.33,500,
09:46:06,64.33,100,
09:46:07,64.33,200,
09:46:07,64.33,400,
09:46:07,64.33,400,
09:46:07,64.33,400,
09:46:07,64.33,700,
09:46:07,64.33,200,
09:46:07,64.33,1200,
09:46:07,64.33,500,
09:46:07,64.33,200,
09:46:07,64.33,174,
09:46:07,64.33,200,
09:46:07,64.33,126,
09:46:07,64.33,1100,
09:46:07,64.33,734,
09:46:07,64.33,400,
09:46:07,64.33,200,
09:46:07,64.33,400,
09:46:07,64.33,400,
09:46:08,64.33,100,
09:46:08,64.33,100,
09:46:08,64.33,400,
09:46:08,64.33,200,
09:46:08,64.33,200,
09:46:08,64.33,2000,
09:46:08,64.33,300,
09:46:08,64.33,1400,
09:46:08,64.33,300,
09:46:08,64.33,100,
09:46:08,64.33,100,
09:46:08,64.33,700,
09:46:08,64.33,200,
09:46:08,64.33,100,
09:46:08,64.33,100,
09:46:08,64.33,300,
09:46:08,64.33,300,
09:46:08,64.33,100,
09:46:08,64.33,100,
09:46:08,64.33,100,
09:46:08,64.33,800,
09:46:08,64.33,300,
09:46:08,64.33,100,
09:46:08,64.33,200,
09:46:08,64.33,400,
09:46:08,64.33,300,
09:46:08,64.33,200,
09:46:08,64.33,200,
09:46:08,64.33,900,
09:46:08,64.33,200,
09:46:08,64.33,100,
09:46:08,64.33,100,
09:46:08,64.33,800,
09:46:08,64.33,700,
09:46:08,64.33,300,
09:46:08,64.33,200,
09:46:08,64.33,500,
09:46:08,64.33,300,
09:46:08,64.33,100,
09:46:08,64.33,400,
09:46:08,64.33,100,
09:46:09,64.33,100,
09:46:09,64.33,300,
09:46:09,64.33,800,
09:46:09,64.33,100,
09:46:09,64.33,900,
09:46:09,64.33,100,
09:46:09,64.33,350,
09:46:09,64.33,200,
09:46:09,64.33,200,
09:46:09,64.33,300,
09:46:09,64.33,222,
09:46:09,64.33,228,
09:46:09,64.33,400,
09:46:09,64.33,500,
09:46:09,64.33,272,
09:46:09,64.33,100,
09:46:09,64.33,100,
09:46:09,64.33,500,
09:46:09,64.33,200,
09:46:09,64.33,200,
09:46:09,64.33,800,
09:46:09,64.33,900,
09:46:09,64.33,300,
09:46:09,64.33,100,
09:46:09,64.33,700,
09:46:09,64.33,200,
09:46:09,64.33,200,
09:46:09,64.33,200,
09:46:10,64.33,100,
09:46:10,64.33,200,
09:46:10,64.33,800,
09:46:10,64.33,200,
09:46:10,64.33,100,
09:46:10,64.33,200,
09:46:10,64.33,2000,
09:46:10,64.33,1400,
09:46:10,64.33,200,
09:46:10,64.33,300,
09:46:10,64.33,600,
09:46:11,64.33,200,
09:46:14,64.33,200,
09:46:14,64.33,100,
09:46:16,64.34,100,
09:46:16,64.33,600,
09:46:16,64.33,4085,
09:46:17,64.35,100,
09:46:17,64.35,500,
09:46:17,64.35,2000,
09:46:17,64.35,400,
09:46:17,64.35,100,
09:46:17,64.36,100,
09:46:17,64.36,400,
09:46:17,64.36,729,
09:46:17,64.36,300,
09:46:17,64.36,100,
09:46:17,64.36,100,
09:46:17,64.36,200,
09:46:17,64.36,500,
09:46:17,64.36,800,
09:46:17,64.36,400,
09:46:17,64.36,500,
09:46:17,64.35,400,
09:46:19,64.3501,770,
09:46:20,64.36,200,
09:46:22,64.37,300,
09:46:22,64.37,400,
09:46:24,64.36,200,
09:46:26,64.37,500,
09:46:26,64.36,100,
09:46:26,64.3615,100,
09:46:26,64.37,100,
09:46:26,64.37,100,
09:46:26,64.36,500,
09:46:29,64.37,200,
09:46:29,64.37,100,
09:46:29,64.37,500,
09:46:30,64.3699,100,
09:46:30,64.3699,200,
09:46:30,64.37,200,
09:46:30,64.3699,100,
09:46:30,64.37,100,
09:46:32,64.37,400,
09:46:32,64.36,200,
09:46:34,64.37,100,
09:46:36,64.36,800,
09:46:36,64.36,200,
09:46:37,64.36,100,
09:46:39,64.37,200,
09:46:39,64.37,100,
09:46:39,64.37,200,
09:46:39,64.37,310,
09:46:39,64.37,1500,
09:46:41,64.35,100,
09:46:42,64.35,600,
09:46:45,64.35,200,
09:46:45,64.35,200,
09:46:45,64.35,400,
09:46:47,64.35,200,
09:46:47,64.3523,374,
09:46:48,64.35,600,
09:46:48,64.35,390,
09:46:48,64.34,200,
09:46:49,64.33,200,
09:46:49,64.32,400,
09:46:49,64.32,100,
09:46:49,64.32,600,
09:46:49,64.32,100,
09:46:49,64.32,400,
09:46:49,64.32,100,
09:46:49,64.32,100,
09:46:49,64.32,200,
09:46:49,64.32,100,
09:46:51,64.34,200,
09:46:51,64.34,200,
09:46:51,64.34,300,
09:46:51,64.34,380,
09:46:51,64.34,1200,
09:46:51,64.34,400,
09:46:51,64.34,320,
09:46:51,64.34,100,
09:46:51,64.34,200,
09:46:51,64.34,105,
09:46:51,64.33,300,
09:46:58,64.339,700,
09:46:58,64.34,200,
09:46:59,64.35,100,
09:46:59,64.35,300,
09:46:59,64.35,200,
09:46:59,64.35,200,
09:46:59,64.35,200,
09:46:59,64.35,800,
09:46:59,64.35,1600,
09:46:59,64.35,500,
09:47:00,64.34,300,
09:47:00,64.34,132,
09:47:02,64.3315,500,
09:47:04,64.34,300,
09:47:04,64.35,200,
09:47:04,64.35,800,
09:47:04,64.35,800,
09:47:04,64.35,100,
09:47:04,64.3375,300,
09:47:04,64.35,800,
09:47:08,64.36,400,
09:47:08,64.36,100,
09:47:08,64.36,3300,
09:47:08,64.36,800,
09:47:08,64.36,2400,
09:47:08,64.36,100,
09:47:08,64.36,100,
09:47:08,64.37,400,
09:47:08,64.37,800,
09:47:08,64.37,800,
09:47:08,64.37,1100,
09:47:08,64.36,300,
09:47:08,64.37,400,
09:47:08,64.37,132,
09:47:08,64.36,300,
09:47:08,64.37,100,
09:47:08,64.37,400,
09:47:08,64.37,200,
09:47:08,64.37,300,
09:47:08,64.36,800,
09:47:08,64.36,100,
09:47:08,64.36,200,
09:47:08,64.36,200,
09:47:08,64.36,100,
09:47:09,64.35,200,
09:47:09,64.36,200,
09:47:09,64.35,200,
09:47:11,64.35,100,
09:47:11,64.35,200,
09:47:11,64.35,200,
09:47:11,64.34,100,
09:47:13,64.35,200,
09:47:14,64.3484,100,
09:47:14,64.35,100,
09:47:14,64.3484,100,
09:47:14,64.3484,100,
09:47:18,64.36,200,
09:47:18,64.35,100,
09:47:19,64.35,200,
09:47:19,64.35,200,
09:47:22,64.35,177,
09:47:22,64.35,600,
09:47:22,64.35,200,
09:47:22,64.35,700,
09:47:22,64.35,200,
09:47:22,64.34,100,
09:47:22,64.34,800,
09:47:22,64.34,800,
09:47:22,64.34,200,
09:47:22,64.34,100,
09:47:22,64.34,400,
09:47:22,64.34,2400,
09:47:22,64.34,200,
09:47:22,64.34,1775,
09:47:22,64.34,125,
09:47:22,64.34,100,
09:47:22,64.34,300,
09:47:22,64.34,100,
09:47:22,64.33,230,
09:47:22,64.33,400,
09:47:24,64.33,300,
09:47:24,64.33,2300,
09:47:24,64.33,245,
09:47:24,64.33,300,
09:47:24,64.33,400,
09:47:24,64.33,1000,
09:47:24,64.33,100,
09:47:24,64.33,100,
09:47:24,64.33,800,
09:47:24,64.33,100,
09:47:24,64.34,300,
09:47:24,64.33,100,
09:47:24,64.33,700,
09:47:24,64.33,500,
09:47:24,64.33,100,
09:47:24,64.33,117,
09:47:24,64.33,100,
09:47:24,64.33,310,
09:47:24,64.33,200,
09:47:24,64.33,900,
09:47:24,64.33,300,
09:47:24,64.33,100,
09:47:24,64.33,504,
09:47:24,64.33,329,
09:47:24,64.33,100,
09:47:24,64.33,3604,
09:47:24,64.33,704,
09:47:24,64.33,200,
09:47:24,64.33,279,
09:47:24,64.32,200,
09:47:24,64.32,621,
09:47:24,64.33,600,
09:47:24,64.33,100,
09:47:24,64.32,221,
09:47:24,64.32,100,
09:47:24,64.32,500,
09:47:24,64.32,100,
09:47:24,64.32,900,
09:47:24,64.32,600,
09:47:24,64.32,815,
09:47:24,64.32,800,
09:47:24,64.32,600,
09:47:24,64.32,300,
09:47:24,64.32,200,
09:47:24,64.32,285,
09:47:24,64.32,415,
09:47:24,64.31,400,
09:47:24,64.31,100,
09:47:24,64.32,130,
09:47:24,64.32,328,
09:47:24,64.32,100,
09:47:24,64.325,100,
09:47:25,64.31,4075,
09:47:29,64.32,800,
09:47:30,64.32,100,
09:47:30,64.32,100,
09:47:31,64.32,100,
09:47:33,64.33,100,
09:47:34,64.33,400,
09:47:34,64.33,700,
09:47:34,64.33,500,
09:47:36,64.33,100,
09:47:37,64.33,200,
09:47:37,64.33,100,
09:47:43,64.32,585,
09:47:43,64.32,800,
09:47:43,64.32,100,
09:47:47,64.31,800,
09:47:47,64.31,100,
09:47:50,64.3223,250,
09:47:52,64.31,300,
09:47:53,64.32,300,
09:47:53,64.32,200,
09:47:57,64.32,100,
09:48:01,64.32,300,
09:48:02,64.31,200,
09:48:02,64.31,100,
09:48:02,64.31,135,
09:48:02,64.31,100,
09:48:03,64.3023,500,
09:48:03,64.31,600,
09:48:03,64.31,900,
09:48:03,64.31,100,
09:48:08,64.31,100,
09:48:09,64.31,100,
09:48:09,64.31,600,
09:48:10,64.32,300,
09:48:10,64.32,400,
09:48:15,64.32,200,
09:48:19,64.32,200,
09:48:19,64.32,200,
09:48:20,64.3199,3000,
09:48:20,64.31,500,
09:48:21,64.31,400,
09:48:21,64.31,100,
09:48:21,64.31,300,
09:48:21,64.31,300,
09:48:21,64.31,300,
09:48:24,64.31,200,
09:48:26,64.31,300,
09:48:31,64.32,300,
09:48:31,64.32,100,
09:48:31,64.315,100,
09:48:33,64.33,500,
09:48:33,64.33,2000,
09:48:34,64.34,200,
09:48:35,64.34,100,
09:48:35,64.34,200,
09:48:35,64.34,700,
09:48:35,64.34,200,
09:48:35,64.34,100,
09:48:35,64.34,200,
09:48:35,64.34,137,
09:48:35,64.34,100,
09:48:35,64.34,100,
09:48:35,64.34,200,
09:48:35,64.34,500,
09:48:37,64.35,200,
09:48:37,64.35,187,
09:48:37,64.35,100,
09:48:37,64.35,100,
09:48:37,64.35,100,
09:48:37,64.35,400,
09:48:37,64.35,500,
09:48:37,64.35,100,
09:48:37,64.345,100,
09:48:37,64.36,100,
09:48:39,64.36,100,
09:48:41,64.36,290,
09:48:41,64.36,400,
09:48:41,64.36,400,
09:48:41,64.36,100,
09:48:41,64.36,190,
09:48:41,64.36,300,
09:48:41,64.36,200,
09:48:41,64.35,100,
09:48:41,64.35,400,
09:48:42,64.36,100,
09:48:43,64.36,100,
09:48:44,64.36,1600,
09:48:44,64.36,1600,
09:48:44,64.36,400,
09:48:44,64.36,800,
09:48:44,64.36,233,
09:48:44,64.36,114,
09:48:47,64.36,300,
09:48:47,64.36,200,
09:48:48,64.36,500,
09:48:49,64.36,385,
09:48:49,64.36,100,
09:48:49,64.36,200,
09:48:49,64.36,400,
09:48:49,64.36,100,
09:48:49,64.36,700,
09:48:49,64.36,485,
09:48:50,64.3519,103,
09:48:55,64.369,250,
09:48:59,64.36,1212,
09:48:59,64.36,400,
09:48:59,64.36,100,
09:48:59,64.36,800,
09:48:59,64.37,500,
09:48:59,64.37,500,
09:49:01,64.36,100,
09:49:01,64.37,2000,
09:49:02,64.37,600,
09:49:02,64.37,400,
09:49:02,64.37,800,
09:49:02,64.37,300,
09:49:02,64.37,800,
09:49:02,64.37,11700,
09:49:02,64.37,345,
09:49:02,64.37,200,
09:49:02,64.37,140,
09:49:02,64.37,100,
09:49:02,64.37,705,
09:49:05,64.3693,100,
09:49:07,64.37,700,
09:49:07,64.37,100,
09:49:07,64.365,100,
09:49:09,64.38,100,
09:49:12,64.38,300,
09:49:12,64.38,300,
09:49:12,64.39,100,
09:49:19,64.39,400,
09:49:22,64.4084,100,
09:49:22,64.40,100,
09:49:22,64.39,130,
09:49:24,64.39,100,
09:49:24,64.39,100,
09:49:24,64.39,300,
09:49:24,64.39,100,
09:49:24,64.39,100,
09:49:25,64.40,800,
09:49:25,64.40,300,
09:49:25,64.40,1000,
09:49:25,64.40,200,
09:49:25,64.40,800,
09:49:25,64.40,800,
09:49:25,64.40,500,
09:49:25,64.41,100,
09:49:25,64.41,100,
09:49:25,64.41,200,
09:49:25,64.41,800,
09:49:25,64.41,1700,
09:49:25,64.41,190,
09:49:25,64.41,500,
09:49:25,64.41,300,
09:49:25,64.41,800,
09:49:25,64.41,800,
09:49:25,64.41,3300,
09:49:25,64.41,100,
09:49:25,64.41,800,
09:49:26,64.40,100,
09:49:26,64.40,100,
09:49:26,64.40,200,
09:49:26,64.40,100,
09:49:26,64.40,100,
09:49:26,64.40,400,
09:49:27,64.40,500,
09:49:27,64.40,800,
09:49:27,64.40,400,
09:49:36,64.4077,1200,
09:49:36,64.40,100,
09:49:41,64.40,100,
09:49:45,64.41,100,
09:49:45,64.41,100,
09:49:45,64.41,100,
09:49:45,64.42,200,
09:49:45,64.42,100,
09:49:45,64.42,210,
09:49:45,64.42,190,
09:49:45,64.42,100,
09:49:45,64.42,100,
09:49:45,64.42,100,
09:49:45,64.42,600,
09:49:47,64.41,100,
09:49:47,64.41,100,
09:49:47,64.40,100,
09:49:48,64.40,100,
09:49:50,64.41,100,
09:49:51,64.4086,500,
09:49:52,64.41,200,
09:49:52,64.41,100,
09:49:58,64.42,100,
09:49:58,64.42,300,
09:50:02,64.4155,200,
09:50:04,64.41,500,
09:50:05,64.40,200,
09:50:05,64.40,100,
09:50:06,64.41,100,
09:50:06,64.41,100,
09:50:14,64.42,500,
09:50:16,64.42,100,
09:50:19,64.4116,200,
09:50:19,64.42,500,
09:50:22,64.41,100,
09:50:22,64.41,100,
09:50:26,64.41,200,
09:50:26,64.41,100,
09:50:26,64.41,100,
09:50:26,64.41,500,
09:50:26,64.41,200,
09:50:26,64.41,800,
09:50:26,64.41,300,
09:50:28,64.40,100,
09:50:28,64.40,1000,
09:50:28,64.40,400,
09:50:28,64.40,100,
09:50:28,64.40,100,
09:50:28,64.40,600,
09:50:28,64.40,100,
09:50:28,64.40,200,
09:50:30,64.41,150,
09:50:30,64.40,800,
09:50:30,64.40,100,
09:50:30,64.40,300,
09:50:31,64.3986,500,
09:50:32,64.38,700,
09:50:33,64.39,100,
09:50:33,64.39,450,
09:50:33,64.39,250,
09:50:34,64.3999,3000,
09:50:36,64.395,100,
09:50:36,64.40,100,
09:50:36,64.40,100,
09:50:36,64.40,400,
09:50:36,64.40,100,
09:50:40,64.409,250,
09:50:42,64.40,100,
09:50:42,64.40,100,
09:50:42,64.39,100,
09:50:45,64.39,100,
09:50:45,64.39,100,
09:50:46,64.40,500,
09:50:46,64.40,100,
09:50:46,64.40,100,
09:50:46,64.39,100,
09:50:47,64.39,100,
09:50:47,64.40,100,
09:50:47,64.40,100,
09:50:47,64.40,100,
09:50:47,64.40,100,
09:50:47,64.40,100,
09:50:48,64.40,100,
09:50:50,64.3905,800,
09:50:51,64.40,300,
09:50:55,64.4024,170,
09:50:56,64.41,100,
09:50:56,64.41,400,
09:50:56,64.41,100,
09:50:56,64.42,100,
09:50:56,64.42,100,
09:50:56,64.42,100,
09:51:03,64.42,100,
09:51:05,64.42,401,
09:51:06,64.42,100,
09:51:07,64.44,200,
09:51:07,64.44,100,
09:51:07,64.44,100,
09:51:07,64.44,800,
09:51:07,64.44,300,
09:51:08,64.43,100,
09:51:10,64.44,200,
09:51:10,64.45,100,
09:51:11,64.4557,100,
09:51:12,64.46,100,
09:51:12,64.46,300,
09:51:13,64.47,257,
09:51:14,64.47,200,
09:51:18,64.45,700,
09:51:18,64.46,100,
09:51:20,64.458,500,
09:51:20,64.45,200,
09:51:20,64.45,100,
09:51:21,64.45,400,
09:51:21,64.45,800,
09:51:21,64.45,100,
09:51:21,64.45,200,
09:51:21,64.45,100,
09:51:21,64.45,100,
09:51:21,64.45,400,
09:51:21,64.45,100,
09:51:21,64.45,1000,
09:51:21,64.45,800,
09:51:23,64.46,100,
09:51:24,64.4563,100,
09:51:24,64.46,100,
09:51:24,64.46,100,
09:51:27,64.45,400,
09:51:27,64.45,100,
09:51:27,64.45,100,
09:51:27,64.45,100,
09:51:28,64.45,100,
09:51:28,64.45,100,
09:51:28,64.4577,250,
09:51:28,64.45,100,
09:51:28,64.45,100,
09:51:28,64.45,100,
09:51:29,64.44,100,
09:51:29,64.44,300,
09:51:29,64.44,100,
09:51:29,64.44,300,
09:51:29,64.44,700,
09:51:30,64.44,200,
09:51:30,64.44,100,
09:51:30,64.45,100,
09:51:30,64.45,100,
09:51:31,64.45,300,
09:51:31,64.45,100,
09:51:31,64.45,100,
09:51:32,64.44,500,
09:51:33,64.449,100,
09:51:34,64.449,100,
09:51:35,64.44,100,
09:51:35,64.44,300,
09:51:35,64.43,100,
09:51:39,64.4376,100,
09:51:44,64.44,100,
09:51:45,64.45,100,
09:51:48,64.44,100,
09:51:48,64.44,100,
09:51:49,64.44,200,
09:51:49,64.44,100,
09:51:52,64.45,100,
09:51:55,64.45,200,
09:51:55,64.45,200,
09:51:55,64.45,100,
09:51:55,64.45,200,
09:51:55,64.45,100,
09:51:55,64.45,1000,
09:51:55,64.4486,100,
09:51:55,64.4486,100,
09:51:55,64.45,100,
09:51:55,64.45,200,
09:51:55,64.443,500,
09:51:55,64.45,100,
09:51:56,64.445,500,
09:52:05,64.4501,100,
09:52:06,64.46,400,
09:52:07,64.47,100,
09:52:09,64.47,100,
09:52:09,64.47,100,
09:52:10,64.47,200,
09:52:10,64.47,100,
09:52:10,64.48,100,
09:52:10,64.48,400,
09:52:11,64.48,310,
09:52:11,64.48,100,
09:52:13,64.48,700,
09:52:13,64.48,1700,
09:52:13,64.48,4000,
09:52:13,64.48,400,
09:52:13,64.48,15000,
09:52:13,64.48,800,
09:52:13,64.48,2400,
09:52:13,64.48,100,
09:52:13,64.48,100,
09:52:13,64.48,100,
09:52:13,64.48,100,
09:52:13,64.48,100,
09:52:13,64.48,1000,
09:52:13,64.48,700,
09:52:13,64.48,300,
09:52:13,64.48,100,
09:52:13,64.48,500,
09:52:13,64.49,800,
09:52:13,64.49,700,
09:52:13,64.49,600,
09:52:13,64.49,800,
09:52:14,64.48,300,
09:52:16,64.48,400,
09:52:16,64.48,100,
09:52:16,64.48,100,
09:52:16,64.48,100,
09:52:18,64.48,400,
09:52:18,64.48,100,
09:52:19,64.48,100,
09:52:22,64.49,300,
09:52:24,64.49,100,
09:52:24,64.49,600,
09:52:24,64.49,100,
09:52:25,64.49,500,
09:52:25,64.50,100,
09:52:25,64.50,800,
09:52:25,64.50,400,
09:52:25,64.50,100,
09:52:28,64.50,100,
09:52:28,64.51,300,
09:52:28,64.51,400,
09:52:28,64.50,100,
09:52:28,64.50,800,
09:52:28,64.50,100,
09:52:28,64.50,300,
09:52:28,64.50,204,
09:52:28,64.49,100,
09:52:29,64.485,100,
09:52:29,64.50,100,
09:52:29,64.50,100,
09:52:29,64.50,800,
09:52:29,64.49,800,
09:52:29,64.49,100,
09:52:29,64.49,100,
09:52:29,64.49,100,
09:52:29,64.51,800,
09:52:29,64.51,2900,
09:52:29,64.51,800,
09:52:29,64.51,3100,
09:52:29,64.50,400,
09:52:29,64.51,500,
09:52:29,64.50,800,
09:52:29,64.50,3500,
09:52:29,64.50,3100,
09:52:29,64.50,300,
09:52:29,64.50,800,
09:52:29,64.50,100,
09:52:29,64.50,2400,
09:52:29,64.50,100,
09:52:29,64.50,100,
09:52:29,64.50,800,
09:52:29,64.51,1000,
09:52:29,64.51,400,
09:52:29,64.51,400,
09:52:29,64.51,500,
09:52:29,64.50,1700,
09:52:29,64.51,800,
09:52:29,64.51,300,
09:52:29,64.51,800,
09:52:29,64.51,1000,
09:52:29,64.51,100,
09:52:29,64.51,100,
09:52:29,64.51,1900,
09:52:29,64.51,100,
09:52:29,64.51,468,
09:52:29,64.51,100,
09:52:29,64.51,100,
09:52:29,64.52,100,
09:52:29,64.52,100,
09:52:29,64.52,100,
09:52:29,64.51,165,
09:52:29,64.51,800,
09:52:29,64.51,100,
09:52:29,64.51,2300,
09:52:29,64.52,3200,
09:52:30,64.51,100,
09:52:30,64.51,100,
09:52:30,64.51,1600,
09:52:30,64.51,100,
09:52:30,64.51,400,
09:52:30,64.51,100,
09:52:30,64.51,500,
09:52:30,64.51,100,
09:52:30,64.51,200,
09:52:30,64.50,100,
09:52:30,64.50,100,
09:52:30,64.49,400,
09:52:30,64.49,100,
09:52:31,64.49,106,
09:52:31,64.49,100,
09:52:31,64.50,100,
09:52:31,64.509,1000,
09:52:33,64.50,100,
09:52:33,64.50,300,
09:52:34,64.49,100,
09:52:34,64.49,106,
09:52:34,64.49,106,
09:52:34,64.49,550,
09:52:34,64.49,100,
09:52:36,64.49,100,
09:52:37,64.48,700,
09:52:37,64.48,100,
09:52:37,64.48,100,
09:52:37,64.47,193,
09:52:38,64.48,500,
09:52:38,64.48,100,
09:52:38,64.48,100,
09:52:38,64.48,200,
09:52:40,64.49,300,
09:52:40,64.49,100,
09:52:40,64.49,100,
09:52:43,64.49,300,
09:52:43,64.49,100,
09:52:43,64.49,147,
09:52:44,64.48,100,
09:52:44,64.48,100,
09:52:44,64.48,100,
09:52:45,64.48,200,
09:52:45,64.48,100,
09:52:52,64.48,300,
09:52:52,64.471,300,
09:52:56,64.48,200,
09:52:56,64.48,100,
09:52:58,64.48,100,
09:52:59,64.49,100,
09:53:05,64.4893,150,
09:53:06,64.488,400,
09:53:07,64.48,100,
09:53:10,64.46,100,
09:53:13,64.45,200,
09:53:17,64.45,600,
09:53:17,64.45,100,
09:53:17,64.45,100,
09:53:17,64.46,200,
09:53:18,64.46,100,
09:53:18,64.46,100,
09:53:18,64.45,100,
09:53:18,64.45,100,
09:53:18,64.45,100,
09:53:18,64.45,1100,
09:53:18,64.45,1400,
09:53:18,64.45,2900,
09:53:19,64.46,1000,
09:53:19,64.46,100,
09:53:19,64.46,100,
09:53:19,64.46,200,
09:53:20,64.4662,775,
09:53:21,64.47,100,
09:53:21,64.47,100,
09:53:23,64.47,100,
09:53:24,64.47,179,
09:53:27,64.46,100,
09:53:31,64.46,100,
09:53:31,64.46,200,
09:53:33,64.46,100,
09:53:33,64.46,100,
09:53:36,64.45,100,
09:53:41,64.45,100,
09:53:41,64.45,100,
09:53:41,64.45,100,
09:53:51,64.45,100,
09:53:51,64.45,200,
09:53:54,64.46,100,
09:53:54,64.46,100,
09:53:57,64.46,100,
09:53:57,64.46,100,
09:54:06,64.459,100,
09:54:09,64.4688,300,
09:54:12,64.46,400,
09:54:12,64.46,100,
09:54:12,64.46,300,
09:54:12,64.46,400,
09:54:12,64.46,800,
09:54:12,64.46,100,
09:54:12,64.46,800,
09:54:12,64.46,170,
09:54:13,64.45,500,
09:54:13,64.45,100,
09:54:13,64.45,100,
09:54:17,64.44,335,
09:54:17,64.44,100,
09:54:17,64.44,465,
09:54:17,64.44,300,
09:54:22,64.43,300,
09:54:22,64.43,2400,
09:54:22,64.42,100,
09:54:22,64.42,200,
09:54:22,64.42,300,
09:54:25,64.41,200,
09:54:25,64.41,200,
09:54:26,64.40,200,
09:54:29,64.41,150,
09:54:30,64.42,100,
09:54:30,64.42,100,
09:54:32,64.42,100,
09:54:37,64.418,300,
09:54:47,64.42,100,
09:54:53,64.42,200,
09:54:53,64.415,300,
09:54:54,64.43,100,
09:54:54,64.43,200,
09:54:54,64.43,100,
09:54:54,64.43,200,
09:54:54,64.43,100,
09:54:57,64.43,100,
09:54:57,64.43,200,
09:54:58,64.43,400,
09:54:58,64.43,100,
09:54:58,64.43,100,
09:54:58,64.43,300,
09:54:58,64.43,200,
09:54:58,64.43,100,
09:54:58,64.43,142,
09:54:59,64.43,100,
09:54:59,64.43,200,
09:54:59,64.43,200,
09:55:00,64.43,700,
09:55:01,64.44,200,
09:55:01,64.44,100,
09:55:01,64.45,500,
09:55:01,64.45,400,
09:55:01,64.44,100,
09:55:01,64.45,300,
09:55:01,64.45,300,
09:55:01,64.45,400,
09:55:01,64.45,800,
09:55:01,64.45,200,
09:55:01,64.45,800,
09:55:07,64.46,100,
09:55:07,64.46,200,
09:55:07,64.46,200,
09:55:07,64.46,100,
09:55:07,64.46,100,
09:55:07,64.45,100,
09:55:08,64.45,200,
09:55:08,64.45,100,
09:55:08,64.46,100,
09:55:08,64.46,100,
09:55:08,64.46,100,
09:55:13,64.46,173,
09:55:13,64.45,500,
09:55:14,64.45,100,
09:55:14,64.45,100,
09:55:18,64.44,800,
09:55:18,64.44,100,
09:55:18,64.44,100,
09:55:21,64.4301,207,
09:55:21,64.44,100,
09:55:21,64.44,100,
09:55:21,64.44,200,
09:55:23,64.45,200,
09:55:23,64.45,200,
09:55:23,64.45,100,
09:55:23,64.45,400,
09:55:23,64.45,100,
09:55:23,64.45,100,
09:55:24,64.46,100,
09:55:24,64.46,100,
09:55:24,64.46,100,
09:55:24,64.47,10000,
09:55:28,64.47,195,
09:55:36,64.48,300,
09:55:36,64.48,100,
09:55:36,64.48,100,
09:55:38,64.47,200,
09:55:38,64.47,100,
09:55:43,64.46,100,
09:55:43,64.46,200,
09:55:49,64.45,100,
09:55:49,64.45,200,
09:55:50,64.44,500,
09:55:50,64.44,100,
09:55:50,64.44,300,
09:55:50,64.44,300,
09:55:50,64.44,100,
09:55:50,64.44,416,
09:55:50,64.44,500,
09:55:54,64.44,100,
09:56:02,64.45,100,
09:56:02,64.45,100,
09:56:03,64.46,100,
09:56:03,64.46,100,
09:56:03,64.46,200,
09:56:03,64.46,590,
09:56:03,64.46,400,
09:56:03,64.46,600,
09:56:07,64.47,200,
09:56:07,64.47,100,
09:56:07,64.47,100,
09:56:07,64.4675,200,
09:56:11,64.48,200,
09:56:11,64.48,948,
09:56:11,64.49,200,
09:56:12,64.49,100,
09:56:12,64.49,100,
09:56:13,64.49,100,
09:56:13,64.49,100,
09:56:13,64.49,200,
09:56:15,64.48,100,
09:56:20,64.49,800,
09:56:20,64.50,700,
09:56:26,64.49,200,
09:56:26,64.48,600,
09:56:26,64.48,200,
09:56:26,64.48,200,
09:56:26,64.48,200,
09:56:26,64.48,100,
09:56:31,64.48,1000,
09:56:34,64.47,300,
09:56:34,64.47,100,
09:56:34,64.47,100,
09:56:34,64.47,100,
09:56:34,64.47,800,
09:56:35,64.46,100,
09:56:35,64.46,100,
09:56:35,64.46,200,
09:56:41,64.46,300,
09:56:41,64.46,200,
09:56:43,64.47,100,
09:56:43,64.47,100,
09:56:43,64.47,100,
09:56:43,64.47,400,
09:56:43,64.47,377,
09:56:43,64.47,1600,
09:56:43,64.47,100,
09:56:43,64.47,800,
09:56:43,64.47,200,
09:56:43,64.47,300,
09:56:43,64.47,300,
09:56:43,64.47,100,
09:56:43,64.47,300,
09:56:43,64.47,300,
09:56:46,64.46,200,
09:56:46,64.46,1000,
09:56:46,64.46,500,
09:56:46,64.46,100,
09:56:46,64.46,200,
09:56:47,64.46,100,
09:56:47,64.46,100,
09:56:47,64.46,400,
09:56:49,64.46,200,
09:56:49,64.46,100,
09:56:49,64.46,100,
09:56:52,64.45,400,
09:56:52,64.45,200,
09:56:52,64.45,100,
09:56:52,64.45,1000,
09:56:52,64.45,100,
09:56:52,64.45,400,
09:56:52,64.45,310,
09:56:52,64.45,100,
09:56:52,64.45,200,
09:56:53,64.46,274,
09:56:53,64.46,100,
09:56:53,64.46,100,
09:56:53,64.4575,100,
09:57:17,64.47,2000,
09:57:27,64.46,100,
09:57:27,64.4509,500,
09:57:28,64.46,200,
09:57:28,64.46,200,
09:57:28,64.46,100,
09:57:28,64.46,100,
09:57:35,64.45,200,
09:57:35,64.45,100,
09:57:35,64.45,200,
09:57:35,64.45,800,
09:57:35,64.44,100,
09:57:35,64.44,100,
09:57:35,64.44,100,
09:57:35,64.44,200,
09:57:35,64.44,200,
09:57:35,64.44,100,
09:57:35,64.44,100,
09:57:35,64.44,100,
09:57:35,64.44,100,
09:57:35,64.44,200,
09:57:35,64.44,100,
09:57:35,64.44,200,
09:57:35,64.44,200,
09:57:36,64.43,400,
09:57:36,64.43,200,
09:57:36,64.43,3100,
09:57:36,64.43,200,
09:57:36,64.42,300,
09:57:36,64.43,100,
09:57:36,64.43,200,
09:57:36,64.43,100,
09:57:36,64.43,1600,
09:57:36,64.43,648,
09:57:36,64.43,262,
09:57:36,64.43,650,
09:57:36,64.43,100,
09:57:36,64.43,100,
09:57:36,64.43,400,
09:57:36,64.42,200,
09:57:36,64.42,400,
09:57:36,64.42,800,
09:57:36,64.43,2300,
09:57:36,64.43,200,
09:57:36,64.42,100,
09:57:36,64.43,300,
09:57:38,64.44,4359,
09:57:38,64.44,400,
09:57:38,64.44,800,
09:57:38,64.44,3300,
09:57:38,64.44,300,
09:57:38,64.44,500,
09:57:38,64.44,100,
09:57:38,64.44,150,
09:57:38,64.44,100,
09:57:43,64.45,100,
09:57:43,64.45,100,
09:57:43,64.45,400,
09:57:43,64.45,100,
09:57:43,64.45,100,
09:57:43,64.45,100,
09:57:43,64.45,100,
09:57:43,64.45,300,
09:57:43,64.45,487,
09:57:43,64.45,1200,
09:57:43,64.45,400,
09:57:43,64.45,100,
09:57:44,64.45,100,
09:57:44,64.45,600,
09:57:45,64.44,200,
09:57:45,64.44,800,
09:57:45,64.44,100,
09:57:45,64.44,500,
09:57:45,64.44,200,
09:57:45,64.44,800,
09:57:45,64.44,800,
09:57:45,64.44,200,
09:57:45,64.44,800,
09:57:45,64.44,2400,
09:57:45,64.44,500,
09:57:46,64.44,100,
09:57:46,64.44,500,
09:57:46,64.44,300,
09:57:46,64.44,700,
09:57:46,64.44,190,
09:57:46,64.44,100,
09:57:46,64.44,300,
09:57:46,64.44,400,
09:57:46,64.44,2700,
09:57:46,64.43,200,
09:57:46,64.43,100,
09:57:46,64.43,100,
09:57:46,64.43,300,
09:57:46,64.43,100,
09:57:46,64.44,100,
09:57:46,64.44,300,
09:57:46,64.44,520,
09:57:46,64.44,100,
09:57:46,64.44,100,
09:57:49,64.44,600,
09:57:49,64.44,100,
09:57:49,64.44,200,
09:57:49,64.45,100,
09:57:49,64.45,100,
09:57:49,64.45,500,
09:57:49,64.45,200,
09:57:49,64.45,100,
09:57:49,64.45,250,
09:57:49,64.45,250,
09:57:49,64.45,400,
09:57:49,64.45,400,
09:57:49,64.45,200,
09:57:49,64.45,800,
09:57:49,64.45,100,
09:57:51,64.44,100,
09:57:51,64.44,100,
09:57:51,64.44,500,
09:57:51,64.44,100,
09:57:59,64.44,600,
09:57:59,64.44,100,
09:58:02,64.44,100,
09:58:03,64.45,100,
09:58:03,64.45,200,
09:58:03,64.45,200,
09:58:03,64.45,500,
09:58:03,64.45,100,
09:58:03,64.45,400,
09:58:03,64.45,400,
09:58:09,64.4486,200,
09:58:09,64.4487,200,
09:58:09,64.4486,200,
09:58:09,64.4486,100,
09:58:09,64.45,200,
09:58:09,64.45,100,
09:58:11,64.46,400,
09:58:11,64.46,100,
09:58:11,64.46,200,
09:58:11,64.46,100,
09:58:11,64.46,1500,
09:58:14,64.46,100,
09:58:14,64.46,150,
09:58:14,64.46,100,
09:58:19,64.45,100,
09:58:19,64.45,200,
09:58:21,64.45,200,
09:58:21,64.4599,2000,
09:58:29,64.45,153,
09:58:33,64.44,100,
09:58:33,64.44,200,
09:58:33,64.44,500,
09:58:33,64.44,100,
09:58:33,64.44,300,
09:58:35,64.44,100,
09:58:35,64.44,100,
09:58:35,64.44,400,
09:58:35,64.44,200,
09:58:35,64.44,100,
09:58:35,64.44,200,
09:58:35,64.44,3274,
09:58:35,64.44,400,
09:58:35,64.44,500,
09:58:35,64.44,100,
09:58:35,64.44,100,
09:58:35,64.44,500,
09:58:35,64.44,100,
09:58:35,64.44,138,
09:58:46,64.44,100,
09:58:46,64.435,100,
09:58:46,64.44,500,
09:58:46,64.44,100,
09:58:46,64.44,300,
09:58:46,64.44,100,
09:58:46,64.44,500,
09:58:46,64.44,100,
09:58:46,64.44,1964,
09:58:46,64.44,400,
09:58:46,64.44,100,
09:58:46,64.44,100,
09:59:00,64.44,1000,
09:59:00,64.44,200,
09:59:03,64.45,100,
09:59:03,64.45,100,
09:59:09,64.46,100,
09:59:09,64.45,200,
09:59:09,64.45,100,
09:59:10,64.44,100,
09:59:10,64.44,200,
09:59:11,64.43,100,
09:59:12,64.43,100,
09:59:16,64.4314,300,
09:59:16,64.44,100,
09:59:16,64.44,100,
09:59:16,64.44,100,
09:59:16,64.44,143,
09:59:17,64.44,100,
09:59:17,64.44,100,
09:59:17,64.44,500,
09:59:17,64.44,100,
09:59:17,64.43,400,
09:59:17,64.43,100,
09:59:17,64.43,400,
09:59:17,64.43,100,
09:59:26,64.4277,100,
09:59:26,64.43,100,
09:59:30,64.43,100,
09:59:30,64.43,100,
09:59:30,64.43,100,
09:59:33,64.42,500,
09:59:33,64.42,100,
09:59:33,64.42,300,
09:59:33,64.42,1600,
09:59:37,64.41,300,
09:59:37,64.41,100,
09:59:37,64.41,500,
09:59:37,64.41,100,
09:59:37,64.40,9900,
09:59:39,64.40,500,
09:59:40,64.41,100,
09:59:40,64.41,100,
09:59:40,64.41,200,
09:59:40,64.41,700,
09:59:40,64.41,600,
09:59:40,64.41,100,
09:59:40,64.41,1000,
09:59:41,64.41,500,
09:59:41,64.41,100,
09:59:41,64.41,800,
09:59:42,64.40,200,
09:59:43,64.38,200,
09:59:45,64.39,400,
09:59:45,64.39,800,
09:59:45,64.39,400,
09:59:45,64.39,100,
09:59:45,64.39,100,
09:59:45,64.39,100,
09:59:45,64.39,200,
09:59:45,64.39,300,
09:59:45,64.39,200,
09:59:46,64.39,400,
09:59:46,64.39,100,
09:59:46,64.39,100,
09:59:48,64.38,200,
09:59:48,64.36,500,
09:59:48,64.36,800,
09:59:48,64.36,400,
09:59:48,64.37,100,
09:59:48,64.36,100,
09:59:48,64.36,100,
09:59:48,64.36,100,
09:59:48,64.36,300,
09:59:49,64.36,313,
09:59:49,64.36,400,
09:59:49,64.36,500,
09:59:49,64.36,100,
09:59:49,64.36,100,
09:59:49,64.36,500,
09:59:49,64.36,125,
09:59:50,64.37,3850,
09:59:50,64.36,200,
09:59:50,64.36,100,
09:59:50,64.36,400,
09:59:50,64.36,200,
09:59:50,64.35,200,
09:59:51,64.35,1700,
09:59:51,64.35,500,
09:59:51,64.35,1700,
09:59:51,64.35,500,
09:59:52,64.35,600,
09:59:52,64.35,100,
09:59:52,64.35,100,
09:59:52,64.35,400,
09:59:52,64.35,200,
09:59:52,64.35,100,
09:59:53,64.36,100,
09:59:53,64.36,100,
09:59:53,64.355,100,
09:59:53,64.36,500,
09:59:53,64.36,1500,
09:59:54,64.36,500,
09:59:56,64.36,200,
09:59:56,64.36,100,
09:59:56,64.36,200,
09:59:57,64.36,100,
09:59:57,64.36,200,
09:59:57,64.36,100,
09:59:57,64.3601,300,
09:59:58,64.36,100,
09:59:58,64.36,200,
09:59:59,64.35,100,
10:00:01,64.36,571,
10:00:01,64.36,100,
10:00:01,64.36,500,
10:00:01,64.36,500,
10:00:02,64.36,900,
10:00:03,64.36,100,
10:00:06,64.36,400,
10:00:06,64.36,100,
10:00:06,64.36,600,
10:00:06,64.36,100,
10:00:06,64.36,400,
10:00:06,64.36,200,
10:00:06,64.36,800,
10:00:09,64.37,100,
10:00:09,64.37,100,
10:00:10,64.37,100,
10:00:10,64.37,200,
10:00:12,64.37,165,
10:00:12,64.37,100,
10:00:12,64.37,100,
10:00:15,64.38,100,
10:00:15,64.38,100,
10:00:16,64.38,500,
10:00:17,64.38,335,
10:00:17,64.38,122,
10:00:17,64.38,100,
10:00:17,64.38,100,
10:00:19,64.37,100,
10:00:19,64.37,100,
10:00:19,64.37,122,
10:00:21,64.36,400,
10:00:21,64.36,178,
10:00:21,64.36,100,
10:00:21,64.36,374,
10:00:21,64.36,326,
10:00:21,64.36,122,
10:00:28,64.36,400,
10:00:28,64.36,100,
10:00:28,64.36,148,
10:00:28,64.36,148,
10:00:28,64.36,200,
10:00:28,64.37,100,
10:00:28,64.36,100,
10:00:28,64.36,200,
10:00:28,64.36,200,
10:00:29,64.36,1600,
10:00:29,64.36,180,
10:00:29,64.36,800,
10:00:29,64.36,100,
10:00:29,64.36,200,
10:00:29,64.3523,443,
10:00:32,64.35,100,
10:00:32,64.35,100,
10:00:32,64.35,100,
10:00:32,64.34,200,
10:00:32,64.35,100,
10:00:34,64.36,100,
10:00:34,64.36,100,
10:00:34,64.36,400,
10:00:34,64.36,300,
10:00:34,64.36,100,
10:00:34,64.36,500,
10:00:34,64.36,100,
10:00:34,64.35,200,
10:00:41,64.35,200,
10:00:41,64.35,150,
10:00:42,64.35,100,
10:00:42,64.34,200,
10:00:42,64.33,100,
10:00:43,64.33,300,
10:00:48,64.34,500,
10:00:51,64.34,400,
10:00:51,64.34,200,
10:00:51,64.34,200,
10:00:51,64.34,400,
10:00:51,64.34,300,
10:00:53,64.34,100,
10:00:56,64.34,100,
10:00:56,64.35,100,
10:00:56,64.35,100,
10:00:56,64.35,100,
10:00:56,64.35,300,
10:00:56,64.35,100,
10:00:56,64.35,300,
10:00:56,64.35,200,
10:00:56,64.35,300,
10:00:56,64.35,100,
10:00:56,64.35,400,
10:00:56,64.35,100,
10:00:56,64.35,100,
10:00:56,64.35,500,
10:00:56,64.35,800,
10:00:56,64.35,900,
10:00:56,64.34,200,
10:00:56,64.34,500,
10:00:56,64.34,100,
10:00:56,64.35,1000,
10:00:56,64.35,200,
10:00:56,64.34,400,
10:00:56,64.34,100,
10:00:56,64.34,100,
10:00:56,64.35,100,
10:00:57,64.35,400,
10:00:57,64.35,100,
10:00:57,64.35,100,
10:00:58,64.35,700,
10:00:58,64.35,800,
10:00:58,64.35,200,
10:00:58,64.35,800,
10:00:58,64.35,200,
10:00:58,64.35,100,
10:00:58,64.35,100,
10:00:58,64.35,100,
10:00:58,64.35,300,
10:00:58,64.35,100,
10:00:58,64.35,100,
10:00:58,64.35,100,
10:00:58,64.35,300,
10:01:05,64.358,466,
10:01:09,64.36,600,
10:01:09,64.36,100,
10:01:09,64.36,100,
10:01:09,64.36,100,
10:01:09,64.36,400,
10:01:09,64.36,300,
10:01:09,64.36,300,
10:01:09,64.36,100,
10:01:09,64.36,400,
10:01:09,64.36,200,
10:01:09,64.355,100,
10:01:09,64.36,200,
10:01:10,64.37,252,
10:01:11,64.37,400,
10:01:12,64.37,100,
10:01:12,64.37,100,
10:01:13,64.37,200,
10:01:13,64.38,100,
10:01:13,64.3776,100,
10:01:13,64.3777,100,
10:01:15,64.38,100,
10:01:15,64.38,100,
10:01:15,64.38,100,
10:01:15,64.38,800,
10:01:15,64.38,100,
10:01:15,64.38,800,
10:01:15,64.38,400,
10:01:15,64.37,200,
10:01:15,64.37,100,
10:01:15,64.37,900,
10:01:15,64.37,100,
10:01:15,64.37,100,
10:01:15,64.37,100,
10:01:15,64.37,100,
10:01:15,64.37,800,
10:01:15,64.37,100,
10:01:15,64.37,100,
10:01:15,64.37,600,
10:01:15,64.37,500,
10:01:15,64.37,500,
10:01:19,64.37,100,
10:01:20,64.38,300,
10:01:20,64.38,200,
10:01:20,64.375,100,
10:01:28,64.38,100,
10:01:28,64.38,200,
10:01:28,64.38,100,
10:01:28,64.37,400,
10:01:28,64.37,100,
10:01:29,64.36,800,
10:01:29,64.36,100,
10:01:29,64.36,200,
10:01:31,64.36,200,
10:01:31,64.36,100,
10:01:31,64.36,100,
10:01:36,64.36,700,
10:01:36,64.36,100,
10:01:36,64.35,700,
10:01:36,64.36,600,
10:01:36,64.35,100,
10:01:36,64.35,400,
10:01:36,64.35,200,
10:01:36,64.34,955,
10:01:36,64.34,600,
10:01:36,64.34,600,
10:01:36,64.34,500,
10:01:36,64.34,400,
10:01:37,64.35,100,
10:01:40,64.35,500,
10:01:40,64.35,800,
10:01:40,64.35,1400,
10:01:42,64.35,100,
10:01:42,64.35,100,
10:01:43,64.3598,100,
10:01:45,64.3475,2200,
10:01:52,64.34,300,
10:01:52,64.34,100,
10:01:52,64.34,700,
10:01:58,64.34,100,
10:01:58,64.34,100,
10:01:58,64.34,100,
10:01:58,64.34,200,
10:01:58,64.34,400,
10:01:58,64.34,700,
10:01:58,64.34,100,
10:01:58,64.35,500,
10:01:58,64.35,200,
10:01:58,64.35,100,
10:01:58,64.35,100,
10:01:58,64.35,400,
10:01:58,64.35,800,
10:01:58,64.35,400,
10:01:58,64.35,600,
10:01:58,64.35,200,
10:01:58,64.36,200,
10:01:58,64.36,100,
10:01:58,64.36,500,
10:01:58,64.36,100,
10:01:58,64.36,100,
10:01:58,64.36,100,
10:01:58,64.36,100,
10:01:58,64.36,400,
10:01:58,64.36,100,
10:01:58,64.36,800,
10:01:58,64.36,300,
10:01:58,64.36,310,
10:01:58,64.36,800,
10:01:58,64.36,100,
10:01:58,64.36,100,
10:01:58,64.35,190,
10:01:58,64.35,200,
10:01:58,64.35,100,
10:01:58,64.35,200,
10:01:58,64.35,300,
10:01:58,64.35,400,
10:01:58,64.35,300,
10:01:58,64.35,100,
10:01:58,64.35,400,
10:01:58,64.35,100,
10:01:58,64.34,785,
10:01:58,64.36,200,
10:01:59,64.35,500,
10:01:59,64.35,100,
10:01:59,64.35,200,
10:01:59,64.35,1300,
10:01:59,64.35,800,
10:02:00,64.36,500,
10:02:00,64.36,100,
10:02:00,64.36,200,
10:02:00,64.36,900,
10:02:03,64.36,100,
10:02:03,64.36,500,
10:02:03,64.36,100,
10:02:05,64.3577,500,
10:02:06,64.36,400,
10:02:06,64.35,300,
10:02:06,64.35,900,
10:02:06,64.35,600,
10:02:06,64.35,400,
10:02:06,64.35,100,
10:02:06,64.35,490,
10:02:06,64.35,800,
10:02:06,64.35,100,
10:02:06,64.35,100,
10:02:06,64.35,200,
10:02:06,64.35,800,
10:02:06,64.35,100,
10:02:06,64.35,300,
10:02:06,64.35,100,
10:02:06,64.35,400,
10:02:06,64.35,100,
10:02:06,64.35,100,
10:02:06,64.35,200,
10:02:06,64.35,300,
10:02:11,64.35,200,
10:02:11,64.35,800,
10:02:11,64.35,800,
10:02:11,64.35,100,
10:02:11,64.35,100,
10:02:13,64.3524,500,
10:02:14,64.3586,400,
10:02:14,64.35,100,
10:02:16,64.34,100,
10:02:20,64.33,100,
10:02:20,64.33,3700,
10:02:21,64.32,900,
10:02:21,64.31,200,
10:02:21,64.32,200,
10:02:21,64.32,300,
10:02:27,64.31,200,
10:02:28,64.31,500,
10:02:31,64.30,565,
10:02:31,64.30,110,
10:02:31,64.30,800,
10:02:32,64.30,100,
10:02:34,64.30,100,
10:02:34,64.30,100,
10:02:35,64.31,100,
10:02:35,64.31,100,
10:02:35,64.31,200,
10:02:35,64.32,800,
10:02:35,64.32,100,
10:02:35,64.32,600,
10:02:35,64.32,100,
10:02:35,64.32,100,
10:02:35,64.32,400,
10:02:35,64.32,800,
10:02:35,64.32,500,
10:02:35,64.32,100,
10:02:35,64.32,100,
10:02:36,64.32,415,
10:02:36,64.32,800,
10:02:36,64.32,200,
10:02:36,64.32,100,
10:02:36,64.32,600,
10:02:36,64.32,900,
10:02:36,64.32,100,
10:02:36,64.32,100,
10:02:36,64.32,2900,
10:02:37,64.3299,127,
10:02:38,64.32,200,
10:02:38,64.32,100,
10:02:39,64.32,900,
10:02:39,64.32,100,
10:02:39,64.32,3300,
10:02:39,64.32,200,
10:02:39,64.32,600,
10:02:39,64.32,400,
10:02:39,64.32,200,
10:02:39,64.32,100,
10:02:39,64.32,800,
10:02:39,64.32,800,
10:02:39,64.32,1600,
10:02:39,64.32,100,
10:02:39,64.32,100,
10:02:39,64.32,800,
10:02:39,64.32,100,
10:02:39,64.32,100,
10:02:39,64.32,100,
10:02:39,64.32,100,
10:02:39,64.32,2000,
10:02:39,64.32,100,
10:02:39,64.32,400,
10:02:39,64.32,700,
10:02:39,64.32,600,
10:02:39,64.32,600,
10:02:39,64.33,100,
10:02:39,64.33,318,
10:02:39,64.33,100,
10:02:39,64.33,400,
10:02:39,64.33,100,
10:02:39,64.33,800,
10:02:39,64.33,600,
10:02:39,64.33,400,
10:02:39,64.33,100,
10:02:39,64.33,100,
10:02:39,64.33,700,
10:02:39,64.33,100,
10:02:39,64.33,100,
10:02:39,64.32,100,
10:02:39,64.33,100,
10:02:40,64.315,500,
10:02:40,64.32,300,
10:02:42,64.32,100,
10:02:42,64.32,100,
10:02:49,64.31,800,
10:02:49,64.31,800,
10:02:49,64.31,400,
10:02:49,64.31,100,
10:02:49,64.31,100,
10:02:49,64.31,200,
10:02:49,64.31,100,
10:02:49,64.31,400,
10:02:49,64.31,15000,
10:02:49,64.31,400,
10:02:49,64.31,600,
10:02:49,64.31,500,
10:02:49,64.31,400,
10:02:49,64.31,300,
10:02:49,64.31,500,
10:02:49,64.31,100,
10:02:49,64.31,100,
10:02:49,64.31,100,
10:02:49,64.31,100,
10:02:49,64.31,100,
10:02:49,64.31,1700,
10:03:05,64.32,200,
10:03:05,64.32,100,
10:03:05,64.32,800,
10:03:07,64.33,462,
10:03:07,64.33,100,
10:03:07,64.3275,500,
10:03:08,64.34,100,
10:03:08,64.34,400,
10:03:08,64.34,100,
10:03:08,64.34,100,
10:03:11,64.35,200,
10:03:11,64.35,900,
10:03:11,64.35,100,
10:03:13,64.35,200,
10:03:13,64.35,100,
10:03:13,64.35,1700,
10:03:14,64.3493,100,
10:03:17,64.34,100,
10:03:17,64.34,800,
10:03:17,64.34,100,
10:03:17,64.34,800,
10:03:17,64.34,100,
10:03:17,64.34,700,
10:03:17,64.34,300,
10:03:17,64.34,400,
10:03:18,64.34,100,
10:03:19,64.34,100,
10:03:22,64.34,272,
10:03:22,64.34,100,
10:03:24,64.34,300,
10:03:24,64.34,200,
10:03:27,64.34,310,
10:03:27,64.34,100,
10:03:27,64.34,800,
10:03:27,64.34,800,
10:03:27,64.33,100,
10:03:27,64.33,100,
10:03:27,64.34,100,
10:03:27,64.34,100,
10:03:27,64.34,400,
10:03:27,64.34,100,
10:03:27,64.34,100,
10:03:27,64.34,600,
10:03:27,64.34,640,
10:03:27,64.33,400,
10:03:27,64.34,219,
10:03:29,64.33,300,
10:03:35,64.34,200,
10:03:35,64.34,100,
10:03:36,64.34,100,
10:03:36,64.34,1000,
10:03:36,64.34,270,
10:03:36,64.34,100,
10:03:36,64.35,270,
10:03:44,64.34,200,
10:03:50,64.33,100,
10:03:50,64.33,900,
10:03:59,64.33,100,
10:03:59,64.33,100,
10:03:59,64.33,100,
10:03:59,64.33,100,
10:04:06,64.34,500,
10:04:06,64.34,100,
10:04:06,64.34,200,
10:04:06,64.34,200,
10:04:06,64.34,100,
10:04:06,64.34,100,
10:04:06,64.34,800,
10:04:06,64.34,100,
10:04:06,64.34,400,
10:04:06,64.34,100,
10:04:06,64.34,300,
10:04:06,64.34,500,
10:04:06,64.34,200,
10:04:06,64.34,1400,
10:04:06,64.34,200,
10:04:06,64.34,500,
10:04:06,64.34,100,
10:04:06,64.34,600,
10:04:06,64.34,300,
10:04:06,64.34,300,
10:04:06,64.34,700,
10:04:06,64.35,200,
10:04:06,64.35,500,
10:04:06,64.34,900,
10:04:06,64.35,200,
10:04:06,64.34,100,
10:04:06,64.35,100,
10:04:10,64.36,600,
10:04:10,64.36,800,
10:04:10,64.37,310,
10:04:10,64.37,600,
10:04:10,64.37,100,
10:04:10,64.37,400,
10:04:10,64.37,400,
10:04:10,64.37,1100,
10:04:10,64.37,300,
10:04:10,64.37,1100,
10:04:10,64.37,200,
10:04:10,64.37,815,
10:04:10,64.37,900,
10:04:10,64.37,1800,
10:04:10,64.38,500,
10:04:10,64.38,100,
10:04:10,64.38,400,
10:04:10,64.38,300,
10:04:10,64.38,500,
10:04:10,64.38,200,
10:04:10,64.37,870,
10:04:10,64.38,300,
10:04:10,64.38,400,
10:04:10,64.38,1500,
10:04:10,64.38,270,
10:04:10,64.38,2030,
10:04:10,64.38,800,
10:04:10,64.38,100,
10:04:10,64.38,100,
10:04:10,64.38,100,
10:04:10,64.38,200,
10:04:10,64.38,100,
10:04:11,64.38,200,
10:04:11,64.38,100,
10:04:11,64.38,800,
10:04:11,64.38,100,
10:04:11,64.38,1500,
10:04:11,64.38,200,
10:04:11,64.38,482,
10:04:11,64.38,282,
10:04:11,64.37,200,
10:04:11,64.37,100,
10:04:11,64.37,100,
10:04:11,64.37,300,
10:04:11,64.37,500,
10:04:11,64.37,100,
10:04:11,64.37,100,
10:04:11,64.37,100,
10:04:11,64.37,100,
10:04:11,64.37,100,
10:04:11,64.37,400,
10:04:11,64.38,100,
10:04:11,64.37,800,
10:04:11,64.38,200,
10:04:11,64.38,300,
10:04:11,64.37,200,
10:04:11,64.38,700,
10:04:12,64.36,400,
10:04:12,64.36,200,
10:04:12,64.36,100,
10:04:12,64.36,100,
10:04:12,64.36,700,
10:04:12,64.36,200,
10:04:12,64.36,100,
10:04:12,64.36,400,
10:04:12,64.36,100,
10:04:12,64.36,500,
10:04:13,64.37,300,
10:04:13,64.37,200,
10:04:13,64.37,600,
10:04:13,64.37,100,
10:04:13,64.38,100,
10:04:13,64.38,200,
10:04:13,64.38,100,
10:04:13,64.38,300,
10:04:13,64.38,2400,
10:04:13,64.38,600,
10:04:13,64.38,400,
10:04:13,64.38,400,
10:04:13,64.38,800,
10:04:13,64.37,100,
10:04:13,64.38,800,
10:04:13,64.38,1000,
10:04:13,64.38,500,
10:04:13,64.38,400,
10:04:13,64.37,300,
10:04:13,64.38,1000,
10:04:13,64.38,100,
10:04:13,64.38,100,
10:04:13,64.365,200,
10:04:13,64.38,3300,
10:04:13,64.38,300,
10:04:13,64.37,300,
10:04:13,64.37,400,
10:04:13,64.37,100,
10:04:13,64.37,200,
10:04:14,64.36,200,
10:04:14,64.36,100,
10:04:14,64.36,100,
10:04:15,64.37,400,
10:04:15,64.35,400,
10:04:15,64.35,100,
10:04:15,64.35,400,
10:04:15,64.35,100,
10:04:15,64.35,400,
10:04:15,64.35,200,
10:04:15,64.35,100,
10:04:15,64.35,565,
10:04:15,64.35,100,
10:04:15,64.35,700,
10:04:15,64.35,208,
10:04:16,64.37,100,
10:04:24,64.35,100,
10:04:28,64.36,700,
10:04:29,64.34,330,
10:04:29,64.34,200,
10:04:29,64.34,500,
10:04:33,64.3484,200,
10:04:40,64.35,700,
10:04:40,64.35,200,
10:04:40,64.35,300,
10:04:40,64.35,400,
10:04:40,64.35,100,
10:04:40,64.35,101,
10:04:40,64.35,456,
10:04:41,64.35,200,
10:04:41,64.35,200,
10:04:41,64.35,100,
10:04:41,64.35,300,
10:04:41,64.35,500,
10:04:41,64.35,100,
10:04:41,64.35,600,
10:04:41,64.35,100,
10:04:41,64.35,100,
10:04:41,64.35,190,
10:04:41,64.35,100,
10:04:41,64.35,100,
10:04:41,64.35,1000,
10:04:41,64.35,790,
10:04:41,64.35,100,
10:04:41,64.35,390,
10:04:44,64.35,400,
10:04:44,64.35,100,
10:04:44,64.35,100,
10:04:44,64.35,200,
10:04:44,64.34,200,
10:04:44,64.34,300,
10:04:44,64.34,500,
10:04:44,64.34,165,
10:04:44,64.34,400,
10:04:44,64.34,200,
10:04:44,64.34,100,
10:04:44,64.34,335,
10:04:45,64.34,1100,
10:04:45,64.34,400,
10:04:45,64.34,381,
10:04:45,64.34,800,
10:04:45,64.34,100,
10:04:45,64.34,100,
10:04:45,64.34,800,
10:04:45,64.34,200,
10:04:47,64.34,200,
10:04:47,64.34,200,
10:04:47,64.34,100,
10:04:52,64.33,151,
10:04:52,64.33,100,
10:04:52,64.33,100,
10:04:52,64.33,200,
10:04:52,64.33,100,
10:04:52,64.33,200,
10:04:54,64.32,200,
10:04:54,64.32,200,
10:04:55,64.32,600,
10:04:55,64.32,300,
10:04:55,64.32,100,
10:04:55,64.32,100,
10:04:55,64.32,232,
10:04:55,64.32,132,
10:04:55,64.32,132,
10:04:55,64.32,132,
10:04:55,64.32,232,
10:04:55,64.32,188,
10:04:57,64.31,200,
10:04:58,64.30,200,
10:04:58,64.29,100,
10:04:58,64.29,400,
10:04:58,64.29,300,
10:04:58,64.29,400,
10:04:58,64.29,100,
10:04:59,64.29,300,
10:04:59,64.29,100,
10:04:59,64.29,1300,
10:04:59,64.29,2000,
10:04:59,64.29,100,
10:04:59,64.29,200,
10:04:59,64.29,800,
10:04:59,64.29,100,
10:04:59,64.29,800,
10:04:59,64.29,100,
10:04:59,64.29,500,
10:04:59,64.29,100,
10:04:59,64.29,500,
10:04:59,64.29,100,
10:04:59,64.30,100,
10:04:59,64.30,200,
10:04:59,64.30,800,
10:04:59,64.30,400,
10:04:59,64.29,1400,
10:05:00,64.29,200,
10:05:00,64.29,100,
10:05:05,64.30,100,
10:05:05,64.30,229,
10:05:05,64.30,100,
10:05:05,64.30,200,
10:05:05,64.30,1600,
10:05:05,64.30,1414,
10:05:05,64.31,300,
10:05:05,64.31,200,
10:05:05,64.31,100,
10:05:05,64.31,100,
10:05:05,64.31,200,
10:05:05,64.31,100,
10:05:05,64.31,100,
10:05:05,64.31,100,
10:05:05,64.31,100,
10:05:05,64.31,100,
10:05:09,64.30,400,
10:05:09,64.30,100,
10:05:09,64.30,100,
10:05:10,64.30,600,
10:05:10,64.30,250,
10:05:10,64.30,100,
10:05:10,64.30,200,
10:05:10,64.30,400,
10:05:10,64.30,500,
10:05:10,64.30,400,
10:05:10,64.30,800,
10:05:10,64.30,3300,
10:05:10,64.30,2400,
10:05:10,64.30,300,
10:05:10,64.30,1000,
10:05:10,64.30,400,
10:05:10,64.30,600,
10:05:10,64.30,3800,
10:05:16,64.30,800,
10:05:16,64.30,200,
10:05:27,64.29,200,
10:05:30,64.30,900,
10:05:30,64.30,200,
10:05:30,64.30,100,
10:05:30,64.30,1700,
10:05:30,64.30,100,
10:05:32,64.31,200,
10:05:32,64.31,100,
10:05:32,64.31,100,
10:05:34,64.31,300,
10:05:34,64.31,100,
10:05:42,64.30,600,
10:05:42,64.30,100,
10:05:42,64.30,800,
10:05:42,64.30,800,
10:05:42,64.30,900,
10:05:42,64.30,100,
10:05:44,64.29,100,
10:05:44,64.29,100,
10:05:53,64.28,200,
10:05:53,64.28,100,
10:05:53,64.28,100,
10:05:53,64.28,800,
10:05:53,64.28,500,
10:05:53,64.28,1000,
10:05:53,64.28,400,
10:05:53,64.28,200,
10:05:53,64.28,100,
10:05:53,64.28,800,
10:05:53,64.28,1200,
10:05:53,64.28,1000,
10:05:53,64.28,2000,
10:05:54,64.28,200,
10:05:55,64.28,200,
10:05:55,64.28,100,
10:06:05,64.28,490,
10:06:06,64.285,100,
10:06:06,64.30,100,
10:06:06,64.30,400,
10:06:06,64.30,200,
10:06:06,64.30,100,
10:06:07,64.30,100,
10:06:09,64.30,2600,
10:06:09,64.30,100,
10:06:09,64.30,100,
10:06:09,64.30,100,
10:06:09,64.30,600,
10:06:11,64.29,100,
10:06:11,64.29,100,
10:06:11,64.29,100,
10:06:11,64.28,100,
10:06:11,64.28,300,
10:06:11,64.28,100,
10:06:11,64.27,300,
10:06:11,64.27,300,
10:06:11,64.27,1160,
10:06:11,64.28,100,
10:06:11,64.28,100,
10:06:11,64.28,200,
10:06:11,64.28,200,
10:06:11,64.28,416,
10:06:12,64.29,100,
10:06:12,64.29,200,
10:06:16,64.2915,125,
10:06:22,64.2924,200,
10:06:30,64.29,400,
10:06:31,64.29,100,
10:06:36,64.289,200,
10:06:37,64.289,200,
10:06:40,64.29,400,
10:06:40,64.29,100,
10:06:40,64.29,400,
10:06:40,64.29,800,
10:06:40,64.29,100,
10:06:40,64.29,200,
10:06:40,64.29,900,
10:06:40,64.29,200,
10:06:40,64.29,100,
10:06:43,64.28,400,
10:06:43,64.282,1400,
10:06:43,64.2894,200,
10:06:43,64.29,100,
10:06:46,64.29,600,
10:06:46,64.29,375,
10:06:52,64.30,100,
10:06:52,64.30,100,
10:06:52,64.30,100,
10:06:52,64.30,400,
10:06:56,64.3099,3000,
10:06:57,64.31,100,
10:06:57,64.31,200,
10:06:57,64.32,200,
10:06:57,64.32,400,
10:06:57,64.32,100,
10:06:57,64.32,200,
10:07:00,64.3276,100,
10:07:00,64.33,200,
10:07:00,64.33,100,
10:07:03,64.34,100,
10:07:03,64.34,600,
10:07:03,64.34,200,
10:07:04,64.35,100,
10:07:05,64.36,1100,
10:07:05,64.35,500,
10:07:08,64.36,500,
10:07:10,64.36,300,
10:07:10,64.36,500,
10:07:10,64.36,280,
10:07:10,64.36,400,
10:07:10,64.36,100,
10:07:10,64.36,600,
10:07:10,64.36,120,
10:07:10,64.36,100,
10:07:10,64.36,800,
10:07:10,64.36,100,
10:07:10,64.36,500,
10:07:10,64.35,100,
10:07:10,64.36,525,
10:07:10,64.36,800,
10:07:10,64.36,800,
10:07:10,64.36,400,
10:07:10,64.36,100,
10:07:10,64.35,375,
10:07:10,64.35,100,
10:07:10,64.35,800,
10:07:10,64.35,100,
10:07:10,64.35,1200,
10:07:10,64.35,300,
10:07:10,64.35,100,
10:07:10,64.35,527,
10:07:10,64.35,100,
10:07:10,64.35,100,
10:07:10,64.35,800,
10:07:10,64.36,100,
10:07:10,64.35,200,
10:07:10,64.35,100,
10:07:11,64.35,100,
10:07:11,64.35,500,
10:07:11,64.35,300,
10:07:13,64.35,500,
10:07:17,64.36,200,
10:07:17,64.36,100,
10:07:17,64.36,800,
10:07:17,64.36,100,
10:07:17,64.36,600,
10:07:17,64.36,100,
10:07:17,64.36,100,
10:07:17,64.36,100,
10:07:17,64.355,100,
10:07:18,64.37,200,
10:07:18,64.37,1000,
10:07:18,64.37,100,
10:07:18,64.37,514,
10:07:18,64.37,200,
10:07:20,64.3624,100,
10:07:25,64.36,800,
10:07:25,64.36,3300,
10:07:25,64.36,800,
10:07:25,64.36,600,
10:07:25,64.36,800,
10:07:25,64.36,100,
10:07:25,64.36,100,
10:07:25,64.36,2000,
10:07:25,64.36,200,
10:07:25,64.36,100,
10:07:25,64.36,500,
10:07:25,64.35,500,
10:07:25,64.35,400,
10:07:25,64.35,400,
10:07:25,64.35,300,
10:07:25,64.35,100,
10:07:25,64.34,216,
10:07:25,64.34,500,
10:07:26,64.348,500,
10:07:26,64.349,300,
10:07:27,64.35,1100,
10:07:27,64.34,200,
10:07:27,64.34,100,
10:07:27,64.34,200,
10:07:27,64.33,100,
10:07:27,64.33,100,
10:07:28,64.32,200,
10:07:28,64.31,400,
10:07:29,64.3126,200,
10:07:29,64.32,100,
10:07:29,64.32,100,
10:07:29,64.32,200,
10:07:29,64.32,600,
10:07:29,64.33,189,
10:07:29,64.33,200,
10:07:29,64.33,200,
10:07:29,64.33,100,
10:07:29,64.33,100,
10:07:29,64.33,100,
10:07:30,64.33,500,
10:07:36,64.34,1125,
10:07:36,64.34,100,
10:07:36,64.34,200,
10:07:36,64.34,900,
10:07:37,64.35,100,
10:07:37,64.35,100,
10:07:38,64.36,100,
10:07:38,64.36,400,
10:07:38,64.36,200,
10:07:39,64.36,400,
10:07:39,64.36,100,
10:07:39,64.36,200,
10:07:40,64.36,300,
10:07:40,64.36,400,
10:07:40,64.36,100,
10:07:40,64.36,200,
10:07:40,64.36,600,
10:07:40,64.36,200,
10:07:40,64.36,200,
10:07:43,64.37,200,
10:07:43,64.37,300,
10:07:43,64.37,100,
10:07:43,64.37,200,
10:07:44,64.37,100,
10:07:44,64.37,100,
10:07:44,64.37,200,
10:07:44,64.38,100,
10:07:48,64.38,500,
10:07:51,64.40,100,
10:07:54,64.4019,100,
10:07:55,64.41,300,
10:07:55,64.41,100,
10:07:55,64.41,800,
10:07:56,64.42,175,
10:07:57,64.42,100,
10:07:57,64.42,100,
10:07:57,64.41,200,
10:07:57,64.41,100,
10:07:57,64.41,100,
10:07:57,64.41,600,
10:07:57,64.41,800,
10:07:57,64.42,300,
10:07:57,64.42,200,
10:08:00,64.41,100,
10:08:00,64.41,200,
10:08:01,64.41,200,
10:08:01,64.41,100,
10:08:01,64.41,100,
10:08:02,64.40,200,
10:08:02,64.39,315,
10:08:02,64.39,100,
10:08:02,64.39,100,
10:08:02,64.39,100,
10:08:02,64.39,385,
10:08:02,64.39,400,
10:08:03,64.39,300,
10:08:03,64.39,100,
10:08:03,64.39,100,
10:08:03,64.38,200,
10:08:03,64.38,100,
10:08:03,64.38,300,
10:08:03,64.38,500,
10:08:05,64.37,200,
10:08:06,64.36,500,
10:08:06,64.36,500,
10:08:06,64.36,100,
10:08:06,64.36,200,
10:08:06,64.36,100,
10:08:06,64.36,800,
10:08:06,64.36,300,
10:08:06,64.36,100,
10:08:06,64.36,500,
10:08:06,64.36,500,
10:08:06,64.36,500,
10:08:06,64.36,400,
10:08:06,64.36,100,
10:08:06,64.36,100,
10:08:06,64.36,300,
10:08:06,64.36,100,
10:08:06,64.3503,400,
10:08:06,64.3502,200,
10:08:06,64.35,10000,
10:08:06,64.36,500,
10:08:08,64.37,100,
10:08:08,64.37,800,
10:08:08,64.37,100,
10:08:08,64.37,100,
10:08:10,64.38,100,
10:08:10,64.38,100,
10:08:10,64.38,400,
10:08:10,64.38,500,
10:08:14,64.39,100,
10:08:14,64.39,100,
10:08:14,64.39,100,
10:08:14,64.39,100,
10:08:14,64.3875,100,
10:08:16,64.3964,400,
10:08:18,64.40,200,
10:08:19,64.40,100,
10:08:19,64.40,100,
10:08:24,64.39,100,
10:08:24,64.39,462,
10:08:24,64.39,2500,
10:08:24,64.39,400,
10:08:24,64.39,200,
10:08:24,64.39,500,
10:08:24,64.39,200,
10:08:24,64.39,100,
10:08:24,64.38,100,
10:08:24,64.38,200,
10:08:24,64.38,140,
10:08:24,64.37,100,
10:08:24,64.37,100,
10:08:24,64.36,500,
10:08:24,64.36,400,
10:08:24,64.36,800,
10:08:26,64.36,100,
10:08:26,64.36,800,
10:08:26,64.36,600,
10:08:26,64.36,500,
10:08:26,64.36,400,
10:08:26,64.36,100,
10:08:26,64.36,200,
10:08:26,64.36,100,
10:08:26,64.37,400,
10:08:26,64.37,200,
10:08:26,64.37,100,
10:08:26,64.37,100,
10:08:26,64.37,400,
10:08:26,64.37,300,
10:08:26,64.37,800,
10:08:26,64.37,160,
10:08:26,64.37,100,
10:08:26,64.37,200,
10:08:26,64.37,400,
10:08:26,64.37,600,
10:08:26,64.37,100,
10:08:26,64.37,700,
10:08:26,64.37,200,
10:08:26,64.37,100,
10:08:26,64.37,100,
10:08:26,64.37,800,
10:08:26,64.37,180,
10:08:26,64.38,200,
10:08:26,64.38,100,
10:08:26,64.38,100,
10:08:26,64.38,200,
10:08:26,64.37,200,
10:08:26,64.37,400,
10:08:26,64.37,400,
10:08:26,64.37,100,
10:08:26,64.37,300,
10:08:26,64.37,310,
10:08:26,64.37,520,
10:08:26,64.37,400,
10:08:26,64.38,500,
10:08:26,64.38,600,
10:08:26,64.38,400,
10:08:26,64.37,1070,
10:08:26,64.38,400,
10:08:26,64.38,800,
10:08:26,64.38,100,
10:08:26,64.37,400,
10:08:27,64.37,100,
10:08:27,64.38,500,
10:08:27,64.38,500,
10:08:27,64.37,100,
10:08:27,64.37,100,
10:08:27,64.37,2900,
10:08:27,64.37,100,
10:08:27,64.37,100,
10:08:28,64.37,1600,
10:08:28,64.38,100,
10:08:28,64.37,400,
10:08:28,64.37,200,
10:08:28,64.37,100,
10:08:28,64.37,800,
10:08:28,64.37,200,
10:08:28,64.38,200,
10:08:28,64.38,400,
10:08:28,64.38,400,
10:08:28,64.38,600,
10:08:28,64.38,200,
10:08:28,64.38,454,
10:08:28,64.38,100,
10:08:28,64.38,800,
10:08:28,64.38,100,
10:08:28,64.38,400,
10:08:28,64.38,100,
10:08:28,64.38,510,
10:08:28,64.38,800,
10:08:28,64.38,400,
10:08:28,64.38,200,
10:08:28,64.38,2300,
10:08:28,64.38,100,
10:08:28,64.38,100,
10:08:28,64.38,100,
10:08:28,64.38,100,
10:08:28,64.38,100,
10:08:28,64.38,200,
10:08:28,64.38,100,
10:08:28,64.38,400,
10:08:28,64.38,100,
10:08:28,64.38,816,
10:08:28,64.38,600,
10:08:28,64.37,1000,
10:08:28,64.39,400,
10:08:28,64.39,284,
10:08:28,64.39,300,
10:08:28,64.39,400,
10:08:28,64.39,400,
10:08:28,64.39,200,
10:08:28,64.39,100,
10:08:28,64.39,284,
10:08:28,64.39,284,
10:08:28,64.39,200,
10:08:28,64.39,300,
10:08:28,64.39,600,
10:08:28,64.38,200,
10:08:28,64.39,200,
10:08:28,64.38,400,
10:08:28,64.38,500,
10:08:28,64.38,200,
10:08:28,64.38,100,
10:08:28,64.38,200,
10:08:28,64.38,100,
10:08:30,64.37,100,
10:08:30,64.37,200,
10:08:31,64.36,300,
10:08:31,64.36,100,
10:08:31,64.36,100,
10:08:31,64.36,200,
10:08:32,64.35,330,
10:08:32,64.35,200,
10:08:34,64.35,100,
10:08:34,64.35,200,
10:08:34,64.35,100,
10:08:34,64.35,100,
10:08:35,64.35,900,
10:08:35,64.35,100,
10:08:35,64.35,500,
10:08:35,64.35,300,
10:08:35,64.35,1000,
10:08:37,64.35,200,
10:08:37,64.35,100,
10:08:38,64.35,200,
10:08:38,64.35,100,
10:08:39,64.34,400,
10:08:39,64.34,300,
10:08:39,64.34,600,
10:08:39,64.34,100,
10:08:39,64.34,100,
10:08:39,64.34,100,
10:08:39,64.34,100,
10:08:42,64.35,100,
10:08:42,64.35,100,
10:08:44,64.35,200,
10:08:44,64.35,200,
10:08:44,64.35,100,
10:08:47,64.34,100,
10:08:47,64.34,200,
10:08:48,64.33,100,
10:08:49,64.34,100,
10:08:49,64.34,200,
10:08:50,64.34,500,
10:08:50,64.34,600,
10:08:50,64.34,400,
10:08:50,64.34,100,
10:08:50,64.34,100,
10:08:50,64.34,500,
10:08:50,64.33,500,
10:08:50,64.33,200,
10:08:50,64.32,200,
10:08:50,64.32,500,
10:08:50,64.32,100,
10:08:50,64.32,500,
10:08:50,64.31,200,
10:08:50,64.33,100,
10:08:55,64.32,500,
10:08:55,64.32,200,
10:08:55,64.32,100,
10:08:55,64.32,191,
10:08:55,64.32,391,
10:08:55,64.33,100,
10:08:55,64.33,100,
10:08:56,64.33,500,
10:09:00,64.33,100,
10:09:01,64.33,100,
10:09:01,64.32,100,
10:09:01,64.32,600,
10:09:02,64.33,200,
10:09:08,64.34,1000,
10:09:08,64.34,100,
10:09:08,64.34,200,
10:09:09,64.35,400,
10:09:09,64.35,100,
10:09:09,64.35,100,
10:09:09,64.35,800,
10:09:09,64.36,10000,
10:09:09,64.36,400,
10:09:09,64.36,100,
10:09:11,64.35,200,
10:09:11,64.35,200,
10:09:11,64.3475,100,
10:09:12,64.35,245,
10:09:12,64.35,800,
10:09:12,64.35,100,
10:09:12,64.35,500,
10:09:12,64.35,200,
10:09:12,64.35,100,
10:09:12,64.35,500,
10:09:15,64.34,200,
10:09:15,64.34,664,
10:09:15,64.34,500,
10:09:15,64.34,400,
10:09:15,64.34,400,
10:09:15,64.34,100,
10:09:15,64.34,100,
10:09:15,64.34,700,
10:09:15,64.33,100,
10:09:15,64.33,200,
10:09:15,64.33,500,
10:09:15,64.33,400,
10:09:15,64.33,1600,
10:09:17,64.32,100,
10:09:17,64.32,200,
10:09:17,64.32,300,
10:09:17,64.32,200,
10:09:17,64.32,250,
10:09:17,64.32,500,
10:09:17,64.32,1600,
10:09:17,64.32,100,
10:09:17,64.32,400,
10:09:17,64.32,100,
10:09:17,64.32,800,
10:09:17,64.32,600,
10:09:17,64.33,700,
10:09:24,64.33,100,
10:09:24,64.33,100,
10:09:24,64.33,500,
10:09:24,64.33,100,
10:09:24,64.33,200,
10:09:24,64.33,300,
10:09:25,64.3391,280,
10:09:31,64.34,400,
10:09:31,64.34,200,
10:09:31,64.34,100,
10:09:31,64.34,300,
10:09:33,64.35,400,
10:09:33,64.35,300,
10:09:33,64.35,100,
10:09:33,64.35,200,
10:09:33,64.35,1700,
10:09:33,64.35,400,
10:09:33,64.35,100,
10:09:33,64.35,100,
10:09:33,64.35,200,
10:09:33,64.35,800,
10:09:35,64.3499,100,
10:09:36,64.34,789,
10:09:38,64.34,100,
10:09:38,64.34,100,
10:09:38,64.34,100,
10:09:38,64.34,100,
10:09:38,64.34,100,
10:09:38,64.34,1200,
10:09:38,64.33,200,
10:09:41,64.32,100,
10:09:43,64.33,100,
10:09:43,64.33,100,
10:09:43,64.33,200,
10:09:43,64.34,400,
10:09:44,64.338,300,
10:09:44,64.338,100,
10:09:44,64.34,100,
10:09:45,64.33,200,
10:09:45,64.33,200,
10:09:45,64.33,100,
10:09:46,64.33,300,
10:09:53,64.33,200,
10:09:53,64.33,400,
10:09:53,64.33,113,
10:09:53,64.33,400,
10:09:53,64.33,800,
10:09:53,64.33,600,
10:09:53,64.33,500,
10:09:53,64.33,100,
10:09:53,64.33,100,
10:09:53,64.33,100,
10:09:54,64.33,400,
10:09:59,64.33,200,
10:10:00,64.34,100,
10:10:00,64.34,100,
10:10:09,64.35,100,
10:10:11,64.35,200,
10:10:12,64.34,100,
10:10:12,64.34,100,
10:10:12,64.34,100,
10:10:12,64.34,200,
10:10:12,64.34,100,
10:10:12,64.34,600,
10:10:16,64.34,500,
10:10:16,64.35,400,
10:10:16,64.35,600,
10:10:16,64.34,100,
10:10:16,64.34,100,
10:10:16,64.34,213,
10:10:23,64.34,200,
10:10:23,64.34,400,
10:10:24,64.34,400,
10:10:24,64.34,500,
10:10:24,64.34,600,
10:10:24,64.34,100,
10:10:24,64.34,800,
10:10:24,64.34,200,
10:10:24,64.34,500,
10:10:24,64.34,700,
10:10:24,64.3391,3000,
10:10:24,64.34,1600,
10:10:24,64.34,3200,
10:10:25,64.33,100,
10:10:28,64.33,300,
10:10:28,64.33,300,
10:10:28,64.33,400,
10:10:28,64.33,815,
10:10:28,64.33,100,
10:10:28,64.33,200,
10:10:28,64.33,800,
10:10:28,64.33,250,
10:10:28,64.33,500,
10:10:28,64.33,100,
10:10:28,64.33,100,
10:10:28,64.33,1500,
10:10:28,64.33,100,
10:10:28,64.33,100,
10:10:28,64.33,400,
10:10:28,64.33,600,
10:10:28,64.33,800,
10:10:28,64.33,200,
10:10:28,64.33,300,
10:10:28,64.33,600,
10:10:28,64.33,500,
10:10:28,64.33,100,
10:10:28,64.33,1500,
10:10:29,64.33,400,
10:10:29,64.32,400,
10:10:29,64.32,100,
10:10:29,64.32,200,
10:10:29,64.32,100,
10:10:29,64.32,100,
10:10:29,64.33,2300,
10:10:29,64.32,300,
10:10:29,64.32,400,
10:10:32,64.32,100,
10:10:40,64.31,400,
10:10:40,64.31,100,
10:10:42,64.30,10000,
10:10:44,64.31,200,
10:10:44,64.31,1700,
10:10:46,64.30,200,
10:10:46,64.30,100,
10:10:46,64.30,2100,
10:10:46,64.30,600,
10:10:46,64.30,2600,
10:10:46,64.30,100,
10:10:46,64.30,401,
10:10:47,64.29,117,
10:10:47,64.29,1100,
10:10:47,64.29,200,
10:10:47,64.29,200,
10:10:47,64.29,600,
10:10:47,64.29,100,
10:10:47,64.29,200,
10:10:47,64.29,100,
10:10:47,64.29,800,
10:10:47,64.29,800,
10:10:47,64.29,100,
10:10:47,64.29,200,
10:10:47,64.29,427,
10:10:47,64.29,300,
10:10:48,64.29,100,
10:10:54,64.30,600,
10:10:54,64.30,200,
10:10:54,64.30,100,
10:10:54,64.31,200,
10:10:54,64.31,172,
10:10:54,64.31,100,
10:10:55,64.31,100,
10:10:55,64.31,100,
10:10:56,64.31,800,
10:10:56,64.31,200,
10:10:56,64.31,800,
10:10:58,64.32,100,
10:10:58,64.32,100,
10:11:01,64.32,500,
10:11:01,64.32,200,
10:11:02,64.32,100,
10:11:02,64.32,100,
10:11:03,64.32,100,
10:11:03,64.32,200,
10:11:04,64.32,207,
10:11:04,64.32,400,
10:11:04,64.32,100,
10:11:04,64.32,200,
10:11:05,64.32,100,
10:11:05,64.32,100,
10:11:09,64.32,203,
10:11:09,64.32,400,
10:11:09,64.32,200,
10:11:09,64.32,100,
10:11:09,64.32,100,
10:11:10,64.32,100,
10:11:10,64.32,100,
10:11:14,64.31,100,
10:11:18,64.30,100,
10:11:18,64.31,200,
10:11:18,64.31,100,
10:11:18,64.30,100,
10:11:18,64.30,2713,
10:11:21,64.29,100,
10:11:21,64.29,200,
10:11:21,64.28,500,
10:11:21,64.28,100,
10:11:21,64.28,300,
10:11:22,64.28,100,
10:11:22,64.28,100,
10:11:24,64.28,800,
10:11:24,64.28,400,
10:11:24,64.28,100,
10:11:24,64.28,100,
10:11:24,64.28,400,
10:11:24,64.28,600,
10:11:24,64.28,135,
10:11:24,64.27,400,
10:11:24,64.28,124,
10:11:26,64.27,100,
10:11:26,64.27,100,
10:11:29,64.27,100,
10:11:29,64.25,6000,
10:11:29,64.25,100,
10:11:29,64.27,700,
10:11:30,64.25,300,
10:11:30,64.24,400,
10:11:30,64.25,200,
10:11:30,64.25,100,
10:11:30,64.26,100,
10:11:30,64.25,400,
10:11:30,64.25,100,
10:11:30,64.25,200,
10:11:30,64.25,100,
10:11:30,64.25,300,
10:11:31,64.25,1600,
10:11:31,64.25,400,
10:11:31,64.25,2400,
10:11:31,64.24,700,
10:11:31,64.24,100,
10:11:31,64.2329,100,
10:11:32,64.23,100,
10:11:32,64.23,100,
10:11:32,64.23,100,
10:11:32,64.23,200,
10:11:32,64.23,100,
10:11:32,64.22,100,
10:11:33,64.23,100,
10:11:33,64.23,581,
10:11:33,64.23,141,
10:11:33,64.23,100,
10:11:33,64.23,107,
10:11:33,64.23,100,
10:11:35,64.23,500,
10:11:40,64.24,200,
10:11:40,64.24,200,
10:11:40,64.24,500,
10:11:41,64.24,100,
10:11:41,64.24,200,
10:11:41,64.24,300,
10:11:41,64.24,100,
10:11:41,64.24,1600,
10:11:41,64.24,300,
10:11:41,64.24,500,
10:11:41,64.24,100,
10:11:41,64.24,100,
10:11:41,64.24,100,
10:11:42,64.235,500,
10:11:46,64.23,100,
10:11:46,64.23,100,
10:11:46,64.23,100,
10:11:46,64.23,100,
10:11:46,64.23,700,
10:11:47,64.23,800,
10:11:47,64.23,100,
10:11:47,64.23,800,
10:11:47,64.23,400,
10:11:48,64.23,100,
10:11:50,64.2243,300,
10:11:53,64.22,200,
10:11:56,64.22,100,
10:11:58,64.2205,500,
10:11:59,64.23,400,
