09:30:00,68.41,100,
09:30:00,68.41,100,
09:30:00,68.40,200,
09:30:00,68.40,3158,
09:30:00,68.40,2100,
09:30:00,68.40,426,
09:30:00,68.41,200,
09:30:00,68.40,400,
09:30:00,68.40,800,
09:30:01,68.41,200,
09:30:01,68.40,200,
09:30:02,68.40,195,
09:30:02,68.41,244,
09:30:02,68.41,400,
09:30:02,68.40,300,
09:30:02,68.40,700,
09:30:04,68.40,100,
09:30:04,68.40,100,
09:30:04,68.40,500,
09:30:05,68.40,700,
09:30:05,68.40,200,
09:30:06,68.40,200,
09:30:06,68.40,700,
09:30:10,68.39,400,
09:30:10,68.39,500,
09:30:10,68.39,200,
09:30:10,68.39,1000,
09:30:10,68.39,500,
09:30:10,68.39,500,
09:30:10,68.39,400,
09:30:12,68.39,100,
09:30:12,68.39,100,
09:30:14,68.40,500,
09:30:14,68.40,500,
09:30:15,68.40,300,
09:30:15,68.39,100,
09:30:15,68.3999,3120,
09:30:17,68.3999,800,
09:30:18,68.39,500,
09:30:18,68.39,115,
09:30:19,68.39,800,
09:30:19,68.39,700,
09:30:19,68.39,400,
09:30:19,68.40,200,
09:30:19,68.40,200,
09:30:19,68.40,169,
09:30:19,68.40,500,
09:30:19,68.40,500,
09:30:20,68.40,800,
09:30:20,68.39,115,
09:30:20,68.39,200,
09:30:20,68.39,200,
09:30:20,68.39,885,
09:30:22,68.39,100,
09:30:22,68.39,700,
09:30:25,68.40,300,
09:30:25,68.41,200,
09:30:25,68.40,300,
09:30:26,68.40,300,
09:30:27,68.40,800,
09:30:27,68.40,185,
09:30:34,68.40,100,
09:30:35,68.40,200,
09:30:36,68.40,200,
09:30:36,68.40,500,
09:30:36,68.40,200,
09:30:40,68.40,1126,
09:30:41,68.42,100,
09:30:41,68.42,800,
09:30:41,68.41,500,
09:30:41,68.41,500,
09:30:41,68.41,100,
09:30:41,68.41,1000,
09:30:41,68.41,200,
09:30:41,68.41,700,
09:30:42,68.40,200,
09:30:42,68.40,200,
09:30:45,68.41,100,
09:30:48,68.42,300,
09:30:48,68.42,300,
09:30:48,68.42,500,
09:30:48,68.42,500,
09:30:48,68.42,700,
09:30:48,68.42,800,
09:30:48,68.43,200,
09:30:48,68.43,400,
09:30:48,68.43,100,
09:30:48,68.42,200,
09:30:48,68.43,200,
09:30:57,68.43,300,
09:31:00,68.43,1100,
09:31:00,68.43,500,
09:31:00,68.43,200,
09:31:00,68.43,200,
09:31:00,68.43,200,
09:31:00,68.42,616,
09:31:03,68.43,18200,
09:31:03,68.4301,4100,
09:31:07,68.43,100,
09:31:10,68.435,100,
09:31:12,68.44,100,
09:31:12,68.44,500,
09:31:12,68.44,500,
09:31:12,68.45,7394,
09:31:13,68.45,200,
09:31:13,68.45,500,
09:31:13,68.45,300,
09:31:13,68.45,500,
09:31:13,68.46,200,
09:31:13,68.46,400,
09:31:13,68.46,100,
09:31:13,68.46,500,
09:31:13,68.46,300,
09:31:14,68.47,100,
09:31:14,68.48,100,
09:31:15,68.47,300,
09:31:15,68.47,700,
09:31:16,68.46,200,
09:31:16,68.46,200,
09:31:16,68.46,700,
09:31:16,68.4501,1500,
09:31:16,68.46,200,
09:31:19,68.465,477,
09:31:19,68.47,200,
09:31:19,68.47,1200,
09:31:19,68.47,500,
09:31:19,68.47,500,
09:31:19,68.47,200,
09:31:20,68.4701,300,
09:31:23,68.46,616,
09:31:23,68.46,300,
09:31:23,68.46,800,
09:31:23,68.46,500,
09:31:23,68.46,200,
09:31:23,68.45,200,
09:31:24,68.46,1800,
09:31:24,68.46,200,
09:31:24,68.455,100,
09:31:26,68.46,200,
09:31:26,68.45,700,
09:31:27,68.46,300,
09:31:27,68.46,1200,
09:31:32,68.465,100,
09:31:35,68.47,439,
09:31:38,68.47,1200,
09:31:38,68.465,100,
09:31:41,68.48,500,
09:31:42,68.48,500,
09:31:42,68.48,200,
09:31:43,68.49,100,
09:31:43,68.49,161,
09:31:43,68.49,139,
09:31:43,68.49,161,
09:31:43,68.49,500,
09:31:43,68.49,200,
09:31:49,68.50,100,
09:31:50,68.50,500,
09:31:50,68.50,500,
09:31:50,68.50,304,
09:31:50,68.50,410,
09:31:54,68.49,100,
09:31:55,68.49,200,
09:32:00,68.48,100,
09:32:00,68.48,500,
09:32:00,68.48,500,
09:32:00,68.48,500,
09:32:00,68.48,1600,
09:32:00,68.48,500,
09:32:00,68.48,500,
09:32:00,68.48,184,
09:32:00,68.48,100,
09:32:00,68.48,314,
09:32:00,68.48,200,
09:32:03,68.479,100,
09:32:03,68.479,200,
09:32:05,68.4707,500,
09:32:06,68.47,500,
09:32:06,68.47,500,
09:32:06,68.47,100,
09:32:06,68.47,100,
09:32:08,68.47,100,
09:32:09,68.46,100,
09:32:10,68.47,571,
09:32:10,68.473,2000,
09:32:12,68.47,365,
09:32:17,68.46,100,
09:32:17,68.46,316,
09:32:17,68.46,500,
09:32:17,68.46,500,
09:32:19,68.45,1020,
09:32:19,68.45,300,
09:32:19,68.45,500,
09:32:19,68.45,500,
09:32:19,68.45,400,
09:32:21,68.44,200,
09:32:21,68.44,200,
09:32:21,68.44,200,
09:32:21,68.44,500,
09:32:21,68.44,500,
09:32:21,68.44,800,
09:32:21,68.44,400,
09:32:21,68.44,200,
09:32:23,68.43,700,
09:32:23,68.43,500,
09:32:23,68.43,300,
09:32:25,68.44,1000,
09:32:25,68.44,205,
09:32:25,68.44,200,
09:32:25,68.44,700,
09:32:26,68.45,100,
09:32:27,68.45,500,
09:32:27,68.45,205,
09:32:27,68.45,100,
09:32:27,68.45,500,
09:32:27,68.45,421,
09:32:29,68.46,500,
09:32:29,68.46,500,
09:32:29,68.46,200,
09:32:29,68.46,200,
09:32:30,68.47,300,
09:32:35,68.47,200,
09:32:35,68.47,500,
09:32:35,68.47,262,
09:32:35,68.47,500,
09:32:35,68.465,100,
09:32:37,68.48,500,
09:32:38,68.48,299,
09:32:38,68.48,600,
09:32:38,68.49,300,
09:32:38,68.49,500,
09:32:38,68.49,500,
09:32:38,68.49,300,
09:32:38,68.49,200,
09:32:38,68.49,200,
09:32:39,68.49,200,
09:32:39,68.49,200,
09:32:39,68.49,1000,
09:32:45,68.48,100,
09:32:51,68.49,200,
09:32:51,68.49,200,
09:32:55,68.49,200,
09:32:55,68.49,200,
09:32:56,68.48,300,
09:32:56,68.48,100,
09:32:56,68.48,400,
09:33:00,68.49,100,
09:33:00,68.49,1600,
09:33:00,68.49,300,
09:33:01,68.49,200,
09:33:03,68.49,200,
09:33:09,68.49,100,
09:33:09,68.49,599,
09:33:11,68.50,500,
09:33:11,68.50,500,
09:33:11,68.50,500,
09:33:19,68.50,100,
09:33:20,68.50,300,
09:33:28,68.51,100,
09:33:28,68.51,399,
09:33:28,68.51,299,
09:33:28,68.51,499,
09:33:28,68.51,101,
09:33:32,68.51,200,
09:33:33,68.51,184,
09:33:37,68.50,200,
09:33:37,68.50,300,
09:33:38,68.50,100,
09:33:38,68.50,500,
09:33:38,68.50,600,
09:33:38,68.49,300,
09:33:44,68.50,100,
09:33:44,68.50,400,
09:33:44,68.50,100,
09:33:44,68.5083,1000,
09:33:48,68.51,500,
09:33:48,68.51,500,
09:33:48,68.51,100,
09:33:50,68.5107,1100,
09:34:00,68.51,816,
09:34:01,68.51,300,
09:34:01,68.51,384,
09:34:01,68.50,400,
09:34:02,68.50,200,
09:34:02,68.50,200,
09:34:02,68.50,200,
09:34:03,68.50,116,
09:34:03,68.50,300,
09:34:04,68.50,500,
09:34:04,68.50,1100,
09:34:04,68.50,600,
09:34:04,68.50,500,
09:34:09,68.50,200,
09:34:20,68.505,270,
09:34:21,68.51,100,
09:34:28,68.50,500,
09:34:28,68.5057,500,
09:34:28,68.49,216,
09:34:28,68.49,200,
09:34:34,68.4901,158,
09:34:48,68.50,172,
09:34:48,68.50,300,
09:34:59,68.50,814,
09:35:01,68.49,600,
09:35:01,68.49,300,
09:35:01,68.49,1700,
09:35:01,68.49,500,
09:35:01,68.49,500,
09:35:01,68.49,284,
09:35:01,68.48,200,
09:35:01,68.495,400,
09:35:01,68.48,500,
09:35:01,68.48,2200,
09:35:01,68.4925,400,
09:35:04,68.485,200,
09:35:05,68.485,200,
09:35:05,68.48,700,
09:35:13,68.48,100,
09:35:13,68.48,1300,
09:35:13,68.48,6000,
09:35:13,68.48,100,
09:35:14,68.48,100,
09:35:16,68.49,400,
09:35:16,68.49,200,
09:35:16,68.49,100,
09:35:16,68.49,200,
09:35:16,68.49,300,
09:35:17,68.50,800,
09:35:17,68.50,400,
09:35:18,68.50,1114,
09:35:18,68.50,214,
09:35:18,68.50,500,
09:35:18,68.50,186,
09:35:18,68.51,500,
09:35:18,68.51,500,
09:35:18,68.51,500,
09:35:19,68.51,100,
09:35:19,68.51,200,
09:35:20,68.51,700,
09:35:20,68.51,100,
09:35:22,68.51,300,
09:35:26,68.51,184,
09:35:30,68.50,100,
09:35:31,68.51,100,
09:35:31,68.51,200,
09:35:31,68.51,200,
09:35:31,68.51,700,
09:35:31,68.51,200,
09:35:31,68.51,300,
09:35:31,68.50,200,
09:35:31,68.50,196,
09:35:31,68.50,200,
09:35:31,68.50,200,
09:35:31,68.50,200,
09:35:40,68.50,500,
09:35:41,68.49,200,
09:35:46,68.49,300,
09:35:46,68.49,200,
09:35:46,68.49,500,
09:35:46,68.49,500,
09:35:46,68.49,500,
09:35:46,68.48,116,
09:35:47,68.49,200,
09:35:47,68.49,1084,
09:35:47,68.49,300,
09:35:50,68.49,300,
09:35:50,68.49,815,
09:35:50,68.49,300,
09:35:50,68.49,500,
09:36:00,68.50,500,
09:36:00,68.50,500,
09:36:00,68.50,100,
09:36:00,68.50,300,
09:36:00,68.5082,400,
09:36:02,68.51,500,
09:36:03,68.51,500,
09:36:03,68.51,100,
09:36:08,68.51,500,
09:36:08,68.50,416,
09:36:08,68.50,200,
09:36:08,68.51,200,
09:36:08,68.51,700,
09:36:08,68.51,300,
09:36:10,68.51,300,
09:36:13,68.51,584,
09:36:13,68.50,200,
09:36:17,68.5099,400,
09:36:24,68.51,200,
09:36:29,68.50,700,
09:36:29,68.50,200,
09:36:32,68.51,100,
09:36:36,68.51,100,
09:36:38,68.501,100,
09:36:38,68.52,500,
09:36:39,68.52,500,
09:36:39,68.52,500,
09:36:49,68.53,200,
09:36:49,68.53,675,
09:36:49,68.53,500,
09:36:49,68.53,500,
09:36:49,68.53,168,
09:36:49,68.53,500,
09:36:49,68.53,100,
09:36:49,68.53,400,
09:36:49,68.53,100,
09:36:49,68.53,200,
09:36:49,68.53,200,
09:36:49,68.53,500,
09:36:49,68.53,200,
09:36:49,68.53,200,
09:36:49,68.52,400,
09:36:49,68.52,200,
09:36:50,68.5299,1200,
09:36:51,68.53,100,
09:36:51,68.5299,100,
09:36:52,68.53,100,
09:36:52,68.54,2600,
09:36:52,68.54,600,
09:36:53,68.54,2600,
09:36:54,68.54,2600,
09:36:54,68.54,1600,
09:36:54,68.54,1800,
09:36:59,68.53,400,
09:36:59,68.53,200,
09:36:59,68.52,200,
09:37:04,68.52,500,
09:37:04,68.52,700,
09:37:11,68.53,200,
09:37:11,68.53,200,
09:37:11,68.5299,1000,
09:37:17,68.53,100,
09:37:19,68.53,1000,
09:37:19,68.52,116,
09:37:19,68.52,500,
09:37:34,68.52,300,
09:37:35,68.51,800,
09:37:37,68.51,300,
09:37:37,68.51,500,
09:37:37,68.51,200,
09:37:37,68.51,500,
09:37:37,68.51,5000,
09:37:37,68.51,700,
09:37:37,68.51,500,
09:37:37,68.51,300,
09:37:37,68.51,1200,
09:37:37,68.50,2818,
09:37:37,68.49,116,
09:37:38,68.50,200,
09:37:38,68.50,100,
09:37:39,68.5007,500,
09:37:40,68.51,100,
09:37:43,68.50,500,
09:37:43,68.50,500,
09:37:43,68.50,500,
09:37:43,68.50,200,
09:37:44,68.49,200,
09:37:44,68.49,243,
09:37:48,68.50,100,
09:37:52,68.495,380,
09:37:52,68.50,128,
09:37:52,68.50,486,
09:37:56,68.51,200,
09:37:56,68.51,800,
09:37:56,68.51,100,
09:37:56,68.51,100,
09:37:56,68.51,500,
09:37:56,68.51,500,
09:37:56,68.51,500,
09:37:56,68.51,500,
09:37:56,68.51,200,
09:37:56,68.51,400,
09:38:00,68.52,1900,
09:38:00,68.52,800,
09:38:00,68.52,500,
09:38:00,68.52,500,
09:38:00,68.52,200,
09:38:00,68.52,200,
09:38:00,68.52,500,
09:38:00,68.52,180,
09:38:00,68.52,120,
09:38:00,68.52,500,
09:38:06,68.53,100,
09:38:06,68.53,500,
09:38:06,68.53,500,
09:38:06,68.54,1200,
09:38:06,68.54,1000,
09:38:06,68.54,500,
09:38:06,68.54,500,
09:38:06,68.54,500,
09:38:06,68.54,700,
09:38:06,68.54,1400,
09:38:06,68.54,400,
09:38:06,68.54,138,
09:38:07,68.54,1300,
09:38:07,68.54,800,
09:38:07,68.53,100,
09:38:07,68.53,400,
09:38:08,68.535,481,
09:38:19,68.53,500,
09:38:19,68.53,400,
09:38:19,68.53,500,
09:38:22,68.52,800,
09:38:22,68.52,500,
09:38:22,68.52,500,
09:38:22,68.52,200,
09:38:22,68.52,200,
09:38:22,68.52,200,
09:38:22,68.51,200,
09:38:22,68.52,200,
09:38:22,68.52,400,
09:38:23,68.51,600,
09:38:24,68.51,100,
09:38:27,68.52,1000,
09:38:35,68.53,124,
09:38:35,68.53,400,
09:38:36,68.53,500,
09:38:36,68.53,376,
09:38:44,68.54,500,
09:38:44,68.54,300,
09:38:44,68.54,200,
09:38:44,68.54,300,
09:38:49,68.54,945,
09:38:51,68.54,300,
09:39:07,68.55,750,
09:39:07,68.55,500,
09:39:07,68.55,500,
09:39:07,68.55,955,
09:39:07,68.55,400,
09:39:07,68.55,200,
09:39:07,68.55,700,
09:39:07,68.55,400,
09:39:07,68.55,400,
09:39:07,68.56,200,
09:39:07,68.55,200,
09:39:09,68.56,1500,
09:39:16,68.5546,300,
09:39:23,68.54,300,
09:39:23,68.54,200,
09:39:23,68.54,500,
09:39:23,68.53,200,
09:39:24,68.53,4600,
09:39:24,68.53,300,
09:39:24,68.53,500,
09:39:24,68.53,224,
09:39:24,68.53,800,
09:39:24,68.53,900,
09:39:24,68.53,100,
09:39:24,68.53,100,
09:39:24,68.53,400,
09:39:27,68.53,100,
09:39:43,68.53,100,
09:39:43,68.53,300,
09:39:50,68.52,200,
09:39:50,68.52,200,
09:39:50,68.52,500,
09:39:50,68.52,500,
09:39:50,68.52,500,
09:39:55,68.51,150,
09:40:06,68.52,800,
09:40:16,68.51,100,
09:40:22,68.51,100,
09:40:23,68.51,800,
09:40:23,68.51,500,
09:40:23,68.51,500,
09:40:23,68.50,5000,
09:40:23,68.50,800,
09:40:23,68.50,200,
09:40:23,68.50,500,
09:40:23,68.50,5000,
09:40:23,68.50,500,
09:40:23,68.50,2384,
09:40:23,68.50,100,
09:40:25,68.50,800,
09:40:25,68.50,500,
09:40:26,68.50,100,
09:40:31,68.50,100,
09:40:36,68.50,224,
09:40:38,68.50,100,
09:40:38,68.50,200,
09:40:38,68.50,900,
09:40:38,68.50,1500,
09:40:38,68.50,161,
09:40:38,68.50,200,
09:40:38,68.50,1400,
09:40:38,68.50,900,
09:40:38,68.50,200,
09:40:38,68.50,1400,
09:40:38,68.50,1000,
09:40:52,68.50,100,
09:40:52,68.50,900,
09:40:52,68.50,661,
09:40:54,68.50,600,
09:40:54,68.50,400,
09:40:54,68.50,400,
09:41:04,68.4901,258,
09:41:08,68.50,200,
09:41:10,68.5001,500,
09:41:17,68.50,100,
09:41:17,68.50,100,
09:41:17,68.50,100,
09:41:17,68.50,100,
09:41:22,68.49,100,
09:41:32,68.50,367,
09:41:39,68.51,500,
09:41:39,68.51,800,
09:41:39,68.51,7200,
09:41:39,68.52,241,
09:41:41,68.52,500,
09:41:41,68.52,500,
09:41:41,68.52,104,
09:41:41,68.52,500,
09:41:44,68.53,400,
09:41:44,68.53,500,
09:41:44,68.53,300,
09:41:44,68.53,500,
09:41:51,68.5301,400,
09:41:57,68.53,800,
09:41:57,68.53,800,
09:41:57,68.53,1200,
09:41:57,68.53,400,
09:41:57,68.52,300,
09:41:57,68.52,200,
09:41:57,68.52,200,
09:41:57,68.52,115,
09:41:57,68.52,200,
09:42:00,68.54,500,
09:42:00,68.54,500,
09:42:00,68.54,200,
09:42:00,68.54,200,
09:42:00,68.54,300,
09:42:00,68.54,5000,
09:42:02,68.54,416,
09:42:02,68.54,225,
09:42:07,68.53,500,
09:42:07,68.53,264,
09:42:07,68.53,243,
09:42:07,68.53,500,
09:42:07,68.52,300,
09:42:08,68.52,500,
09:42:08,68.52,800,
09:42:08,68.52,3085,
09:42:08,68.52,500,
09:42:12,68.52,100,
09:42:14,68.51,500,
09:42:14,68.51,200,
09:42:14,68.51,2600,
09:42:14,68.51,200,
09:42:14,68.51,1200,
09:42:14,68.51,100,
09:42:14,68.51,300,
09:42:14,68.51,5000,
09:42:14,68.51,415,
09:42:14,68.51,800,
09:42:14,68.51,500,
09:42:15,68.50,900,
09:42:15,68.50,200,
09:42:15,68.50,100,
09:42:15,68.50,100,
09:42:18,68.51,400,
09:42:30,68.5199,500,
09:42:35,68.51,200,
09:42:35,68.51,300,
09:42:35,68.50,416,
09:42:35,68.51,500,
09:42:39,68.50,1600,
09:42:39,68.50,500,
09:42:39,68.50,259,
09:42:39,68.49,316,
09:42:39,68.49,100,
09:42:40,68.50,400,
09:42:43,68.51,200,
09:42:43,68.51,500,
09:42:43,68.51,500,
09:42:44,68.51,400,
09:42:51,68.50,316,
09:42:51,68.50,300,
09:42:56,68.509,2635,
09:43:04,68.50,104,
09:43:14,68.51,500,
09:43:14,68.51,500,
09:43:14,68.51,200,
09:43:25,68.52,414,
09:43:27,68.519,600,
09:43:27,68.51,145,
09:43:27,68.50,484,
09:43:27,68.50,1804,
09:43:32,68.51,319,
09:43:39,68.52,500,
09:43:41,68.51,400,
09:43:41,68.50,315,
09:43:46,68.50,1600,
09:43:46,68.50,500,
09:43:46,68.50,1000,
09:43:46,68.50,304,
09:43:46,68.50,800,
09:43:46,68.50,200,
09:43:47,68.50,400,
09:43:48,68.50,200,
09:43:48,68.50,500,
09:43:48,68.50,200,
09:43:48,68.50,400,
09:43:48,68.50,300,
09:43:48,68.50,1400,
09:43:48,68.50,1400,
09:43:48,68.50,200,
09:43:48,68.50,500,
09:43:51,68.51,500,
09:43:51,68.51,200,
09:43:51,68.51,424,
09:43:51,68.51,200,
09:43:51,68.51,200,
09:43:51,68.51,400,
09:43:58,68.51,200,
09:43:58,68.51,400,
09:43:58,68.52,500,
09:43:58,68.52,472,
09:43:58,68.52,172,
09:44:20,68.53,300,
09:44:20,68.53,500,
09:44:20,68.53,100,
09:44:20,68.53,500,
09:44:20,68.53,400,
09:44:21,68.53,200,
09:44:21,68.53,200,
09:44:31,68.53,386,
09:44:31,68.53,400,
09:44:31,68.53,200,
09:44:31,68.52,700,
09:44:36,68.52,400,
09:44:36,68.52,300,
09:44:36,68.52,800,
09:44:36,68.52,500,
09:44:36,68.52,500,
09:44:36,68.51,116,
09:44:47,68.52,600,
09:44:47,68.52,400,
09:44:47,68.52,100,
09:44:47,68.53,3100,
09:44:56,68.52,400,
09:44:56,68.51,384,
09:45:04,68.53,200,
09:45:04,68.53,500,
09:45:04,68.53,500,
09:45:04,68.53,400,
09:45:18,68.53,1200,
09:45:18,68.52,116,
09:45:18,68.52,300,
09:45:27,68.5399,7200,
09:45:39,68.52,116,
09:45:40,68.53,200,
09:45:40,68.53,400,
09:45:59,68.52,432,
09:46:17,68.525,268,
09:46:36,68.53,527,
09:46:37,68.5293,481,
09:46:50,68.5262,500,
09:46:55,68.5216,103,
09:46:56,68.52,200,
09:46:56,68.52,300,
09:46:56,68.52,400,
09:46:56,68.52,500,
09:46:56,68.52,100,
09:46:57,68.51,232,
09:46:57,68.51,500,
09:46:58,68.51,268,
09:46:58,68.50,816,
09:47:00,68.51,200,
09:47:00,68.51,200,
09:47:04,68.51,100,
09:47:07,68.51,1200,
09:47:07,68.51,400,
09:47:23,68.51,200,
09:47:23,68.50,272,
09:47:27,68.51,100,
09:47:27,68.51,200,
09:47:27,68.51,200,
09:47:27,68.51,200,
09:47:27,68.51,1000,
09:47:33,68.51,200,
09:47:42,68.50,200,
09:47:42,68.50,500,
09:47:42,68.50,200,
09:47:46,68.50,100,
09:47:46,68.50,500,
09:47:46,68.50,228,
09:47:49,68.50,500,
09:47:52,68.50,400,
09:48:02,68.50,100,
09:48:10,68.49,500,
09:48:10,68.49,500,
09:48:12,68.48,2200,
09:48:16,68.49,200,
09:48:16,68.49,200,
09:48:16,68.49,200,
09:48:16,68.49,200,
09:48:22,68.49,500,
09:48:23,68.49,400,
09:48:27,68.49,100,
09:48:27,68.49,300,
09:48:39,68.48,100,
09:48:39,68.48,500,
09:48:39,68.48,500,
09:48:41,68.49,100,
09:48:46,68.48,112,
09:49:02,68.48,200,
09:49:09,68.48,100,
09:49:17,68.488,6000,
09:49:22,68.48,100,
09:49:29,68.48,100,
09:49:29,68.48,100,
09:49:29,68.48,600,
09:49:29,68.48,600,
09:49:29,68.48,700,
09:49:29,68.48,600,
09:49:29,68.48,1000,
09:49:29,68.48,200,
09:49:29,68.48,100,
09:49:29,68.48,200,
09:49:29,68.48,200,
09:49:29,68.48,400,
09:49:29,68.48,200,
09:49:29,68.48,400,
09:49:29,68.48,1400,
09:49:29,68.48,300,
09:49:29,68.48,500,
09:49:31,68.48,700,
09:49:46,68.48,200,
09:49:46,68.48,400,
09:49:46,68.48,1000,
09:49:46,68.48,500,
09:49:46,68.48,1200,
09:49:46,68.47,500,
09:49:46,68.47,200,
09:49:48,68.47,200,
09:49:48,68.47,700,
09:49:48,68.47,500,
09:49:48,68.47,500,
09:49:48,68.47,200,
09:49:48,68.47,800,
09:49:48,68.47,200,
09:49:48,68.47,400,
09:49:48,68.47,700,
09:49:48,68.47,300,
09:49:48,68.47,700,
09:49:48,68.47,3200,
09:49:48,68.47,1000,
09:49:48,68.47,800,
09:49:48,68.47,200,
09:49:48,68.47,100,
09:49:49,68.47,300,
09:49:49,68.47,300,
09:49:49,68.47,100,
09:49:55,68.47,200,
09:49:55,68.48,200,
09:49:55,68.48,300,
09:49:55,68.48,300,
09:50:01,68.49,2620,
09:50:01,68.49,500,
09:50:01,68.49,500,
09:50:01,68.49,500,
09:50:01,68.49,400,
09:50:01,68.49,200,
09:50:01,68.49,1000,
09:50:01,68.49,1000,
09:50:01,68.49,360,
09:50:01,68.49,140,
09:50:01,68.49,1240,
09:50:01,68.49,100,
09:50:08,68.49,300,
09:50:15,68.4899,250,
09:50:20,68.48,500,
09:50:20,68.48,500,
09:50:20,68.48,800,
09:50:20,68.47,200,
09:50:21,68.48,900,
09:50:21,68.48,1700,
09:50:21,68.48,400,
09:50:21,68.48,100,
09:50:25,68.49,400,
09:50:26,68.49,100,
09:50:28,68.49,400,
09:50:28,68.49,500,
09:50:28,68.50,800,
09:50:28,68.50,200,
09:50:28,68.50,200,
09:50:28,68.50,500,
09:50:28,68.50,400,
09:50:28,68.50,4120,
09:50:28,68.50,200,
09:50:28,68.503,500,
09:50:28,68.503,500,
09:50:29,68.51,400,
09:50:29,68.51,432,
09:50:29,68.51,200,
09:50:29,68.51,205,
09:50:29,68.51,200,
09:50:30,68.51,195,
09:50:33,68.51,400,
09:50:34,68.52,100,
09:50:34,68.52,348,
09:50:34,68.51,200,
09:50:35,68.51,100,
09:50:36,68.51,100,
09:50:36,68.51,100,
09:50:38,68.52,100,
09:50:38,68.52,300,
09:50:38,68.52,800,
09:50:38,68.52,500,
09:50:38,68.52,500,
09:50:39,68.52,3290,
09:50:39,68.52,100,
09:50:39,68.52,1400,
09:50:39,68.52,1800,
09:50:39,68.52,100,
09:50:39,68.52,100,
09:50:39,68.52,100,
09:50:39,68.52,1200,
09:50:39,68.51,500,
09:50:44,68.51,414,
09:50:48,68.51,100,
09:50:53,68.51,400,
09:50:53,68.51,100,
09:50:57,68.51,200,
09:51:00,68.51,147,
09:51:05,68.50,200,
09:51:06,68.50,500,
09:51:06,68.50,500,
09:51:06,68.50,200,
09:51:06,68.50,500,
09:51:06,68.50,500,
09:51:07,68.50,400,
09:51:07,68.50,100,
09:51:08,68.50,100,
09:51:08,68.50,300,
09:51:09,68.50,500,
09:51:14,68.50,200,
09:51:21,68.50,100,
09:51:28,68.50,100,
09:51:28,68.50,100,
09:51:30,68.49,100,
09:51:30,68.49,400,
09:51:30,68.49,500,
09:51:30,68.49,400,
09:51:30,68.49,494,
09:51:32,68.48,100,
09:51:32,68.48,500,
09:51:32,68.48,500,
09:51:32,68.48,200,
09:51:32,68.48,200,
09:51:32,68.48,100,
09:51:32,68.47,200,
09:51:32,68.4701,100,
09:51:41,68.47,200,
09:51:41,68.47,500,
09:51:41,68.47,171,
09:51:41,68.47,229,
09:51:46,68.46,500,
09:51:46,68.46,500,
09:51:46,68.46,500,
09:51:46,68.45,6200,
09:51:46,68.45,100,
09:51:49,68.45,200,
09:51:53,68.45,500,
09:51:54,68.46,700,
09:51:56,68.46,100,
09:52:01,68.46,111,
09:52:07,68.46,100,
09:52:09,68.47,200,
09:52:09,68.47,400,
09:52:09,68.47,500,
09:52:09,68.48,100,
09:52:09,68.47,1000,
09:52:13,68.47,200,
09:52:15,68.46,100,
09:52:15,68.46,500,
09:52:15,68.46,814,
09:52:15,68.46,400,
09:52:20,68.46,200,
09:52:27,68.461,108,
09:52:31,68.46,100,
09:52:39,68.47,400,
09:52:40,68.47,500,
09:52:40,68.47,314,
09:52:40,68.47,10000,
09:52:43,68.47,200,
09:52:55,68.47,214,
09:52:55,68.47,400,
09:52:56,68.47,200,
09:53:02,68.47,100,
09:53:02,68.48,500,
09:53:02,68.48,400,
09:53:02,68.48,3612,
09:53:02,68.48,500,
09:53:04,68.48,300,
09:53:04,68.48,100,
09:53:07,68.479,400,
09:53:08,68.47,200,
09:53:08,68.48,100,
09:53:09,68.48,100,
09:53:16,68.48,300,
09:53:16,68.49,500,
09:53:16,68.49,500,
09:53:16,68.49,400,
09:53:20,68.49,200,
09:53:25,68.49,200,
09:53:32,68.49,200,
09:53:35,68.49,1200,
09:53:37,68.48,100,
09:53:43,68.49,1800,
09:53:45,68.49,100,
09:53:45,68.49,100,
09:53:55,68.49,777,
09:53:55,68.48,200,
09:53:57,68.48,100,
09:53:59,68.48,100,
09:54:01,68.48,200,
09:54:09,68.48,500,
09:54:09,68.48,500,
09:54:09,68.47,716,
09:54:12,68.47,300,
09:54:12,68.47,100,
09:54:12,68.47,300,
09:54:12,68.47,1800,
09:54:13,68.47,200,
09:54:25,68.47,200,
09:54:31,68.47,100,
09:54:37,68.47,200,
09:54:41,68.47,100,
09:54:46,68.47,100,
09:54:46,68.47,100,
09:54:46,68.47,500,
09:54:47,68.46,150,
09:54:49,68.46,500,
09:54:49,68.46,150,
09:54:49,68.46,500,
09:54:53,68.45,500,
09:54:53,68.45,200,
09:54:53,68.45,100,
09:54:53,68.45,500,
09:54:53,68.45,500,
09:54:53,68.44,316,
09:54:53,68.44,316,
09:54:54,68.44,1335,
09:54:54,68.44,700,
09:54:54,68.43,1000,
09:54:54,68.42,800,
09:54:54,68.42,100,
09:54:57,68.43,400,
09:54:59,68.43,200,
09:54:59,68.43,200,
09:54:59,68.43,200,
09:54:59,68.43,100,
09:55:00,68.42,500,
09:55:00,68.42,500,
09:55:00,68.42,500,
09:55:00,68.42,500,
09:55:00,68.42,500,
09:55:00,68.42,500,
09:55:05,68.42,100,
09:55:06,68.43,400,
09:55:06,68.43,200,
09:55:06,68.43,400,
09:55:07,68.44,284,
09:55:07,68.44,216,
09:55:07,68.44,500,
09:55:07,68.44,116,
09:55:07,68.45,400,
09:55:08,68.45,500,
09:55:08,68.45,500,
09:55:08,68.45,200,
09:55:08,68.45,200,
09:55:08,68.45,200,
09:55:08,68.45,1500,
09:55:09,68.45,1000,
09:55:12,68.44,100,
09:55:12,68.44,500,
09:55:12,68.4401,100,
09:55:12,68.4401,500,
09:55:19,68.44,100,
09:55:19,68.44,100,
09:55:29,68.43,500,
09:55:29,68.43,500,
09:55:29,68.43,500,
09:55:29,68.43,500,
09:55:29,68.43,500,
09:55:30,68.42,400,
09:55:30,68.42,200,
09:55:35,68.42,500,
09:55:35,68.42,114,
09:55:35,68.42,500,
09:55:35,68.41,400,
09:55:35,68.41,100,
09:55:35,68.41,500,
09:55:35,68.41,286,
09:55:36,68.41,100,
09:55:37,68.41,400,
09:55:37,68.42,200,
09:55:37,68.42,700,
09:55:37,68.42,700,
09:55:37,68.42,500,
09:55:39,68.41,500,
09:55:42,68.41,400,
09:55:49,68.41,400,
09:55:52,68.41,290,
09:55:52,68.41,100,
09:55:55,68.41,200,
09:56:03,68.40,840,
09:56:03,68.40,100,
09:56:03,68.40,500,
09:56:03,68.40,500,
09:56:03,68.40,5000,
09:56:03,68.39,700,
09:56:07,68.40,1775,
09:56:07,68.40,200,
09:56:07,68.40,200,
09:56:07,68.40,400,
09:56:07,68.40,400,
09:56:11,68.4099,500,
09:56:24,68.4007,100,
09:56:33,68.40,1000,
09:56:38,68.41,500,
09:56:38,68.41,500,
09:56:38,68.41,400,
09:56:38,68.41,100,
09:56:38,68.40,300,
09:56:38,68.40,100,
09:56:46,68.40,100,
09:56:46,68.40,500,
09:56:46,68.40,400,
09:56:46,68.40,500,
09:56:46,68.39,100,
09:56:51,68.40,400,
09:56:56,68.40,350,
09:56:58,68.399,100,
09:57:04,68.39,600,
09:57:04,68.39,500,
09:57:04,68.39,500,
09:57:04,68.39,100,
09:57:04,68.38,100,
09:57:09,68.39,300,
09:57:14,68.3816,200,
09:57:18,68.389,800,
09:57:19,68.39,300,
09:57:19,68.39,17500,
09:57:20,68.40,100,
09:57:25,68.40,300,
09:57:25,68.40,500,
09:57:25,68.40,200,
09:57:25,68.40,400,
09:57:25,68.40,200,
09:57:26,68.40,1000,
09:57:26,68.40,700,
09:57:26,68.40,100,
09:57:26,68.40,100,
09:57:26,68.40,200,
09:57:26,68.40,100,
09:57:26,68.40,100,
09:57:31,68.40,400,
09:57:32,68.40,400,
09:57:32,68.40,400,
09:57:32,68.40,400,
09:57:32,68.40,400,
09:57:34,68.40,400,
09:57:38,68.40,400,
09:57:38,68.39,200,
09:57:46,68.3901,4500,
09:57:49,68.40,400,
09:57:49,68.40,300,
09:57:49,68.40,200,
09:57:49,68.40,1400,
09:57:49,68.40,400,
09:57:49,68.40,1200,
09:57:54,68.41,300,
09:57:59,68.40,538,
09:57:59,68.40,178,
09:58:00,68.40,200,
09:58:00,68.40,300,
09:58:02,68.40,400,
09:58:02,68.40,500,
09:58:02,68.40,400,
09:58:11,68.393,740,
09:58:14,68.39,500,
09:58:14,68.39,500,
09:58:14,68.39,100,
09:58:14,68.39,100,
09:58:23,68.39,400,
09:58:24,68.39,200,
09:58:28,68.385,200,
09:58:28,68.39,400,
09:58:32,68.40,200,
09:58:32,68.40,538,
09:58:32,68.40,238,
09:58:32,68.40,800,
09:58:32,68.40,762,
09:58:32,68.40,500,
09:58:32,68.40,100,
09:58:32,68.40,400,
09:58:32,68.40,400,
09:58:32,68.40,300,
09:58:32,68.40,400,
09:58:32,68.40,100,
09:58:32,68.40,500,
09:58:57,68.39,200,
09:58:57,68.39,100,
09:58:59,68.39,100,
09:59:16,68.3999,124,
09:59:44,68.3901,300,
09:59:44,68.39,200,
09:59:44,68.39,200,
09:59:53,68.39,100,
09:59:53,68.39,814,
09:59:53,68.39,100,
09:59:53,68.38,100,
09:59:53,68.38,600,
09:59:53,68.38,1700,
09:59:53,68.38,500,
09:59:53,68.38,300,
09:59:53,68.39,200,
09:59:53,68.39,100,
09:59:53,68.39,200,
09:59:53,68.39,200,
09:59:53,68.39,700,
09:59:54,68.39,100,
09:59:54,68.39,300,
09:59:54,68.39,200,
09:59:54,68.39,200,
09:59:55,68.3853,313,
09:59:56,68.38,100,
09:59:56,68.38,300,
09:59:56,68.39,400,
09:59:56,68.39,300,
09:59:56,68.39,100,
09:59:57,68.39,100,
10:00:01,68.39,100,
10:00:01,68.38,2200,
10:00:01,68.39,100,
10:00:01,68.40,100,
10:00:01,68.40,100,
10:00:02,68.40,500,
10:00:02,68.40,500,
10:00:02,68.40,500,
10:00:02,68.40,100,
10:00:02,68.40,1600,
10:00:02,68.40,300,
10:00:02,68.40,500,
10:00:02,68.40,258,
10:00:02,68.40,500,
10:00:02,68.40,300,
10:00:02,68.39,300,
10:00:02,68.39,200,
10:00:02,68.40,200,
10:00:02,68.40,400,
10:00:03,68.40,100,
10:00:05,68.41,500,
10:00:05,68.41,700,
10:00:05,68.41,200,
10:00:05,68.41,400,
10:00:05,68.41,200,
10:00:05,68.41,300,
10:00:05,68.41,100,
10:00:05,68.41,200,
10:00:05,68.41,300,
10:00:05,68.41,200,
10:00:05,68.41,600,
10:00:05,68.41,500,
10:00:05,68.41,300,
10:00:05,68.41,200,
10:00:05,68.41,100,
10:00:05,68.41,100,
10:00:10,68.41,200,
10:00:12,68.42,400,
10:00:12,68.42,200,
10:00:12,68.42,500,
10:00:12,68.42,200,
10:00:12,68.42,100,
10:00:16,68.42,600,
10:00:18,68.41,200,
10:00:18,68.4101,300,
10:00:18,68.4101,200,
10:00:18,68.4101,100,
10:00:19,68.41,500,
10:00:19,68.41,500,
10:00:19,68.41,100,
10:00:20,68.41,300,
10:00:20,68.42,200,
10:00:20,68.42,100,
10:00:20,68.4101,7300,
10:00:23,68.41,200,
10:00:23,68.41,300,
10:00:23,68.40,500,
10:00:24,68.40,500,
10:00:24,68.40,3200,
10:00:24,68.40,200,
10:00:24,68.40,200,
10:00:24,68.40,300,
10:00:24,68.40,200,
10:00:24,68.40,200,
10:00:24,68.40,200,
10:00:24,68.40,200,
10:00:24,68.40,300,
10:00:24,68.40,300,
10:00:24,68.40,100,
10:00:24,68.40,500,
10:00:24,68.39,200,
10:00:24,68.40,700,
10:00:24,68.40,300,
10:00:24,68.40,100,
10:00:24,68.40,200,
10:00:24,68.39,536,
10:00:24,68.39,100,
10:00:24,68.39,500,
10:00:24,68.39,500,
10:00:24,68.39,500,
10:00:24,68.39,682,
10:00:24,68.39,200,
10:00:24,68.39,500,
10:00:24,68.39,100,
10:00:24,68.39,200,
10:00:24,68.39,100,
10:00:24,68.40,500,
10:00:25,68.40,700,
10:00:26,68.39,300,
10:00:27,68.38,296,
10:00:27,68.38,1200,
10:00:27,68.38,300,
10:00:30,68.39,500,
10:00:30,68.39,200,
10:00:30,68.39,300,
10:00:30,68.39,200,
10:00:31,68.39,200,
10:00:31,68.39,300,
10:00:32,68.38,1000,
10:00:32,68.38,300,
10:00:32,68.38,100,
10:00:32,68.38,100,
10:00:32,68.38,100,
10:00:32,68.38,100,
10:00:32,68.39,100,
10:00:32,68.39,200,
10:00:32,68.39,200,
10:00:32,68.39,100,
10:00:32,68.39,200,
10:00:33,68.39,500,
10:00:33,68.39,500,
10:00:35,68.39,100,
10:00:36,68.39,300,
10:00:40,68.39,100,
10:00:42,68.38,500,
10:00:42,68.38,500,
10:00:42,68.38,300,
10:00:42,68.38,300,
10:00:42,68.38,200,
10:00:44,68.37,100,
10:00:46,68.38,165,
10:00:46,68.38,200,
10:00:46,68.38,200,
10:00:46,68.38,200,
10:00:46,68.38,200,
10:00:46,68.38,465,
10:00:47,68.38,200,
10:00:47,68.38,300,
10:00:48,68.38,200,
10:00:49,68.38,100,
10:00:51,68.37,1000,
10:00:51,68.37,4400,
10:00:51,68.37,100,
10:00:52,68.38,100,
10:00:53,68.38,260,
10:00:54,68.38,200,
10:00:54,68.39,640,
10:00:54,68.39,500,
10:00:54,68.39,260,
10:00:54,68.39,400,
10:00:54,68.39,700,
10:00:55,68.40,500,
10:00:55,68.40,500,
10:00:55,68.40,500,
10:00:55,68.40,200,
10:00:55,68.40,200,
10:00:55,68.40,200,
10:00:56,68.40,100,
10:00:56,68.40,238,
10:00:56,68.40,162,
10:00:57,68.40,100,
10:00:57,68.40,100,
10:01:00,68.41,300,
10:01:00,68.41,500,
10:01:00,68.41,500,
10:01:00,68.41,184,
10:01:00,68.41,100,
10:01:00,68.41,300,
10:01:00,68.41,300,
10:01:00,68.41,100,
10:01:02,68.41,200,
10:01:02,68.41,3200,
10:01:02,68.41,300,
10:01:02,68.41,100,
10:01:02,68.42,500,
10:01:02,68.42,1530,
10:01:05,68.4199,200,
10:01:05,68.42,500,
10:01:05,68.42,500,
10:01:05,68.42,225,
10:01:05,68.42,500,
10:01:05,68.42,100,
10:01:05,68.4211,950,
10:01:07,68.43,500,
10:01:07,68.43,200,
10:01:07,68.43,500,
10:01:07,68.44,200,
10:01:07,68.44,100,
10:01:08,68.43,2100,
10:01:08,68.43,700,
10:01:08,68.43,200,
10:01:08,68.43,800,
10:01:08,68.43,500,
10:01:08,68.43,300,
10:01:08,68.43,200,
10:01:08,68.43,600,
10:01:08,68.4301,700,
10:01:09,68.43,300,
10:01:10,68.44,100,
10:01:10,68.44,500,
10:01:10,68.44,500,
10:01:10,68.44,500,
10:01:10,68.44,400,
10:01:10,68.44,500,
10:01:10,68.44,200,
10:01:10,68.45,100,
10:01:10,68.43,100,
10:01:12,68.44,300,
10:01:17,68.44,900,
10:01:17,68.44,400,
10:01:17,68.44,300,
10:01:17,68.44,200,
10:01:17,68.44,100,
10:01:18,68.44,200,
10:01:19,68.45,100,
10:01:19,68.45,600,
10:01:19,68.45,200,
10:01:24,68.44,100,
10:01:27,68.4401,3600,
10:01:31,68.44,100,
10:01:40,68.449,1000,
10:01:41,68.44,100,
10:01:42,68.45,800,
10:01:42,68.45,500,
10:01:42,68.45,500,
10:01:42,68.45,500,
10:01:42,68.45,100,
10:01:42,68.45,600,
10:01:42,68.45,100,
10:01:42,68.45,600,
10:01:42,68.45,800,
10:01:42,68.46,750,
10:01:42,68.45,400,
10:01:42,68.45,200,
10:01:42,68.45,200,
10:01:42,68.45,700,
10:01:42,68.45,700,
10:01:42,68.45,1100,
10:01:42,68.45,700,
10:01:42,68.45,300,
10:01:42,68.45,200,
10:01:42,68.45,300,
10:01:43,68.45,100,
10:01:43,68.45,200,
10:01:43,68.45,100,
10:01:45,68.46,1000,
10:01:49,68.46,700,
10:01:49,68.46,100,
10:01:51,68.45,125,
10:01:51,68.46,200,
10:01:51,68.46,200,
10:01:54,68.46,500,
10:01:54,68.46,500,
10:01:54,68.46,200,
10:01:54,68.46,357,
10:01:54,68.46,500,
10:01:54,68.46,200,
10:01:54,68.46,100,
10:01:54,68.46,300,
10:01:54,68.46,5400,
10:01:54,68.46,4500,
10:01:56,68.47,500,
10:01:56,68.47,500,
10:01:56,68.47,500,
10:01:57,68.4799,3300,
10:01:58,68.478,200,
10:01:59,68.48,300,
10:02:04,68.4707,1000,
10:02:05,68.47,100,
10:02:07,68.47,400,
10:02:09,68.46,200,
10:02:09,68.46,300,
10:02:09,68.46,500,
10:02:09,68.46,186,
10:02:09,68.46,500,
10:02:10,68.46,100,
10:02:19,68.45,200,
10:02:25,68.4599,900,
10:02:26,68.45,200,
10:02:35,68.45,1000,
10:02:36,68.46,300,
10:02:37,68.46,200,
10:02:37,68.46,100,
10:02:41,68.47,400,
10:02:43,68.46,100,
10:02:45,68.45,100,
10:02:48,68.45,100,
10:02:49,68.46,100,
10:02:49,68.46,100,
10:02:49,68.46,100,
10:02:49,68.46,100,
10:02:49,68.46,100,
10:02:55,68.467,150,
10:03:05,68.46,300,
10:03:07,68.45,100,
10:03:07,68.45,100,
10:03:07,68.45,100,
10:03:07,68.45,500,
10:03:07,68.45,500,
10:03:07,68.44,400,
10:03:10,68.44,100,
10:03:10,68.44,300,
10:03:10,68.44,200,
10:03:10,68.44,200,
10:03:10,68.44,500,
10:03:10,68.44,500,
10:03:10,68.44,400,
10:03:10,68.44,300,
10:03:10,68.43,515,
10:03:11,68.43,150,
10:03:11,68.43,100,
10:03:11,68.43,500,
10:03:11,68.43,500,
10:03:11,68.42,300,
10:03:14,68.42,200,
10:03:15,68.42,300,
10:03:16,68.42,100,
10:03:16,68.42,100,
10:03:16,68.42,700,
10:03:16,68.42,700,
10:03:16,68.42,400,
10:03:20,68.41,200,
10:03:20,68.41,700,
10:03:20,68.41,400,
10:03:20,68.41,100,
10:03:20,68.41,500,
10:03:20,68.41,500,
10:03:20,68.41,100,
10:03:20,68.41,500,
10:03:21,68.41,600,
10:03:22,68.411,100,
10:03:26,68.42,800,
10:03:26,68.42,500,
10:03:26,68.42,200,
10:03:26,68.42,300,
10:03:26,68.42,500,
10:03:26,68.42,400,
10:03:26,68.42,200,
10:03:38,68.42,200,
10:03:40,68.42,300,
10:03:46,68.42,200,
10:03:46,68.42,300,
10:03:49,68.42,200,
10:03:55,68.4201,100,
10:03:59,68.422,370,
10:03:59,68.43,500,
10:03:59,68.43,500,
10:03:59,68.43,500,
10:03:59,68.43,300,
10:03:59,68.43,100,
10:03:59,68.43,500,
10:04:00,68.43,1600,
10:04:01,68.44,500,
10:04:01,68.44,100,
10:04:01,68.44,500,
10:04:01,68.44,200,
10:04:01,68.44,100,
10:04:01,68.45,600,
10:04:01,68.45,1100,
10:04:04,68.45,200,
10:04:07,68.44,100,
10:04:12,68.44,200,
10:04:17,68.44,200,
10:04:17,68.43,200,
10:04:18,68.43,200,
10:04:18,68.43,500,
10:04:18,68.43,400,
10:04:18,68.43,100,
10:04:19,68.43,300,
10:04:24,68.43,200,
10:04:35,68.44,200,
10:04:35,68.44,500,
10:04:35,68.44,500,
10:04:35,68.44,300,
10:04:36,68.45,300,
10:04:36,68.45,300,
10:04:36,68.45,500,
10:04:36,68.45,500,
10:04:36,68.45,222,
10:04:39,68.45,200,
10:04:40,68.45,300,
10:04:40,68.45,100,
10:04:43,68.4499,100,
10:04:44,68.4401,100,
10:04:48,68.45,300,
10:04:50,68.45,300,
10:04:50,68.45,300,
10:04:51,68.44,200,
10:04:55,68.45,1700,
10:04:56,68.45,200,
10:05:02,68.45,200,
10:05:04,68.46,500,
10:05:04,68.46,500,
10:05:04,68.46,400,
10:05:06,68.46,300,
10:05:15,68.47,100,
10:05:15,68.47,900,
10:05:15,68.47,1600,
10:05:15,68.47,300,
10:05:15,68.47,500,
10:05:15,68.47,200,
10:05:15,68.47,1900,
10:05:16,68.47,200,
10:05:18,68.47,100,
10:05:18,68.4701,100,
10:05:20,68.47,100,
10:05:20,68.47,300,
10:05:31,68.46,300,
10:05:43,68.46,500,
10:05:43,68.46,300,
10:05:43,68.45,200,
10:05:47,68.46,300,
10:05:48,68.46,300,
10:05:55,68.45,300,
10:05:55,68.45,500,
10:05:55,68.45,400,
10:05:55,68.45,500,
10:05:56,68.44,500,
10:05:56,68.44,500,
10:05:56,68.44,500,
10:05:57,68.44,300,
10:06:01,68.43,116,
10:06:01,68.43,400,
10:06:09,68.44,300,
10:06:09,68.44,800,
10:06:09,68.44,200,
10:06:09,68.44,200,
10:06:09,68.44,850,
10:06:09,68.45,1700,
10:06:09,68.443,500,
10:06:09,68.45,200,
10:06:09,68.45,100,
10:06:11,68.45,500,
10:06:11,68.45,100,
10:06:25,68.45,400,
10:06:25,68.46,100,
10:06:25,68.46,200,
10:06:25,68.46,300,
10:06:25,68.46,500,
10:06:25,68.46,500,
10:06:25,68.46,500,
10:06:25,68.453,100,
10:06:28,68.47,1970,
10:06:28,68.47,300,
10:06:28,68.47,500,
10:06:28,68.47,1000,
10:06:30,68.45,400,
10:06:30,68.45,500,
10:06:30,68.45,500,
10:06:30,68.45,200,
10:06:30,68.45,200,
10:06:30,68.45,200,
10:06:30,68.44,116,
10:06:43,68.45,100,
10:06:43,68.45,200,
10:07:00,68.45,400,
10:07:12,68.44,500,
10:07:12,68.44,500,
10:07:12,68.44,200,
10:07:12,68.44,300,
10:07:12,68.43,100,
10:07:12,68.43,600,
10:07:12,68.43,500,
10:07:12,68.43,500,
10:07:12,68.42,316,
10:07:12,68.42,300,
10:07:19,68.43,300,
10:07:19,68.43,100,
10:07:21,68.43,400,
10:07:24,68.42,100,
10:07:24,68.42,500,
10:07:24,68.42,100,
10:07:24,68.42,300,
10:07:24,68.42,100,
10:07:25,68.41,100,
10:07:25,68.41,244,
10:07:25,68.41,500,
10:07:25,68.41,700,
10:07:25,68.41,384,
10:07:25,68.40,700,
10:07:25,68.4099,4600,
10:07:25,68.40,500,
10:07:25,68.40,500,
10:07:25,68.40,100,
10:07:26,68.39,116,
10:07:26,68.39,300,
10:07:27,68.40,400,
10:07:28,68.41,300,
10:07:29,68.41,200,
10:07:29,68.41,700,
10:07:29,68.41,500,
10:07:29,68.41,1800,
10:07:29,68.41,200,
10:07:31,68.41,300,
10:07:31,68.41,600,
10:07:37,68.42,400,
10:07:37,68.42,500,
10:07:37,68.42,200,
10:07:37,68.42,200,
10:07:37,68.42,200,
10:07:37,68.42,100,
10:07:40,68.429,300,
10:07:42,68.43,1400,
10:07:45,68.43,316,
10:07:45,68.43,116,
10:07:45,68.43,400,
10:07:45,68.43,216,
10:07:45,68.43,500,
10:07:54,68.43,400,
10:07:55,68.43,100,
10:07:57,68.43,100,
10:08:01,68.43,389,
10:08:04,68.44,200,
10:08:04,68.44,200,
10:08:04,68.44,200,
10:08:04,68.44,200,
10:08:04,68.44,500,
10:08:04,68.44,500,
10:08:04,68.44,500,
10:08:04,68.45,200,
10:08:05,68.4401,259,
10:08:11,68.44,300,
10:08:11,68.44,200,
10:08:14,68.43,500,
10:08:14,68.43,400,
10:08:14,68.43,500,
10:08:14,68.43,200,
10:08:14,68.43,400,
10:08:14,68.42,400,
10:08:14,68.429,100,
10:08:15,68.43,200,
10:08:15,68.43,200,
10:08:16,68.44,100,
10:08:16,68.44,200,
10:08:16,68.44,500,
10:08:16,68.44,400,
10:08:17,68.44,500,
10:08:17,68.4499,200,
10:08:25,68.44,400,
10:08:29,68.44,300,
10:08:29,68.44,100,
10:08:43,68.44,13200,
10:08:45,68.44,400,
10:08:47,68.43,500,
10:08:47,68.43,500,
10:08:47,68.43,400,
10:08:47,68.42,200,
10:08:47,68.42,500,
10:08:47,68.42,500,
10:08:48,68.4199,100,
10:08:54,68.4192,750,
10:08:57,68.42,100,
10:08:57,68.42,100,
10:08:58,68.42,300,
10:09:02,68.42,400,
10:09:11,68.43,200,
10:09:19,68.42,400,
10:09:21,68.41,200,
10:09:21,68.41,200,
10:09:21,68.41,500,
10:09:21,68.41,800,
10:09:21,68.41,500,
10:09:21,68.41,200,
10:09:28,68.41,200,
10:09:28,68.41,100,
10:09:28,68.41,500,
10:09:29,68.41,200,
10:09:32,68.41,100,
10:09:32,68.41,300,
10:09:33,68.42,200,
10:09:33,68.42,500,
10:09:35,68.42,300,
10:09:43,68.4299,100,
10:09:59,68.43,200,
10:09:59,68.43,500,
10:09:59,68.43,400,
10:09:59,68.43,300,
10:10:00,68.43,100,
10:10:01,68.4301,900,
10:10:02,68.43,100,
10:10:24,68.4215,950,
10:10:26,68.42,400,
10:10:26,68.42,100,
10:10:28,68.42,500,
10:10:28,68.42,500,
10:10:30,68.42,400,
10:10:34,68.43,400,
10:10:37,68.43,1600,
10:10:37,68.43,500,
10:10:37,68.43,500,
10:10:37,68.43,1800,
10:10:39,68.44,200,
10:10:39,68.44,500,
10:10:39,68.44,500,
10:10:39,68.44,500,
10:10:39,68.44,200,
10:10:39,68.44,158,
10:10:39,68.44,242,
10:10:40,68.45,200,
10:10:40,68.45,500,
10:10:45,68.445,500,
10:10:50,68.45,500,
10:10:50,68.45,500,
10:10:50,68.45,500,
10:10:51,68.46,400,
10:10:51,68.46,1000,
10:10:51,68.46,500,
10:10:51,68.46,500,
10:10:52,68.46,300,
10:10:53,68.47,700,
10:10:53,68.47,700,
10:10:55,68.46,100,
10:10:55,68.46,500,
10:10:55,68.46,100,
10:10:55,68.46,100,
10:10:55,68.45,700,
10:10:55,68.45,200,
10:10:56,68.45,400,
10:10:56,68.45,200,
10:10:57,68.46,100,
10:10:57,68.46,800,
10:11:01,68.45,200,
10:11:03,68.45,500,
10:11:03,68.45,500,
10:11:10,68.45,300,
10:11:10,68.45,400,
10:11:10,68.45,5000,
10:11:10,68.45,176,
10:11:10,68.45,600,
10:11:10,68.45,700,
10:11:10,68.45,2202,
10:11:10,68.45,1500,
10:11:23,68.45,100,
10:11:27,68.44,100,
10:11:28,68.44,100,
10:11:28,68.44,200,
10:11:28,68.44,500,
10:11:28,68.44,500,
10:11:28,68.44,600,
10:11:30,68.43,500,
10:11:30,68.43,500,
10:11:30,68.43,500,
10:11:30,68.42,816,
10:11:30,68.4201,3800,
10:11:30,68.42,700,
10:11:38,68.43,2000,
10:11:38,68.43,500,
10:11:38,68.43,700,
10:11:38,68.43,800,
10:11:38,68.43,3400,
10:11:43,68.44,500,
10:11:47,68.44,500,
10:11:47,68.44,500,
10:11:47,68.44,400,
10:11:49,68.45,400,
10:11:49,68.45,500,
10:11:51,68.46,100,
10:11:51,68.45,100,
10:11:54,68.45,400,
10:11:59,68.44,200,
10:12:04,68.44,100,
10:12:30,68.44,100,
10:12:30,68.44,500,
10:12:30,68.44,200,
10:12:30,68.44,200,
10:12:30,68.44,200,
10:12:32,68.43,300,
10:12:46,68.44,600,
10:12:57,68.45,100,
10:13:39,68.45,1700,
10:13:39,68.45,500,
10:13:39,68.45,400,
10:13:39,68.46,100,
10:13:41,68.45,400,
10:13:53,68.455,100,
10:13:56,68.45,400,
10:13:58,68.45,100,
10:13:58,68.45,100,
10:13:58,68.45,100,
10:14:04,68.44,108,
10:14:04,68.44,786,
10:14:04,68.44,400,
10:14:04,68.44,392,
10:14:20,68.45,500,
10:14:20,68.45,500,
10:14:20,68.45,400,
10:14:21,68.46,200,
10:14:21,68.46,500,
10:14:21,68.46,400,
10:14:21,68.46,300,
10:14:21,68.47,272,
10:14:21,68.47,200,
10:14:21,68.47,100,
10:14:21,68.47,1400,
10:14:21,68.47,300,
10:14:21,68.47,500,
10:14:21,68.47,200,
10:14:21,68.47,200,
10:14:21,68.47,200,
10:14:21,68.48,700,
10:14:21,68.48,100,
10:14:21,68.4799,4900,
10:14:21,68.47,200,
10:14:22,68.48,400,
10:14:22,68.48,100,
10:14:22,68.48,200,
10:14:22,68.48,500,
10:14:22,68.48,400,
10:14:22,68.48,700,
10:14:23,68.48,300,
10:14:25,68.47,500,
10:14:25,68.47,100,
10:14:25,68.47,500,
10:14:29,68.47,400,
10:14:39,68.471,160,
10:14:41,68.48,500,
10:14:41,68.48,500,
10:14:41,68.48,400,
10:14:52,68.48,814,
10:14:53,68.4701,200,
10:15:04,68.48,300,
10:15:05,68.49,500,
10:15:05,68.49,500,
10:15:05,68.49,400,
10:15:06,68.50,500,
10:15:06,68.50,200,
10:15:06,68.50,500,
10:15:06,68.50,300,
10:15:06,68.50,123,
10:15:06,68.50,800,
10:15:06,68.51,150,
10:15:06,68.50,200,
10:15:06,68.50,400,
10:15:13,68.49,400,
10:15:13,68.49,100,
10:15:13,68.49,400,
10:15:14,68.49,100,
10:15:24,68.50,600,
10:15:25,68.50,300,
10:15:25,68.50,100,
10:15:32,68.49,200,
10:15:32,68.49,100,
10:15:32,68.49,500,
10:15:32,68.49,200,
10:15:33,68.48,100,
10:15:33,68.48,400,
10:15:37,68.48,500,
10:15:37,68.48,500,
10:15:38,68.48,400,
10:15:44,68.49,500,
10:15:44,68.49,500,
10:15:44,68.49,400,
10:15:49,68.49,400,
10:15:56,68.4899,7200,
10:15:59,68.49,100,
10:16:04,68.49,314,
10:16:04,68.49,400,
10:16:10,68.48,100,
10:16:10,68.48,500,
10:16:10,68.48,500,
10:16:10,68.48,300,
10:16:10,68.48,1400,
10:16:13,68.48,814,
10:16:18,68.48,400,
10:16:18,68.48,400,
10:16:22,68.485,100,
10:16:27,68.485,100,
10:16:28,68.48,400,
10:16:32,68.47,500,
10:16:32,68.47,200,
10:16:32,68.47,500,
10:16:32,68.47,400,
10:16:40,68.48,500,
10:16:40,68.48,400,
10:16:40,68.48,500,
10:16:46,68.48,100,
10:16:46,68.48,400,
10:16:56,68.47,500,
10:16:56,68.47,500,
10:16:56,68.46,816,
10:16:57,68.46,2100,
10:16:57,68.46,500,
10:16:57,68.46,500,
10:16:57,68.46,200,
10:16:57,68.46,1600,
10:16:57,68.46,200,
10:16:57,68.46,200,
10:17:04,68.47,100,
10:17:04,68.47,200,
10:17:04,68.47,400,
10:17:04,68.47,100,
10:17:05,68.47,200,
10:17:05,68.47,400,
10:17:15,68.47,100,
10:17:17,68.47,6000,
10:17:35,68.48,220,
10:17:35,68.48,500,
10:17:35,68.48,500,
10:17:35,68.48,100,
10:17:35,68.48,400,
10:17:39,68.4799,100,
10:17:49,68.48,300,
10:17:52,68.48,300,
10:18:10,68.47,100,
10:18:10,68.47,400,
10:18:10,68.47,500,
10:18:10,68.47,100,
10:18:10,68.46,200,
10:18:10,68.46,1100,
10:18:10,68.46,100,
10:18:10,68.46,400,
10:18:10,68.46,1000,
10:18:10,68.46,200,
10:18:10,68.46,500,
10:18:10,68.46,500,
10:18:10,68.46,4000,
10:18:10,68.46,500,
10:18:10,68.46,100,
10:18:10,68.46,500,
10:18:10,68.46,700,
10:18:10,68.45,200,
10:18:10,68.46,700,
10:18:11,68.46,400,
10:18:11,68.46,1000,
10:18:25,68.45,400,
10:18:26,68.4501,100,
10:18:26,68.45,500,
10:18:26,68.45,500,
10:18:26,68.45,100,
10:18:32,68.4499,100,
10:18:34,68.45,400,
10:18:48,68.45,100,
10:18:49,68.46,500,
10:18:49,68.46,500,
10:18:49,68.46,200,
10:18:49,68.46,300,
10:18:51,68.46,200,
10:18:54,68.45,100,
10:18:54,68.45,500,
10:18:54,68.45,100,
10:18:54,68.45,5000,
10:18:54,68.45,900,
10:18:58,68.44,335,
10:18:58,68.44,235,
10:18:58,68.44,265,
10:18:58,68.44,500,
10:18:58,68.44,400,
10:18:59,68.43,200,
10:18:59,68.43,100,
10:18:59,68.43,400,
10:19:00,68.42,100,
10:19:00,68.41,4100,
10:19:02,68.42,100,
10:19:07,68.43,200,
10:19:07,68.43,400,
10:19:07,68.4399,4900,
10:19:17,68.42,500,
10:19:17,68.42,100,
10:19:17,68.42,500,
10:19:17,68.42,500,
10:19:17,68.42,500,
10:19:17,68.42,200,
10:19:18,68.42,100,
10:19:20,68.411,100,
10:19:30,68.42,200,
10:19:33,68.42,400,
10:19:33,68.41,400,
10:19:37,68.4101,1300,
10:19:39,68.42,400,
10:19:42,68.41,500,
10:19:42,68.41,385,
10:19:42,68.40,1000,
10:19:42,68.40,500,
10:19:42,68.40,500,
10:19:42,68.40,184,
10:19:42,68.40,1400,
10:19:42,68.40,100,
10:19:42,68.40,500,
10:19:42,68.40,800,
10:19:42,68.40,300,
10:19:42,68.40,500,
10:19:43,68.40,100,
10:19:49,68.41,400,
10:20:17,68.41,200,
10:20:17,68.42,500,
10:20:17,68.42,500,
10:20:17,68.42,500,
10:20:17,68.42,500,
10:20:17,68.42,100,
10:20:17,68.42,500,
10:20:18,68.43,500,
10:20:18,68.43,100,
10:20:18,68.43,200,
10:20:20,68.4393,100,
10:20:21,68.43,500,
10:20:21,68.43,700,
10:20:23,68.44,100,
10:20:28,68.43,100,
10:20:28,68.43,400,
10:20:36,68.4299,200,
10:20:38,68.42,500,
10:20:40,68.415,100,
10:20:52,68.425,100,
10:20:52,68.42,100,
10:20:52,68.42,400,
10:20:56,68.41,200,
10:20:56,68.41,500,
10:20:56,68.41,500,
10:20:56,68.41,300,
10:21:03,68.42,300,
10:21:03,68.42,200,
10:21:07,68.43,500,
10:21:07,68.43,500,
10:21:07,68.43,500,
10:21:07,68.43,500,
10:21:13,68.4299,500,
10:21:13,68.42,400,
10:21:18,68.42,400,
10:21:19,68.42,200,
10:21:19,68.43,200,
10:21:19,68.43,800,
10:21:19,68.43,100,
10:21:19,68.43,200,
10:21:19,68.43,320,
10:21:21,68.42,100,
10:21:21,68.42,400,
10:21:27,68.42,400,
10:21:39,68.41,100,
10:21:39,68.41,500,
10:21:39,68.41,500,
10:21:39,68.41,400,
10:21:39,68.41,500,
10:21:39,68.41,500,
10:21:39,68.41,200,
10:21:41,68.41,400,
10:21:45,68.41,400,
10:21:57,68.409,300,
10:22:11,68.40,100,
10:22:11,68.40,100,
10:22:11,68.40,300,
10:22:11,68.40,500,
10:22:11,68.40,400,
10:22:20,68.40,400,
10:22:20,68.41,500,
10:22:20,68.41,500,
10:22:20,68.41,700,
10:22:20,68.403,100,
10:22:21,68.41,300,
10:22:21,68.41,100,
10:22:29,68.39,200,
10:22:34,68.39,800,
10:22:40,68.40,100,
10:22:40,68.40,400,
10:22:43,68.40,200,
10:22:46,68.40,700,
10:22:48,68.41,100,
10:22:48,68.41,400,
10:22:49,68.41,400,
10:22:51,68.41,600,
10:22:51,68.41,1700,
10:22:57,68.409,500,
10:23:06,68.40,200,
10:23:06,68.41,200,
10:23:06,68.41,400,
10:23:06,68.41,700,
10:23:06,68.41,800,
10:23:06,68.41,120,
10:23:07,68.41,160,
10:23:09,68.401,788,
10:23:16,68.41,1580,
10:23:16,68.41,600,
10:23:16,68.41,400,
10:23:28,68.40,100,
10:23:34,68.40,100,
10:23:35,68.40,200,
10:23:35,68.40,100,
10:23:35,68.40,100,
10:23:35,68.40,300,
10:23:35,68.40,1200,
10:23:35,68.40,300,
10:23:35,68.40,500,
10:23:35,68.40,100,
10:23:35,68.40,100,
10:23:35,68.40,400,
10:23:35,68.40,200,
10:23:35,68.40,400,
10:23:38,68.39,500,
10:23:38,68.39,300,
10:23:45,68.39,1200,
10:23:45,68.39,800,
10:23:45,68.39,1200,
10:23:45,68.39,100,
10:23:45,68.39,500,
10:23:45,68.39,200,
10:23:45,68.39,144,
10:23:45,68.39,1200,
10:23:45,68.39,700,
10:23:45,68.39,700,
10:23:45,68.39,200,
10:23:45,68.39,200,
10:23:45,68.39,2100,
10:23:45,68.39,200,
10:23:45,68.39,656,
10:23:45,68.39,300,
10:23:45,68.39,800,
10:23:45,68.39,400,
10:23:45,68.39,800,
10:23:45,68.39,1800,
10:23:45,68.39,100,
10:23:45,68.39,1300,
10:23:45,68.39,200,
10:23:45,68.39,200,
10:23:46,68.39,200,
10:23:49,68.39,400,
10:23:50,68.39,100,
10:23:50,68.39,228,
10:23:53,68.39,200,
10:23:53,68.39,200,
10:23:53,68.39,1072,
10:23:53,68.39,200,
10:24:09,68.3916,160,
10:24:19,68.3993,100,
10:24:34,68.39,100,
10:24:36,68.39,100,
10:24:36,68.39,100,
10:24:43,68.39,100,
10:24:44,68.39,300,
10:24:46,68.38,200,
10:24:50,68.38,800,
10:24:50,68.38,1200,
10:25:07,68.39,400,
10:25:07,68.39,700,
10:25:07,68.39,400,
10:25:18,68.40,5300,
10:25:18,68.40,500,
10:25:18,68.40,200,
10:25:18,68.40,200,
10:25:18,68.40,200,
10:25:23,68.40,400,
10:25:31,68.40,400,
10:25:31,68.40,100,
10:25:34,68.40,400,
10:25:38,68.39,500,
10:25:38,68.39,500,
10:25:38,68.39,400,
10:25:42,68.39,700,
10:25:45,68.3915,500,
10:25:52,68.40,100,
10:25:52,68.40,400,
10:25:54,68.40,500,
10:25:54,68.40,200,
10:26:12,68.40,400,
10:26:13,68.40,500,
10:26:13,68.41,500,
10:26:13,68.41,500,
10:26:13,68.41,1416,
10:26:13,68.41,300,
10:26:13,68.41,1600,
10:26:13,68.403,100,
10:26:16,68.42,100,
10:26:16,68.42,500,
10:26:16,68.42,500,
10:26:16,68.42,200,
10:26:16,68.42,900,
10:26:19,68.42,100,
10:26:51,68.42,400,
10:27:08,68.4287,500,
10:27:18,68.42,100,
10:27:18,68.42,200,
10:27:18,68.42,100,
10:27:20,68.42,900,
10:27:20,68.42,400,
10:27:20,68.42,400,
10:27:24,68.42,100,
10:27:26,68.42,200,
10:27:26,68.42,200,
10:27:26,68.42,2300,
10:27:46,68.42,1500,
10:27:47,68.42,300,
10:27:48,68.43,500,
10:27:48,68.43,500,
10:27:48,68.43,500,
10:27:52,68.43,100,
10:27:54,68.42,345,
10:27:54,68.42,500,
10:27:54,68.42,500,
10:27:54,68.42,400,
10:27:55,68.42,100,
10:28:08,68.42,100,
10:28:08,68.42,1100,
10:28:08,68.42,1500,
10:28:11,68.42,300,
10:28:11,68.42,200,
10:28:11,68.42,100,
10:28:11,68.42,1100,
10:28:14,68.41,100,
10:28:14,68.41,400,
10:28:14,68.41,2480,
10:28:14,68.41,600,
10:28:14,68.41,500,
10:28:15,68.41,300,
10:28:18,68.42,3200,
10:28:27,68.419,100,
10:28:34,68.42,4700,
10:28:34,68.42,500,
10:28:34,68.42,500,
10:28:34,68.42,400,
10:28:37,68.42,200,
10:28:44,68.42,2200,
10:28:44,68.42,1000,
10:29:00,68.4101,100,
10:29:09,68.41,100,
10:29:09,68.41,500,
10:29:09,68.41,200,
10:29:09,68.41,400,
10:29:09,68.41,500,
10:29:40,68.409,100,
10:29:43,68.4081,400,
10:30:05,68.4099,500,
10:30:09,68.41,800,
10:30:09,68.41,200,
10:30:09,68.41,700,
10:30:10,68.4199,6000,
10:30:14,68.42,700,
10:30:14,68.42,800,
10:30:14,68.415,200,
10:30:17,68.4199,100,
10:30:18,68.41,400,
10:30:23,68.41,200,
10:30:23,68.41,400,
10:30:27,68.42,400,
10:30:27,68.42,500,
10:30:27,68.42,500,
10:30:28,68.42,700,
10:30:28,68.42,200,
10:30:29,68.42,600,
10:30:37,68.42,100,
10:30:37,68.42,700,
10:30:37,68.42,2000,
10:30:43,68.41,100,
10:30:43,68.41,400,
10:30:43,68.41,500,
10:30:43,68.41,400,
10:30:43,68.41,100,
10:30:51,68.40,400,
10:30:51,68.40,100,
10:30:51,68.40,300,
10:30:51,68.40,200,
10:30:51,68.40,500,
10:30:51,68.409,100,
10:30:55,68.40,300,
10:30:55,68.40,100,
10:31:04,68.40,100,
10:31:05,68.40,680,
10:31:05,68.40,200,
10:31:05,68.40,400,
10:31:05,68.40,100,
10:31:05,68.395,100,
10:31:13,68.39,1200,
10:31:13,68.39,300,
10:31:13,68.39,100,
10:31:13,68.39,900,
10:31:13,68.39,300,
10:31:13,68.39,400,
10:31:13,68.3999,300,
10:31:20,68.39,300,
10:31:20,68.39,200,
10:31:20,68.39,500,
10:31:20,68.39,100,
10:31:23,68.38,100,
10:31:24,68.38,500,
10:31:24,68.38,500,
10:31:28,68.38,100,
10:31:28,68.38,600,
10:31:28,68.38,400,
10:31:31,68.39,300,
10:31:33,68.38,100,
10:31:43,68.38,100,
10:31:47,68.38,100,
10:31:48,68.37,200,
10:31:50,68.38,200,
10:32:00,68.38,100,
10:32:00,68.381,1000,
10:32:04,68.38,100,
10:32:13,68.3898,2300,
10:32:18,68.39,500,
10:32:18,68.39,400,
10:32:21,68.39,400,
10:32:32,68.38,500,
10:32:32,68.38,500,
10:32:32,68.38,300,
10:32:36,68.38,100,
10:32:41,68.38,1000,
10:32:41,68.38,600,
10:32:44,68.38,100,
10:32:45,68.38,300,
10:32:48,68.3801,500,
10:33:02,68.39,5000,
10:33:02,68.39,500,
10:33:02,68.39,100,
10:33:02,68.39,400,
10:33:13,68.39,100,
10:33:21,68.40,500,
10:33:21,68.40,500,
10:33:21,68.40,200,
10:33:23,68.40,300,
10:33:27,68.40,500,
10:33:27,68.41,1023,
10:33:32,68.41,300,
10:33:32,68.405,100,
10:33:36,68.40,100,
10:33:44,68.39,500,
10:33:44,68.39,500,
10:33:47,68.39,300,
10:34:00,68.3916,700,
10:34:29,68.39,100,
10:34:29,68.39,800,
10:34:29,68.39,100,
10:34:29,68.39,250,
10:34:29,68.38,400,
10:34:38,68.38,600,
10:34:41,68.39,3300,
10:34:41,68.39,100,
10:34:41,68.39,300,
10:34:41,68.38,300,
10:34:41,68.38,500,
10:34:41,68.38,500,
10:34:41,68.38,500,
10:34:48,68.37,500,
10:35:09,68.37,170,
10:35:12,68.38,200,
10:35:15,68.385,100,
10:35:25,68.38,100,
10:35:25,68.38,333,
10:35:38,68.37,200,
10:35:38,68.37,500,
10:35:38,68.37,200,
10:35:54,68.38,200,
10:35:54,68.38,200,
10:35:55,68.38,200,
10:36:01,68.381,125,
10:36:03,68.38,100,
10:36:07,68.38,200,
10:36:13,68.39,100,
10:36:24,68.38,200,
10:36:33,68.39,500,
10:36:33,68.39,500,
10:36:33,68.39,500,
10:36:33,68.39,500,
10:36:33,68.39,400,
10:36:33,68.40,700,
10:36:33,68.40,100,
10:36:33,68.40,1000,
10:36:33,68.40,100,
10:36:33,68.40,500,
10:36:33,68.40,100,
10:36:36,68.41,200,
10:36:36,68.41,100,
10:36:37,68.405,100,
10:36:39,68.41,100,
10:36:39,68.40,100,
10:36:39,68.40,1098,
10:36:47,68.40,100,
10:36:56,68.40,257,
10:36:59,68.40,100,
10:37:04,68.40,200,
10:37:05,68.40,300,
10:37:07,68.40,200,
10:37:22,68.40,200,
10:37:35,68.41,100,
10:37:38,68.4099,950,
10:37:41,68.40,100,
10:37:54,68.40,400,
10:37:54,68.40,300,
10:37:54,68.40,100,
10:37:54,68.40,100,
10:37:54,68.40,1700,
10:37:54,68.40,600,
10:37:59,68.39,200,
10:38:10,68.39,100,
10:38:11,68.38,100,
10:38:11,68.38,400,
10:38:11,68.38,500,
10:38:14,68.38,100,
10:38:27,68.3801,3000,
10:38:30,68.38,100,
10:38:46,68.38,100,
10:38:58,68.38,100,
10:39:13,68.37,200,
10:39:20,68.37,209,
10:39:20,68.37,241,
10:39:31,68.37,100,
10:39:31,68.37,300,
10:39:38,68.36,100,
10:39:38,68.36,1400,
10:39:39,68.36,250,
10:39:39,68.36,500,
10:39:39,68.36,500,
10:39:39,68.36,150,
10:39:39,68.36,200,
10:39:39,68.36,1200,
10:39:40,68.3501,5000,
10:39:40,68.35,500,
10:39:40,68.34,100,
10:39:40,68.34,285,
10:39:40,68.34,200,
10:39:40,68.33,200,
10:39:40,68.34,1500,
10:39:40,68.34,100,
10:39:40,68.33,100,
10:39:42,68.34,300,
10:39:42,68.34,285,
10:39:42,68.34,300,
10:39:42,68.3307,1000,
10:39:44,68.34,100,
10:39:47,68.34,200,
10:39:48,68.3393,1000,
10:39:49,68.34,185,
10:39:53,68.33,200,
10:39:53,68.34,1685,
10:39:53,68.34,885,
10:39:57,68.34,100,
10:39:57,68.34,100,
10:39:57,68.34,1900,
10:39:58,68.341,550,
10:40:03,68.33,800,
10:40:03,68.33,500,
10:40:03,68.33,500,
10:40:03,68.33,500,
10:40:03,68.33,372,
10:40:03,68.33,500,
10:40:03,68.33,500,
10:40:04,68.321,150,
10:40:08,68.32,100,
10:40:08,68.3199,400,
10:40:10,68.31,700,
10:40:10,68.31,675,
10:40:10,68.31,100,
10:40:10,68.31,100,
10:40:10,68.31,800,
10:40:10,68.31,300,
10:40:10,68.31,1600,
10:40:10,68.31,200,
10:40:11,68.31,2900,
10:40:12,68.3117,500,
10:40:13,68.31,500,
10:40:13,68.31,500,
10:40:13,68.31,500,
10:40:13,68.31,500,
10:40:13,68.31,500,
10:40:13,68.31,946,
10:40:14,68.30,100,
10:40:14,68.30,100,
10:40:14,68.30,100,
10:40:15,68.2901,7200,
10:40:15,68.30,115,
10:40:15,68.3007,755,
10:40:18,68.30,200,
10:40:18,68.30,300,
10:40:21,68.30,200,
10:40:23,68.2999,400,
10:40:23,68.30,100,
10:40:34,68.31,300,
10:40:34,68.31,400,
10:40:35,68.3099,140,
10:40:43,68.32,100,
10:40:43,68.32,100,
10:40:43,68.32,200,
10:40:43,68.32,300,
10:40:45,68.32,200,
10:40:46,68.32,100,
10:40:49,68.3116,200,
10:40:50,68.312,302,
10:40:58,68.31,100,
10:41:00,68.31,350,
10:41:01,68.31,200,
10:41:01,68.31,500,
10:41:01,68.31,300,
10:41:01,68.31,500,
10:41:01,68.31,100,
10:41:01,68.31,500,
10:41:05,68.31,400,
10:41:06,68.31,200,
10:41:06,68.31,200,
10:41:06,68.31,200,
10:41:10,68.30,200,
10:41:21,68.3108,100,
10:41:26,68.31,100,
10:41:33,68.32,400,
10:41:33,68.32,500,
10:41:33,68.32,400,
10:41:33,68.32,700,
10:41:33,68.32,300,
10:41:45,68.32,100,
10:41:48,68.32,100,
10:41:48,68.32,100,
10:41:48,68.32,400,
10:41:55,68.32,100,
10:41:55,68.32,400,
10:41:55,68.32,200,
10:42:07,68.3193,1000,
10:42:30,68.32,400,
10:42:30,68.32,200,
10:42:31,68.32,400,
10:42:42,68.32,300,
10:42:52,68.32,1000,
10:42:54,68.32,400,
10:42:59,68.33,1200,
10:42:59,68.33,400,
10:42:59,68.33,500,
10:42:59,68.33,500,
10:42:59,68.33,500,
10:42:59,68.33,200,
10:42:59,68.33,200,
10:42:59,68.33,800,
10:42:59,68.3399,4900,
10:42:59,68.33,500,
10:43:02,68.33,100,
10:43:02,68.33,400,
10:43:11,68.32,480,
10:43:15,68.32,135,
10:43:16,68.325,100,
10:43:18,68.325,200,
10:43:18,68.33,728,
10:43:23,68.32,500,
10:43:23,68.32,100,
10:43:23,68.32,1000,
10:43:23,68.32,380,
10:43:42,68.33,328,
10:43:45,68.32,200,
10:43:45,68.32,528,
10:43:45,68.32,600,
10:43:48,68.32,400,
10:43:51,68.31,100,
10:43:51,68.31,500,
10:43:51,68.31,500,
10:43:51,68.31,400,
10:43:51,68.30,400,
10:43:51,68.30,300,
10:43:51,68.31,300,
10:43:51,68.31,900,
10:43:57,68.30,100,
10:43:57,68.30,100,
10:43:57,68.30,500,
10:43:57,68.30,400,
10:43:58,68.30,300,
10:43:58,68.30,200,
10:43:59,68.30,301,
10:44:01,68.30,100,
10:44:01,68.30,160,
10:44:01,68.30,500,
10:44:01,68.30,4368,
10:44:07,68.29,1200,
10:44:07,68.29,1200,
10:44:07,68.29,2700,
10:44:08,68.29,200,
10:44:08,68.29,100,
10:44:14,68.30,100,
10:44:14,68.30,100,
10:44:19,68.30,200,
10:44:19,68.30,300,
10:44:33,68.295,100,
10:44:35,68.30,900,
10:44:37,68.3086,500,
10:44:45,68.31,100,
10:44:45,68.31,500,
10:44:53,68.30,100,
10:44:53,68.30,400,
10:45:01,68.30,400,
10:45:10,68.30,400,
10:45:27,68.30,100,
10:45:29,68.295,100,
10:45:32,68.30,100,
10:45:45,68.2923,100,
10:45:53,68.30,200,
10:45:53,68.30,200,
10:45:59,68.30,400,
10:46:05,68.31,200,
10:46:05,68.31,200,
10:46:05,68.31,200,
10:46:05,68.31,200,
10:46:05,68.31,500,
10:46:05,68.31,500,
10:46:05,68.3101,4500,
10:46:24,68.315,100,
10:46:33,68.31,8400,
10:46:34,68.32,3500,
10:46:43,68.32,180,
10:46:43,68.32,500,
10:46:43,68.32,500,
10:46:43,68.32,500,
10:46:43,68.32,200,
10:46:47,68.32,500,
10:46:48,68.31,100,
10:46:48,68.31,100,
10:46:48,68.31,400,
10:46:48,68.31,100,
10:46:48,68.31,500,
10:46:48,68.31,500,
10:46:48,68.31,100,
10:46:48,68.31,200,
10:46:48,68.31,300,
10:46:52,68.31,600,
10:47:19,68.31,100,
10:47:19,68.31,500,
10:47:19,68.31,300,
10:47:19,68.31,100,
10:47:19,68.31,600,
10:47:28,68.30,100,
10:47:30,68.30,496,
10:47:30,68.30,104,
10:47:30,68.30,1900,
10:47:30,68.30,300,
10:47:30,68.30,296,
10:47:30,68.30,496,
10:47:30,68.30,500,
10:47:30,68.30,800,
10:47:30,68.30,104,
10:47:30,68.30,500,
10:47:30,68.30,4404,
10:47:30,68.30,704,
10:47:31,68.30,200,
10:47:46,68.30,2000,
10:47:46,68.30,600,
10:47:46,68.30,500,
10:47:48,68.30,200,
10:47:58,68.2965,300,
10:48:01,68.30,1000,
10:48:06,68.30,860,
10:48:06,68.30,200,
10:48:06,68.30,800,
10:48:09,68.2999,700,
10:48:12,68.29,800,
10:48:22,68.29,100,
10:48:22,68.29,500,
10:48:22,68.29,500,
10:48:22,68.28,500,
10:48:23,68.29,200,
10:48:24,68.28,100,
10:48:32,68.28,500,
10:48:32,68.28,200,
10:48:33,68.28,1418,
10:48:33,68.28,500,
10:48:33,68.28,500,
10:48:33,68.28,500,
10:48:33,68.27,300,
10:48:33,68.27,600,
10:48:33,68.27,500,
10:48:33,68.27,700,
10:48:33,68.27,800,
10:48:33,68.27,1400,
10:48:35,68.26,100,
10:48:35,68.26,100,
10:48:38,68.265,350,
10:48:42,68.26,1400,
10:48:43,68.26,2100,
10:48:44,68.27,100,
10:48:54,68.27,200,
10:48:54,68.27,500,
10:48:55,68.27,600,
10:49:03,68.26,600,
10:49:08,68.26,100,
10:49:08,68.26,100,
10:49:09,68.26,100,
10:49:09,68.26,200,
10:49:09,68.2607,400,
10:49:09,68.26,1300,
10:49:14,68.26,250,
10:49:25,68.259,520,
10:49:30,68.25,500,
10:49:30,68.25,500,
10:49:30,68.25,500,
10:49:30,68.25,500,
10:49:30,68.25,500,
10:49:30,68.25,200,
10:49:30,68.25,1400,
10:49:31,68.245,200,
10:49:32,68.2499,100,
10:49:32,68.2499,100,
10:49:44,68.24,1400,
10:49:45,68.24,100,
10:49:45,68.25,100,
10:49:58,68.2437,1072,
10:50:09,68.248,7000,
10:50:15,68.25,300,
10:50:15,68.25,400,
10:50:21,68.25,2400,
10:50:21,68.25,200,
10:50:30,68.26,400,
10:50:30,68.255,100,
10:50:35,68.25,100,
10:50:35,68.25,515,
10:50:35,68.25,100,
10:50:35,68.25,400,
10:50:37,68.25,200,
10:50:41,68.2493,100,
10:50:41,68.24,100,
10:50:41,68.24,500,
10:50:41,68.24,500,
10:50:41,68.24,1000,
10:50:41,68.24,153,
10:50:41,68.24,100,
10:50:41,68.24,400,
10:50:41,68.23,450,
10:50:41,68.23,700,
10:50:41,68.23,800,
10:50:41,68.23,500,
10:50:41,68.23,700,
10:50:45,68.22,300,
10:50:45,68.22,400,
10:50:45,68.22,800,
10:50:45,68.22,400,
10:50:45,68.22,500,
10:50:45,68.22,100,
10:50:45,68.22,100,
10:50:48,68.22,400,
10:50:55,68.22,300,
10:50:56,68.21,1635,
10:50:56,68.21,500,
10:50:56,68.21,420,
10:50:56,68.21,500,
10:50:57,68.22,1600,
10:50:59,68.21,155,
10:50:59,68.21,1500,
10:51:03,68.20,200,
10:51:03,68.20,2500,
10:51:03,68.20,100,
10:51:03,68.20,500,
10:51:03,68.20,500,
10:51:04,68.20,100,
10:51:05,68.20,300,
10:51:05,68.20,400,
10:51:05,68.19,400,
10:51:07,68.21,300,
10:51:10,68.20,200,
10:51:13,68.20,100,
10:51:13,68.2095,100,
10:51:17,68.2038,100,
10:51:18,68.20,634,
10:51:18,68.20,800,
10:51:18,68.20,366,
10:51:19,68.20,400,
10:51:19,68.21,1600,
10:51:21,68.2025,500,
10:51:22,68.20,600,
10:51:22,68.20,100,
10:51:22,68.20,500,
10:51:26,68.21,1000,
10:51:30,68.2099,1000,
10:51:32,68.21,100,
10:51:32,68.21,100,
10:51:32,68.21,500,
10:51:32,68.21,500,
10:51:32,68.21,200,
10:51:35,68.22,100,
10:51:35,68.22,500,
10:51:35,68.22,500,
10:51:35,68.22,100,
10:51:37,68.229,200,
10:51:37,68.23,311,
10:51:38,68.22,100,
10:51:38,68.22,100,
10:51:38,68.22,200,
10:51:38,68.22,200,
10:51:38,68.22,600,
10:51:38,68.22,2600,
10:51:38,68.21,1600,
10:51:38,68.21,200,
10:51:38,68.21,200,
10:51:42,68.22,1000,
10:51:43,68.22,400,
10:51:44,68.22,1700,
10:51:50,68.21,285,
10:51:51,68.21,100,
10:51:51,68.21,500,
10:51:54,68.20,100,
10:51:55,68.21,500,
10:51:59,68.21,200,
10:52:01,68.21,100,
10:52:01,68.21,800,
10:52:05,68.20,500,
10:52:05,68.20,100,
10:52:06,68.20,300,
10:52:10,68.20,300,
10:52:10,68.20,100,
10:52:10,68.20,200,
10:52:10,68.20,300,
10:52:10,68.20,251,
10:52:10,68.20,300,
10:52:10,68.20,500,
10:52:10,68.20,200,
10:52:11,68.20,200,
10:52:12,68.20,200,
10:52:12,68.20,500,
10:52:14,68.2099,500,
10:52:24,68.21,200,
10:52:24,68.21,500,
10:52:24,68.21,500,
10:52:25,68.21,400,
10:52:29,68.2099,500,
10:52:30,68.21,400,
10:52:32,68.21,500,
10:52:50,68.21,700,
10:52:50,68.21,300,
10:52:50,68.21,400,
10:52:54,68.20,600,
10:52:57,68.20,200,
10:52:59,68.201,293,
10:53:06,68.2099,125,
10:53:08,68.21,600,
10:53:08,68.21,200,
10:53:08,68.21,300,
10:53:08,68.205,100,
10:53:18,68.20,100,
10:53:18,68.20,800,
10:53:18,68.20,100,
10:53:18,68.205,300,
10:53:19,68.20,100,
10:53:19,68.20,100,
10:53:19,68.20,500,
10:53:19,68.19,300,
10:53:19,68.19,381,
10:53:19,68.19,500,
10:53:19,68.19,500,
10:53:19,68.19,500,
10:53:22,68.185,200,
10:53:28,68.19,100,
10:53:36,68.19,100,
10:53:41,68.19,400,
10:53:43,68.19,115,
10:53:43,68.19,400,
10:53:44,68.19,215,
10:53:48,68.19,100,
10:53:48,68.19,100,
10:53:50,68.20,100,
10:54:04,68.20,250,
10:54:09,68.19,100,
10:54:18,68.20,200,
10:54:18,68.20,100,
10:54:18,68.20,500,
10:54:18,68.20,500,
10:54:18,68.20,100,
10:54:20,68.20,100,
10:54:21,68.2099,4500,
10:54:22,68.20,100,
10:54:24,68.20,200,
10:54:34,68.1901,100,
10:54:34,68.19,200,
10:54:34,68.19,100,
10:54:34,68.19,793,
10:54:36,68.19,500,
10:54:36,68.19,500,
10:54:36,68.19,100,
10:54:36,68.19,500,
10:54:36,68.19,200,
10:54:36,68.19,200,
10:54:44,68.1999,300,
10:54:48,68.1808,130,
10:54:50,68.18,1500,
10:54:52,68.19,400,
10:54:57,68.20,800,
10:54:57,68.20,500,
10:54:57,68.20,200,
10:54:57,68.20,500,
10:54:57,68.20,200,
10:54:58,68.20,400,
10:54:58,68.20,300,
10:54:59,68.20,400,
10:55:01,68.20,400,
10:55:04,68.19,500,
10:55:11,68.19,480,
10:55:14,68.195,100,
10:55:15,68.19,200,
10:55:15,68.19,300,
10:55:15,68.19,500,
10:55:15,68.19,500,
10:55:15,68.19,800,
10:55:15,68.19,100,
10:55:15,68.19,800,
10:55:15,68.19,100,
10:55:15,68.19,300,
10:55:16,68.18,300,
10:55:20,68.18,100,
10:55:20,68.18,400,
10:55:20,68.18,500,
10:55:20,68.18,400,
10:55:20,68.17,1000,
10:55:21,68.17,200,
10:55:21,68.17,300,
10:55:21,68.17,100,
10:55:21,68.16,600,
10:55:25,68.17,700,
10:55:25,68.17,100,
10:55:25,68.1799,100,
10:55:31,68.17,200,
10:55:37,68.17,200,
10:55:48,68.16,2100,
10:55:48,68.16,300,
10:55:48,68.16,700,
10:55:48,68.16,300,
10:55:50,68.16,500,
10:55:50,68.16,500,
10:55:50,68.16,500,
10:55:50,68.16,500,
10:55:50,68.16,500,
10:55:50,68.16,200,
10:55:50,68.16,500,
10:55:50,68.16,1600,
10:55:50,68.16,200,
10:55:50,68.16,600,
10:55:50,68.16,3200,
10:55:50,68.16,700,
10:55:50,68.16,2900,
10:55:50,68.16,2100,
10:55:50,68.16,100,
10:55:50,68.16,200,
10:55:50,68.15,963,
10:55:50,68.15,2000,
10:55:50,68.15,2700,
10:55:50,68.15,100,
10:55:50,68.15,700,
10:55:50,68.15,1000,
10:55:50,68.15,700,
10:55:50,68.15,500,
10:55:50,68.15,400,
10:55:50,68.15,300,
10:55:50,68.15,2900,
10:55:50,68.15,1563,
10:55:50,68.15,200,
10:55:50,68.15,100,
10:55:50,68.15,4000,
10:55:51,68.15,500,
10:55:51,68.14,100,
10:55:51,68.14,300,
10:55:51,68.14,953,
10:55:51,68.145,4000,
10:55:51,68.14,1700,
10:55:51,68.14,900,
10:55:51,68.14,300,
10:55:53,68.14,800,
10:55:55,68.15,100,
10:55:55,68.15,800,
10:55:55,68.15,100,
10:55:55,68.15,100,
10:55:55,68.15,300,
10:55:55,68.15,202,
10:55:55,68.15,902,
10:55:55,68.15,100,
10:55:55,68.15,200,
10:55:55,68.15,400,
10:55:55,68.15,200,
10:55:55,68.15,200,
10:55:55,68.15,200,
10:55:59,68.1507,539,
10:56:02,68.16,500,
10:56:02,68.16,300,
10:56:04,68.17,500,
10:56:04,68.17,500,
10:56:04,68.17,500,
10:56:05,68.17,200,
10:56:05,68.17,100,
10:56:05,68.1799,240,
10:56:12,68.17,1380,
10:56:12,68.17,900,
10:56:12,68.17,300,
10:56:12,68.17,100,
10:56:12,68.17,100,
10:56:12,68.17,600,
10:56:18,68.16,100,
10:56:18,68.16,500,
10:56:18,68.16,500,
10:56:18,68.16,400,
10:56:21,68.15,400,
10:56:21,68.15,100,
10:56:22,68.16,100,
10:56:23,68.1599,400,
10:56:25,68.16,400,
10:56:31,68.1683,500,
10:56:35,68.16,100,
10:56:35,68.16,200,
10:56:41,68.16,200,
10:56:41,68.16,400,
10:56:41,68.16,100,
10:56:42,68.16,100,
10:56:45,68.17,1600,
10:56:51,68.16,800,
10:56:56,68.1683,1500,
10:57:04,68.16,289,
10:57:05,68.16,200,
10:57:05,68.16,100,
10:57:05,68.16,400,
10:57:05,68.16,200,
10:57:05,68.16,400,
10:57:05,68.16,700,
10:57:05,68.16,800,
10:57:05,68.16,100,
10:57:05,68.16,200,
10:57:09,68.16,100,
10:57:11,68.16,2100,
10:57:11,68.16,1000,
10:57:11,68.16,700,
10:57:11,68.16,200,
10:57:11,68.16,2200,
10:57:11,68.16,800,
10:57:11,68.16,400,
10:57:11,68.16,600,
10:57:11,68.16,100,
10:57:11,68.16,1400,
10:57:12,68.16,100,
10:57:13,68.1699,500,
10:57:14,68.16,2200,
10:57:14,68.16,200,
10:57:14,68.16,200,
10:57:15,68.16,1500,
10:57:15,68.16,200,
10:57:15,68.16,700,
10:57:15,68.16,200,
10:57:15,68.16,400,
10:57:15,68.16,200,
10:57:15,68.16,663,
10:57:16,68.16,1100,
10:57:18,68.17,400,
10:57:19,68.16,200,
10:57:25,68.16,400,
10:57:29,68.16,2100,
10:57:29,68.16,800,
10:57:29,68.16,200,
10:57:29,68.16,100,
10:57:29,68.16,200,
10:57:29,68.16,400,
10:57:29,68.16,100,
10:57:32,68.16,100,
10:57:35,68.16,100,
10:57:38,68.15,200,
10:57:38,68.15,400,
10:57:38,68.15,620,
10:57:39,68.15,100,
10:57:47,68.15,100,
10:57:47,68.15,2200,
10:57:47,68.15,500,
10:57:47,68.15,500,
10:57:47,68.15,500,
10:57:53,68.1401,1000,
10:57:53,68.14,200,
10:57:53,68.14,500,
10:57:53,68.14,100,
10:57:53,68.14,2500,
10:57:53,68.14,5266,
10:57:53,68.14,100,
10:57:53,68.14,200,
10:57:53,68.14,200,
10:57:53,68.14,500,
10:57:53,68.14,700,
10:57:53,68.14,1600,
10:57:53,68.14,500,
10:57:53,68.14,500,
10:57:53,68.14,100,
10:57:55,68.14,800,
10:57:55,68.14,500,
10:57:56,68.13,100,
10:57:56,68.13,200,
10:57:56,68.13,100,
10:57:56,68.13,500,
10:57:56,68.13,500,
10:58:02,68.12,100,
10:58:03,68.12,500,
10:58:03,68.12,500,
10:58:03,68.12,1400,
10:58:04,68.12,500,
10:58:04,68.12,200,
10:58:04,68.12,600,
10:58:04,68.12,100,
10:58:06,68.1199,3300,
10:58:06,68.12,500,
10:58:07,68.12,400,
10:58:08,68.11,200,
10:58:09,68.12,800,
10:58:09,68.12,100,
10:58:09,68.12,800,
10:58:10,68.12,150,
10:58:10,68.12,300,
10:58:10,68.13,500,
10:58:14,68.12,100,
10:58:16,68.11,100,
10:58:16,68.11,800,
10:58:17,68.1123,1600,
10:58:23,68.1193,500,
10:58:28,68.12,2700,
10:58:28,68.12,1037,
10:58:28,68.12,600,
10:58:28,68.12,400,
10:58:28,68.12,100,
10:58:28,68.12,1600,
10:58:28,68.12,2063,
10:58:28,68.12,1700,
10:58:28,68.12,100,
10:58:28,68.12,300,
10:58:28,68.13,500,
10:58:28,68.13,500,
10:58:28,68.123,100,
10:58:29,68.13,1000,
10:58:29,68.14,500,
10:58:30,68.13,100,
10:58:39,68.13,700,
10:58:39,68.13,500,
10:58:44,68.13,316,
10:58:44,68.13,100,
10:58:51,68.14,500,
10:58:51,68.14,500,
10:58:51,68.14,500,
10:58:51,68.15,181,
10:59:03,68.14,200,
10:59:03,68.14,100,
10:59:03,68.14,100,
10:59:03,68.14,1358,
10:59:03,68.14,200,
10:59:05,68.14,100,
10:59:08,68.14,100,
10:59:09,68.14,800,
10:59:09,68.14,100,
10:59:09,68.14,500,
10:59:09,68.14,700,
10:59:09,68.14,700,
10:59:09,68.14,200,
10:59:09,68.14,100,
10:59:09,68.14,200,
10:59:09,68.14,1200,
10:59:09,68.14,2900,
10:59:09,68.14,2900,
10:59:09,68.14,2900,
10:59:09,68.14,2900,
10:59:09,68.14,800,
10:59:10,68.13,3500,
10:59:10,68.13,100,
10:59:11,68.139,300,
10:59:32,68.13,400,
10:59:32,68.13,700,
10:59:37,68.14,100,
10:59:40,68.14,500,
10:59:40,68.14,600,
10:59:40,68.15,200,
10:59:40,68.15,200,
10:59:40,68.15,500,
10:59:40,68.15,400,
10:59:40,68.15,800,
10:59:40,68.15,500,
10:59:40,68.15,300,
10:59:41,68.15,100,
10:59:41,68.149,100,
10:59:42,68.1499,100,
10:59:47,68.15,2900,
10:59:47,68.155,500,
10:59:47,68.15,200,
10:59:50,68.16,200,
10:59:50,68.155,100,
10:59:50,68.155,100,
10:59:53,68.15,100,
10:59:55,68.15,220,
10:59:55,68.15,100,
10:59:55,68.15,1180,
11:00:01,68.15,100,
11:00:01,68.15,580,
11:00:14,68.16,800,
11:00:15,68.1514,500,
11:00:16,68.16,400,
11:00:16,68.16,1000,
11:00:16,68.16,500,
11:00:16,68.16,500,
11:00:16,68.16,500,
11:00:16,68.16,800,
11:00:16,68.16,100,
11:00:16,68.16,100,
11:00:16,68.16,3200,
11:00:16,68.16,800,
11:00:16,68.16,1600,
11:00:16,68.16,800,
11:00:16,68.16,2000,
11:00:16,68.16,700,
11:00:16,68.16,100,
11:00:17,68.16,3600,
11:00:17,68.16,700,
11:00:17,68.16,200,
11:00:21,68.165,200,
11:00:23,68.17,1646,
11:00:27,68.17,500,
11:00:27,68.17,500,
11:00:27,68.17,1554,
11:00:33,68.1699,100,
11:00:46,68.17,600,
11:00:48,68.18,100,
11:00:49,68.17,200,
11:00:50,68.17,400,
11:00:57,68.18,100,
11:00:57,68.18,500,
11:00:57,68.18,242,
11:00:57,68.18,500,
11:00:57,68.18,300,
11:00:57,68.178,5000,
11:00:58,68.1801,100,
11:00:58,68.18,400,
11:01:04,68.18,200,
11:01:04,68.18,400,
11:01:06,68.19,100,
11:01:06,68.19,100,
11:01:08,68.19,100,
11:01:08,68.18,200,
11:01:08,68.18,300,
11:01:08,68.18,4000,
11:01:10,68.1893,250,
11:01:12,68.18,800,
11:01:21,68.18,200,
11:01:32,68.19,216,
11:01:35,68.18,200,
11:01:37,68.19,200,
11:01:40,68.19,100,
11:01:47,68.1899,500,
11:01:52,68.1899,4500,
11:02:02,68.19,500,
11:02:08,68.19,200,
11:02:13,68.18,500,
11:02:17,68.19,400,
11:02:19,68.19,300,
11:02:23,68.18,300,
11:02:23,68.19,800,
11:02:27,68.19,500,
11:02:27,68.19,415,
11:02:28,68.19,500,
11:02:28,68.19,800,
11:02:28,68.19,800,
11:02:28,68.19,700,
11:02:28,68.19,200,
11:02:28,68.19,500,
11:02:28,68.19,200,
11:02:28,68.19,300,
11:02:28,68.19,600,
11:02:28,68.19,800,
11:02:28,68.19,1500,
11:02:28,68.19,1700,
11:02:28,68.19,1800,
11:02:28,68.19,400,
11:02:28,68.19,500,
11:02:28,68.19,200,
11:02:28,68.19,500,
11:02:28,68.19,200,
11:02:28,68.19,200,
11:02:28,68.19,500,
11:02:40,68.20,100,
11:02:42,68.19,500,
11:02:42,68.19,100,
11:02:42,68.19,100,
11:02:42,68.18,500,
11:02:42,68.19,200,
11:02:43,68.18,816,
11:02:43,68.19,900,
11:02:43,68.19,100,
11:02:43,68.19,700,
11:02:43,68.19,700,
11:02:43,68.185,100,
11:02:43,68.19,900,
11:02:43,68.19,200,
11:02:43,68.19,900,
11:02:43,68.19,200,
11:02:43,68.19,700,
11:02:43,68.19,600,
11:02:43,68.19,100,
11:02:56,68.18,893,
11:02:57,68.18,500,
11:02:58,68.18,900,
11:02:58,68.18,500,
11:02:58,68.18,407,
11:02:58,68.17,500,
11:02:58,68.17,200,
11:02:58,68.17,200,
11:02:58,68.17,900,
11:02:58,68.17,500,
11:02:58,68.17,500,
11:02:58,68.17,900,
11:02:58,68.17,100,
11:02:58,68.16,300,
11:02:58,68.18,100,
11:02:58,68.17,200,
11:03:05,68.17,200,
11:03:07,68.16,115,
11:03:07,68.16,800,
11:03:07,68.16,185,
11:03:07,68.17,100,
11:03:09,68.18,100,
11:03:14,68.18,198,
11:03:15,68.17,200,
11:03:15,68.17,100,
11:03:15,68.17,200,
11:03:15,68.17,200,
11:03:15,68.16,131,
11:03:15,68.16,485,
11:03:15,68.169,200,
11:03:26,68.17,3080,
11:03:26,68.17,500,
11:03:29,68.17,120,
11:03:37,68.17,100,
11:03:37,68.17,390,
11:03:37,68.16,247,
11:03:48,68.1601,100,
11:03:50,68.169,400,
11:04:13,68.1601,4600,
11:04:40,68.169,500,
11:04:40,68.169,500,
11:04:51,68.16,100,
11:04:59,68.17,100,
11:05:03,68.16,900,
11:05:03,68.16,500,
11:05:18,68.16,900,
11:05:18,68.16,100,
11:05:27,68.17,100,
11:05:30,68.17,2300,
11:05:30,68.17,300,
11:05:30,68.17,600,
11:05:30,68.17,200,
11:05:30,68.17,800,
11:05:30,68.17,300,
11:05:30,68.17,400,
11:05:30,68.17,400,
11:05:30,68.17,2600,
11:05:30,68.17,6000,
11:05:30,68.17,1800,
11:05:31,68.17,300,
11:05:32,68.17,300,
11:05:35,68.18,480,
11:05:35,68.18,500,
11:05:35,68.18,500,
11:05:35,68.18,700,
11:05:36,68.18,500,
11:05:36,68.18,1800,
11:05:36,68.18,200,
11:05:40,68.179,100,
11:05:41,68.18,1600,
11:05:41,68.18,1516,
11:05:42,68.19,500,
11:05:43,68.19,900,
11:05:43,68.19,400,
11:05:45,68.19,100,
11:05:47,68.19,100,
11:05:48,68.19,600,
11:05:48,68.19,500,
11:05:48,68.19,200,
11:05:50,68.19,500,
11:06:01,68.19,200,
11:06:01,68.19,301,
11:06:05,68.19,100,
11:06:05,68.19,100,
11:06:05,68.19,200,
11:06:06,68.19,100,
11:06:06,68.19,100,
11:06:06,68.19,100,
11:06:06,68.19,100,
11:06:06,68.19,100,
11:06:06,68.19,200,
11:06:07,68.19,100,
11:06:07,68.19,100,
11:06:07,68.19,100,
11:06:07,68.19,100,
11:06:07,68.19,200,
11:06:07,68.19,100,
11:06:07,68.19,500,
11:06:07,68.19,1800,
11:06:07,68.19,200,
11:06:07,68.19,200,
11:06:08,68.19,500,
11:06:11,68.19,200,
11:06:11,68.19,500,
11:06:11,68.19,200,
11:06:11,68.19,100,
11:06:11,68.19,100,
11:06:11,68.19,100,
11:06:11,68.19,200,
11:06:12,68.19,100,
11:06:12,68.19,100,
11:06:12,68.19,100,
11:06:19,68.20,300,
11:06:23,68.20,100,
11:06:30,68.1932,293,
11:06:51,68.20,100,
11:06:53,68.19,100,
11:06:53,68.19,100,
11:06:53,68.19,100,
11:06:53,68.19,3280,
11:06:53,68.19,500,
11:06:54,68.19,100,
11:06:54,68.185,100,
11:06:54,68.18,816,
11:06:56,68.1897,142,
11:07:13,68.18,300,
11:07:13,68.18,500,
11:07:13,68.18,200,
11:07:13,68.18,200,
11:07:13,68.18,100,
11:07:13,68.18,500,
11:07:13,68.18,500,
11:07:13,68.18,500,
11:07:22,68.179,100,
11:07:22,68.179,200,
11:07:31,68.1717,300,
11:07:38,68.18,500,
11:07:48,68.18,100,
11:07:49,68.1817,300,
11:07:50,68.18,100,
11:07:50,68.18,200,
11:07:50,68.18,200,
11:07:50,68.18,200,
11:07:50,68.18,120,
11:07:50,68.18,800,
11:07:50,68.18,720,
11:07:50,68.18,100,
11:07:54,68.17,1500,
11:08:12,68.18,500,
11:08:12,68.18,500,
11:08:16,68.189,2000,
11:08:24,68.19,100,
11:08:24,68.19,100,
11:08:25,68.19,300,
11:08:27,68.19,900,
11:08:27,68.19,500,
11:08:27,68.19,400,
11:08:27,68.19,800,
11:08:32,68.19,100,
11:08:40,68.19,100,
11:08:42,68.20,100,
11:08:44,68.19,100,
11:08:44,68.19,700,
11:08:44,68.18,200,
11:08:44,68.18,695,
11:08:44,68.18,495,
11:08:44,68.18,305,
11:08:44,68.18,200,
11:08:44,68.18,116,
11:08:53,68.1815,240,
11:09:08,68.189,800,
11:09:08,68.189,800,
11:09:11,68.18,200,
11:09:31,68.1815,700,
11:09:31,68.19,400,
11:09:38,68.20,100,
11:09:41,68.19,800,
11:09:41,68.19,500,
11:09:46,68.20,1000,
11:09:46,68.1999,800,
11:09:52,68.20,1100,
11:09:57,68.20,1000,
11:10:04,68.20,100,
11:10:28,68.19,800,
11:10:35,68.20,3200,
11:10:35,68.20,200,
11:10:35,68.20,500,
11:10:35,68.20,500,
11:10:35,68.20,870,
11:10:41,68.21,900,
11:10:41,68.21,500,
11:10:41,68.21,500,
11:10:41,68.21,600,
11:10:41,68.21,500,
11:10:41,68.21,500,
11:10:42,68.21,800,
11:10:42,68.21,300,
11:10:42,68.21,200,
11:10:42,68.21,400,
11:10:42,68.21,800,
11:10:42,68.21,200,
11:10:42,68.21,600,
11:10:42,68.21,100,
11:10:42,68.21,1000,
11:10:43,68.21,555,
11:10:43,68.21,200,
11:10:43,68.21,400,
11:10:43,68.21,300,
11:10:43,68.21,200,
11:10:43,68.21,200,
11:10:43,68.21,800,
11:10:43,68.21,600,
11:10:43,68.21,100,
11:10:43,68.21,400,
11:10:43,68.21,1000,
11:10:43,68.21,200,
11:10:43,68.21,200,
11:10:43,68.21,200,
11:10:44,68.21,300,
11:10:44,68.21,300,
11:10:44,68.21,300,
11:10:44,68.21,1000,
11:10:50,68.21,700,
11:11:04,68.21,400,
11:11:04,68.22,207,
11:11:04,68.22,600,
11:11:04,68.22,500,
11:11:04,68.22,500,
11:11:04,68.22,500,
11:11:04,68.22,284,
11:11:04,68.22,900,
11:11:04,68.22,100,
11:11:13,68.2118,500,
11:11:14,68.22,800,
11:11:15,68.22,200,
11:11:15,68.22,600,
11:11:15,68.22,100,
11:11:15,68.22,800,
11:11:15,68.22,200,
11:11:19,68.22,2680,
11:11:19,68.22,100,
11:11:23,68.21,100,
11:11:23,68.21,100,
11:11:23,68.21,100,
11:11:23,68.21,100,
11:11:23,68.21,100,
11:11:23,68.21,100,
11:11:23,68.21,100,
11:11:23,68.21,723,
11:11:23,68.21,300,
11:11:23,68.21,323,
11:11:23,68.21,423,
11:11:23,68.21,100,
11:11:23,68.21,900,
11:11:23,68.21,500,
11:11:23,68.21,200,
11:11:29,68.2083,310,
11:11:30,68.21,200,
11:11:30,68.21,400,
11:11:31,68.20,100,
11:11:31,68.20,164,
11:11:31,68.20,3000,
11:11:31,68.20,300,
11:11:31,68.20,200,
11:11:31,68.20,400,
11:11:31,68.20,100,
11:11:31,68.20,900,
11:11:31,68.20,900,
11:11:31,68.20,500,
11:11:31,68.20,500,
11:11:31,68.19,100,
11:11:31,68.20,200,
11:11:32,68.19,300,
11:11:32,68.19,100,
11:11:32,68.19,100,
11:11:32,68.19,100,
11:11:33,68.19,100,
11:11:33,68.19,100,
11:11:33,68.19,100,
11:11:33,68.19,200,
11:11:34,68.19,100,
11:11:35,68.19,200,
11:11:35,68.19,313,
11:11:35,68.19,500,
11:11:35,68.19,500,
11:11:35,68.19,600,
11:11:36,68.19,370,
11:11:36,68.19,200,
11:11:36,68.19,100,
11:11:36,68.19,500,
11:11:36,68.19,200,
11:11:36,68.19,200,
11:11:37,68.19,100,
11:11:37,68.19,100,
11:11:37,68.19,100,
11:11:37,68.19,100,
11:11:38,68.20,100,
11:11:38,68.19,100,
11:11:39,68.1908,268,
11:11:49,68.1901,100,
11:11:49,68.20,100,
11:11:49,68.20,500,
11:11:49,68.20,500,
11:11:49,68.20,500,
11:11:49,68.21,800,
11:11:49,68.21,600,
11:11:53,68.21,380,
11:11:53,68.21,2600,
11:11:59,68.2017,1500,
11:12:09,68.20,500,
11:12:11,68.20,2500,
11:12:12,68.20,100,
11:12:29,68.20,135,
11:12:29,68.20,200,
11:12:29,68.20,100,
11:12:29,68.20,100,
11:12:29,68.20,400,
11:12:32,68.21,817,
11:12:32,68.21,900,
11:12:32,68.21,500,
11:12:32,68.21,500,
11:12:32,68.21,517,
11:12:40,68.219,200,
11:12:41,68.22,100,
11:12:48,68.22,500,
11:12:48,68.22,900,
11:12:48,68.22,500,
11:12:49,68.22,2100,
11:12:49,68.22,100,
11:12:49,68.22,200,
11:12:49,68.22,200,
11:12:49,68.22,500,
11:12:49,68.22,700,
11:12:49,68.22,500,
11:12:49,68.22,800,
11:12:49,68.22,800,
11:12:49,68.22,800,
11:12:49,68.22,1000,
11:12:52,68.22,1000,
11:12:56,68.22,1000,
11:12:56,68.22,1300,
11:12:56,68.22,300,
11:12:56,68.22,800,
11:12:56,68.22,700,
11:12:56,68.22,700,
11:12:56,68.22,100,
11:12:56,68.22,200,
11:12:56,68.22,500,
11:12:56,68.22,400,
11:12:56,68.22,300,
11:12:56,68.22,700,
11:12:56,68.22,100,
11:12:56,68.22,200,
11:12:56,68.22,2000,
11:12:57,68.22,400,
11:12:59,68.22,200,
11:12:59,68.22,500,
11:13:00,68.22,400,
11:13:00,68.22,200,
11:13:02,68.22,100,
11:13:06,68.21,200,
11:13:06,68.21,200,
11:13:06,68.21,200,
11:13:06,68.21,1200,
11:13:06,68.21,600,
11:13:06,68.21,900,
11:13:06,68.21,500,
11:13:06,68.21,500,
11:13:06,68.21,100,
11:13:06,68.21,100,
11:13:06,68.21,200,
11:13:08,68.20,100,
11:13:13,68.201,250,
11:13:18,68.21,100,
11:13:39,68.205,100,
11:13:59,68.20,500,
11:13:59,68.20,500,
11:13:59,68.20,500,
11:13:59,68.20,500,
11:13:59,68.20,370,
11:13:59,68.20,200,
11:13:59,68.20,200,
11:13:59,68.20,180,
11:13:59,68.20,100,
11:13:59,68.20,180,
11:13:59,68.20,2380,
11:14:03,68.20,200,
11:14:09,68.2001,1400,
11:14:16,68.2083,582,
11:14:44,68.21,100,
11:14:48,68.21,900,
11:14:48,68.21,500,
11:14:48,68.21,500,
11:14:48,68.21,300,
11:14:52,68.20,800,
11:14:52,68.20,100,
11:14:55,68.201,400,
11:14:55,68.20,100,
11:14:55,68.20,200,
11:14:56,68.20,100,
11:14:56,68.20,100,
11:15:04,68.20,100,
11:15:04,68.20,100,
11:15:06,68.20,350,
11:15:06,68.20,900,
11:15:06,68.20,500,
11:15:06,68.20,290,
11:15:07,68.20,610,
11:15:14,68.20,200,
11:15:14,68.20,200,
11:15:14,68.20,200,
11:15:30,68.20,320,
11:15:30,68.195,200,
11:15:30,68.195,100,
11:15:32,68.19,100,
11:15:32,68.19,500,
11:15:32,68.19,500,
11:15:32,68.19,400,
11:15:32,68.19,100,
11:15:40,68.19,100,
11:15:44,68.19,800,
11:15:44,68.19,400,
11:15:44,68.19,100,
11:15:48,68.20,100,
11:15:48,68.20,400,
11:15:48,68.20,100,
11:15:48,68.20,600,
11:15:54,68.19,1000,
11:16:03,68.19,375,
11:16:03,68.19,200,
11:16:03,68.18,100,
11:16:10,68.19,200,
11:16:10,68.19,900,
11:16:10,68.19,200,
11:16:10,68.19,200,
11:16:10,68.19,100,
11:16:10,68.19,100,
11:16:10,68.19,200,
11:16:10,68.19,400,
11:16:10,68.19,200,
11:16:10,68.19,800,
11:16:10,68.19,2400,
11:16:10,68.19,200,
11:16:12,68.19,200,
11:16:12,68.19,1400,
11:16:12,68.195,200,
11:16:16,68.20,100,
11:16:16,68.20,200,
11:16:16,68.20,500,
11:16:16,68.20,500,
11:16:16,68.20,100,
11:16:36,68.20,100,
11:16:36,68.20,400,
11:16:44,68.20,385,
11:16:45,68.20,100,
11:16:45,68.20,100,
11:16:45,68.20,100,
11:16:45,68.20,800,
11:16:46,68.20,100,
11:16:46,68.20,100,
11:16:47,68.20,400,
11:17:01,68.20,100,
11:17:01,68.20,200,
11:17:01,68.20,400,
11:17:30,68.21,100,
11:17:30,68.21,100,
11:17:30,68.21,500,
11:17:30,68.21,500,
11:17:30,68.21,100,
11:17:30,68.21,100,
11:17:31,68.21,200,
11:17:31,68.21,100,
11:17:31,68.21,200,
11:17:31,68.21,400,
11:17:31,68.21,153,
11:17:31,68.21,600,
11:17:31,68.21,1200,
11:17:31,68.21,800,
11:17:31,68.21,200,
11:17:37,68.2145,200,
11:17:54,68.22,200,
11:17:54,68.22,200,
11:17:54,68.22,200,
11:17:54,68.22,500,
11:17:54,68.22,139,
11:17:54,68.22,500,
11:17:54,68.22,300,
11:17:54,68.22,150,
11:17:59,68.215,100,
11:18:24,68.22,300,
11:18:27,68.2292,1000,
11:18:29,68.23,3200,
11:18:29,68.225,200,
11:18:29,68.22,200,
11:18:30,68.22,100,
11:18:35,68.22,105,
11:18:35,68.22,400,
11:18:37,68.22,400,
11:18:38,68.23,200,
11:18:47,68.22,1800,
11:18:47,68.22,170,
11:18:59,68.2101,1800,
11:19:00,68.22,100,
11:19:00,68.22,200,
11:19:00,68.22,200,
11:19:00,68.22,400,
11:19:00,68.22,300,
11:19:00,68.22,400,
11:19:07,68.22,500,
11:19:08,68.23,400,
11:19:09,68.23,100,
11:19:09,68.23,200,
11:19:09,68.23,500,
11:19:09,68.23,500,
11:19:09,68.23,500,
11:19:09,68.23,134,
11:19:09,68.23,200,
11:19:09,68.23,283,
11:19:09,68.23,300,
11:19:09,68.22,700,
11:19:18,68.2201,400,
11:19:30,68.23,200,
11:19:32,68.2317,543,
11:19:44,68.23,200,
11:19:54,68.23,100,
11:20:15,68.23,100,
11:20:25,68.24,500,
11:20:25,68.24,500,
11:20:25,68.24,1800,
11:20:25,68.24,1000,
11:20:26,68.24,100,
11:20:26,68.24,100,
11:20:27,68.24,600,
11:20:33,68.2487,100,
11:20:39,68.25,100,
11:20:44,68.245,100,
11:20:45,68.24,700,
11:20:45,68.24,100,
11:20:45,68.24,100,
11:20:45,68.24,200,
11:20:45,68.24,400,
11:20:45,68.24,600,
11:20:46,68.235,100,
11:20:47,68.23,100,
11:20:48,68.2301,400,
11:20:54,68.24,300,
11:20:54,68.24,900,
11:20:54,68.24,400,
11:20:54,68.24,250,
11:20:56,68.24,100,
11:21:10,68.24,800,
11:21:10,68.24,400,
11:21:13,68.24,400,
11:21:42,68.24,100,
11:21:59,68.23,100,
11:21:59,68.23,400,
11:21:59,68.23,7300,
11:21:59,68.23,200,
11:22:07,68.23,300,
11:22:09,68.23,116,
11:22:09,68.23,300,
11:22:09,68.2301,2800,
11:22:10,68.23,500,
11:22:10,68.23,1500,
11:22:10,68.23,100,
11:22:10,68.23,100,
11:22:13,68.23,100,
11:22:13,68.23,400,
11:22:15,68.2301,700,
11:22:25,68.24,100,
11:22:25,68.24,200,
11:22:36,68.23,800,
11:22:36,68.23,1600,
11:22:36,68.23,200,
11:22:36,68.23,100,
11:22:36,68.23,300,
11:22:36,68.23,500,
11:22:36,68.23,500,
11:22:36,68.23,500,
11:22:36,68.23,500,
11:22:36,68.23,300,
11:22:48,68.23,200,
11:22:48,68.23,100,
11:22:50,68.23,800,
11:22:50,68.23,400,
11:22:50,68.2201,2800,
11:22:54,68.2201,2100,
11:22:55,68.23,9300,
11:22:58,68.24,300,
11:22:58,68.24,300,
11:22:58,68.24,400,
11:22:58,68.24,200,
11:22:58,68.235,100,
11:22:58,68.24,1200,
11:22:58,68.24,500,
11:22:58,68.24,400,
11:22:58,68.24,200,
11:22:58,68.24,1000,
11:22:58,68.24,3200,
11:22:58,68.24,800,
11:22:58,68.24,600,
11:22:58,68.2399,200,
11:23:00,68.2368,177,
11:23:07,68.23,400,
11:23:07,68.23,100,
11:23:07,68.23,500,
11:23:07,68.23,100,
11:23:07,68.23,200,
11:23:11,68.23,200,
11:23:26,68.24,300,
11:23:32,68.24,400,
11:23:32,68.24,500,
11:23:34,68.24,1500,
11:23:37,68.249,110,
11:23:39,68.24,100,
11:24:15,68.2301,200,
11:24:20,68.23,500,
11:24:33,68.2301,1000,
11:24:41,68.23,200,
11:24:41,68.23,350,
11:24:41,68.23,100,
11:24:41,68.23,500,
11:24:41,68.23,200,
11:24:41,68.23,300,
11:24:41,68.23,200,
11:24:42,68.22,100,
11:24:43,68.24,19400,
11:25:00,68.23,400,
11:25:04,68.2215,400,
11:25:08,68.23,216,
11:25:14,68.22,600,
11:25:17,68.23,200,
11:25:17,68.23,100,
11:25:37,68.225,200,
11:25:41,68.23,3580,
11:25:45,68.23,346,
11:25:53,68.23,100,
11:26:07,68.2201,4900,
11:26:07,68.22,100,
11:26:07,68.22,400,
11:26:07,68.22,500,
11:26:07,68.22,500,
11:26:09,68.22,200,
11:26:26,68.22,400,
11:27:08,68.23,200,
11:27:08,68.23,200,
11:27:08,68.23,371,
11:27:08,68.23,500,
11:27:08,68.23,500,
11:27:08,68.23,800,
11:27:08,68.23,600,
11:27:17,68.24,100,
11:27:18,68.24,1700,
11:27:18,68.24,100,
11:27:18,68.24,500,
11:27:18,68.235,100,
11:27:20,68.23,1700,
11:27:20,68.23,600,
11:27:20,68.2301,1100,
11:27:20,68.23,1600,
11:27:20,68.24,200,
11:27:20,68.24,500,
11:27:20,68.235,100,
11:27:26,68.235,100,
11:27:26,68.24,800,
11:27:26,68.24,800,
11:27:27,68.24,800,
11:27:30,68.25,300,
11:27:42,68.24,100,
11:27:43,68.24,200,
11:27:43,68.24,100,
11:27:43,68.24,142,
11:27:43,68.24,400,
11:27:52,68.24,509,
11:27:52,68.24,600,
11:27:52,68.24,1271,
11:27:59,68.235,100,
11:28:00,68.23,100,
11:28:06,68.24,200,
11:28:13,68.25,100,
11:28:20,68.24,100,
11:28:20,68.24,900,
11:28:20,68.22,1800,
11:28:20,68.23,200,
11:28:20,68.23,100,
11:28:20,68.23,1400,
11:28:20,68.23,500,
11:28:20,68.23,500,
11:28:20,68.23,500,
11:28:20,68.23,200,
11:28:20,68.23,200,
11:28:20,68.22,426,
11:28:20,68.23,800,
11:28:20,68.225,200,
11:28:20,68.23,700,
11:28:21,68.22,226,
11:28:21,68.22,200,
11:28:21,68.22,262,
11:28:21,68.22,262,
11:28:21,68.22,174,
11:28:23,68.22,200,
11:28:23,68.22,900,
11:28:25,68.22,900,
11:28:30,68.23,200,
11:28:30,68.23,200,
11:28:30,68.23,500,
11:28:30,68.23,500,
11:28:34,68.2399,1300,
11:28:34,68.24,400,
11:28:34,68.2399,500,
11:28:37,68.23,200,
11:28:37,68.23,800,
11:28:37,68.23,900,
11:28:37,68.23,200,
11:28:37,68.23,100,
11:28:54,68.2399,150,
11:29:09,68.24,500,
11:29:09,68.24,500,
11:29:09,68.24,500,
11:29:09,68.24,900,
11:29:12,68.24,100,
11:29:21,68.24,900,
11:29:39,68.24,900,
11:29:48,68.24,100,
11:29:54,68.25,200,
11:29:54,68.25,174,
11:29:54,68.25,326,
11:29:54,68.25,326,
11:29:54,68.25,226,
11:29:54,68.25,126,
11:29:55,68.25,800,
11:29:57,68.25,538,
11:29:57,68.25,600,
11:29:57,68.25,900,
11:31:00,68.27,100,
11:31:09,68.26,100,
11:31:09,68.26,100,
11:31:09,68.26,100,
11:31:09,68.26,800,
11:31:18,68.26,200,
11:31:18,68.26,6200,
11:31:28,68.2501,132,
11:31:30,68.255,500,
11:31:31,68.26,100,
11:31:34,68.27,100,
11:31:34,68.27,500,
11:31:34,68.27,500,
11:31:34,68.27,500,
11:31:34,68.28,100,
11:31:34,68.28,500,
11:31:34,68.28,1000,
11:31:34,68.28,500,
11:31:34,68.28,100,
11:31:34,68.28,1100,
11:31:34,68.28,454,
11:31:34,68.28,500,
11:31:34,68.28,1908,
11:31:35,68.28,100,
11:31:35,68.29,200,
11:31:35,68.28,400,
11:31:36,68.28,800,
11:31:37,68.28,100,
11:31:40,68.28,4000,
11:31:40,68.28,800,
11:31:40,68.28,100,
11:31:41,68.29,400,
11:31:45,68.28,950,
11:31:53,68.29,100,
11:31:53,68.29,300,
11:31:53,68.29,300,
11:31:56,68.29,100,
11:31:59,68.28,100,
11:31:59,68.28,270,
11:31:59,68.28,100,
11:32:00,68.28,100,
11:32:02,68.288,347,
11:32:03,68.28,700,
11:32:07,68.28,200,
11:32:07,68.28,100,
11:32:08,68.2801,600,
11:32:08,68.2701,200,
11:32:09,68.27,100,
11:32:10,68.27,100,
11:32:11,68.27,100,
11:32:14,68.279,100,
11:32:24,68.27,100,
11:32:24,68.27,200,
11:32:24,68.27,200,
11:32:28,68.28,580,
11:32:28,68.28,800,
11:32:28,68.27,100,
11:32:28,68.27,1100,
11:32:34,68.28,100,
11:32:34,68.28,200,
11:32:35,68.28,130,
11:32:35,68.28,500,
11:32:35,68.28,500,
11:32:41,68.28,1150,
11:32:41,68.28,1000,
11:32:47,68.28,200,
11:32:47,68.28,200,
11:32:47,68.28,1000,
11:32:47,68.28,1900,
11:32:49,68.28,100,
11:32:59,68.28,1000,
11:33:01,68.28,100,
11:33:19,68.29,500,
11:33:19,68.29,300,
11:33:19,68.29,500,
11:33:19,68.29,2200,
11:33:19,68.2999,200,
11:33:22,68.29,100,
11:33:22,68.29,100,
11:33:22,68.29,100,
11:33:34,68.29,1000,
11:33:44,68.30,500,
11:33:44,68.30,500,
11:33:44,68.30,200,
11:33:44,68.301,1000,
11:33:45,68.30,100,
11:33:55,68.29,300,
11:33:56,68.30,300,
11:33:57,68.29,500,
11:33:57,68.29,1000,
11:33:57,68.29,100,
11:33:57,68.29,500,
11:33:57,68.29,500,
11:33:57,68.29,454,
11:33:57,68.29,100,
11:34:01,68.29,500,
11:34:01,68.29,1000,
11:34:01,68.295,200,
11:34:02,68.29,300,
11:34:02,68.29,600,
11:34:07,68.29,100,
11:34:08,68.29,100,
11:34:13,68.29,1000,
11:34:13,68.30,200,
11:34:15,68.295,100,
11:34:38,68.29,700,
11:34:39,68.2901,100,
11:34:48,68.30,500,
11:34:48,68.30,500,
11:34:48,68.30,500,
11:34:48,68.30,120,
11:34:48,68.30,800,
11:34:49,68.30,100,
11:34:49,68.30,200,
11:34:49,68.30,100,
11:34:49,68.30,600,
11:34:49,68.29,1000,
11:34:49,68.29,420,
11:34:49,68.29,100,
11:34:49,68.29,120,
11:34:49,68.29,100,
11:34:49,68.29,1880,
11:34:50,68.29,937,
11:35:00,68.29,600,
11:35:00,68.29,500,
11:35:17,68.29,1000,
11:35:28,68.29,200,
11:35:39,68.30,100,
11:36:00,68.30,100,
11:36:00,68.30,221,
11:36:00,68.30,200,
11:36:05,68.2999,300,
11:36:06,68.30,180,
11:36:06,68.30,500,
11:36:06,68.30,700,
11:36:06,68.30,500,
11:36:06,68.30,200,
11:36:17,68.2999,100,
11:36:22,68.30,100,
11:36:22,68.30,200,
11:36:33,68.295,200,
11:36:36,68.29,100,
11:36:36,68.29,200,
11:36:36,68.29,100,
11:36:46,68.29,100,
11:36:46,68.29,100,
11:36:46,68.29,500,
11:36:46,68.29,100,
11:36:46,68.29,100,
11:36:46,68.29,1400,
11:36:46,68.29,100,
11:36:53,68.2825,500,
11:37:00,68.29,200,
11:37:00,68.29,300,
11:37:05,68.2806,235,
11:37:10,68.28,200,
11:37:10,68.28,200,
11:37:12,68.29,200,
11:37:12,68.29,200,
11:37:12,68.29,1400,
11:37:12,68.29,900,
11:37:31,68.29,800,
11:37:31,68.29,100,
11:37:38,68.29,200,
11:37:58,68.30,100,
11:38:00,68.29,100,
11:38:01,68.30,300,
11:38:01,68.30,2100,
11:38:01,68.295,100,
11:38:01,68.30,100,
11:38:01,68.30,100,
11:38:05,68.29,200,
11:38:14,68.29,200,
11:38:20,68.2999,6100,
11:38:25,68.30,500,
11:38:26,68.30,100,
11:38:27,68.30,200,
11:38:27,68.30,100,
11:38:27,68.30,100,
11:38:31,68.30,200,
11:38:31,68.30,700,
11:38:31,68.30,200,
11:38:31,68.31,300,
11:38:31,68.31,100,
11:38:31,68.31,100,
11:38:31,68.31,1200,
11:38:31,68.31,2100,
11:38:31,68.31,295,
11:38:31,68.31,295,
11:38:31,68.31,205,
11:38:31,68.31,500,
11:38:31,68.31,200,
11:38:31,68.31,995,
11:38:31,68.31,350,
11:38:31,68.31,1500,
11:38:31,68.31,700,
11:38:31,68.30,200,
11:38:31,68.31,100,
11:38:33,68.31,200,
11:38:38,68.32,800,
11:38:38,68.32,4100,
11:38:38,68.32,500,
11:38:41,68.31,100,
11:38:41,68.31,100,
11:38:41,68.31,500,
11:38:41,68.31,200,
11:38:43,68.31,1100,
11:38:46,68.319,100,
11:38:48,68.318,100,
11:38:55,68.31,100,
11:39:00,68.3101,1000,
11:39:17,68.31,600,
11:39:17,68.31,100,
11:39:17,68.31,100,
11:39:20,68.31,200,
11:39:20,68.31,2400,
11:39:20,68.31,100,
11:39:20,68.31,1000,
11:39:20,68.31,200,
11:39:20,68.31,100,
11:39:28,68.32,500,
11:39:28,68.32,500,
11:39:28,68.32,500,
11:39:33,68.3101,500,
11:39:38,68.32,200,
11:39:39,68.33,1600,
11:39:39,68.33,500,
11:39:39,68.33,500,
11:39:39,68.33,100,
11:39:46,68.33,300,
11:39:46,68.33,200,
11:39:46,68.33,100,
11:39:46,68.33,500,
11:39:46,68.33,300,
11:39:51,68.32,500,
11:39:51,68.32,100,
11:39:51,68.32,100,
11:39:51,68.32,500,
11:39:51,68.32,500,
11:39:52,68.32,1100,
11:39:59,68.311,340,
11:40:06,68.32,2100,
11:40:06,68.32,1100,
11:40:18,68.33,245,
11:40:18,68.33,1000,
11:40:18,68.33,500,
11:40:18,68.33,500,
11:40:18,68.33,3600,
11:40:19,68.33,600,
11:40:19,68.33,500,
11:40:21,68.32,200,
11:40:26,68.33,700,
11:40:26,68.33,1000,
11:40:27,68.3301,1600,
11:40:38,68.3317,1000,
11:40:38,68.34,355,
11:40:38,68.34,400,
11:40:38,68.34,500,
11:40:38,68.34,100,
11:40:38,68.34,200,
11:40:38,68.34,145,
11:40:38,68.34,700,
11:40:38,68.34,800,
11:40:40,68.34,1000,
11:40:40,68.34,200,
11:40:40,68.34,200,
11:40:40,68.34,300,
11:40:40,68.34,2200,
11:40:40,68.34,1000,
11:40:40,68.34,150,
11:40:40,68.34,800,
11:40:45,68.34,100,
11:40:45,68.34,1000,
11:40:45,68.34,100,
11:40:45,68.34,100,
11:40:45,68.34,200,
11:40:45,68.34,100,
11:40:45,68.34,2800,
11:40:45,68.34,200,
11:40:46,68.34,200,
11:40:50,68.34,200,
11:40:51,68.34,100,
11:40:51,68.34,100,
11:40:51,68.34,300,
11:40:54,68.34,600,
11:40:54,68.34,300,
11:41:00,68.34,400,
11:41:01,68.34,100,
11:41:02,68.35,200,
11:41:02,68.35,100,
11:41:02,68.35,300,
11:41:02,68.35,1600,
11:41:02,68.35,600,
11:41:02,68.35,500,
11:41:02,68.35,500,
11:41:02,68.36,500,
11:41:02,68.36,200,
11:41:03,68.36,300,
11:41:04,68.36,800,
11:41:04,68.36,500,
11:41:05,68.3685,1000,
11:41:05,68.36,500,
11:41:05,68.36,900,
11:41:05,68.36,1400,
11:41:05,68.36,200,
11:41:05,68.35,200,
11:41:05,68.35,100,
11:41:05,68.35,300,
11:41:05,68.35,700,
11:41:05,68.3517,1000,
11:41:11,68.35,484,
11:41:11,68.35,100,
11:41:11,68.35,500,
11:41:14,68.35,600,
11:41:18,68.3423,119,
11:41:25,68.34,100,
11:41:25,68.34,500,
11:41:25,68.34,500,
11:41:25,68.34,500,
11:41:25,68.34,200,
11:41:25,68.34,200,
11:41:25,68.34,200,
11:41:28,68.34,800,
11:41:28,68.34,500,
11:41:28,68.34,200,
11:41:28,68.34,200,
11:41:28,68.34,200,
11:41:28,68.34,1000,
11:41:28,68.34,400,
11:41:38,68.34,100,
11:41:39,68.34,100,
11:41:39,68.34,1000,
11:41:39,68.34,200,
11:41:39,68.34,300,
11:41:46,68.34,600,
11:41:46,68.34,200,
11:41:46,68.34,700,
11:41:46,68.34,800,
11:41:46,68.335,100,
11:41:50,68.34,700,
11:41:56,68.34,100,
11:41:56,68.34,100,
11:41:58,68.34,1000,
11:42:13,68.33,400,
11:42:20,68.345,1200,
11:42:22,68.3483,1023,
11:42:22,68.35,100,
11:42:37,68.35,100,
11:42:38,68.35,500,
11:42:38,68.35,477,
11:42:49,68.35,200,
11:42:56,68.35,200,
11:42:56,68.35,700,
11:42:59,68.35,200,
11:43:13,68.35,900,
11:43:13,68.35,100,
11:43:13,68.35,400,
11:43:39,68.34,210,
11:43:51,68.341,200,
11:43:54,68.34,400,
11:44:36,68.34,100,
11:44:36,68.34,200,
11:44:36,68.34,500,
11:44:36,68.34,690,
11:44:39,68.34,600,
11:44:39,68.34,900,
11:44:53,68.34,100,
11:44:53,68.34,200,
11:44:53,68.34,200,
11:44:57,68.34,100,
11:44:57,68.34,100,
11:44:57,68.34,500,
11:45:01,68.35,960,
11:45:01,68.35,600,
11:45:01,68.35,600,
11:45:01,68.35,500,
11:45:01,68.35,500,
11:45:01,68.35,200,
11:45:09,68.36,500,
11:45:09,68.36,500,
11:45:09,68.36,500,
11:45:17,68.3683,300,
11:45:22,68.36,500,
11:45:28,68.3601,3000,
11:45:39,68.37,300,
11:45:44,68.3601,1100,
11:45:44,68.3601,200,
11:45:52,68.36,100,
11:45:58,68.36,100,
11:46:01,68.36,200,
11:46:01,68.36,200,
11:46:01,68.36,200,
11:46:01,68.36,1000,
11:46:01,68.36,1000,
11:46:01,68.36,136,
11:46:01,68.36,600,
11:46:03,68.36,100,
11:46:08,68.37,500,
11:46:08,68.37,500,
11:46:08,68.365,200,
11:46:25,68.36,500,
11:46:25,68.36,500,
11:46:25,68.36,2780,
11:46:25,68.36,200,
11:46:32,68.35,100,
11:46:42,68.36,900,
11:46:54,68.36,100,
11:46:54,68.36,200,
11:46:54,68.36,900,
11:46:54,68.36,1000,
11:46:54,68.36,1200,
11:47:18,68.35,500,
11:47:18,68.35,100,
11:47:18,68.35,500,
11:47:18,68.35,428,
11:47:22,68.355,2233,
11:47:38,68.35,400,
11:47:48,68.359,100,
11:48:01,68.36,100,
11:48:01,68.36,200,
11:48:01,68.36,200,
11:48:01,68.36,200,
11:48:01,68.36,500,
11:48:01,68.36,200,
11:48:02,68.37,1400,
11:48:10,68.37,500,
11:48:10,68.37,500,
11:48:10,68.37,500,
11:48:10,68.37,160,
11:48:10,68.37,500,
11:48:17,68.37,200,
11:48:20,68.375,100,
11:48:20,68.3791,454,
11:48:25,68.37,900,
11:48:39,68.37,100,
11:48:57,68.36,100,
11:48:57,68.36,100,
11:48:57,68.36,2080,
11:48:57,68.36,500,
11:48:57,68.36,500,
11:48:57,68.36,600,
11:49:08,68.36,800,
11:49:11,68.36,700,
11:49:11,68.36,100,
11:49:17,68.352,690,
11:49:17,68.3515,200,
11:49:21,68.36,180,
11:49:21,68.36,200,
11:49:21,68.36,500,
11:49:21,68.36,1900,
11:49:35,68.365,100,
11:50:02,68.37,300,
11:50:03,68.37,600,
11:50:03,68.37,500,
11:50:03,68.37,300,
11:50:11,68.37,2080,
11:50:11,68.37,600,
11:50:11,68.37,400,
11:50:11,68.37,600,
11:50:21,68.37,780,
11:50:21,68.37,900,
11:50:31,68.38,100,
11:50:39,68.37,100,
11:50:39,68.37,100,
11:50:39,68.37,100,
11:50:39,68.37,600,
11:50:39,68.37,400,
11:50:39,68.37,600,
11:50:39,68.37,100,
11:50:45,68.3683,1000,
11:50:52,68.37,200,
11:50:52,68.365,100,
11:50:52,68.3699,500,
11:50:52,68.37,300,
11:50:52,68.37,100,
11:50:52,68.37,100,
11:50:54,68.37,400,
11:50:54,68.37,200,
11:51:21,68.37,200,
11:51:21,68.37,200,
11:51:27,68.37,7000,
11:51:29,68.37,100,
11:51:29,68.37,800,
11:51:33,68.37,800,
11:51:35,68.3715,400,
11:51:47,68.3792,700,
11:51:48,68.37,900,
11:51:53,68.36,472,
11:51:53,68.36,500,
11:51:54,68.35,100,
11:51:54,68.35,100,
11:52:01,68.35,500,
11:52:01,68.35,100,
11:52:01,68.35,500,
11:52:01,68.35,500,
11:52:01,68.35,500,
11:52:06,68.35,1000,
11:52:06,68.35,200,
11:52:12,68.35,900,
11:52:12,68.35,380,
11:52:24,68.36,700,
11:52:24,68.36,600,
11:52:24,68.36,900,
11:52:24,68.35,300,
11:52:27,68.36,238,
11:52:27,68.36,400,
11:52:27,68.36,200,
11:52:27,68.36,700,
11:52:27,68.36,320,
11:52:33,68.35,100,
11:52:33,68.36,100,
11:52:34,68.36,175,
11:52:40,68.35,150,
11:52:40,68.35,100,
11:52:40,68.35,100,
11:53:04,68.34,800,
11:53:15,68.35,600,
11:53:15,68.3562,735,
11:53:18,68.355,100,
11:53:39,68.35,200,
11:53:51,68.3535,450,
11:53:57,68.359,310,
11:53:57,68.35,100,
11:53:57,68.35,100,
11:53:57,68.35,100,
11:53:58,68.35,100,
11:54:03,68.349,235,
11:54:05,68.349,600,
11:54:09,68.35,500,
11:54:16,68.349,200,
11:54:16,68.349,200,
11:54:52,68.3492,1000,
11:54:59,68.35,100,
11:55:03,68.35,900,
11:55:09,68.355,100,
11:55:24,68.36,1880,
11:55:24,68.36,500,
11:55:24,68.36,500,
11:55:32,68.36,100,
11:55:32,68.36,100,
11:55:32,68.36,900,
11:55:51,68.3548,125,
11:56:05,68.35,500,
11:56:05,68.35,500,
11:56:05,68.35,900,
11:56:05,68.35,100,
11:56:16,68.3499,1500,
11:56:24,68.35,800,
11:56:24,68.35,1491,
11:56:33,68.35,100,
11:56:43,68.341,100,
11:57:00,68.35,100,
11:57:12,68.34,500,
11:57:12,68.34,500,
11:57:12,68.34,100,
11:57:12,68.34,100,
11:57:12,68.34,100,
11:57:12,68.33,400,
11:57:12,68.33,1400,
11:57:40,68.3391,155,
11:57:55,68.34,600,
11:57:55,68.34,900,
11:57:55,68.34,300,
11:57:56,68.34,1600,
11:57:57,68.34,100,
11:57:57,68.34,900,
11:58:19,68.33,300,
11:58:19,68.33,100,
11:58:19,68.33,500,
11:58:19,68.33,500,
11:58:19,68.33,400,
11:58:20,68.33,200,
11:58:20,68.33,600,
11:58:20,68.33,200,
11:58:37,68.331,900,
11:58:39,68.33,100,
11:58:41,68.33,500,
11:58:49,68.32,612,
11:58:49,68.32,400,
11:59:05,68.32,100,
11:59:20,68.33,100,
11:59:23,68.32,200,
11:59:23,68.32,500,
11:59:23,68.32,500,
11:59:23,68.32,4488,
11:59:23,68.32,100,
11:59:23,68.32,300,
11:59:23,68.32,500,
11:59:23,68.32,300,
11:59:23,68.31,6100,
11:59:26,68.31,100,
11:59:29,68.31,200,
11:59:34,68.3146,300,
11:59:42,68.31,100,
11:59:54,68.32,130,
11:59:54,68.32,300,
11:59:57,68.32,200,
11:59:59,68.32,700,
11:59:59,68.32,300,
12:00:16,68.33,100,
12:00:18,68.33,100,
12:00:18,68.33,600,
12:00:18,68.33,199,
12:00:18,68.33,700,
12:00:18,68.33,1000,
12:00:18,68.33,500,
12:00:18,68.33,2400,
12:00:18,68.33,700,
12:00:18,68.33,100,
12:00:18,68.33,200,
12:00:18,68.33,600,
12:00:18,68.33,1600,
12:00:18,68.33,200,
12:00:18,68.33,700,
12:00:18,68.33,500,
12:00:18,68.33,3200,
12:00:18,68.33,200,
12:00:18,68.33,3800,
12:00:19,68.33,100,
12:00:19,68.33,100,
12:00:19,68.33,200,
12:00:19,68.33,200,
12:00:19,68.33,300,
12:00:19,68.33,500,
12:00:19,68.33,300,
12:00:20,68.33,100,
12:00:28,68.33,100,
12:00:28,68.33,900,
12:00:44,68.33,100,
12:01:08,68.33,900,
12:01:08,68.33,5100,
12:01:41,68.3308,100,
12:02:07,68.34,100,
12:02:32,68.34,100,
12:02:35,68.339,600,
12:02:37,68.339,100,
12:03:06,68.3309,100,
12:03:22,68.3315,667,
12:03:58,68.33,100,
12:04:00,68.33,300,
12:04:27,68.335,100,
12:04:55,68.34,100,
12:04:55,68.34,800,
12:04:55,68.34,500,
12:04:55,68.34,100,
12:04:55,68.34,500,
12:04:55,68.34,200,
12:04:58,68.34,300,
12:05:04,68.332,100,
12:05:05,68.34,200,
12:05:05,68.34,700,
12:05:05,68.34,312,
12:05:05,68.34,200,
12:05:05,68.34,400,
12:05:07,68.3309,475,
12:05:22,68.335,100,
12:05:24,68.33,500,
12:05:24,68.33,100,
12:05:24,68.33,900,
12:05:24,68.33,100,
12:05:24,68.33,100,
12:05:24,68.33,500,
12:05:28,68.3225,200,
12:05:52,68.3292,650,
12:05:53,68.32,216,
12:05:53,68.32,284,
12:06:18,68.33,100,
12:06:48,68.32,200,
12:07:21,68.32,800,
12:07:21,68.32,100,
12:07:21,68.32,100,
12:07:21,68.32,500,
12:07:21,68.32,600,
12:07:21,68.32,1308,
12:07:21,68.32,1892,
12:07:24,68.32,311,
12:07:29,68.31,600,
12:07:29,68.31,800,
12:07:31,68.319,100,
12:07:32,68.31,500,
12:07:32,68.30,500,
12:07:33,68.31,300,
12:07:33,68.31,200,
12:07:35,68.31,300,
12:07:39,68.309,100,
12:07:44,68.30,2000,
12:07:44,68.30,1700,
12:07:45,68.30,200,
12:07:49,68.309,300,
12:07:55,68.31,800,
12:07:55,68.31,800,
12:07:55,68.31,900,
12:07:55,68.31,1280,
12:07:55,68.31,700,
12:07:55,68.31,1400,
12:07:57,68.31,900,
12:07:57,68.31,1100,
12:08:10,68.315,100,
12:09:01,68.31,1080,
12:09:01,68.31,100,
12:09:01,68.31,100,
12:09:26,68.318,384,
12:09:26,68.315,100,
12:09:26,68.32,500,
12:09:26,68.32,700,
12:09:26,68.32,200,
12:09:26,68.32,600,
12:09:26,68.32,200,
12:09:33,68.33,100,
12:09:48,68.32,100,
12:09:48,68.32,2900,
12:09:48,68.32,16300,
12:09:48,68.32,700,
12:09:48,68.32,100,
12:10:09,68.325,290,
12:10:24,68.3201,400,
12:10:38,68.322,917,
12:10:52,68.325,100,
12:11:35,68.321,400,
12:11:36,68.33,300,
12:11:36,68.33,500,
12:11:36,68.33,500,
12:11:36,68.33,900,
12:11:42,68.33,2300,
12:11:42,68.33,600,
12:11:42,68.33,100,
12:11:42,68.33,120,
12:12:06,68.329,100,
12:12:32,68.33,136,
12:12:34,68.335,100,
12:12:39,68.3385,595,
12:12:45,68.33,100,
12:12:48,68.34,100,
12:12:53,68.33,400,
12:13:14,68.34,380,
12:13:14,68.34,200,
12:13:14,68.34,500,
12:13:14,68.34,500,
12:13:14,68.34,200,
12:13:14,68.34,800,
12:13:26,68.34,100,
12:13:42,68.34,150,
12:13:49,68.35,100,
12:14:12,68.34,100,
12:14:12,68.34,100,
12:14:12,68.34,100,
12:14:12,68.34,100,
12:14:12,68.34,436,
12:14:26,68.34,680,
12:14:26,68.34,200,
12:14:26,68.34,200,
12:14:26,68.34,900,
12:14:27,68.33,200,
12:14:34,68.33,100,
12:14:34,68.33,500,
12:14:37,68.32,100,
12:14:57,68.33,100,
12:15:08,68.33,100,
12:15:13,68.32,700,
12:15:17,68.32,500,
12:15:17,68.32,500,
12:15:48,68.32,500,
12:16:02,68.33,100,
12:16:05,68.32,900,
12:16:50,68.325,220,
12:17:26,68.32,1135,
12:17:26,68.32,100,
12:17:32,68.31,500,
12:17:32,68.31,100,
12:17:33,68.3185,1500,
12:17:46,68.3116,200,
12:17:59,68.31,200,
12:18:13,68.32,400,
12:18:13,68.32,200,
12:18:23,68.32,100,
12:18:23,68.32,200,
12:18:23,68.32,700,
12:18:23,68.32,100,
12:18:44,68.31,1200,
12:19:06,68.3101,300,
12:19:17,68.3199,200,
12:19:29,68.32,200,
12:19:46,68.32,100,
12:19:53,68.32,300,
12:20:18,68.32,500,
12:20:46,68.32,1000,
12:20:46,68.32,100,
12:20:46,68.32,600,
12:20:46,68.32,100,
12:20:47,68.318,500,
12:20:52,68.31,200,
12:20:52,68.31,500,
12:20:52,68.31,300,
12:20:54,68.31,700,
12:21:30,68.31,5800,
12:21:32,68.32,700,
12:21:32,68.32,500,
12:21:32,68.32,230,
12:21:38,68.33,100,
12:22:06,68.33,100,
12:22:32,68.33,736,
12:22:32,68.33,464,
12:22:32,68.33,500,
12:22:32,68.33,500,
12:22:32,68.33,200,
12:22:34,68.34,100,
12:22:36,68.33,100,
12:22:36,68.33,900,
12:22:45,68.33,1000,
12:22:53,68.33,100,
12:22:53,68.33,700,
12:22:53,68.33,200,
12:23:57,68.335,100,
12:24:53,68.335,100,
12:25:21,68.335,100,
12:26:05,68.3354,100,
12:26:36,68.34,100,
12:26:45,68.34,100,
12:27:40,68.339,100,
12:27:51,68.34,300,
12:27:57,68.3399,100,
12:28:31,68.34,500,
12:28:36,68.35,100,
