09:30:00,66.62,100,
09:30:00,66.63,1685,
09:30:00,66.63,4100,
09:30:00,66.63,200,
09:30:01,66.62,200,
09:30:01,66.62,100,
09:30:01,66.62,100,
09:30:01,66.62,200,
09:30:01,66.62,300,
09:30:01,66.63,500,
09:30:01,66.63,523,
09:30:01,66.63,754,
09:30:02,66.63,9000,
09:30:02,66.63,2464,
09:30:02,66.63,3125,
09:30:02,66.63,1000,
09:30:02,66.63,100,
09:30:02,66.63,180,
09:30:02,66.63,100,
09:30:02,66.63,150,
09:30:02,66.63,500,
09:30:02,66.63,1600,
09:30:02,66.63,300,
09:30:02,66.63,307,
09:30:02,66.63,140,
09:30:02,66.63,136,
09:30:02,66.63,300,
09:30:02,66.63,450,
09:30:02,66.63,100,
09:30:02,66.63,450,
09:30:02,66.63,103,
09:30:02,66.63,300,
09:30:02,66.63,125,
09:30:02,66.63,2253,
09:30:02,66.63,390,
09:30:02,66.63,750,
09:30:02,66.63,300,
09:30:02,66.63,675,
09:30:02,66.63,750,
09:30:02,66.63,345,
09:30:02,66.63,180,
09:30:02,66.63,700,
09:30:02,66.63,400,
09:30:02,66.63,599,
09:30:02,66.63,400,
09:30:02,66.63,100,
09:30:02,66.63,114,
09:30:02,66.63,160,
09:30:02,66.63,330,
09:30:02,66.63,125,
09:30:02,66.63,1850,
09:30:02,66.63,100,
09:30:02,66.63,2000,
09:30:02,66.63,400,
09:30:02,66.63,300,
09:30:02,66.63,400,
09:30:02,66.63,300,
09:30:02,66.63,300,
09:30:02,66.63,400,
09:30:02,66.63,400,
09:30:02,66.63,128,
09:30:02,66.63,136,
09:30:02,66.63,500,
09:30:02,66.63,500,
09:30:02,66.63,300,
09:30:02,66.63,200,
09:30:02,66.63,400,
09:30:02,66.63,400,
09:30:02,66.63,300,
09:30:02,66.63,400,
09:30:02,66.63,500,
09:30:02,66.63,300,
09:30:02,66.63,400,
09:30:02,66.63,400,
09:30:02,66.63,400,
09:30:02,66.63,400,
09:30:02,66.63,200,
09:30:02,66.63,400,
09:30:02,66.63,700,
09:30:02,66.63,100,
09:30:02,66.63,500,
09:30:02,66.63,400,
09:30:02,66.63,400,
09:30:02,66.63,500,
09:30:02,66.63,1000,
09:30:02,66.63,400,
09:30:02,66.63,400,
09:30:02,66.63,600,
09:30:02,66.63,700,
09:30:02,66.63,900,
09:30:02,66.63,600,
09:30:02,66.63,400,
09:30:02,66.63,150,
09:30:02,66.63,157,
09:30:02,66.63,100,
09:30:02,66.63,100,
09:30:02,66.63,315,
09:30:02,66.63,750,
09:30:02,66.63,100,
09:30:02,66.63,180,
09:30:02,66.63,199,
09:30:02,66.63,1000,
09:30:02,66.63,120,
09:30:02,66.63,100,
09:30:02,66.63,150,
09:30:02,66.63,2000,
09:30:02,66.63,150,
09:30:02,66.63,1200,
09:30:02,66.63,100,
09:30:02,66.63,250,
09:30:02,66.63,360,
09:30:02,66.63,450,
09:30:02,66.63,300,
09:30:02,66.63,451,
09:30:02,66.63,292,
09:30:02,66.63,235,
09:30:02,66.63,150,
09:30:02,66.63,100,
09:30:02,66.63,500,
09:30:02,66.63,100,
09:30:02,66.63,6174,
09:30:02,66.63,1171,
09:30:02,66.63,450,
09:30:02,66.63,750,
09:30:02,66.63,100,
09:30:02,66.63,2000,
09:30:02,66.63,100,
09:30:02,66.63,240,
09:30:02,66.63,150,
09:30:02,66.63,500,
09:30:02,66.63,35000,
09:30:02,66.63,100,
09:30:02,66.63,1600,
09:30:02,66.63,100,
09:30:02,66.63,100,
09:30:02,66.63,225,
09:30:02,66.63,105,
09:30:02,66.63,350,
09:30:02,66.63,315,
09:30:02,66.63,100,
09:30:02,66.63,500,
09:30:02,66.63,1000,
09:30:02,66.63,200,
09:30:02,66.63,1000,
09:30:02,66.63,120,
09:30:02,66.63,1500,
09:30:02,66.63,15000,
09:30:02,66.63,22350,
09:30:02,66.63,550,
09:30:02,66.63,559,
09:30:02,66.63,150,
09:30:02,66.63,1000,
09:30:02,66.63,240,
09:30:02,66.63,2000,
09:30:02,66.63,3000,
09:30:02,66.63,300,
09:30:02,66.63,500,
09:30:02,66.63,300,
09:30:02,66.63,150,
09:30:02,66.63,1000,
09:30:02,66.63,200,
09:30:02,66.63,167,
09:30:02,66.63,130,
09:30:02,66.63,177,
09:30:02,66.63,150,
09:30:02,66.63,150,
09:30:02,66.63,600,
09:30:02,66.63,500,
09:30:02,66.63,300,
09:30:02,66.63,455,
09:30:02,66.63,1300,
09:30:02,66.63,151,
09:30:02,66.63,1000,
09:30:02,66.63,400,
09:30:02,66.63,105,
09:30:02,66.63,1695,
09:30:03,66.62,300,
09:30:03,66.62,400,
09:30:03,66.62,100,
09:30:03,66.62,400,
09:30:03,66.62,800,
09:30:03,66.62,3300,
09:30:03,66.62,200,
09:30:03,66.62,100,
09:30:03,66.62,260,
09:30:03,66.62,180,
09:30:03,66.62,2000,
09:30:03,66.62,300,
09:30:03,66.62,2000,
09:30:03,66.62,560,
09:30:03,66.62,400,
09:30:03,66.62,200,
09:30:03,66.62,200,
09:30:03,66.62,100,
09:30:03,66.62,200,
09:30:03,66.62,300,
09:30:03,66.62,2410,
09:30:03,66.62,100,
09:30:03,66.62,200,
09:30:03,66.62,1054,
09:30:03,66.62,300,
09:30:03,66.62,800,
09:30:03,66.62,300,
09:30:03,66.62,1300,
09:30:03,66.62,400,
09:30:03,66.62,400,
09:30:03,66.62,400,
09:30:03,66.62,100,
09:30:03,66.62,100,
09:30:03,66.62,200,
09:30:03,66.62,900,
09:30:03,66.62,100,
09:30:03,66.62,100,
09:30:03,66.62,200,
09:30:03,66.62,815,
09:30:03,66.62,100,
09:30:03,66.62,200,
09:30:03,66.62,100,
09:30:04,66.62,300,
09:30:04,66.62,1000,
09:30:04,66.62,1300,
09:30:04,66.62,200,
09:30:04,66.62,200,
09:30:05,66.62,815,
09:30:05,66.62,1500,
09:30:05,66.62,385,
09:30:05,66.62,200,
09:30:05,66.62,185,
09:30:05,66.62,815,
09:30:05,66.62,200,
09:30:05,66.62,100,
09:30:05,66.62,1000,
09:30:05,66.62,1000,
09:30:05,66.62,2000,
09:30:05,66.62,1230,
09:30:05,66.62,100,
09:30:05,66.63,300,
09:30:07,66.62,500,
09:30:07,66.61,400,
09:30:07,66.61,300,
09:30:07,66.61,300,
09:30:07,66.61,300,
09:30:07,66.61,600,
09:30:08,66.61,100,
09:30:08,66.61,100,
09:30:09,66.60,349,
09:30:10,66.60,3700,
09:30:10,66.60,600,
09:30:10,66.60,101,
09:30:10,66.59,100,
09:30:10,66.59,300,
09:30:10,66.59,300,
09:30:10,66.59,300,
09:30:10,66.59,200,
09:30:10,66.60,1000,
09:30:10,66.60,100,
09:30:11,66.60,700,
09:30:11,66.60,100,
09:30:11,66.60,100,
09:30:11,66.62,100,
09:30:11,66.60,100,
09:30:11,66.60,101,
09:30:11,66.60,300,
09:30:11,66.60,100,
09:30:12,66.61,719,
09:30:13,66.60,100,
09:30:13,66.60,400,
09:30:13,66.60,400,
09:30:13,66.60,300,
09:30:13,66.60,300,
09:30:13,66.60,100,
09:30:14,66.60,500,
09:30:14,66.59,200,
09:30:14,66.59,300,
09:30:14,66.59,200,
09:30:15,66.58,300,
09:30:15,66.59,200,
09:30:15,66.59,1000,
09:30:15,66.59,300,
09:30:15,66.58,100,
09:30:16,66.59,100,
09:30:16,66.58,3000,
09:30:16,66.58,300,
09:30:16,66.58,300,
09:30:16,66.58,300,
09:30:16,66.58,235,
09:30:16,66.58,365,
09:30:18,66.59,500,
09:30:19,66.58,2000,
09:30:19,66.58,1000,
09:30:19,66.58,300,
09:30:19,66.58,300,
09:30:19,66.58,100,
09:30:19,66.58,659,
09:30:19,66.58,841,
09:30:22,66.58,100,
09:30:22,66.57,1380,
09:30:22,66.57,3000,
09:30:22,66.58,300,
09:30:22,66.58,100,
09:30:22,66.58,100,
09:30:23,66.59,300,
09:30:23,66.6179,300,
09:30:23,66.6179,400,
09:30:25,66.58,200,
09:30:25,66.58,1066,
09:30:25,66.58,1000,
09:30:25,66.58,1000,
09:30:27,66.59,4282,
09:30:27,66.59,718,
09:30:27,66.59,300,
09:30:27,66.60,100,
09:30:27,66.60,100,
09:30:27,66.60,500,
09:30:28,66.59,3150,
09:30:30,66.60,1000,
09:30:31,66.59,100,
09:30:31,66.59,300,
09:30:31,66.59,700,
09:30:31,66.58,300,
09:30:31,66.58,300,
09:30:31,66.59,165,
09:30:31,66.59,200,
09:30:31,66.59,115,
09:30:31,66.59,100,
09:30:31,66.59,320,
09:30:31,66.59,935,
09:30:32,66.585,4897,
09:30:32,66.585,1500,
09:30:32,66.585,2400,
09:30:33,66.58,100,
09:30:33,66.58,399,
09:30:33,66.59,400,
09:30:34,66.58,200,
09:30:34,66.58,400,
09:30:34,66.58,300,
09:30:34,66.58,100,
09:30:34,66.58,200,
09:30:35,66.585,100,
09:30:35,66.585,4000,
09:30:35,66.585,1000,
09:30:36,66.58,100,
09:30:36,66.589,100,
09:30:37,66.58,800,
09:30:39,66.58,100,
09:30:39,66.58,100,
09:30:41,66.58,100,
09:30:43,66.5801,200,
09:30:44,66.57,200,
09:30:44,66.57,300,
09:30:44,66.57,300,
09:30:44,66.57,100,
09:30:44,66.57,100,
09:30:44,66.57,100,
09:30:44,66.57,100,
09:30:44,66.57,100,
09:30:44,66.57,2000,
09:30:45,66.57,100,
09:30:46,66.56,3000,
09:30:49,66.56,3100,
09:30:49,66.56,4000,
09:30:49,66.56,100,
09:30:49,66.56,100,
09:30:49,66.56,2400,
09:30:49,66.56,800,
09:30:49,66.56,100,
09:30:53,66.54,544,
09:30:53,66.54,800,
09:30:53,66.54,400,
09:30:54,66.54,220,
09:30:54,66.55,800,
09:30:54,66.55,200,
09:30:54,66.55,205,
09:30:54,66.55,500,
09:30:54,66.55,100,
09:30:54,66.55,300,
09:30:54,66.55,2000,
09:30:54,66.55,300,
09:30:54,66.55,100,
09:30:54,66.55,300,
09:30:54,66.55,1000,
09:30:54,66.55,2000,
09:30:54,66.55,300,
09:30:54,66.55,100,
09:30:54,66.55,100,
09:30:56,66.55,2000,
09:30:56,66.55,1000,
09:30:56,66.55,600,
09:30:59,66.56,1000,
09:31:00,66.56,100,
09:31:00,66.56,100,
09:31:00,66.555,300,
09:31:00,66.555,200,
09:31:00,66.555,500,
09:31:01,66.555,100,
09:31:02,66.555,100,
09:31:06,66.56,300,
09:31:06,66.56,200,
09:31:06,66.57,100,
09:31:06,66.56,400,
09:31:06,66.56,300,
09:31:06,66.56,300,
09:31:06,66.56,100,
09:31:06,66.56,100,
09:31:06,66.56,100,
09:31:06,66.56,100,
09:31:06,66.56,100,
09:31:06,66.57,400,
09:31:06,66.57,200,
09:31:06,66.57,100,
09:31:06,66.57,100,
09:31:06,66.57,300,
09:31:06,66.57,300,
09:31:06,66.57,300,
09:31:06,66.57,300,
09:31:06,66.57,300,
09:31:09,66.58,200,
09:31:09,66.575,400,
09:31:09,66.575,400,
09:31:10,66.57,200,
09:31:12,66.57,100,
09:31:12,66.57,100,
09:31:12,66.57,200,
09:31:13,66.57,700,
09:31:13,66.57,100,
09:31:13,66.57,100,
09:31:13,66.57,100,
09:31:13,66.57,1160,
09:31:13,66.57,100,
09:31:13,66.57,1916,
09:31:13,66.57,200,
09:31:13,66.57,360,
09:31:14,66.57,200,
09:31:14,66.56,600,
09:31:14,66.56,1000,
09:31:14,66.56,100,
09:31:14,66.57,200,
09:31:14,66.56,100,
09:31:14,66.56,200,
09:31:15,66.56,800,
09:31:15,66.56,1000,
09:31:15,66.56,500,
09:31:15,66.56,800,
09:31:15,66.56,151,
09:31:15,66.56,613,
09:31:15,66.56,400,
09:31:19,66.55,100,
09:31:20,66.5614,100,
09:31:25,66.55,200,
09:31:28,66.55,276,
09:31:28,66.55,500,
09:31:28,66.55,700,
09:31:31,66.54,501,
09:31:31,66.53,695,
09:31:31,66.53,100,
09:31:33,66.53,500,
09:31:33,66.53,1000,
09:31:33,66.53,976,
09:31:33,66.53,1600,
09:31:33,66.53,100,
09:31:33,66.53,200,
09:31:33,66.5279,500,
09:31:33,66.5279,100,
09:31:33,66.5279,200,
09:31:33,66.5279,100,
09:31:33,66.5279,1600,
09:31:39,66.53,300,
09:31:43,66.53,200,
09:31:43,66.53,2000,
09:31:43,66.53,800,
09:31:43,66.53,1000,
09:31:43,66.53,200,
09:31:46,66.5221,400,
09:31:47,66.52,117,
09:31:47,66.52,117,
09:31:47,66.52,183,
09:31:48,66.51,150,
09:31:49,66.51,500,
09:31:49,66.51,100,
09:31:51,66.52,3300,
09:31:51,66.5198,300,
09:31:51,66.5199,500,
09:31:51,66.52,100,
09:31:51,66.5199,400,
09:31:51,66.5199,400,
09:31:51,66.5199,400,
09:31:51,66.5199,300,
09:31:51,66.5199,500,
09:31:51,66.52,629,
09:31:52,66.51,300,
09:31:52,66.51,400,
09:31:55,66.50,100,
09:31:56,66.50,5970,
09:31:56,66.50,185,
09:31:56,66.50,100,
09:31:56,66.50,1000,
09:31:56,66.50,300,
09:31:56,66.50,1000,
09:31:56,66.50,300,
09:31:56,66.50,500,
09:31:56,66.50,4500,
09:31:59,66.51,100,
09:31:59,66.51,100,
09:31:59,66.505,100,
09:31:59,66.51,1000,
09:31:59,66.51,278,
09:31:59,66.51,100,
09:31:59,66.51,400,
09:31:59,66.50,200,
09:31:59,66.50,100,
09:31:59,66.50,100,
09:31:59,66.50,100,
09:31:59,66.50,100,
09:31:59,66.50,100,
09:31:59,66.50,300,
09:31:59,66.50,300,
09:31:59,66.50,300,
09:31:59,66.50,200,
09:31:59,66.50,800,
09:31:59,66.50,400,
09:31:59,66.50,300,
09:31:59,66.50,300,
09:31:59,66.50,300,
09:31:59,66.50,100,
09:32:00,66.51,700,
09:32:00,66.51,200,
09:32:00,66.51,500,
09:32:00,66.51,520,
09:32:00,66.51,100,
09:32:00,66.51,200,
09:32:01,66.51,1600,
09:32:06,66.51,100,
09:32:07,66.51,800,
09:32:10,66.51,300,
09:32:10,66.51,300,
09:32:10,66.51,300,
09:32:10,66.51,300,
09:32:10,66.51,300,
09:32:10,66.51,400,
09:32:10,66.51,500,
09:32:13,66.50,100,
09:32:13,66.50,800,
09:32:13,66.50,100,
09:32:13,66.50,978,
09:32:13,66.50,100,
09:32:13,66.50,797,
09:32:13,66.50,100,
09:32:13,66.50,100,
09:32:14,66.50,100,
09:32:14,66.50,100,
09:32:14,66.50,100,
09:32:14,66.50,1000,
09:32:14,66.50,100,
09:32:14,66.50,100,
09:32:16,66.50,200,
09:32:16,66.50,100,
09:32:16,66.50,100,
09:32:16,66.50,353,
09:32:16,66.50,100,
09:32:18,66.51,800,
09:32:18,66.51,100,
09:32:18,66.51,100,
09:32:19,66.51,1100,
09:32:19,66.51,2000,
09:32:19,66.51,1000,
09:32:19,66.51,600,
09:32:19,66.51,100,
09:32:19,66.51,100,
09:32:21,66.50,200,
09:32:21,66.50,200,
09:32:21,66.50,100,
09:32:21,66.50,100,
09:32:21,66.50,500,
09:32:22,66.49,1000,
09:32:22,66.49,300,
09:32:22,66.49,300,
09:32:22,66.49,300,
09:32:22,66.49,300,
09:32:22,66.49,2600,
09:32:22,66.49,400,
09:32:22,66.49,500,
09:32:22,66.49,200,
09:32:22,66.49,300,
09:32:22,66.49,500,
09:32:22,66.49,1500,
09:32:22,66.49,800,
09:32:22,66.49,100,
09:32:23,66.49,100,
09:32:23,66.49,100,
09:32:24,66.50,500,
09:32:24,66.50,300,
09:32:24,66.50,100,
09:32:32,66.50,200,
09:32:32,66.50,100,
09:32:32,66.50,100,
09:32:33,66.49,100,
09:32:33,66.49,100,
09:32:33,66.48,500,
09:32:36,66.48,100,
09:32:36,66.48,100,
09:32:37,66.49,400,
09:32:37,66.49,700,
09:32:37,66.49,200,
09:32:38,66.49,100,
09:32:38,66.49,200,
09:32:38,66.49,100,
09:32:38,66.49,100,
09:32:39,66.48,200,
09:32:39,66.48,200,
09:32:44,66.48,100,
09:32:49,66.47,100,
09:32:49,66.47,100,
09:32:57,66.46,200,
09:33:02,66.46,100,
09:33:02,66.4679,200,
09:33:04,66.462,10000,
09:33:04,66.47,100,
09:33:06,66.48,100,
09:33:06,66.48,100,
09:33:08,66.48,100,
09:33:08,66.49,500,
09:33:08,66.49,400,
09:33:08,66.49,385,
09:33:09,66.4999,300,
09:33:11,66.50,100,
09:33:11,66.50,500,
09:33:11,66.50,100,
09:33:11,66.50,1422,
09:33:11,66.50,1100,
09:33:11,66.51,100,
09:33:11,66.51,100,
09:33:11,66.50,700,
09:33:11,66.51,822,
09:33:11,66.51,400,
09:33:12,66.51,805,
09:33:12,66.51,300,
09:33:17,66.50,100,
09:33:20,66.50,100,
09:33:20,66.50,200,
09:33:21,66.49,500,
09:33:21,66.49,100,
09:33:21,66.48,100,
09:33:21,66.48,200,
09:33:25,66.47,100,
09:33:26,66.47,100,
09:33:26,66.479,3400,
09:33:27,66.47,100,
09:33:27,66.47,100,
09:33:28,66.48,100,
09:33:28,66.48,100,
09:33:28,66.47,100,
09:33:31,66.47,100,
09:33:31,66.47,500,
09:33:31,66.47,100,
09:33:31,66.47,200,
09:33:31,66.46,200,
09:33:32,66.46,100,
09:33:33,66.45,100,
09:33:34,66.46,100,
09:33:34,66.46,100,
09:33:35,66.47,500,
09:33:35,66.47,300,
09:33:35,66.47,200,
09:33:36,66.48,210,
09:33:40,66.48,100,
09:33:42,66.49,100,
09:33:42,66.49,100,
09:33:42,66.49,100,
09:33:42,66.50,100,
09:33:42,66.50,100,
09:33:44,66.50,200,
09:33:44,66.50,100,
09:33:44,66.49,200,
09:33:49,66.50,500,
09:33:49,66.50,300,
09:33:54,66.49,100,
09:33:55,66.50,200,
09:33:55,66.50,100,
09:34:01,66.50,1800,
09:34:01,66.50,100,
09:34:01,66.50,200,
09:34:01,66.50,500,
09:34:01,66.50,400,
09:34:01,66.50,1300,
09:34:01,66.50,200,
09:34:02,66.51,200,
09:34:02,66.51,1000,
09:34:02,66.51,2665,
09:34:02,66.51,100,
09:34:02,66.51,100,
09:34:02,66.51,100,
09:34:02,66.51,400,
09:34:02,66.51,600,
09:34:02,66.51,1000,
09:34:03,66.51,100,
09:34:03,66.51,500,
09:34:06,66.52,200,
09:34:06,66.52,500,
09:34:06,66.52,400,
09:34:06,66.51,200,
09:34:06,66.5076,600,
09:34:06,66.5076,1400,
09:34:06,66.51,1000,
09:34:09,66.51,790,
09:34:09,66.51,800,
09:34:09,66.51,1000,
09:34:09,66.51,100,
09:34:09,66.51,100,
09:34:10,66.51,100,
09:34:10,66.51,200,
09:34:18,66.51,700,
09:34:18,66.51,1000,
09:34:18,66.51,2900,
09:34:19,66.51,800,
09:34:21,66.52,1000,
09:34:21,66.52,100,
09:34:22,66.5201,1300,
09:34:24,66.53,2000,
09:34:26,66.52,100,
09:34:31,66.51,100,
09:34:35,66.51,100,
09:34:35,66.51,100,
09:34:36,66.51,100,
09:34:36,66.51,500,
09:34:36,66.51,800,
09:34:36,66.51,100,
09:34:36,66.51,100,
09:34:36,66.51,1000,
09:34:39,66.50,477,
09:34:39,66.50,1000,
09:34:39,66.50,323,
09:34:40,66.50,762,
09:34:40,66.508,300,
09:34:44,66.50,700,
09:34:44,66.50,2000,
09:34:44,66.50,800,
09:34:44,66.50,500,
09:34:44,66.50,100,
09:34:44,66.50,300,
09:34:44,66.50,700,
09:34:44,66.51,100,
09:34:47,66.519,500,
09:34:47,66.51,700,
09:34:47,66.51,1300,
09:34:48,66.51,100,
09:34:48,66.51,100,
09:34:51,66.51,500,
09:34:51,66.51,100,
09:34:51,66.51,100,
09:34:55,66.52,200,
09:35:00,66.53,277,
09:35:00,66.53,223,
09:35:01,66.53,100,
09:35:01,66.53,595,
09:35:01,66.53,1000,
09:35:02,66.52,100,
09:35:02,66.525,500,
09:35:02,66.5275,300,
09:35:02,66.53,100,
09:35:03,66.52,100,
09:35:03,66.52,100,
09:35:03,66.52,400,
09:35:03,66.52,600,
09:35:08,66.51,200,
09:35:08,66.51,200,
09:35:08,66.51,100,
09:35:08,66.51,300,
09:35:09,66.51,524,
09:35:09,66.51,100,
09:35:11,66.5199,700,
09:35:12,66.52,150,
09:35:12,66.52,100,
09:35:19,66.54,400,
09:35:21,66.55,355,
09:35:22,66.55,645,
09:35:22,66.55,100,
09:35:22,66.548,100,
09:35:22,66.548,432,
09:35:24,66.55,1000,
09:35:26,66.55,250,
09:35:28,66.5501,1900,
09:35:31,66.57,100,
09:35:31,66.57,500,
09:35:31,66.57,1200,
09:35:31,66.57,600,
09:35:31,66.57,500,
09:35:33,66.58,200,
09:35:36,66.58,1100,
09:35:37,66.57,100,
09:35:38,66.5676,200,
09:35:39,66.569,100,
09:35:39,66.57,176,
09:35:41,66.5601,3000,
09:35:44,66.57,276,
09:35:44,66.57,200,
09:35:47,66.57,600,
09:35:47,66.57,100,
09:35:52,66.58,100,
09:35:52,66.58,100,
09:35:52,66.58,500,
09:35:52,66.58,100,
09:35:52,66.58,100,
09:35:52,66.57,500,
09:35:53,66.57,100,
09:35:53,66.57,100,
09:35:53,66.57,200,
09:35:53,66.57,200,
09:35:53,66.57,400,
09:35:53,66.57,800,
09:35:53,66.57,100,
09:35:53,66.57,600,
09:35:53,66.56,500,
09:35:53,66.56,400,
09:35:53,66.57,100,
09:35:53,66.56,400,
09:35:54,66.56,100,
09:35:54,66.55,196,
09:35:54,66.55,400,
09:35:54,66.55,300,
09:35:55,66.55,100,
09:35:55,66.55,200,
09:35:56,66.56,100,
09:35:56,66.56,100,
09:35:56,66.56,100,
09:35:57,66.56,100,
09:35:57,66.56,100,
09:35:57,66.56,400,
09:35:57,66.56,100,
09:35:57,66.56,1000,
09:35:57,66.56,7000,
09:35:57,66.56,200,
09:35:57,66.56,600,
09:35:57,66.56,815,
09:35:57,66.56,300,
09:35:57,66.56,800,
09:35:57,66.56,200,
09:35:57,66.56,1000,
09:35:57,66.56,800,
09:35:57,66.56,3400,
09:35:57,66.56,800,
09:35:57,66.56,1397,
09:35:57,66.56,1000,
09:35:57,66.56,500,
09:35:57,66.56,500,
09:35:57,66.56,100,
09:35:57,66.56,200,
09:35:57,66.56,200,
09:35:57,66.56,100,
09:35:57,66.56,297,
09:35:57,66.55,1000,
09:35:57,66.55,100,
09:35:57,66.55,2000,
09:35:57,66.55,200,
09:35:57,66.55,800,
09:35:57,66.55,100,
09:35:57,66.55,200,
09:35:57,66.55,800,
09:35:57,66.55,100,
09:35:57,66.55,100,
09:35:57,66.55,1000,
09:35:57,66.55,200,
09:35:57,66.55,100,
09:35:57,66.55,100,
09:35:57,66.55,200,
09:35:57,66.55,500,
09:35:57,66.55,1000,
09:35:57,66.55,100,
09:35:57,66.55,500,
09:35:57,66.55,100,
09:35:57,66.55,800,
09:35:57,66.55,200,
09:35:57,66.55,1800,
09:35:57,66.55,3700,
09:35:57,66.55,6600,
09:35:57,66.55,600,
09:35:57,66.55,500,
09:35:57,66.55,600,
09:35:57,66.55,3600,
09:35:57,66.55,500,
09:35:57,66.55,2200,
09:35:57,66.55,1000,
09:35:57,66.55,500,
09:35:57,66.55,100,
09:35:57,66.55,1000,
09:35:57,66.55,6500,
09:35:57,66.55,800,
09:35:57,66.55,400,
09:35:57,66.55,100,
09:35:57,66.55,100,
09:35:57,66.55,100,
09:35:57,66.55,200,
09:35:57,66.55,300,
09:35:57,66.55,2000,
09:35:57,66.55,400,
09:35:57,66.56,100,
09:35:57,66.55,200,
09:35:57,66.55,400,
09:35:57,66.55,2000,
09:35:57,66.55,200,
09:35:57,66.55,100,
09:35:57,66.55,100,
09:35:57,66.56,500,
09:35:57,66.55,100,
09:35:57,66.55,1600,
09:35:57,66.55,3300,
09:35:57,66.55,200,
09:35:57,66.55,300,
09:35:57,66.55,400,
09:35:57,66.55,100,
09:35:57,66.55,100,
09:35:57,66.55,800,
09:35:57,66.55,100,
09:35:57,66.55,200,
09:35:57,66.55,500,
09:35:57,66.55,865,
09:35:57,66.55,400,
09:35:57,66.55,1000,
09:35:57,66.55,353,
09:35:57,66.55,200,
09:35:57,66.55,247,
09:35:57,66.54,1000,
09:35:57,66.55,200,
09:35:57,66.54,500,
09:35:57,66.54,600,
09:35:57,66.54,400,
09:35:57,66.54,400,
09:35:57,66.54,800,
09:35:57,66.54,800,
09:35:57,66.54,900,
09:35:57,66.54,100,
09:35:57,66.54,400,
09:35:58,66.54,100,
09:35:58,66.54,100,
09:35:58,66.54,200,
09:35:58,66.54,400,
09:35:58,66.54,1000,
09:35:58,66.54,1000,
09:35:58,66.54,1100,
09:35:58,66.54,100,
09:35:58,66.54,100,
09:35:58,66.54,100,
09:35:59,66.56,200,
09:36:01,66.5493,100,
09:36:02,66.55,153,
09:36:02,66.55,300,
09:36:02,66.55,500,
09:36:03,66.55,450,
09:36:03,66.55,7000,
09:36:03,66.55,100,
09:36:03,66.55,800,
09:36:03,66.55,450,
09:36:03,66.55,800,
09:36:03,66.55,800,
09:36:03,66.55,400,
09:36:03,66.55,400,
09:36:03,66.55,600,
09:36:03,66.55,1000,
09:36:03,66.55,200,
09:36:03,66.55,200,
09:36:03,66.55,700,
09:36:03,66.55,800,
09:36:03,66.55,1000,
09:36:03,66.55,800,
09:36:05,66.55,800,
09:36:05,66.55,1000,
09:36:05,66.55,100,
09:36:05,66.55,400,
09:36:05,66.55,400,
09:36:05,66.55,600,
09:36:05,66.55,100,
09:36:05,66.55,1397,
09:36:05,66.55,4000,
09:36:05,66.55,203,
09:36:05,66.55,1000,
09:36:05,66.55,100,
09:36:05,66.54,100,
09:36:05,66.55,100,
09:36:07,66.54,1000,
09:36:07,66.54,800,
09:36:07,66.54,800,
09:36:07,66.54,100,
09:36:07,66.54,100,
09:36:07,66.54,600,
09:36:07,66.54,2000,
09:36:07,66.54,100,
09:36:07,66.54,1800,
09:36:07,66.54,1000,
09:36:07,66.54,600,
09:36:07,66.54,800,
09:36:07,66.54,2700,
09:36:07,66.54,100,
09:36:07,66.54,400,
09:36:07,66.54,800,
09:36:07,66.54,400,
09:36:07,66.54,100,
09:36:07,66.54,400,
09:36:07,66.54,500,
09:36:07,66.54,300,
09:36:07,66.54,100,
09:36:07,66.54,100,
09:36:07,66.54,100,
09:36:10,66.53,400,
09:36:10,66.53,700,
09:36:10,66.538,10000,
09:36:12,66.53,200,
09:36:12,66.53,300,
09:36:12,66.53,770,
09:36:12,66.53,1000,
09:36:12,66.53,1000,
09:36:12,66.53,200,
09:36:12,66.53,100,
09:36:12,66.53,200,
09:36:12,66.53,245,
09:36:12,66.53,700,
09:36:12,66.53,600,
09:36:14,66.5392,300,
09:36:16,66.52,100,
09:36:17,66.525,400,
09:36:19,66.52,200,
09:36:19,66.52,300,
09:36:19,66.52,200,
09:36:19,66.52,100,
09:36:19,66.52,200,
09:36:20,66.53,480,
09:36:20,66.53,125,
09:36:20,66.53,800,
09:36:20,66.53,200,
09:36:20,66.53,600,
09:36:21,66.53,200,
09:36:21,66.53,100,
09:36:22,66.52,1000,
09:36:22,66.52,100,
09:36:22,66.52,100,
09:36:22,66.525,100,
09:36:24,66.53,800,
09:36:24,66.53,1000,
09:36:24,66.53,490,
09:36:24,66.53,475,
09:36:24,66.53,100,
09:36:25,66.54,100,
09:36:25,66.54,100,
09:36:25,66.54,300,
09:36:25,66.54,700,
09:36:25,66.54,100,
09:36:25,66.54,100,
09:36:25,66.54,100,
09:36:25,66.54,400,
09:36:25,66.54,100,
09:36:25,66.54,100,
09:36:26,66.54,800,
09:36:26,66.54,200,
09:36:26,66.54,600,
09:36:31,66.55,100,
09:36:31,66.55,200,
09:36:32,66.55,450,
09:36:32,66.55,100,
09:36:32,66.55,200,
09:36:34,66.55,400,
09:36:34,66.55,200,
09:36:36,66.5529,5000,
09:36:38,66.55,100,
09:36:38,66.55,100,
09:36:39,66.54,700,
09:36:40,66.55,100,
09:36:41,66.55,700,
09:36:41,66.55,100,
09:36:42,66.55,100,
09:36:42,66.55,1000,
09:36:42,66.55,1160,
09:36:42,66.55,400,
09:36:42,66.55,400,
09:36:42,66.55,300,
09:36:42,66.55,300,
09:36:44,66.55,400,
09:36:44,66.55,1000,
09:36:44,66.55,100,
09:36:45,66.55,800,
09:36:45,66.55,800,
09:36:46,66.55,500,
09:36:47,66.54,200,
09:36:47,66.54,300,
09:36:47,66.54,100,
09:36:47,66.54,500,
09:36:50,66.54,200,
09:36:50,66.54,100,
09:36:51,66.54,2700,
09:36:52,66.53,900,
09:36:56,66.518,1000,
09:36:58,66.52,300,
09:36:58,66.52,100,
09:36:58,66.52,100,
09:36:59,66.53,400,
09:36:59,66.53,115,
09:36:59,66.53,100,
09:36:59,66.53,500,
09:36:59,66.53,100,
09:36:59,66.53,400,
09:36:59,66.53,200,
09:36:59,66.54,300,
09:36:59,66.54,400,
09:36:59,66.54,370,
09:37:02,66.55,500,
09:37:02,66.55,400,
09:37:02,66.55,300,
09:37:05,66.55,377,
09:37:06,66.55,800,
09:37:06,66.55,800,
09:37:06,66.55,400,
09:37:06,66.55,600,
09:37:06,66.55,1000,
09:37:06,66.55,500,
09:37:07,66.55,100,
09:37:08,66.54,3000,
09:37:09,66.54,300,
09:37:09,66.54,100,
09:37:15,66.54,100,
09:37:15,66.545,300,
09:37:18,66.54,100,
09:37:18,66.54,100,
09:37:18,66.54,100,
09:37:21,66.54,800,
09:37:22,66.55,300,
09:37:22,66.55,200,
09:37:22,66.55,100,
09:37:24,66.55,100,
09:37:24,66.55,100,
09:37:24,66.55,1100,
09:37:24,66.55,400,
09:37:24,66.55,600,
09:37:24,66.55,800,
09:37:24,66.55,800,
09:37:24,66.55,400,
09:37:24,66.55,200,
09:37:24,66.55,135,
09:37:25,66.55,335,
09:37:25,66.55,100,
09:37:34,66.5588,1200,
09:37:35,66.56,100,
09:37:35,66.56,200,
09:37:36,66.57,100,
09:37:38,66.57,200,
09:37:38,66.57,100,
09:37:38,66.57,100,
09:37:38,66.57,100,
09:37:38,66.57,400,
09:37:38,66.57,200,
09:37:38,66.57,200,
09:37:38,66.57,100,
09:37:38,66.57,200,
09:37:42,66.57,200,
09:37:42,66.57,200,
09:37:42,66.57,100,
09:37:44,66.57,100,
09:37:45,66.56,400,
09:37:45,66.56,100,
09:37:45,66.57,800,
09:37:45,66.57,400,
09:37:45,66.57,7000,
09:37:45,66.57,100,
09:37:45,66.57,200,
09:37:45,66.57,600,
09:37:45,66.57,2400,
09:37:45,66.57,6500,
09:37:45,66.57,1000,
09:37:45,66.57,1507,
09:37:45,66.57,815,
09:37:45,66.57,700,
09:37:45,66.57,100,
09:37:45,66.57,2000,
09:37:45,66.57,500,
09:37:45,66.57,800,
09:37:45,66.57,2000,
09:37:45,66.57,200,
09:37:45,66.57,1200,
09:37:45,66.57,400,
09:37:45,66.57,400,
09:37:45,66.57,1000,
09:37:45,66.57,800,
09:37:45,66.57,200,
09:37:46,66.57,700,
09:37:48,66.5793,200,
09:37:49,66.57,300,
09:37:49,66.57,1000,
09:37:49,66.57,300,
09:37:49,66.57,100,
09:37:49,66.57,400,
09:37:49,66.57,400,
09:37:49,66.57,1000,
09:37:49,66.56,377,
09:37:49,66.56,200,
09:37:49,66.56,100,
09:37:49,66.56,100,
09:37:49,66.56,100,
09:37:49,66.56,200,
09:37:49,66.56,100,
09:37:49,66.56,100,
09:37:49,66.56,400,
09:37:49,66.56,100,
09:37:49,66.56,100,
09:37:49,66.56,600,
09:37:49,66.56,600,
09:37:49,66.56,100,
09:37:49,66.56,100,
09:37:49,66.56,100,
09:37:50,66.55,200,
09:37:50,66.55,400,
09:37:51,66.55,100,
09:37:51,66.552,120,
09:37:56,66.53,100,
09:37:56,66.53,600,
09:37:56,66.53,400,
09:38:00,66.54,100,
09:38:00,66.54,100,
09:38:00,66.54,200,
09:38:00,66.54,500,
09:38:00,66.54,100,
09:38:00,66.54,500,
09:38:03,66.55,200,
09:38:03,66.55,100,
09:38:14,66.54,1500,
09:38:14,66.54,100,
09:38:14,66.54,400,
09:38:14,66.54,200,
09:38:14,66.54,100,
09:38:15,66.53,400,
09:38:16,66.53,300,
09:38:16,66.53,100,
09:38:28,66.54,100,
09:38:35,66.54,400,
09:38:38,66.53,100,
09:38:41,66.53,100,
09:38:41,66.53,100,
09:38:41,66.53,600,
09:38:41,66.53,200,
09:38:41,66.53,100,
09:38:41,66.53,500,
09:38:41,66.53,100,
09:38:41,66.53,706,
09:38:44,66.5307,200,
09:38:45,66.53,300,
09:38:46,66.53,100,
09:38:46,66.5321,100,
09:38:46,66.5321,100,
09:38:46,66.5221,1300,
09:38:50,66.53,100,
09:38:50,66.53,100,
09:38:51,66.53,100,
09:38:51,66.53,600,
09:38:53,66.54,100,
09:38:53,66.54,100,
09:38:53,66.54,100,
09:39:02,66.54,300,
09:39:08,66.55,100,
09:39:08,66.55,1000,
09:39:09,66.56,500,
09:39:09,66.56,100,
09:39:09,66.56,100,
09:39:09,66.56,100,
09:39:09,66.56,400,
09:39:09,66.56,600,
09:39:09,66.56,100,
09:39:09,66.56,400,
09:39:09,66.56,100,
09:39:09,66.56,300,
09:39:09,66.56,300,
09:39:09,66.56,100,
09:39:12,66.565,400,
09:39:13,66.56,100,
09:39:13,66.56,1900,
09:39:20,66.5799,900,
09:39:22,66.58,277,
09:39:22,66.58,300,
09:39:22,66.58,323,
09:39:22,66.58,300,
09:39:22,66.58,300,
09:39:22,66.58,123,
09:39:23,66.57,100,
09:39:23,66.57,200,
09:39:23,66.57,1100,
09:39:23,66.57,100,
09:39:23,66.57,200,
09:39:23,66.57,400,
09:39:23,66.57,478,
09:39:23,66.57,800,
09:39:23,66.57,100,
09:39:23,66.57,200,
09:39:23,66.57,400,
09:39:23,66.57,800,
09:39:23,66.57,700,
09:39:23,66.57,1000,
09:39:23,66.57,100,
09:39:23,66.57,600,
09:39:23,66.57,800,
09:39:23,66.57,800,
09:39:23,66.57,400,
09:39:23,66.57,500,
09:39:23,66.57,200,
09:39:23,66.575,100,
09:39:27,66.58,100,
09:39:27,66.58,200,
09:39:29,66.58,200,
09:39:29,66.58,600,
09:39:29,66.58,178,
09:39:29,66.58,100,
09:39:29,66.58,400,
09:39:29,66.58,100,
09:39:33,66.58,100,
09:39:33,66.58,200,
09:39:33,66.58,1000,
09:39:33,66.58,200,
09:39:33,66.59,1200,
09:39:33,66.59,500,
09:39:33,66.59,600,
09:39:35,66.60,500,
09:39:35,66.60,3500,
09:39:35,66.60,800,
09:39:35,66.60,500,
09:39:35,66.60,800,
09:39:35,66.60,800,
09:39:39,66.60,100,
09:39:39,66.60,300,
09:39:40,66.60,500,
09:39:42,66.60,100,
09:39:46,66.6021,1000,
09:39:48,66.61,2000,
09:39:48,66.61,500,
09:39:48,66.61,600,
09:39:48,66.62,2805,
09:39:48,66.62,680,
09:39:48,66.62,800,
09:39:48,66.62,1000,
09:39:48,66.62,1000,
09:39:48,66.6137,100,
09:39:50,66.62,800,
09:39:50,66.62,100,
09:39:50,66.62,200,
09:39:50,66.62,300,
09:39:52,66.61,200,
09:39:52,66.61,200,
09:39:52,66.6199,2000,
09:39:55,66.61,700,
09:39:55,66.61,400,
09:39:55,66.61,100,
09:39:55,66.61,360,
09:39:56,66.61,100,
09:39:56,66.61,100,
09:39:56,66.61,100,
09:39:56,66.61,100,
09:39:56,66.6187,993,
09:39:58,66.60,230,
09:39:58,66.60,100,
09:39:58,66.605,100,
09:39:58,66.605,100,
09:40:00,66.61,744,
09:40:02,66.61,2000,
09:40:02,66.61,500,
09:40:02,66.61,300,
09:40:02,66.61,100,
09:40:02,66.61,1000,
09:40:02,66.61,193,
09:40:02,66.61,400,
09:40:15,66.61,100,
09:40:15,66.61,100,
09:40:15,66.61,100,
09:40:15,66.61,100,
09:40:15,66.61,300,
09:40:15,66.61,100,
09:40:15,66.61,100,
09:40:16,66.61,100,
09:40:16,66.61,100,
09:40:16,66.61,100,
09:40:16,66.61,100,
09:40:16,66.61,100,
09:40:16,66.605,815,
09:40:16,66.605,1500,
09:40:16,66.60,5000,
09:40:16,66.60,2000,
09:40:16,66.60,2000,
09:40:16,66.60,1000,
09:40:16,66.605,500,
09:40:16,66.60,100,
09:40:16,66.60,100,
09:40:16,66.60,700,
09:40:16,66.61,200,
09:40:16,66.60,100,
09:40:16,66.605,691,
09:40:16,66.60,300,
09:40:16,66.605,700,
09:40:16,66.605,1600,
09:40:16,66.605,1000,
09:40:16,66.605,400,
09:40:18,66.61,500,
09:40:26,66.6099,3000,
09:40:26,66.6007,400,
09:40:26,66.6007,2000,
09:40:28,66.61,500,
09:40:28,66.61,800,
09:40:28,66.61,100,
09:40:28,66.61,307,
09:40:36,66.6077,100,
09:40:38,66.61,800,
09:40:38,66.61,1300,
09:40:38,66.611,300,
09:40:38,66.618,2000,
09:40:38,66.61,100,
09:40:41,66.62,900,
09:40:41,66.62,200,
09:40:41,66.62,200,
09:40:41,66.61,500,
09:40:41,66.61,1000,
09:40:41,66.61,600,
09:40:44,66.61,500,
09:40:44,66.61,100,
09:40:44,66.61,400,
09:40:44,66.61,100,
09:40:44,66.61,100,
09:40:44,66.61,661,
09:40:44,66.61,766,
09:40:44,66.61,200,
09:40:44,66.61,400,
09:40:44,66.61,400,
09:40:44,66.61,100,
09:40:44,66.61,100,
09:40:49,66.61,100,
09:40:49,66.61,500,
09:40:55,66.61,400,
09:40:56,66.6185,200,
09:40:57,66.61,100,
09:40:59,66.62,800,
09:40:59,66.62,100,
09:41:02,66.61,100,
09:41:02,66.61,600,
09:41:04,66.60,100,
09:41:05,66.60,500,
09:41:05,66.60,100,
09:41:05,66.60,100,
09:41:06,66.5999,500,
09:41:14,66.59,1323,
09:41:14,66.59,900,
09:41:14,66.59,100,
09:41:16,66.59,300,
09:41:16,66.59,100,
09:41:18,66.59,200,
09:41:18,66.59,100,
09:41:18,66.59,200,
09:41:18,66.59,100,
09:41:18,66.59,487,
09:41:18,66.59,100,
09:41:18,66.59,900,
09:41:18,66.59,100,
09:41:26,66.60,1000,
09:41:26,66.60,578,
09:41:26,66.60,100,
09:41:26,66.60,100,
09:41:26,66.60,1000,
09:41:26,66.60,400,
09:41:26,66.60,1200,
09:41:26,66.60,100,
09:41:26,66.60,600,
09:41:26,66.60,500,
09:41:26,66.60,800,
09:41:26,66.60,500,
09:41:26,66.60,100,
09:41:26,66.60,400,
09:41:26,66.60,600,
09:41:26,66.60,100,
09:41:26,66.60,386,
09:41:26,66.60,100,
09:41:26,66.60,100,
09:41:26,66.60,2700,
09:41:26,66.60,1868,
09:41:31,66.60,200,
09:41:33,66.61,800,
09:41:33,66.61,100,
09:41:33,66.61,1076,
09:41:33,66.61,800,
09:41:33,66.61,1800,
09:41:36,66.60,500,
09:41:39,66.60,400,
09:41:39,66.60,508,
09:41:39,66.60,800,
09:41:39,66.60,192,
09:41:39,66.60,100,
09:41:39,66.60,100,
09:41:39,66.605,400,
09:41:41,66.60,100,
09:41:41,66.60,200,
09:41:41,66.60,100,
09:41:41,66.61,100,
09:41:45,66.61,500,
09:41:45,66.61,1000,
09:41:45,66.61,400,
09:41:45,66.615,200,
09:41:47,66.61,189,
09:41:47,66.61,400,
09:41:47,66.61,511,
09:41:47,66.61,100,
09:41:47,66.61,300,
09:41:47,66.6105,500,
09:41:48,66.61,2000,
09:41:48,66.615,100,
09:41:53,66.60,800,
09:41:54,66.60,1175,
09:41:54,66.60,400,
09:41:54,66.60,200,
09:41:54,66.60,100,
09:41:54,66.60,685,
09:41:54,66.60,120,
09:41:54,66.60,500,
09:41:54,66.60,600,
09:41:54,66.60,100,
09:42:00,66.605,100,
09:42:04,66.61,200,
09:42:04,66.59,300,
09:42:04,66.58,680,
09:42:05,66.58,400,
09:42:11,66.59,100,
09:42:12,66.58,2276,
09:42:14,66.57,247,
09:42:15,66.57,600,
09:42:20,66.57,600,
09:42:20,66.57,400,
09:42:20,66.57,100,
09:42:20,66.57,300,
09:42:20,66.57,100,
09:42:20,66.57,700,
09:42:20,66.57,1000,
09:42:20,66.57,100,
09:42:20,66.575,200,
09:42:29,66.57,100,
09:42:29,66.57,1000,
09:42:29,66.57,200,
09:42:30,66.5743,120,
09:42:34,66.57,200,
09:42:34,66.57,400,
09:42:34,66.57,100,
09:42:34,66.57,100,
09:42:34,66.57,1000,
09:42:34,66.57,600,
09:42:40,66.58,300,
09:42:40,66.58,800,
09:42:40,66.58,400,
09:42:40,66.58,100,
09:42:40,66.58,100,
09:42:40,66.58,500,
09:42:40,66.58,100,
09:42:40,66.58,500,
09:42:40,66.58,1000,
09:42:40,66.58,600,
09:42:40,66.58,322,
09:42:40,66.58,100,
09:42:40,66.58,900,
09:42:40,66.58,700,
09:42:40,66.58,600,
09:42:40,66.58,200,
09:42:40,66.58,378,
09:42:40,66.58,900,
09:42:40,66.58,1000,
09:42:40,66.58,400,
09:42:40,66.58,500,
09:42:40,66.58,100,
09:42:41,66.58,1153,
09:42:41,66.58,200,
09:42:41,66.58,400,
09:42:41,66.58,100,
09:42:41,66.58,800,
09:42:41,66.58,800,
09:42:41,66.58,100,
09:42:41,66.585,100,
09:42:48,66.57,100,
09:42:49,66.57,300,
09:42:49,66.57,100,
09:42:49,66.57,200,
09:42:49,66.57,100,
09:42:49,66.57,400,
09:42:55,66.57,100,
09:42:55,66.57,100,
09:42:55,66.57,400,
09:42:56,66.56,600,
09:42:56,66.56,1276,
09:43:00,66.55,100,
09:43:00,66.55,100,
09:43:00,66.5501,2200,
09:43:00,66.5501,2000,
09:43:00,66.55,1000,
09:43:00,66.5501,2000,
09:43:00,66.55,1000,
09:43:00,66.56,100,
09:43:00,66.56,600,
09:43:00,66.56,400,
09:43:00,66.56,100,
09:43:00,66.56,600,
09:43:00,66.56,400,
09:43:02,66.55,1000,
09:43:03,66.56,100,
09:43:03,66.56,100,
09:43:03,66.56,100,
09:43:03,66.56,100,
09:43:03,66.56,200,
09:43:03,66.56,100,
09:43:03,66.56,300,
09:43:03,66.56,100,
09:43:10,66.56,100,
09:43:10,66.56,600,
09:43:10,66.56,100,
09:43:10,66.56,100,
09:43:10,66.56,2200,
09:43:10,66.56,1000,
09:43:12,66.56,1900,
09:43:12,66.56,600,
09:43:12,66.56,100,
09:43:12,66.56,100,
09:43:12,66.56,100,
09:43:12,66.56,100,
09:43:12,66.56,1100,
09:43:13,66.56,200,
09:43:16,66.56,100,
09:43:16,66.56,100,
09:43:16,66.56,100,
09:43:16,66.56,100,
09:43:20,66.56,800,
09:43:21,66.56,200,
09:43:21,66.56,200,
09:43:23,66.56,500,
09:43:25,66.55,100,
09:43:25,66.55,2000,
09:43:25,66.55,800,
09:43:25,66.55,100,
09:43:25,66.55,100,
09:43:25,66.55,500,
09:43:25,66.55,400,
09:43:25,66.55,600,
09:43:25,66.55,100,
09:43:25,66.55,100,
09:43:25,66.55,800,
09:43:25,66.55,2000,
09:43:25,66.55,900,
09:43:25,66.55,800,
09:43:25,66.55,2184,
09:43:25,66.55,3586,
09:43:25,66.55,400,
09:43:25,66.55,100,
09:43:25,66.55,100,
09:43:25,66.55,815,
09:43:31,66.54,700,
09:43:33,66.53,100,
09:43:35,66.53,100,
09:43:35,66.53,500,
09:43:35,66.53,500,
09:43:37,66.52,1500,
09:43:37,66.5201,2200,
09:43:37,66.52,400,
09:43:38,66.52,400,
09:43:38,66.52,100,
09:43:38,66.52,300,
09:43:39,66.52,400,
09:43:42,66.53,100,
09:43:42,66.53,100,
09:43:42,66.53,800,
09:43:42,66.53,600,
09:43:42,66.53,100,
09:43:50,66.54,100,
09:43:50,66.54,600,
09:43:54,66.55,100,
09:43:57,66.54,5000,
09:43:58,66.54,100,
09:43:58,66.54,700,
09:43:59,66.54,200,
09:43:59,66.54,201,
09:43:59,66.54,100,
09:44:05,66.53,100,
09:44:05,66.53,100,
09:44:05,66.53,100,
09:44:05,66.53,200,
09:44:05,66.53,100,
09:44:10,66.52,1030,
09:44:10,66.52,100,
09:44:10,66.52,940,
09:44:15,66.51,1000,
09:44:15,66.515,400,
09:44:15,66.51,815,
09:44:15,66.51,100,
09:44:16,66.51,815,
09:44:18,66.5199,450,
09:44:18,66.51,800,
09:44:18,66.52,600,
09:44:18,66.52,800,
09:44:18,66.52,1000,
09:44:18,66.52,200,
09:44:18,66.52,500,
09:44:18,66.52,500,
09:44:19,66.52,1700,
09:44:21,66.53,100,
09:44:21,66.53,1000,
09:44:21,66.53,100,
09:44:21,66.53,100,
09:44:23,66.53,400,
09:44:23,66.53,500,
09:44:24,66.52,400,
09:44:24,66.52,533,
09:44:24,66.52,100,
09:44:26,66.52,100,
09:44:26,66.52,100,
09:44:26,66.52,100,
09:44:26,66.52,400,
09:44:31,66.53,1050,
09:44:31,66.53,750,
09:44:31,66.53,400,
09:44:31,66.53,1000,
09:44:31,66.53,100,
09:44:31,66.53,600,
09:44:31,66.53,600,
09:44:38,66.52,1540,
09:44:42,66.53,100,
09:44:42,66.53,500,
09:44:42,66.53,1000,
09:44:42,66.53,100,
09:44:42,66.53,1000,
09:44:42,66.53,200,
09:44:42,66.53,100,
09:44:42,66.53,600,
09:44:42,66.53,399,
09:44:42,66.53,100,
09:44:42,66.53,100,
09:44:42,66.53,500,
09:44:42,66.53,900,
09:44:42,66.53,1000,
09:44:42,66.53,2900,
09:44:42,66.53,100,
09:44:42,66.53,100,
09:44:42,66.53,300,
09:44:42,66.53,100,
09:44:42,66.53,700,
09:44:43,66.53,100,
09:44:46,66.53,500,
09:44:46,66.53,100,
09:44:46,66.53,100,
09:44:46,66.53,400,
09:44:48,66.54,100,
09:44:48,66.54,700,
09:44:50,66.54,100,
09:44:50,66.54,1000,
09:44:53,66.54,2100,
09:44:54,66.5407,100,
09:44:56,66.54,200,
09:44:56,66.54,200,
09:44:56,66.54,200,
09:44:59,66.55,500,
09:45:00,66.55,700,
09:45:00,66.55,1000,
09:45:00,66.55,700,
09:45:00,66.55,100,
09:45:01,66.55,100,
09:45:01,66.55,1000,
09:45:01,66.55,4323,
09:45:01,66.55,2700,
09:45:01,66.55,400,
09:45:01,66.55,100,
09:45:01,66.55,100,
09:45:01,66.55,1000,
09:45:01,66.55,700,
09:45:01,66.55,200,
09:45:01,66.55,100,
09:45:01,66.55,600,
09:45:01,66.55,700,
09:45:01,66.55,1600,
09:45:01,66.55,600,
09:45:01,66.55,100,
09:45:01,66.55,1000,
09:45:01,66.55,800,
09:45:01,66.55,800,
09:45:01,66.55,385,
09:45:01,66.55,400,
09:45:01,66.55,200,
09:45:01,66.55,400,
09:45:01,66.55,100,
09:45:02,66.55,100,
09:45:09,66.55,2300,
09:45:09,66.55,1700,
09:45:10,66.54,200,
09:45:10,66.54,500,
09:45:17,66.54,300,
09:45:19,66.54,600,
09:45:19,66.54,500,
09:45:21,66.53,100,
09:45:23,66.53,100,
09:45:23,66.53,400,
09:45:24,66.53,600,
09:45:26,66.53,200,
09:45:28,66.53,600,
09:45:28,66.53,100,
09:45:28,66.53,100,
09:45:28,66.53,100,
09:45:28,66.53,400,
09:45:28,66.53,100,
09:45:28,66.53,400,
09:45:28,66.53,100,
09:45:28,66.53,345,
09:45:28,66.52,100,
09:45:28,66.52,100,
09:45:28,66.52,1300,
09:45:28,66.52,600,
09:45:28,66.52,600,
09:45:29,66.52,100,
09:45:30,66.52,215,
09:45:30,66.52,500,
09:45:30,66.52,3000,
09:45:30,66.52,100,
09:45:30,66.51,1000,
09:45:33,66.5183,2000,
09:45:33,66.5173,100,
09:45:33,66.519,2000,
09:45:34,66.52,400,
09:45:35,66.519,2400,
09:45:36,66.52,100,
09:45:36,66.52,100,
09:45:36,66.52,400,
09:45:36,66.52,400,
09:45:36,66.52,100,
09:45:36,66.52,500,
09:45:36,66.52,100,
09:45:36,66.52,100,
09:45:36,66.52,100,
09:45:37,66.52,500,
09:45:37,66.52,100,
09:45:37,66.5201,800,
09:45:37,66.52,300,
09:45:37,66.52,400,
09:45:37,66.52,100,
09:45:37,66.5201,400,
09:45:37,66.52,400,
09:45:37,66.52,100,
09:45:37,66.52,400,
09:45:38,66.52,100,
09:45:39,66.53,200,
09:45:39,66.53,200,
09:45:39,66.53,400,
09:45:39,66.53,600,
09:45:39,66.53,400,
09:45:39,66.53,100,
09:45:39,66.53,800,
09:45:39,66.53,200,
09:45:39,66.53,100,
09:45:40,66.53,200,
09:45:40,66.52,100,
09:45:41,66.54,100,
09:45:41,66.54,500,
09:45:41,66.54,1000,
09:45:41,66.54,100,
09:45:41,66.54,100,
09:45:42,66.54,200,
09:45:42,66.53,500,
09:45:42,66.54,100,
09:45:42,66.53,100,
09:45:42,66.53,600,
09:45:42,66.53,3400,
09:45:48,66.54,2000,
09:45:48,66.54,800,
09:45:48,66.54,800,
09:45:48,66.54,1000,
09:45:48,66.54,2000,
09:45:48,66.54,3500,
09:45:48,66.54,100,
09:45:48,66.54,1000,
09:45:48,66.54,600,
09:45:48,66.54,800,
09:45:48,66.54,800,
09:45:48,66.54,500,
09:45:48,66.54,100,
09:45:48,66.54,200,
09:45:48,66.54,200,
09:45:48,66.54,2200,
09:45:48,66.54,200,
09:45:48,66.54,400,
09:45:48,66.54,2000,
09:45:49,66.53,600,
09:45:49,66.53,500,
09:45:49,66.53,1000,
09:45:49,66.53,200,
09:45:49,66.52,200,
09:45:49,66.52,600,
09:45:49,66.52,200,
09:45:50,66.52,400,
09:45:50,66.52,800,
09:45:50,66.52,400,
09:45:50,66.52,600,
09:45:50,66.52,1000,
09:45:50,66.52,500,
09:45:52,66.51,200,
09:45:52,66.51,100,
09:45:52,66.51,100,
09:45:52,66.51,100,
09:45:54,66.51,100,
09:45:54,66.51,100,
09:45:58,66.51,100,
09:45:58,66.51,2000,
09:45:58,66.51,256,
09:45:58,66.51,100,
09:45:58,66.51,500,
09:45:58,66.52,215,
09:46:05,66.518,300,
09:46:13,66.52,100,
09:46:13,66.52,100,
09:46:13,66.52,400,
09:46:13,66.52,677,
09:46:14,66.53,500,
09:46:17,66.53,600,
09:46:22,66.54,100,
09:46:23,66.549,100,
09:46:25,66.54,100,
09:46:25,66.54,100,
09:46:25,66.54,500,
09:46:25,66.54,100,
09:46:25,66.54,100,
09:46:32,66.53,400,
09:46:32,66.53,700,
09:46:32,66.53,100,
09:46:34,66.53,100,
09:46:34,66.53,100,
09:46:34,66.53,100,
09:46:35,66.53,100,
09:46:35,66.53,153,
09:46:35,66.53,100,
09:46:35,66.53,200,
09:46:37,66.54,200,
09:46:46,66.54,100,
09:46:46,66.54,400,
09:46:46,66.54,500,
09:46:47,66.54,177,
09:46:47,66.54,100,
09:46:50,66.54,225,
09:46:50,66.54,100,
09:46:50,66.5379,300,
09:46:54,66.5379,100,
09:46:55,66.54,100,
09:46:55,66.54,100,
09:46:56,66.55,300,
09:46:56,66.55,400,
09:46:56,66.55,600,
09:46:56,66.55,500,
09:46:58,66.549,100,
09:46:59,66.55,100,
09:46:59,66.54,500,
09:46:59,66.54,223,
09:46:59,66.54,600,
09:46:59,66.54,100,
09:46:59,66.54,100,
09:47:01,66.54,100,
09:47:01,66.54,500,
09:47:09,66.555,100,
09:47:14,66.55,1000,
09:47:14,66.55,1000,
09:47:14,66.55,100,
09:47:14,66.55,100,
09:47:14,66.55,1000,
09:47:14,66.55,1200,
09:47:14,66.55,100,
09:47:14,66.55,100,
09:47:24,66.55,400,
09:47:34,66.548,1900,
09:47:37,66.54,100,
09:47:37,66.54,500,
09:47:37,66.54,100,
09:47:37,66.545,200,
09:47:37,66.54,100,
09:47:37,66.54,500,
09:47:37,66.535,100,
09:47:37,66.54,400,
09:47:37,66.539,100,
09:47:38,66.54,500,
09:47:38,66.54,100,
09:47:39,66.54,100,
09:47:39,66.535,300,
09:47:39,66.535,600,
09:47:39,66.535,100,
09:47:39,66.535,377,
09:47:39,66.535,600,
09:47:39,66.535,100,
09:47:39,66.535,600,
09:47:39,66.535,1000,
09:47:39,66.535,823,
09:47:39,66.54,100,
09:47:39,66.55,300,
09:47:39,66.54,1400,
09:47:39,66.535,400,
09:47:39,66.54,100,
09:47:39,66.54,500,
09:47:39,66.535,200,
09:47:39,66.535,400,
09:47:39,66.54,400,
09:47:40,66.55,100,
09:47:40,66.55,600,
09:47:40,66.55,200,
09:47:40,66.56,200,
09:47:40,66.56,200,
09:47:41,66.56,585,
09:47:41,66.57,315,
09:47:41,66.57,100,
09:47:41,66.57,500,
09:47:41,66.57,500,
09:47:41,66.57,800,
09:47:42,66.57,500,
09:47:42,66.57,500,
09:47:42,66.57,230,
09:47:43,66.58,100,
09:47:44,66.58,100,
09:47:44,66.58,1900,
09:47:44,66.58,900,
09:47:44,66.58,400,
09:47:44,66.58,100,
09:47:44,66.58,300,
09:47:44,66.58,300,
09:47:44,66.58,2900,
09:47:44,66.59,500,
09:47:44,66.59,100,
09:47:44,66.59,100,
09:47:44,66.58,100,
09:47:44,66.59,100,
09:47:44,66.59,400,
09:47:44,66.59,300,
09:47:48,66.60,100,
09:47:48,66.60,800,
09:47:48,66.60,800,
09:47:48,66.60,200,
09:47:48,66.60,800,
09:47:48,66.60,800,
09:47:48,66.60,600,
09:47:48,66.60,100,
09:47:48,66.60,600,
09:47:48,66.60,400,
09:47:49,66.60,748,
09:47:49,66.60,800,
09:47:49,66.60,100,
09:47:49,66.60,7000,
09:47:49,66.60,500,
09:47:49,66.60,100,
09:47:49,66.60,815,
09:47:49,66.60,200,
09:47:49,66.60,4000,
09:47:49,66.60,1500,
09:47:49,66.60,2400,
09:47:49,66.60,200,
09:47:49,66.60,100,
09:47:49,66.60,400,
09:47:49,66.60,300,
09:47:49,66.60,1000,
09:47:49,66.60,600,
09:47:49,66.59,400,
09:47:49,66.59,500,
09:47:49,66.59,100,
09:47:49,66.59,200,
09:47:49,66.59,600,
09:47:49,66.59,100,
09:47:49,66.59,400,
09:47:49,66.59,100,
09:47:49,66.59,100,
09:47:49,66.59,100,
09:47:49,66.59,200,
09:47:49,66.59,400,
09:47:50,66.60,100,
09:47:51,66.60,200,
09:47:52,66.60,1400,
09:47:54,66.61,600,
09:47:55,66.61,100,
09:47:55,66.61,2000,
09:47:59,66.62,2000,
09:47:59,66.62,100,
09:47:59,66.62,2500,
09:48:01,66.62,100,
09:48:01,66.62,870,
09:48:01,66.63,500,
09:48:01,66.63,400,
09:48:01,66.63,300,
09:48:01,66.63,1000,
09:48:01,66.63,100,
09:48:01,66.63,776,
09:48:01,66.63,100,
09:48:01,66.63,600,
09:48:01,66.63,100,
09:48:01,66.63,100,
09:48:01,66.63,100,
09:48:01,66.63,100,
09:48:01,66.64,100,
09:48:01,66.64,3500,
09:48:01,66.64,3600,
09:48:01,66.64,400,
09:48:03,66.63,568,
09:48:03,66.63,600,
09:48:03,66.63,100,
09:48:03,66.63,168,
09:48:03,66.63,100,
09:48:06,66.63,250,
09:48:08,66.63,100,
09:48:08,66.63,1326,
09:48:08,66.63,100,
09:48:08,66.63,100,
09:48:08,66.63,255,
09:48:08,66.63,400,
09:48:08,66.63,462,
09:48:10,66.63,100,
09:48:10,66.63,100,
09:48:10,66.63,700,
09:48:10,66.63,100,
09:48:10,66.63,100,
09:48:10,66.62,200,
09:48:10,66.62,100,
09:48:10,66.62,500,
09:48:10,66.62,800,
09:48:10,66.62,300,
09:48:10,66.62,200,
09:48:12,66.62,1000,
09:48:15,66.612,4007,
09:48:16,66.62,1100,
09:48:16,66.62,300,
09:48:16,66.62,200,
09:48:16,66.62,100,
09:48:16,66.62,900,
09:48:16,66.62,1327,
09:48:16,66.63,815,
09:48:17,66.62,100,
09:48:20,66.63,100,
09:48:20,66.63,300,
09:48:20,66.63,100,
09:48:20,66.63,100,
09:48:21,66.63,100,
09:48:23,66.63,100,
09:48:23,66.63,100,
09:48:23,66.63,100,
09:48:24,66.63,163,
09:48:24,66.63,100,
09:48:24,66.63,100,
09:48:24,66.63,100,
09:48:24,66.63,100,
09:48:24,66.63,163,
09:48:24,66.63,100,
09:48:24,66.63,100,
09:48:25,66.63,100,
09:48:25,66.63,200,
09:48:25,66.63,200,
09:48:26,66.64,1300,
09:48:26,66.64,100,
09:48:26,66.64,100,
09:48:32,66.65,100,
09:48:32,66.66,500,
09:48:32,66.66,254,
09:48:33,66.66,100,
09:48:34,66.66,100,
09:48:35,66.66,300,
09:48:36,66.67,100,
09:48:36,66.67,100,
09:48:36,66.67,100,
09:48:36,66.6614,500,
09:48:37,66.66,100,
09:48:37,66.66,200,
09:48:37,66.66,200,
09:48:37,66.66,300,
09:48:37,66.66,200,
09:48:37,66.66,500,
09:48:37,66.66,100,
09:48:38,66.66,200,
09:48:38,66.66,100,
09:48:38,66.66,100,
09:48:38,66.66,100,
09:48:38,66.67,500,
09:48:38,66.67,400,
09:48:38,66.67,100,
09:48:38,66.67,500,
09:48:38,66.67,800,
09:48:38,66.67,100,
09:48:38,66.67,800,
09:48:38,66.67,100,
09:48:38,66.67,1400,
09:48:38,66.67,100,
09:48:38,66.67,1900,
09:48:38,66.67,100,
09:48:38,66.67,9700,
09:48:38,66.67,600,
09:48:38,66.67,100,
09:48:38,66.67,6500,
09:48:38,66.67,1200,
09:48:38,66.67,100,
09:48:38,66.67,200,
09:48:38,66.67,400,
09:48:38,66.67,815,
09:48:38,66.67,200,
09:48:38,66.67,100,
09:48:38,66.67,600,
09:48:38,66.67,100,
09:48:38,66.67,800,
09:48:38,66.67,1638,
09:48:38,66.67,400,
09:48:38,66.68,465,
09:48:38,66.68,200,
09:48:38,66.68,400,
09:48:38,66.68,585,
09:48:38,66.68,100,
09:48:38,66.67,100,
09:48:38,66.67,100,
09:48:38,66.6725,600,
09:48:39,66.67,300,
09:48:39,66.67,500,
09:48:39,66.67,200,
09:48:39,66.67,800,
09:48:39,66.67,600,
09:48:39,66.67,500,
09:48:39,66.67,800,
09:48:39,66.67,400,
09:48:39,66.67,600,
09:48:39,66.67,1700,
09:48:39,66.67,600,
09:48:39,66.67,1700,
09:48:39,66.67,200,
09:48:39,66.67,900,
09:48:39,66.67,780,
09:48:40,66.67,500,
09:48:40,66.67,100,
09:48:40,66.67,400,
09:48:40,66.67,100,
09:48:40,66.67,800,
09:48:40,66.67,200,
09:48:40,66.67,1000,
09:48:40,66.67,600,
09:48:40,66.67,100,
09:48:40,66.67,1000,
09:48:40,66.67,400,
09:48:40,66.67,100,
09:48:40,66.67,1000,
09:48:40,66.67,400,
09:48:40,66.67,800,
09:48:40,66.67,400,
09:48:40,66.67,245,
09:48:40,66.67,615,
09:48:40,66.67,415,
09:48:41,66.67,400,
09:48:41,66.67,100,
09:48:41,66.67,400,
09:48:41,66.67,127,
09:48:41,66.67,100,
09:48:41,66.67,100,
09:48:41,66.67,943,
09:48:41,66.67,500,
09:48:41,66.67,800,
09:48:41,66.67,800,
09:48:41,66.67,100,
09:48:41,66.67,2000,
09:48:41,66.67,600,
09:48:41,66.67,1000,
09:48:41,66.67,500,
09:48:41,66.67,200,
09:48:42,66.67,2000,
09:48:42,66.67,100,
09:48:42,66.67,600,
09:48:42,66.67,200,
09:48:42,66.67,300,
09:48:44,66.67,600,
09:48:44,66.67,600,
09:48:44,66.67,100,
09:48:44,66.67,400,
09:48:44,66.67,400,
09:48:44,66.67,100,
09:48:44,66.67,300,
09:48:44,66.67,100,
09:48:45,66.67,500,
09:48:45,66.67,500,
09:48:45,66.67,300,
09:48:45,66.67,100,
09:48:45,66.67,100,
09:48:45,66.67,200,
09:48:45,66.67,500,
09:48:45,66.67,300,
09:48:45,66.67,200,
09:48:45,66.67,100,
09:48:45,66.67,300,
09:48:45,66.67,200,
09:48:46,66.67,1000,
09:48:46,66.67,400,
09:48:46,66.67,100,
09:48:46,66.67,550,
09:48:46,66.67,450,
09:48:47,66.67,100,
09:48:47,66.67,400,
09:48:47,66.67,1000,
09:48:47,66.67,300,
09:48:47,66.67,100,
09:48:47,66.67,1500,
09:48:47,66.67,500,
09:48:47,66.67,400,
09:48:47,66.67,400,
09:48:47,66.67,600,
09:48:47,66.67,100,
09:48:47,66.67,600,
09:48:47,66.67,800,
09:48:47,66.67,1000,
09:48:47,66.67,400,
09:48:47,66.67,800,
09:48:47,66.67,300,
09:48:47,66.67,100,
09:48:47,66.67,795,
09:48:47,66.67,400,
09:48:48,66.67,400,
09:48:48,66.67,100,
09:48:48,66.67,100,
09:48:48,66.67,100,
09:48:48,66.665,300,
09:48:51,66.6686,200,
09:48:55,66.66,290,
09:48:55,66.66,400,
09:48:55,66.66,1000,
09:48:55,66.66,400,
09:48:55,66.66,185,
09:48:55,66.66,200,
09:48:55,66.66,200,
09:49:00,66.67,400,
09:49:00,66.67,300,
09:49:00,66.67,500,
09:49:00,66.67,100,
09:49:00,66.67,200,
09:49:01,66.6799,3800,
09:49:02,66.68,100,
09:49:02,66.68,100,
09:49:02,66.68,100,
09:49:02,66.68,200,
09:49:03,66.68,100,
09:49:03,66.68,154,
09:49:07,66.69,3000,
09:49:07,66.69,500,
09:49:07,66.69,400,
09:49:07,66.69,100,
09:49:07,66.69,100,
09:49:07,66.69,200,
09:49:07,66.69,1400,
09:49:07,66.69,4100,
09:49:07,66.69,100,
09:49:07,66.68,654,
09:49:07,66.68,100,
09:49:08,66.68,146,
09:49:08,66.68,100,
09:49:08,66.68,100,
09:49:08,66.68,600,
09:49:08,66.67,200,
09:49:09,66.68,300,
09:49:11,66.67,500,
09:49:12,66.67,100,
09:49:12,66.67,400,
09:49:12,66.67,170,
09:49:12,66.67,200,
09:49:19,66.66,245,
09:49:19,66.66,230,
09:49:19,66.66,600,
09:49:19,66.66,800,
09:49:24,66.6625,100,
09:49:25,66.6625,100,
09:49:26,66.66,100,
09:49:31,66.6686,100,
09:49:42,66.665,2300,
09:49:42,66.67,400,
09:49:42,66.665,1000,
09:49:42,66.67,100,
09:49:42,66.67,607,
09:49:42,66.67,100,
09:49:42,66.67,1000,
09:49:42,66.665,900,
09:49:42,66.67,100,
09:49:42,66.67,1100,
09:49:42,66.67,100,
09:49:42,66.67,100,
09:49:42,66.67,100,
09:49:42,66.67,100,
09:49:42,66.67,200,
09:49:42,66.67,200,
09:49:42,66.67,100,
09:49:42,66.67,100,
09:49:42,66.67,600,
09:49:42,66.68,200,
09:49:42,66.67,3521,
09:49:42,66.672,200,
09:49:42,66.67,400,
09:49:42,66.67,400,
09:49:43,66.67,100,
09:49:43,66.67,700,
09:49:43,66.67,300,
09:49:43,66.67,200,
09:49:43,66.67,400,
09:49:43,66.6725,100,
09:49:43,66.6668,1500,
09:49:49,66.66,200,
09:49:51,66.67,500,
09:49:51,66.67,400,
09:49:51,66.67,400,
09:49:51,66.665,900,
09:49:52,66.67,100,
09:49:52,66.67,100,
09:49:52,66.67,600,
09:49:52,66.67,500,
09:49:53,66.67,150,
09:49:54,66.68,800,
09:49:54,66.68,500,
09:49:54,66.68,100,
09:49:54,66.68,100,
09:49:54,66.68,200,
09:49:54,66.68,320,
09:49:54,66.68,100,
09:49:54,66.68,300,
09:49:55,66.69,600,
09:49:55,66.69,100,
09:49:55,66.69,200,
09:49:56,66.69,400,
09:49:56,66.69,300,
09:49:56,66.69,2000,
09:49:56,66.69,100,
09:49:56,66.69,2000,
09:49:56,66.69,100,
09:49:56,66.69,100,
09:49:57,66.70,100,
09:49:57,66.6993,400,
09:49:57,66.6993,500,
09:49:57,66.6994,200,
09:49:57,66.69,215,
09:49:57,66.69,100,
09:49:58,66.69,530,
09:49:58,66.69,185,
09:50:01,66.70,100,
09:50:01,66.70,250,
09:50:01,66.70,242,
09:50:01,66.70,100,
09:50:01,66.70,210,
09:50:01,66.70,750,
09:50:01,66.70,100,
09:50:01,66.70,2454,
09:50:01,66.70,100,
09:50:01,66.70,100,
09:50:01,66.70,400,
09:50:01,66.70,100,
09:50:01,66.70,100,
09:50:01,66.70,200,
09:50:02,66.70,100,
09:50:02,66.70,1900,
09:50:02,66.70,100,
09:50:06,66.70,100,
09:50:06,66.70,100,
09:50:06,66.70,100,
09:50:06,66.70,100,
09:50:06,66.70,100,
09:50:06,66.70,100,
09:50:06,66.70,200,
09:50:06,66.70,100,
09:50:06,66.70,100,
09:50:06,66.70,200,
09:50:06,66.70,200,
09:50:06,66.70,200,
09:50:07,66.70,100,
09:50:07,66.70,600,
09:50:07,66.70,200,
09:50:07,66.70,100,
09:50:07,66.70,400,
09:50:07,66.70,100,
09:50:08,66.70,200,
09:50:08,66.70,100,
09:50:08,66.70,100,
09:50:08,66.70,200,
09:50:08,66.70,100,
09:50:08,66.70,400,
09:50:08,66.70,100,
09:50:08,66.70,1000,
09:50:08,66.70,100,
09:50:09,66.71,500,
09:50:09,66.71,700,
09:50:09,66.71,400,
09:50:09,66.71,600,
09:50:10,66.71,1000,
09:50:11,66.709,1000,
09:50:16,66.71,100,
09:50:18,66.70,100,
09:50:18,66.70,400,
09:50:18,66.70,400,
09:50:18,66.71,100,
09:50:18,66.71,100,
09:50:18,66.71,2000,
09:50:18,66.71,500,
09:50:18,66.71,1700,
09:50:18,66.71,3000,
09:50:18,66.71,100,
09:50:18,66.71,100,
09:50:19,66.71,200,
09:50:19,66.71,400,
09:50:20,66.71,600,
09:50:20,66.71,100,
09:50:20,66.71,100,
09:50:20,66.71,300,
09:50:23,66.71,200,
09:50:23,66.71,500,
09:50:24,66.70,100,
09:50:24,66.70,100,
09:50:24,66.70,500,
09:50:24,66.70,6500,
09:50:24,66.70,600,
09:50:24,66.70,100,
09:50:24,66.70,2400,
09:50:24,66.70,2000,
09:50:24,66.70,867,
09:50:24,66.70,1017,
09:50:24,66.70,800,
09:50:24,66.70,800,
09:50:24,66.70,600,
09:50:24,66.70,500,
09:50:24,66.70,500,
09:50:25,66.70,200,
09:50:25,66.70,100,
09:50:25,66.70,500,
09:50:25,66.70,100,
09:50:25,66.70,500,
09:50:25,66.70,400,
09:50:25,66.70,500,
09:50:25,66.70,400,
09:50:25,66.70,100,
09:50:25,66.70,1000,
09:50:25,66.70,400,
09:50:25,66.70,100,
09:50:25,66.70,400,
09:50:26,66.70,100,
09:50:26,66.70,100,
09:50:26,66.70,100,
09:50:26,66.695,700,
09:50:29,66.70,600,
09:50:31,66.71,400,
09:50:31,66.71,200,
09:50:31,66.71,500,
09:50:31,66.7001,4000,
09:50:32,66.72,600,
09:50:32,66.72,2000,
09:50:32,66.7198,1500,
09:50:32,66.72,200,
09:50:33,66.72,556,
09:50:33,66.72,100,
09:50:34,66.72,332,
09:50:34,66.72,100,
09:50:34,66.72,100,
09:50:34,66.72,600,
09:50:34,66.72,800,
09:50:34,66.72,100,
09:50:34,66.72,500,
09:50:34,66.72,100,
09:50:34,66.72,100,
09:50:34,66.72,100,
09:50:35,66.72,300,
09:50:35,66.72,1500,
09:50:36,66.72,100,
09:50:38,66.71,400,
09:50:38,66.72,300,
09:50:38,66.72,600,
09:50:38,66.72,500,
09:50:38,66.72,300,
09:50:39,66.7299,200,
09:50:39,66.73,200,
09:50:39,66.73,100,
09:50:39,66.7299,300,
09:50:39,66.7299,100,
09:50:39,66.73,300,
09:50:42,66.72,500,
09:50:43,66.72,100,
09:50:43,66.72,100,
09:50:43,66.72,100,
09:50:45,66.718,400,
09:50:45,66.718,300,
09:50:45,66.72,200,
09:50:45,66.72,300,
09:50:45,66.7168,500,
09:50:47,66.72,200,
09:50:49,66.71,400,
09:50:49,66.71,800,
09:50:49,66.71,600,
09:50:49,66.71,600,
09:50:49,66.71,500,
09:50:49,66.71,100,
09:50:49,66.71,100,
09:50:49,66.71,400,
09:50:49,66.71,100,
09:50:49,66.71,100,
09:50:51,66.71,100,
09:50:51,66.71,400,
09:50:51,66.71,400,
09:50:51,66.71,100,
09:50:51,66.71,500,
09:50:51,66.71,100,
09:50:53,66.72,100,
09:50:53,66.72,300,
09:50:53,66.72,100,
09:50:53,66.72,500,
09:50:53,66.72,100,
09:50:53,66.72,100,
09:50:53,66.72,200,
09:50:53,66.72,100,
09:50:53,66.72,100,
09:50:53,66.72,700,
09:50:53,66.72,100,
09:50:54,66.72,200,
09:50:54,66.72,300,
09:50:54,66.72,100,
09:50:54,66.72,100,
09:50:59,66.7199,100,
09:51:01,66.72,200,
09:51:01,66.72,200,
09:51:01,66.72,200,
09:51:02,66.72,100,
09:51:09,66.71,100,
09:51:09,66.71,200,
09:51:09,66.71,400,
09:51:09,66.71,100,
09:51:09,66.71,100,
09:51:09,66.71,200,
09:51:09,66.71,383,
09:51:09,66.71,200,
09:51:09,66.71,1000,
09:51:09,66.71,500,
09:51:11,66.70,100,
09:51:11,66.70,320,
09:51:11,66.70,100,
09:51:11,66.70,400,
09:51:11,66.70,920,
09:51:11,66.70,620,
09:51:11,66.70,194,
09:51:11,66.70,306,
09:51:11,66.70,2094,
09:51:11,66.70,500,
09:51:11,66.6999,4600,
09:51:12,66.70,400,
09:51:12,66.70,100,
09:51:12,66.70,194,
09:51:12,66.70,400,
09:51:12,66.70,400,
09:51:12,66.70,100,
09:51:12,66.70,100,
09:51:12,66.70,100,
09:51:12,66.70,100,
09:51:13,66.70,100,
09:51:13,66.70,200,
09:51:13,66.70,700,
09:51:14,66.70,1700,
09:51:14,66.70,200,
09:51:14,66.70,100,
09:51:18,66.71,100,
09:51:23,66.71,700,
09:51:23,66.71,100,
09:51:23,66.71,3000,
09:51:23,66.71,100,
09:51:23,66.71,1000,
09:51:23,66.71,400,
09:51:23,66.71,1000,
09:51:23,66.71,100,
09:51:23,66.71,200,
09:51:23,66.71,100,
09:51:27,66.71,430,
09:51:27,66.71,400,
09:51:27,66.71,600,
09:51:27,66.71,100,
09:51:27,66.71,170,
09:51:27,66.715,300,
09:51:27,66.7065,1000,
09:51:28,66.71,1000,
09:51:28,66.71,500,
09:51:32,66.71,100,
09:51:33,66.70,100,
09:51:33,66.70,100,
09:51:33,66.70,1122,
09:51:33,66.70,100,
09:51:33,66.70,400,
09:51:33,66.70,100,
09:51:33,66.70,100,
09:51:34,66.69,200,
09:51:34,66.69,200,
09:51:34,66.69,470,
09:51:34,66.69,500,
09:51:34,66.69,100,
09:51:34,66.69,100,
09:51:35,66.69,600,
09:51:35,66.69,357,
09:51:35,66.69,100,
09:51:35,66.69,400,
09:51:35,66.69,100,
09:51:35,66.69,100,
09:51:35,66.69,100,
09:51:35,66.69,100,
09:51:35,66.69,600,
09:51:35,66.69,100,
09:51:40,66.699,3000,
09:51:40,66.69,100,
09:51:40,66.69,100,
09:51:40,66.69,500,
09:51:40,66.69,400,
09:51:40,66.69,100,
09:51:41,66.69,100,
09:51:41,66.69,100,
09:51:43,66.69,100,
09:51:46,66.69,800,
09:51:46,66.69,800,
09:51:46,66.69,600,
09:51:46,66.69,800,
09:51:46,66.69,100,
09:51:46,66.69,214,
09:51:46,66.69,400,
09:51:46,66.69,100,
09:51:46,66.69,500,
09:51:46,66.69,1000,
09:51:46,66.69,500,
09:51:46,66.685,100,
09:51:47,66.69,900,
09:51:52,66.69,500,
09:51:52,66.69,400,
09:51:52,66.69,100,
09:51:52,66.6905,800,
09:51:53,66.69,200,
09:51:53,66.69,100,
09:51:54,66.6895,780,
09:51:56,66.68,400,
09:51:58,66.69,200,
09:51:59,66.68,500,
09:51:59,66.68,400,
09:52:03,66.68,177,
09:52:03,66.68,100,
09:52:03,66.68,100,
09:52:03,66.68,671,
09:52:05,66.68,100,
09:52:06,66.67,3000,
09:52:07,66.679,1500,
09:52:07,66.68,100,
09:52:07,66.68,100,
09:52:07,66.68,100,
09:52:07,66.68,400,
09:52:07,66.675,100,
09:52:08,66.68,1000,
09:52:13,66.685,100,
09:52:13,66.69,100,
09:52:13,66.69,100,
09:52:13,66.69,1800,
09:52:13,66.69,100,
09:52:13,66.69,200,
09:52:13,66.69,178,
09:52:15,66.69,300,
09:52:15,66.69,100,
09:52:18,66.6962,100,
09:52:20,66.69,600,
09:52:20,66.69,400,
09:52:20,66.68,100,
09:52:20,66.68,3100,
09:52:25,66.6893,100,
09:52:27,66.68,400,
09:52:27,66.68,600,
09:52:27,66.68,600,
09:52:27,66.68,800,
09:52:27,66.68,100,
09:52:27,66.68,400,
09:52:27,66.68,400,
09:52:27,66.68,700,
09:52:27,66.68,400,
09:52:27,66.68,100,
09:52:30,66.675,300,
09:52:30,66.675,100,
09:52:30,66.68,625,
09:52:30,66.675,100,
09:52:30,66.675,100,
09:52:30,66.675,100,
09:52:30,66.68,100,
09:52:30,66.67,500,
09:52:31,66.68,300,
09:52:31,66.68,100,
09:52:31,66.68,100,
09:52:31,66.675,100,
09:52:32,66.68,1000,
09:52:32,66.68,300,
09:52:32,66.68,300,
09:52:32,66.68,500,
09:52:32,66.68,300,
09:52:32,66.68,100,
09:52:32,66.68,100,
09:52:37,66.69,500,
09:52:39,66.681,8000,
09:52:49,66.68,100,
09:52:49,66.68,200,
09:52:49,66.68,200,
09:52:51,66.67,200,
09:52:51,66.67,100,
09:52:51,66.67,100,
09:52:52,66.68,100,
09:52:53,66.68,200,
09:52:53,66.68,200,
09:52:53,66.68,200,
09:52:53,66.68,400,
09:52:53,66.68,100,
09:52:53,66.68,700,
09:52:53,66.675,200,
09:53:00,66.69,300,
09:53:00,66.69,100,
09:53:00,66.69,1000,
09:53:00,66.69,200,
09:53:00,66.69,100,
09:53:00,66.69,100,
09:53:00,66.69,100,
09:53:00,66.69,100,
09:53:00,66.69,200,
09:53:00,66.69,700,
09:53:00,66.69,100,
09:53:00,66.68,100,
09:53:00,66.68,600,
09:53:00,66.68,100,
09:53:00,66.68,400,
09:53:00,66.67,500,
09:53:00,66.67,200,
09:53:00,66.67,100,
09:53:00,66.67,100,
09:53:00,66.67,124,
09:53:00,66.67,100,
09:53:03,66.67,100,
09:53:07,66.67,400,
09:53:09,66.68,400,
09:53:10,66.675,100,
09:53:10,66.675,100,
09:53:10,66.68,400,
09:53:10,66.68,1000,
09:53:11,66.68,100,
09:53:11,66.68,100,
09:53:11,66.68,100,
09:53:11,66.69,100,
09:53:11,66.69,160,
09:53:11,66.69,300,
09:53:12,66.68,100,
09:53:12,66.68,400,
09:53:12,66.68,600,
09:53:12,66.68,100,
09:53:12,66.68,400,
09:53:12,66.68,700,
09:53:12,66.68,400,
09:53:12,66.68,400,
09:53:12,66.68,500,
09:53:12,66.6701,300,
09:53:12,66.67,300,
09:53:12,66.67,200,
09:53:12,66.67,2500,
09:53:12,66.67,300,
09:53:12,66.67,200,
09:53:12,66.67,200,
09:53:12,66.67,800,
09:53:13,66.68,700,
09:53:14,66.67,100,
09:53:15,66.67,200,
09:53:16,66.675,200,
09:53:27,66.68,800,
09:53:28,66.678,100,
09:53:29,66.67,200,
09:53:29,66.67,1000,
09:53:29,66.67,500,
09:53:29,66.67,800,
09:53:29,66.67,800,
09:53:29,66.67,400,
09:53:29,66.67,300,
09:53:29,66.67,800,
09:53:29,66.67,100,
09:53:29,66.67,400,
09:53:29,66.67,100,
09:53:29,66.67,200,
09:53:31,66.665,100,
09:53:31,66.6688,100,
09:53:31,66.665,100,
09:53:31,66.6689,100,
09:53:32,66.67,400,
09:53:32,66.67,600,
09:53:34,66.67,100,
09:53:34,66.67,100,
09:53:34,66.67,100,
09:53:35,66.68,100,
09:53:35,66.68,100,
09:53:38,66.68,100,
09:53:38,66.68,600,
09:53:38,66.68,100,
09:53:38,66.68,100,
09:53:38,66.68,100,
09:53:41,66.68,700,
09:53:43,66.69,100,
09:53:43,66.69,200,
09:53:43,66.69,100,
09:53:43,66.69,100,
09:53:43,66.69,1200,
09:53:43,66.69,100,
09:53:43,66.69,300,
09:53:46,66.689,100,
09:53:46,66.69,100,
09:53:54,66.69,110,
09:53:58,66.69,100,
09:53:58,66.6899,900,
09:53:58,66.69,900,
09:53:58,66.6899,200,
09:53:58,66.69,100,
09:53:58,66.6899,600,
09:53:58,66.69,400,
09:53:58,66.6899,400,
09:53:58,66.69,500,
09:53:58,66.6899,300,
09:53:58,66.6899,300,
09:53:58,66.69,300,
09:53:58,66.6899,500,
09:53:58,66.69,300,
09:54:11,66.68,500,
09:54:11,66.68,300,
09:54:11,66.68,100,
09:54:11,66.68,400,
09:54:12,66.68,350,
09:54:12,66.68,100,
09:54:13,66.68,311,
09:54:13,66.68,100,
09:54:13,66.68,400,
09:54:13,66.68,100,
09:54:13,66.68,400,
09:54:13,66.68,211,
09:54:13,66.675,200,
09:54:13,66.68,189,
09:54:13,66.675,400,
09:54:13,66.68,100,
09:54:13,66.68,127,
09:54:18,66.68,100,
09:54:18,66.68,600,
09:54:18,66.68,400,
09:54:18,66.67,200,
09:54:18,66.685,400,
09:54:25,66.6799,100,
09:54:25,66.6799,100,
09:54:26,66.68,100,
09:54:31,66.67,300,
09:54:32,66.67,700,
09:54:32,66.67,100,
09:54:32,66.67,100,
09:54:34,66.67,200,
09:54:34,66.67,100,
09:54:34,66.67,100,
09:54:34,66.67,100,
09:54:34,66.67,300,
09:54:34,66.67,500,
09:54:34,66.67,100,
09:54:38,66.67,100,
09:54:38,66.6679,100,
09:54:38,66.66,1700,
09:54:41,66.67,715,
09:54:41,66.665,700,
09:54:44,66.67,100,
09:54:44,66.665,100,
09:54:45,66.67,100,
09:54:45,66.67,100,
09:54:45,66.67,100,
09:54:45,66.67,300,
09:54:46,66.67,500,
09:54:47,66.68,100,
09:54:47,66.6779,100,
09:54:49,66.67,800,
09:54:54,66.68,500,
09:54:54,66.68,2000,
09:54:54,66.68,1000,
09:54:54,66.68,300,
09:55:00,66.68,300,
09:55:01,66.6721,750,
09:55:06,66.68,100,
09:55:08,66.67,700,
09:55:12,66.68,100,
09:55:13,66.67,400,
09:55:13,66.67,100,
09:55:14,66.68,400,
09:55:14,66.68,100,
09:55:14,66.68,100,
09:55:14,66.68,400,
09:55:16,66.67,1000,
09:55:31,66.68,222,
09:55:31,66.68,278,
09:55:38,66.685,150,
09:55:40,66.68,1000,
09:55:40,66.68,400,
09:55:40,66.68,400,
09:55:40,66.68,300,
09:55:40,66.68,400,
09:55:40,66.68,1000,
09:55:45,66.68,200,
09:55:51,66.68,100,
09:55:53,66.68,100,
09:55:53,66.675,100,
09:55:53,66.675,100,
09:55:58,66.67,385,
09:56:03,66.68,200,
09:56:15,66.6701,300,
09:56:24,66.67,100,
09:56:24,66.675,400,
09:56:31,66.67,100,
09:56:31,66.67,100,
09:56:31,66.67,100,
09:56:31,66.67,500,
09:56:31,66.665,200,
09:56:31,66.665,200,
09:56:31,66.669,100,
09:56:31,66.665,100,
09:56:32,66.68,100,
09:56:32,66.68,500,
09:56:32,66.68,100,
09:56:32,66.68,300,
09:56:34,66.68,200,
09:56:34,66.68,200,
09:56:34,66.68,100,
09:56:34,66.68,100,
09:56:34,66.6799,100,
09:56:34,66.6799,100,
09:56:34,66.69,1377,
09:56:40,66.69,101,
09:56:40,66.69,399,
09:56:40,66.69,100,
09:56:40,66.69,100,
09:56:40,66.6901,200,
09:56:51,66.69,500,
09:56:51,66.69,1000,
09:56:51,66.69,100,
09:56:51,66.69,200,
09:56:51,66.69,400,
09:56:58,66.69,100,
09:57:10,66.69,100,
09:57:10,66.69,100,
09:57:10,66.69,500,
09:57:10,66.69,100,
09:57:10,66.69,100,
09:57:10,66.69,100,
09:57:12,66.70,100,
09:57:12,66.70,400,
09:57:12,66.70,100,
09:57:12,66.70,400,
09:57:12,66.70,100,
09:57:12,66.70,100,
09:57:28,66.70,100,
09:57:28,66.70,100,
09:57:28,66.70,100,
09:57:31,66.70,300,
09:57:32,66.70,100,
09:57:32,66.70,100,
09:57:32,66.70,600,
09:57:32,66.70,200,
09:57:32,66.70,100,
09:57:32,66.70,400,
09:57:32,66.70,100,
09:57:35,66.695,100,
09:57:35,66.695,200,
09:57:36,66.695,300,
09:57:37,66.70,100,
09:57:37,66.70,100,
09:57:37,66.695,300,
09:57:38,66.70,500,
09:57:39,66.71,1500,
09:57:39,66.71,500,
09:57:42,66.70,600,
09:57:42,66.70,600,
09:57:45,66.70,157,
09:57:45,66.70,100,
09:57:45,66.70,600,
09:57:45,66.70,100,
09:57:48,66.70,100,
09:57:48,66.70,400,
09:57:48,66.70,200,
09:57:48,66.70,100,
09:57:48,66.70,400,
09:57:49,66.70,100,
09:57:55,66.70,100,
09:57:55,66.70,100,
09:57:55,66.70,200,
09:57:55,66.70,343,
09:57:55,66.70,400,
09:57:55,66.70,100,
09:57:55,66.70,243,
09:57:56,66.70,100,
09:58:00,66.70,400,
09:58:00,66.70,400,
09:58:00,66.70,100,
09:58:00,66.70,300,
09:58:00,66.70,800,
09:58:00,66.70,400,
09:58:00,66.71,100,
09:58:03,66.70,500,
09:58:03,66.70,400,
09:58:03,66.70,100,
09:58:08,66.69,100,
09:58:08,66.69,200,
09:58:08,66.69,100,
09:58:08,66.69,177,
09:58:08,66.69,100,
09:58:08,66.69,600,
09:58:08,66.69,100,
09:58:08,66.69,300,
09:58:08,66.69,100,
09:58:08,66.69,200,
09:58:10,66.68,100,
09:58:18,66.68,500,
09:58:18,66.68,1500,
09:58:18,66.68,1600,
09:58:19,66.685,100,
09:58:22,66.685,400,
09:58:22,66.685,100,
09:58:22,66.68,200,
09:58:22,66.68,100,
09:58:22,66.68,100,
09:58:22,66.68,100,
09:58:22,66.68,100,
09:58:22,66.68,100,
09:58:29,66.68,100,
09:58:30,66.69,500,
09:58:32,66.69,1000,
09:58:32,66.69,182,
09:58:32,66.69,285,
09:58:33,66.685,100,
09:58:33,66.685,300,
09:58:34,66.69,100,
09:58:34,66.685,100,
09:58:35,66.69,218,
09:58:35,66.69,100,
09:58:35,66.69,100,
09:58:41,66.6991,300,
09:58:43,66.6984,250,
09:58:44,66.69,100,
09:58:44,66.69,100,
09:58:44,66.69,200,
09:58:44,66.69,100,
09:58:46,66.69,100,
09:58:48,66.68,100,
09:58:48,66.68,154,
09:58:48,66.68,100,
09:58:50,66.69,100,
09:58:50,66.69,100,
09:58:50,66.69,400,
09:58:50,66.685,300,
09:58:50,66.69,100,
09:58:50,66.69,2100,
09:58:50,66.69,100,
09:58:50,66.69,2400,
09:58:50,66.69,1200,
09:58:50,66.69,2400,
09:58:50,66.69,154,
09:58:50,66.69,400,
09:58:50,66.69,500,
09:58:50,66.69,200,
09:58:50,66.69,103,
09:58:50,66.69,300,
09:58:50,66.69,200,
09:58:50,66.69,100,
09:58:50,66.685,300,
09:58:50,66.70,200,
09:58:50,66.70,3000,
09:58:50,66.685,200,
09:58:50,66.6922,500,
09:58:51,66.70,100,
09:58:51,66.70,100,
09:58:51,66.70,300,
09:58:51,66.70,600,
09:58:56,66.70,900,
09:58:58,66.69,200,
09:58:58,66.69,100,
09:58:58,66.69,200,
09:58:58,66.69,100,
09:59:03,66.68,500,
09:59:03,66.68,200,
09:59:03,66.68,100,
09:59:03,66.68,100,
09:59:06,66.69,100,
09:59:06,66.69,100,
09:59:06,66.69,200,
09:59:06,66.69,3900,
09:59:06,66.69,807,
09:59:06,66.69,200,
09:59:06,66.69,100,
09:59:06,66.69,100,
09:59:06,66.69,300,
09:59:06,66.69,100,
09:59:06,66.69,100,
09:59:06,66.69,200,
09:59:06,66.69,200,
09:59:06,66.69,100,
09:59:06,66.69,300,
09:59:06,66.69,100,
09:59:06,66.69,600,
09:59:06,66.69,100,
09:59:07,66.68,100,
09:59:07,66.68,100,
09:59:07,66.68,100,
09:59:07,66.68,100,
09:59:07,66.68,100,
09:59:07,66.68,400,
09:59:07,66.68,500,
09:59:07,66.68,400,
09:59:07,66.68,100,
09:59:09,66.68,200,
09:59:10,66.68,240,
09:59:11,66.68,100,
09:59:11,66.68,300,
09:59:11,66.68,300,
09:59:11,66.68,300,
09:59:11,66.675,300,
09:59:11,66.675,300,
09:59:11,66.675,400,
09:59:11,66.675,400,
09:59:14,66.68,400,
09:59:18,66.6899,300,
09:59:18,66.6899,300,
09:59:25,66.69,100,
09:59:28,66.685,400,
09:59:28,66.685,400,
09:59:31,66.69,100,
09:59:31,66.69,100,
09:59:39,66.69,100,
09:59:39,66.69,100,
09:59:42,66.69,200,
09:59:43,66.698,200,
09:59:43,66.698,100,
09:59:43,66.69,200,
09:59:44,66.69,20000,
09:59:45,66.69,400,
09:59:45,66.69,400,
09:59:45,66.69,100,
09:59:45,66.69,750,
09:59:45,66.69,350,
09:59:45,66.69,100,
09:59:45,66.69,100,
09:59:45,66.69,100,
09:59:45,66.69,100,
09:59:45,66.69,2500,
09:59:45,66.69,314,
09:59:45,66.69,2500,
09:59:45,66.69,400,
09:59:45,66.69,314,
09:59:45,66.69,1000,
09:59:45,66.70,100,
09:59:45,66.69,100,
09:59:50,66.6995,800,
09:59:51,66.70,180,
09:59:54,66.69,1600,
09:59:54,66.69,400,
09:59:54,66.69,1600,
09:59:54,66.69,150,
09:59:59,66.69,100,
09:59:59,66.69,400,
09:59:59,66.69,400,
09:59:59,66.69,1000,
09:59:59,66.69,1000,
09:59:59,66.69,100,
09:59:59,66.69,100,
09:59:59,66.69,104,
09:59:59,66.69,1800,
09:59:59,66.69,1900,
09:59:59,66.69,200,
10:00:01,66.69,100,
10:00:01,66.69,700,
10:00:01,66.69,200,
10:00:01,66.69,400,
10:00:01,66.69,100,
10:00:01,66.69,1000,
10:00:01,66.69,100,
10:00:01,66.69,300,
10:00:01,66.69,100,
10:00:01,66.69,100,
10:00:01,66.69,100,
10:00:01,66.69,500,
10:00:01,66.69,100,
10:00:01,66.69,100,
10:00:01,66.69,100,
10:00:01,66.69,500,
10:00:01,66.69,1300,
10:00:01,66.69,800,
10:00:01,66.685,200,
10:00:03,66.68,100,
10:00:03,66.685,600,
10:00:03,66.685,700,
10:00:03,66.685,400,
10:00:03,66.685,500,
10:00:03,66.685,300,
10:00:03,66.68,1000,
10:00:03,66.68,400,
10:00:03,66.68,222,
10:00:03,66.68,100,
10:00:03,66.68,200,
10:00:03,66.68,100,
10:00:03,66.68,100,
10:00:03,66.68,400,
10:00:03,66.68,300,
10:00:03,66.68,400,
10:00:03,66.68,200,
10:00:03,66.675,100,
10:00:04,66.675,100,
10:00:04,66.675,200,
10:00:09,66.675,400,
10:00:09,66.675,200,
10:00:09,66.675,900,
10:00:09,66.67,100,
10:00:09,66.67,500,
10:00:09,66.67,700,
10:00:09,66.67,100,
10:00:09,66.67,100,
10:00:09,66.67,100,
10:00:09,66.67,100,
10:00:09,66.67,200,
10:00:09,66.675,300,
10:00:09,66.675,300,
10:00:09,66.67,100,
10:00:09,66.67,200,
10:00:09,66.675,1000,
10:00:09,66.6725,100,
10:00:09,66.67,100,
10:00:09,66.665,200,
10:00:11,66.67,100,
10:00:11,66.67,100,
10:00:11,66.67,100,
10:00:11,66.67,900,
10:00:11,66.67,400,
10:00:11,66.67,500,
10:00:11,66.67,100,
10:00:11,66.67,200,
10:00:11,66.67,100,
10:00:11,66.67,200,
10:00:11,66.67,100,
10:00:11,66.665,200,
10:00:11,66.665,400,
10:00:11,66.67,200,
10:00:11,66.67,1700,
10:00:11,66.67,800,
10:00:11,66.67,200,
10:00:11,66.67,400,
10:00:11,66.67,400,
10:00:11,66.67,100,
10:00:11,66.675,300,
10:00:11,66.67,823,
10:00:11,66.67,200,
10:00:11,66.67,100,
10:00:11,66.67,723,
10:00:11,66.67,400,
10:00:11,66.67,100,
10:00:11,66.67,323,
10:00:11,66.67,600,
10:00:11,66.67,100,
10:00:19,66.665,100,
10:00:19,66.6606,100,
10:00:20,66.66,650,
10:00:20,66.66,200,
10:00:20,66.66,227,
10:00:20,66.66,400,
10:00:20,66.66,100,
10:00:20,66.66,100,
10:00:20,66.66,200,
10:00:20,66.67,100,
10:00:21,66.67,100,
10:00:21,66.665,400,
10:00:21,66.665,300,
10:00:21,66.66,100,
10:00:28,66.67,500,
10:00:29,66.66,500,
10:00:29,66.66,400,
10:00:29,66.66,100,
10:00:29,66.66,100,
10:00:29,66.66,300,
10:00:29,66.66,800,
10:00:29,66.66,100,
10:00:29,66.66,304,
10:00:29,66.66,100,
10:00:29,66.66,400,
10:00:29,66.66,100,
10:00:30,66.66,465,
10:00:31,66.66,300,
10:00:31,66.66,500,
10:00:31,66.6599,200,
10:00:31,66.66,100,
10:00:31,66.655,100,
10:00:31,66.65,100,
10:00:31,66.65,100,
10:00:31,66.66,100,
10:00:32,66.65,200,
10:00:33,66.65,100,
10:00:35,66.66,500,
10:00:35,66.66,100,
10:00:35,66.66,400,
10:00:35,66.66,300,
10:00:35,66.66,100,
10:00:35,66.655,100,
10:00:35,66.66,700,
10:00:35,66.66,500,
10:00:36,66.66,380,
10:00:36,66.66,100,
10:00:36,66.66,200,
10:00:36,66.66,100,
10:00:36,66.66,820,
10:00:36,66.66,500,
10:00:36,66.66,100,
10:00:36,66.65,300,
10:00:36,66.65,100,
10:00:36,66.65,100,
10:00:36,66.65,100,
10:00:36,66.65,100,
10:00:36,66.66,300,
10:00:36,66.66,300,
10:00:38,66.655,300,
10:00:40,66.65,100,
10:00:40,66.65,200,
10:00:40,66.65,400,
10:00:40,66.65,100,
10:00:40,66.65,300,
10:00:40,66.65,100,
10:00:40,66.65,150,
10:00:41,66.65,1000,
10:00:41,66.65,100,
10:00:41,66.65,100,
10:00:41,66.65,500,
10:00:44,66.65,100,
10:00:44,66.65,100,
10:00:44,66.65,300,
10:00:44,66.65,100,
10:00:44,66.65,100,
10:00:45,66.65,900,
10:00:45,66.65,154,
10:00:45,66.65,500,
10:00:45,66.65,100,
10:00:45,66.65,500,
10:00:46,66.64,300,
10:00:46,66.64,100,
10:00:46,66.64,500,
10:00:47,66.64,100,
10:00:47,66.64,100,
10:00:47,66.64,100,
10:00:47,66.64,100,
10:00:48,66.64,1476,
10:00:48,66.64,1500,
10:00:48,66.64,100,
10:00:48,66.64,100,
10:00:48,66.64,100,
10:00:48,66.64,200,
10:00:48,66.64,100,
10:00:48,66.64,100,
10:00:48,66.64,1675,
10:00:48,66.64,850,
10:00:48,66.64,400,
10:00:48,66.64,100,
10:00:48,66.64,475,
10:00:49,66.63,1000,
10:00:49,66.63,300,
10:00:50,66.64,400,
10:00:50,66.64,100,
10:00:50,66.64,100,
10:00:50,66.64,200,
10:00:50,66.635,300,
10:00:50,66.635,300,
10:00:51,66.64,400,
10:00:51,66.64,100,
10:00:51,66.64,100,
10:00:51,66.64,200,
10:00:51,66.64,100,
10:00:51,66.64,100,
10:00:51,66.64,700,
10:00:51,66.64,100,
10:00:51,66.64,100,
10:00:51,66.635,400,
10:00:51,66.64,100,
10:00:52,66.64,100,
10:00:52,66.64,100,
10:00:52,66.64,200,
10:00:56,66.64,100,
10:00:59,66.64,400,
10:00:59,66.64,400,
10:00:59,66.64,100,
10:00:59,66.64,278,
10:01:02,66.63,100,
10:01:03,66.63,100,
10:01:03,66.63,200,
10:01:09,66.6399,800,
10:01:09,66.63,259,
10:01:09,66.63,400,
10:01:09,66.63,100,
10:01:09,66.63,100,
10:01:09,66.63,100,
10:01:11,66.62,100,
10:01:11,66.62,300,
10:01:11,66.62,100,
10:01:12,66.62,100,
10:01:15,66.62,100,
10:01:15,66.62,100,
10:01:15,66.62,100,
10:01:15,66.62,100,
10:01:15,66.62,100,
10:01:15,66.62,100,
10:01:15,66.62,200,
10:01:15,66.62,100,
10:01:15,66.62,300,
10:01:15,66.62,300,
10:01:15,66.62,1000,
10:01:15,66.62,600,
10:01:15,66.6205,800,
10:01:16,66.62,500,
10:01:16,66.62,100,
10:01:16,66.62,400,
10:01:18,66.63,2500,
10:01:20,66.63,100,
10:01:20,66.63,200,
10:01:20,66.63,400,
10:01:20,66.63,100,
10:01:20,66.63,1000,
10:01:20,66.63,100,
10:01:20,66.625,100,
10:01:20,66.625,300,
10:01:20,66.625,300,
10:01:20,66.625,200,
10:01:22,66.625,200,
10:01:24,66.6391,1500,
10:01:29,66.63,1000,
10:01:29,66.63,700,
10:01:29,66.63,100,
10:01:29,66.63,400,
10:01:29,66.63,100,
10:01:29,66.63,100,
10:01:29,66.63,400,
10:01:29,66.63,100,
10:01:29,66.62,300,
10:01:29,66.62,100,
10:01:29,66.62,100,
10:01:29,66.62,100,
10:01:29,66.62,100,
10:01:29,66.62,200,
10:01:29,66.62,1000,
10:01:33,66.62,377,
10:01:33,66.62,100,
10:01:33,66.62,100,
10:01:33,66.62,100,
10:01:33,66.62,100,
10:01:34,66.62,100,
10:01:38,66.62,286,
10:01:38,66.62,300,
10:01:38,66.615,300,
10:01:38,66.615,100,
10:01:38,66.62,200,
10:01:38,66.62,100,
10:01:38,66.62,100,
10:01:38,66.62,100,
10:01:38,66.62,500,
10:01:38,66.62,100,
10:01:38,66.62,900,
10:01:38,66.62,100,
10:01:38,66.62,300,
10:01:38,66.615,1600,
10:01:38,66.62,100,
10:01:38,66.62,114,
10:01:38,66.62,100,
10:01:38,66.62,900,
10:01:42,66.62,100,
10:01:42,66.62,886,
10:01:42,66.62,100,
10:01:42,66.62,100,
10:01:42,66.62,200,
10:01:42,66.62,186,
10:01:42,66.62,100,
10:01:42,66.62,1000,
10:01:43,66.62,100,
10:01:43,66.62,100,
10:01:43,66.62,200,
10:01:43,66.62,200,
10:01:43,66.62,300,
10:01:44,66.63,500,
10:01:48,66.63,100,
10:01:52,66.62,200,
10:01:52,66.62,200,
10:01:53,66.62,100,
10:01:53,66.62,100,
10:01:53,66.62,800,
10:01:53,66.62,100,
10:01:53,66.62,100,
10:01:53,66.62,200,
10:01:53,66.62,100,
10:01:54,66.63,800,
10:01:54,66.63,100,
10:01:54,66.63,100,
10:01:54,66.63,100,
10:02:03,66.62,100,
10:02:03,66.62,2700,
10:02:05,66.63,600,
10:02:05,66.625,300,
10:02:05,66.625,300,
10:02:06,66.63,300,
10:02:06,66.63,100,
10:02:06,66.63,600,
10:02:06,66.63,100,
10:02:06,66.63,100,
10:02:06,66.63,100,
10:02:06,66.63,400,
10:02:06,66.63,300,
10:02:07,66.62,400,
10:02:07,66.62,315,
10:02:07,66.62,100,
10:02:07,66.62,300,
10:02:07,66.62,100,
10:02:07,66.62,162,
10:02:07,66.62,100,
10:02:07,66.615,300,
10:02:08,66.62,100,
10:02:08,66.62,100,
10:02:08,66.62,100,
10:02:08,66.62,100,
10:02:08,66.62,400,
10:02:08,66.62,100,
10:02:08,66.62,200,
10:02:10,66.63,100,
10:02:10,66.63,300,
10:02:10,66.63,600,
10:02:10,66.63,500,
10:02:10,66.63,300,
10:02:10,66.63,400,
10:02:10,66.63,1000,
10:02:10,66.63,100,
10:02:10,66.63,100,
10:02:10,66.63,700,
10:02:10,66.63,500,
10:02:11,66.64,200,
10:02:11,66.64,600,
10:02:11,66.64,400,
10:02:11,66.64,400,
10:02:11,66.64,100,
10:02:11,66.64,100,
10:02:11,66.64,300,
10:02:11,66.64,400,
10:02:11,66.64,1000,
10:02:11,66.64,600,
10:02:12,66.64,100,
10:02:12,66.64,100,
10:02:12,66.64,100,
10:02:12,66.64,100,
10:02:12,66.64,100,
10:02:12,66.64,100,
10:02:13,66.63,500,
10:02:14,66.63,100,
10:02:14,66.63,600,
10:02:14,66.63,100,
10:02:14,66.63,100,
10:02:20,66.62,500,
10:02:20,66.62,400,
10:02:20,66.62,500,
10:02:20,66.62,300,
10:02:20,66.62,100,
10:02:20,66.62,100,
10:02:25,66.62,100,
10:02:25,66.62,100,
10:02:25,66.62,700,
10:02:25,66.62,100,
10:02:25,66.62,200,
10:02:25,66.62,600,
10:02:25,66.62,1000,
10:02:25,66.62,300,
10:02:25,66.62,500,
10:02:30,66.62,100,
10:02:30,66.62,300,
10:02:30,66.62,100,
10:02:30,66.62,300,
10:02:31,66.62,200,
10:02:31,66.62,400,
10:02:31,66.62,100,
10:02:31,66.62,1000,
10:02:31,66.62,100,
10:02:31,66.62,400,
10:02:31,66.62,200,
10:02:31,66.62,100,
10:02:32,66.63,110,
10:02:32,66.63,100,
10:02:32,66.63,400,
10:02:32,66.63,210,
10:02:32,66.63,100,
10:02:32,66.63,400,
10:02:33,66.64,400,
10:02:33,66.64,600,
10:02:33,66.64,400,
10:02:33,66.64,100,
10:02:33,66.64,300,
10:02:33,66.64,400,
10:02:33,66.64,100,
10:02:33,66.64,200,
10:02:33,66.64,400,
10:02:33,66.64,100,
10:02:33,66.64,400,
10:02:36,66.63,400,
10:02:36,66.63,100,
10:02:36,66.63,100,
10:02:36,66.63,300,
10:02:36,66.63,100,
10:02:36,66.63,100,
10:02:36,66.63,100,
10:02:36,66.63,100,
10:02:40,66.63,100,
10:02:40,66.63,100,
10:02:41,66.62,1000,
10:02:41,66.62,500,
10:02:41,66.62,300,
10:02:41,66.62,700,
10:02:41,66.62,100,
10:02:41,66.6201,2200,
10:02:41,66.6201,2000,
10:02:41,66.62,100,
10:02:41,66.62,200,
10:02:42,66.62,500,
10:02:42,66.62,500,
10:02:42,66.62,300,
10:02:42,66.62,100,
10:02:42,66.62,100,
10:02:44,66.62,800,
10:02:44,66.63,600,
10:02:44,66.625,300,
10:02:46,66.63,100,
10:02:46,66.63,400,
10:02:46,66.63,400,
10:02:46,66.63,100,
10:02:46,66.63,100,
10:02:46,66.625,300,
10:02:46,66.63,800,
10:02:46,66.63,100,
10:02:46,66.63,100,
10:02:46,66.63,100,
10:02:46,66.63,300,
10:02:46,66.63,400,
10:02:46,66.63,100,
10:02:46,66.63,500,
10:02:46,66.63,200,
10:02:46,66.63,100,
10:02:46,66.63,1230,
10:02:52,66.635,300,
10:02:53,66.64,100,
10:02:53,66.64,200,
10:02:53,66.64,100,
10:02:53,66.64,400,
10:02:53,66.64,100,
10:02:53,66.64,200,
10:02:53,66.635,300,
10:02:53,66.635,100,
10:02:53,66.635,300,
10:02:53,66.64,300,
10:02:53,66.64,150,
10:02:53,66.64,1600,
10:02:54,66.64,600,
10:02:54,66.64,400,
10:02:54,66.64,100,
10:02:54,66.64,100,
10:02:54,66.64,100,
10:02:54,66.64,250,
10:02:54,66.64,550,
10:02:54,66.64,100,
10:02:54,66.64,100,
10:02:54,66.64,100,
10:02:57,66.63,100,
10:02:57,66.63,100,
10:02:57,66.63,100,
10:02:57,66.63,200,
10:03:06,66.629,1000,
10:03:06,66.63,272,
10:03:08,66.62,1000,
10:03:13,66.62,100,
10:03:13,66.62,200,
10:03:13,66.62,300,
10:03:13,66.62,100,
10:03:13,66.62,100,
10:03:13,66.62,100,
10:03:13,66.62,300,
10:03:13,66.62,476,
10:03:13,66.62,300,
10:03:13,66.62,400,
10:03:13,66.62,1824,
10:03:16,66.61,500,
10:03:16,66.61,2400,
10:03:16,66.61,500,
10:03:16,66.61,500,
10:03:19,66.615,200,
10:03:19,66.615,100,
10:03:19,66.615,200,
10:03:19,66.615,200,
10:03:19,66.615,200,
10:03:19,66.615,200,
10:03:19,66.6199,100,
10:03:20,66.62,100,
10:03:20,66.62,200,
10:03:20,66.62,300,
10:03:20,66.62,200,
10:03:20,66.62,400,
10:03:20,66.62,1000,
10:03:20,66.62,600,
10:03:20,66.62,248,
10:03:26,66.63,100,
10:03:26,66.63,100,
10:03:26,66.63,200,
10:03:26,66.63,400,
10:03:26,66.63,834,
10:03:29,66.64,300,
10:03:29,66.64,400,
10:03:29,66.64,400,
10:03:29,66.64,100,
10:03:29,66.64,1100,
10:03:29,66.6401,1800,
10:03:32,66.64,100,
10:03:33,66.64,100,
10:03:33,66.64,200,
10:03:33,66.64,100,
10:03:33,66.64,100,
10:03:33,66.64,1000,
10:03:33,66.64,100,
10:03:33,66.64,100,
10:03:33,66.645,400,
10:03:35,66.63,400,
10:03:35,66.63,100,
10:03:35,66.63,100,
10:03:35,66.63,100,
10:03:35,66.63,100,
10:03:35,66.63,100,
10:03:35,66.63,200,
10:03:37,66.63,100,
10:03:37,66.63,100,
10:03:37,66.63,400,
10:03:38,66.63,100,
10:03:38,66.63,100,
10:03:38,66.63,300,
10:03:47,66.64,978,
10:03:47,66.64,100,
10:03:47,66.64,100,
10:03:47,66.64,400,
10:03:47,66.64,100,
10:03:47,66.635,200,
10:03:47,66.635,200,
10:03:47,66.635,200,
10:03:51,66.65,100,
10:03:51,66.65,100,
10:03:51,66.65,200,
10:03:51,66.65,100,
10:03:52,66.66,900,
10:03:52,66.66,100,
10:03:52,66.66,100,
10:03:52,66.66,800,
10:03:52,66.66,200,
10:03:52,66.66,100,
10:03:52,66.66,1200,
10:03:57,66.66,100,
10:03:57,66.66,100,
10:03:57,66.66,200,
10:03:57,66.66,400,
10:03:57,66.66,100,
10:03:58,66.66,100,
10:03:58,66.66,100,
10:03:58,66.66,100,
10:03:58,66.66,100,
10:03:58,66.66,100,
10:03:58,66.66,469,
10:03:59,66.6695,800,
10:04:02,66.665,200,
10:04:04,66.67,277,
10:04:07,66.6688,500,
10:04:08,66.66,100,
10:04:08,66.66,200,
10:04:08,66.66,100,
10:04:08,66.66,100,
10:04:08,66.66,100,
10:04:08,66.66,200,
10:04:08,66.66,100,
10:04:09,66.65,100,
10:04:09,66.65,2400,
10:04:09,66.65,200,
10:04:09,66.65,300,
10:04:09,66.655,300,
10:04:10,66.66,200,
10:04:10,66.66,200,
10:04:10,66.655,200,
10:04:19,66.665,200,
10:04:23,66.66,100,
10:04:23,66.66,100,
10:04:23,66.66,100,
10:04:31,66.65,100,
10:04:31,66.65,500,
10:04:31,66.65,400,
10:04:33,66.655,500,
10:04:34,66.655,200,
10:04:36,66.66,100,
10:04:36,66.655,300,
10:04:37,66.66,100,
10:04:37,66.66,100,
10:04:37,66.66,100,
10:04:39,66.66,300,
10:04:39,66.66,100,
10:04:39,66.66,100,
10:04:39,66.66,200,
10:04:39,66.66,200,
10:04:41,66.6599,100,
10:04:43,66.6579,100,
10:04:47,66.6556,101,
10:04:50,66.66,300,
10:04:55,66.66,100,
10:04:55,66.66,100,
10:04:55,66.66,100,
10:04:55,66.66,362,
10:04:55,66.66,100,
10:04:55,66.66,100,
10:04:55,66.66,200,
10:04:55,66.66,500,
10:04:55,66.665,200,
10:05:00,66.655,200,
10:05:03,66.655,200,
10:05:03,66.655,400,
10:05:03,66.65,2000,
10:05:03,66.65,100,
10:05:06,66.655,100,
10:05:11,66.655,100,
10:05:11,66.655,100,
10:05:11,66.655,100,
10:05:13,66.65,100,
10:05:13,66.65,100,
10:05:13,66.65,200,
10:05:13,66.65,100,
10:05:13,66.65,100,
10:05:13,66.65,100,
10:05:13,66.65,100,
10:05:13,66.64,100,
10:05:13,66.64,200,
10:05:13,66.64,100,
10:05:18,66.64,400,
10:05:18,66.64,200,
10:05:18,66.64,300,
10:05:18,66.64,200,
10:05:18,66.64,900,
10:05:18,66.64,400,
10:05:18,66.64,100,
10:05:21,66.64,800,
10:05:21,66.64,100,
10:05:21,66.64,100,
10:05:21,66.64,400,
10:05:21,66.64,400,
10:05:21,66.64,100,
10:05:21,66.64,100,
10:05:21,66.64,300,
10:05:21,66.64,100,
10:05:21,66.64,100,
10:05:21,66.64,200,
10:05:21,66.645,100,
10:05:23,66.63,200,
10:05:24,66.63,200,
10:05:26,66.632,250,
10:05:26,66.632,100,
10:05:26,66.632,100,
10:05:29,66.63,1000,
10:05:29,66.63,300,
10:05:29,66.63,400,
10:05:29,66.63,700,
10:05:29,66.63,400,
10:05:30,66.635,100,
10:05:30,66.635,100,
10:05:31,66.63,100,
10:05:31,66.63,100,
10:05:31,66.63,100,
10:05:31,66.63,100,
10:05:31,66.63,400,
10:05:31,66.635,100,
10:05:38,66.625,100,
10:05:38,66.625,100,
10:05:38,66.63,100,
10:05:39,66.63,100,
10:05:39,66.63,100,
10:05:40,66.625,100,
10:05:40,66.625,100,
10:05:40,66.625,100,
10:05:40,66.63,100,
10:05:40,66.625,200,
10:05:41,66.63,100,
10:05:41,66.63,100,
10:05:41,66.625,500,
10:05:41,66.63,600,
10:05:41,66.635,100,
10:05:41,66.635,1000,
10:05:45,66.63,100,
10:05:45,66.63,100,
10:05:45,66.63,100,
10:05:45,66.63,100,
10:05:45,66.63,100,
10:05:45,66.63,100,
10:05:45,66.63,1000,
10:05:48,66.635,100,
10:05:49,66.63,100,
10:05:49,66.63,100,
10:05:49,66.63,200,
10:05:49,66.63,200,
10:05:51,66.63,200,
10:05:51,66.63,600,
10:05:51,66.63,400,
10:05:51,66.63,500,
10:05:51,66.63,400,
10:05:51,66.63,300,
10:05:51,66.63,100,
10:05:51,66.63,100,
10:05:51,66.625,100,
10:05:51,66.63,100,
10:05:55,66.635,200,
10:05:55,66.64,200,
10:05:55,66.64,400,
10:05:55,66.64,100,
10:05:55,66.64,100,
10:05:55,66.64,100,
10:05:55,66.64,100,
10:05:55,66.64,300,
10:05:55,66.64,175,
10:05:55,66.64,1200,
10:05:55,66.64,500,
10:05:55,66.64,200,
10:05:55,66.635,1400,
10:05:55,66.635,500,
10:06:00,66.65,100,
10:06:00,66.65,100,
10:06:01,66.64,1000,
10:06:01,66.64,400,
10:06:03,66.64,100,
10:06:03,66.64,100,
10:06:08,66.64,100,
10:06:12,66.635,100,
10:06:12,66.64,100,
10:06:12,66.64,3700,
10:06:12,66.64,5100,
10:06:12,66.64,200,
10:06:12,66.64,2000,
10:06:12,66.64,800,
10:06:12,66.64,500,
10:06:12,66.64,815,
10:06:12,66.64,600,
10:06:12,66.64,100,
10:06:12,66.64,400,
10:06:12,66.64,100,
10:06:12,66.64,100,
10:06:12,66.64,600,
10:06:12,66.64,200,
10:06:12,66.64,400,
10:06:12,66.64,100,
10:06:12,66.64,1000,
10:06:12,66.64,200,
10:06:12,66.635,100,
10:06:12,66.64,1900,
10:06:12,66.635,200,
10:06:12,66.64,500,
10:06:12,66.64,400,
10:06:17,66.65,300,
10:06:17,66.65,200,
10:06:17,66.65,200,
10:06:17,66.65,300,
10:06:17,66.65,1000,
10:06:17,66.65,100,
10:06:17,66.65,1000,
10:06:17,66.65,500,
10:06:22,66.66,100,
10:06:22,66.66,300,
10:06:24,66.67,100,
10:06:26,66.66,100,
10:06:26,66.66,1000,
10:06:26,66.66,100,
10:06:26,66.66,200,
10:06:26,66.66,100,
10:06:26,66.66,400,
10:06:26,66.66,100,
10:06:26,66.66,600,
10:06:26,66.65,200,
10:06:28,66.65,100,
10:06:28,66.65,100,
10:06:28,66.65,100,
10:06:28,66.65,100,
10:06:29,66.64,100,
10:06:29,66.64,100,
10:06:29,66.64,400,
10:06:29,66.64,1000,
10:06:29,66.64,400,
10:06:29,66.64,100,
10:06:29,66.64,100,
10:06:32,66.64,600,
10:06:32,66.64,400,
10:06:32,66.64,2881,
10:06:32,66.64,400,
10:06:32,66.64,100,
10:06:32,66.64,100,
10:06:32,66.64,400,
10:06:32,66.635,200,
10:06:32,66.635,100,
10:06:33,66.64,100,
10:06:33,66.635,100,
10:06:34,66.645,100,
10:06:39,66.645,100,
10:06:39,66.645,100,
10:06:39,66.64,500,
10:06:42,66.645,100,
10:06:43,66.64,100,
10:06:43,66.64,200,
10:06:43,66.64,700,
10:06:43,66.64,500,
10:06:47,66.645,100,
10:06:47,66.65,100,
10:06:49,66.65,200,
10:06:49,66.64,400,
10:06:49,66.64,100,
10:06:49,66.64,1000,
10:06:49,66.64,100,
10:06:49,66.64,200,
10:06:49,66.64,100,
10:06:49,66.64,100,
10:06:49,66.63,100,
10:06:49,66.63,100,
10:06:49,66.63,100,
10:06:49,66.63,1000,
10:06:49,66.63,200,
10:06:49,66.63,100,
10:06:49,66.63,200,
10:06:49,66.63,100,
10:06:49,66.63,100,
10:06:49,66.63,200,
10:06:50,66.63,200,
10:06:50,66.63,500,
10:06:51,66.63,700,
10:06:51,66.62,2400,
10:06:52,66.63,400,
10:06:53,66.622,500,
10:06:54,66.625,100,
10:06:54,66.625,100,
10:06:55,66.63,100,
10:06:55,66.62,200,
10:06:55,66.62,600,
10:06:55,66.62,400,
10:06:55,66.62,100,
10:06:56,66.63,100,
10:07:03,66.62,100,
10:07:03,66.62,100,
10:07:03,66.62,100,
10:07:03,66.625,100,
10:07:05,66.61,500,
10:07:05,66.61,100,
10:07:05,66.61,100,
10:07:05,66.61,500,
10:07:05,66.61,100,
10:07:05,66.61,400,
10:07:09,66.61,200,
10:07:09,66.61,100,
10:07:09,66.61,1600,
10:07:09,66.61,100,
10:07:09,66.61,100,
10:07:09,66.61,200,
10:07:09,66.61,400,
10:07:09,66.61,100,
10:07:09,66.61,100,
10:07:09,66.605,100,
10:07:09,66.605,100,
10:07:09,66.605,100,
10:07:10,66.61,500,
10:07:10,66.6101,1800,
10:07:10,66.6101,1800,
10:07:10,66.61,500,
10:07:10,66.61,200,
10:07:10,66.6101,100,
10:07:10,66.61,400,
10:07:10,66.61,1000,
10:07:10,66.61,100,
10:07:10,66.61,700,
10:07:10,66.61,100,
10:07:10,66.61,400,
10:07:10,66.61,400,
10:07:10,66.61,100,
10:07:10,66.61,200,
10:07:11,66.61,400,
10:07:11,66.61,100,
10:07:12,66.62,400,
10:07:12,66.62,100,
10:07:12,66.62,1000,
10:07:12,66.62,100,
10:07:12,66.62,978,
10:07:12,66.62,100,
10:07:12,66.62,500,
10:07:12,66.62,400,
10:07:12,66.62,100,
10:07:12,66.62,100,
10:07:12,66.62,600,
10:07:12,66.62,7000,
10:07:12,66.62,800,
10:07:12,66.62,100,
10:07:12,66.62,100,
10:07:12,66.62,100,
10:07:12,66.62,200,
10:07:12,66.62,200,
10:07:12,66.615,100,
10:07:12,66.61,1000,
10:07:12,66.6179,800,
10:07:12,66.62,100,
10:07:13,66.62,100,
10:07:13,66.62,100,
10:07:13,66.62,200,
10:07:13,66.62,400,
10:07:13,66.62,100,
10:07:13,66.62,100,
10:07:13,66.62,100,
10:07:15,66.62,100,
10:07:15,66.62,100,
10:07:15,66.62,100,
10:07:16,66.62,100,
10:07:18,66.61,244,
10:07:20,66.615,100,
10:07:20,66.615,100,
10:07:21,66.61,100,
10:07:21,66.61,600,
10:07:21,66.61,500,
10:07:21,66.62,400,
10:07:21,66.62,100,
10:07:21,66.62,700,
10:07:21,66.62,100,
10:07:24,66.62,600,
10:07:24,66.62,400,
10:07:24,66.625,200,
10:07:33,66.615,100,
10:07:33,66.615,100,
10:07:33,66.61,100,
10:07:33,66.61,100,
10:07:33,66.61,200,
10:07:33,66.61,822,
10:07:33,66.615,100,
10:07:39,66.605,200,
10:07:40,66.60,900,
10:07:43,66.605,100,
10:07:43,66.605,100,
10:07:43,66.605,100,
10:07:45,66.6014,700,
10:07:48,66.60,1500,
10:07:50,66.605,100,
10:07:50,66.605,100,
10:07:52,66.61,400,
10:07:52,66.61,500,
10:07:52,66.61,400,
10:07:52,66.605,100,
10:07:52,66.605,100,
10:07:52,66.61,900,
10:07:53,66.61,100,
10:07:53,66.61,100,
10:07:53,66.61,500,
10:07:53,66.61,400,
10:07:53,66.61,400,
10:07:53,66.61,100,
10:07:53,66.61,400,
10:07:55,66.6003,300,
10:07:55,66.60,300,
10:07:55,66.60,300,
10:07:55,66.6001,100,
10:07:55,66.6001,300,
10:07:55,66.60,200,
10:07:55,66.60,100,
10:07:55,66.60,500,
10:07:55,66.60,100,
10:07:55,66.60,100,
10:07:56,66.60,300,
10:07:57,66.60,500,
10:07:58,66.60,800,
10:07:58,66.60,600,
10:08:00,66.60,100,
10:08:00,66.60,200,
10:08:00,66.60,200,
10:08:00,66.60,3000,
10:08:00,66.60,100,
10:08:00,66.60,100,
10:08:00,66.60,100,
10:08:00,66.60,100,
10:08:00,66.60,200,
10:08:00,66.60,200,
10:08:00,66.60,100,
10:08:00,66.60,100,
10:08:00,66.60,600,
10:08:00,66.60,3355,
10:08:00,66.60,100,
10:08:00,66.60,100,
10:08:00,66.60,1500,
10:08:00,66.60,1600,
10:08:00,66.60,11293,
10:08:00,66.60,700,
10:08:00,66.60,5415,
10:08:00,66.60,1000,
10:08:00,66.60,300,
10:08:00,66.60,100,
10:08:00,66.60,800,
10:08:00,66.60,853,
10:08:00,66.60,847,
10:08:00,66.60,100,
10:08:00,66.60,100,
10:08:00,66.59,300,
10:08:00,66.59,100,
10:08:00,66.59,100,
10:08:00,66.59,100,
10:08:00,66.59,400,
10:08:00,66.59,100,
10:08:00,66.58,600,
10:08:00,66.58,600,
10:08:00,66.58,100,
10:08:00,66.58,100,
10:08:00,66.58,100,
10:08:00,66.58,300,
10:08:03,66.5679,387,
10:08:03,66.56,100,
10:08:03,66.56,400,
10:08:03,66.5601,200,
10:08:03,66.56,100,
10:08:03,66.56,200,
10:08:03,66.5601,200,
10:08:03,66.56,100,
10:08:03,66.56,300,
10:08:03,66.56,100,
10:08:03,66.56,100,
10:08:04,66.5509,500,
10:08:04,66.5501,200,
10:08:04,66.5501,200,
10:08:04,66.56,100,
10:08:04,66.56,100,
10:08:04,66.56,100,
10:08:04,66.56,100,
10:08:04,66.56,700,
10:08:04,66.56,400,
10:08:04,66.56,100,
10:08:04,66.56,400,
10:08:04,66.56,400,
10:08:04,66.56,100,
10:08:04,66.56,100,
10:08:04,66.56,200,
10:08:04,66.56,200,
10:08:07,66.56,100,
10:08:08,66.57,500,
10:08:08,66.57,100,
10:08:08,66.57,100,
10:08:08,66.57,100,
10:08:08,66.57,100,
10:08:08,66.58,777,
10:08:08,66.57,200,
10:08:08,66.58,100,
10:08:13,66.58,300,
10:08:13,66.57,400,
10:08:14,66.57,500,
10:08:14,66.57,100,
10:08:14,66.57,200,
10:08:16,66.56,200,
10:08:16,66.56,100,
10:08:16,66.56,100,
10:08:16,66.56,100,
10:08:16,66.56,100,
10:08:16,66.56,400,
10:08:16,66.56,100,
10:08:16,66.56,100,
10:08:16,66.56,100,
10:08:18,66.55,400,
10:08:18,66.55,400,
10:08:22,66.55,400,
10:08:22,66.55,1000,
10:08:22,66.55,1000,
10:08:22,66.56,400,
10:08:22,66.56,100,
10:08:22,66.56,100,
10:08:23,66.55,200,
10:08:23,66.55,500,
10:08:23,66.55,100,
10:08:23,66.55,100,
10:08:24,66.55,300,
10:08:24,66.55,400,
10:08:26,66.55,285,
10:08:26,66.55,100,
10:08:26,66.55,200,
10:08:26,66.55,715,
10:08:27,66.54,100,
10:08:27,66.54,200,
10:08:27,66.54,300,
10:08:31,66.55,300,
10:08:31,66.55,100,
10:08:31,66.55,400,
10:08:31,66.55,100,
10:08:32,66.55,300,
10:08:32,66.55,100,
10:08:34,66.5513,1000,
10:08:34,66.56,100,
10:08:34,66.56,100,
10:08:35,66.5521,3000,
10:08:35,66.56,100,
10:08:35,66.56,100,
10:08:35,66.56,100,
10:08:36,66.55,400,
10:08:36,66.55,400,
10:08:37,66.56,100,
10:08:37,66.56,400,
10:08:37,66.57,100,
10:08:37,66.57,100,
10:08:38,66.5679,100,
10:08:38,66.57,400,
10:08:38,66.57,500,
10:08:38,66.57,100,
10:08:38,66.57,600,
10:08:38,66.57,100,
10:08:38,66.57,500,
10:08:38,66.57,924,
10:08:38,66.57,100,
10:08:38,66.57,500,
10:08:38,66.57,1000,
10:08:38,66.57,300,
10:08:40,66.57,400,
10:08:40,66.57,100,
10:08:40,66.57,189,
10:08:43,66.56,300,
10:08:43,66.56,100,
10:08:43,66.56,300,
10:08:43,66.57,600,
10:08:46,66.56,100,
10:08:46,66.56,400,
10:08:46,66.56,100,
10:08:46,66.56,100,
10:08:46,66.56,100,
10:08:46,66.56,100,
10:08:46,66.56,100,
10:08:46,66.56,100,
10:08:46,66.56,100,
10:08:46,66.55,100,
10:08:46,66.55,700,
10:08:46,66.55,100,
10:08:48,66.55,100,
10:08:48,66.55,200,
10:08:48,66.55,200,
10:08:50,66.55,200,
10:08:50,66.55,100,
10:08:50,66.55,100,
10:08:50,66.55,100,
10:08:50,66.5512,200,
10:08:50,66.5513,200,
10:08:50,66.5512,100,
10:08:53,66.55,1000,
10:08:53,66.55,100,
10:08:53,66.55,100,
10:08:53,66.55,1000,
10:08:53,66.55,100,
10:08:53,66.55,200,
10:08:53,66.55,100,
10:08:53,66.55,100,
10:08:53,66.55,100,
10:08:53,66.55,100,
10:08:53,66.55,824,
10:08:54,66.55,100,
10:08:54,66.55,1000,
10:08:57,66.54,200,
10:08:57,66.54,100,
10:08:57,66.54,100,
10:08:57,66.54,100,
10:08:57,66.54,100,
10:08:58,66.54,400,
10:08:58,66.54,100,
10:08:58,66.54,200,
10:09:00,66.53,300,
10:09:00,66.53,300,
10:09:00,66.54,100,
10:09:00,66.54,100,
10:09:00,66.54,600,
10:09:00,66.54,200,
10:09:00,66.54,100,
10:09:02,66.54,200,
10:09:02,66.54,100,
10:09:02,66.54,100,
10:09:03,66.54,100,
10:09:03,66.54,100,
10:09:03,66.54,100,
10:09:03,66.54,100,
10:09:03,66.54,100,
10:09:03,66.54,100,
10:09:03,66.54,400,
10:09:03,66.54,1000,
10:09:03,66.54,100,
10:09:03,66.54,383,
10:09:03,66.53,300,
10:09:03,66.53,200,
10:09:04,66.54,211,
10:09:04,66.54,100,
10:09:04,66.54,100,
10:09:04,66.54,200,
10:09:04,66.54,100,
10:09:04,66.54,400,
10:09:04,66.54,100,
10:09:04,66.54,189,
10:09:04,66.54,100,
10:09:04,66.54,200,
10:09:04,66.54,100,
10:09:06,66.54,100,
10:09:06,66.54,200,
10:09:06,66.54,100,
10:09:06,66.54,100,
10:09:06,66.54,100,
10:09:06,66.54,100,
10:09:08,66.54,100,
10:09:08,66.54,100,
10:09:09,66.53,200,
10:09:09,66.53,200,
10:09:09,66.53,200,
10:09:09,66.53,555,
10:09:12,66.53,100,
10:09:14,66.53,100,
10:09:16,66.54,100,
10:09:16,66.53,100,
10:09:16,66.53,200,
10:09:18,66.535,300,
10:09:18,66.53,550,
10:09:18,66.53,493,
10:09:18,66.53,400,
10:09:18,66.53,1000,
10:09:18,66.53,593,
10:09:18,66.52,100,
10:09:18,66.52,100,
10:09:18,66.52,100,
10:09:22,66.52,1677,
10:09:22,66.52,100,
10:09:22,66.52,200,
10:09:22,66.52,100,
10:09:22,66.52,100,
10:09:22,66.52,100,
10:09:22,66.52,200,
10:09:22,66.52,1100,
10:09:22,66.52,237,
10:09:22,66.52,300,
10:09:22,66.52,100,
10:09:22,66.52,100,
10:09:22,66.52,500,
10:09:22,66.52,500,
10:09:22,66.52,100,
10:09:22,66.52,100,
10:09:22,66.52,163,
10:09:26,66.52,100,
10:09:26,66.52,100,
10:09:26,66.52,400,
10:09:26,66.52,200,
10:09:27,66.51,200,
10:09:27,66.51,100,
10:09:27,66.51,400,
10:09:27,66.51,100,
10:09:27,66.51,1000,
10:09:27,66.51,821,
10:09:27,66.51,100,
10:09:27,66.51,100,
10:09:27,66.51,221,
10:09:27,66.51,179,
10:09:27,66.51,100,
10:09:27,66.51,100,
10:09:27,66.51,100,
10:09:27,66.51,100,
10:09:27,66.51,200,
10:09:27,66.51,224,
10:09:27,66.51,400,
10:09:27,66.51,100,
10:09:28,66.50,300,
10:09:28,66.50,380,
10:09:28,66.50,300,
10:09:30,66.49,200,
10:09:30,66.49,100,
10:09:31,66.498,3000,
10:09:32,66.49,100,
10:09:34,66.49,100,
10:09:34,66.49,100,
10:09:34,66.50,200,
10:09:34,66.50,100,
10:09:34,66.50,200,
10:09:37,66.51,283,
10:09:37,66.51,100,
10:09:37,66.51,100,
10:09:37,66.51,200,
10:09:37,66.51,100,
10:09:37,66.51,400,
10:09:37,66.51,483,
10:09:37,66.51,529,
10:09:37,66.51,400,
10:09:37,66.505,100,
10:09:37,66.51,100,
10:09:37,66.51,100,
10:09:37,66.505,100,
10:09:37,66.51,100,
10:09:37,66.51,700,
10:09:37,66.51,100,
10:09:37,66.51,100,
10:09:37,66.51,100,
10:09:37,66.51,100,
10:09:37,66.51,100,
10:09:37,66.51,100,
10:09:37,66.51,300,
10:09:37,66.51,200,
10:09:37,66.52,800,
10:09:37,66.52,100,
10:09:38,66.51,300,
10:09:39,66.51,100,
10:09:39,66.51,100,
10:09:39,66.51,400,
10:09:41,66.50,200,
10:09:41,66.50,100,
10:09:41,66.50,100,
10:09:41,66.50,200,
10:09:41,66.50,100,
10:09:41,66.50,200,
10:09:41,66.50,400,
10:09:41,66.50,567,
10:09:42,66.50,100,
10:09:42,66.50,100,
10:09:42,66.50,100,
10:09:42,66.50,400,
10:09:42,66.50,233,
10:09:42,66.50,100,
10:09:42,66.50,477,
10:09:42,66.50,100,
10:09:42,66.50,100,
10:09:42,66.50,100,
10:09:42,66.50,200,
10:09:42,66.50,100,
10:09:42,66.49,100,
10:09:42,66.49,100,
10:09:42,66.50,700,
10:09:42,66.50,600,
10:09:42,66.50,200,
10:09:42,66.50,100,
10:09:42,66.50,100,
10:09:42,66.50,400,
10:09:44,66.50,100,
10:09:44,66.50,100,
10:09:44,66.50,100,
10:09:44,66.50,1500,
10:09:45,66.50,200,
10:09:45,66.50,100,
10:09:46,66.5001,2000,
10:09:47,66.50,100,
10:09:47,66.50,100,
10:09:48,66.50,100,
10:09:48,66.50,100,
10:09:49,66.50,100,
10:09:49,66.50,100,
10:09:50,66.50,133,
10:09:50,66.50,100,
10:09:50,66.50,100,
10:09:50,66.50,267,
10:09:50,66.50,400,
10:09:50,66.505,100,
10:09:50,66.505,100,
10:09:51,66.50,100,
10:09:51,66.50,100,
10:09:51,66.50,100,
10:09:51,66.50,667,
10:09:52,66.49,100,
10:09:53,66.49,100,
10:09:56,66.49,100,
10:09:56,66.49,200,
10:09:58,66.48,500,
10:10:00,66.49,100,
10:10:00,66.49,2000,
10:10:01,66.48,2000,
10:10:02,66.48,100,
10:10:02,66.48,200,
10:10:02,66.4802,500,
10:10:02,66.4801,10700,
10:10:02,66.48,700,
10:10:02,66.48,3300,
10:10:05,66.48,100,
10:10:14,66.49,380,
10:10:15,66.49,193,
10:10:15,66.49,102,
10:10:15,66.49,491,
10:10:15,66.49,100,
10:10:15,66.49,200,
10:10:15,66.49,600,
10:10:15,66.49,100,
10:10:16,66.50,100,
10:10:17,66.50,400,
10:10:17,66.50,500,
10:10:24,66.4999,300,
10:10:25,66.49,100,
10:10:25,66.49,1100,
10:10:25,66.49,100,
10:10:25,66.49,117,
10:10:25,66.49,139,
10:10:25,66.49,100,
10:10:25,66.49,100,
10:10:25,66.49,2300,
10:10:30,66.49,100,
10:10:30,66.49,200,
10:10:30,66.49,172,
10:10:30,66.49,400,
10:10:30,66.49,100,
10:10:34,66.4988,100,
10:10:35,66.499,100,
10:10:37,66.499,100,
10:10:38,66.50,230,
10:10:38,66.50,100,
10:10:39,66.50,300,
10:10:40,66.499,100,
10:10:42,66.49,900,
10:10:43,66.4972,100,
10:10:46,66.4993,100,
10:10:48,66.50,270,
10:10:48,66.50,100,
10:10:48,66.50,100,
10:10:48,66.499,100,
10:10:49,66.50,400,
10:10:49,66.50,200,
10:10:49,66.50,100,
10:10:49,66.50,200,
10:10:49,66.50,200,
10:10:49,66.50,1400,
10:10:49,66.50,100,
10:10:49,66.50,100,
10:10:50,66.499,100,
10:10:50,66.50,247,
10:10:50,66.50,600,
10:10:50,66.50,100,
10:10:50,66.50,400,
10:10:52,66.50,300,
10:10:52,66.50,100,
10:10:53,66.4972,100,
10:10:55,66.4972,100,
10:10:56,66.50,153,
10:10:57,66.50,200,
10:10:57,66.50,200,
10:10:57,66.50,200,
10:10:57,66.50,100,
10:10:57,66.50,100,
10:10:57,66.50,400,
10:10:57,66.50,200,
10:10:58,66.505,100,
10:11:00,66.509,100,
10:11:02,66.509,100,
10:11:04,66.5093,100,
10:11:06,66.5089,100,
10:11:08,66.50,100,
10:11:08,66.51,100,
10:11:08,66.51,400,
10:11:09,66.51,400,
10:11:09,66.51,200,
10:11:09,66.51,100,
10:11:09,66.51,100,
10:11:09,66.5099,100,
10:11:09,66.5099,100,
10:11:09,66.5099,200,
10:11:09,66.52,5700,
10:11:11,66.51,800,
10:11:12,66.519,100,
10:11:13,66.51,600,
10:11:13,66.51,100,
10:11:13,66.51,400,
10:11:15,66.52,150,
10:11:21,66.50,100,
10:11:21,66.50,100,
10:11:21,66.50,100,
10:11:21,66.50,100,
10:11:21,66.50,100,
10:11:21,66.50,800,
10:11:21,66.50,800,
10:11:21,66.50,300,
10:11:21,66.50,100,
10:11:21,66.50,100,
10:11:21,66.50,100,
10:11:21,66.50,100,
10:11:21,66.50,100,
10:11:21,66.50,100,
10:11:21,66.50,100,
10:11:21,66.50,100,
10:11:21,66.50,500,
10:11:21,66.50,100,
10:11:22,66.50,400,
10:11:22,66.50,145,
10:11:22,66.50,100,
10:11:22,66.50,600,
10:11:22,66.50,100,
10:11:22,66.50,400,
10:11:22,66.50,100,
10:11:22,66.50,100,
10:11:22,66.50,100,
10:11:22,66.50,500,
10:11:22,66.50,100,
10:11:24,66.50,100,
10:11:24,66.50,100,
10:11:24,66.50,100,
10:11:24,66.50,200,
10:11:24,66.50,100,
10:11:24,66.50,500,
10:11:24,66.50,100,
10:11:24,66.50,300,
10:11:24,66.50,3300,
10:11:24,66.50,1000,
10:11:25,66.50,100,
10:11:25,66.50,400,
10:11:25,66.50,100,
10:11:25,66.50,400,
10:11:25,66.50,100,
10:11:25,66.50,100,
10:11:29,66.50,1900,
10:11:30,66.499,100,
10:11:32,66.499,100,
10:11:34,66.499,100,
10:11:35,66.50,100,
10:11:35,66.50,100,
10:11:35,66.50,100,
10:11:35,66.50,100,
10:11:35,66.51,100,
10:11:36,66.50,100,
10:11:36,66.50,200,
10:11:36,66.50,200,
10:11:36,66.50,100,
10:11:36,66.50,100,
10:11:36,66.50,400,
10:11:36,66.50,200,
10:11:36,66.50,600,
10:11:36,66.50,100,
10:11:36,66.50,100,
10:11:36,66.505,100,
10:11:37,66.4986,100,
10:11:38,66.499,100,
10:11:39,66.50,500,
10:11:40,66.499,100,
10:11:41,66.4972,100,
10:11:45,66.49,176,
10:11:45,66.49,100,
10:11:45,66.49,100,
10:11:45,66.49,400,
10:11:45,66.49,600,
10:11:45,66.49,300,
10:11:45,66.48,800,
10:11:45,66.48,300,
10:11:46,66.48,1100,
10:11:48,66.48,100,
10:11:48,66.48,100,
10:11:55,66.47,1100,
10:11:55,66.47,800,
10:11:55,66.48,500,
10:11:56,66.48,200,
10:11:56,66.48,400,
10:11:56,66.48,600,
10:11:57,66.48,1600,
10:11:57,66.48,600,
10:11:57,66.48,100,
10:11:57,66.48,100,
10:11:57,66.48,100,
10:11:57,66.48,100,
10:11:57,66.48,100,
10:11:57,66.48,100,
10:11:57,66.4787,100,
10:11:58,66.48,100,
10:12:01,66.49,100,
10:12:01,66.49,100,
10:12:01,66.49,356,
10:12:01,66.49,100,
10:12:01,66.49,200,
10:12:01,66.49,200,
10:12:01,66.49,100,
10:12:01,66.49,300,
10:12:04,66.50,100,
10:12:04,66.50,400,
10:12:04,66.50,100,
10:12:04,66.51,131,
10:12:04,66.51,400,
10:12:04,66.51,469,
10:12:04,66.51,800,
10:12:04,66.51,400,
10:12:04,66.51,100,
10:12:04,66.51,100,
10:12:04,66.51,169,
10:12:07,66.5154,300,
10:12:07,66.51,300,
10:12:07,66.5199,2500,
10:12:14,66.52,100,
10:12:16,66.52,200,
10:12:16,66.52,100,
10:12:17,66.53,1000,
10:12:17,66.53,600,
10:12:17,66.53,800,
10:12:17,66.53,400,
10:12:18,66.52,100,
10:12:18,66.52,100,
10:12:18,66.52,400,
10:12:18,66.52,600,
10:12:18,66.52,1400,
10:12:19,66.5187,1500,
10:12:25,66.5157,100,
10:12:29,66.52,500,
10:12:31,66.5199,450,
10:12:37,66.5121,800,
10:12:52,66.52,100,
10:12:52,66.52,100,
10:13:04,66.52,100,
10:13:15,66.53,1300,
10:13:17,66.52,1200,
10:13:17,66.52,1000,
10:13:17,66.52,400,
10:13:17,66.52,1000,
10:13:17,66.52,5000,
10:13:17,66.52,100,
10:13:29,66.52,100,
10:13:33,66.52,100,
10:13:33,66.52,100,
10:13:33,66.52,300,
10:13:33,66.525,300,
10:13:34,66.519,100,
10:13:36,66.52,400,
10:13:36,66.52,500,
10:13:37,66.5292,500,
10:13:42,66.52,400,
10:13:42,66.52,100,
10:13:42,66.52,600,
10:13:42,66.52,400,
10:13:45,66.52,400,
10:13:46,66.52,100,
10:13:46,66.52,100,
10:13:46,66.52,100,
10:13:46,66.52,200,
10:13:46,66.52,100,
10:13:46,66.52,100,
10:13:48,66.53,500,
10:13:48,66.53,150,
10:13:48,66.525,300,
10:13:57,66.5299,2000,
10:14:01,66.53,150,
10:14:01,66.53,100,
10:14:01,66.53,100,
10:14:01,66.525,500,
10:14:01,66.53,100,
10:14:06,66.53,200,
10:14:10,66.54,400,
10:14:11,66.54,100,
10:14:17,66.54,100,
10:14:20,66.54,400,
10:14:20,66.54,400,
10:14:20,66.54,100,
10:14:20,66.54,100,
10:14:25,66.53,300,
10:14:30,66.53,300,
10:14:30,66.53,100,
10:14:32,66.53,100,
10:14:32,66.53,200,
10:14:32,66.53,800,
10:14:32,66.53,100,
10:14:32,66.535,100,
10:14:33,66.53,100,
10:14:33,66.53,400,
10:14:33,66.53,100,
10:14:33,66.53,300,
10:14:36,66.5321,100,
10:14:42,66.53,100,
10:14:44,66.53,400,
10:14:44,66.53,100,
10:14:44,66.53,100,
10:14:44,66.53,200,
10:14:44,66.53,400,
10:14:45,66.52,200,
10:14:48,66.53,100,
10:14:48,66.53,100,
10:14:48,66.53,100,
10:14:48,66.53,100,
10:14:48,66.53,534,
10:14:49,66.535,900,
10:14:52,66.54,100,
10:14:52,66.54,100,
