09:30:00,67.28,100,
09:30:00,67.28,200,
09:30:00,67.27,4914,
09:30:00,67.27,66532,
09:30:00,67.26,1200,
09:30:00,67.26,1000,
09:30:00,67.26,168,
09:30:00,67.28,100,
09:30:00,67.26,100,
09:30:00,67.26,100,
09:30:00,67.26,418,
09:30:00,67.27,473,
09:30:01,67.28,1500,
09:30:01,67.28,9100,
09:30:01,67.28,400,
09:30:01,67.27,8400,
09:30:02,67.28,217,
09:30:02,67.28,200,
09:30:02,67.27,200,
09:30:02,67.28,173,
09:30:02,67.28,617,
09:30:02,67.28,1028,
09:30:03,67.28,500,
09:30:03,67.28,200,
09:30:04,67.28,1000,
09:30:04,67.28,3135,
09:30:04,67.28,800,
09:30:04,67.28,200,
09:30:04,67.27,300,
09:30:04,67.27,100,
09:30:04,67.27,200,
09:30:04,67.27,1600,
09:30:04,67.27,200,
09:30:04,67.27,200,
09:30:04,67.2795,1000,
09:30:05,67.27,200,
09:30:07,67.27,300,
09:30:07,67.27,100,
09:30:08,67.28,1500,
09:30:08,67.28,200,
09:30:08,67.28,500,
09:30:10,67.28,200,
09:30:10,67.28,500,
09:30:10,67.28,100,
09:30:14,67.29,195,
09:30:14,67.29,100,
09:30:14,67.29,300,
09:30:14,67.28,110,
09:30:15,67.29,200,
09:30:15,67.29,200,
09:30:16,67.29,100,
09:30:17,67.29,1500,
09:30:17,67.29,200,
09:30:17,67.29,100,
09:30:17,67.29,200,
09:30:17,67.29,200,
09:30:17,67.29,100,
09:30:17,67.29,200,
09:30:17,67.29,1000,
09:30:17,67.29,167,
09:30:17,67.29,100,
09:30:17,67.29,100,
09:30:18,67.29,100,
09:30:19,67.30,300,
09:30:19,67.30,1800,
09:30:19,67.30,2400,
09:30:19,67.29,300,
09:30:19,67.29,200,
09:30:20,67.289,100,
09:30:21,67.30,100,
09:30:21,67.29,400,
09:30:21,67.28,200,
09:30:22,67.29,1300,
09:30:23,67.29,200,
09:30:23,67.28,500,
09:30:23,67.28,100,
09:30:23,67.2799,100,
09:30:25,67.27,100,
09:30:25,67.27,500,
09:30:25,67.27,500,
09:30:25,67.27,500,
09:30:25,67.27,500,
09:30:25,67.27,484,
09:30:26,67.28,600,
09:30:29,67.27,100,
09:30:30,67.27,3415,
09:30:31,67.2995,1000,
09:30:31,67.29,200,
09:30:31,67.2987,150,
09:30:31,67.2987,100,
09:30:32,67.26,500,
09:30:32,67.26,100,
09:30:32,67.26,500,
09:30:32,67.30,400,
09:30:33,67.26,100,
09:30:34,67.26,300,
09:30:38,67.2792,500,
09:30:41,67.2801,100,
09:30:41,67.27,500,
09:30:43,67.27,231,
09:30:43,67.27,200,
09:30:43,67.2599,500,
09:30:49,67.26,100,
09:30:49,67.25,185,
09:30:49,67.26,300,
09:30:50,67.259,400,
09:30:51,67.26,400,
09:30:52,67.27,200,
09:30:53,67.27,300,
09:30:55,67.28,500,
09:30:55,67.28,500,
09:30:57,67.28,390,
09:30:57,67.28,100,
09:30:57,67.28,300,
09:30:57,67.28,1500,
09:30:57,67.28,510,
09:30:57,67.28,100,
09:30:57,67.28,100,
09:30:57,67.28,600,
09:30:59,67.2899,1000,
09:31:01,67.29,300,
09:31:04,67.29,100,
09:31:04,67.29,100,
09:31:04,67.29,200,
09:31:04,67.29,200,
09:31:04,67.29,100,
09:31:04,67.29,100,
09:31:04,67.29,200,
09:31:04,67.29,300,
09:31:04,67.29,100,
09:31:04,67.29,1200,
09:31:04,67.29,200,
09:31:06,67.30,100,
09:31:06,67.30,500,
09:31:06,67.30,500,
09:31:09,67.30,200,
09:31:09,67.30,100,
09:31:09,67.30,100,
09:31:09,67.29,100,
09:31:09,67.29,300,
09:31:10,67.29,100,
09:31:10,67.29,100,
09:31:14,67.29,100,
09:31:15,67.2823,257,
09:31:18,67.28,200,
09:31:18,67.28,300,
09:31:18,67.28,100,
09:31:18,67.28,500,
09:31:18,67.28,200,
09:31:18,67.28,100,
09:31:22,67.28,100,
09:31:22,67.29,400,
09:31:24,67.2862,1500,
09:31:25,67.2899,100,
09:31:27,67.28,181,
09:31:28,67.29,100,
09:31:28,67.29,300,
09:31:28,67.29,274,
09:31:28,67.29,200,
09:31:30,67.30,100,
09:31:31,67.30,3600,
09:31:31,67.30,500,
09:31:31,67.31,1000,
09:31:32,67.30,100,
09:31:33,67.31,500,
09:31:34,67.30,100,
09:31:34,67.30,200,
09:31:34,67.30,1800,
09:31:34,67.29,500,
09:31:34,67.29,300,
09:31:35,67.29,100,
09:31:35,67.29,200,
09:31:41,67.30,100,
09:31:43,67.30,200,
09:31:43,67.30,100,
09:31:48,67.30,100,
09:31:48,67.2901,2000,
09:31:50,67.292,500,
09:31:53,67.31,290,
09:31:53,67.31,500,
09:31:53,67.31,810,
09:31:53,67.31,500,
09:31:54,67.32,200,
09:31:56,67.32,100,
09:31:57,67.32,500,
09:31:57,67.32,500,
09:31:59,67.32,100,
09:32:00,67.31,500,
09:32:02,67.31,100,
09:32:02,67.3001,600,
09:32:04,67.31,100,
09:32:06,67.31,6171,
09:32:08,67.31,200,
09:32:08,67.31,1200,
09:32:08,67.31,2400,
09:32:08,67.31,1500,
09:32:08,67.30,500,
09:32:08,67.30,500,
09:32:08,67.30,676,
09:32:08,67.30,180,
09:32:08,67.30,200,
09:32:08,67.30,176,
09:32:08,67.30,220,
09:32:08,67.3001,900,
09:32:15,67.3001,8639,
09:32:16,67.31,200,
09:32:17,67.30,200,
09:32:17,67.30,800,
09:32:17,67.30,2400,
09:32:17,67.30,1000,
09:32:17,67.30,300,
09:32:17,67.305,1000,
09:32:19,67.29,200,
09:32:19,67.30,800,
09:32:19,67.30,200,
09:32:19,67.29,800,
09:32:19,67.29,800,
09:32:19,67.29,327,
09:32:19,67.29,500,
09:32:19,67.29,200,
09:32:19,67.29,500,
09:32:19,67.29,300,
09:32:19,67.30,200,
09:32:20,67.29,200,
09:32:21,67.28,196,
09:32:22,67.29,100,
09:32:22,67.29,5000,
09:32:22,67.29,361,
09:32:23,67.29,500,
09:32:24,67.30,200,
09:32:24,67.29,1500,
09:32:24,67.29,200,
09:32:24,67.29,1000,
09:32:24,67.29,200,
09:32:24,67.29,200,
09:32:24,67.29,500,
09:32:24,67.29,300,
09:32:24,67.29,763,
09:32:25,67.30,100,
09:32:27,67.30,400,
09:32:27,67.30,300,
09:32:27,67.30,100,
09:32:27,67.30,300,
09:32:27,67.31,600,
09:32:27,67.31,100,
09:32:31,67.30,200,
09:32:32,67.29,1100,
09:32:36,67.29,500,
09:32:37,67.30,100,
09:32:37,67.30,200,
09:32:37,67.30,600,
09:32:37,67.30,300,
09:32:37,67.30,100,
09:32:37,67.30,100,
09:32:37,67.29,100,
09:32:37,67.29,100,
09:32:37,67.29,100,
09:32:43,67.2911,509,
09:32:43,67.28,108,
09:32:44,67.29,100,
09:32:46,67.28,500,
09:32:47,67.29,2600,
09:32:47,67.29,1100,
09:32:47,67.29,200,
09:32:47,67.29,200,
09:32:47,67.29,400,
09:32:47,67.30,200,
09:32:47,67.30,200,
09:32:47,67.30,100,
09:32:50,67.30,100,
09:32:53,67.29,100,
09:32:53,67.29,200,
09:32:53,67.29,200,
09:32:53,67.29,100,
09:32:53,67.29,100,
09:33:00,67.28,100,
09:33:00,67.28,408,
09:33:01,67.28,500,
09:33:01,67.27,100,
09:33:03,67.2799,3600,
09:33:05,67.27,100,
09:33:05,67.27,200,
09:33:05,67.27,600,
09:33:07,67.28,200,
09:33:09,67.28,400,
09:33:09,67.28,300,
09:33:09,67.28,400,
09:33:09,67.28,100,
09:33:10,67.28,100,
09:33:11,67.2801,1700,
09:33:15,67.28,500,
09:33:19,67.28,1200,
09:33:21,67.28,2200,
09:33:21,67.28,100,
09:33:26,67.27,1100,
09:33:31,67.28,100,
09:33:43,67.2799,250,
09:33:44,67.28,300,
09:33:44,67.28,400,
09:33:44,67.28,400,
09:33:44,67.28,300,
09:33:44,67.28,900,
09:33:44,67.28,400,
09:33:44,67.28,300,
09:33:44,67.28,500,
09:33:44,67.28,600,
09:33:44,67.29,300,
09:33:44,67.29,100,
09:33:44,67.29,100,
09:33:44,67.29,200,
09:33:44,67.30,700,
09:33:44,67.30,500,
09:33:49,67.30,100,
09:33:50,67.29,200,
09:33:50,67.28,900,
09:33:55,67.29,142,
09:34:03,67.2899,3000,
09:34:05,67.28,500,
09:34:05,67.28,2400,
09:34:05,67.2701,100,
09:34:05,67.2701,100,
09:34:05,67.27,100,
09:34:06,67.27,500,
09:34:06,67.27,219,
09:34:06,67.27,181,
09:34:06,67.27,281,
09:34:07,67.266,400,
09:34:13,67.27,100,
09:34:13,67.27,600,
09:34:13,67.27,500,
09:34:13,67.27,300,
09:34:13,67.27,7500,
09:34:13,67.27,100,
09:34:15,67.27,200,
09:34:15,67.27,1000,
09:34:15,67.27,100,
09:34:22,67.26,500,
09:34:22,67.26,500,
09:34:22,67.26,100,
09:34:22,67.26,100,
09:34:24,67.25,500,
09:34:24,67.25,397,
09:34:24,67.25,303,
09:34:24,67.24,451,
09:34:24,67.25,200,
09:34:24,67.25,300,
09:34:24,67.25,100,
09:34:25,67.24,381,
09:34:25,67.24,100,
09:34:25,67.24,116,
09:34:25,67.24,500,
09:34:27,67.23,200,
09:34:27,67.23,100,
09:34:27,67.23,500,
09:34:27,67.23,500,
09:34:27,67.23,100,
09:34:27,67.22,500,
09:34:28,67.22,500,
09:34:28,67.22,200,
09:34:28,67.22,200,
09:34:28,67.22,4800,
09:34:28,67.22,200,
09:34:28,67.22,300,
09:34:28,67.22,200,
09:34:28,67.22,1000,
09:34:28,67.22,200,
09:34:29,67.22,100,
09:34:29,67.21,500,
09:34:29,67.21,500,
09:34:29,67.21,158,
09:34:30,67.21,400,
09:34:30,67.21,200,
09:34:30,67.21,400,
09:34:30,67.21,200,
09:34:30,67.21,600,
09:34:31,67.22,100,
09:34:31,67.20,158,
09:34:31,67.20,500,
09:34:31,67.20,500,
09:34:31,67.19,500,
09:34:31,67.19,500,
09:34:31,67.18,1826,
09:34:31,67.18,500,
09:34:31,67.18,500,
09:34:31,67.18,394,
09:34:31,67.17,2700,
09:34:31,67.18,100,
09:34:32,67.18,1100,
09:34:32,67.18,692,
09:34:32,67.18,600,
09:34:32,67.18,700,
09:34:32,67.18,300,
09:34:32,67.18,200,
09:34:32,67.18,200,
09:34:32,67.18,100,
09:34:32,67.18,200,
09:34:32,67.18,200,
09:34:32,67.18,200,
09:34:32,67.18,200,
09:34:32,67.18,1000,
09:34:32,67.18,500,
09:34:33,67.17,233,
09:34:33,67.17,2400,
09:34:35,67.178,440,
09:34:36,67.18,200,
09:34:36,67.18,200,
09:34:36,67.18,800,
09:34:36,67.19,100,
09:34:36,67.19,100,
09:34:36,67.19,500,
09:34:36,67.19,100,
09:34:36,67.20,100,
09:34:36,67.19,100,
09:34:39,67.19,100,
09:34:42,67.19,107,
09:34:42,67.19,107,
09:34:43,67.18,200,
09:34:46,67.18,200,
09:34:48,67.19,300,
09:34:48,67.19,500,
09:34:48,67.19,500,
09:34:48,67.20,400,
09:34:48,67.20,500,
09:34:48,67.20,500,
09:34:48,67.20,100,
09:34:48,67.20,400,
09:34:48,67.20,100,
09:34:48,67.20,100,
09:34:48,67.20,300,
09:34:49,67.21,100,
09:34:49,67.20,100,
09:34:49,67.21,450,
09:34:54,67.20,100,
09:34:54,67.19,200,
09:34:55,67.19,500,
09:34:55,67.19,500,
09:34:56,67.1855,235,
09:34:59,67.18,500,
09:34:59,67.18,500,
09:34:59,67.18,100,
09:35:00,67.1701,1400,
09:35:00,67.17,500,
09:35:00,67.17,500,
09:35:01,67.17,100,
09:35:01,67.17,200,
09:35:01,67.18,300,
09:35:01,67.18,1500,
09:35:02,67.17,498,
09:35:02,67.17,249,
09:35:02,67.17,100,
09:35:02,67.17,400,
09:35:02,67.17,1400,
09:35:04,67.17,250,
09:35:04,67.1695,100,
09:35:05,67.16,222,
09:35:06,67.16,200,
09:35:06,67.16,249,
09:35:06,67.16,200,
09:35:06,67.16,200,
09:35:07,67.16,500,
09:35:07,67.16,600,
09:35:07,67.16,600,
09:35:08,67.15,150,
09:35:08,67.15,500,
09:35:08,67.15,500,
09:35:08,67.14,200,
09:35:08,67.14,500,
09:35:09,67.14,200,
09:35:09,67.14,100,
09:35:10,67.14,149,
09:35:11,67.14,1600,
09:35:11,67.14,1100,
09:35:11,67.14,100,
09:35:12,67.15,100,
09:35:12,67.14,100,
09:35:12,67.14,200,
09:35:12,67.15,500,
09:35:12,67.15,200,
09:35:13,67.1499,100,
09:35:13,67.14,1300,
09:35:13,67.14,500,
09:35:13,67.14,500,
09:35:13,67.142,200,
09:35:15,67.15,300,
09:35:17,67.15,400,
09:35:17,67.15,300,
09:35:17,67.15,300,
09:35:17,67.15,100,
09:35:17,67.16,200,
09:35:17,67.16,100,
09:35:17,67.16,500,
09:35:18,67.16,500,
09:35:18,67.17,500,
09:35:18,67.17,100,
09:35:18,67.17,1500,
09:35:18,67.17,200,
09:35:18,67.17,700,
09:35:18,67.17,1600,
09:35:18,67.17,199,
09:35:18,67.17,300,
09:35:18,67.17,800,
09:35:18,67.17,1300,
09:35:18,67.17,350,
09:35:18,67.17,1150,
09:35:18,67.17,500,
09:35:22,67.17,400,
09:35:22,67.17,200,
09:35:25,67.17,100,
09:35:27,67.16,100,
09:35:27,67.16,100,
09:35:27,67.16,200,
09:35:33,67.162,400,
09:35:33,67.1699,100,
09:35:34,67.17,550,
09:35:36,67.17,300,
09:35:36,67.17,100,
09:35:36,67.17,350,
09:35:36,67.17,150,
09:35:37,67.16,200,
09:35:37,67.16,500,
09:35:37,67.16,100,
09:35:37,67.16,600,
09:35:37,67.16,600,
09:35:37,67.16,200,
09:35:37,67.16,100,
09:35:39,67.16,700,
09:35:39,67.16,300,
09:35:42,67.17,100,
09:35:42,67.17,500,
09:35:42,67.17,400,
09:35:42,67.17,600,
09:35:42,67.17,900,
09:35:42,67.17,100,
09:35:42,67.18,500,
09:35:42,67.18,100,
09:35:42,67.18,500,
09:35:42,67.19,100,
09:35:45,67.19,443,
09:35:45,67.19,197,
09:35:45,67.19,200,
09:35:45,67.19,243,
09:35:47,67.19,192,
09:35:47,67.19,100,
09:35:49,67.19,192,
09:35:49,67.19,200,
09:35:49,67.19,300,
09:35:49,67.19,108,
09:35:50,67.20,400,
09:35:50,67.20,400,
09:35:50,67.20,500,
09:35:50,67.20,500,
09:35:51,67.2099,1300,
09:35:52,67.20,100,
09:35:52,67.20,200,
09:35:56,67.19,100,
09:35:56,67.19,500,
09:36:03,67.19,500,
09:36:04,67.19,800,
09:36:05,67.19,300,
09:36:05,67.19,400,
09:36:05,67.19,700,
09:36:06,67.20,200,
09:36:07,67.20,400,
09:36:07,67.20,700,
09:36:08,67.20,100,
09:36:08,67.20,100,
09:36:10,67.20,500,
09:36:10,67.20,200,
09:36:10,67.20,100,
09:36:11,67.20,700,
09:36:12,67.2099,1400,
09:36:14,67.20,100,
09:36:14,67.20,100,
09:36:14,67.20,1100,
09:36:14,67.20,200,
09:36:17,67.2072,200,
09:36:20,67.20,1400,
09:36:20,67.20,1000,
09:36:20,67.20,600,
09:36:20,67.20,400,
09:36:20,67.19,200,
09:36:20,67.20,100,
09:36:20,67.20,1500,
09:36:20,67.20,300,
09:36:20,67.20,600,
09:36:20,67.20,200,
09:36:20,67.20,600,
09:36:20,67.20,2000,
09:36:20,67.20,1800,
09:36:20,67.20,1700,
09:36:23,67.21,200,
09:36:23,67.21,500,
09:36:23,67.21,100,
09:36:23,67.21,100,
09:36:23,67.21,300,
09:36:23,67.21,400,
09:36:23,67.21,200,
09:36:23,67.21,400,
09:36:23,67.21,500,
09:36:26,67.22,600,
09:36:26,67.22,9100,
09:36:26,67.205,100,
09:36:27,67.20,500,
09:36:28,67.20,100,
09:36:28,67.20,100,
09:36:33,67.19,183,
09:36:33,67.19,500,
09:36:33,67.19,500,
09:36:38,67.18,500,
09:36:38,67.18,100,
09:36:38,67.17,500,
09:36:38,67.17,400,
09:36:38,67.17,200,
09:36:38,67.17,100,
09:36:38,67.18,100,
09:36:38,67.1705,100,
09:36:41,67.16,100,
09:36:41,67.16,100,
09:36:42,67.16,100,
09:36:45,67.16,500,
09:36:45,67.16,500,
09:36:45,67.16,500,
09:36:45,67.16,100,
09:36:49,67.16,100,
09:36:49,67.17,900,
09:36:49,67.17,100,
09:36:49,67.17,300,
09:36:49,67.17,5000,
09:36:49,67.17,300,
09:36:49,67.17,500,
09:36:49,67.17,400,
09:36:53,67.18,500,
09:36:53,67.18,100,
09:36:54,67.1875,200,
09:37:02,67.18,2100,
09:37:04,67.19,500,
09:37:04,67.19,500,
09:37:08,67.20,500,
09:37:08,67.20,200,
09:37:08,67.20,200,
09:37:10,67.20,100,
09:37:18,67.2001,1500,
09:37:21,67.20,100,
09:37:25,67.20,100,
09:37:27,67.19,500,
09:37:27,67.19,300,
09:37:27,67.191,200,
09:37:32,67.17,400,
09:37:32,67.18,500,
09:37:34,67.17,102,
09:37:34,67.17,500,
09:37:34,67.17,102,
09:37:34,67.17,200,
09:37:34,67.17,398,
09:37:34,67.17,198,
09:37:40,67.17,800,
09:37:41,67.1601,600,
09:37:42,67.17,100,
09:37:43,67.18,300,
09:37:43,67.18,200,
09:37:43,67.18,300,
09:37:48,67.19,700,
09:37:57,67.19,500,
09:37:57,67.19,500,
09:37:57,67.20,500,
09:37:57,67.20,315,
09:38:00,67.21,200,
09:38:05,67.21,400,
09:38:05,67.21,300,
09:38:05,67.21,400,
09:38:08,67.22,248,
09:38:08,67.22,100,
09:38:08,67.22,103,
09:38:08,67.22,195,
09:38:08,67.22,105,
09:38:08,67.22,100,
09:38:09,67.21,200,
09:38:15,67.22,1630,
09:38:15,67.22,500,
09:38:15,67.22,793,
09:38:17,67.22,300,
09:38:17,67.22,100,
09:38:26,67.23,100,
09:38:27,67.22,200,
09:38:28,67.2268,1800,
09:38:47,67.23,100,
09:38:47,67.23,500,
09:38:47,67.23,500,
09:38:47,67.23,100,
09:38:49,67.24,1600,
09:38:51,67.24,500,
09:38:51,67.24,500,
09:38:56,67.24,200,
09:38:57,67.24,179,
09:38:57,67.24,100,
09:39:00,67.24,100,
09:39:05,67.24,100,
09:39:06,67.249,300,
09:39:08,67.24,300,
09:39:11,67.247,4000,
09:39:13,67.24,100,
09:39:14,67.24,100,
09:39:16,67.24,100,
09:39:17,67.24,400,
09:39:17,67.23,200,
09:39:17,67.23,200,
09:39:17,67.23,200,
09:39:17,67.23,207,
09:39:17,67.23,500,
09:39:19,67.23,1000,
09:39:21,67.23,100,
09:39:22,67.23,100,
09:39:24,67.23,100,
09:39:29,67.22,600,
09:39:29,67.22,500,
09:39:29,67.22,500,
09:39:29,67.22,1800,
09:39:31,67.2101,932,
09:39:33,67.229,100,
09:39:37,67.23,100,
09:39:45,67.22,200,
09:39:45,67.22,1200,
09:39:54,67.21,200,
09:39:54,67.21,1500,
09:39:54,67.21,500,
09:39:54,67.21,500,
09:39:54,67.21,100,
09:39:54,67.21,1000,
09:39:54,67.21,2100,
09:39:54,67.21,100,
09:39:54,67.21,3200,
09:39:54,67.21,100,
09:39:54,67.21,1000,
09:39:54,67.21,500,
09:39:54,67.21,1400,
09:39:54,67.21,100,
09:39:54,67.20,400,
09:39:54,67.20,100,
09:39:54,67.20,400,
09:39:54,67.20,100,
09:39:54,67.20,300,
09:39:54,67.20,500,
09:39:54,67.20,100,
09:39:54,67.19,1000,
09:39:54,67.19,9100,
09:39:54,67.19,100,
09:39:54,67.19,500,
09:39:54,67.19,700,
09:39:54,67.19,700,
09:39:54,67.19,700,
09:39:54,67.19,100,
09:39:54,67.19,200,
09:39:55,67.20,200,
09:39:56,67.20,400,
09:39:56,67.20,500,
09:39:56,67.20,700,
09:39:56,67.20,1700,
09:39:56,67.20,1000,
09:39:56,67.20,700,
09:39:56,67.20,200,
09:39:56,67.20,200,
09:39:56,67.20,800,
09:39:57,67.20,100,
09:39:58,67.199,200,
09:40:00,67.1985,100,
09:40:00,67.19,3400,
09:40:00,67.19,500,
09:40:00,67.19,600,
09:40:00,67.19,100,
09:40:00,67.19,400,
09:40:02,67.18,100,
09:40:02,67.18,100,
09:40:02,67.18,500,
09:40:04,67.17,200,
09:40:04,67.17,500,
09:40:04,67.17,100,
09:40:04,67.17,100,
09:40:04,67.17,100,
09:40:04,67.17,600,
09:40:06,67.17,100,
09:40:07,67.16,200,
09:40:07,67.16,700,
09:40:07,67.16,500,
09:40:07,67.16,500,
09:40:07,67.16,488,
09:40:09,67.16,300,
09:40:09,67.16,100,
09:40:11,67.16,400,
09:40:12,67.15,400,
09:40:12,67.15,500,
09:40:12,67.15,500,
09:40:13,67.15,300,
09:40:13,67.15,100,
09:40:14,67.16,100,
09:40:14,67.16,300,
09:40:16,67.155,200,
09:40:17,67.16,200,
09:40:18,67.16,200,
09:40:18,67.16,100,
09:40:18,67.16,600,
09:40:20,67.17,500,
09:40:20,67.16,200,
09:40:20,67.16,700,
09:40:20,67.16,2400,
09:40:20,67.16,700,
09:40:20,67.16,700,
09:40:21,67.17,300,
09:40:23,67.16,5000,
09:40:23,67.1601,1300,
09:40:24,67.16,100,
09:40:25,67.15,100,
09:40:26,67.16,400,
09:40:28,67.16,300,
09:40:28,67.16,200,
09:40:30,67.16,400,
09:40:30,67.16,700,
09:40:30,67.16,100,
09:40:30,67.15,500,
09:40:30,67.15,100,
09:40:31,67.15,1000,
09:40:32,67.16,100,
09:40:32,67.16,200,
09:40:35,67.15,100,
09:40:35,67.15,400,
09:40:35,67.15,200,
09:40:36,67.14,800,
09:40:36,67.14,500,
09:40:36,67.14,500,
09:40:36,67.14,400,
09:40:36,67.14,1500,
09:40:36,67.14,800,
09:40:37,67.14,100,
09:40:38,67.13,200,
09:40:38,67.13,500,
09:40:38,67.13,500,
09:40:38,67.13,500,
09:40:38,67.13,500,
09:40:38,67.13,500,
09:40:40,67.14,200,
09:40:40,67.13,500,
09:40:40,67.13,600,
09:40:40,67.13,200,
09:40:41,67.13,200,
09:40:42,67.13,100,
09:40:42,67.13,500,
09:40:45,67.132,111,
09:40:45,67.13,400,
09:40:46,67.14,500,
09:40:46,67.14,500,
09:40:46,67.15,300,
09:40:46,67.15,200,
09:40:46,67.15,200,
09:40:46,67.15,100,
09:40:48,67.15,200,
09:40:49,67.15,400,
09:40:49,67.15,500,
09:40:49,67.15,100,
09:40:50,67.15,100,
09:40:50,67.15,100,
09:40:50,67.15,200,
09:40:52,67.15,200,
09:40:52,67.15,300,
09:40:54,67.15,100,
09:40:54,67.15,100,
09:40:54,67.15,100,
09:40:54,67.14,200,
09:40:54,67.15,200,
09:40:56,67.15,700,
09:41:00,67.1501,700,
09:41:01,67.16,100,
09:41:02,67.16,200,
09:41:03,67.16,400,
09:41:03,67.16,200,
09:41:04,67.1511,300,
09:41:05,67.16,151,
09:41:05,67.15,500,
09:41:05,67.16,200,
09:41:07,67.16,100,
09:41:07,67.16,100,
09:41:08,67.16,200,
09:41:08,67.16,100,
09:41:08,67.16,200,
09:41:09,67.17,200,
09:41:10,67.17,100,
09:41:16,67.17,1628,
09:41:16,67.17,500,
09:41:16,67.17,402,
09:41:16,67.17,8070,
09:41:16,67.18,500,
09:41:16,67.18,200,
09:41:16,67.18,500,
09:41:16,67.18,400,
09:41:16,67.18,200,
09:41:16,67.18,200,
09:41:16,67.18,1000,
09:41:16,67.18,200,
09:41:16,67.18,300,
09:41:16,67.18,1185,
09:41:21,67.18,2000,
09:41:21,67.18,200,
09:41:21,67.18,600,
09:41:21,67.18,200,
09:41:21,67.18,100,
09:41:21,67.18,200,
09:41:21,67.18,100,
09:41:21,67.18,600,
09:41:23,67.19,100,
09:41:23,67.19,500,
09:41:23,67.19,500,
09:41:23,67.19,500,
09:41:25,67.1901,100,
09:41:27,67.20,500,
09:41:27,67.20,500,
09:41:27,67.20,100,
09:41:30,67.20,800,
09:41:30,67.20,215,
09:41:31,67.21,500,
09:41:33,67.20,2000,
09:41:33,67.20,200,
09:41:33,67.20,200,
09:41:33,67.20,100,
09:41:33,67.20,700,
09:41:33,67.209,3300,
09:41:33,67.21,100,
09:41:33,67.21,2700,
09:41:34,67.21,200,
09:41:34,67.20,100,
09:41:35,67.20,100,
09:41:35,67.20,600,
09:41:35,67.20,100,
09:41:35,67.20,100,
09:41:35,67.21,1000,
09:41:36,67.20,1000,
09:41:36,67.20,3900,
09:41:36,67.20,100,
09:41:39,67.20,300,
09:41:39,67.20,300,
09:41:40,67.20,100,
09:41:41,67.20,600,
09:41:42,67.20,300,
09:41:44,67.20,100,
09:41:48,67.20,400,
09:41:48,67.20,100,
09:41:48,67.20,100,
09:41:48,67.20,200,
09:41:48,67.20,400,
09:41:48,67.20,100,
09:41:49,67.20,200,
09:41:51,67.20,200,
09:41:51,67.20,100,
09:41:54,67.209,200,
09:41:54,67.21,400,
09:41:55,67.21,500,
09:41:55,67.21,300,
09:41:55,67.22,500,
09:41:55,67.22,200,
09:41:55,67.22,100,
09:41:56,67.21,100,
09:41:56,67.21,100,
09:41:56,67.21,300,
09:41:57,67.21,100,
09:41:58,67.21,100,
09:41:59,67.21,400,
09:42:01,67.21,300,
09:42:01,67.21,100,
09:42:01,67.21,500,
09:42:01,67.21,100,
09:42:01,67.21,100,
09:42:01,67.21,600,
09:42:01,67.21,1800,
09:42:02,67.21,400,
09:42:03,67.21,300,
09:42:03,67.21,600,
09:42:06,67.21,400,
09:42:06,67.21,100,
09:42:06,67.20,500,
09:42:06,67.20,800,
09:42:06,67.20,255,
09:42:06,67.20,300,
09:42:07,67.19,300,
09:42:07,67.19,200,
09:42:07,67.19,200,
09:42:07,67.19,500,
09:42:07,67.19,500,
09:42:08,67.19,100,
09:42:08,67.19,200,
09:42:08,67.19,200,
09:42:10,67.19,400,
09:42:10,67.19,100,
09:42:16,67.19,500,
09:42:17,67.182,800,
09:42:23,67.189,200,
09:42:23,67.18,300,
09:42:34,67.1895,450,
09:42:35,67.18,100,
09:42:35,67.18,400,
09:42:35,67.18,200,
09:42:35,67.18,500,
09:42:35,67.18,500,
09:42:35,67.17,500,
09:42:35,67.17,500,
09:42:35,67.17,100,
09:42:37,67.17,700,
09:42:37,67.17,800,
09:42:37,67.17,200,
09:42:37,67.17,100,
09:42:37,67.17,499,
09:42:37,67.17,400,
09:42:37,67.17,200,
09:42:37,67.16,600,
09:42:37,67.17,100,
09:42:39,67.17,100,
09:42:39,67.17,100,
09:42:40,67.17,100,
09:42:41,67.17,300,
09:42:45,67.18,200,
09:42:45,67.18,400,
09:42:45,67.18,300,
09:42:45,67.18,500,
09:42:45,67.18,100,
09:42:45,67.18,800,
09:42:45,67.18,100,
09:42:45,67.18,300,
09:42:45,67.19,700,
09:42:47,67.18,1600,
09:42:49,67.19,600,
09:42:49,67.19,500,
09:42:49,67.19,500,
09:42:49,67.19,100,
09:42:49,67.1901,500,
09:42:50,67.20,500,
09:42:50,67.20,100,
09:42:50,67.20,600,
09:42:50,67.20,400,
09:42:50,67.21,2300,
09:42:50,67.21,2400,
09:42:50,67.21,9100,
09:42:56,67.21,300,
09:42:58,67.21,200,
09:43:02,67.21,500,
09:43:04,67.21,100,
09:43:05,67.22,100,
09:43:08,67.21,200,
09:43:08,67.21,100,
09:43:08,67.21,500,
09:43:09,67.201,9000,
09:43:11,67.21,100,
09:43:12,67.21,256,
09:43:13,67.21,200,
09:43:14,67.22,500,
09:43:14,67.22,500,
09:43:14,67.22,200,
09:43:14,67.22,100,
09:43:14,67.22,600,
09:43:15,67.22,100,
09:43:15,67.22,200,
09:43:15,67.21,100,
09:43:16,67.21,400,
09:43:16,67.21,100,
09:43:18,67.21,600,
09:43:19,67.21,300,
09:43:21,67.21,500,
09:43:21,67.20,100,
09:43:23,67.21,400,
09:43:23,67.21,500,
09:43:25,67.21,400,
09:43:27,67.21,100,
09:43:31,67.22,500,
09:43:32,67.23,500,
09:43:32,67.23,500,
09:43:32,67.23,100,
09:43:32,67.23,300,
09:43:32,67.23,200,
09:43:34,67.22,100,
09:43:35,67.22,100,
09:43:35,67.22,400,
09:43:36,67.22,100,
09:43:36,67.22,400,
09:43:37,67.2199,300,
09:43:39,67.23,100,
09:43:41,67.23,400,
09:43:42,67.2201,145,
09:43:44,67.23,400,
09:43:44,67.23,600,
09:43:46,67.22,100,
09:43:46,67.22,249,
09:43:46,67.22,249,
09:43:46,67.22,193,
09:43:46,67.22,1000,
09:43:46,67.22,200,
09:43:46,67.22,248,
09:43:48,67.22,200,
09:43:48,67.22,1500,
09:43:48,67.22,200,
09:43:48,67.22,100,
09:43:48,67.22,400,
09:43:48,67.22,700,
09:43:48,67.22,2000,
09:43:49,67.22,200,
09:43:49,67.22,100,
09:43:49,67.22,100,
09:43:49,67.22,275,
09:43:50,67.22,109,
09:43:51,67.23,400,
09:43:52,67.23,200,
09:43:52,67.22,1000,
09:43:53,67.22,500,
09:43:53,67.22,100,
09:43:53,67.22,200,
09:43:56,67.23,300,
09:43:57,67.23,100,
09:43:58,67.23,600,
09:44:00,67.23,700,
09:44:01,67.22,2000,
09:44:01,67.22,2800,
09:44:01,67.22,300,
09:44:01,67.22,2775,
09:44:01,67.22,100,
09:44:01,67.22,500,
09:44:01,67.22,1800,
09:44:01,67.22,600,
09:44:01,67.22,1000,
09:44:01,67.22,700,
09:44:01,67.22,2200,
09:44:01,67.22,200,
09:44:02,67.22,100,
09:44:03,67.22,500,
09:44:04,67.22,300,
09:44:05,67.22,300,
09:44:05,67.22,100,
09:44:07,67.21,100,
09:44:07,67.21,500,
09:44:07,67.21,500,
09:44:07,67.21,500,
09:44:07,67.21,549,
09:44:08,67.21,300,
09:44:09,67.21,100,
09:44:09,67.22,275,
09:44:10,67.22,416,
09:44:10,67.22,200,
09:44:12,67.22,300,
09:44:12,67.22,400,
09:44:12,67.22,700,
09:44:15,67.23,300,
09:44:16,67.23,300,
09:44:16,67.23,200,
09:44:16,67.23,200,
09:44:18,67.23,300,
09:44:19,67.24,300,
09:44:21,67.24,400,
09:44:23,67.24,400,
09:44:25,67.24,300,
09:44:25,67.24,100,
09:44:25,67.24,100,
09:44:25,67.24,100,
09:44:25,67.24,200,
09:44:25,67.24,1000,
09:44:26,67.24,100,
09:44:26,67.24,200,
09:44:26,67.24,100,
09:44:26,67.24,300,
09:44:26,67.24,400,
09:44:26,67.24,300,
09:44:27,67.2301,100,
09:44:28,67.23,500,
09:44:28,67.23,400,
09:44:29,67.22,154,
09:44:29,67.22,500,
09:44:29,67.22,100,
09:44:31,67.23,300,
09:44:31,67.222,1000,
09:44:32,67.23,404,
09:44:33,67.23,400,
09:44:35,67.24,500,
09:44:43,67.24,2400,
09:44:43,67.24,300,
09:44:43,67.24,2800,
09:44:43,67.24,500,
09:44:43,67.24,500,
09:44:45,67.24,200,
09:44:45,67.24,500,
09:44:45,67.24,200,
09:44:45,67.24,300,
09:44:46,67.25,200,
09:44:46,67.25,400,
09:44:46,67.25,100,
09:44:46,67.25,100,
09:44:47,67.25,625,
09:44:47,67.25,675,
09:44:47,67.25,100,
09:44:47,67.25,100,
09:44:47,67.25,500,
09:44:47,67.25,115,
09:44:47,67.25,100,
09:44:47,67.25,100,
09:44:47,67.25,100,
09:44:50,67.25,1600,
09:44:50,67.24,100,
09:44:50,67.24,200,
09:44:50,67.24,470,
09:44:50,67.24,500,
09:44:50,67.24,100,
09:44:51,67.25,100,
09:44:51,67.25,100,
09:44:52,67.245,300,
09:44:53,67.25,400,
09:44:54,67.25,165,
09:44:54,67.25,600,
09:44:57,67.25,100,
09:44:57,67.2422,100,
09:44:58,67.26,352,
09:44:58,67.26,634,
09:44:58,67.26,100,
09:44:58,67.26,1495,
09:44:58,67.26,594,
09:44:58,67.26,300,
09:45:00,67.26,250,
09:45:01,67.26,350,
09:45:01,67.26,3650,
09:45:01,67.26,1200,
09:45:01,67.26,100,
09:45:01,67.26,200,
09:45:01,67.26,200,
09:45:01,67.26,100,
09:45:01,67.26,500,
09:45:01,67.26,3150,
09:45:01,67.26,100,
09:45:01,67.26,100,
09:45:02,67.26,100,
09:45:02,67.26,200,
09:45:02,67.26,100,
09:45:04,67.27,961,
09:45:05,67.27,385,
09:45:06,67.27,285,
09:45:07,67.27,385,
09:45:08,67.27,100,
09:45:08,67.27,200,
09:45:08,67.27,1000,
09:45:08,67.26,100,
09:45:08,67.26,300,
09:45:08,67.26,700,
09:45:08,67.26,700,
09:45:11,67.2599,600,
09:45:13,67.25,200,
09:45:13,67.25,200,
09:45:13,67.25,400,
09:45:13,67.25,100,
09:45:13,67.25,100,
09:45:13,67.25,500,
09:45:13,67.25,100,
09:45:13,67.25,300,
09:45:13,67.25,300,
09:45:19,67.24,500,
09:45:19,67.24,700,
09:45:19,67.24,100,
09:45:19,67.24,255,
09:45:21,67.24,100,
09:45:23,67.24,500,
09:45:24,67.24,100,
09:45:24,67.25,200,
09:45:25,67.24,9100,
09:45:25,67.25,300,
09:45:27,67.25,500,
09:45:27,67.25,1800,
09:45:29,67.25,200,
09:45:29,67.25,1000,
09:45:30,67.26,428,
09:45:31,67.26,252,
09:45:31,67.26,500,
09:45:37,67.259,100,
09:45:37,67.26,152,
09:45:37,67.26,248,
09:45:40,67.2699,1200,
09:45:50,67.27,300,
09:45:52,67.27,100,
09:45:52,67.27,1400,
09:45:52,67.27,500,
09:45:52,67.27,500,
09:45:52,67.27,2400,
09:45:52,67.27,100,
09:45:52,67.27,100,
09:45:52,67.27,1100,
09:45:52,67.262,150,
09:45:54,67.279,100,
09:45:57,67.27,900,
09:45:57,67.27,400,
09:45:57,67.27,100,
09:45:57,67.27,200,
09:45:57,67.27,100,
09:45:57,67.2699,1000,
09:45:57,67.27,100,
09:45:59,67.27,100,
09:46:01,67.26,700,
09:46:01,67.26,500,
09:46:01,67.26,100,
09:46:01,67.25,1088,
09:46:02,67.25,200,
09:46:02,67.25,400,
09:46:02,67.25,500,
09:46:02,67.25,100,
09:46:02,67.24,100,
09:46:02,67.25,100,
09:46:02,67.25,200,
09:46:04,67.25,100,
09:46:04,67.259,800,
09:46:04,67.259,825,
09:46:07,67.252,300,
09:46:08,67.25,100,
09:46:08,67.25,300,
09:46:08,67.25,1000,
09:46:08,67.25,100,
09:46:09,67.25,100,
09:46:18,67.25,100,
09:46:18,67.25,100,
09:46:21,67.26,300,
09:46:21,67.255,100,
09:46:27,67.25,100,
09:46:27,67.25,200,
09:46:28,67.25,300,
09:46:28,67.25,300,
09:46:32,67.25,600,
09:46:32,67.25,200,
09:46:35,67.26,200,
09:46:35,67.26,100,
09:46:35,67.27,200,
09:46:38,67.26,200,
09:46:45,67.27,500,
09:46:45,67.27,500,
09:46:45,67.27,100,
09:46:50,67.2701,1700,
09:46:57,67.29,894,
09:46:57,67.28,200,
09:46:57,67.28,285,
09:46:57,67.28,500,
09:46:57,67.2899,200,
09:46:57,67.29,200,
09:46:57,67.29,100,
09:46:57,67.29,900,
09:46:58,67.2899,100,
09:46:59,67.28,100,
09:46:59,67.28,100,
09:46:59,67.2801,3200,
09:46:59,67.289,541,
09:47:01,67.289,459,
09:47:05,67.29,100,
09:47:07,67.29,200,
09:47:07,67.29,300,
09:47:07,67.29,100,
09:47:07,67.30,400,
09:47:07,67.30,1400,
09:47:07,67.30,4000,
09:47:07,67.30,100,
09:47:08,67.29,3000,
09:47:09,67.29,300,
09:47:10,67.30,100,
09:47:12,67.2999,2855,
09:47:15,67.29,100,
09:47:19,67.30,300,
09:47:23,67.29,100,
09:47:24,67.2899,100,
09:47:25,67.28,1000,
09:47:30,67.29,100,
09:47:34,67.28,100,
09:47:34,67.28,200,
09:47:34,67.28,500,
09:47:34,67.2701,3100,
09:47:36,67.2701,3500,
09:47:39,67.2799,100,
09:47:42,67.27,1100,
09:47:43,67.28,806,
09:47:43,67.28,100,
09:47:47,67.29,700,
09:47:47,67.28,100,
09:47:48,67.29,200,
09:47:48,67.29,500,
09:47:48,67.29,300,
09:47:48,67.29,100,
09:47:54,67.29,100,
09:48:19,67.289,162,
09:48:20,67.28,500,
09:48:20,67.28,500,
09:48:21,67.27,500,
09:48:21,67.27,500,
09:48:21,67.27,100,
09:48:24,67.2639,500,
09:48:31,67.26,100,
09:48:31,67.26,500,
09:48:31,67.26,500,
09:48:31,67.26,100,
09:48:33,67.26,100,
09:48:33,67.27,100,
09:48:35,67.26,100,
09:48:35,67.2501,2855,
09:48:36,67.25,1500,
09:48:36,67.25,100,
09:48:36,67.25,100,
09:48:36,67.25,200,
09:48:36,67.25,500,
09:48:36,67.25,100,
09:48:36,67.25,300,
09:48:37,67.25,100,
09:48:37,67.25,527,
09:48:37,67.25,156,
09:48:38,67.25,221,
09:48:38,67.24,300,
09:48:38,67.24,100,
09:48:39,67.24,500,
09:48:39,67.24,200,
09:48:41,67.24,100,
09:48:41,67.24,100,
09:48:43,67.23,100,
09:48:44,67.23,400,
09:48:44,67.23,500,
09:48:44,67.23,300,
09:48:44,67.23,100,
09:48:44,67.23,700,
09:48:48,67.24,122,
09:48:49,67.23,500,
09:48:49,67.24,222,
09:48:49,67.24,1330,
09:48:49,67.24,275,
09:48:49,67.24,222,
09:48:49,67.24,222,
09:48:51,67.25,200,
09:48:52,67.25,396,
09:48:52,67.25,129,
09:48:52,67.25,500,
09:48:52,67.25,500,
09:48:52,67.25,203,
09:48:52,67.25,500,
09:48:52,67.26,565,
09:48:52,67.26,200,
09:48:52,67.248,208,
09:48:54,67.26,500,
09:48:54,67.26,500,
09:48:55,67.26,500,
09:48:55,67.26,200,
09:48:55,67.26,500,
09:48:55,67.26,2500,
09:48:55,67.26,200,
09:48:55,67.26,200,
09:48:55,67.26,500,
09:48:55,67.26,1000,
09:49:03,67.262,239,
09:49:04,67.27,200,
09:49:04,67.2699,400,
09:49:04,67.2699,200,
09:49:07,67.27,400,
09:49:16,67.2695,400,
09:49:20,67.2601,200,
09:49:25,67.27,100,
09:49:25,67.27,135,
09:49:25,67.27,500,
09:49:25,67.28,1481,
09:49:25,67.28,500,
09:49:25,67.28,300,
09:49:26,67.29,500,
09:49:26,67.29,300,
09:49:26,67.29,100,
09:49:26,67.29,584,
09:49:26,67.29,300,
09:49:28,67.29,100,
09:49:29,67.29,111,
09:49:30,67.30,176,
09:49:32,67.2911,500,
09:49:37,67.2999,2855,
09:49:37,67.30,123,
09:49:37,67.30,500,
09:49:37,67.30,500,
09:49:37,67.30,400,
09:49:37,67.30,100,
09:49:38,67.31,200,
09:49:38,67.31,500,
09:49:38,67.31,500,
09:49:38,67.31,900,
09:49:39,67.3199,2855,
09:49:47,67.32,700,
09:49:47,67.32,200,
09:49:47,67.32,500,
09:49:47,67.32,1800,
09:49:47,67.32,100,
09:49:47,67.32,600,
09:49:47,67.32,200,
09:49:52,67.33,500,
09:49:52,67.33,500,
09:49:52,67.34,301,
09:49:53,67.3301,300,
09:49:55,67.34,400,
09:49:55,67.33,146,
09:49:55,67.33,154,
09:49:57,67.32,800,
09:49:57,67.32,100,
09:49:57,67.32,300,
09:49:57,67.32,154,
09:49:57,67.32,200,
09:49:58,67.3199,750,
09:50:00,67.32,1600,
09:50:00,67.32,100,
09:50:07,67.32,100,
09:50:13,67.32,3300,
09:50:14,67.318,312,
09:50:19,67.32,200,
09:50:19,67.315,100,
09:50:22,67.32,100,
09:50:25,67.32,300,
09:50:25,67.32,100,
09:50:25,67.31,400,
09:50:25,67.31,500,
09:50:25,67.31,100,
09:50:25,67.31,200,
09:50:28,67.31,8200,
09:50:28,67.31,3600,
09:50:28,67.31,200,
09:50:30,67.3199,3900,
09:50:35,67.3095,500,
09:50:37,67.31,100,
09:50:47,67.32,600,
09:50:47,67.32,100,
09:50:47,67.32,500,
09:50:47,67.32,400,
09:50:56,67.32,400,
09:50:56,67.32,100,
09:50:57,67.32,200,
09:50:57,67.32,400,
09:50:57,67.32,200,
09:50:57,67.32,100,
09:50:59,67.32,200,
09:51:00,67.33,200,
09:51:01,67.329,500,
09:51:02,67.32,175,
09:51:02,67.32,100,
09:51:02,67.32,300,
09:51:02,67.32,100,
09:51:02,67.32,100,
09:51:05,67.3199,100,
09:51:05,67.32,100,
09:51:05,67.32,700,
09:51:05,67.32,600,
09:51:08,67.3199,2300,
09:51:09,67.31,500,
09:51:09,67.31,500,
09:51:09,67.31,200,
09:51:09,67.31,100,
09:51:10,67.31,100,
09:51:14,67.305,100,
09:51:14,67.30,100,
09:51:14,67.30,600,
09:51:14,67.305,200,
09:51:14,67.30,500,
09:51:14,67.30,100,
09:51:14,67.29,200,
09:51:14,67.30,200,
09:51:15,67.29,500,
09:51:15,67.29,300,
09:51:17,67.29,200,
09:51:18,67.29,100,
09:51:24,67.29,200,
09:51:29,67.2899,100,
09:51:31,67.28,500,
09:51:32,67.28,500,
09:51:32,67.28,800,
09:51:32,67.28,500,
09:51:33,67.28,100,
09:51:40,67.27,100,
09:51:40,67.27,185,
09:51:41,67.27,430,
09:51:41,67.27,100,
09:51:42,67.26,100,
09:51:42,67.26,100,
09:51:42,67.26,100,
09:51:42,67.26,400,
09:51:44,67.267,100,
09:51:44,67.27,100,
09:51:44,67.27,145,
09:51:44,67.27,100,
09:51:45,67.265,100,
09:51:49,67.26,300,
09:51:50,67.26,100,
09:51:50,67.26,200,
09:51:54,67.26,100,
09:51:54,67.26,100,
09:51:54,67.26,100,
09:51:54,67.26,100,
09:51:54,67.26,100,
09:51:54,67.26,100,
09:51:55,67.26,100,
09:52:00,67.26,100,
09:52:00,67.26,100,
09:52:03,67.27,300,
09:52:03,67.27,1300,
09:52:03,67.27,100,
09:52:03,67.27,300,
09:52:03,67.27,200,
09:52:03,67.27,300,
09:52:03,67.27,300,
09:52:03,67.27,500,
09:52:03,67.27,100,
09:52:03,67.27,600,
09:52:18,67.2723,100,
09:52:18,67.28,100,
09:52:18,67.28,100,
09:52:18,67.27,300,
09:52:18,67.27,1600,
09:52:22,67.2711,100,
09:52:23,67.27,800,
09:52:23,67.27,100,
09:52:25,67.2711,700,
09:52:27,67.27,200,
09:52:35,67.28,500,
09:52:35,67.28,500,
09:52:35,67.28,490,
09:52:35,67.28,300,
09:52:41,67.2801,100,
09:52:49,67.29,100,
09:52:52,67.2885,400,
09:52:53,67.29,200,
09:52:59,67.29,800,
09:52:59,67.29,500,
09:52:59,67.29,100,
09:52:59,67.30,700,
09:52:59,67.30,300,
09:52:59,67.29,100,
09:52:59,67.30,200,
09:52:59,67.30,100,
09:52:59,67.30,100,
09:52:59,67.30,100,
09:52:59,67.30,300,
09:52:59,67.30,400,
09:53:09,67.30,400,
09:53:09,67.30,200,
09:53:09,67.30,400,
09:53:09,67.29,400,
09:53:09,67.29,400,
09:53:09,67.29,100,
09:53:09,67.29,100,
09:53:09,67.30,100,
09:53:09,67.29,300,
09:53:09,67.30,100,
09:53:09,67.28,100,
09:53:09,67.28,500,
09:53:09,67.28,400,
09:53:10,67.30,100,
09:53:10,67.2985,100,
09:53:10,67.2985,100,
09:53:11,67.2701,1200,
09:53:21,67.27,300,
09:53:21,67.27,300,
09:53:21,67.27,100,
09:53:21,67.27,500,
09:53:21,67.27,500,
09:53:22,67.266,200,
09:53:30,67.27,200,
09:53:30,67.27,1800,
09:53:33,67.27,100,
09:53:34,67.28,200,
09:53:34,67.28,600,
09:53:34,67.28,200,
09:53:34,67.28,200,
09:53:34,67.28,300,
09:53:34,67.28,500,
09:53:34,67.28,100,
09:53:34,67.28,100,
09:53:34,67.28,700,
09:53:38,67.27,200,
09:53:38,67.27,100,
09:53:40,67.27,500,
09:53:40,67.27,500,
09:53:48,67.26,100,
09:53:49,67.26,933,
09:53:49,67.26,100,
09:53:49,67.26,500,
09:53:49,67.26,100,
09:53:49,67.25,107,
09:53:49,67.25,500,
09:53:49,67.25,500,
09:53:49,67.25,107,
09:53:49,67.25,214,
09:53:50,67.25,100,
09:53:52,67.2499,800,
09:53:53,67.25,200,
09:54:00,67.26,400,
09:54:00,67.26,100,
09:54:00,67.26,200,
09:54:01,67.25,107,
09:54:01,67.25,107,
09:54:01,67.25,100,
09:54:02,67.25,100,
09:54:02,67.255,200,
09:54:06,67.24,800,
09:54:06,67.24,500,
09:54:06,67.24,500,
09:54:06,67.24,100,
09:54:07,67.23,500,
09:54:07,67.23,500,
09:54:07,67.23,100,
09:54:08,67.23,200,
09:54:08,67.22,500,
09:54:08,67.22,133,
09:54:08,67.22,433,
09:54:09,67.22,3600,
09:54:09,67.22,660,
09:54:11,67.22,200,
09:54:12,67.22,100,
09:54:13,67.22,1000,
09:54:13,67.22,300,
09:54:13,67.22,175,
09:54:13,67.22,500,
09:54:13,67.21,300,
09:54:13,67.21,100,
09:54:13,67.21,400,
09:54:13,67.21,1300,
09:54:13,67.21,14800,
09:54:13,67.21,500,
09:54:13,67.21,2400,
09:54:13,67.21,200,
09:54:13,67.21,800,
09:54:13,67.21,100,
09:54:13,67.21,500,
09:54:13,67.21,800,
09:54:13,67.21,100,
09:54:13,67.21,100,
09:54:13,67.21,100,
09:54:13,67.21,100,
09:54:13,67.21,150,
09:54:13,67.21,300,
09:54:13,67.21,1000,
09:54:13,67.21,1000,
09:54:13,67.21,300,
09:54:13,67.21,100,
09:54:13,67.21,1100,
09:54:13,67.21,200,
09:54:13,67.21,150,
09:54:13,67.21,150,
09:54:13,67.21,800,
09:54:13,67.21,8950,
09:54:13,67.21,100,
09:54:13,67.21,1000,
09:54:13,67.21,4000,
09:54:13,67.20,500,
09:54:13,67.205,100,
09:54:13,67.20,2000,
09:54:13,67.20,200,
09:54:13,67.20,700,
09:54:16,67.20,1000,
09:54:18,67.20,100,
09:54:18,67.20,200,
09:54:21,67.21,100,
09:54:21,67.21,100,
09:54:21,67.21,200,
09:54:21,67.21,375,
09:54:21,67.21,260,
09:54:24,67.20,100,
09:54:24,67.20,200,
09:54:24,67.20,500,
09:54:24,67.20,500,
09:54:24,67.20,100,
09:54:25,67.20,100,
09:54:26,67.1999,100,
09:54:27,67.20,100,
09:54:28,67.20,384,
09:54:29,67.21,500,
09:54:29,67.21,100,
09:54:32,67.22,100,
09:54:43,67.21,100,
09:54:47,67.20,600,
09:54:50,67.20,500,
09:54:50,67.20,500,
09:54:50,67.20,300,
09:54:51,67.20,100,
09:54:51,67.20,200,
09:54:54,67.20,100,
09:54:54,67.20,107,
09:54:54,67.20,107,
09:55:00,67.19,400,
09:55:00,67.19,100,
09:55:00,67.19,107,
09:55:00,67.19,107,
09:55:00,67.19,414,
09:55:00,67.18,100,
09:55:01,67.19,200,
09:55:02,67.19,500,
09:55:02,67.18,107,
09:55:02,67.18,500,
09:55:02,67.17,564,
09:55:05,67.188,350,
09:55:07,67.17,475,
09:55:07,67.17,500,
09:55:10,67.17,500,
09:55:10,67.17,500,
09:55:10,67.17,200,
09:55:12,67.16,774,
09:55:12,67.16,400,
09:55:12,67.16,600,
09:55:12,67.16,3500,
09:55:12,67.16,600,
09:55:12,67.16,1000,
09:55:12,67.16,2000,
09:55:12,67.16,500,
09:55:12,67.16,200,
09:55:12,67.16,700,
09:55:12,67.16,2400,
09:55:12,67.16,200,
09:55:12,67.16,1700,
09:55:12,67.16,200,
09:55:13,67.1501,300,
09:55:14,67.15,200,
09:55:14,67.15,800,
09:55:14,67.15,700,
09:55:14,67.15,500,
09:55:14,67.15,100,
09:55:14,67.15,1300,
09:55:17,67.1499,400,
09:55:17,67.15,100,
09:55:17,67.1499,100,
09:55:17,67.1499,100,
09:55:18,67.16,500,
09:55:19,67.15,300,
09:55:19,67.14,500,
09:55:19,67.14,500,
09:55:20,67.14,300,
09:55:20,67.14,300,
09:55:20,67.14,400,
09:55:22,67.15,100,
09:55:22,67.15,100,
09:55:23,67.14,1000,
09:55:24,67.15,100,
09:55:24,67.14,200,
09:55:26,67.148,300,
09:55:27,67.14,100,
09:55:28,67.14,9000,
09:55:28,67.14,100,
09:55:30,67.15,100,
09:55:37,67.15,228,
09:55:37,67.15,500,
09:55:37,67.15,300,
09:55:37,67.16,4800,
09:55:37,67.15,482,
09:55:37,67.15,100,
09:55:37,67.15,160,
09:55:37,67.15,100,
09:55:38,67.15,1000,
09:55:41,67.151,9000,
09:55:45,67.16,3700,
09:55:45,67.16,500,
09:55:45,67.16,500,
09:55:45,67.17,200,
09:55:45,67.17,500,
09:55:45,67.17,100,
09:55:48,67.17,1300,
09:55:50,67.16,100,
09:55:50,67.16,400,
09:55:50,67.16,100,
09:55:54,67.16,100,
09:55:54,67.16,100,
09:55:59,67.16,100,
09:56:01,67.17,274,
09:56:01,67.17,300,
09:56:01,67.17,500,
09:56:08,67.18,441,
09:56:08,67.18,672,
09:56:10,67.18,100,
09:56:10,67.18,500,
09:56:10,67.18,500,
09:56:11,67.19,1500,
09:56:11,67.19,200,
09:56:11,67.19,500,
09:56:11,67.19,500,
09:56:11,67.19,100,
09:56:12,67.19,100,
09:56:13,67.19,722,
09:56:13,67.18,500,
09:56:13,67.18,1600,
09:56:13,67.18,4800,
09:56:13,67.19,100,
09:56:13,67.19,100,
09:56:13,67.20,200,
09:56:13,67.19,400,
09:56:13,67.19,600,
09:56:14,67.19,200,
09:56:15,67.191,700,
09:56:15,67.191,700,
09:56:19,67.19,100,
09:56:22,67.19,400,
09:56:25,67.1943,215,
09:56:28,67.1999,230,
09:56:31,67.19,100,
09:56:44,67.19,100,
09:56:46,67.20,100,
09:56:46,67.20,100,
09:56:46,67.20,185,
09:56:46,67.20,500,
09:56:46,67.21,199,
09:56:46,67.21,400,
09:56:46,67.21,700,
09:56:46,67.21,500,
09:56:46,67.21,415,
09:56:47,67.2101,100,
09:56:48,67.22,500,
09:56:48,67.22,500,
09:56:49,67.23,500,
09:56:49,67.23,500,
09:56:51,67.23,100,
09:56:51,67.23,100,
09:56:51,67.23,400,
09:56:51,67.23,100,
09:56:51,67.23,300,
09:56:51,67.23,100,
09:56:51,67.23,100,
09:56:55,67.23,100,
09:56:59,67.23,100,
09:57:03,67.2205,1000,
09:57:03,67.22,500,
09:57:12,67.23,100,
09:57:13,67.23,296,
09:57:19,67.23,100,
09:57:21,67.24,300,
09:57:21,67.24,500,
09:57:21,67.24,1000,
09:57:21,67.24,500,
09:57:21,67.25,300,
09:57:21,67.25,200,
09:57:21,67.25,500,
09:57:21,67.25,100,
09:57:21,67.26,300,
09:57:23,67.26,248,
09:57:23,67.26,249,
09:57:23,67.26,100,
09:57:23,67.26,500,
09:57:23,67.26,300,
09:57:23,67.26,300,
09:57:23,67.26,500,
09:57:25,67.26,100,
09:57:25,67.27,700,
09:57:25,67.26,200,
09:57:26,67.26,200,
09:57:26,67.25,100,
09:57:26,67.25,500,
09:57:26,67.25,400,
09:57:32,67.25,800,
09:57:32,67.25,100,
09:57:32,67.25,500,
09:57:34,67.25,600,
09:57:40,67.24,500,
09:57:40,67.24,500,
09:57:40,67.24,100,
09:57:41,67.23,200,
09:57:48,67.24,100,
09:57:48,67.24,100,
09:57:48,67.25,100,
09:57:58,67.25,100,
09:57:59,67.25,300,
09:58:00,67.25,500,
09:58:03,67.25,500,
09:58:03,67.25,244,
09:58:03,67.25,100,
09:58:03,67.25,100,
09:58:05,67.252,200,
09:58:06,67.25,100,
09:58:15,67.26,700,
09:58:16,67.25,200,
09:58:16,67.25,1000,
09:58:22,67.2499,300,
09:58:22,67.2499,400,
09:58:22,67.25,100,
09:58:23,67.2501,500,
09:58:26,67.25,100,
09:58:40,67.2499,800,
09:58:41,67.24,500,
09:58:44,67.24,100,
09:58:47,67.24,300,
09:58:47,67.24,100,
09:58:47,67.24,300,
09:58:47,67.24,400,
09:58:50,67.25,100,
09:58:50,67.25,100,
09:58:50,67.25,100,
09:58:50,67.25,100,
09:59:02,67.25,260,
09:59:14,67.25,1000,
09:59:19,67.25,150,
09:59:20,67.25,200,
09:59:20,67.25,1200,
09:59:35,67.25,100,
09:59:40,67.24,200,
09:59:40,67.24,200,
09:59:42,67.25,255,
09:59:42,67.25,345,
09:59:48,67.248,400,
09:59:55,67.25,566,
09:59:55,67.25,200,
09:59:55,67.25,700,
09:59:55,67.25,100,
09:59:55,67.25,100,
09:59:55,67.25,200,
09:59:55,67.25,200,
09:59:55,67.25,700,
09:59:58,67.2501,100,
10:00:01,67.25,100,
10:00:04,67.26,100,
10:00:04,67.26,500,
10:00:04,67.26,400,
10:00:04,67.26,100,
10:00:04,67.26,100,
10:00:04,67.26,800,
10:00:08,67.27,500,
10:00:08,67.27,500,
10:00:08,67.27,100,
10:00:12,67.27,700,
10:00:12,67.27,200,
10:00:14,67.26,500,
10:00:14,67.26,300,
10:00:15,67.26,200,
10:00:15,67.26,500,
10:00:15,67.26,100,
10:00:20,67.2513,700,
10:00:25,67.27,300,
10:00:25,67.27,100,
10:00:25,67.27,100,
10:00:25,67.28,200,
10:00:25,67.28,200,
10:00:25,67.28,500,
10:00:25,67.28,1400,
10:00:25,67.28,500,
10:00:25,67.28,100,
10:00:27,67.28,100,
10:00:27,67.28,100,
10:00:29,67.29,300,
10:00:30,67.29,100,
10:00:33,67.29,244,
10:00:33,67.29,500,
10:00:33,67.29,1240,
10:00:33,67.29,100,
10:00:34,67.29,100,
10:00:35,67.29,100,
10:00:38,67.30,2200,
10:00:39,67.29,100,
10:00:48,67.30,107,
10:00:54,67.30,500,
10:00:54,67.30,393,
10:00:54,67.30,100,
10:00:54,67.30,475,
10:00:57,67.30,100,
10:00:57,67.30,800,
10:00:58,67.295,100,
10:01:04,67.30,100,
10:01:04,67.30,100,
10:01:04,67.2901,300,
10:01:06,67.2999,1200,
10:01:11,67.298,200,
10:01:12,67.30,100,
10:01:14,67.29,100,
10:01:14,67.29,500,
10:01:14,67.29,300,
10:01:14,67.29,400,
10:01:29,67.28,200,
10:01:29,67.28,200,
10:01:29,67.28,500,
10:01:31,67.28,100,
10:01:34,67.28,100,
10:01:34,67.27,900,
10:01:34,67.2799,400,
10:01:36,67.28,500,
10:01:48,67.27,500,
10:01:49,67.2799,150,
10:01:51,67.2701,150,
10:01:53,67.27,200,
10:01:53,67.27,100,
10:01:54,67.27,100,
10:01:55,67.28,100,
10:01:55,67.28,100,
10:01:55,67.28,500,
10:01:55,67.28,611,
10:01:55,67.28,189,
10:01:56,67.278,333,
10:01:57,67.27,200,
10:01:59,67.27,100,
10:02:01,67.2601,178,
10:02:06,67.26,121,
10:02:07,67.2699,100,
10:02:09,67.27,500,
10:02:09,67.27,100,
10:02:21,67.27,300,
10:02:22,67.27,200,
10:02:23,67.26,500,
10:02:23,67.26,100,
10:02:24,67.26,200,
10:02:27,67.26,100,
10:02:30,67.25,500,
10:02:30,67.25,500,
10:02:32,67.24,111,
10:02:33,67.2445,150,
10:02:34,67.25,1300,
10:02:34,67.25,700,
10:02:34,67.25,100,
10:02:35,67.25,100,
10:02:36,67.26,500,
10:02:36,67.26,100,
10:02:36,67.265,100,
10:02:36,67.26,100,
10:02:37,67.26,100,
10:02:43,67.27,200,
10:02:46,67.26,800,
10:02:46,67.26,100,
10:02:46,67.26,100,
10:02:46,67.26,200,
10:02:46,67.26,400,
10:02:46,67.26,1400,
10:02:46,67.26,2400,
10:02:46,67.26,200,
10:02:46,67.26,400,
10:02:46,67.26,200,
10:02:46,67.26,800,
10:02:46,67.25,100,
10:02:46,67.25,500,
10:02:46,67.25,700,
10:02:46,67.25,200,
10:02:46,67.25,100,
10:02:47,67.25,200,
10:02:47,67.25,100,
10:02:47,67.25,100,
10:02:51,67.255,100,
10:02:51,67.26,200,
10:02:51,67.26,2400,
10:02:51,67.26,100,
10:02:51,67.255,100,
10:02:51,67.26,200,
10:02:51,67.26,100,
10:02:54,67.255,100,
10:02:54,67.2699,300,
10:02:55,67.27,200,
10:02:55,67.27,100,
10:02:56,67.26,1500,
10:02:58,67.26,704,
10:02:58,67.26,200,
10:02:58,67.26,100,
10:03:09,67.26,302,
10:03:09,67.255,100,
10:03:12,67.26,198,
10:03:16,67.27,760,
10:03:16,67.27,500,
10:03:16,67.27,500,
10:03:16,67.27,815,
10:03:17,67.28,200,
10:03:17,67.28,600,
10:03:17,67.28,316,
10:03:17,67.28,100,
10:03:17,67.28,100,
10:03:17,67.262,100,
10:03:23,67.27,200,
10:03:23,67.27,100,
10:03:26,67.28,100,
10:03:26,67.28,500,
10:03:26,67.28,500,
10:03:26,67.279,100,
10:03:27,67.28,280,
10:03:27,67.28,200,
10:03:27,67.28,1300,
10:03:30,67.2795,150,
10:03:40,67.28,100,
10:03:40,67.29,715,
10:03:41,67.29,500,
10:03:41,67.29,500,
10:03:41,67.29,1685,
10:03:42,67.30,800,
10:03:42,67.30,500,
10:03:42,67.30,500,
10:03:42,67.31,100,
10:03:42,67.31,1100,
10:03:42,67.31,200,
10:03:43,67.30,100,
10:03:44,67.30,100,
10:03:44,67.31,5000,
10:03:49,67.30,100,
10:03:50,67.29,500,
10:03:50,67.29,800,
10:03:51,67.28,100,
10:03:53,67.29,100,
10:03:53,67.29,100,
10:03:54,67.285,100,
10:03:54,67.30,500,
10:03:54,67.30,100,
10:03:56,67.308,700,
10:04:01,67.29,500,
10:04:01,67.29,100,
10:04:06,67.29,100,
10:04:08,67.29,100,
10:04:15,67.29,100,
10:04:18,67.30,100,
10:04:26,67.30,500,
10:04:26,67.30,500,
10:04:26,67.30,100,
10:04:26,67.30,200,
10:04:37,67.2999,200,
10:04:38,67.29,100,
10:04:39,67.29,300,
10:04:39,67.29,200,
10:04:42,67.28,437,
10:04:42,67.28,500,
10:04:42,67.28,500,
10:04:42,67.28,700,
10:04:45,67.28,100,
10:04:53,67.27,111,
10:05:06,67.28,100,
10:05:06,67.28,300,
10:05:06,67.28,100,
10:05:13,67.28,100,
10:05:14,67.28,100,
10:05:16,67.2799,125,
10:05:18,67.27,500,
10:05:18,67.27,500,
10:05:18,67.26,100,
10:05:19,67.26,100,
10:05:20,67.26,500,
10:05:20,67.26,500,
10:05:21,67.252,100,
10:05:21,67.27,300,
10:05:22,67.27,100,
10:05:25,67.27,100,
10:05:31,67.27,100,
10:05:36,67.26,200,
10:05:38,67.26,100,
10:05:38,67.26,100,
10:05:40,67.27,500,
10:05:40,67.27,500,
10:05:48,67.28,500,
10:05:48,67.29,200,
10:05:48,67.29,200,
10:05:48,67.29,200,
10:05:48,67.29,200,
10:05:48,67.29,3000,
10:05:48,67.29,600,
10:05:48,67.29,500,
10:05:48,67.29,100,
10:05:48,67.29,107,
10:05:48,67.29,200,
10:05:56,67.30,200,
10:05:56,67.30,500,
10:05:56,67.29,100,
10:06:00,67.29,500,
10:06:00,67.29,400,
10:06:00,67.29,100,
10:06:04,67.282,1400,
10:06:07,67.28,100,
10:06:07,67.28,200,
10:06:07,67.28,100,
10:06:07,67.28,300,
10:06:07,67.28,500,
10:06:07,67.28,400,
10:06:07,67.27,100,
10:06:10,67.28,100,
10:06:16,67.29,500,
10:06:16,67.29,500,
10:06:17,67.29,100,
10:06:29,67.29,200,
10:06:29,67.29,100,
10:06:29,67.29,100,
10:06:31,67.28,100,
10:06:31,67.28,100,
10:06:31,67.28,200,
10:06:31,67.28,200,
10:06:31,67.28,400,
10:06:31,67.28,200,
10:06:31,67.28,200,
10:06:31,67.28,100,
10:06:32,67.28,100,
10:06:37,67.29,100,
10:06:37,67.29,500,
10:06:37,67.29,100,
10:06:38,67.2999,2000,
10:06:43,67.28,100,
10:06:43,67.29,200,
10:06:44,67.29,800,
10:06:44,67.29,600,
10:06:49,67.28,100,
10:06:49,67.28,1000,
10:06:49,67.28,800,
10:06:49,67.28,500,
10:06:49,67.28,500,
10:06:49,67.26,200,
10:06:49,67.27,400,
10:06:49,67.27,300,
10:06:49,67.27,200,
10:06:49,67.27,800,
10:06:49,67.27,500,
10:06:49,67.27,1100,
10:06:49,67.27,300,
10:06:49,67.27,1100,
10:06:49,67.27,1626,
10:06:49,67.27,100,
10:06:49,67.27,200,
10:06:49,67.27,200,
10:06:49,67.27,100,
10:06:49,67.27,500,
10:06:50,67.26,300,
10:06:50,67.26,700,
10:06:50,67.26,100,
10:06:50,67.28,100,
10:06:50,67.26,2229,
10:06:50,67.26,500,
10:06:50,67.26,500,
10:06:50,67.26,1300,
10:06:50,67.26,200,
10:06:50,67.28,100,
10:06:50,67.26,800,
10:06:50,67.26,360,
10:06:50,67.26,100,
10:06:50,67.26,100,
10:06:50,67.26,400,
10:06:50,67.26,100,
10:06:51,67.26,200,
10:06:51,67.26,100,
10:06:55,67.25,400,
10:06:55,67.25,300,
10:06:55,67.25,123,
10:06:55,67.25,277,
10:06:55,67.24,265,
10:06:56,67.24,265,
10:06:56,67.24,235,
10:07:00,67.24,100,
10:07:00,67.24,100,
10:07:01,67.24,100,
10:07:01,67.24,100,
10:07:05,67.25,500,
10:07:05,67.25,100,
10:07:07,67.24,200,
10:07:07,67.24,300,
10:07:08,67.24,100,
10:07:08,67.24,100,
10:07:08,67.24,400,
10:07:14,67.24,100,
10:07:17,67.24,100,
10:07:17,67.26,200,
10:07:17,67.26,200,
10:07:17,67.25,500,
10:07:17,67.25,100,
10:07:18,67.25,100,
10:07:18,67.25,100,
10:07:18,67.25,400,
10:07:18,67.25,200,
10:07:18,67.25,400,
10:07:20,67.26,200,
10:07:20,67.26,100,
10:07:24,67.25,100,
10:07:29,67.2501,100,
10:07:29,67.25,200,
10:07:34,67.25,200,
10:07:34,67.25,100,
10:07:34,67.24,200,
10:07:36,67.25,100,
10:07:43,67.26,100,
10:07:43,67.26,500,
10:07:43,67.26,300,
10:07:44,67.27,300,
10:07:44,67.27,500,
10:07:44,67.27,100,
10:07:44,67.28,200,
10:07:44,67.28,100,
10:07:44,67.28,300,
10:07:44,67.28,500,
10:07:44,67.28,100,
10:07:44,67.28,120,
10:07:48,67.2895,200,
10:08:02,67.28,100,
10:08:02,67.28,100,
10:08:02,67.27,100,
10:08:04,67.27,800,
10:08:04,67.27,200,
10:08:04,67.27,500,
10:08:04,67.27,400,
10:08:09,67.27,100,
10:08:17,67.28,200,
10:08:17,67.28,500,
10:08:18,67.272,300,
10:08:25,67.28,1400,
10:08:25,67.28,100,
10:08:27,67.27,100,
10:08:27,67.27,100,
10:08:33,67.27,100,
10:08:34,67.27,500,
10:08:34,67.27,100,
10:08:37,67.27,200,
10:08:48,67.268,1000,
10:08:59,67.27,100,
10:08:59,67.27,100,
10:09:02,67.28,1600,
10:09:02,67.28,200,
10:09:02,67.28,500,
10:09:02,67.28,100,
10:09:02,67.29,300,
10:09:05,67.27,200,
10:09:09,67.28,100,
10:09:10,67.27,500,
10:09:10,67.275,100,
10:09:10,67.26,200,
10:09:10,67.26,500,
10:09:10,67.26,500,
10:09:14,67.25,700,
10:09:14,67.25,678,
10:09:14,67.25,500,
10:09:14,67.25,422,
10:09:14,67.25,500,
10:09:14,67.25,600,
10:09:18,67.24,100,
10:09:21,67.25,100,
10:09:21,67.25,100,
10:09:21,67.25,200,
10:09:23,67.25,100,
10:09:25,67.25,200,
10:09:28,67.24,100,
10:09:29,67.24,300,
10:09:29,67.24,500,
10:09:34,67.24,200,
10:09:35,67.24,100,
10:09:49,67.23,200,
10:09:49,67.24,200,
10:09:49,67.24,100,
10:09:49,67.25,4500,
10:09:49,67.25,700,
10:09:54,67.25,2200,
10:09:56,67.2301,150,
10:09:59,67.23,500,
10:09:59,67.23,500,
10:09:59,67.23,100,
10:10:00,67.22,200,
10:10:00,67.22,460,
10:10:00,67.22,700,
10:10:00,67.22,160,
10:10:00,67.22,200,
10:10:00,67.22,100,
10:10:00,67.22,800,
10:10:00,67.22,600,
10:10:00,67.22,100,
10:10:00,67.22,700,
10:10:00,67.22,800,
10:10:00,67.22,700,
10:10:00,67.22,500,
10:10:00,67.22,100,
10:10:00,67.22,300,
10:10:00,67.22,2400,
10:10:00,67.22,100,
10:10:00,67.22,600,
10:10:00,67.22,300,
10:10:00,67.2201,2600,
10:10:00,67.22,2400,
10:10:00,67.22,100,
10:10:00,67.22,200,
10:10:01,67.22,100,
10:10:07,67.21,500,
10:10:07,67.21,500,
10:10:07,67.21,300,
10:10:07,67.21,100,
10:10:08,67.21,200,
10:10:08,67.21,600,
10:10:08,67.21,100,
10:10:08,67.21,200,
10:10:08,67.21,200,
10:10:08,67.22,700,
10:10:08,67.22,200,
10:10:08,67.219,200,
10:10:08,67.22,3900,
10:10:08,67.22,2400,
10:10:09,67.20,300,
10:10:10,67.23,100,
10:10:10,67.23,180,
10:10:10,67.22,100,
10:10:10,67.22,200,
10:10:10,67.23,3120,
10:10:10,67.22,700,
10:10:10,67.22,500,
10:10:10,67.22,500,
10:10:10,67.215,100,
10:10:10,67.22,900,
10:10:11,67.23,500,
10:10:11,67.23,500,
10:10:11,67.22,700,
10:10:15,67.24,800,
10:10:15,67.24,500,
10:10:15,67.24,100,
10:10:16,67.23,200,
10:10:17,67.23,100,
10:10:17,67.23,300,
10:10:17,67.23,400,
10:10:17,67.23,700,
10:10:17,67.23,100,
10:10:20,67.23,100,
10:10:23,67.2301,2300,
10:10:23,67.23,200,
10:10:23,67.23,200,
10:10:23,67.23,200,
10:10:23,67.23,800,
10:10:23,67.23,1000,
10:10:23,67.23,200,
10:10:23,67.23,100,
10:10:23,67.23,222,
10:10:23,67.23,500,
10:10:23,67.23,700,
10:10:23,67.23,700,
10:10:23,67.23,2400,
10:10:23,67.23,500,
10:10:23,67.23,100,
10:10:23,67.23,100,
10:10:23,67.23,400,
10:10:23,67.23,2000,
10:10:23,67.23,200,
10:10:23,67.231,2300,
10:10:23,67.23,700,
10:10:23,67.23,300,
10:10:23,67.23,1200,
10:10:23,67.23,1600,
10:10:23,67.23,200,
10:10:24,67.23,1200,
10:10:24,67.23,1300,
10:10:25,67.23,1600,
10:10:27,67.23,100,
10:10:41,67.22,500,
10:10:41,67.22,500,
10:10:41,67.22,500,
10:10:41,67.22,800,
10:10:41,67.22,100,
10:10:42,67.21,800,
10:10:42,67.21,210,
10:10:45,67.22,600,
10:10:45,67.22,700,
10:10:45,67.22,210,
10:10:45,67.22,100,
10:10:45,67.22,700,
10:10:45,67.22,500,
10:10:45,67.22,500,
10:10:52,67.23,100,
10:10:52,67.23,300,
10:10:52,67.23,500,
10:10:52,67.23,200,
10:10:52,67.24,200,
10:10:52,67.24,200,
10:10:52,67.24,1628,
10:10:52,67.24,1628,
10:10:52,67.24,500,
10:10:52,67.24,100,
10:10:52,67.24,300,
10:10:53,67.2499,100,
10:10:57,67.24,100,
10:10:58,67.24,100,
10:11:05,67.24,200,
10:11:05,67.24,100,
10:11:12,67.24,100,
10:11:16,67.25,100,
10:11:18,67.24,100,
10:11:19,67.24,200,
10:11:19,67.24,1200,
10:11:19,67.24,800,
10:11:19,67.24,800,
10:11:19,67.24,600,
10:11:19,67.24,700,
10:11:19,67.24,100,
10:11:19,67.24,500,
10:11:20,67.24,100,
10:11:20,67.24,142,
10:11:20,67.24,100,
10:11:26,67.24,700,
10:11:26,67.24,200,
10:11:26,67.2399,100,
10:11:29,67.24,100,
10:11:31,67.24,100,
10:11:33,67.248,600,
10:11:35,67.23,1300,
10:11:35,67.23,800,
10:11:42,67.24,100,
10:11:42,67.24,100,
10:11:50,67.25,500,
10:11:50,67.25,500,
10:11:50,67.25,166,
10:11:56,67.24,100,
10:11:59,67.24,214,
10:12:05,67.23,300,
10:12:07,67.23,500,
10:12:07,67.23,200,
10:12:07,67.23,500,
10:12:07,67.23,500,
10:12:16,67.2299,100,
10:12:18,67.23,200,
10:12:18,67.23,200,
10:12:19,67.24,500,
10:12:19,67.24,100,
10:12:28,67.24,121,
10:12:28,67.24,100,
10:12:34,67.24,500,
10:12:34,67.24,100,
10:12:39,67.25,200,
10:12:39,67.25,700,
10:12:39,67.25,800,
10:12:39,67.25,600,
10:12:39,67.245,100,
10:12:53,67.25,100,
10:12:53,67.25,162,
10:12:53,67.25,100,
10:12:53,67.25,500,
10:12:53,67.25,138,
10:12:57,67.25,100,
10:12:57,67.25,200,
10:13:04,67.25,100,
10:13:04,67.26,100,
10:13:06,67.26,100,
10:13:06,67.26,100,
10:13:07,67.26,500,
10:13:10,67.25,1100,
10:13:12,67.25,1000,
10:13:13,67.25,100,
10:13:17,67.24,200,
10:13:20,67.25,100,
10:13:24,67.25,100,
10:13:33,67.242,250,
10:13:37,67.25,100,
10:13:37,67.25,1100,
10:13:42,67.26,117,
10:13:42,67.26,100,
10:13:43,67.26,100,
10:13:44,67.26,100,
10:13:45,67.26,100,
10:13:46,67.26,340,
10:13:52,67.26,100,
10:13:56,67.26,100,
10:13:57,67.26,100,
10:14:03,67.2699,100,
10:14:08,67.265,100,
10:14:08,67.27,1144,
10:14:08,67.27,3456,
10:14:08,67.27,200,
10:14:08,67.27,4000,
10:14:08,67.27,100,
10:14:08,67.27,100,
10:14:08,67.27,100,
10:14:08,67.27,500,
10:14:08,67.27,455,
10:14:09,67.28,118,
10:14:09,67.28,300,
10:14:09,67.28,100,
10:14:09,67.28,300,
10:14:09,67.28,2600,
10:14:09,67.28,382,
10:14:09,67.28,100,
10:14:15,67.28,100,
10:14:15,67.27,200,
10:14:15,67.27,672,
10:14:17,67.27,100,
10:14:17,67.27,217,
10:14:17,67.27,500,
10:14:17,67.27,800,
10:14:17,67.27,600,
10:14:17,67.27,100,
10:14:26,67.26,100,
10:14:26,67.26,500,
10:14:26,67.26,500,
10:14:26,67.26,100,
10:14:26,67.25,1100,
10:14:26,67.25,1000,
10:14:26,67.26,100,
10:14:26,67.26,400,
10:14:29,67.27,100,
10:14:29,67.28,400,
10:14:29,67.28,500,
10:14:29,67.27,400,
10:14:29,67.27,400,
10:14:29,67.28,216,
10:14:29,67.28,100,
10:14:29,67.28,284,
10:14:32,67.28,100,
10:14:35,67.27,500,
10:14:35,67.27,100,
10:14:41,67.2799,2600,
10:14:41,67.27,700,
10:14:41,67.27,900,
10:14:43,67.2652,100,
10:14:44,67.27,600,
10:14:46,67.2799,1800,
10:14:52,67.268,1000,
10:14:56,67.2601,2600,
10:15:00,67.2699,250,
10:15:06,67.27,1800,
10:15:06,67.28,200,
10:15:06,67.28,300,
10:15:06,67.28,300,
10:15:10,67.27,100,
10:15:10,67.27,100,
10:15:10,67.27,300,
10:15:12,67.2799,575,
10:15:13,67.27,100,
10:15:13,67.27,100,
10:15:13,67.27,100,
10:15:16,67.27,100,
10:15:16,67.27,400,
10:15:20,67.26,100,
10:15:22,67.26,100,
10:15:22,67.26,400,
10:15:22,67.26,500,
10:15:22,67.26,500,
10:15:22,67.26,400,
10:15:22,67.26,200,
10:15:22,67.26,400,
10:15:22,67.26,100,
10:15:22,67.26,400,
10:15:28,67.26,100,
10:15:28,67.26,100,
10:15:29,67.26,100,
10:15:36,67.26,1700,
10:15:36,67.26,100,
10:15:37,67.26,200,
10:15:39,67.25,100,
10:15:42,67.2599,200,
10:15:47,67.26,100,
10:15:47,67.26,100,
10:15:54,67.26,1100,
10:15:54,67.26,200,
10:15:54,67.26,300,
10:15:54,67.27,200,
10:15:55,67.2699,800,
10:15:55,67.27,500,
10:15:55,67.27,500,
10:15:55,67.27,300,
10:15:55,67.28,400,
10:15:55,67.27,200,
10:15:55,67.27,300,
10:15:55,67.27,100,
10:15:55,67.28,100,
10:15:56,67.27,200,
10:15:56,67.27,100,
10:15:58,67.27,200,
10:15:59,67.27,100,
10:15:59,67.27,500,
10:16:10,67.27,100,
10:16:13,67.27,100,
10:16:13,67.26,200,
10:16:15,67.26,200,
10:16:16,67.26,500,
10:16:16,67.26,300,
10:16:19,67.25,200,
10:16:37,67.26,100,
10:16:38,67.25,200,
10:16:39,67.26,100,
10:16:40,67.27,100,
10:16:44,67.26,100,
10:16:49,67.26,100,
10:16:49,67.26,200,
10:16:50,67.26,1000,
10:16:50,67.2699,100,
10:16:51,67.27,100,
10:16:51,67.27,500,
10:16:51,67.28,300,
10:16:52,67.28,200,
10:16:53,67.28,500,
10:16:53,67.28,500,
10:16:53,67.28,100,
10:16:53,67.28,500,
10:16:53,67.28,500,
10:16:53,67.28,700,
10:16:53,67.28,100,
10:16:53,67.28,500,
10:16:54,67.272,100,
10:16:54,67.29,491,
10:16:55,67.29,1105,
10:16:55,67.29,500,
10:16:55,67.28,2000,
10:16:56,67.29,100,
10:16:56,67.29,100,
10:17:00,67.29,100,
10:17:03,67.29,300,
10:17:03,67.29,100,
10:17:05,67.29,100,
10:17:15,67.285,100,
10:17:15,67.28,500,
10:17:17,67.275,100,
10:17:18,67.28,200,
10:17:18,67.28,200,
10:17:19,67.28,100,
10:17:23,67.28,100,
10:17:23,67.28,300,
10:17:24,67.29,100,
10:17:27,67.288,1400,
10:17:28,67.28,100,
10:17:33,67.27,700,
10:17:33,67.27,600,
10:17:33,67.27,500,
10:17:33,67.27,500,
10:17:35,67.2799,100,
10:17:36,67.28,500,
10:17:36,67.28,500,
10:17:37,67.29,200,
10:17:38,67.28,100,
10:17:38,67.29,100,
10:17:45,67.2799,200,
10:17:48,67.28,100,
10:17:48,67.272,300,
10:17:50,67.28,100,
10:17:50,67.2705,850,
10:17:52,67.28,100,
10:17:53,67.2799,100,
10:17:53,67.28,600,
10:17:55,67.28,100,
10:17:56,67.27,200,
10:17:56,67.27,1200,
10:17:56,67.27,100,
10:17:56,67.27,124,
10:17:58,67.28,100,
10:18:00,67.29,100,
10:18:06,67.27,500,
10:18:06,67.27,107,
10:18:07,67.26,200,
10:18:07,67.26,300,
10:18:07,67.26,1300,
10:18:07,67.26,500,
10:18:07,67.26,100,
10:18:07,67.26,400,
10:18:08,67.26,200,
10:18:08,67.26,100,
10:18:08,67.27,200,
10:18:08,67.27,100,
10:18:08,67.27,100,
10:18:09,67.27,200,
10:18:10,67.27,100,
10:18:11,67.2601,405,
10:18:15,67.27,100,
10:18:15,67.27,100,
10:18:15,67.27,600,
10:18:15,67.27,100,
10:18:15,67.27,100,
10:18:16,67.27,100,
10:18:17,67.27,200,
10:18:17,67.27,100,
10:18:20,67.28,100,
10:18:27,67.27,100,
10:18:27,67.27,100,
10:18:31,67.28,100,
10:18:31,67.2799,100,
10:18:31,67.2799,100,
10:18:32,67.28,100,
10:18:32,67.28,100,
10:18:33,67.28,200,
10:18:34,67.27,200,
10:18:34,67.27,200,
10:18:35,67.26,200,
10:18:35,67.26,100,
10:18:35,67.26,500,
10:18:35,67.26,100,
10:18:36,67.25,200,
10:18:39,67.26,100,
10:18:41,67.27,100,
10:18:42,67.26,100,
10:18:50,67.25,200,
10:18:50,67.25,500,
10:18:50,67.25,500,
10:18:51,67.24,151,
10:18:51,67.24,100,
10:18:54,67.24,100,
10:18:54,67.24,500,
10:18:54,67.24,500,
10:18:54,67.24,200,
10:18:54,67.24,100,
10:18:54,67.23,3800,
10:18:55,67.23,200,
10:18:55,67.23,500,
10:18:55,67.23,500,
10:18:55,67.23,100,
10:18:55,67.23,500,
10:18:55,67.22,800,
10:18:56,67.23,100,
10:18:56,67.23,100,
10:18:57,67.24,960,
10:18:57,67.24,100,
10:18:57,67.24,1440,
10:18:57,67.24,500,
10:18:57,67.24,500,
10:18:57,67.24,1440,
10:18:57,67.24,200,
10:18:57,67.24,330,
10:18:57,67.24,300,
10:18:59,67.24,100,
10:18:59,67.24,100,
10:19:00,67.24,100,
10:19:02,67.2399,2000,
10:19:03,67.23,500,
10:19:03,67.23,200,
10:19:03,67.23,300,
10:19:03,67.2299,100,
10:19:06,67.22,623,
10:19:06,67.21,1500,
10:19:06,67.22,500,
10:19:06,67.22,500,
10:19:06,67.22,1500,
10:19:06,67.22,500,
10:19:06,67.21,500,
10:19:06,67.21,500,
10:19:06,67.21,400,
10:19:07,67.21,200,
10:19:07,67.21,200,
10:19:07,67.22,100,
10:19:07,67.22,400,
10:19:07,67.22,300,
10:19:09,67.228,200,
10:19:10,67.22,100,
10:19:13,67.215,100,
10:19:14,67.22,100,
10:19:18,67.2155,571,
10:19:20,67.22,100,
10:19:20,67.22,2400,
10:19:20,67.22,200,
10:19:20,67.22,400,
10:19:25,67.21,100,
10:19:28,67.22,800,
10:19:28,67.22,400,
10:19:28,67.22,2400,
10:19:36,67.22,200,
10:19:39,67.22,700,
10:19:39,67.22,2400,
10:19:39,67.22,300,
10:19:39,67.22,2100,
10:19:39,67.22,300,
10:19:40,67.23,177,
10:19:40,67.23,500,
10:19:40,67.23,500,
10:19:43,67.24,500,
10:19:43,67.24,500,
10:19:43,67.24,500,
10:19:44,67.24,100,
10:19:50,67.24,100,
10:19:53,67.24,200,
10:19:53,67.24,100,
10:20:00,67.24,2100,
10:20:00,67.24,2400,
10:20:00,67.235,100,
10:20:00,67.24,1100,
10:20:00,67.24,2100,
10:20:00,67.24,200,
10:20:00,67.24,600,
10:20:00,67.24,800,
10:20:00,67.24,400,
10:20:00,67.24,200,
10:20:00,67.235,200,
10:20:00,67.24,200,
10:20:00,67.24,100,
10:20:00,67.235,100,
10:20:00,67.24,200,
10:20:01,67.24,200,
10:20:05,67.23,500,
10:20:05,67.23,500,
10:20:10,67.23,100,
10:20:20,67.2301,600,
10:20:28,67.22,1500,
10:20:28,67.22,500,
10:20:28,67.22,500,
10:20:28,67.22,1000,
10:20:28,67.22,100,
10:20:31,67.23,150,
10:20:35,67.23,180,
10:20:37,67.2399,100,
10:20:37,67.2399,200,
10:20:48,67.24,500,
10:20:48,67.24,500,
10:20:48,67.24,500,
10:20:48,67.24,500,
10:20:51,67.2399,554,
10:21:00,67.23,100,
10:21:00,67.22,200,
10:21:07,67.22,200,
10:21:08,67.23,100,
10:21:08,67.23,100,
10:21:11,67.23,100,
10:21:27,67.22,500,
10:21:27,67.22,500,
10:21:27,67.22,500,
10:21:27,67.22,500,
10:21:30,67.21,100,
10:21:35,67.22,100,
10:21:40,67.21,300,
10:21:40,67.21,200,
10:21:40,67.21,500,
10:21:44,67.2099,300,
10:21:46,67.2099,100,
10:21:46,67.21,100,
10:21:58,67.21,200,
10:22:10,67.21,100,
10:22:10,67.21,100,
10:22:18,67.21,100,
10:22:18,67.22,200,
10:22:18,67.22,600,
10:22:21,67.22,300,
10:22:21,67.23,700,
10:22:21,67.22,500,
10:22:21,67.23,3601,
10:22:21,67.23,500,
10:22:21,67.23,600,
10:22:21,67.23,300,
10:22:23,67.24,600,
10:22:23,67.24,500,
10:22:23,67.24,500,
10:22:23,67.24,200,
10:22:23,67.24,100,
10:22:23,67.24,100,
10:22:23,67.23,100,
10:22:24,67.24,200,
10:22:37,67.231,1100,
10:22:40,67.24,200,
10:22:42,67.23,500,
10:22:42,67.23,500,
10:22:42,67.22,200,
10:22:42,67.22,300,
10:22:43,67.22,400,
10:22:43,67.22,500,
10:22:43,67.22,200,
10:22:43,67.219,200,
10:22:43,67.219,200,
10:22:44,67.21,500,
10:22:44,67.21,600,
10:22:44,67.2001,1700,
10:22:45,67.21,100,
10:22:47,67.21,100,
10:22:49,67.201,700,
10:22:49,67.20,700,
10:22:52,67.20,500,
10:22:52,67.20,300,
10:22:52,67.20,1700,
10:22:52,67.20,100,
10:22:53,67.19,500,
10:22:53,67.19,448,
10:22:53,67.19,500,
10:22:54,67.18,500,
10:22:55,67.18,100,
10:22:55,67.18,100,
10:22:56,67.19,100,
10:23:00,67.19,500,
10:23:00,67.19,500,
10:23:01,67.19,100,
10:23:01,67.19,100,
10:23:01,67.19,100,
10:23:01,67.19,600,
10:23:06,67.19,200,
10:23:14,67.1945,148,
10:23:26,67.1801,2700,
10:23:28,67.18,500,
10:23:28,67.18,400,
10:23:31,67.18,100,
10:23:31,67.18,200,
10:23:31,67.18,100,
10:23:31,67.1813,1500,
10:23:33,67.19,300,
10:23:33,67.19,500,
10:23:33,67.19,100,
10:23:34,67.20,500,
10:23:34,67.20,200,
10:23:34,67.20,300,
10:23:34,67.20,500,
10:23:34,67.20,700,
10:23:35,67.20,100,
10:23:44,67.195,200,
10:23:46,67.20,100,
10:23:49,67.20,100,
10:23:49,67.20,100,
10:23:55,67.2001,100,
10:23:58,67.202,303,
10:24:00,67.21,500,
10:24:00,67.21,500,
10:24:00,67.21,100,
10:24:08,67.2095,500,
10:24:12,67.20,500,
10:24:12,67.19,200,
10:24:12,67.19,500,
10:24:12,67.19,2600,
10:24:18,67.20,100,
10:24:18,67.20,200,
10:24:19,67.20,100,
10:24:19,67.20,800,
10:24:19,67.20,800,
10:24:19,67.20,300,
10:24:22,67.19,300,
10:24:33,67.1905,500,
10:24:37,67.20,207,
10:24:37,67.20,200,
10:24:43,67.20,100,
10:24:43,67.21,200,
10:24:46,67.20,100,
10:24:50,67.21,400,
10:24:50,67.21,100,
10:24:50,67.21,200,
10:24:54,67.21,100,
10:25:00,67.21,100,
10:25:20,67.20,720,
10:25:20,67.20,100,
10:25:23,67.21,2020,
10:25:23,67.21,180,
10:25:23,67.21,600,
10:25:23,67.21,700,
10:25:23,67.21,100,
10:25:23,67.21,3200,
10:25:23,67.21,100,
10:25:23,67.21,100,
10:25:24,67.21,200,
10:25:31,67.21,100,
10:25:35,67.21,100,
10:25:35,67.20,200,
10:25:37,67.20,500,
10:25:39,67.19,500,
10:25:39,67.19,500,
10:25:39,67.19,100,
10:25:39,67.19,700,
10:25:42,67.19,200,
10:25:50,67.18,136,
10:25:50,67.18,280,
10:25:50,67.18,380,
10:25:50,67.18,500,
10:25:50,67.18,1700,
10:25:50,67.18,300,
10:25:53,67.17,500,
10:25:53,67.17,500,
10:25:53,67.17,300,
10:25:53,67.16,3800,
10:25:53,67.16,500,
10:25:54,67.1638,500,
10:26:00,67.1611,1000,
10:26:08,67.1601,400,
10:26:08,67.16,1200,
10:26:10,67.16,100,
10:26:10,67.16,500,
10:26:10,67.16,200,
10:26:10,67.15,500,
10:26:16,67.15,360,
10:26:16,67.15,160,
10:26:16,67.15,200,
10:26:17,67.15,200,
10:26:17,67.15,440,
10:26:17,67.14,500,
10:26:17,67.14,100,
10:26:17,67.14,200,
10:26:17,67.14,300,
10:26:18,67.1401,100,
10:26:18,67.1301,100,
10:26:18,67.1301,500,
10:26:18,67.1301,3000,
10:26:18,67.1301,200,
10:26:18,67.13,1200,
10:26:18,67.13,1500,
10:26:18,67.13,4000,
10:26:18,67.14,200,
10:26:18,67.14,200,
10:26:20,67.14,100,
10:26:20,67.15,200,
10:26:20,67.15,100,
10:26:20,67.15,500,
10:26:22,67.16,500,
10:26:22,67.16,396,
10:26:22,67.16,500,
10:26:22,67.16,100,
10:26:22,67.16,200,
10:26:22,67.17,400,
10:26:22,67.17,100,
10:26:22,67.17,100,
10:26:22,67.17,500,
10:26:22,67.17,500,
10:26:22,67.17,500,
10:26:22,67.17,100,
10:26:22,67.17,100,
10:26:22,67.17,100,
10:26:25,67.16,100,
10:26:25,67.16,100,
10:26:33,67.15,100,
10:26:33,67.15,500,
10:26:33,67.15,500,
10:26:33,67.15,500,
10:26:37,67.15,100,
10:26:37,67.15,100,
10:26:37,67.142,500,
10:26:45,67.15,200,
10:26:47,67.16,600,
10:26:55,67.15,200,
10:26:56,67.15,100,
10:27:01,67.1501,200,
10:27:05,67.16,300,
10:27:05,67.16,100,
10:27:05,67.16,600,
10:27:05,67.16,100,
10:27:05,67.16,100,
10:27:05,67.16,1104,
10:27:07,67.16,100,
10:27:16,67.17,100,
10:27:16,67.17,500,
10:27:16,67.17,100,
10:27:16,67.17,1000,
10:27:19,67.15,15500,
10:27:22,67.17,1000,
10:27:23,67.16,200,
10:27:23,67.16,100,
10:27:23,67.16,400,
10:27:24,67.16,300,
10:27:27,67.17,100,
10:27:31,67.17,100,
10:27:32,67.18,500,
10:27:32,67.18,500,
10:27:32,67.18,1376,
10:27:32,67.1899,3000,
10:27:34,67.18,100,
10:27:44,67.185,100,
10:27:44,67.185,100,
10:27:44,67.185,100,
10:27:46,67.19,500,
10:27:46,67.19,500,
10:27:46,67.19,100,
10:27:46,67.19,200,
10:27:48,67.19,200,
10:27:48,67.19,200,
10:27:53,67.18,400,
10:27:55,67.181,4500,
10:28:00,67.1899,600,
10:28:00,67.19,700,
10:28:00,67.1899,700,
10:28:03,67.19,100,
10:28:22,67.19,300,
10:28:23,67.20,100,
10:28:23,67.20,100,
10:28:23,67.20,400,
10:28:28,67.19,2200,
10:28:31,67.192,903,
10:28:32,67.20,500,
10:28:32,67.20,100,
10:28:32,67.20,200,
10:28:40,67.2001,4000,
10:28:42,67.20,100,
10:28:45,67.20,100,
10:28:45,67.20,200,
10:28:49,67.21,300,
10:28:49,67.21,500,
10:28:49,67.21,100,
10:28:57,67.215,100,
10:29:02,67.21,100,
10:29:12,67.20,500,
10:29:13,67.199,100,
10:29:13,67.199,200,
10:29:26,67.20,230,
10:29:27,67.1999,100,
10:29:27,67.20,100,
10:29:28,67.20,100,
10:29:28,67.21,215,
10:29:28,67.21,415,
10:29:29,67.22,700,
10:29:37,67.2145,340,
10:29:43,67.21,100,
10:29:48,67.22,100,
10:29:48,67.22,200,
10:29:50,67.21,300,
10:29:50,67.21,300,
10:29:50,67.21,200,
10:29:50,67.21,500,
10:29:54,67.21,200,
10:29:54,67.21,100,
10:29:57,67.20,100,
10:30:03,67.20,200,
10:30:09,67.2001,500,
10:30:18,67.2084,100,
10:30:22,67.20,100,
10:30:22,67.20,500,
10:30:24,67.19,800,
10:30:24,67.19,800,
10:30:24,67.19,500,
10:30:24,67.19,500,
10:30:25,67.19,100,
10:30:25,67.19,100,
10:30:25,67.19,200,
10:30:29,67.20,100,
10:30:29,67.21,500,
10:30:29,67.21,500,
10:30:29,67.21,500,
10:30:29,67.21,200,
10:30:32,67.20,129,
10:30:50,67.19,300,
10:30:50,67.19,1200,
10:30:53,67.19,500,
10:30:53,67.19,100,
10:30:53,67.19,500,
10:30:53,67.19,500,
10:30:53,67.19,100,
10:30:53,67.19,100,
10:30:53,67.19,214,
10:30:53,67.19,200,
10:30:53,67.19,200,
10:30:57,67.19,100,
10:31:08,67.185,100,
10:31:10,67.19,100,
10:31:10,67.185,100,
10:31:13,67.182,185,
10:31:14,67.19,200,
10:31:25,67.20,100,
10:31:25,67.20,107,
10:31:33,67.20,103,
10:31:41,67.192,100,
10:31:46,67.19,107,
10:31:46,67.19,500,
10:31:46,67.19,100,
10:31:46,67.19,107,
10:31:46,67.19,100,
10:31:47,67.198,140,
10:31:50,67.198,120,
10:31:53,67.198,340,
10:31:53,67.198,180,
10:31:53,67.198,360,
10:31:53,67.19,100,
10:32:09,67.185,100,
10:32:11,67.19,800,
10:32:11,67.19,100,
10:32:11,67.19,100,
10:32:20,67.20,170,
10:32:23,67.19,100,
10:32:27,67.19,100,
10:32:27,67.20,500,
10:32:27,67.20,100,
10:32:30,67.19,100,
10:32:37,67.18,100,
10:32:37,67.18,400,
10:32:51,67.18,1600,
10:32:51,67.18,500,
10:32:51,67.18,500,
10:32:51,67.18,500,
10:32:51,67.17,1200,
10:32:51,67.17,1100,
10:32:51,67.17,200,
10:32:57,67.1701,235,
10:33:00,67.18,100,
10:33:00,67.18,100,
10:33:12,67.188,700,
10:33:42,67.17,100,
10:33:43,67.17,500,
10:33:43,67.17,400,
10:33:43,67.17,300,
10:33:43,67.16,5000,
10:33:43,67.16,100,
10:33:43,67.16,500,
10:33:43,67.16,300,
10:33:43,67.16,100,
10:33:43,67.16,200,
10:33:43,67.16,500,
10:33:43,67.16,100,
10:33:46,67.158,100,
10:33:55,67.15,200,
10:33:55,67.15,3800,
10:33:55,67.15,4000,
10:33:55,67.15,1000,
10:33:55,67.15,600,
10:33:55,67.15,100,
10:33:55,67.15,100,
10:33:55,67.15,500,
10:33:55,67.1499,300,
10:33:56,67.14,600,
10:33:56,67.14,800,
10:33:56,67.14,500,
10:33:57,67.13,100,
10:33:57,67.14,342,
10:33:57,67.14,358,
10:33:57,67.13,800,
10:33:57,67.13,800,
10:33:57,67.13,500,
10:33:57,67.13,300,
10:33:57,67.13,800,
10:33:57,67.13,100,
10:33:57,67.12,200,
10:33:57,67.12,100,
10:33:57,67.12,200,
10:33:57,67.12,200,
10:33:57,67.12,100,
10:33:57,67.12,200,
10:33:57,67.12,800,
10:33:57,67.12,1100,
10:33:57,67.12,500,
10:33:57,67.12,500,
10:33:57,67.12,100,
10:33:57,67.12,400,
10:33:57,67.12,800,
10:33:57,67.12,200,
10:33:57,67.12,100,
10:33:57,67.12,1100,
10:33:57,67.12,100,
10:33:57,67.12,100,
10:33:57,67.12,200,
10:33:57,67.12,900,
10:33:57,67.1201,5000,
10:33:58,67.13,200,
10:33:58,67.13,100,
10:33:58,67.13,100,
10:33:58,67.125,200,
10:33:58,67.13,400,
10:33:58,67.13,200,
10:33:58,67.13,1100,
10:33:58,67.13,200,
10:34:00,67.14,600,
10:34:00,67.14,100,
10:34:00,67.14,200,
10:34:00,67.14,700,
10:34:00,67.14,500,
10:34:00,67.14,200,
10:34:00,67.14,100,
10:34:00,67.14,100,
10:34:01,67.14,500,
10:34:01,67.14,600,
10:34:01,67.14,300,
10:34:01,67.15,500,
10:34:01,67.15,100,
10:34:02,67.15,500,
10:34:03,67.15,100,
10:34:04,67.1599,150,
10:34:06,67.15,100,
10:34:09,67.1415,400,
10:34:11,67.14,500,
10:34:14,67.14,100,
10:34:14,67.14,100,
10:34:17,67.15,500,
10:34:17,67.15,600,
10:34:18,67.15,100,
10:34:20,67.15,700,
10:34:29,67.16,100,
10:34:29,67.16,500,
10:34:29,67.16,500,
10:34:29,67.17,200,
10:34:29,67.17,200,
10:34:29,67.17,100,
10:34:29,67.17,100,
10:34:29,67.17,500,
10:34:29,67.17,500,
10:34:29,67.17,100,
10:34:29,67.17,200,
10:34:29,67.17,1400,
10:34:29,67.17,200,
10:34:29,67.17,100,
10:34:29,67.17,100,
10:34:32,67.16,800,
10:34:32,67.16,100,
10:34:32,67.16,100,
10:34:33,67.16,300,
10:34:35,67.17,100,
10:34:40,67.165,200,
10:34:40,67.16,400,
10:34:41,67.17,100,
10:34:41,67.17,100,
10:34:44,67.18,300,
10:34:44,67.18,500,
10:34:44,67.18,600,
10:34:44,67.18,100,
10:34:44,67.18,100,
10:34:49,67.1705,500,
10:34:50,67.17,100,
10:34:50,67.17,400,
10:34:51,67.17,800,
10:34:51,67.17,100,
10:34:51,67.17,200,
10:34:51,67.165,100,
10:34:57,67.17,200,
10:34:59,67.17,500,
10:35:06,67.17,200,
10:35:19,67.17,500,
10:35:19,67.17,300,
10:35:19,67.17,300,
10:35:19,67.17,600,
10:35:19,67.17,230,
10:35:19,67.17,300,
10:35:19,67.17,200,
10:35:19,67.17,100,
10:35:19,67.17,250,
10:35:19,67.17,400,
10:35:19,67.17,220,
10:35:19,67.165,1100,
10:35:20,67.18,300,
10:35:24,67.17,200,
10:35:28,67.17,100,
10:35:34,67.1601,1000,
10:35:35,67.16,500,
10:35:36,67.16,100,
10:35:36,67.16,200,
10:35:46,67.16,200,
10:35:46,67.16,200,
10:35:46,67.16,100,
10:35:46,67.16,400,
10:35:46,67.16,300,
10:35:46,67.16,200,
10:35:46,67.16,100,
10:35:46,67.16,2600,
10:35:46,67.16,200,
10:35:47,67.16,100,
10:35:47,67.16,200,
10:35:47,67.16,400,
10:35:47,67.16,400,
10:35:47,67.16,100,
10:35:47,67.16,100,
10:35:54,67.16,140,
10:35:55,67.17,300,
10:35:55,67.161,200,
10:35:56,67.17,500,
10:35:56,67.17,100,
10:35:57,67.17,159,
10:35:57,67.17,300,
10:35:57,67.17,200,
10:35:57,67.17,200,
10:35:57,67.17,153,
10:35:57,67.17,200,
10:35:57,67.17,241,
10:35:57,67.18,200,
10:35:57,67.18,900,
10:35:57,67.18,2000,
10:35:57,67.18,400,
10:35:57,67.18,500,
10:35:57,67.18,600,
10:35:57,67.18,500,
10:35:57,67.18,300,
10:35:58,67.18,100,
10:35:58,67.18,100,
10:35:58,67.18,1700,
10:35:58,67.18,200,
10:36:00,67.1801,1500,
10:36:13,67.18,163,
10:36:13,67.18,1700,
10:36:13,67.18,100,
10:36:13,67.18,400,
10:36:13,67.18,2400,
10:36:20,67.17,200,
10:36:20,67.17,121,
10:36:20,67.17,300,
10:36:20,67.17,100,
10:36:24,67.17,496,
10:36:29,67.16,200,
10:36:30,67.16,500,
10:36:43,67.15,200,
10:36:44,67.16,100,
10:36:44,67.16,1982,
10:36:44,67.16,400,
10:36:44,67.16,300,
10:36:44,67.16,300,
10:36:44,67.16,200,
10:36:44,67.16,3430,
10:36:44,67.16,785,
10:36:44,67.16,600,
10:36:44,67.16,200,
10:36:44,67.16,100,
10:36:44,67.16,500,
10:36:44,67.16,815,
10:36:50,67.17,300,
10:36:50,67.17,200,
10:36:56,67.163,500,
10:36:57,67.162,200,
10:36:57,67.165,500,
10:36:59,67.17,200,
10:36:59,67.17,300,
10:36:59,67.17,500,
10:37:04,67.17,100,
10:37:04,67.17,100,
10:37:14,67.17,100,
10:37:14,67.17,100,
10:37:16,67.17,700,
10:37:16,67.17,400,
10:37:17,67.17,200,
10:37:17,67.17,100,
10:37:17,67.17,200,
10:37:22,67.18,300,
10:37:22,67.18,300,
10:37:22,67.18,100,
10:37:22,67.18,500,
10:37:25,67.18,1200,
10:37:25,67.18,1500,
10:37:25,67.18,600,
10:37:25,67.18,100,
10:37:45,67.18,300,
10:37:45,67.18,300,
10:37:45,67.18,800,
10:37:45,67.18,300,
10:37:45,67.18,200,
10:37:45,67.18,400,
10:37:45,67.18,200,
10:37:45,67.18,1000,
10:37:45,67.18,300,
10:37:45,67.18,200,
10:37:45,67.18,100,
10:37:45,67.18,300,
10:37:45,67.18,350,
10:37:45,67.19,254,
10:37:45,67.19,246,
10:37:46,67.19,386,
10:37:55,67.1871,135,
10:38:02,67.18,100,
10:38:05,67.18,2100,
10:38:05,67.18,200,
10:38:08,67.18,1600,
10:38:08,67.18,100,
10:38:14,67.18,400,
10:38:34,67.17,800,
10:38:34,67.17,500,
10:38:34,67.17,300,
10:38:34,67.17,1600,
10:38:34,67.17,200,
10:38:34,67.17,700,
10:38:34,67.17,800,
10:38:34,67.17,2000,
10:38:34,67.17,800,
10:38:34,67.17,400,
10:38:34,67.17,200,
10:38:34,67.17,800,
10:38:34,67.18,200,
10:38:34,67.18,400,
10:38:34,67.18,200,
10:38:34,67.18,1500,
10:38:34,67.17,500,
10:38:34,67.17,200,
10:38:37,67.17,100,
10:38:44,67.169,400,
10:38:47,67.168,211,
10:38:52,67.17,300,
10:38:52,67.17,200,
10:38:52,67.17,100,
10:38:52,67.17,200,
10:38:52,67.17,400,
10:38:52,67.17,200,
10:38:52,67.17,7905,
10:38:52,67.17,100,
10:38:52,67.17,150,
10:38:52,67.17,600,
10:38:52,67.17,200,
10:38:52,67.17,500,
10:39:02,67.18,200,
10:39:02,67.18,300,
10:39:02,67.18,400,
10:39:02,67.18,100,
10:39:02,67.18,500,
10:39:02,67.18,500,
10:39:02,67.18,300,
10:39:02,67.18,200,
10:39:04,67.19,300,
10:39:04,67.19,800,
10:39:04,67.19,471,
10:39:04,67.19,100,
10:39:04,67.19,500,
10:39:04,67.19,500,
10:39:04,67.20,207,
10:39:06,67.20,200,
10:39:06,67.20,500,
10:39:06,67.20,100,
10:39:06,67.20,400,
10:39:06,67.21,1100,
10:39:07,67.20,200,
10:39:07,67.20,100,
10:39:07,67.20,100,
10:39:07,67.20,200,
10:39:12,67.19,100,
10:39:19,67.20,300,
10:39:19,67.20,600,
10:39:19,67.20,100,
10:39:19,67.20,600,
10:39:19,67.20,200,
10:39:19,67.20,300,
10:39:19,67.20,100,
10:39:19,67.20,100,
10:39:22,67.20,100,
10:39:22,67.19,1500,
10:39:22,67.19,500,
10:39:28,67.19,100,
10:39:28,67.19,100,
10:39:28,67.19,100,
10:39:29,67.19,200,
10:39:29,67.19,100,
10:39:29,67.19,100,
10:39:31,67.19,100,
10:39:31,67.18,600,
10:39:31,67.18,100,
10:39:31,67.18,100,
10:39:44,67.19,200,
10:39:44,67.19,100,
10:39:44,67.19,200,
10:39:44,67.19,700,
10:39:44,67.19,100,
10:39:45,67.19,500,
10:39:45,67.19,1000,
10:39:45,67.19,400,
10:39:46,67.19,100,
10:39:49,67.185,100,
10:39:49,67.19,300,
10:39:59,67.18,100,
10:40:00,67.18,100,
10:40:13,67.19,300,
10:40:13,67.19,1200,
10:40:13,67.19,2000,
10:40:13,67.19,300,
10:40:13,67.19,2100,
10:40:13,67.19,200,
10:40:13,67.19,200,
10:40:13,67.19,700,
10:40:13,67.19,300,
10:40:13,67.19,200,
10:40:13,67.19,500,
10:40:13,67.19,1000,
10:40:13,67.185,100,
10:40:15,67.19,1200,
10:40:33,67.19,200,
10:40:33,67.19,300,
10:40:33,67.19,300,
10:40:37,67.19,200,
10:40:37,67.19,300,
10:40:37,67.19,300,
10:40:37,67.19,300,
10:40:37,67.19,300,
10:40:37,67.19,100,
10:40:37,67.19,200,
10:40:37,67.19,256,
10:40:37,67.19,144,
10:40:37,67.19,244,
10:40:37,67.19,200,
10:40:38,67.19,100,
10:40:38,67.19,600,
10:40:38,67.19,100,
10:40:44,67.20,100,
10:40:59,67.20,300,
10:40:59,67.20,300,
10:40:59,67.20,300,
10:40:59,67.20,500,
10:40:59,67.20,300,
10:40:59,67.20,300,
10:40:59,67.20,300,
10:40:59,67.20,100,
10:40:59,67.20,500,
10:40:59,67.20,100,
10:40:59,67.20,500,
10:40:59,67.20,300,
10:40:59,67.20,300,
10:40:59,67.20,300,
10:41:01,67.21,300,
10:41:03,67.21,100,
10:41:04,67.21,200,
10:41:05,67.209,197,
10:41:14,67.21,200,
10:41:14,67.21,300,
10:41:14,67.21,400,
10:41:14,67.21,500,
10:41:14,67.21,300,
10:41:15,67.21,276,
10:41:15,67.21,276,
10:41:15,67.21,1100,
10:41:17,67.21,200,
10:41:19,67.22,200,
10:41:25,67.22,130,
10:41:25,67.22,100,
10:41:25,67.22,100,
10:41:26,67.22,408,
10:41:26,67.22,300,
10:41:26,67.22,370,
10:41:26,67.22,300,
10:41:26,67.22,250,
10:41:26,67.22,300,
10:41:26,67.22,400,
10:41:26,67.22,200,
10:41:26,67.22,200,
10:41:26,67.225,100,
10:41:26,67.225,100,
10:41:28,67.22,100,
10:41:28,67.23,100,
10:41:30,67.22,300,
10:41:31,67.22,100,
10:41:38,67.21,500,
10:41:38,67.21,200,
10:41:39,67.20,100,
10:41:45,67.2099,1000,
10:41:53,67.20,300,
10:41:53,67.20,600,
10:41:53,67.20,700,
10:41:53,67.20,500,
10:41:53,67.20,500,
10:41:53,67.20,600,
10:41:54,67.20,200,
10:41:54,67.20,300,
10:42:17,67.20,400,
10:42:17,67.20,600,
10:42:17,67.20,276,
10:42:17,67.20,300,
10:42:17,67.20,300,
10:42:17,67.20,2024,
10:42:17,67.20,300,
10:42:17,67.20,400,
10:42:17,67.20,500,
10:42:17,67.20,300,
10:42:17,67.20,400,
10:42:20,67.20,200,
10:42:28,67.20,100,
10:42:29,67.2005,100,
10:42:34,67.20,100,
10:42:37,67.19,500,
10:42:37,67.19,500,
10:42:37,67.19,100,
10:42:44,67.18,500,
10:42:44,67.18,500,
10:42:44,67.18,200,
10:42:45,67.18,100,
10:42:45,67.18,100,
10:42:46,67.19,100,
10:42:46,67.19,400,
10:42:47,67.19,200,
10:42:47,67.19,300,
10:42:47,67.19,300,
10:42:47,67.19,300,
10:42:47,67.19,100,
10:42:49,67.20,800,
10:42:49,67.20,800,
10:42:49,67.20,500,
10:42:49,67.20,500,
10:42:49,67.20,500,
10:42:49,67.20,100,
10:42:49,67.20,100,
10:42:49,67.20,300,
10:42:50,67.20,200,
10:43:01,67.1999,110,
10:43:09,67.20,100,
10:43:09,67.20,100,
10:43:26,67.19,300,
10:43:26,67.19,500,
10:43:26,67.19,500,
10:43:26,67.19,100,
10:43:29,67.19,2300,
10:43:29,67.19,4300,
10:43:29,67.19,500,
10:43:35,67.20,201,
10:43:35,67.20,100,
10:43:35,67.20,100,
10:43:35,67.20,367,
10:43:35,67.20,167,
10:43:36,67.2001,104,
10:43:40,67.20,100,
10:43:46,67.20,100,
10:43:48,67.19,100,
10:43:52,67.20,100,
10:43:56,67.19,500,
10:43:56,67.19,100,
10:43:59,67.19,300,
10:43:59,67.19,1000,
10:43:59,67.19,3799,
10:44:21,67.20,300,
10:44:21,67.20,500,
10:44:21,67.20,200,
10:44:21,67.20,1200,
10:44:21,67.20,600,
10:44:21,67.20,200,
10:44:21,67.20,500,
10:44:21,67.20,100,
10:44:21,67.20,500,
10:44:25,67.21,125,
10:44:25,67.21,500,
10:44:25,67.21,100,
10:44:25,67.21,100,
10:44:25,67.21,275,
10:44:26,67.21,200,
10:44:26,67.22,265,
10:44:26,67.21,100,
10:44:31,67.20,100,
10:44:38,67.20,300,
10:44:38,67.20,100,
10:44:38,67.20,300,
10:44:38,67.20,100,
10:44:38,67.20,100,
10:44:48,67.21,100,
10:44:48,67.21,300,
10:44:48,67.21,100,
10:44:48,67.21,400,
10:44:48,67.21,100,
10:44:48,67.21,196,
10:44:53,67.22,700,
10:45:00,67.22,300,
10:45:00,67.22,300,
10:45:00,67.22,300,
10:45:00,67.22,100,
10:45:00,67.22,300,
10:45:00,67.22,500,
10:45:00,67.22,500,
10:45:00,67.22,100,
10:45:00,67.22,100,
10:45:01,67.22,200,
10:45:01,67.22,100,
10:45:10,67.22,200,
10:45:10,67.22,200,
10:45:10,67.22,300,
10:45:10,67.22,600,
10:45:13,67.23,300,
10:45:13,67.23,500,
10:45:13,67.23,500,
10:45:14,67.23,200,
10:45:15,67.23,100,
10:45:16,67.23,100,
10:45:16,67.23,185,
10:45:21,67.2295,500,
10:45:22,67.23,200,
10:45:22,67.23,252,
10:45:22,67.24,3000,
10:45:22,67.24,500,
10:45:24,67.23,100,
10:45:33,67.23,300,
10:45:33,67.23,200,
10:45:33,67.23,400,
10:45:33,67.23,300,
10:45:33,67.23,200,
10:45:36,67.2399,4200,
10:45:37,67.24,600,
10:45:37,67.24,100,
10:45:40,67.25,400,
10:45:40,67.25,100,
10:45:40,67.25,200,
10:45:40,67.25,200,
10:45:40,67.25,500,
10:45:40,67.26,1613,
10:45:40,67.26,1300,
10:45:40,67.26,100,
10:45:41,67.26,100,
10:45:42,67.25,800,
10:45:44,67.26,500,
10:45:44,67.26,100,
10:45:44,67.26,300,
10:45:44,67.26,500,
10:45:44,67.26,200,
10:45:44,67.26,500,
10:45:44,67.255,100,
10:45:44,67.255,100,
10:45:48,67.25,100,
10:45:55,67.24,100,
10:46:08,67.25,100,
10:46:10,67.2401,5000,
10:46:13,67.25,200,
10:46:14,67.24,500,
10:46:14,67.24,1900,
10:46:14,67.24,500,
10:46:14,67.24,300,
10:46:15,67.2399,200,
10:46:20,67.238,100,
10:46:37,67.23,500,
10:46:37,67.23,500,
10:46:38,67.2301,300,
10:46:43,67.24,300,
10:46:43,67.24,100,
10:46:44,67.24,100,
10:46:44,67.24,200,
10:46:45,67.238,500,
10:47:05,67.24,100,
10:47:14,67.24,200,
10:47:14,67.24,300,
10:47:14,67.24,200,
10:47:14,67.24,500,
10:47:14,67.24,500,
10:47:14,67.24,200,
10:47:14,67.24,175,
10:47:14,67.24,100,
10:47:14,67.24,500,
10:47:14,67.24,500,
10:47:14,67.24,400,
10:47:14,67.24,200,
10:47:14,67.24,800,
10:47:14,67.24,300,
10:47:14,67.24,300,
10:47:14,67.24,300,
10:47:14,67.24,400,
10:47:14,67.24,200,
10:47:14,67.24,300,
10:47:14,67.24,100,
10:47:14,67.24,400,
10:47:16,67.25,1800,
10:47:16,67.25,500,
10:47:16,67.25,500,
10:47:16,67.25,100,
10:47:16,67.25,100,
10:47:16,67.25,400,
10:47:16,67.25,100,
10:47:18,67.25,150,
10:47:18,67.25,200,
10:47:18,67.25,800,
10:47:18,67.25,500,
10:47:19,67.25,200,
10:47:23,67.25,500,
10:47:23,67.25,800,
10:47:23,67.25,500,
10:47:23,67.25,100,
10:47:26,67.25,100,
10:47:42,67.2499,100,
10:47:51,67.25,100,
10:47:51,67.25,300,
10:47:51,67.25,100,
10:47:51,67.25,200,
10:47:51,67.25,200,
10:47:51,67.25,400,
10:47:51,67.25,200,
10:47:51,67.25,100,
10:47:51,67.25,200,
10:47:51,67.25,300,
10:47:51,67.25,300,
10:47:51,67.25,400,
10:47:51,67.25,100,
10:48:01,67.26,100,
10:48:02,67.26,200,
10:48:02,67.26,200,
10:48:02,67.26,300,
10:48:02,67.26,200,
10:48:02,67.26,500,
10:48:02,67.26,500,
10:48:03,67.259,100,
10:48:03,67.259,320,
10:48:09,67.26,200,
10:48:09,67.26,200,
10:48:22,67.2505,500,
10:48:33,67.259,100,
10:48:39,67.26,500,
10:48:39,67.26,300,
10:48:39,67.26,300,
10:48:39,67.26,300,
10:48:39,67.26,800,
10:48:39,67.26,900,
10:48:39,67.26,300,
10:48:39,67.26,500,
10:48:39,67.26,200,
10:48:39,67.26,300,
10:48:39,67.26,300,
10:48:39,67.26,300,
10:48:39,67.265,100,
10:48:41,67.2655,100,
10:48:47,67.26,100,
10:48:50,67.26,100,
10:48:50,67.26,2100,
10:49:06,67.26,1000,
10:49:20,67.26,100,
10:49:20,67.26,200,
10:49:37,67.26,111,
10:49:37,67.26,300,
10:49:37,67.26,400,
10:49:37,67.26,300,
10:49:37,67.26,100,
10:49:37,67.26,100,
10:49:37,67.26,200,
10:49:37,67.26,300,
10:49:37,67.26,100,
10:49:37,67.26,200,
10:49:37,67.26,200,
10:49:51,67.25,307,
10:49:51,67.25,100,
10:49:51,67.258,200,
10:49:59,67.26,700,
10:49:59,67.26,100,
10:49:59,67.26,200,
10:50:01,67.259,500,
10:50:01,67.259,500,
10:50:03,67.259,100,
10:50:08,67.26,397,
10:50:08,67.26,300,
10:50:08,67.26,299,
10:50:08,67.26,400,
10:50:08,67.26,100,
10:50:08,67.26,200,
10:50:08,67.27,100,
10:50:09,67.27,200,
10:50:09,67.27,300,
10:50:09,67.27,400,
10:50:13,67.27,100,
10:50:13,67.275,400,
10:50:13,67.28,500,
10:50:13,67.28,400,
10:50:13,67.28,201,
10:50:13,67.28,272,
10:50:13,67.28,500,
10:50:13,67.28,739,
10:50:13,67.28,200,
10:50:15,67.29,200,
10:50:15,67.29,450,
10:50:15,67.29,500,
10:50:18,67.29,200,
10:50:18,67.30,1200,
10:50:21,67.29,100,
10:50:26,67.295,200,
10:50:26,67.295,100,
10:50:29,67.30,500,
10:50:29,67.295,100,
10:50:44,67.2952,137,
10:50:47,67.29,328,
10:50:47,67.29,200,
10:50:47,67.29,1400,
10:50:47,67.29,100,
10:50:47,67.29,500,
10:50:47,67.29,100,
10:50:53,67.289,100,
10:50:54,67.289,100,
10:50:54,67.289,200,
10:50:56,67.30,100,
10:50:58,67.30,350,
10:51:00,67.3097,1000,
10:51:00,67.31,500,
10:51:01,67.31,900,
10:51:01,67.31,500,
10:51:01,67.31,100,
10:51:01,67.31,100,
10:51:01,67.31,100,
10:51:01,67.31,100,
10:51:02,67.318,500,
10:51:02,67.32,300,
10:51:06,67.311,2000,
10:51:10,67.32,288,
10:51:10,67.32,500,
10:51:10,67.32,212,
10:51:11,67.32,112,
10:51:15,67.33,1000,
10:51:17,67.32,528,
10:51:17,67.32,200,
10:51:17,67.32,100,
10:51:20,67.32,100,
10:51:27,67.312,1500,
10:51:33,67.31,100,
10:51:33,67.31,400,
10:51:33,67.31,500,
10:51:33,67.31,500,
10:51:33,67.31,300,
10:51:33,67.31,100,
10:51:40,67.31,100,
10:51:40,67.31,200,
10:51:40,67.31,500,
10:51:40,67.31,100,
10:51:44,67.3005,100,
10:51:51,67.31,100,
10:51:51,67.31,100,
10:52:25,67.3005,1000,
10:52:36,67.30,100,
10:52:36,67.30,100,
10:52:36,67.30,500,
10:52:36,67.30,700,
10:52:36,67.30,1700,
10:52:36,67.30,500,
10:52:36,67.30,500,
10:52:36,67.30,100,
10:52:36,67.30,500,
10:52:36,67.30,800,
10:52:36,67.30,100,
10:52:36,67.30,800,
10:52:36,67.30,100,
10:52:36,67.30,700,
10:52:36,67.30,100,
10:52:36,67.30,100,
10:52:46,67.31,100,
10:52:54,67.32,300,
10:52:54,67.32,200,
10:52:54,67.32,200,
10:52:54,67.32,200,
10:52:58,67.32,500,
10:52:58,67.32,200,
10:52:58,67.32,300,
10:52:58,67.32,300,
10:53:03,67.319,5000,
10:53:09,67.32,100,
10:53:14,67.32,400,
10:53:14,67.32,200,
10:53:14,67.32,500,
10:53:14,67.32,500,
10:53:14,67.32,500,
10:53:14,67.32,100,
10:53:14,67.32,2100,
10:53:14,67.32,100,
10:53:14,67.32,800,
10:53:14,67.32,2000,
10:53:14,67.3299,149,
10:53:19,67.32,100,
10:53:21,67.321,3000,
10:53:22,67.32,400,
10:53:23,67.32,100,
10:53:23,67.32,400,
10:53:24,67.3155,1000,
10:53:32,67.32,1200,
10:53:33,67.319,1000,
10:53:38,67.31,2500,
10:53:38,67.31,1700,
10:53:38,67.31,200,
10:53:38,67.31,500,
10:53:38,67.31,1400,
10:53:38,67.31,3700,
10:53:38,67.31,100,
10:53:38,67.31,100,
10:53:38,67.31,500,
10:53:38,67.31,500,
10:53:38,67.31,400,
10:53:38,67.31,100,
10:53:38,67.31,1000,
10:53:38,67.31,100,
10:53:38,67.31,1000,
10:53:38,67.30,500,
10:53:38,67.30,500,
10:53:38,67.30,2800,
10:53:38,67.30,1000,
10:53:41,67.30,100,
10:53:41,67.30,100,
10:53:41,67.30,300,
10:53:41,67.29,10332,
10:53:41,67.2901,644,
10:53:45,67.30,100,
10:53:45,67.30,100,
10:53:45,67.30,1223,
10:53:45,67.30,2400,
10:53:53,67.3001,200,
10:53:56,67.30,500,
10:54:00,67.309,5000,
10:54:03,67.302,400,
10:54:08,67.305,100,
10:54:27,67.3086,500,
10:54:31,67.30,100,
10:54:31,67.30,100,
10:54:41,67.29,800,
10:54:41,67.29,700,
10:54:41,67.29,400,
10:54:41,67.29,200,
10:54:46,67.30,100,
10:54:46,67.30,129,
10:54:57,67.305,100,
10:54:57,67.305,100,
10:54:59,67.30,100,
10:55:11,67.305,100,
10:55:28,67.3001,200,
10:55:39,67.30,200,
10:55:39,67.30,100,
10:55:39,67.30,400,
10:55:44,67.299,100,
10:55:45,67.299,100,
10:55:51,67.30,100,
10:56:09,67.31,100,
10:56:09,67.31,463,
10:56:09,67.31,295,
10:56:09,67.32,500,
10:56:09,67.32,100,
10:56:09,67.32,500,
10:56:11,67.32,100,
10:56:14,67.32,100,
10:56:18,67.32,100,
10:56:25,67.32,100,
10:56:28,67.31,200,
10:56:32,67.32,300,
10:56:40,67.32,100,
10:56:43,67.32,100,
10:56:45,67.31,600,
10:56:45,67.31,300,
10:56:45,67.31,1529,
10:56:45,67.31,223,
10:56:45,67.31,1400,
10:56:45,67.31,277,
10:56:46,67.30,500,
10:56:46,67.30,300,
10:56:46,67.30,300,
10:56:46,67.30,200,
10:56:47,67.30,100,
10:56:47,67.30,1129,
10:56:53,67.30,200,
10:56:58,67.30,100,
10:57:02,67.3005,1000,
10:57:04,67.30,1200,
10:57:04,67.30,700,
10:57:04,67.30,100,
10:57:04,67.30,200,
10:57:04,67.30,300,
10:57:04,67.30,300,
10:57:04,67.30,400,
10:57:04,67.30,400,
10:57:05,67.299,100,
10:57:13,67.29,300,
10:57:27,67.29,300,
10:57:27,67.29,500,
10:57:27,67.29,400,
10:57:41,67.2999,500,
10:57:48,67.29,200,
10:57:48,67.29,100,
10:57:48,67.29,700,
10:57:48,67.29,800,
10:57:48,67.29,600,
10:57:48,67.29,600,
10:57:48,67.29,600,
10:57:48,67.29,100,
10:57:48,67.29,100,
10:57:48,67.29,200,
10:57:48,67.29,600,
10:58:09,67.29,100,
10:58:13,67.2801,1000,
10:58:15,67.28,200,
10:58:15,67.28,500,
10:58:15,67.28,500,
10:58:15,67.28,200,
10:58:15,67.28,100,
10:58:15,67.28,700,
10:58:15,67.28,400,
10:58:25,67.288,100,
10:58:30,67.29,100,
10:58:33,67.2801,300,
10:58:35,67.28,100,
10:58:35,67.28,1000,
10:58:35,67.28,1800,
10:58:35,67.28,100,
10:58:35,67.28,200,
10:58:35,67.28,600,
10:58:35,67.28,100,
10:58:38,67.2801,1000,
10:58:45,67.288,392,
10:58:47,67.29,100,
10:58:47,67.29,500,
10:58:47,67.29,100,
10:58:52,67.30,433,
10:58:52,67.30,500,
10:58:52,67.30,600,
10:58:52,67.30,500,
10:58:52,67.30,100,
10:58:52,67.30,500,
10:58:52,67.30,100,
10:58:53,67.30,100,
10:58:57,67.29,100,
10:59:00,67.30,100,
10:59:03,67.30,500,
10:59:05,67.3001,300,
10:59:05,67.3001,500,
10:59:09,67.30,100,
10:59:24,67.30,100,
10:59:34,67.31,100,
10:59:34,67.30,100,
10:59:40,67.31,200,
10:59:43,67.31,428,
10:59:43,67.31,500,
10:59:51,67.32,1128,
10:59:51,67.32,128,
10:59:51,67.32,500,
10:59:51,67.32,372,
10:59:54,67.32,100,
10:59:55,67.33,700,
10:59:55,67.3257,100,
10:59:58,67.33,3000,
10:59:59,67.32,100,
11:00:14,67.32,264,
11:00:14,67.32,100,
11:00:14,67.32,100,
11:00:27,67.32,1500,
11:00:28,67.319,2000,
11:00:30,67.3201,300,
11:00:37,67.32,100,
11:00:46,67.31,1000,
11:00:53,67.31,500,
11:00:53,67.31,500,
11:00:58,67.30,500,
11:00:58,67.30,500,
11:00:58,67.30,500,
11:01:01,67.29,100,
11:01:02,67.30,800,
11:01:02,67.30,100,
11:01:15,67.30,100,
11:01:19,67.31,100,
11:01:24,67.31,500,
11:01:24,67.31,226,
11:01:33,67.32,100,
11:01:39,67.3101,1000,
11:02:07,67.31,200,
11:02:15,67.31,1600,
11:02:15,67.31,3000,
11:02:30,67.30,600,
11:02:30,67.30,500,
11:02:30,67.30,200,
11:02:30,67.30,100,
11:02:34,67.30,200,
11:02:35,67.30,200,
11:02:35,67.30,500,
11:02:35,67.30,1268,
11:02:35,67.30,108,
11:02:35,67.30,3292,
11:02:35,67.30,524,
11:02:35,67.31,500,
11:02:35,67.31,2500,
11:02:35,67.31,3600,
11:02:42,67.30,100,
11:02:43,67.31,600,
11:02:43,67.31,400,
11:02:43,67.31,400,
11:02:45,67.31,600,
11:02:45,67.31,600,
11:02:45,67.31,600,
11:02:45,67.31,600,
11:02:46,67.302,900,
11:02:47,67.31,500,
11:02:47,67.31,100,
11:02:47,67.31,600,
11:02:47,67.31,257,
11:02:47,67.31,600,
11:02:47,67.31,157,
11:02:56,67.31,100,
11:02:56,67.31,1300,
11:02:56,67.31,800,
11:02:56,67.31,700,
11:02:56,67.31,100,
11:02:56,67.31,100,
11:02:56,67.31,100,
11:02:56,67.31,1000,
11:02:56,67.31,2900,
11:02:56,67.31,1000,
11:02:56,67.31,600,
11:02:56,67.31,2100,
11:02:56,67.31,800,
11:02:56,67.31,400,
11:02:56,67.31,200,
11:02:56,67.31,100,
11:02:56,67.31,3600,
11:03:00,67.31,100,
11:03:04,67.31,200,
11:03:28,67.31,400,
11:03:28,67.31,100,
11:03:28,67.31,100,
11:03:31,67.3199,100,
11:03:39,67.32,600,
11:03:39,67.32,500,
11:03:39,67.32,500,
11:03:39,67.32,200,
11:03:39,67.32,100,
11:03:39,67.32,255,
11:03:39,67.32,355,
11:03:39,67.32,455,
11:03:39,67.32,455,
11:03:39,67.32,581,
11:03:41,67.31,400,
11:03:41,67.315,100,
11:03:42,67.32,600,
11:03:42,67.32,600,
11:03:42,67.32,600,
11:03:42,67.32,345,
11:03:42,67.32,100,
11:03:42,67.32,600,
11:03:42,67.32,445,
11:03:42,67.32,600,
11:03:42,67.32,255,
11:03:46,67.32,100,
11:03:46,67.32,100,
11:04:01,67.33,200,
11:04:10,67.33,392,
11:04:11,67.32,100,
11:04:20,67.33,100,
11:04:20,67.33,500,
11:04:20,67.33,500,
11:04:20,67.34,1000,
11:04:20,67.34,100,
11:04:20,67.34,100,
11:04:20,67.34,1500,
11:04:20,67.34,200,
11:04:20,67.34,300,
11:04:20,67.34,100,
11:04:20,67.34,800,
11:04:22,67.33,3800,
11:04:22,67.34,400,
11:04:22,67.34,500,
11:04:22,67.34,500,
11:04:22,67.34,800,
11:04:22,67.34,135,
11:04:22,67.34,600,
11:04:22,67.34,600,
11:04:22,67.34,600,
11:04:22,67.34,600,
11:04:22,67.34,600,
11:04:22,67.34,600,
11:04:22,67.34,600,
11:04:22,67.34,600,
11:04:22,67.34,600,
11:04:22,67.34,500,
11:04:22,67.35,100,
11:04:22,67.35,459,
11:04:23,67.35,100,
11:04:23,67.35,100,
11:04:23,67.35,100,
11:04:23,67.35,100,
11:04:23,67.35,100,
11:04:23,67.35,500,
11:04:23,67.35,500,
11:04:23,67.35,100,
11:04:23,67.35,100,
11:04:24,67.35,100,
11:04:24,67.35,200,
11:04:24,67.35,200,
11:04:24,67.35,1100,
11:04:24,67.35,100,
11:04:24,67.35,100,
11:04:24,67.35,200,
11:04:24,67.35,300,
11:04:24,67.3499,3500,
11:04:25,67.35,200,
11:04:25,67.35,100,
11:04:25,67.35,200,
11:04:29,67.3595,1000,
11:04:34,67.348,1000,
11:04:34,67.35,800,
11:04:34,67.35,800,
11:04:34,67.35,100,
11:04:40,67.35,100,
11:04:40,67.35,600,
11:04:48,67.3499,130,
11:04:51,67.3499,158,
11:05:00,67.3562,200,
11:05:00,67.35,100,
11:05:01,67.35,300,
11:05:01,67.35,1300,
11:05:01,67.35,200,
11:05:01,67.345,100,
11:05:03,67.3499,1000,
11:05:04,67.34,400,
11:05:04,67.34,100,
11:05:04,67.34,300,
11:05:04,67.34,2900,
11:05:04,67.34,500,
11:05:08,67.34,400,
11:05:08,67.34,300,
11:05:13,67.34,200,
11:05:13,67.34,100,
11:05:14,67.34,100,
11:05:17,67.3422,400,
11:05:20,67.34,200,
11:05:20,67.34,103,
11:05:20,67.34,200,
11:05:20,67.34,1100,
11:05:22,67.34,100,
11:05:24,67.335,100,
11:05:24,67.335,200,
11:05:27,67.3305,1000,
11:05:41,67.33,300,
11:05:41,67.33,300,
11:05:41,67.33,300,
11:05:41,67.33,300,
11:05:41,67.33,200,
11:05:41,67.33,300,
11:05:41,67.33,100,
11:05:41,67.33,500,
11:05:41,67.33,700,
11:05:41,67.33,300,
11:05:41,67.33,600,
11:05:41,67.33,700,
11:05:41,67.33,200,
11:05:41,67.33,400,
11:05:41,67.33,100,
11:05:41,67.33,100,
11:05:41,67.33,100,
11:05:41,67.33,100,
11:05:41,67.33,200,
11:05:41,67.33,100,
11:05:41,67.33,100,
11:05:41,67.33,100,
11:05:41,67.33,100,
11:05:41,67.33,200,
11:05:41,67.33,100,
11:05:41,67.33,100,
11:05:41,67.3275,119,
11:05:42,67.33,100,
11:05:43,67.33,100,
11:05:43,67.3299,500,
11:05:46,67.33,700,
11:05:51,67.34,600,
11:05:51,67.34,600,
11:05:51,67.34,600,
11:05:51,67.34,600,
11:05:51,67.34,600,
11:05:51,67.34,600,
11:05:51,67.34,700,
11:05:51,67.34,500,
11:05:51,67.34,600,
11:05:51,67.34,600,
11:05:51,67.34,600,
11:05:51,67.34,600,
11:05:51,67.35,200,
11:05:52,67.34,100,
11:05:58,67.35,791,
11:06:10,67.347,200,
11:06:21,67.34,100,
11:06:21,67.34,100,
11:06:30,67.34,2600,
11:06:30,67.34,700,
11:06:30,67.34,500,
11:06:35,67.35,100,
11:06:35,67.35,100,
11:06:35,67.35,406,
11:06:35,67.35,294,
11:06:35,67.35,100,
11:06:36,67.35,200,
11:06:37,67.35,200,
11:06:40,67.36,300,
11:06:40,67.36,400,
11:06:40,67.36,200,
11:06:40,67.36,500,
11:06:40,67.36,1600,
11:06:40,67.36,4000,
11:06:40,67.36,5100,
11:06:40,67.36,2100,
11:06:40,67.36,1233,
11:06:51,67.3552,100,
11:06:55,67.36,500,
11:07:13,67.35,300,
11:07:13,67.35,100,
11:07:16,67.3575,148,
11:07:41,67.3537,100,
11:07:46,67.35,200,
11:07:49,67.35,100,
11:07:49,67.35,100,
11:07:49,67.35,1400,
11:07:49,67.35,4300,
11:07:50,67.35,300,
11:07:56,67.36,100,
11:07:56,67.36,100,
11:07:56,67.35,100,
11:08:01,67.36,1200,
11:08:01,67.36,333,
11:08:01,67.36,1167,
11:08:01,67.36,600,
11:08:01,67.36,600,
11:08:01,67.36,600,
11:08:01,67.36,600,
11:08:01,67.36,600,
11:08:01,67.36,600,
11:08:01,67.36,600,
11:08:01,67.36,600,
11:08:01,67.36,500,
11:08:01,67.36,100,
11:08:01,67.36,600,
11:08:01,67.36,600,
11:08:01,67.36,750,
11:08:08,67.365,200,
11:08:08,67.37,500,
11:08:08,67.37,500,
11:08:08,67.37,500,
11:08:08,67.37,1500,
11:08:08,67.37,100,
11:08:08,67.37,200,
11:08:08,67.37,100,
11:08:09,67.37,100,
11:08:09,67.37,100,
11:08:10,67.38,200,
11:08:11,67.37,100,
11:08:11,67.37,500,
11:08:15,67.37,100,
11:08:15,67.37,200,
11:08:15,67.37,900,
11:08:15,67.37,1000,
11:08:15,67.37,100,
11:08:15,67.37,100,
11:08:15,67.36,200,
11:08:15,67.36,100,
11:08:15,67.36,439,
11:08:17,67.36,100,
11:08:29,67.36,200,
11:08:30,67.37,600,
11:08:33,67.36,1630,
11:08:33,67.36,600,
11:08:33,67.36,100,
11:08:33,67.36,2978,
11:08:33,67.36,282,
11:08:33,67.36,200,
11:08:33,67.36,400,
11:08:33,67.36,200,
11:08:33,67.36,2300,
11:08:33,67.36,500,
11:08:33,67.36,2000,
11:08:35,67.35,300,
11:08:41,67.35,200,
11:08:41,67.35,300,
11:08:42,67.3596,525,
11:08:51,67.35,300,
11:09:04,67.36,200,
11:09:23,67.35,100,
11:09:23,67.35,100,
11:09:25,67.35,300,
11:09:25,67.35,500,
11:09:25,67.35,500,
11:09:25,67.35,400,
11:09:25,67.35,300,
11:09:25,67.35,300,
11:09:25,67.35,300,
11:09:25,67.35,200,
11:09:25,67.35,300,
11:09:25,67.35,200,
11:09:25,67.35,300,
11:09:25,67.35,100,
11:09:25,67.35,300,
11:09:25,67.35,400,
11:09:30,67.34,300,
11:09:36,67.3401,100,
11:09:37,67.3401,100,
11:09:37,67.34,100,
11:09:39,67.3499,500,
11:09:43,67.34,700,
11:09:43,67.34,200,
11:09:43,67.34,556,
11:09:43,67.34,500,
11:09:43,67.34,156,
11:09:43,67.34,100,
11:09:43,67.34,100,
11:09:43,67.34,600,
11:09:43,67.34,200,
11:09:43,67.34,400,
11:09:43,67.34,156,
11:09:43,67.34,300,
11:09:43,67.34,200,
11:09:44,67.33,600,
11:09:44,67.33,200,
11:09:44,67.33,128,
11:09:44,67.33,200,
11:09:44,67.33,500,
11:09:44,67.33,500,
11:09:44,67.33,472,
11:09:47,67.33,200,
11:10:00,67.33,100,
11:10:16,67.33,100,
11:10:21,67.34,100,
11:10:21,67.34,600,
11:10:21,67.34,500,
11:10:21,67.34,300,
11:10:25,67.348,100,
11:10:36,67.34,100,
11:10:36,67.34,200,
11:10:37,67.34,200,
11:10:37,67.34,100,
11:10:37,67.34,700,
11:10:37,67.34,800,
11:10:37,67.34,500,
11:10:37,67.34,600,
11:10:37,67.34,100,
11:10:37,67.34,100,
11:10:37,67.34,100,
11:10:38,67.34,100,
11:10:38,67.34,128,
11:10:38,67.34,200,
11:10:38,67.34,200,
11:10:38,67.34,300,
11:10:38,67.34,300,
11:10:53,67.3399,100,
11:10:58,67.34,100,
11:10:59,67.35,100,
11:10:59,67.35,2247,
11:10:59,67.35,200,
11:10:59,67.35,1253,
11:10:59,67.35,545,
11:10:59,67.35,500,
11:10:59,67.35,500,
11:10:59,67.35,600,
11:10:59,67.35,1700,
11:10:59,67.35,600,
11:11:00,67.35,450,
11:11:06,67.358,200,
11:11:07,67.35,100,
11:11:07,67.35,4800,
11:11:07,67.35,300,
11:11:07,67.35,300,
11:11:07,67.35,620,
11:11:20,67.35,100,
11:11:21,67.35,100,
11:11:21,67.35,200,
11:11:22,67.35,100,
11:11:22,67.35,500,
11:11:22,67.35,500,
11:11:22,67.35,100,
11:11:24,67.36,100,
11:11:25,67.35,400,
11:11:25,67.34,100,
11:11:32,67.34,500,
11:11:32,67.34,400,
11:11:32,67.34,100,
11:11:32,67.34,200,
11:11:32,67.34,100,
11:11:32,67.34,500,
11:11:32,67.34,500,
11:11:38,67.34,100,
11:11:39,67.34,1500,
11:11:39,67.34,100,
11:11:49,67.3399,1400,
11:11:55,67.3301,5000,
11:12:10,67.34,100,
11:12:13,67.34,100,
11:12:15,67.34,100,
11:12:15,67.34,350,
11:12:15,67.34,200,
11:12:15,67.34,200,
11:12:20,67.3357,100,
11:12:29,67.33,100,
11:12:29,67.33,500,
11:12:29,67.33,100,
11:12:29,67.33,500,
11:12:29,67.33,300,
11:12:29,67.33,300,
11:12:29,67.33,400,
11:12:29,67.33,300,
11:12:29,67.33,300,
11:12:29,67.33,500,
11:12:29,67.32,100,
11:12:33,67.329,300,
11:12:39,67.33,100,
11:12:42,67.3301,3000,
11:12:45,67.331,200,
11:12:55,67.3315,500,
11:13:11,67.3399,150,
11:13:12,67.331,200,
11:13:13,67.34,600,
11:13:13,67.34,500,
11:13:40,67.34,300,
11:13:40,67.34,100,
11:13:40,67.34,100,
11:13:46,67.34,100,
11:13:58,67.35,100,
11:13:59,67.34,100,
11:14:00,67.34,5400,
11:14:00,67.34,500,
11:14:00,67.34,200,
11:14:03,67.34,100,
11:14:03,67.34,200,
11:14:03,67.34,300,
11:14:03,67.34,300,
11:14:03,67.34,300,
11:14:03,67.34,300,
11:14:03,67.34,15700,
11:14:10,67.335,100,
11:14:15,67.34,100,
11:14:15,67.34,100,
11:14:19,67.35,600,
11:14:19,67.35,100,
11:14:19,67.35,336,
11:14:19,67.35,500,
11:14:19,67.35,600,
11:14:19,67.35,500,
11:14:19,67.35,400,
11:14:22,67.3595,300,
11:14:29,67.36,300,
11:14:31,67.35,300,
11:14:50,67.35,100,
11:14:51,67.35,300,
11:14:51,67.35,300,
11:14:51,67.35,700,
11:14:51,67.35,400,
11:14:51,67.35,200,
11:14:51,67.35,100,
11:14:51,67.35,300,
11:14:55,67.35,100,
11:14:55,67.35,100,
11:14:58,67.35,2800,
11:14:58,67.35,100,
11:15:01,67.34,100,
11:15:01,67.34,300,
11:15:13,67.35,100,
11:15:14,67.35,100,
11:15:15,67.35,1400,
11:15:15,67.35,500,
11:15:15,67.35,500,
11:15:15,67.35,600,
11:15:19,67.3499,100,
11:15:19,67.3499,200,
11:15:33,67.348,200,
11:15:44,67.34,400,
11:15:44,67.34,200,
11:15:44,67.34,500,
11:15:44,67.34,800,
11:15:44,67.34,100,
11:15:44,67.34,300,
11:15:44,67.34,600,
11:15:44,67.34,100,
11:15:44,67.34,200,
11:15:44,67.34,100,
11:15:44,67.34,700,
11:15:44,67.34,300,
11:15:44,67.34,300,
11:15:44,67.34,300,
11:15:44,67.34,300,
11:15:44,67.34,200,
11:15:44,67.34,200,
11:15:44,67.34,100,
11:15:44,67.34,300,
11:15:54,67.34,800,
11:16:03,67.34,100,
11:16:25,67.35,100,
11:16:25,67.345,200,
11:16:27,67.34,700,
11:16:56,67.34,300,
11:16:56,67.34,300,
11:16:56,67.34,300,
11:16:56,67.34,100,
11:17:10,67.35,100,
11:17:10,67.35,500,
11:17:10,67.36,100,
11:17:13,67.36,200,
11:17:13,67.36,1717,
11:17:13,67.36,500,
11:17:13,67.36,800,
11:17:13,67.36,400,
11:17:13,67.36,500,
11:17:13,67.36,685,
11:17:13,67.36,100,
11:17:13,67.36,1100,
11:17:23,67.36,100,
11:17:24,67.36,264,
11:17:24,67.36,136,
11:17:24,67.36,300,
11:17:24,67.36,200,
11:17:24,67.36,300,
11:17:24,67.36,300,
11:17:24,67.36,400,
11:17:34,67.36,100,
11:17:39,67.36,200,
11:17:39,67.36,2900,
11:17:39,67.36,200,
11:17:43,67.36,100,
11:17:45,67.355,100,
11:17:55,67.36,600,
11:17:55,67.36,100,
11:17:55,67.36,600,
11:17:57,67.36,100,
11:17:57,67.36,400,
11:17:57,67.36,600,
11:17:57,67.36,400,
11:17:57,67.35,400,
11:17:57,67.35,500,
11:17:57,67.35,100,
11:17:57,67.3599,100,
11:18:08,67.3454,150,
11:18:13,67.35,100,
11:18:17,67.36,500,
11:18:17,67.36,2000,
11:18:17,67.36,700,
11:18:17,67.36,100,
11:18:17,67.36,200,
11:18:17,67.36,100,
11:18:17,67.36,200,
11:18:17,67.36,200,
11:18:17,67.36,100,
11:18:17,67.36,200,
11:18:17,67.36,100,
11:18:17,67.36,200,
11:18:17,67.36,2000,
11:18:17,67.36,100,
11:18:17,67.36,200,
11:18:17,67.36,100,
11:18:17,67.36,100,
11:18:17,67.36,700,
11:18:17,67.36,200,
11:18:17,67.36,1800,
11:18:17,67.36,100,
11:18:19,67.36,100,
11:18:19,67.36,200,
11:18:19,67.36,200,
11:18:19,67.36,100,
11:18:19,67.36,200,
11:18:19,67.36,200,
11:18:20,67.36,200,
11:18:21,67.36,300,
11:18:21,67.36,800,
11:18:21,67.36,200,
11:18:21,67.36,1100,
11:18:21,67.36,2200,
11:18:21,67.36,200,
11:18:21,67.36,100,
11:18:21,67.36,100,
11:18:21,67.36,500,
11:18:21,67.36,500,
11:18:21,67.36,100,
