09:30:00,68.20,600,
09:30:00,68.21,900,
09:30:00,68.21,300,
09:30:00,68.20,86968,
09:30:00,68.19,394,
09:30:00,68.21,200,
09:30:00,68.21,100,
09:30:00,68.20,1500,
09:30:00,68.20,100,
09:30:00,68.20,800,
09:30:00,68.20,800,
09:30:01,68.20,600,
09:30:01,68.20,100,
09:30:01,68.19,800,
09:30:01,68.19,300,
09:30:02,68.19,700,
09:30:02,68.19,100,
09:30:02,68.19,200,
09:30:02,68.19,700,
09:30:02,68.19,1000,
09:30:02,68.19,700,
09:30:02,68.19,200,
09:30:02,68.19,300,
09:30:02,68.19,2100,
09:30:02,68.20,200,
09:30:02,68.20,708,
09:30:02,68.20,200,
09:30:02,68.19,400,
09:30:02,68.19,550,
09:30:02,68.20,100,
09:30:02,68.19,800,
09:30:02,68.19,2000,
09:30:02,68.19,700,
09:30:02,68.20,100,
09:30:02,68.19,200,
09:30:02,68.195,100,
09:30:02,68.20,355,
09:30:03,68.20,100,
09:30:05,68.20,3237,
09:30:05,68.20,663,
09:30:05,68.20,130,
09:30:05,68.20,3800,
09:30:05,68.20,4100,
09:30:06,68.21,1000,
09:30:06,68.21,4300,
09:30:06,68.21,100,
09:30:07,68.22,200,
09:30:08,68.22,700,
09:30:08,68.23,215,
09:30:08,68.23,300,
09:30:08,68.23,700,
09:30:08,68.23,1000,
09:30:09,68.23,200,
09:30:09,68.23,300,
09:30:09,68.23,100,
09:30:11,68.22,400,
09:30:11,68.22,1000,
09:30:11,68.22,200,
09:30:11,68.22,100,
09:30:13,68.22,100,
09:30:15,68.22,654,
09:30:15,68.21,200,
09:30:15,68.21,100,
09:30:16,68.2199,3078,
09:30:22,68.21,1144,
09:30:22,68.21,103,
09:30:23,68.2101,1500,
09:30:25,68.22,100,
09:30:26,68.21,100,
09:30:28,68.20,900,
09:30:28,68.20,2100,
09:30:28,68.20,300,
09:30:31,68.20,1000,
09:30:31,68.20,800,
09:30:31,68.20,200,
09:30:31,68.20,300,
09:30:31,68.20,1200,
09:30:31,68.20,100,
09:30:32,68.19,800,
09:30:32,68.19,120,
09:30:32,68.19,100,
09:30:32,68.19,100,
09:30:32,68.19,100,
09:30:32,68.19,300,
09:30:32,68.19,200,
09:30:32,68.19,120,
09:30:32,68.18,1300,
09:30:32,68.18,500,
09:30:32,68.18,700,
09:30:32,68.18,700,
09:30:32,68.18,200,
09:30:32,68.18,3200,
09:30:32,68.2101,200,
09:30:32,68.18,100,
09:30:33,68.21,100,
09:30:34,68.18,1000,
09:30:34,68.18,100,
09:30:34,68.18,300,
09:30:34,68.18,100,
09:30:34,68.18,200,
09:30:35,68.1899,1000,
09:30:35,68.18,100,
09:30:36,68.18,300,
09:30:36,68.18,198,
09:30:36,68.18,331,
09:30:36,68.18,100,
09:30:36,68.18,200,
09:30:36,68.18,269,
09:30:37,68.17,800,
09:30:38,68.17,700,
09:30:44,68.17,162,
09:30:44,68.17,100,
09:30:46,68.18,200,
09:30:47,68.18,1000,
09:30:53,68.19,1022,
09:30:53,68.19,100,
09:30:53,68.19,200,
09:30:54,68.20,100,
09:30:56,68.2099,200,
09:30:59,68.20,800,
09:30:59,68.209,100,
09:31:00,68.20,700,
09:31:02,68.21,100,
09:31:04,68.19,500,
09:31:04,68.19,100,
09:31:04,68.19,200,
09:31:04,68.19,100,
09:31:04,68.19,100,
09:31:04,68.19,300,
09:31:06,68.19,100,
09:31:07,68.19,100,
09:31:07,68.19,100,
09:31:07,68.20,100,
09:31:07,68.20,100,
09:31:07,68.20,100,
09:31:08,68.20,100,
09:31:08,68.20,100,
09:31:11,68.20,300,
09:31:11,68.202,400,
09:31:12,68.21,300,
09:31:12,68.21,100,
09:31:12,68.21,500,
09:31:14,68.23,200,
09:31:14,68.23,100,
09:31:15,68.24,200,
09:31:15,68.25,100,
09:31:16,68.26,300,
09:31:17,68.27,100,
09:31:17,68.27,500,
09:31:19,68.2799,365,
09:31:21,68.26,2000,
09:31:21,68.27,200,
09:31:23,68.28,2099,
09:31:23,68.28,700,
09:31:24,68.28,500,
09:31:25,68.28,400,
09:31:26,68.28,100,
09:31:26,68.28,200,
09:31:27,68.28,1000,
09:31:27,68.27,200,
09:31:27,68.27,100,
09:31:27,68.26,200,
09:31:27,68.26,700,
09:31:27,68.26,200,
09:31:27,68.26,200,
09:31:27,68.26,1400,
09:31:27,68.27,800,
09:31:27,68.26,900,
09:31:28,68.26,300,
09:31:29,68.26,200,
09:31:29,68.255,1900,
09:31:29,68.28,100,
09:31:29,68.27,1600,
09:31:29,68.27,100,
09:31:29,68.27,200,
09:31:29,68.27,100,
09:31:29,68.28,200,
09:31:29,68.28,900,
09:31:29,68.28,200,
09:31:29,68.28,1320,
09:31:29,68.28,100,
09:31:29,68.28,280,
09:31:29,68.28,800,
09:31:29,68.29,200,
09:31:29,68.28,400,
09:31:29,68.28,347,
09:31:29,68.28,200,
09:31:29,68.28,400,
09:31:30,68.29,200,
09:31:30,68.30,100,
09:31:30,68.30,1300,
09:31:30,68.29,524,
09:31:31,68.28,353,
09:31:32,68.28,100,
09:31:32,68.29,1300,
09:31:33,68.28,200,
09:31:34,68.28,147,
09:31:34,68.29,600,
09:31:39,68.29,200,
09:31:39,68.29,100,
09:31:40,68.30,500,
09:31:41,68.30,200,
09:31:44,68.30,1400,
09:31:44,68.31,200,
09:31:45,68.31,1600,
09:31:45,68.31,200,
09:31:45,68.31,500,
09:31:45,68.30,800,
09:31:46,68.30,200,
09:31:47,68.31,300,
09:31:53,68.31,1000,
09:31:53,68.31,1200,
09:31:54,68.31,100,
09:31:54,68.31,100,
09:31:54,68.31,800,
09:31:55,68.33,1000,
09:31:55,68.33,745,
09:31:55,68.33,175,
09:31:55,68.33,3400,
09:31:55,68.33,800,
09:31:55,68.33,425,
09:31:55,68.33,700,
09:31:55,68.33,1000,
09:31:55,68.33,1075,
09:31:55,68.33,400,
09:31:57,68.34,800,
09:31:58,68.33,100,
09:31:58,68.33,100,
09:31:58,68.33,200,
09:31:58,68.33,200,
09:31:58,68.33,200,
09:31:58,68.33,663,
09:31:58,68.33,200,
09:31:58,68.33,100,
09:31:58,68.33,200,
09:31:58,68.33,100,
09:31:59,68.34,1000,
09:32:00,68.32,100,
09:32:01,68.33,300,
09:32:02,68.33,700,
09:32:04,68.32,1126,
09:32:04,68.32,1000,
09:32:04,68.32,549,
09:32:06,68.32,200,
09:32:06,68.30,200,
09:32:06,68.2901,5734,
09:32:08,68.29,500,
09:32:08,68.29,100,
09:32:08,68.29,500,
09:32:08,68.29,200,
09:32:08,68.29,100,
09:32:08,68.29,300,
09:32:08,68.29,200,
09:32:08,68.30,400,
09:32:08,68.29,300,
09:32:09,68.30,100,
09:32:09,68.30,200,
09:32:09,68.30,100,
09:32:09,68.30,1200,
09:32:09,68.30,2473,
09:32:09,68.30,100,
09:32:09,68.30,100,
09:32:09,68.30,100,
09:32:09,68.30,200,
09:32:09,68.31,100,
09:32:10,68.30,1000,
09:32:12,68.29,11400,
09:32:12,68.29,500,
09:32:12,68.29,1900,
09:32:12,68.30,100,
09:32:12,68.30,100,
09:32:12,68.29,500,
09:32:12,68.29,100,
09:32:13,68.29,300,
09:32:13,68.29,567,
09:32:13,68.29,500,
09:32:14,68.29,100,
09:32:14,68.29,200,
09:32:14,68.28,100,
09:32:14,68.28,800,
09:32:14,68.28,400,
09:32:14,68.28,700,
09:32:15,68.28,100,
09:32:15,68.28,200,
09:32:15,68.28,290,
09:32:15,68.28,1400,
09:32:15,68.28,500,
09:32:15,68.28,400,
09:32:15,68.28,147,
09:32:15,68.27,800,
09:32:15,68.27,100,
09:32:15,68.2601,5203,
09:32:16,68.27,243,
09:32:16,68.27,100,
09:32:16,68.27,300,
09:32:17,68.27,100,
09:32:17,68.27,400,
09:32:17,68.26,100,
09:32:17,68.26,3200,
09:32:17,68.26,800,
09:32:17,68.26,800,
09:32:17,68.26,200,
09:32:17,68.26,1000,
09:32:17,68.26,100,
09:32:17,68.26,1000,
09:32:17,68.26,100,
09:32:17,68.26,300,
09:32:17,68.26,400,
09:32:18,68.26,100,
09:32:18,68.26,400,
09:32:18,68.26,200,
09:32:18,68.26,1100,
09:32:18,68.26,200,
09:32:18,68.26,200,
09:32:18,68.26,1000,
09:32:18,68.26,500,
09:32:18,68.26,200,
09:32:18,68.26,300,
09:32:19,68.2513,1000,
09:32:19,68.26,200,
09:32:19,68.26,200,
09:32:19,68.26,200,
09:32:19,68.26,100,
09:32:19,68.26,200,
09:32:19,68.26,200,
09:32:19,68.26,200,
09:32:20,68.26,151,
09:32:22,68.27,1100,
09:32:22,68.27,200,
09:32:22,68.27,100,
09:32:22,68.27,100,
09:32:22,68.27,500,
09:32:22,68.27,200,
09:32:22,68.27,100,
09:32:22,68.27,100,
09:32:22,68.27,100,
09:32:22,68.27,400,
09:32:23,68.2601,1000,
09:32:24,68.27,400,
09:32:26,68.28,1100,
09:32:28,68.28,400,
09:32:28,68.27,200,
09:32:28,68.27,200,
09:32:29,68.27,500,
09:32:29,68.27,200,
09:32:29,68.27,100,
09:32:29,68.28,400,
09:32:29,68.28,400,
09:32:30,68.27,800,
09:32:31,68.28,100,
09:32:31,68.28,100,
09:32:32,68.2799,200,
09:32:32,68.2799,400,
09:32:34,68.28,1200,
09:32:36,68.28,100,
09:32:38,68.28,400,
09:32:39,68.27,200,
09:32:42,68.27,100,
09:32:42,68.27,100,
09:32:42,68.27,200,
09:32:42,68.26,800,
09:32:42,68.25,400,
09:32:42,68.25,200,
09:32:42,68.25,500,
09:32:43,68.24,300,
09:32:45,68.2501,1000,
09:32:45,68.26,100,
09:32:45,68.25,800,
09:32:45,68.25,200,
09:32:46,68.24,400,
09:32:46,68.25,100,
09:32:47,68.2401,262,
09:32:47,68.25,900,
09:32:47,68.25,100,
09:32:47,68.25,200,
09:32:48,68.25,518,
09:32:48,68.25,466,
09:32:48,68.25,600,
09:32:49,68.25,500,
09:32:49,68.25,100,
09:32:50,68.247,200,
09:32:50,68.25,200,
09:32:50,68.25,200,
09:32:50,68.25,100,
09:32:52,68.24,100,
09:32:54,68.25,100,
09:32:55,68.26,500,
09:32:55,68.26,100,
09:32:57,68.2501,1500,
09:33:03,68.25,100,
09:33:03,68.259,5000,
09:33:05,68.25,200,
09:33:05,68.25,200,
09:33:09,68.25,600,
09:33:12,68.25,100,
09:33:15,68.25,200,
09:33:16,68.25,700,
09:33:16,68.25,100,
09:33:23,68.25,400,
09:33:26,68.26,100,
09:33:29,68.2597,1700,
09:33:31,68.25,200,
09:33:32,68.25,100,
09:33:32,68.25,200,
09:33:33,68.25,200,
09:33:33,68.2512,400,
09:33:37,68.24,200,
09:33:37,68.23,100,
09:33:37,68.23,500,
09:33:38,68.23,100,
09:33:38,68.23,100,
09:33:38,68.23,200,
09:33:38,68.23,100,
09:33:38,68.23,500,
09:33:38,68.23,800,
09:33:38,68.23,200,
09:33:38,68.23,1000,
09:33:38,68.23,9100,
09:33:38,68.23,800,
09:33:38,68.23,3200,
09:33:38,68.23,200,
09:33:38,68.23,100,
09:33:38,68.23,400,
09:33:38,68.23,1800,
09:33:38,68.23,200,
09:33:38,68.23,100,
09:33:40,68.23,500,
09:33:40,68.23,100,
09:33:40,68.23,1000,
09:33:40,68.2201,2372,
09:33:40,68.22,100,
09:33:40,68.23,1500,
09:33:41,68.23,100,
09:33:41,68.23,200,
09:33:47,68.239,100,
09:33:48,68.23,200,
09:33:49,68.2201,3793,
09:33:50,68.22,100,
09:33:51,68.22,200,
09:33:51,68.22,100,
09:33:51,68.22,9100,
09:33:51,68.22,800,
09:33:51,68.22,700,
09:33:51,68.22,1000,
09:33:54,68.22,9100,
09:33:54,68.22,200,
09:33:54,68.22,100,
09:33:54,68.22,800,
09:33:54,68.22,1000,
09:33:54,68.22,500,
09:33:55,68.22,200,
09:33:55,68.22,600,
09:33:55,68.22,1000,
09:33:56,68.21,100,
09:34:00,68.21,1000,
09:34:00,68.21,9100,
09:34:00,68.21,100,
09:34:00,68.21,800,
09:34:00,68.21,200,
09:34:00,68.215,200,
09:34:00,68.21,100,
09:34:00,68.21,300,
09:34:00,68.21,223,
09:34:00,68.21,500,
09:34:01,68.20,100,
09:34:02,68.19,500,
09:34:07,68.19,300,
09:34:10,68.20,316,
09:34:10,68.19,200,
09:34:10,68.20,100,
09:34:13,68.19,3200,
09:34:13,68.19,9100,
09:34:13,68.19,100,
09:34:13,68.19,3200,
09:34:13,68.19,800,
09:34:13,68.19,1000,
09:34:13,68.19,200,
09:34:13,68.19,100,
09:34:13,68.19,100,
09:34:13,68.19,200,
09:34:13,68.19,100,
09:34:13,68.19,1300,
09:34:13,68.19,100,
09:34:16,68.1801,500,
09:34:20,68.18,100,
09:34:21,68.18,500,
09:34:21,68.18,1200,
09:34:21,68.18,1800,
09:34:21,68.18,200,
09:34:21,68.18,200,
09:34:21,68.18,200,
09:34:21,68.18,1000,
09:34:21,68.18,5600,
09:34:21,68.18,200,
09:34:22,68.172,700,
09:34:22,68.18,200,
09:34:22,68.18,100,
09:34:22,68.18,200,
09:34:22,68.18,100,
09:34:31,68.19,100,
09:34:31,68.19,100,
09:34:31,68.19,200,
09:34:32,68.19,100,
09:34:34,68.19,400,
09:34:44,68.18,200,
09:34:45,68.18,200,
09:34:45,68.18,100,
09:34:45,68.18,100,
09:34:46,68.18,200,
09:34:46,68.18,100,
09:34:46,68.18,800,
09:34:46,68.18,800,
09:34:46,68.18,200,
09:34:46,68.18,200,
09:34:46,68.18,2100,
09:34:49,68.18,9100,
09:34:49,68.18,3200,
09:34:49,68.18,800,
09:34:52,68.1799,475,
09:34:57,68.18,1400,
09:34:57,68.19,500,
09:34:58,68.19,100,
09:34:58,68.20,100,
09:35:00,68.21,815,
09:35:02,68.21,500,
09:35:02,68.21,300,
09:35:02,68.21,200,
09:35:05,68.21,300,
09:35:06,68.22,100,
09:35:07,68.22,490,
09:35:08,68.21,800,
09:35:08,68.21,3065,
09:35:08,68.21,300,
09:35:08,68.21,2100,
09:35:08,68.21,1000,
09:35:08,68.21,1000,
09:35:08,68.21,500,
09:35:08,68.21,215,
09:35:08,68.21,300,
09:35:09,68.20,481400,
09:35:10,68.21,200,
09:35:10,68.22,100,
09:35:10,68.2199,220,
09:35:14,68.21,400,
09:35:14,68.21,800,
09:35:14,68.21,200,
09:35:15,68.211,5000,
09:35:17,68.21,100,
09:35:17,68.21,100,
09:35:19,68.21,145,
09:35:19,68.21,495,
09:35:20,68.2087,122,
09:35:20,68.20,400,
09:35:29,68.2099,300,
09:35:31,68.2001,100,
09:35:32,68.20,400,
09:35:35,68.20,1000,
09:35:37,68.20,100,
09:35:39,68.20,500,
09:35:39,68.20,200,
09:35:39,68.20,200,
09:35:39,68.20,200,
09:35:39,68.20,200,
09:35:39,68.20,400,
09:35:39,68.20,285,
09:35:39,68.20,600,
09:35:39,68.195,4300,
09:35:42,68.21,915,
09:35:43,68.21,800,
09:35:45,68.20,100,
09:35:51,68.20,1000,
09:35:52,68.20,100,
09:35:54,68.20,100,
09:35:54,68.20,100,
09:35:54,68.20,200,
09:35:57,68.21,100,
09:35:58,68.22,300,
09:35:59,68.22,100,
09:36:00,68.22,100,
09:36:00,68.22,300,
09:36:00,68.21,200,
09:36:00,68.21,400,
09:36:00,68.21,200,
09:36:00,68.21,300,
09:36:00,68.21,200,
09:36:00,68.21,200,
09:36:00,68.21,500,
09:36:00,68.21,532,
09:36:00,68.21,1626,
09:36:00,68.21,906,
09:36:00,68.21,294,
09:36:00,68.21,194,
09:36:00,68.21,394,
09:36:00,68.21,300,
09:36:00,68.21,100,
09:36:00,68.20,200,
09:36:00,68.20,200,
09:36:00,68.20,300,
09:36:00,68.19,1500,
09:36:00,68.22,500,
09:36:00,68.20,200,
09:36:00,68.20,100,
09:36:00,68.20,500,
09:36:00,68.20,300,
09:36:00,68.20,700,
09:36:00,68.20,100,
09:36:00,68.20,800,
09:36:00,68.20,419,
09:36:00,68.20,200,
09:36:00,68.20,100,
09:36:00,68.20,570,
09:36:00,68.19,700,
09:36:00,68.19,200,
09:36:00,68.19,1065,
09:36:00,68.19,200,
09:36:00,68.19,130,
09:36:00,68.19,1500,
09:36:00,68.19,500,
09:36:00,68.19,100,
09:36:00,68.18,185,
09:36:00,68.18,200,
09:36:00,68.19,200,
09:36:00,68.18,1331,
09:36:00,68.18,400,
09:36:00,68.19,216,
09:36:00,68.19,200,
09:36:00,68.19,200,
09:36:00,68.19,200,
09:36:00,68.19,800,
09:36:00,68.19,600,
09:36:00,68.1901,4000,
09:36:00,68.20,200,
09:36:00,68.20,300,
09:36:00,68.20,100,
09:36:00,68.212,100,
09:36:02,68.21,100,
09:36:02,68.21,100,
09:36:02,68.21,400,
09:36:02,68.21,200,
09:36:02,68.21,200,
09:36:02,68.21,200,
09:36:02,68.21,300,
09:36:02,68.21,100,
09:36:02,68.21,200,
09:36:02,68.21,100,
09:36:03,68.21,479,
09:36:03,68.21,100,
09:36:03,68.21,200,
09:36:03,68.21,200,
09:36:03,68.21,100,
09:36:03,68.21,100,
09:36:03,68.21,200,
09:36:04,68.21,200,
09:36:04,68.21,100,
09:36:05,68.21,500,
09:36:05,68.205,800,
09:36:05,68.205,800,
09:36:05,68.20,100,
09:36:05,68.20,1800,
09:36:05,68.20,100,
09:36:05,68.20,100,
09:36:05,68.20,1600,
09:36:05,68.20,100,
09:36:05,68.20,700,
09:36:05,68.20,3100,
09:36:05,68.20,1200,
09:36:05,68.20,500,
09:36:05,68.20,2000,
09:36:06,68.21,100,
09:36:06,68.21,200,
09:36:07,68.22,300,
09:36:08,68.23,100,
09:36:08,68.23,200,
09:36:08,68.23,200,
09:36:08,68.2301,100,
09:36:08,68.23,100,
09:36:09,68.24,400,
09:36:10,68.23,327,
09:36:10,68.23,1042,
09:36:10,68.23,900,
09:36:10,68.23,200,
09:36:10,68.23,500,
09:36:10,68.23,600,
09:36:10,68.23,300,
09:36:11,68.22,300,
09:36:11,68.22,100,
09:36:11,68.2201,200,
09:36:11,68.22,300,
09:36:11,68.22,300,
09:36:11,68.22,200,
09:36:11,68.22,200,
09:36:11,68.22,200,
09:36:12,68.22,346,
09:36:14,68.23,100,
09:36:18,68.22,100,
09:36:19,68.22,100,
09:36:19,68.22,200,
09:36:21,68.23,100,
09:36:21,68.23,100,
09:36:21,68.23,200,
09:36:29,68.23,100,
09:36:40,68.22,116,
09:36:41,68.21,100,
09:36:46,68.22,1316,
09:36:46,68.22,200,
09:36:46,68.22,300,
09:36:46,68.22,100,
09:36:46,68.22,100,
09:36:46,68.22,100,
09:36:46,68.22,100,
09:36:46,68.22,100,
09:36:46,68.22,184,
09:36:46,68.22,100,
09:36:46,68.22,100,
09:36:46,68.22,584,
09:36:51,68.23,100,
09:36:51,68.23,100,
09:36:51,68.23,100,
09:36:56,68.24,100,
09:37:03,68.24,500,
09:37:06,68.24,100,
09:37:06,68.24,100,
09:37:06,68.24,100,
09:37:06,68.24,100,
09:37:06,68.24,100,
09:37:06,68.24,100,
09:37:06,68.24,100,
09:37:06,68.24,100,
09:37:06,68.24,100,
09:37:06,68.24,100,
09:37:06,68.24,100,
09:37:06,68.24,100,
09:37:06,68.24,500,
09:37:07,68.2313,1100,
09:37:10,68.25,500,
09:37:10,68.25,200,
09:37:10,68.24,100,
09:37:10,68.24,100,
09:37:10,68.24,100,
09:37:13,68.25,1600,
09:37:22,68.24,100,
09:37:28,68.2399,100,
09:37:31,68.24,100,
09:37:32,68.24,200,
09:37:32,68.24,100,
09:37:32,68.24,100,
09:37:32,68.24,100,
09:37:32,68.24,100,
09:37:32,68.24,100,
09:37:32,68.24,200,
09:37:32,68.24,100,
09:37:37,68.2499,200,
09:37:41,68.2487,900,
09:37:46,68.24,100,
09:37:46,68.24,100,
09:37:47,68.24,100,
09:37:47,68.24,200,
09:37:49,68.24,400,
09:37:49,68.24,2000,
09:37:50,68.25,200,
09:37:50,68.25,100,
09:37:50,68.25,784,
09:37:53,68.25,115,
09:37:53,68.25,100,
09:37:53,68.25,100,
09:37:53,68.25,100,
09:37:53,68.25,400,
09:37:53,68.25,100,
09:37:56,68.25,100,
09:37:56,68.25,200,
09:38:01,68.25,100,
09:38:01,68.25,200,
09:38:01,68.25,700,
09:38:01,68.25,200,
09:38:01,68.25,100,
09:38:01,68.25,400,
09:38:01,68.25,100,
09:38:03,68.26,200,
09:38:06,68.26,100,
09:38:06,68.26,100,
09:38:06,68.25,100,
09:38:07,68.25,100,
09:38:10,68.25,100,
09:38:10,68.25,100,
09:38:10,68.25,100,
09:38:10,68.25,400,
09:38:10,68.25,400,
09:38:12,68.25,953,
09:38:12,68.25,300,
09:38:12,68.25,100,
09:38:13,68.25,100,
09:38:13,68.25,300,
09:38:13,68.26,100,
09:38:14,68.25,100,
09:38:14,68.25,100,
09:38:14,68.25,100,
09:38:14,68.26,200,
09:38:18,68.26,100,
09:38:27,68.25,300,
09:38:27,68.25,784,
09:38:29,68.25,300,
09:38:31,68.24,100,
09:38:31,68.24,600,
09:38:31,68.24,100,
09:38:31,68.24,100,
09:38:31,68.24,800,
09:38:31,68.24,100,
09:38:31,68.24,200,
09:38:31,68.24,100,
09:38:42,68.24,100,
09:38:44,68.24,725,
09:38:52,68.24,200,
09:38:52,68.24,100,
09:38:52,68.24,100,
09:38:52,68.24,100,
09:38:52,68.24,100,
09:38:52,68.24,900,
09:38:53,68.24,3870,
09:38:53,68.24,117,
09:38:53,68.24,1545,
09:38:53,68.24,2077,
09:38:53,68.24,700,
09:38:53,68.24,100,
09:38:53,68.24,100,
09:38:53,68.24,100,
09:38:53,68.24,100,
09:38:53,68.24,100,
09:38:53,68.24,200,
09:38:53,68.24,100,
09:38:55,68.25,399,
09:38:56,68.25,100,
09:38:56,68.25,100,
09:38:56,68.25,100,
09:38:56,68.25,100,
09:38:57,68.25,200,
09:38:57,68.25,400,
09:38:57,68.25,175,
09:38:57,68.25,100,
09:38:59,68.25,100,
09:39:00,68.25,700,
09:39:00,68.25,800,
09:39:00,68.25,200,
09:39:00,68.26,116,
09:39:00,68.26,500,
09:39:00,68.25,100,
09:39:00,68.25,100,
09:39:04,68.25,365,
09:39:04,68.25,200,
09:39:04,68.25,185,
09:39:04,68.255,100,
09:39:10,68.25,100,
09:39:11,68.24,135,
09:39:11,68.24,700,
09:39:11,68.24,400,
09:39:19,68.231,700,
09:39:23,68.23,200,
09:39:26,68.23,100,
09:39:27,68.23,2600,
09:39:28,68.23,1600,
09:39:28,68.23,600,
09:39:30,68.23,200,
09:39:34,68.2201,2000,
09:39:34,68.2213,500,
09:39:37,68.22,200,
09:39:50,68.22,100,
09:39:54,68.22,100,
09:39:54,68.22,200,
09:39:54,68.22,200,
09:39:55,68.2101,1000,
09:39:58,68.21,550,
09:39:58,68.2001,5000,
09:40:00,68.21,145,
09:40:00,68.21,700,
09:40:00,68.21,4758,
09:40:00,68.21,100,
09:40:00,68.22,264,
09:40:00,68.22,300,
09:40:02,68.2208,200,
09:40:03,68.22,800,
09:40:03,68.22,100,
09:40:03,68.22,1000,
09:40:03,68.22,700,
09:40:03,68.22,100,
09:40:03,68.21,200,
09:40:03,68.2201,100,
09:40:03,68.21,100,
09:40:04,68.21,335,
09:40:06,68.22,100,
09:40:06,68.22,155,
09:40:13,68.22,100,
09:40:13,68.22,100,
09:40:13,68.22,245,
09:40:13,68.22,100,
09:40:13,68.22,100,
09:40:13,68.22,100,
09:40:13,68.22,100,
09:40:13,68.22,100,
09:40:15,68.22,100,
09:40:15,68.22,100,
09:40:16,68.22,100,
09:40:19,68.2199,5000,
09:40:21,68.22,100,
09:40:21,68.22,100,
09:40:21,68.22,100,
09:40:21,68.22,100,
09:40:21,68.22,100,
09:40:21,68.22,100,
09:40:21,68.22,100,
09:40:21,68.22,100,
09:40:21,68.22,200,
09:40:21,68.211,104,
09:40:28,68.221,500,
09:40:28,68.22,236,
09:40:28,68.22,100,
09:40:28,68.22,100,
09:40:28,68.22,100,
09:40:28,68.22,200,
09:40:32,68.22,3693,
09:40:32,68.22,1602,
09:40:32,68.22,400,
09:40:35,68.21,200,
09:40:35,68.21,1000,
09:40:35,68.21,200,
09:40:35,68.21,400,
09:40:35,68.21,100,
09:40:36,68.21,100,
09:40:36,68.21,200,
09:40:38,68.21,500,
09:40:39,68.20,200,
09:40:41,68.21,200,
09:40:41,68.20,100,
09:40:41,68.20,185,
09:40:42,68.20,100,
09:40:42,68.20,300,
09:40:42,68.20,500,
09:40:44,68.20,800,
09:40:45,68.1999,1000,
09:40:49,68.20,100,
09:40:50,68.20,100,
09:40:51,68.20,700,
09:40:51,68.20,100,
09:40:51,68.20,200,
09:40:51,68.20,700,
09:40:54,68.19,200,
09:40:54,68.19,100,
09:40:54,68.19,300,
09:40:58,68.18,700,
09:40:58,68.18,200,
09:40:58,68.18,700,
09:40:58,68.18,100,
09:40:58,68.18,200,
09:40:58,68.19,100,
09:40:58,68.19,200,
09:40:58,68.18,100,
09:41:02,68.19,100,
09:41:02,68.19,200,
09:41:02,68.18,800,
09:41:02,68.18,400,
09:41:02,68.18,800,
09:41:02,68.18,500,
09:41:03,68.17,400,
09:41:04,68.16,190,
09:41:06,68.16,1510,
09:41:07,68.15,919,
09:41:07,68.15,100,
09:41:07,68.15,550,
09:41:07,68.15,300,
09:41:08,68.15,336,
09:41:08,68.15,200,
09:41:08,68.15,164,
09:41:08,68.15,800,
09:41:09,68.15,200,
09:41:09,68.15,500,
09:41:09,68.15,200,
09:41:09,68.15,200,
09:41:09,68.14,3100,
09:41:09,68.14,100,
09:41:09,68.1401,200,
09:41:09,68.15,100,
09:41:09,68.15,100,
09:41:09,68.14,100,
09:41:09,68.14,100,
09:41:11,68.14,100,
09:41:13,68.13,400,
09:41:16,68.13,236,
09:41:16,68.13,542,
09:41:16,68.13,100,
09:41:16,68.13,100,
09:41:16,68.13,500,
09:41:16,68.12,500,
09:41:16,68.13,300,
09:41:16,68.13,200,
09:41:16,68.13,1000,
09:41:16,68.13,100,
09:41:16,68.13,100,
09:41:16,68.1387,1500,
09:41:18,68.13,1000,
09:41:18,68.13,100,
09:41:18,68.13,200,
09:41:18,68.14,100,
09:41:19,68.1313,800,
09:41:21,68.14,100,
09:41:22,68.14,300,
09:41:22,68.14,100,
09:41:22,68.14,100,
09:41:25,68.14,200,
09:41:25,68.14,5955,
09:41:25,68.14,1000,
09:41:25,68.14,100,
09:41:25,68.14,200,
09:41:25,68.14,200,
09:41:25,68.14,200,
09:41:25,68.14,100,
09:41:26,68.14,200,
09:41:28,68.14,100,
09:41:28,68.14,100,
09:41:28,68.14,100,
09:41:28,68.15,1400,
09:41:29,68.15,400,
09:41:29,68.15,100,
09:41:29,68.15,100,
09:41:32,68.15,200,
09:41:32,68.15,100,
09:41:32,68.15,200,
09:41:34,68.14,600,
09:41:34,68.14,200,
09:41:34,68.14,100,
09:41:36,68.1301,300,
09:41:38,68.14,200,
09:41:38,68.14,200,
09:41:38,68.14,200,
09:41:38,68.14,100,
09:41:38,68.14,100,
09:41:38,68.14,100,
09:41:42,68.15,100,
09:41:46,68.14,100,
09:41:50,68.14,200,
09:41:50,68.14,210,
09:41:50,68.14,100,
09:41:53,68.135,100,
09:41:59,68.1387,1000,
09:42:01,68.13,100,
09:42:01,68.13,200,
09:42:01,68.13,200,
09:42:08,68.12,100,
09:42:08,68.12,100,
09:42:08,68.12,100,
09:42:13,68.12,100,
09:42:14,68.13,100,
09:42:14,68.13,900,
09:42:14,68.13,400,
09:42:14,68.13,100,
09:42:14,68.13,144,
09:42:14,68.13,3500,
09:42:14,68.13,200,
09:42:14,68.13,200,
09:42:14,68.13,200,
09:42:14,68.13,1000,
09:42:14,68.13,200,
09:42:14,68.13,800,
09:42:14,68.13,300,
09:42:14,68.13,100,
09:42:14,68.13,100,
09:42:14,68.13,200,
09:42:14,68.13,100,
09:42:15,68.13,100,
09:42:15,68.13,100,
09:42:16,68.13,100,
09:42:18,68.13,400,
09:42:18,68.13,200,
09:42:18,68.13,200,
09:42:18,68.13,200,
09:42:18,68.13,100,
09:42:18,68.13,200,
09:42:18,68.1201,100,
09:42:18,68.1201,200,
09:42:19,68.13,200,
09:42:19,68.13,200,
09:42:19,68.13,200,
09:42:19,68.13,600,
09:42:19,68.13,100,
09:42:19,68.13,200,
09:42:19,68.13,100,
09:42:20,68.13,500,
09:42:21,68.13,200,
09:42:22,68.1299,5000,
09:42:32,68.12,200,
09:42:36,68.12,800,
09:42:36,68.12,100,
09:42:36,68.12,200,
09:42:36,68.12,100,
09:42:36,68.12,200,
09:42:36,68.12,400,
09:42:36,68.12,100,
09:42:36,68.12,500,
09:42:36,68.12,100,
09:42:36,68.12,100,
09:42:36,68.12,100,
09:42:36,68.12,700,
09:42:43,68.12,100,
09:42:43,68.12,400,
09:42:43,68.12,100,
09:42:51,68.11,100,
09:42:53,68.11,800,
09:42:53,68.12,100,
09:42:57,68.1101,700,
09:43:00,68.11,600,
09:43:00,68.11,200,
09:43:00,68.11,100,
09:43:00,68.11,100,
09:43:00,68.11,400,
09:43:00,68.11,1000,
09:43:00,68.11,100,
09:43:00,68.11,500,
09:43:00,68.11,100,
09:43:00,68.11,200,
09:43:01,68.11,300,
09:43:01,68.1001,200,
09:43:01,68.12,100,
09:43:01,68.11,115,
09:43:01,68.11,100,
09:43:01,68.11,100,
09:43:01,68.11,100,
09:43:01,68.11,100,
09:43:01,68.11,1500,
09:43:01,68.11,200,
09:43:01,68.11,1800,
09:43:01,68.11,3700,
09:43:01,68.11,300,
09:43:01,68.11,200,
09:43:01,68.11,100,
09:43:04,68.1099,500,
09:43:05,68.11,100,
09:43:05,68.11,200,
09:43:05,68.1001,100,
09:43:07,68.11,100,
09:43:07,68.11,100,
09:43:07,68.10,100,
09:43:07,68.10,150,
09:43:07,68.10,900,
09:43:07,68.10,200,
09:43:07,68.10,200,
09:43:07,68.10,200,
09:43:07,68.10,150,
09:43:07,68.10,100,
09:43:07,68.11,100,
09:43:10,68.10,100,
09:43:10,68.09,300,
09:43:10,68.08,100,
09:43:10,68.09,100,
09:43:11,68.09,500,
09:43:11,68.09,100,
09:43:11,68.09,100,
09:43:12,68.09,500,
09:43:12,68.09,200,
09:43:12,68.08,200,
09:43:13,68.08,100,
09:43:13,68.08,200,
09:43:15,68.08,300,
09:43:15,68.08,800,
09:43:16,68.08,200,
09:43:18,68.0801,1800,
09:43:21,68.0801,700,
09:43:25,68.08,100,
09:43:25,68.085,200,
09:43:25,68.08,100,
09:43:25,68.08,200,
09:43:25,68.08,200,
09:43:25,68.08,400,
09:43:25,68.08,100,
09:43:25,68.08,825,
09:43:25,68.08,875,
09:43:25,68.09,200,
09:43:25,68.09,100,
09:43:26,68.09,300,
09:43:27,68.08,161,
09:43:27,68.08,200,
09:43:27,68.08,450,
09:43:27,68.08,1000,
09:43:27,68.08,3200,
09:43:27,68.08,1000,
09:43:27,68.08,300,
09:43:27,68.08,200,
09:43:27,68.08,500,
09:43:27,68.08,100,
09:43:27,68.08,100,
09:43:27,68.08,200,
09:43:35,68.07,100,
09:43:35,68.07,100,
09:43:35,68.07,100,
09:43:35,68.07,200,
09:43:35,68.07,100,
09:43:35,68.07,200,
09:43:36,68.07,200,
09:43:37,68.07,200,
09:43:37,68.07,700,
09:43:37,68.07,100,
09:43:38,68.07,100,
09:43:39,68.08,100,
09:43:39,68.08,200,
09:43:39,68.08,100,
09:43:39,68.08,100,
09:43:39,68.08,100,
09:43:39,68.08,100,
09:43:41,68.09,100,
09:43:41,68.09,200,
09:43:41,68.09,100,
09:43:41,68.09,100,
09:43:41,68.09,500,
09:43:42,68.09,200,
09:43:44,68.0999,4500,
09:43:50,68.0987,1500,
09:43:50,68.10,100,
09:43:58,68.095,1065,
09:44:00,68.10,900,
09:44:03,68.11,100,
09:44:04,68.11,300,
09:44:04,68.11,500,
09:44:04,68.11,200,
09:44:05,68.11,100,
09:44:08,68.1101,1000,
09:44:08,68.12,200,
09:44:08,68.12,800,
09:44:08,68.12,100,
09:44:08,68.12,200,
09:44:08,68.125,535,
09:44:08,68.12,165,
09:44:08,68.12,100,
09:44:08,68.12,200,
09:44:08,68.12,200,
09:44:09,68.12,200,
09:44:09,68.12,100,
09:44:09,68.12,500,
09:44:09,68.12,100,
09:44:09,68.12,100,
09:44:09,68.13,100,
09:44:10,68.12,100,
09:44:10,68.12,200,
09:44:10,68.12,100,
09:44:10,68.12,200,
09:44:10,68.12,200,
09:44:10,68.12,100,
09:44:10,68.12,100,
09:44:10,68.12,130,
09:44:10,68.12,200,
09:44:11,68.12,200,
09:44:11,68.12,200,
09:44:11,68.12,100,
09:44:11,68.12,100,
09:44:13,68.11,100,
09:44:13,68.11,300,
09:44:13,68.11,100,
09:44:18,68.1187,100,
09:44:27,68.12,100,
09:44:33,68.11,200,
09:44:34,68.10,100,
09:44:34,68.10,200,
09:44:35,68.10,200,
09:44:35,68.10,200,
09:44:35,68.10,100,
09:44:37,68.11,400,
09:44:37,68.11,200,
09:44:38,68.1101,100,
09:44:38,68.11,100,
09:44:44,68.12,100,
09:44:44,68.115,100,
09:44:49,68.11,100,
09:44:49,68.11,200,
09:44:54,68.10,100,
09:45:00,68.09,300,
09:45:00,68.09,216,
09:45:00,68.09,200,
09:45:00,68.09,800,
09:45:00,68.09,100,
09:45:06,68.1099,7300,
09:45:08,68.1099,100,
09:45:14,68.11,200,
09:45:15,68.12,200,
09:45:16,68.12,400,
09:45:18,68.12,500,
09:45:18,68.12,200,
09:45:18,68.12,100,
09:45:19,68.12,100,
09:45:21,68.12,1000,
09:45:23,68.12,800,
09:45:23,68.12,1800,
09:45:23,68.11,200,
09:45:26,68.12,200,
09:45:27,68.12,200,
09:45:27,68.11,500,
09:45:29,68.11,200,
09:45:29,68.11,400,
09:45:32,68.11,3510,
09:45:43,68.10,200,
09:45:43,68.10,100,
09:45:43,68.10,100,
09:45:43,68.11,100,
09:45:43,68.11,200,
09:45:43,68.11,200,
09:45:44,68.11,200,
09:45:44,68.11,400,
09:45:49,68.11,200,
09:45:49,68.11,300,
09:45:49,68.12,100,
09:45:50,68.12,100,
09:45:50,68.12,100,
09:45:50,68.12,200,
09:45:50,68.12,200,
09:45:51,68.12,100,
09:45:52,68.12,100,
09:45:52,68.12,200,
09:45:52,68.13,500,
09:45:52,68.13,100,
09:45:52,68.12,200,
09:45:52,68.12,100,
09:45:55,68.12,1000,
09:46:01,68.11,100,
09:46:07,68.115,100,
09:46:09,68.1001,200,
09:46:13,68.10,100,
09:46:13,68.10,500,
09:46:16,68.10,200,
09:46:26,68.11,100,
09:46:26,68.11,200,
09:46:27,68.11,200,
09:46:32,68.11,1300,
09:46:32,68.11,100,
09:46:34,68.10,400,
09:46:34,68.10,1000,
09:46:34,68.10,800,
09:46:34,68.10,200,
09:46:34,68.10,200,
09:46:34,68.10,900,
09:46:34,68.10,3800,
09:46:34,68.10,2600,
09:46:34,68.10,900,
09:46:35,68.10,200,
09:46:49,68.101,4500,
09:46:50,68.11,100,
09:46:52,68.11,700,
09:46:52,68.11,200,
09:46:52,68.11,2100,
09:46:52,68.11,1000,
09:46:52,68.115,100,
09:46:54,68.11,200,
09:47:02,68.11,100,
09:47:09,68.12,100,
09:47:09,68.12,600,
09:47:09,68.12,100,
09:47:09,68.12,100,
09:47:09,68.12,100,
09:47:09,68.12,100,
09:47:09,68.12,100,
09:47:09,68.12,100,
09:47:09,68.12,200,
09:47:09,68.12,200,
09:47:09,68.12,200,
09:47:09,68.12,100,
09:47:10,68.12,100,
09:47:13,68.1199,2500,
09:47:15,68.1116,100,
09:47:18,68.11,100,
09:47:21,68.10,100,
09:47:26,68.10,500,
09:47:26,68.10,300,
09:47:26,68.10,100,
09:47:28,68.10,100,
09:47:29,68.0999,1300,
09:47:30,68.09,200,
09:47:30,68.09,200,
09:47:30,68.09,300,
09:47:30,68.09,200,
09:47:30,68.09,1700,
09:47:31,68.0901,100,
09:47:34,68.0987,500,
09:47:34,68.09,200,
09:47:34,68.09,200,
09:47:35,68.09,100,
09:47:35,68.09,100,
09:47:37,68.09,100,
09:47:37,68.09,200,
09:47:37,68.09,100,
09:47:37,68.08,100,
09:47:37,68.08,100,
09:47:37,68.08,200,
09:47:39,68.0801,100,
09:47:41,68.08,600,
09:47:44,68.08,1100,
09:47:44,68.08,670,
09:47:44,68.08,890,
09:47:44,68.08,1690,
09:47:44,68.08,900,
09:47:44,68.08,200,
09:47:44,68.08,855,
09:47:46,68.08,800,
09:47:46,68.08,200,
09:47:46,68.09,300,
09:47:48,68.09,200,
09:47:48,68.09,1400,
09:47:48,68.10,800,
09:47:50,68.10,100,
09:47:56,68.10,100,
09:47:56,68.10,100,
09:47:56,68.10,100,
09:47:56,68.10,400,
09:47:56,68.10,800,
09:47:56,68.10,100,
09:47:56,68.10,100,
09:47:56,68.10,100,
09:47:56,68.10,100,
09:48:01,68.0923,200,
09:48:02,68.10,100,
09:48:03,68.10,100,
09:48:04,68.10,200,
09:48:04,68.10,200,
09:48:04,68.10,200,
09:48:08,68.10,200,
09:48:08,68.10,200,
09:48:10,68.10,200,
09:48:10,68.10,500,
09:48:10,68.10,200,
09:48:10,68.10,200,
09:48:11,68.09,100,
09:48:11,68.09,200,
09:48:11,68.09,200,
09:48:11,68.09,200,
09:48:12,68.09,600,
09:48:13,68.09,100,
09:48:13,68.09,100,
09:48:18,68.08,100,
09:48:19,68.0801,100,
09:48:20,68.08,300,
09:48:20,68.08,200,
09:48:21,68.07,100,
09:48:25,68.07,100,
09:48:26,68.07,365,
09:48:26,68.07,200,
09:48:26,68.07,200,
09:48:26,68.07,200,
09:48:34,68.08,700,
09:48:34,68.08,200,
09:48:36,68.07,100,
09:48:36,68.08,900,
09:48:36,68.07,200,
09:48:52,68.06,200,
09:48:52,68.06,100,
09:48:54,68.06,100,
09:48:54,68.06,100,
09:48:54,68.06,300,
09:48:58,68.06,600,
09:48:58,68.06,200,
09:48:58,68.06,100,
09:48:58,68.06,1370,
09:48:59,68.06,100,
09:49:00,68.06,500,
09:49:00,68.05,100,
09:49:00,68.05,200,
09:49:00,68.04,300,
09:49:00,68.05,600,
09:49:00,68.04,200,
09:49:00,68.05,230,
09:49:00,68.05,200,
09:49:05,68.06,100,
09:49:05,68.06,200,
09:49:07,68.06,200,
09:49:12,68.06,800,
09:49:12,68.06,100,
09:49:15,68.05,200,
09:49:23,68.0599,100,
09:49:28,68.06,100,
09:49:31,68.06,200,
09:49:33,68.06,200,
09:49:33,68.06,200,
09:49:33,68.06,200,
09:49:33,68.06,200,
09:49:33,68.06,100,
09:49:33,68.06,100,
09:49:34,68.06,200,
09:49:34,68.06,100,
09:49:34,68.06,200,
09:49:34,68.06,600,
09:49:34,68.06,200,
09:49:34,68.06,200,
09:49:34,68.06,100,
09:49:34,68.06,600,
09:49:35,68.061,400,
09:49:36,68.06,100,
09:49:37,68.06,100,
09:49:37,68.06,1100,
09:49:40,68.06,100,
09:49:40,68.06,500,
09:49:40,68.05,400,
09:49:40,68.05,100,
09:49:40,68.05,700,
09:49:40,68.05,800,
09:49:40,68.05,1800,
09:49:40,68.05,100,
09:49:40,68.05,1000,
09:49:40,68.0501,3100,
09:49:40,68.0501,900,
09:49:46,68.05,100,
09:49:50,68.05,100,
09:49:50,68.04,100,
09:49:52,68.05,100,
09:49:52,68.06,100,
09:49:53,68.055,100,
09:49:55,68.0617,500,
09:49:57,68.06,200,
09:50:06,68.04,100,
09:50:06,68.04,200,
09:50:06,68.04,100,
09:50:08,68.0499,100,
09:50:12,68.03,500,
09:50:12,68.02,200,
09:50:12,68.02,3000,
09:50:12,68.03,100,
09:50:12,68.03,200,
09:50:12,68.03,300,
09:50:12,68.03,300,
09:50:12,68.03,3000,
09:50:12,68.03,200,
09:50:12,68.03,500,
09:50:12,68.03,500,
09:50:16,68.0201,7300,
09:50:20,68.0299,200,
09:50:20,68.03,100,
09:50:20,68.03,2100,
09:50:20,68.03,120,
09:50:20,68.03,200,
09:50:22,68.03,100,
09:50:22,68.03,300,
09:50:28,68.02,100,
09:50:28,68.02,100,
09:50:28,68.02,200,
09:50:28,68.02,300,
09:50:28,68.02,200,
09:50:28,68.02,100,
09:50:30,68.02,200,
09:50:32,68.02,250,
09:50:34,68.02,350,
09:50:34,68.02,250,
09:50:40,68.02,100,
09:50:40,68.01,100,
09:50:40,68.01,200,
09:50:40,68.01,100,
09:50:41,68.01,200,
09:50:41,68,400,
09:50:42,68,300,
09:50:44,68.01,200,
09:50:53,68.01,200,
09:50:54,68.01,200,
09:50:54,68,200,
09:50:54,68,200,
09:50:54,68,200,
09:50:54,68,800,
09:50:56,68.01,100,
09:50:56,68.02,300,
09:50:56,68.02,100,
09:51:01,68.02,400,
09:51:01,68.02,500,
09:51:01,68.02,1000,
09:51:04,68.02,200,
09:51:05,68.02,200,
09:51:10,68.01,200,
09:51:12,68.01,200,
09:51:12,68.01,600,
09:51:13,68.0101,100,
09:51:13,68.0101,200,
09:51:17,68.02,100,
09:51:19,68.02,200,
09:51:19,68.02,300,
09:51:23,68.02,1000,
09:51:23,68.02,300,
09:51:23,68.02,200,
09:51:37,68.02,100,
09:51:37,68.02,200,
09:51:37,68.02,1000,
09:51:38,68.03,500,
09:51:38,68.03,2100,
09:51:38,68.03,200,
09:51:38,68.04,100,
09:51:42,68.04,300,
09:51:42,68.04,400,
09:51:46,68.039,100,
09:51:53,68.03,100,
09:51:57,68.04,3100,
09:52:00,68.05,200,
09:52:01,68.06,400,
09:52:01,68.07,111,
09:52:04,68.06,700,
09:52:04,68.06,100,
09:52:14,68.05,7600,
09:52:14,68.05,700,
09:52:14,68.05,1000,
09:52:23,68.06,630,
09:52:23,68.06,100,
09:52:23,68.06,447,
09:52:23,68.06,200,
09:52:23,68.06,100,
09:52:23,68.06,200,
09:52:23,68.06,100,
09:52:23,68.06,100,
09:52:23,68.06,100,
09:52:23,68.06,600,
09:52:24,68.06,200,
09:52:25,68.06,300,
09:52:25,68.06,200,
09:52:25,68.06,100,
09:52:25,68.06,200,
09:52:25,68.06,900,
09:52:31,68.06,200,
09:52:31,68.06,800,
09:52:31,68.06,200,
09:52:31,68.06,200,
09:52:38,68.0699,1069,
09:52:42,68.0699,1169,
09:52:43,68.07,200,
09:52:44,68.07,100,
09:52:44,68.07,100,
09:52:44,68.07,100,
09:52:48,68.08,200,
09:52:51,68.0799,1000,
09:53:01,68.07,300,
09:53:04,68.06,200,
09:53:05,68.063,100,
09:53:07,68.06,400,
09:53:09,68.06,400,
09:53:09,68.06,300,
09:53:09,68.06,100,
09:53:16,68.05,100,
09:53:29,68.045,100,
09:53:29,68.045,100,
09:53:29,68.05,100,
09:53:30,68.06,100,
09:53:30,68.06,200,
09:53:30,68.06,900,
09:53:30,68.06,3200,
09:53:30,68.06,100,
09:53:30,68.06,700,
09:53:30,68.055,100,
09:53:30,68.06,100,
09:53:30,68.06,400,
09:53:30,68.06,400,
09:53:30,68.06,500,
09:53:30,68.06,700,
09:53:34,68.07,100,
09:53:42,68.06,100,
09:53:42,68.06,100,
09:53:46,68.05,100,
09:53:46,68.05,100,
09:53:46,68.05,800,
09:53:46,68.05,100,
09:53:46,68.05,300,
09:53:46,68.05,200,
09:53:46,68.045,100,
09:53:46,68.05,140,
09:53:46,68.045,100,
09:53:47,68.045,100,
09:53:47,68.045,500,
09:53:49,68.05,100,
09:53:49,68.045,100,
09:54:00,68.04,100,
09:54:02,68.031,2000,
09:54:03,68.0299,100,
09:54:03,68.03,100,
09:54:06,68.02,1000,
09:54:06,68.02,200,
09:54:06,68.02,629,
09:54:06,68.02,200,
09:54:06,68.02,100,
09:54:06,68.02,715,
09:54:08,68.02,100,
09:54:08,68.015,100,
09:54:08,68.015,100,
09:54:08,68.015,100,
09:54:09,68.015,100,
09:54:14,68.02,200,
09:54:14,68.015,100,
09:54:14,68.015,100,
09:54:15,68.02,100,
09:54:15,68.015,100,
09:54:15,68.015,100,
09:54:15,68.015,100,
09:54:15,68.03,120,
09:54:19,68.02,100,
09:54:27,68.02,100,
09:54:27,68.02,200,
09:54:28,68.02,100,
09:54:28,68.01,200,
09:54:28,68.01,100,
09:54:28,68.01,200,
09:54:28,68.01,100,
09:54:28,68.01,300,
09:54:28,68.01,100,
09:54:28,68.01,500,
09:54:32,68.02,100,
09:54:43,68.01,200,
09:54:51,68.005,100,
09:54:51,68.01,100,
09:54:51,68.01,200,
09:54:51,68.005,100,
09:54:52,68.01,100,
09:54:52,68.01,200,
09:54:52,68.01,200,
09:54:52,68.01,168,
09:54:52,68.01,100,
09:54:52,68.01,200,
09:54:52,68.01,200,
09:54:52,68.005,200,
09:54:54,68.01,100,
09:54:55,68,100,
09:54:56,68,100,
09:54:56,68,300,
09:54:56,68,300,
09:54:56,68,300,
09:54:57,67.99,144,
09:54:57,67.99,1000,
09:54:57,67.99,559,
09:54:57,67.99,149,
09:54:57,67.99,1344,
09:54:58,68,100,
09:54:58,68,100,
09:54:58,68,300,
09:54:58,67.995,100,
09:54:58,68,100,
09:54:58,68,200,
09:54:58,68,100,
09:54:58,68,700,
09:54:58,68,100,
09:54:58,68,100,
09:54:58,67.995,500,
09:54:58,68,516,
09:54:58,68,100,
09:54:58,68,100,
09:54:58,68,100,
09:54:58,68,184,
09:54:58,68,100,
09:54:58,68.01,200,
09:54:58,68.01,200,
09:54:58,68,100,
09:54:58,68,600,
09:54:58,68.005,800,
09:54:58,68.005,100,
09:54:58,68.01,100,
09:54:58,68.01,100,
09:54:58,68.01,500,
09:54:58,68.0113,1800,
09:54:59,68.01,100,
09:54:59,68.01,200,
09:54:59,68.01,200,
09:54:59,68.01,300,
09:54:59,68.01,100,
09:54:59,68.01,800,
09:54:59,68.01,100,
09:55:00,68.01,200,
09:55:00,68.01,100,
09:55:00,68.01,100,
09:55:00,68,300,
09:55:12,68.01,100,
09:55:12,68.01,300,
09:55:12,68.01,3143,
09:55:12,68.01,800,
09:55:12,68.01,200,
09:55:12,68.01,200,
09:55:12,68.005,100,
09:55:12,68.01,100,
09:55:12,68.005,1000,
09:55:12,68.01,100,
09:55:12,68.01,900,
09:55:12,68.01,400,
09:55:12,68.01,100,
09:55:12,68.005,100,
09:55:12,68.009,100,
09:55:12,68.005,400,
09:55:12,68.005,200,
09:55:12,68.005,200,
09:55:12,68.005,800,
09:55:12,68.005,300,
09:55:12,68.005,500,
09:55:12,68.005,100,
09:55:12,68.01,100,
09:55:12,68.01,300,
09:55:12,68.01,200,
09:55:12,68.01,200,
09:55:12,68.01,200,
09:55:12,68.01,800,
09:55:12,68.01,100,
09:55:12,68.01,100,
09:55:12,68.01,800,
09:55:12,68.01,300,
09:55:12,68.009,100,
09:55:14,68.0001,742,
09:55:14,68,2000,
09:55:14,68,5000,
09:55:19,68,800,
09:55:40,68.005,100,
09:55:40,68.005,100,
09:55:40,68.01,400,
09:55:40,68.01,100,
09:55:40,68.01,700,
09:55:40,68.005,800,
09:55:42,68.0101,358,
09:55:44,68.02,100,
09:55:46,68.03,1000,
09:55:46,68.03,100,
09:55:46,68.03,300,
09:55:46,68.03,600,
09:55:47,68.04,400,
09:55:47,68.04,700,
09:55:49,68.0399,500,
09:55:49,68.03,200,
09:55:49,68.02,100,
09:55:49,68.02,200,
09:55:49,68.02,100,
09:55:57,68.03,200,
09:56:00,68.03,100,
09:56:00,68.03,200,
09:56:00,68.02,100,
09:56:00,68.02,300,
09:56:00,68.02,100,
09:56:00,68.01,100,
09:56:01,68.01,200,
09:56:01,68.01,200,
09:56:01,68.01,200,
09:56:02,68.01,200,
09:56:02,68.01,300,
09:56:02,68.01,100,
09:56:02,68.01,200,
09:56:02,68.01,100,
09:56:02,68.01,100,
09:56:02,68.01,100,
09:56:02,68.01,100,
09:56:02,68.01,300,
09:56:02,68.01,100,
09:56:03,68.01,100,
09:56:03,68.01,100,
09:56:05,68.0113,500,
09:56:06,68.01,100,
09:56:06,68.01,100,
09:56:06,68.01,100,
09:56:06,68.01,200,
09:56:07,68.005,200,
09:56:07,68.01,200,
09:56:08,68.01,200,
09:56:08,68.01,200,
09:56:08,68.01,200,
09:56:08,68,200,
09:56:08,68,100,
09:56:08,68,1000,
09:56:08,68,300,
09:56:08,68,800,
09:56:08,68,3200,
09:56:08,68,200,
09:56:08,68,200,
09:56:08,68,200,
09:56:08,68,619,
09:56:08,68,400,
09:56:08,68,400,
09:56:08,68,200,
09:56:08,68,200,
09:56:08,68,200,
09:56:08,68,200,
09:56:08,68,300,
09:56:08,68,400,
09:56:08,68,300,
09:56:08,68,300,
09:56:08,68,100,
09:56:08,68,300,
09:56:08,68,400,
09:56:08,68,400,
09:56:08,68,100,
09:56:08,68,300,
09:56:08,68,2300,
09:56:08,68,300,
09:56:08,67.99,200,
09:56:08,67.9901,100,
09:56:09,67.99,400,
09:56:13,67.9901,700,
09:56:14,67.99,200,
09:56:14,67.99,100,
09:56:14,67.99,100,
09:56:14,67.99,100,
09:56:14,67.99,134,
09:56:14,67.99,200,
09:56:14,67.99,100,
09:56:14,67.99,300,
09:56:14,67.99,134,
09:56:14,67.99,166,
09:56:14,67.985,100,
09:56:14,67.985,100,
09:56:14,67.985,100,
09:56:16,67.9999,1000,
09:56:16,67.99,200,
09:56:17,67.985,100,
09:56:17,67.985,100,
09:56:18,67.99,200,
09:56:18,67.99,600,
09:56:20,67.9899,100,
09:56:20,67.98,100,
09:56:20,67.99,100,
09:56:21,67.98,327,
09:56:22,67.99,100,
09:56:22,67.99,400,
09:56:22,67.99,100,
09:56:23,67.99,200,
09:56:24,67.99,200,
09:56:26,67.99,200,
09:56:26,67.99,200,
09:56:28,67.9901,232,
09:56:30,68,100,
09:56:37,68,200,
09:56:37,68,400,
09:56:37,68,200,
09:56:37,67.995,300,
09:56:37,67.995,300,
09:56:37,68.01,100,
09:56:37,68.01,100,
09:56:37,68.01,100,
09:56:37,68.01,100,
09:56:37,68.01,700,
09:56:37,68.01,800,
09:56:37,68.01,200,
09:56:37,68.01,484,
09:56:37,68.01,300,
09:56:41,68.006,1000,
09:56:51,68,100,
09:56:52,68,200,
09:56:58,68.01,1000,
09:56:58,68.01,100,
09:56:58,68.01,200,
09:57:02,68.011,2000,
09:57:02,68,329,
09:57:02,68,100,
09:57:02,68,100,
09:57:02,68,200,
09:57:02,68,200,
09:57:02,68,3500,
09:57:02,68,200,
09:57:02,68,200,
09:57:02,67.99,100,
09:57:02,67.99,200,
09:57:02,67.99,100,
09:57:02,67.99,100,
09:57:02,67.99,200,
09:57:03,67.99,100,
09:57:04,67.99,1000,
09:57:04,67.99,200,
09:57:04,67.99,100,
09:57:04,67.99,200,
09:57:05,67.99,200,
09:57:05,67.985,100,
09:57:05,67.985,100,
09:57:05,67.99,300,
09:57:05,67.985,100,
09:57:05,67.9901,700,
09:57:06,67.99,200,
09:57:06,67.99,400,
09:57:06,67.99,529,
09:57:07,67.9801,500,
09:57:07,67.985,100,
09:57:07,67.985,100,
09:57:07,67.99,100,
09:57:08,67.99,100,
09:57:09,67.99,100,
09:57:10,67.99,100,
09:57:10,67.99,100,
09:57:10,67.99,200,
09:57:11,67.985,100,
09:57:11,67.985,100,
09:57:14,67.99,100,
09:57:14,67.99,100,
09:57:22,67.99,100,
09:57:22,67.991,100,
09:57:23,67.9801,4965,
09:57:24,67.99,100,
09:57:32,68,200,
09:57:32,68,100,
09:57:35,68,100,
09:57:37,67.99,400,
09:57:37,67.99,100,
09:57:38,68,200,
09:57:38,68,189,
09:57:39,68,575,
09:57:39,68,100,
09:57:39,68,370,
09:57:44,68,200,
09:57:46,68.01,1600,
09:57:46,68.01,800,
09:57:46,68.01,200,
09:57:46,68.01,200,
09:57:46,68.01,200,
09:57:46,68.01,700,
09:57:46,68.01,300,
09:57:46,68.01,100,
09:57:48,68.02,600,
09:57:48,68.02,148,
09:57:48,68.02,200,
09:57:48,68.02,300,
09:57:49,68.02,200,
09:57:50,68.02,166,
09:57:55,68.02,100,
09:57:56,68.02,200,
09:57:56,68.02,200,
09:57:56,68.02,200,
09:57:58,68.02,600,
09:57:58,68.01,266,
09:57:58,68.01,200,
09:57:59,68,429,
09:57:59,68,100,
09:57:59,68.0099,1000,
09:58:01,68,200,
09:58:01,68,600,
09:58:01,68,200,
09:58:01,68,100,
09:58:02,68,1600,
09:58:02,68,200,
09:58:02,67.995,100,
09:58:02,67.995,100,
09:58:02,68.0001,147,
09:58:03,68,200,
09:58:03,68,200,
09:58:03,68,200,
09:58:03,67.99,771,
09:58:03,67.99,300,
09:58:03,67.99,1000,
09:58:05,67.99,178,
09:58:05,67.99,200,
09:58:06,67.99,522,
09:58:06,67.99,300,
09:58:06,67.99,1000,
09:58:06,67.99,100,
09:58:06,67.99,300,
09:58:06,67.985,100,
09:58:06,67.985,100,
09:58:07,67.985,100,
09:58:08,67.985,500,
09:58:08,67.985,100,
09:58:09,67.99,200,
09:58:13,67.99,200,
09:58:13,67.99,200,
09:58:16,67.98,1000,
09:58:16,67.98,100,
09:58:19,67.99,100,
09:58:19,67.985,200,
09:58:21,67.99,200,
09:58:28,67.99,100,
09:58:31,67.9801,3000,
09:58:32,67.98,1000,
09:58:32,67.98,2000,
09:58:32,67.98,200,
09:58:32,67.98,200,
09:58:32,67.97,1629,
09:58:32,67.97,100,
09:58:32,67.97,483,
09:58:34,67.97,100,
09:58:34,67.97,867,
09:58:38,67.975,100,
09:58:38,67.975,100,
09:58:38,67.971,3500,
09:58:38,67.98,200,
09:58:38,67.975,100,
09:58:38,67.98,400,
09:58:38,67.98,200,
09:58:38,67.98,100,
09:58:38,67.98,300,
09:58:39,67.98,1100,
09:58:39,67.98,200,
09:58:39,67.98,200,
09:58:42,67.98,200,
09:58:47,67.99,100,
09:58:49,67.98,200,
09:58:49,67.98,100,
09:58:52,67.9801,100,
09:58:56,67.98,200,
09:58:56,67.97,100,
09:58:56,67.98,200,
09:58:56,67.98,200,
09:58:58,67.9701,500,
09:59:01,67.975,100,
09:59:01,67.975,100,
09:59:01,67.975,100,
09:59:02,67.98,200,
09:59:02,67.975,500,
09:59:03,67.9826,500,
09:59:08,67.98,200,
09:59:08,67.98,200,
09:59:09,67.97,100,
09:59:09,67.97,337,
09:59:11,67.98,200,
09:59:16,67.99,100,
09:59:17,67.99,100,
09:59:17,67.99,100,
09:59:17,67.99,100,
09:59:18,67.99,400,
09:59:19,67.99,100,
09:59:19,67.99,300,
09:59:20,67.99,200,
09:59:20,67.99,200,
09:59:20,67.99,100,
09:59:22,67.98,400,
09:59:23,67.98,1000,
09:59:23,67.98,200,
09:59:23,67.98,100,
09:59:25,67.98,100,
09:59:25,67.98,200,
09:59:25,67.98,200,
09:59:26,67.98,100,
09:59:26,67.98,200,
09:59:26,67.98,200,
09:59:26,67.98,200,
09:59:26,67.98,100,
09:59:27,67.98,200,
09:59:27,67.975,600,
09:59:27,67.975,100,
09:59:29,67.975,100,
09:59:29,67.975,100,
09:59:38,67.98,100,
09:59:39,67.99,100,
09:59:39,67.99,600,
09:59:39,67.985,100,
09:59:39,67.99,100,
09:59:39,67.99,100,
09:59:39,67.99,300,
09:59:39,67.99,200,
09:59:39,67.99,200,
09:59:39,67.99,100,
09:59:39,67.99,200,
09:59:39,67.99,200,
09:59:39,67.99,200,
09:59:39,67.99,100,
09:59:39,67.99,200,
09:59:39,67.98,200,
09:59:39,67.985,100,
09:59:42,67.9801,500,
09:59:43,67.99,200,
09:59:43,67.99,200,
09:59:43,67.99,200,
09:59:52,67.9855,700,
09:59:53,67.99,100,
09:59:56,67.99,230,
09:59:56,67.99,200,
09:59:56,67.99,100,
09:59:57,67.99,100,
09:59:57,67.99,200,
09:59:57,67.99,100,
09:59:57,67.99,400,
09:59:57,67.98,100,
09:59:57,67.99,100,
09:59:57,67.99,200,
09:59:57,67.99,100,
09:59:57,67.99,1100,
09:59:57,67.99,200,
09:59:57,67.99,500,
09:59:58,67.99,200,
09:59:59,67.99,200,
09:59:59,67.99,200,
09:59:59,67.99,200,
09:59:59,67.99,100,
09:59:59,67.99,300,
09:59:59,67.99,200,
09:59:59,67.99,200,
09:59:59,67.99,200,
09:59:59,67.99,433,
09:59:59,67.99,1300,
10:00:01,67.97,200,
10:00:02,67.97,101,
10:00:02,67.96,100,
10:00:02,67.96,200,
10:00:02,67.96,200,
10:00:03,67.96,100,
10:00:03,67.96,100,
10:00:03,67.97,200,
10:00:03,67.97,100,
10:00:03,67.97,200,
10:00:03,67.97,100,
10:00:03,67.97,200,
10:00:03,67.97,200,
10:00:03,67.97,200,
10:00:03,67.97,100,
10:00:03,67.97,200,
10:00:04,67.97,100,
10:00:04,67.97,100,
10:00:04,67.97,200,
10:00:04,67.97,1200,
10:00:05,67.98,200,
10:00:05,67.98,100,
10:00:05,67.98,200,
10:00:05,67.98,400,
10:00:05,67.98,300,
10:00:05,67.98,100,
10:00:05,67.98,200,
10:00:05,67.98,200,
10:00:05,67.98,200,
10:00:05,67.98,200,
10:00:05,67.98,100,
10:00:05,67.98,400,
10:00:05,67.99,300,
10:00:05,67.99,200,
10:00:05,68,200,
10:00:06,68.01,200,
10:00:06,68.01,100,
10:00:06,68.01,200,
10:00:06,68.01,400,
10:00:06,68.01,100,
10:00:06,68.01,1000,
10:00:06,68.01,200,
10:00:06,68.01,200,
10:00:06,68,100,
10:00:06,68,300,
10:00:06,68,200,
10:00:06,68,200,
10:00:06,68,100,
10:00:06,68,700,
10:00:06,68,100,
10:00:06,68,100,
10:00:06,68,200,
10:00:06,68,600,
10:00:06,68,400,
10:00:06,68,200,
10:00:06,68.01,100,
10:00:06,68.01,200,
10:00:06,68.01,200,
10:00:06,68.01,200,
10:00:06,68,100,
10:00:06,68,100,
10:00:06,68,300,
10:00:06,68,200,
10:00:06,68.01,100,
10:00:06,68.01,100,
10:00:06,68.01,200,
10:00:06,68.01,900,
10:00:06,68,200,
10:00:06,68,100,
10:00:06,68.01,200,
10:00:06,68.01,100,
10:00:06,68.01,200,
10:00:06,68,600,
10:00:06,68,100,
10:00:06,68,700,
10:00:06,68,200,
10:00:06,68,200,
10:00:06,68,100,
10:00:06,68,101,
10:00:06,68,100,
10:00:07,68,200,
10:00:07,68.01,100,
10:00:07,68.01,100,
10:00:08,68.01,400,
10:00:08,68.01,200,
10:00:08,68.01,200,
10:00:08,68.01,200,
10:00:08,67.99,500,
10:00:09,68,100,
10:00:09,68,200,
10:00:09,67.99,200,
10:00:09,67.98,200,
10:00:09,67.98,708,
10:00:09,67.97,129,
10:00:09,67.97,200,
10:00:09,67.97,200,
10:00:09,67.97,200,
10:00:09,67.97,100,
10:00:09,67.99,100,
10:00:09,67.98,100,
10:00:09,67.98,700,
10:00:09,67.98,200,
10:00:09,67.98,100,
10:00:09,67.98,600,
10:00:09,67.98,100,
10:00:09,67.98,400,
10:00:09,67.98,200,
10:00:09,67.98,400,
10:00:09,67.98,200,
10:00:09,67.99,600,
10:00:09,67.99,471,
10:00:09,67.99,300,
10:00:09,67.99,200,
10:00:09,67.99,100,
10:00:09,67.99,200,
10:00:09,67.99,100,
10:00:09,67.99,100,
10:00:09,67.99,700,
10:00:09,67.99,700,
10:00:09,67.99,100,
10:00:09,67.99,700,
10:00:09,67.99,200,
10:00:09,68,100,
10:00:09,68,200,
10:00:09,68,100,
10:00:09,68,200,
10:00:09,68,100,
10:00:09,68,200,
10:00:09,68,100,
10:00:09,68,100,
10:00:10,67.98,100,
10:00:10,67.98,700,
10:00:10,67.98,200,
10:00:10,67.97,146,
10:00:10,67.97,187,
10:00:10,67.96,100,
10:00:10,67.96,129,
10:00:10,67.96,100,
10:00:10,67.97,200,
10:00:10,67.96,100,
10:00:11,67.96,629,
10:00:11,67.96,700,
10:00:11,67.96,100,
10:00:11,67.96,100,
10:00:11,67.95,4300,
10:00:11,67.96,200,
10:00:11,67.96,300,
10:00:11,67.96,100,
10:00:11,67.96,300,
10:00:11,67.96,200,
10:00:11,67.95,100,
10:00:11,67.95,3600,
10:00:11,67.95,200,
10:00:11,67.94,200,
10:00:11,67.96,100,
10:00:11,67.94,200,
10:00:11,67.92,813,
10:00:11,67.92,600,
10:00:11,67.92,3100,
10:00:11,67.93,300,
10:00:11,67.93,800,
10:00:11,67.93,200,
10:00:11,67.92,602,
10:00:11,67.92,329,
10:00:11,67.92,260,
10:00:11,67.92,200,
10:00:11,67.92,200,
10:00:11,67.92,400,
10:00:11,67.92,100,
10:00:11,67.92,200,
10:00:11,67.92,100,
10:00:11,67.92,200,
10:00:11,67.92,500,
10:00:11,67.92,200,
10:00:11,67.92,200,
10:00:11,67.92,200,
10:00:11,67.91,600,
10:00:11,67.91,100,
10:00:11,67.91,200,
10:00:11,67.91,600,
10:00:11,67.91,600,
10:00:11,67.91,200,
10:00:11,67.91,1300,
10:00:11,67.91,3000,
10:00:11,67.90,200,
10:00:11,67.90,1000,
10:00:11,67.90,1057,
10:00:11,67.90,163,
10:00:11,67.90,7000,
10:00:11,67.91,100,
10:00:11,67.91,200,
10:00:11,67.91,300,
10:00:11,67.91,200,
10:00:12,67.91,100,
10:00:12,67.91,300,
10:00:12,67.91,100,
10:00:12,67.91,200,
10:00:12,67.91,100,
10:00:12,67.91,200,
10:00:12,67.91,200,
10:00:12,67.91,100,
10:00:12,67.91,300,
10:00:12,67.91,100,
10:00:12,67.90,200,
10:00:12,67.90,1000,
10:00:12,67.90,200,
10:00:12,67.90,4500,
10:00:12,67.90,800,
10:00:12,67.90,100,
10:00:12,67.90,700,
10:00:12,67.90,100,
10:00:12,67.90,300,
10:00:12,67.90,200,
10:00:12,67.90,100,
10:00:12,67.90,100,
10:00:12,67.90,200,
10:00:12,67.90,200,
10:00:12,67.91,500,
10:00:12,67.91,100,
10:00:12,67.90,200,
10:00:12,67.90,200,
10:00:13,67.88,529,
10:00:13,67.88,1000,
10:00:13,67.88,200,
10:00:13,67.88,542,
10:00:13,67.88,800,
10:00:13,67.87,100,
10:00:13,67.87,100,
10:00:13,67.87,100,
10:00:13,67.87,100,
10:00:13,67.88,200,
10:00:13,67.88,200,
10:00:13,67.86,100,
10:00:13,67.87,100,
10:00:13,67.87,100,
10:00:13,67.87,100,
10:00:14,67.86,200,
10:00:14,67.86,1400,
10:00:14,67.86,300,
10:00:14,67.86,100,
10:00:14,67.86,500,
10:00:14,67.86,200,
10:00:14,67.86,300,
10:00:14,67.86,200,
10:00:14,67.86,500,
10:00:14,67.86,100,
10:00:14,67.86,200,
10:00:14,67.86,400,
10:00:14,67.86,100,
10:00:14,67.85,100,
10:00:14,67.85,400,
10:00:14,67.85,500,
10:00:14,67.85,100,
10:00:14,67.85,800,
10:00:14,67.85,900,
10:00:14,67.84,200,
10:00:14,67.85,100,
10:00:14,67.85,300,
10:00:14,67.85,400,
10:00:14,67.84,100,
10:00:14,67.84,400,
10:00:14,67.84,1000,
10:00:14,67.84,600,
10:00:14,67.85,300,
10:00:14,67.85,100,
10:00:14,67.85,700,
10:00:14,67.85,300,
10:00:14,67.85,1000,
10:00:14,67.85,100,
10:00:14,67.84,400,
10:00:14,67.85,100,
10:00:14,67.84,200,
10:00:14,67.84,100,
10:00:14,67.84,3500,
10:00:14,67.85,700,
10:00:14,67.85,100,
10:00:14,67.85,200,
10:00:14,67.85,100,
10:00:14,67.85,200,
10:00:14,67.85,200,
10:00:14,67.85,100,
10:00:14,67.85,400,
10:00:14,67.85,400,
10:00:14,67.85,1200,
10:00:14,67.84,200,
10:00:14,67.84,600,
10:00:14,67.84,400,
10:00:14,67.84,200,
10:00:14,67.84,100,
10:00:14,67.84,200,
10:00:14,67.83,100,
10:00:14,67.83,100,
10:00:14,67.85,100,
10:00:14,67.83,1200,
10:00:14,67.84,800,
10:00:14,67.84,100,
10:00:14,67.83,200,
10:00:14,67.83,100,
10:00:14,67.83,200,
10:00:14,67.83,100,
10:00:14,67.83,772,
10:00:14,67.83,200,
10:00:14,67.84,200,
10:00:14,67.84,700,
10:00:14,67.84,100,
10:00:14,67.84,700,
10:00:14,67.85,600,
10:00:14,67.85,200,
10:00:14,67.85,500,
10:00:14,67.85,629,
10:00:14,67.85,100,
10:00:15,67.84,2900,
10:00:15,67.84,200,
10:00:15,67.84,100,
10:00:15,67.84,300,
10:00:15,67.84,200,
10:00:15,67.84,400,
10:00:15,67.84,200,
10:00:15,67.84,100,
10:00:15,67.84,200,
10:00:15,67.84,300,
10:00:15,67.84,200,
10:00:15,67.84,100,
10:00:15,67.84,200,
10:00:15,67.84,100,
10:00:15,67.85,100,
10:00:15,67.85,500,
10:00:15,67.85,200,
10:00:15,67.85,300,
10:00:15,67.85,200,
10:00:15,67.85,100,
10:00:15,67.85,100,
10:00:15,67.85,100,
10:00:15,67.85,100,
10:00:15,67.85,200,
10:00:15,67.85,200,
10:00:15,67.85,100,
10:00:15,67.85,200,
10:00:15,67.85,156,
10:00:15,67.85,100,
10:00:15,67.85,200,
10:00:15,67.86,100,
10:00:15,67.86,400,
10:00:15,67.86,600,
10:00:15,67.85,527,
10:00:15,67.86,300,
10:00:15,67.86,100,
10:00:15,67.86,215,
10:00:15,67.86,300,
10:00:15,67.85,400,
10:00:15,67.85,400,
10:00:15,67.85,300,
10:00:15,67.85,200,
10:00:15,67.85,500,
10:00:15,67.85,200,
10:00:15,67.85,200,
10:00:16,67.85,200,
10:00:16,67.85,200,
10:00:16,67.85,100,
10:00:16,67.86,200,
10:00:16,67.86,100,
10:00:16,67.86,200,
10:00:16,67.86,300,
10:00:16,67.86,200,
10:00:16,67.86,200,
10:00:16,67.86,200,
10:00:16,67.86,200,
10:00:16,67.86,600,
10:00:16,67.86,100,
10:00:16,67.86,200,
10:00:16,67.86,1200,
10:00:16,67.86,200,
10:00:16,67.86,100,
10:00:16,67.86,200,
10:00:16,67.86,200,
10:00:16,67.87,100,
10:00:16,67.87,200,
10:00:16,67.87,900,
10:00:16,67.87,500,
10:00:16,67.88,200,
10:00:16,67.88,873,
10:00:16,67.89,200,
10:00:16,67.88,100,
10:00:16,67.88,300,
10:00:16,67.88,1771,
10:00:16,67.88,500,
10:00:16,67.88,200,
10:00:16,67.88,2000,
10:00:16,67.88,1800,
10:00:16,67.88,200,
10:00:16,67.88,200,
10:00:16,67.88,700,
10:00:17,67.89,100,
10:00:17,67.89,200,
10:00:17,67.89,100,
10:00:17,67.89,200,
10:00:17,67.89,1000,
10:00:17,67.89,800,
10:00:17,67.89,100,
10:00:17,67.89,500,
10:00:17,67.89,200,
10:00:17,67.89,800,
10:00:17,67.89,200,
10:00:17,67.89,100,
10:00:17,67.89,100,
10:00:17,67.89,200,
10:00:17,67.89,400,
10:00:17,67.89,200,
10:00:17,67.89,1100,
10:00:17,67.89,700,
10:00:18,67.89,200,
10:00:18,67.89,200,
10:00:18,67.89,200,
10:00:18,67.88,200,
10:00:18,67.88,100,
10:00:18,67.89,300,
10:00:18,67.89,200,
10:00:18,67.89,100,
10:00:18,67.89,100,
10:00:18,67.89,1000,
10:00:18,67.90,200,
10:00:19,67.89,200,
10:00:19,67.89,200,
10:00:19,67.89,200,
10:00:19,67.89,200,
10:00:20,67.90,1000,
10:00:20,67.90,200,
10:00:20,67.90,200,
10:00:20,67.89,200,
10:00:20,67.90,100,
10:00:20,67.91,200,
10:00:20,67.92,100,
10:00:20,67.92,200,
10:00:20,67.92,200,
10:00:20,67.92,100,
10:00:20,67.93,200,
10:00:20,67.93,200,
10:00:20,67.93,100,
10:00:20,67.92,200,
10:00:20,67.92,1200,
10:00:20,67.93,300,
10:00:20,67.92,171,
10:00:20,67.92,800,
10:00:20,67.91,200,
10:00:20,67.92,100,
10:00:20,67.93,329,
10:00:20,67.93,100,
10:00:20,67.93,100,
10:00:20,67.93,1000,
10:00:20,67.93,100,
10:00:20,67.93,429,
10:00:20,67.93,100,
10:00:20,67.93,900,
10:00:20,67.93,200,
10:00:20,67.93,200,
10:00:20,67.94,200,
10:00:20,67.94,100,
10:00:20,67.94,200,
10:00:20,67.94,500,
10:00:20,67.94,848,
10:00:21,67.95,100,
10:00:21,67.95,200,
10:00:21,67.95,200,
10:00:21,67.945,100,
10:00:21,67.96,200,
10:00:21,67.96,100,
10:00:21,67.96,772,
10:00:21,67.96,200,
10:00:21,67.96,100,
10:00:21,67.955,100,
10:00:21,67.96,600,
10:00:21,67.96,200,
10:00:21,67.96,100,
10:00:21,67.96,200,
10:00:21,67.96,200,
10:00:21,67.955,300,
10:00:22,67.96,100,
10:00:22,67.95,100,
10:00:22,67.95,200,
10:00:22,67.95,300,
10:00:22,67.95,100,
10:00:22,67.95,200,
10:00:22,67.94,516,
10:00:22,67.94,200,
10:00:22,67.94,200,
10:00:22,67.95,200,
10:00:22,67.95,300,
10:00:22,67.95,200,
10:00:22,67.95,200,
10:00:22,67.95,200,
10:00:22,67.95,200,
10:00:23,67.95,1000,
10:00:23,67.95,200,
10:00:23,67.95,1600,
10:00:23,67.95,200,
10:00:23,67.95,200,
10:00:23,67.95,100,
10:00:23,67.95,200,
10:00:23,67.95,200,
10:00:23,67.95,200,
10:00:23,67.95,200,
10:00:23,67.95,1200,
10:00:24,67.95,1200,
10:00:25,67.95,200,
10:00:25,67.95,100,
10:00:25,67.95,200,
10:00:25,67.95,600,
10:00:25,67.95,600,
10:00:25,67.95,100,
10:00:25,67.95,700,
10:00:25,67.95,700,
10:00:26,67.95,300,
10:00:26,67.95,400,
10:00:26,67.95,100,
10:00:26,67.95,100,
10:00:26,67.95,100,
10:00:26,67.95,300,
10:00:26,67.95,100,
10:00:26,67.95,200,
10:00:26,67.94,100,
10:00:27,67.94,200,
10:00:27,67.94,200,
10:00:27,67.94,100,
10:00:27,67.94,400,
10:00:27,67.94,200,
10:00:27,67.94,200,
10:00:27,67.94,179,
10:00:27,67.94,100,
10:00:27,67.94,100,
10:00:27,67.94,100,
10:00:27,67.95,800,
10:00:27,67.95,200,
10:00:27,67.95,200,
10:00:27,67.95,200,
10:00:27,67.95,400,
10:00:27,67.95,300,
10:00:27,67.95,200,
10:00:27,67.95,200,
10:00:27,67.95,100,
10:00:27,67.95,200,
10:00:27,67.95,100,
10:00:27,67.95,1000,
10:00:27,67.95,100,
10:00:27,67.95,200,
10:00:27,67.95,100,
10:00:27,67.95,500,
10:00:27,67.95,100,
10:00:27,67.95,200,
10:00:27,67.95,500,
10:00:27,67.96,1000,
10:00:27,67.95,100,
10:00:27,67.96,100,
10:00:27,67.95,100,
10:00:27,67.95,200,
10:00:27,67.95,200,
10:00:27,67.95,200,
10:00:27,67.94,200,
10:00:27,67.94,400,
10:00:27,67.94,200,
10:00:27,67.94,500,
10:00:27,67.94,200,
10:00:27,67.93,200,
10:00:27,67.93,400,
10:00:28,67.93,200,
10:00:29,67.94,742,
10:00:29,67.94,300,
10:00:29,67.94,200,
10:00:29,67.94,200,
10:00:29,67.94,200,
10:00:29,67.93,600,
10:00:29,67.93,300,
10:00:29,67.93,300,
10:00:29,67.93,500,
10:00:29,67.93,1000,
10:00:29,67.94,400,
10:00:30,67.95,200,
10:00:30,67.95,100,
10:00:30,67.95,100,
10:00:30,67.95,200,
10:00:30,67.95,200,
10:00:30,67.95,200,
10:00:30,67.95,100,
10:00:30,67.95,100,
10:00:30,67.95,200,
10:00:31,67.94,900,
10:00:31,67.95,800,
10:00:31,67.95,300,
10:00:31,67.95,300,
10:00:31,67.95,100,
10:00:31,67.95,200,
10:00:31,67.95,200,
10:00:32,67.9487,500,
10:00:33,67.95,100,
10:00:33,67.95,200,
10:00:33,67.95,100,
10:00:33,67.9413,250,
10:00:35,67.95,300,
10:00:35,67.95,200,
10:00:35,67.95,500,
10:00:35,67.95,700,
10:00:35,67.95,100,
10:00:37,67.94,400,
10:00:37,67.94,100,
10:00:38,67.93,400,
10:00:38,67.93,100,
10:00:38,67.93,500,
10:00:38,67.92,157,
10:00:39,67.92,742,
10:00:39,67.91,100,
10:00:39,67.90,100,
10:00:39,67.91,200,
10:00:39,67.91,200,
10:00:39,67.91,200,
10:00:39,67.91,100,
10:00:39,67.91,200,
10:00:39,67.91,200,
10:00:40,67.92,200,
10:00:40,67.92,100,
10:00:41,67.92,100,
10:00:41,67.92,200,
10:00:41,67.92,200,
10:00:41,67.91,100,
10:00:41,67.93,284,
10:00:41,67.925,100,
10:00:44,67.92,200,
10:00:44,67.92,100,
10:00:45,67.94,139,
10:00:45,67.935,600,
10:00:45,67.93,200,
10:00:45,67.935,400,
10:00:45,67.935,100,
10:00:45,67.95,200,
10:00:45,67.95,200,
10:00:45,67.95,100,
10:00:45,67.95,200,
10:00:45,67.95,100,
10:00:45,67.95,400,
10:00:45,67.95,200,
10:00:45,67.95,100,
10:00:45,67.95,200,
10:00:45,67.95,300,
10:00:45,67.945,100,
10:00:46,67.97,100,
10:00:47,67.98,239,
10:00:48,67.97,300,
10:00:48,67.97,700,
10:00:48,67.97,800,
10:00:48,67.97,100,
10:00:48,67.97,300,
10:00:48,67.96,100,
10:00:48,67.96,100,
10:00:48,67.96,200,
10:00:48,67.96,1200,
10:00:48,67.96,300,
10:00:48,67.96,800,
10:00:48,67.96,200,
10:00:48,67.96,100,
10:00:48,67.97,100,
10:00:48,67.97,1000,
10:00:49,67.94,100,
10:00:49,67.94,100,
10:00:49,67.94,185,
10:00:49,67.93,200,
10:00:49,67.93,100,
10:00:49,67.93,1000,
10:00:50,67.93,200,
10:00:50,67.93,300,
10:00:51,67.93,100,
10:00:51,67.93,1000,
10:00:51,67.92,1200,
10:00:51,67.92,1600,
10:00:51,67.93,200,
10:00:51,67.93,150,
10:00:51,67.93,200,
10:00:51,67.93,100,
10:00:51,67.93,100,
10:00:52,67.9399,2500,
10:00:52,67.94,200,
10:00:53,67.94,300,
10:00:53,67.94,200,
10:00:53,67.92,529,
10:00:53,67.92,200,
10:00:53,67.92,720,
10:00:53,67.92,100,
10:00:53,67.91,284,
10:00:53,67.91,100,
10:00:53,67.91,200,
10:00:53,67.91,100,
10:00:53,67.91,200,
10:00:53,67.91,300,
10:00:53,67.91,100,
10:00:53,67.92,300,
10:00:53,67.92,400,
10:00:53,67.92,200,
10:00:53,67.92,200,
10:00:53,67.92,200,
10:00:53,67.93,200,
10:00:53,67.93,100,
10:00:53,67.93,200,
10:00:53,67.93,200,
10:00:53,67.93,200,
10:00:53,67.93,469,
10:00:53,67.94,100,
10:00:53,67.93,300,
10:00:54,67.92,300,
10:00:54,67.93,1000,
10:00:54,67.92,100,
10:00:54,67.93,100,
10:00:54,67.93,200,
10:00:54,67.93,100,
10:00:54,67.93,100,
10:00:54,67.93,100,
10:00:55,67.93,100,
10:00:55,67.92,300,
10:00:55,67.92,100,
10:00:56,67.92,800,
10:00:56,67.93,100,
10:00:56,67.94,200,
10:00:56,67.94,400,
10:00:57,67.94,400,
10:00:57,67.94,100,
10:00:58,67.93,100,
10:00:58,67.94,100,
10:00:58,67.94,200,
10:00:58,67.94,200,
10:00:58,67.94,200,
10:00:58,67.94,600,
10:00:58,67.94,200,
10:00:58,67.94,200,
10:00:58,67.94,100,
10:01:00,67.95,100,
10:01:02,67.95,100,
10:01:02,67.95,100,
10:01:02,67.95,200,
10:01:03,67.95,300,
10:01:03,67.95,100,
10:01:03,67.95,600,
10:01:03,67.95,100,
10:01:03,67.95,100,
10:01:03,67.95,300,
10:01:03,67.95,100,
10:01:03,67.95,100,
10:01:03,67.95,100,
10:01:03,67.94,400,
10:01:03,67.94,100,
10:01:04,67.95,100,
10:01:04,67.94,400,
10:01:04,67.94,100,
10:01:05,67.9401,1200,
10:01:05,67.94,200,
10:01:05,67.94,200,
10:01:05,67.94,200,
10:01:05,67.94,200,
10:01:06,67.94,200,
10:01:06,67.93,200,
10:01:06,67.93,301,
10:01:07,67.91,100,
10:01:07,67.9199,100,
10:01:08,67.90,1500,
10:01:08,67.89,200,
10:01:08,67.89,194,
10:01:08,67.89,200,
10:01:08,67.89,100,
10:01:08,67.90,200,
10:01:08,67.90,200,
10:01:08,67.89,200,
10:01:08,67.89,100,
10:01:08,67.89,100,
10:01:08,67.88,200,
10:01:08,67.88,200,
10:01:08,67.87,200,
10:01:08,67.87,200,
10:01:08,67.87,300,
10:01:08,67.87,300,
10:01:09,67.87,300,
10:01:09,67.87,100,
10:01:09,67.86,300,
10:01:10,67.86,400,
10:01:10,67.86,200,
10:01:10,67.86,100,
10:01:10,67.87,100,
10:01:10,67.87,100,
10:01:10,67.87,100,
10:01:11,67.88,100,
10:01:11,67.88,200,
10:01:11,67.88,200,
10:01:11,67.88,300,
10:01:11,67.881,3500,
10:01:11,67.89,100,
10:01:11,67.90,100,
10:01:11,67.91,100,
10:01:12,67.92,100,
10:01:12,67.92,100,
10:01:12,67.92,929,
10:01:12,67.92,100,
10:01:13,67.92,100,
10:01:13,67.92,200,
10:01:13,67.92,200,
10:01:13,67.92,100,
10:01:13,67.92,200,
10:01:13,67.92,200,
10:01:13,67.92,200,
10:01:14,67.91,100,
10:01:14,67.91,100,
10:01:14,67.91,400,
10:01:14,67.90,100,
10:01:15,67.90,100,
10:01:15,67.90,200,
10:01:15,67.90,200,
10:01:15,67.90,100,
10:01:15,67.90,168,
10:01:15,67.90,100,
10:01:15,67.90,100,
10:01:16,67.89,100,
10:01:16,67.87,200,
10:01:16,67.87,200,
10:01:17,67.88,800,
10:01:17,67.88,200,
10:01:17,67.88,200,
10:01:17,67.88,500,
10:01:17,67.88,200,
10:01:17,67.88,1600,
10:01:17,67.89,200,
10:01:17,67.89,200,
10:01:17,67.89,100,
10:01:17,67.90,100,
10:01:18,67.90,500,
10:01:18,67.88,100,
10:01:20,67.89,100,
10:01:20,67.89,200,
10:01:20,67.89,1100,
10:01:20,67.89,200,
10:01:20,67.89,200,
10:01:21,67.89,100,
10:01:21,67.89,100,
10:01:22,67.89,200,
10:01:22,67.88,200,
10:01:22,67.88,100,
10:01:22,67.88,100,
10:01:23,67.88,200,
10:01:25,67.87,100,
10:01:26,67.87,200,
10:01:26,67.85,100,
10:01:26,67.86,200,
10:01:27,67.85,1628,
10:01:27,67.85,100,
10:01:27,67.85,200,
10:01:28,67.85,200,
10:01:28,67.85,200,
10:01:28,67.85,100,
10:01:28,67.85,100,
10:01:28,67.85,500,
10:01:28,67.85,100,
10:01:28,67.85,300,
10:01:28,67.85,200,
10:01:28,67.84,1300,
10:01:28,67.84,800,
10:01:28,67.84,100,
10:01:28,67.84,300,
10:01:28,67.84,100,
10:01:29,67.85,100,
10:01:29,67.85,200,
10:01:29,67.8499,2000,
10:01:30,67.84,200,
10:01:30,67.83,1000,
10:01:30,67.83,1057,
10:01:30,67.83,1015,
10:01:31,67.8399,2000,
10:01:31,67.84,400,
10:01:31,67.84,1000,
10:01:31,67.84,300,
10:01:31,67.83,1000,
10:01:31,67.82,814,
10:01:32,67.83,200,
10:01:32,67.83,200,
10:01:32,67.84,100,
10:01:32,67.84,200,
10:01:32,67.84,100,
10:01:33,67.85,100,
10:01:33,67.85,100,
10:01:33,67.85,200,
10:01:33,67.85,100,
10:01:33,67.85,100,
10:01:33,67.85,700,
10:01:33,67.86,100,
10:01:33,67.86,200,
10:01:33,67.85,200,
10:01:33,67.85,100,
10:01:33,67.85,200,
10:01:33,67.85,300,
10:01:33,67.85,200,
10:01:34,67.85,1000,
10:01:34,67.85,200,
10:01:34,67.85,200,
10:01:34,67.85,300,
10:01:34,67.85,200,
10:01:34,67.84,200,
10:01:35,67.84,200,
10:01:35,67.84,100,
10:01:35,67.84,200,
10:01:35,67.84,300,
10:01:35,67.84,200,
10:01:35,67.84,200,
10:01:35,67.84,100,
10:01:36,67.83,600,
10:01:36,67.83,200,
10:01:36,67.83,200,
10:01:36,67.83,200,
10:01:37,67.83,100,
10:01:38,67.84,100,
10:01:39,67.8401,700,
10:01:39,67.8401,300,
10:01:40,67.84,1200,
10:01:40,67.8401,900,
10:01:40,67.8401,100,
10:01:40,67.85,452,
10:01:40,67.85,700,
10:01:40,67.85,900,
10:01:41,67.84,300,
10:01:41,67.84,200,
10:01:41,67.84,200,
10:01:42,67.85,100,
10:01:42,67.85,100,
10:01:42,67.85,100,
10:01:42,67.845,100,
10:01:42,67.85,200,
10:01:42,67.85,100,
10:01:43,67.86,100,
10:01:44,67.86,200,
10:01:45,67.85,100,
10:01:45,67.85,100,
10:01:45,67.84,100,
10:01:46,67.85,300,
10:01:46,67.85,200,
10:01:47,67.85,200,
10:01:48,67.84,200,
10:01:48,67.84,100,
10:01:48,67.84,100,
10:01:48,67.84,100,
10:01:48,67.84,300,
10:01:48,67.84,100,
10:01:48,67.85,600,
10:01:48,67.85,300,
10:01:48,67.84,100,
10:01:48,67.84,100,
10:01:49,67.84,200,
10:01:49,67.84,100,
10:01:49,67.83,200,
10:01:49,67.83,100,
10:01:49,67.83,200,
10:01:49,67.82,200,
10:01:50,67.81,1300,
10:01:50,67.82,100,
10:01:50,67.82,300,
10:01:50,67.81,1600,
10:01:50,67.81,1000,
10:01:50,67.81,1000,
10:01:50,67.81,3000,
10:01:50,67.81,3100,
10:01:50,67.81,100,
10:01:50,67.81,100,
10:01:50,67.81,200,
10:01:50,67.81,500,
10:01:50,67.82,900,
10:01:50,67.82,400,
10:01:50,67.81,100,
10:01:50,67.81,100,
10:01:50,67.81,200,
10:01:50,67.81,200,
10:01:51,67.81,100,
10:01:51,67.81,200,
10:01:51,67.81,300,
10:01:51,67.81,100,
10:01:51,67.81,100,
10:01:51,67.81,100,
10:01:51,67.81,200,
10:01:51,67.81,100,
10:01:51,67.81,200,
10:01:52,67.80,800,
10:01:52,67.80,100,
10:01:52,67.80,500,
10:01:52,67.80,500,
10:01:52,67.80,500,
10:01:52,67.80,600,
10:01:52,67.80,200,
10:01:52,67.80,100,
10:01:52,67.80,100,
10:01:52,67.80,200,
10:01:52,67.80,100,
10:01:52,67.80,100,
10:01:52,67.79,300,
10:01:52,67.79,100,
10:01:52,67.79,400,
10:01:53,67.7999,2000,
10:01:53,67.80,200,
10:01:53,67.80,200,
10:01:53,67.80,200,
10:01:53,67.80,436,
10:01:53,67.80,300,
10:01:53,67.80,136,
10:01:53,67.81,100,
10:01:53,67.81,200,
10:01:53,67.81,500,
10:01:53,67.81,300,
10:01:53,67.81,600,
10:01:53,67.81,200,
10:01:53,67.81,400,
10:01:53,67.82,500,
10:01:54,67.82,200,
10:01:54,67.82,200,
10:01:54,67.82,200,
10:01:54,67.82,200,
10:01:54,67.83,200,
10:01:55,67.82,200,
10:01:56,67.82,300,
10:01:56,67.82,200,
10:01:56,67.82,100,
10:01:58,67.82,200,
10:01:58,67.82,200,
10:01:58,67.82,200,
10:01:59,67.83,200,
10:01:59,67.83,800,
10:01:59,67.83,200,
10:01:59,67.83,200,
10:01:59,67.83,200,
10:01:59,67.83,200,
10:01:59,67.83,400,
10:02:02,67.84,400,
10:02:02,67.84,400,
10:02:02,67.85,100,
10:02:03,67.86,1000,
10:02:03,67.86,200,
10:02:03,67.86,500,
10:02:03,67.86,200,
10:02:03,67.86,100,
10:02:04,67.87,100,
10:02:04,67.87,100,
10:02:05,67.88,100,
10:02:06,67.87,400,
10:02:07,67.86,100,
10:02:08,67.86,200,
10:02:08,67.86,300,
10:02:08,67.86,800,
10:02:08,67.86,200,
10:02:08,67.86,800,
10:02:08,67.86,700,
10:02:08,67.86,600,
10:02:08,67.86,100,
10:02:08,67.86,200,
10:02:08,67.86,900,
10:02:08,67.86,300,
10:02:08,67.85,800,
10:02:08,67.85,200,
10:02:08,67.85,800,
10:02:08,67.86,870,
10:02:08,67.85,500,
10:02:08,67.85,200,
10:02:08,67.85,1000,
10:02:08,67.85,700,
10:02:08,67.85,300,
10:02:08,67.86,100,
10:02:08,67.86,300,
10:02:08,67.85,700,
10:02:08,67.86,300,
10:02:08,67.86,100,
10:02:08,67.86,100,
10:02:08,67.86,200,
10:02:08,67.86,300,
10:02:08,67.84,200,
10:02:09,67.84,1300,
10:02:09,67.83,100,
10:02:09,67.83,800,
10:02:09,67.82,1500,
10:02:09,67.82,200,
10:02:10,67.86,300,
10:02:10,67.83,1400,
10:02:10,67.83,100,
10:02:10,67.83,200,
10:02:10,67.83,200,
10:02:10,67.83,300,
10:02:10,67.83,200,
10:02:12,67.83,100,
10:02:13,67.83,200,
10:02:13,67.83,200,
10:02:13,67.84,100,
10:02:13,67.84,700,
10:02:13,67.84,200,
10:02:13,67.84,200,
10:02:13,67.84,500,
10:02:13,67.84,200,
10:02:13,67.84,500,
10:02:13,67.85,200,
10:02:13,67.85,200,
10:02:13,67.85,200,
10:02:13,67.85,200,
10:02:13,67.85,800,
10:02:14,67.85,500,
10:02:14,67.85,200,
10:02:14,67.84,200,
10:02:14,67.84,200,
10:02:15,67.84,200,
10:02:16,67.85,600,
10:02:18,67.85,200,
10:02:18,67.85,200,
10:02:18,67.85,200,
10:02:18,67.85,200,
10:02:18,67.85,200,
10:02:21,67.84,100,
10:02:21,67.84,100,
10:02:21,67.84,800,
10:02:21,67.84,500,
10:02:21,67.84,200,
10:02:23,67.85,100,
10:02:23,67.845,100,
10:02:23,67.85,100,
10:02:23,67.85,500,
10:02:23,67.85,2900,
10:02:23,67.85,1600,
10:02:23,67.85,200,
10:02:23,67.85,300,
10:02:23,67.85,1600,
10:02:23,67.85,700,
10:02:23,67.85,700,
10:02:23,67.85,600,
10:02:23,67.85,200,
10:02:23,67.845,100,
10:02:23,67.85,100,
10:02:23,67.85,500,
10:02:23,67.845,100,
10:02:23,67.85,100,
10:02:23,67.845,100,
10:02:23,67.85,100,
10:02:23,67.85,100,
10:02:23,67.85,100,
10:02:23,67.85,500,
10:02:23,67.85,450,
10:02:23,67.85,1000,
10:02:23,67.85,450,
10:02:23,67.85,300,
10:02:25,67.86,100,
10:02:25,67.86,800,
10:02:25,67.86,200,
10:02:25,67.85,300,
10:02:25,67.86,200,
10:02:26,67.86,200,
10:02:26,67.85,100,
10:02:27,67.85,400,
10:02:27,67.84,100,
10:02:27,67.85,200,
10:02:27,67.84,400,
10:02:27,67.84,200,
10:02:27,67.84,1200,
10:02:27,67.84,100,
10:02:27,67.84,200,
10:02:27,67.84,300,
10:02:27,67.84,800,
10:02:27,67.84,1146,
10:02:27,67.84,500,
10:02:27,67.85,500,
10:02:27,67.85,200,
10:02:27,67.84,400,
10:02:27,67.85,600,
10:02:27,67.85,300,
10:02:27,67.83,800,
10:02:28,67.8399,450,
10:02:29,67.84,800,
10:02:29,67.84,1000,
10:02:29,67.84,200,
10:02:29,67.84,200,
10:02:29,67.84,200,
10:02:29,67.84,100,
10:02:29,67.84,300,
10:02:29,67.84,500,
10:02:29,67.84,400,
10:02:30,67.85,200,
10:02:32,67.84,300,
10:02:32,67.85,200,
10:02:33,67.85,185,
10:02:33,67.8508,500,
10:02:34,67.86,500,
10:02:39,67.87,100,
10:02:39,67.87,200,
10:02:43,67.88,100,
10:02:43,67.875,100,
10:02:43,67.875,100,
10:02:43,67.87,100,
10:02:43,67.87,200,
10:02:45,67.88,100,
10:02:45,67.88,200,
10:02:45,67.875,100,
10:02:46,67.875,100,
10:02:47,67.89,100,
10:02:47,67.885,100,
10:02:48,67.89,1600,
10:02:50,67.8987,1570,
10:02:50,67.89,200,
10:02:50,67.89,300,
10:02:52,67.89,800,
10:02:52,67.89,600,
10:02:52,67.89,100,
10:02:52,67.89,100,
10:02:53,67.88,100,
10:02:53,67.88,200,
10:02:53,67.88,200,
10:02:54,67.89,800,
10:02:54,67.89,200,
10:02:54,67.89,400,
10:02:54,67.89,800,
10:02:54,67.89,100,
10:02:55,67.88,100,
10:02:56,67.88,100,
10:02:57,67.88,100,
10:02:59,67.89,200,
10:03:00,67.88,200,
10:03:00,67.88,200,
10:03:00,67.88,200,
10:03:00,67.88,100,
10:03:00,67.89,100,
10:03:00,67.89,200,
10:03:02,67.89,200,
10:03:03,67.89,200,
10:03:03,67.89,500,
10:03:03,67.89,100,
10:03:06,67.89,200,
10:03:06,67.89,200,
10:03:06,67.89,600,
10:03:06,67.89,200,
10:03:06,67.89,200,
10:03:06,67.89,700,
10:03:06,67.89,1400,
10:03:07,67.88,100,
10:03:08,67.89,200,
10:03:08,67.89,200,
10:03:11,67.88,700,
10:03:11,67.88,300,
10:03:11,67.88,100,
10:03:11,67.8792,200,
10:03:12,67.88,200,
10:03:12,67.88,100,
10:03:12,67.88,200,
10:03:12,67.875,100,
10:03:12,67.875,100,
10:03:12,67.88,100,
10:03:13,67.88,100,
10:03:13,67.88,2300,
10:03:13,67.875,100,
10:03:13,67.879,100,
10:03:13,67.875,100,
10:03:14,67.885,100,
10:03:14,67.89,800,
10:03:14,67.89,1000,
10:03:14,67.89,100,
10:03:14,67.89,200,
10:03:14,67.88,100,
10:03:14,67.89,3400,
10:03:14,67.89,200,
10:03:14,67.89,100,
10:03:14,67.89,200,
10:03:14,67.88,100,
10:03:14,67.88,400,
10:03:14,67.88,100,
10:03:14,67.88,100,
10:03:14,67.88,1000,
10:03:14,67.88,200,
10:03:14,67.88,200,
10:03:14,67.88,100,
10:03:14,67.88,200,
10:03:14,67.88,1000,
10:03:14,67.88,200,
10:03:14,67.88,200,
10:03:14,67.87,100,
10:03:14,67.87,200,
10:03:14,67.87,200,
10:03:15,67.87,300,
10:03:15,67.87,200,
10:03:15,67.87,100,
10:03:16,67.87,100,
10:03:18,67.86,200,
10:03:20,67.86,100,
10:03:21,67.86,200,
10:03:23,67.85,1000,
10:03:23,67.85,800,
10:03:23,67.85,800,
10:03:23,67.85,200,
10:03:23,67.85,200,
10:03:23,67.85,700,
10:03:23,67.85,500,
10:03:23,67.85,200,
10:03:23,67.85,100,
10:03:23,67.85,100,
10:03:25,67.85,200,
10:03:25,67.84,100,
10:03:25,67.84,560,
10:03:25,67.84,100,
10:03:25,67.85,100,
10:03:26,67.84,200,
10:03:26,67.84,200,
10:03:26,67.84,200,
10:03:28,67.83,100,
10:03:28,67.83,200,
10:03:28,67.83,200,
10:03:28,67.84,100,
10:03:28,67.84,200,
10:03:29,67.84,700,
10:03:29,67.84,800,
10:03:29,67.84,100,
10:03:29,67.84,600,
10:03:29,67.84,400,
10:03:29,67.84,200,
10:03:29,67.85,500,
10:03:29,67.85,800,
10:03:29,67.85,1300,
10:03:29,67.85,300,
10:03:29,67.85,200,
10:03:29,67.85,200,
10:03:29,67.85,800,
10:03:29,67.85,200,
10:03:29,67.85,690,
10:03:29,67.85,200,
10:03:29,67.85,800,
10:03:29,67.85,1600,
10:03:29,67.85,700,
10:03:29,67.85,700,
10:03:29,67.86,200,
10:03:29,67.86,200,
10:03:29,67.86,200,
10:03:29,67.86,300,
10:03:29,67.86,400,
10:03:29,67.86,3700,
10:03:29,67.86,400,
10:03:29,67.85,800,
10:03:29,67.86,300,
10:03:29,67.86,800,
10:03:29,67.85,200,
10:03:29,67.85,200,
10:03:29,67.85,300,
10:03:30,67.85,100,
10:03:30,67.85,200,
10:03:30,67.85,600,
10:03:30,67.85,100,
10:03:32,67.85,600,
10:03:32,67.85,1100,
10:03:33,67.8401,290,
10:03:34,67.84,200,
10:03:34,67.85,800,
10:03:34,67.85,2845,
10:03:34,67.85,355,
10:03:34,67.85,200,
10:03:34,67.85,1600,
10:03:34,67.851,200,
10:03:35,67.851,600,
10:03:36,67.86,200,
10:03:37,67.87,100,
10:03:37,67.87,200,
10:03:38,67.87,200,
10:03:38,67.87,200,
10:03:39,67.87,100,
10:03:40,67.88,200,
10:03:40,67.88,200,
10:03:42,67.88,300,
10:03:43,67.88,188,
10:03:43,67.87,100,
10:03:43,67.87,200,
10:03:43,67.87,100,
10:03:44,67.87,200,
10:03:48,67.879,100,
10:03:49,67.87,100,
10:03:49,67.88,100,
10:03:53,67.87,400,
10:03:54,67.86,100,
10:03:55,67.87,200,
10:03:57,67.87,200,
10:03:58,67.86,173,
10:03:58,67.86,200,
10:03:59,67.87,3200,
10:03:59,67.87,500,
10:03:59,67.87,2100,
10:03:59,67.87,800,
10:03:59,67.87,200,
10:03:59,67.87,400,
10:03:59,67.865,100,
10:03:59,67.87,456,
10:04:05,67.88,200,
10:04:05,67.89,200,
10:04:05,67.89,200,
10:04:05,67.89,200,
10:04:06,67.89,100,
10:04:06,67.89,200,
10:04:08,67.88,100,
10:04:08,67.88,1600,
10:04:08,67.88,100,
10:04:08,67.88,200,
10:04:08,67.88,200,
10:04:08,67.87,100,
10:04:09,67.87,200,
10:04:09,67.86,222,
10:04:09,67.86,200,
10:04:09,67.86,200,
10:04:09,67.86,800,
10:04:10,67.86,300,
10:04:11,67.8501,2600,
10:04:12,67.86,200,
10:04:12,67.86,188,
10:04:12,67.86,100,
10:04:12,67.85,221,
10:04:12,67.85,221,
10:04:13,67.85,221,
10:04:13,67.85,222,
10:04:15,67.86,200,
10:04:15,67.86,200,
10:04:16,67.87,200,
10:04:16,67.87,100,
10:04:16,67.87,600,
10:04:24,67.87,228,
10:04:26,67.86,200,
10:04:27,67.87,100,
10:04:34,67.88,200,
10:04:42,67.87,130,
10:04:42,67.86,200,
10:04:42,67.86,200,
10:04:42,67.86,200,
10:04:46,67.86,100,
10:04:46,67.86,300,
10:04:46,67.855,100,
10:04:46,67.855,100,
10:04:48,67.87,200,
10:04:48,67.865,100,
10:04:48,67.865,100,
10:04:48,67.87,200,
10:04:52,67.86,100,
10:04:52,67.865,100,
10:04:52,67.87,200,
10:04:53,67.86,100,
10:04:54,67.87,100,
10:04:54,67.87,200,
10:04:55,67.87,200,
10:04:55,67.87,100,
10:04:55,67.87,600,
10:04:55,67.87,700,
10:04:55,67.87,800,
10:04:55,67.87,500,
10:04:55,67.87,700,
10:04:55,67.87,100,
10:04:56,67.86,100,
10:05:01,67.87,200,
10:05:03,67.85,600,
10:05:03,67.85,200,
10:05:03,67.85,200,
10:05:03,67.85,100,
10:05:03,67.85,200,
10:05:04,67.85,200,
10:05:05,67.85,200,
10:05:05,67.84,100,
10:05:05,67.84,200,
10:05:06,67.84,100,
10:05:06,67.84,200,
10:05:06,67.84,150,
10:05:06,67.84,336,
10:05:07,67.83,2400,
10:05:07,67.83,200,
10:05:07,67.82,1629,
10:05:07,67.82,1000,
10:05:07,67.82,171,
10:05:07,67.82,500,
10:05:07,67.8201,1700,
10:05:08,67.82,400,
10:05:08,67.82,500,
10:05:09,67.83,400,
10:05:09,67.83,2800,
10:05:09,67.83,200,
10:05:13,67.8101,6400,
10:05:14,67.81,700,
10:05:14,67.81,814,
10:05:14,67.81,814,
10:05:14,67.81,200,
10:05:15,67.81,100,
10:05:15,67.80,500,
10:05:16,67.80,1100,
10:05:17,67.80,200,
10:05:18,67.79,614,
10:05:18,67.79,200,
10:05:18,67.79,800,
10:05:18,67.80,400,
10:05:18,67.80,1900,
10:05:19,67.79,200,
10:05:20,67.78,100,
10:05:20,67.79,100,
10:05:20,67.79,1600,
10:05:20,67.79,200,
10:05:21,67.80,400,
10:05:21,67.79,100,
10:05:21,67.79,200,
10:05:21,67.79,100,
10:05:21,67.79,700,
10:05:21,67.79,200,
10:05:21,67.79,300,
10:05:21,67.79,200,
10:05:21,67.79,100,
10:05:22,67.78,500,
10:05:23,67.79,700,
10:05:23,67.79,200,
10:05:23,67.79,300,
10:05:23,67.80,400,
10:05:23,67.80,1600,
10:05:23,67.80,200,
10:05:23,67.80,200,
10:05:24,67.80,551,
10:05:24,67.80,200,
10:05:24,67.80,100,
10:05:24,67.80,200,
10:05:25,67.80,100,
10:05:25,67.80,600,
10:05:26,67.79,200,
10:05:26,67.79,200,
10:05:26,67.79,200,
10:05:26,67.79,700,
10:05:26,67.79,800,
10:05:26,67.79,600,
10:05:29,67.79,600,
10:05:30,67.78,200,
10:05:30,67.78,1300,
10:05:30,67.78,725,
10:05:30,67.78,1062,
10:05:31,67.7799,100,
10:05:32,67.78,200,
10:05:32,67.78,1000,
10:05:32,67.78,200,
10:05:33,67.78,330,
10:05:34,67.7799,100,
10:05:34,67.78,100,
10:05:35,67.77,100,
10:05:35,67.77,700,
10:05:36,67.7701,400,
10:05:37,67.78,100,
10:05:38,67.78,100,
10:05:38,67.78,100,
10:05:38,67.7892,300,
10:05:38,67.78,300,
10:05:38,67.78,200,
10:05:40,67.77,729,
10:05:40,67.77,100,
10:05:40,67.77,200,
10:05:42,67.76,1600,
10:05:42,67.77,100,
10:05:44,67.75,1000,
10:05:44,67.75,100,
10:05:44,67.75,200,
10:05:44,67.76,200,
10:05:44,67.76,100,
10:05:44,67.76,100,
10:05:45,67.767,107,
10:05:45,67.76,100,
10:05:46,67.76,200,
10:05:46,67.7599,685,
10:05:49,67.76,1000,
10:05:51,67.76,100,
10:05:52,67.75,100,
10:05:52,67.75,200,
10:05:52,67.75,600,
10:05:52,67.75,100,
10:05:52,67.75,100,
10:05:52,67.75,200,
10:05:52,67.75,200,
10:05:53,67.76,100,
10:05:53,67.75,600,
10:05:53,67.75,200,
10:05:54,67.75,100,
10:05:55,67.75,200,
10:05:56,67.75,500,
10:05:57,67.75,1000,
10:05:58,67.74,200,
10:05:58,67.73,814,
10:05:58,67.73,716,
10:05:58,67.73,843,
10:05:58,67.73,1632,
10:05:58,67.73,377,
10:05:58,67.73,700,
10:05:58,67.73,1400,
10:05:58,67.73,100,
10:05:58,67.72,1000,
10:05:58,67.72,814,
10:05:58,67.72,100,
10:05:58,67.72,190,
10:05:59,67.72,200,
10:05:59,67.72,200,
10:05:59,67.72,400,
10:05:59,67.72,100,
10:05:59,67.72,100,
10:05:59,67.72,200,
10:05:59,67.72,100,
10:05:59,67.72,100,
10:05:59,67.72,100,
10:05:59,67.72,400,
10:06:00,67.72,100,
10:06:00,67.72,300,
10:06:00,67.72,100,
10:06:01,67.7101,700,
10:06:02,67.72,10800,
10:06:02,67.72,200,
10:06:02,67.7299,3700,
10:06:02,67.72,200,
10:06:02,67.72,200,
10:06:02,67.72,260,
10:06:02,67.72,200,
10:06:02,67.72,100,
10:06:02,67.72,1300,
10:06:02,67.72,800,
10:06:02,67.72,600,
10:06:02,67.72,150,
10:06:02,67.72,100,
10:06:02,67.72,700,
10:06:02,67.72,300,
10:06:02,67.70,100,
10:06:02,67.71,800,
10:06:02,67.71,260,
10:06:02,67.71,400,
10:06:02,67.71,2871,
10:06:02,67.71,350,
10:06:02,67.71,800,
10:06:02,67.71,400,
10:06:02,67.71,2940,
10:06:02,67.71,100,
10:06:02,67.71,231,
10:06:02,67.71,565,
10:06:02,67.72,300,
10:06:02,67.70,100,
10:06:02,67.70,200,
10:06:02,67.70,100,
10:06:02,67.70,630,
10:06:02,67.70,499,
10:06:02,67.70,2100,
10:06:02,67.70,200,
10:06:02,67.70,200,
10:06:02,67.70,100,
10:06:02,67.71,500,
10:06:02,67.70,300,
10:06:02,67.70,300,
10:06:02,67.70,1500,
10:06:02,67.71,100,
10:06:03,67.70,600,
10:06:03,67.70,800,
10:06:03,67.70,300,
10:06:03,67.70,200,
10:06:03,67.70,200,
10:06:03,67.71,400,
10:06:03,67.71,300,
10:06:03,67.70,400,
10:06:04,67.71,100,
10:06:04,67.71,100,
10:06:04,67.71,100,
10:06:05,67.71,200,
10:06:05,67.71,100,
10:06:06,67.71,150,
10:06:06,67.70,100,
10:06:07,67.70,200,
10:06:07,67.70,200,
10:06:07,67.70,100,
10:06:07,67.70,200,
10:06:07,67.70,100,
10:06:08,67.70,1900,
10:06:08,67.70,200,
10:06:08,67.70,1400,
10:06:08,67.70,1500,
10:06:08,67.70,200,
10:06:08,67.70,200,
10:06:08,67.70,700,
10:06:10,67.71,700,
10:06:10,67.71,200,
10:06:10,67.71,195,
10:06:10,67.71,495,
10:06:10,67.71,100,
10:06:10,67.71,100,
10:06:10,67.71,595,
10:06:10,67.71,200,
10:06:10,67.71,205,
10:06:10,67.71,100,
10:06:10,67.71,100,
10:06:10,67.71,200,
10:06:10,67.71,200,
10:06:11,67.71,200,
10:06:11,67.7113,500,
10:06:11,67.71,200,
10:06:11,67.71,100,
10:06:11,67.71,200,
10:06:11,67.71,100,
10:06:11,67.71,100,
10:06:12,67.7099,1000,
10:06:12,67.71,600,
10:06:13,67.69,100,
10:06:13,67.6999,500,
10:06:16,67.68,700,
10:06:16,67.68,128,
10:06:16,67.68,200,
10:06:16,67.68,128,
10:06:17,67.68,200,
10:06:17,67.68,100,
10:06:17,67.68,100,
10:06:17,67.68,100,
10:06:17,67.68,100,
10:06:17,67.68,100,
10:06:17,67.69,300,
10:06:17,67.69,300,
10:06:17,67.69,300,
10:06:18,67.69,100,
10:06:18,67.69,128,
10:06:18,67.69,100,
10:06:18,67.67,100,
10:06:18,67.67,150,
10:06:18,67.67,450,
10:06:18,67.67,200,
10:06:18,67.67,700,
10:06:18,67.67,100,
10:06:18,67.67,1000,
10:06:18,67.66,1000,
10:06:18,67.67,200,
10:06:18,67.67,100,
10:06:18,67.67,800,
10:06:18,67.67,400,
10:06:18,67.67,200,
10:06:18,67.67,225,
10:06:18,67.67,100,
10:06:18,67.66,350,
10:06:18,67.66,716,
10:06:19,67.66,100,
10:06:19,67.66,100,
10:06:19,67.67,500,
10:06:19,67.67,300,
10:06:19,67.67,200,
10:06:19,67.67,800,
10:06:19,67.66,100,
10:06:19,67.67,100,
10:06:19,67.67,200,
10:06:19,67.67,100,
10:06:19,67.67,100,
10:06:19,67.66,100,
10:06:19,67.67,500,
10:06:19,67.67,200,
10:06:19,67.68,100,
10:06:20,67.66,100,
10:06:20,67.66,350,
10:06:20,67.66,100,
10:06:21,67.66,200,
10:06:21,67.66,300,
10:06:21,67.66,400,
10:06:21,67.66,1600,
10:06:21,67.66,200,
10:06:21,67.66,600,
10:06:21,67.66,1400,
10:06:21,67.66,200,
10:06:21,67.66,400,
10:06:21,67.65,100,
10:06:22,67.66,800,
10:06:22,67.66,200,
10:06:22,67.66,200,
10:06:22,67.66,200,
10:06:22,67.66,400,
10:06:22,67.66,600,
10:06:25,67.66,100,
10:06:26,67.66,140,
10:06:26,67.66,700,
10:06:26,67.66,200,
10:06:26,67.66,700,
10:06:26,67.66,625,
10:06:26,67.66,200,
10:06:26,67.66,600,
10:06:26,67.66,200,
10:06:26,67.66,400,
10:06:26,67.66,900,
10:06:26,67.66,600,
10:06:26,67.66,200,
10:06:26,67.66,600,
10:06:26,67.66,600,
10:06:28,67.66,100,
10:06:29,67.66,100,
10:06:29,67.66,100,
10:06:29,67.66,900,
10:06:29,67.66,100,
10:06:29,67.66,200,
10:06:29,67.66,200,
10:06:30,67.65,200,
10:06:30,67.65,300,
10:06:30,67.65,100,
10:06:30,67.65,100,
10:06:31,67.65,780,
10:06:31,67.65,100,
10:06:31,67.65,200,
10:06:31,67.65,100,
10:06:31,67.65,100,
10:06:32,67.6513,100,
10:06:34,67.66,200,
10:06:37,67.67,800,
10:06:37,67.67,100,
10:06:38,67.678,700,
10:06:39,67.67,200,
10:06:39,67.66,100,
10:06:41,67.67,100,
10:06:41,67.67,300,
10:06:41,67.67,100,
10:06:42,67.68,100,
10:06:42,67.67,100,
10:06:43,67.68,100,
10:06:43,67.68,100,
10:06:44,67.69,200,
10:06:44,67.69,700,
10:06:45,67.69,200,
10:06:45,67.69,100,
10:06:46,67.68,100,
10:06:46,67.6801,100,
10:06:48,67.68,100,
10:06:48,67.675,100,
10:06:50,67.69,200,
10:06:50,67.69,200,
10:06:50,67.69,200,
10:06:51,67.69,200,
10:06:51,67.68,200,
10:06:51,67.68,200,
10:06:51,67.68,200,
10:06:51,67.68,1000,
10:06:51,67.68,300,
10:06:51,67.67,100,
10:06:51,67.67,100,
10:06:51,67.67,800,
10:06:51,67.67,200,
10:06:51,67.67,500,
10:06:51,67.67,200,
10:06:52,67.67,1000,
10:06:52,67.67,200,
10:06:52,67.66,200,
10:06:52,67.66,115,
10:06:52,67.66,400,
10:06:52,67.68,100,
10:06:52,67.66,13300,
10:06:52,67.66,100,
10:06:53,67.66,944,
10:06:53,67.66,400,
10:06:53,67.65,200,
10:06:53,67.65,200,
10:06:53,67.66,100,
10:06:53,67.66,100,
10:06:53,67.66,600,
10:06:53,67.66,100,
10:06:53,67.66,200,
10:06:53,67.66,150,
10:06:53,67.66,800,
10:06:53,67.66,200,
10:06:53,67.67,400,
10:06:53,67.67,100,
10:06:55,67.65,100,
10:06:55,67.65,600,
10:06:55,67.64,200,
10:06:55,67.64,200,
10:06:55,67.64,400,
10:06:55,67.64,100,
10:06:55,67.64,400,
10:06:56,67.63,300,
10:06:56,67.63,135,
10:06:56,67.63,600,
10:06:56,67.63,241,
10:06:56,67.63,200,
10:06:56,67.63,700,
10:06:56,67.63,259,
10:06:56,67.63,200,
10:06:56,67.63,100,
10:06:56,67.63,600,
10:06:56,67.63,200,
10:06:56,67.64,600,
10:06:56,67.62,500,
10:06:56,67.62,484,
10:06:56,67.62,500,
10:06:56,67.62,500,
10:06:56,67.62,200,
10:06:57,67.62,1100,
10:06:57,67.62,586,
10:06:57,67.62,200,
10:06:57,67.62,100,
10:06:57,67.62,586,
10:06:57,67.62,286,
10:06:57,67.62,1500,
10:06:58,67.62,100,
10:06:58,67.62,150,
10:06:58,67.62,200,
10:06:58,67.63,100,
10:07:00,67.62,100,
10:07:00,67.62,150,
10:07:00,67.629,400,
10:07:00,67.62,800,
10:07:00,67.62,500,
10:07:01,67.62,222,
10:07:01,67.62,200,
10:07:01,67.62,122,
10:07:02,67.61,100,
10:07:02,67.62,100,
10:07:02,67.61,100,
10:07:02,67.61,1000,
10:07:02,67.61,100,
10:07:03,67.60,100,
10:07:03,67.62,100,
10:07:04,67.62,1100,
10:07:04,67.62,400,
10:07:04,67.62,500,
10:07:04,67.62,400,
10:07:04,67.63,300,
10:07:04,67.63,700,
10:07:04,67.63,300,
10:07:04,67.63,100,
10:07:04,67.63,200,
10:07:04,67.63,200,
10:07:04,67.63,200,
10:07:04,67.64,100,
10:07:04,67.64,600,
10:07:05,67.64,100,
10:07:06,67.64,200,
10:07:06,67.64,800,
10:07:06,67.64,400,
10:07:06,67.64,800,
10:07:06,67.64,150,
10:07:06,67.64,200,
10:07:06,67.64,100,
10:07:06,67.64,800,
10:07:06,67.64,200,
10:07:06,67.64,800,
10:07:06,67.64,200,
10:07:06,67.64,200,
10:07:06,67.64,200,
10:07:06,67.64,400,
10:07:06,67.64,200,
10:07:06,67.64,210,
10:07:06,67.64,200,
10:07:06,67.64,1000,
10:07:06,67.64,400,
10:07:06,67.64,800,
10:07:06,67.64,1060,
10:07:06,67.64,800,
10:07:06,67.64,200,
10:07:06,67.64,1566,
10:07:06,67.64,700,
10:07:06,67.64,800,
10:07:06,67.64,150,
10:07:06,67.64,100,
10:07:06,67.64,600,
10:07:06,67.64,516,
10:07:06,67.65,1200,
10:07:06,67.64,1200,
10:07:06,67.64,100,
10:07:06,67.64,1316,
10:07:06,67.64,516,
10:07:06,67.64,800,
10:07:06,67.64,300,
10:07:06,67.64,284,
10:07:06,67.65,700,
10:07:06,67.65,200,
10:07:06,67.65,800,
10:07:06,67.65,800,
10:07:06,67.65,400,
10:07:06,67.65,1000,
10:07:06,67.65,700,
10:07:06,67.65,3200,
10:07:06,67.64,200,
10:07:06,67.64,100,
10:07:06,67.64,100,
10:07:06,67.65,1200,
10:07:06,67.65,100,
10:07:06,67.65,100,
10:07:06,67.65,700,
10:07:06,67.65,100,
10:07:07,67.66,200,
10:07:07,67.66,200,
10:07:08,67.66,300,
10:07:08,67.66,100,
10:07:08,67.66,900,
10:07:08,67.66,538,
10:07:08,67.66,600,
10:07:08,67.66,262,
10:07:08,67.66,700,
10:07:08,67.66,150,
10:07:08,67.66,800,
10:07:08,67.66,700,
10:07:08,67.66,700,
10:07:08,67.66,700,
10:07:08,67.66,900,
10:07:08,67.66,400,
10:07:08,67.65,400,
10:07:08,67.65,1000,
10:07:08,67.65,300,
10:07:08,67.65,600,
10:07:08,67.65,200,
10:07:08,67.65,200,
10:07:08,67.65,1200,
10:07:08,67.65,200,
10:07:08,67.65,100,
10:07:08,67.65,200,
10:07:08,67.65,400,
10:07:08,67.66,100,
10:07:08,67.66,200,
10:07:08,67.66,500,
10:07:08,67.655,100,
10:07:08,67.66,200,
10:07:08,67.66,800,
10:07:08,67.66,200,
10:07:08,67.66,200,
10:07:08,67.66,1000,
10:07:08,67.66,800,
10:07:08,67.66,100,
10:07:08,67.65,2100,
10:07:08,67.66,200,
10:07:08,67.66,848,
10:07:08,67.66,100,
10:07:09,67.66,200,
10:07:09,67.66,200,
10:07:09,67.66,200,
10:07:11,67.65,322,
10:07:11,67.65,722,
10:07:11,67.65,100,
10:07:12,67.64,100,
10:07:14,67.64,200,
10:07:14,67.64,100,
10:07:14,67.64,600,
10:07:19,67.63,100,
10:07:19,67.63,1600,
10:07:19,67.62,100,
10:07:19,67.63,600,
10:07:19,67.63,200,
10:07:19,67.63,376,
10:07:19,67.63,200,
10:07:19,67.63,200,
10:07:19,67.63,500,
10:07:19,67.63,3772,
10:07:19,67.63,1397,
10:07:19,67.63,3717,
10:07:19,67.63,100,
10:07:20,67.62,300,
10:07:21,67.62,200,
10:07:22,67.62,100,
10:07:22,67.62,1400,
10:07:22,67.62,1400,
10:07:23,67.63,100,
10:07:23,67.63,100,
10:07:23,67.63,700,
10:07:23,67.63,500,
10:07:23,67.64,200,
10:07:23,67.64,683,
10:07:24,67.64,200,
10:07:24,67.63,100,
10:07:24,67.6301,1300,
10:07:25,67.64,2100,
10:07:25,67.64,200,
10:07:25,67.63,100,
10:07:26,67.62,500,
10:07:26,67.62,200,
10:07:26,67.61,315,
10:07:26,67.62,100,
10:07:26,67.62,200,
10:07:26,67.62,100,
10:07:26,67.62,200,
10:07:26,67.62,1100,
10:07:26,67.62,200,
10:07:26,67.62,200,
10:07:26,67.62,200,
10:07:26,67.62,100,
10:07:26,67.62,200,
10:07:28,67.63,100,
10:07:29,67.63,100,
10:07:29,67.63,110,
10:07:29,67.63,372,
10:07:29,67.63,200,
10:07:29,67.62,100,
10:07:29,67.62,500,
10:07:29,67.6201,1000,
10:07:29,67.62,301,
10:07:29,67.62,184,
10:07:29,67.62,399,
10:07:29,67.62,100,
10:07:29,67.62,200,
10:07:29,67.62,300,
10:07:29,67.63,100,
10:07:29,67.62,400,
10:07:29,67.63,789,
10:07:29,67.63,407,
10:07:29,67.62,100,
10:07:29,67.62,700,
10:07:29,67.63,200,
10:07:29,67.63,200,
10:07:29,67.62,216,
10:07:29,67.62,600,
10:07:29,67.62,800,
10:07:29,67.62,700,
10:07:29,67.62,400,
10:07:29,67.62,100,
10:07:29,67.62,200,
10:07:29,67.62,2100,
10:07:29,67.62,500,
10:07:29,67.62,800,
10:07:29,67.63,338,
10:07:29,67.63,200,
10:07:29,67.62,396,
10:07:29,67.62,800,
10:07:29,67.62,100,
10:07:29,67.62,700,
10:07:29,67.62,100,
10:07:29,67.62,150,
10:07:29,67.62,200,
10:07:29,67.62,200,
10:07:29,67.62,100,
10:07:29,67.62,200,
10:07:29,67.63,400,
10:07:29,67.63,200,
10:07:31,67.62,200,
10:07:31,67.62,200,
10:07:31,67.62,200,
10:07:31,67.62,400,
10:07:32,67.62,100,
10:07:32,67.62,200,
10:07:32,67.62,300,
10:07:33,67.63,100,
10:07:34,67.63,200,
10:07:37,67.62,100,
10:07:37,67.62,200,
10:07:38,67.61,100,
10:07:38,67.60,613,
10:07:38,67.60,100,
10:07:38,67.60,100,
10:07:38,67.60,100,
10:07:39,67.60,102,
10:07:39,67.60,1183,
10:07:39,67.60,365,
10:07:39,67.611,400,
10:07:39,67.619,1000,
10:07:39,67.60,300,
10:07:39,67.59,1700,
10:07:39,67.58,600,
10:07:39,67.58,3700,
10:07:39,67.58,1000,
10:07:39,67.60,100,
10:07:39,67.58,1800,
10:07:39,67.58,700,
10:07:39,67.60,300,
10:07:39,67.60,100,
10:07:39,67.60,500,
10:07:39,67.58,584,
10:07:39,67.59,100,
10:07:40,67.58,100,
10:07:40,67.57,400,
10:07:40,67.57,800,
10:07:40,67.57,100,
10:07:40,67.5701,100,
10:07:40,67.5601,600,
10:07:40,67.56,500,
10:07:40,67.56,400,
10:07:40,67.5601,400,
10:07:40,67.5601,200,
10:07:40,67.55,380,
10:07:40,67.55,651,
10:07:40,67.55,1000,
10:07:40,67.55,1629,
10:07:40,67.55,500,
10:07:40,67.55,700,
10:07:40,67.55,100,
10:07:40,67.55,1500,
10:07:40,67.55,700,
10:07:40,67.55,1400,
10:07:40,67.55,200,
10:07:40,67.55,400,
10:07:40,67.55,370,
10:07:40,67.55,584,
10:07:40,67.55,200,
10:07:40,67.55,330,
10:07:40,67.55,100,
10:07:40,67.55,200,
10:07:40,67.55,200,
10:07:40,67.54,316,
10:07:40,67.54,100,
10:07:40,67.54,787,
10:07:40,67.54,158,
10:07:41,67.5401,300,
10:07:41,67.5413,130,
10:07:41,67.53,100,
10:07:41,67.53,984,
10:07:41,67.53,326,
10:07:41,67.53,1000,
10:07:41,67.53,1522,
10:07:41,67.53,200,
10:07:41,67.53,100,
10:07:41,67.53,100,
10:07:41,67.52,1600,
10:07:41,67.52,600,
10:07:41,67.52,100,
10:07:41,67.52,200,
10:07:41,67.52,700,
10:07:41,67.51,500,
10:07:41,67.51,116,
10:07:41,67.52,200,
10:07:42,67.52,100,
10:07:42,67.52,100,
10:07:42,67.52,600,
10:07:42,67.515,100,
10:07:42,67.52,100,
10:07:42,67.52,300,
10:07:42,67.52,1400,
10:07:42,67.52,800,
10:07:42,67.52,1000,
10:07:42,67.52,100,
10:07:42,67.51,600,
10:07:42,67.51,600,
10:07:42,67.58,350,
10:07:42,67.58,600,
10:07:42,67.58,100,
10:07:42,67.50,100,
10:07:42,67.50,900,
10:07:42,67.50,100,
10:07:42,67.50,200,
10:07:42,67.50,4500,
10:07:42,67.50,370,
10:07:42,67.5001,100,
10:07:42,67.50,700,
10:07:42,67.50,700,
10:07:42,67.50,5000,
10:07:42,67.50,4699,
10:07:42,67.50,115,
10:07:42,67.51,500,
10:07:42,67.51,300,
10:07:42,67.51,400,
10:07:42,67.51,100,
10:07:42,67.51,200,
10:07:42,67.51,100,
10:07:42,67.50,1100,
10:07:42,67.50,300,
10:07:42,67.50,100,
10:07:42,67.50,600,
10:07:42,67.50,100,
10:07:42,67.50,100,
10:07:42,67.50,100,
10:07:42,67.51,200,
10:07:42,67.51,200,
10:07:42,67.50,300,
10:07:42,67.5101,100,
10:07:42,67.5101,230,
10:07:43,67.5101,200,
10:07:43,67.53,2000,
10:07:43,67.50,100,
10:07:43,67.50,500,
10:07:43,67.52,200,
10:07:43,67.52,200,
10:07:43,67.52,200,
10:07:43,67.52,200,
10:07:43,67.52,100,
10:07:43,67.52,100,
10:07:43,67.52,100,
10:07:43,67.5201,100,
10:07:43,67.53,200,
10:07:43,67.53,373,
10:07:44,67.54,100,
10:07:44,67.54,200,
10:07:44,67.54,100,
10:07:44,67.54,600,
10:07:44,67.55,300,
10:07:45,67.50,200,
10:07:45,67.541,200,
10:07:45,67.50,705,
10:07:45,67.50,209,
10:07:45,67.50,500,
10:07:45,67.50,200,
10:07:45,67.50,296,
10:07:46,67.55,600,
10:07:46,67.55,200,
10:07:46,67.55,1200,
10:07:46,67.55,495,
10:07:46,67.55,200,
10:07:47,67.55,123,
10:07:47,67.55,490,
10:07:47,67.55,200,
10:07:48,67.55,100,
10:07:49,67.55,200,
10:07:49,67.55,200,
10:07:49,67.55,500,
10:07:49,67.55,100,
10:07:49,67.55,200,
10:07:49,67.55,600,
10:07:51,67.5499,100,
10:07:53,67.54,300,
10:07:53,67.54,500,
10:07:53,67.54,100,
10:07:53,67.54,500,
10:07:53,67.54,200,
10:07:53,67.54,200,
10:07:53,67.54,100,
10:07:53,67.54,1400,
10:07:53,67.53,100,
10:07:53,67.53,500,
10:07:53,67.53,529,
10:07:53,67.53,100,
10:07:53,67.54,300,
10:07:53,67.53,200,
10:07:53,67.53,800,
10:07:53,67.53,700,
10:07:53,67.53,200,
10:07:53,67.53,150,
10:07:53,67.53,700,
10:07:53,67.53,1000,
10:07:53,67.52,200,
10:07:53,67.53,500,
10:07:53,67.53,100,
10:07:54,67.53,216,
10:07:55,67.53,200,
10:07:55,67.54,700,
10:07:55,67.54,100,
10:07:55,67.55,400,
10:07:55,67.55,2100,
10:07:55,67.55,2600,
10:07:55,67.55,300,
10:07:55,67.55,3000,
10:07:55,67.55,500,
10:07:55,67.55,100,
10:07:55,67.55,700,
10:07:55,67.55,600,
10:07:55,67.55,200,
10:07:55,67.55,200,
10:07:55,67.55,200,
10:07:55,67.55,200,
10:07:55,67.55,800,
10:07:55,67.55,800,
10:07:55,67.55,600,
10:07:55,67.55,300,
10:07:55,67.55,200,
10:07:55,67.55,428,
10:07:55,67.55,1300,
10:07:55,67.55,164,
10:07:55,67.55,200,
10:07:55,67.55,100,
10:07:55,67.55,100,
10:07:55,67.55,700,
10:07:55,67.55,100,
10:07:55,67.55,200,
10:07:56,67.54,100,
10:07:56,67.54,200,
10:07:56,67.54,200,
10:07:56,67.54,200,
10:07:56,67.54,600,
10:07:56,67.54,1000,
10:07:56,67.54,200,
10:07:56,67.54,300,
10:07:56,67.54,100,
10:07:57,67.53,200,
10:07:57,67.53,200,
10:07:57,67.53,200,
10:08:03,67.54,500,
10:08:06,67.56,100,
10:08:07,67.55,200,
10:08:08,67.56,711,
10:08:08,67.56,400,
10:08:10,67.56,200,
10:08:10,67.57,200,
10:08:12,67.57,270,
10:08:12,67.57,200,
10:08:12,67.56,200,
10:08:12,67.56,300,
10:08:12,67.55,100,
10:08:14,67.56,200,
10:08:14,67.56,100,
10:08:14,67.56,700,
10:08:15,67.56,100,
10:08:15,67.56,100,
10:08:15,67.56,100,
10:08:15,67.56,400,
10:08:15,67.56,100,
10:08:15,67.56,100,
10:08:15,67.56,100,
10:08:15,67.56,600,
10:08:15,67.56,100,
10:08:15,67.56,100,
10:08:15,67.56,100,
10:08:15,67.56,100,
10:08:15,67.56,100,
10:08:15,67.56,100,
10:08:15,67.56,100,
10:08:15,67.56,100,
10:08:15,67.56,415,
10:08:15,67.56,600,
10:08:16,67.56,200,
10:08:16,67.56,200,
10:08:16,67.57,100,
10:08:17,67.56,900,
10:08:17,67.56,100,
10:08:17,67.56,200,
10:08:19,67.56,200,
10:08:19,67.56,800,
10:08:19,67.56,600,
10:08:19,67.56,400,
10:08:19,67.56,200,
10:08:19,67.56,200,
10:08:19,67.56,100,
10:08:19,67.56,300,
10:08:19,67.56,600,
10:08:19,67.57,100,
10:08:19,67.57,100,
10:08:19,67.57,200,
10:08:19,67.57,300,
10:08:19,67.57,400,
10:08:19,67.57,800,
10:08:19,67.57,800,
10:08:19,67.57,200,
10:08:19,67.57,200,
10:08:19,67.57,200,
10:08:19,67.57,100,
10:08:19,67.57,2400,
10:08:19,67.57,400,
10:08:19,67.57,700,
10:08:19,67.57,500,
10:08:19,67.57,200,
10:08:19,67.57,1000,
10:08:19,67.56,200,
10:08:19,67.57,100,
10:08:21,67.56,500,
10:08:21,67.56,100,
10:08:21,67.55,100,
10:08:21,67.55,100,
10:08:21,67.55,300,
10:08:21,67.55,200,
10:08:21,67.55,1000,
10:08:21,67.56,100,
10:08:22,67.55,200,
10:08:22,67.55,125,
10:08:22,67.55,200,
10:08:22,67.55,200,
10:08:22,67.55,200,
10:08:22,67.56,200,
10:08:23,67.5501,400,
10:08:23,67.5501,300,
10:08:25,67.56,300,
10:08:26,67.57,500,
10:08:26,67.56,100,
10:08:26,67.57,500,
10:08:27,67.561,100,
10:08:27,67.561,200,
10:08:27,67.56,200,
10:08:28,67.56,100,
10:08:29,67.56,4000,
10:08:29,67.56,4000,
10:08:29,67.56,9085,
10:08:29,67.56,2700,
10:08:29,67.56,3300,
10:08:29,67.56,2100,
10:08:29,67.56,100,
10:08:29,67.56,800,
10:08:29,67.56,200,
10:08:29,67.56,500,
10:08:29,67.55,100,
10:08:29,67.55,1700,
10:08:29,67.55,200,
10:08:29,67.55,200,
10:08:30,67.54,100,
10:08:30,67.54,1600,
10:08:30,67.54,800,
10:08:30,67.54,1000,
10:08:30,67.54,200,
10:08:30,67.54,700,
10:08:30,67.54,100,
10:08:30,67.54,914,
10:08:30,67.54,4486,
10:08:30,67.52,694,
10:08:31,67.53,500,
10:08:33,67.53,200,
10:08:33,67.53,200,
10:08:34,67.53,169,
10:08:34,67.53,200,
10:08:35,67.53,280,
10:08:35,67.53,200,
10:08:35,67.53,200,
10:08:38,67.5299,200,
10:08:39,67.5199,3500,
10:08:39,67.52,200,
10:08:40,67.53,200,
10:08:40,67.54,200,
10:08:41,67.55,100,
10:08:42,67.55,100,
10:08:42,67.55,100,
10:08:42,67.55,100,
10:08:42,67.55,200,
10:08:42,67.55,400,
10:08:42,67.55,100,
10:08:42,67.55,600,
10:08:44,67.5487,400,
10:08:47,67.54,200,
10:08:48,67.54,100,
10:08:48,67.5301,1000,
10:08:48,67.53,100,
10:08:48,67.55,500,
10:08:52,67.54,200,
10:08:53,67.53,200,
10:08:53,67.53,200,
10:08:53,67.53,100,
10:08:55,67.53,100,
10:08:56,67.5399,100,
10:08:58,67.53,100,
10:09:00,67.53,100,
10:09:01,67.5201,400,
10:09:01,67.5387,777,
10:09:03,67.53,100,
10:09:05,67.54,100,
10:09:05,67.54,200,
10:09:05,67.54,800,
10:09:05,67.54,200,
10:09:05,67.54,800,
10:09:05,67.54,8500,
10:09:05,67.54,300,
10:09:05,67.54,100,
10:09:06,67.54,300,
10:09:07,67.55,200,
10:09:07,67.55,500,
10:09:07,67.55,200,
10:09:07,67.55,100,
10:09:08,67.55,200,
10:09:08,67.54,100,
10:09:08,67.53,800,
10:09:09,67.54,2000,
10:09:09,67.54,200,
10:09:10,67.54,2400,
10:09:10,67.54,656,
10:09:10,67.54,500,
10:09:10,67.53,100,
10:09:11,67.53,100,
10:09:11,67.53,1000,
10:09:12,67.53,100,
10:09:12,67.53,100,
10:09:14,67.54,12000,
10:09:15,67.55,300,
10:09:15,67.54,200,
10:09:16,67.54,100,
10:09:20,67.53,100,
10:09:20,67.53,100,
10:09:20,67.53,200,
10:09:20,67.53,200,
10:09:20,67.53,170,
10:09:20,67.53,400,
10:09:20,67.53,100,
10:09:20,67.52,200,
10:09:20,67.52,200,
10:09:21,67.51,700,
10:09:23,67.52,100,
10:09:23,67.52,300,
10:09:23,67.52,500,
10:09:23,67.52,200,
10:09:23,67.52,200,
10:09:23,67.52,200,
10:09:24,67.51,100,
10:09:24,67.51,700,
10:09:24,67.51,200,
10:09:24,67.51,333,
10:09:25,67.51,200,
10:09:25,67.51,200,
10:09:27,67.52,100,
10:09:27,67.53,700,
10:09:27,67.53,400,
10:09:27,67.53,100,
10:09:27,67.54,800,
10:09:27,67.54,400,
10:09:28,67.54,200,
10:09:28,67.53,100,
10:09:29,67.53,200,
10:09:30,67.53,150,
10:09:31,67.55,600,
10:09:31,67.55,200,
10:09:31,67.55,200,
10:09:31,67.55,200,
10:09:31,67.55,100,
10:09:32,67.54,100,
10:09:33,67.5401,4300,
10:09:33,67.54,100,
10:09:34,67.53,100,
10:09:34,67.53,3200,
10:09:34,67.53,200,
10:09:34,67.53,200,
10:09:34,67.53,100,
10:09:34,67.53,400,
10:09:34,67.52,300,
10:09:34,67.52,200,
10:09:34,67.52,500,
10:09:34,67.52,2600,
10:09:34,67.52,700,
10:09:34,67.52,600,
10:09:34,67.52,800,
10:09:34,67.52,1200,
10:09:34,67.52,400,
10:09:34,67.52,200,
10:09:34,67.52,200,
10:09:34,67.52,600,
10:09:34,67.53,100,
10:09:34,67.52,200,
10:09:34,67.5101,4600,
10:09:34,67.51,800,
10:09:34,67.51,414,
10:09:34,67.54,100,
10:09:34,67.51,980,
10:09:34,67.51,200,
10:09:36,67.52,800,
10:09:37,67.52,100,
10:09:37,67.52,700,
10:09:37,67.52,100,
10:09:37,67.52,100,
10:09:37,67.52,300,
10:09:37,67.52,200,
10:09:37,67.52,100,
10:09:37,67.52,200,
10:09:37,67.52,600,
10:09:37,67.52,600,
10:09:37,67.52,700,
10:09:37,67.52,100,
10:09:37,67.52,500,
10:09:37,67.52,200,
10:09:37,67.52,500,
10:09:38,67.52,150,
10:09:39,67.51,100,
10:09:40,67.51,200,
10:09:43,67.50,200,
10:09:43,67.50,100,
10:09:43,67.50,500,
10:09:43,67.50,400,
10:09:43,67.50,700,
10:09:43,67.50,100,
10:09:44,67.50,100,
10:09:44,67.50,200,
10:09:45,67.51,200,
10:09:45,67.51,200,
10:09:45,67.51,200,
10:09:45,67.51,100,
10:09:45,67.51,200,
10:09:45,67.51,400,
10:09:47,67.51,1000,
10:09:47,67.51,100,
10:09:48,67.51,200,
10:09:48,67.51,500,
10:09:48,67.51,500,
10:09:48,67.51,700,
10:09:48,67.51,100,
10:09:48,67.51,200,
10:09:48,67.51,200,
10:09:50,67.51,200,
10:09:54,67.52,200,
10:09:54,67.53,100,
10:09:57,67.52,200,
10:09:57,67.521,600,
10:09:58,67.51,100,
10:09:59,67.51,100,
10:09:59,67.51,300,
10:09:59,67.51,300,
10:09:59,67.51,100,
10:10:00,67.5146,100,
10:10:00,67.51,100,
10:10:01,67.51,200,
10:10:02,67.50,470,
10:10:02,67.50,500,
10:10:02,67.50,120,
10:10:02,67.4917,160,
10:10:02,67.4917,1506,
10:10:02,67.49,200,
10:10:02,67.49,136,
10:10:02,67.49,100,
10:10:03,67.4913,200,
10:10:06,67.491,200,
10:10:06,67.49,200,
10:10:06,67.49,400,
10:10:06,67.48,442,
10:10:06,67.491,400,
10:10:08,67.48,100,
10:10:08,67.48,200,
10:10:09,67.48,200,
10:10:09,67.48,300,
10:10:09,67.48,100,
10:10:09,67.48,100,
10:10:09,67.48,100,
10:10:09,67.48,100,
10:10:09,67.485,100,
10:10:10,67.49,100,
10:10:11,67.50,100,
10:10:11,67.50,300,
10:10:11,67.50,400,
10:10:13,67.50,100,
10:10:15,67.50,400,
10:10:15,67.50,2100,
10:10:15,67.50,300,
10:10:16,67.5099,800,
10:10:16,67.50,1000,
10:10:16,67.50,400,
10:10:17,67.50,600,
10:10:17,67.50,800,
10:10:17,67.50,200,
10:10:20,67.50,100,
10:10:20,67.50,100,
10:10:21,67.5001,400,
10:10:22,67.51,100,
10:10:22,67.51,100,
10:10:22,67.52,100,
10:10:22,67.52,700,
10:10:22,67.52,500,
10:10:22,67.52,400,
10:10:22,67.52,100,
10:10:22,67.52,300,
10:10:22,67.515,100,
10:10:22,67.52,200,
10:10:23,67.525,100,
10:10:23,67.53,1600,
10:10:23,67.53,700,
10:10:24,67.53,100,
10:10:24,67.53,100,
10:10:24,67.54,400,
10:10:24,67.54,100,
10:10:24,67.54,300,
10:10:24,67.53,200,
10:10:24,67.53,400,
10:10:25,67.535,100,
10:10:25,67.535,100,
10:10:26,67.53,100,
10:10:26,67.53,100,
10:10:26,67.53,200,
10:10:26,67.53,100,
10:10:26,67.53,600,
10:10:27,67.535,200,
10:10:27,67.539,4000,
10:10:28,67.5299,1400,
10:10:29,67.53,200,
10:10:29,67.54,148,
10:10:29,67.545,100,
10:10:31,67.55,1300,
10:10:31,67.55,215,
10:10:31,67.55,900,
10:10:31,67.55,100,
10:10:31,67.55,100,
10:10:33,67.56,100,
10:10:34,67.55,100,
10:10:34,67.55,300,
10:10:34,67.55,500,
10:10:34,67.55,100,
10:10:34,67.55,300,
10:10:34,67.55,200,
10:10:34,67.545,100,
10:10:34,67.55,400,
10:10:36,67.54,100,
10:10:36,67.545,300,
10:10:36,67.53,1200,
10:10:39,67.54,125,
10:10:41,67.55,300,
10:10:41,67.55,200,
10:10:42,67.55,100,
10:10:42,67.5501,500,
10:10:42,67.55,100,
10:10:42,67.55,400,
10:10:45,67.55,600,
10:10:45,67.55,200,
10:10:45,67.55,200,
10:10:45,67.555,100,
10:10:45,67.56,300,
10:10:45,67.56,100,
10:10:45,67.56,600,
10:10:45,67.56,200,
10:10:45,67.56,200,
10:10:45,67.56,150,
10:10:45,67.56,1000,
10:10:45,67.56,700,
10:10:45,67.56,1000,
10:10:46,67.565,100,
10:10:46,67.56,250,
10:10:46,67.56,300,
10:10:46,67.56,300,
10:10:46,67.56,100,
10:10:48,67.56,1100,
10:10:49,67.56,100,
10:10:49,67.56,100,
10:10:49,67.56,200,
10:10:49,67.56,200,
10:10:49,67.56,200,
10:10:49,67.56,700,
10:10:51,67.56,200,
10:10:51,67.56,200,
10:10:52,67.561,100,
10:10:52,67.57,700,
10:10:52,67.57,100,
10:10:52,67.57,900,
10:10:52,67.57,900,
10:10:54,67.58,100,
10:10:54,67.58,800,
10:10:54,67.58,1400,
10:10:54,67.58,1600,
10:10:54,67.58,100,
10:10:55,67.58,110,
10:10:56,67.5799,500,
10:10:57,67.57,100,
10:10:57,67.57,100,
10:10:59,67.58,200,
10:11:00,67.58,1500,
10:11:00,67.60,300,
10:11:01,67.60,200,
10:11:01,67.60,100,
10:11:03,67.59,100,
10:11:06,67.5875,500,
10:11:07,67.59,200,
10:11:08,67.60,100,
10:11:08,67.60,100,
10:11:08,67.60,200,
10:11:08,67.60,200,
10:11:08,67.60,200,
10:11:08,67.60,300,
10:11:10,67.59,100,
10:11:14,67.59,100,
10:11:14,67.60,400,
10:11:14,67.595,100,
10:11:17,67.59,100,
10:11:17,67.60,200,
