09:30:00,68.145,145,
09:30:00,68.15,400,
09:30:00,68.16,500,
09:30:00,68.16,500,
09:30:00,68.16,100,
09:30:00,68.16,100,
09:30:00,68.16,100,
09:30:00,68.16,500,
09:30:00,68.16,1500,
09:30:00,68.16,500,
09:30:00,68.16,100,
09:30:00,68.16,100,
09:30:00,68.16,100,
09:30:00,68.16,100,
09:30:00,68.16,100,
09:30:00,68.16,1500,
09:30:00,68.16,1000,
09:30:00,68.16,500,
09:30:00,68.16,485210,
09:30:00,68.16,1000,
09:30:00,68.16,4000,
09:30:00,68.16,1600,
09:30:00,68.16,2000,
09:30:00,68.16,7000,
09:30:00,68.16,100,
09:30:00,68.16,100,
09:30:00,68.16,1685,
09:30:00,68.16,500,
09:30:00,68.16,500,
09:30:00,68.16,500,
09:30:00,68.16,100,
09:30:00,68.16,100,
09:30:00,68.15,695,
09:30:00,68.15,100,
09:30:00,68.16,600,
09:30:00,68.15,100,
09:30:01,68.16,100,
09:30:01,68.16,500,
09:30:01,68.16,128,
09:30:01,68.16,100,
09:30:01,68.16,150,
09:30:01,68.16,100,
09:30:01,68.16,225,
09:30:01,68.16,1388,
09:30:01,68.16,100,
09:30:01,68.16,100,
09:30:01,68.16,734,
09:30:01,68.16,2589,
09:30:01,68.16,29300,
09:30:01,68.16,700,
09:30:01,68.16,100,
09:30:01,68.16,200,
09:30:01,68.16,116,
09:30:01,68.16,1900,
09:30:01,68.16,783,
09:30:01,68.16,9201,
09:30:01,68.16,3500,
09:30:01,68.16,7656,
09:30:01,68.16,462,
09:30:01,68.16,1237,
09:30:01,68.16,2000,
09:30:01,68.16,100,
09:30:01,68.16,175,
09:30:01,68.16,100,
09:30:01,68.16,150,
09:30:01,68.16,167,
09:30:01,68.16,800,
09:30:01,68.16,225,
09:30:01,68.16,406,
09:30:01,68.16,811,
09:30:01,68.16,894,
09:30:01,68.16,933,
09:30:01,68.16,778,
09:30:01,68.16,366,
09:30:01,68.16,1835,
09:30:01,68.16,1748,
09:30:01,68.16,1982,
09:30:01,68.16,12045,
09:30:01,68.16,716,
09:30:01,68.16,1547,
09:30:01,68.16,368,
09:30:01,68.16,5637,
09:30:01,68.16,6237,
09:30:01,68.16,2821,
09:30:01,68.16,737,
09:30:01,68.16,582,
09:30:01,68.16,9748,
09:30:01,68.16,866,
09:30:01,68.16,1024,
09:30:01,68.16,727,
09:30:01,68.16,1152,
09:30:01,68.16,329,
09:30:01,68.16,274,
09:30:01,68.16,931,
09:30:01,68.16,822,
09:30:01,68.16,1783,
09:30:01,68.16,1478,
09:30:01,68.16,110,
09:30:01,68.16,126,
09:30:01,68.16,176,
09:30:01,68.16,3285,
09:30:01,68.16,2491,
09:30:01,68.16,182,
09:30:01,68.16,1153,
09:30:01,68.16,626,
09:30:01,68.16,2024,
09:30:01,68.16,226,
09:30:01,68.16,608,
09:30:01,68.16,246,
09:30:01,68.16,374,
09:30:01,68.16,825,
09:30:01,68.16,115,
09:30:01,68.16,1082,
09:30:01,68.16,113,
09:30:01,68.16,415,
09:30:01,68.16,1200,
09:30:01,68.16,1215,
09:30:01,68.16,434,
09:30:01,68.16,2395,
09:30:01,68.16,243,
09:30:01,68.16,229,
09:30:01,68.16,1525,
09:30:01,68.16,120,
09:30:01,68.16,152,
09:30:01,68.16,532,
09:30:01,68.16,1818,
09:30:01,68.16,2077,
09:30:01,68.16,938,
09:30:01,68.16,498,
09:30:01,68.16,119,
09:30:01,68.16,1593,
09:30:01,68.16,6383,
09:30:01,68.16,138,
09:30:01,68.16,725,
09:30:01,68.16,169,
09:30:01,68.16,305,
09:30:01,68.16,671,
09:30:01,68.16,302,
09:30:01,68.16,2015,
09:30:01,68.16,424,
09:30:01,68.16,294,
09:30:01,68.16,326,
09:30:01,68.16,364,
09:30:01,68.16,1101,
09:30:01,68.16,2812,
09:30:01,68.16,783,
09:30:01,68.16,1914,
09:30:01,68.16,2328,
09:30:01,68.16,2443,
09:30:01,68.16,977,
09:30:01,68.16,317,
09:30:01,68.16,240,
09:30:01,68.16,487,
09:30:01,68.16,1109,
09:30:01,68.16,6894,
09:30:01,68.16,303,
09:30:01,68.16,1072,
09:30:01,68.16,372,
09:30:01,68.16,477,
09:30:01,68.16,584,
09:30:01,68.16,7420,
09:30:01,68.16,275,
09:30:01,68.16,3315,
09:30:01,68.16,163,
09:30:01,68.16,550,
09:30:01,68.16,136,
09:30:01,68.16,3480,
09:30:01,68.16,252,
09:30:01,68.16,126,
09:30:01,68.16,10164,
09:30:01,68.16,1437,
09:30:01,68.16,160,
09:30:01,68.16,500,
09:30:01,68.16,222,
09:30:01,68.16,3909,
09:30:01,68.16,5873,
09:30:01,68.16,2534,
09:30:01,68.16,1492,
09:30:01,68.16,106,
09:30:01,68.16,235,
09:30:01,68.16,176,
09:30:01,68.16,871,
09:30:01,68.16,726,
09:30:01,68.16,3000,
09:30:01,68.16,400,
09:30:01,68.16,700,
09:30:01,68.16,100,
09:30:01,68.16,150,
09:30:01,68.16,8407,
09:30:01,68.16,100,
09:30:01,68.16,200,
09:30:01,68.16,890,
09:30:01,68.16,132,
09:30:01,68.16,300,
09:30:01,68.16,500,
09:30:01,68.16,177,
09:30:01,68.16,250,
09:30:01,68.16,150,
09:30:01,68.16,218,
09:30:01,68.16,100,
09:30:01,68.16,300,
09:30:01,68.16,500,
09:30:01,68.16,140,
09:30:01,68.16,150,
09:30:01,68.16,141,
09:30:01,68.16,300,
09:30:01,68.16,192,
09:30:01,68.16,1000,
09:30:01,68.16,300,
09:30:01,68.16,150,
09:30:01,68.16,800,
09:30:01,68.16,158,
09:30:01,68.16,200,
09:30:01,68.16,100,
09:30:01,68.16,375,
09:30:01,68.16,316,
09:30:01,68.16,790,
09:30:01,68.16,700,
09:30:01,68.16,200,
09:30:01,68.16,150,
09:30:01,68.16,100,
09:30:01,68.16,180,
09:30:01,68.16,173,
09:30:01,68.16,181,
09:30:01,68.16,125,
09:30:01,68.16,1000,
09:30:01,68.16,1000,
09:30:01,68.16,1000,
09:30:01,68.16,50000,
09:30:01,68.16,2000,
09:30:01,68.16,100,
09:30:01,68.16,1000,
09:30:01,68.16,200,
09:30:01,68.16,100,
09:30:01,68.16,100,
09:30:01,68.16,13000,
09:30:01,68.16,2000,
09:30:01,68.16,11900,
09:30:01,68.16,500,
09:30:01,68.16,100,
09:30:01,68.16,2200,
09:30:01,68.16,900,
09:30:01,68.16,66100,
09:30:01,68.16,10000,
09:30:01,68.16,10000,
09:30:01,68.16,2000,
09:30:01,68.16,2000,
09:30:01,68.16,40000,
09:30:01,68.16,6000,
09:30:01,68.16,50000,
09:30:01,68.16,123,
09:30:01,68.16,110,
09:30:01,68.16,170,
09:30:01,68.16,100,
09:30:01,68.16,500,
09:30:01,68.16,100,
09:30:01,68.16,150,
09:30:01,68.16,500,
09:30:01,68.16,500,
09:30:01,68.16,1000,
09:30:01,68.16,500,
09:30:01,68.16,500,
09:30:01,68.16,5000,
09:30:01,68.16,250,
09:30:01,68.16,285,
09:30:01,68.16,400,
09:30:01,68.16,200,
09:30:01,68.16,114,
09:30:01,68.16,19600,
09:30:01,68.16,608,
09:30:01,68.16,485,
09:30:01,68.16,7000,
09:30:01,68.16,120,
09:30:01,68.16,250,
09:30:01,68.16,500,
09:30:01,68.16,800,
09:30:01,68.16,500,
09:30:01,68.16,150,
09:30:01,68.16,3500,
09:30:01,68.16,335,
09:30:01,68.16,150,
09:30:01,68.16,1300,
09:30:01,68.16,140,
09:30:01,68.16,2260,
09:30:01,68.16,500,
09:30:01,68.16,500,
09:30:01,68.16,100,
09:30:01,68.16,600,
09:30:01,68.15,100,
09:30:01,68.15,500,
09:30:01,68.15,200,
09:30:02,68.15,100,
09:30:02,68.15,500,
09:30:02,68.15,1000,
09:30:02,68.15,100,
09:30:02,68.15,100,
09:30:02,68.15,100,
09:30:02,68.15,200,
09:30:02,68.15,700,
09:30:02,68.15,3800,
09:30:02,68.15,1000,
09:30:02,68.15,500,
09:30:02,68.15,1000,
09:30:02,68.15,1000,
09:30:03,68.15,100,
09:30:04,68.15,1400,
09:30:04,68.15,100,
09:30:04,68.15,1200,
09:30:04,68.15,100,
09:30:06,68.15,100,
09:30:06,68.15,100,
09:30:09,68.1462,1000,
09:30:10,68.14,400,
09:30:12,68.14,700,
09:30:12,68.14,100,
09:30:12,68.14,500,
09:30:13,68.14,200,
09:30:13,68.14,100,
09:30:13,68.14,1900,
09:30:13,68.14,100,
09:30:13,68.14,100,
09:30:14,68.14,100,
09:30:14,68.14,200,
09:30:15,68.14,1000,
09:30:15,68.14,2081,
09:30:15,68.14,100,
09:30:15,68.14,300,
09:30:15,68.14,2300,
09:30:19,68.14,3300,
09:30:19,68.14,100,
09:30:19,68.14,1600,
09:30:20,68.15,1300,
09:30:20,68.15,450,
09:30:20,68.15,121,
09:30:20,68.15,170,
09:30:25,68.15,800,
09:30:26,68.15,100,
09:30:26,68.15,1000,
09:30:26,68.15,100,
09:30:26,68.15,100,
09:30:26,68.15,419,
09:30:26,68.15,900,
09:30:26,68.15,100,
09:30:27,68.1499,5000,
09:30:29,68.15,100,
09:30:29,68.15,100,
09:30:29,68.15,200,
09:30:29,68.15,200,
09:30:29,68.15,400,
09:30:29,68.1521,300,
09:30:35,68.15,100,
09:30:35,68.15,1000,
09:30:36,68.15,300,
09:30:39,68.15,200,
09:30:44,68.16,800,
09:30:44,68.16,200,
09:30:44,68.16,815,
09:30:45,68.16,100,
09:30:50,68.16,300,
09:30:50,68.16,100,
09:30:51,68.16,1000,
09:30:51,68.17,100,
09:30:52,68.1654,300,
09:30:53,68.17,5000,
09:30:53,68.16,110,
09:30:57,68.16,400,
09:30:57,68.16,100,
09:30:57,68.16,400,
09:30:58,68.16,100,
09:30:59,68.16,100,
09:31:00,68.1679,100,
09:31:02,68.16,472,
09:31:02,68.16,100,
09:31:02,68.16,100,
09:31:02,68.15,200,
09:31:02,68.15,100,
09:31:02,68.15,100,
09:31:02,68.15,100,
09:31:02,68.15,100,
09:31:04,68.16,815,
09:31:05,68.15,105,
09:31:09,68.16,200,
09:31:09,68.16,200,
09:31:13,68.1512,133,
09:31:22,68.16,800,
09:31:30,68.1779,500,
09:31:33,68.18,16000,
09:31:33,68.17,368,
09:31:33,68.17,100,
09:31:33,68.17,1968,
09:31:33,68.17,100,
09:31:33,68.17,300,
09:31:33,68.17,100,
09:31:39,68.16,200,
09:31:45,68.15,400,
09:31:45,68.15,400,
09:31:45,68.15,300,
09:31:47,68.14,100,
09:31:48,68.14,100,
09:31:54,68.17,367,
09:31:54,68.17,300,
09:31:54,68.17,200,
09:31:54,68.17,100,
09:31:54,68.17,200,
09:31:54,68.17,1000,
09:31:54,68.17,800,
09:31:54,68.17,1000,
09:31:54,68.17,1221,
09:31:54,68.17,1700,
09:31:54,68.17,404,
09:31:54,68.17,404,
09:31:54,68.17,496,
09:31:54,68.17,200,
09:31:54,68.17,800,
09:31:54,68.18,200,
09:31:54,68.18,500,
09:31:54,68.18,400,
09:31:55,68.17,495,
09:31:55,68.17,305,
09:31:55,68.17,500,
09:31:55,68.17,100,
09:31:55,68.17,300,
09:31:55,68.17,700,
09:31:55,68.17,300,
09:31:55,68.16,2000,
09:31:55,68.16,100,
09:31:55,68.16,1000,
09:31:55,68.16,400,
09:31:56,68.17,864,
09:31:56,68.17,595,
09:31:56,68.17,1356,
09:31:56,68.17,263,
09:31:56,68.17,804,
09:31:56,68.17,1000,
09:31:56,68.17,200,
09:31:56,68.18,100,
09:31:56,68.18,500,
09:31:57,68.17,100,
09:31:59,68.17,100,
09:31:59,68.16,700,
09:32:00,68.17,100,
09:32:00,68.17,1000,
09:32:00,68.17,2000,
09:32:00,68.17,400,
09:32:00,68.17,2000,
09:32:00,68.17,815,
09:32:00,68.17,100,
09:32:00,68.17,200,
09:32:00,68.17,100,
09:32:00,68.17,100,
09:32:00,68.17,1000,
09:32:00,68.17,1000,
09:32:00,68.17,400,
09:32:00,68.17,1500,
09:32:00,68.17,100,
09:32:00,68.17,1200,
09:32:00,68.17,2000,
09:32:00,68.17,2400,
09:32:00,68.17,1000,
09:32:00,68.16,200,
09:32:01,68.16,300,
09:32:01,68.16,100,
09:32:01,68.16,2400,
09:32:01,68.16,100,
09:32:06,68.16,815,
09:32:07,68.15,900,
09:32:07,68.15,499,
09:32:08,68.15,700,
09:32:08,68.15,140,
09:32:08,68.15,815,
09:32:09,68.15,300,
09:32:10,68.1498,800,
09:32:12,68.15,400,
09:32:12,68.15,100,
09:32:13,68.15,100,
09:32:14,68.15,100,
09:32:16,68.15,100,
09:32:16,68.15,800,
09:32:16,68.15,500,
09:32:17,68.15,100,
09:32:17,68.15,100,
09:32:17,68.15,100,
09:32:17,68.15,100,
09:32:20,68.1579,2000,
09:32:21,68.1588,1000,
09:32:22,68.16,500,
09:32:23,68.16,200,
09:32:23,68.16,500,
09:32:23,68.16,100,
09:32:23,68.17,133,
09:32:23,68.1699,3000,
09:32:25,68.17,500,
09:32:25,68.16,100,
09:32:25,68.15,100,
09:32:25,68.15,400,
09:32:25,68.15,300,
09:32:25,68.15,100,
09:32:25,68.15,100,
09:32:25,68.15,100,
09:32:25,68.15,100,
09:32:25,68.15,100,
09:32:31,68.14,400,
09:32:31,68.14,100,
09:32:31,68.14,300,
09:32:31,68.14,1200,
09:32:31,68.14,500,
09:32:31,68.14,400,
09:32:31,68.14,100,
09:32:31,68.14,500,
09:32:32,68.14,700,
09:32:34,68.14,200,
09:32:34,68.14,100,
09:32:39,68.148,150,
09:32:42,68.13,424,
09:32:43,68.14,100,
09:32:43,68.14,300,
09:32:44,68.15,100,
09:32:44,68.15,200,
09:32:44,68.15,400,
09:32:44,68.15,100,
09:32:44,68.15,300,
09:32:44,68.15,800,
09:32:44,68.15,100,
09:32:44,68.15,1200,
09:32:44,68.15,100,
09:32:44,68.15,300,
09:32:44,68.15,800,
09:32:44,68.15,100,
09:32:44,68.15,200,
09:32:44,68.16,100,
09:32:44,68.145,100,
09:32:44,68.15,1000,
09:32:44,68.15,897,
09:32:44,68.15,400,
09:32:44,68.15,800,
09:32:44,68.15,100,
09:32:44,68.15,100,
09:32:44,68.15,400,
09:32:44,68.15,100,
09:32:44,68.15,100,
09:32:46,68.16,1700,
09:32:46,68.16,1000,
09:32:46,68.16,100,
09:32:46,68.16,2100,
09:32:46,68.16,600,
09:32:46,68.17,740,
09:32:49,68.16,2400,
09:32:49,68.16,500,
09:32:49,68.16,300,
09:32:49,68.16,1000,
09:32:49,68.16,200,
09:32:49,68.16,100,
09:32:49,68.16,400,
09:32:49,68.16,1400,
09:32:49,68.16,3700,
09:32:49,68.16,2400,
09:32:49,68.16,100,
09:32:49,68.16,6500,
09:32:49,68.16,1000,
09:32:49,68.16,2000,
09:32:49,68.16,800,
09:32:49,68.16,500,
09:32:49,68.16,2500,
09:32:49,68.16,100,
09:32:49,68.16,1700,
09:32:49,68.16,100,
09:32:50,68.1557,200,
09:32:50,68.16,100,
09:32:50,68.16,100,
09:32:56,68.16,700,
09:33:05,68.17,380,
09:33:06,68.15,200,
09:33:08,68.15,100,
09:33:08,68.15,100,
09:33:11,68.16,400,
09:33:11,68.16,1000,
09:33:11,68.16,400,
09:33:11,68.16,2400,
09:33:11,68.16,100,
09:33:11,68.1557,100,
09:33:13,68.155,150,
09:33:14,68.15,100,
09:33:15,68.16,100,
09:33:16,68.16,800,
09:33:18,68.15,400,
09:33:18,68.15,300,
09:33:18,68.15,100,
09:33:18,68.15,100,
09:33:18,68.15,100,
09:33:18,68.15,100,
09:33:18,68.15,100,
09:33:18,68.15,100,
09:33:18,68.15,200,
09:33:18,68.15,400,
09:33:18,68.15,100,
09:33:18,68.15,100,
09:33:20,68.15,100,
09:33:20,68.15,100,
09:33:23,68.16,175,
09:33:23,68.155,100,
09:33:25,68.17,100,
09:33:25,68.17,1000,
09:33:25,68.17,800,
09:33:25,68.17,500,
09:33:25,68.17,700,
09:33:30,68.17,100,
09:33:33,68.17,100,
09:33:35,68.18,200,
09:33:36,68.178,100,
09:33:37,68.17,100,
09:33:41,68.17,900,
09:33:41,68.17,1400,
09:33:41,68.17,100,
09:33:41,68.165,100,
09:33:41,68.17,200,
09:33:47,68.16,100,
09:33:52,68.16,100,
09:33:53,68.16,1000,
09:33:54,68.16,100,
09:33:54,68.16,300,
09:33:55,68.15,300,
09:33:55,68.16,100,
09:34:05,68.16,100,
09:34:05,68.16,500,
09:34:05,68.16,950,
09:34:06,68.17,400,
09:34:07,68.16,600,
09:34:07,68.16,100,
09:34:07,68.16,400,
09:34:07,68.16,1500,
09:34:07,68.16,815,
09:34:12,68.168,500,
09:34:19,68.1693,100,
09:34:19,68.17,100,
09:34:19,68.17,400,
09:34:19,68.17,200,
09:34:19,68.17,248,
09:34:19,68.17,200,
09:34:20,68.1684,3000,
09:34:20,68.18,1000,
09:34:22,68.17,200,
09:34:22,68.17,1000,
09:34:22,68.17,100,
09:34:25,68.16,900,
09:34:25,68.16,100,
09:34:28,68.17,100,
09:34:31,68.17,200,
09:34:31,68.17,278,
09:34:31,68.17,100,
09:34:31,68.17,100,
09:34:32,68.1771,100,
09:34:34,68.17,100,
09:34:34,68.17,100,
09:34:37,68.17,100,
09:34:37,68.17,155,
09:34:37,68.17,355,
09:34:41,68.18,200,
09:34:41,68.18,100,
09:34:42,68.18,300,
09:34:42,68.18,2200,
09:34:42,68.18,1000,
09:34:45,68.18,300,
09:34:47,68.185,200,
09:34:48,68.18,900,
09:34:48,68.18,700,
09:34:54,68.188,200,
09:34:56,68.19,1000,
09:34:56,68.19,800,
09:35:00,68.18,100,
09:35:00,68.18,300,
09:35:00,68.18,300,
09:35:00,68.18,100,
09:35:01,68.1857,118,
09:35:01,68.1879,178,
09:35:01,68.1879,328,
09:35:02,68.1879,142,
09:35:02,68.1879,258,
09:35:02,68.1879,195,
09:35:02,68.18,530,
09:35:02,68.18,100,
09:35:02,68.18,100,
09:35:02,68.18,100,
09:35:02,68.18,200,
09:35:02,68.18,100,
09:35:02,68.18,200,
09:35:03,68.1757,142,
09:35:03,68.1779,116,
09:35:03,68.175,305,
09:35:03,68.1779,227,
09:35:05,68.17,225,
09:35:05,68.1779,111,
09:35:05,68.1779,143,
09:35:06,68.179,100,
09:35:10,68.17,200,
09:35:10,68.17,200,
09:35:10,68.17,232,
09:35:10,68.17,400,
09:35:10,68.17,100,
09:35:10,68.17,100,
09:35:10,68.17,100,
09:35:11,68.16,800,
09:35:11,68.16,1000,
09:35:12,68.16,1000,
09:35:12,68.16,100,
09:35:12,68.16,100,
09:35:13,68.16,500,
09:35:14,68.155,200,
09:35:14,68.16,600,
09:35:14,68.15,300,
09:35:16,68.16,100,
09:35:16,68.1586,100,
09:35:17,68.16,600,
09:35:17,68.16,100,
09:35:17,68.16,400,
09:35:17,68.16,100,
09:35:17,68.16,260,
09:35:26,68.16,200,
09:35:28,68.16,100,
09:35:30,68.16,400,
09:35:30,68.16,100,
09:35:30,68.16,400,
09:35:30,68.16,200,
09:35:31,68.17,100,
09:35:31,68.17,700,
09:35:35,68.16,2100,
09:35:35,68.16,800,
09:35:35,68.16,600,
09:35:35,68.16,2000,
09:35:35,68.16,500,
09:35:35,68.16,800,
09:35:35,68.16,500,
09:35:35,68.16,400,
09:35:35,68.16,200,
09:35:35,68.16,200,
09:35:35,68.16,800,
09:35:35,68.16,600,
09:35:35,68.16,2900,
09:35:35,68.16,100,
09:35:36,68.17,100,
09:35:36,68.17,100,
09:35:37,68.16,100,
09:35:38,68.15,113,
09:35:38,68.16,100,
09:35:38,68.16,600,
09:35:38,68.16,1800,
09:35:38,68.16,100,
09:35:38,68.16,100,
09:35:38,68.16,400,
09:35:39,68.16,667,
09:35:39,68.16,400,
09:35:39,68.16,433,
09:35:39,68.16,1000,
09:35:40,68.15,500,
09:35:44,68.1599,1500,
09:35:47,68.15,600,
09:35:47,68.15,200,
09:35:47,68.1501,100,
09:35:47,68.1501,100,
09:35:47,68.15,229,
09:35:47,68.15,629,
09:35:47,68.15,771,
09:35:47,68.15,100,
09:35:47,68.15,100,
09:35:47,68.15,100,
09:35:47,68.15,400,
09:35:47,68.15,1000,
09:35:47,68.15,1400,
09:35:47,68.15,100,
09:35:47,68.15,400,
09:35:48,68.15,100,
09:35:52,68.15,100,
09:35:54,68.158,100,
09:35:54,68.15,100,
09:35:54,68.15,400,
09:35:54,68.15,100,
09:35:54,68.15,325,
09:35:54,68.1414,100,
09:35:54,68.15,200,
09:35:57,68.15,800,
09:35:59,68.15,100,
09:35:59,68.15,400,
09:36:01,68.14,500,
09:36:01,68.14,100,
09:36:06,68.14,100,
09:36:07,68.14,200,
09:36:07,68.14,500,
09:36:09,68.14,100,
09:36:09,68.14,200,
09:36:15,68.14,800,
09:36:18,68.1415,400,
09:36:18,68.14,100,
09:36:18,68.14,200,
09:36:18,68.14,100,
09:36:18,68.14,100,
09:36:18,68.14,500,
09:36:18,68.14,600,
09:36:18,68.13,991,
09:36:18,68.13,1000,
09:36:18,68.13,491,
09:36:18,68.13,1009,
09:36:18,68.13,2460,
09:36:18,68.13,1000,
09:36:18,68.13,312,
09:36:18,68.13,100,
09:36:18,68.13,100,
09:36:18,68.13,200,
09:36:18,68.13,100,
09:36:21,68.132,500,
09:36:22,68.13,200,
09:36:22,68.13,100,
09:36:23,68.13,100,
09:36:23,68.13,100,
09:36:23,68.13,400,
09:36:23,68.13,1985,
09:36:23,68.13,693,
09:36:29,68.13,100,
09:36:30,68.14,100,
09:36:30,68.14,700,
09:36:30,68.14,400,
09:36:30,68.14,400,
09:36:30,68.14,100,
09:36:30,68.14,100,
09:36:30,68.14,100,
09:36:30,68.14,300,
09:36:30,68.14,400,
09:36:30,68.14,100,
09:36:30,68.14,200,
09:36:30,68.14,100,
09:36:30,68.13,100,
09:36:32,68.14,100,
09:36:32,68.14,800,
09:36:32,68.14,400,
09:36:32,68.14,600,
09:36:32,68.14,100,
09:36:32,68.14,100,
09:36:33,68.14,800,
09:36:36,68.149,700,
09:36:37,68.15,100,
09:36:37,68.15,300,
09:36:37,68.15,400,
09:36:37,68.15,100,
09:36:38,68.15,600,
09:36:38,68.15,100,
09:36:38,68.15,100,
09:36:38,68.15,100,
09:36:38,68.15,500,
09:36:38,68.15,100,
09:36:39,68.16,200,
09:36:41,68.155,500,
09:36:41,68.16,800,
09:36:41,68.16,200,
09:36:41,68.16,400,
09:36:41,68.16,100,
09:36:41,68.16,100,
09:36:41,68.16,1100,
09:36:41,68.16,400,
09:36:41,68.16,100,
09:36:41,68.16,3700,
09:36:41,68.16,900,
09:36:41,68.16,1600,
09:36:42,68.17,400,
09:36:43,68.17,100,
09:36:45,68.165,100,
09:36:45,68.16,400,
09:36:45,68.165,600,
09:36:45,68.165,100,
09:36:45,68.16,500,
09:36:45,68.16,100,
09:36:45,68.16,260,
09:36:45,68.16,200,
09:36:45,68.16,100,
09:36:45,68.16,303,
09:36:45,68.16,100,
09:36:45,68.15,100,
09:36:45,68.16,100,
09:36:45,68.16,200,
09:36:45,68.16,7900,
09:36:45,68.16,400,
09:36:46,68.16,200,
09:36:48,68.16,100,
09:36:48,68.16,100,
09:36:48,68.165,200,
09:36:48,68.16,600,
09:36:48,68.165,500,
09:36:49,68.16,100,
09:36:49,68.16,300,
09:36:49,68.16,1000,
09:36:49,68.165,100,
09:36:50,68.16,100,
09:36:50,68.16,100,
09:36:50,68.16,100,
09:36:50,68.165,100,
09:36:54,68.1529,300,
09:37:01,68.16,600,
09:37:06,68.159,2000,
09:37:07,68.15,200,
09:37:07,68.15,100,
09:37:07,68.15,800,
09:37:07,68.15,400,
09:37:07,68.15,1000,
09:37:07,68.15,1000,
09:37:07,68.155,100,
09:37:07,68.15,100,
09:37:07,68.15,700,
09:37:07,68.15,100,
09:37:07,68.15,100,
09:37:09,68.15,2190,
09:37:10,68.15,200,
09:37:11,68.15,100,
09:37:11,68.15,12510,
09:37:15,68.15,300,
09:37:15,68.15,100,
09:37:15,68.15,100,
09:37:17,68.15,100,
09:37:18,68.16,230,
09:37:18,68.158,150,
09:37:19,68.15,1000,
09:37:20,68.15,100,
09:37:20,68.15,100,
09:37:20,68.15,400,
09:37:20,68.15,100,
09:37:23,68.14,400,
09:37:23,68.14,400,
09:37:25,68.14,100,
09:37:25,68.14,600,
09:37:25,68.13,200,
09:37:27,68.14,400,
09:37:27,68.14,400,
09:37:27,68.14,100,
09:37:27,68.14,700,
09:37:27,68.14,500,
09:37:28,68.14,200,
09:37:32,68.14,600,
09:37:32,68.14,300,
09:37:32,68.14,100,
09:37:32,68.14,600,
09:37:34,68.14,100,
09:37:34,68.14,600,
09:37:34,68.14,200,
09:37:34,68.14,500,
09:37:35,68.14,300,
09:37:35,68.1414,100,
09:37:35,68.1415,100,
09:37:39,68.148,690,
09:37:40,68.14,400,
09:37:40,68.14,100,
09:37:43,68.15,300,
09:37:46,68.145,700,
09:37:47,68.14,500,
09:37:47,68.14,300,
09:37:47,68.145,200,
09:37:49,68.15,400,
09:37:49,68.15,100,
09:37:56,68.15,200,
09:37:56,68.15,100,
09:37:56,68.15,1000,
09:37:56,68.15,700,
09:37:56,68.15,100,
09:37:56,68.15,1000,
09:38:00,68.15,400,
09:38:00,68.15,100,
09:38:04,68.1475,100,
09:38:06,68.15,400,
09:38:06,68.15,2000,
09:38:06,68.15,500,
09:38:06,68.15,200,
09:38:10,68.1587,500,
09:38:17,68.1579,1000,
09:38:20,68.155,200,
09:38:20,68.15,100,
09:38:20,68.15,100,
09:38:20,68.15,100,
09:38:20,68.15,100,
09:38:20,68.15,100,
09:38:20,68.15,100,
09:38:20,68.155,200,
09:38:20,68.15,100,
09:38:24,68.15,100,
09:38:24,68.144,2470,
09:38:26,68.14,215,
09:38:26,68.14,275,
09:38:26,68.14,260,
09:38:26,68.14,100,
09:38:26,68.14,100,
09:38:26,68.14,600,
09:38:26,68.14,400,
09:38:26,68.14,415,
09:38:26,68.14,100,
09:38:28,68.135,200,
09:38:28,68.135,100,
09:38:29,68.135,290,
09:38:30,68.1321,500,
09:38:37,68.13,215,
09:38:39,68.14,100,
09:38:42,68.139,200,
09:38:43,68.139,100,
09:38:43,68.139,300,
09:38:43,68.14,300,
09:38:43,68.14,100,
09:38:44,68.14,100,
09:38:44,68.14,100,
09:38:45,68.1487,1000,
09:38:48,68.15,100,
09:38:48,68.15,100,
09:38:48,68.15,390,
09:38:48,68.15,100,
09:38:48,68.15,375,
09:38:48,68.15,1000,
09:38:48,68.15,1000,
09:38:48,68.15,1400,
09:38:48,68.15,400,
09:38:48,68.15,500,
09:38:48,68.15,700,
09:38:48,68.15,700,
09:38:49,68.15,200,
09:38:49,68.15,100,
09:38:49,68.15,100,
09:38:50,68.155,600,
09:38:53,68.14,700,
09:38:53,68.14,500,
09:38:53,68.15,100,
09:38:54,68.14,300,
09:38:54,68.14,600,
09:38:54,68.14,400,
09:38:54,68.15,100,
09:38:59,68.14,100,
09:38:59,68.14,600,
09:38:59,68.14,100,
09:38:59,68.14,1000,
09:38:59,68.14,800,
09:38:59,68.15,300,
09:38:59,68.15,100,
09:38:59,68.15,100,
09:39:01,68.14,200,
09:39:01,68.14,340,
09:39:01,68.14,100,
09:39:01,68.145,100,
09:39:03,68.14,100,
09:39:03,68.145,100,
09:39:03,68.14,500,
09:39:03,68.14,200,
09:39:03,68.14,300,
09:39:04,68.1379,200,
09:39:04,68.1379,300,
09:39:04,68.14,200,
09:39:05,68.14,100,
09:39:07,68.13,185,
09:39:09,68.13,815,
09:39:11,68.14,800,
09:39:11,68.14,100,
09:39:11,68.14,1000,
09:39:11,68.14,400,
09:39:11,68.14,100,
09:39:13,68.13,1600,
09:39:13,68.13,800,
09:39:13,68.13,675,
09:39:14,68.14,100,
09:39:15,68.14,100,
09:39:15,68.14,1000,
09:39:17,68.1404,300,
09:39:17,68.15,200,
09:39:17,68.15,100,
09:39:17,68.15,700,
09:39:17,68.15,100,
09:39:17,68.15,100,
09:39:19,68.15,1500,
09:39:19,68.155,100,
09:39:20,68.15,100,
09:39:20,68.15,215,
09:39:20,68.155,100,
09:39:20,68.15,600,
09:39:20,68.15,400,
09:39:20,68.15,100,
09:39:20,68.15,100,
09:39:25,68.14,900,
09:39:25,68.145,100,
09:39:28,68.14,100,
09:39:28,68.14,100,
09:39:30,68.13,100,
09:39:32,68.14,100,
09:39:35,68.14,100,
09:39:35,68.14,1000,
09:39:35,68.14,100,
09:39:35,68.14,100,
09:39:35,68.14,400,
09:39:35,68.14,1000,
09:39:35,68.14,100,
09:39:35,68.14,800,
09:39:42,68.15,100,
09:39:42,68.15,100,
09:39:45,68.148,200,
09:39:47,68.15,100,
09:39:50,68.15,200,
09:39:53,68.14,100,
09:39:53,68.145,100,
09:39:54,68.15,100,
09:39:54,68.15,100,
09:39:54,68.15,100,
09:39:58,68.152,315,
09:39:59,68.16,200,
09:40:00,68.15,158,
09:40:00,68.1588,500,
09:40:01,68.16,100,
09:40:03,68.16,200,
09:40:03,68.16,600,
09:40:03,68.16,500,
09:40:03,68.16,100,
09:40:03,68.16,1000,
09:40:03,68.16,800,
09:40:03,68.16,800,
09:40:03,68.16,100,
09:40:03,68.16,815,
09:40:03,68.16,800,
09:40:03,68.16,600,
09:40:03,68.16,485,
09:40:03,68.16,800,
09:40:03,68.16,700,
09:40:03,68.16,1400,
09:40:03,68.16,700,
09:40:04,68.165,200,
09:40:04,68.16,100,
09:40:04,68.16,600,
09:40:04,68.16,100,
09:40:04,68.16,400,
09:40:04,68.165,200,
09:40:05,68.16,400,
09:40:05,68.16,200,
09:40:05,68.16,400,
09:40:05,68.16,100,
09:40:05,68.165,100,
09:40:05,68.16,200,
09:40:05,68.16,100,
09:40:05,68.16,259,
09:40:05,68.16,400,
09:40:16,68.16,100,
09:40:20,68.1579,500,
09:40:34,68.16,590,
09:40:35,68.16,100,
09:40:38,68.165,300,
09:40:38,68.1625,100,
09:40:44,68.16,400,
09:40:44,68.16,100,
09:40:44,68.16,100,
09:40:44,68.16,200,
09:40:45,68.16,200,
09:40:46,68.16,25500,
09:40:47,68.16,300,
09:40:49,68.16,100,
09:40:49,68.16,100,
09:40:49,68.16,100,
09:40:49,68.16,200,
09:40:50,68.16,100,
09:40:50,68.16,600,
09:40:50,68.16,400,
09:40:56,68.165,345,
09:40:58,68.17,100,
09:40:58,68.17,100,
09:40:58,68.17,100,
09:41:05,68.165,141,
09:41:08,68.17,1830,
09:41:15,68.17,100,
09:41:15,68.17,200,
09:41:15,68.17,100,
09:41:15,68.17,1400,
09:41:15,68.17,100,
09:41:17,68.18,200,
09:41:19,68.18,100,
09:41:19,68.18,800,
09:41:19,68.18,600,
09:41:19,68.18,200,
09:41:19,68.18,800,
09:41:19,68.18,800,
09:41:19,68.18,815,
09:41:19,68.18,2000,
09:41:19,68.18,400,
09:41:19,68.18,100,
09:41:19,68.18,700,
09:41:19,68.18,600,
09:41:19,68.18,100,
09:41:19,68.18,1339,
09:41:19,68.18,100,
09:41:19,68.18,1000,
09:41:20,68.18,200,
09:41:20,68.18,400,
09:41:20,68.18,800,
09:41:20,68.18,100,
09:41:20,68.18,600,
09:41:20,68.18,100,
09:41:20,68.18,800,
09:41:20,68.18,293,
09:41:20,68.18,100,
09:41:20,68.18,3000,
09:41:20,68.18,200,
09:41:21,68.18,500,
09:41:22,68.18,400,
09:41:22,68.18,100,
09:41:22,68.18,100,
09:41:23,68.18,100,
09:41:27,68.18,100,
09:41:27,68.19,200,
09:41:27,68.19,100,
09:41:27,68.19,800,
09:41:27,68.19,715,
09:41:27,68.19,130,
09:41:27,68.19,100,
09:41:27,68.19,100,
09:41:27,68.19,100,
09:41:27,68.19,456,
09:41:27,68.19,1000,
09:41:27,68.19,600,
09:41:27,68.19,100,
09:41:27,68.19,200,
09:41:27,68.19,200,
09:41:27,68.19,100,
09:41:27,68.19,2000,
09:41:27,68.19,300,
09:41:27,68.19,100,
09:41:27,68.19,250,
09:41:28,68.19,1600,
09:41:28,68.19,500,
09:41:28,68.19,200,
09:41:28,68.19,400,
09:41:28,68.19,100,
09:41:28,68.19,100,
09:41:29,68.19,100,
09:41:29,68.18,100,
09:41:29,68.20,839,
09:41:29,68.20,300,
09:41:29,68.20,1000,
09:41:29,68.20,700,
09:41:29,68.20,700,
09:41:30,68.20,600,
09:41:30,68.20,100,
09:41:31,68.20,600,
09:41:32,68.20,100,
09:41:33,68.19,1000,
09:41:34,68.20,100,
09:41:34,68.20,600,
09:41:34,68.20,996,
09:41:35,68.20,600,
09:41:37,68.198,150,
09:41:37,68.20,600,
09:41:37,68.20,400,
09:41:37,68.20,1000,
09:41:37,68.20,100,
09:41:37,68.20,400,
09:41:39,68.19,100,
09:41:39,68.19,700,
09:41:39,68.19,700,
09:41:49,68.20,100,
09:41:49,68.20,400,
09:41:49,68.20,200,
09:41:49,68.20,700,
09:41:49,68.20,100,
09:41:50,68.20,2400,
09:41:50,68.20,1000,
09:41:50,68.20,500,
09:41:50,68.20,300,
09:41:50,68.20,100,
09:41:50,68.20,500,
09:41:50,68.20,100,
09:41:50,68.20,100,
09:41:50,68.20,800,
09:41:50,68.20,500,
09:41:51,68.20,100,
09:41:51,68.20,800,
09:41:51,68.20,400,
09:41:51,68.20,500,
09:41:51,68.20,500,
09:41:51,68.20,100,
09:41:51,68.20,200,
09:41:51,68.20,300,
09:41:51,68.20,300,
09:41:51,68.20,200,
09:41:51,68.20,300,
09:41:51,68.20,200,
09:41:52,68.20,277,
09:41:52,68.20,100,
09:41:52,68.20,1683,
09:41:52,68.20,292,
09:41:54,68.2079,1500,
09:41:55,68.21,27085,
09:41:55,68.21,800,
09:41:55,68.21,800,
09:41:55,68.21,600,
09:41:55,68.21,2000,
09:41:55,68.21,815,
09:41:55,68.21,4100,
09:41:55,68.21,400,
09:41:56,68.20,600,
09:41:56,68.20,500,
09:41:56,68.20,175,
09:41:57,68.19,100,
09:41:57,68.19,400,
09:41:57,68.19,400,
09:41:57,68.19,800,
09:41:57,68.19,100,
09:42:03,68.18,400,
09:42:03,68.18,300,
09:42:03,68.18,1000,
09:42:03,68.18,600,
09:42:03,68.18,800,
09:42:03,68.18,700,
09:42:03,68.18,100,
09:42:03,68.18,100,
09:42:03,68.18,851,
09:42:03,68.18,400,
09:42:03,68.18,149,
09:42:03,68.18,400,
09:42:07,68.18,100,
09:42:07,68.18,100,
09:42:07,68.18,100,
09:42:07,68.18,400,
09:42:07,68.18,500,
09:42:07,68.19,200,
09:42:07,68.19,100,
09:42:11,68.19,100,
09:42:13,68.19,100,
09:42:13,68.19,400,
09:42:13,68.19,100,
09:42:13,68.185,400,
09:42:13,68.19,100,
09:42:16,68.19,1000,
09:42:18,68.19,200,
09:42:18,68.19,500,
09:42:18,68.19,100,
09:42:20,68.185,100,
09:42:20,68.20,600,
09:42:20,68.20,400,
09:42:20,68.20,100,
09:42:22,68.20,100,
09:42:22,68.20,400,
09:42:22,68.20,100,
09:42:22,68.20,700,
09:42:22,68.20,100,
09:42:22,68.20,600,
09:42:22,68.20,100,
09:42:28,68.19,500,
09:42:28,68.19,500,
09:42:28,68.19,2000,
09:42:28,68.19,700,
09:42:28,68.19,1000,
09:42:28,68.19,100,
09:42:32,68.20,700,
09:42:32,68.20,300,
09:42:32,68.199,100,
09:42:32,68.20,100,
09:42:32,68.20,100,
09:42:32,68.20,300,
09:42:38,68.20,100,
09:42:38,68.20,500,
09:42:38,68.20,600,
09:42:38,68.20,100,
09:42:38,68.20,100,
09:42:38,68.20,400,
09:42:38,68.20,700,
09:42:40,68.20,200,
09:42:40,68.205,300,
09:42:44,68.20,400,
09:42:44,68.20,600,
09:42:44,68.20,600,
09:42:45,68.21,130,
09:42:46,68.21,515,
09:42:46,68.21,1500,
09:42:46,68.21,800,
09:42:50,68.23,796,
09:42:50,68.228,1000,
09:42:51,68.22,100,
09:42:51,68.22,600,
09:42:51,68.22,100,
09:42:51,68.22,1400,
09:42:51,68.225,200,
09:42:51,68.22,100,
09:42:52,68.21,1000,
09:42:57,68.2121,250,
09:43:12,68.218,500,
09:43:13,68.21,400,
09:43:13,68.21,500,
09:43:19,68.21,600,
09:43:25,68.212,123,
09:43:40,68.218,367,
09:43:44,68.22,593,
09:43:44,68.22,107,
09:43:48,68.219,200,
09:43:48,68.22,100,
09:43:48,68.2186,100,
09:43:48,68.2185,100,
09:43:51,68.22,800,
09:43:53,68.21,500,
09:43:53,68.21,800,
09:43:53,68.21,200,
09:43:54,68.21,100,
09:43:54,68.21,100,
09:43:55,68.21,400,
09:43:55,68.21,500,
09:43:55,68.21,100,
09:43:55,68.21,400,
09:43:55,68.21,133,
09:43:55,68.21,200,
09:43:55,68.21,100,
09:43:55,68.21,100,
09:43:55,68.215,200,
09:43:55,68.21,200,
09:43:57,68.21,200,
09:43:57,68.21,100,
09:43:57,68.21,100,
09:43:58,68.22,125,
09:43:59,68.21,700,
09:43:59,68.21,600,
09:44:00,68.21,600,
09:44:00,68.21,200,
09:44:00,68.21,415,
09:44:00,68.21,677,
09:44:00,68.20,600,
09:44:00,68.20,500,
09:44:00,68.20,800,
09:44:00,68.20,600,
09:44:00,68.20,1500,
09:44:01,68.20,575,
09:44:01,68.20,400,
09:44:01,68.20,800,
09:44:01,68.20,600,
09:44:01,68.205,100,
09:44:01,68.19,400,
09:44:01,68.19,400,
09:44:01,68.19,100,
09:44:01,68.19,100,
09:44:01,68.19,300,
09:44:01,68.19,100,
09:44:02,68.205,200,
09:44:02,68.19,885,
09:44:02,68.19,485,
09:44:02,68.19,1385,
09:44:02,68.19,600,
09:44:02,68.19,100,
09:44:06,68.19,100,
09:44:06,68.19,200,
09:44:06,68.19,400,
09:44:06,68.19,100,
09:44:07,68.19,200,
09:44:08,68.19,100,
09:44:08,68.19,100,
09:44:08,68.19,400,
09:44:13,68.19,100,
09:44:13,68.19,100,
09:44:13,68.19,100,
09:44:13,68.19,300,
09:44:13,68.19,100,
09:44:13,68.19,100,
09:44:13,68.19,100,
09:44:13,68.19,600,
09:44:13,68.19,2000,
09:44:13,68.19,1000,
09:44:14,68.19,100,
09:44:14,68.1901,300,
09:44:14,68.19,300,
09:44:14,68.19,100,
09:44:14,68.1901,300,
09:44:14,68.1902,100,
09:44:14,68.1901,100,
09:44:14,68.19,100,
09:44:14,68.19,100,
09:44:15,68.20,600,
09:44:15,68.20,500,
09:44:15,68.20,600,
09:44:15,68.21,100,
09:44:15,68.21,100,
09:44:15,68.21,700,
09:44:15,68.21,400,
09:44:15,68.21,185,
09:44:16,68.21,315,
09:44:16,68.21,100,
09:44:16,68.21,100,
09:44:16,68.21,200,
09:44:16,68.19,100,
09:44:17,68.20,600,
09:44:17,68.20,1000,
09:44:18,68.20,400,
09:44:22,68.20,300,
09:44:22,68.20,200,
09:44:22,68.20,200,
09:44:23,68.19,100,
09:44:23,68.20,400,
09:44:23,68.20,600,
09:44:23,68.20,1000,
09:44:23,68.20,200,
09:44:23,68.21,100,
09:44:24,68.20,100,
09:44:25,68.20,100,
09:44:27,68.21,145,
09:44:27,68.21,100,
09:44:27,68.21,500,
09:44:27,68.21,100,
09:44:27,68.21,100,
09:44:28,68.21,200,
09:44:28,68.21,100,
09:44:28,68.21,100,
09:44:28,68.21,100,
09:44:28,68.21,200,
09:44:28,68.21,200,
09:44:28,68.21,100,
09:44:28,68.21,305,
09:44:28,68.21,1000,
09:44:28,68.21,585,
09:44:28,68.21,100,
09:44:28,68.21,105,
09:44:28,68.21,1000,
09:44:28,68.21,100,
09:44:28,68.21,100,
09:44:28,68.21,1184,
09:44:28,68.21,100,
09:44:28,68.21,100,
09:44:28,68.21,416,
09:44:28,68.21,400,
09:44:28,68.21,100,
09:44:28,68.21,100,
09:44:28,68.21,535,
09:44:28,68.21,100,
09:44:28,68.21,100,
09:44:28,68.20,100,
09:44:28,68.20,400,
09:44:28,68.20,400,
09:44:28,68.20,600,
09:44:28,68.20,800,
09:44:28,68.21,200,
09:44:29,68.21,100,
09:44:31,68.21,100,
09:44:31,68.21,100,
09:44:31,68.21,100,
09:44:35,68.21,447,
09:44:36,68.20,50000,
09:44:47,68.21,104,
09:44:47,68.21,106,
09:44:50,68.21,155,
09:44:58,68.21,100,
09:44:58,68.21,400,
09:44:58,68.21,241,
09:44:58,68.21,300,
09:45:02,68.21,100,
09:45:02,68.21,111,
09:45:02,68.21,589,
09:45:05,68.2179,200,
09:45:07,68.21,220,
09:45:07,68.21,300,
09:45:07,68.21,469,
09:45:07,68.21,600,
09:45:07,68.2115,2000,
09:45:08,68.21,200,
09:45:08,68.21,131,
09:45:09,68.22,1500,
09:45:09,68.22,2200,
09:45:09,68.22,800,
09:45:09,68.22,800,
09:45:09,68.22,700,
09:45:09,68.22,1285,
09:45:09,68.22,1000,
09:45:09,68.22,800,
09:45:09,68.22,800,
09:45:09,68.22,1000,
09:45:09,68.22,500,
09:45:09,68.22,1000,
09:45:09,68.22,600,
09:45:09,68.22,600,
09:45:09,68.22,1000,
09:45:09,68.22,6500,
09:45:09,68.22,500,
09:45:09,68.22,2000,
09:45:09,68.22,30000,
09:45:09,68.22,4100,
09:45:09,68.22,1000,
09:45:09,68.22,2000,
09:45:09,68.22,2400,
09:45:09,68.22,500,
09:45:09,68.22,800,
09:45:09,68.22,300,
09:45:09,68.22,100,
09:45:10,68.22,200,
09:45:10,68.22,100,
09:45:10,68.22,280,
09:45:12,68.23,300,
09:45:12,68.23,300,
09:45:15,68.24,2400,
09:45:15,68.24,300,
09:45:15,68.24,200,
09:45:23,68.2343,400,
09:45:24,68.2399,200,
09:45:25,68.24,864,
09:45:25,68.24,1000,
09:45:25,68.24,1000,
09:45:25,68.24,2000,
09:45:25,68.24,100,
09:45:25,68.24,2000,
09:45:25,68.24,1300,
09:45:25,68.24,500,
09:45:25,68.23,500,
09:45:25,68.23,600,
09:45:25,68.23,400,
09:45:25,68.23,1000,
09:45:25,68.23,100,
09:45:25,68.23,100,
09:45:25,68.23,192,
09:45:25,68.23,100,
09:45:25,68.23,700,
09:45:25,68.22,100,
09:45:25,68.22,100,
09:45:27,68.2286,400,
09:45:27,68.23,400,
09:45:29,68.23,200,
09:45:29,68.23,100,
09:45:29,68.23,400,
09:45:29,68.24,800,
09:45:32,68.24,400,
09:45:32,68.24,600,
09:45:32,68.24,100,
09:45:34,68.23,862,
09:45:37,68.24,1100,
09:45:37,68.24,400,
09:45:37,68.24,100,
09:45:37,68.24,500,
09:45:38,68.24,400,
09:45:38,68.24,500,
09:45:38,68.245,700,
09:45:39,68.24,700,
09:45:39,68.24,1495,
09:45:39,68.24,405,
09:45:40,68.25,200,
09:45:42,68.24,100,
09:45:43,68.24,100,
09:45:43,68.24,100,
09:45:43,68.24,100,
09:45:47,68.25,100,
09:45:47,68.25,200,
09:45:48,68.24,600,
09:45:48,68.24,600,
09:45:50,68.24,400,
09:45:50,68.24,1000,
09:45:50,68.24,200,
09:45:52,68.24,600,
09:45:52,68.24,400,
09:45:52,68.24,800,
09:45:52,68.24,1000,
09:45:52,68.24,600,
09:45:52,68.24,100,
09:45:52,68.24,400,
09:45:55,68.24,600,
09:45:58,68.24,200,
09:46:02,68.2399,2000,
09:46:02,68.2379,100,
09:46:06,68.24,1000,
09:46:06,68.24,100,
09:46:06,68.24,100,
09:46:06,68.24,200,
09:46:06,68.24,400,
09:46:06,68.24,700,
09:46:06,68.24,800,
09:46:10,68.2481,340,
09:46:13,68.24,600,
09:46:13,68.24,100,
09:46:13,68.24,400,
09:46:13,68.24,500,
09:46:13,68.24,100,
09:46:13,68.24,100,
09:46:13,68.24,100,
09:46:13,68.24,100,
09:46:14,68.249,500,
09:46:20,68.242,500,
09:46:24,68.2479,100,
09:46:25,68.24,100,
09:46:25,68.24,100,
09:46:25,68.24,300,
09:46:25,68.24,1000,
09:46:25,68.24,295,
09:46:25,68.24,600,
09:46:25,68.24,100,
09:46:25,68.24,100,
09:46:25,68.24,100,
09:46:32,68.25,500,
09:46:32,68.245,100,
09:46:35,68.25,200,
09:46:35,68.245,200,
09:46:35,68.25,100,
09:46:35,68.245,100,
09:46:40,68.25,121,
09:46:40,68.25,400,
09:46:40,68.25,600,
09:46:40,68.25,500,
09:46:41,68.25,1000,
09:46:41,68.259,3500,
09:46:41,68.2479,2551,
09:46:43,68.25,500,
09:46:43,68.24,600,
09:46:43,68.24,400,
09:46:46,68.25,200,
09:46:46,68.25,2000,
09:46:46,68.25,1400,
09:46:46,68.25,100,
09:46:46,68.25,500,
09:46:46,68.25,1000,
09:46:46,68.25,200,
09:46:50,68.2521,100,
09:46:51,68.26,3500,
09:46:51,68.26,400,
09:46:52,68.26,2000,
09:46:52,68.2585,1000,
09:46:52,68.26,100,
09:46:52,68.25,300,
09:46:56,68.255,117,
09:46:58,68.26,300,
09:46:58,68.26,815,
09:46:58,68.26,2685,
09:46:59,68.26,2500,
09:47:00,68.25,310,
09:47:00,68.25,515,
09:47:00,68.25,800,
09:47:00,68.25,400,
09:47:00,68.25,100,
09:47:00,68.25,500,
09:47:02,68.26,100,
09:47:05,68.259,100,
09:47:07,68.259,100,
09:47:07,68.25,100,
09:47:07,68.25,100,
09:47:07,68.25,400,
09:47:07,68.25,100,
09:47:10,68.25,100,
09:47:10,68.25,1000,
09:47:10,68.25,100,
09:47:10,68.25,800,
09:47:11,68.2581,259,
09:47:14,68.26,300,
09:47:15,68.2572,100,
09:47:17,68.259,100,
09:47:17,68.25,100,
09:47:17,68.25,715,
09:47:17,68.25,275,
09:47:17,68.25,800,
09:47:17,68.25,800,
09:47:17,68.25,800,
09:47:17,68.25,300,
09:47:17,68.25,400,
09:47:17,68.25,1000,
09:47:17,68.25,600,
09:47:17,68.25,100,
09:47:17,68.255,100,
09:47:18,68.24,394,
09:47:18,68.24,200,
09:47:18,68.24,394,
09:47:18,68.24,100,
09:47:18,68.24,200,
09:47:20,68.24,100,
09:47:21,68.24,400,
09:47:21,68.24,278,
09:47:21,68.24,100,
09:47:21,68.24,200,
09:47:21,68.24,394,
09:47:21,68.24,600,
09:47:23,68.24,500,
09:47:23,68.24,500,
09:47:23,68.24,100,
09:47:23,68.24,600,
09:47:23,68.24,280,
09:47:23,68.24,571,
09:47:23,68.24,100,
09:47:23,68.24,480,
09:47:23,68.24,100,
09:47:23,68.24,100,
09:47:23,68.24,100,
09:47:23,68.24,100,
09:47:23,68.24,800,
09:47:23,68.24,400,
09:47:25,68.24,600,
09:47:25,68.24,100,
09:47:25,68.23,1000,
09:47:25,68.23,400,
09:47:25,68.23,600,
09:47:25,68.23,1000,
09:47:25,68.23,2000,
09:47:25,68.23,800,
09:47:25,68.23,800,
09:47:25,68.23,400,
09:47:25,68.23,100,
09:47:25,68.23,800,
09:47:25,68.23,500,
09:47:25,68.23,538,
09:47:25,68.24,200,
09:47:25,68.24,400,
09:47:25,68.23,624,
09:47:25,68.23,6500,
09:47:25,68.23,500,
09:47:25,68.23,1300,
09:47:25,68.23,2000,
09:47:25,68.23,815,
09:47:25,68.23,2000,
09:47:25,68.23,100,
09:47:27,68.24,500,
09:47:27,68.24,100,
09:47:29,68.24,538,
09:47:31,68.23,400,
09:47:31,68.23,400,
09:47:31,68.23,800,
09:47:31,68.23,600,
09:47:31,68.23,600,
09:47:31,68.23,1000,
09:47:31,68.23,7000,
09:47:31,68.23,2400,
09:47:31,68.23,500,
09:47:31,68.23,2000,
09:47:31,68.23,2000,
09:47:31,68.23,815,
09:47:31,68.23,400,
09:47:31,68.23,1000,
09:47:31,68.23,400,
09:47:31,68.23,100,
09:47:31,68.23,1000,
09:47:31,68.23,800,
09:47:31,68.24,578,
09:47:31,68.24,100,
09:47:31,68.24,500,
09:47:31,68.24,100,
09:47:31,68.24,700,
09:47:33,68.23,400,
09:47:33,68.23,100,
09:47:33,68.23,1000,
09:47:33,68.23,600,
09:47:33,68.235,100,
09:47:33,68.22,100,
09:47:33,68.22,100,
09:47:33,68.22,200,
09:47:33,68.22,400,
09:47:33,68.22,400,
09:47:33,68.22,800,
09:47:33,68.22,1900,
09:47:33,68.22,100,
09:47:33,68.22,100,
09:47:33,68.22,100,
09:47:33,68.22,100,
09:47:33,68.22,400,
09:47:33,68.22,400,
09:47:33,68.22,800,
09:47:33,68.22,900,
09:47:33,68.22,2700,
09:47:35,68.22,324,
09:47:35,68.22,376,
09:47:36,68.22,400,
09:47:36,68.22,200,
09:47:36,68.22,2000,
09:47:36,68.22,800,
09:47:36,68.22,800,
09:47:36,68.22,800,
09:47:36,68.22,7000,
09:47:36,68.22,600,
09:47:36,68.22,200,
09:47:36,68.22,400,
09:47:36,68.22,100,
09:47:36,68.22,478,
09:47:36,68.22,100,
09:47:36,68.22,800,
09:47:36,68.22,300,
09:47:37,68.21,100,
09:47:37,68.21,100,
09:47:37,68.21,100,
09:47:37,68.21,700,
09:47:37,68.21,1100,
09:47:37,68.21,2400,
09:47:37,68.21,5400,
09:47:39,68.22,1000,
09:47:39,68.22,130,
09:47:39,68.22,470,
09:47:39,68.22,500,
09:47:39,68.22,670,
09:47:39,68.22,130,
09:47:39,68.22,330,
09:47:40,68.21,300,
09:47:42,68.22,100,
09:47:42,68.21,100,
09:47:42,68.21,2400,
09:47:42,68.21,100,
09:47:42,68.21,815,
09:47:42,68.21,2000,
09:47:42,68.21,2000,
09:47:42,68.21,2000,
09:47:42,68.21,1000,
09:47:42,68.21,800,
09:47:42,68.21,800,
09:47:42,68.21,474,
09:47:42,68.21,1200,
09:47:42,68.21,800,
09:47:42,68.21,400,
09:47:42,68.21,600,
09:47:42,68.21,100,
09:47:42,68.21,2000,
09:47:42,68.21,100,
09:47:42,68.21,2000,
09:47:42,68.21,100,
09:47:42,68.21,400,
09:47:42,68.21,1000,
09:47:43,68.22,600,
09:47:43,68.22,100,
09:47:43,68.22,600,
09:47:43,68.22,600,
09:47:43,68.22,400,
09:47:43,68.22,200,
09:47:43,68.22,700,
09:47:46,68.21,100,
09:47:46,68.21,100,
09:47:46,68.21,2400,
09:47:46,68.21,2000,
09:47:46,68.21,100,
09:47:46,68.21,100,
09:47:46,68.21,400,
09:47:46,68.21,400,
09:47:46,68.21,800,
09:47:46,68.21,100,
09:47:46,68.21,1000,
09:47:46,68.21,7000,
09:47:46,68.21,100,
09:47:46,68.21,800,
09:47:46,68.21,800,
09:47:46,68.21,2000,
09:47:46,68.21,1068,
09:47:46,68.21,600,
09:47:46,68.21,100,
09:47:49,68.22,600,
09:47:49,68.22,100,
09:47:49,68.21,800,
09:47:49,68.21,800,
09:47:49,68.21,7000,
09:47:49,68.21,100,
09:47:49,68.21,100,
09:47:49,68.21,2900,
09:47:49,68.21,100,
09:47:49,68.22,2400,
09:47:49,68.22,600,
09:47:49,68.21,200,
09:47:49,68.21,200,
09:47:49,68.21,100,
09:47:49,68.21,100,
09:47:50,68.22,100,
09:47:50,68.22,1000,
09:47:50,68.22,2600,
09:47:50,68.22,400,
09:47:50,68.22,200,
09:47:50,68.21,100,
09:47:50,68.21,100,
09:47:53,68.20,11100,
09:47:53,68.20,2300,
09:47:53,68.20,700,
09:47:53,68.20,1000,
09:47:53,68.20,7000,
09:47:53,68.20,2000,
09:47:53,68.20,800,
09:47:53,68.20,800,
09:47:53,68.20,100,
09:47:55,68.20,485,
09:47:56,68.21,100,
09:47:56,68.21,100,
09:47:56,68.208,100,
09:47:56,68.208,100,
09:47:57,68.20,962,
09:47:57,68.20,2015,
09:47:57,68.20,4000,
09:47:57,68.20,2000,
09:47:57,68.20,7000,
09:47:57,68.20,300,
09:47:57,68.20,1200,
09:47:57,68.20,100,
09:47:57,68.20,400,
09:47:57,68.20,400,
09:47:57,68.20,100,
09:47:57,68.20,200,
09:47:57,68.20,200,
09:47:57,68.20,100,
09:47:57,68.20,100,
09:47:57,68.20,100,
09:47:57,68.20,100,
09:47:57,68.20,100,
09:47:58,68.20,100,
09:47:58,68.20,141,
09:47:59,68.20,100,
09:48:00,68.20,100,
09:48:00,68.20,100,
09:48:00,68.20,100,
09:48:00,68.20,100,
09:48:01,68.20,800,
09:48:01,68.20,100,
09:48:01,68.20,100,
09:48:01,68.20,100,
09:48:01,68.20,400,
09:48:01,68.20,100,
09:48:01,68.20,500,
09:48:01,68.20,100,
09:48:01,68.20,1000,
09:48:01,68.20,1800,
09:48:01,68.20,200,
09:48:01,68.20,100,
09:48:01,68.20,9841,
09:48:01,68.20,900,
09:48:04,68.20,4000,
09:48:04,68.20,800,
09:48:04,68.20,400,
09:48:04,68.20,400,
09:48:04,68.20,800,
09:48:04,68.20,1000,
09:48:04,68.20,600,
09:48:04,68.205,8000,
09:48:04,68.20,600,
09:48:04,68.20,8000,
09:48:04,68.20,2400,
09:48:04,68.20,200,
09:48:04,68.20,100,
09:48:04,68.20,100,
09:48:04,68.20,100,
09:48:04,68.20,100,
09:48:05,68.202,300,
09:48:06,68.21,1950,
09:48:06,68.21,8200,
09:48:06,68.21,100,
09:48:06,68.21,100,
09:48:06,68.21,400,
09:48:06,68.21,1000,
09:48:06,68.21,100,
09:48:06,68.21,100,
09:48:06,68.21,600,
09:48:06,68.21,100,
09:48:06,68.21,200,
09:48:06,68.21,200,
09:48:06,68.21,100,
09:48:06,68.21,800,
09:48:06,68.21,100,
09:48:06,68.21,200,
09:48:06,68.2199,900,
09:48:06,68.22,2200,
09:48:07,68.20,200,
09:48:07,68.20,100,
09:48:07,68.21,100,
09:48:07,68.21,2900,
09:48:07,68.21,600,
09:48:07,68.21,729,
09:48:07,68.21,100,
09:48:07,68.21,400,
09:48:07,68.21,100,
09:48:07,68.21,1000,
09:48:07,68.20,4771,
09:48:07,68.20,600,
09:48:07,68.20,2000,
09:48:07,68.20,800,
09:48:07,68.20,2400,
09:48:07,68.20,800,
09:48:07,68.20,100,
09:48:07,68.21,1000,
09:48:07,68.20,200,
09:48:07,68.20,100,
09:48:07,68.20,200,
09:48:07,68.20,100,
09:48:08,68.209,100,
09:48:09,68.2096,100,
09:48:11,68.2094,100,
09:48:13,68.20,1378,
09:48:13,68.20,600,
09:48:14,68.21,600,
09:48:14,68.21,100,
09:48:14,68.21,1400,
09:48:14,68.21,800,
09:48:14,68.21,800,
09:48:14,68.21,400,
09:48:14,68.21,800,
09:48:14,68.21,1000,
09:48:14,68.21,719,
09:48:14,68.21,100,
09:48:14,68.21,400,
09:48:14,68.21,1281,
09:48:14,68.21,100,
09:48:14,68.21,100,
09:48:14,68.21,200,
09:48:15,68.22,500,
09:48:16,68.2192,100,
09:48:17,68.21,1900,
09:48:19,68.2183,100,
09:48:21,68.2195,300,
09:48:21,68.2187,100,
09:48:22,68.22,100,
09:48:22,68.22,100,
09:48:22,68.2193,100,
09:48:22,68.2193,300,
09:48:23,68.21,100,
09:48:23,68.2172,100,
09:48:24,68.21,100,
09:48:24,68.21,100,
09:48:24,68.21,200,
09:48:25,68.21,200,
09:48:25,68.21,2000,
09:48:25,68.21,2400,
09:48:25,68.21,400,
09:48:25,68.21,1400,
09:48:25,68.21,100,
09:48:25,68.21,100,
09:48:25,68.21,100,
09:48:25,68.21,100,
09:48:25,68.21,800,
09:48:25,68.21,800,
09:48:25,68.21,100,
09:48:25,68.21,100,
09:48:25,68.21,500,
09:48:25,68.21,100,
09:48:25,68.21,100,
09:48:25,68.21,100,
09:48:25,68.21,400,
09:48:25,68.21,100,
09:48:25,68.21,100,
09:48:25,68.21,2000,
09:48:25,68.21,7000,
09:48:25,68.21,1000,
09:48:25,68.21,500,
09:48:28,68.21,800,
09:48:28,68.21,100,
09:48:28,68.21,500,
09:48:28,68.21,500,
09:48:28,68.21,600,
09:48:28,68.21,100,
09:48:28,68.21,200,
09:48:28,68.21,100,
09:48:28,68.21,200,
09:48:28,68.21,200,
09:48:29,68.21,100,
09:48:29,68.21,100,
09:48:30,68.2176,100,
09:48:30,68.21,100,
09:48:30,68.21,100,
09:48:31,68.21,200,
09:48:31,68.21,100,
09:48:35,68.2172,100,
09:48:36,68.22,100,
09:48:36,68.22,700,
09:48:36,68.22,1100,
09:48:36,68.219,100,
09:48:37,68.22,100,
09:48:37,68.22,1100,
09:48:38,68.22,100,
09:48:38,68.22,700,
09:48:38,68.22,800,
09:48:38,68.22,400,
09:48:39,68.2187,500,
09:48:40,68.22,144,
09:48:40,68.22,2548,
09:48:40,68.23,100,
09:48:42,68.23,400,
09:48:42,68.23,300,
09:48:46,68.23,100,
09:48:55,68.23,100,
09:48:58,68.23,1000,
09:48:58,68.23,600,
09:48:58,68.23,456,
09:49:03,68.24,200,
09:49:07,68.24,200,
09:49:07,68.245,600,
09:49:07,68.24,400,
09:49:07,68.24,100,
09:49:07,68.24,100,
09:49:07,68.24,100,
09:49:07,68.24,100,
09:49:07,68.24,400,
09:49:07,68.24,100,
09:49:07,68.24,100,
09:49:08,68.248,100,
09:49:11,68.23,700,
09:49:11,68.23,100,
09:49:13,68.2371,146,
09:49:16,68.24,300,
09:49:16,68.24,1400,
09:49:16,68.24,600,
09:49:16,68.24,100,
09:49:16,68.24,100,
09:49:16,68.24,400,
09:49:16,68.24,1000,
09:49:16,68.24,200,
09:49:16,68.24,400,
09:49:20,68.235,100,
09:49:23,68.239,200,
09:49:25,68.24,600,
09:49:25,68.24,1000,
09:49:25,68.24,200,
09:49:28,68.24,200,
09:49:28,68.24,900,
09:49:28,68.24,100,
09:49:28,68.24,100,
09:49:28,68.24,100,
09:49:28,68.24,400,
09:49:28,68.24,100,
09:49:30,68.235,100,
09:49:37,68.23,1000,
09:49:46,68.24,500,
09:49:48,68.23,100,
09:49:48,68.23,400,
09:49:48,68.23,100,
09:49:48,68.23,100,
09:49:48,68.23,479,
09:49:48,68.23,100,
09:49:48,68.23,200,
09:49:48,68.23,221,
09:49:48,68.23,500,
09:49:49,68.235,700,
09:49:49,68.22,100,
09:49:49,68.22,100,
09:49:49,68.22,100,
09:49:53,68.23,200,
09:49:59,68.23,300,
09:49:59,68.23,100,
09:49:59,68.24,375,
09:50:01,68.24,500,
09:50:01,68.24,800,
09:50:01,68.24,500,
09:50:01,68.24,300,
09:50:01,68.24,400,
09:50:01,68.24,700,
09:50:01,68.24,1000,
09:50:05,68.23,510,
09:50:05,68.23,100,
09:50:05,68.23,4210,
09:50:05,68.23,100,
09:50:07,68.2284,250,
09:50:11,68.23,500,
09:50:11,68.23,600,
09:50:11,68.23,1000,
09:50:14,68.24,100,
09:50:20,68.24,200,
09:50:22,68.24,100,
09:50:22,68.24,100,
09:50:23,68.248,320,
09:50:34,68.25,100,
09:50:40,68.24,200,
09:50:42,68.24,100,
09:50:42,68.24,400,
09:50:42,68.24,354,
09:50:42,68.24,1000,
09:50:42,68.24,100,
09:50:43,68.24,500,
09:50:43,68.24,100,
09:50:43,68.24,500,
09:50:43,68.24,300,
09:50:43,68.24,200,
09:50:43,68.24,500,
09:50:43,68.24,700,
09:50:43,68.24,1100,
09:50:50,68.24,800,
09:50:50,68.24,500,
09:50:50,68.24,200,
09:50:50,68.24,1500,
09:50:50,68.24,800,
09:50:50,68.24,800,
09:50:50,68.24,100,
09:50:50,68.24,400,
09:50:50,68.24,300,
09:50:50,68.24,600,
09:50:50,68.24,100,
09:50:50,68.24,200,
09:50:50,68.24,400,
09:50:50,68.24,1000,
09:50:50,68.24,11028,
09:50:50,68.24,100,
09:50:50,68.24,7000,
09:50:50,68.24,2400,
09:50:50,68.24,600,
09:50:50,68.24,1500,
09:50:50,68.24,3200,
09:50:51,68.25,500,
09:51:00,68.25,500,
09:51:17,68.25,600,
09:51:18,68.26,500,
09:51:20,68.25,145,
09:51:20,68.25,455,
09:51:20,68.25,600,
09:51:22,68.25,200,
09:51:22,68.25,100,
09:51:22,68.25,100,
09:51:22,68.25,400,
09:51:22,68.25,100,
09:51:22,68.255,300,
09:51:27,68.2479,100,
09:51:28,68.24,100,
09:51:28,68.24,100,
09:51:28,68.24,351,
09:51:28,68.24,100,
09:51:28,68.24,100,
09:51:28,68.245,300,
09:51:31,68.24,100,
09:51:31,68.24,100,
09:51:31,68.24,400,
09:51:31,68.24,400,
09:51:31,68.24,600,
09:51:31,68.235,200,
09:51:40,68.25,600,
09:51:41,68.25,1000,
09:51:47,68.25,100,
09:51:47,68.25,1379,
09:51:47,68.25,100,
09:51:47,68.25,100,
09:51:47,68.25,100,
09:51:47,68.26,800,
09:51:49,68.255,100,
09:51:52,68.255,100,
09:51:53,68.25,200,
09:51:53,68.25,500,
09:51:53,68.25,1000,
09:51:53,68.25,100,
09:51:53,68.25,1400,
09:51:53,68.25,200,
09:51:53,68.25,1000,
09:51:53,68.25,500,
09:51:53,68.25,2000,
09:51:53,68.25,300,
09:51:53,68.25,100,
09:51:53,68.25,200,
09:51:53,68.25,1000,
09:51:53,68.25,500,
09:51:54,68.25,100,
09:51:54,68.25,100,
09:51:54,68.2578,100,
09:51:55,68.25,100,
09:51:55,68.25,200,
09:51:55,68.25,100,
09:51:56,68.25,200,
09:51:56,68.25,100,
09:51:56,68.25,100,
09:51:56,68.25,100,
09:51:57,68.25,100,
09:51:57,68.25,100,
09:51:58,68.25,100,
09:51:58,68.25,100,
09:52:00,68.25,100,
09:52:01,68.25,100,
09:52:02,68.258,100,
09:52:04,68.26,100,
09:52:14,68.27,100,
09:52:20,68.26,1100,
09:52:20,68.26,900,
09:52:20,68.26,100,
09:52:20,68.26,132,
09:52:20,68.26,100,
09:52:20,68.26,100,
09:52:20,68.26,100,
09:52:20,68.26,400,
09:52:20,68.26,100,
09:52:23,68.26,500,
09:52:27,68.2579,300,
09:52:33,68.26,200,
09:52:34,68.26,100,
09:52:36,68.26,200,
09:52:36,68.26,100,
09:52:36,68.26,100,
09:52:36,68.26,100,
09:52:36,68.26,400,
09:52:41,68.2603,321,
09:52:41,68.26,1000,
09:52:41,68.26,300,
09:52:41,68.2603,179,
09:52:41,68.268,200,
09:52:43,68.27,100,
09:52:46,68.27,100,
09:52:46,68.27,267,
09:52:50,68.26,300,
09:52:50,68.26,500,
09:52:50,68.26,100,
09:52:50,68.26,200,
09:52:50,68.26,400,
09:52:50,68.265,200,
09:52:50,68.26,100,
09:52:51,68.26,1300,
09:52:53,68.25,600,
09:52:54,68.25,300,
09:52:55,68.25,100,
09:52:55,68.25,1500,
09:52:55,68.25,500,
09:52:55,68.25,500,
09:52:56,68.25,700,
09:52:56,68.25,801,
09:52:56,68.25,600,
09:52:57,68.25,599,
09:52:57,68.25,600,
09:52:57,68.25,500,
09:52:57,68.25,800,
09:52:58,68.25,300,
09:52:58,68.25,100,
09:53:00,68.25,400,
09:53:00,68.25,200,
09:53:15,68.26,300,
09:53:15,68.26,400,
09:53:15,68.26,3508,
09:53:15,68.26,100,
09:53:15,68.26,100,
09:53:15,68.26,500,
09:53:15,68.26,100,
09:53:15,68.26,592,
09:53:20,68.2678,200,
09:53:32,68.26,1400,
09:53:32,68.26,100,
09:53:32,68.26,100,
09:53:32,68.26,1000,
09:53:32,68.26,100,
09:53:32,68.26,500,
09:53:32,68.25,800,
09:53:32,68.25,1000,
09:53:32,68.25,205,
09:53:32,68.265,400,
09:53:32,68.2511,300,
09:53:32,68.251,400,
09:53:34,68.26,100,
09:53:34,68.26,222,
09:53:34,68.26,100,
09:53:34,68.26,100,
09:53:34,68.26,100,
09:53:34,68.26,500,
09:53:34,68.255,100,
09:53:41,68.2607,5000,
09:53:44,68.26,200,
09:53:44,68.26,1000,
09:53:45,68.26,100,
09:53:45,68.26,200,
09:53:45,68.26,100,
09:53:46,68.26,100,
09:53:46,68.26,500,
09:53:50,68.262,500,
09:53:53,68.27,100,
09:53:53,68.27,100,
09:53:53,68.265,100,
09:53:53,68.27,400,
09:53:53,68.27,150,
09:53:58,68.27,100,
09:53:58,68.27,800,
09:53:58,68.27,500,
09:53:58,68.27,100,
09:53:58,68.27,100,
09:53:58,68.27,100,
09:53:58,68.26,100,
09:53:58,68.26,1100,
09:54:05,68.268,300,
09:54:06,68.26,200,
09:54:08,68.26,381,
09:54:08,68.265,200,
09:54:09,68.26,500,
09:54:09,68.26,100,
09:54:09,68.26,100,
09:54:09,68.26,1000,
09:54:09,68.26,100,
09:54:13,68.25,100,
09:54:13,68.25,500,
09:54:13,68.25,100,
09:54:13,68.25,100,
09:54:13,68.25,500,
09:54:13,68.25,400,
09:54:14,68.242,200,
09:54:24,68.25,100,
09:54:24,68.25,200,
09:54:24,68.25,300,
09:54:29,68.25,500,
09:54:32,68.24,400,
09:54:32,68.24,100,
09:54:32,68.24,200,
09:54:32,68.24,200,
09:54:32,68.24,100,
09:54:33,68.245,400,
09:54:39,68.23,100,
09:54:39,68.23,5000,
09:54:39,68.23,100,
09:54:39,68.23,400,
09:54:39,68.23,300,
09:54:40,68.225,100,
09:54:40,68.23,600,
09:54:40,68.22,197,
09:54:45,68.22,100,
09:54:45,68.22,200,
09:54:45,68.22,200,
09:54:45,68.22,100,
09:54:45,68.2213,400,
09:54:47,68.22,100,
09:54:47,68.22,1000,
09:54:47,68.22,100,
09:54:47,68.22,3000,
09:54:47,68.22,1628,
09:54:48,68.22,700,
09:54:48,68.21,100,
09:54:48,68.21,100,
09:54:48,68.21,100,
09:54:48,68.21,800,
09:54:48,68.21,2900,
09:54:48,68.21,6300,
09:54:48,68.22,100,
09:54:49,68.205,100,
09:54:49,68.21,300,
09:54:49,68.21,100,
09:54:49,68.21,100,
09:54:49,68.21,100,
09:54:49,68.21,400,
09:54:49,68.21,200,
09:54:50,68.22,500,
09:54:50,68.22,1000,
09:54:50,68.22,500,
09:54:50,68.22,100,
09:54:51,68.22,100,
09:54:59,68.2199,170,
09:55:00,68.22,500,
09:55:00,68.22,300,
09:55:00,68.21,100,
09:55:00,68.21,100,
09:55:02,68.22,100,
09:55:03,68.22,600,
09:55:03,68.22,100,
09:55:03,68.22,500,
09:55:03,68.22,100,
09:55:03,68.22,124,
09:55:04,68.23,400,
09:55:04,68.23,400,
09:55:05,68.23,100,
09:55:05,68.23,100,
09:55:05,68.23,300,
09:55:05,68.23,100,
09:55:07,68.235,100,
09:55:10,68.235,188,
09:55:16,68.24,100,
09:55:16,68.24,100,
09:55:16,68.24,1500,
09:55:16,68.24,3900,
09:55:16,68.24,8500,
09:55:21,68.23,100,
09:55:25,68.23,600,
09:55:25,68.23,200,
09:55:25,68.23,100,
09:55:25,68.23,200,
09:55:29,68.228,200,
09:55:35,68.22,576,
09:55:36,68.23,100,
09:55:36,68.23,100,
09:55:51,68.23,200,
09:55:51,68.23,400,
09:55:51,68.23,1000,
09:55:51,68.23,100,
09:55:51,68.23,100,
09:55:52,68.23,100,
09:56:00,68.22,500,
09:56:05,68.23,400,
09:56:05,68.23,100,
09:56:07,68.23,100,
09:56:07,68.23,100,
09:56:07,68.232,286,
09:56:19,68.235,300,
09:56:19,68.2325,200,
09:56:19,68.23,100,
09:56:19,68.23,100,
09:56:19,68.23,100,
09:56:22,68.22,200,
09:56:22,68.2214,200,
09:56:22,68.22,314,
09:56:22,68.22,761,
09:56:23,68.22,100,
09:56:23,68.22,100,
09:56:23,68.22,100,
09:56:23,68.22,400,
09:56:23,68.22,361,
09:56:23,68.22,100,
09:56:23,68.21,143,
09:56:28,68.215,361,
09:56:30,68.22,100,
09:56:30,68.22,100,
09:56:35,68.22,100,
09:56:37,68.22,150,
09:56:40,68.23,100,
09:56:40,68.23,100,
09:56:42,68.23,200,
09:56:42,68.23,100,
09:56:42,68.23,400,
09:56:43,68.23,112,
09:56:57,68.23,200,
09:56:57,68.23,200,
09:56:57,68.23,100,
09:56:57,68.23,100,
09:56:58,68.23,400,
09:56:59,68.23,100,
09:56:59,68.23,400,
09:56:59,68.23,100,
09:56:59,68.23,100,
09:57:04,68.23,100,
09:57:05,68.23,200,
09:57:05,68.23,100,
09:57:05,68.23,100,
09:57:05,68.23,200,
09:57:05,68.23,100,
09:57:05,68.23,100,
09:57:05,68.23,1500,
09:57:06,68.23,400,
09:57:06,68.23,100,
09:57:06,68.23,100,
09:57:06,68.23,100,
09:57:21,68.24,400,
09:57:21,68.24,800,
09:57:21,68.24,1000,
09:57:21,68.24,600,
09:57:21,68.24,300,
09:57:21,68.24,100,
09:57:21,68.24,100,
09:57:21,68.24,200,
09:57:21,68.24,100,
09:57:21,68.24,100,
09:57:21,68.24,200,
09:57:21,68.24,100,
09:57:21,68.24,4200,
09:57:21,68.24,1000,
09:57:21,68.24,100,
09:57:21,68.24,1079,
09:57:21,68.24,2400,
09:57:21,68.24,500,
09:57:21,68.24,800,
09:57:21,68.24,692,
09:57:21,68.24,200,
09:57:21,68.24,100,
09:57:21,68.24,100,
09:57:21,68.24,100,
09:57:21,68.24,200,
09:57:22,68.24,100,
09:57:22,68.24,100,
09:57:22,68.24,100,
09:57:23,68.24,100,
09:57:24,68.24,100,
09:57:25,68.24,800,
09:57:25,68.24,1900,
09:57:25,68.24,1890,
09:57:25,68.24,400,
09:57:25,68.24,100,
09:57:25,68.24,100,
09:57:25,68.24,500,
09:57:26,68.23,100,
09:57:27,68.24,3500,
09:57:27,68.24,800,
09:57:27,68.24,500,
09:57:27,68.24,500,
09:57:27,68.24,200,
09:57:27,68.24,1000,
09:57:27,68.24,652,
09:57:27,68.24,400,
09:57:27,68.24,100,
09:57:27,68.24,1000,
09:57:27,68.24,300,
09:57:28,68.23,100,
09:57:32,68.24,100,
09:57:32,68.24,200,
09:57:34,68.24,100,
09:57:34,68.24,100,
09:57:34,68.2498,400,
09:57:34,68.2498,400,
09:57:34,68.2498,2000,
09:57:34,68.2498,400,
09:57:34,68.249,5500,
09:57:36,68.25,5115,
09:57:40,68.24,600,
09:57:40,68.24,300,
09:57:40,68.24,400,
09:57:40,68.24,100,
09:57:40,68.24,100,
09:57:43,68.2383,200,
09:57:44,68.23,100,
09:57:45,68.23,100,
09:57:45,68.23,100,
09:57:45,68.23,178,
09:57:45,68.23,100,
09:57:47,68.22,781,
09:57:47,68.22,600,
09:57:47,68.22,100,
09:57:47,68.22,400,
09:57:47,68.22,600,
09:57:47,68.22,300,
09:57:47,68.2201,600,
09:57:47,68.2201,100,
09:57:58,68.22,100,
09:58:00,68.2299,100,
09:58:02,68.22,123,
09:58:02,68.22,900,
09:58:02,68.22,100,
09:58:02,68.22,800,
09:58:02,68.22,600,
09:58:02,68.22,400,
09:58:02,68.22,300,
09:58:02,68.225,100,
09:58:06,68.2199,3000,
09:58:06,68.215,200,
09:58:06,68.21,200,
09:58:06,68.21,500,
09:58:06,68.21,200,
09:58:07,68.21,1000,
09:58:10,68.21,200,
09:58:11,68.20,100,
09:58:11,68.20,100,
09:58:12,68.21,500,
09:58:12,68.21,400,
09:58:12,68.21,300,
09:58:12,68.21,100,
09:58:12,68.21,200,
09:58:12,68.21,100,
09:58:12,68.21,100,
09:58:12,68.21,100,
09:58:12,68.21,587,
09:58:12,68.21,1300,
09:58:14,68.22,500,
09:58:18,68.212,150,
09:58:19,68.22,100,
09:58:22,68.21,100,
09:58:22,68.21,100,
09:58:22,68.21,1200,
09:58:22,68.21,4300,
09:58:22,68.21,8000,
09:58:23,68.22,100,
09:58:23,68.22,1000,
09:58:23,68.22,2200,
09:58:29,68.22,100,
09:58:30,68.22,100,
09:58:30,68.22,100,
09:58:30,68.22,100,
09:58:30,68.23,800,
09:58:30,68.23,1000,
09:58:30,68.23,300,
09:58:30,68.23,1000,
09:58:30,68.23,100,
09:58:30,68.23,100,
09:58:30,68.23,500,
09:58:31,68.23,122,
09:58:31,68.232,204,
09:58:36,68.23,100,
09:58:36,68.23,100,
09:58:36,68.23,400,
09:58:36,68.23,400,
09:58:36,68.23,700,
09:58:36,68.23,1000,
09:58:39,68.22,200,
09:58:54,68.22,200,
09:58:55,68.22,200,
09:58:56,68.2271,200,
09:58:57,68.22,100,
09:58:57,68.22,200,
09:59:00,68.225,147,
09:59:01,68.22,100,
09:59:01,68.22,100,
09:59:02,68.22,100,
09:59:05,68.22,100,
09:59:05,68.22,100,
09:59:06,68.23,100,
09:59:06,68.23,100,
09:59:06,68.23,100,
09:59:13,68.23,200,
09:59:17,68.23,200,
09:59:17,68.23,200,
09:59:17,68.23,100,
09:59:17,68.23,400,
09:59:17,68.23,100,
09:59:17,68.23,100,
09:59:19,68.22,100,
09:59:22,68.22,200,
09:59:25,68.22,130,
09:59:25,68.22,100,
09:59:26,68.22,132,
09:59:28,68.21,100,
09:59:28,68.21,500,
09:59:33,68.21,500,
09:59:33,68.21,100,
09:59:33,68.21,100,
09:59:33,68.2121,100,
09:59:33,68.2121,100,
09:59:37,68.21,300,
09:59:38,68.21,100,
09:59:38,68.21,400,
09:59:40,68.21,200,
09:59:43,68.21,100,
09:59:43,68.21,100,
09:59:44,68.212,200,
09:59:46,68.21,100,
09:59:46,68.21,100,
09:59:48,68.21,100,
09:59:48,68.21,100,
09:59:55,68.21,100,
09:59:55,68.21,100,
09:59:55,68.21,100,
09:59:55,68.21,100,
09:59:55,68.21,1000,
09:59:55,68.21,100,
09:59:55,68.20,100,
09:59:55,68.21,1900,
09:59:55,68.21,400,
09:59:55,68.21,100,
09:59:55,68.21,100,
09:59:55,68.21,293,
09:59:55,68.21,100,
09:59:55,68.21,300,
09:59:55,68.21,300,
09:59:59,68.20,100,
10:00:02,68.21,200,
10:00:02,68.21,100,
10:00:02,68.21,400,
10:00:02,68.21,300,
10:00:02,68.21,400,
10:00:02,68.21,100,
10:00:02,68.21,391,
10:00:02,68.20,100,
10:00:05,68.20,1000,
10:00:06,68.20,900,
10:00:09,68.21,100,
10:00:09,68.21,200,
10:00:09,68.21,100,
10:00:12,68.21,200,
10:00:12,68.21,866,
10:00:12,68.21,700,
10:00:14,68.21,100,
10:00:14,68.21,300,
10:00:14,68.21,100,
10:00:14,68.21,100,
10:00:14,68.21,300,
10:00:14,68.21,400,
10:00:14,68.20,300,
10:00:14,68.20,100,
10:00:14,68.20,100,
10:00:14,68.20,400,
10:00:14,68.20,2200,
10:00:16,68.20,600,
10:00:16,68.20,200,
10:00:16,68.20,1091,
10:00:16,68.19,100,
10:00:16,68.19,100,
10:00:16,68.20,500,
10:00:16,68.19,313,
10:00:16,68.19,400,
10:00:16,68.19,100,
10:00:16,68.18,1000,
10:00:16,68.18,2000,
10:00:16,68.18,800,
10:00:16,68.18,400,
10:00:16,68.18,100,
10:00:16,68.18,100,
10:00:16,68.18,100,
10:00:16,68.18,100,
10:00:16,68.18,500,
10:00:16,68.18,200,
10:00:16,68.18,100,
10:00:16,68.18,200,
10:00:16,68.18,100,
10:00:16,68.18,600,
10:00:16,68.18,200,
10:00:17,68.17,100,
10:00:17,68.17,100,
10:00:19,68.16,100,
10:00:19,68.16,100,
10:00:19,68.16,400,
10:00:20,68.1502,500,
10:00:21,68.16,800,
10:00:21,68.16,400,
10:00:21,68.16,100,
10:00:21,68.16,100,
10:00:21,68.16,100,
10:00:21,68.16,100,
10:00:21,68.16,300,
10:00:21,68.16,100,
10:00:21,68.16,1000,
10:00:22,68.16,300,
10:00:22,68.16,100,
10:00:22,68.1601,300,
10:00:22,68.1609,400,
10:00:22,68.16,700,
10:00:22,68.16,300,
10:00:22,68.1601,400,
10:00:23,68.17,100,
10:00:23,68.17,100,
10:00:23,68.17,100,
10:00:23,68.17,400,
10:00:23,68.17,100,
10:00:24,68.17,2000,
10:00:24,68.17,100,
10:00:25,68.16,100,
10:00:25,68.18,700,
10:00:25,68.179,3935,
10:00:27,68.17,100,
10:00:27,68.17,200,
10:00:27,68.17,100,
10:00:27,68.17,200,
10:00:28,68.16,100,
10:00:28,68.16,300,
10:00:28,68.16,100,
10:00:28,68.16,100,
10:00:31,68.1533,100,
10:00:34,68.1546,100,
10:00:35,68.15,400,
10:00:35,68.15,100,
10:00:35,68.15,400,
10:00:38,68.16,100,
10:00:39,68.16,400,
10:00:40,68.15,400,
10:00:40,68.15,300,
10:00:40,68.15,300,
10:00:40,68.15,276,
10:00:40,68.16,685,
10:00:40,68.16,400,
10:00:40,68.16,100,
10:00:40,68.16,100,
10:00:40,68.16,200,
10:00:40,68.16,970,
10:00:48,68.1687,600,
10:00:51,68.1686,100,
10:00:51,68.1686,100,
10:00:55,68.17,300,
10:00:55,68.17,200,
10:00:55,68.17,400,
10:00:57,68.17,200,
10:00:57,68.17,100,
10:01:00,68.18,500,
10:01:01,68.17,193,
10:01:01,68.17,100,
10:01:03,68.18,100,
10:01:03,68.17,100,
10:01:03,68.17,400,
10:01:03,68.17,100,
10:01:03,68.17,400,
10:01:03,68.17,100,
10:01:06,68.16,100,
10:01:12,68.17,541,
10:01:12,68.17,100,
10:01:12,68.17,259,
10:01:12,68.17,400,
10:01:17,68.17,200,
10:01:17,68.17,100,
10:01:17,68.17,100,
10:01:17,68.17,100,
10:01:17,68.17,100,
10:01:17,68.17,100,
10:01:17,68.1798,1500,
10:01:17,68.1799,3000,
10:01:17,68.1799,1623,
10:01:17,68.1799,2000,
10:01:17,68.1799,400,
10:01:17,68.1799,823,
10:01:18,68.18,1166,
10:01:22,68.17,100,
10:01:22,68.17,100,
10:01:22,68.17,100,
10:01:22,68.1725,1700,
10:01:23,68.17,1000,
10:01:36,68.1699,200,
10:01:40,68.1621,7944,
10:01:41,68.1613,113,
10:01:44,68.17,100,
10:01:44,68.17,100,
10:01:44,68.17,400,
10:01:44,68.17,1000,
10:01:44,68.17,800,
10:01:45,68.18,100,
10:01:45,68.18,124,
10:01:45,68.18,500,
10:01:46,68.18,100,
10:01:46,68.18,339,
10:01:46,68.18,100,
10:01:46,68.18,200,
10:01:46,68.18,1500,
10:01:46,68.18,1000,
10:01:46,68.18,100,
10:01:46,68.18,2000,
10:01:46,68.18,800,
10:01:46,68.18,900,
10:01:46,68.18,1000,
10:01:46,68.18,100,
10:01:46,68.18,100,
10:01:46,68.18,1000,
10:01:46,68.18,1500,
10:01:46,68.18,100,
10:01:46,68.18,100,
10:01:46,68.18,200,
10:01:46,68.18,100,
10:01:46,68.185,800,
10:01:46,68.185,400,
10:01:46,68.1825,100,
10:01:46,68.18,700,
10:01:46,68.18,2100,
10:01:48,68.18,400,
10:01:48,68.18,100,
10:01:48,68.18,400,
10:01:48,68.18,1000,
10:01:48,68.18,200,
10:01:48,68.18,100,
10:01:50,68.18,100,
10:01:50,68.1872,200,
10:01:50,68.189,200,
10:01:51,68.179,100,
10:01:51,68.179,100,
10:01:51,68.179,100,
10:01:51,68.179,200,
10:01:52,68.179,100,
10:01:52,68.18,100,
10:01:52,68.18,200,
10:01:53,68.18,100,
10:01:53,68.18,100,
10:01:53,68.18,300,
10:01:53,68.19,1000,
10:01:53,68.19,400,
10:01:53,68.19,700,
10:01:53,68.19,102,
10:01:53,68.19,302,
10:01:54,68.19,100,
10:01:57,68.19,100,
10:01:57,68.19,900,
10:01:57,68.19,200,
10:01:57,68.19,100,
10:01:57,68.19,100,
10:01:57,68.19,100,
10:01:57,68.19,100,
10:01:57,68.19,100,
10:01:57,68.195,900,
10:01:57,68.195,500,
10:02:02,68.18,100,
10:02:02,68.18,1000,
10:02:02,68.18,100,
10:02:02,68.18,100,
10:02:02,68.18,200,
10:02:02,68.18,100,
10:02:02,68.18,100,
10:02:02,68.18,300,
10:02:07,68.18,200,
10:02:08,68.185,400,
10:02:08,68.18,100,
10:02:08,68.18,200,
10:02:11,68.184,100,
10:02:12,68.18,100,
10:02:18,68.18,100,
10:02:19,68.18,150,
10:02:19,68.18,100,
10:02:22,68.19,600,
10:02:22,68.19,400,
10:02:24,68.19,100,
10:02:24,68.185,200,
10:02:25,68.19,400,
10:02:25,68.19,100,
10:02:25,68.19,100,
10:02:25,68.19,100,
10:02:26,68.19,100,
10:02:26,68.19,100,
10:02:26,68.19,100,
10:02:26,68.19,400,
10:02:26,68.19,800,
10:02:29,68.18,100,
10:02:29,68.18,200,
10:02:29,68.18,100,
10:02:29,68.18,100,
10:02:29,68.18,100,
10:02:29,68.18,100,
10:02:31,68.18,100,
10:02:31,68.18,100,
10:02:31,68.18,711,
10:02:31,68.18,100,
10:02:31,68.18,161,
10:02:31,68.18,100,
10:02:39,68.18,881,
10:02:39,68.18,700,
10:02:39,68.18,100,
10:02:39,68.18,400,
10:02:39,68.18,400,
10:02:39,68.18,100,
10:02:39,68.18,200,
10:02:39,68.18,400,
10:02:42,68.18,494,
10:02:42,68.18,155,
10:02:42,68.18,700,
10:02:42,68.18,100,
10:02:42,68.18,555,
10:02:42,68.18,300,
10:02:42,68.18,100,
10:02:42,68.18,400,
10:02:42,68.18,145,
10:02:42,68.18,575,
10:02:42,68.18,3300,
10:02:45,68.18,800,
10:02:45,68.18,700,
10:02:45,68.18,400,
10:02:45,68.18,100,
10:02:45,68.18,300,
10:02:45,68.18,100,
10:02:45,68.18,100,
10:02:45,68.18,100,
10:02:45,68.17,1000,
10:02:45,68.17,100,
10:02:45,68.17,100,
10:02:45,68.17,2804,
10:02:45,68.17,586,
10:02:45,68.17,996,
10:02:45,68.17,196,
10:02:46,68.1799,2500,
10:02:46,68.17,100,
10:02:48,68.17,100,
10:02:48,68.17,100,
10:02:51,68.16,100,
10:02:51,68.16,100,
10:02:51,68.16,100,
10:02:54,68.15,100,
10:02:54,68.15,300,
10:02:54,68.15,100,
10:02:58,68.15,100,
10:02:58,68.15,100,
10:03:00,68.151,1000,
10:03:03,68.1529,100,
10:03:03,68.15,528,
10:03:03,68.15,100,
10:03:03,68.15,750,
10:03:05,68.15,400,
10:03:06,68.1495,500,
10:03:09,68.15,300,
10:03:09,68.15,200,
10:03:09,68.15,100,
10:03:09,68.15,100,
10:03:09,68.15,100,
10:03:09,68.16,2042,
10:03:10,68.15,100,
10:03:10,68.15,1000,
10:03:10,68.15,1000,
10:03:10,68.15,276,
10:03:10,68.15,100,
10:03:10,68.15,100,
10:03:10,68.15,100,
10:03:10,68.15,200,
10:03:11,68.14,200,
10:03:13,68.15,400,
10:03:13,68.15,300,
10:03:13,68.15,100,
10:03:13,68.15,100,
10:03:13,68.15,100,
10:03:13,68.15,100,
10:03:13,68.15,100,
10:03:13,68.16,100,
10:03:16,68.15,100,
10:03:16,68.15,100,
10:03:16,68.155,1000,
10:03:17,68.15,100,
10:03:17,68.155,300,
10:03:17,68.15,100,
10:03:18,68.15,400,
10:03:18,68.15,100,
10:03:18,68.15,100,
10:03:18,68.15,200,
10:03:23,68.14,500,
10:03:23,68.14,500,
10:03:23,68.14,200,
10:03:24,68.1496,100,
10:03:25,68.142,200,
10:03:26,68.15,200,
10:03:28,68.15,100,
10:03:29,68.15,400,
10:03:29,68.15,400,
10:03:30,68.15,100,
10:03:32,68.15,400,
10:03:33,68.15,177,
10:03:33,68.15,100,
10:03:33,68.15,123,
10:03:33,68.15,100,
10:03:33,68.15,100,
10:03:33,68.15,400,
10:03:38,68.15,200,
10:03:38,68.15,300,
10:03:38,68.15,464,
10:03:40,68.15,100,
10:03:40,68.15,100,
10:03:40,68.15,136,
10:03:45,68.15,600,
10:03:48,68.1472,100,
10:03:48,68.149,200,
10:03:48,68.148,500,
10:03:51,68.14,100,
10:03:57,68.1595,1000,
10:04:00,68.15,100,
10:04:00,68.15,100,
10:04:04,68.14,100,
10:04:06,68.14,100,
10:04:06,68.14,100,
10:04:09,68.14,100,
10:04:09,68.14,176,
10:04:09,68.14,100,
10:04:10,68.14,1000,
10:04:11,68.14,100,
10:04:11,68.14,400,
10:04:11,68.14,100,
10:04:11,68.14,824,
10:04:18,68.15,800,
10:04:19,68.15,100,
10:04:19,68.15,200,
10:04:19,68.15,100,
10:04:19,68.15,300,
10:04:19,68.15,100,
10:04:19,68.15,100,
10:04:19,68.16,185,
10:04:20,68.16,194,
10:04:21,68.16,100,
10:04:23,68.17,100,
10:04:25,68.17,100,
10:04:25,68.16,400,
10:04:25,68.16,100,
10:04:25,68.16,100,
10:04:26,68.16,400,
10:04:26,68.16,100,
10:04:26,68.16,400,
10:04:26,68.16,100,
10:04:26,68.165,400,
10:04:29,68.165,1100,
10:04:31,68.16,100,
10:04:34,68.163,300,
10:04:40,68.17,772,
10:04:40,68.17,200,
10:04:40,68.17,100,
10:04:40,68.17,100,
10:04:40,68.17,300,
10:04:44,68.17,1400,
10:04:46,68.17,172,
10:04:46,68.17,100,
10:04:46,68.17,100,
10:04:46,68.17,100,
10:04:46,68.17,1000,
10:04:46,68.17,121,
10:04:48,68.1691,100,
10:04:56,68.16,200,
10:04:58,68.16,100,
10:05:06,68.16,3000,
10:05:06,68.17,300,
10:05:08,68.17,100,
10:05:12,68.16,100,
10:05:12,68.1625,2100,
10:05:12,68.165,600,
10:05:12,68.16,100,
10:05:12,68.16,100,
10:05:12,68.16,300,
10:05:12,68.16,100,
10:05:12,68.16,221,
10:05:12,68.16,100,
10:05:12,68.16,600,
10:05:12,68.16,100,
10:05:12,68.16,1534,
10:05:12,68.165,100,
10:05:16,68.15,100,
10:05:16,68.15,400,
10:05:16,68.15,100,
10:05:16,68.15,100,
10:05:17,68.14,600,
10:05:19,68.149,500,
10:05:20,68.14,200,
10:05:20,68.14,100,
10:05:20,68.14,400,
10:05:20,68.14,100,
10:05:20,68.14,4075,
10:05:20,68.14,100,
10:05:20,68.14,100,
10:05:20,68.14,400,
10:05:20,68.14,100,
10:05:20,68.14,117,
10:05:21,68.14,400,
10:05:21,68.14,100,
10:05:21,68.14,100,
10:05:21,68.14,400,
10:05:21,68.14,100,
10:05:21,68.14,700,
10:05:24,68.15,300,
10:05:24,68.15,100,
10:05:24,68.15,100,
10:05:24,68.15,100,
10:05:24,68.15,100,
10:05:24,68.15,100,
10:05:24,68.15,300,
10:05:24,68.15,100,
10:05:31,68.16,400,
10:05:33,68.16,800,
10:05:33,68.16,1000,
10:05:33,68.16,400,
10:05:34,68.16,2300,
10:05:34,68.16,400,
10:05:34,68.16,1000,
10:05:34,68.16,2000,
10:05:34,68.16,5000,
10:05:34,68.16,300,
10:05:34,68.16,600,
10:05:34,68.16,100,
10:05:34,68.16,400,
10:05:34,68.16,1000,
10:05:34,68.16,100,
10:05:34,68.16,400,
10:05:34,68.16,1400,
10:05:34,68.16,100,
10:05:34,68.16,600,
10:05:34,68.16,100,
10:05:34,68.16,700,
10:05:34,68.16,100,
10:05:34,68.16,500,
10:05:34,68.16,500,
10:05:37,68.16,1000,
10:05:37,68.16,400,
10:05:37,68.16,6500,
10:05:37,68.16,400,
10:05:37,68.16,600,
10:05:37,68.16,100,
10:05:37,68.16,400,
10:05:37,68.16,360,
10:05:37,68.16,150,
10:05:37,68.16,100,
10:05:37,68.16,100,
10:05:37,68.16,1000,
10:05:37,68.16,500,
10:05:37,68.16,313,
10:05:37,68.16,400,
10:05:37,68.16,400,
10:05:37,68.16,100,
10:05:37,68.16,330,
10:05:37,68.16,100,
10:05:37,68.16,100,
10:05:37,68.16,1400,
10:05:37,68.16,100,
10:05:37,68.16,107,
10:05:37,68.16,400,
10:05:37,68.16,400,
10:05:37,68.16,495,
10:05:37,68.16,500,
10:05:37,68.16,800,
10:05:38,68.16,300,
10:05:40,68.16,400,
10:05:49,68.1599,1000,
10:05:49,68.16,100,
10:05:49,68.16,100,
10:05:49,68.16,400,
10:05:49,68.16,100,
10:05:49,68.16,307,
10:05:50,68.16,100,
10:05:50,68.16,100,
10:05:52,68.17,400,
10:05:53,68.16,100,
10:05:57,68.17,200,
10:06:00,68.16,100,
10:06:02,68.16,100,
10:06:04,68.16,500,
10:06:05,68.16,100,
10:06:05,68.16,1000,
10:06:05,68.16,200,
10:06:05,68.16,600,
10:06:05,68.16,600,
10:06:05,68.16,100,
10:06:05,68.16,100,
10:06:05,68.16,400,
10:06:05,68.16,100,
10:06:05,68.16,2000,
10:06:05,68.16,700,
10:06:05,68.16,400,
10:06:05,68.16,700,
10:06:07,68.17,100,
10:06:13,68.17,132,
10:06:16,68.168,550,
10:06:22,68.17,354,
10:06:22,68.17,2000,
10:06:23,68.17,698,
10:06:23,68.17,100,
10:06:23,68.17,700,
10:06:23,68.17,100,
10:06:23,68.17,100,
10:06:23,68.17,100,
10:06:23,68.17,100,
10:06:23,68.17,100,
10:06:23,68.17,200,
10:06:23,68.18,100,
10:06:23,68.18,815,
10:06:23,68.18,100,
10:06:23,68.18,300,
10:06:23,68.17,1100,
10:06:27,68.18,400,
10:06:30,68.18,100,
10:06:30,68.18,103,
10:06:30,68.18,676,
10:06:30,68.18,2000,
10:06:30,68.18,400,
10:06:30,68.18,298,
10:06:34,68.1714,300,
10:06:37,68.171,2800,
10:06:37,68.17,300,
10:06:37,68.17,400,
10:06:37,68.17,300,
10:06:37,68.17,1000,
10:06:37,68.17,400,
10:06:41,68.17,100,
10:06:41,68.17,100,
10:06:41,68.17,100,
10:06:41,68.17,197,
10:06:44,68.18,100,
10:06:44,68.18,700,
10:06:44,68.18,2800,
10:06:44,68.18,100,
10:06:55,68.18,100,
10:06:55,68.18,100,
10:06:55,68.18,100,
10:06:55,68.18,100,
10:06:55,68.18,400,
10:06:55,68.18,100,
10:06:55,68.18,400,
10:07:01,68.18,300,
10:07:02,68.18,100,
10:07:02,68.18,100,
10:07:02,68.18,100,
10:07:02,68.18,100,
10:07:02,68.19,800,
10:07:02,68.19,815,
10:07:02,68.19,1000,
10:07:02,68.19,1000,
10:07:02,68.19,700,
10:07:02,68.19,100,
10:07:02,68.19,600,
10:07:02,68.19,400,
10:07:02,68.19,1000,
10:07:02,68.19,1000,
10:07:02,68.19,400,
10:07:02,68.19,500,
10:07:02,68.19,2000,
10:07:02,68.19,400,
10:07:02,68.19,300,
10:07:02,68.19,100,
10:07:02,68.19,4100,
10:07:02,68.19,100,
10:07:02,68.19,1000,
10:07:02,68.19,800,
10:07:02,68.19,100,
10:07:02,68.19,6500,
10:07:02,68.19,100,
10:07:03,68.20,1750,
10:07:09,68.20,1988,
10:07:09,68.20,1000,
10:07:09,68.20,400,
10:07:09,68.20,400,
10:07:09,68.20,300,
10:07:09,68.20,1000,
10:07:09,68.20,732,
10:07:09,68.20,400,
10:07:09,68.20,1212,
10:07:12,68.19,900,
10:07:13,68.19,100,
10:07:13,68.19,100,
10:07:13,68.19,100,
10:07:13,68.19,400,
10:07:13,68.19,100,
10:07:13,68.19,400,
10:07:13,68.19,1000,
10:07:13,68.19,100,
10:07:13,68.195,600,
10:07:13,68.195,200,
10:07:15,68.19,400,
10:07:16,68.19,100,
10:07:18,68.19,400,
10:07:18,68.19,100,
10:07:18,68.19,100,
10:07:22,68.185,300,
10:07:24,68.19,200,
10:07:25,68.19,400,
10:07:25,68.19,100,
10:07:25,68.19,100,
10:07:25,68.19,815,
10:07:25,68.19,1300,
10:07:25,68.20,218,
10:07:25,68.20,400,
10:07:25,68.20,743,
10:07:25,68.20,400,
10:07:25,68.20,100,
10:07:25,68.20,600,
10:07:25,68.20,100,
10:07:25,68.2099,2000,
10:07:28,68.21,400,
10:07:32,68.21,320,
10:07:32,68.21,100,
10:07:33,68.21,100,
10:07:33,68.21,600,
10:07:33,68.21,1116,
10:07:37,68.218,575,
10:07:39,68.21,600,
10:07:39,68.21,3700,
10:07:40,68.22,500,
10:07:43,68.21,200,
10:07:43,68.21,600,
10:07:44,68.21,700,
10:07:44,68.21,100,
10:07:44,68.21,400,
10:07:44,68.21,100,
10:07:44,68.21,100,
10:07:44,68.21,400,
10:07:44,68.21,200,
10:07:44,68.21,300,
10:07:44,68.21,100,
10:07:44,68.21,100,
10:07:44,68.21,100,
10:07:44,68.21,200,
10:07:44,68.21,100,
10:07:44,68.21,600,
10:07:44,68.21,100,
10:07:44,68.21,100,
10:07:44,68.215,200,
10:07:52,68.21,190,
10:07:52,68.21,525,
10:07:52,68.21,100,
10:07:52,68.21,1225,
10:07:52,68.21,775,
10:07:52,68.21,700,
10:07:52,68.21,100,
10:07:52,68.21,100,
10:07:52,68.21,400,
10:07:52,68.21,500,
10:07:52,68.21,100,
10:07:52,68.21,600,
10:07:52,68.21,210,
10:07:52,68.21,300,
10:07:52,68.21,810,
10:07:52,68.22,300,
10:07:52,68.22,200,
10:07:52,68.22,2100,
10:07:52,68.22,1000,
10:07:52,68.22,400,
10:07:52,68.22,100,
10:07:52,68.22,700,
10:07:52,68.22,100,
10:07:52,68.22,100,
10:07:52,68.22,100,
10:07:52,68.22,100,
10:07:52,68.22,100,
10:07:52,68.22,3300,
10:07:52,68.22,100,
10:07:52,68.22,796,
10:07:52,68.22,1000,
10:07:56,68.2299,348,
10:07:58,68.228,1100,
10:08:02,68.2201,4000,
10:08:07,68.23,100,
10:08:07,68.23,100,
10:08:08,68.23,100,
10:08:08,68.23,100,
10:08:08,68.23,100,
10:08:08,68.23,400,
10:08:08,68.23,100,
10:08:08,68.23,400,
10:08:08,68.23,100,
10:08:08,68.23,500,
10:08:08,68.23,200,
10:08:08,68.23,400,
10:08:08,68.23,400,
10:08:08,68.23,12800,
10:08:08,68.23,300,
10:08:11,68.23,100,
10:08:14,68.23,100,
10:08:14,68.23,1000,
10:08:14,68.23,800,
10:08:14,68.23,200,
10:08:14,68.23,2400,
10:08:14,68.23,815,
10:08:14,68.23,600,
10:08:14,68.23,500,
10:08:14,68.23,400,
10:08:14,68.23,800,
10:08:14,68.23,400,
10:08:14,68.23,678,
10:08:14,68.23,100,
10:08:14,68.23,800,
10:08:14,68.24,3200,
10:08:14,68.24,5000,
10:08:14,68.24,5000,
10:08:14,68.24,700,
10:08:14,68.23,400,
10:08:16,68.24,123,
10:08:19,68.2399,5000,
10:08:19,68.23,100,
10:08:19,68.23,100,
10:08:19,68.23,100,
10:08:19,68.23,400,
10:08:19,68.23,100,
10:08:19,68.23,100,
10:08:20,68.22,435,
10:08:20,68.22,100,
10:08:20,68.23,400,
10:08:20,68.23,300,
10:08:20,68.23,300,
10:08:20,68.23,400,
10:08:20,68.23,100,
10:08:22,68.228,560,
10:08:32,68.23,500,
10:08:37,68.23,100,
10:08:37,68.23,100,
10:08:41,68.23,100,
10:08:41,68.23,100,
10:08:42,68.23,100,
10:08:44,68.23,100,
10:08:44,68.23,100,
10:08:44,68.23,503,
10:08:44,68.23,100,
10:08:44,68.23,100,
10:08:44,68.23,100,
10:08:44,68.23,100,
10:08:44,68.23,100,
10:08:44,68.23,100,
10:08:44,68.23,100,
10:08:44,68.23,100,
10:08:44,68.23,100,
10:08:45,68.24,100,
10:08:45,68.24,100,
10:08:45,68.24,477,
10:08:46,68.228,200,
10:08:48,68.25,100,
10:08:48,68.25,100,
10:08:49,68.24,163,
10:08:49,68.24,400,
10:08:49,68.24,100,
10:08:49,68.24,100,
10:08:49,68.24,100,
10:08:49,68.24,400,
10:08:50,68.24,800,
10:08:50,68.24,600,
10:08:50,68.24,100,
10:08:50,68.24,702,
10:08:50,68.24,400,
10:08:50,68.24,100,
10:08:50,68.24,400,
10:08:50,68.24,400,
10:08:50,68.24,100,
10:08:50,68.24,100,
10:08:50,68.24,100,
10:08:50,68.24,1400,
10:08:50,68.25,100,
10:08:50,68.25,800,
10:08:50,68.25,100,
10:08:50,68.25,100,
10:08:50,68.25,1600,
10:08:50,68.25,2400,
10:08:50,68.25,200,
10:08:50,68.25,400,
10:08:50,68.25,30000,
10:08:50,68.25,7000,
10:08:50,68.25,700,
10:08:50,68.25,4100,
10:08:50,68.25,1561,
10:08:50,68.25,2400,
10:08:50,68.25,800,
10:08:50,68.25,400,
10:08:50,68.25,100,
10:08:50,68.25,2900,
10:08:50,68.25,100,
10:08:50,68.25,100,
10:08:50,68.25,100,
10:08:50,68.25,100,
10:08:50,68.25,800,
10:08:50,68.25,800,
10:08:50,68.25,500,
10:08:56,68.25,300,
10:08:57,68.25,320,
10:08:57,68.25,600,
10:08:57,68.25,480,
10:08:58,68.25,100,
10:08:58,68.25,100,
10:08:58,68.25,900,
10:08:59,68.255,500,
10:08:59,68.2575,500,
10:09:00,68.25,1300,
10:09:02,68.25,100,
10:09:02,68.2501,1600,
10:09:03,68.25,100,
10:09:04,68.258,1000,
10:09:05,68.25,100,
10:09:05,68.25,100,
10:09:05,68.25,100,
10:09:05,68.25,106,
10:09:05,68.25,100,
10:09:05,68.25,100,
10:09:05,68.25,600,
10:09:05,68.25,100,
10:09:05,68.25,100,
10:09:05,68.25,100,
10:09:07,68.24,100,
10:09:07,68.24,100,
10:09:07,68.24,100,
10:09:07,68.24,100,
10:09:10,68.24,1100,
10:09:14,68.25,200,
10:09:14,68.2433,170,
10:09:14,68.25,100,
10:09:15,68.25,400,
10:09:16,68.25,100,
10:09:16,68.25,100,
10:09:16,68.25,1000,
10:09:16,68.25,100,
10:09:16,68.25,137,
10:09:16,68.25,100,
10:09:16,68.25,400,
10:09:16,68.25,100,
10:09:17,68.2599,4200,
10:09:19,68.26,800,
10:09:19,68.26,500,
10:09:19,68.26,200,
10:09:19,68.26,500,
10:09:19,68.26,100,
10:09:19,68.26,100,
10:09:19,68.26,700,
10:09:19,68.26,400,
10:09:20,68.26,100,
10:09:20,68.26,500,
10:09:20,68.26,100,
10:09:21,68.26,200,
10:09:21,68.26,500,
10:09:22,68.25,700,
10:09:22,68.25,100,
10:09:22,68.25,100,
10:09:22,68.25,500,
10:09:22,68.2525,1600,
10:09:22,68.2455,650,
10:09:24,68.2479,100,
10:09:27,68.25,200,
10:09:27,68.25,400,
10:09:27,68.25,100,
10:09:27,68.25,100,
10:09:27,68.25,100,
10:09:27,68.25,200,
10:09:29,68.26,100,
10:09:34,68.26,100,
10:09:34,68.26,100,
10:09:37,68.26,100,
10:09:44,68.25,600,
10:09:44,68.25,427,
10:09:44,68.25,500,
10:09:44,68.25,500,
10:09:44,68.25,200,
10:09:44,68.25,400,
10:09:44,68.25,100,
10:09:44,68.25,462,
10:09:44,68.25,273,
10:09:44,68.25,100,
10:09:45,68.24,200,
10:09:46,68.24,1800,
10:09:49,68.25,400,
10:09:50,68.25,200,
10:09:50,68.25,200,
10:09:51,68.24,200,
10:09:53,68.24,100,
10:09:55,68.25,100,
10:09:56,68.25,187,
10:09:56,68.25,313,
10:09:57,68.25,100,
10:09:57,68.25,500,
10:09:57,68.25,500,
10:09:57,68.25,100,
10:09:58,68.25,200,
10:09:58,68.259,100,
10:09:58,68.258,198,
10:10:02,68.25,500,
10:10:02,68.25,200,
10:10:02,68.25,400,
10:10:02,68.25,400,
10:10:02,68.25,3000,
10:10:02,68.25,100,
10:10:02,68.25,100,
10:10:03,68.25,102,
10:10:07,68.24,100,
10:10:07,68.24,200,
10:10:07,68.24,100,
10:10:07,68.24,100,
10:10:10,68.24,500,
10:10:10,68.24,200,
10:10:15,68.2425,300,
10:10:15,68.245,549,
10:10:15,68.24,600,
10:10:15,68.245,1000,
10:10:15,68.24,500,
10:10:20,68.235,251,
10:10:20,68.24,851,
10:10:26,68.24,100,
10:10:26,68.24,100,
10:10:26,68.24,500,
10:10:26,68.24,351,
10:10:30,68.24,500,
10:10:35,68.25,337,
10:10:36,68.25,100,
10:10:36,68.25,100,
10:10:42,68.2479,100,
10:10:44,68.25,100,
10:10:44,68.25,1000,
10:10:44,68.25,100,
10:10:44,68.25,100,
10:10:44,68.25,100,
10:10:48,68.25,1000,
10:10:48,68.25,100,
10:10:48,68.25,100,
10:10:48,68.25,400,
10:10:48,68.255,400,
10:10:53,68.24,100,
10:10:55,68.24,191,
10:10:55,68.245,1000,
10:10:55,68.24,100,
10:10:55,68.24,400,
10:10:55,68.24,100,
10:10:55,68.24,100,
10:10:55,68.24,400,
10:10:55,68.24,209,
10:10:55,68.24,100,
10:10:55,68.24,100,
10:10:55,68.245,300,
10:10:59,68.24,1000,
10:10:59,68.24,1100,
10:10:59,68.24,800,
10:10:59,68.24,800,
10:10:59,68.24,800,
10:10:59,68.24,100,
10:10:59,68.24,800,
10:10:59,68.24,600,
10:10:59,68.24,100,
10:10:59,68.24,100,
10:10:59,68.24,1000,
10:10:59,68.24,100,
10:10:59,68.24,100,
10:10:59,68.24,600,
10:11:06,68.2485,293,
10:11:07,68.24,100,
10:11:07,68.24,100,
10:11:07,68.24,100,
10:11:07,68.24,150,
10:11:07,68.24,500,
10:11:07,68.24,100,
10:11:09,68.2393,300,
10:11:13,68.239,100,
10:11:15,68.2399,1750,
10:11:26,68.24,100,
10:11:26,68.24,100,
10:11:26,68.24,400,
10:11:26,68.24,137,
10:11:26,68.25,1000,
10:11:26,68.25,1000,
10:11:32,68.24,100,
10:11:32,68.24,100,
10:11:33,68.24,400,
10:11:33,68.24,100,
10:11:33,68.24,700,
10:11:33,68.24,100,
10:11:33,68.24,400,
10:11:38,68.239,400,
10:11:38,68.239,400,
10:11:38,68.24,100,
10:11:44,68.25,600,
10:11:44,68.25,100,
10:11:44,68.25,500,
10:11:44,68.25,100,
10:11:44,68.25,100,
10:11:46,68.25,400,
10:11:46,68.25,100,
10:11:46,68.25,500,
10:11:46,68.25,100,
10:11:46,68.25,400,
10:11:46,68.25,100,
10:11:46,68.25,100,
10:11:46,68.25,500,
10:11:46,68.25,100,
10:12:05,68.25,100,
10:12:05,68.25,200,
10:12:06,68.25,11910,
10:12:22,68.26,3900,
10:12:22,68.2688,525,
10:12:22,68.269,1000,
10:12:28,68.27,2000,
10:12:29,68.2605,1000,
10:12:30,68.26,225,
10:12:30,68.26,100,
10:12:41,68.2614,100,
10:12:42,68.27,100,
10:12:43,68.2607,300,
10:12:46,68.2791,100,
10:12:47,68.28,100,
10:12:48,68.279,700,
10:12:48,68.279,600,
10:12:50,68.278,100,
10:12:51,68.28,204,
10:12:51,68.28,100,
10:12:53,68.28,100,
10:12:53,68.28,100,
10:12:53,68.28,585,
10:12:53,68.28,500,
10:12:53,68.28,100,
10:12:53,68.28,800,
10:12:53,68.28,239,
10:12:53,68.28,100,
10:12:55,68.28,301,
10:12:55,68.28,100,
10:12:58,68.28,402,
10:12:58,68.28,102,
10:13:00,68.29,200,
10:13:00,68.29,193,
10:13:01,68.28,200,
10:13:01,68.285,1100,
10:13:06,68.29,10000,
10:13:09,68.28,767,
10:13:12,68.29,500,
10:13:12,68.29,100,
10:13:12,68.29,1000,
10:13:12,68.29,1800,
10:13:14,68.29,800,
10:13:14,68.29,100,
10:13:14,68.29,100,
10:13:14,68.29,100,
10:13:14,68.29,400,
10:13:14,68.29,800,
10:13:14,68.29,800,
10:13:14,68.29,400,
10:13:14,68.29,100,
10:13:14,68.29,100,
10:13:14,68.29,700,
10:13:14,68.29,600,
10:13:14,68.29,104,
10:13:14,68.29,800,
10:13:14,68.29,2400,
10:13:14,68.29,2000,
10:13:14,68.29,200,
10:13:14,68.29,1000,
10:13:14,68.29,500,
10:13:14,68.29,1000,
10:13:14,68.29,100,
10:13:14,68.29,500,
10:13:14,68.29,300,
10:13:15,68.30,600,
10:13:19,68.299,200,
10:13:19,68.30,200,
10:13:21,68.29,100,
10:13:21,68.30,165,
10:13:21,68.2995,1000,
10:13:21,68.2996,3300,
10:13:22,68.2918,101,
10:13:24,68.295,653,
10:13:26,68.3084,120,
10:13:30,68.31,100,
10:13:35,68.32,700,
10:13:35,68.32,178,
10:13:36,68.32,100,
10:13:38,68.3179,250,
10:13:40,68.318,500,
10:13:44,68.31,900,
10:13:44,68.31,800,
10:13:44,68.31,100,
10:13:44,68.31,100,
10:13:45,68.31,200,
10:13:45,68.31,500,
10:13:45,68.31,100,
10:13:45,68.31,200,
10:13:48,68.31,800,
10:13:48,68.31,400,
10:13:48,68.31,100,
10:13:48,68.31,300,
10:13:48,68.31,200,
10:13:48,68.31,500,
10:13:48,68.31,100,
10:13:48,68.31,100,
10:13:48,68.31,700,
10:13:48,68.31,200,
10:13:48,68.31,200,
10:13:48,68.31,300,
10:13:48,68.31,100,
10:13:48,68.31,100,
10:13:48,68.31,200,
10:13:48,68.315,600,
10:13:54,68.305,100,
10:13:57,68.3093,300,
10:13:59,68.31,100,
10:13:59,68.31,100,
10:13:59,68.31,1000,
10:13:59,68.31,200,
10:13:59,68.31,400,
10:13:59,68.31,100,
10:13:59,68.31,100,
10:13:59,68.31,400,
10:13:59,68.31,219,
10:13:59,68.31,800,
10:14:03,68.3087,300,
10:14:03,68.309,400,
10:14:03,68.31,500,
10:14:03,68.31,400,
10:14:03,68.31,1000,
10:14:03,68.31,600,
10:14:03,68.31,600,
10:14:03,68.31,500,
10:14:03,68.31,100,
10:14:03,68.31,300,
10:14:09,68.31,100,
10:14:09,68.31,400,
10:14:09,68.31,400,
10:14:09,68.31,100,
10:14:09,68.31,100,
10:14:11,68.31,100,
10:14:12,68.31,200,
10:14:12,68.31,200,
10:14:12,68.31,100,
10:14:13,68.318,200,
10:14:14,68.31,100,
10:14:14,68.31,900,
10:14:14,68.31,400,
10:14:14,68.315,100,
10:14:14,68.315,200,
10:14:14,68.31,500,
10:14:14,68.31,208,
10:14:14,68.31,200,
10:14:15,68.30,100,
10:14:16,68.30,285,
10:14:16,68.30,100,
10:14:16,68.30,100,
10:14:16,68.30,100,
10:14:16,68.30,360,
10:14:16,68.30,100,
10:14:16,68.30,600,
10:14:16,68.30,700,
10:14:16,68.3025,900,
10:14:19,68.29,100,
10:14:25,68.299,100,
10:14:25,68.29,200,
10:14:26,68.299,200,
10:14:32,68.29,100,
10:14:32,68.29,200,
10:14:32,68.29,200,
10:14:32,68.29,100,
10:14:32,68.29,200,
10:14:32,68.29,200,
10:14:32,68.29,100,
10:14:33,68.29,100,
10:14:33,68.29,200,
10:14:33,68.29,4500,
10:14:33,68.2904,500,
10:14:36,68.29,400,
10:14:36,68.29,200,
10:14:36,68.29,400,
10:14:36,68.29,800,
10:14:36,68.30,600,
10:14:36,68.30,100,
10:14:36,68.30,400,
10:14:36,68.30,100,
10:14:36,68.30,400,
10:14:36,68.30,100,
10:14:36,68.30,6600,
10:14:36,68.30,800,
10:14:36,68.30,200,
10:14:36,68.30,200,
10:14:38,68.3092,100,
10:14:39,68.31,100,
10:14:39,68.31,800,
10:14:39,68.31,800,
10:14:39,68.31,400,
10:14:39,68.31,100,
10:14:39,68.31,100,
10:14:39,68.31,1000,
10:14:39,68.31,100,
10:14:39,68.31,100,
10:14:39,68.31,400,
10:14:39,68.31,600,
10:14:40,68.3014,100,
10:14:44,68.31,500,
10:14:45,68.3005,1000,
10:14:50,68.30,100,
10:14:50,68.31,100,
10:14:50,68.31,700,
10:14:52,68.30,488,
10:14:52,68.30,100,
10:14:52,68.30,100,
10:14:52,68.30,100,
10:14:52,68.30,100,
10:14:53,68.308,200,
10:15:00,68.30,100,
10:15:00,68.30,100,
10:15:00,68.30,100,
10:15:00,68.30,100,
10:15:00,68.30,100,
10:15:00,68.30,100,
10:15:00,68.30,500,
10:15:00,68.30,400,
10:15:00,68.30,324,
10:15:00,68.31,100,
10:15:00,68.3095,200,
10:15:01,68.31,800,
10:15:01,68.31,100,
10:15:05,68.31,161,
10:15:10,68.319,100,
10:15:11,68.3193,100,
10:15:12,68.31,400,
10:15:16,68.31,100,
10:15:16,68.31,100,
10:15:16,68.31,100,
10:15:16,68.31,800,
10:15:16,68.31,100,
10:15:16,68.31,539,
10:15:16,68.31,2000,
10:15:16,68.31,292,
10:15:16,68.31,400,
10:15:16,68.31,100,
10:15:16,68.31,400,
10:15:16,68.31,292,
10:15:16,68.31,800,
10:15:16,68.315,300,
10:15:17,68.32,491,
10:15:20,68.3199,2000,
10:15:24,68.32,200,
10:15:24,68.31,100,
10:15:24,68.31,100,
10:15:24,68.31,100,
10:15:24,68.31,200,
10:15:24,68.32,100,
10:15:26,68.31,400,
10:15:26,68.31,400,
10:15:30,68.31,400,
10:15:32,68.32,3000,
10:15:32,68.31,400,
10:15:32,68.31,400,
10:15:34,68.32,708,
10:15:35,68.32,100,
10:15:35,68.32,100,
10:15:35,68.32,600,
10:15:35,68.32,400,
10:15:35,68.32,300,
10:15:35,68.32,100,
10:15:35,68.32,100,
10:15:35,68.32,100,
10:15:35,68.32,600,
10:15:35,68.32,100,
10:15:35,68.32,100,
10:15:35,68.3225,700,
10:15:38,68.3179,900,
10:15:38,68.32,100,
10:15:38,68.32,900,
10:15:38,68.32,100,
10:15:38,68.32,400,
10:15:38,68.32,100,
10:15:38,68.32,700,
10:15:38,68.3179,700,
10:15:38,68.3179,100,
10:15:38,68.3179,100,
10:15:38,68.32,125,
10:15:38,68.3179,400,
10:15:38,68.3179,100,
10:15:40,68.31,600,
10:15:40,68.31,600,
10:15:42,68.31,200,
10:15:42,68.31,1700,
10:15:42,68.31,400,
10:15:42,68.31,800,
10:15:42,68.31,800,
10:15:42,68.31,200,
10:15:42,68.31,300,
10:15:42,68.31,1000,
10:15:42,68.315,600,
10:15:45,68.31,800,
10:15:49,68.31,400,
10:15:49,68.31,100,
10:15:50,68.31,700,
10:16:03,68.315,1500,
10:16:03,68.32,100,
10:16:03,68.32,400,
10:16:04,68.32,585,
10:16:04,68.32,1000,
10:16:10,68.32,800,
10:16:14,68.312,800,
10:16:15,68.33,100,
10:16:17,68.33,500,
10:16:17,68.33,400,
10:16:17,68.33,200,
10:16:17,68.33,200,
10:16:17,68.3398,400,
10:16:17,68.3399,400,
10:16:17,68.33,2200,
10:16:17,68.34,4000,
10:16:17,68.34,700,
10:16:17,68.34,300,
10:16:17,68.33,100,
10:16:17,68.33,800,
10:16:18,68.34,100,
10:16:20,68.34,1008,
10:16:26,68.34,1800,
10:16:27,68.33,100,
10:16:27,68.33,400,
10:16:27,68.33,100,
10:16:27,68.33,600,
10:16:27,68.33,800,
10:16:27,68.33,315,
10:16:27,68.33,100,
10:16:27,68.33,400,
10:16:27,68.33,315,
10:16:27,68.33,400,
10:16:27,68.33,100,
10:16:27,68.33,700,
10:16:27,68.3325,100,
10:16:28,68.328,200,
10:16:34,68.32,100,
10:16:34,68.32,100,
10:16:34,68.32,100,
10:16:34,68.32,100,
10:16:34,68.32,100,
10:16:34,68.32,100,
10:16:34,68.32,800,
10:16:34,68.32,200,
10:16:34,68.32,100,
10:16:39,68.31,400,
10:16:39,68.31,2000,
10:16:43,68.30,100,
10:16:43,68.31,100,
10:16:43,68.31,331,
10:16:43,68.31,1000,
10:16:43,68.31,100,
10:16:43,68.31,269,
10:16:43,68.31,1300,
10:16:43,68.31,100,
10:16:43,68.31,100,
10:16:43,68.31,100,
10:16:43,68.31,400,
10:16:43,68.31,100,
10:16:45,68.3178,100,
10:16:45,68.319,200,
10:16:48,68.32,400,
10:16:48,68.32,100,
10:16:48,68.32,1000,
10:16:48,68.32,100,
10:16:48,68.32,400,
10:16:48,68.32,1000,
10:16:49,68.32,400,
10:16:50,68.31,3000,
10:16:51,68.32,300,
10:16:55,68.32,200,
10:16:55,68.32,400,
10:16:55,68.32,500,
10:16:55,68.32,100,
10:16:55,68.32,400,
10:16:55,68.32,800,
10:17:02,68.317,300,
10:17:11,68.318,880,
10:17:11,68.31,600,
10:17:12,68.31,500,
10:17:12,68.31,100,
10:17:14,68.32,200,
10:17:15,68.32,484,
10:17:15,68.32,100,
10:17:15,68.32,100,
10:17:15,68.32,300,
10:17:15,68.32,100,
10:17:15,68.32,100,
10:17:23,68.319,100,
10:17:25,68.32,100,
10:17:25,68.32,100,
10:17:25,68.32,400,
10:17:25,68.32,1000,
10:17:25,68.3278,400,
10:17:25,68.329,480,
10:17:26,68.329,1720,
10:17:29,68.33,100,
10:17:29,68.33,500,
10:17:29,68.33,100,
10:17:30,68.33,100,
10:17:30,68.33,100,
10:17:30,68.33,100,
10:17:30,68.33,100,
10:17:30,68.33,400,
10:17:30,68.33,100,
10:17:30,68.33,300,
10:17:30,68.3325,1400,
10:17:38,68.3224,100,
10:17:43,68.32,100,
10:17:51,68.33,100,
10:17:51,68.33,3300,
10:17:58,68.322,367,
10:18:01,68.33,100,
10:18:01,68.33,100,
10:18:01,68.33,100,
10:18:04,68.34,275,
10:18:04,68.34,100,
10:18:04,68.335,400,
10:18:05,68.34,122,
10:18:05,68.34,1000,
10:18:05,68.34,800,
10:18:07,68.35,577,
10:18:07,68.35,400,
10:18:07,68.35,100,
10:18:07,68.35,400,
10:18:07,68.35,378,
10:18:08,68.35,175,
10:18:08,68.35,175,
10:18:08,68.35,1000,
10:18:08,68.35,800,
10:18:08,68.349,225,
10:18:12,68.34,100,
10:18:12,68.34,400,
10:18:12,68.34,100,
10:18:12,68.34,800,
10:18:13,68.35,300,
10:18:13,68.35,500,
10:18:13,68.34,100,
10:18:13,68.34,100,
10:18:13,68.34,400,
10:18:13,68.34,900,
10:18:13,68.349,400,
10:18:13,68.349,1000,
10:18:14,68.349,100,
10:18:14,68.35,200,
10:18:18,68.34,700,
10:18:18,68.34,800,
10:18:19,68.34,100,
10:18:19,68.34,800,
10:18:19,68.34,200,
10:18:19,68.34,100,
10:18:22,68.35,100,
10:18:22,68.35,100,
10:18:22,68.35,100,
10:18:23,68.3486,900,
10:18:23,68.35,400,
10:18:27,68.36,200,
10:18:27,68.36,200,
10:18:27,68.36,100,
10:18:27,68.36,185,
10:18:27,68.36,200,
10:18:27,68.35,100,
10:18:27,68.35,191,
10:18:27,68.35,1000,
10:18:27,68.35,100,
10:18:27,68.35,100,
10:18:27,68.35,100,
10:18:27,68.35,100,
10:18:27,68.35,100,
10:18:27,68.35,100,
10:18:27,68.35,500,
10:18:27,68.355,1000,
10:18:28,68.35,100,
10:18:29,68.35,1000,
10:18:32,68.35,200,
10:18:38,68.34,200,
10:18:39,68.35,100,
10:18:39,68.35,100,
10:18:43,68.358,200,
10:18:49,68.36,600,
10:18:52,68.353,100,
10:18:52,68.3501,300,
10:18:53,68.355,100,
10:18:59,68.35,300,
10:18:59,68.36,600,
10:18:59,68.36,200,
10:18:59,68.36,1000,
10:18:59,68.36,669,
10:19:00,68.37,200,
10:19:00,68.36,100,
10:19:00,68.36,100,
10:19:00,68.36,500,
10:19:00,68.36,1000,
10:19:00,68.36,100,
10:19:00,68.36,100,
10:19:04,68.36,100,
10:19:13,68.3593,300,
10:19:15,68.358,1000,
10:19:17,68.358,100,
10:19:19,68.35,100,
10:19:19,68.35,500,
10:19:19,68.35,100,
10:19:19,68.35,700,
10:19:19,68.35,100,
10:19:19,68.35,100,
10:19:19,68.35,100,
10:19:19,68.35,100,
10:19:19,68.35,800,
10:19:19,68.35,100,
10:19:19,68.35,400,
10:19:19,68.35,100,
10:19:19,68.35,100,
10:19:19,68.36,100,
10:19:20,68.35,1920,
10:19:20,68.35,200,
10:19:20,68.35,400,
10:19:20,68.35,100,
10:19:20,68.35,100,
10:19:20,68.35,100,
10:19:24,68.35,500,
10:19:26,68.3493,300,
10:19:27,68.35,400,
10:19:27,68.35,1000,
10:19:27,68.35,400,
10:19:27,68.35,100,
10:19:27,68.35,600,
10:19:27,68.35,100,
10:19:27,68.36,400,
10:19:27,68.36,600,
10:19:27,68.36,100,
10:19:27,68.36,1000,
10:19:27,68.36,815,
10:19:27,68.36,1000,
10:19:27,68.36,200,
10:19:27,68.36,7000,
10:19:27,68.36,2400,
10:19:27,68.36,800,
10:19:27,68.36,400,
10:19:27,68.36,600,
10:19:27,68.36,100,
10:19:27,68.36,800,
10:19:27,68.36,400,
10:19:27,68.36,500,
10:19:27,68.36,100,
10:19:27,68.36,637,
10:19:27,68.36,500,
10:19:27,68.36,300,
10:19:27,68.36,400,
10:19:27,68.36,2000,
10:19:27,68.36,30000,
10:19:27,68.36,500,
10:19:27,68.36,800,
10:19:27,68.36,600,
10:19:27,68.36,100,
10:19:27,68.36,400,
10:19:27,68.36,1820,
10:19:27,68.36,479,
10:19:27,68.36,100,
10:19:27,68.36,1900,
10:19:27,68.36,2400,
10:19:27,68.36,1600,
10:19:27,68.36,800,
10:19:27,68.36,500,
10:19:27,68.36,500,
10:19:27,68.36,1400,
10:19:29,68.36,400,
10:19:29,68.36,500,
10:19:29,68.36,100,
10:19:29,68.36,100,
10:19:29,68.36,400,
10:19:29,68.36,100,
10:19:29,68.36,100,
10:19:29,68.36,785,
10:19:32,68.36,415,
10:19:32,68.36,700,
10:19:32,68.36,2385,
10:19:34,68.36,100,
10:19:34,68.36,400,
10:19:34,68.36,100,
10:19:34,68.36,600,
10:19:34,68.36,100,
10:19:34,68.36,100,
10:19:35,68.359,100,
10:19:35,68.359,600,
10:19:40,68.36,100,
10:19:40,68.36,200,
10:19:46,68.37,400,
10:19:46,68.37,400,
10:19:51,68.37,943,
10:19:51,68.37,400,
10:19:51,68.37,1000,
10:19:51,68.37,400,
10:19:51,68.37,700,
10:19:51,68.37,100,
10:19:51,68.37,600,
10:19:52,68.38,200,
10:19:54,68.38,600,
10:19:55,68.38,730,
10:19:55,68.38,100,
10:19:55,68.38,1000,
10:19:55,68.38,500,
10:19:55,68.38,400,
10:19:55,68.38,400,
10:19:55,68.38,400,
10:19:55,68.38,100,
10:19:55,68.38,1046,
10:19:55,68.38,1400,
10:19:55,68.38,100,
10:19:55,68.38,800,
10:19:55,68.38,100,
10:19:55,68.38,200,
10:19:59,68.37,800,
10:19:59,68.37,100,
10:19:59,68.37,2000,
10:20:00,68.3738,150,
10:20:02,68.37,100,
10:20:02,68.37,100,
10:20:02,68.37,100,
10:20:02,68.37,1000,
10:20:02,68.37,300,
10:20:02,68.37,600,
10:20:02,68.37,1390,
10:20:02,68.37,500,
10:20:02,68.37,600,
10:20:02,68.37,200,
10:20:05,68.3626,100,
10:20:06,68.36,1100,
10:20:09,68.365,4000,
10:20:09,68.36,1000,
10:20:09,68.36,400,
10:20:09,68.36,100,
10:20:13,68.35,272,
10:20:13,68.35,800,
10:20:14,68.35,225,
10:20:14,68.35,400,
10:20:14,68.35,400,
10:20:14,68.35,500,
10:20:14,68.35,100,
10:20:14,68.35,254,
10:20:14,68.35,100,
10:20:15,68.34,170,
10:20:15,68.34,200,
10:20:15,68.34,815,
10:20:17,68.34,392,
10:20:18,68.34,100,
10:20:18,68.34,100,
10:20:18,68.34,100,
10:20:19,68.345,400,
10:20:23,68.345,400,
10:20:23,68.35,400,
10:20:23,68.35,1000,
10:20:23,68.35,100,
10:20:23,68.35,217,
10:20:23,68.35,1000,
10:20:23,68.35,100,
10:20:23,68.345,400,
10:20:23,68.345,400,
10:20:24,68.35,1000,
10:20:27,68.35,261,
10:20:27,68.35,100,
10:20:27,68.35,100,
10:20:30,68.36,100,
10:20:38,68.3569,450,
10:20:41,68.35,800,
10:20:41,68.35,100,
10:20:41,68.35,100,
10:20:42,68.34,16300,
10:20:56,68.342,300,
10:20:59,68.34,1100,
10:20:59,68.34,500,
10:20:59,68.34,200,
10:20:59,68.34,100,
10:20:59,68.34,500,
10:20:59,68.33,300,
10:21:00,68.33,100,
10:21:00,68.33,100,
10:21:00,68.33,400,
10:21:00,68.33,400,
10:21:02,68.33,400,
10:21:02,68.329,300,
10:21:05,68.32,100,
10:21:06,68.32,270,
10:21:06,68.32,685,
10:21:06,68.32,100,
10:21:06,68.32,200,
10:21:06,68.32,300,
10:21:11,68.328,100,
10:21:25,68.32,500,
10:21:25,68.32,100,
10:21:25,68.32,100,
10:21:25,68.32,1000,
10:21:25,68.32,100,
10:21:25,68.32,100,
10:21:25,68.32,500,
10:21:27,68.32,115,
10:21:27,68.32,100,
10:21:27,68.32,100,
10:21:27,68.32,100,
10:21:27,68.32,400,
10:21:37,68.325,200,
10:21:40,68.32,600,
10:21:43,68.32,500,
10:21:43,68.32,100,
10:21:43,68.32,400,
10:21:43,68.32,100,
10:21:43,68.32,329,
10:21:45,68.31,400,
10:21:45,68.31,1000,
10:21:46,68.31,400,
10:21:53,68.31,500,
10:21:53,68.31,100,
10:21:53,68.31,400,
10:21:53,68.31,500,
10:21:58,68.31,1000,
10:22:00,68.31,1400,
10:22:03,68.31,100,
10:22:04,68.31,100,
10:22:05,68.31,100,
10:22:10,68.30,100,
10:22:10,68.30,1000,
10:22:10,68.30,170,
10:22:10,68.30,385,
10:22:11,68.30,200,
10:22:14,68.292,500,
10:22:15,68.30,100,
10:22:18,68.30,800,
10:22:18,68.30,800,
10:22:18,68.30,800,
10:22:18,68.30,400,
10:22:18,68.30,100,
10:22:18,68.30,500,
10:22:18,68.30,600,
10:22:18,68.30,100,
10:22:18,68.30,100,
10:22:18,68.30,400,
10:22:18,68.30,200,
10:22:18,68.30,400,
10:22:20,68.30,100,
10:22:20,68.30,100,
10:22:20,68.30,400,
10:22:20,68.30,100,
10:22:20,68.30,500,
10:22:20,68.30,100,
10:22:20,68.3001,100,
10:22:20,68.3001,500,
10:22:20,68.3001,100,
10:22:20,68.3001,100,
10:22:20,68.3001,400,
10:22:20,68.3001,100,
10:22:20,68.30,200,
10:22:20,68.30,600,
10:22:21,68.2901,230,
10:22:22,68.29,400,
10:22:22,68.29,100,
10:22:22,68.29,615,
10:22:22,68.295,100,
10:22:22,68.29,700,
10:22:23,68.2965,100,
10:22:25,68.30,200,
10:22:25,68.30,100,
10:22:25,68.30,100,
10:22:25,68.30,100,
10:22:26,68.30,400,
10:22:26,68.30,100,
10:22:26,68.30,100,
10:22:26,68.30,1000,
10:22:26,68.30,500,
10:22:26,68.30,100,
10:22:26,68.30,600,
10:22:26,68.30,800,
10:22:26,68.30,600,
10:22:26,68.30,100,
10:22:26,68.30,700,
10:22:27,68.29,100,
10:22:27,68.29,100,
10:22:27,68.29,300,
10:22:27,68.29,700,
10:22:27,68.30,100,
10:22:27,68.30,100,
10:22:27,68.30,900,
10:22:27,68.30,100,
10:22:27,68.30,325,
10:22:27,68.30,100,
10:22:27,68.30,300,
10:22:27,68.30,200,
10:22:27,68.31,100,
10:22:27,68.31,100,
10:22:31,68.30,101,
10:22:33,68.305,100,
10:22:35,68.30,400,
10:22:35,68.30,100,
10:22:35,68.30,100,
10:22:35,68.30,100,
10:22:35,68.30,160,
10:22:35,68.30,500,
10:22:35,68.30,285,
10:22:35,68.30,500,
10:22:35,68.30,600,
10:22:35,68.30,600,
10:22:35,68.30,600,
10:22:35,68.30,100,
10:22:35,68.30,100,
10:22:35,68.30,100,
10:22:41,68.30,100,
10:22:41,68.30,700,
10:22:42,68.30,100,
10:22:42,68.30,400,
10:22:42,68.30,400,
10:22:42,68.30,600,
10:22:42,68.30,100,
10:22:42,68.30,100,
10:22:42,68.30,400,
10:22:53,68.31,400,
10:22:53,68.31,100,
10:22:53,68.3062,735,
10:22:57,68.31,500,
10:22:59,68.31,100,
10:23:03,68.308,100,
10:23:06,68.31,800,
10:23:06,68.31,600,
10:23:06,68.31,600,
10:23:06,68.31,800,
10:23:06,68.31,1400,
10:23:06,68.32,100,
10:23:08,68.31,400,
10:23:08,68.31,1000,
10:23:13,68.31,500,
10:23:13,68.31,100,
10:23:13,68.31,200,
10:23:13,68.31,100,
10:23:13,68.31,100,
10:23:13,68.315,100,
10:23:16,68.315,200,
10:23:19,68.31,471,
10:23:19,68.31,100,
10:23:19,68.31,1529,
10:23:22,68.31,1587,
10:23:22,68.31,800,
10:23:22,68.315,200,
10:23:25,68.3193,110,
10:23:27,68.32,125,
10:23:29,68.31,700,
10:23:29,68.32,145,
10:23:30,68.318,145,
10:23:33,68.31,100,
10:23:36,68.31,200,
10:23:36,68.31,500,
10:23:36,68.31,1600,
10:23:37,68.31,700,
10:23:39,68.31,500,
10:23:39,68.31,800,
10:23:39,68.31,1600,
10:23:39,68.31,700,
10:23:39,68.31,100,
10:23:39,68.315,200,
10:23:39,68.315,100,
10:23:44,68.318,590,
10:23:45,68.31,200,
10:23:46,68.31,100,
10:23:46,68.31,300,
10:23:46,68.31,100,
10:23:46,68.31,300,
10:23:47,68.31,100,
10:23:47,68.31,100,
10:23:47,68.31,500,
10:23:47,68.31,100,
10:23:47,68.31,500,
10:23:51,68.31,400,
10:23:54,68.31,200,
10:23:55,68.31,200,
10:23:57,68.31,200,
10:23:59,68.31,200,
10:24:00,68.31,200,
10:24:01,68.31,100,
10:24:03,68.32,100,
10:24:03,68.32,200,
10:24:03,68.32,100,
10:24:03,68.32,400,
10:24:03,68.315,100,
10:24:03,68.3179,400,
10:24:03,68.3179,1000,
10:24:03,68.3179,200,
10:24:03,68.3179,100,
10:24:03,68.3179,1019,
10:24:04,68.33,100,
10:24:07,68.32,200,
10:24:08,68.32,900,
10:24:08,68.32,200,
10:24:08,68.32,300,
10:24:08,68.32,500,
10:24:08,68.32,200,
10:24:08,68.32,6600,
10:24:08,68.32,500,
10:24:08,68.32,578,
10:24:08,68.32,100,
10:24:08,68.32,400,
10:24:08,68.32,800,
10:24:08,68.3213,800,
10:24:10,68.325,500,
10:24:10,68.32,400,
10:24:10,68.32,100,
10:24:10,68.32,100,
10:24:10,68.32,100,
10:24:11,68.32,100,
10:24:11,68.325,300,
10:24:12,68.32,100,
10:24:12,68.32,100,
10:24:12,68.32,100,
10:24:15,68.3193,300,
10:24:16,68.31,200,
10:24:17,68.32,496,
10:24:17,68.32,200,
10:24:17,68.32,100,
10:24:17,68.32,200,
10:24:22,68.32,800,
10:24:25,68.32,100,
10:24:25,68.32,100,
10:24:25,68.32,100,
10:24:25,68.32,100,
10:24:25,68.32,500,
10:24:25,68.32,100,
10:24:26,68.31,500,
10:24:26,68.31,400,
10:24:26,68.31,800,
10:24:28,68.31,1600,
10:24:28,68.31,300,
10:24:28,68.31,100,
10:24:30,68.31,1400,
10:24:30,68.32,100,
10:24:35,68.32,100,
10:24:37,68.32,800,
10:24:38,68.31,200,
10:24:39,68.31,100,
10:24:42,68.32,100,
10:24:42,68.3199,1000,
10:24:48,68.32,800,
10:24:49,68.32,100,
10:24:49,68.32,100,
10:24:49,68.32,200,
10:24:49,68.3299,1600,
10:24:50,68.33,300,
10:24:50,68.33,100,
10:24:55,68.335,643,
10:24:58,68.3399,2800,
10:25:00,68.335,640,
10:25:10,68.3392,200,
10:25:10,68.33,100,
10:25:11,68.33,100,
10:25:11,68.33,100,
10:25:11,68.33,100,
10:25:11,68.33,400,
10:25:11,68.33,100,
10:25:11,68.33,500,
10:25:11,68.33,1400,
10:25:14,68.3237,1000,
10:25:17,68.32,200,
10:25:17,68.32,100,
10:25:17,68.32,400,
10:25:18,68.32,100,
10:25:18,68.32,100,
10:25:18,68.32,100,
10:25:18,68.32,100,
10:25:19,68.32,100,
10:25:20,68.32,387,
10:25:22,68.31,600,
10:25:22,68.31,800,
10:25:23,68.31,2500,
10:25:23,68.31,377,
10:25:23,68.31,300,
10:25:23,68.31,100,
10:25:23,68.31,377,
10:25:23,68.31,600,
10:25:23,68.31,1223,
10:25:23,68.31,710,
10:25:23,68.31,200,
10:25:23,68.31,100,
10:25:23,68.31,100,
10:25:23,68.31,400,
10:25:23,68.31,390,
10:25:23,68.30,500,
10:25:23,68.30,400,
10:25:23,68.30,100,
10:25:23,68.30,100,
10:25:23,68.30,567,
10:25:24,68.29,100,
10:25:24,68.29,492,
10:25:24,68.30,100,
10:25:24,68.29,100,
10:25:24,68.29,100,
10:25:26,68.29,400,
10:25:26,68.29,100,
10:25:26,68.29,592,
10:25:26,68.29,100,
10:25:26,68.29,800,
10:25:26,68.29,100,
10:25:26,68.29,800,
10:25:26,68.29,600,
10:25:26,68.29,1725,
10:25:26,68.29,100,
10:25:26,68.29,200,
10:25:26,68.29,100,
10:25:26,68.29,100,
10:25:26,68.29,1400,
10:25:26,68.29,100,
10:25:30,68.29,400,
10:25:30,68.29,100,
10:25:30,68.295,100,
10:25:30,68.29,192,
10:25:30,68.295,100,
10:25:31,68.29,100,
10:25:31,68.29,800,
10:25:31,68.295,100,
10:25:32,68.29,400,
10:25:32,68.29,100,
10:25:32,68.29,100,
10:25:36,68.29,100,
10:25:36,68.29,364,
10:25:36,68.29,300,
10:25:36,68.29,100,
10:25:36,68.29,1000,
10:25:36,68.29,100,
10:25:36,68.29,300,
10:25:36,68.29,700,
10:25:36,68.29,1400,
10:25:36,68.30,300,
10:25:36,68.30,100,
10:25:36,68.30,400,
10:25:39,68.30,100,
10:25:43,68.29,100,
10:25:43,68.29,400,
10:25:44,68.295,400,
10:25:49,68.29,1000,
10:25:54,68.29,100,
10:25:54,68.29,500,
10:25:55,68.29,100,
10:25:55,68.29,100,
10:25:57,68.29,100,
10:26:07,68.28,500,
10:26:07,68.28,500,
10:26:07,68.28,800,
10:26:07,68.28,800,
10:26:07,68.28,100,
10:26:07,68.285,100,
10:26:07,68.28,200,
10:26:07,68.28,100,
10:26:07,68.28,100,
10:26:07,68.28,100,
10:26:07,68.28,800,
10:26:07,68.28,200,
10:26:07,68.29,200,
10:26:09,68.288,100,
10:26:20,68.285,100,
10:26:22,68.2873,150,
10:26:23,68.28,100,
10:26:23,68.28,500,
10:26:23,68.28,100,
10:26:26,68.28,800,
10:26:27,68.2713,1000,
10:26:30,68.27,200,
10:26:30,68.27,700,
10:26:31,68.2702,100,
10:26:40,68.2791,100,
10:26:43,68.27,100,
10:26:45,68.28,100,
10:26:59,68.28,300,
10:26:59,68.28,400,
10:26:59,68.28,100,
10:26:59,68.28,100,
10:26:59,68.28,300,
10:26:59,68.28,100,
10:26:59,68.28,1400,
10:26:59,68.28,225,
10:26:59,68.28,100,
10:26:59,68.28,100,
10:27:00,68.29,138,
10:27:00,68.29,100,
10:27:03,68.29,100,
10:27:07,68.29,100,
10:27:07,68.29,100,
10:27:07,68.29,200,
10:27:07,68.29,200,
10:27:15,68.282,370,
10:27:26,68.289,7600,
10:27:27,68.28,200,
10:27:27,68.28,200,
10:27:27,68.285,100,
10:27:27,68.28,100,
10:27:27,68.28,400,
