09:30:00,66.54,2000,
09:30:00,66.54,150,
09:30:00,66.52,125951,
09:30:00,66.52,500,
09:30:00,66.52,400,
09:30:00,66.52,400,
09:30:00,66.52,800,
09:30:00,66.52,2500,
09:30:00,66.52,400,
09:30:00,66.52,500,
09:30:00,66.52,200,
09:30:00,66.52,2000,
09:30:00,66.52,500,
09:30:00,66.53,500,
09:30:00,66.53,1000,
09:30:00,66.54,800,
09:30:00,66.54,1200,
09:30:00,66.54,700,
09:30:00,66.54,800,
09:30:00,66.54,300,
09:30:00,66.55,2000,
09:30:00,66.54,1000,
09:30:00,66.54,400,
09:30:00,66.54,400,
09:30:00,66.54,409,
09:30:00,66.54,109,
09:30:01,66.53,400,
09:30:01,66.55,100,
09:30:01,66.55,100,
09:30:01,66.54,100,
09:30:01,66.54,100,
09:30:01,66.54,100,
09:30:01,66.54,100,
09:30:01,66.54,100,
09:30:01,66.54,100,
09:30:01,66.54,200,
09:30:01,66.54,100,
09:30:01,66.54,200,
09:30:01,66.54,200,
09:30:01,66.53,500,
09:30:01,66.53,300,
09:30:01,66.53,300,
09:30:01,66.55,253,
09:30:01,66.55,200,
09:30:01,66.54,100,
09:30:01,66.54,100,
09:30:01,66.54,100,
09:30:01,66.55,1204,
09:30:01,66.55,504,
09:30:01,66.55,1000,
09:30:01,66.55,304,
09:30:01,66.55,204,
09:30:01,66.55,196,
09:30:01,66.54,100,
09:30:01,66.54,100,
09:30:01,66.54,100,
09:30:01,66.55,400,
09:30:01,66.54,100,
09:30:01,66.54,100,
09:30:01,66.54,100,
09:30:01,66.54,100,
09:30:01,66.55,1100,
09:30:01,66.55,100,
09:30:02,66.55,100,
09:30:02,66.55,100,
09:30:02,66.55,100,
09:30:03,66.52,9200,
09:30:03,66.52,100,
09:30:03,66.52,150,
09:30:03,66.52,1100,
09:30:03,66.52,800,
09:30:03,66.52,528,
09:30:03,66.52,2500,
09:30:03,66.52,400,
09:30:03,66.52,14634,
09:30:03,66.52,3500,
09:30:03,66.52,100,
09:30:03,66.52,150,
09:30:03,66.52,400,
09:30:03,66.52,755,
09:30:03,66.52,350,
09:30:03,66.52,180,
09:30:03,66.52,1000,
09:30:03,66.52,100,
09:30:03,66.52,300,
09:30:03,66.52,100,
09:30:03,66.52,2434,
09:30:03,66.52,500,
09:30:03,66.52,500,
09:30:03,66.52,300,
09:30:03,66.52,100,
09:30:03,66.55,100,
09:30:03,66.52,750,
09:30:03,66.52,750,
09:30:03,66.52,800,
09:30:03,66.52,150,
09:30:03,66.52,831,
09:30:03,66.52,400,
09:30:03,66.52,1000,
09:30:03,66.52,200,
09:30:03,66.52,200,
09:30:03,66.52,300,
09:30:03,66.52,180,
09:30:03,66.52,755,
09:30:03,66.52,1360,
09:30:03,66.52,425,
09:30:03,66.52,150,
09:30:03,66.52,317,
09:30:03,66.52,5005,
09:30:03,66.52,148,
09:30:03,66.52,200,
09:30:03,66.52,300,
09:30:03,66.52,255,
09:30:03,66.52,179,
09:30:03,66.52,150,
09:30:03,66.52,750,
09:30:03,66.52,160,
09:30:03,66.52,300,
09:30:03,66.52,100,
09:30:03,66.52,400,
09:30:03,66.52,100,
09:30:03,66.52,236,
09:30:03,66.52,359,
09:30:03,66.52,375,
09:30:03,66.52,300,
09:30:03,66.52,110,
09:30:03,66.52,200,
09:30:03,66.52,100,
09:30:03,66.52,150,
09:30:03,66.52,225,
09:30:03,66.52,100,
09:30:03,66.52,200,
09:30:03,66.52,1010,
09:30:03,66.52,500,
09:30:03,66.52,100,
09:30:03,66.52,150,
09:30:03,66.52,150,
09:30:03,66.52,185,
09:30:03,66.52,185,
09:30:03,66.52,1000,
09:30:03,66.52,400,
09:30:03,66.52,50000,
09:30:03,66.52,250,
09:30:03,66.52,100,
09:30:03,66.52,500,
09:30:03,66.52,13000,
09:30:03,66.52,300,
09:30:03,66.52,965,
09:30:03,66.52,404,
09:30:03,66.52,100,
09:30:03,66.52,150,
09:30:03,66.52,2087,
09:30:03,66.52,377,
09:30:03,66.52,100,
09:30:03,66.52,3920,
09:30:03,66.52,100,
09:30:03,66.52,617,
09:30:03,66.52,200,
09:30:03,66.52,200,
09:30:03,66.52,115,
09:30:03,66.52,450,
09:30:03,66.52,102,
09:30:03,66.52,100,
09:30:03,66.52,335,
09:30:03,66.52,128,
09:30:03,66.52,523,
09:30:03,66.52,156,
09:30:03,66.52,100,
09:30:03,66.52,100,
09:30:03,66.52,600,
09:30:03,66.52,810,
09:30:03,66.52,230,
09:30:03,66.52,120,
09:30:03,66.55,100,
09:30:03,66.55,100,
09:30:03,66.55,400,
09:30:03,66.54,500,
09:30:03,66.54,500,
09:30:03,66.54,400,
09:30:03,66.54,400,
09:30:03,66.54,500,
09:30:03,66.55,100,
09:30:03,66.55,900,
09:30:03,66.55,200,
09:30:03,66.55,100,
09:30:03,66.55,3300,
09:30:03,66.55,100,
09:30:03,66.55,500,
09:30:03,66.55,600,
09:30:03,66.55,400,
09:30:03,66.55,300,
09:30:03,66.55,100,
09:30:03,66.55,200,
09:30:03,66.55,100,
09:30:03,66.55,400,
09:30:03,66.55,800,
09:30:03,66.54,100,
09:30:03,66.55,500,
09:30:03,66.55,500,
09:30:04,66.55,1200,
09:30:04,66.55,800,
09:30:04,66.55,1500,
09:30:04,66.55,600,
09:30:04,66.55,1100,
09:30:04,66.54,390,
09:30:04,66.54,310,
09:30:04,66.54,500,
09:30:04,66.55,800,
09:30:04,66.55,300,
09:30:04,66.55,500,
09:30:04,66.55,400,
09:30:04,66.55,100,
09:30:04,66.55,300,
09:30:05,66.55,1000,
09:30:05,66.55,1000,
09:30:05,66.55,500,
09:30:05,66.55,500,
09:30:05,66.55,200,
09:30:06,66.55,500,
09:30:06,66.54,300,
09:30:06,66.55,100,
09:30:08,66.54,700,
09:30:08,66.54,600,
09:30:08,66.54,700,
09:30:10,66.55,400,
09:30:10,66.55,300,
09:30:12,66.55,200,
09:30:13,66.54,1000,
09:30:13,66.54,400,
09:30:13,66.55,400,
09:30:14,66.54,1000,
09:30:16,66.53,1000,
09:30:16,66.53,3100,
09:30:18,66.52,200,
09:30:18,66.52,3200,
09:30:19,66.55,500,
09:30:20,66.55,368,
09:30:21,66.51,2600,
09:30:21,66.51,500,
09:30:21,66.51,200,
09:30:21,66.51,500,
09:30:21,66.51,700,
09:30:21,66.51,300,
09:30:21,66.51,600,
09:30:22,66.51,200,
09:30:22,66.51,200,
09:30:24,66.50,1000,
09:30:24,66.50,499,
09:30:25,66.51,300,
09:30:25,66.51,300,
09:30:25,66.51,400,
09:30:25,66.51,500,
09:30:25,66.51,800,
09:30:27,66.50,700,
09:30:27,66.49,1000,
09:30:30,66.51,400,
09:30:31,66.50,200,
09:30:31,66.50,800,
09:30:36,66.49,200,
09:30:36,66.49,400,
09:30:36,66.49,2200,
09:30:37,66.49,100,
09:30:38,66.48,500,
09:30:40,66.479,1000,
09:30:45,66.47,3300,
09:30:45,66.47,1000,
09:30:45,66.47,300,
09:30:48,66.47,140,
09:30:48,66.48,400,
09:30:48,66.4799,300,
09:30:51,66.48,2000,
09:30:51,66.48,500,
09:30:51,66.48,500,
09:30:51,66.48,500,
09:30:51,66.47,100,
09:30:51,66.46,1115,
09:30:52,66.46,100,
09:30:54,66.45,1900,
09:30:54,66.45,3400,
09:30:55,66.4601,3300,
09:30:57,66.46,100,
09:30:57,66.46,400,
09:31:00,66.46,200,
09:31:00,66.46,400,
09:31:00,66.46,200,
09:31:00,66.45,100,
09:31:00,66.4686,1500,
09:31:01,66.45,200,
09:31:01,66.45,200,
09:31:01,66.45,400,
09:31:01,66.44,300,
09:31:01,66.455,100,
09:31:02,66.44,200,
09:31:02,66.435,400,
09:31:02,66.43,1600,
09:31:02,66.4623,555,
09:31:04,66.45,100,
09:31:04,66.43,330,
09:31:04,66.43,900,
09:31:04,66.43,700,
09:31:04,66.43,170,
09:31:05,66.43,100,
09:31:05,66.43,175,
09:31:05,66.43,200,
09:31:05,66.43,200,
09:31:06,66.42,900,
09:31:06,66.42,400,
09:31:06,66.42,200,
09:31:06,66.42,500,
09:31:06,66.42,1630,
09:31:06,66.41,4800,
09:31:06,66.41,7000,
09:31:06,66.41,100,
09:31:06,66.41,100,
09:31:06,66.41,100,
09:31:06,66.40,1200,
09:31:06,66.39,1900,
09:31:06,66.39,1800,
09:31:06,66.40,200,
09:31:06,66.39,1700,
09:31:07,66.40,600,
09:31:07,66.40,200,
09:31:07,66.40,500,
09:31:07,66.40,1964,
09:31:07,66.40,800,
09:31:07,66.40,800,
09:31:07,66.40,1336,
09:31:08,66.40,600,
09:31:09,66.40,400,
09:31:09,66.40,200,
09:31:09,66.41,200,
09:31:09,66.41,100,
09:31:09,66.41,200,
09:31:09,66.41,177,
09:31:10,66.42,700,
09:31:12,66.42,400,
09:31:13,66.42,348,
09:31:13,66.42,2000,
09:31:13,66.42,602,
09:31:13,66.42,490,
09:31:13,66.43,200,
09:31:13,66.43,100,
09:31:13,66.43,1200,
09:31:13,66.43,400,
09:31:14,66.43,500,
09:31:15,66.43,200,
09:31:15,66.43,100,
09:31:16,66.44,100,
09:31:16,66.44,100,
09:31:18,66.43,100,
09:31:18,66.43,100,
09:31:18,66.43,300,
09:31:19,66.43,500,
09:31:19,66.43,300,
09:31:19,66.43,100,
09:31:19,66.43,800,
09:31:22,66.43,100,
09:31:22,66.43,1000,
09:31:22,66.43,1300,
09:31:22,66.43,500,
09:31:22,66.43,300,
09:31:23,66.4399,3000,
09:31:25,66.43,600,
09:31:26,66.43,1080,
09:31:26,66.43,1491,
09:31:26,66.43,500,
09:31:26,66.43,100,
09:31:29,66.43,400,
09:31:29,66.43,400,
09:31:29,66.43,648,
09:31:29,66.43,200,
09:31:32,66.4371,302,
09:31:34,66.43,100,
09:31:34,66.43,800,
09:31:35,66.4399,100,
09:31:35,66.44,100,
09:31:36,66.43,400,
09:31:36,66.43,100,
09:31:36,66.43,200,
09:31:36,66.425,1200,
09:31:36,66.425,500,
09:31:36,66.43,600,
09:31:36,66.42,200,
09:31:36,66.42,100,
09:31:36,66.42,400,
09:31:36,66.428,625,
09:31:40,66.42,400,
09:31:40,66.42,400,
09:31:40,66.42,100,
09:31:40,66.42,800,
09:31:40,66.42,2000,
09:31:44,66.41,100,
09:31:46,66.41,800,
09:31:46,66.4099,100,
09:31:46,66.41,100,
09:31:46,66.42,500,
09:31:46,66.42,100,
09:31:48,66.41,800,
09:31:49,66.41,100,
09:31:49,66.41,100,
09:31:51,66.41,100,
09:31:51,66.41,155,
09:31:51,66.41,100,
09:31:52,66.405,1100,
09:31:52,66.41,200,
09:31:52,66.41,500,
09:31:52,66.41,300,
09:31:53,66.42,400,
09:31:54,66.42,215,
09:31:54,66.42,385,
09:31:54,66.42,900,
09:31:56,66.43,200,
09:31:56,66.43,100,
09:31:57,66.43,100,
09:31:57,66.429,100,
09:31:57,66.43,100,
09:31:57,66.43,500,
09:31:58,66.43,100,
09:31:58,66.43,200,
09:31:58,66.43,400,
09:31:58,66.43,400,
09:31:58,66.43,800,
09:31:58,66.43,100,
09:32:00,66.4277,300,
09:32:00,66.42,300,
09:32:00,66.42,400,
09:32:02,66.42,200,
09:32:04,66.42,200,
09:32:04,66.4299,100,
09:32:04,66.43,100,
09:32:16,66.425,1100,
09:32:17,66.43,400,
09:32:17,66.43,700,
09:32:17,66.43,100,
09:32:17,66.43,500,
09:32:17,66.425,400,
09:32:17,66.425,100,
09:32:17,66.43,400,
09:32:17,66.43,500,
09:32:17,66.43,406,
09:32:17,66.43,500,
09:32:17,66.43,106,
09:32:17,66.43,300,
09:32:17,66.44,300,
09:32:17,66.435,500,
09:32:17,66.44,140,
09:32:17,66.44,300,
09:32:18,66.43,1000,
09:32:18,66.44,100,
09:32:22,66.45,600,
09:32:23,66.45,100,
09:32:23,66.45,1200,
09:32:23,66.44,500,
09:32:26,66.44,2000,
09:32:30,66.44,815,
09:32:30,66.44,2000,
09:32:31,66.45,600,
09:32:31,66.445,1300,
09:32:32,66.45,100,
09:32:32,66.45,100,
09:32:32,66.45,100,
09:32:32,66.45,500,
09:32:32,66.45,195,
09:32:33,66.4599,100,
09:32:33,66.46,100,
09:32:34,66.45,800,
09:32:34,66.45,200,
09:32:34,66.45,800,
09:32:34,66.45,100,
09:32:34,66.45,800,
09:32:34,66.45,200,
09:32:34,66.46,1385,
09:32:34,66.46,200,
09:32:34,66.46,400,
09:32:34,66.445,600,
09:32:34,66.46,400,
09:32:34,66.46,200,
09:32:34,66.46,136,
09:32:36,66.45,100,
09:32:36,66.45,200,
09:32:36,66.445,600,
09:32:37,66.46,400,
09:32:41,66.439,1000,
09:32:42,66.435,700,
09:32:43,66.44,200,
09:32:46,66.43,400,
09:32:46,66.43,300,
09:32:46,66.43,1000,
09:32:46,66.43,400,
09:32:46,66.43,700,
09:32:46,66.43,800,
09:32:46,66.4213,1000,
09:32:47,66.43,3000,
09:32:48,66.44,100,
09:32:48,66.44,100,
09:32:48,66.44,500,
09:32:48,66.435,500,
09:32:53,66.44,200,
09:32:53,66.44,200,
09:32:58,66.44,100,
09:32:58,66.435,1000,
09:32:58,66.44,400,
09:32:59,66.44,700,
09:33:06,66.45,1700,
09:33:06,66.45,100,
09:33:06,66.45,200,
09:33:06,66.45,500,
09:33:06,66.45,500,
09:33:06,66.45,400,
09:33:06,66.45,1500,
09:33:06,66.45,500,
09:33:06,66.45,200,
09:33:08,66.46,1700,
09:33:08,66.46,200,
09:33:08,66.46,1200,
09:33:08,66.455,600,
09:33:08,66.46,100,
09:33:08,66.46,100,
09:33:08,66.46,500,
09:33:08,66.46,4000,
09:33:09,66.455,500,
09:33:10,66.47,100,
09:33:12,66.4586,500,
09:33:13,66.46,500,
09:33:15,66.45,800,
09:33:19,66.45,500,
09:33:20,66.44,800,
09:33:20,66.44,200,
09:33:20,66.44,100,
09:33:20,66.435,600,
09:33:23,66.4399,300,
09:33:24,66.43,100,
09:33:25,66.42,400,
09:33:25,66.42,400,
09:33:25,66.41,100,
09:33:25,66.41,160,
09:33:25,66.41,200,
09:33:25,66.41,100,
09:33:25,66.41,500,
09:33:25,66.41,800,
09:33:28,66.40,400,
09:33:28,66.41,100,
09:33:28,66.41,100,
09:33:28,66.41,100,
09:33:28,66.41,500,
09:33:31,66.405,800,
09:33:31,66.41,250,
09:33:31,66.405,500,
09:33:31,66.41,150,
09:33:31,66.41,150,
09:33:31,66.41,200,
09:33:32,66.41,100,
09:33:32,66.41,100,
09:33:32,66.41,100,
09:33:32,66.41,100,
09:33:32,66.41,400,
09:33:32,66.41,100,
09:33:32,66.41,200,
09:33:32,66.41,400,
09:33:32,66.41,815,
09:33:32,66.41,300,
09:33:32,66.41,700,
09:33:32,66.41,100,
09:33:32,66.41,100,
09:33:33,66.42,600,
09:33:35,66.41,100,
09:33:35,66.41,100,
09:33:35,66.40,100,
09:33:35,66.40,100,
09:33:35,66.40,100,
09:33:35,66.40,100,
09:33:35,66.40,100,
09:33:35,66.405,1000,
09:33:35,66.41,500,
09:33:38,66.401,500,
09:33:39,66.42,100,
09:33:39,66.42,800,
09:33:39,66.42,900,
09:33:39,66.42,600,
09:33:39,66.415,400,
09:33:41,66.41,200,
09:33:41,66.42,400,
09:33:42,66.43,500,
09:33:42,66.43,100,
09:33:42,66.43,400,
09:33:42,66.43,800,
09:33:43,66.43,100,
09:33:44,66.43,800,
09:33:44,66.41,1000,
09:33:49,66.42,100,
09:33:49,66.42,800,
09:33:50,66.42,200,
09:33:57,66.42,600,
09:33:57,66.42,100,
09:33:57,66.415,500,
09:33:58,66.42,800,
09:33:58,66.425,100,
09:33:59,66.42,455,
09:33:59,66.415,400,
09:33:59,66.42,215,
09:34:00,66.42,100,
09:34:04,66.4199,225,
09:34:05,66.41,500,
09:34:09,66.41,400,
09:34:09,66.405,700,
09:34:09,66.41,1600,
09:34:09,66.405,100,
09:34:09,66.41,2000,
09:34:09,66.41,100,
09:34:11,66.411,200,
09:34:11,66.419,300,
09:34:12,66.42,600,
09:34:12,66.415,200,
09:34:12,66.415,200,
09:34:12,66.419,400,
09:34:15,66.43,200,
09:34:15,66.43,175,
09:34:17,66.42,100,
09:34:17,66.43,100,
09:34:17,66.43,100,
09:34:17,66.43,100,
09:34:18,66.43,100,
09:34:18,66.43,400,
09:34:20,66.4301,237,
09:34:21,66.44,100,
09:34:23,66.4201,400,
09:34:24,66.4201,600,
09:34:26,66.43,100,
09:34:27,66.42,800,
09:34:27,66.42,100,
09:34:27,66.42,100,
09:34:27,66.42,100,
09:34:27,66.43,100,
09:34:32,66.43,100,
09:34:33,66.42,200,
09:34:35,66.42,1800,
09:34:38,66.411,200,
09:34:39,66.43,500,
09:34:40,66.43,1900,
09:34:40,66.43,800,
09:34:44,66.43,700,
09:34:44,66.43,300,
09:34:44,66.429,1000,
09:34:45,66.42,2000,
09:34:45,66.43,500,
09:34:45,66.43,100,
09:34:48,66.43,100,
09:34:50,66.43,100,
09:34:51,66.43,400,
09:34:51,66.43,800,
09:34:51,66.43,2000,
09:34:51,66.43,1000,
09:34:51,66.43,100,
09:34:51,66.43,1500,
09:34:51,66.43,1300,
09:34:51,66.43,500,
09:34:52,66.41,100,
09:34:52,66.41,100,
09:34:52,66.42,100,
09:34:52,66.41,100,
09:34:52,66.41,1200,
09:34:52,66.41,1900,
09:34:52,66.41,3300,
09:34:52,66.41,2000,
09:34:53,66.41,100,
09:34:53,66.41,400,
09:34:54,66.415,500,
09:34:55,66.42,143,
09:34:57,66.43,800,
09:34:57,66.425,400,
09:34:58,66.43,100,
09:34:59,66.42,900,
09:35:00,66.43,400,
09:35:00,66.43,300,
09:35:02,66.43,100,
09:35:02,66.42,100,
09:35:02,66.421,1005,
09:35:03,66.42,100,
09:35:04,66.42,400,
09:35:04,66.42,1500,
09:35:05,66.42,168,
09:35:05,66.42,700,
09:35:05,66.42,800,
09:35:05,66.41,200,
09:35:05,66.41,100,
09:35:07,66.42,100,
09:35:07,66.415,100,
09:35:08,66.415,100,
09:35:08,66.42,800,
09:35:08,66.42,100,
09:35:08,66.42,800,
09:35:08,66.42,800,
09:35:09,66.42,200,
09:35:09,66.42,800,
09:35:09,66.42,200,
09:35:09,66.415,400,
09:35:14,66.42,400,
09:35:14,66.42,100,
09:35:14,66.42,3300,
09:35:14,66.42,800,
09:35:14,66.42,3700,
09:35:15,66.42,200,
09:35:15,66.42,200,
09:35:16,66.42,100,
09:35:16,66.42,100,
09:35:16,66.41,200,
09:35:16,66.41,100,
09:35:16,66.41,100,
09:35:17,66.41,100,
09:35:18,66.41,281,
09:35:18,66.415,100,
09:35:18,66.42,300,
09:35:18,66.42,4000,
09:35:18,66.415,100,
09:35:18,66.42,388,
09:35:18,66.415,100,
09:35:19,66.42,300,
09:35:19,66.42,300,
09:35:19,66.415,3600,
09:35:22,66.41,1500,
09:35:25,66.42,1100,
09:35:25,66.4186,1500,
09:35:25,66.41,100,
09:35:25,66.41,100,
09:35:27,66.42,2000,
09:35:27,66.42,100,
09:35:27,66.42,100,
09:35:27,66.42,1000,
09:35:27,66.42,1300,
09:35:27,66.42,19600,
09:35:27,66.42,100,
09:35:27,66.42,1100,
09:35:28,66.411,100,
09:35:30,66.411,100,
09:35:32,66.41,100,
09:35:32,66.41,100,
09:35:32,66.411,100,
09:35:32,66.42,400,
09:35:32,66.42,100,
09:35:32,66.42,200,
09:35:32,66.42,800,
09:35:32,66.42,700,
09:35:32,66.42,400,
09:35:32,66.42,500,
09:35:32,66.42,100,
09:35:33,66.42,300,
09:35:33,66.42,300,
09:35:33,66.42,500,
09:35:34,66.4114,100,
09:35:36,66.41,200,
09:35:36,66.41,200,
09:35:38,66.41,393,
09:35:38,66.40,100,
09:35:39,66.40,200,
09:35:39,66.40,800,
09:35:39,66.39,100,
09:35:39,66.39,200,
09:35:39,66.39,200,
09:35:39,66.39,100,
09:35:39,66.39,400,
09:35:39,66.39,300,
09:35:39,66.39,100,
09:35:39,66.39,100,
09:35:40,66.395,100,
09:35:40,66.39,200,
09:35:40,66.39,200,
09:35:40,66.39,100,
09:35:43,66.391,100,
09:35:43,66.39,1000,
09:35:44,66.3921,100,
09:35:44,66.40,100,
09:35:44,66.40,200,
09:35:45,66.395,100,
09:35:45,66.40,100,
09:35:45,66.40,700,
09:35:45,66.40,200,
09:35:45,66.40,200,
09:35:45,66.40,400,
09:35:45,66.40,600,
09:35:45,66.41,793,
09:35:45,66.41,800,
09:35:45,66.40,100,
09:35:45,66.40,500,
09:35:45,66.40,600,
09:35:45,66.40,100,
09:35:45,66.40,1100,
09:35:46,66.40,600,
09:35:46,66.40,100,
09:35:46,66.40,100,
09:35:46,66.40,500,
09:35:46,66.41,193,
09:35:46,66.41,607,
09:35:46,66.395,300,
09:35:51,66.41,200,
09:35:51,66.41,300,
09:35:51,66.41,200,
09:35:51,66.41,1600,
09:35:51,66.405,100,
09:35:51,66.41,100,
09:35:59,66.42,1300,
09:35:59,66.42,2900,
09:35:59,66.42,300,
09:35:59,66.42,100,
09:36:00,66.4125,100,
09:36:00,66.411,100,
09:36:01,66.42,100,
09:36:01,66.4131,100,
09:36:01,66.411,100,
09:36:01,66.41,700,
09:36:02,66.411,200,
09:36:02,66.41,100,
09:36:02,66.42,100,
09:36:02,66.42,100,
09:36:03,66.42,100,
09:36:03,66.4112,200,
09:36:03,66.411,200,
09:36:03,66.41,100,
09:36:05,66.41,100,
09:36:06,66.41,100,
09:36:08,66.411,100,
09:36:08,66.41,100,
09:36:08,66.41,100,
09:36:08,66.40,100,
09:36:09,66.41,1000,
09:36:09,66.405,100,
09:36:10,66.401,100,
09:36:11,66.405,100,
09:36:11,66.40,300,
09:36:11,66.405,300,
09:36:11,66.405,100,
09:36:11,66.405,300,
09:36:11,66.41,1100,
09:36:12,66.405,200,
09:36:15,66.4141,100,
09:36:15,66.415,100,
09:36:15,66.42,200,
09:36:15,66.42,100,
09:36:15,66.42,300,
09:36:15,66.42,100,
09:36:15,66.42,300,
09:36:18,66.415,300,
09:36:19,66.429,300,
09:36:22,66.425,100,
09:36:22,66.43,300,
09:36:23,66.43,100,
09:36:23,66.43,400,
09:36:23,66.43,100,
09:36:23,66.425,100,
09:36:26,66.44,300,
09:36:26,66.44,100,
09:36:26,66.44,800,
09:36:26,66.435,300,
09:36:27,66.45,300,
09:36:27,66.435,400,
09:36:28,66.45,100,
09:36:30,66.441,3000,
09:36:30,66.46,100,
09:36:31,66.45,100,
09:36:31,66.455,100,
09:36:31,66.46,100,
09:36:32,66.46,100,
09:36:32,66.46,800,
09:36:32,66.46,400,
09:36:32,66.455,100,
09:36:32,66.46,300,
09:36:33,66.46,4200,
09:36:33,66.46,100,
09:36:33,66.46,200,
09:36:34,66.465,100,
09:36:34,66.47,2000,
09:36:34,66.465,200,
09:36:37,66.46,800,
09:36:38,66.46,500,
09:36:38,66.455,100,
09:36:39,66.455,300,
09:36:40,66.465,100,
09:36:40,66.47,900,
09:36:42,66.47,800,
09:36:42,66.47,100,
09:36:42,66.47,688,
09:36:43,66.46,100,
09:36:43,66.47,788,
09:36:43,66.47,400,
09:36:43,66.47,277,
09:36:43,66.47,200,
09:36:43,66.48,100,
09:36:46,66.47,600,
09:36:46,66.47,800,
09:36:47,66.46,100,
09:36:48,66.48,100,
09:36:49,66.46,1100,
09:36:49,66.46,485,
09:36:49,66.45,200,
09:36:49,66.45,700,
09:36:50,66.45,3000,
09:36:50,66.45,700,
09:36:50,66.45,793,
09:36:51,66.449,500,
09:36:51,66.45,600,
09:36:53,66.45,400,
09:36:53,66.45,200,
09:36:58,66.45,100,
09:36:58,66.46,1000,
09:36:58,66.46,800,
09:36:58,66.46,800,
09:36:58,66.46,400,
09:36:58,66.46,400,
09:36:58,66.46,100,
09:36:58,66.45,200,
09:36:58,66.455,100,
09:37:02,66.45,300,
09:37:07,66.45,400,
09:37:08,66.45,100,
09:37:09,66.46,100,
09:37:15,66.46,300,
09:37:15,66.46,1000,
09:37:15,66.46,700,
09:37:15,66.46,100,
09:37:15,66.46,100,
09:37:15,66.46,400,
09:37:15,66.46,100,
09:37:15,66.47,100,
09:37:16,66.46,800,
09:37:16,66.46,100,
09:37:16,66.46,400,
09:37:16,66.46,700,
09:37:20,66.46,500,
09:37:21,66.47,100,
09:37:23,66.469,100,
09:37:24,66.47,100,
09:37:25,66.46,300,
09:37:25,66.46,600,
09:37:28,66.46,100,
09:37:30,66.46,800,
09:37:30,66.46,600,
09:37:30,66.46,364,
09:37:30,66.46,400,
09:37:32,66.44,200,
09:37:32,66.44,1500,
09:37:32,66.44,1800,
09:37:32,66.44,2000,
09:37:32,66.44,2000,
09:37:32,66.44,2000,
09:37:32,66.44,315,
09:37:32,66.44,200,
09:37:32,66.44,1000,
09:37:32,66.44,800,
09:37:32,66.44,800,
09:37:32,66.44,800,
09:37:32,66.44,500,
09:37:32,66.44,100,
09:37:32,66.45,300,
09:37:33,66.44,100,
09:37:34,66.44,200,
09:37:36,66.43,200,
09:37:37,66.43,300,
09:37:37,66.43,600,
09:37:37,66.44,200,
09:37:37,66.44,500,
09:37:37,66.44,300,
09:37:38,66.44,252,
09:37:38,66.44,300,
09:37:43,66.44,100,
09:37:43,66.44,100,
09:37:43,66.44,200,
09:37:44,66.44,700,
09:37:44,66.44,100,
09:37:48,66.421,100,
09:37:49,66.43,200,
09:37:49,66.43,300,
09:37:49,66.43,500,
09:37:49,66.43,500,
09:37:49,66.43,400,
09:37:51,66.421,100,
09:37:53,66.43,400,
09:37:53,66.43,400,
09:37:53,66.43,400,
09:37:53,66.43,400,
09:37:53,66.43,400,
09:37:53,66.43,200,
09:37:55,66.421,100,
09:37:57,66.421,100,
09:38:00,66.41,200,
09:38:02,66.41,100,
09:38:03,66.41,200,
09:38:05,66.41,800,
09:38:05,66.41,100,
09:38:05,66.41,800,
09:38:07,66.401,100,
09:38:10,66.41,800,
09:38:10,66.41,500,
09:38:10,66.41,300,
09:38:14,66.41,700,
09:38:14,66.42,200,
09:38:18,66.42,600,
09:38:18,66.42,400,
09:38:18,66.42,800,
09:38:18,66.42,300,
09:38:19,66.42,700,
09:38:22,66.4138,1500,
09:38:22,66.43,100,
09:38:26,66.42,400,
09:38:26,66.42,100,
09:38:30,66.41,1000,
09:38:30,66.41,100,
09:38:30,66.41,800,
09:38:30,66.41,2300,
09:38:31,66.4184,103,
09:38:32,66.41,100,
09:38:32,66.41,5000,
09:38:34,66.41,500,
09:38:38,66.40,300,
09:38:45,66.40,1200,
09:38:45,66.40,400,
09:38:45,66.40,800,
09:38:45,66.40,100,
09:38:45,66.40,500,
09:38:45,66.40,200,
09:38:45,66.40,300,
09:38:45,66.40,500,
09:38:48,66.40,100,
09:38:48,66.40,700,
09:38:48,66.40,700,
09:38:48,66.40,1000,
09:38:51,66.391,100,
09:38:52,66.391,100,
09:38:53,66.39,100,
09:38:55,66.391,100,
09:38:56,66.3999,1000,
09:38:57,66.391,100,
09:38:58,66.39,300,
09:38:59,66.3929,100,
09:39:01,66.391,100,
09:39:02,66.39,300,
09:39:03,66.39,200,
09:39:03,66.39,100,
09:39:04,66.39,800,
09:39:04,66.39,100,
09:39:04,66.39,100,
09:39:04,66.39,500,
09:39:04,66.39,100,
09:39:04,66.40,100,
09:39:04,66.40,100,
09:39:04,66.40,200,
09:39:04,66.40,236,
09:39:04,66.40,600,
09:39:04,66.40,2243,
09:39:04,66.40,200,
09:39:05,66.41,300,
09:39:05,66.41,400,
09:39:08,66.40,1000,
09:39:15,66.40,800,
09:39:15,66.40,500,
09:39:16,66.39,100,
09:39:16,66.39,800,
09:39:16,66.39,200,
09:39:16,66.39,800,
09:39:19,66.39,500,
09:39:19,66.39,700,
09:39:19,66.38,100,
09:39:20,66.38,400,
09:39:20,66.38,100,
09:39:20,66.38,600,
09:39:21,66.38,100,
09:39:21,66.37,1300,
09:39:22,66.38,100,
09:39:22,66.38,100,
09:39:22,66.38,100,
09:39:26,66.40,500,
09:39:29,66.41,400,
09:39:29,66.41,100,
09:39:29,66.41,400,
09:39:30,66.41,100,
09:39:31,66.40,600,
09:39:31,66.40,102,
09:39:32,66.39,800,
09:39:32,66.39,700,
09:39:32,66.39,800,
09:39:32,66.39,240,
09:39:36,66.39,100,
09:39:37,66.39,600,
09:39:37,66.39,100,
09:39:37,66.39,300,
09:39:37,66.39,500,
09:39:37,66.39,500,
09:39:39,66.39,300,
09:39:40,66.39,300,
09:39:40,66.39,500,
09:39:40,66.39,500,
09:39:40,66.39,300,
09:39:49,66.39,300,
09:39:54,66.39,300,
09:39:54,66.39,2000,
09:39:54,66.39,300,
09:39:54,66.39,100,
09:39:54,66.39,500,
09:39:55,66.3707,300,
09:39:55,66.3707,300,
09:39:55,66.37,1000,
09:39:55,66.37,1100,
09:39:57,66.37,400,
09:39:57,66.37,700,
09:39:58,66.37,200,
09:39:58,66.37,100,
09:39:59,66.36,100,
09:39:59,66.36,400,
09:39:59,66.36,200,
09:40:00,66.36,800,
09:40:03,66.35,150,
09:40:03,66.35,1000,
09:40:03,66.35,100,
09:40:03,66.35,100,
09:40:06,66.35,600,
09:40:06,66.35,2000,
09:40:07,66.36,100,
09:40:09,66.36,100,
09:40:10,66.35,100,
09:40:12,66.36,100,
09:40:13,66.36,500,
09:40:14,66.35,400,
09:40:15,66.36,500,
09:40:19,66.36,500,
09:40:19,66.36,100,
09:40:19,66.36,200,
09:40:19,66.36,100,
09:40:19,66.36,100,
09:40:19,66.36,100,
09:40:20,66.367,1000,
09:40:26,66.36,100,
09:40:26,66.36,100,
09:40:27,66.37,100,
09:40:27,66.3625,400,
09:40:27,66.365,200,
09:40:28,66.36,400,
09:40:29,66.3599,400,
09:40:35,66.36,100,
09:40:35,66.36,100,
09:40:36,66.36,100,
09:40:39,66.36,200,
09:40:39,66.36,300,
09:40:39,66.36,700,
09:40:39,66.36,100,
09:40:39,66.36,500,
09:40:39,66.36,300,
09:40:39,66.36,500,
09:40:46,66.35,500,
09:40:47,66.34,100,
09:40:49,66.34,100,
09:40:49,66.34,100,
09:40:49,66.34,400,
09:40:49,66.34,600,
09:40:53,66.33,9976,
09:40:53,66.33,200,
09:40:53,66.33,200,
09:40:53,66.33,400,
09:40:53,66.33,800,
09:40:53,66.33,600,
09:40:53,66.33,300,
09:40:53,66.33,400,
09:40:53,66.33,100,
09:40:53,66.33,600,
09:40:53,66.33,800,
09:40:53,66.33,700,
09:40:54,66.32,4000,
09:40:54,66.33,150,
09:40:54,66.32,100,
09:40:54,66.32,800,
09:40:54,66.32,1000,
09:40:54,66.31,8600,
09:40:54,66.3129,730,
09:40:54,66.32,100,
09:40:57,66.329,100,
09:41:01,66.32,100,
09:41:02,66.31,600,
09:41:05,66.30,100,
09:41:10,66.30,100,
09:41:10,66.30,100,
09:41:10,66.30,100,
09:41:10,66.30,400,
09:41:10,66.30,100,
09:41:12,66.29,200,
09:41:15,66.30,100,
09:41:15,66.30,100,
09:41:16,66.30,600,
09:41:16,66.30,800,
09:41:17,66.30,1100,
09:41:17,66.30,100,
09:41:17,66.30,400,
09:41:17,66.30,2000,
09:41:17,66.30,600,
09:41:17,66.30,700,
09:41:17,66.30,600,
09:41:17,66.30,100,
09:41:17,66.29,500,
09:41:17,66.29,400,
09:41:17,66.29,600,
09:41:17,66.29,500,
09:41:18,66.30,2300,
09:41:25,66.29,2000,
09:41:25,66.2901,300,
09:41:25,66.29,300,
09:41:25,66.29,300,
09:41:25,66.29,200,
09:41:25,66.29,300,
09:41:25,66.29,5000,
09:41:25,66.29,500,
09:41:26,66.29,400,
09:41:26,66.29,200,
09:41:29,66.29,100,
09:41:30,66.29,100,
09:41:30,66.29,100,
09:41:31,66.29,100,
09:41:33,66.28,400,
09:41:36,66.29,100,
09:41:36,66.29,800,
09:41:36,66.29,800,
09:41:36,66.29,100,
09:41:36,66.29,400,
09:41:36,66.29,900,
09:41:36,66.29,590,
09:41:36,66.29,1100,
09:41:40,66.29,100,
09:41:41,66.29,100,
09:41:41,66.29,100,
09:41:43,66.29,600,
09:41:43,66.29,600,
09:41:43,66.29,100,
09:41:44,66.29,100,
09:41:45,66.29,100,
09:41:47,66.29,100,
09:41:47,66.29,300,
09:41:47,66.29,100,
09:41:47,66.29,200,
09:41:49,66.28,500,
09:41:51,66.281,1500,
09:41:51,66.28,100,
09:41:51,66.28,1000,
09:41:54,66.28,600,
09:41:54,66.28,200,
09:41:55,66.28,100,
09:41:55,66.28,200,
09:41:55,66.28,400,
09:41:55,66.28,500,
09:41:55,66.28,400,
09:41:55,66.28,294,
09:41:55,66.28,1300,
09:41:55,66.28,406,
09:41:59,66.30,100,
09:41:59,66.30,400,
09:41:59,66.30,600,
09:41:59,66.30,400,
09:41:59,66.30,200,
09:41:59,66.30,100,
09:41:59,66.30,100,
09:41:59,66.30,500,
09:41:59,66.30,1100,
09:42:00,66.30,700,
09:42:03,66.29,500,
09:42:03,66.29,600,
09:42:05,66.30,100,
09:42:05,66.30,300,
09:42:08,66.31,3071,
09:42:10,66.31,524,
09:42:10,66.31,200,
09:42:10,66.31,300,
09:42:10,66.31,376,
09:42:10,66.32,200,
09:42:12,66.32,400,
09:42:16,66.31,100,
09:42:17,66.32,1200,
09:42:17,66.31,300,
09:42:17,66.31,100,
09:42:17,66.315,100,
09:42:18,66.3086,1000,
09:42:19,66.31,292,
09:42:19,66.31,100,
09:42:21,66.32,100,
09:42:21,66.32,100,
09:42:22,66.31,100,
09:42:22,66.31,900,
09:42:22,66.31,2100,
09:42:22,66.31,100,
09:42:24,66.31,200,
09:42:24,66.31,100,
09:42:24,66.31,500,
09:42:25,66.3105,1000,
09:42:25,66.32,100,
09:42:25,66.32,100,
09:42:25,66.32,600,
09:42:25,66.32,500,
09:42:25,66.32,300,
09:42:25,66.32,500,
09:42:27,66.31,900,
09:42:27,66.31,150,
09:42:27,66.31,100,
09:42:27,66.30,300,
09:42:27,66.30,100,
09:42:27,66.30,300,
09:42:27,66.30,300,
09:42:27,66.30,100,
09:42:35,66.30,300,
09:42:42,66.2818,100,
09:42:50,66.29,100,
09:42:50,66.29,200,
09:42:50,66.29,200,
09:42:50,66.29,100,
09:42:51,66.29,100,
09:42:51,66.29,100,
09:42:53,66.28,100,
09:42:53,66.28,400,
09:42:57,66.27,400,
09:42:57,66.27,500,
09:43:01,66.25,2000,
09:43:01,66.25,2000,
09:43:01,66.25,300,
09:43:01,66.25,200,
09:43:02,66.26,198,
09:43:02,66.26,100,
09:43:05,66.26,400,
09:43:05,66.26,100,
09:43:08,66.26,100,
09:43:08,66.26,600,
09:43:08,66.27,100,
09:43:08,66.27,600,
09:43:12,66.26,100,
09:43:13,66.26,100,
09:43:14,66.27,3400,
09:43:14,66.27,100,
09:43:14,66.27,200,
09:43:14,66.27,400,
09:43:14,66.27,600,
09:43:14,66.27,300,
09:43:14,66.27,300,
09:43:14,66.28,300,
09:43:14,66.28,300,
09:43:14,66.28,100,
09:43:14,66.28,100,
09:43:14,66.28,200,
09:43:14,66.28,100,
09:43:14,66.28,100,
09:43:28,66.28,500,
09:43:28,66.28,100,
09:43:28,66.28,100,
09:43:29,66.28,576,
09:43:29,66.28,400,
09:43:29,66.28,2584,
09:43:31,66.29,700,
09:43:34,66.29,700,
09:43:34,66.29,2000,
09:43:36,66.30,300,
09:43:36,66.30,300,
09:43:36,66.30,100,
09:43:36,66.30,500,
09:43:36,66.30,300,
09:43:36,66.30,700,
09:43:37,66.29,200,
09:43:37,66.29,600,
09:43:37,66.29,100,
09:43:37,66.29,500,
09:43:40,66.28,600,
09:43:40,66.28,500,
09:43:40,66.28,300,
09:43:43,66.28,500,
09:43:43,66.28,500,
09:43:43,66.28,100,
09:43:43,66.28,100,
09:43:47,66.28,1000,
09:43:48,66.28,700,
09:43:57,66.27,340,
09:43:57,66.27,600,
09:43:57,66.27,800,
09:43:57,66.27,800,
09:43:57,66.27,100,
09:43:57,66.27,660,
09:43:58,66.27,100,
09:43:59,66.27,100,
09:43:59,66.2681,400,
09:44:00,66.26,600,
09:44:00,66.26,600,
09:44:04,66.27,1000,
09:44:07,66.26,800,
09:44:09,66.26,200,
09:44:09,66.26,700,
09:44:09,66.26,100,
09:44:11,66.25,300,
09:44:11,66.25,100,
09:44:14,66.25,1000,
09:44:15,66.24,100,
09:44:16,66.24,500,
09:44:17,66.235,1100,
09:44:17,66.235,3300,
09:44:17,66.24,100,
09:44:18,66.24,100,
09:44:19,66.2381,800,
09:44:20,66.24,400,
09:44:20,66.24,100,
09:44:20,66.24,100,
09:44:20,66.24,700,
09:44:20,66.24,1600,
09:44:20,66.24,100,
09:44:20,66.25,200,
09:44:21,66.25,100,
09:44:21,66.25,400,
09:44:21,66.25,100,
09:44:21,66.25,600,
09:44:23,66.26,100,
09:44:27,66.26,100,
09:44:30,66.25,2300,
09:44:31,66.25,800,
09:44:31,66.25,200,
09:44:31,66.25,100,
09:44:31,66.25,100,
09:44:31,66.25,100,
09:44:31,66.25,1300,
09:44:33,66.251,100,
09:44:34,66.25,900,
09:44:36,66.25,100,
09:44:36,66.24,100,
09:44:37,66.24,100,
09:44:38,66.24,100,
09:44:38,66.24,2300,
09:44:39,66.2437,100,
09:44:42,66.241,100,
09:44:42,66.25,200,
09:44:45,66.2412,100,
09:44:46,66.24,200,
09:44:46,66.24,100,
09:44:48,66.24,100,
09:44:48,66.24,400,
09:44:48,66.2322,6099,
09:44:50,66.231,100,
09:44:51,66.221,100,
09:44:52,66.2201,2000,
09:44:53,66.221,100,
09:44:53,66.22,100,
09:44:53,66.22,300,
09:44:53,66.22,1100,
09:44:53,66.22,400,
09:44:54,66.22,200,
09:44:54,66.22,267,
09:44:55,66.21,3479,
09:44:55,66.21,300,
09:44:55,66.21,800,
09:44:55,66.211,100,
09:44:56,66.211,600,
09:44:57,66.211,100,
09:44:58,66.211,100,
09:44:59,66.22,375,
09:44:59,66.22,100,
09:45:00,66.21,1500,
09:45:01,66.21,400,
09:45:01,66.21,400,
09:45:02,66.21,658,
09:45:02,66.21,600,
09:45:02,66.21,800,
09:45:02,66.215,100,
09:45:03,66.2132,100,
09:45:04,66.215,2200,
09:45:04,66.215,100,
09:45:04,66.22,100,
09:45:04,66.215,200,
09:45:04,66.22,800,
09:45:04,66.22,800,
09:45:04,66.22,100,
09:45:04,66.22,459,
09:45:04,66.23,100,
09:45:04,66.23,100,
09:45:04,66.23,1000,
09:45:05,66.24,100,
09:45:05,66.24,100,
09:45:05,66.24,400,
09:45:05,66.24,300,
09:45:06,66.242,735,
09:45:07,66.245,100,
09:45:07,66.245,300,
09:45:11,66.25,100,
09:45:11,66.25,100,
09:45:11,66.25,100,
09:45:15,66.25,400,
09:45:15,66.26,100,
09:45:16,66.255,100,
09:45:16,66.27,300,
09:45:17,66.27,200,
09:45:17,66.27,200,
09:45:17,66.27,300,
09:45:17,66.27,100,
09:45:17,66.27,300,
09:45:17,66.27,200,
09:45:17,66.27,400,
09:45:17,66.27,100,
09:45:17,66.27,100,
09:45:17,66.27,400,
09:45:18,66.2695,1600,
09:45:20,66.265,700,
09:45:20,66.26,600,
09:45:20,66.26,100,
09:45:20,66.26,200,
09:45:20,66.26,300,
09:45:20,66.26,100,
09:45:20,66.26,100,
09:45:22,66.255,300,
09:45:22,66.25,800,
09:45:22,66.255,300,
09:45:22,66.255,300,
09:45:22,66.25,300,
09:45:22,66.25,700,
09:45:23,66.25,200,
09:45:23,66.255,100,
09:45:24,66.24,167,
09:45:24,66.24,600,
09:45:24,66.24,234,
09:45:24,66.24,133,
09:45:29,66.23,100,
09:45:30,66.22,200,
09:45:30,66.22,200,
09:45:30,66.22,135,
09:45:30,66.22,200,
09:45:31,66.229,200,
09:45:37,66.22,100,
09:45:37,66.22,600,
09:45:37,66.22,300,
09:45:37,66.22,1000,
09:45:38,66.21,100,
09:45:38,66.21,100,
09:45:38,66.20,367,
09:45:42,66.20,723,
09:45:43,66.1901,100,
09:45:43,66.19,100,
09:45:43,66.19,300,
09:45:43,66.1901,300,
09:45:43,66.1901,196,
09:45:44,66.195,3200,
09:45:44,66.20,100,
09:45:44,66.20,500,
09:45:44,66.20,600,
09:45:44,66.20,800,
09:45:44,66.20,400,
09:45:44,66.20,500,
09:45:44,66.21,100,
09:45:45,66.21,200,
09:45:45,66.21,400,
09:45:45,66.21,300,
09:45:45,66.21,300,
09:45:45,66.21,700,
09:45:48,66.20,100,
09:45:48,66.20,560,
09:45:48,66.20,160,
09:45:48,66.20,100,
09:45:49,66.19,287,
09:45:49,66.19,432,
09:45:49,66.19,200,
09:45:50,66.19,200,
09:45:50,66.19,400,
09:45:50,66.19,100,
09:45:50,66.19,300,
09:45:50,66.19,400,
09:45:50,66.19,500,
09:45:50,66.19,300,
09:45:50,66.19,500,
09:45:50,66.19,300,
09:45:50,66.19,400,
09:45:50,66.19,500,
09:45:51,66.19,166,
09:45:52,66.1917,100,
09:45:54,66.20,800,
09:45:55,66.20,300,
09:45:55,66.20,400,
09:45:57,66.19,100,
09:45:58,66.195,100,
09:45:58,66.18,100,
09:45:58,66.18,500,
09:45:58,66.18,144,
09:45:59,66.17,14400,
09:45:59,66.17,1600,
09:46:00,66.16,500,
09:46:00,66.16,100,
09:46:00,66.1601,500,
09:46:00,66.1601,100,
09:46:00,66.16,442,
09:46:00,66.1715,400,
09:46:00,66.172,10000,
09:46:00,66.16,1058,
09:46:00,66.16,289,
09:46:00,66.16,800,
09:46:00,66.16,800,
09:46:00,66.16,907,
09:46:04,66.16,1000,
09:46:04,66.16,1000,
09:46:04,66.16,200,
09:46:04,66.16,800,
09:46:04,66.16,100,
09:46:04,66.16,200,
09:46:04,66.16,400,
09:46:04,66.16,800,
09:46:04,66.16,300,
09:46:04,66.16,3300,
09:46:04,66.17,100,
09:46:04,66.17,100,
09:46:04,66.18,200,
09:46:04,66.18,700,
09:46:05,66.17,1000,
09:46:05,66.17,100,
09:46:05,66.17,800,
09:46:05,66.16,300,
09:46:05,66.16,100,
09:46:05,66.1614,500,
09:46:05,66.1615,100,
09:46:06,66.16,600,
09:46:06,66.15,3000,
09:46:08,66.15,1000,
09:46:08,66.15,100,
09:46:10,66.16,400,
09:46:10,66.16,400,
09:46:10,66.16,142,
09:46:10,66.16,100,
09:46:10,66.15,100,
09:46:11,66.16,300,
09:46:11,66.15,1773,
09:46:11,66.15,800,
09:46:11,66.15,400,
09:46:11,66.14,100,
09:46:11,66.15,100,
09:46:11,66.14,100,
09:46:11,66.14,100,
09:46:11,66.14,300,
09:46:11,66.14,300,
09:46:11,66.14,400,
09:46:12,66.14,400,
09:46:12,66.13,100,
09:46:12,66.13,100,
09:46:13,66.14,100,
09:46:14,66.15,200,
09:46:14,66.14,2000,
09:46:14,66.14,300,
09:46:14,66.14,300,
09:46:14,66.14,1000,
09:46:14,66.14,300,
09:46:14,66.14,500,
09:46:14,66.14,200,
09:46:14,66.14,400,
09:46:14,66.14,2000,
09:46:14,66.14,200,
09:46:15,66.13,100,
09:46:16,66.135,300,
09:46:16,66.135,1400,
09:46:16,66.14,300,
09:46:16,66.14,300,
09:46:16,66.14,300,
09:46:18,66.14,400,
09:46:18,66.14,600,
09:46:18,66.14,700,
09:46:18,66.14,800,
09:46:18,66.14,600,
09:46:18,66.14,200,
09:46:18,66.14,100,
09:46:18,66.14,300,
09:46:19,66.14,100,
09:46:19,66.12,100,
09:46:19,66.12,300,
09:46:19,66.13,400,
09:46:19,66.13,500,
09:46:19,66.13,700,
09:46:21,66.1305,1600,
09:46:23,66.12,400,
09:46:23,66.12,315,
09:46:24,66.115,700,
09:46:24,66.12,800,
09:46:24,66.12,100,
09:46:24,66.13,200,
09:46:25,66.13,200,
09:46:25,66.13,200,
09:46:25,66.125,200,
09:46:25,66.13,1000,
09:46:25,66.13,100,
09:46:25,66.13,300,
09:46:27,66.13,200,
09:46:28,66.13,100,
09:46:29,66.129,300,
09:46:30,66.13,100,
09:46:31,66.14,237,
09:46:32,66.14,100,
09:46:32,66.14,1800,
09:46:32,66.15,2000,
09:46:33,66.15,100,
09:46:33,66.15,100,
09:46:33,66.15,100,
09:46:33,66.15,100,
09:46:37,66.15,531,
09:46:37,66.14,1000,
09:46:37,66.14,400,
09:46:37,66.15,100,
09:46:40,66.145,100,
09:46:40,66.145,200,
09:46:41,66.14,100,
09:46:41,66.145,300,
09:46:43,66.14,100,
09:46:44,66.14,800,
09:46:44,66.14,100,
09:46:44,66.15,200,
09:46:45,66.15,100,
09:46:46,66.14,100,
09:46:46,66.14,100,
09:46:47,66.1399,5000,
09:46:47,66.13,120,
09:46:48,66.13,100,
09:46:50,66.121,100,
09:46:50,66.13,600,
09:46:52,66.13,700,
09:46:53,66.1287,1000,
09:46:53,66.12,100,
09:46:53,66.125,100,
09:46:53,66.12,100,
09:46:54,66.11,700,
09:46:54,66.11,300,
09:46:54,66.11,100,
09:46:54,66.11,200,
09:46:54,66.11,800,
09:46:54,66.11,800,
09:46:54,66.11,4100,
09:46:54,66.11,300,
09:46:54,66.11,1475,
09:46:54,66.11,1574,
09:46:54,66.1125,400,
09:46:54,66.11,100,
09:46:55,66.10,100,
09:46:55,66.1001,100,
09:46:55,66.1001,740,
09:46:55,66.10,600,
09:46:55,66.1001,100,
09:46:55,66.0913,348,
09:46:55,66.09,2926,
09:46:55,66.10,700,
09:46:55,66.10,1200,
09:46:55,66.10,781,
09:46:56,66.10,100,
09:46:56,66.10,100,
09:46:56,66.0925,100,
09:46:56,66.09,200,
09:46:57,66.0801,5000,
09:46:57,66.08,3085,
09:46:57,66.08,815,
09:46:57,66.08,800,
09:46:57,66.08,800,
09:46:58,66.071,900,
09:46:59,66.08,500,
09:46:59,66.075,208,
09:46:59,66.07,600,
09:46:59,66.07,815,
09:47:00,66.07,2500,
09:47:00,66.075,815,
09:47:00,66.075,157,
09:47:00,66.08,700,
09:47:00,66.08,1000,
09:47:00,66.08,600,
09:47:00,66.08,600,
09:47:00,66.075,800,
09:47:00,66.08,453,
09:47:00,66.08,100,
09:47:00,66.09,100,
09:47:00,66.09,600,
09:47:01,66.10,300,
09:47:01,66.10,100,
09:47:01,66.11,100,
09:47:01,66.11,500,
09:47:01,66.11,200,
09:47:01,66.11,300,
09:47:01,66.11,600,
09:47:01,66.11,100,
09:47:01,66.11,100,
09:47:01,66.11,300,
09:47:01,66.11,500,
09:47:01,66.11,100,
09:47:01,66.11,100,
09:47:01,66.11,300,
09:47:01,66.11,300,
09:47:01,66.11,300,
09:47:01,66.11,300,
09:47:01,66.11,3855,
09:47:01,66.11,222,
09:47:01,66.11,1330,
09:47:01,66.11,300,
09:47:01,66.11,600,
09:47:01,66.11,800,
09:47:01,66.11,788,
09:47:01,66.12,100,
09:47:01,66.12,100,
09:47:01,66.12,700,
09:47:01,66.11,100,
09:47:02,66.10,200,
09:47:03,66.10,240,
09:47:03,66.10,800,
09:47:03,66.10,100,
09:47:03,66.10,2000,
09:47:03,66.10,600,
09:47:03,66.11,600,
09:47:03,66.11,400,
09:47:03,66.11,100,
09:47:03,66.11,600,
09:47:03,66.11,1600,
09:47:03,66.11,100,
09:47:03,66.11,200,
09:47:04,66.10,200,
09:47:05,66.10,200,
09:47:05,66.10,500,
09:47:05,66.09,100,
09:47:05,66.09,800,
09:47:06,66.09,700,
09:47:07,66.08,300,
09:47:07,66.08,200,
09:47:07,66.08,300,
09:47:07,66.08,300,
09:47:07,66.08,100,
09:47:07,66.08,500,
09:47:07,66.08,700,
09:47:07,66.08,100,
09:47:07,66.08,1200,
09:47:07,66.09,100,
09:47:07,66.09,100,
09:47:07,66.10,100,
09:47:08,66.10,300,
09:47:08,66.10,100,
09:47:09,66.11,400,
09:47:09,66.11,800,
09:47:09,66.11,400,
09:47:09,66.11,100,
09:47:09,66.11,600,
09:47:10,66.12,800,
09:47:10,66.12,100,
09:47:10,66.12,900,
09:47:10,66.12,300,
09:47:11,66.12,100,
09:47:11,66.12,1364,
09:47:11,66.12,100,
09:47:11,66.12,100,
09:47:12,66.11,800,
09:47:12,66.11,600,
09:47:13,66.10,600,
09:47:13,66.09,649,
09:47:13,66.09,449,
09:47:13,66.09,800,
09:47:13,66.08,222,
09:47:14,66.085,500,
09:47:15,66.09,800,
09:47:15,66.09,600,
09:47:15,66.09,100,
09:47:15,66.09,300,
09:47:15,66.09,200,
09:47:15,66.091,100,
09:47:16,66.10,100,
09:47:18,66.09,100,
09:47:18,66.09,300,
09:47:19,66.09,200,
09:47:19,66.09,100,
09:47:19,66.09,800,
09:47:20,66.08,100,
09:47:21,66.0601,150,
09:47:22,66.06,100,
09:47:22,66.06,300,
09:47:22,66.06,1000,
09:47:22,66.0548,200,
09:47:23,66.06,100,
09:47:23,66.051,100,
09:47:24,66.06,800,
09:47:24,66.06,600,
09:47:24,66.06,500,
09:47:24,66.07,500,
09:47:24,66.07,100,
09:47:24,66.07,600,
09:47:24,66.07,400,
09:47:24,66.07,600,
09:47:24,66.07,700,
09:47:24,66.07,100,
09:47:24,66.07,1000,
09:47:24,66.07,300,
09:47:24,66.07,815,
09:47:24,66.07,100,
09:47:24,66.07,200,
09:47:24,66.07,800,
09:47:24,66.07,800,
09:47:24,66.07,100,
09:47:25,66.06,100,
09:47:25,66.06,800,
09:47:25,66.06,800,
09:47:25,66.06,800,
09:47:25,66.06,400,
09:47:25,66.06,400,
09:47:25,66.06,1000,
09:47:25,66.06,600,
09:47:25,66.06,100,
09:47:25,66.06,2385,
09:47:25,66.06,100,
09:47:25,66.06,300,
09:47:25,66.06,815,
09:47:25,66.06,200,
09:47:25,66.06,2000,
09:47:25,66.06,300,
09:47:25,66.07,100,
09:47:25,66.07,100,
09:47:25,66.07,100,
09:47:25,66.07,100,
09:47:25,66.06,100,
09:47:26,66.06,400,
09:47:27,66.05,100,
09:47:27,66.05,168,
09:47:28,66.05,132,
09:47:29,66.04,800,
09:47:29,66.04,275,
09:47:31,66.04,600,
09:47:31,66.03,100,
09:47:31,66.04,300,
09:47:31,66.04,600,
09:47:31,66.04,625,
09:47:31,66.04,800,
09:47:31,66.04,400,
09:47:31,66.04,700,
09:47:31,66.04,585,
09:47:31,66.05,100,
09:47:34,66.04,100,
09:47:35,66.0319,100,
09:47:36,66.04,310,
09:47:36,66.04,800,
09:47:36,66.04,1800,
09:47:36,66.04,290,
09:47:37,66.05,600,
09:47:37,66.05,100,
09:47:37,66.06,300,
09:47:37,66.06,100,
09:47:37,66.06,815,
09:47:37,66.06,110,
09:47:37,66.06,300,
09:47:37,66.06,390,
09:47:37,66.06,350,
09:47:37,66.07,300,
09:47:37,66.07,100,
09:47:37,66.07,278,
09:47:37,66.07,110,
09:47:38,66.07,1000,
09:47:38,66.07,100,
09:47:38,66.07,100,
09:47:38,66.07,800,
09:47:38,66.06,100,
09:47:38,66.07,600,
09:47:38,66.07,2300,
09:47:38,66.07,700,
09:47:38,66.07,100,
09:47:39,66.07,600,
09:47:39,66.07,100,
09:47:39,66.07,100,
09:47:39,66.07,600,
09:47:39,66.07,3400,
09:47:40,66.08,500,
09:47:40,66.08,100,
09:47:40,66.08,213,
09:47:40,66.08,100,
09:47:41,66.07,1000,
09:47:41,66.07,300,
09:47:41,66.08,2000,
09:47:41,66.08,100,
09:47:41,66.08,200,
09:47:41,66.08,400,
09:47:42,66.07,100,
09:47:42,66.07,100,
09:47:42,66.07,100,
09:47:42,66.07,100,
09:47:42,66.07,200,
09:47:42,66.07,561,
09:47:42,66.07,153,
09:47:43,66.07,100,
09:47:44,66.061,100,
09:47:45,66.06,500,
09:47:46,66.06,100,
09:47:46,66.05,397,
09:47:47,66.07,100,
09:47:47,66.08,1000,
09:47:49,66.071,100,
09:47:50,66.061,100,
09:47:51,66.07,145,
09:47:51,66.07,700,
09:47:51,66.07,300,
09:47:51,66.07,700,
09:47:51,66.07,1700,
09:47:52,66.061,1510,
09:47:52,66.0601,100,
09:47:53,66.0643,100,
09:47:54,66.07,100,
09:47:55,66.069,2000,
09:47:55,66.06,800,
09:47:55,66.06,500,
09:47:56,66.06,100,
09:47:56,66.06,600,
09:47:56,66.06,100,
09:47:56,66.06,885,
09:47:56,66.06,800,
09:47:56,66.06,100,
09:47:56,66.06,400,
09:47:56,66.06,100,
09:47:56,66.06,800,
09:47:56,66.06,2000,
09:47:56,66.06,3215,
09:47:57,66.06,400,
09:47:57,66.06,100,
09:47:57,66.06,185,
09:47:57,66.07,800,
09:47:57,66.07,600,
09:47:58,66.051,500,
09:47:58,66.08,400,
09:47:58,66.08,200,
09:47:59,66.08,100,
09:47:59,66.08,481,
09:48:00,66.08,700,
09:48:01,66.08,300,
09:48:02,66.08,100,
09:48:02,66.08,100,
09:48:02,66.07,100,
09:48:03,66.08,100,
09:48:03,66.08,800,
09:48:03,66.08,100,
09:48:04,66.08,100,
09:48:04,66.09,100,
09:48:06,66.09,100,
09:48:06,66.09,800,
09:48:07,66.09,100,
09:48:07,66.10,800,
09:48:07,66.10,1700,
09:48:07,66.09,100,
09:48:07,66.09,200,
09:48:08,66.0901,1235,
09:48:08,66.10,1900,
09:48:09,66.10,800,
09:48:09,66.10,800,
09:48:14,66.0999,320,
09:48:16,66.0901,2000,
09:48:17,66.10,800,
09:48:17,66.10,5000,
09:48:18,66.11,100,
09:48:19,66.10,800,
09:48:19,66.10,100,
09:48:22,66.09,100,
09:48:22,66.09,100,
09:48:22,66.09,100,
09:48:22,66.09,800,
09:48:22,66.09,500,
09:48:22,66.09,100,
09:48:22,66.09,600,
09:48:22,66.09,1000,
09:48:22,66.09,300,
09:48:22,66.09,100,
09:48:22,66.09,700,
09:48:22,66.09,800,
09:48:22,66.09,200,
09:48:22,66.09,400,
09:48:22,66.09,400,
09:48:22,66.09,500,
09:48:22,66.09,300,
09:48:22,66.09,100,
09:48:23,66.09,100,
09:48:23,66.09,100,
09:48:23,66.09,200,
09:48:23,66.09,100,
09:48:23,66.09,100,
09:48:23,66.09,400,
09:48:23,66.09,100,
09:48:23,66.09,600,
09:48:24,66.0999,100,
09:48:24,66.10,100,
09:48:24,66.0999,100,
09:48:24,66.10,100,
09:48:24,66.10,100,
09:48:24,66.10,100,
09:48:27,66.10,200,
09:48:29,66.11,800,
09:48:31,66.11,400,
09:48:31,66.11,200,
09:48:31,66.11,100,
09:48:32,66.1074,300,
09:48:32,66.109,400,
09:48:33,66.10,100,
09:48:35,66.10,287,
09:48:40,66.10,488,
09:48:41,66.09,200,
09:48:41,66.09,1300,
09:48:41,66.09,200,
09:48:41,66.09,100,
09:48:44,66.08,100,
09:48:44,66.08,100,
09:48:46,66.085,300,
09:48:46,66.085,1000,
09:48:46,66.09,100,
09:48:46,66.09,100,
09:48:46,66.10,100,
09:48:46,66.10,100,
09:48:46,66.10,800,
09:48:46,66.10,200,
09:48:46,66.10,800,
09:48:46,66.10,600,
09:48:46,66.10,800,
09:48:46,66.10,2075,
09:48:46,66.10,100,
09:48:47,66.10,1000,
09:48:49,66.091,100,
09:48:50,66.10,100,
09:48:50,66.10,200,
09:48:50,66.10,100,
09:48:52,66.11,100,
09:48:55,66.101,100,
09:48:57,66.101,100,
09:48:58,66.10,100,
09:48:58,66.10,100,
09:48:58,66.10,100,
09:48:58,66.10,100,
09:48:58,66.10,100,
09:48:58,66.10,200,
09:48:58,66.09,100,
09:49:01,66.08,112,
09:49:01,66.08,300,
09:49:01,66.08,400,
09:49:01,66.08,200,
09:49:01,66.08,400,
09:49:01,66.08,700,
09:49:01,66.08,800,
09:49:01,66.08,100,
09:49:01,66.08,8400,
09:49:02,66.08,300,
09:49:04,66.09,100,
09:49:04,66.09,100,
09:49:06,66.0999,1000,
09:49:10,66.10,800,
09:49:10,66.10,225,
09:49:13,66.10,700,
09:49:14,66.10,440,
09:49:14,66.10,160,
09:49:17,66.09,800,
09:49:22,66.08,385,
09:49:22,66.08,100,
09:49:22,66.08,800,
09:49:23,66.09,300,
09:49:23,66.09,218,
09:49:23,66.09,600,
09:49:23,66.09,1600,
09:49:23,66.10,600,
09:49:23,66.10,400,
09:49:23,66.10,100,
09:49:23,66.10,2000,
09:49:23,66.10,3800,
09:49:23,66.10,1000,
09:49:23,66.10,1400,
09:49:23,66.10,300,
09:49:27,66.11,100,
09:49:27,66.11,800,
09:49:27,66.11,2700,
09:49:29,66.12,1000,
09:49:31,66.11,1500,
09:49:31,66.11,100,
09:49:31,66.11,1300,
09:49:31,66.1168,300,
09:49:31,66.1168,400,
09:49:31,66.1175,300,
09:49:31,66.1175,200,
09:49:31,66.11,100,
09:49:31,66.12,100,
09:49:31,66.12,600,
09:49:31,66.12,1200,
09:49:31,66.11,400,
09:49:31,66.11,1000,
09:49:31,66.11,800,
09:49:31,66.11,800,
09:49:32,66.11,1000,
09:49:34,66.11,100,
09:49:34,66.11,122,
09:49:35,66.118,1000,
09:49:37,66.11,167,
09:49:39,66.11,800,
09:49:39,66.11,800,
09:49:39,66.11,800,
09:49:39,66.10,300,
09:49:39,66.10,100,
09:49:39,66.10,100,
09:49:41,66.09,100,
09:49:41,66.09,800,
09:49:49,66.081,100,
09:49:50,66.09,100,
09:49:50,66.09,400,
09:49:50,66.09,100,
09:49:52,66.09,100,
09:49:52,66.08,125,
09:49:52,66.08,800,
09:49:54,66.09,1300,
09:49:54,66.09,2100,
09:49:59,66.10,100,
09:49:59,66.10,800,
09:49:59,66.10,100,
09:50:00,66.10,100,
09:50:04,66.099,1513,
09:50:04,66.10,100,
09:50:05,66.10,800,
09:50:05,66.10,400,
09:50:05,66.10,400,
09:50:05,66.10,600,
09:50:05,66.10,600,
09:50:05,66.10,600,
09:50:05,66.10,1817,
09:50:05,66.10,100,
09:50:05,66.10,800,
09:50:06,66.10,2700,
09:50:07,66.0999,1800,
09:50:07,66.09,400,
09:50:07,66.09,200,
09:50:07,66.09,400,
09:50:08,66.09,100,
09:50:08,66.09,100,
09:50:11,66.08,300,
09:50:11,66.08,800,
09:50:11,66.07,1601,
09:50:11,66.07,199,
09:50:11,66.07,600,
09:50:12,66.07,300,
09:50:12,66.07,100,
09:50:12,66.07,100,
09:50:12,66.07,100,
09:50:15,66.07,200,
09:50:15,66.07,100,
09:50:15,66.07,200,
09:50:15,66.07,600,
09:50:16,66.07,100,
09:50:16,66.07,400,
09:50:16,66.07,100,
09:50:18,66.07,643,
09:50:19,66.07,100,
09:50:20,66.06,200,
09:50:21,66.07,100,
09:50:21,66.07,2500,
09:50:22,66.06,900,
09:50:22,66.06,100,
09:50:22,66.05,1000,
09:50:22,66.05,100,
09:50:22,66.05,100,
09:50:22,66.05,100,
09:50:23,66.04,600,
09:50:23,66.0301,750,
09:50:24,66.03,300,
09:50:24,66.02,300,
09:50:24,66.02,1400,
09:50:24,66.01,250,
09:50:24,66.0101,2685,
09:50:24,66.02,100,
09:50:25,66.02,200,
09:50:25,66.02,100,
09:50:25,66.02,100,
09:50:25,66.02,175,
09:50:28,66.021,100,
09:50:30,66.03,100,
09:50:30,66.03,400,
09:50:30,66.03,1500,
09:50:33,66.02,129,
09:50:33,66.02,500,
09:50:35,66.01,800,
09:50:35,66.01,100,
09:50:35,66.01,500,
09:50:35,66,1200,
09:50:35,66,1000,
09:50:35,66.01,100,
09:50:35,66.01,600,
09:50:35,66.01,100,
09:50:35,66.01,4000,
09:50:36,66.01,100,
09:50:36,66.01,100,
09:50:36,66.01,100,
09:50:36,66.01,100,
09:50:36,66,600,
09:50:36,66,2600,
09:50:36,66,200,
09:50:36,66,245,
09:50:36,66,257,
09:50:36,66,968,
09:50:36,66,200,
09:50:36,66,1000,
09:50:36,66,611,
09:50:36,66,120,
09:50:36,66,100,
09:50:36,66,100,
09:50:36,66,800,
09:50:36,66,100,
09:50:36,66,100,
09:50:36,66,500,
09:50:37,65.991,3000,
09:50:38,65.98,300,
09:50:38,65.98,200,
09:50:38,66,150,
09:50:39,65.97,500,
09:50:39,65.97,300,
09:50:39,65.97,200,
09:50:39,65.96,1000,
09:50:40,65.95,478,
09:50:40,65.955,2000,
09:50:41,65.96,200,
09:50:41,65.96,100,
09:50:41,65.96,700,
09:50:41,65.95,500,
09:50:41,65.94,390,
09:50:42,65.95,179,
09:50:43,65.94,400,
09:50:44,65.94,400,
09:50:46,65.94,500,
09:50:46,65.94,328,
09:50:47,65.93,100,
09:50:47,65.93,1000,
09:50:47,65.9332,100,
09:50:47,65.93,300,
09:50:47,65.93,600,
09:50:47,65.93,600,
09:50:47,65.93,800,
09:50:47,65.93,100,
09:50:48,65.93,200,
09:50:49,65.9201,170,
09:50:49,65.9201,100,
09:50:49,65.9201,215,
09:50:50,65.92,600,
09:50:50,65.92,2000,
09:50:50,65.92,800,
09:50:50,65.9101,100,
09:50:50,65.915,100,
09:50:50,65.91,100,
09:50:50,65.91,360,
09:50:50,65.91,600,
09:50:50,65.90,900,
09:50:50,65.90,100,
09:50:50,65.905,125,
09:50:50,65.91,600,
09:50:50,65.91,800,
09:50:50,65.91,600,
09:50:50,65.91,1000,
09:50:50,65.9038,500,
09:50:50,65.90,200,
09:50:50,65.901,400,
09:50:51,65.921,200,
09:50:51,65.91,100,
09:50:52,65.91,400,
09:50:52,65.90,200,
09:50:52,65.90,465,
09:50:52,65.90,4100,
09:50:52,65.90,815,
09:50:52,65.90,1000,
09:50:52,65.90,1712,
09:50:52,65.90,100,
09:50:52,65.8901,100,
09:50:52,65.8901,292,
09:50:52,65.89,100,
09:50:52,65.895,203,
09:50:53,65.90,100,
09:50:53,65.90,100,
09:50:53,65.90,2050,
09:50:53,65.90,100,
09:50:53,65.91,385,
09:50:54,65.91,100,
09:50:54,65.91,800,
09:50:54,65.91,100,
09:50:55,65.905,100,
09:50:55,65.91,100,
09:50:55,65.91,400,
09:50:55,65.89,200,
09:50:55,65.91,1900,
09:50:55,65.91,1000,
09:50:55,65.91,100,
09:50:55,65.91,100,
09:50:55,65.91,258,
09:50:55,65.91,458,
09:50:55,65.91,800,
09:50:55,65.901,500,
09:50:56,65.91,800,
09:50:56,65.91,100,
09:50:56,65.91,100,
09:50:56,65.91,200,
09:50:56,65.91,234,
09:50:57,65.91,300,
09:50:57,65.91,466,
09:50:58,65.92,300,
09:50:58,65.92,100,
09:50:58,65.92,300,
09:50:59,65.91,100,
09:50:59,65.91,100,
09:51:00,65.91,100,
09:51:00,65.91,100,
09:51:00,65.91,200,
09:51:00,65.91,100,
09:51:00,65.91,100,
09:51:01,65.90,300,
09:51:01,65.90,300,
09:51:01,65.90,300,
09:51:01,65.90,300,
09:51:01,65.90,2400,
09:51:02,65.90,200,
09:51:02,65.90,300,
09:51:03,65.90,772,
09:51:03,65.90,1872,
09:51:03,65.90,100,
09:51:03,65.90,100,
09:51:03,65.90,228,
09:51:03,65.90,500,
09:51:03,65.90,100,
09:51:03,65.90,100,
09:51:03,65.90,400,
09:51:04,65.90,400,
09:51:04,65.90,100,
09:51:04,65.90,100,
09:51:04,65.89,200,
09:51:06,65.89,800,
09:51:06,65.89,600,
09:51:06,65.89,229,
09:51:06,65.89,500,
09:51:06,65.88,500,
09:51:06,65.88,300,
09:51:06,65.8813,500,
09:51:06,65.8814,100,
09:51:06,65.8838,1500,
09:51:06,65.88,118,
09:51:06,65.88,500,
09:51:06,65.88,300,
09:51:06,65.88,400,
09:51:06,65.88,200,
09:51:06,65.8801,500,
09:51:06,65.8801,300,
09:51:06,65.8801,200,
09:51:07,65.8801,200,
09:51:07,65.8801,200,
09:51:07,65.88,200,
09:51:07,65.8801,200,
09:51:07,65.88,200,
09:51:07,65.88,500,
09:51:08,65.899,5000,
09:51:08,65.88,100,
09:51:08,65.88,100,
09:51:08,65.88,600,
09:51:08,65.88,600,
09:51:08,65.88,1000,
09:51:08,65.8799,2000,
09:51:08,65.87,500,
09:51:08,65.87,100,
09:51:10,65.88,1000,
09:51:11,65.88,100,
09:51:11,65.88,1400,
09:51:11,65.88,800,
09:51:11,65.88,400,
09:51:11,65.875,3000,
09:51:11,65.88,500,
09:51:11,65.88,1500,
09:51:11,65.88,100,
09:51:12,65.871,5700,
09:51:13,65.89,400,
09:51:13,65.89,100,
09:51:14,65.89,300,
09:51:14,65.90,200,
09:51:15,65.90,500,
09:51:15,65.90,400,
09:51:15,65.90,500,
09:51:15,65.90,500,
09:51:15,65.90,450,
09:51:16,65.90,100,
09:51:16,65.90,100,
09:51:16,65.90,800,
09:51:16,65.90,800,
09:51:16,65.90,800,
09:51:16,65.90,400,
09:51:16,65.90,100,
09:51:17,65.9071,100,
09:51:19,65.90,1200,
09:51:19,65.89,2000,
09:51:19,65.89,1000,
09:51:19,65.89,300,
09:51:19,65.89,800,
09:51:19,65.89,700,
09:51:19,65.89,800,
09:51:19,65.89,100,
09:51:19,65.89,600,
09:51:19,65.89,1200,
09:51:19,65.89,100,
09:51:19,65.89,400,
09:51:19,65.89,100,
09:51:20,65.905,500,
09:51:20,65.89,100,
09:51:20,65.89,400,
09:51:20,65.89,300,
09:51:22,65.88,1000,
09:51:22,65.88,200,
09:51:22,65.88,100,
09:51:22,65.88,100,
09:51:22,65.88,800,
09:51:22,65.88,100,
09:51:22,65.88,400,
09:51:23,65.88,2000,
09:51:25,65.86,150,
09:51:25,65.86,115,
09:51:25,65.86,500,
09:51:25,65.86,215,
09:51:25,65.86,500,
09:51:25,65.86,800,
09:51:25,65.86,385,
09:51:25,65.86,285,
09:51:25,65.86,585,
09:51:25,65.85,150,
09:51:25,65.83,200,
09:51:25,65.86,815,
09:51:25,65.85,2000,
09:51:25,65.85,400,
09:51:25,65.85,200,
09:51:25,65.85,100,
09:51:25,65.85,400,
09:51:25,65.85,400,
09:51:25,65.85,1600,
09:51:25,65.85,100,
09:51:25,65.85,100,
09:51:25,65.84,800,
09:51:25,65.84,1000,
09:51:25,65.84,200,
09:51:25,65.84,100,
09:51:25,65.84,400,
09:51:25,65.84,100,
09:51:25,65.84,5165,
09:51:25,65.84,400,
09:51:25,65.84,1000,
09:51:25,65.84,800,
09:51:25,65.84,500,
09:51:25,65.84,300,
09:51:25,65.83,3200,
09:51:25,65.83,400,
09:51:25,65.83,106,
09:51:25,65.82,200,
09:51:25,65.84,305,
09:51:25,65.84,400,
09:51:25,65.84,100,
09:51:25,65.83,500,
09:51:25,65.83,500,
09:51:25,65.83,300,
09:51:25,65.83,118,
09:51:25,65.83,500,
09:51:25,65.83,250,
09:51:25,65.83,100,
09:51:25,65.83,100,
09:51:25,65.83,100,
09:51:25,65.82,300,
09:51:25,65.86,300,
09:51:25,65.82,200,
09:51:25,65.83,300,
09:51:25,65.82,100,
09:51:25,65.82,100,
09:51:25,65.82,100,
09:51:25,65.83,300,
09:51:25,65.82,100,
09:51:25,65.82,100,
09:51:25,65.82,100,
09:51:25,65.82,290,
09:51:25,65.82,110,
09:51:25,65.83,400,
09:51:25,65.83,500,
09:51:25,65.82,100,
09:51:25,65.82,100,
09:51:25,65.82,200,
09:51:25,65.82,200,
09:51:25,65.82,300,
09:51:25,65.82,800,
09:51:25,65.83,200,
09:51:25,65.82,100,
09:51:25,65.82,787,
09:51:25,65.85,100,
09:51:25,65.82,200,
09:51:25,65.82,100,
09:51:25,65.82,100,
09:51:25,65.86,100,
09:51:25,65.82,100,
09:51:25,65.82,100,
09:51:25,65.81,100,
09:51:25,65.82,300,
09:51:25,65.82,800,
09:51:25,65.82,800,
09:51:25,65.82,900,
09:51:25,65.82,515,
09:51:25,65.82,800,
09:51:25,65.82,600,
09:51:25,65.82,800,
09:51:25,65.82,816,
09:51:25,65.82,600,
09:51:25,65.82,400,
09:51:25,65.82,500,
09:51:25,65.82,751,
09:51:25,65.82,800,
09:51:25,65.82,400,
09:51:25,65.82,1100,
09:51:25,65.82,100,
09:51:25,65.82,200,
09:51:25,65.82,600,
09:51:25,65.82,1000,
09:51:25,65.83,100,
09:51:25,65.83,100,
09:51:25,65.82,100,
09:51:25,65.82,300,
09:51:25,65.83,100,
09:51:25,65.82,100,
09:51:25,65.83,160,
09:51:25,65.83,100,
09:51:25,65.83,300,
09:51:25,65.83,600,
09:51:25,65.83,400,
09:51:25,65.83,800,
09:51:25,65.83,100,
09:51:25,65.82,4600,
09:51:25,65.83,800,
09:51:25,65.83,125,
09:51:25,65.83,600,
09:51:25,65.83,700,
09:51:25,65.83,100,
09:51:25,65.83,300,
09:51:25,65.86,115,
09:51:25,65.8213,500,
09:51:25,65.83,100,
09:51:25,65.82,1600,
09:51:25,65.82,500,
09:51:25,65.82,400,
09:51:25,65.8201,2700,
09:51:26,65.82,100,
09:51:26,65.82,165,
09:51:26,65.825,500,
09:51:27,65.82,2000,
09:51:27,65.82,100,
09:51:27,65.82,100,
09:51:27,65.82,300,
09:51:27,65.82,100,
09:51:27,65.82,100,
09:51:27,65.825,100,
09:51:27,65.825,300,
09:51:27,65.825,100,
09:51:27,65.825,100,
09:51:27,65.82,100,
09:51:27,65.8201,300,
09:51:27,65.82,283,
09:51:27,65.825,200,
09:51:27,65.82,200,
09:51:27,65.82,200,
09:51:27,65.82,200,
09:51:27,65.81,400,
09:51:27,65.81,1000,
09:51:27,65.81,300,
09:51:27,65.81,100,
09:51:27,65.82,1800,
09:51:27,65.82,100,
09:51:27,65.82,200,
09:51:27,65.815,100,
09:51:27,65.815,100,
09:51:27,65.815,500,
09:51:28,65.81,100,
09:51:28,65.81,100,
09:51:28,65.81,100,
09:51:28,65.815,100,
09:51:28,65.815,100,
09:51:28,65.82,498,
09:51:28,65.82,800,
09:51:28,65.811,900,
09:51:28,65.82,298,
09:51:28,65.82,102,
09:51:28,65.815,530,
09:51:28,65.82,698,
09:51:28,65.82,600,
09:51:28,65.82,400,
09:51:28,65.82,100,
09:51:28,65.82,600,
09:51:28,65.81,600,
09:51:28,65.81,100,
09:51:28,65.81,460,
09:51:28,65.81,200,
09:51:28,65.80,200,
09:51:28,65.80,118,
09:51:28,65.80,2000,
09:51:28,65.80,100,
09:51:28,65.80,500,
09:51:28,65.80,300,
09:51:28,65.80,800,
09:51:28,65.80,100,
09:51:29,65.8007,465,
09:51:29,65.81,100,
09:51:29,65.821,800,
09:51:29,65.81,800,
09:51:29,65.81,600,
09:51:29,65.81,800,
09:51:29,65.81,302,
09:51:29,65.81,100,
09:51:29,65.81,498,
09:51:29,65.80,200,
09:51:29,65.81,2000,
09:51:30,65.81,970,
09:51:30,65.81,100,
09:51:30,65.81,302,
09:51:30,65.81,800,
09:51:30,65.81,100,
09:51:30,65.80,800,
09:51:30,65.80,400,
09:51:30,65.80,300,
09:51:31,65.7913,750,
09:51:31,65.79,1000,
09:51:31,65.79,1000,
09:51:32,65.80,382,
09:51:32,65.79,100,
09:51:32,65.79,100,
09:51:32,65.79,500,
09:51:32,65.7801,100,
09:51:32,65.78,800,
09:51:32,65.78,100,
09:51:32,65.78,400,
09:51:32,65.78,600,
09:51:32,65.78,100,
09:51:32,65.77,125,
09:51:32,65.77,500,
09:51:32,65.77,100,
09:51:32,65.77,600,
09:51:32,65.77,375,
09:51:32,65.78,200,
09:51:32,65.78,100,
09:51:32,65.78,200,
09:51:32,65.77,900,
09:51:32,65.77,300,
09:51:32,65.77,598,
09:51:32,65.77,100,
09:51:32,65.78,500,
09:51:33,65.7721,100,
09:51:33,65.79,500,
09:51:33,65.771,200,
09:51:34,65.78,200,
09:51:34,65.78,473,
09:51:34,65.78,373,
09:51:34,65.78,200,
09:51:34,65.78,300,
09:51:34,65.78,1776,
09:51:34,65.78,450,
09:51:34,65.7801,2700,
09:51:34,65.79,800,
09:51:34,65.79,100,
09:51:34,65.79,100,
09:51:34,65.771,1500,
09:51:35,65.80,400,
09:51:35,65.80,300,
09:51:35,65.80,500,
09:51:35,65.80,600,
09:51:35,65.80,2200,
09:51:35,65.81,100,
09:51:36,65.81,2000,
09:51:37,65.80,100,
09:51:37,65.80,100,
09:51:37,65.80,800,
09:51:37,65.80,600,
09:51:37,65.80,1000,
09:51:37,65.80,100,
09:51:37,65.79,1000,
09:51:37,65.79,425,
09:51:37,65.79,100,
09:51:37,65.79,100,
09:51:37,65.79,100,
09:51:37,65.79,375,
09:51:38,65.78,297,
09:51:38,65.78,1300,
09:51:38,65.78,700,
09:51:38,65.78,500,
09:51:38,65.78,1500,
09:51:39,65.79,400,
09:51:39,65.7801,100,
09:51:39,65.7801,500,
09:51:39,65.79,100,
09:51:39,65.7838,200,
09:51:40,65.79,100,
09:51:41,65.78,266,
09:51:41,65.78,800,
09:51:41,65.78,100,
09:51:41,65.78,400,
09:51:41,65.78,100,
09:51:41,65.78,725,
09:51:41,65.78,1000,
09:51:42,65.77,100,
09:51:42,65.77,150,
09:51:42,65.77,100,
09:51:42,65.77,641,
09:51:42,65.761,100,
09:51:43,65.76,600,
09:51:43,65.76,200,
09:51:43,65.75,100,
09:51:43,65.75,300,
09:51:43,65.75,100,
09:51:43,65.75,100,
09:51:43,65.75,1200,
09:51:43,65.74,400,
09:51:43,65.74,100,
09:51:43,65.74,265,
09:51:43,65.73,3500,
09:51:43,65.73,400,
09:51:43,65.74,100,
09:51:43,65.74,600,
09:51:43,65.74,100,
09:51:43,65.74,2660,
09:51:43,65.74,200,
09:51:43,65.73,800,
09:51:43,65.73,1435,
09:51:43,65.73,100,
09:51:43,65.73,100,
09:51:43,65.75,100,
09:51:43,65.7307,100,
09:51:43,65.7309,200,
09:51:43,65.73,150,
09:51:43,65.7501,100,
09:51:43,65.73,315,
09:51:43,65.73,798,
09:51:43,65.73,800,
09:51:43,65.73,400,
09:51:43,65.73,100,
09:51:43,65.73,200,
09:51:43,65.7203,300,
09:51:43,65.7203,300,
09:51:43,65.7203,300,
09:51:43,65.72,200,
09:51:43,65.721,8000,
09:51:43,65.73,125,
09:51:43,65.73,1600,
09:51:44,65.7507,300,
09:51:44,65.7505,100,
09:51:44,65.74,100,
09:51:44,65.74,100,
09:51:44,65.74,264,
09:51:44,65.74,100,
09:51:44,65.74,100,
09:51:44,65.7502,1200,
09:51:44,65.7502,700,
09:51:44,65.7502,200,
09:51:44,65.7343,350,
09:51:45,65.7325,100,
09:51:45,65.7324,100,
09:51:45,65.75,100,
09:51:45,65.74,283,
09:51:45,65.74,800,
09:51:45,65.74,800,
09:51:45,65.74,400,
09:51:45,65.74,100,
09:51:46,65.7307,100,
09:51:46,65.74,100,
09:51:46,65.74,100,
09:51:46,65.74,800,
09:51:46,65.74,1000,
09:51:46,65.74,600,
09:51:46,65.74,800,
09:51:46,65.7301,100,
09:51:46,65.73,100,
09:51:46,65.73,100,
09:51:46,65.73,800,
09:51:46,65.73,800,
09:51:46,65.73,100,
09:51:47,65.7207,175,
09:51:47,65.72,706,
09:51:47,65.72,400,
09:51:47,65.73,300,
09:51:48,65.73,100,
09:51:48,65.73,300,
09:51:49,65.72,161,
09:51:50,65.71,100,
09:51:50,65.71,2000,
09:51:50,65.71,200,
09:51:50,65.72,420,
09:51:50,65.71,100,
09:51:51,65.71,600,
09:51:51,65.71,800,
09:51:51,65.71,800,
09:51:51,65.71,600,
09:51:51,65.71,300,
09:51:51,65.70,815,
09:51:51,65.71,200,
09:51:51,65.71,200,
09:51:51,65.71,100,
09:51:51,65.71,700,
09:51:51,65.71,300,
09:51:51,65.71,200,
09:51:51,65.70,800,
09:51:52,65.70,200,
09:51:52,65.70,100,
09:51:52,65.68,100,
09:51:52,65.68,700,
09:51:52,65.68,100,
09:51:52,65.705,100,
09:51:52,65.705,200,
09:51:53,65.68,200,
09:51:53,65.68,500,
09:51:53,65.68,100,
09:51:53,65.68,100,
09:51:54,65.67,100,
09:51:54,65.68,100,
09:51:54,65.67,100,
09:51:54,65.67,400,
09:51:54,65.651,3630,
09:51:54,65.65,527,
09:51:54,65.65,600,
09:51:54,65.65,800,
09:51:54,65.65,100,
09:51:54,65.65,600,
09:51:54,65.64,600,
09:51:54,65.64,300,
09:51:54,65.65,500,
09:51:54,65.65,500,
09:51:54,65.64,300,
09:51:54,65.64,100,
09:51:54,65.64,232,
09:51:55,65.64,100,
09:51:55,65.64,300,
09:51:55,65.64,513,
09:51:55,65.64,100,
09:51:55,65.64,302,
09:51:55,65.64,100,
09:51:55,65.64,100,
09:51:55,65.64,600,
09:51:55,65.64,100,
09:51:55,65.64,100,
09:51:55,65.64,500,
09:51:55,65.6401,100,
09:51:55,65.64,100,
09:51:55,65.64,100,
09:51:55,65.6401,100,
09:51:55,65.6401,100,
09:51:55,65.6401,100,
09:51:55,65.67,100,
09:51:55,65.64,300,
09:51:55,65.64,100,
09:51:55,65.64,100,
09:51:55,65.63,2000,
09:51:55,65.631,100,
09:51:55,65.631,100,
09:51:55,65.63,100,
09:51:55,65.63,400,
09:51:55,65.63,150,
09:51:56,65.6223,1500,
09:51:56,65.66,250,
09:51:56,65.63,200,
09:51:56,65.63,300,
09:51:56,65.63,200,
09:51:56,65.6228,200,
09:51:57,65.63,100,
09:51:57,65.63,600,
09:51:57,65.63,600,
09:51:58,65.63,500,
09:51:58,65.63,10900,
09:51:58,65.62,500,
09:51:59,65.63,100,
09:51:59,65.63,437,
09:51:59,65.63,231,
09:51:59,65.63,269,
09:51:59,65.63,600,
09:51:59,65.65,100,
09:51:59,65.64,100,
09:51:59,65.64,100,
09:51:59,65.64,100,
09:51:59,65.65,800,
09:51:59,65.65,800,
09:51:59,65.65,100,
09:51:59,65.65,200,
09:51:59,65.65,400,
09:51:59,65.65,400,
09:51:59,65.65,600,
09:51:59,65.65,600,
09:51:59,65.65,200,
09:51:59,65.65,200,
09:51:59,65.65,500,
09:51:59,65.66,200,
09:51:59,65.66,100,
09:51:59,65.66,100,
09:51:59,65.66,400,
09:51:59,65.66,700,
09:51:59,65.66,500,
09:51:59,65.66,100,
09:51:59,65.6642,300,
09:52:00,65.661,300,
09:52:00,65.67,600,
09:52:00,65.67,100,
09:52:00,65.67,3200,
09:52:00,65.67,1000,
09:52:00,65.68,100,
09:52:00,65.68,300,
09:52:00,65.68,100,
09:52:00,65.68,200,
09:52:00,65.68,1000,
09:52:00,65.68,100,
09:52:00,65.68,600,
09:52:00,65.69,100,
09:52:01,65.6823,297,
09:52:01,65.69,100,
09:52:01,65.69,200,
09:52:02,65.689,200,
09:52:02,65.69,200,
09:52:02,65.69,190,
09:52:02,65.69,106,
09:52:02,65.69,175,
09:52:02,65.69,800,
09:52:02,65.69,100,
09:52:02,65.69,100,
09:52:02,65.69,800,
09:52:02,65.69,600,
09:52:03,65.69,500,
09:52:03,65.68,100,
09:52:03,65.68,800,
09:52:03,65.68,1200,
09:52:03,65.69,100,
09:52:03,65.69,1000,
09:52:03,65.69,500,
09:52:03,65.69,582,
09:52:03,65.69,800,
09:52:03,65.68,100,
09:52:03,65.68,600,
09:52:03,65.68,300,
09:52:03,65.69,100,
09:52:03,65.68,100,
09:52:03,65.68,100,
09:52:03,65.69,100,
09:52:03,65.69,3000,
09:52:03,65.69,800,
09:52:03,65.69,100,
09:52:03,65.69,1000,
09:52:03,65.70,400,
09:52:04,65.69,345,
09:52:04,65.69,100,
09:52:04,65.69,350,
09:52:04,65.6901,300,
09:52:04,65.71,100,
09:52:04,65.71,700,
09:52:04,65.71,500,
09:52:04,65.70,300,
09:52:04,65.70,275,
09:52:05,65.72,232,
09:52:05,65.72,100,
09:52:05,65.71,400,
09:52:05,65.71,600,
09:52:05,65.71,100,
09:52:05,65.72,1250,
09:52:05,65.72,500,
09:52:06,65.73,100,
09:52:06,65.72,600,
09:52:06,65.72,600,
09:52:06,65.72,1000,
09:52:06,65.72,100,
09:52:06,65.72,800,
09:52:06,65.72,100,
09:52:06,65.72,100,
09:52:06,65.72,800,
09:52:06,65.72,800,
09:52:06,65.72,100,
09:52:06,65.72,400,
09:52:06,65.72,1000,
09:52:06,65.72,800,
09:52:06,65.72,400,
09:52:06,65.72,100,
09:52:06,65.72,1200,
09:52:06,65.72,1730,
09:52:06,65.72,800,
09:52:06,65.72,800,
09:52:06,65.72,800,
09:52:06,65.72,800,
09:52:06,65.72,100,
09:52:06,65.72,200,
09:52:06,65.72,300,
09:52:06,65.72,500,
09:52:06,65.72,100,
09:52:06,65.72,200,
09:52:06,65.72,600,
09:52:06,65.72,300,
09:52:06,65.72,300,
09:52:06,65.72,200,
09:52:06,65.72,200,
09:52:06,65.72,100,
09:52:06,65.72,150,
09:52:06,65.72,100,
09:52:06,65.72,150,
09:52:06,65.72,100,
09:52:06,65.72,200,
09:52:06,65.71,600,
09:52:06,65.71,400,
09:52:06,65.71,800,
09:52:06,65.71,100,
09:52:06,65.71,100,
09:52:06,65.7199,3000,
09:52:06,65.72,1985,
09:52:06,65.72,100,
09:52:06,65.72,585,
09:52:06,65.72,385,
09:52:06,65.72,600,
09:52:06,65.72,600,
09:52:08,65.73,100,
09:52:08,65.73,1600,
09:52:08,65.73,1600,
09:52:08,65.73,2000,
09:52:08,65.73,200,
09:52:08,65.74,1000,
09:52:08,65.74,2000,
09:52:10,65.737,500,
09:52:10,65.73,600,
09:52:10,65.73,320,
09:52:10,65.73,100,
09:52:10,65.73,100,
09:52:10,65.73,200,
09:52:10,65.73,100,
09:52:12,65.73,2000,
09:52:12,65.73,1000,
09:52:14,65.72,100,
09:52:14,65.72,580,
09:52:14,65.72,400,
09:52:14,65.72,100,
09:52:14,65.72,100,
09:52:14,65.72,500,
09:52:15,65.71,276,
09:52:15,65.71,600,
09:52:15,65.71,500,
09:52:15,65.71,600,
09:52:15,65.71,400,
09:52:15,65.71,401,
09:52:15,65.71,800,
09:52:15,65.71,100,
09:52:15,65.71,500,
09:52:15,65.71,500,
09:52:16,65.7027,200,
09:52:16,65.701,900,
09:52:16,65.72,200,
09:52:16,65.7101,500,
09:52:18,65.72,100,
09:52:18,65.72,100,
09:52:18,65.72,100,
09:52:18,65.72,500,
09:52:18,65.7102,200,
09:52:18,65.7102,300,
09:52:18,65.71,300,
09:52:18,65.71,100,
09:52:18,65.71,400,
09:52:18,65.71,600,
09:52:18,65.71,2400,
09:52:18,65.72,100,
09:52:18,65.72,1900,
09:52:18,65.72,400,
09:52:18,65.72,600,
09:52:18,65.72,500,
09:52:18,65.72,500,
09:52:18,65.72,100,
09:52:19,65.73,200,
09:52:19,65.73,100,
09:52:19,65.74,2000,
09:52:19,65.74,600,
09:52:20,65.74,522,
09:52:20,65.75,100,
09:52:20,65.74,500,
09:52:20,65.75,800,
09:52:20,65.75,545,
09:52:20,65.75,2500,
09:52:20,65.75,200,
09:52:21,65.76,100,
09:52:23,65.75,600,
09:52:23,65.75,100,
09:52:23,65.75,100,
09:52:24,65.74,800,
09:52:24,65.74,100,
09:52:24,65.74,200,
09:52:24,65.7307,150,
09:52:25,65.74,2000,
09:52:25,65.74,100,
09:52:25,65.74,300,
09:52:25,65.74,200,
09:52:25,65.74,300,
09:52:25,65.7499,200,
09:52:26,65.74,300,
09:52:26,65.74,100,
09:52:26,65.75,100,
09:52:26,65.75,300,
09:52:26,65.76,700,
09:52:26,65.76,600,
09:52:26,65.76,200,
09:52:26,65.76,100,
09:52:26,65.75,2000,
09:52:26,65.75,500,
09:52:26,65.75,2000,
09:52:27,65.76,100,
09:52:27,65.76,700,
09:52:27,65.76,300,
09:52:27,65.76,100,
09:52:28,65.76,400,
09:52:28,65.76,100,
09:52:28,65.76,400,
09:52:28,65.76,1200,
09:52:28,65.7599,200,
09:52:28,65.76,171,
09:52:28,65.76,571,
09:52:28,65.76,371,
09:52:28,65.755,200,
09:52:29,65.75,200,
09:52:29,65.76,100,
09:52:29,65.76,900,
09:52:29,65.76,600,
09:52:30,65.76,500,
09:52:30,65.76,400,
09:52:30,65.76,100,
09:52:30,65.76,300,
09:52:30,65.75,1000,
09:52:30,65.75,100,
09:52:30,65.75,800,
09:52:30,65.75,100,
09:52:30,65.75,100,
09:52:30,65.75,400,
09:52:30,65.75,600,
09:52:30,65.75,600,
09:52:30,65.75,800,
09:52:30,65.75,300,
09:52:30,65.75,200,
09:52:30,65.74,2000,
09:52:30,65.74,400,
09:52:30,65.74,400,
09:52:30,65.74,308,
09:52:30,65.74,1000,
09:52:30,65.74,800,
09:52:30,65.74,800,
09:52:30,65.74,600,
09:52:30,65.74,100,
09:52:30,65.74,400,
09:52:30,65.74,600,
09:52:30,65.74,600,
09:52:30,65.74,700,
09:52:30,65.74,500,
09:52:30,65.74,100,
09:52:30,65.74,1000,
09:52:30,65.74,2400,
09:52:30,65.74,2400,
09:52:30,65.74,100,
09:52:30,65.74,100,
09:52:30,65.74,4100,
09:52:30,65.74,800,
09:52:30,65.74,800,
09:52:30,65.74,2000,
09:52:30,65.74,200,
09:52:30,65.74,100,
09:52:30,65.74,500,
09:52:30,65.74,2000,
09:52:30,65.74,600,
09:52:30,65.74,400,
09:52:30,65.74,400,
09:52:30,65.74,1100,
09:52:30,65.74,1200,
09:52:30,65.74,468,
09:52:30,65.74,100,
09:52:30,65.74,2400,
09:52:30,65.74,300,
09:52:30,65.74,600,
09:52:30,65.74,200,
09:52:30,65.73,100,
09:52:30,65.73,800,
09:52:30,65.73,400,
09:52:30,65.73,100,
09:52:30,65.73,600,
09:52:30,65.73,200,
09:52:30,65.73,100,
09:52:30,65.73,100,
09:52:30,65.73,400,
09:52:30,65.73,800,
09:52:30,65.73,1000,
09:52:30,65.73,100,
09:52:30,65.73,100,
09:52:30,65.73,100,
09:52:30,65.73,300,
09:52:31,65.73,100,
09:52:31,65.73,200,
09:52:31,65.73,100,
09:52:32,65.73,500,
09:52:32,65.73,342,
09:52:32,65.73,100,
09:52:32,65.73,486,
09:52:32,65.73,258,
09:52:33,65.73,100,
09:52:33,65.73,100,
09:52:33,65.73,500,
09:52:33,65.73,400,
09:52:34,65.74,700,
09:52:34,65.74,200,
09:52:36,65.73,287,
09:52:36,65.73,600,
09:52:38,65.73,787,
09:52:38,65.73,100,
09:52:38,65.731,160,
09:52:41,65.73,100,
09:52:42,65.72,200,
09:52:42,65.72,100,
09:52:42,65.72,400,
09:52:42,65.72,174,
09:52:42,65.72,1300,
09:52:42,65.71,1000,
09:52:42,65.72,300,
09:52:42,65.72,100,
09:52:42,65.72,200,
09:52:42,65.72,100,
09:52:42,65.72,100,
09:52:43,65.72,2000,
09:52:43,65.7189,300,
09:52:43,65.72,400,
09:52:44,65.72,400,
09:52:44,65.72,100,
09:52:44,65.72,800,
09:52:44,65.72,400,
09:52:44,65.72,100,
09:52:44,65.72,400,
09:52:44,65.72,200,
09:52:44,65.72,1132,
09:52:44,65.72,200,
09:52:44,65.72,600,
09:52:44,65.72,1000,
09:52:44,65.73,300,
09:52:46,65.72,2100,
09:52:46,65.72,100,
09:52:46,65.72,100,
09:52:46,65.72,500,
09:52:47,65.71,200,
09:52:48,65.70,100,
09:52:48,65.70,200,
09:52:48,65.70,400,
09:52:48,65.70,500,
09:52:48,65.70,100,
09:52:48,65.70,187,
09:52:48,65.70,800,
09:52:48,65.70,300,
09:52:49,65.69,200,
09:52:49,65.69,200,
09:52:49,65.69,600,
09:52:49,65.69,141,
09:52:49,65.69,755,
09:52:49,65.6801,200,
09:52:49,65.69,300,
09:52:49,65.69,100,
09:52:49,65.69,2500,
09:52:51,65.685,500,
09:52:52,65.69,100,
09:52:52,65.69,400,
09:52:52,65.69,600,
09:52:52,65.69,2800,
09:52:52,65.69,600,
09:52:53,65.6901,200,
09:52:53,65.70,500,
09:52:53,65.70,100,
09:52:53,65.70,223,
09:52:53,65.70,100,
09:52:53,65.70,100,
09:52:54,65.71,100,
09:52:54,65.71,800,
09:52:54,65.71,100,
09:52:54,65.71,100,
09:52:55,65.713,500,
09:52:55,65.72,274,
09:52:55,65.7199,1500,
09:52:56,65.72,126,
09:52:56,65.72,400,
09:52:56,65.72,600,
09:52:56,65.72,600,
09:52:56,65.72,800,
09:52:56,65.72,1778,
09:52:56,65.72,700,
09:52:56,65.72,400,
09:52:56,65.72,200,
09:52:56,65.72,100,
09:52:56,65.72,100,
09:52:56,65.72,476,
09:52:56,65.72,100,
09:52:56,65.72,300,
09:52:56,65.72,100,
09:52:56,65.72,800,
09:52:56,65.72,2000,
09:52:56,65.72,400,
09:52:56,65.72,2400,
09:52:56,65.72,800,
09:52:56,65.72,300,
09:52:56,65.72,400,
09:52:56,65.72,400,
09:52:56,65.72,1000,
09:52:56,65.72,200,
09:52:56,65.72,100,
09:52:56,65.72,100,
09:52:57,65.72,2000,
09:52:57,65.715,500,
09:52:59,65.73,100,
09:52:59,65.73,300,
09:52:59,65.73,300,
09:52:59,65.73,600,
09:52:59,65.73,300,
09:53:00,65.73,800,
09:53:00,65.73,100,
09:53:00,65.73,600,
09:53:01,65.72,3000,
09:53:01,65.72,600,
09:53:01,65.72,1276,
09:53:01,65.72,3000,
09:53:02,65.72,1100,
09:53:02,65.71,200,
09:53:03,65.71,400,
09:53:03,65.72,1600,
09:53:03,65.7199,500,
09:53:03,65.72,600,
09:53:03,65.72,100,
09:53:04,65.7214,1000,
09:53:05,65.7201,5200,
09:53:05,65.73,800,
09:53:05,65.73,800,
09:53:05,65.74,224,
09:53:05,65.74,1000,
09:53:05,65.74,2000,
09:53:05,65.74,600,
09:53:05,65.74,400,
09:53:05,65.73,700,
09:53:05,65.73,600,
09:53:05,65.73,100,
09:53:05,65.73,100,
09:53:05,65.73,400,
09:53:05,65.73,100,
09:53:05,65.73,100,
09:53:05,65.72,100,
09:53:05,65.72,100,
09:53:05,65.72,300,
09:53:05,65.72,100,
09:53:05,65.72,2400,
09:53:05,65.72,5696,
09:53:05,65.72,400,
09:53:05,65.72,100,
09:53:05,65.72,800,
09:53:05,65.72,700,
09:53:05,65.72,100,
09:53:05,65.72,700,
09:53:05,65.72,300,
09:53:05,65.72,100,
09:53:05,65.72,504,
09:53:05,65.72,304,
09:53:05,65.72,600,
09:53:06,65.7224,150,
09:53:06,65.72,386,
09:53:06,65.72,612,
09:53:06,65.72,400,
09:53:06,65.72,1600,
09:53:06,65.72,800,
09:53:06,65.72,300,
09:53:06,65.72,100,
09:53:06,65.72,100,
09:53:07,65.72,800,
09:53:07,65.72,100,
09:53:11,65.72,100,
09:53:13,65.7199,2000,
09:53:14,65.72,600,
09:53:14,65.72,100,
09:53:15,65.71,500,
09:53:15,65.71,400,
09:53:15,65.71,400,
09:53:15,65.71,100,
09:53:15,65.71,300,
09:53:15,65.71,100,
09:53:15,65.71,100,
09:53:16,65.70,3000,
09:53:16,65.71,700,
09:53:16,65.71,400,
09:53:16,65.71,100,
09:53:16,65.71,200,
09:53:16,65.71,400,
09:53:16,65.71,100,
09:53:16,65.71,600,
09:53:16,65.71,1000,
09:53:17,65.72,100,
09:53:19,65.71,100,
09:53:20,65.70,600,
09:53:20,65.70,400,
09:53:20,65.70,400,
09:53:20,65.70,600,
09:53:20,65.70,218,
09:53:20,65.70,100,
09:53:20,65.70,700,
09:53:20,65.6999,300,
09:53:22,65.6923,300,
09:53:23,65.70,100,
09:53:23,65.70,100,
09:53:23,65.70,100,
09:53:23,65.70,1000,
09:53:23,65.70,1400,
09:53:23,65.71,100,
09:53:23,65.71,600,
09:53:23,65.71,288,
09:53:25,65.71,300,
09:53:25,65.71,300,
09:53:26,65.71,100,
09:53:26,65.71,100,
09:53:26,65.70,400,
09:53:26,65.70,100,
09:53:26,65.70,600,
09:53:26,65.70,600,
09:53:26,65.70,600,
09:53:27,65.6901,5000,
09:53:28,65.695,500,
09:53:28,65.695,100,
09:53:28,65.70,1000,
09:53:28,65.70,600,
09:53:28,65.70,100,
09:53:28,65.70,100,
09:53:28,65.70,100,
09:53:28,65.71,1000,
09:53:28,65.71,100,
09:53:28,65.71,800,
09:53:28,65.71,800,
09:53:28,65.71,400,
09:53:28,65.70,100,
09:53:28,65.70,100,
09:53:29,65.70,400,
09:53:29,65.70,1940,
09:53:29,65.69,410,
09:53:29,65.69,985,
09:53:29,65.69,190,
09:53:29,65.69,400,
09:53:29,65.69,1000,
09:53:29,65.69,500,
09:53:29,65.68,200,
09:53:29,65.69,100,
09:53:30,65.69,3000,
09:53:30,65.69,100,
09:53:30,65.69,100,
09:53:30,65.69,100,
09:53:30,65.70,100,
09:53:30,65.70,400,
09:53:30,65.70,100,
09:53:30,65.70,100,
09:53:31,65.71,600,
09:53:32,65.71,100,
09:53:32,65.71,800,
09:53:33,65.70,100,
09:53:33,65.70,100,
09:53:33,65.70,300,
09:53:33,65.70,500,
09:53:33,65.70,400,
09:53:33,65.70,600,
09:53:33,65.70,100,
09:53:33,65.70,400,
09:53:34,65.70,600,
09:53:34,65.70,600,
09:53:34,65.70,600,
09:53:34,65.70,400,
09:53:34,65.70,400,
09:53:34,65.70,400,
09:53:34,65.70,100,
09:53:34,65.70,100,
09:53:34,65.70,100,
09:53:34,65.71,600,
09:53:34,65.71,600,
09:53:34,65.71,800,
09:53:34,65.71,700,
09:53:34,65.70,400,
09:53:34,65.70,800,
09:53:34,65.70,100,
09:53:34,65.70,304,
09:53:34,65.69,184,
09:53:34,65.69,100,
09:53:34,65.69,100,
09:53:34,65.69,800,
09:53:35,65.711,200,
09:53:38,65.69,500,
09:53:38,65.69,700,
09:53:38,65.69,600,
09:53:38,65.69,100,
09:53:38,65.69,400,
09:53:38,65.69,100,
09:53:38,65.69,100,
09:53:38,65.69,2800,
09:53:38,65.70,600,
09:53:38,65.70,400,
09:53:40,65.70,1200,
09:53:40,65.70,600,
09:53:40,65.70,100,
09:53:40,65.70,100,
09:53:40,65.701,1100,
09:53:41,65.70,600,
09:53:42,65.705,100,
09:53:42,65.70,100,
09:53:42,65.70,700,
09:53:42,65.70,100,
09:53:42,65.70,400,
09:53:42,65.71,200,
09:53:42,65.70,200,
09:53:42,65.70,100,
09:53:42,65.70,100,
09:53:42,65.70,500,
09:53:42,65.70,200,
09:53:43,65.70,100,
09:53:43,65.70,100,
09:53:44,65.69,100,
09:53:44,65.69,100,
09:53:44,65.69,100,
09:53:44,65.6887,1000,
09:53:45,65.68,2000,
09:53:46,65.68,900,
09:53:47,65.68,200,
09:53:47,65.68,300,
09:53:47,65.68,1000,
09:53:47,65.68,815,
09:53:47,65.68,117,
09:53:48,65.68,283,
09:53:49,65.69,300,
09:53:49,65.68,600,
09:53:49,65.68,970,
09:53:49,65.68,2000,
09:53:49,65.68,2000,
09:53:49,65.68,100,
09:53:49,65.68,629,
09:53:49,65.68,100,
09:53:49,65.68,971,
09:53:51,65.68,400,
09:53:51,65.68,600,
09:53:51,65.671,100,
09:53:51,65.68,562,
09:53:52,65.68,600,
09:53:52,65.69,400,
09:53:52,65.69,100,
09:53:52,65.69,400,
09:53:52,65.69,100,
09:53:53,65.681,100,
09:53:53,65.69,800,
09:53:53,65.69,150,
09:53:53,65.69,500,
09:53:54,65.70,100,
09:53:56,65.70,200,
09:53:56,65.70,200,
09:53:56,65.70,100,
09:53:56,65.70,100,
09:53:56,65.70,215,
09:53:56,65.70,400,
09:53:56,65.70,700,
09:53:56,65.70,400,
09:53:57,65.70,500,
09:53:57,65.70,100,
09:53:57,65.70,1500,
09:53:57,65.70,400,
09:53:57,65.69,800,
09:53:57,65.69,600,
09:53:57,65.69,600,
09:53:57,65.69,2000,
09:53:57,65.69,100,
09:53:57,65.69,600,
09:53:57,65.69,100,
09:53:57,65.69,100,
09:53:57,65.69,150,
09:53:58,65.69,800,
09:53:58,65.69,1843,
09:53:58,65.69,100,
09:53:58,65.69,1300,
09:53:58,65.69,1000,
09:53:58,65.69,100,
09:53:58,65.69,800,
09:53:58,65.69,100,
09:53:59,65.692,136,
09:53:59,65.69,100,
09:54:00,65.69,100,
09:54:00,65.69,200,
09:54:00,65.69,100,
09:54:00,65.69,300,
09:54:00,65.69,100,
09:54:00,65.69,100,
09:54:00,65.69,100,
09:54:01,65.69,100,
09:54:01,65.69,100,
09:54:01,65.69,100,
09:54:01,65.68,200,
09:54:02,65.6824,730,
09:54:02,65.69,100,
09:54:02,65.69,100,
09:54:02,65.69,100,
09:54:02,65.69,400,
09:54:03,65.69,400,
09:54:03,65.69,100,
09:54:03,65.69,600,
09:54:03,65.69,1000,
09:54:03,65.6801,600,
09:54:03,65.68,240,
09:54:04,65.68,2000,
09:54:05,65.68,100,
09:54:05,65.68,400,
09:54:05,65.68,600,
09:54:05,65.68,100,
09:54:05,65.68,209,
09:54:05,65.68,300,
09:54:06,65.67,300,
09:54:06,65.67,100,
09:54:06,65.67,1000,
09:54:06,65.67,400,
09:54:06,65.67,100,
09:54:08,65.669,200,
09:54:09,65.66,500,
09:54:09,65.66,100,
09:54:09,65.65,700,
09:54:09,65.64,500,
09:54:09,65.64,100,
09:54:10,65.64,300,
09:54:10,65.64,600,
09:54:10,65.64,100,
09:54:10,65.64,100,
09:54:10,65.65,100,
09:54:10,65.65,200,
09:54:10,65.64,800,
09:54:12,65.64,500,
09:54:12,65.64,100,
09:54:12,65.64,800,
09:54:12,65.63,100,
09:54:12,65.63,800,
09:54:12,65.63,100,
09:54:12,65.63,100,
09:54:12,65.63,250,
09:54:12,65.63,100,
09:54:12,65.63,550,
09:54:12,65.64,2400,
09:54:12,65.64,2000,
09:54:12,65.64,200,
09:54:12,65.64,600,
09:54:12,65.64,100,
09:54:12,65.64,400,
09:54:12,65.64,400,
09:54:12,65.64,100,
09:54:12,65.64,800,
09:54:12,65.64,400,
09:54:12,65.64,600,
09:54:12,65.64,600,
09:54:12,65.64,350,
09:54:12,65.64,289,
09:54:12,65.64,800,
09:54:12,65.64,400,
09:54:12,65.64,100,
09:54:12,65.64,500,
09:54:12,65.64,1175,
09:54:12,65.64,125,
09:54:12,65.64,600,
09:54:12,65.64,398,
09:54:12,65.64,100,
09:54:12,65.64,100,
09:54:12,65.64,800,
09:54:12,65.64,400,
09:54:12,65.64,100,
09:54:12,65.64,843,
09:54:12,65.65,100,
09:54:13,65.65,301,
09:54:13,65.65,100,
09:54:13,65.65,200,
09:54:14,65.66,100,
09:54:14,65.66,100,
09:54:14,65.66,100,
09:54:14,65.66,2000,
09:54:14,65.651,100,
09:54:15,65.66,300,
09:54:15,65.66,1000,
09:54:15,65.66,400,
09:54:15,65.66,300,
09:54:15,65.66,600,
09:54:16,65.66,1000,
09:54:16,65.66,100,
09:54:16,65.65,100,
09:54:16,65.65,100,
09:54:16,65.65,500,
09:54:18,65.64,1000,
09:54:18,65.645,100,
09:54:18,65.64,100,
09:54:18,65.64,800,
09:54:18,65.645,100,
09:54:18,65.6423,400,
09:54:19,65.64,600,
09:54:19,65.64,400,
09:54:20,65.63,1000,
09:54:20,65.63,100,
09:54:20,65.63,100,
09:54:20,65.63,100,
09:54:20,65.63,400,
09:54:20,65.63,300,
09:54:20,65.63,100,
09:54:20,65.63,100,
09:54:20,65.63,100,
09:54:20,65.63,700,
09:54:20,65.63,400,
09:54:20,65.63,100,
09:54:20,65.63,400,
09:54:20,65.63,100,
09:54:20,65.63,700,
09:54:20,65.63,800,
09:54:20,65.62,2000,
09:54:20,65.62,600,
09:54:20,65.63,100,
09:54:21,65.63,200,
09:54:21,65.63,100,
09:54:21,65.63,100,
09:54:21,65.63,1000,
09:54:21,65.63,400,
09:54:21,65.63,100,
09:54:22,65.62,100,
09:54:22,65.62,2000,
09:54:22,65.62,600,
09:54:23,65.6205,1000,
09:54:24,65.61,3000,
09:54:24,65.60,250,
09:54:24,65.60,100,
09:54:24,65.60,300,
09:54:24,65.60,1800,
09:54:24,65.60,100,
09:54:24,65.60,800,
09:54:25,65.595,200,
09:54:25,65.60,107,
09:54:25,65.60,585,
09:54:25,65.60,608,
09:54:25,65.60,400,
09:54:26,65.59,7100,
09:54:26,65.59,100,
09:54:26,65.60,800,
09:54:26,65.59,5700,
09:54:26,65.59,600,
09:54:26,65.59,600,
09:54:26,65.59,600,
09:54:26,65.59,2100,
09:54:27,65.5901,790,
09:54:27,65.60,100,
09:54:28,65.60,400,
09:54:28,65.60,100,
09:54:28,65.61,300,
09:54:28,65.61,100,
09:54:28,65.61,100,
09:54:28,65.61,100,
09:54:28,65.61,600,
09:54:28,65.61,142,
09:54:28,65.61,1300,
09:54:28,65.61,500,
09:54:28,65.61,500,
09:54:29,65.61,100,
09:54:29,65.61,186,
09:54:29,65.62,100,
09:54:29,65.62,400,
09:54:30,65.62,100,
09:54:30,65.62,100,
09:54:30,65.62,100,
09:54:30,65.61,100,
09:54:30,65.61,100,
09:54:31,65.62,600,
09:54:31,65.63,1909,
09:54:31,65.63,100,
09:54:32,65.63,200,
09:54:32,65.62,500,
09:54:32,65.62,400,
09:54:32,65.62,100,
09:54:32,65.62,100,
09:54:33,65.61,600,
09:54:33,65.61,100,
09:54:33,65.61,400,
09:54:33,65.6039,500,
09:54:34,65.60,1500,
09:54:35,65.61,600,
09:54:35,65.61,400,
09:54:35,65.61,200,
09:54:35,65.61,800,
09:54:35,65.61,100,
09:54:36,65.61,410,
09:54:36,65.61,500,
09:54:36,65.61,300,
09:54:36,65.62,400,
09:54:36,65.62,100,
09:54:36,65.62,500,
09:54:36,65.62,700,
09:54:36,65.62,400,
09:54:36,65.62,600,
09:54:36,65.62,300,
09:54:36,65.62,300,
09:54:37,65.63,100,
09:54:37,65.62,700,
09:54:37,65.62,100,
09:54:37,65.625,300,
09:54:38,65.63,400,
09:54:38,65.63,100,
09:54:38,65.63,600,
09:54:38,65.63,300,
09:54:38,65.63,105,
09:54:38,65.63,408,
09:54:38,65.63,276,
09:54:38,65.63,214,
09:54:38,65.63,100,
09:54:38,65.63,124,
09:54:39,65.62,7400,
09:54:39,65.63,1600,
09:54:39,65.63,1000,
09:54:39,65.63,600,
09:54:39,65.63,600,
09:54:39,65.63,600,
09:54:39,65.63,400,
09:54:39,65.63,800,
09:54:39,65.63,200,
09:54:39,65.63,200,
09:54:40,65.64,200,
09:54:40,65.64,400,
09:54:40,65.64,300,
09:54:40,65.64,1000,
09:54:40,65.64,100,
09:54:40,65.65,500,
09:54:40,65.65,200,
09:54:40,65.65,371,
09:54:40,65.65,300,
09:54:40,65.65,300,
09:54:41,65.65,200,
09:54:42,65.65,100,
09:54:43,65.65,100,
09:54:43,65.65,1700,
09:54:43,65.65,100,
09:54:43,65.65,100,
09:54:43,65.65,200,
09:54:43,65.65,200,
09:54:44,65.65,1500,
09:54:46,65.65,100,
09:54:46,65.65,100,
09:54:46,65.65,100,
09:54:48,65.66,100,
09:54:50,65.651,100,
09:54:51,65.67,200,
09:54:51,65.67,100,
09:54:51,65.67,200,
09:54:51,65.67,100,
09:54:51,65.67,100,
09:54:52,65.66,100,
09:54:52,65.66,600,
09:54:52,65.66,531,
09:54:52,65.66,300,
09:54:52,65.66,200,
09:54:53,65.66,200,
09:54:54,65.65,500,
09:54:54,65.64,300,
09:54:54,65.64,300,
09:54:56,65.64,400,
09:54:56,65.64,100,
09:54:56,65.649,300,
09:54:57,65.63,100,
09:54:57,65.63,100,
09:54:57,65.63,100,
09:54:57,65.63,100,
09:54:57,65.6271,100,
09:54:58,65.6216,400,
09:54:58,65.63,919,
09:54:58,65.63,600,
09:54:58,65.63,100,
09:54:58,65.63,400,
09:54:58,65.63,100,
09:54:58,65.63,100,
09:55:02,65.62,100,
09:55:02,65.62,400,
09:55:04,65.61,229,
09:55:04,65.62,1900,
09:55:04,65.61,108,
09:55:05,65.62,200,
09:55:05,65.62,100,
09:55:05,65.62,600,
09:55:05,65.62,100,
09:55:05,65.62,480,
09:55:06,65.61,121,
09:55:06,65.611,500,
09:55:08,65.61,100,
09:55:08,65.61,100,
09:55:08,65.61,552,
09:55:08,65.61,200,
09:55:08,65.61,300,
09:55:08,65.61,200,
09:55:09,65.61,1600,
09:55:09,65.615,400,
09:55:09,65.61,300,
09:55:09,65.61,100,
09:55:09,65.61,306,
09:55:10,65.61,800,
09:55:10,65.61,1000,
09:55:10,65.61,2000,
09:55:10,65.61,300,
09:55:10,65.61,400,
09:55:10,65.61,600,
09:55:10,65.61,1000,
09:55:10,65.61,600,
09:55:10,65.61,600,
09:55:10,65.61,800,
09:55:10,65.61,600,
09:55:10,65.61,199,
09:55:10,65.61,100,
09:55:10,65.61,400,
09:55:10,65.61,200,
09:55:10,65.61,3000,
09:55:10,65.61,1500,
09:55:10,65.61,1500,
09:55:10,65.61,1000,
09:55:10,65.61,100,
09:55:10,65.61,300,
09:55:10,65.61,500,
09:55:10,65.61,300,
09:55:10,65.61,200,
09:55:10,65.61,1000,
09:55:10,65.61,5000,
09:55:10,65.61,100,
09:55:10,65.61,400,
09:55:10,65.61,800,
09:55:10,65.60,1809,
09:55:10,65.60,100,
09:55:11,65.60,900,
09:55:11,65.60,100,
09:55:11,65.60,1000,
09:55:11,65.60,100,
09:55:11,65.59,2000,
09:55:11,65.59,800,
09:55:11,65.59,1000,
09:55:11,65.59,400,
09:55:11,65.59,600,
09:55:11,65.59,1488,
09:55:11,65.60,300,
09:55:11,65.60,100,
09:55:11,65.60,400,
09:55:11,65.60,100,
09:55:11,65.60,900,
09:55:11,65.61,100,
09:55:13,65.61,100,
09:55:13,65.61,100,
09:55:13,65.61,600,
09:55:13,65.62,280,
09:55:13,65.62,1000,
09:55:15,65.62,100,
09:55:15,65.62,400,
09:55:15,65.62,600,
09:55:15,65.62,100,
09:55:15,65.60,300,
09:55:15,65.61,100,
09:55:15,65.61,400,
09:55:15,65.61,600,
09:55:15,65.61,300,
09:55:15,65.61,738,
09:55:15,65.61,800,
09:55:15,65.61,200,
09:55:15,65.61,100,
09:55:15,65.61,700,
09:55:15,65.60,100,
09:55:15,65.60,300,
09:55:15,65.60,100,
09:55:15,65.60,400,
09:55:15,65.60,300,
09:55:16,65.60,352,
09:55:16,65.60,400,
09:55:17,65.60,100,
09:55:17,65.60,100,
09:55:17,65.60,100,
09:55:17,65.59,100,
09:55:17,65.59,2000,
09:55:17,65.58,300,
09:55:17,65.58,500,
09:55:17,65.58,100,
09:55:17,65.58,312,
09:55:17,65.58,100,
09:55:17,65.58,188,
09:55:17,65.58,2000,
09:55:17,65.58,600,
09:55:17,65.58,600,
09:55:17,65.58,600,
09:55:17,65.58,2000,
09:55:18,65.5855,100,
09:55:18,65.58,1000,
09:55:18,65.58,100,
09:55:18,65.58,100,
09:55:18,65.57,1000,
09:55:18,65.57,200,
09:55:18,65.57,400,
09:55:22,65.56,7550,
09:55:22,65.57,100,
09:55:22,65.58,165,
09:55:22,65.58,100,
09:55:22,65.58,400,
09:55:23,65.58,500,
09:55:24,65.59,100,
09:55:24,65.59,251,
09:55:24,65.59,300,
09:55:24,65.60,100,
09:55:27,65.59,200,
09:55:27,65.59,400,
09:55:27,65.59,100,
09:55:27,65.59,100,
09:55:27,65.59,900,
09:55:27,65.59,100,
09:55:27,65.59,100,
09:55:27,65.59,100,
09:55:29,65.59,500,
09:55:29,65.59,100,
09:55:29,65.59,2000,
09:55:29,65.59,329,
09:55:29,65.59,100,
09:55:29,65.59,1000,
09:55:29,65.59,100,
09:55:29,65.59,600,
09:55:29,65.59,600,
09:55:29,65.59,300,
09:55:29,65.59,400,
09:55:29,65.59,100,
09:55:29,65.59,150,
09:55:29,65.59,100,
09:55:29,65.59,100,
09:55:29,65.59,200,
09:55:29,65.59,418,
09:55:29,65.59,500,
09:55:29,65.59,2000,
09:55:29,65.60,600,
09:55:29,65.60,100,
09:55:29,65.60,100,
09:55:29,65.59,200,
09:55:29,65.60,100,
09:55:29,65.60,400,
09:55:29,65.61,2000,
09:55:30,65.60,1000,
09:55:30,65.60,100,
09:55:30,65.60,400,
09:55:30,65.60,600,
09:55:30,65.60,100,
09:55:30,65.59,600,
09:55:30,65.59,100,
09:55:30,65.59,100,
09:55:30,65.58,241,
09:55:30,65.59,100,
09:55:31,65.59,100,
09:55:31,65.59,700,
09:55:31,65.59,1400,
09:55:35,65.58,100,
09:55:35,65.58,600,
09:55:35,65.58,150,
09:55:35,65.58,100,
09:55:35,65.58,100,
09:55:35,65.58,400,
09:55:35,65.58,100,
09:55:36,65.57,100,
09:55:36,65.57,100,
09:55:36,65.57,100,
09:55:36,65.57,300,
09:55:36,65.57,169,
09:55:36,65.57,500,
09:55:36,65.56,100,
09:55:36,65.57,100,
09:55:37,65.56,200,
09:55:37,65.56,800,
09:55:38,65.56,100,
09:55:38,65.56,400,
09:55:38,65.56,100,
09:55:38,65.56,600,
09:55:38,65.55,400,
09:55:38,65.55,400,
09:55:38,65.55,400,
09:55:38,65.55,100,
09:55:38,65.55,100,
09:55:38,65.55,200,
09:55:38,65.55,800,
09:55:38,65.55,400,
09:55:38,65.55,500,
09:55:38,65.54,600,
09:55:38,65.54,695,
09:55:39,65.53,100,
09:55:40,65.5301,100,
09:55:40,65.53,100,
09:55:41,65.53,100,
09:55:41,65.53,2000,
09:55:41,65.53,100,
09:55:41,65.53,100,
09:55:41,65.53,500,
09:55:41,65.53,1800,
09:55:41,65.53,500,
09:55:41,65.53,3600,
09:55:41,65.53,2000,
09:55:41,65.53,400,
09:55:41,65.53,154,
09:55:41,65.53,600,
09:55:41,65.53,1557,
09:55:41,65.53,800,
09:55:41,65.53,100,
09:55:41,65.52,1000,
09:55:41,65.52,100,
09:55:41,65.52,4800,
09:55:41,65.52,200,
09:55:41,65.52,600,
09:55:41,65.52,900,
09:55:41,65.52,800,
09:55:41,65.52,400,
09:55:41,65.52,1200,
09:55:41,65.52,300,
09:55:41,65.52,300,
09:55:41,65.5102,300,
09:55:41,65.5102,300,
09:55:41,65.5102,300,
09:55:41,65.5102,200,
09:55:41,65.5123,500,
09:55:41,65.52,300,
09:55:41,65.52,400,
09:55:41,65.52,100,
09:55:41,65.52,100,
09:55:41,65.52,800,
09:55:41,65.52,788,
09:55:41,65.511,7710,
09:55:42,65.53,800,
09:55:42,65.53,2400,
09:55:42,65.51,6200,
09:55:43,65.52,100,
09:55:43,65.52,100,
09:55:43,65.52,800,
09:55:44,65.50,600,
09:55:44,65.50,1000,
09:55:44,65.50,160,
09:55:44,65.50,200,
09:55:44,65.50,100,
09:55:44,65.50,1000,
09:55:44,65.50,200,
09:55:44,65.505,160,
09:55:44,65.50,100,
09:55:44,65.50,805,
09:55:44,65.505,100,
09:55:44,65.505,100,
09:55:44,65.505,100,
09:55:44,65.501,100,
09:55:44,65.50,160,
09:55:44,65.501,200,
09:55:44,65.501,200,
09:55:44,65.501,100,
09:55:44,65.501,400,
09:55:44,65.501,200,
09:55:44,65.501,242,
09:55:44,65.501,200,
09:55:44,65.51,2000,
09:55:44,65.51,200,
09:55:44,65.50,100,
09:55:44,65.50,100,
09:55:44,65.50,379,
09:55:44,65.50,1000,
09:55:44,65.50,100,
09:55:44,65.50,100,
09:55:44,65.50,100,
09:55:44,65.50,600,
09:55:44,65.50,1300,
09:55:44,65.49,300,
09:55:44,65.49,376,
09:55:44,65.51,100,
09:55:45,65.49,200,
09:55:45,65.49,600,
09:55:45,65.49,100,
09:55:45,65.49,100,
09:55:45,65.49,100,
09:55:45,65.50,100,
09:55:45,65.50,400,
09:55:45,65.50,800,
09:55:46,65.50,2000,
09:55:46,65.50,200,
09:55:46,65.50,100,
09:55:46,65.50,100,
09:55:46,65.50,100,
09:55:46,65.50,800,
09:55:46,65.50,1500,
09:55:46,65.50,600,
09:55:46,65.50,600,
09:55:46,65.50,500,
09:55:46,65.50,500,
09:55:46,65.50,300,
09:55:46,65.50,400,
09:55:46,65.50,1310,
09:55:46,65.50,800,
09:55:46,65.50,400,
09:55:46,65.50,100,
09:55:46,65.50,100,
09:55:46,65.50,1000,
09:55:46,65.50,200,
09:55:46,65.50,400,
09:55:46,65.50,400,
09:55:46,65.50,131,
09:55:46,65.50,400,
09:55:46,65.50,100,
09:55:46,65.50,500,
09:55:47,65.50,750,
09:55:47,65.50,1012,
09:55:47,65.50,200,
09:55:47,65.50,200,
09:55:47,65.50,200,
09:55:47,65.50,119,
09:55:47,65.50,501,
09:55:47,65.50,200,
09:55:47,65.50,100,
09:55:47,65.50,850,
09:55:47,65.50,135,
09:55:47,65.48,150,
09:55:48,65.50,103,
09:55:48,65.50,100,
09:55:48,65.50,600,
09:55:48,65.50,800,
09:55:48,65.50,400,
09:55:48,65.50,800,
09:55:48,65.50,1300,
09:55:48,65.50,100,
09:55:48,65.50,400,
09:55:48,65.50,600,
09:55:48,65.50,100,
09:55:48,65.50,800,
09:55:48,65.50,200,
09:55:48,65.50,200,
09:55:48,65.50,100,
09:55:48,65.50,870,
09:55:48,65.50,900,
09:55:48,65.50,500,
09:55:48,65.50,100,
09:55:48,65.50,400,
09:55:48,65.50,1600,
09:55:48,65.50,100,
09:55:48,65.50,500,
09:55:49,65.50,500,
09:55:49,65.495,200,
09:55:49,65.49,700,
09:55:49,65.49,800,
09:55:50,65.49,200,
09:55:50,65.49,200,
09:55:50,65.49,700,
09:55:50,65.49,100,
09:55:50,65.49,400,
09:55:50,65.49,178,
09:55:50,65.50,100,
09:55:50,65.48,916,
09:55:50,65.47,200,
09:55:50,65.47,100,
09:55:50,65.4701,200,
09:55:50,65.4701,100,
09:55:51,65.47,1500,
09:55:51,65.47,2000,
09:55:51,65.47,3300,
09:55:51,65.47,500,
09:55:51,65.46,100,
09:55:51,65.46,900,
09:55:51,65.46,100,
09:55:51,65.46,100,
09:55:51,65.45,100,
09:55:51,65.4501,100,
09:55:52,65.4516,100,
09:55:52,65.45,100,
09:55:52,65.45,100,
09:55:52,65.45,100,
09:55:52,65.46,100,
09:55:52,65.46,700,
09:55:52,65.46,200,
09:55:52,65.46,400,
09:55:52,65.46,200,
09:55:52,65.46,600,
09:55:52,65.46,100,
09:55:52,65.46,2000,
09:55:52,65.46,100,
09:55:52,65.46,600,
09:55:52,65.46,100,
09:55:52,65.46,200,
09:55:52,65.4501,100,
09:55:52,65.46,300,
09:55:52,65.45,100,
09:55:52,65.46,300,
09:55:52,65.46,200,
09:55:53,65.47,100,
09:55:53,65.45,100,
09:55:53,65.47,100,
09:55:53,65.47,100,
09:55:53,65.47,800,
09:55:53,65.47,500,
09:55:53,65.47,100,
09:55:53,65.48,200,
09:55:53,65.48,100,
09:55:54,65.48,200,
09:55:54,65.48,815,
09:55:54,65.48,100,
09:55:54,65.48,400,
09:55:54,65.48,400,
09:55:54,65.48,600,
09:55:54,65.48,1000,
09:55:54,65.48,600,
09:55:54,65.48,100,
09:55:54,65.48,400,
09:55:54,65.48,700,
09:55:54,65.48,400,
09:55:54,65.48,800,
09:55:54,65.48,600,
09:55:54,65.48,100,
09:55:54,65.48,300,
09:55:54,65.48,2000,
09:55:54,65.48,2000,
09:55:54,65.48,200,
09:55:54,65.48,200,
09:55:54,65.48,1000,
09:55:54,65.48,500,
09:55:54,65.48,300,
09:55:54,65.48,100,
09:55:54,65.48,100,
09:55:54,65.48,400,
09:55:55,65.48,600,
09:55:55,65.49,1900,
09:55:55,65.49,200,
09:55:55,65.49,400,
09:55:55,65.49,800,
09:55:55,65.49,200,
09:55:55,65.49,258,
09:55:55,65.49,342,
09:55:55,65.49,300,
09:55:55,65.49,142,
09:55:55,65.49,100,
09:55:55,65.50,3800,
09:55:55,65.50,200,
09:55:55,65.50,200,
09:55:55,65.50,600,
09:55:55,65.50,133,
09:55:55,65.50,100,
09:55:55,65.50,100,
09:55:55,65.50,100,
09:55:56,65.50,300,
09:55:56,65.50,1500,
09:55:56,65.50,100,
09:55:56,65.50,100,
09:55:56,65.50,300,
09:55:56,65.50,300,
09:55:56,65.50,100,
09:55:56,65.50,100,
09:55:56,65.50,600,
09:55:56,65.50,100,
09:55:56,65.50,400,
09:55:56,65.50,400,
09:55:56,65.50,1500,
09:55:56,65.50,100,
09:55:56,65.50,400,
09:55:56,65.50,800,
09:55:56,65.50,800,
09:55:56,65.50,1000,
09:55:56,65.50,4100,
09:55:56,65.50,600,
09:55:56,65.50,2400,
09:55:56,65.50,815,
09:55:56,65.50,400,
09:55:56,65.50,100,
09:55:56,65.50,2400,
09:55:56,65.50,100,
09:55:56,65.50,2000,
09:55:56,65.50,2000,
09:55:56,65.50,400,
09:55:56,65.50,700,
09:55:56,65.50,800,
09:55:56,65.50,500,
09:55:56,65.50,400,
09:55:56,65.50,150,
09:55:56,65.50,300,
09:55:56,65.50,600,
09:55:56,65.50,800,
09:55:56,65.50,400,
09:55:56,65.50,490,
09:55:56,65.49,400,
09:55:56,65.49,100,
09:55:56,65.49,300,
09:55:56,65.49,100,
09:55:56,65.49,800,
09:55:56,65.49,600,
09:55:56,65.49,515,
09:55:56,65.49,400,
09:55:56,65.50,700,
09:55:56,65.49,100,
09:55:56,65.49,100,
09:55:56,65.50,100,
09:55:56,65.49,600,
09:55:56,65.49,700,
09:55:56,65.49,100,
09:55:56,65.49,200,
09:55:56,65.50,1700,
09:55:56,65.48,200,
09:55:56,65.48,100,
09:55:56,65.48,100,
09:55:56,65.48,400,
09:55:56,65.48,600,
09:55:56,65.48,100,
09:55:56,65.48,600,
09:55:56,65.50,1900,
09:55:56,65.48,515,
09:55:56,65.50,1000,
09:55:56,65.48,600,
09:55:56,65.48,100,
09:55:56,65.48,250,
09:55:57,65.47,150,
09:55:57,65.47,100,
09:55:57,65.47,100,
09:55:57,65.47,100,
09:55:57,65.47,100,
09:55:57,65.47,700,
09:55:58,65.47,458,
09:55:58,65.47,100,
09:55:58,65.47,800,
09:55:58,65.47,402,
09:55:58,65.48,100,
09:55:58,65.48,100,
09:55:59,65.48,100,
09:55:59,65.48,600,
09:56:00,65.49,100,
09:56:00,65.49,100,
09:56:00,65.49,300,
09:56:00,65.49,700,
09:56:00,65.49,2000,
09:56:01,65.48,600,
09:56:01,65.48,2000,
09:56:01,65.48,4000,
09:56:01,65.48,2000,
09:56:01,65.48,200,
09:56:01,65.48,400,
09:56:01,65.48,1000,
09:56:01,65.48,400,
09:56:01,65.48,600,
09:56:01,65.48,100,
09:56:01,65.48,600,
09:56:01,65.48,800,
09:56:01,65.48,400,
09:56:01,65.48,700,
09:56:01,65.48,815,
09:56:01,65.48,2000,
09:56:01,65.48,800,
09:56:01,65.48,500,
09:56:01,65.48,2000,
09:56:01,65.48,1000,
09:56:01,65.47,185,
09:56:02,65.48,200,
09:56:02,65.48,100,
09:56:02,65.48,100,
09:56:02,65.48,100,
09:56:02,65.48,458,
09:56:02,65.48,100,
09:56:02,65.48,800,
09:56:02,65.48,100,
09:56:02,65.47,200,
09:56:02,65.47,100,
09:56:02,65.47,100,
09:56:02,65.47,600,
09:56:02,65.48,100,
09:56:03,65.47,600,
09:56:03,65.47,100,
09:56:03,65.47,400,
09:56:03,65.47,400,
09:56:03,65.471,300,
09:56:03,65.48,200,
09:56:03,65.48,100,
09:56:03,65.48,400,
09:56:05,65.472,100,
09:56:05,65.49,100,
09:56:05,65.49,100,
09:56:05,65.49,600,
09:56:05,65.49,100,
09:56:05,65.49,700,
09:56:05,65.50,100,
09:56:05,65.50,600,
09:56:05,65.50,1500,
09:56:06,65.50,1700,
09:56:06,65.50,1000,
09:56:06,65.50,100,
09:56:07,65.50,1286,
09:56:07,65.50,314,
09:56:07,65.50,600,
09:56:07,65.50,455,
09:56:07,65.4901,725,
09:56:08,65.4993,300,
09:56:09,65.49,100,
09:56:09,65.49,400,
09:56:10,65.49,200,
09:56:10,65.49,100,
09:56:10,65.49,200,
09:56:11,65.50,600,
09:56:11,65.50,200,
09:56:11,65.51,187,
09:56:11,65.51,600,
09:56:11,65.51,600,
09:56:13,65.50,400,
09:56:13,65.50,100,
09:56:13,65.50,600,
09:56:13,65.50,100,
09:56:13,65.50,300,
09:56:13,65.49,800,
09:56:13,65.49,100,
09:56:13,65.49,100,
09:56:13,65.49,100,
09:56:13,65.50,100,
09:56:13,65.49,1100,
09:56:13,65.50,200,
09:56:13,65.50,800,
09:56:13,65.50,400,
09:56:14,65.50,2000,
09:56:15,65.50,100,
09:56:15,65.51,600,
09:56:16,65.51,100,
09:56:16,65.51,100,
09:56:16,65.52,289,
09:56:16,65.52,600,
09:56:16,65.52,100,
09:56:16,65.52,1250,
09:56:16,65.52,500,
09:56:16,65.53,100,
09:56:16,65.53,100,
09:56:16,65.53,200,
09:56:16,65.53,500,
09:56:16,65.53,500,
09:56:16,65.52,200,
09:56:16,65.52,400,
09:56:16,65.52,200,
09:56:16,65.52,600,
09:56:16,65.52,2000,
09:56:16,65.53,500,
09:56:16,65.53,2000,
09:56:16,65.52,400,
09:56:16,65.53,2000,
09:56:16,65.53,1600,
09:56:16,65.53,2800,
09:56:16,65.53,300,
09:56:16,65.53,400,
09:56:16,65.53,100,
09:56:16,65.53,100,
09:56:16,65.5201,100,
09:56:17,65.51,100,
09:56:17,65.51,600,
09:56:17,65.51,400,
09:56:17,65.51,100,
09:56:17,65.51,700,
09:56:17,65.52,313,
09:56:17,65.52,600,
09:56:17,65.52,100,
09:56:17,65.52,100,
09:56:17,65.52,800,
09:56:17,65.51,2000,
09:56:17,65.51,400,
09:56:17,65.51,400,
09:56:17,65.51,100,
09:56:17,65.51,400,
09:56:17,65.51,100,
09:56:17,65.51,2400,
09:56:18,65.51,100,
09:56:18,65.51,200,
09:56:18,65.5195,500,
09:56:18,65.51,815,
09:56:18,65.51,600,
09:56:18,65.51,400,
09:56:18,65.51,600,
09:56:18,65.51,600,
09:56:18,65.51,700,
09:56:18,65.51,100,
09:56:18,65.51,100,
09:56:18,65.51,188,
09:56:18,65.51,4100,
09:56:18,65.51,150,
09:56:18,65.51,700,
09:56:18,65.51,400,
09:56:18,65.51,150,
09:56:18,65.51,100,
09:56:18,65.51,100,
09:56:18,65.51,700,
09:56:18,65.51,200,
09:56:18,65.50,200,
09:56:18,65.50,600,
09:56:18,65.50,400,
09:56:18,65.50,100,
09:56:18,65.51,100,
09:56:18,65.50,100,
09:56:18,65.50,100,
09:56:18,65.50,100,
09:56:18,65.50,100,
09:56:18,65.50,100,
09:56:18,65.50,100,
09:56:18,65.50,400,
09:56:18,65.50,100,
09:56:18,65.50,2700,
09:56:19,65.50,500,
09:56:19,65.51,200,
09:56:19,65.51,400,
09:56:20,65.51,700,
09:56:21,65.51,500,
09:56:21,65.51,100,
09:56:21,65.51,600,
09:56:21,65.51,300,
09:56:22,65.51,400,
09:56:22,65.51,206,
09:56:22,65.51,400,
09:56:22,65.51,100,
09:56:23,65.52,400,
09:56:24,65.53,100,
09:56:24,65.53,100,
09:56:24,65.53,600,
09:56:24,65.53,1000,
09:56:24,65.54,500,
09:56:24,65.53,200,
09:56:24,65.5329,300,
09:56:25,65.54,100,
09:56:25,65.54,400,
09:56:25,65.54,700,
09:56:25,65.54,2000,
09:56:25,65.54,2000,
09:56:25,65.54,2000,
09:56:25,65.54,400,
09:56:25,65.54,600,
09:56:25,65.54,2000,
09:56:25,65.54,1500,
09:56:25,65.54,100,
09:56:25,65.54,400,
09:56:25,65.54,100,
09:56:25,65.54,450,
09:56:25,65.53,400,
09:56:25,65.53,100,
09:56:25,65.53,100,
09:56:25,65.54,300,
09:56:26,65.5383,300,
09:56:26,65.5383,200,
09:56:26,65.54,300,
09:56:26,65.5321,300,
09:56:26,65.531,300,
09:56:27,65.5316,400,
09:56:27,65.5201,400,
09:56:28,65.52,600,
09:56:28,65.52,100,
09:56:28,65.52,400,
09:56:28,65.51,100,
09:56:28,65.51,400,
09:56:28,65.51,100,
09:56:28,65.51,500,
09:56:30,65.51,100,
09:56:30,65.51,100,
09:56:30,65.51,400,
09:56:30,65.52,100,
09:56:30,65.52,400,
09:56:31,65.53,100,
09:56:31,65.53,600,
09:56:31,65.53,100,
09:56:31,65.53,400,
09:56:31,65.53,100,
09:56:31,65.53,100,
09:56:31,65.53,600,
09:56:31,65.53,600,
09:56:31,65.53,600,
09:56:31,65.53,500,
09:56:31,65.52,100,
09:56:31,65.52,1000,
09:56:31,65.52,100,
09:56:31,65.53,100,
09:56:31,65.53,100,
09:56:31,65.53,400,
09:56:31,65.53,1240,
09:56:31,65.53,800,
09:56:31,65.52,400,
09:56:31,65.52,400,
09:56:31,65.52,100,
09:56:31,65.52,500,
09:56:31,65.52,300,
09:56:31,65.52,1000,
09:56:31,65.52,2000,
09:56:31,65.52,300,
09:56:31,65.52,500,
09:56:31,65.53,100,
09:56:31,65.51,400,
09:56:31,65.51,100,
09:56:31,65.51,100,
09:56:31,65.51,100,
09:56:31,65.51,400,
09:56:31,65.51,200,
09:56:31,65.52,1200,
09:56:31,65.52,200,
09:56:31,65.51,200,
09:56:31,65.51,600,
09:56:31,65.51,550,
09:56:31,65.51,150,
09:56:31,65.51,150,
09:56:31,65.51,400,
09:56:31,65.51,100,
09:56:31,65.51,200,
09:56:31,65.51,1000,
09:56:31,65.51,400,
09:56:31,65.51,620,
09:56:31,65.51,800,
09:56:31,65.52,300,
09:56:31,65.50,2300,
09:56:31,65.50,324,
09:56:31,65.50,100,
09:56:31,65.50,400,
09:56:31,65.50,400,
09:56:31,65.50,100,
09:56:31,65.52,500,
09:56:31,65.50,100,
09:56:31,65.50,3000,
09:56:31,65.50,100,
09:56:31,65.50,100,
09:56:31,65.50,100,
09:56:31,65.50,1900,
09:56:31,65.51,400,
09:56:31,65.50,1500,
09:56:31,65.50,3200,
09:56:32,65.50,1900,
09:56:32,65.51,100,
09:56:32,65.51,200,
09:56:32,65.51,800,
09:56:32,65.51,100,
09:56:32,65.51,100,
09:56:32,65.51,293,
09:56:32,65.51,100,
09:56:33,65.51,300,
09:56:33,65.51,100,
09:56:33,65.51,100,
09:56:35,65.52,400,
09:56:35,65.52,400,
09:56:35,65.52,600,
09:56:35,65.53,200,
09:56:35,65.53,300,
09:56:36,65.53,300,
09:56:36,65.53,100,
09:56:36,65.53,100,
09:56:36,65.53,100,
09:56:36,65.53,100,
09:56:36,65.53,400,
09:56:37,65.54,326,
09:56:37,65.54,1000,
09:56:37,65.54,100,
09:56:37,65.54,100,
09:56:37,65.54,100,
09:56:37,65.54,469,
09:56:37,65.54,1569,
09:56:37,65.54,100,
09:56:37,65.54,400,
09:56:37,65.54,300,
09:56:37,65.54,100,
09:56:37,65.54,7000,
09:56:38,65.53,100,
09:56:38,65.53,400,
09:56:38,65.53,100,
09:56:38,65.53,100,
09:56:38,65.52,100,
09:56:38,65.52,100,
09:56:38,65.51,1500,
09:56:38,65.52,600,
09:56:38,65.52,200,
09:56:38,65.52,100,
09:56:38,65.52,800,
09:56:38,65.52,799,
09:56:38,65.52,449,
09:56:38,65.52,1001,
09:56:38,65.51,400,
09:56:38,65.51,1200,
09:56:38,65.51,102,
09:56:38,65.51,999,
09:56:38,65.51,498,
09:56:38,65.51,1201,
09:56:38,65.49,800,
09:56:38,65.51,100,
09:56:38,65.50,1201,
09:56:38,65.50,2000,
09:56:38,65.50,100,
09:56:38,65.50,600,
09:56:38,65.50,2400,
09:56:38,65.50,1201,
09:56:38,65.50,500,
09:56:38,65.50,100,
09:56:38,65.50,200,
09:56:38,65.50,100,
09:56:38,65.51,300,
09:56:38,65.50,100,
09:56:38,65.50,100,
09:56:38,65.51,400,
09:56:38,65.50,100,
09:56:38,65.50,249,
09:56:38,65.50,100,
09:56:38,65.51,1200,
09:56:38,65.49,349,
09:56:38,65.49,500,
09:56:38,65.49,400,
09:56:38,65.48,100,
09:56:38,65.48,200,
09:56:38,65.48,300,
09:56:38,65.48,100,
09:56:38,65.48,100,
09:56:38,65.48,200,
09:56:38,65.48,2200,
09:56:38,65.49,100,
09:56:38,65.49,300,
09:56:38,65.49,258,
09:56:38,65.49,100,
09:56:38,65.49,3200,
09:56:38,65.49,600,
09:56:38,65.48,100,
09:56:38,65.48,200,
09:56:38,65.48,400,
09:56:38,65.49,442,
09:56:38,65.49,300,
09:56:38,65.49,300,
09:56:39,65.48,1500,
09:56:39,65.48,200,
09:56:39,65.48,815,
09:56:39,65.48,2400,
09:56:39,65.48,100,
09:56:39,65.48,400,
09:56:39,65.48,100,
09:56:39,65.48,100,
09:56:39,65.49,200,
09:56:39,65.49,100,
09:56:39,65.49,400,
09:56:39,65.49,156,
09:56:39,65.49,600,
09:56:39,65.49,200,
09:56:39,65.49,100,
09:56:39,65.49,400,
09:56:39,65.49,100,
09:56:39,65.49,600,
09:56:41,65.51,700,
09:56:41,65.5089,200,
09:56:41,65.51,200,
09:56:41,65.51,100,
09:56:41,65.509,300,
09:56:42,65.51,100,
09:56:42,65.51,400,
09:56:42,65.51,100,
09:56:42,65.51,700,
09:56:42,65.51,800,
09:56:42,65.51,100,
09:56:42,65.50,100,
09:56:42,65.50,300,
09:56:43,65.49,400,
09:56:43,65.49,100,
09:56:43,65.49,100,
09:56:43,65.49,600,
09:56:43,65.49,300,
09:56:43,65.49,600,
09:56:43,65.49,100,
09:56:43,65.49,100,
09:56:43,65.49,356,
09:56:43,65.50,100,
09:56:43,65.50,100,
09:56:44,65.50,320,
09:56:44,65.50,600,
09:56:44,65.50,400,
09:56:44,65.50,3200,
09:56:45,65.50,400,
09:56:45,65.50,100,
09:56:45,65.50,200,
09:56:45,65.49,400,
09:56:45,65.49,400,
09:56:45,65.49,100,
09:56:45,65.49,1000,
09:56:45,65.49,500,
09:56:45,65.49,2000,
09:56:45,65.49,815,
09:56:45,65.49,3000,
09:56:45,65.49,400,
09:56:45,65.49,200,
09:56:45,65.49,400,
09:56:45,65.49,8000,
09:56:45,65.4899,400,
09:56:45,65.49,100,
09:56:45,65.49,100,
09:56:46,65.50,300,
09:56:46,65.50,500,
09:56:46,65.50,400,
09:56:48,65.50,100,
09:56:48,65.50,100,
09:56:48,65.50,100,
