09:30:00,69.92,148,
09:30:00,69.93,900,
09:30:00,69.94,1500,
09:30:00,69.93,300,
09:30:00,69.93,200,
09:30:02,69.94,100,
09:30:02,69.94,100,
09:30:02,69.95,2400,
09:30:04,69.95,900,
09:30:08,69.94,1284,
09:30:08,69.94,285,
09:30:08,69.93,129,
09:30:09,69.92,2100,
09:30:10,69.92,200,
09:30:14,69.92,500,
09:30:14,69.92,200,
09:30:14,69.92,1500,
09:30:14,69.92,100,
09:30:14,69.92,200,
09:30:14,69.92,2100,
09:30:16,69.92,164,
09:30:17,69.92,210,
09:30:19,69.91,1614,
09:30:19,69.91,400,
09:30:19,69.90,1900,
09:30:19,69.90,2200,
09:30:19,69.90,600,
09:30:19,69.90,200,
09:30:20,69.95,100,
09:30:22,69.91,4900,
09:30:23,69.91,1324,
09:30:23,69.91,100,
09:30:23,69.91,100,
09:30:23,69.91,4200,
09:30:24,69.91,362,
09:30:24,69.9393,900,
09:30:25,69.92,2000,
09:30:25,69.93,800,
09:30:25,69.9299,5000,
09:30:26,69.93,200,
09:30:26,69.93,800,
09:30:28,69.9199,210,
09:30:29,69.901,300,
09:30:30,69.91,100,
09:30:30,69.91,3000,
09:30:30,69.91,100,
09:30:32,69.94,124,
09:30:33,69.94,100,
09:30:34,69.93,1100,
09:30:34,69.93,1200,
09:30:35,69.94,660,
09:30:35,69.94,300,
09:30:35,69.94,700,
09:30:36,69.94,1400,
09:30:36,69.94,115,
09:30:36,69.94,1400,
09:30:36,69.94,500,
09:30:38,69.94,800,
09:30:38,69.94,1600,
09:30:39,69.9399,200,
09:30:42,69.93,400,
09:30:42,69.93,400,
09:30:45,69.939,100,
09:30:47,69.93,400,
09:30:50,69.94,400,
09:30:59,69.93,192,
09:31:00,69.93,200,
09:31:11,69.92,100,
09:31:11,69.92,400,
09:31:11,69.92,1100,
09:31:14,69.93,311,
09:31:17,69.92,800,
09:31:17,69.92,800,
09:31:17,69.91,800,
09:31:18,69.92,100,
09:31:19,69.92,100,
09:31:27,69.92,100,
09:31:28,69.9299,100,
09:31:30,69.93,700,
09:31:30,69.9299,2300,
09:31:33,69.92,170,
09:31:33,69.92,1707,
09:31:33,69.92,1000,
09:31:33,69.92,200,
09:31:39,69.9199,200,
09:31:39,69.92,200,
09:31:41,69.92,100,
09:31:42,69.93,200,
09:31:46,69.92,700,
09:31:49,69.92,100,
09:31:49,69.92,400,
09:31:55,69.92,100,
09:31:55,69.92,100,
09:31:55,69.92,500,
09:31:55,69.92,200,
09:31:57,69.92,800,
09:31:57,69.92,500,
09:31:59,69.92,200,
09:32:00,69.92,1737,
09:32:00,69.92,863,
09:32:00,69.92,500,
09:32:00,69.92,100,
09:32:00,69.91,2100,
09:32:00,69.915,100,
09:32:00,69.92,200,
09:32:00,69.92,463,
09:32:02,69.92,100,
09:32:03,69.93,100,
09:32:03,69.93,1000,
09:32:04,69.93,500,
09:32:05,69.9299,127,
09:32:05,69.93,200,
09:32:05,69.93,2400,
09:32:06,69.93,300,
09:32:06,69.93,320,
09:32:06,69.93,1500,
09:32:06,69.93,1300,
09:32:06,69.93,700,
09:32:06,69.93,700,
09:32:10,69.93,100,
09:32:10,69.93,300,
09:32:13,69.93,100,
09:32:14,69.92,200,
09:32:16,69.91,100,
09:32:17,69.91,3200,
09:32:18,69.91,4500,
09:32:18,69.91,1300,
09:32:23,69.91,500,
09:32:24,69.90,300,
09:32:24,69.90,800,
09:32:24,69.90,100,
09:32:24,69.90,100,
09:32:26,69.89,100,
09:32:28,69.89,700,
09:32:28,69.88,3200,
09:32:29,69.89,1700,
09:32:30,69.885,100,
09:32:36,69.89,200,
09:32:38,69.885,100,
09:32:42,69.8868,286,
09:32:45,69.89,100,
09:32:48,69.89,734,
09:32:48,69.89,100,
09:32:49,69.885,100,
09:32:51,69.89,200,
09:32:54,69.89,300,
09:32:54,69.89,300,
09:32:54,69.89,700,
09:32:57,69.8999,100,
09:32:59,69.895,275,
09:33:05,69.89,500,
09:33:06,69.89,100,
09:33:08,69.89,1800,
09:33:12,69.89,100,
09:33:15,69.90,1000,
09:33:19,69.89,100,
09:33:25,69.88,300,
09:33:25,69.87,2400,
09:33:25,69.87,800,
09:33:25,69.87,300,
09:33:25,69.87,600,
09:33:25,69.87,200,
09:33:25,69.87,1600,
09:33:25,69.87,100,
09:33:25,69.86,1500,
09:33:25,69.86,600,
09:33:25,69.87,707,
09:33:25,69.87,2900,
09:33:25,69.87,300,
09:33:25,69.87,3500,
09:33:25,69.87,1293,
09:33:25,69.87,1000,
09:33:25,69.87,2400,
09:33:25,69.87,400,
09:33:25,69.87,400,
09:33:28,69.86,700,
09:33:28,69.86,3600,
09:33:28,69.86,799,
09:33:28,69.86,800,
09:33:28,69.86,800,
09:33:28,69.86,1000,
09:33:28,69.86,1400,
09:33:28,69.85,1000,
09:33:28,69.84,100,
09:33:29,69.84,1400,
09:33:29,69.84,2800,
09:33:30,69.83,200,
09:33:30,69.83,300,
09:33:33,69.84,200,
09:33:39,69.86,300,
09:33:48,69.87,200,
09:33:50,69.88,100,
09:33:50,69.88,100,
09:33:50,69.88,100,
09:33:50,69.88,300,
09:33:50,69.88,700,
09:33:51,69.88,700,
09:33:55,69.87,300,
09:34:00,69.87,300,
09:34:05,69.87,200,
09:34:13,69.87,300,
09:34:16,69.87,1000,
09:34:16,69.87,300,
09:34:17,69.87,800,
09:34:31,69.87,600,
09:34:32,69.87,200,
09:34:32,69.87,200,
09:34:32,69.87,400,
09:34:40,69.86,100,
09:34:42,69.86,800,
09:34:42,69.86,200,
09:34:42,69.86,600,
09:34:42,69.86,400,
09:34:42,69.86,100,
09:34:42,69.86,500,
09:34:42,69.86,100,
09:34:42,69.86,100,
09:34:43,69.86,600,
09:34:43,69.86,100,
09:34:43,69.86,1000,
09:34:44,69.86,4000,
09:34:44,69.86,100,
09:34:44,69.85,1100,
09:34:44,69.85,900,
09:34:44,69.85,1400,
09:34:44,69.86,100,
09:34:45,69.86,2100,
09:34:45,69.86,100,
09:34:46,69.86,200,
09:34:46,69.86,300,
09:34:49,69.86,2400,
09:34:49,69.86,300,
09:34:53,69.8599,130,
09:34:54,69.86,1600,
09:34:54,69.8699,500,
09:35:01,69.86,200,
09:35:01,69.86,100,
09:35:01,69.86,200,
09:35:02,69.86,100,
09:35:02,69.86,100,
09:35:03,69.86,300,
09:35:03,69.87,100,
09:35:03,69.87,20000,
09:35:03,69.86,500,
09:35:05,69.858,700,
09:35:05,69.86,100,
09:35:05,69.86,300,
09:35:05,69.86,1600,
09:35:05,69.85,300,
09:35:07,69.86,2800,
09:35:09,69.86,300,
09:35:09,69.86,1400,
09:35:10,69.86,2800,
09:35:10,69.86,700,
09:35:10,69.86,200,
09:35:12,69.8601,2500,
09:35:13,69.86,2400,
09:35:13,69.86,600,
09:35:15,69.85,100,
09:35:16,69.85,900,
09:35:16,69.85,300,
09:35:17,69.86,624,
09:35:18,69.85,300,
09:35:18,69.85,200,
09:35:19,69.85,200,
09:35:19,69.85,700,
09:35:21,69.85,100,
09:35:21,69.85,800,
09:35:21,69.85,400,
09:35:21,69.85,600,
09:35:21,69.85,1400,
09:35:21,69.85,1400,
09:35:21,69.85,200,
09:35:25,69.84,3600,
09:35:25,69.84,2000,
09:35:25,69.84,600,
09:35:25,69.84,1600,
09:35:25,69.84,1000,
09:35:25,69.84,800,
09:35:25,69.84,4300,
09:35:25,69.84,300,
09:35:25,69.84,2900,
09:35:25,69.84,700,
09:35:25,69.84,100,
09:35:25,69.84,1600,
09:35:25,69.84,800,
09:35:25,69.84,100,
09:35:25,69.84,600,
09:35:25,69.84,300,
09:35:25,69.84,300,
09:35:26,69.84,400,
09:35:26,69.84,600,
09:35:26,69.84,400,
09:35:26,69.84,100,
09:35:26,69.84,100,
09:35:27,69.8401,200,
09:35:27,69.84,800,
09:35:27,69.84,800,
09:35:27,69.84,800,
09:35:27,69.84,330,
09:35:27,69.84,2100,
09:35:27,69.84,800,
09:35:27,69.84,800,
09:35:27,69.84,800,
09:35:27,69.84,1000,
09:35:27,69.84,1500,
09:35:27,69.84,200,
09:35:28,69.84,100,
09:35:29,69.84,1000,
09:35:30,69.83,1000,
09:35:31,69.84,100,
09:35:32,69.84,815,
09:35:33,69.83,1000,
09:35:33,69.83,3600,
09:35:33,69.83,1000,
09:35:33,69.83,1000,
09:35:33,69.83,200,
09:35:33,69.83,200,
09:35:33,69.83,500,
09:35:33,69.83,300,
09:35:33,69.83,300,
09:35:33,69.84,2800,
09:35:33,69.84,2100,
09:35:33,69.83,1000,
09:35:33,69.83,3200,
09:35:33,69.83,600,
09:35:33,69.83,1500,
09:35:33,69.83,100,
09:35:33,69.84,4200,
09:35:33,69.83,100,
09:35:33,69.83,1600,
09:35:33,69.83,1600,
09:35:33,69.83,700,
09:35:33,69.83,300,
09:35:33,69.83,700,
09:35:35,69.83,300,
09:35:35,69.83,100,
09:35:35,69.83,600,
09:35:35,69.83,100,
09:35:35,69.83,100,
09:35:35,69.83,300,
09:35:35,69.83,100,
09:35:35,69.83,400,
09:35:35,69.83,100,
09:35:35,69.83,300,
09:35:35,69.83,400,
09:35:35,69.82,1900,
09:35:35,69.82,1900,
09:35:35,69.83,400,
09:35:35,69.82,100,
09:35:35,69.82,300,
09:35:35,69.83,300,
09:35:35,69.83,700,
09:35:36,69.83,100,
09:35:36,69.83,23100,
09:35:36,69.83,1500,
09:35:36,69.83,100,
09:35:39,69.82,300,
09:35:39,69.82,2700,
09:35:40,69.82,1300,
09:35:42,69.81,100,
09:35:42,69.81,400,
09:35:42,69.81,1700,
09:35:42,69.81,900,
09:35:42,69.81,800,
09:35:42,69.81,300,
09:35:42,69.81,400,
09:35:42,69.81,500,
09:35:42,69.81,300,
09:35:44,69.82,500,
09:35:44,69.82,220,
09:35:44,69.82,300,
09:35:47,69.82,1000,
09:35:48,69.82,100,
09:35:48,69.82,1500,
09:35:52,69.81,800,
09:35:52,69.81,100,
09:35:52,69.81,800,
09:35:52,69.81,100,
09:35:52,69.81,2600,
09:35:53,69.82,1400,
09:35:53,69.82,3120,
09:35:54,69.82,200,
09:35:54,69.82,1400,
09:35:54,69.82,100,
09:35:54,69.83,600,
09:35:55,69.82,200,
09:35:55,69.82,1000,
09:35:55,69.82,1600,
09:35:55,69.82,200,
09:35:55,69.82,1600,
09:35:55,69.82,200,
09:35:55,69.82,800,
09:35:57,69.82,300,
09:35:58,69.82,200,
09:35:59,69.82,100,
09:35:59,69.82,3300,
09:36:01,69.83,100,
09:36:05,69.83,200,
09:36:05,69.83,100,
09:36:05,69.83,185,
09:36:05,69.83,100,
09:36:16,69.84,460,
09:36:17,69.84,1600,
09:36:22,69.8401,200,
09:36:29,69.86,300,
09:36:29,69.85,300,
09:36:29,69.85,800,
09:36:29,69.85,800,
09:36:29,69.85,2480,
09:36:29,69.85,100,
09:36:29,69.85,1120,
09:36:29,69.85,1500,
09:36:29,69.85,1000,
09:36:30,69.85,100,
09:36:30,69.85,200,
09:36:32,69.85,300,
09:36:40,69.84,100,
09:36:42,69.845,100,
09:36:43,69.84,100,
09:36:43,69.84,100,
09:36:44,69.844,200,
09:36:49,69.85,2000,
09:37:08,69.87,600,
09:37:09,69.87,300,
09:37:09,69.87,200,
09:37:09,69.87,3600,
09:37:09,69.87,800,
09:37:09,69.87,360,
09:37:09,69.87,360,
09:37:09,69.87,500,
09:37:09,69.87,1100,
09:37:09,69.87,3500,
09:37:09,69.87,100,
09:37:09,69.87,569,
09:37:09,69.869,300,
09:37:10,69.87,200,
09:37:10,69.87,100,
09:37:11,69.86,800,
09:37:11,69.85,300,
09:37:11,69.85,300,
09:37:12,69.86,100,
09:37:13,69.86,193,
09:37:15,69.86,200,
09:37:16,69.87,200,
09:37:22,69.87,100,
09:37:22,69.87,300,
09:37:22,69.87,100,
09:37:23,69.88,200,
09:37:23,69.88,300,
09:37:25,69.8701,1000,
09:37:29,69.8801,600,
09:37:31,69.88,200,
09:37:33,69.8701,2300,
09:37:36,69.88,100,
09:37:40,69.87,200,
09:37:46,69.87,150,
09:37:47,69.8615,400,
09:37:47,69.86,800,
09:37:52,69.85,100,
09:37:52,69.85,600,
09:37:52,69.85,100,
09:37:52,69.85,100,
09:37:52,69.85,1400,
09:37:52,69.85,1600,
09:37:52,69.85,1400,
09:37:54,69.85,200,
09:38:09,69.86,200,
09:38:23,69.86,200,
09:38:28,69.87,300,
09:38:29,69.88,200,
09:38:33,69.87,800,
09:38:34,69.8683,500,
09:38:43,69.87,200,
09:38:55,69.88,800,
09:38:55,69.88,200,
09:39:03,69.8899,800,
09:39:04,69.88,1400,
09:39:04,69.88,100,
09:39:05,69.8799,100,
09:39:17,69.88,1800,
09:39:17,69.88,200,
09:39:17,69.88,800,
09:39:17,69.88,400,
09:39:17,69.88,200,
09:39:17,69.88,800,
09:39:17,69.88,200,
09:39:17,69.88,200,
09:39:17,69.88,100,
09:39:17,69.88,1700,
09:39:33,69.8801,400,
09:39:41,69.89,700,
09:39:41,69.89,100,
09:39:42,69.89,300,
09:39:42,69.89,100,
09:39:44,69.90,200,
09:39:47,69.90,700,
09:39:51,69.8999,300,
09:39:57,69.90,100,
09:39:57,69.89,800,
09:39:58,69.90,200,
09:40:10,69.91,200,
09:40:11,69.91,800,
09:40:11,69.91,1700,
09:40:11,69.91,150,
09:40:11,69.91,600,
09:40:11,69.91,200,
09:40:11,69.91,100,
09:40:13,69.92,300,
09:40:15,69.91,200,
09:40:19,69.91,200,
09:40:19,69.91,400,
09:40:23,69.91,176,
09:40:24,69.9199,5000,
09:40:25,69.9108,100,
09:40:27,69.92,100,
09:40:31,69.91,200,
09:40:34,69.9045,100,
09:40:41,69.90,1400,
09:40:41,69.90,1400,
09:40:41,69.90,1200,
09:40:48,69.91,200,
09:40:51,69.91,200,
09:40:52,69.9001,3900,
09:41:02,69.91,200,
09:41:06,69.92,100,
09:41:11,69.93,1500,
09:41:16,69.93,1000,
09:41:16,69.93,3200,
09:41:16,69.93,1600,
09:41:16,69.93,200,
09:41:20,69.93,1100,
09:41:20,69.93,2000,
09:41:23,69.93,300,
09:41:30,69.93,200,
09:41:30,69.93,100,
09:41:30,69.93,300,
09:41:32,69.9297,2093,
09:41:42,69.929,200,
09:41:48,69.92,200,
09:41:52,69.92,500,
09:41:52,69.92,600,
09:41:52,69.92,800,
09:41:52,69.92,800,
09:41:52,69.92,100,
09:41:52,69.92,513,
09:41:52,69.92,300,
09:41:52,69.92,600,
09:41:52,69.92,800,
09:41:52,69.92,600,
09:41:52,69.92,100,
09:41:52,69.92,1600,
09:41:52,69.92,4200,
09:41:52,69.92,300,
09:41:54,69.91,100,
09:41:54,69.91,200,
09:41:54,69.90,200,
09:41:54,69.90,1200,
09:41:54,69.89,200,
09:41:56,69.8999,1000,
09:41:56,69.89,200,
09:41:59,69.88,200,
09:42:00,69.88,200,
09:42:00,69.88,100,
09:42:03,69.88,300,
09:42:05,69.8799,2000,
09:42:09,69.87,900,
09:42:09,69.88,300,
09:42:09,69.88,700,
09:42:09,69.88,300,
09:42:09,69.88,800,
09:42:09,69.88,600,
09:42:09,69.88,800,
09:42:09,69.88,800,
09:42:10,69.88,300,
09:42:11,69.87,200,
09:42:13,69.86,300,
09:42:13,69.86,800,
09:42:13,69.86,200,
09:42:13,69.86,200,
09:42:13,69.85,200,
09:42:16,69.85,1600,
09:42:16,69.85,2400,
09:42:18,69.85,300,
09:42:21,69.85,4830,
09:42:21,69.85,200,
09:42:23,69.85,100,
09:42:23,69.85,300,
09:42:25,69.86,300,
09:42:25,69.86,300,
09:42:26,69.86,200,
09:42:26,69.86,800,
09:42:28,69.86,200,
09:42:28,69.86,4100,
09:42:28,69.86,1500,
09:42:28,69.86,1100,
09:42:28,69.86,2600,
09:42:28,69.86,2100,
09:42:28,69.86,1600,
09:42:28,69.86,300,
09:42:28,69.86,100,
09:42:28,69.86,1600,
09:42:28,69.86,300,
09:42:28,69.86,600,
09:42:28,69.86,500,
09:42:28,69.86,1950,
09:42:28,69.86,700,
09:42:29,69.87,100,
09:42:29,69.87,300,
09:42:30,69.8799,200,
09:42:30,69.87,480,
09:42:30,69.87,3800,
09:42:30,69.87,300,
09:42:30,69.87,100,
09:42:30,69.87,100,
09:42:30,69.87,1000,
09:42:30,69.87,250,
09:42:33,69.86,300,
09:42:34,69.86,400,
09:42:34,69.86,300,
09:42:41,69.87,300,
09:42:44,69.86,200,
09:42:45,69.86,853,
09:42:45,69.86,100,
09:42:45,69.86,947,
09:42:45,69.86,853,
09:42:45,69.86,300,
09:42:45,69.86,1600,
09:42:45,69.86,600,
09:42:45,69.86,603,
09:42:47,69.86,1000,
09:42:47,69.86,500,
09:42:47,69.86,300,
09:42:51,69.86,300,
09:42:59,69.87,300,
09:43:01,69.88,200,
09:43:01,69.88,1600,
09:43:02,69.88,800,
09:43:03,69.88,255,
09:43:04,69.88,500,
09:43:04,69.88,100,
09:43:07,69.89,100,
09:43:22,69.89,100,
09:43:27,69.89,100,
09:43:27,69.89,300,
09:43:27,69.89,200,
09:43:29,69.88,100,
09:43:34,69.88,200,
09:43:35,69.8799,300,
09:43:38,69.87,200,
09:43:53,69.87,400,
09:43:53,69.87,700,
09:43:53,69.87,400,
09:43:55,69.87,200,
09:44:10,69.87,1145,
09:44:10,69.87,200,
09:44:13,69.88,500,
09:44:13,69.88,1400,
09:44:13,69.88,200,
09:44:13,69.88,200,
09:44:13,69.87,200,
09:44:13,69.88,600,
09:44:13,69.89,200,
09:44:14,69.89,295,
09:44:14,69.89,300,
09:44:15,69.89,300,
09:44:15,69.88,455,
09:44:19,69.88,190,
09:44:29,69.88,200,
09:44:30,69.88,300,
09:44:30,69.88,1120,
09:44:51,69.86,1100,
09:44:51,69.86,285,
09:44:51,69.86,415,
09:44:51,69.86,1600,
09:44:51,69.86,800,
09:44:57,69.85,300,
09:44:58,69.8597,300,
09:45:00,69.8568,2000,
09:45:02,69.8499,300,
09:45:03,69.84,300,
09:45:07,69.84,500,
09:45:07,69.84,300,
09:45:09,69.84,100,
09:45:18,69.84,300,
09:45:24,69.83,200,
09:45:30,69.83,300,
09:45:37,69.837,400,
09:45:38,69.82,300,
09:45:47,69.8101,200,
09:45:58,69.82,300,
09:46:02,69.83,300,
09:46:02,69.83,200,
09:46:02,69.83,200,
09:46:02,69.83,300,
09:46:02,69.83,300,
09:46:02,69.83,100,
09:46:05,69.83,500,
09:46:07,69.8399,100,
09:46:08,69.84,2500,
09:46:08,69.84,100,
09:46:08,69.84,200,
09:46:08,69.84,2100,
09:46:08,69.84,100,
09:46:08,69.84,200,
09:46:08,69.84,300,
09:46:08,69.84,3200,
09:46:08,69.84,600,
09:46:08,69.84,1600,
09:46:08,69.84,2800,
09:46:08,69.84,400,
09:46:08,69.84,500,
09:46:08,69.84,200,
09:46:08,69.84,3200,
09:46:08,69.84,200,
09:46:08,69.84,100,
09:46:08,69.84,1100,
09:46:08,69.84,1000,
09:46:08,69.84,2400,
09:46:08,69.84,100,
09:46:13,69.84,300,
09:46:15,69.83,100,
09:46:15,69.83,900,
09:46:15,69.83,4600,
09:46:18,69.83,300,
09:46:55,69.82,500,
09:46:55,69.82,500,
09:46:55,69.82,300,
09:47:10,69.82,300,
09:47:12,69.81,800,
09:47:12,69.81,500,
09:47:12,69.81,1000,
09:47:12,69.81,800,
09:47:12,69.81,100,
09:47:13,69.801,2100,
09:47:14,69.80,215,
09:47:14,69.80,300,
09:47:14,69.80,6300,
09:47:14,69.80,1000,
09:47:17,69.80,300,
09:47:21,69.80,300,
09:47:21,69.80,100,
09:47:25,69.80,300,
09:47:28,69.79,300,
09:47:32,69.781,700,
09:47:35,69.79,100,
09:47:35,69.79,200,
09:47:35,69.79,700,
09:47:35,69.79,200,
09:47:35,69.79,200,
09:47:35,69.79,500,
09:47:38,69.79,1000,
09:47:39,69.79,300,
09:47:41,69.78,200,
09:47:43,69.78,803,
09:47:43,69.78,697,
09:47:48,69.78,300,
09:47:49,69.7892,1000,
09:47:53,69.76,100,
09:47:58,69.77,200,
09:47:58,69.77,200,
09:48:00,69.77,400,
09:48:00,69.77,300,
09:48:00,69.77,500,
09:48:00,69.77,800,
09:48:01,69.78,1800,
09:48:01,69.78,300,
09:48:01,69.78,400,
09:48:03,69.78,1000,
09:48:03,69.78,1200,
09:48:09,69.771,100,
09:48:11,69.7684,1000,
09:48:17,69.76,200,
09:48:21,69.76,5400,
09:48:22,69.77,1600,
09:48:22,69.77,500,
09:48:22,69.77,700,
09:48:22,69.77,1400,
09:48:22,69.77,200,
09:48:22,69.77,400,
09:48:22,69.77,1800,
09:48:25,69.78,200,
09:48:25,69.77,200,
09:48:27,69.7701,4800,
09:48:40,69.77,300,
09:48:40,69.77,200,
09:48:40,69.77,355,
09:48:41,69.77,400,
09:48:42,69.78,500,
09:48:42,69.78,400,
09:48:44,69.78,1600,
09:48:44,69.78,800,
09:48:44,69.78,305,
09:48:45,69.78,600,
09:48:46,69.79,500,
09:48:48,69.79,300,
09:48:49,69.79,100,
09:48:51,69.7901,1200,
09:48:53,69.79,400,
09:48:56,69.7983,1500,
09:48:58,69.795,300,
09:49:01,69.79,450,
09:49:12,69.79,400,
09:49:32,69.81,130,
09:49:35,69.80,200,
09:49:37,69.79,500,
09:49:37,69.79,400,
09:49:38,69.80,300,
09:49:43,69.80,300,
09:49:50,69.80,300,
09:49:57,69.79,200,
09:50:02,69.78,200,
09:50:02,69.78,400,
09:50:10,69.78,100,
09:50:10,69.78,100,
09:50:10,69.78,100,
09:50:10,69.78,100,
09:50:10,69.78,100,
09:50:27,69.78,100,
09:50:27,69.78,100,
09:50:27,69.78,1000,
09:50:27,69.78,1700,
09:50:28,69.7701,103,
09:50:38,69.7701,100,
09:50:43,69.78,200,
09:50:53,69.78,100,
09:50:53,69.78,108,
09:50:53,69.775,400,
09:50:55,69.77,182,
09:50:56,69.77,100,
09:51:04,69.77,152,
09:51:04,69.77,100,
09:51:16,69.77,600,
09:51:16,69.77,300,
09:51:26,69.77,145,
09:51:42,69.78,644,
09:51:42,69.78,200,
09:51:42,69.78,1146,
09:51:42,69.78,1100,
09:51:43,69.78,300,
09:51:46,69.78,1000,
09:51:46,69.78,800,
09:51:49,69.78,900,
09:51:49,69.78,100,
09:51:51,69.78,1000,
09:51:52,69.77,100,
09:51:52,69.77,3300,
09:51:52,69.775,1234,
09:52:01,69.78,800,
09:52:06,69.78,300,
09:52:42,69.779,100,
09:52:46,69.779,100,
09:52:47,69.78,300,
09:52:50,69.78,500,
09:52:53,69.77,300,
09:52:55,69.77,300,
09:52:56,69.78,110,
09:53:23,69.78,1000,
09:53:23,69.78,100,
09:53:23,69.78,500,
09:53:23,69.78,300,
09:53:23,69.78,1000,
09:53:23,69.78,300,
09:53:41,69.78,300,
09:53:43,69.7899,4000,
09:53:47,69.79,300,
09:53:52,69.79,100,
09:53:54,69.78,300,
09:53:54,69.78,200,
09:53:54,69.78,600,
09:54:00,69.78,500,
09:54:00,69.78,100,
09:54:00,69.78,200,
09:54:00,69.78,100,
09:54:00,69.78,100,
09:54:02,69.775,100,
09:54:14,69.7618,975,
09:54:16,69.77,256,
09:54:16,69.78,200,
09:54:18,69.779,100,
09:54:20,69.78,200,
09:54:20,69.78,200,
09:54:20,69.78,300,
09:54:23,69.77,5346,
09:54:30,69.78,100,
09:54:35,69.78,500,
09:54:36,69.778,3000,
09:54:39,69.7701,100,
09:54:40,69.78,500,
09:54:40,69.77,100,
09:54:40,69.77,400,
09:54:42,69.75,100,
09:54:42,69.75,100,
09:54:42,69.75,100,
09:54:45,69.76,200,
09:54:45,69.76,201,
09:54:47,69.76,100,
09:54:50,69.77,200,
09:54:50,69.77,100,
09:54:50,69.77,300,
09:54:50,69.76,800,
09:54:50,69.76,100,
09:54:50,69.76,300,
09:54:55,69.76,200,
09:54:55,69.76,100,
09:54:55,69.76,400,
09:54:55,69.76,1100,
09:54:55,69.75,100,
09:54:55,69.75,100,
09:54:59,69.75,600,
09:54:59,69.75,1000,
09:54:59,69.75,2100,
09:54:59,69.75,2000,
09:54:59,69.75,300,
09:55:00,69.76,300,
09:55:00,69.76,100,
09:55:00,69.76,100,
09:55:00,69.75,600,
09:55:00,69.75,600,
09:55:00,69.75,400,
09:55:00,69.74,400,
09:55:02,69.74,300,
09:55:02,69.74,600,
09:55:02,69.74,800,
09:55:02,69.74,1600,
09:55:02,69.74,700,
09:55:02,69.75,300,
09:55:03,69.75,100,
09:55:04,69.75,3600,
09:55:04,69.75,300,
09:55:04,69.75,600,
09:55:04,69.75,400,
09:55:04,69.75,300,
09:55:05,69.76,400,
09:55:05,69.76,100,
09:55:05,69.76,200,
09:55:05,69.76,400,
09:55:05,69.76,300,
09:55:05,69.76,400,
09:55:05,69.76,300,
09:55:05,69.76,200,
09:55:05,69.76,300,
09:55:05,69.76,400,
09:55:05,69.76,200,
09:55:05,69.76,400,
09:55:05,69.76,200,
09:55:05,69.76,300,
09:55:05,69.76,300,
09:55:05,69.76,200,
09:55:05,69.76,300,
09:55:05,69.76,300,
09:55:05,69.76,200,
09:55:05,69.76,200,
09:55:05,69.76,300,
09:55:05,69.76,200,
09:55:07,69.74,100,
09:55:10,69.75,400,
09:55:10,69.75,100,
09:55:10,69.75,200,
09:55:10,69.75,300,
09:55:10,69.75,1900,
09:55:10,69.75,300,
09:55:11,69.74,1800,
09:55:11,69.74,3600,
09:55:11,69.74,1000,
09:55:11,69.74,800,
09:55:11,69.75,100,
09:55:14,69.74,500,
09:55:14,69.74,800,
09:55:14,69.74,3200,
09:55:14,69.74,500,
09:55:14,69.74,700,
09:55:15,69.75,300,
09:55:15,69.75,800,
09:55:15,69.75,1100,
09:55:15,69.75,100,
09:55:15,69.75,300,
09:55:15,69.75,500,
09:55:16,69.76,750,
09:55:20,69.76,100,
09:55:20,69.76,300,
09:55:20,69.76,1900,
09:55:22,69.75,100,
09:55:22,69.74,300,
09:55:22,69.74,600,
09:55:22,69.74,500,
09:55:22,69.74,200,
09:55:22,69.74,1000,
09:55:22,69.74,2500,
09:55:22,69.74,800,
09:55:22,69.74,300,
09:55:24,69.73,190,
09:55:24,69.73,800,
09:55:24,69.73,2200,
09:55:24,69.73,100,
09:55:24,69.74,400,
09:55:25,69.74,1700,
09:55:25,69.74,2000,
09:55:25,69.74,300,
09:55:25,69.74,900,
09:55:26,69.74,800,
09:55:26,69.74,2700,
09:55:26,69.73,2400,
09:55:26,69.73,500,
09:55:32,69.74,300,
09:55:38,69.73,100,
09:55:38,69.73,260,
09:55:42,69.73,100,
09:55:43,69.73,202,
09:55:46,69.72,400,
09:55:57,69.73,106,
09:55:57,69.73,300,
09:56:05,69.7301,8000,
09:56:10,69.7399,700,
09:56:13,69.73,100,
09:56:18,69.74,300,
09:56:33,69.75,300,
09:56:37,69.76,200,
09:56:37,69.76,300,
09:56:44,69.77,300,
09:56:44,69.78,200,
09:56:49,69.76,100,
09:56:49,69.76,300,
09:56:52,69.77,200,
09:56:59,69.77,600,
09:57:00,69.77,200,
09:57:02,69.761,3800,
09:57:03,69.76,100,
09:57:03,69.76,100,
09:57:03,69.76,100,
09:57:16,69.77,115,
09:57:28,69.76,100,
09:57:33,69.76,1000,
09:57:46,69.76,100,
09:57:47,69.76,1681,
09:57:47,69.76,519,
09:57:47,69.76,3200,
09:57:47,69.76,200,
09:57:57,69.75,700,
09:57:57,69.75,100,
09:57:57,69.75,200,
09:57:57,69.75,200,
09:57:58,69.75,200,
09:57:58,69.75,100,
09:57:58,69.75,500,
09:58:00,69.7568,100,
09:58:09,69.74,400,
09:58:09,69.74,200,
09:58:09,69.74,300,
09:58:09,69.74,300,
09:58:09,69.74,100,
09:58:09,69.74,200,
09:58:09,69.74,100,
09:58:09,69.74,1300,
09:58:09,69.74,200,
09:58:09,69.74,200,
09:58:09,69.74,150,
09:58:12,69.745,119,
09:58:13,69.75,500,
09:58:13,69.75,500,
09:58:14,69.75,400,
09:58:19,69.75,1600,
09:58:19,69.75,100,
09:58:19,69.75,100,
09:58:19,69.75,200,
09:58:19,69.75,100,
09:58:28,69.75,113,
09:58:31,69.74,200,
09:58:40,69.73,100,
09:58:40,69.73,100,
09:58:40,69.73,100,
09:58:40,69.73,200,
09:58:45,69.73,1300,
09:58:45,69.73,100,
09:58:45,69.73,100,
09:58:45,69.73,200,
09:58:50,69.73,200,
09:58:52,69.73,100,
09:58:53,69.72,816,
09:58:55,69.73,1100,
09:58:58,69.73,200,
09:59:00,69.73,200,
09:59:00,69.73,700,
09:59:09,69.74,100,
09:59:09,69.74,100,
09:59:09,69.74,200,
09:59:12,69.74,100,
09:59:13,69.74,200,
09:59:19,69.75,200,
09:59:26,69.76,100,
09:59:29,69.76,200,
09:59:36,69.76,500,
09:59:36,69.77,100,
09:59:36,69.77,200,
09:59:37,69.76,100,
09:59:37,69.76,200,
09:59:40,69.76,200,
09:59:42,69.75,200,
09:59:42,69.75,100,
09:59:42,69.75,100,
09:59:42,69.75,100,
09:59:45,69.7484,250,
09:59:47,69.75,200,
09:59:54,69.74,200,
09:59:58,69.74,200,
09:59:58,69.74,300,
09:59:59,69.76,1700,
10:00:01,69.81,200,
10:00:01,69.81,400,
10:00:01,69.81,140,
10:00:01,69.81,3760,
10:00:01,69.81,200,
10:00:01,69.81,100,
10:00:01,69.81,100,
10:00:01,69.81,150,
10:00:01,69.81,200,
10:00:01,69.81,100,
10:00:01,69.81,400,
10:00:01,69.81,100,
10:00:01,69.81,100,
10:00:01,69.81,200,
10:00:01,69.81,400,
10:00:01,69.81,100,
10:00:01,69.81,100,
10:00:01,69.81,200,
10:00:01,69.80,100,
10:00:01,69.80,300,
10:00:01,69.80,100,
10:00:01,69.81,1000,
10:00:01,69.81,200,
10:00:01,69.81,100,
10:00:01,69.81,100,
10:00:02,69.80,100,
10:00:02,69.80,247,
10:00:04,69.79,100,
10:00:04,69.79,100,
10:00:04,69.79,100,
10:00:04,69.79,100,
10:00:04,69.79,100,
10:00:04,69.79,100,
10:00:05,69.80,200,
10:00:05,69.80,253,
10:00:05,69.80,250,
10:00:05,69.80,600,
10:00:05,69.80,700,
10:00:06,69.81,100,
10:00:06,69.81,100,
10:00:06,69.81,800,
10:00:07,69.82,128,
10:00:07,69.82,240,
10:00:07,69.82,1100,
10:00:10,69.8174,1000,
10:00:13,69.8199,1000,
10:00:15,69.82,2000,
10:00:21,69.82,700,
10:00:24,69.83,200,
10:00:24,69.82,300,
10:00:24,69.82,818,
10:00:24,69.82,700,
10:00:24,69.82,200,
10:00:24,69.83,200,
10:00:24,69.82,300,
10:00:24,69.82,100,
10:00:24,69.82,100,
10:00:24,69.82,100,
10:00:24,69.82,1000,
10:00:24,69.82,100,
10:00:24,69.82,109,
10:00:24,69.82,110,
10:00:24,69.82,200,
10:00:24,69.82,400,
10:00:24,69.82,100,
10:00:24,69.82,100,
10:00:25,69.83,2400,
10:00:25,69.83,500,
10:00:26,69.8216,1000,
10:00:27,69.83,500,
10:00:27,69.83,3700,
10:00:27,69.83,200,
10:00:28,69.82,1000,
10:00:28,69.82,491,
10:00:28,69.82,1000,
10:00:28,69.82,1400,
10:00:28,69.82,1200,
10:00:28,69.82,800,
10:00:28,69.82,1000,
10:00:28,69.82,800,
10:00:28,69.82,200,
10:00:28,69.82,100,
10:00:28,69.82,400,
10:00:28,69.82,100,
10:00:28,69.82,100,
10:00:28,69.82,100,
10:00:28,69.82,100,
10:00:28,69.82,1000,
10:00:28,69.82,1000,
10:00:34,69.83,459,
10:00:34,69.83,158,
10:00:34,69.83,600,
10:00:35,69.82,400,
10:00:35,69.83,400,
10:00:35,69.84,600,
10:00:35,69.83,253,
10:00:35,69.84,1100,
10:00:35,69.83,500,
10:00:35,69.83,1753,
10:00:35,69.84,200,
10:00:35,69.84,800,
10:00:35,69.84,800,
10:00:35,69.83,100,
10:00:35,69.83,300,
10:00:35,69.85,158,
10:00:35,69.85,142,
10:00:35,69.85,200,
10:00:36,69.85,1200,
10:00:36,69.85,1100,
10:00:37,69.8599,3100,
10:00:39,69.8592,3600,
10:00:40,69.86,700,
10:00:40,69.86,400,
10:00:40,69.86,300,
10:00:40,69.86,200,
10:00:41,69.8601,100,
10:00:42,69.8601,100,
10:00:43,69.86,100,
10:00:43,69.8583,1000,
10:00:45,69.87,800,
10:00:45,69.87,200,
10:00:45,69.87,500,
10:00:45,69.87,200,
10:00:45,69.87,800,
10:00:45,69.87,300,
10:00:45,69.86,1200,
10:00:45,69.86,900,
10:00:46,69.86,500,
10:00:46,69.86,400,
10:00:46,69.86,700,
10:00:46,69.86,258,
10:00:46,69.86,100,
10:00:46,69.86,200,
10:00:48,69.86,155,
10:00:48,69.87,100,
10:00:49,69.86,100,
10:00:50,69.862,600,
10:00:50,69.87,200,
10:00:50,69.87,800,
10:00:50,69.87,1400,
10:00:50,69.87,3000,
10:00:51,69.86,400,
10:00:51,69.87,100,
10:00:51,69.86,100,
10:00:52,69.87,100,
10:00:54,69.88,313,
10:00:55,69.87,100,
10:00:57,69.86,100,
10:00:59,69.86,100,
10:01:02,69.85,100,
10:01:03,69.84,700,
10:01:04,69.83,2100,
10:01:04,69.83,100,
10:01:05,69.82,200,
10:01:08,69.82,100,
10:01:09,69.82,142,
10:01:10,69.80,200,
10:01:10,69.81,100,
10:01:10,69.81,100,
10:01:10,69.80,200,
10:01:10,69.81,1000,
10:01:10,69.81,1000,
10:01:10,69.81,700,
10:01:10,69.81,250,
10:01:10,69.81,500,
10:01:10,69.81,500,
10:01:10,69.80,100,
10:01:10,69.80,166,
10:01:10,69.80,167,
10:01:10,69.80,100,
10:01:10,69.81,100,
10:01:10,69.81,300,
10:01:11,69.81,200,
10:01:11,69.81,300,
10:01:11,69.81,1490,
10:01:13,69.81,100,
10:01:14,69.82,200,
10:01:15,69.81,100,
10:01:19,69.82,167,
10:01:19,69.82,250,
10:01:19,69.82,100,
10:01:19,69.82,200,
10:01:22,69.81,300,
10:01:25,69.81,100,
10:01:26,69.80,500,
10:01:29,69.81,200,
10:01:31,69.8199,500,
10:01:41,69.819,100,
10:01:47,69.819,100,
10:01:51,69.82,125,
10:01:51,69.819,100,
10:01:51,69.82,300,
10:01:51,69.82,3600,
10:01:51,69.82,500,
10:01:51,69.82,1400,
10:01:51,69.82,3300,
10:01:52,69.82,1600,
10:01:53,69.82,500,
10:01:54,69.819,100,
10:01:58,69.819,100,
10:02:02,69.819,100,
10:02:05,69.81,200,
10:02:06,69.81,800,
10:02:06,69.81,200,
10:02:06,69.81,400,
10:02:06,69.81,2300,
10:02:06,69.81,300,
10:02:07,69.81,700,
10:02:20,69.79,2445,
10:02:20,69.78,100,
10:02:25,69.77,100,
10:02:26,69.77,100,
10:02:27,69.76,111,
10:02:27,69.76,500,
10:02:30,69.76,100,
10:02:35,69.76,366,
10:02:35,69.76,100,
10:02:38,69.759,100,
10:02:40,69.76,300,
10:02:40,69.76,800,
10:02:44,69.769,100,
10:02:46,69.76,300,
10:02:46,69.76,200,
10:02:46,69.76,100,
10:02:46,69.76,500,
10:02:48,69.77,500,
10:02:52,69.76,100,
10:02:54,69.7664,200,
10:02:56,69.77,200,
10:02:56,69.77,300,
10:02:56,69.77,1000,
10:02:56,69.78,300,
10:02:56,69.79,500,
10:02:56,69.79,200,
10:02:56,69.79,230,
10:02:56,69.79,1400,
10:02:56,69.79,1570,
10:02:56,69.79,200,
10:02:56,69.79,500,
10:03:00,69.81,100,
10:03:00,69.81,500,
10:03:01,69.81,100,
10:03:01,69.81,100,
10:03:04,69.81,300,
10:03:04,69.81,2400,
10:03:08,69.8043,400,
10:03:11,69.81,2100,
10:03:16,69.80,200,
10:03:16,69.80,500,
10:03:16,69.80,500,
10:03:16,69.80,3200,
10:03:21,69.80,300,
10:03:27,69.809,1100,
10:03:27,69.81,800,
10:03:27,69.81,300,
10:03:28,69.809,5000,
10:03:28,69.80,500,
10:03:33,69.80,100,
10:03:36,69.80,300,
10:03:38,69.8008,145,
10:04:00,69.80,300,
10:04:00,69.80,100,
10:04:00,69.80,100,
10:04:00,69.80,400,
10:04:00,69.80,100,
10:04:00,69.80,1529,
10:04:00,69.80,300,
10:04:00,69.80,971,
10:04:08,69.80,300,
10:04:12,69.79,300,
10:04:19,69.79,300,
10:04:21,69.80,3600,
10:04:21,69.81,200,
10:04:21,69.81,100,
10:04:21,69.80,3600,
10:04:21,69.80,100,
10:04:21,69.80,1600,
10:04:21,69.80,100,
10:04:21,69.80,300,
10:04:21,69.80,100,
10:04:21,69.81,500,
10:04:21,69.81,400,
10:04:21,69.799,1000,
10:04:22,69.81,300,
10:04:23,69.8016,1100,
10:04:27,69.81,100,
10:04:27,69.81,900,
10:04:28,69.81,300,
10:04:28,69.81,1600,
10:04:29,69.8016,1000,
10:04:36,69.82,100,
10:04:36,69.82,200,
10:04:37,69.82,800,
10:04:37,69.82,2618,
10:04:37,69.82,2682,
10:04:37,69.82,1400,
10:04:40,69.83,700,
10:04:54,69.82,500,
10:04:54,69.82,400,
10:04:54,69.82,2205,
10:04:54,69.82,200,
10:04:54,69.82,400,
10:05:02,69.82,100,
10:05:07,69.81,200,
10:05:08,69.819,100,
10:05:16,69.82,200,
10:05:16,69.82,1100,
10:05:18,69.83,500,
10:05:18,69.83,100,
10:05:18,69.83,100,
10:05:18,69.83,500,
10:05:20,69.83,400,
10:05:22,69.82,100,
10:05:23,69.82,600,
10:05:25,69.82,400,
10:05:26,69.83,400,
10:05:26,69.835,1000,
10:05:26,69.84,4500,
10:05:26,69.84,700,
10:05:26,69.83,100,
10:05:26,69.84,500,
10:05:26,69.83,100,
10:05:27,69.83,800,
10:05:33,69.82,400,
10:05:41,69.82,100,
10:05:41,69.82,400,
10:05:45,69.8265,135,
10:05:46,69.83,100,
10:05:46,69.83,300,
10:05:53,69.8399,1000,
10:05:58,69.84,636,
10:05:58,69.84,100,
10:05:58,69.84,100,
10:05:58,69.84,1400,
10:05:58,69.84,3400,
10:05:59,69.84,100,
10:06:01,69.84,300,
10:06:08,69.84,1000,
10:06:08,69.84,1600,
10:06:08,69.84,344,
10:06:08,69.84,456,
10:06:08,69.84,2600,
10:06:08,69.84,600,
10:06:08,69.84,300,
10:06:08,69.83,100,
10:06:11,69.84,100,
10:06:11,69.84,300,
10:06:13,69.84,100,
10:06:13,69.83,115,
10:06:13,69.83,315,
10:06:13,69.83,100,
10:06:19,69.83,600,
10:06:23,69.84,300,
10:06:36,69.83,100,
10:06:48,69.83,1100,
10:06:48,69.83,2100,
10:06:48,69.83,5000,
10:06:48,69.83,400,
10:07:03,69.84,300,
10:07:03,69.84,100,
10:07:03,69.84,100,
10:07:03,69.84,100,
10:07:03,69.84,2400,
10:07:03,69.84,300,
10:07:03,69.84,100,
10:07:03,69.84,100,
10:07:03,69.84,1000,
10:07:03,69.84,100,
10:07:03,69.84,1200,
10:07:05,69.84,100,
10:07:09,69.85,300,
10:07:09,69.85,500,
10:07:09,69.85,800,
10:07:09,69.85,300,
10:07:11,69.8501,500,
10:07:11,69.85,400,
10:07:13,69.85,200,
10:07:15,69.85,300,
10:07:15,69.85,200,
10:07:15,69.85,1200,
10:07:15,69.85,400,
10:07:17,69.85,200,
10:07:17,69.85,200,
10:07:18,69.85,200,
10:07:22,69.85,1900,
10:07:25,69.85,300,
10:07:25,69.84,319,
10:07:27,69.85,100,
10:07:27,69.85,2100,
10:07:27,69.86,800,
10:07:27,69.86,1600,
10:07:27,69.86,1600,
10:07:27,69.86,700,
10:07:27,69.86,1600,
10:07:27,69.86,700,
10:07:27,69.86,4300,
10:07:27,69.86,300,
10:07:27,69.86,300,
10:07:27,69.86,2800,
10:07:27,69.86,9100,
10:07:27,69.86,600,
10:07:27,69.86,10900,
10:07:27,69.86,500,
10:07:27,69.86,1000,
10:07:27,69.86,500,
10:07:27,69.86,600,
10:07:27,69.85,400,
10:07:27,69.85,600,
10:07:27,69.85,2100,
10:07:27,69.86,800,
10:07:27,69.86,800,
10:07:27,69.86,1300,
10:07:27,69.86,600,
10:07:27,69.86,200,
10:07:27,69.86,200,
10:07:27,69.86,500,
10:07:27,69.86,300,
10:07:27,69.86,1900,
10:07:27,69.86,300,
10:07:27,69.86,100,
10:07:27,69.86,100,
10:07:27,69.86,306,
10:07:27,69.86,1400,
10:07:29,69.87,200,
10:07:29,69.87,400,
10:07:31,69.87,248,
10:07:31,69.88,100,
10:07:31,69.88,800,
10:07:31,69.88,100,
10:07:31,69.89,400,
10:07:32,69.89,500,
10:07:33,69.8899,1200,
10:07:35,69.88,300,
10:07:42,69.89,100,
10:07:44,69.89,600,
10:07:44,69.8901,1400,
10:07:45,69.89,700,
10:07:49,69.89,200,
10:07:53,69.8899,100,
10:07:54,69.89,300,
10:07:57,69.8962,600,
10:08:04,69.88,500,
10:08:04,69.88,300,
10:08:04,69.88,200,
10:08:04,69.88,100,
10:08:04,69.88,360,
10:08:08,69.88,100,
10:08:11,69.88,500,
10:08:15,69.87,600,
10:08:15,69.87,300,
10:08:18,69.87,100,
10:08:20,69.87,200,
10:08:28,69.87,100,
10:08:29,69.87,200,
10:08:34,69.88,2100,
10:08:34,69.88,300,
10:08:34,69.88,500,
10:08:37,69.88,1900,
10:08:37,69.88,200,
10:08:47,69.87,500,
10:08:47,69.87,200,
10:08:52,69.86,700,
10:08:52,69.86,200,
10:08:54,69.87,200,
10:08:54,69.87,200,
10:08:54,69.88,200,
10:08:56,69.87,500,
10:08:58,69.87,100,
10:08:59,69.88,2600,
10:08:59,69.88,200,
10:09:05,69.88,200,
10:09:06,69.88,200,
10:09:08,69.88,200,
10:09:13,69.88,200,
10:09:17,69.89,200,
10:09:20,69.89,200,
10:09:41,69.88,600,
10:09:41,69.88,200,
10:09:44,69.88,200,
10:09:45,69.88,1400,
10:09:50,69.88,200,
10:09:52,69.87,100,
10:09:52,69.87,200,
10:09:52,69.87,100,
10:09:54,69.87,300,
10:09:54,69.87,700,
10:09:55,69.88,200,
10:09:56,69.88,5600,
10:09:56,69.88,700,
10:10:00,69.88,1800,
10:10:02,69.89,1300,
10:10:02,69.89,200,
10:10:02,69.89,500,
10:10:07,69.90,100,
10:10:10,69.91,200,
10:10:10,69.91,200,
10:10:12,69.92,400,
10:10:16,69.92,600,
10:10:16,69.92,100,
10:10:17,69.92,100,
10:10:17,69.92,600,
10:10:17,69.92,200,
10:10:19,69.92,200,
10:10:28,69.92,200,
10:10:29,69.93,300,
10:10:29,69.93,600,
10:10:29,69.93,500,
10:10:29,69.93,100,
10:10:30,69.93,200,
10:10:33,69.92,600,
10:10:34,69.91,200,
10:10:40,69.91,300,
10:10:40,69.91,200,
10:10:44,69.91,100,
10:10:59,69.91,200,
10:11:01,69.92,200,
10:11:01,69.91,100,
10:11:01,69.92,600,
10:11:01,69.92,600,
10:11:01,69.91,700,
10:11:01,69.92,1700,
10:11:01,69.92,3000,
10:11:01,69.91,400,
10:11:01,69.92,1600,
10:11:01,69.92,300,
10:11:01,69.92,1800,
10:11:01,69.92,8000,
10:11:01,69.92,2700,
10:11:01,69.92,3600,
10:11:01,69.92,1200,
10:11:01,69.92,500,
10:11:01,69.92,3200,
10:11:01,69.92,700,
10:11:01,69.92,800,
10:11:01,69.92,600,
10:11:01,69.92,500,
10:11:01,69.92,500,
10:11:01,69.92,4500,
10:11:01,69.92,400,
10:11:01,69.92,9100,
10:11:01,69.91,200,
10:11:01,69.92,500,
10:11:01,69.92,100,
10:11:01,69.92,200,
10:11:01,69.92,600,
10:11:01,69.92,2525,
10:11:01,69.92,400,
10:11:01,69.92,1300,
10:11:04,69.92,100,
10:11:04,69.92,200,
10:11:09,69.91,300,
10:11:09,69.91,200,
10:11:09,69.91,1400,
10:11:09,69.91,500,
10:11:09,69.91,300,
10:11:09,69.91,1100,
10:11:09,69.91,2000,
10:11:09,69.91,1500,
10:11:10,69.91,400,
10:11:15,69.91,200,
10:11:31,69.90,1500,
10:11:31,69.9001,300,
10:11:37,69.91,1100,
10:11:37,69.91,200,
10:11:43,69.92,100,
10:11:43,69.92,200,
10:12:03,69.92,200,
10:12:07,69.91,200,
10:12:11,69.91,600,
10:12:11,69.91,200,
10:12:11,69.91,100,
10:12:20,69.91,200,
10:12:24,69.90,100,
10:12:24,69.90,500,
10:12:25,69.91,400,
10:12:35,69.9099,129,
10:12:44,69.91,200,
10:12:48,69.91,200,
10:12:49,69.91,2000,
10:13:01,69.92,133,
10:13:16,69.92,300,
10:13:16,69.92,500,
10:13:16,69.92,200,
10:13:34,69.922,470,
10:13:38,69.93,300,
10:13:41,69.94,400,
10:13:41,69.94,200,
10:13:42,69.94,1400,
10:13:43,69.94,300,
10:13:48,69.9499,7979,
10:13:53,69.94,200,
10:13:55,69.94,100,
10:13:56,69.95,100,
10:13:56,69.95,900,
10:13:56,69.95,1500,
10:13:56,69.95,3500,
10:13:57,69.94,155,
10:14:12,69.95,2100,
10:14:13,69.94,600,
10:14:16,69.94,860,
10:14:18,69.94,300,
10:14:22,69.93,100,
10:14:22,69.93,200,
10:14:25,69.9301,3600,
10:14:31,69.94,100,
10:14:33,69.9392,700,
10:14:33,69.94,400,
10:14:33,69.94,200,
10:14:33,69.94,200,
10:14:48,69.9499,1200,
10:14:53,69.95,100,
10:14:53,69.95,500,
10:14:53,69.95,700,
10:14:53,69.95,600,
10:14:53,69.95,9100,
10:14:53,69.95,800,
10:14:53,69.95,3200,
10:14:53,69.95,500,
10:14:53,69.95,2500,
10:14:55,69.95,2500,
10:14:56,69.95,1000,
10:14:56,69.95,700,
10:14:56,69.95,700,
10:14:56,69.95,600,
10:14:56,69.95,9100,
10:14:56,69.95,2100,
10:14:56,69.95,800,
10:14:56,69.95,400,
10:14:58,69.95,500,
10:14:58,69.95,500,
10:14:58,69.95,9100,
10:14:58,69.95,500,
10:14:58,69.95,500,
10:14:58,69.95,800,
10:14:58,69.95,700,
10:14:58,69.95,700,
10:14:59,69.95,585,
10:14:59,69.95,400,
10:14:59,69.94,616,
10:15:03,69.95,2916,
10:15:03,69.95,200,
10:15:03,69.95,3500,
10:15:03,69.95,2100,
10:15:03,69.95,800,
10:15:03,69.95,600,
10:15:03,69.95,3100,
10:15:05,69.95,200,
10:15:05,69.95,100,
10:15:06,69.96,500,
10:15:07,69.97,100,
10:15:09,69.96,300,
10:15:14,69.96,300,
10:15:22,69.961,100,
10:15:23,69.97,400,
10:15:23,69.9692,5000,
10:15:23,69.961,100,
10:15:27,69.97,300,
10:15:27,69.97,200,
10:15:27,69.98,100,
10:15:28,69.9701,3100,
10:15:29,69.98,1000,
10:15:32,69.99,108,
10:15:32,69.99,400,
10:15:34,69.98,500,
10:15:40,69.97,100,
10:15:40,69.97,100,
10:15:40,69.97,200,
10:15:40,69.97,1000,
10:15:40,69.97,100,
10:15:40,69.97,600,
10:15:40,69.97,1000,
10:15:40,69.97,200,
10:15:40,69.97,100,
10:15:40,69.97,100,
10:15:40,69.97,200,
10:15:40,69.97,100,
10:15:40,69.96,181,
10:15:48,69.96,100,
10:15:51,69.96,197,
10:15:53,69.96,100,
10:16:01,69.97,300,
10:16:01,69.97,100,
10:16:03,69.97,300,
10:16:04,69.97,100,
10:16:13,69.98,200,
10:16:23,69.9716,161,
10:16:32,69.98,200,
10:16:48,69.96,300,
10:16:53,69.96,100,
10:17:00,69.96,100,
10:17:00,69.96,100,
10:17:04,69.96,100,
10:17:04,69.96,100,
10:17:05,69.9501,2800,
10:17:13,69.96,100,
10:17:13,69.96,100,
10:17:13,69.9501,200,
10:17:14,69.96,100,
10:17:14,69.96,200,
10:17:15,69.97,200,
10:17:21,69.97,400,
10:17:21,69.96,595,
10:17:21,69.96,200,
10:17:22,69.96,700,
10:17:22,69.96,500,
10:17:22,69.96,400,
10:17:23,69.96,800,
10:17:28,69.96,100,
10:17:28,69.96,400,
10:17:28,69.96,300,
10:17:28,69.96,400,
10:17:28,69.96,100,
10:17:36,69.95,230,
10:17:38,69.96,200,
10:17:40,69.96,100,
10:17:40,69.97,300,
10:17:41,69.96,100,
10:17:43,69.96,300,
10:17:49,69.969,3581,
10:17:51,69.97,400,
10:17:58,69.97,600,
10:18:02,69.9655,1034,
10:18:05,69.96,100,
10:18:06,69.9692,2288,
10:18:08,69.97,100,
10:18:13,69.96,100,
10:18:13,69.96,200,
10:18:15,69.97,600,
10:18:26,69.9501,110,
10:18:31,69.96,600,
10:18:31,69.96,390,
10:18:34,69.95,100,
10:18:48,69.95,800,
10:18:51,69.95,300,
10:18:51,69.95,4100,
10:18:55,69.949,200,
10:18:56,69.958,1000,
10:18:58,69.96,200,
10:19:12,69.96,100,
10:19:13,69.9473,117,
10:19:13,69.94,164,
10:19:14,69.94,300,
10:19:15,69.94,200,
10:19:16,69.9416,800,
10:19:19,69.94,200,
10:19:25,69.93,600,
10:19:25,69.93,100,
10:19:29,69.94,1500,
10:19:29,69.94,2700,
10:19:29,69.94,600,
10:19:29,69.94,200,
10:19:29,69.94,300,
10:19:29,69.94,1900,
10:19:32,69.9399,2400,
10:19:38,69.93,2100,
10:19:38,69.93,600,
10:19:38,69.93,1200,
10:19:38,69.93,100,
10:19:38,69.93,1600,
10:19:38,69.93,100,
10:19:38,69.93,800,
10:19:38,69.93,800,
10:19:38,69.93,800,
10:19:38,69.93,1000,
10:19:38,69.93,300,
10:19:38,69.93,300,
10:19:38,69.93,200,
10:19:38,69.93,800,
10:19:38,69.93,100,
10:19:38,69.93,200,
10:19:38,69.93,634,
10:19:38,69.93,9100,
10:19:38,69.93,300,
10:19:38,69.93,1000,
10:19:38,69.93,300,
10:19:38,69.93,600,
10:19:38,69.93,200,
10:19:38,69.93,1200,
10:19:38,69.93,200,
10:19:39,69.94,600,
10:19:43,69.94,500,
10:19:43,69.94,100,
10:19:43,69.94,100,
10:19:43,69.94,400,
10:19:43,69.94,600,
10:19:43,69.94,600,
10:19:43,69.94,200,
10:19:43,69.94,100,
10:19:43,69.94,2000,
10:19:43,69.94,600,
10:19:43,69.94,100,
10:19:43,69.94,800,
10:19:43,69.94,200,
10:19:48,69.94,100,
10:19:49,69.92,100,
10:19:53,69.92,200,
10:19:53,69.92,100,
10:19:53,69.92,1600,
10:19:58,69.93,100,
10:20:00,69.92,600,
10:20:00,69.92,500,
10:20:00,69.92,100,
10:20:00,69.92,3200,
10:20:00,69.92,100,
10:20:00,69.92,800,
10:20:00,69.92,1000,
10:20:00,69.92,800,
10:20:00,69.92,600,
10:20:00,69.92,600,
10:20:00,69.92,200,
10:20:00,69.92,200,
10:20:00,69.92,1600,
10:20:00,69.92,800,
10:20:00,69.92,200,
10:20:00,69.92,300,
10:20:02,69.92,200,
10:20:02,69.92,200,
10:20:02,69.92,600,
10:20:02,69.92,700,
10:20:02,69.92,500,
10:20:02,69.92,100,
10:20:02,69.92,200,
10:20:02,69.92,500,
10:20:02,69.92,1600,
10:20:02,69.92,100,
10:20:02,69.92,3200,
10:20:02,69.92,1500,
10:20:02,69.92,100,
10:20:04,69.92,400,
10:20:04,69.92,600,
10:20:04,69.92,200,
10:20:04,69.92,100,
10:20:04,69.91,296,
10:20:04,69.91,3700,
10:20:04,69.91,8000,
10:20:04,69.91,200,
10:20:04,69.91,600,
10:20:04,69.91,600,
10:20:04,69.91,200,
10:20:06,69.91,800,
10:20:06,69.91,800,
10:20:06,69.91,800,
10:20:06,69.91,3200,
10:20:06,69.91,800,
10:20:06,69.91,1600,
10:20:06,69.91,700,
10:20:06,69.91,1300,
10:20:06,69.91,200,
10:20:06,69.91,600,
10:20:08,69.92,100,
10:20:08,69.92,200,
10:20:08,69.92,1100,
10:20:08,69.92,500,
10:20:08,69.92,300,
10:20:08,69.92,300,
10:20:08,69.92,1900,
10:20:08,69.92,1000,
10:20:10,69.92,100,
10:20:13,69.91,100,
10:20:13,69.91,100,
10:20:13,69.91,100,
10:20:13,69.91,400,
10:20:13,69.91,100,
10:20:13,69.91,100,
10:20:13,69.91,100,
10:20:13,69.91,100,
10:20:13,69.91,100,
10:20:13,69.91,100,
10:20:13,69.91,100,
10:20:13,69.91,100,
10:20:13,69.91,100,
10:20:13,69.91,100,
10:20:13,69.91,100,
10:20:13,69.91,100,
10:20:13,69.91,100,
10:20:13,69.91,100,
10:20:13,69.91,100,
10:20:14,69.9116,1000,
10:20:15,69.91,2600,
10:20:15,69.91,1000,
10:20:15,69.91,800,
10:20:15,69.91,800,
10:20:15,69.91,200,
10:20:22,69.91,200,
10:20:30,69.90,1000,
10:20:30,69.90,800,
10:20:30,69.90,100,
10:20:30,69.90,300,
10:20:34,69.905,357,
10:20:53,69.90,3049,
10:21:00,69.90,200,
10:21:00,69.90,900,
10:21:00,69.90,200,
10:21:07,69.9001,4000,
10:21:13,69.90,200,
10:21:17,69.9099,200,
10:21:27,69.91,2400,
10:21:27,69.91,2100,
10:21:27,69.91,200,
10:21:27,69.91,100,
10:21:27,69.91,200,
10:21:32,69.90,200,
10:21:46,69.91,535,
10:21:50,69.92,100,
10:21:50,69.92,100,
10:21:50,69.92,100,
10:21:50,69.92,200,
10:21:50,69.92,700,
10:22:06,69.92,200,
10:22:07,69.93,200,
10:22:11,69.932,1500,
10:22:17,69.94,300,
10:22:20,69.95,1000,
10:22:36,69.93,600,
10:22:42,69.91,200,
10:22:44,69.90,200,
10:23:01,69.89,200,
10:23:01,69.89,200,
10:23:10,69.90,100,
10:23:17,69.90,100,
10:23:20,69.89,400,
10:23:20,69.89,500,
10:23:20,69.89,200,
10:23:22,69.90,200,
10:23:31,69.90,1400,
10:23:35,69.90,100,
10:23:36,69.90,200,
10:23:43,69.91,500,
10:23:53,69.91,800,
10:24:07,69.91,191,
10:24:10,69.91,150,
10:24:27,69.91,200,
10:24:44,69.91,600,
10:24:44,69.91,200,
10:24:44,69.91,200,
10:24:46,69.91,200,
10:25:04,69.9001,1265,
10:25:11,69.91,200,
10:25:12,69.92,1800,
10:25:12,69.92,100,
10:25:19,69.92,500,
10:25:19,69.92,425,
10:25:19,69.92,300,
10:25:19,69.92,100,
10:25:19,69.92,200,
10:25:19,69.92,200,
10:25:19,69.92,100,
10:25:19,69.92,1000,
10:25:21,69.93,200,
10:25:39,69.93,400,
10:25:47,69.93,300,
10:26:00,69.935,100,
10:26:09,69.94,165,
10:26:09,69.94,200,
10:26:14,69.94,100,
10:26:19,69.935,100,
10:26:34,69.92,200,
10:26:34,69.91,100,
10:26:34,69.91,3100,
10:26:34,69.90,715,
10:26:35,69.91,296,
10:26:35,69.91,300,
10:26:39,69.91,200,
10:26:43,69.90,400,
10:26:49,69.89,200,
10:26:49,69.88,200,
10:26:54,69.86,800,
10:26:54,69.86,1500,
10:26:55,69.85,100,
10:26:55,69.85,100,
10:26:55,69.85,400,
10:26:55,69.85,400,
10:26:55,69.85,600,
10:26:55,69.85,200,
10:26:55,69.85,2420,
10:26:55,69.85,300,
10:26:55,69.85,600,
10:26:55,69.85,1300,
10:26:57,69.85,500,
10:26:57,69.85,100,
10:27:04,69.86,100,
10:27:04,69.86,200,
10:27:10,69.86,100,
10:27:15,69.87,562,
10:27:15,69.87,5500,
10:27:15,69.87,4200,
10:27:15,69.87,300,
10:27:15,69.87,200,
10:27:15,69.87,100,
10:27:17,69.875,100,
10:27:19,69.88,366,
10:27:19,69.88,500,
10:27:19,69.88,300,
10:27:19,69.88,200,
10:27:19,69.88,200,
10:27:19,69.88,420,
10:27:19,69.88,1780,
10:27:19,69.88,600,
10:27:19,69.87,100,
10:27:19,69.87,400,
10:27:19,69.87,1420,
10:27:19,69.87,100,
10:27:19,69.87,1000,
10:27:19,69.87,1200,
10:27:19,69.87,400,
10:27:19,69.87,600,
10:27:19,69.87,500,
10:27:19,69.87,100,
10:27:19,69.87,100,
10:27:19,69.87,1780,
10:27:19,69.87,600,
10:27:19,69.87,800,
10:27:19,69.87,400,
10:27:20,69.879,100,
10:27:24,69.879,100,
10:27:26,69.87,500,
10:27:30,69.8701,129,
10:27:33,69.87,400,
10:27:33,69.87,100,
10:27:35,69.86,200,
10:27:41,69.88,200,
10:27:45,69.88,1780,
10:27:50,69.88,100,
10:27:50,69.88,200,
10:27:53,69.88,5000,
10:28:09,69.88,200,
10:28:10,69.89,100,
10:28:10,69.89,600,
10:28:10,69.89,100,
10:28:10,69.89,100,
10:28:16,69.88,200,
10:28:17,69.87,100,
10:28:17,69.87,1100,
10:28:19,69.87,300,
10:28:20,69.87,100,
10:28:23,69.875,325,
10:28:26,69.87,300,
10:28:31,69.86,600,
10:28:31,69.86,400,
10:28:31,69.86,300,
10:28:31,69.86,1300,
10:28:31,69.86,600,
10:28:31,69.86,100,
10:28:36,69.86,100,
10:28:36,69.86,200,
10:28:36,69.86,100,
10:28:37,69.86,500,
10:28:37,69.86,1308,
10:28:37,69.86,300,
10:28:37,69.86,100,
10:28:37,69.86,100,
10:28:37,69.86,300,
10:28:37,69.86,300,
10:28:37,69.86,300,
10:28:37,69.86,2211,
10:28:37,69.86,411,
10:28:42,69.86,100,
10:28:48,69.8601,1961,
10:28:59,69.86,400,
10:28:59,69.86,100,
10:28:59,69.86,600,
10:28:59,69.86,400,
10:28:59,69.86,3100,
10:29:01,69.8657,540,
10:29:04,69.87,100,
10:29:07,69.87,100,
10:29:10,69.87,100,
10:29:12,69.87,100,
10:29:18,69.87,100,
10:29:32,69.86,114,
10:29:32,69.86,100,
10:29:32,69.86,175,
10:29:40,69.8799,148,
10:29:40,69.88,100,
10:29:40,69.88,3200,
10:29:40,69.88,400,
10:29:40,69.88,162,
10:29:40,69.88,200,
10:29:40,69.88,800,
10:29:40,69.88,100,
10:29:40,69.88,400,
10:29:40,69.88,200,
10:29:44,69.88,100,
10:29:46,69.88,100,
10:29:48,69.87,200,
10:29:48,69.87,100,
10:29:52,69.88,100,
10:29:57,69.88,100,
10:29:59,69.88,100,
10:30:01,69.88,100,
10:30:02,69.88,100,
10:30:03,69.89,100,
10:30:08,69.89,200,
10:30:11,69.895,130,
10:30:14,69.90,600,
10:30:14,69.90,300,
10:30:14,69.90,300,
10:30:14,69.90,1800,
10:30:14,69.90,4200,
10:30:14,69.90,300,
10:30:14,69.90,400,
10:30:14,69.90,200,
10:30:14,69.90,200,
10:30:14,69.90,1500,
10:30:18,69.91,300,
10:30:18,69.91,100,
10:30:18,69.91,100,
10:30:18,69.91,500,
10:30:18,69.91,3960,
10:30:21,69.90,200,
10:30:21,69.90,3800,
10:30:21,69.90,300,
10:30:21,69.90,620,
10:30:21,69.90,100,
10:30:21,69.90,6900,
10:30:21,69.90,800,
10:30:21,69.90,100,
10:30:21,69.90,100,
10:30:21,69.90,200,
10:30:21,69.90,2100,
10:30:21,69.90,800,
10:30:21,69.90,100,
10:30:21,69.90,1600,
10:30:21,69.90,300,
10:30:21,69.90,1200,
10:30:21,69.90,400,
10:30:21,69.90,400,
10:30:21,69.90,200,
10:30:21,69.90,1100,
10:30:21,69.90,200,
10:30:21,69.90,100,
10:30:33,69.91,300,
10:30:33,69.91,400,
10:30:33,69.91,500,
10:30:33,69.91,100,
10:30:33,69.91,400,
10:30:33,69.91,400,
10:30:33,69.91,200,
10:30:33,69.91,400,
10:30:33,69.91,200,
10:30:33,69.91,600,
10:30:33,69.91,300,
10:30:34,69.91,2600,
10:30:34,69.91,200,
10:30:34,69.90,200,
10:30:37,69.91,100,
10:30:43,69.9099,3801,
10:30:44,69.91,100,
10:30:48,69.91,150,
10:30:52,69.92,300,
10:30:52,69.92,200,
10:30:52,69.92,582,
10:30:52,69.92,200,
10:30:52,69.92,1103,
10:30:56,69.91,400,
10:30:58,69.91,200,
10:31:00,69.92,100,
10:31:08,69.92,100,
10:31:14,69.92,2300,
10:31:14,69.92,4200,
10:31:14,69.92,200,
10:31:14,69.92,600,
10:31:14,69.92,100,
10:31:14,69.92,100,
10:31:14,69.92,200,
10:31:20,69.92,124,
10:31:23,69.92,600,
10:31:23,69.92,200,
10:31:25,69.92,100,
10:31:29,69.92,200,
10:31:29,69.92,200,
10:31:29,69.91,785,
10:31:37,69.91,400,
10:31:42,69.92,100,
10:31:43,69.92,100,
10:31:47,69.91,100,
10:31:48,69.92,100,
10:31:55,69.92,100,
10:31:56,69.92,100,
10:32:01,69.92,100,
10:32:02,69.92,100,
10:32:17,69.92,400,
10:32:17,69.92,332,
10:32:17,69.91,100,
10:32:18,69.92,2000,
10:32:18,69.92,100,
10:32:18,69.92,200,
10:32:19,69.92,216,
10:32:19,69.92,200,
10:32:20,69.92,200,
10:32:28,69.91,101,
10:32:35,69.912,300,
10:32:47,69.91,400,
10:32:54,69.91,200,
10:32:54,69.92,300,
10:33:07,69.90,100,
10:33:09,69.90,125,
10:33:13,69.90,1075,
10:33:13,69.90,1100,
10:33:13,69.89,400,
10:33:23,69.8801,900,
10:33:28,69.88,100,
10:33:28,69.88,100,
10:33:37,69.88,182,
10:33:41,69.8799,4600,
10:33:53,69.88,924,
10:33:56,69.88,276,
10:33:56,69.88,100,
10:34:00,69.88,2600,
10:34:00,69.89,100,
10:34:00,69.89,100,
10:34:00,69.89,600,
10:34:00,69.89,500,
10:34:00,69.89,600,
10:34:17,69.889,100,
10:34:22,69.889,100,
10:34:58,69.88,100,
10:35:26,69.89,4050,
10:35:26,69.89,200,
10:35:26,69.89,200,
10:35:36,69.89,200,
10:35:38,69.89,100,
10:35:38,69.88,500,
10:35:38,69.88,100,
10:35:41,69.89,200,
10:36:13,69.8916,700,
10:36:19,69.90,100,
10:36:19,69.90,100,
10:36:19,69.90,100,
10:36:19,69.90,200,
10:36:20,69.90,100,
10:36:39,69.891,100,
10:36:51,69.89,400,
10:36:53,69.89,200,
10:37:02,69.88,1000,
10:37:04,69.89,200,
10:37:41,69.90,300,
10:37:41,69.91,800,
10:37:41,69.91,200,
10:37:42,69.91,700,
10:38:03,69.92,200,
10:38:06,69.92,300,
10:38:18,69.92,100,
10:38:18,69.91,400,
10:38:45,69.92,300,
10:39:00,69.92,100,
10:39:04,69.92,400,
10:39:04,69.92,212,
10:39:04,69.92,300,
10:39:04,69.92,600,
10:39:04,69.92,400,
10:39:04,69.92,500,
10:39:04,69.92,200,
10:39:04,69.92,3200,
10:39:04,69.92,1688,
10:39:04,69.91,100,
10:39:04,69.91,484,
10:39:04,69.91,100,
10:39:08,69.91,190,
10:39:08,69.91,400,
10:39:08,69.915,100,
10:39:21,69.90,200,
10:39:40,69.8925,550,
10:39:48,69.89,400,
10:39:48,69.89,100,
10:39:53,69.89,300,
10:40:00,69.89,300,
10:40:05,69.8827,400,
10:40:21,69.88,100,
10:40:28,69.88,229,
10:40:28,69.88,300,
10:40:29,69.88,300,
10:40:33,69.88,100,
10:40:47,69.88,800,
10:40:53,69.8863,2000,
10:40:54,69.89,600,
10:40:54,69.89,200,
10:41:27,69.90,200,
10:41:33,69.89,300,
10:41:39,69.885,102,
10:41:40,69.89,100,
10:41:40,69.89,100,
10:41:40,69.89,200,
10:41:40,69.89,300,
10:41:40,69.89,100,
10:41:40,69.89,100,
10:41:46,69.88,300,
10:42:07,69.88,372,
10:42:08,69.885,523,
10:42:27,69.8801,181,
10:42:33,69.89,173,
10:43:20,69.90,100,
10:43:27,69.90,100,
10:43:27,69.90,600,
10:43:27,69.90,300,
10:43:36,69.91,100,
10:43:39,69.92,400,
10:43:39,69.92,100,
10:43:52,69.9199,120,
10:44:15,69.91,300,
10:44:20,69.905,200,
10:44:22,69.9017,200,
10:44:24,69.89,400,
10:44:31,69.895,175,
10:44:35,69.90,100,
10:44:40,69.89,180,
10:44:46,69.90,700,
10:44:46,69.90,800,
10:44:46,69.90,183,
10:44:50,69.90,300,
10:44:58,69.89,5600,
10:45:01,69.89,300,
10:45:02,69.90,100,
10:45:02,69.90,100,
10:45:02,69.90,100,
10:45:02,69.90,100,
10:45:02,69.90,700,
10:45:13,69.89,150,
10:45:17,69.89,300,
10:45:28,69.89,300,
10:45:28,69.90,100,
10:45:28,69.90,300,
10:45:31,69.90,600,
10:45:31,69.90,100,
10:45:37,69.90,300,
10:45:39,69.90,300,
10:45:40,69.90,300,
10:45:40,69.90,400,
10:45:40,69.91,400,
10:45:43,69.91,300,
10:45:44,69.92,100,
10:45:44,69.92,198,
10:45:46,69.93,500,
10:45:46,69.92,200,
10:45:46,69.92,335,
10:45:46,69.92,100,
10:45:46,69.91,300,
10:45:47,69.92,800,
10:45:48,69.92,700,
10:45:50,69.92,200,
10:45:50,69.92,800,
10:45:50,69.92,300,
10:45:50,69.92,100,
10:45:50,69.92,100,
10:45:53,69.92,400,
10:45:56,69.92,125,
10:45:58,69.92,800,
10:45:58,69.92,800,
10:46:00,69.93,220,
10:46:01,69.92,100,
10:46:07,69.921,100,
10:46:13,69.92,300,
10:46:13,69.91,200,
10:46:16,69.92,300,
10:46:23,69.93,500,
10:46:23,69.93,100,
10:46:23,69.93,3700,
10:46:23,69.93,500,
10:46:27,69.92,300,
10:46:27,69.92,500,
10:46:27,69.91,671,
10:46:27,69.91,100,
10:46:27,69.91,816,
10:46:34,69.917,500,
10:46:36,69.93,400,
10:46:37,69.92,600,
10:46:38,69.92,800,
10:46:43,69.92,300,
10:46:43,69.91,300,
10:46:48,69.92,800,
10:46:48,69.92,100,
10:46:48,69.92,2600,
10:46:48,69.93,100,
10:46:48,69.92,460,
10:46:48,69.92,113,
10:46:48,69.92,181,
10:46:48,69.92,700,
10:46:48,69.93,600,
10:46:48,69.93,600,
10:46:48,69.92,1100,
10:46:49,69.93,200,
10:46:49,69.93,100,
10:46:50,69.93,200,
10:46:51,69.937,1000,
10:46:51,69.93,500,
10:46:56,69.94,3700,
10:46:56,69.94,400,
10:46:56,69.94,400,
10:46:56,69.94,200,
10:46:56,69.94,200,
10:46:56,69.94,100,
10:46:56,69.9455,486,
10:46:58,69.95,2400,
10:46:58,69.95,11400,
10:46:58,69.95,100,
10:46:58,69.95,1800,
10:46:58,69.95,500,
10:46:58,69.95,220,
10:46:58,69.95,800,
10:46:58,69.95,1900,
10:46:58,69.95,1420,
10:46:58,69.95,1600,
10:46:58,69.95,420,
10:46:58,69.95,400,
10:46:58,69.95,1000,
10:46:58,69.95,1000,
10:46:58,69.95,180,
10:46:58,69.95,100,
10:46:58,69.95,576,
10:46:58,69.95,100,
10:46:58,69.95,184,
10:46:59,69.96,300,
10:47:00,69.96,1260,
10:47:00,69.96,810,
10:47:02,69.9601,300,
10:47:04,69.96,100,
10:47:04,69.96,800,
10:47:05,69.962,400,
10:47:07,69.96,200,
10:47:13,69.97,400,
10:47:15,69.97,200,
10:47:15,69.97,685,
10:47:16,69.97,100,
10:47:16,69.97,4100,
10:47:16,69.97,100,
10:47:20,69.96,300,
10:47:20,69.96,515,
10:47:21,69.96,800,
10:47:28,69.961,500,
10:47:31,69.96,212,
10:47:31,69.96,800,
10:47:31,69.96,700,
10:47:31,69.96,200,
10:47:31,69.96,400,
10:47:31,69.96,200,
10:47:36,69.952,700,
10:47:36,69.95,800,
10:47:36,69.95,6400,
10:47:36,69.95,1700,
10:47:36,69.95,100,
10:47:36,69.95,1000,
10:47:36,69.95,400,
10:47:36,69.95,1200,
10:47:36,69.95,3200,
10:47:40,69.95,100,
10:47:40,69.95,400,
10:47:40,69.95,800,
10:47:40,69.95,300,
10:47:40,69.95,600,
10:47:40,69.95,1200,
10:47:42,69.95,200,
10:47:45,69.94,200,
10:47:45,69.94,516,
10:47:49,69.94,700,
10:48:05,69.95,200,
10:48:15,69.95,150,
10:48:15,69.94,115,
10:48:57,69.93,516,
10:48:58,69.93,200,
10:49:04,69.93,200,
10:49:24,69.94,100,
10:49:24,69.94,200,
10:49:24,69.94,200,
10:49:24,69.94,700,
10:49:25,69.94,250,
10:49:35,69.95,250,
10:49:35,69.95,200,
10:49:35,69.95,200,
10:49:40,69.9545,100,
10:49:47,69.9501,700,
10:49:51,69.95,200,
10:50:00,69.95,200,
10:50:05,69.96,200,
10:50:15,69.97,500,
10:50:15,69.97,1000,
10:50:15,69.97,800,
10:50:17,69.97,200,
10:50:17,69.96,116,
10:50:17,69.96,200,
10:50:31,69.96,400,
10:50:37,69.95,616,
10:50:42,69.9599,100,
10:50:47,69.95,100,
10:51:07,69.93,1000,
10:51:19,69.94,200,
10:51:34,69.94,200,
10:51:44,69.94,100,
10:51:45,69.9401,200,
10:51:45,69.94,200,
10:52:02,69.94,100,
10:52:02,69.94,300,
10:52:08,69.95,200,
10:52:09,69.96,200,
10:52:46,69.96,200,
10:52:56,69.95,100,
10:53:00,69.96,600,
10:53:04,69.96,2800,
10:53:04,69.96,600,
10:53:12,69.96,300,
10:53:25,69.95,200,
10:53:25,69.95,584,
10:53:25,69.95,200,
10:53:30,69.94,200,
10:53:30,69.93,400,
10:53:37,69.93,400,
10:53:38,69.93,200,
10:53:46,69.93,800,
10:53:47,69.94,274,
10:53:55,69.94,257,
10:53:56,69.94,100,
10:54:01,69.9399,200,
10:54:01,69.94,100,
10:54:31,69.94,800,
10:54:31,69.94,3200,
10:54:31,69.94,200,
10:54:31,69.94,100,
10:54:36,69.94,100,
10:54:41,69.95,120,
10:54:41,69.95,100,
10:54:50,69.95,200,
10:54:53,69.95,300,
10:55:01,69.95,300,
10:55:24,69.96,200,
10:55:29,69.9599,200,
10:55:31,69.96,200,
10:55:45,69.95,100,
10:55:56,69.96,200,
10:56:04,69.95,403,
10:56:04,69.95,1000,
10:56:31,69.941,100,
10:56:39,69.95,376,
10:56:39,69.95,224,
10:56:40,69.95,400,
10:56:47,69.95,100,
10:56:57,69.95,249,
10:57:01,69.9499,800,
10:57:01,69.95,146,
10:57:11,69.96,200,
10:57:11,69.96,200,
10:57:16,69.96,100,
10:57:17,69.96,100,
10:57:20,69.95,100,
10:57:20,69.95,400,
10:57:20,69.95,100,
10:57:23,69.96,100,
10:57:26,69.96,400,
10:57:26,69.96,100,
10:57:33,69.96,100,
10:57:38,69.9501,150,
10:57:40,69.95,100,
10:57:40,69.95,146,
10:57:50,69.9423,200,
10:58:02,69.95,200,
10:58:30,69.95,111,
10:58:50,69.94,200,
10:58:50,69.93,816,
10:59:14,69.93,400,
10:59:14,69.93,200,
10:59:14,69.93,1600,
10:59:53,69.94,100,
11:00:09,69.94,1000,
11:00:13,69.942,600,
11:00:22,69.96,100,
11:00:27,69.96,200,
11:00:30,69.96,400,
11:00:30,69.96,200,
11:00:31,69.97,500,
11:00:47,69.97,400,
11:01:04,69.98,100,
11:01:04,69.98,100,
11:01:04,69.98,100,
11:01:10,69.99,700,
11:01:10,69.99,1000,
11:01:10,70,3300,
11:01:10,70,100,
11:01:10,70,100,
11:01:10,70,400,
11:01:10,70,900,
11:01:10,70,100,
11:01:10,70,1100,
11:01:10,70,200,
11:01:15,70,150,
11:01:15,70,700,
11:01:15,70,208,
11:01:15,70,500,
11:01:15,70,100,
11:01:15,70,1655,
11:01:15,70,500,
11:01:15,70.01,100,
11:01:15,70,102,
11:01:15,70,100,
11:01:15,70.03,1000,
11:01:16,70.03,100,
11:01:16,70.03,3000,
11:01:17,70.02,300,
11:01:17,70.02,100,
11:01:20,70.03,1000,
11:01:22,70.03,100,
11:01:25,70.02,400,
11:01:25,70.02,300,
11:01:25,70.02,200,
11:01:25,70.02,100,
11:01:26,70.019,500,
11:01:26,70.019,100,
11:01:35,70.02,1300,
11:01:35,70.02,4200,
11:01:35,70.02,800,
11:01:35,70.02,100,
11:01:35,70.02,200,
11:01:37,70.02,600,
11:01:37,70.02,3600,
11:01:40,70.02,1700,
11:01:44,70.02,200,
11:01:49,70.02,1500,
11:01:49,70.02,600,
11:01:51,70.01,615,
11:01:55,70.0101,175,
11:02:00,70.012,100,
11:02:11,70.01,300,
11:02:13,70.01,100,
11:02:13,70.01,100,
11:02:18,70,200,
11:02:22,70,100,
11:02:22,70,400,
11:02:22,70,600,
11:02:22,70,100,
11:02:22,70,1000,
11:02:23,69.9917,1000,
11:02:24,70,200,
11:02:30,70.01,100,
11:02:30,70.01,200,
11:02:31,70.0099,100,
11:02:38,70.0089,150,
11:02:47,70.0037,300,
11:02:51,70.01,370,
11:02:53,70.0038,100,
11:02:56,70.01,300,
11:03:04,70.01,200,
11:03:23,70.0117,500,
11:03:24,70.02,10134,
11:03:24,70.02,1766,
11:03:24,70.02,1200,
11:03:25,70.03,200,
11:03:25,70.03,600,
11:03:25,70.039,285,
11:03:28,70.04,25000,
11:03:28,70.04,600,
11:03:28,70.04,500,
11:03:33,70.039,500,
11:03:35,70.039,200,
11:03:38,70.04,200,
11:03:40,70.039,300,
11:03:42,70.04,100,
11:03:52,70.03,100,
11:03:52,70.03,200,
11:03:52,70.03,100,
11:03:52,70.03,100,
11:03:52,70.03,100,
11:03:52,70.029,400,
11:03:55,70.02,200,
11:03:55,70.02,300,
11:04:08,70.02,100,
11:04:08,70.02,100,
11:04:37,70.01,200,
11:04:42,70.02,1300,
11:04:42,70.02,500,
11:04:42,70.02,800,
11:04:42,70.02,3200,
11:04:42,70.02,200,
11:04:42,70.02,700,
11:04:42,70.02,100,
11:05:00,70.019,100,
11:05:01,70.02,113,
11:05:01,70.02,100,
11:05:01,70.02,100,
11:05:01,70.02,100,
11:05:01,70.02,200,
11:05:03,70.0199,200,
11:05:03,70.02,100,
11:05:05,70.0199,100,
11:05:08,70.02,200,
11:05:13,70.01,100,
11:05:13,70.01,100,
11:05:13,70.01,100,
11:05:13,70.01,100,
11:05:13,70.01,100,
11:05:13,70.01,100,
11:05:13,70.01,100,
11:05:13,70.01,100,
11:05:13,70.01,700,
11:05:13,70.01,600,
11:05:18,70.02,100,
11:05:18,70.02,100,
11:05:19,70.02,100,
11:05:33,70.02,700,
11:05:33,70.02,1000,
11:05:33,70.02,400,
11:05:33,70.02,800,
11:05:33,70.02,100,
11:05:33,70.02,100,
11:05:33,70.02,100,
11:05:33,70.02,300,
11:05:33,70.02,300,
11:05:33,70.02,600,
11:05:34,70.0184,200,
11:05:39,70.02,300,
11:05:39,70.02,700,
11:05:39,70.02,3400,
11:05:47,70.02,100,
11:05:47,70.02,200,
11:05:47,70.01,146,
11:05:51,70.02,300,
11:06:05,70.0299,102,
11:06:10,70.03,200,
11:06:10,70.03,100,
11:06:18,70.04,163,
11:06:18,70.04,1700,
11:06:18,70.04,349,
11:06:21,70.05,800,
11:06:21,70.05,500,
11:06:21,70.05,600,
11:06:21,70.05,309,
11:06:21,70.06,200,
11:06:21,70.06,1300,
11:06:21,70.06,100,
11:06:21,70.06,815,
11:06:21,70.06,700,
11:06:21,70.06,100,
11:06:21,70.06,100,
11:06:21,70.06,2700,
11:06:21,70.07,400,
11:06:22,70.0683,350,
11:06:22,70.06,1100,
11:06:22,70.05,816,
11:06:24,70.06,318,
11:06:25,70.051,2500,
11:06:35,70.06,400,
11:06:35,70.06,300,
11:06:40,70.06,300,
11:06:46,70.06,400,
11:06:49,70.05,206,
11:06:54,70.05,1000,
11:06:54,70.05,5000,
11:06:54,70.05,800,
11:06:54,70.05,100,
11:06:54,70.05,400,
11:06:54,70.05,100,
11:06:54,70.05,100,
11:06:54,70.05,100,
11:06:54,70.05,100,
11:06:54,70.05,300,
11:06:54,70.04,416,
11:06:54,70.04,300,
11:06:54,70.05,600,
11:06:54,70.05,590,
11:06:54,70.05,500,
11:07:11,70.04,315,
11:07:11,70.04,400,
11:07:11,70.04,1000,
11:07:11,70.04,100,
11:07:12,70.04,3500,
11:07:13,70.04,300,
11:07:14,70.04,100,
11:07:14,70.04,300,
11:07:14,70.049,300,
11:07:15,70.049,100,
11:07:18,70.04,100,
11:07:26,70.04,400,
11:07:41,70.04,100,
11:07:57,70.03,136,
11:08:03,70.03,100,
11:08:06,70.03,100,
11:08:06,70.03,100,
11:08:08,70.035,100,
11:08:09,70.03,100,
11:08:09,70.03,100,
11:08:10,70.039,100,
11:08:11,70.04,100,
11:08:12,70.03,100,
11:08:13,70.04,700,
11:08:13,70.04,400,
11:08:13,70.04,100,
11:08:13,70.04,700,
11:08:13,70.04,100,
11:08:13,70.04,100,
11:08:13,70.04,300,
11:08:13,70.05,400,
11:08:14,70.045,100,
11:08:14,70.04,700,
11:08:14,70.04,600,
11:08:14,70.03,100,
11:08:20,70.0416,500,
11:08:22,70.0413,500,
11:08:33,70.04,100,
11:08:33,70.04,100,
11:08:33,70.04,100,
11:08:33,70.04,1200,
11:08:33,70.04,100,
11:08:33,70.04,100,
11:09:03,70.03,200,
11:09:18,70.0316,700,
11:09:33,70.03,100,
11:09:33,70.03,202,
11:09:33,70.03,100,
11:09:33,70.03,100,
11:09:33,70.03,100,
11:09:33,70.03,100,
11:09:33,70.02,215,
11:09:33,70.02,200,
11:09:33,70.03,100,
11:09:33,70.03,100,
11:09:33,70.029,100,
11:09:37,70.02,200,
11:09:45,70.03,100,
11:09:58,70.031,100,
11:10:00,70.03,200,
11:10:09,70.04,100,
11:10:16,70.049,4600,
11:10:16,70.049,4700,
11:10:22,70.05,10000,
11:10:31,70.05,300,
11:10:34,70.05,200,
11:10:35,70.05,400,
11:10:35,70.05,1067,
11:10:35,70.05,133,
11:10:41,70.05,200,
11:10:45,70.05,100,
11:10:52,70.049,300,
11:10:55,70.045,1052,
11:11:00,70.05,400,
11:11:00,70.05,100,
11:11:02,70.05,100,
11:11:02,70.05,400,
11:11:02,70.06,100,
11:11:02,70.06,6000,
11:11:02,70.06,400,
11:11:16,70.06,100,
11:11:21,70.05,200,
11:11:29,70.05,900,
11:11:29,70.0599,700,
11:11:29,70.0599,200,
11:11:29,70.0599,500,
11:11:29,70.0599,500,
11:11:29,70.0599,200,
11:11:30,70.0562,200,
11:11:30,70.0599,500,
11:11:33,70.05,200,
11:11:33,70.05,100,
11:11:33,70.05,300,
11:11:33,70.05,100,
11:11:33,70.05,100,
11:11:34,70.05,100,
11:11:34,70.05,100,
11:11:34,70.05,100,
11:11:34,70.04,616,
11:11:34,70.05,100,
11:11:34,70.05,400,
11:11:34,70.05,200,
11:11:34,70.05,100,
11:11:41,70.0499,400,
11:11:41,70.05,100,
11:11:51,70.05,1500,
11:11:54,70.0493,142,
11:12:00,70.05,130,
11:12:28,70.05,200,
11:12:47,70.04,1100,
11:12:47,70.04,984,
11:12:47,70.04,100,
11:12:47,70.04,100,
11:12:47,70.04,100,
11:12:47,70.04,100,
11:12:47,70.04,100,
11:12:47,70.04,100,
11:12:47,70.04,100,
11:12:47,70.04,200,
11:12:47,70.04,100,
11:12:47,70.04,100,
11:12:47,70.04,100,
11:12:47,70.04,100,
11:12:47,70.04,100,
11:12:47,70.04,100,
11:12:47,70.04,800,
11:12:47,70.04,200,
11:12:53,70.04,300,
11:13:05,70.04,1200,
11:13:05,70.04,1300,
11:13:05,70.04,200,
11:13:05,70.04,6300,
11:13:05,70.04,600,
11:13:05,70.04,500,
11:13:05,70.04,3200,
11:13:05,70.04,100,
11:13:05,70.04,1000,
11:13:05,70.04,2500,
11:13:05,70.04,800,
11:13:05,70.05,500,
11:13:17,70.04,100,
11:13:17,70.04,400,
11:13:17,70.04,300,
11:13:17,70.04,484,
11:13:17,70.04,5900,
11:13:17,70.04,100,
11:13:17,70.04,100,
11:13:17,70.04,100,
11:13:17,70.04,100,
11:13:34,70.03,100,
11:13:44,70.03,400,
11:13:47,70.03,100,
11:13:47,70.03,100,
11:13:47,70.03,100,
11:13:55,70.04,100,
11:14:07,70.03,200,
11:14:09,70.0301,3000,
11:14:12,70.03,100,
11:14:12,70.03,100,
11:14:12,70.03,200,
11:14:12,70.03,100,
11:14:12,70.03,100,
11:14:12,70.03,100,
11:14:12,70.03,100,
11:14:12,70.03,200,
11:14:12,70.02,585,
11:14:26,70.03,1600,
11:14:26,70.03,1900,
11:14:26,70.03,765,
11:14:26,70.03,300,
11:14:26,70.03,4300,
11:14:26,70.03,200,
11:14:34,70.03,732,
11:14:34,70.03,368,
11:14:34,70.03,100,
11:14:34,70.03,100,
11:14:34,70.03,100,
11:14:34,70.03,100,
11:14:34,70.03,200,
11:14:36,70.02,11400,
11:14:36,70.02,100,
11:14:36,70.02,2400,
11:14:36,70.02,5400,
11:14:36,70.02,900,
11:14:36,70.02,2400,
11:14:36,70.03,100,
11:15:00,70.029,100,
11:15:01,70.03,900,
11:15:01,70.03,5400,
11:15:10,70.029,100,
11:15:11,70.03,900,
11:15:17,70.02,181,
11:15:17,70.03,100,
11:15:23,70.02,400,
11:15:29,70.03,139,
11:15:29,70.03,1000,
11:15:29,70.03,200,
11:15:29,70.03,500,
11:15:29,70.04,200,
11:15:29,70.04,100,
11:15:29,70.04,100,
11:15:29,70.04,600,
11:15:29,70.04,1200,
11:15:32,70.03,100,
11:15:37,70.03,200,
11:15:40,70.04,300,
11:15:40,70.04,100,
11:15:43,70.04,200,
11:15:51,70.04,100,
11:15:51,70.0499,100,
11:16:15,70.05,100,
11:16:28,70.05,122,
11:16:37,70.0401,900,
11:16:49,70.05,300,
11:16:56,70.04,3600,
11:17:04,70.05,100,
11:17:08,70.059,100,
11:17:08,70.05,100,
11:17:08,70.055,100,
11:17:08,70.05,100,
11:17:08,70.05,100,
11:17:08,70.05,100,
11:17:20,70.07,700,
11:17:21,70.06,300,
11:17:21,70.06,100,
11:17:21,70.06,100,
11:17:21,70.06,300,
11:17:21,70.06,100,
11:17:21,70.06,100,
11:17:33,70.05,400,
11:17:33,70.05,200,
11:17:37,70.05,345,
11:17:38,70.05,100,
11:17:41,70.06,300,
11:17:57,70.06,745,
11:17:57,70.07,100,
11:18:00,70.06,200,
11:18:04,70.07,100,
11:18:08,70.07,100,
11:18:08,70.07,700,
11:18:08,70.07,600,
11:18:08,70.07,600,
11:18:08,70.07,350,
11:18:08,70.07,500,
11:18:08,70.07,2400,
11:18:08,70.07,700,
11:18:08,70.07,8400,
11:18:08,70.07,3200,
11:18:08,70.07,1800,
11:18:08,70.07,2000,
11:18:08,70.07,200,
11:18:08,70.07,2100,
11:18:08,70.07,800,
11:18:08,70.07,400,
11:18:08,70.07,200,
11:18:08,70.07,100,
11:18:08,70.07,700,
11:18:08,70.07,394,
11:18:08,70.07,1800,
11:18:08,70.07,700,
11:18:08,70.07,600,
11:18:08,70.07,100,
11:18:08,70.07,100,
11:18:11,70.07,500,
11:18:11,70.07,100,
11:18:12,70.07,100,
11:18:12,70.07,600,
11:18:12,70.07,800,
11:18:12,70.07,100,
11:18:12,70.07,1400,
11:18:13,70.07,300,
11:18:17,70.07,100,
11:18:17,70.07,100,
11:18:26,70.0699,4000,
11:18:51,70.07,800,
11:18:54,70.08,300,
11:19:01,70.0792,120,
11:19:07,70.08,100,
11:19:09,70.075,100,
11:19:09,70.07,100,
11:19:10,70.07,125,
11:19:10,70.07,300,
11:19:10,70.07,300,
11:19:10,70.07,100,
11:19:10,70.07,100,
11:19:10,70.07,100,
11:19:10,70.07,200,
11:19:10,70.07,100,
11:19:16,70.06,100,
11:19:16,70.06,100,
11:19:16,70.06,100,
11:19:16,70.06,100,
11:19:16,70.06,600,
11:19:16,70.06,1900,
11:19:16,70.06,100,
11:19:16,70.06,300,
11:19:16,70.06,100,
11:19:16,70.06,600,
11:19:16,70.06,1900,
11:19:16,70.06,100,
11:19:16,70.06,100,
11:19:16,70.06,400,
11:19:16,70.06,170,
11:19:16,70.06,130,
11:19:30,70.06,100,
11:19:43,70.06,200,
11:19:43,70.06,200,
11:19:43,70.06,200,
11:19:43,70.06,200,
11:19:43,70.06,200,
11:19:43,70.06,200,
11:19:43,70.06,200,
11:19:43,70.06,200,
11:19:47,70.0699,430,
11:20:03,70.06,100,
11:20:03,70.06,800,
11:20:03,70.06,1800,
11:20:08,70.07,230,
11:20:08,70.07,1900,
11:20:15,70.0696,750,
11:20:20,70.07,164,
11:20:21,70.07,300,
11:20:21,70.07,100,
11:20:22,70.07,100,
11:20:26,70.07,100,
11:20:33,70.07,100,
11:20:33,70.07,100,
11:20:33,70.07,100,
11:20:40,70.061,1200,
11:20:42,70.07,300,
11:20:42,70.07,100,
11:20:42,70.07,200,
11:20:44,70.07,300,
11:20:44,70.07,100,
11:20:44,70.07,100,
11:20:45,70.07,100,
11:20:52,70.06,100,
11:20:52,70.06,300,
11:20:52,70.06,100,
11:20:55,70.06,100,
11:20:59,70.06,200,
11:20:59,70.06,100,
11:20:59,70.06,100,
11:20:59,70.05,215,
11:20:59,70.05,200,
11:20:59,70.06,200,
11:20:59,70.06,100,
11:21:05,70.06,169,
11:21:08,70.069,100,
11:21:22,70.07,100,
11:21:37,70.07,300,
11:21:42,70.07,200,
11:21:42,70.07,100,
11:21:42,70.07,100,
11:21:42,70.07,200,
11:21:44,70.06,100,
11:22:01,70.0655,1500,
11:22:08,70.065,300,
11:22:10,70.0684,400,
11:22:14,70.069,1500,
11:22:24,70.06,295,
11:22:24,70.06,100,
11:22:25,70.06,200,
11:22:27,70.05,162,
11:22:32,70.06,200,
11:22:38,70.06,100,
11:22:38,70.06,800,
11:22:38,70.06,100,
11:22:38,70.06,300,
11:22:38,70.06,500,
11:22:38,70.06,700,
11:22:38,70.06,100,
11:22:38,70.06,100,
11:22:38,70.06,100,
11:22:44,70.06,1000,
11:22:44,70.06,1327,
11:22:44,70.06,300,
11:22:44,70.06,132,
11:22:49,70.06,300,
11:22:49,70.06,200,
11:22:50,70.07,100,
11:22:57,70.06,100,
11:22:57,70.06,300,
11:22:57,70.0601,300,
11:22:59,70.0627,416,
11:23:05,70.06,100,
11:23:05,70.06,100,
11:23:08,70.05,100,
11:23:08,70.05,900,
11:23:08,70.05,4200,
11:23:12,70.05,100,
11:23:13,70.05,100,
11:23:13,70.05,100,
11:23:13,70.05,100,
11:23:13,70.0516,150,
11:23:13,70.05,1000,
11:23:13,70.05,400,
11:23:13,70.05,3600,
11:23:13,70.05,119,
11:23:13,70.05,100,
11:23:13,70.05,100,
11:23:14,70.05,300,
11:23:16,70.05,100,
11:23:24,70.05,100,
11:23:25,70.0401,100,
11:23:41,70.04,200,
11:23:44,70.04,100,
11:23:44,70.04,400,
11:23:44,70.04,100,
11:23:44,70.04,100,
11:23:44,70.04,100,
11:23:45,70.04,100,
11:23:45,70.0301,1700,
11:23:49,70.0301,200,
11:23:49,70.03,100,
11:23:49,70.0317,300,
11:23:49,70.03,100,
11:23:49,70.03,300,
11:23:49,70.03,800,
11:23:49,70.03,2100,
11:23:49,70.03,100,
11:23:49,70.03,700,
11:23:49,70.03,500,
11:23:49,70.03,500,
11:23:49,70.03,400,
11:23:49,70.03,300,
11:23:49,70.03,1000,
11:23:50,70.02,148,
11:23:50,70.03,336,
11:23:54,70.03,300,
11:23:54,70.03,100,
11:23:54,70.03,1600,
11:23:54,70.03,1000,
11:23:54,70.03,100,
11:23:54,70.03,300,
11:23:54,70.03,100,
11:23:56,70.03,100,
11:23:56,70.03,300,
11:23:56,70.03,364,
11:23:57,70.03,400,
11:23:57,70.03,800,
11:23:57,70.03,264,
11:23:57,70.03,4000,
11:23:57,70.03,600,
11:23:57,70.03,800,
11:23:57,70.03,200,
11:23:58,70.03,300,
11:23:58,70.03,191,
11:23:58,70.03,100,
11:23:58,70.03,400,
11:23:58,70.03,2100,
11:23:58,70.03,500,
11:23:58,70.03,744,
11:23:58,70.03,264,
11:24:00,70.03,200,
11:24:02,70.035,700,
11:24:13,70.032,474,
11:24:19,70.0399,250,
11:24:21,70.04,500,
11:24:21,70.04,300,
11:24:22,70.0401,4000,
11:24:27,70.04,100,
11:24:31,70.04,100,
11:24:32,70.04,200,
11:24:32,70.04,100,
11:24:32,70.04,100,
11:24:42,70.03,100,
11:24:42,70.03,100,
11:24:42,70.03,300,
11:24:46,70.0301,125,
11:24:48,70.04,300,
11:24:57,70.04,100,
11:25:05,70.032,1700,
11:25:09,70.04,100,
11:25:10,70.04,200,
11:25:10,70.04,300,
11:25:18,70.05,353,
11:25:18,70.05,600,
11:25:23,70.05,200,
11:25:23,70.05,1300,
11:25:29,70.05,300,
11:25:32,70.05,200,
11:25:32,70.06,100,
11:25:39,70.0501,100,
11:25:47,70.05,200,
11:25:47,70.05,100,
11:25:47,70.05,100,
11:25:47,70.05,100,
11:25:54,70.05,200,
11:26:13,70.04,200,
11:26:13,70.04,300,
11:26:13,70.04,100,
11:26:22,70.04,265,
11:26:26,70.0438,100,
11:26:47,70.04,500,
11:26:47,70.04,100,
11:27:01,70.0301,200,
11:27:01,70.0301,200,
11:27:02,70.03,100,
11:27:05,70.03,100,
11:27:06,70.04,228,
11:27:06,70.0392,2300,
11:27:07,70.04,200,
11:27:07,70.04,300,
11:27:07,70.04,100,
11:27:09,70.04,100,
11:27:14,70.04,100,
11:27:14,70.04,100,
11:27:35,70.04,200,
11:27:36,70.039,100,
11:27:39,70.03,100,
11:27:41,70.03,100,
11:27:49,70.035,100,
11:27:49,70.035,100,
11:27:49,70.035,100,
11:27:50,70.04,100,
11:27:50,70.04,200,
11:27:51,70.035,100,
11:27:54,70.049,100,
11:27:55,70.04,300,
11:27:55,70.04,200,
11:27:55,70.04,100,
11:27:55,70.04,200,
11:27:55,70.04,300,
11:27:55,70.04,100,
11:27:55,70.04,100,
11:27:55,70.045,100,
11:27:55,70.04,100,
11:27:55,70.04,200,
11:27:55,70.04,100,
11:28:01,70.035,100,
11:28:07,70.03,100,
11:28:08,70.03,100,
11:28:08,70.03,100,
11:28:08,70.0225,100,
11:28:12,70.025,100,
11:28:30,70.02,6100,
11:28:30,70.02,107,
11:28:30,70.02,600,
11:28:30,70.02,500,
11:28:30,70.02,1900,
11:28:30,70.02,1800,
11:28:30,70.02,6300,
11:28:30,70.02,100,
11:28:30,70.02,100,
11:28:30,70.02,200,
11:28:30,70.02,200,
11:28:30,70.01,100,
11:28:30,70.01,400,
11:28:30,70.015,100,
11:28:31,70.02,200,
11:28:32,70.02,900,
11:28:32,70.02,1140,
11:28:32,70.02,900,
11:28:32,70.02,900,
11:28:32,70.015,300,
11:28:32,70.015,100,
11:28:32,70.02,200,
11:28:35,70.0216,300,
11:28:35,70.02,240,
11:28:35,70.02,300,
11:28:35,70.02,200,
11:28:35,70.02,200,
11:28:35,70.02,200,
11:28:46,70.01,200,
11:29:05,70.01,200,
11:29:07,70.01,500,
11:29:08,70.01,100,
11:29:08,70.01,100,
11:29:08,70.01,200,
11:29:08,70.01,200,
11:29:09,70.01,100,
11:29:10,70.01,400,
11:29:10,70.01,100,
11:29:10,70.01,100,
11:29:10,70.01,100,
11:29:10,70.01,100,
11:29:10,70.01,100,
11:29:10,70.01,200,
11:29:13,70.01,200,
11:29:15,70.01,400,
11:29:23,70.0016,1800,
11:29:30,70,200,
11:29:31,70.0083,200,
11:29:33,70,106,
11:29:33,70,294,
11:29:33,70,100,
11:29:33,70,200,
11:29:33,70,100,
11:29:40,70,2700,
11:29:40,70,100,
11:29:40,70,400,
11:29:40,70,400,
11:29:40,70,200,
11:29:40,70,200,
11:29:40,70,200,
11:29:42,70,200,
11:29:48,70.0003,2700,
11:29:50,70,100,
11:29:55,70,2700,
11:29:55,70,1200,
11:29:55,70,100,
11:29:55,70,300,
11:29:55,70,200,
11:29:55,70,300,
11:29:55,70,2400,
11:31:02,70,6000,
11:31:02,70,100,
11:31:02,70,100,
11:31:02,70,900,
11:31:05,70,3863,
11:31:07,70,300,
11:31:07,70.01,100,
11:31:17,70.0083,350,
11:31:23,70.01,100,
11:32:04,70.0017,500,
11:32:14,70.008,400,
11:32:17,70.01,100,
11:32:17,70.01,400,
11:32:17,70.01,300,
11:32:18,70.01,100,
11:32:18,70.01,100,
11:32:22,70.02,100,
11:32:35,70.02,1000,
11:32:35,70.02,300,
11:32:36,70.02,100,
11:32:37,70.03,100,
11:32:41,70.02,100,
11:32:41,70.02,200,
11:32:46,70.03,147,
11:32:49,70.03,100,
11:32:55,70.02,100,
11:32:55,70.02,300,
11:32:55,70.02,100,
11:32:55,70.02,100,
11:32:55,70.02,100,
11:33:02,70.019,100,
11:33:13,70.02,300,
11:33:13,70.03,100,
11:33:45,70.02,100,
11:33:45,70.02,300,
11:33:45,70.02,100,
11:33:45,70.02,200,
11:33:45,70.02,100,
11:33:52,70.0199,142,
11:33:55,70.01,400,
11:33:55,70.01,700,
11:33:55,70.01,2300,
11:33:55,70.01,600,
11:33:55,70.01,800,
11:33:55,70.01,300,
11:33:55,70.01,1000,
11:33:55,70.01,300,
11:33:55,70.01,200,
11:33:57,70.02,600,
11:33:59,70.019,200,
11:34:04,70.02,200,
11:34:07,70.02,100,
11:34:16,70.01,800,
11:34:16,70.01,2000,
11:34:16,70.01,100,
11:34:16,70.01,1000,
11:34:16,70.01,800,
11:34:16,70.01,1000,
11:34:16,70.01,800,
11:34:16,70.01,100,
11:34:16,70.01,800,
11:34:16,70.01,300,
11:34:16,70.01,1900,
11:34:16,70.01,800,
11:34:16,70.01,100,
11:34:16,70.01,400,
11:34:16,70.01,600,
11:34:16,70.01,100,
11:34:16,70.01,500,
11:34:16,70.01,200,
11:34:16,70.01,200,
11:34:17,70.02,300,
11:34:17,70.02,100,
11:34:17,70.02,400,
11:34:17,70.02,400,
11:34:22,70.02,100,
11:34:36,70.01,100,
11:34:37,70,1700,
11:34:45,70.005,100,
11:34:45,70,200,
11:34:46,70.01,400,
11:34:46,70.01,254,
11:34:46,70.01,300,
11:34:46,70.01,200,
11:34:46,70.01,100,
11:34:47,70.02,100,
11:34:48,70.0101,200,
11:34:52,70.02,100,
11:34:52,70.02,1000,
11:34:52,70.02,900,
11:34:57,70.02,100,
11:35:12,70.01,200,
11:35:12,70.01,300,
11:35:12,70.01,800,
11:35:12,70.01,500,
11:35:12,70.01,1600,
11:35:12,70.01,100,
11:35:12,70.01,200,
11:35:12,70.01,500,
11:35:14,70.02,200,
11:35:17,70.02,100,
11:35:27,70.01,100,
11:35:27,70.01,100,
11:35:27,70.01,100,
11:35:27,70.01,200,
11:35:27,70.01,100,
11:35:41,70.01,200,
11:35:48,70.02,100,
11:35:49,70.01,300,
11:35:50,70.01,3100,
11:35:50,70.01,700,
11:35:50,70.01,200,
11:35:50,70.01,100,
11:35:50,70.01,700,
11:35:50,70.01,300,
11:35:50,70.01,100,
11:35:50,70.01,200,
11:35:50,70.01,300,
11:35:50,70.01,200,
11:35:50,70.01,300,
11:35:50,70.01,100,
11:35:50,70.01,100,
11:35:51,70.01,100,
11:35:52,70.01,100,
11:35:52,70.01,100,
11:35:52,70.01,100,
11:35:54,70.01,100,
11:35:55,70.01,160,
11:35:55,70.01,160,
11:35:55,70.01,160,
11:35:57,70.01,100,
11:35:59,70.01,100,
11:36:10,70.009,100,
11:36:17,70.01,500,
11:36:17,70.01,100,
11:36:22,70.01,647,
11:36:29,70,400,
11:36:29,70,200,
11:36:32,70.01,100,
11:36:43,70.0084,1000,
11:36:52,70.01,200,
11:37:21,70.01,175,
11:37:26,70.01,676,
11:37:26,70.01,400,
11:37:26,70.01,100,
11:37:26,70.01,400,
11:37:26,70.01,200,
11:37:26,70,200,
11:37:31,70.01,200,
11:37:45,70.019,100,
11:37:46,70.01,500,
11:37:46,70.01,547,
11:37:46,70.01,200,
11:37:46,70.01,200,
11:37:46,70.01,200,
11:37:46,70.01,700,
11:37:47,70.01,100,
11:38:08,70.01,200,
11:38:10,70.019,100,
11:38:27,70.02,500,
11:38:30,70.0182,100,
11:38:53,70.0168,250,
11:38:57,70.01,100,
11:39:07,70.02,100,
11:39:07,70.02,100,
11:39:18,70.0168,150,
11:39:33,70.01,200,
11:39:44,70.01,400,
11:39:52,70.01,400,
11:39:52,70.01,100,
11:39:52,70.01,200,
11:39:52,70.01,200,
11:39:55,70.01,200,
11:40:13,70,100,
11:40:26,70.01,100,
11:40:35,70.01,200,
11:41:10,70.01,400,
11:41:10,70.01,100,
11:41:10,70,100,
11:41:10,70,700,
11:41:10,70.01,200,
11:41:13,70.01,100,
11:41:14,70,100,
11:41:14,70,100,
11:41:14,70,100,
11:41:14,70,100,
11:41:14,70,200,
11:41:14,70,100,
11:41:32,70,100,
11:41:32,70,100,
11:41:45,70.01,224,
11:41:53,70,400,
11:41:59,70,200,
11:41:59,70,100,
11:41:59,70,300,
11:41:59,70,200,
11:41:59,70,100,
11:42:06,69.99,100,
11:42:06,69.99,400,
11:42:12,70,100,
11:42:12,70,100,
11:42:12,70,300,
11:42:19,70,900,
11:42:25,69.9999,3675,
11:42:53,69.9901,100,
11:42:56,70,100,
11:42:56,70,300,
11:43:16,70,800,
11:43:17,70,118,
11:43:18,70,765,
11:43:19,70,100,
11:43:19,70,617,
11:43:21,70,109,
11:43:35,70,100,
11:43:46,69.99,215,
11:43:50,69.99,100,
11:43:50,69.99,100,
11:43:50,69.99,100,
11:43:50,69.99,200,
11:43:50,69.99,200,
11:43:51,69.99,200,
11:43:51,69.99,100,
11:43:51,69.99,200,
11:43:51,69.99,300,
11:43:51,69.99,100,
11:43:51,69.99,100,
11:43:51,69.99,100,
11:43:52,69.98,100,
11:44:01,69.9899,100,
11:44:01,69.9899,100,
11:44:02,69.989,200,
11:44:06,69.981,3225,
11:44:09,69.9899,100,
11:44:12,69.98,570,
11:44:13,69.99,1000,
11:44:15,69.98,200,
11:44:17,69.98,100,
11:44:17,69.98,900,
11:44:17,69.98,200,
11:44:17,69.98,4000,
11:44:17,69.98,200,
11:44:18,69.98,100,
11:44:28,69.98,100,
11:44:40,69.97,700,
11:44:40,69.97,200,
11:44:40,69.97,200,
11:44:40,69.97,100,
11:44:40,69.96,1600,
11:44:40,69.96,1000,
11:44:40,69.97,300,
11:44:41,69.97,100,
11:44:41,69.96,300,
11:44:48,69.97,100,
11:44:48,69.97,200,
11:44:48,69.97,200,
11:44:48,69.9699,100,
11:44:49,69.97,100,
11:45:01,69.97,200,
11:45:02,69.96,100,
11:45:02,69.96,700,
11:45:02,69.96,7500,
11:45:02,69.96,100,
11:45:02,69.96,200,
11:45:02,69.96,100,
11:45:02,69.96,100,
11:45:02,69.95,300,
11:45:02,69.95,300,
11:45:02,69.95,226,
11:45:02,69.95,100,
11:45:03,69.94,100,
11:45:15,69.95,600,
11:45:15,69.95,300,
11:45:23,69.96,200,
11:45:27,69.955,800,
11:45:27,69.955,800,
11:45:43,69.955,1000,
11:45:56,69.96,200,
11:45:58,69.96,255,
11:46:03,69.96,200,
11:46:05,69.95,600,
11:46:08,69.96,100,
11:46:08,69.96,200,
11:46:08,69.96,300,
11:46:08,69.96,300,
11:46:08,69.96,200,
11:46:09,69.97,300,
11:46:10,69.98,200,
11:46:17,69.98,200,
11:46:17,69.98,100,
11:46:17,69.98,100,
11:46:20,69.98,100,
11:46:21,69.985,100,
11:46:28,69.99,100,
11:46:43,69.9817,1000,
11:46:51,69.98,100,
11:46:51,69.98,100,
11:46:51,69.98,100,
11:46:51,69.98,100,
11:46:51,69.98,200,
11:46:53,69.97,100,
11:46:53,69.97,1514,
11:46:53,69.97,300,
11:46:53,69.97,200,
11:46:53,69.97,100,
11:46:53,69.97,100,
11:46:53,69.97,200,
11:46:54,69.97,100,
11:47:40,69.97,154,
11:47:40,69.97,100,
11:47:41,69.97,400,
11:47:41,69.97,200,
11:47:42,69.97,100,
11:47:51,69.96,1000,
11:47:51,69.97,100,
11:47:54,69.97,400,
11:48:05,69.97,300,
11:48:13,69.98,4660,
11:48:22,69.97,2360,
11:48:22,69.97,100,
11:48:22,69.97,100,
11:48:25,69.97,300,
11:48:29,69.98,300,
11:48:40,69.9799,100,
11:48:47,69.97,100,
11:48:47,69.96,816,
11:48:47,69.97,100,
11:48:50,69.97,100,
11:49:10,69.96,200,
11:49:10,69.96,600,
11:49:10,69.96,300,
11:49:10,69.96,100,
11:49:10,69.96,300,
11:49:22,69.96,100,
11:49:24,69.97,750,
11:49:45,69.96,157,
11:49:52,69.96,121,
11:50:01,69.96,1000,
11:50:05,69.96,100,
11:50:11,69.96,100,
11:50:15,69.96,186,
11:50:21,69.9676,250,
11:50:29,69.96,100,
11:50:31,69.96,200,
11:50:48,69.96,200,
11:50:48,69.97,1700,
11:51:07,69.96,100,
11:51:07,69.96,200,
11:51:07,69.96,100,
11:51:08,69.96,35200,
11:51:26,69.95,100,
11:51:26,69.95,100,
11:51:30,69.95,1080,
11:51:30,69.9501,2700,
11:51:32,69.95,200,
11:51:38,69.96,200,
11:51:47,69.96,1700,
11:51:47,69.96,200,
11:51:47,69.95,116,
11:51:47,69.95,100,
11:51:47,69.96,100,
11:52:00,69.96,100,
11:52:00,69.96,200,
11:52:11,69.9617,250,
11:52:26,69.96,100,
11:52:26,69.96,300,
11:52:26,69.95,300,
11:52:26,69.95,700,
11:52:26,69.95,800,
11:52:26,69.95,600,
11:52:26,69.95,715,
11:52:26,69.95,100,
11:52:26,69.95,459,
11:52:26,69.96,200,
11:52:26,69.95,1400,
11:52:26,69.95,1400,
11:52:26,69.95,200,
11:52:26,69.95,400,
11:52:26,69.95,800,
11:52:26,69.95,600,
11:52:26,69.95,200,
11:52:26,69.95,200,
11:52:26,69.95,100,
11:52:26,69.95,400,
11:52:26,69.95,100,
11:52:26,69.95,100,
11:52:26,69.95,300,
11:52:26,69.95,100,
11:52:28,69.96,100,
11:52:32,69.95,200,
11:52:52,69.95,100,
11:53:10,69.96,100,
11:53:11,69.96,100,
11:53:11,69.96,200,
11:53:11,69.97,300,
11:53:15,69.97,940,
11:53:30,69.97,500,
11:53:34,69.97,100,
11:53:39,69.97,100,
11:53:39,69.97,100,
11:53:46,69.98,2000,
11:53:48,69.97,200,
11:53:49,69.97,100,
11:53:50,69.97,100,
11:54:03,69.96,516,
11:54:03,69.96,216,
11:54:03,69.96,100,
11:54:03,69.96,100,
11:54:03,69.96,100,
11:54:04,69.96,100,
11:54:04,69.96,300,
11:54:04,69.96,100,
11:54:04,69.96,100,
11:54:04,69.96,100,
11:54:04,69.96,100,
11:54:04,69.96,100,
11:54:12,69.96,1400,
11:54:12,69.95,100,
11:54:21,69.95,200,
11:55:09,69.95,200,
11:55:29,69.95,100,
11:55:29,69.95,200,
11:55:29,69.95,300,
11:55:29,69.95,200,
11:55:30,69.95,100,
11:55:30,69.95,200,
11:55:30,69.95,3200,
11:55:30,69.95,200,
11:55:30,69.95,200,
11:55:30,69.94,100,
11:55:30,69.94,100,
11:55:36,69.94,200,
11:55:36,69.94,200,
11:55:36,69.94,100,
11:55:48,69.94,300,
11:55:55,69.94,300,
11:55:55,69.94,500,
11:55:55,69.94,100,
11:56:44,69.93,400,
11:56:44,69.93,400,
11:56:44,69.93,5300,
11:57:03,69.94,300,
11:57:04,69.945,200,
11:57:07,69.94,100,
11:57:07,69.94,200,
11:57:08,69.94,300,
11:57:11,69.94,300,
11:57:11,69.94,200,
11:57:11,69.94,100,
11:57:19,69.9316,126,
11:57:33,69.94,250,
11:57:41,69.9331,200,
11:57:43,69.94,400,
11:57:43,69.94,229,
11:57:49,69.95,100,
11:57:55,69.94,100,
11:57:57,69.94,400,
11:57:57,69.94,1900,
11:57:57,69.94,200,
11:57:57,69.94,100,
11:57:57,69.94,100,
11:57:57,69.94,1300,
11:57:58,69.94,400,
11:57:59,69.94,300,
11:57:59,69.94,200,
11:58:00,69.94,200,
11:58:07,69.93,340,
11:58:14,69.94,100,
11:58:14,69.94,300,
11:58:16,69.94,400,
11:58:17,69.94,300,
11:58:17,69.94,200,
11:58:18,69.94,1107,
11:58:18,69.94,393,
11:58:18,69.94,200,
11:58:18,69.94,100,
11:58:18,69.94,100,
11:58:19,69.94,600,
11:58:22,69.9399,100,
11:58:22,69.9355,500,
11:58:25,69.93,400,
11:58:25,69.93,100,
11:58:25,69.935,100,
11:58:26,69.935,100,
11:58:26,69.93,100,
11:58:26,69.93,200,
11:58:26,69.93,500,
11:58:26,69.93,100,
11:58:26,69.93,300,
11:58:26,69.93,100,
11:58:26,69.93,100,
11:58:29,69.93,5700,
11:58:29,69.93,400,
11:58:29,69.93,800,
11:58:29,69.93,800,
11:58:29,69.93,800,
11:58:29,69.93,100,
11:58:29,69.93,1900,
11:58:29,69.93,800,
11:58:29,69.93,1600,
11:58:29,69.93,200,
11:58:29,69.93,600,
11:58:29,69.93,200,
11:58:29,69.93,900,
11:58:29,69.93,800,
11:58:29,69.93,1200,
11:58:29,69.93,100,
11:58:31,69.92,2000,
11:58:31,69.92,2400,
11:58:31,69.92,800,
11:58:31,69.92,4800,
11:58:31,69.92,100,
11:58:31,69.92,200,
11:58:31,69.93,800,
11:58:31,69.93,100,
11:58:31,69.92,500,
11:58:31,69.92,100,
11:58:31,69.92,9000,
11:58:31,69.92,1500,
11:58:31,69.92,200,
11:58:31,69.92,1600,
11:58:31,69.92,600,
11:58:31,69.92,300,
11:58:31,69.92,400,
11:58:31,69.92,400,
11:58:31,69.92,100,
11:58:31,69.92,800,
11:58:31,69.92,800,
11:58:31,69.92,1600,
11:58:31,69.93,700,
11:58:31,69.93,100,
11:58:39,69.93,100,
11:58:41,69.93,615,
11:58:41,69.93,415,
11:58:41,69.93,800,
11:58:41,69.93,1300,
11:58:41,69.93,2159,
11:58:41,69.93,300,
11:58:41,69.93,200,
11:58:41,69.94,500,
11:58:46,69.93,100,
11:58:46,69.93,100,
11:58:46,69.93,200,
11:58:46,69.93,900,
11:58:47,69.93,100,
11:58:47,69.93,100,
11:58:47,69.93,1800,
11:58:47,69.93,1000,
11:58:47,69.92,316,
11:58:47,69.92,100,
11:58:47,69.92,100,
11:58:47,69.93,100,
11:58:47,69.92,800,
11:58:47,69.92,102,
11:58:47,69.92,600,
11:58:47,69.92,702,
11:58:47,69.92,298,
11:58:47,69.93,1000,
11:59:00,69.9205,665,
11:59:03,69.93,100,
11:59:04,69.93,100,
11:59:08,69.93,200,
11:59:13,69.93,100,
11:59:16,69.93,200,
11:59:21,69.93,300,
11:59:21,69.93,100,
11:59:22,69.93,3600,
11:59:25,69.93,200,
11:59:25,69.93,1600,
11:59:25,69.93,300,
11:59:25,69.94,400,
11:59:56,69.94,100,
12:00:13,69.93,100,
12:00:13,69.93,400,
12:00:13,69.93,200,
12:00:13,69.93,100,
12:00:13,69.93,200,
12:00:32,69.9341,150,
12:00:43,69.94,1700,
12:00:43,69.94,1100,
12:00:43,69.94,300,
12:00:43,69.94,1600,
12:00:43,69.94,100,
12:00:49,69.94,1600,
12:00:49,69.94,300,
12:00:49,69.95,100,
12:00:51,69.9499,100,
12:00:53,69.95,100,
12:00:54,69.94,100,
12:00:55,69.94,300,
12:00:55,69.94,100,
12:00:55,69.94,100,
12:00:55,69.94,100,
12:00:55,69.94,100,
12:00:55,69.94,100,
12:00:59,69.93,400,
12:01:09,69.94,100,
12:01:09,69.94,253,
12:01:09,69.94,300,
12:01:10,69.94,300,
12:01:10,69.94,200,
12:01:10,69.94,200,
12:01:10,69.94,300,
12:01:12,69.93,100,
12:01:12,69.93,300,
12:01:25,69.92,1150,
12:01:58,69.9255,178,
12:02:17,69.925,200,
12:02:51,69.92,3000,
12:02:51,69.92,200,
12:03:04,69.92,100,
12:03:04,69.92,100,
12:03:04,69.92,600,
12:03:04,69.92,1800,
12:03:04,69.92,100,
12:03:04,69.92,200,
12:03:04,69.92,800,
12:03:05,69.92,300,
12:03:05,69.92,100,
12:03:05,69.92,300,
12:03:09,69.915,139,
12:03:09,69.92,100,
12:03:09,69.92,200,
12:03:09,69.92,400,
12:03:22,69.92,200,
12:03:33,69.92,300,
12:03:36,69.915,118,
12:03:58,69.9199,755,
12:04:10,69.91,200,
12:04:11,69.91,200,
12:04:11,69.91,100,
12:04:11,69.91,100,
12:04:11,69.91,100,
12:04:12,69.90,1600,
12:04:12,69.90,100,
12:04:12,69.90,600,
12:04:12,69.90,1300,
12:04:12,69.90,1000,
12:04:12,69.90,100,
12:04:12,69.90,200,
12:04:12,69.90,100,
12:04:12,69.90,200,
12:04:12,69.90,200,
12:04:12,69.90,300,
12:04:12,69.89,400,
12:04:12,69.90,500,
12:04:14,69.895,1000,
12:04:15,69.90,200,
12:04:15,69.90,1400,
12:04:17,69.88,100,
12:04:17,69.88,600,
12:04:17,69.88,1400,
12:04:17,69.88,100,
12:04:17,69.88,600,
12:04:17,69.89,100,
12:04:17,69.89,100,
12:04:17,69.89,150,
12:04:17,69.89,200,
12:04:17,69.88,100,
12:04:17,69.88,1100,
12:04:17,69.89,500,
12:04:17,69.88,116,
12:04:17,69.88,400,
12:04:18,69.89,100,
12:04:18,69.89,500,
12:04:18,69.89,100,
12:04:18,69.87,116,
12:04:18,69.87,1184,
12:04:18,69.87,100,
12:04:18,69.89,200,
12:04:18,69.87,100,
12:04:18,69.87,716,
12:04:18,69.87,100,
12:04:18,69.87,684,
12:04:18,69.87,600,
12:04:18,69.87,100,
12:04:18,69.87,500,
12:04:18,69.87,300,
12:04:18,69.87,200,
12:04:18,69.87,500,
12:04:18,69.87,300,
12:04:18,69.88,200,
12:04:18,69.88,500,
12:04:18,69.88,200,
12:04:18,69.87,500,
12:04:18,69.87,200,
12:04:18,69.87,200,
12:04:18,69.87,100,
12:04:19,69.89,400,
12:04:21,69.88,400,
12:04:22,69.87,800,
12:04:25,69.87,1400,
12:04:35,69.88,500,
12:04:35,69.88,400,
12:04:35,69.88,400,
12:04:35,69.88,400,
12:04:35,69.88,119,
12:04:36,69.88,200,
12:04:37,69.88,100,
12:04:37,69.89,143,
12:04:41,69.87,200,
12:04:41,69.87,200,
12:04:41,69.87,100,
12:04:41,69.87,100,
12:04:41,69.87,2100,
12:04:41,69.87,117,
12:04:41,69.87,100,
12:04:41,69.87,100,
12:04:41,69.87,300,
12:04:41,69.87,100,
12:04:49,69.86,700,
12:04:49,69.86,200,
12:04:49,69.86,700,
12:04:53,69.87,100,
12:04:59,69.87,200,
12:04:59,69.87,100,
12:04:59,69.88,100,
12:05:13,69.87,100,
12:05:13,69.87,700,
12:05:13,69.87,1000,
12:05:13,69.871,200,
12:05:13,69.87,1600,
12:05:13,69.87,8100,
12:05:13,69.87,5700,
12:05:13,69.88,100,
12:05:21,69.88,157,
12:05:22,69.89,100,
12:05:36,69.885,200,
12:05:45,69.88,200,
12:05:50,69.88,585,
12:06:07,69.88,200,
12:06:07,69.88,100,
12:06:07,69.88,200,
12:06:07,69.88,100,
12:06:07,69.88,100,
12:06:09,69.88,100,
12:06:15,69.87,100,
12:06:15,69.87,500,
12:06:15,69.87,100,
12:06:24,69.87,100,
12:06:29,69.87,800,
12:06:33,69.87,815,
12:06:34,69.87,1383,
12:06:34,69.87,300,
12:06:45,69.87,100,
12:06:58,69.87,1000,
12:07:03,69.88,1000,
12:07:08,69.87,100,
12:07:08,69.87,200,
12:07:09,69.87,300,
12:07:09,69.87,100,
12:07:10,69.87,100,
12:07:12,69.87,100,
12:07:15,69.8699,100,
12:07:25,69.8691,104,
12:07:29,69.875,400,
12:07:35,69.88,400,
12:07:42,69.8799,900,
12:07:42,69.88,400,
12:07:42,69.88,500,
12:07:42,69.88,400,
12:07:42,69.88,300,
12:07:42,69.88,200,
12:07:42,69.88,200,
12:07:42,69.88,1000,
12:07:50,69.88,200,
12:07:55,69.87,100,
12:07:55,69.87,1600,
12:07:55,69.87,4200,
12:07:55,69.87,400,
12:07:55,69.87,2500,
12:07:55,69.87,1000,
12:07:55,69.87,2500,
12:07:55,69.87,700,
12:07:55,69.87,1000,
12:08:25,69.88,100,
12:08:25,69.88,100,
12:08:25,69.88,1200,
12:08:25,69.88,500,
12:08:25,69.88,100,
12:08:26,69.875,213,
12:08:40,69.88,400,
12:08:45,69.88,1400,
12:08:45,69.88,300,
12:08:47,69.89,200,
12:08:54,69.88,100,
12:08:54,69.88,200,
12:08:54,69.88,100,
12:08:54,69.88,100,
12:08:55,69.8747,200,
12:09:03,69.88,100,
12:09:13,69.88,658,
12:09:14,69.8899,755,
12:09:40,69.8899,1700,
12:09:40,69.89,100,
12:09:49,69.89,500,
12:09:49,69.89,1200,
12:09:49,69.89,2400,
12:09:49,69.89,800,
12:09:49,69.89,200,
12:09:49,69.89,300,
12:09:49,69.89,500,
12:09:49,69.89,2600,
12:09:49,69.89,700,
12:09:49,69.89,100,
12:09:49,69.89,400,
12:09:49,69.89,300,
12:09:49,69.89,2600,
12:09:49,69.89,5700,
12:10:00,69.89,300,
12:10:00,69.89,200,
12:10:00,69.89,1200,
12:10:00,69.89,900,
12:10:00,69.89,300,
12:10:00,69.89,2400,
12:10:00,69.89,256,
12:10:00,69.89,1800,
12:10:00,69.89,400,
12:10:00,69.89,1000,
12:10:00,69.89,400,
12:10:00,69.89,200,
12:10:00,69.89,300,
12:10:00,69.89,2100,
12:10:00,69.89,4000,
12:10:00,69.89,800,
12:10:00,69.89,100,
12:10:00,69.89,1600,
12:10:00,69.89,200,
12:10:00,69.89,800,
12:10:00,69.89,1500,
12:10:00,69.89,250,
12:10:00,69.89,200,
12:10:00,69.89,100,
12:10:00,69.89,100,
12:10:00,69.89,100,
12:10:00,69.89,300,
12:10:00,69.89,3600,
12:10:00,69.89,100,
12:10:00,69.89,400,
12:10:00,69.89,250,
12:10:00,69.89,300,
12:10:00,69.89,100,
12:10:00,69.89,400,
12:10:00,69.89,400,
12:10:00,69.89,250,
12:10:00,69.89,500,
12:10:00,69.89,800,
12:10:00,69.89,2400,
12:10:00,69.89,2400,
12:10:00,69.89,200,
12:10:01,69.89,300,
12:10:01,69.90,2000,
12:10:01,69.90,100,
12:10:01,69.90,100,
12:10:01,69.89,1600,
12:10:01,69.89,200,
12:10:01,69.89,100,
12:10:01,69.90,100,
12:10:01,69.89,200,
12:10:01,69.89,300,
12:10:04,69.89,347,
12:10:04,69.89,817,
12:10:08,69.89,900,
12:10:08,69.89,400,
12:10:08,69.89,100,
12:10:08,69.89,500,
12:10:08,69.89,400,
12:10:17,69.885,200,
12:10:23,69.89,118,
12:10:31,69.88,200,
12:10:40,69.88,200,
12:10:42,69.88,100,
12:10:42,69.88,1400,
12:10:42,69.88,100,
12:10:44,69.88,3100,
12:10:56,69.8899,200,
12:10:57,69.88,250,
12:10:57,69.87,116,
12:10:57,69.88,300,
12:11:10,69.8755,500,
12:11:14,69.88,200,
12:11:14,69.88,400,
12:11:42,69.88,700,
12:11:42,69.88,300,
12:11:42,69.88,200,
12:11:42,69.88,100,
12:11:47,69.88,313,
12:11:49,69.88,400,
12:12:08,69.87,2657,
12:12:08,69.87,100,
12:12:14,69.88,200,
12:12:15,69.885,400,
12:12:32,69.87,200,
12:12:55,69.87,327,
12:12:58,69.86,316,
12:13:01,69.86,400,
12:13:05,69.8601,400,
12:13:05,69.8601,2400,
12:13:12,69.86,2500,
12:13:12,69.86,100,
12:13:12,69.86,2500,
12:13:13,69.85,365,
12:13:14,69.85,1000,
12:13:26,69.85,200,
12:13:26,69.85,300,
12:13:26,69.85,816,
12:13:29,69.86,1000,
12:13:29,69.86,400,
12:13:30,69.86,800,
12:13:30,69.86,100,
12:13:30,69.86,100,
12:13:30,69.86,400,
12:13:30,69.86,800,
12:13:30,69.86,600,
12:13:30,69.86,250,
12:13:30,69.86,600,
12:13:30,69.86,800,
12:13:32,69.85,400,
12:13:33,69.86,1567,
12:13:34,69.86,400,
12:13:34,69.86,300,
12:13:34,69.86,400,
12:13:34,69.86,300,
12:13:47,69.853,500,
12:13:58,69.8585,1300,
12:14:00,69.86,200,
12:14:00,69.86,400,
12:14:15,69.86,400,
12:14:28,69.87,1600,
12:14:45,69.86,200,
12:14:53,69.86,400,
12:15:08,69.8645,540,
12:15:49,69.86,400,
12:15:49,69.86,600,
12:15:50,69.86,1700,
12:15:54,69.85,400,
12:15:55,69.84,200,
12:15:55,69.84,100,
12:15:55,69.83,316,
12:15:55,69.83,100,
12:15:55,69.83,200,
12:15:55,69.82,115,
12:15:55,69.82,816,
12:16:05,69.83,1000,
12:16:05,69.83,1600,
12:16:05,69.83,300,
12:16:07,69.82,700,
12:16:14,69.81,100,
12:16:14,69.81,700,
12:16:15,69.82,100,
12:16:16,69.80,100,
12:16:16,69.80,100,
12:16:16,69.80,300,
12:16:16,69.80,1100,
12:16:17,69.82,100,
12:16:20,69.80,200,
12:16:23,69.79,1900,
12:16:29,69.79,6000,
12:16:29,69.79,100,
12:16:30,69.79,296,
12:16:32,69.79,600,
12:16:32,69.79,300,
12:16:35,69.79,100,
12:16:41,69.80,100,
12:16:41,69.80,100,
12:16:45,69.81,1700,
12:16:45,69.81,600,
12:16:45,69.81,1000,
12:16:45,69.81,1400,
12:16:45,69.81,600,
12:16:45,69.81,1000,
12:16:45,69.81,200,
12:16:45,69.81,100,
12:16:45,69.81,200,
12:16:45,69.81,200,
12:16:52,69.80,400,
12:16:52,69.80,300,
12:16:54,69.79,300,
12:16:56,69.79,300,
12:17:06,69.7899,500,
12:17:13,69.80,100,
12:17:18,69.80,600,
12:17:18,69.81,200,
12:17:18,69.81,500,
12:17:18,69.80,300,
12:17:20,69.79,1900,
12:17:20,69.79,600,
12:17:26,69.80,300,
12:17:26,69.80,1600,
12:17:26,69.80,1500,
12:17:26,69.80,800,
12:17:26,69.80,5800,
12:17:29,69.80,329,
12:17:34,69.7917,1150,
12:17:42,69.80,800,
12:17:42,69.80,100,
12:17:43,69.8075,550,
12:17:49,69.81,200,
12:17:49,69.81,617,
12:17:51,69.81,300,
12:18:00,69.81,100,
12:18:05,69.8001,800,
12:18:06,69.80,100,
12:18:08,69.80,200,
12:18:13,69.79,3500,
12:18:24,69.7901,1150,
12:18:24,69.80,300,
12:18:31,69.80,100,
12:18:31,69.79,316,
12:18:31,69.79,400,
12:18:35,69.79,400,
12:19:06,69.80,200,
12:19:07,69.81,200,
12:19:07,69.81,300,
12:19:09,69.81,400,
12:19:09,69.8101,300,
12:19:12,69.82,2000,
12:19:17,69.82,200,
12:19:17,69.82,200,
12:19:18,69.82,400,
12:19:18,69.82,400,
12:19:18,69.82,300,
12:19:18,69.8188,800,
12:19:23,69.81,1400,
12:19:23,69.81,300,
12:19:23,69.81,200,
12:19:23,69.81,3400,
12:19:23,69.81,2200,
12:19:23,69.81,100,
12:19:23,69.81,500,
12:19:23,69.81,400,
12:19:23,69.81,400,
12:19:23,69.81,240,
12:19:23,69.81,1800,
12:19:23,69.81,1200,
12:19:23,69.81,507,
12:19:25,69.81,1837,
12:19:25,69.81,1630,
12:19:26,69.81,700,
12:19:27,69.81,100,
12:19:27,69.81,700,
12:19:28,69.81,300,
12:19:28,69.81,300,
12:19:34,69.81,400,
12:19:35,69.81,300,
12:19:43,69.81,800,
12:19:43,69.82,100,
12:19:44,69.81,900,
12:20:00,69.815,300,
12:20:04,69.81,100,
12:20:13,69.81,200,
12:20:14,69.81,240,
12:20:14,69.81,100,
12:20:14,69.81,100,
12:20:14,69.81,300,
12:20:16,69.81,400,
12:20:29,69.82,174,
12:20:29,69.82,100,
12:20:29,69.82,126,
12:20:29,69.83,2000,
12:20:29,69.83,100,
12:20:29,69.83,200,
12:20:29,69.83,1000,
12:20:29,69.83,1700,
12:20:29,69.83,400,
12:20:29,69.83,3200,
12:20:29,69.83,800,
12:20:29,69.83,400,
12:20:29,69.83,300,
12:20:29,69.83,400,
12:20:29,69.83,200,
12:20:29,69.83,700,
12:20:29,69.83,1900,
12:20:29,69.83,800,
12:20:29,69.83,100,
12:20:29,69.83,4300,
12:20:29,69.83,1200,
12:20:29,69.83,200,
12:20:29,69.83,200,
12:20:29,69.83,100,
12:20:29,69.83,2100,
12:20:29,69.83,300,
12:20:29,69.83,200,
12:20:29,69.83,1600,
12:20:29,69.83,1000,
12:20:29,69.83,800,
12:20:29,69.83,400,
12:20:29,69.82,100,
12:20:29,69.82,2000,
12:20:30,69.84,167000,
12:20:31,69.82,100,
12:20:39,69.83,100,
12:20:39,69.83,100,
12:20:39,69.83,800,
12:20:39,69.83,100,
12:20:44,69.82,200,
12:20:46,69.82,150,
12:20:46,69.82,400,
12:20:46,69.82,734,
12:20:46,69.82,4950,
12:20:46,69.82,1700,
12:20:48,69.82,700,
12:20:48,69.82,100,
12:20:48,69.82,500,
12:20:48,69.82,1865,
12:20:48,69.82,300,
12:20:48,69.81,200,
12:21:04,69.82,900,
12:21:04,69.82,100,
12:21:04,69.82,100,
12:21:04,69.82,200,
12:21:04,69.82,200,
12:21:09,69.82,500,
12:21:09,69.82,100,
12:21:18,69.818,6000,
12:21:41,69.82,200,
12:21:41,69.82,800,
12:21:41,69.82,200,
12:21:41,69.82,1400,
12:21:41,69.82,800,
12:21:41,69.82,4200,
12:21:41,69.81,100,
12:21:41,69.81,200,
12:21:44,69.815,300,
12:22:02,69.81,176,
12:22:33,69.82,575,
12:22:33,69.82,100,
12:22:33,69.82,212,
12:22:33,69.82,200,
12:22:42,69.82,100,
12:22:47,69.81,491,
12:22:47,69.81,124,
12:23:09,69.82,458,
12:23:09,69.82,200,
12:23:09,69.82,300,
12:23:12,69.81,245,
12:23:16,69.82,100,
12:23:16,69.82,600,
12:23:27,69.815,500,
12:23:40,69.82,185,
12:23:40,69.82,500,
12:23:46,69.815,300,
12:23:47,69.82,600,
12:23:47,69.82,300,
12:23:47,69.82,22000,
12:23:47,69.82,1400,
12:23:47,69.82,800,
12:23:47,69.82,3200,
12:23:47,69.82,1400,
12:23:47,69.82,1300,
12:23:47,69.82,1400,
12:23:47,69.82,400,
12:23:47,69.82,400,
12:23:47,69.815,300,
12:23:47,69.815,400,
12:23:47,69.82,210,
12:23:47,69.82,500,
12:23:47,69.82,400,
12:23:51,69.8199,425,
12:24:04,69.82,100,
12:24:04,69.82,100,
12:24:04,69.82,600,
12:24:07,69.82,100,
12:24:11,69.8101,300,
12:24:20,69.81,200,
12:24:20,69.81,816,
12:24:54,69.82,300,
12:24:54,69.83,200,
12:25:00,69.82,100,
12:25:00,69.82,500,
12:25:00,69.82,600,
12:25:00,69.82,1000,
12:25:00,69.82,800,
12:25:00,69.82,100,
12:25:00,69.82,1140,
12:25:00,69.82,200,
12:25:01,69.82,315,
12:25:05,69.82,200,
12:25:05,69.82,100,
12:25:18,69.825,200,
12:25:22,69.83,100,
12:25:22,69.83,200,
12:25:22,69.83,100,
12:25:22,69.83,200,
12:25:22,69.83,100,
12:25:22,69.83,4300,
12:25:22,69.83,800,
12:25:22,69.83,300,
12:25:22,69.83,184,
12:25:22,69.82,816,
12:25:26,69.83,1800,
12:25:26,69.83,700,
12:25:27,69.83,1000,
12:25:28,69.83,100,
12:25:43,69.83,300,
12:25:44,69.83,200,
12:25:47,69.83,100,
12:25:48,69.84,500,
12:25:54,69.83,1300,
12:25:55,69.83,100,
12:25:55,69.83,300,
12:26:01,69.82,200,
12:26:08,69.83,800,
12:26:08,69.83,400,
12:26:08,69.83,800,
12:26:09,69.83,600,
12:26:09,69.8299,1900,
12:26:10,69.83,800,
12:26:10,69.83,200,
12:26:11,69.83,300,
12:26:17,69.83,200,
12:26:21,69.839,500,
12:26:29,69.83,100,
12:26:32,69.83,200,
12:26:37,69.83,200,
12:26:44,69.83,200,
12:26:51,69.83,200,
12:26:58,69.83,100,
12:27:08,69.8284,100,
12:27:24,69.8283,100,
12:27:27,69.829,1150,
12:27:42,69.82,100,
12:27:42,69.82,100,
12:27:42,69.82,100,
12:27:42,69.82,100,
12:27:46,69.82,123,
12:27:48,69.81,200,
12:27:48,69.81,500,
12:27:49,69.82,500,
12:27:54,69.82,100,
12:27:54,69.82,100,
12:27:54,69.82,100,
12:27:54,69.82,100,
12:28:04,69.81,200,
12:28:04,69.81,200,
12:28:10,69.80,600,
12:28:19,69.80,816,
12:28:24,69.80,100,
12:28:26,69.79,115,
12:28:26,69.79,300,
12:28:29,69.80,100,
12:28:29,69.80,100,
12:28:30,69.80,2100,
12:28:30,69.80,1300,
12:28:34,69.81,200,
12:28:35,69.81,500,
12:28:39,69.81,200,
12:28:44,69.81,100,
12:28:52,69.81,540,
12:28:52,69.81,200,
12:28:54,69.8112,138,
12:28:58,69.81,700,
12:28:58,69.81,300,
12:28:58,69.8016,1000,
12:29:00,69.80,300,
12:29:06,69.80,484,
12:29:09,69.81,100,
12:29:29,69.809,266,
12:29:30,69.809,100,
12:29:40,69.80,108,
12:29:40,69.80,100,
12:29:47,69.8099,375,
12:29:49,69.80,100,
12:29:49,69.79,347,
12:29:49,69.79,400,
12:29:49,69.79,338,
12:29:57,69.793,500,
12:30:09,69.79,800,
12:30:09,69.79,100,
12:30:09,69.78,600,
12:30:09,69.78,100,
12:30:11,69.77,815,
12:30:12,69.78,800,
12:30:12,69.78,700,
12:30:12,69.78,2000,
12:30:12,69.78,4200,
12:30:12,69.78,200,
12:30:12,69.78,700,
12:30:13,69.79,323,
12:30:13,69.79,1777,
12:30:13,69.79,900,
12:30:14,69.79,100,
12:30:19,69.80,600,
12:30:19,69.80,100,
12:30:19,69.80,100,
12:30:19,69.80,200,
12:30:19,69.80,400,
12:30:21,69.79,300,
12:30:38,69.7892,400,
12:30:52,69.785,300,
12:31:01,69.79,100,
12:31:01,69.79,300,
12:31:02,69.79,200,
12:31:02,69.79,200,
12:31:02,69.79,500,
12:31:05,69.79,100,
12:31:05,69.79,1100,
12:31:31,69.80,100,
12:31:39,69.80,100,
12:31:39,69.80,100,
12:31:39,69.80,100,
12:31:43,69.7901,100,
12:31:59,69.80,200,
12:32:09,69.7999,500,
12:32:11,69.80,300,
12:32:11,69.80,325,
12:32:15,69.81,300,
12:32:15,69.81,1500,
12:32:15,69.81,800,
12:32:15,69.81,1600,
12:32:16,69.81,100,
12:32:19,69.82,955,
12:32:19,69.82,300,
12:32:19,69.82,157,
12:32:19,69.82,1600,
12:32:24,69.8216,385,
12:32:25,69.82,100,
12:32:36,69.81,116,
12:32:36,69.82,100,
12:32:38,69.82,100,
12:32:38,69.82,516,
12:32:38,69.82,6300,
12:32:38,69.82,800,
12:32:58,69.83,800,
12:32:58,69.83,800,
12:32:58,69.83,1500,
12:32:58,69.83,200,
12:32:59,69.83,600,
12:32:59,69.83,300,
12:32:59,69.83,741,
12:32:59,69.83,1500,
12:33:08,69.83,300,
12:33:10,69.83,300,
12:33:10,69.83,200,
12:33:15,69.82,225,
12:33:27,69.83,100,
12:33:27,69.83,200,
12:33:40,69.83,300,
12:33:47,69.83,216,
12:34:06,69.8281,200,
12:34:07,69.83,100,
12:34:07,69.83,100,
12:34:12,69.825,200,
12:34:12,69.82,2983,
12:34:12,69.82,400,
12:34:12,69.82,300,
12:34:12,69.82,600,
12:34:12,69.8199,100,
12:34:24,69.83,200,
12:34:26,69.83,700,
12:34:26,69.82,100,
12:34:26,69.82,200,
12:34:26,69.82,100,
12:34:26,69.82,300,
12:34:26,69.82,184,
12:34:39,69.8299,340,
12:35:06,69.82,200,
12:35:10,69.81,300,
12:35:22,69.80,300,
12:35:23,69.79,115,
12:35:23,69.80,300,
12:35:23,69.80,200,
12:35:23,69.80,400,
12:35:23,69.80,200,
12:35:23,69.80,200,
12:35:23,69.80,200,
12:35:29,69.79,200,
12:35:29,69.79,1900,
12:35:29,69.78,200,
12:35:33,69.78,200,
12:35:33,69.78,100,
12:35:33,69.78,200,
12:35:33,69.78,100,
12:35:33,69.78,700,
12:35:33,69.78,100,
12:35:33,69.78,200,
12:35:33,69.77,700,
12:35:33,69.77,100,
12:35:34,69.78,800,
12:35:34,69.78,300,
12:35:34,69.78,300,
12:35:34,69.78,200,
12:35:35,69.78,500,
12:35:35,69.78,100,
12:35:35,69.78,200,
12:35:40,69.77,100,
12:35:41,69.77,600,
12:35:41,69.77,500,
12:35:41,69.76,516,
12:35:41,69.76,100,
12:35:43,69.77,300,
12:35:43,69.77,200,
12:35:43,69.77,400,
12:35:43,69.77,1700,
12:35:43,69.77,200,
12:35:44,69.77,400,
12:35:44,69.77,359,
12:35:44,69.77,100,
12:35:44,69.77,100,
12:35:44,69.77,200,
12:35:45,69.78,100,
12:35:45,69.78,100,
12:35:45,69.78,200,
12:35:45,69.78,100,
12:35:45,69.78,800,
12:35:46,69.77,900,
12:35:46,69.77,100,
12:35:46,69.77,2500,
12:35:46,69.77,1400,
12:35:46,69.77,300,
12:35:47,69.7699,500,
12:35:50,69.76,200,
12:36:02,69.77,100,
12:36:02,69.77,200,
12:36:02,69.77,100,
12:36:02,69.77,300,
12:36:02,69.77,200,
12:36:02,69.77,100,
12:36:13,69.769,100,
12:36:14,69.7699,5000,
12:36:27,69.765,200,
12:36:32,69.76,300,
12:36:32,69.76,1400,
12:36:36,69.76,100,
12:36:47,69.76,700,
12:36:47,69.76,500,
12:36:47,69.76,700,
12:36:47,69.76,200,
12:36:48,69.76,109,
12:36:48,69.76,100,
12:36:49,69.759,200,
12:36:52,69.755,450,
12:36:53,69.76,200,
12:36:54,69.76,200,
12:36:59,69.76,300,
12:36:59,69.77,100,
12:36:59,69.77,300,
12:36:59,69.76,100,
12:36:59,69.77,100,
12:36:59,69.77,100,
12:37:00,69.78,800,
12:37:00,69.78,700,
12:37:00,69.78,300,
12:37:00,69.78,200,
12:37:00,69.78,200,
12:37:00,69.76,100,
12:37:03,69.78,100,
12:37:18,69.78,100,
12:37:19,69.78,200,
12:37:19,69.78,100,
12:37:19,69.78,200,
12:37:19,69.78,100,
12:37:20,69.78,300,
12:37:26,69.77,100,
12:37:26,69.77,1800,
12:37:26,69.77,100,
12:37:26,69.77,100,
12:37:26,69.77,1900,
12:37:26,69.77,700,
12:37:26,69.77,100,
12:37:26,69.77,800,
12:37:26,69.77,900,
12:37:26,69.77,100,
12:37:26,69.77,800,
12:37:26,69.77,400,
12:37:26,69.77,1400,
12:37:26,69.77,400,
12:37:26,69.77,100,
12:37:26,69.77,500,
12:37:26,69.77,200,
12:37:27,69.772,600,
12:37:31,69.77,200,
