09:30:00,66.32,1500,
09:30:00,66.31,300,
09:30:00,66.33,500,
09:30:00,66.33,500,
09:30:00,66.33,100,
09:30:00,66.33,100,
09:30:00,66.33,400,
09:30:00,66.33,300,
09:30:00,66.33,5000,
09:30:00,66.33,1168,
09:30:00,66.33,500,
09:30:00,66.33,300,
09:30:00,66.33,300,
09:30:00,66.33,2300,
09:30:00,66.34,2500,
09:30:00,66.34,500,
09:30:00,66.33,1700,
09:30:00,66.32,200,
09:30:00,66.33,100,
09:30:00,66.33,180,
09:30:00,66.34,800,
09:30:00,66.33,300,
09:30:00,66.34,700,
09:30:00,66.34,800,
09:30:01,66.34,200,
09:30:01,66.33,140,
09:30:01,66.33,1500,
09:30:01,66.33,114,
09:30:01,66.33,448,
09:30:01,66.33,6603,
09:30:01,66.33,600,
09:30:01,66.33,200,
09:30:01,66.33,120,
09:30:01,66.33,200,
09:30:01,66.33,100,
09:30:01,66.33,100,
09:30:01,66.33,300,
09:30:01,66.33,1500,
09:30:01,66.33,100,
09:30:01,66.33,4975,
09:30:01,66.33,763,
09:30:01,66.33,100,
09:30:01,66.33,200,
09:30:01,66.33,500,
09:30:01,66.33,1510,
09:30:01,66.33,500,
09:30:01,66.33,525,
09:30:01,66.33,320,
09:30:01,66.33,153,
09:30:01,66.33,500,
09:30:01,66.33,1000,
09:30:01,66.33,500,
09:30:01,66.33,150,
09:30:01,66.33,244,
09:30:01,66.33,174,
09:30:01,66.33,300,
09:30:01,66.33,22900,
09:30:01,66.33,150,
09:30:01,66.33,150,
09:30:01,66.33,1500,
09:30:01,66.33,300,
09:30:01,66.33,280,
09:30:01,66.33,575,
09:30:01,66.33,100,
09:30:01,66.33,575,
09:30:01,66.33,478,
09:30:01,66.33,150,
09:30:01,66.33,700,
09:30:01,66.33,100,
09:30:01,66.33,3000,
09:30:01,66.33,1000,
09:30:01,66.33,500,
09:30:01,66.33,500,
09:30:01,66.33,132,
09:30:01,66.33,200,
09:30:01,66.33,250,
09:30:01,66.33,100,
09:30:01,66.33,300,
09:30:01,66.33,115,
09:30:01,66.33,100,
09:30:01,66.33,100,
09:30:01,66.33,150,
09:30:01,66.33,500,
09:30:01,66.33,150,
09:30:01,66.33,200,
09:30:01,66.33,100,
09:30:01,66.33,300,
09:30:01,66.33,170,
09:30:01,66.33,120,
09:30:01,66.33,200,
09:30:01,66.33,200,
09:30:01,66.33,3500,
09:30:01,66.33,4200,
09:30:01,66.33,700,
09:30:01,66.33,200,
09:30:01,66.33,103,
09:30:01,66.33,120,
09:30:01,66.33,750,
09:30:01,66.33,100,
09:30:01,66.33,141,
09:30:01,66.33,200,
09:30:01,66.33,151,
09:30:01,66.33,125,
09:30:01,66.33,150,
09:30:01,66.33,300,
09:30:01,66.33,100,
09:30:01,66.33,394,
09:30:01,66.33,350,
09:30:01,66.33,800,
09:30:01,66.33,1200,
09:30:01,66.33,100,
09:30:01,66.33,150,
09:30:01,66.33,150,
09:30:01,66.33,104,
09:30:01,66.33,200,
09:30:01,66.33,500,
09:30:01,66.33,225,
09:30:01,66.33,100,
09:30:01,66.33,4800,
09:30:01,66.33,100,
09:30:01,66.33,250,
09:30:01,66.33,300,
09:30:01,66.33,150,
09:30:01,66.33,12400,
09:30:01,66.33,1290,
09:30:01,66.33,100,
09:30:01,66.33,1900,
09:30:01,66.33,400,
09:30:01,66.33,18700,
09:30:01,66.33,100,
09:30:01,66.33,500,
09:30:01,66.33,275,
09:30:01,66.33,1508,
09:30:01,66.33,200,
09:30:01,66.33,750,
09:30:01,66.33,100,
09:30:01,66.33,130,
09:30:01,66.33,150,
09:30:01,66.33,1000,
09:30:01,66.33,150,
09:30:01,66.33,100,
09:30:01,66.33,500,
09:30:01,66.33,1000,
09:30:01,66.33,100,
09:30:01,66.33,100,
09:30:01,66.33,380,
09:30:01,66.33,500,
09:30:01,66.33,500,
09:30:01,66.33,7000,
09:30:01,66.33,300,
09:30:01,66.33,10000,
09:30:01,66.33,200,
09:30:01,66.33,100,
09:30:01,66.33,600,
09:30:01,66.33,150,
09:30:01,66.33,1160,
09:30:01,66.33,600,
09:30:01,66.33,3405,
09:30:01,66.33,730,
09:30:01,66.33,730,
09:30:01,66.33,300,
09:30:01,66.33,1200,
09:30:01,66.33,2000,
09:30:01,66.33,567,
09:30:01,66.33,171,
09:30:01,66.33,400,
09:30:01,66.33,100,
09:30:01,66.33,2500,
09:30:01,66.33,845,
09:30:01,66.33,582,
09:30:01,66.33,450,
09:30:01,66.33,410,
09:30:01,66.33,364,
09:30:01,66.33,182,
09:30:01,66.33,23000,
09:30:01,66.33,208,
09:30:01,66.33,500,
09:30:01,66.33,300,
09:30:01,66.33,400,
09:30:01,66.33,300,
09:30:01,66.33,300,
09:30:01,66.33,300,
09:30:01,66.33,200,
09:30:01,66.33,100,
09:30:02,66.34,100,
09:30:02,66.33,100,
09:30:02,66.33,800,
09:30:02,66.32,300,
09:30:02,66.33,3800,
09:30:02,66.33,140,
09:30:02,66.33,100,
09:30:02,66.33,200,
09:30:02,66.33,200,
09:30:02,66.33,100,
09:30:02,66.33,1000,
09:30:02,66.33,1400,
09:30:02,66.32,100,
09:30:02,66.33,800,
09:30:02,66.33,100,
09:30:03,66.33,400,
09:30:03,66.33,100,
09:30:03,66.34,200,
09:30:03,66.33,400,
09:30:03,66.33,500,
09:30:03,66.33,200,
09:30:03,66.33,200,
09:30:03,66.33,200,
09:30:03,66.32,500,
09:30:03,66.32,200,
09:30:03,66.32,300,
09:30:03,66.32,200,
09:30:03,66.32,200,
09:30:03,66.32,900,
09:30:04,66.32,200,
09:30:04,66.31,800,
09:30:05,66.31,1000,
09:30:05,66.31,2000,
09:30:05,66.31,200,
09:30:05,66.31,300,
09:30:06,66.30,300,
09:30:06,66.31,222,
09:30:06,66.31,400,
09:30:06,66.30,200,
09:30:06,66.30,300,
09:30:06,66.30,300,
09:30:06,66.31,800,
09:30:06,66.31,700,
09:30:07,66.30,500,
09:30:07,66.30,100,
09:30:07,66.30,800,
09:30:07,66.30,6500,
09:30:07,66.30,500,
09:30:07,66.30,200,
09:30:07,66.30,400,
09:30:07,66.30,100,
09:30:07,66.30,7000,
09:30:07,66.30,1000,
09:30:07,66.30,300,
09:30:07,66.30,200,
09:30:07,66.30,300,
09:30:07,66.30,100,
09:30:07,66.30,100,
09:30:07,66.30,100,
09:30:07,66.30,500,
09:30:07,66.30,500,
09:30:07,66.30,200,
09:30:07,66.30,400,
09:30:07,66.30,200,
09:30:07,66.29,300,
09:30:07,66.30,200,
09:30:07,66.30,200,
09:30:07,66.30,100,
09:30:07,66.30,442,
09:30:07,66.30,100,
09:30:07,66.30,200,
09:30:07,66.30,800,
09:30:07,66.30,170,
09:30:07,66.30,1530,
09:30:09,66.30,100,
09:30:09,66.30,800,
09:30:09,66.30,700,
09:30:10,66.30,100,
09:30:10,66.30,200,
09:30:10,66.30,200,
09:30:10,66.30,200,
09:30:10,66.30,800,
09:30:10,66.30,1984,
09:30:11,66.30,100,
09:30:11,66.30,100,
09:30:12,66.30,200,
09:30:12,66.30,400,
09:30:12,66.30,200,
09:30:12,66.30,100,
09:30:12,66.31,400,
09:30:12,66.31,400,
09:30:12,66.31,400,
09:30:12,66.31,400,
09:30:12,66.31,400,
09:30:12,66.31,105,
09:30:12,66.31,100,
09:30:12,66.31,2000,
09:30:12,66.31,2000,
09:30:12,66.31,300,
09:30:12,66.31,100,
09:30:12,66.31,500,
09:30:12,66.31,500,
09:30:12,66.31,500,
09:30:12,66.31,100,
09:30:12,66.31,100,
09:30:12,66.31,200,
09:30:12,66.31,500,
09:30:12,66.31,1000,
09:30:12,66.31,100,
09:30:12,66.31,100,
09:30:12,66.31,100,
09:30:12,66.31,500,
09:30:12,66.31,2500,
09:30:13,66.31,200,
09:30:13,66.30,400,
09:30:13,66.30,200,
09:30:13,66.30,1000,
09:30:13,66.30,500,
09:30:13,66.30,500,
09:30:13,66.30,500,
09:30:13,66.31,600,
09:30:13,66.31,700,
09:30:13,66.30,1000,
09:30:15,66.31,400,
09:30:15,66.31,400,
09:30:15,66.31,500,
09:30:16,66.3299,1067,
09:30:16,66.31,200,
09:30:16,66.31,500,
09:30:16,66.32,333,
09:30:16,66.31,400,
09:30:16,66.31,344,
09:30:16,66.31,800,
09:30:17,66.31,200,
09:30:19,66.31,800,
09:30:19,66.31,500,
09:30:21,66.33,1000,
09:30:21,66.33,1300,
09:30:21,66.33,100,
09:30:21,66.33,100,
09:30:21,66.33,700,
09:30:21,66.34,1000,
09:30:21,66.34,500,
09:30:21,66.34,100,
09:30:21,66.34,100,
09:30:21,66.35,815,
09:30:21,66.35,100,
09:30:21,66.35,100,
09:30:21,66.35,1700,
09:30:21,66.35,400,
09:30:21,66.35,100,
09:30:21,66.35,100,
09:30:21,66.35,100,
09:30:21,66.35,100,
09:30:21,66.35,100,
09:30:21,66.35,110,
09:30:21,66.35,100,
09:30:21,66.35,200,
09:30:21,66.35,800,
09:30:21,66.35,300,
09:30:21,66.35,390,
09:30:21,66.34,611,
09:30:21,66.35,200,
09:30:21,66.35,300,
09:30:22,66.35,409,
09:30:22,66.35,200,
09:30:22,66.35,1191,
09:30:22,66.34,200,
09:30:22,66.34,1000,
09:30:22,66.34,200,
09:30:22,66.35,200,
09:30:22,66.35,500,
09:30:22,66.35,400,
09:30:22,66.35,100,
09:30:22,66.35,100,
09:30:22,66.34,900,
09:30:22,66.31,100,
09:30:22,66.31,815,
09:30:23,66.32,100,
09:30:24,66.31,300,
09:30:26,66.3321,300,
09:30:29,66.3399,500,
09:30:30,66.35,700,
09:30:30,66.35,100,
09:30:30,66.35,200,
09:30:30,66.35,100,
09:30:30,66.35,714,
09:30:31,66.35,100,
09:30:32,66.35,300,
09:30:32,66.35,100,
09:30:32,66.35,100,
09:30:32,66.34,1100,
09:30:33,66.3499,300,
09:30:33,66.3499,400,
09:30:33,66.3498,500,
09:30:33,66.3499,500,
09:30:33,66.35,2000,
09:30:33,66.3499,200,
09:30:33,66.3499,200,
09:30:33,66.35,5200,
09:30:35,66.36,250,
09:30:35,66.36,100,
09:30:36,66.36,200,
09:30:36,66.35,125,
09:30:36,66.35,200,
09:30:36,66.36,300,
09:30:37,66.35,800,
09:30:37,66.35,330,
09:30:37,66.35,326,
09:30:37,66.35,237,
09:30:37,66.35,1000,
09:30:38,66.35,724,
09:30:38,66.36,100,
09:30:38,66.36,500,
09:30:38,66.36,700,
09:30:38,66.36,100,
09:30:38,66.36,800,
09:30:38,66.36,200,
09:30:38,66.36,700,
09:30:38,66.36,800,
09:30:38,66.36,100,
09:30:38,66.36,319,
09:30:38,66.36,1000,
09:30:38,66.36,319,
09:30:38,66.37,500,
09:30:39,66.37,100,
09:30:39,66.36,600,
09:30:39,66.36,100,
09:30:40,66.35,1400,
09:30:40,66.35,200,
09:30:40,66.35,100,
09:30:40,66.35,100,
09:30:40,66.35,100,
09:30:40,66.35,100,
09:30:40,66.35,1100,
09:30:40,66.35,508,
09:30:40,66.34,400,
09:30:40,66.34,800,
09:30:40,66.34,200,
09:30:40,66.35,700,
09:30:41,66.36,100,
09:30:42,66.35,600,
09:30:42,66.3501,1900,
09:30:42,66.35,100,
09:30:42,66.35,100,
09:30:42,66.35,100,
09:30:42,66.35,500,
09:30:42,66.35,500,
09:30:42,66.35,218,
09:30:42,66.35,500,
09:30:42,66.35,1000,
09:30:42,66.35,1476,
09:30:43,66.36,500,
09:30:43,66.37,200,
09:30:43,66.37,1000,
09:30:43,66.38,800,
09:30:44,66.37,341,
09:30:45,66.39,500,
09:30:45,66.38,1100,
09:30:46,66.3899,300,
09:30:46,66.38,500,
09:30:46,66.38,400,
09:30:47,66.39,500,
09:30:47,66.38,2100,
09:30:48,66.39,500,
09:30:48,66.39,1000,
09:30:51,66.39,100,
09:30:51,66.39,700,
09:30:51,66.39,200,
09:30:52,66.38,400,
09:30:52,66.38,100,
09:30:52,66.38,100,
09:30:52,66.38,100,
09:30:52,66.38,1100,
09:30:52,66.38,2576,
09:30:53,66.38,100,
09:30:53,66.379,100,
09:30:54,66.37,15000,
09:30:54,66.38,200,
09:30:55,66.3799,100,
09:30:55,66.38,315,
09:30:55,66.38,100,
09:30:55,66.39,200,
09:30:55,66.39,100,
09:30:57,66.38,200,
09:30:58,66.3899,8000,
09:30:59,66.38,500,
09:31:02,66.38,100,
09:31:02,66.38,1200,
09:31:02,66.38,158,
09:31:02,66.38,100,
09:31:02,66.37,3500,
09:31:02,66.37,500,
09:31:02,66.3788,120,
09:31:03,66.37,100,
09:31:03,66.37,100,
09:31:04,66.37,500,
09:31:04,66.38,100,
09:31:04,66.38,700,
09:31:06,66.375,100,
09:31:07,66.38,200,
09:31:08,66.375,100,
09:31:09,66.39,100,
09:31:09,66.38,500,
09:31:09,66.3701,400,
09:31:10,66.38,500,
09:31:10,66.38,100,
09:31:10,66.389,100,
09:31:10,66.379,100,
09:31:11,66.375,100,
09:31:12,66.379,500,
09:31:12,66.379,100,
09:31:12,66.38,282,
09:31:13,66.379,100,
09:31:14,66.37,424,
09:31:15,66.375,100,
09:31:18,66.38,100,
09:31:20,66.37,40000,
09:31:20,66.37,100,
09:31:20,66.37,200,
09:31:20,66.38,600,
09:31:20,66.38,100,
09:31:20,66.38,200,
09:31:20,66.375,100,
09:31:21,66.38,200,
09:31:21,66.375,450,
09:31:22,66.37,200,
09:31:22,66.37,400,
09:31:22,66.37,400,
09:31:22,66.37,300,
09:31:22,66.37,100,
09:31:22,66.37,100,
09:31:22,66.37,1200,
09:31:24,66.37,400,
09:31:24,66.37,356,
09:31:25,66.37,100,
09:31:25,66.37,100,
09:31:28,66.38,600,
09:31:28,66.38,200,
09:31:28,66.38,200,
09:31:28,66.38,200,
09:31:28,66.375,100,
09:31:32,66.38,100,
09:31:32,66.38,400,
09:31:32,66.38,509,
09:31:32,66.38,200,
09:31:32,66.38,100,
09:31:32,66.38,100,
09:31:34,66.38,100,
09:31:34,66.38,100,
09:31:35,66.39,100,
09:31:35,66.39,100,
09:31:35,66.39,600,
09:31:35,66.39,500,
09:31:35,66.39,100,
09:31:35,66.39,200,
09:31:35,66.385,100,
09:31:35,66.40,469,
09:31:35,66.40,1390,
09:31:36,66.40,220,
09:31:36,66.395,100,
09:31:36,66.41,400,
09:31:36,66.41,100,
09:31:36,66.40,100,
09:31:36,66.40,100,
09:31:36,66.40,500,
09:31:37,66.391,500,
09:31:38,66.40,100,
09:31:40,66.40,100,
09:31:40,66.40,100,
09:31:40,66.40,100,
09:31:40,66.40,200,
09:31:40,66.40,100,
09:31:40,66.40,500,
09:31:41,66.40,800,
09:31:42,66.40,1686,
09:31:42,66.40,200,
09:31:42,66.39,500,
09:31:42,66.39,800,
09:31:42,66.39,700,
09:31:44,66.39,100,
09:31:44,66.39,357,
09:31:44,66.39,200,
09:31:44,66.39,100,
09:31:44,66.39,100,
09:31:44,66.39,100,
09:31:44,66.39,300,
09:31:44,66.39,24824,
09:31:44,66.39,2400,
09:31:44,66.39,2000,
09:31:44,66.39,100,
09:31:44,66.39,500,
09:31:44,66.39,300,
09:31:44,66.39,400,
09:31:44,66.39,200,
09:31:44,66.39,800,
09:31:44,66.39,2400,
09:31:44,66.39,100,
09:31:44,66.39,100,
09:31:44,66.39,100,
09:31:44,66.39,100,
09:31:44,66.39,6500,
09:31:44,66.39,800,
09:31:44,66.39,500,
09:31:44,66.39,1000,
09:31:44,66.39,100,
09:31:44,66.39,100,
09:31:44,66.39,100,
09:31:44,66.39,200,
09:31:45,66.38,200,
09:31:45,66.38,100,
09:31:45,66.39,100,
09:31:45,66.39,200,
09:31:45,66.385,100,
09:31:45,66.40,100,
09:31:45,66.40,100,
09:31:45,66.40,600,
09:31:46,66.39,1000,
09:31:50,66.3801,100,
09:31:52,66.38,658,
09:31:52,66.38,3200,
09:31:52,66.38,218,
09:31:52,66.38,700,
09:31:53,66.39,100,
09:31:53,66.385,500,
09:31:53,66.40,100,
09:31:53,66.39,100,
09:31:53,66.40,500,
09:31:53,66.40,100,
09:31:53,66.39,800,
09:31:56,66.39,400,
09:31:56,66.39,100,
09:31:56,66.39,100,
09:31:56,66.39,200,
09:31:56,66.39,200,
09:31:57,66.38,500,
09:31:58,66.38,500,
09:31:59,66.38,100,
09:31:59,66.38,100,
09:31:59,66.38,800,
09:31:59,66.38,400,
09:31:59,66.38,200,
09:31:59,66.38,100,
09:32:00,66.38,800,
09:32:00,66.38,200,
09:32:00,66.38,1800,
09:32:00,66.375,100,
09:32:00,66.38,100,
09:32:00,66.38,500,
09:32:02,66.38,200,
09:32:02,66.38,200,
09:32:02,66.38,600,
09:32:02,66.37,400,
09:32:02,66.37,200,
09:32:03,66.37,100,
09:32:03,66.37,300,
09:32:03,66.37,100,
09:32:03,66.37,200,
09:32:03,66.37,1000,
09:32:03,66.365,100,
09:32:03,66.37,800,
09:32:03,66.37,700,
09:32:03,66.37,1000,
09:32:04,66.36,496,
09:32:04,66.37,500,
09:32:04,66.37,700,
09:32:06,66.365,100,
09:32:07,66.37,800,
09:32:10,66.37,100,
09:32:11,66.37,100,
09:32:11,66.38,300,
09:32:11,66.37,100,
09:32:12,66.38,400,
09:32:12,66.37,100,
09:32:12,66.37,2000,
09:32:12,66.3722,500,
09:32:12,66.37,2600,
09:32:13,66.372,2000,
09:32:15,66.37,200,
09:32:16,66.36,100,
09:32:16,66.36,100,
09:32:17,66.36,2000,
09:32:18,66.37,100,
09:32:18,66.37,100,
09:32:18,66.37,100,
09:32:18,66.37,100,
09:32:20,66.3783,100,
09:32:20,66.379,700,
09:32:22,66.37,200,
09:32:23,66.36,100,
09:32:25,66.365,100,
09:32:25,66.37,200,
09:32:25,66.37,500,
09:32:27,66.37,800,
09:32:30,66.37,100,
09:32:30,66.37,100,
09:32:31,66.38,200,
09:32:31,66.38,200,
09:32:31,66.38,100,
09:32:33,66.39,100,
09:32:33,66.39,2500,
09:32:33,66.39,300,
09:32:33,66.39,300,
09:32:33,66.39,100,
09:32:36,66.40,200,
09:32:36,66.39,100,
09:32:36,66.39,100,
09:32:38,66.40,100,
09:32:39,66.4001,2000,
09:32:40,66.41,500,
09:32:40,66.41,200,
09:32:43,66.40,200,
09:32:43,66.40,100,
09:32:44,66.40,100,
09:32:46,66.41,200,
09:32:46,66.41,800,
09:32:46,66.41,100,
09:32:46,66.42,100,
09:32:46,66.41,100,
09:32:46,66.41,200,
09:32:47,66.41,494,
09:32:47,66.41,100,
09:32:48,66.41,500,
09:32:48,66.41,100,
09:32:48,66.41,500,
09:32:50,66.41,618,
09:32:50,66.41,500,
09:32:52,66.41,100,
09:32:52,66.41,100,
09:32:53,66.42,300,
09:32:53,66.42,800,
09:32:53,66.42,400,
09:32:54,66.41,500,
09:32:55,66.4199,100,
09:32:55,66.41,100,
09:32:55,66.41,300,
09:32:55,66.41,100,
09:32:55,66.41,800,
09:32:56,66.40,218,
09:32:56,66.40,382,
09:32:57,66.41,500,
09:32:58,66.40,1000,
09:32:59,66.40,100,
09:32:59,66.40,496,
09:33:00,66.40,200,
09:33:00,66.40,100,
09:33:00,66.40,600,
09:33:00,66.40,1069,
09:33:01,66.395,100,
09:33:01,66.40,200,
09:33:01,66.40,700,
09:33:02,66.4079,540,
09:33:03,66.40,100,
09:33:03,66.40,200,
09:33:03,66.40,170,
09:33:03,66.40,500,
09:33:03,66.40,130,
09:33:03,66.40,430,
09:33:03,66.40,100,
09:33:03,66.40,200,
09:33:04,66.40,1806,
09:33:06,66.4079,4000,
09:33:10,66.41,200,
09:33:10,66.4071,1000,
09:33:10,66.41,127,
09:33:10,66.41,200,
09:33:10,66.41,200,
09:33:10,66.41,100,
09:33:10,66.41,500,
09:33:10,66.41,698,
09:33:10,66.41,200,
09:33:10,66.41,200,
09:33:12,66.41,100,
09:33:13,66.40,800,
09:33:13,66.40,200,
09:33:13,66.41,200,
09:33:13,66.41,200,
09:33:13,66.41,100,
09:33:13,66.41,300,
09:33:13,66.41,182,
09:33:13,66.41,1103,
09:33:14,66.41,179,
09:33:15,66.41,556,
09:33:15,66.41,100,
09:33:15,66.41,156,
09:33:15,66.42,200,
09:33:15,66.41,800,
09:33:15,66.41,200,
09:33:15,66.41,800,
09:33:15,66.41,300,
09:33:15,66.41,282,
09:33:17,66.4082,100,
09:33:17,66.40,500,
09:33:17,66.40,800,
09:33:17,66.40,500,
09:33:17,66.40,100,
09:33:19,66.4084,100,
09:33:19,66.41,282,
09:33:19,66.41,218,
09:33:19,66.41,300,
09:33:19,66.41,300,
09:33:20,66.4086,100,
09:33:20,66.41,100,
09:33:21,66.40,1800,
09:33:21,66.40,100,
09:33:21,66.40,200,
09:33:21,66.40,300,
09:33:21,66.40,300,
09:33:21,66.40,100,
09:33:22,66.409,100,
09:33:23,66.4083,100,
09:33:23,66.41,100,
09:33:23,66.41,100,
09:33:24,66.409,100,
09:33:25,66.41,300,
09:33:25,66.409,100,
09:33:25,66.41,300,
09:33:25,66.41,100,
09:33:25,66.41,300,
09:33:26,66.41,300,
09:33:26,66.4087,100,
09:33:26,66.40,500,
09:33:26,66.40,800,
09:33:26,66.40,400,
09:33:26,66.40,200,
09:33:26,66.40,700,
09:33:26,66.40,100,
09:33:26,66.40,700,
09:33:26,66.40,375,
09:33:26,66.40,225,
09:33:26,66.40,100,
09:33:27,66.40,100,
09:33:29,66.409,100,
09:33:30,66.4001,200,
09:33:34,66.4042,469,
09:33:34,66.40,800,
09:33:35,66.4001,100,
09:33:37,66.41,100,
09:33:37,66.41,100,
09:33:41,66.41,100,
09:33:41,66.41,100,
09:33:41,66.41,100,
09:33:41,66.41,100,
09:33:41,66.41,1100,
09:33:41,66.41,100,
09:33:42,66.41,100,
09:33:44,66.41,368,
09:33:46,66.41,300,
09:33:47,66.42,100,
09:33:51,66.42,100,
09:33:51,66.42,200,
09:33:51,66.42,200,
09:33:51,66.42,300,
09:33:51,66.42,200,
09:33:51,66.42,1012,
09:33:51,66.42,100,
09:33:51,66.42,200,
09:33:51,66.42,100,
09:33:54,66.43,2715,
09:33:58,66.43,500,
09:34:02,66.43,100,
09:34:03,66.43,500,
09:34:03,66.43,500,
09:34:03,66.43,500,
09:34:03,66.43,125,
09:34:03,66.43,375,
09:34:03,66.43,100,
09:34:03,66.43,200,
09:34:03,66.43,500,
09:34:03,66.43,200,
09:34:03,66.43,500,
09:34:03,66.43,100,
09:34:03,66.43,500,
09:34:03,66.43,500,
09:34:03,66.43,500,
09:34:03,66.43,500,
09:34:03,66.43,300,
09:34:03,66.43,200,
09:34:03,66.43,200,
09:34:04,66.43,100,
09:34:04,66.43,100,
09:34:04,66.43,300,
09:34:04,66.43,100,
09:34:04,66.43,1000,
09:34:04,66.43,100,
09:34:04,66.43,1000,
09:34:04,66.43,300,
09:34:04,66.43,500,
09:34:04,66.43,100,
09:34:04,66.4262,1000,
09:34:04,66.43,300,
09:34:05,66.43,400,
09:34:05,66.43,500,
09:34:05,66.43,500,
09:34:05,66.43,800,
09:34:05,66.44,200,
09:34:07,66.44,200,
09:34:07,66.44,100,
09:34:07,66.44,300,
09:34:08,66.43,1000,
09:34:08,66.43,1500,
09:34:09,66.43,2400,
09:34:09,66.43,900,
09:34:10,66.43,1000,
09:34:11,66.43,500,
09:34:11,66.43,400,
09:34:11,66.43,400,
09:34:12,66.43,400,
09:34:12,66.43,300,
09:34:13,66.43,300,
09:34:13,66.43,120,
09:34:13,66.43,680,
09:34:13,66.43,500,
09:34:13,66.43,4100,
09:34:13,66.43,420,
09:34:13,66.44,500,
09:34:13,66.44,100,
09:34:13,66.43,1000,
09:34:13,66.44,139,
09:34:13,66.44,839,
09:34:13,66.45,680,
09:34:13,66.44,100,
09:34:13,66.44,800,
09:34:13,66.43,300,
09:34:13,66.43,800,
09:34:13,66.43,200,
09:34:13,66.43,200,
09:34:14,66.43,2400,
09:34:16,66.43,800,
09:34:16,66.4372,195,
09:34:16,66.439,200,
09:34:18,66.43,100,
09:34:18,66.42,500,
09:34:18,66.42,875,
09:34:19,66.42,300,
09:34:20,66.42,239,
09:34:20,66.42,139,
09:34:20,66.42,200,
09:34:20,66.42,139,
09:34:20,66.42,300,
09:34:20,66.42,200,
09:34:20,66.4199,450,
09:34:21,66.42,100,
09:34:21,66.42,100,
09:34:21,66.42,100,
09:34:23,66.4179,1000,
09:34:23,66.42,327,
09:34:23,66.42,400,
09:34:25,66.42,600,
09:34:25,66.43,500,
09:34:25,66.43,200,
09:34:25,66.43,127,
09:34:25,66.43,1000,
09:34:25,66.43,100,
09:34:25,66.43,100,
09:34:25,66.43,100,
09:34:25,66.43,800,
09:34:25,66.43,100,
09:34:25,66.43,1000,
09:34:25,66.43,200,
09:34:25,66.43,300,
09:34:25,66.44,600,
09:34:25,66.44,100,
09:34:25,66.44,300,
09:34:25,66.45,100,
09:34:25,66.44,100,
09:34:27,66.44,629,
09:34:27,66.44,330,
09:34:27,66.44,100,
09:34:27,66.44,300,
09:34:28,66.44,200,
09:34:29,66.4371,100,
09:34:29,66.44,200,
09:34:32,66.43,400,
09:34:32,66.43,100,
09:34:32,66.43,400,
09:34:32,66.43,700,
09:34:32,66.43,100,
09:34:32,66.43,100,
09:34:32,66.43,2439,
09:34:32,66.43,200,
09:34:32,66.43,800,
09:34:32,66.43,815,
09:34:32,66.43,1500,
09:34:32,66.43,100,
09:34:32,66.42,500,
09:34:32,66.42,100,
09:34:34,66.42,100,
09:34:34,66.42,277,
09:34:35,66.43,139,
09:34:35,66.43,561,
09:34:35,66.43,661,
09:34:35,66.43,1000,
09:34:37,66.43,300,
09:34:39,66.43,100,
09:34:44,66.4279,150,
09:34:45,66.43,100,
09:34:46,66.42,900,
09:34:46,66.42,100,
09:34:46,66.42,100,
09:34:48,66.43,300,
09:34:48,66.43,200,
09:34:50,66.43,2400,
09:34:51,66.43,800,
09:34:51,66.4301,2500,
09:34:51,66.43,800,
09:34:51,66.43,800,
09:34:52,66.439,200,
09:34:52,66.43,100,
09:34:53,66.4384,300,
09:34:53,66.4387,100,
09:34:53,66.439,800,
09:34:55,66.43,800,
09:34:55,66.43,300,
09:34:55,66.43,900,
09:34:55,66.43,400,
09:34:55,66.43,2200,
09:34:56,66.43,200,
09:34:56,66.44,100,
09:34:56,66.4395,500,
09:34:56,66.43,700,
09:34:57,66.435,100,
09:34:58,66.43,150,
09:34:58,66.43,300,
09:34:58,66.4201,4000,
09:34:58,66.43,300,
09:34:58,66.43,300,
09:34:58,66.43,300,
09:34:59,66.43,100,
09:34:59,66.43,200,
09:34:59,66.43,800,
09:34:59,66.43,300,
09:34:59,66.43,1000,
09:34:59,66.4399,900,
09:35:00,66.4384,200,
09:35:00,66.43,700,
09:35:00,66.43,100,
09:35:00,66.43,800,
09:35:00,66.44,500,
09:35:00,66.44,800,
09:35:00,66.44,800,
09:35:00,66.44,100,
09:35:00,66.44,200,
09:35:00,66.44,500,
09:35:00,66.435,100,
09:35:00,66.435,200,
09:35:00,66.44,500,
09:35:00,66.44,400,
09:35:00,66.44,300,
09:35:00,66.44,100,
09:35:00,66.44,200,
09:35:00,66.44,500,
09:35:00,66.44,200,
09:35:02,66.44,800,
09:35:02,66.44,100,
09:35:03,66.4421,500,
09:35:04,66.44,800,
09:35:04,66.44,800,
09:35:04,66.44,500,
09:35:04,66.44,100,
09:35:04,66.44,300,
09:35:06,66.43,1000,
09:35:06,66.43,200,
09:35:06,66.43,400,
09:35:06,66.44,300,
09:35:06,66.44,300,
09:35:06,66.44,300,
09:35:06,66.44,500,
09:35:07,66.44,500,
09:35:07,66.44,100,
09:35:07,66.43,200,
09:35:07,66.43,200,
09:35:08,66.43,200,
09:35:08,66.43,800,
09:35:08,66.43,800,
09:35:08,66.43,100,
09:35:08,66.43,200,
09:35:08,66.43,1396,
09:35:08,66.43,400,
09:35:08,66.43,100,
09:35:08,66.43,500,
09:35:09,66.43,100,
09:35:09,66.43,1000,
09:35:11,66.43,115,
09:35:11,66.43,1990,
09:35:11,66.43,200,
09:35:11,66.43,400,
09:35:11,66.43,200,
09:35:11,66.43,385,
09:35:11,66.43,100,
09:35:11,66.43,700,
09:35:12,66.43,100,
09:35:18,66.43,100,
09:35:18,66.43,3000,
09:35:18,66.43,457,
09:35:20,66.43,1600,
09:35:20,66.43,600,
09:35:20,66.43,300,
09:35:20,66.43,900,
09:35:20,66.43,900,
09:35:20,66.43,100,
09:35:20,66.42,100,
09:35:20,66.42,200,
09:35:20,66.42,385,
09:35:20,66.43,300,
09:35:22,66.4199,229,
09:35:23,66.42,400,
09:35:27,66.41,300,
09:35:27,66.4179,550,
09:35:31,66.4179,400,
09:35:31,66.40,800,
09:35:32,66.40,400,
09:35:32,66.40,800,
09:35:32,66.40,400,
09:35:33,66.40,300,
09:35:33,66.41,1000,
09:35:33,66.41,100,
09:35:34,66.42,100,
09:35:34,66.43,700,
09:35:36,66.42,200,
09:35:36,66.42,400,
09:35:36,66.42,100,
09:35:36,66.42,100,
09:35:36,66.42,100,
09:35:36,66.42,400,
09:35:37,66.42,1700,
09:35:37,66.42,100,
09:35:38,66.41,200,
09:35:38,66.41,200,
09:35:40,66.41,200,
09:35:42,66.42,100,
09:35:43,66.42,600,
09:35:47,66.4185,200,
09:35:47,66.41,800,
09:35:47,66.42,200,
09:35:49,66.40,400,
09:35:49,66.41,200,
09:35:49,66.41,300,
09:35:49,66.4025,200,
09:35:49,66.41,200,
09:35:52,66.40,100,
09:35:52,66.40,100,
09:35:52,66.40,175,
09:35:52,66.40,100,
09:35:52,66.40,800,
09:35:52,66.40,400,
09:35:52,66.40,400,
09:35:52,66.40,500,
09:35:52,66.40,210,
09:35:52,66.39,800,
09:35:53,66.395,700,
09:35:54,66.39,100,
09:35:57,66.39,2300,
09:35:58,66.399,100,
09:36:00,66.3901,100,
09:36:01,66.395,700,
09:36:02,66.3957,350,
09:36:04,66.39,200,
09:36:04,66.39,333,
09:36:04,66.39,1000,
09:36:04,66.39,800,
09:36:04,66.39,100,
09:36:04,66.39,815,
09:36:04,66.39,800,
09:36:04,66.39,200,
09:36:04,66.39,800,
09:36:04,66.39,400,
09:36:04,66.39,100,
09:36:04,66.39,600,
09:36:04,66.39,400,
09:36:04,66.39,400,
09:36:04,66.39,100,
09:36:04,66.39,200,
09:36:04,66.39,4100,
09:36:04,66.39,1300,
09:36:04,66.39,300,
09:36:04,66.39,500,
09:36:04,66.40,700,
09:36:06,66.39,300,
09:36:06,66.39,200,
09:36:06,66.39,368,
09:36:06,66.39,200,
09:36:13,66.38,700,
09:36:14,66.3801,4000,
09:36:17,66.39,100,
09:36:17,66.39,3100,
09:36:18,66.38,200,
09:36:19,66.38,700,
09:36:19,66.38,200,
09:36:21,66.38,100,
09:36:22,66.38,100,
09:36:22,66.38,200,
09:36:26,66.38,200,
09:36:26,66.381,200,
09:36:27,66.38,700,
09:36:27,66.38,100,
09:36:30,66.38,100,
09:36:30,66.38,500,
09:36:30,66.38,500,
09:36:30,66.38,800,
09:36:31,66.389,100,
09:36:32,66.3801,4000,
09:36:33,66.38,400,
09:36:33,66.38,200,
09:36:34,66.3897,300,
09:36:34,66.389,400,
09:36:35,66.39,327,
09:36:35,66.39,600,
09:36:37,66.38,100,
09:36:38,66.38,500,
09:36:41,66.39,100,
09:36:41,66.39,1000,
09:36:43,66.39,200,
09:36:44,66.38,200,
09:36:46,66.38,800,
09:36:46,66.38,100,
09:36:46,66.38,568,
09:36:46,66.38,100,
09:36:47,66.38,600,
09:36:48,66.38,300,
09:36:48,66.38,100,
09:36:48,66.38,200,
09:36:48,66.38,300,
09:36:49,66.38,800,
09:36:49,66.38,800,
09:36:50,66.38,1400,
09:36:50,66.38,1476,
09:36:50,66.38,100,
09:36:50,66.38,200,
09:36:50,66.38,100,
09:36:50,66.38,100,
09:36:50,66.38,500,
09:36:50,66.38,100,
09:36:50,66.38,800,
09:36:50,66.39,400,
09:36:50,66.39,600,
09:36:53,66.38,412,
09:36:54,66.3802,200,
09:36:55,66.38,188,
09:36:55,66.38,300,
09:36:55,66.38,188,
09:36:56,66.38,288,
09:36:56,66.38,188,
09:36:56,66.38,188,
09:36:56,66.38,188,
09:36:56,66.38,200,
09:36:57,66.38,300,
09:36:57,66.38,115,
09:36:57,66.38,200,
09:36:59,66.38,800,
09:37:00,66.38,656,
09:37:00,66.38,200,
09:37:00,66.3801,200,
09:37:02,66.38,256,
09:37:02,66.38,100,
09:37:02,66.38,100,
09:37:02,66.38,100,
09:37:02,66.38,300,
09:37:02,66.38,200,
09:37:02,66.38,300,
09:37:02,66.38,300,
09:37:03,66.38,200,
09:37:03,66.38,300,
09:37:03,66.38,200,
09:37:03,66.39,100,
09:37:03,66.39,100,
09:37:03,66.39,100,
09:37:03,66.38,100,
09:37:03,66.39,100,
09:37:03,66.39,100,
09:37:03,66.39,100,
09:37:03,66.38,300,
09:37:03,66.39,100,
09:37:03,66.38,100,
09:37:03,66.39,300,
09:37:03,66.39,200,
09:37:03,66.38,300,
09:37:03,66.38,200,
09:37:03,66.39,200,
09:37:03,66.39,300,
09:37:04,66.39,300,
09:37:04,66.38,100,
09:37:04,66.39,100,
09:37:04,66.39,100,
09:37:04,66.39,100,
09:37:05,66.39,300,
09:37:05,66.39,300,
09:37:05,66.39,300,
09:37:05,66.39,600,
09:37:06,66.39,100,
09:37:06,66.39,600,
09:37:06,66.39,100,
09:37:06,66.39,100,
09:37:06,66.39,100,
09:37:07,66.38,1000,
09:37:07,66.38,300,
09:37:08,66.38,100,
09:37:08,66.38,100,
09:37:08,66.38,100,
09:37:08,66.38,100,
09:37:09,66.39,300,
09:37:09,66.38,250,
09:37:10,66.38,350,
09:37:10,66.38,350,
09:37:10,66.38,200,
09:37:10,66.38,100,
09:37:10,66.38,295,
09:37:11,66.38,205,
09:37:11,66.38,300,
09:37:11,66.38,100,
09:37:11,66.38,205,
09:37:12,66.38,105,
09:37:12,66.38,300,
09:37:12,66.38,200,
09:37:14,66.39,400,
09:37:14,66.39,100,
09:37:14,66.39,600,
09:37:14,66.39,100,
09:37:14,66.39,100,
09:37:14,66.39,300,
09:37:14,66.399,1000,
09:37:14,66.399,400,
09:37:14,66.399,300,
09:37:14,66.399,2300,
09:37:14,66.39,100,
09:37:14,66.39,200,
09:37:14,66.39,200,
09:37:15,66.39,100,
09:37:15,66.39,280,
09:37:15,66.39,680,
09:37:15,66.40,700,
09:37:16,66.3801,200,
09:37:18,66.39,100,
09:37:18,66.39,200,
09:37:18,66.39,100,
09:37:18,66.39,700,
09:37:19,66.39,200,
09:37:20,66.39,398,
09:37:20,66.39,200,
09:37:20,66.39,298,
09:37:20,66.39,100,
09:37:20,66.39,451,
09:37:20,66.385,100,
09:37:20,66.39,200,
09:37:20,66.39,400,
09:37:20,66.385,100,
09:37:20,66.39,200,
09:37:20,66.39,700,
09:37:20,66.39,700,
09:37:20,66.39,100,
09:37:24,66.38,200,
09:37:24,66.38,100,
09:37:24,66.38,200,
09:37:24,66.38,200,
09:37:24,66.38,200,
09:37:24,66.38,300,
09:37:25,66.38,1000,
09:37:25,66.38,100,
09:37:25,66.38,100,
09:37:26,66.38,3558,
09:37:26,66.37,100,
09:37:27,66.37,300,
09:37:27,66.37,800,
09:37:27,66.37,200,
09:37:27,66.37,300,
09:37:28,66.37,100,
09:37:28,66.37,200,
09:37:28,66.37,100,
09:37:28,66.37,300,
09:37:30,66.38,600,
09:37:30,66.375,100,
09:37:32,66.38,300,
09:37:32,66.38,100,
09:37:32,66.39,400,
09:37:33,66.38,100,
09:37:33,66.38,100,
09:37:33,66.38,500,
09:37:34,66.38,100,
09:37:34,66.38,200,
09:37:34,66.38,200,
09:37:34,66.38,400,
09:37:34,66.38,200,
09:37:36,66.38,551,
09:37:36,66.38,100,
09:37:36,66.38,351,
09:37:36,66.38,500,
09:37:36,66.38,1000,
09:37:36,66.39,600,
09:37:36,66.39,600,
09:37:36,66.39,200,
09:37:36,66.39,800,
09:37:36,66.39,100,
09:37:37,66.39,100,
09:37:37,66.38,100,
09:37:38,66.38,200,
09:37:38,66.38,330,
09:37:38,66.37,205,
09:37:38,66.37,400,
09:37:38,66.37,600,
09:37:38,66.37,215,
09:37:38,66.37,273,
09:37:41,66.36,1100,
09:37:41,66.36,3000,
09:37:41,66.36,1000,
09:37:41,66.36,400,
09:37:41,66.36,100,
09:37:41,66.36,600,
09:37:41,66.36,500,
09:37:42,66.36,100,
09:37:42,66.36,200,
09:37:44,66.36,100,
09:37:44,66.35,400,
09:37:45,66.35,200,
09:37:46,66.352,10000,
09:37:48,66.35,400,
09:37:48,66.35,500,
09:37:49,66.359,300,
09:37:49,66.359,400,
09:37:50,66.35,100,
09:37:50,66.35,2000,
09:37:50,66.35,4000,
09:37:51,66.35,300,
09:37:51,66.35,100,
09:37:51,66.35,400,
09:37:51,66.35,100,
09:37:52,66.35,100,
09:37:52,66.34,300,
09:37:52,66.35,400,
09:37:54,66.34,100,
09:37:55,66.34,200,
09:37:56,66.3399,100,
09:37:59,66.3379,120,
09:37:59,66.34,278,
09:37:59,66.34,478,
09:37:59,66.33,400,
09:37:59,66.33,300,
09:37:59,66.33,400,
09:37:59,66.33,100,
09:37:59,66.34,378,
09:37:59,66.34,100,
09:37:59,66.34,122,
09:38:00,66.34,493,
09:38:00,66.34,166,
09:38:00,66.34,100,
09:38:00,66.34,100,
09:38:01,66.34,1100,
09:38:01,66.3401,500,
09:38:02,66.34,300,
09:38:02,66.34,200,
09:38:02,66.34,136,
09:38:02,66.34,300,
09:38:02,66.34,100,
09:38:02,66.34,500,
09:38:02,66.34,100,
09:38:02,66.34,100,
09:38:03,66.35,100,
09:38:03,66.34,500,
09:38:03,66.34,1400,
09:38:03,66.35,200,
09:38:03,66.35,100,
09:38:03,66.35,100,
09:38:03,66.34,200,
09:38:03,66.34,300,
09:38:03,66.34,200,
09:38:03,66.34,300,
09:38:03,66.35,100,
09:38:03,66.34,200,
09:38:03,66.34,200,
09:38:03,66.34,105,
09:38:03,66.34,300,
09:38:03,66.34,195,
09:38:03,66.35,100,
09:38:03,66.35,100,
09:38:03,66.34,295,
09:38:04,66.35,300,
09:38:04,66.34,295,
09:38:04,66.35,100,
09:38:04,66.34,300,
09:38:04,66.34,105,
09:38:04,66.35,200,
09:38:04,66.34,300,
09:38:04,66.34,195,
09:38:04,66.34,200,
09:38:04,66.34,195,
09:38:04,66.34,205,
09:38:04,66.34,200,
09:38:04,66.34,295,
09:38:04,66.34,105,
09:38:04,66.35,200,
09:38:04,66.35,100,
09:38:05,66.34,200,
09:38:05,66.35,200,
09:38:05,66.35,200,
09:38:05,66.35,200,
09:38:05,66.34,295,
09:38:05,66.34,300,
09:38:05,66.34,812,
09:38:05,66.34,100,
09:38:05,66.34,100,
09:38:05,66.34,100,
09:38:05,66.345,100,
09:38:05,66.34,200,
09:38:06,66.34,100,
09:38:06,66.34,100,
09:38:06,66.35,450,
09:38:07,66.34,300,
09:38:08,66.35,100,
09:38:08,66.35,600,
09:38:08,66.34,300,
09:38:11,66.35,300,
09:38:13,66.34,100,
09:38:13,66.34,100,
09:38:15,66.34,600,
09:38:17,66.3421,600,
09:38:20,66.34,100,
09:38:22,66.34,124,
09:38:22,66.34,200,
09:38:22,66.34,100,
09:38:22,66.34,600,
09:38:22,66.34,100,
09:38:22,66.34,424,
09:38:22,66.34,100,
09:38:22,66.34,200,
09:38:22,66.34,276,
09:38:23,66.34,1100,
09:38:26,66.34,400,
09:38:26,66.34,100,
09:38:26,66.34,1300,
09:38:26,66.34,400,
09:38:26,66.34,300,
09:38:26,66.34,200,
09:38:26,66.34,400,
09:38:26,66.34,200,
09:38:26,66.34,100,
09:38:29,66.34,800,
09:38:29,66.34,200,
09:38:29,66.34,100,
09:38:29,66.34,7000,
09:38:29,66.34,600,
09:38:29,66.34,225,
09:38:29,66.34,100,
09:38:29,66.34,100,
09:38:29,66.34,100,
09:38:29,66.34,800,
09:38:29,66.34,800,
09:38:29,66.34,800,
09:38:30,66.33,100,
09:38:30,66.33,100,
09:38:30,66.33,100,
09:38:30,66.33,100,
09:38:30,66.3379,100,
09:38:31,66.33,100,
09:38:33,66.33,100,
09:38:33,66.33,200,
09:38:36,66.3364,500,
09:38:39,66.3399,201,
09:38:40,66.33,100,
09:38:40,66.32,600,
09:38:45,66.32,700,
09:38:47,66.31,100,
09:38:47,66.3001,6000,
09:38:47,66.30,600,
09:38:47,66.30,400,
09:38:47,66.30,100,
09:38:47,66.30,2400,
09:38:47,66.30,400,
09:38:47,66.30,800,
09:38:47,66.30,100,
09:38:47,66.30,400,
09:38:47,66.30,400,
09:38:47,66.30,1800,
09:38:48,66.309,100,
09:38:49,66.31,677,
09:38:49,66.31,800,
09:38:49,66.31,200,
09:38:49,66.31,723,
09:38:49,66.31,200,
09:38:49,66.31,1000,
09:38:51,66.31,600,
09:38:51,66.31,200,
09:38:51,66.31,200,
09:38:56,66.30,100,
09:38:56,66.30,600,
09:38:57,66.3099,600,
09:38:57,66.3099,2600,
09:38:58,66.30,600,
09:39:01,66.29,274,
09:39:01,66.29,100,
09:39:01,66.29,1120,
09:39:02,66.29,100,
09:39:02,66.29,100,
09:39:02,66.29,337,
09:39:03,66.31,100,
09:39:03,66.31,100,
09:39:03,66.31,800,
09:39:04,66.31,100,
09:39:04,66.31,400,
09:39:04,66.31,300,
09:39:07,66.31,200,
09:39:07,66.31,3000,
09:39:08,66.32,500,
09:39:08,66.32,200,
09:39:08,66.32,300,
09:39:08,66.32,300,
09:39:08,66.32,300,
09:39:08,66.32,1000,
09:39:08,66.32,400,
09:39:08,66.32,500,
09:39:08,66.32,2000,
09:39:08,66.32,100,
09:39:09,66.3172,300,
09:39:09,66.31,300,
09:39:09,66.31,200,
09:39:09,66.31,600,
09:39:09,66.31,100,
09:39:09,66.31,200,
09:39:09,66.31,500,
09:39:09,66.31,1200,
09:39:09,66.31,600,
09:39:09,66.31,800,
09:39:09,66.31,1000,
09:39:09,66.31,400,
09:39:09,66.31,200,
09:39:09,66.31,6500,
09:39:09,66.31,200,
09:39:09,66.31,2400,
09:39:09,66.32,300,
09:39:09,66.32,300,
09:39:09,66.32,1200,
09:39:09,66.31,100,
09:39:09,66.32,400,
09:39:09,66.32,600,
09:39:09,66.32,200,
09:39:09,66.33,500,
09:39:09,66.33,200,
09:39:11,66.33,600,
09:39:11,66.33,800,
09:39:11,66.33,400,
09:39:11,66.33,100,
09:39:11,66.33,100,
09:39:11,66.33,400,
09:39:11,66.33,100,
09:39:14,66.34,100,
09:39:16,66.33,800,
09:39:16,66.33,100,
09:39:16,66.33,100,
09:39:16,66.32,100,
09:39:16,66.32,400,
09:39:16,66.32,200,
09:39:18,66.33,100,
09:39:19,66.34,128,
09:39:22,66.335,800,
09:39:22,66.335,560,
09:39:22,66.335,200,
09:39:26,66.35,100,
09:39:26,66.35,1000,
09:39:26,66.35,1000,
09:39:26,66.3579,170,
09:39:30,66.36,100,
09:39:30,66.36,100,
09:39:30,66.355,300,
09:39:30,66.355,100,
09:39:33,66.36,100,
09:39:33,66.355,100,
09:39:33,66.355,500,
09:39:36,66.37,100,
09:39:36,66.365,200,
09:39:36,66.38,500,
09:39:36,66.38,200,
09:39:36,66.38,400,
09:39:36,66.38,121,
09:39:36,66.38,400,
09:39:36,66.375,100,
09:39:36,66.38,200,
09:39:36,66.38,200,
09:39:36,66.38,400,
09:39:36,66.38,100,
09:39:36,66.38,100,
09:39:37,66.38,100,
09:39:37,66.38,100,
09:39:37,66.38,600,
09:39:37,66.38,105,
09:39:37,66.38,200,
09:39:37,66.38,100,
09:39:37,66.38,800,
09:39:37,66.38,200,
09:39:37,66.37,100,
09:39:37,66.37,600,
09:39:37,66.37,490,
09:39:44,66.37,200,
09:39:46,66.38,600,
09:39:46,66.38,800,
09:39:49,66.38,300,
09:39:50,66.38,400,
09:39:50,66.38,800,
09:39:50,66.37,900,
09:39:50,66.37,100,
09:39:51,66.37,244,
09:39:51,66.37,200,
09:39:51,66.37,400,
09:39:51,66.37,100,
09:39:52,66.38,100,
09:39:53,66.37,1000,
09:39:53,66.37,200,
09:39:53,66.37,200,
09:39:53,66.37,600,
09:39:54,66.3601,200,
09:39:55,66.36,300,
09:39:55,66.36,200,
09:39:55,66.36,100,
09:39:55,66.36,456,
09:39:55,66.36,344,
09:39:55,66.36,300,
09:39:55,66.36,144,
09:39:57,66.35,200,
09:39:57,66.35,400,
09:39:57,66.35,800,
09:39:58,66.349,500,
09:39:58,66.349,541,
09:39:59,66.35,200,
09:39:59,66.35,100,
09:40:00,66.35,400,
09:40:00,66.35,700,
09:40:00,66.35,600,
09:40:00,66.35,200,
09:40:01,66.36,100,
09:40:01,66.36,600,
09:40:01,66.36,800,
09:40:01,66.36,100,
09:40:01,66.355,400,
09:40:01,66.37,200,
09:40:01,66.37,300,
09:40:01,66.37,300,
09:40:01,66.37,300,
09:40:01,66.37,1000,
09:40:02,66.36,800,
09:40:02,66.36,200,
09:40:02,66.36,200,
09:40:02,66.36,100,
09:40:02,66.36,217,
09:40:02,66.35,400,
09:40:02,66.35,300,
09:40:02,66.37,1400,
09:40:04,66.36,100,
09:40:04,66.36,556,
09:40:04,66.36,444,
09:40:05,66.36,100,
09:40:05,66.36,400,
09:40:05,66.36,144,
09:40:10,66.35,200,
09:40:15,66.36,200,
09:40:15,66.36,100,
09:40:15,66.36,600,
09:40:15,66.36,300,
09:40:15,66.36,300,
09:40:16,66.37,2400,
09:40:16,66.37,100,
09:40:16,66.37,100,
09:40:19,66.36,100,
09:40:21,66.38,300,
09:40:21,66.38,100,
09:40:23,66.38,300,
09:40:23,66.38,400,
09:40:23,66.38,130,
09:40:23,66.38,400,
09:40:23,66.38,100,
09:40:23,66.38,1000,
09:40:23,66.38,600,
09:40:23,66.38,100,
09:40:23,66.38,100,
09:40:23,66.38,2800,
09:40:23,66.37,100,
09:40:26,66.37,100,
09:40:28,66.38,400,
09:40:30,66.37,800,
09:40:30,66.37,1000,
09:40:30,66.37,600,
09:40:30,66.37,100,
09:40:30,66.37,500,
09:40:30,66.37,400,
09:40:30,66.36,100,
09:40:30,66.36,400,
09:40:31,66.36,400,
09:40:31,66.36,600,
09:40:31,66.36,900,
09:40:34,66.3695,1909,
09:40:34,66.37,400,
09:40:34,66.37,900,
09:40:35,66.37,600,
09:40:35,66.37,300,
09:40:35,66.37,100,
09:40:35,66.37,100,
09:40:35,66.37,400,
09:40:35,66.37,200,
09:40:37,66.37,650,
09:40:37,66.37,100,
09:40:39,66.36,100,
09:40:39,66.36,100,
09:40:39,66.36,400,
09:40:39,66.36,100,
09:40:39,66.36,500,
09:40:39,66.36,1000,
09:40:39,66.36,1000,
09:40:39,66.36,200,
09:40:39,66.36,100,
09:40:39,66.36,300,
09:40:39,66.36,100,
09:40:39,66.36,100,
09:40:39,66.36,200,
09:40:40,66.36,700,
09:40:40,66.35,100,
09:40:40,66.36,100,
09:40:42,66.36,300,
09:40:42,66.36,700,
09:40:42,66.36,1000,
09:40:43,66.36,600,
09:40:44,66.36,600,
09:40:46,66.36,200,
09:40:49,66.37,500,
09:40:49,66.37,100,
09:40:49,66.37,200,
09:40:49,66.37,900,
09:40:49,66.37,200,
09:40:49,66.37,500,
09:40:49,66.37,100,
09:40:56,66.37,500,
09:40:56,66.37,400,
09:40:56,66.36,300,
09:40:56,66.36,400,
09:40:56,66.36,700,
09:40:56,66.37,500,
09:40:56,66.37,1600,
09:40:56,66.37,500,
09:40:59,66.37,400,
09:40:59,66.37,300,
09:41:00,66.37,600,
09:41:00,66.37,500,
09:41:00,66.37,100,
09:41:02,66.38,400,
09:41:02,66.38,800,
09:41:02,66.38,100,
09:41:02,66.38,100,
09:41:02,66.38,400,
09:41:02,66.39,175,
09:41:09,66.38,600,
09:41:10,66.38,300,
09:41:10,66.38,200,
09:41:11,66.38,300,
09:41:11,66.38,200,
09:41:11,66.38,500,
09:41:11,66.38,2100,
09:41:11,66.38,600,
09:41:11,66.38,600,
09:41:11,66.38,300,
09:41:11,66.38,900,
09:41:11,66.38,100,
09:41:11,66.38,800,
09:41:12,66.38,100,
09:41:12,66.38,100,
09:41:15,66.38,400,
09:41:15,66.38,300,
09:41:15,66.38,200,
09:41:16,66.38,200,
09:41:17,66.38,360,
09:41:19,66.38,800,
09:41:19,66.38,100,
09:41:20,66.38,700,
09:41:21,66.38,100,
09:41:22,66.38,100,
09:41:24,66.38,200,
09:41:25,66.38,600,
09:41:28,66.381,1713,
09:41:38,66.38,500,
09:41:39,66.38,1200,
09:41:41,66.38,800,
09:41:41,66.38,400,
09:41:41,66.38,200,
09:41:42,66.39,100,
09:41:42,66.39,400,
09:41:42,66.39,1200,
09:41:42,66.385,100,
09:41:42,66.39,600,
09:41:42,66.39,400,
09:41:42,66.39,100,
09:41:42,66.39,100,
09:41:46,66.38,100,
09:41:46,66.39,800,
09:41:46,66.39,100,
09:41:46,66.39,1900,
09:41:46,66.39,3800,
09:41:46,66.39,100,
09:41:47,66.39,100,
09:41:48,66.38,600,
09:41:51,66.39,1000,
09:41:51,66.38,1400,
09:41:51,66.38,1000,
09:41:51,66.389,200,
09:41:52,66.38,800,
09:41:52,66.38,100,
09:41:52,66.38,1000,
09:41:53,66.39,200,
09:41:53,66.39,110,
09:41:53,66.39,200,
09:41:53,66.39,200,
09:41:55,66.40,210,
09:41:55,66.40,690,
09:41:58,66.40,100,
09:42:00,66.40,300,
09:42:01,66.40,100,
09:42:01,66.40,2000,
09:42:01,66.40,200,
09:42:01,66.40,200,
09:42:05,66.40,800,
09:42:05,66.40,200,
09:42:05,66.40,600,
09:42:05,66.40,300,
09:42:05,66.40,300,
09:42:05,66.40,700,
09:42:05,66.40,600,
09:42:05,66.40,168,
09:42:05,66.40,333,
09:42:05,66.40,300,
09:42:05,66.40,100,
09:42:07,66.39,300,
09:42:07,66.40,500,
09:42:07,66.40,900,
09:42:07,66.40,200,
09:42:07,66.40,100,
09:42:07,66.40,100,
09:42:07,66.40,600,
09:42:07,66.40,600,
09:42:07,66.40,200,
09:42:07,66.40,200,
09:42:08,66.409,100,
09:42:08,66.41,200,
09:42:08,66.41,170,
09:42:10,66.40,200,
09:42:11,66.40,200,
09:42:11,66.40,730,
09:42:11,66.40,800,
09:42:11,66.40,600,
09:42:11,66.39,200,
09:42:11,66.39,400,
09:42:11,66.39,100,
09:42:14,66.3999,1000,
09:42:16,66.39,200,
09:42:17,66.39,100,
09:42:18,66.39,200,
09:42:20,66.40,700,
09:42:20,66.39,100,
09:42:20,66.39,100,
09:42:20,66.39,100,
09:42:20,66.39,400,
09:42:20,66.391,400,
09:42:21,66.39,200,
09:42:22,66.3879,200,
09:42:24,66.38,100,
09:42:25,66.38,600,
09:42:25,66.38,900,
09:42:25,66.38,800,
09:42:25,66.38,100,
09:42:28,66.38,600,
09:42:30,66.38,100,
09:42:30,66.38,100,
09:42:30,66.38,100,
09:42:33,66.39,600,
09:42:34,66.39,200,
09:42:34,66.39,600,
09:42:34,66.39,100,
09:42:34,66.39,100,
09:42:34,66.40,100,
09:42:34,66.40,100,
09:42:34,66.40,600,
09:42:34,66.40,300,
09:42:34,66.40,100,
09:42:34,66.40,300,
09:42:34,66.40,400,
09:42:34,66.40,600,
09:42:34,66.41,200,
09:42:36,66.41,800,
09:42:39,66.41,100,
09:42:39,66.41,200,
09:42:39,66.41,600,
09:42:39,66.41,600,
09:42:42,66.41,300,
09:42:43,66.41,155,
09:42:43,66.40,400,
09:42:43,66.41,1650,
09:42:44,66.40,800,
09:42:44,66.40,600,
09:42:44,66.40,400,
09:42:49,66.39,100,
09:42:51,66.39,900,
09:42:51,66.39,400,
09:42:52,66.39,200,
09:42:52,66.39,200,
09:42:53,66.39,500,
09:42:53,66.39,200,
09:42:53,66.39,100,
09:42:53,66.39,900,
09:42:54,66.39,100,
09:42:54,66.39,500,
09:42:54,66.40,600,
09:42:54,66.40,100,
09:42:54,66.40,900,
09:42:54,66.40,600,
09:42:54,66.40,100,
09:42:54,66.40,700,
09:42:55,66.399,100,
09:42:55,66.39,900,
09:42:55,66.39,400,
09:42:56,66.39,300,
09:42:56,66.39,100,
09:42:56,66.39,600,
09:42:56,66.39,400,
09:42:56,66.39,200,
09:42:58,66.383,160,
09:42:59,66.39,100,
09:43:00,66.38,1600,
09:43:01,66.39,100,
09:43:01,66.39,1000,
09:43:01,66.39,1000,
09:43:01,66.39,575,
09:43:01,66.381,150,
09:43:03,66.39,100,
09:43:03,66.39,325,
09:43:04,66.3979,150,
09:43:04,66.39,100,
09:43:05,66.39,100,
09:43:05,66.39,800,
09:43:05,66.39,700,
09:43:06,66.395,101,
09:43:06,66.399,300,
09:43:06,66.3993,300,
09:43:07,66.39,100,
09:43:07,66.39,100,
09:43:07,66.399,100,
09:43:10,66.38,300,
09:43:11,66.39,500,
09:43:11,66.38,100,
09:43:11,66.38,200,
09:43:13,66.39,200,
09:43:15,66.38,200,
09:43:15,66.39,600,
09:43:17,66.38,100,
09:43:17,66.38,200,
09:43:17,66.38,300,
09:43:17,66.38,400,
09:43:17,66.38,512,
09:43:17,66.38,512,
09:43:17,66.38,303,
09:43:17,66.38,800,
09:43:17,66.3799,600,
09:43:20,66.37,600,
09:43:20,66.37,300,
09:43:20,66.37,700,
09:43:20,66.36,800,
09:43:20,66.36,100,
09:43:21,66.37,700,
09:43:21,66.37,700,
09:43:21,66.37,100,
09:43:21,66.37,100,
09:43:21,66.37,200,
09:43:24,66.38,100,
09:43:24,66.38,100,
09:43:24,66.38,100,
09:43:24,66.38,600,
09:43:24,66.38,100,
09:43:24,66.38,600,
09:43:24,66.38,100,
09:43:24,66.37,800,
09:43:24,66.37,700,
09:43:29,66.38,900,
09:43:29,66.38,200,
09:43:30,66.38,140,
09:43:30,66.38,400,
09:43:30,66.38,900,
09:43:30,66.38,800,
09:43:30,66.38,200,
09:43:30,66.38,100,
09:43:30,66.38,100,
09:43:30,66.38,200,
09:43:30,66.38,700,
09:43:35,66.38,100,
09:43:35,66.38,200,
09:43:35,66.38,200,
09:43:35,66.38,100,
09:43:35,66.38,100,
09:43:36,66.3701,200,
09:43:38,66.38,700,
09:43:43,66.36,200,
09:43:44,66.36,300,
09:43:46,66.35,500,
09:43:47,66.35,200,
09:43:47,66.35,100,
09:43:48,66.35,600,
09:43:48,66.35,100,
09:43:48,66.35,400,
09:43:49,66.35,800,
09:43:49,66.35,200,
09:43:49,66.35,300,
09:43:49,66.35,400,
09:43:53,66.3471,500,
09:43:55,66.34,400,
09:43:55,66.34,400,
09:43:56,66.34,620,
09:43:57,66.34,200,
09:43:57,66.34,590,
09:43:57,66.34,724,
09:43:59,66.3325,200,
09:43:59,66.3328,100,
09:44:00,66.33,400,
09:44:01,66.33,600,
09:44:02,66.34,100,
09:44:05,66.33,100,
09:44:10,66.34,200,
09:44:10,66.34,200,
09:44:10,66.34,100,
09:44:10,66.34,176,
09:44:16,66.34,1500,
09:44:17,66.35,600,
09:44:17,66.35,500,
09:44:17,66.36,100,
09:44:19,66.36,400,
09:44:19,66.36,1000,
09:44:19,66.37,275,
09:44:20,66.36,800,
09:44:20,66.36,200,
09:44:20,66.36,100,
09:44:21,66.35,200,
09:44:29,66.35,200,
09:44:33,66.351,100,
09:44:37,66.355,100,
09:44:37,66.355,100,
09:44:37,66.355,100,
09:44:37,66.36,200,
09:44:37,66.36,900,
09:44:37,66.36,500,
09:44:37,66.355,100,
09:44:39,66.369,1000,
09:44:41,66.37,500,
09:44:41,66.37,400,
09:44:42,66.37,800,
09:44:43,66.37,200,
09:44:45,66.37,200,
09:44:45,66.37,900,
09:44:45,66.37,800,
09:44:46,66.3679,200,
09:44:47,66.37,200,
09:44:47,66.37,800,
09:44:47,66.37,800,
09:44:47,66.37,100,
09:44:47,66.37,200,
09:44:47,66.38,900,
09:44:48,66.37,600,
09:44:48,66.37,184,
09:44:48,66.378,1235,
09:44:49,66.38,200,
09:44:49,66.38,100,
09:44:49,66.38,400,
09:44:49,66.38,300,
09:44:51,66.37,100,
09:44:51,66.37,100,
09:44:51,66.37,500,
09:44:51,66.37,100,
09:44:51,66.37,634,
09:44:51,66.37,100,
09:44:51,66.37,100,
09:44:51,66.37,400,
09:44:51,66.37,800,
09:44:51,66.37,1551,
09:44:51,66.37,200,
09:44:51,66.37,800,
09:44:51,66.37,6251,
09:44:51,66.37,849,
09:44:51,66.38,500,
09:44:51,66.38,760,
09:44:51,66.38,100,
09:44:51,66.38,700,
09:44:53,66.36,400,
09:44:53,66.36,400,
09:44:55,66.37,300,
09:44:55,66.37,900,
09:44:55,66.37,400,
09:44:55,66.37,100,
09:44:55,66.37,400,
09:44:55,66.38,400,
09:44:55,66.38,400,
09:44:55,66.38,100,
09:44:55,66.38,100,
09:44:55,66.38,175,
09:44:55,66.38,1800,
09:44:55,66.38,125,
09:44:55,66.38,400,
09:44:55,66.38,300,
09:44:55,66.38,300,
09:44:55,66.385,800,
09:44:56,66.38,200,
09:44:56,66.38,100,
09:44:56,66.38,200,
09:44:56,66.38,700,
09:44:56,66.385,100,
09:44:56,66.385,100,
09:44:59,66.3756,188,
09:45:02,66.38,900,
09:45:02,66.39,200,
09:45:02,66.39,200,
09:45:08,66.40,200,
09:45:08,66.40,100,
09:45:11,66.40,200,
09:45:13,66.40,100,
09:45:14,66.4099,3000,
09:45:15,66.41,200,
09:45:16,66.41,275,
09:45:16,66.41,400,
09:45:16,66.41,800,
09:45:16,66.41,100,
09:45:17,66.42,200,
09:45:18,66.42,500,
09:45:18,66.42,100,
09:45:19,66.42,100,
09:45:20,66.41,400,
09:45:20,66.41,100,
09:45:20,66.415,100,
09:45:22,66.415,100,
09:45:23,66.415,100,
09:45:24,66.42,200,
09:45:24,66.42,100,
09:45:26,66.42,200,
09:45:27,66.42,200,
09:45:27,66.42,200,
09:45:31,66.42,100,
09:45:32,66.42,100,
09:45:34,66.42,100,
09:45:35,66.42,364,
09:45:35,66.415,100,
09:45:35,66.415,100,
09:45:35,66.42,500,
09:45:35,66.43,100,
09:45:36,66.43,100,
09:45:36,66.43,200,
09:45:37,66.43,100,
09:45:38,66.43,200,
09:45:39,66.43,200,
09:45:39,66.43,200,
09:45:40,66.43,300,
09:45:41,66.44,200,
09:45:42,66.43,675,
09:45:42,66.43,1800,
09:45:42,66.43,100,
09:45:42,66.43,975,
09:45:42,66.43,200,
09:45:42,66.43,100,
09:45:42,66.43,400,
09:45:42,66.43,225,
09:45:42,66.43,100,
09:45:42,66.43,100,
09:45:42,66.43,100,
09:45:42,66.43,200,
09:45:42,66.43,300,
09:45:42,66.43,100,
09:45:42,66.43,200,
09:45:44,66.43,200,
09:45:45,66.43,200,
09:45:45,66.43,100,
09:45:45,66.43,400,
09:45:45,66.43,500,
09:45:45,66.43,600,
09:45:45,66.44,200,
09:45:45,66.44,300,
09:45:45,66.44,300,
09:45:45,66.44,300,
09:45:45,66.44,300,
09:45:48,66.44,500,
09:45:48,66.44,200,
09:45:48,66.44,200,
09:45:48,66.44,200,
09:45:50,66.43,100,
09:45:50,66.43,800,
09:45:50,66.44,200,
09:45:53,66.44,100,
09:45:55,66.44,200,
09:45:56,66.44,500,
09:45:56,66.44,500,
09:45:56,66.44,500,
09:45:56,66.44,500,
09:45:56,66.44,400,
09:45:56,66.44,200,
09:45:56,66.44,500,
09:45:56,66.44,500,
09:45:56,66.44,500,
09:45:57,66.44,500,
09:45:57,66.44,500,
09:45:57,66.44,500,
09:45:57,66.44,500,
09:45:57,66.44,500,
09:45:58,66.44,200,
09:45:58,66.44,200,
09:45:58,66.44,500,
09:45:58,66.44,400,
09:45:58,66.4499,2250,
09:45:58,66.44,500,
09:45:58,66.44,100,
09:45:58,66.44,100,
09:45:59,66.45,200,
09:46:00,66.44,700,
09:46:00,66.44,100,
09:46:00,66.45,600,
09:46:00,66.45,800,
09:46:00,66.45,800,
09:46:00,66.45,1200,
09:46:00,66.45,1600,
09:46:00,66.45,100,
09:46:00,66.45,1400,
09:46:00,66.45,2800,
09:46:00,66.45,500,
09:46:00,66.45,100,
09:46:00,66.45,1500,
09:46:00,66.45,600,
09:46:00,66.45,2400,
09:46:00,66.45,4100,
09:46:00,66.45,2400,
09:46:00,66.45,6500,
09:46:00,66.45,220,
09:46:00,66.45,1000,
09:46:00,66.45,500,
09:46:00,66.45,800,
09:46:00,66.45,800,
09:46:00,66.45,800,
09:46:00,66.45,100,
09:46:00,66.45,900,
09:46:00,66.45,200,
09:46:00,66.45,500,
09:46:00,66.45,800,
09:46:00,66.45,800,
09:46:00,66.45,100,
09:46:00,66.45,500,
09:46:00,66.45,500,
09:46:00,66.45,300,
09:46:00,66.45,100,
09:46:00,66.45,100,
09:46:01,66.46,2000,
09:46:01,66.46,300,
09:46:01,66.46,300,
09:46:01,66.46,100,
09:46:01,66.46,1200,
09:46:02,66.47,200,
09:46:02,66.46,800,
09:46:02,66.46,300,
09:46:02,66.46,200,
09:46:02,66.46,100,
09:46:02,66.46,100,
09:46:03,66.46,400,
09:46:04,66.45,800,
09:46:04,66.45,100,
09:46:04,66.45,100,
09:46:04,66.45,100,
09:46:04,66.45,100,
09:46:05,66.45,700,
09:46:05,66.45,300,
09:46:05,66.45,100,
09:46:05,66.45,300,
09:46:07,66.45,100,
09:46:07,66.45,900,
09:46:07,66.45,600,
09:46:07,66.44,400,
09:46:07,66.44,200,
09:46:09,66.44,2200,
09:46:09,66.44,100,
09:46:10,66.44,158,
09:46:11,66.44,3000,
09:46:11,66.44,100,
09:46:11,66.44,600,
09:46:11,66.44,2300,
09:46:11,66.44,1000,
09:46:11,66.44,100,
09:46:11,66.44,570,
09:46:11,66.44,100,
09:46:11,66.44,600,
09:46:11,66.44,600,
09:46:11,66.44,600,
09:46:11,66.44,800,
09:46:11,66.44,2100,
09:46:11,66.44,200,
09:46:11,66.44,400,
09:46:11,66.44,134,
09:46:12,66.43,631,
09:46:12,66.43,800,
09:46:12,66.43,1000,
09:46:12,66.43,671,
09:46:13,66.43,400,
09:46:13,66.43,169,
09:46:13,66.43,731,
09:46:14,66.43,100,
09:46:14,66.43,200,
09:46:15,66.43,569,
09:46:15,66.43,100,
09:46:15,66.43,1000,
09:46:15,66.43,300,
09:46:15,66.43,100,
09:46:15,66.43,431,
09:46:15,66.43,131,
09:46:15,66.43,400,
09:46:17,66.43,700,
09:46:17,66.43,800,
09:46:17,66.43,100,
09:46:17,66.43,425,
09:46:17,66.43,400,
09:46:17,66.43,200,
09:46:17,66.43,100,
09:46:17,66.43,800,
09:46:17,66.43,100,
09:46:17,66.425,600,
09:46:17,66.43,100,
09:46:17,66.43,500,
09:46:19,66.421,100,
09:46:19,66.43,200,
09:46:22,66.43,200,
09:46:23,66.43,100,
09:46:23,66.439,100,
09:46:23,66.439,1000,
09:46:24,66.44,300,
09:46:25,66.44,100,
09:46:25,66.44,815,
09:46:25,66.44,100,
09:46:25,66.44,800,
09:46:25,66.44,800,
09:46:25,66.44,800,
09:46:25,66.44,3166,
09:46:25,66.44,100,
09:46:25,66.44,3300,
09:46:25,66.45,100,
09:46:26,66.44,815,
09:46:26,66.45,100,
09:46:26,66.45,100,
09:46:26,66.45,100,
09:46:26,66.45,100,
09:46:27,66.445,2400,
09:46:28,66.45,1000,
09:46:28,66.45,600,
09:46:30,66.448,2300,
09:46:32,66.45,975,
09:46:32,66.45,100,
09:46:34,66.46,200,
09:46:36,66.46,400,
09:46:36,66.46,200,
09:46:38,66.4599,3000,
09:46:40,66.46,200,
09:46:41,66.46,100,
09:46:41,66.45,299,
09:46:41,66.45,800,
09:46:41,66.45,200,
09:46:41,66.45,701,
09:46:41,66.44,400,
09:46:42,66.44,500,
09:46:42,66.44,800,
09:46:42,66.44,100,
09:46:42,66.44,600,
09:46:42,66.44,100,
09:46:42,66.44,700,
09:46:43,66.45,200,
09:46:43,66.45,700,
09:46:43,66.45,200,
09:46:43,66.45,800,
09:46:43,66.45,200,
09:46:43,66.45,700,
09:46:43,66.46,625,
09:46:44,66.4586,800,
09:46:45,66.46,100,
09:46:47,66.46,800,
09:46:48,66.47,300,
09:46:48,66.48,100,
09:46:48,66.48,500,
09:46:48,66.48,500,
09:46:48,66.48,100,
09:46:48,66.48,177,
09:46:49,66.4772,100,
09:46:50,66.47,400,
09:46:50,66.47,1000,
09:46:50,66.47,700,
09:46:50,66.475,100,
09:46:50,66.475,300,
09:46:50,66.46,600,
09:46:50,66.47,700,
09:46:50,66.46,400,
09:46:50,66.47,100,
09:46:51,66.47,200,
09:46:52,66.47,200,
09:46:54,66.4681,100,
09:46:55,66.469,100,
09:46:56,66.47,100,
09:46:56,66.47,300,
09:46:56,66.47,1000,
09:46:56,66.47,300,
09:46:57,66.46,100,
09:46:57,66.47,200,
09:47:00,66.47,200,
09:47:01,66.46,100,
09:47:03,66.4689,100,
09:47:04,66.4657,500,
09:47:04,66.4665,400,
09:47:04,66.4667,300,
09:47:04,66.4667,200,
09:47:04,66.4667,300,
09:47:04,66.4667,1000,
09:47:04,66.4699,500,
09:47:04,66.47,174,
09:47:04,66.4689,500,
09:47:04,66.469,100,
09:47:05,66.47,200,
09:47:05,66.47,1700,
09:47:05,66.48,100,
09:47:06,66.48,200,
09:47:07,66.4772,100,
09:47:07,66.47,600,
09:47:07,66.47,900,
09:47:08,66.48,200,
09:47:08,66.47,500,
09:47:08,66.47,400,
09:47:08,66.47,200,
09:47:08,66.47,100,
09:47:08,66.47,200,
09:47:08,66.48,700,
09:47:08,66.48,800,
09:47:08,66.48,300,
09:47:08,66.48,100,
09:47:09,66.48,100,
09:47:09,66.48,100,
09:47:09,66.48,200,
09:47:09,66.48,100,
09:47:11,66.479,120,
09:47:13,66.48,200,
09:47:15,66.48,100,
09:47:16,66.48,200,
09:47:17,66.476,200,
09:47:17,66.47,100,
09:47:18,66.478,800,
09:47:19,66.48,100,
09:47:20,66.47,200,
09:47:21,66.48,100,
09:47:22,66.48,100,
09:47:23,66.47,225,
09:47:23,66.47,300,
09:47:23,66.47,975,
09:47:23,66.47,100,
09:47:23,66.47,800,
09:47:23,66.47,700,
09:47:23,66.47,100,
09:47:23,66.47,100,
09:47:23,66.47,100,
09:47:23,66.47,200,
09:47:23,66.47,301,
09:47:23,66.47,369,
09:47:23,66.47,100,
09:47:23,66.46,500,
09:47:24,66.46,100,
09:47:24,66.46,200,
09:47:25,66.46,200,
09:47:27,66.45,100,
09:47:27,66.45,100,
09:47:27,66.45,2000,
09:47:27,66.45,200,
09:47:27,66.45,100,
09:47:27,66.45,100,
09:47:27,66.45,100,
09:47:27,66.45,700,
09:47:28,66.45,100,
09:47:28,66.45,100,
09:47:28,66.45,200,
09:47:28,66.44,800,
09:47:30,66.45,100,
09:47:31,66.45,100,
09:47:33,66.45,100,
09:47:33,66.45,422,
09:47:33,66.45,700,
09:47:33,66.45,400,
09:47:33,66.45,100,
09:47:33,66.45,862,
09:47:34,66.46,200,
09:47:36,66.45,200,
09:47:37,66.459,1000,
09:47:38,66.45,200,
09:47:38,66.45,100,
09:47:38,66.45,100,
09:47:38,66.45,700,
09:47:38,66.45,400,
09:47:38,66.44,400,
09:47:38,66.44,300,
09:47:39,66.44,400,
09:47:39,66.44,200,
09:47:39,66.44,100,
09:47:39,66.44,100,
09:47:39,66.44,1600,
09:47:43,66.45,200,
09:47:44,66.45,500,
09:47:44,66.45,200,
09:47:44,66.45,500,
09:47:44,66.45,100,
09:47:44,66.46,100,
09:47:44,66.46,300,
09:47:44,66.46,100,
09:47:44,66.46,100,
09:47:44,66.46,300,
09:47:50,66.4643,190,
09:47:52,66.46,100,
09:47:56,66.46,100,
09:47:58,66.469,135,
09:47:59,66.47,900,
09:48:04,66.4629,300,
09:48:06,66.4679,2000,
09:48:07,66.47,600,
09:48:07,66.48,285,
09:48:07,66.48,600,
09:48:07,66.48,600,
09:48:11,66.47,200,
09:48:17,66.48,200,
09:48:17,66.48,100,
09:48:18,66.4899,3000,
09:48:20,66.49,800,
09:48:20,66.49,800,
09:48:20,66.49,200,
09:48:20,66.49,100,
09:48:20,66.49,100,
09:48:22,66.49,600,
09:48:22,66.50,138,
09:48:23,66.50,308,
09:48:23,66.50,100,
09:48:23,66.49,500,
09:48:24,66.49,200,
09:48:25,66.49,200,
09:48:25,66.50,200,
09:48:26,66.50,160,
09:48:26,66.50,100,
09:48:27,66.4929,241,
09:48:27,66.4978,100,
09:48:28,66.49,200,
09:48:29,66.49,100,
09:48:30,66.49,100,
09:48:30,66.49,100,
09:48:30,66.49,100,
09:48:30,66.49,200,
09:48:31,66.485,100,
09:48:32,66.48,100,
09:48:32,66.48,100,
09:48:32,66.48,600,
09:48:32,66.48,100,
09:48:32,66.48,100,
09:48:32,66.48,900,
09:48:32,66.48,500,
09:48:32,66.48,500,
09:48:32,66.48,500,
09:48:32,66.48,18240,
09:48:32,66.48,2000,
09:48:32,66.48,100,
09:48:32,66.48,1000,
09:48:32,66.48,500,
09:48:32,66.48,2000,
09:48:32,66.48,200,
09:48:32,66.48,2000,
09:48:32,66.48,535,
09:48:32,66.48,1500,
09:48:32,66.48,200,
09:48:32,66.48,1600,
09:48:32,66.48,800,
09:48:32,66.48,600,
09:48:32,66.48,500,
09:48:32,66.48,800,
09:48:32,66.48,800,
09:48:32,66.48,600,
09:48:32,66.48,300,
09:48:32,66.49,500,
09:48:32,66.48,100,
09:48:32,66.48,100,
09:48:32,66.48,100,
09:48:32,66.48,815,
09:48:32,66.48,100,
09:48:32,66.48,200,
09:48:32,66.47,800,
09:48:32,66.47,400,
09:48:32,66.47,900,
09:48:32,66.47,400,
09:48:32,66.47,100,
09:48:32,66.47,100,
09:48:32,66.47,200,
09:48:34,66.475,200,
09:48:35,66.48,177,
09:48:35,66.48,277,
09:48:35,66.48,100,
09:48:35,66.48,100,
09:48:35,66.48,200,
09:48:35,66.475,200,
09:48:35,66.48,200,
09:48:35,66.482,2000,
09:48:36,66.48,300,
09:48:36,66.48,100,
09:48:36,66.48,100,
09:48:36,66.48,100,
09:48:36,66.48,500,
09:48:36,66.48,100,
09:48:36,66.48,200,
09:48:36,66.48,600,
09:48:36,66.47,100,
09:48:36,66.4776,300,
09:48:37,66.4781,100,
09:48:37,66.479,200,
09:48:39,66.48,200,
09:48:41,66.47,100,
09:48:41,66.47,500,
09:48:41,66.47,275,
09:48:41,66.47,600,
09:48:41,66.47,900,
09:48:41,66.46,800,
09:48:42,66.465,200,
09:48:43,66.465,200,
09:48:44,66.47,700,
09:48:44,66.47,400,
09:48:44,66.47,253,
09:48:44,66.47,100,
09:48:44,66.47,200,
09:48:44,66.47,200,
09:48:44,66.475,100,
09:48:44,66.465,100,
09:48:45,66.48,400,
09:48:46,66.48,200,
09:48:46,66.48,1200,
09:48:46,66.48,800,
09:48:46,66.48,200,
09:48:47,66.49,275,
09:48:47,66.49,100,
09:48:48,66.49,200,
09:48:48,66.49,100,
09:48:48,66.49,300,
09:48:48,66.49,599,
09:48:49,66.49,100,
09:48:51,66.49,100,
09:48:51,66.50,100,
09:48:53,66.49,100,
09:48:53,66.49,900,
09:48:53,66.49,300,
09:48:54,66.49,100,
09:48:55,66.49,100,
09:48:55,66.49,100,
09:48:55,66.49,200,
09:48:55,66.49,200,
09:48:55,66.49,200,
09:48:55,66.49,100,
09:48:55,66.48,100,
09:48:56,66.49,900,
09:48:56,66.49,600,
09:48:56,66.49,300,
09:48:56,66.49,500,
09:48:56,66.49,293,
09:48:56,66.49,800,
09:48:56,66.49,600,
09:48:56,66.49,100,
09:48:56,66.49,400,
09:48:56,66.49,100,
09:48:56,66.49,100,
09:48:56,66.49,2000,
09:48:56,66.49,100,
09:48:56,66.49,1000,
09:48:56,66.49,2000,
09:48:56,66.49,500,
09:48:56,66.49,2200,
09:48:56,66.49,607,
09:48:56,66.49,659,
09:48:56,66.49,650,
09:48:56,66.49,500,
09:48:56,66.49,200,
09:48:56,66.49,1000,
09:48:56,66.49,800,
09:48:56,66.49,1450,
09:48:56,66.49,689,
09:48:56,66.49,341,
09:48:56,66.49,100,
09:48:56,66.49,815,
09:48:56,66.49,100,
09:48:56,66.49,100,
09:48:56,66.49,300,
09:48:56,66.49,200,
09:48:56,66.49,100,
09:48:56,66.49,200,
09:48:56,66.49,1000,
09:48:56,66.49,800,
09:48:56,66.49,800,
09:48:56,66.49,100,
09:48:56,66.49,100,
09:48:56,66.49,600,
09:48:56,66.49,400,
09:48:56,66.49,800,
09:48:56,66.49,300,
09:48:56,66.49,100,
09:48:56,66.49,100,
09:48:57,66.48,400,
09:48:57,66.48,900,
09:48:57,66.48,500,
09:48:57,66.48,400,
09:48:57,66.48,800,
09:48:57,66.48,100,
09:48:57,66.48,100,
09:48:57,66.48,100,
09:48:57,66.48,100,
09:48:58,66.488,800,
09:48:59,66.4879,500,
09:48:59,66.49,300,
09:49:00,66.49,300,
09:49:00,66.49,100,
09:49:00,66.49,300,
09:49:00,66.49,500,
09:49:01,66.49,400,
09:49:01,66.49,100,
09:49:01,66.49,232,
09:49:01,66.49,600,
09:49:01,66.49,100,
09:49:01,66.49,100,
09:49:01,66.50,200,
09:49:03,66.50,400,
09:49:03,66.50,378,
09:49:04,66.50,200,
09:49:04,66.498,115,
09:49:05,66.50,450,
09:49:05,66.50,185,
09:49:05,66.50,200,
09:49:05,66.50,200,
09:49:05,66.50,100,
09:49:05,66.50,200,
09:49:06,66.50,185,
09:49:06,66.50,800,
09:49:06,66.50,400,
09:49:06,66.50,900,
09:49:06,66.50,200,
09:49:06,66.50,300,
09:49:08,66.49,568,
09:49:08,66.49,100,
09:49:08,66.49,400,
09:49:08,66.49,332,
09:49:10,66.49,300,
09:49:11,66.49,100,
09:49:11,66.49,200,
09:49:11,66.49,200,
09:49:12,66.48,400,
09:49:12,66.48,200,
09:49:12,66.49,100,
09:49:12,66.48,400,
09:49:13,66.49,200,
09:49:14,66.49,200,
09:49:15,66.49,300,
09:49:15,66.49,400,
09:49:15,66.50,900,
09:49:15,66.50,800,
09:49:15,66.50,100,
09:49:17,66.49,100,
09:49:17,66.49,900,
09:49:17,66.49,100,
09:49:17,66.49,100,
09:49:17,66.49,100,
09:49:17,66.50,200,
09:49:20,66.4999,300,
09:49:21,66.4976,540,
09:49:22,66.50,100,
09:49:22,66.49,300,
09:49:22,66.49,600,
09:49:22,66.49,100,
09:49:22,66.49,100,
09:49:23,66.49,100,
09:49:26,66.49,600,
09:49:26,66.49,100,
09:49:27,66.49,100,
09:49:28,66.49,200,
09:49:30,66.49,200,
09:49:32,66.4875,131,
09:49:34,66.48,2500,
09:49:34,66.48,300,
09:49:35,66.49,150,
09:49:37,66.49,150,
09:49:37,66.49,100,
09:49:37,66.49,650,
09:49:37,66.49,550,
09:49:37,66.50,800,
09:49:38,66.50,100,
09:49:38,66.50,300,
09:49:38,66.50,400,
09:49:38,66.50,900,
09:49:38,66.50,100,
09:49:38,66.50,100,
09:49:38,66.51,200,
09:49:39,66.5001,100,
09:49:40,66.5007,100,
09:49:43,66.50,500,
09:49:43,66.50,400,
09:49:43,66.50,100,
09:49:43,66.50,400,
09:49:43,66.50,600,
09:49:43,66.50,400,
09:49:44,66.51,100,
09:49:44,66.50,200,
09:49:44,66.50,200,
09:49:44,66.50,200,
09:49:44,66.50,100,
09:49:44,66.50,240,
09:49:44,66.50,200,
09:49:45,66.50,400,
09:49:46,66.50,200,
09:49:47,66.49,200,
09:49:47,66.50,400,
09:49:47,66.50,100,
09:49:47,66.50,3951,
09:49:47,66.50,2400,
09:49:47,66.50,200,
09:49:48,66.50,100,
09:49:49,66.50,100,
09:49:50,66.51,200,
09:49:52,66.50,700,
09:49:52,66.505,200,
09:49:52,66.50,200,
09:49:52,66.50,100,
09:49:52,66.50,200,
09:49:52,66.50,132,
09:49:52,66.50,200,
09:49:52,66.50,168,
09:49:55,66.495,200,
09:49:55,66.49,800,
09:49:55,66.49,800,
09:49:55,66.49,400,
09:49:55,66.49,100,
09:49:55,66.49,100,
09:49:55,66.49,800,
09:49:55,66.49,100,
09:49:55,66.49,100,
09:49:55,66.49,100,
09:49:55,66.49,100,
09:49:55,66.49,500,
09:49:55,66.48,1800,
09:49:55,66.48,800,
09:49:55,66.48,800,
09:49:55,66.48,3900,
09:49:56,66.49,300,
09:49:56,66.48,800,
09:49:56,66.48,3000,
09:49:56,66.48,100,
09:49:56,66.48,100,
09:49:56,66.48,500,
09:49:56,66.48,500,
09:49:56,66.48,1400,
09:49:56,66.48,300,
09:49:56,66.48,1398,
09:49:56,66.48,100,
09:49:56,66.48,400,
09:49:56,66.48,100,
09:49:56,66.48,100,
09:49:56,66.48,2502,
09:49:56,66.48,300,
09:49:56,66.48,300,
09:49:58,66.475,900,
09:49:58,66.48,496,
09:49:58,66.49,700,
09:49:58,66.49,500,
09:49:59,66.475,200,
09:50:01,66.47,500,
09:50:02,66.475,200,
09:50:04,66.48,181,
09:50:04,66.48,100,
09:50:04,66.48,200,
09:50:04,66.475,400,
09:50:04,66.48,400,
09:50:04,66.48,100,
09:50:04,66.48,600,
09:50:04,66.48,200,
09:50:04,66.48,100,
09:50:04,66.49,200,
09:50:05,66.49,100,
09:50:05,66.49,200,
09:50:05,66.49,200,
09:50:05,66.49,176,
09:50:05,66.49,400,
09:50:05,66.49,100,
09:50:05,66.49,400,
09:50:05,66.49,700,
09:50:05,66.49,500,
09:50:05,66.485,200,
09:50:06,66.485,200,
09:50:06,66.49,100,
09:50:06,66.49,100,
09:50:06,66.49,100,
09:50:06,66.485,200,
09:50:06,66.49,112,
09:50:06,66.485,200,
09:50:08,66.50,800,
09:50:08,66.50,600,
09:50:08,66.50,100,
09:50:08,66.50,100,
09:50:08,66.50,200,
09:50:08,66.50,400,
09:50:08,66.50,900,
09:50:08,66.50,800,
09:50:08,66.50,100,
09:50:08,66.50,300,
09:50:09,66.50,600,
09:50:13,66.50,300,
09:50:13,66.50,100,
09:50:13,66.50,100,
09:50:13,66.50,1000,
09:50:13,66.4964,100,
09:50:14,66.49,400,
09:50:14,66.49,100,
09:50:14,66.49,100,
09:50:14,66.49,100,
09:50:14,66.49,600,
09:50:14,66.49,100,
09:50:14,66.49,972,
09:50:15,66.49,100,
09:50:15,66.49,400,
09:50:15,66.49,300,
09:50:15,66.49,300,
09:50:15,66.49,1000,
09:50:16,66.489,100,
09:50:20,66.49,300,
09:50:20,66.49,400,
09:50:20,66.49,100,
09:50:20,66.49,400,
09:50:20,66.49,100,
09:50:20,66.49,400,
09:50:20,66.50,500,
09:50:20,66.50,100,
09:50:20,66.50,200,
09:50:24,66.49,100,
09:50:25,66.499,400,
09:50:25,66.49,700,
09:50:25,66.49,100,
09:50:25,66.49,600,
09:50:25,66.49,300,
09:50:28,66.48,100,
09:50:28,66.48,1000,
09:50:28,66.48,1000,
09:50:28,66.48,2500,
09:50:28,66.48,3000,
09:50:31,66.48,700,
09:50:31,66.47,100,
09:50:32,66.48,100,
09:50:32,66.48,100,
09:50:32,66.4701,200,
09:50:32,66.48,400,
09:50:32,66.48,500,
09:50:32,66.48,400,
09:50:32,66.48,200,
09:50:32,66.48,100,
09:50:32,66.48,800,
09:50:32,66.48,600,
09:50:32,66.48,900,
09:50:32,66.49,151,
09:50:32,66.49,100,
09:50:32,66.49,500,
09:50:33,66.49,600,
09:50:33,66.49,100,
09:50:33,66.49,700,
09:50:33,66.49,500,
09:50:33,66.49,100,
09:50:33,66.50,400,
09:50:36,66.49,100,
09:50:36,66.49,300,
09:50:36,66.49,200,
09:50:36,66.49,100,
09:50:36,66.49,726,
09:50:36,66.49,100,
09:50:37,66.4872,100,
09:50:37,66.489,200,
09:50:39,66.48,1000,
09:50:39,66.48,100,
09:50:42,66.48,100,
09:50:42,66.48,1100,
09:50:43,66.47,100,
09:50:46,66.48,200,
09:50:49,66.475,140,
09:50:52,66.48,100,
09:50:54,66.47,100,
09:50:54,66.47,3000,
09:50:54,66.47,100,
09:50:54,66.47,400,
09:50:57,66.465,600,
09:50:57,66.47,1100,
09:50:57,66.47,200,
09:50:57,66.465,100,
09:50:57,66.465,600,
09:51:00,66.475,702,
09:51:01,66.472,500,
09:51:05,66.48,137,
09:51:05,66.48,275,
09:51:07,66.48,400,
09:51:07,66.48,100,
09:51:07,66.48,100,
09:51:07,66.48,1000,
09:51:07,66.48,100,
09:51:07,66.48,100,
09:51:13,66.49,124,
09:51:14,66.49,1200,
09:51:14,66.49,100,
09:51:14,66.49,200,
09:51:14,66.49,100,
09:51:14,66.49,400,
09:51:14,66.49,300,
09:51:14,66.50,100,
09:51:14,66.50,200,
09:51:14,66.50,500,
09:51:14,66.50,400,
09:51:14,66.50,100,
09:51:14,66.50,100,
09:51:14,66.50,158,
09:51:16,66.50,300,
09:51:16,66.50,400,
09:51:18,66.4974,300,
09:51:18,66.49,300,
09:51:28,66.50,200,
09:51:30,66.50,1076,
09:51:30,66.50,100,
09:51:30,66.50,1100,
09:51:30,66.50,224,
09:51:30,66.50,100,
09:51:31,66.50,200,
09:51:31,66.50,100,
09:51:32,66.51,200,
09:51:32,66.51,100,
09:51:40,66.51,245,
09:51:40,66.51,500,
09:51:40,66.51,100,
09:51:41,66.51,300,
09:51:41,66.51,4645,
09:51:41,66.51,500,
09:51:41,66.5179,200,
09:51:41,66.51,100,
09:51:41,66.51,500,
09:51:41,66.51,500,
09:51:42,66.51,800,
09:51:42,66.51,400,
09:51:42,66.51,500,
09:51:42,66.51,600,
09:51:42,66.51,100,
09:51:43,66.519,100,
09:51:43,66.51,100,
09:51:43,66.51,100,
09:51:43,66.52,400,
09:51:43,66.52,800,
09:51:43,66.52,200,
09:51:43,66.53,500,
09:51:43,66.53,1000,
09:51:43,66.52,100,
09:51:44,66.52,1000,
09:51:44,66.52,700,
09:51:44,66.52,600,
09:51:44,66.52,1000,
09:51:44,66.52,100,
09:51:44,66.52,400,
09:51:45,66.51,100,
09:51:45,66.511,300,
09:51:46,66.51,500,
09:51:46,66.51,2600,
09:51:46,66.51,38493,
09:51:46,66.51,400,
09:51:46,66.51,100,
09:51:46,66.51,379,
09:51:46,66.51,259,
09:51:46,66.50,800,
09:51:46,66.50,400,
09:51:47,66.51,200,
09:51:48,66.5079,200,
09:51:49,66.51,100,
09:51:50,66.51,1000,
09:51:52,66.51,1800,
09:51:52,66.51,1000,
09:51:52,66.51,200,
09:51:52,66.505,600,
09:51:52,66.51,100,
09:51:56,66.51,2199,
09:51:57,66.511,1000,
09:52:00,66.51,3000,
09:52:00,66.51,700,
09:52:00,66.51,800,
09:52:01,66.51,800,
09:52:02,66.52,201,
09:52:03,66.51,200,
09:52:03,66.51,391,
09:52:03,66.51,209,
09:52:03,66.51,800,
09:52:06,66.509,100,
09:52:08,66.50,200,
09:52:11,66.50,400,
09:52:11,66.5025,400,
09:52:16,66.5013,150,
09:52:18,66.50,100,
09:52:18,66.50,100,
09:52:18,66.50,1000,
09:52:19,66.50,400,
09:52:19,66.50,900,
09:52:19,66.49,600,
09:52:19,66.49,200,
09:52:19,66.49,600,
09:52:19,66.49,500,
09:52:19,66.49,502,
09:52:19,66.49,300,
09:52:19,66.49,400,
09:52:19,66.49,200,
09:52:19,66.49,800,
09:52:19,66.49,100,
09:52:19,66.49,100,
09:52:20,66.49,200,
09:52:20,66.49,100,
09:52:20,66.499,200,
09:52:21,66.50,300,
09:52:21,66.495,400,
09:52:21,66.50,300,
09:52:21,66.50,200,
09:52:21,66.50,200,
09:52:21,66.50,100,
09:52:21,66.50,300,
09:52:21,66.495,400,
09:52:27,66.5055,1000,
09:52:31,66.50,600,
09:52:31,66.50,100,
09:52:31,66.50,785,
09:52:31,66.50,200,
09:52:31,66.50,200,
09:52:31,66.50,390,
09:52:31,66.50,100,
09:52:31,66.49,800,
09:52:32,66.495,600,
09:52:32,66.495,700,
09:52:32,66.50,408,
09:52:32,66.495,600,
09:52:32,66.50,100,
09:52:32,66.50,1000,
09:52:32,66.50,108,
09:52:32,66.50,400,
09:52:32,66.495,400,
09:52:32,66.50,708,
09:52:35,66.5064,1500,
09:52:40,66.50,100,
09:52:40,66.50,300,
09:52:41,66.50,300,
09:52:42,66.51,133,
09:52:50,66.50,200,
09:52:50,66.50,600,
09:52:50,66.50,1000,
09:52:50,66.50,200,
09:52:50,66.49,1000,
09:52:50,66.49,700,
09:52:50,66.49,800,
09:52:50,66.49,300,
09:52:53,66.491,2000,
09:52:55,66.50,100,
09:52:55,66.495,500,
09:52:55,66.50,300,
09:52:55,66.50,800,
09:52:55,66.50,200,
09:53:00,66.50,100,
09:53:00,66.50,477,
09:53:00,66.50,200,
09:53:00,66.50,100,
09:53:00,66.50,100,
09:53:00,66.50,1000,
09:53:00,66.495,600,
09:53:00,66.50,135,
09:53:00,66.50,400,
09:53:00,66.50,100,
09:53:00,66.50,400,
09:53:00,66.50,100,
09:53:00,66.50,100,
09:53:00,66.50,1000,
09:53:00,66.495,600,
09:53:00,66.50,765,
09:53:00,66.50,200,
09:53:05,66.5074,100,
09:53:06,66.51,200,
09:53:07,66.5079,400,
09:53:07,66.51,100,
09:53:10,66.50,700,
09:53:10,66.50,1000,
09:53:12,66.50,300,
09:53:12,66.50,200,
09:53:17,66.498,2000,
09:53:18,66.50,400,
09:53:19,66.49,300,
09:53:21,66.49,300,
09:53:28,66.49,100,
09:53:28,66.48,500,
09:53:29,66.485,900,
09:53:29,66.49,200,
09:53:29,66.49,1000,
09:53:29,66.49,800,
09:53:29,66.485,100,
09:53:29,66.50,400,
09:53:29,66.50,100,
09:53:29,66.50,100,
09:53:29,66.50,400,
09:53:29,66.50,200,
09:53:29,66.50,400,
09:53:29,66.50,100,
09:53:30,66.50,200,
09:53:30,66.50,700,
09:53:30,66.50,500,
09:53:30,66.50,700,
09:53:30,66.50,200,
09:53:31,66.50,100,
09:53:31,66.50,100,
09:53:31,66.50,400,
09:53:31,66.50,100,
09:53:31,66.50,600,
09:53:31,66.50,800,
09:53:31,66.50,100,
09:53:31,66.50,200,
09:53:31,66.50,100,
09:53:31,66.50,1000,
09:53:31,66.50,163,
09:53:31,66.50,100,
09:53:31,66.50,800,
09:53:31,66.50,800,
09:53:32,66.49,200,
09:53:32,66.49,500,
09:53:32,66.49,1003,
09:53:32,66.49,500,
09:53:32,66.49,2000,
09:53:32,66.49,100,
09:53:32,66.49,400,
09:53:32,66.49,100,
09:53:32,66.49,100,
09:53:33,66.4901,400,
09:53:34,66.495,1000,
09:53:36,66.495,100,
09:53:38,66.495,100,
09:53:38,66.491,200,
09:53:39,66.498,1000,
09:53:45,66.4999,5000,
09:53:50,66.50,200,
09:53:54,66.49,100,
09:54:05,66.50,100,
09:54:09,66.491,2000,
09:54:16,66.50,500,
09:54:16,66.50,100,
09:54:16,66.50,400,
09:54:16,66.50,1600,
09:54:17,66.50,400,
09:54:17,66.50,4700,
09:54:17,66.50,600,
09:54:21,66.50,400,
09:54:21,66.49,100,
09:54:30,66.49,100,
09:54:30,66.49,100,
09:54:30,66.49,100,
09:54:30,66.49,100,
09:54:30,66.49,100,
09:54:30,66.49,300,
09:54:30,66.49,900,
09:54:30,66.49,100,
09:54:30,66.49,100,
09:54:30,66.49,100,
09:54:30,66.49,233,
09:54:30,66.48,100,
09:54:30,66.48,200,
09:54:33,66.48,300,
09:54:33,66.48,100,
09:54:33,66.48,300,
09:54:33,66.48,1100,
09:54:33,66.48,400,
09:54:33,66.4801,100,
09:54:33,66.4801,100,
09:54:33,66.4801,300,
09:54:33,66.4801,100,
09:54:33,66.4801,300,
09:54:38,66.4827,178,
09:54:42,66.49,200,
09:54:43,66.49,600,
09:54:43,66.49,100,
09:54:43,66.49,300,
09:54:43,66.49,200,
09:54:43,66.49,1000,
09:54:43,66.50,2097,
09:54:43,66.50,100,
09:54:43,66.50,100,
09:54:43,66.50,600,
09:54:44,66.4943,114,
09:54:44,66.50,2000,
09:54:44,66.50,200,
09:54:44,66.495,100,
09:54:44,66.50,283,
09:54:44,66.50,100,
09:54:45,66.50,400,
09:54:47,66.49,1000,
09:54:47,66.49,100,
09:54:47,66.49,1000,
09:54:47,66.49,1100,
09:54:47,66.49,400,
09:54:48,66.48,100,
09:54:48,66.48,500,
09:54:51,66.48,2100,
09:54:51,66.4801,200,
09:54:51,66.48,600,
09:54:51,66.49,100,
09:54:51,66.49,100,
09:54:52,66.48,200,
09:55:01,66.49,600,
09:55:01,66.49,200,
09:55:01,66.49,300,
09:55:01,66.49,1000,
09:55:03,66.49,100,
09:55:05,66.498,250,
09:55:06,66.49,840,
09:55:11,66.49,200,
09:55:15,66.49,216,
09:55:15,66.49,400,
09:55:18,66.50,200,
09:55:18,66.50,100,
09:55:19,66.50,200,
09:55:19,66.50,600,
09:55:19,66.50,1800,
09:55:19,66.50,300,
09:55:19,66.50,800,
09:55:19,66.50,100,
09:55:19,66.50,100,
09:55:20,66.50,800,
09:55:20,66.50,800,
09:55:20,66.50,500,
09:55:21,66.50,100,
09:55:21,66.50,200,
09:55:21,66.50,591,
09:55:21,66.50,100,
09:55:21,66.50,800,
09:55:21,66.50,791,
09:55:21,66.50,100,
09:55:21,66.50,200,
09:55:23,66.49,100,
09:55:23,66.49,100,
09:55:24,66.49,200,
09:55:24,66.49,100,
09:55:25,66.49,100,
09:55:25,66.49,400,
09:55:25,66.49,100,
09:55:25,66.49,400,
09:55:25,66.49,300,
09:55:28,66.499,200,
09:55:28,66.49,400,
09:55:29,66.49,700,
09:55:29,66.49,400,
09:55:29,66.49,100,
09:55:29,66.49,900,
09:55:29,66.49,700,
09:55:33,66.49,100,
09:55:35,66.49,3300,
09:55:35,66.4899,3935,
09:55:41,66.49,1000,
09:55:41,66.49,100,
09:55:41,66.49,500,
09:55:41,66.49,300,
09:55:41,66.485,300,
09:55:41,66.485,300,
09:55:41,66.49,400,
09:55:41,66.49,300,
09:55:41,66.49,100,
09:55:41,66.49,300,
09:55:41,66.49,699,
09:55:41,66.49,300,
09:55:41,66.49,900,
09:55:41,66.49,400,
09:55:47,66.49,200,
09:55:47,66.49,100,
09:55:47,66.49,200,
09:55:47,66.49,200,
09:55:48,66.48,500,
09:55:52,66.49,1500,
09:55:52,66.49,1000,
09:55:52,66.49,100,
09:55:52,66.49,100,
09:55:52,66.485,150,
09:55:52,66.49,600,
09:55:52,66.49,1000,
09:55:52,66.49,100,
09:55:52,66.49,900,
09:55:52,66.49,200,
09:55:52,66.49,100,
09:55:52,66.49,600,
09:55:52,66.49,200,
09:55:54,66.49,100,
09:55:55,66.4998,100,
09:55:55,66.50,300,
09:55:55,66.50,900,
09:55:55,66.50,600,
09:55:55,66.50,100,
09:55:55,66.50,200,
09:55:55,66.50,300,
09:55:55,66.50,200,
09:55:55,66.51,100,
09:55:55,66.51,400,
09:55:55,66.5079,200,
09:55:55,66.52,500,
09:55:55,66.51,2400,
09:55:55,66.51,400,
09:55:55,66.51,100,
09:55:55,66.51,500,
09:55:55,66.51,1000,
09:55:55,66.51,300,
09:55:55,66.51,200,
09:55:55,66.51,1000,
09:55:55,66.51,100,
09:55:55,66.51,100,
09:55:55,66.51,800,
09:55:55,66.51,600,
09:55:55,66.51,100,
09:55:55,66.51,1400,
09:55:55,66.51,600,
09:55:56,66.51,100,
09:55:56,66.51,106,
09:55:56,66.51,400,
09:55:56,66.51,100,
09:55:56,66.51,400,
09:55:56,66.51,200,
09:55:56,66.51,100,
09:55:56,66.51,800,
09:55:56,66.51,200,
09:55:56,66.51,300,
09:55:56,66.51,100,
09:55:56,66.51,100,
09:55:56,66.51,500,
09:55:56,66.51,300,
09:55:56,66.51,800,
09:55:56,66.51,164,
09:55:56,66.51,200,
09:55:56,66.51,500,
09:55:56,66.51,500,
09:55:56,66.51,100,
09:55:56,66.51,600,
09:55:56,66.51,400,
09:55:56,66.51,600,
09:55:56,66.51,100,
09:55:56,66.51,400,
09:55:56,66.51,100,
09:55:56,66.51,100,
09:55:56,66.51,400,
09:55:56,66.51,2500,
09:55:56,66.51,1000,
09:55:56,66.50,600,
09:55:56,66.50,400,
09:55:56,66.50,400,
09:55:56,66.50,100,
09:55:56,66.50,100,
09:55:56,66.50,100,
09:55:56,66.50,400,
09:55:56,66.50,2000,
09:55:56,66.50,100,
09:55:56,66.50,200,
09:55:56,66.50,100,
09:55:56,66.50,100,
09:55:56,66.50,100,
09:55:56,66.50,800,
09:55:56,66.50,100,
09:55:56,66.50,100,
09:55:56,66.51,100,
09:55:57,66.51,200,
09:55:57,66.51,200,
09:55:57,66.51,171,
09:55:57,66.51,100,
09:55:58,66.5179,300,
09:56:00,66.5179,200,
09:56:01,66.52,100,
09:56:01,66.52,100,
09:56:02,66.52,100,
09:56:04,66.5179,200,
09:56:05,66.51,100,
09:56:05,66.51,700,
09:56:05,66.51,300,
09:56:05,66.51,500,
09:56:05,66.51,200,
09:56:05,66.51,200,
09:56:05,66.51,100,
09:56:06,66.51,100,
09:56:06,66.51,200,
09:56:10,66.50,100,
09:56:11,66.50,1000,
09:56:11,66.50,600,
09:56:11,66.50,2802,
09:56:11,66.50,615,
09:56:11,66.50,100,
09:56:11,66.50,100,
09:56:11,66.50,100,
09:56:11,66.50,700,
09:56:11,66.49,500,
09:56:14,66.49,100,
09:56:16,66.50,100,
09:56:16,66.50,100,
09:56:16,66.50,1000,
09:56:16,66.50,200,
09:56:16,66.50,100,
09:56:16,66.51,100,
09:56:16,66.51,600,
09:56:16,66.51,400,
09:56:16,66.51,400,
09:56:16,66.51,400,
09:56:16,66.51,600,
09:56:16,66.51,800,
09:56:16,66.51,100,
09:56:16,66.51,1000,
09:56:16,66.50,100,
09:56:21,66.50,100,
09:56:28,66.51,300,
09:56:28,66.505,600,
09:56:28,66.5007,200,
09:56:29,66.51,600,
09:56:34,66.51,600,
09:56:34,66.51,300,
09:56:37,66.50,1400,
09:56:37,66.50,100,
09:56:37,66.50,100,
09:56:37,66.50,100,
09:56:37,66.50,400,
09:56:37,66.50,800,
09:56:37,66.50,200,
09:56:37,66.50,500,
09:56:37,66.50,355,
09:56:37,66.50,100,
09:56:38,66.50,100,
09:56:38,66.50,100,
09:56:38,66.50,3200,
09:56:38,66.50,100,
09:56:39,66.50,500,
09:56:39,66.50,200,
09:56:39,66.50,100,
09:56:41,66.50,100,
09:56:41,66.50,100,
09:56:45,66.4957,250,
09:56:52,66.50,100,
09:56:52,66.50,400,
09:56:52,66.50,300,
09:57:00,66.50,400,
09:57:00,66.50,200,
09:57:00,66.4921,250,
09:57:00,66.50,100,
09:57:00,66.50,500,
09:57:02,66.50,400,
09:57:02,66.50,600,
09:57:02,66.50,1300,
09:57:02,66.50,300,
09:57:02,66.50,100,
09:57:02,66.50,549,
09:57:02,66.50,200,
09:57:02,66.50,100,
09:57:02,66.50,100,
09:57:02,66.50,1000,
09:57:02,66.50,500,
09:57:05,66.50,100,
09:57:05,66.50,100,
09:57:05,66.50,3000,
09:57:05,66.50,200,
09:57:05,66.505,100,
09:57:05,66.50,100,
09:57:05,66.50,200,
09:57:05,66.50,3000,
09:57:05,66.50,600,
09:57:05,66.50,100,
09:57:05,66.50,300,
09:57:05,66.50,100,
09:57:05,66.50,100,
09:57:05,66.50,100,
09:57:05,66.50,600,
09:57:06,66.508,125,
09:57:08,66.50,100,
09:57:08,66.50,500,
09:57:09,66.51,500,
09:57:09,66.51,200,
09:57:09,66.51,600,
09:57:09,66.51,500,
09:57:11,66.51,800,
09:57:11,66.51,600,
09:57:13,66.52,500,
09:57:14,66.51,500,
09:57:14,66.51,800,
09:57:14,66.51,200,
09:57:14,66.51,100,
09:57:14,66.51,200,
09:57:14,66.51,100,
09:57:15,66.51,100,
09:57:15,66.505,500,
09:57:17,66.50,100,
09:57:17,66.50,1600,
09:57:17,66.50,100,
09:57:17,66.50,200,
09:57:17,66.50,1600,
09:57:17,66.50,100,
09:57:17,66.50,500,
09:57:17,66.50,500,
09:57:17,66.50,300,
09:57:18,66.50,500,
09:57:18,66.505,100,
09:57:19,66.50,100,
09:57:19,66.50,100,
09:57:21,66.50,200,
09:57:22,66.50,300,
09:57:22,66.50,600,
09:57:22,66.50,100,
09:57:22,66.50,1200,
09:57:22,66.50,900,
09:57:22,66.50,100,
09:57:22,66.50,800,
09:57:22,66.51,500,
09:57:22,66.51,100,
09:57:22,66.51,100,
09:57:22,66.495,100,
09:57:31,66.51,130,
09:57:32,66.50,1200,
09:57:32,66.50,500,
09:57:32,66.50,800,
09:57:32,66.50,200,
09:57:32,66.50,390,
09:57:32,66.50,200,
09:57:32,66.50,200,
09:57:32,66.49,400,
09:57:32,66.50,100,
09:57:35,66.50,100,
09:57:36,66.50,400,
09:57:36,66.50,100,
09:57:39,66.50,800,
09:57:39,66.50,100,
09:57:39,66.50,400,
09:57:39,66.50,100,
09:57:39,66.50,100,
09:57:39,66.50,700,
09:57:39,66.50,100,
09:57:39,66.50,100,
09:57:39,66.5099,100,
09:57:45,66.51,100,
09:57:45,66.51,100,
09:57:45,66.51,100,
09:57:45,66.51,800,
09:57:45,66.51,800,
09:57:45,66.51,400,
09:57:45,66.51,100,
09:57:45,66.51,400,
09:57:45,66.51,100,
09:57:45,66.505,100,
09:57:45,66.50,200,
09:57:46,66.51,200,
09:57:46,66.515,100,
09:57:46,66.51,200,
09:57:47,66.51,800,
09:57:48,66.51,100,
09:57:48,66.51,200,
09:57:49,66.51,200,
09:57:49,66.51,600,
09:57:49,66.51,200,
09:57:49,66.51,100,
09:57:49,66.51,600,
09:57:49,66.51,400,
09:57:49,66.51,100,
09:57:49,66.51,100,
09:57:54,66.505,500,
09:57:55,66.51,262,
09:57:55,66.505,100,
09:57:55,66.51,362,
09:57:56,66.51,100,
09:57:56,66.51,300,
09:57:56,66.51,200,
09:57:56,66.51,300,
09:57:56,66.51,200,
09:57:57,66.51,100,
09:57:59,66.5193,200,
09:58:06,66.5116,100,
09:58:08,66.51,800,
09:58:08,66.51,100,
09:58:09,66.51,100,
09:58:09,66.51,500,
09:58:09,66.51,100,
09:58:09,66.51,200,
09:58:09,66.51,200,
09:58:09,66.50,100,
09:58:09,66.50,300,
09:58:09,66.50,100,
09:58:09,66.50,200,
09:58:09,66.50,100,
09:58:09,66.50,200,
09:58:21,66.50,100,
09:58:21,66.50,100,
09:58:21,66.50,100,
09:58:21,66.50,1000,
09:58:21,66.50,100,
09:58:21,66.50,700,
09:58:21,66.50,800,
09:58:21,66.49,400,
09:58:21,66.49,100,
09:58:21,66.49,200,
09:58:21,66.49,100,
09:58:21,66.49,700,
09:58:22,66.49,2400,
09:58:29,66.495,100,
09:58:45,66.50,400,
09:58:45,66.50,100,
09:58:45,66.50,200,
09:58:45,66.50,200,
09:58:45,66.50,563,
09:58:45,66.50,400,
09:58:55,66.505,100,
09:58:59,66.5072,1000,
09:59:01,66.50,300,
09:59:04,66.5012,700,
09:59:06,66.50,100,
09:59:11,66.5032,3230,
09:59:14,66.505,200,
09:59:18,66.505,200,
09:59:18,66.505,200,
09:59:18,66.51,100,
09:59:18,66.51,100,
09:59:18,66.51,1100,
09:59:18,66.51,100,
09:59:18,66.51,100,
09:59:18,66.505,200,
09:59:18,66.51,200,
09:59:19,66.51,200,
09:59:30,66.5001,100,
09:59:31,66.50,100,
09:59:31,66.50,711,
09:59:31,66.50,400,
09:59:31,66.50,100,
09:59:31,66.50,200,
09:59:31,66.50,200,
09:59:31,66.50,1064,
09:59:31,66.49,100,
09:59:31,66.49,300,
09:59:32,66.49,100,
09:59:32,66.49,400,
09:59:32,66.49,100,
09:59:32,66.49,100,
09:59:32,66.49,100,
09:59:32,66.49,600,
09:59:32,66.48,600,
09:59:33,66.49,2000,
09:59:33,66.49,100,
09:59:38,66.485,200,
09:59:38,66.49,2000,
09:59:40,66.48,200,
09:59:41,66.48,500,
09:59:45,66.48,200,
09:59:45,66.48,200,
09:59:45,66.48,100,
09:59:45,66.48,100,
09:59:45,66.48,100,
09:59:49,66.485,500,
09:59:50,66.48,100,
09:59:50,66.48,200,
09:59:50,66.48,100,
09:59:50,66.48,200,
09:59:50,66.48,100,
09:59:51,66.49,200,
09:59:51,66.49,299,
09:59:51,66.485,100,
09:59:57,66.49,2000,
09:59:58,66.48,200,
09:59:58,66.48,242,
09:59:58,66.4801,2000,
09:59:59,66.48,100,
09:59:59,66.47,400,
09:59:59,66.47,600,
09:59:59,66.47,400,
09:59:59,66.47,400,
09:59:59,66.47,1100,
09:59:59,66.47,1500,
09:59:59,66.47,200,
09:59:59,66.47,500,
09:59:59,66.46,500,
09:59:59,66.46,3300,
09:59:59,66.46,400,
09:59:59,66.46,900,
09:59:59,66.4601,1500,
10:00:01,66.47,100,
10:00:01,66.47,100,
10:00:01,66.47,2000,
10:00:01,66.47,2000,
10:00:01,66.48,2000,
10:00:01,66.48,117,
10:00:01,66.48,100,
10:00:01,66.49,401,
10:00:02,66.48,300,
10:00:02,66.48,600,
10:00:02,66.49,2000,
10:00:02,66.49,800,
10:00:02,66.49,500,
10:00:03,66.49,500,
10:00:03,66.49,100,
10:00:03,66.49,700,
10:00:03,66.48,100,
10:00:03,66.48,169,
10:00:03,66.48,100,
10:00:03,66.48,100,
10:00:03,66.48,500,
10:00:03,66.48,400,
10:00:03,66.47,100,
10:00:03,66.47,100,
10:00:03,66.47,400,
10:00:03,66.47,800,
10:00:03,66.47,100,
10:00:03,66.47,1000,
10:00:03,66.47,100,
10:00:03,66.47,200,
10:00:04,66.475,333,
10:00:04,66.475,367,
10:00:06,66.47,500,
10:00:06,66.47,400,
10:00:08,66.48,200,
10:00:08,66.48,1000,
10:00:08,66.48,300,
10:00:08,66.48,400,
10:00:08,66.48,100,
10:00:08,66.49,200,
10:00:12,66.48,700,
10:00:12,66.48,2009,
10:00:12,66.48,200,
10:00:12,66.48,1000,
10:00:12,66.47,100,
10:00:12,66.47,600,
10:00:12,66.47,300,
10:00:12,66.47,100,
10:00:13,66.47,1000,
10:00:14,66.479,200,
10:00:14,66.47,600,
10:00:14,66.47,800,
10:00:18,66.47,1500,
10:00:25,66.4771,300,
10:00:27,66.48,2000,
10:00:27,66.48,1000,
10:00:28,66.48,300,
10:00:28,66.48,300,
10:00:28,66.48,300,
10:00:28,66.48,400,
10:00:28,66.48,200,
10:00:36,66.48,300,
10:00:36,66.48,600,
10:00:36,66.48,1000,
10:00:36,66.48,900,
10:00:36,66.475,1300,
10:00:36,66.48,600,
10:00:36,66.48,100,
10:00:36,66.475,1100,
10:00:36,66.49,599,
10:00:36,66.49,199,
10:00:37,66.48,1000,
10:00:37,66.48,800,
10:00:37,66.48,200,
10:00:37,66.48,200,
10:00:37,66.48,200,
10:00:37,66.48,1000,
10:00:40,66.47,500,
10:00:40,66.47,190,
10:00:40,66.47,2810,
10:00:40,66.47,1200,
10:00:40,66.47,3000,
10:00:40,66.47,1833,
10:00:46,66.4661,150,
10:00:47,66.47,100,
10:00:47,66.47,400,
10:00:47,66.47,600,
10:00:47,66.47,600,
10:00:47,66.465,200,
10:00:47,66.47,100,
10:00:50,66.4671,600,
10:00:58,66.47,100,
10:00:59,66.47,100,
10:00:59,66.47,100,
10:00:59,66.47,100,
10:01:05,66.46,300,
10:01:05,66.46,100,
10:01:05,66.46,100,
10:01:05,66.46,300,
10:01:05,66.46,100,
10:01:05,66.46,100,
10:01:05,66.46,100,
10:01:05,66.45,400,
10:01:05,66.45,300,
10:01:05,66.45,400,
10:01:05,66.45,900,
10:01:05,66.45,400,
10:01:05,66.45,400,
10:01:05,66.45,100,
10:01:05,66.45,200,
10:01:05,66.45,100,
10:01:05,66.45,200,
10:01:11,66.445,100,
10:01:13,66.45,100,
10:01:15,66.449,1000,
10:01:16,66.4495,300,
10:01:16,66.44,400,
10:01:16,66.44,200,
10:01:19,66.435,500,
10:01:20,66.44,1000,
10:01:20,66.44,500,
10:01:21,66.43,900,
10:01:23,66.44,100,
10:01:23,66.44,100,
10:01:23,66.43,208,
10:01:23,66.43,100,
10:01:23,66.43,100,
10:01:23,66.43,992,
10:01:23,66.43,600,
10:01:23,66.43,500,
10:01:23,66.43,800,
10:01:23,66.43,300,
10:01:23,66.43,200,
10:01:23,66.43,100,
10:01:23,66.43,100,
10:01:23,66.43,100,
10:01:23,66.43,400,
10:01:24,66.43,100,
10:01:24,66.44,100,
10:01:24,66.43,100,
10:01:25,66.42,815,
10:01:25,66.42,800,
10:01:25,66.42,400,
10:01:25,66.42,100,
10:01:25,66.42,100,
10:01:25,66.42,100,
10:01:25,66.42,300,
10:01:25,66.42,100,
10:01:25,66.42,900,
10:01:25,66.42,842,
10:01:25,66.42,100,
10:01:25,66.42,100,
10:01:25,66.42,100,
10:01:25,66.42,100,
10:01:25,66.42,100,
10:01:25,66.42,100,
10:01:25,66.42,100,
10:01:25,66.42,2325,
10:01:25,66.41,800,
10:01:25,66.41,3000,
10:01:26,66.42,200,
10:01:28,66.41,300,
10:01:32,66.41,1500,
10:01:32,66.41,100,
10:01:32,66.41,100,
10:01:32,66.41,100,
10:01:32,66.41,100,
10:01:35,66.42,100,
10:01:40,66.4197,100,
10:01:40,66.419,200,
10:01:40,66.415,500,
10:01:40,66.42,100,
10:01:40,66.42,1000,
10:01:40,66.42,100,
10:01:40,66.42,800,
10:01:41,66.415,500,
10:01:45,66.43,100,
10:01:47,66.42,100,
10:01:47,66.42,100,
10:01:47,66.42,200,
10:01:47,66.42,600,
10:01:47,66.42,1100,
10:01:47,66.42,800,
10:01:47,66.42,1600,
10:01:47,66.42,2000,
10:01:47,66.42,400,
10:01:47,66.42,100,
10:01:47,66.42,100,
10:01:47,66.42,100,
10:01:47,66.42,1400,
10:01:49,66.41,400,
10:01:49,66.41,400,
10:01:50,66.41,100,
10:01:53,66.415,300,
10:01:55,66.41,300,
10:01:55,66.41,700,
10:01:55,66.41,3700,
10:01:55,66.41,100,
10:01:55,66.41,100,
10:01:57,66.41,100,
10:01:58,66.4113,1200,
10:01:58,66.41,100,
10:02:00,66.41,100,
10:02:01,66.41,100,
10:02:01,66.41,100,
10:02:01,66.41,500,
10:02:04,66.41,100,
10:02:04,66.41,400,
10:02:04,66.41,100,
10:02:04,66.405,1200,
10:02:04,66.41,200,
10:02:04,66.41,100,
10:02:04,66.41,1500,
10:02:04,66.41,200,
10:02:04,66.41,300,
10:02:04,66.41,100,
10:02:04,66.41,800,
10:02:04,66.405,700,
10:02:04,66.42,400,
10:02:05,66.42,100,
10:02:05,66.42,700,
10:02:05,66.42,100,
10:02:05,66.42,384,
10:02:05,66.42,316,
10:02:05,66.42,1500,
10:02:05,66.42,100,
10:02:05,66.405,100,
10:02:07,66.42,100,
10:02:07,66.42,400,
10:02:07,66.42,100,
10:02:07,66.42,100,
10:02:07,66.42,200,
10:02:07,66.42,100,
10:02:07,66.42,400,
10:02:07,66.42,100,
10:02:07,66.42,1100,
10:02:07,66.41,600,
10:02:07,66.41,400,
10:02:09,66.41,100,
10:02:15,66.42,100,
10:02:15,66.42,100,
10:02:16,66.42,275,
10:02:16,66.42,1500,
10:02:16,66.42,100,
10:02:16,66.42,100,
10:02:16,66.42,500,
10:02:16,66.42,1100,
10:02:16,66.415,800,
10:02:21,66.43,100,
10:02:21,66.4273,150,
10:02:22,66.43,100,
10:02:22,66.43,100,
10:02:22,66.43,400,
10:02:22,66.43,800,
10:02:22,66.43,1133,
10:02:22,66.425,800,
10:02:22,66.44,100,
10:02:22,66.44,200,
10:02:22,66.44,400,
10:02:22,66.44,100,
10:02:22,66.44,1100,
10:02:22,66.44,500,
10:02:22,66.44,200,
10:02:22,66.44,100,
10:02:23,66.44,100,
10:02:23,66.45,500,
10:02:25,66.45,300,
10:02:25,66.45,800,
10:02:25,66.45,800,
10:02:25,66.45,200,
10:02:25,66.445,500,
10:02:25,66.45,494,
10:02:25,66.45,1500,
10:02:25,66.45,600,
10:02:25,66.45,2400,
10:02:25,66.45,1500,
10:02:25,66.45,700,
10:02:25,66.45,800,
10:02:25,66.45,100,
10:02:25,66.45,100,
10:02:25,66.45,300,
10:02:25,66.45,600,
10:02:25,66.45,400,
10:02:25,66.45,600,
10:02:25,66.445,500,
10:02:26,66.44,100,
10:02:26,66.44,500,
10:02:26,66.45,500,
10:02:27,66.45,300,
10:02:27,66.45,100,
10:02:27,66.45,100,
10:02:28,66.45,700,
10:02:28,66.45,500,
10:02:29,66.45,100,
10:02:29,66.45,600,
10:02:30,66.46,100,
10:02:33,66.4597,300,
10:02:33,66.4597,200,
10:02:35,66.46,300,
10:02:36,66.4587,1000,
10:02:37,66.46,5025,
10:02:44,66.46,600,
10:02:44,66.46,100,
10:02:44,66.46,600,
10:02:44,66.46,800,
10:02:44,66.46,800,
10:02:44,66.46,100,
10:02:44,66.46,400,
10:02:44,66.46,100,
10:02:44,66.46,400,
10:02:44,66.46,700,
10:02:47,66.47,300,
10:02:49,66.46,500,
10:02:49,66.46,200,
10:02:49,66.465,100,
10:02:52,66.47,100,
10:02:53,66.47,100,
10:02:53,66.47,100,
10:02:53,66.47,400,
10:02:53,66.47,100,
10:02:53,66.47,128,
10:02:53,66.48,100,
10:02:55,66.479,468,
10:02:59,66.47,100,
10:02:59,66.47,300,
10:02:59,66.47,1000,
10:03:02,66.4679,200,
10:03:04,66.4679,340,
10:03:05,66.469,200,
10:03:05,66.47,100,
10:03:08,66.4679,200,
10:03:12,66.47,400,
10:03:12,66.47,900,
10:03:12,66.47,100,
10:03:12,66.47,900,
10:03:17,66.48,400,
10:03:17,66.48,100,
10:03:17,66.48,300,
10:03:17,66.48,100,
10:03:17,66.48,1000,
10:03:17,66.48,300,
10:03:17,66.48,400,
10:03:17,66.48,400,
10:03:18,66.48,100,
10:03:18,66.48,100,
10:03:18,66.48,300,
10:03:25,66.4879,700,
10:03:30,66.4858,150,
10:03:33,66.48,900,
10:03:38,66.49,100,
10:03:42,66.48,100,
10:03:42,66.48,100,
10:03:42,66.48,100,
10:03:42,66.48,1000,
10:03:42,66.48,1000,
10:03:42,66.48,500,
10:03:42,66.48,100,
10:03:42,66.48,200,
10:03:42,66.48,13500,
10:03:42,66.48,100,
10:03:42,66.485,100,
10:03:42,66.48,100,
10:03:42,66.48,100,
10:03:43,66.48,100,
10:03:43,66.48,100,
10:03:43,66.48,600,
10:03:43,66.48,100,
10:03:43,66.48,601,
10:03:43,66.48,510,
10:03:43,66.48,1200,
10:03:43,66.48,300,
10:03:43,66.48,1600,
10:03:43,66.48,100,
10:03:43,66.48,100,
10:03:43,66.48,200,
10:03:43,66.48,800,
10:03:43,66.48,200,
10:03:43,66.48,500,
10:03:43,66.48,600,
10:03:43,66.48,200,
10:03:43,66.48,100,
10:03:43,66.48,200,
10:03:43,66.48,100,
10:03:43,66.48,100,
10:03:43,66.48,900,
10:03:43,66.49,800,
10:03:43,66.48,300,
10:03:43,66.48,800,
10:03:43,66.48,400,
10:03:43,66.48,1000,
10:03:43,66.48,300,
10:03:43,66.48,800,
10:03:43,66.48,100,
10:03:43,66.48,500,
10:03:44,66.48,100,
10:03:44,66.48,600,
10:03:44,66.48,200,
10:03:44,66.48,100,
10:03:44,66.48,100,
10:03:44,66.48,1000,
10:03:44,66.48,800,
10:03:44,66.48,800,
10:03:44,66.48,100,
10:03:45,66.48,700,
10:03:45,66.47,100,
10:03:45,66.47,300,
10:03:49,66.48,1000,
10:03:49,66.48,400,
10:03:49,66.475,700,
10:03:49,66.48,400,
10:03:49,66.48,400,
10:03:49,66.48,100,
10:03:49,66.48,300,
10:03:49,66.48,200,
10:03:49,66.48,800,
10:03:49,66.475,1000,
10:03:49,66.48,800,
10:03:49,66.48,500,
10:03:49,66.47,320,
10:03:49,66.47,1980,
10:03:49,66.47,200,
10:03:49,66.47,600,
10:03:49,66.47,100,
10:03:49,66.47,100,
10:03:49,66.47,1000,
10:03:59,66.48,100,
10:03:59,66.48,100,
10:03:59,66.48,100,
10:03:59,66.48,100,
10:03:59,66.49,100,
10:03:59,66.49,200,
10:04:01,66.49,1500,
10:04:05,66.49,100,
10:04:10,66.4887,585,
10:04:12,66.48,100,
10:04:12,66.48,200,
10:04:12,66.485,100,
10:04:12,66.48,500,
10:04:12,66.48,100,
10:04:12,66.48,100,
10:04:12,66.48,1100,
10:04:12,66.48,100,
10:04:12,66.48,700,
10:04:12,66.48,200,
10:04:12,66.48,400,
10:04:13,66.49,500,
10:04:13,66.49,100,
10:04:13,66.50,800,
10:04:13,66.50,200,
10:04:14,66.50,200,
10:04:14,66.50,100,
10:04:14,66.50,400,
10:04:14,66.50,200,
10:04:14,66.50,400,
10:04:14,66.50,100,
10:04:14,66.50,100,
10:04:14,66.50,100,
10:04:16,66.5071,200,
10:04:16,66.50,100,
10:04:16,66.50,100,
10:04:16,66.50,100,
10:04:16,66.50,1030,
10:04:16,66.50,100,
10:04:16,66.50,200,
10:04:16,66.50,400,
10:04:16,66.50,500,
10:04:16,66.50,4373,
10:04:16,66.50,700,
10:04:16,66.50,600,
10:04:16,66.50,815,
10:04:16,66.50,1000,
10:04:16,66.50,1500,
10:04:16,66.50,800,
10:04:17,66.50,600,
10:04:17,66.50,753,
10:04:17,66.50,200,
10:04:19,66.491,800,
10:04:19,66.495,100,
10:04:20,66.50,400,
10:04:20,66.50,400,
10:04:20,66.50,100,
10:04:20,66.50,1100,
10:04:20,66.50,814,
10:04:20,66.50,186,
10:04:20,66.51,400,
10:04:20,66.51,1200,
10:04:20,66.51,600,
10:04:20,66.51,600,
10:04:20,66.5001,2109,
10:04:23,66.51,500,
10:04:23,66.51,100,
10:04:23,66.51,800,
10:04:23,66.52,400,
10:04:23,66.51,500,
10:04:26,66.51,100,
10:04:26,66.51,1100,
10:04:26,66.51,100,
10:04:26,66.51,100,
10:04:26,66.51,300,
10:04:26,66.51,100,
10:04:26,66.51,400,
10:04:26,66.50,100,
10:04:27,66.51,700,
10:04:27,66.505,100,
10:04:27,66.51,400,
10:04:27,66.51,400,
10:04:27,66.51,700,
10:04:27,66.51,400,
10:04:29,66.50,100,
10:04:30,66.50,100,
10:04:30,66.50,100,
10:04:30,66.50,1000,
10:04:30,66.50,1000,
10:04:31,66.50,400,
10:04:31,66.50,200,
10:04:31,66.50,200,
10:04:31,66.50,100,
10:04:31,66.50,500,
10:04:33,66.50,100,
10:04:34,66.50,200,
10:04:34,66.50,600,
10:04:34,66.50,200,
10:04:34,66.50,100,
10:04:34,66.50,1000,
10:04:37,66.5087,100,
10:04:41,66.51,600,
10:04:41,66.505,100,
10:04:41,66.51,100,
10:04:41,66.51,1100,
10:04:42,66.51,100,
10:04:43,66.51,800,
10:04:43,66.51,100,
10:04:44,66.51,100,
10:04:46,66.51,100,
10:04:48,66.51,100,
10:04:49,66.52,600,
10:04:49,66.52,875,
10:04:51,66.5206,400,
10:04:51,66.513,1000,
10:04:53,66.53,400,
10:04:54,66.52,700,
10:04:55,66.52,200,
10:04:55,66.52,200,
10:04:55,66.52,1100,
10:04:55,66.52,100,
10:04:58,66.515,100,
10:04:58,66.51,1300,
10:05:00,66.51,700,
10:05:00,66.5191,400,
10:05:00,66.5191,500,
10:05:00,66.5192,300,
10:05:00,66.5192,300,
10:05:00,66.5193,300,
10:05:00,66.5193,300,
10:05:00,66.519,3700,
10:05:01,66.51,100,
10:05:01,66.51,400,
10:05:01,66.51,100,
10:05:01,66.51,180,
10:05:01,66.51,600,
10:05:01,66.51,200,
10:05:01,66.51,100,
10:05:01,66.51,200,
10:05:01,66.51,100,
10:05:01,66.51,1100,
10:05:01,66.51,100,
10:05:01,66.50,700,
10:05:01,66.52,15300,
10:05:01,66.50,100,
10:05:01,66.50,400,
10:05:01,66.50,200,
10:05:05,66.51,100,
10:05:05,66.51,300,
10:05:05,66.51,1100,
10:05:05,66.51,100,
10:05:05,66.51,100,
10:05:10,66.51,200,
10:05:10,66.51,100,
10:05:10,66.51,100,
10:05:11,66.5071,600,
10:05:12,66.50,100,
10:05:12,66.50,500,
10:05:13,66.5099,160,
10:05:16,66.5087,100,
10:05:18,66.50,100,
10:05:18,66.50,100,
10:05:18,66.50,100,
10:05:18,66.50,100,
10:05:18,66.50,100,
10:05:18,66.505,100,
10:05:19,66.50,500,
10:05:22,66.50,100,
10:05:22,66.50,100,
10:05:22,66.50,600,
10:05:22,66.495,200,
10:05:22,66.50,200,
10:05:22,66.50,800,
10:05:22,66.50,2100,
10:05:22,66.50,100,
10:05:22,66.50,284,
10:05:22,66.50,700,
10:05:22,66.50,800,
10:05:22,66.50,800,
10:05:22,66.50,700,
10:05:22,66.50,800,
10:05:22,66.495,100,
10:05:22,66.50,400,
10:05:22,66.51,800,
10:05:22,66.51,100,
10:05:22,66.51,400,
10:05:23,66.51,100,
10:05:23,66.51,200,
10:05:23,66.51,100,
10:05:24,66.51,100,
10:05:24,66.51,600,
10:05:25,66.505,200,
10:05:25,66.51,200,
10:05:31,66.51,100,
10:05:31,66.51,100,
10:05:31,66.52,200,
10:05:31,66.52,700,
10:05:36,66.518,130,
10:05:38,66.52,200,
10:05:38,66.52,100,
10:05:38,66.52,300,
10:05:38,66.52,100,
10:05:38,66.52,1100,
10:05:40,66.5216,400,
10:05:41,66.52,1000,
10:05:41,66.52,100,
10:05:41,66.52,200,
10:05:41,66.52,400,
10:05:41,66.52,100,
10:05:41,66.52,400,
10:05:41,66.52,824,
10:05:43,66.52,500,
10:05:44,66.52,150,
10:05:44,66.52,150,
10:05:44,66.52,500,
10:05:44,66.52,300,
10:05:44,66.52,100,
10:05:45,66.522,100,
10:05:46,66.521,700,
10:05:48,66.5223,600,
10:05:48,66.52,300,
10:05:48,66.52,600,
10:05:48,66.52,185,
10:05:50,66.52,300,
10:05:51,66.52,100,
10:05:53,66.5172,356,
10:05:53,66.519,400,
10:05:55,66.52,100,
10:05:57,66.51,400,
10:05:57,66.51,700,
10:05:57,66.51,100,
10:05:57,66.51,100,
10:05:58,66.51,100,
10:05:58,66.51,100,
10:05:58,66.51,100,
10:05:58,66.51,800,
10:05:58,66.50,200,
10:05:58,66.50,100,
10:05:58,66.50,100,
10:05:58,66.50,100,
10:05:58,66.50,197,
10:05:58,66.50,200,
10:05:58,66.50,100,
10:05:58,66.50,100,
10:05:58,66.50,220,
10:06:00,66.50,2180,
10:06:00,66.50,520,
10:06:00,66.50,800,
10:06:00,66.50,280,
10:06:00,66.50,400,
10:06:00,66.50,400,
10:06:00,66.50,200,
10:06:00,66.50,123,
10:06:00,66.50,600,
10:06:00,66.50,100,
10:06:00,66.50,200,
10:06:00,66.50,697,
10:06:00,66.50,600,
10:06:00,66.50,600,
10:06:00,66.50,100,
10:06:00,66.51,200,
10:06:00,66.51,100,
10:06:00,66.51,1000,
10:06:00,66.51,800,
10:06:00,66.50,100,
10:06:01,66.509,100,
10:06:09,66.5001,2500,
10:06:11,66.505,100,
10:06:12,66.50,300,
10:06:15,66.509,100,
10:06:20,66.51,100,
10:06:20,66.51,700,
10:06:20,66.51,600,
10:06:20,66.51,100,
10:06:24,66.51,100,
10:06:24,66.51,100,
10:06:24,66.51,200,
10:06:31,66.52,200,
10:06:34,66.5158,300,
10:06:37,66.52,200,
10:06:39,66.52,100,
10:06:44,66.5107,1000,
10:06:46,66.52,100,
10:06:47,66.52,100,
10:06:47,66.52,100,
10:06:50,66.51,728,
10:06:52,66.52,100,
10:06:52,66.52,100,
10:06:52,66.52,100,
10:06:57,66.52,100,
10:06:57,66.52,100,
10:06:59,66.52,1000,
10:06:59,66.52,10000,
10:06:59,66.52,100,
10:06:59,66.52,100,
10:06:59,66.52,600,
10:06:59,66.52,300,
10:06:59,66.52,2800,
10:06:59,66.52,100,
10:06:59,66.52,300,
10:06:59,66.52,100,
10:06:59,66.52,200,
10:06:59,66.52,1500,
10:06:59,66.52,600,
10:06:59,66.52,100,
10:06:59,66.53,400,
10:06:59,66.53,800,
10:06:59,66.53,800,
10:06:59,66.53,100,
10:07:02,66.54,100,
10:07:02,66.54,100,
10:07:02,66.54,130,
10:07:02,66.54,100,
10:07:02,66.54,100,
10:07:02,66.54,100,
10:07:02,66.54,500,
10:07:02,66.54,500,
10:07:02,66.54,400,
10:07:02,66.54,130,
10:07:02,66.54,130,
10:07:02,66.54,130,
10:07:02,66.54,130,
10:07:04,66.54,303,
10:07:04,66.54,597,
10:07:04,66.54,200,
10:07:05,66.54,100,
10:07:05,66.54,200,
10:07:05,66.54,100,
10:07:05,66.54,100,
10:07:05,66.54,100,
10:07:05,66.548,500,
10:07:05,66.55,100,
10:07:05,66.55,100,
10:07:05,66.55,100,
10:07:05,66.55,100,
10:07:05,66.55,100,
10:07:05,66.55,100,
10:07:05,66.55,100,
10:07:06,66.55,550,
10:07:07,66.55,100,
10:07:07,66.55,100,
10:07:07,66.56,904,
10:07:07,66.56,400,
10:07:07,66.55,100,
10:07:07,66.55,1000,
10:07:07,66.55,770,
10:07:07,66.55,100,
10:07:07,66.55,100,
10:07:07,66.55,800,
10:07:07,66.55,600,
10:07:07,66.55,404,
10:07:07,66.55,700,
10:07:07,66.55,104,
10:07:07,66.56,400,
10:07:07,66.55,496,
10:07:08,66.56,2200,
10:07:08,66.55,100,
10:07:08,66.55,200,
10:07:08,66.55,600,
10:07:08,66.55,100,
10:07:08,66.55,200,
10:07:09,66.55,200,
10:07:11,66.55,400,
10:07:11,66.55,1000,
10:07:11,66.55,1000,
10:07:12,66.545,100,
10:07:13,66.549,100,
10:07:13,66.55,303,
10:07:13,66.55,200,
10:07:14,66.55,100,
10:07:14,66.56,100,
10:07:16,66.558,150,
10:07:18,66.55,100,
10:07:18,66.55,1000,
10:07:18,66.55,400,
10:07:18,66.55,1067,
10:07:18,66.55,100,
10:07:18,66.55,130,
10:07:21,66.55,100,
10:07:21,66.55,900,
10:07:21,66.545,100,
10:07:21,66.55,100,
10:07:23,66.55,300,
10:07:23,66.55,1900,
10:07:23,66.55,200,
10:07:27,66.55,500,
10:07:29,66.55,400,
10:07:31,66.55,6000,
10:07:37,66.56,3500,
10:07:37,66.56,500,
10:07:37,66.56,685,
10:07:37,66.56,200,
10:07:37,66.55,500,
10:07:37,66.55,200,
10:07:37,66.55,400,
10:07:38,66.56,100,
10:07:38,66.55,300,
10:07:39,66.555,100,
10:07:39,66.5579,250,
10:07:39,66.55,100,
10:07:39,66.55,100,
10:07:39,66.55,1000,
10:07:39,66.55,100,
10:07:39,66.55,600,
10:07:39,66.55,100,
10:07:39,66.55,300,
10:07:39,66.55,200,
10:07:42,66.54,400,
10:07:42,66.54,400,
10:07:42,66.54,100,
10:07:42,66.54,100,
10:07:43,66.54,100,
10:07:43,66.54,200,
10:07:44,66.54,100,
10:07:45,66.539,100,
10:07:46,66.5393,1000,
10:07:47,66.53,830,
10:07:47,66.53,400,
10:07:47,66.53,100,
10:07:47,66.52,300,
10:07:47,66.52,100,
10:07:47,66.52,500,
10:07:47,66.52,500,
10:07:48,66.525,100,
10:07:48,66.525,100,
10:07:48,66.525,100,
10:07:49,66.52,5863,
10:07:50,66.53,100,
10:07:50,66.53,184,
10:07:51,66.53,100,
10:07:51,66.53,684,
10:07:56,66.525,100,
10:08:00,66.52,600,
10:08:01,66.52,100,
10:08:03,66.52,700,
10:08:03,66.52,100,
10:08:04,66.52,200,
10:08:04,66.52,100,
10:08:04,66.52,100,
10:08:06,66.515,800,
10:08:07,66.52,300,
10:08:07,66.51,500,
10:08:09,66.52,700,
10:08:09,66.52,700,
10:08:10,66.515,200,
10:08:10,66.52,1000,
10:08:10,66.515,400,
10:08:10,66.52,200,
10:08:10,66.5287,1500,
10:08:10,66.52,100,
10:08:10,66.52,100,
10:08:10,66.52,200,
10:08:10,66.52,100,
10:08:11,66.53,146,
10:08:11,66.53,1000,
10:08:11,66.53,270,
10:08:11,66.53,400,
10:08:11,66.53,400,
10:08:11,66.53,800,
10:08:14,66.53,200,
10:08:16,66.529,100,
10:08:16,66.53,200,
10:08:16,66.53,100,
10:08:16,66.53,100,
10:08:19,66.54,300,
10:08:20,66.54,378,
10:08:20,66.54,400,
10:08:20,66.54,100,
10:08:20,66.54,100,
10:08:20,66.54,100,
10:08:20,66.54,100,
10:08:22,66.5401,100,
10:08:22,66.55,100,
10:08:22,66.55,100,
10:08:22,66.55,100,
10:08:22,66.55,300,
10:08:22,66.55,100,
10:08:22,66.55,100,
10:08:23,66.55,100,
10:08:23,66.55,100,
10:08:23,66.56,2000,
10:08:23,66.56,400,
10:08:23,66.56,1000,
10:08:23,66.56,600,
10:08:23,66.56,245,
10:08:23,66.56,600,
10:08:23,66.56,800,
10:08:23,66.56,2000,
10:08:23,66.56,800,
10:08:23,66.56,100,
10:08:24,66.56,8696,
10:08:24,66.56,3000,
10:08:24,66.56,4100,
10:08:24,66.56,1000,
10:08:24,66.56,100,
10:08:24,66.56,100,
10:08:24,66.55,400,
10:08:24,66.55,400,
10:08:24,66.55,100,
10:08:24,66.55,900,
10:08:26,66.559,1000,
10:08:27,66.55,200,
10:08:27,66.55,400,
10:08:27,66.55,200,
10:08:29,66.545,100,
10:08:29,66.545,100,
10:08:33,66.55,100,
10:08:33,66.55,100,
10:08:34,66.5486,500,
10:08:39,66.5499,100,
10:08:40,66.5484,250,
10:08:42,66.54,300,
10:08:42,66.54,400,
10:08:42,66.54,100,
10:08:42,66.54,700,
10:08:42,66.54,100,
10:08:42,66.54,200,
10:08:42,66.54,100,
10:08:43,66.53,200,
10:08:49,66.53,100,
10:08:49,66.53,400,
10:08:49,66.53,900,
10:08:49,66.53,200,
10:08:49,66.53,100,
10:08:49,66.53,600,
10:08:49,66.53,200,
10:08:49,66.53,700,
10:08:51,66.52,100,
10:08:51,66.52,400,
10:08:54,66.521,100,
10:08:56,66.525,200,
10:08:57,66.5299,1700,
10:08:57,66.525,100,
10:09:01,66.528,500,
10:09:03,66.5201,200,
10:09:07,66.525,100,
10:09:10,66.525,700,
10:09:10,66.53,100,
10:09:10,66.53,200,
10:09:10,66.53,100,
10:09:10,66.53,200,
10:09:11,66.54,200,
10:09:12,66.535,100,
10:09:14,66.53,600,
10:09:14,66.53,800,
10:09:14,66.53,100,
10:09:14,66.53,100,
10:09:14,66.53,400,
10:09:14,66.53,100,
10:09:14,66.53,100,
10:09:14,66.535,100,
10:09:16,66.539,200,
10:09:19,66.525,100,
10:09:19,66.525,100,
10:09:29,66.529,100,
10:09:32,66.53,900,
10:09:32,66.53,200,
10:09:36,66.529,500,
10:09:39,66.5257,300,
10:09:42,66.525,200,
10:09:48,66.53,100,
10:09:48,66.53,100,
10:09:48,66.53,100,
10:09:48,66.53,100,
10:09:48,66.53,100,
10:09:51,66.54,700,
10:09:54,66.53,946,
10:09:54,66.53,700,
10:09:54,66.53,157,
10:09:54,66.53,100,
10:09:54,66.53,200,
10:09:54,66.53,100,
10:09:54,66.53,400,
10:09:54,66.53,100,
10:09:54,66.53,516,
10:09:54,66.53,600,
10:09:54,66.53,100,
10:09:54,66.53,100,
10:09:54,66.53,100,
10:09:54,66.535,100,
10:09:54,66.53,300,
10:09:54,66.53,800,
10:09:54,66.53,100,
10:09:58,66.54,200,
10:09:58,66.535,500,
10:09:58,66.54,100,
10:09:58,66.54,100,
10:09:58,66.54,100,
10:09:58,66.54,900,
10:09:58,66.535,500,
10:09:58,66.54,800,
10:09:58,66.54,137,
10:09:58,66.54,500,
10:09:58,66.54,237,
10:10:00,66.54,690,
10:10:03,66.54,400,
10:10:03,66.54,210,
10:10:03,66.54,300,
10:10:03,66.54,200,
10:10:04,66.5479,100,
10:10:05,66.54,100,
10:10:05,66.54,100,
10:10:05,66.54,200,
10:10:06,66.53,500,
10:10:06,66.53,300,
10:10:06,66.53,100,
10:10:06,66.52,500,
10:10:07,66.53,2300,
10:10:09,66.53,100,
10:10:09,66.53,800,
10:10:09,66.53,100,
10:10:09,66.53,700,
10:10:09,66.53,100,
10:10:09,66.53,400,
10:10:09,66.53,700,
10:10:09,66.53,500,
10:10:09,66.53,500,
10:10:09,66.53,100,
10:10:09,66.53,800,
10:10:09,66.53,400,
10:10:09,66.53,200,
10:10:09,66.53,100,
10:10:09,66.53,600,
10:10:09,66.53,800,
10:10:10,66.53,100,
10:10:10,66.53,800,
10:10:11,66.535,100,
10:10:12,66.53,300,
10:10:16,66.5399,1600,
10:10:17,66.539,200,
10:10:19,66.53,100,
10:10:19,66.53,100,
10:10:21,66.54,100,
10:10:21,66.54,100,
10:10:21,66.54,400,
10:10:21,66.54,419,
10:10:21,66.54,400,
10:10:21,66.54,200,
10:10:21,66.54,200,
10:10:21,66.535,100,
10:10:23,66.55,500,
10:10:23,66.55,2000,
10:10:23,66.55,300,
10:10:23,66.5499,1000,
10:10:24,66.54,600,
10:10:27,66.54,100,
10:10:34,66.548,2000,
10:10:35,66.545,100,
10:10:37,66.54,800,
10:10:37,66.54,540,
10:10:37,66.54,100,
10:10:37,66.54,400,
10:10:37,66.54,200,
10:10:37,66.54,100,
10:10:41,66.53,100,
10:10:46,66.54,100,
10:10:47,66.53,100,
10:10:49,66.53,100,
10:10:50,66.539,300,
10:10:57,66.53,400,
10:10:58,66.53,300,
10:10:58,66.53,100,
10:10:58,66.53,200,
10:10:58,66.53,200,
10:10:58,66.53,500,
10:10:58,66.53,100,
