09:30:00,55.87,1000,
09:30:00,55.87,100,
09:30:00,55.88,1000,
09:30:00,55.87,200,
09:30:00,55.87,800,
09:30:00,55.87,100,
09:30:00,55.87,100,
09:30:00,55.87,100,
09:30:00,55.87,400,
09:30:00,55.87,100,
09:30:00,55.88,700,
09:30:00,55.88,400,
09:30:00,55.88,800,
09:30:00,55.88,400,
09:30:00,55.88,100,
09:30:00,55.87,49602,
09:30:00,55.87,100,
09:30:00,55.87,300,
09:30:00,55.87,500,
09:30:00,55.87,400,
09:30:01,55.87,200,
09:30:01,55.87,244,
09:30:01,55.88,500,
09:30:01,55.87,100,
09:30:01,55.87,100,
09:30:01,55.87,200,
09:30:01,55.87,900,
09:30:01,55.87,1000,
09:30:01,55.87,1000,
09:30:01,55.87,100,
09:30:01,55.87,100,
09:30:01,55.87,205,
09:30:01,55.87,700,
09:30:01,55.87,200,
09:30:01,55.87,100,
09:30:01,55.87,200,
09:30:01,55.87,200,
09:30:01,55.87,360,
09:30:01,55.87,108,
09:30:01,55.87,102,
09:30:01,55.87,500,
09:30:01,55.87,100,
09:30:01,55.87,100,
09:30:01,55.87,221,
09:30:01,55.87,100,
09:30:01,55.87,200,
09:30:01,55.87,100,
09:30:01,55.87,125,
09:30:01,55.87,105,
09:30:01,55.87,2600,
09:30:01,55.87,1000,
09:30:01,55.87,520,
09:30:01,55.87,200,
09:30:01,55.87,145,
09:30:01,55.87,104,
09:30:01,55.87,840,
09:30:01,55.87,100,
09:30:01,55.87,208,
09:30:01,55.87,100,
09:30:01,55.87,698,
09:30:01,55.87,600,
09:30:01,55.87,1850,
09:30:02,55.87,173,
09:30:02,55.87,100,
09:30:02,55.87,300,
09:30:02,55.88,100,
09:30:02,55.88,400,
09:30:02,55.88,700,
09:30:02,55.88,100,
09:30:02,55.88,100,
09:30:02,55.88,100,
09:30:02,55.88,400,
09:30:02,55.88,700,
09:30:02,55.88,100,
09:30:02,55.88,300,
09:30:02,55.88,100,
09:30:02,55.88,300,
09:30:02,55.88,300,
09:30:02,55.89,400,
09:30:02,55.89,100,
09:30:02,55.89,100,
09:30:02,55.89,100,
09:30:02,55.89,785,
09:30:02,55.88,1200,
09:30:03,55.89,500,
09:30:03,55.90,1000,
09:30:05,55.89,200,
09:30:06,55.89,400,
09:30:06,55.89,100,
09:30:06,55.89,100,
09:30:06,55.89,200,
09:30:06,55.89,200,
09:30:06,55.89,173,
09:30:08,55.90,500,
09:30:08,55.90,300,
09:30:08,55.90,100,
09:30:08,55.90,500,
09:30:08,55.90,100,
09:30:08,55.89,400,
09:30:08,55.90,200,
09:30:08,55.90,100,
09:30:08,55.90,100,
09:30:08,55.90,1725,
09:30:08,55.90,275,
09:30:08,55.89,100,
09:30:08,55.89,700,
09:30:08,55.89,373,
09:30:08,55.90,100,
09:30:08,55.90,700,
09:30:09,55.89,300,
09:30:09,55.8731,100,
09:30:10,55.90,500,
09:30:10,55.90,100,
09:30:10,55.90,100,
09:30:10,55.89,200,
09:30:12,55.91,200,
09:30:12,55.91,100,
09:30:15,55.92,1000,
09:30:15,55.92,100,
09:30:15,55.92,1000,
09:30:16,55.92,1000,
09:30:16,55.90,100,
09:30:17,55.90,200,
09:30:17,55.91,100,
09:30:17,55.91,800,
09:30:17,55.91,800,
09:30:17,55.91,208,
09:30:19,55.8905,1300,
09:30:22,55.891,500,
09:30:22,55.90,811,
09:30:22,55.90,963,
09:30:24,55.9005,1300,
09:30:24,55.87,101,
09:30:24,55.89,342,
09:30:24,55.91,300,
09:30:25,55.88,100,
09:30:26,55.88,300,
09:30:31,55.88,400,
09:30:31,55.88,400,
09:30:31,55.88,100,
09:30:31,55.88,200,
09:30:31,55.88,100,
09:30:32,55.89,800,
09:30:33,55.8901,1600,
09:30:34,55.89,400,
09:30:34,55.89,100,
09:30:34,55.89,100,
09:30:34,55.89,100,
09:30:34,55.89,100,
09:30:34,55.89,100,
09:30:34,55.89,100,
09:30:34,55.89,100,
09:30:34,55.89,500,
09:30:34,55.89,395,
09:30:35,55.90,200,
09:30:36,55.90,200,
09:30:36,55.90,700,
09:30:36,55.90,1000,
09:30:43,55.91,111,
09:30:43,55.91,500,
09:30:43,55.92,500,
09:30:43,55.92,800,
09:30:43,55.92,362,
09:30:43,55.92,1000,
09:30:43,55.92,100,
09:30:43,55.92,900,
09:30:43,55.92,900,
09:30:44,55.92,100,
09:30:45,55.93,100,
09:30:47,55.95,100,
09:30:47,55.95,300,
09:30:47,55.95,300,
09:30:47,55.95,500,
09:30:48,55.94,100,
09:30:49,55.9499,700,
09:30:50,55.9496,100,
09:30:51,55.95,800,
09:30:56,55.96,228,
09:30:57,55.95,225,
09:31:02,55.96,100,
09:31:07,55.95,220,
09:31:10,55.9502,2000,
09:31:13,55.96,100,
09:31:18,55.95,100,
09:31:21,55.95,220,
09:31:29,55.95,173,
09:31:33,55.96,144,
09:31:43,55.95,2222,
09:31:46,55.95,100,
09:31:46,55.95,119,
09:31:46,55.96,190,
09:31:47,55.96,229,
09:31:47,55.95,300,
09:31:47,55.95,300,
09:31:47,55.95,100,
09:31:49,55.9529,145,
09:31:51,55.95,200,
09:31:51,55.95,200,
09:31:51,55.95,100,
09:31:55,55.95,100,
09:31:55,55.95,100,
09:31:55,55.95,100,
09:31:55,55.95,500,
09:31:55,55.95,100,
09:31:55,55.95,300,
09:31:57,55.94,115,
09:32:01,55.941,4600,
09:32:03,55.95,100,
09:32:03,55.95,198,
09:32:11,55.95,200,
09:32:11,55.95,1522,
09:32:15,55.93,400,
09:32:16,55.93,400,
09:32:17,55.93,700,
09:32:17,55.93,100,
09:32:20,55.93,211,
09:32:22,55.93,173,
09:32:26,55.94,189,
09:32:26,55.94,111,
09:32:26,55.935,100,
09:32:26,55.95,107,
09:32:26,55.95,200,
09:32:26,55.95,504,
09:32:26,55.95,3692,
09:32:26,55.95,100,
09:32:26,55.95,400,
09:32:26,55.95,100,
09:32:27,55.938,531,
09:32:28,55.94,173,
09:32:32,55.94,100,
09:32:34,55.94,100,
09:32:40,55.94,2900,
09:32:53,55.94,100,
09:32:55,55.93,200,
09:32:55,55.93,2100,
09:32:57,55.93,100,
09:32:57,55.93,100,
09:32:57,55.93,1416,
09:32:57,55.93,100,
09:32:57,55.93,206,
09:32:57,55.93,400,
09:32:57,55.93,350,
09:32:57,55.93,1200,
09:32:57,55.93,300,
09:32:57,55.93,756,
09:32:57,55.93,137,
09:32:57,55.93,350,
09:32:57,55.93,100,
09:32:57,55.93,344,
09:32:57,55.93,775,
09:32:57,55.92,300,
09:32:57,55.92,500,
09:32:58,55.93,100,
09:32:58,55.93,500,
09:32:58,55.93,1700,
09:32:59,55.9349,473,
09:33:00,55.92,100,
09:33:00,55.92,100,
09:33:00,55.92,165,
09:33:00,55.92,200,
09:33:00,55.93,1700,
09:33:00,55.92,335,
09:33:00,55.93,200,
09:33:00,55.93,500,
09:33:01,55.93,200,
09:33:01,55.93,1700,
09:33:01,55.93,100,
09:33:01,55.93,145,
09:33:01,55.93,800,
09:33:01,55.93,300,
09:33:07,55.93,285,
09:33:07,55.93,600,
09:33:07,55.93,1985,
09:33:07,55.93,815,
09:33:11,55.93,1300,
09:33:11,55.93,300,
09:33:12,55.94,1089,
09:33:18,55.94,100,
09:33:18,55.94,200,
09:33:19,55.95,300,
09:33:19,55.95,500,
09:33:21,55.95,1900,
09:33:28,55.95,226,
09:33:29,55.95,500,
09:33:29,55.95,600,
09:33:29,55.94,173,
09:33:29,55.94,198,
09:33:32,55.95,200,
09:33:32,55.95,300,
09:33:32,55.95,500,
09:33:32,55.95,200,
09:33:39,55.935,300,
09:33:46,55.94,1400,
09:33:46,55.94,373,
09:33:46,55.95,500,
09:33:51,55.95,1700,
09:33:51,55.95,815,
09:33:51,55.95,100,
09:33:53,55.9495,1000,
09:33:55,55.94,100,
09:34:04,55.94,700,
09:34:04,55.94,700,
09:34:08,55.931,500,
09:34:12,55.94,300,
09:34:12,55.94,400,
09:34:12,55.94,100,
09:34:12,55.94,500,
09:34:29,55.95,1700,
09:34:33,55.96,100,
09:34:38,55.96,900,
09:34:38,55.96,1000,
09:34:38,55.96,1100,
09:34:38,55.96,600,
09:34:38,55.96,400,
09:34:38,55.96,200,
09:34:40,55.96,200,
09:34:40,55.96,1069,
09:34:40,55.96,531,
09:34:44,55.952,183,
09:34:48,55.95,100,
09:35:00,55.97,184,
09:35:00,55.97,198,
09:35:00,55.98,400,
09:35:00,55.98,1000,
09:35:00,55.9799,700,
09:35:04,55.9893,200,
09:35:04,55.98,800,
09:35:07,55.98,100,
09:35:07,55.98,400,
09:35:07,55.98,700,
09:35:07,55.98,200,
09:35:07,55.98,300,
09:35:07,55.98,100,
09:35:07,55.98,100,
09:35:07,55.98,200,
09:35:07,55.98,400,
09:35:11,55.99,800,
09:35:13,55.99,500,
09:35:14,55.99,941,
09:35:14,55.99,255,
09:35:14,55.99,255,
09:35:14,55.99,266,
09:35:14,55.99,200,
09:35:14,55.99,600,
09:35:14,55.99,564,
09:35:14,55.99,1100,
09:35:14,55.99,800,
09:35:14,55.99,800,
09:35:14,55.99,1400,
09:35:14,55.99,200,
09:35:14,55.99,400,
09:35:14,55.99,1500,
09:35:14,55.99,600,
09:35:14,56,400,
09:35:14,56,200,
09:35:14,56,1000,
09:35:14,56,400,
09:35:14,56,200,
09:35:14,55.99,300,
09:35:14,55.99,1626,
09:35:14,56,273,
09:35:14,56,300,
09:35:14,56,550,
09:35:14,56,134,
09:35:14,56,100,
09:35:14,56,1000,
09:35:14,56,400,
09:35:14,56,816,
09:35:14,56,1000,
09:35:14,56,500,
09:35:14,56,500,
09:35:14,56,100,
09:35:14,56,2000,
09:35:16,56.01,200,
09:35:17,56.01,200,
09:35:17,56.01,600,
09:35:17,56.01,415,
09:35:17,56.01,100,
09:35:20,56.01,400,
09:35:24,56.011,125,
09:35:29,56.02,100,
09:35:31,56.02,100,
09:35:31,56.02,100,
09:35:31,56.02,600,
09:35:33,56.02,100,
09:35:35,56.02,100,
09:35:35,56.02,100,
09:35:36,56.01,200,
09:35:37,56.02,600,
09:35:38,56.01,200,
09:35:38,56.01,700,
09:35:38,56.01,300,
09:35:43,56.01,173,
09:35:44,56.01,198,
09:35:44,56.01,197,
09:35:48,56.01,173,
09:35:50,56.01,566,
09:35:50,56.01,1400,
09:35:50,56.01,400,
09:35:50,56.01,200,
09:35:50,56.01,200,
09:35:50,56.01,1000,
09:35:50,56.01,800,
09:35:50,56.01,286,
09:35:50,56.01,166,
09:35:50,56.01,200,
09:35:50,56.01,673,
09:35:50,56.01,300,
09:35:50,56.01,129,
09:35:50,56.01,395,
09:35:50,56.01,636,
09:35:57,56,400,
09:36:02,56.01,100,
09:36:05,56,100,
09:36:07,56.005,100,
09:36:10,56.01,100,
09:36:11,56,600,
09:36:11,56,2200,
09:36:12,56,200,
09:36:12,55.99,300,
09:36:12,55.99,100,
09:36:12,55.99,200,
09:36:12,55.99,100,
09:36:12,55.99,100,
09:36:12,55.99,100,
09:36:12,55.99,100,
09:36:15,56,2235,
09:36:15,56,565,
09:36:15,56,1500,
09:36:15,56,3000,
09:36:17,56,100,
09:36:17,55.99,100,
09:36:17,55.99,200,
09:36:25,55.99,100,
09:36:25,55.99,100,
09:36:35,55.999,200,
09:36:37,55.99,100,
09:36:38,55.99,100,
09:36:45,55.99,200,
09:36:45,55.99,100,
09:36:46,56,600,
09:36:54,55.99,100,
09:36:54,55.99,200,
09:36:54,55.99,100,
09:36:55,56,400,
09:36:59,55.99,100,
09:37:00,55.995,100,
09:37:04,56.0002,382,
09:37:05,56,100,
09:37:10,56,100,
09:37:10,56,200,
09:37:11,56.0095,581,
09:37:13,56,400,
09:37:13,56,100,
09:37:16,56.01,100,
09:37:16,56.01,100,
09:37:19,56.01,122,
09:37:19,56.01,764,
09:37:19,56.01,100,
09:37:19,56.01,136,
09:37:19,56.005,100,
09:37:26,56.01,400,
09:37:26,56.01,100,
09:37:30,56.01,100,
09:37:36,56.015,100,
09:37:37,56.015,200,
09:37:38,56.03,1000,
09:37:38,56.0294,400,
09:37:38,56.03,100,
09:37:38,56.03,300,
09:37:38,56.03,400,
09:37:38,56.0297,400,
09:37:38,56.0297,400,
09:37:38,56.0299,500,
09:37:38,56.0299,500,
09:37:38,56.03,300,
09:37:39,56.03,1000,
09:37:42,56.02,100,
09:37:42,56.02,100,
09:37:46,56.02,100,
09:37:46,56.02,100,
09:37:49,56.02,100,
09:37:49,56.03,200,
09:37:49,56.03,100,
09:37:49,56.03,100,
09:37:49,56.03,600,
09:37:49,56.03,600,
09:37:49,56.04,400,
09:37:49,56.04,100,
09:37:51,56.021,800,
09:37:51,56.03,100,
09:37:53,56.03,100,
09:37:53,56.03,100,
09:37:53,56.03,900,
09:37:55,56.02,100,
09:37:55,56.02,200,
09:37:55,56.02,200,
09:37:55,56.02,1100,
09:37:55,56.02,600,
09:37:57,56.01,200,
09:37:57,56.01,2000,
09:38:01,56.02,100,
09:38:04,56.02,176,
09:38:04,56.016,100,
09:38:08,56.02,100,
09:38:08,56.02,100,
09:38:08,56.02,100,
09:38:13,56.03,100,
09:38:13,56.03,700,
09:38:13,56.03,900,
09:38:13,56.03,200,
09:38:27,56.03,400,
09:38:30,56.03,1000,
09:38:37,56.0291,400,
09:38:46,56.029,1000,
09:38:47,56.028,500,
09:38:55,56.03,4000,
09:38:58,56.03,100,
09:39:00,56.03,2600,
09:39:08,56.02,625,
09:39:08,56.02,575,
09:39:09,56.03,100,
09:39:11,56.02,1000,
09:39:12,56.02,100,
09:39:12,56.02,1575,
09:39:12,56.02,100,
09:39:12,56.02,123,
09:39:12,56.02,355,
09:39:15,56.01,100,
09:39:19,56.01,2276,
09:39:19,56.01,378,
09:39:20,56.01,100,
09:39:25,56,100,
09:39:25,56,1200,
09:39:25,56,400,
09:39:25,56.005,172,
09:39:25,56,500,
09:39:25,56,100,
09:39:25,56,800,
09:39:25,56,1275,
09:39:25,56,100,
09:39:25,56,800,
09:39:29,56,1459,
09:39:29,56,2014,
09:39:29,56,600,
09:39:29,56,300,
09:39:30,56,600,
09:39:30,56,1200,
09:39:30,56,100,
09:39:30,56,100,
09:39:30,56,200,
09:39:30,56,100,
09:39:31,56,400,
09:39:33,56,100,
09:39:33,56,300,
09:39:35,56,1300,
09:39:35,56,500,
09:39:37,56,1600,
09:39:37,56,400,
09:39:37,56,600,
09:39:37,56,100,
09:39:37,56,100,
09:39:38,56.0051,200,
09:39:42,56,2700,
09:39:50,56,125,
09:39:54,56,100,
09:40:01,56,288,
09:40:01,56,285,
09:40:01,56,475,
09:40:06,56,131,
09:40:12,55.995,100,
09:40:18,56,100,
09:40:18,56,200,
09:40:18,56,200,
09:40:18,56.005,500,
09:40:18,56.005,400,
09:40:18,56.005,500,
09:40:18,56.005,700,
09:40:18,56,100,
09:40:18,56.005,500,
09:40:18,56.005,100,
09:40:18,56,197,
09:40:18,56,600,
09:40:18,56,400,
09:40:18,56,100,
09:40:18,56,105,
09:40:18,56,100,
09:40:18,56,100,
09:40:18,56,100,
09:40:18,56,1700,
09:40:18,55.99,100,
09:40:18,55.99,100,
09:40:18,55.99,200,
09:40:19,55.99,124,
09:40:19,55.99,100,
09:40:26,55.995,100,
09:40:30,56,500,
09:40:30,56,525,
09:40:30,56,2697,
09:40:30,56,200,
09:40:32,56,100,
09:40:32,56,200,
09:40:32,56.005,100,
09:40:32,56,1100,
09:40:32,56,2700,
09:40:32,56,335,
09:40:32,56,103,
09:40:41,55.9901,400,
09:40:54,55.99,300,
09:40:54,55.99,700,
09:41:05,55.9809,100,
09:41:06,55.99,100,
09:41:06,55.99,100,
09:41:08,55.98,220,
09:41:14,55.99,400,
09:41:20,55.9891,100,
09:41:38,55.98,3300,
09:41:44,55.98,100,
09:41:45,55.99,100,
09:41:45,55.99,100,
09:41:45,55.99,700,
09:41:49,55.99,1200,
09:41:51,55.99,100,
09:41:54,55.9803,400,
09:41:59,55.98,228,
09:42:00,55.99,100,
09:42:01,55.99,100,
09:42:01,55.995,100,
09:42:04,55.98,100,
09:42:06,55.99,200,
09:42:10,55.98,100,
09:42:15,55.98,100,
09:42:15,55.98,100,
09:42:23,55.979,400,
09:42:53,55.9798,700,
09:43:07,55.98,400,
09:43:12,55.98,400,
09:43:14,55.98,181,
09:43:24,55.98,100,
09:43:26,55.989,900,
09:43:26,55.99,500,
09:43:26,55.99,400,
09:43:41,55.98,2200,
09:43:41,55.98,100,
09:43:41,55.97,100,
09:43:41,55.97,211,
09:43:41,55.97,100,
09:43:41,55.97,100,
09:43:41,55.97,2200,
09:43:49,55.97,100,
09:43:57,55.969,100,
09:44:00,55.96,100,
09:44:01,55.96,100,
09:44:01,55.96,100,
09:44:01,55.96,100,
09:44:01,55.96,800,
09:44:04,55.96,100,
09:44:04,55.96,3206,
09:44:04,55.96,300,
09:44:07,55.95,200,
09:44:07,55.95,200,
09:44:16,55.94,100,
09:44:30,55.941,100,
09:44:32,55.941,100,
09:44:34,55.9408,100,
09:44:36,55.941,100,
09:44:39,55.9401,200,
09:44:40,55.9403,100,
09:44:40,55.9403,200,
09:44:48,55.945,300,
09:44:48,55.945,100,
09:44:48,55.9475,300,
09:44:49,55.95,100,
09:44:51,55.95,146,
09:44:51,55.95,100,
09:44:51,55.95,100,
09:44:51,55.95,500,
09:44:51,55.945,100,
09:44:53,55.95,100,
09:44:58,55.95,100,
09:44:58,55.96,100,
09:44:59,55.95,115,
09:44:59,55.95,100,
09:44:59,55.95,300,
09:45:00,55.94,100,
09:45:00,55.95,100,
09:45:01,55.941,100,
09:45:02,55.95,100,
09:45:02,55.95,1000,
09:45:12,55.94,100,
09:45:18,55.95,200,
09:45:21,55.96,100,
09:45:21,55.96,1000,
09:45:21,55.96,200,
09:45:21,55.96,173,
09:45:21,55.96,1527,
09:45:26,55.97,100,
09:45:27,55.9754,400,
09:45:28,55.97,172,
09:45:32,55.98,124,
09:45:32,55.98,400,
09:45:32,55.98,100,
09:45:32,55.98,1100,
09:45:32,55.98,100,
09:45:32,55.98,3876,
09:45:32,55.98,9800,
09:45:33,55.98,173,
09:45:34,55.99,100,
09:45:34,55.99,100,
09:45:34,55.99,100,
09:45:35,55.99,100,
09:45:39,56,100,
09:45:39,56,100,
09:45:42,56,300,
09:45:56,56.01,100,
09:45:56,56.01,500,
09:46:01,56.0164,100,
09:46:05,56.01,300,
09:46:07,56.01,1900,
09:46:07,56.01,100,
09:46:14,56.008,575,
09:46:24,56,700,
09:46:24,56,200,
09:46:25,56,600,
09:46:25,56,200,
09:46:27,56,100,
09:46:27,56,300,
09:46:27,56,200,
09:46:27,56,100,
09:46:27,56,100,
09:46:27,56,787,
09:46:27,56,500,
09:46:27,56,400,
09:46:30,56,100,
09:46:30,56,100,
09:46:50,55.992,200,
09:46:59,56,109,
09:46:59,56,500,
09:47:01,56.003,500,
09:47:01,56.02,600,
09:47:01,56.01,800,
09:47:01,56.01,100,
09:47:01,56.01,100,
09:47:01,56.02,100,
09:47:01,56.02,100,
09:47:01,56.02,200,
09:47:01,56.02,600,
09:47:01,56.02,170,
09:47:01,56.02,170,
09:47:01,56.01,500,
09:47:02,56.02,100,
09:47:02,56.02,100,
09:47:02,56.02,300,
09:47:02,56.02,100,
09:47:02,56.02,400,
09:47:02,56.02,1800,
09:47:02,56.02,500,
09:47:03,56.025,100,
09:47:06,56.02,1800,
09:47:12,56.02,700,
09:47:12,56.02,400,
09:47:17,56.0204,100,
09:47:23,56.025,200,
09:47:39,56.03,500,
09:47:42,56.0219,950,
09:47:46,56.02,700,
09:47:46,56.02,1100,
09:47:46,56.02,100,
09:47:54,56.0107,100,
09:48:00,56.01,300,
09:48:00,56.01,127,
09:48:00,56.01,700,
09:48:05,56,813,
09:48:08,56.009,100,
09:48:10,56,174,
09:48:20,56.0004,400,
09:48:20,56.0003,400,
09:48:20,56.0003,300,
09:48:26,56.01,1800,
09:48:26,56.01,271,
09:48:29,56.01,500,
09:48:40,56.02,100,
09:48:43,56.02,639,
09:48:43,56.02,166,
09:48:46,56.03,100,
09:48:46,56.02,1100,
09:48:46,56.02,100,
09:49:03,56.02,400,
09:49:03,56.02,400,
09:49:04,56.02,100,
09:49:15,56.02,400,
09:49:16,56.02,200,
09:49:34,56.01,800,
09:49:34,56.01,100,
09:49:38,56.01,100,
09:49:56,56.0199,500,
09:50:06,56.01,400,
09:50:06,56.01,400,
09:50:24,56.02,100,
09:50:24,56.02,900,
09:50:25,56.02,400,
09:50:28,56.03,100,
09:50:28,56.03,200,
09:50:29,56.0209,400,
09:50:41,56.03,100,
09:50:57,56.02,700,
09:50:57,56.02,2100,
09:50:57,56.02,500,
09:50:57,56.02,100,
09:50:57,56.02,400,
09:50:57,56.02,100,
09:50:57,56.02,500,
09:50:57,56.03,100,
09:50:59,56.02,396,
09:50:59,56.02,197,
09:50:59,56.02,211,
09:50:59,56.02,1611,
09:51:00,56.0295,500,
09:51:00,56.03,900,
09:51:21,56.03,200,
09:51:28,56.0207,100,
09:51:30,56.03,280,
09:51:34,56.03,719,
09:51:35,56.03,100,
09:51:35,56.03,200,
09:51:39,56.04,100,
09:51:39,56.04,100,
09:51:39,56.0387,200,
09:51:48,56.04,100,
09:51:48,56.04,100,
09:51:50,56.0499,100,
09:51:50,56.0499,100,
09:51:52,56.05,200,
09:51:55,56.05,100,
09:51:57,56.05,100,
09:52:14,56.0407,100,
09:52:19,56.05,400,
09:52:19,56.045,1500,
09:52:21,56.05,500,
09:52:28,56.04,200,
09:52:29,56.05,100,
09:52:31,56.055,1600,
09:52:33,56.051,100,
09:52:34,56.05,200,
09:52:34,56.05,200,
09:52:34,56.05,146,
09:52:34,56.05,100,
09:52:34,56.05,1545,
09:52:34,56.05,200,
09:52:34,56.051,100,
09:52:34,56.051,500,
09:52:34,56.055,500,
09:52:34,56.051,400,
09:52:34,56.04,600,
09:52:34,56.04,600,
09:52:40,56.045,1600,
09:52:40,56.04,200,
09:52:40,56.04,100,
09:52:40,56.04,2400,
09:52:40,56.04,100,
09:52:50,56.05,200,
09:52:56,56.05,400,
09:52:57,56.05,100,
09:52:57,56.05,100,
09:52:58,56.05,300,
09:52:59,56.05,300,
09:53:00,56.05,100,
09:53:01,56.05,400,
09:53:02,56.05,300,
09:53:02,56.05,100,
09:53:03,56.05,100,
09:53:06,56.05,400,
09:53:06,56.05,100,
09:53:07,56.05,300,
09:53:08,56.05,500,
09:53:08,56.05,400,
09:53:10,56.0477,100,
09:53:13,56.05,500,
09:53:13,56.05,500,
09:53:13,56.05,100,
09:53:14,56.05,400,
09:53:14,56.05,900,
09:53:14,56.05,800,
09:53:16,56.0475,100,
09:53:31,56.049,100,
09:53:35,56.04,100,
09:53:35,56.04,600,
09:53:35,56.045,100,
09:53:35,56.0461,138,
09:53:37,56.0311,200,
09:53:47,56.04,100,
09:53:50,56.0309,400,
09:53:50,56.0309,400,
09:53:58,56.04,1489,
09:53:58,56.04,294,
09:53:58,56.05,800,
09:54:01,56.045,100,
09:54:01,56.04,1100,
09:54:03,56.0401,300,
09:54:21,56.04,100,
09:54:39,56.05,100,
09:54:39,56.05,100,
09:54:45,56.05,100,
09:54:45,56.05,500,
09:54:46,56.05,200,
09:54:46,56.05,100,
09:54:46,56.05,600,
09:54:46,56.05,400,
09:54:46,56.05,500,
09:54:46,56.05,677,
09:54:47,56.05,1322,
09:54:47,56.05,378,
09:54:47,56.05,2100,
09:54:51,56.04,100,
09:55:14,56.05,200,
09:55:14,56.05,100,
09:55:22,56.05,235,
09:55:22,56.05,100,
09:55:28,56.049,1000,
09:55:30,56.05,200,
09:55:32,56.0402,400,
09:55:32,56.0401,100,
09:55:36,56.0403,100,
09:55:44,56.04,500,
09:55:44,56.04,600,
09:55:44,56.045,100,
09:55:44,56.045,100,
09:55:47,56.03,400,
09:55:47,56.03,1000,
09:55:47,56.03,1100,
09:55:47,56.03,100,
09:55:53,56.04,200,
09:56:03,56.04,200,
09:56:12,56.03,1600,
09:56:12,56.03,100,
09:56:12,56.03,100,
09:56:12,56.035,100,
09:56:12,56.03,700,
09:56:12,56.03,100,
09:56:12,56.03,100,
09:56:12,56.03,300,
09:56:12,56.03,1600,
09:56:12,56.03,600,
09:56:12,56.03,500,
09:56:16,56.03,200,
09:56:20,56.03,200,
09:56:21,56.03,226,
09:56:21,56.03,100,
09:56:22,56.04,172,
09:56:22,56.04,173,
09:56:26,56.04,118,
09:56:28,56.0301,200,
09:56:28,56.03,400,
09:56:28,56.04,309,
09:56:28,56.04,600,
09:56:34,56.0309,375,
09:56:35,56.032,200,
09:56:49,56.0307,300,
09:56:49,56.04,100,
09:56:49,56.04,100,
09:56:51,56.03,100,
09:56:51,56.03,200,
09:56:51,56.03,500,
09:56:52,56.03,200,
09:57:03,56.03,200,
09:57:04,56.03,800,
09:57:14,56.03,300,
09:57:14,56.03,600,
09:57:17,56.035,200,
09:57:33,56.035,100,
09:57:38,56.03,100,
09:57:44,56.035,200,
09:57:46,56.031,300,
09:57:49,56.04,200,
09:58:00,56.03,100,
09:58:00,56.03,200,
09:58:00,56.03,500,
09:58:00,56.03,100,
09:58:00,56.03,100,
09:58:01,56.04,100,
09:58:02,56.03,100,
09:58:02,56.03,200,
09:58:02,56.03,1000,
09:58:02,56.03,100,
09:58:02,56.03,100,
09:58:06,56.0303,200,
09:58:11,56.035,200,
09:58:13,56.035,200,
09:58:14,56.03,100,
09:58:19,56.03,1900,
09:58:19,56.03,800,
09:58:20,56.03,100,
09:58:28,56.038,336,
09:58:29,56.03,100,
09:58:52,56.03,800,
09:58:52,56.03,100,
09:58:52,56.03,100,
09:58:52,56.03,600,
09:58:52,56.03,191,
09:58:52,56.03,197,
09:58:52,56.03,316,
09:58:53,56.03,184,
09:58:54,56.04,173,
09:58:54,56.04,173,
09:58:59,56.05,100,
09:59:00,56.0401,2000,
09:59:08,56.05,100,
09:59:13,56.05,100,
09:59:17,56.05,300,
09:59:21,56.06,200,
09:59:22,56.0507,200,
09:59:31,56.0501,1900,
09:59:33,56.05,400,
09:59:33,56.06,100,
09:59:33,56.07,600,
09:59:37,56.066,100,
09:59:38,56.07,100,
09:59:38,56.07,100,
09:59:39,56.061,4500,
09:59:42,56.06,100,
09:59:42,56.06,100,
09:59:42,56.06,200,
09:59:42,56.06,500,
09:59:43,56.06,1100,
09:59:43,56.065,100,
09:59:46,56.07,400,
09:59:46,56.07,2200,
09:59:46,56.07,400,
09:59:46,56.07,500,
09:59:48,56.07,100,
09:59:54,56.07,1000,
09:59:58,56.065,1100,
10:00:03,56.068,100,
10:00:07,56.07,229,
10:00:08,56.0691,100,
10:00:15,56.065,2000,
10:00:15,56.065,100,
10:00:15,56.065,200,
10:00:15,56.06,700,
10:00:15,56.06,400,
10:00:15,56.06,114,
10:00:15,56.06,200,
10:00:15,56.065,1900,
10:00:15,56.06,200,
10:00:18,56.06,2000,
10:00:18,56.06,677,
10:00:18,56.06,400,
10:00:18,56.06,100,
10:00:19,56.07,1900,
10:00:23,56.06,500,
10:00:23,56.06,300,
10:00:23,56.06,1500,
10:00:23,56.06,500,
10:00:37,56.065,100,
10:00:39,56.065,700,
10:00:39,56.06,600,
10:00:39,56.06,500,
10:00:39,56.06,500,
10:00:39,56.06,500,
10:00:43,56.06,100,
10:00:45,56.06,1197,
10:00:45,56.06,180,
10:00:48,56.07,200,
10:00:48,56.07,300,
10:00:49,56.06,803,
10:00:49,56.07,400,
10:00:52,56.07,100,
10:00:52,56.07,500,
10:00:53,56.06,100,
10:00:53,56.07,600,
10:00:53,56.06,100,
10:00:55,56.06,497,
10:00:55,56.0672,1543,
10:00:56,56.07,100,
10:00:56,56.07,600,
10:00:56,56.07,900,
10:00:57,56.07,100,
10:00:57,56.07,200,
10:00:57,56.07,200,
10:01:06,56.066,350,
10:01:10,56.06,400,
10:01:19,56.07,200,
10:01:19,56.08,1000,
10:01:30,56.08,417,
10:01:30,56.08,204,
10:01:30,56.08,476,
10:01:30,56.08,550,
10:01:33,56.0893,200,
10:01:39,56.09,200,
10:01:42,56.08,100,
10:01:42,56.0801,600,
10:01:44,56.089,800,
10:01:44,56.09,800,
10:01:49,56.08,550,
10:01:49,56.08,600,
10:01:49,56.08,600,
10:01:49,56.08,100,
10:01:55,56.08,1900,
10:01:55,56.08,1500,
10:02:04,56.08,200,
10:02:04,56.08,100,
10:02:04,56.08,1100,
10:02:07,56.08,3000,
10:02:24,56.08,300,
10:02:25,56.08,4300,
10:02:37,56.082,1000,
10:02:39,56.08,200,
10:02:39,56.08,1200,
10:02:39,56.08,2300,
10:02:39,56.08,100,
10:02:39,56.08,800,
10:02:48,56.07,500,
10:02:48,56.07,400,
10:02:57,56.08,1000,
10:02:57,56.08,600,
10:02:57,56.08,200,
10:02:57,56.08,900,
10:02:57,56.08,200,
10:02:57,56.08,400,
10:03:09,56.09,815,
10:03:09,56.09,600,
10:03:10,56.09,500,
10:03:10,56.09,528,
10:03:14,56.09,1000,
10:03:14,56.09,400,
10:03:14,56.09,200,
10:03:23,56.09,100,
10:03:28,56.09,200,
10:03:29,56.10,100,
10:03:29,56.10,200,
10:03:29,56.10,600,
10:03:33,56.09,400,
10:03:33,56.09,2700,
10:03:33,56.09,400,
10:03:33,56.09,2000,
10:03:33,56.09,300,
10:03:43,56.10,100,
10:03:44,56.10,400,
10:03:44,56.10,1600,
10:03:44,56.10,100,
10:03:44,56.10,300,
10:03:44,56.10,2000,
10:03:46,56.11,700,
10:03:52,56.1005,1000,
10:04:07,56.1002,1000,
10:04:11,56.11,100,
10:04:16,56.1099,2000,
10:04:16,56.10,200,
10:04:23,56.1093,600,
10:04:23,56.1093,400,
10:04:23,56.1093,300,
10:04:23,56.1093,300,
10:04:23,56.1093,700,
10:04:31,56.10,200,
10:04:39,56.10,100,
10:04:41,56.1069,600,
10:04:49,56.10,100,
10:04:55,56.11,100,
10:04:55,56.11,400,
10:04:55,56.11,100,
10:04:55,56.11,100,
10:04:58,56.11,300,
10:04:58,56.11,2000,
10:05:01,56.12,500,
10:05:01,56.12,200,
10:05:10,56.11,400,
10:05:10,56.11,1000,
10:05:10,56.11,200,
10:05:10,56.11,100,
10:05:12,56.11,500,
10:05:12,56.11,800,
10:05:12,56.11,600,
10:05:12,56.11,1000,
10:05:12,56.11,100,
10:05:12,56.11,500,
10:05:12,56.11,500,
10:05:12,56.11,1100,
10:05:12,56.105,300,
10:05:12,56.11,100,
10:05:12,56.11,100,
10:05:12,56.105,200,
10:05:12,56.105,600,
10:05:12,56.105,100,
10:05:12,56.105,100,
10:05:12,56.11,400,
10:05:13,56.105,100,
10:05:15,56.105,100,
10:05:20,56.11,200,
10:05:25,56.11,500,
10:05:38,56.115,100,
10:05:40,56.11,200,
10:05:50,56.115,100,
10:05:51,56.1109,500,
10:05:54,56.12,300,
10:05:54,56.12,100,
10:05:54,56.12,341,
10:05:54,56.12,559,
10:05:54,56.12,1000,
10:05:54,56.12,200,
10:05:54,56.12,100,
10:05:55,56.12,200,
10:05:56,56.12,400,
10:05:56,56.12,600,
10:05:56,56.12,300,
10:05:56,56.12,800,
10:06:03,56.11,100,
10:06:03,56.11,500,
10:06:08,56.11,100,
10:06:11,56.11,600,
10:06:13,56.10,400,
10:06:14,56.11,9000,
10:06:14,56.1095,600,
10:06:14,56.1096,300,
10:06:14,56.1075,100,
10:06:14,56.11,1000,
10:06:14,56.11,900,
10:06:14,56.109,1800,
10:06:17,56.109,800,
10:06:18,56.10,100,
10:06:18,56.10,100,
10:06:22,56.1045,100,
10:06:23,56.10,100,
10:06:23,56.10,100,
10:06:23,56.10,100,
10:06:23,56.10,100,
10:06:26,56.091,100,
10:06:27,56.09,100,
10:06:28,56.09,400,
10:06:28,56.09,100,
10:06:28,56.09,500,
10:06:28,56.09,500,
10:06:32,56.09,400,
10:06:35,56.09,200,
10:06:37,56.09,300,
10:06:37,56.09,201,
10:06:37,56.09,300,
10:06:37,56.09,198,
10:06:37,56.09,100,
10:06:37,56.09,200,
10:06:37,56.09,500,
10:06:37,56.09,400,
10:06:37,56.09,419,
10:06:37,56.09,1000,
10:06:37,56.09,1700,
10:06:37,56.09,653,
10:06:37,56.09,500,
10:06:37,56.09,376,
10:06:37,56.09,100,
10:06:42,56.09,173,
10:06:48,56.09,100,
10:06:48,56.09,500,
10:06:52,56.09,198,
10:06:54,56.0812,100,
10:06:54,56.09,1000,
10:06:56,56.08,400,
10:07:01,56.09,300,
10:07:01,56.09,393,
10:07:01,56.09,593,
10:07:03,56.095,100,
10:07:03,56.095,100,
10:07:03,56.095,100,
10:07:11,56.09,600,
10:07:15,56.09,400,
10:07:24,56.09,400,
10:07:29,56.09,3800,
10:07:32,56.0919,1010,
10:07:33,56.0919,100,
10:07:34,56.09,100,
10:07:34,56.09,600,
10:07:36,56.09,400,
10:07:36,56.09,1000,
10:07:39,56.08,100,
10:07:40,56.09,100,
10:07:42,56.09,900,
10:07:43,56.09,216,
10:07:43,56.09,339,
10:07:43,56.09,400,
10:07:43,56.09,100,
10:07:43,56.09,500,
10:07:43,56.09,300,
10:07:48,56.09,100,
10:07:48,56.09,100,
10:07:53,56.09,100,
10:07:55,56.09,100,
10:08:00,56.09,500,
10:08:03,56.09,200,
10:08:05,56.09,900,
10:08:08,56.09,200,
10:08:08,56.08,600,
10:08:08,56.08,500,
10:08:08,56.08,100,
10:08:10,56.08,800,
10:08:11,56.08,100,
10:08:14,56.075,100,
10:08:15,56.08,400,
10:08:16,56.08,600,
10:08:16,56.0899,100,
10:08:21,56.09,500,
10:08:23,56.09,100,
10:08:23,56.09,3000,
10:08:24,56.09,100,
10:08:24,56.09,3100,
10:08:29,56.09,100,
10:08:33,56.09,100,
10:08:34,56.09,2400,
10:08:40,56.09,700,
10:08:44,56.09,300,
10:08:44,56.09,100,
10:08:47,56.08,100,
10:08:47,56.08,100,
10:08:48,56.08,5000,
10:08:49,56.09,500,
10:08:49,56.09,400,
10:08:49,56.09,200,
10:08:49,56.09,197,
10:08:49,56.09,300,
10:08:49,56.09,1100,
10:08:49,56.09,300,
10:08:58,56.09,100,
10:08:58,56.09,100,
10:08:58,56.09,100,
10:08:59,56.0902,400,
10:09:02,56.095,100,
10:09:09,56.09,100,
10:09:09,56.09,100,
10:09:09,56.09,100,
10:09:13,56.0998,1000,
10:09:14,56.10,100,
10:09:19,56.095,100,
10:09:22,56.09,100,
10:09:30,56.09,100,
10:09:30,56.09,1000,
10:09:30,56.09,200,
10:09:30,56.09,400,
10:09:33,56.08,500,
10:09:40,56.08,500,
10:09:51,56.08,700,
10:09:51,56.08,1010,
10:09:53,56.07,200,
10:09:53,56.0793,100,
10:10:06,56.08,200,
10:10:13,56.0701,100,
10:10:18,56.07,100,
10:10:18,56.07,600,
10:10:18,56.07,150,
10:10:18,56.06,200,
10:10:22,56.069,400,
10:10:28,56.07,600,
10:10:29,56.07,100,
10:10:32,56.07,200,
10:10:32,56.07,400,
10:10:33,56.07,200,
10:10:34,56.06,100,
10:10:37,56.0638,200,
10:10:53,56.0662,106,
10:11:07,56.05,100,
10:11:07,56.05,200,
10:11:11,56.05,200,
10:11:11,56.0507,400,
10:11:11,56.0506,100,
10:11:15,56.06,600,
10:11:15,56.06,1000,
10:11:15,56.059,200,
10:11:15,56.06,100,
10:11:15,56.06,1000,
10:11:15,56.06,200,
10:11:15,56.06,100,
10:11:15,56.055,200,
10:11:19,56.07,200,
10:11:19,56.07,700,
10:11:19,56.07,400,
10:11:19,56.07,600,
10:11:19,56.07,600,
10:11:19,56.07,100,
10:11:20,56.07,100,
10:11:25,56.0725,600,
10:11:30,56.07,100,
10:11:33,56.08,400,
10:11:36,56.0707,350,
10:11:40,56.08,100,
10:11:40,56.075,100,
10:11:43,56.0825,300,
10:11:50,56.09,1000,
10:11:50,56.09,500,
10:11:59,56.0817,100,
10:12:19,56.08,159,
10:12:19,56.08,600,
10:12:19,56.08,841,
10:12:19,56.08,103,
10:12:19,56.08,200,
10:12:23,56.07,400,
10:12:23,56.07,400,
10:12:23,56.07,800,
10:12:23,56.07,200,
10:12:23,56.07,300,
10:13:01,56.07,700,
10:13:01,56.07,400,
10:13:01,56.07,400,
10:13:01,56.07,1200,
10:13:01,56.065,100,
10:13:01,56.08,300,
10:13:01,56.08,300,
10:13:01,56.065,700,
10:13:03,56.065,100,
10:13:13,56.0714,100,
10:13:43,56.0713,100,
10:13:46,56.075,300,
10:13:46,56.08,100,
10:13:46,56.08,300,
10:13:46,56.08,200,
10:13:46,56.08,300,
10:13:46,56.08,600,
10:13:46,56.08,200,
10:13:46,56.08,100,
10:13:46,56.075,300,
10:13:56,56.08,800,
10:14:01,56.09,200,
10:14:01,56.09,100,
10:14:01,56.0901,2400,
10:14:03,56.085,100,
10:14:03,56.09,141,
10:14:03,56.09,1000,
10:14:03,56.09,1000,
10:14:03,56.09,500,
10:14:03,56.09,2000,
10:14:03,56.09,239,
10:14:03,56.09,339,
10:14:03,56.08,141,
10:14:03,56.08,559,
10:14:05,56.08,500,
10:14:05,56.08,400,
10:14:05,56.08,400,
10:14:05,56.08,800,
10:14:05,56.08,300,
10:14:05,56.07,400,
10:14:05,56.07,1000,
10:14:05,56.07,559,
10:14:17,56.06,100,
10:14:19,56.06,170,
10:14:31,56.065,200,
10:14:42,56.07,1000,
10:14:42,56.07,400,
10:14:42,56.07,200,
10:14:42,56.07,100,
10:14:42,56.07,700,
10:14:42,56.07,100,
10:14:42,56.07,1100,
10:14:42,56.07,500,
10:14:46,56.063,1000,
10:14:51,56.07,400,
10:14:51,56.065,300,
10:14:51,56.07,600,
10:14:51,56.069,300,
10:14:53,56.065,500,
10:14:57,56.06,200,
10:14:57,56.06,200,
10:14:57,56.06,500,
10:14:57,56.06,200,
10:14:59,56.07,300,
10:15:01,56.07,100,
10:15:01,56.065,100,
10:15:03,56.07,200,
10:15:23,56.07,100,
10:15:28,56.079,100,
10:15:31,56.072,230,
10:15:45,56.07,1000,
10:15:46,56.07,2000,
10:15:52,56.051,200,
10:16:06,56.053,200,
10:16:08,56.05,600,
10:16:08,56.05,3400,
10:16:08,56.05,2469,
10:16:09,56.04,200,
10:16:11,56.04,926,
10:16:18,56.04,100,
10:16:19,56.03,600,
10:16:22,56.0207,100,
10:16:22,56.03,1800,
10:16:22,56.03,1100,
10:16:22,56.03,100,
10:16:22,56.03,290,
10:16:28,56.0233,700,
10:16:31,56.03,100,
10:16:37,56.02,100,
10:16:40,56.03,200,
10:16:40,56.03,100,
10:16:40,56.03,100,
10:16:40,56.03,103,
10:16:41,56.0275,500,
10:16:41,56.03,900,
10:16:41,56.03,600,
10:16:41,56.03,200,
10:16:42,56.025,300,
10:16:50,56.03,200,
10:16:50,56.03,400,
10:16:55,56.022,1000,
10:16:57,56.02,100,
10:16:57,56.02,100,
10:17:00,56.0207,100,
10:17:01,56.0206,100,
10:17:02,56.0207,100,
10:17:03,56.02,100,
10:17:09,56.02,100,
10:17:13,56.02,300,
10:17:14,56.03,200,
10:17:16,56.02,1400,
10:17:19,56.021,1680,
10:17:21,56.02,1300,
10:17:23,56.0217,100,
10:17:24,56.02,500,
10:17:28,56.02,2000,
10:17:29,56.01,300,
10:17:29,56.01,200,
10:17:31,56.01,500,
10:17:36,56.0198,1000,
10:17:39,56.01,100,
10:17:39,56.01,100,
10:17:49,56.01,119,
10:17:50,56.01,400,
10:17:56,56,110,
10:17:59,56.01,400,
10:17:59,56.01,100,
10:17:59,56,426,
10:17:59,56,100,
10:17:59,56,464,
10:17:59,56,600,
10:17:59,56,1000,
10:18:00,56.005,400,
10:18:05,55.99,300,
10:18:05,55.99,1000,
10:18:13,55.99,700,
10:18:19,55.99,200,
10:18:23,55.99,531,
10:18:23,55.99,100,
10:18:23,55.99,100,
10:18:23,55.99,1000,
10:18:23,55.99,218,
10:18:23,55.99,500,
10:18:23,55.99,200,
10:18:23,55.99,100,
10:18:23,55.99,300,
10:18:23,55.99,100,
10:18:23,55.99,565,
10:18:23,55.99,600,
10:18:23,55.99,300,
10:18:23,55.99,200,
10:18:23,55.99,100,
10:18:23,55.99,100,
10:18:24,55.99,100,
10:18:25,55.99,200,
10:18:26,55.99,100,
10:18:29,55.99,400,
10:18:29,55.99,400,
10:18:30,55.99,500,
10:18:31,56,400,
10:18:31,56,100,
10:18:31,56,100,
10:18:31,56,100,
10:18:31,56,526,
10:18:33,55.99,300,
10:18:38,56,200,
10:18:38,56,500,
10:18:47,56.001,124,
10:18:53,56.001,100,
10:19:14,56.01,100,
10:19:14,56.01,300,
10:19:14,56.01,100,
10:19:14,56.01,500,
10:19:14,56.01,600,
10:19:14,56.01,500,
10:19:14,56.01,218,
10:19:14,56.01,200,
10:19:14,56.005,100,
10:19:14,56.005,600,
10:19:15,56.02,218,
10:19:15,56.02,100,
10:19:15,56.02,100,
10:19:15,56.02,400,
10:19:15,56.02,400,
10:19:15,56.02,800,
10:19:15,56.02,200,
10:19:15,56.005,100,
10:19:24,56.02,4164,
10:19:24,56.02,436,
10:19:24,56.02,800,
10:19:24,56.02,564,
10:19:24,56.02,300,
10:19:26,56.01,100,
10:19:35,56.01,100,
10:19:35,56.01,200,
10:19:54,56.015,200,
10:19:55,56.015,100,
10:19:58,56.0281,1377,
10:20:00,56.02,300,
10:20:00,56.02,200,
10:20:00,56.03,200,
10:20:01,56.03,200,
10:20:01,56.03,100,
10:20:01,56.029,300,
10:20:01,56.025,200,
10:20:04,56.0395,1000,
10:20:05,56.04,500,
10:20:12,56.03,100,
10:20:12,56.03,500,
10:20:12,56.03,100,
10:20:12,56.03,200,
10:20:12,56.03,100,
10:20:22,56.03,100,
10:20:22,56.03,1000,
10:20:22,56.0201,4000,
10:20:26,56.03,100,
10:20:26,56.03,263,
10:20:26,56.03,500,
10:20:26,56.03,200,
10:20:26,56.03,100,
10:20:26,56.03,400,
10:20:26,56.03,200,
10:20:26,56.03,400,
10:20:26,56.03,600,
10:20:26,56.03,100,
10:20:26,56.03,100,
10:20:26,56.03,200,
10:20:26,56.03,100,
10:20:27,56.03,500,
10:20:27,56.03,800,
10:20:28,56.03,400,
10:20:28,56.03,1000,
10:20:28,56.03,1100,
10:20:28,56.03,1200,
10:20:28,56.03,300,
10:20:29,56.03,100,
10:20:31,56.04,100,
10:20:32,56.04,200,
10:20:33,56.04,300,
10:20:33,56.04,1000,
10:20:33,56.04,211,
10:20:33,56.035,100,
10:20:34,56.0482,400,
10:20:43,56.05,500,
10:20:47,56.06,100,
10:20:56,56.05,600,
10:20:56,56.05,800,
10:20:56,56.05,500,
10:20:56,56.05,2600,
10:20:56,56.05,363,
10:20:56,56.05,200,
10:20:56,56.05,200,
10:20:56,56.05,800,
10:20:56,56.04,800,
10:20:56,56.04,500,
10:20:56,56.04,500,
10:20:56,56.04,400,
10:20:56,56.04,1000,
10:21:01,56.049,375,
10:21:08,56.0407,100,
10:21:09,56.04,200,
10:21:09,56.04,200,
10:21:09,56.04,100,
10:21:22,56.03,100,
10:21:22,56.03,200,
10:21:26,56.02,400,
10:21:27,56.02,400,
10:21:30,56.02,100,
10:21:35,56.02,200,
10:21:52,56.0201,100,
10:21:59,56.0215,200,
10:22:01,56.02,200,
10:22:11,56.02,600,
10:22:11,56.02,600,
10:22:11,56.02,100,
10:22:11,56.01,600,
10:22:11,56.01,500,
10:22:11,56.01,500,
10:22:20,56.01,200,
10:22:25,56.02,242,
10:22:25,56.02,1000,
10:22:32,56.0103,100,
10:22:40,56.02,200,
10:22:45,56.01,400,
10:22:49,56.02,600,
10:22:49,56.02,5900,
10:22:49,56.02,111,
10:23:00,56.03,500,
10:23:16,56.039,200,
10:23:36,56.04,100,
10:23:37,56.04,1000,
10:23:37,56.04,100,
10:23:37,56.04,100,
10:23:46,56.04,400,
10:23:46,56.04,300,
10:23:46,56.04,3100,
10:23:46,56.04,900,
10:23:46,56.04,100,
10:23:46,56.04,700,
10:23:53,56.0395,450,
10:24:06,56.0349,135,
10:24:07,56.0304,400,
10:24:07,56.0303,400,
10:24:16,56.04,563,
10:24:16,56.04,2800,
10:24:17,56.04,1000,
10:24:27,56.04,200,
10:24:38,56.03,500,
10:24:49,56.03,1000,
10:24:49,56.03,400,
10:24:50,56.03,100,
10:24:50,56.03,1200,
10:24:50,56.03,100,
10:24:56,56.03,400,
10:25:15,56.03,100,
10:25:15,56.03,300,
10:25:15,56.03,100,
10:25:15,56.03,800,
10:25:17,56.033,191,
10:25:27,56.02,400,
10:25:27,56.02,200,
10:25:33,56.02,300,
10:25:33,56.02,100,
10:25:38,56.0104,400,
10:25:38,56.0104,100,
10:25:40,56.0101,100,
10:25:41,56.019,100,
10:25:42,56.02,500,
10:25:42,56.02,700,
10:25:42,56.02,300,
10:25:42,56.02,100,
10:25:42,56.02,117,
10:25:42,56.02,100,
10:25:42,56.02,600,
10:25:42,56.02,103,
10:25:42,56.02,500,
10:25:42,56.02,100,
10:25:45,56.02,300,
10:25:51,56.03,500,
10:25:51,56.03,600,
10:25:51,56.03,100,
10:25:51,56.03,100,
10:25:51,56.03,100,
10:25:52,56.03,100,
10:25:56,56.04,100,
10:25:57,56.03,197,
10:25:57,56.03,300,
10:26:08,56.03,1095,
10:26:08,56.03,500,
10:26:09,56.03,595,
10:26:09,56.03,800,
10:26:12,56.0234,434,
10:26:37,56.03,14195,
10:26:37,56.02,1000,
10:26:37,56.02,600,
10:26:37,56.02,100,
10:26:37,56.02,100,
10:26:39,56.02,100,
10:26:39,56.02,197,
10:26:46,56,100,
10:26:53,56.01,400,
10:26:54,56.01,500,
10:26:54,56.02,172,
10:26:54,56.0102,100,
10:26:57,56.01,500,
10:27:12,56.02,4400,
10:27:12,56.02,400,
10:27:12,56.02,400,
10:27:12,56.02,800,
10:27:12,56.02,200,
10:27:12,56.02,200,
10:27:16,56.01,300,
10:27:21,56.02,2800,
10:27:21,56.02,300,
10:27:22,56.02,700,
10:27:30,56.02,400,
10:27:50,56.02,400,
10:28:08,56.0262,100,
10:28:11,56.02,100,
10:28:12,56.02,2205,
10:28:16,56.0111,200,
10:28:19,56.01,100,
10:28:19,56.01,400,
10:28:19,56.01,100,
10:28:19,56.01,207,
10:28:35,56,500,
10:28:42,56.01,1000,
10:28:42,56.01,2205,
10:28:42,56.01,295,
10:28:49,56.01,200,
10:28:49,56.01,200,
10:28:52,56,100,
10:28:58,56,500,
10:29:00,56.01,400,
10:29:01,56.01,300,
10:29:01,56.01,835,
10:29:01,56.01,500,
10:29:01,56.01,600,
10:29:04,56,100,
10:29:07,56.01,400,
10:29:07,56.01,3465,
10:29:07,56.01,500,
10:29:07,56.01,400,
10:29:07,56.01,600,
10:29:07,56.01,900,
10:29:07,56.01,100,
10:29:12,56,500,
10:29:13,56,600,
10:29:13,56,800,
10:29:22,56.005,200,
10:29:30,56,100,
10:29:30,56,400,
10:29:30,56,531,
10:29:30,56,100,
10:29:30,56,400,
10:29:31,56,100,
10:29:39,55.9925,180,
10:29:43,55.9951,303,
10:29:54,56,600,
10:29:54,56,102,
10:29:54,56,2100,
10:29:54,56,100,
10:29:54,55.995,300,
10:29:56,55.995,100,
10:29:57,56,100,
10:30:04,56.01,300,
10:30:04,56.01,300,
10:30:04,56.01,300,
10:30:04,56.01,326,
10:30:10,56.0107,100,
10:30:12,56.01,900,
10:30:12,56.01,600,
10:30:12,56.01,100,
10:30:16,56,600,
10:30:24,56,400,
10:30:35,56.0095,500,
10:30:42,56,255,
10:30:56,56.0002,400,
10:30:58,56,200,
10:30:58,56,480,
10:31:28,55.99,200,
10:31:48,56,100,
10:31:48,56,200,
10:31:48,56,600,
10:31:48,55.995,300,
10:31:48,56,200,
10:31:48,55.995,200,
10:31:49,55.995,200,
10:31:53,56,500,
10:31:53,56.01,100,
10:32:01,56.0005,200,
10:32:01,56.0004,400,
10:32:02,56.0007,100,
10:32:07,56.01,600,
10:32:15,56.01,527,
10:32:15,56.01,200,
10:32:15,56.01,400,
10:32:15,56.01,200,
10:32:15,56.01,500,
10:32:15,56.005,100,
10:32:23,56.01,320,
10:32:23,56.01,748,
10:32:23,56.01,100,
10:32:23,56.01,200,
10:32:24,56,100,
10:32:25,56.001,200,
10:32:29,56.0006,100,
10:32:29,56,100,
10:32:30,56,100,
10:32:31,56.01,600,
10:32:32,56.0005,100,
10:32:33,56.0009,100,
10:32:34,56,100,
10:32:38,56.01,101,
10:32:38,56.01,600,
10:32:38,56.01,200,
10:32:57,56.009,100,
10:32:57,56.01,4000,
10:32:57,56.01,100,
10:32:57,56.01,100,
10:32:57,56.01,600,
10:32:57,56.01,600,
10:32:57,56.01,400,
10:32:57,56.005,500,
10:32:59,56.0101,101,
10:33:00,56.02,100,
10:33:00,56.02,100,
10:33:00,56.02,300,
10:33:00,56.02,200,
10:33:05,56.01,100,
10:33:25,56.02,100,
10:33:25,56.02,700,
10:33:25,56.02,4700,
10:33:26,56.012,114,
10:33:36,56.0107,475,
10:33:48,56.01,200,
10:33:51,56.01,600,
10:33:51,56.01,600,
10:33:51,56.01,200,
10:34:00,56.01,3700,
10:34:00,56.01,200,
10:34:00,56.01,100,
10:34:00,56.01,181,
10:34:00,56.005,500,
10:34:03,56.005,100,
10:34:07,56.02,100,
10:34:08,56.0109,200,
10:34:08,56.0107,300,
10:34:15,56.015,200,
10:34:55,56.01,500,
10:35:02,56.02,300,
10:35:02,56.02,500,
10:35:02,56.02,300,
10:35:02,56.015,700,
10:35:06,56.015,100,
10:35:24,56.02,100,
10:35:29,56.028,400,
10:35:30,56.02,100,
10:35:30,56.02,200,
10:35:30,56.02,100,
10:35:30,56.02,400,
10:35:34,56.0107,300,
10:35:34,56.0107,200,
10:35:40,56.01,100,
10:35:40,56.01,600,
10:35:42,56.0181,100,
10:35:48,56.0199,2000,
10:36:02,56.02,100,
10:36:07,56.01,900,
10:36:07,56.01,300,
10:36:14,56.02,400,
10:36:17,56.01,400,
10:36:17,56.01,200,
10:36:17,56.01,400,
10:36:17,56.01,100,
10:36:17,56,600,
10:36:21,56,100,
10:36:26,56,181,
10:36:51,56.01,1000,
10:36:51,56.01,200,
10:36:51,56.01,100,
10:36:51,56.01,200,
10:36:51,56.01,100,
10:36:51,56.01,500,
10:36:51,56.01,200,
10:36:51,56.01,512,
10:36:51,56.005,700,
10:36:53,56.0175,847,
10:37:04,56.01,302,
10:37:11,56.0103,300,
10:37:14,56.0105,100,
10:37:18,56.02,600,
10:37:18,56.02,700,
10:37:18,56.02,100,
10:37:18,56.02,200,
10:37:18,56.02,200,
10:37:18,56.02,800,
10:37:18,56.02,2919,
10:37:18,56.02,100,
10:37:18,56.02,440,
10:37:18,56.02,200,
10:37:33,56.0203,100,
10:37:39,56.029,1900,
10:37:40,56.02,100,
10:38:01,56.0207,200,
10:38:04,56.03,100,
10:38:04,56.03,506,
10:38:04,56.03,300,
10:38:04,56.03,806,
10:38:04,56.03,100,
10:38:04,56.03,900,
10:38:04,56.025,200,
10:38:04,56.03,1000,
10:38:04,56.025,100,
10:38:06,56.025,100,
10:38:08,56.0306,500,
10:38:11,56.036,200,
10:38:14,56.04,100,
10:38:14,56.04,200,
10:38:14,56.04,300,
10:38:14,56.04,700,
10:38:14,56.04,400,
10:38:14,56.04,100,
10:38:19,56.04,1500,
10:38:19,56.04,2700,
10:38:19,56.04,600,
10:38:28,56.04,245,
10:38:34,56.04,300,
10:38:35,56.04,800,
10:38:44,56.04,700,
10:38:49,56.04,900,
10:38:54,56.0301,200,
10:38:54,56.03,100,
10:38:55,56.03,300,
10:39:05,56.03,100,
10:39:15,56.03,400,
10:39:15,56.032,400,
10:39:17,56.03,100,
10:39:24,56.04,100,
10:39:36,56.04,379,
10:39:55,56.04,900,
10:39:55,56.04,600,
10:39:55,56.03,100,
10:39:56,56.03,4300,
10:39:56,56.03,400,
10:39:56,56.03,400,
10:39:56,56.03,600,
10:39:56,56.03,500,
10:39:56,56.03,800,
10:40:16,56.02,400,
10:40:16,56.02,200,
10:40:19,56.02,100,
10:40:19,56.02,300,
10:40:19,56.02,200,
10:40:21,56.0109,600,
10:40:25,56.0125,2000,
10:40:41,56.01,100,
10:40:52,56.02,600,
10:40:52,56.015,200,
10:40:52,56.015,100,
10:40:52,56.02,600,
10:40:52,56.02,300,
10:40:52,56.015,100,
10:40:56,56.015,100,
10:41:12,56.02,1000,
10:41:12,56.02,200,
10:41:12,56.02,600,
10:41:12,56.02,200,
10:41:30,56.02,200,
10:41:30,56.02,100,
10:41:30,56.02,200,
10:41:30,56.02,800,
10:41:30,56.02,200,
10:41:30,56.02,200,
10:41:30,56.02,280,
10:41:30,56.02,100,
10:41:30,56.015,200,
10:41:31,56.015,400,
10:41:33,56.02,100,
10:41:43,56.025,200,
10:41:52,56.0207,135,
10:42:06,56.03,1000,
10:42:06,56.03,200,
10:42:06,56.03,100,
10:42:06,56.03,500,
10:42:06,56.03,800,
10:42:06,56.03,200,
10:42:06,56.03,100,
10:42:06,56.03,552,
10:42:06,56.03,1400,
10:42:06,56.025,300,
10:42:07,56.0304,100,
10:42:07,56.0303,400,
10:42:09,56.025,100,
10:42:21,56.0316,100,
10:42:28,56.03,197,
10:42:28,56.03,191,
10:42:28,56.03,100,
10:42:28,56.03,100,
10:42:28,56.03,909,
10:42:28,56.03,348,
10:42:28,56.03,800,
10:42:28,56.03,800,
10:42:28,56.03,3009,
10:42:29,56.03,200,
10:42:29,56.03,100,
10:42:29,56.03,500,
10:42:31,56.02,300,
10:42:41,56.0216,100,
10:42:49,56.02,100,
10:42:49,56.02,200,
10:42:49,56.02,100,
10:42:57,56.028,125,
10:43:03,56.02,200,
10:43:05,56.02,200,
10:43:05,56.02,100,
10:43:05,56.02,100,
10:43:05,56.02,100,
10:43:08,56.01,400,
10:43:09,56.01,300,
10:43:10,56.01,100,
10:43:10,56.01,100,
10:43:10,56.01,100,
10:43:10,56.01,1100,
10:43:15,56.01,300,
10:43:17,56.01,200,
10:43:21,56.01,1000,
10:43:21,56.01,100,
10:43:21,56.01,1100,
10:43:21,56.01,200,
10:43:21,56.01,200,
10:43:29,56,138,
10:43:31,56,100,
10:43:43,55.99,500,
10:43:47,55.9902,200,
10:43:47,55.99,600,
10:43:48,55.991,150,
10:43:51,55.98,130,
10:43:51,55.98,100,
10:43:51,55.98,156,
10:43:51,55.98,100,
10:43:51,55.98,870,
10:43:57,55.97,100,
10:43:57,55.97,200,
10:43:57,55.97,100,
10:43:57,55.97,200,
10:43:57,55.97,300,
10:43:58,55.98,1000,
10:43:58,55.98,200,
10:43:58,55.98,154,
10:43:58,55.98,395,
10:43:58,55.98,400,
10:43:58,55.98,200,
10:43:58,55.98,1000,
10:43:58,55.98,1000,
10:43:58,55.98,4400,
10:43:58,55.98,100,
10:43:58,55.98,747,
10:43:58,55.98,400,
10:43:58,55.98,100,
10:43:58,55.98,1000,
10:43:58,55.98,600,
10:43:58,55.98,800,
10:44:01,55.98,100,
10:44:01,55.98,1600,
10:44:01,55.98,400,
10:44:01,55.98,1000,
10:44:01,55.98,100,
10:44:02,55.98,400,
10:44:12,55.98,500,
10:44:16,55.98,200,
10:44:16,55.98,100,
10:44:16,55.98,800,
10:44:16,55.98,400,
10:44:16,55.975,300,
10:44:22,55.97,100,
10:44:26,55.97,500,
10:44:27,55.98,400,
10:44:39,55.97,300,
10:44:40,55.98,600,
10:44:40,55.98,600,
10:44:40,55.98,200,
10:44:40,55.98,300,
10:44:40,55.975,100,
10:44:40,55.975,600,
10:44:40,55.98,100,
10:44:40,55.98,100,
10:44:41,55.975,100,
10:44:54,55.98,500,
10:45:16,55.98,100,
10:45:20,55.99,400,
10:45:25,55.9813,100,
10:45:33,55.99,200,
10:45:45,55.99,100,
10:45:45,55.99,400,
10:46:01,55.98,200,
10:46:01,55.98,603,
10:46:01,55.98,4400,
10:46:07,55.97,300,
10:46:07,55.97,400,
10:46:07,55.97,198,
10:46:07,55.97,100,
10:46:07,55.97,102,
10:46:11,55.963,100,
10:46:11,55.96,100,
10:46:13,55.9625,358,
10:46:19,55.9602,200,
10:46:22,55.96,100,
10:46:22,55.96,600,
10:46:23,55.969,500,
10:46:26,55.96,200,
10:46:31,55.961,100,
10:46:38,55.965,200,
10:46:45,55.9601,100,
10:46:59,55.96,100,
10:47:04,55.96,100,
10:47:04,55.96,1800,
10:47:05,55.95,100,
10:47:07,55.95,10000,
10:47:10,55.96,2103,
10:47:10,55.96,324,
10:47:10,55.96,198,
10:47:10,55.96,100,
10:47:10,55.955,100,
10:47:10,55.96,200,
10:47:10,55.97,300,
10:47:10,55.97,300,
10:47:10,55.965,100,
10:47:10,55.97,300,
10:47:10,55.97,100,
10:47:11,55.97,400,
10:47:11,55.97,100,
10:47:11,55.97,100,
10:47:11,55.97,213,
10:47:17,55.98,700,
10:47:17,55.98,600,
10:47:17,55.98,100,
10:47:17,55.98,600,
10:47:19,55.97,400,
10:47:19,55.97,500,
10:47:33,55.9707,100,
10:47:33,55.98,200,
10:47:33,55.98,100,
10:47:33,55.98,100,
10:47:36,55.97,100,
10:47:43,55.98,600,
10:47:43,55.98,200,
10:47:43,55.98,100,
10:47:43,55.98,1000,
10:47:43,55.99,200,
10:47:43,55.99,600,
10:47:44,55.99,100,
10:47:44,55.99,100,
10:47:44,55.99,100,
10:47:44,55.99,400,
10:47:44,55.99,100,
10:47:44,56,100,
10:47:44,56,600,
10:47:46,55.99,600,
10:47:46,55.99,800,
10:47:46,55.99,1000,
10:47:46,55.99,900,
10:47:46,55.99,598,
10:47:47,55.98,400,
10:47:52,55.98,100,
10:48:07,55.99,400,
10:48:07,55.99,1000,
10:48:09,55.996,875,
10:48:11,55.99,198,
10:48:12,55.99,200,
10:48:25,55.98,100,
10:48:36,55.981,100,
10:48:36,55.99,100,
10:48:36,55.99,300,
10:48:36,55.99,796,
10:48:50,55.99,700,
10:48:50,55.99,200,
10:48:50,55.99,700,
10:49:39,55.98,100,
10:50:00,55.99,200,
10:50:00,55.99,500,
10:50:00,56,500,
10:50:03,55.998,300,
10:50:04,55.99,300,
10:50:24,56,200,
10:50:24,56,100,
10:50:24,56.0001,400,
10:50:24,56,300,
10:50:29,56,100,
10:50:35,56,100,
10:50:38,56.01,2000,
10:50:38,56.01,300,
10:50:40,56.01,2500,
10:50:40,56.01,600,
10:50:40,56.01,138,
10:50:40,56.01,800,
10:50:40,56.01,500,
10:50:40,56.01,100,
10:50:49,56.01,100,
10:51:06,56.01,100,
10:51:06,56.01,600,
10:51:06,56.01,115,
10:51:06,56.01,100,
10:51:06,56.01,137,
10:51:10,56.01,3300,
10:51:10,56.01,600,
10:51:15,56.01,300,
10:51:15,56.01,400,
10:51:15,56.01,600,
10:51:15,56.01,100,
10:51:15,56.01,200,
10:51:16,56.01,100,
10:51:17,56.01,400,
10:51:22,56.01,300,
10:51:22,56.01,100,
10:51:24,56.01,100,
10:51:24,56.01,1200,
10:51:26,56.01,1700,
10:51:26,56.01,200,
10:51:26,56.01,3200,
10:51:26,56.01,100,
10:51:26,56.01,200,
10:51:26,56.01,172,
10:51:26,56.01,400,
10:51:32,56.015,200,
10:51:34,56.0107,100,
10:51:40,56.018,150,
10:51:51,56.01,400,
10:52:00,56.01,4400,
10:52:00,56.01,100,
10:52:00,56.01,200,
10:52:00,56.01,500,
10:52:00,56.01,100,
10:52:00,56.01,1100,
10:52:00,56.01,166,
10:52:00,56.011,300,
10:52:03,56,200,
10:52:03,56,100,
10:52:03,56,100,
10:52:05,56.0005,500,
10:52:06,56.01,2296,
10:52:06,56.01,800,
10:52:08,56.01,100,
10:52:08,56.01,100,
10:52:08,56.01,300,
10:52:09,56.02,213,
10:52:09,56.02,400,
10:52:09,56.02,287,
10:52:25,56.02,100,
10:52:25,56.02,574,
10:52:29,56.01,400,
10:52:35,56.02,600,
10:52:35,56.02,1731,
10:52:35,56.02,1000,
10:52:35,56.02,600,
10:52:39,56.02,300,
10:52:39,56.03,600,
10:52:42,56.02,100,
10:52:52,56.03,1700,
10:52:52,56.03,600,
10:53:04,56.03,3300,
10:53:05,56.03,100,
10:53:05,56.0311,300,
10:53:05,56.04,600,
10:53:06,56.04,142,
10:53:07,56.04,1000,
10:53:07,56.04,500,
10:53:07,56.04,600,
10:53:07,56.04,100,
10:53:07,56.04,500,
10:53:07,56.04,1500,
10:53:15,56.0301,2700,
10:53:15,56.03,311,
10:53:15,56.03,800,
10:53:15,56.03,111,
10:53:15,56.03,100,
10:53:15,56.03,400,
10:53:15,56.03,211,
10:53:22,56.03,800,
10:53:42,56.0303,100,
10:53:44,56.03,4700,
10:54:02,56.03,200,
10:54:03,56.03,800,
10:54:14,56.03,700,
10:54:20,56.0303,300,
10:54:21,56.0303,200,
10:54:21,56.0303,400,
10:54:21,56.031,193,
10:54:21,56.04,200,
10:54:23,56.031,5193,
10:54:44,56.0311,200,
10:54:58,56.04,200,
10:54:59,56.04,500,
10:55:00,56.04,100,
10:55:03,56.045,100,
10:55:08,56.05,2300,
10:55:10,56.06,500,
10:55:10,56.06,600,
10:55:10,56.06,100,
10:55:12,56.05,500,
10:55:12,56.05,2700,
10:55:12,56.05,100,
10:55:12,56.05,100,
10:55:13,56.05,100,
10:55:13,56.05,100,
10:55:19,56.048,1000,
10:55:23,56.04,100,
10:55:24,56.0501,100,
10:55:24,56.05,400,
10:55:24,56.05,100,
10:55:36,56.049,1900,
10:55:47,56.05,100,
10:55:47,56.05,600,
10:55:47,56.05,400,
10:55:47,56.05,500,
10:55:53,56.05,100,
10:55:53,56.05,600,
10:55:53,56.05,5600,
10:55:53,56.05,234,
10:55:53,56.05,300,
10:55:53,56.05,100,
10:55:53,56.05,100,
10:55:53,56.05,372,
10:55:53,56.05,400,
10:55:53,56.05,600,
10:55:53,56.05,400,
10:55:59,56.06,100,
10:55:59,56.06,100,
10:55:59,56.06,100,
10:56:01,56.06,400,
10:56:01,56.06,600,
10:56:01,56.06,600,
10:56:08,56.06,2000,
10:56:10,56.06,1600,
10:56:10,56.06,100,
10:56:13,56.064,228,
10:56:36,56.0606,200,
10:56:36,56.061,400,
10:56:36,56.061,133,
10:56:37,56.07,400,
10:56:37,56.07,200,
10:56:38,56.061,1000,
10:56:43,56.06,100,
10:56:43,56.06,100,
10:56:43,56.06,800,
10:56:48,56.05,100,
10:57:01,56.06,200,
10:57:03,56.05,400,
10:57:03,56.05,300,
10:57:03,56.05,500,
10:57:03,56.05,100,
10:57:03,56.05,100,
10:57:03,56.055,3800,
10:57:03,56.055,800,
10:57:03,56.05,1600,
10:57:03,56.05,400,
10:57:03,56.05,1000,
10:57:03,56.055,700,
10:57:03,56.05,100,
10:57:03,56.055,100,
10:57:03,56.05,100,
10:57:03,56.055,100,
10:57:04,56.05,500,
10:57:04,56.05,800,
10:57:05,56.05,100,
10:57:09,56.045,200,
10:57:11,56.05,300,
10:57:20,56.049,900,
10:57:21,56.05,100,
10:57:23,56.05,100,
10:57:29,56.04,100,
10:57:29,56.04,500,
10:57:29,56.049,300,
10:57:32,56.05,400,
10:57:35,56.05,900,
10:57:35,56.05,500,
10:57:35,56.05,400,
10:57:37,56.045,100,
10:57:37,56.045,100,
10:57:37,56.045,100,
10:57:39,56.05,4034,
10:57:39,56.05,200,
10:57:39,56.05,100,
10:57:44,56.06,100,
10:57:44,56.06,100,
10:57:44,56.06,200,
10:57:44,56.06,400,
10:57:44,56.06,173,
10:57:50,56.0504,100,
10:57:54,56.05,3500,
10:57:54,56.05,500,
10:57:54,56.05,300,
10:58:07,56.04,100,
10:58:27,56.04,100,
10:58:27,56.04,300,
10:58:27,56.04,200,
10:58:27,56.04,100,
10:58:30,56.04,100,
10:58:40,56.0301,700,
10:58:41,56.03,200,
10:58:41,56.03,600,
10:58:41,56.03,100,
10:58:46,56.0295,1000,
10:58:51,56.0212,100,
10:59:24,56.02,400,
10:59:24,56.02,100,
10:59:25,56.02,100,
10:59:26,56.02,250,
10:59:41,56.0295,100,
10:59:59,56.02,500,
10:59:59,56.02,366,
10:59:59,56.02,100,
10:59:59,56.02,174,
11:00:17,56.02,134,
11:00:17,56.02,200,
11:00:20,56.02,100,
11:00:20,56.02,3734,
11:00:20,56.02,100,
11:00:21,56.02,100,
11:00:24,56.03,600,
11:00:24,56.03,198,
11:00:24,56.04,600,
11:00:24,56.03,600,
11:00:26,56.03,100,
11:00:26,56.03,100,
11:00:26,56.03,100,
11:00:26,56.03,100,
11:00:27,56.03,500,
11:00:27,56.03,1000,
11:00:27,56.03,600,
11:00:28,56.0302,100,
11:00:30,56.03,100,
11:00:42,56.03,526,
11:00:43,56.03,100,
11:00:44,56.03,1000,
11:00:44,56.03,100,
11:00:44,56.03,2600,
11:00:44,56.03,500,
11:00:50,56.03,500,
11:00:50,56.03,100,
11:00:50,56.03,200,
11:00:50,56.03,600,
11:00:50,56.03,200,
11:00:50,56.03,400,
11:00:50,56.03,134,
11:01:13,56.025,200,
11:01:26,56.03,100,
11:01:28,56.0201,100,
11:01:30,56.02,100,
11:01:30,56.03,100,
11:01:30,56.02,400,
11:01:31,56.02,100,
11:01:32,56.02,200,
11:01:39,56.03,200,
11:01:39,56.02,100,
11:01:39,56.02,300,
11:01:41,56.02,100,
11:01:41,56.0201,100,
11:01:41,56.02,200,
11:01:41,56.0201,100,
11:01:41,56.0251,230,
11:01:44,56.02,100,
11:01:54,56.02,100,
11:01:57,56.02,200,
11:02:06,56.03,600,
11:02:06,56.03,271,
11:02:06,56.04,400,
11:02:06,56.04,800,
11:02:06,56.04,100,
11:02:11,56.04,100,
11:02:18,56.04,100,
11:02:21,56.04,100,
11:02:36,56.04,500,
11:02:43,56.04,2390,
11:02:43,56.04,100,
11:02:46,56.041,140,
11:03:07,56.04,600,
11:03:07,56.03,100,
11:03:07,56.03,600,
11:03:07,56.03,1100,
11:03:07,56.03,600,
11:03:07,56.03,500,
11:03:10,56.03,100,
11:03:21,56.0375,300,
11:03:40,56.02,170,
11:03:40,56.02,100,
11:03:40,56.02,100,
11:03:40,56.02,400,
11:03:46,56.0202,200,
11:03:48,56.0271,200,
11:04:14,56.01,400,
11:04:14,56.0107,260,
11:04:25,56.02,100,
11:04:25,56.02,600,
11:04:25,56.02,2600,
11:04:33,56.0257,1000,
11:04:43,56.02,100,
11:04:51,56.024,200,
11:04:54,56.02,100,
11:05:05,56.03,600,
11:05:05,56.03,100,
11:05:05,56.03,100,
11:05:05,56.03,100,
11:05:05,56.03,100,
11:05:05,56.03,600,
11:05:05,56.03,2262,
11:05:05,56.03,1000,
11:05:05,56.03,500,
11:05:05,56.03,100,
11:05:30,56.035,200,
11:05:49,56.04,100,
11:05:51,56.04,100,
11:05:57,56.036,3000,
11:06:09,56.038,8922,
11:06:20,56.04,100,
11:06:23,56.03,200,
11:06:23,56.0311,200,
11:06:36,56.038,500,
11:06:42,56.03,400,
11:06:52,56.03,546,
11:07:20,56.0302,300,
11:07:42,56.031,100,
11:07:51,56.03,400,
11:07:51,56.03,1154,
11:07:51,56.02,100,
11:07:54,56.024,1200,
11:07:58,56.02,100,
11:07:58,56.02,3300,
11:07:58,56.02,100,
11:07:58,56.02,300,
11:07:58,56.02,400,
11:08:10,56.02,100,
11:08:10,56.02,100,
11:08:12,56.0113,100,
11:08:24,56.01,100,
11:08:28,56.02,2094,
11:08:28,56.015,600,
11:08:30,56.01,600,
11:08:30,56.01,100,
11:08:30,56.01,400,
11:08:33,56.01,472,
11:08:33,56.01,328,
11:08:33,56.01,100,
11:08:43,56.02,500,
11:08:59,56.02,700,
11:09:13,56.0299,750,
11:09:48,56.02,200,
11:09:48,56.0205,100,
11:10:03,56.03,6000,
11:10:26,56.0299,4000,
11:10:43,56.0205,169,
11:10:48,56.03,100,
11:10:51,56.03,100,
11:10:51,56.03,100,
11:10:53,56.0343,800,
11:11:00,56.03,500,
11:11:03,56.0302,1000,
11:11:10,56.03,200,
11:11:11,56.03,400,
11:11:13,56.02,100,
11:11:13,56.02,300,
11:11:13,56.02,200,
11:11:13,56.02,100,
11:11:37,56.02,200,
11:11:37,56.02,1200,
11:11:37,56.02,400,
11:11:37,56.02,100,
11:11:37,56.02,100,
11:11:37,56.02,600,
11:11:37,56.02,100,
11:11:38,56.0205,400,
11:11:38,56.0205,100,
11:12:09,56.03,100,
11:12:09,56.03,100,
11:12:09,56.03,200,
11:12:09,56.03,100,
11:12:09,56.035,200,
11:12:15,56.03,1300,
11:12:15,56.03,600,
11:12:15,56.03,500,
11:12:15,56.03,266,
11:12:15,56.03,100,
11:12:15,56.03,100,
11:12:15,56.03,100,
11:12:25,56.02,100,
11:12:39,56.03,100,
11:12:40,56.022,110,
11:12:44,56.03,100,
11:12:48,56.0299,397,
11:12:50,56.025,100,
11:12:57,56.0299,100,
11:12:58,56.02,600,
11:13:40,56.01,100,
11:13:40,56.01,500,
11:13:57,56.01,500,
11:13:57,56.01,100,
11:13:57,56.01,600,
11:13:57,56.01,100,
11:13:57,56.01,100,
11:13:57,56.01,100,
11:13:57,56.02,200,
11:13:57,56.02,1000,
11:14:06,56.02,100,
11:14:06,56.02,100,
11:14:06,56.02,100,
11:14:06,56.02,200,
11:14:06,56.03,100,
11:14:06,56.03,400,
11:14:06,56.03,100,
11:14:06,56.03,100,
11:14:06,56.03,100,
11:14:06,56.03,100,
11:14:06,56.03,1200,
11:14:06,56.03,1000,
11:14:06,56.03,100,
11:14:07,56.03,300,
11:14:07,56.025,200,
11:14:07,56.03,100,
11:14:08,56.03,100,
11:14:09,56.03,100,
11:14:11,56.03,100,
11:14:16,56.03,100,
11:14:16,56.03,200,
11:14:16,56.02,200,
11:14:16,56.02,100,
11:14:16,56.02,100,
11:14:16,56.02,600,
11:14:16,56.02,4800,
11:14:16,56.02,400,
11:14:16,56.02,100,
11:14:16,56.02,100,
11:14:16,56.02,600,
11:14:16,56.02,2000,
11:14:16,56.02,800,
11:14:16,56.02,600,
11:14:16,56.02,600,
11:14:16,56.02,100,
11:14:16,56.02,500,
11:14:16,56.01,1000,
11:14:16,56.01,600,
11:14:16,56.01,100,
11:14:16,56.01,300,
11:14:16,56.01,100,
11:14:16,56.01,500,
11:14:16,56.01,300,
11:14:16,56.01,403,
11:14:16,56.01,297,
11:14:17,56.01,1327,
11:14:17,56.02,100,
11:14:17,56.01,2300,
11:14:17,56.01,5200,
11:14:29,56.01,100,
11:14:37,56.02,100,
11:14:37,56.02,216,
11:14:37,56.02,100,
11:14:37,56.02,100,
11:14:37,56.02,600,
11:14:37,56.02,800,
11:14:37,56.02,500,
11:14:37,56.02,400,
11:14:37,56.02,200,
11:14:37,56.02,200,
11:14:37,56.02,100,
11:14:37,56.02,100,
11:14:37,56.02,100,
11:14:37,56.02,100,
11:14:37,56.02,600,
11:14:49,56.03,251,
11:14:50,56.03,500,
11:14:52,56.02,200,
11:14:52,56.02,200,
11:14:52,56.02,100,
11:14:52,56.02,1000,
11:14:52,56.02,500,
11:14:59,56.0291,100,
11:15:00,56.03,949,
11:15:08,56.02,197,
11:15:18,56.0209,400,
11:15:18,56.0205,200,
11:15:49,56.02,700,
11:15:51,56.02,200,
11:15:51,56.02,509,
11:16:11,56.02,600,
11:16:12,56.02,400,
11:16:12,56.02,600,
11:16:12,56.02,216,
11:16:12,56.02,2400,
11:16:22,56.0207,100,
11:16:36,56.02,100,
11:16:40,56.03,100,
11:16:40,56.03,1000,
11:16:40,56.03,200,
11:16:40,56.03,200,
11:16:40,56.03,100,
11:16:49,56.04,200,
11:16:49,56.04,400,
11:16:49,56.04,100,
11:16:50,56.04,100,
11:17:32,56.0308,200,
11:17:32,56.0308,500,
11:17:43,56.04,800,
11:17:46,56.04,4000,
11:17:46,56.04,100,
11:17:52,56.04,200,
11:17:53,56.04,100,
11:17:53,56.04,6300,
11:18:03,56.04,1000,
11:18:03,56.04,200,
11:18:03,56.04,300,
11:18:03,56.04,200,
11:18:03,56.04,100,
11:18:08,56.05,500,
11:18:12,56.05,200,
11:18:12,56.05,400,
11:18:12,56.05,200,
11:18:13,56.04,500,
11:18:15,56.05,100,
11:18:17,56.06,1000,
11:18:17,56.055,200,
11:18:19,56.055,300,
11:18:22,56.06,100,
11:18:24,56.06,200,
11:18:31,56.05,200,
11:18:36,56.05,900,
11:18:36,56.05,400,
11:18:36,56.05,3000,
11:18:36,56.05,3100,
11:18:36,56.05,100,
11:18:36,56.05,100,
11:18:36,56.05,100,
11:18:36,56.05,100,
11:18:36,56.04,100,
11:18:36,56.04,500,
11:18:36,56.04,600,
11:18:36,56.04,400,
11:18:36,56.04,100,
11:18:36,56.04,1100,
11:18:36,56.04,100,
11:18:36,56.03,700,
11:18:37,56.039,500,
11:18:37,56.036,400,
11:18:40,56.0315,100,
11:18:42,56.04,200,
11:18:42,56.04,400,
11:18:42,56.04,1900,
11:18:42,56.05,400,
11:18:42,56.05,100,
11:18:42,56.05,100,
11:18:48,56.045,100,
11:18:53,56.04,300,
11:19:11,56.05,100,
11:19:11,56.05,200,
11:19:11,56.05,100,
11:19:13,56.05,1700,
11:19:14,56.05,2500,
11:19:14,56.05,100,
11:19:16,56.05,700,
11:19:31,56.05,400,
11:19:37,56.0501,1000,
11:19:45,56.06,100,
11:19:48,56.06,100,
11:19:48,56.06,100,
11:19:51,56.06,100,
11:19:51,56.06,7400,
11:19:51,56.06,500,
11:19:54,56.06,100,
11:19:55,56.06,100,
11:20:03,56.06,100,
11:20:03,56.06,600,
11:20:13,56.06,900,
11:20:13,56.06,500,
11:20:13,56.06,800,
11:20:13,56.06,400,
11:20:13,56.06,100,
11:20:13,56.06,14000,
11:20:28,56.07,100,
11:20:36,56.0662,147,
11:20:42,56.07,109,
11:20:42,56.0609,300,
11:20:52,56.06,198,
11:20:52,56.06,100,
11:20:52,56.06,800,
11:20:52,56.06,3300,
11:20:52,56.06,100,
11:20:56,56.06,100,
11:20:56,56.06,100,
11:20:56,56.06,200,
11:20:56,56.06,200,
11:20:56,56.06,400,
11:20:56,56.06,1100,
11:20:56,56.06,500,
11:20:56,56.06,1100,
11:20:56,56.06,500,
11:20:56,56.06,300,
11:20:59,56.0601,100,
11:21:08,56.06,500,
11:21:08,56.06,200,
11:21:27,56.06,209,
11:21:27,56.06,1491,
11:21:34,56.05,100,
11:21:34,56.05,400,
11:21:34,56.05,400,
11:21:34,56.05,391,
11:21:34,56.05,100,
11:21:34,56.05,100,
11:21:34,56.05,400,
11:21:35,56.05,500,
11:21:35,56.05,600,
11:21:35,56.05,391,
11:21:35,56.05,1000,
11:21:35,56.05,100,
11:21:37,56.0523,713,
11:22:00,56.0517,100,
11:22:12,56.06,400,
11:22:19,56.0675,152,
11:22:33,56.07,100,
11:22:33,56.07,196,
11:22:33,56.07,440,
11:22:33,56.07,100,
11:22:43,56.08,100,
11:22:46,56.0751,250,
11:22:47,56.08,100,
11:22:51,56.08,100,
11:22:51,56.08,600,
11:22:51,56.08,1500,
11:22:51,56.08,300,
11:22:54,56.09,200,
11:22:54,56.09,100,
11:22:57,56.09,100,
11:23:08,56.09,1000,
11:23:08,56.09,900,
11:23:08,56.09,1100,
11:23:16,56.09,100,
11:23:17,56.09,800,
11:23:17,56.09,100,
11:23:22,56.08,300,
11:23:22,56.08,109,
11:23:22,56.08,400,
11:23:22,56.08,100,
11:23:22,56.08,500,
11:23:22,56.08,491,
11:23:22,56.08,400,
11:23:22,56.08,173,
11:23:23,56.08,100,
11:23:23,56.08,100,
11:23:23,56.08,500,
11:23:23,56.08,100,
11:23:23,56.08,5500,
11:23:29,56.0807,200,
11:23:35,56.09,100,
11:23:35,56.09,200,
11:23:42,56.0801,100,
11:23:59,56.09,200,
11:23:59,56.10,500,
11:23:59,56.10,170,
11:24:21,56.0902,100,
11:24:21,56.09,400,
11:24:37,56.09,500,
11:24:49,56.0916,100,
11:25:17,56.0999,100,
11:25:22,56.10,500,
11:25:22,56.10,400,
11:25:22,56.10,936,
11:25:22,56.09,1400,
11:25:22,56.10,1000,
11:25:25,56.09,1300,
11:25:33,56.09,1000,
11:25:36,56.09,800,
11:25:45,56.09,600,
11:25:47,56.09,300,
11:25:51,56.0919,150,
11:25:58,56.09,200,
11:25:58,56.08,100,
11:26:06,56.071,100,
11:26:14,56.07,400,
11:26:20,56.07,300,
11:26:22,56.08,100,
11:26:22,56.08,600,
11:26:22,56.08,1000,
11:26:29,56.0711,265,
11:26:34,56.0709,400,
11:26:34,56.07,200,
11:26:47,56.08,100,
11:26:49,56.07,100,
11:26:50,56.08,100,
11:26:52,56.07,100,
11:26:54,56.075,100,
11:26:58,56.08,300,
11:26:58,56.08,2100,
11:26:58,56.08,1400,
11:27:04,56.0804,100,
11:27:23,56.08,450,
11:27:23,56.08,156,
11:27:23,56.08,100,
11:27:23,56.08,300,
11:27:23,56.08,100,
11:27:23,56.08,3800,
11:27:23,56.08,450,
11:27:23,56.08,200,
11:27:23,56.08,100,
11:27:23,56.08,500,
11:27:23,56.08,400,
11:27:23,56.08,491,
11:27:24,56.08,200,
11:27:24,56.08,300,
11:27:24,56.07,100,
11:27:24,56.07,176,
11:27:25,56.07,200,
11:27:44,56.075,100,
11:27:51,56.08,100,
11:27:54,56.0717,100,
11:28:09,56.071,100,
11:28:10,56.075,100,
11:28:29,56.07,100,
11:28:31,56.07,1000,
11:28:31,56.07,100,
11:28:31,56.065,100,
11:28:32,56.07,100,
11:28:32,56.065,100,
11:28:33,56.0609,500,
11:28:35,56.07,200,
11:28:35,56.065,100,
11:28:40,56.0788,892,
11:28:56,56.08,100,
11:28:56,56.08,100,
11:29:11,56.08,100,
11:29:30,56.08,100,
11:29:40,56.07,100,
11:29:41,56.071,407,
11:31:02,56.0802,100,
11:31:11,56.08,2700,
11:31:11,56.08,100,
11:31:11,56.08,300,
11:31:11,56.08,200,
11:31:11,56.08,200,
11:31:14,56.0711,500,
11:31:40,56.08,100,
11:31:57,56.0805,1500,
11:32:02,56.07,198,
11:32:02,56.07,194,
11:32:07,56.08,200,
11:32:22,56.0705,300,
11:32:40,56.0718,100,
11:32:40,56.0701,100,
11:33:06,56.071,500,
11:33:52,56.07,100,
11:34:00,56.07,100,
11:34:00,56.07,300,
11:34:03,56.071,100,
11:34:11,56.0617,100,
11:34:16,56.07,800,
11:34:22,56.07,100,
11:34:31,56.07,100,
11:34:31,56.07,100,
11:34:32,56.07,640,
11:35:04,56.07,1000,
11:35:04,56.07,100,
11:35:04,56.07,300,
11:35:04,56.07,278,
11:35:11,56.0616,100,
11:35:17,56.061,400,
11:35:21,56.07,800,
11:35:21,56.07,400,
11:35:25,56.07,400,
11:35:25,56.07,400,
11:35:27,56.0651,400,
11:35:33,56.07,300,
11:35:35,56.061,200,
11:35:39,56.06,500,
11:35:39,56.06,1080,
11:35:39,56.06,200,
11:36:19,56.0611,100,
11:36:29,56.0699,200,
11:36:38,56.07,115,
11:36:39,56.07,300,
11:36:39,56.07,100,
11:36:39,56.07,200,
11:36:39,56.07,200,
11:36:39,56.07,1000,
11:36:39,56.07,400,
11:36:39,56.06,500,
11:36:40,56.07,400,
11:36:40,56.07,200,
11:36:53,56.08,300,
11:37:10,56.08,100,
11:37:10,56.08,200,
11:37:10,56.075,100,
11:37:10,56.08,200,
11:37:10,56.08,100,
11:37:10,56.08,100,
11:37:19,56.0811,100,
11:37:22,56.09,200,
11:37:24,56.09,100,
11:37:25,56.09,100,
11:37:25,56.087,100,
11:37:27,56.09,100,
11:37:28,56.08,300,
11:37:29,56.09,100,
11:37:34,56.08,600,
11:37:34,56.08,600,
11:37:39,56.085,300,
11:37:42,56.0809,300,
11:37:45,56.0866,216,
11:37:46,56.09,100,
11:38:08,56.0809,1100,
11:38:09,56.081,200,
11:38:10,56.09,200,
11:38:10,56.09,100,
11:38:20,56.09,200,
11:38:20,56.09,800,
11:38:21,56.09,100,
11:38:22,56.08,300,
11:38:26,56.08,100,
11:38:30,56.09,100,
11:39:01,56.081,100,
11:39:03,56.09,100,
11:39:07,56.09,200,
11:39:12,56.09,100,
11:39:13,56.09,100,
11:39:15,56.081,400,
11:39:25,56.082,135,
11:39:26,56.08,500,
11:39:26,56.08,100,
11:39:26,56.07,200,
11:39:39,56.0791,450,
11:40:02,56.08,200,
11:40:05,56.071,100,
11:40:16,56.07,2000,
11:40:21,56.07,100,
11:40:21,56.07,299,
11:40:21,56.07,800,
11:40:21,56.07,500,
11:40:22,56.06,300,
11:40:23,56.06,200,
11:40:24,56.06,400,
11:40:24,56.05,100,
11:40:28,56.05,200,
11:40:30,56.051,400,
11:40:38,56.051,100,
11:40:39,56.0551,180,
11:40:40,56.06,200,
11:40:40,56.06,100,
11:40:40,56.06,300,
11:40:40,56.06,100,
11:40:41,56.06,100,
11:41:14,56.07,200,
11:41:16,56.07,100,
11:41:16,56.07,500,
11:41:16,56.07,100,
11:41:30,56.071,600,
11:41:39,56.07,100,
11:41:39,56.07,1000,
11:41:39,56.07,100,
11:41:39,56.07,364,
11:41:51,56.07,100,
11:41:56,56.07,400,
11:41:56,56.07,200,
11:42:04,56.08,184,
11:42:31,56.07,100,
11:42:43,56.07,200,
11:43:15,56.06,200,
11:43:31,56.0604,200,
11:43:31,56.06,200,
11:43:32,56.0604,200,
11:43:32,56.06,300,
11:43:33,56.06,100,
11:43:34,56.0617,100,
11:43:34,56.0604,100,
11:43:36,56.0601,100,
11:43:36,56.06,100,
11:43:37,56.07,1500,
11:43:38,56.0605,100,
11:43:40,56.0605,100,
11:43:41,56.07,200,
11:43:41,56.07,200,
11:43:41,56.08,200,
11:43:41,56.07,2500,
11:43:41,56.08,800,
11:43:41,56.08,100,
11:43:41,56.08,200,
11:43:45,56.08,500,
11:43:45,56.08,200,
11:43:45,56.08,100,
11:43:45,56.08,1000,
11:43:45,56.08,4300,
11:43:45,56.08,100,
11:43:50,56.08,500,
11:43:50,56.08,1500,
11:44:03,56.0801,100,
11:44:10,56.08,100,
11:44:38,56.081,565,
11:44:51,56.09,100,
11:44:54,56.10,200,
11:44:55,56.10,300,
11:44:56,56.10,1702,
11:44:56,56.10,100,
11:44:56,56.10,100,
11:44:57,56.095,100,
11:44:57,56.09,100,
11:44:57,56.09,400,
11:44:57,56.09,765,
11:44:57,56.09,500,
11:44:58,56.09,100,
11:45:00,56.095,100,
11:45:05,56.08,200,
11:45:05,56.0837,202,
11:45:15,56.09,500,
11:45:16,56.08,100,
11:45:27,56.08,500,
11:45:33,56.08,100,
11:45:33,56.08,100,
11:45:33,56.08,100,
11:45:38,56.072,110,
11:45:47,56.0717,100,
11:45:49,56.08,229,
11:46:06,56.08,400,
11:46:11,56.071,160,
11:46:18,56.07,100,
11:46:26,56.08,129,
11:46:47,56.08,100,
11:47:04,56.08,100,
11:47:04,56.08,400,
11:47:04,56.08,400,
11:47:04,56.08,3000,
11:47:06,56.083,400,
11:47:22,56.08,197,
11:47:22,56.08,396,
11:47:22,56.08,900,
11:47:22,56.08,197,
11:47:22,56.08,198,
11:47:22,56.08,500,
11:47:22,56.08,200,
11:47:22,56.08,300,
11:47:44,56.08,1000,
11:47:44,56.08,600,
11:47:44,56.08,2600,
11:48:28,56.08,100,
11:48:49,56.07,100,
11:48:54,56.07,100,
11:49:04,56.08,200,
11:49:04,56.09,100,
11:49:04,56.09,400,
11:49:04,56.09,815,
11:49:04,56.09,100,
11:49:04,56.08,100,
11:49:53,56.08,786,
11:49:53,56.07,100,
11:50:21,56.071,6000,
11:50:30,56.0711,200,
11:50:47,56.07,300,
11:50:47,56.07,100,
11:50:47,56.07,100,
11:50:47,56.07,100,
11:50:53,56.06,300,
11:51:27,56.07,2500,
11:51:28,56.07,100,
11:51:28,56.07,100,
11:51:28,56.08,500,
11:51:28,56.08,400,
11:51:28,56.08,400,
11:52:05,56.07,1000,
11:52:07,56.0762,450,
11:52:20,56.07,2000,
11:52:25,56.07,200,
11:52:30,56.07,400,
11:52:31,56.07,100,
11:52:31,56.07,100,
11:52:31,56.07,600,
11:52:31,56.07,3000,
11:52:44,56.06,400,
11:52:44,56.06,1000,
11:52:44,56.06,800,
11:52:44,56.06,800,
11:52:44,56.06,200,
11:52:44,56.06,100,
11:52:44,56.06,2376,
11:52:44,56.06,4300,
11:52:44,56.06,100,
11:52:44,56.06,400,
11:52:44,56.06,500,
11:52:44,56.06,2000,
11:52:44,56.06,300,
11:52:44,56.06,100,
11:52:44,56.06,284,
11:52:45,56.06,800,
11:52:45,56.06,500,
11:52:46,56.06,900,
11:52:46,56.06,100,
11:52:46,56.06,800,
11:52:55,56.0629,155,
11:52:56,56.06,600,
11:52:56,56.06,400,
11:52:56,56.06,300,
11:52:56,56.06,400,
11:52:58,56.06,300,
11:52:58,56.06,400,
11:53:03,56.06,200,
11:53:03,56.06,150,
11:53:03,56.06,4200,
11:53:04,56.06,300,
11:53:04,56.06,500,
11:53:21,56.06,800,
11:53:26,56.05,2400,
11:53:26,56.05,800,
11:53:26,56.05,100,
11:53:26,56.05,100,
11:53:26,56.05,100,
11:53:26,56.05,1000,
11:53:26,56.05,600,
11:53:51,56.05,200,
11:53:55,56.0513,100,
11:53:59,56.058,450,
11:54:20,56.05,100,
11:54:21,56.05,100,
11:54:29,56.06,300,
11:54:29,56.06,800,
11:54:29,56.06,100,
11:54:29,56.06,900,
11:54:29,56.0699,200,
11:54:34,56.061,100,
11:54:34,56.061,200,
11:54:35,56.06,100,
11:54:48,56.0601,200,
11:54:48,56.0601,500,
11:55:09,56.06,300,
11:55:09,56.06,400,
11:55:09,56.06,400,
11:55:09,56.06,100,
11:55:09,56.06,2787,
11:55:11,56.051,400,
11:55:15,56.06,4200,
11:55:15,56.06,200,
11:55:15,56.06,400,
11:55:15,56.07,800,
11:55:15,56.07,600,
11:55:15,56.07,100,
11:55:15,56.06,100,
11:55:15,56.06,100,
11:55:15,56.06,200,
11:55:19,56.06,100,
11:55:20,56.06,200,
11:55:47,56.0629,200,
11:55:49,56.0605,300,
11:55:52,56.07,100,
11:56:07,56.08,1080,
11:56:19,56.07,400,
11:56:19,56.06,100,
11:56:19,56.07,100,
11:56:20,56.06,400,
11:56:20,56.06,600,
11:56:20,56.06,173,
11:56:20,56.06,973,
11:56:20,56.06,100,
11:56:20,56.06,1027,
11:56:21,56.05,103,
11:56:21,56.06,200,
11:56:22,56.06,500,
11:56:39,56.06,198,
11:56:39,56.06,100,
11:56:47,56.06,200,
11:56:47,56.06,2200,
11:56:48,56.06,800,
11:56:58,56.0515,100,
11:57:09,56.06,714,
11:57:09,56.06,100,
11:57:12,56.06,1000,
11:57:18,56.06,1000,
11:57:18,56.06,200,
11:57:18,56.0608,100,
11:57:25,56.068,400,
11:57:36,56.06,500,
11:57:37,56.06,3000,
11:57:38,56.055,100,
11:57:45,56.0509,100,
11:57:47,56.059,300,
11:57:59,56.06,800,
11:57:59,56.06,1100,
11:58:02,56.0509,100,
11:58:11,56.0514,4500,
11:58:18,56.05,100,
11:58:18,56.05,100,
11:58:18,56.05,100,
11:58:18,56.055,100,
11:58:22,56.06,400,
11:58:34,56.05,200,
11:58:34,56.05,100,
11:58:40,56.04,100,
11:58:40,56.04,100,
11:58:40,56.04,200,
11:58:40,56.04,200,
11:58:40,56.03,500,
11:58:47,56.0308,100,
11:58:47,56.0306,400,
11:58:47,56.0306,300,
11:58:53,56.03,100,
11:58:53,56.03,200,
11:58:56,56.02,100,
11:59:05,56.03,3700,
11:59:05,56.03,200,
11:59:06,56.04,100,
11:59:06,56.04,100,
11:59:06,56.04,100,
11:59:06,56.04,100,
11:59:06,56.04,200,
11:59:06,56.04,500,
11:59:06,56.04,400,
11:59:06,56.05,400,
11:59:06,56.05,400,
11:59:06,56.05,800,
11:59:06,56.05,1000,
11:59:06,56.05,300,
11:59:10,56.04,300,
11:59:15,56.04,200,
11:59:29,56.04,200,
11:59:29,56.04,100,
11:59:31,56.04,200,
11:59:37,56.04,2600,
11:59:40,56.04,100,
11:59:40,56.04,500,
11:59:40,56.04,200,
11:59:40,56.04,1000,
11:59:45,56.04,400,
11:59:45,56.04,400,
11:59:45,56.04,6200,
11:59:46,56.04,200,
11:59:50,56.03,600,
11:59:50,56.03,400,
11:59:50,56.03,1000,
11:59:50,56.03,500,
11:59:50,56.03,600,
11:59:50,56.03,100,
11:59:50,56.03,8000,
11:59:50,56.03,4100,
11:59:50,56.03,400,
11:59:50,56.03,13000,
11:59:50,56.03,100,
11:59:50,56.03,100,
11:59:50,56.03,100,
11:59:50,56.03,200,
11:59:50,56.03,800,
11:59:50,56.03,800,
11:59:50,56.03,400,
11:59:50,56.03,2600,
11:59:50,56.03,100,
11:59:50,56.03,200,
11:59:50,56.02,100,
11:59:50,56.03,300,
11:59:50,56.02,1000,
11:59:50,56.02,400,
11:59:50,56.02,800,
11:59:50,56.02,600,
11:59:50,56.02,100,
11:59:50,56.02,100,
11:59:50,56.02,813,
11:59:50,56.02,500,
11:59:50,56.02,765,
11:59:51,56.02,100,
11:59:51,56.03,500,
11:59:54,56.0135,553,
12:00:05,56.01,100,
12:00:18,56.01,900,
12:00:18,56.01,400,
12:00:18,56.01,700,
12:00:18,56.01,552,
12:00:18,56.01,100,
12:00:18,56.01,100,
12:00:18,56.01,100,
12:00:18,56.01,200,
12:00:18,56.01,600,
12:00:18,56.01,1000,
12:00:18,56.01,100,
12:00:22,56,100,
12:00:23,56,300,
12:00:32,56.01,100,
12:00:32,56.01,200,
12:00:32,56.01,2300,
12:00:32,56.01,800,
12:00:32,56.01,1000,
12:00:32,56.01,1000,
12:00:32,56.01,624,
12:00:32,56.01,985,
12:00:32,56.01,200,
12:00:32,56.01,2200,
12:00:32,56.01,100,
12:00:33,56.01,400,
12:00:48,56.019,1700,
12:00:51,56.02,100,
12:00:51,56.02,100,
12:00:54,56.03,100,
12:00:54,56.03,500,
12:00:58,56.03,100,
12:00:58,56.03,478,
12:01:09,56.03,100,
12:01:18,56.0339,569,
12:01:38,56.03,100,
12:01:38,56.03,100,
12:01:40,56.03,100,
12:01:40,56.03,2900,
12:01:46,56.03,300,
12:01:51,56.02,100,
12:01:57,56.02,100,
12:01:57,56.02,300,
12:01:57,56.02,100,
12:02:02,56.02,1000,
12:02:13,56.02,600,
12:02:13,56.02,1700,
12:02:14,56.02,1581,
12:02:19,56.02,100,
12:02:19,56.02,100,
12:02:19,56.02,500,
12:02:29,56.02,1000,
12:02:40,56.02,600,
12:02:40,56.02,100,
12:02:40,56.02,200,
12:02:40,56.02,800,
12:02:40,56.02,100,
12:02:40,56.02,300,
12:02:55,56.03,100,
12:02:55,56.03,400,
12:02:55,56.03,200,
12:03:12,56.02,100,
12:03:15,56.03,100,
12:03:15,56.03,100,
12:03:15,56.03,100,
12:03:34,56.031,200,
12:03:36,56.04,100,
12:03:37,56.04,100,
12:03:43,56.044,275,
12:04:09,56.04,1000,
12:04:09,56.04,200,
12:04:18,56.041,300,
12:04:27,56.0405,1400,
12:04:31,56.0411,200,
12:04:35,56.05,169,
12:04:35,56.05,600,
12:04:35,56.05,800,
12:04:35,56.045,100,
12:04:39,56.04,700,
12:04:39,56.04,198,
12:04:50,56.0304,300,
12:04:51,56.03,200,
12:04:52,56.03,100,
12:04:52,56.03,600,
12:04:52,56.03,1000,
12:04:52,56.03,600,
12:04:52,56.03,100,
12:04:52,56.03,200,
12:04:55,56.025,100,
12:04:57,56.02,400,
12:05:07,56.03,600,
12:05:10,56.03,200,
12:05:10,56.03,118,
12:05:10,56.03,1000,
12:05:10,56.03,114,
12:05:10,56.03,194,
12:05:23,56.04,100,
12:05:23,56.04,800,
12:05:23,56.04,940,
12:05:23,56.04,100,
12:05:23,56.04,100,
12:05:32,56.05,100,
12:05:35,56.0407,100,
12:05:43,56.04,100,
12:05:43,56.04,200,
12:05:43,56.04,500,
12:05:43,56.04,400,
12:05:44,56.04,4300,
12:05:46,56.031,200,
12:06:01,56.0307,125,
12:06:02,56.0399,101,
12:06:18,56.0351,200,
12:06:25,56.04,500,
12:06:25,56.04,800,
12:06:26,56.04,200,
12:06:26,56.04,100,
12:06:26,56.04,300,
12:06:26,56.04,100,
12:06:26,56.04,400,
12:06:26,56.04,100,
12:06:26,56.04,200,
12:06:30,56.04,327,
12:06:30,56.04,373,
12:06:30,56.04,1200,
12:06:30,56.04,198,
12:06:30,56.04,300,
12:06:30,56.04,800,
12:06:30,56.04,200,
12:06:30,56.04,198,
12:06:35,56.03,300,
12:06:35,56.03,400,
12:06:35,56.03,197,
12:06:35,56.03,293,
12:06:35,56.03,393,
12:06:35,56.03,197,
12:06:50,56.03,200,
12:06:53,56.03,220,
12:06:53,56.025,100,
12:07:01,56.02,400,
12:07:25,56.0212,100,
12:07:26,56.0207,400,
12:07:26,56.0207,300,
12:07:29,56.03,200,
12:07:45,56.03,100,
12:07:45,56.03,400,
12:07:45,56.03,600,
12:07:45,56.03,200,
12:07:45,56.03,500,
12:07:45,56.03,1341,
12:07:53,56.0372,400,
12:08:03,56.03,400,
12:08:14,56.04,100,
12:08:30,56.04,400,
12:08:31,56.05,200,
12:08:32,56.04,229,
12:08:32,56.04,229,
12:08:51,56.05,100,
12:08:57,56.05,200,
12:08:57,56.05,400,
12:08:57,56.0499,1500,
12:08:57,56.04,400,
12:08:57,56.04,287,
12:08:57,56.04,1000,
12:08:58,56.04,229,
12:08:58,56.04,100,
12:08:58,56.04,200,
12:08:58,56.04,2250,
12:08:59,56.0317,400,
12:08:59,56.031,650,
12:09:03,56.0395,1000,
12:09:50,56.03,300,
12:09:56,56.038,200,
12:10:01,56.03,300,
12:10:43,56.032,1000,
12:11:00,56.0306,500,
12:11:09,56.03,400,
12:11:11,56.03,100,
12:11:11,56.03,100,
12:11:11,56.03,100,
12:11:38,56.02,100,
12:11:42,56.02,100,
12:11:42,56.02,400,
12:11:50,56.01,100,
12:12:09,56.01,300,
12:12:16,56.0199,150,
12:12:34,56.01,100,
12:12:38,56.01,100,
12:12:43,56.0105,300,
12:12:49,56.01,200,
12:12:59,56.02,400,
12:13:00,56.01,100,
12:13:06,56,100,
12:13:07,56.0014,100,
12:13:12,56,100,
12:13:13,56.01,2700,
12:13:13,56.01,300,
12:13:13,56.01,1000,
12:13:26,56.01,400,
12:13:34,56.01,100,
12:13:34,56.01,366,
12:13:35,56,400,
12:13:40,56,100,
12:13:51,56,100,
12:14:07,56.001,360,
12:14:08,56.01,100,
12:14:08,56.01,100,
12:14:18,56.01,300,
12:14:18,56.0099,300,
12:14:18,56.0099,200,
12:14:18,56.0099,200,
12:14:18,56.0099,100,
12:14:18,56.0099,100,
12:14:18,56.0099,1200,
12:14:45,56.01,100,
12:14:50,56,100,
12:15:05,56.0081,150,
12:15:17,56,200,
12:15:17,56,100,
12:15:17,56,100,
12:15:22,55.99,10000,
12:15:45,56,100,
12:15:45,55.9917,100,
12:15:55,55.9907,100,
12:16:10,55.9904,400,
12:16:16,55.99,600,
12:16:16,55.99,100,
12:16:16,55.99,100,
12:16:16,55.99,1000,
12:16:16,55.99,100,
12:16:21,55.99,100,
12:16:26,56,100,
12:16:26,56,200,
12:16:26,56,100,
12:16:26,56,100,
12:16:26,56,100,
12:16:26,56,500,
12:16:26,56,100,
12:16:44,56,300,
12:17:11,56.0007,400,
12:17:11,56.0007,400,
12:17:39,56.002,169,
12:17:51,56.001,100,
12:18:05,56.01,800,
12:18:05,56.01,100,
12:18:05,56.01,100,
12:18:05,56.01,600,
12:18:05,56.01,100,
12:18:05,56.01,100,
12:18:05,56.01,100,
12:18:05,56.01,100,
12:18:05,56.01,700,
12:18:24,56,197,
12:18:24,56,100,
12:18:24,56,1000,
12:18:24,56,200,
12:18:24,56,200,
12:18:32,56,200,
12:18:32,56,154,
12:18:32,56,173,
12:18:32,56,300,
12:18:32,56,300,
12:18:32,56,200,
12:18:32,56,200,
12:18:32,56,100,
12:18:32,56,100,
12:18:32,56,200,
12:18:32,56.01,600,
12:18:32,56.01,100,
12:18:32,56.01,1297,
12:18:32,56.01,600,
12:18:34,56.01,100,
12:18:34,56.01,700,
12:18:34,56.01,100,
12:18:41,56.01,400,
12:18:41,56.01,900,
12:18:41,56.01,100,
12:18:41,56.01,400,
12:18:41,56.01,198,
12:18:41,56.01,800,
12:18:41,56.01,1600,
12:18:41,56.01,600,
12:18:41,56.01,400,
12:18:41,56.01,400,
12:18:41,56.01,332,
12:18:52,56,100,
12:19:00,56.01,300,
12:19:00,56.01,100,
12:19:00,56.01,100,
12:19:34,56.0019,100,
12:19:42,56,100,
12:19:42,56,200,
12:19:51,56,100,
12:19:54,56,200,
12:19:55,56,100,
12:20:09,56,4200,
12:20:09,56,400,
12:20:09,56,100,
12:20:09,56,100,
12:20:09,56,100,
12:20:09,56,100,
12:20:31,56,100,
12:20:31,56,395,
12:20:32,56,795,
12:20:43,55.9919,214,
12:20:49,55.99,300,
12:20:57,56,397,
12:20:57,56,200,
12:21:05,56.003,815,
12:21:36,56.0002,100,
12:21:45,56,400,
12:21:45,56,500,
12:21:45,56,100,
12:21:48,56.008,200,
12:21:48,56,100,
12:21:54,56,300,
12:21:57,56,100,
12:21:57,56,100,
12:22:12,55.9906,300,
12:22:12,55.9905,300,
12:22:45,56,1900,
12:22:45,56,200,
12:22:45,56,500,
12:22:57,56,100,
12:23:07,56.0001,200,
12:23:26,56.0093,350,
12:23:47,56.0001,200,
12:23:47,56,100,
12:23:48,56,100,
12:23:49,56.0003,300,
12:24:13,56.0001,200,
12:24:13,56.0001,400,
12:24:25,56.005,200,
12:24:45,56.01,100,
12:24:45,56.01,100,
12:24:45,56.01,200,
12:24:45,56.01,200,
12:24:45,56.01,200,
12:25:01,56,100,
12:25:13,56.0001,200,
12:25:30,56.0003,400,
12:25:32,56.01,100,
12:25:46,56.01,100,
12:25:46,56.01,159,
12:25:48,56,200,
12:25:57,56.01,200,
12:25:57,56.01,100,
12:26:02,56,100,
12:26:14,56.002,500,
12:26:30,56.0099,600,
12:26:43,56.01,110,
12:26:43,56.0075,660,
12:26:49,56.01,200,
12:27:15,56.0103,200,
12:27:25,56.01,100,
12:27:25,56.01,200,
12:27:25,56.01,400,
12:27:43,56.02,100,
12:27:43,56.02,300,
12:27:48,56.01,100,
12:27:51,56.02,300,
12:27:51,56.02,100,
12:27:51,56.02,100,
12:27:53,56.02,100,
12:27:53,56.02,300,
12:27:57,56.02,2300,
12:28:49,56.0103,200,
12:29:01,56.0184,1000,
12:29:24,56.0101,300,
12:29:24,56.0101,200,
12:29:42,56.02,100,
12:29:56,56.02,100,
12:30:05,56.01,100,
12:30:05,56.01,197,
12:30:05,56.01,310,
12:30:21,56.0175,270,
12:30:21,56.02,500,
12:30:21,56.02,1000,
12:30:49,56.0101,100,
12:30:49,56.0101,100,
12:30:59,56.01,100,
12:31:07,56.02,219,
12:31:14,56.0193,100,
12:31:20,56.0181,358,
12:31:25,56.02,220,
12:31:26,56.02,100,
12:31:47,56.0286,1000,
12:32:03,56.02,100,
12:32:22,56.03,200,
12:32:25,56.0209,800,
12:32:25,56.0205,200,
12:32:29,56.02,393,
12:32:29,56.02,200,
12:32:29,56.02,1000,
12:32:51,56.02,200,
12:33:17,56.021,460,
12:33:18,56.022,540,
12:33:50,56.02,200,
12:33:53,56.03,100,
12:34:06,56.03,200,
12:34:06,56.03,100,
12:34:06,56.03,100,
12:34:06,56.03,6500,
12:34:47,56.02,200,
12:34:49,56.01,300,
12:34:51,56.02,2000,
12:34:51,56.02,1000,
12:34:52,56.02,200,
12:34:52,56.02,200,
12:35:07,56.03,300,
12:35:07,56.03,200,
12:35:07,56.03,400,
12:35:07,56.03,100,
12:35:12,56.031,152,
12:35:12,56.038,500,
12:35:14,56.031,123,
12:35:16,56.0309,464,
12:35:16,56.0309,681,
12:35:16,56.031,106,
12:35:16,56.031,154,
12:35:16,56.031,244,
12:35:18,56.0317,283,
12:35:18,56.0317,846,
12:35:18,56.0317,136,
12:35:18,56.031,689,
12:35:20,56.0317,189,
12:35:20,56.0317,1428,
12:35:22,56.0328,159,
12:35:22,56.0317,300,
12:35:22,56.0317,155,
12:35:22,56.0317,254,
12:35:24,56.0313,100,
12:35:25,56.0317,146,
12:35:25,56.0317,111,
12:35:27,56.031,118,
12:35:27,56.031,292,
12:35:27,56.031,112,
12:35:31,56.031,154,
12:35:31,56.031,105,
12:35:31,56.031,121,
12:35:31,56.0317,323,
12:35:31,56.0305,715,
12:35:33,56.0317,452,
12:35:33,56.0317,150,
12:35:33,56.0317,161,
12:35:36,56.03,200,
12:35:36,56.03,100,
12:35:36,56.03,100,
12:35:36,56.03,100,
12:35:44,56.0338,153,
12:35:54,56.03,700,
12:36:08,56.03,400,
12:36:09,56.03,200,
12:36:12,56.0211,300,
12:36:32,56.025,100,
12:36:36,56.0287,153,
12:36:36,56.03,129,
12:36:36,56.03,142,
12:36:48,56.02,300,
12:37:10,56.0201,100,
12:37:22,56.025,158,
12:37:36,56.03,200,
12:37:47,56.03,800,
12:38:09,56.03,400,
12:38:50,56.0302,400,
12:38:50,56.0301,200,
12:38:57,56.0301,100,
12:39:04,56.03,173,
12:39:04,56.03,200,
12:39:33,56.03,100,
12:40:01,56.03,1000,
12:40:01,56.03,400,
12:40:01,56.03,2000,
12:40:01,56.03,1000,
12:40:01,56.03,300,
12:40:01,56.03,500,
12:40:01,56.03,100,
12:40:01,56.03,1700,
12:40:01,56.03,800,
12:40:01,56.03,6000,
12:40:01,56.03,100,
12:40:16,56.021,100,
12:40:35,56.02,100,
12:40:36,56.03,100,
12:40:36,56.03,400,
12:40:36,56.03,100,
12:40:45,56.035,200,
12:40:46,56.0301,3916,
12:41:12,56.031,100,
12:41:17,56.0301,400,
12:41:30,56.035,3000,
12:41:36,56.0301,100,
12:41:49,56.03,100,
12:42:06,56.0398,200,
12:42:18,56.0307,250,
12:42:25,56.035,100,
12:42:29,56.035,1300,
12:42:29,56.035,100,
12:42:38,56.04,500,
12:42:38,56.04,400,
12:42:38,56.04,1900,
12:42:38,56.04,400,
12:42:38,56.04,200,
12:42:38,56.04,200,
12:42:38,56.04,5000,
12:42:38,56.04,500,
12:42:38,56.04,300,
12:42:38,56.04,1100,
12:42:38,56.04,3000,
12:42:45,56.0368,175,
12:42:55,56.0381,200,
12:43:31,56.04,3000,
12:43:31,56.04,100,
12:43:31,56.04,100,
12:43:34,56.035,198,
12:43:34,56.035,193,
12:43:34,56.03,100,
12:43:34,56.03,100,
12:43:34,56.03,211,
12:43:34,56.03,198,
12:43:39,56.04,800,
12:43:40,56.04,800,
12:43:45,56.04,3300,
12:43:45,56.04,813,
12:43:50,56.03,300,
12:43:55,56.04,100,
12:43:56,56.049,320,
12:43:58,56.041,100,
12:44:04,56.04,100,
12:44:04,56.04,100,
12:44:04,56.04,300,
12:44:25,56.04,100,
12:44:25,56.04,600,
12:44:25,56.04,1600,
12:44:25,56.04,100,
12:44:25,56.04,100,
12:44:25,56.04,1000,
12:44:25,56.04,400,
12:44:25,56.04,500,
12:44:25,56.04,100,
12:44:25,56.04,1300,
12:44:25,56.04,800,
12:44:25,56.04,600,
12:44:42,56.04,3200,
12:44:48,56.04,100,
12:44:48,56.04,100,
12:44:48,56.04,100,
12:44:48,56.04,200,
12:44:48,56.05,500,
12:44:48,56.035,100,
12:44:48,56.05,100,
12:45:03,56.05,100,
12:45:05,56.0405,300,
12:45:15,56.05,100,
12:45:24,56.0408,300,
12:45:33,56.0408,100,
12:45:33,56.0407,100,
12:45:33,56.0406,700,
12:45:46,56.0415,100,
12:46:02,56.048,357,
12:46:17,56.05,800,
12:46:17,56.05,600,
12:46:17,56.05,300,
12:46:17,56.05,100,
12:46:17,56.05,100,
12:46:17,56.05,200,
12:46:17,56.05,100,
12:46:17,56.06,100,
12:46:17,56.06,100,
12:46:17,56.06,100,
12:46:17,56.06,300,
12:46:17,56.06,1600,
12:46:17,56.06,4300,
12:46:22,56.0561,100,
12:46:39,56.05,100,
12:46:39,56.05,100,
12:46:39,56.05,600,
12:46:39,56.05,700,
12:46:39,56.05,100,
12:46:39,56.05,211,
12:46:39,56.05,778,
12:46:39,56.05,100,
12:46:39,56.05,281,
12:46:39,56.05,395,
12:47:13,56.06,400,
12:47:13,56.06,700,
12:47:13,56.055,300,
12:47:13,56.06,400,
12:47:13,56.06,600,
12:47:13,56.06,200,
12:47:20,56.05,100,
12:47:21,56.06,5500,
12:47:28,56.0556,164,
12:47:41,56.06,300,
12:47:41,56.06,500,
12:47:41,56.06,3150,
12:47:41,56.06,4550,
12:47:41,56.06,400,
12:47:43,56.06,300,
12:47:45,56.05,200,
12:47:49,56.05,300,
12:48:05,56.05,100,
12:48:20,56.05,100,
12:48:20,56.05,200,
12:48:20,56.05,100,
12:48:20,56.0501,1000,
12:48:23,56.05,100,
12:48:23,56.05,100,
12:48:23,56.05,200,
12:48:23,56.05,200,
12:48:47,56.0591,100,
12:48:50,56.05,100,
12:48:50,56.05,100,
12:48:51,56.0503,100,
12:49:16,56.0562,116,
12:49:31,56.0511,100,
12:49:31,56.0508,200,
12:49:52,56.0517,100,
12:50:40,56.05,100,
12:50:41,56.0509,400,
12:50:41,56.0509,200,
12:50:48,56.05,200,
12:50:53,56.05,100,
12:51:00,56.05,300,
12:51:00,56.05,198,
12:51:00,56.05,198,
12:51:00,56.05,198,
12:51:02,56.05,200,
12:51:02,56.05,100,
12:51:03,56.06,100,
12:51:34,56.055,100,
12:51:34,56.055,100,
12:51:34,56.06,100,
12:51:34,56.06,100,
12:51:34,56.06,500,
12:51:34,56.06,100,
12:51:34,56.06,100,
12:51:34,56.055,100,
12:51:34,56.06,300,
12:51:34,56.06,300,
12:51:35,56.06,200,
12:51:41,56.06,100,
12:51:50,56.06,100,
12:51:50,56.06,800,
12:51:50,56.06,1300,
12:51:50,56.05,200,
12:51:57,56.0417,100,
12:52:10,56.04,100,
12:52:18,56.0405,100,
12:52:30,56.0405,300,
12:52:30,56.0404,400,
12:52:38,56.042,100,
12:52:47,56.041,100,
12:52:48,56.04,200,
12:52:54,56.05,4065,
12:52:54,56.05,100,
12:52:54,56.05,100,
12:52:54,56.05,465,
12:52:54,56.05,113,
12:52:54,56.05,100,
12:52:57,56.05,100,
12:53:12,56.0562,206,
12:53:17,56.05,100,
12:53:17,56.05,200,
12:53:17,56.05,3300,
12:53:17,56.05,300,
12:53:35,56.05,100,
12:53:36,56.0503,400,
12:53:40,56.0501,102,
12:53:50,56.06,400,
12:53:50,56.06,100,
12:53:50,56.06,600,
12:53:55,56.052,400,
12:54:02,56.05,100,
12:54:24,56.06,300,
12:54:24,56.06,100,
12:54:24,56.06,100,
12:54:24,56.06,300,
12:54:24,56.06,400,
12:54:24,56.06,500,
12:54:24,56.06,738,
12:54:24,56.06,212,
12:54:24,56.06,200,
12:54:25,56.06,3300,
12:54:28,56.0651,300,
12:54:28,56.0601,200,
12:54:28,56.0601,413,
12:54:29,56.06,500,
12:55:03,56.07,1000,
12:55:03,56.07,700,
12:55:49,56.06,100,
12:56:11,56.0649,295,
12:56:17,56.06,200,
12:56:17,56.06,4055,
12:56:51,56.05,100,
12:57:17,56.05,300,
12:57:21,56.05,100,
12:57:22,56.0507,300,
12:57:23,56.06,500,
12:57:25,56.0515,100,
12:57:38,56.06,500,
12:57:49,56.05,200,
12:58:01,56.06,100,
12:58:19,56.05,900,
12:58:44,56.06,800,
12:58:48,56.05,200,
12:58:54,56.0505,100,
12:58:54,56.05,100,
12:58:54,56.05,100,
12:58:54,56.05,100,
12:58:54,56.05,100,
12:58:54,56.05,100,
12:58:54,56.05,100,
12:58:57,56.05,12700,
12:58:58,56.06,276,
12:58:58,56.06,265,
12:59:03,56.06,100,
12:59:03,56.06,200,
12:59:03,56.06,229,
12:59:15,56.05,100,
12:59:24,56.06,300,
12:59:24,56.06,200,
12:59:24,56.06,100,
12:59:41,56.05,100,
12:59:55,56.0502,500,
13:00:07,56.0593,300,
13:00:38,56.052,175,
13:00:52,56.0517,100,
13:01:24,56.05,100,
13:01:46,56.05,200,
13:02:08,56.05,112,
13:02:08,56.05,500,
13:02:08,56.05,500,
13:02:08,56.05,100,
13:02:08,56.05,100,
13:02:08,56.05,100,
13:02:08,56.05,105,
13:02:25,56.05,100,
13:02:35,56.06,1000,
13:02:35,56.06,100,
13:02:35,56.06,100,
13:02:35,56.06,100,
13:02:35,56.06,600,
13:02:35,56.06,300,
13:02:35,56.06,100,
13:03:00,56.06,600,
13:03:13,56.069,200,
13:03:15,56.069,800,
13:03:27,56.065,211,
13:03:37,56.06,197,
13:03:37,56.06,198,
13:03:37,56.06,500,
13:03:37,56.06,3900,
13:03:57,56.0511,100,
13:04:15,56.05,800,
13:04:16,56.05,100,
13:04:30,56.06,1000,
13:04:30,56.06,813,
13:04:30,56.06,2922,
13:04:30,56.06,813,
13:04:32,56.06,378,
13:04:33,56.052,422,
13:04:35,56.06,322,
13:04:39,56.06,526,
13:04:58,56.06,198,
13:04:58,56.06,400,
13:04:58,56.06,600,
13:04:58,56.06,2000,
13:05:25,56.0575,150,
13:05:54,56.0511,100,
13:06:06,56.06,200,
13:06:06,56.0505,150,
13:06:06,56.0505,400,
13:06:19,56.0591,600,
13:06:44,56.06,3500,
13:06:44,56.06,2400,
13:06:44,56.06,100,
13:06:44,56.06,448,
13:06:44,56.06,100,
13:06:44,56.06,200,
13:06:44,56.06,900,
13:06:44,56.06,1000,
13:06:44,56.06,500,
13:06:45,56.06,300,
13:07:05,56.06,197,
13:07:05,56.06,198,
13:07:12,56.06,198,
13:07:13,56.06,197,
13:07:38,56.06,100,
13:07:50,56.06,300,
13:08:01,56.07,100,
13:08:06,56.0611,300,
13:08:14,56.0699,100,
13:08:38,56.062,452,
13:08:52,56.0611,200,
13:09:05,56.07,100,
13:09:05,56.07,800,
13:09:05,56.07,200,
13:09:05,56.07,800,
13:09:05,56.07,100,
13:09:05,56.07,200,
13:09:05,56.07,100,
13:09:23,56.07,100,
13:09:39,56.0701,200,
13:09:39,56.071,229,
13:09:40,56.08,400,
13:09:40,56.08,400,
13:09:40,56.08,100,
13:09:45,56.0703,100,
13:09:57,56.07,500,
13:09:57,56.07,300,
13:09:57,56.07,100,
13:09:57,56.07,100,
13:10:10,56.07,498,
13:10:10,56.07,395,
13:10:10,56.07,593,
13:10:10,56.07,400,
13:10:10,56.07,700,
13:10:10,56.07,100,
13:10:10,56.07,1300,
13:10:15,56.06,7200,
13:10:30,56.067,2420,
13:10:30,56.06,500,
13:10:30,56.06,800,
13:10:30,56.06,800,
13:10:30,56.06,100,
13:10:30,56.06,400,
13:10:33,56.068,235,
13:10:33,56.0607,100,
13:10:33,56.061,200,
13:10:36,56.06,1000,
13:10:36,56.06,100,
13:10:36,56.06,4100,
13:10:36,56.06,400,
13:10:36,56.06,100,
13:10:37,56.0604,400,
13:10:37,56.0602,400,
13:10:37,56.061,500,
13:10:51,56.0607,300,
13:11:09,56.0604,100,
13:11:51,56.0604,100,
13:12:03,56.0681,2085,
13:12:13,56.07,400,
13:12:15,56.0601,200,
13:12:32,56.0602,200,
13:12:32,56.0601,500,
13:13:17,56.0671,100,
13:13:35,56.07,600,
13:13:37,56.061,110,
13:13:51,56.07,800,
13:13:54,56.07,800,
13:13:59,56.07,100,
13:13:59,56.07,200,
13:13:59,56.07,2300,
13:13:59,56.07,900,
13:13:59,56.07,400,
13:13:59,56.07,142,
13:14:00,56.07,200,
13:14:27,56.07,500,
13:14:27,56.07,700,
13:14:27,56.07,100,
13:14:27,56.07,800,
13:14:27,56.07,200,
13:14:27,56.07,400,
13:14:27,56.07,2900,
13:14:27,56.07,200,
13:14:27,56.06,200,
13:14:34,56.06,3000,
13:14:36,56.0608,300,
13:14:43,56.0645,100,
13:14:48,56.06,100,
13:14:56,56.06,100,
13:15:42,56.07,400,
13:15:55,56.071,750,
13:16:09,56.0702,100,
13:16:24,56.08,7100,
13:16:29,56.08,200,
13:16:40,56.07,500,
13:16:43,56.07,100,
13:16:43,56.07,200,
13:16:45,56.065,200,
13:17:04,56.0614,100,
13:17:17,56.0607,400,
13:17:17,56.0606,100,
13:17:50,56.0605,100,
13:18:18,56.06,300,
13:18:18,56.06,100,
13:18:29,56.051,200,
13:19:05,56.05,800,
13:19:05,56.05,200,
13:19:05,56.05,1900,
13:19:06,56.05,500,
13:19:30,56.049,1000,
13:19:42,56.04,513,
13:19:42,56.04,800,
13:19:42,56.04,1000,
13:19:42,56.04,200,
13:19:42,56.04,100,
13:19:42,56.04,1400,
13:19:42,56.04,600,
13:19:49,56.03,200,
13:20:08,56.03,1100,
13:20:36,56.03,100,
13:20:38,56.02,1000,
13:20:38,56.03,173,
13:20:44,56.03,1000,
13:20:58,56.0295,1000,
13:21:01,56.03,2718,
13:21:01,56.03,100,
13:21:01,56.03,300,
13:21:01,56.03,200,
13:21:01,56.03,1107,
13:21:01,56.03,1700,
13:21:01,56.03,200,
13:21:13,56.0303,100,
13:21:30,56.0301,400,
13:21:30,56.0301,400,
13:21:59,56.03,800,
13:22:14,56.04,300,
13:22:22,56.0301,158,
13:22:30,56.0319,800,
13:22:51,56.03,800,
13:22:51,56.03,200,
13:22:51,56.03,400,
13:22:51,56.03,100,
13:22:51,56.03,1001,
13:22:51,56.03,200,
13:22:56,56.03,2500,
13:22:56,56.03,1200,
13:22:56,56.03,100,
13:22:56,56.03,1100,
13:23:05,56.034,500,
13:23:21,56.03,100,
13:23:35,56.0301,500,
13:23:35,56.03,200,
13:23:45,56.03,400,
13:23:45,56.03,100,
13:23:45,56.03,200,
13:23:50,56.03,200,
13:24:22,56.03,2000,
13:24:22,56.03,600,
13:24:22,56.03,200,
13:24:22,56.03,1700,
13:24:22,56.03,100,
13:24:22,56.03,1000,
13:24:22,56.03,100,
13:24:22,56.03,286,
13:24:22,56.03,100,
13:24:35,56.0217,100,
13:24:56,56.0251,106,
13:25:10,56.03,200,
13:25:10,56.03,200,
13:25:10,56.03,600,
13:25:10,56.03,300,
13:25:10,56.03,100,
13:25:10,56.03,200,
13:25:21,56.0309,100,
13:25:22,56.03,200,
13:25:24,56.03,100,
13:25:26,56.03,500,
13:25:26,56.03,200,
13:25:26,56.03,800,
13:25:26,56.03,100,
13:25:26,56.03,1000,
13:25:26,56.03,200,
13:26:09,56.03,100,
13:26:09,56.03,200,
13:26:25,56.03,200,
13:26:27,56.03,300,
13:26:33,56.03,100,
13:26:33,56.03,100,
13:26:36,56.04,100,
13:26:36,56.03,100,
13:26:36,56.03,500,
13:26:36,56.03,2500,
13:26:36,56.03,100,
13:26:36,56.03,1100,
13:26:37,56.03,200,
13:26:37,56.03,100,
13:26:37,56.03,200,
13:26:37,56.03,100,
13:26:37,56.03,2100,
13:26:54,56.0238,150,
13:27:49,56.02,300,
13:28:04,56.02,1400,
13:28:29,56.03,100,
13:28:38,56.03,200,
13:28:49,56.03,100,
13:29:19,56.0275,366,
13:29:25,56.03,100,
13:29:27,56.026,180,
13:29:34,56.02,100,
13:29:37,56.0205,1500,
13:29:41,56.028,125,
13:29:49,56.03,2200,
13:29:50,56.02,200,
13:30:02,56.03,100,
13:30:02,56.03,100,
13:30:02,56.03,600,
13:30:02,56.04,600,
13:30:02,56.04,400,
13:30:04,56.04,200,
13:30:05,56.04,198,
13:30:05,56.04,228,
13:30:05,56.04,1000,
13:30:05,56.04,400,
13:30:05,56.04,100,
13:30:07,56.04,400,
13:30:42,56.036,464,
13:30:46,56.04,100,
13:30:46,56.04,600,
13:30:46,56.04,400,
13:30:46,56.04,100,
13:31:00,56.031,100,
13:31:04,56.03,100,
13:31:06,56.03,400,
13:31:06,56.03,100,
13:31:06,56.03,400,
13:31:06,56.03,100,
13:31:06,56.03,100,
13:31:06,56.03,1000,
13:31:27,56.02,700,
13:31:37,56.03,400,
13:31:51,56.03,100,
13:31:51,56.03,100,
13:31:51,56.03,200,
13:32:12,56.04,10000,
13:32:34,56.03,100,
13:32:36,56.03,100,
13:32:48,56.03,200,
13:32:50,56.031,300,
13:33:08,56.0301,100,
13:33:25,56.04,700,
13:33:25,56.04,300,
13:33:25,56.04,100,
13:33:25,56.04,100,
13:33:28,56.04,100,
13:33:28,56.04,100,
13:33:48,56.049,178,
13:34:02,56.05,100,
13:34:08,56.0498,304,
13:34:19,56.05,900,
13:34:23,56.04,750,
13:34:34,56.04,1700,
13:34:34,56.04,100,
13:34:35,56.04,700,
13:34:35,56.04,100,
13:34:35,56.04,3800,
13:34:48,56.0401,200,
13:35:01,56.04,200,
13:35:01,56.04,100,
13:35:01,56.0401,200,
13:35:01,56.04,100,
13:35:13,56.0357,205,
13:35:21,56.04,2000,
13:35:22,56.03,500,
13:35:22,56.03,200,
13:35:22,56.03,400,
13:35:22,56.03,100,
13:35:22,56.03,155,
13:35:22,56.03,400,
13:35:22,56.03,100,
13:35:22,56.03,800,
13:35:22,56.03,155,
13:35:23,56.03,100,
13:35:43,56.03,100,
13:35:57,56.03,300,
13:36:04,56.0311,300,
13:36:28,56.03,100,
13:36:28,56.03,100,
13:36:28,56.03,100,
13:36:37,56.03,600,
13:36:48,56.0303,100,
13:36:48,56.04,900,
13:36:48,56.035,100,
13:36:48,56.0403,100,
13:36:49,56.0403,200,
13:36:57,56.04,504,
13:37:13,56.04,5100,
13:37:26,56.0388,267,
13:37:49,56.03,600,
13:37:53,56.03,100,
13:38:04,56.0301,300,
13:38:30,56.0368,450,
13:38:44,56.04,400,
13:38:48,56.03,200,
13:38:49,56.03,200,
13:39:00,56.03,200,
13:39:00,56.0301,500,
13:39:00,56.03,100,
13:39:12,56.04,100,
13:39:14,56.04,1400,
13:39:15,56.04,100,
13:39:19,56.049,1000,
13:39:52,56.04,100,
13:40:00,56.05,100,
13:40:00,56.05,100,
13:40:00,56.05,200,
13:40:00,56.05,200,
13:40:35,56.0499,400,
13:40:48,56.04,400,
13:40:48,56.04,200,
13:41:03,56.0404,100,
13:41:08,56.0402,100,
13:41:09,56.0401,300,
13:41:15,56.05,1000,
13:41:15,56.05,800,
13:41:15,56.05,100,
13:41:15,56.05,100,
13:41:15,56.05,200,
13:41:16,56.05,100,
13:41:23,56.06,200,
13:41:23,56.06,6000,
13:41:36,56.0501,200,
13:41:36,56.0501,200,
13:41:36,56.05,200,
13:42:08,56.05,2791,
13:42:15,56.05,1300,
13:42:16,56.05,391,
13:42:16,56.05,100,
13:42:16,56.05,200,
13:42:16,56.05,100,
13:42:20,56.05,100,
13:42:20,56.05,2400,
13:42:20,56.05,5000,
13:42:20,56.05,100,
13:42:20,56.05,300,
13:42:21,56.048,200,
13:42:36,56.049,107,
13:42:46,56.05,200,
13:42:46,56.05,100,
13:42:46,56.05,400,
13:42:46,56.05,100,
13:42:58,56.0501,400,
13:43:20,56.05,900,
13:43:20,56.05,400,
13:43:20,56.05,400,
13:43:20,56.05,100,
13:43:23,56.04,100,
13:43:39,56.05,183,
13:43:55,56.05,231,
13:43:56,56.05,1100,
13:44:21,56.052,233,
13:44:25,56.0586,200,
13:44:48,56.0501,200,
13:44:48,56.0501,200,
13:44:49,56.0503,200,
13:44:49,56.05,200,
13:44:50,56.0501,100,
13:45:02,56.05,100,
13:45:02,56.0509,200,
13:45:02,56.0509,200,
13:45:03,56.055,100,
13:45:09,56.0505,520,
13:45:37,56.055,100,
13:46:01,56.06,100,
13:46:05,56.05,200,
13:46:07,56.05,300,
13:46:22,56.0501,758,
13:46:22,56.05,200,
13:46:48,56.0502,100,
13:46:49,56.05,200,
13:46:49,56.05,100,
13:46:49,56.05,100,
13:46:50,56.0501,400,
13:46:50,56.05,100,
13:47:01,56.05,4900,
13:47:01,56.05,100,
13:47:01,56.05,100,
13:47:01,56.05,100,
13:47:09,56.04,400,
13:47:09,56.04,800,
13:47:09,56.04,500,
13:47:09,56.04,100,
13:47:09,56.04,800,
13:47:09,56.04,4900,
13:47:09,56.04,800,
13:47:09,56.04,600,
13:47:09,56.04,815,
13:47:09,56.04,100,
13:47:09,56.04,431,
13:47:09,56.04,4100,
13:47:09,56.04,600,
13:47:09,56.04,800,
13:47:09,56.04,25000,
13:47:09,56.04,500,
13:47:09,56.04,1100,
13:47:09,56.04,200,
13:47:09,56.04,100,
13:47:09,56.04,2900,
13:47:16,56.04,100,
13:47:20,56.04,264,
13:47:20,56.04,100,
13:47:20,56.04,100,
13:47:21,56.0401,100,
13:47:31,56.04,1000,
13:47:31,56.04,300,
13:47:31,56.04,2000,
13:47:31,56.04,1100,
13:47:38,56.04,100,
13:47:38,56.04,100,
13:47:47,56.03,400,
13:47:49,56.03,500,
13:47:50,56.04,100,
13:47:50,56.04,100,
13:48:20,56.0498,100,
13:48:35,56.0408,100,
13:48:41,56.0465,1000,
13:48:49,56.04,100,
13:48:49,56.04,100,
13:49:09,56.0403,100,
13:49:18,56.0408,100,
13:49:45,56.0404,500,
13:49:50,56.04,300,
13:50:01,56.0401,152,
13:50:29,56.04,100,
13:50:30,56.0408,100,
13:51:10,56.05,4000,
13:51:15,56.0407,300,
13:51:15,56.0407,400,
13:51:26,56.0491,100,
13:51:53,56.044,2700,
13:51:53,56.05,500,
13:52:19,56.04,100,
13:52:30,56.041,100,
13:52:49,56.0405,100,
13:52:49,56.0402,100,
13:52:56,56.04,200,
13:52:58,56.04,100,
13:53:07,56.04,400,
13:53:11,56.03,700,
13:53:15,56.03,200,
13:53:26,56.04,400,
13:53:31,56.04,3900,
13:53:31,56.04,100,
13:53:31,56.04,500,
13:53:31,56.04,500,
13:53:31,56.04,300,
13:53:31,56.04,400,
13:53:45,56.03,100,
13:53:51,56.04,100,
13:53:52,56.05,300,
13:53:58,56.04,300,
13:54:12,56.05,200,
13:54:12,56.0402,200,
13:54:12,56.0402,500,
13:54:13,56.05,100,
13:54:13,56.05,100,
13:54:13,56.05,100,
13:54:29,56.05,9559,
13:54:47,56.047,400,
13:55:24,56.04,100,
13:55:25,56.05,600,
13:55:33,56.04,200,
13:55:33,56.0407,300,
13:55:33,56.0407,400,
13:55:53,56.0462,134,
13:56:02,56.0407,400,
13:56:02,56.0407,100,
13:56:02,56.0407,100,
13:56:11,56.05,800,
13:56:14,56.05,500,
13:56:39,56.0405,100,
13:56:49,56.0403,306,
13:57:02,56.05,400,
13:57:02,56.05,200,
13:57:06,56.05,181,
13:57:08,56.0498,4000,
13:57:08,56.05,400,
13:57:08,56.05,300,
13:57:32,56.041,200,
13:58:06,56.0402,500,
13:58:06,56.0401,400,
13:58:11,56.04,200,
13:58:46,56.04,200,
13:58:48,56.04,300,
13:58:53,56.048,200,
13:58:55,56.04,100,
13:59:08,56.0487,200,
13:59:20,56.05,400,
13:59:20,56.05,100,
13:59:20,56.05,100,
13:59:20,56.05,100,
13:59:20,56.05,100,
13:59:20,56.05,100,
13:59:32,56.05,300,
13:59:32,56.05,800,
13:59:32,56.05,600,
13:59:32,56.05,800,
13:59:32,56.05,400,
13:59:32,56.05,500,
13:59:32,56.05,1000,
13:59:32,56.05,600,
13:59:32,56.05,100,
13:59:32,56.045,300,
13:59:32,56.045,200,
13:59:32,56.05,500,
13:59:33,56.04,3265,
13:59:33,56.045,500,
13:59:33,56.04,578,
13:59:33,56.04,135,
13:59:33,56.04,1000,
13:59:33,56.04,600,
13:59:33,56.04,800,
13:59:33,56.04,300,
13:59:33,56.04,200,
13:59:33,56.04,100,
13:59:33,56.04,559,
13:59:33,56.04,200,
13:59:33,56.04,300,
13:59:33,56.04,400,
13:59:49,56.0305,100,
13:59:52,56.03,500,
14:00:14,56.02,2000,
14:00:17,56.02,300,
14:00:23,56.02,100,
14:00:40,56.02,900,
14:00:51,56.02,300,
14:00:54,56.0217,100,
14:01:01,56.03,173,
14:01:01,56.03,173,
14:01:22,56.03,173,
14:01:22,56.03,1200,
14:01:42,56.0211,100,
14:01:54,56.0209,400,
14:02:00,56.02,200,
14:02:09,56.02,100,
14:02:18,56.02,300,
14:02:48,56.02,200,
14:02:56,56.02,100,
14:03:23,56.02,1000,
14:03:23,56.02,800,
14:03:23,56.02,600,
14:03:23,56.02,200,
14:03:23,56.02,400,
14:03:23,56.02,400,
14:03:23,56.02,500,
14:03:23,56.02,800,
14:03:23,56.02,100,
14:03:23,56.02,1000,
14:03:23,56.02,385,
14:03:23,56.02,200,
14:03:23,56.02,100,
14:03:23,56.02,18000,
14:03:23,56.02,100,
14:03:23,56.02,700,
14:03:23,56.02,100,
14:03:24,56.02,500,
14:03:40,56.0228,230,
14:03:54,56.0202,100,
14:04:14,56.0203,100,
14:04:49,56.02,200,
14:04:49,56.02,100,
14:04:49,56.0201,200,
14:04:49,56.02,200,
14:04:55,56.025,600,
14:05:06,56.02,100,
14:05:06,56.02,100,
14:05:22,56.02,302,
14:05:23,56.02,220,
14:05:24,56.02,100,
14:05:25,56.015,100,
14:05:26,56.02,400,
14:05:26,56.02,100,
14:05:26,56.02,200,
14:05:26,56.02,500,
14:05:26,56.02,400,
14:05:26,56.02,400,
14:05:26,56.02,100,
14:05:26,56.02,3500,
14:05:26,56.02,100,
14:05:26,56.02,700,
14:05:26,56.02,3200,
14:05:26,56.02,500,
14:05:26,56.02,100,
14:05:26,56.02,400,
14:05:26,56.02,200,
14:05:26,56.02,1000,
14:05:26,56.02,1800,
14:05:26,56.03,100,
14:05:26,56.03,4100,
14:05:27,56.02,167,
14:05:44,56.02,100,
14:06:12,56.0298,1200,
14:06:12,56.0298,100,
14:06:12,56.0299,200,
14:06:12,56.0299,400,
14:06:30,56.03,1100,
14:06:30,56.03,1000,
14:06:30,56.03,472,
14:06:49,56.032,307,
14:07:18,56.0301,100,
14:07:31,56.0305,860,
14:07:36,56.0301,1000,
14:07:48,56.03,100,
14:07:48,56.0303,400,
14:08:05,56.03,600,
14:08:10,56.03,400,
14:08:11,56.02,200,
14:08:11,56.02,100,
14:08:11,56.02,100,
14:08:12,56.03,398,
14:08:24,56.02,100,
14:08:43,56.02,100,
14:08:43,56.0209,100,
14:08:48,56.02,100,
14:08:49,56.02,100,
14:08:50,56.02,100,
14:08:58,56.02,100,
14:09:13,56.0225,187,
14:09:34,56.0209,400,
14:09:37,56.028,1237,
14:10:06,56.0286,500,
14:10:16,56.021,105,
14:10:22,56.02,100,
14:10:32,56.0209,200,
14:10:32,56.0207,400,
14:10:32,56.0207,400,
14:10:44,56.03,100,
14:11:09,56.029,130,
14:11:12,56.02,800,
14:11:12,56.02,800,
14:11:12,56.02,500,
14:11:12,56.02,100,
14:11:12,56.02,200,
14:11:12,56.02,600,
14:11:12,56.02,500,
14:11:12,56.02,1000,
14:11:38,56.02,500,
14:11:38,56.02,200,
14:11:38,56.02,100,
14:11:38,56.01,400,
14:11:38,56.01,100,
14:11:38,56.01,400,
14:11:49,56.0101,500,
14:11:54,56.018,150,
14:12:15,56.0162,139,
14:12:24,56.01,100,
14:12:40,56.01,400,
14:12:48,56.01,600,
14:12:55,56.01,300,
14:12:59,56.01,100,
14:13:18,56.02,129,
14:13:18,56.02,173,
14:13:41,56.0109,200,
14:13:49,56.01,500,
14:13:50,56.001,300,
14:13:58,56.01,192,
14:14:03,56,500,
14:14:06,56,100,
14:14:08,56,600,
14:14:29,56.0011,300,
14:14:37,56.01,200,
14:14:37,56.01,100,
14:14:37,56.01,100,
14:14:37,56.01,100,
14:14:38,56.01,100,
14:14:38,56.005,100,
14:14:38,56.005,100,
14:14:39,56.01,100,
14:14:40,56.01,203,
14:14:41,56.01,100,
14:14:41,56.01,100,
14:14:42,56.01,100,
14:14:42,56.01,200,
14:14:42,56.01,100,
14:14:43,56.01,100,
14:14:43,56.01,100,
14:14:43,56.01,100,
14:14:44,56.01,100,
14:14:46,56.01,100,
14:14:46,56.01,200,
14:14:47,56.01,300,
14:14:48,56.0006,400,
14:14:48,56.0006,400,
14:14:48,56.0006,300,
14:14:48,56.01,400,
14:14:48,56.01,100,
14:14:49,56,600,
14:14:56,56.0099,6745,
14:15:00,56.0098,1500,
14:15:00,56,100,
14:15:03,56,100,
14:15:03,56,100,
14:15:05,56,100,
14:15:06,55.9929,180,
14:15:07,56,100,
14:15:07,56,100,
14:15:07,56,400,
14:15:08,56,100,
14:15:08,56,100,
14:15:08,56,100,
14:15:09,56,200,
14:15:11,56,800,
14:15:11,55.992,267,
14:15:11,56,100,
14:15:18,56,300,
14:15:21,55.99,300,
14:15:25,55.99,100,
14:15:25,55.98,100,
14:15:35,55.98,100,
14:15:49,55.98,200,
14:16:01,55.99,100,
14:16:01,55.99,500,
14:16:01,55.99,200,
14:16:01,55.99,300,
14:16:01,55.99,400,
14:16:01,55.99,400,
14:16:01,55.99,1000,
14:16:01,55.99,100,
14:16:01,55.99,4500,
14:16:12,55.98,600,
14:16:13,55.98,100,
14:16:13,55.98,1000,
14:16:18,55.971,300,
14:16:35,55.9717,100,
14:16:49,55.97,300,
14:16:50,55.97,500,
14:16:52,55.9703,100,
14:16:53,55.9729,575,
14:17:04,55.98,229,
14:17:04,55.98,114,
14:17:04,55.98,229,
14:17:35,55.9717,100,
