09:30:00,66.20,1800,
09:30:00,66.19,200,
09:30:00,66.19,1100,
09:30:00,66.18,100,
09:30:00,66.17,107027,
09:30:00,66.18,575,
09:30:00,66.18,200,
09:30:00,66.16,400,
09:30:00,66.18,500,
09:30:00,66.19,2300,
09:30:00,66.17,100,
09:30:00,66.18,500,
09:30:00,66.18,214,
09:30:00,66.18,500,
09:30:00,66.17,315,
09:30:00,66.18,400,
09:30:00,66.17,700,
09:30:00,66.18,1800,
09:30:00,66.17,1485,
09:30:00,66.17,200,
09:30:00,66.15,815,
09:30:00,66.15,370,
09:30:00,66.16,500,
09:30:00,66.15,100,
09:30:00,66.16,500,
09:30:00,66.16,400,
09:30:00,66.16,1000,
09:30:00,66.17,481,
09:30:01,66.18,1100,
09:30:01,66.19,1400,
09:30:01,66.18,1800,
09:30:01,66.18,500,
09:30:01,66.17,1800,
09:30:02,66.19,200,
09:30:02,66.18,200,
09:30:02,66.18,4100,
09:30:02,66.18,500,
09:30:02,66.19,800,
09:30:02,66.19,800,
09:30:02,66.18,500,
09:30:02,66.18,1000,
09:30:02,66.17,300,
09:30:02,66.18,400,
09:30:02,66.18,500,
09:30:02,66.18,400,
09:30:02,66.20,800,
09:30:02,66.18,300,
09:30:02,66.18,500,
09:30:02,66.19,181,
09:30:02,66.19,119,
09:30:03,66.19,119,
09:30:03,66.18,1100,
09:30:03,66.18,2200,
09:30:03,66.18,400,
09:30:03,66.19,300,
09:30:03,66.19,500,
09:30:03,66.18,300,
09:30:03,66.17,2800,
09:30:03,66.18,100,
09:30:03,66.19,604,
09:30:03,66.17,345,
09:30:03,66.17,815,
09:30:03,66.17,300,
09:30:03,66.17,155,
09:30:03,66.18,314,
09:30:03,66.18,400,
09:30:03,66.17,300,
09:30:03,66.17,500,
09:30:03,66.17,100,
09:30:03,66.17,500,
09:30:03,66.18,1100,
09:30:03,66.18,200,
09:30:03,66.17,715,
09:30:03,66.18,500,
09:30:03,66.18,100,
09:30:03,66.18,300,
09:30:03,66.19,600,
09:30:03,66.19,200,
09:30:03,66.18,3700,
09:30:03,66.18,400,
09:30:03,66.17,315,
09:30:03,66.18,885,
09:30:03,66.18,700,
09:30:03,66.18,815,
09:30:03,66.19,1200,
09:30:03,66.19,100,
09:30:03,66.19,100,
09:30:03,66.19,200,
09:30:03,66.19,500,
09:30:03,66.18,815,
09:30:04,66.19,200,
09:30:04,66.20,500,
09:30:04,66.20,1000,
09:30:04,66.19,815,
09:30:04,66.20,700,
09:30:04,66.20,2100,
09:30:05,66.20,500,
09:30:05,66.20,1500,
09:30:05,66.20,904,
09:30:05,66.19,1185,
09:30:05,66.20,500,
09:30:05,66.20,415,
09:30:05,66.19,1800,
09:30:05,66.20,500,
09:30:05,66.19,500,
09:30:05,66.19,1174,
09:30:05,66.19,500,
09:30:05,66.18,100,
09:30:05,66.18,200,
09:30:05,66.18,2685,
09:30:05,66.18,1600,
09:30:05,66.17,815,
09:30:05,66.17,2470,
09:30:05,66.17,117,
09:30:05,66.17,217,
09:30:06,66.18,1800,
09:30:06,66.18,100,
09:30:06,66.18,346,
09:30:06,66.18,400,
09:30:06,66.19,100,
09:30:07,66.18,815,
09:30:08,66.17,415,
09:30:08,66.18,2000,
09:30:08,66.18,200,
09:30:09,66.18,315,
09:30:09,66.18,400,
09:30:09,66.18,815,
09:30:09,66.18,2344,
09:30:09,66.18,200,
09:30:09,66.18,156,
09:30:10,66.17,500,
09:30:11,66.17,100,
09:30:11,66.17,2085,
09:30:12,66.17,500,
09:30:12,66.17,100,
09:30:12,66.17,400,
09:30:12,66.17,1378,
09:30:12,66.17,500,
09:30:12,66.17,500,
09:30:12,66.16,500,
09:30:12,66.16,1370,
09:30:13,66.16,100,
09:30:13,66.19,100,
09:30:14,66.1801,152,
09:30:14,66.1801,100,
09:30:14,66.1801,250,
09:30:15,66.16,500,
09:30:15,66.16,400,
09:30:15,66.1801,500,
09:30:15,66.18,500,
09:30:15,66.16,215,
09:30:15,66.16,130,
09:30:16,66.15,200,
09:30:17,66.15,500,
09:30:18,66.14,215,
09:30:18,66.15,200,
09:30:18,66.1801,151,
09:30:20,66.188,200,
09:30:22,66.16,700,
09:30:26,66.16,200,
09:30:27,66.15,200,
09:30:27,66.15,500,
09:30:27,66.15,500,
09:30:27,66.14,479,
09:30:28,66.14,420,
09:30:28,66.15,600,
09:30:28,66.14,492,
09:30:28,66.13,295,
09:30:29,66.13,315,
09:30:29,66.1683,605,
09:30:29,66.1599,100,
09:30:30,66.1598,1000,
09:30:30,66.12,716,
09:30:31,66.1301,200,
09:30:32,66.13,1000,
09:30:36,66.11,500,
09:30:36,66.11,100,
09:30:37,66.10,500,
09:30:37,66.10,100,
09:30:37,66.09,1000,
09:30:38,66.10,500,
09:30:38,66.10,500,
09:30:38,66.10,400,
09:30:38,66.10,500,
09:30:38,66.10,600,
09:30:39,66.09,1500,
09:30:40,66.10,100,
09:30:40,66.099,1100,
09:30:40,66.099,1100,
09:30:41,66.10,300,
09:30:41,66.10,100,
09:30:42,66.10,100,
09:30:42,66.10,400,
09:30:42,66.10,100,
09:30:42,66.10,100,
09:30:42,66.10,100,
09:30:42,66.099,700,
09:30:42,66.10,400,
09:30:42,66.10,200,
09:30:44,66.10,315,
09:30:45,66.09,130,
09:30:46,66.10,200,
09:30:49,66.09,158,
09:30:49,66.09,472,
09:30:49,66.08,815,
09:30:50,66.09,100,
09:30:51,66.09,500,
09:30:53,66.09,470,
09:30:53,66.09,900,
09:30:55,66.08,500,
09:30:55,66.08,815,
09:30:57,66.08,815,
09:30:58,66.08,100,
09:31:00,66.09,1300,
09:31:00,66.10,100,
09:31:00,66.10,100,
09:31:00,66.10,500,
09:31:00,66.10,700,
09:31:00,66.11,100,
09:31:01,66.105,100,
09:31:03,66.12,100,
09:31:03,66.12,500,
09:31:04,66.12,400,
09:31:04,66.12,400,
09:31:04,66.12,100,
09:31:04,66.12,500,
09:31:07,66.1199,300,
09:31:07,66.10,815,
09:31:07,66.10,815,
09:31:07,66.10,300,
09:31:08,66.09,815,
09:31:08,66.09,100,
09:31:09,66.10,500,
09:31:09,66.10,100,
09:31:10,66.10,100,
09:31:10,66.10,100,
09:31:12,66.1099,100,
09:31:13,66.11,500,
09:31:16,66.12,100,
09:31:16,66.12,300,
09:31:17,66.12,815,
09:31:20,66.12,100,
09:31:20,66.12,100,
09:31:20,66.12,400,
09:31:21,66.115,100,
09:31:24,66.13,100,
09:31:24,66.13,100,
09:31:27,66.12,600,
09:31:27,66.12,100,
09:31:27,66.12,100,
09:31:27,66.12,400,
09:31:27,66.12,100,
09:31:28,66.11,287,
09:31:28,66.13,300,
09:31:28,66.12,100,
09:31:28,66.12,300,
09:31:28,66.12,400,
09:31:28,66.115,100,
09:31:30,66.14,2249,
09:31:30,66.14,1600,
09:31:30,66.14,800,
09:31:30,66.14,300,
09:31:30,66.15,650,
09:31:30,66.15,800,
09:31:30,66.15,4000,
09:31:30,66.15,500,
09:31:30,66.15,300,
09:31:30,66.15,400,
09:31:31,66.15,3450,
09:31:31,66.145,100,
09:31:31,66.15,1400,
09:31:31,66.16,100,
09:31:31,66.16,200,
09:31:31,66.17,300,
09:31:31,66.17,100,
09:31:32,66.17,100,
09:31:32,66.17,300,
09:31:32,66.17,578,
09:31:32,66.17,100,
09:31:32,66.17,400,
09:31:32,66.15,100,
09:31:32,66.15,200,
09:31:33,66.17,700,
09:31:33,66.17,900,
09:31:33,66.17,100,
09:31:33,66.17,400,
09:31:33,66.16,900,
09:31:34,66.15,100,
09:31:36,66.14,815,
09:31:38,66.135,100,
09:31:39,66.13,100,
09:31:39,66.13,600,
09:31:42,66.13,185,
09:31:43,66.12,500,
09:31:45,66.12,185,
09:31:47,66.12,100,
09:31:52,66.11,100,
09:31:52,66.11,100,
09:31:54,66.11,100,
09:31:57,66.11,200,
09:31:57,66.11,500,
09:31:57,66.11,1600,
09:31:57,66.105,100,
09:31:57,66.105,100,
09:31:57,66.11,785,
09:31:57,66.11,115,
09:31:57,66.11,800,
09:31:57,66.11,700,
09:31:58,66.11,400,
09:31:58,66.11,500,
09:31:58,66.11,800,
09:32:00,66.1099,3200,
09:32:00,66.109,100,
09:32:01,66.11,100,
09:32:02,66.11,100,
09:32:04,66.10,100,
09:32:05,66.11,490,
09:32:05,66.10,400,
09:32:08,66.115,100,
09:32:08,66.119,100,
09:32:09,66.1101,800,
09:32:09,66.10,815,
09:32:13,66.11,300,
09:32:13,66.11,400,
09:32:13,66.11,100,
09:32:14,66.108,10000,
09:32:15,66.11,100,
09:32:17,66.12,300,
09:32:19,66.1199,200,
09:32:19,66.11,185,
09:32:19,66.11,600,
09:32:20,66.11,200,
09:32:20,66.11,300,
09:32:20,66.11,100,
09:32:21,66.119,500,
09:32:22,66.12,600,
09:32:22,66.12,300,
09:32:22,66.12,500,
09:32:22,66.12,100,
09:32:22,66.12,300,
09:32:22,66.115,101,
09:32:22,66.12,100,
09:32:23,66.12,1248,
09:32:23,66.12,800,
09:32:23,66.12,200,
09:32:23,66.12,3107,
09:32:23,66.12,1000,
09:32:24,66.13,200,
09:32:27,66.125,100,
09:32:27,66.125,100,
09:32:31,66.12,330,
09:32:31,66.12,670,
09:32:32,66.115,100,
09:32:32,66.115,100,
09:32:39,66.12,800,
09:32:39,66.12,500,
09:32:39,66.13,100,
09:32:39,66.12,100,
09:32:40,66.11,100,
09:32:43,66.11,100,
09:32:44,66.12,800,
09:32:44,66.12,200,
09:32:49,66.12,100,
09:32:49,66.112,4600,
09:32:51,66.13,150,
09:32:51,66.13,300,
09:32:51,66.13,350,
09:32:52,66.12,100,
09:32:55,66.12,100,
09:32:55,66.11,500,
09:32:55,66.11,100,
09:32:55,66.12,1000,
09:32:57,66.12,300,
09:32:58,66.11,715,
09:33:03,66.13,500,
09:33:04,66.13,500,
09:33:04,66.13,200,
09:33:04,66.13,100,
09:33:05,66.13,900,
09:33:05,66.12,815,
09:33:06,66.12,430,
09:33:07,66.12,570,
09:33:07,66.12,100,
09:33:08,66.12,600,
09:33:11,66.1199,1000,
09:33:13,66.11,165,
09:33:13,66.10,370,
09:33:20,66.1099,1000,
09:33:20,66.10,586,
09:33:23,66.0817,400,
09:33:23,66.09,400,
09:33:29,66.08,600,
09:33:29,66.08,100,
09:33:29,66.08,100,
09:33:29,66.08,200,
09:33:29,66.08,400,
09:33:29,66.09,100,
09:33:30,66.08,500,
09:33:30,66.08,100,
09:33:30,66.08,100,
09:33:32,66.06,200,
09:33:32,66.08,400,
09:33:35,66.07,200,
09:33:35,66.07,300,
09:33:40,66.07,100,
09:33:41,66.07,300,
09:33:45,66.07,200,
09:33:45,66.07,500,
09:33:45,66.07,1300,
09:33:46,66.08,500,
09:33:46,66.08,100,
09:33:47,66.07,600,
09:33:51,66.08,600,
09:33:52,66.08,100,
09:33:53,66.08,400,
09:33:55,66.08,100,
09:33:56,66.08,100,
09:33:56,66.07,800,
09:33:56,66.07,500,
09:33:56,66.07,400,
09:33:56,66.07,100,
09:33:56,66.07,1500,
09:33:56,66.07,100,
09:33:57,66.07,200,
09:33:57,66.07,800,
09:33:57,66.07,500,
09:33:57,66.08,100,
09:33:57,66.08,100,
09:33:58,66.08,900,
09:33:59,66.08,300,
09:34:01,66.08,1600,
09:34:02,66.08,600,
09:34:04,66.08,2800,
09:34:09,66.08,100,
09:34:09,66.08,200,
09:34:09,66.08,100,
09:34:10,66.08,700,
09:34:11,66.07,100,
09:34:12,66.07,100,
09:34:13,66.0601,3000,
09:34:15,66.06,200,
09:34:15,66.06,300,
09:34:15,66.06,300,
09:34:16,66.06,300,
09:34:16,66.06,100,
09:34:16,66.06,300,
09:34:19,66.07,100,
09:34:23,66.06,100,
09:34:23,66.06,400,
09:34:23,66.06,100,
09:34:25,66.07,300,
09:34:25,66.07,100,
09:34:25,66.07,100,
09:34:26,66.07,100,
09:34:26,66.07,100,
09:34:26,66.07,700,
09:34:26,66.07,100,
09:34:29,66.0799,1400,
09:34:31,66.0701,2000,
09:34:32,66.07,100,
09:34:32,66.07,300,
09:34:32,66.07,300,
09:34:32,66.07,300,
09:34:33,66.06,200,
09:34:34,66.06,100,
09:34:34,66.0601,100,
09:34:35,66.06,500,
09:34:35,66.06,100,
09:34:35,66.06,100,
09:34:35,66.06,100,
09:34:35,66.06,100,
09:34:36,66.05,170,
09:34:36,66.05,199,
09:34:36,66.05,100,
09:34:36,66.04,900,
09:34:37,66.05,900,
09:34:37,66.04,3300,
09:34:37,66.05,200,
09:34:37,66.04,400,
09:34:37,66.04,1100,
09:34:38,66.04,1600,
09:34:38,66.04,100,
09:34:38,66.04,100,
09:34:42,66.03,800,
09:34:42,66.03,200,
09:34:42,66.02,100,
09:34:43,66.02,200,
09:34:44,66.03,300,
09:34:45,66.02,400,
09:34:45,66.02,200,
09:34:45,66.02,100,
09:34:50,66.03,2000,
09:34:52,66.0317,100,
09:34:54,66.04,2900,
09:34:55,66.06,100,
09:35:00,66.05,100,
09:35:00,66.049,100,
09:35:01,66.05,300,
09:35:01,66.05,100,
09:35:03,66.05,500,
09:35:03,66.05,1600,
09:35:03,66.04,100,
09:35:03,66.04,100,
09:35:03,66.04,300,
09:35:03,66.04,700,
09:35:08,66.05,100,
09:35:08,66.05,100,
09:35:08,66.05,100,
09:35:09,66.05,100,
09:35:09,66.05,100,
09:35:09,66.05,300,
09:35:09,66.05,500,
09:35:10,66.05,745,
09:35:10,66.05,1500,
09:35:11,66.05,500,
09:35:11,66.05,100,
09:35:11,66.05,300,
09:35:12,66.05,300,
09:35:12,66.05,100,
09:35:12,66.05,100,
09:35:12,66.05,100,
09:35:12,66.05,100,
09:35:12,66.05,200,
09:35:13,66.045,100,
09:35:13,66.05,400,
09:35:13,66.05,100,
09:35:14,66.05,100,
09:35:14,66.05,100,
09:35:15,66.05,200,
09:35:15,66.05,200,
09:35:15,66.05,100,
09:35:16,66.05,1000,
09:35:16,66.05,100,
09:35:17,66.05,100,
09:35:17,66.05,1100,
09:35:17,66.05,100,
09:35:17,66.05,100,
09:35:18,66.05,1100,
09:35:18,66.05,1100,
09:35:18,66.05,800,
09:35:18,66.05,100,
09:35:18,66.05,100,
09:35:18,66.05,221,
09:35:18,66.05,300,
09:35:19,66.05,1000,
09:35:19,66.04,900,
09:35:19,66.05,100,
09:35:20,66.05,100,
09:35:20,66.05,200,
09:35:20,66.05,200,
09:35:20,66.05,200,
09:35:21,66.05,200,
09:35:21,66.04,500,
09:35:22,66.05,100,
09:35:22,66.05,100,
09:35:22,66.05,700,
09:35:22,66.05,100,
09:35:23,66.05,100,
09:35:23,66.05,100,
09:35:23,66.04,100,
09:35:23,66.04,500,
09:35:24,66.04,800,
09:35:25,66.04,500,
09:35:25,66.04,400,
09:35:25,66.04,800,
09:35:25,66.05,100,
09:35:25,66.05,300,
09:35:25,66.05,100,
09:35:25,66.05,200,
09:35:25,66.05,200,
09:35:25,66.05,300,
09:35:26,66.05,1700,
09:35:26,66.05,400,
09:35:26,66.05,100,
09:35:26,66.05,600,
09:35:27,66.05,200,
09:35:30,66.04,400,
09:35:31,66.03,500,
09:35:31,66.03,4100,
09:35:31,66.03,3500,
09:35:31,66.03,500,
09:35:31,66.02,3300,
09:35:31,66.02,100,
09:35:31,66.02,300,
09:35:31,66.02,3900,
09:35:31,66.01,435,
09:35:31,66.02,900,
09:35:31,66.02,800,
09:35:31,66.02,200,
09:35:31,66.02,200,
09:35:31,66.02,1000,
09:35:31,66.02,1500,
09:35:31,66.02,300,
09:35:31,66.02,10000,
09:35:31,66.02,400,
09:35:31,66.02,1200,
09:35:31,66.02,600,
09:35:31,66.02,400,
09:35:31,66.02,400,
09:35:31,66.02,100,
09:35:31,66.02,265,
09:35:31,66.02,2100,
09:35:31,66.02,100,
09:35:32,66.02,300,
09:35:32,66.03,600,
09:35:32,66.03,600,
09:35:32,66.03,4404,
09:35:32,66.03,900,
09:35:33,66.02,1200,
09:35:33,66.04,800,
09:35:34,66.03,100,
09:35:34,66.03,100,
09:35:36,66.04,100,
09:35:38,66.04,100,
09:35:38,66.04,200,
09:35:39,66.04,100,
09:35:40,66.04,400,
09:35:42,66.04,200,
09:35:43,66.04,100,
09:35:43,66.04,100,
09:35:43,66.04,300,
09:35:43,66.04,800,
09:35:44,66.04,100,
09:35:44,66.04,900,
09:35:44,66.04,2000,
09:35:44,66.04,1000,
09:35:44,66.04,100,
09:35:44,66.04,10000,
09:35:44,66.04,800,
09:35:44,66.04,1000,
09:35:44,66.04,300,
09:35:44,66.04,500,
09:35:44,66.04,400,
09:35:45,66.05,600,
09:35:45,66.05,100,
09:35:47,66.05,200,
09:35:49,66.05,700,
09:35:50,66.05,100,
09:35:50,66.05,900,
09:35:52,66.04,365,
09:35:52,66.04,100,
09:35:52,66.04,1200,
09:35:52,66.04,500,
09:35:52,66.04,100,
09:35:52,66.04,200,
09:35:53,66.0499,4000,
09:35:54,66.04,400,
09:35:58,66.03,100,
09:35:58,66.03,500,
09:36:03,66.039,100,
09:36:03,66.03,400,
09:36:04,66.04,100,
09:36:04,66.04,200,
09:36:05,66.0399,563,
09:36:06,66.03,100,
09:36:08,66.0299,267,
09:36:10,66.03,100,
09:36:12,66.02,100,
09:36:12,66.02,200,
09:36:14,66.02,700,
09:36:14,66.02,200,
09:36:14,66.02,600,
09:36:14,66.0198,306,
09:36:19,66.0198,204,
09:36:20,66,800,
09:36:20,66.01,100,
09:36:21,66.01,1100,
09:36:21,66.01,100,
09:36:21,66.01,673,
09:36:21,66.01,100,
09:36:21,66.01,2200,
09:36:21,66,400,
09:36:21,66,200,
09:36:21,66.01,1100,
09:36:22,66.01,100,
09:36:22,66.01,300,
09:36:22,66.0099,181,
09:36:22,66.01,200,
09:36:22,66.01,100,
09:36:22,66.01,200,
09:36:24,66.0099,345,
09:36:27,66.0099,381,
09:36:30,66.01,300,
09:36:31,66.0099,224,
09:36:33,66.02,100,
09:36:33,66.02,500,
09:36:34,66.02,100,
09:36:34,66.02,300,
09:36:34,66.02,200,
09:36:36,66.011,234,
09:36:38,66.001,151,
09:36:39,66,185,
09:36:39,66.01,200,
09:36:40,66.01,290,
09:36:40,66.01,1000,
09:36:40,66.01,100,
09:36:41,66.02,165,
09:36:41,66.02,500,
09:36:42,66.02,400,
09:36:42,66.01,400,
09:36:42,66.02,500,
09:36:44,66.0299,379,
09:36:45,66.02,400,
09:36:47,66.0299,277,
09:36:51,66.03,100,
09:36:51,66.03,100,
09:36:52,66.0255,218,
09:36:54,66.0299,315,
09:36:55,66.03,100,
09:36:56,66.03,100,
09:36:56,66.03,100,
09:36:56,66.03,300,
09:36:56,66.0299,345,
09:36:57,66.03,100,
09:36:59,66.0299,232,
09:37:01,66.03,305,
09:37:03,66.0399,588,
09:37:04,66.04,317,
09:37:08,66.0399,297,
09:37:10,66.04,950,
09:37:11,66.0399,295,
09:37:15,66.04,885,
09:37:15,66.04,500,
09:37:15,66.04,100,
09:37:17,66.0399,269,
09:37:20,66.04,500,
09:37:20,66.03,150,
09:37:20,66.045,100,
09:37:22,66.0483,952,
09:37:25,66.04,600,
09:37:25,66.04,100,
09:37:25,66.04,800,
09:37:25,66.04,200,
09:37:26,66.0323,400,
09:37:29,66.03,200,
09:37:30,66.03,200,
09:37:42,66.0317,1000,
09:37:45,66.04,81258,
09:37:50,66.03,100,
09:37:52,66.04,200,
09:37:53,66.04,100,
09:37:53,66.04,100,
09:37:56,66.04,400,
09:37:56,66.05,700,
09:37:56,66.05,800,
09:38:00,66.06,100,
09:38:00,66.06,400,
09:38:01,66.048,5000,
09:38:01,66.06,100,
09:38:01,66.07,600,
09:38:03,66.07,2200,
09:38:05,66.07,1000,
09:38:17,66.07,800,
09:38:17,66.07,100,
09:38:19,66.07,600,
09:38:19,66.07,300,
09:38:21,66.07,200,
09:38:24,66.0783,951,
09:38:27,66.07,399,
09:38:27,66.06,2700,
09:38:27,66.06,1600,
09:38:27,66.06,400,
09:38:27,66.06,100,
09:38:27,66.06,100,
09:38:27,66.06,100,
09:38:28,66.06,400,
09:38:28,66.06,300,
09:38:29,66.06,1600,
09:38:29,66.055,1600,
09:38:30,66.05,3800,
09:38:32,66.04,100,
09:38:32,66.04,1000,
09:38:34,66.04,100,
09:38:36,66.04,157,
09:38:36,66.04,300,
09:38:36,66.04,1600,
09:38:36,66.04,800,
09:38:43,66.05,200,
09:38:47,66.03,300,
09:38:49,66.03,300,
09:38:49,66.03,1600,
09:38:50,66.0299,3500,
09:38:52,66.02,400,
09:38:53,66.02,100,
09:38:56,66.01,2300,
09:38:56,66.01,800,
09:38:57,66.01,800,
09:38:59,66.01,100,
09:39:02,66.02,300,
09:39:02,66.02,500,
09:39:02,66.02,300,
09:39:02,66.02,100,
09:39:02,66.02,100,
09:39:02,66.025,100,
09:39:02,66.02,100,
09:39:03,66.02,100,
09:39:04,66.0101,100,
09:39:07,66.02,100,
09:39:07,66.0009,385,
09:39:09,66.01,200,
09:39:14,65.99,200,
09:39:20,66,100,
09:39:20,66,100,
09:39:20,66,400,
09:39:24,66.01,697,
09:39:29,66.0099,200,
09:39:31,66.01,2400,
09:39:31,66.01,1100,
09:39:31,66.01,1000,
09:39:31,66.01,200,
09:39:31,66.01,100,
09:39:31,66.01,600,
09:39:31,66.01,100,
09:39:31,66.01,1600,
09:39:31,66.01,600,
09:39:31,66.01,600,
09:39:31,66.01,600,
09:39:31,66.01,100,
09:39:35,66.01,100,
09:39:35,66.01,125,
09:39:35,66.01,100,
09:39:37,66.01,100,
09:39:38,66,100,
09:39:41,66.01,100,
09:39:41,66,118,
09:39:41,66.01,300,
09:39:46,66.02,700,
09:39:47,66.02,100,
09:39:48,66.0199,100,
09:39:48,66.02,200,
09:39:48,66.02,100,
09:39:52,66.02,500,
09:39:53,66.03,100,
09:39:55,66.03,100,
09:39:57,66.03,100,
09:39:59,66.03,800,
09:39:59,66.0301,2300,
09:40:01,66.0308,400,
09:40:05,66.02,400,
09:40:09,66.01,500,
09:40:09,66,200,
09:40:11,66,400,
09:40:11,66,400,
09:40:12,66.005,189,
09:40:15,66,203,
09:40:15,66,400,
09:40:17,65.99,100,
09:40:17,65.99,100,
09:40:19,66,100,
09:40:22,66.01,100,
09:40:26,66,100,
09:40:27,66.01,501,
09:40:27,66.01,500,
09:40:27,66.01,100,
09:40:27,66.01,499,
09:40:31,66.01,400,
09:40:31,66.01,1600,
09:40:31,66.01,400,
09:40:37,66.01,100,
09:40:37,66.01,100,
09:40:38,66.01,187,
09:40:44,66.01,500,
09:40:44,66.01,2000,
09:40:45,66.01,300,
09:40:45,66.02,100,
09:40:46,66.01,600,
09:40:46,66.01,700,
09:40:47,66.01,200,
09:40:47,66.005,100,
09:40:52,66.02,100,
09:40:56,66.01,200,
09:40:57,66.01,500,
09:40:58,66,5000,
09:40:58,66,200,
09:40:58,66,400,
09:41:00,66,200,
09:41:00,66,400,
09:41:04,65.98,600,
09:41:04,65.98,400,
09:41:04,65.97,200,
09:41:05,65.97,100,
09:41:05,65.97,400,
09:41:05,65.97,100,
09:41:10,65.98,100,
09:41:10,65.98,100,
09:41:12,65.9801,1000,
09:41:13,65.98,800,
09:41:13,65.98,100,
09:41:14,65.99,10000,
09:41:16,65.98,100,
09:41:22,65.99,200,
09:41:22,65.99,400,
09:41:25,66,6900,
09:41:25,66,500,
09:41:25,66,100,
09:41:25,66,300,
09:41:25,65.9901,500,
09:41:25,65.9901,200,
09:41:26,65.99,100,
09:41:26,65.98,108,
09:41:30,65.98,500,
09:41:36,65.99,400,
09:41:38,65.99,200,
09:41:38,65.99,200,
09:41:39,65.99,500,
09:41:39,65.9901,600,
09:41:39,65.99,100,
09:41:39,65.992,100,
09:41:39,65.992,100,
09:41:41,65.99,100,
09:41:49,65.98,200,
09:41:49,65.98,100,
09:41:52,65.985,100,
09:41:57,65.985,100,
09:42:00,65.9707,295,
09:42:02,65.9799,500,
09:42:06,65.97,1221,
09:42:06,65.97,700,
09:42:06,65.97,100,
09:42:06,65.975,100,
09:42:06,65.975,100,
09:42:06,65.98,100,
09:42:06,65.98,1500,
09:42:06,65.98,400,
09:42:06,65.98,116,
09:42:06,65.98,200,
09:42:06,65.98,100,
09:42:06,65.98,300,
09:42:06,65.98,300,
09:42:07,65.99,400,
09:42:12,65.99,800,
09:42:12,65.99,200,
09:42:12,65.99,500,
09:42:12,65.99,1100,
09:42:12,65.99,300,
09:42:12,65.99,400,
09:42:12,65.99,200,
09:42:13,65.99,200,
09:42:13,65.99,400,
09:42:13,65.99,200,
09:42:14,65.9883,1500,
09:42:15,65.99,100,
09:42:24,65.9784,234,
09:42:27,65.97,207,
09:42:30,65.98,100,
09:42:30,65.98,200,
09:42:34,65.99,100,
09:42:35,65.99,100,
09:42:40,65.98,170,
09:42:46,65.99,100,
09:42:46,65.99,200,
09:42:48,65.99,1554,
09:42:48,65.99,1000,
09:42:51,66,600,
09:42:51,66,500,
09:42:51,66,200,
09:42:52,66.01,200,
09:42:54,66.02,200,
09:42:54,66.02,100,
09:42:54,66.02,100,
09:42:55,66.025,100,
09:42:55,66.03,300,
09:42:55,66.03,400,
09:42:55,66.03,731,
09:42:55,66.03,500,
09:42:57,66.035,100,
09:42:58,66.03,300,
09:42:58,66.035,100,
09:42:59,66.03,100,
09:42:59,66.03,200,
09:42:59,66.03,100,
09:43:02,66.03,400,
09:43:02,66.03,100,
09:43:02,66.03,300,
09:43:04,66.04,400,
09:43:04,66.04,4000,
09:43:04,66.04,1600,
09:43:04,66.04,600,
09:43:04,66.04,3300,
09:43:04,66.04,300,
09:43:04,66.04,600,
09:43:04,66.04,300,
09:43:05,66.04,1017,
09:43:05,66.04,100,
09:43:05,66.04,3300,
09:43:05,66.04,1599,
09:43:05,66.05,100,
09:43:05,66.04,700,
09:43:05,66.04,600,
09:43:11,66.03,700,
09:43:15,66.03,200,
09:43:15,66.03,200,
09:43:17,66.03,800,
09:43:17,66.03,800,
09:43:17,66.03,1000,
09:43:18,66.03,100,
09:43:20,66.04,200,
09:43:20,66.04,200,
09:43:21,66.03,200,
09:43:26,66.03,300,
09:43:26,66.03,200,
09:43:26,66.03,200,
09:43:26,66.03,100,
09:43:26,66.03,700,
09:43:26,66.03,300,
09:43:27,66.03,700,
09:43:27,66.03,300,
09:43:27,66.03,509,
09:43:27,66.03,200,
09:43:28,66.03,200,
09:43:30,66.03,100,
09:43:31,66.03,200,
09:43:31,66.03,1500,
09:43:31,66.035,100,
09:43:35,66.02,100,
09:43:36,66.02,100,
09:43:36,66.02,100,
09:43:37,66.02,700,
09:43:37,66.02,100,
09:43:37,66.02,1000,
09:43:37,66.019,200,
09:43:38,66.0299,140,
09:43:39,66.02,100,
09:43:39,66.02,300,
09:43:41,66.02,500,
09:43:45,66.02,100,
09:43:47,66.02,100,
09:43:54,66.02,100,
09:43:54,66.02,100,
09:43:55,66.03,190,
09:44:00,66.02,400,
09:44:02,66.02,200,
09:44:03,66.01,200,
09:44:04,66.02,500,
09:44:04,66.02,200,
09:44:05,66.02,300,
09:44:05,66.02,1000,
09:44:09,66.02,200,
09:44:11,66.01,2800,
09:44:11,66.01,300,
09:44:11,66.01,800,
09:44:13,66.01,200,
09:44:16,66.01,200,
09:44:18,66.01,200,
09:44:33,66.02,100,
09:44:35,65.99,2200,
09:44:35,65.99,700,
09:44:35,65.99,100,
09:44:37,65.99,100,
09:44:37,65.99,100,
09:44:41,65.98,2300,
09:44:41,65.98,799,
09:44:42,65.9898,400,
09:44:43,65.98,2700,
09:44:43,65.97,300,
09:44:43,65.97,1000,
09:44:43,65.98,100,
09:44:43,65.98,100,
09:44:45,65.98,200,
09:44:45,65.98,200,
09:44:45,65.98,100,
09:44:47,65.97,400,
09:44:47,65.96,100,
09:44:51,65.97,1000,
09:44:51,65.97,261,
09:44:52,65.97,500,
09:44:52,65.965,100,
09:44:52,65.98,200,
09:44:54,65.98,200,
09:45:00,65.97,2000,
09:45:00,65.97,100,
09:45:00,65.97,100,
09:45:00,65.97,200,
09:45:00,65.97,400,
09:45:00,65.97,1500,
09:45:00,65.97,8500,
09:45:00,65.97,400,
09:45:00,65.97,400,
09:45:00,65.97,200,
09:45:03,65.96,100,
09:45:03,65.965,100,
09:45:08,65.97,400,
09:45:08,65.969,100,
09:45:09,65.97,100,
09:45:09,65.97,1000,
09:45:09,65.97,900,
09:45:14,65.98,100,
09:45:16,65.98,100,
09:45:19,65.97,300,
09:45:19,65.97,800,
09:45:19,65.97,600,
09:45:19,65.97,100,
09:45:19,65.97,800,
09:45:19,65.97,1200,
09:45:19,65.97,2000,
09:45:19,65.96,3800,
09:45:19,65.96,800,
09:45:19,65.96,200,
09:45:19,65.96,300,
09:45:19,65.96,3000,
09:45:19,65.97,300,
09:45:19,65.96,300,
09:45:19,65.96,1400,
09:45:19,65.96,2800,
09:45:20,65.97,100,
09:45:20,65.97,100,
09:45:21,65.97,400,
09:45:22,65.97,100,
09:45:23,65.97,100,
09:45:23,65.97,668,
09:45:23,65.97,200,
09:45:23,65.97,319,
09:45:23,65.97,300,
09:45:23,65.97,296,
09:45:23,65.98,400,
09:45:23,65.98,200,
09:45:24,65.98,100,
09:45:30,65.98,100,
09:45:32,65.98,800,
09:45:32,65.98,100,
09:45:38,65.97,100,
09:45:38,65.98,100,
09:45:39,65.97,200,
09:45:39,65.97,1300,
09:45:39,65.9701,1600,
09:45:39,65.97,3000,
09:45:39,65.97,3000,
09:45:39,65.97,300,
09:45:39,65.97,300,
09:45:39,65.97,1300,
09:45:39,65.97,123,
09:45:39,65.97,1200,
09:45:39,65.97,1200,
09:45:39,65.97,2000,
09:45:39,65.97,700,
09:45:39,65.96,400,
09:45:40,65.97,2600,
09:45:40,65.97,800,
09:45:40,65.97,500,
09:45:41,65.97,1400,
09:45:43,65.97,300,
09:45:52,65.9699,1000,
09:46:00,65.96,4415,
09:46:00,65.96,800,
09:46:01,65.96,400,
09:46:02,65.96,200,
09:46:05,65.96,100,
09:46:05,65.96,300,
09:46:05,65.96,800,
09:46:05,65.96,202,
09:46:05,65.96,700,
09:46:05,65.96,171,
09:46:05,65.96,200,
09:46:05,65.96,171,
09:46:11,65.96,200,
09:46:17,65.96,500,
09:46:17,65.96,800,
09:46:17,65.96,1255,
09:46:17,65.96,2245,
09:46:18,65.95,220,
09:46:18,65.95,1600,
09:46:18,65.95,600,
09:46:20,65.94,100,
09:46:20,65.94,300,
09:46:20,65.94,700,
09:46:21,65.95,200,
09:46:25,65.96,200,
09:46:26,65.95,100,
09:46:26,65.95,200,
09:46:26,65.95,200,
09:46:26,65.95,100,
09:46:26,65.95,800,
09:46:26,65.95,400,
09:46:26,65.95,400,
09:46:26,65.95,200,
09:46:33,65.95,800,
09:46:33,65.95,200,
09:46:33,65.96,2000,
09:46:33,65.96,400,
09:46:33,65.96,200,
09:46:33,65.96,400,
09:46:33,65.96,302,
09:46:33,65.96,200,
09:46:33,65.96,200,
09:46:33,65.97,548,
09:46:33,65.97,200,
09:46:33,65.97,600,
09:46:33,65.97,300,
09:46:33,65.97,527,
09:46:33,65.97,400,
09:46:33,65.97,800,
09:46:33,65.97,200,
09:46:33,65.97,800,
09:46:33,65.96,900,
09:46:33,65.97,1500,
09:46:33,65.96,400,
09:46:33,65.97,400,
09:46:33,65.97,100,
09:46:33,65.97,500,
09:46:33,65.97,200,
09:46:33,65.96,700,
09:46:35,65.96,168,
09:46:36,65.96,100,
09:46:36,65.95,400,
09:46:36,65.95,1000,
09:46:38,65.95,260,
09:46:38,65.95,200,
09:46:39,65.95,200,
09:46:42,65.94,100,
09:46:42,65.94,100,
09:46:42,65.94,100,
09:46:42,65.94,300,
09:46:43,65.94,100,
09:46:43,65.94,100,
09:46:43,65.94,380,
09:46:52,65.94,2000,
09:46:52,65.94,200,
09:46:53,65.94,100,
09:47:00,65.95,100,
09:47:03,65.96,100,
09:47:03,65.96,100,
09:47:06,65.97,200,
09:47:06,65.97,100,
09:47:12,65.98,1000,
09:47:23,65.98,382,
09:47:23,65.98,100,
09:47:23,65.98,122,
09:47:23,65.98,377,
09:47:23,65.98,100,
09:47:28,65.98,501,
09:47:28,65.98,200,
09:47:31,65.985,100,
09:47:34,65.98,291,
09:47:34,65.98,100,
09:47:34,65.99,100,
09:47:38,65.97,200,
09:47:50,65.97,100,
09:47:50,65.97,100,
09:47:50,65.97,100,
09:47:50,65.97,100,
09:47:51,65.97,200,
09:47:51,65.96,700,
09:47:51,65.96,1500,
09:48:03,65.96,400,
09:48:06,65.96,200,
09:48:17,65.9683,150,
09:48:19,65.96,100,
09:48:19,65.965,100,
09:48:19,65.965,100,
09:48:24,65.95,100,
09:48:24,65.95,1000,
09:48:24,65.95,100,
09:48:24,65.94,100,
09:48:28,65.94,100,
09:48:30,65.94,100,
09:48:30,65.94,100,
09:48:30,65.94,100,
09:48:30,65.94,400,
09:48:36,65.95,342,
09:48:39,65.945,106,
09:48:43,65.94,100,
09:48:43,65.94,100,
09:48:47,65.93,100,
09:48:52,65.92,100,
09:48:54,65.9296,500,
09:48:55,65.93,200,
09:48:55,65.93,100,
09:48:59,65.93,300,
09:49:06,65.93,200,
09:49:10,65.93,100,
09:49:11,65.93,200,
09:49:11,65.93,200,
09:49:11,65.93,200,
09:49:11,65.93,100,
09:49:11,65.93,800,
09:49:11,65.93,1500,
09:49:11,65.93,800,
09:49:11,65.93,100,
09:49:11,65.93,100,
09:49:11,65.93,1600,
09:49:11,65.93,200,
09:49:11,65.93,300,
09:49:11,65.93,600,
09:49:11,65.93,1600,
09:49:12,65.93,100,
09:49:15,65.94,400,
09:49:15,65.94,198,
09:49:17,65.94,100,
09:49:20,65.95,400,
09:49:26,65.94,117,
09:49:27,65.9317,1000,
09:49:28,65.93,488,
09:49:30,65.93,100,
09:49:34,65.92,200,
09:49:38,65.92,200,
09:49:39,65.92,200,
09:49:39,65.91,580,
09:49:39,65.91,420,
09:49:39,65.91,412,
09:49:39,65.91,100,
09:49:39,65.91,900,
09:49:41,65.90,200,
09:49:41,65.90,300,
09:49:41,65.89,300,
09:49:41,65.89,800,
09:49:42,65.91,600,
09:49:43,65.90,600,
09:49:43,65.90,400,
09:49:43,65.90,200,
09:49:46,65.90,800,
09:49:47,65.91,400,
09:49:47,65.91,200,
09:49:47,65.91,200,
09:49:47,65.92,100,
09:49:47,65.92,200,
09:49:48,65.92,100,
09:49:48,65.92,100,
09:49:48,65.92,200,
09:49:48,65.92,200,
09:49:49,65.92,200,
09:49:49,65.92,200,
09:49:51,65.92,200,
09:49:51,65.92,200,
09:49:54,65.9199,104,
09:49:56,65.92,200,
09:49:56,65.93,680,
09:49:56,65.93,320,
09:49:56,65.92,100,
09:49:56,65.93,100,
09:49:58,65.9283,300,
09:50:00,65.92,500,
09:50:01,65.92,2000,
09:50:04,65.92,200,
09:50:04,65.92,100,
09:50:10,65.91,400,
09:50:10,65.91,900,
09:50:10,65.91,200,
09:50:10,65.91,1800,
09:50:10,65.91,1000,
09:50:10,65.91,3000,
09:50:10,65.91,300,
09:50:10,65.91,400,
09:50:10,65.91,200,
09:50:10,65.91,1000,
09:50:10,65.88,100,
09:50:10,65.90,1000,
09:50:10,65.90,400,
09:50:10,65.90,900,
09:50:10,65.88,500,
09:50:10,65.88,400,
09:50:10,65.89,100,
09:50:10,65.89,300,
09:50:10,65.89,483,
09:50:10,65.87,1300,
09:50:10,65.89,300,
09:50:10,65.89,100,
09:50:10,65.89,468,
09:50:10,65.89,100,
09:50:10,65.88,200,
09:50:10,65.88,500,
09:50:10,65.88,300,
09:50:10,65.88,400,
09:50:10,65.88,1500,
09:50:10,65.88,800,
09:50:10,65.88,1600,
09:50:10,65.88,200,
09:50:10,65.88,1800,
09:50:10,65.88,600,
09:50:10,65.88,200,
09:50:10,65.88,1000,
09:50:10,65.87,600,
09:50:10,65.87,400,
09:50:10,65.87,400,
09:50:10,65.87,200,
09:50:10,65.87,100,
09:50:10,65.87,100,
09:50:10,65.88,300,
09:50:10,65.87,100,
09:50:10,65.87,100,
09:50:10,65.87,200,
09:50:10,65.87,800,
09:50:10,65.87,200,
09:50:10,65.87,100,
09:50:11,65.87,100,
09:50:11,65.8799,3000,
09:50:11,65.88,100,
09:50:11,65.88,400,
09:50:11,65.88,100,
09:50:11,65.88,100,
09:50:11,65.88,100,
09:50:11,65.88,1500,
09:50:11,65.88,1500,
09:50:11,65.88,3700,
09:50:11,65.87,800,
09:50:13,65.8798,2800,
09:50:13,65.88,400,
09:50:14,65.87,100,
09:50:15,65.8701,1000,
09:50:15,65.87,500,
09:50:15,65.87,100,
09:50:19,65.865,100,
09:50:19,65.86,100,
09:50:19,65.86,300,
09:50:20,65.85,1834,
09:50:20,65.86,1000,
09:50:20,65.85,300,
09:50:23,65.85,100,
09:50:24,65.8599,2000,
09:50:28,65.8599,500,
09:50:36,65.86,1000,
09:50:36,65.86,500,
09:50:36,65.86,200,
09:50:36,65.86,320,
09:50:36,65.86,300,
09:50:38,65.86,500,
09:50:42,65.86,200,
09:50:46,65.8655,500,
09:50:48,65.87,600,
09:50:48,65.87,200,
09:50:48,65.87,800,
09:50:58,65.88,1000,
09:50:58,65.88,400,
09:51:01,65.88,100,
09:51:06,65.87,900,
09:51:07,65.87,300,
09:51:07,65.88,2500,
09:51:07,65.88,100,
09:51:07,65.88,400,
09:51:07,65.88,800,
09:51:07,65.88,4465,
09:51:07,65.88,300,
09:51:07,65.88,700,
09:51:07,65.88,500,
09:51:07,65.88,229,
09:51:08,65.88,200,
09:51:09,65.89,100,
09:51:12,65.89,300,
09:51:15,65.90,100,
09:51:16,65.905,100,
09:51:16,65.905,100,
09:51:17,65.91,800,
09:51:19,65.90,100,
09:51:19,65.90,200,
09:51:19,65.90,100,
09:51:20,65.89,100,
09:51:20,65.89,500,
09:51:20,65.89,100,
09:51:20,65.89,300,
09:51:21,65.8901,500,
09:51:22,65.89,500,
09:51:27,65.89,200,
09:51:28,65.89,400,
09:51:28,65.89,200,
09:51:28,65.89,200,
09:51:28,65.90,1000,
09:51:32,65.89,400,
09:51:34,65.89,100,
09:51:38,65.90,100,
09:51:40,65.9081,200,
09:51:43,65.90,200,
09:51:47,65.90,200,
09:51:48,65.91,200,
09:51:48,65.91,200,
09:51:48,65.91,800,
09:51:51,65.91,100,
09:51:52,65.91,500,
09:51:54,65.913,1000,
09:51:55,65.92,100,
09:51:55,65.92,200,
09:51:57,65.92,200,
09:51:57,65.92,100,
09:51:58,65.92,600,
09:51:58,65.92,100,
09:51:58,65.92,1600,
09:51:58,65.92,100,
09:51:58,65.92,751,
09:51:58,65.92,800,
09:51:58,65.92,600,
09:51:58,65.92,100,
09:51:58,65.92,800,
09:51:58,65.92,100,
09:51:58,65.92,800,
09:51:58,65.92,400,
09:51:58,65.92,200,
09:51:58,65.92,400,
09:51:59,65.92,200,
09:52:00,65.92,600,
09:52:00,65.92,2500,
09:52:01,65.92,800,
09:52:05,65.93,100,
09:52:07,65.92,1300,
09:52:07,65.92,300,
09:52:11,65.92,100,
09:52:11,65.92,200,
09:52:11,65.92,200,
09:52:11,65.92,1600,
09:52:11,65.925,100,
09:52:15,65.92,200,
09:52:15,65.92,200,
09:52:18,65.91,100,
09:52:22,65.92,500,
09:52:22,65.92,100,
09:52:27,65.93,100,
09:52:27,65.93,100,
09:52:32,65.93,100,
09:52:32,65.93,100,
09:52:32,65.93,100,
09:52:32,65.93,400,
09:52:32,65.94,100,
09:52:32,65.94,100,
09:52:37,65.95,100,
09:52:37,65.95,100,
09:52:37,65.945,100,
09:52:37,65.95,1200,
09:52:39,65.955,100,
09:52:39,65.95,800,
09:52:39,65.95,200,
09:52:39,65.95,100,
09:52:40,65.95,1300,
09:52:40,65.95,100,
09:52:40,65.95,200,
09:52:40,65.95,100,
09:52:40,65.95,700,
09:52:40,65.95,700,
09:52:40,65.95,900,
09:52:40,65.95,700,
09:52:40,65.95,1415,
09:52:40,65.95,500,
09:52:40,65.95,600,
09:52:40,65.95,900,
09:52:40,65.95,400,
09:52:40,65.955,100,
09:52:40,65.95,200,
09:52:40,65.95,830,
09:52:41,65.95,300,
09:52:41,65.95,140,
09:52:41,65.95,400,
09:52:41,65.95,600,
09:52:41,65.95,400,
09:52:41,65.95,646,
09:52:41,65.95,600,
09:52:41,65.95,200,
09:52:53,65.95,100,
09:52:53,65.95,700,
09:53:05,65.96,300,
09:53:06,65.959,100,
09:53:08,65.95,100,
09:53:10,65.959,100,
09:53:12,65.95,100,
09:53:12,65.95,700,
09:53:16,65.95,800,
09:53:21,65.95,200,
09:53:21,65.95,177,
09:53:23,65.95,200,
09:53:24,65.9499,200,
09:53:27,65.95,200,
09:53:30,65.955,100,
09:53:30,65.95,400,
09:53:32,65.94,100,
09:53:32,65.94,100,
09:53:34,65.94,200,
09:53:42,65.95,100,
09:53:49,65.95,100,
09:53:49,65.95,400,
09:53:50,65.95,100,
09:53:59,65.94,100,
09:54:00,65.94,100,
09:54:00,65.94,108,
09:54:02,65.931,100,
09:54:06,65.935,100,
09:54:10,65.93,1000,
09:54:10,65.93,300,
09:54:10,65.93,2800,
09:54:10,65.93,200,
09:54:10,65.93,100,
09:54:11,65.921,100,
09:54:13,65.921,100,
09:54:13,65.93,100,
09:54:13,65.93,100,
09:54:18,65.931,100,
09:54:22,65.93,100,
09:54:24,65.94,100,
09:54:25,65.95,100,
09:54:30,65.95,200,
09:54:34,65.96,100,
09:54:34,65.96,200,
09:54:35,65.96,200,
09:54:35,65.96,100,
09:54:37,65.96,200,
09:54:37,65.96,100,
09:54:39,65.965,100,
09:54:39,65.96,468,
09:54:47,65.97,400,
09:54:47,65.97,200,
09:54:48,65.9783,140,
09:54:48,65.97,400,
09:54:48,65.97,400,
09:54:48,65.97,200,
09:54:48,65.97,100,
09:54:49,65.98,100,
09:54:49,65.99,900,
09:54:49,65.99,2900,
09:54:49,65.99,200,
09:54:51,66,100,
09:54:52,65.99,506,
09:54:52,65.99,800,
09:54:52,65.99,200,
09:54:53,65.99,200,
09:54:54,65.99,200,
09:54:54,65.99,391,
09:54:57,65.99,100,
09:54:59,65.99,200,
09:54:59,65.99,100,
09:55:00,65.99,200,
09:55:01,65.9983,500,
09:55:02,65.99,100,
09:55:04,65.98,200,
09:55:05,65.99,500,
09:55:13,65.99,300,
09:55:13,65.99,100,
09:55:13,65.99,300,
09:55:13,65.99,400,
09:55:13,65.99,200,
09:55:17,65.99,400,
09:55:17,65.99,200,
09:55:17,65.99,400,
09:55:17,65.99,100,
09:55:22,65.9999,2900,
09:55:23,65.99,100,
09:55:23,65.99,100,
09:55:23,65.99,700,
09:55:23,65.99,1000,
09:55:23,65.99,100,
09:55:23,65.99,500,
09:55:28,65.98,200,
09:55:30,65.98,100,
09:55:30,65.98,100,
09:55:30,65.98,1300,
09:55:30,65.98,100,
09:55:31,65.98,1200,
09:55:31,65.98,800,
09:55:31,65.98,200,
09:55:31,65.98,200,
09:55:31,65.98,200,
09:55:31,65.98,1000,
09:55:31,65.98,1600,
09:55:32,65.98,200,
09:55:32,65.98,700,
09:55:32,65.98,400,
09:55:32,65.98,100,
09:55:32,65.98,400,
09:55:32,65.98,200,
09:55:32,65.98,100,
09:55:32,65.98,1400,
09:55:32,65.98,100,
09:55:33,65.98,107,
09:55:48,65.99,200,
09:55:48,65.99,1100,
09:55:49,65.99,144,
09:55:49,65.99,100,
09:55:53,65.995,100,
09:55:56,66,100,
09:55:56,65.981,100,
09:55:56,65.9808,470,
09:55:57,65.99,600,
09:55:58,65.99,100,
09:55:58,65.9863,1000,
09:56:01,65.985,100,
09:56:01,65.99,114,
09:56:01,65.99,100,
09:56:02,66,380,
09:56:02,66,400,
09:56:04,66.01,515,
09:56:04,66.01,985,
09:56:04,66.01,115,
09:56:04,66.01,284,
09:56:04,66.01,800,
09:56:04,66.01,285,
09:56:04,66.01,800,
09:56:04,66.01,1000,
09:56:05,66.02,300,
09:56:05,66.02,500,
09:56:08,66.01,200,
09:56:08,66.02,400,
09:56:11,66.01,500,
09:56:12,66.02,2000,
09:56:14,66.0101,4000,
09:56:15,66.01,600,
09:56:15,66.01,100,
09:56:15,66.01,200,
09:56:15,66.01,100,
09:56:15,66.01,100,
09:56:15,66.01,100,
09:56:15,66.01,100,
09:56:21,66.01,800,
09:56:22,66,100,
09:56:23,66.01,200,
09:56:23,66.01,200,
09:56:23,66.01,200,
09:56:34,66.0101,500,
09:56:38,66.01,200,
09:56:40,66.0028,700,
09:56:43,66,600,
09:56:43,66,393,
09:56:59,65.99,100,
09:57:01,66,500,
09:57:02,66,1500,
09:57:02,66,200,
09:57:06,66.005,100,
09:57:06,66.005,100,
09:57:11,66,200,
09:57:11,66,100,
09:57:11,66.005,100,
09:57:11,66,100,
09:57:11,66,100,
09:57:13,65.9936,200,
09:57:26,65.99,100,
09:57:30,66,100,
09:57:31,66.01,100,
09:57:31,66.01,10000,
09:57:32,66.01,300,
09:57:32,66.01,500,
09:57:32,66.008,10000,
09:57:33,66.015,100,
09:57:36,66.01,200,
09:57:36,66.01,200,
09:57:39,66.01,1200,
09:57:39,66.01,100,
09:57:39,66.02,400,
09:57:39,66.02,300,
09:57:39,66.02,600,
09:57:39,66.02,4000,
09:57:39,66.02,300,
09:57:39,66.02,800,
09:57:39,66.02,800,
09:57:39,66.02,500,
09:57:39,66.02,200,
09:57:39,66.02,400,
09:57:39,66.02,500,
09:57:43,66.01,100,
09:57:43,66.01,500,
09:57:43,66.01,800,
09:57:43,66.01,100,
09:57:43,66.01,200,
09:57:45,66.015,100,
09:57:46,66.01,100,
09:57:46,66.01,4161,
09:57:54,66,400,
09:58:00,66,700,
09:58:00,66,100,
09:58:00,66,200,
09:58:01,66,200,
09:58:05,66.005,100,
09:58:06,66,700,
09:58:06,66,700,
09:58:06,66,400,
09:58:06,66,200,
09:58:10,66.01,1500,
09:58:16,66,100,
09:58:36,66.01,300,
09:58:38,66.01,200,
09:59:00,66.01,100,
09:59:02,66.005,100,
09:59:04,66,100,
09:59:04,66,100,
09:59:04,66,100,
09:59:09,66,200,
09:59:09,66,200,
09:59:09,66,100,
09:59:09,66,1300,
09:59:09,66,300,
09:59:12,66.01,2200,
09:59:13,66.01,2800,
09:59:17,66.0101,100,
09:59:21,66.015,100,
09:59:23,66.02,100,
09:59:23,66.02,1970,
09:59:29,66.02,100,
09:59:29,66.02,200,
09:59:30,66.02,300,
09:59:31,66.02,900,
09:59:39,66.03,100,
09:59:39,66.03,100,
09:59:59,66.0201,500,
09:59:59,66.03,100,
10:00:02,66.02,160,
10:00:05,66.0248,500,
10:00:05,66.02,100,
10:00:05,66.02,200,
10:00:05,66.02,400,
10:00:08,66.029,1500,
10:00:11,66.0217,300,
10:00:12,66.03,500,
10:00:13,66.03,100,
10:00:13,66.03,100,
10:00:13,66.03,100,
10:00:13,66.03,100,
10:00:13,66.03,100,
10:00:13,66.039,300,
10:00:15,66.04,100,
10:00:16,66.03,100,
10:00:23,66.03,100,
10:00:23,66.03,100,
10:00:23,66.03,100,
10:00:23,66.035,100,
10:00:23,66.035,100,
10:00:23,66.04,500,
10:00:24,66.0399,166,
10:00:27,66.035,100,
10:00:28,66.03,200,
10:00:28,66.03,223,
10:00:28,66.0201,166,
10:00:36,66.02,800,
10:00:36,66.02,700,
10:00:43,66.01,200,
10:00:53,66.0017,225,
10:00:55,66.01,400,
10:00:56,66.02,760,
10:00:57,66.01,100,
10:00:59,66.02,100,
10:01:13,66.02,100,
10:01:14,66.0155,750,
10:01:36,66,100,
10:01:36,66,200,
10:01:39,65.99,300,
10:01:39,65.99,100,
10:01:40,65.99,100,
10:01:41,65.99,100,
10:01:45,65.99,100,
10:01:45,65.99,200,
10:01:50,66,300,
10:01:50,66,400,
10:01:50,66,200,
10:01:54,65.9917,1000,
10:02:00,66,200,
10:02:02,66,169,
10:02:02,66,100,
10:02:05,66.01,200,
10:02:05,66.01,300,
10:02:05,66.01,200,
10:02:05,66.01,100,
10:02:07,66,100,
10:02:07,66,100,
10:02:09,66,200,
10:02:09,66,200,
10:02:11,66,100,
10:02:12,66,100,
10:02:18,66,100,
10:02:18,66,100,
10:02:22,66,100,
10:02:22,66,100,
10:02:22,66,600,
10:02:22,66,100,
10:02:36,66,100,
10:02:38,66,200,
10:02:38,66,200,
10:02:38,66,1100,
10:02:38,66,700,
10:02:38,66,200,
10:02:38,66,200,
10:02:38,66,400,
10:02:38,66,200,
10:02:38,66.005,100,
10:02:38,65.99,400,
10:02:38,65.99,100,
10:02:38,65.99,1200,
10:02:38,65.99,500,
10:02:38,66,300,
10:02:40,65.9901,300,
10:02:42,66,1000,
10:02:42,66,4000,
10:02:45,66,100,
10:02:49,65.995,500,
10:02:49,65.99,232,
10:02:49,65.995,100,
10:02:49,65.995,1000,
10:02:49,65.9999,100,
10:02:49,65.995,400,
10:02:49,65.99,100,
10:02:49,65.995,155,
10:02:50,65.98,200,
10:02:50,65.98,1100,
10:02:50,65.98,200,
10:02:50,65.98,200,
10:02:53,65.97,100,
10:02:54,65.97,100,
10:02:59,65.97,100,
10:02:59,65.97,300,
10:03:00,65.96,3100,
10:03:00,65.96,100,
10:03:01,65.97,100,
10:03:01,65.97,100,
10:03:01,65.97,400,
10:03:01,65.96,1700,
10:03:01,65.96,3000,
10:03:01,65.96,600,
10:03:01,65.96,200,
10:03:02,65.96,106,
10:03:04,65.95,400,
10:03:04,65.95,400,
10:03:04,65.95,300,
10:03:04,65.95,300,
10:03:04,65.95,100,
10:03:04,65.95,200,
10:03:04,65.95,100,
10:03:08,65.95,300,
10:03:09,65.95,300,
10:03:09,65.95,200,
10:03:09,65.95,100,
10:03:13,65.95,300,
10:03:13,65.95,200,
10:03:20,65.94,100,
10:03:20,65.94,200,
10:03:22,65.94,400,
10:03:23,65.93,5000,
10:03:34,65.93,100,
10:03:34,65.93,100,
10:03:34,65.92,3700,
10:03:34,65.93,200,
10:03:35,65.93,400,
10:03:35,65.93,200,
10:03:35,65.93,400,
10:03:35,65.94,200,
10:03:37,65.94,500,
10:03:44,65.949,2000,
10:03:49,65.94,100,
10:03:52,65.9308,100,
10:04:01,65.94,200,
10:04:08,65.95,200,
10:04:09,65.96,200,
10:04:14,65.95,100,
10:04:14,65.95,400,
10:04:15,65.945,2603,
10:04:15,65.945,200,
10:04:15,65.945,200,
10:04:15,65.945,284,
10:04:15,65.96,400,
10:04:16,65.95,100,
10:04:16,65.95,100,
10:04:18,65.95,200,
10:04:29,65.95,100,
10:04:29,65.95,200,
10:04:34,65.94,100,
10:04:40,65.95,600,
10:04:40,65.95,700,
10:04:40,65.95,700,
10:04:40,65.96,400,
10:04:41,65.9583,1000,
10:04:46,65.95,200,
10:04:56,65.94,300,
10:04:56,65.94,100,
10:04:56,65.94,800,
10:04:57,65.94,500,
10:04:57,65.94,1600,
10:04:58,65.93,200,
10:05:02,65.93,400,
10:05:03,65.94,200,
10:05:03,65.94,200,
10:05:03,65.94,200,
10:05:03,65.94,200,
10:05:03,65.94,100,
10:05:03,65.94,100,
10:05:03,65.94,200,
10:05:03,65.94,100,
10:05:03,65.93,200,
10:05:04,65.93,300,
10:05:05,65.92,5000,
10:05:07,65.92,100,
10:05:08,65.92,200,
10:05:08,65.92,100,
10:05:09,65.91,100,
10:05:09,65.91,200,
10:05:09,65.91,193,
10:05:14,65.91,200,
10:05:22,65.91,100,
10:05:22,65.91,200,
10:05:23,65.91,100,
10:05:25,65.91,100,
10:05:27,65.9016,175,
10:05:29,65.90,100,
10:05:29,65.90,200,
10:05:29,65.90,500,
10:05:29,65.905,100,
10:05:30,65.90,100,
10:05:30,65.90,100,
10:05:30,65.90,100,
10:05:31,65.89,200,
10:05:32,65.89,400,
10:05:32,65.89,200,
10:05:32,65.89,200,
10:05:32,65.89,200,
10:05:32,65.89,200,
10:05:32,65.89,700,
10:05:33,65.89,200,
10:05:33,65.89,800,
10:05:33,65.89,500,
10:05:33,65.89,200,
10:05:33,65.89,100,
10:05:34,65.89,100,
10:05:34,65.89,200,
10:05:34,65.89,1200,
10:05:34,65.89,900,
10:05:34,65.89,330,
10:05:34,65.89,200,
10:05:34,65.89,700,
10:05:34,65.89,600,
10:05:34,65.89,800,
10:05:34,65.89,530,
10:05:34,65.88,100,
10:05:40,65.89,100,
10:05:40,65.89,100,
10:05:41,65.89,200,
10:05:43,65.89,100,
10:05:45,65.89,100,
10:05:47,65.89,100,
10:05:51,65.90,800,
10:05:51,65.90,200,
10:05:55,65.90,200,
10:05:59,65.91,200,
10:06:00,65.918,211,
10:06:01,65.9101,500,
10:06:03,65.915,100,
10:06:03,65.91,100,
10:06:03,65.91,100,
10:06:03,65.91,100,
10:06:03,65.915,100,
10:06:04,65.91,100,
10:06:05,65.91,1000,
10:06:05,65.91,600,
10:06:11,65.91,600,
10:06:14,65.91,200,
10:06:15,65.91,100,
10:06:16,65.90,200,
10:06:20,65.88,3200,
10:06:20,65.88,800,
10:06:22,65.89,100,
10:06:22,65.89,300,
10:06:27,65.90,200,
10:06:29,65.90,400,
10:06:30,65.90,400,
10:06:34,65.90,200,
10:06:36,65.90,100,
10:06:43,65.89,200,
10:06:45,65.89,200,
10:06:46,65.89,600,
10:06:46,65.89,800,
10:06:52,65.90,500,
10:06:52,65.90,200,
10:06:53,65.90,200,
10:06:54,65.8999,300,
10:06:55,65.89,100,
10:06:55,65.89,100,
10:07:01,65.88,800,
10:07:01,65.88,3300,
10:07:02,65.87,100,
10:07:03,65.87,100,
10:07:03,65.87,1100,
10:07:03,65.87,300,
10:07:03,65.87,300,
10:07:03,65.87,1600,
10:07:03,65.87,400,
10:07:03,65.87,300,
10:07:06,65.88,600,
10:07:06,65.88,100,
10:07:06,65.88,200,
10:07:08,65.88,100,
10:07:13,65.89,400,
10:07:13,65.89,500,
10:07:14,65.90,200,
10:07:15,65.91,500,
10:07:18,65.91,159,
10:07:22,65.91,100,
10:07:22,65.91,200,
10:07:22,65.91,1500,
10:07:22,65.91,100,
10:07:22,65.91,100,
10:07:22,65.91,200,
10:07:25,65.92,200,
10:07:28,65.91,100,
10:07:32,65.91,200,
10:07:35,65.92,200,
10:07:35,65.92,100,
10:07:35,65.92,1000,
10:07:40,65.94,200,
10:07:40,65.94,200,
10:07:41,65.93,1000,
10:07:48,65.95,800,
10:07:53,65.95,600,
10:07:53,65.95,900,
10:07:53,65.96,100,
10:07:53,65.96,800,
10:07:53,65.96,300,
10:07:53,65.96,600,
10:07:53,65.96,800,
10:07:53,65.96,2200,
10:07:53,65.96,500,
10:07:53,65.95,200,
10:07:53,65.95,600,
10:07:53,65.96,1900,
10:07:55,65.96,1802,
10:08:01,65.95,200,
10:08:01,65.96,368,
10:08:01,65.96,400,
10:08:01,65.96,1513,
10:08:01,65.96,800,
10:08:01,65.96,100,
10:08:01,65.96,900,
10:08:02,65.95,100,
10:08:03,65.95,200,
10:08:03,65.95,800,
10:08:03,65.95,200,
10:08:03,65.95,800,
10:08:03,65.95,400,
10:08:03,65.95,500,
10:08:03,65.95,700,
10:08:03,65.95,200,
10:08:03,65.95,200,
10:08:03,65.95,800,
10:08:10,65.95,328,
10:08:15,65.943,900,
10:08:15,65.95,800,
10:08:15,65.95,300,
10:08:15,65.95,800,
10:08:15,65.95,1000,
10:08:15,65.95,3700,
10:08:15,65.95,600,
10:08:15,65.9401,700,
10:08:18,65.95,200,
10:08:18,65.95,1000,
10:08:18,65.95,500,
10:08:18,65.95,600,
10:08:18,65.95,700,
10:08:18,65.95,300,
10:08:18,65.95,600,
10:08:18,65.95,300,
10:08:18,65.95,600,
10:08:19,65.945,1000,
10:08:23,65.95,100,
10:08:23,65.94,200,
10:08:23,65.95,100,
10:08:26,65.96,100,
10:08:26,65.96,200,
10:08:27,65.9545,200,
10:08:28,65.9501,4000,
10:08:31,65.95,100,
10:08:32,65.96,500,
10:08:32,65.94,500,
10:08:32,65.94,800,
10:08:32,65.945,130,
10:08:33,65.95,800,
10:08:34,65.94,100,
10:08:39,65.95,100,
10:08:39,65.95,100,
10:08:41,65.94,200,
10:08:41,65.94,500,
10:08:42,65.94,100,
10:08:42,65.94,400,
10:08:45,65.94,200,
10:08:46,65.94,100,
10:08:49,65.95,200,
10:08:51,65.95,400,
10:08:51,65.95,200,
10:08:53,65.96,100,
10:08:57,65.96,189,
10:09:01,65.96,400,
10:09:02,65.95,200,
10:09:04,65.9401,400,
10:09:04,65.9425,100,
10:09:04,65.941,100,
10:09:04,65.9401,358,
10:09:04,65.945,100,
10:09:04,65.95,100,
10:09:04,65.95,100,
10:09:04,65.95,100,
10:09:04,65.9425,100,
10:09:05,65.94,300,
10:09:06,65.94,3200,
10:09:10,65.95,100,
10:09:12,65.95,1100,
10:09:13,65.95,500,
10:09:14,65.95,200,
10:09:15,65.9501,2000,
10:09:18,65.94,500,
10:09:21,65.95,200,
10:09:22,65.95,100,
10:09:27,65.945,100,
10:09:39,65.94,100,
10:09:39,65.94,2506,
10:09:39,65.94,100,
10:09:40,65.94,100,
10:09:40,65.94,100,
10:09:50,65.94,200,
10:10:00,65.95,100,
10:10:02,65.95,100,
10:10:02,65.96,200,
10:10:14,65.95,3500,
10:10:14,65.95,1500,
10:10:14,65.95,100,
10:10:14,65.95,1500,
10:10:14,65.95,800,
10:10:14,65.95,600,
10:10:15,65.9583,100,
10:10:20,65.95,100,
10:10:20,65.95,100,
10:10:22,65.95,200,
10:10:29,65.94,214,
10:10:29,65.94,500,
10:10:29,65.94,900,
10:10:29,65.94,1700,
10:10:31,65.94,200,
10:10:33,65.94,200,
10:10:34,65.93,100,
10:10:36,65.92,200,
10:10:36,65.92,1000,
10:10:38,65.91,122,
10:10:41,65.91,200,
10:10:41,65.91,200,
10:10:41,65.91,400,
10:10:42,65.91,200,
10:10:47,65.91,400,
10:10:47,65.91,200,
10:10:48,65.91,100,
10:10:52,65.91,100,
10:10:56,65.91,100,
10:10:58,65.91,100,
10:11:05,65.90,1000,
10:11:05,65.8901,1100,
10:11:10,65.90,100,
10:11:11,65.91,200,
10:11:16,65.90,100,
10:11:21,65.90,100,
10:11:21,65.90,400,
10:11:21,65.90,600,
10:11:24,65.90,100,
10:11:28,65.91,200,
10:11:28,65.91,100,
10:11:29,65.92,200,
10:11:33,65.94,1000,
10:11:33,65.94,700,
10:11:34,65.95,1100,
10:11:34,65.95,200,
10:11:34,65.95,200,
10:11:34,65.95,200,
10:11:34,65.95,100,
10:11:35,65.95,100,
10:11:38,65.94,100,
10:11:39,65.939,300,
10:11:41,65.94,500,
10:11:41,65.94,200,
10:11:46,65.95,100,
10:11:48,65.94,100,
10:11:48,65.94,300,
10:11:50,65.94,800,
10:11:50,65.94,1016,
10:11:50,65.933,175,
10:11:50,65.95,100,
10:11:57,65.96,200,
10:11:57,65.96,200,
10:11:57,65.96,200,
10:11:57,65.97,500,
10:11:57,65.97,999,
10:12:03,65.98,100,
10:12:04,65.97,500,
10:12:04,65.97,100,
10:12:04,65.97,100,
10:12:04,65.96,100,
10:12:04,65.96,100,
10:12:04,65.96,300,
10:12:04,65.975,100,
10:12:04,65.975,100,
10:12:04,65.96,400,
10:12:04,65.96,1000,
10:12:04,65.975,100,
10:12:07,65.95,100,
10:12:10,65.95,200,
10:12:11,65.96,1000,
10:12:12,65.9617,163,
10:12:17,65.96,100,
10:12:36,65.96,100,
10:12:36,65.96,200,
10:12:39,65.9699,5000,
10:12:39,65.97,1400,
10:12:39,65.97,400,
10:12:39,65.97,163,
10:12:40,65.9617,1000,
10:12:40,65.97,200,
10:12:41,65.96,1500,
10:12:41,65.96,100,
10:12:41,65.96,150,
10:12:41,65.96,500,
10:12:41,65.96,400,
10:12:41,65.96,800,
10:12:41,65.96,600,
10:12:41,65.96,800,
10:12:41,65.96,100,
10:12:41,65.95,300,
10:12:41,65.95,300,
10:12:41,65.95,1000,
10:12:41,65.95,120,
10:12:41,65.95,200,
10:12:41,65.95,200,
10:12:41,65.95,200,
10:12:41,65.95,800,
10:12:41,65.95,200,
10:12:41,65.95,1370,
10:12:41,65.96,200,
10:12:41,65.94,400,
10:12:41,65.94,200,
10:12:41,65.94,200,
10:12:41,65.94,200,
10:12:42,65.94,100,
10:12:42,65.94,100,
10:12:42,65.94,237,
10:12:43,65.94,160,
10:12:44,65.94,125,
10:12:50,65.93,100,
10:12:57,65.94,100,
10:12:59,65.94,200,
10:13:13,65.93,100,
10:13:13,65.93,100,
10:13:15,65.94,300,
10:13:20,65.94,600,
10:13:20,65.94,1100,
10:13:21,65.935,100,
10:13:21,65.935,100,
10:13:21,65.94,100,
10:13:21,65.94,100,
10:13:21,65.94,100,
10:13:21,65.94,100,
10:13:33,65.94,200,
10:13:33,65.94,100,
10:13:33,65.94,100,
10:13:39,65.95,200,
10:13:52,65.95,3200,
10:13:52,65.95,100,
10:13:52,65.95,100,
10:13:52,65.95,100,
10:13:59,65.94,700,
10:13:59,65.94,100,
10:13:59,65.93,200,
10:13:59,65.93,200,
10:13:59,65.93,700,
10:13:59,65.93,500,
10:14:06,65.94,200,
10:14:06,65.94,160,
10:14:10,65.94,400,
10:14:10,65.94,100,
10:14:10,65.94,600,
10:14:10,65.94,200,
10:14:10,65.94,200,
10:14:16,65.9483,1062,
10:14:18,65.94,225,
10:14:31,65.93,200,
10:14:31,65.94,500,
10:14:31,65.93,142,
10:14:39,65.91,100,
10:14:39,65.91,100,
10:14:39,65.90,100,
10:14:40,65.90,100,
10:14:44,65.8917,400,
10:14:47,65.89,700,
10:14:49,65.88,200,
10:14:49,65.88,200,
10:14:49,65.89,442,
10:14:53,65.8917,100,
10:14:55,65.90,100,
10:14:55,65.90,200,
10:14:55,65.90,100,
10:15:01,65.91,200,
10:15:05,65.91,400,
10:15:05,65.915,100,
10:15:05,65.91,100,
10:15:07,65.90,800,
10:15:07,65.90,700,
10:15:08,65.90,1127,
10:15:09,65.90,500,
10:15:09,65.90,200,
10:15:09,65.90,200,
10:15:09,65.90,200,
10:15:09,65.90,200,
10:15:12,65.90,393,
10:15:16,65.91,400,
10:15:17,65.91,200,
10:15:19,65.91,400,
10:15:22,65.91,100,
10:15:22,65.90,200,
10:15:36,65.89,200,
10:15:39,65.88,388,
10:15:39,65.88,600,
10:15:39,65.88,1700,
10:15:40,65.87,200,
10:15:42,65.88,100,
10:15:43,65.87,100,
10:15:43,65.87,200,
10:15:43,65.87,100,
10:15:43,65.87,3500,
10:15:43,65.87,100,
10:15:43,65.87,100,
10:15:43,65.87,100,
10:15:47,65.86,200,
10:15:48,65.85,1900,
10:15:51,65.85,100,
10:15:53,65.85,500,
10:15:53,65.85,300,
10:15:53,65.85,1000,
10:15:53,65.85,500,
10:15:53,65.85,100,
10:15:53,65.85,600,
10:15:53,65.85,2200,
10:15:53,65.85,200,
10:15:53,65.85,200,
10:15:53,65.85,1700,
10:15:53,65.85,600,
10:15:55,65.85,800,
10:15:55,65.85,300,
10:15:55,65.85,100,
10:15:55,65.85,1900,
10:15:55,65.85,400,
10:15:55,65.85,1000,
10:15:55,65.8583,200,
10:15:55,65.86,100,
10:15:55,65.86,200,
10:15:55,65.86,200,
10:15:55,65.86,200,
10:15:55,65.86,200,
10:15:55,65.86,100,
10:15:56,65.86,100,
10:15:56,65.86,200,
10:15:56,65.86,200,
10:16:00,65.87,300,
10:16:00,65.87,500,
10:16:00,65.87,400,
10:16:00,65.87,200,
10:16:00,65.87,200,
10:16:01,65.87,200,
10:16:01,65.8726,1000,
10:16:06,65.88,100,
10:16:08,65.88,100,
10:16:08,65.89,200,
10:16:10,65.89,200,
10:16:17,65.87,1200,
10:16:17,65.87,400,
10:16:17,65.87,200,
10:16:17,65.87,100,
10:16:17,65.87,100,
10:16:17,65.87,500,
10:16:17,65.87,100,
10:16:17,65.87,200,
10:16:20,65.87,800,
10:16:24,65.88,200,
10:16:28,65.89,200,
10:16:30,65.88,600,
10:16:30,65.89,100,
10:16:31,65.8899,3000,
10:16:33,65.89,1200,
10:16:34,65.8917,304,
10:16:37,65.90,197,
10:16:42,65.90,205,
10:16:42,65.90,200,
10:16:45,65.90,200,
10:16:53,65.90,400,
10:16:56,65.89,202,
10:16:56,65.89,198,
10:17:00,65.89,400,
10:17:04,65.89,200,
10:17:08,65.88,100,
10:17:08,65.88,800,
10:17:08,65.88,300,
10:17:08,65.88,100,
10:17:11,65.89,1300,
10:17:16,65.881,100,
10:17:18,65.89,2700,
10:17:21,65.881,100,
10:17:21,65.89,100,
10:17:21,65.89,500,
10:17:21,65.89,200,
10:17:21,65.89,3000,
10:17:24,65.90,100,
10:17:25,65.90,100,
10:17:27,65.905,1934,
10:17:32,65.901,100,
10:17:36,65.91,100,
10:17:38,65.92,200,
10:17:38,65.92,100,
10:17:46,65.92,500,
10:17:46,65.92,100,
10:17:46,65.92,100,
10:17:56,65.9101,100,
10:17:58,65.92,200,
10:17:58,65.92,200,
10:17:59,65.93,300,
10:18:14,65.9217,272,
10:18:17,65.92,200,
10:18:17,65.92,300,
10:18:17,65.92,100,
10:18:17,65.92,110,
10:18:17,65.92,300,
10:18:17,65.92,100,
10:18:17,65.92,300,
10:18:17,65.92,100,
10:18:17,65.92,100,
10:18:17,65.92,200,
10:18:17,65.925,100,
10:18:17,65.92,100,
10:18:17,65.92,100,
10:18:17,65.92,1000,
10:18:17,65.92,200,
10:18:18,65.92,100,
10:18:18,65.92,110,
10:18:18,65.92,200,
10:18:18,65.92,133,
10:18:18,65.92,500,
10:18:21,65.92,200,
10:18:27,65.92,1800,
10:18:27,65.92,100,
10:18:33,65.92,100,
10:18:41,65.93,200,
10:18:41,65.93,800,
10:18:41,65.93,100,
10:18:41,65.93,200,
10:19:00,65.94,100,
10:19:00,65.94,1000,
10:19:00,65.94,123,
10:19:00,65.95,500,
10:19:00,65.94,800,
10:19:00,65.94,200,
10:19:06,65.93,200,
10:19:06,65.93,600,
10:19:06,65.93,300,
10:19:06,65.93,100,
10:19:06,65.93,200,
10:19:06,65.93,200,
10:19:06,65.93,324,
10:19:06,65.93,200,
10:19:06,65.93,200,
10:19:06,65.93,800,
10:19:06,65.925,200,
10:19:06,65.93,171,
10:19:18,65.9218,501,
10:19:22,65.92,100,
10:19:22,65.92,200,
10:19:35,65.91,100,
10:19:49,65.91,100,
10:19:49,65.91,200,
10:19:49,65.91,100,
10:19:52,65.91,200,
10:19:54,65.91,500,
10:19:54,65.91,200,
10:19:54,65.91,400,
10:19:54,65.90,200,
10:19:59,65.91,900,
10:20:01,65.90,2100,
10:20:01,65.90,5000,
10:20:01,65.90,200,
10:20:04,65.90,100,
10:20:04,65.90,100,
10:20:06,65.90,200,
10:20:06,65.90,984,
10:20:07,65.90,100,
10:20:12,65.90,100,
10:20:12,65.90,100,
10:20:12,65.90,100,
10:20:17,65.905,145,
10:20:17,65.90,200,
10:20:23,65.90,200,
10:20:23,65.90,100,
10:20:23,65.90,800,
10:20:23,65.90,400,
10:20:23,65.90,700,
10:20:23,65.90,100,
10:20:23,65.90,2400,
10:20:23,65.89,1600,
10:20:23,65.89,400,
10:20:24,65.90,200,
10:20:25,65.89,100,
10:20:25,65.89,100,
10:20:25,65.89,300,
10:20:25,65.90,200,
10:20:25,65.89,100,
10:20:25,65.89,100,
10:20:25,65.89,300,
10:20:29,65.91,201,
10:20:29,65.91,100,
10:20:32,65.91,500,
10:20:32,65.91,100,
10:20:32,65.91,200,
10:20:35,65.91,100,
10:20:35,65.91,100,
10:20:37,65.90,200,
10:20:45,65.90,200,
10:20:57,65.89,100,
10:20:59,65.8917,369,
10:21:00,65.90,200,
10:21:00,65.90,1800,
10:21:00,65.89,200,
10:21:00,65.89,100,
10:21:00,65.89,100,
10:21:00,65.89,100,
10:21:00,65.89,200,
10:21:01,65.88,1600,
10:21:03,65.885,100,
10:21:03,65.8825,100,
10:21:04,65.87,100,
10:21:07,65.88,600,
10:21:07,65.88,200,
10:21:08,65.88,100,
10:21:11,65.88,100,
10:21:11,65.88,100,
10:21:19,65.87,1100,
10:21:19,65.87,100,
10:21:19,65.87,100,
10:21:20,65.86,100,
10:21:23,65.86,200,
10:21:23,65.86,200,
10:21:27,65.86,400,
10:21:30,65.85,200,
10:21:30,65.83,577,
10:21:30,65.8301,1600,
10:21:30,65.835,100,
10:21:30,65.83,100,
10:21:30,65.83,100,
10:21:31,65.84,200,
10:21:32,65.8301,215,
10:21:32,65.84,800,
10:21:32,65.84,200,
10:21:32,65.84,200,
10:21:32,65.84,400,
10:21:35,65.84,2000,
10:21:38,65.84,100,
10:21:39,65.85,300,
10:21:39,65.85,1100,
10:21:39,65.85,200,
10:21:39,65.85,200,
10:21:39,65.85,200,
10:21:39,65.85,200,
10:21:39,65.86,700,
10:21:40,65.86,600,
10:21:41,65.8699,2500,
10:21:43,65.86,200,
10:21:45,65.86,1400,
10:21:45,65.86,279,
10:21:45,65.86,800,
10:21:45,65.86,800,
10:21:45,65.86,600,
10:21:45,65.86,100,
10:21:47,65.87,200,
10:21:47,65.87,200,
10:22:02,65.88,700,
10:22:02,65.88,200,
10:22:06,65.88,100,
10:22:11,65.89,200,
10:22:12,65.89,100,
10:22:12,65.89,100,
10:22:13,65.89,100,
10:22:13,65.89,200,
10:22:13,65.89,300,
10:22:16,65.89,235,
10:22:19,65.88,100,
10:22:19,65.88,100,
10:22:20,65.88,100,
10:22:20,65.88,166,
10:22:20,65.88,100,
10:22:20,65.88,800,
10:22:20,65.88,700,
10:22:20,65.88,100,
10:22:20,65.88,400,
10:22:21,65.88,500,
10:22:23,65.89,1200,
10:22:23,65.89,1800,
10:22:28,65.87,200,
10:22:28,65.87,500,
10:22:28,65.87,500,
10:22:28,65.87,800,
10:22:28,65.87,300,
10:22:28,65.87,700,
10:22:28,65.87,100,
10:22:29,65.87,200,
10:22:30,65.86,600,
10:22:31,65.8501,300,
10:22:35,65.86,100,
10:22:41,65.86,700,
10:22:44,65.85,100,
10:22:45,65.85,2766,
10:22:45,65.85,200,
10:22:45,65.85,200,
10:22:45,65.85,800,
10:22:45,65.85,100,
10:22:45,65.85,100,
10:22:47,65.84,100,
10:22:51,65.84,300,
10:22:51,65.84,300,
10:22:51,65.84,400,
10:22:53,65.85,200,
10:22:53,65.85,200,
10:22:53,65.85,800,
10:22:53,65.85,500,
10:22:53,65.85,200,
10:23:00,65.84,292,
10:23:00,65.84,708,
10:23:01,65.84,5000,
10:23:01,65.84,500,
10:23:01,65.84,1000,
10:23:01,65.84,600,
10:23:01,65.84,100,
10:23:01,65.84,400,
10:23:01,65.84,3008,
10:23:02,65.84,700,
10:23:02,65.84,200,
10:23:07,65.83,277,
10:23:10,65.84,170,
10:23:11,65.8499,200,
10:23:14,65.84,100,
10:23:14,65.84,100,
10:23:34,65.84,200,
10:23:34,65.84,200,
10:23:34,65.84,200,
10:23:36,65.83,200,
10:23:40,65.83,768,
10:23:40,65.83,100,
10:23:40,65.83,200,
10:23:40,65.83,200,
10:23:40,65.83,200,
10:23:41,65.82,725,
10:23:41,65.81,100,
10:23:41,65.80,200,
10:23:42,65.80,200,
10:23:42,65.81,500,
10:23:42,65.81,200,
10:23:42,65.81,100,
10:23:42,65.81,237,
10:23:42,65.81,1600,
10:23:42,65.81,600,
10:23:42,65.81,800,
10:23:42,65.8101,400,
10:23:44,65.81,200,
10:23:44,65.81,200,
10:23:51,65.81,400,
10:23:51,65.81,600,
10:23:51,65.81,800,
10:23:51,65.81,700,
10:23:51,65.81,4100,
10:23:52,65.82,700,
10:23:52,65.82,200,
10:23:52,65.82,1400,
10:23:53,65.82,200,
10:23:53,65.82,100,
10:23:53,65.82,100,
10:23:53,65.82,200,
10:23:53,65.82,100,
10:23:56,65.81,200,
10:23:56,65.81,200,
10:23:56,65.81,195,
10:23:56,65.81,1300,
10:23:56,65.81,600,
10:23:56,65.81,3600,
10:23:56,65.81,200,
10:23:56,65.81,200,
10:23:56,65.81,100,
10:23:56,65.80,639,
10:23:57,65.80,400,
10:23:57,65.80,600,
10:23:57,65.80,600,
10:23:57,65.80,1700,
10:23:57,65.80,3100,
10:23:57,65.80,2600,
10:23:57,65.80,500,
10:23:57,65.80,100,
10:23:58,65.80,300,
10:23:58,65.80,150,
10:23:58,65.81,200,
10:23:59,65.80,9100,
10:23:59,65.80,700,
10:23:59,65.80,100,
10:23:59,65.80,1000,
10:23:59,65.80,664,
10:23:59,65.80,300,
10:23:59,65.80,800,
10:23:59,65.805,200,
10:24:01,65.805,200,
10:24:01,65.81,200,
10:24:02,65.81,200,
10:24:05,65.81,200,
10:24:05,65.81,100,
10:24:05,65.81,300,
10:24:06,65.81,100,
10:24:06,65.81,100,
10:24:08,65.82,200,
10:24:08,65.82,300,
10:24:11,65.82,200,
10:24:12,65.82,500,
10:24:13,65.81,500,
10:24:13,65.81,800,
10:24:13,65.81,300,
10:24:16,65.81,200,
10:24:16,65.81,600,
10:24:19,65.81,200,
10:24:23,65.81,100,
10:24:24,65.81,200,
10:24:28,65.82,100,
10:24:36,65.82,200,
10:24:40,65.83,132,
10:24:45,65.84,1400,
10:24:46,65.83,100,
10:24:46,65.83,200,
10:24:46,65.83,200,
10:24:51,65.84,100,
10:24:52,65.84,200,
10:24:55,65.8317,140,
10:24:57,65.84,200,
10:24:57,65.84,200,
10:24:57,65.84,800,
10:25:00,65.85,106,
10:25:00,65.85,400,
10:25:01,65.85,100,
10:25:06,65.85,500,
10:25:06,65.85,200,
10:25:06,65.85,100,
10:25:09,65.86,200,
10:25:09,65.87,500,
10:25:10,65.8701,1000,
10:25:10,65.87,200,
10:25:11,65.87,157,
10:25:12,65.87,100,
10:25:12,65.87,100,
10:25:12,65.87,100,
10:25:12,65.87,1000,
10:25:15,65.86,200,
10:25:19,65.8574,1024,
10:25:23,65.85,700,
10:25:23,65.85,240,
10:25:25,65.85,400,
10:25:29,65.84,200,
10:25:33,65.84,400,
10:25:33,65.84,1300,
10:25:33,65.84,200,
10:25:39,65.85,800,
10:25:39,65.85,200,
10:25:39,65.86,200,
10:25:39,65.86,500,
10:25:43,65.85,1000,
10:25:47,65.84,200,
10:25:53,65.85,400,
10:25:53,65.85,200,
10:25:58,65.85,800,
10:26:00,65.85,100,
10:26:00,65.85,100,
10:26:00,65.85,400,
10:26:00,65.85,900,
10:26:00,65.85,259,
10:26:00,65.85,200,
10:26:00,65.85,300,
10:26:00,65.85,200,
10:26:00,65.85,800,
10:26:00,65.85,200,
10:26:00,65.85,100,
10:26:00,65.85,100,
10:26:00,65.85,100,
10:26:02,65.85,200,
10:26:07,65.85,300,
10:26:11,65.842,3200,
10:26:16,65.849,100,
10:26:22,65.85,400,
10:26:22,65.85,100,
10:26:22,65.85,300,
10:26:22,65.85,100,
10:26:25,65.86,100,
10:26:27,65.85,200,
10:26:29,65.85,100,
10:26:29,65.85,100,
10:26:33,65.85,100,
10:26:42,65.8498,1960,
10:26:42,65.84,800,
10:26:43,65.84,417,
10:26:46,65.84,100,
10:26:49,65.85,800,
10:27:00,65.86,400,
10:27:05,65.86,100,
10:27:05,65.86,200,
10:27:05,65.865,100,
10:27:05,65.865,100,
10:27:15,65.86,100,
10:27:19,65.8583,100,
10:27:24,65.85,100,
10:27:36,65.86,200,
10:27:36,65.86,900,
10:27:36,65.86,600,
10:27:42,65.85,800,
10:27:42,65.85,100,
10:27:42,65.85,200,
10:27:42,65.85,400,
10:27:42,65.85,700,
10:27:42,65.85,300,
10:27:42,65.8501,3400,
10:27:43,65.85,200,
10:27:46,65.86,2800,
10:27:47,65.8503,8334,
10:27:47,65.855,900,
10:27:49,65.851,5000,
10:27:55,65.86,200,
10:27:55,65.86,200,
10:27:56,65.86,500,
10:27:56,65.86,100,
10:27:56,65.86,100,
10:27:56,65.86,100,
10:28:00,65.86,600,
10:28:18,65.85,5000,
10:28:26,65.86,100,
10:28:26,65.86,200,
10:28:40,65.86,300,
10:28:40,65.86,600,
10:28:40,65.85,100,
10:28:40,65.85,100,
10:28:40,65.85,100,
10:28:40,65.85,300,
10:28:40,65.85,200,
10:28:40,65.85,200,
10:28:43,65.85,100,
10:28:44,65.84,200,
10:28:45,65.84,100,
10:28:45,65.84,200,
10:28:45,65.84,200,
10:28:45,65.84,200,
10:28:45,65.84,100,
10:28:45,65.83,600,
10:28:51,65.83,100,
10:28:51,65.83,1000,
10:28:51,65.83,200,
10:28:51,65.83,200,
10:28:52,65.83,200,
10:28:56,65.82,100,
10:28:56,65.82,400,
10:28:56,65.82,100,
10:28:56,65.82,100,
10:28:56,65.82,1000,
10:29:00,65.83,1000,
10:29:06,65.83,300,
10:29:06,65.83,200,
10:29:06,65.83,200,
10:29:18,65.84,300,
10:29:19,65.84,161,
10:29:19,65.84,200,
10:29:19,65.84,200,
10:29:19,65.84,100,
10:29:20,65.8317,500,
10:29:30,65.83,100,
10:29:30,65.83,300,
10:29:30,65.83,600,
10:29:30,65.83,455,
10:29:30,65.83,400,
10:29:30,65.83,200,
10:29:30,65.83,300,
10:29:36,65.83,800,
10:29:36,65.83,100,
10:29:36,65.83,200,
10:29:37,65.823,613,
10:29:38,65.84,700,
10:29:38,65.84,500,
10:29:38,65.84,800,
10:29:55,65.84,2700,
10:29:55,65.84,500,
10:30:01,65.83,600,
10:30:01,65.83,100,
10:30:03,65.825,100,
10:30:03,65.825,100,
10:30:05,65.83,100,
10:30:05,65.83,100,
10:30:08,65.83,200,
10:30:08,65.835,100,
10:30:13,65.82,200,
10:30:13,65.81,2700,
10:30:13,65.81,200,
10:30:13,65.81,100,
10:30:13,65.80,100,
10:30:13,65.80,600,
10:30:17,65.81,443,
10:30:17,65.81,200,
10:30:17,65.81,200,
10:30:17,65.81,357,
10:30:17,65.81,200,
10:30:17,65.81,200,
10:30:17,65.82,100,
10:30:18,65.81,400,
10:30:19,65.81,400,
10:30:23,65.81,8010,
10:30:23,65.81,400,
10:30:23,65.81,500,
10:30:23,65.81,800,
10:30:23,65.81,800,
10:30:23,65.81,100,
10:30:23,65.81,600,
10:30:23,65.81,705,
10:30:23,65.81,700,
10:30:23,65.815,100,
10:30:23,65.81,100,
10:30:27,65.81,200,
10:30:27,65.81,100,
10:30:27,65.81,100,
10:30:32,65.8108,620,
10:30:35,65.82,200,
10:30:37,65.83,100,
10:30:39,65.83,200,
10:30:43,65.83,100,
10:30:43,65.83,200,
10:30:45,65.83,200,
10:30:48,65.83,200,
10:30:59,65.85,500,
10:30:59,65.85,200,
10:30:59,65.85,500,
10:31:01,65.85,200,
10:31:03,65.86,100,
10:31:04,65.85,150,
10:31:04,65.8472,200,
10:31:09,65.84,200,
10:31:09,65.84,400,
10:31:09,65.8403,3033,
10:31:10,65.8401,8333,
10:31:13,65.85,100,
10:31:22,65.85,200,
10:31:22,65.85,800,
10:31:22,65.85,400,
10:31:22,65.85,3000,
10:31:22,65.85,304,
10:31:22,65.85,600,
10:31:22,65.85,100,
10:31:22,65.85,200,
10:31:22,65.85,200,
10:31:22,65.85,800,
10:31:22,65.85,600,
10:31:22,65.85,200,
10:31:27,65.86,147,
10:31:27,65.86,1350,
10:31:27,65.86,300,
10:31:27,65.86,400,
10:31:30,65.855,510,
10:31:30,65.86,2500,
10:31:32,65.86,100,
10:31:32,65.86,200,
10:31:37,65.86,200,
10:31:43,65.86,200,
10:31:46,65.87,100,
10:31:47,65.87,100,
10:31:47,65.87,200,
10:31:47,65.87,100,
10:32:03,65.88,200,
10:32:14,65.87,300,
10:32:14,65.871,100,
10:32:14,65.8725,300,
10:32:23,65.88,200,
10:32:25,65.88,1300,
10:32:25,65.88,200,
10:32:39,65.88,200,
10:32:39,65.88,200,
10:32:40,65.89,100,
10:32:40,65.89,2100,
10:32:43,65.91,600,
10:32:44,65.9099,100,
10:32:56,65.91,100,
10:32:56,65.91,100,
10:32:56,65.91,200,
10:33:01,65.91,100,
10:33:02,65.91,200,
10:33:06,65.92,100,
10:33:08,65.92,100,
10:33:15,65.9117,220,
10:33:24,65.92,200,
10:33:33,65.92,200,
10:33:33,65.92,400,
10:33:33,65.92,400,
10:33:33,65.92,100,
10:33:33,65.93,600,
10:33:33,65.93,700,
10:33:33,65.93,500,
10:33:34,65.93,193,
10:33:34,65.93,100,
10:33:37,65.93,100,
10:33:37,65.93,800,
10:33:38,65.93,600,
10:33:39,65.93,100,
10:33:41,65.93,100,
10:33:43,65.93,1100,
10:33:43,65.93,100,
10:33:43,65.935,100,
10:33:47,65.93,100,
10:33:52,65.93,200,
10:33:58,65.94,200,
10:34:01,65.93,100,
10:34:01,65.93,100,
10:34:02,65.93,200,
10:34:02,65.93,800,
10:34:02,65.93,300,
10:34:02,65.93,200,
10:34:02,65.93,300,
10:34:02,65.93,100,
10:34:02,65.93,100,
10:34:02,65.94,400,
10:34:02,65.94,100,
10:34:03,65.94,800,
10:34:06,65.93,100,
10:34:06,65.92,115,
10:34:06,65.92,200,
10:34:11,65.93,200,
10:34:15,65.9301,1350,
10:34:16,65.94,400,
10:34:20,65.94,105,
10:34:20,65.94,100,
10:34:21,65.95,100,
10:34:21,65.95,400,
10:34:21,65.95,100,
10:34:22,65.95,2000,
10:34:26,65.94,100,
10:34:33,65.95,100,
10:34:34,65.94,1294,
10:34:34,65.94,100,
10:34:34,65.945,100,
10:34:37,65.94,200,
10:34:37,65.95,600,
10:34:38,65.95,100,
10:34:43,65.9499,700,
10:34:45,65.9417,1000,
10:34:52,65.95,500,
10:34:52,65.95,1200,
10:34:52,65.95,4000,
10:34:52,65.95,20600,
10:34:53,65.94,1051,
10:35:01,65.95,100,
10:35:01,65.95,100,
10:35:01,65.95,600,
10:35:01,65.95,700,
10:35:01,65.95,300,
10:35:01,65.95,300,
10:35:01,65.95,100,
10:35:01,65.95,100,
10:35:01,65.95,2800,
10:35:02,65.95,100,
10:35:03,65.95,700,
10:35:03,65.95,400,
10:35:03,65.95,100,
10:35:03,65.95,1800,
10:35:03,65.95,100,
10:35:04,65.95,1400,
10:35:08,65.94,1500,
10:35:12,65.95,200,
10:35:12,65.95,100,
10:35:12,65.95,700,
10:35:12,65.95,1300,
10:35:12,65.95,200,
10:35:15,65.94,200,
10:35:15,65.94,200,
10:35:15,65.94,100,
10:35:15,65.93,200,
10:35:18,65.93,499,
10:35:18,65.93,100,
10:35:18,65.93,200,
10:35:19,65.93,100,
10:35:26,65.93,400,
10:35:26,65.93,200,
10:35:32,65.93,1006,
10:35:42,65.94,200,
10:35:42,65.94,100,
10:35:42,65.94,100,
10:35:42,65.94,200,
10:35:42,65.94,200,
10:35:42,65.94,100,
10:35:42,65.94,200,
10:35:44,65.938,100,
10:35:48,65.93,200,
10:35:48,65.93,600,
10:35:48,65.93,100,
10:35:48,65.93,100,
10:35:48,65.93,800,
10:35:48,65.93,100,
10:35:51,65.93,200,
10:35:51,65.93,279,
10:35:51,65.93,200,
10:35:51,65.93,1200,
10:35:51,65.93,400,
10:35:51,65.94,400,
10:35:51,65.94,300,
10:35:51,65.94,600,
10:35:51,65.94,1200,
10:35:51,65.94,100,
10:35:51,65.94,400,
10:35:51,65.94,100,
10:35:51,65.94,100,
10:35:51,65.94,300,
10:35:51,65.94,500,
10:35:51,65.94,700,
10:35:51,65.94,100,
10:35:53,65.94,400,
10:35:56,65.93,4000,
10:36:26,65.94,200,
10:36:26,65.94,400,
10:36:26,65.94,200,
10:36:26,65.94,2300,
10:36:27,65.9301,400,
10:36:37,65.95,1500,
10:36:50,65.95,1200,
10:36:51,65.96,690,
10:36:51,65.96,500,
10:36:51,65.96,300,
10:36:57,65.965,100,
10:36:59,65.9699,700,
10:37:03,65.97,100,
10:37:03,65.96,400,
10:37:05,65.96,100,
10:37:05,65.96,117,
10:37:06,65.97,300,
10:37:06,65.96,100,
10:37:07,65.95,100,
10:37:09,65.95,200,
10:37:13,65.94,200,
10:37:32,65.93,100,
10:37:32,65.93,200,
10:37:35,65.93,100,
10:37:36,65.93,147,
10:37:43,65.93,100,
10:37:49,65.9383,1000,
10:38:01,65.9313,800,
10:38:13,65.93,100,
10:38:20,65.93,650,
10:38:21,65.93,200,
10:38:28,65.91,500,
10:38:28,65.91,200,
10:38:28,65.90,100,
10:38:31,65.9098,100,
10:38:31,65.91,700,
10:38:34,65.91,620,
10:38:34,65.90,100,
10:38:38,65.91,100,
10:38:44,65.91,176,
10:38:45,65.92,276,
10:38:45,65.92,300,
10:38:45,65.92,300,
10:38:45,65.92,600,
10:38:45,65.92,776,
10:38:46,65.92,200,
10:38:46,65.92,100,
10:38:49,65.92,800,
10:38:49,65.92,300,
10:38:50,65.92,100,
10:38:52,65.92,100,
10:38:59,65.9283,340,
10:39:08,65.93,100,
10:39:09,65.925,100,
10:39:12,65.92,100,
10:39:12,65.92,100,
10:39:12,65.925,100,
10:39:12,65.91,200,
10:39:12,65.91,200,
10:39:12,65.91,200,
10:39:12,65.91,200,
10:39:14,65.9101,3400,
10:39:27,65.91,100,
10:39:34,65.9027,200,
10:39:36,65.90,100,
10:39:36,65.90,100,
10:39:36,65.89,200,
10:39:36,65.89,100,
10:39:36,65.89,100,
10:39:37,65.89,100,
10:39:37,65.89,100,
10:39:42,65.8808,3400,
10:39:53,65.88,400,
10:39:53,65.88,100,
10:39:53,65.88,200,
10:39:55,65.88,800,
10:39:55,65.88,400,
10:39:55,65.88,200,
10:39:55,65.88,800,
10:39:55,65.88,200,
10:39:55,65.88,400,
10:40:02,65.8836,150,
10:40:08,65.89,200,
10:40:08,65.89,200,
10:40:08,65.89,120,
10:40:10,65.90,200,
10:40:10,65.90,200,
10:40:10,65.89,100,
10:40:11,65.89,4600,
10:40:15,65.89,300,
10:40:15,65.89,200,
10:40:17,65.8912,400,
10:40:25,65.90,200,
10:40:25,65.89,800,
10:40:27,65.90,1400,
10:40:27,65.90,200,
10:40:34,65.90,200,
10:40:40,65.90,200,
10:40:40,65.90,100,
10:40:40,65.90,100,
10:40:40,65.90,600,
10:40:40,65.90,500,
10:40:40,65.90,800,
10:40:40,65.90,600,
10:40:40,65.90,800,
10:40:40,65.90,800,
10:40:40,65.90,800,
10:40:40,65.90,200,
10:40:40,65.90,300,
10:40:40,65.90,200,
10:40:40,65.90,200,
10:40:40,65.90,800,
10:40:41,65.89,3000,
10:40:42,65.89,1000,
10:40:42,65.89,100,
10:40:42,65.89,600,
10:40:45,65.88,1200,
10:40:45,65.88,200,
10:40:45,65.88,400,
10:40:45,65.88,2500,
10:40:45,65.88,2000,
10:40:45,65.88,434,
10:40:45,65.88,4526,
10:40:45,65.88,500,
10:40:45,65.88,100,
10:41:01,65.8717,820,
10:41:06,65.879,400,
10:41:17,65.87,150,
10:41:17,65.87,100,
10:41:22,65.87,200,
10:41:25,65.87,200,
10:41:33,65.86,300,
10:41:33,65.86,100,
10:41:44,65.86,600,
10:41:44,65.86,200,
10:41:44,65.86,100,
10:41:44,65.86,100,
10:41:44,65.86,100,
10:41:44,65.86,200,
10:41:44,65.86,250,
10:41:44,65.86,600,
10:41:44,65.86,200,
10:41:44,65.86,100,
10:41:44,65.86,100,
10:41:44,65.86,200,
10:41:44,65.86,100,
10:41:44,65.86,100,
10:41:48,65.86,100,
10:41:48,65.86,100,
10:41:48,65.86,100,
10:41:49,65.85,100,
10:41:54,65.83,200,
10:42:03,65.835,100,
10:42:05,65.83,100,
10:42:05,65.83,123,
10:42:05,65.831,100,
10:42:08,65.82,200,
10:42:12,65.82,500,
10:42:12,65.82,100,
10:42:12,65.82,100,
10:42:14,65.82,100,
10:42:20,65.82,1500,
10:42:20,65.82,800,
10:42:20,65.82,200,
10:42:20,65.82,100,
10:42:20,65.82,300,
10:42:20,65.82,200,
10:42:20,65.82,100,
10:42:20,65.82,200,
10:42:20,65.82,127,
10:42:20,65.82,400,
10:42:20,65.82,100,
10:42:20,65.82,2400,
10:42:21,65.83,100,
10:42:21,65.83,2000,
10:42:21,65.83,1300,
10:42:21,65.83,200,
10:42:21,65.83,300,
10:42:22,65.82,200,
10:42:26,65.81,200,
10:42:27,65.81,100,
10:42:29,65.82,100,
10:42:32,65.81,200,
10:42:36,65.82,100,
10:42:36,65.82,2000,
10:42:36,65.82,700,
10:42:37,65.81,100,
10:42:37,65.81,200,
10:42:39,65.81,200,
10:42:40,65.80,200,
10:42:40,65.80,700,
10:42:40,65.80,100,
10:42:41,65.81,100,
10:42:42,65.80,1000,
10:42:42,65.80,400,
10:42:42,65.80,3200,
10:42:45,65.81,100,
10:42:45,65.81,1500,
10:42:45,65.81,200,
10:42:45,65.81,300,
10:42:48,65.82,600,
10:42:49,65.82,200,
10:42:52,65.82,200,
10:42:52,65.82,300,
10:42:53,65.83,300,
10:42:58,65.83,100,
10:42:58,65.83,200,
10:42:59,65.83,500,
10:43:01,65.83,200,
10:43:03,65.8209,158,
10:43:09,65.82,100,
10:43:18,65.82,100,
10:43:18,65.82,100,
10:43:22,65.83,200,
10:43:24,65.83,100,
10:43:24,65.83,400,
10:43:24,65.83,600,
10:43:24,65.83,1600,
10:43:29,65.84,200,
10:43:32,65.84,200,
10:43:33,65.85,100,
10:43:33,65.85,100,
10:43:34,65.85,200,
10:43:35,65.85,100,
10:43:35,65.85,100,
10:43:37,65.84,100,
10:43:40,65.84,100,
10:43:49,65.85,100,
10:43:58,65.85,100,
10:44:03,65.86,600,
10:44:03,65.8522,100,
10:44:13,65.85,100,
10:44:33,65.85,500,
10:44:33,65.85,200,
10:44:34,65.86,200,
10:44:37,65.8501,155,
10:44:45,65.85,100,
10:44:45,65.85,100,
10:44:46,65.84,100,
10:44:53,65.85,100,
10:44:53,65.85,100,
10:45:03,65.845,100,
10:45:05,65.845,100,
10:45:17,65.83,1400,
10:45:20,65.8299,150,
10:45:23,65.83,100,
10:45:23,65.83,100,
10:45:25,65.83,100,
10:45:26,65.84,200,
10:45:31,65.84,100,
10:45:31,65.84,100,
10:45:31,65.84,900,
10:45:32,65.84,100,
10:45:34,65.83,100,
10:45:40,65.83,100,
10:45:47,65.83,100,
10:45:47,65.81,400,
10:45:47,65.81,600,
10:45:48,65.81,200,
10:45:48,65.81,100,
10:45:49,65.81,2000,
10:45:52,65.82,200,
10:45:52,65.82,600,
10:45:52,65.82,200,
10:45:52,65.82,1338,
10:45:52,65.82,800,
10:45:52,65.82,200,
10:45:53,65.82,100,
10:45:56,65.81,100,
10:46:04,65.81,100,
10:46:18,65.83,100,
10:46:19,65.84,100,
10:46:20,65.85,100,
10:46:22,65.85,100,
10:46:22,65.85,100,
10:46:26,65.8436,100,
10:46:28,65.8317,1000,
10:46:34,65.84,100,
10:46:41,65.85,100,
10:46:41,65.85,300,
10:46:41,65.85,800,
10:46:41,65.85,400,
10:46:45,65.86,478,
10:46:45,65.87,500,
10:46:47,65.87,115,
10:46:48,65.87,100,
10:46:50,65.88,1000,
10:46:51,65.88,3200,
10:46:51,65.88,900,
10:46:51,65.88,600,
10:46:51,65.88,100,
10:46:51,65.88,1000,
10:46:52,65.88,100,
10:46:52,65.88,500,
10:46:52,65.88,100,
10:46:53,65.88,100,
10:46:55,65.89,500,
10:46:56,65.89,100,
10:46:58,65.89,200,
10:46:59,65.89,100,
10:47:00,65.88,800,
10:47:01,65.88,100,
10:47:03,65.88,100,
10:47:03,65.88,200,
10:47:03,65.88,600,
10:47:08,65.8801,165,
10:47:08,65.89,10000,
10:47:09,65.89,100,
10:47:09,65.88,135,
10:47:09,65.89,100,
10:47:10,65.8817,390,
10:47:15,65.88,600,
10:47:15,65.88,100,
10:47:15,65.88,100,
10:47:15,65.88,100,
10:47:15,65.88,100,
10:47:22,65.88,100,
10:47:23,65.87,200,
10:47:31,65.87,200,
10:47:31,65.87,100,
10:47:32,65.86,100,
10:47:34,65.8587,1000,
10:47:36,65.858,200,
10:47:36,65.86,100,
10:47:36,65.86,100,
10:47:36,65.86,700,
10:47:44,65.87,100,
10:47:48,65.88,100,
10:47:52,65.87,100,
10:48:13,65.87,100,
10:48:13,65.87,100,
10:48:19,65.88,100,
10:48:28,65.88,100,
10:48:32,65.88,100,
10:48:32,65.88,100,
10:48:38,65.89,100,
10:48:38,65.90,600,
10:48:39,65.91,500,
10:48:39,65.91,100,
10:48:43,65.90,100,
10:48:43,65.90,100,
10:48:44,65.90,400,
10:48:45,65.90,290,
10:48:49,65.90,100,
10:48:52,65.91,100,
10:48:52,65.91,100,
10:48:52,65.91,100,
10:48:55,65.90,400,
10:48:56,65.89,500,
10:48:59,65.885,350,
10:49:00,65.89,600,
10:49:00,65.89,700,
10:49:00,65.89,100,
10:49:00,65.89,100,
10:49:00,65.89,300,
10:49:00,65.89,1200,
10:49:07,65.8796,100,
10:49:11,65.89,100,
10:49:18,65.89,100,
10:49:18,65.89,400,
10:49:18,65.89,500,
10:49:18,65.89,600,
10:49:18,65.89,700,
10:49:18,65.89,100,
10:49:18,65.89,100,
10:49:22,65.89,100,
10:49:22,65.89,600,
10:49:22,65.89,400,
10:49:22,65.89,400,
10:49:22,65.89,600,
10:49:22,65.89,800,
10:49:22,65.89,100,
10:49:22,65.89,100,
10:49:27,65.88,200,
10:49:29,65.88,100,
10:49:34,65.89,100,
10:49:39,65.90,300,
10:49:53,65.91,100,
10:49:54,65.93,1000,
10:49:54,65.93,100,
10:49:54,65.93,200,
10:49:54,65.93,100,
10:49:56,65.92,100,
10:49:57,65.92,100,
10:50:01,65.92,100,
10:50:07,65.91,400,
10:50:11,65.90,200,
10:50:11,65.90,1500,
10:50:13,65.89,100,
10:50:17,65.89,200,
10:50:19,65.89,100,
10:50:28,65.89,500,
10:50:29,65.87,100,
10:50:35,65.87,300,
10:50:45,65.86,400,
10:50:51,65.86,100,
10:50:51,65.86,198,
10:51:09,65.855,100,
10:51:09,65.855,100,
10:51:14,65.86,100,
10:51:14,65.86,100,
10:51:21,65.86,100,
10:51:21,65.86,100,
10:51:22,65.87,3500,
10:51:22,65.87,200,
10:51:22,65.87,200,
10:51:22,65.88,100,
10:51:33,65.88,400,
10:51:33,65.88,100,
10:51:33,65.8701,1400,
10:51:33,65.8701,400,
10:51:33,65.87,6100,
10:51:34,65.88,100,
10:51:36,65.88,254,
10:51:38,65.90,100,
10:51:38,65.90,100,
10:51:40,65.90,100,
10:51:47,65.895,100,
10:51:47,65.89,200,
10:51:50,65.89,100,
10:51:54,65.88,100,
10:51:58,65.87,100,
10:51:58,65.87,100,
10:51:58,65.87,200,
10:52:06,65.87,100,
10:52:06,65.87,100,
10:52:08,65.88,100,
10:52:15,65.89,100,
10:52:15,65.89,700,
10:52:15,65.90,100,
10:52:16,65.90,100,
10:52:20,65.90,100,
10:52:27,65.90,100,
10:52:27,65.90,100,
10:52:42,65.90,100,
10:52:42,65.90,100,
10:52:47,65.90,200,
10:52:51,65.89,100,
10:52:51,65.89,100,
10:52:57,65.8814,1000,
10:52:58,65.88,100,
10:52:59,65.87,100,
10:52:59,65.86,415,
10:52:59,65.86,100,
10:53:00,65.86,100,
10:53:00,65.86,700,
10:53:02,65.87,200,
10:53:02,65.87,200,
10:53:02,65.8701,1000,
10:53:03,65.87,700,
10:53:03,65.865,200,
10:53:04,65.87,100,
10:53:05,65.8601,1000,
10:53:17,65.87,100,
10:53:17,65.87,100,
10:53:19,65.87,700,
10:53:19,65.87,100,
10:53:20,65.87,100,
10:53:21,65.87,600,
10:53:26,65.87,100,
10:53:34,65.87,100,
10:53:51,65.88,100,
10:53:52,65.87,500,
10:54:03,65.8699,100,
10:54:04,65.86,200,
10:54:04,65.865,100,
10:54:04,65.86,100,
10:54:04,65.86,100,
10:54:04,65.86,500,
10:54:07,65.86,100,
10:54:15,65.87,100,
10:54:17,65.87,100,
10:54:18,65.89,200,
10:54:18,65.89,600,
10:54:18,65.89,200,
10:54:18,65.89,100,
10:54:18,65.89,200,
10:54:18,65.89,100,
10:54:21,65.8817,150,
10:54:21,65.88,100,
10:54:31,65.895,106,
10:54:33,65.90,100,
10:54:36,65.90,100,
10:54:43,65.90,400,
10:54:45,65.90,100,
10:54:47,65.8999,200,
10:54:47,65.90,200,
10:54:52,65.89,200,
10:54:52,65.89,200,
10:54:55,65.89,100,
10:54:55,65.89,100,
10:54:55,65.89,100,
10:54:55,65.89,1000,
10:54:56,65.90,300,
10:54:56,65.90,100,
10:54:58,65.90,200,
10:54:59,65.91,100,
10:55:03,65.91,231,
10:55:03,65.91,400,
10:55:03,65.91,100,
10:55:04,65.92,100,
10:55:05,65.91,100,
10:55:10,65.9098,1000,
10:55:11,65.90,500,
10:55:16,65.89,100,
10:55:16,65.89,100,
10:55:21,65.90,100,
10:55:21,65.90,100,
10:55:21,65.90,100,
10:55:29,65.90,100,
10:55:31,65.90,200,
10:55:52,65.8901,300,
10:55:53,65.91,100,
10:55:56,65.90,100,
10:55:56,65.90,100,
10:55:57,65.90,100,
10:55:57,65.90,600,
10:55:57,65.90,100,
10:55:57,65.90,200,
10:55:57,65.90,100,
10:55:57,65.90,200,
10:55:57,65.90,400,
10:56:03,65.90,100,
10:56:04,65.90,200,
10:56:04,65.90,200,
10:56:06,65.90,100,
10:56:11,65.90,100,
10:56:13,65.91,1000,
10:56:25,65.91,100,
10:56:34,65.91,302,
10:56:40,65.90,498,
10:56:46,65.91,100,
10:56:54,65.91,11890,
10:57:02,65.92,200,
10:57:20,65.93,100,
10:57:22,65.93,300,
10:57:22,65.93,800,
10:57:22,65.935,100,
10:57:22,65.93,100,
10:57:24,65.92,100,
10:57:24,65.92,100,
10:57:34,65.92,100,
10:57:40,65.925,100,
10:57:40,65.91,500,
10:57:41,65.91,500,
10:57:41,65.91,100,
10:57:44,65.90,100,
10:57:45,65.89,100,
10:57:45,65.89,100,
10:57:46,65.89,200,
10:57:48,65.88,100,
10:57:48,65.87,100,
10:57:48,65.87,500,
10:57:49,65.86,115,
10:57:49,65.86,100,
10:57:52,65.86,200,
10:57:52,65.86,100,
10:57:52,65.86,200,
10:57:52,65.87,100,
10:57:54,65.88,100,
10:57:54,65.88,100,
10:57:54,65.88,700,
10:57:57,65.89,200,
10:58:01,65.89,200,
10:58:03,65.89,100,
10:58:03,65.89,100,
10:58:03,65.89,600,
10:58:03,65.89,100,
10:58:06,65.89,100,
10:58:06,65.89,100,
10:58:12,65.89,100,
10:58:12,65.89,100,
10:58:21,65.89,100,
10:58:28,65.90,715,
10:58:28,65.90,800,
10:58:28,65.90,100,
10:58:34,65.90,100,
10:58:35,65.90,300,
10:58:35,65.90,2200,
10:58:44,65.90,100,
10:58:45,65.91,100,
10:58:49,65.90,100,
10:58:49,65.90,200,
10:58:49,65.90,500,
10:58:49,65.90,200,
10:58:49,65.90,100,
10:58:49,65.90,200,
10:58:49,65.90,400,
10:58:49,65.90,100,
10:58:54,65.90,400,
10:58:54,65.90,200,
10:58:54,65.90,1000,
10:58:54,65.90,200,
10:58:54,65.90,100,
10:58:54,65.90,200,
10:58:55,65.90,100,
10:58:55,65.90,100,
10:59:03,65.90,100,
10:59:04,65.90,200,
10:59:07,65.90,199,
10:59:13,65.91,100,
10:59:16,65.92,2400,
10:59:16,65.92,100,
10:59:30,65.92,100,
10:59:30,65.92,100,
10:59:31,65.91,100,
10:59:31,65.91,500,
10:59:31,65.909,100,
10:59:31,65.909,173,
10:59:36,65.90,100,
10:59:39,65.89,100,
10:59:48,65.89,100,
10:59:48,65.89,400,
10:59:48,65.89,100,
10:59:58,65.88,200,
11:00:01,65.88,400,
11:00:01,65.88,200,
11:00:01,65.88,200,
11:00:01,65.88,100,
11:00:01,65.88,700,
11:00:02,65.87,100,
11:00:02,65.87,100,
11:00:04,65.86,100,
11:00:08,65.86,245,
11:00:08,65.86,100,
11:00:09,65.86,100,
11:00:09,65.86,445,
11:00:15,65.87,100,
11:00:16,65.88,100,
11:00:25,65.89,333,
11:00:25,65.89,100,
11:00:28,65.89,200,
11:00:28,65.89,100,
11:00:29,65.89,1400,
11:00:35,65.89,100,
11:00:36,65.89,100,
11:00:39,65.89,100,
11:00:39,65.89,3500,
11:00:40,65.88,100,
11:00:41,65.88,100,
11:00:41,65.88,800,
11:00:45,65.88,100,
11:00:47,65.88,100,
11:00:49,65.87,200,
11:00:50,65.87,2093,
11:00:53,65.86,600,
11:00:53,65.86,100,
11:00:54,65.87,200,
11:00:54,65.87,166,
11:00:54,65.87,100,
11:01:02,65.86,500,
11:01:02,65.86,100,
11:01:09,65.85,200,
11:01:09,65.85,200,
11:01:10,65.84,100,
11:01:10,65.84,800,
11:01:10,65.84,550,
11:01:10,65.84,590,
11:01:10,65.84,300,
11:01:10,65.84,800,
11:01:10,65.84,200,
11:01:11,65.84,100,
11:01:11,65.84,100,
11:01:11,65.84,800,
11:01:11,65.84,200,
11:01:11,65.84,100,
11:01:15,65.8301,2900,
11:01:15,65.84,100,
11:01:16,65.85,800,
11:01:16,65.85,600,
11:01:16,65.85,100,
11:01:28,65.86,250,
11:01:28,65.86,100,
11:01:29,65.87,100,
11:01:39,65.88,100,
11:01:39,65.88,500,
11:01:40,65.88,100,
11:01:49,65.88,100,
11:01:51,65.87,500,
11:01:52,65.88,300,
11:02:01,65.8701,282,
11:02:02,65.88,100,
11:02:03,65.89,200,
11:02:03,65.89,400,
11:02:03,65.89,300,
11:02:03,65.89,300,
11:02:03,65.89,100,
11:02:03,65.89,800,
11:02:03,65.89,800,
11:02:03,65.89,100,
11:02:03,65.89,200,
11:02:03,65.89,200,
11:02:03,65.89,200,
11:02:03,65.90,800,
11:02:03,65.90,900,
11:02:03,65.90,300,
11:02:03,65.91,100,
11:02:03,65.90,300,
11:02:04,65.90,100,
11:02:04,65.90,200,
11:02:06,65.89,100,
11:02:08,65.8901,670,
11:02:13,65.88,100,
11:02:34,65.86,800,
11:02:36,65.85,100,
11:02:39,65.86,100,
11:02:40,65.86,100,
11:02:44,65.8501,100,
11:02:46,65.85,100,
11:02:53,65.85,100,
11:03:03,65.85,600,
11:03:03,65.85,100,
11:03:05,65.85,325,
11:03:11,65.86,200,
11:03:13,65.86,100,
11:03:18,65.865,100,
11:03:18,65.861,100,
11:03:18,65.86,100,
11:03:34,65.85,200,
11:03:36,65.8599,1000,
11:03:45,65.85,100,
11:03:45,65.8401,100,
11:03:56,65.85,100,
11:03:56,65.85,100,
11:04:02,65.87,100,
11:04:02,65.87,300,
11:04:02,65.87,100,
11:04:03,65.8783,100,
11:04:03,65.87,1200,
11:04:08,65.87,100,
11:04:09,65.85,100,
11:04:10,65.84,100,
11:04:10,65.84,600,
11:04:10,65.84,100,
11:04:15,65.84,100,
11:04:19,65.84,300,
11:04:23,65.83,300,
11:04:23,65.83,100,
11:04:24,65.82,100,
11:04:24,65.82,200,
11:04:24,65.81,400,
11:04:24,65.81,400,
11:04:24,65.81,700,
11:04:24,65.81,100,
11:04:24,65.81,100,
11:04:24,65.81,100,
11:04:24,65.81,100,
11:04:24,65.82,200,
11:04:24,65.81,200,
11:04:24,65.81,200,
11:04:24,65.81,500,
11:04:24,65.81,600,
11:04:24,65.81,200,
11:04:24,65.82,100,
11:04:24,65.81,100,
11:04:24,65.81,1100,
11:04:24,65.81,100,
11:04:24,65.82,200,
11:04:26,65.82,100,
11:04:26,65.82,400,
11:04:27,65.82,500,
11:04:27,65.82,100,
11:04:28,65.81,200,
11:04:29,65.815,700,
11:04:29,65.81,100,
11:04:34,65.81,800,
11:04:36,65.82,100,
11:04:41,65.82,400,
11:04:43,65.83,200,
11:04:43,65.83,400,
11:04:43,65.83,100,
11:04:44,65.84,904,
11:04:44,65.84,300,
11:04:44,65.84,100,
11:04:44,65.84,700,
11:04:44,65.84,200,
11:04:44,65.84,2600,
11:04:44,65.84,500,
11:04:56,65.84,100,
11:05:04,65.84,100,
11:05:07,65.84,2000,
11:05:07,65.84,300,
11:05:07,65.84,100,
11:05:07,65.84,610,
11:05:07,65.84,800,
11:05:07,65.84,200,
11:05:07,65.84,100,
11:05:07,65.84,300,
11:05:07,65.84,100,
11:05:07,65.84,100,
11:05:07,65.84,800,
11:05:07,65.84,600,
11:05:07,65.835,100,
11:05:07,65.84,300,
11:05:07,65.84,600,
11:05:07,65.84,390,
11:05:07,65.84,2100,
11:05:07,65.84,2000,
11:05:07,65.84,700,
11:05:07,65.84,200,
11:05:07,65.84,100,
11:05:07,65.84,200,
11:05:07,65.84,300,
11:05:07,65.84,200,
11:05:08,65.84,100,
11:05:10,65.84,400,
11:05:10,65.84,100,
11:05:18,65.83,100,
11:05:18,65.83,200,
11:05:25,65.85,200,
11:05:31,65.86,100,
11:05:38,65.87,1000,
11:05:38,65.87,100,
11:05:38,65.87,300,
11:05:38,65.87,400,
11:05:38,65.87,800,
11:05:38,65.87,100,
11:05:38,65.87,200,
11:05:48,65.87,100,
11:05:51,65.87,100,
11:05:56,65.8629,1000,
11:06:15,65.865,100,
11:06:15,65.865,100,
11:06:15,65.86,400,
11:06:27,65.85,400,
11:06:27,65.85,800,
11:06:27,65.85,800,
11:06:28,65.85,100,
11:06:29,65.85,100,
11:06:34,65.85,100,
11:06:34,65.84,400,
11:06:34,65.84,100,
11:06:34,65.84,300,
11:06:34,65.84,300,
11:06:34,65.84,200,
11:06:34,65.84,2800,
11:06:34,65.84,600,
11:06:34,65.84,300,
11:06:34,65.84,400,
11:06:34,65.84,200,
11:06:34,65.84,200,
11:06:34,65.84,1300,
11:06:34,65.84,200,
11:06:36,65.83,4600,
11:06:36,65.83,1850,
11:06:36,65.83,300,
11:06:36,65.83,100,
11:06:36,65.83,800,
11:06:36,65.83,600,
11:06:36,65.83,800,
11:06:36,65.83,100,
11:06:36,65.83,850,
11:06:36,65.82,400,
11:06:36,65.82,100,
11:06:37,65.83,100,
11:06:37,65.83,200,
11:06:37,65.83,100,
11:06:40,65.84,100,
11:06:40,65.84,200,
11:06:40,65.84,200,
11:06:41,65.85,1000,
11:06:44,65.85,200,
11:06:44,65.85,100,
11:06:46,65.85,100,
11:06:47,65.85,200,
11:06:47,65.85,200,
11:06:47,65.85,200,
11:06:47,65.85,200,
11:06:47,65.85,100,
11:06:47,65.85,500,
11:06:47,65.84,600,
11:06:47,65.84,100,
11:06:48,65.85,200,
11:06:48,65.85,300,
11:06:48,65.85,800,
11:06:48,65.85,800,
11:06:48,65.85,200,
11:06:52,65.8583,600,
11:06:52,65.86,100,
11:06:52,65.87,200,
11:06:55,65.87,100,
11:07:03,65.8601,196,
11:07:15,65.88,100,
11:07:15,65.88,1000,
11:07:15,65.88,800,
11:07:15,65.88,1000,
11:07:15,65.88,500,
11:07:15,65.88,800,
11:07:15,65.88,100,
11:07:20,65.88,100,
11:07:29,65.873,750,
11:07:30,65.88,100,
11:07:30,65.89,294,
11:07:30,65.89,105,
11:07:32,65.90,100,
11:07:33,65.91,100,
11:07:34,65.91,1000,
11:07:34,65.91,300,
11:07:34,65.91,700,
11:07:43,65.90,200,
11:07:49,65.91,100,
11:07:51,65.91,104,
11:08:01,65.90,100,
11:08:01,65.90,100,
11:08:16,65.89,100,
11:08:19,65.891,600,
11:08:19,65.891,600,
11:08:23,65.89,600,
11:08:23,65.89,100,
11:08:23,65.89,1200,
11:08:38,65.88,100,
11:08:43,65.89,100,
11:08:43,65.89,100,
11:08:47,65.8917,200,
11:08:49,65.90,100,
11:09:03,65.90,100,
11:09:03,65.90,100,
11:09:05,65.905,100,
11:09:05,65.905,100,
11:09:06,65.89,100,
11:09:12,65.90,200,
11:09:20,65.91,100,
11:09:23,65.92,100,
11:09:28,65.912,2300,
11:09:32,65.91,100,
11:09:32,65.91,100,
11:09:32,65.91,2091,
11:09:32,65.91,300,
11:09:32,65.91,400,
11:09:32,65.91,200,
11:09:32,65.91,500,
11:09:32,65.91,809,
11:09:32,65.91,100,
11:09:32,65.91,100,
11:09:36,65.90,200,
11:09:38,65.91,300,
11:09:38,65.91,100,
11:09:38,65.91,3500,
11:09:38,65.91,200,
11:09:45,65.90,200,
11:09:45,65.90,200,
11:09:58,65.90,200,
11:09:58,65.90,200,
11:09:58,65.90,100,
11:10:01,65.90,100,
11:10:01,65.90,100,
11:10:01,65.90,200,
11:10:04,65.90,100,
11:10:05,65.90,308,
11:10:05,65.90,500,
11:10:07,65.90,100,
11:10:07,65.90,7000,
11:10:09,65.89,100,
11:10:11,65.88,200,
11:10:20,65.8814,1319,
11:10:28,65.89,200,
11:10:28,65.89,200,
11:10:28,65.8901,333,
11:10:36,65.89,200,
11:10:39,65.89,1100,
11:10:42,65.89,200,
11:10:47,65.88,200,
11:10:47,65.88,500,
11:10:51,65.87,100,
11:10:54,65.87,600,
11:10:54,65.87,100,
11:10:54,65.87,100,
11:11:01,65.86,100,
11:11:02,65.86,200,
11:11:02,65.86,100,
11:11:06,65.865,1676,
11:11:19,65.87,1000,
11:11:31,65.88,100,
11:11:31,65.88,100,
11:11:32,65.89,200,
11:11:34,65.90,1000,
11:11:34,65.90,100,
11:11:34,65.90,200,
11:11:40,65.90,200,
11:11:43,65.90,100,
11:11:43,65.90,100,
11:11:43,65.90,100,
11:11:43,65.90,100,
11:11:43,65.90,100,
11:11:44,65.90,100,
11:11:47,65.89,100,
11:11:49,65.89,100,
11:11:54,65.89,100,
11:11:58,65.89,100,
11:11:58,65.89,100,
11:11:58,65.90,200,
11:11:58,65.90,600,
11:11:58,65.90,600,
11:11:58,65.90,200,
11:11:58,65.90,800,
11:12:19,65.895,100,
11:12:19,65.89,500,
11:12:19,65.89,100,
11:12:21,65.89,100,
11:12:44,65.89,300,
11:12:49,65.89,100,
11:12:49,65.89,100,
11:12:53,65.89,100,
11:12:55,65.88,100,
11:12:57,65.88,100,
11:13:02,65.8899,300,
11:13:09,65.88,600,
11:13:22,65.8899,100,
11:13:26,65.89,100,
11:13:26,65.89,100,
11:13:34,65.90,100,
11:13:34,65.90,300,
11:13:41,65.90,100,
11:13:42,65.90,895,
11:13:42,65.90,200,
11:13:44,65.89,100,
11:13:44,65.89,100,
11:13:44,65.89,100,
11:13:44,65.89,100,
11:13:44,65.89,200,
11:13:44,65.89,200,
11:13:44,65.89,100,
11:13:44,65.89,800,
11:13:48,65.90,100,
11:13:48,65.90,100,
11:13:48,65.90,100,
11:13:48,65.90,1100,
11:13:48,65.90,3100,
11:13:48,65.90,100,
11:13:48,65.90,800,
11:13:48,65.90,700,
11:14:01,65.90,100,
11:14:08,65.89,100,
11:14:08,65.89,700,
11:14:09,65.89,100,
11:14:12,65.89,100,
11:14:21,65.90,200,
11:14:22,65.90,100,
11:14:23,65.91,100,
11:14:23,65.91,100,
11:14:23,65.91,700,
11:14:23,65.91,500,
11:14:26,65.91,100,
11:14:27,65.91,100,
11:14:36,65.91,200,
11:14:42,65.90,100,
11:14:47,65.90,100,
11:14:47,65.90,100,
11:14:49,65.90,100,
11:14:49,65.89,100,
11:14:54,65.8925,140,
11:15:04,65.895,100,
11:15:04,65.895,100,
11:15:21,65.89,200,
11:15:21,65.89,200,
11:15:21,65.89,200,
11:15:22,65.89,100,
11:15:38,65.8899,1150,
11:15:52,65.88,100,
11:15:52,65.88,100,
11:15:52,65.88,100,
11:15:52,65.88,400,
11:15:52,65.88,100,
11:15:53,65.88,200,
11:15:53,65.88,216,
11:15:55,65.88,100,
11:16:00,65.87,100,
11:16:09,65.88,100,
11:16:18,65.875,500,
11:16:18,65.875,400,
11:16:18,65.88,358,
11:16:18,65.88,216,
11:16:18,65.88,216,
11:16:18,65.875,300,
11:16:18,65.88,1680,
11:16:24,65.88,100,
11:16:28,65.87,100,
11:16:28,65.86,5000,
11:16:31,65.86,100,
11:16:32,65.85,1500,
11:16:40,65.855,110,
11:16:40,65.855,200,
11:16:44,65.8617,126,
11:16:54,65.8697,500,
11:16:58,65.855,562,
11:17:04,65.86,100,
11:17:12,65.87,900,
11:17:12,65.86,100,
11:17:20,65.85,100,
11:17:20,65.85,600,
11:17:20,65.85,100,
11:17:20,65.85,200,
11:17:35,65.85,200,
11:17:42,65.85,100,
11:17:43,65.85,800,
11:17:46,65.86,100,
11:17:54,65.86,722,
11:17:54,65.86,216,
11:17:57,65.86,100,
11:18:05,65.85,700,
11:18:05,65.855,100,
11:18:08,65.851,1700,
11:18:08,65.85,1400,
11:18:08,65.85,200,
11:18:10,65.86,100,
11:18:10,65.86,800,
11:18:10,65.86,200,
11:18:10,65.86,100,
11:18:10,65.86,100,
11:18:15,65.865,100,
11:18:22,65.84,100,
11:18:35,65.85,100,
11:18:38,65.85,100,
11:19:07,65.84,100,
11:19:11,65.84,1400,
11:19:11,65.84,100,
11:19:12,65.83,100,
11:19:12,65.83,300,
11:19:12,65.83,500,
11:19:14,65.84,100,
11:19:17,65.82,100,
11:19:21,65.82,300,
11:19:21,65.82,100,
11:19:21,65.82,100,
11:19:23,65.83,100,
11:19:24,65.84,1500,
11:19:26,65.84,200,
11:19:26,65.841,100,
11:19:26,65.841,115,
11:19:43,65.85,100,
11:19:43,65.85,200,
11:19:53,65.86,100,
11:19:55,65.87,100,
11:19:57,65.87,100,
11:19:57,65.87,100,
11:19:57,65.87,200,
11:20:01,65.8617,500,
11:20:11,65.86,800,
11:20:20,65.855,100,
11:20:37,65.86,100,
11:20:38,65.86,100,
11:20:43,65.87,216,
11:20:43,65.87,100,
11:20:43,65.87,216,
11:20:43,65.87,216,
11:20:43,65.87,1016,
11:20:43,65.87,100,
11:20:43,65.88,100,
11:20:44,65.88,500,
11:20:51,65.88,100,
11:20:54,65.88,100,
11:21:01,65.87,100,
11:21:01,65.88,500,
11:21:01,65.88,200,
11:21:01,65.88,500,
11:21:01,65.88,100,
11:21:04,65.88,100,
11:21:04,65.885,100,
11:21:12,65.88,100,
11:21:18,65.89,500,
11:21:18,65.89,100,
11:21:18,65.89,100,
11:21:21,65.89,100,
11:21:30,65.89,100,
11:21:30,65.89,100,
11:21:30,65.89,100,
11:21:32,65.89,100,
11:21:32,65.89,1200,
11:21:39,65.90,390,
11:21:39,65.90,100,
11:21:47,65.89,100,
11:21:54,65.90,10000,
11:21:54,65.90,500,
11:21:54,65.90,300,
11:21:57,65.90,100,
11:21:57,65.90,200,
11:21:57,65.90,100,
11:21:59,65.90,10000,
11:22:02,65.90,200,
11:22:02,65.90,100,
11:22:06,65.89,200,
11:22:11,65.89,100,
11:22:22,65.89,100,
11:22:22,65.89,100,
11:22:26,65.89,100,
11:22:26,65.89,100,
11:22:26,65.89,100,
11:22:26,65.89,100,
11:22:26,65.89,100,
11:22:26,65.89,259,
11:22:26,65.89,100,
11:22:26,65.89,200,
11:22:26,65.89,741,
11:22:48,65.90,550,
11:23:16,65.89,100,
11:23:16,65.89,100,
11:23:23,65.89,100,
11:23:28,65.88,400,
11:23:29,65.87,100,
11:23:29,65.87,100,
11:23:37,65.86,100,
11:23:47,65.86,276,
11:23:57,65.87,100,
11:23:58,65.86,100,
11:24:12,65.86,200,
11:24:12,65.8599,103,
11:24:12,65.86,100,
11:24:28,65.85,100,
11:24:31,65.85,100,
11:24:35,65.8401,600,
11:24:40,65.85,100,
11:24:43,65.85,100,
11:24:52,65.86,100,
11:24:52,65.86,100,
11:24:52,65.86,100,
11:25:01,65.86,100,
11:25:01,65.86,700,
11:25:02,65.86,100,
11:25:26,65.86,500,
11:25:26,65.86,500,
11:25:29,65.86,100,
11:25:37,65.87,100,
11:25:37,65.87,100,
11:25:37,65.88,100,
11:25:54,65.87,300,
11:25:54,65.87,600,
11:25:54,65.87,400,
11:25:54,65.87,100,
11:25:55,65.8699,250,
11:25:59,65.87,100,
11:26:31,65.86,100,
11:26:37,65.8657,300,
11:26:49,65.86,100,
11:26:50,65.85,152,
11:26:55,65.85,190,
11:26:55,65.85,100,
11:26:55,65.85,400,
11:26:55,65.85,200,
11:26:57,65.86,200,
11:26:57,65.86,100,
11:26:57,65.86,200,
11:26:57,65.86,210,
11:26:58,65.86,700,
11:27:05,65.865,100,
11:27:05,65.865,100,
11:27:15,65.87,100,
11:27:15,65.87,100,
11:27:22,65.87,200,
11:27:22,65.87,100,
11:27:23,65.87,100,
11:27:23,65.87,600,
11:27:23,65.87,100,
11:27:51,65.88,100,
11:27:51,65.88,100,
11:27:55,65.88,800,
11:27:55,65.88,100,
11:27:55,65.88,400,
11:27:56,65.88,100,
11:28:01,65.88,100,
11:28:03,65.885,106,
11:28:13,65.8701,648,
11:28:14,65.88,200,
11:28:14,65.88,100,
11:28:16,65.89,100,
11:28:16,65.89,100,
11:28:17,65.90,100,
11:28:18,65.90,100,
11:28:21,65.89,100,
11:28:27,65.89,700,
11:28:27,65.89,1300,
11:28:27,65.89,500,
11:28:27,65.89,1000,
11:28:27,65.89,2900,
11:28:27,65.89,100,
11:28:27,65.89,5700,
11:28:27,65.89,700,
11:28:29,65.89,1600,
11:28:43,65.89,200,
11:28:43,65.89,100,
11:28:43,65.89,1600,
11:28:49,65.88,100,
11:28:49,65.88,100,
11:28:55,65.88,800,
11:29:03,65.88,200,
11:29:03,65.88,100,
11:29:05,65.88,100,
11:29:20,65.89,100,
11:29:20,65.89,100,
11:29:21,65.90,100,
11:29:23,65.90,200,
11:29:23,65.90,800,
11:29:23,65.90,200,
11:29:23,65.90,300,
11:29:23,65.90,300,
11:29:30,65.91,100,
11:29:33,65.90,100,
11:29:33,65.90,100,
11:29:33,65.90,400,
11:29:37,65.89,100,
11:29:37,65.89,100,
11:29:49,65.89,200,
11:29:49,65.89,100,
11:29:51,65.89,100,
11:30:59,65.82,100,
11:30:59,65.82,100,
11:30:59,65.82,100,
11:31:00,65.82,100,
11:31:00,65.82,100,
11:31:01,65.82,100,
11:31:06,65.82,100,
11:31:10,65.82,100,
11:31:10,65.82,100,
11:31:15,65.82,100,
11:31:20,65.82,100,
11:31:26,65.81,100,
11:31:26,65.81,300,
11:31:26,65.81,500,
11:31:26,65.81,300,
11:31:26,65.81,300,
11:31:26,65.81,200,
11:31:33,65.80,1000,
11:31:36,65.79,700,
11:31:38,65.80,100,
11:31:38,65.80,100,
11:31:38,65.80,200,
11:31:41,65.81,100,
11:31:46,65.811,100,
11:31:52,65.8198,200,
11:31:54,65.81,100,
11:31:58,65.8083,1000,
11:32:00,65.81,100,
11:32:11,65.8117,1000,
11:32:13,65.81,200,
11:32:13,65.81,100,
11:32:14,65.81,100,
11:32:18,65.80,100,
11:32:19,65.80,100,
11:32:23,65.81,100,
11:32:37,65.82,200,
11:32:39,65.82,105,
11:32:39,65.82,500,
11:32:39,65.82,100,
11:32:39,65.82,200,
11:32:39,65.82,495,
11:32:39,65.82,200,
11:32:40,65.82,100,
11:32:40,65.82,100,
11:32:48,65.83,100,
11:32:48,65.83,100,
11:32:48,65.84,106,
11:32:56,65.84,100,
11:32:56,65.84,200,
11:32:56,65.84,100,
11:32:56,65.84,500,
11:33:23,65.85,100,
11:33:23,65.85,100,
11:33:23,65.85,100,
11:34:02,65.8517,151,
11:34:03,65.86,800,
11:34:03,65.86,100,
11:34:04,65.87,100,
11:34:04,65.87,300,
11:34:04,65.87,300,
11:34:04,65.87,500,
11:34:04,65.87,100,
11:34:04,65.87,400,
11:34:04,65.87,100,
11:34:05,65.87,100,
11:34:05,65.87,100,
11:34:05,65.87,500,
11:34:05,65.87,3400,
11:34:10,65.86,600,
11:34:10,65.86,100,
11:34:10,65.86,100,
11:34:10,65.865,100,
11:34:21,65.84,249,
11:34:22,65.84,100,
11:34:23,65.84,800,
11:34:29,65.85,100,
11:34:29,65.85,100,
11:34:29,65.86,1500,
11:34:29,65.86,200,
11:34:29,65.86,400,
11:34:29,65.86,100,
11:34:36,65.862,2707,
11:34:38,65.8683,100,
11:34:45,65.8617,152,
11:35:00,65.87,100,
11:35:02,65.88,200,
11:35:02,65.88,800,
11:35:02,65.88,100,
11:35:02,65.88,350,
11:35:04,65.88,100,
11:35:15,65.87,100,
11:35:15,65.88,1869,
11:35:15,65.88,300,
11:35:15,65.88,685,
11:35:15,65.88,100,
11:35:18,65.88,100,
11:35:18,65.88,100,
11:35:26,65.88,100,
11:35:28,65.88,100,
11:35:43,65.8817,1000,
11:36:00,65.8801,300,
11:36:02,65.89,100,
11:36:02,65.89,100,
11:36:06,65.89,100,
11:36:07,65.89,300,
11:36:07,65.89,300,
11:36:07,65.89,100,
11:36:09,65.89,100,
11:36:09,65.89,300,
11:36:09,65.89,300,
11:36:18,65.89,100,
11:36:19,65.89,212,
11:36:19,65.89,100,
11:36:19,65.89,100,
11:36:28,65.89,200,
11:36:30,65.88,164,
11:36:30,65.88,336,
11:36:36,65.895,405,
11:36:43,65.8901,500,
11:36:57,65.90,100,
11:37:01,65.89,152,
11:37:01,65.90,100,
11:37:09,65.91,100,
11:37:12,65.91,100,
11:37:12,65.91,600,
11:37:12,65.91,600,
11:37:12,65.91,200,
11:37:12,65.91,100,
11:37:16,65.90,200,
11:37:30,65.90,200,
11:37:31,65.90,1400,
11:37:31,65.90,100,
11:37:31,65.90,100,
11:37:31,65.90,100,
11:37:31,65.90,800,
11:37:31,65.90,100,
11:37:34,65.8983,1000,
11:37:37,65.8992,200,
11:37:52,65.91,569,
11:38:02,65.90,1539,
11:38:02,65.90,100,
11:38:10,65.89,100,
11:38:19,65.88,100,
11:38:31,65.88,100,
11:38:31,65.88,100,
11:38:40,65.88,200,
11:38:44,65.88,100,
11:38:50,65.88,100,
11:39:00,65.8799,100,
11:39:01,65.88,100,
11:39:01,65.88,800,
11:39:01,65.88,600,
11:39:01,65.88,800,
11:39:01,65.88,100,
11:39:03,65.885,100,
11:39:04,65.88,100,
11:39:08,65.87,100,
11:39:18,65.8675,150,
11:39:18,65.87,100,
11:39:47,65.88,100,
11:40:05,65.88,300,
11:40:05,65.88,100,
11:40:05,65.88,600,
11:40:22,65.87,1895,
11:40:22,65.87,1500,
11:40:22,65.87,200,
11:40:22,65.87,305,
11:40:22,65.87,900,
11:40:28,65.87,100,
11:40:33,65.87,100,
11:40:33,65.87,100,
11:40:40,65.87,100,
11:40:55,65.86,200,
11:40:56,65.86,100,
11:40:58,65.86,100,
11:41:00,65.8601,389,
11:41:13,65.87,100,
11:41:16,65.87,200,
11:41:16,65.87,100,
11:41:28,65.87,100,
11:41:32,65.88,100,
11:41:32,65.88,100,
11:41:33,65.8801,150,
11:41:37,65.88,200,
11:41:37,65.89,400,
11:41:37,65.89,100,
11:41:49,65.90,100,
11:41:54,65.90,100,
11:41:54,65.90,400,
11:42:02,65.88,100,
11:42:03,65.88,100,
11:42:14,65.8999,1000,
11:42:14,65.89,100,
11:42:14,65.895,100,
11:42:25,65.8827,100,
11:42:53,65.88,100,
11:42:53,65.88,100,
11:42:53,65.885,100,
11:43:13,65.87,210,
11:43:19,65.865,110,
11:43:38,65.86,200,
11:43:42,65.86,100,
11:43:42,65.85,115,
11:43:42,65.85,600,
11:43:52,65.86,100,
11:44:01,65.87,100,
11:44:01,65.87,800,
11:44:01,65.87,538,
11:44:01,65.87,100,
11:44:01,65.87,100,
11:44:01,65.87,200,
11:44:19,65.87,100,
11:44:31,65.87,100,
11:44:35,65.87,800,
11:44:35,65.87,100,
11:44:35,65.87,600,
11:44:35,65.87,600,
11:44:35,65.87,100,
11:44:35,65.86,400,
11:44:35,65.86,200,
11:44:35,65.86,300,
11:44:35,65.86,100,
11:44:39,65.86,300,
11:44:39,65.86,700,
11:44:39,65.85,185,
11:44:46,65.85,400,
11:44:53,65.86,106,
11:44:55,65.86,300,
11:44:59,65.85,100,
11:45:03,65.855,100,
11:45:03,65.855,100,
11:45:09,65.85,200,
11:45:10,65.86,200,
11:45:10,65.86,600,
11:45:10,65.86,1354,
11:45:10,65.86,100,
11:45:10,65.86,300,
11:45:11,65.86,200,
11:45:32,65.85,100,
11:45:32,65.85,100,
11:45:46,65.84,1500,
11:45:46,65.84,300,
11:45:46,65.84,100,
11:45:49,65.8401,200,
11:45:55,65.84,100,
11:46:00,65.84,600,
11:46:00,65.84,100,
11:46:00,65.84,200,
11:46:00,65.84,600,
11:46:00,65.84,100,
11:46:22,65.83,315,
11:46:22,65.84,100,
11:46:22,65.84,200,
11:46:23,65.84,500,
11:46:23,65.84,200,
11:46:23,65.84,500,
11:46:23,65.84,117,
11:46:23,65.84,200,
11:46:23,65.84,617,
11:46:23,65.84,500,
11:46:23,65.84,200,
11:46:38,65.85,100,
11:46:38,65.85,100,
11:46:40,65.85,100,
11:46:50,65.84,700,
11:46:52,65.8336,140,
11:46:59,65.83,100,
11:47:10,65.83,100,
11:47:14,65.82,100,
11:47:14,65.82,700,
11:47:14,65.82,3351,
11:47:14,65.82,251,
11:47:14,65.82,100,
11:47:16,65.8283,607,
11:47:21,65.81,200,
11:47:21,65.81,500,
11:47:21,65.81,1200,
11:47:21,65.81,224,
11:47:22,65.81,300,
11:47:22,65.81,600,
11:47:22,65.79,100,
11:47:22,65.79,300,
11:47:22,65.79,500,
11:47:22,65.79,100,
11:47:22,65.79,200,
11:47:22,65.79,600,
11:47:22,65.79,700,
11:47:22,65.79,100,
11:47:22,65.79,100,
11:47:22,65.79,400,
11:47:22,65.79,100,
11:47:22,65.80,600,
11:47:22,65.80,380,
11:47:22,65.79,100,
11:47:22,65.79,300,
11:47:22,65.79,1300,
11:47:22,65.79,300,
11:47:22,65.79,600,
11:47:22,65.79,200,
11:47:22,65.79,500,
11:47:22,65.79,500,
11:47:22,65.79,300,
11:47:22,65.79,300,
11:47:22,65.79,100,
11:47:22,65.79,500,
11:47:22,65.79,815,
11:47:22,65.79,200,
11:47:22,65.79,1000,
11:47:22,65.79,1600,
11:47:22,65.79,1600,
11:47:22,65.79,600,
11:47:22,65.79,100,
11:47:22,65.79,200,
11:47:22,65.79,200,
11:47:22,65.79,335,
11:47:22,65.80,400,
11:47:22,65.79,600,
11:47:22,65.79,100,
11:47:22,65.79,200,
11:47:22,65.79,200,
11:47:23,65.79,400,
11:47:23,65.79,100,
11:47:25,65.79,200,
11:47:26,65.79,200,
11:47:27,65.79,147,
11:47:27,65.78,800,
11:47:27,65.78,400,
11:47:27,65.78,400,
11:47:30,65.79,100,
11:47:30,65.7998,300,
11:47:34,65.79,100,
11:47:34,65.79,200,
11:47:46,65.79,100,
11:47:51,65.78,300,
11:47:51,65.78,200,
11:47:51,65.78,10000,
11:47:51,65.78,400,
11:47:51,65.78,300,
11:47:51,65.78,10200,
11:47:51,65.7801,2575,
11:47:53,65.78,1000,
11:48:02,65.79,300,
11:48:04,65.78,500,
11:48:04,65.78,600,
11:48:04,65.78,300,
11:48:04,65.78,200,
11:48:04,65.785,100,
11:48:04,65.78,100,
11:48:04,65.785,100,
11:48:04,65.78,100,
11:48:13,65.79,200,
11:48:15,65.78,900,
11:48:24,65.79,200,
11:48:24,65.79,200,
11:48:24,65.79,200,
11:48:24,65.79,100,
11:48:25,65.79,600,
11:48:25,65.79,100,
11:48:25,65.79,300,
11:48:25,65.79,1000,
11:48:25,65.78,200,
11:48:27,65.80,3200,
11:48:36,65.80,200,
11:48:42,65.80,100,
11:48:50,65.79,151,
11:49:00,65.79,100,
11:49:00,65.78,785,
11:49:10,65.78,1200,
11:49:10,65.78,4100,
11:49:10,65.78,700,
11:49:10,65.78,400,
11:49:10,65.78,800,
11:49:10,65.78,800,
11:49:10,65.78,300,
11:49:10,65.78,100,
11:49:10,65.78,200,
11:49:10,65.78,100,
11:49:10,65.77,178,
11:49:10,65.77,100,
11:49:12,65.77,200,
11:49:16,65.78,900,
11:49:16,65.78,900,
11:49:16,65.78,1080,
11:49:23,65.78,100,
11:49:23,65.78,300,
11:49:23,65.78,200,
11:49:34,65.78,300,
11:49:34,65.78,400,
11:49:34,65.78,100,
11:49:34,65.78,100,
11:49:34,65.78,300,
11:49:34,65.78,1000,
11:49:34,65.78,100,
11:49:34,65.78,6000,
11:49:34,65.78,200,
11:49:35,65.7717,600,
11:49:36,65.77,700,
11:49:36,65.76,400,
11:49:36,65.77,300,
11:49:36,65.76,100,
11:49:36,65.76,100,
11:49:36,65.76,600,
11:49:43,65.76,700,
11:49:43,65.76,600,
11:49:43,65.76,400,
11:49:45,65.75,400,
11:49:45,65.75,200,
11:49:45,65.75,100,
11:49:45,65.75,806,
11:49:45,65.75,394,
11:49:45,65.75,100,
11:49:46,65.75,3594,
11:49:46,65.75,100,
11:49:48,65.75,400,
11:49:48,65.75,200,
11:49:50,65.76,510,
11:49:51,65.76,175,
11:49:57,65.76,100,
11:49:59,65.76,500,
11:49:59,65.76,700,
11:49:59,65.76,600,
11:49:59,65.76,100,
11:49:59,65.76,300,
11:49:59,65.76,400,
11:49:59,65.75,600,
11:49:59,65.76,400,
11:50:06,65.76,200,
11:50:06,65.76,100,
11:50:07,65.77,100,
11:50:07,65.77,500,
11:50:28,65.779,100,
11:50:30,65.77,100,
11:50:30,65.77,100,
11:50:31,65.76,1700,
11:50:32,65.76,150,
11:50:34,65.7698,150,
11:50:37,65.77,100,
11:50:40,65.77,150,
11:50:41,65.76,303,
11:51:02,65.77,200,
11:51:02,65.76,200,
11:51:03,65.76,100,
11:51:16,65.75,100,
11:51:22,65.7698,700,
11:51:22,65.76,100,
11:51:26,65.76,200,
11:51:34,65.77,100,
11:51:37,65.79,200,
11:51:37,65.79,800,
11:51:37,65.79,800,
11:51:37,65.795,300,
11:51:37,65.79,377,
11:51:37,65.79,200,
11:51:37,65.79,2700,
11:51:37,65.79,500,
11:51:37,65.79,200,
11:51:37,65.79,100,
11:51:38,65.80,100,
11:51:38,65.80,100,
11:51:39,65.80,100,
