09:30:00,68.67,900,
09:30:00,68.67,300,
09:30:00,68.68,400,
09:30:00,68.67,147,
09:30:00,68.67,717,
09:30:00,68.66,500,
09:30:00,68.67,200,
09:30:00,68.67,1000,
09:30:00,68.66,300,
09:30:00,68.66,700,
09:30:00,68.66,696,
09:30:00,68.66,204,
09:30:00,68.66,596,
09:30:00,68.65,300,
09:30:02,68.65,800,
09:30:02,68.65,1000,
09:30:02,68.65,300,
09:30:02,68.65,900,
09:30:02,68.65,100,
09:30:02,68.65,500,
09:30:02,68.65,900,
09:30:02,68.65,100,
09:30:03,68.65,500,
09:30:03,68.65,300,
09:30:03,68.64,229,
09:30:03,68.64,500,
09:30:03,68.64,200,
09:30:04,68.66,3200,
09:30:04,68.65,300,
09:30:05,68.64,100,
09:30:05,68.64,2000,
09:30:05,68.64,200,
09:30:05,68.64,600,
09:30:05,68.63,200,
09:30:05,68.63,800,
09:30:05,68.62,600,
09:30:05,68.62,726,
09:30:05,68.62,200,
09:30:06,68.63,500,
09:30:06,68.63,300,
09:30:06,68.65,1000,
09:30:07,68.63,400,
09:30:07,68.62,1600,
09:30:07,68.62,1900,
09:30:07,68.61,300,
09:30:07,68.61,300,
09:30:09,68.641,100,
09:30:09,68.59,500,
09:30:10,68.59,1600,
09:30:11,68.60,200,
09:30:11,68.61,500,
09:30:11,68.61,3400,
09:30:12,68.6401,350,
09:30:12,68.62,2400,
09:30:12,68.62,800,
09:30:12,68.62,1200,
09:30:12,68.63,1200,
09:30:12,68.63,1300,
09:30:12,68.63,500,
09:30:12,68.63,300,
09:30:12,68.63,100,
09:30:13,68.63,6100,
09:30:13,68.63,200,
09:30:13,68.64,100,
09:30:13,68.62,200,
09:30:13,68.63,1000,
09:30:14,68.6517,350,
09:30:16,68.641,100,
09:30:16,68.641,100,
09:30:17,68.6417,270,
09:30:18,68.63,100,
09:30:18,68.63,500,
09:30:18,68.63,900,
09:30:18,68.62,4000,
09:30:18,68.62,4000,
09:30:18,68.62,182,
09:30:19,68.63,200,
09:30:20,68.591,1100,
09:30:21,68.591,800,
09:30:22,68.64,500,
09:30:23,68.63,100,
09:30:24,68.64,100,
09:30:24,68.65,300,
09:30:24,68.63,400,
09:30:24,68.63,200,
09:30:24,68.65,200,
09:30:24,68.63,200,
09:30:24,68.63,300,
09:30:27,68.60,291,
09:30:27,68.64,1500,
09:30:27,68.63,300,
09:30:27,68.63,400,
09:30:28,68.63,400,
09:30:30,68.62,100,
09:30:31,68.60,100,
09:30:31,68.64,300,
09:30:31,68.64,400,
09:30:31,68.64,200,
09:30:31,68.64,400,
09:30:31,68.64,300,
09:30:34,68.63,900,
09:30:34,68.63,100,
09:30:34,68.63,100,
09:30:34,68.63,100,
09:30:35,68.63,300,
09:30:35,68.63,800,
09:30:35,68.63,900,
09:30:35,68.63,1900,
09:30:35,68.64,100,
09:30:35,68.64,500,
09:30:36,68.6401,356,
09:30:36,68.6499,100,
09:30:36,68.64,5209,
09:30:36,68.64,500,
09:30:36,68.64,2810,
09:30:36,68.64,200,
09:30:37,68.631,100,
09:30:37,68.62,1000,
09:30:40,68.64,100,
09:30:43,68.62,100,
09:30:43,68.62,1500,
09:30:45,68.62,900,
09:30:45,68.6299,500,
09:30:45,68.63,500,
09:30:45,68.63,900,
09:30:45,68.63,300,
09:30:45,68.63,4200,
09:30:45,68.63,500,
09:30:45,68.63,3600,
09:30:45,68.63,200,
09:30:45,68.63,1300,
09:30:45,68.63,472,
09:30:45,68.64,700,
09:30:45,68.64,500,
09:30:45,68.65,100,
09:30:45,68.65,3100,
09:30:45,68.63,14800,
09:30:45,68.63,2000,
09:30:46,68.64,900,
09:30:46,68.64,200,
09:30:46,68.64,700,
09:30:46,68.64,800,
09:30:46,68.64,500,
09:30:46,68.64,1000,
09:30:46,68.64,300,
09:30:46,68.64,100,
09:30:47,68.65,200,
09:30:47,68.65,800,
09:30:48,68.66,500,
09:30:50,68.66,300,
09:30:55,68.66,216,
09:30:55,68.66,100,
09:30:58,68.66,184,
09:30:58,68.65,500,
09:31:01,68.65,100,
09:31:01,68.6501,1578,
09:31:02,68.64,100,
09:31:05,68.64,948,
09:31:06,68.6412,365,
09:31:09,68.65,100,
09:31:10,68.65,100,
09:31:11,68.66,500,
09:31:11,68.66,100,
09:31:11,68.66,100,
09:31:11,68.66,200,
09:31:11,68.66,1000,
09:31:12,68.66,4700,
09:31:12,68.66,1000,
09:31:12,68.66,2839,
09:31:13,68.66,1000,
09:31:14,68.6501,200,
09:31:15,68.65,100,
09:31:16,68.6599,6700,
09:31:17,68.65,195,
09:31:17,68.65,700,
09:31:17,68.65,100,
09:31:17,68.65,200,
09:31:17,68.65,800,
09:31:17,68.65,995,
09:31:18,68.64,2100,
09:31:20,68.64,200,
09:31:22,68.64,1000,
09:31:22,68.65,700,
09:31:24,68.66,100,
09:31:24,68.66,1000,
09:31:26,68.66,200,
09:31:26,68.66,1400,
09:31:27,68.66,100,
09:31:27,68.66,4500,
09:31:31,68.65,300,
09:31:31,68.65,2400,
09:31:31,68.65,2600,
09:31:33,68.65,350,
09:31:35,68.66,500,
09:31:37,68.66,1100,
09:31:37,68.65,1400,
09:31:37,68.65,1600,
09:31:37,68.65,600,
09:31:37,68.65,1200,
09:31:40,68.65,800,
09:31:40,68.65,100,
09:31:41,68.65,500,
09:31:42,68.66,800,
09:31:45,68.661,100,
09:31:48,68.66,300,
09:31:50,68.66,400,
09:31:51,68.66,400,
09:31:52,68.6599,365,
09:31:55,68.66,400,
09:31:55,68.66,500,
09:31:55,68.66,800,
09:31:58,68.66,2400,
09:31:59,68.66,400,
09:31:59,68.66,2400,
09:31:59,68.659,800,
09:31:59,68.66,500,
09:31:59,68.66,2120,
09:31:59,68.66,1600,
09:31:59,68.66,500,
09:31:59,68.66,2100,
09:31:59,68.66,1600,
09:31:59,68.66,200,
09:31:59,68.66,800,
09:31:59,68.66,800,
09:31:59,68.66,800,
09:31:59,68.66,1200,
09:31:59,68.66,400,
09:31:59,68.66,420,
09:31:59,68.66,169,
09:31:59,68.66,231,
09:31:59,68.66,200,
09:31:59,68.66,1200,
09:31:59,68.66,800,
09:32:00,68.66,1100,
09:32:01,68.66,100,
09:32:03,68.66,300,
09:32:03,68.655,100,
09:32:04,68.665,100,
09:32:08,68.68,100,
09:32:08,68.68,100,
09:32:08,68.68,100,
09:32:10,68.67,100,
09:32:10,68.68,500,
09:32:10,68.675,100,
09:32:10,68.68,970,
09:32:10,68.68,630,
09:32:11,68.68,200,
09:32:13,68.67,100,
09:32:15,68.66,2500,
09:32:15,68.655,100,
09:32:17,68.65,500,
09:32:17,68.65,500,
09:32:17,68.65,100,
09:32:17,68.65,100,
09:32:18,68.645,100,
09:32:18,68.65,700,
09:32:18,68.65,300,
09:32:18,68.65,100,
09:32:18,68.64,100,
09:32:19,68.64,1400,
09:32:20,68.63,100,
09:32:20,68.63,100,
09:32:20,68.63,100,
09:32:24,68.64,400,
09:32:24,68.64,400,
09:32:24,68.6499,100,
09:32:25,68.64,218,
09:32:27,68.6416,150,
09:32:36,68.645,100,
09:32:36,68.66,100,
09:32:36,68.66,100,
09:32:39,68.66,200,
09:32:39,68.66,100,
09:32:39,68.66,100,
09:32:41,68.665,100,
09:32:42,68.67,1500,
09:32:46,68.68,200,
09:32:51,68.68,100,
09:32:52,68.685,400,
09:32:52,68.68,100,
09:32:52,68.68,1100,
09:32:53,68.6899,1000,
09:32:55,68.68,100,
09:32:56,68.68,100,
09:32:56,68.68,100,
09:32:57,68.67,500,
09:33:01,68.67,500,
09:33:02,68.665,100,
09:33:02,68.67,100,
09:33:03,68.66,300,
09:33:04,68.66,200,
09:33:05,68.66,500,
09:33:07,68.65,200,
09:33:07,68.67,150,
09:33:08,68.66,200,
09:33:09,68.66,800,
09:33:09,68.65,500,
09:33:09,68.66,100,
09:33:09,68.655,100,
09:33:12,68.68,109,
09:33:13,68.67,1000,
09:33:16,68.67,415,
09:33:17,68.67,700,
09:33:18,68.67,200,
09:33:19,68.67,500,
09:33:19,68.675,100,
09:33:19,68.68,500,
09:33:20,68.68,100,
09:33:21,68.68,100,
09:33:23,68.67,400,
09:33:23,68.67,100,
09:33:23,68.67,200,
09:33:23,68.67,200,
09:33:25,68.67,400,
09:33:26,68.67,300,
09:33:27,68.665,100,
09:33:28,68.665,100,
09:33:28,68.66,100,
09:33:32,68.66,400,
09:33:34,68.67,347,
09:33:34,68.67,100,
09:33:37,68.67,200,
09:33:37,68.67,200,
09:33:37,68.68,100,
09:33:42,68.68,200,
09:33:43,68.69,200,
09:33:43,68.69,800,
09:33:43,68.685,100,
09:33:43,68.70,100,
09:33:43,68.6901,400,
09:33:43,68.70,200,
09:33:47,68.67,300,
09:33:47,68.67,100,
09:33:49,68.67,100,
09:33:54,68.67,100,
09:33:54,68.6701,1400,
09:33:55,68.67,1939,
09:33:57,68.69,200,
09:33:58,68.69,800,
09:33:58,68.69,300,
09:33:58,68.69,100,
09:33:58,68.69,300,
09:33:58,68.69,300,
09:33:58,68.69,400,
09:33:58,68.69,300,
09:33:58,68.69,200,
09:33:58,68.69,200,
09:34:01,68.69,200,
09:34:02,68.69,300,
09:34:05,68.68,200,
09:34:07,68.6884,1000,
09:34:11,68.6801,400,
09:34:12,68.68,1000,
09:34:17,68.67,100,
09:34:17,68.67,100,
09:34:20,68.671,1200,
09:34:22,68.68,600,
09:34:22,68.68,200,
09:34:32,68.69,100,
09:34:34,68.67,1000,
09:34:34,68.67,400,
09:34:34,68.67,800,
09:34:34,68.67,800,
09:34:34,68.67,100,
09:34:35,68.66,100,
09:34:35,68.66,2100,
09:34:36,68.6701,100,
09:34:41,68.6701,500,
09:34:43,68.68,500,
09:34:43,68.67,200,
09:34:44,68.67,1000,
09:34:45,68.67,800,
09:34:45,68.67,100,
09:34:47,68.68,200,
09:34:47,68.68,1700,
09:34:47,68.68,300,
09:34:51,68.68,100,
09:34:54,68.69,300,
09:34:54,68.69,500,
09:34:54,68.69,300,
09:34:55,68.69,800,
09:34:56,68.70,300,
09:34:59,68.6999,900,
09:35:02,68.70,220,
09:35:03,68.70,500,
09:35:03,68.70,200,
09:35:03,68.70,100,
09:35:03,68.70,200,
09:35:03,68.70,100,
09:35:03,68.70,100,
09:35:03,68.6999,200,
09:35:03,68.70,400,
09:35:04,68.69,100,
09:35:06,68.69,400,
09:35:06,68.69,500,
09:35:06,68.69,300,
09:35:06,68.69,800,
09:35:06,68.69,600,
09:35:06,68.69,400,
09:35:06,68.69,400,
09:35:07,68.70,100,
09:35:07,68.70,100,
09:35:07,68.69,300,
09:35:07,68.69,500,
09:35:07,68.691,700,
09:35:08,68.69,200,
09:35:09,68.6899,100,
09:35:11,68.6847,405,
09:35:15,68.6884,1000,
09:35:20,68.68,500,
09:35:20,68.68,500,
09:35:20,68.68,500,
09:35:20,68.68,500,
09:35:20,68.68,900,
09:35:20,68.68,200,
09:35:20,68.68,300,
09:35:20,68.68,400,
09:35:20,68.68,100,
09:35:20,68.67,700,
09:35:20,68.673,1400,
09:35:22,68.67,300,
09:35:27,68.66,300,
09:35:28,68.66,100,
09:35:28,68.65,200,
09:35:34,68.65,100,
09:35:34,68.65,100,
09:35:34,68.65,200,
09:35:41,68.64,100,
09:35:41,68.63,300,
09:35:42,68.63,200,
09:35:43,68.63,300,
09:35:43,68.63,100,
09:35:45,68.63,800,
09:35:49,68.62,400,
09:35:51,68.62,300,
09:35:52,68.62,100,
09:35:52,68.62,100,
09:35:52,68.62,500,
09:35:52,68.62,100,
09:35:52,68.62,471,
09:35:52,68.62,100,
09:35:52,68.62,100,
09:35:54,68.61,100,
09:35:54,68.61,400,
09:35:54,68.61,1400,
09:35:54,68.61,3400,
09:35:54,68.611,900,
09:35:54,68.61,2000,
09:35:54,68.61,20000,
09:35:55,68.6099,300,
09:35:57,68.60,1500,
09:35:57,68.61,100,
09:35:59,68.6085,400,
09:36:00,68.60,100,
09:36:00,68.60,2100,
09:36:00,68.60,200,
09:36:00,68.60,100,
09:36:00,68.60,1000,
09:36:00,68.60,100,
09:36:00,68.60,200,
09:36:00,68.60,200,
09:36:00,68.60,100,
09:36:02,68.60,100,
09:36:10,68.58,100,
09:36:11,68.58,300,
09:36:11,68.5701,200,
09:36:12,68.5701,300,
09:36:12,68.5701,300,
09:36:12,68.57,700,
09:36:13,68.58,500,
09:36:13,68.58,700,
09:36:13,68.58,700,
09:36:13,68.58,100,
09:36:13,68.58,200,
09:36:13,68.58,600,
09:36:13,68.59,100,
09:36:13,68.5801,1100,
09:36:16,68.58,800,
09:36:16,68.58,100,
09:36:18,68.58,200,
09:36:19,68.57,300,
09:36:20,68.57,800,
09:36:22,68.57,300,
09:36:24,68.57,1000,
09:36:27,68.575,100,
09:36:28,68.57,100,
09:36:28,68.57,100,
09:36:28,68.57,200,
09:36:28,68.57,200,
09:36:28,68.57,500,
09:36:29,68.5799,3600,
09:36:32,68.5799,5000,
09:36:33,68.57,100,
09:36:35,68.57,800,
09:36:35,68.57,1000,
09:36:35,68.57,500,
09:36:35,68.57,1100,
09:36:35,68.57,400,
09:36:35,68.57,300,
09:36:37,68.5601,128,
09:36:38,68.56,300,
09:36:39,68.56,300,
09:36:40,68.56,200,
09:36:42,68.56,300,
09:36:46,68.561,100,
09:36:46,68.56,100,
09:36:46,68.5601,1310,
09:36:46,68.5601,7800,
09:36:48,68.57,1000,
09:36:48,68.57,1500,
09:36:49,68.56,100,
09:36:49,68.56,800,
09:36:49,68.5501,500,
09:36:49,68.5587,1000,
09:36:49,68.56,1500,
09:36:49,68.56,2000,
09:36:49,68.56,840,
09:36:49,68.56,500,
09:36:49,68.56,200,
09:36:49,68.56,340,
09:36:49,68.56,100,
09:36:49,68.56,800,
09:36:49,68.56,330,
09:36:49,68.56,1600,
09:36:49,68.56,400,
09:36:49,68.56,1000,
09:36:49,68.555,100,
09:36:49,68.57,200,
09:36:49,68.57,1500,
09:36:49,68.57,200,
09:36:49,68.57,200,
09:36:49,68.57,3700,
09:36:49,68.57,3200,
09:36:49,68.58,200,
09:36:49,68.57,3200,
09:36:49,68.57,300,
09:36:49,68.57,100,
09:36:49,68.57,140,
09:36:50,68.58,1500,
09:36:50,68.57,300,
09:36:51,68.57,300,
09:36:54,68.57,300,
09:36:54,68.5701,700,
09:36:56,68.58,300,
09:36:57,68.58,200,
09:36:57,68.5801,200,
09:36:59,68.58,300,
09:36:59,68.58,500,
09:37:00,68.58,300,
09:37:00,68.59,400,
09:37:00,68.5899,300,
09:37:00,68.59,100,
09:37:00,68.59,100,
09:37:01,68.58,300,
09:37:01,68.58,200,
09:37:01,68.58,200,
09:37:01,68.58,110,
09:37:01,68.58,190,
09:37:01,68.58,2100,
09:37:01,68.58,300,
09:37:01,68.58,4000,
09:37:01,68.58,3300,
09:37:02,68.5799,1300,
09:37:05,68.58,300,
09:37:06,68.58,300,
09:37:09,68.58,500,
09:37:09,68.58,2000,
09:37:09,68.58,100,
09:37:09,68.58,500,
09:37:09,68.58,700,
09:37:19,68.57,200,
09:37:20,68.58,500,
09:37:20,68.58,500,
09:37:26,68.57,500,
09:37:26,68.57,100,
09:37:27,68.57,100,
09:37:29,68.57,172,
09:37:29,68.57,600,
09:37:32,68.57,100,
09:37:32,68.58,300,
09:37:35,68.57,100,
09:37:35,68.58,451,
09:37:37,68.58,200,
09:37:39,68.58,200,
09:37:39,68.58,500,
09:37:43,68.58,500,
09:37:52,68.5801,500,
09:37:53,68.59,200,
09:37:53,68.5901,300,
09:37:56,68.60,200,
09:37:57,68.59,1400,
09:37:59,68.60,100,
09:37:59,68.60,600,
09:37:59,68.60,1500,
09:37:59,68.60,700,
09:37:59,68.61,100,
09:38:00,68.61,200,
09:38:00,68.61,200,
09:38:01,68.6001,2300,
09:38:02,68.60,300,
09:38:02,68.60,100,
09:38:02,68.60,300,
09:38:02,68.60,100,
09:38:05,68.5901,100,
09:38:11,68.60,600,
09:38:11,68.60,500,
09:38:11,68.60,200,
09:38:11,68.60,100,
09:38:11,68.60,200,
09:38:12,68.60,600,
09:38:12,68.60,2000,
09:38:12,68.60,200,
09:38:12,68.60,200,
09:38:13,68.60,900,
09:38:19,68.59,2100,
09:38:19,68.59,1500,
09:38:19,68.60,100,
09:38:19,68.60,400,
09:38:19,68.59,400,
09:38:21,68.61,500,
09:38:21,68.61,1700,
09:38:21,68.61,2700,
09:38:22,68.61,200,
09:38:22,68.61,100,
09:38:22,68.61,1500,
09:38:22,68.61,600,
09:38:22,68.62,200,
09:38:22,68.62,500,
09:38:22,68.62,200,
09:38:22,68.62,2900,
09:38:22,68.62,6000,
09:38:22,68.62,200,
09:38:22,68.62,700,
09:38:22,68.62,600,
09:38:22,68.62,1100,
09:38:22,68.62,200,
09:38:22,68.62,1000,
09:38:24,68.63,1700,
09:38:24,68.63,900,
09:38:24,68.63,2800,
09:38:24,68.63,700,
09:38:24,68.63,1000,
09:38:26,68.6372,500,
09:38:32,68.64,500,
09:38:32,68.6499,5000,
09:38:32,68.64,400,
09:38:33,68.65,600,
09:38:37,68.66,100,
09:38:40,68.6599,3350,
09:38:41,68.66,100,
09:38:42,68.66,400,
09:38:42,68.6516,730,
09:38:44,68.6599,300,
09:38:47,68.65,200,
09:38:47,68.65,100,
09:38:47,68.65,600,
09:38:47,68.65,300,
09:38:47,68.65,700,
09:38:47,68.65,300,
09:38:47,68.65,1000,
09:38:50,68.65,370,
09:38:50,68.66,443,
09:38:50,68.67,182,
09:38:50,68.67,182,
09:38:50,68.67,182,
09:38:51,68.66,100,
09:38:55,68.65,250,
09:39:03,68.65,100,
09:39:03,68.64,500,
09:39:08,68.64,100,
09:39:09,68.64,200,
09:39:09,68.64,100,
09:39:13,68.64,600,
09:39:13,68.64,215,
09:39:13,68.64,200,
09:39:13,68.65,100,
09:39:14,68.64,200,
09:39:15,68.64,200,
09:39:17,68.65,100,
09:39:17,68.65,100,
09:39:17,68.65,100,
09:39:17,68.65,100,
09:39:17,68.65,100,
09:39:17,68.65,100,
09:39:17,68.65,200,
09:39:17,68.65,100,
09:39:17,68.65,500,
09:39:17,68.65,100,
09:39:17,68.65,100,
09:39:17,68.65,100,
09:39:17,68.65,100,
09:39:19,68.65,800,
09:39:19,68.65,200,
09:39:23,68.6416,100,
09:39:29,68.64,100,
09:39:29,68.64,100,
09:39:34,68.64,200,
09:39:37,68.64,600,
09:39:37,68.64,566,
09:39:37,68.64,400,
09:39:39,68.63,200,
09:39:44,68.61,1000,
09:39:44,68.62,600,
09:39:48,68.62,100,
09:39:48,68.62,400,
09:39:48,68.62,800,
09:39:52,68.6001,150,
09:39:55,68.61,150,
09:40:00,68.60,1400,
09:40:00,68.60,362,
09:40:01,68.5901,300,
09:40:01,68.5901,400,
09:40:02,68.61,100,
09:40:03,68.60,300,
09:40:03,68.60,15500,
09:40:04,68.59,100,
09:40:04,68.59,200,
09:40:04,68.59,600,
09:40:07,68.58,200,
09:40:09,68.58,480,
09:40:11,68.581,200,
09:40:13,68.59,300,
09:40:13,68.59,300,
09:40:13,68.59,800,
09:40:13,68.59,300,
09:40:13,68.59,500,
09:40:13,68.59,240,
09:40:17,68.58,1000,
09:40:18,68.58,400,
09:40:18,68.58,300,
09:40:18,68.58,800,
09:40:18,68.58,200,
09:40:18,68.58,100,
09:40:20,68.57,400,
09:40:21,68.57,100,
09:40:21,68.57,500,
09:40:21,68.57,400,
09:40:27,68.56,200,
09:40:27,68.55,400,
09:40:31,68.55,100,
09:40:31,68.55,100,
09:40:31,68.55,400,
09:40:31,68.55,1400,
09:40:31,68.55,2100,
09:40:31,68.55,600,
09:40:32,68.55,100,
09:40:32,68.55,200,
09:40:32,68.55,100,
09:40:32,68.54,284,
09:40:33,68.5401,100,
09:40:35,68.55,300,
09:40:38,68.54,100,
09:40:38,68.54,100,
09:40:38,68.54,100,
09:40:38,68.54,1600,
09:40:38,68.54,800,
09:40:38,68.54,155,
09:40:38,68.54,1000,
09:40:38,68.54,800,
09:40:38,68.54,600,
09:40:38,68.54,2700,
09:40:38,68.54,1000,
09:40:38,68.54,1800,
09:40:41,68.54,2600,
09:40:43,68.53,1500,
09:40:43,68.53,1700,
09:40:43,68.52,800,
09:40:46,68.53,300,
09:40:46,68.52,600,
09:40:48,68.52,300,
09:40:49,68.52,200,
09:40:49,68.52,1140,
09:40:49,68.52,200,
09:40:49,68.53,2500,
09:40:49,68.53,4800,
09:40:50,68.5299,3200,
09:40:51,68.52,200,
09:40:52,68.52,400,
09:40:53,68.511,1300,
09:40:57,68.5199,400,
09:40:57,68.51,300,
09:40:57,68.50,100,
09:40:57,68.50,200,
09:40:57,68.50,100,
09:40:57,68.50,198,
09:40:57,68.50,110,
09:40:57,68.50,100,
09:40:57,68.50,300,
09:40:57,68.50,500,
09:40:57,68.50,275,
09:40:57,68.50,106,
09:40:57,68.50,100,
09:40:57,68.50,550,
09:40:57,68.50,806,
09:40:57,68.501,200,
09:40:57,68.501,100,
09:40:57,68.50,300,
09:40:57,68.50,100,
09:40:57,68.501,300,
09:40:59,68.50,200,
09:40:59,68.501,1300,
09:40:59,68.5016,150,
09:41:00,68.50,300,
09:41:02,68.50,500,
09:41:02,68.50,600,
09:41:02,68.50,200,
09:41:02,68.50,200,
09:41:02,68.50,300,
09:41:02,68.50,600,
09:41:02,68.50,100,
09:41:03,68.50,500,
09:41:08,68.5001,265,
09:41:13,68.51,200,
09:41:14,68.51,100,
09:41:14,68.51,100,
09:41:16,68.5001,281,
09:41:16,68.51,400,
09:41:16,68.51,500,
09:41:16,68.51,200,
09:41:16,68.51,600,
09:41:17,68.52,100,
09:41:17,68.52,200,
09:41:17,68.52,700,
09:41:17,68.52,600,
09:41:17,68.52,2000,
09:41:17,68.52,1000,
09:41:17,68.51,300,
09:41:18,68.515,1000,
09:41:18,68.52,1000,
09:41:18,68.52,600,
09:41:18,68.52,2000,
09:41:18,68.52,1000,
09:41:18,68.52,1000,
09:41:21,68.52,200,
09:41:23,68.5272,115,
09:41:25,68.52,100,
09:41:25,68.52,100,
09:41:25,68.52,900,
09:41:25,68.52,100,
09:41:29,68.511,1000,
09:41:29,68.51,200,
09:41:29,68.51,300,
09:41:29,68.51,300,
09:41:30,68.50,100,
09:41:30,68.50,100,
09:41:30,68.50,100,
09:41:34,68.4901,400,
09:41:34,68.491,300,
09:41:35,68.50,100,
09:41:35,68.50,200,
09:41:35,68.51,100,
09:41:36,68.50,100,
09:41:38,68.5083,1000,
09:41:39,68.50,200,
09:41:40,68.49,200,
09:41:41,68.49,800,
09:41:41,68.49,100,
09:41:41,68.49,400,
09:41:43,68.48,700,
09:41:43,68.48,700,
09:41:43,68.48,600,
09:41:43,68.4701,600,
09:41:43,68.47,200,
09:41:44,68.4601,200,
09:41:44,68.47,200,
09:41:45,68.4701,400,
09:41:45,68.48,500,
09:41:45,68.48,200,
09:41:47,68.48,300,
09:41:47,68.48,300,
09:41:47,68.48,200,
09:41:47,68.47,200,
09:41:47,68.4601,100,
09:41:48,68.46,300,
09:41:48,68.46,100,
09:41:49,68.46,200,
09:41:49,68.46,600,
09:41:49,68.47,200,
09:41:49,68.47,100,
09:41:49,68.47,400,
09:41:49,68.471,450,
09:41:49,68.47,580,
09:41:51,68.47,100,
09:41:51,68.4737,3350,
09:41:52,68.4616,150,
09:41:54,68.47,200,
09:41:54,68.47,500,
09:41:55,68.47,800,
09:41:55,68.47,200,
09:41:56,68.47,100,
09:41:56,68.47,100,
09:41:59,68.46,200,
09:42:00,68.455,500,
09:42:00,68.45,100,
09:42:00,68.4551,100,
09:42:01,68.46,100,
09:42:01,68.46,400,
09:42:01,68.46,400,
09:42:01,68.46,135,
09:42:02,68.465,100,
09:42:06,68.47,200,
09:42:06,68.4617,300,
09:42:06,68.47,500,
09:42:06,68.47,300,
09:42:07,68.4701,477,
09:42:08,68.47,100,
09:42:08,68.47,200,
09:42:09,68.47,300,
09:42:10,68.48,1200,
09:42:10,68.475,500,
09:42:10,68.475,200,
09:42:10,68.475,200,
09:42:11,68.48,800,
09:42:11,68.48,100,
09:42:11,68.49,200,
09:42:11,68.49,3000,
09:42:11,68.49,300,
09:42:11,68.49,400,
09:42:11,68.48,200,
09:42:11,68.49,815,
09:42:12,68.49,2720,
09:42:12,68.49,200,
09:42:12,68.49,300,
09:42:12,68.48,100,
09:42:12,68.48,200,
09:42:12,68.475,200,
09:42:14,68.48,200,
09:42:14,68.48,1677,
09:42:17,68.4701,100,
09:42:18,68.48,500,
09:42:18,68.481,200,
09:42:20,68.48,460,
09:42:20,68.481,100,
09:42:22,68.4801,200,
09:42:23,68.49,400,
09:42:26,68.48,118,
09:42:31,68.481,100,
09:42:32,68.49,100,
09:42:32,68.48,200,
09:42:32,68.49,100,
09:42:34,68.50,1000,
09:42:34,68.4984,100,
09:42:35,68.49,200,
09:42:35,68.49,800,
09:42:35,68.49,200,
09:42:35,68.49,100,
09:42:35,68.49,100,
09:42:35,68.49,100,
09:42:35,68.49,1300,
09:42:35,68.49,100,
09:42:38,68.49,200,
09:42:39,68.495,100,
09:42:39,68.495,200,
09:42:39,68.49,200,
09:42:41,68.48,200,
09:42:48,68.4717,300,
09:42:48,68.4784,200,
09:42:50,68.47,200,
09:42:54,68.47,100,
09:42:54,68.47,100,
09:42:54,68.47,300,
09:42:54,68.47,800,
09:42:54,68.47,100,
09:42:55,68.47,300,
09:42:56,68.47,600,
09:42:56,68.47,1000,
09:42:56,68.47,500,
09:42:57,68.47,100,
09:42:58,68.47,200,
09:42:58,68.48,1600,
09:42:58,68.48,200,
09:42:58,68.48,100,
09:42:58,68.48,200,
09:42:58,68.47,300,
09:42:58,68.47,200,
09:43:03,68.46,300,
09:43:03,68.46,200,
09:43:09,68.45,270,
09:43:10,68.46,100,
09:43:11,68.4599,2200,
09:43:11,68.46,1777,
09:43:14,68.4501,200,
09:43:14,68.45,100,
09:43:15,68.4597,200,
09:43:17,68.45,200,
09:43:17,68.45,200,
09:43:17,68.45,200,
09:43:17,68.44,7447,
09:43:18,68.441,600,
09:43:20,68.44,1100,
09:43:20,68.4438,100,
09:43:22,68.44,100,
09:43:22,68.44,200,
09:43:23,68.44,200,
09:43:23,68.44,200,
09:43:23,68.4301,300,
09:43:24,68.44,200,
09:43:24,68.44,100,
09:43:24,68.45,100,
09:43:25,68.44,200,
09:43:28,68.44,300,
09:43:28,68.44,1700,
09:43:28,68.44,3000,
09:43:28,68.44,1000,
09:43:29,68.44,900,
09:43:29,68.44,2000,
09:43:29,68.44,600,
09:43:31,68.45,500,
09:43:31,68.45,1700,
09:43:31,68.45,14000,
09:43:34,68.445,100,
09:43:34,68.445,100,
09:43:36,68.44,200,
09:43:36,68.44,100,
09:43:36,68.44,100,
09:43:38,68.45,421,
09:43:42,68.46,600,
09:43:42,68.46,500,
09:43:42,68.46,9200,
09:43:42,68.465,100,
09:43:43,68.46,700,
09:43:44,68.4699,2000,
09:43:47,68.46,100,
09:43:47,68.46,100,
09:43:47,68.46,100,
09:43:47,68.46,100,
09:43:47,68.46,100,
09:43:47,68.46,100,
09:43:47,68.46,100,
09:43:47,68.46,100,
09:43:47,68.46,100,
09:43:47,68.46,100,
09:43:47,68.46,100,
09:43:47,68.46,100,
09:43:47,68.46,100,
09:43:48,68.46,100,
09:43:48,68.46,600,
09:43:48,68.46,100,
09:43:48,68.46,700,
09:43:48,68.46,200,
09:43:48,68.46,192,
09:43:48,68.46,100,
09:43:54,68.45,300,
09:43:54,68.45,200,
09:43:55,68.45,212,
09:43:55,68.45,888,
09:43:57,68.46,200,
09:43:57,68.47,2200,
09:44:03,68.47,2900,
09:44:04,68.47,200,
09:44:04,68.47,500,
09:44:04,68.47,200,
09:44:04,68.47,500,
09:44:04,68.47,3000,
09:44:04,68.47,1700,
09:44:04,68.47,1700,
09:44:04,68.47,3500,
09:44:04,68.47,100,
09:44:04,68.48,2100,
09:44:04,68.48,800,
09:44:05,68.47,100,
09:44:05,68.4701,300,
09:44:05,68.475,200,
09:44:05,68.47,200,
09:44:05,68.475,100,
09:44:06,68.47,500,
09:44:06,68.47,200,
09:44:06,68.47,100,
09:44:06,68.47,100,
09:44:06,68.47,2400,
09:44:08,68.47,230,
09:44:08,68.47,400,
09:44:11,68.47,200,
09:44:17,68.47,200,
09:44:21,68.4801,200,
09:44:26,68.49,100,
09:44:26,68.49,100,
09:44:28,68.49,200,
09:44:29,68.50,300,
09:44:30,68.499,3600,
09:44:31,68.51,100,
09:44:31,68.51,200,
09:44:35,68.5199,3500,
09:44:37,68.51,100,
09:44:39,68.51,100,
09:44:41,68.51,725,
09:44:42,68.5099,350,
09:44:44,68.51,200,
09:44:44,68.52,400,
09:44:44,68.5189,600,
09:44:44,68.52,724,
09:44:51,68.51,200,
09:44:51,68.51,400,
09:44:52,68.51,100,
09:44:54,68.5017,450,
09:44:57,68.50,100,
09:45:01,68.51,600,
09:45:01,68.51,200,
09:45:02,68.515,100,
09:45:03,68.51,200,
09:45:03,68.5101,221,
09:45:03,68.5101,300,
09:45:03,68.50,100,
09:45:09,68.503,100,
09:45:12,68.50,2100,
09:45:12,68.50,200,
09:45:12,68.50,100,
09:45:13,68.49,100,
09:45:13,68.49,500,
09:45:13,68.49,2100,
09:45:13,68.49,200,
09:45:13,68.49,500,
09:45:13,68.49,6200,
09:45:13,68.49,100,
09:45:13,68.49,200,
09:45:13,68.49,1000,
09:45:13,68.49,1000,
09:45:13,68.49,100,
09:45:13,68.49,100,
09:45:13,68.49,400,
09:45:13,68.49,2600,
09:45:13,68.49,200,
09:45:18,68.488,223,
09:45:19,68.48,100,
09:45:20,68.48,200,
09:45:24,68.48,100,
09:45:24,68.485,100,
09:45:26,68.48,100,
09:45:26,68.48,708,
09:45:26,68.48,100,
09:45:26,68.48,200,
09:45:28,68.472,700,
09:45:28,68.49,200,
09:45:31,68.49,200,
09:45:31,68.49,800,
09:45:32,68.49,200,
09:45:38,68.4899,1000,
09:45:40,68.48,300,
09:45:42,68.48,100,
09:45:44,68.4799,6000,
09:45:44,68.46,24600,
09:45:45,68.47,200,
09:45:45,68.47,100,
09:45:45,68.47,100,
09:45:47,68.47,300,
09:45:49,68.47,100,
09:45:49,68.47,100,
09:45:49,68.47,900,
09:45:50,68.46,150,
09:45:54,68.46,601,
09:45:56,68.47,200,
09:45:56,68.47,2400,
09:45:56,68.47,200,
09:45:56,68.47,200,
09:45:56,68.47,100,
09:45:56,68.47,100,
09:45:57,68.47,200,
09:45:57,68.475,100,
09:45:57,68.475,200,
09:45:57,68.47,200,
09:45:58,68.47,200,
09:45:58,68.47,100,
09:45:58,68.47,700,
09:45:58,68.47,259,
09:45:58,68.47,500,
09:46:00,68.46,500,
09:46:00,68.46,200,
09:46:02,68.44,300,
09:46:02,68.44,200,
09:46:04,68.43,300,
09:46:04,68.43,200,
09:46:04,68.4301,400,
09:46:04,68.4301,100,
09:46:04,68.4301,100,
09:46:05,68.4301,150,
09:46:05,68.43,100,
09:46:05,68.4301,101,
09:46:05,68.4301,100,
09:46:05,68.4301,100,
09:46:05,68.4301,300,
09:46:05,68.4301,100,
09:46:05,68.4301,400,
09:46:05,68.4301,101,
09:46:05,68.4301,300,
09:46:05,68.43,100,
09:46:05,68.4301,800,
09:46:05,68.43,400,
09:46:05,68.4301,400,
09:46:05,68.43,100,
09:46:05,68.4301,100,
09:46:05,68.439,402,
09:46:05,68.4301,150,
09:46:05,68.4301,180,
09:46:07,68.43,500,
09:46:07,68.43,200,
09:46:08,68.42,100,
09:46:08,68.42,150,
09:46:08,68.42,100,
09:46:16,68.42,100,
09:46:16,68.42,100,
09:46:17,68.42,100,
09:46:18,68.42,1090,
09:46:18,68.42,210,
09:46:19,68.42,800,
09:46:19,68.42,2100,
09:46:19,68.42,600,
09:46:19,68.42,2800,
09:46:19,68.42,100,
09:46:20,68.42,200,
09:46:22,68.42,150,
09:46:28,68.41,1000,
09:46:28,68.41,400,
09:46:30,68.40,200,
09:46:30,68.3901,1900,
09:46:30,68.39,1400,
09:46:30,68.39,100,
09:46:30,68.39,257,
09:46:31,68.39,500,
09:46:32,68.40,600,
09:46:32,68.41,200,
09:46:33,68.392,700,
09:46:33,68.41,100,
09:46:33,68.41,900,
09:46:33,68.40,106,
09:46:36,68.42,100,
09:46:36,68.42,200,
09:46:36,68.42,800,
09:46:36,68.42,100,
09:46:36,68.42,100,
09:46:36,68.41,100,
09:46:36,68.41,100,
09:46:36,68.41,100,
09:46:36,68.41,400,
09:46:37,68.41,100,
09:46:37,68.41,400,
09:46:37,68.41,200,
09:46:37,68.41,500,
09:46:37,68.41,100,
09:46:37,68.41,100,
09:46:37,68.41,400,
09:46:37,68.4101,100,
09:46:37,68.41,500,
09:46:40,68.41,100,
09:46:40,68.41,400,
09:46:41,68.4199,200,
09:46:41,68.40,100,
09:46:42,68.41,900,
09:46:42,68.41,2000,
09:46:42,68.41,300,
09:46:42,68.41,300,
09:46:42,68.41,600,
09:46:42,68.41,200,
09:46:43,68.42,200,
09:46:43,68.42,100,
09:46:45,68.42,200,
09:46:45,68.42,100,
09:46:45,68.43,500,
09:46:45,68.43,1000,
09:46:46,68.41,200,
09:46:48,68.41,1000,
09:46:53,68.40,200,
09:46:55,68.39,1000,
09:46:57,68.38,1000,
09:46:58,68.38,400,
09:46:58,68.3716,200,
09:46:59,68.3772,260,
09:47:00,68.38,2000,
09:47:00,68.38,2200,
09:47:01,68.38,2100,
09:47:01,68.38,200,
09:47:01,68.38,500,
09:47:01,68.38,100,
09:47:01,68.39,300,
09:47:01,68.38,100,
09:47:01,68.3899,400,
09:47:01,68.3816,150,
09:47:06,68.38,100,
09:47:06,68.37,200,
09:47:06,68.37,100,
09:47:07,68.37,200,
09:47:09,68.37,200,
09:47:09,68.37,500,
09:47:10,68.37,100,
09:47:13,68.39,100,
09:47:13,68.38,100,
09:47:13,68.38,100,
09:47:13,68.38,200,
09:47:13,68.38,200,
09:47:16,68.39,2200,
09:47:17,68.3817,400,
09:47:18,68.39,500,
09:47:18,68.39,300,
09:47:18,68.40,100,
09:47:18,68.40,200,
09:47:21,68.40,200,
09:47:27,68.40,200,
09:47:31,68.40,320,
09:47:31,68.40,300,
09:47:31,68.40,500,
09:47:31,68.40,1600,
09:47:32,68.41,760,
09:47:32,68.41,125,
09:47:33,68.41,200,
09:47:33,68.41,200,
09:47:33,68.41,100,
09:47:33,68.41,300,
09:47:34,68.411,200,
09:47:35,68.41,300,
09:47:36,68.41,2400,
09:47:36,68.41,1000,
09:47:36,68.41,1300,
09:47:37,68.41,200,
09:47:38,68.4099,6700,
09:47:38,68.41,1000,
09:47:39,68.41,100,
09:47:39,68.42,1900,
09:47:40,68.42,200,
09:47:42,68.42,1300,
09:47:42,68.42,200,
09:47:44,68.43,3600,
09:47:44,68.43,200,
09:47:45,68.4399,2000,
09:47:47,68.4488,570,
09:47:51,68.45,100,
09:47:52,68.45,2100,
09:47:52,68.455,100,
09:47:54,68.44,200,
09:47:57,68.4499,4000,
09:48:00,68.44,581,
09:48:00,68.44,100,
09:48:00,68.44,400,
09:48:00,68.44,200,
09:48:00,68.43,200,
09:48:00,68.43,4200,
09:48:00,68.45,1800,
09:48:02,68.44,200,
09:48:05,68.44,100,
09:48:10,68.44,200,
09:48:12,68.43,250,
09:48:22,68.4499,2000,
09:48:24,68.44,500,
09:48:25,68.43,100,
09:48:25,68.43,100,
09:48:25,68.43,100,
09:48:26,68.4301,1800,
09:48:29,68.431,200,
09:48:30,68.432,100,
09:48:32,68.43,200,
09:48:40,68.43,100,
09:48:40,68.43,1000,
09:48:42,68.42,200,
09:48:42,68.42,600,
09:48:49,68.42,100,
09:48:49,68.42,200,
09:48:54,68.42,100,
09:48:54,68.42,400,
09:49:06,68.43,100,
09:49:06,68.43,900,
09:49:06,68.43,200,
09:49:11,68.44,1800,
09:49:14,68.435,200,
09:49:15,68.4301,400,
09:49:20,68.44,1653,
09:49:20,68.44,600,
09:49:22,68.44,1200,
09:49:22,68.44,500,
09:49:22,68.445,100,
09:49:22,68.44,400,
09:49:22,68.44,600,
09:49:23,68.43,154,
09:49:26,68.42,200,
09:49:26,68.42,100,
09:49:26,68.42,500,
09:49:26,68.42,100,
09:49:26,68.42,200,
09:49:39,68.42,200,
09:49:49,68.42,500,
09:49:50,68.42,1800,
09:49:50,68.42,561,
09:49:50,68.43,500,
09:49:55,68.43,100,
09:49:58,68.42,125,
09:50:03,68.42,200,
09:50:04,68.4199,500,
09:50:11,68.42,100,
09:50:11,68.42,300,
09:50:11,68.415,105,
09:50:11,68.42,100,
09:50:11,68.425,100,
09:50:11,68.425,200,
09:50:16,68.4299,300,
09:50:17,68.43,100,
09:50:18,68.43,800,
09:50:18,68.43,200,
09:50:20,68.44,200,
09:50:22,68.45,200,
09:50:22,68.45,200,
09:50:22,68.45,800,
09:50:22,68.45,150,
09:50:22,68.45,117,
09:50:29,68.445,100,
09:50:34,68.45,192,
09:50:34,68.45,200,
09:50:35,68.45,200,
09:50:39,68.45,314,
09:50:40,68.44,200,
09:50:40,68.44,200,
09:50:43,68.44,200,
09:50:45,68.44,200,
09:50:52,68.44,200,
09:50:52,68.44,800,
09:50:52,68.44,100,
09:50:53,68.44,200,
09:50:55,68.44,2300,
09:51:01,68.43,153,
09:51:05,68.4299,2300,
09:51:07,68.42,200,
09:51:07,68.42,100,
09:51:07,68.42,100,
09:51:09,68.43,650,
09:51:10,68.428,700,
09:51:10,68.428,700,
09:51:10,68.425,100,
09:51:11,68.43,100,
09:51:11,68.43,100,
09:51:11,68.43,100,
09:51:11,68.43,100,
09:51:17,68.43,200,
09:51:19,68.42,300,
09:51:19,68.42,100,
09:51:19,68.42,200,
09:51:19,68.42,100,
09:51:30,68.42,400,
09:51:30,68.42,200,
09:51:32,68.42,100,
09:51:32,68.42,200,
09:51:37,68.43,100,
09:51:37,68.43,8000,
09:51:37,68.43,1000,
09:51:39,68.423,750,
09:51:40,68.43,100,
09:51:42,68.43,145,
09:51:43,68.44,1500,
09:51:44,68.43,1800,
09:51:44,68.44,300,
09:51:45,68.43,100,
09:51:45,68.43,100,
09:51:45,68.43,700,
09:51:46,68.43,200,
09:51:46,68.43,100,
09:51:46,68.43,655,
09:51:47,68.43,100,
09:51:47,68.4316,100,
09:51:54,68.4301,100,
09:52:00,68.44,100,
09:52:01,68.44,4000,
09:52:04,68.44,525,
09:52:06,68.45,800,
09:52:06,68.45,100,
09:52:11,68.4555,100,
09:52:11,68.4617,300,
09:52:12,68.47,200,
09:52:13,68.46,200,
09:52:15,68.47,100,
09:52:15,68.47,700,
09:52:15,68.47,100,
09:52:15,68.47,700,
09:52:15,68.47,100,
09:52:19,68.46,800,
09:52:19,68.46,200,
09:52:19,68.465,100,
09:52:25,68.47,1500,
09:52:25,68.47,500,
09:52:27,68.47,184,
09:52:40,68.47,400,
09:52:42,68.47,100,
09:52:42,68.48,428,
09:52:42,68.4701,100,
09:52:45,68.47,100,
09:52:46,68.479,2000,
09:52:47,68.47,200,
09:52:55,68.48,300,
09:52:59,68.475,100,
09:52:59,68.475,200,
09:53:01,68.48,200,
09:53:02,68.48,1000,
09:53:02,68.48,500,
09:53:05,68.48,1000,
09:53:05,68.485,100,
09:53:05,68.4899,360,
09:53:05,68.4899,4524,
09:53:05,68.49,100,
09:53:05,68.4899,477,
09:53:08,68.48,1000,
09:53:13,68.4899,1800,
09:53:15,68.4899,100,
09:53:19,68.48,500,
09:53:20,68.48,1118,
09:53:20,68.48,231,
09:53:20,68.48,231,
09:53:20,68.48,200,
09:53:21,68.48,168,
09:53:23,68.48,1700,
09:53:23,68.48,1200,
09:53:23,68.48,200,
09:53:23,68.48,200,
09:53:23,68.48,3500,
09:53:23,68.48,1400,
09:53:24,68.48,200,
09:53:24,68.48,800,
09:53:25,68.48,1100,
09:53:25,68.48,172,
09:53:27,68.48,100,
09:53:27,68.485,100,
09:53:27,68.48,372,
09:53:28,68.48,1000,
09:53:30,68.49,500,
09:53:32,68.48,272,
09:53:32,68.48,1072,
09:53:34,68.4701,3845,
09:53:38,68.47,200,
09:53:47,68.4692,300,
09:53:52,68.46,116,
09:53:53,68.45,200,
09:53:53,68.45,200,
09:53:59,68.4492,2000,
09:54:00,68.44,100,
09:54:00,68.44,200,
09:54:02,68.44,200,
09:54:03,68.44,116,
09:54:05,68.44,2100,
09:54:05,68.43,100,
09:54:07,68.45,100,
09:54:07,68.45,200,
09:54:09,68.46,200,
09:54:16,68.46,100,
09:54:16,68.46,100,
09:54:16,68.46,200,
09:54:16,68.46,193,
09:54:16,68.46,200,
09:54:20,68.46,1133,
09:54:20,68.46,200,
09:54:20,68.46,1400,
09:54:20,68.46,867,
09:54:20,68.47,600,
09:54:32,68.47,800,
09:54:32,68.475,100,
09:54:36,68.47,100,
09:54:41,68.47,200,
09:54:47,68.4692,300,
09:54:53,68.47,360,
09:54:53,68.47,200,
09:54:53,68.47,121,
09:54:53,68.47,600,
09:54:53,68.48,100,
09:54:53,68.48,200,
09:54:54,68.48,200,
09:54:57,68.48,200,
09:54:58,68.48,400,
09:54:59,68.48,200,
09:55:01,68.48,300,
09:55:01,68.48,900,
09:55:04,68.48,135,
09:55:04,68.48,100,
09:55:09,68.48,200,
09:55:13,68.47,200,
09:55:13,68.47,200,
09:55:14,68.47,200,
09:55:14,68.47,100,
09:55:16,68.47,100,
09:55:19,68.462,100,
09:55:24,68.47,200,
09:55:27,68.47,200,
09:55:28,68.475,200,
09:55:31,68.475,100,
09:55:34,68.47,200,
09:55:34,68.47,100,
09:55:36,68.47,100,
09:55:36,68.47,300,
09:55:36,68.47,100,
09:55:36,68.47,200,
09:55:36,68.47,200,
09:55:36,68.47,100,
09:55:37,68.47,200,
09:55:37,68.47,200,
09:55:41,68.47,200,
09:55:41,68.47,100,
09:55:42,68.47,200,
09:55:42,68.47,1300,
09:55:42,68.47,1000,
09:55:42,68.47,532,
09:55:42,68.47,200,
09:55:48,68.47,200,
09:55:48,68.47,100,
09:55:49,68.45,100,
09:55:49,68.46,100,
09:55:49,68.46,400,
09:55:53,68.45,886,
09:55:53,68.45,200,
09:55:55,68.4401,1000,
09:55:57,68.45,200,
09:56:02,68.4401,292,
09:56:05,68.43,200,
09:56:09,68.43,200,
09:56:17,68.44,200,
09:56:17,68.44,1600,
09:56:17,68.44,200,
09:56:17,68.44,1000,
09:56:17,68.44,1200,
09:56:17,68.44,100,
09:56:17,68.44,100,
09:56:18,68.44,200,
09:56:21,68.44,300,
09:56:21,68.44,100,
09:56:24,68.43,100,
09:56:24,68.43,800,
09:56:24,68.43,100,
09:56:24,68.43,200,
09:56:24,68.43,400,
09:56:27,68.43,100,
09:56:30,68.44,149,
09:56:31,68.44,2000,
09:56:37,68.44,1600,
09:56:51,68.44,200,
09:56:52,68.44,100,
09:56:52,68.44,100,
09:56:54,68.44,200,
09:56:54,68.445,100,
09:57:00,68.44,600,
09:57:02,68.44,200,
09:57:02,68.44,100,
09:57:09,68.44,200,
09:57:10,68.4388,500,
09:57:24,68.4388,250,
09:57:31,68.43,200,
09:57:34,68.44,597,
09:57:34,68.44,100,
09:57:34,68.44,1381,
09:57:39,68.45,600,
09:57:39,68.45,500,
09:57:39,68.45,800,
09:57:39,68.45,600,
09:57:39,68.45,200,
09:57:39,68.45,696,
09:57:39,68.45,920,
09:57:44,68.455,100,
09:57:44,68.45,100,
09:57:47,68.4499,190,
09:57:54,68.45,400,
09:58:01,68.45,600,
09:58:01,68.45,100,
09:58:06,68.45,200,
09:58:11,68.46,200,
09:58:15,68.46,100,
09:58:25,68.4517,1000,
09:58:25,68.45,2100,
09:58:25,68.45,300,
09:58:25,68.45,600,
09:58:25,68.455,100,
09:58:26,68.45,300,
09:58:27,68.44,200,
09:58:27,68.44,100,
09:58:27,68.44,400,
09:58:32,68.43,200,
09:58:43,68.429,600,
09:58:43,68.429,600,
09:58:48,68.43,492,
09:58:48,68.43,300,
09:58:48,68.43,100,
09:58:48,68.43,175,
09:58:48,68.43,100,
09:58:51,68.43,175,
09:58:51,68.43,100,
09:58:51,68.43,100,
09:58:55,68.4399,100,
09:58:56,68.43,500,
09:58:58,68.43,881,
09:59:01,68.43,500,
09:59:01,68.43,908,
09:59:03,68.43,100,
09:59:03,68.43,3600,
09:59:04,68.43,200,
09:59:04,68.43,37511,
09:59:06,68.44,122,
09:59:06,68.44,200,
09:59:06,68.44,200,
09:59:08,68.44,100,
09:59:10,68.44,200,
09:59:15,68.44,100,
09:59:15,68.44,300,
09:59:19,68.43,100,
09:59:27,68.43,200,
09:59:28,68.43,100,
09:59:28,68.43,2100,
09:59:28,68.43,100,
09:59:28,68.43,100,
09:59:28,68.43,200,
09:59:28,68.43,100,
09:59:28,68.43,200,
09:59:28,68.43,100,
09:59:28,68.43,100,
09:59:28,68.43,100,
09:59:28,68.43,100,
09:59:28,68.43,100,
09:59:28,68.43,100,
09:59:31,68.43,1200,
09:59:34,68.44,400,
09:59:40,68.43,200,
09:59:40,68.44,1000,
09:59:40,68.44,100,
09:59:41,68.44,100,
09:59:45,68.44,351,
09:59:45,68.44,249,
09:59:50,68.44,181,
09:59:55,68.44,200,
09:59:56,68.44,100,
09:59:56,68.45,616,
10:00:03,68.44,1000,
10:00:04,68.44,300,
10:00:04,68.44,100,
10:00:04,68.45,300,
10:00:04,68.44,100,
10:00:04,68.44,100,
10:00:04,68.44,400,
10:00:04,68.44,100,
10:00:04,68.44,200,
10:00:04,68.445,100,
10:00:05,68.43,1500,
10:00:05,68.43,1000,
10:00:08,68.43,300,
10:00:08,68.43,200,
10:00:08,68.43,200,
10:00:08,68.43,1500,
10:00:08,68.43,800,
10:00:09,68.43,200,
10:00:09,68.42,100,
10:00:09,68.42,200,
10:00:09,68.42,200,
10:00:09,68.42,100,
10:00:12,68.4101,3000,
10:00:16,68.41,200,
10:00:16,68.41,300,
10:00:16,68.41,200,
10:00:17,68.4001,4000,
10:00:20,68.40,100,
10:00:20,68.40,325,
10:00:20,68.39,300,
10:00:21,68.38,100,
10:00:21,68.38,100,
10:00:21,68.38,400,
10:00:22,68.38,100,
10:00:27,68.39,200,
10:00:31,68.39,400,
10:00:32,68.388,410,
10:00:32,68.39,200,
10:00:34,68.37,1627,
10:00:34,68.37,2100,
10:00:34,68.37,2400,
10:00:34,68.38,200,
10:00:34,68.38,500,
10:00:34,68.37,100,
10:00:34,68.37,100,
10:00:34,68.37,900,
10:00:34,68.37,2300,
10:00:34,68.38,200,
10:00:34,68.38,100,
10:00:34,68.37,200,
10:00:34,68.37,250,
10:00:34,68.37,200,
10:00:34,68.37,200,
10:00:34,68.37,200,
10:00:34,68.37,1350,
10:00:34,68.37,200,
10:00:34,68.37,2500,
10:00:34,68.38,300,
10:00:36,68.38,200,
10:00:37,68.38,1700,
10:00:37,68.38,2400,
10:00:37,68.38,2400,
10:00:37,68.38,2100,
10:00:39,68.39,240,
10:00:39,68.40,152,
10:00:39,68.39,200,
10:00:39,68.39,100,
10:00:39,68.40,500,
10:00:39,68.40,200,
10:00:39,68.40,200,
10:00:39,68.40,200,
10:00:39,68.40,1948,
10:00:39,68.40,200,
10:00:39,68.39,200,
10:00:39,68.39,200,
10:00:39,68.39,3500,
10:00:39,68.39,200,
10:00:39,68.39,1000,
10:00:39,68.39,100,
10:00:39,68.39,100,
10:00:39,68.38,500,
10:00:39,68.38,100,
10:00:39,68.39,600,
10:00:40,68.38,100,
10:00:40,68.38,100,
10:00:40,68.39,400,
10:00:40,68.39,500,
10:00:40,68.38,500,
10:00:40,68.38,200,
10:00:40,68.38,200,
10:00:40,68.38,600,
10:00:41,68.39,600,
10:00:41,68.37,300,
10:00:41,68.37,200,
10:00:45,68.38,182,
10:00:46,68.38,500,
10:00:46,68.38,700,
10:00:46,68.38,600,
10:00:46,68.38,182,
10:00:46,68.38,496,
10:00:46,68.38,101,
10:00:46,68.38,600,
10:00:46,68.38,600,
10:00:46,68.38,600,
10:00:46,68.38,500,
10:00:46,68.38,700,
10:00:46,68.38,1400,
10:00:47,68.37,300,
10:00:47,68.37,500,
10:00:47,68.37,200,
10:00:47,68.37,1100,
10:00:47,68.37,200,
10:00:48,68.37,100,
10:00:48,68.37,500,
10:00:48,68.37,300,
10:00:48,68.37,1000,
10:00:48,68.37,400,
10:00:48,68.37,400,
10:00:48,68.38,600,
10:00:48,68.37,200,
10:00:50,68.37,400,
10:00:50,68.37,300,
10:00:50,68.37,200,
10:00:50,68.37,300,
10:00:50,68.37,300,
10:00:51,68.36,400,
10:00:51,68.36,200,
10:00:52,68.36,100,
10:00:52,68.36,200,
10:00:52,68.37,500,
10:00:52,68.37,500,
10:00:52,68.36,1700,
10:00:52,68.36,316,
10:00:52,68.36,200,
10:00:52,68.36,1400,
10:00:52,68.36,1000,
10:00:53,68.36,100,
10:00:54,68.3501,100,
10:00:54,68.36,200,
10:01:01,68.35,500,
10:01:02,68.35,200,
10:01:08,68.35,700,
10:01:09,68.35,500,
10:01:10,68.35,100,
10:01:13,68.35,100,
10:01:13,68.35,1000,
10:01:13,68.35,540,
10:01:14,68.34,100,
10:01:14,68.34,2800,
10:01:15,68.35,200,
10:01:15,68.35,200,
10:01:15,68.35,200,
10:01:15,68.35,108,
10:01:17,68.35,100,
10:01:17,68.36,100,
10:01:23,68.35,200,
10:01:23,68.34,300,
10:01:23,68.35,1151,
10:01:23,68.35,1700,
10:01:26,68.341,900,
10:01:27,68.35,200,
10:01:27,68.36,200,
10:01:27,68.36,500,
10:01:27,68.36,200,
10:01:27,68.36,3000,
10:01:27,68.36,800,
10:01:27,68.36,1200,
10:01:27,68.35,400,
10:01:28,68.35,200,
10:01:29,68.35,200,
10:01:30,68.35,300,
10:01:30,68.35,2100,
10:01:30,68.35,800,
10:01:31,68.35,200,
10:01:35,68.36,300,
10:01:35,68.36,200,
10:01:35,68.36,800,
10:01:36,68.351,300,
10:01:38,68.35,100,
10:01:38,68.35,200,
10:01:43,68.36,200,
10:01:43,68.36,800,
10:01:43,68.36,1800,
10:01:43,68.36,2900,
10:01:43,68.36,500,
10:01:43,68.36,400,
10:01:47,68.35,100,
10:01:48,68.35,100,
10:01:49,68.35,200,
10:01:51,68.35,200,
10:01:51,68.35,100,
10:01:51,68.35,500,
10:01:51,68.36,1500,
10:01:51,68.36,200,
10:01:52,68.35,100,
10:01:52,68.35,200,
10:01:55,68.3501,348,
10:01:56,68.35,100,
10:01:56,68.35,200,
10:02:00,68.33,100,
10:02:02,68.34,400,
10:02:02,68.34,1200,
10:02:03,68.33,1400,
10:02:12,68.33,1100,
10:02:12,68.33,100,
10:02:12,68.33,100,
10:02:12,68.33,100,
10:02:12,68.33,1000,
10:02:12,68.33,800,
10:02:12,68.33,3200,
10:02:12,68.33,700,
10:02:12,68.33,250,
10:02:12,68.33,1700,
10:02:12,68.33,3700,
10:02:12,68.33,100,
10:02:12,68.3201,1000,
10:02:13,68.325,290,
10:02:14,68.321,400,
10:02:14,68.33,300,
10:02:14,68.33,400,
10:02:14,68.33,900,
10:02:16,68.3301,3350,
10:02:16,68.33,200,
10:02:25,68.33,5537,
10:02:25,68.33,1600,
10:02:25,68.33,1700,
10:02:25,68.33,4700,
10:02:25,68.33,200,
10:02:25,68.33,100,
10:02:25,68.33,100,
10:02:25,68.33,600,
10:02:26,68.34,1200,
10:02:26,68.34,1500,
10:02:26,68.34,200,
10:02:26,68.34,700,
10:02:26,68.34,3300,
10:02:26,68.34,800,
10:02:26,68.34,100,
10:02:27,68.34,600,
10:02:27,68.34,700,
10:02:27,68.34,500,
10:02:27,68.34,200,
10:02:27,68.34,166,
10:02:27,68.34,700,
10:02:27,68.34,100,
10:02:27,68.34,100,
10:02:27,68.34,100,
10:02:31,68.35,200,
10:02:31,68.35,200,
10:02:38,68.3599,1700,
10:02:41,68.3601,700,
10:02:41,68.36,200,
10:02:41,68.36,200,
10:02:43,68.37,200,
10:02:43,68.37,200,
10:02:44,68.37,100,
10:02:45,68.365,147,
10:02:47,68.36,435,
10:02:48,68.37,200,
10:02:48,68.37,100,
10:02:49,68.38,500,
10:02:49,68.3701,100,
10:02:52,68.38,100,
10:02:52,68.38,100,
10:02:52,68.39,200,
10:02:54,68.40,800,
10:02:54,68.40,400,
10:02:55,68.40,200,
10:02:55,68.40,311,
10:02:55,68.40,800,
10:02:55,68.40,200,
10:02:57,68.40,600,
10:02:59,68.41,1600,
10:02:59,68.41,200,
10:03:00,68.40,100,
10:03:00,68.40,200,
10:03:01,68.41,100,
10:03:01,68.41,100,
10:03:01,68.41,200,
10:03:03,68.42,2000,
10:03:03,68.42,200,
10:03:04,68.42,100,
10:03:04,68.42,600,
10:03:04,68.42,400,
10:03:06,68.42,1800,
10:03:06,68.42,2400,
10:03:07,68.42,100,
10:03:09,68.41,600,
10:03:09,68.41,600,
10:03:09,68.41,700,
10:03:09,68.41,500,
10:03:11,68.41,500,
10:03:11,68.41,600,
10:03:11,68.41,200,
10:03:11,68.42,200,
10:03:11,68.42,800,
10:03:11,68.42,600,
10:03:13,68.411,1200,
10:03:13,68.42,100,
10:03:17,68.409,2000,
10:03:21,68.41,800,
10:03:21,68.41,600,
10:03:21,68.41,800,
10:03:21,68.42,500,
10:03:21,68.41,200,
10:03:22,68.41,461,
10:03:22,68.41,508,
10:03:22,68.4101,175,
10:03:22,68.41,200,
10:03:24,68.40,400,
10:03:25,68.41,550,
10:03:30,68.40,2000,
10:03:32,68.40,200,
10:03:36,68.41,1700,
10:03:36,68.41,1700,
10:03:36,68.41,3700,
10:03:38,68.41,200,
10:03:40,68.41,400,
10:03:42,68.41,100,
10:03:42,68.41,464,
10:03:42,68.41,3200,
10:03:42,68.41,800,
10:03:42,68.40,400,
10:03:42,68.41,3260,
10:03:42,68.41,390,
10:03:42,68.41,700,
10:03:42,68.41,600,
10:03:43,68.42,100,
10:03:43,68.42,1600,
10:03:44,68.42,200,
10:03:45,68.42,1117,
10:03:51,68.4292,2000,
10:03:55,68.43,600,
10:03:57,68.43,150,
10:03:59,68.42,200,
10:03:59,68.42,800,
10:03:59,68.42,200,
10:03:59,68.42,1000,
10:04:01,68.41,100,
10:04:01,68.4108,1300,
10:04:01,68.41,500,
10:04:01,68.42,100,
10:04:01,68.42,100,
10:04:01,68.42,700,
10:04:03,68.41,200,
10:04:06,68.4099,2200,
10:04:06,68.41,200,
10:04:06,68.42,200,
10:04:06,68.42,200,
10:04:07,68.42,200,
10:04:07,68.42,300,
10:04:08,68.43,200,
10:04:08,68.43,200,
10:04:09,68.43,100,
10:04:11,68.43,100,
10:04:11,68.43,100,
10:04:11,68.44,100,
10:04:11,68.44,500,
10:04:11,68.44,4900,
10:04:11,68.44,2900,
10:04:11,68.44,1400,
10:04:11,68.44,200,
10:04:11,68.44,7600,
10:04:11,68.44,400,
10:04:11,68.44,900,
10:04:14,68.44,15000,
10:04:16,68.46,615,
10:04:16,68.46,300,
10:04:17,68.46,100,
10:04:17,68.46,100,
10:04:19,68.4584,1000,
10:04:22,68.46,100,
10:04:23,68.45,100,
10:04:23,68.45,200,
10:04:23,68.45,351,
10:04:23,68.45,1500,
10:04:23,68.45,249,
10:04:24,68.45,300,
10:04:24,68.45,100,
10:04:25,68.45,200,
10:04:27,68.4599,2000,
10:04:31,68.46,141,
10:04:32,68.46,600,
10:04:32,68.46,2800,
10:04:32,68.46,1400,
10:04:33,68.46,100,
10:04:35,68.4599,1000,
10:04:42,68.45,200,
10:04:44,68.46,100,
10:04:44,68.46,300,
10:04:44,68.46,300,
10:04:46,68.46,472,
10:04:46,68.46,343,
10:04:50,68.47,300,
10:04:53,68.46,1100,
10:04:54,68.46,300,
10:04:58,68.4599,1200,
10:04:59,68.45,100,
10:04:59,68.44,300,
10:04:59,68.44,800,
10:04:59,68.44,200,
10:04:59,68.44,500,
10:04:59,68.44,200,
10:05:00,68.43,200,
10:05:01,68.43,200,
10:05:02,68.43,200,
10:05:02,68.43,200,
10:05:03,68.43,100,
10:05:04,68.42,100,
10:05:06,68.43,100,
10:05:09,68.43,300,
10:05:09,68.43,200,
10:05:09,68.43,400,
10:05:09,68.43,200,
10:05:09,68.4301,300,
10:05:11,68.43,200,
10:05:12,68.43,200,
10:05:13,68.44,600,
10:05:13,68.44,200,
10:05:13,68.44,600,
10:05:13,68.44,100,
10:05:13,68.44,4000,
10:05:13,68.44,700,
10:05:15,68.4301,100,
10:05:15,68.43,100,
10:05:15,68.43,226,
10:05:15,68.42,200,
10:05:15,68.42,200,
10:05:16,68.42,200,
10:05:16,68.43,300,
10:05:16,68.43,500,
10:05:18,68.42,200,
10:05:19,68.41,200,
10:05:19,68.41,500,
10:05:19,68.41,100,
10:05:20,68.41,500,
10:05:20,68.3988,106,
10:05:20,68.39,100,
10:05:20,68.39,100,
10:05:20,68.40,800,
10:05:20,68.3901,1700,
10:05:21,68.395,367,
10:05:22,68.39,200,
10:05:26,68.39,200,
10:05:30,68.3878,200,
10:05:30,68.39,200,
10:05:31,68.40,200,
10:05:31,68.40,200,
10:05:33,68.40,100,
10:05:33,68.40,200,
10:05:33,68.40,100,
10:05:37,68.40,100,
10:05:38,68.395,100,
10:05:44,68.40,400,
10:05:46,68.41,100,
10:05:46,68.41,100,
10:05:46,68.41,200,
10:05:57,68.40,200,
10:05:58,68.39,200,
10:06:09,68.39,200,
10:06:11,68.38,100,
10:06:11,68.38,100,
10:06:11,68.38,100,
10:06:11,68.38,100,
10:06:11,68.38,138,
10:06:14,68.38,200,
10:06:20,68.37,100,
10:06:22,68.38,1140,
10:06:22,68.39,500,
10:06:37,68.40,200,
10:06:38,68.41,2900,
10:06:38,68.41,1600,
10:06:38,68.41,200,
10:06:38,68.41,200,
10:06:40,68.42,200,
10:06:40,68.42,300,
10:06:40,68.42,300,
10:06:40,68.42,250,
10:06:40,68.42,200,
10:06:40,68.42,200,
10:06:45,68.42,100,
10:06:47,68.41,200,
10:06:47,68.41,100,
10:06:52,68.41,200,
10:06:54,68.43,200,
10:06:59,68.42,200,
10:07:03,68.41,100,
10:07:07,68.41,100,
10:07:18,68.4001,431,
10:07:24,68.41,2327,
10:07:24,68.41,100,
10:07:24,68.41,200,
10:07:24,68.4075,1000,
10:07:28,68.41,100,
10:07:28,68.41,1100,
10:07:28,68.41,600,
10:07:30,68.40,200,
10:07:31,68.39,600,
10:07:31,68.39,200,
10:07:31,68.39,700,
10:07:32,68.38,100,
10:07:33,68.3701,100,
10:07:41,68.3799,200,
10:07:42,68.38,700,
10:07:42,68.38,200,
10:07:42,68.38,200,
10:07:44,68.38,100,
10:07:45,68.38,200,
10:07:51,68.38,100,
10:07:56,68.37,11400,
10:07:56,68.37,2400,
10:07:56,68.37,2800,
10:07:56,68.37,200,
10:08:03,68.3792,2300,
10:08:03,68.38,200,
10:08:12,68.37,100,
10:08:12,68.37,500,
10:08:17,68.37,183,
10:08:20,68.3692,500,
10:08:28,68.365,300,
10:08:31,68.37,2000,
10:08:31,68.37,800,
10:08:31,68.37,300,
10:08:31,68.37,200,
10:08:31,68.365,400,
10:08:31,68.37,200,
10:08:31,68.37,2000,
10:08:31,68.37,2000,
10:08:31,68.37,100,
10:08:33,68.37,100,
10:08:34,68.37,100,
10:08:34,68.37,1000,
10:08:34,68.37,285,
10:08:34,68.37,200,
10:08:34,68.37,415,
10:08:35,68.37,500,
10:08:35,68.37,119,
10:08:44,68.37,1000,
10:08:48,68.37,200,
10:08:51,68.36,103,
10:08:52,68.35,480,
10:09:02,68.3499,1000,
10:09:06,68.34,200,
10:09:10,68.3599,300,
10:09:10,68.35,200,
10:09:10,68.34,600,
10:09:14,68.34,300,
10:09:16,68.35,200,
10:09:32,68.3599,1400,
10:09:32,68.36,600,
10:09:37,68.36,1600,
10:09:39,68.37,200,
10:09:39,68.38,200,
10:09:46,68.39,800,
10:09:57,68.40,600,
10:09:57,68.40,200,
10:10:01,68.40,200,
10:10:05,68.41,1500,
10:10:05,68.41,182,
10:10:06,68.41,1200,
10:10:06,68.41,200,
10:10:06,68.41,500,
10:10:06,68.41,1400,
10:10:07,68.41,200,
10:10:10,68.40,200,
10:10:12,68.40,100,
10:10:13,68.39,1000,
10:10:13,68.39,1140,
10:10:13,68.39,200,
10:10:13,68.38,200,
10:10:14,68.38,200,
10:10:15,68.38,400,
10:10:15,68.38,200,
10:10:20,68.37,200,
10:10:20,68.37,1400,
10:10:21,68.37,200,
10:10:22,68.3784,200,
10:10:26,68.37,1800,
10:10:26,68.37,6000,
10:10:26,68.37,100,
10:10:26,68.37,600,
10:10:26,68.37,200,
10:10:31,68.37,200,
10:10:39,68.38,500,
10:10:40,68.38,100,
10:10:42,68.38,200,
10:10:53,68.38,200,
10:11:01,68.3899,300,
10:11:04,68.3801,250,
10:11:13,68.39,200,
10:11:14,68.39,500,
10:11:14,68.39,100,
10:11:14,68.39,200,
10:11:14,68.39,200,
10:11:14,68.39,100,
10:11:14,68.39,100,
10:11:14,68.39,200,
10:11:14,68.39,100,
10:11:14,68.39,1000,
10:11:15,68.39,150,
10:11:15,68.39,100,
10:11:15,68.39,100,
10:11:15,68.39,800,
10:11:15,68.39,1700,
10:11:15,68.39,500,
10:11:15,68.39,100,
10:11:15,68.39,200,
10:11:15,68.39,200,
10:11:15,68.39,300,
10:11:15,68.39,1300,
10:11:15,68.3901,265,
10:11:22,68.40,1100,
10:11:22,68.40,200,
10:11:22,68.40,100,
10:11:25,68.39,100,
10:11:25,68.39,300,
10:11:26,68.39,200,
10:11:29,68.3901,590,
10:11:29,68.39,200,
10:11:29,68.38,550,
10:11:29,68.38,500,
10:11:29,68.38,200,
10:11:29,68.38,900,
10:11:29,68.38,600,
10:11:29,68.38,200,
10:11:31,68.37,200,
10:11:34,68.3692,2000,
10:11:44,68.36,200,
10:11:45,68.36,203,
10:11:50,68.36,200,
10:11:50,68.37,700,
10:11:51,68.36,200,
10:11:57,68.36,200,
10:11:59,68.35,2400,
10:11:59,68.35,11400,
10:11:59,68.35,2100,
10:12:06,68.36,100,
10:12:06,68.36,200,
10:12:07,68.36,200,
10:12:15,68.36,2000,
10:12:18,68.36,100,
10:12:23,68.37,300,
10:12:25,68.38,200,
10:12:37,68.39,200,
10:12:37,68.39,100,
10:12:37,68.38,200,
10:12:37,68.38,200,
10:12:38,68.38,200,
10:12:40,68.38,200,
10:12:40,68.38,100,
10:12:40,68.38,100,
10:12:44,68.39,200,
10:12:54,68.39,800,
10:12:54,68.39,400,
10:12:57,68.38,1500,
10:13:03,68.39,600,
10:13:03,68.39,134,
10:13:03,68.39,100,
10:13:03,68.3901,5900,
10:13:04,68.3947,149,
10:13:08,68.41,100,
10:13:08,68.41,100,
10:13:11,68.40,200,
10:13:12,68.40,100,
10:13:28,68.40,800,
10:13:28,68.40,800,
10:13:28,68.40,200,
10:13:28,68.40,200,
10:13:31,68.40,400,
10:13:31,68.40,1000,
10:13:31,68.40,1300,
10:13:31,68.40,1500,
10:13:31,68.40,1300,
10:13:31,68.40,2000,
10:13:31,68.40,1179,
10:13:35,68.40,200,
10:13:35,68.41,600,
10:13:38,68.41,1400,
10:13:38,68.41,500,
10:13:38,68.41,1000,
10:13:41,68.41,300,
10:13:41,68.41,500,
10:13:45,68.401,2300,
10:13:46,68.40,100,
10:13:49,68.40,200,
10:13:55,68.39,300,
10:13:55,68.39,100,
10:13:55,68.39,200,
10:13:58,68.38,100,
10:14:03,68.36,200,
10:14:05,68.36,200,
10:14:10,68.35,100,
10:14:13,68.35,400,
10:14:13,68.35,182,
10:14:13,68.35,454,
10:14:13,68.35,1000,
10:14:14,68.35,200,
10:14:14,68.35,100,
10:14:14,68.35,100,
10:14:15,68.35,508,
10:14:15,68.35,600,
10:14:19,68.36,200,
10:14:19,68.3599,100,
10:14:19,68.36,100,
10:14:19,68.36,101,
10:14:21,68.36,100,
10:14:24,68.35,3000,
10:14:24,68.35,1000,
10:14:24,68.35,1500,
10:14:24,68.35,3200,
10:14:24,68.35,2000,
10:14:34,68.35,300,
10:14:34,68.35,200,
10:14:45,68.36,500,
10:14:45,68.36,900,
10:14:45,68.36,800,
10:14:45,68.36,600,
10:14:45,68.36,600,
10:14:45,68.36,1400,
10:14:45,68.36,400,
10:14:45,68.36,200,
10:14:45,68.36,200,
10:14:45,68.36,400,
10:14:45,68.36,600,
10:14:45,68.36,300,
10:14:45,68.36,700,
10:14:45,68.37,100,
10:14:47,68.37,600,
10:14:47,68.37,183,
10:14:51,68.37,235,
10:14:57,68.38,1100,
10:14:57,68.38,100,
10:14:57,68.38,200,
10:15:03,68.37,600,
10:15:04,68.37,600,
10:15:04,68.3692,3000,
10:15:08,68.36,100,
10:15:12,68.3584,700,
10:15:12,68.36,700,
10:15:12,68.36,500,
10:15:12,68.36,200,
10:15:12,68.36,200,
10:15:12,68.36,100,
10:15:12,68.36,1100,
10:15:12,68.36,100,
10:15:12,68.351,2800,
10:15:17,68.3699,600,
10:15:23,68.36,264,
10:15:30,68.36,100,
10:15:30,68.36,100,
10:15:30,68.36,100,
10:15:30,68.36,100,
10:15:30,68.36,100,
10:15:30,68.36,1800,
10:15:31,68.35,600,
10:15:35,68.36,2521,
10:15:42,68.36,200,
10:15:47,68.3501,100,
10:15:58,68.3584,1200,
10:16:02,68.35,100,
10:16:02,68.34,200,
10:16:03,68.34,100,
10:16:18,68.33,300,
10:16:18,68.33,4500,
10:16:18,68.33,1500,
10:16:18,68.33,300,
10:16:19,68.32,600,
10:16:19,68.32,100,
10:16:19,68.32,800,
10:16:20,68.3117,1360,
10:16:20,68.3101,1430,
10:16:21,68.31,200,
10:16:21,68.31,100,
10:16:21,68.31,100,
10:16:23,68.30,1430,
10:16:23,68.30,3300,
10:16:23,68.30,300,
10:16:23,68.30,100,
10:16:23,68.30,4100,
10:16:23,68.30,300,
10:16:26,68.30,100,
10:16:26,68.30,100,
10:16:27,68.30,330,
10:16:29,68.31,500,
10:16:29,68.3083,1000,
10:16:30,68.30,500,
10:16:30,68.30,3200,
10:16:30,68.30,500,
10:16:30,68.29,200,
10:16:30,68.29,3000,
10:16:30,68.29,124,
10:16:30,68.29,2000,
10:16:31,68.29,100,
10:16:32,68.29,3000,
10:16:32,68.29,800,
10:16:32,68.29,320,
10:16:33,68.2999,500,
10:16:33,68.30,500,
10:16:38,68.30,200,
10:16:38,68.30,100,
10:16:42,68.29,100,
10:16:42,68.29,200,
10:16:42,68.29,500,
10:16:42,68.29,500,
10:16:46,68.281,5400,
10:16:52,68.2801,2000,
10:16:53,68.27,300,
10:16:53,68.2799,500,
10:16:55,68.27,100,
10:16:59,68.27,100,
10:16:59,68.28,1800,
10:16:59,68.28,600,
10:16:59,68.28,200,
10:16:59,68.28,100,
10:17:02,68.29,100,
10:17:02,68.29,300,
10:17:09,68.30,190,
10:17:11,68.30,500,
10:17:15,68.30,300,
10:17:16,68.29,3513,
10:17:17,68.30,100,
10:17:17,68.30,200,
10:17:18,68.309,9000,
10:17:20,68.309,400,
10:17:21,68.31,300,
10:17:22,68.32,100,
10:17:25,68.32,200,
10:17:25,68.32,100,
10:17:27,68.32,300,
10:17:47,68.31,200,
10:17:47,68.31,300,
10:17:48,68.31,161,
10:17:48,68.31,2039,
10:17:50,68.3099,1500,
10:17:52,68.31,200,
10:17:58,68.32,100,
10:17:58,68.32,200,
10:18:10,68.3216,100,
10:18:10,68.33,100,
10:18:10,68.33,200,
10:18:11,68.32,295,
10:18:11,68.32,1600,
10:18:11,68.32,1700,
10:18:11,68.32,200,
10:18:14,68.32,100,
10:18:15,68.30,100,
10:18:16,68.3088,1000,
10:18:23,68.30,100,
10:18:39,68.308,430,
10:18:43,68.30,100,
10:18:43,68.29,200,
10:18:51,68.29,540,
10:18:56,68.30,800,
10:18:56,68.30,600,
10:18:56,68.30,200,
10:19:00,68.31,700,
10:19:00,68.31,800,
10:19:00,68.31,150,
10:19:00,68.31,150,
10:19:00,68.31,150,
10:19:04,68.30,200,
10:19:04,68.30,100,
10:19:06,68.31,1100,
10:19:06,68.31,200,
10:19:07,68.31,623,
10:19:08,68.32,600,
10:19:10,68.33,300,
10:19:13,68.33,350,
10:19:14,68.3299,3850,
10:19:15,68.3201,600,
10:19:15,68.33,100,
10:19:17,68.3343,500,
10:19:20,68.34,500,
10:19:21,68.34,600,
10:19:21,68.34,400,
10:19:24,68.34,100,
10:19:40,68.34,306,
10:19:40,68.34,200,
10:19:49,68.33,200,
10:19:50,68.34,800,
10:19:50,68.34,300,
10:19:51,68.3399,5000,
10:20:02,68.34,550,
10:20:04,68.33,500,
10:20:04,68.33,100,
10:20:04,68.33,100,
10:20:06,68.33,100,
10:20:06,68.33,300,
10:20:06,68.33,100,
10:20:06,68.33,400,
10:20:07,68.322,200,
10:20:08,68.33,300,
10:20:08,68.32,200,
10:20:10,68.33,600,
10:20:10,68.33,300,
10:20:10,68.34,500,
10:20:10,68.34,1600,
10:20:10,68.34,6000,
10:20:10,68.34,2000,
10:20:10,68.34,2000,
10:20:10,68.34,100,
10:20:10,68.34,2000,
10:20:10,68.34,100,
10:20:10,68.34,200,
10:20:10,68.34,400,
10:20:10,68.34,100,
10:20:17,68.33,100,
10:20:19,68.33,205,
10:20:21,68.33,100,
10:20:21,68.33,200,
10:20:21,68.33,200,
10:20:25,68.33,100,
10:20:28,68.33,100,
10:20:33,68.33,200,
10:20:37,68.335,1800,
10:20:46,68.3396,725,
10:20:48,68.335,100,
10:20:53,68.34,150,
10:20:53,68.34,300,
10:20:53,68.34,100,
10:21:03,68.32,2400,
10:21:03,68.32,200,
10:21:03,68.32,700,
10:21:03,68.32,500,
10:21:03,68.33,100,
10:21:03,68.33,100,
10:21:03,68.32,11400,
10:21:03,68.33,100,
10:21:03,68.33,200,
10:21:03,68.3201,200,
10:21:03,68.33,100,
10:21:03,68.33,100,
10:21:03,68.33,100,
10:21:07,68.3201,2000,
10:21:13,68.33,600,
10:21:14,68.33,200,
10:21:16,68.33,100,
10:21:16,68.34,300,
10:21:19,68.34,100,
10:21:19,68.34,100,
10:21:19,68.34,200,
10:21:24,68.33,1314,
10:21:24,68.33,300,
10:21:24,68.33,200,
10:21:32,68.32,600,
10:21:32,68.32,200,
10:21:32,68.32,200,
10:21:45,68.32,200,
10:21:45,68.32,100,
10:21:45,68.32,300,
10:21:45,68.32,100,
10:21:45,68.32,200,
10:21:53,68.31,600,
10:21:53,68.31,141,
10:21:53,68.31,200,
10:21:53,68.31,300,
10:21:57,68.30,200,
10:21:57,68.30,600,
10:21:57,68.2901,200,
10:21:57,68.29,400,
10:21:57,68.29,100,
10:21:57,68.29,500,
10:21:57,68.29,200,
10:22:00,68.28,100,
10:22:00,68.28,300,
10:22:00,68.28,100,
10:22:06,68.2701,3200,
10:22:08,68.28,223,
10:22:10,68.28,300,
10:22:10,68.28,100,
10:22:11,68.2701,500,
10:22:21,68.28,100,
10:22:22,68.29,200,
10:22:27,68.28,152,
10:22:27,68.28,100,
10:22:27,68.28,100,
10:22:27,68.28,100,
10:22:27,68.28,100,
10:22:33,68.28,100,
10:22:34,68.28,269,
10:22:34,68.28,200,
10:22:34,68.28,1400,
10:22:34,68.28,100,
10:22:34,68.28,100,
10:22:34,68.28,200,
10:22:34,68.28,100,
10:22:39,68.28,200,
10:22:41,68.28,100,
10:22:42,68.28,200,
10:22:42,68.28,100,
10:22:42,68.28,100,
10:22:49,68.29,500,
10:22:50,68.28,300,
10:22:52,68.28,200,
10:22:52,68.27,1000,
10:22:52,68.27,200,
10:22:52,68.27,2000,
10:22:52,68.2601,930,
10:22:56,68.26,100,
10:22:57,68.26,500,
10:22:57,68.26,100,
10:22:59,68.25,150,
10:23:01,68.25,290,
10:23:01,68.25,1000,
10:23:01,68.25,307,
10:23:02,68.26,200,
10:23:02,68.26,200,
10:23:05,68.25,100,
10:23:06,68.25,100,
10:23:09,68.25,120,
10:23:10,68.24,500,
10:23:10,68.23,800,
10:23:10,68.2301,600,
10:23:10,68.2313,1500,
10:23:19,68.23,100,
10:23:19,68.23,300,
10:23:19,68.22,300,
10:23:19,68.22,700,
10:23:19,68.22,122,
10:23:20,68.22,100,
10:23:20,68.22,276,
10:23:20,68.21,3980,
10:23:22,68.21,2000,
10:23:24,68.2201,1000,
10:23:25,68.23,835,
10:23:25,68.23,800,
10:23:25,68.23,200,
10:23:25,68.23,200,
10:23:27,68.23,200,
10:23:30,68.22,200,
10:23:31,68.22,200,
10:23:36,68.22,800,
10:23:36,68.22,200,
10:23:36,68.22,200,
10:23:38,68.23,200,
10:23:41,68.23,200,
10:23:41,68.23,100,
10:23:42,68.22,200,
10:23:44,68.20,1600,
10:23:44,68.20,3100,
10:23:44,68.21,300,
10:23:44,68.20,100,
10:23:44,68.20,100,
10:23:44,68.20,650,
10:23:44,68.20,1000,
10:23:44,68.20,100,
10:23:44,68.19,465,
10:23:44,68.19,100,
10:23:44,68.19,201,
10:23:45,68.19,500,
10:23:45,68.19,300,
10:23:45,68.1901,3050,
10:23:46,68.20,238,
10:23:46,68.19,100,
10:23:47,68.20,134,
10:23:47,68.19,200,
10:23:47,68.19,228,
10:23:48,68.20,100,
10:23:49,68.20,200,
10:23:51,68.19,200,
10:23:52,68.1801,1100,
10:23:52,68.1801,2400,
10:23:52,68.1898,900,
10:23:52,68.19,200,
10:23:53,68.19,100,
10:23:54,68.1816,100,
10:23:58,68.18,200,
10:24:00,68.19,200,
10:24:04,68.19,100,
10:24:04,68.1901,400,
10:24:09,68.19,200,
10:24:10,68.1984,125,
10:24:11,68.19,100,
10:24:13,68.20,300,
10:24:13,68.20,143,
10:24:15,68.2099,500,
10:24:17,68.21,600,
10:24:22,68.21,100,
10:24:22,68.21,200,
10:24:27,68.21,200,
10:24:27,68.20,233,
10:24:27,68.20,400,
10:24:36,68.208,2000,
10:24:47,68.20,100,
10:24:47,68.20,100,
10:24:48,68.20,400,
10:24:49,68.19,200,
10:24:49,68.19,200,
10:24:49,68.18,2400,
10:24:49,68.18,100,
10:24:49,68.18,100,
10:24:49,68.18,100,
10:24:49,68.18,600,
10:24:49,68.18,100,
10:24:49,68.18,100,
10:24:49,68.18,800,
10:24:50,68.19,200,
10:24:53,68.18,300,
10:25:00,68.19,600,
10:25:00,68.19,1600,
10:25:00,68.19,3200,
10:25:00,68.19,800,
10:25:00,68.19,600,
10:25:00,68.19,600,
10:25:01,68.19,800,
10:25:04,68.19,1000,
10:25:04,68.18,200,
10:25:10,68.17,140,
10:25:11,68.1701,2400,
10:25:17,68.1701,3000,
10:25:19,68.17,100,
10:25:20,68.16,750,
10:25:22,68.18,500,
10:25:23,68.16,150,
10:25:25,68.1516,150,
10:25:25,68.155,143,
10:25:26,68.15,1300,
10:25:30,68.15,218,
10:25:43,68.155,100,
10:25:43,68.16,100,
10:25:48,68.15,300,
10:25:50,68.15,325,
10:25:50,68.15,100,
10:25:50,68.14,2100,
10:25:52,68.1499,100,
10:25:56,68.14,200,
10:25:57,68.14,500,
10:25:57,68.131,2100,
10:25:57,68.131,2050,
10:25:58,68.12,843,
10:25:58,68.12,1000,
10:25:58,68.12,200,
10:25:59,68.13,4500,
10:26:07,68.121,170,
10:26:07,68.121,200,
10:26:08,68.12,300,
10:26:09,68.11,100,
10:26:09,68.12,125,
10:26:11,68.12,286,
10:26:11,68.12,100,
10:26:12,68.12,200,
10:26:23,68.1299,500,
10:26:30,68.121,100,
10:26:38,68.12,100,
10:26:38,68.12,1400,
10:26:40,68.12,500,
10:26:46,68.12,100,
10:26:50,68.13,1100,
10:26:50,68.13,1000,
10:26:55,68.12,200,
10:27:00,68.13,173,
10:27:03,68.121,300,
10:27:04,68.1299,500,
10:27:12,68.13,1209,
10:27:12,68.13,200,
10:27:12,68.13,199,
10:27:12,68.13,100,
10:27:14,68.131,100,
10:27:15,68.13,100,
10:27:16,68.12,226,
10:27:24,68.13,400,
10:27:24,68.13,200,
10:27:24,68.13,200,
10:27:24,68.13,300,
10:27:24,68.13,200,
10:27:24,68.13,1300,
10:27:24,68.13,600,
10:27:29,68.13,100,
10:27:29,68.13,200,
10:27:29,68.13,400,
10:27:29,68.13,200,
10:27:29,68.13,600,
10:27:29,68.13,500,
10:27:32,68.12,800,
10:27:32,68.12,100,
10:27:34,68.119,5000,
10:27:40,68.11,600,
10:27:45,68.10,142,
10:27:45,68.10,500,
10:27:45,68.10,100,
10:27:45,68.10,700,
10:27:45,68.10,900,
10:27:45,68.10,2300,
10:27:45,68.10,100,
10:27:45,68.1045,779,
10:27:46,68.10,200,
10:27:48,68.10,100,
10:27:48,68.10,600,
10:27:48,68.10,200,
10:27:50,68.09,100,
10:27:51,68.09,260,
10:27:51,68.09,300,
10:27:52,68.10,100,
10:27:52,68.10,1692,
10:27:52,68.10,200,
10:27:52,68.1016,800,
10:27:56,68.1001,100,
10:27:57,68.10,1000,
10:27:57,68.10,100,
10:28:00,68.0917,1500,
10:28:00,68.10,200,
10:28:01,68.101,200,
10:28:02,68.10,200,
10:28:03,68.10,100,
10:28:08,68.09,100,
10:28:11,68.09,1000,
10:28:11,68.10,2000,
10:28:13,68.08,290,
10:28:16,68.08,270,
10:28:33,68.09,100,
10:28:33,68.09,200,
10:28:33,68.09,976,
10:28:35,68.09,200,
10:28:35,68.09,700,
10:28:37,68.09,700,
10:28:37,68.0887,500,
10:28:37,68.08,700,
10:28:37,68.08,700,
10:28:41,68.08,1000,
10:28:43,68.08,200,
10:28:43,68.08,100,
10:28:43,68.08,300,
10:28:44,68.08,400,
10:28:48,68.08,100,
10:28:58,68.085,100,
10:29:07,68.09,200,
10:29:07,68.08,200,
10:29:07,68.08,300,
10:29:08,68.08,300,
10:29:09,68.08,500,
10:29:09,68.0801,100,
10:29:10,68.0899,1500,
10:29:10,68.08,300,
10:29:10,68.08,400,
10:29:11,68.08,100,
10:29:16,68.085,500,
10:29:16,68.09,500,
10:29:16,68.09,500,
10:29:18,68.09,500,
10:29:19,68.0899,100,
10:29:23,68.08,414,
10:29:25,68.08,100,
10:29:26,68.07,100,
10:29:26,68.09,1300,
10:29:26,68.07,100,
10:29:26,68.07,100,
10:29:26,68.07,200,
10:29:26,68.075,200,
10:29:26,68.075,700,
10:29:28,68.075,100,
10:29:28,68.075,600,
10:29:29,68.07,300,
10:29:35,68.07,100,
10:29:37,68.07,2000,
10:29:37,68.065,100,
10:29:37,68.065,100,
10:29:37,68.065,100,
10:29:37,68.06,300,
10:29:38,68.055,100,
10:29:38,68.05,200,
10:29:38,68.06,106,
10:29:38,68.06,600,
10:29:39,68.06,900,
10:29:39,68.06,100,
10:29:40,68.065,600,
10:29:40,68.065,200,
10:29:40,68.065,200,
10:29:40,68.05,100,
10:29:47,68.05,200,
10:29:47,68.05,600,
10:29:48,68.05,600,
10:29:48,68.05,600,
10:29:48,68.05,100,
10:29:48,68.05,400,
10:29:48,68.05,700,
10:29:48,68.05,1600,
10:29:48,68.05,1900,
10:29:48,68.05,100,
10:29:48,68.05,11400,
10:29:48,68.05,200,
10:29:48,68.05,2400,
10:29:48,68.05,400,
10:29:48,68.05,400,
10:29:48,68.05,100,
10:29:48,68.05,1000,
10:29:48,68.05,1600,
10:29:48,68.05,1000,
10:29:48,68.05,800,
10:29:48,68.05,3200,
10:29:48,68.05,300,
10:29:48,68.05,300,
10:29:48,68.05,421,
10:29:48,68.05,400,
10:29:48,68.05,3400,
10:29:48,68.05,600,
10:29:48,68.05,600,
10:29:48,68.05,4000,
10:29:48,68.05,200,
10:29:48,68.05,100,
10:29:48,68.05,100,
10:29:48,68.05,200,
10:29:48,68.05,3600,
10:29:48,68.05,200,
10:29:48,68.05,600,
10:29:48,68.05,4000,
10:29:48,68.04,300,
10:29:48,68.04,400,
10:29:48,68.0499,100,
10:29:48,68.05,200,
10:29:48,68.05,100,
10:29:48,68.05,1000,
10:29:48,68.05,4000,
10:29:48,68.05,100,
10:29:49,68.05,400,
10:29:49,68.05,2300,
10:29:49,68.05,16800,
10:29:49,68.05,100,
10:29:49,68.0501,150,
10:29:50,68.04,200,
10:29:50,68.05,725,
10:29:50,68.05,600,
10:29:52,68.055,400,
10:29:52,68.055,100,
10:29:52,68.055,300,
10:29:52,68.055,400,
10:29:52,68.055,100,
10:29:52,68.055,300,
10:29:53,68.055,300,
10:29:54,68.05,100,
10:29:54,68.05,300,
10:29:54,68.05,800,
10:29:54,68.05,600,
10:29:54,68.04,800,
10:29:56,68.04,7310,
10:29:59,68.03,200,
10:29:59,68.03,300,
10:29:59,68.03,2000,
10:29:59,68.03,2000,
10:30:01,68.05,392,
10:30:01,68.05,100,
10:30:02,68.05,100,
10:30:02,68.05,100,
10:30:02,68.055,500,
10:30:02,68.059,1200,
10:30:02,68.06,100,
10:30:03,68.05,800,
10:30:03,68.05,400,
10:30:03,68.05,100,
10:30:03,68.05,1100,
10:30:03,68.05,200,
10:30:03,68.05,600,
10:30:03,68.05,500,
10:30:03,68.05,300,
10:30:03,68.05,700,
10:30:03,68.05,100,
10:30:03,68.05,100,
10:30:03,68.05,1000,
10:30:03,68.04,200,
10:30:03,68.04,100,
10:30:03,68.04,100,
10:30:03,68.04,100,
10:30:03,68.04,100,
10:30:03,68.03,4000,
10:30:03,68.03,200,
10:30:03,68.03,150,
10:30:03,68.04,400,
10:30:03,68.04,100,
10:30:03,68.04,500,
10:30:03,68.03,500,
10:30:03,68.03,100,
10:30:03,68.04,100,
10:30:04,68.03,300,
10:30:05,68.05,100,
10:30:06,68.03,200,
10:30:06,68.03,600,
10:30:07,68.03,600,
10:30:07,68.03,600,
10:30:07,68.03,100,
10:30:07,68.03,1500,
10:30:08,68.03,100,
10:30:09,68.0201,300,
10:30:10,68.03,300,
10:30:10,68.03,400,
10:30:10,68.03,200,
10:30:10,68.03,200,
10:30:10,68.025,100,
10:30:12,68.04,600,
10:30:12,68.04,600,
10:30:12,68.04,100,
10:30:12,68.04,300,
10:30:12,68.04,500,
10:30:14,68.04,200,
10:30:15,68.0484,600,
10:30:17,68.05,100,
10:30:17,68.05,800,
10:30:17,68.05,100,
10:30:17,68.05,2400,
10:30:17,68.05,400,
10:30:17,68.05,200,
10:30:17,68.05,400,
10:30:17,68.05,100,
10:30:17,68.05,300,
10:30:17,68.05,300,
10:30:17,68.05,100,
10:30:17,68.05,500,
10:30:17,68.05,100,
10:30:18,68.055,100,
10:30:19,68.06,200,
10:30:22,68.05,15000,
10:30:25,68.055,300,
10:30:25,68.055,300,
10:30:25,68.055,500,
10:30:25,68.055,500,
10:30:26,68.055,100,
10:30:26,68.055,300,
10:30:26,68.055,300,
10:30:27,68.06,100,
10:30:27,68.06,600,
10:30:27,68.055,1300,
10:30:27,68.06,100,
10:30:27,68.06,100,
10:30:28,68.07,200,
10:30:28,68.08,800,
10:30:32,68.08,100,
10:30:32,68.08,499,
10:30:32,68.08,100,
10:30:32,68.08,100,
10:30:33,68.0801,100,
10:30:33,68.08,200,
10:30:34,68.08,700,
10:30:36,68.08,200,
10:30:37,68.08,100,
10:30:37,68.08,100,
10:30:38,68.08,600,
10:30:38,68.08,100,
10:30:38,68.08,100,
10:30:38,68.09,500,
10:30:38,68.09,1500,
10:30:38,68.09,600,
10:30:38,68.09,600,
10:30:38,68.09,2000,
10:30:38,68.09,2300,
10:30:38,68.081,100,
10:30:39,68.09,100,
10:30:39,68.09,173,
10:30:40,68.0899,1000,
10:30:41,68.09,200,
10:30:42,68.08,100,
10:30:42,68.09,100,
10:30:42,68.09,100,
10:30:43,68.08,100,
10:30:44,68.0801,100,
10:30:44,68.08,400,
10:30:44,68.08,100,
10:30:49,68.0738,166,
10:30:54,68.08,100,
10:30:54,68.08,2100,
10:30:54,68.08,500,
10:30:58,68.0717,1000,
10:30:59,68.08,2100,
10:30:59,68.08,200,
10:30:59,68.08,2700,
10:30:59,68.08,100,
10:30:59,68.08,700,
10:30:59,68.08,1400,
10:30:59,68.08,5600,
10:30:59,68.08,200,
10:30:59,68.08,200,
10:30:59,68.08,200,
10:31:02,68.08,2500,
10:31:02,68.08,200,
10:31:02,68.08,1200,
10:31:02,68.08,200,
10:31:02,68.08,100,
10:31:02,68.08,1200,
10:31:02,68.08,100,
10:31:02,68.08,100,
10:31:02,68.08,200,
10:31:04,68.09,500,
10:31:07,68.09,200,
10:31:07,68.09,100,
10:31:08,68.10,3800,
10:31:14,68.10,100,
10:31:15,68.09,100,
10:31:15,68.09,100,
10:31:15,68.09,200,
10:31:15,68.09,700,
10:31:15,68.08,200,
10:31:16,68.08,100,
10:31:19,68.08,151,
10:31:27,68.08,569,
10:31:27,68.08,200,
10:31:27,68.08,400,
10:31:27,68.08,900,
10:31:27,68.08,100,
10:31:27,68.08,500,
10:31:27,68.08,300,
10:31:27,68.08,200,
10:31:28,68.07,300,
10:31:28,68.07,200,
10:31:28,68.07,600,
10:31:28,68.07,100,
10:31:29,68.06,300,
10:31:30,68.07,100,
10:31:30,68.07,800,
10:31:30,68.07,800,
10:31:30,68.07,300,
10:31:30,68.07,200,
10:31:30,68.08,700,
10:31:30,68.08,300,
10:31:30,68.08,300,
10:31:30,68.08,200,
10:31:30,68.08,600,
10:31:30,68.08,200,
10:31:30,68.08,200,
10:31:30,68.08,700,
10:31:30,68.08,324,
10:31:30,68.08,1626,
10:31:30,68.07,100,
10:31:30,68.08,700,
10:31:30,68.08,300,
10:31:32,68.09,500,
10:31:44,68.09,100,
10:31:44,68.09,200,
10:31:44,68.09,200,
10:31:44,68.10,100,
10:31:44,68.09,100,
10:31:48,68.10,300,
10:31:48,68.10,600,
10:31:48,68.10,600,
10:31:48,68.10,100,
10:31:48,68.0999,2000,
10:31:48,68.10,100,
10:31:48,68.10,100,
10:31:48,68.10,600,
10:31:49,68.10,200,
10:31:50,68.10,200,
10:31:51,68.10,100,
10:31:55,68.10,100,
10:31:55,68.10,100,
10:31:55,68.11,100,
10:31:55,68.10,100,
10:31:55,68.11,100,
10:31:55,68.11,120,
10:31:55,68.11,200,
10:31:55,68.11,200,
10:31:55,68.11,200,
10:31:55,68.11,500,
10:31:55,68.11,200,
10:31:55,68.11,100,
10:31:55,68.11,500,
10:31:55,68.11,334,
10:31:55,68.11,400,
10:31:55,68.11,166,
10:31:55,68.105,100,
10:31:55,68.105,1500,
10:31:55,68.105,900,
10:31:55,68.105,300,
10:31:56,68.11,5000,
10:31:58,68.1184,100,
10:32:03,68.11,100,
10:32:03,68.11,200,
10:32:03,68.11,400,
10:32:04,68.10,600,
10:32:04,68.10,100,
10:32:04,68.095,100,
10:32:04,68.10,100,
10:32:05,68.095,300,
10:32:06,68.095,100,
10:32:06,68.10,100,
10:32:06,68.10,100,
10:32:06,68.095,800,
10:32:06,68.095,100,
10:32:06,68.0975,200,
10:32:06,68.10,100,
10:32:06,68.11,300,
10:32:08,68.11,200,
10:32:10,68.105,100,
10:32:14,68.10,300,
10:32:14,68.10,1600,
10:32:14,68.10,400,
10:32:18,68.0983,200,
10:32:19,68.09,800,
10:32:19,68.09,200,
10:32:22,68.08,2000,
10:32:25,68.07,300,
10:32:25,68.07,500,
10:32:25,68.07,100,
10:32:25,68.07,700,
10:32:25,68.07,1000,
10:32:28,68.0701,800,
10:32:33,68.07,200,
10:32:33,68.0701,600,
10:32:40,68.08,573,
10:32:40,68.08,200,
10:32:40,68.075,400,
10:32:40,68.075,100,
10:32:40,68.075,300,
10:32:41,68.09,400,
10:32:41,68.09,100,
10:32:43,68.09,200,
10:32:45,68.0801,200,
10:32:46,68.09,100,
10:32:53,68.09,500,
10:32:56,68.09,200,
10:32:56,68.09,200,
10:32:56,68.085,100,
10:32:56,68.09,600,
10:32:56,68.09,800,
10:32:56,68.085,200,
10:32:56,68.09,1200,
10:32:56,68.085,600,
10:32:56,68.085,200,
10:32:56,68.09,100,
10:32:59,68.10,100,
10:33:01,68.10,115,
10:33:01,68.10,200,
10:33:01,68.10,1500,
10:33:01,68.10,200,
10:33:01,68.10,870,
10:33:01,68.095,200,
10:33:01,68.095,100,
10:33:01,68.095,500,
10:33:01,68.095,700,
10:33:07,68.10,100,
10:33:07,68.10,100,
10:33:11,68.11,100,
10:33:14,68.11,200,
10:33:14,68.11,700,
10:33:14,68.11,100,
10:33:14,68.105,600,
10:33:14,68.105,900,
10:33:14,68.11,100,
10:33:14,68.11,300,
10:33:14,68.11,100,
10:33:14,68.11,1200,
10:33:14,68.105,200,
10:33:15,68.1199,498,
10:33:19,68.1183,970,
10:33:22,68.12,1800,
10:33:22,68.12,600,
10:33:22,68.12,200,
10:33:22,68.12,100,
10:33:22,68.12,100,
10:33:22,68.115,100,
10:33:22,68.115,200,
10:33:22,68.115,700,
10:33:22,68.115,1100,
10:33:23,68.12,900,
10:33:23,68.11,100,
10:33:23,68.11,200,
10:33:23,68.11,200,
10:33:23,68.11,700,
10:33:25,68.10,200,
10:33:25,68.10,1100,
10:33:27,68.0999,250,
10:33:31,68.09,200,
10:33:31,68.09,300,
10:33:31,68.09,200,
10:33:32,68.08,200,
10:33:33,68.08,100,
10:33:33,68.08,400,
10:33:33,68.08,300,
10:33:33,68.08,177,
10:33:35,68.08,100,
10:33:37,68.075,100,
10:33:38,68.08,100,
10:33:38,68.075,100,
10:33:38,68.075,300,
10:33:39,68.0701,590,
10:33:40,68.08,100,
10:33:40,68.08,100,
10:33:40,68.08,800,
10:33:40,68.08,100,
10:33:40,68.0775,200,
10:33:40,68.075,100,
10:33:40,68.075,1400,
10:33:41,68.0899,6730,
10:33:41,68.08,200,
10:33:41,68.08,100,
10:33:41,68.08,100,
10:33:41,68.08,100,
10:33:41,68.08,300,
10:33:41,68.08,200,
10:33:41,68.08,900,
10:33:41,68.08,200,
10:33:41,68.075,200,
10:33:41,68.075,100,
10:33:42,68.08,100,
10:33:42,68.075,600,
10:33:43,68.085,200,
10:33:43,68.085,200,
10:33:43,68.085,200,
10:33:43,68.09,100,
10:33:46,68.082,600,
10:33:46,68.085,200,
10:33:46,68.085,200,
10:33:46,68.082,100,
10:33:46,68.082,300,
10:33:46,68.085,100,
10:33:48,68.09,200,
10:33:52,68.08,100,
10:33:52,68.08,200,
10:33:52,68.08,100,
10:33:52,68.08,100,
10:33:53,68.08,600,
10:33:53,68.08,100,
10:33:53,68.08,200,
10:33:53,68.075,200,
10:33:53,68.075,100,
10:33:54,68.08,200,
10:33:54,68.08,100,
10:33:54,68.075,1000,
10:33:54,68.075,100,
10:33:54,68.075,1400,
10:33:54,68.08,100,
10:33:57,68.08,100,
10:33:57,68.08,1000,
10:33:57,68.08,400,
10:33:57,68.08,100,
10:33:57,68.08,200,
10:33:57,68.07,500,
10:33:59,68.075,100,
10:33:59,68.075,100,
10:33:59,68.075,100,
10:33:59,68.08,800,
10:33:59,68.08,700,
10:33:59,68.08,1000,
10:33:59,68.08,500,
10:33:59,68.08,300,
10:33:59,68.09,100,
10:33:59,68.09,800,
10:33:59,68.09,400,
10:33:59,68.09,200,
10:33:59,68.08,100,
10:33:59,68.08,100,
10:33:59,68.08,100,
10:33:59,68.08,100,
10:34:01,68.08,200,
10:34:04,68.08,200,
10:34:04,68.08,100,
10:34:04,68.08,100,
10:34:04,68.07,400,
10:34:05,68.07,100,
10:34:05,68.07,200,
10:34:05,68.07,200,
10:34:05,68.07,100,
10:34:06,68.07,600,
10:34:07,68.07,200,
10:34:09,68.07,200,
10:34:09,68.06,1100,
10:34:09,68.065,100,
10:34:09,68.065,100,
10:34:09,68.065,100,
10:34:09,68.065,100,
10:34:14,68.065,100,
10:34:19,68.06,100,
10:34:19,68.06,200,
10:34:19,68.06,100,
10:34:19,68.05,200,
10:34:19,68.05,100,
10:34:19,68.05,100,
10:34:19,68.04,100,
10:34:19,68.05,300,
10:34:19,68.05,200,
10:34:19,68.05,100,
10:34:19,68.05,200,
10:34:19,68.05,200,
10:34:19,68.05,100,
10:34:19,68.05,100,
10:34:19,68.045,100,
10:34:19,68.045,100,
10:34:19,68.05,200,
10:34:26,68.06,100,
10:34:26,68.06,200,
10:34:26,68.06,200,
10:34:26,68.06,200,
10:34:26,68.06,200,
10:34:26,68.06,200,
10:34:26,68.06,200,
10:34:26,68.06,200,
10:34:26,68.055,100,
10:34:26,68.055,500,
10:34:26,68.055,1400,
10:34:26,68.055,100,
10:34:26,68.06,100,
10:34:26,68.06,100,
10:34:26,68.06,200,
10:34:26,68.06,200,
10:34:26,68.0601,340,
10:34:26,68.06,100,
10:34:27,68.06,100,
10:34:28,68.06,100,
10:34:28,68.06,100,
10:34:28,68.06,100,
10:34:30,68.06,200,
10:34:31,68.06,200,
10:34:31,68.06,200,
10:34:31,68.06,100,
10:34:31,68.06,100,
10:34:31,68.06,100,
10:34:31,68.06,100,
10:34:36,68.05,500,
10:34:36,68.05,100,
10:34:36,68.05,2000,
10:34:36,68.045,100,
10:34:37,68.045,100,
10:34:37,68.045,100,
10:34:37,68.045,100,
10:34:37,68.045,100,
10:34:39,68.05,100,
10:34:39,68.05,200,
10:34:39,68.05,200,
10:34:39,68.05,200,
10:34:39,68.05,100,
10:34:39,68.06,200,
10:34:39,68.06,200,
10:34:39,68.045,100,
10:34:39,68.045,100,
10:34:39,68.0501,250,
10:34:40,68.055,100,
10:34:40,68.055,100,
10:34:40,68.06,400,
10:34:40,68.06,200,
10:34:40,68.055,100,
10:34:40,68.055,100,
10:34:40,68.055,100,
10:34:40,68.055,100,
10:34:42,68.06,100,
10:34:44,68.06,200,
10:34:45,68.06,500,
10:34:45,68.0575,600,
10:34:45,68.0575,600,
10:34:46,68.065,100,
10:34:47,68.0655,454,
10:34:48,68.065,100,
10:34:48,68.065,100,
10:34:48,68.065,100,
10:34:48,68.065,100,
10:34:48,68.07,200,
10:34:48,68.07,600,
10:34:48,68.07,200,
10:34:49,68.065,100,
10:34:49,68.065,600,
10:34:49,68.065,200,
10:34:49,68.0675,200,
10:34:49,68.08,100,
10:34:50,68.08,530,
10:34:50,68.08,900,
10:34:50,68.075,100,
10:34:50,68.075,100,
10:34:50,68.075,100,
10:34:50,68.08,200,
10:34:50,68.075,200,
10:34:51,68.075,500,
10:34:51,68.075,1000,
10:34:51,68.08,800,
10:34:51,68.075,200,
10:34:51,68.0775,200,
10:34:59,68.08,100,
10:35:00,68.08,900,
10:35:00,68.075,100,
10:35:06,68.07,300,
10:35:06,68.07,200,
10:35:06,68.07,200,
10:35:12,68.06,500,
10:35:15,68.07,200,
10:35:15,68.07,2600,
10:35:15,68.07,4200,
10:35:15,68.07,300,
10:35:15,68.07,200,
10:35:15,68.07,200,
10:35:15,68.07,200,
10:35:15,68.07,100,
10:35:15,68.07,3000,
10:35:15,68.065,100,
10:35:15,68.065,1000,
10:35:15,68.065,100,
10:35:15,68.065,200,
10:35:16,68.07,200,
10:35:17,68.07,1000,
10:35:17,68.07,200,
10:35:18,68.06,600,
10:35:27,68.06,30000,
10:35:27,68.06,100,
10:35:27,68.06,100,
10:35:33,68.067,310,
10:35:40,68.06,900,
10:35:40,68.0601,400,
10:35:40,68.0601,300,
10:35:42,68.0601,155,
10:35:44,68.07,200,
10:35:52,68.06,1100,
10:35:52,68.06,1000,
10:35:52,68.06,600,
10:35:52,68.06,100,
10:35:52,68.06,100,
10:35:52,68.06,2000,
10:35:52,68.055,300,
10:35:52,68.05,100,
10:35:54,68.06,400,
10:35:58,68.05,300,
10:35:58,68.05,100,
10:35:58,68.05,100,
10:35:58,68.05,153,
10:35:58,68.05,800,
10:36:00,68.05,1000,
10:36:01,68.04,300,
10:36:01,68.04,600,
10:36:03,68.04,100,
10:36:04,68.04,300,
10:36:05,68.04,100,
10:36:05,68.04,470,
10:36:05,68.03,200,
10:36:05,68.0394,300,
10:36:08,68.03,100,
10:36:09,68.03,100,
10:36:10,68.02,700,
10:36:10,68.02,500,
10:36:11,68.02,300,
10:36:11,68.02,100,
10:36:11,68.02,100,
10:36:11,68.02,800,
10:36:11,68.02,100,
10:36:11,68.02,600,
10:36:11,68.02,100,
10:36:11,68.02,100,
10:36:11,68.02,600,
10:36:11,68.01,600,
10:36:11,68.01,500,
10:36:12,68.0001,135,
10:36:12,68.0001,100,
10:36:12,68,800,
10:36:12,68.0001,100,
10:36:12,68,100,
10:36:12,68,100,
10:36:12,68,407,
10:36:12,68,100,
10:36:12,68,100,
10:36:12,68,1093,
10:36:12,68,100,
10:36:12,68,101,
10:36:12,68,250,
10:36:12,68,4538,
10:36:12,68,752,
10:36:12,68,355,
10:36:12,68,326,
10:36:12,68,100,
10:36:12,68,100,
10:36:12,68,448,
10:36:12,67.99,600,
10:36:12,67.99,100,
10:36:12,67.99,200,
10:36:12,67.99,200,
10:36:12,67.99,800,
10:36:12,67.985,200,
10:36:13,67.99,600,
10:36:13,67.99,200,
10:36:13,67.99,600,
10:36:13,67.98,299,
10:36:14,67.99,300,
10:36:14,67.985,100,
10:36:14,67.99,200,
10:36:14,68,157,
10:36:14,67.99,100,
10:36:14,67.985,300,
10:36:14,67.9875,200,
10:36:14,68,600,
10:36:14,67.99,212,
10:36:14,68,198,
10:36:15,67.99,885,
10:36:15,68,500,
10:36:15,67.99,300,
10:36:15,67.99,100,
10:36:15,67.99,100,
10:36:15,67.99,1200,
10:36:16,67.99,314,
10:36:16,67.9917,1000,
10:36:16,68,1100,
10:36:17,67.99,500,
10:36:17,67.99,250,
10:36:17,67.99,500,
10:36:19,67.99,147,
10:36:20,68,100,
10:36:21,67.99,150,
10:36:25,67.99,826,
10:36:27,67.99,100,
10:36:29,67.98,140,
10:36:30,67.98,100,
10:36:30,67.98,600,
10:36:30,67.98,800,
10:36:30,67.98,400,
10:36:30,67.98,700,
10:36:30,67.98,650,
10:36:30,67.98,200,
10:36:32,67.977,350,
10:36:32,67.97,300,
10:36:32,67.97,300,
10:36:33,67.98,600,
10:36:33,67.98,200,
10:36:33,67.98,200,
10:36:33,67.98,200,
10:36:33,67.975,100,
10:36:33,67.9775,200,
10:36:34,67.99,465,
10:36:34,67.99,259,
10:36:34,67.99,800,
10:36:34,67.99,200,
10:36:34,67.99,200,
10:36:34,67.99,400,
10:36:34,67.99,1200,
10:36:35,67.99,1059,
10:36:35,67.99,100,
10:36:35,67.99,1837,
10:36:35,67.985,100,
10:36:35,67.985,100,
10:36:35,67.985,300,
10:36:35,67.99,100,
10:36:35,67.99,100,
10:36:35,67.99,1600,
10:36:35,67.99,200,
10:36:35,67.99,100,
10:36:37,67.99,200,
10:36:38,67.98,600,
10:36:40,67.97,381,
10:36:40,67.97,300,
10:36:40,67.97,100,
10:36:40,67.97,200,
10:36:40,67.97,100,
10:36:41,67.9617,400,
10:36:41,67.96,200,
10:36:41,67.96,100,
10:36:41,67.96,200,
10:36:41,67.96,100,
10:36:41,67.96,300,
10:36:41,67.96,100,
10:36:42,67.961,180,
10:36:42,67.96,300,
10:36:42,67.9601,100,
10:36:43,67.96,400,
10:36:43,67.96,700,
10:36:44,67.96,200,
10:36:44,67.96,300,
10:36:45,67.959,1000,
10:36:45,67.96,100,
10:36:45,67.96,100,
10:36:45,67.96,200,
10:36:45,67.96,100,
10:36:45,67.96,600,
10:36:45,67.96,200,
10:36:45,67.96,600,
10:36:45,67.96,100,
10:36:45,67.96,100,
10:36:45,67.96,100,
10:36:45,67.955,800,
10:36:45,67.955,100,
10:36:45,67.955,300,
10:36:45,67.9575,200,
10:36:45,67.97,100,
10:36:45,67.97,164,
10:36:45,67.9617,500,
10:36:45,67.96,200,
10:36:45,67.96,300,
10:36:45,67.9617,400,
10:36:48,67.96,500,
10:36:48,67.96,100,
10:36:48,67.96,100,
10:36:49,67.96,1639,
10:36:50,67.96,100,
10:36:50,67.96,200,
10:36:50,67.96,100,
10:36:52,67.97,564,
10:36:52,67.97,136,
10:36:52,67.965,100,
10:36:53,67.97,236,
10:36:54,67.96,100,
10:36:56,67.965,100,
10:36:56,67.97,100,
10:36:59,67.96,130,
10:37:01,67.97,100,
10:37:01,67.97,300,
10:37:01,67.97,100,
10:37:03,67.965,100,
10:37:04,67.97,1096,
10:37:04,67.97,1000,
10:37:04,67.97,200,
10:37:04,67.97,100,
10:37:04,67.97,169,
10:37:04,67.97,100,
10:37:04,67.965,100,
10:37:04,67.965,900,
10:37:04,67.965,300,
10:37:04,67.965,100,
10:37:04,67.97,150,
10:37:04,67.97,400,
10:37:04,67.98,300,
10:37:04,67.98,200,
10:37:04,67.98,200,
10:37:04,67.98,100,
10:37:04,67.98,400,
10:37:06,67.9799,500,
10:37:07,67.9799,1900,
10:37:08,67.97,100,
10:37:08,67.97,900,
10:37:08,67.97,2400,
10:37:08,67.97,2000,
10:37:09,67.97,100,
10:37:09,67.97,200,
10:37:09,67.97,176,
10:37:09,67.97,124,
10:37:09,67.97,100,
10:37:09,67.97,200,
10:37:09,67.97,300,
10:37:10,67.96,100,
10:37:10,67.96,700,
10:37:11,67.97,200,
10:37:12,67.9601,3695,
10:37:14,67.97,700,
10:37:14,67.97,200,
10:37:14,67.965,100,
10:37:14,67.97,532,
10:37:14,67.97,200,
10:37:14,67.97,100,
10:37:14,67.97,100,
10:37:14,67.965,200,
10:37:14,67.965,100,
10:37:14,67.9675,200,
10:37:15,67.962,2300,
10:37:17,67.975,200,
10:37:17,67.98,200,
10:37:17,67.98,333,
10:37:17,67.975,100,
10:37:18,67.9701,500,
10:37:19,67.98,200,
10:37:19,67.98,177,
10:37:19,67.975,200,
10:37:20,67.98,231,
10:37:20,67.98,615,
10:37:20,67.98,338,
10:37:23,67.97,100,
10:37:23,67.97,101,
10:37:23,67.97,100,
10:37:23,67.97,400,
10:37:23,67.97,1500,
10:37:24,67.98,800,
10:37:24,67.97,100,
10:37:24,67.97,189,
10:37:24,67.97,389,
10:37:24,67.97,100,
10:37:24,67.965,100,
10:37:24,67.965,300,
10:37:24,67.9675,200,
10:37:25,67.97,200,
10:37:29,67.96,200,
10:37:31,67.9581,100,
10:37:31,67.95,100,
10:37:31,67.96,800,
10:37:31,67.96,200,
10:37:31,67.96,200,
10:37:31,67.96,200,
10:37:31,67.96,2200,
10:37:31,67.96,853,
10:37:31,67.96,100,
10:37:31,67.96,800,
10:37:31,67.96,1000,
10:37:31,67.96,449,
10:37:31,67.96,100,
10:37:31,67.96,600,
10:37:31,67.96,100,
10:37:32,67.9501,1900,
10:37:33,67.95,600,
10:37:34,67.9538,250,
10:37:38,67.95,242,
10:37:38,67.95,458,
10:37:42,67.9401,200,
10:37:51,67.94,100,
10:37:51,67.93,167,
10:37:52,67.94,100,
10:37:52,67.94,200,
10:37:52,67.94,100,
10:37:52,67.94,100,
10:37:52,67.94,200,
10:37:53,67.94,277,
10:37:53,67.94,200,
10:37:53,67.94,100,
10:37:54,67.94,100,
10:37:55,67.94,124,
10:37:55,67.94,162,
10:37:56,67.93,200,
10:37:56,67.92,375,
10:37:56,67.92,800,
10:37:56,67.92,500,
10:37:56,67.92,100,
10:37:56,67.92,300,
10:37:56,67.91,816,
10:37:56,67.91,200,
10:37:56,67.91,600,
10:37:56,67.91,200,
10:37:56,67.91,200,
10:37:56,67.90,100,
10:37:56,67.9001,300,
10:37:56,67.9001,100,
10:37:56,67.90,500,
10:37:56,67.91,600,
10:37:56,67.91,5000,
10:37:57,67.931,5000,
10:37:58,67.9065,5000,
10:37:58,67.91,396,
10:37:58,67.91,200,
10:37:58,67.91,200,
10:37:58,67.91,200,
10:37:59,67.905,300,
10:38:00,67.91,100,
10:38:00,67.91,1400,
10:38:01,67.915,300,
10:38:03,67.915,100,
10:38:03,67.915,100,
10:38:03,67.92,200,
10:38:03,67.92,200,
10:38:03,67.915,100,
10:38:03,67.915,800,
10:38:04,67.93,100,
10:38:04,67.93,200,
10:38:04,67.93,396,
10:38:04,67.93,100,
10:38:04,67.925,300,
10:38:04,67.925,300,
10:38:04,67.925,100,
10:38:04,67.925,800,
10:38:04,67.94,200,
10:38:06,67.93,200,
10:38:07,67.93,100,
10:38:07,67.93,100,
10:38:07,67.93,100,
10:38:08,67.925,700,
10:38:08,67.925,300,
10:38:08,67.93,200,
10:38:11,67.9299,200,
10:38:12,67.93,100,
10:38:12,67.93,200,
10:38:12,67.925,200,
10:38:12,67.93,200,
10:38:12,67.9275,200,
10:38:12,67.93,100,
10:38:16,67.94,100,
10:38:20,67.9399,200,
10:38:20,67.935,100,
10:38:20,67.935,100,
10:38:20,67.935,100,
10:38:20,67.935,100,
10:38:20,67.935,100,
10:38:20,67.935,100,
10:38:20,67.935,100,
10:38:20,67.935,100,
10:38:20,67.935,100,
10:38:20,67.9316,300,
10:38:20,67.94,100,
10:38:20,67.94,100,
10:38:20,67.94,100,
10:38:20,67.94,100,
10:38:20,67.94,100,
10:38:20,67.94,100,
10:38:20,67.94,100,
10:38:20,67.94,100,
10:38:20,67.94,100,
10:38:21,67.94,200,
10:38:23,67.93,100,
10:38:23,67.93,2000,
10:38:25,67.92,784,
10:38:25,67.92,200,
10:38:28,67.92,300,
10:38:30,67.9184,100,
10:38:30,67.91,2000,
10:38:31,67.91,200,
10:38:31,67.90,100,
10:38:31,67.90,1600,
10:38:31,67.90,700,
10:38:31,67.90,3000,
10:38:31,67.89,200,
10:38:31,67.89,100,
10:38:31,67.88,300,
10:38:31,67.88,100,
10:38:31,67.88,400,
10:38:31,67.88,100,
10:38:31,67.88,100,
10:38:31,67.88,600,
10:38:31,67.8801,200,
10:38:32,67.88,1200,
10:38:32,67.88,1600,
10:38:32,67.89,200,
10:38:32,67.88,500,
10:38:32,67.88,1000,
10:38:33,67.89,400,
10:38:33,67.89,100,
10:38:33,67.89,305,
10:38:33,67.89,541,
10:38:33,67.89,200,
10:38:33,67.89,3000,
10:38:36,67.89,200,
10:38:36,67.89,800,
10:38:36,67.89,100,
10:38:36,67.89,421,
10:38:36,67.89,400,
10:38:36,67.89,400,
10:38:36,67.89,800,
10:38:36,67.89,100,
10:38:36,67.89,200,
10:38:36,67.89,100,
10:38:36,67.885,100,
10:38:37,67.89,154,
10:38:37,67.89,800,
10:38:37,67.89,100,
10:38:37,67.89,200,
10:38:37,67.88,300,
10:38:37,67.88,400,
10:38:38,67.88,700,
10:38:38,67.88,200,
10:38:38,67.87,100,
10:38:38,67.87,700,
10:38:39,67.86,600,
10:38:39,67.85,100,
10:38:39,67.86,100,
10:38:39,67.86,100,
10:38:39,67.86,100,
10:38:40,67.86,1000,
10:38:40,67.86,200,
10:38:40,67.86,102,
10:38:40,67.86,200,
10:38:40,67.86,100,
10:38:40,67.86,1700,
10:38:40,67.86,100,
10:38:40,67.86,300,
10:38:40,67.86,100,
10:38:40,67.855,300,
10:38:40,67.855,100,
10:38:40,67.855,300,
10:38:40,67.86,400,
10:38:40,67.86,1500,
10:38:40,67.86,4800,
10:38:40,67.86,200,
10:38:40,67.85,200,
10:38:40,67.85,500,
10:38:40,67.85,100,
10:38:40,67.86,800,
10:38:41,67.86,100,
10:38:41,67.86,100,
10:38:41,67.86,200,
10:38:41,67.86,100,
10:38:41,67.855,1000,
10:38:41,67.855,100,
10:38:41,67.855,400,
10:38:43,67.87,900,
10:38:43,67.87,400,
10:38:43,67.87,100,
10:38:43,67.87,200,
10:38:43,67.87,200,
10:38:44,67.87,700,
10:38:44,67.87,200,
10:38:44,67.865,300,
10:38:44,67.865,100,
10:38:44,67.865,300,
10:38:44,67.87,200,
10:38:46,67.87,100,
10:38:46,67.87,100,
10:38:46,67.87,200,
10:38:46,67.87,100,
10:38:46,67.865,300,
10:38:46,67.865,800,
10:38:46,67.8675,200,
10:38:47,67.87,693,
10:38:47,67.87,200,
10:38:47,67.87,200,
10:38:47,67.87,2000,
10:38:49,67.86,100,
10:38:49,67.86,200,
10:38:52,67.87,100,
10:38:52,67.87,100,
10:38:54,67.87,800,
10:38:54,67.87,100,
10:38:54,67.87,300,
10:38:54,67.87,300,
10:38:54,67.87,100,
10:38:55,67.8675,200,
10:38:55,67.8675,100,
10:38:55,67.87,500,
10:38:55,67.87,300,
10:38:56,67.88,300,
10:38:56,67.88,100,
10:38:56,67.88,100,
10:38:56,67.875,300,
10:38:56,67.875,100,
10:38:56,67.88,500,
10:38:57,67.88,500,
10:39:01,67.87,152,
10:39:01,67.87,300,
10:39:01,67.88,800,
10:39:06,67.88,300,
10:39:06,67.88,100,
10:39:06,67.88,200,
10:39:06,67.87,400,
10:39:06,67.88,100,
10:39:06,67.88,700,
10:39:07,67.8775,200,
10:39:07,67.875,300,
10:39:07,67.88,200,
10:39:11,67.89,100,
10:39:11,67.89,800,
10:39:11,67.89,400,
10:39:11,67.89,800,
10:39:11,67.89,400,
10:39:11,67.89,350,
10:39:11,67.89,200,
10:39:11,67.885,100,
10:39:11,67.885,100,
10:39:11,67.885,100,
10:39:11,67.885,100,
10:39:11,67.885,100,
10:39:12,67.885,100,
10:39:12,67.885,100,
10:39:12,67.89,300,
10:39:12,67.89,800,
10:39:12,67.885,100,
10:39:12,67.89,100,
10:39:12,67.89,400,
10:39:12,67.89,300,
10:39:12,67.89,100,
10:39:12,67.89,100,
10:39:12,67.89,100,
10:39:12,67.89,100,
10:39:12,67.89,100,
10:39:12,67.89,100,
10:39:12,67.885,100,
10:39:12,67.885,300,
10:39:12,67.88,500,
10:39:14,67.89,200,
10:39:15,67.90,300,
10:39:15,67.90,100,
10:39:15,67.90,200,
10:39:15,67.90,100,
10:39:15,67.90,800,
10:39:15,67.90,200,
10:39:16,67.895,300,
10:39:16,67.895,100,
10:39:16,67.8975,200,
10:39:19,67.9001,100,
10:39:19,67.91,720,
10:39:19,67.91,800,
10:39:19,67.91,100,
10:39:19,67.91,300,
10:39:19,67.91,400,
10:39:19,67.91,400,
10:39:19,67.91,200,
10:39:19,67.91,500,
10:39:19,67.91,200,
10:39:19,67.91,200,
10:39:19,67.91,2000,
10:39:19,67.905,100,
10:39:22,67.91,100,
10:39:22,67.91,100,
10:39:22,67.91,100,
10:39:23,67.905,100,
10:39:24,67.91,100,
10:39:24,67.91,200,
10:39:24,67.905,100,
10:39:24,67.905,700,
10:39:24,67.905,300,
10:39:29,67.91,297,
10:39:29,67.91,200,
10:39:29,67.91,160,
10:39:30,67.91,100,
10:39:30,67.91,100,
10:39:33,67.9099,1000,
10:39:33,67.91,100,
10:39:33,67.91,100,
10:39:33,67.905,100,
10:39:33,67.905,100,
10:39:34,67.91,200,
10:39:34,67.91,100,
10:39:37,67.91,300,
10:39:40,67.905,100,
10:39:40,67.91,100,
10:39:40,67.91,100,
10:39:44,67.91,100,
10:39:44,67.91,100,
10:39:44,67.91,100,
10:39:44,67.91,100,
10:39:44,67.91,100,
10:39:44,67.905,300,
10:39:44,67.905,100,
10:39:44,67.905,100,
10:39:53,67.91,200,
10:39:57,67.92,200,
10:39:58,67.92,500,
10:39:59,67.92,100,
10:39:59,67.92,200,
10:39:59,67.92,100,
10:39:59,67.92,100,
10:39:59,67.92,100,
10:39:59,67.92,100,
10:39:59,67.92,100,
10:39:59,67.92,100,
10:39:59,67.92,100,
10:39:59,67.92,100,
10:39:59,67.92,100,
10:39:59,67.92,100,
10:39:59,67.92,100,
10:39:59,67.9175,200,
10:39:59,67.915,100,
10:39:59,67.93,100,
10:40:00,67.92,200,
10:40:00,67.91,116,
10:40:00,67.91,200,
10:40:10,67.91,100,
10:40:10,67.91,100,
10:40:10,67.91,100,
10:40:15,67.91,820,
10:40:15,67.91,100,
10:40:15,67.91,180,
10:40:15,67.91,600,
10:40:15,67.91,100,
10:40:15,67.91,100,
10:40:15,67.91,100,
10:40:15,67.91,180,
10:40:15,67.91,1200,
10:40:15,67.905,100,
10:40:15,67.905,300,
10:40:15,67.91,100,
10:40:15,67.91,100,
10:40:20,67.91,994,
10:40:24,67.919,220,
10:40:26,67.91,100,
10:40:26,67.91,200,
10:40:28,67.92,100,
10:40:28,67.92,100,
10:40:28,67.92,152,
10:40:28,67.92,500,
10:40:28,67.92,900,
10:40:28,67.92,500,
10:40:28,67.92,100,
10:40:28,67.92,100,
10:40:28,67.92,100,
10:40:28,67.92,100,
10:40:29,67.9299,3300,
10:40:29,67.92,900,
10:40:29,67.93,200,
10:40:29,67.93,526,
10:40:29,67.93,100,
10:40:29,67.915,100,
10:40:29,67.915,100,
10:40:29,67.9175,200,
10:40:29,67.93,100,
10:40:30,67.93,300,
10:40:30,67.93,100,
10:40:30,67.93,200,
10:40:30,67.93,100,
10:40:30,67.925,100,
10:40:30,67.925,300,
10:40:30,67.9275,200,
10:40:31,67.93,100,
10:40:31,67.93,100,
10:40:35,67.93,100,
10:40:35,67.93,100,
10:40:35,67.93,200,
10:40:37,67.92,1100,
10:40:37,67.92,200,
10:40:37,67.92,158,
10:40:41,67.92,112,
10:40:41,67.92,100,
10:40:41,67.92,100,
10:40:41,67.92,100,
10:40:41,67.92,200,
10:40:41,67.92,200,
10:40:41,67.9175,200,
10:40:41,67.92,800,
10:40:41,67.92,200,
10:40:41,67.925,200,
10:40:44,67.9201,500,
10:40:44,67.9201,600,
10:40:46,67.92,2000,
10:40:46,67.92,647,
10:40:46,67.92,200,
10:40:46,67.92,200,
10:40:46,67.92,400,
10:40:46,67.92,100,
10:40:52,67.9192,100,
10:40:55,67.91,100,
10:40:57,67.91,1100,
10:40:57,67.91,1000,
10:40:57,67.91,200,
10:40:57,67.905,300,
10:41:01,67.90,100,
10:41:02,67.9001,100,
10:41:10,67.905,100,
10:41:10,67.9001,5000,
10:41:10,67.90,7100,
10:41:12,67.90,100,
10:41:14,67.9099,6000,
10:41:17,67.91,100,
10:41:17,67.91,100,
10:41:17,67.91,514,
10:41:17,67.91,100,
10:41:17,67.91,200,
10:41:17,67.91,100,
10:41:17,67.91,100,
10:41:17,67.91,100,
10:41:17,67.91,100,
10:41:17,67.91,100,
10:41:17,67.91,2000,
10:41:17,67.91,200,
10:41:17,67.92,800,
10:41:17,67.905,700,
10:41:17,67.905,300,
10:41:17,67.9075,200,
10:41:18,67.92,200,
10:41:18,67.92,100,
10:41:18,67.92,200,
10:41:18,67.92,200,
10:41:18,67.92,300,
10:41:18,67.915,300,
10:41:18,67.915,100,
10:41:20,67.92,100,
10:41:20,67.92,700,
10:41:21,67.92,200,
10:41:21,67.915,300,
10:41:21,67.92,200,
10:41:21,67.92,100,
10:41:21,67.915,300,
10:41:21,67.915,100,
10:41:22,67.9284,500,
10:41:24,67.92,300,
10:41:26,67.93,101,
10:41:26,67.93,254,
10:41:26,67.93,700,
10:41:26,67.93,583,
10:41:30,67.9299,400,
10:41:31,67.93,300,
10:41:33,67.92,150,
10:41:34,67.92,270,
10:41:34,67.92,100,
10:41:41,67.93,100,
10:41:41,67.93,100,
10:41:41,67.93,100,
10:41:41,67.93,100,
10:41:41,67.93,100,
10:41:41,67.93,100,
10:41:43,67.93,100,
10:41:43,67.93,100,
10:41:43,67.93,100,
10:41:43,67.93,100,
10:41:43,67.93,100,
10:41:43,67.93,100,
10:41:43,67.94,100,
10:41:43,67.925,300,
10:41:43,67.9275,200,
10:41:43,67.94,1700,
10:41:43,67.94,100,
10:41:43,67.94,100,
10:41:43,67.94,200,
10:41:43,67.93,300,
10:41:43,67.935,100,
10:41:43,67.935,300,
10:41:43,67.94,100,
10:41:43,67.94,300,
10:41:43,67.94,1200,
10:41:43,67.94,200,
10:41:44,67.94,100,
10:41:44,67.94,100,
10:41:44,67.94,1400,
10:41:44,67.94,200,
10:41:44,67.94,100,
10:41:44,67.935,300,
10:41:44,67.9375,200,
10:41:45,67.95,300,
10:41:47,67.95,300,
10:41:47,67.95,100,
10:41:47,67.95,100,
10:41:47,67.95,200,
10:41:47,67.95,400,
10:41:47,67.95,1700,
10:41:47,67.95,800,
10:41:47,67.95,700,
10:41:47,67.95,500,
10:41:47,67.95,400,
10:41:47,67.95,100,
10:41:47,67.95,100,
10:41:47,67.95,1400,
10:41:47,67.95,200,
10:41:47,67.96,400,
10:41:47,67.945,100,
10:41:47,67.945,100,
10:41:47,67.9475,200,
10:41:47,67.957,250,
10:41:48,67.95,200,
10:41:48,67.96,800,
10:41:48,67.96,800,
10:41:48,67.96,100,
10:41:48,67.96,1000,
10:41:48,67.958,100,
10:41:49,67.942,480,
10:41:49,67.95,800,
10:41:49,67.95,200,
10:41:49,67.95,1424,
10:41:56,67.95,500,
10:41:59,67.95,500,
10:41:59,67.945,100,
10:41:59,67.945,100,
10:41:59,67.95,100,
10:41:59,67.95,100,
10:41:59,67.95,100,
10:42:01,67.95,300,
10:42:01,67.95,450,
10:42:01,67.95,100,
10:42:01,67.95,200,
10:42:03,67.95,231,
10:42:03,67.95,100,
10:42:03,67.95,100,
10:42:03,67.95,100,
10:42:03,67.95,231,
10:42:03,67.95,100,
10:42:03,67.95,100,
10:42:03,67.95,100,
10:42:03,67.95,100,
10:42:03,67.945,200,
10:42:03,67.945,300,
10:42:03,67.945,100,
10:42:03,67.9475,200,
10:42:04,67.95,400,
10:42:04,67.95,200,
10:42:04,67.96,11400,
10:42:04,67.96,800,
10:42:04,67.96,800,
10:42:04,67.96,100,
10:42:04,67.96,100,
10:42:04,67.96,300,
10:42:04,67.96,1200,
10:42:04,67.96,4000,
10:42:06,67.96,100,
10:42:06,67.96,100,
10:42:06,67.96,100,
10:42:06,67.96,100,
10:42:06,67.96,100,
10:42:06,67.96,200,
10:42:06,67.96,200,
10:42:06,67.97,200,
10:42:06,67.97,200,
10:42:06,67.97,100,
10:42:06,67.98,100,
10:42:06,67.97,2000,
10:42:06,67.98,500,
10:42:06,67.98,600,
10:42:06,67.98,1800,
10:42:06,67.98,500,
10:42:06,67.98,200,
10:42:06,67.97,800,
10:42:06,67.97,554,
10:42:06,67.97,1400,
10:42:06,67.9575,700,
10:42:06,67.9575,200,
10:42:06,67.955,100,
10:42:06,67.955,200,
10:42:07,67.98,100,
10:42:09,67.97,100,
10:42:10,67.97,300,
10:42:18,67.98,200,
10:42:23,67.97,400,
10:42:25,67.9799,615,
10:42:27,67.97,200,
10:42:27,67.98,140,
10:42:32,67.98,200,
10:42:32,67.98,193,
10:42:33,67.98,9800,
10:42:33,67.98,192,
10:42:33,67.98,100,
10:42:33,67.98,100,
10:42:33,67.98,100,
10:42:33,67.98,100,
10:42:33,67.98,100,
10:42:33,67.98,100,
10:42:33,67.98,100,
10:42:33,67.98,400,
10:42:33,67.98,100,
10:42:33,67.98,100,
10:42:33,67.98,445,
10:42:33,67.98,100,
10:42:33,67.98,100,
10:42:33,67.98,100,
10:42:33,67.975,200,
10:42:38,67.975,100,
10:42:39,67.98,100,
10:42:39,67.98,555,
10:42:39,67.98,100,
10:42:39,67.98,100,
10:42:39,67.98,100,
10:42:39,67.98,200,
10:42:39,67.98,100,
10:42:39,67.98,100,
10:42:39,67.98,800,
10:42:39,67.9775,100,
10:42:39,67.975,400,
10:42:39,67.98,1200,
10:42:39,67.99,800,
10:42:39,67.98,360,
10:42:42,67.985,400,
10:42:42,67.985,100,
10:42:42,67.985,100,
10:42:42,67.99,100,
10:42:42,67.99,100,
10:42:42,67.99,300,
10:42:42,67.99,1300,
10:42:42,67.99,100,
10:42:42,67.99,100,
10:42:42,67.99,100,
10:42:42,67.985,100,
10:42:42,67.985,100,
10:42:43,67.99,300,
10:42:43,67.99,100,
10:42:43,67.99,100,
10:42:43,67.99,100,
10:42:43,67.99,200,
10:42:43,67.99,200,
10:42:43,67.985,200,
10:42:43,67.985,400,
10:42:46,67.995,200,
10:42:48,68,100,
10:42:48,68,1600,
10:42:48,68,314,
10:42:48,68,314,
10:42:48,68,800,
10:42:48,68,100,
10:42:48,68,100,
10:42:48,68,100,
10:42:48,68,800,
10:42:48,68,100,
10:42:48,68,251,
10:42:48,68,200,
10:42:48,68,684,
10:42:48,68,600,
10:42:48,68,800,
10:42:48,68,600,
10:42:49,68,600,
10:42:49,68,200,
10:42:50,68,200,
10:42:51,68,600,
10:42:51,68,600,
10:42:51,68,600,
10:42:51,68,200,
10:42:51,68,400,
10:42:54,67.9999,1500,
10:42:54,68,5000,
10:42:54,67.995,100,
10:42:54,67.995,100,
10:42:54,67.995,3700,
10:42:54,67.995,100,
10:42:54,67.995,100,
10:42:54,67.995,100,
10:42:54,67.995,100,
10:42:54,68,1000,
10:42:54,68,100,
10:42:54,68,100,
10:42:54,68,3700,
10:42:54,68,100,
10:42:54,68,100,
10:42:54,68,100,
10:42:56,67.995,200,
10:42:56,67.995,2500,
10:42:56,67.995,700,
10:42:57,68,2500,
10:42:57,68,700,
10:42:58,67.9999,100,
10:42:58,67.9999,100,
10:42:58,67.9999,200,
10:42:58,67.995,100,
10:42:58,67.995,200,
10:42:59,67.995,100,
10:42:59,68,200,
10:43:02,67.9916,150,
10:43:04,67.995,500,
10:43:05,68,900,
10:43:06,68.005,142,
10:43:09,68.01,500,
10:43:13,68.01,200,
10:43:16,68,100,
10:43:16,68,200,
10:43:19,68,599,
10:43:19,68,400,
10:43:19,68,200,
10:43:19,68,200,
10:43:19,68,200,
10:43:19,68,600,
10:43:19,67.99,200,
10:43:19,67.99,1516,
10:43:19,67.99,200,
10:43:19,67.99,100,
10:43:26,67.99,3600,
10:43:26,67.99,13000,
10:43:27,67.98,216,
10:43:27,67.99,200,
10:43:28,67.98,100,
10:43:30,67.9801,500,
10:43:32,67.98,100,
10:43:34,67.98,500,
10:43:34,67.98,100,
10:43:35,67.975,1000,
10:43:35,67.975,1000,
10:43:39,67.98,500,
10:43:39,67.98,100,
10:43:39,67.98,200,
10:43:39,67.975,500,
10:43:39,67.975,300,
10:43:39,67.975,2000,
10:43:39,67.975,500,
10:43:40,67.98,100,
10:43:40,67.98,400,
10:43:40,67.98,100,
10:43:40,67.98,100,
10:43:40,67.98,1700,
10:43:40,67.98,1000,
10:43:40,67.98,700,
10:43:40,67.98,800,
10:43:40,67.975,1300,
10:43:40,67.975,600,
10:43:40,67.975,200,
10:43:40,67.98,500,
10:43:41,67.98,2400,
10:43:46,67.985,500,
10:43:49,67.99,300,
10:43:50,67.99,200,
10:43:50,67.985,200,
10:43:53,67.985,700,
10:43:53,67.99,100,
10:43:53,67.99,100,
10:43:53,67.99,100,
10:43:53,67.99,200,
10:43:53,67.99,104,
10:43:53,67.985,700,
10:43:53,67.985,500,
10:43:53,67.985,700,
10:43:53,67.985,1000,
10:43:53,67.985,700,
10:43:53,67.985,300,
10:43:58,67.99,200,
10:43:59,67.98,400,
10:43:59,67.98,200,
10:43:59,67.98,1813,
10:44:00,67.975,800,
10:44:00,67.975,1000,
10:44:00,67.975,300,
10:44:00,67.975,200,
10:44:00,67.98,3000,
10:44:02,67.98,300,
10:44:14,67.98,100,
10:44:14,67.98,4000,
10:44:14,67.98,300,
10:44:14,67.98,200,
10:44:14,67.975,600,
10:44:14,67.975,100,
10:44:15,67.98,170,
10:44:16,67.9784,1750,
10:44:19,67.98,200,
10:44:19,67.98,300,
10:44:20,67.9784,200,
10:44:25,67.98,200,
10:44:26,67.9701,1500,
10:44:28,67.98,216,
10:44:28,67.98,200,
10:44:28,67.98,262,
10:44:28,67.98,100,
10:44:28,67.99,200,
10:44:28,67.98,100,
10:44:28,67.98,100,
10:44:28,67.98,100,
10:44:28,67.98,100,
10:44:28,67.98,100,
10:44:28,67.98,100,
10:44:28,67.98,100,
10:44:28,67.98,100,
10:44:28,67.98,100,
10:44:28,67.98,100,
10:44:28,67.98,152,
10:44:28,67.98,200,
10:44:28,67.98,100,
10:44:28,67.98,200,
10:44:28,67.98,100,
10:44:28,67.98,200,
10:44:28,67.98,100,
10:44:28,67.98,100,
10:44:28,67.98,100,
10:44:28,67.98,100,
10:44:28,67.98,100,
10:44:28,67.98,100,
10:44:29,67.975,100,
10:44:29,67.9775,400,
10:44:29,67.9775,200,
10:44:29,67.99,300,
10:44:29,67.98,100,
10:44:29,67.98,500,
10:44:30,67.99,300,
10:44:30,67.99,300,
10:44:30,67.99,300,
10:44:32,67.99,300,
10:44:36,67.99,100,
10:44:38,67.99,300,
10:44:45,67.9883,200,
10:44:46,67.99,300,
10:44:52,67.99,100,
10:44:52,67.99,184,
10:44:52,67.985,100,
10:44:52,67.99,200,
10:44:52,67.985,100,
10:44:53,67.9801,1000,
10:44:58,67.99,200,
10:44:58,67.99,100,
10:44:58,67.99,100,
10:44:58,67.99,100,
10:44:58,67.99,100,
10:44:58,67.99,200,
10:44:58,67.99,100,
10:44:58,67.99,100,
10:44:58,67.99,100,
10:44:58,67.99,100,
10:44:58,67.985,500,
10:44:59,67.9883,100,
10:45:00,67.99,300,
10:45:00,67.99,400,
10:45:00,67.99,100,
10:45:00,67.99,100,
10:45:00,67.99,100,
10:45:00,67.99,100,
10:45:00,67.99,400,
10:45:03,67.98,4000,
10:45:03,67.98,200,
10:45:03,67.98,100,
10:45:03,67.98,200,
10:45:03,67.98,200,
10:45:03,67.98,200,
10:45:03,67.98,100,
10:45:03,67.98,900,
10:45:04,67.98,3200,
10:45:04,67.98,100,
10:45:04,67.98,200,
10:45:04,67.98,300,
10:45:04,67.98,200,
10:45:04,67.975,600,
10:45:06,67.98,100,
10:45:06,67.98,700,
10:45:06,67.98,100,
10:45:07,67.975,500,
10:45:07,67.975,500,
10:45:10,67.98,500,
10:45:12,67.97,200,
10:45:13,67.97,200,
10:45:13,67.97,1150,
10:45:13,67.97,2000,
10:45:15,67.96,200,
10:45:16,67.96,200,
10:45:18,67.96,200,
10:45:20,67.9601,100,
10:45:21,67.96,200,
10:45:22,67.96,200,
10:45:24,67.96,100,
10:45:28,67.96,200,
10:45:31,67.96,200,
10:45:34,67.96,900,
10:45:35,67.9501,600,
10:45:36,67.955,500,
10:45:37,67.96,150,
10:45:41,67.95,152,
10:45:41,67.95,200,
10:45:41,67.95,200,
10:45:41,67.95,100,
10:45:42,67.95,300,
10:45:42,67.95,500,
10:45:42,67.95,694,
10:45:43,67.95,700,
10:45:43,67.95,200,
10:45:45,67.95,200,
10:45:46,67.9599,210,
10:45:47,67.95,206,
10:45:48,67.9599,300,
10:45:49,67.95,200,
10:45:51,67.9584,655,
10:45:53,67.95,200,
10:45:58,67.95,500,
10:46:00,67.96,100,
10:46:00,67.96,900,
10:46:00,67.96,100,
10:46:00,67.96,100,
10:46:00,67.95,100,
10:46:01,67.96,300,
10:46:02,67.96,300,
10:46:02,67.96,600,
10:46:02,67.96,200,
10:46:02,67.96,100,
10:46:02,67.96,100,
10:46:02,67.96,1400,
10:46:02,67.96,100,
10:46:02,67.96,100,
10:46:02,67.96,100,
10:46:02,67.96,100,
10:46:02,67.96,100,
10:46:02,67.96,100,
10:46:02,67.96,100,
10:46:02,67.96,100,
10:46:02,67.96,100,
10:46:02,67.96,100,
10:46:02,67.96,100,
10:46:02,67.96,700,
10:46:02,67.96,100,
10:46:02,67.96,100,
10:46:02,67.96,100,
10:46:02,67.96,100,
10:46:02,67.96,100,
10:46:02,67.96,100,
10:46:02,67.96,100,
10:46:02,67.96,100,
10:46:02,67.955,1500,
10:46:02,67.955,200,
10:46:02,67.96,1900,
10:46:02,67.9575,200,
10:46:02,67.97,100,
10:46:06,67.96,200,
10:46:08,67.9601,160,
10:46:08,67.96,200,
10:46:08,67.96,900,
10:46:10,67.96,200,
10:46:14,67.96,200,
10:46:16,67.96,200,
10:46:18,67.96,200,
10:46:19,67.97,300,
10:46:19,67.97,100,
10:46:19,67.97,100,
10:46:19,67.97,200,
10:46:19,67.97,600,
10:46:19,67.97,200,
10:46:19,67.97,100,
10:46:19,67.97,100,
10:46:19,67.965,1600,
10:46:19,67.965,500,
10:46:19,67.965,100,
10:46:19,67.97,100,
10:46:19,67.965,100,
10:46:20,67.98,300,
10:46:20,67.97,100,
10:46:21,67.97,100,
10:46:24,67.98,100,
10:46:24,67.98,100,
10:46:24,67.98,200,
10:46:24,67.98,100,
10:46:26,67.98,100,
10:46:26,67.98,100,
10:46:26,67.98,100,
10:46:26,67.98,100,
10:46:26,67.98,100,
10:46:26,67.98,800,
10:46:26,67.9775,200,
10:46:28,67.99,500,
10:46:28,67.99,100,
10:46:28,67.99,1800,
10:46:28,67.99,200,
10:46:28,67.99,300,
10:46:29,67.9801,2100,
10:46:31,67.98,200,
10:46:33,67.98,200,
10:46:34,67.98,100,
10:46:35,67.98,200,
10:46:36,67.9883,600,
10:46:36,67.99,100,
10:46:37,67.9801,400,
10:46:37,67.99,300,
10:46:37,67.99,400,
10:46:38,67.99,100,
10:46:38,67.99,100,
10:46:38,67.99,100,
10:46:38,67.99,100,
10:46:38,67.99,100,
10:46:38,67.99,100,
10:46:38,67.99,500,
10:46:38,67.99,100,
10:46:38,67.99,100,
10:46:38,67.99,100,
10:46:38,67.99,100,
10:46:38,67.99,100,
10:46:38,67.99,100,
10:46:38,67.99,700,
10:46:38,67.985,1400,
10:46:38,67.985,100,
10:46:41,67.99,100,
10:46:41,67.985,200,
10:46:41,67.99,100,
10:46:41,67.99,100,
10:46:41,67.99,100,
10:46:41,67.99,200,
10:46:41,67.99,100,
10:46:41,67.99,100,
10:46:41,67.99,700,
10:46:41,67.99,100,
10:46:41,67.99,100,
10:46:41,67.99,100,
10:46:41,67.985,1700,
