09:30:00,67.10,200,
09:30:00,67.10,600,
09:30:00,67.10,180,
09:30:00,67.10,67541,
09:30:00,67.10,200,
09:30:00,67.10,3300,
09:30:00,67.11,500,
09:30:00,67.11,815,
09:30:01,67.11,815,
09:30:01,67.10,1000,
09:30:01,67.10,600,
09:30:01,67.10,100,
09:30:01,67.10,1984,
09:30:01,67.10,6000,
09:30:01,67.10,1350,
09:30:01,67.10,295,
09:30:01,67.10,100,
09:30:01,67.10,600,
09:30:01,67.10,5000,
09:30:01,67.10,600,
09:30:01,67.10,119,
09:30:01,67.10,295,
09:30:01,67.10,400,
09:30:01,67.10,8400,
09:30:01,67.10,150,
09:30:01,67.10,202,
09:30:01,67.10,1492,
09:30:01,67.10,224,
09:30:01,67.10,115,
09:30:01,67.10,149,
09:30:01,67.10,690,
09:30:01,67.10,3000,
09:30:01,67.10,150,
09:30:01,67.10,150,
09:30:01,67.10,150,
09:30:01,67.10,3800,
09:30:01,67.10,118,
09:30:01,67.10,453,
09:30:01,67.10,132,
09:30:01,67.10,3795,
09:30:01,67.10,300,
09:30:01,67.10,100,
09:30:01,67.10,300,
09:30:01,67.10,920,
09:30:01,67.10,1000,
09:30:01,67.10,110,
09:30:01,67.10,300,
09:30:01,67.10,530,
09:30:01,67.10,200,
09:30:01,67.10,105,
09:30:01,67.10,149,
09:30:01,67.10,140,
09:30:01,67.10,4342,
09:30:01,67.10,200,
09:30:01,67.10,100,
09:30:01,67.10,150,
09:30:01,67.10,560,
09:30:01,67.10,110,
09:30:01,67.10,120,
09:30:01,67.10,200,
09:30:01,67.10,320,
09:30:01,67.10,613,
09:30:01,67.10,900,
09:30:01,67.10,202,
09:30:01,67.10,100,
09:30:01,67.10,145,
09:30:01,67.10,15100,
09:30:01,67.10,750,
09:30:01,67.10,233,
09:30:01,67.10,100,
09:30:01,67.10,200,
09:30:01,67.10,153,
09:30:01,67.10,100,
09:30:01,67.10,1000,
09:30:01,67.10,2235,
09:30:01,67.10,757,
09:30:01,67.10,725,
09:30:01,67.10,100,
09:30:01,67.10,1000,
09:30:01,67.10,115,
09:30:01,67.10,2500,
09:30:01,67.10,308,
09:30:01,67.10,320,
09:30:01,67.10,150,
09:30:01,67.10,2553,
09:30:01,67.10,100,
09:30:01,67.10,150,
09:30:02,67.11,2152,
09:30:02,67.12,600,
09:30:02,67.12,400,
09:30:02,67.12,500,
09:30:02,67.12,400,
09:30:03,67.12,700,
09:30:03,67.12,400,
09:30:04,67.12,700,
09:30:04,67.12,5800,
09:30:04,67.13,9600,
09:30:04,67.13,1400,
09:30:04,67.13,1770,
09:30:04,67.14,135,
09:30:04,67.14,400,
09:30:04,67.14,200,
09:30:05,67.14,400,
09:30:06,67.14,515,
09:30:06,67.14,200,
09:30:06,67.14,300,
09:30:06,67.14,400,
09:30:06,67.14,200,
09:30:06,67.14,200,
09:30:06,67.14,300,
09:30:06,67.12,100,
09:30:07,67.14,800,
09:30:07,67.14,400,
09:30:07,67.14,400,
09:30:08,67.13,200,
09:30:08,67.13,4900,
09:30:08,67.13,100,
09:30:08,67.13,100,
09:30:08,67.13,3000,
09:30:09,67.135,100,
09:30:10,67.13,100,
09:30:10,67.13,800,
09:30:10,67.13,100,
09:30:10,67.13,400,
09:30:11,67.13,200,
09:30:11,67.12,400,
09:30:11,67.12,100,
09:30:12,67.13,200,
09:30:12,67.13,100,
09:30:13,67.13,200,
09:30:13,67.14,800,
09:30:13,67.14,300,
09:30:13,67.14,400,
09:30:14,67.14,200,
09:30:15,67.14,900,
09:30:16,67.14,100,
09:30:17,67.145,100,
09:30:17,67.14,100,
09:30:17,67.14,100,
09:30:17,67.14,815,
09:30:17,67.14,100,
09:30:17,67.14,585,
09:30:17,67.14,200,
09:30:17,67.14,100,
09:30:17,67.14,100,
09:30:17,67.14,100,
09:30:17,67.14,984,
09:30:19,67.13,100,
09:30:19,67.13,200,
09:30:19,67.13,800,
09:30:19,67.13,1800,
09:30:19,67.13,400,
09:30:19,67.13,200,
09:30:19,67.14,2000,
09:30:19,67.14,3400,
09:30:19,67.14,200,
09:30:19,67.13,200,
09:30:19,67.13,200,
09:30:19,67.13,145,
09:30:19,67.13,100,
09:30:24,67.145,100,
09:30:25,67.13,400,
09:30:26,67.14,100,
09:30:26,67.13,200,
09:30:26,67.125,300,
09:30:27,67.15,1000,
09:30:27,67.15,200,
09:30:27,67.15,1000,
09:30:27,67.15,1600,
09:30:27,67.14,300,
09:30:27,67.14,300,
09:30:28,67.14,100,
09:30:28,67.14,184,
09:30:28,67.14,100,
09:30:28,67.14,200,
09:30:28,67.14,800,
09:30:28,67.14,200,
09:30:28,67.14,300,
09:30:28,67.13,100,
09:30:28,67.14,200,
09:30:28,67.14,200,
09:30:28,67.14,200,
09:30:29,67.15,100,
09:30:29,67.14,200,
09:30:29,67.14,200,
09:30:29,67.14,100,
09:30:29,67.15,100,
09:30:29,67.15,100,
09:30:33,67.14,110,
09:30:33,67.14,300,
09:30:35,67.13,300,
09:30:36,67.1299,229,
09:30:40,67.13,200,
09:30:40,67.13,292,
09:30:42,67.15,400,
09:30:43,67.135,300,
09:30:44,67.1277,600,
09:30:44,67.135,200,
09:30:45,67.13,539,
09:30:45,67.13,300,
09:30:47,67.13,100,
09:30:47,67.135,100,
09:30:48,67.13,200,
09:30:48,67.13,200,
09:30:49,67.13,100,
09:30:51,67.13,300,
09:30:51,67.135,100,
09:30:53,67.13,500,
09:30:53,67.13,400,
09:30:53,67.13,200,
09:30:53,67.13,200,
09:30:53,67.13,400,
09:30:53,67.13,100,
09:30:53,67.13,400,
09:30:59,67.13,500,
09:30:59,67.13,100,
09:30:59,67.13,200,
09:30:59,67.13,100,
09:31:00,67.13,200,
09:31:00,67.13,300,
09:31:00,67.125,100,
09:31:01,67.14,200,
09:31:02,67.1309,125,
09:31:02,67.14,600,
09:31:02,67.14,600,
09:31:02,67.14,200,
09:31:03,67.14,200,
09:31:03,67.14,200,
09:31:11,67.13,800,
09:31:11,67.13,200,
09:31:11,67.13,200,
09:31:11,67.13,200,
09:31:11,67.13,200,
09:31:11,67.13,800,
09:31:11,67.13,100,
09:31:11,67.13,300,
09:31:11,67.13,100,
09:31:11,67.13,3000,
09:31:13,67.13,200,
09:31:13,67.13,200,
09:31:13,67.13,200,
09:31:13,67.13,100,
09:31:13,67.13,200,
09:31:14,67.13,100,
09:31:14,67.13,300,
09:31:16,67.13,500,
09:31:22,67.13,800,
09:31:26,67.13,200,
09:31:26,67.13,200,
09:31:32,67.13,800,
09:31:33,67.1399,1000,
09:31:38,67.13,100,
09:31:39,67.13,375,
09:31:39,67.13,575,
09:31:41,67.14,300,
09:31:45,67.14,200,
09:31:45,67.14,200,
09:31:50,67.14,2400,
09:31:50,67.14,815,
09:31:50,67.14,1200,
09:31:50,67.14,200,
09:31:50,67.14,200,
09:31:50,67.14,100,
09:31:50,67.13,7258,
09:31:50,67.13,200,
09:31:51,67.13,100,
09:31:54,67.13,200,
09:31:55,67.13,400,
09:31:55,67.13,3600,
09:31:55,67.12,100,
09:31:55,67.12,100,
09:31:56,67.12,100,
09:31:56,67.12,100,
09:31:56,67.12,400,
09:32:01,67.12,100,
09:32:01,67.11,100,
09:32:01,67.11,100,
09:32:01,67.11,800,
09:32:01,67.11,100,
09:32:01,67.11,300,
09:32:02,67.11,100,
09:32:02,67.11,100,
09:32:09,67.1199,2072,
09:32:11,67.11,400,
09:32:12,67.10,200,
09:32:12,67.10,200,
09:32:12,67.10,300,
09:32:12,67.10,100,
09:32:13,67.10,100,
09:32:14,67.11,400,
09:32:14,67.11,200,
09:32:17,67.12,200,
09:32:18,67.12,200,
09:32:18,67.11,200,
09:32:19,67.11,200,
09:32:19,67.11,200,
09:32:22,67.11,500,
09:32:26,67.11,100,
09:32:28,67.0957,101,
09:32:29,67.08,100,
09:32:31,67.09,200,
09:32:33,67.10,115,
09:32:33,67.10,200,
09:32:34,67.10,200,
09:32:34,67.10,200,
09:32:37,67.11,400,
09:32:41,67.12,200,
09:32:44,67.12,200,
09:32:48,67.1173,300,
09:32:49,67.11,200,
09:32:52,67.11,200,
09:32:56,67.1001,600,
09:32:56,67.11,100,
09:32:56,67.11,100,
09:32:59,67.10,100,
09:32:59,67.09,200,
09:32:59,67.09,200,
09:32:59,67.09,100,
09:32:59,67.08,100,
09:33:02,67.08,200,
09:33:03,67.06,200,
09:33:03,67.075,100,
09:33:03,67.07,800,
09:33:04,67.08,200,
09:33:04,67.08,600,
09:33:04,67.08,800,
09:33:04,67.07,400,
09:33:06,67.09,200,
09:33:06,67.09,200,
09:33:08,67.08,200,
09:33:08,67.07,400,
09:33:11,67.07,200,
09:33:11,67.0787,1600,
09:33:13,67.06,215,
09:33:13,67.05,900,
09:33:13,67.05,500,
09:33:13,67.05,100,
09:33:16,67.05,2500,
09:33:16,67.05,400,
09:33:16,67.05,1500,
09:33:16,67.05,816,
09:33:17,67.06,100,
09:33:18,67.05X,3500,
09:33:18,67.05,100,
09:33:18,67.04,200,
09:33:18,67.04,200,
09:33:18,67.04,280,
09:33:18,67.04,200,
09:33:18,67.04,800,
09:33:19,67.04,200,
09:33:19,67.04,800,
09:33:19,67.03,7000,
09:33:19,67.03,4000,
09:33:19,67.03,2400,
09:33:19,67.03,200,
09:33:19,67.03,700,
09:33:19,67.03,3820,
09:33:24,67.03,400,
09:33:24,67.02,100,
09:33:27,67.03,200,
09:33:28,67.03,200,
09:33:28,67.03,100,
09:33:29,67.04,200,
09:33:29,67.04,100,
09:33:29,67.05,400,
09:33:29,67.05,200,
09:33:30,67.04,200,
09:33:33,67.03,200,
09:33:33,67.03,150,
09:33:33,67.03,200,
09:33:33,67.03,200,
09:33:33,67.03,100,
09:33:33,67.04,200,
09:33:33,67.03,300,
09:33:34,67.04,200,
09:33:36,67.04,100,
09:33:36,67.04,300,
09:33:38,67.06,100,
09:33:42,67.0577,1000,
09:33:44,67.06,100,
09:33:44,67.06,200,
09:33:46,67.06,100,
09:33:54,67.05,100,
09:33:54,67.05,400,
09:33:54,67.06,200,
09:33:56,67.06,100,
09:33:59,67.06,200,
09:34:04,67.0795,500,
09:34:05,67.07,600,
09:34:08,67.06,200,
09:34:13,67.06,200,
09:34:16,67.07,200,
09:34:25,67.08,200,
09:34:29,67.07,200,
09:34:31,67.07,200,
09:34:31,67.07,200,
09:34:31,67.07,200,
09:34:31,67.07,800,
09:34:32,67.07,100,
09:34:32,67.07,150,
09:34:36,67.08,400,
09:34:36,67.08,600,
09:34:36,67.08,300,
09:34:36,67.08,800,
09:34:40,67.09,100,
09:34:41,67.08,400,
09:34:41,67.08,100,
09:34:41,67.08,100,
09:34:41,67.08,200,
09:34:47,67.099,100,
09:34:47,67.08,616,
09:34:47,67.09,300,
09:34:49,67.0905,900,
09:34:50,67.099,100,
09:34:50,67.10,200,
09:34:50,67.10,100,
09:34:52,67.1054,100,
09:34:54,67.09,800,
09:34:54,67.09,100,
09:34:54,67.09,200,
09:34:54,67.10,200,
09:34:54,67.10,200,
09:34:54,67.09,1400,
09:34:55,67.081,500,
09:34:57,67.07,800,
09:34:58,67.07,700,
09:34:58,67.07,500,
09:34:58,67.07,700,
09:35:01,67.07,300,
09:35:01,67.06,800,
09:35:01,67.05,815,
09:35:01,67.05,830,
09:35:01,67.05,100,
09:35:01,67.05,200,
09:35:02,67.04,800,
09:35:03,67.04,700,
09:35:03,67.04,200,
09:35:03,67.04,200,
09:35:03,67.04,100,
09:35:05,67.04,800,
09:35:05,67.05,181,
09:35:06,67.04,300,
09:35:06,67.04,200,
09:35:08,67.04,100,
09:35:08,67.04,800,
09:35:08,67.04,200,
09:35:10,67.04,200,
09:35:10,67.04,200,
09:35:10,67.04,600,
09:35:10,67.04,100,
09:35:12,67.03,2400,
09:35:12,67.03,400,
09:35:12,67.02,200,
09:35:12,67.02,100,
09:35:14,67,200,
09:35:14,67,100,
09:35:14,67,500,
09:35:15,67,155,
09:35:15,67,100,
09:35:15,67.01,100,
09:35:15,67.01,300,
09:35:16,67.01,600,
09:35:16,67.01,300,
09:35:17,67.02,100,
09:35:17,67.02,200,
09:35:17,67.02,400,
09:35:17,67.015,300,
09:35:17,67.015,100,
09:35:17,67.02,200,
09:35:17,67.0125,300,
09:35:17,67.01,300,
09:35:18,67.015,100,
09:35:20,67.02,300,
09:35:21,67.02,100,
09:35:21,67.02,100,
09:35:22,67.02,200,
09:35:22,67.02,100,
09:35:22,67.02,400,
09:35:22,67.02,100,
09:35:22,67.02,500,
09:35:28,67.02,100,
09:35:28,67.02,200,
09:35:28,67.02,200,
09:35:31,67.02,700,
09:35:31,67.02,100,
09:35:41,67.01,200,
09:35:41,67.01,400,
09:35:41,67.01,200,
09:35:41,67.01,200,
09:35:41,67.01,700,
09:35:42,67.01,100,
09:35:42,67.01,100,
09:35:42,67.01,100,
09:35:42,67.01,400,
09:35:42,67.01,300,
09:35:42,67.01,200,
09:35:42,67.01,400,
09:35:42,67,345,
09:35:42,67,145,
09:35:42,66.99,116,
09:35:42,66.99,1400,
09:35:43,66.99,800,
09:35:43,66.99,350,
09:35:43,66.99,100,
09:35:43,66.99,100,
09:35:43,66.99,100,
09:35:43,66.99,400,
09:35:43,66.99,100,
09:35:43,66.98,2650,
09:35:43,66.98,700,
09:35:43,66.99,400,
09:35:43,66.99,200,
09:35:43,66.99,500,
09:35:43,66.99,200,
09:35:43,66.99,100,
09:35:43,66.99,400,
09:35:43,66.99,100,
09:35:43,66.99,300,
09:35:43,66.99,100,
09:35:44,67.01,200,
09:35:46,66.98,100,
09:35:46,66.98,150,
09:35:47,66.99,100,
09:35:47,66.99,100,
09:35:47,66.99,200,
09:35:47,66.99,400,
09:35:55,66.99,200,
09:35:55,66.99,200,
09:35:57,66.9946,100,
09:35:58,67.01,100,
09:35:59,67.01,200,
09:35:59,67.01,600,
09:35:59,67.01,1000,
09:36:00,67,200,
09:36:02,67,400,
09:36:03,67,100,
09:36:03,67,800,
09:36:14,66.98,100,
09:36:15,66.98,100,
09:36:16,66.97,400,
09:36:17,66.97,200,
09:36:17,66.98,100,
09:36:17,66.98,180,
09:36:20,66.99,200,
09:36:23,66.99,200,
09:36:23,66.99,17900,
09:36:29,67,530,
09:36:33,66.98,200,
09:36:33,66.98,100,
09:36:39,66.96,800,
09:36:40,66.96,200,
09:36:43,66.96,200,
09:36:50,66.96,516,
09:36:50,66.95,200,
09:36:50,66.95,200,
09:36:50,66.95,100,
09:36:50,66.93,100,
09:36:50,66.92,400,
09:36:50,66.92,298,
09:36:50,66.92,150,
09:36:50,66.92,1400,
09:36:50,66.92,300,
09:36:50,66.92,300,
09:36:50,66.95,400,
09:36:50,66.93,200,
09:36:50,66.93,200,
09:36:50,66.93,200,
09:36:50,66.93,500,
09:36:50,66.93,100,
09:36:50,66.93,212,
09:36:50,66.93,200,
09:36:50,66.95,1600,
09:36:50,66.94,200,
09:36:50,66.94,2000,
09:36:51,66.935,100,
09:36:51,66.94,200,
09:36:53,66.94,200,
09:36:53,66.94,200,
09:36:53,66.94,1600,
09:36:55,66.93,300,
09:36:55,66.92,700,
09:36:55,66.93,100,
09:36:55,66.93,200,
09:36:55,66.94,100,
09:36:55,66.94,400,
09:36:55,66.94,200,
09:36:56,66.95,200,
09:36:56,66.95,200,
09:36:58,66.95,200,
09:36:58,66.95,182,
09:36:59,66.94,400,
09:36:59,66.94,500,
09:36:59,66.94,200,
09:37:02,66.94,200,
09:37:02,66.94,100,
09:37:09,66.95,100,
09:37:14,66.97,800,
09:37:22,66.97,200,
09:37:26,66.97,200,
09:37:26,66.97,200,
09:37:26,66.97,200,
09:37:27,66.96,400,
09:37:29,66.97,200,
09:37:29,66.97,600,
09:37:35,66.96,200,
09:37:35,66.96,300,
09:37:35,66.96,300,
09:37:35,66.96,200,
09:37:35,66.96,100,
09:37:37,66.95,400,
09:37:42,66.96,200,
09:37:46,66.97,600,
09:37:47,66.97,300,
09:37:47,66.97,100,
09:37:48,66.97,100,
09:37:48,66.97,600,
09:37:48,66.97,600,
09:37:50,66.97,200,
09:37:52,66.96,100,
09:37:52,66.96,200,
09:37:57,66.96,169,
09:37:57,66.96,200,
09:37:57,66.96,815,
09:37:58,66.96,400,
09:38:06,66.98,400,
09:38:08,66.99,400,
09:38:13,66.99,100,
09:38:13,66.99,100,
09:38:20,66.99,800,
09:38:20,66.99,4000,
09:38:20,66.99,2400,
09:38:20,66.99,2000,
09:38:20,66.99,400,
09:38:20,66.99,700,
09:38:20,66.98,200,
09:38:20,66.99,200,
09:38:20,66.99,400,
09:38:20,66.99,100,
09:38:20,66.99,4000,
09:38:20,66.99,500,
09:38:20,66.99,800,
09:38:20,66.99,100,
09:38:20,66.99,400,
09:38:20,66.99,800,
09:38:20,66.99,200,
09:38:21,66.99,200,
09:38:28,67,200,
09:38:28,67,100,
09:38:28,67,100,
09:38:34,67.01,2400,
09:38:34,67.01,200,
09:38:34,67.01,200,
09:38:34,67.01,600,
09:38:34,67.01,200,
09:38:34,67.01,238,
09:38:35,67.01,100,
09:38:35,67.01,100,
09:38:36,67.01,100,
09:38:36,67.01,100,
09:38:36,67.01,100,
09:38:37,67.01,302,
09:38:37,67.01,800,
09:38:37,67.01,100,
09:38:42,67.01,400,
09:38:42,67.01,400,
09:38:42,67.01,400,
09:38:42,67.01,298,
09:38:42,67.01,600,
09:38:42,67.01,100,
09:38:42,67.01,100,
09:38:43,67.02,800,
09:38:43,67.02,400,
09:38:44,67.03,100,
09:38:46,67.02,800,
09:38:47,67.03,200,
09:38:47,67.03,300,
09:38:48,67.02,200,
09:38:52,67.01,100,
09:38:52,67.01,300,
09:38:52,67.01,300,
09:38:52,67.01,100,
09:38:52,67.011,800,
09:38:52,67.02,300,
09:38:52,67.02,200,
09:38:54,67.0284,200,
09:38:59,67.02,100,
09:38:59,67.02,100,
09:38:59,67.02,100,
09:39:01,67.0299,1000,
09:39:03,67.02,105,
09:39:04,67.01,316,
09:39:04,67,600,
09:39:05,67.01,400,
09:39:07,67.01,200,
09:39:08,67.02,200,
09:39:11,67.02,100,
09:39:22,67.02,100,
09:39:23,67.01,300,
09:39:23,67.01,200,
09:39:24,67.01,200,
09:39:24,67.01,100,
09:39:30,67.01,200,
09:39:32,67.02,200,
09:39:37,67.02,300,
09:39:40,67.02,179,
09:39:40,67.02,121,
09:39:46,67.03,100,
09:39:48,67.04,100,
09:39:52,67.04,200,
09:39:54,67.04,200,
09:39:57,67.04,100,
09:39:57,67.04,100,
09:40:01,67.04,100,
09:40:01,67.04,200,
09:40:03,67.04,200,
09:40:03,67.04,100,
09:40:07,67.03,200,
09:40:07,67.02,600,
09:40:07,67.0317,100,
09:40:08,67.03,200,
09:40:09,67.03,1600,
09:40:09,67.03,1600,
09:40:09,67.03,800,
09:40:09,67.03,800,
09:40:09,67.03,100,
09:40:14,67.03,100,
09:40:14,67.03,200,
09:40:14,67.03,100,
09:40:14,67.03,100,
09:40:14,67.03,100,
09:40:17,67.02,200,
09:40:26,67.01,632,
09:40:27,67.02,300,
09:40:27,67.01,200,
09:40:28,67.01,200,
09:40:30,67.01,185,
09:40:35,67,200,
09:40:35,67,400,
09:40:35,66.99,2000,
09:40:35,66.99,100,
09:40:35,66.99,600,
09:40:35,66.99,1600,
09:40:35,66.99,500,
09:40:36,66.98,500,
09:40:36,66.98,200,
09:40:36,66.98,200,
09:40:36,66.98,600,
09:40:38,66.99,500,
09:40:38,66.99,700,
09:40:38,66.99,200,
09:40:40,67,200,
09:40:40,67,200,
09:40:40,67,400,
09:40:40,67,400,
09:40:40,67,300,
09:40:44,67.01,100,
09:40:44,67.01,200,
09:40:45,67.02,200,
09:40:48,67.01,269,
09:40:49,67.01,200,
09:40:49,67.0101,200,
09:40:50,67,900,
09:40:53,67.01,300,
09:40:53,67.02,262,
09:40:54,67.02,600,
09:40:56,67.02,200,
09:40:56,67.01,800,
09:40:56,67.01,184,
09:40:58,67.01,200,
09:41:01,67,100,
09:41:01,67,300,
09:41:01,67,700,
09:41:01,67.005,100,
09:41:11,67,147,
09:41:13,67,100,
09:41:13,67,600,
09:41:13,67,700,
09:41:13,67,200,
09:41:14,66.99,100,
09:41:21,66.99,900,
09:41:21,66.99,800,
09:41:21,66.99,200,
09:41:21,66.99,300,
09:41:21,67,800,
09:41:21,67,600,
09:41:33,67,300,
09:41:34,67,200,
09:41:38,66.99,300,
09:41:39,66.9999,400,
09:41:41,67,300,
09:41:56,67,300,
09:41:56,67,200,
09:42:03,67.0009,123,
09:42:03,67,200,
09:42:04,66.999,200,
09:42:06,67,358,
09:42:06,67,958,
09:42:06,67,542,
09:42:16,67.01,375,
09:42:26,67,200,
09:42:26,67,400,
09:42:26,67,400,
09:42:26,67,300,
09:42:27,67.01,200,
09:42:27,67.01,400,
09:42:27,67.01,200,
09:42:46,67,200,
09:42:46,67,200,
09:42:46,67,100,
09:42:48,67,1100,
09:42:48,67,198,
09:42:48,67,300,
09:42:48,67,198,
09:42:53,67.002,1400,
09:42:59,67,800,
09:42:59,66.99,2800,
09:42:59,66.99,100,
09:42:59,66.99,100,
09:42:59,66.99,500,
09:42:59,66.99,1100,
09:42:59,66.99,100,
09:42:59,66.99,200,
09:42:59,66.99,100,
09:42:59,66.99,100,
09:43:01,66.9944,1159,
09:43:09,66.99,190,
09:43:09,66.995,100,
09:43:12,66.9801,144,
09:43:14,66.985,100,
09:43:15,66.985,200,
09:43:15,66.985,300,
09:43:15,66.99,100,
09:43:15,66.99,100,
09:43:15,66.985,100,
09:43:19,66.99,200,
09:43:19,66.985,100,
09:43:22,66.98,115,
09:43:23,66.975,100,
09:43:32,66.98,184,
09:43:32,66.98,200,
09:43:32,66.975,100,
09:43:35,66.98,200,
09:43:39,66.99,330,
09:43:41,66.98,200,
09:43:43,66.98,400,
09:43:45,66.99,294,
09:43:45,67,500,
09:43:45,67,200,
09:43:45,67,300,
09:43:48,67.01,241,
09:43:48,67,200,
09:43:50,67,200,
09:43:50,66.99,600,
09:43:51,66.999,1300,
09:43:55,67,200,
09:43:56,67.01,100,
09:44:01,67.01,400,
09:44:02,67.02,100,
09:44:02,67.02,400,
09:44:03,67.02,200,
09:44:09,67.03,400,
09:44:09,67.03,200,
09:44:09,67.03,100,
09:44:09,67.03,400,
09:44:09,67.03,400,
09:44:09,67.03,1500,
09:44:09,67.03,1500,
09:44:09,67.03,200,
09:44:09,67.03,400,
09:44:09,67.03,200,
09:44:09,67.03,298,
09:44:09,67.03,800,
09:44:09,67.03,100,
09:44:09,67.03,300,
09:44:09,67.03,300,
09:44:09,67.03,200,
09:44:10,67.03,600,
09:44:10,67.02,215,
09:44:20,67.02,200,
09:44:20,67.02,200,
09:44:21,67.02,100,
09:44:23,67.01,200,
09:44:23,67.01,100,
09:44:23,67.01,100,
09:44:25,67.01,686,
09:44:25,67.01,800,
09:44:25,67.01,300,
09:44:30,67.02,300,
09:44:37,67.02,300,
09:44:37,67.01,400,
09:44:37,67.01,400,
09:44:37,67.01,800,
09:44:37,67.01,200,
09:44:37,67.02,200,
09:44:49,67.0001,9050,
09:44:50,67,800,
09:44:55,66.9999,800,
09:44:55,67,400,
09:44:55,67,400,
09:44:55,67.01,7000,
09:44:55,67.01,600,
09:44:55,67.01,2000,
09:44:55,67.01,2000,
09:44:55,67.01,4000,
09:44:55,67.01,200,
09:44:55,67.01,800,
09:44:55,67.01,200,
09:44:55,67.01,200,
09:44:55,67.01,100,
09:44:55,67.01,400,
09:44:55,67.01,500,
09:44:56,67.01,1100,
09:44:56,67.02,200,
09:44:56,67.02,3000,
09:44:56,67.02,400,
09:44:56,67.02,600,
09:44:56,67.02,100,
09:44:56,67.02,400,
09:44:56,67.02,900,
09:44:56,67.02,100,
09:44:56,67.02,500,
09:44:56,67.02,200,
09:44:56,67.02,100,
09:44:56,67.02,1500,
09:44:56,67.02,150,
09:44:56,67.02,300,
09:44:56,67.02,300,
09:44:56,67.02,400,
09:44:56,67.02,100,
09:44:56,67.02,800,
09:44:56,67.02,100,
09:44:56,67.02,150,
09:44:56,67.02,100,
09:44:56,67.02,320,
09:44:56,67.02,200,
09:44:56,67.02,400,
09:44:56,67.02,200,
09:44:56,67.02,400,
09:44:56,67.02,200,
09:44:56,67.02,200,
09:44:56,67.02,1400,
09:44:56,67.01,4100,
09:44:56,67.02,100,
09:44:56,67.02,700,
09:44:57,67.02,300,
09:44:58,67.01,816,
09:44:58,67.01,200,
09:45:02,67.01,400,
09:45:02,67.01,200,
09:45:02,67.01,500,
09:45:04,67.01,400,
09:45:06,67.02,700,
09:45:06,67.03,100,
09:45:06,67.03,200,
09:45:06,67.03,300,
09:45:06,67.03,300,
09:45:06,67.03,1600,
09:45:06,67.03,100,
09:45:06,67.03,2000,
09:45:06,67.03,100,
09:45:08,67.02,100,
09:45:09,67.03,5000,
09:45:14,67.0275,4700,
09:45:14,67.03,1300,
09:45:15,67.03,3000,
09:45:15,67.03,200,
09:45:15,67.03,100,
09:45:15,67.03,500,
09:45:15,67.03,600,
09:45:15,67.03,3200,
09:45:15,67.03,300,
09:45:15,67.03,300,
09:45:15,67.03,9384,
09:45:15,67.03,300,
09:45:15,67.04,200,
09:45:15,67.04,100,
09:45:15,67.04,800,
09:45:15,67.04,1600,
09:45:15,67.04,200,
09:45:15,67.04,600,
09:45:15,67.04,500,
09:45:19,67.07,100,
09:45:22,67.07,100,
09:45:25,67.08,300,
09:45:30,67.08,100,
09:45:33,67.07,200,
09:45:33,67.07,600,
09:45:33,67.06,700,
09:45:33,67.06,400,
09:45:33,67.06,100,
09:45:33,67.06,200,
09:45:33,67.06,400,
09:45:33,67.06,100,
09:45:33,67.06,100,
09:45:33,67.06,400,
09:45:33,67.06,200,
09:45:34,67.06,100,
09:45:34,67.06,100,
09:45:34,67.06,400,
09:45:34,67.06,300,
09:45:34,67.06,100,
09:45:34,67.06,2500,
09:45:34,67.06,400,
09:45:34,67.06,200,
09:45:34,67.06,100,
09:45:36,67.05,10000,
09:45:51,67.05,200,
09:45:53,67.0444,100,
09:45:57,67.04,1600,
09:45:58,67.04,200,
09:46:04,67.0335,898,
09:46:05,67.04,1600,
09:46:08,67.05,400,
09:46:08,67.05,200,
09:46:08,67.05,500,
09:46:08,67.06,200,
09:46:08,67.06,100,
09:46:08,67.06,500,
09:46:14,67.065,100,
09:46:15,67.07,564,
09:46:15,67.07,4831,
09:46:15,67.07,300,
09:46:15,67.07,700,
09:46:15,67.07,1600,
09:46:15,67.07,400,
09:46:15,67.07,200,
09:46:15,67.07,100,
09:46:15,67.07,400,
09:46:15,67.07,400,
09:46:15,67.07,600,
09:46:15,67.07,1500,
09:46:15,67.06,400,
09:46:15,67.07,900,
09:46:17,67.07,500,
09:46:17,67.07,800,
09:46:17,67.07,500,
09:46:17,67.07,900,
09:46:18,67.07,400,
09:46:18,67.07,500,
09:46:18,67.07,1400,
09:46:18,67.07,1400,
09:46:18,67.07,143,
09:46:19,67.0801,150,
09:46:21,67.09,400,
09:46:21,67.09,1000,
09:46:21,67.09,1500,
09:46:21,67.09,1000,
09:46:21,67.09,100,
09:46:21,67.09,563,
09:46:21,67.09,200,
09:46:21,67.09,100,
09:46:21,67.09,500,
09:46:21,67.09,300,
09:46:21,67.09,200,
09:46:21,67.09,100,
09:46:21,67.09,100,
09:46:21,67.09,800,
09:46:21,67.09,800,
09:46:21,67.09,150,
09:46:21,67.09,700,
09:46:23,67.08,100,
09:46:25,67.09,200,
09:46:25,67.09,200,
09:46:27,67.08,325,
09:46:27,67.07,518,
09:46:28,67.08,200,
09:46:28,67.08,700,
09:46:28,67.08,616,
09:46:29,67.081,200,
09:46:29,67.08,200,
09:46:31,67.08,200,
09:46:34,67.07,118,
09:46:34,67.07,182,
09:46:34,67.07,118,
09:46:34,67.07,218,
09:46:34,67.07,200,
09:46:34,67.07,200,
09:46:35,67.07,900,
09:46:39,67.08,600,
09:46:39,67.08,800,
09:46:39,67.08,2200,
09:46:39,67.09,200,
09:46:39,67.09,100,
09:46:39,67.09,100,
09:46:39,67.09,300,
09:46:39,67.09,100,
09:46:39,67.09,200,
09:46:39,67.09,400,
09:46:39,67.09,298,
09:46:39,67.09,1400,
09:46:39,67.09,100,
09:46:40,67.08,315,
09:46:42,67.09,200,
09:46:42,67.09,200,
09:46:42,67.08,500,
09:46:53,67.09,400,
09:46:53,67.08,600,
09:46:53,67.08,500,
09:46:53,67.09,200,
09:46:53,67.09,200,
09:46:53,67.09,400,
09:46:53,67.09,815,
09:46:53,67.09,100,
09:46:53,67.09,200,
09:46:53,67.09,600,
09:46:53,67.09,600,
09:46:53,67.09,300,
09:46:53,67.09,700,
09:46:53,67.09,100,
09:46:53,67.09,200,
09:46:53,67.09,400,
09:46:53,67.09,200,
09:46:53,67.10,3800,
09:46:53,67.09,100,
09:46:53,67.09,400,
09:46:54,67.095,1000,
09:46:54,67.08,2500,
09:46:54,67.08,100,
09:46:54,67.08,100,
09:46:54,67.08,100,
09:46:54,67.08,100,
09:46:54,67.08,1400,
09:46:54,67.08,280,
09:46:54,67.08,100,
09:46:54,67.08,1300,
09:46:54,67.08,176,
09:46:54,67.08,500,
09:46:54,67.08,100,
09:46:55,67.075,300,
09:46:58,67.08,400,
09:46:58,67.08,200,
09:46:58,67.08,200,
09:46:58,67.08,400,
09:46:58,67.08,200,
09:46:59,67.08,200,
09:46:59,67.08,116,
09:46:59,67.08,800,
09:46:59,67.08,584,
09:46:59,67.07,100,
09:46:59,67.07,400,
09:46:59,67.07,400,
09:46:59,67.07,200,
09:47:04,67.07,500,
09:47:14,67.07,849,
09:47:14,67.075,100,
09:47:14,67.07,802,
09:47:14,67.07,396,
09:47:14,67.07,100,
09:47:14,67.07,100,
09:47:14,67.07,100,
09:47:14,67.07,100,
09:47:14,67.07,904,
09:47:14,67.07,1300,
09:47:14,67.07,1081,
09:47:14,67.07,902,
09:47:14,67.07,149,
09:47:14,67.07,200,
09:47:14,67.07,400,
09:47:14,67.07,200,
09:47:14,67.07,496,
09:47:14,67.07,500,
09:47:14,67.07,200,
09:47:14,67.07,447,
09:47:14,67.07,200,
09:47:14,67.07,100,
09:47:14,67.07,298,
09:47:14,67.07,200,
09:47:14,67.07,108,
09:47:14,67.07,149,
09:47:14,67.07,400,
09:47:14,67.07,400,
09:47:14,67.07,200,
09:47:14,67.07,500,
09:47:14,67.07,500,
09:47:14,67.07,500,
09:47:14,67.07,100,
09:47:14,67.07,200,
09:47:14,67.07,200,
09:47:14,67.07,150,
09:47:14,67.07,1651,
09:47:14,67.07,719,
09:47:14,67.07,500,
09:47:14,67.07,200,
09:47:14,67.07,349,
09:47:14,67.06,215,
09:47:14,67.06,185,
09:47:20,67.06,200,
09:47:21,67.05,400,
09:47:21,67.05,500,
09:47:21,67.05,700,
09:47:21,67.05,100,
09:47:21,67.05,200,
09:47:21,67.05,200,
09:47:21,67.04,600,
09:47:21,67.04,200,
09:47:21,67.04,600,
09:47:21,67.04,700,
09:47:21,67.04,1000,
09:47:21,67.04,400,
09:47:21,67.04,100,
09:47:21,67.04,1700,
09:47:21,67.04,300,
09:47:21,67.03,631,
09:47:21,67.03,615,
09:47:21,67.03,600,
09:47:21,67.03,100,
09:47:21,67.03,431,
09:47:21,67.03,400,
09:47:21,67.03,500,
09:47:21,67.02,400,
09:47:21,67.02,800,
09:47:21,67.03,400,
09:47:21,67.02,100,
09:47:21,67.02,100,
09:47:21,67.03,500,
09:47:21,67.03,547,
09:47:21,67.03,188,
09:47:21,67.03,659,
09:47:21,67.03,900,
09:47:21,67.03,357,
09:47:21,67.03,300,
09:47:21,67.03,100,
09:47:21,67.03,100,
09:47:22,67.04,100,
09:47:22,67.04,700,
09:47:22,67.04,400,
09:47:22,67.04,500,
09:47:22,67.04,600,
09:47:22,67.04,200,
09:47:22,67.04,700,
09:47:22,67.04,500,
09:47:26,67.05,200,
09:47:26,67.05,200,
09:47:30,67.06,100,
09:47:30,67.06,100,
09:47:32,67.06,284,
09:47:32,67.06,100,
09:47:32,67.06,1400,
09:47:33,67.07,1400,
09:47:33,67.07,400,
09:47:33,67.07,100,
09:47:33,67.07,200,
09:47:33,67.07,200,
09:47:33,67.07,200,
09:47:33,67.07,200,
09:47:33,67.07,300,
09:47:33,67.08,300,
09:47:33,67.08,600,
09:47:33,67.08,400,
09:47:33,67.08,200,
09:47:33,67.09,400,
09:47:33,67.09,400,
09:47:33,67.09,200,
09:47:34,67.09,200,
09:47:34,67.09,800,
09:47:34,67.09,1984,
09:47:34,67.09,816,
09:47:34,67.09,200,
09:47:35,67.08,201,
09:47:35,67.08,400,
09:47:35,67.08,200,
09:47:35,67.08,500,
09:47:35,67.08,200,
09:47:35,67.08,100,
09:47:35,67.08,300,
09:47:40,67.08,300,
09:47:41,67.07,400,
09:47:41,67.07,100,
09:47:41,67.07,200,
09:47:42,67.07,400,
09:47:43,67.07,400,
09:47:43,67.07,300,
09:47:43,67.07,300,
09:47:43,67.07,400,
09:47:48,67.06,200,
09:47:53,67.05,100,
09:47:53,67.04,500,
09:47:53,67.04,200,
09:47:53,67.04,700,
09:47:53,67.04,200,
09:47:53,67.04,400,
09:47:53,67.04,116,
09:47:53,67.04,731,
09:47:53,67.04,200,
09:47:53,67.04,300,
09:47:53,67.04,200,
09:47:53,67.04,100,
09:47:53,67.04,200,
09:47:53,67.04,2900,
09:47:53,67.03,100,
09:47:53,67.03,700,
09:47:53,67.03,900,
09:47:53,67.03,300,
09:47:53,67.03,900,
09:47:53,67.03,516,
09:47:53,67.03,100,
09:47:53,67.03,400,
09:47:53,67.03,100,
09:47:53,67.03,300,
09:47:53,67.03,700,
09:47:54,67.03,288,
09:47:54,67.02,200,
09:47:54,67.03,100,
09:47:54,67.03,500,
09:47:54,67.03,400,
09:47:54,67.03,100,
09:47:54,67.03,700,
09:47:54,67.03,300,
09:47:54,67.03,305,
09:47:54,67.03,195,
09:47:54,67.03,600,
09:47:54,67.03,100,
09:47:54,67.03,100,
09:47:54,67.03,400,
09:47:54,67.03,900,
09:47:54,67.03,1300,
09:47:54,67.03,300,
09:47:54,67.03,800,
09:47:54,67.03,100,
09:47:54,67.03,2000,
09:47:55,67.04,600,
09:47:55,67.04,800,
09:47:55,67.04,1300,
09:47:55,67.04,200,
09:47:55,67.04,400,
09:47:55,67.05,800,
09:47:55,67.05,100,
09:47:55,67.05,500,
09:47:55,67.05,400,
09:47:55,67.05,200,
09:47:55,67.04,200,
09:47:55,67.05,400,
09:47:57,67.05,300,
09:47:57,67.05,300,
09:47:57,67.04,116,
09:47:57,67.04,300,
09:47:59,67.04,100,
09:48:00,67.05,200,
09:48:00,67.05,800,
09:48:03,67.05,416,
09:48:06,67.06,100,
09:48:06,67.06,200,
09:48:14,67.07,4400,
09:48:14,67.07,5000,
09:48:14,67.07,200,
09:48:14,67.07,900,
09:48:20,67.08,200,
09:48:20,67.08,500,
09:48:20,67.08,200,
09:48:20,67.08,400,
09:48:20,67.08,300,
09:48:20,67.08,1900,
09:48:20,67.08,900,
09:48:20,67.08,3100,
09:48:23,67.09,300,
09:48:29,67.09,100,
09:48:29,67.09,800,
09:48:29,67.09,100,
09:48:29,67.09,100,
09:48:29,67.09,100,
09:48:29,67.09,3300,
09:48:29,67.09,100,
09:48:29,67.09,4200,
09:48:29,67.09,100,
09:48:29,67.09,100,
09:48:29,67.09,100,
09:48:29,67.09,100,
09:48:29,67.09,200,
09:48:30,67.10,100,
09:48:31,67.098,1500,
09:48:36,67.09,100,
09:48:38,67.09,300,
09:48:38,67.09,600,
09:48:38,67.09,500,
09:48:38,67.09,400,
09:48:38,67.09,500,
09:48:38,67.09,500,
09:48:38,67.09,2000,
09:48:42,67.08,1000,
09:48:42,67.08,300,
09:48:42,67.08,4700,
09:48:42,67.08,200,
09:48:49,67.09,5000,
09:48:50,67.08,200,
09:48:52,67.08,200,
09:48:52,67.09,100,
09:48:56,67.08,400,
09:48:56,67.08,200,
09:48:56,67.08,200,
09:49:01,67.07,600,
09:49:01,67.07,100,
09:49:01,67.07,300,
09:49:04,67.06,800,
09:49:04,67.06,500,
09:49:04,67.06,100,
09:49:04,67.05,116,
09:49:05,67.06,200,
09:49:08,67.07,900,
09:49:08,67.07,400,
09:49:15,67.06,300,
09:49:19,67.06,629,
09:49:19,67.06,600,
09:49:19,67.06,200,
09:49:27,67.0692,100,
09:49:30,67.0601,2000,
09:49:35,67.07,100,
09:49:40,67.07,100,
09:49:52,67.079,100,
09:49:57,67.08,200,
09:50:15,67.07,200,
09:50:17,67.07,400,
09:50:19,67.07,400,
09:50:19,67.07,600,
09:50:22,67.07,400,
09:50:22,67.07,100,
09:50:22,67.07,200,
09:50:22,67.07,400,
09:50:26,67.07,100,
09:50:31,67.0798,300,
09:50:31,67.0798,300,
09:50:31,67.0798,400,
09:50:31,67.0799,400,
09:50:31,67.0799,5700,
09:50:37,67.08,200,
09:50:37,67.08,200,
09:50:37,67.08,200,
09:50:37,67.08,700,
09:50:54,67.08,200,
09:50:54,67.08,200,
09:50:55,67.08,100,
09:50:55,67.08,200,
09:50:57,67.08,100,
09:51:00,67.08,100,
09:51:06,67.08,100,
09:51:08,67.08,100,
09:51:18,67.08,200,
09:51:19,67.08,100,
09:51:23,67.08,100,
09:51:27,67.08,300,
09:51:27,67.08,100,
09:51:28,67.08,200,
09:51:32,67.08,100,
09:51:40,67.08,200,
09:51:45,67.08,185,
09:51:45,67.06,200,
09:51:45,67.06,200,
09:51:45,67.06,400,
09:51:45,67.06,200,
09:51:53,67.05,100,
09:51:53,67.05,100,
09:51:53,67.05,400,
09:51:53,67.05,100,
09:52:00,67.06,100,
09:52:15,67.06,100,
09:52:15,67.06,100,
09:52:15,67.07,100,
09:52:16,67.06,200,
09:52:20,67.07,184,
09:52:20,67.07,100,
09:52:20,67.07,347,
09:52:20,67.07,200,
09:52:20,67.07,100,
09:52:21,67.07,300,
09:52:21,67.07,500,
09:52:21,67.07,100,
09:52:23,67.07,800,
09:52:23,67.07,100,
09:52:24,67.07,136,
09:52:24,67.07,164,
09:52:30,67.08,100,
09:52:30,67.08,100,
09:52:30,67.08,500,
09:52:30,67.08,500,
09:52:30,67.08,1000,
09:52:32,67.08,100,
09:52:36,67.08,800,
09:52:39,67.08,100,
09:52:39,67.08,268,
09:52:40,67.08,1100,
09:52:40,67.08,100,
09:52:40,67.08,1000,
09:52:40,67.08,100,
09:52:47,67.08,100,
09:52:47,67.08,200,
09:52:50,67.09,100,
09:52:50,67.09,100,
09:52:50,67.09,100,
09:52:50,67.09,100,
09:52:50,67.09,100,
09:52:56,67.10,200,
09:52:56,67.10,300,
09:52:58,67.09,200,
09:52:58,67.08,116,
09:52:58,67.08,184,
09:52:58,67.08,100,
09:52:58,67.08,100,
09:52:58,67.08,400,
09:52:58,67.08,516,
09:52:58,67.08,284,
09:52:58,67.08,100,
09:52:59,67.079,100,
09:53:13,67.07,100,
09:53:13,67.07,100,
09:53:19,67.06,600,
09:53:19,67.06,100,
09:53:20,67.06,200,
09:53:22,67.05,100,
09:53:25,67.06,400,
09:53:25,67.06,400,
09:53:26,67.06,200,
09:53:28,67.06,200,
09:53:28,67.06,100,
09:53:28,67.06,200,
09:53:28,67.05,100,
09:53:29,67.05,500,
09:53:30,67.05,392,
09:53:30,67.05,1400,
09:53:30,67.05,400,
09:53:30,67.05,100,
09:53:30,67.05,200,
09:53:30,67.05,592,
09:53:30,67.05,400,
09:53:34,67.06,100,
09:53:34,67.06,200,
09:53:34,67.06,200,
09:53:34,67.06,200,
09:53:34,67.06,100,
09:53:37,67.07,100,
09:53:37,67.07,200,
09:53:38,67.0795,1000,
09:53:41,67.07,200,
09:53:41,67.07,100,
09:53:42,67.07,200,
09:53:45,67.07,500,
09:53:45,67.07,100,
09:53:45,67.07,300,
09:53:45,67.07,700,
09:53:45,67.07,100,
09:53:45,67.08,400,
09:53:45,67.08,100,
09:53:45,67.08,200,
09:53:57,67.07,100,
09:53:57,67.07,100,
09:53:57,67.07,200,
09:53:57,67.07,600,
09:53:57,67.07,700,
09:53:57,67.07,100,
09:53:57,67.07,100,
09:53:57,67.07,100,
09:53:57,67.07,275,
09:53:57,67.07,100,
09:53:57,67.07,400,
09:53:57,67.07,100,
09:53:57,67.07,102,
09:53:57,67.07,400,
09:53:57,67.07,400,
09:53:57,67.07,800,
09:53:57,67.07,100,
09:53:57,67.07,700,
09:53:57,67.07,500,
09:53:57,67.07,500,
09:53:57,67.07,847,
09:53:57,67.07,400,
09:53:57,67.07,300,
09:53:57,67.07,300,
09:53:57,67.07,100,
09:53:57,67.07,300,
09:53:57,67.07,100,
09:53:57,67.07,200,
09:53:57,67.07,1048,
09:53:57,67.07,100,
09:54:06,67.08,200,
09:54:07,67.08,200,
09:54:08,67.075,600,
09:54:08,67.07,1000,
09:54:08,67.07,400,
09:54:08,67.07,100,
09:54:08,67.07,100,
09:54:08,67.075,400,
09:54:17,67.08,100,
09:54:17,67.08,1300,
09:54:22,67.08,100,
09:54:29,67.08,400,
09:54:29,67.08,200,
09:54:29,67.08,100,
09:54:29,67.08,800,
09:54:29,67.08,100,
09:54:40,67.07,100,
09:54:40,67.07,400,
09:54:41,67.069,100,
09:54:46,67.0679,180,
09:54:51,67.07,100,
09:54:51,67.07,100,
09:54:51,67.07,100,
09:54:51,67.07,200,
09:54:52,67.07,100,
09:54:52,67.07,100,
09:54:52,67.07,200,
09:54:52,67.07,340,
09:54:52,67.06,200,
09:54:52,67.06,100,
09:54:52,67.06,500,
09:54:52,67.06,400,
09:54:56,67.05,100,
09:54:57,67.05,700,
09:54:59,67.05,100,
09:54:59,67.05,100,
09:55:09,67.04,3500,
09:55:11,67.05,1400,
09:55:11,67.05,100,
09:55:11,67.05,100,
09:55:11,67.05,100,
09:55:11,67.05,400,
09:55:11,67.05,100,
09:55:11,67.05,100,
09:55:14,67.04,200,
09:55:14,67.05,100,
09:55:14,67.05,100,
09:55:15,67.05,1200,
09:55:15,67.05,400,
09:55:15,67.05,400,
09:55:19,67.05,100,
09:55:19,67.05,329,
09:55:19,67.05,200,
09:55:19,67.05,200,
09:55:25,67.05,316,
09:55:25,67.05,100,
09:55:26,67.05,200,
09:55:26,67.05,200,
09:55:26,67.04,700,
09:55:34,67.05,300,
09:55:40,67.055,170,
09:55:41,67.06,100,
09:55:41,67.06,200,
09:55:45,67.06,300,
09:55:45,67.06,200,
09:55:47,67.06,200,
09:55:53,67.06,159,
09:55:54,67.0565,100,
09:56:01,67.05,100,
09:56:04,67.05,100,
09:56:05,67.06,100,
09:56:05,67.06,100,
09:56:05,67.06,1100,
09:56:05,67.06,100,
09:56:05,67.06,415,
09:56:06,67.06,1000,
09:56:09,67.06,100,
09:56:19,67.05,100,
09:56:19,67.05,600,
09:56:19,67.05,200,
09:56:19,67.05,300,
09:56:19,67.05,100,
09:56:19,67.06,100,
09:56:20,67.05,100,
09:56:20,67.05,100,
09:56:20,67.05,2000,
09:56:20,67.05,200,
09:56:20,67.04,516,
09:56:21,67.04,815,
09:56:26,67.0456,383,
09:56:41,67.03,100,
09:56:41,67.03,100,
09:56:41,67.03,200,
09:56:41,67.03,100,
09:56:41,67.03,300,
09:56:41,67.03,600,
09:56:41,67.03,200,
09:56:41,67.02,300,
09:56:42,67.02,300,
09:56:43,67.02,400,
09:56:43,67.02,800,
09:56:44,67.02,700,
09:56:44,67.02,100,
09:56:48,67.02,100,
09:56:48,67.02,300,
09:56:52,67.01,100,
09:56:54,67,300,
09:56:54,67,200,
09:56:54,67,700,
09:56:55,66.9907,100,
09:56:56,67,600,
09:56:56,67,400,
09:56:56,67,300,
09:56:56,67,100,
09:56:56,67.002,500,
09:57:00,67,615,
09:57:00,67,100,
09:57:06,66.99,700,
09:57:06,66.99,300,
09:57:07,66.99,800,
09:57:15,66.99,400,
09:57:16,66.99,400,
09:57:17,67,200,
09:57:17,67,700,
09:57:17,67.01,100,
09:57:17,67.01,300,
09:57:20,67.01,100,
09:57:20,67.012,200,
09:57:20,67.01,200,
09:57:27,67.02,100,
09:57:27,67.02,100,
09:57:27,67.02,1000,
09:57:27,67.02,100,
09:57:27,67.02,300,
09:57:29,67.02,400,
09:57:37,67.02,100,
09:57:40,67.0205,1500,
09:57:45,67.02,200,
09:57:46,67.01,1400,
09:57:46,67.01,900,
09:57:46,67.01,100,
09:57:46,67.01,300,
09:57:46,67.01,100,
09:57:46,67.01,100,
09:57:48,67,600,
09:57:48,67,200,
09:57:48,67,100,
09:57:48,67,2000,
09:57:48,67,800,
09:57:50,67.0014,500,
09:57:53,67,100,
09:57:53,67,200,
09:57:53,67,100,
09:57:53,67,100,
09:57:53,67,100,
09:57:53,67,200,
09:57:53,67,100,
09:57:53,67,100,
09:57:56,67.005,1009,
09:57:58,67,3600,
09:57:58,67,2100,
09:57:58,67,1700,
09:57:58,66.99,116,
09:57:58,66.99,300,
09:57:58,66.99,400,
09:57:58,66.99,300,
09:57:58,66.99,300,
09:57:58,66.99,100,
09:57:58,66.99,100,
09:57:58,66.99,100,
09:57:58,66.99,400,
09:57:58,66.99,700,
09:57:58,66.99,600,
09:57:58,66.99,600,
09:58:00,66.99,100,
09:58:00,66.99,100,
09:58:00,66.99,100,
09:58:00,66.99,100,
09:58:00,66.995,100,
09:58:01,66.98,3900,
09:58:01,66.98,100,
09:58:03,66.98,100,
09:58:05,66.98,200,
09:58:05,66.98,800,
09:58:05,66.98,400,
09:58:05,66.98,100,
09:58:05,66.98,300,
09:58:05,66.98,100,
09:58:05,66.98,100,
09:58:06,66.98,400,
09:58:06,66.98,300,
09:58:06,66.98,100,
09:58:06,66.98,285,
09:58:06,66.97,450,
09:58:08,66.98,198,
09:58:11,66.97,800,
09:58:11,66.97,816,
09:58:15,66.97,816,
09:58:21,66.98,300,
09:58:21,66.98,298,
09:58:26,66.98,400,
09:58:26,66.98,400,
09:58:30,66.98,400,
09:58:30,66.98,184,
09:58:30,66.98,300,
09:58:34,66.98,327,
09:58:34,66.98,100,
09:58:34,66.98,100,
09:58:34,66.98,100,
09:58:34,66.98,100,
09:58:34,66.98,473,
09:58:38,66.98,400,
09:58:41,66.99,312,
09:58:41,66.99,100,
09:58:41,66.99,300,
09:58:41,66.99,900,
09:58:41,66.99,800,
09:58:41,66.99,100,
09:58:42,66.9993,400,
09:58:42,66.99,200,
09:58:42,66.99,100,
09:58:42,67,200,
09:58:43,67,100,
09:58:43,67,300,
09:58:44,67,400,
09:58:44,67,400,
09:58:47,67.0085,300,
09:58:51,67.01,100,
09:58:51,67.01,100,
09:58:51,67.01,234,
09:58:51,67.01,200,
09:58:51,67.01,400,
09:58:51,67.01,100,
09:58:51,67.01,100,
09:58:52,67.01,800,
09:58:52,67.01,300,
09:58:52,67.01,100,
09:58:52,67.01,300,
09:58:52,67.01,100,
09:58:52,67.01,400,
09:58:52,67.01,300,
09:58:52,67.01,500,
09:58:52,67.01,150,
09:58:52,67.01,100,
09:58:52,67.01,400,
09:58:52,67.01,100,
09:58:52,67.01,298,
09:58:52,67.01,150,
09:58:52,67.01,200,
09:58:52,67.01,567,
09:58:52,67.01,100,
09:58:52,67.01,100,
09:58:52,67.01,100,
09:58:52,67.01,800,
09:58:52,67,516,
09:58:52,67.01,1000,
09:58:52,67,300,
09:58:52,67,100,
09:58:52,67,200,
09:58:52,67,284,
09:58:53,66.99,400,
09:58:54,66.99,100,
09:58:54,66.99,467,
09:58:54,66.99,1167,
09:58:54,66.99,400,
09:58:54,66.99,200,
09:58:54,66.99,333,
09:58:54,66.99,1733,
09:58:54,66.99,100,
09:58:54,66.99,600,
09:58:54,66.99,100,
09:58:55,66.99,100,
09:58:55,66.99,400,
09:58:55,66.99,200,
09:58:55,66.99,800,
09:58:56,67,350,
09:58:56,67,100,
09:58:56,67,650,
09:58:56,67,816,
09:58:56,67,100,
09:58:57,67,100,
09:58:57,67,200,
09:58:58,66.99,415,
09:58:58,66.99,200,
09:58:58,66.99,300,
09:58:58,66.99,400,
09:58:58,66.99,400,
09:59:06,66.98,200,
09:59:08,66.98,100,
09:59:08,66.98,100,
09:59:08,66.98,100,
09:59:08,66.98,400,
09:59:08,66.98,400,
09:59:08,66.98,100,
09:59:08,66.97,316,
09:59:08,66.97,100,
09:59:11,66.97,3900,
09:59:11,66.96,1400,
09:59:11,66.96,800,
09:59:11,66.96,1700,
09:59:11,66.96,3700,
09:59:11,66.95,1000,
09:59:11,66.96,188,
09:59:11,66.95,100,
09:59:12,66.95,300,
09:59:12,66.94,800,
09:59:12,66.95,100,
09:59:12,66.95,400,
09:59:12,66.95,100,
09:59:12,66.95,900,
09:59:12,66.95,200,
09:59:12,66.95,500,
09:59:12,66.95,1500,
09:59:12,66.95,700,
09:59:12,66.95,816,
09:59:12,66.95,120,
09:59:12,66.96,100,
09:59:13,66.96,1000,
09:59:13,66.96,100,
09:59:13,66.96,200,
09:59:13,66.96,100,
09:59:13,66.96,400,
09:59:13,66.96,400,
09:59:13,66.96,200,
09:59:14,66.96,466,
09:59:18,66.96,100,
09:59:18,66.96,800,
09:59:18,66.96,100,
09:59:18,66.96,100,
09:59:18,66.96,100,
09:59:18,66.96,400,
09:59:18,66.96,100,
09:59:18,66.96,900,
09:59:18,66.96,100,
09:59:18,66.95,400,
09:59:18,66.95,100,
09:59:18,66.96,200,
09:59:18,66.96,100,
09:59:18,66.96,250,
09:59:18,66.96,702,
09:59:18,66.96,400,
09:59:18,66.96,1000,
09:59:18,66.96,100,
09:59:18,66.96,600,
09:59:18,66.97,200,
09:59:18,66.97,800,
09:59:18,66.97,300,
09:59:18,66.97,400,
09:59:18,66.97,100,
09:59:18,66.98,400,
09:59:18,66.97,1000,
09:59:20,66.98,200,
09:59:20,66.98,100,
09:59:20,66.99,100,
09:59:20,66.99,200,
09:59:20,66.99,200,
09:59:20,66.99,200,
09:59:20,66.99,100,
09:59:21,66.99,100,
09:59:23,66.99,400,
09:59:27,66.99,400,
09:59:27,66.99,200,
09:59:27,66.98,400,
09:59:27,66.98,100,
09:59:27,66.99,800,
09:59:28,66.98,100,
09:59:28,66.98,400,
09:59:28,66.98,200,
09:59:28,66.98,800,
09:59:28,66.98,100,
09:59:28,66.98,100,
09:59:28,66.98,700,
09:59:28,66.98,100,
09:59:28,66.98,100,
09:59:28,66.99,500,
09:59:28,66.99,100,
09:59:28,66.99,800,
09:59:28,66.98,1000,
09:59:28,66.98,200,
09:59:28,66.98,400,
09:59:28,66.98,150,
09:59:28,66.98,100,
09:59:28,66.98,100,
09:59:29,66.98,400,
09:59:29,66.98,800,
09:59:29,66.98,100,
09:59:29,66.98,100,
09:59:29,66.98,1000,
09:59:29,66.98,100,
09:59:29,66.98,800,
09:59:29,66.98,1000,
09:59:29,66.98,100,
09:59:30,66.97,21537,
09:59:35,66.98,100,
09:59:35,66.98,400,
09:59:35,66.98,100,
09:59:35,66.98,100,
09:59:35,66.98,600,
09:59:35,66.98,900,
09:59:35,66.97,2600,
09:59:35,66.97,1200,
09:59:37,66.98,100,
09:59:37,66.98,100,
09:59:37,66.98,100,
09:59:37,66.99,100,
09:59:37,66.99,300,
09:59:40,67,100,
09:59:40,67,100,
09:59:40,67,100,
09:59:40,67,200,
09:59:41,67,100,
09:59:41,67,100,
09:59:47,67,200,
09:59:47,67,400,
09:59:47,67,100,
09:59:47,67,100,
09:59:47,67,100,
09:59:47,67,700,
09:59:47,67,100,
09:59:47,67,700,
09:59:47,67,800,
09:59:47,67,100,
09:59:47,67,400,
09:59:47,67,100,
09:59:47,67,100,
09:59:47,67,100,
09:59:47,67,100,
09:59:47,67,100,
09:59:47,67,1500,
09:59:47,67,800,
09:59:47,67,100,
09:59:47,67.01,200,
09:59:50,67.01,300,
09:59:59,67.011,120,
10:00:01,66.95,238,
10:00:01,66.94,400,
10:00:01,66.95,338,
10:00:01,66.95,485,
10:00:01,66.95,100,
10:00:01,66.95,400,
10:00:01,66.95,448,
10:00:01,66.95,100,
10:00:01,66.95,1200,
10:00:01,66.95,400,
10:00:01,66.95,100,
10:00:01,66.95,800,
10:00:01,66.95,173,
10:00:01,66.95,1000,
10:00:01,66.95,200,
10:00:01,66.95,100,
10:00:01,66.95,400,
10:00:01,66.95,600,
10:00:01,66.95,100,
10:00:01,66.95,400,
10:00:01,66.95,800,
10:00:01,66.95,200,
10:00:01,66.95,700,
10:00:01,66.95,800,
10:00:01,66.95,200,
10:00:01,66.95,100,
10:00:01,66.95,500,
10:00:01,66.94,200,
10:00:01,66.93,400,
10:00:01,66.94,100,
10:00:01,66.94,350,
10:00:01,66.94,547,
10:00:01,66.94,800,
10:00:01,66.94,251,
10:00:01,66.93,700,
10:00:01,66.93,200,
10:00:01,66.92,116,
10:00:01,66.93,815,
10:00:01,66.94,100,
10:00:01,66.94,200,
10:00:01,66.94,100,
10:00:01,66.95,400,
10:00:01,66.95,100,
10:00:01,66.95,100,
10:00:01,66.95,300,
10:00:01,66.95,100,
10:00:01,66.95,800,
10:00:01,66.94,100,
10:00:01,66.94,212,
10:00:01,66.93,488,
10:00:01,66.93,400,
10:00:01,66.93,100,
10:00:01,66.93,100,
10:00:01,66.93,300,
10:00:01,66.93,300,
10:00:01,66.93,200,
10:00:01,66.93,100,
10:00:01,66.94,684,
10:00:01,66.94,400,
10:00:01,66.94,400,
10:00:01,66.94,100,
10:00:01,66.94,100,
10:00:01,66.94,100,
10:00:01,66.94,116,
10:00:01,66.93,300,
10:00:01,66.93,100,
10:00:01,66.93,100,
10:00:01,66.93,200,
10:00:01,66.93,400,
10:00:01,66.93,100,
10:00:01,66.93,300,
10:00:01,66.93,700,
10:00:01,66.93,100,
10:00:01,66.93,100,
10:00:01,66.93,300,
10:00:01,66.93,400,
10:00:01,66.93,1000,
10:00:01,66.93,696,
10:00:01,66.93,400,
10:00:01,66.93,100,
10:00:01,66.93,100,
10:00:01,66.94,400,
10:00:01,66.94,200,
10:00:01,66.94,400,
10:00:01,66.94,200,
10:00:01,66.94,400,
10:00:01,66.94,100,
10:00:01,66.94,100,
10:00:01,66.94,300,
10:00:01,66.94,200,
10:00:01,66.94,400,
10:00:01,66.94,100,
10:00:01,66.94,100,
10:00:01,66.94,100,
10:00:01,66.94,200,
10:00:01,66.94,100,
10:00:01,66.94,900,
10:00:01,66.94,100,
10:00:01,66.94,800,
10:00:01,66.94,400,
10:00:01,66.94,800,
10:00:01,66.94,100,
10:00:01,66.94,600,
10:00:01,66.94,300,
10:00:01,66.93,100,
10:00:01,66.94,100,
10:00:01,66.94,2800,
10:00:01,66.94,400,
10:00:01,66.94,100,
10:00:01,66.94,800,
10:00:01,66.94,700,
10:00:01,66.94,400,
10:00:01,66.94,300,
10:00:01,66.94,800,
10:00:01,66.95,312,
10:00:01,66.95,100,
10:00:01,66.94,200,
10:00:01,66.94,500,
10:00:01,66.94,300,
10:00:01,66.94,100,
10:00:01,66.93,200,
10:00:01,66.93,200,
10:00:02,66.93,300,
10:00:02,66.92,400,
10:00:02,66.93,300,
10:00:02,66.93,100,
10:00:02,66.93,500,
10:00:02,66.92,300,
10:00:02,66.92,300,
10:00:02,66.92,100,
10:00:02,66.925,315,
10:00:02,66.92,300,
10:00:02,66.92,200,
10:00:02,66.94,400,
10:00:02,66.94,100,
10:00:02,66.94,100,
10:00:02,66.93,1400,
10:00:02,66.93,200,
10:00:02,66.93,800,
10:00:02,66.93,900,
10:00:02,66.92,300,
10:00:02,66.93,400,
10:00:02,66.93,300,
10:00:02,66.93,100,
10:00:02,66.93,300,
10:00:02,66.925,100,
10:00:02,66.94,200,
10:00:02,66.94,300,
10:00:02,66.94,300,
10:00:02,66.94,785,
10:00:02,66.94,729,
10:00:02,66.94,100,
10:00:02,66.94,300,
10:00:02,66.95,400,
10:00:02,66.95,300,
10:00:02,66.95,300,
10:00:02,66.94,100,
10:00:02,66.94,1000,
10:00:02,66.94,100,
10:00:02,66.94,300,
10:00:02,66.94,100,
10:00:02,66.94,100,
10:00:02,66.94,1200,
10:00:02,66.94,1100,
10:00:02,66.94,200,
10:00:02,66.93,458,
10:00:02,66.93,300,
10:00:02,66.93,100,
10:00:02,66.93,129,
10:00:02,66.93,100,
10:00:02,66.93,2000,
10:00:02,66.92,100,
10:00:02,66.92,100,
10:00:02,66.93,100,
10:00:02,66.93,100,
10:00:02,66.93,100,
10:00:02,66.93,200,
10:00:02,66.93,400,
10:00:02,66.93,282,
10:00:02,66.93,100,
10:00:02,66.93,300,
10:00:02,66.94,400,
10:00:02,66.94,100,
10:00:02,66.94,100,
10:00:02,66.93,200,
10:00:02,66.93,100,
10:00:02,66.93,200,
10:00:02,66.93,600,
10:00:02,66.93,100,
10:00:02,66.93,100,
10:00:02,66.93,100,
10:00:02,66.93,100,
10:00:02,66.93,1300,
10:00:02,66.93,286,
10:00:02,66.93,400,
10:00:02,66.93,300,
10:00:02,66.93,1300,
10:00:02,66.93,400,
10:00:03,66.93,300,
10:00:03,66.93,200,
10:00:04,66.93,145,
10:00:04,66.94,300,
10:00:04,66.93,100,
10:00:04,66.93,100,
10:00:04,66.93,300,
10:00:04,66.93,100,
10:00:04,66.93,100,
10:00:04,66.92,115,
10:00:04,66.92,100,
10:00:04,66.92,100,
10:00:04,66.92,400,
10:00:04,66.92,200,
10:00:04,66.92,100,
10:00:04,66.92,100,
10:00:04,66.92,1300,
10:00:04,66.92,200,
10:00:04,66.92,800,
10:00:04,66.92,100,
10:00:04,66.92,1200,
10:00:04,66.92,600,
10:00:04,66.92,100,
10:00:05,66.93,100,
10:00:05,66.93,100,
10:00:05,66.92,1300,
10:00:05,66.92,100,
10:00:05,66.92,100,
10:00:05,66.93,400,
10:00:05,66.93,730,
10:00:05,66.93,300,
10:00:05,66.93,313,
10:00:05,66.93,116,
10:00:05,66.93,400,
10:00:05,66.94,302,
10:00:05,66.93,100,
10:00:05,66.93,100,
10:00:05,66.94,1000,
10:00:05,66.93,300,
10:00:05,66.93,800,
10:00:05,66.93,500,
10:00:05,66.93,216,
10:00:05,66.93,100,
10:00:05,66.93,300,
10:00:05,66.93,300,
10:00:05,66.93,400,
10:00:05,66.93,100,
10:00:05,66.93,200,
10:00:05,66.93,300,
10:00:05,66.93,300,
10:00:05,66.93,100,
10:00:05,66.92,100,
10:00:05,66.93,100,
10:00:05,66.93,100,
10:00:05,66.93,200,
10:00:05,66.93,100,
10:00:05,66.93,100,
10:00:05,66.93,400,
10:00:05,66.93,100,
10:00:05,66.98,100,
10:00:05,66.94,100,
10:00:05,66.95,100,
10:00:05,66.95,100,
10:00:05,66.95,200,
10:00:05,66.95,100,
10:00:05,66.95,500,
10:00:05,66.95,200,
10:00:05,66.95,100,
10:00:05,66.95,1000,
10:00:05,66.95,100,
10:00:05,66.95,1000,
10:00:06,66.95,700,
10:00:06,66.95,100,
10:00:06,66.95,100,
10:00:06,66.95,100,
10:00:06,66.95,900,
10:00:06,66.95,100,
10:00:06,66.95,100,
10:00:06,66.95,300,
10:00:06,66.95,100,
10:00:06,66.95,100,
10:00:06,66.95,500,
10:00:06,66.94,416,
10:00:06,66.95,700,
10:00:06,66.94,384,
10:00:06,66.95,193,
10:00:06,66.95,200,
10:00:07,66.95,207,
10:00:07,66.95,100,
10:00:07,66.95,406,
10:00:07,66.95,700,
10:00:07,66.95,200,
10:00:07,66.95,200,
10:00:07,66.95,100,
10:00:07,66.95,300,
10:00:07,66.95,100,
10:00:07,66.95,400,
10:00:07,66.95,200,
10:00:07,66.94,100,
10:00:07,66.94,200,
10:00:07,66.93,100,
10:00:07,66.94,1200,
10:00:07,66.92,800,
10:00:07,66.92,100,
10:00:07,66.92,300,
10:00:07,66.92,2000,
10:00:07,66.93,100,
10:00:07,66.92,900,
10:00:07,66.93,800,
10:00:07,66.93,300,
10:00:07,66.93,200,
10:00:07,66.93,200,
10:00:07,66.93,100,
10:00:07,66.92,199,
10:00:07,66.95,1000,
10:00:07,66.92,101,
10:00:07,66.92,101,
10:00:07,66.93,100,
10:00:07,66.93,300,
10:00:07,66.94,100,
10:00:07,66.94,100,
10:00:07,66.94,300,
10:00:07,66.94,256,
10:00:07,66.94,344,
10:00:07,66.94,100,
10:00:07,66.94,100,
10:00:07,66.93,100,
10:00:07,66.93,199,
10:00:07,66.93,201,
10:00:07,66.93,216,
10:00:07,66.93,100,
10:00:07,66.92,100,
10:00:07,66.92,100,
10:00:07,66.92,100,
10:00:07,66.92,1000,
10:00:07,66.92,100,
10:00:07,66.92,614,
10:00:07,66.92,276,
10:00:07,66.92,318,
10:00:07,66.92,403,
10:00:07,66.92,100,
10:00:08,66.93,201,
10:00:08,66.92,299,
10:00:08,66.93,500,
10:00:08,66.92,200,
10:00:08,66.91,100,
10:00:08,66.92,100,
10:00:08,66.92,800,
10:00:08,66.92,100,
10:00:08,66.92,100,
10:00:08,66.92,283,
10:00:08,66.92,199,
10:00:08,66.91,400,
10:00:08,66.91,175,
10:00:08,66.91,200,
10:00:08,66.91,885,
10:00:08,66.90,200,
10:00:08,66.90,400,
10:00:08,66.90,150,
10:00:08,66.90,616,
10:00:08,66.90,100,
10:00:08,66.91,100,
10:00:08,66.91,100,
10:00:08,66.91,300,
10:00:08,66.91,400,
10:00:08,66.91,700,
10:00:08,66.91,100,
10:00:08,66.91,100,
10:00:08,66.92,200,
10:00:08,66.91,1000,
10:00:09,66.91,800,
10:00:10,66.91,100,
10:00:10,66.91,300,
10:00:10,66.91,700,
10:00:10,66.90,116,
10:00:10,66.90,100,
10:00:10,66.90,284,
10:00:10,66.91,400,
10:00:11,66.91,100,
10:00:11,66.91,200,
10:00:12,66.90,300,
10:00:12,66.8999,300,
10:00:12,66.90,100,
10:00:12,66.90,100,
10:00:12,66.90,300,
10:00:12,66.90,100,
10:00:12,66.90,400,
10:00:12,66.90,100,
10:00:12,66.90,500,
10:00:13,66.90,739,
10:00:13,66.90,400,
10:00:13,66.90,100,
10:00:13,66.90,100,
10:00:13,66.90,100,
10:00:13,66.90,100,
10:00:13,66.90,100,
10:00:13,66.90,400,
10:00:13,66.91,100,
10:00:13,66.91,400,
10:00:13,66.91,400,
10:00:13,66.91,100,
10:00:13,66.91,100,
10:00:13,66.91,100,
10:00:13,66.91,400,
10:00:13,66.90,100,
10:00:13,66.90,100,
10:00:14,66.89,100,
10:00:15,66.89,200,
10:00:15,66.89,400,
10:00:15,66.89,200,
10:00:15,66.89,400,
10:00:16,66.89,100,
10:00:16,66.89,100,
10:00:16,66.89,100,
10:00:16,66.89,100,
10:00:17,66.8999,4000,
10:00:18,66.89,100,
10:00:18,66.89,300,
10:00:18,66.89,100,
10:00:18,66.89,100,
10:00:18,66.90,100,
10:00:18,66.90,100,
10:00:18,66.91,200,
10:00:18,66.91,100,
10:00:19,66.91,116,
10:00:19,66.91,100,
10:00:19,66.91,100,
10:00:19,66.90,100,
10:00:19,66.90,100,
10:00:19,66.91,100,
10:00:19,66.90,500,
10:00:19,66.90,400,
10:00:19,66.90,615,
10:00:19,66.90,100,
10:00:19,66.90,500,
10:00:19,66.91,100,
10:00:19,66.91,100,
10:00:19,66.91,100,
10:00:19,66.91,100,
10:00:19,66.91,200,
10:00:19,66.91,300,
10:00:20,66.90,100,
10:00:20,66.90,500,
10:00:20,66.90,700,
10:00:20,66.90,1000,
10:00:20,66.90,369,
10:00:20,66.90,200,
10:00:20,66.90,100,
10:00:20,66.90,400,
10:00:20,66.90,100,
10:00:20,66.90,800,
10:00:20,66.90,100,
10:00:20,66.90,100,
10:00:20,66.90,200,
10:00:20,66.90,600,
10:00:21,66.91,200,
10:00:21,66.91,400,
10:00:21,66.91,100,
10:00:21,66.91,300,
10:00:21,66.91,300,
10:00:22,66.92,400,
10:00:22,66.92,100,
10:00:22,66.93,1200,
10:00:22,66.93,1200,
10:00:22,66.93,183,
10:00:22,66.93,200,
10:00:22,66.93,183,
10:00:22,66.93,400,
10:00:22,66.93,400,
10:00:22,66.93,100,
10:00:22,66.93,800,
10:00:22,66.93,465,
10:00:22,66.94,300,
10:00:22,66.94,600,
10:00:22,66.94,700,
10:00:22,66.94,400,
10:00:22,66.94,400,
10:00:22,66.94,400,
10:00:22,66.94,300,
10:00:22,66.94,1500,
10:00:22,66.94,300,
10:00:22,66.94,100,
10:00:22,66.94,200,
10:00:22,66.94,100,
10:00:22,66.95,100,
10:00:22,66.95,400,
10:00:22,66.95,500,
10:00:22,66.95,185,
10:00:22,66.95,400,
10:00:22,66.95,300,
10:00:22,66.95,300,
10:00:22,66.96,1100,
10:00:22,66.96,200,
10:00:22,66.96,300,
10:00:22,66.96,400,
10:00:22,66.95,173,
10:00:22,66.95,100,
10:00:22,66.95,400,
10:00:22,66.95,134,
10:00:22,66.95,200,
10:00:22,66.95,100,
10:00:22,66.95,100,
10:00:22,66.95,100,
10:00:22,66.95,300,
10:00:22,66.95,100,
10:00:22,66.96,300,
10:00:22,66.96,2400,
10:00:22,66.96,300,
10:00:22,66.96,100,
10:00:22,66.96,100,
10:00:22,66.96,100,
10:00:22,66.96,300,
10:00:22,66.95,300,
10:00:22,66.95,900,
10:00:22,66.95,200,
10:00:22,66.95,200,
10:00:22,66.95,400,
10:00:22,66.95,100,
10:00:22,66.95,700,
10:00:22,66.95,100,
10:00:23,66.95,514,
10:00:23,66.95,100,
10:00:23,66.95,300,
10:00:23,66.95,300,
10:00:23,66.95,100,
10:00:23,66.95,100,
10:00:23,66.95,200,
10:00:23,66.95,100,
10:00:24,66.95,700,
10:00:24,66.95,516,
10:00:24,66.95,200,
10:00:24,66.95,100,
10:00:24,66.95,300,
10:00:24,66.93,400,
10:00:24,66.94,400,
10:00:24,66.94,1000,
10:00:24,66.94,100,
10:00:24,66.94,100,
10:00:24,66.94,400,
10:00:24,66.93,100,
10:00:24,66.93,100,
10:00:24,66.93,500,
10:00:24,66.93,1000,
10:00:24,66.93,100,
10:00:24,66.93,100,
10:00:24,66.93,500,
10:00:24,66.93,1000,
10:00:24,66.93,100,
10:00:24,66.93,200,
10:00:24,66.93,100,
10:00:24,66.93,100,
10:00:24,66.93,600,
10:00:24,66.93,1500,
10:00:24,66.93,100,
10:00:24,66.93,100,
10:00:24,66.94,200,
10:00:24,66.93,100,
10:00:24,66.93,400,
10:00:24,66.93,800,
10:00:24,66.93,2317,
10:00:24,66.93,100,
10:00:24,66.93,183,
10:00:24,66.93,400,
10:00:24,66.93,400,
10:00:24,66.93,500,
10:00:24,66.94,300,
10:00:24,66.93,200,
10:00:24,66.93,1000,
10:00:24,66.93,100,
10:00:24,66.93,200,
10:00:24,66.93,100,
10:00:24,66.92,183,
10:00:24,66.92,400,
10:00:24,66.92,200,
10:00:24,66.92,300,
10:00:24,66.92,700,
10:00:24,66.92,100,
10:00:24,66.91,100,
10:00:24,66.91,100,
10:00:24,66.91,400,
10:00:24,66.91,100,
10:00:24,66.94,200,
10:00:24,66.93,100,
10:00:24,66.91,100,
10:00:24,66.91,816,
10:00:24,66.91,116,
10:00:24,66.91,384,
10:00:24,66.91,300,
10:00:24,66.91,100,
10:00:24,66.91,500,
10:00:24,66.91,400,
10:00:24,66.91,500,
10:00:24,66.91,500,
10:00:24,66.90,100,
10:00:24,66.90,100,
10:00:24,66.94,300,
10:00:24,66.90,300,
10:00:24,66.91,100,
10:00:24,66.91,100,
10:00:24,66.91,100,
10:00:24,66.94,500,
10:00:24,66.92,100,
10:00:24,66.92,100,
10:00:25,66.91,400,
10:00:25,66.91,100,
10:00:25,66.92,200,
10:00:26,66.92,100,
10:00:26,66.92,100,
10:00:26,66.92,300,
10:00:26,66.92,200,
10:00:26,66.92,100,
10:00:26,66.92,100,
10:00:26,66.92,100,
10:00:26,66.92,300,
10:00:26,66.91,300,
10:00:26,66.91,2000,
10:00:26,66.91,400,
10:00:26,66.91,100,
10:00:26,66.90,100,
10:00:26,66.90,300,
10:00:26,66.90,100,
10:00:26,66.90,100,
10:00:26,66.90,100,
10:00:26,66.90,1500,
10:00:26,66.90,600,
10:00:26,66.90,100,
10:00:26,66.89,238,
10:00:26,66.90,100,
10:00:26,66.89,300,
10:00:26,66.89,200,
10:00:26,66.89,100,
10:00:26,66.89,100,
10:00:26,66.89,300,
10:00:26,66.89,100,
10:00:26,66.89,100,
10:00:27,66.89,200,
10:00:27,66.90,200,
10:00:27,66.90,134,
10:00:27,66.90,200,
10:00:27,66.90,400,
10:00:27,66.90,100,
10:00:27,66.90,116,
10:00:27,66.90,169,
10:00:28,66.90,400,
10:00:28,66.90,200,
10:00:28,66.90,132,
10:00:28,66.90,100,
10:00:28,66.90,100,
10:00:28,66.90,700,
10:00:28,66.90,200,
10:00:28,66.91,800,
10:00:28,66.91,500,
10:00:28,66.91,400,
10:00:28,66.91,100,
10:00:28,66.92,100,
10:00:29,66.92,400,
10:00:29,66.92,100,
10:00:29,66.92,400,
10:00:29,66.91,100,
10:00:29,66.91,100,
10:00:29,66.91,270,
10:00:29,66.92,300,
10:00:31,66.92,400,
10:00:31,66.92,300,
10:00:31,66.92,100,
10:00:31,66.92,800,
10:00:31,66.92,100,
10:00:31,66.91,600,
10:00:31,66.91,100,
10:00:31,66.91,530,
10:00:31,66.91,430,
10:00:31,66.91,100,
10:00:32,66.91,700,
10:00:32,66.92,269,
10:00:32,66.92,331,
10:00:32,66.92,800,
10:00:32,66.92,100,
10:00:32,66.92,169,
10:00:32,66.92,200,
10:00:32,66.92,2500,
10:00:32,66.92,100,
10:00:32,66.92,100,
10:00:32,66.92,100,
10:00:32,66.92,900,
10:00:32,66.92,100,
10:00:32,66.92,100,
10:00:32,66.92,400,
10:00:32,66.92,400,
10:00:32,66.92,800,
10:00:32,66.93,300,
10:00:32,66.93,100,
10:00:32,66.93,400,
10:00:32,66.93,400,
10:00:32,66.93,100,
10:00:32,66.93,100,
10:00:34,66.93,484,
10:00:36,66.93,1700,
10:00:36,66.93,100,
10:00:36,66.93,300,
10:00:36,66.93,800,
10:00:36,66.93,1000,
10:00:36,66.92,7000,
10:00:36,66.92,700,
10:00:36,66.92,415,
10:00:36,66.92,100,
10:00:36,66.93,300,
10:00:36,66.93,200,
10:00:36,66.93,400,
10:00:36,66.93,800,
10:00:36,66.93,100,
10:00:36,66.93,100,
10:00:36,66.94,283,
10:00:37,66.93,100,
10:00:37,66.93,700,
10:00:37,66.93,100,
10:00:37,66.92,100,
10:00:37,66.92,385,
10:00:37,66.92,100,
10:00:37,66.92,300,
10:00:37,66.93,264,
10:00:37,66.93,100,
10:00:37,66.93,100,
10:00:37,66.93,100,
10:00:38,66.93,100,
10:00:38,66.93,100,
10:00:38,66.93,100,
10:00:38,66.9301,100,
10:00:38,66.9301,100,
10:00:38,66.9301,100,
10:00:38,66.9301,100,
10:00:38,66.9301,100,
10:00:38,66.9301,100,
10:00:38,66.93,300,
10:00:39,66.93,400,
10:00:39,66.93,100,
10:00:39,66.93,700,
10:00:41,66.93,270,
10:00:42,66.93,300,
10:00:42,66.93,100,
10:00:42,66.92,200,
10:00:42,66.92,215,
10:00:42,66.929,500,
10:00:42,66.92,600,
10:00:42,66.92,700,
10:00:42,66.92,100,
10:00:42,66.92,100,
10:00:43,66.92,400,
10:00:43,66.92,100,
10:00:43,66.92,100,
10:00:43,66.92,684,
10:00:43,66.9254,100,
10:00:43,66.92,200,
10:00:43,66.92,200,
10:00:43,66.92,600,
10:00:43,66.92,100,
10:00:43,66.92,700,
10:00:43,66.92,100,
10:00:43,66.92,185,
10:00:43,66.92,100,
10:00:43,66.92,100,
10:00:43,66.92,100,
10:00:43,66.92,1600,
10:00:43,66.91,200,
10:00:43,66.91,400,
10:00:43,66.91,100,
10:00:43,66.91,100,
10:00:43,66.91,600,
10:00:43,66.92,400,
10:00:43,66.90,200,
10:00:43,66.90,100,
10:00:43,66.90,100,
10:00:43,66.90,100,
10:00:43,66.90,600,
10:00:43,66.90,100,
10:00:43,66.92,1600,
10:00:43,66.90,169,
10:00:43,66.90,186,
10:00:43,66.90,100,
10:00:44,66.89,100,
10:00:44,66.89,100,
10:00:44,66.88,400,
10:00:44,66.88,100,
10:00:45,66.89,100,
10:00:45,66.89,100,
10:00:45,66.89,200,
10:00:45,66.90,400,
10:00:45,66.90,400,
10:00:45,66.90,100,
10:00:46,66.90,785,
10:00:46,66.90,815,
10:00:46,66.90,100,
10:00:46,66.90,400,
10:00:46,66.90,200,
10:00:46,66.90,100,
10:00:46,66.90,100,
10:00:46,66.90,185,
10:00:46,66.90,1700,
10:00:46,66.90,600,
10:00:47,66.90,400,
10:00:47,66.90,100,
10:00:47,66.90,100,
10:00:47,66.90,1000,
10:00:48,66.90,100,
10:00:48,66.90,100,
10:00:50,66.90,300,
10:00:50,66.90,100,
10:00:50,66.90,100,
10:00:51,66.90,815,
10:00:51,66.90,400,
10:00:51,66.90,100,
10:00:51,66.90,100,
10:00:51,66.90,100,
10:00:51,66.90,572,
10:00:51,66.90,283,
10:00:51,66.90,100,
10:00:51,66.90,200,
10:00:51,66.90,100,
10:00:51,66.90,100,
10:00:51,66.90,100,
10:00:51,66.90,600,
10:00:51,66.90,100,
10:00:51,66.90,700,
10:00:51,66.90,200,
10:00:51,66.90,300,
10:00:51,66.90,100,
10:00:51,66.90,200,
10:00:51,66.90,100,
10:00:51,66.90,1200,
10:00:51,66.90,100,
10:00:51,66.91,200,
10:00:51,66.91,100,
10:00:51,66.91,166,
10:00:51,66.91,700,
10:00:51,66.91,300,
10:00:51,66.91,700,
10:00:51,66.91,400,
10:00:51,66.91,200,
10:00:52,66.91,100,
10:00:53,66.91,336,
10:00:53,66.91,379,
10:00:54,66.91,300,
10:00:54,66.91,800,
10:00:54,66.91,100,
10:00:54,66.91,464,
10:00:54,66.90,283,
10:00:54,66.89,100,
10:00:54,66.90,800,
10:00:54,66.90,100,
10:00:54,66.90,100,
10:00:54,66.90,100,
10:00:54,66.90,100,
10:00:54,66.90,300,
10:00:54,66.90,100,
10:00:54,66.90,400,
10:00:54,66.90,100,
10:00:54,66.90,100,
10:00:54,66.90,100,
10:00:54,66.90,200,
10:00:54,66.90,200,
10:00:54,66.90,151,
10:00:54,66.90,100,
10:00:56,66.90,200,
10:00:57,66.90,100,
10:00:57,66.90,100,
10:00:57,66.90,400,
10:00:57,66.90,800,
10:00:57,66.90,100,
10:00:57,66.90,100,
10:00:58,66.90,400,
10:00:58,66.90,100,
10:00:58,66.90,100,
10:00:58,66.90,100,
10:00:58,66.90,136,
10:00:58,66.89,400,
10:00:58,66.89,100,
10:01:00,66.89,500,
10:01:00,66.88,416,
10:01:01,66.88,100,
10:01:02,66.88,100,
10:01:04,66.89,100,
10:01:04,66.89,2400,
10:01:04,66.89,400,
10:01:04,66.89,266,
10:01:04,66.89,400,
10:01:04,66.89,400,
10:01:04,66.89,800,
10:01:04,66.89,100,
10:01:04,66.89,100,
10:01:04,66.89,200,
10:01:04,66.89,300,
10:01:04,66.90,300,
10:01:04,66.90,100,
10:01:06,66.8901,1000,
10:01:06,66.89,100,
10:01:07,66.90,200,
10:01:07,66.90,147,
10:01:12,66.91,200,
10:01:12,66.91,100,
10:01:12,66.91,200,
10:01:12,66.91,200,
10:01:12,66.9095,1100,
10:01:12,66.91,300,
10:01:12,66.91,300,
10:01:12,66.91,300,
10:01:12,66.91,400,
10:01:12,66.91,400,
10:01:12,66.91,100,
10:01:12,66.91,800,
10:01:12,66.91,100,
10:01:12,66.91,300,
10:01:12,66.91,100,
10:01:12,66.91,1400,
10:01:12,66.91,100,
10:01:12,66.91,100,
10:01:12,66.91,100,
10:01:16,66.91,273,
10:01:16,66.91,200,
10:01:16,66.91,100,
10:01:17,66.9101,400,
10:01:23,66.91,800,
10:01:24,66.91,100,
10:01:24,66.91,100,
10:01:25,66.9099,100,
10:01:25,66.91,200,
10:01:37,66.90,100,
10:01:38,66.90,200,
10:01:38,66.90,400,
10:01:38,66.90,249,
10:01:38,66.90,400,
10:01:38,66.90,100,
10:01:38,66.89,416,
10:01:38,66.89,331,
10:01:38,66.89,384,
10:01:41,66.90,100,
10:01:43,66.90,209,
10:01:43,66.90,500,
10:01:43,66.90,100,
10:01:43,66.90,300,
10:01:43,66.91,100,
10:01:43,66.91,100,
10:01:43,66.91,500,
10:01:43,66.91,100,
10:01:43,66.91,100,
10:01:43,66.91,1600,
10:01:43,66.91,100,
10:01:43,66.91,400,
10:01:43,66.91,500,
10:01:43,66.91,400,
10:01:43,66.91,100,
10:01:43,66.91,400,
10:01:43,66.91,100,
10:01:44,66.91,100,
10:01:44,66.91,100,
10:01:44,66.91,400,
10:01:44,66.91,100,
10:01:44,66.91,200,
10:01:44,66.91,100,
10:01:44,66.91,900,
10:01:44,66.91,100,
10:01:44,66.91,300,
10:01:46,66.91,400,
10:01:46,66.91,100,
10:01:47,66.91,600,
10:01:47,66.91,100,
10:01:47,66.91,400,
10:01:47,66.91,114,
10:01:47,66.91,400,
10:01:47,66.90,131,
10:01:47,66.90,200,
10:01:48,66.91,100,
10:01:52,66.905,100,
10:01:53,66.90,100,
10:01:53,66.90,300,
10:01:57,66.90,100,
10:01:57,66.90,1800,
10:01:57,66.90,300,
10:01:57,66.90,400,
10:01:57,66.90,800,
10:01:57,66.90,100,
10:01:57,66.90,100,
10:01:57,66.90,500,
10:01:57,66.90,500,
10:02:06,66.91,149,
10:02:06,66.91,400,
10:02:06,66.91,151,
10:02:06,66.91,200,
10:02:11,66.91,100,
10:02:11,66.90,300,
10:02:11,66.91,400,
10:02:11,66.91,100,
10:02:11,66.91,100,
10:02:11,66.91,500,
10:02:11,66.91,151,
10:02:11,66.91,151,
10:02:11,66.90,100,
10:02:11,66.90,800,
10:02:11,66.90,400,
10:02:11,66.90,300,
10:02:11,66.90,700,
10:02:11,66.90,400,
10:02:11,66.90,400,
10:02:11,66.90,100,
10:02:11,66.90,800,
10:02:11,66.90,400,
10:02:11,66.89,400,
10:02:11,66.89,200,
10:02:11,66.89,170,
10:02:11,66.89,200,
10:02:11,66.89,100,
10:02:11,66.89,101,
10:02:11,66.8901,600,
10:02:11,66.88,151,
10:02:11,66.88,100,
10:02:12,66.89,500,
10:02:12,66.88,800,
10:02:12,66.88,800,
10:02:12,66.87,815,
10:02:12,66.88,200,
10:02:12,66.88,100,
10:02:12,66.88,100,
10:02:12,66.88,100,
10:02:14,66.88,200,
10:02:14,66.88,100,
10:02:14,66.88,700,
10:02:14,66.874,150,
10:02:15,66.87,800,
10:02:17,66.87,100,
10:02:17,66.87,800,
10:02:17,66.87,700,
10:02:17,66.87,400,
10:02:17,66.88,400,
10:02:17,66.88,2400,
10:02:17,66.88,200,
10:02:17,66.88,100,
10:02:17,66.88,400,
10:02:17,66.88,400,
10:02:17,66.88,700,
10:02:17,66.88,100,
10:02:17,66.88,800,
10:02:17,66.88,100,
10:02:17,66.88,800,
10:02:17,66.88,100,
10:02:17,66.88,200,
10:02:17,66.88,200,
10:02:17,66.89,300,
10:02:17,66.88,1100,
10:02:17,66.89,300,
10:02:17,66.89,353,
10:02:17,66.89,100,
10:02:17,66.89,100,
10:02:17,66.89,400,
10:02:17,66.89,500,
10:02:17,66.90,200,
10:02:17,66.89,100,
10:02:17,66.89,100,
10:02:17,66.89,104,
10:02:17,66.89,104,
10:02:17,66.89,100,
10:02:17,66.89,1493,
10:02:17,66.89,307,
10:02:17,66.89,100,
10:02:17,66.89,100,
10:02:17,66.89,200,
10:02:17,66.89,200,
10:02:17,66.89,100,
10:02:17,66.89,1400,
10:02:17,66.89,100,
10:02:17,66.89,300,
10:02:17,66.89,100,
10:02:17,66.89,100,
10:02:17,66.89,100,
10:02:17,66.89,100,
10:02:17,66.90,300,
10:02:17,66.90,200,
10:02:17,66.90,100,
10:02:17,66.90,100,
10:02:17,66.90,100,
10:02:17,66.90,100,
10:02:17,66.90,200,
10:02:17,66.90,200,
10:02:17,66.90,200,
10:02:18,66.89,100,
10:02:18,66.89,100,
10:02:18,66.91,300,
10:02:18,66.91,200,
10:02:18,66.91,200,
10:02:18,66.90,100,
10:02:18,66.90,100,
10:02:18,66.90,800,
10:02:18,66.90,400,
10:02:18,66.90,600,
10:02:18,66.90,800,
10:02:18,66.89,149,
10:02:18,66.89,284,
10:02:20,66.88,200,
10:02:20,66.88,100,
10:02:20,66.88,1100,
10:02:21,66.87,600,
10:02:21,66.87,1000,
10:02:21,66.87,300,
10:02:21,66.87,100,
10:02:22,66.87,600,
10:02:22,66.87,109,
10:02:22,66.87,100,
10:02:22,66.87,100,
10:02:22,66.87,500,
10:02:26,66.87,215,
10:02:26,66.87,100,
10:02:26,66.87,400,
10:02:26,66.87,100,
10:02:26,66.87,100,
10:02:29,66.87,200,
10:02:29,66.87,100,
10:02:30,66.87,700,
10:02:30,66.87,800,
10:02:30,66.87,100,
10:02:30,66.87,100,
10:02:30,66.87,200,
10:02:30,66.87,100,
10:02:30,66.87,200,
10:02:30,66.87,100,
10:02:30,66.87,100,
10:02:30,66.87,500,
10:02:30,66.87,300,
10:02:30,66.87,1000,
10:02:30,66.87,300,
10:02:30,66.87,400,
10:02:30,66.87,100,
10:02:30,66.87,100,
10:02:30,66.87,1100,
10:02:30,66.87,209,
10:02:30,66.87,800,
10:02:30,66.87,100,
10:02:30,66.87,100,
10:02:30,66.87,1000,
10:02:30,66.87,800,
10:02:30,66.87,400,
10:02:30,66.87,800,
10:02:33,66.87,598,
10:02:33,66.87,400,
10:02:33,66.87,100,
10:02:33,66.87,100,
10:02:36,66.87,100,
10:02:37,66.87,600,
10:02:37,66.87,141,
10:02:37,66.87,351,
10:02:37,66.87,200,
10:02:37,66.87,200,
10:02:37,66.87,400,
10:02:37,66.87,200,
10:02:37,66.875,2000,
10:02:39,66.87,100,
10:02:39,66.87,100,
10:02:39,66.87,484,
10:02:39,66.87,300,
10:02:40,66.87,300,
10:02:40,66.87,1000,
10:02:40,66.87,400,
10:02:40,66.87,100,
10:02:40,66.87,500,
10:02:40,66.87,800,
10:02:40,66.87,800,
10:02:40,66.87,1700,
10:02:40,66.87,1800,
10:02:46,66.87,200,
10:02:46,66.87,400,
10:02:46,66.88,2000,
10:02:46,66.88,500,
10:02:46,66.88,200,
10:02:46,66.88,300,
10:02:46,66.88,400,
10:02:46,66.88,100,
10:02:46,66.88,200,
10:02:46,66.88,1000,
10:02:47,66.89,400,
10:02:47,66.89,100,
10:02:47,66.89,816,
10:02:48,66.89,400,
10:02:48,66.89,100,
10:02:48,66.89,100,
10:02:52,66.8805,1500,
10:02:54,66.88,100,
10:02:55,66.88,100,
10:02:59,66.88,100,
10:02:59,66.88,400,
10:02:59,66.88,800,
10:03:03,66.87,100,
10:03:03,66.87,300,
10:03:03,66.87,400,
10:03:03,66.87,200,
10:03:03,66.87,2000,
10:03:03,66.87,300,
10:03:03,66.86,300,
10:03:03,66.86,100,
10:03:03,66.86,100,
10:03:05,66.865,1000,
10:03:06,66.86,102,
10:03:08,66.86,100,
10:03:10,66.86,300,
10:03:15,66.8586,1000,
10:03:16,66.86,300,
10:03:16,66.86,500,
10:03:20,66.86,300,
10:03:20,66.86,100,
10:03:27,66.86,400,
10:03:27,66.86,300,
10:03:28,66.86,100,
10:03:28,66.86,1000,
10:03:28,66.86,159,
10:03:28,66.86,141,
10:03:28,66.86,100,
10:03:29,66.87,100,
10:03:32,66.87,100,
10:03:35,66.88,100,
10:03:35,66.88,400,
10:03:35,66.88,700,
10:03:35,66.88,400,
10:03:35,66.88,100,
10:03:36,66.88,100,
10:03:36,66.88,200,
10:03:36,66.88,400,
10:03:36,66.88,800,
10:03:38,66.89,202,
10:03:38,66.89,100,
10:03:39,66.89,600,
10:03:39,66.89,584,
10:03:39,66.89,100,
10:03:39,66.8868,626,
10:03:44,66.88,815,
10:03:44,66.88,100,
10:03:44,66.88,100,
10:03:50,66.88,100,
10:04:00,66.87,100,
10:04:02,66.88,100,
10:04:05,66.88,200,
10:04:06,66.88,100,
10:04:06,66.88,114,
10:04:06,66.88,200,
10:04:11,66.89,200,
10:04:11,66.89,100,
10:04:11,66.89,125,
10:04:13,66.90,100,
10:04:13,66.90,100,
10:04:18,66.90,100,
10:04:21,66.91,300,
10:04:21,66.91,500,
10:04:24,66.92,500,
10:04:24,66.92,100,
10:04:24,66.92,700,
10:04:24,66.92,1000,
10:04:24,66.92,800,
10:04:24,66.92,100,
10:04:24,66.92,600,
10:04:24,66.92,200,
10:04:24,66.92,923,
10:04:24,66.92,900,
10:04:24,66.92,102,
10:04:24,66.91,700,
10:04:25,66.92,200,
10:04:25,66.92,100,
10:04:25,66.92,300,
10:04:25,66.92,100,
10:04:25,66.92,100,
10:04:25,66.92,100,
10:04:25,66.92,800,
10:04:25,66.92,100,
10:04:25,66.92,800,
10:04:25,66.92,100,
10:04:25,66.92,202,
10:04:25,66.92,1000,
10:04:25,66.92,100,
10:04:25,66.92,600,
10:04:27,66.93,100,
10:04:38,66.92,342,
10:04:40,66.92,200,
10:04:40,66.91,100,
10:04:42,66.91,200,
10:04:42,66.91,100,
10:04:42,66.91,400,
10:04:42,66.91,500,
10:04:42,66.91,800,
10:04:42,66.91,100,
10:04:42,66.91,100,
10:04:42,66.91,300,
10:04:42,66.91,100,
10:04:42,66.91,2300,
10:04:42,66.91,200,
10:04:43,66.91,100,
10:04:43,66.91,1300,
10:04:49,66.90,200,
10:04:49,66.90,300,
10:04:54,66.89,100,
10:04:54,66.89,200,
10:04:54,66.89,869,
10:04:54,66.89,1200,
10:04:54,66.89,500,
10:04:54,66.89,400,
10:04:54,66.89,100,
10:04:54,66.89,100,
10:04:54,66.89,185,
10:04:54,66.89,300,
10:04:54,66.89,215,
10:04:54,66.89,6000,
10:04:54,66.89,10000,
10:04:54,66.89,3000,
10:04:54,66.88,300,
10:04:54,66.88,100,
10:04:54,66.89,800,
10:04:54,66.89,1300,
10:04:54,66.89,600,
10:04:54,66.88,137,
10:04:54,66.88,100,
10:04:54,66.88,100,
10:04:54,66.89,100,
10:04:54,66.87,2000,
10:04:55,66.87,900,
10:04:56,66.87,100,
10:04:59,66.87,2700,
10:04:59,66.87,400,
10:04:59,66.87,102,
10:04:59,66.87,100,
10:04:59,66.87,200,
10:04:59,66.87,113,
10:04:59,66.87,700,
10:05:02,66.87,200,
10:05:03,66.86,100,
10:05:04,66.8501,165,
10:05:08,66.85,200,
10:05:08,66.85,400,
10:05:08,66.85,700,
10:05:08,66.85,100,
10:05:09,66.85,406,
10:05:09,66.85,294,
10:05:09,66.85,400,
10:05:09,66.85,200,
10:05:09,66.85,100,
10:05:09,66.84,815,
10:05:10,66.85,100,
10:05:12,66.85,300,
10:05:12,66.85,400,
10:05:12,66.85,100,
10:05:12,66.85,200,
10:05:14,66.8595,1000,
10:05:17,66.85,200,
10:05:19,66.85,100,
10:05:19,66.85,300,
10:05:19,66.85,100,
10:05:19,66.85,200,
10:05:23,66.851,500,
10:05:27,66.86,200,
10:05:27,66.86,800,
10:05:27,66.86,100,
10:05:27,66.86,100,
10:05:27,66.86,1600,
10:05:27,66.86,300,
10:05:27,66.86,800,
10:05:27,66.86,200,
10:05:27,66.86,400,
10:05:27,66.86,800,
10:05:27,66.86,700,
10:05:27,66.86,800,
10:05:27,66.86,600,
10:05:27,66.86,100,
10:05:30,66.86,200,
10:05:34,66.87,100,
10:05:34,66.87,200,
10:05:34,66.87,100,
10:05:34,66.87,400,
10:05:34,66.87,700,
10:05:34,66.87,284,
10:05:34,66.87,100,
10:05:34,66.87,200,
10:05:34,66.87,300,
10:05:34,66.87,200,
10:05:34,66.87,400,
10:05:34,66.87,100,
10:05:34,66.87,784,
10:05:37,66.87,200,
10:05:37,66.87,400,
10:05:37,66.87,200,
10:05:37,66.87,800,
10:05:39,66.88,100,
10:05:39,66.88,300,
10:05:39,66.88,100,
10:05:39,66.88,800,
10:05:39,66.89,400,
10:05:39,66.89,600,
10:05:39,66.89,600,
10:05:39,66.89,200,
10:05:41,66.89,400,
10:05:41,66.89,500,
10:05:41,66.89,200,
10:05:41,66.89,700,
10:05:46,66.89,100,
10:05:53,66.88,2000,
10:05:53,66.88,700,
10:05:53,66.88,100,
10:05:58,66.87,100,
10:05:59,66.87,116,
10:05:59,66.87,200,
10:05:59,66.87,100,
10:05:59,66.87,100,
10:05:59,66.87,100,
10:05:59,66.87,226,
10:05:59,66.87,100,
10:05:59,66.87,284,
10:05:59,66.87,373,
10:06:08,66.86,100,
10:06:09,66.86,1700,
10:06:09,66.86,500,
10:06:09,66.86,800,
10:06:09,66.86,100,
10:06:09,66.86,800,
10:06:09,66.85,400,
10:06:09,66.85,672,
10:06:09,66.85,218,
10:06:09,66.85,218,
10:06:09,66.84,816,
10:06:09,66.84,600,
10:06:09,66.84,1900,
10:06:10,66.84,100,
10:06:10,66.84,200,
10:06:15,66.85,300,
10:06:15,66.85,1000,
10:06:15,66.85,200,
10:06:15,66.85,100,
10:06:15,66.85,700,
10:06:15,66.85,600,
10:06:15,66.85,700,
10:06:18,66.85,100,
10:06:21,66.84,200,
10:06:21,66.84,100,
10:06:21,66.84,100,
10:06:21,66.8423,100,
10:06:22,66.84,100,
10:06:22,66.84,300,
10:06:22,66.84,100,
10:06:25,66.8322,163,
10:06:26,66.84,100,
10:06:26,66.84,800,
10:06:26,66.84,500,
10:06:26,66.84,118,
10:06:26,66.84,718,
10:06:26,66.84,300,
10:06:26,66.84,400,
10:06:26,66.84,800,
10:06:26,66.84,100,
10:06:26,66.84,100,
10:06:26,66.84,100,
10:06:26,66.84,100,
10:06:26,66.8401,100,
10:06:26,66.8401,100,
10:06:26,66.84,100,
10:06:26,66.8401,100,
10:06:26,66.84,100,
10:06:26,66.84,100,
10:06:26,66.84,100,
10:06:27,66.8486,1500,
10:06:28,66.84,116,
10:06:28,66.84,100,
10:06:28,66.84,200,
10:06:29,66.84,100,
10:06:29,66.84,100,
10:06:29,66.84,100,
10:06:29,66.84,584,
10:06:29,66.84,400,
10:06:29,66.84,800,
10:06:29,66.84,200,
10:06:29,66.84,700,
10:06:33,66.85,300,
10:06:33,66.85,100,
10:06:33,66.85,200,
10:06:39,66.85,600,
10:06:39,66.85,100,
10:06:40,66.85,200,
10:06:40,66.85,212,
10:06:40,66.85,100,
10:06:40,66.85,400,
10:06:40,66.85,600,
10:06:40,66.85,600,
10:06:40,66.85,400,
10:06:40,66.86,200,
10:06:42,66.85,400,
10:06:42,66.85,100,
10:06:42,66.85,500,
10:06:43,66.85,500,
10:06:43,66.85,100,
10:06:43,66.85,666,
10:06:43,66.859,100,
10:06:47,66.85,700,
10:06:47,66.85,100,
10:06:49,66.845,1200,
10:06:53,66.849,1000,
10:06:54,66.85,400,
10:06:54,66.85,100,
10:06:54,66.85,100,
10:06:54,66.85,6000,
10:06:55,66.85,600,
10:06:56,66.85,200,
10:06:59,66.85,100,
10:06:59,66.85,400,
10:06:59,66.85,200,
10:06:59,66.85,400,
10:07:00,66.86,400,
10:07:00,66.86,300,
10:07:00,66.86,100,
10:07:02,66.86,200,
10:07:02,66.86,100,
10:07:02,66.86,400,
10:07:02,66.86,440,
10:07:02,66.86,100,
10:07:02,66.86,2200,
10:07:02,66.86,1100,
10:07:02,66.86,400,
10:07:06,66.85,700,
10:07:06,66.85,400,
10:07:06,66.85,100,
10:07:06,66.85,700,
10:07:06,66.85,300,
10:07:06,66.85,415,
10:07:06,66.85,100,
10:07:06,66.85,800,
10:07:06,66.85,100,
10:07:06,66.85,400,
10:07:06,66.85,600,
10:07:06,66.85,500,
10:07:06,66.85,500,
10:07:06,66.85,500,
10:07:06,66.85,700,
10:07:06,66.85,200,
10:07:06,66.85,100,
10:07:06,66.85,300,
10:07:07,66.85,200,
10:07:07,66.85,200,
10:07:07,66.85,100,
10:07:09,66.853,3000,
10:07:15,66.85,180,
10:07:16,66.86,300,
10:07:16,66.86,200,
10:07:19,66.87,100,
10:07:19,66.87,200,
10:07:21,66.87,100,
10:07:21,66.87,400,
10:07:21,66.87,200,
10:07:21,66.87,100,
10:07:21,66.87,100,
10:07:21,66.87,800,
10:07:21,66.87,100,
10:07:24,66.87,356,
10:07:24,66.87,500,
10:07:25,66.87,200,
10:07:25,66.87,400,
10:07:25,66.87,100,
10:07:25,66.87,100,
10:07:31,66.87,100,
10:07:31,66.87,200,
10:07:34,66.88,100,
10:07:38,66.88,100,
10:07:38,66.88,100,
10:07:38,66.88,100,
10:07:38,66.88,100,
10:07:38,66.88,100,
10:07:39,66.881,300,
10:07:40,66.88,400,
10:07:40,66.88,100,
10:07:49,66.89,300,
10:07:51,66.88,1000,
10:07:53,66.89,200,
10:07:59,66.90,100,
10:08:04,66.89,100,
10:08:09,66.90,1000,
10:08:09,66.91,400,
10:08:12,66.9088,1195,
10:08:17,66.90,125,
10:08:17,66.90,100,
10:08:19,66.90,100,
10:08:20,66.89,400,
10:08:20,66.89,599,
10:08:33,66.89,651,
10:08:33,66.89,701,
10:08:37,66.89,600,
10:08:38,66.89,188,
10:08:38,66.89,100,
10:08:54,66.90,2000,
10:08:54,66.90,100,
10:08:54,66.90,200,
10:08:57,66.91,400,
10:09:04,66.91,400,
10:09:06,66.91,2000,
10:09:06,66.91,200,
10:09:06,66.91,300,
10:09:07,66.91,2000,
10:09:07,66.91,300,
10:09:07,66.91,400,
10:09:07,66.91,234,
10:09:07,66.91,100,
10:09:07,66.91,200,
10:09:07,66.90,200,
10:09:07,66.90,800,
10:09:07,66.90,500,
10:09:07,66.90,100,
10:09:07,66.90,200,
10:09:07,66.90,100,
10:09:07,66.90,300,
10:09:07,66.90,100,
10:09:07,66.90,400,
10:09:07,66.90,100,
10:09:07,66.90,600,
10:09:07,66.89,200,
10:09:07,66.89,100,
10:09:07,66.89,100,
10:09:07,66.89,200,
10:09:07,66.89,100,
10:09:07,66.89,100,
10:09:08,66.89,100,
10:09:08,66.89,900,
10:09:08,66.89,400,
10:09:08,66.89,800,
10:09:08,66.89,200,
10:09:08,66.89,800,
10:09:08,66.89,517,
10:09:08,66.89,200,
10:09:08,66.89,100,
10:09:08,66.89,100,
10:09:08,66.89,900,
10:09:08,66.88,100,
10:09:08,66.88,200,
10:09:08,66.88,200,
10:09:08,66.89,1400,
10:09:08,66.89,100,
10:09:08,66.89,100,
10:09:08,66.89,1800,
10:09:08,66.89,457,
10:09:08,66.89,660,
10:09:08,66.89,500,
10:09:08,66.89,200,
10:09:08,66.89,300,
10:09:08,66.89,338,
10:09:08,66.89,400,
10:09:08,66.89,1200,
10:09:08,66.89,400,
10:09:08,66.89,200,
10:09:08,66.89,415,
10:09:08,66.89,100,
10:09:08,66.89,800,
10:09:09,66.90,800,
10:09:09,66.90,100,
10:09:09,66.90,100,
10:09:09,66.90,500,
10:09:09,66.90,600,
10:09:09,66.90,590,
10:09:09,66.90,400,
10:09:09,66.90,800,
10:09:09,66.90,115,
10:09:09,66.90,115,
10:09:09,66.90,300,
10:09:09,66.90,300,
10:09:09,66.90,400,
10:09:09,66.90,100,
10:09:09,66.90,2400,
10:09:09,66.90,500,
10:09:09,66.90,1000,
10:09:10,66.90,816,
10:09:10,66.90,300,
10:09:10,66.91,200,
10:09:10,66.91,200,
10:09:10,66.91,100,
10:09:10,66.91,800,
10:09:10,66.91,600,
10:09:10,66.91,200,
10:09:10,66.91,200,
10:09:10,66.91,300,
10:09:10,66.91,200,
10:09:10,66.91,200,
10:09:10,66.91,200,
10:09:10,66.91,100,
10:09:10,66.91,100,
10:09:10,66.91,200,
10:09:10,66.91,200,
10:09:10,66.91,100,
10:09:10,66.91,652,
10:09:10,66.91,148,
10:09:10,66.91,298,
10:09:10,66.91,2000,
10:09:10,66.91,200,
10:09:10,66.91,400,
10:09:10,66.91,4967,
10:09:10,66.91,1666,
10:09:10,66.91,100,
10:09:10,66.91,100,
10:09:10,66.91,100,
10:09:11,66.91,200,
10:09:11,66.90,100,
10:09:11,66.90,200,
10:09:13,66.91,200,
10:09:13,66.91,100,
10:09:14,66.90,200,
10:09:15,66.90,1000,
10:09:15,66.90,400,
10:09:15,66.90,600,
10:09:15,66.90,700,
10:09:15,66.90,100,
10:09:15,66.90,200,
10:09:15,66.90,200,
10:09:16,66.91,100,
10:09:16,66.91,250,
10:09:16,66.91,600,
10:09:17,66.91,500,
10:09:17,66.91,200,
10:09:23,66.91,101,
10:09:23,66.91,200,
10:09:23,66.91,600,
10:09:23,66.91,401,
10:09:30,66.91,416,
10:09:35,66.92,400,
10:09:35,66.92,600,
10:09:35,66.92,300,
10:09:35,66.92,200,
10:09:35,66.93,412,
10:09:36,66.92,800,
10:09:36,66.92,184,
10:09:37,66.92,100,
10:09:38,66.92,200,
10:09:38,66.93,650,
10:09:38,66.92,184,
10:09:42,66.9156,300,
10:09:44,66.92,200,
10:09:44,66.92,100,
10:09:44,66.92,200,
10:09:57,66.92,300,
10:09:58,66.92,200,
10:09:58,66.92,400,
10:09:58,66.92,100,
10:09:58,66.92,800,
10:09:58,66.92,1000,
10:10:00,66.92,400,
10:10:00,66.92,2400,
10:10:02,66.92,2400,
10:10:02,66.92,961,
10:10:02,66.91,384,
10:10:09,66.91,148,
10:10:09,66.91,468,
10:10:12,66.91,100,
10:10:12,66.91,200,
10:10:21,66.92,200,
10:10:24,66.92,100,
10:10:24,66.92,100,
10:10:28,66.92,1000,
10:10:40,66.92,200,
10:10:53,66.93,1000,
10:10:53,66.94,600,
10:10:59,66.94,200,
10:10:59,66.94,370,
10:11:03,66.9481,300,
10:11:04,66.95,1800,
10:11:04,66.94,800,
10:11:05,66.94,300,
10:11:05,66.94,100,
10:11:05,66.94,100,
10:11:05,66.93,500,
10:11:05,66.93,116,
10:11:05,66.93,400,
10:11:05,66.93,100,
10:11:05,66.93,384,
10:11:05,66.93,200,
10:11:14,66.93,200,
10:11:16,66.93,200,
10:11:17,66.93,100,
10:11:19,66.93,100,
10:11:19,66.93,200,
10:11:23,66.9398,300,
10:11:23,66.9399,400,
10:11:24,66.93,100,
10:11:38,66.94,100,
10:11:40,66.94,400,
10:11:46,66.93,300,
10:11:46,66.93,200,
10:11:46,66.93,500,
10:11:46,66.93,300,
10:11:46,66.93,400,
10:11:46,66.93,396,
10:11:46,66.93,298,
10:11:46,66.93,200,
10:11:46,66.93,1200,
10:11:46,66.93,100,
10:11:46,66.93,300,
10:11:49,66.94,100,
10:11:50,66.94,300,
10:11:50,66.94,100,
10:11:50,66.94,200,
10:11:50,66.94,300,
10:11:51,66.94,200,
10:11:54,66.93,500,
10:11:54,66.93,200,
10:11:54,66.93,100,
10:11:58,66.92,200,
10:11:58,66.92,700,
10:11:58,66.92,100,
10:11:58,66.92,200,
10:11:59,66.92,200,
10:11:59,66.92,100,
10:11:59,66.92,100,
10:12:01,66.91,400,
10:12:01,66.91,400,
10:12:09,66.91,181,
10:12:09,66.91,500,
10:12:09,66.91,281,
10:12:09,66.91,100,
10:12:09,66.91,200,
10:12:09,66.91,700,
10:12:09,66.91,700,
10:12:09,66.91,300,
10:12:09,66.91,100,
10:12:09,66.91,857,
10:12:15,66.91,100,
10:12:15,66.91,400,
10:12:15,66.91,100,
10:12:15,66.9114,1000,
10:12:35,66.92,200,
10:12:35,66.92,300,
10:12:38,66.91,800,
10:12:38,66.91,200,
10:12:54,66.90,200,
10:12:56,66.91,600,
10:12:56,66.91,100,
10:12:56,66.905,400,
10:12:56,66.91,185,
10:12:56,66.91,600,
10:12:56,66.91,215,
10:12:57,66.91,100,
10:12:57,66.91,200,
10:12:57,66.91,1400,
10:12:57,66.9075,400,
10:12:57,66.91,300,
10:12:57,66.91,500,
10:12:57,66.91,500,
10:12:57,66.91,1700,
10:12:57,66.91,400,
10:12:58,66.91,100,
10:13:00,66.91,100,
10:13:00,66.91,400,
10:13:00,66.91,100,
10:13:00,66.91,400,
10:13:00,66.915,100,
10:13:00,66.90,216,
10:13:00,66.90,100,
10:13:03,66.9075,100,
10:13:11,66.90,200,
10:13:13,66.90,100,
10:13:16,66.90,1200,
10:13:22,66.89,800,
10:13:25,66.885,3565,
10:13:30,66.89,100,
10:13:30,66.89,100,
10:13:30,66.89,100,
10:13:33,66.89,100,
10:13:33,66.89,200,
10:13:33,66.89,100,
10:13:33,66.89,100,
10:13:33,66.89,100,
10:13:33,66.89,100,
10:13:33,66.89,400,
10:13:33,66.89,100,
10:13:54,66.89,200,
10:13:54,66.89,200,
10:13:58,66.89,400,
10:13:58,66.89,100,
10:13:58,66.89,1500,
10:13:58,66.89,1700,
10:13:58,66.89,1600,
10:13:58,66.89,300,
10:14:01,66.88,250,
10:14:01,66.88,600,
10:14:01,66.88,800,
10:14:04,66.87,100,
10:14:05,66.86,484,
10:14:05,66.86,200,
10:14:06,66.86,100,
10:14:06,66.86,100,
10:14:06,66.86,100,
10:14:09,66.8625,434,
10:14:16,66.87,300,
10:14:16,66.87,100,
10:14:16,66.87,100,
10:14:16,66.87,500,
10:14:16,66.87,300,
10:14:16,66.87,100,
10:14:16,66.87,300,
10:14:16,66.87,200,
10:14:16,66.87,700,
10:14:16,66.87,300,
10:14:16,66.87,100,
10:14:16,66.87,2900,
10:14:16,66.87,300,
10:14:16,66.87,500,
10:14:16,66.87,700,
10:14:16,66.87,1000,
10:14:16,66.87,300,
10:14:16,66.87,200,
10:14:16,66.87,1800,
10:14:16,66.87,500,
10:14:16,66.87,100,
10:14:16,66.87,600,
10:14:17,66.88,100,
10:14:20,66.87,600,
10:14:23,66.87,600,
10:14:33,66.88,100,
10:14:33,66.88,300,
10:14:33,66.88,500,
10:14:33,66.88,426,
10:14:33,66.88,100,
10:14:33,66.88,600,
10:14:35,66.88,174,
10:14:35,66.88,600,
10:14:35,66.88,400,
10:14:36,66.88,100,
10:14:41,66.88,500,
10:14:46,66.88,956,
10:14:46,66.88,600,
10:14:46,66.88,400,
10:14:46,66.88,800,
10:14:55,66.88,3300,
10:14:56,66.8735,200,
10:15:00,66.88,100,
10:15:01,66.87,100,
10:15:01,66.87,400,
10:15:01,66.87,800,
10:15:01,66.87,100,
10:15:01,66.87,400,
10:15:04,66.85,200,
10:15:04,66.85,200,
10:15:04,66.85,100,
10:15:04,66.85,300,
10:15:06,66.85,100,
10:15:06,66.85,400,
10:15:08,66.85,100,
10:15:08,66.85,300,
10:15:08,66.85,800,
10:15:08,66.85,100,
10:15:12,66.84,500,
10:15:15,66.849,600,
10:15:15,66.85,100,
10:15:15,66.85,100,
10:15:15,66.85,800,
10:15:15,66.85,100,
10:15:18,66.85,700,
10:15:23,66.85,100,
10:15:42,66.85,200,
10:15:43,66.85,200,
10:15:48,66.85,400,
10:15:49,66.83,816,
10:16:00,66.84,200,
10:16:00,66.84,100,
10:16:00,66.84,100,
10:16:23,66.84,200,
10:16:23,66.84,200,
10:16:24,66.85,115,
10:16:24,66.85,200,
10:16:28,66.86,800,
10:16:28,66.86,400,
10:16:28,66.86,800,
10:16:28,66.86,900,
10:16:28,66.86,200,
10:16:28,66.86,400,
10:16:28,66.87,100,
10:16:28,66.87,200,
10:16:28,66.86,300,
10:16:28,66.87,500,
10:16:28,66.87,200,
10:16:28,66.87,300,
10:16:28,66.87,200,
10:16:28,66.88,200,
10:16:29,66.87,200,
10:16:29,66.87,100,
10:16:32,66.86,200,
10:16:32,66.86,432,
10:16:33,66.86,100,
10:16:33,66.86,100,
10:16:33,66.86,800,
10:16:33,66.86,298,
10:16:33,66.86,100,
10:16:33,66.86,1400,
10:16:35,66.865,100,
10:16:38,66.86,100,
10:16:38,66.86,100,
10:16:44,66.86,200,
10:16:48,66.87,200,
10:16:48,66.87,100,
10:16:48,66.87,100,
10:16:54,66.87,200,
10:17:02,66.86,400,
10:17:02,66.86,200,
10:17:02,66.86,800,
10:17:02,66.85,200,
10:17:02,66.85,100,
10:17:07,66.86,200,
10:17:09,66.859,200,
10:17:09,66.859,100,
10:17:10,66.86,300,
10:17:10,66.86,100,
10:17:10,66.859,100,
10:17:15,66.855,225,
10:17:20,66.86,200,
10:17:20,66.86,100,
10:17:26,66.87,100,
10:17:26,66.87,200,
10:17:27,66.88,100,
10:17:31,66.88,100,
10:17:35,66.88,290,
10:17:35,66.88,200,
10:17:35,66.88,300,
10:17:36,66.88,232,
10:17:44,66.8762,1000,
10:17:46,66.88,900,
10:17:46,66.88,100,
10:17:48,66.88,200,
10:17:51,66.88,400,
10:17:51,66.88,400,
10:17:51,66.88,100,
10:17:51,66.88,500,
10:17:51,66.88,100,
10:18:00,66.8885,200,
10:18:02,66.89,500,
10:18:02,66.89,765,
10:18:02,66.89,400,
10:18:02,66.89,500,
10:18:02,66.89,200,
10:18:02,66.89,432,
10:18:02,66.89,200,
10:18:02,66.89,400,
10:18:02,66.89,224,
10:18:02,66.89,200,
10:18:02,66.89,100,
10:18:02,66.89,3424,
10:18:02,66.89,200,
10:18:02,66.89,300,
10:18:02,66.89,100,
10:18:02,66.89,100,
10:18:02,66.89,100,
10:18:02,66.89,1115,
10:18:02,66.89,352,
10:18:02,66.89,1501,
10:18:02,66.89,100,
10:18:02,66.89,200,
10:18:02,66.89,100,
10:18:02,66.89,100,
10:18:02,66.89,3299,
10:18:02,66.89,300,
10:18:02,66.90,100,
10:18:02,66.90,200,
10:18:13,66.895,100,
10:18:17,66.89,202,
10:18:17,66.89,500,
10:18:17,66.89,800,
10:18:17,66.89,798,
10:18:17,66.89,300,
10:18:21,66.88,400,
10:18:21,66.88,400,
10:18:21,66.88,200,
10:18:21,66.88,100,
10:18:25,66.8707,128,
10:18:32,66.87,1000,
10:18:32,66.87,400,
10:18:32,66.87,500,
10:18:32,66.87,100,
10:18:32,66.87,300,
10:18:32,66.87,200,
10:18:41,66.869,300,
10:18:43,66.86,700,
10:18:43,66.86,6648,
10:18:43,66.86,4100,
10:18:43,66.86,100,
10:18:43,66.86,200,
10:18:43,66.86,400,
10:18:43,66.86,513,
10:18:54,66.86,600,
10:18:54,66.86,200,
10:18:55,66.86,100,
10:18:59,66.86,200,
10:18:59,66.86,394,
10:18:59,66.86,494,
10:18:59,66.86,394,
10:18:59,66.86,100,
10:18:59,66.86,600,
10:18:59,66.86,100,
10:18:59,66.86,200,
10:18:59,66.86,500,
10:18:59,66.86,200,
10:18:59,66.87,200,
10:19:01,66.87,287,
10:19:03,66.87,816,
10:19:03,66.87,500,
10:19:03,66.87,100,
10:19:03,66.87,400,
10:19:14,66.8516,200,
10:19:19,66.86,500,
10:19:19,66.86,100,
10:19:19,66.86,100,
10:19:19,66.86,1400,
10:19:19,66.86,500,
10:19:19,66.8501,2500,
10:19:24,66.85,500,
10:19:27,66.84,412,
10:19:27,66.84,200,
10:19:34,66.84,500,
10:19:44,66.84,200,
10:19:45,66.84,100,
10:19:54,66.84,100,
10:19:56,66.84,1100,
10:19:56,66.84,200,
10:19:56,66.84,1000,
10:19:56,66.84,1367,
10:19:56,66.84,100,
10:19:56,66.84,100,
10:19:56,66.85,168,
10:19:59,66.84,100,
10:19:59,66.84,100,
10:19:59,66.83,467,
10:20:04,66.82,202,
10:20:05,66.83,100,
10:20:07,66.82,300,
10:20:08,66.82,500,
10:20:08,66.82,300,
10:20:10,66.82,273,
10:20:14,66.81,268,
10:20:14,66.81,164,
10:20:16,66.81,100,
10:20:16,66.81,138,
10:20:16,66.81,268,
10:20:16,66.81,100,
10:20:18,66.81,100,
10:20:18,66.81,100,
10:20:18,66.81,200,
10:20:19,66.81,100,
10:20:19,66.81,200,
10:20:27,66.81,200,
10:20:28,66.81,147,
10:20:29,66.81,100,
10:20:29,66.81,100,
10:20:29,66.81,452,
10:20:29,66.81,1000,
10:20:30,66.81,100,
10:20:30,66.81,200,
10:20:30,66.81,1000,
10:20:30,66.81,100,
10:20:34,66.81,400,
10:20:37,66.81,200,
10:20:38,66.8199,400,
10:20:38,66.82,5800,
10:20:38,66.82,100,
10:20:38,66.82,3400,
10:20:38,66.82,100,
10:20:38,66.82,400,
10:20:38,66.82,420,
10:20:39,66.83,221,
10:20:40,66.82,300,
10:20:41,66.8294,400,
10:20:42,66.82,600,
10:20:43,66.82,1500,
10:20:48,66.825,400,
10:20:48,66.82,400,
10:20:48,66.82,100,
10:20:49,66.82,200,
10:20:53,66.81,400,
10:20:53,66.81,168,
10:20:53,66.81,100,
10:20:53,66.81,200,
10:20:54,66.81,145,
10:20:56,66.80,15300,
10:20:56,66.802,10000,
10:20:58,66.8086,1000,
10:21:11,66.81,100,
10:21:11,66.81,1100,
10:21:11,66.81,250,
10:21:12,66.81,100,
10:21:20,66.80,700,
10:21:20,66.80,1000,
10:21:20,66.80,800,
10:21:20,66.80,1000,
10:21:20,66.80,300,
10:21:21,66.805,100,
10:21:23,66.79,700,
10:21:29,66.79,316,
10:21:30,66.79,300,
10:21:30,66.79,200,
10:21:31,66.79,100,
10:21:33,66.79,100,
10:21:33,66.79,300,
10:21:33,66.79,400,
10:21:33,66.79,100,
10:21:33,66.79,100,
10:21:33,66.79,200,
10:21:33,66.792,100,
10:21:36,66.80,200,
10:21:36,66.80,800,
10:21:41,66.80,200,
10:21:41,66.79,400,
10:21:44,66.79,200,
10:21:44,66.798,400,
10:21:46,66.80,100,
10:21:46,66.80,400,
10:21:46,66.80,800,
10:21:46,66.80,100,
10:21:46,66.80,200,
10:21:46,66.80,500,
10:21:46,66.80,100,
10:21:46,66.80,100,
10:21:46,66.80,100,
10:21:46,66.81,1773,
10:21:46,66.81,700,
10:21:46,66.81,1663,
10:21:46,66.81,500,
10:21:46,66.81,250,
10:21:46,66.81,250,
10:21:47,66.81,129,
10:21:47,66.81,1200,
10:21:47,66.81,800,
10:21:47,66.81,100,
10:21:47,66.81,4000,
10:21:47,66.81,400,
10:21:47,66.81,200,
10:21:47,66.81,285,
10:21:47,66.81,594,
10:21:47,66.81,1800,
10:21:49,66.81,600,
10:21:50,66.8114,100,
10:21:50,66.8114,200,
10:21:50,66.81,100,
10:21:50,66.8114,100,
10:21:50,66.81,100,
10:21:50,66.8114,100,
10:21:50,66.81,100,
10:21:50,66.81,100,
10:21:52,66.81,300,
10:21:52,66.81,100,
10:21:52,66.81,100,
10:21:52,66.81,100,
10:21:52,66.81,100,
10:21:52,66.81,298,
10:21:52,66.81,800,
10:21:52,66.81,100,
10:21:52,66.81,800,
10:21:52,66.81,400,
10:21:52,66.81,100,
10:21:52,66.81,100,
10:21:52,66.81,100,
10:21:52,66.81,300,
10:21:52,66.81,2400,
10:21:52,66.81,100,
10:21:52,66.81,1300,
10:21:52,66.81,194,
10:21:52,66.81,1500,
10:21:52,66.81,300,
10:21:53,66.81,300,
10:21:54,66.81,200,
10:21:54,66.81,200,
10:21:54,66.81,700,
10:21:55,66.81,200,
10:21:55,66.81,750,
10:21:55,66.81,100,
10:21:55,66.81,100,
10:21:55,66.81,300,
10:22:01,66.81,300,
10:22:01,66.81,100,
10:22:03,66.82,100,
10:22:03,66.82,100,
10:22:03,66.82,500,
10:22:03,66.82,800,
10:22:03,66.82,400,
10:22:03,66.82,432,
10:22:03,66.82,100,
10:22:04,66.82,200,
10:22:04,66.82,252,
10:22:04,66.82,252,
10:22:04,66.82,548,
10:22:04,66.82,100,
10:22:04,66.82,100,
10:22:04,66.82,300,
10:22:09,66.81,400,
10:22:09,66.81,100,
10:22:09,66.81,200,
10:22:09,66.81,400,
10:22:09,66.81,1400,
10:22:11,66.81,100,
10:22:11,66.81,200,
10:22:13,66.81,400,
10:22:13,66.81,400,
10:22:13,66.81,800,
10:22:13,66.81,100,
10:22:13,66.81,200,
10:22:23,66.80,100,
10:22:23,66.80,100,
10:22:23,66.80,1200,
10:22:25,66.79,200,
10:22:28,66.79,600,
10:22:28,66.79,100,
10:22:28,66.79,100,
10:22:28,66.79,100,
10:22:29,66.79,200,
10:22:29,66.79,1000,
10:22:33,66.79,200,
10:22:35,66.79,100,
10:22:35,66.79,500,
10:22:35,66.79,400,
10:22:35,66.79,100,
10:22:35,66.79,200,
10:22:35,66.79,100,
10:22:35,66.79,100,
10:22:35,66.79,100,
10:22:35,66.79,100,
10:22:54,66.80,100,
10:22:54,66.80,100,
10:22:54,66.80,400,
10:22:54,66.80,1900,
10:22:54,66.80,100,
10:22:54,66.80,466,
10:23:02,66.81,1100,
10:23:08,66.82,100,
10:23:08,66.82,300,
10:23:08,66.82,100,
10:23:08,66.82,100,
10:23:09,66.82,800,
10:23:09,66.81,300,
10:23:09,66.81,400,
10:23:09,66.82,800,
10:23:09,66.82,300,
10:23:09,66.82,2000,
10:23:09,66.82,400,
10:23:09,66.82,800,
10:23:09,66.82,100,
10:23:09,66.81,3764,
10:23:09,66.82,300,
10:23:16,66.82,200,
10:23:16,66.82,300,
10:23:16,66.82,1400,
10:23:16,66.82,100,
10:23:16,66.82,100,
10:23:19,66.82,900,
10:23:21,66.82,300,
10:23:21,66.82,1300,
10:23:25,66.82,600,
10:23:25,66.82,200,
10:23:25,66.82,400,
10:23:25,66.82,800,
10:23:25,66.82,500,
10:23:26,66.82,1000,
10:23:34,66.82,300,
10:23:34,66.82,300,
10:23:34,66.82,300,
10:23:35,66.82,300,
10:23:38,66.82,600,
10:23:38,66.82,700,
10:23:39,66.82,500,
10:23:39,66.82,200,
10:23:39,66.82,100,
10:23:39,66.82,100,
10:23:43,66.8101,1000,
10:23:49,66.81,700,
10:23:49,66.81,400,
10:23:49,66.81,300,
10:23:49,66.81,2779,
10:23:49,66.81,200,
10:23:49,66.81,400,
10:23:49,66.81,400,
10:23:49,66.81,100,
10:23:50,66.81,600,
10:23:52,66.80,100,
10:23:52,66.80,100,
10:23:54,66.79,200,
10:23:54,66.79,300,
10:23:54,66.79,800,
10:23:57,66.78,500,
10:23:57,66.79,300,
10:23:57,66.79,150,
10:23:57,66.79,100,
10:23:57,66.79,2900,
10:23:57,66.79,100,
10:23:57,66.79,400,
10:23:57,66.79,100,
10:23:57,66.79,800,
10:23:57,66.79,500,
10:23:57,66.79,100,
10:23:57,66.79,800,
10:23:57,66.79,100,
10:23:57,66.79,300,
10:23:57,66.79,800,
10:23:57,66.79,660,
10:23:57,66.79,15000,
10:23:57,66.79,200,
10:23:57,66.79,2400,
10:23:57,66.79,155,
10:23:57,66.79,100,
10:23:57,66.79,300,
10:23:57,66.79,2300,
10:23:57,66.79,1700,
10:23:57,66.79,200,
10:23:57,66.79,1700,
10:23:57,66.79,200,
10:23:57,66.79,200,
10:23:57,66.79,300,
10:24:03,66.80,200,
10:24:03,66.80,200,
10:24:03,66.80,100,
10:24:03,66.80,100,
10:24:03,66.80,600,
10:24:03,66.80,1666,
10:24:04,66.80,100,
10:24:04,66.80,600,
10:24:04,66.80,500,
10:24:04,66.80,100,
10:24:16,66.80,200,
10:24:16,66.80,400,
10:24:19,66.80,1400,
10:24:19,66.80,302,
10:24:19,66.80,400,
10:24:19,66.80,700,
10:24:19,66.80,300,
10:24:19,66.80,400,
10:24:19,66.80,600,
10:24:22,66.797,300,
10:24:24,66.80,500,
10:24:24,66.80,400,
10:24:24,66.80,100,
10:24:24,66.80,100,
10:24:27,66.80,400,
10:24:27,66.80,100,
10:24:27,66.80,300,
10:24:27,66.80,100,
10:24:34,66.798,200,
10:24:35,66.80,185,
10:24:35,66.80,400,
10:24:35,66.80,400,
10:24:35,66.80,100,
10:24:35,66.80,100,
10:24:36,66.80,152,
10:24:36,66.80,548,
10:24:36,66.80,300,
10:24:40,66.79,100,
10:24:43,66.80,100,
10:24:45,66.80,100,
10:24:46,66.81,100,
10:24:46,66.81,100,
10:24:46,66.81,700,
10:24:46,66.81,500,
10:24:47,66.82,500,
10:24:47,66.81,100,
10:24:47,66.81,100,
10:24:47,66.81,1600,
10:24:47,66.81,1000,
10:24:53,66.82,300,
10:24:57,66.83,200,
10:24:59,66.83,100,
10:24:59,66.83,200,
10:24:59,66.83,100,
10:24:59,66.83,855,
10:24:59,66.829,6000,
10:25:05,66.82,100,
10:25:05,66.82,300,
10:25:06,66.82,100,
10:25:06,66.82,200,
10:25:10,66.81,300,
10:25:11,66.81,400,
10:25:11,66.81,100,
10:25:11,66.81,600,
10:25:11,66.81,100,
10:25:11,66.81,500,
10:25:11,66.81,665,
10:25:11,66.81,135,
10:25:11,66.81,100,
10:25:11,66.81,500,
10:25:11,66.80,115,
10:25:12,66.81,500,
10:25:12,66.81,900,
10:25:12,66.81,400,
10:25:12,66.81,100,
10:25:13,66.81,100,
10:25:16,66.8199,600,
10:25:28,66.82,1300,
10:25:28,66.82,100,
10:25:32,66.81,200,
10:25:32,66.81,116,
10:25:32,66.81,100,
10:25:32,66.815,100,
10:25:32,66.81,216,
10:25:32,66.81,184,
10:25:32,66.81,100,
10:25:32,66.81,200,
10:25:32,66.81,300,
10:25:36,66.82,750,
10:25:43,66.82,300,
10:25:43,66.82,700,
10:25:43,66.82,100,
10:25:43,66.82,200,
10:25:43,66.8291,150,
10:25:44,66.82,100,
10:25:44,66.82,200,
10:25:44,66.82,100,
10:25:44,66.82,400,
10:25:44,66.82,100,
10:25:44,66.82,100,
10:25:44,66.81,100,
10:25:44,66.81,400,
10:25:49,66.81,500,
10:25:52,66.80,100,
10:25:52,66.80,100,
10:25:54,66.81,200,
10:26:00,66.81,400,
10:26:00,66.81,800,
10:26:00,66.81,400,
10:26:00,66.81,100,
10:26:00,66.81,300,
10:26:00,66.81,100,
10:26:00,66.81,300,
10:26:00,66.81,800,
10:26:00,66.81,100,
10:26:00,66.81,100,
10:26:00,66.81,1600,
10:26:00,66.81,100,
10:26:02,66.81,800,
10:26:02,66.81,600,
10:26:02,66.81,100,
10:26:02,66.81,100,
10:26:02,66.81,400,
10:26:02,66.81,800,
10:26:02,66.81,300,
10:26:02,66.81,1400,
10:26:03,66.81,200,
10:26:03,66.81,1100,
10:26:03,66.82,800,
10:26:03,66.82,100,
10:26:03,66.82,100,
10:26:06,66.81,800,
10:26:06,66.81,500,
10:26:06,66.81,452,
10:26:06,66.81,100,
10:26:06,66.81,100,
10:26:06,66.81,100,
10:26:06,66.81,100,
10:26:10,66.81,100,
10:26:10,66.81,100,
10:26:10,66.81,132,
10:26:11,66.81,300,
10:26:11,66.81,100,
10:26:11,66.81,668,
10:26:14,66.812,100,
10:26:16,66.81,100,
10:26:16,66.80,216,
10:26:16,66.80,400,
10:26:22,66.81,200,
10:26:22,66.82,800,
10:26:22,66.82,800,
10:26:22,66.81,100,
10:26:22,66.82,800,
10:26:22,66.82,800,
10:26:22,66.82,1100,
10:26:22,66.83,700,
10:26:22,66.83,800,
10:26:22,66.83,800,
10:26:22,66.83,100,
10:26:22,66.83,600,
10:26:22,66.83,500,
10:26:22,66.83,100,
10:26:22,66.83,500,
10:26:24,66.82,360,
10:26:24,66.82,300,
10:26:26,66.81,100,
10:26:26,66.81,100,
10:26:26,66.81,300,
10:26:26,66.81,100,
10:26:27,66.82,500,
10:26:27,66.82,500,
10:26:28,66.82,100,
10:26:28,66.82,100,
10:26:28,66.82,1300,
10:26:28,66.82,100,
10:26:28,66.82,100,
10:26:28,66.82,200,
10:26:28,66.82,400,
10:26:28,66.82,1100,
10:26:28,66.82,300,
10:26:28,66.83,100,
10:26:28,66.83,200,
10:26:28,66.83,600,
10:26:28,66.83,400,
10:26:28,66.83,300,
10:26:28,66.83,400,
10:26:28,66.83,600,
10:26:28,66.82,1300,
10:26:28,66.84,600,
10:26:28,66.84,168,
10:26:28,66.84,100,
10:26:29,66.84,700,
10:26:29,66.84,124,
10:26:30,66.82,100,
10:26:32,66.83,100,
10:26:33,66.83,100,
10:26:34,66.83,200,
10:26:34,66.83,100,
10:26:35,66.84,100,
10:26:36,66.83,500,
10:26:36,66.83,400,
10:26:36,66.83,100,
10:26:36,66.83,571,
10:26:36,66.83,600,
10:26:38,66.83,500,
10:26:38,66.8391,308,
10:26:46,66.84,100,
10:26:46,66.84,100,
10:26:47,66.84,200,
10:26:47,66.84,1000,
10:26:47,66.84,100,
10:26:47,66.8363,300,
10:26:49,66.8391,125,
10:26:55,66.84,216,
10:26:55,66.84,100,
10:26:59,66.849,300,
10:27:05,66.848,3000,
10:27:13,66.84,584,
10:27:15,66.84,117,
10:27:20,66.84,683,
10:27:34,66.85,600,
10:27:34,66.85,100,
10:27:34,66.85,300,
10:27:34,66.85,500,
10:27:34,66.85,100,
10:27:36,66.8499,150,
10:27:41,66.85,4075,
10:27:41,66.85,100,
10:27:41,66.85,120,
10:27:49,66.85,296,
10:27:50,66.85,300,
10:27:51,66.844,150,
10:27:55,66.85,300,
10:28:05,66.85,300,
10:28:05,66.85,100,
10:28:09,66.85,100,
10:28:18,66.84,100,
10:28:18,66.85,600,
10:28:18,66.85,800,
10:28:18,66.85,800,
10:28:18,66.85,100,
10:28:19,66.86,600,
10:28:19,66.86,100,
10:28:19,66.86,300,
10:28:19,66.86,700,
10:28:19,66.86,3739,
10:28:28,66.85,500,
10:28:28,66.85,100,
10:28:28,66.85,300,
10:28:28,66.85,200,
10:28:29,66.85,550,
10:28:37,66.85,100,
10:28:45,66.84,616,
10:28:47,66.84,300,
10:28:47,66.83,100,
10:28:52,66.83,685,
10:28:58,66.83,100,
10:28:58,66.83,400,
10:28:58,66.83,1400,
10:29:01,66.83,100,
10:29:01,66.83,100,
10:29:01,66.83,800,
10:29:02,66.84,100,
10:29:02,66.84,200,
10:29:02,66.84,100,
10:29:02,66.84,300,
10:29:02,66.84,298,
10:29:02,66.84,100,
10:29:09,66.84,800,
10:29:13,66.85,100,
10:29:13,66.86,300,
10:29:19,66.8695,1000,
10:29:20,66.86,900,
10:29:27,66.86,588,
10:29:29,66.8699,250,
10:29:33,66.87,800,
10:29:34,66.87,100,
10:29:34,66.87,402,
10:29:36,66.88,100,
10:29:40,66.88,2800,
10:29:42,66.88,400,
10:29:42,66.88,800,
10:29:42,66.88,800,
10:29:42,66.88,800,
10:29:42,66.88,200,
10:29:42,66.88,100,
10:29:42,66.88,300,
10:29:42,66.88,115,
10:29:42,66.88,100,
10:29:42,66.88,800,
10:29:42,66.88,800,
10:29:42,66.88,300,
10:29:42,66.88,800,
10:29:42,66.88,763,
10:29:42,66.88,700,
10:29:42,66.88,900,
10:29:42,66.88,600,
10:29:42,66.88,100,
10:29:42,66.88,800,
10:29:46,66.88,100,
10:29:46,66.88,100,
10:29:50,66.89,300,
10:29:50,66.88,100,
10:29:50,66.89,200,
10:29:50,66.89,800,
10:29:50,66.89,100,
10:29:50,66.89,815,
10:29:50,66.89,350,
10:29:50,66.89,400,
10:29:50,66.89,800,
10:29:58,66.89,100,
10:30:01,66.89,300,
10:30:01,66.89,200,
10:30:01,66.89,200,
10:30:01,66.89,100,
10:30:02,66.89,800,
10:30:02,66.89,100,
10:30:02,66.89,500,
10:30:02,66.89,1400,
10:30:03,66.8899,500,
10:30:03,66.88,800,
10:30:03,66.88,100,
10:30:03,66.88,100,
10:30:03,66.88,300,
10:30:03,66.87,400,
10:30:03,66.87,683,
10:30:03,66.87,1117,
10:30:06,66.87,300,
10:30:06,66.87,100,
10:30:06,66.87,100,
10:30:09,66.86,100,
10:30:09,66.86,400,
10:30:09,66.86,2600,
10:30:09,66.86,200,
10:30:09,66.86,400,
10:30:09,66.86,500,
10:30:09,66.86,800,
10:30:09,66.86,700,
10:30:09,66.86,100,
10:30:09,66.86,400,
10:30:09,66.86,600,
10:30:09,66.86,800,
10:30:09,66.86,100,
10:30:09,66.86,300,
10:30:09,66.86,100,
10:30:09,66.86,400,
10:30:09,66.86,1400,
10:30:15,66.86,400,
10:30:16,66.86,100,
10:30:17,66.86,100,
10:30:17,66.86,200,
10:30:17,66.86,200,
10:30:17,66.86,100,
10:30:20,66.86,200,
10:30:20,66.85,600,
10:30:20,66.85,100,
10:30:20,66.85,100,
10:30:20,66.85,100,
10:30:22,66.86,700,
10:30:22,66.86,200,
10:30:22,66.86,100,
10:30:24,66.86,700,
10:30:24,66.86,200,
10:30:24,66.86,100,
10:30:34,66.86,600,
10:30:39,66.86,200,
10:30:39,66.86,100,
10:30:49,66.86,100,
10:30:50,66.86,200,
10:30:50,66.86,200,
10:30:50,66.86,500,
10:30:50,66.86,200,
10:30:50,66.86,100,
10:30:50,66.86,100,
10:30:51,66.86,400,
10:30:52,66.87,168,
10:30:52,66.87,100,
10:30:52,66.87,800,
10:30:52,66.87,100,
10:30:52,66.87,100,
10:30:57,66.87,100,
10:31:03,66.87,100,
10:31:05,66.87,816,
10:31:06,66.87,200,
10:31:06,66.87,500,
10:31:06,66.87,800,
10:31:06,66.87,400,
10:31:06,66.87,200,
10:31:06,66.87,600,
10:31:09,66.86,300,
10:31:09,66.86,200,
10:31:09,66.85,100,
10:31:11,66.85,600,
10:31:11,66.86,200,
10:31:11,66.86,300,
10:31:11,66.86,300,
10:31:11,66.86,200,
10:31:14,66.85,800,
10:31:14,66.85,500,
10:31:14,66.8525,100,
10:31:14,66.8523,400,
10:31:17,66.85,600,
10:31:18,66.85,100,
10:31:18,66.85,100,
10:31:19,66.8424,150,
10:31:20,66.84,200,
10:31:20,66.84,600,
10:31:20,66.84,600,
10:31:23,66.84,600,
10:31:23,66.84,116,
10:31:23,66.84,1000,
10:31:23,66.84,400,
10:31:23,66.84,200,
10:31:23,66.84,500,
10:31:23,66.84,600,
10:31:23,66.84,500,
10:31:23,66.84,100,
10:31:23,66.84,300,
10:31:25,66.84,200,
10:31:25,66.84,1000,
10:31:36,66.84,100,
10:31:43,66.85,100,
10:31:43,66.85,416,
10:31:43,66.85,100,
10:31:43,66.85,300,
10:31:43,66.85,600,
10:31:43,66.85,200,
10:31:43,66.85,800,
10:31:43,66.85,100,
10:31:43,66.85,200,
10:31:43,66.85,316,
10:31:43,66.85,200,
10:31:43,66.85,100,
10:31:43,66.85,800,
10:31:43,66.85,200,
10:31:43,66.85,200,
10:31:43,66.85,1000,
10:31:46,66.85,116,
10:31:46,66.85,200,
10:31:46,66.85,100,
10:31:48,66.85,400,
10:31:48,66.85,200,
10:31:48,66.85,100,
10:31:49,66.85,100,
10:31:49,66.85,400,
10:31:49,66.85,100,
10:31:49,66.86,100,
10:31:49,66.86,200,
10:31:49,66.86,100,
10:31:49,66.86,100,
10:31:52,66.86,400,
10:31:52,66.86,500,
10:31:52,66.86,100,
10:31:52,66.86,500,
10:31:52,66.85,400,
10:31:54,66.856,300,
10:31:59,66.86,200,
10:32:01,66.86,400,
10:32:01,66.86,200,
10:32:02,66.86,400,
10:32:04,66.86,125,
10:32:06,66.86,270,
10:32:06,66.86,100,
10:32:06,66.86,100,
10:32:06,66.86,500,
10:32:06,66.86,516,
10:32:07,66.86,100,
10:32:07,66.86,200,
10:32:07,66.86,800,
10:32:12,66.86,517,
10:32:12,66.86,800,
10:32:19,66.85,247,
10:32:19,66.85,369,
10:32:22,66.86,300,
10:32:22,66.86,2400,
10:32:25,66.86,600,
10:32:27,66.85,100,
10:32:46,66.86,700,
10:32:46,66.86,700,
10:32:46,66.86,185,
10:32:46,66.86,800,
10:32:46,66.86,200,
10:32:46,66.86,100,
10:32:46,66.86,300,
10:32:46,66.86,285,
10:32:46,66.86,100,
10:32:46,66.86,300,
10:32:46,66.86,200,
10:32:46,66.86,200,
10:32:46,66.86,200,
10:32:46,66.86,200,
10:32:46,66.86,300,
10:32:46,66.86,300,
10:32:46,66.86,100,
10:32:46,66.86,100,
10:32:50,66.86,100,
10:32:57,66.8676,600,
10:32:58,66.87,100,
10:32:58,66.87,200,
10:32:58,66.87,100,
10:33:06,66.86,300,
10:33:06,66.86,300,
10:33:06,66.86,1900,
10:33:06,66.87,200,
10:33:06,66.87,100,
10:33:06,66.87,100,
10:33:11,66.87,200,
10:33:11,66.87,200,
10:33:11,66.87,200,
10:33:11,66.87,200,
10:33:11,66.87,200,
10:33:11,66.87,300,
10:33:11,66.87,100,
10:33:11,66.87,200,
10:33:11,66.87,400,
10:33:11,66.88,100,
10:33:11,66.88,100,
10:33:11,66.88,100,
10:33:11,66.88,100,
10:33:11,66.88,200,
10:33:11,66.88,400,
10:33:12,66.88,100,
10:33:12,66.88,800,
10:33:12,66.88,316,
10:33:12,66.88,100,
10:33:12,66.88,200,
10:33:12,66.88,318,
10:33:12,66.88,100,
10:33:12,66.88,298,
10:33:12,66.88,200,
10:33:16,66.89,800,
10:33:16,66.89,300,
10:33:16,66.89,200,
10:33:16,66.89,200,
10:33:16,66.89,200,
10:33:24,66.89,200,
10:33:24,66.89,200,
10:33:24,66.89,200,
10:33:24,66.89,300,
10:33:24,66.89,200,
10:33:24,66.89,200,
10:33:25,66.90,400,
10:33:25,66.90,400,
10:33:25,66.90,100,
10:33:25,66.90,100,
10:33:25,66.90,600,
10:33:25,66.90,100,
10:33:25,66.90,477,
10:33:25,66.90,600,
10:33:25,66.90,100,
10:33:25,66.90,700,
10:33:25,66.90,200,
10:33:25,66.90,400,
10:33:25,66.90,200,
10:33:25,66.90,100,
10:33:27,66.89,600,
10:33:27,66.89,900,
10:33:27,66.89,600,
10:33:27,66.89,100,
10:33:27,66.89,298,
10:33:27,66.89,100,
10:33:27,66.89,1000,
10:33:31,66.89,369,
10:33:31,66.89,669,
10:33:31,66.89,100,
10:33:31,66.89,269,
10:33:31,66.89,200,
10:33:31,66.89,400,
10:33:31,66.89,469,
10:33:34,66.90,1100,
10:33:34,66.90,4000,
10:33:42,66.89,900,
10:33:42,66.89,100,
10:33:46,66.89,600,
10:33:49,66.89,100,
10:33:49,66.89,800,
10:33:49,66.89,100,
10:33:49,66.89,100,
10:33:55,66.88,100,
10:33:56,66.88,200,
10:34:00,66.88,100,
