09:30:00,66.65,2000,
09:30:00,66.65,14075,
09:30:00,66.67,800,
09:30:00,66.67,200,
09:30:00,66.67,800,
09:30:00,66.67,400,
09:30:00,66.67,2400,
09:30:00,66.67,800,
09:30:00,66.67,1000,
09:30:00,66.67,800,
09:30:00,66.67,800,
09:30:00,66.67,300,
09:30:00,66.67,1200,
09:30:00,66.67,300,
09:30:00,66.67,300,
09:30:00,66.67,300,
09:30:00,66.67,400,
09:30:00,66.67,300,
09:30:00,66.67,800,
09:30:00,66.66,200,
09:30:00,66.67,2000,
09:30:00,66.66,1000,
09:30:00,66.66,500,
09:30:00,66.67,4000,
09:30:00,66.66,600,
09:30:00,66.66,100,
09:30:00,66.65,600,
09:30:00,66.65,700,
09:30:00,66.66,540,
09:30:00,66.66,2400,
09:30:00,66.66,100,
09:30:00,66.65,200,
09:30:00,66.65,400,
09:30:00,66.65,100,
09:30:00,66.66,100,
09:30:01,66.64,100,
09:30:01,66.64,700,
09:30:01,66.64,700,
09:30:01,66.65,400,
09:30:01,66.66,2300,
09:30:01,66.64,1800,
09:30:01,66.64,2200,
09:30:01,66.65,800,
09:30:01,66.63,200,
09:30:01,66.63,500,
09:30:01,66.63,500,
09:30:01,66.63,100,
09:30:01,66.63,500,
09:30:01,66.63,100,
09:30:01,66.65,300,
09:30:01,66.65,300,
09:30:01,66.65,100,
09:30:01,66.65,300,
09:30:01,66.65,240,
09:30:01,66.65,240,
09:30:01,66.65,200,
09:30:01,66.67,100,
09:30:01,66.67,106,
09:30:01,66.67,750,
09:30:01,66.67,200,
09:30:01,66.67,200,
09:30:01,66.67,18935,
09:30:01,66.67,1274,
09:30:01,66.67,300,
09:30:01,66.67,1000,
09:30:01,66.67,100,
09:30:01,66.67,100,
09:30:01,66.67,2454,
09:30:01,66.67,250,
09:30:01,66.67,200,
09:30:01,66.67,100,
09:30:01,66.67,1573,
09:30:01,66.67,200,
09:30:01,66.67,150,
09:30:01,66.67,7200,
09:30:01,66.67,200,
09:30:01,66.67,200,
09:30:01,66.67,100,
09:30:01,66.67,300,
09:30:01,66.67,700,
09:30:01,66.67,2000,
09:30:01,66.67,350,
09:30:01,66.67,350,
09:30:01,66.67,100,
09:30:01,66.67,700,
09:30:01,66.67,260,
09:30:01,66.67,200,
09:30:01,66.67,500,
09:30:01,66.67,100,
09:30:01,66.67,1000,
09:30:01,66.67,374,
09:30:01,66.67,300,
09:30:01,66.67,150,
09:30:01,66.67,600,
09:30:01,66.67,500,
09:30:01,66.67,10000,
09:30:01,66.67,1150,
09:30:01,66.67,100,
09:30:01,66.67,740,
09:30:01,66.67,150,
09:30:01,66.67,100,
09:30:01,66.67,150,
09:30:01,66.67,100,
09:30:01,66.67,200,
09:30:01,66.67,150,
09:30:01,66.67,100,
09:30:01,66.67,200,
09:30:01,66.67,130,
09:30:01,66.67,100,
09:30:01,66.67,303,
09:30:01,66.67,225,
09:30:01,66.67,150,
09:30:01,66.67,100,
09:30:01,66.67,200,
09:30:01,66.67,150,
09:30:01,66.67,150,
09:30:01,66.67,615,
09:30:01,66.67,145,
09:30:01,66.67,300,
09:30:01,66.67,100,
09:30:01,66.67,378,
09:30:01,66.67,500,
09:30:01,66.67,200,
09:30:01,66.67,100,
09:30:01,66.67,200,
09:30:01,66.67,500,
09:30:01,66.67,1499,
09:30:01,66.67,363,
09:30:01,66.67,57385,
09:30:01,66.65,300,
09:30:01,66.67,210,
09:30:01,66.67,150,
09:30:01,66.67,600,
09:30:01,66.67,193,
09:30:01,66.67,50000,
09:30:01,66.67,100,
09:30:01,66.67,2000,
09:30:01,66.67,147,
09:30:01,66.67,5000,
09:30:01,66.67,100,
09:30:01,66.67,300,
09:30:01,66.67,1270,
09:30:01,66.67,45000,
09:30:01,66.67,1300,
09:30:01,66.67,225,
09:30:01,66.67,520,
09:30:01,66.67,4000,
09:30:01,66.67,315,
09:30:01,66.67,150,
09:30:01,66.67,1300,
09:30:01,66.67,120,
09:30:01,66.67,590,
09:30:01,66.67,220,
09:30:01,66.67,101,
09:30:01,66.67,100,
09:30:01,66.67,350,
09:30:01,66.67,200,
09:30:01,66.67,5110,
09:30:01,66.67,230,
09:30:01,66.67,100,
09:30:02,66.63,1000,
09:30:02,66.65,200,
09:30:02,66.63,400,
09:30:02,66.62,1000,
09:30:03,66.64,700,
09:30:03,66.62,300,
09:30:03,66.62,800,
09:30:03,66.65,900,
09:30:03,66.62,2200,
09:30:04,66.64,700,
09:30:04,66.64,1100,
09:30:04,66.64,1200,
09:30:04,66.64,585,
09:30:04,66.64,1500,
09:30:04,66.64,1100,
09:30:04,66.64,250,
09:30:04,66.63,214,
09:30:04,66.63,214,
09:30:04,66.63,500,
09:30:04,66.63,414,
09:30:04,66.64,500,
09:30:04,66.64,2000,
09:30:04,66.64,100,
09:30:04,66.63,300,
09:30:05,66.64,100,
09:30:05,66.64,300,
09:30:05,66.64,1000,
09:30:05,66.63,300,
09:30:05,66.63,515,
09:30:05,66.63,800,
09:30:05,66.63,700,
09:30:05,66.62,694,
09:30:05,66.63,100,
09:30:05,66.63,2000,
09:30:05,66.63,500,
09:30:05,66.62,121,
09:30:05,66.62,200,
09:30:05,66.62,1100,
09:30:05,66.62,400,
09:30:05,66.62,700,
09:30:05,66.62,585,
09:30:05,66.62,815,
09:30:05,66.61,815,
09:30:05,66.61,200,
09:30:05,66.62,149,
09:30:05,66.62,749,
09:30:05,66.62,400,
09:30:05,66.62,100,
09:30:05,66.62,300,
09:30:05,66.62,300,
09:30:05,66.65,150,
09:30:05,66.62,200,
09:30:05,66.62,1200,
09:30:06,66.62,800,
09:30:06,66.62,900,
09:30:06,66.62,800,
09:30:06,66.62,800,
09:30:07,66.61,300,
09:30:07,66.61,200,
09:30:07,66.61,800,
09:30:07,66.61,800,
09:30:07,66.61,300,
09:30:07,66.61,300,
09:30:07,66.61,800,
09:30:07,66.61,300,
09:30:07,66.61,300,
09:30:07,66.61,200,
09:30:07,66.61,200,
09:30:08,66.61,300,
09:30:08,66.61,300,
09:30:08,66.62,1000,
09:30:08,66.61,300,
09:30:08,66.61,300,
09:30:08,66.61,7000,
09:30:08,66.61,1000,
09:30:08,66.61,300,
09:30:08,66.61,600,
09:30:09,66.62,200,
09:30:09,66.60,200,
09:30:09,66.60,200,
09:30:09,66.62,300,
09:30:10,66.60,300,
09:30:10,66.60,300,
09:30:10,66.60,300,
09:30:10,66.60,1000,
09:30:10,66.61,2717,
09:30:10,66.60,400,
09:30:11,66.60,2500,
09:30:11,66.60,300,
09:30:11,66.60,300,
09:30:11,66.60,149,
09:30:11,66.61,1000,
09:30:11,66.61,800,
09:30:11,66.60,500,
09:30:12,66.60,2400,
09:30:12,66.60,300,
09:30:12,66.60,260,
09:30:12,66.60,300,
09:30:12,66.60,300,
09:30:12,66.60,300,
09:30:12,66.61,900,
09:30:12,66.60,200,
09:30:12,66.60,1000,
09:30:12,66.61,1100,
09:30:12,66.61,300,
09:30:13,66.60,100,
09:30:13,66.60,300,
09:30:13,66.60,200,
09:30:13,66.60,300,
09:30:13,66.60,300,
09:30:13,66.60,100,
09:30:13,66.60,1000,
09:30:13,66.59,510,
09:30:13,66.59,200,
09:30:13,66.59,300,
09:30:13,66.59,100,
09:30:15,66.60,300,
09:30:15,66.60,300,
09:30:15,66.60,2445,
09:30:15,66.60,150,
09:30:15,66.60,300,
09:30:15,66.60,250,
09:30:15,66.60,300,
09:30:15,66.60,850,
09:30:16,66.59,800,
09:30:16,66.59,1000,
09:30:16,66.59,800,
09:30:16,66.59,300,
09:30:16,66.59,1000,
09:30:16,66.59,300,
09:30:16,66.59,300,
09:30:17,66.59,100,
09:30:17,66.59,250,
09:30:17,66.59,100,
09:30:17,66.59,205,
09:30:17,66.59,100,
09:30:18,66.59,1500,
09:30:18,66.59,200,
09:30:18,66.59,716,
09:30:18,66.59,1000,
09:30:18,66.59,500,
09:30:18,66.59,209,
09:30:18,66.60,2400,
09:30:18,66.6101,1071,
09:30:18,66.59,175,
09:30:19,66.59,1000,
09:30:19,66.59,800,
09:30:19,66.58,200,
09:30:19,66.6493,150,
09:30:19,66.58,777,
09:30:19,66.58,100,
09:30:19,66.59,700,
09:30:19,66.59,500,
09:30:19,66.59,100,
09:30:19,66.59,715,
09:30:19,66.59,4900,
09:30:19,66.59,940,
09:30:19,66.59,100,
09:30:19,66.60,816,
09:30:19,66.59,200,
09:30:19,66.59,200,
09:30:19,66.59,1000,
09:30:19,66.59,200,
09:30:19,66.59,100,
09:30:19,66.59,400,
09:30:20,66.59,600,
09:30:20,66.59,1600,
09:30:21,66.59,600,
09:30:21,66.59,200,
09:30:21,66.60,1000,
09:30:22,66.58,1000,
09:30:22,66.58,1000,
09:30:22,66.58,1330,
09:30:22,66.5807,400,
09:30:23,66.57,200,
09:30:23,66.57,200,
09:30:23,66.58,300,
09:30:23,66.58,300,
09:30:24,66.57,100,
09:30:24,66.57,1000,
09:30:24,66.57,800,
09:30:24,66.57,300,
09:30:24,66.56,600,
09:30:24,66.56,100,
09:30:24,66.57,2140,
09:30:25,66.56,760,
09:30:25,66.56,100,
09:30:25,66.56,2000,
09:30:25,66.56,700,
09:30:25,66.56,800,
09:30:25,66.56,600,
09:30:25,66.56,200,
09:30:25,66.56,800,
09:30:25,66.56,800,
09:30:25,66.56,300,
09:30:25,66.56,500,
09:30:25,66.57,800,
09:30:26,66.56,100,
09:30:26,66.56,600,
09:30:26,66.56,800,
09:30:26,66.56,700,
09:30:26,66.55,300,
09:30:26,66.56,100,
09:30:26,66.56,300,
09:30:26,66.56,100,
09:30:26,66.56,780,
09:30:26,66.57,135,
09:30:27,66.6101,700,
09:30:29,66.58,400,
09:30:29,66.58,200,
09:30:30,66.59,100,
09:30:31,66.58,1000,
09:30:32,66.58,800,
09:30:32,66.58,1000,
09:30:32,66.58,1700,
09:30:34,66.58,4900,
09:30:34,66.58,2400,
09:30:35,66.59,100,
09:30:35,66.59,200,
09:30:35,66.59,200,
09:30:35,66.59,800,
09:30:36,66.59,161,
09:30:37,66.58,2000,
09:30:37,66.58,1000,
09:30:37,66.58,200,
09:30:37,66.58,800,
09:30:37,66.58,200,
09:30:37,66.58,2400,
09:30:37,66.58,1000,
09:30:37,66.58,400,
09:30:37,66.59,800,
09:30:41,66.58,2000,
09:30:41,66.58,1000,
09:30:43,66.58,800,
09:30:43,66.58,700,
09:30:44,66.58,400,
09:30:44,66.58,200,
09:30:44,66.5814,100,
09:30:44,66.5814,100,
09:30:46,66.57,200,
09:30:46,66.58,1000,
09:30:46,66.58,800,
09:30:46,66.58,200,
09:30:46,66.58,400,
09:30:47,66.58,1000,
09:30:49,66.57,1000,
09:30:49,66.57,400,
09:30:49,66.57,500,
09:30:49,66.57,700,
09:30:49,66.57,500,
09:30:50,66.57,100,
09:30:50,66.57,1000,
09:30:50,66.58,800,
09:30:50,66.58,400,
09:30:50,66.57,1000,
09:30:50,66.57,3200,
09:30:51,66.55,100,
09:30:51,66.55,500,
09:30:52,66.55,400,
09:30:52,66.54,815,
09:30:52,66.54,585,
09:30:52,66.55,1000,
09:30:52,66.55,1000,
09:30:52,66.55,300,
09:30:52,66.54,300,
09:30:52,66.54,400,
09:30:54,66.55,600,
09:30:54,66.55,200,
09:30:54,66.55,100,
09:30:55,66.55,200,
09:30:55,66.55,300,
09:30:56,66.55,4700,
09:30:56,66.55,2000,
09:30:56,66.55,200,
09:30:56,66.56,3500,
09:30:56,66.56,1000,
09:30:57,66.55,2000,
09:30:58,66.55,230,
09:30:58,66.5501,4000,
09:30:59,66.55,800,
09:31:01,66.54,300,
09:31:01,66.54,200,
09:31:01,66.54,300,
09:31:01,66.54,400,
09:31:01,66.55,815,
09:31:03,66.54,300,
09:31:03,66.54,300,
09:31:03,66.54,300,
09:31:03,66.55,415,
09:31:03,66.55,300,
09:31:03,66.55,200,
09:31:03,66.54,200,
09:31:03,66.54,200,
09:31:04,66.55,1000,
09:31:05,66.54,100,
09:31:05,66.54,400,
09:31:05,66.53,100,
09:31:05,66.5399,500,
09:31:06,66.53,100,
09:31:06,66.53,700,
09:31:06,66.53,365,
09:31:06,66.53,1300,
09:31:06,66.53,600,
09:31:06,66.53,800,
09:31:06,66.53,600,
09:31:06,66.53,500,
09:31:06,66.53,1200,
09:31:06,66.53,600,
09:31:06,66.53,200,
09:31:06,66.53,400,
09:31:06,66.53,100,
09:31:06,66.53,600,
09:31:07,66.53,400,
09:31:07,66.53,1000,
09:31:07,66.53,500,
09:31:07,66.53,1000,
09:31:08,66.52,500,
09:31:08,66.52,500,
09:31:09,66.52,200,
09:31:09,66.52,1000,
09:31:09,66.52,800,
09:31:09,66.52,200,
09:31:10,66.52,2400,
09:31:10,66.52,200,
09:31:11,66.52,200,
09:31:12,66.521,1000,
09:31:12,66.521,500,
09:31:12,66.521,100,
09:31:12,66.521,300,
09:31:12,66.5209,200,
09:31:12,66.53,100,
09:31:12,66.53,100,
09:31:12,66.53,285,
09:31:13,66.53,1000,
09:31:13,66.53,1000,
09:31:13,66.53,461,
09:31:13,66.53,1000,
09:31:14,66.54,100,
09:31:15,66.54,200,
09:31:16,66.53,1000,
09:31:16,66.53,200,
09:31:19,66.55,800,
09:31:19,66.55,5000,
09:31:20,66.56,100,
09:31:20,66.57,100,
09:31:20,66.57,100,
09:31:21,66.56,700,
09:31:21,66.56,700,
09:31:23,66.55,700,
09:31:23,66.55,100,
09:31:25,66.56,1000,
09:31:25,66.56,3900,
09:31:26,66.56,800,
09:31:26,66.56,700,
09:31:28,66.56,200,
09:31:28,66.56,300,
09:31:28,66.56,200,
09:31:28,66.56,300,
09:31:28,66.56,300,
09:31:28,66.56,500,
09:31:29,66.56,200,
09:31:29,66.56,700,
09:31:29,66.56,100,
09:31:32,66.56,1000,
09:31:32,66.57,715,
09:31:32,66.565,200,
09:31:32,66.56,100,
09:31:35,66.56,600,
09:31:35,66.56,300,
09:31:35,66.56,300,
09:31:37,66.57,200,
09:31:37,66.57,100,
09:31:38,66.57,816,
09:31:38,66.57,100,
09:31:38,66.57,300,
09:31:38,66.57,200,
09:31:38,66.57,1000,
09:31:38,66.57,3200,
09:31:38,66.57,100,
09:31:38,66.57,2400,
09:31:38,66.57,770,
09:31:38,66.57,100,
09:31:39,66.57,100,
09:31:39,66.57,1000,
09:31:39,66.576,100,
09:31:41,66.57,100,
09:31:43,66.57,400,
09:31:43,66.57,300,
09:31:43,66.57,500,
09:31:43,66.57,600,
09:31:43,66.57,1000,
09:31:43,66.57,300,
09:31:43,66.57,100,
09:31:43,66.57,600,
09:31:43,66.57,200,
09:31:43,66.57,700,
09:31:43,66.57,500,
09:31:43,66.57,400,
09:31:43,66.56,163,
09:31:44,66.56,200,
09:31:44,66.56,700,
09:31:44,66.56,300,
09:31:45,66.56,503,
09:31:45,66.56,300,
09:31:45,66.56,300,
09:31:47,66.55,700,
09:31:47,66.56,700,
09:31:52,66.55,500,
09:31:52,66.55,500,
09:31:52,66.55,500,
09:31:52,66.55,100,
09:31:52,66.55,200,
09:31:53,66.55,815,
09:31:53,66.55,5885,
09:31:54,66.5499,600,
09:31:54,66.55,200,
09:31:54,66.55,200,
09:31:54,66.55,100,
09:31:54,66.55,100,
09:31:54,66.55,2400,
09:31:55,66.55,503,
09:31:55,66.55,300,
09:31:57,66.55,300,
09:31:57,66.55,400,
09:31:57,66.55,100,
09:31:58,66.55,300,
09:31:58,66.55,400,
09:31:59,66.5599,300,
09:32:00,66.56,17000,
09:32:01,66.56,5750,
09:32:01,66.56,700,
09:32:01,66.56,1250,
09:32:01,66.56,2400,
09:32:02,66.57,200,
09:32:02,66.57,184,
09:32:02,66.57,200,
09:32:02,66.57,200,
09:32:02,66.57,200,
09:32:02,66.57,600,
09:32:02,66.57,100,
09:32:02,66.57,800,
09:32:02,66.57,1000,
09:32:02,66.57,3220,
09:32:03,66.56,100,
09:32:03,66.56,500,
09:32:03,66.56,100,
09:32:04,66.55,700,
09:32:04,66.55,100,
09:32:04,66.55,800,
09:32:06,66.56,100,
09:32:07,66.57,900,
09:32:07,66.56,100,
09:32:07,66.56,1000,
09:32:07,66.56,1000,
09:32:07,66.56,300,
09:32:07,66.56,400,
09:32:07,66.56,200,
09:32:07,66.55,300,
09:32:07,66.55,100,
09:32:07,66.55,200,
09:32:07,66.56,115,
09:32:10,66.56,1000,
09:32:16,66.58,200,
09:32:16,66.58,100,
09:32:16,66.58,2000,
09:32:16,66.58,400,
09:32:16,66.58,200,
09:32:16,66.57,100,
09:32:17,66.57,600,
09:32:18,66.59,600,
09:32:18,66.59,700,
09:32:19,66.60,100,
09:32:19,66.60,100,
09:32:20,66.59,100,
09:32:20,66.59,200,
09:32:22,66.59,200,
09:32:22,66.59,300,
09:32:23,66.59,100,
09:32:25,66.58,500,
09:32:25,66.58,255,
09:32:25,66.58,700,
09:32:28,66.60,100,
09:32:28,66.60,100,
09:32:32,66.61,100,
09:32:32,66.61,1200,
09:32:32,66.61,6500,
09:32:32,66.61,2000,
09:32:32,66.61,2000,
09:32:32,66.61,1000,
09:32:32,66.61,7000,
09:32:32,66.61,500,
09:32:32,66.61,18000,
09:32:32,66.61,4100,
09:32:32,66.61,1699,
09:32:32,66.61,4000,
09:32:32,66.61,3500,
09:32:32,66.61,100,
09:32:32,66.61,900,
09:32:32,66.61,900,
09:32:32,66.61,100,
09:32:32,66.62,2700,
09:32:33,66.62,1000,
09:32:33,66.62,288,
09:32:34,66.62,100,
09:32:35,66.61,100,
09:32:35,66.61,300,
09:32:35,66.61,100,
09:32:35,66.60,600,
09:32:35,66.60,1100,
09:32:35,66.60,100,
09:32:35,66.60,500,
09:32:39,66.60,182,
09:32:42,66.60,600,
09:32:43,66.60,800,
09:32:43,66.60,3200,
09:32:43,66.60,100,
09:32:43,66.60,200,
09:32:43,66.60,300,
09:32:43,66.60,300,
09:32:43,66.60,300,
09:32:44,66.60,600,
09:32:44,66.60,100,
09:32:50,66.59,200,
09:32:53,66.61,100,
09:32:53,66.61,100,
09:32:53,66.61,100,
09:32:53,66.61,200,
09:32:55,66.61,200,
09:32:56,66.61,100,
09:32:56,66.61,200,
09:32:58,66.62,100,
09:32:58,66.62,200,
09:32:58,66.62,100,
09:32:59,66.61,300,
09:32:59,66.61,100,
09:33:02,66.609,100,
09:33:02,66.606,300,
09:33:02,66.61,715,
09:33:02,66.61,5420,
09:33:02,66.61,1000,
09:33:02,66.61,2400,
09:33:02,66.61,1200,
09:33:02,66.61,630,
09:33:02,66.61,200,
09:33:02,66.61,630,
09:33:02,66.61,815,
09:33:02,66.61,800,
09:33:02,66.61,1580,
09:33:02,66.61,1600,
09:33:02,66.61,800,
09:33:02,66.61,815,
09:33:02,66.61,100,
09:33:02,66.61,7500,
09:33:02,66.61,1000,
09:33:02,66.61,900,
09:33:02,66.61,3300,
09:33:02,66.62,1000,
09:33:02,66.61,410,
09:33:02,66.61,100,
09:33:02,66.61,800,
09:33:02,66.61,500,
09:33:02,66.61,1200,
09:33:02,66.61,300,
09:33:02,66.61,1400,
09:33:02,66.61,100,
09:33:02,66.62,200,
09:33:02,66.62,100,
09:33:02,66.63,100,
09:33:02,66.63,1800,
09:33:02,66.63,100,
09:33:02,66.63,200,
09:33:02,66.63,200,
09:33:02,66.63,1100,
09:33:03,66.64,1000,
09:33:03,66.64,2900,
09:33:06,66.62,300,
09:33:06,66.62,800,
09:33:06,66.62,300,
09:33:06,66.62,1200,
09:33:06,66.62,500,
09:33:06,66.61,200,
09:33:06,66.61,200,
09:33:06,66.61,100,
09:33:06,66.61,300,
09:33:06,66.62,500,
09:33:08,66.62,1000,
09:33:09,66.62,900,
09:33:12,66.62,200,
09:33:13,66.64,800,
09:33:17,66.6357,100,
09:33:18,66.63,229,
09:33:18,66.63,100,
09:33:18,66.63,100,
09:33:19,66.62,400,
09:33:19,66.62,100,
09:33:19,66.62,500,
09:33:21,66.6179,150,
09:33:21,66.62,500,
09:33:21,66.62,400,
09:33:21,66.62,100,
09:33:23,66.63,300,
09:33:23,66.63,100,
09:33:23,66.63,100,
09:33:24,66.63,500,
09:33:25,66.62,100,
09:33:30,66.61,100,
09:33:31,66.6079,200,
09:33:33,66.61,100,
09:33:33,66.60,2000,
09:33:33,66.60,300,
09:33:33,66.60,300,
09:33:37,66.60,200,
09:33:37,66.60,400,
09:33:37,66.60,500,
09:33:37,66.60,100,
09:33:37,66.59,100,
09:33:37,66.59,430,
09:33:37,66.59,930,
09:33:37,66.59,270,
09:33:39,66.5899,1300,
09:33:39,66.58,400,
09:33:39,66.58,300,
09:33:40,66.585,100,
09:33:40,66.579,300,
09:33:42,66.57,200,
09:33:42,66.57,600,
09:33:42,66.57,500,
09:33:42,66.57,300,
09:33:42,66.57,200,
09:33:42,66.58,100,
09:33:46,66.57,200,
09:33:46,66.57,500,
09:33:47,66.56,100,
09:33:47,66.56,300,
09:33:47,66.56,600,
09:33:47,66.56,400,
09:33:47,66.57,7500,
09:33:47,66.56,200,
09:33:47,66.56,800,
09:33:47,66.56,815,
09:33:49,66.56,300,
09:33:49,66.56,100,
09:33:49,66.56,100,
09:33:50,66.56,100,
09:33:50,66.5699,250,
09:33:53,66.56,900,
09:33:53,66.56,100,
09:33:54,66.56,500,
09:33:54,66.56,3295,
09:33:54,66.56,800,
09:33:54,66.56,500,
09:33:54,66.56,100,
09:33:54,66.56,700,
09:33:54,66.57,500,
09:33:54,66.57,100,
09:33:54,66.56,100,
09:33:56,66.57,900,
09:33:56,66.58,200,
09:33:57,66.57,200,
09:34:01,66.57,1000,
09:34:01,66.57,200,
09:34:01,66.58,200,
09:34:02,66.57,700,
09:34:04,66.57,100,
09:34:04,66.57,800,
09:34:07,66.58,800,
09:34:07,66.58,200,
09:34:07,66.58,1000,
09:34:07,66.58,266,
09:34:07,66.58,1200,
09:34:07,66.58,800,
09:34:07,66.58,100,
09:34:07,66.5757,100,
09:34:22,66.57,500,
09:34:22,66.57,300,
09:34:24,66.58,100,
09:34:24,66.58,100,
09:34:24,66.5786,100,
09:34:24,66.5786,1000,
09:34:24,66.5786,100,
09:34:27,66.57,100,
09:34:32,66.57,200,
09:34:32,66.57,100,
09:34:33,66.575,122,
09:34:34,66.56,200,
09:34:34,66.57,1000,
09:34:35,66.55,600,
09:34:36,66.55,100,
09:34:37,66.56,200,
09:34:37,66.56,300,
09:34:37,66.56,300,
09:34:37,66.5592,2300,
09:34:37,66.56,500,
09:34:37,66.56,400,
09:34:37,66.5594,500,
09:34:37,66.5596,100,
09:34:39,66.56,1000,
09:34:41,66.57,500,
09:34:46,66.56,500,
09:34:46,66.56,200,
09:34:47,66.55,400,
09:34:49,66.55,145,
09:34:50,66.55,100,
09:34:52,66.56,200,
09:34:55,66.55,10500,
09:34:55,66.55,300,
09:34:57,66.54,300,
09:34:57,66.54,300,
09:34:57,66.54,150,
09:34:57,66.54,500,
09:34:57,66.54,300,
09:34:57,66.54,500,
09:34:57,66.54,1000,
09:35:02,66.54,100,
09:35:05,66.55,200,
09:35:06,66.548,545,
09:35:08,66.56,600,
09:35:10,66.56,600,
09:35:12,66.56,800,
09:35:15,66.56,556,
09:35:15,66.56,800,
09:35:15,66.56,300,
09:35:18,66.56,800,
09:35:18,66.56,100,
09:35:18,66.56,100,
09:35:22,66.56,500,
09:35:22,66.56,200,
09:35:22,66.56,500,
09:35:25,66.56,1000,
09:35:25,66.56,3930,
09:35:25,66.56,400,
09:35:25,66.56,1000,
09:35:25,66.56,800,
09:35:25,66.56,800,
09:35:25,66.56,700,
09:35:27,66.56,500,
09:35:28,66.55,100,
09:35:28,66.55,100,
09:35:28,66.55,200,
09:35:28,66.55,200,
09:35:30,66.56,100,
09:35:33,66.55,700,
09:35:40,66.5514,151,
09:35:44,66.56,556,
09:35:47,66.56,600,
09:35:51,66.57,400,
09:35:51,66.57,2500,
09:35:53,66.57,3371,
09:35:53,66.57,400,
09:35:54,66.58,400,
09:35:54,66.58,200,
09:35:56,66.58,100,
09:35:56,66.58,2785,
09:35:56,66.59,200,
09:35:56,66.59,600,
09:35:56,66.59,200,
09:35:56,66.59,100,
09:35:56,66.59,200,
09:35:56,66.59,200,
09:35:56,66.59,555,
09:35:57,66.59,700,
09:35:57,66.59,100,
09:35:57,66.59,500,
09:35:57,66.59,1000,
09:35:58,66.59,100,
09:35:58,66.59,500,
09:35:58,66.59,200,
09:35:58,66.59,400,
09:35:58,66.59,1000,
09:35:58,66.58,2000,
09:35:59,66.58,200,
09:35:59,66.58,900,
09:35:59,66.58,1300,
09:35:59,66.58,100,
09:35:59,66.58,500,
09:35:59,66.58,500,
09:35:59,66.58,500,
09:35:59,66.58,100,
09:35:59,66.58,100,
09:36:00,66.57,200,
09:36:00,66.58,700,
09:36:00,66.58,100,
09:36:00,66.58,100,
09:36:00,66.58,100,
09:36:00,66.58,500,
09:36:00,66.58,1100,
09:36:00,66.58,200,
09:36:00,66.58,300,
09:36:00,66.58,400,
09:36:00,66.58,100,
09:36:02,66.58,500,
09:36:02,66.58,100,
09:36:03,66.58,100,
09:36:04,66.58,100,
09:36:04,66.58,127,
09:36:04,66.58,200,
09:36:05,66.57,300,
09:36:05,66.57,100,
09:36:07,66.57,100,
09:36:11,66.57,600,
09:36:13,66.57,100,
09:36:13,66.57,200,
09:36:13,66.57,900,
09:36:14,66.56,200,
09:36:14,66.56,200,
09:36:14,66.56,100,
09:36:15,66.5586,800,
09:36:17,66.55,109,
09:36:18,66.55,181,
09:36:18,66.55,664,
09:36:21,66.55,700,
09:36:21,66.55,100,
09:36:21,66.55,200,
09:36:21,66.55,400,
09:36:21,66.55,200,
09:36:21,66.55,100,
09:36:21,66.56,398,
09:36:21,66.56,600,
09:36:21,66.56,700,
09:36:21,66.5579,100,
09:36:21,66.5579,700,
09:36:21,66.541,3200,
09:36:24,66.56,100,
09:36:25,66.56,200,
09:36:25,66.56,100,
09:36:25,66.56,200,
09:36:25,66.57,100,
09:36:26,66.56,300,
09:36:27,66.56,500,
09:36:27,66.55,100,
09:36:29,66.56,100,
09:36:29,66.56,600,
09:36:32,66.56,1000,
09:36:32,66.56,100,
09:36:32,66.56,700,
09:36:32,66.56,100,
09:36:32,66.56,100,
09:36:32,66.56,200,
09:36:32,66.56,200,
09:36:32,66.55,200,
09:36:34,66.56,100,
09:36:34,66.56,200,
09:36:34,66.57,100,
09:36:34,66.569,100,
09:36:36,66.56,100,
09:36:36,66.56,100,
09:36:37,66.56,100,
09:36:37,66.56,100,
09:36:37,66.56,100,
09:36:43,66.56,100,
09:36:51,66.55,100,
09:36:51,66.55,600,
09:36:51,66.54,200,
09:36:51,66.54,400,
09:36:51,66.54,800,
09:36:51,66.55,500,
09:36:53,66.53,300,
09:36:53,66.53,200,
09:36:53,66.53,200,
09:36:53,66.53,500,
09:36:53,66.53,100,
09:36:53,66.53,400,
09:36:58,66.52,200,
09:36:58,66.52,272,
09:36:58,66.52,500,
09:36:58,66.52,2728,
09:36:58,66.52,300,
09:36:58,66.52,300,
09:36:58,66.52,500,
09:37:01,66.52,100,
09:37:01,66.52,300,
09:37:01,66.52,200,
09:37:01,66.52,100,
09:37:01,66.52,600,
09:37:01,66.53,486,
09:37:01,66.53,100,
09:37:02,66.52,100,
09:37:02,66.52,1400,
09:37:02,66.52,1000,
09:37:02,66.52,373,
09:37:02,66.52,800,
09:37:02,66.52,300,
09:37:02,66.52,198,
09:37:02,66.52,300,
09:37:02,66.52,800,
09:37:02,66.52,100,
09:37:02,66.52,100,
09:37:02,66.52,227,
09:37:02,66.52,200,
09:37:02,66.52,400,
09:37:02,66.52,100,
09:37:02,66.51,2400,
09:37:02,66.515,200,
09:37:02,66.52,600,
09:37:02,66.52,100,
09:37:07,66.51,900,
09:37:07,66.51,800,
09:37:12,66.5195,500,
09:37:14,66.51,106,
09:37:14,66.51,181,
09:37:14,66.51,166,
09:37:14,66.51,181,
09:37:15,66.51,100,
09:37:15,66.51,100,
09:37:15,66.51,200,
09:37:15,66.51,300,
09:37:15,66.50,182,
09:37:15,66.50,142,
09:37:16,66.52,112,
09:37:19,66.50,200,
09:37:20,66.51,100,
09:37:24,66.51,100,
09:37:24,66.51,100,
09:37:24,66.51,600,
09:37:27,66.51,1700,
09:37:31,66.51,100,
09:37:31,66.51,566,
09:37:31,66.51,566,
09:37:31,66.51,300,
09:37:31,66.51,800,
09:37:31,66.51,700,
09:37:31,66.51,100,
09:37:31,66.51,100,
09:37:31,66.51,200,
09:37:31,66.51,100,
09:37:31,66.51,100,
09:37:31,66.52,1000,
09:37:31,66.52,100,
09:37:31,66.52,4800,
09:37:31,66.52,100,
09:37:31,66.52,100,
09:37:31,66.52,400,
09:37:31,66.52,6000,
09:37:31,66.52,100,
09:37:31,66.52,200,
09:37:35,66.53,2351,
09:37:35,66.53,214,
09:37:35,66.53,1867,
09:37:35,66.52,100,
09:37:35,66.52,500,
09:37:36,66.53,100,
09:37:39,66.5201,100,
09:37:40,66.52,200,
09:37:40,66.52,200,
09:37:41,66.52,300,
09:37:41,66.52,300,
09:37:41,66.52,200,
09:37:42,66.52,200,
09:37:42,66.52,100,
09:37:42,66.52,600,
09:37:42,66.51,1000,
09:37:42,66.51,700,
09:37:42,66.51,700,
09:37:42,66.51,200,
09:37:42,66.51,400,
09:37:46,66.5186,100,
09:37:48,66.51,800,
09:37:49,66.51,115,
09:37:50,66.51,300,
09:37:50,66.51,300,
09:37:52,66.51,1700,
09:37:52,66.51,100,
09:37:52,66.51,100,
09:37:52,66.51,100,
09:37:52,66.51,100,
09:37:54,66.50,642,
09:37:54,66.50,1000,
09:37:54,66.50,2458,
09:37:54,66.50,400,
09:37:54,66.50,100,
09:37:54,66.50,200,
09:37:54,66.50,100,
09:37:54,66.50,3000,
09:37:54,66.50,100,
09:37:54,66.50,500,
09:37:57,66.49,200,
09:37:57,66.49,100,
09:37:57,66.49,100,
09:37:58,66.48,300,
09:37:59,66.48,100,
09:38:00,66.49,1000,
09:38:00,66.49,500,
09:38:00,66.49,100,
09:38:00,66.49,600,
09:38:00,66.49,400,
09:38:00,66.49,100,
09:38:01,66.50,120,
09:38:04,66.49,100,
09:38:04,66.49,100,
09:38:04,66.49,100,
09:38:05,66.49,100,
09:38:06,66.50,200,
09:38:06,66.50,100,
09:38:06,66.50,800,
09:38:06,66.50,800,
09:38:06,66.50,500,
09:38:06,66.50,100,
09:38:06,66.50,200,
09:38:06,66.51,100,
09:38:07,66.5001,900,
09:38:07,66.50,100,
09:38:09,66.49,500,
09:38:09,66.49,200,
09:38:09,66.49,200,
09:38:09,66.49,600,
09:38:09,66.49,100,
09:38:11,66.49,200,
09:38:11,66.49,200,
09:38:11,66.50,100,
09:38:11,66.50,500,
09:38:12,66.50,300,
09:38:12,66.50,100,
09:38:12,66.50,100,
09:38:12,66.50,800,
09:38:17,66.50,600,
09:38:17,66.51,500,
09:38:17,66.51,2500,
09:38:17,66.51,100,
09:38:17,66.51,100,
09:38:17,66.51,200,
09:38:19,66.51,300,
09:38:20,66.52,600,
09:38:20,66.52,100,
09:38:20,66.52,100,
09:38:20,66.52,100,
09:38:21,66.52,100,
09:38:22,66.54,100,
09:38:22,66.51,1000,
09:38:23,66.53,203,
09:38:24,66.53,200,
09:38:24,66.53,200,
09:38:25,66.52,600,
09:38:25,66.52,200,
09:38:25,66.52,800,
09:38:25,66.532,800,
09:38:28,66.53,700,
09:38:30,66.53,100,
09:38:30,66.53,100,
09:38:30,66.53,100,
09:38:30,66.53,500,
09:38:30,66.54,415,
09:38:30,66.54,985,
09:38:30,66.54,1413,
09:38:30,66.54,100,
09:38:30,66.54,100,
09:38:30,66.54,277,
09:38:30,66.54,600,
09:38:30,66.54,100,
09:38:32,66.54,700,
09:38:32,66.54,600,
09:38:32,66.54,100,
09:38:32,66.54,100,
09:38:32,66.54,100,
09:38:32,66.54,100,
09:38:32,66.54,200,
09:38:32,66.54,400,
09:38:32,66.54,400,
09:38:37,66.54,400,
09:38:37,66.54,100,
09:38:37,66.54,200,
09:38:37,66.54,200,
09:38:37,66.54,100,
09:38:37,66.54,600,
09:38:37,66.54,100,
09:38:37,66.54,299,
09:38:37,66.54,100,
09:38:37,66.53,600,
09:38:37,66.53,100,
09:38:37,66.53,500,
09:38:37,66.53,600,
09:38:38,66.54,200,
09:38:41,66.53,800,
09:38:44,66.53,300,
09:38:45,66.5357,160,
09:38:45,66.5379,150,
09:38:45,66.54,100,
09:38:45,66.5379,100,
09:38:45,66.54,130,
09:38:45,66.54,100,
09:38:45,66.54,100,
09:38:46,66.5379,100,
09:38:46,66.5379,140,
09:38:46,66.54,100,
09:38:46,66.54,100,
09:38:46,66.54,1000,
09:38:46,66.54,600,
09:38:46,66.54,400,
09:38:46,66.54,481,
09:38:46,66.54,800,
09:38:46,66.54,600,
09:38:46,66.54,1000,
09:38:46,66.54,323,
09:38:46,66.54,100,
09:38:46,66.54,100,
09:38:46,66.54,100,
09:38:46,66.54,500,
09:38:47,66.54,200,
09:38:47,66.54,600,
09:38:47,66.54,230,
09:38:47,66.54,400,
09:38:47,66.54,100,
09:38:47,66.54,100,
09:38:47,66.54,100,
09:38:47,66.54,200,
09:38:47,66.5414,100,
09:38:47,66.54,200,
09:38:47,66.54,600,
09:38:47,66.54,100,
09:38:50,66.54,100,
09:38:50,66.54,500,
09:38:50,66.54,100,
09:38:52,66.54,600,
09:38:52,66.54,200,
09:38:52,66.54,1000,
09:38:53,66.53,400,
09:38:53,66.53,1255,
09:38:54,66.53,900,
09:38:58,66.5399,5000,
09:38:58,66.53,172,
09:38:58,66.53,100,
09:39:00,66.5286,100,
09:39:00,66.53,100,
09:39:01,66.53,100,
09:39:01,66.53,200,
09:39:01,66.53,100,
09:39:01,66.53,200,
09:39:03,66.5286,1200,
09:39:05,66.5205,100,
09:39:05,66.52,300,
09:39:05,66.5201,300,
09:39:05,66.5201,300,
09:39:05,66.52,100,
09:39:05,66.5201,300,
09:39:05,66.52,100,
09:39:05,66.52,100,
09:39:05,66.52,200,
09:39:06,66.5201,100,
09:39:06,66.52,100,
09:39:06,66.52,200,
09:39:06,66.52,100,
09:39:06,66.53,200,
09:39:07,66.53,400,
09:39:07,66.53,300,
09:39:07,66.53,500,
09:39:07,66.52,300,
09:39:10,66.53,100,
09:39:10,66.53,100,
09:39:10,66.53,100,
09:39:10,66.54,200,
09:39:10,66.54,200,
09:39:11,66.54,100,
09:39:11,66.54,100,
09:39:11,66.54,1000,
09:39:11,66.54,700,
09:39:11,66.54,100,
09:39:11,66.54,100,
09:39:11,66.54,500,
09:39:12,66.54,200,
09:39:12,66.54,500,
09:39:12,66.54,100,
09:39:12,66.54,100,
09:39:13,66.54,100,
09:39:13,66.54,100,
09:39:15,66.55,200,
09:39:15,66.55,200,
09:39:15,66.55,100,
09:39:15,66.55,100,
09:39:15,66.55,500,
09:39:15,66.55,700,
09:39:19,66.55,600,
09:39:19,66.55,300,
09:39:19,66.55,800,
09:39:19,66.55,100,
09:39:19,66.55,500,
09:39:19,66.55,400,
09:39:19,66.55,1000,
09:39:19,66.55,700,
09:39:19,66.55,600,
09:39:19,66.55,100,
09:39:19,66.5441,104,
09:39:20,66.54,113,
09:39:23,66.547,430,
09:39:26,66.548,200,
09:39:26,66.54,100,
09:39:26,66.54,800,
09:39:26,66.54,800,
09:39:26,66.53,300,
09:39:26,66.53,100,
09:39:27,66.54,100,
09:39:27,66.54,100,
09:39:27,66.54,300,
09:39:27,66.54,200,
09:39:29,66.55,100,
09:39:29,66.55,200,
09:39:29,66.55,600,
09:39:35,66.55,150,
09:39:37,66.568,100,
09:39:39,66.558,100,
09:39:39,66.55,800,
09:39:42,66.55,300,
09:39:43,66.5529,1419,
09:39:45,66.55,100,
09:39:47,66.55,800,
09:39:50,66.55,100,
09:39:50,66.55,500,
09:39:50,66.545,181,
09:39:53,66.54,700,
09:39:58,66.55,800,
09:39:58,66.55,100,
09:39:58,66.55,100,
09:39:58,66.55,200,
09:39:58,66.55,100,
09:40:04,66.56,200,
09:40:04,66.56,200,
09:40:04,66.56,100,
09:40:04,66.56,500,
09:40:04,66.56,500,
09:40:04,66.56,100,
09:40:05,66.57,200,
09:40:05,66.57,500,
09:40:05,66.56,100,
09:40:05,66.56,600,
09:40:05,66.56,100,
09:40:12,66.56,900,
09:40:12,66.56,100,
09:40:14,66.56,100,
09:40:18,66.56,100,
09:40:18,66.56,300,
09:40:18,66.56,100,
09:40:18,66.56,800,
09:40:18,66.56,400,
09:40:18,66.56,600,
09:40:18,66.56,100,
09:40:18,66.56,300,
09:40:23,66.56,100,
09:40:23,66.56,600,
09:40:23,66.56,100,
09:40:23,66.56,200,
09:40:23,66.56,300,
09:40:25,66.565,750,
09:40:26,66.56,100,
09:40:26,66.56,200,
09:40:26,66.56,200,
09:40:26,66.57,200,
09:40:27,66.56,500,
09:40:28,66.56,1600,
09:40:28,66.56,300,
09:40:28,66.56,300,
09:40:28,66.56,300,
09:40:28,66.56,4999,
09:40:28,66.55,800,
09:40:28,66.55,100,
09:40:28,66.55,100,
09:40:28,66.55,300,
09:40:28,66.55,400,
09:40:28,66.55,100,
09:40:28,66.55,800,
09:40:28,66.55,800,
09:40:28,66.55,100,
09:40:28,66.55,800,
09:40:28,66.55,1200,
09:40:28,66.55,300,
09:40:28,66.55,4100,
09:40:28,66.55,300,
09:40:28,66.55,1100,
09:40:28,66.55,4885,
09:40:28,66.55,2400,
09:40:28,66.55,815,
09:40:28,66.55,100,
09:40:28,66.55,2400,
09:40:28,66.55,400,
09:40:28,66.55,100,
09:40:28,66.55,600,
09:40:30,66.55,300,
09:40:30,66.55,1100,
09:40:30,66.55,100,
09:40:31,66.55,400,
09:40:31,66.55,780,
09:40:31,66.55,100,
09:40:31,66.55,100,
09:40:31,66.55,300,
09:40:31,66.55,700,
09:40:31,66.55,100,
09:40:31,66.55,415,
09:40:32,66.54,100,
09:40:33,66.55,100,
09:40:36,66.55,300,
09:40:36,66.56,900,
09:40:37,66.55,100,
09:40:37,66.55,400,
09:40:37,66.55,600,
09:40:37,66.55,100,
09:40:37,66.55,500,
09:40:37,66.55,700,
09:40:37,66.55,700,
09:40:37,66.55,800,
09:40:40,66.55,100,
09:40:40,66.55,100,
09:40:40,66.55,100,
09:40:40,66.555,100,
09:40:41,66.55,300,
09:40:41,66.55,500,
09:40:41,66.55,100,
09:40:41,66.55,100,
09:40:41,66.55,400,
09:40:41,66.55,100,
09:40:42,66.56,500,
09:40:42,66.56,100,
09:40:42,66.56,400,
09:40:43,66.56,100,
09:40:43,66.56,100,
09:40:43,66.56,100,
09:40:43,66.56,100,
09:40:47,66.56,400,
09:40:47,66.56,100,
09:40:47,66.56,1000,
09:40:47,66.5579,200,
09:40:47,66.56,300,
09:40:48,66.5599,2000,
09:40:49,66.56,100,
09:40:50,66.56,400,
09:40:50,66.56,100,
09:40:50,66.56,100,
09:40:50,66.56,200,
09:40:55,66.57,300,
09:40:57,66.56,700,
09:40:59,66.5605,700,
09:40:59,66.56,100,
09:40:59,66.56,100,
09:40:59,66.56,100,
09:40:59,66.56,100,
09:40:59,66.55,500,
09:41:02,66.55,100,
09:41:02,66.55,300,
09:41:02,66.55,100,
09:41:02,66.55,100,
09:41:05,66.5493,1000,
09:41:05,66.5497,200,
09:41:05,66.549,2300,
09:41:05,66.549,500,
09:41:07,66.54,300,
09:41:07,66.54,100,
09:41:07,66.54,100,
09:41:08,66.54,1000,
09:41:08,66.54,100,
09:41:08,66.54,800,
09:41:08,66.54,800,
09:41:08,66.54,4000,
09:41:08,66.54,300,
09:41:08,66.54,1000,
09:41:08,66.54,800,
09:41:08,66.55,800,
09:41:14,66.54,100,
09:41:14,66.54,815,
09:41:14,66.54,500,
09:41:14,66.54,100,
09:41:14,66.54,300,
09:41:14,66.54,400,
09:41:14,66.54,100,
09:41:14,66.54,600,
09:41:14,66.54,100,
09:41:14,66.54,325,
09:41:14,66.54,100,
09:41:14,66.54,800,
09:41:14,66.54,100,
09:41:14,66.54,100,
09:41:16,66.5399,680,
09:41:17,66.54,100,
09:41:22,66.54,100,
09:41:22,66.54,600,
09:41:25,66.54,600,
09:41:25,66.54,100,
09:41:25,66.54,800,
09:41:25,66.54,100,
09:41:25,66.54,786,
09:41:25,66.54,700,
09:41:27,66.55,100,
09:41:28,66.55,900,
09:41:29,66.55,100,
09:41:29,66.55,2000,
09:41:29,66.55,500,
09:41:29,66.55,200,
09:41:29,66.55,200,
09:41:37,66.55,400,
09:41:37,66.55,100,
09:41:37,66.55,100,
09:41:37,66.55,100,
09:41:37,66.55,600,
09:41:37,66.55,100,
09:41:42,66.54,100,
09:41:42,66.54,100,
09:41:42,66.54,100,
09:41:42,66.54,404,
09:41:42,66.54,100,
09:41:42,66.54,500,
09:41:42,66.54,200,
09:41:42,66.54,100,
09:41:42,66.54,100,
09:41:42,66.54,2000,
09:41:44,66.55,100,
09:41:44,66.55,200,
09:41:49,66.5401,600,
09:41:53,66.55,100,
09:41:53,66.55,200,
09:41:57,66.54,400,
09:41:57,66.54,100,
09:41:57,66.54,372,
09:41:57,66.54,400,
09:41:57,66.54,100,
09:41:57,66.54,428,
09:41:57,66.54,815,
09:41:57,66.54,500,
09:41:57,66.54,100,
09:41:57,66.54,800,
09:41:57,66.54,428,
09:41:57,66.54,100,
09:41:57,66.545,100,
09:41:59,66.53,200,
09:42:01,66.5314,300,
09:42:02,66.54,300,
09:42:02,66.54,400,
09:42:02,66.53,100,
09:42:02,66.53,100,
09:42:02,66.53,100,
09:42:04,66.53,100,
09:42:05,66.53,100,
09:42:05,66.53,100,
09:42:05,66.53,100,
09:42:05,66.53,100,
09:42:05,66.53,100,
09:42:05,66.53,100,
09:42:12,66.54,800,
09:42:32,66.54,100,
09:42:32,66.54,200,
09:42:32,66.54,100,
09:42:32,66.54,100,
09:42:32,66.54,343,
09:42:32,66.54,100,
09:42:32,66.54,600,
09:42:34,66.5338,1000,
09:42:37,66.5371,1502,
09:42:38,66.53,100,
09:42:38,66.53,681,
09:42:38,66.53,300,
09:42:38,66.53,100,
09:42:38,66.53,100,
09:42:38,66.53,300,
09:42:38,66.53,300,
09:42:38,66.53,500,
09:42:38,66.53,200,
09:42:38,66.53,600,
09:42:38,66.53,100,
09:42:38,66.53,1000,
09:42:38,66.53,2100,
09:42:38,66.53,600,
09:42:38,66.53,100,
09:42:38,66.53,300,
09:42:38,66.53,400,
09:42:44,66.52,200,
09:42:44,66.52,300,
09:42:46,66.52,600,
09:42:47,66.52,500,
09:42:47,66.52,100,
09:42:49,66.51,500,
09:42:50,66.51,200,
09:42:50,66.51,200,
09:42:50,66.51,600,
09:42:50,66.50,400,
09:42:51,66.49,700,
09:42:51,66.50,100,
09:42:53,66.50,100,
09:42:53,66.50,700,
09:42:53,66.50,100,
09:42:53,66.51,300,
09:42:53,66.51,100,
09:42:53,66.51,100,
09:42:53,66.51,600,
09:42:53,66.51,700,
09:42:53,66.51,100,
09:42:55,66.51,300,
09:42:55,66.51,100,
09:42:55,66.51,300,
09:42:55,66.51,800,
09:42:58,66.51,200,
09:43:00,66.51,300,
09:43:01,66.51,500,
09:43:01,66.51,700,
09:43:01,66.51,100,
09:43:01,66.51,200,
09:43:03,66.51,1000,
09:43:03,66.51,200,
09:43:03,66.51,345,
09:43:03,66.51,100,
09:43:03,66.51,600,
09:43:03,66.51,300,
09:43:03,66.51,618,
09:43:03,66.51,202,
09:43:03,66.51,398,
09:43:03,66.51,298,
09:43:03,66.51,455,
09:43:03,66.51,400,
09:43:03,66.51,598,
09:43:03,66.51,684,
09:43:03,66.51,548,
09:43:03,66.51,267,
09:43:03,66.51,733,
09:43:03,66.51,152,
09:43:03,66.51,1800,
09:43:03,66.51,100,
09:43:03,66.51,100,
09:43:03,66.51,3025,
09:43:03,66.52,800,
09:43:03,66.52,300,
09:43:03,66.52,400,
09:43:03,66.52,400,
09:43:03,66.51,200,
09:43:03,66.51,300,
09:43:03,66.52,400,
09:43:03,66.52,700,
09:43:03,66.52,100,
09:43:03,66.52,600,
09:43:03,66.52,1800,
09:43:03,66.51,375,
09:43:03,66.51,440,
09:43:03,66.51,700,
09:43:03,66.51,1000,
09:43:06,66.51,800,
09:43:08,66.51,100,
09:43:08,66.51,100,
09:43:08,66.50,500,
09:43:08,66.50,1000,
09:43:08,66.50,100,
09:43:08,66.50,225,
09:43:08,66.50,600,
09:43:08,66.50,375,
09:43:08,66.50,400,
09:43:08,66.50,800,
09:43:08,66.50,100,
09:43:08,66.50,225,
09:43:08,66.50,590,
09:43:08,66.50,500,
09:43:08,66.50,100,
09:43:08,66.50,100,
09:43:08,66.50,100,
09:43:08,66.50,100,
09:43:08,66.49,300,
09:43:08,66.49,600,
09:43:08,66.49,800,
09:43:08,66.49,100,
09:43:08,66.49,590,
09:43:11,66.49,750,
09:43:14,66.49,800,
09:43:15,66.49,100,
09:43:15,66.49,100,
09:43:20,66.49,900,
09:43:20,66.49,100,
09:43:20,66.4886,100,
09:43:20,66.4886,100,
09:43:20,66.49,100,
09:43:20,66.49,100,
09:43:20,66.49,300,
09:43:21,66.49,200,
09:43:24,66.50,100,
09:43:24,66.50,700,
09:43:24,66.50,500,
09:43:24,66.51,100,
09:43:25,66.51,600,
09:43:25,66.51,1000,
09:43:25,66.51,500,
09:43:25,66.51,300,
09:43:27,66.505,100,
09:43:27,66.50,700,
09:43:27,66.50,200,
09:43:28,66.495,3000,
09:43:33,66.49,800,
09:43:33,66.49,567,
09:43:33,66.49,800,
09:43:33,66.49,200,
09:43:33,66.49,300,
09:43:35,66.4877,300,
09:43:36,66.489,300,
09:43:36,66.49,100,
09:43:36,66.49,100,
09:43:36,66.49,200,
09:43:42,66.49,300,
09:43:42,66.49,100,
09:43:42,66.49,200,
09:43:42,66.49,400,
09:43:42,66.49,200,
09:43:42,66.49,500,
09:43:42,66.49,7700,
09:43:46,66.4899,3000,
09:43:53,66.48,100,
09:43:53,66.485,4000,
09:43:53,66.48,200,
09:43:54,66.48,800,
09:43:54,66.48,100,
09:43:54,66.48,300,
09:43:54,66.475,170,
09:43:59,66.48,2300,
09:43:59,66.48,600,
09:43:59,66.48,100,
09:43:59,66.48,100,
09:43:59,66.48,700,
09:43:59,66.48,1000,
09:43:59,66.48,600,
09:43:59,66.48,1000,
09:43:59,66.48,100,
09:44:00,66.48,400,
09:44:00,66.4799,100,
09:44:02,66.4716,400,
09:44:05,66.47,800,
09:44:05,66.47,300,
09:44:05,66.47,100,
09:44:05,66.47,100,
09:44:07,66.475,100,
09:44:08,66.48,100,
09:44:09,66.48,800,
09:44:09,66.48,400,
09:44:09,66.48,100,
09:44:09,66.48,600,
09:44:09,66.48,100,
09:44:09,66.48,200,
09:44:11,66.48,115,
09:44:14,66.48,700,
09:44:14,66.48,100,
09:44:15,66.47,100,
09:44:15,66.4699,500,
09:44:21,66.465,700,
09:44:25,66.46,100,
09:44:25,66.46,100,
09:44:25,66.46,300,
09:44:25,66.46,100,
09:44:25,66.46,100,
09:44:27,66.4579,150,
09:44:29,66.46,600,
09:44:30,66.46,800,
09:44:30,66.46,100,
09:44:30,66.46,500,
09:44:31,66.46,800,
09:44:31,66.46,800,
09:44:31,66.46,900,
09:44:32,66.46,500,
09:44:32,66.46,100,
09:44:33,66.46,200,
09:44:33,66.46,400,
09:44:33,66.46,300,
09:44:35,66.45,100,
09:44:35,66.46,500,
09:44:36,66.45,300,
09:44:36,66.45,100,
09:44:36,66.45,500,
09:44:36,66.45,600,
09:44:36,66.45,500,
09:44:37,66.45,600,
09:44:37,66.4421,300,
09:44:39,66.45,400,
09:44:39,66.45,100,
09:44:39,66.45,100,
09:44:42,66.44,600,
09:44:42,66.44,100,
09:44:43,66.44,600,
09:44:43,66.4321,130,
09:44:44,66.4321,100,
09:44:45,66.439,700,
09:44:45,66.44,100,
09:44:45,66.44,400,
09:44:45,66.4486,200,
09:44:46,66.45,700,
09:44:46,66.45,300,
09:44:46,66.45,100,
09:44:46,66.45,813,
09:44:46,66.45,447,
09:44:46,66.46,100,
09:44:46,66.46,200,
09:44:50,66.45,800,
09:44:53,66.46,300,
09:44:53,66.4614,100,
09:44:55,66.47,800,
09:44:55,66.47,100,
09:44:55,66.47,1000,
09:44:55,66.47,600,
09:44:55,66.47,600,
09:44:55,66.47,115,
09:44:57,66.48,500,
09:44:57,66.48,700,
09:44:57,66.48,200,
09:44:57,66.48,100,
09:44:59,66.47,100,
09:44:59,66.47,600,
09:44:59,66.47,700,
09:44:59,66.47,100,
09:44:59,66.47,100,
09:45:01,66.47,400,
09:45:01,66.47,200,
09:45:02,66.47,600,
09:45:04,66.46,800,
09:45:10,66.46,500,
09:45:10,66.46,200,
09:45:10,66.46,100,
09:45:11,66.46,200,
09:45:15,66.45,100,
09:45:15,66.45,100,
09:45:17,66.45,600,
09:45:18,66.45,700,
09:45:19,66.45,100,
09:45:19,66.45,600,
09:45:19,66.4421,1000,
09:45:24,66.4493,300,
09:45:25,66.45,100,
09:45:25,66.45,100,
09:45:25,66.45,100,
09:45:27,66.45,134,
09:45:27,66.45,206,
09:45:27,66.45,1000,
09:45:27,66.45,800,
09:45:27,66.45,100,
09:45:27,66.45,600,
09:45:27,66.45,100,
09:45:27,66.45,600,
09:45:27,66.45,100,
09:45:29,66.45,600,
09:45:30,66.45,200,
09:45:30,66.45,100,
09:45:30,66.45,600,
09:45:30,66.45,100,
09:45:32,66.45,100,
09:45:32,66.45,700,
09:45:32,66.45,500,
09:45:32,66.45,200,
09:45:33,66.45,500,
09:45:37,66.46,100,
09:45:38,66.46,100,
09:45:38,66.46,800,
09:45:38,66.46,1000,
09:45:38,66.46,100,
09:45:38,66.46,600,
09:45:38,66.47,100,
09:45:41,66.47,300,
09:45:43,66.46,600,
09:45:43,66.46,700,
09:45:43,66.46,100,
09:45:43,66.46,200,
09:45:52,66.45,300,
09:45:52,66.45,100,
09:45:52,66.45,800,
09:45:52,66.45,200,
09:45:52,66.45,1000,
09:45:52,66.45,300,
09:45:52,66.45,100,
09:45:52,66.45,1000,
09:45:56,66.44,100,
09:45:56,66.44,600,
09:45:56,66.44,100,
09:45:56,66.44,100,
09:45:56,66.44,600,
09:45:57,66.44,400,
09:45:57,66.44,100,
09:45:57,66.44,100,
09:45:58,66.44,100,
09:45:59,66.44,400,
09:46:02,66.44,100,
09:46:02,66.44,100,
09:46:02,66.44,100,
09:46:03,66.43,100,
09:46:07,66.43,200,
09:46:09,66.44,100,
09:46:09,66.44,100,
09:46:09,66.44,100,
09:46:09,66.44,500,
09:46:09,66.44,200,
09:46:09,66.44,795,
09:46:09,66.44,200,
09:46:09,66.44,200,
09:46:09,66.44,100,
09:46:09,66.44,1005,
09:46:09,66.44,300,
09:46:13,66.45,100,
09:46:14,66.45,100,
09:46:14,66.46,300,
09:46:14,66.46,100,
09:46:14,66.46,600,
09:46:14,66.46,3000,
09:46:15,66.47,100,
09:46:15,66.47,600,
09:46:19,66.47,100,
09:46:19,66.47,200,
09:46:19,66.47,600,
09:46:19,66.47,100,
09:46:19,66.47,1000,
09:46:19,66.47,100,
09:46:19,66.47,176,
09:46:19,66.47,824,
09:46:21,66.46,300,
09:46:21,66.46,600,
09:46:21,66.46,500,
09:46:21,66.4516,300,
09:46:22,66.45,100,
09:46:24,66.45,1500,
09:46:24,66.45,200,
09:46:24,66.45,700,
09:46:24,66.45,300,
09:46:25,66.45,1000,
09:46:25,66.45,1000,
09:46:25,66.45,100,
09:46:25,66.45,100,
09:46:25,66.45,700,
09:46:25,66.45,300,
09:46:25,66.45,800,
09:46:25,66.45,526,
09:46:25,66.45,100,
09:46:25,66.45,800,
09:46:25,66.45,600,
09:46:25,66.45,100,
09:46:25,66.45,100,
09:46:25,66.45,100,
09:46:25,66.45,700,
09:46:25,66.46,100,
09:46:25,66.45,1000,
09:46:25,66.45,300,
09:46:25,66.45,700,
09:46:25,66.45,4335,
09:46:25,66.45,1000,
09:46:25,66.45,100,
09:46:25,66.45,600,
09:46:25,66.45,800,
09:46:25,66.45,100,
09:46:28,66.45,700,
09:46:29,66.45,1000,
09:46:29,66.45,800,
09:46:29,66.45,600,
09:46:29,66.45,973,
09:46:29,66.45,100,
09:46:29,66.45,100,
09:46:29,66.45,100,
09:46:29,66.45,100,
09:46:29,66.45,600,
09:46:29,66.45,1000,
09:46:29,66.45,1922,
09:46:29,66.45,100,
09:46:29,66.45,700,
09:46:29,66.45,1450,
09:46:29,66.45,100,
09:46:29,66.45,1000,
09:46:29,66.45,200,
09:46:29,66.45,2100,
09:46:29,66.45,600,
09:46:29,66.45,200,
09:46:29,66.45,600,
09:46:29,66.45,100,
09:46:29,66.45,1450,
09:46:29,66.45,500,
09:46:29,66.45,1000,
09:46:29,66.45,100,
09:46:29,66.45,1000,
09:46:29,66.45,600,
09:46:29,66.45,3553,
09:46:30,66.45,1000,
09:46:30,66.45,1400,
09:46:33,66.45,800,
09:46:33,66.45,478,
09:46:33,66.45,600,
09:46:33,66.45,178,
09:46:33,66.45,222,
09:46:33,66.45,800,
09:46:33,66.45,600,
09:46:33,66.45,500,
09:46:33,66.45,600,
09:46:33,66.45,900,
09:46:33,66.45,600,
09:46:33,66.45,600,
09:46:33,66.45,900,
09:46:33,66.45,300,
09:46:33,66.45,700,
09:46:33,66.45,800,
09:46:33,66.45,300,
09:46:33,66.45,145,
09:46:33,66.45,421,
09:46:33,66.45,806,
09:46:33,66.45,200,
09:46:33,66.45,200,
09:46:33,66.45,100,
09:46:36,66.45,600,
09:46:36,66.45,100,
09:46:40,66.45,500,
09:46:40,66.45,500,
09:46:40,66.45,1000,
09:46:40,66.45,200,
09:46:40,66.45,1300,
09:46:40,66.45,600,
09:46:40,66.45,600,
09:46:40,66.45,800,
09:46:40,66.45,100,
09:46:40,66.45,800,
09:46:40,66.45,600,
09:46:40,66.45,1000,
09:46:40,66.45,2000,
09:46:40,66.45,1000,
09:46:40,66.45,200,
09:46:40,66.45,2000,
09:46:40,66.45,200,
09:46:40,66.45,100,
09:46:40,66.45,200,
09:46:41,66.45,600,
09:46:41,66.45,600,
09:46:41,66.45,290,
09:46:41,66.45,1800,
09:46:41,66.45,700,
09:46:41,66.45,200,
09:46:41,66.45,800,
09:46:41,66.45,800,
09:46:41,66.45,100,
09:46:41,66.45,690,
09:46:41,66.45,100,
09:46:41,66.45,600,
09:46:41,66.45,700,
09:46:41,66.45,2000,
09:46:41,66.45,1000,
09:46:41,66.45,174,
09:46:41,66.45,1000,
09:46:41,66.45,800,
09:46:41,66.45,100,
09:46:41,66.45,600,
09:46:41,66.45,526,
09:46:41,66.45,100,
09:46:42,66.45,500,
09:46:42,66.46,100,
09:46:42,66.45,200,
09:46:43,66.45,700,
09:46:46,66.45,700,
09:46:49,66.45,800,
09:46:51,66.45,200,
09:46:51,66.45,100,
09:46:52,66.45,200,
09:46:52,66.45,600,
09:46:52,66.45,600,
09:46:54,66.45,300,
09:46:54,66.45,100,
09:46:54,66.45,500,
09:46:58,66.44,400,
09:46:59,66.44,100,
09:46:59,66.44,100,
09:47:02,66.4386,400,
09:47:02,66.4386,100,
09:47:02,66.4386,1000,
09:47:04,66.43,100,
09:47:04,66.43,100,
09:47:04,66.43,100,
09:47:04,66.43,100,
09:47:06,66.4387,1490,
09:47:07,66.44,300,
09:47:07,66.4399,300,
09:47:07,66.44,300,
09:47:07,66.4399,200,
09:47:07,66.4399,100,
09:47:07,66.4399,200,
09:47:10,66.43,700,
09:47:11,66.4396,400,
09:47:13,66.44,100,
09:47:13,66.44,600,
09:47:13,66.44,100,
09:47:13,66.44,300,
09:47:13,66.44,300,
09:47:13,66.44,100,
09:47:13,66.44,100,
09:47:18,66.44,300,
09:47:21,66.45,100,
09:47:21,66.45,500,
09:47:23,66.44,100,
09:47:23,66.44,100,
09:47:23,66.44,100,
09:47:23,66.44,100,
09:47:23,66.44,200,
09:47:23,66.44,200,
09:47:23,66.44,100,
09:47:23,66.44,100,
09:47:23,66.44,100,
09:47:23,66.44,104,
09:47:23,66.44,100,
09:47:23,66.44,100,
09:47:23,66.44,546,
09:47:25,66.43,800,
09:47:25,66.42,800,
09:47:25,66.4201,3983,
09:47:30,66.43,600,
09:47:30,66.43,800,
09:47:30,66.43,500,
09:47:30,66.43,100,
09:47:30,66.43,1000,
09:47:30,66.43,800,
09:47:30,66.43,300,
09:47:30,66.43,300,
09:47:30,66.43,100,
09:47:30,66.43,100,
09:47:30,66.43,700,
09:47:30,66.43,600,
09:47:30,66.43,500,
09:47:30,66.43,100,
09:47:35,66.43,600,
09:47:35,66.43,100,
09:47:35,66.43,116,
09:47:35,66.43,284,
09:47:35,66.43,800,
09:47:35,66.42,100,
09:47:35,66.42,400,
09:47:35,66.42,100,
09:47:35,66.42,100,
09:47:35,66.42,100,
09:47:35,66.42,100,
09:47:35,66.42,1000,
09:47:37,66.43,700,
09:47:37,66.43,600,
09:47:37,66.43,100,
09:47:37,66.43,300,
09:47:37,66.43,100,
09:47:37,66.43,486,
09:47:37,66.43,100,
09:47:37,66.43,200,
09:47:37,66.4201,7500,
09:47:44,66.42,100,
09:47:44,66.42,2772,
09:47:45,66.415,815,
09:47:48,66.42,100,
09:47:49,66.42,200,
09:47:49,66.42,200,
09:47:49,66.42,416,
09:47:49,66.42,100,
09:47:49,66.43,100,
09:47:49,66.43,400,
09:47:50,66.43,800,
09:47:51,66.43,100,
09:47:51,66.43,100,
09:47:51,66.41,815,
09:47:52,66.42,167,
09:47:52,66.42,100,
09:47:52,66.42,476,
09:47:52,66.42,176,
09:47:52,66.42,124,
09:47:55,66.42,500,
09:47:55,66.41,300,
09:47:55,66.41,100,
09:47:55,66.41,800,
09:47:55,66.41,800,
09:47:55,66.41,800,
09:47:55,66.41,100,
09:47:55,66.41,100,
09:47:55,66.41,100,
09:47:55,66.41,800,
09:47:55,66.41,400,
09:47:55,66.41,100,
09:47:55,66.41,100,
09:47:55,66.41,100,
09:47:55,66.41,800,
09:47:55,66.402,635,
09:47:55,66.41,500,
09:47:55,66.40,200,
09:47:55,66.40,100,
09:47:55,66.40,2000,
09:47:55,66.40,100,
09:47:55,66.40,100,
09:47:55,66.40,1000,
09:47:55,66.40,533,
09:47:55,66.40,100,
09:47:55,66.40,200,
09:47:55,66.40,167,
09:47:56,66.4057,300,
09:47:58,66.405,100,
09:48:00,66.41,100,
09:48:00,66.41,100,
09:48:00,66.41,100,
09:48:02,66.4045,4000,
09:48:05,66.40,600,
09:48:05,66.40,200,
09:48:05,66.40,100,
09:48:05,66.40,100,
09:48:05,66.40,100,
09:48:05,66.40,700,
09:48:05,66.40,100,
09:48:05,66.40,100,
09:48:07,66.39,100,
09:48:07,66.39,600,
09:48:07,66.39,180,
09:48:07,66.40,700,
09:48:07,66.40,600,
09:48:07,66.40,1000,
09:48:09,66.40,200,
09:48:09,66.40,400,
09:48:09,66.40,100,
09:48:09,66.40,300,
09:48:09,66.40,200,
09:48:10,66.40,400,
09:48:10,66.40,800,
09:48:11,66.40,100,
09:48:12,66.40,100,
09:48:16,66.41,100,
09:48:19,66.41,100,
09:48:20,66.41,100,
09:48:21,66.41,500,
09:48:21,66.41,500,
09:48:21,66.41,300,
09:48:24,66.4007,500,
09:48:24,66.41,100,
09:48:24,66.41,100,
09:48:24,66.41,700,
09:48:25,66.41,100,
09:48:25,66.41,100,
09:48:25,66.41,200,
09:48:25,66.41,200,
09:48:25,66.41,300,
09:48:25,66.42,790,
09:48:25,66.42,600,
09:48:25,66.42,100,
09:48:25,66.42,600,
09:48:25,66.42,100,
09:48:25,66.42,400,
09:48:26,66.43,800,
09:48:26,66.43,200,
09:48:26,66.43,100,
09:48:27,66.43,400,
09:48:27,66.43,1800,
09:48:27,66.43,1200,
09:48:27,66.43,200,
09:48:28,66.43,500,
09:48:28,66.43,100,
09:48:28,66.43,600,
09:48:32,66.42,800,
09:48:34,66.43,600,
09:48:34,66.43,200,
09:48:34,66.43,200,
09:48:34,66.43,100,
09:48:34,66.43,200,
09:48:34,66.43,600,
09:48:39,66.4399,400,
09:48:46,66.44,200,
09:48:46,66.44,100,
09:48:48,66.45,100,
09:48:48,66.4473,200,
09:48:48,66.45,100,
09:48:51,66.45,100,
09:48:51,66.45,100,
09:48:55,66.45,800,
09:48:56,66.45,1000,
09:48:57,66.46,310,
09:49:03,66.453,123,
09:49:07,66.45,500,
09:49:07,66.45,600,
09:49:07,66.45,100,
09:49:07,66.45,100,
09:49:15,66.4499,5000,
09:49:18,66.45,100,
09:49:21,66.4411,200,
09:49:22,66.45,200,
09:49:22,66.45,100,
09:49:22,66.45,400,
09:49:23,66.44,200,
09:49:23,66.44,100,
09:49:23,66.44,600,
09:49:23,66.44,100,
09:49:23,66.44,400,
09:49:23,66.44,200,
09:49:25,66.43,700,
09:49:25,66.43,200,
09:49:25,66.43,800,
09:49:25,66.43,700,
09:49:26,66.43,100,
09:49:26,66.43,100,
09:49:26,66.43,100,
09:49:26,66.43,100,
09:49:31,66.438,3200,
09:49:32,66.43,1600,
09:49:32,66.43,200,
09:49:32,66.43,100,
09:49:32,66.43,100,
09:49:32,66.43,900,
09:49:32,66.43,700,
09:49:32,66.43,100,
09:49:32,66.42,1797,
09:49:32,66.42,1103,
09:49:32,66.43,100,
09:49:32,66.43,100,
09:49:32,66.43,600,
09:49:32,66.43,3700,
09:49:32,66.43,100,
09:49:32,66.43,3300,
09:49:32,66.43,200,
09:49:32,66.43,800,
09:49:32,66.43,400,
09:49:32,66.43,100,
09:49:32,66.43,100,
09:49:32,66.43,600,
09:49:32,66.43,100,
09:49:32,66.43,200,
09:49:32,66.42,100,
09:49:32,66.42,500,
09:49:32,66.42,800,
09:49:32,66.42,300,
09:49:32,66.42,200,
09:49:32,66.42,1000,
09:49:32,66.42,300,
09:49:32,66.42,600,
09:49:32,66.42,100,
09:49:32,66.42,300,
09:49:32,66.42,100,
09:49:32,66.42,200,
09:49:32,66.42,600,
09:49:32,66.42,100,
09:49:32,66.42,200,
09:49:32,66.42,300,
09:49:32,66.42,400,
09:49:32,66.42,100,
09:49:32,66.42,400,
09:49:32,66.42,100,
09:49:32,66.42,100,
09:49:33,66.41,300,
09:49:33,66.41,300,
09:49:33,66.41,100,
09:49:36,66.42,100,
09:49:36,66.42,100,
09:49:36,66.42,500,
09:49:37,66.42,198,
09:49:37,66.42,100,
09:49:38,66.42,100,
09:49:38,66.42,100,
09:49:38,66.42,600,
09:49:43,66.4121,500,
09:49:45,66.41,600,
09:49:46,66.41,600,
09:49:46,66.41,300,
09:49:46,66.41,100,
09:49:46,66.41,100,
09:49:47,66.41,500,
09:49:48,66.41,100,
09:49:48,66.41,100,
09:49:48,66.41,200,
09:49:48,66.41,100,
09:49:48,66.41,100,
09:49:48,66.41,118,
09:49:49,66.409,100,
09:49:49,66.41,300,
09:49:49,66.41,200,
09:49:53,66.4093,300,
09:49:58,66.40,500,
09:49:58,66.41,600,
09:49:58,66.41,800,
09:49:58,66.41,100,
09:49:58,66.41,200,
09:49:58,66.41,328,
09:49:58,66.41,100,
09:49:58,66.41,800,
09:49:58,66.41,600,
09:49:58,66.41,500,
09:50:01,66.42,100,
09:50:01,66.42,100,
09:50:01,66.42,200,
09:50:01,66.43,500,
09:50:01,66.43,1000,
09:50:01,66.43,400,
09:50:01,66.43,100,
09:50:01,66.43,300,
09:50:01,66.43,100,
09:50:01,66.43,900,
09:50:01,66.43,1800,
09:50:03,66.43,600,
09:50:03,66.43,100,
09:50:03,66.43,500,
09:50:13,66.44,600,
09:50:13,66.44,500,
09:50:13,66.44,200,
09:50:19,66.45,100,
09:50:20,66.45,300,
09:50:20,66.45,100,
09:50:20,66.45,100,
09:50:22,66.45,100,
09:50:22,66.45,200,
09:50:22,66.45,400,
09:50:22,66.45,200,
09:50:22,66.45,800,
09:50:24,66.45,137,
09:50:26,66.45,800,
09:50:29,66.46,600,
09:50:31,66.45,100,
09:50:31,66.45,100,
09:50:31,66.45,100,
09:50:31,66.45,700,
09:50:31,66.45,100,
09:50:31,66.45,100,
09:50:31,66.45,100,
09:50:35,66.45,400,
09:50:35,66.45,100,
09:50:35,66.45,1200,
09:50:35,66.45,200,
09:50:35,66.45,100,
09:50:35,66.45,500,
09:50:40,66.46,100,
09:50:40,66.46,400,
09:50:40,66.46,300,
09:50:41,66.46,100,
09:50:41,66.46,100,
09:50:41,66.46,100,
09:50:41,66.46,100,
09:50:41,66.46,100,
09:50:41,66.46,100,
09:50:41,66.46,100,
09:50:42,66.46,100,
09:50:42,66.46,100,
09:50:42,66.46,100,
09:50:42,66.46,200,
09:50:42,66.46,200,
09:50:42,66.46,100,
09:50:42,66.46,500,
09:50:42,66.46,100,
09:50:42,66.46,200,
09:50:42,66.46,200,
09:50:42,66.46,260,
09:50:42,66.4679,500,
09:50:48,66.46,700,
09:50:48,66.46,200,
09:50:48,66.46,100,
09:50:48,66.46,700,
09:50:48,66.46,700,
09:50:48,66.46,100,
09:50:48,66.46,1057,
09:50:48,66.46,100,
09:50:48,66.46,100,
09:50:50,66.46,200,
09:50:50,66.46,100,
09:50:53,66.46,100,
09:50:53,66.46,100,
09:50:53,66.46,100,
09:50:53,66.46,200,
09:50:53,66.46,100,
09:50:56,66.47,100,
09:51:01,66.47,200,
09:51:01,66.47,100,
09:51:01,66.47,112,
09:51:01,66.47,1000,
09:51:01,66.47,370,
09:51:05,66.46,400,
09:51:08,66.46,1000,
09:51:10,66.46,100,
09:51:10,66.46,400,
09:51:10,66.46,200,
09:51:10,66.46,100,
09:51:10,66.46,100,
09:51:12,66.458,500,
09:51:13,66.45,600,
09:51:13,66.458,100,
09:51:14,66.45,100,
09:51:14,66.45,100,
09:51:14,66.45,200,
09:51:14,66.45,200,
09:51:15,66.44,1200,
09:51:15,66.44,300,
09:51:15,66.44,100,
09:51:15,66.44,300,
09:51:15,66.44,100,
09:51:15,66.44,600,
09:51:15,66.44,815,
09:51:15,66.44,1000,
09:51:15,66.44,500,
09:51:15,66.44,300,
09:51:15,66.44,100,
09:51:15,66.44,4100,
09:51:15,66.44,1000,
09:51:15,66.44,1000,
09:51:15,66.44,100,
09:51:15,66.44,600,
09:51:15,66.44,1200,
09:51:15,66.44,100,
09:51:15,66.44,2000,
09:51:15,66.44,2400,
09:51:15,66.44,500,
09:51:15,66.44,2200,
09:51:15,66.44,400,
09:51:15,66.44,500,
09:51:15,66.44,400,
09:51:18,66.44,500,
09:51:18,66.44,700,
09:51:18,66.44,100,
09:51:18,66.44,100,
09:51:18,66.44,100,
09:51:22,66.44,800,
09:51:24,66.44,109,
09:51:24,66.44,115,
09:51:24,66.44,133,
09:51:24,66.44,100,
09:51:24,66.44,100,
09:51:24,66.45,200,
09:51:29,66.45,900,
09:51:32,66.44,6700,
09:51:32,66.44,2000,
09:51:32,66.44,100,
09:51:32,66.44,1400,
09:51:34,66.45,200,
09:51:35,66.44,600,
09:51:35,66.44,100,
09:51:35,66.44,100,
09:51:35,66.44,600,
09:51:35,66.44,100,
09:51:35,66.44,2400,
09:51:35,66.44,1474,
09:51:35,66.44,3726,
09:51:35,66.44,700,
09:51:35,66.44,100,
09:51:36,66.44,1000,
09:51:36,66.44,500,
09:51:36,66.44,200,
09:51:36,66.44,100,
09:51:36,66.44,600,
09:51:36,66.44,100,
09:51:36,66.44,100,
09:51:36,66.44,100,
09:51:38,66.45,100,
09:51:38,66.45,100,
09:51:38,66.45,100,
09:51:38,66.45,300,
09:51:38,66.45,400,
09:51:38,66.45,351,
09:51:38,66.45,100,
09:51:38,66.45,100,
09:51:38,66.46,300,
09:51:38,66.46,100,
09:51:40,66.46,1000,
09:51:41,66.4514,150,
09:51:44,66.45,1000,
09:51:44,66.45,600,
09:51:50,66.45,700,
09:51:50,66.45,200,
09:51:57,66.45,800,
09:51:57,66.45,200,
09:51:57,66.45,100,
09:51:57,66.45,100,
09:51:57,66.45,100,
09:51:57,66.45,100,
09:51:57,66.45,100,
09:51:58,66.45,100,
09:52:03,66.45,200,
09:52:05,66.45,100,
09:52:06,66.45,370,
09:52:06,66.45,600,
09:52:06,66.45,200,
09:52:07,66.452,100,
09:52:09,66.45,700,
09:52:11,66.45,100,
09:52:11,66.45,200,
09:52:11,66.45,100,
09:52:11,66.45,100,
09:52:11,66.45,200,
09:52:11,66.45,600,
09:52:11,66.45,100,
09:52:11,66.45,335,
09:52:11,66.45,100,
09:52:11,66.45,600,
09:52:13,66.45,800,
09:52:16,66.45,100,
09:52:18,66.45,400,
09:52:18,66.45,200,
09:52:18,66.448,200,
09:52:18,66.4493,400,
09:52:18,66.4492,100,
09:52:20,66.45,300,
09:52:21,66.45,300,
09:52:21,66.45,300,
09:52:28,66.45,100,
09:52:28,66.45,200,
09:52:28,66.45,100,
09:52:31,66.45,300,
09:52:31,66.45,100,
09:52:34,66.45,126,
09:52:34,66.45,100,
09:52:37,66.46,488,
09:52:37,66.46,600,
09:52:37,66.46,100,
09:52:37,66.46,488,
09:52:40,66.46,100,
09:52:40,66.46,100,
09:52:43,66.452,140,
09:52:46,66.45,200,
09:52:46,66.45,100,
09:53:01,66.45,100,
09:53:01,66.45,200,
09:53:01,66.45,400,
09:53:01,66.45,100,
09:53:01,66.45,100,
09:53:01,66.45,100,
09:53:01,66.45,100,
09:53:01,66.45,200,
09:53:01,66.45,100,
09:53:02,66.45,1000,
09:53:04,66.4486,400,
09:53:04,66.45,700,
09:53:08,66.44,1000,
09:53:10,66.44,100,
09:53:10,66.44,100,
09:53:10,66.44,100,
09:53:13,66.45,500,
09:53:13,66.45,200,
09:53:16,66.45,100,
09:53:16,66.45,100,
09:53:16,66.45,100,
09:53:16,66.45,100,
09:53:16,66.45,200,
09:53:16,66.45,100,
09:53:18,66.4432,9500,
09:53:18,66.45,300,
09:53:19,66.4415,400,
09:53:19,66.442,2000,
09:53:20,66.45,700,
09:53:20,66.45,600,
09:53:20,66.45,100,
09:53:20,66.45,100,
09:53:20,66.45,100,
09:53:20,66.45,100,
09:53:20,66.45,561,
09:53:20,66.45,100,
09:53:20,66.45,100,
09:53:22,66.45,800,
09:53:26,66.45,800,
09:53:26,66.45,100,
09:53:26,66.45,100,
09:53:27,66.45,500,
09:53:28,66.45,700,
09:53:28,66.45,200,
09:53:28,66.45,100,
09:53:28,66.45,100,
09:53:31,66.45,700,
09:53:39,66.4576,900,
09:53:43,66.45,300,
09:53:44,66.4523,147,
09:53:45,66.45,700,
09:53:45,66.45,100,
09:53:45,66.45,100,
09:53:45,66.45,100,
09:53:45,66.45,100,
09:53:51,66.45,300,
09:53:51,66.45,400,
09:53:55,66.45,200,
09:53:55,66.45,400,
09:53:58,66.45,100,
09:53:58,66.45,100,
09:54:02,66.45,500,
09:54:02,66.442,7500,
09:54:03,66.45,125,
09:54:03,66.45,200,
09:54:07,66.4481,100,
09:54:09,66.45,100,
09:54:09,66.45,800,
09:54:10,66.45,100,
09:54:10,66.45,617,
09:54:10,66.45,100,
09:54:10,66.45,200,
09:54:10,66.45,100,
09:54:10,66.45,100,
09:54:11,66.45,700,
09:54:14,66.45,100,
09:54:14,66.45,400,
09:54:16,66.45,100,
09:54:17,66.46,100,
09:54:17,66.46,100,
09:54:19,66.458,1500,
09:54:20,66.4589,100,
09:54:22,66.45,800,
09:54:22,66.45,300,
09:54:22,66.45,100,
09:54:22,66.45,600,
09:54:22,66.45,370,
09:54:22,66.45,600,
09:54:22,66.45,100,
09:54:22,66.45,100,
09:54:22,66.45,100,
09:54:22,66.45,100,
09:54:22,66.45,155,
09:54:22,66.45,100,
09:54:22,66.45,100,
09:54:22,66.45,270,
09:54:22,66.45,800,
09:54:22,66.45,1000,
09:54:22,66.45,100,
09:54:24,66.46,100,
09:54:33,66.45,800,
09:54:33,66.45,800,
09:54:33,66.45,100,
09:54:33,66.45,100,
09:54:34,66.44,100,
09:54:34,66.44,100,
09:54:34,66.44,100,
09:54:34,66.44,100,
09:54:34,66.44,100,
09:54:34,66.44,800,
09:54:34,66.44,100,
09:54:34,66.44,100,
09:54:34,66.44,100,
09:54:34,66.44,100,
09:54:34,66.44,100,
09:54:35,66.45,100,
09:54:35,66.45,100,
09:54:35,66.45,100,
09:54:35,66.45,100,
09:54:41,66.46,100,
09:54:43,66.46,100,
09:54:43,66.46,900,
09:54:44,66.45,300,
09:54:47,66.46,100,
09:54:47,66.46,100,
09:54:48,66.45,800,
09:54:48,66.45,200,
09:54:48,66.45,100,
09:54:48,66.45,400,
09:54:48,66.45,1000,
09:54:48,66.45,100,
09:54:48,66.45,100,
09:54:48,66.45,200,
09:54:48,66.45,100,
09:54:48,66.45,100,
09:54:50,66.45,100,
09:54:50,66.45,500,
09:54:51,66.45,100,
09:54:51,66.45,100,
09:54:51,66.4499,930,
09:54:54,66.46,100,
09:54:54,66.46,400,
09:54:54,66.46,100,
09:54:54,66.46,100,
09:54:54,66.46,500,
09:54:54,66.46,800,
09:54:54,66.46,100,
09:54:54,66.46,100,
09:54:54,66.46,400,
09:54:54,66.46,2000,
09:54:54,66.46,397,
09:54:54,66.46,100,
09:54:54,66.46,5000,
09:54:54,66.46,400,
09:54:55,66.46,100,
09:54:55,66.46,100,
09:54:55,66.46,100,
09:54:55,66.46,100,
09:54:55,66.46,100,
09:54:55,66.45,100,
09:54:55,66.45,100,
09:54:55,66.45,100,
09:54:55,66.45,100,
09:54:55,66.45,100,
09:54:55,66.45,100,
09:54:55,66.45,100,
09:54:55,66.45,100,
09:54:55,66.45,100,
09:54:55,66.455,600,
09:54:55,66.455,500,
09:54:56,66.45,500,
09:54:56,66.45,100,
09:54:56,66.45,300,
09:54:56,66.45,600,
09:54:57,66.45,400,
09:54:57,66.45,100,
09:54:57,66.45,100,
09:54:57,66.45,100,
09:54:57,66.45,100,
09:54:58,66.44,100,
09:54:58,66.44,600,
09:54:58,66.44,100,
09:54:58,66.43,200,
09:54:58,66.43,100,
09:54:58,66.43,100,
09:54:58,66.43,100,
09:54:58,66.44,200,
09:54:58,66.43,100,
09:54:58,66.44,100,
09:54:58,66.43,100,
09:54:58,66.44,100,
09:54:58,66.43,100,
09:54:58,66.43,100,
09:54:58,66.43,100,
09:54:58,66.43,100,
09:54:58,66.43,100,
09:54:58,66.43,100,
09:54:58,66.44,800,
09:54:58,66.43,100,
09:54:58,66.43,200,
09:54:58,66.435,205,
09:54:58,66.42,100,
09:54:58,66.43,100,
09:54:58,66.43,700,
09:54:58,66.43,100,
09:54:58,66.43,400,
09:54:58,66.43,100,
09:54:58,66.43,200,
09:54:58,66.43,585,
09:54:58,66.43,100,
09:54:58,66.43,400,
09:54:58,66.43,1000,
09:54:58,66.43,500,
09:54:58,66.43,500,
09:54:58,66.43,100,
09:54:58,66.44,100,
09:54:58,66.44,800,
09:54:58,66.44,1000,
09:54:58,66.44,400,
09:54:58,66.44,100,
09:54:58,66.44,400,
09:54:58,66.44,100,
09:54:58,66.44,400,
09:54:58,66.44,100,
09:54:59,66.445,700,
09:54:59,66.445,1100,
09:54:59,66.445,400,
09:54:59,66.445,100,
09:54:59,66.44,171,
09:54:59,66.445,400,
09:54:59,66.44,129,
09:54:59,66.44,100,
09:54:59,66.445,500,
09:54:59,66.445,500,
09:54:59,66.445,900,
09:55:00,66.45,100,
09:55:00,66.45,100,
09:55:00,66.45,400,
09:55:00,66.46,100,
09:55:00,66.45,100,
09:55:00,66.45,100,
09:55:00,66.455,500,
09:55:00,66.455,500,
09:55:01,66.455,311,
09:55:01,66.455,1800,
09:55:01,66.455,700,
09:55:01,66.45,800,
09:55:01,66.455,300,
09:55:02,66.455,3700,
09:55:02,66.455,281,
09:55:02,66.45,200,
09:55:02,66.45,400,
09:55:02,66.455,100,
09:55:02,66.455,500,
09:55:02,66.455,500,
09:55:02,66.455,500,
09:55:02,66.455,500,
09:55:02,66.455,800,
09:55:03,66.45,200,
09:55:04,66.445,100,
09:55:04,66.45,2200,
09:55:07,66.44,400,
09:55:08,66.44,100,
09:55:09,66.44,100,
09:55:09,66.44,100,
09:55:09,66.44,800,
09:55:09,66.44,500,
09:55:09,66.44,400,
09:55:09,66.44,500,
09:55:09,66.44,500,
09:55:09,66.44,100,
09:55:09,66.44,100,
09:55:09,66.44,1600,
09:55:09,66.44,200,
09:55:09,66.44,1051,
09:55:09,66.44,100,
09:55:09,66.44,100,
09:55:09,66.44,300,
09:55:09,66.43,100,
09:55:09,66.44,200,
09:55:09,66.43,100,
09:55:09,66.43,100,
09:55:09,66.43,200,
09:55:09,66.43,100,
09:55:09,66.43,100,
09:55:09,66.43,1000,
09:55:09,66.43,400,
09:55:09,66.43,100,
09:55:09,66.43,1200,
09:55:09,66.43,3700,
09:55:09,66.43,300,
09:55:09,66.43,100,
09:55:09,66.43,1600,
09:55:09,66.43,500,
09:55:09,66.43,300,
09:55:09,66.43,100,
09:55:09,66.43,100,
09:55:09,66.43,1000,
09:55:09,66.44,500,
09:55:09,66.43,500,
09:55:11,66.44,100,
09:55:12,66.44,200,
09:55:12,66.44,100,
09:55:12,66.44,100,
09:55:12,66.44,100,
09:55:12,66.44,800,
09:55:12,66.44,100,
09:55:14,66.44,100,
09:55:15,66.44,300,
09:55:15,66.44,100,
09:55:15,66.44,300,
09:55:15,66.44,1400,
09:55:15,66.44,100,
09:55:15,66.44,400,
09:55:15,66.44,294,
09:55:15,66.44,100,
09:55:15,66.44,100,
09:55:15,66.44,100,
09:55:15,66.44,300,
09:55:15,66.44,400,
09:55:16,66.43,100,
09:55:16,66.43,100,
09:55:16,66.43,100,
09:55:16,66.43,1000,
09:55:16,66.43,400,
09:55:16,66.43,300,
09:55:16,66.43,100,
09:55:17,66.43,337,
09:55:17,66.43,100,
09:55:18,66.43,316,
09:55:18,66.4299,800,
09:55:21,66.43,100,
09:55:22,66.42,100,
09:55:22,66.42,100,
09:55:22,66.42,100,
09:55:22,66.42,200,
09:55:22,66.42,100,
09:55:22,66.42,1600,
09:55:22,66.42,500,
09:55:22,66.42,790,
09:55:22,66.42,100,
09:55:22,66.42,313,
09:55:22,66.41,100,
09:55:22,66.41,600,
09:55:22,66.41,100,
09:55:22,66.41,300,
09:55:22,66.41,100,
09:55:22,66.41,100,
09:55:22,66.41,100,
09:55:22,66.41,100,
09:55:22,66.41,100,
09:55:22,66.41,200,
09:55:22,66.41,385,
09:55:22,66.41,400,
09:55:22,66.41,1100,
09:55:22,66.41,100,
09:55:22,66.41,500,
09:55:22,66.41,100,
09:55:22,66.41,1000,
09:55:22,66.42,2000,
09:55:22,66.42,615,
09:55:23,66.41,2500,
09:55:23,66.41,100,
09:55:26,66.42,100,
09:55:26,66.42,115,
09:55:26,66.42,100,
09:55:26,66.42,400,
09:55:26,66.42,200,
09:55:26,66.42,100,
09:55:26,66.42,1600,
09:55:26,66.42,300,
09:55:26,66.42,100,
09:55:26,66.42,100,
09:55:26,66.42,400,
09:55:27,66.42,1000,
09:55:27,66.42,1000,
09:55:27,66.42,100,
09:55:27,66.42,200,
09:55:27,66.42,100,
09:55:27,66.42,400,
09:55:28,66.42,600,
09:55:28,66.42,400,
09:55:28,66.42,198,
09:55:28,66.42,802,
09:55:28,66.42,100,
09:55:29,66.4299,300,
09:55:29,66.412,282,
09:55:30,66.42,100,
09:55:30,66.42,100,
09:55:30,66.42,100,
09:55:30,66.42,400,
09:55:31,66.41,100,
09:55:31,66.42,500,
09:55:31,66.43,400,
09:55:32,66.42,500,
09:55:32,66.42,100,
09:55:32,66.42,100,
09:55:35,66.42,1575,
09:55:35,66.42,100,
09:55:35,66.42,100,
09:55:35,66.42,200,
09:55:35,66.42,200,
09:55:35,66.42,400,
09:55:35,66.42,200,
09:55:35,66.42,200,
09:55:39,66.42,100,
09:55:39,66.42,400,
09:55:39,66.42,100,
09:55:39,66.42,200,
09:55:39,66.42,1000,
09:55:39,66.42,220,
09:55:39,66.42,200,
09:55:39,66.42,100,
09:55:40,66.41,600,
09:55:41,66.4129,2500,
09:55:44,66.41,200,
09:55:45,66.41,100,
09:55:45,66.41,100,
09:55:45,66.41,1100,
09:55:45,66.41,1000,
09:55:45,66.41,100,
09:55:45,66.41,100,
09:55:45,66.41,500,
09:55:45,66.41,100,
09:55:45,66.41,200,
09:55:45,66.41,100,
09:55:46,66.41,200,
09:55:46,66.41,200,
09:55:46,66.41,100,
09:55:46,66.41,691,
09:55:46,66.41,200,
09:55:46,66.41,100,
09:55:46,66.41,500,
09:55:46,66.41,400,
09:55:46,66.41,100,
09:55:46,66.41,200,
09:55:46,66.41,100,
09:55:46,66.41,1000,
09:55:48,66.41,100,
09:55:48,66.41,300,
09:55:48,66.41,100,
09:55:48,66.41,100,
09:55:48,66.41,100,
09:55:48,66.41,100,
09:55:52,66.41,100,
09:55:52,66.41,400,
09:55:54,66.41,100,
09:55:54,66.41,100,
09:55:55,66.41,100,
09:56:00,66.41,291,
09:56:00,66.41,200,
09:56:00,66.41,500,
09:56:00,66.41,100,
09:56:00,66.41,500,
09:56:00,66.41,800,
09:56:03,66.41,200,
09:56:03,66.41,200,
09:56:03,66.41,100,
09:56:03,66.41,300,
09:56:03,66.41,300,
09:56:03,66.41,400,
09:56:03,66.41,100,
09:56:08,66.41,5900,
09:56:08,66.42,100,
09:56:08,66.42,500,
09:56:08,66.42,100,
09:56:08,66.42,500,
09:56:08,66.41,3000,
09:56:08,66.41,100,
09:56:08,66.41,200,
09:56:08,66.41,100,
09:56:08,66.41,1600,
09:56:08,66.41,100,
09:56:08,66.41,100,
09:56:08,66.41,100,
09:56:08,66.41,1000,
09:56:08,66.41,1000,
09:56:08,66.41,300,
09:56:08,66.41,300,
09:56:09,66.42,4000,
09:56:09,66.42,100,
09:56:09,66.42,100,
09:56:09,66.42,100,
09:56:09,66.42,100,
09:56:09,66.42,4000,
09:56:10,66.41,100,
09:56:10,66.41,100,
09:56:10,66.41,200,
09:56:10,66.41,200,
09:56:10,66.41,100,
09:56:10,66.41,1000,
09:56:11,66.41,100,
09:56:11,66.41,100,
09:56:11,66.41,200,
09:56:11,66.41,100,
09:56:11,66.41,200,
09:56:11,66.42,100,
09:56:11,66.42,100,
09:56:11,66.42,100,
09:56:11,66.42,100,
09:56:11,66.42,100,
09:56:11,66.42,100,
09:56:12,66.42,200,
09:56:12,66.42,200,
09:56:12,66.42,200,
09:56:12,66.42,100,
09:56:13,66.42,100,
09:56:13,66.42,100,
09:56:13,66.43,100,
09:56:13,66.43,100,
09:56:13,66.43,100,
09:56:13,66.43,100,
09:56:13,66.43,100,
09:56:13,66.43,100,
09:56:13,66.43,100,
09:56:13,66.43,100,
09:56:14,66.43,100,
09:56:14,66.43,100,
09:56:14,66.43,100,
09:56:14,66.43,100,
09:56:15,66.43,100,
09:56:15,66.43,100,
09:56:15,66.43,100,
09:56:15,66.43,100,
09:56:15,66.43,100,
09:56:17,66.4216,200,
09:56:17,66.43,100,
09:56:17,66.43,100,
09:56:18,66.43,100,
09:56:18,66.43,100,
09:56:18,66.43,100,
09:56:18,66.43,100,
09:56:18,66.43,100,
09:56:21,66.42,200,
09:56:21,66.42,100,
09:56:21,66.42,100,
09:56:21,66.42,100,
09:56:32,66.41,100,
09:56:32,66.41,100,
09:56:33,66.41,100,
09:56:33,66.41,400,
09:56:33,66.41,100,
09:56:33,66.41,100,
09:56:33,66.41,100,
09:56:33,66.41,100,
09:56:33,66.41,485,
09:56:33,66.41,900,
09:56:33,66.41,300,
09:56:33,66.41,200,
09:56:33,66.41,1800,
09:56:33,66.41,1800,
09:56:33,66.41,100,
09:56:33,66.41,800,
09:56:33,66.41,100,
09:56:33,66.41,100,
09:56:33,66.41,1000,
09:56:33,66.41,1000,
09:56:33,66.41,100,
09:56:33,66.41,800,
09:56:33,66.41,300,
09:56:33,66.41,100,
09:56:34,66.41,1000,
09:56:35,66.41,1500,
09:56:36,66.41,100,
09:56:36,66.41,1100,
09:56:36,66.41,100,
09:56:36,66.41,1000,
09:56:36,66.41,1100,
09:56:37,66.4085,300,
09:56:37,66.4085,300,
09:56:37,66.4086,150,
09:56:38,66.40,100,
09:56:38,66.40,100,
09:56:38,66.40,100,
09:56:38,66.40,100,
09:56:38,66.40,100,
09:56:38,66.40,300,
09:56:38,66.40,880,
09:56:38,66.40,100,
09:56:38,66.40,800,
09:56:38,66.40,400,
09:56:38,66.40,100,
09:56:38,66.40,100,
09:56:38,66.3999,300,
09:56:38,66.3999,100,
09:56:38,66.3999,400,
09:56:38,66.3999,100,
09:56:38,66.40,100,
09:56:40,66.41,600,
09:56:41,66.41,300,
09:56:41,66.42,4000,
09:56:41,66.42,100,
09:56:41,66.42,4000,
09:56:41,66.42,100,
09:56:41,66.42,100,
09:56:41,66.42,100,
09:56:41,66.42,4000,
09:56:42,66.42,1500,
09:56:42,66.42,500,
09:56:43,66.42,900,
09:56:44,66.42,100,
09:56:44,66.42,100,
09:56:44,66.42,100,
09:56:44,66.42,100,
09:56:44,66.42,100,
09:56:44,66.42,100,
09:56:44,66.42,100,
09:56:45,66.42,100,
09:56:45,66.42,100,
09:56:45,66.42,100,
09:56:45,66.42,100,
09:56:45,66.42,100,
09:56:46,66.42,100,
09:56:46,66.42,100,
09:56:47,66.42,100,
09:56:47,66.42,100,
09:56:47,66.42,100,
09:56:47,66.42,4000,
09:56:47,66.42,4000,
09:56:48,66.42,4000,
09:56:48,66.41,100,
09:56:48,66.41,1000,
09:56:48,66.41,100,
09:56:48,66.41,600,
09:56:48,66.41,1053,
09:56:48,66.41,400,
09:56:48,66.415,300,
09:56:48,66.415,700,
09:56:48,66.415,300,
09:56:48,66.41,100,
09:56:48,66.415,500,
09:56:48,66.41,1000,
09:56:49,66.41,200,
09:56:49,66.41,400,
09:56:49,66.41,100,
09:56:49,66.42,100,
09:56:49,66.42,4000,
09:56:49,66.42,100,
09:56:49,66.42,100,
09:56:49,66.42,100,
09:56:49,66.42,100,
09:56:49,66.42,700,
09:56:49,66.42,100,
09:56:49,66.42,100,
09:56:49,66.42,100,
09:56:49,66.42,100,
09:56:49,66.42,100,
09:56:50,66.42,100,
09:56:50,66.42,100,
09:56:50,66.42,100,
09:56:50,66.42,100,
09:56:50,66.42,100,
09:56:50,66.42,100,
09:56:52,66.42,100,
09:56:52,66.42,100,
09:56:53,66.42,100,
09:56:53,66.42,100,
09:56:53,66.42,100,
09:56:53,66.42,100,
09:56:53,66.42,100,
09:56:53,66.42,100,
09:56:53,66.42,100,
09:56:53,66.42,100,
09:56:54,66.41,100,
09:56:54,66.41,100,
09:56:57,66.41,800,
09:56:57,66.41,1300,
09:56:57,66.41,500,
09:57:00,66.40,200,
09:57:00,66.40,500,
09:57:01,66.40,100,
09:57:01,66.40,100,
09:57:01,66.40,100,
09:57:01,66.40,100,
09:57:01,66.40,100,
09:57:01,66.40,400,
09:57:03,66.39,100,
09:57:03,66.39,100,
09:57:04,66.39,300,
09:57:06,66.40,100,
09:57:10,66.40,100,
09:57:10,66.40,200,
09:57:10,66.40,100,
09:57:11,66.41,1400,
09:57:11,66.41,600,
09:57:11,66.41,100,
09:57:11,66.41,300,
09:57:11,66.41,100,
09:57:11,66.41,100,
09:57:11,66.41,100,
09:57:11,66.41,100,
09:57:11,66.41,100,
09:57:11,66.41,1000,
09:57:11,66.41,800,
09:57:14,66.41,600,
09:57:15,66.41,100,
09:57:15,66.40,100,
09:57:17,66.41,600,
09:57:17,66.41,3600,
09:57:17,66.41,2000,
09:57:17,66.41,100,
09:57:17,66.41,100,
09:57:17,66.41,3500,
09:57:17,66.41,1000,
09:57:17,66.41,300,
09:57:17,66.41,1000,
09:57:17,66.41,800,
09:57:20,66.42,700,
09:57:20,66.42,100,
09:57:21,66.42,300,
09:57:21,66.42,700,
09:57:21,66.42,100,
09:57:21,66.42,600,
09:57:21,66.42,900,
09:57:21,66.42,400,
09:57:21,66.42,600,
09:57:21,66.42,800,
09:57:21,66.42,400,
09:57:22,66.42,1000,
09:57:22,66.42,300,
09:57:22,66.42,100,
09:57:22,66.42,200,
09:57:22,66.42,300,
09:57:22,66.4178,1000,
09:57:22,66.417,100,
09:57:22,66.4179,200,
09:57:22,66.4179,400,
09:57:22,66.4179,300,
09:57:22,66.4179,500,
09:57:22,66.4179,100,
09:57:28,66.42,100,
09:57:28,66.42,400,
09:57:28,66.42,300,
09:57:28,66.42,815,
09:57:28,66.42,100,
09:57:28,66.42,300,
09:57:28,66.42,1000,
09:57:28,66.42,200,
09:57:33,66.42,100,
09:57:33,66.42,100,
09:57:33,66.42,100,
09:57:33,66.42,300,
09:57:33,66.42,400,
09:57:33,66.42,200,
09:57:33,66.42,100,
09:57:33,66.42,1300,
09:57:33,66.42,305,
09:57:33,66.42,1000,
09:57:33,66.42,279,
09:57:33,66.42,300,
09:57:33,66.42,1000,
09:57:33,66.42,2000,
09:57:33,66.42,100,
09:57:33,66.42,1000,
09:57:33,66.42,1000,
09:57:33,66.42,400,
09:57:33,66.42,1000,
09:57:33,66.42,100,
09:57:33,66.42,1000,
09:57:33,66.42,500,
09:57:33,66.42,400,
09:57:33,66.42,600,
09:57:34,66.42,700,
09:57:35,66.42,700,
09:57:36,66.42,100,
09:57:36,66.42,500,
09:57:36,66.42,200,
09:57:36,66.42,100,
09:57:38,66.42,200,
09:57:41,66.43,100,
09:57:41,66.43,100,
09:57:41,66.43,100,
09:57:41,66.43,263,
09:57:41,66.43,100,
09:57:43,66.44,100,
09:57:43,66.44,100,
09:57:43,66.44,100,
09:57:43,66.44,185,
09:57:43,66.44,3015,
09:57:43,66.44,165,
09:57:44,66.45,100,
09:57:44,66.45,100,
09:57:44,66.45,100,
09:57:47,66.45,100,
09:57:51,66.45,100,
09:57:51,66.45,100,
09:57:51,66.45,600,
09:57:52,66.4479,3000,
09:57:53,66.45,100,
09:57:53,66.45,200,
09:57:53,66.45,200,
09:57:54,66.45,500,
09:57:54,66.45,100,
09:57:54,66.45,200,
09:57:54,66.45,100,
09:57:54,66.45,1000,
09:57:54,66.45,300,
09:57:54,66.45,300,
09:57:54,66.45,300,
09:57:54,66.45,100,
09:57:54,66.45,168,
09:57:54,66.45,200,
09:57:54,66.42,150,
09:57:58,66.45,100,
09:57:58,66.45,100,
09:57:58,66.45,200,
09:57:58,66.45,200,
09:57:58,66.45,200,
09:57:58,66.45,100,
09:57:58,66.45,300,
09:57:58,66.45,100,
09:57:58,66.45,400,
09:57:58,66.45,100,
09:57:58,66.45,2000,
09:57:58,66.45,1000,
09:58:03,66.4501,2500,
09:58:04,66.46,400,
09:58:04,66.46,100,
09:58:05,66.46,400,
09:58:05,66.46,100,
09:58:05,66.46,500,
09:58:05,66.46,100,
09:58:05,66.46,100,
09:58:05,66.46,100,
09:58:05,66.46,200,
09:58:05,66.46,100,
09:58:07,66.46,100,
09:58:13,66.45,100,
09:58:13,66.45,800,
09:58:13,66.45,100,
09:58:13,66.45,1800,
09:58:13,66.45,100,
09:58:13,66.45,100,
09:58:13,66.45,500,
09:58:13,66.45,100,
09:58:13,66.45,100,
09:58:13,66.45,100,
09:58:13,66.45,300,
09:58:13,66.45,600,
09:58:13,66.45,200,
09:58:13,66.45,500,
09:58:13,66.45,100,
09:58:13,66.45,400,
09:58:13,66.45,100,
09:58:13,66.44,100,
09:58:13,66.44,500,
09:58:13,66.44,1000,
09:58:13,66.44,300,
09:58:13,66.44,100,
09:58:13,66.44,100,
09:58:13,66.44,400,
09:58:13,66.44,500,
09:58:13,66.44,500,
09:58:13,66.44,1000,
09:58:13,66.45,500,
09:58:16,66.45,100,
09:58:16,66.45,100,
09:58:16,66.45,100,
09:58:16,66.45,100,
09:58:16,66.45,400,
09:58:16,66.45,100,
09:58:19,66.45,200,
09:58:22,66.45,2000,
09:58:22,66.45,400,
09:58:22,66.45,100,
09:58:22,66.45,1000,
09:58:22,66.45,100,
09:58:22,66.45,295,
09:58:22,66.45,200,
09:58:22,66.45,400,
09:58:22,66.45,100,
09:58:22,66.45,100,
09:58:22,66.45,300,
09:58:22,66.45,100,
09:58:22,66.45,100,
09:58:22,66.45,100,
09:58:22,66.45,200,
09:58:22,66.46,2200,
09:58:22,66.46,3700,
09:58:24,66.45,100,
09:58:24,66.45,100,
09:58:24,66.45,600,
09:58:24,66.45,400,
09:58:24,66.45,1000,
09:58:24,66.45,100,
09:58:24,66.45,100,
09:58:24,66.45,260,
09:58:24,66.45,100,
09:58:24,66.45,800,
09:58:24,66.45,100,
09:58:27,66.45,100,
09:58:27,66.45,500,
09:58:28,66.45,100,
09:58:28,66.45,400,
09:58:32,66.45,100,
09:58:40,66.45,302,
09:58:41,66.45,100,
09:58:42,66.45,800,
09:58:46,66.45,100,
09:58:48,66.45,200,
09:58:48,66.45,176,
09:58:48,66.45,100,
09:58:48,66.45,200,
09:58:48,66.45,176,
09:58:48,66.45,100,
09:58:48,66.44,100,
09:58:49,66.45,200,
09:58:49,66.45,500,
09:58:50,66.45,100,
09:58:50,66.45,343,
09:58:50,66.45,100,
09:58:50,66.45,100,
09:58:50,66.45,210,
09:58:50,66.45,100,
09:58:50,66.45,100,
09:58:50,66.45,400,
09:58:50,66.45,1000,
09:58:50,66.45,400,
09:58:51,66.46,800,
09:58:51,66.46,200,
09:58:51,66.46,300,
09:58:51,66.46,100,
09:58:51,66.46,600,
09:58:51,66.46,300,
09:58:51,66.46,100,
09:58:51,66.46,1600,
09:58:51,66.46,400,
09:58:51,66.46,300,
09:58:52,66.45,600,
09:58:52,66.45,100,
09:58:53,66.45,100,
09:58:55,66.45,800,
09:58:58,66.46,100,
09:58:58,66.46,300,
09:58:58,66.46,300,
09:58:58,66.46,300,
09:58:58,66.46,36600,
09:59:00,66.46,100,
09:59:00,66.46,500,
09:59:00,66.46,100,
09:59:00,66.46,1000,
09:59:01,66.46,100,
09:59:01,66.46,100,
09:59:01,66.46,100,
09:59:01,66.46,100,
09:59:01,66.46,200,
09:59:01,66.46,100,
09:59:01,66.46,5000,
09:59:03,66.45,100,
09:59:06,66.45,100,
09:59:06,66.46,100,
09:59:06,66.46,600,
09:59:06,66.46,1400,
09:59:06,66.46,100,
09:59:06,66.46,100,
09:59:06,66.46,500,
09:59:06,66.46,300,
09:59:06,66.46,3000,
09:59:06,66.46,100,
09:59:06,66.46,600,
09:59:06,66.46,500,
09:59:06,66.46,1000,
09:59:06,66.46,100,
09:59:06,66.46,200,
09:59:06,66.46,300,
09:59:06,66.46,600,
09:59:06,66.46,4481,
09:59:06,66.46,300,
09:59:06,66.46,300,
09:59:06,66.46,600,
09:59:06,66.46,100,
09:59:06,66.46,100,
09:59:09,66.47,788,
09:59:10,66.46,100,
09:59:13,66.47,100,
09:59:13,66.47,100,
09:59:13,66.47,600,
09:59:14,66.47,100,
09:59:16,66.4795,600,
09:59:16,66.48,800,
09:59:16,66.48,3700,
09:59:16,66.48,3000,
09:59:16,66.48,100,
09:59:16,66.48,300,
09:59:16,66.48,300,
09:59:16,66.48,200,
09:59:16,66.48,100,
09:59:16,66.48,300,
09:59:16,66.48,700,
09:59:18,66.47,2000,
09:59:20,66.48,500,
09:59:21,66.48,600,
09:59:22,66.48,100,
09:59:23,66.49,100,
09:59:24,66.49,100,
09:59:24,66.49,100,
09:59:24,66.49,400,
09:59:24,66.49,700,
09:59:24,66.49,600,
09:59:24,66.49,300,
09:59:24,66.50,2100,
09:59:24,66.499,300,
09:59:24,66.499,400,
09:59:24,66.499,400,
09:59:24,66.4991,600,
09:59:24,66.499,3600,
09:59:24,66.50,300,
09:59:24,66.50,300,
09:59:25,66.50,4000,
09:59:25,66.4996,100,
09:59:27,66.50,29151,
09:59:27,66.49,300,
09:59:30,66.49,100,
09:59:30,66.49,600,
09:59:30,66.49,886,
09:59:30,66.49,600,
09:59:30,66.49,100,
09:59:30,66.49,800,
09:59:31,66.49,303,
09:59:42,66.49,228,
09:59:42,66.49,300,
09:59:43,66.48,800,
09:59:43,66.48,600,
09:59:43,66.48,100,
09:59:45,66.48,100,
09:59:49,66.48,100,
09:59:52,66.49,400,
09:59:52,66.49,600,
09:59:52,66.49,1000,
09:59:52,66.49,600,
09:59:52,66.49,100,
09:59:52,66.49,400,
09:59:52,66.49,1000,
09:59:52,66.49,100,
09:59:52,66.49,400,
09:59:52,66.49,1500,
09:59:53,66.50,360,
09:59:56,66.50,100,
09:59:58,66.49,500,
09:59:59,66.492,500,
10:00:02,66.49,100,
10:00:03,66.4901,300,
10:00:04,66.4995,500,
10:00:04,66.50,100,
10:00:05,66.50,211,
10:00:06,66.50,911,
10:00:07,66.49,600,
10:00:08,66.49,100,
10:00:08,66.49,600,
10:00:08,66.49,600,
10:00:08,66.49,200,
10:00:08,66.49,300,
10:00:08,66.49,200,
10:00:14,66.49,100,
10:00:15,66.489,100,
10:00:17,66.499,100,
10:00:17,66.50,460,
10:00:20,66.50,100,
10:00:20,66.50,200,
10:00:20,66.50,200,
10:00:20,66.50,100,
10:00:20,66.49,100,
10:00:22,66.49,400,
10:00:22,66.49,100,
10:00:22,66.49,300,
10:00:22,66.48,800,
10:00:22,66.48,100,
10:00:23,66.485,100,
10:00:23,66.48,500,
10:00:23,66.48,100,
10:00:23,66.48,100,
10:00:23,66.48,100,
10:00:23,66.48,100,
10:00:23,66.48,100,
10:00:23,66.48,300,
10:00:23,66.47,100,
10:00:23,66.47,100,
10:00:27,66.479,100,
10:00:29,66.47,100,
10:00:29,66.47,400,
10:00:30,66.47,100,
10:00:30,66.48,360,
10:00:30,66.47,100,
10:00:32,66.47,100,
10:00:38,66.47,400,
10:00:38,66.47,100,
10:00:38,66.47,100,
10:00:38,66.47,1200,
10:00:38,66.47,1800,
10:00:39,66.46,100,
10:00:39,66.46,300,
10:00:39,66.46,100,
10:00:42,66.47,100,
10:00:42,66.47,600,
10:00:42,66.47,100,
10:00:42,66.47,100,
10:00:42,66.47,400,
10:00:42,66.47,100,
10:00:42,66.47,100,
10:00:42,66.47,300,
10:00:42,66.47,983,
10:00:42,66.47,100,
10:00:42,66.47,200,
10:00:42,66.47,100,
10:00:44,66.47,400,
10:00:44,66.47,200,
10:00:44,66.47,100,
10:00:44,66.47,100,
10:00:44,66.47,100,
10:00:44,66.47,100,
10:00:44,66.47,200,
10:00:44,66.47,200,
10:00:45,66.46,700,
10:00:49,66.466,200,
10:00:50,66.46,200,
10:00:52,66.46,100,
10:00:53,66.47,100,
10:00:53,66.47,100,
10:00:53,66.47,100,
10:00:53,66.47,200,
10:00:53,66.47,600,
10:00:53,66.47,600,
10:00:53,66.47,600,
10:00:53,66.47,100,
10:00:53,66.47,500,
10:00:53,66.47,1000,
10:00:53,66.47,400,
10:00:54,66.48,100,
10:00:54,66.48,100,
10:00:54,66.48,400,
10:00:54,66.48,200,
10:00:54,66.48,100,
10:00:54,66.48,500,
10:00:54,66.48,300,
10:00:54,66.48,100,
10:00:55,66.47,500,
10:00:55,66.48,100,
10:00:55,66.48,200,
10:00:58,66.48,1000,
10:00:58,66.48,400,
10:00:58,66.48,600,
10:00:58,66.48,100,
10:00:58,66.48,400,
10:00:58,66.48,400,
10:00:59,66.48,100,
10:00:59,66.48,100,
10:00:59,66.48,100,
10:00:59,66.48,100,
10:00:59,66.48,100,
10:00:59,66.48,400,
10:00:59,66.47,100,
10:01:03,66.48,100,
10:01:03,66.48,100,
10:01:03,66.48,100,
10:01:04,66.48,100,
10:01:04,66.48,300,
10:01:04,66.48,100,
10:01:04,66.48,100,
10:01:06,66.48,800,
10:01:13,66.49,400,
10:01:13,66.49,400,
10:01:13,66.49,100,
10:01:13,66.49,600,
10:01:13,66.49,100,
10:01:13,66.49,2200,
10:01:13,66.49,300,
10:01:13,66.49,100,
10:01:13,66.49,1000,
10:01:13,66.49,100,
10:01:13,66.49,400,
10:01:13,66.49,100,
10:01:13,66.49,100,
10:01:19,66.485,400,
10:01:24,66.48,800,
10:01:24,66.48,600,
10:01:24,66.48,100,
10:01:24,66.48,100,
10:01:25,66.47,200,
10:01:26,66.47,100,
10:01:26,66.47,400,
10:01:26,66.47,100,
10:01:26,66.47,600,
10:01:26,66.47,1000,
10:01:30,66.47,100,
10:01:31,66.4629,413,
10:01:36,66.47,100,
10:01:36,66.47,600,
10:01:36,66.47,550,
10:01:36,66.47,100,
10:01:36,66.47,100,
10:01:36,66.48,1200,
10:01:36,66.48,6000,
10:01:36,66.48,100,
10:01:36,66.48,100,
10:01:36,66.48,1200,
10:01:37,66.47,500,
10:01:37,66.47,100,
10:01:38,66.47,100,
10:01:38,66.47,200,
10:01:38,66.47,200,
10:01:38,66.47,200,
10:01:38,66.47,200,
10:01:39,66.47,100,
10:01:39,66.47,800,
10:01:39,66.47,400,
10:01:39,66.47,400,
10:01:39,66.47,100,
10:01:39,66.47,200,
10:01:39,66.47,100,
10:01:41,66.47,800,
10:01:43,66.47,1000,
10:01:43,66.47,400,
10:01:43,66.47,100,
10:01:43,66.47,1000,
10:01:43,66.47,100,
10:01:43,66.47,426,
10:01:43,66.47,500,
10:01:43,66.47,100,
10:01:44,66.47,739,
10:01:44,66.47,200,
10:01:44,66.47,400,
10:01:44,66.47,1536,
10:01:44,66.47,425,
10:01:44,66.47,100,
10:01:44,66.47,100,
10:01:44,66.47,100,
10:01:44,66.47,400,
10:01:46,66.47,700,
10:01:46,66.47,100,
10:01:46,66.47,4400,
10:01:46,66.47,100,
10:01:46,66.47,1400,
10:01:46,66.47,200,
10:01:46,66.47,200,
10:01:46,66.47,100,
10:01:46,66.47,100,
10:01:46,66.47,100,
10:01:48,66.47,600,
10:01:48,66.47,500,
10:01:48,66.47,300,
10:01:48,66.47,100,
10:01:48,66.47,100,
10:01:49,66.4673,400,
10:01:55,66.47,100,
10:01:55,66.47,100,
10:02:08,66.47,200,
10:02:08,66.47,100,
10:02:08,66.47,100,
10:02:10,66.4762,730,
10:02:10,66.48,600,
10:02:10,66.48,200,
10:02:11,66.48,100,
10:02:13,66.48,400,
10:02:13,66.48,100,
10:02:13,66.48,500,
10:02:13,66.48,100,
10:02:16,66.48,800,
10:02:16,66.48,1000,
10:02:16,66.48,100,
10:02:16,66.48,800,
10:02:16,66.48,1100,
10:02:16,66.48,100,
10:02:16,66.48,300,
10:02:16,66.48,100,
10:02:16,66.48,200,
10:02:16,66.48,100,
10:02:16,66.48,100,
10:02:16,66.48,2000,
10:02:19,66.48,500,
10:02:20,66.48,100,
10:02:20,66.48,200,
10:02:20,66.48,100,
10:02:20,66.48,400,
10:02:20,66.48,200,
10:02:20,66.48,1036,
10:02:20,66.48,100,
10:02:20,66.48,136,
10:02:20,66.48,100,
10:02:20,66.48,300,
10:02:20,66.49,100,
10:02:20,66.49,100,
10:02:24,66.48,500,
10:02:27,66.49,200,
10:02:27,66.49,100,
10:02:29,66.49,100,
10:02:31,66.49,800,
10:02:31,66.49,600,
10:02:31,66.49,300,
10:02:31,66.49,100,
10:02:31,66.49,300,
10:02:33,66.489,1200,
10:02:33,66.489,1200,
10:02:34,66.49,100,
10:02:38,66.49,100,
10:02:38,66.49,300,
10:02:38,66.4899,300,
10:02:38,66.49,100,
10:02:38,66.49,200,
10:02:38,66.49,200,
10:02:38,66.4899,200,
10:02:38,66.49,100,
10:02:38,66.49,100,
10:02:38,66.49,100,
10:02:38,66.49,100,
10:02:39,66.49,250,
10:02:41,66.49,100,
10:02:46,66.49,100,
10:02:46,66.49,100,
10:03:01,66.50,200,
10:03:01,66.50,200,
10:03:01,66.50,100,
10:03:01,66.509,1000,
10:03:01,66.509,500,
10:03:01,66.509,2828,
10:03:02,66.50,600,
10:03:02,66.50,300,
10:03:02,66.50,100,
10:03:02,66.50,100,
10:03:02,66.509,2800,
10:03:03,66.51,1572,
10:03:04,66.4999,500,
10:03:04,66.50,500,
10:03:04,66.4999,200,
10:03:04,66.50,300,
10:03:07,66.50,100,
10:03:09,66.50,100,
10:03:09,66.50,922,
10:03:09,66.50,600,
10:03:09,66.50,300,
10:03:09,66.50,100,
10:03:09,66.50,100,
10:03:09,66.50,800,
10:03:09,66.50,1500,
10:03:09,66.50,400,
10:03:09,66.50,200,
10:03:09,66.50,100,
10:03:09,66.50,1315,
10:03:09,66.50,400,
10:03:09,66.50,600,
10:03:09,66.50,915,
10:03:09,66.50,600,
10:03:09,66.50,100,
10:03:09,66.50,185,
10:03:09,66.50,215,
10:03:09,66.50,100,
10:03:09,66.50,300,
10:03:09,66.50,1700,
10:03:10,66.50,100,
10:03:10,66.50,400,
10:03:10,66.50,100,
10:03:10,66.50,100,
10:03:10,66.50,100,
10:03:12,66.50,100,
10:03:12,66.50,100,
10:03:12,66.50,400,
10:03:12,66.50,100,
10:03:12,66.50,100,
10:03:12,66.50,300,
10:03:13,66.499,100,
10:03:16,66.50,100,
10:03:16,66.50,300,
10:03:16,66.50,400,
10:03:16,66.50,100,
10:03:16,66.50,600,
10:03:16,66.50,100,
10:03:17,66.50,100,
10:03:17,66.50,100,
10:03:17,66.50,100,
10:03:17,66.50,600,
10:03:17,66.50,100,
10:03:17,66.50,200,
10:03:20,66.4901,173,
10:03:22,66.50,1000,
10:03:22,66.50,100,
10:03:24,66.50,100,
10:03:24,66.50,100,
10:03:24,66.50,200,
10:03:24,66.50,600,
10:03:24,66.50,300,
10:03:24,66.50,600,
10:03:24,66.50,646,
10:03:24,66.50,100,
10:03:24,66.50,400,
10:03:26,66.49,100,
10:03:26,66.49,100,
10:03:26,66.49,100,
10:03:26,66.49,400,
10:03:26,66.49,600,
10:03:26,66.49,100,
10:03:26,66.49,300,
10:03:26,66.49,100,
10:03:26,66.49,100,
10:03:26,66.49,100,
10:03:26,66.49,100,
10:03:26,66.49,100,
10:03:26,66.49,100,
10:03:29,66.4899,1100,
10:03:31,66.49,500,
10:03:31,66.49,700,
10:03:31,66.49,100,
10:03:31,66.49,100,
10:03:32,66.49,700,
10:03:32,66.49,100,
10:03:32,66.49,100,
10:03:32,66.48,200,
10:03:32,66.48,400,
10:03:32,66.48,400,
10:03:32,66.48,300,
10:03:32,66.48,500,
10:03:32,66.48,500,
10:03:32,66.48,100,
10:03:32,66.48,100,
10:03:35,66.4801,6000,
10:03:35,66.48,200,
10:03:35,66.48,100,
10:03:35,66.48,100,
10:03:37,66.49,700,
10:03:37,66.49,100,
10:03:37,66.49,200,
10:03:38,66.49,956,
10:03:38,66.49,700,
10:03:38,66.49,544,
10:03:38,66.49,100,
10:03:43,66.498,1200,
10:03:47,66.49,400,
10:03:47,66.49,100,
10:03:47,66.49,100,
10:03:47,66.49,100,
10:03:47,66.49,200,
10:03:47,66.49,100,
10:03:54,66.48,100,
10:04:01,66.49,100,
10:04:01,66.49,200,
10:04:01,66.49,900,
10:04:01,66.49,200,
10:04:01,66.49,100,
10:04:01,66.49,100,
10:04:01,66.49,200,
10:04:01,66.49,100,
10:04:02,66.50,100,
10:04:06,66.49,100,
10:04:06,66.49,200,
10:04:06,66.49,200,
10:04:06,66.49,100,
10:04:06,66.49,100,
10:04:06,66.49,100,
10:04:06,66.49,200,
10:04:08,66.485,2000,
10:04:10,66.49,100,
10:04:11,66.49,100,
10:04:11,66.49,100,
10:04:11,66.49,200,
10:04:11,66.49,200,
10:04:12,66.49,600,
10:04:12,66.49,400,
10:04:12,66.49,400,
10:04:12,66.49,100,
10:04:12,66.49,100,
10:04:15,66.49,100,
10:04:15,66.49,100,
10:04:15,66.49,100,
10:04:16,66.49,100,
10:04:17,66.49,100,
10:04:17,66.49,600,
10:04:17,66.49,300,
10:04:17,66.49,100,
10:04:17,66.49,600,
10:04:17,66.49,100,
10:04:17,66.49,200,
10:04:17,66.49,100,
10:04:17,66.49,400,
10:04:25,66.49,700,
10:04:25,66.49,700,
10:04:25,66.49,200,
10:04:35,66.49,100,
10:04:39,66.49,100,
10:04:39,66.49,600,
10:04:42,66.50,1000,
10:04:45,66.49,800,
10:04:45,66.49,600,
10:04:45,66.49,400,
10:04:45,66.49,100,
10:04:47,66.50,800,
10:04:47,66.50,400,
10:04:47,66.50,100,
10:04:47,66.50,500,
10:04:47,66.50,100,
10:04:47,66.50,300,
10:04:47,66.50,100,
10:04:47,66.50,100,
10:04:47,66.50,800,
10:04:47,66.50,100,
10:04:47,66.50,600,
10:04:47,66.50,200,
10:04:47,66.50,400,
10:04:47,66.50,100,
10:04:47,66.50,100,
10:04:47,66.50,300,
10:04:47,66.50,500,
10:04:47,66.50,300,
10:04:47,66.50,100,
10:04:47,66.50,500,
10:04:55,66.49,100,
10:05:02,66.49,1400,
10:05:02,66.49,3800,
10:05:02,66.49,100,
10:05:02,66.49,100,
10:05:02,66.49,200,
10:05:02,66.49,700,
10:05:02,66.49,100,
10:05:02,66.49,600,
10:05:02,66.49,800,
10:05:02,66.49,7000,
10:05:02,66.49,100,
10:05:02,66.49,100,
10:05:02,66.49,300,
10:05:02,66.49,100,
10:05:02,66.49,300,
10:05:02,66.49,2400,
10:05:02,66.49,500,
10:05:02,66.49,100,
10:05:02,66.49,300,
10:05:02,66.49,500,
10:05:03,66.49,100,
10:05:03,66.49,700,
10:05:03,66.49,400,
10:05:03,66.49,400,
10:05:04,66.49,100,
10:05:07,66.49,300,
10:05:07,66.49,1000,
10:05:08,66.49,300,
10:05:08,66.49,100,
10:05:08,66.49,600,
10:05:08,66.49,100,
10:05:08,66.49,100,
10:05:08,66.49,600,
10:05:08,66.49,400,
10:05:08,66.49,100,
10:05:08,66.49,1500,
10:05:08,66.49,100,
10:05:08,66.49,3400,
10:05:08,66.49,500,
10:05:08,66.49,400,
10:05:08,66.49,200,
10:05:08,66.49,1179,
10:05:08,66.49,700,
10:05:08,66.49,100,
10:05:08,66.49,100,
10:05:08,66.49,300,
10:05:08,66.49,100,
10:05:08,66.49,100,
10:05:09,66.49,7100,
10:05:09,66.49,100,
10:05:09,66.49,100,
10:05:09,66.49,400,
10:05:09,66.49,1100,
10:05:09,66.49,100,
10:05:09,66.49,100,
10:05:09,66.49,300,
10:05:11,66.49,100,
10:05:12,66.4898,500,
10:05:12,66.489,600,
10:05:17,66.48,100,
10:05:18,66.49,200,
10:05:19,66.48,100,
10:05:19,66.48,100,
10:05:19,66.48,100,
10:05:19,66.48,100,
10:05:21,66.48,800,
10:05:23,66.48,100,
10:05:24,66.47,100,
10:05:26,66.48,100,
10:05:26,66.48,900,
10:05:26,66.48,100,
10:05:26,66.48,400,
10:05:26,66.48,100,
10:05:26,66.48,400,
10:05:28,66.48,5000,
10:05:33,66.48,300,
10:05:34,66.48,100,
10:05:34,66.48,100,
10:05:35,66.48,100,
10:05:35,66.48,100,
10:05:35,66.48,700,
10:05:35,66.48,100,
10:05:35,66.48,100,
10:05:35,66.48,100,
10:05:35,66.48,100,
10:05:35,66.48,100,
10:05:35,66.48,600,
10:05:35,66.48,1200,
10:05:35,66.48,100,
10:05:35,66.48,400,
10:05:35,66.48,1900,
10:05:35,66.48,700,
10:05:41,66.47,300,
10:05:45,66.47,100,
10:05:46,66.48,100,
10:05:52,66.47,100,
10:05:52,66.47,100,
10:05:52,66.47,400,
10:05:52,66.47,100,
10:05:52,66.47,100,
10:05:55,66.47,1000,
10:05:55,66.47,400,
10:05:55,66.47,100,
10:05:55,66.47,700,
10:05:55,66.47,100,
10:05:55,66.47,100,
10:05:55,66.47,400,
10:05:55,66.48,400,
10:05:55,66.48,200,
10:05:55,66.48,100,
10:05:55,66.48,200,
10:05:55,66.48,100,
10:05:55,66.48,300,
10:05:55,66.48,700,
10:05:55,66.48,100,
10:05:55,66.48,800,
10:05:55,66.48,400,
10:05:55,66.48,400,
10:05:55,66.48,300,
10:05:55,66.48,100,
10:05:55,66.48,600,
10:05:55,66.48,1000,
10:05:55,66.48,800,
10:05:55,66.48,100,
10:05:55,66.49,300,
10:05:55,66.48,200,
10:05:55,66.48,600,
10:05:55,66.48,3000,
10:05:55,66.49,700,
10:05:55,66.49,100,
10:05:55,66.48,400,
10:05:55,66.49,300,
10:05:55,66.49,800,
10:05:55,66.49,100,
10:05:55,66.49,400,
10:05:55,66.49,800,
10:05:55,66.49,600,
10:05:55,66.49,100,
10:05:55,66.48,600,
10:05:55,66.48,100,
10:05:55,66.49,1000,
10:05:55,66.48,2400,
10:05:55,66.49,100,
10:05:55,66.48,195,
10:05:55,66.49,1000,
10:05:55,66.49,815,
10:05:55,66.49,100,
10:05:55,66.49,100,
10:05:55,66.49,3688,
10:05:55,66.49,600,
10:05:55,66.49,800,
10:05:55,66.49,400,
10:05:55,66.49,2400,
10:05:55,66.49,7000,
10:05:55,66.49,200,
10:05:55,66.49,600,
10:05:55,66.48,500,
10:05:55,66.49,100,
10:05:55,66.50,300,
10:06:03,66.49,200,
10:06:06,66.49,100,
10:06:06,66.49,200,
10:06:07,66.49,700,
10:06:07,66.49,700,
10:06:07,66.49,300,
10:06:07,66.49,100,
10:06:07,66.49,300,
10:06:08,66.48,300,
10:06:11,66.48,600,
10:06:11,66.48,300,
10:06:11,66.48,100,
10:06:11,66.48,100,
10:06:11,66.48,600,
10:06:11,66.48,800,
10:06:11,66.48,700,
10:06:11,66.48,800,
10:06:11,66.48,800,
10:06:11,66.48,100,
10:06:11,66.48,500,
10:06:14,66.48,800,
10:06:16,66.47,5600,
10:06:16,66.47,2000,
10:06:16,66.47,2000,
10:06:16,66.47,2000,
10:06:16,66.47,200,
10:06:16,66.47,400,
10:06:17,66.47,300,
10:06:18,66.47,100,
10:06:18,66.47,100,
10:06:23,66.461,4200,
10:06:23,66.47,300,
10:06:23,66.47,400,
10:06:23,66.47,100,
10:06:23,66.47,213,
10:06:23,66.47,1600,
10:06:23,66.47,300,
10:06:23,66.47,400,
10:06:23,66.47,100,
10:06:23,66.47,567,
10:06:23,66.47,360,
10:06:24,66.48,400,
10:06:24,66.48,700,
10:06:24,66.48,100,
10:06:24,66.48,600,
10:06:25,66.48,600,
10:06:27,66.48,200,
10:06:28,66.4879,150,
10:06:30,66.49,600,
10:06:30,66.49,100,
10:06:30,66.49,100,
10:06:30,66.49,200,
10:06:30,66.49,100,
10:06:30,66.49,200,
10:06:31,66.4978,100,
10:06:39,66.50,100,
10:06:39,66.49,100,
10:06:40,66.49,100,
10:06:40,66.49,100,
10:06:40,66.48,300,
10:06:41,66.49,2400,
10:06:42,66.49,100,
10:06:42,66.49,1885,
10:06:42,66.49,100,
10:06:42,66.49,100,
10:06:42,66.49,100,
10:06:42,66.49,200,
10:06:42,66.49,100,
10:06:44,66.49,100,
10:06:45,66.4801,200,
10:06:47,66.4821,300,
10:06:50,66.48,100,
10:06:50,66.49,100,
10:06:50,66.49,100,
10:06:51,66.49,100,
10:06:51,66.49,1000,
10:06:51,66.49,100,
10:06:51,66.49,152,
10:06:55,66.48,200,
10:06:59,66.4879,100,
10:06:59,66.49,600,
10:06:59,66.49,1152,
10:07:02,66.49,800,
10:07:02,66.49,100,
10:07:02,66.49,100,
10:07:04,66.48,200,
10:07:05,66.48,200,
10:07:18,66.4879,300,
10:07:18,66.49,450,
10:07:18,66.49,100,
10:07:18,66.49,700,
10:07:18,66.49,100,
10:07:37,66.49,100,
10:07:37,66.49,100,
10:07:38,66.481,100,
10:07:45,66.4879,130,
10:07:57,66.48,200,
10:07:57,66.48,200,
10:07:57,66.48,100,
10:07:57,66.48,100,
10:07:57,66.48,1000,
10:07:57,66.48,400,
10:07:57,66.48,403,
10:07:57,66.48,100,
10:07:57,66.48,500,
10:07:57,66.48,100,
10:08:02,66.47,100,
10:08:02,66.47,400,
10:08:02,66.47,100,
10:08:02,66.47,100,
10:08:02,66.47,100,
10:08:02,66.47,100,
10:08:02,66.47,1000,
10:08:02,66.47,100,
10:08:02,66.47,1000,
10:08:02,66.47,300,
10:08:02,66.47,400,
10:08:02,66.47,400,
10:08:06,66.47,800,
10:08:06,66.47,100,
10:08:06,66.47,315,
10:08:06,66.47,400,
10:08:06,66.47,600,
10:08:06,66.47,515,
10:08:06,66.47,100,
10:08:06,66.47,100,
10:08:06,66.47,100,
10:08:06,66.47,200,
10:08:06,66.47,400,
10:08:06,66.47,700,
10:08:06,66.47,300,
10:08:06,66.47,100,
10:08:06,66.47,200,
10:08:06,66.47,200,
10:08:07,66.465,100,
10:08:08,66.46,500,
10:08:11,66.46,400,
10:08:11,66.46,800,
10:08:11,66.46,300,
10:08:13,66.46,100,
10:08:16,66.45,800,
10:08:16,66.45,100,
10:08:16,66.45,100,
10:08:16,66.45,200,
10:08:16,66.45,200,
10:08:16,66.45,300,
10:08:16,66.45,3100,
10:08:16,66.45,492,
10:08:16,66.45,1000,
10:08:16,66.45,800,
10:08:16,66.45,598,
10:08:16,66.45,400,
10:08:16,66.45,800,
10:08:16,66.45,100,
10:08:16,66.45,1000,
10:08:16,66.45,800,
10:08:16,66.45,100,
10:08:16,66.45,800,
10:08:16,66.45,100,
10:08:16,66.45,300,
10:08:16,66.45,224,
10:08:16,66.445,100,
10:08:17,66.45,100,
10:08:21,66.44,200,
10:08:21,66.45,100,
10:08:21,66.44,1000,
10:08:22,66.45,200,
10:08:23,66.45,400,
10:08:30,66.45,300,
10:08:33,66.46,800,
10:08:34,66.46,300,
10:08:34,66.46,600,
10:08:34,66.46,200,
10:08:34,66.46,100,
10:08:34,66.46,100,
10:08:34,66.46,360,
10:08:34,66.46,700,
10:08:34,66.46,200,
10:08:34,66.46,100,
10:08:34,66.46,400,
10:08:35,66.47,100,
10:08:35,66.47,800,
10:08:35,66.47,100,
10:08:35,66.47,400,
10:08:35,66.47,792,
10:08:35,66.47,692,
10:08:35,66.47,400,
10:08:37,66.47,100,
10:08:37,66.47,600,
10:08:37,66.47,400,
10:08:37,66.47,800,
10:08:37,66.47,400,
10:08:37,66.47,523,
10:08:37,66.47,200,
10:08:37,66.47,100,
10:08:39,66.47,500,
10:08:41,66.47,100,
10:08:52,66.47,100,
10:09:00,66.48,100,
10:09:02,66.4721,300,
10:09:05,66.47,100,
10:09:08,66.47,100,
10:09:08,66.47,100,
10:09:08,66.48,200,
10:09:09,66.47,400,
10:09:09,66.47,500,
10:09:09,66.47,100,
10:09:12,66.47,300,
10:09:18,66.47,300,
10:09:21,66.48,100,
10:09:21,66.47,100,
10:09:22,66.47,100,
10:09:22,66.46,100,
10:09:27,66.4672,3000,
10:09:30,66.46,400,
10:09:30,66.46,800,
10:09:30,66.46,100,
10:09:30,66.46,200,
10:09:30,66.46,100,
10:09:30,66.46,100,
10:09:31,66.46,327,
10:09:31,66.46,100,
10:09:31,66.46,373,
10:09:31,66.46,127,
10:09:31,66.46,100,
10:09:31,66.46,100,
10:09:31,66.46,100,
10:09:31,66.46,100,
10:09:33,66.46,100,
10:09:36,66.46,400,
10:09:43,66.47,100,
10:09:43,66.47,100,
10:09:43,66.47,400,
10:09:43,66.47,815,
10:09:43,66.47,100,
10:09:48,66.47,2100,
10:09:49,66.46,600,
10:09:50,66.46,200,
10:09:50,66.46,300,
10:09:51,66.46,100,
10:09:55,66.47,100,
10:09:55,66.47,300,
10:10:00,66.47,500,
10:10:01,66.47,100,
10:10:01,66.47,200,
10:10:01,66.47,100,
10:10:01,66.47,100,
10:10:01,66.47,300,
10:10:01,66.47,100,
10:10:04,66.47,100,
10:10:09,66.4716,400,
10:10:09,66.48,100,
10:10:19,66.4707,130,
10:10:22,66.47,100,
10:10:22,66.47,400,
10:10:24,66.46,373,
10:10:24,66.46,200,
10:10:24,66.46,100,
10:10:24,66.46,100,
10:10:24,66.46,100,
10:10:24,66.46,100,
10:10:24,66.46,400,
10:10:24,66.46,200,
10:10:24,66.46,100,
10:10:24,66.46,100,
10:10:24,66.45,100,
10:10:24,66.45,700,
10:10:24,66.45,100,
10:10:24,66.45,400,
10:10:24,66.45,100,
10:10:24,66.45,300,
10:10:24,66.45,600,
10:10:27,66.45,4000,
10:10:27,66.45,700,
10:10:27,66.45,100,
10:10:27,66.45,100,
10:10:27,66.45,100,
10:10:27,66.45,400,
10:10:27,66.45,100,
10:10:27,66.45,100,
10:10:27,66.45,100,
10:10:27,66.45,1438,
10:10:27,66.45,100,
10:10:27,66.45,100,
10:10:27,66.45,100,
10:10:27,66.45,200,
10:10:27,66.45,370,
10:10:27,66.45,100,
10:10:27,66.45,500,
10:10:27,66.45,100,
10:10:27,66.45,800,
10:10:27,66.45,2000,
10:10:28,66.45,500,
10:10:33,66.45,100,
10:10:33,66.45,100,
10:10:38,66.44,100,
10:10:38,66.44,100,
10:10:39,66.45,900,
10:10:39,66.45,500,
10:10:39,66.45,100,
10:10:39,66.45,100,
10:10:39,66.45,100,
10:10:39,66.45,100,
10:10:40,66.4463,2000,
10:10:41,66.44,600,
10:10:44,66.44,1500,
10:10:44,66.44,500,
10:10:44,66.44,800,
10:10:45,66.435,112,
10:10:46,66.43,100,
10:10:46,66.43,100,
10:10:46,66.43,100,
10:10:46,66.43,815,
10:10:46,66.43,700,
10:10:47,66.43,1800,
10:10:50,66.421,100,
10:10:55,66.43,300,
10:10:55,66.43,100,
10:10:55,66.43,600,
10:10:55,66.43,100,
10:10:55,66.43,100,
10:10:55,66.43,1400,
10:10:55,66.43,100,
10:10:59,66.431,300,
10:11:02,66.44,100,
10:11:02,66.44,100,
10:11:02,66.44,100,
10:11:02,66.44,100,
10:11:02,66.44,200,
10:11:02,66.44,100,
10:11:02,66.44,100,
10:11:02,66.44,100,
10:11:02,66.44,100,
10:11:02,66.44,100,
10:11:02,66.44,200,
10:11:02,66.44,100,
10:11:02,66.44,100,
10:11:07,66.448,500,
10:11:17,66.445,100,
10:11:20,66.45,100,
10:11:20,66.45,800,
10:11:20,66.45,100,
10:11:21,66.45,100,
10:11:21,66.45,100,
10:11:21,66.45,100,
10:11:21,66.45,230,
10:11:21,66.45,100,
10:11:21,66.45,1647,
10:11:21,66.45,1360,
10:11:21,66.45,600,
10:11:21,66.45,1900,
10:11:21,66.45,695,
10:11:21,66.45,290,
10:11:23,66.45,100,
10:11:34,66.46,5600,
10:11:34,66.46,100,
10:11:34,66.46,100,
10:11:34,66.46,100,
10:11:34,66.46,700,
10:11:34,66.46,100,
10:11:34,66.46,500,
10:11:34,66.46,100,
10:11:34,66.46,100,
10:11:34,66.46,100,
10:11:34,66.46,800,
10:11:34,66.46,100,
10:11:34,66.46,100,
10:11:34,66.46,190,
10:11:34,66.46,100,
10:11:34,66.46,600,
10:11:34,66.46,100,
10:11:34,66.46,800,
10:11:34,66.46,500,
10:11:34,66.46,500,
10:11:34,66.46,200,
10:11:34,66.47,100,
10:11:34,66.47,700,
10:11:34,66.47,100,
10:11:34,66.47,100,
10:11:34,66.47,4400,
10:11:34,66.47,200,
10:11:40,66.46,100,
10:11:40,66.46,100,
10:11:40,66.46,100,
10:11:40,66.46,700,
10:11:40,66.46,100,
10:11:40,66.46,100,
10:11:40,66.46,300,
10:11:46,66.45,600,
10:11:46,66.45,100,
10:11:46,66.45,300,
10:11:49,66.45,2100,
10:11:50,66.44,270,
10:11:50,66.44,760,
10:11:50,66.44,100,
10:11:50,66.44,300,
10:11:50,66.44,400,
10:11:56,66.43,800,
10:11:56,66.43,400,
10:12:07,66.43,300,
10:12:12,66.44,100,
10:12:12,66.44,100,
10:12:12,66.44,100,
10:12:12,66.44,1000,
10:12:12,66.44,100,
10:12:12,66.44,100,
10:12:16,66.445,2000,
10:12:18,66.45,100,
10:12:18,66.45,400,
10:12:18,66.45,100,
10:12:18,66.45,1000,
10:12:18,66.45,100,
10:12:18,66.45,1000,
10:12:18,66.45,100,
10:12:18,66.45,800,
10:12:18,66.46,100,
10:12:18,66.46,400,
10:12:18,66.46,700,
10:12:18,66.46,100,
10:12:19,66.46,100,
10:12:21,66.46,1700,
10:12:22,66.465,100,
10:12:22,66.469,200,
10:12:29,66.4601,500,
10:12:29,66.469,100,
10:12:30,66.46,100,
10:12:30,66.46,800,
10:12:30,66.46,100,
10:12:30,66.46,100,
10:12:30,66.46,476,
10:12:30,66.46,1100,
10:12:30,66.46,100,
10:12:30,66.46,200,
10:12:40,66.46,100,
10:12:40,66.46,800,
10:12:40,66.46,100,
10:12:40,66.46,200,
10:12:40,66.46,100,
10:12:46,66.465,100,
10:12:47,66.47,100,
10:12:47,66.47,100,
10:12:47,66.47,700,
10:12:47,66.47,400,
10:12:47,66.47,493,
10:12:47,66.47,200,
10:12:50,66.47,100,
10:12:50,66.47,400,
10:12:50,66.47,684,
10:12:50,66.47,731,
10:12:50,66.47,100,
10:12:50,66.47,800,
10:12:50,66.47,100,
10:12:50,66.47,600,
10:12:50,66.47,400,
10:12:50,66.47,769,
10:12:53,66.4691,200,
10:12:53,66.469,300,
10:13:09,66.47,100,
10:13:12,66.465,100,
10:13:13,66.463,100,
10:13:14,66.47,200,
10:13:14,66.47,863,
10:13:14,66.47,100,
10:13:14,66.47,100,
10:13:14,66.47,100,
10:13:14,66.47,100,
10:13:14,66.47,100,
10:13:19,66.47,300,
10:13:19,66.47,400,
10:13:19,66.47,100,
10:13:22,66.47,100,
10:13:22,66.47,1000,
10:13:22,66.47,100,
10:13:22,66.47,100,
10:13:22,66.47,182,
10:13:22,66.47,100,
10:13:22,66.47,600,
10:13:22,66.47,800,
10:13:22,66.47,100,
10:13:22,66.47,615,
10:13:22,66.47,1000,
10:13:22,66.47,100,
10:13:22,66.47,100,
10:13:22,66.47,100,
10:13:22,66.47,300,
10:13:22,66.47,100,
10:13:22,66.47,485,
10:13:22,66.47,100,
10:13:22,66.47,300,
10:13:22,66.47,185,
10:13:34,66.4616,300,
10:13:39,66.47,600,
10:13:39,66.47,215,
10:13:39,66.47,400,
10:13:39,66.47,100,
10:13:39,66.48,100,
10:13:41,66.47,100,
10:13:42,66.47,100,
10:13:42,66.47,767,
10:13:42,66.47,100,
10:13:45,66.47,200,
10:13:45,66.47,100,
10:13:45,66.47,100,
10:13:45,66.47,100,
10:13:45,66.47,100,
10:13:45,66.47,700,
10:13:45,66.47,100,
10:13:45,66.47,100,
10:13:46,66.48,800,
10:13:46,66.48,100,
10:13:46,66.48,400,
10:13:46,66.48,100,
10:13:46,66.48,620,
10:13:46,66.48,100,
10:13:46,66.48,100,
10:13:46,66.48,100,
10:13:46,66.48,600,
10:13:49,66.49,100,
10:13:49,66.49,100,
10:13:50,66.49,100,
10:13:50,66.49,800,
10:13:50,66.49,100,
10:13:50,66.49,100,
10:13:50,66.49,600,
10:13:50,66.49,400,
10:13:50,66.49,100,
10:13:55,66.49,100,
10:13:55,66.49,275,
10:14:03,66.48,100,
10:14:03,66.48,100,
10:14:03,66.48,400,
10:14:03,66.48,100,
10:14:03,66.48,100,
10:14:05,66.48,100,
10:14:13,66.4793,100,
10:14:15,66.47,800,
10:14:15,66.47,100,
10:14:15,66.47,100,
10:14:15,66.47,100,
10:14:15,66.47,375,
10:14:15,66.47,100,
10:14:15,66.47,1000,
10:14:15,66.46,100,
10:14:15,66.46,400,
10:14:15,66.46,100,
10:14:15,66.46,485,
10:14:15,66.46,400,
10:14:15,66.46,400,
10:14:18,66.45,100,
10:14:19,66.46,100,
10:14:19,66.46,900,
10:14:19,66.46,200,
10:14:19,66.46,100,
10:14:24,66.47,100,
10:14:28,66.47,100,
10:14:28,66.47,600,
10:14:28,66.47,100,
10:14:28,66.47,100,
10:14:28,66.47,100,
10:14:37,66.48,100,
10:14:37,66.48,100,
10:14:37,66.48,800,
10:14:37,66.48,100,
10:14:37,66.48,100,
10:14:40,66.48,600,
10:14:40,66.48,100,
10:14:40,66.48,100,
10:14:40,66.48,400,
10:14:40,66.48,100,
10:14:40,66.48,100,
10:14:46,66.48,100,
10:14:51,66.48,200,
10:14:51,66.48,100,
10:14:51,66.48,400,
10:14:51,66.48,900,
10:14:51,66.48,100,
10:14:51,66.48,200,
10:14:59,66.49,100,
10:14:59,66.49,100,
10:14:59,66.49,500,
10:14:59,66.49,400,
10:14:59,66.49,100,
10:14:59,66.49,100,
10:15:04,66.48,100,
10:15:04,66.48,200,
10:15:04,66.48,600,
10:15:04,66.48,100,
10:15:06,66.47,100,
10:15:06,66.47,400,
10:15:06,66.47,400,
10:15:06,66.47,600,
10:15:06,66.47,100,
10:15:08,66.4671,335,
10:15:09,66.463,300,
10:15:13,66.47,600,
10:15:13,66.47,100,
10:15:13,66.47,100,
10:15:13,66.47,100,
10:15:13,66.48,100,
10:15:17,66.48,120,
10:15:17,66.48,100,
10:15:17,66.48,100,
10:15:17,66.48,1000,
10:15:17,66.48,100,
10:15:17,66.48,120,
10:15:17,66.48,100,
10:15:17,66.48,200,
10:15:18,66.48,900,
10:15:18,66.48,100,
10:15:18,66.48,100,
10:15:18,66.48,100,
10:15:18,66.48,400,
10:15:21,66.47,400,
10:15:21,66.47,100,
10:15:21,66.47,400,
10:15:21,66.47,600,
10:15:21,66.47,200,
10:15:21,66.47,100,
10:15:21,66.47,100,
10:15:21,66.47,500,
10:15:21,66.47,200,
10:15:31,66.47,300,
10:15:31,66.47,100,
10:15:31,66.47,100,
10:15:31,66.47,100,
10:15:31,66.47,800,
10:15:31,66.47,600,
10:15:36,66.47,100,
10:15:36,66.47,200,
10:15:36,66.47,1000,
10:15:36,66.47,200,
10:15:36,66.47,100,
10:15:36,66.47,100,
10:15:36,66.47,900,
10:15:36,66.47,175,
10:15:44,66.47,200,
10:15:44,66.47,100,
10:15:44,66.47,600,
10:15:47,66.46,600,
10:15:47,66.46,400,
10:15:47,66.46,160,
10:15:47,66.46,300,
10:15:47,66.46,100,
10:15:47,66.46,100,
10:15:48,66.45,800,
10:15:48,66.45,100,
10:15:48,66.45,600,
10:15:48,66.45,400,
10:15:48,66.45,200,
