09:30:00,66.22,129100,
09:30:00,66.22,400,
09:30:00,66.22,1000,
09:30:00,66.22,100,
09:30:00,66.22,200,
09:30:00,66.22,500,
09:30:00,66.22,100,
09:30:00,66.22,1723,
09:30:00,66.22,4100,
09:30:00,66.22,700,
09:30:00,66.21,1400,
09:30:00,66.20,100,
09:30:00,66.20,450,
09:30:00,66.19,350,
09:30:00,66.20,400,
09:30:00,66.20,100,
09:30:00,66.20,400,
09:30:00,66.20,800,
09:30:00,66.20,590,
09:30:00,66.20,100,
09:30:00,66.20,100,
09:30:00,66.20,100,
09:30:00,66.21,300,
09:30:00,66.21,1000,
09:30:00,66.21,1000,
09:30:00,66.21,700,
09:30:00,66.21,100,
09:30:00,66.21,800,
09:30:00,66.21,100,
09:30:00,66.21,300,
09:30:01,66.22,110,
09:30:01,66.22,300,
09:30:01,66.22,1518,
09:30:01,66.22,200,
09:30:01,66.22,100,
09:30:01,66.22,600,
09:30:01,66.22,3200,
09:30:01,66.22,500,
09:30:01,66.22,1000,
09:30:01,66.22,150,
09:30:01,66.22,500,
09:30:01,66.22,1500,
09:30:01,66.22,20000,
09:30:01,66.22,100,
09:30:01,66.22,300,
09:30:01,66.22,282,
09:30:01,66.22,2000,
09:30:01,66.22,125,
09:30:01,66.22,430,
09:30:01,66.22,2710,
09:30:01,66.22,3000,
09:30:01,66.22,100,
09:30:01,66.22,150,
09:30:01,66.22,105,
09:30:01,66.22,1200,
09:30:01,66.22,400,
09:30:01,66.22,1360,
09:30:01,66.22,2346,
09:30:01,66.22,243,
09:30:01,66.22,272,
09:30:01,66.22,100,
09:30:01,66.22,300,
09:30:01,66.22,100,
09:30:01,66.22,3500,
09:30:01,66.22,6000,
09:30:01,66.22,225,
09:30:01,66.22,200,
09:30:01,66.22,350,
09:30:01,66.22,8000,
09:30:01,66.22,4800,
09:30:01,66.22,4600,
09:30:01,66.22,600,
09:30:01,66.22,1500,
09:30:01,66.22,417,
09:30:01,66.22,177,
09:30:01,66.22,535,
09:30:01,66.22,152,
09:30:01,66.22,187,
09:30:01,66.22,144,
09:30:01,66.22,179,
09:30:01,66.22,152,
09:30:01,66.22,150,
09:30:01,66.22,1385,
09:30:01,66.22,180,
09:30:01,66.22,3500,
09:30:01,66.22,100,
09:30:01,66.22,470,
09:30:01,66.22,150,
09:30:01,66.22,300,
09:30:01,66.22,1000,
09:30:01,66.22,350,
09:30:01,66.22,150,
09:30:01,66.22,610,
09:30:01,66.22,950,
09:30:01,66.22,1000,
09:30:01,66.22,100,
09:30:01,66.22,100,
09:30:01,66.22,100,
09:30:01,66.22,200,
09:30:01,66.22,200,
09:30:01,66.22,940,
09:30:01,66.22,1000,
09:30:01,66.22,12100,
09:30:01,66.22,100,
09:30:01,66.22,150,
09:30:01,66.22,125,
09:30:01,66.22,700,
09:30:01,66.22,507,
09:30:01,66.22,120,
09:30:01,66.22,100,
09:30:01,66.22,28291,
09:30:01,66.22,1500,
09:30:01,66.22,495,
09:30:01,66.22,143,
09:30:01,66.22,1000,
09:30:01,66.22,118,
09:30:01,66.22,154,
09:30:01,66.22,207,
09:30:01,66.22,2100,
09:30:01,66.22,425,
09:30:01,66.22,125,
09:30:01,66.22,345,
09:30:01,66.22,524,
09:30:01,66.22,222,
09:30:01,66.22,4555,
09:30:01,66.22,318,
09:30:01,66.22,1000,
09:30:01,66.21,800,
09:30:01,66.22,102,
09:30:01,66.21,100,
09:30:01,66.21,100,
09:30:02,66.21,300,
09:30:02,66.21,100,
09:30:02,66.21,200,
09:30:02,66.21,3700,
09:30:02,66.21,400,
09:30:03,66.21,400,
09:30:03,66.21,800,
09:30:03,66.21,800,
09:30:03,66.21,400,
09:30:03,66.21,400,
09:30:03,66.21,400,
09:30:03,66.21,2200,
09:30:03,66.21,200,
09:30:03,66.21,300,
09:30:03,66.21,400,
09:30:03,66.20,500,
09:30:04,66.21,200,
09:30:04,66.21,400,
09:30:04,66.21,400,
09:30:04,66.21,1000,
09:30:04,66.21,111,
09:30:04,66.21,1000,
09:30:04,66.21,400,
09:30:04,66.21,100,
09:30:04,66.21,200,
09:30:04,66.21,1000,
09:30:04,66.20,100,
09:30:04,66.20,1000,
09:30:05,66.20,200,
09:30:05,66.20,400,
09:30:05,66.21,100,
09:30:05,66.21,400,
09:30:05,66.21,600,
09:30:05,66.20,400,
09:30:05,66.20,1000,
09:30:05,66.20,266,
09:30:05,66.20,400,
09:30:05,66.20,400,
09:30:05,66.19,815,
09:30:05,66.19,100,
09:30:05,66.20,200,
09:30:05,66.20,400,
09:30:05,66.20,400,
09:30:05,66.20,200,
09:30:05,66.20,400,
09:30:06,66.20,1900,
09:30:06,66.19,100,
09:30:06,66.19,500,
09:30:06,66.19,100,
09:30:06,66.19,130,
09:30:06,66.19,400,
09:30:06,66.19,170,
09:30:06,66.19,800,
09:30:06,66.19,100,
09:30:06,66.20,200,
09:30:07,66.19,100,
09:30:08,66.19,1000,
09:30:08,66.19,170,
09:30:08,66.19,100,
09:30:08,66.18,800,
09:30:09,66.19,200,
09:30:09,66.19,400,
09:30:09,66.19,200,
09:30:09,66.18,400,
09:30:09,66.18,100,
09:30:09,66.18,100,
09:30:09,66.18,200,
09:30:10,66.18,267,
09:30:10,66.19,400,
09:30:10,66.19,800,
09:30:11,66.20,100,
09:30:11,66.20,145,
09:30:11,66.20,800,
09:30:11,66.20,300,
09:30:11,66.20,800,
09:30:11,66.20,200,
09:30:11,66.20,800,
09:30:11,66.20,100,
09:30:11,66.20,100,
09:30:11,66.20,400,
09:30:11,66.20,300,
09:30:11,66.20,100,
09:30:13,66.21,300,
09:30:13,66.21,400,
09:30:13,66.21,800,
09:30:13,66.21,200,
09:30:13,66.21,800,
09:30:13,66.21,800,
09:30:13,66.21,3400,
09:30:13,66.22,400,
09:30:13,66.21,100,
09:30:13,66.22,800,
09:30:13,66.22,100,
09:30:13,66.21,800,
09:30:13,66.21,500,
09:30:13,66.21,2500,
09:30:14,66.23,600,
09:30:14,66.22,1000,
09:30:14,66.22,800,
09:30:15,66.22,300,
09:30:15,66.22,300,
09:30:15,66.21,100,
09:30:15,66.21,400,
09:30:15,66.21,300,
09:30:15,66.21,100,
09:30:15,66.21,800,
09:30:16,66.195,100,
09:30:16,66.23,300,
09:30:17,66.22,267,
09:30:17,66.22,200,
09:30:17,66.22,400,
09:30:17,66.22,600,
09:30:17,66.22,300,
09:30:17,66.22,800,
09:30:17,66.22,400,
09:30:17,66.23,400,
09:30:17,66.22,300,
09:30:17,66.22,200,
09:30:17,66.22,200,
09:30:19,66.22,200,
09:30:20,66.22,200,
09:30:21,66.22,100,
09:30:21,66.21,300,
09:30:21,66.21,400,
09:30:21,66.21,800,
09:30:21,66.21,800,
09:30:21,66.22,100,
09:30:21,66.21,300,
09:30:21,66.20,1000,
09:30:21,66.20,400,
09:30:21,66.21,100,
09:30:21,66.20,200,
09:30:21,66.21,300,
09:30:21,66.21,300,
09:30:22,66.21,1000,
09:30:22,66.21,100,
09:30:22,66.21,100,
09:30:22,66.22,300,
09:30:22,66.22,600,
09:30:22,66.21,100,
09:30:24,66.22,100,
09:30:24,66.22,100,
09:30:25,66.22,100,
09:30:25,66.22,800,
09:30:25,66.23,400,
09:30:26,66.1986,100,
09:30:26,66.23,100,
09:30:28,66.22,100,
09:30:28,66.22,200,
09:30:30,66.219,100,
09:30:30,66.22,200,
09:30:30,66.22,800,
09:30:30,66.22,200,
09:30:30,66.22,200,
09:30:31,66.22,200,
09:30:31,66.22,100,
09:30:34,66.22,200,
09:30:34,66.22,100,
09:30:35,66.1972,5000,
09:30:35,66.22,100,
09:30:36,66.22,500,
09:30:36,66.22,600,
09:30:36,66.2199,200,
09:30:38,66.22,200,
09:30:38,66.22,100,
09:30:38,66.22,400,
09:30:39,66.23,700,
09:30:39,66.23,100,
09:30:39,66.23,700,
09:30:39,66.22,600,
09:30:39,66.22,800,
09:30:39,66.22,800,
09:30:39,66.22,100,
09:30:39,66.22,300,
09:30:39,66.21,1100,
09:30:39,66.21,200,
09:30:39,66.21,300,
09:30:39,66.21,100,
09:30:40,66.22,800,
09:30:40,66.22,400,
09:30:40,66.22,800,
09:30:40,66.22,200,
09:30:40,66.23,100,
09:30:40,66.23,100,
09:30:40,66.23,200,
09:30:40,66.23,100,
09:30:40,66.23,200,
09:30:40,66.2176,800,
09:30:40,66.2177,100,
09:30:41,66.22,175,
09:30:41,66.24,375,
09:30:41,66.24,500,
09:30:41,66.25,900,
09:30:41,66.24,200,
09:30:41,66.2499,750,
09:30:42,66.24,300,
09:30:42,66.24,400,
09:30:42,66.24,300,
09:30:42,66.24,100,
09:30:42,66.24,800,
09:30:42,66.24,300,
09:30:46,66.23,300,
09:30:46,66.23,300,
09:30:47,66.23,100,
09:30:48,66.2377,250,
09:30:50,66.23,300,
09:30:50,66.23,800,
09:30:50,66.23,181,
09:30:50,66.23,800,
09:30:50,66.23,800,
09:30:51,66.23,100,
09:30:52,66.2299,200,
09:30:54,66.22,100,
09:30:55,66.23,146,
09:30:55,66.23,100,
09:30:55,66.2299,100,
09:30:55,66.2299,100,
09:30:55,66.2299,954,
09:30:57,66.22,400,
09:30:57,66.22,1000,
09:30:57,66.22,400,
09:30:57,66.22,600,
09:30:57,66.22,300,
09:30:57,66.22,300,
09:30:57,66.22,200,
09:30:57,66.22,400,
09:30:57,66.22,100,
09:30:57,66.22,100,
09:30:57,66.22,1100,
09:30:58,66.22,200,
09:30:58,66.22,100,
09:30:58,66.22,800,
09:30:58,66.22,200,
09:30:59,66.22,800,
09:30:59,66.22,100,
09:31:00,66.23,200,
09:31:01,66.23,100,
09:31:05,66.23,100,
09:31:06,66.24,600,
09:31:06,66.24,185,
09:31:06,66.24,1200,
09:31:06,66.24,200,
09:31:06,66.24,100,
09:31:06,66.24,200,
09:31:06,66.25,1100,
09:31:06,66.25,300,
09:31:06,66.24,100,
09:31:06,66.25,820,
09:31:06,66.25,100,
09:31:06,66.25,300,
09:31:06,66.24,300,
09:31:07,66.2401,400,
09:31:10,66.25,1000,
09:31:10,66.25,580,
09:31:10,66.25,200,
09:31:10,66.25,100,
09:31:10,66.25,200,
09:31:10,66.25,300,
09:31:10,66.25,300,
09:31:10,66.25,280,
09:31:10,66.25,200,
09:31:10,66.25,200,
09:31:10,66.25,100,
09:31:10,66.25,800,
09:31:10,66.25,200,
09:31:10,66.25,400,
09:31:10,66.25,200,
09:31:10,66.25,400,
09:31:11,66.25,2000,
09:31:11,66.25,800,
09:31:11,66.25,200,
09:31:11,66.25,300,
09:31:12,66.27,400,
09:31:12,66.26,100,
09:31:13,66.27,500,
09:31:13,66.28,400,
09:31:13,66.27,300,
09:31:13,66.27,200,
09:31:15,66.26,1200,
09:31:15,66.26,800,
09:31:15,66.25,300,
09:31:15,66.25,800,
09:31:15,66.25,1800,
09:31:15,66.25,300,
09:31:16,66.25,1700,
09:31:16,66.25,400,
09:31:16,66.24,800,
09:31:16,66.2377,800,
09:31:17,66.26,100,
09:31:17,66.26,500,
09:31:17,66.26,200,
09:31:17,66.26,258,
09:31:17,66.26,142,
09:31:17,66.26,300,
09:31:17,66.26,242,
09:31:17,66.26,151,
09:31:18,66.26,100,
09:31:18,66.26,600,
09:31:18,66.26,100,
09:31:18,66.26,100,
09:31:18,66.26,351,
09:31:18,66.26,300,
09:31:22,66.2595,900,
09:31:22,66.25,400,
09:31:22,66.24,200,
09:31:22,66.25,300,
09:31:22,66.25,100,
09:31:22,66.25,200,
09:31:23,66.24,100,
09:31:23,66.24,100,
09:31:24,66.24,1245,
09:31:24,66.24,800,
09:31:24,66.24,300,
09:31:24,66.24,300,
09:31:24,66.24,300,
09:31:25,66.24,300,
09:31:25,66.24,200,
09:31:25,66.24,899,
09:31:25,66.24,300,
09:31:25,66.24,1000,
09:31:26,66.24,100,
09:31:26,66.2377,200,
09:31:28,66.2476,150,
09:31:28,66.24,300,
09:31:28,66.24,179,
09:31:28,66.24,200,
09:31:29,66.23,400,
09:31:29,66.23,200,
09:31:31,66.23,600,
09:31:31,66.2286,100,
09:31:31,66.23,200,
09:31:31,66.23,300,
09:31:33,66.22,1255,
09:31:33,66.22,400,
09:31:33,66.2224,175,
09:31:34,66.22,280,
09:31:34,66.22,400,
09:31:35,66.22,700,
09:31:36,66.22,100,
09:31:37,66.22,300,
09:31:38,66.22,300,
09:31:40,66.22,100,
09:31:40,66.22,100,
09:31:40,66.22,300,
09:31:40,66.22,300,
09:31:40,66.22,800,
09:31:40,66.23,500,
09:31:40,66.23,400,
09:31:40,66.23,300,
09:31:40,66.23,300,
09:31:40,66.23,100,
09:31:40,66.23,200,
09:31:40,66.23,300,
09:31:41,66.2275,100,
09:31:41,66.23,100,
09:31:41,66.23,300,
09:31:42,66.217,274,
09:31:42,66.23,800,
09:31:42,66.23,300,
09:31:42,66.22,100,
09:31:43,66.22,200,
09:31:44,66.2097,400,
09:31:44,66.21,100,
09:31:44,66.21,100,
09:31:45,66.21,200,
09:31:45,66.21,100,
09:31:45,66.22,300,
09:31:45,66.22,800,
09:31:45,66.21,400,
09:31:48,66.22,100,
09:31:48,66.22,200,
09:31:53,66.21,300,
09:31:54,66.21,300,
09:31:54,66.21,800,
09:31:54,66.21,500,
09:31:54,66.21,300,
09:31:54,66.21,100,
09:31:54,66.21,300,
09:31:54,66.21,100,
09:31:54,66.21,400,
09:31:54,66.21,300,
09:31:54,66.21,100,
09:31:56,66.22,1000,
09:31:56,66.22,200,
09:31:56,66.22,118,
09:31:56,66.22,182,
09:31:57,66.22,500,
09:31:57,66.22,200,
09:31:57,66.22,199,
09:31:57,66.22,400,
09:31:58,66.22,200,
09:32:00,66.22,2100,
09:32:00,66.22,600,
09:32:00,66.22,400,
09:32:00,66.22,500,
09:32:01,66.22,400,
09:32:01,66.22,100,
09:32:02,66.22,600,
09:32:02,66.21,500,
09:32:03,66.215,100,
09:32:03,66.22,200,
09:32:03,66.22,400,
09:32:03,66.21,300,
09:32:03,66.21,272,
09:32:03,66.21,100,
09:32:03,66.215,100,
09:32:05,66.21,300,
09:32:06,66.21,200,
09:32:06,66.21,128,
09:32:07,66.20,100,
09:32:07,66.20,100,
09:32:07,66.20,500,
09:32:07,66.21,900,
09:32:07,66.22,100,
09:32:07,66.22,200,
09:32:07,66.22,400,
09:32:07,66.22,400,
09:32:08,66.215,100,
09:32:08,66.21,100,
09:32:08,66.21,100,
09:32:11,66.21,100,
09:32:11,66.21,4100,
09:32:11,66.21,100,
09:32:11,66.21,100,
09:32:11,66.215,100,
09:32:12,66.20,100,
09:32:12,66.20,400,
09:32:13,66.21,160,
09:32:13,66.21,300,
09:32:13,66.215,100,
09:32:13,66.22,1000,
09:32:14,66.22,100,
09:32:15,66.219,1500,
09:32:17,66.23,100,
09:32:17,66.22,100,
09:32:17,66.22,300,
09:32:17,66.22,400,
09:32:21,66.21,400,
09:32:21,66.21,500,
09:32:22,66.21,200,
09:32:22,66.21,200,
09:32:22,66.21,100,
09:32:22,66.20,400,
09:32:22,66.2099,234,
09:32:23,66.20,200,
09:32:24,66.2099,1500,
09:32:25,66.21,100,
09:32:25,66.21,100,
09:32:25,66.21,100,
09:32:25,66.21,400,
09:32:27,66.20,100,
09:32:27,66.2005,1000,
09:32:28,66.205,100,
09:32:29,66.21,400,
09:32:29,66.21,100,
09:32:29,66.21,100,
09:32:29,66.21,400,
09:32:30,66.20,200,
09:32:31,66.20,100,
09:32:31,66.20,100,
09:32:31,66.20,300,
09:32:32,66.21,100,
09:32:32,66.21,100,
09:32:32,66.215,100,
09:32:32,66.21,200,
09:32:32,66.215,100,
09:32:32,66.22,100,
09:32:32,66.22,100,
09:32:33,66.21,200,
09:32:33,66.21,100,
09:32:33,66.215,100,
09:32:34,66.21,300,
09:32:34,66.21,200,
09:32:34,66.21,200,
09:32:34,66.2099,300,
09:32:34,66.2099,300,
09:32:35,66.22,18849,
09:32:35,66.22,100,
09:32:37,66.22,400,
09:32:37,66.22,400,
09:32:37,66.22,300,
09:32:37,66.22,200,
09:32:37,66.22,100,
09:32:37,66.225,100,
09:32:37,66.225,100,
09:32:37,66.225,100,
09:32:37,66.22,100,
09:32:37,66.225,100,
09:32:39,66.21,100,
09:32:39,66.21,100,
09:32:39,66.21,100,
09:32:39,66.21,100,
09:32:39,66.21,400,
09:32:39,66.21,200,
09:32:39,66.21,101,
09:32:39,66.21,100,
09:32:39,66.21,100,
09:32:39,66.21,700,
09:32:39,66.21,800,
09:32:39,66.21,410,
09:32:39,66.21,300,
09:32:40,66.21,100,
09:32:41,66.21,300,
09:32:41,66.21,100,
09:32:41,66.21,200,
09:32:41,66.21,200,
09:32:42,66.21,300,
09:32:42,66.21,100,
09:32:43,66.21,300,
09:32:43,66.215,100,
09:32:43,66.2001,2000,
09:32:43,66.21,200,
09:32:43,66.21,100,
09:32:43,66.21,100,
09:32:43,66.21,200,
09:32:45,66.215,100,
09:32:45,66.215,100,
09:32:45,66.215,100,
09:32:45,66.21,100,
09:32:45,66.215,100,
09:32:46,66.21,300,
09:32:46,66.21,800,
09:32:46,66.21,100,
09:32:46,66.21,100,
09:32:46,66.21,124,
09:32:46,66.21,100,
09:32:46,66.21,300,
09:32:48,66.219,100,
09:32:48,66.215,700,
09:32:49,66.21,100,
09:32:49,66.21,300,
09:32:51,66.21,300,
09:32:51,66.21,400,
09:32:51,66.21,400,
09:32:51,66.21,100,
09:32:51,66.21,600,
09:32:51,66.21,800,
09:32:51,66.21,100,
09:32:51,66.21,400,
09:32:51,66.21,300,
09:32:51,66.21,100,
09:32:51,66.21,300,
09:32:51,66.21,800,
09:32:51,66.21,800,
09:32:51,66.21,150,
09:32:51,66.21,500,
09:32:51,66.21,690,
09:32:51,66.21,100,
09:32:51,66.21,300,
09:32:51,66.21,200,
09:32:51,66.21,400,
09:32:52,66.21,400,
09:32:52,66.21,130,
09:32:52,66.21,470,
09:32:52,66.21,800,
09:32:52,66.21,100,
09:32:52,66.21,1200,
09:32:52,66.21,100,
09:32:52,66.21,400,
09:32:52,66.21,300,
09:32:52,66.21,370,
09:32:52,66.21,630,
09:32:54,66.20,100,
09:32:54,66.20,100,
09:32:54,66.20,400,
09:32:54,66.205,100,
09:32:58,66.20,400,
09:32:58,66.20,500,
09:32:58,66.20,100,
09:32:58,66.19,100,
09:32:58,66.19,700,
09:32:58,66.20,100,
09:32:58,66.20,100,
09:32:59,66.205,100,
09:32:59,66.20,200,
09:32:59,66.20,100,
09:33:01,66.20,400,
09:33:02,66.20,100,
09:33:02,66.20,100,
09:33:02,66.20,100,
09:33:02,66.20,100,
09:33:03,66.19,100,
09:33:03,66.19,100,
09:33:03,66.19,200,
09:33:04,66.20,400,
09:33:04,66.20,300,
09:33:04,66.20,400,
09:33:04,66.195,100,
09:33:04,66.19,100,
09:33:04,66.195,100,
09:33:05,66.1816,238,
09:33:06,66.19,100,
09:33:06,66.19,800,
09:33:06,66.19,900,
09:33:06,66.19,1200,
09:33:06,66.19,400,
09:33:06,66.19,1176,
09:33:06,66.19,300,
09:33:06,66.19,275,
09:33:06,66.19,400,
09:33:06,66.19,700,
09:33:06,66.19,800,
09:33:06,66.19,700,
09:33:06,66.19,400,
09:33:06,66.19,1200,
09:33:06,66.19,1000,
09:33:08,66.19,400,
09:33:08,66.19,500,
09:33:08,66.19,500,
09:33:09,66.18,400,
09:33:09,66.18,300,
09:33:09,66.18,100,
09:33:09,66.185,100,
09:33:10,66.185,100,
09:33:13,66.17,100,
09:33:14,66.175,300,
09:33:14,66.17,400,
09:33:14,66.175,300,
09:33:14,66.16,100,
09:33:15,66.16,400,
09:33:16,66.16,800,
09:33:16,66.16,200,
09:33:16,66.16,700,
09:33:16,66.16,400,
09:33:16,66.16,100,
09:33:18,66.15,100,
09:33:18,66.15,100,
09:33:18,66.145,500,
09:33:22,66.12,400,
09:33:22,66.12,210,
09:33:22,66.12,400,
09:33:23,66.12,100,
09:33:23,66.12,100,
09:33:23,66.12,2000,
09:33:23,66.12,138,
09:33:23,66.12,400,
09:33:23,66.12,120,
09:33:23,66.12,150,
09:33:24,66.12,500,
09:33:25,66.13,600,
09:33:25,66.13,300,
09:33:25,66.13,200,
09:33:26,66.12,200,
09:33:26,66.12,200,
09:33:27,66.125,100,
09:33:27,66.125,200,
09:33:27,66.12,400,
09:33:29,66.12,400,
09:33:29,66.12,200,
09:33:29,66.13,200,
09:33:29,66.13,100,
09:33:29,66.13,500,
09:33:29,66.13,500,
09:33:30,66.1257,210,
09:33:31,66.14,300,
09:33:33,66.14,200,
09:33:33,66.14,500,
09:33:33,66.14,300,
09:33:34,66.13,1500,
09:33:34,66.13,100,
09:33:34,66.13,100,
09:33:34,66.12,429,
09:33:34,66.12,329,
09:33:34,66.12,400,
09:33:34,66.12,800,
09:33:34,66.12,129,
09:33:34,66.12,400,
09:33:34,66.12,300,
09:33:34,66.12,105,
09:33:34,66.12,1500,
09:33:34,66.12,100,
09:33:34,66.12,100,
09:33:34,66.12,200,
09:33:34,66.12,400,
09:33:34,66.135,100,
09:33:34,66.12,100,
09:33:34,66.11,200,
09:33:34,66.11,574,
09:33:34,66.12,300,
09:33:34,66.12,200,
09:33:34,66.12,300,
09:33:34,66.12,300,
09:33:34,66.12,100,
09:33:34,66.12,800,
09:33:34,66.12,800,
09:33:34,66.12,400,
09:33:34,66.12,900,
09:33:34,66.12,1140,
09:33:34,66.12,3370,
09:33:34,66.12,100,
09:33:34,66.12,100,
09:33:34,66.12,100,
09:33:34,66.11,400,
09:33:34,66.11,300,
09:33:34,66.11,400,
09:33:34,66.11,826,
09:33:34,66.13,400,
09:33:34,66.11,100,
09:33:34,66.11,800,
09:33:34,66.11,760,
09:33:34,66.13,2000,
09:33:34,66.11,100,
09:33:35,66.11,400,
09:33:35,66.11,100,
09:33:35,66.11,200,
09:33:35,66.11,200,
09:33:36,66.10,875,
09:33:36,66.10,200,
09:33:37,66.10,150,
09:33:37,66.10,600,
09:33:37,66.10,400,
09:33:37,66.10,100,
09:33:37,66.10,100,
09:33:37,66.10,300,
09:33:37,66.10,250,
09:33:38,66.10,100,
09:33:38,66.115,100,
09:33:39,66.105,100,
09:33:39,66.09,2500,
09:33:39,66.10,100,
09:33:39,66.10,400,
09:33:40,66.10,100,
09:33:41,66.0999,3000,
09:33:43,66.095,100,
09:33:43,66.09,100,
09:33:44,66.09,100,
09:33:44,66.08,100,
09:33:44,66.08,100,
09:33:44,66.08,1100,
09:33:44,66.08,1300,
09:33:44,66.08,200,
09:33:45,66.09,300,
09:33:45,66.09,300,
09:33:46,66.09,200,
09:33:46,66.09,300,
09:33:46,66.09,800,
09:33:47,66.09,500,
09:33:47,66.09,800,
09:33:47,66.09,800,
09:33:47,66.09,100,
09:33:47,66.09,100,
09:33:48,66.08,400,
09:33:48,66.085,500,
09:33:49,66.08,400,
09:33:49,66.08,100,
09:33:49,66.08,600,
09:33:49,66.08,400,
09:33:49,66.07,200,
09:33:49,66.06,400,
09:33:50,66.0601,500,
09:33:52,66.07,300,
09:33:53,66.0799,500,
09:33:54,66.07,200,
09:33:54,66.07,100,
09:33:55,66.07,1000,
09:33:56,66.06,100,
09:33:56,66.05,400,
09:33:56,66.05,300,
09:33:56,66.06,600,
09:33:57,66.0599,6200,
09:33:58,66.05,100,
09:33:59,66.05,300,
09:33:59,66.05,300,
09:33:59,66.05,200,
09:34:00,66.04,2400,
09:34:00,66.04,100,
09:34:00,66.04,100,
09:34:00,66.04,200,
09:34:00,66.04,400,
09:34:02,66.05,300,
09:34:02,66.05,300,
09:34:02,66.0577,400,
09:34:02,66.0501,200,
09:34:03,66.06,200,
09:34:03,66.06,100,
09:34:03,66.06,200,
09:34:03,66.06,600,
09:34:03,66.06,700,
09:34:03,66.06,400,
09:34:03,66.07,100,
09:34:04,66.06,400,
09:34:04,66.06,100,
09:34:05,66.06,200,
09:34:05,66.06,100,
09:34:06,66.07,100,
09:34:08,66.07,100,
09:34:08,66.07,800,
09:34:09,66.06,178,
09:34:09,66.06,200,
09:34:09,66.06,300,
09:34:09,66.06,200,
09:34:09,66.06,2200,
09:34:09,66.05,100,
09:34:09,66.05,1500,
09:34:09,66.05,3100,
09:34:09,66.05,100,
09:34:09,66.05,100,
09:34:09,66.05,700,
09:34:09,66.05,200,
09:34:09,66.05,100,
09:34:09,66.05,400,
09:34:09,66.05,300,
09:34:09,66.05,236,
09:34:09,66.05,100,
09:34:10,66.05,100,
09:34:11,66.07,348,
09:34:12,66.07,800,
09:34:13,66.07,100,
09:34:14,66.08,300,
09:34:14,66.08,100,
09:34:14,66.08,100,
09:34:14,66.08,200,
09:34:14,66.08,400,
09:34:14,66.08,100,
09:34:15,66.0795,1500,
09:34:16,66.08,300,
09:34:16,66.09,100,
09:34:16,66.09,100,
09:34:16,66.09,100,
09:34:16,66.09,100,
09:34:17,66.09,732,
09:34:17,66.09,200,
09:34:17,66.09,100,
09:34:17,66.09,800,
09:34:17,66.09,800,
09:34:17,66.09,300,
09:34:17,66.08,600,
09:34:17,66.08,200,
09:34:17,66.08,400,
09:34:17,66.07,100,
09:34:17,66.07,768,
09:34:17,66.07,150,
09:34:17,66.07,586,
09:34:17,66.07,100,
09:34:17,66.07,100,
09:34:18,66.08,800,
09:34:20,66.08,400,
09:34:25,66.08,100,
09:34:25,66.08,100,
09:34:25,66.08,2000,
09:34:25,66.08,700,
09:34:25,66.075,100,
09:34:27,66.08,100,
09:34:29,66.08,400,
09:34:29,66.08,300,
09:34:29,66.09,100,
09:34:29,66.09,500,
09:34:29,66.09,1100,
09:34:29,66.09,2000,
09:34:30,66.09,100,
09:34:31,66.08,800,
09:34:33,66.08,100,
09:34:33,66.08,500,
09:34:33,66.08,900,
09:34:33,66.08,2000,
09:34:33,66.08,100,
09:34:33,66.08,100,
09:34:33,66.08,200,
09:34:33,66.08,700,
09:34:34,66.08,500,
09:34:34,66.08,800,
09:34:34,66.08,200,
09:34:34,66.08,200,
09:34:34,66.08,600,
09:34:34,66.07,100,
09:34:34,66.0777,600,
09:34:34,66.08,100,
09:34:36,66.08,100,
09:34:36,66.0786,100,
09:34:37,66.08,100,
09:34:37,66.08,500,
09:34:37,66.09,700,
09:34:37,66.09,400,
09:34:37,66.10,200,
09:34:37,66.09,400,
09:34:37,66.09,100,
09:34:37,66.09,800,
09:34:39,66.095,100,
09:34:39,66.095,100,
09:34:39,66.095,100,
09:34:39,66.095,100,
09:34:39,66.095,100,
09:34:41,66.10,300,
09:34:41,66.10,100,
09:34:41,66.10,300,
09:34:41,66.11,100,
09:34:41,66.11,300,
09:34:43,66.11,100,
09:34:43,66.11,200,
09:34:44,66.12,300,
09:34:44,66.12,100,
09:34:44,66.12,100,
09:34:44,66.12,800,
09:34:44,66.12,200,
09:34:44,66.12,400,
09:34:47,66.12,100,
09:34:47,66.12,812,
09:34:47,66.13,500,
09:34:47,66.13,100,
09:34:48,66.1223,456,
09:34:50,66.13,100,
09:34:50,66.1299,100,
09:34:50,66.1299,100,
09:34:51,66.14,600,
09:34:56,66.14,100,
09:34:56,66.14,600,
09:34:56,66.14,200,
09:34:56,66.14,100,
09:34:56,66.14,500,
09:34:56,66.14,200,
09:34:57,66.15,100,
09:34:58,66.15,100,
09:34:58,66.15,100,
09:34:58,66.15,480,
09:34:58,66.14,200,
09:34:58,66.14,500,
09:34:58,66.15,500,
09:34:58,66.16,1100,
09:34:58,66.16,2000,
09:34:58,66.16,3500,
09:34:58,66.16,100,
09:34:58,66.16,400,
09:34:58,66.16,400,
09:34:58,66.16,300,
09:34:58,66.17,400,
09:34:58,66.17,800,
09:34:58,66.17,4100,
09:34:58,66.17,800,
09:34:58,66.17,400,
09:34:58,66.18,2400,
09:34:58,66.18,800,
09:34:58,66.18,100,
09:34:58,66.18,100,
09:34:58,66.18,600,
09:34:58,66.18,1000,
09:34:58,66.18,400,
09:34:58,66.18,410,
09:34:58,66.18,1800,
09:34:58,66.17,200,
09:34:58,66.18,800,
09:34:58,66.18,100,
09:34:58,66.17,1000,
09:34:58,66.17,400,
09:34:58,66.17,100,
09:34:58,66.18,26180,
09:34:58,66.17,200,
09:34:58,66.17,600,
09:34:58,66.17,152,
09:34:58,66.18,2848,
09:34:58,66.17,1800,
09:34:58,66.17,600,
09:34:58,66.19,800,
09:34:58,66.18,600,
09:34:58,66.19,800,
09:34:58,66.19,200,
09:34:58,66.20,200,
09:34:58,66.20,213,
09:34:58,66.20,200,
09:34:58,66.20,300,
09:34:58,66.20,587,
09:34:58,66.20,600,
09:34:58,66.21,800,
09:34:58,66.19,1212,
09:34:58,66.19,300,
09:34:58,66.19,200,
09:34:58,66.19,600,
09:34:59,66.19,2400,
09:34:59,66.19,700,
09:34:59,66.19,800,
09:34:59,66.19,800,
09:34:59,66.19,500,
09:34:59,66.1995,1000,
09:35:00,66.18,300,
09:35:00,66.18,200,
09:35:00,66.18,300,
09:35:00,66.18,600,
09:35:00,66.18,500,
09:35:00,66.18,100,
09:35:00,66.18,300,
09:35:00,66.18,1100,
09:35:00,66.18,100,
09:35:00,66.18,1000,
09:35:02,66.18,176,
09:35:02,66.18,100,
09:35:02,66.18,100,
09:35:02,66.18,100,
09:35:02,66.18,200,
09:35:02,66.18,100,
09:35:02,66.18,100,
09:35:02,66.18,100,
09:35:02,66.18,100,
09:35:02,66.18,160,
09:35:02,66.18,240,
09:35:02,66.18,300,
09:35:02,66.18,200,
09:35:02,66.18,2000,
09:35:02,66.18,800,
09:35:02,66.17,400,
09:35:02,66.17,200,
09:35:02,66.17,400,
09:35:02,66.18,100,
09:35:02,66.18,30000,
09:35:02,66.18,200,
09:35:02,66.18,1200,
09:35:02,66.18,1000,
09:35:02,66.18,4100,
09:35:02,66.18,100,
09:35:02,66.18,303,
09:35:02,66.18,300,
09:35:02,66.18,2300,
09:35:02,66.18,800,
09:35:02,66.18,600,
09:35:02,66.18,200,
09:35:02,66.18,533,
09:35:02,66.17,400,
09:35:02,66.18,200,
09:35:02,66.18,300,
09:35:02,66.18,1600,
09:35:02,66.18,100,
09:35:02,66.18,600,
09:35:02,66.18,1080,
09:35:02,66.18,400,
09:35:02,66.18,3200,
09:35:02,66.18,2000,
09:35:02,66.18,500,
09:35:02,66.18,400,
09:35:03,66.18,1600,
09:35:03,66.18,300,
09:35:03,66.18,100,
09:35:03,66.18,400,
09:35:03,66.18,252,
09:35:03,66.18,800,
09:35:03,66.18,1600,
09:35:03,66.18,300,
09:35:03,66.18,2000,
09:35:03,66.189,800,
09:35:04,66.18,900,
09:35:04,66.18,400,
09:35:04,66.18,400,
09:35:04,66.18,600,
09:35:04,66.18,200,
09:35:04,66.18,500,
09:35:04,66.18,800,
09:35:04,66.18,700,
09:35:04,66.18,600,
09:35:04,66.18,200,
09:35:04,66.18,100,
09:35:04,66.18,200,
09:35:04,66.18,800,
09:35:04,66.18,2000,
09:35:04,66.18,2000,
09:35:04,66.18,100,
09:35:04,66.18,1400,
09:35:04,66.18,1400,
09:35:04,66.18,100,
09:35:04,66.18,1400,
09:35:04,66.18,2954,
09:35:04,66.18,300,
09:35:04,66.19,600,
09:35:05,66.19,100,
09:35:05,66.19,100,
09:35:07,66.20,300,
09:35:07,66.20,2700,
09:35:07,66.20,500,
09:35:08,66.20,500,
09:35:08,66.20,500,
09:35:08,66.20,400,
09:35:08,66.20,500,
09:35:08,66.20,800,
09:35:08,66.20,100,
09:35:08,66.20,200,
09:35:08,66.20,100,
09:35:08,66.20,100,
09:35:08,66.20,200,
09:35:08,66.20,100,
09:35:08,66.20,200,
09:35:08,66.20,196,
09:35:08,66.20,496,
09:35:08,66.20,854,
09:35:08,66.20,200,
09:35:08,66.20,300,
09:35:08,66.20,246,
09:35:08,66.20,400,
09:35:08,66.20,600,
09:35:08,66.20,100,
09:35:08,66.20,346,
09:35:08,66.20,900,
09:35:08,66.20,500,
09:35:08,66.20,100,
09:35:08,66.20,500,
09:35:08,66.20,300,
09:35:10,66.21,100,
09:35:10,66.21,100,
09:35:12,66.21,100,
09:35:12,66.21,200,
09:35:12,66.21,500,
09:35:12,66.21,200,
09:35:12,66.21,100,
09:35:12,66.21,100,
09:35:12,66.20,534,
09:35:12,66.20,800,
09:35:12,66.21,2000,
09:35:13,66.21,3500,
09:35:13,66.21,1200,
09:35:13,66.21,700,
09:35:13,66.21,400,
09:35:13,66.20,100,
09:35:13,66.21,2000,
09:35:13,66.21,4100,
09:35:13,66.21,800,
09:35:13,66.21,600,
09:35:13,66.21,400,
09:35:13,66.21,100,
09:35:13,66.22,800,
09:35:13,66.22,800,
09:35:13,66.22,400,
09:35:13,66.22,600,
09:35:13,66.22,800,
09:35:13,66.22,3000,
09:35:13,66.22,400,
09:35:13,66.22,300,
09:35:13,66.22,400,
09:35:13,66.22,600,
09:35:13,66.22,400,
09:35:13,66.22,300,
09:35:13,66.21,400,
09:35:13,66.21,200,
09:35:13,66.21,200,
09:35:13,66.22,600,
09:35:13,66.21,200,
09:35:13,66.22,200,
09:35:13,66.22,800,
09:35:13,66.21,200,
09:35:13,66.21,100,
09:35:13,66.21,2000,
09:35:13,66.21,400,
09:35:13,66.21,100,
09:35:13,66.21,500,
09:35:14,66.22,100,
09:35:14,66.22,600,
09:35:14,66.22,400,
09:35:14,66.22,100,
09:35:14,66.22,600,
09:35:14,66.22,600,
09:35:14,66.22,100,
09:35:14,66.22,300,
09:35:14,66.22,150,
09:35:14,66.22,2000,
09:35:14,66.22,300,
09:35:14,66.22,500,
09:35:14,66.22,100,
09:35:14,66.22,800,
09:35:14,66.22,100,
09:35:14,66.22,100,
09:35:14,66.22,100,
09:35:14,66.22,800,
09:35:14,66.22,820,
09:35:14,66.22,800,
09:35:14,66.22,800,
09:35:14,66.22,100,
09:35:14,66.22,100,
09:35:14,66.22,400,
09:35:14,66.22,600,
09:35:14,66.22,100,
09:35:14,66.22,600,
09:35:14,66.22,300,
09:35:14,66.22,200,
09:35:14,66.22,100,
09:35:14,66.22,2000,
09:35:14,66.22,500,
09:35:14,66.22,500,
09:35:14,66.22,500,
09:35:14,66.22,500,
09:35:15,66.22,800,
09:35:15,66.22,600,
09:35:15,66.22,100,
09:35:15,66.22,400,
09:35:16,66.22,200,
09:35:16,66.22,500,
09:35:16,66.22,100,
09:35:16,66.22,2000,
09:35:16,66.22,200,
09:35:16,66.22,800,
09:35:16,66.22,1400,
09:35:16,66.22,100,
09:35:16,66.22,300,
09:35:16,66.22,300,
09:35:16,66.22,300,
09:35:16,66.22,300,
09:35:16,66.22,800,
09:35:16,66.22,100,
09:35:16,66.22,100,
09:35:16,66.22,710,
09:35:16,66.22,800,
09:35:16,66.22,600,
09:35:16,66.22,1700,
09:35:16,66.22,100,
09:35:16,66.22,500,
09:35:16,66.22,400,
09:35:16,66.22,100,
09:35:16,66.22,600,
09:35:16,66.22,300,
09:35:16,66.22,600,
09:35:16,66.22,800,
09:35:16,66.22,1100,
09:35:16,66.22,200,
09:35:16,66.22,400,
09:35:16,66.22,400,
09:35:16,66.22,100,
09:35:16,66.22,500,
09:35:16,66.22,100,
09:35:16,66.22,100,
09:35:17,66.22,1500,
09:35:17,66.22,200,
09:35:17,66.22,300,
09:35:17,66.22,400,
09:35:17,66.22,1000,
09:35:17,66.22,500,
09:35:17,66.22,1600,
09:35:17,66.22,800,
09:35:17,66.22,300,
09:35:17,66.22,500,
09:35:17,66.22,600,
09:35:17,66.22,400,
09:35:17,66.22,322,
09:35:17,66.22,400,
09:35:17,66.22,1300,
09:35:17,66.22,178,
09:35:17,66.22,200,
09:35:18,66.22,267,
09:35:18,66.2299,100,
09:35:18,66.22,400,
09:35:18,66.22,100,
09:35:21,66.22,100,
09:35:21,66.22,230,
09:35:21,66.21,200,
09:35:21,66.21,100,
09:35:22,66.21,400,
09:35:22,66.21,100,
09:35:22,66.22,400,
09:35:22,66.215,100,
09:35:23,66.22,600,
09:35:23,66.22,800,
09:35:23,66.22,100,
09:35:23,66.22,300,
09:35:23,66.22,300,
09:35:23,66.22,400,
09:35:23,66.22,400,
09:35:23,66.22,278,
09:35:23,66.22,300,
09:35:23,66.22,500,
09:35:23,66.22,300,
09:35:23,66.22,722,
09:35:23,66.21,100,
09:35:26,66.21,100,
09:35:26,66.21,100,
09:35:26,66.21,200,
09:35:26,66.202,750,
09:35:26,66.21,400,
09:35:26,66.21,270,
09:35:27,66.21,400,
09:35:27,66.22,200,
09:35:27,66.22,400,
09:35:27,66.22,200,
09:35:27,66.22,500,
09:35:27,66.22,970,
09:35:27,66.22,100,
09:35:27,66.22,1000,
09:35:29,66.21,200,
09:35:31,66.22,800,
09:35:31,66.22,500,
09:35:31,66.22,5100,
09:35:31,66.22,500,
09:35:31,66.22,499,
09:35:32,66.22,100,
09:35:32,66.22,100,
09:35:32,66.22,100,
09:35:32,66.23,100,
09:35:33,66.22,2500,
09:35:34,66.229,1525,
09:35:36,66.22,400,
09:35:37,66.22,400,
09:35:37,66.22,600,
09:35:37,66.22,100,
09:35:37,66.22,300,
09:35:37,66.22,200,
09:35:37,66.22,300,
09:35:37,66.21,800,
09:35:38,66.22,300,
09:35:39,66.22,100,
09:35:40,66.22,100,
09:35:40,66.22,300,
09:35:40,66.22,200,
09:35:41,66.213,1000,
09:35:42,66.22,5000,
09:35:48,66.22,400,
09:35:48,66.22,100,
09:35:48,66.22,300,
09:35:48,66.22,400,
09:35:48,66.22,400,
09:35:48,66.22,300,
09:35:48,66.22,300,
09:35:48,66.22,700,
09:35:49,66.21,600,
09:35:50,66.21,300,
09:35:50,66.21,100,
09:35:51,66.21,400,
09:35:52,66.21,100,
09:35:53,66.20,100,
09:35:54,66.21,100,
09:35:56,66.21,100,
09:35:56,66.21,600,
09:35:57,66.2001,5800,
09:35:57,66.21,500,
09:35:57,66.21,1100,
09:35:57,66.21,500,
09:35:57,66.21,100,
09:35:57,66.21,700,
09:35:57,66.21,400,
09:35:57,66.21,1300,
09:35:57,66.21,1500,
09:35:57,66.22,100,
09:35:57,66.22,600,
09:35:57,66.22,400,
09:35:57,66.20,200,
09:35:57,66.22,300,
09:35:57,66.22,100,
09:35:58,66.21,100,
09:35:58,66.21,200,
09:36:00,66.21,100,
09:36:00,66.21,200,
09:36:00,66.21,300,
09:36:03,66.21,1800,
09:36:03,66.21,1000,
09:36:03,66.21,100,
09:36:03,66.21,100,
09:36:03,66.21,100,
09:36:03,66.21,400,
09:36:03,66.21,100,
09:36:03,66.21,800,
09:36:03,66.21,300,
09:36:03,66.21,800,
09:36:03,66.21,500,
09:36:05,66.21,100,
09:36:05,66.21,100,
09:36:05,66.21,300,
09:36:05,66.2076,300,
09:36:06,66.21,100,
09:36:06,66.205,100,
09:36:07,66.20,100,
09:36:08,66.21,800,
09:36:08,66.21,500,
09:36:08,66.20,400,
09:36:08,66.20,400,
09:36:08,66.20,300,
09:36:08,66.20,100,
09:36:08,66.20,100,
09:36:08,66.20,300,
09:36:08,66.20,100,
09:36:09,66.20,100,
09:36:09,66.20,300,
09:36:09,66.21,300,
09:36:09,66.195,100,
09:36:10,66.208,500,
09:36:10,66.21,500,
09:36:10,66.21,100,
09:36:12,66.20,600,
09:36:13,66.19,500,
09:36:13,66.19,300,
09:36:14,66.19,368,
09:36:14,66.19,100,
09:36:14,66.19,300,
09:36:15,66.19,400,
09:36:15,66.19,100,
09:36:15,66.19,300,
09:36:15,66.19,100,
09:36:15,66.19,600,
09:36:15,66.19,100,
09:36:15,66.19,200,
09:36:15,66.19,100,
09:36:15,66.1899,300,
09:36:15,66.1899,400,
09:36:15,66.1899,100,
09:36:15,66.1899,100,
09:36:15,66.1899,300,
09:36:15,66.1899,300,
09:36:15,66.1899,100,
09:36:15,66.1899,100,
09:36:15,66.1899,100,
09:36:15,66.1899,100,
09:36:15,66.18,400,
09:36:15,66.1899,500,
09:36:16,66.18,200,
09:36:18,66.18,2000,
09:36:18,66.18,200,
09:36:21,66.18,1100,
09:36:21,66.17,200,
09:36:22,66.17,100,
09:36:22,66.17,200,
09:36:22,66.17,150,
09:36:25,66.18,600,
09:36:25,66.18,800,
09:36:26,66.19,400,
09:36:26,66.19,300,
09:36:26,66.19,200,
09:36:26,66.19,400,
09:36:26,66.19,200,
09:36:26,66.19,300,
09:36:26,66.19,500,
09:36:29,66.18,500,
09:36:30,66.18,100,
09:36:31,66.18,200,
09:36:31,66.18,100,
09:36:32,66.18,400,
09:36:32,66.18,1000,
09:36:32,66.18,200,
09:36:32,66.17,400,
09:36:32,66.17,800,
09:36:32,66.17,800,
09:36:32,66.18,300,
09:36:32,66.18,400,
09:36:32,66.18,100,
09:36:32,66.18,600,
09:36:32,66.1801,1000,
09:36:35,66.17,100,
09:36:37,66.18,2247,
09:36:37,66.18,4100,
09:36:37,66.18,400,
09:36:37,66.18,200,
09:36:37,66.18,400,
09:36:37,66.18,400,
09:36:37,66.18,400,
09:36:37,66.18,100,
09:36:37,66.18,720,
09:36:37,66.18,600,
09:36:37,66.19,100,
09:36:37,66.19,778,
09:36:37,66.19,800,
09:36:37,66.18,200,
09:36:39,66.19,129,
09:36:40,66.18,100,
09:36:40,66.18,1300,
09:36:40,66.18,2100,
09:36:41,66.1807,400,
09:36:41,66.18,700,
09:36:41,66.18,900,
09:36:41,66.1807,300,
09:36:41,66.19,229,
09:36:41,66.1807,200,
09:36:41,66.1807,400,
09:36:41,66.19,600,
09:36:42,66.17,100,
09:36:42,66.17,400,
09:36:42,66.17,800,
09:36:42,66.17,400,
09:36:42,66.17,400,
09:36:42,66.17,200,
09:36:43,66.1799,2500,
09:36:44,66.18,600,
09:36:44,66.18,200,
09:36:44,66.18,100,
09:36:44,66.175,100,
09:36:45,66.1875,100,
09:36:45,66.1897,400,
09:36:45,66.1897,700,
09:36:45,66.1897,200,
09:36:45,66.1897,300,
09:36:45,66.1897,300,
09:36:45,66.19,3500,
09:36:45,66.19,400,
09:36:45,66.19,400,
09:36:45,66.19,500,
09:36:47,66.18,100,
09:36:47,66.18,700,
09:36:47,66.18,200,
09:36:47,66.18,400,
09:36:47,66.18,300,
09:36:48,66.18,100,
09:36:48,66.18,400,
09:36:48,66.18,900,
09:36:48,66.175,100,
09:36:51,66.17,100,
09:36:51,66.17,100,
09:36:51,66.17,100,
09:36:51,66.17,300,
09:36:53,66.15,100,
09:36:53,66.15,400,
09:36:53,66.15,600,
09:36:53,66.15,100,
09:36:53,66.15,100,
09:36:55,66.1501,2500,
09:36:58,66.15,300,
09:36:58,66.15,500,
09:36:58,66.15,200,
09:36:59,66.15,400,
09:37:00,66.15,100,
09:37:01,66.155,750,
09:37:02,66.15,100,
09:37:02,66.1505,1000,
09:37:03,66.15,100,
09:37:03,66.15,200,
09:37:03,66.15,100,
09:37:03,66.1401,200,
09:37:03,66.155,100,
09:37:03,66.15,300,
09:37:03,66.15,300,
09:37:03,66.16,17723,
09:37:04,66.14,300,
09:37:04,66.16,2521,
09:37:04,66.14,300,
09:37:05,66.145,300,
09:37:05,66.15,200,
09:37:05,66.15,400,
09:37:06,66.16,100,
09:37:06,66.16,100,
09:37:06,66.16,200,
09:37:06,66.16,100,
09:37:07,66.16,400,
09:37:08,66.15,200,
09:37:08,66.15,300,
09:37:08,66.15,300,
09:37:09,66.15,100,
09:37:09,66.15,300,
09:37:09,66.15,200,
09:37:09,66.15,1300,
09:37:09,66.15,100,
09:37:09,66.15,400,
09:37:09,66.15,200,
09:37:09,66.16,200,
09:37:09,66.16,100,
09:37:09,66.16,800,
09:37:10,66.151,600,
09:37:13,66.16,300,
09:37:13,66.16,200,
09:37:13,66.16,600,
09:37:13,66.16,500,
09:37:13,66.16,600,
09:37:13,66.16,400,
09:37:17,66.15,600,
09:37:17,66.15,100,
09:37:17,66.15,100,
09:37:17,66.15,100,
09:37:17,66.15,400,
09:37:17,66.15,100,
09:37:17,66.15,100,
09:37:17,66.15,1800,
09:37:17,66.15,300,
09:37:17,66.15,100,
09:37:17,66.15,500,
09:37:17,66.15,1100,
09:37:17,66.15,100,
09:37:17,66.15,1900,
09:37:17,66.15,300,
09:37:17,66.15,100,
09:37:17,66.16,600,
09:37:17,66.15,500,
09:37:17,66.15,100,
09:37:17,66.15,800,
09:37:17,66.15,2000,
09:37:17,66.15,1000,
09:37:17,66.15,800,
09:37:17,66.15,400,
09:37:17,66.15,400,
09:37:17,66.15,400,
09:37:17,66.15,500,
09:37:17,66.145,100,
09:37:18,66.15,100,
09:37:18,66.15,400,
09:37:18,66.15,100,
09:37:18,66.15,500,
09:37:18,66.15,100,
09:37:18,66.15,100,
09:37:18,66.15,303,
09:37:18,66.15,600,
09:37:18,66.15,300,
09:37:18,66.15,296,
09:37:18,66.15,100,
09:37:18,66.15,100,
09:37:20,66.14,3300,
09:37:20,66.14,800,
09:37:20,66.14,400,
09:37:20,66.14,400,
09:37:20,66.14,300,
09:37:20,66.14,500,
09:37:20,66.14,200,
09:37:20,66.14,400,
09:37:20,66.14,300,
09:37:23,66.15,100,
09:37:23,66.15,100,
09:37:23,66.15,600,
09:37:23,66.15,300,
09:37:23,66.15,800,
09:37:23,66.15,100,
09:37:23,66.15,400,
09:37:23,66.15,400,
09:37:23,66.15,800,
09:37:23,66.14,100,
09:37:23,66.14,2900,
09:37:23,66.14,1000,
09:37:23,66.14,600,
09:37:23,66.14,300,
09:37:23,66.14,600,
09:37:23,66.14,600,
09:37:23,66.14,600,
09:37:23,66.14,400,
09:37:23,66.14,200,
09:37:23,66.14,200,
09:37:26,66.14,200,
09:37:26,66.14,100,
09:37:26,66.14,300,
09:37:26,66.14,1000,
09:37:26,66.14,100,
09:37:26,66.14,510,
09:37:26,66.15,300,
09:37:26,66.15,600,
09:37:26,66.15,500,
09:37:26,66.15,100,
09:37:26,66.15,400,
09:37:26,66.15,100,
09:37:26,66.15,400,
09:37:26,66.15,200,
09:37:26,66.16,400,
09:37:26,66.16,400,
09:37:26,66.16,275,
09:37:26,66.16,400,
09:37:26,66.16,375,
09:37:26,66.16,725,
09:37:26,66.16,100,
09:37:26,66.16,1000,
09:37:26,66.16,100,
09:37:26,66.16,500,
09:37:26,66.16,100,
09:37:26,66.16,200,
09:37:26,66.16,400,
09:37:26,66.16,150,
09:37:26,66.16,790,
09:37:26,66.16,100,
09:37:26,66.16,600,
09:37:26,66.16,360,
09:37:31,66.15,200,
09:37:31,66.15,300,
09:37:31,66.15,200,
09:37:31,66.15,500,
09:37:31,66.15,300,
09:37:31,66.14,100,
09:37:33,66.14,600,
09:37:33,66.14,100,
09:37:34,66.12,300,
09:37:34,66.11,534,
09:37:34,66.12,300,
09:37:35,66.12,400,
09:37:35,66.12,400,
09:37:35,66.1201,500,
09:37:36,66.1284,159,
09:37:36,66.12,300,
09:37:36,66.12,200,
09:37:37,66.11,400,
09:37:37,66.11,200,
09:37:38,66.11,100,
09:37:40,66.11,100,
09:37:41,66.10,1000,
09:37:41,66.10,2000,
09:37:41,66.10,8700,
09:37:41,66.09,400,
09:37:41,66.09,600,
09:37:41,66.09,1000,
09:37:41,66.09,400,
09:37:41,66.09,800,
09:37:41,66.09,800,
09:37:41,66.09,600,
09:37:41,66.09,100,
09:37:41,66.10,300,
09:37:41,66.10,200,
09:37:41,66.10,1000,
09:37:41,66.10,400,
09:37:41,66.10,660,
09:37:41,66.10,400,
09:37:41,66.10,3200,
09:37:41,66.11,600,
09:37:41,66.11,400,
09:37:41,66.09,1000,
09:37:41,66.09,100,
09:37:41,66.09,1000,
09:37:41,66.09,400,
09:37:41,66.10,200,
09:37:41,66.10,100,
09:37:41,66.10,200,
09:37:41,66.10,200,
09:37:41,66.10,100,
09:37:41,66.10,600,
09:37:41,66.10,345,
09:37:41,66.10,400,
09:37:41,66.10,455,
09:37:41,66.10,100,
09:37:41,66.10,600,
09:37:41,66.10,400,
09:37:41,66.10,555,
09:37:41,66.10,200,
09:37:41,66.09,400,
09:37:41,66.10,300,
09:37:41,66.09,1400,
09:37:41,66.08,1252,
09:37:41,66.08,400,
09:37:41,66.08,800,
09:37:41,66.08,400,
09:37:41,66.08,100,
09:37:41,66.08,600,
09:37:41,66.08,600,
09:37:41,66.08,800,
09:37:41,66.08,466,
09:37:41,66.08,400,
09:37:41,66.08,310,
09:37:41,66.08,400,
09:37:41,66.08,600,
09:37:41,66.08,600,
09:37:41,66.08,1500,
09:37:41,66.08,194,
09:37:41,66.09,500,
09:37:41,66.09,600,
09:37:41,66.09,600,
09:37:41,66.09,500,
09:37:41,66.08,1000,
09:37:41,66.08,100,
09:37:41,66.08,100,
09:37:41,66.08,100,
09:37:41,66.08,1400,
09:37:41,66.08,800,
09:37:41,66.08,300,
09:37:41,66.08,200,
09:37:41,66.08,600,
09:37:41,66.08,100,
09:37:41,66.08,100,
09:37:41,66.08,400,
09:37:41,66.08,100,
09:37:41,66.08,800,
09:37:41,66.08,910,
09:37:41,66.08,900,
09:37:41,66.08,100,
09:37:41,66.08,100,
09:37:41,66.08,100,
09:37:41,66.09,100,
09:37:41,66.09,100,
09:37:41,66.09,400,
09:37:41,66.09,100,
09:37:41,66.09,100,
09:37:44,66.10,555,
09:37:44,66.10,1500,
09:37:44,66.10,100,
09:37:44,66.10,200,
09:37:44,66.10,100,
09:37:47,66.11,100,
09:37:47,66.11,600,
09:37:47,66.12,600,
09:37:47,66.12,200,
09:37:50,66.13,630,
09:37:50,66.13,800,
09:37:50,66.13,585,
09:37:50,66.13,600,
09:37:50,66.14,100,
09:37:50,66.13,200,
09:37:51,66.14,200,
09:37:51,66.14,600,
09:37:51,66.14,600,
09:37:51,66.14,100,
09:37:51,66.14,100,
09:37:53,66.14,100,
09:37:53,66.14,400,
09:37:53,66.14,200,
09:37:53,66.14,1500,
09:37:53,66.13,200,
09:37:54,66.13,800,
09:37:55,66.12,400,
09:37:58,66.12,100,
09:37:58,66.12,200,
09:38:00,66.12,200,
09:38:01,66.12,100,
09:38:02,66.12,200,
09:38:02,66.13,215,
09:38:02,66.13,215,
09:38:02,66.13,315,
09:38:02,66.13,500,
09:38:02,66.13,100,
09:38:02,66.13,100,
09:38:03,66.1205,622,
09:38:03,66.12,400,
09:38:03,66.12,300,
09:38:03,66.12,400,
09:38:07,66.12,200,
09:38:07,66.13,300,
09:38:07,66.111,2000,
09:38:08,66.13,600,
09:38:09,66.14,200,
09:38:09,66.14,400,
09:38:10,66.13,300,
09:38:10,66.13,568,
09:38:10,66.13,100,
09:38:11,66.12,1000,
09:38:11,66.12,300,
09:38:11,66.13,600,
09:38:11,66.13,126,
09:38:11,66.13,200,
09:38:11,66.13,100,
09:38:11,66.13,100,
09:38:11,66.13,200,
09:38:11,66.13,100,
09:38:11,66.13,400,
09:38:11,66.13,100,
09:38:12,66.13,400,
09:38:12,66.13,600,
09:38:12,66.13,200,
09:38:12,66.13,300,
09:38:13,66.12,200,
09:38:15,66.13,600,
09:38:15,66.13,200,
09:38:15,66.13,290,
09:38:15,66.13,200,
09:38:15,66.13,100,
09:38:15,66.14,300,
09:38:16,66.14,200,
09:38:16,66.14,400,
09:38:16,66.14,300,
09:38:16,66.14,400,
09:38:16,66.14,400,
09:38:16,66.14,100,
09:38:16,66.14,400,
09:38:16,66.14,100,
09:38:16,66.14,700,
09:38:16,66.14,150,
09:38:16,66.14,200,
09:38:16,66.14,550,
09:38:16,66.14,400,
09:38:16,66.14,250,
09:38:16,66.14,100,
09:38:16,66.14,100,
09:38:20,66.13,210,
09:38:20,66.14,100,
09:38:20,66.14,100,
09:38:22,66.14,400,
09:38:22,66.14,300,
09:38:22,66.14,100,
09:38:22,66.14,400,
09:38:22,66.14,200,
09:38:22,66.14,1250,
09:38:22,66.15,100,
09:38:22,66.15,100,
09:38:23,66.15,200,
09:38:23,66.15,800,
09:38:23,66.15,300,
09:38:23,66.15,300,
09:38:23,66.15,100,
09:38:23,66.155,100,
09:38:24,66.15,100,
09:38:24,66.15,100,
09:38:24,66.15,500,
09:38:24,66.15,500,
09:38:24,66.15,300,
09:38:24,66.15,1000,
09:38:24,66.15,100,
09:38:24,66.15,100,
09:38:24,66.15,800,
09:38:24,66.15,100,
09:38:24,66.15,100,
09:38:24,66.15,800,
09:38:24,66.15,200,
09:38:24,66.15,800,
09:38:24,66.15,600,
09:38:24,66.14,400,
09:38:24,66.14,100,
09:38:24,66.14,200,
09:38:24,66.14,300,
09:38:24,66.14,600,
09:38:24,66.14,100,
09:38:24,66.14,600,
09:38:24,66.14,100,
09:38:24,66.14,900,
09:38:24,66.14,1900,
09:38:24,66.14,3500,
09:38:24,66.14,100,
09:38:24,66.14,30000,
09:38:24,66.14,200,
09:38:24,66.14,800,
09:38:24,66.14,200,
09:38:24,66.14,2000,
09:38:24,66.14,400,
09:38:24,66.14,100,
09:38:24,66.14,2000,
09:38:24,66.14,800,
09:38:24,66.14,100,
09:38:24,66.14,821,
09:38:24,66.14,3900,
09:38:24,66.14,200,
09:38:24,66.14,1900,
09:38:24,66.14,800,
09:38:24,66.14,500,
09:38:24,66.14,200,
09:38:24,66.14,400,
09:38:24,66.14,150,
09:38:24,66.14,815,
09:38:25,66.135,700,
09:38:26,66.14,100,
09:38:26,66.14,100,
09:38:26,66.14,8688,
09:38:26,66.14,46512,
09:38:26,66.14,541,
09:38:26,66.14,200,
09:38:26,66.15,200,
09:38:26,66.15,400,
09:38:26,66.15,100,
09:38:26,66.15,200,
09:38:26,66.15,500,
09:38:26,66.15,100,
09:38:26,66.16,300,
09:38:27,66.16,100,
09:38:27,66.16,200,
09:38:27,66.16,400,
09:38:30,66.1599,1000,
09:38:32,66.16,100,
09:38:32,66.16,100,
09:38:34,66.15,200,
09:38:34,66.15,500,
09:38:34,66.15,200,
09:38:34,66.15,300,
09:38:34,66.15,1200,
09:38:34,66.15,200,
09:38:34,66.15,2400,
09:38:34,66.16,100,
09:38:34,66.15,1300,
09:38:35,66.15,122,
09:38:35,66.16,300,
09:38:35,66.16,180,
09:38:35,66.16,100,
09:38:35,66.16,500,
09:38:35,66.16,600,
09:38:35,66.16,100,
09:38:36,66.16,100,
09:38:36,66.16,100,
09:38:36,66.16,2400,
09:38:38,66.15,300,
09:38:39,66.15,500,
09:38:41,66.15,100,
09:38:41,66.15,100,
09:38:41,66.15,1700,
09:38:41,66.15,100,
09:38:41,66.15,200,
09:38:41,66.15,300,
09:38:41,66.15,300,
09:38:41,66.15,1500,
09:38:41,66.16,200,
09:38:41,66.16,100,
09:38:41,66.16,100,
09:38:41,66.16,100,
09:38:41,66.16,100,
09:38:42,66.17,100,
09:38:42,66.16,200,
09:38:43,66.15,200,
09:38:43,66.15,100,
09:38:43,66.15,100,
09:38:46,66.15,100,
09:38:47,66.15,200,
09:38:47,66.15,200,
09:38:47,66.15,200,
09:38:47,66.15,400,
09:38:47,66.15,400,
09:38:47,66.16,100,
09:38:47,66.16,200,
09:38:49,66.16,100,
09:38:49,66.16,100,
09:38:50,66.16,300,
09:38:50,66.16,200,
09:38:50,66.15,600,
09:38:51,66.1551,100,
09:38:53,66.16,100,
09:38:53,66.16,600,
09:38:53,66.16,200,
09:38:53,66.16,500,
09:38:53,66.16,400,
09:38:53,66.16,100,
09:38:53,66.16,100,
09:38:54,66.15,100,
09:38:54,66.15,100,
09:38:54,66.15,100,
09:38:54,66.15,100,
09:38:54,66.15,200,
09:38:54,66.15,200,
09:38:54,66.15,600,
09:38:54,66.15,100,
09:38:55,66.15,100,
09:38:55,66.15,200,
09:38:55,66.15,200,
09:38:55,66.15,100,
09:38:55,66.15,100,
09:38:55,66.15,100,
09:38:55,66.15,100,
09:38:56,66.16,200,
09:38:56,66.16,500,
09:38:56,66.16,100,
09:38:56,66.16,100,
09:38:56,66.16,200,
09:38:56,66.16,500,
09:38:56,66.16,400,
09:38:56,66.16,700,
09:39:00,66.16,200,
09:39:00,66.15,578,
09:39:00,66.15,200,
09:39:01,66.14,100,
09:39:01,66.14,200,
09:39:01,66.14,200,
09:39:06,66.13,100,
09:39:06,66.13,100,
09:39:06,66.13,200,
09:39:09,66.13,200,
09:39:09,66.13,100,
09:39:09,66.13,100,
09:39:09,66.13,200,
09:39:09,66.13,200,
09:39:10,66.13,700,
09:39:10,66.13,600,
09:39:10,66.13,600,
09:39:10,66.14,400,
09:39:10,66.14,300,
09:39:10,66.14,200,
09:39:10,66.14,100,
09:39:10,66.14,200,
09:39:10,66.14,100,
09:39:10,66.14,100,
09:39:10,66.14,300,
09:39:10,66.14,300,
09:39:10,66.14,100,
09:39:10,66.14,300,
09:39:10,66.14,800,
09:39:10,66.14,100,
09:39:12,66.14,300,
09:39:12,66.14,200,
09:39:12,66.13,100,
09:39:12,66.13,2000,
09:39:12,66.13,537,
09:39:13,66.13,278,
09:39:13,66.13,400,
09:39:13,66.12,300,
09:39:13,66.12,500,
09:39:13,66.12,200,
09:39:13,66.12,100,
09:39:13,66.12,300,
09:39:13,66.12,100,
09:39:14,66.11,200,
09:39:14,66.11,2200,
09:39:15,66.10,100,
09:39:15,66.10,100,
09:39:15,66.10,300,
09:39:15,66.10,500,
09:39:15,66.10,100,
09:39:15,66.10,500,
09:39:16,66.0901,2000,
09:39:20,66.10,600,
09:39:20,66.10,300,
09:39:20,66.10,100,
09:39:20,66.10,400,
09:39:20,66.10,100,
09:39:20,66.10,300,
09:39:20,66.10,400,
09:39:20,66.10,900,
09:39:20,66.10,400,
09:39:20,66.10,400,
09:39:20,66.10,600,
09:39:20,66.10,100,
09:39:20,66.10,400,
09:39:20,66.10,1200,
09:39:20,66.10,100,
09:39:20,66.11,600,
09:39:20,66.11,300,
09:39:20,66.11,200,
09:39:20,66.11,100,
09:39:20,66.11,100,
09:39:20,66.11,200,
09:39:20,66.11,600,
09:39:20,66.12,200,
09:39:20,66.12,600,
09:39:20,66.11,300,
09:39:20,66.11,300,
09:39:20,66.12,400,
09:39:20,66.12,400,
09:39:20,66.12,800,
09:39:20,66.12,400,
09:39:20,66.12,800,
09:39:20,66.12,600,
09:39:20,66.12,100,
09:39:20,66.12,100,
09:39:20,66.12,2800,
09:39:20,66.12,400,
09:39:20,66.12,100,
09:39:20,66.12,200,
09:39:20,66.12,100,
09:39:20,66.12,700,
09:39:20,66.12,800,
09:39:20,66.12,200,
09:39:21,66.12,115,
09:39:21,66.12,100,
09:39:21,66.10,100,
09:39:23,66.111,1000,
09:39:24,66.11,500,
09:39:24,66.11,500,
09:39:24,66.11,900,
09:39:24,66.115,100,
09:39:25,66.11,200,
09:39:26,66.11,100,
09:39:28,66.11,650,
09:39:29,66.11,500,
09:39:29,66.11,100,
09:39:31,66.11,200,
09:39:31,66.11,300,
09:39:32,66.10,200,
09:39:33,66.11,800,
09:39:37,66.10,200,
09:39:37,66.09,400,
09:39:38,66.10,100,
09:39:38,66.10,100,
09:39:38,66.10,100,
09:39:38,66.10,600,
09:39:39,66.11,600,
09:39:39,66.11,200,
09:39:39,66.11,100,
09:39:40,66.10,300,
09:39:40,66.105,300,
09:39:40,66.10,200,
09:39:41,66.10,300,
09:39:41,66.10,300,
09:39:42,66.10,200,
09:39:43,66.11,100,
09:39:43,66.1044,104,
09:39:45,66.11,100,
09:39:45,66.11,500,
09:39:45,66.11,100,
09:39:45,66.11,100,
09:39:45,66.11,100,
09:39:45,66.11,100,
09:39:45,66.11,200,
09:39:47,66.11,100,
09:39:47,66.11,200,
09:39:47,66.11,100,
09:39:47,66.12,500,
09:39:50,66.11,500,
09:39:50,66.11,100,
09:39:52,66.11,600,
09:39:52,66.11,119,
09:39:55,66.11,100,
09:39:58,66.12,100,
09:39:59,66.13,300,
09:39:59,66.13,300,
09:39:59,66.13,400,
09:39:59,66.13,400,
09:39:59,66.13,200,
09:39:59,66.13,400,
09:39:59,66.13,700,
09:39:59,66.14,200,
09:39:59,66.14,200,
09:39:59,66.14,400,
09:39:59,66.14,700,
09:40:00,66.1329,100,
09:40:01,66.14,400,
09:40:03,66.13,200,
09:40:03,66.1301,400,
09:40:06,66.14,700,
09:40:12,66.14,600,
09:40:12,66.15,100,
09:40:12,66.14,200,
09:40:12,66.14,100,
09:40:13,66.14,200,
09:40:13,66.14,200,
09:40:13,66.13,500,
09:40:13,66.13,400,
09:40:13,66.13,800,
09:40:15,66.13,100,
09:40:17,66.13,200,
09:40:17,66.13,100,
09:40:17,66.13,200,
09:40:17,66.13,200,
09:40:20,66.13,300,
09:40:20,66.13,200,
09:40:20,66.14,400,
09:40:21,66.14,400,
09:40:21,66.14,400,
09:40:21,66.14,600,
09:40:21,66.14,600,
09:40:21,66.14,4100,
09:40:21,66.14,400,
09:40:21,66.14,800,
09:40:21,66.14,200,
09:40:21,66.15,100,
09:40:21,66.15,200,
09:40:21,66.15,200,
09:40:21,66.15,200,
09:40:22,66.15,200,
09:40:22,66.15,400,
09:40:22,66.15,200,
09:40:22,66.15,600,
09:40:23,66.15,400,
09:40:25,66.14,800,
09:40:25,66.14,200,
09:40:26,66.14,300,
09:40:26,66.14,100,
09:40:29,66.15,300,
09:40:29,66.15,400,
09:40:29,66.1571,550,
09:40:29,66.15,100,
09:40:29,66.15,600,
09:40:29,66.15,200,
09:40:30,66.15,100,
09:40:30,66.15,200,
09:40:30,66.16,300,
09:40:37,66.15,200,
09:40:37,66.15,100,
09:40:37,66.15,600,
09:40:37,66.15,200,
09:40:37,66.15,200,
09:40:37,66.15,1000,
09:40:37,66.15,200,
09:40:37,66.16,100,
09:40:37,66.15,100,
09:40:37,66.16,100,
09:40:37,66.16,100,
09:40:37,66.16,400,
09:40:37,66.15,100,
09:40:37,66.16,100,
09:40:37,66.16,500,
09:40:37,66.16,700,
09:40:37,66.16,100,
09:40:37,66.16,100,
09:40:37,66.16,200,
09:40:41,66.16,100,
09:40:41,66.16,100,
09:40:41,66.16,400,
09:40:41,66.16,1000,
09:40:41,66.17,300,
09:40:41,66.17,800,
09:40:41,66.17,400,
09:40:41,66.17,400,
09:40:43,66.17,1500,
09:40:43,66.18,200,
09:40:43,66.18,200,
09:40:44,66.17,300,
09:40:44,66.17,200,
09:40:44,66.17,200,
09:40:46,66.16,600,
09:40:48,66.16,500,
09:40:50,66.17,200,
09:40:52,66.17,300,
09:40:52,66.17,100,
09:40:54,66.18,600,
09:40:55,66.18,600,
09:40:55,66.18,200,
09:40:55,66.18,200,
09:40:58,66.19,100,
09:40:58,66.19,100,
09:40:58,66.19,100,
09:40:58,66.19,400,
09:40:59,66.19,300,
09:40:59,66.19,100,
09:41:00,66.18,200,
09:41:01,66.19,665,
09:41:01,66.19,800,
09:41:01,66.19,165,
09:41:02,66.1999,395,
09:41:03,66.20,100,
09:41:04,66.21,300,
09:41:05,66.21,100,
09:41:06,66.20,120,
09:41:06,66.20,200,
09:41:06,66.20,400,
09:41:06,66.1999,100,
09:41:07,66.20,100,
09:41:07,66.2085,100,
09:41:07,66.21,100,
09:41:07,66.21,100,
09:41:09,66.20,100,
09:41:11,66.21,100,
09:41:14,66.21,299,
09:41:14,66.21,600,
09:41:14,66.21,200,
09:41:16,66.22,2500,
09:41:17,66.22,600,
09:41:17,66.22,200,
09:41:18,66.22,200,
09:41:18,66.22,100,
09:41:18,66.22,1600,
09:41:19,66.22,100,
09:41:20,66.22,100,
09:41:20,66.22,100,
09:41:20,66.22,600,
09:41:21,66.22,200,
09:41:21,66.22,100,
09:41:22,66.22,100,
09:41:24,66.22,200,
09:41:29,66.23,200,
09:41:29,66.23,400,
09:41:29,66.23,400,
09:41:29,66.23,1600,
09:41:29,66.23,400,
09:41:29,66.23,1300,
09:41:29,66.23,3800,
09:41:29,66.23,900,
09:41:29,66.24,800,
09:41:29,66.24,1000,
09:41:29,66.24,100,
09:41:29,66.25,300,
09:41:29,66.25,100,
09:41:30,66.24,100,
09:41:30,66.24,200,
09:41:30,66.23,300,
09:41:30,66.23,400,
09:41:30,66.23,300,
09:41:30,66.23,100,
09:41:30,66.23,400,
09:41:30,66.23,400,
09:41:30,66.23,600,
09:41:30,66.23,600,
09:41:30,66.23,600,
09:41:30,66.23,400,
09:41:32,66.22,100,
09:41:32,66.22,200,
09:41:34,66.22,200,
09:41:34,66.22,600,
09:41:34,66.22,100,
09:41:35,66.23,700,
09:41:36,66.23,100,
09:41:37,66.23,300,
09:41:37,66.23,100,
09:41:39,66.2262,590,
09:41:40,66.23,400,
09:41:40,66.23,500,
09:41:45,66.23,200,
09:41:45,66.23,400,
09:41:45,66.23,500,
09:41:49,66.23,400,
09:41:50,66.2245,200,
09:41:52,66.22,200,
09:41:52,66.22,200,
09:41:53,66.21,200,
09:41:56,66.20,100,
09:41:56,66.20,200,
09:41:56,66.20,500,
09:41:57,66.20,400,
09:41:58,66.20,1400,
09:41:58,66.20,200,
09:41:58,66.20,500,
09:41:59,66.19,300,
09:41:59,66.19,400,
09:41:59,66.19,400,
09:41:59,66.19,100,
09:41:59,66.19,100,
09:41:59,66.19,400,
09:41:59,66.19,800,
09:41:59,66.19,600,
09:41:59,66.19,800,
09:41:59,66.19,220,
09:41:59,66.19,600,
09:41:59,66.19,300,
09:41:59,66.19,100,
09:42:00,66.19,100,
09:42:00,66.19,500,
09:42:01,66.19,400,
09:42:01,66.19,1600,
09:42:01,66.19,900,
09:42:01,66.19,400,
09:42:01,66.19,200,
09:42:01,66.19,100,
09:42:01,66.19,600,
09:42:01,66.19,600,
09:42:01,66.19,300,
09:42:01,66.19,303,
09:42:01,66.19,200,
09:42:01,66.185,100,
09:42:01,66.185,400,
09:42:02,66.19,200,
09:42:03,66.18,700,
09:42:03,66.18,600,
09:42:03,66.1895,600,
09:42:07,66.189,100,
09:42:08,66.19,400,
09:42:08,66.19,100,
09:42:08,66.20,400,
09:42:08,66.20,200,
09:42:08,66.185,700,
09:42:09,66.20,500,
09:42:09,66.20,100,
09:42:09,66.20,100,
09:42:09,66.20,600,
09:42:09,66.20,800,
09:42:09,66.20,800,
09:42:09,66.20,400,
09:42:09,66.21,200,
09:42:09,66.21,600,
09:42:09,66.21,200,
09:42:09,66.1975,1300,
09:42:10,66.205,100,
09:42:12,66.22,100,
09:42:12,66.22,100,
09:42:12,66.22,200,
09:42:12,66.22,100,
09:42:12,66.23,400,
09:42:12,66.23,600,
09:42:12,66.23,100,
09:42:12,66.23,100,
09:42:12,66.23,400,
09:42:12,66.23,800,
09:42:12,66.23,285,
09:42:12,66.23,235,
09:42:12,66.23,400,
09:42:12,66.23,600,
09:42:12,66.23,600,
09:42:12,66.23,800,
09:42:12,66.23,600,
09:42:12,66.23,200,
09:42:12,66.23,700,
09:42:12,66.23,633,
09:42:12,66.23,300,
09:42:14,66.23,1000,
09:42:14,66.23,200,
09:42:14,66.24,182,
09:42:14,66.24,800,
09:42:14,66.24,600,
09:42:14,66.24,600,
09:42:14,66.24,600,
09:42:14,66.24,1000,
09:42:14,66.24,303,
09:42:14,66.24,300,
09:42:14,66.24,300,
09:42:14,66.2401,300,
09:42:14,66.2401,300,
09:42:14,66.24,700,
09:42:15,66.23,200,
09:42:15,66.22,300,
09:42:15,66.22,200,
09:42:17,66.23,100,
09:42:17,66.23,100,
09:42:20,66.23,600,
09:42:20,66.23,400,
09:42:20,66.23,400,
09:42:20,66.23,600,
09:42:20,66.23,600,
09:42:20,66.23,400,
09:42:20,66.22,500,
09:42:20,66.22,2000,
09:42:20,66.22,2000,
09:42:20,66.22,200,
09:42:20,66.22,400,
09:42:20,66.22,400,
09:42:20,66.22,100,
09:42:20,66.22,400,
09:42:20,66.22,600,
09:42:20,66.22,600,
09:42:20,66.22,5097,
09:42:20,66.22,767,
09:42:20,66.22,400,
09:42:20,66.23,500,
09:42:20,66.22,200,
09:42:20,66.22,30000,
09:42:20,66.22,2000,
09:42:20,66.22,3500,
09:42:20,66.22,800,
09:42:20,66.22,100,
09:42:20,66.22,100,
09:42:20,66.22,200,
09:42:20,66.22,100,
09:42:20,66.23,900,
09:42:20,66.23,200,
09:42:20,66.22,400,
09:42:20,66.22,1400,
09:42:20,66.22,200,
09:42:20,66.22,200,
09:42:20,66.22,436,
09:42:20,66.22,100,
09:42:20,66.23,800,
09:42:20,66.22,100,
09:42:20,66.22,400,
09:42:20,66.22,303,
09:42:20,66.22,200,
09:42:20,66.22,300,
09:42:20,66.22,815,
09:42:20,66.21,100,
09:42:20,66.21,100,
09:42:20,66.21,200,
09:42:20,66.21,700,
09:42:20,66.21,1900,
09:42:20,66.21,700,
09:42:20,66.21,1000,
09:42:20,66.21,600,
09:42:20,66.21,200,
09:42:20,66.21,100,
09:42:20,66.21,400,
09:42:20,66.21,300,
09:42:20,66.21,400,
09:42:20,66.21,300,
09:42:20,66.21,300,
09:42:22,66.21,200,
09:42:25,66.22,110,
09:42:25,66.22,100,
09:42:25,66.22,200,
09:42:25,66.22,300,
09:42:25,66.22,200,
09:42:25,66.22,300,
09:42:25,66.22,200,
09:42:25,66.22,125,
09:42:25,66.22,400,
09:42:25,66.22,100,
09:42:25,66.22,1000,
09:42:25,66.22,400,
09:42:25,66.22,600,
09:42:25,66.22,600,
09:42:25,66.22,1000,
09:42:25,66.22,100,
09:42:25,66.22,400,
09:42:25,66.22,200,
09:42:25,66.22,500,
09:42:25,66.22,600,
09:42:25,66.22,600,
09:42:25,66.22,150,
09:42:25,66.22,200,
09:42:25,66.22,303,
09:42:25,66.22,2200,
09:42:25,66.22,200,
09:42:25,66.22,447,
09:42:25,66.22,400,
09:42:25,66.22,400,
09:42:25,66.22,150,
09:42:25,66.22,900,
09:42:25,66.22,500,
09:42:25,66.21,200,
09:42:25,66.22,1000,
09:42:25,66.22,500,
09:42:25,66.21,400,
09:42:25,66.21,100,
09:42:25,66.21,100,
09:42:26,66.21,300,
09:42:26,66.21,600,
09:42:26,66.21,500,
09:42:26,66.20,100,
09:42:26,66.20,600,
09:42:26,66.20,400,
09:42:26,66.20,200,
09:42:26,66.20,200,
09:42:26,66.20,100,
09:42:27,66.20,100,
09:42:27,66.20,100,
09:42:27,66.20,200,
09:42:27,66.21,200,
09:42:27,66.21,600,
09:42:27,66.21,400,
09:42:27,66.21,100,
09:42:27,66.21,200,
09:42:27,66.21,600,
09:42:27,66.22,100,
09:42:27,66.22,400,
09:42:28,66.21,200,
09:42:31,66.21,100,
09:42:31,66.21,100,
09:42:32,66.217,400,
09:42:34,66.21,400,
09:42:34,66.21,100,
09:42:34,66.21,600,
09:42:34,66.21,600,
09:42:34,66.20,100,
09:42:34,66.20,300,
09:42:34,66.20,200,
09:42:34,66.20,400,
09:42:34,66.19,100,
09:42:34,66.19,400,
09:42:34,66.19,200,
09:42:34,66.19,100,
09:42:34,66.19,100,
09:42:34,66.19,300,
09:42:34,66.19,600,
09:42:35,66.19,100,
09:42:35,66.19,1000,
09:42:35,66.18,200,
09:42:35,66.18,400,
09:42:35,66.18,100,
09:42:35,66.18,200,
09:42:35,66.17,200,
09:42:35,66.17,500,
09:42:35,66.17,100,
09:42:35,66.17,100,
09:42:35,66.1601,1000,
09:42:35,66.1601,1000,
09:42:36,66.16,100,
09:42:36,66.17,400,
09:42:36,66.17,200,
09:42:36,66.17,600,
09:42:36,66.17,100,
09:42:36,66.17,300,
09:42:36,66.17,200,
09:42:36,66.17,600,
09:42:36,66.17,400,
09:42:36,66.17,100,
09:42:36,66.17,1000,
09:42:36,66.18,100,
09:42:36,66.18,200,
09:42:37,66.19,500,
09:42:37,66.19,200,
09:42:39,66.18,100,
09:42:39,66.18,200,
09:42:39,66.17,300,
09:42:39,66.17,300,
09:42:39,66.17,100,
09:42:39,66.17,400,
09:42:41,66.17,200,
09:42:41,66.17,100,
09:42:41,66.17,500,
09:42:42,66.18,600,
09:42:42,66.18,500,
09:42:42,66.18,300,
09:42:42,66.18,300,
09:42:42,66.18,400,
09:42:42,66.18,400,
09:42:42,66.18,300,
09:42:42,66.18,100,
09:42:42,66.18,100,
09:42:42,66.18,100,
09:42:44,66.185,4000,
09:42:45,66.18,200,
09:42:49,66.17,200,
09:42:49,66.16,300,
09:42:49,66.16,100,
09:42:50,66.16,100,
09:42:50,66.15,100,
09:42:51,66.16,500,
09:42:53,66.15,100,
09:42:54,66.15,300,
09:42:54,66.14,200,
09:42:55,66.13,100,
09:42:55,66.13,279,
09:42:55,66.1213,300,
09:42:56,66.12,100,
09:42:56,66.12,200,
09:42:57,66.12,1000,
09:42:57,66.12,600,
09:42:57,66.12,400,
09:42:57,66.12,200,
09:42:57,66.12,200,
09:42:58,66.11,600,
09:42:59,66.11,600,
09:42:59,66.11,100,
09:42:59,66.11,200,
09:42:59,66.11,200,
09:42:59,66.11,103,
09:42:59,66.11,300,
09:43:00,66.11,200,
09:43:00,66.11,600,
09:43:00,66.11,100,
09:43:00,66.11,300,
09:43:00,66.12,200,
09:43:00,66.12,500,
09:43:00,66.13,100,
09:43:00,66.13,300,
09:43:00,66.13,300,
09:43:01,66.12,200,
09:43:03,66.12,100,
09:43:03,66.12,100,
09:43:03,66.12,300,
09:43:03,66.12,100,
09:43:03,66.12,200,
09:43:03,66.11,100,
09:43:03,66.11,100,
09:43:03,66.12,200,
09:43:04,66.12,100,
09:43:04,66.12,100,
09:43:04,66.12,600,
09:43:09,66.12,800,
09:43:09,66.1177,300,
09:43:11,66.12,200,
09:43:11,66.12,500,
09:43:12,66.1277,1000,
09:43:13,66.1201,1000,
09:43:16,66.121,900,
09:43:19,66.13,600,
09:43:19,66.13,100,
09:43:19,66.13,500,
09:43:19,66.13,300,
09:43:19,66.14,300,
09:43:19,66.13,100,
09:43:20,66.13,100,
09:43:20,66.14,200,
09:43:21,66.13,600,
09:43:21,66.13,200,
09:43:27,66.12,200,
09:43:29,66.13,100,
09:43:29,66.13,200,
09:43:29,66.13,200,
09:43:29,66.13,100,
09:43:30,66.13,400,
09:43:33,66.13,300,
09:43:35,66.13,100,
09:43:35,66.13,200,
09:43:35,66.125,100,
09:43:35,66.125,100,
09:43:39,66.135,100,
09:43:39,66.135,100,
09:43:39,66.15,100,
09:43:39,66.15,1000,
09:43:39,66.14,200,
09:43:39,66.14,1000,
09:43:39,66.14,1000,
09:43:39,66.14,400,
09:43:39,66.14,100,
09:43:39,66.14,700,
09:43:39,66.14,1700,
09:43:39,66.14,600,
09:43:40,66.14,3000,
09:43:40,66.14,300,
09:43:40,66.14,300,
09:43:43,66.14,500,
09:43:43,66.13,100,
09:43:43,66.13,200,
09:43:44,66.1301,1000,
09:43:45,66.13,1100,
09:43:45,66.13,100,
09:43:45,66.13,600,
09:43:45,66.13,400,
09:43:45,66.13,800,
09:43:45,66.13,400,
09:43:45,66.13,600,
09:43:45,66.13,1000,
09:43:45,66.13,600,
09:43:45,66.12,200,
09:43:45,66.12,700,
09:43:45,66.13,200,
09:43:45,66.12,200,
09:43:45,66.12,200,
09:43:45,66.12,100,
09:43:46,66.11,100,
09:43:46,66.11,100,
09:43:46,66.11,100,
09:43:46,66.10,2200,
09:43:46,66.10,600,
09:43:46,66.10,1100,
09:43:47,66.10,400,
09:43:47,66.09,200,
09:43:48,66.10,300,
09:43:48,66.10,211,
09:43:48,66.10,100,
09:43:49,66.10,200,
09:43:51,66.10,685,
09:43:51,66.10,115,
09:43:51,66.10,200,
09:43:51,66.10,600,
09:43:51,66.10,400,
09:43:51,66.10,225,
09:43:51,66.10,525,
09:43:51,66.10,400,
09:43:51,66.10,800,
09:43:51,66.10,300,
09:43:51,66.11,400,
09:43:51,66.11,200,
09:43:51,66.11,400,
09:43:51,66.11,400,
09:43:51,66.11,400,
09:43:51,66.11,800,
09:43:51,66.11,400,
09:43:51,66.11,500,
09:43:51,66.11,100,
09:43:51,66.11,600,
09:43:51,66.11,100,
09:43:51,66.11,100,
09:43:51,66.11,600,
09:43:51,66.11,1200,
09:43:51,66.10,225,
09:43:51,66.11,100,
09:43:51,66.10,200,
09:43:51,66.12,400,
09:43:51,66.12,500,
09:43:51,66.12,100,
09:43:51,66.12,200,
09:43:51,66.12,200,
09:43:51,66.12,200,
09:43:51,66.12,400,
09:43:51,66.12,100,
09:43:51,66.12,400,
09:43:51,66.12,100,
09:43:51,66.12,100,
09:43:51,66.12,100,
09:43:51,66.12,200,
09:43:51,66.13,200,
09:43:51,66.13,200,
09:43:51,66.13,200,
09:43:51,66.13,100,
09:43:51,66.1185,300,
09:43:51,66.13,195,
09:43:51,66.13,400,
09:43:51,66.13,200,
09:43:51,66.13,100,
09:43:51,66.14,300,
09:43:51,66.14,600,
09:43:51,66.14,900,
09:43:51,66.14,1400,
09:43:51,66.14,400,
09:43:51,66.14,600,
09:43:52,66.14,561,
09:43:52,66.14,100,
09:43:52,66.14,139,
09:43:52,66.14,100,
09:43:53,66.13,200,
09:43:53,66.13,300,
09:43:53,66.12,600,
09:43:53,66.12,400,
09:43:53,66.12,800,
09:43:53,66.12,300,
09:43:56,66.11,100,
09:43:58,66.12,300,
09:43:58,66.13,500,
09:43:58,66.13,100,
09:43:58,66.13,200,
09:43:58,66.13,1000,
09:43:58,66.13,100,
09:43:58,66.13,200,
09:43:58,66.13,1100,
09:43:58,66.13,1000,
09:43:58,66.13,600,
09:43:58,66.13,196,
09:43:58,66.13,211,
09:43:58,66.13,400,
09:43:58,66.13,100,
09:43:58,66.13,800,
09:43:58,66.13,500,
09:44:00,66.12,200,
09:44:00,66.115,400,
09:44:00,66.1129,100,
09:44:03,66.11,100,
09:44:03,66.11,100,
09:44:03,66.11,100,
09:44:07,66.10,1866,
09:44:07,66.10,2000,
09:44:07,66.10,2000,
09:44:07,66.10,600,
09:44:07,66.10,300,
09:44:07,66.09,200,
09:44:07,66.09,200,
09:44:07,66.09,600,
09:44:07,66.09,200,
09:44:07,66.09,400,
09:44:07,66.09,100,
09:44:07,66.09,100,
09:44:09,66.08,200,
09:44:09,66.09,300,
09:44:09,66.09,600,
09:44:09,66.10,200,
09:44:09,66.10,200,
09:44:09,66.10,600,
09:44:09,66.10,800,
09:44:09,66.10,800,
09:44:09,66.10,300,
09:44:10,66.10,500,
09:44:10,66.10,196,
09:44:10,66.10,196,
09:44:10,66.09,200,
09:44:14,66.0801,100,
09:44:14,66.08,100,
09:44:16,66.0856,500,
09:44:18,66.07,400,
09:44:18,66.07,500,
09:44:18,66.07,400,
09:44:18,66.07,500,
09:44:18,66.07,400,
09:44:24,66.08,100,
09:44:24,66.08,600,
09:44:24,66.08,600,
09:44:24,66.08,400,
09:44:24,66.08,100,
09:44:24,66.09,600,
09:44:24,66.09,400,
09:44:24,66.09,600,
09:44:26,66.09,600,
09:44:27,66.08,100,
09:44:27,66.081,200,
09:44:27,66.08,600,
09:44:29,66.07,600,
09:44:29,66.07,1000,
09:44:31,66.07,100,
09:44:31,66.069,500,
09:44:31,66.069,100,
09:44:33,66.06,200,
09:44:34,66.07,200,
09:44:34,66.07,1000,
09:44:34,66.079,250,
09:44:36,66.07,200,
09:44:36,66.07,600,
09:44:37,66.06,100,
09:44:37,66.06,600,
09:44:37,66.06,100,
09:44:37,66.06,100,
09:44:37,66.06,300,
09:44:41,66.0601,3500,
09:44:44,66.0532,5000,
09:44:45,66.05,200,
09:44:45,66.05,100,
09:44:45,66.05,100,
09:44:45,66.05,600,
09:44:45,66.05,800,
09:44:45,66.04,300,
09:44:45,66.04,4100,
09:44:50,66.04,2300,
09:44:50,66.04,450,
09:44:50,66.04,1147,
09:44:50,66.04,200,
09:44:50,66.04,1300,
09:44:51,66.03,600,
09:44:51,66.03,500,
09:44:51,66.03,600,
09:44:51,66.03,1000,
09:44:51,66.03,100,
09:44:53,66.04,600,
09:44:53,66.04,300,
09:44:53,66.04,100,
09:44:53,66.04,200,
09:44:53,66.04,100,
09:44:53,66.04,200,
09:44:53,66.04,300,
09:44:53,66.04,200,
09:44:53,66.04,400,
09:44:55,66.04,2400,
09:44:56,66.04,200,
09:44:59,66.0487,500,
09:45:00,66.05,200,
09:45:01,66.04,200,
09:45:03,66.04,100,
09:45:03,66.04,800,
09:45:03,66.04,100,
09:45:03,66.04,600,
09:45:03,66.04,200,
09:45:06,66.03,100,
09:45:06,66.025,300,
09:45:06,66.025,100,
09:45:07,66.03,100,
09:45:07,66.03,200,
09:45:07,66.04,300,
09:45:08,66.03,200,
09:45:08,66.02,200,
09:45:08,66.02,1400,
09:45:08,66.02,300,
09:45:08,66.02,100,
09:45:08,66.02,400,
09:45:08,66.02,100,
09:45:08,66.02,303,
09:45:08,66.02,800,
09:45:08,66.02,200,
09:45:08,66.02,300,
09:45:08,66.02,600,
09:45:08,66.02,100,
09:45:08,66.02,100,
09:45:08,66.02,400,
09:45:08,66.02,1900,
09:45:08,66.015,100,
09:45:08,66.02,100,
09:45:09,66.015,100,
09:45:09,66.015,100,
09:45:09,66.02,1130,
09:45:09,66.02,400,
09:45:09,66.02,200,
09:45:11,66.02,200,
09:45:12,66.01,300,
09:45:12,66.01,1800,
09:45:15,66,500,
09:45:15,66,600,
09:45:15,66,600,
09:45:15,66,100,
09:45:15,66,578,
09:45:15,66,300,
09:45:15,66,100,
09:45:15,66,300,
09:45:15,66,400,
09:45:16,66,200,
09:45:16,66.0001,200,
09:45:16,66,300,
09:45:16,66.0001,100,
09:45:16,66.0001,100,
09:45:17,66,3083,
09:45:19,66.0005,1000,
09:45:19,66,100,
09:45:19,66,300,
09:45:19,66,100,
09:45:19,65.99,100,
09:45:19,65.98,200,
09:45:19,66,2000,
09:45:20,65.98,400,
09:45:20,65.99,300,
09:45:20,65.99,400,
09:45:21,65.99,400,
09:45:21,65.99,300,
09:45:21,65.99,100,
09:45:21,65.99,400,
09:45:21,65.99,200,
09:45:21,66,300,
09:45:21,66,800,
09:45:25,66.01,200,
09:45:25,66.01,300,
09:45:25,66.01,100,
09:45:26,66.01,600,
09:45:26,66.01,800,
09:45:26,66.01,200,
09:45:26,66.01,300,
09:45:26,66.01,200,
09:45:26,66.01,725,
09:45:26,66.01,600,
09:45:26,66.01,600,
09:45:27,66.02,200,
09:45:28,66.02,175,
09:45:29,66.02,100,
09:45:30,66.02,100,
09:45:32,66.0101,1000,
09:45:32,66.02,600,
09:45:32,66.02,400,
09:45:33,66.02,600,
09:45:33,66.02,200,
09:45:34,66.0289,150,
09:45:35,66.03,100,
09:45:37,66.04,600,
09:45:37,66.04,600,
09:45:38,66.04,400,
09:45:39,66.03,400,
09:45:39,66.03,100,
09:45:39,66.03,100,
09:45:39,66.03,2000,
09:45:39,66.03,500,
09:45:39,66.03,2000,
09:45:39,66.03,600,
09:45:39,66.03,100,
09:45:39,66.03,800,
09:45:39,66.03,600,
09:45:39,66.03,100,
09:45:39,66.03,100,
09:45:39,66.03,200,
09:45:39,66.03,500,
09:45:39,66.03,1100,
09:45:39,66.03,500,
09:45:39,66.03,400,
09:45:39,66.02,200,
09:45:39,66.03,500,
09:45:39,66.03,200,
09:45:39,66.03,500,
09:45:39,66.02,100,
09:45:39,66.03,400,
09:45:39,66.03,600,
09:45:39,66.03,100,
09:45:39,66.03,800,
09:45:39,66.03,800,
09:45:39,66.03,100,
09:45:39,66.03,100,
09:45:39,66.03,900,
09:45:41,66.03,100,
09:45:42,66.04,100,
09:45:42,66.03,100,
09:45:42,66.03,300,
09:45:42,66.03,100,
09:45:43,66.03,800,
09:45:43,66.03,300,
09:45:43,66.03,100,
09:45:43,66.03,400,
09:45:45,66.03,600,
09:45:45,66.03,600,
09:45:45,66.03,500,
09:45:45,66.03,600,
09:45:45,66.031,500,
09:45:45,66.031,1100,
09:45:45,66.031,500,
09:45:45,66.031,600,
09:45:45,66.031,600,
09:45:47,66.04,300,
09:45:50,66.029,1000,
09:45:50,66.03,300,
09:45:53,66.0323,700,
09:45:53,66.04,600,
09:45:54,66.04,400,
09:45:55,66.04,600,
09:45:55,66.04,300,
09:45:57,66.04,798,
09:45:57,66.04,100,
09:45:57,66.04,100,
09:45:57,66.04,400,
09:45:59,66.05,2000,
09:45:59,66.05,100,
09:45:59,66.05,800,
09:46:00,66.06,800,
09:46:00,66.06,200,
09:46:00,66.06,100,
09:46:00,66.06,100,
09:46:03,66.06,600,
09:46:03,66.06,800,
09:46:04,66.06,200,
09:46:04,66.06,600,
09:46:04,66.06,300,
09:46:04,66.06,900,
09:46:04,66.06,500,
09:46:04,66.06,1000,
09:46:04,66.06,100,
09:46:04,66.055,600,
09:46:04,66.055,300,
09:46:04,66.07,100,
09:46:11,66.07,200,
09:46:14,66.07,100,
09:46:14,66.07,100,
09:46:14,66.07,100,
09:46:14,66.07,100,
09:46:14,66.07,100,
09:46:14,66.08,100,
09:46:14,66.08,100,
09:46:14,66.08,100,
09:46:14,66.08,100,
09:46:14,66.08,100,
09:46:15,66.0675,200,
09:46:16,66.07,600,
09:46:17,66.08,100,
09:46:17,66.08,300,
09:46:17,66.08,100,
09:46:17,66.08,100,
09:46:17,66.08,100,
09:46:17,66.08,1000,
09:46:17,66.08,200,
09:46:17,66.08,400,
09:46:19,66.09,300,
09:46:19,66.085,100,
09:46:20,66.09,100,
09:46:20,66.09,100,
09:46:20,66.08,600,
09:46:22,66.081,3000,
09:46:25,66.09,100,
09:46:25,66.08,200,
09:46:28,66.07,100,
09:46:28,66.07,200,
09:46:28,66.07,200,
09:46:28,66.07,100,
09:46:28,66.07,100,
09:46:29,66.08,600,
09:46:29,66.08,200,
09:46:29,66.08,500,
09:46:29,66.08,200,
09:46:34,66.09,100,
09:46:35,66.0933,100,
09:46:39,66.09,2336,
09:46:39,66.09,100,
09:46:39,66.09,200,
09:46:39,66.09,200,
09:46:39,66.09,300,
09:46:40,66.08,200,
09:46:49,66.07,300,
09:46:50,66.08,525,
09:46:52,66.0862,1000,
09:46:56,66.089,300,
09:46:57,66.08,225,
09:46:57,66.08,200,
09:46:57,66.07,600,
09:46:57,66.08,438,
09:46:58,66.06,600,
09:46:58,66.06,500,
09:47:00,66.06,200,
09:47:00,66.06,500,
09:47:02,66.07,200,
09:47:02,66.08,500,
09:47:02,66.065,800,
09:47:02,66.065,200,
09:47:03,66.07,200,
09:47:03,66.07,600,
09:47:03,66.07,100,
09:47:03,66.07,800,
09:47:03,66.07,797,
09:47:03,66.07,700,
09:47:03,66.07,469,
09:47:07,66.06,200,
09:47:09,66.05,300,
09:47:09,66.05,200,
09:47:09,66.05,100,
09:47:12,66.0599,3638,
09:47:13,66.06,200,
09:47:13,66.06,300,
09:47:17,66.055,100,
09:47:20,66.06,600,
09:47:20,66.07,500,
09:47:20,66.07,200,
09:47:20,66.07,200,
09:47:20,66.055,100,
09:47:22,66.0699,2490,
09:47:24,66.07,100,
09:47:24,66.07,100,
09:47:24,66.07,400,
09:47:24,66.08,600,
09:47:27,66.08,100,
09:47:27,66.08,400,
09:47:28,66.08,100,
09:47:28,66.08,600,
09:47:28,66.08,100,
09:47:28,66.08,200,
09:47:31,66.09,200,
09:47:31,66.09,500,
09:47:31,66.09,2200,
09:47:31,66.09,200,
09:47:31,66.09,100,
09:47:33,66.10,200,
09:47:33,66.10,200,
09:47:33,66.10,800,
09:47:33,66.10,700,
09:47:34,66.10,200,
09:47:34,66.10,109,
09:47:34,66.10,100,
09:47:34,66.09,600,
09:47:34,66.09,200,
09:47:34,66.09,600,
09:47:35,66.10,700,
09:47:39,66.098,100,
09:47:42,66.10,200,
09:47:42,66.1089,300,
09:47:46,66.11,300,
09:47:46,66.11,300,
09:47:46,66.11,100,
09:47:46,66.11,600,
09:47:46,66.11,500,
09:47:46,66.111,125,
09:47:50,66.13,255,
09:47:50,66.13,100,
09:47:50,66.13,100,
09:47:50,66.13,600,
09:47:53,66.12,300,
09:47:54,66.115,200,
09:47:54,66.12,300,
09:47:54,66.12,100,
09:47:54,66.12,200,
09:47:54,66.12,300,
09:47:54,66.12,300,
09:47:55,66.12,600,
09:47:55,66.12,300,
09:47:55,66.12,1200,
09:47:55,66.12,500,
09:47:55,66.119,4600,
09:47:55,66.11,200,
09:47:55,66.11,100,
09:47:55,66.11,275,
09:47:55,66.11,100,
09:47:55,66.11,239,
09:47:56,66.12,2300,
09:47:59,66.11,300,
09:47:59,66.11,200,
09:47:59,66.11,200,
09:48:00,66.11,100,
09:48:00,66.11,400,
09:48:00,66.12,275,
09:48:00,66.12,800,
09:48:00,66.12,225,
09:48:00,66.12,400,
09:48:00,66.12,200,
09:48:00,66.12,175,
09:48:00,66.12,525,
09:48:00,66.1229,100,
09:48:00,66.115,100,
09:48:00,66.115,400,
09:48:01,66.125,325,
09:48:01,66.13,100,
09:48:01,66.13,300,
09:48:01,66.13,500,
09:48:01,66.13,375,
09:48:01,66.13,400,
09:48:01,66.13,325,
09:48:01,66.14,100,
09:48:01,66.14,100,
09:48:01,66.14,300,
09:48:01,66.14,400,
09:48:01,66.14,800,
09:48:01,66.14,3500,
09:48:01,66.14,400,
09:48:01,66.14,400,
09:48:01,66.14,4100,
09:48:01,66.14,600,
09:48:01,66.14,5500,
09:48:01,66.15,100,
09:48:02,66.15,100,
09:48:02,66.15,100,
09:48:02,66.15,200,
09:48:02,66.15,488,
09:48:02,66.15,200,
09:48:02,66.14,300,
09:48:02,66.15,100,
09:48:02,66.15,100,
09:48:02,66.15,612,
09:48:02,66.15,300,
09:48:02,66.15,100,
09:48:02,66.14,944,
09:48:02,66.14,200,
09:48:03,66.145,100,
09:48:03,66.145,600,
09:48:06,66.13,175,
09:48:06,66.13,200,
09:48:07,66.13,200,
09:48:07,66.13,600,
09:48:07,66.13,100,
09:48:07,66.13,100,
09:48:08,66.13,100,
09:48:08,66.13,1800,
09:48:08,66.13,500,
09:48:08,66.13,500,
09:48:08,66.13,400,
09:48:08,66.13,600,
09:48:08,66.12,200,
09:48:08,66.13,230,
09:48:08,66.13,200,
09:48:08,66.13,100,
09:48:08,66.13,200,
09:48:08,66.14,500,
09:48:08,66.14,200,
09:48:08,66.1375,200,
09:48:11,66.14,600,
09:48:11,66.14,300,
09:48:11,66.14,500,
09:48:11,66.14,500,
09:48:11,66.14,500,
09:48:11,66.14,200,
09:48:11,66.14,100,
09:48:11,66.14,100,
09:48:11,66.14,1000,
09:48:12,66.15,500,
09:48:12,66.15,100,
09:48:12,66.15,100,
09:48:12,66.1475,100,
09:48:12,66.15,1000,
09:48:12,66.15,100,
09:48:12,66.15,200,
09:48:13,66.14,200,
09:48:14,66.14,100,
09:48:14,66.14,100,
09:48:14,66.14,100,
09:48:14,66.14,200,
09:48:14,66.15,600,
09:48:15,66.14,200,
09:48:15,66.14,200,
09:48:18,66.14,400,
09:48:19,66.1234,200,
09:48:21,66.12,200,
09:48:22,66.1128,100,
09:48:23,66.12,100,
09:48:25,66.12,500,
09:48:25,66.12,200,
09:48:25,66.12,200,
09:48:27,66.12,300,
09:48:27,66.12,400,
09:48:27,66.12,100,
09:48:27,66.12,1600,
09:48:27,66.12,600,
09:48:27,66.12,484,
09:48:27,66.12,300,
09:48:35,66.11,272,
09:48:35,66.11,328,
09:48:35,66.11,100,
09:48:36,66.11,600,
09:48:36,66.11,735,
09:48:36,66.11,1600,
09:48:36,66.11,100,
09:48:36,66.11,400,
09:48:36,66.11,100,
09:48:36,66.11,200,
09:48:36,66.11,300,
09:48:36,66.11,1400,
09:48:36,66.11,600,
09:48:36,66.11,200,
09:48:36,66.11,1100,
09:48:38,66.11,100,
09:48:38,66.11,100,
09:48:38,66.11,400,
09:48:38,66.11,800,
09:48:38,66.11,500,
09:48:44,66.11,100,
09:48:44,66.11,500,
09:48:46,66.11,500,
09:48:46,66.11,200,
09:48:47,66.10,400,
09:48:47,66.10,600,
09:48:47,66.10,172,
09:48:47,66.10,276,
09:48:47,66.10,7564,
09:48:57,66.09,500,
09:48:57,66.09,600,
09:48:58,66.08,400,
09:48:58,66.09,100,
09:48:58,66.09,300,
09:48:58,66.085,100,
09:48:58,66.09,600,
09:48:58,66.09,100,
09:48:58,66.09,300,
09:48:58,66.09,300,
09:48:58,66.09,300,
09:48:58,66.085,100,
09:49:00,66.09,300,
09:49:00,66.09,3500,
09:49:00,66.09,100,
09:49:00,66.09,200,
09:49:00,66.09,600,
09:49:00,66.09,200,
09:49:00,66.09,900,
09:49:00,66.09,415,
09:49:00,66.09,200,
09:49:00,66.09,230,
09:49:00,66.09,200,
09:49:00,66.09,100,
09:49:00,66.085,100,
09:49:00,66.085,100,
09:49:00,66.09,270,
09:49:00,66.09,553,
09:49:00,66.09,200,
09:49:01,66.089,150,
09:49:01,66.09,300,
09:49:01,66.09,100,
09:49:01,66.09,170,
09:49:01,66.09,230,
09:49:07,66.09,300,
09:49:11,66.10,100,
09:49:11,66.10,100,
09:49:12,66.10,300,
09:49:17,66.10,100,
09:49:17,66.10,270,
09:49:19,66.10,400,
09:49:20,66.10,600,
09:49:20,66.10,1000,
09:49:20,66.10,400,
09:49:20,66.10,151,
09:49:20,66.10,200,
09:49:20,66.11,100,
09:49:20,66.11,100,
09:49:20,66.11,500,
09:49:20,66.11,300,
09:49:20,66.11,600,
09:49:20,66.11,100,
09:49:22,66.12,600,
09:49:22,66.12,600,
09:49:22,66.12,200,
09:49:22,66.12,100,
09:49:22,66.12,200,
09:49:22,66.12,100,
09:49:22,66.12,300,
09:49:22,66.12,100,
09:49:22,66.12,100,
09:49:22,66.12,393,
09:49:22,66.12,100,
09:49:22,66.12,100,
09:49:22,66.12,400,
09:49:22,66.12,100,
09:49:22,66.13,200,
09:49:22,66.12,300,
09:49:22,66.13,300,
09:49:22,66.13,200,
09:49:22,66.13,100,
09:49:22,66.13,100,
09:49:22,66.13,200,
09:49:22,66.13,1200,
09:49:22,66.13,500,
09:49:22,66.13,300,
09:49:22,66.13,100,
09:49:22,66.13,400,
09:49:22,66.13,487,
09:49:22,66.13,387,
09:49:22,66.13,100,
09:49:22,66.13,600,
09:49:22,66.13,728,
09:49:22,66.13,287,
09:49:22,66.13,300,
09:49:22,66.13,200,
09:49:22,66.13,300,
09:49:22,66.13,2200,
09:49:22,66.13,200,
09:49:22,66.13,100,
09:49:22,66.13,400,
09:49:23,66.12,1000,
09:49:23,66.12,300,
09:49:23,66.12,200,
09:49:23,66.12,400,
09:49:23,66.12,300,
09:49:23,66.12,200,
09:49:23,66.12,400,
09:49:23,66.12,100,
09:49:23,66.12,600,
09:49:23,66.11,600,
09:49:23,66.11,400,
09:49:23,66.11,100,
09:49:23,66.11,100,
09:49:23,66.11,400,
09:49:23,66.11,100,
09:49:23,66.11,200,
09:49:23,66.11,400,
09:49:23,66.11,343,
09:49:23,66.11,400,
09:49:23,66.11,400,
09:49:23,66.11,600,
09:49:23,66.11,300,
09:49:23,66.11,400,
09:49:23,66.11,600,
09:49:23,66.10,100,
09:49:23,66.11,500,
09:49:23,66.11,300,
09:49:23,66.10,100,
09:49:23,66.11,400,
09:49:23,66.10,300,
09:49:23,66.10,400,
09:49:23,66.10,200,
09:49:23,66.10,200,
09:49:24,66.10,100,
09:49:24,66.10,200,
09:49:26,66.10,178,
09:49:26,66.10,278,
09:49:26,66.10,600,
09:49:26,66.10,176,
09:49:26,66.10,100,
09:49:26,66.10,485,
09:49:26,66.10,100,
09:49:26,66.10,200,
09:49:27,66.10,100,
09:49:27,66.105,500,
09:49:29,66.11,600,
09:49:29,66.11,100,
09:49:29,66.11,100,
09:49:29,66.11,300,
09:49:29,66.11,200,
09:49:29,66.11,400,
09:49:29,66.11,800,
09:49:29,66.11,433,
09:49:30,66.11,100,
09:49:30,66.11,400,
09:49:30,66.11,300,
09:49:35,66.10,100,
09:49:35,66.10,433,
09:49:36,66.09,300,
09:49:36,66.09,300,
09:49:36,66.09,600,
09:49:36,66.09,100,
09:49:36,66.09,100,
09:49:36,66.09,582,
09:49:36,66.09,1000,
09:49:37,66.10,300,
09:49:37,66.10,300,
09:49:37,66.10,100,
09:49:37,66.10,200,
09:49:41,66.11,100,
09:49:41,66.11,800,
09:49:41,66.11,600,
09:49:41,66.11,200,
09:49:41,66.11,1100,
09:49:41,66.11,600,
09:49:41,66.11,800,
09:49:41,66.11,700,
09:49:41,66.11,400,
09:49:41,66.11,100,
09:49:41,66.11,300,
09:49:41,66.11,100,
09:49:41,66.11,200,
09:49:41,66.11,100,
09:49:41,66.11,282,
09:49:41,66.11,240,
09:49:41,66.11,300,
09:49:41,66.11,800,
09:49:41,66.11,200,
09:49:41,66.11,100,
09:49:41,66.11,300,
09:49:41,66.11,900,
09:49:43,66.11,100,
09:49:43,66.11,200,
09:49:45,66.108,612,
09:49:45,66.11,386,
09:49:45,66.11,200,
09:49:45,66.11,800,
09:49:45,66.11,100,
09:49:45,66.11,200,
09:49:45,66.11,300,
09:49:45,66.11,200,
09:49:45,66.11,118,
09:49:45,66.11,100,
09:49:45,66.11,200,
09:49:45,66.11,1000,
09:49:45,66.11,600,
09:49:45,66.11,400,
09:49:45,66.11,100,
09:49:45,66.11,100,
09:49:45,66.11,600,
09:49:45,66.11,100,
09:49:45,66.11,200,
09:49:45,66.11,600,
09:49:45,66.11,100,
09:49:45,66.11,300,
09:49:45,66.11,300,
09:49:45,66.11,400,
09:49:45,66.11,2210,
09:49:45,66.11,100,
09:49:45,66.11,800,
09:49:45,66.11,100,
09:49:45,66.11,2000,
09:49:45,66.11,890,
09:49:45,66.11,890,
09:49:45,66.11,300,
09:49:45,66.11,200,
09:49:45,66.11,428,
09:49:45,66.11,1000,
09:49:45,66.11,200,
09:49:45,66.11,300,
09:49:45,66.11,300,
09:49:45,66.11,300,
09:49:45,66.11,200,
09:49:45,66.11,300,
09:49:47,66.11,100,
09:49:47,66.11,300,
09:49:47,66.11,900,
09:49:47,66.11,800,
09:49:47,66.11,400,
09:49:47,66.11,100,
09:49:48,66.10,2900,
09:49:48,66.10,100,
09:49:48,66.10,300,
09:49:48,66.10,300,
09:49:48,66.10,500,
09:49:48,66.10,500,
09:49:48,66.10,100,
09:49:48,66.10,400,
09:49:48,66.10,300,
09:49:48,66.10,500,
09:49:49,66.10,100,
09:49:49,66.10,500,
09:49:49,66.10,100,
09:49:49,66.10,1700,
09:49:49,66.10,200,
09:49:49,66.10,600,
09:49:49,66.10,100,
09:49:49,66.10,800,
09:49:49,66.10,300,
09:49:49,66.11,400,
09:49:49,66.11,200,
09:49:49,66.11,300,
09:49:49,66.11,100,
09:49:49,66.11,200,
09:49:54,66.11,600,
09:49:54,66.11,300,
09:49:54,66.11,200,
09:49:54,66.11,100,
09:49:54,66.11,200,
09:49:54,66.11,400,
09:49:58,66.11,300,
09:49:58,66.11,300,
09:49:58,66.11,100,
09:49:58,66.11,300,
09:49:58,66.11,600,
09:49:59,66.11,100,
09:50:00,66.11,500,
09:50:00,66.11,400,
09:50:00,66.11,100,
09:50:00,66.11,309,
09:50:00,66.11,891,
09:50:01,66.10,100,
09:50:01,66.10,100,
09:50:01,66.10,200,
09:50:01,66.10,200,
09:50:02,66.10,200,
09:50:02,66.10,200,
09:50:02,66.11,400,
09:50:03,66.11,200,
09:50:03,66.11,300,
09:50:03,66.11,100,
09:50:03,66.11,100,
09:50:03,66.11,300,
09:50:05,66.11,100,
09:50:05,66.11,300,
09:50:05,66.11,600,
09:50:05,66.11,200,
09:50:07,66.11,300,
09:50:07,66.11,600,
09:50:07,66.11,100,
09:50:07,66.12,100,
09:50:07,66.12,100,
09:50:07,66.12,100,
09:50:07,66.12,100,
09:50:07,66.13,600,
09:50:08,66.12,800,
09:50:08,66.12,300,
09:50:08,66.12,166,
09:50:08,66.12,400,
09:50:08,66.12,100,
09:50:08,66.12,300,
09:50:08,66.12,400,
09:50:08,66.12,300,
09:50:10,66.11,600,
09:50:10,66.11,200,
09:50:14,66.10,400,
09:50:14,66.10,800,
09:50:14,66.10,600,
09:50:14,66.10,600,
09:50:14,66.10,400,
09:50:14,66.10,400,
09:50:14,66.10,400,
09:50:14,66.10,100,
09:50:14,66.10,300,
09:50:14,66.10,300,
09:50:15,66.11,400,
09:50:15,66.11,600,
09:50:17,66.11,700,
09:50:17,66.11,100,
09:50:17,66.11,800,
09:50:17,66.11,100,
09:50:17,66.11,100,
09:50:17,66.11,800,
09:50:18,66.11,100,
09:50:18,66.11,600,
09:50:18,66.11,200,
09:50:18,66.11,3800,
09:50:18,66.11,500,
09:50:18,66.11,400,
09:50:18,66.11,100,
09:50:18,66.11,164,
09:50:18,66.11,700,
09:50:18,66.11,600,
09:50:18,66.11,364,
09:50:18,66.11,1000,
09:50:18,66.11,400,
09:50:18,66.11,400,
09:50:18,66.11,833,
09:50:18,66.11,200,
09:50:18,66.12,200,
09:50:18,66.12,418,
09:50:18,66.12,600,
09:50:18,66.12,100,
09:50:18,66.12,382,
09:50:21,66.12,300,
09:50:21,66.12,700,
09:50:21,66.12,200,
09:50:21,66.12,600,
09:50:23,66.12,400,
09:50:23,66.12,300,
09:50:23,66.12,100,
09:50:23,66.12,300,
09:50:23,66.12,400,
09:50:23,66.12,300,
09:50:23,66.12,1000,
09:50:23,66.13,400,
09:50:24,66.13,100,
09:50:24,66.14,400,
09:50:24,66.13,100,
09:50:24,66.13,800,
09:50:24,66.13,300,
09:50:24,66.13,200,
09:50:24,66.13,600,
09:50:24,66.13,300,
09:50:24,66.13,600,
09:50:24,66.13,100,
09:50:27,66.13,523,
09:50:27,66.13,400,
09:50:27,66.13,400,
09:50:27,66.13,800,
09:50:27,66.13,100,
09:50:27,66.13,400,
09:50:27,66.13,600,
09:50:27,66.13,600,
09:50:27,66.13,700,
09:50:27,66.14,200,
09:50:27,66.14,400,
09:50:29,66.14,500,
09:50:29,66.14,200,
09:50:30,66.15,200,
09:50:30,66.15,100,
09:50:31,66.16,100,
09:50:32,66.17,500,
09:50:32,66.17,600,
09:50:32,66.17,1000,
09:50:33,66.16,700,
09:50:33,66.16,400,
09:50:33,66.16,100,
09:50:33,66.16,100,
09:50:33,66.16,400,
09:50:33,66.16,300,
09:50:35,66.16,100,
09:50:35,66.16,500,
09:50:35,66.16,400,
09:50:35,66.16,100,
09:50:35,66.16,100,
09:50:35,66.16,400,
09:50:35,66.16,600,
09:50:35,66.16,100,
09:50:35,66.16,400,
09:50:35,66.16,300,
09:50:35,66.16,1600,
09:50:35,66.16,100,
09:50:35,66.16,600,
09:50:35,66.16,800,
09:50:35,66.16,300,
09:50:35,66.16,300,
09:50:35,66.16,300,
09:50:35,66.16,1000,
09:50:35,66.17,300,
09:50:35,66.18,200,
09:50:35,66.18,400,
09:50:35,66.18,400,
09:50:35,66.18,100,
09:50:35,66.18,2000,
09:50:36,66.17,400,
09:50:40,66.18,100,
09:50:40,66.18,200,
09:50:40,66.19,100,
09:50:40,66.19,300,
09:50:40,66.18,100,
09:50:40,66.18,600,
09:50:40,66.18,200,
09:50:41,66.17,200,
09:50:41,66.18,100,
09:50:41,66.18,100,
09:50:41,66.19,400,
09:50:41,66.19,800,
09:50:41,66.19,1000,
09:50:41,66.19,600,
09:50:41,66.18,300,
09:50:42,66.19,300,
09:50:42,66.19,100,
09:50:42,66.19,300,
09:50:42,66.19,300,
09:50:42,66.19,100,
09:50:42,66.19,400,
09:50:42,66.19,400,
09:50:42,66.19,100,
09:50:44,66.19,400,
09:50:44,66.19,300,
09:50:44,66.19,100,
09:50:44,66.19,500,
09:50:44,66.189,100,
09:50:45,66.20,100,
09:50:45,66.20,400,
09:50:45,66.21,200,
09:50:47,66.2096,1300,
09:50:47,66.21,500,
09:50:47,66.21,500,
09:50:47,66.20,300,
09:50:47,66.20,100,
09:50:47,66.21,800,
09:50:47,66.2086,300,
09:50:47,66.2086,300,
09:50:48,66.20,700,
09:50:48,66.20,100,
09:50:48,66.20,600,
09:50:50,66.20,300,
09:50:50,66.20,232,
09:50:50,66.20,300,
09:50:50,66.20,332,
09:50:50,66.21,100,
09:50:52,66.22,100,
09:50:52,66.22,100,
09:50:53,66.22,2500,
09:50:54,66.22,100,
09:50:54,66.22,200,
09:50:54,66.22,200,
09:50:54,66.22,100,
09:50:54,66.22,100,
09:50:54,66.22,800,
09:50:54,66.22,300,
09:50:54,66.22,400,
09:50:54,66.22,600,
09:50:54,66.22,300,
09:50:54,66.22,600,
09:50:54,66.22,100,
09:50:54,66.22,100,
09:50:54,66.22,800,
09:50:54,66.22,680,
09:50:54,66.22,1000,
09:50:54,66.22,400,
09:50:54,66.22,100,
09:50:54,66.22,100,
09:50:54,66.22,100,
09:50:54,66.22,400,
09:50:54,66.22,300,
09:50:54,66.22,200,
09:50:54,66.22,200,
09:50:54,66.23,100,
09:50:55,66.23,100,
09:50:55,66.23,300,
09:50:55,66.23,100,
09:50:55,66.23,200,
09:50:55,66.23,400,
09:50:55,66.23,200,
09:50:56,66.23,308,
09:50:56,66.23,100,
09:50:56,66.219,250,
09:50:57,66.23,200,
09:50:57,66.23,100,
09:50:57,66.23,200,
09:50:57,66.23,100,
09:50:57,66.23,400,
09:50:57,66.23,200,
09:50:57,66.23,456,
09:50:58,66.23,100,
09:50:58,66.23,100,
09:50:58,66.23,100,
09:50:58,66.23,300,
09:51:00,66.235,500,
09:51:02,66.248,1000,
09:51:02,66.24,800,
09:51:02,66.24,100,
09:51:02,66.24,100,
09:51:02,66.25,300,
09:51:02,66.24,200,
09:51:02,66.24,166,
09:51:02,66.23,200,
09:51:02,66.23,400,
09:51:02,66.23,1500,
09:51:03,66.2304,300,
09:51:03,66.2304,200,
09:51:04,66.2309,300,
09:51:04,66.23,100,
09:51:06,66.23,100,
09:51:06,66.2209,300,
09:51:08,66.23,200,
09:51:08,66.23,100,
09:51:08,66.23,100,
09:51:08,66.23,100,
09:51:09,66.23,100,
09:51:09,66.23,400,
09:51:09,66.22,500,
09:51:09,66.22,600,
09:51:09,66.22,480,
09:51:09,66.22,100,
09:51:09,66.22,300,
09:51:09,66.21,1600,
09:51:09,66.22,800,
09:51:09,66.22,400,
09:51:09,66.22,100,
09:51:09,66.22,300,
09:51:09,66.22,400,
09:51:09,66.22,100,
09:51:09,66.22,100,
09:51:10,66.23,100,
09:51:10,66.23,600,
09:51:10,66.23,300,
09:51:11,66.23,100,
09:51:11,66.23,100,
09:51:12,66.23,300,
09:51:12,66.23,100,
09:51:12,66.23,100,
09:51:12,66.23,400,
09:51:12,66.22,400,
09:51:12,66.22,100,
09:51:12,66.22,100,
09:51:12,66.2118,300,
09:51:13,66.2114,500,
09:51:14,66.22,100,
09:51:14,66.22,100,
09:51:14,66.22,400,
09:51:14,66.2212,100,
09:51:17,66.229,1000,
09:51:19,66.23,1500,
09:51:19,66.23,200,
09:51:19,66.23,200,
09:51:19,66.23,600,
09:51:19,66.23,200,
09:51:19,66.22,1400,
09:51:19,66.22,200,
09:51:19,66.22,600,
09:51:19,66.22,600,
09:51:19,66.22,500,
09:51:19,66.22,600,
09:51:19,66.22,100,
09:51:19,66.22,400,
09:51:19,66.22,200,
09:51:19,66.22,300,
09:51:19,66.22,300,
09:51:19,66.22,6100,
09:51:20,66.22,2400,
09:51:20,66.21,300,
09:51:20,66.21,100,
09:51:20,66.215,300,
09:51:20,66.215,500,
09:51:20,66.215,300,
09:51:20,66.215,100,
09:51:20,66.215,300,
09:51:20,66.21,100,
09:51:20,66.21,400,
09:51:20,66.21,300,
09:51:20,66.205,100,
09:51:20,66.20,400,
09:51:20,66.20,400,
09:51:20,66.20,200,
09:51:20,66.20,100,
09:51:20,66.20,500,
09:51:20,66.205,100,
09:51:20,66.205,100,
09:51:20,66.205,700,
09:51:20,66.19,100,
09:51:20,66.19,300,
09:51:20,66.19,1670,
09:51:20,66.19,324,
09:51:20,66.19,400,
09:51:20,66.19,600,
09:51:20,66.19,1600,
09:51:20,66.19,1600,
09:51:20,66.19,493,
09:51:20,66.19,1600,
09:51:20,66.19,800,
09:51:20,66.19,800,
09:51:20,66.19,438,
09:51:20,66.19,562,
09:51:20,66.19,762,
09:51:20,66.20,100,
09:51:20,66.19,700,
09:51:21,66.19,100,
09:51:21,66.19,100,
09:51:21,66.19,100,
09:51:21,66.19,600,
09:51:22,66.20,100,
09:51:22,66.20,300,
09:51:22,66.20,300,
09:51:22,66.20,200,
09:51:22,66.20,100,
09:51:22,66.20,100,
09:51:22,66.20,100,
09:51:22,66.20,600,
09:51:23,66.21,200,
09:51:24,66.19,3000,
09:51:24,66.20,100,
09:51:24,66.20,300,
09:51:24,66.20,200,
09:51:24,66.20,600,
09:51:24,66.20,200,
09:51:24,66.20,500,
09:51:24,66.20,400,
09:51:24,66.20,200,
09:51:27,66.199,900,
09:51:27,66.199,1000,
09:51:29,66.19,400,
09:51:29,66.19,100,
09:51:30,66.18,100,
09:51:30,66.18,300,
09:51:30,66.18,400,
09:51:30,66.18,100,
09:51:30,66.18,300,
09:51:31,66.18,400,
09:51:31,66.18,400,
09:51:31,66.18,100,
09:51:32,66.18,400,
09:51:33,66.19,400,
09:51:33,66.19,100,
09:51:33,66.19,200,
09:51:35,66.19,600,
09:51:35,66.19,100,
09:51:35,66.19,400,
09:51:38,66.19,500,
09:51:41,66.19,300,
09:51:41,66.19,200,
09:51:41,66.19,100,
09:51:41,66.20,100,
09:51:41,66.20,100,
09:51:41,66.20,400,
09:51:41,66.20,100,
09:51:41,66.20,200,
09:51:44,66.2084,200,
09:51:45,66.21,100,
09:51:48,66.2093,100,
09:51:51,66.20,600,
09:51:52,66.20,100,
09:51:53,66.20,500,
09:51:53,66.20,100,
09:51:53,66.20,135,
09:51:53,66.20,135,
09:51:53,66.20,136,
09:51:53,66.20,136,
09:51:53,66.20,136,
09:51:53,66.20,136,
09:51:53,66.20,136,
09:51:59,66.21,100,
09:51:59,66.20,124,
09:51:59,66.20,324,
09:51:59,66.20,100,
09:51:59,66.20,600,
09:51:59,66.20,626,
09:51:59,66.21,100,
09:52:12,66.21,100,
09:52:12,66.2075,400,
09:52:12,66.205,900,
09:52:13,66.22,218,
09:52:13,66.22,382,
09:52:14,66.23,100,
09:52:14,66.23,100,
09:52:14,66.23,200,
09:52:14,66.215,100,
09:52:15,66.24,100,
09:52:15,66.24,1510,
09:52:15,66.24,103,
09:52:16,66.24,100,
09:52:16,66.24,181,
09:52:16,66.24,100,
09:52:16,66.24,100,
09:52:16,66.24,200,
09:52:16,66.24,100,
09:52:16,66.24,400,
09:52:17,66.24,100,
09:52:17,66.24,200,
09:52:17,66.249,120,
09:52:18,66.24,100,
09:52:18,66.24,100,
09:52:18,66.24,500,
09:52:18,66.24,187,
09:52:18,66.24,387,
09:52:18,66.25,300,
09:52:19,66.25,100,
09:52:21,66.24,379,
09:52:21,66.24,400,
09:52:21,66.24,200,
09:52:22,66.25,400,
09:52:26,66.25,400,
09:52:26,66.25,600,
09:52:26,66.25,315,
09:52:26,66.25,500,
09:52:27,66.26,500,
09:52:27,66.26,100,
09:52:27,66.28,400,
09:52:27,66.27,300,
09:52:27,66.27,500,
09:52:27,66.27,2800,
09:52:27,66.27,800,
09:52:27,66.27,400,
09:52:27,66.28,100,
09:52:27,66.28,600,
09:52:27,66.26,650,
09:52:27,66.27,100,
09:52:27,66.27,100,
09:52:27,66.27,200,
09:52:27,66.28,600,
09:52:27,66.27,1200,
09:52:28,66.28,200,
09:52:28,66.28,100,
09:52:28,66.28,2700,
09:52:28,66.28,600,
09:52:28,66.28,400,
09:52:28,66.28,835,
09:52:28,66.28,100,
09:52:28,66.28,400,
09:52:28,66.28,1400,
09:52:28,66.28,800,
09:52:28,66.28,2055,
09:52:28,66.28,100,
09:52:28,66.28,600,
09:52:28,66.28,600,
09:52:28,66.28,300,
09:52:28,66.28,300,
09:52:28,66.27,100,
09:52:28,66.27,100,
09:52:28,66.28,900,
09:52:28,66.28,188,
09:52:28,66.27,300,
09:52:28,66.27,200,
09:52:28,66.26,400,
09:52:29,66.27,100,
09:52:29,66.27,100,
09:52:29,66.27,200,
09:52:29,66.27,500,
09:52:29,66.27,100,
09:52:29,66.27,200,
09:52:29,66.27,500,
09:52:29,66.27,100,
09:52:29,66.27,100,
09:52:29,66.27,408,
09:52:30,66.27,100,
09:52:30,66.27,1100,
09:52:30,66.27,300,
09:52:30,66.27,100,
09:52:30,66.27,300,
09:52:30,66.27,200,
09:52:30,66.28,400,
09:52:30,66.28,100,
09:52:30,66.28,100,
09:52:30,66.28,100,
09:52:30,66.28,100,
09:52:30,66.28,200,
09:52:30,66.28,200,
09:52:30,66.28,150,
09:52:30,66.29,100,
09:52:30,66.29,100,
09:52:30,66.29,100,
09:52:30,66.29,200,
09:52:30,66.29,100,
09:52:30,66.29,200,
09:52:30,66.29,200,
09:52:30,66.29,200,
09:52:32,66.29,500,
09:52:32,66.29,100,
09:52:33,66.29,100,
09:52:33,66.29,117,
09:52:33,66.2901,7000,
09:52:34,66.29,300,
09:52:34,66.29,1800,
09:52:34,66.29,200,
09:52:34,66.29,100,
09:52:34,66.29,222,
09:52:34,66.29,522,
09:52:34,66.29,100,
09:52:35,66.29,200,
09:52:35,66.29,600,
09:52:35,66.28,100,
09:52:35,66.28,100,
09:52:35,66.28,100,
09:52:35,66.28,400,
09:52:36,66.28,400,
09:52:36,66.28,300,
09:52:36,66.28,1000,
09:52:36,66.28,600,
09:52:36,66.28,166,
09:52:36,66.28,167,
09:52:36,66.28,269,
09:52:37,66.28,300,
09:52:37,66.28,700,
09:52:37,66.28,100,
09:52:37,66.28,600,
09:52:37,66.28,445,
09:52:37,66.28,100,
09:52:37,66.28,200,
09:52:37,66.28,400,
09:52:37,66.28,100,
09:52:37,66.28,100,
09:52:37,66.28,100,
09:52:37,66.28,300,
09:52:37,66.28,555,
09:52:37,66.28,362,
09:52:37,66.28,400,
09:52:37,66.28,200,
09:52:37,66.29,200,
09:52:37,66.29,100,
09:52:37,66.29,100,
09:52:38,66.29,400,
09:52:38,66.29,100,
09:52:39,66.30,3500,
09:52:39,66.30,800,
09:52:39,66.29,300,
09:52:39,66.29,100,
09:52:39,66.29,400,
09:52:40,66.29,200,
09:52:40,66.28,600,
09:52:40,66.28,200,
09:52:40,66.28,100,
09:52:40,66.29,100,
09:52:40,66.29,100,
09:52:40,66.30,600,
09:52:41,66.29,100,
09:52:43,66.29,200,
09:52:43,66.29,100,
09:52:43,66.29,200,
09:52:43,66.29,200,
09:52:43,66.29,100,
09:52:43,66.29,100,
09:52:43,66.29,390,
09:52:43,66.29,101,
09:52:43,66.29,100,
09:52:43,66.29,200,
09:52:43,66.29,200,
09:52:43,66.29,300,
09:52:47,66.29,100,
09:52:48,66.28,100,
09:52:48,66.27,100,
09:52:48,66.27,100,
09:52:48,66.27,200,
09:52:48,66.27,200,
09:52:48,66.27,700,
09:52:48,66.27,400,
09:52:48,66.27,100,
09:52:48,66.27,200,
09:52:48,66.27,100,
09:52:48,66.28,200,
09:52:48,66.28,100,
09:52:49,66.28,100,
09:52:49,66.28,500,
09:52:49,66.28,700,
09:52:49,66.28,800,
09:52:52,66.2852,200,
09:52:52,66.28,600,
09:52:52,66.28,100,
09:52:53,66.28,500,
09:52:53,66.28,600,
09:52:53,66.28,200,
09:52:53,66.28,491,
09:52:53,66.28,109,
09:52:53,66.28,100,
09:52:53,66.28,400,
09:52:53,66.28,100,
09:52:53,66.28,100,
09:52:53,66.28,100,
09:52:53,66.28,100,
09:52:53,66.28,1400,
09:52:53,66.28,200,
09:52:53,66.29,500,
09:52:53,66.29,100,
09:52:53,66.29,200,
09:52:53,66.29,100,
09:52:53,66.29,100,
09:52:53,66.29,200,
09:52:53,66.29,400,
09:52:56,66.28,100,
09:52:56,66.28,100,
09:52:56,66.28,200,
09:52:56,66.28,200,
09:52:56,66.28,609,
09:52:56,66.28,400,
09:52:57,66.281,1500,
09:52:57,66.28,100,
09:52:57,66.28,2200,
09:52:57,66.28,300,
09:53:00,66.2816,400,
09:53:03,66.28,200,
09:53:03,66.28,609,
09:53:04,66.28,100,
09:53:04,66.28,100,
09:53:05,66.275,300,
09:53:08,66.30,800,
09:53:08,66.30,500,
09:53:08,66.30,200,
09:53:08,66.30,400,
09:53:08,66.30,600,
09:53:08,66.285,200,
09:53:08,66.285,900,
09:53:09,66.291,200,
09:53:09,66.2901,200,
09:53:09,66.29,100,
09:53:09,66.29,100,
09:53:09,66.29,300,
09:53:09,66.291,200,
09:53:11,66.295,100,
09:53:11,66.30,100,
09:53:11,66.29,330,
09:53:11,66.295,2735,
09:53:11,66.295,3265,
09:53:11,66.29,420,
09:53:11,66.29,180,
09:53:11,66.29,300,
09:53:11,66.29,400,
09:53:11,66.295,200,
09:53:11,66.295,100,
09:53:11,66.295,100,
09:53:11,66.30,165,
09:53:11,66.30,235,
09:53:12,66.29,100,
09:53:12,66.29,100,
09:53:12,66.29,100,
09:53:12,66.29,100,
09:53:12,66.295,200,
09:53:12,66.295,1000,
09:53:12,66.295,400,
09:53:12,66.291,500,
09:53:12,66.29,700,
09:53:12,66.29,1300,
09:53:12,66.29,300,
09:53:12,66.295,100,
09:53:12,66.295,100,
09:53:12,66.295,400,
09:53:16,66.29,300,
09:53:16,66.29,200,
09:53:16,66.29,300,
09:53:16,66.29,100,
09:53:16,66.29,100,
09:53:16,66.30,400,
09:53:16,66.30,200,
09:53:16,66.30,100,
09:53:16,66.30,800,
09:53:16,66.30,600,
09:53:16,66.30,800,
09:53:16,66.30,395,
09:53:16,66.30,455,
09:53:16,66.30,600,
09:53:16,66.30,100,
09:53:16,66.285,200,
09:53:17,66.29,600,
09:53:18,66.30,300,
09:53:18,66.30,765,
09:53:18,66.30,100,
09:53:18,66.30,100,
09:53:18,66.30,500,
09:53:20,66.30,300,
09:53:20,66.30,200,
09:53:21,66.30,700,
09:53:21,66.31,2000,
09:53:21,66.31,2200,
09:53:21,66.31,100,
09:53:21,66.31,400,
09:53:21,66.31,600,
09:53:21,66.31,600,
09:53:21,66.31,200,
09:53:21,66.31,100,
09:53:21,66.31,400,
09:53:21,66.31,400,
09:53:21,66.31,100,
09:53:21,66.31,300,
09:53:21,66.31,300,
09:53:21,66.31,300,
09:53:21,66.31,200,
09:53:21,66.31,300,
09:53:21,66.31,100,
09:53:21,66.3199,100,
09:53:21,66.32,200,
09:53:21,66.31,184,
09:53:22,66.31,400,
09:53:22,66.32,700,
09:53:22,66.33,100,
09:53:22,66.33,400,
09:53:22,66.33,500,
09:53:22,66.33,100,
09:53:22,66.33,500,
09:53:23,66.32,500,
09:53:23,66.32,100,
09:53:23,66.32,300,
09:53:24,66.32,200,
09:53:24,66.32,200,
09:53:24,66.32,1650,
09:53:24,66.32,100,
09:53:24,66.32,100,
09:53:24,66.32,100,
09:53:24,66.32,300,
09:53:24,66.32,700,
09:53:26,66.32,100,
09:53:26,66.33,600,
09:53:26,66.33,100,
09:53:27,66.33,100,
09:53:27,66.33,100,
09:53:27,66.33,200,
09:53:27,66.33,400,
09:53:27,66.32,200,
09:53:28,66.3201,1000,
09:53:29,66.32,200,
09:53:29,66.32,100,
09:53:29,66.32,200,
09:53:29,66.32,100,
09:53:29,66.32,300,
09:53:29,66.32,100,
09:53:29,66.32,200,
09:53:29,66.32,100,
09:53:29,66.32,100,
09:53:29,66.32,100,
09:53:29,66.32,500,
09:53:29,66.32,231,
09:53:29,66.32,200,
09:53:29,66.32,5000,
09:53:29,66.32,327,
09:53:29,66.32,300,
09:53:29,66.32,400,
09:53:29,66.32,1000,
09:53:29,66.32,1454,
09:53:29,66.32,904,
09:53:29,66.32,600,
09:53:29,66.32,100,
09:53:29,66.32,100,
09:53:29,66.32,800,
09:53:29,66.32,100,
09:53:29,66.32,1000,
09:53:29,66.32,100,
09:53:29,66.32,400,
09:53:29,66.32,100,
09:53:29,66.32,800,
09:53:29,66.32,2000,
09:53:29,66.32,100,
09:53:29,66.32,400,
09:53:29,66.32,800,
09:53:29,66.32,400,
09:53:29,66.32,400,
09:53:29,66.32,1300,
09:53:29,66.32,600,
09:53:29,66.32,600,
09:53:29,66.32,100,
09:53:29,66.32,100,
09:53:29,66.32,100,
09:53:29,66.32,400,
09:53:29,66.33,100,
09:53:29,66.33,500,
09:53:29,66.33,1700,
09:53:29,66.32,300,
09:53:29,66.32,500,
09:53:29,66.32,300,
09:53:29,66.33,1300,
09:53:29,66.32,200,
09:53:29,66.33,100,
09:53:29,66.33,100,
09:53:29,66.33,400,
09:53:29,66.33,800,
09:53:29,66.34,300,
09:53:29,66.33,100,
09:53:29,66.33,400,
09:53:29,66.33,100,
09:53:29,66.33,100,
09:53:29,66.32,392,
09:53:29,66.34,450,
09:53:29,66.34,2120,
09:53:29,66.34,235,
09:53:29,66.34,500,
09:53:29,66.34,580,
09:53:29,66.34,320,
09:53:29,66.34,320,
09:53:29,66.34,500,
09:53:29,66.35,2300,
09:53:29,66.35,500,
09:53:29,66.35,300,
09:53:29,66.36,500,
09:53:29,66.35,700,
09:53:29,66.35,600,
09:53:29,66.35,100,
09:53:29,66.35,100,
09:53:29,66.35,2100,
09:53:29,66.35,100,
09:53:29,66.35,500,
09:53:29,66.35,113,
09:53:29,66.35,100,
09:53:29,66.35,100,
09:53:29,66.35,187,
09:53:29,66.35,513,
09:53:29,66.35,287,
09:53:29,66.35,100,
09:53:29,66.35,300,
09:53:29,66.35,213,
09:53:29,66.35,500,
09:53:29,66.35,185,
09:53:29,66.35,115,
09:53:29,66.35,100,
09:53:29,66.35,200,
09:53:29,66.35,1100,
09:53:29,66.35,100,
09:53:29,66.35,600,
09:53:29,66.34,589,
09:53:30,66.34,100,
09:53:30,66.34,3760,
09:53:30,66.34,400,
09:53:30,66.34,600,
09:53:30,66.34,400,
09:53:30,66.34,400,
09:53:30,66.34,300,
09:53:30,66.34,600,
09:53:30,66.34,600,
09:53:30,66.34,100,
09:53:30,66.34,100,
09:53:30,66.34,800,
09:53:30,66.34,400,
09:53:30,66.34,600,
09:53:30,66.34,300,
09:53:30,66.34,200,
09:53:30,66.34,100,
09:53:30,66.34,200,
09:53:30,66.34,300,
09:53:30,66.34,200,
09:53:30,66.33,100,
09:53:30,66.33,400,
09:53:30,66.33,300,
09:53:30,66.34,500,
09:53:30,66.34,562,
09:53:30,66.34,453,
09:53:30,66.34,562,
09:53:30,66.34,300,
09:53:30,66.34,300,
09:53:30,66.3301,2000,
09:53:31,66.34,300,
09:53:31,66.34,400,
09:53:31,66.34,535,
09:53:31,66.34,200,
09:53:31,66.34,800,
09:53:31,66.34,2600,
09:53:31,66.34,1000,
09:53:32,66.34,100,
09:53:32,66.34,100,
09:53:32,66.34,200,
09:53:32,66.34,600,
09:53:34,66.35,800,
09:53:34,66.34,280,
09:53:34,66.34,600,
09:53:34,66.34,1000,
09:53:36,66.33,400,
09:53:36,66.33,100,
09:53:36,66.33,1900,
09:53:36,66.33,11239,
09:53:36,66.33,600,
09:53:36,66.33,804,
09:53:36,66.33,820,
09:53:36,66.33,100,
09:53:36,66.33,100,
09:53:36,66.33,100,
09:53:36,66.33,1700,
09:53:36,66.33,300,
09:53:36,66.32,800,
09:53:36,66.32,300,
09:53:36,66.32,100,
09:53:36,66.32,200,
09:53:36,66.32,200,
09:53:36,66.32,100,
09:53:36,66.32,100,
09:53:39,66.315,1000,
09:53:40,66.31,400,
09:53:40,66.31,218,
09:53:40,66.31,400,
09:53:41,66.30,100,
09:53:41,66.30,100,
09:53:41,66.30,500,
09:53:41,66.30,713,
09:53:41,66.30,200,
09:53:41,66.30,115,
09:53:41,66.30,3115,
09:53:41,66.30,100,
09:53:41,66.30,485,
09:53:41,66.30,2200,
09:53:41,66.2999,200,
09:53:41,66.30,300,
09:53:41,66.30,600,
09:53:41,66.30,400,
09:53:41,66.30,100,
09:53:41,66.30,300,
09:53:41,66.30,400,
09:53:41,66.30,200,
09:53:41,66.30,300,
09:53:41,66.30,1800,
09:53:41,66.30,2200,
09:53:41,66.30,200,
09:53:41,66.30,200,
09:53:41,66.30,200,
09:53:41,66.30,300,
09:53:41,66.30,415,
09:53:41,66.30,300,
09:53:41,66.30,400,
09:53:41,66.30,100,
09:53:41,66.30,125,
09:53:41,66.30,100,
09:53:41,66.30,100,
09:53:41,66.30,600,
09:53:41,66.30,100,
09:53:41,66.30,1000,
09:53:41,66.30,839,
09:53:42,66.30,200,
09:53:42,66.30,300,
09:53:42,66.29,600,
09:53:42,66.29,100,
09:53:42,66.29,500,
09:53:42,66.29,600,
09:53:42,66.28,200,
09:53:42,66.28,300,
09:53:42,66.28,100,
09:53:42,66.28,800,
09:53:42,66.28,100,
09:53:43,66.28,100,
09:53:43,66.28,100,
09:53:43,66.28,100,
09:53:43,66.28,400,
09:53:43,66.28,2000,
09:53:43,66.28,100,
09:53:43,66.28,800,
09:53:43,66.28,500,
09:53:43,66.29,100,
09:53:43,66.29,500,
09:53:43,66.29,500,
09:53:43,66.29,600,
09:53:43,66.29,800,
09:53:43,66.29,100,
09:53:43,66.29,400,
09:53:43,66.29,100,
09:53:43,66.29,600,
09:53:43,66.29,400,
09:53:43,66.29,600,
09:53:43,66.29,200,
09:53:43,66.29,100,
09:53:43,66.29,200,
09:53:43,66.29,500,
09:53:43,66.30,200,
09:53:43,66.30,100,
09:53:43,66.29,100,
09:53:43,66.30,600,
09:53:44,66.29,300,
09:53:44,66.29,300,
09:53:44,66.29,200,
09:53:44,66.29,300,
09:53:44,66.30,400,
09:53:44,66.30,100,
09:53:44,66.30,100,
09:53:44,66.30,800,
09:53:44,66.30,600,
09:53:44,66.30,200,
09:53:44,66.30,200,
09:53:45,66.29,100,
09:53:45,66.29,300,
09:53:45,66.29,100,
09:53:45,66.29,600,
09:53:45,66.29,600,
09:53:45,66.29,900,
09:53:45,66.29,400,
09:53:45,66.29,400,
09:53:45,66.29,465,
09:53:45,66.29,100,
09:53:45,66.29,400,
09:53:45,66.29,400,
09:53:45,66.29,300,
09:53:45,66.29,300,
09:53:45,66.29,200,
09:53:46,66.29,400,
09:53:46,66.29,200,
09:53:46,66.29,1200,
09:53:46,66.29,400,
09:53:46,66.29,600,
09:53:46,66.29,100,
09:53:46,66.29,400,
09:53:46,66.29,100,
09:53:46,66.30,300,
09:53:46,66.30,400,
09:53:46,66.30,100,
09:53:48,66.307,1200,
09:53:49,66.30,200,
09:53:51,66.31,309,
09:53:51,66.31,100,
09:53:51,66.31,100,
09:53:51,66.31,100,
09:53:51,66.31,4456,
09:53:51,66.32,200,
09:53:51,66.32,200,
09:53:51,66.32,400,
09:53:52,66.31,300,
09:53:52,66.31,579,
09:53:52,66.31,100,
09:53:52,66.31,200,
09:53:52,66.31,100,
09:53:52,66.31,200,
09:53:53,66.31,1600,
09:53:53,66.31,100,
09:53:53,66.31,100,
09:53:53,66.31,400,
09:53:53,66.31,300,
09:53:53,66.32,200,
09:53:53,66.32,100,
09:53:53,66.32,100,
09:53:53,66.32,100,
09:53:53,66.32,100,
09:53:53,66.32,500,
09:53:54,66.32,300,
09:53:54,66.32,200,
09:53:54,66.32,100,
09:53:54,66.32,400,
09:53:54,66.32,100,
09:53:54,66.32,1400,
09:53:54,66.31,300,
09:53:58,66.31,514,
09:53:58,66.31,100,
09:53:58,66.31,100,
09:54:04,66.3016,400,
09:54:07,66.30,100,
09:54:07,66.30,100,
09:54:07,66.30,600,
09:54:07,66.30,600,
09:54:07,66.30,100,
09:54:07,66.30,600,
09:54:07,66.29,200,
09:54:07,66.30,250,
09:54:08,66.29,500,
09:54:08,66.29,100,
09:54:08,66.29,100,
09:54:08,66.29,300,
09:54:08,66.29,100,
09:54:08,66.29,300,
09:54:08,66.29,300,
09:54:08,66.29,700,
09:54:08,66.29,200,
09:54:08,66.29,400,
09:54:08,66.30,200,
09:54:08,66.30,100,
09:54:08,66.30,800,
09:54:08,66.30,500,
09:54:08,66.30,300,
09:54:08,66.30,382,
09:54:08,66.30,500,
09:54:08,66.2875,1300,
09:54:10,66.29,350,
09:54:14,66.29,500,
09:54:17,66.30,145,
09:54:18,66.292,127,
09:54:19,66.30,145,
09:54:22,66.31,600,
09:54:22,66.31,100,
09:54:22,66.31,100,
09:54:23,66.31,400,
09:54:23,66.31,100,
09:54:25,66.31,200,
09:54:25,66.31,100,
09:54:26,66.31,200,
09:54:26,66.31,200,
09:54:26,66.31,200,
09:54:26,66.31,200,
09:54:28,66.31,400,
09:54:28,66.31,300,
09:54:28,66.31,300,
09:54:28,66.31,100,
09:54:28,66.31,200,
09:54:28,66.31,100,
09:54:28,66.31,248,
09:54:28,66.3101,400,
09:54:29,66.30,100,
09:54:29,66.30,100,
09:54:29,66.30,400,
09:54:29,66.30,600,
09:54:29,66.30,100,
09:54:29,66.30,100,
09:54:29,66.30,100,
09:54:29,66.30,500,
09:54:30,66.29,100,
09:54:30,66.29,200,
09:54:30,66.29,700,
09:54:30,66.29,400,
09:54:30,66.29,100,
09:54:38,66.31,450,
09:54:41,66.29,200,
09:54:44,66.29,600,
09:54:44,66.29,400,
09:54:44,66.29,600,
09:54:47,66.29,100,
09:54:47,66.29,200,
09:54:49,66.28,100,
09:54:53,66.27,300,
09:54:53,66.27,200,
09:54:53,66.27,200,
09:54:53,66.26,200,
09:54:53,66.26,500,
09:54:53,66.26,500,
09:54:53,66.26,200,
09:54:53,66.26,300,
09:54:55,66.25,100,
09:54:55,66.24,200,
09:54:58,66.24,100,
09:54:58,66.24,400,
09:54:58,66.24,120,
09:54:58,66.24,600,
09:54:58,66.24,800,
09:54:58,66.24,100,
09:54:58,66.24,200,
09:54:58,66.24,100,
09:54:59,66.24,100,
09:54:59,66.25,100,
09:54:59,66.25,200,
09:55:04,66.25,100,
09:55:04,66.25,1000,
09:55:04,66.25,100,
09:55:04,66.25,100,
09:55:04,66.25,252,
09:55:04,66.25,148,
09:55:04,66.25,200,
09:55:04,66.25,100,
