09:30:00,58.7001,100,
09:30:00,58.71,200,
09:30:00,58.69,500,
09:30:00,58.705,200,
09:30:00,58.70,200,
09:30:00,58.70,4000,
09:30:00,58.6954,100,
09:30:00,58.70,200,
09:30:00,58.70,300,
09:30:00,58.70,200,
09:30:00,58.70,300,
09:30:01,58.71,1000,
09:30:01,58.69,400,
09:30:01,58.69,100,
09:30:01,58.69,100,
09:30:01,58.69,100,
09:30:01,58.69,500,
09:30:01,58.69,500,
09:30:01,58.69,100,
09:30:01,58.69,100,
09:30:01,58.69,100,
09:30:01,58.69,100,
09:30:01,58.69,100,
09:30:01,58.69,100,
09:30:01,58.69,500,
09:30:01,58.69,333,
09:30:01,58.69,400,
09:30:01,58.69,1000,
09:30:01,58.69,600,
09:30:01,58.69,200,
09:30:01,58.69,800,
09:30:01,58.69,800,
09:30:01,58.69,400,
09:30:01,58.69,500,
09:30:01,58.69,500,
09:30:01,58.69,100,
09:30:01,58.69,100,
09:30:01,58.69,100,
09:30:01,58.69,100,
09:30:01,58.69,100,
09:30:01,58.69,100,
09:30:01,58.69,110569,
09:30:01,58.69,100,
09:30:01,58.69,8200,
09:30:01,58.69,1000,
09:30:01,58.69,200,
09:30:01,58.70,410,
09:30:01,58.70,100,
09:30:01,58.70,100,
09:30:01,58.70,100,
09:30:01,58.70,100,
09:30:01,58.70,100,
09:30:01,58.70,200,
09:30:01,58.70,250,
09:30:01,58.70,600,
09:30:01,58.70,500,
09:30:01,58.71,800,
09:30:01,58.71,1000,
09:30:01,58.70,200,
09:30:01,58.70,100,
09:30:01,58.70,100,
09:30:01,58.70,400,
09:30:01,58.69,500,
09:30:01,58.69,1000,
09:30:01,58.69,100,
09:30:01,58.69,400,
09:30:01,58.69,100,
09:30:01,58.69,200,
09:30:01,58.69,100,
09:30:01,58.71,200,
09:30:01,58.69,600,
09:30:02,58.72,1000,
09:30:02,58.69,600,
09:30:03,58.69,500,
09:30:03,58.69,200,
09:30:03,58.69,400,
09:30:03,58.69,500,
09:30:03,58.69,100,
09:30:03,58.69,100,
09:30:03,58.69,100,
09:30:03,58.69,400,
09:30:03,58.69,500,
09:30:03,58.69,600,
09:30:03,58.69,487,
09:30:03,58.69,200,
09:30:03,58.69,6000,
09:30:03,58.69,300,
09:30:03,58.69,525,
09:30:03,58.69,100,
09:30:03,58.69,2500,
09:30:03,58.69,500,
09:30:03,58.69,2950,
09:30:03,58.69,470,
09:30:03,58.69,1000,
09:30:03,58.69,170,
09:30:03,58.69,300,
09:30:03,58.69,665,
09:30:03,58.69,450,
09:30:03,58.69,2000,
09:30:03,58.69,400,
09:30:03,58.69,1300,
09:30:03,58.69,1000,
09:30:03,58.69,300,
09:30:03,58.69,200,
09:30:03,58.69,232,
09:30:03,58.69,500,
09:30:03,58.69,175,
09:30:03,58.69,130,
09:30:03,58.69,256,
09:30:03,58.69,116,
09:30:03,58.69,100,
09:30:03,58.69,366,
09:30:03,58.69,197,
09:30:03,58.69,300,
09:30:03,58.69,200,
09:30:03,58.69,100,
09:30:03,58.69,600,
09:30:03,58.69,113,
09:30:03,58.69,340,
09:30:03,58.69,3000,
09:30:03,58.69,1000,
09:30:03,58.69,100,
09:30:03,58.69,172,
09:30:03,58.69,100,
09:30:03,58.69,2580,
09:30:03,58.69,400,
09:30:03,58.69,773,
09:30:03,58.69,610,
09:30:03,58.69,200,
09:30:03,58.69,1400,
09:30:03,58.69,100,
09:30:03,58.69,100,
09:30:03,58.69,200,
09:30:03,58.69,2958,
09:30:03,58.69,1100,
09:30:03,58.69,1000,
09:30:03,58.69,500,
09:30:03,58.69,100,
09:30:03,58.69,170,
09:30:03,58.69,100,
09:30:03,58.69,300,
09:30:03,58.69,150,
09:30:03,58.69,100,
09:30:03,58.69,200,
09:30:03,58.69,100,
09:30:03,58.69,140,
09:30:03,58.69,200,
09:30:03,58.69,150,
09:30:03,58.69,1043,
09:30:03,58.69,326,
09:30:03,58.69,500,
09:30:03,58.69,850,
09:30:03,58.69,100,
09:30:03,58.69,100,
09:30:03,58.69,100,
09:30:03,58.69,700,
09:30:03,58.69,250,
09:30:03,58.69,100,
09:30:03,58.69,322,
09:30:03,58.69,103,
09:30:03,58.69,100,
09:30:03,58.69,530,
09:30:03,58.69,300,
09:30:03,58.69,700,
09:30:03,58.69,200,
09:30:03,58.69,150,
09:30:03,58.69,223,
09:30:03,58.69,200,
09:30:03,58.69,1290,
09:30:03,58.69,250,
09:30:03,58.69,130,
09:30:03,58.69,120,
09:30:03,58.69,200,
09:30:03,58.69,265,
09:30:03,58.69,450,
09:30:03,58.69,364,
09:30:03,58.69,850,
09:30:03,58.69,200,
09:30:03,58.69,540,
09:30:03,58.69,1500,
09:30:03,58.69,1617,
09:30:03,58.69,1250,
09:30:03,58.69,3700,
09:30:03,58.69,400,
09:30:03,58.69,420,
09:30:03,58.69,158,
09:30:03,58.69,156,
09:30:03,58.69,250,
09:30:03,58.69,4446,
09:30:03,58.69,130,
09:30:03,58.69,1010,
09:30:03,58.69,100,
09:30:03,58.69,200,
09:30:03,58.69,600,
09:30:03,58.69,500,
09:30:03,58.69,350,
09:30:03,58.69,172,
09:30:03,58.69,200,
09:30:03,58.69,600,
09:30:03,58.69,100,
09:30:03,58.69,150,
09:30:03,58.69,185,
09:30:03,58.69,900,
09:30:03,58.69,400,
09:30:03,58.69,125,
09:30:03,58.69,300,
09:30:03,58.69,220,
09:30:03,58.69,770,
09:30:03,58.69,1358,
09:30:03,58.69,172,
09:30:03,58.69,200,
09:30:03,58.69,1000,
09:30:03,58.69,400,
09:30:03,58.69,491,
09:30:03,58.69,515,
09:30:03,58.69,175,
09:30:03,58.73,1000,
09:30:03,58.71,300,
09:30:03,58.70,100,
09:30:03,58.70,500,
09:30:03,58.70,800,
09:30:03,58.70,200,
09:30:03,58.70,100,
09:30:03,58.70,200,
09:30:04,58.70,100,
09:30:04,58.70,100,
09:30:04,58.70,500,
09:30:04,58.70,100,
09:30:04,58.70,200,
09:30:04,58.71,100,
09:30:04,58.71,200,
09:30:04,58.71,300,
09:30:04,58.71,200,
09:30:04,58.72,100,
09:30:04,58.72,100,
09:30:04,58.72,100,
09:30:04,58.72,100,
09:30:04,58.72,200,
09:30:04,58.72,500,
09:30:04,58.72,100,
09:30:04,58.72,100,
09:30:04,58.72,100,
09:30:04,58.72,200,
09:30:04,58.72,1000,
09:30:04,58.72,500,
09:30:04,58.72,100,
09:30:04,58.73,800,
09:30:04,58.73,200,
09:30:04,58.73,800,
09:30:04,58.73,100,
09:30:04,58.73,100,
09:30:04,58.73,100,
09:30:04,58.73,1000,
09:30:04,58.73,1000,
09:30:04,58.73,100,
09:30:04,58.73,100,
09:30:04,58.73,100,
09:30:04,58.73,100,
09:30:04,58.74,500,
09:30:04,58.73,100,
09:30:04,58.73,100,
09:30:04,58.73,100,
09:30:04,58.73,100,
09:30:04,58.73,500,
09:30:04,58.73,500,
09:30:04,58.73,100,
09:30:04,58.73,500,
09:30:04,58.73,100,
09:30:04,58.73,1000,
09:30:04,58.73,3000,
09:30:04,58.73,100,
09:30:04,58.74,300,
09:30:04,58.74,300,
09:30:04,58.73,500,
09:30:04,58.73,100,
09:30:04,58.73,100,
09:30:04,58.73,100,
09:30:04,58.73,100,
09:30:04,58.73,100,
09:30:04,58.73,400,
09:30:04,58.73,200,
09:30:04,58.73,1000,
09:30:04,58.73,100,
09:30:04,58.74,100,
09:30:04,58.74,5400,
09:30:04,58.73,300,
09:30:04,58.73,4900,
09:30:04,58.73,1100,
09:30:04,58.73,2214,
09:30:05,58.74,500,
09:30:05,58.74,400,
09:30:05,58.74,100,
09:30:05,58.74,200,
09:30:05,58.72,300,
09:30:07,58.74,114,
09:30:07,58.74,500,
09:30:07,58.74,100,
09:30:07,58.74,100,
09:30:07,58.74,100,
09:30:07,58.74,100,
09:30:07,58.74,200,
09:30:08,58.7326,400,
09:30:08,58.73,1868,
09:30:08,58.73,563,
09:30:08,58.73,228,
09:30:08,58.73,1572,
09:30:08,58.72,500,
09:30:08,58.72,400,
09:30:10,58.73,100,
09:30:10,58.73,100,
09:30:10,58.73,400,
09:30:10,58.73,500,
09:30:10,58.73,800,
09:30:10,58.73,500,
09:30:10,58.73,1200,
09:30:10,58.73,100,
09:30:10,58.72,100,
09:30:10,58.72,100,
09:30:10,58.72,100,
09:30:10,58.72,1500,
09:30:10,58.72,100,
09:30:10,58.72,100,
09:30:10,58.72,100,
09:30:10,58.72,900,
09:30:11,58.72,356,
09:30:11,58.71,400,
09:30:11,58.71,500,
09:30:11,58.71,200,
09:30:11,58.71,100,
09:30:11,58.71,100,
09:30:11,58.71,100,
09:30:11,58.71,100,
09:30:11,58.71,200,
09:30:13,58.72,100,
09:30:13,58.7086,600,
09:30:13,58.72,500,
09:30:13,58.72,400,
09:30:13,58.72,100,
09:30:14,58.71,1800,
09:30:17,58.72,500,
09:30:18,58.72,400,
09:30:18,58.72,100,
09:30:18,58.72,100,
09:30:18,58.72,100,
09:30:18,58.72,100,
09:30:18,58.72,100,
09:30:18,58.72,800,
09:30:19,58.71,400,
09:30:19,58.71,100,
09:30:19,58.71,100,
09:30:19,58.71,100,
09:30:19,58.73,100,
09:30:19,58.71,200,
09:30:19,58.71,1000,
09:30:19,58.71,200,
09:30:20,58.71,2500,
09:30:21,58.71,200,
09:30:21,58.71,800,
09:30:21,58.70,100,
09:30:21,58.70,100,
09:30:21,58.70,2198,
09:30:21,58.70,480,
09:30:21,58.70,100,
09:30:21,58.70,2120,
09:30:21,58.72,800,
09:30:23,58.69,300,
09:30:23,58.69,100,
09:30:26,58.69,100,
09:30:26,58.69,100,
09:30:26,58.69,100,
09:30:26,58.69,100,
09:30:27,58.69,175,
09:30:27,58.69,100,
09:30:28,58.69,147,
09:30:29,58.69,2500,
09:30:29,58.69,100,
09:30:31,58.71,200,
09:30:33,58.69,100,
09:30:35,58.70,400,
09:30:35,58.70,200,
09:30:35,58.70,225,
09:30:35,58.70,100,
09:30:36,58.70,500,
09:30:42,58.70,100,
09:30:48,58.70,200,
09:30:48,58.70,100,
09:30:54,58.70,100,
09:30:54,58.70,100,
09:30:54,58.70,100,
09:30:54,58.70,100,
09:30:54,58.70,100,
09:30:59,58.6995,1000,
09:31:10,58.71,800,
09:31:11,58.71,1100,
09:31:14,58.71,400,
09:31:18,58.709,500,
09:31:22,58.71,100,
09:31:22,58.71,100,
09:31:25,58.7001,4000,
09:31:26,58.706,900,
09:31:30,58.72,373,
09:31:35,58.70,200,
09:31:36,58.71,200,
09:31:39,58.71,221,
09:31:39,58.71,800,
09:31:39,58.71,700,
09:31:39,58.71,200,
09:31:39,58.71,813,
09:31:39,58.71,800,
09:31:39,58.71,800,
09:31:39,58.71,100,
09:31:39,58.71,200,
09:31:39,58.71,142,
09:31:39,58.71,100,
09:31:39,58.71,579,
09:31:39,58.71,400,
09:31:40,58.7101,220,
09:31:45,58.72,1900,
09:31:45,58.73,500,
09:31:56,58.71,200,
09:32:00,58.71,200,
09:32:02,58.71,100,
09:32:02,58.71,100,
09:32:02,58.71,100,
09:32:02,58.71,200,
09:32:02,58.71,100,
09:32:02,58.71,200,
09:32:02,58.71,800,
09:32:02,58.71,600,
09:32:02,58.705,100,
09:32:10,58.7062,643,
09:32:11,58.705,100,
09:32:12,58.71,200,
09:32:15,58.705,100,
09:32:15,58.705,100,
09:32:18,58.705,100,
09:32:18,58.71,600,
09:32:32,58.709,300,
09:32:33,58.70,173,
09:32:38,58.70,2326,
09:32:38,58.70,174,
09:32:38,58.70,400,
09:32:38,58.69,400,
09:32:38,58.69,400,
09:32:39,58.70,484,
09:32:39,58.695,200,
09:32:39,58.695,100,
09:32:40,58.709,100,
09:32:42,58.70,100,
09:32:42,58.70,300,
09:32:44,58.701,400,
09:32:46,58.69,100,
09:32:46,58.69,200,
09:32:46,58.69,200,
09:32:46,58.69,200,
09:32:47,58.70,100,
09:32:47,58.695,100,
09:32:47,58.695,100,
09:32:47,58.695,100,
09:32:51,58.71,100,
09:32:51,58.71,100,
09:32:51,58.705,100,
09:32:51,58.705,100,
09:32:52,58.71,500,
09:32:57,58.7001,1000,
09:32:58,58.71,400,
09:32:58,58.71,100,
09:32:58,58.71,100,
09:32:58,58.705,100,
09:32:58,58.705,100,
09:33:00,58.7101,100,
09:33:01,58.71,200,
09:33:01,58.71,100,
09:33:01,58.71,290,
09:33:03,58.7101,100,
09:33:05,58.71,200,
09:33:05,58.71,100,
09:33:05,58.71,200,
09:33:08,58.71,100,
09:33:08,58.71,100,
09:33:12,58.71,200,
09:33:12,58.71,400,
09:33:12,58.71,800,
09:33:12,58.71,800,
09:33:12,58.71,200,
09:33:12,58.71,200,
09:33:12,58.71,1200,
09:33:13,58.71,1450,
09:33:13,58.72,400,
09:33:14,58.71,300,
09:33:16,58.70,700,
09:33:16,58.70,200,
09:33:18,58.705,100,
09:33:21,58.715,100,
09:33:22,58.72,100,
09:33:24,58.73,200,
09:33:30,58.72,100,
09:33:30,58.71,1000,
09:33:30,58.72,685,
09:33:30,58.715,100,
09:33:33,58.7201,400,
09:33:36,58.715,100,
09:33:40,58.71,1300,
09:33:41,58.71,100,
09:33:44,58.715,100,
09:33:48,58.715,100,
09:33:50,58.72,300,
09:33:51,58.73,21000,
09:33:51,58.72,800,
09:33:51,58.72,100,
09:33:51,58.72,100,
09:33:52,58.72,1200,
09:33:52,58.72,100,
09:33:52,58.73,400,
09:33:52,58.72,100,
09:33:59,58.7302,3000,
09:33:59,58.73,100,
09:34:00,58.74,500,
09:34:00,58.74,400,
09:34:00,58.74,123,
09:34:00,58.74,200,
09:34:04,58.7407,200,
09:34:10,58.74,200,
09:34:19,58.7405,1000,
09:34:24,58.74,300,
09:34:24,58.74,677,
09:34:25,58.74,150,
09:34:25,58.74,150,
09:34:25,58.74,150,
09:34:25,58.74,150,
09:34:27,58.72,200,
09:34:30,58.7101,500,
09:34:34,58.70,100,
09:34:36,58.69,200,
09:34:37,58.69,4303,
09:34:37,58.70,200,
09:34:39,58.70,183,
09:34:39,58.70,1000,
09:34:41,58.69,200,
09:34:45,58.6901,189,
09:34:47,58.6901,100,
09:34:48,58.69,100,
09:34:49,58.69,100,
09:34:53,58.70,700,
09:34:55,58.70,100,
09:35:06,58.69,1000,
09:35:06,58.69,1773,
09:35:06,58.69,200,
09:35:07,58.68,100,
09:35:07,58.68,500,
09:35:08,58.689,100,
09:35:12,58.68,400,
09:35:17,58.68,100,
09:35:17,58.67,700,
09:35:17,58.67,400,
09:35:17,58.67,300,
09:35:17,58.6701,3000,
09:35:18,58.68,200,
09:35:18,58.69,200,
09:35:18,58.69,100,
09:35:19,58.68,400,
09:35:19,58.69,100,
09:35:19,58.69,200,
09:35:19,58.69,1100,
09:35:19,58.69,100,
09:35:19,58.69,400,
09:35:19,58.69,100,
09:35:21,58.68,500,
09:35:21,58.68,400,
09:35:21,58.68,400,
09:35:21,58.68,200,
09:35:21,58.68,400,
09:35:21,58.68,300,
09:35:21,58.68,300,
09:35:21,58.6815,1500,
09:35:22,58.68,200,
09:35:23,58.68,1000,
09:35:25,58.69,600,
09:35:26,58.6901,500,
09:35:31,58.70,400,
09:35:36,58.70,900,
09:35:37,58.71,200,
09:35:39,58.70,200,
09:35:40,58.70,200,
09:35:49,58.7101,1000,
09:35:53,58.719,5000,
09:35:58,58.7199,900,
09:36:00,58.715,100,
09:36:08,58.7271,1500,
09:36:20,58.73,2300,
09:36:20,58.73,300,
09:36:22,58.74,114,
09:36:26,58.75,100,
09:36:27,58.75,684,
09:36:27,58.75,100,
09:36:27,58.75,1000,
09:36:27,58.75,100,
09:36:27,58.75,200,
09:36:27,58.75,500,
09:36:27,58.75,200,
09:36:27,58.75,100,
09:36:27,58.75,800,
09:36:27,58.75,200,
09:36:27,58.75,1000,
09:36:27,58.75,800,
09:36:27,58.75,800,
09:36:27,58.75,200,
09:36:29,58.745,500,
09:36:34,58.74,200,
09:36:37,58.75,218,
09:36:37,58.75,300,
09:36:37,58.75,1000,
09:36:37,58.76,405,
09:36:40,58.76,400,
09:36:40,58.76,1700,
09:36:40,58.76,200,
09:36:41,58.7601,5000,
09:36:46,58.77,200,
09:36:46,58.78,626,
09:36:46,58.78,200,
09:36:46,58.78,429,
09:36:46,58.78,626,
09:36:46,58.78,439,
09:36:46,58.78,339,
09:36:46,58.78,374,
09:36:46,58.78,2600,
09:36:46,58.78,100,
09:36:46,58.78,139,
09:36:46,58.78,100,
09:36:46,58.78,561,
09:36:46,58.78,100,
09:36:46,58.78,400,
09:36:46,58.77,100,
09:36:46,58.78,400,
09:36:46,58.78,600,
09:36:46,58.78,100,
09:36:46,58.79,1100,
09:36:46,58.79,600,
09:36:46,58.78,429,
09:36:46,58.78,200,
09:36:46,58.78,500,
09:36:47,58.78,200,
09:36:47,58.78,100,
09:36:47,58.78,100,
09:36:51,58.78,600,
09:36:51,58.77,1900,
09:36:54,58.78,500,
09:36:54,58.78,597,
09:37:00,58.78,300,
09:37:05,58.77,100,
09:37:09,58.76,100,
09:37:14,58.7501,205,
09:37:15,58.76,100,
09:37:15,58.751,500,
09:37:17,58.76,261,
09:37:17,58.76,339,
09:37:17,58.77,400,
09:37:17,58.77,800,
09:37:20,58.766,200,
09:37:22,58.77,200,
09:37:35,58.77,500,
09:37:35,58.77,800,
09:37:35,58.77,200,
09:37:35,58.77,200,
09:37:42,58.78,100,
09:37:42,58.78,300,
09:37:42,58.78,800,
09:37:42,58.78,100,
09:37:42,58.78,600,
09:37:42,58.78,100,
09:37:42,58.78,1000,
09:37:42,58.78,200,
09:37:42,58.78,800,
09:37:42,58.78,400,
09:37:42,58.77,100,
09:37:43,58.78,500,
09:37:45,58.78,100,
09:37:46,58.77,900,
09:37:52,58.78,100,
09:37:57,58.78,600,
09:37:57,58.78,100,
09:37:57,58.77,100,
09:37:57,58.77,100,
09:38:00,58.77,200,
09:38:01,58.77,5000,
09:38:09,58.78,100,
09:38:11,58.77,200,
09:38:11,58.77,600,
09:38:11,58.77,400,
09:38:11,58.77,400,
09:38:12,58.776,100,
09:38:13,58.771,150,
09:38:13,58.77,100,
09:38:16,58.78,200,
09:38:16,58.78,600,
09:38:16,58.78,600,
09:38:21,58.78,100,
09:38:25,58.80,1000,
09:38:25,58.80,1000,
09:38:25,58.79,100,
09:38:25,58.80,350,
09:38:25,58.80,700,
09:38:25,58.80,532,
09:38:25,58.80,400,
09:38:25,58.80,934,
09:38:25,58.80,134,
09:38:25,58.80,533,
09:38:25,58.80,600,
09:38:25,58.80,100,
09:38:25,58.80,100,
09:38:25,58.80,300,
09:38:25,58.80,100,
09:38:25,58.80,1500,
09:38:25,58.80,700,
09:38:25,58.80,400,
09:38:27,58.8099,5000,
09:38:28,58.80,100,
09:38:28,58.80,300,
09:38:28,58.80,600,
09:38:33,58.7972,200,
09:38:35,58.7901,1000,
09:38:36,58.79,1000,
09:38:36,58.79,100,
09:38:37,58.79,100,
09:38:39,58.79,2700,
09:38:41,58.78,100,
09:38:41,58.78,300,
09:38:41,58.78,600,
09:38:41,58.78,600,
09:38:46,58.78,100,
09:38:46,58.78,1000,
09:38:46,58.78,600,
09:38:46,58.78,600,
09:38:46,58.78,1914,
09:38:46,58.78,100,
09:38:46,58.78,100,
09:38:46,58.78,196,
09:38:51,58.78,200,
09:38:52,58.79,600,
09:38:53,58.79,100,
09:38:54,58.80,100,
09:38:54,58.80,100,
09:38:54,58.80,100,
09:38:55,58.80,100,
09:38:57,58.80,200,
09:38:58,58.80,100,
09:38:59,58.80,100,
09:39:04,58.79,1000,
09:39:04,58.79,453,
09:39:08,58.79,100,
09:39:08,58.79,1000,
09:39:08,58.79,100,
09:39:08,58.79,200,
09:39:08,58.79,100,
09:39:08,58.79,300,
09:39:09,58.79,100,
09:39:09,58.79,700,
09:39:09,58.79,100,
09:39:09,58.79,100,
09:39:09,58.79,1000,
09:39:09,58.79,100,
09:39:09,58.795,100,
09:39:09,58.79,500,
09:39:10,58.79,100,
09:39:13,58.80,100,
09:39:13,58.80,700,
09:39:13,58.80,1700,
09:39:13,58.80,1200,
09:39:13,58.80,600,
09:39:13,58.80,1000,
09:39:13,58.80,163,
09:39:13,58.80,100,
09:39:13,58.80,600,
09:39:13,58.80,237,
09:39:13,58.80,2300,
09:39:13,58.80,1000,
09:39:20,58.80,500,
09:39:20,58.80,100,
09:39:20,58.80,100,
09:39:20,58.80,800,
09:39:20,58.80,200,
09:39:20,58.80,100,
09:39:20,58.80,100,
09:39:21,58.81,200,
09:39:21,58.81,100,
09:39:21,58.81,100,
09:39:21,58.81,800,
09:39:21,58.81,1450,
09:39:22,58.81,600,
09:39:22,58.81,400,
09:39:22,58.81,1000,
09:39:22,58.81,148,
09:39:22,58.81,100,
09:39:26,58.8038,300,
09:39:26,58.81,100,
09:39:30,58.82,2955,
09:39:33,58.81,300,
09:39:33,58.81,100,
09:39:33,58.81,400,
09:39:33,58.815,200,
09:39:33,58.815,100,
09:39:38,58.81,100,
09:39:39,58.80,100,
09:39:39,58.80,100,
09:39:39,58.80,200,
09:39:40,58.79,300,
09:39:40,58.7908,100,
09:39:42,58.80,200,
09:39:42,58.80,100,
09:39:42,58.80,600,
09:39:45,58.805,100,
09:39:45,58.80,100,
09:39:45,58.7905,500,
09:39:46,58.80,100,
09:39:48,58.8004,200,
09:39:51,58.80,100,
09:40:01,58.80,100,
09:40:01,58.80,600,
09:40:01,58.80,100,
09:40:01,58.80,800,
09:40:01,58.80,200,
09:40:02,58.80,300,
09:40:03,58.80,200,
09:40:05,58.80,100,
09:40:06,58.80,100,
09:40:06,58.80,200,
09:40:06,58.80,100,
09:40:07,58.80,300,
09:40:07,58.80,100,
09:40:07,58.80,100,
09:40:07,58.80,600,
09:40:07,58.80,100,
09:40:07,58.80,100,
09:40:07,58.80,100,
09:40:11,58.80,200,
09:40:11,58.80,2400,
09:40:11,58.80,600,
09:40:11,58.80,100,
09:40:11,58.80,100,
09:40:11,58.80,600,
09:40:12,58.80,200,
09:40:12,58.80,100,
09:40:12,58.80,100,
09:40:12,58.80,1000,
09:40:12,58.805,100,
09:40:14,58.80,100,
09:40:14,58.79,200,
09:40:17,58.80,200,
09:40:19,58.795,200,
09:40:21,58.80,200,
09:40:21,58.79,100,
09:40:21,58.79,800,
09:40:21,58.79,800,
09:40:21,58.795,100,
09:40:21,58.79,208,
09:40:21,58.79,400,
09:40:21,58.79,100,
09:40:21,58.79,1200,
09:40:21,58.80,500,
09:40:21,58.80,299,
09:40:24,58.7995,350,
09:40:26,58.79,200,
09:40:26,58.79,1300,
09:40:31,58.795,200,
09:40:36,58.79,100,
09:40:36,58.79,100,
09:40:36,58.79,100,
09:40:36,58.79,100,
09:40:36,58.79,100,
09:40:36,58.79,1000,
09:40:36,58.79,200,
09:40:38,58.7807,100,
09:40:42,58.79,100,
09:40:44,58.79,800,
09:40:44,58.79,100,
09:40:44,58.79,400,
09:40:45,58.79,100,
09:40:47,58.79,200,
09:40:48,58.79,200,
09:40:48,58.79,100,
09:40:48,58.79,100,
09:40:48,58.79,482,
09:40:48,58.79,100,
09:40:49,58.79,600,
09:40:49,58.79,100,
09:40:49,58.79,100,
09:40:49,58.79,100,
09:40:49,58.79,100,
09:40:49,58.79,100,
09:40:49,58.79,100,
09:40:50,58.79,100,
09:40:50,58.79,100,
09:40:50,58.79,100,
09:40:50,58.79,100,
09:40:50,58.79,100,
09:40:50,58.79,100,
09:40:51,58.79,100,
09:40:51,58.79,100,
09:40:51,58.79,400,
09:40:51,58.79,100,
09:40:51,58.79,100,
09:40:52,58.79,100,
09:40:52,58.79,100,
09:40:52,58.79,1200,
09:40:52,58.79,3200,
09:40:52,58.7925,100,
09:40:54,58.7901,5000,
09:40:56,58.80,200,
09:40:57,58.79,400,
09:41:01,58.79,600,
09:41:01,58.79,200,
09:41:01,58.79,600,
09:41:03,58.79,200,
09:41:05,58.79,100,
09:41:06,58.79,200,
09:41:06,58.79,700,
09:41:08,58.80,200,
09:41:09,58.7907,200,
09:41:10,58.79,100,
09:41:11,58.79,100,
09:41:11,58.79,200,
09:41:11,58.78,200,
09:41:15,58.78,400,
09:41:15,58.78,100,
09:41:15,58.78,200,
09:41:15,58.78,400,
09:41:16,58.79,100,
09:41:17,58.80,100,
09:41:18,58.80,100,
09:41:21,58.80,200,
09:41:21,58.80,110,
09:41:23,58.81,200,
09:41:24,58.80,200,
09:41:24,58.80,100,
09:41:24,58.80,100,
09:41:24,58.80,178,
09:41:24,58.79,1000,
09:41:24,58.79,200,
09:41:24,58.79,600,
09:41:24,58.79,2400,
09:41:24,58.79,6400,
09:41:24,58.79,100,
09:41:24,58.79,600,
09:41:26,58.79,8100,
09:41:26,58.79,100,
09:41:27,58.79,100,
09:41:28,58.79,900,
09:41:28,58.79,500,
09:41:28,58.79,700,
09:41:28,58.79,100,
09:41:29,58.80,200,
09:41:30,58.80,200,
09:41:33,58.80,100,
09:41:33,58.7928,100,
09:41:33,58.791,200,
09:41:36,58.80,200,
09:41:36,58.7972,249,
09:41:39,58.796,500,
09:41:40,58.7905,600,
09:41:42,58.80,100,
09:41:42,58.80,100,
09:41:42,58.80,1000,
09:41:43,58.80,100,
09:41:43,58.80,1460,
09:41:43,58.80,100,
09:41:43,58.805,100,
09:41:44,58.80,100,
09:41:45,58.80,100,
09:41:45,58.80,200,
09:41:47,58.80,200,
09:41:50,58.80,100,
09:41:51,58.80,200,
09:41:52,58.79,100,
09:41:52,58.79,100,
09:41:52,58.79,100,
09:41:52,58.79,800,
09:41:52,58.79,100,
09:41:52,58.795,100,
09:41:52,58.79,100,
09:41:52,58.79,2700,
09:41:52,58.79,1000,
09:41:52,58.79,100,
09:41:52,58.79,1000,
09:41:52,58.79,1600,
09:41:52,58.79,600,
09:41:52,58.79,1200,
09:41:52,58.79,100,
09:41:55,58.78,600,
09:41:59,58.79,400,
09:41:59,58.79,500,
09:42:00,58.79,100,
09:42:00,58.79,800,
09:42:00,58.79,100,
09:42:00,58.79,400,
09:42:00,58.79,300,
09:42:00,58.79,900,
09:42:00,58.79,100,
09:42:00,58.79,100,
09:42:00,58.79,827,
09:42:00,58.79,100,
09:42:00,58.79,800,
09:42:00,58.79,100,
09:42:00,58.79,200,
09:42:00,58.79,700,
09:42:00,58.79,300,
09:42:00,58.79,200,
09:42:00,58.79,815,
09:42:00,58.79,1600,
09:42:00,58.79,2000,
09:42:00,58.79,700,
09:42:00,58.79,100,
09:42:00,58.79,1000,
09:42:00,58.79,100,
09:42:00,58.79,100,
09:42:00,58.79,400,
09:42:00,58.79,200,
09:42:00,58.79,800,
09:42:00,58.79,300,
09:42:00,58.79,600,
09:42:00,58.79,200,
09:42:00,58.79,555,
09:42:00,58.79,100,
09:42:00,58.79,100,
09:42:00,58.79,200,
09:42:00,58.795,100,
09:42:00,58.79,570,
09:42:00,58.79,1200,
09:42:00,58.79,100,
09:42:00,58.80,600,
09:42:00,58.80,315,
09:42:00,58.80,300,
09:42:03,58.80,200,
09:42:04,58.80,285,
09:42:04,58.80,200,
09:42:04,58.80,199,
09:42:05,58.81,340,
09:42:06,58.81,100,
09:42:08,58.81,100,
09:42:09,58.8001,100,
09:42:11,58.81,200,
09:42:11,58.81,100,
09:42:11,58.81,3700,
09:42:11,58.81,1000,
09:42:11,58.81,200,
09:42:11,58.81,100,
09:42:11,58.81,400,
09:42:11,58.81,300,
09:42:11,58.82,400,
09:42:11,58.82,800,
09:42:11,58.82,200,
09:42:11,58.82,400,
09:42:12,58.82,200,
09:42:15,58.82,200,
09:42:16,58.82,100,
09:42:16,58.82,600,
09:42:21,58.8299,5000,
09:42:22,58.82,100,
09:42:27,58.82,200,
09:42:27,58.82,200,
09:42:27,58.82,200,
09:42:27,58.82,100,
09:42:27,58.82,100,
09:42:27,58.8201,400,
09:42:29,58.82,1400,
09:42:29,58.8201,200,
09:42:31,58.82,100,
09:42:33,58.83,126,
09:42:33,58.83,100,
09:42:33,58.83,200,
09:42:33,58.83,300,
09:42:33,58.83,500,
09:42:33,58.83,100,
09:42:34,58.84,600,
09:42:35,58.83,600,
09:42:35,58.83,1300,
09:42:35,58.83,200,
09:42:37,58.83,100,
09:42:40,58.83,100,
09:42:43,58.83,109,
09:42:43,58.83,600,
09:42:45,58.83,200,
09:42:46,58.83,200,
09:42:48,58.83,136,
09:42:48,58.83,200,
09:42:48,58.83,100,
09:42:48,58.83,100,
09:42:48,58.83,1415,
09:43:04,58.83,200,
09:43:05,58.83,100,
09:43:05,58.83,600,
09:43:05,58.835,100,
09:43:05,58.82,200,
09:43:05,58.82,200,
09:43:05,58.82,300,
09:43:05,58.82,200,
09:43:05,58.82,100,
09:43:05,58.83,200,
09:43:05,58.82,600,
09:43:05,58.82,200,
09:43:05,58.83,2000,
09:43:05,58.82,500,
09:43:05,58.825,400,
09:43:05,58.82,100,
09:43:08,58.82,200,
09:43:13,58.829,1000,
09:43:14,58.82,100,
09:43:14,58.81,600,
09:43:17,58.82,200,
09:43:19,58.8129,289,
09:43:21,58.82,200,
09:43:23,58.82,200,
09:43:26,58.82,200,
09:43:29,58.82,200,
09:43:30,58.82,600,
09:43:31,58.82,100,
09:43:31,58.82,3175,
09:43:31,58.82,100,
09:43:31,58.82,400,
09:43:31,58.82,1000,
09:43:31,58.82,100,
09:43:33,58.83,100,
09:43:35,58.826,200,
09:43:36,58.83,100,
09:43:38,58.83,100,
09:43:39,58.83,100,
09:43:41,58.83,200,
09:43:42,58.83,100,
09:43:42,58.821,2000,
09:43:45,58.83,200,
09:43:48,58.825,200,
09:43:50,58.825,200,
09:43:53,58.83,155,
09:43:54,58.829,500,
09:43:55,58.83,200,
09:43:56,58.83,2339,
09:43:59,58.82,235,
09:44:01,58.83,400,
09:44:03,58.822,100,
09:44:06,58.83,200,
09:44:06,58.83,300,
09:44:06,58.83,100,
09:44:07,58.8325,100,
09:44:08,58.83,1500,
09:44:08,58.83,600,
09:44:12,58.83,334,
09:44:12,58.83,500,
09:44:12,58.83,1800,
09:44:12,58.835,100,
09:44:12,58.83,200,
09:44:13,58.83,200,
09:44:16,58.83,200,
09:44:19,58.83,200,
09:44:21,58.829,200,
09:44:22,58.83,100,
09:44:24,58.83,1000,
09:44:27,58.83,100,
09:44:28,58.83,200,
09:44:31,58.83,100,
09:44:33,58.83,200,
09:44:36,58.83,200,
09:44:39,58.83,200,
09:44:40,58.83,100,
09:44:40,58.82,100,
09:44:41,58.82,100,
09:44:41,58.82,100,
09:44:41,58.82,500,
09:44:41,58.82,300,
09:44:41,58.825,100,
09:44:42,58.8138,300,
09:44:45,58.82,200,
09:44:46,58.81,200,
09:44:46,58.815,100,
09:44:46,58.81,100,
09:44:46,58.81,600,
09:44:46,58.81,100,
09:44:46,58.81,200,
09:44:46,58.81,900,
09:44:46,58.81,300,
09:44:46,58.81,600,
09:44:46,58.81,100,
09:44:48,58.81,100,
09:44:53,58.80,200,
09:44:53,58.80,400,
09:44:53,58.80,200,
09:44:54,58.80,400,
09:44:56,58.80,600,
09:44:57,58.80,200,
09:44:57,58.80,200,
09:44:57,58.80,600,
09:44:57,58.80,300,
09:44:57,58.8001,1200,
09:44:58,58.81,200,
09:44:58,58.80,600,
09:44:59,58.80,100,
09:45:00,58.80,300,
09:45:00,58.801,200,
09:45:02,58.805,200,
09:45:05,58.80,100,
09:45:05,58.80,300,
09:45:05,58.80,200,
09:45:05,58.80,200,
09:45:05,58.80,100,
09:45:05,58.80,1000,
09:45:05,58.80,600,
09:45:05,58.80,600,
09:45:05,58.80,100,
09:45:05,58.80,100,
09:45:05,58.80,700,
09:45:05,58.79,100,
09:45:05,58.80,100,
09:45:07,58.80,200,
09:45:09,58.7995,150,
09:45:10,58.80,100,
09:45:11,58.7901,130,
09:45:11,58.80,100,
09:45:12,58.80,200,
09:45:14,58.80,500,
09:45:14,58.80,300,
09:45:15,58.81,100,
09:45:15,58.81,100,
09:45:19,58.805,200,
09:45:21,58.81,300,
09:45:21,58.81,100,
09:45:22,58.82,2100,
09:45:22,58.82,300,
09:45:22,58.82,300,
09:45:24,58.82,100,
09:45:24,58.82,300,
09:45:25,58.82,400,
09:45:25,58.82,300,
09:45:25,58.82,1000,
09:45:25,58.82,100,
09:45:25,58.82,700,
09:45:25,58.82,813,
09:45:28,58.82,100,
09:45:40,58.8298,250,
09:45:41,58.82,100,
09:45:41,58.82,600,
09:45:44,58.81,500,
09:45:44,58.81,1000,
09:45:44,58.82,300,
09:45:44,58.82,300,
09:45:45,58.821,200,
09:45:54,58.83,200,
09:45:54,58.83,200,
09:46:00,58.83,600,
09:46:00,58.83,200,
09:46:02,58.83,200,
09:46:02,58.83,200,
09:46:10,58.82,100,
09:46:10,58.82,200,
09:46:10,58.82,200,
09:46:10,58.82,100,
09:46:10,58.82,100,
09:46:10,58.82,456,
09:46:10,58.82,600,
09:46:10,58.82,1200,
09:46:10,58.82,200,
09:46:10,58.82,800,
09:46:11,58.829,500,
09:46:12,58.82,100,
09:46:13,58.82,300,
09:46:15,58.821,670,
09:46:16,58.82,200,
09:46:16,58.8201,1000,
09:46:16,58.82,200,
09:46:18,58.83,238,
09:46:19,58.83,1200,
09:46:20,58.83,140,
09:46:20,58.83,2560,
09:46:20,58.83,600,
09:46:31,58.83,100,
09:46:31,58.83,100,
09:46:31,58.83,500,
09:46:31,58.835,100,
09:46:37,58.82,100,
09:46:37,58.82,100,
09:46:37,58.82,500,
09:46:37,58.82,100,
09:46:37,58.81,400,
09:46:37,58.82,300,
09:46:46,58.83,149,
09:46:46,58.82,100,
09:46:46,58.82,200,
09:46:46,58.82,100,
09:46:52,58.81,300,
09:46:52,58.81,200,
09:46:52,58.81,100,
09:46:52,58.80,500,
09:46:54,58.80,100,
09:46:55,58.80,200,
09:46:57,58.80,100,
09:46:59,58.81,100,
09:46:59,58.81,400,
09:46:59,58.81,1000,
09:46:59,58.81,1000,
09:47:02,58.80,300,
09:47:02,58.80,200,
09:47:02,58.80,975,
09:47:02,58.80,130,
09:47:03,58.80,945,
09:47:03,58.80,100,
09:47:03,58.80,1570,
09:47:03,58.80,200,
09:47:03,58.80,800,
09:47:06,58.80,100,
09:47:09,58.8098,150,
09:47:20,58.8081,100,
09:47:23,58.81,146,
09:47:24,58.80,800,
09:47:26,58.80,200,
09:47:36,58.8071,100,
09:47:39,58.81,200,
09:47:39,58.81,316,
09:47:56,58.82,158,
09:47:56,58.82,600,
09:47:57,58.83,249,
09:47:57,58.82,100,
09:47:57,58.82,100,
09:47:57,58.82,200,
09:47:57,58.82,300,
09:47:58,58.8295,116,
09:47:59,58.82,200,
09:47:59,58.82,100,
09:47:59,58.82,411,
09:47:59,58.82,205,
09:47:59,58.82,226,
09:47:59,58.82,206,
09:48:00,58.81,313,
09:48:00,58.81,1200,
09:48:00,58.81,187,
09:48:00,58.81,200,
09:48:00,58.81,200,
09:48:00,58.81,600,
09:48:00,58.81,600,
09:48:00,58.81,300,
09:48:00,58.81,500,
09:48:00,58.81,100,
09:48:00,58.81,600,
09:48:00,58.81,1000,
09:48:00,58.81,800,
09:48:00,58.81,400,
09:48:00,58.81,1000,
09:48:00,58.81,400,
09:48:00,58.81,3200,
09:48:00,58.81,487,
09:48:00,58.81,500,
09:48:00,58.81,100,
09:48:00,58.80,400,
09:48:00,58.80,1000,
09:48:00,58.80,200,
09:48:00,58.80,300,
09:48:00,58.81,813,
09:48:00,58.81,600,
09:48:00,58.81,100,
09:48:00,58.81,165,
09:48:00,58.81,100,
09:48:00,58.81,205,
09:48:00,58.81,100,
09:48:00,58.81,300,
09:48:00,58.81,300,
09:48:00,58.81,500,
09:48:00,58.81,100,
09:48:00,58.81,200,
09:48:00,58.81,400,
09:48:00,58.81,300,
09:48:00,58.81,200,
09:48:00,58.81,700,
09:48:00,58.81,300,
09:48:00,58.81,100,
09:48:00,58.81,274,
09:48:00,58.81,200,
09:48:00,58.81,100,
09:48:00,58.81,100,
09:48:00,58.81,300,
09:48:01,58.80,100,
09:48:01,58.80,1200,
09:48:01,58.80,200,
09:48:01,58.80,100,
09:48:01,58.80,1300,
09:48:01,58.80,100,
09:48:01,58.80,800,
09:48:01,58.80,400,
09:48:01,58.80,100,
09:48:01,58.80,700,
09:48:01,58.80,200,
09:48:01,58.80,100,
09:48:01,58.80,100,
09:48:01,58.80,200,
09:48:01,58.80,100,
09:48:01,58.80,100,
09:48:01,58.80,100,
09:48:02,58.80,200,
09:48:02,58.80,100,
09:48:02,58.80,1600,
09:48:02,58.80,536,
09:48:02,58.80,600,
09:48:02,58.80,311,
09:48:02,58.80,100,
09:48:02,58.81,153,
09:48:13,58.80,300,
09:48:28,58.80,226,
09:48:36,58.80,800,
09:48:36,58.80,229,
09:48:36,58.805,100,
09:48:36,58.805,100,
09:48:41,58.79,100,
09:48:41,58.80,100,
09:48:41,58.80,100,
09:48:41,58.80,100,
09:48:41,58.80,300,
09:48:41,58.795,900,
09:48:42,58.80,600,
09:48:42,58.80,200,
09:48:42,58.80,100,
09:48:42,58.81,100,
09:48:42,58.80,400,
09:48:42,58.80,800,
09:48:42,58.80,100,
09:48:42,58.80,100,
09:48:42,58.80,100,
09:48:42,58.80,1700,
09:48:42,58.80,1200,
09:48:42,58.80,1400,
09:48:42,58.80,300,
09:48:42,58.80,1000,
09:48:42,58.80,900,
09:48:42,58.80,600,
09:48:42,58.80,100,
09:48:42,58.80,500,
09:48:42,58.80,100,
09:48:42,58.80,1200,
09:48:42,58.80,300,
09:48:43,58.81,100,
09:48:43,58.81,200,
09:48:43,58.81,400,
09:48:43,58.81,100,
09:48:43,58.81,1200,
09:48:44,58.81,100,
09:48:47,58.81,333,
09:48:47,58.81,100,
09:48:47,58.81,500,
09:48:47,58.81,667,
09:48:54,58.8001,1000,
09:48:59,58.81,100,
09:48:59,58.81,200,
09:49:09,58.81,100,
09:49:09,58.81,200,
09:49:16,58.80,100,
09:49:17,58.8035,280,
09:49:20,58.81,100,
09:49:20,58.81,100,
09:49:25,58.81,300,
09:49:29,58.81,300,
09:49:29,58.81,600,
09:49:29,58.81,1000,
09:49:29,58.82,200,
09:49:29,58.82,100,
09:49:29,58.81,100,
09:49:29,58.81,100,
09:49:29,58.81,300,
09:49:29,58.815,100,
09:49:44,58.81,521,
09:49:44,58.81,100,
09:49:44,58.81,579,
09:49:46,58.82,100,
09:49:47,58.82,200,
09:49:49,58.82,100,
09:49:49,58.82,100,
09:49:49,58.82,100,
09:49:57,58.82,3000,
09:49:57,58.82,300,
09:49:58,58.82,100,
09:49:58,58.82,100,
09:49:58,58.82,300,
09:50:02,58.82,200,
09:50:05,58.82,100,
09:50:05,58.82,200,
09:50:05,58.825,100,
09:50:05,58.81,200,
09:50:12,58.82,600,
09:50:12,58.82,100,
09:50:12,58.82,2000,
09:50:12,58.82,800,
09:50:16,58.81,100,
09:50:16,58.82,600,
09:50:16,58.82,100,
09:50:17,58.82,100,
09:50:18,58.82,100,
09:50:18,58.82,200,
09:50:18,58.82,100,
09:50:20,58.82,1000,
09:50:20,58.82,2002,
09:50:20,58.82,237,
09:50:20,58.82,500,
09:50:20,58.82,3000,
09:50:20,58.825,100,
09:50:20,58.82,400,
09:50:21,58.82,600,
09:50:23,58.82,478,
09:50:24,58.82,400,
09:50:24,58.82,800,
09:50:24,58.82,2837,
09:50:24,58.82,100,
09:50:24,58.82,1000,
09:50:25,58.82,700,
09:50:25,58.82,159,
09:50:25,58.82,500,
09:50:25,58.82,600,
09:50:25,58.82,400,
09:50:25,58.82,400,
09:50:26,58.8225,100,
09:50:26,58.825,100,
09:50:26,58.82,2700,
09:50:26,58.82,100,
09:50:26,58.825,300,
09:50:26,58.82,100,
09:50:26,58.82,300,
09:50:26,58.8201,1100,
09:50:27,58.82,300,
09:50:29,58.82,1000,
09:50:29,58.82,400,
09:50:30,58.82,300,
09:50:42,58.81,100,
09:50:48,58.8108,200,
09:50:50,58.81,200,
09:50:50,58.81,100,
09:50:50,58.81,114,
09:50:50,58.81,600,
09:50:50,58.81,214,
09:50:50,58.815,100,
09:50:51,58.81,900,
09:50:51,58.8125,350,
09:50:51,58.8165,126,
09:50:52,58.81,900,
09:50:52,58.81,600,
09:50:52,58.81,900,
09:50:52,58.81,300,
09:50:52,58.81,300,
09:50:52,58.81,500,
09:50:52,58.81,300,
09:50:52,58.81,1200,
09:50:52,58.81,600,
09:50:52,58.81,300,
09:50:52,58.81,1000,
09:50:52,58.81,1000,
09:50:52,58.81,1672,
09:50:54,58.81,1800,
09:50:54,58.81,300,
09:51:01,58.811,500,
09:51:04,58.81,100,
09:51:04,58.81,300,
09:51:08,58.81,1000,
09:51:08,58.81,100,
09:51:15,58.81,100,
09:51:24,58.80,100,
09:51:24,58.80,1000,
09:51:24,58.80,600,
09:51:24,58.805,100,
09:51:30,58.80,500,
09:51:30,58.80,300,
09:51:30,58.80,400,
09:51:30,58.80,1000,
09:51:30,58.80,100,
09:51:30,58.80,400,
09:51:34,58.809,300,
09:51:35,58.80,100,
09:51:48,58.80,100,
09:51:49,58.805,100,
09:51:53,58.80,200,
09:51:54,58.80,100,
09:51:54,58.80,100,
09:51:55,58.805,100,
09:51:58,58.80,200,
09:51:59,58.80,100,
09:51:59,58.80,100,
09:51:59,58.80,100,
09:51:59,58.80,100,
09:51:59,58.80,400,
09:51:59,58.80,300,
09:51:59,58.805,100,
09:52:04,58.80,109,
09:52:04,58.80,100,
09:52:09,58.8001,400,
09:52:11,58.80,100,
09:52:17,58.8083,200,
09:52:18,58.81,100,
09:52:18,58.81,600,
09:52:18,58.80,400,
09:52:19,58.806,200,
09:52:19,58.8025,100,
09:52:25,58.80,241,
09:52:25,58.80,800,
09:52:25,58.80,100,
09:52:25,58.80,200,
09:52:25,58.80,200,
09:52:25,58.80,600,
09:52:25,58.80,559,
09:52:25,58.805,100,
09:52:25,58.80,800,
09:52:25,58.80,100,
09:52:25,58.805,300,
09:52:25,58.80,200,
09:52:25,58.80,100,
09:52:28,58.80,600,
09:52:28,58.80,300,
09:52:28,58.80,1000,
09:52:28,58.80,200,
09:52:28,58.80,100,
09:52:28,58.80,113,
09:52:28,58.80,400,
09:52:28,58.81,200,
09:52:28,58.81,100,
09:52:28,58.81,300,
09:52:35,58.81,100,
09:52:39,58.806,200,
09:52:41,58.81,200,
09:52:43,58.81,200,
09:52:46,58.81,100,
09:52:46,58.81,200,
09:52:46,58.816,6000,
09:52:54,58.82,500,
09:52:59,58.811,4000,
09:53:01,58.81,1523,
09:53:01,58.81,600,
09:53:01,58.81,300,
09:53:01,58.81,400,
09:53:06,58.8171,100,
09:53:08,58.81,226,
09:53:09,58.815,100,
09:53:09,58.81,100,
09:53:09,58.81,200,
09:53:09,58.8101,1900,
09:53:09,58.81,100,
09:53:09,58.82,700,
09:53:11,58.81,100,
09:53:19,58.8101,100,
09:53:22,58.82,200,
09:53:22,58.82,200,
09:53:24,58.82,100,
09:53:24,58.82,100,
09:53:24,58.82,100,
09:53:24,58.82,100,
09:53:36,58.82,100,
09:53:39,58.82,1900,
09:53:39,58.82,100,
09:53:39,58.82,1000,
09:53:40,58.82,700,
09:53:40,58.82,200,
09:53:41,58.825,100,
09:53:41,58.825,100,
09:53:41,58.82,100,
09:53:41,58.825,100,
09:53:41,58.82,300,
09:53:41,58.82,300,
09:53:42,58.82,198,
09:53:43,58.82,772,
09:53:43,58.82,226,
09:53:43,58.82,300,
09:53:47,58.82,813,
09:53:52,58.82,1010,
09:53:52,58.82,205,
09:53:52,58.82,206,
09:53:57,58.82,200,
09:53:57,58.82,100,
09:53:59,58.82,100,
09:54:00,58.825,100,
09:54:00,58.83,200,
09:54:00,58.82,100,
09:54:00,58.82,100,
09:54:00,58.82,100,
09:54:03,58.82,226,
09:54:05,58.825,200,
09:54:06,58.8299,2000,
09:54:06,58.82,200,
09:54:06,58.82,100,
09:54:06,58.82,100,
09:54:13,58.825,100,
09:54:15,58.82,100,
09:54:16,58.82,460,
09:54:16,58.82,140,
09:54:16,58.82,100,
09:54:16,58.82,100,
09:54:18,58.825,200,
09:54:18,58.82,100,
09:54:20,58.82,100,
09:54:20,58.82,2400,
09:54:20,58.82,1000,
09:54:20,58.82,5900,
09:54:20,58.82,1700,
09:54:20,58.82,1000,
09:54:20,58.82,200,
09:54:20,58.82,2000,
09:54:20,58.81,300,
09:54:20,58.82,100,
09:54:21,58.82,300,
09:54:21,58.82,1100,
09:54:21,58.81,100,
09:54:21,58.81,300,
09:54:21,58.81,500,
09:54:21,58.81,100,
09:54:21,58.81,3400,
09:54:24,58.81,400,
09:54:27,58.82,200,
09:54:29,58.812,150,
09:54:31,58.81,400,
09:54:40,58.81,900,
09:54:43,58.82,300,
09:54:43,58.82,300,
09:54:44,58.82,200,
09:54:44,58.82,100,
09:54:47,58.825,100,
09:54:48,58.826,200,
09:54:48,58.82,600,
09:54:48,58.82,100,
09:54:48,58.82,100,
09:54:48,58.82,166,
09:54:48,58.82,100,
09:54:48,58.82,300,
09:54:48,58.82,100,
09:54:48,58.82,8100,
09:54:48,58.82,500,
09:54:48,58.82,300,
09:54:48,58.82,300,
09:54:48,58.8199,200,
09:54:48,58.82,300,
09:54:48,58.82,1200,
09:54:48,58.82,200,
09:54:48,58.82,200,
09:54:48,58.82,100,
09:54:49,58.821,300,
09:54:49,58.82,200,
09:54:53,58.815,100,
09:54:53,58.815,100,
09:54:53,58.815,100,
09:54:55,58.815,100,
09:54:56,58.81,600,
09:54:57,58.815,100,
09:55:05,58.82,100,
09:55:05,58.82,100,
09:55:05,58.82,5000,
09:55:05,58.82,100,
09:55:05,58.82,600,
09:55:05,58.82,200,
09:55:10,58.81,1600,
09:55:11,58.81,400,
09:55:11,58.815,1100,
09:55:11,58.81,972,
09:55:11,58.81,872,
09:55:11,58.81,100,
09:55:11,58.81,500,
09:55:11,58.815,800,
09:55:11,58.815,2800,
09:55:11,58.81,100,
09:55:11,58.815,100,
09:55:11,58.81,300,
09:55:11,58.81,500,
09:55:11,58.815,150,
09:55:11,58.815,150,
09:55:11,58.815,100,
09:55:11,58.815,500,
09:55:13,58.81,100,
09:55:15,58.80,100,
09:55:15,58.80,200,
09:55:15,58.805,200,
09:55:17,58.808,200,
09:55:17,58.8088,400,
09:55:17,58.8089,300,
09:55:21,58.80,100,
09:55:21,58.805,150,
09:55:21,58.80,600,
09:55:21,58.80,300,
09:55:21,58.80,100,
09:55:21,58.805,100,
09:55:21,58.80,400,
09:55:21,58.805,100,
09:55:21,58.80,300,
09:55:21,58.805,150,
09:55:21,58.805,600,
09:55:21,58.80,600,
09:55:21,58.80,400,
09:55:21,58.805,4100,
09:55:21,58.80,100,
09:55:21,58.80,500,
09:55:21,58.80,500,
09:55:21,58.80,500,
09:55:21,58.80,100,
09:55:21,58.80,100,
09:55:21,58.80,400,
09:55:21,58.805,100,
09:55:24,58.79,200,
09:55:24,58.79,1000,
09:55:24,58.79,1400,
09:55:24,58.79,200,
09:55:24,58.79,100,
09:55:24,58.79,800,
09:55:24,58.79,800,
09:55:24,58.79,813,
09:55:24,58.805,300,
09:55:24,58.795,400,
09:55:24,58.79,100,
09:55:24,58.79,387,
09:55:24,58.795,500,
09:55:24,58.79,1000,
09:55:24,58.79,400,
09:55:24,58.79,400,
09:55:24,58.79,100,
09:55:24,58.79,1400,
09:55:24,58.79,2691,
09:55:24,58.79,100,
09:55:24,58.79,209,
09:55:24,58.79,100,
09:55:24,58.79,104,
09:55:24,58.79,209,
09:55:24,58.79,500,
09:55:24,58.795,800,
09:55:24,58.79,400,
09:55:24,58.79,396,
09:55:24,58.795,400,
09:55:24,58.79,100,
09:55:24,58.79,100,
09:55:24,58.79,100,
09:55:24,58.795,300,
09:55:24,58.795,100,
09:55:24,58.795,100,
09:55:24,58.79,100,
09:55:25,58.795,100,
09:55:26,58.795,500,
09:55:27,58.79,8000,
09:55:27,58.79,400,
09:55:27,58.79,300,
09:55:27,58.79,100,
09:55:27,58.79,400,
09:55:27,58.79,1000,
09:55:27,58.79,100,
09:55:27,58.79,800,
09:55:27,58.79,400,
09:55:27,58.79,200,
09:55:27,58.80,100,
09:55:27,58.80,300,
09:55:27,58.80,3400,
09:55:27,58.80,8200,
09:55:27,58.80,400,
09:55:27,58.80,500,
09:55:27,58.80,400,
09:55:27,58.80,800,
09:55:27,58.80,815,
09:55:27,58.80,400,
09:55:27,58.80,200,
09:55:27,58.80,800,
09:55:27,58.80,200,
09:55:27,58.80,1000,
09:55:27,58.80,400,
09:55:27,58.80,300,
09:55:27,58.80,600,
09:55:27,58.80,600,
09:55:27,58.80,13000,
09:55:27,58.80,1000,
09:55:27,58.80,100,
09:55:27,58.80,4500,
09:55:27,58.80,1000,
09:55:27,58.80,600,
09:55:27,58.80,200,
09:55:27,58.80,200,
09:55:27,58.80,700,
09:55:27,58.80,100,
09:55:27,58.80,100,
09:55:27,58.80,1000,
09:55:27,58.81,600,
09:55:27,58.80,106,
09:55:28,58.81,800,
09:55:28,58.81,400,
09:55:28,58.81,400,
09:55:28,58.81,300,
09:55:28,58.80,200,
09:55:28,58.80,100,
09:55:28,58.80,100,
09:55:28,58.80,400,
09:55:28,58.80,700,
09:55:38,58.801,1000,
09:55:40,58.81,600,
09:55:41,58.80,100,
09:55:41,58.80,300,
09:55:44,58.80,1560,
09:55:47,58.80,100,
09:55:47,58.80,950,
09:55:47,58.80,100,
09:55:47,58.80,1050,
09:55:47,58.80,600,
09:55:47,58.80,2150,
09:55:47,58.80,1000,
09:55:47,58.80,1964,
09:55:47,58.80,1736,
09:55:47,58.80,100,
09:55:47,58.80,400,
09:55:47,58.805,100,
09:55:47,58.80,200,
09:55:47,58.80,132,
09:55:47,58.80,153,
09:55:47,58.80,1000,
09:55:47,58.80,100,
09:55:47,58.80,919,
09:55:49,58.80,100,
09:55:49,58.80,200,
09:55:49,58.81,200,
09:55:49,58.80,400,
09:55:49,58.80,200,
09:55:49,58.80,400,
09:55:49,58.80,100,
09:55:49,58.80,100,
09:55:49,58.80,100,
09:55:49,58.80,100,
09:55:49,58.80,100,
09:55:49,58.80,600,
09:55:49,58.80,100,
09:55:49,58.80,100,
09:55:49,58.81,100,
09:55:49,58.80,300,
09:55:51,58.81,200,
09:55:51,58.81,200,
09:55:51,58.81,300,
09:55:54,58.80,300,
09:55:54,58.80,280,
09:55:54,58.80,100,
09:55:54,58.80,300,
09:55:54,58.80,200,
09:55:58,58.80,1000,
09:55:58,58.80,600,
09:55:58,58.80,600,
09:55:58,58.801,1150,
09:56:05,58.80,100,
09:56:05,58.80,200,
09:56:05,58.80,100,
09:56:18,58.81,500,
09:56:18,58.81,100,
09:56:18,58.81,200,
09:56:19,58.80,100,
09:56:19,58.80,200,
09:56:19,58.80,200,
09:56:19,58.80,600,
09:56:19,58.805,100,
09:56:19,58.80,300,
09:56:19,58.80,300,
09:56:31,58.80,300,
09:56:31,58.80,300,
09:56:31,58.80,400,
09:56:31,58.80,700,
09:56:31,58.80,891,
09:56:31,58.80,791,
09:56:33,58.80,100,
09:56:43,58.80,600,
09:56:58,58.79,100,
09:56:58,58.79,700,
09:56:58,58.79,1300,
09:56:58,58.79,400,
09:56:58,58.79,700,
09:56:58,58.79,100,
09:57:01,58.80,100,
09:57:01,58.80,100,
09:57:01,58.80,100,
09:57:06,58.79,300,
09:57:06,58.79,133,
09:57:14,58.795,200,
09:57:16,58.79,3800,
09:57:16,58.79,200,
09:57:16,58.79,800,
09:57:16,58.79,1000,
09:57:16,58.79,100,
09:57:16,58.79,200,
09:57:16,58.79,305,
09:57:16,58.79,4700,
09:57:16,58.79,200,
09:57:16,58.79,200,
09:57:16,58.79,100,
09:57:16,58.79,200,
09:57:16,58.79,100,
09:57:16,58.79,600,
09:57:16,58.795,100,
09:57:16,58.79,100,
09:57:16,58.79,100,
09:57:16,58.79,100,
09:57:16,58.79,300,
09:57:17,58.78,1300,
09:57:18,58.78,300,
09:57:18,58.78,100,
09:57:18,58.78,500,
09:57:18,58.78,11400,
09:57:21,58.78,226,
09:57:25,58.78,300,
09:57:29,58.7801,7000,
09:57:31,58.78,1000,
09:57:31,58.78,200,
09:57:31,58.78,100,
09:57:31,58.78,100,
09:57:31,58.78,100,
09:57:31,58.78,100,
09:57:31,58.78,925,
09:57:31,58.78,100,
09:57:31,58.785,100,
09:57:31,58.78,200,
09:57:33,58.77,200,
09:57:33,58.77,100,
09:57:33,58.77,200,
09:57:33,58.77,700,
09:57:41,58.77,100,
09:57:42,58.77,400,
09:57:42,58.77,1012,
09:57:42,58.77,800,
09:57:42,58.77,800,
09:57:42,58.77,500,
09:57:42,58.77,800,
09:57:42,58.77,200,
09:57:42,58.77,800,
09:57:42,58.77,600,
09:57:42,58.77,100,
09:57:42,58.77,100,
09:57:42,58.77,100,
09:57:42,58.77,100,
09:57:42,58.775,900,
09:57:42,58.77,600,
09:57:42,58.77,4200,
09:57:42,58.77,500,
09:57:42,58.77,100,
09:57:42,58.77,4600,
09:57:48,58.76,504,
09:57:48,58.76,300,
09:58:03,58.7601,500,
09:58:06,58.77,200,
09:58:07,58.765,100,
09:58:07,58.765,100,
09:58:07,58.765,100,
09:58:07,58.765,100,
09:58:07,58.765,100,
09:58:07,58.76,100,
09:58:07,58.765,100,
09:58:07,58.76,800,
09:58:07,58.76,800,
09:58:08,58.77,300,
09:58:08,58.77,200,
09:58:11,58.77,100,
09:58:11,58.77,200,
09:58:11,58.77,300,
09:58:11,58.77,400,
09:58:11,58.77,1200,
09:58:11,58.77,100,
09:58:11,58.77,200,
09:58:11,58.77,1000,
09:58:11,58.77,285,
09:58:11,58.77,800,
09:58:11,58.77,200,
09:58:11,58.77,300,
09:58:11,58.77,200,
09:58:11,58.77,100,
09:58:11,58.77,200,
09:58:11,58.77,300,
09:58:12,58.761,500,
09:58:17,58.77,205,
09:58:18,58.77,100,
09:58:18,58.77,200,
09:58:20,58.77,300,
09:58:20,58.77,600,
09:58:20,58.77,600,
09:58:20,58.77,400,
09:58:20,58.77,300,
09:58:20,58.78,400,
09:58:20,58.78,300,
09:58:20,58.7781,400,
09:58:26,58.78,200,
09:58:26,58.78,3323,
09:58:27,58.78,157,
09:58:28,58.77,900,
09:58:34,58.78,122,
09:58:34,58.78,400,
09:58:34,58.78,100,
09:58:40,58.775,100,
09:58:40,58.775,100,
09:58:40,58.775,100,
09:58:44,58.77,100,
09:58:44,58.77,200,
09:58:47,58.77,113,
09:58:50,58.78,100,
09:58:50,58.77,475,
09:58:55,58.78,300,
09:58:57,58.77,100,
09:58:57,58.77,111,
09:58:59,58.77,100,
09:59:05,58.77,200,
09:59:05,58.77,500,
09:59:05,58.77,100,
09:59:05,58.77,300,
09:59:16,58.76,500,
09:59:16,58.77,200,
09:59:16,58.77,300,
09:59:19,58.77,1000,
09:59:19,58.77,300,
09:59:19,58.77,100,
09:59:20,58.77,400,
09:59:20,58.77,600,
09:59:20,58.77,500,
09:59:20,58.77,600,
09:59:20,58.77,100,
09:59:20,58.77,600,
09:59:20,58.78,400,
09:59:20,58.78,100,
09:59:20,58.78,278,
09:59:33,58.778,250,
09:59:35,58.77,800,
09:59:35,58.77,100,
09:59:35,58.77,400,
09:59:35,58.77,200,
09:59:35,58.77,600,
09:59:35,58.77,300,
09:59:35,58.77,433,
09:59:39,58.77,226,
09:59:40,58.77,600,
09:59:40,58.77,100,
09:59:40,58.77,100,
09:59:40,58.77,100,
09:59:50,58.77,500,
09:59:50,58.77,1000,
09:59:50,58.77,8000,
09:59:50,58.77,100,
09:59:50,58.77,300,
09:59:50,58.77,100,
09:59:50,58.77,400,
09:59:50,58.77,300,
09:59:50,58.77,600,
09:59:50,58.77,1600,
09:59:50,58.77,400,
09:59:51,58.76,100,
09:59:54,58.77,100,
09:59:55,58.78,200,
09:59:59,58.78,600,
09:59:59,58.78,100,
09:59:59,58.78,100,
09:59:59,58.78,2500,
09:59:59,58.78,100,
09:59:59,58.78,100,
09:59:59,58.78,396,
09:59:59,58.78,500,
09:59:59,58.78,300,
09:59:59,58.78,970,
09:59:59,58.78,300,
09:59:59,58.78,260,
10:00:01,58.78,100,
10:00:01,58.78,1000,
10:00:01,58.78,600,
10:00:01,58.78,200,
10:00:01,58.78,200,
10:00:01,58.78,100,
10:00:01,58.78,600,
10:00:01,58.78,100,
10:00:01,58.78,1000,
10:00:01,58.78,800,
10:00:01,58.78,800,
10:00:01,58.78,2000,
10:00:01,58.78,1700,
10:00:01,58.78,300,
10:00:01,58.78,600,
10:00:01,58.77,815,
10:00:01,58.77,700,
10:00:01,58.77,400,
10:00:01,58.77,100,
10:00:01,58.77,1000,
10:00:01,58.77,100,
10:00:01,58.77,400,
10:00:01,58.77,185,
10:00:01,58.77,200,
10:00:01,58.77,2655,
10:00:01,58.77,1000,
10:00:01,58.77,200,
10:00:01,58.77,200,
10:00:01,58.77,100,
10:00:01,58.77,400,
10:00:01,58.77,7755,
10:00:01,58.77,100,
10:00:01,58.77,300,
10:00:01,58.78,200,
10:00:01,58.77,300,
10:00:01,58.77,100,
10:00:01,58.77,13000,
10:00:01,58.78,800,
10:00:01,58.77,1000,
10:00:01,58.77,300,
10:00:02,58.77,400,
10:00:02,58.77,100,
10:00:06,58.771,5000,
10:00:16,58.77,600,
10:00:16,58.77,300,
10:00:16,58.77,343,
10:00:16,58.77,400,
10:00:16,58.77,400,
10:00:17,58.78,350,
10:00:17,58.77,200,
10:00:17,58.77,661,
10:00:17,58.77,800,
10:00:21,58.7601,500,
10:00:25,58.76,200,
10:00:25,58.76,200,
10:00:25,58.76,100,
10:00:25,58.76,100,
10:00:25,58.76,200,
10:00:25,58.76,2000,
10:00:28,58.756,660,
10:00:31,58.75,100,
10:00:31,58.75,100,
10:00:31,58.75,100,
10:00:31,58.75,100,
10:00:33,58.74,5000,
10:00:33,58.74,200,
10:00:34,58.74,100,
10:00:37,58.75,400,
10:00:37,58.75,300,
10:00:37,58.75,100,
10:00:37,58.75,100,
10:00:37,58.75,631,
10:00:41,58.751,300,
10:00:46,58.76,1900,
10:00:46,58.76,300,
10:00:46,58.76,400,
10:00:47,58.76,600,
10:00:47,58.76,200,
10:00:47,58.76,200,
10:00:48,58.77,100,
10:00:58,58.76,100,
10:00:58,58.76,200,
10:01:01,58.751,200,
10:01:02,58.7525,100,
10:01:02,58.751,300,
10:01:04,58.76,100,
10:01:04,58.76,100,
10:01:04,58.76,100,
10:01:04,58.76,200,
10:01:04,58.755,1200,
10:01:04,58.759,800,
10:01:04,58.76,600,
10:01:04,58.77,400,
10:01:04,58.77,100,
10:01:04,58.77,500,
10:01:04,58.76,100,
10:01:04,58.76,700,
10:01:04,58.76,700,
10:01:04,58.76,500,
10:01:06,58.76,100,
10:01:06,58.76,200,
10:01:07,58.76,500,
10:01:07,58.76,900,
10:01:07,58.76,400,
10:01:09,58.76,200,
10:01:09,58.76,500,
10:01:09,58.76,100,
10:01:11,58.76,600,
10:01:13,58.76,100,
10:01:13,58.76,100,
10:01:13,58.75,1000,
10:01:13,58.75,500,
10:01:13,58.75,300,
10:01:14,58.75,100,
10:01:14,58.75,200,
10:01:14,58.75,100,
10:01:14,58.75,100,
10:01:14,58.75,100,
10:01:14,58.74,3100,
10:01:14,58.74,100,
10:01:15,58.742,100,
10:01:16,58.74,200,
10:01:20,58.74,100,
10:01:20,58.74,100,
10:01:20,58.74,100,
10:01:21,58.74,100,
10:01:21,58.7401,300,
10:01:21,58.74,600,
10:01:21,58.74,200,
10:01:21,58.73,500,
10:01:21,58.73,100,
10:01:22,58.73,1000,
10:01:22,58.73,100,
10:01:22,58.73,200,
10:01:22,58.73,1000,
10:01:22,58.73,100,
10:01:22,58.73,100,
10:01:22,58.73,400,
10:01:22,58.73,100,
10:01:22,58.74,100,
10:01:22,58.73,2000,
10:01:22,58.73,200,
10:01:22,58.72,600,
10:01:22,58.72,100,
10:01:22,58.72,815,
10:01:22,58.72,400,
10:01:22,58.72,500,
10:01:22,58.72,100,
10:01:22,58.72,100,
10:01:22,58.73,400,
10:01:22,58.72,1000,
10:01:23,58.72,200,
10:01:23,58.7201,5000,
10:01:24,58.72,600,
10:01:25,58.7101,500,
10:01:27,58.72,300,
10:01:28,58.7176,100,
10:01:29,58.72,100,
10:01:29,58.72,300,
10:01:29,58.72,100,
10:01:29,58.72,600,
10:01:29,58.72,1200,
10:01:29,58.72,1300,
10:01:29,58.72,100,
10:01:29,58.72,300,
10:01:29,58.715,100,
10:01:29,58.72,200,
10:01:30,58.72,160,
10:01:32,58.76,100,
10:01:34,58.73,5000,
10:01:39,58.73,100,
10:01:40,58.72,100,
10:01:40,58.72,300,
10:01:40,58.72,208,
10:01:41,58.71,400,
10:01:41,58.71,100,
10:01:41,58.71,100,
10:01:41,58.71,100,
10:01:42,58.71,1359,
10:01:42,58.71,100,
10:01:42,58.71,400,
10:01:42,58.71,100,
10:01:42,58.70,200,
10:01:42,58.70,100,
10:01:44,58.71,200,
10:01:44,58.71,100,
10:01:44,58.71,400,
10:01:44,58.71,600,
10:01:44,58.7099,100,
10:01:45,58.71,200,
10:01:45,58.71,100,
10:01:47,58.71,900,
10:01:48,58.71,1000,
10:01:48,58.71,400,
10:01:48,58.71,100,
10:01:50,58.71,400,
10:01:50,58.71,300,
10:01:52,58.71,100,
10:01:52,58.71,100,
10:01:52,58.71,400,
10:01:52,58.71,4900,
10:01:55,58.7096,100,
10:01:58,58.71,100,
10:01:58,58.71,600,
10:01:58,58.72,215,
10:02:01,58.72,100,
10:02:01,58.72,400,
10:02:01,58.72,385,
10:02:01,58.72,100,
10:02:03,58.725,200,
10:02:04,58.722,1200,
10:02:06,58.73,5000,
10:02:07,58.72,300,
10:02:07,58.72,300,
10:02:12,58.715,283,
10:02:12,58.715,198,
10:02:16,58.71,1000,
10:02:16,58.71,300,
10:02:16,58.71,100,
10:02:16,58.71,100,
10:02:17,58.71,300,
10:02:17,58.71,700,
10:02:18,58.7029,350,
10:02:24,58.71,400,
10:02:24,58.71,729,
10:02:24,58.71,200,
10:02:26,58.71,600,
10:02:26,58.71,600,
10:02:26,58.71,185,
10:02:27,58.72,1100,
10:02:27,58.72,1000,
10:02:28,58.71,200,
10:02:28,58.71,400,
10:02:30,58.71,200,
10:02:30,58.71,400,
10:02:30,58.71,100,
10:02:30,58.70,200,
10:02:30,58.71,100,
10:02:30,58.71,100,
10:02:39,58.709,150,
10:02:44,58.70,5000,
10:02:49,58.70,400,
10:02:49,58.70,200,
10:02:49,58.70,200,
10:02:49,58.70,200,
10:02:49,58.70,2900,
10:02:50,58.70,252,
10:02:55,58.70,100,
10:02:57,58.70,100,
10:03:00,58.70,197,
10:03:00,58.70,100,
10:03:15,58.71,100,
10:03:21,58.71,200,
10:03:21,58.71,300,
10:03:24,58.72,1700,
10:03:24,58.72,800,
10:03:24,58.72,600,
10:03:24,58.72,800,
10:03:24,58.73,1000,
10:03:25,58.72,600,
10:03:25,58.72,1000,
10:03:25,58.72,300,
10:03:25,58.72,1000,
10:03:25,58.72,300,
10:03:25,58.7101,1000,
10:03:25,58.72,1900,
10:03:33,58.71,700,
10:03:33,58.71,100,
10:03:37,58.72,1600,
10:03:44,58.71,200,
10:03:44,58.71,400,
10:03:44,58.71,300,
10:03:44,58.71,1000,
10:03:44,58.71,500,
10:03:45,58.72,600,
10:03:45,58.72,600,
10:03:46,58.72,400,
10:03:46,58.72,300,
10:03:48,58.72,400,
10:03:48,58.72,200,
10:03:48,58.72,100,
10:03:48,58.72,400,
10:03:48,58.72,1000,
10:03:48,58.72,1000,
10:03:48,58.72,300,
10:03:48,58.72,200,
10:03:54,58.72,400,
10:03:56,58.73,200,
10:04:01,58.73,200,
10:04:01,58.73,206,
10:04:01,58.73,300,
10:04:01,58.73,100,
10:04:01,58.73,100,
10:04:01,58.73,100,
10:04:01,58.73,100,
10:04:01,58.73,100,
10:04:01,58.73,106,
10:04:01,58.73,600,
10:04:01,58.73,200,
10:04:01,58.73,400,
10:04:01,58.73,600,
10:04:01,58.73,100,
10:04:01,58.7288,100,
10:04:02,58.73,400,
10:04:02,58.73,100,
10:04:02,58.73,100,
10:04:03,58.73,200,
10:04:07,58.735,100,
10:04:16,58.74,700,
10:04:17,58.73,300,
10:04:17,58.73,100,
10:04:17,58.73,400,
10:04:17,58.73,300,
10:04:17,58.73,900,
10:04:17,58.73,100,
10:04:17,58.73,100,
10:04:20,58.73,200,
10:04:24,58.74,800,
10:04:31,58.74,100,
10:04:31,58.74,100,
10:04:31,58.74,500,
10:04:31,58.74,1300,
10:04:32,58.735,100,
10:04:32,58.735,112,
10:04:32,58.735,100,
10:04:33,58.73,500,
10:04:34,58.73,100,
10:04:34,58.73,200,
10:04:34,58.73,400,
10:04:34,58.73,100,
10:04:34,58.73,100,
10:04:37,58.7293,150,
10:04:40,58.73,100,
10:04:40,58.73,200,
10:04:40,58.73,400,
10:04:40,58.73,400,
10:04:40,58.73,600,
10:04:41,58.73,289,
10:04:41,58.73,105,
10:04:41,58.73,879,
10:04:51,58.74,100,
10:04:55,58.7371,3250,
10:05:00,58.74,800,
10:05:05,58.74,200,
10:05:06,58.73,1000,
10:05:06,58.73,500,
10:05:06,58.73,200,
10:05:06,58.73,100,
10:05:06,58.73,100,
10:05:10,58.724,100,
10:05:11,58.7271,500,
10:05:12,58.72,600,
10:05:12,58.72,1000,
10:05:12,58.72,600,
10:05:13,58.7215,200,
10:05:15,58.73,100,
10:05:15,58.73,100,
10:05:15,58.73,100,
10:05:15,58.73,600,
10:05:16,58.72,500,
10:05:17,58.721,100,
10:05:19,58.72,300,
10:05:26,58.7207,150,
10:05:27,58.73,294,
10:05:27,58.73,100,
10:05:27,58.73,300,
10:05:31,58.735,100,
10:05:31,58.735,100,
10:05:31,58.735,100,
10:05:33,58.7301,100,
10:05:35,58.73,113,
10:05:38,58.73,100,
10:05:40,58.73,100,
10:05:40,58.73,782,
10:05:40,58.73,300,
10:05:42,58.725,200,
10:05:44,58.73,100,
10:05:47,58.726,500,
10:05:47,58.73,300,
10:05:47,58.73,300,
10:05:49,58.73,200,
10:05:49,58.73,200,
10:05:53,58.73,300,
10:05:53,58.73,100,
10:05:53,58.73,100,
10:05:54,58.72,200,
10:05:54,58.72,100,
10:05:54,58.72,100,
10:05:54,58.72,200,
10:05:58,58.71,400,
10:06:06,58.716,2000,
10:06:13,58.72,200,
10:06:13,58.71,200,
10:06:13,58.715,100,
10:06:13,58.715,100,
10:06:16,58.72,300,
10:06:16,58.72,800,
10:06:18,58.72,206,
10:06:23,58.72,800,
10:06:23,58.72,300,
10:06:23,58.72,900,
10:06:23,58.72,189,
10:06:25,58.72,100,
10:06:27,58.73,300,
10:06:29,58.72,200,
10:06:40,58.73,324,
10:06:40,58.73,100,
10:06:42,58.73,1000,
10:06:49,58.735,200,
10:06:58,58.74,1000,
10:06:58,58.74,1000,
10:06:58,58.74,400,
10:06:58,58.74,200,
10:06:58,58.74,200,
10:06:58,58.74,100,
10:07:00,58.74,363,
10:07:03,58.74,100,
10:07:08,58.73,100,
10:07:08,58.73,100,
10:07:13,58.73,100,
10:07:13,58.73,100,
10:07:20,58.74,100,
10:07:26,58.75,1000,
10:07:26,58.75,100,
10:07:26,58.75,200,
10:07:26,58.75,100,
10:07:26,58.75,1600,
10:07:27,58.75,100,
10:07:30,58.7402,100,
10:07:31,58.74,100,
10:07:31,58.74,100,
10:07:31,58.74,100,
10:07:31,58.74,500,
10:07:31,58.74,200,
10:07:31,58.74,974,
10:07:31,58.74,115,
10:07:31,58.74,285,
10:07:31,58.74,400,
10:07:31,58.74,400,
10:07:33,58.73,100,
10:07:33,58.73,200,
10:07:40,58.73,300,
10:07:40,58.73,200,
10:07:48,58.73,100,
10:07:48,58.73,100,
10:07:49,58.74,600,
10:07:49,58.74,400,
10:07:49,58.74,600,
10:07:52,58.74,400,
10:07:55,58.74,1000,
10:08:00,58.76,200,
10:08:00,58.76,800,
10:08:00,58.75,100,
10:08:00,58.75,100,
10:08:00,58.76,1000,
10:08:00,58.76,8000,
10:08:04,58.76,160,
10:08:06,58.75,200,
10:08:06,58.75,500,
10:08:06,58.75,700,
10:08:07,58.74,200,
10:08:07,58.74,100,
10:08:07,58.74,600,
10:08:07,58.74,100,
10:08:07,58.74,100,
10:08:07,58.74,100,
10:08:08,58.74,100,
10:08:09,58.74,300,
10:08:09,58.747,100,
10:08:09,58.7474,300,
10:08:09,58.7474,300,
10:08:09,58.7475,500,
10:08:10,58.74,100,
10:08:10,58.74,100,
10:08:10,58.74,100,
10:08:15,58.74,100,
10:08:15,58.74,100,
10:08:16,58.744,200,
10:08:17,58.74,292,
10:08:17,58.74,600,
10:08:17,58.74,600,
10:08:17,58.74,300,
10:08:18,58.74,100,
10:08:21,58.74,300,
10:08:24,58.7401,400,
10:08:28,58.7414,200,
10:08:28,58.7414,600,
10:08:28,58.74,200,
10:08:28,58.74,200,
10:08:28,58.74,200,
10:08:28,58.74,100,
10:08:29,58.7401,675,
10:08:35,58.74,300,
10:08:40,58.745,100,
10:08:43,58.75,100,
10:08:44,58.75,395,
10:08:46,58.75,516,
10:08:46,58.75,100,
10:08:46,58.75,516,
10:08:47,58.75,200,
10:08:47,58.75,300,
10:08:47,58.75,100,
10:08:47,58.75,200,
10:08:53,58.75,200,
10:08:53,58.75,100,
10:08:53,58.75,300,
10:08:53,58.75,2000,
10:08:53,58.75,4200,
10:08:55,58.76,900,
10:08:59,58.745,200,
10:09:09,58.75,500,
10:09:09,58.75,200,
10:09:09,58.75,300,
10:09:09,58.75,3400,
10:09:10,58.7501,100,
10:09:10,58.75,1600,
10:09:10,58.75,100,
10:09:14,58.76,600,
10:09:16,58.75,500,
10:09:21,58.76,900,
10:09:25,58.75,100,
10:09:25,58.75,100,
10:09:26,58.756,100,
10:09:29,58.76,400,
10:09:32,58.75,100,
10:09:32,58.75,269,
10:09:32,58.75,331,
10:09:32,58.75,100,
10:09:32,58.75,300,
10:09:32,58.75,100,
10:09:32,58.75,200,
10:09:32,58.76,300,
10:09:33,58.75,400,
10:09:33,58.75,100,
10:09:33,58.75,400,
10:09:33,58.75,981,
10:09:35,58.75,100,
10:09:35,58.75,100,
10:09:35,58.75,274,
10:09:35,58.75,300,
10:09:35,58.75,487,
10:09:35,58.75,113,
10:09:35,58.75,600,
10:09:35,58.75,100,
10:09:35,58.75,400,
10:09:36,58.74,100,
10:09:36,58.74,400,
10:09:36,58.74,400,
10:09:36,58.74,200,
10:09:36,58.74,174,
10:09:36,58.74,200,
10:09:36,58.74,1000,
10:09:38,58.73,200,
10:09:43,58.73,100,
10:09:45,58.74,100,
10:09:49,58.74,100,
10:09:49,58.74,100,
10:09:49,58.74,400,
10:09:50,58.746,145,
10:09:59,58.74,200,
10:09:59,58.74,100,
10:09:59,58.74,121,
10:10:12,58.731,100,
10:10:26,58.74,1000,
10:10:30,58.74,100,
10:10:30,58.74,147,
10:10:30,58.74,600,
10:10:38,58.7471,100,
10:10:45,58.75,687,
10:10:45,58.75,1000,
10:10:45,58.75,300,
10:10:45,58.75,4000,
10:10:49,58.75,125,
10:10:49,58.75,3300,
10:10:51,58.75,164,
10:10:51,58.75,264,
10:10:51,58.75,736,
10:10:54,58.75,100,
10:11:06,58.74,200,
10:11:06,58.74,200,
10:11:06,58.74,300,
10:11:06,58.74,200,
10:11:13,58.74,300,
10:11:14,58.75,200,
10:11:18,58.75,300,
10:11:19,58.75,1000,
10:11:21,58.75,343,
10:11:21,58.75,1570,
10:11:21,58.75,400,
10:11:21,58.75,300,
10:11:21,58.75,657,
10:11:37,58.74,300,
10:11:37,58.74,400,
10:11:37,58.74,300,
10:11:38,58.73,600,
10:11:43,58.739,1703,
10:11:50,58.74,300,
10:11:50,58.74,1000,
10:11:50,58.74,300,
10:11:50,58.74,1000,
10:11:50,58.75,100,
10:11:51,58.75,200,
10:11:51,58.75,100,
10:11:56,58.75,300,
10:11:56,58.76,300,
10:11:57,58.75,226,
10:12:01,58.76,300,
10:12:08,58.75,600,
10:12:08,58.75,300,
10:12:08,58.75,200,
10:12:24,58.75,200,
10:12:39,58.75,500,
10:12:39,58.75,600,
10:12:39,58.75,100,
10:12:42,58.76,100,
10:12:42,58.76,400,
10:12:42,58.76,600,
10:12:49,58.7548,400,
10:12:50,58.76,100,
10:12:56,58.76,400,
10:12:56,58.77,200,
10:12:56,58.765,100,
10:13:00,58.77,100,
10:13:00,58.77,100,
10:13:04,58.76,100,
10:13:05,58.76,300,
10:13:05,58.76,3300,
10:13:05,58.76,200,
10:13:05,58.76,200,
10:13:05,58.76,2800,
10:13:10,58.76,1000,
10:13:10,58.76,500,
10:13:10,58.76,4300,
10:13:15,58.76,200,
10:13:15,58.76,400,
10:13:15,58.76,270,
10:13:15,58.76,1000,
10:13:16,58.76,170,
10:13:16,58.76,600,
10:13:16,58.76,100,
10:13:16,58.76,530,
10:13:20,58.76,200,
10:13:20,58.76,300,
10:13:21,58.76,100,
10:13:21,58.76,100,
10:13:37,58.77,769,
10:13:37,58.77,100,
10:13:37,58.77,300,
10:13:37,58.77,200,
10:13:44,58.77,200,
10:13:44,58.77,300,
10:13:45,58.76,100,
10:13:45,58.76,200,
10:13:45,58.76,200,
10:13:45,58.76,600,
10:13:45,58.76,1900,
10:13:49,58.756,200,
10:13:53,58.76,405,
10:13:53,58.76,200,
10:13:53,58.76,122,
10:13:55,58.76,200,
10:13:55,58.77,100,
10:14:08,58.76,100,
10:14:08,58.76,300,
10:14:08,58.76,100,
10:14:08,58.76,100,
10:14:13,58.75,327,
10:14:13,58.75,127,
10:14:13,58.75,1000,
10:14:15,58.75,200,
10:14:16,58.75,1000,
10:14:16,58.75,400,
10:14:16,58.76,700,
10:14:16,58.76,600,
10:14:20,58.75,600,
10:14:21,58.75,200,
10:14:30,58.76,400,
10:14:36,58.76,300,
10:14:36,58.76,1000,
10:14:45,58.765,200,
10:14:46,58.76,400,
10:14:46,58.76,100,
10:14:49,58.76,600,
10:14:49,58.76,300,
10:15:02,58.77,100,
10:15:02,58.77,100,
10:15:02,58.77,100,
10:15:02,58.77,100,
10:15:04,58.7771,100,
10:15:14,58.77,100,
10:15:14,58.77,100,
10:15:14,58.77,200,
10:15:18,58.77,600,
10:15:24,58.77,200,
10:15:24,58.77,100,
10:15:24,58.77,300,
10:15:24,58.78,100,
10:15:25,58.77,226,
10:15:33,58.77,800,
10:15:33,58.77,200,
10:15:33,58.77,600,
10:15:33,58.77,600,
10:15:33,58.77,400,
10:15:33,58.77,501,
10:15:33,58.77,1000,
10:15:33,58.77,400,
10:15:33,58.77,1800,
10:15:33,58.76,800,
10:15:33,58.76,400,
10:15:33,58.76,600,
10:15:33,58.76,1000,
10:15:34,58.77,100,
10:15:41,58.76,100,
10:15:42,58.76,400,
10:15:42,58.76,100,
10:15:42,58.76,100,
10:15:42,58.76,600,
10:15:42,58.76,100,
10:15:42,58.76,100,
10:15:45,58.76,400,
10:15:45,58.76,100,
10:15:45,58.76,300,
10:15:45,58.76,148,
10:15:45,58.76,602,
10:15:45,58.76,400,
10:15:45,58.76,872,
10:15:46,58.75,200,
10:15:48,58.74,100,
10:15:58,58.73,100,
10:16:01,58.74,600,
10:16:01,58.74,200,
10:16:01,58.74,600,
10:16:01,58.74,800,
10:16:01,58.74,100,
10:16:01,58.74,1000,
10:16:01,58.74,600,
10:16:01,58.74,300,
10:16:01,58.74,100,
10:16:03,58.74,400,
10:16:03,58.74,100,
10:16:05,58.74,100,
10:16:05,58.74,100,
10:16:05,58.74,200,
10:16:05,58.74,600,
10:16:09,58.74,100,
10:16:12,58.74,300,
10:16:12,58.74,200,
10:16:12,58.74,400,
10:16:12,58.74,600,
10:16:12,58.74,800,
10:16:12,58.74,100,
10:16:12,58.74,700,
10:16:12,58.74,100,
10:16:12,58.74,100,
10:16:12,58.74,400,
10:16:12,58.74,500,
10:16:12,58.75,600,
10:16:13,58.75,600,
10:16:13,58.75,300,
10:16:13,58.75,1480,
10:16:13,58.75,100,
10:16:15,58.75,500,
10:16:15,58.75,100,
10:16:15,58.75,100,
10:16:18,58.75,217,
10:16:21,58.76,100,
10:16:33,58.76,100,
10:16:33,58.76,100,
10:16:33,58.76,100,
10:16:33,58.76,400,
10:16:33,58.76,400,
10:16:33,58.76,300,
10:16:46,58.76,380,
10:16:46,58.76,1000,
10:16:46,58.76,500,
10:16:46,58.76,1196,
10:16:46,58.76,300,
10:16:46,58.76,304,
10:16:47,58.76,200,
10:16:47,58.76,100,
10:16:47,58.76,300,
10:16:47,58.76,100,
10:16:47,58.76,400,
10:16:53,58.76,200,
10:16:53,58.76,400,
10:17:00,58.77,300,
10:17:00,58.77,100,
10:17:00,58.77,400,
10:17:09,58.776,500,
10:17:12,58.77,600,
10:17:12,58.77,200,
10:17:12,58.77,800,
10:17:12,58.77,600,
10:17:12,58.77,400,
10:17:12,58.77,600,
10:17:12,58.77,400,
10:17:12,58.77,800,
10:17:12,58.77,600,
10:17:12,58.77,300,
10:17:12,58.7793,100,
10:17:18,58.78,600,
10:17:18,58.78,100,
10:17:18,58.78,400,
10:17:18,58.78,100,
10:17:18,58.78,400,
10:17:19,58.771,1000,
10:17:20,58.79,300,
10:17:20,58.79,400,
10:17:20,58.79,200,
10:17:20,58.79,200,
10:17:20,58.79,100,
10:17:20,58.79,100,
10:17:20,58.79,100,
10:17:20,58.79,100,
10:17:20,58.79,100,
10:17:22,58.79,200,
10:17:22,58.79,200,
10:17:26,58.78,1400,
10:17:26,58.78,800,
10:17:26,58.78,600,
10:17:26,58.78,100,
10:17:26,58.78,300,
10:17:26,58.78,1000,
10:17:26,58.78,4100,
10:17:27,58.78,100,
10:17:27,58.78,100,
10:17:28,58.785,200,
10:17:31,58.79,100,
10:17:33,58.78,400,
10:17:33,58.78,200,
10:17:33,58.78,200,
10:17:33,58.78,100,
10:17:33,58.78,400,
10:17:33,58.78,100,
10:17:33,58.78,100,
10:17:33,58.78,100,
10:17:33,58.78,1000,
10:17:33,58.78,4500,
10:17:33,58.78,400,
10:17:33,58.78,600,
10:17:34,58.77,255,
10:17:35,58.78,100,
10:17:36,58.78,600,
10:17:36,58.78,1000,
10:17:36,58.78,600,
10:17:36,58.78,200,
10:17:36,58.78,300,
10:17:36,58.78,100,
10:17:48,58.78,100,
10:17:48,58.78,8900,
10:17:55,58.78,200,
10:17:55,58.78,200,
10:18:09,58.78,2600,
10:18:09,58.78,268,
10:18:09,58.78,400,
10:18:34,58.78,100,
10:18:36,58.77,233,
10:18:36,58.77,200,
10:18:36,58.77,894,
10:18:36,58.77,600,
10:18:36,58.77,200,
10:18:36,58.77,367,
10:18:36,58.77,436,
10:18:44,58.78,200,
10:18:44,58.78,100,
10:18:44,58.78,600,
10:18:49,58.78,200,
10:18:50,58.78,200,
10:18:50,58.78,1200,
10:18:50,58.78,265,
10:18:50,58.78,800,
10:18:50,58.78,200,
10:18:50,58.78,500,
10:18:50,58.78,500,
10:18:50,58.78,100,
10:18:50,58.78,100,
10:18:50,58.78,457,
10:18:50,58.78,100,
10:18:50,58.79,600,
10:18:50,58.79,300,
10:18:50,58.79,185,
10:19:00,58.78,200,
10:19:00,58.78,400,
10:19:01,58.78,200,
10:19:01,58.78,200,
10:19:01,58.78,160,
10:19:01,58.78,100,
10:19:05,58.7771,200,
10:19:06,58.77,100,
10:19:06,58.77,600,
10:19:06,58.77,410,
10:19:06,58.77,3200,
10:19:09,58.77,300,
10:19:09,58.77,500,
10:19:11,58.78,600,
10:19:11,58.78,1000,
10:19:11,58.78,300,
10:19:11,58.78,600,
10:19:11,58.78,526,
10:19:11,58.78,313,
10:19:11,58.78,400,
10:19:11,58.79,333,
10:19:11,58.79,1433,
10:19:11,58.79,600,
10:19:11,58.79,3300,
10:19:11,58.79,2400,
10:19:11,58.79,100,
10:19:11,58.79,400,
10:19:11,58.79,1500,
10:19:11,58.79,400,
10:19:11,58.79,800,
10:19:11,58.79,600,
10:19:11,58.79,700,
10:19:11,58.79,600,
10:19:11,58.79,5000,
10:19:12,58.79,100,
10:19:12,58.79,100,
10:19:13,58.78,600,
10:19:13,58.78,400,
10:19:13,58.78,300,
10:19:20,58.77,100,
10:19:21,58.77,300,
10:19:25,58.76,400,
10:19:29,58.77,500,
10:19:34,58.76,200,
10:19:34,58.76,400,
10:19:34,58.76,100,
10:19:34,58.76,100,
10:19:35,58.76,800,
10:19:38,58.76,377,
10:19:38,58.76,100,
10:19:38,58.76,100,
10:19:38,58.76,100,
10:19:38,58.76,400,
10:19:38,58.76,400,
10:19:38,58.77,215,
10:19:38,58.77,200,
10:19:38,58.77,200,
10:19:38,58.77,200,
10:19:38,58.77,200,
10:19:38,58.77,200,
10:19:38,58.77,1000,
10:19:38,58.77,200,
10:19:38,58.77,100,
10:19:38,58.77,985,
10:19:38,58.77,100,
10:19:38,58.77,100,
10:19:38,58.77,100,
10:19:38,58.77,100,
10:19:38,58.77,100,
10:19:38,58.77,785,
10:19:38,58.77,300,
10:19:39,58.77,400,
10:19:39,58.77,100,
10:19:39,58.77,100,
10:19:39,58.77,800,
10:19:41,58.77,300,
10:19:47,58.76,200,
10:19:47,58.76,100,
10:19:47,58.76,200,
10:19:47,58.76,100,
10:19:47,58.76,100,
10:19:49,58.76,400,
10:19:52,58.76,200,
10:19:53,58.75,533,
10:19:53,58.75,100,
10:19:53,58.75,300,
10:20:00,58.75,100,
10:20:01,58.75,200,
10:20:01,58.75,200,
10:20:01,58.75,200,
10:20:07,58.75,115,
10:20:07,58.75,400,
10:20:08,58.75,600,
10:20:08,58.75,200,
10:20:08,58.75,385,
10:20:09,58.76,400,
10:20:09,58.76,200,
10:20:09,58.76,100,
10:20:09,58.76,100,
10:20:09,58.76,100,
10:20:09,58.76,100,
10:20:09,58.76,100,
10:20:09,58.76,200,
10:20:09,58.76,800,
10:20:09,58.76,300,
10:20:10,58.76,100,
10:20:10,58.76,100,
10:20:10,58.76,200,
10:20:12,58.765,200,
10:20:21,58.76,100,
10:20:21,58.76,300,
10:20:21,58.76,100,
10:20:21,58.76,100,
10:20:25,58.75,200,
10:20:25,58.75,400,
10:20:25,58.75,500,
10:20:25,58.75,100,
10:20:25,58.75,600,
10:20:25,58.75,5000,
10:20:31,58.75,100,
10:20:31,58.75,400,
10:20:31,58.75,187,
10:20:31,58.75,678,
10:20:31,58.75,100,
10:20:31,58.75,100,
10:20:31,58.75,100,
10:20:31,58.75,191,
10:20:31,58.75,100,
10:20:31,58.75,507,
10:20:32,58.75,200,
10:20:32,58.75,300,
10:20:32,58.75,200,
10:20:32,58.75,100,
10:20:35,58.75,400,
10:20:35,58.75,100,
10:20:35,58.75,300,
10:20:35,58.75,100,
10:20:35,58.75,400,
10:20:35,58.75,600,
10:20:35,58.75,100,
10:20:36,58.75,100,
10:20:38,58.75,300,
10:20:38,58.75,100,
10:20:38,58.75,600,
10:20:38,58.75,100,
10:20:38,58.75,200,
10:20:38,58.75,100,
10:20:38,58.75,100,
10:20:44,58.75,400,
10:20:44,58.75,400,
10:20:44,58.75,2400,
10:20:44,58.75,100,
10:20:44,58.75,1900,
10:20:44,58.75,1000,
10:20:44,58.75,199,
10:20:51,58.76,100,
10:20:51,58.76,100,
10:20:51,58.76,100,
10:20:51,58.76,300,
10:20:53,58.77,300,
10:20:53,58.77,100,
10:20:53,58.77,800,
10:20:53,58.77,400,
10:20:53,58.77,2700,
10:20:53,58.77,100,
10:20:54,58.77,300,
10:20:57,58.78,213,
10:20:58,58.7701,400,
10:21:01,58.77,400,
10:21:01,58.77,100,
10:21:01,58.77,300,
10:21:01,58.77,300,
10:21:07,58.77,100,
10:21:07,58.77,300,
10:21:07,58.77,200,
10:21:07,58.77,600,
10:21:07,58.77,200,
10:21:07,58.77,1000,
10:21:07,58.78,300,
10:21:10,58.77,100,
10:21:10,58.77,100,
10:21:10,58.77,300,
10:21:10,58.77,400,
10:21:10,58.77,100,
10:21:10,58.77,300,
10:21:17,58.77,217,
10:21:22,58.76,400,
10:21:24,58.76,600,
10:21:24,58.76,1300,
10:21:24,58.76,700,
10:21:24,58.76,1000,
10:21:24,58.76,100,
10:21:24,58.76,300,
10:21:27,58.76,100,
10:21:27,58.76,100,
10:21:27,58.76,300,
10:21:29,58.76,264,
10:21:30,58.765,200,
10:21:33,58.76,364,
10:21:44,58.759,100,
10:21:52,58.7538,620,
10:21:57,58.75,815,
10:21:57,58.75,200,
10:21:57,58.75,800,
10:21:57,58.75,1000,
10:21:57,58.75,600,
10:21:57,58.75,200,
10:21:57,58.75,200,
10:21:57,58.75,100,
10:21:57,58.75,800,
10:21:57,58.75,400,
10:21:57,58.75,800,
10:21:57,58.75,500,
10:21:57,58.75,100,
10:21:57,58.75,200,
10:22:08,58.75,108,
10:22:09,58.74,100,
10:22:09,58.74,200,
10:22:09,58.74,400,
10:22:16,58.74,1500,
10:22:19,58.74,100,
10:22:19,58.74,100,
10:22:19,58.74,400,
10:22:19,58.74,100,
10:22:19,58.74,100,
10:22:22,58.75,100,
10:22:22,58.75,208,
10:22:22,58.75,100,
10:22:22,58.75,192,
10:22:22,58.75,600,
10:22:22,58.75,300,
10:22:22,58.75,392,
10:22:22,58.75,400,
10:22:25,58.74,100,
10:22:31,58.75,200,
10:22:31,58.75,1000,
10:22:38,58.76,100,
10:22:38,58.76,157,
10:22:45,58.76,200,
10:22:45,58.76,300,
10:22:45,58.76,600,
10:22:48,58.76,500,
10:22:48,58.76,300,
10:22:48,58.76,400,
10:22:48,58.76,100,
10:22:48,58.76,318,
10:22:48,58.76,600,
10:22:53,58.761,300,
10:23:00,58.77,154,
10:23:00,58.77,370,
10:23:01,58.77,100,
10:23:01,58.77,100,
10:23:01,58.77,500,
10:23:01,58.77,155,
10:23:01,58.77,100,
10:23:06,58.78,200,
10:23:06,58.78,100,
10:23:06,58.78,100,
10:23:06,58.79,215,
10:23:06,58.77,100,
10:23:15,58.79,400,
10:23:28,58.79,205,
10:23:28,58.79,100,
10:23:28,58.79,126,
10:23:29,58.79,100,
10:23:29,58.79,600,
10:23:29,58.79,1000,
10:23:29,58.79,1090,
10:23:29,58.79,200,
10:23:29,58.79,100,
10:23:30,58.79,1000,
10:23:30,58.79,400,
10:23:30,58.79,129,
10:23:31,58.79,100,
10:23:31,58.79,100,
10:23:31,58.79,1000,
10:23:31,58.79,100,
10:23:31,58.79,300,
10:23:31,58.79,1200,
10:23:40,58.80,4000,
10:23:40,58.80,200,
10:23:40,58.80,200,
10:23:40,58.80,200,
10:23:40,58.80,200,
10:23:40,58.80,500,
10:23:40,58.80,100,
10:23:41,58.80,813,
10:23:41,58.80,813,
10:23:41,58.80,565,
10:23:41,58.80,130,
10:23:41,58.80,813,
10:23:45,58.80,100,
10:23:52,58.80,1000,
10:23:52,58.81,200,
10:23:52,58.81,600,
10:23:53,58.80,500,
10:23:53,58.80,100,
10:23:53,58.80,400,
10:23:53,58.80,400,
10:23:53,58.8093,100,
10:23:53,58.81,300,
10:23:54,58.81,300,
10:24:06,58.8072,143,
10:24:09,58.818,250,
10:24:13,58.81,100,
10:24:13,58.81,400,
10:24:13,58.81,100,
10:24:13,58.81,400,
10:24:13,58.81,500,
10:24:13,58.81,185,
10:24:13,58.81,100,
10:24:13,58.81,315,
10:24:13,58.81,485,
10:24:13,58.81,100,
10:24:14,58.81,100,
10:24:14,58.81,115,
10:24:15,58.80,200,
10:24:15,58.80,200,
10:24:15,58.80,200,
10:24:17,58.81,2000,
10:24:17,58.81,200,
10:24:25,58.81,150,
10:24:25,58.81,100,
10:24:25,58.81,100,
10:24:25,58.81,100,
10:24:25,58.81,100,
10:24:34,58.81,200,
10:24:34,58.81,300,
10:24:34,58.81,600,
10:24:34,58.81,400,
10:24:37,58.8095,300,
10:24:38,58.81,300,
10:24:46,58.8186,1000,
10:24:52,58.82,600,
10:24:52,58.82,100,
10:24:52,58.82,100,
10:24:52,58.82,100,
10:24:52,58.82,200,
10:24:57,58.82,2300,
10:25:02,58.82,800,
10:25:02,58.82,700,
10:25:02,58.82,300,
10:25:02,58.82,200,
10:25:02,58.81,300,
10:25:04,58.82,200,
10:25:04,58.82,100,
10:25:04,58.82,400,
10:25:04,58.82,1600,
10:25:04,58.82,200,
10:25:04,58.82,400,
10:25:04,58.82,367,
10:25:04,58.82,100,
10:25:04,58.82,300,
10:25:04,58.82,100,
10:25:04,58.82,300,
10:25:15,58.8101,630,
10:25:19,58.82,1300,
10:25:19,58.82,800,
10:25:19,58.82,600,
10:25:19,58.82,400,
10:25:19,58.82,400,
10:25:20,58.83,200,
10:25:22,58.83,100,
10:25:22,58.83,129,
10:25:22,58.83,129,
10:25:23,58.83,100,
10:25:24,58.83,214,
10:25:24,58.83,930,
10:25:24,58.83,200,
10:25:24,58.83,100,
10:25:24,58.83,400,
10:25:24,58.83,300,
10:25:24,58.83,1886,
10:25:25,58.84,1000,
10:25:25,58.84,523,
10:25:25,58.84,1242,
10:25:25,58.84,284,
10:25:25,58.84,813,
10:25:25,58.84,100,
10:25:25,58.85,100,
10:25:26,58.85,100,
10:25:27,58.85,600,
10:25:27,58.85,813,
10:25:28,58.85,200,
10:25:28,58.849,500,
10:25:29,58.841,100,
10:25:30,58.84,100,
10:25:33,58.85,2500,
10:25:33,58.85,100,
10:25:33,58.85,600,
10:25:33,58.8402,3000,
10:25:35,58.85,800,
10:25:35,58.85,100,
10:25:35,58.85,100,
10:25:35,58.85,300,
10:25:35,58.85,100,
10:25:35,58.85,100,
10:25:36,58.85,400,
10:25:50,58.85,200,
10:25:52,58.84,400,
10:25:52,58.84,400,
10:25:52,58.84,800,
10:25:52,58.84,800,
10:25:52,58.84,300,
10:25:52,58.84,300,
10:25:52,58.84,100,
10:25:52,58.84,200,
10:25:52,58.84,800,
10:25:52,58.84,800,
10:25:56,58.84,600,
10:25:56,58.84,100,
10:25:56,58.84,499,
10:25:56,58.84,800,
10:25:56,58.84,300,
10:25:56,58.84,400,
10:25:56,58.84,666,
10:25:58,58.84,100,
10:25:58,58.84,1600,
10:25:58,58.84,400,
10:25:58,58.84,1000,
10:25:58,58.84,300,
10:25:58,58.8401,2800,
10:25:58,58.83,100,
10:26:03,58.84,300,
10:26:03,58.84,300,
10:26:03,58.84,500,
10:26:12,58.84,100,
10:26:12,58.84,100,
10:26:12,58.84,100,
10:26:16,58.84,813,
10:26:19,58.84,300,
10:26:42,58.85,600,
10:26:42,58.85,3900,
10:26:42,58.85,109,
10:26:42,58.85,100,
10:26:42,58.84,345,
10:26:46,58.84,600,
10:26:46,58.84,100,
10:26:48,58.83,400,
10:26:55,58.835,200,
10:26:59,58.84,519,
10:26:59,58.84,300,
10:27:01,58.84,200,
10:27:01,58.84,100,
10:27:01,58.84,100,
10:27:01,58.84,2000,
10:27:01,58.84,4200,
10:27:01,58.84,100,
10:27:01,58.84,600,
10:27:01,58.84,1600,
10:27:01,58.84,3600,
10:27:01,58.84,1600,
10:27:01,58.85,300,
10:27:02,58.84,400,
10:27:06,58.84,400,
10:27:06,58.84,300,
10:27:06,58.84,1900,
10:27:06,58.84,441,
10:27:06,58.84,100,
10:27:07,58.84,100,
10:27:07,58.83,800,
10:27:07,58.83,800,
10:27:07,58.83,815,
10:27:07,58.83,200,
10:27:07,58.83,500,
10:27:07,58.83,100,
10:27:07,58.83,100,
10:27:07,58.83,1000,
10:27:07,58.83,100,
10:27:08,58.84,500,
10:27:08,58.8305,290,
10:27:13,58.84,100,
10:27:17,58.836,5000,
10:27:19,58.83,100,
10:27:19,58.83,100,
10:27:26,58.83,200,
10:27:29,58.83,100,
10:27:29,58.83,100,
10:27:29,58.83,100,
10:27:31,58.83,200,
10:27:31,58.83,100,
10:27:31,58.83,400,
10:27:31,58.83,300,
10:27:31,58.83,100,
10:27:31,58.83,400,
10:27:37,58.8283,100,
10:27:44,58.83,312,
10:27:44,58.83,100,
10:27:44,58.83,100,
10:27:45,58.82,500,
10:27:45,58.82,400,
10:27:45,58.82,100,
10:27:45,58.82,100,
10:27:45,58.82,900,
10:27:45,58.82,1300,
10:27:51,58.83,200,
10:27:51,58.83,100,
10:27:56,58.84,778,
10:27:56,58.84,100,
10:27:56,58.84,400,
10:27:56,58.84,4063,
10:27:56,58.84,100,
10:27:56,58.84,200,
10:27:56,58.84,1100,
10:27:56,58.85,100,
10:27:59,58.85,250,
10:27:59,58.84,200,
10:27:59,58.8401,600,
10:28:00,58.84,100,
10:28:01,58.84,900,
10:28:01,58.84,200,
10:28:01,58.84,200,
10:28:01,58.8401,4000,
10:28:01,58.84,100,
10:28:02,58.84,100,
10:28:02,58.84,200,
10:28:04,58.84,300,
10:28:04,58.84,100,
10:28:04,58.84,300,
10:28:04,58.84,374,
10:28:04,58.84,100,
10:28:04,58.84,600,
10:28:04,58.84,100,
10:28:05,58.84,400,
10:28:17,58.845,200,
10:28:34,58.84,100,
10:28:54,58.8407,200,
10:29:03,58.84,1600,
10:29:03,58.84,200,
10:29:03,58.84,600,
10:29:03,58.84,246,
10:29:06,58.839,200,
10:29:12,58.83,700,
10:29:12,58.83,200,
10:29:12,58.83,900,
10:29:12,58.83,200,
10:29:29,58.82,400,
10:29:29,58.82,300,
10:29:29,58.82,300,
10:29:35,58.83,400,
10:29:36,58.825,200,
10:29:37,58.82,100,
10:29:37,58.82,100,
10:29:38,58.82,300,
10:29:42,58.818,100,
10:29:42,58.82,400,
10:29:47,58.82,600,
10:29:47,58.82,400,
10:29:47,58.82,100,
10:29:47,58.82,1700,
10:29:47,58.82,353,
10:29:47,58.82,600,
10:29:47,58.82,800,
10:29:47,58.82,200,
10:29:47,58.82,200,
10:29:47,58.82,200,
10:29:47,58.82,1000,
10:29:47,58.82,800,
10:29:47,58.82,400,
10:29:49,58.83,690,
10:29:50,58.82,100,
10:29:50,58.82,200,
10:29:51,58.82,200,
10:29:55,58.82,100,
10:29:55,58.8285,300,
10:29:55,58.8287,200,
10:29:55,58.83,3600,
10:29:55,58.83,400,
10:29:55,58.83,500,
10:30:05,58.8201,265,
10:30:10,58.83,100,
10:30:11,58.82,200,
10:30:11,58.82,323,
10:30:11,58.82,677,
10:30:11,58.82,100,
10:30:11,58.82,795,
10:30:11,58.82,100,
10:30:11,58.82,500,
10:30:11,58.82,300,
10:30:11,58.82,100,
10:30:11,58.82,474,
10:30:11,58.82,200,
10:30:11,58.81,100,
10:30:11,58.81,403,
10:30:11,58.81,100,
10:30:11,58.81,400,
10:30:11,58.81,197,
10:30:12,58.815,100,
10:30:19,58.8193,200,
10:30:19,58.82,1000,
10:30:19,58.82,600,
10:30:19,58.82,1400,
10:30:20,58.82,100,
10:30:25,58.821,1000,
10:30:26,58.83,100,
10:30:26,58.83,100,
10:30:26,58.83,400,
10:30:26,58.83,800,
10:30:26,58.83,1000,
10:30:26,58.83,300,
10:30:26,58.83,1000,
10:30:28,58.84,100,
10:30:29,58.84,600,
10:30:29,58.84,400,
10:30:29,58.84,400,
10:30:29,58.84,200,
10:30:29,58.84,411,
10:30:29,58.84,178,
10:30:32,58.84,300,
10:30:37,58.8497,100,
10:30:41,58.84,100,
10:30:41,58.84,369,
10:30:41,58.84,331,
10:30:41,58.84,200,
10:30:41,58.84,231,
10:30:42,58.84,300,
10:30:45,58.835,100,
10:30:48,58.85,100,
10:30:49,58.84,100,
10:30:49,58.84,200,
10:30:49,58.84,500,
10:30:52,58.85,100,
10:30:55,58.84,100,
10:30:58,58.845,200,
10:31:12,58.84,200,
10:31:12,58.84,100,
10:31:15,58.84,140,
10:31:19,58.85,200,
10:31:20,58.84,100,
10:31:20,58.84,300,
10:31:20,58.83,100,
10:31:20,58.83,100,
10:31:20,58.83,100,
10:31:30,58.8301,3000,
10:31:36,58.835,100,
10:31:36,58.835,226,
10:31:36,58.835,197,
10:31:53,58.83,439,
10:31:53,58.83,261,
10:31:53,58.83,200,
10:31:53,58.83,400,
10:31:53,58.83,100,
10:31:53,58.82,100,
10:31:53,58.82,100,
10:32:00,58.82,8400,
10:32:03,58.83,100,
10:32:03,58.82,1600,
10:32:07,58.8301,150,
10:32:08,58.84,294,
10:32:11,58.84,200,
10:32:11,58.85,100,
10:32:11,58.85,100,
10:32:11,58.85,200,
10:32:11,58.85,301,
10:32:11,58.85,1000,
10:32:16,58.85,400,
10:32:16,58.85,100,
10:32:24,58.85,300,
10:32:29,58.85,117,
10:32:43,58.84,100,
10:32:43,58.84,100,
10:32:43,58.84,400,
10:32:43,58.84,200,
10:32:47,58.8405,500,
10:32:47,58.84,100,
10:32:47,58.84,200,
10:33:00,58.85,200,
10:33:00,58.85,600,
10:33:00,58.85,200,
10:33:00,58.8599,1000,
10:33:07,58.86,150,
10:33:10,58.8675,300,
10:33:11,58.87,1000,
10:33:11,58.86,200,
10:33:13,58.8699,1000,
10:33:13,58.87,100,
10:33:15,58.87,813,
10:33:16,58.87,113,
10:33:16,58.87,600,
10:33:17,58.87,1000,
10:33:22,58.87,100,
10:33:27,58.87,787,
10:33:27,58.87,800,
10:33:27,58.87,200,
10:33:27,58.88,100,
10:33:27,58.88,374,
10:33:28,58.87,100,
10:33:29,58.88,607,
10:33:29,58.88,419,
10:33:32,58.876,6000,
10:33:34,58.88,813,
10:33:34,58.88,300,
10:33:34,58.88,226,
10:33:36,58.88,161,
10:33:36,58.88,100,
10:33:36,58.885,1400,
10:33:36,58.885,1700,
10:33:36,58.8893,200,
10:33:39,58.88,100,
10:33:42,58.88,100,
10:33:48,58.88,100,
10:33:48,58.88,600,
10:33:48,58.88,300,
10:33:51,58.88,100,
10:33:51,58.88,400,
10:33:51,58.89,200,
10:33:52,58.89,100,
10:34:00,58.889,100,
10:34:01,58.8878,3000,
10:34:03,58.88,400,
10:34:03,58.88,300,
10:34:05,58.89,100,
10:34:09,58.88,300,
10:34:14,58.88,600,
10:34:14,58.88,200,
10:34:14,58.87,300,
10:34:14,58.87,500,
10:34:14,58.875,600,
10:34:14,58.87,100,
10:34:14,58.87,200,
10:34:14,58.87,200,
10:34:15,58.87,300,
10:34:20,58.88,100,
10:34:21,58.87,100,
10:34:21,58.87,100,
10:34:21,58.87,400,
10:34:21,58.87,100,
10:34:21,58.87,800,
10:34:21,58.87,100,
10:34:21,58.86,300,
10:34:21,58.86,100,
10:34:21,58.86,400,
10:34:22,58.86,100,
10:34:25,58.86,100,
10:34:35,58.86,1000,
10:34:35,58.86,100,
10:34:35,58.86,200,
10:34:35,58.86,200,
10:34:35,58.86,160,
10:34:35,58.86,600,
10:34:35,58.85,100,
10:34:35,58.85,500,
10:34:35,58.85,500,
10:34:36,58.85,100,
10:34:36,58.85,100,
10:34:36,58.85,200,
10:34:36,58.85,100,
10:34:38,58.86,1000,
10:34:39,58.85,300,
10:34:47,58.86,115,
10:34:47,58.86,400,
10:34:54,58.8597,100,
10:34:55,58.8515,100,
10:35:01,58.85,300,
10:35:14,58.86,100,
10:35:14,58.85,200,
10:35:16,58.86,800,
10:35:16,58.85,100,
10:35:20,58.85,200,
10:35:26,58.85,100,
10:35:28,58.85,200,
10:35:36,58.85,100,
10:35:47,58.85,100,
10:35:47,58.85,100,
10:35:47,58.85,300,
10:35:47,58.85,2127,
10:35:47,58.85,800,
10:35:47,58.85,100,
10:35:47,58.85,273,
10:35:47,58.85,900,
10:35:47,58.85,100,
10:35:47,58.85,800,
10:35:48,58.84,800,
10:35:48,58.84,200,
10:35:48,58.84,300,
10:35:48,58.84,300,
10:35:48,58.84,800,
10:35:49,58.84,700,
10:35:52,58.85,100,
10:35:52,58.85,500,
10:35:52,58.85,200,
10:35:52,58.85,600,
10:35:52,58.85,700,
10:35:52,58.85,200,
10:35:52,58.85,100,
10:35:52,58.85,400,
10:35:52,58.85,100,
10:35:53,58.86,1000,
10:35:53,58.845,100,
10:35:53,58.85,300,
10:35:53,58.85,300,
10:35:53,58.85,1700,
10:35:53,58.86,600,
10:35:53,58.86,900,
10:35:53,58.86,100,
10:35:53,58.86,100,
10:35:53,58.86,200,
10:35:53,58.86,100,
10:35:53,58.86,200,
10:36:09,58.86,985,
10:36:09,58.86,600,
10:36:09,58.86,100,
10:36:09,58.86,900,
10:36:09,58.86,615,
10:36:14,58.85,300,
10:36:22,58.84,100,
10:36:22,58.84,200,
10:36:22,58.84,1000,
10:36:22,58.83,100,
10:36:31,58.831,1000,
10:36:34,58.84,300,
10:36:34,58.84,200,
10:36:36,58.84,200,
10:36:36,58.84,1000,
10:36:36,58.84,200,
10:36:36,58.84,100,
10:36:36,58.84,200,
10:36:36,58.84,1000,
10:36:36,58.84,400,
10:36:37,58.8401,300,
10:36:41,58.84,200,
10:36:41,58.84,800,
10:36:41,58.84,200,
10:36:42,58.83,300,
10:36:49,58.84,100,
10:36:49,58.84,200,
10:36:49,58.84,100,
10:36:49,58.84,232,
10:36:50,58.845,600,
10:36:52,58.84,125,
10:36:53,58.84,200,
10:36:53,58.84,100,
10:36:53,58.84,300,
10:36:53,58.84,600,
10:36:53,58.84,475,
10:37:11,58.8398,800,
10:37:15,58.839,1000,
10:37:18,58.84,400,
10:37:18,58.84,100,
10:37:18,58.84,1178,
10:37:18,58.84,813,
10:37:18,58.84,4065,
10:37:18,58.84,1830,
10:37:18,58.84,5252,
10:37:18,58.84,100,
10:37:18,58.84,400,
10:37:18,58.84,1000,
10:37:18,58.84,200,
10:37:19,58.84,400,
10:37:19,58.84,1487,
10:37:19,58.84,5904,
10:37:19,58.84,500,
10:37:19,58.84,2400,
10:37:19,58.84,100,
10:37:23,58.84,7100,
10:37:25,58.84,700,
10:37:30,58.84,200,
10:37:34,58.84,1500,
10:37:37,58.84,1700,
10:37:38,58.85,1000,
10:37:38,58.85,400,
10:37:38,58.85,100,
10:37:38,58.85,400,
10:37:38,58.85,600,
10:37:38,58.85,400,
10:37:38,58.85,600,
10:37:38,58.85,200,
10:37:38,58.85,185,
10:37:38,58.85,800,
10:37:38,58.85,100,
10:37:38,58.85,500,
10:37:38,58.85,500,
10:37:38,58.85,300,
10:37:38,58.85,766,
10:37:38,58.85,1000,
10:37:38,58.85,400,
10:37:38,58.85,534,
10:37:38,58.85,800,
10:37:40,58.845,300,
10:37:43,58.84,1100,
10:37:45,58.8401,223,
10:37:47,58.84,200,
10:37:55,58.831,2600,
10:37:58,58.83,600,
10:37:58,58.83,100,
10:37:58,58.83,300,
10:37:59,58.821,100,
10:38:04,58.82,500,
10:38:06,58.83,400,
10:38:06,58.83,400,
10:38:06,58.83,100,
10:38:06,58.83,100,
10:38:06,58.83,100,
10:38:06,58.83,100,
10:38:06,58.83,100,
10:38:06,58.83,1000,
10:38:06,58.83,200,
10:38:09,58.83,300,
10:38:31,58.82,400,
10:38:43,58.83,1000,
10:38:43,58.83,100,
10:38:43,58.83,100,
10:38:43,58.83,300,
10:38:43,58.84,100,
10:38:43,58.84,813,
10:38:43,58.84,300,
10:38:43,58.84,600,
10:38:43,58.84,700,
10:38:43,58.84,1000,
10:38:43,58.84,100,
10:38:43,58.84,600,
10:38:43,58.84,300,
10:38:43,58.84,200,
10:38:56,58.83,200,
10:38:56,58.83,400,
10:38:56,58.83,500,
10:38:56,58.83,200,
10:38:56,58.83,100,
10:38:57,58.83,400,
10:39:00,58.83,200,
10:39:05,58.825,200,
10:39:12,58.8201,131,
10:39:12,58.83,100,
10:39:12,58.83,200,
10:39:12,58.83,100,
10:39:22,58.8335,1000,
10:39:27,58.83,400,
10:39:27,58.83,600,
10:39:27,58.83,200,
10:39:27,58.83,400,
10:39:27,58.82,100,
10:39:30,58.83,400,
10:39:40,58.82,400,
10:39:47,58.82,100,
10:39:51,58.811,500,
10:40:01,58.819,1000,
10:40:04,58.82,200,
10:40:15,58.819,100,
10:40:28,58.81,2766,
10:40:28,58.81,447,
10:40:28,58.81,200,
10:40:28,58.81,100,
10:40:28,58.81,1000,
10:40:28,58.81,200,
10:40:28,58.80,1000,
10:40:28,58.81,1000,
10:40:28,58.81,490,
10:40:28,58.81,600,
10:40:28,58.80,1500,
10:40:28,58.80,600,
10:40:29,58.81,100,
10:40:30,58.809,100,
10:40:31,58.80,200,
10:40:31,58.80,100,
10:40:34,58.79,900,
10:40:36,58.80,100,
10:40:41,58.80,439,
10:40:41,58.80,100,
10:40:43,58.80,200,
10:40:44,58.80,100,
10:40:48,58.80,100,
10:40:48,58.80,100,
10:40:51,58.79,379,
10:40:52,58.79,100,
10:40:56,58.79,198,
10:40:56,58.79,100,
10:40:56,58.79,1302,
10:40:56,58.79,402,
10:40:59,58.79,700,
10:40:59,58.79,100,
10:40:59,58.79,408,
10:40:59,58.79,800,
10:40:59,58.79,400,
10:41:05,58.7901,400,
10:41:17,58.79,200,
10:41:17,58.79,221,
10:41:19,58.799,500,
10:41:20,58.80,100,
10:41:25,58.80,417,
10:41:25,58.80,100,
10:41:25,58.80,200,
10:41:25,58.80,900,
10:41:25,58.80,200,
10:41:27,58.791,300,
10:41:32,58.81,300,
10:41:48,58.80,709,
10:41:48,58.80,564,
10:41:48,58.80,1000,
10:41:48,58.80,300,
10:41:48,58.80,106,
10:41:48,58.80,100,
10:41:48,58.80,200,
10:41:48,58.80,100,
10:41:50,58.809,200,
10:41:56,58.80,146,
10:42:02,58.80,401,
10:42:03,58.80,600,
10:42:03,58.80,200,
10:42:03,58.80,1000,
10:42:03,58.80,300,
10:42:11,58.8001,100,
10:42:14,58.80,100,
10:42:14,58.80,100,
10:42:14,58.80,100,
10:42:14,58.80,500,
10:42:14,58.80,100,
10:42:14,58.796,155,
10:42:15,58.80,800,
10:42:15,58.80,100,
10:42:15,58.80,434,
10:42:15,58.80,100,
10:42:15,58.80,100,
10:42:15,58.81,200,
10:42:15,58.81,110,
10:42:16,58.81,100,
10:42:16,58.81,4899,
10:42:16,58.81,1000,
10:42:16,58.81,100,
10:42:16,58.81,249,
10:42:18,58.80,200,
10:42:18,58.80,100,
10:42:18,58.80,200,
10:42:18,58.80,800,
10:42:18,58.80,800,
10:42:18,58.80,200,
10:42:18,58.80,259,
10:42:18,58.80,600,
10:42:18,58.80,400,
10:42:18,58.80,1000,
10:42:18,58.80,100,
10:42:18,58.80,300,
10:42:18,58.80,1200,
10:42:18,58.80,1900,
10:42:18,58.80,200,
10:42:18,58.80,4100,
10:42:18,58.80,600,
10:42:19,58.81,800,
10:42:19,58.81,100,
10:42:19,58.81,400,
10:42:19,58.81,200,
10:42:19,58.81,114,
10:42:19,58.81,1000,
10:42:22,58.82,813,
10:42:22,58.82,300,
10:42:22,58.82,274,
10:42:22,58.82,439,
10:42:23,58.82,300,
10:42:23,58.82,600,
10:42:23,58.82,1000,
10:42:32,58.821,200,
10:42:33,58.82,100,
10:42:33,58.82,400,
10:42:33,58.82,1500,
10:42:33,58.82,400,
10:42:33,58.81,1000,
10:42:33,58.81,200,
10:42:37,58.81,300,
10:42:37,58.81,158,
10:42:37,58.81,100,
10:42:37,58.81,600,
10:42:37,58.81,100,
10:42:37,58.81,121,
10:42:39,58.81,100,
10:42:39,58.81,100,
10:42:39,58.81,400,
10:42:48,58.8198,600,
10:42:54,58.82,100,
10:42:54,58.82,244,
10:42:54,58.82,200,
10:42:55,58.82,3600,
10:42:55,58.82,1000,
10:42:55,58.82,300,
10:42:55,58.82,100,
10:42:57,58.82,400,
10:42:57,58.82,300,
10:42:57,58.82,100,
10:42:57,58.82,200,
10:43:02,58.81,300,
10:43:05,58.815,200,
10:43:10,58.81,100,
10:43:10,58.81,300,
10:43:10,58.81,300,
10:43:10,58.81,100,
10:43:10,58.81,100,
10:43:15,58.81,100,
10:43:15,58.81,400,
10:43:15,58.81,100,
10:43:15,58.81,600,
10:43:15,58.82,715,
10:43:25,58.81,500,
10:43:25,58.81,300,
10:43:25,58.81,113,
10:43:25,58.81,300,
10:43:28,58.81,178,
10:43:28,58.81,100,
10:43:39,58.81,600,
10:43:39,58.81,600,
10:43:48,58.81,216,
10:43:49,58.81,2700,
10:43:49,58.81,600,
10:43:49,58.81,100,
10:43:49,58.81,600,
10:43:49,58.81,184,
10:43:58,58.81,600,
10:43:58,58.81,100,
10:43:58,58.81,400,
10:43:58,58.81,6069,
10:43:58,58.81,100,
10:43:58,58.81,800,
10:43:58,58.81,800,
10:43:58,58.81,800,
10:43:58,58.81,3287,
10:43:58,58.81,209,
10:43:58,58.81,1000,
10:43:58,58.81,200,
10:43:58,58.81,500,
10:43:58,58.81,800,
10:43:58,58.81,600,
10:43:58,58.81,1000,
10:43:58,58.81,2900,
10:43:58,58.81,200,
10:43:58,58.81,300,
10:43:58,58.81,800,
10:43:58,58.81,1000,
10:43:58,58.81,300,
10:43:58,58.81,200,
10:43:58,58.81,300,
10:43:58,58.81,100,
10:43:59,58.81,100,
10:43:59,58.81,400,
10:43:59,58.81,450,
10:43:59,58.81,500,
10:43:59,58.81,100,
10:44:01,58.8001,3500,
10:44:02,58.81,100,
10:44:04,58.8171,750,
10:44:09,58.81,100,
10:44:09,58.81,100,
10:44:09,58.81,400,
10:44:14,58.81,100,
10:44:16,58.81,115,
10:44:16,58.81,300,
10:44:16,58.81,100,
10:44:22,58.8101,100,
10:44:24,58.81,400,
10:44:24,58.81,100,
10:44:24,58.81,1000,
10:44:24,58.81,600,
10:44:24,58.81,167,
10:44:24,58.81,461,
10:44:30,58.819,100,
10:44:31,58.82,200,
10:44:31,58.82,200,
10:44:32,58.82,100,
10:44:33,58.82,100,
10:44:34,58.82,100,
10:44:35,58.82,300,
10:44:36,58.82,513,
10:44:36,58.82,200,
10:44:36,58.82,100,
10:44:36,58.82,100,
10:44:36,58.82,100,
10:44:36,58.82,100,
10:44:36,58.82,100,
10:44:36,58.82,100,
10:44:40,58.83,326,
10:44:40,58.83,113,
10:44:40,58.83,300,
10:44:40,58.83,813,
10:44:41,58.83,813,
10:44:42,58.83,113,
10:44:42,58.83,600,
10:44:47,58.84,300,
10:44:47,58.84,400,
10:44:49,58.836,2000,
10:44:56,58.835,124,
10:45:00,58.84,544,
10:45:01,58.83,200,
10:45:01,58.83,100,
10:45:03,58.83,100,
10:45:03,58.83,100,
10:45:03,58.83,100,
10:45:11,58.83,400,
10:45:11,58.83,100,
10:45:11,58.83,800,
10:45:11,58.83,200,
10:45:11,58.83,100,
10:45:11,58.83,800,
10:45:17,58.84,813,
10:45:17,58.84,200,
10:45:17,58.84,400,
10:45:17,58.84,500,
10:45:17,58.84,600,
10:45:17,58.84,600,
10:45:17,58.84,800,
10:45:17,58.84,700,
10:45:17,58.84,100,
10:45:17,58.84,300,
10:45:17,58.84,2000,
10:45:17,58.84,400,
10:45:19,58.84,3100,
10:45:19,58.84,600,
10:45:19,58.84,1000,
10:45:19,58.84,188,
10:45:20,58.84,200,
10:45:20,58.84,100,
10:45:20,58.84,100,
10:45:20,58.84,2600,
10:45:20,58.84,1200,
10:45:20,58.85,400,
10:45:20,58.85,600,
10:45:20,58.85,100,
10:45:20,58.84,100,
10:45:20,58.84,300,
10:45:20,58.84,300,
10:45:21,58.84,100,
10:45:21,58.84,800,
10:45:21,58.84,400,
10:45:21,58.84,500,
10:45:21,58.84,100,
10:45:21,58.84,400,
10:45:26,58.84,900,
10:45:26,58.84,100,
10:45:26,58.84,815,
10:45:30,58.84,400,
10:45:30,58.84,1000,
10:45:30,58.84,300,
10:45:30,58.84,200,
10:45:30,58.84,313,
10:45:30,58.84,200,
10:45:38,58.839,1000,
10:45:44,58.83,800,
10:45:44,58.83,200,
10:45:44,58.83,100,
10:45:44,58.83,300,
10:45:44,58.83,600,
10:45:44,58.83,800,
10:45:44,58.83,200,
10:45:44,58.83,100,
10:45:44,58.83,100,
10:45:44,58.83,400,
10:45:44,58.83,200,
10:45:44,58.83,700,
10:45:44,58.83,800,
10:45:44,58.83,524,
10:45:44,58.83,100,
10:45:44,58.83,124,
10:45:44,58.83,100,
10:45:44,58.83,600,
10:45:44,58.83,240,
10:45:44,58.83,400,
10:45:48,58.83,200,
10:45:48,58.83,300,
10:45:48,58.83,200,
10:45:48,58.83,200,
10:45:48,58.83,100,
10:45:48,58.83,300,
10:45:48,58.83,200,
10:45:50,58.83,100,
10:45:54,58.82,313,
10:45:54,58.82,187,
10:46:02,58.82,824,
10:46:06,58.82,100,
10:46:07,58.82,200,
10:46:07,58.82,3852,
10:46:22,58.811,165,
10:46:26,58.82,100,
10:46:26,58.82,100,
10:46:26,58.82,600,
10:46:26,58.82,100,
10:46:26,58.82,174,
10:46:26,58.82,100,
10:46:26,58.82,126,
10:46:26,58.83,1000,
10:46:26,58.83,200,
10:46:26,58.83,1000,
10:46:26,58.83,100,
10:46:26,58.83,600,
10:46:26,58.83,2200,
10:46:26,58.83,200,
10:46:26,58.83,500,
10:46:26,58.83,500,
10:46:26,58.83,1000,
10:46:26,58.83,100,
10:46:26,58.83,800,
10:46:26,58.83,600,
10:46:26,58.825,200,
10:46:26,58.83,600,
10:46:26,58.83,400,
10:46:31,58.83,251,
10:46:31,58.83,200,
10:46:31,58.83,400,
10:46:31,58.83,100,
10:46:34,58.82,100,
10:46:36,58.83,1800,
10:46:36,58.83,400,
10:46:36,58.83,800,
10:46:36,58.825,200,
10:46:43,58.82,100,
10:46:43,58.82,100,
10:46:43,58.82,1300,
10:46:44,58.825,300,
10:46:51,58.83,4500,
10:46:54,58.82,113,
10:46:57,58.825,113,
10:47:00,58.82,800,
10:47:00,58.82,1000,
10:47:00,58.82,500,
10:47:00,58.82,400,
10:47:00,58.82,600,
10:47:00,58.82,800,
10:47:00,58.82,600,
10:47:00,58.82,200,
10:47:00,58.82,300,
10:47:00,58.82,200,
10:47:00,58.82,800,
10:47:01,58.82,400,
10:47:01,58.82,100,
10:47:01,58.82,100,
10:47:01,58.82,500,
10:47:01,58.82,400,
10:47:01,58.82,200,
10:47:03,58.82,400,
10:47:03,58.82,800,
10:47:03,58.82,200,
10:47:03,58.82,100,
10:47:03,58.82,100,
10:47:03,58.82,134,
10:47:03,58.82,1000,
10:47:04,58.81,200,
10:47:05,58.82,500,
10:47:05,58.82,100,
10:47:05,58.82,400,
10:47:05,58.82,100,
10:47:05,58.82,100,
10:47:05,58.82,100,
10:47:06,58.825,4000,
10:47:07,58.825,200,
10:47:09,58.82,300,
10:47:09,58.82,400,
10:47:09,58.82,500,
10:47:09,58.82,480,
10:47:11,58.82,400,
10:47:11,58.82,100,
10:47:11,58.82,300,
10:47:11,58.82,600,
10:47:11,58.82,100,
10:47:11,58.82,200,
10:47:11,58.82,200,
10:47:11,58.82,200,
10:47:16,58.825,4500,
10:47:18,58.82,800,
10:47:18,58.82,400,
10:47:18,58.82,600,
10:47:18,58.82,100,
10:47:18,58.82,400,
10:47:18,58.82,188,
10:47:18,58.82,100,
10:47:20,58.82,100,
10:47:20,58.82,100,
10:47:20,58.82,200,
10:47:20,58.82,100,
10:47:20,58.82,300,
10:47:20,58.82,400,
10:47:20,58.83,1600,
10:47:21,58.83,3500,
10:47:29,58.8293,300,
10:47:38,58.83,400,
10:47:40,58.83,500,
10:47:40,58.83,100,
10:47:40,58.83,115,
10:47:40,58.83,100,
10:47:40,58.84,700,
10:47:40,58.835,700,
10:47:40,58.83,1200,
10:47:41,58.83,600,
10:47:41,58.83,100,
10:47:41,58.83,200,
10:47:41,58.83,1000,
10:47:41,58.83,400,
10:47:41,58.83,1705,
10:47:44,58.83,100,
10:47:48,58.83,1000,
10:47:48,58.83,200,
10:47:48,58.83,600,
10:47:48,58.83,4100,
10:47:48,58.83,400,
10:47:48,58.83,1700,
10:47:48,58.83,100,
10:47:48,58.83,400,
10:47:48,58.83,400,
10:47:49,58.82,290,
10:47:49,58.82,1000,
10:47:49,58.82,110,
10:47:49,58.82,100,
10:47:50,58.82,200,
10:47:51,58.83,778,
10:47:51,58.83,400,
10:47:51,58.83,500,
10:47:51,58.83,100,
10:47:51,58.83,800,
10:47:51,58.83,100,
10:47:51,58.83,100,
10:47:52,58.8299,1300,
10:47:53,58.83,200,
10:47:53,58.83,1900,
10:47:53,58.83,100,
10:47:55,58.83,110,
10:48:03,58.84,100,
10:48:03,58.84,200,
10:48:03,58.84,213,
10:48:03,58.84,300,
10:48:03,58.84,1000,
10:48:03,58.84,400,
10:48:03,58.84,1159,
10:48:03,58.84,813,
10:48:03,58.84,300,
10:48:14,58.83,320,
10:48:16,58.83,600,
10:48:16,58.83,2500,
10:48:16,58.83,800,
10:48:16,58.83,100,
10:48:18,58.8201,1000,
10:48:22,58.83,400,
10:48:22,58.83,100,
10:48:29,58.83,100,
10:48:29,58.83,100,
10:48:29,58.83,200,
10:48:29,58.83,1300,
10:48:31,58.835,200,
10:48:33,58.83,100,
10:48:33,58.83,100,
10:48:33,58.83,500,
10:48:36,58.821,200,
10:48:46,58.82,100,
10:48:59,58.82,100,
10:49:01,58.82,100,
10:49:01,58.82,300,
10:49:07,58.82,100,
10:49:07,58.82,500,
10:49:08,58.81,7800,
10:49:16,58.81,113,
10:49:21,58.81,200,
10:49:21,58.81,374,
10:49:22,58.80,126,
10:49:22,58.80,600,
10:49:22,58.805,300,
10:49:22,58.8007,500,
10:49:22,58.8007,500,
10:49:22,58.8007,100,
10:49:22,58.8006,200,
10:49:22,58.801,400,
10:49:22,58.801,2000,
10:49:23,58.81,1850,
10:49:23,58.81,400,
10:49:23,58.81,600,
10:49:23,58.81,178,
10:49:23,58.81,100,
10:49:27,58.81,3600,
10:49:27,58.81,100,
10:49:27,58.81,100,
10:49:27,58.81,100,
10:49:27,58.81,100,
10:49:27,58.81,100,
10:49:27,58.81,100,
10:49:27,58.81,207,
10:49:27,58.81,222,
10:49:30,58.811,250,
10:49:33,58.81,750,
10:49:41,58.81,113,
10:49:45,58.81,100,
10:49:45,58.81,100,
10:49:45,58.81,100,
10:49:50,58.81,765,
10:49:50,58.81,200,
10:49:50,58.81,100,
10:49:50,58.81,100,
10:49:50,58.81,200,
10:49:50,58.81,600,
10:49:50,58.81,100,
10:49:50,58.81,100,
10:49:50,58.81,100,
10:50:03,58.82,1208,
10:50:03,58.82,707,
10:50:03,58.82,600,
10:50:03,58.82,400,
10:50:03,58.82,100,
10:50:03,58.82,100,
10:50:06,58.8146,400,
10:50:06,58.8146,200,
10:50:13,58.82,200,
10:50:16,58.81,200,
10:50:24,58.81,300,
10:50:25,58.81,276,
10:50:27,58.81,100,
10:50:32,58.81,100,
10:50:35,58.81,100,
10:50:35,58.81,500,
10:50:35,58.81,1000,
10:50:35,58.81,100,
10:50:36,58.80,100,
10:50:36,58.82,200,
10:50:42,58.81,500,
10:50:43,58.81,100,
10:50:53,58.81,500,
10:50:59,58.80,124,
10:51:00,58.81,600,
10:51:00,58.81,100,
10:51:00,58.81,815,
10:51:02,58.82,100,
10:51:02,58.82,600,
10:51:02,58.82,100,
10:51:02,58.82,100,
10:51:02,58.82,200,
10:51:02,58.82,100,
10:51:02,58.82,400,
10:51:02,58.82,100,
10:51:09,58.829,128,
10:51:12,58.8268,200,
10:51:30,58.82,500,
10:51:30,58.82,800,
10:51:30,58.82,213,
10:51:30,58.82,100,
10:51:30,58.82,1700,
10:51:30,58.82,200,
10:51:34,58.82,500,
10:51:47,58.8201,3500,
10:51:47,58.83,200,
10:51:48,58.83,100,
10:51:51,58.83,100,
10:51:59,58.82,124,
10:52:04,58.82,263,
10:52:04,58.82,200,
10:52:04,58.82,100,
10:52:04,58.82,163,
10:52:13,58.819,600,
10:52:28,58.82,400,
10:52:32,58.819,200,
10:52:39,58.82,100,
10:52:39,58.82,200,
10:52:41,58.8193,340,
10:52:43,58.81,512,
10:52:43,58.81,100,
10:52:44,58.80,300,
10:52:46,58.80,500,
10:52:46,58.80,100,
10:52:52,58.81,200,
10:52:52,58.81,200,
10:52:52,58.81,1200,
10:52:52,58.81,400,
10:52:52,58.805,587,
10:52:52,58.81,215,
10:52:52,58.8074,200,
10:52:57,58.81,1000,
10:52:57,58.81,100,
10:52:57,58.81,100,
10:52:57,58.81,100,
10:52:58,58.81,100,
10:52:59,58.82,200,
10:52:59,58.82,200,
10:52:59,58.82,200,
10:52:59,58.82,200,
10:52:59,58.82,200,
10:52:59,58.82,200,
10:52:59,58.82,815,
10:53:08,58.816,175,
10:53:32,58.81,100,
10:53:32,58.81,276,
10:53:34,58.81,380,
10:53:35,58.81,500,
10:53:35,58.81,200,
10:53:35,58.81,435,
10:53:38,58.80,300,
10:53:38,58.80,800,
10:53:41,58.80,100,
10:53:41,58.8001,1000,
10:53:46,58.80,800,
10:53:46,58.80,600,
10:53:46,58.80,100,
10:53:46,58.80,500,
10:53:46,58.80,200,
10:53:58,58.796,100,
10:54:01,58.79,600,
10:54:01,58.79,800,
10:54:01,58.79,1000,
10:54:01,58.79,600,
10:54:17,58.794,600,
10:54:19,58.80,100,
10:54:19,58.80,277,
10:54:19,58.80,100,
10:54:19,58.80,177,
10:54:19,58.80,600,
10:54:19,58.80,100,
10:54:19,58.80,100,
10:54:19,58.80,4100,
10:54:20,58.80,100,
10:54:20,58.80,1000,
10:54:20,58.80,100,
10:54:20,58.80,800,
10:54:20,58.80,100,
10:54:20,58.80,200,
10:54:20,58.80,100,
10:54:20,58.80,500,
10:54:20,58.80,200,
10:54:20,58.80,200,
10:54:20,58.80,500,
10:54:21,58.80,2300,
10:54:21,58.80,600,
10:54:21,58.80,1200,
10:54:21,58.80,400,
10:54:21,58.80,200,
10:54:27,58.80,3100,
10:54:36,58.81,600,
10:54:36,58.81,100,
10:54:36,58.81,194,
10:54:36,58.81,1000,
10:54:36,58.81,100,
10:54:36,58.81,100,
10:54:36,58.81,132,
10:54:36,58.81,364,
10:54:36,58.81,100,
10:54:36,58.81,100,
10:54:36,58.81,100,
10:54:36,58.81,100,
10:54:36,58.81,100,
10:54:37,58.81,300,
10:54:37,58.81,700,
10:54:38,58.81,100,
10:54:38,58.81,200,
10:54:38,58.81,400,
10:54:38,58.81,100,
10:54:38,58.81,100,
10:54:38,58.81,800,
10:54:51,58.80,1200,
10:55:02,58.80,217,
10:55:02,58.80,132,
10:55:27,58.79,100,
10:55:27,58.79,100,
10:55:33,58.799,1545,
10:55:37,58.791,1000,
10:55:40,58.79,1000,
10:55:57,58.79,200,
10:55:57,58.79,200,
10:55:57,58.79,200,
10:55:57,58.79,200,
10:55:57,58.79,200,
10:56:04,58.79,100,
10:56:08,58.79,100,
10:56:10,58.7913,200,
10:56:17,58.80,100,
10:56:17,58.80,100,
10:56:17,58.80,200,
10:56:19,58.7901,100,
10:56:24,58.79,100,
10:56:24,58.79,500,
10:56:30,58.80,200,
10:56:34,58.795,200,
10:56:35,58.79,287,
10:56:35,58.79,400,
10:56:35,58.79,187,
10:56:39,58.79,704,
10:56:39,58.79,200,
10:56:39,58.79,400,
10:56:39,58.79,400,
10:56:39,58.79,500,
10:56:39,58.79,600,
10:56:39,58.79,600,
10:56:39,58.79,1200,
10:56:39,58.79,100,
10:56:39,58.79,296,
10:56:55,58.80,100,
10:57:06,58.79,100,
10:57:06,58.79,2600,
10:57:06,58.79,400,
10:57:06,58.80,1200,
10:57:06,58.80,100,
10:57:06,58.80,100,
10:57:06,58.80,800,
10:57:06,58.80,2700,
10:57:07,58.81,600,
10:57:16,58.809,200,
10:57:19,58.81,100,
10:57:19,58.81,400,
10:57:19,58.81,400,
10:57:19,58.81,100,
10:57:19,58.81,100,
10:57:22,58.82,400,
10:57:22,58.82,300,
10:57:22,58.82,300,
10:57:22,58.82,100,
10:57:22,58.82,100,
10:57:23,58.82,100,
10:57:30,58.83,100,
10:57:32,58.83,100,
10:57:32,58.83,400,
10:57:32,58.83,402,
10:57:32,58.83,100,
10:57:32,58.83,300,
10:57:32,58.83,200,
10:57:32,58.83,300,
10:57:32,58.83,300,
10:57:32,58.83,100,
10:57:32,58.83,3298,
10:57:33,58.83,2600,
10:57:33,58.83,200,
10:57:33,58.83,200,
10:57:33,58.83,815,
10:57:33,58.83,700,
10:57:36,58.84,713,
10:57:41,58.84,100,
10:57:41,58.84,800,
10:57:42,58.84,100,
10:57:42,58.84,190,
10:57:43,58.84,100,
10:57:43,58.84,100,
10:57:43,58.84,600,
10:57:43,58.84,100,
10:57:43,58.835,100,
10:57:43,58.839,1000,
10:57:43,58.84,100,
10:57:43,58.835,100,
10:57:43,58.84,100,
10:57:46,58.84,500,
10:57:46,58.84,100,
10:57:46,58.84,400,
10:57:48,58.85,100,
10:57:51,58.84,300,
10:57:52,58.85,400,
10:57:52,58.85,100,
10:57:59,58.84,200,
10:57:59,58.84,200,
10:58:01,58.8401,300,
10:58:17,58.84,163,
10:58:18,58.84,100,
10:58:18,58.84,100,
10:58:18,58.84,400,
10:58:19,58.83,300,
10:58:19,58.84,205,
10:58:19,58.84,295,
10:58:25,58.84,508,
10:58:27,58.85,1000,
10:58:27,58.85,435,
10:58:32,58.84,400,
10:58:32,58.84,100,
10:58:32,58.84,400,
10:58:32,58.84,100,
10:58:32,58.84,200,
10:58:32,58.84,200,
10:58:58,58.84,3231,
10:59:02,58.83,100,
10:59:16,58.835,200,
10:59:22,58.84,600,
10:59:27,58.84,200,
10:59:32,58.84,815,
10:59:32,58.84,200,
10:59:32,58.85,500,
10:59:45,58.845,200,
10:59:45,58.8417,200,
10:59:45,58.841,300,
10:59:46,58.85,200,
10:59:47,58.84,600,
10:59:55,58.85,2200,
10:59:55,58.85,113,
10:59:55,58.85,100,
10:59:55,58.85,600,
10:59:55,58.85,200,
10:59:55,58.85,100,
10:59:55,58.85,800,
10:59:55,58.85,813,
10:59:55,58.86,600,
10:59:55,58.86,200,
10:59:55,58.86,100,
10:59:55,58.86,600,
10:59:55,58.86,500,
10:59:55,58.85,200,
10:59:55,58.85,100,
10:59:55,58.85,300,
10:59:55,58.85,1100,
10:59:55,58.85,100,
10:59:56,58.85,600,
10:59:56,58.85,600,
10:59:56,58.85,400,
10:59:56,58.85,100,
10:59:56,58.85,400,
10:59:56,58.85,400,
10:59:56,58.85,300,
11:00:09,58.86,433,
11:00:09,58.86,100,
11:00:09,58.85,1500,
11:00:09,58.85,300,
11:00:10,58.86,600,
11:00:10,58.86,100,
11:00:10,58.86,300,
11:00:10,58.86,200,
11:00:11,58.87,100,
11:00:11,58.87,100,
11:00:12,58.86,500,
11:00:12,58.86,1000,
11:00:14,58.88,100,
11:00:14,58.88,100,
11:00:14,58.87,100,
11:00:15,58.87,200,
11:00:15,58.87,500,
11:00:15,58.87,200,
11:00:15,58.87,1200,
11:00:15,58.87,300,
11:00:15,58.87,300,
11:00:15,58.87,200,
11:00:16,58.871,500,
11:00:17,58.88,100,
11:00:17,58.88,800,
11:00:17,58.88,665,
11:00:17,58.88,100,
11:00:17,58.88,300,
11:00:17,58.88,100,
11:00:17,58.88,100,
11:00:17,58.88,500,
11:00:18,58.88,100,
11:00:24,58.88,100,
11:00:24,58.88,268,
11:00:24,58.88,600,
11:00:24,58.87,200,
11:00:24,58.87,100,
11:00:24,58.87,300,
11:00:24,58.87,100,
11:00:30,58.87,100,
11:00:38,58.88,4000,
11:00:41,58.88,815,
11:00:41,58.88,100,
11:00:41,58.88,400,
11:00:41,58.88,185,
11:00:41,58.88,500,
11:00:41,58.88,600,
11:00:41,58.88,1200,
11:00:41,58.88,100,
11:00:41,58.88,100,
11:00:42,58.88,624,
11:00:42,58.88,1561,
11:00:46,58.89,150,
11:00:46,58.885,300,
11:00:46,58.89,450,
11:00:46,58.89,813,
11:00:47,58.88,1000,
11:00:47,58.88,1000,
11:00:47,58.88,300,
11:00:47,58.88,300,
11:00:51,58.88,500,
11:00:52,58.88,100,
11:00:53,58.88,200,
11:00:54,58.8738,2670,
11:01:03,58.87,624,
11:01:03,58.87,100,
11:01:05,58.87,500,
11:01:05,58.87,600,
11:01:05,58.87,500,
11:01:10,58.87,100,
11:01:11,58.87,200,
11:01:11,58.87,500,
11:01:11,58.87,300,
11:01:11,58.87,300,
11:01:14,58.87,700,
11:01:14,58.87,500,
11:01:14,58.87,300,
11:01:14,58.87,100,
11:01:14,58.87,600,
11:01:14,58.87,118,
11:01:18,58.88,200,
11:01:29,58.88,100,
11:01:29,58.88,100,
11:01:29,58.88,100,
11:01:29,58.88,100,
11:01:29,58.88,100,
11:01:29,58.88,100,
11:01:35,58.88,100,
11:01:46,58.88,600,
11:01:46,58.88,400,
11:01:49,58.8765,221,
11:01:49,58.87,200,
11:01:49,58.87,100,
11:01:49,58.87,100,
11:01:49,58.87,484,
11:01:55,58.87,362,
11:01:58,58.87,600,
11:01:58,58.86,12620,
11:02:00,58.861,300,
11:02:07,58.86,600,
11:02:13,58.86,300,
11:02:23,58.86,100,
11:02:23,58.86,100,
11:02:25,58.85,200,
11:02:37,58.86,100,
11:02:37,58.86,100,
11:02:37,58.86,111,
11:02:40,58.86,100,
11:02:40,58.86,100,
11:02:43,58.86,100,
11:02:43,58.86,400,
11:02:43,58.86,1000,
11:02:55,58.8601,2000,
11:03:00,58.86,100,
11:03:01,58.86,100,
11:03:08,58.85,100,
11:03:08,58.85,400,
11:03:08,58.85,800,
11:03:08,58.85,400,
11:03:08,58.85,600,
11:03:08,58.84,400,
11:03:08,58.84,500,
11:03:08,58.85,200,
11:03:13,58.85,400,
11:03:14,58.85,200,
11:03:14,58.85,500,
11:03:14,58.85,100,
11:03:14,58.85,800,
11:03:14,58.85,600,
