09:30:00,65.42,300,
09:30:00,65.42,105125,
09:30:00,65.41,300,
09:30:00,65.41,100,
09:30:00,65.42,160,
09:30:00,65.40,200,
09:30:00,65.40,123,
09:30:00,65.41,183,
09:30:00,65.41,100,
09:30:00,65.41,200,
09:30:00,65.42,500,
09:30:00,65.41,100,
09:30:00,65.41,100,
09:30:00,65.40,300,
09:30:01,65.43,4700,
09:30:01,65.43,500,
09:30:01,65.42,300,
09:30:01,65.42,200,
09:30:01,65.40,5393,
09:30:01,65.41,100,
09:30:01,65.43,200,
09:30:01,65.43,100,
09:30:02,65.44,300,
09:30:02,65.414,1000,
09:30:02,65.40,100,
09:30:02,65.40,191,
09:30:02,65.43,200,
09:30:02,65.42,200,
09:30:02,65.42,100,
09:30:02,65.44,500,
09:30:02,65.43,2000,
09:30:02,65.43,500,
09:30:02,65.43,100,
09:30:02,65.42,700,
09:30:02,65.43,200,
09:30:02,65.43,700,
09:30:02,65.43,200,
09:30:02,65.43,575,
09:30:02,65.43,200,
09:30:02,65.43,125,
09:30:02,65.43,200,
09:30:02,65.44,100,
09:30:02,65.42,200,
09:30:03,65.44,500,
09:30:03,65.44,200,
09:30:03,65.43,200,
09:30:03,65.43,200,
09:30:03,65.44,100,
09:30:03,65.44,116,
09:30:03,65.44,384,
09:30:03,65.44,416,
09:30:03,65.44,500,
09:30:03,65.44,200,
09:30:03,65.43,250,
09:30:03,65.45,300,
09:30:03,65.45,100,
09:30:03,65.44,3600,
09:30:03,65.44,100,
09:30:03,65.44,200,
09:30:03,65.44,200,
09:30:03,65.44,300,
09:30:03,65.44,100,
09:30:03,65.44,300,
09:30:04,65.44,400,
09:30:04,65.44,400,
09:30:04,65.44,100,
09:30:04,65.44,200,
09:30:05,65.44,200,
09:30:06,65.43,100,
09:30:06,65.45,100,
09:30:06,65.44,175,
09:30:07,65.45,300,
09:30:07,65.45,500,
09:30:07,65.45,3000,
09:30:07,65.45,100,
09:30:07,65.45,200,
09:30:08,65.45,800,
09:30:08,65.44,200,
09:30:08,65.45,200,
09:30:09,65.46,500,
09:30:09,65.46,300,
09:30:10,65.46,500,
09:30:10,65.47,300,
09:30:10,65.47,500,
09:30:10,65.47,400,
09:30:10,65.47,200,
09:30:10,65.47,500,
09:30:10,65.47,500,
09:30:10,65.47,500,
09:30:13,65.48,500,
09:30:13,65.48,300,
09:30:13,65.48,1000,
09:30:13,65.48,500,
09:30:13,65.47,100,
09:30:14,65.47,1300,
09:30:14,65.48,100,
09:30:14,65.48,500,
09:30:15,65.4393,229,
09:30:15,65.4399,229,
09:30:16,65.44,178,
09:30:16,65.44,100,
09:30:19,65.49,700,
09:30:19,65.49,200,
09:30:19,65.49,100,
09:30:19,65.49,500,
09:30:19,65.49,500,
09:30:19,65.49,200,
09:30:21,65.48,100,
09:30:21,65.48,700,
09:30:22,65.49,100,
09:30:22,65.49,500,
09:30:22,65.49,300,
09:30:22,65.49,300,
09:30:22,65.49,400,
09:30:22,65.49,2900,
09:30:23,65.438,680,
09:30:24,65.46,100,
09:30:24,65.48,500,
09:30:24,65.451,400,
09:30:25,65.48,300,
09:30:25,65.48,200,
09:30:25,65.48,200,
09:30:25,65.48,200,
09:30:27,65.471,100,
09:30:27,65.471,700,
09:30:28,65.48,300,
09:30:28,65.48,300,
09:30:28,65.48,200,
09:30:28,65.48,500,
09:30:28,65.47,500,
09:30:29,65.481,400,
09:30:29,65.49,100,
09:30:31,65.48,100,
09:30:31,65.48,3200,
09:30:31,65.48,300,
09:30:31,65.48,1100,
09:30:31,65.442,1000,
09:30:32,65.47,100,
09:30:32,65.47,4900,
09:30:32,65.47,200,
09:30:32,65.47,110,
09:30:32,65.47,200,
09:30:33,65.475,500,
09:30:33,65.47,600,
09:30:36,65.4701,700,
09:30:36,65.462,1200,
09:30:38,65.47,900,
09:30:38,65.47,100,
09:30:38,65.47,100,
09:30:38,65.47,400,
09:30:38,65.47,200,
09:30:38,65.47,100,
09:30:38,65.47,100,
09:30:38,65.47,290,
09:30:38,65.47,200,
09:30:38,65.47,100,
09:30:38,65.4701,900,
09:30:39,65.468,1500,
09:30:41,65.46,200,
09:30:41,65.46,100,
09:30:41,65.46,500,
09:30:43,65.46,100,
09:30:44,65.47,200,
09:30:44,65.47,100,
09:30:44,65.47,500,
09:30:44,65.47,400,
09:30:45,65.47,1700,
09:30:45,65.47,800,
09:30:45,65.47,1100,
09:30:45,65.47,1600,
09:30:45,65.47,800,
09:30:45,65.47,757,
09:30:45,65.47,1700,
09:30:45,65.47,200,
09:30:45,65.47,1700,
09:30:45,65.47,800,
09:30:45,65.47,800,
09:30:45,65.47,500,
09:30:45,65.47,1700,
09:30:45,65.47,1505,
09:30:45,65.47,1200,
09:30:45,65.47,19233,
09:30:45,65.47,900,
09:30:45,65.47,1000,
09:30:45,65.47,1000,
09:30:45,65.47,800,
09:30:45,65.47,200,
09:30:45,65.47,1000,
09:30:45,65.47,400,
09:30:45,65.47,2095,
09:30:45,65.47,1100,
09:30:46,65.47,500,
09:30:46,65.47,155,
09:30:46,65.47,500,
09:30:46,65.48,500,
09:30:46,65.48,100,
09:30:46,65.48,500,
09:30:46,65.49,500,
09:30:47,65.49,100,
09:30:47,65.49,200,
09:30:48,65.482,400,
09:30:49,65.48,300,
09:30:51,65.49,100,
09:30:54,65.48,400,
09:30:56,65.49,343,
09:30:56,65.49,100,
09:30:57,65.49,100,
09:30:57,65.49,100,
09:30:57,65.49,200,
09:30:57,65.49,300,
09:30:57,65.49,100,
09:30:57,65.49,100,
09:30:57,65.49,200,
09:30:57,65.49,100,
09:30:57,65.49,200,
09:30:57,65.48,100,
09:30:57,65.48,100,
09:30:57,65.48,100,
09:30:57,65.48,200,
09:30:57,65.48,800,
09:30:57,65.48,300,
09:30:57,65.48,700,
09:30:57,65.48,500,
09:30:57,65.48,100,
09:30:57,65.48,300,
09:30:57,65.48,100,
09:30:57,65.481,400,
09:30:58,65.48,100,
09:30:58,65.48,200,
09:30:58,65.48,100,
09:30:58,65.48,1100,
09:30:59,65.48,100,
09:30:59,65.48,200,
09:30:59,65.48,1000,
09:30:59,65.48,1100,
09:30:59,65.48,200,
09:30:59,65.48,100,
09:31:00,65.48,100,
09:31:00,65.48,100,
09:31:01,65.48,400,
09:31:01,65.48,100,
09:31:02,65.49,500,
09:31:02,65.49,125,
09:31:02,65.49,500,
09:31:02,65.495,100,
09:31:03,65.485,500,
09:31:04,65.49,3000,
09:31:04,65.49,100,
09:31:04,65.49,200,
09:31:04,65.49,200,
09:31:04,65.49,100,
09:31:04,65.49,200,
09:31:04,65.49,200,
09:31:04,65.49,100,
09:31:04,65.49,100,
09:31:04,65.485,300,
09:31:04,65.49,200,
09:31:04,65.49,500,
09:31:04,65.49,100,
09:31:07,65.4801,6710,
09:31:07,65.48,300,
09:31:07,65.48,500,
09:31:07,65.48,300,
09:31:07,65.48,300,
09:31:07,65.48,100,
09:31:07,65.475,100,
09:31:09,65.48,600,
09:31:09,65.48,100,
09:31:09,65.48,800,
09:31:10,65.48,100,
09:31:11,65.485,100,
09:31:11,65.49,500,
09:31:11,65.485,100,
09:31:12,65.48,500,
09:31:12,65.48,100,
09:31:12,65.48,800,
09:31:12,65.48,400,
09:31:12,65.48,300,
09:31:12,65.48,100,
09:31:12,65.48,800,
09:31:12,65.48,200,
09:31:12,65.48,600,
09:31:12,65.48,100,
09:31:13,65.49,200,
09:31:13,65.49,200,
09:31:13,65.49,200,
09:31:13,65.49,100,
09:31:13,65.491,200,
09:31:14,65.49,200,
09:31:15,65.49,100,
09:31:15,65.495,200,
09:31:15,65.50,230,
09:31:15,65.4986,350,
09:31:15,65.50,200,
09:31:15,65.4986,100,
09:31:15,65.4986,200,
09:31:15,65.499,700,
09:31:16,65.50,100,
09:31:16,65.50,300,
09:31:16,65.50,300,
09:31:16,65.495,100,
09:31:16,65.50,500,
09:31:16,65.50,300,
09:31:16,65.50,1000,
09:31:16,65.50,500,
09:31:16,65.50,500,
09:31:16,65.50,873,
09:31:16,65.50,250,
09:31:16,65.50,200,
09:31:16,65.50,230,
09:31:16,65.50,100,
09:31:16,65.50,100,
09:31:16,65.50,800,
09:31:16,65.50,500,
09:31:16,65.50,500,
09:31:16,65.50,500,
09:31:16,65.50,200,
09:31:16,65.50,500,
09:31:16,65.50,100,
09:31:16,65.50,155,
09:31:16,65.51,445,
09:31:16,65.51,500,
09:31:16,65.51,800,
09:31:16,65.51,300,
09:31:16,65.51,400,
09:31:16,65.51,300,
09:31:16,65.51,1600,
09:31:16,65.51,300,
09:31:17,65.50,100,
09:31:17,65.49,100,
09:31:17,65.49,1000,
09:31:17,65.49,100,
09:31:17,65.49,100,
09:31:17,65.49,100,
09:31:17,65.49,400,
09:31:18,65.50,100,
09:31:18,65.50,500,
09:31:18,65.50,1000,
09:31:18,65.50,400,
09:31:19,65.50,200,
09:31:22,65.49,500,
09:31:22,65.49,100,
09:31:22,65.49,400,
09:31:22,65.49,100,
09:31:22,65.49,900,
09:31:22,65.49,400,
09:31:22,65.49,300,
09:31:24,65.48,300,
09:31:25,65.499,9000,
09:31:25,65.48,100,
09:31:25,65.48,100,
09:31:25,65.48,200,
09:31:25,65.49,100,
09:31:25,65.48,100,
09:31:25,65.49,200,
09:31:26,65.49,100,
09:31:26,65.49,200,
09:31:26,65.49,200,
09:31:26,65.49,100,
09:31:26,65.49,100,
09:31:26,65.49,200,
09:31:26,65.49,200,
09:31:27,65.49,100,
09:31:27,65.49,100,
09:31:27,65.49,1000,
09:31:27,65.49,200,
09:31:27,65.49,1000,
09:31:27,65.49,1600,
09:31:27,65.49,200,
09:31:27,65.49,100,
09:31:27,65.49,200,
09:31:27,65.49,700,
09:31:27,65.49,100,
09:31:27,65.485,100,
09:31:27,65.491,100,
09:31:27,65.49,300,
09:31:27,65.491,100,
09:31:27,65.485,200,
09:31:28,65.491,150,
09:31:28,65.49,100,
09:31:28,65.49,200,
09:31:28,65.49,100,
09:31:28,65.48,100,
09:31:28,65.48,400,
09:31:28,65.48,100,
09:31:28,65.48,300,
09:31:28,65.48,200,
09:31:28,65.48,400,
09:31:28,65.48,200,
09:31:28,65.48,300,
09:31:28,65.48,100,
09:31:30,65.488,300,
09:31:34,65.47,2150,
09:31:34,65.47,200,
09:31:36,65.472,200,
09:31:37,65.47,300,
09:31:37,65.47,500,
09:31:37,65.47,100,
09:31:37,65.47,200,
09:31:38,65.47,500,
09:31:38,65.47,100,
09:31:38,65.465,100,
09:31:38,65.47,1200,
09:31:38,65.47,700,
09:31:38,65.47,500,
09:31:38,65.4701,4000,
09:31:38,65.47,100,
09:31:41,65.47,300,
09:31:41,65.47,100,
09:31:43,65.46,200,
09:31:43,65.46,100,
09:31:43,65.46,500,
09:31:43,65.46,100,
09:31:43,65.46,300,
09:31:43,65.46,200,
09:31:43,65.46,100,
09:31:43,65.455,100,
09:31:43,65.46,300,
09:31:44,65.455,100,
09:31:44,65.46,100,
09:31:44,65.46,100,
09:31:44,65.46,200,
09:31:44,65.46,300,
09:31:44,65.46,100,
09:31:44,65.46,100,
09:31:44,65.46,200,
09:31:45,65.45,500,
09:31:45,65.45,500,
09:31:45,65.45,1000,
09:31:45,65.44,300,
09:31:45,65.44,500,
09:31:45,65.44,800,
09:31:45,65.44,700,
09:31:45,65.44,200,
09:31:45,65.44,1000,
09:31:45,65.44,100,
09:31:45,65.44,2100,
09:31:45,65.44,200,
09:31:45,65.44,200,
09:31:45,65.44,700,
09:31:45,65.44,450,
09:31:45,65.435,300,
09:31:45,65.435,100,
09:31:46,65.4499,388,
09:31:46,65.44,800,
09:31:46,65.43,200,
09:31:46,65.44,200,
09:31:46,65.43,500,
09:31:46,65.43,500,
09:31:46,65.43,500,
09:31:46,65.43,200,
09:31:46,65.43,200,
09:31:46,65.43,700,
09:31:46,65.43,100,
09:31:46,65.42,100,
09:31:47,65.42,500,
09:31:47,65.42,500,
09:31:47,65.42,200,
09:31:47,65.42,200,
09:31:47,65.42,200,
09:31:47,65.42,100,
09:31:47,65.43,200,
09:31:47,65.43,100,
09:31:47,65.43,100,
09:31:47,65.43,100,
09:31:48,65.44,500,
09:31:48,65.44,100,
09:31:48,65.44,100,
09:31:48,65.44,200,
09:31:48,65.44,600,
09:31:48,65.44,300,
09:31:48,65.44,200,
09:31:48,65.44,300,
09:31:48,65.44,200,
09:31:48,65.44,100,
09:31:48,65.431,1900,
09:31:51,65.43,200,
09:31:52,65.435,100,
09:31:53,65.43,200,
09:31:53,65.43,500,
09:31:53,65.43,300,
09:31:53,65.43,100,
09:31:53,65.43,1600,
09:31:53,65.43,100,
09:31:54,65.43,200,
09:31:54,65.43,400,
09:31:56,65.42,100,
09:31:57,65.41,200,
09:31:57,65.41,200,
09:31:57,65.41,300,
09:31:57,65.41,400,
09:31:57,65.40,400,
09:31:58,65.40,500,
09:31:58,65.40,500,
09:31:59,65.39,200,
09:31:59,65.39,500,
09:31:59,65.39,200,
09:31:59,65.39,4700,
09:31:59,65.39,100,
09:31:59,65.39,200,
09:31:59,65.39,100,
09:31:59,65.39,100,
09:31:59,65.39,500,
09:31:59,65.39,900,
09:31:59,65.39,400,
09:31:59,65.39,200,
09:31:59,65.39,400,
09:31:59,65.39,200,
09:31:59,65.3901,3110,
09:32:00,65.40,100,
09:32:00,65.41,100,
09:32:00,65.40,100,
09:32:00,65.40,200,
09:32:00,65.40,1000,
09:32:00,65.40,100,
09:32:00,65.40,200,
09:32:00,65.39,100,
09:32:00,65.39,300,
09:32:00,65.39,600,
09:32:00,65.39,100,
09:32:00,65.39,300,
09:32:00,65.39,1000,
09:32:00,65.39,200,
09:32:00,65.39,500,
09:32:00,65.39,200,
09:32:00,65.39,700,
09:32:00,65.39,200,
09:32:00,65.39,1600,
09:32:00,65.39,1400,
09:32:01,65.39,100,
09:32:01,65.382,960,
09:32:01,65.38,500,
09:32:01,65.38,100,
09:32:02,65.39,600,
09:32:02,65.39,100,
09:32:02,65.39,100,
09:32:02,65.39,600,
09:32:02,65.39,200,
09:32:02,65.39,200,
09:32:02,65.40,500,
09:32:02,65.40,500,
09:32:02,65.40,100,
09:32:02,65.40,200,
09:32:02,65.40,200,
09:32:02,65.39,200,
09:32:02,65.39,1600,
09:32:02,65.39,4700,
09:32:02,65.39,500,
09:32:04,65.40,300,
09:32:04,65.40,100,
09:32:04,65.40,300,
09:32:05,65.40,100,
09:32:05,65.40,100,
09:32:06,65.40,100,
09:32:07,65.401,100,
09:32:07,65.39,200,
09:32:07,65.40,400,
09:32:07,65.40,300,
09:32:07,65.40,100,
09:32:08,65.41,100,
09:32:08,65.41,2500,
09:32:08,65.41,200,
09:32:08,65.41,500,
09:32:08,65.41,500,
09:32:08,65.41,100,
09:32:08,65.41,100,
09:32:08,65.42,300,
09:32:08,65.42,300,
09:32:08,65.42,500,
09:32:08,65.43,500,
09:32:08,65.43,400,
09:32:09,65.43,100,
09:32:09,65.43,100,
09:32:10,65.43,100,
09:32:10,65.43,200,
09:32:10,65.43,100,
09:32:10,65.43,100,
09:32:10,65.43,100,
09:32:10,65.43,400,
09:32:11,65.43,100,
09:32:11,65.44,100,
09:32:11,65.44,500,
09:32:11,65.44,500,
09:32:11,65.44,500,
09:32:11,65.44,500,
09:32:11,65.44,215,
09:32:11,65.44,100,
09:32:11,65.43,100,
09:32:11,65.43,100,
09:32:11,65.44,4700,
09:32:11,65.44,300,
09:32:11,65.44,3200,
09:32:11,65.44,100,
09:32:11,65.44,1600,
09:32:11,65.44,200,
09:32:11,65.44,700,
09:32:11,65.44,200,
09:32:11,65.44,100,
09:32:11,65.44,200,
09:32:11,65.44,500,
09:32:11,65.44,1000,
09:32:11,65.44,200,
09:32:11,65.44,500,
09:32:11,65.44,200,
09:32:11,65.44,200,
09:32:11,65.44,100,
09:32:11,65.44,100,
09:32:11,65.44,310,
09:32:11,65.43,700,
09:32:12,65.44,300,
09:32:12,65.44,100,
09:32:15,65.44,385,
09:32:15,65.44,200,
09:32:16,65.44,256,
09:32:16,65.43,200,
09:32:17,65.43,100,
09:32:18,65.43,200,
09:32:20,65.43,100,
09:32:23,65.43,300,
09:32:24,65.43,500,
09:32:25,65.43,200,
09:32:26,65.43,200,
09:32:26,65.43,700,
09:32:26,65.43,100,
09:32:26,65.43,300,
09:32:26,65.425,100,
09:32:26,65.44,115,
09:32:26,65.44,100,
09:32:26,65.43,300,
09:32:30,65.43,100,
09:32:32,65.42,300,
09:32:33,65.42,919,
09:32:33,65.42,100,
09:32:33,65.43,100,
09:32:35,65.43,159,
09:32:35,65.43,285,
09:32:35,65.425,100,
09:32:35,65.44,400,
09:32:37,65.4301,1836,
09:32:37,65.44,100,
09:32:38,65.44,300,
09:32:38,65.44,100,
09:32:44,65.43,284,
09:32:44,65.43,500,
09:32:44,65.43,100,
09:32:44,65.425,100,
09:32:46,65.43,1100,
09:32:46,65.43,1000,
09:32:46,65.43,100,
09:32:46,65.43,200,
09:32:46,65.425,100,
09:32:47,65.43,100,
09:32:47,65.43,200,
09:32:47,65.43,100,
09:32:50,65.43,2500,
09:32:50,65.43,100,
09:32:50,65.43,100,
09:32:52,65.4201,1885,
09:32:52,65.431,200,
09:32:52,65.431,500,
09:32:52,65.431,300,
09:32:54,65.42,500,
09:32:54,65.42,500,
09:32:54,65.42,500,
09:32:54,65.42,800,
09:32:54,65.42,1000,
09:32:54,65.42,200,
09:32:54,65.42,200,
09:32:56,65.42,500,
09:32:58,65.4114,1000,
09:32:58,65.41,500,
09:32:58,65.41,500,
09:32:58,65.41,200,
09:32:58,65.41,100,
09:32:58,65.41,100,
09:32:58,65.41,1600,
09:32:59,65.42,100,
09:33:01,65.42,1000,
09:33:01,65.42,300,
09:33:02,65.42,1000,
09:33:02,65.42,200,
09:33:02,65.42,800,
09:33:02,65.42,100,
09:33:02,65.42,200,
09:33:05,65.411,800,
09:33:06,65.41,100,
09:33:06,65.41,700,
09:33:06,65.41,276,
09:33:08,65.4101,500,
09:33:08,65.42,500,
09:33:12,65.42,100,
09:33:12,65.42,300,
09:33:12,65.42,200,
09:33:12,65.42,200,
09:33:13,65.428,200,
09:33:14,65.42,100,
09:33:15,65.43,100,
09:33:15,65.43,2500,
09:33:15,65.43,500,
09:33:15,65.43,500,
09:33:15,65.43,200,
09:33:15,65.43,100,
09:33:15,65.43,100,
09:33:15,65.43,200,
09:33:16,65.44,400,
09:33:17,65.44,500,
09:33:17,65.44,400,
09:33:18,65.43,100,
09:33:18,65.43,500,
09:33:18,65.43,276,
09:33:19,65.43,300,
09:33:19,65.43,100,
09:33:19,65.43,100,
09:33:22,65.43,700,
09:33:22,65.43,248,
09:33:23,65.43,381,
09:33:23,65.43,200,
09:33:25,65.43,100,
09:33:25,65.43,300,
09:33:26,65.43,100,
09:33:26,65.43,300,
09:33:26,65.43,100,
09:33:29,65.43,200,
09:33:29,65.43,200,
09:33:29,65.43,100,
09:33:29,65.43,100,
09:33:29,65.43,100,
09:33:31,65.4201,400,
09:33:32,65.42,700,
09:33:32,65.42,500,
09:33:32,65.42,700,
09:33:32,65.42,500,
09:33:32,65.42,500,
09:33:32,65.43,700,
09:33:32,65.43,100,
09:33:32,65.43,800,
09:33:32,65.43,700,
09:33:32,65.43,100,
09:33:32,65.44,216,
09:33:32,65.44,100,
09:33:32,65.43,500,
09:33:33,65.43,700,
09:33:35,65.42,300,
09:33:35,65.42,100,
09:33:35,65.42,100,
09:33:36,65.42,100,
09:33:36,65.42,100,
09:33:37,65.42,100,
09:33:38,65.4165,117,
09:33:42,65.41,100,
09:33:42,65.41,344,
09:33:42,65.42,100,
09:33:44,65.41,500,
09:33:46,65.40,500,
09:33:46,65.40,500,
09:33:46,65.40,100,
09:33:48,65.39,500,
09:33:48,65.39,1000,
09:33:48,65.39,100,
09:33:48,65.39,200,
09:33:48,65.39,500,
09:33:48,65.39,600,
09:33:48,65.39,127,
09:33:48,65.39,127,
09:33:48,65.39,100,
09:33:48,65.39,386,
09:33:49,65.39,110,
09:33:49,65.38,182,
09:33:49,65.38,200,
09:33:49,65.38,300,
09:33:49,65.38,500,
09:33:49,65.38,482,
09:33:49,65.38,800,
09:33:49,65.38,200,
09:33:49,65.38,500,
09:33:49,65.38,500,
09:33:49,65.39,200,
09:33:50,65.39,200,
09:33:50,65.3913,1000,
09:33:52,65.39,100,
09:33:52,65.39,200,
09:33:52,65.39,200,
09:33:52,65.39,100,
09:33:52,65.39,700,
09:33:52,65.39,500,
09:33:52,65.39,200,
09:33:52,65.39,100,
09:33:52,65.39,100,
09:33:52,65.388,500,
09:33:53,65.3901,1000,
09:33:54,65.39,200,
09:33:54,65.39,100,
09:33:55,65.40,200,
09:33:56,65.38,100,
09:33:56,65.38,200,
09:33:56,65.38,1000,
09:33:56,65.38,100,
09:33:56,65.39,200,
09:33:58,65.38,622,
09:33:59,65.37,100,
09:33:59,65.38,400,
09:34:01,65.37,100,
09:34:04,65.3701,2989,
09:34:04,65.38,100,
09:34:06,65.38,300,
09:34:07,65.3791,306,
09:34:08,65.37,3800,
09:34:08,65.37,800,
09:34:08,65.37,500,
09:34:08,65.37,500,
09:34:08,65.37,800,
09:34:08,65.37,700,
09:34:08,65.37,1300,
09:34:08,65.37,100,
09:34:08,65.37,100,
09:34:08,65.36,500,
09:34:08,65.36,800,
09:34:08,65.36,1000,
09:34:08,65.36,400,
09:34:08,65.36,100,
09:34:08,65.36,500,
09:34:08,65.36,500,
09:34:08,65.37,100,
09:34:09,65.37,100,
09:34:10,65.37,100,
09:34:10,65.37,100,
09:34:12,65.37,400,
09:34:13,65.36,2189,
09:34:13,65.36,1611,
09:34:14,65.36,100,
09:34:14,65.36,700,
09:34:14,65.36,200,
09:34:14,65.36,100,
09:34:14,65.36,100,
09:34:14,65.36,200,
09:34:14,65.36,700,
09:34:14,65.36,1000,
09:34:14,65.35,154,
09:34:15,65.36,100,
09:34:16,65.35,1600,
09:34:16,65.35,2346,
09:34:16,65.35,200,
09:34:17,65.358,200,
09:34:18,65.35,100,
09:34:18,65.35,375,
09:34:18,65.34,1400,
09:34:18,65.34,500,
09:34:18,65.34,500,
09:34:19,65.34,3800,
09:34:19,65.34,1500,
09:34:19,65.34,100,
09:34:19,65.34,1000,
09:34:19,65.34,100,
09:34:19,65.34,200,
09:34:19,65.34,1100,
09:34:19,65.34,200,
09:34:19,65.34,700,
09:34:19,65.34,100,
09:34:19,65.34,200,
09:34:19,65.35,100,
09:34:21,65.34,100,
09:34:21,65.34,100,
09:34:21,65.35,100,
09:34:21,65.35,100,
09:34:21,65.35,600,
09:34:21,65.35,500,
09:34:21,65.35,500,
09:34:23,65.3501,1000,
09:34:23,65.36,500,
09:34:23,65.36,500,
09:34:24,65.36,1128,
09:34:24,65.36,100,
09:34:24,65.36,400,
09:34:24,65.36,100,
09:34:24,65.36,100,
09:34:24,65.37,300,
09:34:24,65.37,144,
09:34:26,65.36,300,
09:34:26,65.36,100,
09:34:26,65.36,100,
09:34:26,65.36,200,
09:34:26,65.36,400,
09:34:26,65.36,200,
09:34:27,65.37,500,
09:34:27,65.37,100,
09:34:27,65.37,100,
09:34:27,65.37,200,
09:34:30,65.37,100,
09:34:30,65.37,100,
09:34:32,65.38,500,
09:34:32,65.38,2560,
09:34:32,65.38,500,
09:34:32,65.38,100,
09:34:32,65.38,200,
09:34:32,65.38,100,
09:34:32,65.38,300,
09:34:32,65.38,100,
09:34:32,65.38,100,
09:34:32,65.38,100,
09:34:33,65.37,300,
09:34:36,65.36,100,
09:34:36,65.36,100,
09:34:36,65.36,600,
09:34:37,65.37,251,
09:34:37,65.37,600,
09:34:37,65.37,700,
09:34:37,65.37,200,
09:34:37,65.37,300,
09:34:37,65.38,500,
09:34:38,65.37,200,
09:34:38,65.37,1000,
09:34:39,65.36,100,
09:34:39,65.36,500,
09:34:39,65.36,100,
09:34:39,65.36,300,
09:34:39,65.36,1000,
09:34:39,65.36,500,
09:34:39,65.36,100,
09:34:39,65.36,200,
09:34:40,65.36,300,
09:34:40,65.36,100,
09:34:40,65.36,300,
09:34:40,65.36,700,
09:34:40,65.36,100,
09:34:40,65.36,200,
09:34:40,65.36,200,
09:34:40,65.36,700,
09:34:40,65.36,300,
09:34:40,65.36,100,
09:34:41,65.36,100,
09:34:41,65.36,100,
09:34:43,65.36,1000,
09:34:43,65.36,100,
09:34:47,65.3501,1733,
09:34:50,65.35,300,
09:34:50,65.36,552,
09:34:50,65.36,300,
09:34:50,65.36,200,
09:34:50,65.3595,1000,
09:34:54,65.36,100,
09:34:56,65.352,1000,
09:34:58,65.35,500,
09:34:58,65.35,500,
09:34:59,65.35,400,
09:34:59,65.35,100,
09:35:00,65.35,100,
09:35:00,65.34,700,
09:35:00,65.34,100,
09:35:00,65.34,1355,
09:35:00,65.34,500,
09:35:00,65.34,1400,
09:35:00,65.34,1300,
09:35:00,65.34,800,
09:35:00,65.34,500,
09:35:00,65.34,100,
09:35:00,65.34,200,
09:35:00,65.34,1600,
09:35:00,65.34,300,
09:35:00,65.34,679,
09:35:01,65.34,400,
09:35:02,65.34,600,
09:35:02,65.34,100,
09:35:02,65.34,200,
09:35:03,65.3389,400,
09:35:05,65.332,100,
09:35:07,65.34,300,
09:35:07,65.34,1300,
09:35:08,65.3301,500,
09:35:11,65.33,300,
09:35:11,65.33,100,
09:35:11,65.33,133,
09:35:11,65.33,433,
09:35:11,65.33,500,
09:35:11,65.33,300,
09:35:11,65.33,300,
09:35:11,65.33,200,
09:35:11,65.33,200,
09:35:11,65.33,700,
09:35:11,65.33,100,
09:35:11,65.33,100,
09:35:11,65.33,300,
09:35:11,65.33,300,
09:35:11,65.33,100,
09:35:11,65.33,500,
09:35:11,65.33,400,
09:35:12,65.33,300,
09:35:12,65.33,100,
09:35:13,65.34,100,
09:35:13,65.33,100,
09:35:15,65.33,1400,
09:35:15,65.32,200,
09:35:15,65.32,500,
09:35:15,65.32,900,
09:35:16,65.32,200,
09:35:16,65.32,500,
09:35:17,65.31,406,
09:35:17,65.31,500,
09:35:17,65.31,300,
09:35:17,65.30,500,
09:35:17,65.30,175,
09:35:17,65.30,200,
09:35:17,65.30,500,
09:35:17,65.30,500,
09:35:17,65.30,400,
09:35:19,65.30,100,
09:35:19,65.30,200,
09:35:19,65.31,200,
09:35:19,65.30,100,
09:35:19,65.3001,2500,
09:35:19,65.30,100,
09:35:19,65.30,400,
09:35:19,65.30,300,
09:35:19,65.30,800,
09:35:19,65.30,100,
09:35:20,65.30,100,
09:35:21,65.30,100,
09:35:22,65.30,900,
09:35:23,65.29,500,
09:35:23,65.29,200,
09:35:23,65.29,500,
09:35:23,65.29,500,
09:35:23,65.29,600,
09:35:23,65.29,500,
09:35:23,65.29,100,
09:35:24,65.30,200,
09:35:24,65.29,100,
09:35:24,65.29,200,
09:35:24,65.29,300,
09:35:25,65.30,100,
09:35:25,65.30,200,
09:35:25,65.30,200,
09:35:25,65.30,700,
09:35:25,65.30,6200,
09:35:25,65.30,100,
09:35:25,65.30,400,
09:35:25,65.30,200,
09:35:25,65.30,100,
09:35:25,65.30,100,
09:35:25,65.295,200,
09:35:25,65.31,200,
09:35:26,65.30,100,
09:35:26,65.30,100,
09:35:26,65.30,300,
09:35:26,65.29,1000,
09:35:27,65.2995,1000,
09:35:28,65.29,100,
09:35:28,65.28,100,
09:35:28,65.28,100,
09:35:29,65.29,300,
09:35:29,65.29,100,
09:35:29,65.29,100,
09:35:29,65.30,690,
09:35:29,65.30,100,
09:35:30,65.29,100,
09:35:33,65.29,110,
09:35:33,65.29,100,
09:35:33,65.29,100,
09:35:33,65.29,300,
09:35:33,65.29,200,
09:35:33,65.28,800,
09:35:33,65.29,700,
09:35:33,65.29,300,
09:35:33,65.29,100,
09:35:33,65.29,1600,
09:35:35,65.2899,300,
09:35:38,65.28,236,
09:35:38,65.28,300,
09:35:38,65.28,264,
09:35:38,65.28,100,
09:35:40,65.2705,1750,
09:35:43,65.28,100,
09:35:43,65.28,1000,
09:35:43,65.28,100,
09:35:43,65.28,5700,
09:35:43,65.28,100,
09:35:43,65.28,4100,
09:35:43,65.29,700,
09:35:43,65.29,700,
09:35:43,65.29,100,
09:35:43,65.29,500,
09:35:43,65.29,300,
09:35:43,65.29,1100,
09:35:43,65.29,100,
09:35:43,65.29,400,
09:35:44,65.28,100,
09:35:44,65.28,100,
09:35:45,65.29,390,
09:35:45,65.29,100,
09:35:46,65.29,1000,
09:35:46,65.29,200,
09:35:46,65.29,200,
09:35:46,65.29,200,
09:35:46,65.29,1000,
09:35:46,65.29,1500,
09:35:46,65.29,1000,
09:35:46,65.2801,100,
09:35:49,65.2801,100,
09:35:49,65.284,100,
09:35:52,65.28,500,
09:35:52,65.28,200,
09:35:52,65.28,200,
09:35:52,65.28,100,
09:35:53,65.28,100,
09:35:53,65.28,236,
09:35:53,65.28,926,
09:35:53,65.28,100,
09:35:53,65.28,100,
09:35:53,65.28,800,
09:35:53,65.278,100,
09:35:58,65.27,500,
09:35:58,65.27,500,
09:35:58,65.26,100,
09:35:58,65.26,500,
09:35:58,65.26,100,
09:35:58,65.26,100,
09:35:58,65.26,100,
09:35:59,65.26,200,
09:35:59,65.26,100,
09:35:59,65.26,100,
09:35:59,65.27,100,
09:36:00,65.27,100,
09:36:01,65.269,500,
09:36:02,65.26,300,
09:36:02,65.26,600,
09:36:06,65.26,100,
09:36:06,65.26,100,
09:36:06,65.26,2300,
09:36:07,65.26,100,
09:36:08,65.27,563,
09:36:08,65.27,500,
09:36:08,65.27,700,
09:36:09,65.2645,900,
09:36:09,65.26,500,
09:36:09,65.26,200,
09:36:09,65.25,100,
09:36:09,65.25,800,
09:36:09,65.25,700,
09:36:09,65.25,500,
09:36:09,65.25,2500,
09:36:09,65.25,500,
09:36:09,65.25,100,
09:36:09,65.25,950,
09:36:09,65.25,400,
09:36:09,65.25,100,
09:36:09,65.25,300,
09:36:10,65.262,895,
09:36:13,65.26,500,
09:36:13,65.26,300,
09:36:13,65.26,1100,
09:36:15,65.26,2200,
09:36:15,65.26,100,
09:36:22,65.26,500,
09:36:22,65.26,800,
09:36:22,65.26,800,
09:36:22,65.26,100,
09:36:22,65.26,1866,
09:36:22,65.26,5400,
09:36:22,65.26,4700,
09:36:22,65.26,200,
09:36:22,65.26,500,
09:36:22,65.26,534,
09:36:31,65.26,159,
09:36:31,65.26,3100,
09:36:31,65.269,1100,
09:36:32,65.26,100,
09:36:32,65.26,100,
09:36:32,65.25,300,
09:36:32,65.25,100,
09:36:34,65.26,200,
09:36:35,65.25,100,
09:36:35,65.25,5400,
09:36:35,65.25,1200,
09:36:35,65.25,200,
09:36:35,65.25,200,
09:36:35,65.25,1199,
09:36:36,65.25,300,
09:36:36,65.25,100,
09:36:36,65.26,200,
09:36:36,65.26,300,
09:36:36,65.26,200,
09:36:36,65.26,300,
09:36:37,65.26,100,
09:36:37,65.26,100,
09:36:37,65.26,100,
09:36:37,65.26,200,
09:36:37,65.26,1000,
09:36:37,65.26,1600,
09:36:37,65.26,500,
09:36:37,65.26,200,
09:36:37,65.26,100,
09:36:38,65.26,1600,
09:36:38,65.26,100,
09:36:39,65.26,200,
09:36:43,65.259,400,
09:36:45,65.26,100,
09:36:45,65.27,1400,
09:36:46,65.26,100,
09:36:46,65.25,100,
09:36:46,65.26,300,
09:36:46,65.26,200,
09:36:49,65.26,100,
09:37:04,65.27,100,
09:37:05,65.261,100,
09:37:06,65.26,100,
09:37:06,65.26,1000,
09:37:09,65.27,100,
09:37:09,65.27,300,
09:37:09,65.27,500,
09:37:09,65.27,2000,
09:37:09,65.27,800,
09:37:09,65.27,800,
09:37:09,65.27,905,
09:37:10,65.27,100,
09:37:10,65.27,3494,
09:37:10,65.27,2590,
09:37:10,65.27,300,
09:37:13,65.26,100,
09:37:14,65.26,100,
09:37:14,65.255,1000,
09:37:15,65.2599,2500,
09:37:16,65.26,100,
09:37:16,65.26,100,
09:37:17,65.25,100,
09:37:17,65.25,100,
09:37:17,65.25,100,
09:37:17,65.25,100,
09:37:17,65.25,500,
09:37:17,65.25,500,
09:37:17,65.25,100,
09:37:17,65.25,100,
09:37:19,65.25,800,
09:37:19,65.25,300,
09:37:20,65.25,1000,
09:37:20,65.25,300,
09:37:20,65.25,100,
09:37:20,65.25,200,
09:37:20,65.25,400,
09:37:20,65.25,300,
09:37:21,65.25,200,
09:37:22,65.25,100,
09:37:22,65.25,100,
09:37:22,65.25,200,
09:37:22,65.25,800,
09:37:23,65.25,100,
09:37:23,65.24,100,
09:37:23,65.24,500,
09:37:23,65.24,100,
09:37:23,65.24,500,
09:37:23,65.24,300,
09:37:23,65.24,3800,
09:37:23,65.24,200,
09:37:23,65.24,1000,
09:37:23,65.24,100,
09:37:23,65.24,230,
09:37:23,65.24,300,
09:37:24,65.24,100,
09:37:24,65.23,700,
09:37:24,65.23,100,
09:37:24,65.23,467,
09:37:24,65.23,500,
09:37:24,65.23,285,
09:37:24,65.23,385,
09:37:24,65.23,100,
09:37:24,65.23,100,
09:37:25,65.23,100,
09:37:26,65.23,100,
09:37:29,65.23,400,
09:37:29,65.22,200,
09:37:29,65.22,500,
09:37:29,65.22,500,
09:37:29,65.22,300,
09:37:30,65.22,100,
09:37:31,65.22,100,
09:37:31,65.22,500,
09:37:31,65.22,200,
09:37:31,65.22,300,
09:37:33,65.21,100,
09:37:35,65.21,100,
09:37:39,65.21,200,
09:37:39,65.22,100,
09:37:39,65.22,300,
09:37:39,65.22,120,
09:37:41,65.2101,100,
09:37:42,65.22,400,
09:37:42,65.22,4500,
09:37:42,65.22,500,
09:37:42,65.2201,200,
09:37:42,65.22,100,
09:37:42,65.22,300,
09:37:42,65.22,900,
09:37:43,65.22,100,
09:37:44,65.21,500,
09:37:44,65.21,500,
09:37:44,65.21,500,
09:37:44,65.21,100,
09:37:44,65.21,170,
09:37:44,65.21,300,
09:37:44,65.21,100,
09:37:44,65.21,300,
09:37:48,65.20,100,
09:37:48,65.20,500,
09:37:48,65.20,500,
09:37:48,65.20,300,
09:37:48,65.20,100,
09:37:48,65.20,200,
09:37:48,65.20,200,
09:37:48,65.20,1000,
09:37:48,65.20,700,
09:37:48,65.20,700,
09:37:48,65.20,500,
09:37:48,65.20,200,
09:37:48,65.20,200,
09:37:48,65.20,500,
09:37:48,65.20,200,
09:37:48,65.20,200,
09:37:48,65.21,100,
09:37:48,65.21,200,
09:37:50,65.20,200,
09:37:52,65.21,300,
09:37:52,65.21,300,
09:37:52,65.21,100,
09:37:52,65.21,2600,
09:37:52,65.21,800,
09:37:53,65.21,200,
09:37:53,65.21,100,
09:37:53,65.211,100,
09:37:54,65.21,800,
09:37:55,65.21,100,
09:37:57,65.21,500,
09:37:57,65.21,1000,
09:37:57,65.21,500,
09:37:57,65.21,300,
09:37:57,65.21,1600,
09:37:57,65.21,100,
09:37:57,65.21,500,
09:37:57,65.21,100,
09:37:57,65.22,116,
09:37:57,65.22,100,
09:37:57,65.21,100,
09:37:58,65.21,100,
09:37:58,65.21,600,
09:37:58,65.21,160,
09:37:58,65.21,100,
09:37:59,65.21,100,
09:38:01,65.21,200,
09:38:01,65.21,100,
09:38:01,65.20,100,
09:38:08,65.20,2090,
09:38:08,65.20,100,
09:38:08,65.20,950,
09:38:08,65.20,210,
09:38:08,65.20,100,
09:38:08,65.202,200,
09:38:08,65.20,100,
09:38:08,65.20,300,
09:38:08,65.21,800,
09:38:08,65.21,1700,
09:38:08,65.202,100,
09:38:12,65.21,100,
09:38:12,65.21,500,
09:38:12,65.21,500,
09:38:12,65.21,700,
09:38:12,65.22,384,
09:38:14,65.22,500,
09:38:14,65.22,800,
09:38:18,65.23,100,
09:38:18,65.23,500,
09:38:18,65.23,1100,
09:38:18,65.23,100,
09:38:18,65.23,500,
09:38:18,65.23,1300,
09:38:18,65.23,300,
09:38:18,65.23,400,
09:38:18,65.23,200,
09:38:19,65.23,100,
09:38:26,65.218,600,
09:38:28,65.21,100,
09:38:28,65.21,100,
09:38:28,65.21,1000,
09:38:28,65.21,800,
09:38:28,65.21,500,
09:38:28,65.21,500,
09:38:28,65.21,500,
09:38:28,65.21,1000,
09:38:28,65.21,800,
09:38:28,65.21,100,
09:38:28,65.21,132,
09:38:28,65.21,100,
09:38:28,65.21,200,
09:38:28,65.21,600,
09:38:30,65.218,1000,
09:38:31,65.22,100,
09:38:31,65.22,300,
09:38:32,65.22,400,
09:38:34,65.22,100,
09:38:35,65.22,500,
09:38:35,65.22,100,
09:38:35,65.22,500,
09:38:38,65.21,100,
09:38:38,65.21,500,
09:38:38,65.2195,300,
09:38:40,65.21,200,
09:38:40,65.21,800,
09:38:41,65.21,200,
09:38:41,65.21,1000,
09:38:42,65.22,100,
09:38:42,65.22,500,
09:38:42,65.22,100,
09:38:42,65.22,500,
09:38:43,65.22,100,
09:38:47,65.228,1200,
09:38:48,65.22,100,
09:38:50,65.22,100,
09:38:50,65.22,300,
09:38:53,65.22,225,
09:38:55,65.21,300,
09:38:55,65.21,500,
09:38:55,65.21,400,
09:38:55,65.21,200,
09:38:55,65.20,500,
09:38:55,65.20,300,
09:38:55,65.20,200,
09:38:55,65.20,300,
09:38:58,65.20,300,
09:38:58,65.20,100,
09:39:00,65.20,100,
09:39:00,65.20,100,
09:39:00,65.20,200,
09:39:00,65.20,200,
09:39:00,65.20,300,
09:39:02,65.208,250,
09:39:08,65.21,500,
09:39:08,65.21,500,
09:39:08,65.21,100,
09:39:09,65.21,100,
09:39:14,65.21,100,
09:39:18,65.22,100,
09:39:18,65.22,500,
09:39:18,65.22,500,
09:39:22,65.23,300,
09:39:22,65.23,600,
09:39:22,65.23,200,
09:39:22,65.23,300,
09:39:23,65.23,100,
09:39:23,65.23,100,
09:39:23,65.23,100,
09:39:23,65.23,500,
09:39:23,65.23,100,
09:39:23,65.23,1600,
09:39:23,65.23,264,
09:39:23,65.23,300,
09:39:23,65.23,638,
09:39:23,65.23,100,
09:39:23,65.23,200,
09:39:23,65.23,100,
09:39:23,65.23,1200,
09:39:23,65.24,200,
09:39:23,65.24,500,
09:39:23,65.24,300,
09:39:23,65.24,700,
09:39:23,65.24,500,
09:39:23,65.24,950,
09:39:23,65.24,1100,
09:39:23,65.24,100,
09:39:23,65.24,200,
09:39:23,65.24,200,
09:39:23,65.24,100,
09:39:23,65.24,200,
09:39:23,65.24,500,
09:39:23,65.24,100,
09:39:23,65.24,100,
09:39:23,65.24,900,
09:39:23,65.24,400,
09:39:23,65.24,300,
09:39:23,65.23,100,
09:39:23,65.23,100,
09:39:23,65.23,1400,
09:39:23,65.24,200,
09:39:23,65.24,100,
09:39:23,65.24,175,
09:39:23,65.24,175,
09:39:24,65.24,100,
09:39:24,65.24,500,
09:39:24,65.24,200,
09:39:24,65.24,100,
09:39:24,65.24,100,
09:39:24,65.24,500,
09:39:24,65.24,100,
09:39:24,65.24,100,
09:39:24,65.24,100,
09:39:24,65.24,100,
09:39:24,65.24,300,
09:39:24,65.23,100,
09:39:24,65.23,500,
09:39:24,65.24,100,
09:39:24,65.24,700,
09:39:24,65.24,100,
09:39:24,65.24,500,
09:39:24,65.24,100,
09:39:24,65.24,100,
09:39:24,65.24,500,
09:39:24,65.24,500,
09:39:24,65.24,100,
09:39:24,65.24,100,
09:39:29,65.23,300,
09:39:29,65.23,500,
09:39:29,65.23,100,
09:39:29,65.23,900,
09:39:29,65.23,100,
09:39:29,65.22,100,
09:39:29,65.22,200,
09:39:29,65.22,100,
09:39:31,65.23,100,
09:39:31,65.23,100,
09:39:35,65.24,200,
09:39:35,65.24,500,
09:39:35,65.24,300,
09:39:35,65.24,500,
09:39:39,65.24,100,
09:39:40,65.24,100,
09:39:43,65.24,100,
09:39:43,65.24,300,
09:39:43,65.24,300,
09:39:44,65.24,1000,
09:39:45,65.24,100,
09:39:45,65.24,200,
09:39:45,65.24,500,
09:39:49,65.24,100,
09:39:49,65.24,200,
09:39:50,65.24,100,
09:39:50,65.2401,300,
09:39:50,65.24,100,
09:39:51,65.23,500,
09:39:51,65.23,100,
09:39:51,65.23,279,
09:39:52,65.23,100,
09:39:52,65.23,200,
09:39:52,65.23,1100,
09:39:52,65.23,400,
09:39:54,65.23,100,
09:39:54,65.23,100,
09:39:59,65.2345,200,
09:40:00,65.23,100,
09:40:00,65.23,100,
09:40:03,65.24,200,
09:40:03,65.24,552,
09:40:03,65.24,500,
09:40:03,65.24,500,
09:40:03,65.24,600,
09:40:03,65.24,2514,
09:40:03,65.24,1631,
09:40:03,65.24,200,
09:40:03,65.24,2356,
09:40:03,65.24,200,
09:40:03,65.24,875,
09:40:06,65.25,100,
09:40:06,65.25,500,
09:40:06,65.25,100,
09:40:06,65.25,300,
09:40:06,65.24,700,
09:40:06,65.25,100,
09:40:06,65.24,400,
09:40:06,65.24,200,
09:40:06,65.24,600,
09:40:06,65.24,100,
09:40:06,65.24,100,
09:40:06,65.24,1600,
09:40:06,65.24,100,
09:40:06,65.24,200,
09:40:06,65.2301,600,
09:40:07,65.24,200,
09:40:10,65.24,100,
09:40:10,65.25,100,
09:40:14,65.2537,425,
09:40:15,65.25,100,
09:40:15,65.26,3800,
09:40:18,65.26,132,
09:40:19,65.2545,100,
09:40:24,65.25,100,
09:40:25,65.25,100,
09:40:27,65.24,100,
09:40:31,65.25,1206,
09:40:31,65.25,1019,
09:40:31,65.25,1188,
09:40:31,65.25,200,
09:40:31,65.25,500,
09:40:33,65.26,300,
09:40:33,65.26,100,
09:40:34,65.25,100,
09:40:34,65.25,108,
09:40:34,65.25,400,
09:40:34,65.25,100,
09:40:34,65.25,100,
09:40:35,65.25,200,
09:40:35,65.25,100,
09:40:35,65.25,100,
09:40:36,65.25,200,
09:40:37,65.26,100,
09:40:43,65.25,300,
09:40:43,65.25,200,
09:40:44,65.25,100,
09:40:44,65.25,100,
09:40:49,65.24,155,
09:40:49,65.24,155,
09:40:49,65.24,345,
09:40:49,65.24,500,
09:40:49,65.24,300,
09:40:49,65.24,400,
09:40:49,65.24,400,
09:40:50,65.24,200,
09:40:52,65.2399,100,
09:40:53,65.24,100,
09:40:54,65.24,100,
09:40:56,65.24,100,
09:40:56,65.24,900,
09:40:56,65.24,500,
09:40:56,65.24,400,
09:40:56,65.24,100,
09:40:56,65.24,100,
09:40:59,65.24,100,
09:41:03,65.25,100,
09:41:03,65.25,400,
09:41:03,65.25,800,
09:41:03,65.25,100,
09:41:03,65.25,100,
09:41:03,65.25,500,
09:41:03,65.25,500,
09:41:03,65.25,100,
09:41:03,65.26,100,
09:41:04,65.26,200,
09:41:04,65.26,200,
09:41:04,65.26,500,
09:41:07,65.26,1800,
09:41:07,65.25,100,
09:41:07,65.25,100,
09:41:07,65.26,300,
09:41:09,65.25,200,
09:41:09,65.25,100,
09:41:09,65.25,200,
09:41:09,65.25,200,
09:41:09,65.26,100,
09:41:09,65.26,100,
09:41:11,65.26,200,
09:41:11,65.27,100,
09:41:11,65.27,100,
09:41:11,65.27,500,
09:41:11,65.27,100,
09:41:11,65.28,300,
09:41:11,65.27,100,
09:41:12,65.26,100,
09:41:13,65.25,950,
09:41:14,65.25,400,
09:41:14,65.25,100,
09:41:14,65.25,100,
09:41:16,65.26,300,
09:41:18,65.25,400,
09:41:19,65.24,600,
09:41:19,65.24,100,
09:41:19,65.24,500,
09:41:19,65.24,500,
09:41:19,65.24,100,
09:41:20,65.24,100,
09:41:20,65.24,100,
09:41:20,65.24,100,
09:41:20,65.24,100,
09:41:20,65.24,100,
09:41:20,65.24,100,
09:41:21,65.24,300,
09:41:26,65.25,300,
09:41:31,65.25,100,
09:41:32,65.25,200,
09:41:32,65.25,500,
09:41:32,65.26,100,
09:41:33,65.26,500,
09:41:33,65.26,500,
09:41:33,65.26,100,
09:41:33,65.26,100,
09:41:34,65.26,100,
09:41:34,65.26,600,
09:41:34,65.26,100,
09:41:34,65.26,800,
09:41:35,65.25,200,
09:41:35,65.25,100,
09:41:35,65.25,300,
09:41:38,65.26,300,
09:41:38,65.26,100,
09:41:38,65.27,100,
09:41:41,65.26,100,
09:41:50,65.27,100,
09:41:50,65.27,100,
09:41:50,65.27,200,
09:41:50,65.27,300,
09:41:50,65.27,500,
09:41:50,65.27,500,
09:41:57,65.27,100,
09:42:00,65.27,200,
09:42:07,65.28,100,
09:42:07,65.28,500,
09:42:07,65.28,500,
09:42:08,65.29,250,
09:42:09,65.29,300,
09:42:09,65.29,300,
09:42:10,65.29,100,
09:42:10,65.29,100,
09:42:10,65.29,200,
09:42:10,65.29,500,
09:42:10,65.30,100,
09:42:10,65.30,500,
09:42:10,65.30,500,
09:42:10,65.31,100,
09:42:10,65.31,500,
09:42:10,65.31,700,
09:42:10,65.32,100,
09:42:10,65.32,200,
09:42:11,65.32,100,
09:42:12,65.30,100,
09:42:13,65.30,100,
09:42:15,65.31,600,
09:42:15,65.31,700,
09:42:15,65.31,200,
09:42:15,65.31,1600,
09:42:15,65.31,100,
09:42:17,65.31,200,
09:42:18,65.31,100,
09:42:22,65.315,400,
09:42:23,65.31,2000,
09:42:24,65.31,100,
09:42:24,65.31,100,
09:42:24,65.31,100,
09:42:24,65.31,100,
09:42:25,65.31,100,
09:42:30,65.31,100,
09:42:32,65.32,100,
09:42:32,65.32,500,
09:42:32,65.32,400,
09:42:32,65.32,494,
09:42:33,65.32,494,
09:42:33,65.3295,150,
09:42:33,65.33,100,
09:42:33,65.33,500,
09:42:33,65.33,190,
09:42:34,65.34,284,
09:42:34,65.34,484,
09:42:34,65.34,284,
09:42:35,65.35,100,
09:42:39,65.34,100,
09:42:41,65.34,100,
09:42:41,65.34,300,
09:42:41,65.34,300,
09:42:42,65.34,100,
09:42:44,65.34,100,
09:42:45,65.34,200,
09:42:45,65.34,500,
09:42:48,65.35,500,
09:42:48,65.35,500,
09:42:48,65.35,300,
09:42:48,65.35,1667,
09:42:48,65.35,1817,
09:42:48,65.35,1660,
09:42:48,65.35,300,
09:42:48,65.36,100,
09:42:48,65.36,200,
09:42:48,65.36,116,
09:42:49,65.35,100,
09:42:50,65.34,200,
09:42:51,65.349,200,
09:42:51,65.34,300,
09:42:51,65.34,200,
09:42:51,65.34,100,
09:42:53,65.34,100,
09:42:54,65.34,1900,
09:42:54,65.34,3700,
09:42:54,65.34,5100,
09:42:54,65.34,2200,
09:42:54,65.34,160,
09:42:54,65.34,300,
09:42:54,65.34,1535,
09:42:54,65.34,800,
09:42:54,65.34,200,
09:42:54,65.34,3200,
09:42:54,65.34,800,
09:42:54,65.34,1200,
09:42:54,65.34,200,
09:42:54,65.34,1000,
09:42:54,65.3399,681,
09:42:57,65.34,500,
09:42:57,65.34,700,
09:43:02,65.34,300,
09:43:03,65.33,300,
09:43:03,65.33,300,
09:43:03,65.33,500,
09:43:03,65.33,500,
09:43:03,65.33,500,
09:43:03,65.33,100,
09:43:08,65.32,500,
09:43:08,65.32,100,
09:43:08,65.32,100,
09:43:08,65.32,100,
09:43:09,65.32,100,
09:43:10,65.32,900,
09:43:11,65.32,300,
09:43:11,65.31,200,
09:43:16,65.31,100,
09:43:16,65.31,1200,
09:43:16,65.31,3400,
09:43:16,65.31,500,
09:43:16,65.31,500,
09:43:16,65.31,600,
09:43:16,65.31,100,
09:43:16,65.31,100,
09:43:16,65.31,200,
09:43:17,65.31,240,
09:43:17,65.31,1400,
09:43:18,65.31,1700,
09:43:19,65.305,700,
09:43:23,65.3001,2000,
09:43:24,65.31,785,
09:43:24,65.31,2200,
09:43:24,65.31,5400,
09:43:24,65.31,100,
09:43:24,65.31,800,
09:43:24,65.31,200,
09:43:24,65.31,200,
09:43:24,65.31,700,
09:43:24,65.31,700,
09:43:24,65.31,300,
09:43:24,65.31,1100,
09:43:24,65.31,200,
09:43:24,65.31,300,
09:43:24,65.31,400,
09:43:24,65.31,400,
09:43:24,65.31,4000,
09:43:24,65.31,500,
09:43:24,65.31,100,
09:43:24,65.31,1000,
09:43:24,65.31,200,
09:43:24,65.31,100,
09:43:26,65.32,100,
09:43:27,65.3195,500,
09:43:29,65.32,100,
09:43:29,65.32,200,
09:43:29,65.32,500,
09:43:29,65.32,491,
09:43:29,65.33,500,
09:43:30,65.32,100,
09:43:30,65.32,100,
09:43:30,65.32,600,
09:43:38,65.32,100,
09:43:38,65.32,200,
09:43:39,65.32,100,
09:43:40,65.3105,950,
09:43:44,65.31,1000,
09:43:44,65.31,100,
09:43:44,65.31,500,
09:43:44,65.31,500,
09:43:44,65.31,500,
09:43:44,65.31,200,
09:43:46,65.31,100,
09:43:46,65.31,100,
09:43:46,65.31,100,
09:43:47,65.31,300,
09:43:47,65.31,692,
09:43:47,65.31,100,
09:43:49,65.32,300,
09:43:49,65.32,500,
09:43:49,65.33,300,
09:43:49,65.33,300,
09:43:49,65.33,500,
09:43:50,65.32,200,
09:43:51,65.3284,250,
09:43:51,65.32,100,
09:44:00,65.32,100,
09:44:00,65.33,100,
09:44:04,65.335,100,
09:44:12,65.34,500,
09:44:12,65.34,500,
09:44:12,65.35,100,
09:44:12,65.35,500,
09:44:12,65.35,500,
09:44:12,65.35,500,
09:44:12,65.35,100,
09:44:14,65.35,100,
09:44:14,65.35,100,
09:44:14,65.35,300,
09:44:15,65.35,100,
09:44:15,65.35,100,
09:44:15,65.35,100,
09:44:17,65.355,100,
09:44:17,65.35,100,
09:44:17,65.35,100,
09:44:17,65.3499,2560,
09:44:23,65.348,100,
09:44:24,65.34,300,
09:44:24,65.34,100,
09:44:24,65.34,500,
09:44:24,65.34,4846,
09:44:24,65.34,400,
09:44:24,65.34,42954,
09:44:26,65.34,100,
09:44:31,65.34,100,
09:44:31,65.35,100,
09:44:31,65.35,1500,
09:44:31,65.35,1500,
09:44:31,65.35,1500,
09:44:31,65.35,100,
09:44:31,65.35,100,
09:44:31,65.35,4355,
09:44:31,65.35,500,
09:44:31,65.35,800,
09:44:31,65.35,17700,
09:44:31,65.35,100,
09:44:33,65.35,430,
09:44:33,65.35,500,
09:44:36,65.35,1100,
09:44:36,65.35,100,
09:44:36,65.35,100,
09:44:39,65.35,1200,
09:44:39,65.35,585,
09:44:39,65.35,100,
09:44:39,65.35,1700,
09:44:39,65.35,100,
09:44:39,65.35,100,
09:44:42,65.35,300,
09:44:42,65.35,100,
09:44:43,65.36,500,
09:44:43,65.36,500,
09:44:43,65.36,500,
09:44:43,65.36,700,
09:44:43,65.36,1500,
09:44:43,65.36,900,
09:44:43,65.37,500,
09:44:43,65.37,500,
09:44:43,65.37,417,
09:44:43,65.37,100,
09:44:44,65.37,100,
09:44:44,65.37,400,
09:44:45,65.38,500,
09:44:45,65.38,500,
09:44:45,65.38,100,
09:44:45,65.38,500,
09:44:45,65.38,500,
09:44:45,65.38,500,
09:44:45,65.38,100,
09:44:45,65.39,4700,
09:44:45,65.39,300,
09:44:45,65.38,500,
09:44:45,65.39,100,
09:44:45,65.39,4100,
09:44:45,65.38,2500,
09:44:45,65.39,100,
09:44:48,65.3801,4000,
09:44:49,65.39,500,
09:44:50,65.39,100,
09:44:50,65.39,500,
09:44:52,65.40,1200,
09:44:54,65.40,130,
09:44:55,65.40,100,
09:44:55,65.40,469,
09:44:55,65.40,369,
09:44:55,65.41,300,
09:44:55,65.41,500,
09:44:55,65.41,400,
09:44:55,65.41,100,
09:44:55,65.41,984,
09:44:55,65.41,900,
09:44:56,65.4099,374,
09:44:58,65.40,400,
09:44:59,65.4005,150,
09:45:00,65.41,100,
09:45:04,65.42,400,
09:45:04,65.42,128,
09:45:04,65.42,500,
09:45:04,65.42,100,
09:45:04,65.42,400,
09:45:04,65.42,1000,
09:45:07,65.41,300,
09:45:07,65.41,400,
09:45:07,65.41,100,
09:45:07,65.41,100,
09:45:08,65.42,100,
09:45:09,65.42,100,
09:45:12,65.4199,400,
09:45:12,65.41,500,
09:45:12,65.41,100,
09:45:12,65.41,600,
09:45:12,65.41,300,
09:45:12,65.41,1400,
09:45:12,65.41,200,
09:45:12,65.41,398,
09:45:12,65.40,100,
09:45:12,65.405,900,
09:45:12,65.40,500,
09:45:12,65.40,400,
09:45:13,65.40,100,
09:45:13,65.40,100,
09:45:13,65.40,500,
09:45:13,65.40,200,
09:45:13,65.40,800,
09:45:13,65.40,400,
09:45:13,65.40,500,
09:45:13,65.405,700,
09:45:13,65.41,700,
09:45:13,65.41,950,
09:45:13,65.41,800,
09:45:13,65.41,800,
09:45:13,65.41,195,
09:45:13,65.42,100,
09:45:13,65.42,700,
09:45:13,65.42,700,
09:45:13,65.42,400,
09:45:13,65.42,300,
09:45:13,65.42,700,
09:45:17,65.43,500,
09:45:17,65.43,500,
09:45:17,65.43,200,
09:45:17,65.43,500,
09:45:17,65.43,100,
09:45:18,65.43,100,
09:45:20,65.44,237,
09:45:20,65.44,500,
09:45:20,65.44,500,
09:45:20,65.44,263,
09:45:20,65.44,500,
09:45:21,65.45,500,
09:45:21,65.45,185,
09:45:21,65.45,500,
09:45:21,65.45,300,
09:45:21,65.45,500,
09:45:21,65.45,100,
09:45:21,65.45,600,
09:45:21,65.45,100,
09:45:21,65.46,100,
09:45:21,65.46,100,
09:45:21,65.46,100,
09:45:22,65.46,100,
09:45:22,65.45,3200,
09:45:22,65.45,1400,
09:45:22,65.46,184,
09:45:23,65.46,100,
09:45:23,65.46,200,
09:45:23,65.46,500,
09:45:23,65.46,500,
09:45:23,65.46,216,
09:45:23,65.46,100,
09:45:23,65.46,500,
09:45:23,65.46,200,
09:45:23,65.46,300,
09:45:23,65.46,200,
09:45:23,65.46,100,
09:45:23,65.46,800,
09:45:23,65.46,200,
09:45:24,65.46,3200,
09:45:25,65.45,400,
09:45:25,65.45,200,
09:45:26,65.46,200,
09:45:27,65.468,1500,
09:45:28,65.46,100,
09:45:28,65.47,305,
09:45:31,65.47,500,
09:45:35,65.47,500,
09:45:35,65.47,300,
09:45:36,65.47,100,
09:45:36,65.461,800,
09:45:38,65.47,100,
09:45:38,65.47,100,
09:45:38,65.47,100,
09:45:38,65.47,300,
09:45:39,65.4789,400,
09:45:40,65.47,100,
09:45:41,65.47,200,
09:45:41,65.47,200,
09:45:41,65.47,100,
09:45:41,65.47,100,
09:45:41,65.47,100,
09:45:49,65.48,100,
09:45:49,65.48,100,
09:45:50,65.47,100,
09:45:51,65.47,100,
09:45:51,65.479,2500,
09:45:51,65.47,100,
09:45:52,65.4793,1000,
09:45:54,65.48,500,
09:45:54,65.48,300,
09:45:55,65.48,184,
09:45:55,65.49,500,
09:45:55,65.49,100,
09:45:55,65.49,500,
09:45:55,65.50,565,
09:45:55,65.50,500,
09:45:55,65.50,750,
09:45:55,65.50,100,
09:45:56,65.50,700,
09:45:56,65.49,100,
09:45:58,65.48,800,
09:45:58,65.48,500,
09:45:58,65.48,100,
09:46:02,65.4801,4000,
09:46:02,65.49,100,
09:46:02,65.49,200,
09:46:02,65.49,200,
09:46:02,65.50,300,
09:46:03,65.499,918,
09:46:05,65.4987,500,
09:46:06,65.4989,200,
09:46:07,65.50,500,
09:46:07,65.50,500,
09:46:07,65.50,100,
09:46:07,65.50,400,
09:46:07,65.50,100,
09:46:07,65.50,100,
09:46:07,65.50,100,
09:46:10,65.49,100,
09:46:10,65.48,400,
09:46:10,65.48,500,
09:46:10,65.48,500,
09:46:10,65.48,500,
09:46:12,65.48,100,
09:46:12,65.48,400,
09:46:12,65.48,100,
09:46:12,65.48,100,
09:46:12,65.48,400,
09:46:12,65.48,1362,
09:46:12,65.48,400,
09:46:12,65.48,2248,
09:46:12,65.48,376,
09:46:12,65.48,980,
09:46:12,65.48,100,
09:46:12,65.48,100,
09:46:13,65.4801,100,
09:46:13,65.48,300,
09:46:15,65.48,700,
09:46:15,65.48,100,
09:46:15,65.48,1000,
09:46:16,65.48,100,
09:46:20,65.48,100,
09:46:20,65.49,200,
09:46:20,65.49,500,
09:46:20,65.49,100,
09:46:23,65.48,300,
09:46:23,65.48,100,
09:46:23,65.48,300,
09:46:24,65.4899,200,
09:46:25,65.48,500,
09:46:25,65.48,481,
09:46:25,65.48,100,
09:46:25,65.48,100,
09:46:25,65.47,200,
09:46:26,65.47,100,
09:46:27,65.47,300,
09:46:28,65.47,221,
09:46:28,65.47,500,
09:46:28,65.4695,100,
09:46:29,65.47,100,
09:46:31,65.47,100,
09:46:33,65.4699,100,
09:46:33,65.47,100,
09:46:33,65.47,100,
09:46:34,65.46,100,
09:46:34,65.46,100,
09:46:34,65.46,100,
09:46:34,65.46,100,
09:46:34,65.46,200,
09:46:34,65.46,100,
09:46:34,65.45,200,
09:46:34,65.46,500,
09:46:34,65.46,100,
09:46:34,65.46,500,
09:46:35,65.46,600,
09:46:35,65.46,200,
09:46:35,65.46,400,
09:46:35,65.46,200,
09:46:35,65.46,100,
09:46:35,65.46,100,
09:46:35,65.46,100,
09:46:35,65.46,800,
09:46:35,65.46,200,
09:46:35,65.46,300,
09:46:35,65.46,100,
09:46:35,65.46,100,
09:46:35,65.46,100,
09:46:35,65.47,100,
09:46:35,65.47,400,
09:46:35,65.47,200,
09:46:35,65.46,300,
09:46:35,65.46,400,
09:46:36,65.47,100,
09:46:38,65.46,300,
09:46:39,65.461,900,
09:46:42,65.46,950,
09:46:42,65.46,800,
09:46:42,65.46,200,
09:46:42,65.46,256,
09:46:42,65.46,400,
09:46:42,65.46,100,
09:46:42,65.46,443,
09:46:42,65.46,100,
09:46:42,65.46,100,
09:46:42,65.46,1700,
09:46:42,65.46,200,
09:46:44,65.455,100,
09:46:44,65.46,200,
09:46:44,65.46,100,
09:46:45,65.46,100,
09:46:45,65.46,187,
09:46:46,65.46,100,
09:46:55,65.465,777,
09:46:57,65.47,500,
09:46:57,65.48,100,
09:46:57,65.47,200,
09:46:57,65.47,100,
09:46:57,65.47,100,
09:47:00,65.47,200,
09:47:04,65.48,100,
09:47:04,65.48,200,
09:47:04,65.48,200,
09:47:04,65.48,700,
09:47:04,65.48,800,
09:47:04,65.48,600,
09:47:04,65.48,100,
09:47:04,65.48,500,
09:47:04,65.48,200,
09:47:04,65.48,600,
09:47:04,65.48,1600,
09:47:04,65.48,400,
09:47:04,65.48,1100,
09:47:04,65.48,800,
09:47:04,65.48,3500,
09:47:04,65.48,332,
09:47:04,65.48,200,
09:47:04,65.48,356,
09:47:04,65.48,100,
09:47:04,65.48,176,
09:47:04,65.48,668,
09:47:04,65.48,300,
09:47:04,65.48,100,
09:47:04,65.48,100,
09:47:04,65.48,100,
09:47:04,65.48,1500,
09:47:04,65.48,1300,
09:47:04,65.48,1000,
09:47:04,65.48,100,
09:47:04,65.48,1700,
09:47:04,65.48,1100,
09:47:04,65.48,1100,
09:47:04,65.48,200,
09:47:04,65.48,1000,
09:47:04,65.48,1000,
09:47:04,65.48,800,
09:47:04,65.48,1000,
09:47:04,65.48,1100,
09:47:04,65.48,1100,
09:47:04,65.48,500,
09:47:04,65.48,1100,
09:47:04,65.48,500,
09:47:04,65.48,400,
09:47:04,65.48,300,
09:47:04,65.48,1100,
09:47:04,65.48,500,
09:47:04,65.48,2900,
09:47:04,65.48,600,
09:47:04,65.48,4000,
09:47:04,65.48,100,
09:47:04,65.48,100,
09:47:04,65.48,1300,
09:47:04,65.48,200,
09:47:04,65.48,200,
09:47:04,65.48,1000,
09:47:04,65.48,100,
09:47:04,65.48,200,
09:47:04,65.48,100,
09:47:04,65.48,600,
09:47:04,65.48,200,
09:47:08,65.48,500,
09:47:08,65.48,200,
09:47:08,65.48,100,
09:47:08,65.48,400,
09:47:09,65.48,100,
09:47:09,65.48,100,
09:47:10,65.48,100,
09:47:11,65.471,600,
09:47:14,65.47,500,
09:47:14,65.47,100,
09:47:14,65.46,100,
09:47:14,65.46,100,
09:47:14,65.46,400,
09:47:14,65.46,173,
09:47:14,65.46,500,
09:47:15,65.46,100,
09:47:16,65.46,1000,
09:47:18,65.46,100,
09:47:20,65.46,200,
09:47:21,65.45,100,
09:47:21,65.45,100,
09:47:21,65.45,500,
09:47:21,65.45,1300,
09:47:22,65.4515,400,
09:47:23,65.46,300,
09:47:24,65.45,300,
09:47:24,65.45,500,
09:47:24,65.45,800,
09:47:24,65.45,200,
09:47:24,65.4413,500,
09:47:25,65.45,200,
09:47:28,65.45,200,
09:47:33,65.46,500,
09:47:38,65.45,1000,
09:47:40,65.45,800,
09:47:40,65.45,100,
09:47:44,65.45,100,
09:47:48,65.46,100,
09:47:48,65.46,100,
09:47:50,65.45,300,
09:47:50,65.45,100,
09:47:51,65.45,100,
09:47:51,65.45,300,
09:47:52,65.45,100,
09:47:53,65.45,100,
09:47:54,65.44,200,
09:47:54,65.44,500,
09:47:54,65.44,500,
09:47:54,65.43,500,
09:47:55,65.43,500,
09:47:55,65.43,500,
09:47:55,65.42,200,
09:47:55,65.42,100,
09:47:56,65.43,400,
09:47:56,65.43,700,
09:47:56,65.43,800,
09:47:56,65.43,200,
09:47:56,65.43,1400,
09:47:56,65.43,1000,
09:47:56,65.43,300,
09:47:56,65.43,100,
09:47:58,65.43,300,
09:47:59,65.43,100,
09:48:00,65.43,300,
09:48:01,65.43,100,
09:48:01,65.44,500,
09:48:01,65.44,500,
09:48:01,65.44,100,
09:48:02,65.45,300,
09:48:02,65.45,100,
09:48:02,65.45,1200,
09:48:02,65.45,500,
09:48:02,65.45,200,
09:48:04,65.46,500,
09:48:06,65.455,100,
09:48:08,65.45,100,
09:48:08,65.45,300,
09:48:10,65.46,300,
09:48:10,65.46,200,
09:48:10,65.46,500,
09:48:10,65.46,500,
09:48:10,65.46,500,
09:48:10,65.46,400,
09:48:10,65.46,600,
09:48:10,65.46,1500,
09:48:13,65.465,100,
09:48:13,65.47,200,
09:48:13,65.47,100,
09:48:15,65.46,200,
09:48:17,65.47,200,
09:48:17,65.47,600,
09:48:17,65.47,500,
09:48:17,65.47,500,
09:48:17,65.47,300,
09:48:17,65.47,600,
09:48:17,65.47,100,
09:48:17,65.47,900,
09:48:20,65.47,200,
09:48:20,65.47,100,
09:48:20,65.47,100,
09:48:21,65.47,100,
09:48:24,65.47,700,
09:48:24,65.47,100,
09:48:24,65.47,200,
09:48:24,65.47,100,
09:48:24,65.47,100,
09:48:26,65.46,500,
09:48:27,65.45,100,
09:48:27,65.45,200,
09:48:27,65.45,500,
09:48:27,65.45,200,
09:48:27,65.45,400,
09:48:29,65.45,300,
09:48:29,65.44,800,
09:48:29,65.44,3800,
09:48:29,65.44,500,
09:48:29,65.44,300,
09:48:29,65.44,500,
09:48:29,65.44,500,
09:48:29,65.44,1600,
09:48:29,65.44,500,
09:48:29,65.44,1000,
09:48:29,65.44,800,
09:48:29,65.44,3200,
09:48:29,65.44,700,
09:48:29,65.44,100,
09:48:29,65.44,800,
09:48:29,65.44,1000,
09:48:29,65.44,700,
09:48:29,65.44,300,
09:48:29,65.44,600,
09:48:29,65.44,1300,
09:48:29,65.43,550,
09:48:29,65.43,2500,
09:48:29,65.43,2500,
09:48:29,65.43,300,
09:48:29,65.43,950,
09:48:29,65.43,700,
09:48:29,65.43,100,
09:48:29,65.43,800,
09:48:29,65.44,100,
09:48:29,65.44,200,
09:48:29,65.44,800,
09:48:29,65.44,100,
09:48:29,65.44,100,
09:48:29,65.44,100,
09:48:29,65.44,100,
09:48:29,65.44,100,
09:48:29,65.44,200,
09:48:29,65.44,300,
09:48:34,65.44,100,
09:48:34,65.44,200,
09:48:35,65.43,300,
09:48:35,65.43,500,
09:48:35,65.43,200,
09:48:35,65.43,300,
09:48:37,65.43,100,
09:48:37,65.43,100,
09:48:43,65.4305,1100,
09:48:44,65.44,100,
09:48:44,65.44,100,
09:48:46,65.43,300,
09:48:46,65.43,100,
09:48:47,65.44,509,
09:48:47,65.44,500,
09:48:49,65.4401,100,
09:48:50,65.44,100,
09:48:50,65.44,200,
09:48:52,65.43,500,
09:48:52,65.43,500,
09:48:55,65.42,250,
09:48:55,65.42,100,
09:48:56,65.41,100,
09:48:56,65.42,299,
09:48:56,65.42,375,
09:48:56,65.42,500,
09:48:56,65.41,100,
09:48:56,65.41,300,
09:49:00,65.42,101,
09:49:00,65.42,100,
09:49:00,65.42,300,
09:49:00,65.42,300,
09:49:00,65.42,700,
09:49:00,65.42,700,
09:49:00,65.42,800,
09:49:00,65.42,200,
09:49:00,65.42,200,
09:49:00,65.42,100,
09:49:01,65.43,100,
09:49:01,65.43,100,
09:49:01,65.43,200,
09:49:01,65.43,400,
09:49:01,65.43,500,
09:49:02,65.43,100,
09:49:04,65.44,10000,
09:49:05,65.4301,600,
09:49:08,65.44,100,
09:49:08,65.44,100,
09:49:08,65.44,500,
09:49:08,65.44,271,
09:49:08,65.44,500,
09:49:09,65.45,100,
09:49:09,65.45,100,
09:49:11,65.44,100,
09:49:11,65.45,100,
09:49:11,65.45,500,
09:49:11,65.45,400,
09:49:13,65.45,300,
09:49:15,65.45,100,
09:49:16,65.45,200,
09:49:18,65.46,500,
09:49:18,65.46,100,
09:49:18,65.46,500,
09:49:18,65.45,300,
09:49:18,65.47,500,
09:49:18,65.47,500,
09:49:18,65.47,200,
09:49:18,65.4601,400,
09:49:19,65.47,300,
09:49:19,65.47,300,
09:49:20,65.47,300,
09:49:20,65.47,216,
09:49:20,65.47,100,
09:49:22,65.46,600,
09:49:22,65.46,300,
09:49:22,65.46,1000,
09:49:22,65.46,100,
09:49:22,65.46,900,
09:49:23,65.465,300,
09:49:23,65.46,500,
09:49:23,65.4601,300,
09:49:24,65.4601,300,
09:49:25,65.47,800,
09:49:25,65.47,100,
09:49:25,65.47,100,
09:49:25,65.47,300,
09:49:25,65.47,200,
09:49:25,65.47,400,
09:49:26,65.46,200,
09:49:28,65.47,100,
09:49:28,65.47,100,
09:49:28,65.4601,1800,
09:49:31,65.46,100,
09:49:33,65.47,300,
09:49:33,65.4601,1900,
09:49:33,65.465,100,
09:49:34,65.46,1900,
09:49:34,65.46,500,
09:49:34,65.46,3200,
09:49:34,65.465,100,
09:49:36,65.47,100,
09:49:37,65.47,500,
09:49:37,65.47,500,
09:49:38,65.48,100,
09:49:38,65.48,100,
09:49:39,65.48,100,
09:49:43,65.48,100,
09:49:43,65.48,100,
09:49:44,65.48,100,
09:49:44,65.48,200,
09:49:44,65.48,200,
09:49:45,65.48,500,
09:49:46,65.48,300,
09:49:46,65.48,200,
09:49:46,65.48,200,
09:49:46,65.48,700,
09:49:46,65.48,300,
09:49:46,65.48,100,
09:49:46,65.48,100,
09:49:46,65.48,300,
09:49:46,65.48,100,
09:49:46,65.48,114,
09:49:46,65.48,1600,
09:49:46,65.48,500,
09:49:46,65.48,400,
09:49:46,65.48,700,
09:49:46,65.47,950,
09:49:46,65.47,800,
09:49:46,65.47,600,
09:49:46,65.47,1000,
09:49:46,65.47,100,
09:49:46,65.47,300,
09:49:46,65.47,100,
09:49:46,65.47,100,
09:49:46,65.47,1200,
09:49:46,65.47,314,
09:49:46,65.47,300,
09:49:46,65.47,300,
09:49:46,65.47,1000,
09:49:46,65.47,500,
09:49:46,65.47,500,
09:49:46,65.47,500,
09:49:46,65.47,300,
09:49:46,65.47,600,
09:49:46,65.47,100,
09:49:46,65.47,1600,
09:49:46,65.47,285,
09:49:46,65.48,100,
09:49:49,65.479,100,
09:49:50,65.48,100,
09:49:50,65.48,200,
09:49:50,65.49,200,
09:49:51,65.49,100,
09:49:51,65.49,100,
09:49:51,65.49,500,
09:49:51,65.49,400,
09:49:52,65.488,200,
09:49:52,65.49,400,
09:49:53,65.50,100,
09:49:53,65.50,100,
09:49:53,65.4916,230,
09:49:57,65.49,1200,
09:49:57,65.49,300,
09:49:57,65.49,314,
09:49:57,65.49,219,
09:49:57,65.49,105,
09:49:57,65.49,600,
09:49:57,65.48,300,
09:49:57,65.48,500,
09:49:57,65.48,100,
09:49:58,65.48,100,
09:49:58,65.48,100,
09:50:00,65.49,100,
09:50:00,65.49,300,
09:50:00,65.49,100,
09:50:01,65.50,400,
09:50:02,65.50,300,
09:50:02,65.50,100,
09:50:02,65.50,100,
09:50:02,65.50,200,
09:50:02,65.50,500,
09:50:02,65.499,1100,
09:50:02,65.50,100,
09:50:02,65.50,100,
09:50:02,65.50,100,
09:50:02,65.50,100,
09:50:02,65.50,300,
09:50:02,65.50,100,
09:50:02,65.50,100,
09:50:02,65.50,1000,
09:50:02,65.50,2500,
09:50:02,65.50,600,
09:50:02,65.50,298,
09:50:02,65.50,302,
09:50:02,65.50,500,
09:50:02,65.50,500,
09:50:02,65.50,100,
09:50:02,65.4911,100,
09:50:03,65.49,100,
09:50:04,65.50,100,
09:50:04,65.50,100,
09:50:08,65.4999,500,
09:50:09,65.49,100,
09:50:09,65.495,200,
09:50:13,65.4901,3000,
09:50:13,65.49,500,
09:50:13,65.49,100,
09:50:13,65.49,411,
09:50:14,65.49,100,
09:50:14,65.49,100,
09:50:14,65.49,1000,
09:50:14,65.49,2000,
09:50:17,65.49,100,
09:50:17,65.49,400,
09:50:17,65.49,100,
09:50:17,65.49,400,
09:50:17,65.49,1000,
09:50:17,65.49,900,
09:50:17,65.49,514,
09:50:17,65.49,800,
09:50:17,65.48,100,
09:50:17,65.48,100,
09:50:17,65.48,100,
09:50:17,65.48,500,
09:50:18,65.48,200,
09:50:19,65.48,500,
09:50:19,65.48,300,
09:50:19,65.48,300,
09:50:19,65.48,300,
09:50:22,65.478,2350,
09:50:22,65.47,100,
09:50:22,65.47,100,
09:50:22,65.47,500,
09:50:22,65.47,300,
09:50:22,65.47,100,
09:50:22,65.47,300,
09:50:22,65.47,500,
09:50:22,65.47,500,
09:50:22,65.47,800,
09:50:22,65.47,1300,
09:50:22,65.47,16500,
09:50:22,65.47,1000,
09:50:22,65.47,3800,
09:50:22,65.47,950,
09:50:22,65.47,700,
09:50:22,65.47,100,
09:50:22,65.47,1000,
09:50:22,65.47,1300,
09:50:22,65.47,1400,
09:50:24,65.46,300,
09:50:24,65.46,200,
09:50:26,65.47,600,
09:50:26,65.47,800,
09:50:26,65.47,100,
09:50:26,65.47,100,
09:50:26,65.47,400,
09:50:26,65.47,600,
09:50:26,65.47,600,
09:50:26,65.47,800,
09:50:26,65.47,950,
09:50:26,65.47,5400,
09:50:26,65.47,600,
09:50:26,65.47,600,
09:50:26,65.47,400,
09:50:26,65.47,100,
09:50:26,65.47,300,
09:50:26,65.47,3100,
09:50:26,65.47,500,
09:50:26,65.47,200,
09:50:26,65.47,1700,
09:50:26,65.47,800,
09:50:26,65.47,400,
09:50:26,65.47,300,
09:50:26,65.47,100,
09:50:26,65.47,300,
09:50:28,65.47,100,
09:50:28,65.47,100,
09:50:32,65.47,100,
09:50:32,65.47,300,
09:50:32,65.47,100,
09:50:32,65.47,100,
09:50:32,65.47,400,
09:50:32,65.47,300,
09:50:33,65.47,800,
09:50:33,65.47,100,
09:50:36,65.46,200,
09:50:38,65.47,900,
09:50:38,65.47,900,
09:50:38,65.47,600,
09:50:38,65.47,200,
09:50:38,65.47,700,
09:50:38,65.47,3300,
09:50:38,65.47,300,
09:50:39,65.47,1500,
09:50:39,65.47,300,
09:50:39,65.47,3600,
09:50:40,65.47,100,
09:50:40,65.47,3900,
09:50:42,65.46,200,
09:50:43,65.47,100,
09:50:43,65.468,250,
09:50:44,65.46,300,
09:50:44,65.46,200,
09:50:44,65.46,500,
09:50:44,65.46,500,
09:50:44,65.465,100,
09:50:44,65.46,300,
09:50:44,65.46,110,
09:50:44,65.46,1200,
09:50:45,65.45,300,
09:50:45,65.46,100,
09:50:47,65.4501,1200,
09:50:50,65.46,800,
09:50:52,65.46,100,
09:50:54,65.45,300,
09:50:54,65.45,500,
09:50:54,65.45,100,
09:50:54,65.45,1300,
09:50:54,65.45,2800,
09:50:59,65.45,100,
09:50:59,65.45,700,
09:50:59,65.45,100,
09:50:59,65.46,600,
09:51:04,65.46,100,
09:51:04,65.46,100,
09:51:05,65.45,100,
09:51:05,65.45,100,
09:51:05,65.45,100,
09:51:05,65.45,700,
09:51:05,65.45,100,
09:51:05,65.45,200,
09:51:06,65.45,200,
09:51:09,65.45,100,
09:51:15,65.45,300,
09:51:15,65.45,300,
09:51:15,65.44,900,
09:51:15,65.44,100,
09:51:15,65.44,1500,
09:51:15,65.44,500,
09:51:15,65.44,500,
09:51:15,65.44,1100,
09:51:16,65.459,160,
09:51:16,65.43,100,
09:51:23,65.44,300,
09:51:30,65.44,100,
09:51:38,65.45,100,
09:51:38,65.45,100,
09:51:40,65.45,100,
09:51:40,65.44,300,
09:51:40,65.44,100,
09:51:40,65.445,100,
09:51:45,65.43,100,
09:51:45,65.43,500,
09:51:45,65.43,500,
09:51:45,65.43,500,
09:51:45,65.43,250,
09:51:45,65.43,200,
09:51:45,65.43,546,
09:51:45,65.43,300,
09:51:45,65.43,200,
09:51:51,65.4309,167,
09:51:52,65.43,300,
09:51:52,65.43,300,
09:51:52,65.43,100,
09:51:52,65.43,700,
09:51:52,65.43,300,
09:51:52,65.43,300,
09:51:52,65.43,100,
09:51:52,65.43,900,
09:51:52,65.43,100,
09:51:56,65.44,300,
09:51:56,65.44,500,
09:51:56,65.44,300,
09:51:56,65.44,193,
09:51:56,65.44,100,
09:51:56,65.44,200,
09:51:58,65.45,100,
09:51:58,65.45,100,
09:51:59,65.44,200,
09:51:59,65.44,100,
09:51:59,65.44,300,
09:51:59,65.43,500,
09:51:59,65.43,100,
09:51:59,65.43,100,
09:52:04,65.43,100,
09:52:13,65.44,314,
09:52:13,65.44,500,
09:52:13,65.44,300,
09:52:18,65.45,500,
09:52:18,65.45,300,
09:52:18,65.45,500,
09:52:18,65.45,800,
09:52:19,65.46,100,
09:52:20,65.46,500,
09:52:20,65.46,100,
09:52:20,65.47,300,
09:52:23,65.47,100,
09:52:23,65.47,100,
09:52:23,65.47,100,
09:52:26,65.47,100,
09:52:26,65.47,100,
09:52:26,65.47,297,
09:52:29,65.47,300,
09:52:32,65.47,500,
09:52:32,65.47,500,
09:52:32,65.48,100,
09:52:34,65.47,300,
09:52:34,65.47,200,
09:52:34,65.475,100,
09:52:35,65.46,500,
09:52:35,65.46,400,
09:52:35,65.46,100,
09:52:35,65.45,300,
09:52:35,65.45,200,
09:52:37,65.459,500,
09:52:41,65.45,300,
09:52:41,65.45,500,
09:52:48,65.45,100,
09:52:48,65.45,100,
09:52:53,65.45,100,
09:52:53,65.45,100,
09:52:53,65.45,100,
09:53:00,65.45,100,
09:53:01,65.46,100,
09:53:04,65.46,100,
09:53:04,65.46,100,
09:53:08,65.45,300,
09:53:09,65.45,200,
09:53:16,65.46,100,
09:53:16,65.46,500,
09:53:16,65.46,100,
09:53:16,65.47,500,
09:53:16,65.47,500,
09:53:16,65.47,100,
09:53:16,65.48,1300,
09:53:16,65.48,500,
09:53:16,65.48,500,
09:53:16,65.48,100,
09:53:18,65.48,100,
09:53:18,65.48,100,
09:53:18,65.48,100,
09:53:22,65.47,400,
09:53:22,65.47,9500,
09:53:22,65.47,1800,
09:53:26,65.475,100,
09:53:26,65.47,391,
09:53:26,65.48,100,
09:53:26,65.48,100,
09:53:28,65.48,500,
09:53:33,65.49,100,
09:53:33,65.4801,300,
09:53:34,65.49,100,
09:53:34,65.49,500,
09:53:34,65.49,111,
09:53:34,65.49,500,
09:53:35,65.49,100,
09:53:38,65.49,100,
09:53:38,65.49,100,
09:53:40,65.49,100,
09:53:42,65.49,200,
09:53:43,65.50,100,
09:53:43,65.50,100,
09:53:43,65.50,100,
09:53:43,65.50,200,
09:53:44,65.50,100,
09:53:46,65.50,1150,
09:53:46,65.50,500,
09:53:46,65.50,500,
09:53:46,65.50,100,
09:53:46,65.50,100,
09:53:46,65.50,100,
09:53:46,65.50,358,
09:53:48,65.51,100,
09:53:48,65.51,100,
09:53:50,65.509,200,
09:53:53,65.51,100,
09:53:53,65.51,100,
09:53:56,65.51,100,
09:53:56,65.51,500,
09:53:56,65.51,200,
09:53:56,65.51,800,
09:53:56,65.51,178,
09:53:56,65.51,950,
09:53:56,65.51,500,
09:53:56,65.51,900,
09:53:56,65.52,725,
09:53:56,65.52,100,
09:53:57,65.51,100,
09:53:57,65.50,100,
09:53:58,65.50,1100,
09:53:58,65.50,300,
09:53:58,65.52,500,
09:53:58,65.52,1000,
09:54:01,65.50,100,
09:54:01,65.50,100,
09:54:01,65.50,100,
09:54:02,65.49,500,
09:54:02,65.49,500,
09:54:02,65.49,100,
09:54:02,65.49,200,
09:54:02,65.49,500,
09:54:02,65.49,200,
09:54:02,65.49,800,
09:54:02,65.49,100,
09:54:02,65.49,100,
09:54:02,65.49,100,
09:54:04,65.50,100,
09:54:04,65.50,100,
09:54:05,65.49,100,
09:54:05,65.49,100,
09:54:05,65.49,100,
09:54:10,65.50,500,
09:54:10,65.50,100,
09:54:10,65.51,600,
09:54:10,65.51,500,
09:54:10,65.51,500,
09:54:10,65.51,1600,
09:54:10,65.51,700,
09:54:10,65.51,200,
09:54:10,65.51,800,
09:54:10,65.51,200,
09:54:10,65.51,3200,
09:54:10,65.53,500,
09:54:10,65.52,300,
09:54:10,65.54,300,
09:54:10,65.52,300,
09:54:10,65.52,500,
09:54:10,65.52,400,
09:54:10,65.52,900,
09:54:10,65.52,1900,
09:54:10,65.52,2850,
09:54:10,65.52,2000,
09:54:10,65.53,184,
09:54:10,65.53,400,
09:54:10,65.53,400,
09:54:10,65.53,400,
09:54:10,65.53,100,
09:54:10,65.53,950,
09:54:10,65.53,100,
09:54:10,65.53,4216,
09:54:10,65.53,200,
09:54:10,65.53,100,
09:54:10,65.53,1000,
09:54:10,65.53,200,
09:54:10,65.53,100,
09:54:10,65.51,200,
09:54:10,65.51,100,
09:54:10,65.54,746,
09:54:10,65.53,800,
09:54:10,65.53,200,
09:54:10,65.54,300,
09:54:10,65.52,2000,
09:54:11,65.53,100,
09:54:11,65.54,300,
09:54:11,65.54,465,
09:54:11,65.54,500,
09:54:11,65.54,620,
09:54:11,65.54,600,
09:54:11,65.54,500,
09:54:11,65.54,335,
09:54:11,65.54,100,
09:54:11,65.54,565,
09:54:11,65.54,500,
09:54:11,65.54,500,
09:54:11,65.54,200,
09:54:11,65.54,200,
09:54:11,65.54,100,
09:54:12,65.54,100,
09:54:12,65.54,280,
09:54:12,65.53,100,
09:54:12,65.53,200,
09:54:12,65.54,2800,
09:54:13,65.52,2000,
09:54:13,65.52,3700,
09:54:13,65.54,100,
09:54:13,65.54,100,
09:54:13,65.53,200,
09:54:13,65.54,1000,
09:54:13,65.54,600,
09:54:13,65.5399,200,
09:54:14,65.54,800,
09:54:14,65.54,800,
09:54:14,65.54,100,
09:54:14,65.54,500,
09:54:14,65.54,1500,
09:54:14,65.54,100,
09:54:14,65.54,300,
09:54:14,65.54,100,
09:54:14,65.54,600,
09:54:14,65.54,635,
09:54:14,65.54,700,
09:54:14,65.55,100,
09:54:14,65.54,100,
09:54:14,65.54,100,
09:54:15,65.54,100,
09:54:15,65.55,500,
09:54:15,65.55,300,
09:54:15,65.54,200,
09:54:15,65.55,300,
09:54:15,65.55,300,
09:54:15,65.55,100,
09:54:15,65.55,800,
09:54:15,65.55,200,
09:54:15,65.56,1775,
09:54:15,65.56,300,
09:54:15,65.56,100,
09:54:15,65.56,500,
09:54:15,65.56,300,
09:54:15,65.57,800,
09:54:15,65.57,201,
09:54:15,65.56,200,
09:54:15,65.56,500,
09:54:15,65.56,500,
09:54:15,65.56,600,
09:54:15,65.58,2800,
09:54:16,65.56,100,
09:54:16,65.57,100,
09:54:16,65.57,100,
09:54:16,65.57,600,
09:54:16,65.56,100,
09:54:16,65.56,100,
09:54:16,65.56,200,
09:54:16,65.56,100,
09:54:16,65.56,200,
09:54:16,65.56,500,
09:54:16,65.56,100,
09:54:16,65.56,900,
09:54:16,65.57,200,
09:54:16,65.57,200,
09:54:16,65.57,100,
09:54:16,65.57,300,
09:54:16,65.54,200,
09:54:16,65.57,100,
09:54:16,65.56,1000,
09:54:16,65.57,500,
09:54:16,65.57,200,
09:54:16,65.58,116,
09:54:16,65.58,184,
09:54:16,65.57,500,
09:54:16,65.57,2108,
09:54:16,65.54,200,
09:54:16,65.57,100,
09:54:16,65.57,100,
09:54:16,65.57,300,
09:54:16,65.57,100,
09:54:16,65.54,100,
09:54:16,65.54,150,
09:54:16,65.56,300,
09:54:16,65.56,200,
09:54:16,65.56,300,
09:54:16,65.56,700,
09:54:16,65.56,100,
09:54:16,65.58,100,
09:54:16,65.54,200,
09:54:16,65.54,150,
09:54:16,65.54,100,
09:54:16,65.54,200,
09:54:16,65.55,100,
09:54:16,65.56,552,
09:54:16,65.56,615,
09:54:16,65.54,1328,
09:54:16,65.57,468,
09:54:16,65.56,250,
09:54:16,65.56,100,
09:54:16,65.56,1500,
09:54:16,65.55,59950,
09:54:16,65.57,150,
09:54:16,65.54,800,
09:54:17,65.57,100,
09:54:17,65.57,100,
09:54:17,65.57,200,
09:54:17,65.57,100,
09:54:17,65.57,100,
09:54:17,65.57,300,
09:54:18,65.56,300,
09:54:18,65.56,100,
09:54:18,65.56,1000,
09:54:18,65.56,1000,
09:54:18,65.56,500,
09:54:18,65.56,700,
09:54:18,65.56,200,
09:54:19,65.56,400,
09:54:19,65.56,100,
09:54:19,65.568,400,
09:54:19,65.568,600,
09:54:20,65.56,100,
09:54:22,65.56,1300,
09:54:23,65.56,800,
09:54:24,65.5599,100,
09:54:24,65.555,200,
09:54:24,65.56,100,
09:54:24,65.56,100,
09:54:25,65.55,200,
09:54:25,65.55,100,
09:54:25,65.55,800,
09:54:25,65.55,100,
09:54:25,65.55,100,
09:54:25,65.55,300,
09:54:25,65.55,242,
09:54:25,65.55,500,
09:54:25,65.55,500,
09:54:28,65.54,500,
09:54:28,65.54,500,
09:54:28,65.54,200,
09:54:28,65.54,500,
09:54:28,65.541,400,
09:54:30,65.54,100,
09:54:30,65.54,160,
09:54:30,65.54,1500,
09:54:30,65.54,100,
09:54:30,65.54,3000,
09:54:30,65.537,500,
09:54:30,65.54,700,
09:54:30,65.54,100,
09:54:31,65.54,500,
09:54:31,65.535,1000,
09:54:31,65.535,500,
09:54:31,65.54,100,
09:54:34,65.54,1600,
09:54:38,65.55,100,
09:54:38,65.55,100,
09:54:38,65.54,100,
09:54:38,65.54,100,
09:54:39,65.55,100,
09:54:40,65.5411,500,
09:54:41,65.548,900,
09:54:43,65.55,100,
09:54:43,65.55,100,
09:54:43,65.54,300,
09:54:43,65.5455,100,
09:54:45,65.54,100,
09:54:45,65.54,100,
09:54:45,65.54,200,
09:54:45,65.54,300,
09:54:45,65.53,100,
09:54:46,65.53,300,
09:54:48,65.535,500,
09:54:49,65.535,100,
09:54:49,65.535,100,
09:54:49,65.54,100,
09:54:49,65.54,100,
09:54:49,65.54,100,
09:54:49,65.53,300,
09:54:49,65.53,500,
09:54:51,65.53,300,
09:54:53,65.54,500,
09:54:54,65.54,100,
09:54:55,65.54,560,
09:54:55,65.54,1000,
09:54:55,65.5399,2560,
09:54:55,65.54,600,
09:54:55,65.538,2100,
09:54:55,65.545,200,
09:54:58,65.55,100,
09:54:58,65.55,100,
09:54:58,65.55,100,
09:55:00,65.545,500,
09:55:00,65.55,100,
09:55:01,65.55,500,
09:55:01,65.55,200,
09:55:02,65.55,100,
09:55:02,65.55,700,
09:55:02,65.55,100,
09:55:04,65.55,100,
09:55:04,65.55,100,
09:55:06,65.548,200,
09:55:06,65.55,100,
09:55:06,65.55,800,
09:55:07,65.55,3000,
09:55:08,65.55,100,
09:55:08,65.55,100,
09:55:08,65.55,192,
09:55:08,65.55,100,
09:55:12,65.5499,1000,
09:55:12,65.54,500,
09:55:12,65.54,500,
09:55:12,65.54,200,
09:55:12,65.545,300,
09:55:13,65.54,400,
09:55:13,65.54,400,
09:55:13,65.55,600,
09:55:13,65.54,500,
09:55:14,65.55,200,
09:55:17,65.54,100,
09:55:18,65.55,100,
09:55:18,65.55,100,
09:55:19,65.55,100,
09:55:19,65.55,400,
09:55:19,65.545,500,
09:55:20,65.55,1400,
09:55:23,65.55,100,
09:55:23,65.55,100,
09:55:23,65.55,100,
09:55:23,65.55,200,
09:55:23,65.55,100,
09:55:23,65.55,400,
09:55:23,65.55,400,
09:55:23,65.55,200,
09:55:23,65.55,300,
09:55:23,65.55,200,
09:55:23,65.56,1150,
09:55:23,65.56,100,
09:55:23,65.545,100,
09:55:23,65.55,1000,
09:55:23,65.545,500,
09:55:24,65.56,500,
09:55:24,65.56,453,
09:55:24,65.56,319,
09:55:24,65.56,115,
09:55:28,65.56,100,
09:55:28,65.56,100,
09:55:28,65.56,300,
09:55:28,65.56,424,
09:55:28,65.56,876,
09:55:32,65.5505,200,
09:55:33,65.56,100,
09:55:33,65.56,100,
09:55:35,65.55,300,
09:55:35,65.55,100,
09:55:35,65.55,600,
09:55:38,65.55,800,
09:55:38,65.55,500,
09:55:38,65.55,500,
09:55:38,65.55,100,
09:55:39,65.56,500,
09:55:41,65.56,236,
09:55:41,65.56,100,
09:55:41,65.56,164,
09:55:43,65.56,500,
09:55:44,65.5505,350,
09:55:48,65.56,100,
09:55:48,65.56,100,
09:55:48,65.56,100,
09:55:51,65.56,200,
09:55:51,65.56,100,
09:55:51,65.56,100,
09:55:51,65.57,100,
09:55:52,65.56,100,
09:55:53,65.57,100,
09:55:53,65.56,166,
09:55:53,65.56,300,
09:55:53,65.56,100,
09:55:53,65.56,100,
09:55:53,65.56,100,
09:55:53,65.56,434,
09:55:53,65.56,700,
09:55:53,65.56,200,
09:55:53,65.56,200,
09:55:53,65.56,700,
09:55:53,65.56,200,
09:55:53,65.56,784,
09:55:53,65.56,200,
09:55:53,65.56,200,
09:55:53,65.56,100,
09:55:53,65.56,100,
09:55:53,65.56,200,
09:55:53,65.56,200,
09:55:53,65.56,600,
09:55:53,65.56,2464,
09:55:53,65.56,500,
09:55:53,65.56,100,
09:55:53,65.56,500,
09:55:53,65.56,200,
09:55:53,65.56,300,
09:55:53,65.56,100,
09:55:53,65.56,200,
09:55:53,65.56,300,
09:55:53,65.56,100,
09:55:58,65.56,100,
09:55:58,65.551,200,
09:55:59,65.55,200,
09:56:01,65.57,100,
09:56:03,65.57,146,
09:56:03,65.57,154,
09:56:03,65.57,354,
09:56:04,65.57,200,
09:56:08,65.5623,761,
09:56:12,65.57,100,
09:56:13,65.58,100,
09:56:13,65.58,100,
09:56:15,65.57,300,
09:56:15,65.57,208,
09:56:16,65.5601,800,
09:56:16,65.56,141,
09:56:18,65.56,100,
09:56:22,65.56,200,
09:56:22,65.56,100,
09:56:28,65.57,100,
09:56:28,65.57,100,
09:56:30,65.57,100,
09:56:33,65.57,100,
09:56:33,65.57,100,
09:56:36,65.57,500,
09:56:36,65.57,162,
09:56:36,65.57,200,
09:56:37,65.58,1600,
09:56:37,65.58,500,
09:56:37,65.58,500,
09:56:37,65.58,3100,
09:56:37,65.58,800,
09:56:37,65.58,100,
09:56:37,65.58,200,
09:56:37,65.58,3200,
09:56:37,65.58,100,
09:56:38,65.58,100,
09:56:38,65.58,100,
09:56:39,65.57,500,
09:56:40,65.58,100,
09:56:43,65.58,100,
09:56:46,65.58,200,
09:56:48,65.57,500,
09:56:48,65.575,100,
09:56:48,65.57,100,
09:56:48,65.57,200,
09:56:48,65.57,100,
09:56:48,65.57,100,
09:56:48,65.57,100,
09:56:48,65.57,100,
09:56:48,65.57,100,
09:56:48,65.57,200,
09:56:48,65.57,100,
09:56:48,65.57,600,
09:56:48,65.57,1100,
09:56:48,65.57,1400,
09:56:48,65.57,1200,
09:56:48,65.57,300,
09:56:48,65.57,300,
09:56:48,65.57,100,
09:56:48,65.57,400,
09:56:48,65.57,200,
09:56:49,65.58,700,
09:56:49,65.58,300,
09:56:55,65.58,100,
09:56:56,65.58,800,
09:56:56,65.58,500,
09:56:57,65.58,400,
09:56:57,65.58,100,
09:56:59,65.5795,103,
09:57:00,65.58,100,
09:57:00,65.58,300,
09:57:00,65.58,500,
09:57:00,65.58,100,
09:57:00,65.58,300,
09:57:00,65.58,406,
09:57:00,65.58,100,
09:57:00,65.58,100,
09:57:00,65.58,100,
09:57:04,65.5799,6994,
09:57:05,65.58,100,
09:57:06,65.58,600,
09:57:08,65.58,100,
09:57:08,65.58,100,
09:57:08,65.58,100,
09:57:10,65.58,100,
09:57:11,65.5801,1000,
09:57:13,65.59,100,
09:57:13,65.59,100,
09:57:14,65.59,100,
09:57:14,65.59,500,
09:57:14,65.59,500,
09:57:15,65.59,100,
09:57:15,65.59,100,
09:57:15,65.59,300,
09:57:15,65.59,700,
09:57:16,65.58,400,
09:57:16,65.58,200,
09:57:16,65.58,300,
09:57:16,65.58,100,
09:57:16,65.58,500,
09:57:16,65.58,100,
09:57:17,65.57,100,
09:57:17,65.57,499,
09:57:17,65.57,500,
09:57:17,65.57,400,
09:57:17,65.575,200,
09:57:17,65.57,100,
09:57:17,65.57,100,
09:57:18,65.57,300,
09:57:18,65.57,100,
09:57:18,65.5611,300,
09:57:18,65.57,400,
09:57:18,65.57,800,
09:57:18,65.56,500,
09:57:18,65.56,100,
09:57:18,65.56,500,
09:57:18,65.56,100,
09:57:19,65.56,1600,
09:57:19,65.56,200,
09:57:19,65.56,100,
09:57:19,65.56,100,
09:57:19,65.56,200,
09:57:19,65.56,300,
09:57:19,65.56,800,
09:57:19,65.56,200,
09:57:19,65.56,1000,
09:57:19,65.56,100,
09:57:19,65.56,200,
09:57:19,65.56,100,
09:57:19,65.56,900,
09:57:28,65.56,105,
09:57:30,65.56,700,
09:57:31,65.56,100,
09:57:43,65.56,100,
09:57:43,65.56,1700,
09:57:43,65.56,1300,
09:57:43,65.56,100,
09:57:43,65.56,100,
09:57:43,65.56,1000,
09:57:43,65.56,100,
09:57:43,65.56,100,
09:57:45,65.57,200,
09:57:45,65.57,100,
09:57:49,65.561,9000,
09:57:52,65.57,100,
09:57:56,65.561,2500,
09:57:56,65.57,100,
09:57:56,65.57,500,
09:57:56,65.57,400,
09:57:58,65.57,800,
09:57:58,65.57,100,
09:58:07,65.57,100,
09:58:10,65.58,100,
09:58:10,65.58,500,
09:58:10,65.58,500,
09:58:11,65.58,800,
09:58:13,65.59,100,
09:58:13,65.59,100,
09:58:13,65.58,460,
09:58:14,65.585,100,
09:58:15,65.57,100,
09:58:19,65.57,300,
09:58:19,65.57,500,
09:58:19,65.57,100,
09:58:19,65.56,100,
09:58:22,65.5605,243,
09:58:28,65.57,500,
09:58:29,65.56,100,
09:58:29,65.56,500,
09:58:29,65.56,500,
09:58:29,65.56,100,
09:58:31,65.55,100,
09:58:31,65.55,500,
09:58:31,65.55,500,
09:58:31,65.55,100,
09:58:34,65.55,100,
09:58:35,65.55,100,
09:58:35,65.5405,400,
09:58:39,65.55,100,
09:58:40,65.55,100,
09:58:43,65.55,800,
09:58:43,65.55,200,
09:58:43,65.55,400,
09:58:43,65.55,200,
09:58:43,65.55,500,
09:58:43,65.55,400,
09:58:45,65.55,1000,
09:58:45,65.55,200,
09:58:45,65.55,400,
09:58:45,65.55,600,
09:58:45,65.55,200,
09:58:47,65.56,300,
09:58:47,65.56,300,
09:58:48,65.5501,2400,
09:58:48,65.56,100,
09:58:48,65.56,100,
09:58:49,65.55,200,
09:58:51,65.55,100,
09:58:51,65.55,100,
09:58:51,65.55,100,
09:58:51,65.55,200,
09:58:51,65.555,100,
09:58:57,65.55,300,
09:58:57,65.55,100,
09:58:58,65.55,100,
09:58:58,65.55,100,
09:58:58,65.55,100,
09:58:59,65.551,100,
09:59:01,65.56,100,
09:59:01,65.56,100,
09:59:03,65.56,100,
09:59:04,65.55,100,
09:59:04,65.54,300,
09:59:05,65.55,100,
09:59:08,65.5405,226,
09:59:11,65.541,600,
09:59:16,65.55,100,
09:59:18,65.55,100,
09:59:18,65.55,100,
09:59:21,65.55,200,
09:59:21,65.55,100,
09:59:21,65.55,300,
09:59:21,65.55,700,
09:59:21,65.55,100,
09:59:21,65.55,100,
09:59:21,65.56,100,
09:59:21,65.56,500,
09:59:21,65.56,200,
09:59:21,65.56,500,
09:59:21,65.56,500,
09:59:21,65.55,400,
09:59:21,65.55,300,
09:59:21,65.55,400,
09:59:21,65.55,100,
09:59:21,65.55,100,
09:59:21,65.55,200,
09:59:21,65.55,100,
09:59:21,65.55,100,
09:59:23,65.56,100,
09:59:23,65.56,100,
09:59:24,65.56,200,
09:59:24,65.56,700,
09:59:24,65.56,500,
09:59:26,65.56,2000,
09:59:32,65.56,100,
09:59:33,65.56,100,
09:59:33,65.56,100,
09:59:38,65.56,100,
09:59:38,65.56,100,
09:59:40,65.56,700,
09:59:40,65.56,100,
09:59:40,65.56,100,
09:59:40,65.56,700,
09:59:40,65.56,100,
09:59:40,65.55,100,
09:59:40,65.55,100,
09:59:40,65.55,100,
09:59:40,65.55,400,
09:59:41,65.56,100,
09:59:43,65.57,100,
09:59:44,65.57,200,
09:59:45,65.56,300,
09:59:45,65.56,300,
09:59:45,65.56,500,
09:59:45,65.56,100,
09:59:45,65.56,114,
09:59:45,65.56,100,
09:59:45,65.56,200,
09:59:46,65.56,100,
09:59:46,65.56,100,
09:59:46,65.56,100,
09:59:48,65.56,100,
09:59:50,65.565,100,
09:59:50,65.56,100,
09:59:54,65.57,300,
09:59:54,65.57,300,
09:59:54,65.57,100,
09:59:54,65.57,500,
09:59:54,65.57,100,
09:59:54,65.57,400,
09:59:54,65.58,300,
09:59:54,65.58,300,
09:59:54,65.58,200,
09:59:54,65.58,200,
09:59:55,65.58,100,
09:59:56,65.58,300,
09:59:56,65.58,100,
09:59:56,65.58,800,
09:59:56,65.58,200,
09:59:56,65.58,400,
09:59:56,65.58,100,
09:59:56,65.58,200,
09:59:56,65.58,1000,
09:59:58,65.58,100,
10:00:01,65.62,700,
10:00:01,65.62,100,
10:00:01,65.61,300,
10:00:01,65.61,500,
10:00:01,65.61,500,
10:00:01,65.61,100,
10:00:01,65.62,325,
10:00:01,65.62,175,
10:00:01,65.62,500,
10:00:01,65.62,800,
10:00:01,65.62,100,
10:00:01,65.62,200,
10:00:01,65.62,100,
10:00:01,65.61,200,
10:00:01,65.618,100,
10:00:01,65.61,100,
10:00:01,65.61,100,
10:00:01,65.61,150,
10:00:01,65.61,100,
10:00:01,65.61,200,
10:00:01,65.61,100,
10:00:01,65.61,100,
10:00:01,65.61,100,
10:00:01,65.61,100,
10:00:01,65.61,200,
10:00:01,65.61,100,
10:00:01,65.61,300,
10:00:02,65.62,100,
10:00:02,65.62,100,
10:00:02,65.61,100,
10:00:02,65.61,100,
10:00:02,65.61,100,
10:00:02,65.61,100,
10:00:02,65.60,500,
10:00:02,65.61,500,
10:00:02,65.61,500,
10:00:02,65.61,800,
10:00:02,65.60,100,
10:00:02,65.60,600,
10:00:02,65.60,300,
10:00:02,65.60,200,
10:00:02,65.60,200,
10:00:02,65.60,1800,
10:00:02,65.60,800,
10:00:02,65.60,500,
10:00:02,65.60,500,
10:00:02,65.60,100,
10:00:02,65.60,100,
10:00:02,65.60,500,
10:00:02,65.60,100,
10:00:02,65.60,400,
10:00:02,65.60,400,
10:00:02,65.60,200,
10:00:02,65.60,200,
10:00:02,65.60,200,
10:00:02,65.60,500,
10:00:02,65.60,100,
10:00:02,65.60,100,
10:00:02,65.60,800,
10:00:02,65.60,100,
10:00:02,65.60,100,
10:00:02,65.60,100,
10:00:02,65.60,700,
10:00:02,65.60,100,
10:00:02,65.60,100,
10:00:02,65.59,600,
10:00:03,65.60,100,
10:00:03,65.60,100,
10:00:03,65.60,100,
10:00:03,65.60,100,
10:00:03,65.60,100,
10:00:03,65.60,200,
10:00:03,65.60,100,
10:00:03,65.59,800,
10:00:03,65.59,500,
10:00:03,65.59,100,
10:00:03,65.59,700,
10:00:03,65.59,100,
10:00:03,65.59,500,
10:00:03,65.59,100,
10:00:03,65.59,200,
10:00:03,65.59,100,
10:00:03,65.59,200,
10:00:03,65.59,500,
10:00:03,65.59,100,
10:00:03,65.59,200,
10:00:03,65.60,700,
10:00:03,65.60,400,
10:00:03,65.59,200,
10:00:03,65.59,500,
10:00:03,65.59,100,
10:00:03,65.59,100,
10:00:03,65.60,200,
10:00:03,65.60,200,
10:00:03,65.60,100,
10:00:03,65.60,200,
10:00:03,65.60,300,
10:00:03,65.60,100,
10:00:03,65.60,100,
10:00:03,65.60,800,
10:00:03,65.59,100,
10:00:03,65.59,100,
10:00:03,65.60,1700,
10:00:03,65.60,100,
10:00:03,65.60,500,
10:00:03,65.60,500,
10:00:03,65.60,200,
10:00:03,65.60,300,
10:00:03,65.60,200,
10:00:03,65.61,500,
10:00:03,65.61,200,
10:00:03,65.61,100,
10:00:03,65.61,100,
10:00:03,65.61,100,
10:00:03,65.61,100,
10:00:03,65.61,100,
10:00:03,65.61,100,
10:00:03,65.61,500,
10:00:03,65.61,700,
10:00:03,65.61,300,
10:00:03,65.61,100,
10:00:03,65.61,200,
10:00:03,65.60,100,
10:00:04,65.60,143,
10:00:04,65.60,200,
10:00:04,65.60,1000,
10:00:04,65.60,100,
10:00:04,65.60,200,
10:00:04,65.60,100,
10:00:04,65.60,700,
10:00:04,65.60,150,
10:00:04,65.60,300,
10:00:04,65.61,200,
10:00:04,65.61,100,
10:00:04,65.61,500,
10:00:04,65.61,150,
10:00:04,65.61,1500,
10:00:04,65.61,100,
10:00:04,65.61,100,
10:00:04,65.61,100,
10:00:04,65.61,200,
10:00:04,65.61,250,
10:00:04,65.61,700,
10:00:04,65.61,100,
10:00:04,65.61,100,
10:00:04,65.61,100,
10:00:04,65.61,100,
10:00:04,65.61,100,
10:00:04,65.61,100,
10:00:04,65.61,100,
10:00:04,65.61,100,
10:00:04,65.61,100,
10:00:04,65.61,300,
10:00:04,65.61,100,
10:00:04,65.61,500,
10:00:04,65.61,500,
10:00:04,65.61,100,
10:00:04,65.61,1400,
10:00:05,65.61,300,
10:00:05,65.61,200,
10:00:05,65.61,200,
10:00:05,65.61,100,
10:00:05,65.61,700,
10:00:05,65.61,100,
10:00:05,65.60,100,
10:00:05,65.60,100,
10:00:05,65.60,400,
10:00:05,65.60,400,
10:00:05,65.60,500,
10:00:05,65.60,700,
10:00:05,65.60,100,
10:00:05,65.60,500,
10:00:05,65.60,700,
10:00:05,65.60,200,
10:00:05,65.60,100,
10:00:05,65.60,100,
10:00:05,65.60,200,
10:00:05,65.60,100,
10:00:05,65.60,100,
10:00:05,65.60,500,
10:00:05,65.60,700,
10:00:05,65.60,200,
10:00:05,65.60,150,
10:00:05,65.60,200,
10:00:05,65.60,600,
10:00:05,65.60,200,
10:00:05,65.60,200,
10:00:05,65.60,300,
10:00:05,65.60,700,
10:00:05,65.60,200,
10:00:05,65.6099,200,
10:00:05,65.61,200,
10:00:05,65.6099,200,
10:00:05,65.60,100,
10:00:05,65.61,700,
10:00:05,65.61,100,
10:00:06,65.60,300,
10:00:06,65.60,700,
10:00:06,65.60,100,
10:00:06,65.60,200,
10:00:06,65.60,1000,
10:00:06,65.60,100,
10:00:06,65.60,100,
10:00:06,65.60,500,
10:00:06,65.59,100,
10:00:06,65.59,100,
10:00:07,65.60,700,
10:00:07,65.60,100,
10:00:07,65.61,100,
10:00:07,65.61,100,
10:00:07,65.61,500,
10:00:07,65.61,100,
10:00:07,65.61,200,
10:00:07,65.61,200,
10:00:07,65.61,100,
10:00:07,65.61,200,
10:00:07,65.61,1300,
10:00:07,65.61,200,
10:00:07,65.61,300,
10:00:07,65.61,200,
10:00:07,65.61,1000,
10:00:07,65.61,200,
10:00:07,65.61,400,
10:00:07,65.61,700,
10:00:07,65.61,300,
10:00:07,65.61,700,
10:00:07,65.61,100,
10:00:08,65.61,200,
10:00:08,65.61,300,
10:00:08,65.61,100,
10:00:08,65.61,300,
10:00:08,65.60,1000,
10:00:09,65.60,100,
10:00:09,65.59,100,
10:00:09,65.60,200,
10:00:10,65.60,100,
10:00:10,65.60,166,
10:00:10,65.60,400,
10:00:10,65.60,100,
10:00:10,65.60,166,
10:00:10,65.59,100,
10:00:10,65.59,200,
10:00:10,65.60,100,
10:00:11,65.60,100,
10:00:12,65.59,100,
10:00:12,65.60,100,
10:00:12,65.60,500,
10:00:12,65.60,400,
10:00:12,65.59,500,
10:00:12,65.59,500,
10:00:12,65.59,170,
10:00:13,65.59,100,
10:00:13,65.59,100,
10:00:13,65.58,100,
10:00:13,65.59,200,
10:00:13,65.60,200,
10:00:13,65.60,200,
10:00:13,65.61,500,
10:00:13,65.60,200,
10:00:13,65.60,200,
10:00:13,65.60,400,
10:00:13,65.60,200,
10:00:13,65.60,800,
10:00:13,65.60,200,
10:00:13,65.60,100,
10:00:13,65.60,100,
10:00:13,65.61,100,
10:00:13,65.60,100,
10:00:13,65.60,200,
10:00:13,65.60,200,
10:00:13,65.61,566,
10:00:13,65.61,200,
10:00:13,65.60,400,
10:00:13,65.61,200,
10:00:13,65.60,100,
10:00:13,65.60,300,
10:00:13,65.60,100,
10:00:13,65.60,100,
10:00:13,65.61,200,
10:00:13,65.61,100,
10:00:13,65.61,500,
10:00:13,65.61,500,
10:00:13,65.61,300,
10:00:14,65.61,700,
10:00:14,65.61,180,
10:00:14,65.61,100,
10:00:14,65.61,100,
10:00:14,65.61,100,
10:00:14,65.61,100,
10:00:14,65.61,100,
10:00:14,65.61,200,
10:00:14,65.61,100,
10:00:14,65.61,100,
10:00:14,65.61,220,
10:00:14,65.61,120,
10:00:14,65.61,100,
10:00:14,65.61,100,
10:00:14,65.61,200,
10:00:15,65.60,100,
10:00:15,65.60,500,
10:00:15,65.60,200,
10:00:16,65.60,200,
10:00:16,65.61,500,
10:00:16,65.61,100,
10:00:16,65.60,100,
10:00:16,65.60,100,
10:00:17,65.60,200,
10:00:17,65.60,100,
10:00:17,65.60,100,
10:00:17,65.60,200,
10:00:17,65.60,100,
10:00:17,65.60,400,
10:00:18,65.61,100,
10:00:19,65.60,500,
10:00:19,65.60,1300,
10:00:20,65.5913,1000,
10:00:23,65.61,700,
10:00:23,65.601,1000,
10:00:26,65.61,500,
10:00:26,65.61,500,
10:00:26,65.61,200,
10:00:26,65.61,100,
10:00:26,65.61,200,
10:00:26,65.61,100,
10:00:26,65.61,200,
10:00:26,65.61,100,
10:00:26,65.61,100,
10:00:26,65.609,9000,
10:00:27,65.61,200,
10:00:28,65.62,100,
10:00:29,65.611,500,
10:00:33,65.62,100,
10:00:34,65.61,100,
10:00:34,65.61,200,
10:00:34,65.61,100,
10:00:35,65.60,500,
10:00:35,65.60,100,
10:00:35,65.60,1200,
10:00:35,65.60,1100,
10:00:35,65.60,1200,
10:00:36,65.59,400,
10:00:36,65.59,100,
10:00:39,65.60,400,
10:00:39,65.60,100,
10:00:39,65.60,2100,
10:00:39,65.61,100,
10:00:41,65.61,500,
10:00:43,65.61,400,
10:00:43,65.61,100,
10:00:46,65.61,200,
10:00:46,65.61,500,
10:00:46,65.62,2586,
10:00:46,65.62,300,
10:00:46,65.62,300,
10:00:46,65.62,200,
10:00:46,65.62,500,
10:00:46,65.62,500,
10:00:46,65.62,500,
10:00:46,65.61,100,
10:00:46,65.61,200,
10:00:46,65.61,100,
10:00:46,65.61,269,
10:00:48,65.62,100,
10:00:48,65.62,100,
10:00:48,65.61,300,
10:00:48,65.61,300,
10:00:48,65.61,100,
10:00:48,65.61,200,
10:00:48,65.61,200,
10:00:48,65.61,200,
10:00:48,65.61,200,
10:00:49,65.62,2036,
10:00:49,65.62,314,
10:00:49,65.62,200,
10:00:49,65.62,530,
10:00:49,65.62,2500,
10:00:49,65.62,100,
10:00:49,65.62,100,
10:00:53,65.612,100,
10:00:54,65.62,200,
10:00:54,65.62,100,
10:00:54,65.62,300,
10:00:55,65.618,200,
10:00:57,65.62,200,
10:00:57,65.62,200,
10:00:57,65.62,200,
10:00:57,65.63,100,
10:00:57,65.63,100,
10:00:57,65.63,500,
10:00:57,65.63,500,
10:00:58,65.64,100,
10:00:58,65.64,100,
10:00:58,65.64,500,
10:00:58,65.64,300,
10:00:59,65.63,1741,
10:01:01,65.63,100,
10:01:02,65.63,300,
10:01:02,65.62,500,
10:01:02,65.62,100,
10:01:03,65.62,400,
10:01:03,65.62,700,
10:01:03,65.62,100,
10:01:03,65.63,100,
10:01:03,65.63,300,
10:01:03,65.63,200,
10:01:03,65.63,200,
10:01:03,65.63,300,
10:01:03,65.63,200,
10:01:03,65.63,400,
10:01:03,65.62,200,
10:01:03,65.63,100,
10:01:03,65.63,500,
10:01:03,65.63,200,
10:01:03,65.63,100,
10:01:03,65.63,100,
10:01:03,65.63,200,
10:01:04,65.63,100,
10:01:05,65.62,100,
10:01:08,65.64,100,
10:01:08,65.64,100,
10:01:09,65.64,100,
10:01:09,65.63,100,
10:01:15,65.63,120,
10:01:16,65.62,1600,
10:01:16,65.62,300,
10:01:16,65.62,700,
10:01:16,65.62,500,
10:01:16,65.62,500,
10:01:16,65.625,100,
10:01:17,65.62,200,
10:01:17,65.62,100,
10:01:17,65.62,200,
10:01:17,65.62,200,
10:01:17,65.62,200,
10:01:17,65.62,100,
10:01:17,65.61,300,
10:01:18,65.61,500,
10:01:18,65.61,500,
10:01:19,65.62,200,
10:01:22,65.62,100,
10:01:22,65.62,200,
10:01:23,65.62,300,
10:01:23,65.62,208,
10:01:23,65.62,200,
10:01:23,65.62,100,
10:01:23,65.62,100,
10:01:24,65.62,100,
10:01:24,65.62,100,
10:01:24,65.62,200,
10:01:24,65.62,100,
10:01:24,65.62,100,
10:01:27,65.62,500,
10:01:27,65.62,100,
10:01:28,65.62,700,
10:01:28,65.62,100,
10:01:29,65.621,100,
10:01:29,65.621,100,
10:01:29,65.621,600,
10:01:29,65.621,700,
10:01:29,65.621,300,
10:01:29,65.621,100,
10:01:29,65.621,377,
10:01:30,65.61,300,
10:01:30,65.61,300,
10:01:30,65.61,400,
10:01:30,65.61,100,
10:01:30,65.61,500,
10:01:30,65.61,600,
10:01:30,65.61,200,
10:01:30,65.61,500,
10:01:31,65.61,150,
10:01:31,65.62,100,
10:01:32,65.62,100,
10:01:34,65.61,180,
10:01:37,65.62,100,
10:01:38,65.62,100,
10:01:38,65.62,500,
10:01:38,65.63,1550,
10:01:38,65.63,183,
10:01:38,65.63,500,
10:01:38,65.63,500,
10:01:38,65.63,1708,
10:01:38,65.63,1975,
10:01:38,65.63,1739,
10:01:39,65.63,100,
10:01:40,65.6207,400,
10:01:41,65.63,100,
10:01:45,65.64,300,
10:01:45,65.64,500,
10:01:45,65.64,100,
10:01:45,65.66,200,
10:01:45,65.64,400,
10:01:45,65.65,232,
10:01:45,65.65,100,
10:01:45,65.65,132,
10:01:45,65.65,500,
10:01:45,65.65,100,
10:01:45,65.65,100,
10:01:45,65.65,132,
10:01:46,65.65,100,
10:01:46,65.65,200,
10:01:47,65.65,100,
10:01:47,65.65,100,
10:01:47,65.65,200,
10:01:47,65.65,800,
10:01:47,65.65,1100,
10:01:47,65.65,200,
10:01:47,65.65,1000,
10:01:47,65.65,100,
10:01:47,65.65,200,
10:01:47,65.65,100,
10:01:48,65.66,100,
10:01:48,65.66,100,
10:01:49,65.65,100,
10:01:49,65.65,100,
10:01:49,65.65,100,
10:01:53,65.65,278,
10:01:53,65.65,100,
10:01:55,65.66,500,
10:01:55,65.66,500,
10:01:55,65.66,500,
10:01:56,65.67,300,
10:01:56,65.67,290,
10:01:56,65.67,500,
10:01:56,65.67,126,
10:01:56,65.67,100,
10:01:56,65.68,500,
10:01:56,65.68,200,
10:01:56,65.69,100,
10:01:56,65.69,1210,
10:01:56,65.69,800,
10:01:56,65.69,310,
10:01:56,65.69,100,
10:01:56,65.69,100,
10:01:56,65.69,390,
10:01:56,65.68,900,
10:01:56,65.69,200,
10:01:56,65.69,700,
10:01:56,65.69,100,
10:01:56,65.69,100,
10:01:56,65.69,200,
10:01:56,65.69,400,
10:01:57,65.69,100,
10:01:57,65.68,200,
10:01:57,65.68,100,
10:01:57,65.68,200,
10:01:58,65.68,600,
10:01:58,65.68,100,
10:01:58,65.68,100,
10:01:58,65.68,100,
10:01:59,65.67,200,
10:02:03,65.6699,500,
10:02:05,65.6695,500,
10:02:06,65.66,500,
10:02:06,65.66,200,
10:02:06,65.66,500,
10:02:08,65.66,100,
10:02:09,65.66,100,
10:02:11,65.66,600,
10:02:11,65.67,100,
10:02:11,65.67,100,
10:02:11,65.67,100,
10:02:11,65.67,100,
10:02:11,65.67,200,
10:02:11,65.67,100,
10:02:11,65.67,800,
10:02:11,65.67,1100,
10:02:11,65.67,200,
10:02:11,65.67,100,
10:02:11,65.67,100,
10:02:11,65.65,200,
10:02:11,65.66,100,
10:02:13,65.66,100,
10:02:13,65.66,100,
10:02:13,65.66,100,
10:02:13,65.66,300,
10:02:14,65.65,376,
10:02:14,65.65,500,
10:02:14,65.65,300,
10:02:14,65.65,100,
10:02:14,65.65,500,
10:02:14,65.65,500,
10:02:14,65.64,531,
10:02:14,65.64,700,
10:02:14,65.65,300,
10:02:14,65.65,500,
10:02:14,65.65,700,
10:02:14,65.65,600,
10:02:14,65.65,100,
10:02:14,65.65,800,
10:02:14,65.65,200,
10:02:14,65.65,800,
10:02:14,65.65,800,
10:02:14,65.65,1600,
10:02:14,65.65,200,
10:02:14,65.65,300,
10:02:14,65.65,100,
10:02:14,65.65,150,
10:02:14,65.65,150,
10:02:14,65.65,500,
10:02:14,65.65,200,
10:02:14,65.65,300,
10:02:14,65.65,1000,
10:02:14,65.65,200,
10:02:14,65.65,200,
10:02:14,65.65,150,
10:02:14,65.65,200,
10:02:14,65.65,100,
10:02:14,65.65,100,
10:02:15,65.65,1500,
10:02:15,65.65,400,
10:02:17,65.66,700,
10:02:22,65.65,100,
10:02:22,65.65,100,
10:02:22,65.65,300,
10:02:22,65.65,100,
10:02:24,65.64,100,
10:02:24,65.64,1500,
10:02:24,65.64,500,
10:02:24,65.64,200,
10:02:24,65.64,500,
10:02:24,65.64,300,
10:02:24,65.64,100,
10:02:25,65.63,589,
10:02:25,65.63,300,
10:02:25,65.63,386,
10:02:25,65.63,500,
10:02:25,65.62,400,
10:02:26,65.62,200,
10:02:26,65.63,100,
10:02:28,65.63,600,
10:02:28,65.63,100,
10:02:28,65.63,100,
10:02:29,65.63,100,
10:02:30,65.62,500,
10:02:30,65.62,300,
10:02:30,65.62,100,
10:02:30,65.62,500,
10:02:31,65.62,100,
10:02:36,65.61,800,
10:02:36,65.61,500,
10:02:36,65.61,500,
10:02:36,65.60,331,
10:02:36,65.60,100,
10:02:36,65.60,362,
10:02:36,65.60,469,
10:02:36,65.60,500,
10:02:36,65.60,138,
10:02:38,65.60,100,
10:02:38,65.60,100,
10:02:39,65.60,100,
10:02:43,65.61,100,
10:02:43,65.61,100,
10:02:43,65.61,200,
10:02:44,65.601,800,
10:02:49,65.605,500,
10:02:49,65.61,500,
10:02:49,65.61,300,
10:02:51,65.6006,200,
10:02:53,65.61,100,
10:02:53,65.61,100,
10:02:54,65.61,100,
10:02:59,65.61,136,
10:03:00,65.615,200,
10:03:01,65.61,238,
10:03:02,65.61,500,
10:03:08,65.61,127,
10:03:10,65.60,300,
10:03:10,65.60,500,
10:03:10,65.60,500,
10:03:11,65.60,100,
10:03:12,65.60,200,
10:03:14,65.60,100,
10:03:15,65.60,100,
10:03:16,65.6055,149,
10:03:17,65.602,101,
10:03:20,65.61,500,
10:03:20,65.61,500,
10:03:20,65.62,100,
10:03:23,65.61,500,
10:03:23,65.60,500,
10:03:23,65.60,100,
10:03:23,65.60,217,
10:03:26,65.59,683,
10:03:26,65.59,500,
10:03:26,65.59,500,
10:03:26,65.59,400,
10:03:26,65.58,100,
10:03:26,65.58,500,
10:03:26,65.58,300,
10:03:27,65.58,100,
10:03:27,65.58,100,
10:03:28,65.59,500,
10:03:28,65.59,100,
10:03:33,65.60,100,
10:03:33,65.60,100,
10:03:34,65.59,100,
10:03:34,65.59,400,
10:03:34,65.59,100,
10:03:35,65.60,100,
10:03:35,65.60,100,
10:03:38,65.59,100,
10:03:38,65.59,1500,
10:03:38,65.59,400,
10:03:38,65.59,600,
10:03:38,65.59,8200,
10:03:38,65.5955,125,
10:03:40,65.59,100,
10:03:40,65.60,200,
10:03:40,65.59,100,
10:03:43,65.60,100,
10:03:43,65.60,100,
10:03:43,65.60,400,
10:03:44,65.61,389,
10:03:44,65.61,500,
10:03:45,65.60,100,
10:03:48,65.61,100,
10:03:49,65.60,100,
10:03:49,65.61,100,
10:03:49,65.61,100,
10:03:49,65.60,500,
10:03:51,65.60,100,
10:03:53,65.61,100,
10:03:54,65.6011,100,
10:03:56,65.60,10000,
10:03:59,65.61,500,
10:03:59,65.62,100,
10:03:59,65.62,100,
10:04:00,65.61,100,
10:04:00,65.60,100,
10:04:02,65.61,800,
10:04:02,65.61,100,
10:04:03,65.61,100,
10:04:03,65.61,100,
10:04:03,65.62,100,
10:04:05,65.61,100,
10:04:06,65.61,100,
10:04:08,65.62,500,
10:04:09,65.61,100,
10:04:12,65.61,100,
10:04:13,65.61,100,
10:04:13,65.61,100,
10:04:16,65.615,2100,
10:04:16,65.61,200,
10:04:16,65.61,200,
10:04:16,65.61,100,
10:04:16,65.61,1000,
10:04:16,65.615,100,
10:04:16,65.615,100,
10:04:16,65.615,200,
10:04:16,65.615,1400,
10:04:16,65.615,400,
10:04:16,65.615,900,
10:04:16,65.615,200,
10:04:16,65.6125,100,
10:04:16,65.611,100,
10:04:16,65.61,100,
10:04:16,65.615,200,
10:04:16,65.615,400,
10:04:16,65.6125,300,
10:04:17,65.615,100,
10:04:17,65.615,200,
10:04:17,65.615,100,
10:04:17,65.615,100,
10:04:17,65.615,100,
10:04:17,65.615,500,
10:04:17,65.615,100,
10:04:17,65.615,100,
10:04:18,65.62,500,
10:04:18,65.62,100,
10:04:18,65.62,600,
10:04:18,65.62,700,
10:04:18,65.62,100,
10:04:18,65.62,600,
10:04:18,65.62,3300,
10:04:18,65.62,200,
10:04:18,65.62,100,
10:04:18,65.62,200,
10:04:18,65.62,3200,
10:04:18,65.62,500,
10:04:18,65.62,200,
10:04:18,65.62,500,
10:04:18,65.62,5000,
10:04:18,65.62,3100,
10:04:18,65.62,600,
10:04:18,65.62,500,
10:04:18,65.62,500,
10:04:18,65.62,100,
10:04:18,65.62,200,
10:04:18,65.63,400,
10:04:18,65.63,100,
10:04:18,65.63,300,
10:04:18,65.63,500,
10:04:18,65.62,300,
10:04:21,65.64,100,
10:04:23,65.64,500,
10:04:23,65.64,700,
10:04:23,65.64,100,
10:04:23,65.64,400,
10:04:23,65.64,500,
10:04:23,65.64,100,
10:04:23,65.645,100,
10:04:23,65.645,200,
10:04:24,65.64,1900,
10:04:24,65.64,200,
10:04:24,65.64,200,
10:04:24,65.64,800,
10:04:24,65.64,200,
10:04:24,65.63,100,
10:04:24,65.63,800,
10:04:25,65.63,100,
10:04:25,65.63,100,
10:04:26,65.63,100,
10:04:29,65.6395,350,
10:04:31,65.64,100,
10:04:33,65.64,100,
10:04:33,65.64,100,
10:04:34,65.64,200,
10:04:34,65.64,448,
10:04:34,65.64,700,
10:04:36,65.639,500,
10:04:38,65.64,100,
10:04:38,65.64,100,
10:04:42,65.64,200,
10:04:42,65.63,100,
10:04:43,65.64,100,
10:04:43,65.64,100,
10:04:43,65.64,200,
10:04:46,65.63,300,
10:04:46,65.63,100,
10:04:46,65.63,100,
10:04:46,65.63,200,
10:04:52,65.63,200,
10:04:52,65.63,200,
10:04:52,65.63,100,
10:04:52,65.63,800,
10:04:52,65.63,800,
10:04:52,65.63,600,
10:04:52,65.63,500,
10:04:52,65.63,100,
10:04:52,65.63,400,
10:04:52,65.63,100,
10:04:52,65.63,100,
10:04:52,65.63,1100,
10:04:52,65.62,500,
10:04:52,65.61,500,
10:04:52,65.62,500,
10:04:52,65.61,531,
10:04:52,65.61,300,
10:04:52,65.61,500,
10:04:52,65.61,500,
10:04:52,65.61,400,
10:04:52,65.61,200,
10:04:53,65.61,500,
10:04:53,65.61,100,
10:04:54,65.61,100,
10:05:03,65.62,400,
10:05:03,65.62,500,
10:05:03,65.63,200,
10:05:03,65.63,100,
10:05:04,65.63,500,
10:05:04,65.63,100,
10:05:04,65.63,222,
10:05:04,65.63,100,
10:05:10,65.632,100,
10:05:15,65.6395,100,
10:05:17,65.64,3200,
10:05:17,65.64,146,
10:05:17,65.64,800,
10:05:17,65.64,600,
10:05:17,65.64,500,
10:05:17,65.64,500,
10:05:18,65.63,100,
10:05:21,65.64,100,
10:05:21,65.65,100,
10:05:23,65.65,200,
10:05:29,65.65,200,
10:05:29,65.65,500,
10:05:32,65.64,200,
10:05:32,65.64,300,
10:05:32,65.645,100,
10:05:33,65.6399,5000,
10:05:36,65.64,300,
10:05:36,65.64,100,
10:05:37,65.63,100,
10:05:39,65.64,100,
10:05:39,65.64,100,
10:05:42,65.65,433,
10:05:47,65.63,200,
10:05:47,65.63,500,
10:05:47,65.63,500,
10:05:47,65.63,500,
10:05:47,65.63,200,
10:05:47,65.63,100,
10:05:51,65.639,200,
10:05:55,65.64,800,
10:05:57,65.63,100,
10:05:57,65.635,100,
10:06:00,65.62,500,
10:06:00,65.62,500,
10:06:00,65.62,300,
10:06:00,65.62,567,
10:06:00,65.62,100,
10:06:00,65.62,200,
10:06:00,65.62,100,
10:06:09,65.6101,800,
10:06:09,65.62,100,
10:06:09,65.62,1000,
10:06:09,65.62,1400,
10:06:09,65.62,1800,
10:06:09,65.62,400,
10:06:09,65.62,500,
10:06:09,65.62,300,
10:06:09,65.62,500,
10:06:09,65.62,400,
10:06:09,65.62,3000,
10:06:09,65.62,600,
10:06:09,65.62,300,
10:06:09,65.63,200,
10:06:21,65.62,100,
10:06:22,65.62,100,
10:06:26,65.62,200,
10:06:28,65.62,300,
10:06:28,65.62,200,
10:06:29,65.63,500,
10:06:29,65.63,500,
10:06:29,65.63,100,
10:06:30,65.63,800,
10:06:30,65.63,300,
10:06:30,65.63,2000,
10:06:30,65.63,100,
10:06:30,65.63,100,
10:06:31,65.63,100,
10:06:31,65.6289,810,
10:06:33,65.62,500,
10:06:33,65.62,800,
10:06:38,65.63,100,
10:06:38,65.63,500,
10:06:38,65.63,400,
10:06:38,65.64,200,
10:06:40,65.63,300,
10:06:44,65.64,500,
10:06:44,65.64,500,
10:06:45,65.645,100,
10:06:45,65.645,100,
10:06:48,65.64,800,
10:06:54,65.65,323,
10:06:58,65.64,200,
10:06:58,65.64,100,
10:06:58,65.63,500,
10:06:58,65.63,500,
10:06:58,65.63,300,
10:06:58,65.63,1000,
10:06:58,65.63,600,
10:06:58,65.645,100,
10:06:58,65.63,200,
10:06:58,65.63,600,
10:06:58,65.63,100,
10:06:58,65.63,100,
10:06:58,65.63,100,
10:06:59,65.63,100,
10:07:00,65.64,100,
10:07:00,65.63,100,
10:07:01,65.63,100,
10:07:04,65.63,2800,
10:07:05,65.63,500,
10:07:05,65.63,600,
10:07:05,65.63,1400,
10:07:05,65.63,1200,
10:07:05,65.64,200,
10:07:05,65.64,100,
10:07:05,65.64,100,
10:07:13,65.64,800,
10:07:13,65.64,5400,
10:07:13,65.64,500,
10:07:13,65.64,100,
10:07:13,65.64,4400,
10:07:21,65.64,300,
10:07:21,65.64,700,
10:07:21,65.64,800,
10:07:21,65.64,600,
10:07:21,65.64,1100,
10:07:24,65.63,100,
10:07:24,65.64,300,
10:07:24,65.64,700,
10:07:24,65.64,100,
10:07:24,65.64,200,
10:07:24,65.64,700,
10:07:24,65.65,100,
10:07:24,65.65,500,
10:07:24,65.64,200,
10:07:25,65.65,100,
10:07:27,65.64,300,
10:07:27,65.64,300,
10:07:27,65.64,100,
10:07:27,65.64,200,
10:07:28,65.64,400,
10:07:28,65.64,200,
10:07:28,65.64,100,
10:07:28,65.64,100,
10:07:28,65.64,1300,
10:07:28,65.64,1500,
10:07:30,65.65,500,
10:07:30,65.65,500,
10:07:30,65.655,100,
10:07:30,65.65,200,
10:07:30,65.65,100,
10:07:30,65.65,100,
10:07:30,65.65,500,
10:07:30,65.65,100,
10:07:30,65.65,1400,
10:07:31,65.64,200,
10:07:31,65.65,100,
10:07:31,65.65,100,
10:07:32,65.65,200,
10:07:33,65.66,500,
10:07:33,65.66,500,
10:07:33,65.66,500,
10:07:33,65.66,350,
10:07:34,65.66,100,
10:07:34,65.67,500,
10:07:34,65.67,500,
10:07:36,65.67,1100,
10:07:38,65.66,1200,
10:07:40,65.67,2500,
10:07:41,65.67,300,
10:07:41,65.67,1100,
10:07:41,65.67,200,
10:07:41,65.6701,200,
10:07:42,65.679,9000,
10:07:45,65.68,200,
10:07:45,65.68,500,
10:07:45,65.68,3000,
10:07:45,65.68,500,
10:07:45,65.68,500,
10:07:48,65.69,300,
10:07:48,65.69,500,
10:07:48,65.69,200,
10:07:49,65.70,137,
10:07:49,65.70,110,
10:07:50,65.69,100,
10:07:54,65.684,300,
10:07:57,65.6886,500,
10:08:00,65.68,200,
10:08:02,65.68,300,
10:08:04,65.6825,1000,
10:08:05,65.69,100,
10:08:07,65.69,100,
10:08:10,65.70,200,
10:08:10,65.70,200,
10:08:10,65.70,1400,
10:08:10,65.70,300,
10:08:10,65.70,600,
10:08:10,65.70,17000,
10:08:10,65.70,500,
10:08:10,65.70,200,
10:08:12,65.70,200,
10:08:12,65.70,162,
10:08:12,65.70,800,
10:08:12,65.70,100,
10:08:13,65.6989,1200,
10:08:13,65.70,700,
10:08:13,65.69,700,
10:08:13,65.69,500,
10:08:13,65.69,100,
10:08:13,65.688,400,
10:08:15,65.69,800,
10:08:15,65.69,200,
10:08:15,65.69,1063,
10:08:15,65.69,700,
10:08:15,65.69,100,
10:08:15,65.69,100,
10:08:15,65.69,100,
10:08:17,65.69,100,
10:08:18,65.69,200,
10:08:18,65.69,100,
10:08:27,65.691,750,
10:08:30,65.68,1400,
10:08:30,65.68,200,
10:08:30,65.68,1500,
10:08:30,65.68,100,
10:08:30,65.68,100,
10:08:30,65.68,500,
10:08:30,65.68,500,
10:08:30,65.68,100,
10:08:30,65.68,200,
10:08:30,65.68,100,
10:08:30,65.68,100,
10:08:30,65.68,700,
10:08:30,65.68,800,
10:08:30,65.67,400,
10:08:30,65.67,500,
10:08:30,65.67,200,
10:08:30,65.67,100,
10:08:30,65.675,100,
10:08:34,65.67,100,
10:08:34,65.66,1500,
10:08:36,65.67,100,
10:08:41,65.66,500,
10:08:41,65.66,500,
10:08:45,65.66,100,
10:08:45,65.66,100,
10:08:48,65.66,100,
10:08:48,65.669,100,
10:08:51,65.65,100,
10:08:52,65.65,100,
10:08:58,65.67,200,
10:08:58,65.67,100,
10:09:06,65.66,500,
10:09:06,65.66,200,
10:09:06,65.66,100,
10:09:11,65.66,800,
10:09:12,65.65,500,
10:09:14,65.66,100,
10:09:18,65.66,500,
10:09:18,65.66,200,
10:09:20,65.65,300,
10:09:20,65.65,200,
10:09:20,65.65,500,
10:09:20,65.65,100,
10:09:20,65.65,500,
10:09:20,65.65,300,
10:09:29,65.66,586,
10:09:29,65.66,100,
10:09:30,65.658,300,
10:09:32,65.66,300,
10:09:32,65.6505,320,
10:09:33,65.66,100,
10:09:33,65.66,200,
10:09:40,65.65,375,
10:09:40,65.65,125,
10:09:43,65.64,175,
10:09:43,65.64,100,
10:09:43,65.64,500,
10:09:43,65.64,100,
10:09:44,65.64,100,
10:09:45,65.63,100,
10:09:48,65.64,100,
10:09:49,65.64,100,
10:09:50,65.63,770,
10:09:50,65.63,800,
10:09:50,65.63,500,
10:09:50,65.63,800,
10:09:50,65.63,1000,
10:09:50,65.63,950,
10:09:50,65.63,500,
10:09:50,65.63,500,
10:09:50,65.63,600,
10:09:50,65.63,100,
10:09:50,65.63,200,
10:09:50,65.63,100,
10:09:50,65.63,1500,
10:09:51,65.63,300,
10:09:51,65.64,100,
10:09:51,65.64,300,
10:09:52,65.64,100,
10:09:54,65.64,461,
10:09:57,65.64,200,
10:09:57,65.64,539,
10:09:58,65.64,100,
10:09:58,65.63,100,
10:10:00,65.64,1400,
10:10:01,65.64,200,
10:10:01,65.64,500,
10:10:03,65.64,100,
10:10:03,65.639,200,
10:10:04,65.65,671,
10:10:05,65.65,500,
10:10:05,65.65,500,
10:10:05,65.65,100,
10:10:06,65.66,500,
10:10:06,65.66,100,
10:10:06,65.67,500,
10:10:06,65.67,800,
10:10:07,65.675,100,
10:10:07,65.67,500,
10:10:07,65.67,300,
10:10:07,65.67,500,
10:10:07,65.67,100,
10:10:07,65.67,100,
10:10:10,65.66,100,
10:10:17,65.66,100,
10:10:24,65.66,100,
10:10:33,65.66,100,
10:10:33,65.66,500,
10:10:33,65.665,100,
10:10:33,65.65,500,
10:10:33,65.65,500,
10:10:33,65.65,100,
10:10:41,65.65,100,
10:10:41,65.66,600,
10:10:41,65.66,100,
10:10:41,65.66,500,
10:10:41,65.66,600,
10:10:44,65.67,100,
10:10:44,65.67,100,
10:10:48,65.67,100,
10:10:51,65.67,500,
10:10:51,65.67,900,
10:10:51,65.67,500,
10:10:51,65.68,200,
10:10:51,65.67,100,
10:10:59,65.66,200,
10:10:59,65.66,200,
10:11:00,65.66,200,
10:11:01,65.65,500,
10:11:01,65.65,100,
10:11:01,65.65,500,
10:11:01,65.65,500,
10:11:01,65.65,500,
10:11:01,65.64,200,
10:11:03,65.65,700,
10:11:03,65.65,100,
10:11:03,65.65,100,
10:11:06,65.65,100,
10:11:06,65.65,600,
10:11:07,65.64,100,
10:11:08,65.65,600,
10:11:09,65.65,200,
10:11:12,65.65,100,
10:11:15,65.6499,5000,
10:11:21,65.65,300,
10:11:22,65.64,100,
10:11:22,65.64,100,
10:11:22,65.64,200,
10:11:22,65.64,500,
10:11:22,65.64,500,
10:11:22,65.63,490,
10:11:22,65.63,800,
10:11:23,65.63,390,
10:11:28,65.64,623,
10:11:32,65.63,800,
10:11:33,65.63,100,
10:11:47,65.63,100,
10:11:48,65.63,200,
10:11:49,65.6255,100,
10:11:53,65.624,200,
10:11:55,65.62,500,
10:11:55,65.62,500,
10:11:55,65.61,100,
10:11:57,65.61,100,
10:12:00,65.61,100,
10:12:03,65.61,200,
10:12:03,65.62,400,
10:12:03,65.63,200,
10:12:04,65.6201,200,
10:12:04,65.62,600,
10:12:05,65.62,100,
10:12:08,65.63,500,
10:12:08,65.63,500,
10:12:08,65.63,200,
10:12:08,65.63,400,
10:12:09,65.63,200,
10:12:12,65.64,800,
10:12:12,65.64,300,
10:12:16,65.63,300,
10:12:16,65.63,400,
10:12:16,65.63,100,
10:12:22,65.63,200,
10:12:22,65.63,100,
10:12:22,65.63,300,
10:12:22,65.63,1000,
10:12:22,65.63,100,
10:12:23,65.63,100,
10:12:26,65.63,800,
10:12:26,65.63,200,
10:12:26,65.63,150,
10:12:26,65.63,800,
10:12:26,65.63,400,
10:12:26,65.64,500,
10:12:26,65.63,300,
10:12:26,65.63,800,
10:12:26,65.63,100,
10:12:26,65.63,300,
10:12:26,65.64,400,
10:12:26,65.64,1400,
10:12:26,65.63,1100,
10:12:26,65.63,200,
10:12:26,65.63,1000,
10:12:26,65.63,200,
10:12:26,65.63,100,
10:12:26,65.63,700,
10:12:26,65.63,600,
10:12:26,65.63,100,
10:12:26,65.63,1000,
10:12:26,65.63,100,
10:12:26,65.63,400,
10:12:26,65.64,350,
10:12:26,65.64,1200,
10:12:26,65.63,200,
10:12:26,65.63,200,
10:12:26,65.63,300,
10:12:26,65.64,3293,
10:12:26,65.64,500,
10:12:26,65.65,300,
10:12:26,65.65,500,
10:12:26,65.65,500,
10:12:26,65.65,10600,
10:12:28,65.65,4100,
10:12:29,65.642,2500,
10:12:32,65.65,200,
10:12:33,65.64,100,
10:12:33,65.64,500,
10:12:33,65.64,500,
10:12:33,65.64,100,
10:12:33,65.64,100,
10:12:33,65.64,100,
10:12:33,65.63,100,
10:12:39,65.63,600,
10:12:39,65.63,800,
10:12:39,65.63,500,
10:12:39,65.63,500,
10:12:39,65.63,800,
10:12:40,65.64,100,
10:12:43,65.64,100,
10:12:43,65.64,100,
10:12:44,65.63,100,
10:12:45,65.63,200,
10:12:45,65.64,300,
10:12:46,65.64,100,
10:12:50,65.63,200,
10:12:52,65.64,200,
10:12:52,65.64,100,
10:12:52,65.64,200,
10:12:52,65.64,500,
10:12:52,65.64,100,
10:12:52,65.64,500,
10:12:52,65.64,2000,
10:12:53,65.649,100,
10:12:58,65.65,100,
10:12:58,65.65,500,
10:13:01,65.65,200,
10:13:01,65.65,376,
10:13:01,65.65,100,
10:13:04,65.65,1000,
10:13:06,65.65,100,
10:13:06,65.655,100,
10:13:06,65.65,1000,
10:13:06,65.65,200,
10:13:06,65.65,600,
10:13:07,65.65,100,
10:13:10,65.6401,4000,
10:13:10,65.65,200,
10:13:10,65.65,200,
10:13:10,65.65,400,
10:13:10,65.65,1600,
10:13:10,65.65,100,
10:13:10,65.65,100,
10:13:10,65.65,100,
10:13:10,65.65,100,
10:13:10,65.65,300,
10:13:10,65.65,600,
10:13:10,65.65,300,
10:13:10,65.65,100,
10:13:10,65.65,121,
10:13:10,65.65,216,
10:13:19,65.65,100,
10:13:21,65.6497,133,
10:13:25,65.65,100,
10:13:26,65.6411,1000,
10:13:28,65.649,140,
10:13:31,65.64,300,
10:13:37,65.64,200,
10:13:37,65.64,100,
10:13:37,65.64,400,
10:13:37,65.64,300,
10:13:39,65.64,100,
10:13:44,65.65,500,
