09:30:00,34.2601,3500,
09:30:00,34.26,8400,
09:30:00,34.30,1402,
09:30:00,34.26,200,
09:30:01,34.25,1500,
09:30:01,34.25,300,
09:30:01,34.25,300,
09:30:01,34.25,200,
09:30:01,34.25,100,
09:30:01,34.27,100,
09:30:01,34.26,200,
09:30:01,34.30,100,
09:30:01,34.30,250,
09:30:01,34.30,408,
09:30:02,34.24,2800,
09:30:03,34.24,600,
09:30:03,34.24,600,
09:30:03,34.24,800,
09:30:03,34.25,1000,
09:30:03,34.25,600,
09:30:03,34.25,2000,
09:30:04,34.26,100,
09:30:05,34.24,100,
09:30:05,34.24,200,
09:30:05,34.24,200,
09:30:05,34.24,200,
09:30:05,34.24,300,
09:30:05,34.24,300,
09:30:05,34.23,200,
09:30:05,34.23,100,
09:30:05,34.23,300,
09:30:05,34.23,400,
09:30:06,34.27,3300,
09:30:07,34.26,400,
09:30:07,34.27,200,
09:30:07,34.24,200,
09:30:07,34.24,200,
09:30:07,34.24,200,
09:30:07,34.21,100,
09:30:07,34.23,500,
09:30:09,34.31,100,
09:30:09,34.33,100,
09:30:09,34.2599,100,
09:30:10,34.32,100,
09:30:12,34.24,1000,
09:30:13,34.2899,100,
09:30:14,34.31,100,
09:30:15,34.29,100,
09:30:15,34.30,200,
09:30:15,34.29,100,
09:30:15,34.27,100,
09:30:15,34.27,100,
09:30:16,34.27,200,
09:30:18,34.256,570,
09:30:19,34.23,114,
09:30:19,34.27,289,
09:30:20,34.2701,100,
09:30:20,34.32,300,
09:30:21,34.319,300,
09:30:21,34.319,300,
09:30:21,34.21,400,
09:30:21,34.3144,1000,
09:30:21,34.30,100,
09:30:21,34.21,100,
09:30:21,34.21,1000,
09:30:21,34.21,200,
09:30:21,34.21,100,
09:30:21,34.21,100,
09:30:21,34.21,100,
09:30:21,34.23,100,
09:30:21,34.21,1000,
09:30:22,34.32,2200,
09:30:22,34.34,200,
09:30:23,34.32,10000,
09:30:23,34.31,700,
09:30:23,34.3186,1000,
09:30:24,34.2844,1000,
09:30:24,34.20,100,
09:30:24,34.2014,500,
09:30:26,34.2588,850,
09:30:28,34.2799,2000,
09:30:30,34.26,100,
09:30:30,34.27,900,
09:30:30,34.26,100,
09:30:31,34.26,500,
09:30:31,34.2499,300,
09:30:31,34.23,200,
09:30:32,34.26,100,
09:30:32,34.28,100,
09:30:33,34.2584,600,
09:30:34,34.2385,1000,
09:30:35,34.3204,1750,
09:30:35,34.20,346,
09:30:36,34.2599,400,
09:30:37,34.26,100,
09:30:37,34.24,100,
09:30:37,34.25,200,
09:30:39,34.22,200,
09:30:39,34.2594,100,
09:30:39,34.259,800,
09:30:41,34.24,100,
09:30:41,34.26,1200,
09:30:42,34.26,300,
09:30:42,34.27,700,
09:30:42,34.27,400,
09:30:43,34.29,900,
09:30:44,34.2852,485,
09:30:47,34.29,300,
09:30:47,34.29,300,
09:30:47,34.29,100,
09:30:47,34.29,116,
09:30:51,34.3172,300,
09:30:52,34.3152,600,
09:30:53,34.3068,285,
09:30:57,34.3268,950,
09:30:58,34.33,643,
09:30:58,34.33,157,
09:30:58,34.34,1414,
09:30:59,34.32,100,
09:31:00,34.31,100,
09:31:00,34.32,100,
09:31:00,34.30,100,
09:31:00,34.30,100,
09:31:01,34.30,100,
09:31:03,34.3081,300,
09:31:04,34.31,100,
09:31:05,34.30,100,
09:31:06,34.3172,600,
09:31:08,34.3129,100,
09:31:11,34.30,200,
09:31:11,34.32,100,
09:31:11,34.30,100,
09:31:12,34.32,100,
09:31:12,34.32,100,
09:31:12,34.33,300,
09:31:12,34.33,100,
09:31:12,34.3272,1000,
09:31:13,34.30,100,
09:31:13,34.30,100,
09:31:13,34.30,100,
09:31:13,34.30,200,
09:31:14,34.31,200,
09:31:14,34.3199,100,
09:31:15,34.3178,100,
09:31:15,34.34,10000,
09:31:18,34.338,500,
09:31:19,34.35,1412,
09:31:19,34.35,100,
09:31:19,34.3603,200,
09:31:20,34.3644,1000,
09:31:23,34.35,100,
09:31:23,34.36,300,
09:31:23,34.3525,7001,
09:31:25,34.379,200,
09:31:27,34.3599,100,
09:31:28,34.37,100,
09:31:28,34.37,400,
09:31:31,34.3716,500,
09:31:32,34.38,200,
09:31:32,34.38,1065,
09:31:32,34.3699,100,
09:31:32,34.38,4900,
09:31:33,34.374,100,
09:31:36,34.376,500,
09:31:38,34.37,1000,
09:31:38,34.34,100,
09:31:41,34.36,100,
09:31:41,34.34,100,
09:31:42,34.3499,100,
09:31:45,34.3499,200,
09:31:46,34.35,100,
09:31:46,34.35,100,
09:31:48,34.36,200,
09:31:48,34.341,250,
09:31:48,34.36,100,
09:31:49,34.35,2800,
09:31:49,34.36,300,
09:31:51,34.374,500,
09:31:52,34.37,982,
09:31:53,34.40,175,
09:31:53,34.45,100,
09:31:53,34.4499,100,
09:31:54,34.45,200,
09:31:54,34.4199,400,
09:31:55,34.44,100,
09:31:56,34.4325,2300,
09:31:57,34.43,100,
09:31:57,34.4399,100,
09:31:57,34.44,100,
09:31:57,34.4399,200,
09:31:58,34.436,1000,
09:31:59,34.4532,200,
09:31:59,34.47,1000,
09:31:59,34.48,100,
09:32:00,34.4799,100,
09:32:01,34.479,100,
09:32:02,34.49,534,
09:32:02,34.50,100,
09:32:02,34.51,100,
09:32:02,34.49,100,
09:32:02,34.48,100,
09:32:02,34.49,100,
09:32:02,34.49,100,
09:32:02,34.49,100,
09:32:03,34.508,100,
09:32:03,34.508,100,
09:32:03,34.53,132,
09:32:04,34.5399,140,
09:32:05,34.5199,100,
09:32:05,34.5199,200,
09:32:05,34.52,100,
09:32:05,34.50,100,
09:32:05,34.50,100,
09:32:06,34.527,5000,
09:32:06,34.51,100,
09:32:06,34.5099,200,
09:32:06,34.5099,200,
09:32:06,34.51,200,
09:32:07,34.499,100,
09:32:07,34.524,200,
09:32:08,34.50,100,
09:32:08,34.49,100,
09:32:10,34.5099,100,
09:32:11,34.52,100,
09:32:11,34.52,200,
09:32:11,34.526,100,
09:32:11,34.529,300,
09:32:11,34.529,400,
09:32:12,34.51,100,
09:32:13,34.5197,100,
09:32:13,34.519,900,
09:32:13,34.529,100,
09:32:13,34.5496,1000,
09:32:14,34.5458,1000,
09:32:15,34.539,200,
09:32:15,34.539,200,
09:32:15,34.51,1700,
09:32:17,34.55,447,
09:32:17,34.58,200,
09:32:17,34.579,100,
09:32:18,34.5543,300,
09:32:18,34.559,1400,
09:32:18,34.549,200,
09:32:19,34.5499,100,
09:32:19,34.5498,100,
09:32:19,34.5499,200,
09:32:21,34.56,2800,
09:32:21,34.5392,100,
09:32:21,34.539,400,
09:32:21,34.53,500,
09:32:21,34.5399,1000,
09:32:23,34.52,100,
09:32:23,34.5199,500,
09:32:23,34.5199,400,
09:32:23,34.51,100,
09:32:25,34.519,100,
09:32:26,34.5001,500,
09:32:26,34.52,100,
09:32:26,34.49,200,
09:32:28,34.5014,1000,
09:32:29,34.4728,1000,
09:32:30,34.4985,129,
09:32:30,34.4899,1000,
09:32:31,34.46,100,
09:32:31,34.46,100,
09:32:32,34.45,100,
09:32:34,34.4402,100,
09:32:34,34.44,100,
09:32:35,34.4644,600,
09:32:36,34.474,800,
09:32:36,34.47,100,
09:32:37,34.47,100,
09:32:37,34.49,1100,
09:32:37,34.55,100,
09:32:37,34.55,200,
09:32:37,34.54,100,
09:32:37,34.56,100,
09:32:37,34.60,100,
09:32:39,34.6172,1000,
09:32:39,34.649,950,
09:32:39,34.649,1000,
09:32:40,34.6284,530,
09:32:41,34.6028,1000,
09:32:42,34.619,100,
09:32:45,34.619,100,
09:32:47,34.5812,1000,
09:32:49,34.56,200,
09:32:50,34.59,100,
09:32:53,34.55,600,
09:32:54,34.56,200,
09:32:56,34.5758,500,
09:32:57,34.5472,750,
09:32:59,34.5384,200,
09:33:00,34.54,100,
09:33:00,34.54,100,
09:33:02,34.5743,300,
09:33:03,34.58,200,
09:33:03,34.5799,600,
09:33:03,34.5799,200,
09:33:03,34.59,6057,
09:33:06,34.5828,1200,
09:33:06,34.60,100,
09:33:07,34.5932,250,
09:33:07,34.61,900,
09:33:07,34.61,300,
09:33:07,34.614,500,
09:33:08,34.63,100,
09:33:08,34.6001,400,
09:33:09,34.619,100,
09:33:09,34.63,200,
09:33:09,34.609,100,
09:33:11,34.629,600,
09:33:11,34.6188,100,
09:33:11,34.6199,165,
09:33:12,34.62,100,
09:33:12,34.61,100,
09:33:12,34.62,500,
09:33:13,34.6001,100,
09:33:14,34.618,150,
09:33:15,34.60,200,
09:33:17,34.59,100,
09:33:18,34.5601,1000,
09:33:18,34.5632,380,
09:33:22,34.581,150,
09:33:25,34.60,300,
09:33:25,34.63,1500,
09:33:25,34.63,100,
09:33:26,34.6399,500,
09:33:30,34.66,100,
09:33:30,34.6599,100,
09:33:30,34.67,700,
09:33:32,34.66,100,
09:33:33,34.66,200,
09:33:34,34.6428,600,
09:33:35,34.68,200,
09:33:37,34.671,800,
09:33:38,34.68,100,
09:33:40,34.66,1700,
09:33:41,34.661,500,
09:33:41,34.66,200,
09:33:41,34.65,100,
09:33:44,34.64,800,
09:33:45,34.65,100,
09:33:45,34.65,100,
09:33:46,34.66,500,
09:33:46,34.67,300,
09:33:47,34.649,100,
09:33:47,34.649,100,
09:33:48,34.649,100,
09:33:48,34.659,200,
09:33:48,34.64,100,
09:33:48,34.6588,100,
09:33:50,34.6667,100,
09:33:51,34.65,100,
09:33:52,34.69,200,
09:33:52,34.689,100,
09:33:53,34.667,100,
09:33:54,34.6899,500,
09:33:55,34.69,450,
09:33:55,34.6981,200,
09:33:56,34.691,200,
09:33:56,34.7044,100,
09:33:56,34.709,200,
09:33:57,34.69,9500,
09:33:58,34.7099,900,
09:33:59,34.709,1000,
09:33:59,34.7062,100,
09:34:02,34.70,100,
09:34:02,34.70,500,
09:34:02,34.71,100,
09:34:04,34.70,300,
09:34:05,34.689,100,
09:34:06,34.6999,1700,
09:34:06,34.72,200,
09:34:06,34.729,550,
09:34:06,34.729,600,
09:34:06,34.689,100,
09:34:08,34.69,1000,
09:34:08,34.71,100,
09:34:08,34.71,100,
09:34:08,34.72,100,
09:34:08,34.72,200,
09:34:08,34.718,200,
09:34:08,34.70,3300,
09:34:09,34.7014,1000,
09:34:09,34.718,100,
09:34:09,34.709,100,
09:34:09,34.70,100,
09:34:09,34.718,200,
09:34:10,34.7065,435,
09:34:10,34.70,600,
09:34:11,34.718,100,
09:34:11,34.70,1700,
09:34:11,34.68,100,
09:34:11,34.68,200,
09:34:11,34.6999,500,
09:34:14,34.6999,100,
09:34:15,34.7025,1100,
09:34:15,34.69,100,
09:34:15,34.699,100,
09:34:16,34.7002,100,
09:34:16,34.70,200,
09:34:16,34.70,200,
09:34:17,34.71,400,
09:34:20,34.7032,300,
09:34:20,34.7099,100,
09:34:23,34.70,100,
09:34:24,34.71,100,
09:34:26,34.7202,2086,
09:34:27,34.7201,400,
09:34:29,34.7199,200,
09:34:29,34.7299,1400,
09:34:31,34.70,200,
09:34:32,34.69,100,
09:34:32,34.6886,300,
09:34:33,34.69,100,
09:34:33,34.68,100,
09:34:33,34.6999,300,
09:34:35,34.69,100,
09:34:35,34.70,200,
09:34:37,34.6999,100,
09:34:37,34.6999,1188,
09:34:38,34.6899,100,
09:34:38,34.69,100,
09:34:38,34.6899,100,
09:34:38,34.6899,300,
09:34:38,34.6814,500,
09:34:39,34.6814,500,
09:34:39,34.682,300,
09:34:39,34.69,100,
09:34:40,34.68,300,
09:34:40,34.67,300,
09:34:40,34.6848,200,
09:34:42,34.694,500,
09:34:42,34.68,200,
09:34:42,34.66,200,
09:34:43,34.6961,100,
09:34:43,34.70,200,
09:34:43,34.70,400,
09:34:43,34.70,300,
09:34:44,34.71,100,
09:34:44,34.6828,1000,
09:34:47,34.68,100,
09:34:48,34.6899,600,
09:34:48,34.69,300,
09:34:49,34.69,400,
09:34:49,34.68,100,
09:34:51,34.6758,100,
09:34:51,34.6623,100,
09:34:52,34.65,100,
09:34:52,34.64,143,
09:34:55,34.6801,900,
09:34:56,34.70,100,
09:34:58,34.69,200,
09:34:58,34.72,100,
09:34:59,34.7238,300,
09:35:00,34.74,100,
09:35:00,34.75,200,
09:35:01,34.75,300,
09:35:01,34.74,300,
09:35:01,34.7499,400,
09:35:02,34.70,100,
09:35:04,34.75,500,
09:35:04,34.7499,800,
09:35:05,34.75,200,
09:35:05,34.75,425,
09:35:05,34.77,1700,
09:35:07,34.75,100,
09:35:08,34.75,100,
09:35:09,34.76,100,
09:35:10,34.76,100,
09:35:12,34.75,100,
09:35:12,34.75,200,
09:35:12,34.75,100,
09:35:12,34.75,100,
09:35:13,34.7499,300,
09:35:13,34.75,100,
09:35:13,34.75,139,
09:35:14,34.7599,100,
09:35:14,34.7599,100,
09:35:14,34.7599,100,
09:35:15,34.7532,200,
09:35:17,34.74,100,
09:35:19,34.77,800,
09:35:19,34.7714,1400,
09:35:23,34.7701,1000,
09:35:24,34.779,100,
09:35:25,34.779,500,
09:35:26,34.7701,200,
09:35:26,34.78,200,
09:35:26,34.78,100,
09:35:27,34.77,500,
09:35:27,34.78,100,
09:35:27,34.78,200,
09:35:28,34.77,100,
09:35:28,34.7799,200,
09:35:29,34.765,100,
09:35:30,34.769,100,
09:35:30,34.78,300,
09:35:30,34.78,100,
09:35:30,34.78,4960,
09:35:30,34.769,100,
09:35:31,34.769,100,
09:35:31,34.80,100,
09:35:31,34.80,100,
09:35:32,34.80,600,
09:35:35,34.81,100,
09:35:35,34.83,260,
09:35:37,34.809,200,
09:35:37,34.82,400,
09:35:38,34.83,100,
09:35:39,34.8285,100,
09:35:39,34.8299,460,
09:35:39,34.8368,100,
09:35:40,34.8262,400,
09:35:41,34.8184,500,
09:35:41,34.828,200,
09:35:42,34.81,100,
09:35:43,34.82,100,
09:35:43,34.8198,1500,
09:35:44,34.83,100,
09:35:44,34.82,100,
09:35:44,34.84,100,
09:35:44,34.81,100,
09:35:44,34.81,100,
09:35:44,34.81,100,
09:35:44,34.81,100,
09:35:45,34.82,100,
09:35:46,34.80,200,
09:35:47,34.8012,500,
09:35:49,34.80,100,
09:35:49,34.80,100,
09:35:50,34.7701,800,
09:35:50,34.77,400,
09:35:50,34.77,100,
09:35:50,34.7701,400,
09:35:51,34.77,200,
09:35:52,34.79,100,
09:35:52,34.77,100,
09:35:53,34.78,100,
09:35:55,34.7999,400,
09:35:55,34.80,100,
09:35:56,34.799,900,
09:35:58,34.84,100,
09:35:58,34.824,1750,
09:35:58,34.80,100,
09:35:59,34.7968,300,
09:36:00,34.78,100,
09:36:01,34.80,100,
09:36:01,34.81,100,
09:36:03,34.8299,100,
09:36:03,34.83,100,
09:36:04,34.8344,300,
09:36:04,34.81,100,
09:36:05,34.83,100,
09:36:06,34.81,100,
09:36:07,34.83,100,
09:36:08,34.84,100,
09:36:08,34.8399,100,
09:36:08,34.85,100,
09:36:08,34.85,1800,
09:36:10,34.8544,900,
09:36:10,34.84,100,
09:36:11,34.83,100,
09:36:11,34.83,100,
09:36:11,34.82,100,
09:36:11,34.8362,200,
09:36:11,34.8101,5000,
09:36:12,34.8201,300,
09:36:15,34.83,100,
09:36:15,34.82,200,
09:36:15,34.81,100,
09:36:15,34.83,5500,
09:36:19,34.84,100,
09:36:20,34.819,100,
09:36:21,34.83,100,
09:36:21,34.8201,600,
09:36:25,34.82,100,
09:36:27,34.82,100,
09:36:32,34.85,100,
09:36:32,34.85,100,
09:36:32,34.86,100,
09:36:32,34.86,100,
09:36:32,34.86,100,
09:36:32,34.88,250,
09:36:32,34.88,300,
09:36:33,34.87,100,
09:36:34,34.86,100,
09:36:34,34.8743,100,
09:36:34,34.8701,250,
09:36:36,34.88,1200,
09:36:37,34.8701,200,
09:36:38,34.88,1500,
09:36:39,34.93,900,
09:36:40,34.91,100,
09:36:40,34.93,100,
09:36:41,34.93,900,
09:36:41,34.9374,400,
09:36:42,34.928,300,
09:36:43,34.931,300,
09:36:44,34.95,100,
09:36:44,34.9472,1000,
09:36:45,34.95,1700,
09:36:45,34.95,100,
09:36:46,34.94,100,
09:36:46,34.94,200,
09:36:46,34.94,200,
09:36:46,34.9401,600,
09:36:46,34.94,1000,
09:36:46,34.92,1900,
09:36:47,34.9384,100,
09:36:48,34.94,100,
09:36:50,34.92,200,
09:36:51,34.8895,500,
09:36:52,34.8784,200,
09:36:54,34.8812,500,
09:36:57,34.91,100,
09:36:57,34.93,100,
09:36:57,34.93,400,
09:36:57,34.93,100,
09:36:57,34.92,100,
09:36:58,34.93,100,
09:36:58,34.94,200,
09:36:58,34.9668,144,
09:36:58,34.98,100,
09:37:00,34.9662,250,
09:37:00,34.97,100,
09:37:00,34.98,100,
09:37:01,34.9668,300,
09:37:02,35,100,
09:37:02,35,100,
09:37:02,35,100,
09:37:03,35,100,
09:37:03,35,100,
09:37:03,35,200,
09:37:03,35.02,300,
09:37:03,35.01,100,
09:37:03,35.019,100,
09:37:03,35.019,400,
09:37:04,35.02,1300,
09:37:04,35.03,200,
09:37:05,35.03,100,
09:37:05,35.03,100,
09:37:05,35.06,200,
09:37:05,35.04,300,
09:37:05,35.04,100,
09:37:06,35.02,900,
09:37:07,35.0299,300,
09:37:07,35.0181,200,
09:37:07,35.029,200,
09:37:07,35.029,300,
09:37:08,35.0299,200,
09:37:08,35.0099,300,
09:37:09,35.029,100,
09:37:09,35.0401,600,
09:37:09,35.02,100,
09:37:09,35.028,700,
09:37:09,35.0362,200,
09:37:10,35.019,100,
09:37:10,35.018,100,
09:37:11,35.03,100,
09:37:11,35.0599,300,
09:37:11,35.05,100,
09:37:13,35.059,100,
09:37:13,35.0673,100,
09:37:13,35.06,100,
09:37:13,35.069,400,
09:37:13,35.069,400,
09:37:14,35.06,100,
09:37:14,35.065,3000,
09:37:15,35.0599,100,
09:37:15,35.07,3900,
09:37:16,35.07,600,
09:37:16,35.05,100,
09:37:16,35.05,100,
09:37:16,35.05,100,
09:37:16,35.05,100,
09:37:16,35.05,100,
09:37:16,35.05,100,
09:37:16,35.05,100,
09:37:17,35.04,200,
09:37:17,35.05,100,
09:37:17,35.05,100,
09:37:17,35.07,100,
09:37:19,35.0596,100,
09:37:21,35.05,125,
09:37:21,35,100,
09:37:22,34.99,100,
09:37:23,34.98,1600,
09:37:24,34.98,2000,
09:37:25,34.97,100,
09:37:26,34.97,100,
09:37:27,34.962,500,
09:37:27,35,100,
09:37:27,35.01,100,
09:37:29,34.97,200,
09:37:29,34.99,700,
09:37:30,35.03,1300,
09:37:30,35.019,100,
09:37:32,35.05,100,
09:37:33,35.03,100,
09:37:33,35.03,400,
09:37:33,35.049,150,
09:37:36,35.0262,200,
09:37:37,35.05,3000,
09:37:39,35.0401,100,
09:37:39,35.059,250,
09:37:39,35.07,400,
09:37:39,35.079,300,
09:37:39,35.068,150,
09:37:39,35.069,100,
09:37:40,35.04,200,
09:37:40,35.069,300,
09:37:40,35.069,100,
09:37:40,35.069,100,
09:37:40,35.069,100,
09:37:40,35.04,100,
09:37:40,35.0402,4300,
09:37:41,35.05,100,
09:37:41,35.05,100,
09:37:41,35.049,100,
09:37:42,35.069,300,
09:37:42,35.069,400,
09:37:42,35,200,
09:37:42,35.069,300,
09:37:42,35.0095,500,
09:37:43,35.01,643,
09:37:43,35.01,100,
09:37:43,35.02,100,
09:37:43,35.02,100,
09:37:43,35.0099,100,
09:37:43,35.0099,100,
09:37:43,35.0199,100,
09:37:43,35.0099,100,
09:37:43,35.0199,100,
09:37:43,35.0199,557,
09:37:43,35.0199,100,
09:37:43,35.0199,100,
09:37:43,35.02,1800,
09:37:43,35.0199,100,
09:37:43,35.0086,500,
09:37:44,35.03,300,
09:37:44,35.03,300,
09:37:44,35.03,200,
09:37:44,35.04,800,
09:37:44,35.04,200,
09:37:44,35.04,400,
09:37:44,35.04,100,
09:37:44,35.06,100,
09:37:44,35.06,100,
09:37:44,35.07,100,
09:37:44,35.07,200,
09:37:44,35.07,200,
09:37:44,35.07,400,
09:37:44,35.07,643,
09:37:44,35.07,800,
09:37:44,35.08,200,
09:37:44,35.10,1739,
09:37:44,35.10,1061,
09:37:44,35.0984,600,
09:37:46,35.08,100,
09:37:46,35.09,100,
09:37:46,35.10,100,
09:37:47,35.10,200,
09:37:48,35.098,200,
09:37:48,35.08,200,
09:37:48,35.09,200,
09:37:49,35.08,100,
09:37:49,35.099,300,
09:37:50,35.04,700,
09:37:50,35.05,500,
09:37:51,35.0572,800,
09:37:53,35.07,100,
09:37:54,35.11,100,
09:37:55,35.112,400,
09:37:55,35.12,125,
09:37:56,35.10,300,
09:37:56,35.1201,850,
09:37:58,35.1284,500,
09:38:00,35.11,100,
09:38:01,35.1099,300,
09:38:01,35.109,100,
09:38:02,35.10,600,
09:38:02,35.10,200,
09:38:03,35.109,100,
09:38:03,35.109,100,
09:38:03,35.10,500,
09:38:03,35.109,100,
09:38:03,35.109,100,
09:38:04,35.0601,200,
09:38:04,35.0701,100,
09:38:04,35.0772,600,
09:38:05,35.07,100,
09:38:07,35.111,100,
09:38:07,35.13,400,
09:38:07,35.151,100,
09:38:09,35.1684,600,
09:38:09,35.17,900,
09:38:13,35.179,5000,
09:38:13,35.1684,375,
09:38:13,35.18,100,
09:38:14,35.1686,1000,
09:38:15,35.16,100,
09:38:16,35.15,100,
09:38:16,35.15,275,
09:38:17,35.15,100,
09:38:18,35.1556,500,
09:38:19,35.14,100,
09:38:19,35.14,100,
09:38:19,35.14,100,
09:38:20,35.17,100,
09:38:20,35.17,100,
09:38:21,35.24,300,
09:38:21,35.24,600,
09:38:21,35.24,600,
09:38:21,35.24,100,
09:38:21,35.24,1300,
09:38:21,35.24,600,
09:38:21,35.24,200,
09:38:21,35.25,200,
09:38:21,35.25,300,
09:38:21,35.25,100,
09:38:21,35.25,100,
09:38:21,35.24,200,
09:38:21,35.24,200,
09:38:21,35.24,200,
09:38:21,35.24,400,
09:38:21,35.24,100,
09:38:21,35.24,100,
09:38:21,35.24,100,
09:38:21,35.24,100,
09:38:21,35.27,100,
09:38:21,35.26,100,
09:38:22,35.28,300,
09:38:23,35.24,100,
09:38:23,35.24,200,
09:38:24,35.2468,300,
09:38:24,35.25,500,
09:38:24,35.22,100,
09:38:25,35.21,100,
09:38:25,35.21,100,
09:38:26,35.22,100,
09:38:26,35.1901,1000,
09:38:27,35.1899,300,
09:38:27,35.2086,2900,
09:38:27,35.19,100,
09:38:27,35.20,100,
09:38:27,35.224,400,
09:38:27,35.1901,500,
09:38:28,35.18,100,
09:38:28,35.18,100,
09:38:28,35.1801,800,
09:38:28,35.218,100,
09:38:28,35.218,100,
09:38:28,35.227,200,
09:38:29,35.19,100,
09:38:29,35.1901,100,
09:38:29,35.20,100,
09:38:29,35.23,100,
09:38:29,35.2186,3800,
09:38:29,35.23,100,
09:38:30,35.25,100,
09:38:31,35.25,100,
09:38:31,35.2472,800,
09:38:31,35.25,100,
09:38:31,35.2344,500,
09:38:31,35.22,100,
09:38:31,35.22,100,
09:38:31,35.2201,100,
09:38:31,35.2201,100,
09:38:31,35.22,400,
09:38:31,35.2201,100,
09:38:31,35.2201,100,
09:38:31,35.22,200,
09:38:31,35.23,100,
09:38:32,35.259,100,
09:38:33,35.27,100,
09:38:33,35.29,100,
09:38:34,35.30,100,
09:38:34,35.30,150,
09:38:34,35.30,100,
09:38:34,35.25,200,
09:38:34,35.32,100,
09:38:34,35.3199,100,
09:38:34,35.3199,100,
09:38:34,35.3172,700,
09:38:35,35.32,100,
09:38:35,35.32,100,
09:38:35,35.31,300,
09:38:35,35.28,200,
09:38:35,35.3199,100,
09:38:35,35.28,100,
09:38:35,35.27,100,
09:38:35,35.3199,100,
09:38:35,35.25,100,
09:38:35,35.25,200,
09:38:35,35.24,200,
09:38:35,35.32,100,
09:38:35,35.24,100,
09:38:35,35.2588,200,
09:38:36,35.2588,300,
09:38:36,35.27,100,
09:38:36,35.28,100,
09:38:36,35.30,100,
09:38:37,35.29,100,
09:38:37,35.2862,200,
09:38:38,35.2999,100,
09:38:39,35.2962,200,
09:38:40,35.30,100,
09:38:41,35.309,100,
09:38:41,35.309,100,
09:38:41,35.3199,100,
09:38:41,35.3001,200,
09:38:41,35.3001,200,
09:38:41,35.27,100,
09:38:42,35.30,980,
09:38:43,35.29,100,
09:38:43,35.2872,800,
09:38:43,35.309,200,
09:38:43,35.26,100,
09:38:43,35.3171,300,
09:38:44,35.30,200,
09:38:44,35.33,100,
09:38:44,35.35,100,
09:38:46,35.36,100,
09:38:46,35.35,100,
09:38:46,35.35,100,
09:38:46,35.34,300,
09:38:46,35.3301,1400,
09:38:46,35.34,100,
09:38:47,35.35,100,
09:38:47,35.36,700,
09:38:47,35.379,100,
09:38:48,35.38,100,
09:38:48,35.36,100,
09:38:49,35.3468,100,
09:38:50,35.34,100,
09:38:50,35.32,400,
09:38:50,35.32,100,
09:38:50,35.32,100,
09:38:50,35.35,100,
09:38:51,35.32,1300,
09:38:51,35.3399,100,
09:38:51,35.3399,100,
09:38:52,35.3299,100,
09:38:53,35.3401,100,
09:38:54,35.37,100,
09:38:54,35.37,100,
09:38:54,35.38,100,
09:38:54,35.385,1700,
09:38:54,35.379,400,
09:38:54,35.379,300,
09:38:56,35.389,100,
09:38:56,35.3899,200,
09:38:56,35.3899,100,
09:38:56,35.40,100,
09:38:56,35.389,500,
09:38:57,35.36,100,
09:38:57,35.37,400,
09:38:57,35.37,300,
09:38:57,35.37,300,
09:38:57,35.40,100,
09:38:58,35.41,350,
09:38:58,35.39,300,
09:38:58,35.39,300,
09:38:58,35.39,100,
09:38:59,35.37,100,
09:38:59,35.39,100,
09:38:59,35.39,100,
09:38:59,35.39,800,
09:38:59,35.39,200,
09:39:00,35.39,200,
09:39:00,35.40,100,
09:39:00,35.40,200,
09:39:00,35.40,400,
09:39:00,35.41,100,
09:39:00,35.41,1000,
09:39:00,35.39,100,
09:39:00,35.40,100,
09:39:01,35.3999,300,
09:39:01,35.3999,100,
09:39:01,35.36,100,
09:39:01,35.35,100,
09:39:01,35.34,100,
09:39:01,35.33,200,
09:39:01,35.33,200,
09:39:01,35.33,100,
09:39:01,35.34,100,
09:39:01,35.33,100,
09:39:01,35.33,100,
09:39:01,35.33,100,
09:39:01,35.33,300,
09:39:01,35.33,100,
09:39:01,35.33,200,
09:39:01,35.33,100,
09:39:01,35.33,200,
09:39:01,35.33,100,
09:39:01,35.33,200,
09:39:01,35.409,100,
09:39:02,35.39,200,
09:39:02,35.39,100,
09:39:02,35.39,100,
09:39:02,35.35,1000,
09:39:02,35.3788,700,
09:39:03,35.3779,2000,
09:39:03,35.35,100,
09:39:03,35.34,100,
09:39:03,35.32,100,
09:39:03,35.35,400,
09:39:03,35.35,100,
09:39:03,35.35,800,
09:39:03,35.36,1100,
09:39:03,35.35,100,
09:39:03,35.35,100,
09:39:03,35.35,300,
09:39:03,35.35,100,
09:39:03,35.36,1700,
09:39:04,35.3436,100,
09:39:04,35.379,500,
09:39:04,35.36,500,
09:39:05,35.34,100,
09:39:05,35.35,150,
09:39:05,35.33,100,
09:39:05,35.36,100,
09:39:05,35.3599,100,
09:39:06,35.36,100,
09:39:07,35.3302,100,
09:39:08,35.36,100,
09:39:08,35.39,100,
09:39:08,35.3888,200,
09:39:08,35.39,100,
09:39:08,35.36,3100,
09:39:09,35.4001,100,
09:39:10,35.3999,100,
09:39:10,35.3728,1000,
09:39:10,35.39,100,
09:39:10,35.3529,200,
09:39:11,35.36,100,
09:39:11,35.39,300,
09:39:11,35.39,300,
09:39:11,35.39,200,
09:39:11,35.38,100,
09:39:11,35.40,200,
09:39:12,35.3701,100,
09:39:13,35.369,300,
09:39:13,35.35,100,
09:39:14,35.35,100,
09:39:14,35.35,200,
09:39:14,35.35,600,
09:39:14,35.35,600,
09:39:14,35.35,1900,
09:39:14,35.35,700,
09:39:14,35.35,500,
09:39:14,35.35,900,
09:39:14,35.35,100,
09:39:14,35.35,1900,
09:39:14,35.35,1900,
09:39:14,35.35,500,
09:39:14,35.35,1500,
09:39:14,35.35,300,
09:39:14,35.35,200,
09:39:14,35.3399,150,
09:39:15,35.31,100,
09:39:17,35.3119,200,
09:39:18,35.30,350,
09:39:18,35.30,100,
09:39:18,35.3068,200,
09:39:19,35.29,100,
09:39:19,35.29,232,
09:39:19,35.29,300,
09:39:19,35.29,100,
09:39:19,35.29,100,
09:39:19,35.29,1200,
09:39:20,35.3016,600,
09:39:20,35.3028,900,
09:39:21,35.30,100,
09:39:21,35.30,100,
09:39:21,35.31,100,
09:39:21,35.31,300,
09:39:21,35.305,100,
09:39:22,35.3298,200,
09:39:22,35.33,100,
09:39:22,35.31,100,
09:39:22,35.30,100,
09:39:22,35.3032,200,
09:39:25,35.37,100,
09:39:25,35.37,100,
09:39:26,35.37,100,
09:39:26,35.3699,100,
09:39:26,35.3532,600,
09:39:26,35.34,100,
09:39:26,35.3401,100,
09:39:26,35.3401,100,
09:39:27,35.3238,100,
09:39:28,35.3099,100,
09:39:29,35.28,100,
09:39:30,35.27,200,
09:39:30,35.2799,100,
09:39:31,35.271,300,
09:39:31,35.331,200,
09:39:32,35.331,2000,
09:39:33,35.35,100,
09:39:33,35.35,100,
09:39:34,35.33,100,
09:39:34,35.3499,100,
09:39:34,35.3499,100,
09:39:34,35.36,500,
09:39:34,35.33,100,
09:39:35,35.33,100,
09:39:35,35.33,200,
09:39:35,35.32,100,
09:39:36,35.33,100,
09:39:40,35.33,4000,
09:39:41,35.35,100,
09:39:41,35.34,100,
09:39:41,35.3332,230,
09:39:41,35.3499,2000,
09:39:42,35.34,100,
09:39:42,35.33,2680,
09:39:43,35.334,1000,
09:39:44,35.33,100,
09:39:44,35.33,100,
09:39:45,35.33,300,
09:39:46,35.3372,1000,
09:39:46,35.3312,1000,
09:39:48,35.33,200,
09:39:49,35.33,100,
09:39:49,35.33,200,
09:39:50,35.33,100,
09:39:50,35.33,100,
09:39:51,35.32,400,
09:39:51,35.33,100,
09:39:51,35.33,100,
09:39:51,35.33,100,
09:39:51,35.33,100,
09:39:51,35.33,130,
09:39:51,35.33,500,
09:39:51,35.34,200,
09:39:52,35.32,2500,
09:39:52,35.3199,100,
09:39:52,35.30,100,
09:39:52,35.30,100,
09:39:53,35.32,100,
09:39:53,35.32,100,
09:39:54,35.2988,300,
09:39:55,35.28,100,
09:39:57,35.28,100,
09:40:00,35.32,100,
09:40:01,35.36,100,
09:40:01,35.35,100,
09:40:03,35.35,500,
09:40:03,35.3501,1500,
09:40:04,35.3699,100,
09:40:04,35.36,200,
09:40:05,35.35,300,
09:40:06,35.33,100,
09:40:06,35.30,100,
09:40:06,35.28,400,
09:40:06,35.28,200,
09:40:06,35.29,100,
09:40:06,35.29,100,
09:40:06,35.29,500,
09:40:06,35.29,100,
09:40:06,35.30,200,
09:40:07,35.31,100,
09:40:07,35.331,400,
09:40:07,35.29,1000,
09:40:08,35.30,100,
09:40:08,35.30,100,
09:40:09,35.28,100,
09:40:09,35.28,100,
09:40:09,35.2818,4000,
09:40:10,35.27,100,
09:40:11,35.281,100,
09:40:11,35.28,100,
09:40:11,35.27,100,
09:40:12,35.25,200,
09:40:13,35.2698,100,
09:40:13,35.27,100,
09:40:13,35.27,800,
09:40:14,35.27,100,
09:40:15,35.26,100,
09:40:15,35.261,100,
09:40:17,35.26,100,
09:40:17,35.2628,600,
09:40:19,35.2746,100,
09:40:19,35.26,100,
09:40:19,35.254,1500,
09:40:20,35.2602,100,
09:40:22,35.27,100,
09:40:23,35.28,100,
09:40:23,35.28,100,
09:40:23,35.28,100,
09:40:23,35.28,100,
09:40:23,35.28,100,
09:40:23,35.28,100,
09:40:23,35.2802,3000,
09:40:23,35.29,100,
09:40:24,35.2932,100,
09:40:26,35.315,5500,
09:40:27,35.34,445,
09:40:28,35.36,100,
09:40:30,35.36,900,
09:40:30,35.33,850,
09:40:32,35.36,291,
09:40:34,35.35,100,
09:40:34,35.36,200,
09:40:37,35.3436,200,
09:40:37,35.361,100,
09:40:39,35.3101,810,
09:40:39,35.3299,100,
09:40:39,35.31,100,
09:40:39,35.3103,100,
09:40:39,35.31,100,
09:40:39,35.31,100,
09:40:40,35.33,100,
09:40:41,35.3336,100,
09:40:44,35.35,100,
09:40:45,35.35,100,
09:40:45,35.37,100,
09:40:45,35.37,300,
09:40:46,35.3699,300,
09:40:47,35.324,1000,
09:40:47,35.3484,250,
09:40:47,35.35,100,
09:40:48,35.3699,100,
09:40:49,35.3716,200,
09:40:50,35.368,100,
09:40:51,35.38,800,
09:40:51,35.37,300,
09:40:51,35.3701,100,
09:40:52,35.371,1200,
09:40:52,35.379,250,
09:40:53,35.38,1200,
09:40:53,35.38,100,
09:40:53,35.38,100,
09:40:53,35.38,100,
09:40:56,35.38,100,
09:40:57,35.39,100,
09:40:58,35.381,500,
09:40:59,35.40,380,
09:40:59,35.38,200,
09:41:00,35.38,100,
09:41:00,35.38,200,
09:41:00,35.38,400,
09:41:02,35.4119,200,
09:41:04,35.451,3200,
09:41:04,35.48,100,
09:41:04,35.451,100,
09:41:05,35.451,100,
09:41:05,35.471,200,
09:41:05,35.47,100,
09:41:05,35.4772,1000,
09:41:05,35.48,1400,
09:41:06,35.47,100,
09:41:08,35.466,200,
09:41:08,35.49,200,
09:41:09,35.49,3100,
09:41:09,35.49,100,
09:41:10,35.50,100,
09:41:10,35.51,100,
09:41:13,35.50,100,
09:41:13,35.50,100,
09:41:14,35.4962,200,
09:41:15,35.47,400,
09:41:16,35.47,100,
09:41:16,35.4668,430,
09:41:16,35.47,100,
09:41:17,35.51,100,
09:41:18,35.47,1000,
09:41:18,35.4601,500,
09:41:18,35.48,1100,
09:41:18,35.48,800,
09:41:18,35.48,550,
09:41:19,35.48,1910,
09:41:20,35.4899,100,
09:41:21,35.4812,110,
09:41:22,35.49,200,
09:41:22,35.4868,300,
09:41:23,35.4899,200,
09:41:23,35.4884,500,
09:41:24,35.4899,200,
09:41:24,35.49,100,
09:41:25,35.48,600,
09:41:25,35.48,100,
09:41:26,35.47,100,
09:41:26,35.47,200,
09:41:26,35.47,400,
09:41:26,35.47,100,
09:41:26,35.47,100,
09:41:26,35.4699,100,
09:41:26,35.4672,600,
09:41:26,35.4699,100,
09:41:26,35.47,100,
09:41:28,35.49,100,
09:41:29,35.49,100,
09:41:29,35.4872,300,
09:41:29,35.49,100,
09:41:30,35.51,100,
09:41:30,35.50,100,
09:41:31,35.49,275,
09:41:32,35.509,300,
09:41:32,35.51,1900,
09:41:32,35.5001,100,
09:41:32,35.50,400,
09:41:35,35.48,700,
09:41:35,35.48,100,
09:41:35,35.479,100,
09:41:36,35.479,100,
09:41:36,35.48,100,
09:41:37,35.49,200,
09:41:37,35.4801,100,
09:41:37,35.48,200,
09:41:39,35.50,100,
09:41:39,35.4812,250,
09:41:41,35.4899,600,
09:41:41,35.48,100,
09:41:42,35.49,100,
09:41:43,35.4999,100,
09:41:44,35.4968,200,
09:41:44,35.48,200,
09:41:45,35.49,100,
09:41:45,35.4899,200,
09:41:46,35.45,100,
09:41:46,35.4301,100,
09:41:47,35.451,100,
09:41:48,35.43,200,
09:41:49,35.4138,300,
09:41:50,35.421,100,
09:41:51,35.413,700,
09:41:52,35.45,100,
09:41:52,35.45,100,
09:41:52,35.50,100,
09:41:53,35.48,800,
09:41:54,35.47,100,
09:41:54,35.47,100,
09:41:54,35.48,100,
09:41:55,35.469,200,
09:41:56,35.42,100,
09:41:56,35.42,100,
09:41:56,35.4002,100,
09:41:57,35.40,100,
09:41:57,35.39,200,
09:41:57,35.39,100,
09:41:58,35.41,100,
09:41:58,35.3956,500,
09:41:58,35.41,100,
09:41:59,35.40,100,
09:41:59,35.394,500,
09:42:00,35.41,100,
09:42:00,35.41,300,
09:42:00,35.43,100,
09:42:00,35.41,100,
09:42:02,35.47,100,
09:42:02,35.46,100,
09:42:03,35.44,100,
09:42:03,35.43,100,
09:42:04,35.45,100,
09:42:04,35.47,1000,
09:42:07,35.48,100,
09:42:07,35.50,100,
09:42:08,35.51,100,
09:42:09,35.5001,2500,
09:42:09,35.51,800,
09:42:11,35.50,900,
09:42:12,35.48,100,
09:42:12,35.46,100,
09:42:12,35.46,200,
09:42:12,35.46,300,
09:42:13,35.47,100,
09:42:15,35.4616,100,
09:42:21,35.51,100,
09:42:23,35.516,1000,
09:42:23,35.52,900,
09:42:25,35.5275,500,
09:42:26,35.53,100,
09:42:27,35.53,1900,
09:42:27,35.53,100,
09:42:27,35.53,200,
09:42:27,35.53,2114,
09:42:27,35.53,100,
09:42:27,35.53,100,
09:42:28,35.51,200,
09:42:28,35.5001,100,
09:42:29,35.49,2000,
09:42:29,35.49,2000,
09:42:29,35.49,100,
09:42:29,35.491,500,
09:42:31,35.4999,600,
09:42:31,35.50,300,
09:42:32,35.48,7700,
09:42:32,35.49,100,
09:42:33,35.47,100,
09:42:35,35.47,100,
09:42:35,35.471,100,
09:42:35,35.46,100,
09:42:37,35.46,100,
09:42:37,35.4699,100,
09:42:37,35.4602,100,
09:42:37,35.4599,300,
09:42:41,35.47,100,
09:42:43,35.4999,200,
09:42:44,35.50,100,
09:42:45,35.491,100,
09:42:45,35.491,100,
09:42:46,35.5084,250,
09:42:46,35.4962,100,
09:42:47,35.491,500,
09:42:50,35.519,400,
09:42:50,35.5099,400,
09:42:50,35.52,3900,
09:42:51,35.51,100,
09:42:52,35.49,100,
09:42:52,35.48,200,
09:42:52,35.45,650,
09:42:52,35.4499,1000,
09:42:53,35.4332,200,
09:42:53,35.45,100,
09:42:54,35.45,300,
09:42:54,35.45,100,
09:42:55,35.48,100,
09:42:56,35.46,100,
09:42:58,35.4562,100,
09:42:59,35.4699,900,
09:42:59,35.44,400,
09:42:59,35.44,100,
09:42:59,35.44,400,
09:42:59,35.46,310,
09:43:00,35.47,100,
09:43:01,35.475,2000,
09:43:02,35.4912,125,
09:43:03,35.51,100,
09:43:04,35.50,100,
09:43:07,35.53,1000,
09:43:09,35.54,100,
09:43:09,35.5405,300,
09:43:11,35.55,100,
09:43:12,35.5488,300,
09:43:14,35.56,100,
09:43:14,35.5599,3500,
09:43:14,35.57,500,
09:43:15,35.53,100,
09:43:16,35.5156,1000,
09:43:17,35.516,600,
09:43:19,35.53,100,
09:43:20,35.53,100,
09:43:25,35.54,100,
09:43:26,35.54,100,
09:43:28,35.55,500,
09:43:28,35.55,100,
09:43:28,35.55,100,
09:43:28,35.5401,100,
09:43:30,35.54,100,
09:43:30,35.5401,100,
09:43:31,35.55,4000,
09:43:33,35.55,100,
09:43:34,35.54,900,
09:43:34,35.55,500,
09:43:35,35.568,150,
09:43:38,35.54,100,
09:43:38,35.5596,100,
09:43:39,35.55,700,
09:43:39,35.54,100,
09:43:40,35.539,800,
09:43:40,35.5362,350,
09:43:42,35.53,500,
09:43:43,35.531,100,
09:43:44,35.532,700,
09:43:45,35.55,600,
09:43:46,35.55,100,
09:43:46,35.55,965,
09:43:47,35.58,300,
09:43:48,35.60,100,
09:43:49,35.60,100,
09:43:49,35.60,100,
09:43:49,35.60,200,
09:43:49,35.5999,100,
09:43:49,35.5999,200,
09:43:49,35.5999,100,
09:43:49,35.5999,200,
09:43:49,35.60,100,
09:43:49,35.5999,100,
09:43:49,35.5999,300,
09:43:49,35.60,100,
09:43:49,35.5999,100,
09:43:51,35.58,100,
09:43:52,35.57,500,
09:43:53,35.577,1000,
09:43:56,35.60,400,
09:43:56,35.60,100,
09:43:56,35.60,100,
09:43:58,35.59,643,
09:43:58,35.57,900,
09:43:58,35.60,800,
09:43:59,35.5932,200,
09:44:00,35.60,753,
09:44:00,35.571,200,
09:44:02,35.58,3000,
09:44:02,35.56,100,
09:44:03,35.5488,300,
09:44:03,35.5202,100,
09:44:03,35.5399,800,
09:44:04,35.52,100,
09:44:04,35.51,200,
09:44:04,35.51,100,
09:44:05,35.5081,100,
09:44:05,35.50,200,
09:44:05,35.50,100,
09:44:05,35.48,100,
09:44:05,35.52,100,
09:44:08,35.4801,100,
09:44:08,35.4899,100,
09:44:08,35.47,400,
09:44:09,35.517,1000,
09:44:13,35.4716,500,
09:44:13,35.48,100,
09:44:14,35.51,300,
09:44:17,35.48,300,
09:44:17,35.4932,125,
09:44:18,35.49,425,
09:44:18,35.4899,200,
09:44:20,35.5001,100,
09:44:20,35.50,200,
09:44:20,35.50,800,
09:44:22,35.49,100,
09:44:23,35.50,300,
09:44:23,35.49,300,
09:44:24,35.56,100,
09:44:24,35.5707,2000,
09:44:24,35.56,100,
09:44:26,35.55,100,
09:44:29,35.53,100,
09:44:29,35.53,100,
09:44:31,35.5395,300,
09:44:32,35.54,200,
09:44:32,35.54,100,
09:44:32,35.54,100,
09:44:32,35.54,100,
09:44:32,35.51,100,
09:44:32,35.52,100,
09:44:32,35.52,100,
09:44:32,35.55,2400,
09:44:32,35.55,250,
09:44:33,35.5584,500,
09:44:34,35.59,100,
09:44:35,35.60,400,
09:44:35,35.60,200,
09:44:35,35.60,100,
09:44:36,35.60,100,
09:44:36,35.60,300,
09:44:37,35.61,100,
09:44:38,35.6088,300,
09:44:38,35.59,100,
09:44:39,35.5602,200,
09:44:39,35.5701,100,
09:44:41,35.6028,646,
09:44:45,35.599,4000,
09:44:45,35.5681,100,
09:44:48,35.56,100,
09:44:49,35.571,100,
09:44:51,35.5688,200,
09:44:53,35.58,100,
09:44:54,35.60,100,
09:44:55,35.55,100,
09:44:55,35.5632,218,
09:44:57,35.58,370,
09:44:59,35.55,200,
09:45:03,35.5372,1000,
09:45:05,35.534,100,
09:45:06,35.5328,1000,
09:45:10,35.5816,200,
09:45:14,35.58,100,
09:45:16,35.5616,700,
09:45:18,35.57,100,
09:45:18,35.58,100,
09:45:18,35.5628,1000,
09:45:19,35.5502,300,
09:45:19,35.5502,300,
09:45:20,35.5501,400,
09:45:20,35.55,400,
09:45:20,35.54,100,
09:45:20,35.54,850,
09:45:21,35.52,100,
09:45:23,35.526,100,
09:45:24,35.5055,100,
09:45:25,35.501,200,
09:45:25,35.501,200,
09:45:27,35.50,4300,
09:45:28,35.52,100,
09:45:28,35.50,5000,
09:45:29,35.51,100,
09:45:31,35.5119,400,
09:45:32,35.5102,100,
09:45:33,35.511,100,
09:45:33,35.51,130,
09:45:36,35.47,200,
09:45:36,35.45,100,
09:45:37,35.44,100,
09:45:37,35.44,300,
09:45:37,35.47,100,
09:45:37,35.48,100,
09:45:38,35.4628,1000,
09:45:38,35.478,100,
09:45:39,35.45,1000,
09:45:39,35.47,100,
09:45:39,35.48,300,
09:45:39,35.4786,900,
09:45:41,35.461,100,
09:45:41,35.461,100,
09:45:41,35.45,200,
09:45:46,35.41,100,
09:45:47,35.42,100,
09:45:47,35.4302,100,
09:45:47,35.42,2300,
09:45:47,35.4202,2300,
09:45:48,35.41,100,
09:45:48,35.42,700,
09:45:49,35.401,2400,
09:45:49,35.40,100,
09:45:49,35.401,1700,
09:45:49,35.40,142,
09:45:49,35.40,100,
09:45:49,35.39,100,
09:45:49,35.39,400,
09:45:49,35.39,100,
09:45:50,35.4005,200,
09:45:50,35.41,100,
09:45:51,35.40,300,
09:45:52,35.425,4300,
09:45:53,35.40,1200,
09:45:54,35.422,1200,
09:45:55,35.37,300,
09:45:55,35.39,200,
09:45:55,35.39,900,
09:45:56,35.39,100,
09:45:56,35.39,100,
09:45:57,35.39,100,
09:45:57,35.40,200,
09:45:57,35.3901,200,
09:45:58,35.38,170,
09:45:58,35.38,100,
09:45:58,35.3801,100,
09:45:58,35.38,100,
09:45:58,35.3999,250,
09:45:59,35.39,200,
09:45:59,35.3701,500,
09:45:59,35.37,100,
09:46:01,35.37,100,
09:46:01,35.381,600,
09:46:01,35.38,2100,
09:46:02,35.38,100,
09:46:02,35.3801,600,
09:46:02,35.3801,400,
09:46:02,35.38,200,
09:46:03,35.378,500,
09:46:03,35.381,100,
09:46:03,35.381,100,
09:46:03,35.381,700,
09:46:03,35.40,100,
09:46:03,35.40,100,
09:46:04,35.39,100,
09:46:04,35.39,200,
09:46:04,35.40,1200,
09:46:04,35.40,1400,
09:46:04,35.40,100,
09:46:04,35.39,100,
09:46:05,35.3888,300,
09:46:05,35.40,300,
09:46:05,35.39,100,
09:46:05,35.38,100,
09:46:08,35.3988,700,
09:46:10,35.40,100,
09:46:10,35.39,100,
09:46:11,35.33,100,
09:46:11,35.34,100,
09:46:11,35.321,1300,
09:46:11,35.321,1400,
09:46:12,35.31,140,
09:46:12,35.31,200,
09:46:12,35.3101,200,
09:46:12,35.31,300,
09:46:12,35.33,100,
09:46:13,35.31,100,
09:46:13,35.31,8000,
09:46:14,35.30,900,
09:46:15,35.35,500,
09:46:15,35.34,100,
09:46:16,35.3401,300,
09:46:19,35.33,100,
09:46:19,35.3399,200,
09:46:19,35.34,200,
09:46:20,35.34,100,
09:46:20,35.35,100,
09:46:20,35.36,100,
09:46:20,35.37,100,
09:46:20,35.37,100,
09:46:20,35.38,100,
09:46:20,35.381,100,
09:46:20,35.381,100,
09:46:21,35.381,600,
09:46:22,35.3601,200,
09:46:23,35.37,100,
09:46:24,35.37,100,
09:46:25,35.36,350,
09:46:27,35.39,100,
09:46:27,35.39,400,
09:46:30,35.40,200,
09:46:32,35.38,100,
09:46:32,35.396,1000,
09:46:33,35.39,100,
09:46:33,35.40,400,
09:46:33,35.40,100,
09:46:33,35.40,100,
09:46:33,35.3832,410,
09:46:34,35.387,200,
09:46:37,35.3744,1000,
09:46:38,35.36,1500,
09:46:38,35.368,900,
09:46:40,35.3701,3400,
09:46:42,35.3501,400,
09:46:42,35.35,100,
09:46:44,35.32,100,
09:46:45,35.35,100,
09:46:45,35.34,100,
09:46:49,35.3468,300,
09:46:56,35.32,100,
09:46:57,35.35,100,
09:46:57,35.34,100,
09:46:59,35.34,100,
09:46:59,35.3428,900,
09:47:00,35.3412,500,
09:47:01,35.37,100,
09:47:03,35.38,100,
09:47:04,35.369,200,
09:47:04,35.369,200,
09:47:07,35.39,100,
09:47:07,35.40,100,
09:47:07,35.40,100,
09:47:10,35.39,100,
09:47:10,35.40,100,
09:47:12,35.35,100,
09:47:12,35.35,200,
09:47:13,35.35,100,
09:47:13,35.3599,300,
09:47:14,35.37,100,
09:47:14,35.3699,200,
09:47:14,35.39,100,
09:47:15,35.39,1910,
09:47:17,35.3812,200,
09:47:23,35.388,1000,
09:47:28,35.3681,300,
09:47:31,35.3619,300,
09:47:36,35.3599,1000,
09:47:39,35.363,500,
09:47:42,35.36,100,
09:47:44,35.34,200,
09:47:44,35.34,300,
09:47:49,35.3232,100,
09:47:50,35.32,100,
09:47:50,35.3201,200,
09:47:51,35.34,100,
09:47:51,35.34,900,
09:47:55,35.3301,100,
09:47:58,35.35,200,
09:47:59,35.36,100,
09:47:59,35.37,100,
09:48:02,35.378,900,
09:48:10,35.37,100,
09:48:10,35.38,100,
09:48:10,35.38,100,
09:48:11,35.3584,500,
09:48:12,35.33,100,
09:48:14,35.35,100,
09:48:15,35.3488,200,
09:48:18,35.3528,500,
09:48:18,35.3699,100,
09:48:20,35.34,100,
09:48:20,35.33,200,
09:48:22,35.3295,170,
09:48:22,35.30,400,
09:48:22,35.30,100,
09:48:22,35.3086,1200,
09:48:27,35.2995,100,
09:48:29,35.2901,100,
09:48:29,35.30,200,
09:48:29,35.299,200,
09:48:32,35.2901,500,
09:48:32,35.30,100,
09:48:32,35.30,100,
09:48:32,35.30,400,
09:48:32,35.30,400,
09:48:32,35.30,100,
09:48:32,35.30,100,
09:48:32,35.30,100,
09:48:32,35.292,200,
09:48:33,35.2901,100,
09:48:33,35.292,600,
09:48:37,35.291,150,
09:48:37,35.30,1700,
09:48:37,35.2999,1700,
09:48:37,35.30,1600,
09:48:38,35.30,500,
09:48:38,35.31,150,
09:48:40,35.30,100,
09:48:42,35.29,100,
09:48:45,35.2901,200,
09:48:46,35.299,500,
09:48:46,35.2601,100,
09:48:46,35.2601,100,
09:48:46,35.2601,100,
09:48:46,35.2601,100,
09:48:46,35.26,100,
09:48:46,35.26,100,
09:48:47,35.26,100,
09:48:48,35.25,500,
09:48:48,35.25,200,
09:48:49,35.25,900,
09:48:49,35.259,100,
09:48:50,35.26,300,
09:48:50,35.2528,1000,
09:48:51,35.2501,100,
09:48:51,35.25,100,
09:48:52,35.259,300,
09:48:52,35.259,300,
09:48:52,35.2501,2000,
09:48:53,35.24,100,
09:48:53,35.2501,100,
09:48:53,35.2501,100,
09:48:53,35.2501,100,
09:48:53,35.25,100,
09:48:53,35.2501,100,
09:48:53,35.2501,100,
09:48:53,35.24,3643,
09:48:53,35.241,300,
09:48:53,35.2401,1450,
09:48:54,35.26,100,
09:48:54,35.2428,900,
09:48:54,35.24,100,
09:48:54,35.24,100,
09:48:55,35.20,100,
09:48:56,35.19,200,
09:48:56,35.19,200,
09:48:57,35.20,150,
09:48:58,35.1999,100,
09:48:59,35.20,100,
09:48:59,35.18,400,
09:49:00,35.20,100,
09:49:00,35.20,100,
09:49:01,35.22,100,
09:49:03,35.2001,4000,
09:49:04,35.201,786,
09:49:05,35.19,100,
09:49:06,35.2014,1000,
09:49:07,35.2168,200,
09:49:09,35.2256,1000,
09:49:12,35.21,200,
09:49:16,35.2172,1000,
09:49:16,35.20,100,
09:49:16,35.18,100,
09:49:16,35.175,2000,
09:49:19,35.17,100,
09:49:19,35.17,300,
09:49:19,35.1701,100,
09:49:19,35.17,100,
09:49:19,35.17,100,
09:49:19,35.1701,300,
09:49:20,35.19,100,
09:49:20,35.20,1100,
09:49:26,35.15,800,
09:49:26,35.1536,400,
09:49:26,35.14,900,
09:49:28,35.14,100,
09:49:28,35.13,400,
09:49:28,35.13,300,
09:49:28,35.13,400,
09:49:28,35.13,100,
09:49:28,35.13,100,
09:49:28,35.12,900,
09:49:29,35.10,100,
09:49:29,35.10,100,
09:49:29,35.1001,100,
09:49:30,35.159,100,
09:49:30,35.111,100,
09:49:30,35.111,100,
09:49:31,35.10,100,
09:49:31,35.11,100,
09:49:34,35.12,200,
09:49:34,35.1201,1000,
09:49:34,35.12,300,
09:49:37,35.138,1000,
09:49:37,35.1344,500,
09:49:38,35.14,100,
09:49:38,35.1399,300,
09:49:38,35.1501,200,
09:49:39,35.131,100,
09:49:39,35.141,500,
09:49:40,35.141,2700,
09:49:40,35.12,300,
09:49:41,35.1398,100,
09:49:41,35.13,400,
09:49:43,35.05,100,
09:49:43,35.04,100,
09:49:44,35.031,100,
09:49:44,35.03,200,
09:49:44,35.0188,1000,
09:49:44,35.0101,100,
09:49:44,35.01,100,
09:49:44,35.0101,100,
09:49:44,35.03,100,
09:49:44,35.0301,100,
09:49:45,35.06,5000,
09:49:45,35.05,100,
09:49:46,35.032,300,
09:49:46,35.02,100,
09:49:46,35.06,100,
09:49:47,35.07,500,
09:49:49,35.052,200,
09:49:50,35.0929,790,
09:49:52,35.09,100,
09:49:53,35.11,100,
09:49:53,35.11,500,
09:49:54,35.11,100,
09:49:56,35.073,100,
09:49:56,35.06,100,
09:49:56,35.06,100,
09:49:56,35.06,400,
09:49:56,35.05,100,
09:49:58,35.06,100,
09:49:58,35.0398,100,
09:49:58,35.0399,100,
09:50:00,35.03,100,
09:50:00,35.02,200,
09:50:00,35.0256,100,
09:50:00,35.02,900,
09:50:00,35.0101,400,
09:50:01,35.032,500,
09:50:03,35.01,300,
09:50:03,35.04,100,
09:50:04,35.041,100,
09:50:05,35.04,1000,
09:50:05,35.04,200,
09:50:06,35.05,100,
09:50:10,35.05,100,
09:50:12,35.0499,200,
09:50:12,35.0501,300,
09:50:12,35.05,100,
09:50:14,35.0599,1000,
09:50:15,35.05,200,
09:50:15,35.05,200,
09:50:17,35.0599,300,
09:50:17,35.07,6600,
09:50:17,35.06,100,
09:50:17,35.0695,100,
09:50:18,35.07,300,
09:50:19,35.06,100,
09:50:19,35.05,1100,
09:50:21,35.07,200,
09:50:21,35.06,100,
09:50:22,35.05,300,
09:50:23,35.03,100,
09:50:23,35.04,100,
09:50:23,35.03,100,
09:50:24,35,100,
09:50:24,35,100,
09:50:24,35.03,100,
09:50:24,35.03,100,
09:50:24,35.02,300,
09:50:24,35.0199,1000,
09:50:25,35,200,
09:50:26,35.02,100,
09:50:27,35,200,
09:50:28,35.01,1600,
09:50:28,35,300,
09:50:28,35,600,
09:50:29,35.01,100,
09:50:31,35.0256,500,
09:50:31,35.0201,100,
09:50:31,35.02,100,
09:50:32,35.07,100,
09:50:32,35.05,250,
09:50:38,35.058,1000,
09:50:39,35.06,100,
09:50:39,35.06,100,
09:50:40,35.04,100,
09:50:42,35.05,100,
09:50:42,35.0386,1000,
09:50:43,35.06,300,
09:50:45,35.05,100,
09:50:45,35.06,100,
09:50:45,35.06,100,
09:50:45,35.06,100,
09:50:45,35.07,1350,
09:50:46,35.0599,200,
09:50:46,35.0599,200,
09:50:47,35.06,100,
09:50:50,35.0799,300,
09:50:50,35.0799,300,
09:50:51,35.10,643,
09:50:51,35.13,100,
09:50:51,35.13,100,
09:50:52,35.13,100,
09:50:52,35.13,100,
09:50:52,35.14,100,
09:50:52,35.14,200,
09:50:53,35.16,100,
09:50:53,35.1572,500,
09:50:54,35.1599,700,
09:50:54,35.16,100,
09:50:54,35.1599,1000,
09:50:54,35.14,100,
09:50:54,35.13,100,
09:50:54,35.17,3000,
09:50:54,35.13,100,
09:50:55,35.14,100,
09:50:55,35.1399,500,
09:50:57,35.1215,100,
09:50:57,35.121,200,
09:50:58,35.13,100,
09:51:00,35.1368,100,
09:51:02,35.14,100,
09:51:02,35.14,100,
09:51:03,35.1462,300,
09:51:04,35.12,100,
09:51:06,35.15,5000,
09:51:06,35.148,100,
09:51:08,35.1662,200,
09:51:10,35.19,500,
09:51:10,35.18,300,
09:51:10,35.18,100,
09:51:10,35.19,200,
09:51:12,35.19,100,
09:51:12,35.19,100,
09:51:12,35.1798,4000,
09:51:12,35.1799,100,
09:51:12,35.208,900,
09:51:14,35.1874,400,
09:51:15,35.19,100,
09:51:16,35.19,100,
09:51:16,35.2199,100,
09:51:17,35.21,100,
09:51:17,35.19,300,
09:51:17,35.18,100,
09:51:17,35.17,100,
09:51:17,35.19,100,
09:51:19,35.201,100,
09:51:20,35.21,100,
09:51:21,35.216,300,
09:51:23,35.21,100,
09:51:23,35.22,200,
09:51:23,35.22,100,
09:51:23,35.23,200,
09:51:23,35.23,100,
09:51:23,35.23,100,
09:51:23,35.23,300,
09:51:23,35.23,500,
09:51:23,35.23,100,
09:51:23,35.23,100,
09:51:23,35.23,100,
09:51:24,35.2186,500,
09:51:25,35.24,100,
09:51:25,35.2399,300,
09:51:25,35.22,400,
09:51:26,35.23,100,
09:51:27,35.2299,300,
09:51:30,35.2272,1000,
09:51:34,35.23,100,
09:51:34,35.2388,100,
09:51:37,35.2399,100,
09:51:37,35.25,385,
09:51:37,35.239,300,
09:51:37,35.25,3000,
09:51:38,35.25,600,
09:51:38,35.27,100,
09:51:38,35.25,400,
09:51:39,35.26,100,
09:51:40,35.24,100,
09:51:40,35.266,300,
09:51:42,35.26,200,
09:51:42,35.26,100,
09:51:42,35.27,100,
09:51:42,35.27,100,
09:51:42,35.27,100,
09:51:43,35.29,200,
09:51:43,35.27,100,
09:51:44,35.2999,100,
09:51:44,35.31,100,
09:51:45,35.30,200,
09:51:45,35.2999,500,
09:51:48,35.2799,1188,
09:51:48,35.2799,100,
09:51:48,35.29,5700,
09:51:50,35.2599,300,
09:51:50,35.25,800,
09:51:51,35.2499,200,
09:51:52,35.24,200,
09:51:53,35.26,100,
09:51:53,35.2599,100,
09:51:53,35.2586,1275,
09:51:56,35.25,100,
09:51:57,35.25,100,
09:51:57,35.2499,100,
09:51:57,35.2499,100,
09:51:57,35.25,200,
09:51:57,35.25,100,
09:51:57,35.2499,200,
09:51:57,35.25,1100,
09:51:57,35.2499,200,
09:51:57,35.2499,100,
09:51:58,35.25,200,
09:51:58,35.25,500,
09:51:58,35.25,300,
09:52:00,35.24,100,
09:52:00,35.24,565,
09:52:01,35.25,100,
09:52:06,35.19,100,
09:52:08,35.22,100,
09:52:09,35.23,100,
09:52:14,35.26,100,
09:52:16,35.25,100,
09:52:16,35.25,100,
09:52:16,35.24,400,
09:52:16,35.24,100,
09:52:16,35.25,100,
09:52:16,35.26,100,
09:52:16,35.27,100,
09:52:16,35.27,100,
09:52:16,35.28,100,
09:52:16,35.28,200,
09:52:16,35.27,200,
09:52:16,35.29,100,
09:52:17,35.29,100,
09:52:17,35.28,100,
09:52:18,35.29,100,
09:52:18,35.29,100,
09:52:18,35.29,200,
09:52:18,35.2899,100,
09:52:18,35.2899,100,
09:52:18,35.29,100,
09:52:18,35.2899,200,
09:52:18,35.2899,100,
09:52:19,35.289,1400,
09:52:19,35.289,1400,
09:52:19,35.28,100,
09:52:20,35.29,900,
09:52:20,35.29,100,
09:52:21,35.29,100,
09:52:21,35.27,100,
09:52:22,35.27,100,
09:52:22,35.2788,200,
09:52:24,35.29,100,
09:52:24,35.29,100,
09:52:25,35.28,100,
09:52:25,35.29,100,
09:52:27,35.28,100,
09:52:27,35.2896,100,
09:52:27,35.289,300,
09:52:27,35.29,100,
09:52:27,35.29,100,
09:52:28,35.27,100,
09:52:29,35.27,100,
09:52:30,35.22,100,
09:52:30,35.23,100,
09:52:31,35.23,100,
09:52:31,35.23,100,
09:52:38,35.2399,250,
09:52:39,35.239,100,
09:52:41,35.27,100,
09:52:44,35.23,1300,
09:52:44,35.23,1000,
09:52:45,35.23,100,
09:52:46,35.26,100,
09:52:46,35.2532,125,
09:52:52,35.27,100,
09:52:52,35.29,100,
09:52:52,35.29,100,
09:52:56,35.3199,500,
09:52:56,35.3299,935,
09:52:57,35.32,1000,
09:53:00,35.3116,220,
09:53:01,35.32,100,
09:53:02,35.3208,100,
09:53:02,35.32,200,
09:53:02,35.32,100,
09:53:02,35.31,100,
09:53:03,35.32,100,
09:53:03,35.31,2800,
09:53:11,35.3099,100,
09:53:12,35.2956,1000,
09:53:12,35.29,100,
09:53:12,35.29,100,
09:53:12,35.30,3800,
09:53:13,35.29,100,
09:53:14,35.3098,150,
09:53:15,35.30,200,
09:53:17,35.2799,200,
09:53:19,35.27,100,
09:53:19,35.27,100,
09:53:21,35.29,100,
09:53:21,35.30,800,
09:53:21,35.30,100,
09:53:21,35.30,100,
09:53:21,35.29,100,
09:53:21,35.30,300,
09:53:21,35.30,100,
09:53:21,35.29,100,
09:53:21,35.33,100,
09:53:21,35.33,100,
09:53:21,35.31,100,
09:53:21,35.32,100,
09:53:24,35.35,400,
09:53:24,35.35,132,
09:53:24,35.35,100,
09:53:26,35.36,100,
09:53:26,35.379,200,
09:53:26,35.37,100,
09:53:27,35.3599,100,
09:53:27,35.3599,100,
09:53:27,35.37,100,
09:53:29,35.3399,100,
09:53:29,35.38,300,
09:53:29,35.34,100,
09:53:29,35.35,100,
09:53:29,35.3399,100,
09:53:29,35.3399,100,
09:53:29,35.3399,100,
09:53:29,35.3399,100,
09:53:29,35.3399,100,
09:53:29,35.331,3300,
09:53:29,35.3399,100,
09:53:29,35.34,500,
09:53:30,35.331,100,
09:53:30,35.3499,200,
09:53:31,35.34,100,
09:53:32,35.34,100,
09:53:33,35.36,100,
09:53:33,35.369,300,
09:53:33,35.37,2100,
09:53:35,35.3714,1575,
09:53:36,35.38,100,
09:53:36,35.372,500,
09:53:38,35.379,100,
09:53:39,35.39,100,
09:53:39,35.40,171,
09:53:39,35.40,171,
09:53:39,35.378,300,
09:53:41,35.402,100,
09:53:42,35.404,200,
09:53:43,35.4135,100,
09:53:43,35.411,200,
09:53:43,35.41,100,
09:53:44,35.41,3600,
09:53:45,35.39,100,
09:53:45,35.39,1400,
09:53:47,35.40,300,
09:53:47,35.40,100,
09:53:47,35.41,300,
09:53:47,35.41,600,
09:53:47,35.41,483,
09:53:47,35.41,100,
09:53:47,35.42,199,
09:53:47,35.42,100,
09:53:47,35.42,200,
09:53:47,35.43,100,
09:53:47,35.44,100,
09:53:48,35.44,400,
09:53:49,35.44,1200,
09:53:50,35.44,3000,
09:53:50,35.43,1350,
09:53:52,35.45,1000,
09:53:53,35.44,100,
09:53:55,35.4395,700,
09:53:58,35.4099,5000,
09:53:59,35.4099,200,
09:53:59,35.42,1300,
09:53:59,35.4199,100,
09:54:02,35.43,100,
09:54:03,35.42,1500,
09:54:04,35.4399,100,
09:54:04,35.44,100,
09:54:05,35.4301,800,
09:54:05,35.43,100,
09:54:05,35.43,100,
09:54:05,35.42,100,
09:54:05,35.42,100,
09:54:05,35.42,100,
09:54:06,35.44,1700,
09:54:08,35.429,800,
09:54:08,35.42,2180,
09:54:08,35.42,200,
09:54:08,35.42,100,
09:54:09,35.43,1500,
09:54:09,35.42,100,
09:54:09,35.42,500,
09:54:09,35.42,200,
09:54:09,35.42,100,
09:54:09,35.42,200,
09:54:09,35.4112,250,
09:54:12,35.40,142,
09:54:13,35.3605,900,
09:54:13,35.35,100,
09:54:13,35.35,100,
09:54:14,35.35,450,
09:54:17,35.34,100,
09:54:20,35.3232,125,
09:54:21,35.3371,2000,
09:54:23,35.331,250,
09:54:24,35.34,100,
09:54:25,35.3316,379,
09:54:27,35.331,1185,
09:54:28,35.349,1500,
09:54:28,35.349,1500,
09:54:30,35.35,6400,
09:54:32,35.348,115,
09:54:36,35.33,100,
09:54:36,35.30,750,
09:54:36,35.29,100,
09:54:36,35.291,200,
09:54:36,35.28,100,
09:54:36,35.28,100,
09:54:36,35.28,100,
09:54:36,35.28,100,
09:54:37,35.27,100,
09:54:37,35.27,100,
09:54:37,35.27,100,
09:54:37,35.271,400,
09:54:37,35.271,500,
09:54:37,35.27,100,
09:54:38,35.28,100,
09:54:38,35.2784,150,
09:54:38,35.29,100,
09:54:38,35.27,100,
09:54:42,35.2901,1700,
09:54:45,35.2788,1000,
09:54:45,35.26,100,
09:54:45,35.26,100,
09:54:45,35.25,100,
09:54:45,35.26,100,
09:54:46,35.23,100,
09:54:46,35.22,10759,
09:54:46,35.25,100,
09:54:47,35.26,200,
09:54:48,35.2601,200,
09:54:48,35.2601,100,
09:54:48,35.24,4000,
09:54:49,35.27,100,
09:54:51,35.2895,300,
09:54:54,35.30,400,
09:54:55,35.30,100,
09:55:01,35.30,200,
09:55:01,35.30,100,
09:55:02,35.31,100,
09:55:03,35.30,900,
09:55:03,35.31,100,
09:55:10,35.2995,500,
09:55:12,35.28,100,
09:55:15,35.2799,200,
09:55:21,35.2948,100,
09:55:21,35.299,1300,
09:55:26,35.266,300,
09:55:27,35.25,300,
09:55:30,35.249,1100,
09:55:31,35.27,100,
09:55:39,35.25,1500,
09:55:39,35.26,100,
09:55:39,35.26,500,
09:55:39,35.26,100,
09:55:41,35.25,108,
09:55:41,35.26,600,
09:55:43,35.26,100,
09:55:45,35.2111,100,
09:55:45,35.211,1000,
09:55:45,35.22,100,
09:55:45,35.21,2200,
09:55:48,35.2332,150,
09:55:59,35.3064,125,
09:56:00,35.30,100,
09:56:02,35.31,100,
09:56:09,35.32,400,
09:56:09,35.35,100,
09:56:11,35.33,100,
09:56:12,35.32,600,
09:56:16,35.32,100,
09:56:18,35.36,100,
09:56:20,35.39,400,
09:56:22,35.4099,700,
09:56:23,35.41,100,
09:56:23,35.41,100,
09:56:23,35.41,100,
09:56:23,35.41,100,
09:56:23,35.41,100,
09:56:25,35.41,1000,
09:56:26,35.4101,900,
09:56:26,35.43,1000,
09:56:27,35.4101,200,
09:56:27,35.40,200,
09:56:33,35.36,100,
09:56:33,35.37,900,
09:56:33,35.37,100,
09:56:33,35.37,100,
09:56:35,35.39,100,
09:56:37,35.398,400,
09:56:37,35.40,200,
09:56:37,35.4028,970,
09:56:44,35.39,100,
09:56:45,35.4098,300,
09:56:45,35.40,100,
09:56:47,35.3988,1000,
09:56:48,35.40,1042,
09:56:51,35.409,100,
09:56:53,35.40,100,
09:56:53,35.39,200,
09:56:53,35.39,100,
09:56:53,35.39,100,
09:56:54,35.408,200,
09:56:55,35.406,700,
09:56:56,35.43,100,
09:56:58,35.4384,430,
09:56:59,35.439,100,
09:57:00,35.42,100,
09:57:01,35.4299,200,
09:57:01,35.43,100,
09:57:05,35.44,400,
09:57:05,35.45,350,
09:57:05,35.45,100,
09:57:06,35.4601,200,
09:57:07,35.48,200,
09:57:08,35.48,100,
09:57:08,35.48,100,
09:57:08,35.48,200,
09:57:08,35.47,100,
09:57:10,35.46,200,
09:57:11,35.43,100,
09:57:12,35.4299,100,
09:57:14,35.43,1000,
09:57:14,35.44,100,
09:57:18,35.4499,1000,
09:57:18,35.438,100,
09:57:21,35.44,100,
09:57:21,35.44,100,
09:57:22,35.44,100,
09:57:23,35.4472,550,
09:57:29,35.4568,100,
09:57:32,35.4502,2000,
09:57:32,35.4505,265,
09:57:38,35.49,100,
09:57:39,35.50,100,
09:57:40,35.469,200,
09:57:40,35.469,200,
09:57:42,35.489,300,
09:57:42,35.489,400,
09:57:45,35.50,500,
09:57:47,35.481,150,
09:57:48,35.4601,2000,
09:57:48,35.4438,300,
09:57:49,35.4672,1500,
09:57:50,35.4644,1000,
09:57:51,35.43,100,
09:57:51,35.43,100,
09:57:51,35.4388,6000,
09:57:52,35.43,100,
09:57:53,35.4201,100,
09:57:55,35.41,100,
09:57:59,35.41,300,
09:58:02,35.43,100,
09:58:04,35.4299,500,
09:58:04,35.43,100,
09:58:04,35.43,100,
09:58:08,35.4199,200,
09:58:08,35.4199,100,
09:58:09,35.4188,300,
09:58:12,35.40,500,
09:58:12,35.40,100,
09:58:12,35.4001,500,
09:58:16,35.4101,200,
09:58:16,35.41,100,
09:58:20,35.4005,400,
09:58:22,35.39,100,
09:58:23,35.40,100,
09:58:24,35.40,100,
09:58:24,35.38,100,
09:58:25,35.38,900,
09:58:27,35.389,100,
09:58:27,35.384,300,
09:58:27,35.3416,485,
09:58:28,35.342,900,
09:58:28,35.3599,100,
09:58:29,35.37,100,
09:58:33,35.39,500,
09:58:33,35.38,1242,
09:58:37,35.36,100,
09:58:40,35.3762,100,
09:58:43,35.34,100,
09:58:43,35.33,100,
09:58:48,35.28,100,
09:58:50,35.27,300,
09:58:53,35.27,200,
09:58:54,35.30,100,
09:58:59,35.28,100,
09:59:02,35.27,100,
09:59:02,35.24,1400,
09:59:04,35.27,100,
09:59:04,35.26,100,
09:59:05,35.2614,1080,
09:59:06,35.30,100,
09:59:07,35.29,100,
09:59:09,35.27,100,
09:59:11,35.2595,400,
09:59:12,35.24,1000,
09:59:12,35.248,400,
09:59:13,35.22,100,
09:59:14,35.2099,200,
09:59:19,35.20,100,
09:59:19,35.19,100,
09:59:21,35.20,100,
09:59:25,35.1999,200,
09:59:26,35.1868,430,
09:59:26,35.1701,200,
09:59:28,35.189,200,
09:59:31,35.18,100,
09:59:31,35.16,100,
09:59:31,35.16,200,
09:59:31,35.15,100,
09:59:32,35.14,200,
09:59:32,35.12,100,
09:59:32,35.10,200,
09:59:32,35.12,100,
09:59:32,35.13,100,
09:59:32,35.1019,200,
09:59:35,35.13,300,
09:59:35,35.13,400,
09:59:35,35.1301,400,
09:59:35,35.1301,1400,
09:59:35,35.13,1300,
09:59:35,35.1306,2400,
09:59:38,35.12,100,
09:59:38,35.12,100,
09:59:39,35.13,100,
09:59:41,35.12,100,
09:59:45,35.1301,400,
09:59:48,35.139,1371,
09:59:48,35.1486,100,
09:59:48,35.1312,200,
09:59:50,35.09,100,
09:59:51,35.10,200,
09:59:52,35.1099,300,
09:59:53,35.11,500,
09:59:54,35.09,100,
09:59:54,35.09,200,
09:59:54,35.09,100,
09:59:56,35.08,100,
09:59:56,35.06,100,
09:59:56,35.0599,800,
09:59:56,35.06,100,
09:59:58,35.0601,100,
09:59:58,35.0601,400,
09:59:58,35.0614,1400,
09:59:59,35.0594,100,
09:59:59,35.0676,100,
09:59:59,35.069,100,
10:00:01,35.07,400,
10:00:02,35.05,200,
10:00:02,35.05,100,
10:00:02,35.0501,100,
10:00:02,35.0501,200,
10:00:02,35.05,200,
10:00:02,35.0528,900,
10:00:06,35.086,500,
10:00:07,35.0695,100,
10:00:09,35.063,600,
10:00:09,35.06,100,
10:00:10,35.0699,100,
10:00:13,35.05,153,
10:00:13,35.05,726,
10:00:13,35.01,100,
10:00:13,35,215,
10:00:13,35,100,
10:00:14,35.01,300,
10:00:15,35.0262,100,
10:00:16,35.05,100,
10:00:19,35.02,100,
10:00:19,35.0201,100,
10:00:20,35.0599,700,
10:00:20,35.06,500,
10:00:20,35.09,100,
10:00:20,35.09,100,
10:00:21,35.0838,200,
10:00:22,35.07,100,
10:00:22,35.0901,200,
10:00:22,35.0901,100,
10:00:22,35.0928,900,
10:00:22,35.09,100,
10:00:22,35.091,100,
10:00:27,35.0472,1000,
10:00:30,35.067,700,
10:00:31,35.0512,200,
10:00:32,35.05,100,
10:00:32,35.0599,300,
10:00:36,35.07,200,
10:00:36,35.08,100,
10:00:38,35.0999,1000,
10:00:38,35.11,200,
10:00:38,35.13,100,
10:00:38,35.15,100,
10:00:39,35.13,100,
10:00:39,35.12,100,
10:00:40,35.13,200,
10:00:42,35.14,100,
10:00:42,35.16,200,
10:00:42,35.17,100,
10:00:42,35.1699,100,
10:00:42,35.1699,100,
10:00:42,35.18,500,
10:00:44,35.15,100,
10:00:44,35.14,426,
10:00:45,35.138,200,
10:00:46,35.1301,500,
10:00:47,35.1601,100,
10:00:48,35.17,100,
10:00:48,35.1699,100,
10:00:50,35.1699,100,
10:00:51,35.18,100,
10:00:51,35.18,100,
10:00:53,35.2072,1000,
10:00:55,35.1866,100,
10:00:56,35.1888,1000,
10:00:56,35.19,200,
10:00:56,35.19,100,
10:00:56,35.1899,100,
10:00:56,35.1899,100,
10:00:59,35.18,100,
10:00:59,35.1799,100,
10:00:59,35.19,100,
10:00:59,35.20,1600,
10:01:04,35.254,700,
10:01:04,35.30,100,
10:01:04,35.29,100,
10:01:04,35.28,100,
10:01:06,35.2999,1000,
10:01:08,35.2888,1200,
10:01:10,35.289,100,
10:01:10,35.31,200,
10:01:11,35.31,100,
10:01:11,35.31,200,
10:01:11,35.305,200,
10:01:12,35.3001,1000,
10:01:13,35.30,126,
10:01:13,35.29,100,
10:01:13,35.2794,100,
10:01:14,35.2599,100,
10:01:15,35.25,100,
10:01:16,35.2181,100,
10:01:17,35.21,100,
10:01:17,35.23,200,
10:01:17,35.2384,600,
10:01:21,35.21,100,
10:01:23,35.2114,1000,
10:01:25,35.22,200,
10:01:26,35.2399,1000,
10:01:29,35.2399,100,
10:01:29,35.25,800,
10:01:30,35.26,200,
10:01:33,35.2595,500,
10:01:34,35.23,100,
10:01:37,35.212,300,
10:01:39,35.25,300,
10:01:44,35.21,100,
10:01:44,35.20,200,
10:01:44,35.20,100,
10:01:44,35.20,200,
10:01:48,35.20,100,
10:01:51,35.22,100,
10:01:52,35.24,100,
10:01:52,35.22,100,
10:02:00,35.28,100,
10:02:01,35.2781,200,
10:02:02,35.27,100,
10:02:02,35.2601,100,
10:02:03,35.2707,3000,
10:02:04,35.26,100,
10:02:05,35.27,1000,
10:02:10,35.282,900,
10:02:10,35.274,1000,
10:02:12,35.24,100,
10:02:12,35.22,100,
10:02:12,35.21,100,
10:02:12,35.21,100,
10:02:12,35.20,100,
10:02:13,35.22,100,
10:02:14,35.2014,1170,
10:02:15,35.23,100,
10:02:15,35.23,100,
10:02:18,35.24,100,
10:02:18,35.24,100,
10:02:20,35.21,100,
10:02:20,35.22,100,
10:02:20,35.23,6700,
10:02:20,35.21,100,
10:02:22,35.2199,500,
10:02:22,35.2168,200,
10:02:25,35.249,100,
10:02:25,35.246,200,
10:02:31,35.25,200,
10:02:32,35.2828,1000,
10:02:42,35.27,100,
10:02:42,35.25,100,
10:02:42,35.2501,300,
10:02:46,35.31,100,
10:02:48,35.33,100,
10:02:49,35.28,400,
10:02:49,35.28,100,
10:02:49,35.28,700,
10:02:49,35.26,100,
10:02:49,35.26,100,
10:02:49,35.27,100,
10:02:49,35.26,100,
10:02:49,35.26,100,
10:02:49,35.28,1100,
10:02:50,35.28,100,
10:02:50,35.29,100,
10:02:51,35.31,100,
10:02:51,35.31,200,
10:02:51,35.31,300,
10:02:51,35.2802,1700,
10:02:52,35.30,100,
10:02:53,35.35,400,
10:02:53,35.35,400,
10:02:53,35.35,600,
10:02:53,35.34,100,
10:02:57,35.31,100,
10:03:00,35.3262,200,
10:03:01,35.3399,100,
10:03:02,35.31,100,
10:03:02,35.31,200,
10:03:06,35.30,100,
10:03:07,35.30,400,
10:03:11,35.32,300,
10:03:13,35.31,100,
10:03:13,35.32,100,
10:03:13,35.30,100,
10:03:13,35.29,100,
10:03:13,35.26,100,
10:03:13,35.27,100,
10:03:17,35.24,100,
10:03:23,35.25,100,
10:03:24,35.2498,100,
10:03:25,35.2388,700,
10:03:28,35.2001,100,
10:03:28,35.20,100,
10:03:29,35.24,100,
10:03:30,35.22,400,
10:03:31,35.23,100,
10:03:33,35.20,100,
10:03:33,35.20,100,
10:03:33,35.20,300,
10:03:35,35.20,100,
10:03:42,35.22,100,
10:03:50,35.2337,100,
10:03:50,35.24,200,
10:03:50,35.24,100,
10:03:51,35.2516,250,
10:03:57,35.29,100,
10:03:59,35.28,200,
10:04:01,35.2601,200,
10:04:04,35.28,500,
10:04:07,35.32,100,
10:04:09,35.35,100,
10:04:10,35.33,100,
10:04:10,35.338,900,
10:04:12,35.36,100,
10:04:18,35.38,200,
10:04:21,35.36,100,
10:04:22,35.362,500,
10:04:22,35.32,100,
10:04:22,35.32,100,
10:04:23,35.34,100,
10:04:23,35.34,100,
10:04:25,35.33,500,
10:04:25,35.33,100,
10:04:25,35.33,100,
10:04:27,35.35,200,
10:04:27,35.33,100,
10:04:28,35.3684,100,
10:04:30,35.39,100,
10:04:30,35.40,100,
10:04:30,35.39,100,
10:04:33,35.3981,200,
10:04:34,35.43,800,
10:04:38,35.37,200,
10:04:40,35.37,100,
10:04:40,35.379,300,
10:04:42,35.3399,100,
10:04:42,35.35,300,
10:04:49,35.369,100,
10:04:49,35.359,100,
10:04:49,35.35,100,
10:04:50,35.37,900,
10:04:50,35.37,300,
10:04:50,35.37,100,
10:04:50,35.37,100,
10:04:50,35.37,100,
10:04:50,35.38,100,
10:04:50,35.39,500,
10:04:50,35.37,100,
10:04:50,35.40,100,
10:04:50,35.42,100,
10:04:50,35.42,100,
10:04:51,35.4201,100,
10:04:52,35.42,100,
10:04:55,35.42,100,
10:04:55,35.435,700,
10:04:57,35.4384,100,
10:04:58,35.40,100,
10:04:58,35.41,100,
10:04:58,35.41,200,
10:04:58,35.41,400,
10:04:58,35.41,400,
10:04:58,35.42,100,
10:04:58,35.43,100,
10:04:58,35.43,100,
10:04:58,35.44,100,
10:04:58,35.44,800,
10:04:59,35.4314,500,
10:05:00,35.44,300,
10:05:01,35.44,100,
10:05:01,35.44,100,
10:05:02,35.4301,800,
10:05:02,35.42,800,
10:05:05,35.43,100,
10:05:05,35.4368,215,
10:05:05,35.42,100,
10:05:05,35.42,100,
10:05:05,35.42,100,
10:05:08,35.4305,150,
10:05:12,35.44,100,
10:05:16,35.405,100,
10:05:17,35.4001,300,
10:05:20,35.38,414,
10:05:20,35.38,400,
10:05:20,35.36,100,
10:05:20,35.38,100,
10:05:21,35.399,200,
10:05:22,35.35,500,
10:05:23,35.3616,400,
10:05:27,35.3899,250,
10:05:29,35.38,500,
10:05:37,35.39,100,
10:05:43,35.3899,100,
10:05:43,35.37,100,
10:05:46,35.3699,200,
10:05:47,35.369,300,
10:05:50,35.376,1000,
10:05:51,35.36,100,
10:05:51,35.36,100,
10:05:52,35.361,150,
10:05:55,35.41,100,
10:05:55,35.42,700,
10:05:55,35.4199,100,
10:05:59,35.404,100,
10:06:00,35.44,300,
10:06:00,35.44,100,
10:06:01,35.431,100,
10:06:02,35.432,800,
10:06:06,35.4399,100,
10:06:06,35.4399,100,
10:06:07,35.4499,250,
10:06:07,35.47,100,
10:06:07,35.4699,100,
10:06:07,35.4699,100,
10:06:08,35.47,100,
10:06:09,35.47,300,
10:06:09,35.47,300,
10:06:09,35.48,3100,
10:06:11,35.50,789,
10:06:12,35.50,500,
10:06:12,35.50,400,
10:06:12,35.50,200,
10:06:12,35.50,900,
10:06:12,35.51,600,
10:06:12,35.51,300,
10:06:12,35.51,200,
10:06:12,35.51,800,
10:06:12,35.51,1200,
10:06:13,35.484,700,
10:06:14,35.5116,600,
10:06:14,35.52,800,
10:06:15,35.5299,100,
10:06:15,35.5199,200,
10:06:15,35.52,200,
10:06:15,35.53,2800,
10:06:16,35.54,300,
10:06:16,35.54,700,
10:06:16,35.5399,100,
10:06:16,35.5399,100,
10:06:16,35.54,100,
10:06:16,35.54,200,
10:06:16,35.54,400,
10:06:17,35.528,1000,
10:06:18,35.54,300,
10:06:18,35.54,100,
10:06:18,35.55,100,
10:06:19,35.55,100,
10:06:19,35.56,200,
10:06:19,35.56,100,
10:06:19,35.56,100,
10:06:19,35.559,700,
10:06:20,35.56,2700,
10:06:20,35.5699,100,
10:06:20,35.5699,100,
10:06:21,35.58,1000,
10:06:21,35.5699,100,
10:06:21,35.58,100,
10:06:21,35.58,400,
10:06:21,35.58,100,
10:06:22,35.589,500,
10:06:22,35.589,500,
10:06:22,35.5814,1575,
10:06:22,35.59,100,
10:06:23,35.59,3500,
10:06:23,35.59,400,
10:06:24,35.5901,600,
10:06:25,35.57,100,
10:06:26,35.554,500,
10:06:26,35.56,100,
10:06:26,35.56,100,
10:06:27,35.5662,200,
10:06:29,35.54,100,
10:06:30,35.539,500,
10:06:32,35.54,100,
10:06:34,35.551,100,
10:06:35,35.5599,1200,
10:06:36,35.56,100,
10:06:36,35.5682,100,
10:06:37,35.569,269,
10:06:37,35.55,100,
10:06:38,35.58,200,
10:06:38,35.58,200,
10:06:38,35.58,100,
10:06:38,35.58,100,
10:06:38,35.559,100,
10:06:38,35.57,100,
10:06:38,35.58,400,
10:06:38,35.57,100,
10:06:38,35.559,100,
10:06:38,35.58,100,
10:06:40,35.55,100,
10:06:40,35.53,100,
10:06:40,35.52,100,
10:06:40,35.51,100,
10:06:40,35.509,1600,
10:06:40,35.519,600,
10:06:40,35.519,600,
10:06:41,35.55,500,
10:06:41,35.5102,1000,
10:06:43,35.5099,500,
10:06:44,35.5398,3000,
10:06:44,35.529,200,
10:06:45,35.55,200,
10:06:45,35.55,200,
10:06:50,35.54,100,
10:06:51,35.5312,300,
10:06:51,35.53,100,
10:06:52,35.5384,500,
10:06:52,35.531,300,
10:06:53,35.53,2100,
10:06:54,35.52,100,
10:06:54,35.52,100,
10:06:54,35.52,100,
10:06:54,35.52,100,
10:06:56,35.528,1000,
10:06:58,35.50,100,
10:06:58,35.48,100,
10:06:58,35.47,100,
10:06:59,35.514,900,
10:06:59,35.4728,1000,
10:07:02,35.4628,1000,
10:07:04,35.48,100,
10:07:04,35.49,100,
10:07:04,35.50,100,
10:07:04,35.51,100,
10:07:04,35.48,100,
10:07:05,35.51,100,
10:07:05,35.49,100,
10:07:05,35.49,100,
10:07:07,35.50,100,
10:07:07,35.50,200,
10:07:07,35.52,300,
10:07:08,35.49,900,
10:07:11,35.538,1000,
10:07:14,35.55,100,
10:07:14,35.55,200,
10:07:14,35.55,300,
10:07:15,35.56,800,
10:07:15,35.55,100,
10:07:16,35.54,100,
10:07:16,35.54,100,
10:07:16,35.5399,100,
10:07:16,35.5399,100,
10:07:16,35.5399,100,
10:07:16,35.55,1600,
10:07:18,35.509,400,
10:07:18,35.51,100,
10:07:19,35.52,400,
10:07:19,35.52,200,
10:07:19,35.53,100,
10:07:19,35.509,100,
10:07:19,35.5202,300,
10:07:20,35.509,100,
10:07:20,35.509,100,
10:07:20,35.509,100,
10:07:20,35.509,100,
10:07:20,35.509,5800,
10:07:20,35.509,100,
10:07:20,35.509,100,
10:07:22,35.52,400,
10:07:23,35.54,100,
10:07:24,35.5596,100,
10:07:24,35.5505,350,
10:07:25,35.5401,500,
10:07:29,35.5495,100,
10:07:33,35.5714,500,
10:07:33,35.60,100,
10:07:33,35.60,200,
10:07:33,35.59,100,
10:07:33,35.60,400,
10:07:33,35.59,100,
10:07:34,35.60,100,
10:07:35,35.57,100,
10:07:35,35.59,600,
10:07:36,35.5614,1000,
10:07:38,35.59,100,
10:07:38,35.60,150,
10:07:39,35.60,157,
10:07:40,35.615,700,
10:07:41,35.6128,1000,
10:07:41,35.62,500,
10:07:41,35.6228,700,
10:07:42,35.61,100,
10:07:43,35.60,100,
10:07:44,35.61,1800,
10:07:44,35.59,100,
10:07:44,35.59,100,
10:07:46,35.5888,1000,
10:07:48,35.59,100,
10:07:48,35.60,300,
10:07:48,35.60,100,
10:07:48,35.60,4900,
10:07:48,35.60,800,
10:07:48,35.60,3100,
10:07:49,35.60,100,
10:07:49,35.6099,500,
10:07:52,35.59,100,
10:07:52,35.5901,100,
10:07:53,35.594,700,
10:07:53,35.61,100,
10:07:54,35.60,200,
10:07:54,35.60,100,
10:07:54,35.60,100,
10:07:54,35.60,200,
10:07:54,35.60,100,
10:07:54,35.60,100,
10:07:54,35.60,200,
10:07:54,35.60,100,
10:07:54,35.60,600,
10:07:54,35.60,1300,
10:07:54,35.57,100,
10:07:54,35.57,100,
10:07:55,35.5701,500,
10:07:59,35.56,100,
10:07:59,35.56,400,
10:08:03,35.56,800,
10:08:06,35.539,100,
10:08:07,35.5105,250,
10:08:07,35.54,100,
10:08:07,35.5399,100,
10:08:07,35.5399,100,
10:08:07,35.5399,100,
10:08:08,35.55,300,
10:08:08,35.55,100,
10:08:08,35.5399,100,
10:08:08,35.54,100,
10:08:08,35.5399,100,
10:08:08,35.5399,100,
10:08:08,35.5399,200,
10:08:08,35.55,800,
10:08:09,35.54,100,
10:08:10,35.54,100,
10:08:10,35.55,100,
10:08:10,35.54,200,
10:08:10,35.54,100,
10:08:10,35.54,100,
10:08:10,35.54,100,
10:08:12,35.5299,200,
10:08:12,35.5299,200,
10:08:12,35.53,200,
10:08:16,35.51,200,
10:08:16,35.50,400,
10:08:16,35.50,600,
10:08:16,35.50,100,
10:08:18,35.50,100,
10:08:20,35.5032,100,
10:08:26,35.55,100,
10:08:26,35.5699,155,
10:08:27,35.58,200,
10:08:27,35.58,800,
10:08:27,35.58,100,
10:08:27,35.59,200,
10:08:28,35.559,100,
10:08:29,35.5505,200,
10:08:29,35.56,100,
10:08:30,35.558,1300,
10:08:32,35.57,100,
10:08:32,35.57,100,
10:08:36,35.5599,400,
10:08:37,35.53,100,
10:08:40,35.52,1100,
10:08:42,35.53,100,
10:08:46,35.52,100,
10:08:46,35.53,100,
10:08:46,35.5299,201,
10:08:46,35.5299,200,
10:08:50,35.568,300,
10:08:51,35.57,100,
10:08:51,35.5699,200,
10:08:53,35.56,1100,
10:08:55,35.53,100,
10:08:55,35.5201,100,
10:09:03,35.51,500,
10:09:08,35.56,100,
10:09:08,35.5599,100,
10:09:08,35.5599,100,
10:09:08,35.5599,100,
10:09:08,35.5599,100,
10:09:08,35.56,100,
10:09:08,35.5599,100,
10:09:08,35.56,100,
10:09:08,35.5599,100,
10:09:08,35.5599,100,
10:09:08,35.5599,100,
10:09:08,35.5599,100,
10:09:08,35.5599,100,
10:09:09,35.56,100,
10:09:09,35.56,300,
10:09:09,35.5599,100,
10:09:09,35.5599,200,
10:09:09,35.5599,100,
10:09:09,35.5599,100,
10:09:09,35.5599,100,
10:09:12,35.5601,5000,
10:09:13,35.58,200,
10:09:13,35.60,300,
10:09:13,35.60,200,
10:09:14,35.58,100,
10:09:17,35.60,100,
10:09:17,35.60,100,
10:09:17,35.61,100,
10:09:17,35.60,100,
10:09:18,35.60,100,
10:09:20,35.59,100,
10:09:20,35.58,100,
10:09:20,35.5805,1000,
10:09:21,35.59,100,
10:09:22,35.57,600,
10:09:22,35.57,100,
10:09:24,35.6068,200,
10:09:24,35.60,100,
10:09:25,35.6199,300,
10:09:25,35.6199,300,
10:09:26,35.61,100,
10:09:27,35.61,100,
10:09:30,35.61,100,
10:09:30,35.6002,100,
10:09:32,35.6162,258,
10:09:32,35.609,100,
10:09:33,35.62,500,
10:09:34,35.5899,500,
10:09:38,35.5686,100,
10:09:38,35.5628,1000,
10:09:42,35.5699,100,
10:09:44,35.59,1900,
10:09:45,35.61,100,
10:09:45,35.61,100,
10:09:50,35.60,100,
10:09:52,35.5732,300,
10:09:55,35.58,500,
10:09:56,35.589,100,
10:09:57,35.588,800,
10:10:00,35.60,150,
10:10:00,35.62,300,
10:10:00,35.62,200,
10:10:00,35.61,100,
10:10:00,35.62,800,
10:10:01,35.61,100,
10:10:01,35.61,100,
10:10:01,35.62,250,
10:10:01,35.63,100,
10:10:01,35.62,100,
10:10:01,35.62,100,
10:10:02,35.609,100,
10:10:03,35.621,100,
10:10:04,35.6299,100,
10:10:05,35.64,100,
10:10:05,35.64,100,
10:10:06,35.60,100,
10:10:06,35.60,700,
10:10:07,35.59,100,
10:10:07,35.58,100,
10:10:07,35.58,200,
10:10:08,35.5699,100,
10:10:09,35.562,1000,
10:10:10,35.52,100,
10:10:11,35.52,100,
10:10:11,35.51,100,
10:10:12,35.52,100,
10:10:13,35.5199,280,
10:10:15,35.54,100,
10:10:18,35.56,100,
10:10:18,35.5665,100,
10:10:23,35.55,100,
10:10:23,35.55,100,
10:10:23,35.55,100,
10:10:27,35.552,1000,
10:10:29,35.5214,550,
10:10:29,35.54,100,
10:10:32,35.531,100,
10:10:33,35.5135,100,
10:10:33,35.53,200,
10:10:35,35.53,100,
10:10:35,35.5268,150,
10:10:38,35.5188,200,
10:10:38,35.5399,105,
10:10:39,35.5328,750,
10:10:39,35.541,300,
10:10:39,35.56,100,
10:10:40,35.5688,100,
10:10:41,35.54,4300,
10:10:44,35.56,100,
10:10:44,35.56,100,
10:10:46,35.57,100,
10:10:46,35.55,100,
10:10:55,35.56,100,
10:10:58,35.5002,550,
10:11:00,35.52,100,
10:11:01,35.531,350,
10:11:03,35.55,1600,
10:11:04,35.5116,150,
10:11:06,35.55,100,
10:11:08,35.57,100,
10:11:10,35.57,201,
10:11:10,35.57,100,
10:11:13,35.5612,110,
10:11:17,35.54,100,
10:11:17,35.55,100,
10:11:18,35.5502,700,
10:11:19,35.565,300,
10:11:20,35.57,600,
10:11:20,35.55,100,
10:11:20,35.55,1000,
10:11:23,35.53,5000,
10:11:24,35.54,100,
10:11:29,35.53,100,
10:11:29,35.53,750,
10:11:31,35.5195,200,
10:11:32,35.50,600,
10:11:35,35.49,400,
10:11:35,35.50,870,
10:11:36,35.50,500,
10:11:37,35.51,100,
10:11:42,35.57,100,
10:11:47,35.52,100,
10:11:50,35.53,100,
10:11:50,35.52,100,
10:11:50,35.5201,100,
10:11:53,35.53,100,
10:11:53,35.53,100,
10:11:54,35.52,100,
10:11:56,35.51,200,
10:11:56,35.508,800,
10:11:57,35.5401,100,
10:11:59,35.56,200,
10:11:59,35.56,100,
10:12:01,35.55,100,
10:12:01,35.55,100,
10:12:04,35.57,100,
10:12:04,35.5767,100,
10:12:06,35.56,643,
10:12:07,35.56,100,
10:12:10,35.53,100,
10:12:10,35.53,100,
10:12:12,35.55,100,
10:12:12,35.5395,100,
10:12:13,35.54,100,
10:12:14,35.54,100,
10:12:14,35.54,100,
10:12:14,35.55,100,
10:12:14,35.55,743,
10:12:14,35.55,100,
10:12:14,35.55,100,
10:12:14,35.56,100,
10:12:15,35.57,100,
10:12:15,35.57,100,
10:12:16,35.56,100,
10:12:17,35.58,100,
10:12:19,35.59,100,
10:12:19,35.60,200,
10:12:21,35.63,100,
10:12:21,35.61,200,
10:12:23,35.591,300,
10:12:23,35.59,500,
10:12:23,35.58,100,
10:12:24,35.56,1000,
10:12:24,35.591,300,
10:12:26,35.56,100,
10:12:30,35.60,200,
10:12:32,35.61,300,
10:12:32,35.61,100,
10:12:35,35.63,100,
10:12:35,35.63,200,
10:12:35,35.63,100,
10:12:36,35.65,200,
10:12:36,35.6499,100,
10:12:36,35.64,100,
10:12:36,35.63,1271,
10:12:38,35.65,200,
10:12:40,35.65,400,
10:12:40,35.65,1210,
10:12:40,35.65,235,
10:12:40,35.65,100,
10:12:40,35.6501,500,
10:12:42,35.67,100,
10:12:42,35.67,100,
10:12:43,35.6699,100,
10:12:43,35.67,100,
10:12:43,35.67,600,
10:12:44,35.64,800,
10:12:44,35.63,300,
10:12:45,35.6302,2000,
10:12:48,35.65,100,
10:12:48,35.6599,300,
10:12:50,35.6601,800,
10:12:53,35.68,100,
10:12:54,35.67,100,
10:12:54,35.6699,200,
10:12:56,35.671,400,
10:12:56,35.671,300,
10:12:56,35.63,1398,
10:12:57,35.65,100,
10:12:57,35.6499,200,
10:12:57,35.67,100,
10:12:57,35.66,100,
10:12:57,35.67,100,
10:12:58,35.68,100,
10:12:58,35.67,100,
10:12:59,35.6503,100,
10:12:59,35.651,400,
10:12:59,35.678,300,
10:12:59,35.66,100,
10:13:02,35.6401,1900,
10:13:03,35.66,400,
10:13:03,35.65,100,
10:13:04,35.63,277,
10:13:07,35.6399,200,
10:13:08,35.63,100,
10:13:08,35.63,100,
10:13:11,35.6544,1500,
10:13:13,35.6598,3000,
10:13:15,35.6686,1200,
10:13:17,35.668,300,
10:13:20,35.641,200,
10:13:21,35.65,100,
10:13:21,35.65,100,
10:13:23,35.6499,300,
10:13:23,35.6499,100,
10:13:23,35.65,100,
10:13:24,35.6405,800,
10:13:27,35.64,100,
10:13:28,35.64,400,
10:13:28,35.6401,800,
10:13:29,35.65,100,
10:13:29,35.66,100,
10:13:29,35.67,100,
10:13:29,35.68,100,
10:13:29,35.68,100,
10:13:30,35.68,100,
10:13:32,35.68,100,
10:13:32,35.69,300,
10:13:32,35.69,100,
10:13:32,35.69,1200,
10:13:32,35.69,100,
10:13:32,35.69,100,
10:13:32,35.70,500,
10:13:33,35.70,100,
10:13:33,35.73,200,
10:13:33,35.73,300,
10:13:33,35.73,100,
10:13:33,35.7498,1250,
10:13:33,35.699,500,
10:13:34,35.731,100,
10:13:34,35.73,3800,
10:13:34,35.74,300,
10:13:35,35.731,200,
10:13:35,35.731,200,
10:13:36,35.7301,402,
10:13:38,35.739,100,
10:13:38,35.7401,400,
10:13:40,35.7372,1000,
10:13:41,35.7301,1000,
10:13:41,35.74,100,
10:13:42,35.74,100,
10:13:43,35.72,800,
10:13:43,35.71,100,
10:13:43,35.70,200,
10:13:44,35.71,500,
10:13:45,35.7001,400,
10:13:47,35.706,300,
10:13:48,35.67,100,
10:13:48,35.67,200,
10:13:48,35.67,500,
10:13:48,35.65,587,
10:13:48,35.6572,1000,
10:13:49,35.6595,500,
10:13:50,35.6765,100,
10:13:50,35.679,600,
10:13:52,35.6662,1000,
10:13:54,35.6528,125,
10:13:54,35.65,100,
10:13:55,35.6384,500,
10:13:55,35.64,100,
10:13:56,35.6498,2100,
10:14:02,35.6201,300,
10:14:02,35.65,3700,
10:14:04,35.6462,250,
10:14:05,35.6375,2000,
10:14:06,35.6202,2000,
10:14:08,35.63,400,
10:14:08,35.62,600,
10:14:08,35.61,200,
10:14:08,35.61,100,
10:14:10,35.62,100,
10:14:10,35.6201,1000,
10:14:10,35.63,200,
10:14:10,35.6299,500,
10:14:12,35.6396,3000,
10:14:13,35.6397,100,
10:14:15,35.6295,100,
10:14:22,35.62,100,
10:14:23,35.63,200,
10:14:27,35.70,750,
10:14:27,35.708,1000,
10:14:28,35.6599,300,
10:14:28,35.6599,200,
10:14:28,35.6599,100,
10:14:29,35.67,1300,
10:14:35,35.63,100,
10:14:35,35.61,100,
10:14:35,35.62,100,
10:14:35,35.62,100,
10:14:38,35.60,100,
10:14:38,35.5901,100,
10:14:39,35.60,200,
10:14:45,35.59,100,
10:14:46,35.6098,650,
10:14:46,35.589,100,
10:14:51,35.65,100,
10:14:51,35.639,400,
10:14:51,35.64,200,
10:14:51,35.6399,900,
10:14:52,35.6368,665,
10:14:54,35.639,4800,
10:14:59,35.62,100,
10:15:00,35.62,100,
10:15:00,35.63,200,
10:15:00,35.64,300,
10:15:01,35.64,300,
10:15:02,35.64,100,
10:15:02,35.64,100,
10:15:04,35.63,400,
10:15:04,35.63,100,
10:15:06,35.64,400,
10:15:06,35.6412,1000,
10:15:07,35.6493,1600,
10:15:09,35.62,100,
10:15:15,35.64,200,
10:15:15,35.638,1000,
10:15:19,35.66,100,
10:15:23,35.62,500,
10:15:23,35.639,600,
10:15:23,35.6214,1000,
10:15:24,35.6312,100,
10:15:31,35.64,100,
10:15:31,35.64,100,
10:15:31,35.64,200,
10:15:31,35.60,100,
10:15:33,35.61,100,
10:15:33,35.61,100,
10:15:34,35.58,289,
10:15:35,35.56,100,
10:15:41,35.6098,500,
10:15:45,35.5695,325,
10:15:49,35.54,100,
10:15:50,35.54,100,
10:15:50,35.54,300,
10:15:50,35.5399,300,
10:15:52,35.55,100,
10:15:54,35.549,100,
10:15:54,35.55,200,
10:15:55,35.5364,200,
10:15:58,35.53,100,
10:15:58,35.52,100,
10:15:58,35.52,100,
10:15:59,35.51,100,
10:15:59,35.50,160,
10:15:59,35.52,500,
10:16:00,35.51,100,
10:16:00,35.51,200,
10:16:01,35.50,100,
10:16:01,35.50,100,
10:16:01,35.50,400,
10:16:01,35.50,100,
10:16:01,35.50,100,
10:16:01,35.46,300,
10:16:01,35.45,100,
10:16:01,35.48,100,
10:16:01,35.48,100,
10:16:01,35.46,7450,
10:16:01,35.48,100,
10:16:01,35.51,2300,
10:16:02,35.48,100,
10:16:02,35.45,100,
10:16:04,35.41,100,
10:16:04,35.41,300,
10:16:04,35.40,600,
10:16:04,35.40,100,
10:16:04,35.4035,100,
10:16:04,35.4101,500,
10:16:07,35.40,100,
10:16:07,35.41,400,
10:16:08,35.4099,100,
10:16:09,35.4002,100,
10:16:09,35.4002,100,
10:16:09,35.4071,100,
10:16:09,35.4099,200,
10:16:09,35.41,100,
10:16:09,35.4099,100,
10:16:09,35.41,100,
10:16:09,35.42,100,
10:16:09,35.42,100,
10:16:09,35.43,100,
10:16:10,35.41,6500,
10:16:11,35.41,100,
10:16:11,35.42,700,
10:16:12,35.4199,300,
10:16:13,35.41,100,
10:16:15,35.4199,1000,
10:16:16,35.40,3900,
10:16:16,35.40,575,
10:16:16,35.40,2275,
10:16:16,35.37,200,
10:16:17,35.37,400,
10:16:17,35.37,100,
10:16:17,35.37,675,
10:16:17,35.39,100,
10:16:17,35.3814,1000,
10:16:18,35.3799,100,
10:16:19,35.38,100,
10:16:19,35.37,100,
10:16:19,35.37,200,
10:16:19,35.3701,200,
10:16:19,35.3888,500,
10:16:20,35.3886,1000,
10:16:20,35.39,915,
10:16:23,35.40,200,
10:16:23,35.385,7001,
10:16:27,35.37,100,
10:16:27,35.35,500,
10:16:28,35.37,100,
10:16:31,35.40,1000,
10:16:32,35.42,100,
10:16:32,35.4133,100,
10:16:35,35.41,100,
10:16:36,35.401,500,
10:16:39,35.4399,100,
10:16:40,35.458,300,
10:16:41,35.4499,100,
10:16:46,35.4372,500,
10:16:47,35.41,100,
10:16:49,35.4288,500,
10:16:51,35.43,100,
10:16:51,35.44,100,
10:16:51,35.44,100,
10:16:52,35.455,100,
10:16:52,35.43,100,
10:16:52,35.43,700,
10:16:53,35.43,100,
10:16:56,35.4288,100,
10:16:57,35.43,100,
10:16:58,35.4476,100,
10:16:58,35.422,405,
10:16:59,35.4401,800,
10:17:01,35.46,1271,
10:17:09,35.4612,700,
10:17:11,35.51,100,
10:17:12,35.50,100,
10:17:15,35.5001,100,
10:17:15,35.49,100,
10:17:18,35.50,200,
10:17:27,35.4802,300,
10:17:27,35.4802,300,
10:17:29,35.501,283,
10:17:29,35.52,200,
10:17:31,35.529,500,
10:17:31,35.529,500,
10:17:38,35.5199,600,
10:17:38,35.53,100,
10:17:38,35.54,5500,
10:17:42,35.53,100,
10:17:44,35.5268,485,
10:17:46,35.5101,100,
10:17:47,35.49,100,
10:17:47,35.49,100,
10:17:48,35.5001,100,
10:17:49,35.4984,490,
10:17:54,35.473,200,
10:17:59,35.48,100,
10:17:59,35.46,100,
10:18:04,35.45,200,
10:18:05,35.44,200,
10:18:06,35.46,100,
10:18:06,35.4499,200,
10:18:06,35.46,100,
10:18:06,35.4598,1400,
10:18:06,35.46,5100,
10:18:07,35.46,100,
10:18:09,35.46,100,
10:18:11,35.46,100,
10:18:13,35.46,600,
10:18:14,35.4678,100,
10:18:15,35.46,100,
10:18:15,35.456,300,
10:18:17,35.45,100,
10:18:17,35.47,300,
10:18:20,35.48,100,
10:18:20,35.48,100,
10:18:20,35.49,100,
10:18:20,35.50,100,
10:18:22,35.50,100,
10:18:22,35.4999,100,
10:18:22,35.4972,400,
10:18:24,35.50,100,
10:18:25,35.51,100,
10:18:25,35.5068,300,
10:18:29,35.529,100,
10:18:36,35.53,100,
10:18:36,35.51,100,
10:18:36,35.51,1400,
10:18:36,35.55,200,
10:18:36,35.56,100,
10:18:36,35.56,200,
10:18:36,35.56,300,
10:18:36,35.56,1100,
10:18:37,35.57,100,
10:18:37,35.51,100,
10:18:37,35.59,100,
10:18:37,35.59,100,
10:18:37,35.59,100,
10:18:38,35.60,100,
10:18:38,35.61,100,
10:18:38,35.59,100,
10:18:38,35.59,100,
10:18:38,35.61,100,
10:18:38,35.62,100,
10:18:39,35.60,100,
10:18:40,35.61,100,
10:18:40,35.61,100,
10:18:40,35.61,100,
10:18:40,35.61,100,
10:18:40,35.61,100,
10:18:40,35.61,100,
10:18:41,35.6099,400,
10:18:41,35.61,100,
10:18:41,35.61,100,
10:18:42,35.629,100,
10:18:44,35.61,100,
10:18:44,35.62,100,
10:18:44,35.63,400,
10:18:44,35.63,100,
10:18:44,35.63,500,
10:18:45,35.6298,100,
10:18:46,35.64,100,
10:18:46,35.6399,500,
10:18:46,35.64,100,
10:18:47,35.638,300,
10:18:48,35.6301,400,
10:18:49,35.64,300,
10:18:49,35.64,100,
10:18:51,35.61,1000,
10:18:54,35.60,100,
10:18:56,35.63,200,
10:18:56,35.63,100,
10:18:56,35.62,100,
10:18:56,35.6201,100,
10:18:59,35.64,550,
10:19:04,35.6286,500,
10:19:04,35.629,300,
10:19:09,35.6301,300,
10:19:09,35.6301,400,
10:19:10,35.67,500,
10:19:11,35.68,100,
10:19:19,35.63,100,
10:19:19,35.63,400,
10:19:19,35.62,100,
10:19:19,35.61,100,
10:19:19,35.602,1000,
10:19:21,35.58,500,
10:19:24,35.66,100,
10:19:25,35.65,100,
10:19:27,35.635,1000,
10:19:32,35.6201,240,
10:19:35,35.67,100,
10:19:35,35.68,100,
10:19:35,35.70,100,
10:19:35,35.70,100,
10:19:35,35.70,100,
10:19:35,35.70,100,
10:19:36,35.72,100,
10:19:37,35.71,100,
10:19:37,35.72,200,
10:19:38,35.7124,622,
10:19:38,35.71,100,
10:19:38,35.71,100,
10:19:39,35.7099,230,
10:19:39,35.70,100,
10:19:39,35.70,100,
10:19:39,35.6801,1600,
10:19:42,35.701,100,
10:19:42,35.701,100,
10:19:42,35.70,1600,
10:19:43,35.70,100,
10:19:43,35.71,100,
10:19:43,35.74,300,
10:19:43,35.73,100,
10:19:43,35.73,100,
10:19:44,35.73,100,
10:19:44,35.73,100,
10:19:44,35.73,400,
10:19:44,35.73,100,
10:19:45,35.75,2000,
10:19:47,35.75,1000,
10:19:47,35.749,1300,
10:19:48,35.75,4000,
10:19:48,35.75,1000,
10:19:49,35.76,125,
10:19:49,35.7499,200,
10:19:50,35.75,100,
10:19:50,35.74,900,
10:19:50,35.749,600,
10:19:50,35.75,1100,
10:19:52,35.7468,500,
10:19:52,35.7425,2000,
10:19:55,35.75,100,
10:19:56,35.75,100,
10:19:58,35.77,300,
10:19:58,35.77,100,
10:20:00,35.7799,100,
10:20:00,35.779,700,
10:20:00,35.78,100,
10:20:00,35.78,500,
10:20:02,35.779,100,
10:20:02,35.78,100,
10:20:02,35.779,2800,
10:20:03,35.76,500,
10:20:03,35.75,100,
10:20:03,35.75,100,
10:20:05,35.779,3200,
10:20:05,35.74,100,
10:20:06,35.739,100,
10:20:06,35.74,100,
10:20:09,35.739,200,
10:20:09,35.739,200,
10:20:10,35.709,300,
10:20:10,35.709,300,
10:20:11,35.708,200,
10:20:15,35.72,500,
10:20:16,35.70,150,
10:20:18,35.69,100,
10:20:18,35.68,100,
10:20:19,35.67,100,
10:20:20,35.68,100,
10:20:20,35.69,100,
10:20:20,35.67,100,
10:20:21,35.69,500,
10:20:23,35.66,1500,
10:20:25,35.679,100,
10:20:26,35.68,300,
10:20:31,35.68,100,
10:20:34,35.71,100,
10:20:35,35.7086,1000,
10:20:38,35.689,200,
10:20:40,35.68,100,
10:20:40,35.6768,575,
10:20:43,35.67,100,
10:20:43,35.68,100,
10:20:47,35.66,100,
10:20:54,35.68,100,
10:20:55,35.70,100,
10:20:57,35.70,100,
10:20:58,35.69,100,
10:21:00,35.6976,100,
10:21:01,35.6999,300,
10:21:09,35.70,100,
10:21:09,35.70,800,
10:21:14,35.7001,100,
10:21:15,35.70,100,
10:21:15,35.70,100,
10:21:16,35.70,100,
10:21:16,35.70,100,
10:21:16,35.70,100,
10:21:16,35.71,100,
10:21:17,35.71,100,
10:21:19,35.70,100,
10:21:19,35.71,100,
10:21:21,35.72,100,
10:21:23,35.71,100,
10:21:23,35.7084,200,
10:21:27,35.6916,200,
10:21:27,35.71,100,
10:21:27,35.71,100,
10:21:27,35.71,400,
10:21:27,35.72,100,
10:21:27,35.72,100,
10:21:28,35.72,100,
10:21:30,35.73,100,
10:21:32,35.729,100,
10:21:33,35.74,100,
10:21:34,35.7485,100,
10:21:34,35.749,700,
10:21:34,35.749,400,
10:21:35,35.749,2600,
10:21:36,35.75,100,
10:21:36,35.7486,700,
10:21:36,35.75,100,
10:21:38,35.741,200,
10:21:38,35.75,300,
10:21:39,35.76,200,
10:21:39,35.75,100,
10:21:39,35.77,100,
10:21:40,35.77,100,
10:21:40,35.7776,100,
10:21:40,35.779,200,
10:21:40,35.7712,1000,
10:21:40,35.771,200,
10:21:40,35.776,100,
10:21:41,35.77,100,
10:21:42,35.76,100,
10:21:43,35.75,200,
10:21:45,35.77,100,
10:21:46,35.76,100,
10:21:47,35.7612,100,
10:21:47,35.76,100,
10:21:49,35.78,100,
10:21:50,35.78,300,
10:21:50,35.78,100,
10:21:51,35.79,100,
10:21:51,35.78,100,
10:21:51,35.7899,200,
10:21:52,35.79,100,
10:21:52,35.77,100,
10:21:52,35.76,100,
10:21:52,35.77,100,
10:21:52,35.7736,400,
10:21:53,35.78,100,
10:21:53,35.78,200,
10:21:56,35.7799,328,
10:22:00,35.77,100,
10:22:04,35.7858,100,
10:22:04,35.7895,600,
10:22:05,35.761,800,
10:22:05,35.76,2400,
10:22:08,35.80,800,
10:22:10,35.78,100,
10:22:10,35.78,100,
10:22:10,35.7798,2500,
10:22:13,35.78,400,
10:22:16,35.78,200,
10:22:16,35.78,100,
10:22:17,35.78,100,
10:22:17,35.79,100,
10:22:17,35.80,100,
10:22:17,35.80,100,
10:22:17,35.80,200,
10:22:17,35.80,100,
10:22:17,35.79,100,
10:22:18,35.80,100,
10:22:18,35.80,200,
10:22:18,35.80,100,
10:22:18,35.80,200,
10:22:18,35.80,300,
10:22:18,35.80,1000,
10:22:18,35.80,200,
10:22:18,35.761,1000,
10:22:19,35.78,400,
10:22:19,35.78,100,
10:22:20,35.77,100,
10:22:22,35.7901,1000,
10:22:24,35.78,200,
10:22:28,35.80,100,
10:22:28,35.80,3500,
10:22:28,35.80,1000,
10:22:28,35.7999,100,
10:22:28,35.7999,100,
10:22:28,35.7999,1000,
10:22:28,35.7999,100,
10:22:28,35.7999,100,
10:22:28,35.80,100,
10:22:28,35.7999,100,
10:22:28,35.7999,100,
10:22:28,35.7902,100,
10:22:28,35.79,100,
10:22:28,35.79,100,
10:22:28,35.79,100,
10:22:28,35.7999,100,
10:22:29,35.7999,100,
10:22:29,35.7999,100,
10:22:29,35.81,484,
10:22:30,35.82,150,
10:22:36,35.77,500,
10:22:36,35.77,100,
10:22:36,35.779,680,
10:22:37,35.76,100,
10:22:38,35.75,1000,
10:22:39,35.75,600,
10:22:39,35.718,100,
10:22:43,35.68,100,
10:22:43,35.67,100,
10:22:43,35.66,300,
10:22:44,35.68,100,
10:22:45,35.7002,6000,
10:22:46,35.714,100,
10:22:47,35.7199,100,
10:22:48,35.711,200,
10:22:53,35.67,100,
10:22:55,35.67,100,
10:23:00,35.6732,200,
10:23:08,35.65,700,
10:23:08,35.65,100,
10:23:08,35.64,100,
10:23:09,35.64,200,
10:23:10,35.63,100,
10:23:10,35.65,100,
10:23:10,35.66,100,
10:23:11,35.6546,100,
10:23:11,35.65,500,
10:23:11,35.6505,500,
10:23:23,35.662,100,
10:23:27,35.699,100,
10:23:30,35.68,100,
10:23:31,35.67,100,
10:23:34,35.69,100,
10:23:34,35.70,100,
10:23:34,35.72,600,
10:23:34,35.72,100,
10:23:34,35.73,300,
10:23:34,35.73,506,
10:23:36,35.77,100,
10:23:36,35.77,100,
10:23:36,35.77,100,
10:23:36,35.77,200,
10:23:36,35.7699,100,
10:23:36,35.7699,100,
10:23:36,35.7699,200,
10:23:36,35.7699,100,
10:23:37,35.7412,100,
10:23:37,35.74,100,
10:23:37,35.74,100,
10:23:38,35.751,100,
10:23:38,35.7599,1140,
10:23:38,35.75,100,
10:23:39,35.74,100,
10:23:39,35.73,100,
10:23:39,35.72,100,
10:23:39,35.71,100,
10:23:39,35.71,100,
10:23:40,35.73,200,
10:23:40,35.7193,100,
10:23:41,35.72,800,
10:23:43,35.7019,300,
10:23:43,35.75,100,
10:23:49,35.71,100,
10:23:55,35.72,100,
10:23:55,35.74,100,
10:23:58,35.73,100,
10:23:59,35.731,100,
10:24:00,35.731,100,
10:24:00,35.731,4300,
10:24:01,35.731,100,
10:24:07,35.73,100,
10:24:07,35.7301,600,
10:24:08,35.7101,100,
10:24:12,35.70,100,
10:24:14,35.67,100,
10:24:16,35.662,200,
10:24:18,35.7016,100,
10:24:22,35.7286,840,
10:24:24,35.71,100,
10:24:24,35.72,100,
10:24:26,35.74,100,
10:24:27,35.73,800,
10:24:27,35.73,200,
10:24:28,35.741,100,
10:24:29,35.733,100,
10:24:29,35.7303,100,
10:24:29,35.731,200,
10:24:31,35.7501,100,
10:24:32,35.7568,300,
10:24:35,35.7588,200,
10:24:35,35.74,100,
10:24:35,35.75,100,
10:24:36,35.76,897,
10:24:41,35.7114,500,
10:24:45,35.74,200,
10:24:48,35.734,200,
10:24:55,35.74,100,
10:24:56,35.7502,300,
10:24:56,35.7502,300,
10:24:56,35.7564,250,
10:24:57,35.77,100,
10:25:00,35.74,200,
10:25:04,35.74,100,
10:25:05,35.74,100,
10:25:05,35.73,160,
10:25:05,35.72,932,
10:25:07,35.7362,100,
10:25:14,35.7425,1750,
10:25:15,35.74,900,
10:25:15,35.73,100,
10:25:21,35.7328,1000,
10:25:21,35.7175,701,
10:25:21,35.7175,100,
10:25:27,35.6695,500,
10:25:28,35.66,100,
10:25:29,35.68,100,
10:25:29,35.68,100,
10:25:34,35.70,100,
10:25:35,35.70,100,
10:25:36,35.679,2000,
10:25:37,35.71,100,
10:25:37,35.71,200,
10:25:39,35.68,200,
10:25:42,35.6962,100,
10:25:44,35.73,100,
10:25:46,35.75,100,
10:25:46,35.7499,100,
10:25:46,35.75,500,
10:25:47,35.76,100,
10:25:47,35.76,100,
10:25:49,35.74,100,
10:25:54,35.74,100,
10:25:55,35.7499,900,
10:25:56,35.7488,1000,
10:25:58,35.78,100,
10:26:03,35.79,100,
10:26:03,35.771,150,
10:26:04,35.79,100,
10:26:04,35.80,100,
10:26:04,35.82,200,
10:26:04,35.82,100,
10:26:04,35.8199,200,
10:26:04,35.83,744,
10:26:04,35.8268,200,
10:26:05,35.8293,100,
10:26:06,35.82,100,
10:26:07,35.8234,100,
10:26:08,35.819,100,
10:26:09,35.83,500,
10:26:09,35.8299,2000,
10:26:10,35.82,700,
10:26:15,35.81,100,
10:26:16,35.7999,300,
10:26:18,35.76,100,
10:26:19,35.75,3700,
10:26:19,35.7616,100,
10:26:21,35.74,100,
10:26:22,35.74,100,
10:26:26,35.7566,100,
10:26:26,35.7596,100,
10:26:29,35.7386,1000,
10:26:34,35.7201,720,
10:26:37,35.724,600,
10:26:40,35.72,100,
10:26:42,35.738,300,
10:26:44,35.71,100,
10:26:45,35.71,100,
10:26:45,35.7101,100,
10:26:45,35.7168,123,
10:26:48,35.71,100,
10:26:48,35.70,100,
10:26:48,35.70,100,
10:26:48,35.69,100,
10:26:48,35.67,100,
10:26:48,35.67,100,
10:26:48,35.67,100,
10:26:48,35.67,168,
10:26:51,35.6611,100,
10:26:51,35.661,200,
10:26:52,35.67,500,
10:26:52,35.665,100,
10:26:58,35.67,100,
10:26:58,35.6701,100,
10:26:58,35.6701,100,
10:27:00,35.66,100,
10:27:00,35.65,100,
10:27:00,35.6501,100,
10:27:01,35.64,200,
10:27:05,35.6501,725,
10:27:10,35.6681,100,
10:27:11,35.65,100,
10:27:12,35.60,100,
10:27:12,35.60,100,
10:27:12,35.5973,100,
10:27:13,35.61,100,
10:27:13,35.62,100,
10:27:14,35.63,100,
10:27:15,35.59,100,
10:27:16,35.61,800,
10:27:18,35.61,400,
10:27:21,35.5999,300,
10:27:21,35.5999,300,
10:27:21,35.59,100,
10:27:21,35.5901,100,
10:27:21,35.5916,100,
10:27:22,35.60,100,
10:27:23,35.59,100,
10:27:23,35.5999,600,
10:27:23,35.58,213,
10:27:24,35.60,100,
10:27:25,35.60,100,
10:27:25,35.6001,100,
10:27:25,35.6001,100,
10:27:28,35.58,300,
10:27:30,35.60,100,
10:27:30,35.60,1000,
10:27:30,35.61,100,
10:27:31,35.6199,100,
10:27:31,35.62,100,
10:27:36,35.61,100,
10:27:36,35.59,100,
10:27:40,35.6201,200,
10:27:44,35.6016,500,
10:27:45,35.60,100,
10:27:50,35.57,100,
10:27:50,35.57,100,
10:27:50,35.57,100,
10:27:57,35.60,300,
10:27:57,35.60,100,
10:27:57,35.59,100,
10:27:57,35.59,100,
10:27:57,35.57,100,
10:27:57,35.56,100,
10:27:58,35.55,200,
10:27:58,35.55,300,
10:27:58,35.57,200,
10:27:58,35.531,1400,
10:27:58,35.531,1500,
10:28:00,35.5295,100,
10:28:00,35.5414,500,
10:28:00,35.5373,100,
10:28:01,35.53,700,
10:28:01,35.53,100,
10:28:01,35.53,100,
10:28:01,35.53,100,
10:28:01,35.538,600,
10:28:01,35.5199,140,
10:28:01,35.5002,6000,
10:28:02,35.51,100,
10:28:03,35.50,1000,
10:28:05,35.51,100,
10:28:05,35.49,100,
10:28:05,35.48,100,
10:28:05,35.47,500,
10:28:07,35.50,100,
10:28:07,35.52,100,
10:28:07,35.52,400,
10:28:08,35.54,4100,
10:28:09,35.56,100,
10:28:09,35.58,100,
10:28:09,35.58,100,
10:28:09,35.57,100,
10:28:09,35.58,400,
10:28:12,35.57,1000,
10:28:13,35.55,4500,
10:28:16,35.5512,300,
10:28:17,35.57,100,
10:28:20,35.576,100,
10:28:20,35.5786,1000,
10:28:21,35.578,500,
10:28:25,35.562,300,
10:28:27,35.55,500,
10:28:27,35.56,100,
10:28:28,35.561,100,
10:28:28,35.561,100,
10:28:29,35.5744,1000,
10:28:30,35.562,600,
10:28:32,35.58,100,
10:28:32,35.57,100,
10:28:37,35.5614,500,
10:28:38,35.56,100,
10:28:38,35.55,300,
10:28:38,35.55,100,
10:28:38,35.54,100,
10:28:38,35.51,100,
10:28:42,35.53,100,
10:28:43,35.55,100,
10:28:46,35.541,650,
10:28:46,35.57,200,
10:28:46,35.58,100,
10:28:49,35.60,200,
10:28:49,35.62,200,
10:28:49,35.6199,1600,
10:28:50,35.6093,2000,
10:28:51,35.5999,300,
10:28:51,35.5999,300,
10:28:52,35.5999,100,
10:29:00,35.6001,200,
10:29:02,35.60,100,
10:29:04,35.592,250,
10:29:06,35.61,100,
10:29:09,35.6086,1200,
10:29:14,35.57,600,
10:29:15,35.56,100,
10:29:15,35.56,413,
10:29:15,35.56,3687,
10:29:15,35.56,100,
10:29:15,35.55,980,
10:29:16,35.5595,150,
10:29:18,35.5314,500,
10:29:23,35.58,100,
10:29:27,35.5772,900,
10:29:32,35.56,100,
10:29:37,35.5884,550,
10:29:39,35.5628,1200,
10:29:44,35.56,100,
10:29:44,35.56,100,
10:29:45,35.5401,100,
10:29:46,35.53,100,
10:29:46,35.51,100,
10:29:47,35.50,100,
10:29:47,35.50,100,
10:29:48,35.54,600,
10:29:51,35.53,100,
10:29:51,35.53,100,
10:29:51,35.54,200,
10:29:52,35.55,400,
10:29:52,35.55,100,
10:29:54,35.5681,100,
10:29:59,35.53,500,
10:30:03,35.50,100,
10:30:04,35.51,100,
10:30:04,35.51,100,
10:30:06,35.48,850,
10:30:07,35.48,200,
10:30:08,35.47,100,
10:30:08,35.47,500,
10:30:08,35.46,100,
10:30:08,35.46,100,
10:30:08,35.47,100,
10:30:08,35.45,100,
10:30:08,35.4599,300,
10:30:09,35.47,100,
10:30:09,35.4699,300,
10:30:12,35.49,1500,
10:30:13,35.5001,100,
10:30:19,35.52,100,
10:30:25,35.5288,250,
10:30:27,35.55,100,
10:30:28,35.55,1176,
10:30:30,35.5659,100,
10:30:30,35.5595,500,
10:30:35,35.57,100,
10:30:36,35.58,100,
10:30:44,35.53,100,
10:30:46,35.528,200,
10:31:03,35.5784,220,
10:31:08,35.58,100,
10:31:08,35.60,100,
10:31:08,35.61,100,
10:31:08,35.61,100,
10:31:08,35.61,100,
10:31:08,35.61,100,
10:31:08,35.63,100,
10:31:08,35.63,100,
10:31:08,35.63,500,
10:31:08,35.63,100,
10:31:08,35.63,100,
10:31:08,35.62,100,
10:31:08,35.63,100,
10:31:08,35.63,100,
10:31:10,35.6312,900,
10:31:11,35.63,100,
10:31:20,35.626,300,
10:31:24,35.6235,300,
10:31:25,35.629,200,
10:31:28,35.63,500,
10:31:28,35.606,300,
10:31:31,35.61,100,
10:31:32,35.62,500,
10:31:33,35.59,100,
10:31:33,35.57,300,
10:31:33,35.57,100,
10:31:42,35.60,100,
10:31:45,35.61,100,
10:31:45,35.61,100,
10:31:45,35.6101,300,
10:31:54,35.63,100,
10:31:54,35.64,400,
10:31:54,35.62,100,
10:31:54,35.62,100,
10:31:54,35.62,200,
10:31:54,35.60,100,
10:31:54,35.60,100,
10:31:56,35.61,100,
10:32:00,35.66,100,
10:32:00,35.6601,100,
10:32:04,35.6262,100,
10:32:12,35.645,3000,
10:32:14,35.62,100,
10:32:16,35.64,100,
10:32:16,35.63,100,
10:32:24,35.60,100,
10:32:35,35.6199,300,
10:32:40,35.59,980,
10:32:42,35.6212,1000,
10:32:42,35.64,100,
10:32:42,35.65,100,
10:32:42,35.65,500,
10:32:50,35.61,100,
10:32:50,35.63,100,
10:32:53,35.62,100,
10:32:57,35.62,100,
10:32:57,35.62,100,
10:32:57,35.63,100,
10:32:59,35.6532,100,
10:33:00,35.6599,100,
10:33:02,35.6384,500,
10:33:09,35.6386,740,
10:33:18,35.6519,300,
10:33:28,35.64,200,
10:33:29,35.6432,188,
10:33:32,35.6399,300,
10:33:33,35.65,100,
10:33:34,35.6705,1000,
10:33:36,35.676,205,
10:33:37,35.659,100,
10:33:38,35.6699,100,
10:33:38,35.6798,200,
10:33:38,35.68,100,
10:33:38,35.66,100,
10:33:40,35.68,100,
10:33:41,35.658,200,
10:33:43,35.67,100,
10:33:46,35.6684,300,
10:33:47,35.66,100,
10:33:47,35.63,100,
10:33:47,35.63,400,
10:33:51,35.63,100,
10:33:53,35.60,500,
10:33:54,35.581,200,
10:34:00,35.60,100,
10:34:01,35.5821,100,
10:34:01,35.58,100,
10:34:02,35.5916,300,
10:34:14,35.608,100,
10:34:15,35.62,100,
10:34:15,35.62,100,
10:34:15,35.62,100,
10:34:23,35.613,125,
10:34:27,35.61,100,
10:34:33,35.58,100,
10:34:35,35.60,100,
10:34:35,35.60,100,
10:34:37,35.61,100,
10:34:37,35.60,100,
10:34:38,35.6048,205,
10:34:43,35.57,100,
10:34:45,35.60,100,
10:34:53,35.60,100,
10:34:53,35.60,100,
10:34:53,35.58,100,
10:34:58,35.56,100,
10:35:04,35.56,100,
10:35:05,35.54,100,
10:35:09,35.54,100,
10:35:09,35.54,100,
10:35:09,35.54,300,
10:35:12,35.54,600,
10:35:16,35.53,100,
10:35:21,35.55,100,
10:35:26,35.51,100,
10:35:26,35.50,2600,
10:35:26,35.50,200,
10:35:26,35.50,1000,
10:35:26,35.495,100,
10:35:27,35.50,100,
10:35:29,35.49,200,
10:35:30,35.53,100,
10:35:31,35.5046,100,
10:35:31,35.501,600,
10:35:32,35.51,100,
10:35:33,35.51,4200,
10:35:33,35.51,800,
10:35:36,35.5202,100,
10:35:36,35.521,700,
10:35:37,35.57,100,
10:35:37,35.55,100,
10:35:37,35.55,400,
10:35:37,35.56,100,
10:35:37,35.56,400,
10:35:37,35.55,100,
10:35:37,35.55,100,
10:35:38,35.52,2900,
10:35:39,35.60,100,
10:35:39,35.61,100,
10:35:45,35.59,100,
10:35:50,35.62,100,
10:35:53,35.6086,1200,
10:35:55,35.61,100,
10:35:55,35.62,400,
10:35:57,35.61,100,
10:35:57,35.61,100,
10:35:58,35.56,100,
10:35:59,35.57,100,
10:35:59,35.57,100,
10:35:59,35.57,100,
10:35:59,35.57,100,
10:36:07,35.589,720,
10:36:11,35.61,100,
10:36:11,35.61,100,
10:36:12,35.6008,100,
10:36:12,35.6034,100,
10:36:15,35.61,100,
10:36:15,35.61,100,
10:36:18,35.60,100,
10:36:21,35.58,100,
10:36:21,35.59,100,
10:36:21,35.5705,100,
10:36:21,35.5704,100,
10:36:21,35.5703,100,
10:36:21,35.57,100,
10:36:22,35.59,100,
10:36:24,35.60,100,
10:36:29,35.65,800,
10:36:29,35.65,100,
10:36:30,35.64,100,
10:36:31,35.66,366,
10:36:31,35.66,100,
10:36:43,35.67,100,
10:36:43,35.6716,270,
10:36:44,35.66,100,
10:36:49,35.6801,100,
10:36:49,35.6885,150,
10:36:49,35.67,100,
10:36:49,35.67,200,
10:36:52,35.6772,1000,
10:36:54,35.649,100,
10:36:55,35.67,100,
10:37:00,35.67,100,
10:37:00,35.66,4800,
10:37:03,35.66,100,
10:37:03,35.66,100,
10:37:04,35.68,100,
10:37:04,35.69,200,
10:37:05,35.6919,450,
10:37:05,35.69,800,
10:37:05,35.69,100,
10:37:07,35.70,200,
10:37:07,35.70,100,
10:37:07,35.70,100,
10:37:07,35.70,100,
10:37:07,35.70,100,
10:37:07,35.71,100,
10:37:08,35.71,100,
10:37:09,35.6999,100,
10:37:10,35.70,100,
10:37:10,35.7099,1800,
10:37:12,35.70,100,
10:37:12,35.699,500,
10:37:13,35.701,800,
10:37:14,35.69,300,
10:37:15,35.7099,300,
10:37:16,35.7084,100,
10:37:16,35.7003,100,
10:37:18,35.70,100,
10:37:23,35.72,200,
10:37:23,35.72,100,
10:37:23,35.72,200,
10:37:23,35.72,100,
10:37:26,35.6932,270,
10:37:33,35.73,100,
10:37:35,35.7201,500,
10:37:35,35.71,2400,
10:37:35,35.7158,100,
10:37:35,35.739,500,
10:37:38,35.7298,300,
10:37:38,35.7299,200,
10:37:40,35.7184,300,
10:37:41,35.73,100,
10:37:41,35.70,100,
10:37:41,35.70,100,
10:37:42,35.6899,1000,
10:37:47,35.70,100,
10:37:59,35.679,100,
10:38:00,35.64,100,
10:38:01,35.64,100,
10:38:13,35.70,100,
10:38:15,35.69,100,
10:38:16,35.70,100,
10:38:17,35.70,100,
10:38:26,35.678,800,
10:38:30,35.67,100,
10:38:32,35.69,100,
10:38:32,35.68,100,
10:38:32,35.68,100,
10:38:38,35.6999,100,
10:38:40,35.6999,100,
10:38:40,35.6999,100,
10:38:41,35.71,1600,
10:38:53,35.71,200,
10:38:53,35.71,1800,
10:38:58,35.6901,400,
10:39:00,35.70,100,
10:39:04,35.71,100,
10:39:05,35.702,390,
10:39:05,35.73,100,
10:39:05,35.73,100,
10:39:05,35.73,200,
10:39:05,35.73,200,
10:39:05,35.7116,500,
10:39:06,35.73,100,
10:39:06,35.75,300,
10:39:06,35.75,100,
10:39:06,35.75,100,
10:39:06,35.75,200,
10:39:06,35.75,100,
10:39:08,35.74,100,
10:39:12,35.7672,700,
10:39:13,35.78,100,
10:39:13,35.77,100,
10:39:14,35.75,400,
10:39:14,35.75,100,
10:39:15,35.74,500,
10:39:15,35.74,200,
10:39:16,35.75,100,
10:39:17,35.77,100,
10:39:18,35.7798,2000,
10:39:21,35.7598,100,
10:39:21,35.76,100,
10:39:24,35.7568,500,
10:39:27,35.74,100,
10:39:27,35.73,100,
10:39:29,35.73,100,
10:39:29,35.73,100,
10:39:29,35.73,100,
10:39:30,35.72,100,
10:39:31,35.7102,250,
10:39:32,35.7268,100,
10:39:36,35.738,200,
10:39:41,35.7086,500,
10:39:42,35.6999,100,
10:39:42,35.71,100,
10:39:42,35.71,300,
10:39:43,35.69,100,
10:39:43,35.67,100,
10:39:43,35.66,100,
10:39:43,35.66,100,
10:39:43,35.66,100,
10:39:43,35.67,100,
10:39:43,35.66,100,
10:39:43,35.66,100,
10:39:43,35.66,100,
10:39:43,35.66,100,
10:39:45,35.625,1700,
10:39:45,35.64,100,
10:39:45,35.65,100,
10:39:48,35.6299,100,
10:39:50,35.64,100,
10:39:50,35.64,100,
10:39:52,35.661,300,
10:39:52,35.661,400,
10:39:55,35.66,100,
10:39:55,35.66,400,
10:39:55,35.66,100,
10:39:55,35.66,100,
10:39:55,35.69,100,
10:39:55,35.69,400,
10:39:55,35.68,100,
10:40:05,35.65,100,
10:40:06,35.64,1500,
10:40:08,35.6768,200,
10:40:11,35.6834,122,
10:40:16,35.7088,200,
10:40:17,35.70,100,
10:40:22,35.69,100,
10:40:23,35.69,100,
10:40:23,35.68,100,
10:40:23,35.68,100,
10:40:23,35.68,100,
10:40:23,35.68,300,
10:40:23,35.69,100,
10:40:24,35.69,100,
10:40:26,35.70,1973,
10:40:27,35.73,100,
10:40:27,35.73,100,
10:40:27,35.75,100,
10:40:27,35.73,200,
10:40:27,35.73,200,
10:40:27,35.75,100,
10:40:27,35.74,100,
10:40:27,35.74,100,
10:40:27,35.7416,300,
10:40:32,35.73,100,
10:40:34,35.70,100,
10:40:38,35.74,100,
10:40:43,35.7262,100,
10:40:44,35.72,700,
10:40:44,35.72,100,
10:40:45,35.72,1300,
10:40:48,35.73,100,
10:40:53,35.736,200,
10:40:56,35.70,100,
10:40:59,35.701,250,
10:41:05,35.70,300,
10:41:05,35.7016,500,
10:41:06,35.71,100,
10:41:07,35.71,300,
10:41:08,35.70,1000,
10:41:10,35.67,900,
10:41:13,35.6618,100,
10:41:15,35.6912,200,
10:41:18,35.691,170,
10:41:19,35.69,100,
10:41:32,35.68,100,
10:41:32,35.69,100,
10:41:32,35.70,100,
10:41:32,35.70,100,
10:41:32,35.68,100,
10:41:32,35.68,100,
10:41:32,35.72,100,
10:41:32,35.72,100,
10:41:32,35.72,400,
10:41:32,35.72,100,
10:41:32,35.72,100,
10:41:32,35.72,100,
10:41:37,35.72,100,
10:41:39,35.69,100,
10:41:49,35.7114,1000,
10:41:56,35.72,100,
10:41:56,35.72,100,
10:41:56,35.7275,2500,
10:42:01,35.73,3000,
10:42:01,35.75,100,
10:42:01,35.76,100,
10:42:03,35.77,100,
10:42:05,35.7468,500,
10:42:05,35.75,100,
10:42:05,35.75,100,
10:42:10,35.73,100,
10:42:10,35.73,100,
10:42:11,35.7299,300,
10:42:14,35.724,200,
10:42:15,35.72,200,
10:42:15,35.69,100,
10:42:17,35.67,100,
10:42:17,35.68,100,
10:42:18,35.69,100,
10:42:22,35.69,400,
10:42:26,35.67,1000,
10:42:28,35.70,300,
10:42:28,35.70,600,
10:42:31,35.72,100,
10:42:32,35.73,100,
10:42:32,35.72,100,
10:42:33,35.72,2000,
10:42:33,35.72,100,
10:42:40,35.73,900,
10:42:44,35.74,275,
10:42:45,35.748,200,
10:42:45,35.75,100,
10:42:52,35.78,100,
10:42:54,35.7884,900,
10:42:55,35.76,100,
10:43:00,35.77,300,
10:43:02,35.77,100,
10:43:02,35.7684,486,
10:43:08,35.7636,200,
10:43:10,35.75,100,
10:43:11,35.76,100,
10:43:14,35.74,100,
10:43:14,35.74,500,
10:43:14,35.74,100,
10:43:17,35.70,100,
10:43:17,35.70,100,
10:43:19,35.71,100,
10:43:19,35.72,100,
10:43:24,35.71,100,
10:43:31,35.728,100,
10:43:39,35.6995,500,
10:43:55,35.73,500,
10:43:56,35.74,100,
10:44:00,35.71,1373,
10:44:00,35.72,100,
10:44:01,35.719,460,
10:44:02,35.7005,150,
10:44:06,35.73,100,
10:44:10,35.72,300,
10:44:13,35.72,100,
10:44:16,35.7314,500,
10:44:20,35.7399,100,
10:44:21,35.73,200,
10:44:30,35.74,100,
10:44:30,35.7335,100,
10:44:38,35.751,100,
10:44:41,35.76,400,
10:44:41,35.76,500,
10:44:45,35.77,200,
10:44:45,35.77,200,
10:44:59,35.76,100,
10:44:59,35.77,100,
10:44:59,35.7699,1700,
10:44:59,35.77,700,
10:45:12,35.75,400,
10:45:12,35.75,200,
10:45:12,35.75,200,
10:45:12,35.72,100,
10:45:12,35.71,100,
10:45:12,35.7186,300,
10:45:13,35.7299,220,
10:45:17,35.72,700,
10:45:21,35.701,200,
10:45:21,35.71,300,
10:45:22,35.70,150,
10:45:30,35.681,150,
10:45:31,35.69,100,
10:45:31,35.68,100,
10:45:43,35.70,100,
10:45:45,35.73,100,
10:45:45,35.75,100,
10:45:45,35.75,500,
10:45:45,35.75,100,
10:45:45,35.75,100,
10:45:45,35.75,100,
10:45:49,35.74,100,
10:45:54,35.758,500,
10:45:55,35.77,200,
10:45:55,35.77,100,
10:45:55,35.78,111,
10:46:03,35.78,100,
10:46:05,35.77,900,
10:46:06,35.77,100,
10:46:06,35.788,500,
10:46:08,35.78,100,
10:46:13,35.79,1000,
10:46:19,35.78,870,
10:46:19,35.76,100,
10:46:19,35.75,100,
10:46:19,35.74,100,
10:46:21,35.75,100,
10:46:27,35.7399,100,
10:46:33,35.76,300,
10:46:34,35.7501,200,
10:46:36,35.7188,100,
10:46:38,35.72,200,
10:46:42,35.71,100,
10:46:46,35.7516,200,
10:46:53,35.72,100,
10:46:53,35.72,100,
10:46:54,35.70,200,
10:46:58,35.7044,1000,
10:47:03,35.70,100,
10:47:03,35.71,100,
10:47:03,35.71,100,
10:47:06,35.6828,1000,
10:47:07,35.68,100,
10:47:07,35.67,100,
10:47:07,35.65,200,
10:47:07,35.64,100,
10:47:07,35.64,100,
10:47:07,35.64,200,
10:47:13,35.61,100,
10:47:15,35.6229,2000,
10:47:16,35.6214,600,
10:47:20,35.6599,100,
10:47:20,35.67,700,
10:47:21,35.6701,200,
10:47:22,35.6714,740,
10:47:26,35.6425,2000,
10:47:28,35.66,100,
10:47:33,35.6496,100,
10:47:34,35.66,400,
10:47:34,35.68,100,
10:47:35,35.6688,400,
10:47:40,35.6432,150,
10:47:46,35.6201,100,
10:47:47,35.6384,112,
10:47:49,35.6225,2901,
10:47:54,35.6101,100,
10:47:55,35.6195,100,
10:47:56,35.60,1000,
10:47:56,35.59,100,
10:47:56,35.60,100,
10:47:58,35.60,300,
10:48:00,35.599,200,
10:48:01,35.611,100,
10:48:01,35.61,100,
10:48:04,35.61,1700,
10:48:05,35.6099,500,
10:48:06,35.60,100,
10:48:07,35.60,700,
10:48:11,35.602,900,
10:48:23,35.6199,500,
10:48:23,35.6199,100,
10:48:27,35.6484,454,
10:48:28,35.62,450,
10:48:28,35.6165,200,
10:48:35,35.61,100,
10:48:36,35.61,100,
10:48:36,35.62,100,
10:48:38,35.62,100,
10:48:38,35.62,100,
10:48:39,35.59,100,
10:48:39,35.60,100,
10:48:39,35.60,400,
10:48:39,35.60,300,
10:48:39,35.59,200,
10:48:39,35.62,100,
10:48:39,35.62,100,
10:48:39,35.61,100,
10:48:39,35.61,100,
10:48:39,35.60,100,
10:48:48,35.572,200,
10:48:48,35.5704,100,
10:48:49,35.581,100,
10:48:51,35.60,100,
