09:30:00,47.31,500,
09:30:00,47.31,100,
09:30:00,47.35,500,
09:30:00,47.37,500,
09:30:00,47.37,1016,
09:30:02,47.3777,100,
09:30:02,47.37,100,
09:30:02,47.37,1000,
09:30:03,47.39,500,
09:30:03,47.39,500,
09:30:03,47.38,100,
09:30:03,47.46,100,
09:30:03,47.42,100,
09:30:03,47.42,100,
09:30:03,47.42,100,
09:30:03,47.42,100,
09:30:03,47.43,100,
09:30:04,47.4004,100,
09:30:05,47.46,100,
09:30:06,47.48,300,
09:30:07,47.47,500,
09:30:07,47.50,400,
09:30:07,47.54,300,
09:30:08,47.47,100,
09:30:08,47.48,500,
09:30:08,47.44,100,
09:30:09,47.47,200,
09:30:09,47.42,100,
09:30:09,47.402,100,
09:30:10,47.381,200,
09:30:10,47.401,100,
09:30:11,47.401,100,
09:30:12,47.451,200,
09:30:13,47.49,600,
09:30:13,47.3872,1550,
09:30:13,47.451,100,
09:30:14,47.381,150,
09:30:14,47.391,200,
09:30:14,47.38,250,
09:30:15,47.35,100,
09:30:16,47.4858,1000,
09:30:17,47.35,527,
09:30:17,47.45,300,
09:30:17,47.452,100,
09:30:18,47.45,100,
09:30:18,47.381,100,
09:30:18,47.44,100,
09:30:18,47.44,100,
09:30:18,47.45,200,
09:30:18,47.4118,100,
09:30:18,47.45,100,
09:30:18,47.381,100,
09:30:19,47.4786,500,
09:30:19,47.42,400,
09:30:20,47.4785,200,
09:30:20,47.42,600,
09:30:20,47.41,500,
09:30:21,47.429,200,
09:30:21,47.4481,200,
09:30:21,47.46,400,
09:30:22,47.44,100,
09:30:22,47.4307,100,
09:30:22,47.4251,100,
09:30:22,47.4201,100,
09:30:22,47.4201,103,
09:30:22,47.46,700,
09:30:22,47.46,100,
09:30:22,47.45,200,
09:30:22,47.40,100,
09:30:23,47.43,200,
09:30:24,47.42,100,
09:30:24,47.429,1448,
09:30:26,47.4801,100,
09:30:26,47.44,2211,
09:30:27,47.4155,100,
09:30:28,47.4199,200,
09:30:29,47.4199,100,
09:30:30,47.37,197,
09:30:30,47.37,100,
09:30:30,47.4001,100,
09:30:30,47.408,100,
09:30:31,47.399,400,
09:30:32,47.37,100,
09:30:34,47.37,100,
09:30:35,47.3884,100,
09:30:37,47.35,200,
09:30:38,47.35,100,
09:30:41,47.3084,100,
09:30:41,47.3062,100,
09:30:41,47.339,1000,
09:30:42,47.3105,100,
09:30:46,47.30,200,
09:30:46,47.2981,100,
09:30:49,47.30,100,
09:30:49,47.29,100,
09:30:52,47.22,100,
09:30:52,47.23,100,
09:30:52,47.23,100,
09:30:52,47.23,100,
09:30:53,47.211,100,
09:30:54,47.277,300,
09:31:00,47.2088,100,
09:31:01,47.2062,150,
09:31:02,47.25,100,
09:31:05,47.19,1000,
09:31:05,47.1899,100,
09:31:05,47.20,1800,
09:31:06,47.14,100,
09:31:07,47.1702,400,
09:31:08,47.1899,100,
09:31:09,47.21,100,
09:31:11,47.2101,100,
09:31:15,47.182,100,
09:31:19,47.1564,500,
09:31:19,47.151,100,
09:31:20,47.19,1700,
09:31:20,47.19,100,
09:31:21,47.19,100,
09:31:21,47.18,100,
09:31:22,47.16,100,
09:31:24,47.1632,100,
09:31:24,47.1638,250,
09:31:25,47.18,100,
09:31:25,47.18,500,
09:31:25,47.169,200,
09:31:28,47.2445,100,
09:31:29,47.2361,100,
09:31:29,47.2356,100,
09:31:29,47.2599,100,
09:31:30,47.31,200,
09:31:30,47.2932,250,
09:31:31,47.33,100,
09:31:31,47.33,100,
09:31:31,47.3102,200,
09:31:31,47.35,800,
09:31:31,47.35,200,
09:31:32,47.3938,100,
09:31:32,47.328,200,
09:31:33,47.39,200,
09:31:33,47.39,100,
09:31:35,47.446,1000,
09:31:35,47.41,500,
09:31:35,47.4099,600,
09:31:37,47.3644,400,
09:31:38,47.35,200,
09:31:40,47.369,100,
09:31:41,47.39,1900,
09:31:44,47.44,100,
09:31:44,47.44,100,
09:31:45,47.40,200,
09:31:45,47.40,200,
09:31:45,47.40,300,
09:31:45,47.40,200,
09:31:45,47.408,100,
09:31:45,47.40,300,
09:31:45,47.40,600,
09:31:45,47.40,100,
09:31:45,47.40,100,
09:31:45,47.40,300,
09:31:45,47.40,400,
09:31:45,47.4099,1000,
09:31:45,47.40,100,
09:31:47,47.413,250,
09:31:47,47.4085,100,
09:31:48,47.48,100,
09:31:49,47.5101,200,
09:31:49,47.5199,300,
09:31:50,47.54,100,
09:31:50,47.55,100,
09:31:50,47.55,100,
09:31:50,47.55,400,
09:31:51,47.55,200,
09:31:52,47.5444,3900,
09:31:53,47.55,100,
09:31:53,47.5415,1066,
09:31:54,47.565,1000,
09:31:54,47.568,100,
09:31:54,47.57,200,
09:31:54,47.59,1300,
09:31:56,47.5769,100,
09:31:57,47.5585,2500,
09:31:58,47.51,100,
09:31:58,47.509,100,
09:31:59,47.5399,100,
09:31:59,47.54,200,
09:32:00,47.5395,1100,
09:32:00,47.54,100,
09:32:02,47.5214,1000,
09:32:03,47.5043,250,
09:32:03,47.5079,100,
09:32:04,47.51,100,
09:32:04,47.49,100,
09:32:06,47.53,100,
09:32:08,47.5319,200,
09:32:09,47.5399,100,
09:32:12,47.63,100,
09:32:13,47.60,100,
09:32:13,47.64,100,
09:32:13,47.65,100,
09:32:13,47.65,380,
09:32:14,47.65,100,
09:32:14,47.65,100,
09:32:14,47.65,100,
09:32:14,47.65,200,
09:32:14,47.6416,200,
09:32:15,47.66,100,
09:32:17,47.66,160,
09:32:18,47.649,100,
09:32:19,47.649,100,
09:32:20,47.65,100,
09:32:20,47.66,100,
09:32:20,47.6824,100,
09:32:21,47.6515,100,
09:32:21,47.6442,100,
09:32:21,47.6428,100,
09:32:21,47.659,100,
09:32:21,47.6543,1500,
09:32:23,47.657,100,
09:32:24,47.641,100,
09:32:24,47.659,100,
09:32:24,47.65,100,
09:32:24,47.6501,800,
09:32:25,47.66,200,
09:32:26,47.6501,100,
09:32:27,47.65,100,
09:32:27,47.66,300,
09:32:28,47.68,600,
09:32:29,47.661,1500,
09:32:29,47.652,100,
09:32:29,47.651,100,
09:32:29,47.65,200,
09:32:30,47.65,300,
09:32:30,47.65,300,
09:32:30,47.65,400,
09:32:30,47.65,2010,
09:32:30,47.69,100,
09:32:33,47.699,200,
09:32:35,47.7172,100,
09:32:35,47.719,200,
09:32:35,47.7186,500,
09:32:36,47.7001,100,
09:32:36,47.7443,145,
09:32:37,47.72,1000,
09:32:38,47.7255,100,
09:32:39,47.7458,500,
09:32:39,47.7267,100,
09:32:39,47.7239,100,
09:32:39,47.739,100,
09:32:39,47.7201,100,
09:32:41,47.74,100,
09:32:41,47.74,100,
09:32:41,47.78,100,
09:32:41,47.78,240,
09:32:41,47.86,418,
09:32:42,47.852,470,
09:32:42,47.8793,300,
09:32:43,47.92,1000,
09:32:44,47.92,100,
09:32:44,47.88,2520,
09:32:44,47.92,100,
09:32:44,47.91,400,
09:32:44,47.94,600,
09:32:44,47.922,500,
09:32:45,47.9089,100,
09:32:45,47.909,100,
09:32:45,47.8608,250,
09:32:46,47.86,100,
09:32:47,47.8487,2000,
09:32:48,47.8302,600,
09:32:48,47.8297,100,
09:32:48,47.8292,100,
09:32:49,47.86,200,
09:32:49,47.86,200,
09:32:49,47.87,500,
09:32:49,47.88,1000,
09:32:49,47.84,100,
09:32:50,47.89,300,
09:32:50,47.8845,100,
09:32:51,47.8999,200,
09:32:53,47.896,600,
09:32:54,47.88,11400,
09:32:55,47.9197,100,
09:32:56,47.927,100,
09:32:57,47.90,100,
09:32:57,47.9143,1000,
09:32:58,47.91,900,
09:32:58,47.8999,300,
09:32:58,47.8901,200,
09:32:59,47.8933,100,
09:32:59,47.8801,100,
09:32:59,47.8872,1670,
09:32:59,47.8872,1000,
09:33:01,47.8138,100,
09:33:01,47.8243,150,
09:33:01,47.816,100,
09:33:02,47.802,200,
09:33:02,47.8324,300,
09:33:02,47.818,100,
09:33:03,47.78,100,
09:33:03,47.78,100,
09:33:03,47.81,2350,
09:33:03,47.74,100,
09:33:03,47.7401,300,
09:33:03,47.78,200,
09:33:04,47.779,200,
09:33:04,47.7102,400,
09:33:04,47.7199,100,
09:33:05,47.6935,100,
09:33:05,47.779,100,
09:33:05,47.6901,100,
09:33:05,47.69,250,
09:33:07,47.70,100,
09:33:07,47.69,300,
09:33:07,47.68,200,
09:33:07,47.68,300,
09:33:07,47.68,100,
09:33:08,47.6901,100,
09:33:08,47.6901,100,
09:33:08,47.729,100,
09:33:09,47.7299,100,
09:33:14,47.7142,1700,
09:33:18,47.7199,900,
09:33:20,47.714,100,
09:33:22,47.74,200,
09:33:22,47.74,100,
09:33:22,47.79,100,
09:33:22,47.75,100,
09:33:23,47.68,100,
09:33:25,47.7218,100,
09:33:25,47.7213,100,
09:33:25,47.7207,100,
09:33:25,47.7201,100,
09:33:25,47.71,5000,
09:33:26,47.726,100,
09:33:27,47.6942,650,
09:33:31,47.70,100,
09:33:33,47.609,100,
09:33:34,47.56,200,
09:33:34,47.695,400,
09:33:35,47.55,800,
09:33:35,47.542,100,
09:33:37,47.5658,1500,
09:33:38,47.5286,1000,
09:33:38,47.50,250,
09:33:40,47.549,100,
09:33:41,47.5101,300,
09:33:45,47.5524,150,
09:33:46,47.5685,1000,
09:33:47,47.52,100,
09:33:49,47.5499,1500,
09:33:50,47.50,308,
09:33:50,47.50,200,
09:33:51,47.5213,2500,
09:33:52,47.5299,200,
09:33:54,47.5001,2000,
09:34:00,47.5315,1800,
09:34:01,47.67,100,
09:34:01,47.67,800,
09:34:02,47.53,100,
09:34:02,47.66,100,
09:34:04,47.6598,100,
09:34:05,47.6889,500,
09:34:11,47.66,900,
09:34:13,47.636,200,
09:34:14,47.647,200,
09:34:20,47.6265,2400,
09:34:23,47.5799,200,
09:34:23,47.55,100,
09:34:28,47.6795,100,
09:34:28,47.6795,100,
09:34:35,47.66,900,
09:34:39,47.5898,100,
09:34:41,47.59,490,
09:34:43,47.566,298,
09:34:47,47.51,1000,
09:34:47,47.5293,1000,
09:34:48,47.49,100,
09:34:48,47.49,100,
09:34:48,47.4615,500,
09:34:49,47.4442,500,
09:34:50,47.445,300,
09:34:52,47.487,100,
09:34:54,47.4421,2450,
09:34:57,47.60,500,
09:34:58,47.63,100,
09:34:58,47.67,100,
09:35:02,47.70,120,
09:35:02,47.70,1120,
09:35:02,47.71,100,
09:35:02,47.7111,100,
09:35:03,47.719,1500,
09:35:03,47.71,600,
09:35:03,47.71,2000,
09:35:03,47.71,300,
09:35:03,47.72,400,
09:35:03,47.72,300,
09:35:03,47.72,400,
09:35:03,47.72,100,
09:35:03,47.74,200,
09:35:03,47.75,100,
09:35:03,47.73,600,
09:35:06,47.659,100,
09:35:07,47.64,100,
09:35:08,47.65,100,
09:35:09,47.65,200,
09:35:10,47.63,550,
09:35:10,47.59,100,
09:35:11,47.55,100,
09:35:12,47.5968,200,
09:35:12,47.56,100,
09:35:14,47.56,100,
09:35:14,47.56,100,
09:35:14,47.54,100,
09:35:15,47.55,100,
09:35:15,47.54,100,
09:35:17,47.5508,100,
09:35:17,47.5528,100,
09:35:17,47.5586,100,
09:35:20,47.52,100,
09:35:20,47.52,100,
09:35:20,47.539,378,
09:35:21,47.52,100,
09:35:21,47.5301,500,
09:35:22,47.5778,100,
09:35:22,47.579,300,
09:35:25,47.6196,100,
09:35:25,47.619,200,
09:35:26,47.65,200,
09:35:26,47.65,659,
09:35:26,47.65,1000,
09:35:26,47.65,2941,
09:35:26,47.65,100,
09:35:26,47.6895,500,
09:35:27,47.67,100,
09:35:29,47.629,100,
09:35:29,47.629,100,
09:35:32,47.6214,1000,
09:35:32,47.63,100,
09:35:33,47.60,100,
09:35:33,47.60,100,
09:35:35,47.60,100,
09:35:35,47.60,100,
09:35:35,47.60,100,
09:35:35,47.65,100,
09:35:36,47.641,100,
09:35:39,47.60,100,
09:35:41,47.619,100,
09:35:43,47.64,100,
09:35:43,47.64,100,
09:35:43,47.64,100,
09:35:43,47.64,100,
09:35:43,47.64,100,
09:35:43,47.64,100,
09:35:43,47.64,100,
09:35:45,47.62,100,
09:35:45,47.63,100,
09:35:46,47.649,1000,
09:35:47,47.6668,600,
09:35:49,47.6643,900,
09:35:51,47.64,100,
09:35:51,47.65,1100,
09:35:52,47.668,200,
09:35:52,47.66,100,
09:35:53,47.64,100,
09:35:53,47.6401,1000,
09:35:55,47.66,400,
09:36:00,47.63,900,
09:36:00,47.63,100,
09:36:02,47.64,100,
09:36:03,47.60,200,
09:36:03,47.60,100,
09:36:03,47.61,100,
09:36:05,47.60,100,
09:36:05,47.5996,2800,
09:36:08,47.64,100,
09:36:09,47.582,200,
09:36:10,47.64,300,
09:36:10,47.65,100,
09:36:10,47.6598,1000,
09:36:11,47.65,100,
09:36:13,47.65,300,
09:36:15,47.69,250,
09:36:15,47.70,100,
09:36:17,47.68,500,
09:36:17,47.69,100,
09:36:17,47.69,100,
09:36:18,47.7046,100,
09:36:18,47.709,200,
09:36:18,47.70,100,
09:36:19,47.70,100,
09:36:20,47.7061,100,
09:36:20,47.7074,100,
09:36:20,47.6795,900,
09:36:26,47.76,100,
09:36:26,47.77,100,
09:36:26,47.78,100,
09:36:26,47.78,100,
09:36:27,47.7814,100,
09:36:27,47.77,200,
09:36:27,47.744,1000,
09:36:27,47.76,100,
09:36:29,47.80,200,
09:36:30,47.81,1000,
09:36:31,47.79,100,
09:36:32,47.7984,200,
09:36:33,47.76,188,
09:36:33,47.76,1000,
09:36:33,47.76,300,
09:36:33,47.7786,2000,
09:36:34,47.78,100,
09:36:34,47.79,600,
09:36:34,47.8065,500,
09:36:35,47.819,100,
09:36:36,47.75,100,
09:36:36,47.76,100,
09:36:37,47.78,100,
09:36:38,47.7855,100,
09:36:39,47.7501,100,
09:36:39,47.75,100,
09:36:39,47.7501,100,
09:36:39,47.77,100,
09:36:39,47.77,100,
09:36:39,47.76,100,
09:36:40,47.76,100,
09:36:40,47.74,400,
09:36:40,47.77,100,
09:36:41,47.76,200,
09:36:45,47.77,100,
09:36:46,47.779,400,
09:36:47,47.79,100,
09:36:47,47.79,200,
09:36:49,47.81,100,
09:36:49,47.81,100,
09:36:50,47.79,100,
09:36:52,47.80,300,
09:36:52,47.80,100,
09:36:52,47.80,500,
09:36:52,47.83,100,
09:36:52,47.82,100,
09:36:52,47.83,100,
09:36:52,47.809,1000,
09:36:52,47.81,600,
09:36:53,47.91,170,
09:36:54,47.91,100,
09:36:55,47.9099,200,
09:36:55,47.9086,1000,
09:36:56,47.97,100,
09:36:57,47.949,300,
09:36:57,47.9506,1000,
09:36:58,47.97,500,
09:36:58,47.97,100,
09:37:00,47.9495,2000,
09:37:01,47.961,100,
09:37:02,47.9205,100,
09:37:02,47.9205,500,
09:37:02,47.92,100,
09:37:02,47.93,400,
09:37:04,47.93,200,
09:37:04,47.9262,100,
09:37:05,47.90,100,
09:37:06,47.91,100,
09:37:06,47.91,100,
09:37:06,47.9116,400,
09:37:07,47.88,100,
09:37:07,47.87,400,
09:37:07,47.87,100,
09:37:07,47.87,100,
09:37:09,47.88,628,
09:37:09,47.89,100,
09:37:09,47.89,100,
09:37:09,47.8728,600,
09:37:10,47.86,100,
09:37:11,47.8401,100,
09:37:12,47.88,100,
09:37:12,47.87,100,
09:37:15,47.91,100,
09:37:16,47.89,1600,
09:37:16,47.90,169,
09:37:16,47.85,100,
09:37:17,47.81,200,
09:37:17,47.8203,100,
09:37:17,47.82,100,
09:37:17,47.80,100,
09:37:17,47.8199,100,
09:37:17,47.8199,100,
09:37:17,47.83,600,
09:37:18,47.889,100,
09:37:19,47.84,100,
09:37:19,47.8192,100,
09:37:19,47.88,100,
09:37:19,47.8192,100,
09:37:19,47.8705,100,
09:37:20,47.87,300,
09:37:21,47.93,400,
09:37:21,47.93,1100,
09:37:21,47.93,100,
09:37:22,47.9198,100,
09:37:22,47.9128,1000,
09:37:22,47.9342,1500,
09:37:23,47.92,700,
09:37:23,47.92,200,
09:37:23,47.91,500,
09:37:23,47.91,100,
09:37:23,47.89,100,
09:37:24,47.9258,500,
09:37:25,47.9199,150,
09:37:27,47.92,100,
09:37:27,47.93,3700,
09:37:28,47.9101,200,
09:37:29,47.9257,1000,
09:37:30,47.891,500,
09:37:31,47.9172,100,
09:37:31,47.9095,1000,
09:37:33,47.8801,500,
09:37:34,47.894,100,
09:37:35,47.9093,200,
09:37:37,47.91,100,
09:37:37,47.90,100,
09:37:37,47.9001,100,
09:37:37,47.89,200,
09:37:39,47.9193,100,
09:37:39,47.919,700,
09:37:39,47.915,100,
09:37:40,47.92,100,
09:37:40,47.92,200,
09:37:40,47.919,100,
09:37:42,47.8984,180,
09:37:43,47.85,100,
09:37:43,47.85,100,
09:37:45,47.8499,100,
09:37:46,47.81,100,
09:37:46,47.82,100,
09:37:46,47.79,100,
09:37:46,47.78,100,
09:37:46,47.80,100,
09:37:46,47.80,900,
09:37:46,47.78,100,
09:37:46,47.75,200,
09:37:46,47.78,300,
09:37:46,47.79,100,
09:37:46,47.77,400,
09:37:46,47.80,100,
09:37:46,47.77,200,
09:37:46,47.77,100,
09:37:46,47.77,100,
09:37:46,47.80,100,
09:37:46,47.77,300,
09:37:46,47.76,100,
09:37:46,47.74,100,
09:37:46,47.81,100,
09:37:46,47.83,100,
09:37:46,47.73,500,
09:37:46,47.79,100,
09:37:46,47.76,100,
09:37:46,47.79,100,
09:37:46,47.77,100,
09:37:46,47.72,100,
09:37:46,47.76,100,
09:37:46,47.73,100,
09:37:46,47.75,100,
09:37:46,47.72,100,
09:37:46,47.73,100,
09:37:46,47.73,100,
09:37:46,47.73,100,
09:37:46,47.73,750,
09:37:48,47.74,100,
09:37:48,47.75,1600,
09:37:48,47.7371,100,
09:37:48,47.7305,300,
09:37:50,47.7999,300,
09:37:50,47.79,100,
09:37:51,47.7889,100,
09:37:51,47.7892,100,
09:37:52,47.788,300,
09:37:52,47.80,100,
09:37:52,47.7999,300,
09:37:52,47.80,100,
09:37:52,47.80,100,
09:37:53,47.81,300,
09:37:53,47.81,200,
09:37:53,47.8301,100,
09:37:54,47.80,1250,
09:37:55,47.84,160,
09:37:56,47.81,100,
09:37:57,47.8299,300,
09:37:57,47.84,200,
09:37:58,47.77,100,
09:37:58,47.78,100,
09:37:58,47.78,1600,
09:37:58,47.79,100,
09:37:59,47.823,100,
09:37:59,47.85,100,
09:37:59,47.85,1100,
09:38:02,47.8244,400,
09:38:04,47.90,100,
09:38:04,47.91,100,
09:38:04,47.91,100,
09:38:06,47.90,1500,
09:38:07,47.90,100,
09:38:07,47.92,100,
09:38:07,47.92,100,
09:38:07,47.93,100,
09:38:07,47.9242,100,
09:38:07,47.929,200,
09:38:08,47.93,100,
09:38:08,47.9272,900,
09:38:08,47.94,100,
09:38:08,47.96,200,
09:38:08,47.96,100,
09:38:08,47.95,100,
09:38:10,47.915,400,
09:38:11,47.95,300,
09:38:11,47.92,100,
09:38:13,47.938,100,
09:38:14,47.92,100,
09:38:14,47.93,100,
09:38:14,47.9468,100,
09:38:14,47.95,800,
09:38:16,47.9499,400,
09:38:16,47.9472,600,
09:38:18,47.95,200,
09:38:18,47.9696,100,
09:38:18,47.969,300,
09:38:18,47.969,400,
09:38:19,47.95,260,
09:38:19,47.95,980,
09:38:19,47.95,100,
09:38:19,47.96,100,
09:38:19,47.98,170,
09:38:20,47.96,100,
09:38:21,47.98,150,
09:38:21,47.9572,1000,
09:38:22,47.9505,1000,
09:38:22,47.96,100,
09:38:22,47.96,300,
09:38:23,47.96,500,
09:38:23,47.98,300,
09:38:24,47.98,100,
09:38:24,47.9632,300,
09:38:25,47.94,100,
09:38:25,47.93,100,
09:38:26,47.93,400,
09:38:26,47.93,200,
09:38:26,47.93,100,
09:38:26,47.949,300,
09:38:27,47.95,100,
09:38:28,47.95,100,
09:38:29,47.9472,1000,
09:38:32,47.94,100,
09:38:32,47.93,100,
09:38:32,47.9297,100,
09:38:32,47.9289,100,
09:38:34,47.95,100,
09:38:34,47.949,900,
09:38:35,47.9201,400,
09:38:37,47.94,100,
09:38:37,48,180,
09:38:37,48,120,
09:38:37,48,600,
09:38:37,47.99,200,
09:38:39,48.01,100,
09:38:40,48.01,100,
09:38:40,48.0008,400,
09:38:40,48.02,100,
09:38:41,48,100,
09:38:41,48,100,
09:38:41,48.01,100,
09:38:41,48.0016,500,
09:38:42,47.989,200,
09:38:43,47.94,100,
09:38:45,47.9599,2000,
09:38:45,47.90,100,
09:38:46,47.9184,200,
09:38:47,47.9193,200,
09:38:49,47.919,100,
09:38:50,47.9093,200,
09:38:50,47.90,100,
09:38:50,47.90,671,
09:38:50,47.84,100,
09:38:50,47.8381,400,
09:38:51,47.84,500,
09:38:52,47.83,100,
09:38:52,47.83,100,
09:38:52,47.83,100,
09:38:52,47.83,100,
09:38:52,47.8598,100,
09:38:53,47.83,100,
09:38:53,47.88,100,
09:38:53,47.8799,100,
09:38:54,47.91,100,
09:38:58,47.85,100,
09:38:59,47.869,570,
09:39:02,47.93,100,
09:39:02,47.94,100,
09:39:02,47.94,250,
09:39:02,47.94,200,
09:39:02,47.93,100,
09:39:05,47.89,500,
09:39:07,47.8814,1000,
09:39:07,47.8969,100,
09:39:07,47.899,100,
09:39:08,47.8999,200,
09:39:08,47.90,800,
09:39:09,47.90,100,
09:39:09,47.9059,100,
09:39:09,47.9063,100,
09:39:09,47.909,400,
09:39:11,47.91,800,
09:39:12,47.92,100,
09:39:13,47.919,200,
09:39:13,47.95,100,
09:39:16,47.94,100,
09:39:17,47.90,100,
09:39:17,47.90,400,
09:39:18,47.94,200,
09:39:20,47.941,100,
09:39:20,47.94,100,
09:39:20,47.94,100,
09:39:20,47.9286,1000,
09:39:23,47.95,100,
09:39:23,47.95,100,
09:39:23,47.97,100,
09:39:23,47.96,100,
09:39:24,47.98,100,
09:39:24,47.95,100,
09:39:26,47.94,100,
09:39:26,47.95,100,
09:39:26,47.9599,100,
09:39:26,47.9232,500,
09:39:27,47.95,100,
09:39:28,47.94,100,
09:39:28,47.94,800,
09:39:29,47.90,100,
09:39:31,47.92,100,
09:39:31,47.92,100,
09:39:31,47.90,100,
09:39:31,47.9001,100,
09:39:31,47.9001,300,
09:39:31,47.90,300,
09:39:31,47.90,900,
09:39:31,47.89,100,
09:39:31,47.86,2000,
09:39:31,47.86,2000,
09:39:32,47.901,400,
09:39:32,47.86,100,
09:39:33,47.85,100,
09:39:33,47.85,100,
09:39:33,47.85,100,
09:39:33,47.8501,100,
09:39:33,47.8501,100,
09:39:33,47.8501,100,
09:39:34,47.83,100,
09:39:34,47.80,100,
09:39:35,47.78,500,
09:39:35,47.80,100,
09:39:35,47.82,100,
09:39:35,47.80,400,
09:39:36,47.82,100,
09:39:37,47.82,100,
09:39:39,47.80,100,
09:39:39,47.80,100,
09:39:40,47.78,100,
09:39:40,47.79,100,
09:39:40,47.79,100,
09:39:40,47.78,449,
09:39:41,47.81,100,
09:39:42,47.79,100,
09:39:42,47.78,100,
09:39:42,47.78,100,
09:39:42,47.79,100,
09:39:42,47.79,100,
09:39:42,47.7899,100,
09:39:42,47.7899,100,
09:39:43,47.80,100,
09:39:43,47.80,100,
09:39:45,47.79,100,
09:39:48,47.83,100,
09:39:50,47.85,100,
09:39:50,47.8499,100,
09:39:50,47.8472,300,
09:39:51,47.8499,300,
09:39:51,47.85,200,
09:39:51,47.85,300,
09:39:52,47.83,200,
09:39:52,47.83,100,
09:39:52,47.82,200,
09:39:52,47.82,100,
09:39:53,47.83,100,
09:39:53,47.8262,260,
09:39:54,47.82,100,
09:39:54,47.82,100,
09:39:55,47.81,100,
09:39:55,47.81,1500,
09:39:55,47.81,100,
09:39:55,47.8068,150,
09:39:57,47.77,100,
09:39:57,47.77,100,
09:39:57,47.76,100,
09:39:59,47.78,100,
09:40:00,47.78,100,
09:40:01,47.7844,200,
09:40:01,47.77,100,
09:40:02,47.75,300,
09:40:02,47.75,100,
09:40:03,47.7599,200,
09:40:06,47.7454,100,
09:40:08,47.75,100,
09:40:08,47.75,600,
09:40:08,47.731,100,
09:40:09,47.73,900,
09:40:09,47.74,200,
09:40:09,47.74,200,
09:40:10,47.7302,400,
09:40:10,47.73,300,
09:40:11,47.77,100,
09:40:12,47.77,100,
09:40:12,47.7701,100,
09:40:12,47.79,100,
09:40:13,47.7701,200,
09:40:13,47.7726,100,
09:40:13,47.771,100,
09:40:14,47.7943,500,
09:40:15,47.8199,100,
09:40:19,47.82,100,
09:40:20,47.83,1000,
09:40:22,47.81,100,
09:40:23,47.81,100,
09:40:25,47.82,400,
09:40:25,47.85,120,
09:40:26,47.86,300,
09:40:26,47.86,200,
09:40:26,47.83,800,
09:40:26,47.86,100,
09:40:26,47.86,100,
09:40:26,47.86,200,
09:40:27,47.93,200,
09:40:30,47.881,400,
09:40:30,47.889,1000,
09:40:30,47.90,100,
09:40:30,47.8999,100,
09:40:30,47.86,100,
09:40:30,47.87,100,
09:40:32,47.91,400,
09:40:32,47.91,700,
09:40:33,47.88,100,
09:40:33,47.89,100,
09:40:33,47.89,100,
09:40:33,47.89,100,
09:40:33,47.89,100,
09:40:34,47.8744,200,
09:40:34,47.859,1100,
09:40:34,47.859,1200,
09:40:34,47.889,1400,
09:40:34,47.889,1900,
09:40:34,47.889,1300,
09:40:35,47.8744,200,
09:40:36,47.86,100,
09:40:37,47.84,100,
09:40:38,47.80,100,
09:40:38,47.80,100,
09:40:39,47.8013,400,
09:40:39,47.78,100,
09:40:39,47.78,100,
09:40:39,47.78,100,
09:40:39,47.77,100,
09:40:39,47.77,100,
09:40:40,47.7701,100,
09:40:40,47.76,800,
09:40:40,47.78,100,
09:40:41,47.81,100,
09:40:43,47.83,100,
09:40:43,47.82,100,
09:40:43,47.8301,100,
09:40:44,47.83,100,
09:40:44,47.82,100,
09:40:45,47.8576,2500,
09:40:46,47.83,100,
09:40:51,47.881,100,
09:40:52,47.92,100,
09:40:52,47.93,100,
09:40:52,47.92,100,
09:40:53,47.90,100,
09:40:55,47.9175,100,
09:40:55,47.919,100,
09:40:56,47.918,700,
09:40:57,47.92,100,
09:40:58,47.917,100,
09:41:02,47.87,100,
09:41:03,47.889,100,
09:41:05,47.889,800,
09:41:06,47.89,100,
09:41:06,47.90,100,
09:41:06,47.90,100,
09:41:08,47.8665,2000,
09:41:08,47.92,550,
09:41:10,47.9195,1500,
09:41:10,47.95,100,
09:41:12,47.91,200,
09:41:12,47.92,100,
09:41:12,47.93,100,
09:41:12,47.90,100,
09:41:12,47.89,100,
09:41:12,47.89,800,
09:41:12,47.89,100,
09:41:12,47.89,100,
09:41:12,47.93,100,
09:41:12,47.89,100,
09:41:13,47.89,100,
09:41:15,47.91,100,
09:41:15,47.9062,300,
09:41:16,47.94,1700,
09:41:18,47.929,400,
09:41:20,47.88,100,
09:41:20,47.87,100,
09:41:20,47.87,200,
09:41:20,47.87,100,
09:41:20,47.85,100,
09:41:20,47.85,100,
09:41:20,47.85,100,
09:41:20,47.85,100,
09:41:20,47.88,100,
09:41:20,47.84,500,
09:41:20,47.84,100,
09:41:20,47.81,100,
09:41:20,47.81,200,
09:41:20,47.80,500,
09:41:20,47.80,100,
09:41:20,47.80,200,
09:41:20,47.81,100,
09:41:20,47.78,100,
09:41:20,47.78,100,
09:41:20,47.78,100,
09:41:20,47.78,100,
09:41:20,47.78,100,
09:41:20,47.78,100,
09:41:20,47.77,100,
09:41:23,47.7962,300,
09:41:25,47.81,100,
09:41:25,47.81,100,
09:41:26,47.81,200,
09:41:26,47.81,100,
09:41:26,47.81,200,
09:41:26,47.81,100,
09:41:26,47.79,100,
09:41:26,47.79,100,
09:41:26,47.81,100,
09:41:26,47.76,100,
09:41:26,47.71,500,
09:41:26,47.71,100,
09:41:26,47.71,400,
09:41:26,47.69,100,
09:41:26,47.81,100,
09:41:26,47.68,100,
09:41:26,47.68,100,
09:41:26,47.64,100,
09:41:26,47.70,100,
09:41:26,47.67,100,
09:41:26,47.67,100,
09:41:26,47.67,100,
09:41:26,47.67,100,
09:41:26,47.67,100,
09:41:27,47.6995,100,
09:41:28,47.7072,1000,
09:41:30,47.67,100,
09:41:31,47.6699,100,
09:41:31,47.64,200,
09:41:31,47.64,200,
09:41:31,47.63,400,
09:41:31,47.63,200,
09:41:31,47.63,500,
09:41:31,47.60,500,
09:41:31,47.5828,700,
09:41:32,47.58,100,
09:41:32,47.57,100,
09:41:32,47.57,100,
09:41:32,47.56,100,
09:41:32,47.55,300,
09:41:32,47.55,100,
09:41:32,47.55,100,
09:41:32,47.55,100,
09:41:32,47.55,2000,
09:41:33,47.50,100,
09:41:33,47.50,200,
09:41:33,47.50,100,
09:41:33,47.50,100,
09:41:33,47.50,100,
09:41:33,47.50,300,
09:41:33,47.579,100,
09:41:33,47.5075,100,
09:41:34,47.50,100,
09:41:34,47.5389,100,
09:41:34,47.539,200,
09:41:34,47.5602,150,
09:41:35,47.55,100,
09:41:35,47.59,100,
09:41:36,47.538,500,
09:41:37,47.58,100,
09:41:37,47.5907,200,
09:41:38,47.59,100,
09:41:38,47.59,155,
09:41:38,47.59,100,
09:41:38,47.58,100,
09:41:38,47.58,100,
09:41:38,47.60,100,
09:41:39,47.61,100,
09:41:40,47.59,172,
09:41:40,47.59,100,
09:41:40,47.59,100,
09:41:40,47.57,100,
09:41:40,47.57,100,
09:41:41,47.5694,400,
09:41:42,47.59,100,
09:41:42,47.59,100,
09:41:42,47.5899,100,
09:41:42,47.5899,100,
09:41:43,47.6009,100,
09:41:45,47.6099,203,
09:41:46,47.61,100,
09:41:46,47.59,100,
09:41:47,47.60,100,
09:41:47,47.57,100,
09:41:47,47.60,100,
09:41:50,47.56,100,
09:41:50,47.56,100,
09:41:52,47.55,100,
09:41:53,47.53,100,
09:41:53,47.53,100,
09:41:53,47.53,100,
09:41:53,47.54,100,
09:41:54,47.54,100,
09:41:54,47.5399,400,
09:41:54,47.5399,100,
09:41:54,47.5399,100,
09:41:54,47.5499,100,
09:41:57,47.522,400,
09:41:58,47.53,100,
09:41:58,47.53,100,
09:41:59,47.53,300,
09:42:01,47.54,300,
09:42:01,47.54,100,
09:42:01,47.53,100,
09:42:01,47.53,400,
09:42:02,47.53,280,
09:42:02,47.53,100,
09:42:02,47.50,200,
09:42:02,47.50,500,
09:42:02,47.47,200,
09:42:03,47.53,200,
09:42:03,47.48,100,
09:42:05,47.489,1000,
09:42:05,47.4528,100,
09:42:05,47.4517,100,
09:42:05,47.451,300,
09:42:06,47.45,1100,
09:42:06,47.49,154,
09:42:06,47.45,4100,
09:42:06,47.4528,700,
09:42:09,47.452,500,
09:42:10,47.47,100,
09:42:10,47.46,100,
09:42:10,47.44,100,
09:42:10,47.44,300,
09:42:10,47.43,100,
09:42:10,47.43,100,
09:42:10,47.42,100,
09:42:10,47.43,100,
09:42:10,47.40,200,
09:42:10,47.40,100,
09:42:10,47.35,100,
09:42:10,47.41,100,
09:42:10,47.39,100,
09:42:10,47.42,100,
09:42:10,47.41,500,
09:42:10,47.42,300,
09:42:11,47.39,100,
09:42:11,47.381,100,
09:42:11,47.41,200,
09:42:12,47.3738,100,
09:42:12,47.40,100,
09:42:13,47.35,1000,
09:42:14,47.3728,500,
09:42:14,47.39,100,
09:42:15,47.41,100,
09:42:15,47.41,100,
09:42:15,47.41,200,
09:42:15,47.41,100,
09:42:15,47.41,100,
09:42:15,47.41,100,
09:42:15,47.41,100,
09:42:15,47.41,100,
09:42:15,47.344,100,
09:42:16,47.4001,3100,
09:42:16,47.40,15000,
09:42:18,47.41,400,
09:42:18,47.46,100,
09:42:18,47.4314,1000,
09:42:21,47.40,100,
09:42:22,47.38,100,
09:42:22,47.37,100,
09:42:24,47.33,100,
09:42:25,47.3225,100,
09:42:25,47.31,100,
09:42:25,47.31,100,
09:42:25,47.37,100,
09:42:26,47.3656,400,
09:42:27,47.37,100,
09:42:27,47.3699,1600,
09:42:28,47.34,100,
09:42:28,47.377,100,
09:42:28,47.35,100,
09:42:31,47.37,100,
09:42:31,47.36,100,
09:42:31,47.33,100,
09:42:33,47.3699,100,
09:42:34,47.352,100,
09:42:34,47.3542,100,
09:42:35,47.3699,100,
09:42:35,47.37,100,
09:42:35,47.3716,400,
09:42:35,47.3799,500,
09:42:36,47.43,100,
09:42:36,47.43,207,
09:42:36,47.43,100,
09:42:36,47.41,100,
09:42:36,47.415,500,
09:42:37,47.40,100,
09:42:37,47.40,300,
09:42:37,47.36,100,
09:42:37,47.40,400,
09:42:37,47.40,300,
09:42:37,47.40,100,
09:42:37,47.40,1000,
09:42:37,47.37,100,
09:42:37,47.35,100,
09:42:38,47.37,100,
09:42:38,47.37,100,
09:42:38,47.37,100,
09:42:38,47.4155,100,
09:42:38,47.37,100,
09:42:38,47.40,100,
09:42:38,47.41,200,
09:42:38,47.41,100,
09:42:40,47.39,100,
09:42:40,47.39,100,
09:42:40,47.39,100,
09:42:41,47.41,100,
09:42:42,47.43,100,
09:42:43,47.371,100,
09:42:43,47.40,100,
09:42:43,47.40,100,
09:42:45,47.4199,800,
09:42:46,47.4285,100,
09:42:46,47.4284,100,
09:42:46,47.429,1500,
09:42:46,47.4119,100,
09:42:46,47.43,100,
09:42:47,47.45,100,
09:42:47,47.45,100,
09:42:47,47.43,100,
09:42:47,47.43,100,
09:42:47,47.43,100,
09:42:47,47.43,100,
09:42:50,47.40,650,
09:42:51,47.3628,500,
09:42:52,47.3499,100,
09:42:52,47.35,100,
09:42:53,47.36,900,
09:42:53,47.369,100,
09:42:53,47.369,200,
09:42:54,47.37,100,
09:42:55,47.40,500,
09:42:55,47.38,100,
09:42:55,47.37,400,
09:42:56,47.3499,200,
09:42:58,47.37,100,
09:42:58,47.38,100,
09:42:59,47.38,100,
09:42:59,47.39,100,
09:42:59,47.39,100,
09:43:01,47.39,100,
09:43:01,47.33,200,
09:43:01,47.33,100,
09:43:01,47.34,300,
09:43:01,47.36,1000,
09:43:01,47.35,361,
09:43:01,47.381,500,
09:43:01,47.36,200,
09:43:01,47.41,100,
09:43:02,47.41,200,
09:43:02,47.42,400,
09:43:02,47.42,100,
09:43:02,47.4192,200,
09:43:02,47.42,100,
09:43:03,47.40,100,
09:43:03,47.39,3700,
09:43:04,47.4099,100,
09:43:04,47.42,100,
09:43:04,47.44,100,
09:43:04,47.44,500,
09:43:04,47.43,100,
09:43:04,47.44,100,
09:43:05,47.47,100,
09:43:06,47.45,600,
09:43:07,47.468,100,
09:43:07,47.4799,750,
09:43:08,47.48,100,
09:43:08,47.48,100,
09:43:08,47.48,300,
09:43:08,47.51,100,
09:43:08,47.53,200,
09:43:09,47.5366,200,
09:43:09,47.5499,100,
09:43:09,47.5499,100,
09:43:09,47.56,500,
09:43:10,47.55,200,
09:43:10,47.5414,100,
09:43:10,47.5425,100,
09:43:10,47.5483,100,
09:43:11,47.549,200,
09:43:12,47.5672,1000,
09:43:12,47.61,100,
09:43:14,47.55,100,
09:43:14,47.55,100,
09:43:16,47.60,100,
09:43:17,47.5781,100,
09:43:19,47.5901,200,
09:43:20,47.62,100,
09:43:20,47.59,100,
09:43:21,47.63,300,
09:43:21,47.63,200,
09:43:22,47.58,600,
09:43:22,47.5799,100,
09:43:25,47.5599,200,
09:43:25,47.53,865,
09:43:25,47.53,100,
09:43:26,47.56,100,
09:43:26,47.563,100,
09:43:26,47.58,100,
09:43:28,47.54,100,
09:43:29,47.53,100,
09:43:30,47.56,160,
09:43:32,47.5699,500,
09:43:34,47.5602,1000,
09:43:38,47.58,100,
09:43:38,47.5893,100,
09:43:39,47.579,100,
09:43:39,47.50,300,
09:43:41,47.58,100,
09:43:41,47.5593,250,
09:43:41,47.5701,200,
09:43:42,47.55,200,
09:43:42,47.55,100,
09:43:44,47.57,100,
09:43:45,47.577,100,
09:43:48,47.54,100,
09:43:48,47.53,6900,
09:43:51,47.5699,189,
09:43:56,47.54,100,
09:43:57,47.54,100,
09:43:58,47.49,100,
09:44:00,47.5005,250,
09:44:04,47.41,100,
09:44:04,47.41,100,
09:44:04,47.41,100,
09:44:04,47.41,100,
09:44:04,47.41,100,
09:44:04,47.41,100,
09:44:04,47.41,100,
09:44:05,47.4019,177,
09:44:05,47.43,1500,
09:44:05,47.42,100,
09:44:07,47.4468,200,
09:44:08,47.4332,200,
09:44:09,47.42,400,
09:44:11,47.40,800,
09:44:11,47.40,484,
09:44:11,47.40,200,
09:44:11,47.40,1000,
09:44:12,47.43,200,
09:44:13,47.3899,800,
09:44:15,47.42,100,
09:44:15,47.43,100,
09:44:15,47.4316,300,
09:44:16,47.46,500,
09:44:16,47.47,100,
09:44:16,47.4884,300,
09:44:17,47.51,100,
09:44:20,47.49,100,
09:44:20,47.51,100,
09:44:20,47.50,100,
09:44:20,47.49,100,
09:44:20,47.49,100,
09:44:22,47.49,100,
09:44:22,47.50,100,
09:44:24,47.5281,100,
09:44:24,47.51,100,
09:44:25,47.4786,500,
09:44:28,47.489,100,
09:44:28,47.44,100,
09:44:29,47.45,100,
09:44:29,47.45,100,
09:44:30,47.42,100,
09:44:31,47.45,100,
09:44:33,47.44,100,
09:44:34,47.4319,180,
09:44:36,47.4799,1000,
09:44:37,47.51,100,
09:44:37,47.52,100,
09:44:40,47.511,150,
09:44:40,47.528,500,
09:44:42,47.52,100,
09:44:42,47.511,1500,
09:44:43,47.58,500,
09:44:43,47.58,100,
09:44:43,47.58,300,
09:44:43,47.58,100,
09:44:43,47.58,200,
09:44:43,47.58,100,
09:44:45,47.60,100,
09:44:46,47.61,100,
09:44:47,47.68,100,
09:44:47,47.68,200,
09:44:47,47.69,100,
09:44:48,47.68,100,
09:44:49,47.67,1900,
09:44:49,47.649,600,
09:44:50,47.6472,1000,
09:44:52,47.6599,100,
09:44:52,47.6599,100,
09:44:52,47.65,3100,
09:44:53,47.64,100,
09:44:53,47.6699,1000,
09:44:54,47.70,200,
09:44:54,47.689,200,
09:44:55,47.689,260,
09:44:56,47.71,100,
09:44:56,47.71,100,
09:44:57,47.6999,400,
09:44:58,47.6586,700,
09:45:00,47.6583,100,
09:45:00,47.6501,100,
09:45:00,47.65,100,
09:45:00,47.6501,200,
09:45:00,47.69,100,
09:45:01,47.66,100,
09:45:01,47.66,100,
09:45:03,47.6768,125,
09:45:04,47.73,200,
09:45:04,47.73,100,
09:45:05,47.74,100,
09:45:05,47.74,100,
09:45:06,47.70,100,
09:45:06,47.69,100,
09:45:08,47.719,100,
09:45:09,47.72,100,
09:45:09,47.7298,200,
09:45:10,47.729,100,
09:45:11,47.7286,1000,
09:45:11,47.73,200,
09:45:11,47.75,100,
09:45:11,47.76,100,
09:45:12,47.74,100,
09:45:14,47.74,100,
09:45:14,47.74,100,
09:45:14,47.7386,1500,
09:45:15,47.7362,100,
09:45:16,47.71,1000,
09:45:17,47.80,100,
09:45:19,47.78,100,
09:45:20,47.77,100,
09:45:20,47.74,100,
09:45:20,47.74,200,
09:45:20,47.7401,100,
09:45:20,47.72,100,
09:45:22,47.72,100,
09:45:22,47.74,100,
09:45:22,47.78,700,
09:45:22,47.75,1900,
09:45:23,47.74,100,
09:45:23,47.75,100,
09:45:25,47.731,1000,
09:45:26,47.78,400,
09:45:26,47.79,600,
09:45:28,47.71,100,
09:45:28,47.70,200,
09:45:29,47.72,100,
09:45:30,47.72,100,
09:45:30,47.7199,400,
09:45:31,47.70,100,
09:45:33,47.71,100,
09:45:34,47.73,200,
09:45:35,47.7399,500,
09:45:37,47.70,100,
09:45:37,47.739,200,
09:45:38,47.68,500,
09:45:39,47.68,100,
09:45:40,47.66,100,
09:45:40,47.66,100,
09:45:41,47.66,100,
09:45:41,47.6599,100,
09:45:46,47.659,100,
09:45:46,47.6514,1500,
09:45:48,47.65,300,
09:45:48,47.6595,1000,
09:45:48,47.63,100,
09:45:48,47.63,100,
09:45:48,47.63,100,
09:45:48,47.63,100,
09:45:48,47.62,100,
09:45:48,47.60,300,
09:45:51,47.61,500,
09:45:51,47.62,100,
09:45:53,47.60,100,
09:45:54,47.60,100,
09:45:54,47.59,100,
09:45:56,47.57,100,
09:45:56,47.60,100,
09:45:57,47.58,100,
09:45:58,47.60,100,
09:46:00,47.62,100,
09:46:01,47.66,100,
09:46:02,47.6599,1000,
09:46:02,47.64,100,
09:46:03,47.6468,300,
09:46:04,47.648,400,
09:46:04,47.66,100,
09:46:07,47.6519,100,
09:46:09,47.68,100,
09:46:09,47.68,100,
09:46:09,47.69,100,
09:46:09,47.68,600,
09:46:09,47.73,200,
09:46:09,47.73,100,
09:46:09,47.73,100,
09:46:09,47.73,300,
09:46:09,47.73,100,
09:46:09,47.73,100,
09:46:09,47.72,100,
09:46:10,47.73,100,
09:46:10,47.75,100,
09:46:12,47.7401,100,
09:46:12,47.759,100,
09:46:12,47.74,100,
09:46:12,47.73,100,
09:46:14,47.7668,300,
09:46:15,47.77,200,
09:46:15,47.7699,100,
09:46:15,47.7699,200,
09:46:15,47.7699,100,
09:46:17,47.751,1000,
09:46:18,47.76,100,
09:46:18,47.77,100,
09:46:18,47.77,100,
09:46:18,47.77,100,
09:46:19,47.78,400,
09:46:19,47.749,100,
09:46:20,47.756,600,
09:46:20,47.73,100,
09:46:20,47.74,100,
09:46:21,47.7199,100,
09:46:21,47.7186,700,
09:46:22,47.7519,200,
09:46:23,47.7699,600,
09:46:24,47.75,100,
09:46:24,47.76,100,
09:46:24,47.7599,100,
09:46:24,47.77,700,
09:46:25,47.75,400,
09:46:25,47.77,100,
09:46:25,47.78,100,
09:46:25,47.81,200,
09:46:25,47.81,200,
09:46:25,47.81,100,
09:46:25,47.81,200,
09:46:25,47.81,100,
09:46:26,47.82,100,
09:46:26,47.84,100,
09:46:28,47.81,100,
09:46:28,47.82,100,
09:46:28,47.83,100,
09:46:28,47.84,100,
09:46:28,47.79,100,
09:46:29,47.82,150,
09:46:30,47.81,100,
09:46:33,47.82,100,
09:46:35,47.8102,300,
09:46:35,47.82,100,
09:46:35,47.839,400,
09:46:35,47.829,100,
09:46:37,47.83,100,
09:46:37,47.83,100,
09:46:37,47.8299,100,
09:46:37,47.83,100,
09:46:37,47.8399,500,
09:46:40,47.80,100,
09:46:40,47.798,150,
09:46:42,47.80,100,
09:46:43,47.7999,100,
09:46:44,47.79,600,
09:46:44,47.7702,1000,
09:46:46,47.8101,100,
09:46:46,47.85,200,
09:46:46,47.84,100,
09:46:50,47.8262,150,
09:46:50,47.8199,100,
09:46:51,47.83,100,
09:46:51,47.83,1200,
09:46:53,47.81,325,
09:46:56,47.85,573,
09:46:56,47.85,100,
09:46:56,47.85,600,
09:46:56,47.85,2605,
09:46:57,47.869,100,
09:46:58,47.90,600,
09:46:58,47.89,100,
09:46:58,47.91,100,
09:46:59,47.889,100,
09:46:59,47.92,100,
09:47:00,47.9256,100,
09:47:00,47.93,700,
09:47:01,47.8901,200,
09:47:01,47.89,100,
09:47:02,47.9299,100,
09:47:04,47.88,100,
09:47:04,47.89,100,
09:47:04,47.89,100,
09:47:04,47.8644,165,
09:47:07,47.868,100,
09:47:08,47.87,200,
09:47:10,47.87,100,
09:47:10,47.90,100,
09:47:10,47.89,100,
09:47:11,47.87,100,
09:47:11,47.869,100,
09:47:13,47.85,100,
09:47:14,47.87,100,
09:47:14,47.859,100,
09:47:14,47.84,100,
09:47:15,47.829,200,
09:47:15,47.81,500,
09:47:15,47.81,100,
09:47:15,47.81,200,
09:47:15,47.80,200,
09:47:15,47.79,100,
09:47:15,47.79,400,
09:47:15,47.79,100,
09:47:16,47.7872,100,
09:47:17,47.8099,100,
09:47:17,47.83,100,
09:47:18,47.81,100,
09:47:18,47.83,100,
09:47:19,47.81,1100,
09:47:20,47.811,1200,
09:47:22,47.79,100,
09:47:22,47.80,100,
09:47:22,47.80,100,
09:47:23,47.79,100,
09:47:23,47.80,100,
09:47:26,47.78,100,
09:47:26,47.7799,100,
09:47:26,47.79,500,
09:47:27,47.7301,900,
09:47:28,47.76,100,
09:47:28,47.76,100,
09:47:30,47.79,100,
09:47:31,47.811,500,
09:47:32,47.8216,100,
09:47:35,47.8016,200,
09:47:36,47.7884,200,
09:47:40,47.83,100,
09:47:40,47.88,100,
09:47:40,47.88,100,
09:47:40,47.88,200,
09:47:40,47.88,300,
09:47:40,47.86,100,
09:47:40,47.8799,200,
09:47:43,47.89,100,
09:47:44,47.90,1800,
09:47:44,47.8988,3700,
09:47:44,47.90,100,
09:47:44,47.8999,100,
09:47:44,47.8999,100,
09:47:44,47.89,300,
09:47:44,47.89,200,
09:47:44,47.89,100,
09:47:45,47.91,100,
09:47:45,47.89,100,
09:47:46,47.92,699,
09:47:47,47.92,100,
09:47:47,47.91,100,
09:47:47,47.92,600,
09:47:47,47.92,100,
09:47:49,47.93,100,
09:47:50,47.92,200,
09:47:52,47.87,100,
09:47:52,47.88,100,
09:47:52,47.87,100,
09:47:52,47.89,100,
09:47:52,47.90,200,
09:47:52,47.90,100,
09:47:52,47.91,100,
09:47:52,47.92,500,
09:47:52,47.92,100,
09:47:53,47.93,100,
09:47:53,47.94,1000,
09:47:53,47.94,100,
09:47:53,47.94,1500,
09:47:53,47.95,100,
09:47:53,47.96,100,
09:47:53,47.879,300,
09:47:54,47.879,200,
09:47:54,47.929,200,
09:47:54,47.93,100,
09:47:55,47.92,100,
09:47:57,47.9472,1000,
09:48:00,47.959,100,
09:48:02,47.96,100,
09:48:02,47.96,200,
09:48:03,47.96,400,
09:48:03,47.97,100,
09:48:03,47.9699,100,
09:48:04,47.9516,200,
09:48:04,47.95,100,
09:48:04,47.9591,100,
09:48:04,47.959,700,
09:48:04,47.959,300,
09:48:05,47.96,100,
09:48:05,47.96,300,
09:48:06,47.95,100,
09:48:09,47.8972,500,
09:48:09,47.9099,500,
09:48:10,47.909,190,
09:48:11,47.93,100,
09:48:11,47.909,600,
09:48:12,47.90,100,
09:48:12,47.90,100,
09:48:12,47.899,900,
09:48:18,47.91,100,
09:48:18,47.90,100,
09:48:18,47.92,100,
09:48:18,47.91,100,
09:48:18,47.92,100,
09:48:19,47.89,100,
09:48:20,47.86,100,
09:48:20,47.87,100,
09:48:20,47.87,100,
09:48:21,47.8599,100,
09:48:22,47.86,100,
09:48:22,47.8599,100,
09:48:22,47.8599,100,
09:48:22,47.89,100,
09:48:22,47.90,100,
09:48:22,47.88,100,
09:48:22,47.88,100,
09:48:23,47.86,100,
09:48:23,47.86,100,
09:48:24,47.89,100,
09:48:28,47.89,100,
09:48:32,47.95,100,
09:48:32,47.96,100,
09:48:32,47.948,200,
09:48:32,47.9586,700,
09:48:32,47.95,100,
09:48:32,47.95,1000,
09:48:35,47.96,395,
09:48:35,47.9605,1500,
09:48:37,47.94,500,
09:48:37,47.94,100,
09:48:37,47.95,100,
09:48:37,47.93,100,
09:48:37,47.9695,100,
09:48:39,47.95,100,
09:48:41,47.94,100,
09:48:41,47.95,100,
09:48:41,47.95,100,
09:48:41,47.95,100,
09:48:42,47.9598,100,
09:48:42,47.9572,100,
09:48:42,47.959,300,
09:48:44,47.95,600,
09:48:46,47.9256,200,
09:48:47,47.909,400,
09:48:47,47.909,100,
09:48:47,47.909,200,
09:48:47,47.90,200,
09:48:47,47.90,200,
09:48:48,47.92,100,
09:48:49,47.90,100,
09:48:50,47.9082,100,
09:48:50,47.90,100,
09:48:51,47.90,100,
09:48:51,47.8998,100,
09:48:54,47.86,100,
09:48:54,47.87,100,
09:48:54,47.8793,300,
09:48:56,47.88,100,
09:48:56,47.88,100,
09:48:57,47.87,100,
09:48:58,47.86,100,
09:48:58,47.86,100,
09:48:59,47.876,1800,
09:48:59,47.83,100,
09:49:00,47.878,100,
09:49:00,47.878,400,
09:49:00,47.82,100,
09:49:01,47.82,100,
09:49:01,47.81,100,
09:49:01,47.79,500,
09:49:01,47.78,100,
09:49:01,47.79,100,
09:49:02,47.82,400,
09:49:02,47.77,1000,
09:49:03,47.77,100,
09:49:03,47.76,100,
09:49:05,47.78,100,
09:49:06,47.73,200,
09:49:07,47.76,100,
09:49:07,47.78,100,
09:49:07,47.78,500,
09:49:10,47.80,600,
09:49:10,47.80,100,
09:49:12,47.79,100,
09:49:13,47.78,300,
09:49:13,47.77,100,
09:49:15,47.76,500,
09:49:16,47.78,400,
09:49:16,47.78,500,
09:49:18,47.80,100,
09:49:18,47.81,100,
09:49:18,47.81,100,
09:49:18,47.80,100,
09:49:18,47.81,100,
09:49:19,47.81,100,
09:49:20,47.82,100,
09:49:20,47.84,100,
09:49:20,47.84,100,
09:49:23,47.839,200,
09:49:24,47.87,100,
09:49:24,47.8799,100,
09:49:24,47.88,100,
09:49:24,47.87,100,
09:49:26,47.84,100,
09:49:28,47.8232,800,
09:49:33,47.8362,400,
09:49:34,47.85,400,
09:49:34,47.86,1000,
09:49:35,47.88,100,
09:49:37,47.8881,100,
09:49:40,47.8799,100,
09:49:41,47.89,100,
09:49:42,47.92,100,
09:49:42,47.92,100,
09:49:43,47.93,100,
09:49:44,47.92,280,
09:49:45,47.919,100,
09:49:45,47.919,100,
09:49:47,47.9105,600,
09:49:49,47.939,800,
09:49:51,47.93,100,
09:49:51,47.9301,200,
09:49:51,47.92,100,
09:49:51,47.9201,300,
09:49:55,47.899,1500,
09:49:55,47.899,1500,
09:49:56,47.87,100,
09:49:56,47.87,100,
09:49:56,47.8528,1000,
09:49:57,47.8501,600,
09:49:57,47.85,300,
09:49:58,47.8599,250,
09:49:59,47.85,100,
09:49:59,47.85,100,
09:49:59,47.83,200,
09:50:01,47.90,200,
09:50:01,47.90,100,
09:50:01,47.90,100,
09:50:01,47.90,100,
09:50:02,47.879,200,
09:50:05,47.93,100,
09:50:05,47.9399,400,
09:50:06,47.92,800,
09:50:07,47.92,100,
09:50:09,47.89,100,
09:50:09,47.89,1500,
09:50:10,47.9216,500,
09:50:12,47.941,400,
09:50:12,47.9399,300,
09:50:12,47.94,1200,
09:50:17,47.91,100,
09:50:18,47.94,200,
09:50:18,47.94,100,
09:50:20,47.95,100,
09:50:20,47.95,500,
09:50:21,47.95,100,
09:50:21,47.96,100,
09:50:21,47.96,100,
09:50:21,47.97,100,
09:50:21,47.98,3600,
09:50:22,47.98,200,
09:50:22,47.98,400,
09:50:22,47.98,100,
09:50:22,47.98,100,
09:50:22,48,200,
09:50:22,48,100,
09:50:22,48.01,100,
09:50:22,48.01,100,
09:50:22,48,100,
09:50:22,48,200,
09:50:22,48.01,200,
09:50:22,48,100,
09:50:23,48.03,1000,
09:50:23,48.02,700,
09:50:23,48.04,100,
09:50:23,48.06,100,
09:50:23,48.07,500,
09:50:23,48.06,100,
09:50:23,48.08,1800,
09:50:23,48.07,500,
09:50:23,48.0995,1500,
09:50:24,48.10,100,
09:50:24,48.1042,100,
09:50:24,48.091,100,
09:50:24,48.11,100,
09:50:24,48.091,200,
09:50:24,48.09,5500,
09:50:25,48.0972,100,
09:50:26,48.0986,1000,
09:50:26,48.0999,100,
09:50:27,48.09,1900,
09:50:28,48.07,700,
09:50:28,48.0381,300,
09:50:29,48.07,100,
09:50:29,48.0698,300,
09:50:31,48.069,1000,
09:50:31,48.0566,100,
09:50:31,48.051,100,
09:50:33,48.05,100,
09:50:33,48.051,1100,
09:50:36,48.001,200,
09:50:36,48.03,500,
09:50:36,48.02,100,
09:50:37,48.05,500,
09:50:39,48.04,100,
09:50:40,48.04,900,
09:50:42,48.019,100,
09:50:42,48.019,1800,
09:50:43,48.0181,220,
09:50:43,48,100,
09:50:43,48,872,
09:50:44,47.96,100,
09:50:44,47.97,100,
09:50:44,47.9692,100,
09:50:45,47.9799,150,
09:50:47,47.9768,300,
09:50:47,47.98,100,
09:50:47,47.9799,100,
09:50:47,47.98,100,
09:50:47,47.98,550,
09:50:48,47.9799,300,
09:50:48,47.9799,100,
09:50:51,47.9599,300,
09:50:51,47.94,100,
09:50:51,47.9305,1000,
09:50:51,47.93,100,
09:50:52,47.93,100,
09:50:53,47.97,100,
09:50:54,47.97,100,
09:50:55,47.98,100,
09:50:56,47.97,300,
09:50:56,47.98,100,
09:50:59,47.98,100,
09:50:59,47.99,100,
09:51:01,47.98,100,
09:51:01,48,100,
09:51:02,47.99,100,
09:51:02,47.99,300,
09:51:03,47.97,150,
09:51:05,47.9368,400,
09:51:06,47.93,100,
09:51:06,47.93,300,
09:51:08,47.9299,100,
09:51:09,47.92,100,
09:51:10,47.91,100,
09:51:10,47.9105,743,
09:51:11,47.92,100,
09:51:12,47.92,100,
09:51:12,47.97,150,
09:51:12,47.97,100,
09:51:12,47.97,100,
09:51:14,47.97,100,
09:51:14,47.97,1000,
09:51:14,48,200,
09:51:18,47.99,100,
09:51:19,47.99,1100,
09:51:22,47.9907,100,
09:51:23,47.99,100,
09:51:25,47.98,2300,
09:51:25,48,100,
09:51:29,47.9984,200,
09:51:30,47.999,200,
09:51:32,47.959,100,
09:51:32,47.959,100,
09:51:35,47.96,100,
09:51:37,47.96,100,
09:51:38,47.92,200,
09:51:40,47.90,600,
09:51:41,47.89,100,
09:51:41,47.90,400,
09:51:42,47.86,100,
09:51:42,47.87,100,
09:51:44,47.8914,1000,
09:51:45,47.8841,100,
09:51:46,47.8972,1500,
09:51:47,47.93,300,
09:51:47,47.93,100,
09:51:48,47.93,138,
09:51:48,47.899,300,
09:51:50,47.9301,500,
09:51:51,47.97,1700,
09:51:51,47.96,100,
09:51:52,47.97,100,
09:51:53,47.9619,400,
09:51:55,48,100,
09:51:55,48,400,
09:51:55,48,200,
09:51:55,48,500,
09:51:57,47.99,100,
09:51:58,47.98,100,
09:51:59,47.9501,300,
09:52:01,47.99,100,
09:52:01,47.99,100,
09:52:03,48,3400,
09:52:04,47.99,100,
09:52:04,47.98,100,
09:52:05,47.96,100,
09:52:06,47.95,100,
09:52:06,47.94,1000,
09:52:06,47.94,200,
09:52:06,47.94,100,
09:52:06,47.93,100,
09:52:08,47.94,100,
09:52:09,47.90,100,
09:52:09,47.90,100,
09:52:09,47.90,200,
09:52:10,47.901,150,
09:52:10,47.94,100,
09:52:10,48,200,
09:52:10,47.99,900,
09:52:10,47.99,100,
09:52:10,47.99,100,
09:52:11,48.002,500,
09:52:12,48.01,100,
09:52:12,47.98,100,
09:52:13,47.98,100,
09:52:16,48.02,100,
09:52:16,48.0199,400,
09:52:17,48.01,100,
09:52:18,48.0216,500,
09:52:18,48.0299,100,
09:52:18,48.04,500,
09:52:19,48.02,100,
09:52:19,48.0201,100,
09:52:19,48.02,500,
09:52:20,48.02,100,
09:52:20,48.01,100,
09:52:22,48.021,600,
09:52:22,48.07,100,
09:52:22,48.07,100,
09:52:23,48.0699,100,
09:52:24,48.0858,100,
09:52:24,48.0899,200,
09:52:24,48.0801,1000,
09:52:25,48.09,100,
09:52:25,48.12,200,
09:52:25,48.13,100,
09:52:25,48.13,350,
09:52:25,48.13,200,
09:52:25,48.13,200,
09:52:25,48.10,500,
09:52:25,48.13,100,
09:52:25,48.14,100,
09:52:26,48.14,100,
09:52:26,48.13,100,
09:52:26,48.12,200,
09:52:26,48.12,100,
09:52:27,48.15,200,
09:52:28,48.1412,100,
09:52:28,48.141,100,
09:52:28,48.141,200,
09:52:28,48.1501,200,
09:52:28,48.15,500,
09:52:28,48.15,100,
09:52:29,48.1438,400,
09:52:30,48.14,1600,
09:52:31,48.16,100,
09:52:31,48.16,100,
09:52:31,48.14,500,
09:52:31,48.14,100,
09:52:31,48.15,100,
09:52:31,48.11,100,
09:52:32,48.12,100,
09:52:32,48.1199,400,
09:52:34,48.10,100,
09:52:34,48.09,100,
09:52:34,48.10,100,
09:52:34,48.17,400,
09:52:35,48.12,100,
09:52:35,48.13,100,
09:52:35,48.13,100,
09:52:35,48.09,100,
09:52:37,48.06,100,
09:52:40,48.0599,100,
09:52:40,48.0528,200,
09:52:43,48.07,200,
09:52:46,48.03,100,
09:52:47,48.04,100,
09:52:47,48.05,700,
09:52:48,48.0399,100,
09:52:48,48.05,100,
09:52:49,48.02,120,
09:52:50,48,131,
09:52:50,47.98,500,
09:52:52,47.98,1000,
09:52:55,47.96,100,
09:52:55,47.97,100,
09:52:55,47.98,100,
09:52:56,47.9699,300,
09:52:56,47.99,100,
09:52:57,47.9716,200,
09:52:57,47.93,100,
09:52:59,47.9699,100,
09:52:59,47.93,100,
09:52:59,47.93,100,
09:52:59,47.91,100,
09:53:00,47.90,100,
09:53:01,47.87,500,
09:53:01,47.9024,100,
09:53:01,47.901,100,
09:53:01,47.87,100,
09:53:01,47.88,100,
09:53:01,47.86,100,
09:53:01,47.86,100,
09:53:02,47.85,500,
09:53:05,47.81,100,
09:53:05,47.81,100,
09:53:05,47.81,100,
09:53:05,47.81,300,
09:53:06,47.81,394,
09:53:06,47.80,200,
09:53:06,47.80,500,
09:53:07,47.8016,200,
09:53:08,47.84,100,
09:53:08,47.84,100,
09:53:08,47.84,100,
09:53:09,47.84,100,
09:53:09,47.8562,400,
09:53:10,47.82,100,
09:53:10,47.841,1100,
09:53:10,47.82,100,
09:53:10,47.81,100,
09:53:10,47.81,100,
09:53:10,47.80,300,
09:53:10,47.80,100,
09:53:10,47.80,500,
09:53:10,47.80,100,
09:53:10,47.79,100,
09:53:10,47.78,100,
09:53:10,47.80,100,
09:53:10,47.77,100,
09:53:10,47.76,100,
09:53:10,47.76,100,
09:53:10,47.75,200,
09:53:10,47.73,100,
09:53:10,47.80,600,
09:53:10,47.73,100,
09:53:10,47.72,400,
09:53:10,47.71,500,
09:53:10,47.71,300,
09:53:10,47.70,200,
09:53:10,47.71,500,
09:53:10,47.69,100,
09:53:10,47.69,300,
09:53:10,47.69,100,
09:53:10,47.70,100,
09:53:10,47.69,100,
09:53:10,47.69,100,
09:53:10,47.69,100,
09:53:10,47.68,100,
09:53:10,47.68,200,
09:53:10,47.68,100,
09:53:10,47.68,100,
09:53:10,47.67,100,
09:53:10,47.67,100,
09:53:10,47.67,100,
09:53:10,47.67,100,
09:53:10,47.67,100,
09:53:10,47.67,100,
09:53:10,47.69,100,
09:53:10,47.69,200,
09:53:10,47.68,200,
09:53:10,47.67,100,
09:53:10,47.67,100,
09:53:10,47.67,100,
09:53:10,47.661,100,
09:53:10,47.841,100,
09:53:10,47.66,100,
09:53:10,47.65,100,
09:53:11,47.67,100,
09:53:11,47.68,100,
09:53:11,47.6602,100,
09:53:11,47.6625,100,
09:53:11,47.67,100,
09:53:11,47.661,400,
09:53:12,47.65,200,
09:53:12,47.65,200,
09:53:12,47.65,100,
09:53:12,47.6236,500,
09:53:12,47.61,100,
09:53:12,47.61,300,
09:53:12,47.62,100,
09:53:12,47.61,200,
09:53:12,47.60,300,
09:53:13,47.64,100,
09:53:13,47.59,500,
09:53:13,47.59,100,
09:53:13,47.60,100,
09:53:13,47.61,300,
09:53:13,47.61,100,
09:53:13,47.60,100,
09:53:13,47.60,100,
09:53:13,47.60,100,
09:53:13,47.60,100,
09:53:13,47.57,200,
09:53:13,47.60,100,
09:53:13,47.61,100,
09:53:14,47.62,100,
09:53:14,47.59,100,
09:53:16,47.58,250,
09:53:18,47.56,100,
09:53:19,47.5511,100,
09:53:19,47.5506,100,
09:53:19,47.55,100,
09:53:19,47.551,100,
09:53:19,47.55,1300,
09:53:19,47.52,300,
09:53:20,47.52,600,
09:53:20,47.52,100,
09:53:20,47.52,100,
09:53:20,47.51,100,
09:53:20,47.51,100,
09:53:20,47.53,500,
09:53:20,47.51,100,
09:53:20,47.52,100,
09:53:21,47.5014,200,
09:53:21,47.5014,800,
09:53:22,47.50,200,
09:53:22,47.5014,550,
09:53:22,47.50,200,
09:53:22,47.50,100,
09:53:22,47.50,100,
09:53:23,47.5095,100,
09:53:25,47.54,100,
09:53:25,47.50,168,
09:53:25,47.48,100,
09:53:25,47.48,100,
09:53:25,47.50,700,
09:53:25,47.50,500,
09:53:25,47.50,200,
09:53:25,47.509,500,
09:53:26,47.48,450,
09:53:26,47.49,100,
09:53:27,47.47,100,
09:53:27,47.47,100,
09:53:27,47.47,100,
09:53:27,47.49,100,
09:53:28,47.43,200,
09:53:30,47.4328,1640,
09:53:31,47.43,100,
09:53:32,47.45,100,
09:53:32,47.45,300,
09:53:33,47.47,300,
09:53:33,47.4699,1100,
09:53:33,47.44,100,
09:53:33,47.45,100,
09:53:33,47.43,100,
09:53:33,47.42,175,
09:53:33,47.42,100,
09:53:33,47.42,100,
09:53:33,47.42,100,
09:53:33,47.42,100,
09:53:33,47.42,200,
09:53:33,47.41,100,
09:53:33,47.41,100,
09:53:33,47.42,397,
09:53:33,47.41,200,
09:53:33,47.41,500,
09:53:33,47.43,100,
09:53:33,47.41,100,
09:53:33,47.46,100,
09:53:33,47.47,100,
09:53:34,47.47,100,
09:53:34,47.46,550,
09:53:35,47.47,100,
09:53:35,47.4732,500,
09:53:36,47.53,200,
09:53:37,47.54,100,
09:53:38,47.56,500,
09:53:38,47.58,100,
09:53:38,47.57,100,
09:53:38,47.59,100,
09:53:39,47.58,100,
09:53:40,47.59,100,
09:53:40,47.59,230,
09:53:40,47.55,100,
09:53:40,47.57,100,
09:53:40,47.54,100,
09:53:40,47.53,100,
09:53:40,47.50,100,
09:53:40,47.53,100,
09:53:40,47.53,100,
09:53:40,47.53,200,
09:53:40,47.53,100,
09:53:40,47.51,100,
09:53:40,47.5299,200,
09:53:40,47.5299,100,
09:53:40,47.51,200,
09:53:40,47.52,100,
09:53:40,47.52,272,
09:53:40,47.609,500,
09:53:43,47.53,100,
09:53:44,47.52,100,
09:53:44,47.52,100,
09:53:44,47.53,100,
09:53:46,47.55,100,
09:53:47,47.55,100,
09:53:48,47.56,100,
09:53:48,47.55,100,
09:53:49,47.56,100,
09:53:49,47.559,1000,
09:53:50,47.55,100,
09:53:51,47.56,100,
09:53:51,47.53,100,
09:53:52,47.55,100,
09:53:52,47.5499,100,
09:53:52,47.5401,100,
09:53:52,47.54,100,
09:53:52,47.5499,300,
09:53:52,47.51,100,
09:53:52,47.5088,500,
09:53:53,47.49,100,
09:53:53,47.4834,100,
09:53:53,47.4801,200,
09:53:53,47.47,300,
09:53:53,47.46,100,
09:53:53,47.47,100,
09:53:55,47.44,100,
09:53:55,47.44,100,
09:53:56,47.43,100,
09:53:56,47.43,200,
09:53:56,47.43,100,
09:53:56,47.43,200,
09:53:56,47.41,100,
09:53:57,47.4292,100,
09:53:57,47.43,100,
09:53:58,47.43,100,
09:53:58,47.4399,100,
09:53:59,47.431,700,
09:53:59,47.431,700,
09:53:59,47.44,300,
09:53:59,47.41,100,
09:53:59,47.42,100,
09:53:59,47.431,100,
09:54:00,47.42,100,
09:54:00,47.4199,100,
09:54:00,47.43,100,
09:54:01,47.41,100,
09:54:01,47.43,2600,
09:54:01,47.42,100,
09:54:02,47.4199,200,
09:54:02,47.43,200,
09:54:03,47.44,100,
09:54:03,47.43,100,
09:54:03,47.43,2000,
09:54:04,47.47,100,
09:54:04,47.47,100,
09:54:04,47.47,100,
09:54:05,47.479,200,
09:54:05,47.49,100,
09:54:06,47.49,100,
09:54:06,47.48,100,
09:54:06,47.48,400,
09:54:06,47.4899,100,
09:54:06,47.50,100,
09:54:06,47.52,100,
09:54:06,47.49,100,
09:54:06,47.51,100,
09:54:07,47.5151,100,
09:54:07,47.52,100,
09:54:07,47.528,300,
09:54:07,47.5272,500,
09:54:08,47.479,100,
09:54:08,47.52,100,
09:54:09,47.5514,1000,
09:54:10,47.56,100,
09:54:10,47.56,100,
09:54:10,47.55,100,
09:54:10,47.53,100,
09:54:11,47.52,100,
09:54:12,47.5199,100,
09:54:12,47.51,100,
09:54:12,47.51,300,
09:54:12,47.51,100,
09:54:12,47.51,100,
09:54:12,47.5099,100,
09:54:12,47.52,100,
09:54:13,47.50,100,
09:54:13,47.50,200,
09:54:13,47.45,100,
09:54:13,47.46,100,
09:54:13,47.45,100,
09:54:13,47.45,100,
09:54:13,47.519,300,
09:54:14,47.481,300,
09:54:16,47.49,100,
09:54:16,47.49,100,
09:54:16,47.49,100,
09:54:17,47.489,100,
09:54:17,47.51,100,
09:54:18,47.50,100,
09:54:18,47.50,100,
09:54:18,47.50,100,
09:54:18,47.4999,300,
09:54:19,47.50,100,
09:54:19,47.5099,1000,
09:54:20,47.49,200,
09:54:21,47.51,100,
09:54:21,47.50,100,
09:54:21,47.47,100,
09:54:21,47.47,100,
09:54:25,47.466,500,
09:54:25,47.459,100,
09:54:28,47.49,200,
09:54:28,47.50,100,
09:54:29,47.47,100,
09:54:30,47.49,100,
09:54:31,47.50,100,
09:54:32,47.50,100,
09:54:33,47.50,100,
09:54:33,47.50,100,
09:54:33,47.51,100,
09:54:34,47.4957,900,
09:54:34,47.50,100,
09:54:34,47.51,100,
09:54:34,47.51,100,
09:54:34,47.51,100,
09:54:34,47.49,100,
09:54:36,47.51,200,
09:54:36,47.53,100,
09:54:36,47.49,100,
09:54:37,47.55,100,
09:54:37,47.55,300,
09:54:38,47.5438,400,
09:54:40,47.57,100,
09:54:40,47.57,100,
09:54:40,47.5799,100,
09:54:41,47.59,300,
09:54:42,47.62,100,
09:54:42,47.62,100,
09:54:42,47.6199,100,
09:54:42,47.6199,200,
09:54:42,47.6199,100,
09:54:42,47.6199,100,
09:54:42,47.61,100,
09:54:43,47.618,100,
09:54:43,47.56,100,
09:54:44,47.53,100,
09:54:45,47.53,100,
09:54:45,47.52,100,
09:54:46,47.5198,200,
09:54:47,47.5199,800,
09:54:48,47.52,100,
09:54:49,47.51,100,
09:54:49,47.51,100,
09:54:49,47.51,100,
09:54:49,47.51,100,
09:54:51,47.51,200,
09:54:51,47.52,200,
09:54:52,47.51,100,
09:54:56,47.49,400,
09:54:56,47.52,100,
09:54:57,47.53,100,
09:54:57,47.53,100,
09:54:58,47.52,100,
09:54:58,47.51,100,
09:54:58,47.51,100,
09:54:58,47.5099,200,
09:54:59,47.53,100,
09:54:59,47.52,100,
09:54:59,47.50,100,
09:54:59,47.51,100,
09:54:59,47.49,100,
09:54:59,47.48,100,
09:55:00,47.48,500,
09:55:00,47.46,1000,
09:55:00,47.45,100,
09:55:00,47.46,200,
09:55:00,47.46,100,
09:55:00,47.47,100,
09:55:00,47.47,100,
09:55:00,47.48,500,
09:55:00,47.48,200,
09:55:00,47.48,100,
09:55:00,47.45,100,
09:55:00,47.48,203,
09:55:00,47.48,200,
09:55:05,47.49,200,
09:55:05,47.50,100,
09:55:05,47.51,100,
09:55:05,47.521,300,
09:55:05,47.529,100,
09:55:06,47.52,100,
09:55:06,47.51,100,
09:55:07,47.5301,200,
09:55:08,47.528,700,
09:55:08,47.539,100,
09:55:09,47.55,100,
09:55:10,47.539,100,
09:55:11,47.57,100,
09:55:13,47.58,100,
09:55:13,47.571,200,
09:55:15,47.5399,200,
09:55:16,47.51,100,
09:55:16,47.51,100,
09:55:16,47.51,100,
09:55:16,47.54,300,
09:55:19,47.55,100,
09:55:22,47.54,100,
09:55:22,47.51,100,
09:55:22,47.49,100,
09:55:22,47.49,200,
09:55:22,47.50,500,
09:55:23,47.499,500,
09:55:24,47.48,100,
09:55:24,47.51,100,
09:55:25,47.54,100,
09:55:26,47.53,500,
09:55:28,47.54,100,
09:55:28,47.55,100,
09:55:28,47.55,100,
09:55:28,47.55,100,
09:55:28,47.55,100,
09:55:28,47.531,700,
09:55:29,47.58,100,
09:55:30,47.5788,100,
09:55:31,47.56,100,
09:55:33,47.56,100,
09:55:34,47.569,200,
09:55:36,47.54,1000,
09:55:37,47.549,400,
09:55:37,47.549,300,
09:55:41,47.54,100,
09:55:42,47.53,200,
09:55:43,47.54,700,
09:55:45,47.51,100,
09:55:45,47.50,200,
09:55:45,47.48,100,
09:55:46,47.46,100,
09:55:46,47.46,100,
09:55:50,47.4301,100,
09:55:51,47.45,100,
09:55:52,47.46,100,
09:55:52,47.44,100,
09:55:52,47.4399,200,
09:55:52,47.44,108,
09:55:53,47.44,100,
09:55:54,47.44,500,
09:55:54,47.44,800,
09:55:54,47.43,200,
09:55:54,47.43,700,
09:55:54,47.40,200,
09:55:54,47.40,200,
09:55:54,47.41,100,
09:55:56,47.40,100,
09:55:56,47.39,400,
09:55:56,47.39,100,
09:55:57,47.3919,100,
09:55:57,47.3928,700,
09:55:57,47.42,200,
09:55:57,47.42,100,
09:55:57,47.42,400,
09:55:57,47.4228,160,
09:55:58,47.42,100,
09:55:58,47.42,100,
09:55:59,47.429,300,
09:55:59,47.44,200,
09:55:59,47.44,100,
09:55:59,47.44,100,
09:55:59,47.47,100,
09:56:00,47.39,100,
09:56:00,47.46,100,
09:56:00,47.4601,100,
09:56:00,47.4601,100,
09:56:00,47.47,100,
09:56:00,47.46,100,
09:56:00,47.46,100,
09:56:00,47.4601,100,
09:56:00,47.4601,100,
09:56:00,47.4601,100,
09:56:00,47.4575,100,
09:56:00,47.45,100,
09:56:01,47.4505,650,
09:56:02,47.45,100,
09:56:02,47.45,100,
09:56:04,47.4201,100,
09:56:04,47.41,500,
09:56:04,47.43,100,
09:56:05,47.47,300,
09:56:05,47.47,300,
09:56:05,47.47,100,
09:56:05,47.47,200,
09:56:05,47.47,100,
09:56:05,47.47,100,
09:56:07,47.47,100,
09:56:07,47.47,100,
09:56:09,47.46,100,
09:56:09,47.48,200,
09:56:10,47.46,100,
09:56:12,47.46,100,
09:56:13,47.45,100,
09:56:13,47.48,300,
09:56:14,47.47,100,
09:56:15,47.4686,500,
09:56:18,47.46,100,
09:56:19,47.45,100,
09:56:19,47.4199,200,
09:56:19,47.42,100,
09:56:20,47.42,200,
09:56:21,47.42,200,
09:56:21,47.44,100,
09:56:22,47.44,100,
09:56:22,47.47,200,
09:56:22,47.47,159,
09:56:22,47.46,100,
09:56:22,47.47,100,
09:56:23,47.49,200,
09:56:23,47.50,100,
09:56:23,47.50,200,
09:56:23,47.49,100,
09:56:24,47.51,300,
09:56:24,47.46,100,
09:56:25,47.51,200,
09:56:26,47.48,100,
09:56:27,47.49,100,
09:56:27,47.49,7500,
09:56:27,47.49,300,
09:56:27,47.48,100,
09:56:27,47.48,100,
09:56:28,47.4557,1900,
09:56:28,47.50,100,
09:56:29,47.459,250,
09:56:29,47.46,100,
09:56:29,47.47,100,
09:56:30,47.44,100,
09:56:30,47.44,100,
09:56:30,47.44,200,
09:56:30,47.42,100,
09:56:30,47.43,100,
09:56:30,47.44,100,
09:56:30,47.44,100,
09:56:31,47.43,100,
09:56:31,47.44,100,
09:56:31,47.44,100,
09:56:31,47.44,200,
09:56:31,47.44,100,
09:56:31,47.43,100,
09:56:32,47.46,1500,
09:56:32,47.46,100,
09:56:33,47.46,100,
09:56:33,47.44,400,
09:56:33,47.4762,200,
09:56:33,47.46,164,
09:56:34,47.47,1500,
09:56:35,47.47,1500,
09:56:35,47.47,100,
09:56:35,47.46,100,
09:56:35,47.47,100,
09:56:36,47.47,100,
09:56:36,47.47,100,
09:56:36,47.47,100,
09:56:38,47.499,100,
09:56:38,47.52,150,
09:56:38,47.50,100,
09:56:42,47.5284,300,
09:56:44,47.529,400,
09:56:45,47.53,100,
09:56:47,47.50,200,
09:56:50,47.47,100,
09:56:50,47.49,2100,
09:56:57,47.53,100,
09:56:58,47.55,200,
09:56:58,47.55,300,
09:56:58,47.55,200,
09:56:59,47.52,100,
09:57:00,47.5581,100,
09:57:00,47.59,200,
09:57:00,47.60,200,
09:57:00,47.59,600,
09:57:01,47.60,100,
09:57:02,47.58,100,
09:57:05,47.61,500,
09:57:06,47.57,100,
09:57:06,47.53,100,
09:57:07,47.52,100,
09:57:08,47.52,100,
09:57:08,47.53,200,
09:57:08,47.54,500,
09:57:09,47.54,600,
09:57:09,47.54,100,
09:57:09,47.519,600,
09:57:10,47.47,100,
09:57:10,47.45,1795,
09:57:10,47.44,100,
09:57:10,47.46,100,
09:57:10,47.45,200,
09:57:14,47.45,100,
09:57:15,47.41,100,
09:57:15,47.41,100,
09:57:15,47.40,200,
09:57:16,47.38,1000,
09:57:16,47.39,100,
09:57:16,47.39,100,
09:57:16,47.39,100,
09:57:16,47.38,700,
09:57:17,47.384,100,
09:57:18,47.41,100,
09:57:18,47.43,100,
09:57:20,47.38,200,
09:57:20,47.38,200,
09:57:20,47.38,3256,
09:57:20,47.38,200,
09:57:20,47.38,101,
09:57:20,47.38,100,
09:57:20,47.36,100,
09:57:20,47.35,100,
09:57:20,47.35,100,
09:57:20,47.36,100,
09:57:21,47.36,100,
09:57:22,47.37,100,
09:57:23,47.36,500,
09:57:23,47.37,100,
09:57:23,47.34,400,
09:57:24,47.39,100,
09:57:24,47.39,100,
09:57:24,47.36,100,
09:57:24,47.39,100,
09:57:24,47.40,200,
09:57:24,47.40,200,
09:57:24,47.41,100,
09:57:24,47.43,100,
09:57:25,47.46,300,
09:57:25,47.44,100,
09:57:26,47.45,300,
09:57:26,47.44,100,
09:57:26,47.44,100,
09:57:26,47.44,400,
09:57:26,47.44,200,
09:57:26,47.44,100,
09:57:27,47.419,100,
09:57:28,47.41,100,
09:57:28,47.4199,100,
09:57:28,47.42,1500,
09:57:29,47.40,100,
09:57:31,47.43,100,
09:57:31,47.44,100,
09:57:33,47.4481,250,
09:57:35,47.4119,300,
09:57:35,47.41,100,
09:57:36,47.36,100,
09:57:37,47.35,100,
09:57:37,47.34,100,
09:57:38,47.35,100,
09:57:39,47.34,100,
09:57:39,47.34,100,
09:57:39,47.34,100,
09:57:39,47.34,100,
09:57:39,47.349,500,
09:57:39,47.3496,100,
09:57:39,47.349,1200,
09:57:40,47.35,100,
09:57:41,47.366,1000,
09:57:41,47.37,1500,
09:57:41,47.37,200,
09:57:41,47.3714,1000,
09:57:42,47.35,100,
09:57:44,47.35,1500,
09:57:45,47.3636,100,
09:57:47,47.37,100,
09:57:47,47.38,100,
09:57:47,47.38,100,
09:57:47,47.37,300,
09:57:48,47.37,100,
09:57:49,47.3728,1320,
09:57:49,47.35,100,
09:57:49,47.33,200,
09:57:49,47.33,500,
09:57:49,47.33,200,
09:57:49,47.33,300,
09:57:49,47.33,200,
09:57:49,47.32,100,
09:57:49,47.31,100,
09:57:49,47.31,100,
09:57:49,47.29,200,
09:57:49,47.30,100,
09:57:49,47.31,500,
09:57:49,47.28,100,
09:57:49,47.28,100,
09:57:49,47.30,300,
09:57:49,47.2801,100,
09:57:50,47.29,200,
09:57:50,47.291,100,
09:57:50,47.29,150,
09:57:51,47.2828,4000,
09:57:51,47.331,250,
09:57:51,47.29,100,
09:57:52,47.2899,100,
09:57:52,47.28,100,
09:57:52,47.28,100,
09:57:52,47.2814,600,
09:57:52,47.30,100,
09:57:52,47.31,200,
09:57:53,47.32,200,
09:57:53,47.33,200,
09:57:53,47.34,200,
09:57:53,47.292,200,
09:57:54,47.35,200,
09:57:55,47.32,100,
09:57:56,47.30,100,
09:57:56,47.31,100,
09:57:56,47.315,100,
09:57:56,47.33,100,
09:57:56,47.31,100,
09:57:57,47.31,100,
09:57:58,47.31,100,
09:57:59,47.30,100,
09:57:59,47.2872,250,
09:58:00,47.30,100,
09:58:00,47.271,200,
09:58:01,47.2828,300,
09:58:02,47.29,100,
09:58:02,47.2901,100,
09:58:02,47.2901,100,
09:58:02,47.271,1400,
09:58:02,47.28,500,
09:58:04,47.27,100,
09:58:04,47.28,100,
09:58:07,47.2601,100,
09:58:08,47.27,200,
09:58:08,47.33,200,
09:58:08,47.33,100,
09:58:08,47.33,300,
09:58:09,47.35,300,
09:58:09,47.34,100,
09:58:09,47.32,100,
09:58:11,47.331,120,
09:58:12,47.34,100,
09:58:13,47.35,100,
09:58:14,47.34,100,
09:58:14,47.36,100,
09:58:16,47.34,2000,
09:58:17,47.3428,100,
09:58:17,47.34,100,
09:58:17,47.3402,1500,
09:58:18,47.3401,100,
09:58:18,47.3401,100,
09:58:18,47.36,100,
09:58:18,47.36,350,
09:58:18,47.35,100,
09:58:19,47.3499,100,
09:58:19,47.3572,100,
09:58:19,47.3416,100,
09:58:19,47.34,300,
09:58:20,47.35,100,
09:58:22,47.40,200,
09:58:22,47.39,200,
09:58:22,47.40,100,
09:58:22,47.38,100,
09:58:22,47.38,100,
09:58:23,47.38,100,
09:58:25,47.42,100,
09:58:25,47.41,100,
09:58:26,47.37,100,
09:58:26,47.38,100,
09:58:26,47.39,100,
09:58:26,47.36,100,
09:58:26,47.35,100,
09:58:26,47.33,100,
09:58:26,47.34,100,
09:58:26,47.33,100,
09:58:26,47.34,100,
09:58:26,47.33,100,
09:58:26,47.3499,200,
09:58:27,47.399,250,
09:58:27,47.35,100,
09:58:30,47.3328,2000,
09:58:30,47.33,100,
09:58:30,47.33,100,
09:58:30,47.33,100,
09:58:30,47.33,100,
09:58:30,47.32,400,
09:58:30,47.32,100,
09:58:31,47.34,200,
09:58:31,47.34,100,
09:58:31,47.34,100,
09:58:31,47.34,100,
09:58:31,47.3399,200,
09:58:31,47.3399,200,
09:58:31,47.3399,100,
09:58:31,47.3399,100,
09:58:32,47.33,200,
09:58:33,47.33,100,
09:58:33,47.31,100,
09:58:33,47.31,100,
09:58:33,47.29,100,
09:58:33,47.30,200,
09:58:33,47.33,200,
09:58:33,47.30,100,
09:58:33,47.31,100,
09:58:33,47.31,100,
09:58:33,47.31,200,
09:58:34,47.30,100,
09:58:34,47.31,100,
09:58:34,47.32,100,
09:58:34,47.32,100,
09:58:35,47.31,100,
09:58:35,47.32,100,
09:58:36,47.30,100,
09:58:37,47.31,100,
09:58:37,47.32,125,
09:58:39,47.28,100,
09:58:40,47.31,100,
09:58:40,47.31,100,
09:58:41,47.319,200,
09:58:42,47.31,200,
09:58:42,47.31,100,
09:58:43,47.30,100,
09:58:43,47.29,100,
09:58:45,47.259,100,
09:58:45,47.25,100,
09:58:45,47.26,600,
09:58:46,47.26,100,
09:58:47,47.27,200,
09:58:47,47.29,100,
09:58:48,47.268,500,
09:58:49,47.2599,100,
09:58:50,47.2432,150,
09:58:51,47.25,100,
09:58:51,47.255,100,
09:58:52,47.251,100,
09:58:53,47.24,100,
09:58:53,47.23,500,
09:58:53,47.22,100,
09:58:53,47.21,100,
09:58:53,47.21,100,
09:58:53,47.21,400,
09:58:53,47.21,100,
09:58:53,47.21,100,
09:58:53,47.20,100,
09:58:53,47.2001,200,
09:58:53,47.20,100,
09:58:53,47.20,900,
09:58:54,47.2026,100,
09:58:54,47.2009,100,
09:58:55,47.21,100,
09:58:55,47.21,100,
09:58:56,47.221,300,
09:58:56,47.221,300,
09:58:56,47.22,100,
09:58:56,47.24,500,
09:58:57,47.24,1000,
09:58:57,47.221,300,
09:58:57,47.2399,100,
09:58:57,47.2399,100,
09:58:57,47.25,100,
09:58:58,47.22,3300,
09:58:58,47.22,100,
09:58:59,47.2201,215,
09:58:59,47.22,1000,
09:58:59,47.22,2000,
09:58:59,47.21,100,
09:59:00,47.20,100,
09:59:00,47.2001,100,
09:59:00,47.2001,100,
09:59:00,47.2001,100,
09:59:00,47.2014,609,
09:59:00,47.20,200,
09:59:00,47.20,300,
09:59:00,47.20,100,
09:59:00,47.20,100,
09:59:00,47.19,700,
09:59:00,47.19,600,
09:59:00,47.19,100,
09:59:00,47.18,100,
09:59:00,47.18,600,
09:59:00,47.19,400,
09:59:00,47.18,100,
09:59:00,47.19,100,
09:59:00,47.18,100,
09:59:00,47.17,500,
09:59:00,47.17,100,
09:59:00,47.20,200,
09:59:00,47.24,100,
09:59:00,47.20,100,
09:59:00,47.19,100,
09:59:00,47.18,100,
09:59:00,47.22,400,
09:59:00,47.21,100,
09:59:00,47.21,203,
09:59:00,47.21,100,
09:59:00,47.24,100,
09:59:00,47.23,100,
09:59:00,47.23,100,
09:59:00,47.22,200,
09:59:00,47.26,100,
09:59:00,47.22,400,
09:59:00,47.24,203,
09:59:00,47.23,306,
09:59:00,47.24,100,
09:59:00,47.27,100,
09:59:00,47.20,100,
09:59:00,47.27,100,
09:59:00,47.27,100,
09:59:00,47.26,100,
09:59:00,47.28,300,
09:59:00,47.27,300,
09:59:00,47.28,100,
09:59:00,47.26,100,
09:59:00,47.28,100,
09:59:00,47.28,100,
09:59:00,47.28,100,
09:59:00,47.28,100,
09:59:00,47.25,100,
09:59:00,47.26,100,
09:59:00,47.26,100,
09:59:00,47.26,100,
09:59:00,47.27,500,
09:59:01,47.24,100,
09:59:01,47.24,300,
09:59:01,47.24,100,
09:59:01,47.2444,100,
09:59:02,47.24,100,
09:59:02,47.23,100,
09:59:02,47.23,200,
09:59:02,47.18,100,
09:59:03,47.15,100,
09:59:03,47.217,100,
09:59:03,47.1899,300,
09:59:03,47.18,100,
09:59:04,47.15,800,
09:59:04,47.15,100,
09:59:04,47.15,100,
09:59:04,47.17,100,
09:59:04,47.15,100,
09:59:04,47.16,100,
09:59:04,47.17,100,
09:59:04,47.1699,850,
09:59:05,47.17,100,
09:59:05,47.1699,200,
09:59:05,47.215,100,
09:59:05,47.20,100,
09:59:05,47.20,200,
09:59:05,47.20,100,
09:59:05,47.1999,100,
09:59:05,47.21,100,
09:59:05,47.21,200,
09:59:05,47.22,100,
09:59:06,47.24,100,
09:59:06,47.22,100,
09:59:06,47.24,3433,
09:59:06,47.221,600,
09:59:06,47.22,7200,
09:59:06,47.23,100,
09:59:07,47.23,100,
09:59:07,47.19,100,
09:59:08,47.1906,100,
09:59:09,47.212,200,
09:59:09,47.19,100,
09:59:10,47.1928,100,
09:59:10,47.1928,100,
09:59:10,47.22,100,
09:59:10,47.181,300,
09:59:10,47.20,100,
09:59:12,47.20,100,
09:59:12,47.19,100,
09:59:12,47.20,100,
09:59:12,47.19,100,
09:59:12,47.20,100,
09:59:12,47.16,500,
09:59:12,47.15,200,
09:59:12,47.15,500,
09:59:12,47.14,500,
09:59:12,47.14,300,
09:59:12,47.13,100,
09:59:13,47.11,100,
09:59:13,47.13,100,
09:59:13,47.16,400,
09:59:13,47.15,100,
09:59:13,47.15,100,
09:59:13,47.16,1200,
09:59:13,47.16,100,
09:59:13,47.13,300,
09:59:13,47.17,100,
09:59:13,47.12,100,
09:59:13,47.16,100,
09:59:13,47.11,100,
09:59:13,47.11,100,
09:59:13,47.14,100,
09:59:13,47.10,700,
09:59:14,47.13,100,
09:59:14,47.1313,100,
09:59:14,47.121,200,
09:59:14,47.131,200,
09:59:14,47.1201,100,
09:59:15,47.12,400,
09:59:15,47.11,900,
09:59:15,47.10,100,
09:59:15,47.10,100,
09:59:15,47.09,400,
09:59:15,47.07,200,
09:59:15,47.07,100,
09:59:15,47.08,100,
09:59:16,47.10,200,
09:59:16,47.0701,200,
09:59:16,47.0701,100,
09:59:16,47.07,170,
09:59:16,47.0733,100,
09:59:16,47.071,400,
09:59:16,47.07,300,
09:59:16,47.07,100,
09:59:16,47.0716,300,
09:59:17,47.09,100,
09:59:17,47.09,200,
09:59:17,47.07,100,
09:59:17,47.07,700,
09:59:17,47.06,200,
09:59:17,47.06,200,
09:59:17,47.07,400,
09:59:17,47.07,100,
09:59:17,47.07,203,
09:59:17,47.04,100,
09:59:17,47.0599,400,
09:59:17,47.04,200,
09:59:17,47.02,300,
09:59:17,47.0514,100,
09:59:17,47.051,700,
09:59:18,47.08,100,
09:59:18,47.07,100,
09:59:18,47.07,100,
09:59:18,47.07,200,
09:59:18,47.06,200,
09:59:18,47.06,100,
09:59:18,47.051,100,
09:59:18,47.071,200,
09:59:19,47.05,3900,
09:59:19,47.05,100,
09:59:19,47.03,400,
09:59:19,47.02,100,
09:59:19,47.02,100,
09:59:19,47.03,100,
09:59:19,47.02,485,
09:59:20,47.02,100,
09:59:20,47.0201,200,
09:59:20,47.04,200,
09:59:20,47.04,100,
09:59:20,47.0301,200,
09:59:20,47.031,200,
09:59:21,47.0301,200,
09:59:21,47.0201,500,
09:59:21,47.01,500,
09:59:21,47,200,
09:59:21,47,150,
09:59:21,47,150,
09:59:21,47,100,
09:59:21,47,100,
09:59:21,47,100,
09:59:21,47,100,
09:59:21,47,100,
09:59:21,47.01,100,
09:59:21,47.01,100,
09:59:21,47.01,100,
09:59:21,47.01,100,
09:59:21,47.01,200,
09:59:21,47.01,100,
09:59:21,47.01,100,
09:59:21,47.011,200,
09:59:21,47.011,100,
09:59:21,47.011,200,
09:59:22,47.01,800,
09:59:22,47.0246,100,
09:59:22,47.01,163,
09:59:22,47.01,100,
09:59:22,47.011,100,
09:59:22,47.0114,719,
09:59:23,47.02,619,
09:59:23,47.0273,100,
09:59:23,47,100,
09:59:23,47.01,100,
09:59:24,47.01,100,
09:59:24,47.01,300,
09:59:24,47.06,100,
09:59:24,47.07,400,
09:59:24,47.012,500,
09:59:24,47.041,100,
09:59:25,47.03,100,
09:59:25,47.04,100,
09:59:26,47.04,721,
09:59:26,47.0507,2000,
09:59:26,47.05,100,
09:59:27,47.03,100,
09:59:27,47.031,100,
09:59:27,47.0357,750,
09:59:28,47.06,100,
09:59:29,47.04,100,
09:59:29,47.05,100,
09:59:29,47.05,1000,
09:59:29,47.0401,100,
09:59:29,47.035,250,
09:59:29,47.03,100,
09:59:29,47.02,100,
09:59:30,47.02,100,
09:59:30,47.0201,100,
09:59:30,47.0201,100,
09:59:30,47.01,100,
09:59:30,47,100,
09:59:30,47.0001,100,
09:59:30,47.001,400,
09:59:30,47,482,
09:59:31,47.0035,100,
09:59:31,47.001,400,
09:59:31,47,100,
09:59:31,47.001,500,
09:59:31,47,400,
09:59:32,47,100,
09:59:32,47,700,
09:59:33,47,600,
09:59:33,46.97,100,
09:59:33,46.96,100,
09:59:33,46.98,200,
09:59:33,46.98,100,
09:59:33,46.97,400,
09:59:33,46.97,1500,
09:59:33,46.96,100,
09:59:33,46.97,300,
09:59:33,46.96,100,
09:59:33,47,100,
09:59:33,47.01,100,
09:59:33,47.03,200,
09:59:33,47.05,100,
09:59:33,46.96,100,
09:59:33,47.03,300,
09:59:33,47.05,100,
09:59:33,47.03,200,
09:59:33,47.011,100,
09:59:33,47.04,100,
09:59:33,46.96,100,
09:59:33,47.01,500,
09:59:33,47.021,200,
09:59:34,47.02,100,
09:59:35,47.04,500,
09:59:35,47.06,100,
09:59:36,47.04,100,
09:59:36,47.03,100,
09:59:36,47.05,2600,
09:59:36,46.97,200,
09:59:38,47.03,100,
09:59:38,47.0315,180,
09:59:39,47.05,100,
09:59:40,47.03,100,
09:59:40,47.0328,600,
09:59:40,47.03,100,
09:59:40,47.067,100,
09:59:41,47.02,200,
09:59:42,47.021,100,
09:59:42,47.02,100,
09:59:42,47.0099,200,
09:59:42,47.02,100,
09:59:42,47.021,200,
09:59:42,47.021,200,
09:59:43,47.021,100,
09:59:45,47.04,100,
09:59:47,47,100,
09:59:47,47.0001,100,
09:59:48,47.02,200,
09:59:49,47.02,200,
09:59:50,47.03,100,
09:59:50,47.031,100,
09:59:50,47.031,100,
09:59:50,47.02,100,
09:59:50,47.03,100,
09:59:51,47.07,100,
09:59:51,47.07,100,
09:59:51,47.09,100,
09:59:51,47.07,100,
09:59:52,47.07,400,
09:59:52,47.08,100,
09:59:52,47.085,100,
09:59:53,47.0699,100,
09:59:53,47.07,100,
09:59:53,47.0699,100,
09:59:53,47.07,100,
09:59:54,47.06,200,
09:59:56,47.06,100,
09:59:56,47.0807,130,
09:59:57,47.089,200,
09:59:57,47.06,14100,
09:59:57,47.10,200,
09:59:57,47.10,100,
09:59:58,47.10,300,
09:59:58,47.08,100,
09:59:59,47.08,100,
09:59:59,47.09,200,
09:59:59,47.09,100,
09:59:59,47.09,500,
09:59:59,47.0998,500,
10:00:01,47.09,100,
10:00:01,47.099,300,
10:00:01,47.05,100,
10:00:02,47.02,100,
10:00:02,47.03,100,
10:00:02,47.025,100,
10:00:03,47.03,100,
10:00:03,47.03,100,
10:00:03,47.02,100,
10:00:05,47.03,100,
10:00:05,47.02,100,
10:00:05,47.03,100,
10:00:05,47.04,100,
10:00:05,47.01,100,
10:00:05,47.01,100,
10:00:05,47.01,100,
10:00:05,47.02,200,
10:00:05,47.02,100,
10:00:06,47.03,100,
10:00:06,47,100,
10:00:07,46.96,100,
10:00:07,46.97,100,
10:00:07,46.9692,100,
10:00:07,46.9692,100,
10:00:07,47.029,1000,
10:00:07,46.95,100,
10:00:07,46.95,100,
10:00:08,46.95,200,
10:00:08,46.96,200,
10:00:08,46.97,100,
10:00:09,46.93,1000,
10:00:10,46.98,200,
10:00:10,46.96,100,
10:00:10,46.96,500,
10:00:12,46.96,1800,
10:00:12,46.98,100,
10:00:12,46.97,100,
10:00:12,46.95,100,
10:00:12,46.95,100,
10:00:12,46.9501,400,
10:00:13,46.96,400,
10:00:13,46.969,100,
10:00:14,46.98,100,
10:00:14,46.98,200,
10:00:14,46.99,900,
10:00:14,47.02,100,
10:00:16,46.9901,400,
10:00:16,47.02,100,
10:00:18,47.02,100,
10:00:18,47.02,100,
10:00:19,47.04,100,
10:00:19,47.04,100,
10:00:20,47.04,100,
10:00:20,47.04,100,
10:00:20,47.04,100,
10:00:20,47.04,500,
10:00:20,47.03,100,
10:00:21,47.05,100,
10:00:21,47.05,100,
10:00:21,47.05,100,
10:00:21,47.0505,220,
10:00:23,47.0115,100,
10:00:24,47.02,100,
10:00:24,47.02,100,
10:00:24,47.0201,100,
10:00:24,47.02,100,
10:00:24,47.01,100,
10:00:25,47,100,
10:00:25,47,100,
10:00:25,47.02,100,
10:00:26,47,300,
10:00:27,47.02,100,
10:00:27,47.0199,100,
10:00:27,47.0199,100,
10:00:29,47.0498,500,
10:00:30,47,400,
10:00:30,47.04,100,
10:00:30,47.0399,100,
10:00:31,47.05,700,
10:00:31,47.04,100,
10:00:31,47.0399,1300,
10:00:32,47.05,100,
10:00:32,47.05,100,
10:00:32,47.05,100,
10:00:32,47.04,100,
10:00:32,47.0305,100,
10:00:32,47.0322,100,
10:00:32,47.031,498,
10:00:33,47.05,100,
10:00:34,47.03,6400,
10:00:35,47.03,100,
10:00:35,47.0399,100,
10:00:36,47.04,100,
10:00:36,47.05,100,
10:00:37,47.07,100,
10:00:37,47.0699,250,
10:00:37,47.09,400,
10:00:38,47.09,100,
10:00:38,47.07,100,
10:00:38,47.07,100,
10:00:38,47.09,200,
10:00:40,47.09,100,
10:00:40,47.0994,100,
10:00:40,47.0999,100,
10:00:40,47.0999,400,
10:00:41,47.10,100,
10:00:44,47.08,100,
10:00:44,47.0799,100,
10:00:46,47.06,100,
10:00:47,47.06,100,
10:00:47,47.07,100,
10:00:47,47.0528,100,
10:00:49,47.042,300,
10:00:49,47.0402,100,
10:00:49,47.06,100,
10:00:50,47.05,100,
10:00:50,47.0499,100,
10:00:50,47.07,100,
10:00:50,47.07,200,
10:00:50,47.06,100,
10:00:50,47.07,100,
10:00:51,47.06,300,
10:00:51,47.06,100,
10:00:53,47.0408,300,
10:00:54,47.0572,1000,
10:00:54,47.0599,500,
10:00:54,47.06,200,
10:00:55,47.06,200,
10:00:57,47.07,100,
10:00:57,47.07,100,
10:00:58,47.09,100,
10:00:58,47.09,100,
10:00:58,47.09,100,
10:00:58,47.0899,100,
10:00:58,47.0899,100,
10:00:58,47.0702,100,
10:01:00,47.0899,100,
10:01:01,47.0928,100,
10:01:01,47.10,100,
10:01:01,47.12,100,
10:01:02,47.14,100,
10:01:02,47.1499,100,
10:01:02,47.16,100,
10:01:02,47.1599,100,
10:01:03,47.16,100,
10:01:03,47.15,100,
10:01:03,47.15,100,
10:01:03,47.1501,400,
10:01:03,47.16,100,
10:01:03,47.20,100,
10:01:03,47.20,100,
10:01:04,47.18,200,
10:01:04,47.1285,100,
10:01:04,47.1872,700,
10:01:05,47.19,400,
10:01:05,47.1772,900,
10:01:05,47.16,100,
10:01:05,47.16,100,
10:01:05,47.16,100,
10:01:05,47.16,100,
10:01:05,47.15,200,
10:01:06,47.15,100,
10:01:06,47.16,200,
10:01:06,47.187,100,
10:01:07,47.18,600,
10:01:07,47.16,100,
10:01:08,47.16,100,
10:01:08,47.159,200,
10:01:08,47.159,200,
10:01:10,47.16,100,
10:01:10,47.12,100,
10:01:11,47.16,5900,
10:01:11,47.16,100,
10:01:13,47.1601,100,
10:01:13,47.1601,100,
10:01:13,47.1699,500,
10:01:14,47.17,100,
10:01:14,47.17,200,
10:01:14,47.18,100,
10:01:14,47.19,100,
10:01:15,47.17,100,
10:01:15,47.17,100,
10:01:16,47.1799,500,
10:01:17,47.1899,900,
10:01:19,47.19,100,
10:01:20,47.18,100,
10:01:23,47.14,200,
10:01:23,47.17,100,
10:01:25,47.16,100,
10:01:26,47.15,100,
10:01:26,47.15,100,
10:01:26,47.13,100,
10:01:27,47.15,100,
10:01:28,47.14,100,
10:01:31,47.167,300,
10:01:33,47.1401,900,
10:01:33,47.1526,100,
10:01:33,47.16,400,
10:01:33,47.18,300,
10:01:34,47.20,100,
10:01:34,47.21,300,
10:01:34,47.21,300,
10:01:34,47.21,100,
10:01:34,47.21,100,
10:01:34,47.21,200,
10:01:34,47.21,100,
10:01:35,47.21,100,
10:01:36,47.22,100,
10:01:36,47.23,200,
10:01:36,47.23,200,
10:01:36,47.24,200,
10:01:36,47.24,100,
10:01:37,47.23,100,
10:01:37,47.23,100,
10:01:37,47.2299,450,
10:01:38,47.23,100,
10:01:39,47.24,100,
10:01:39,47.2385,500,
10:01:40,47.2301,100,
10:01:40,47.2399,1500,
10:01:40,47.24,100,
10:01:40,47.22,100,
10:01:40,47.21,100,
10:01:40,47.21,100,
10:01:40,47.2399,100,
10:01:40,47.2399,100,
10:01:41,47.23,100,
10:01:42,47.23,100,
10:01:43,47.24,100,
10:01:43,47.23,100,
10:01:44,47.209,300,
10:01:44,47.209,400,
10:01:47,47.18,100,
10:01:47,47.17,100,
10:01:50,47.17,100,
10:01:52,47.13,500,
10:01:52,47.13,100,
10:01:52,47.171,500,
10:01:53,47.13,1000,
10:01:54,47.12,100,
10:01:54,47.11,200,
10:01:56,47.14,100,
10:01:56,47.1199,300,
10:01:57,47.1101,200,
10:01:57,47.12,200,
10:01:57,47.12,100,
10:01:57,47.129,200,
10:01:58,47.13,600,
10:01:58,47.1056,2000,
10:02:01,47.14,100,
10:02:01,47.12,100,
10:02:02,47.13,100,
10:02:05,47.13,100,
10:02:10,47.13,100,
10:02:11,47.14,100,
10:02:13,47.20,100,
10:02:13,47.19,300,
10:02:13,47.23,100,
10:02:13,47.22,400,
10:02:15,47.21,200,
10:02:15,47.23,100,
10:02:15,47.25,100,
10:02:15,47.24,100,
10:02:16,47.2199,100,
10:02:17,47.2199,100,
10:02:17,47.2392,100,
10:02:18,47.2399,100,
10:02:18,47.25,100,
10:02:19,47.20,100,
10:02:21,47.24,100,
10:02:23,47.21,100,
10:02:23,47.20,100,
10:02:25,47.21,100,
10:02:25,47.199,100,
10:02:26,47.1972,200,
10:02:26,47.199,100,
10:02:27,47.19,100,
10:02:27,47.209,1700,
10:02:27,47.209,1700,
10:02:29,47.189,100,
10:02:30,47.2061,100,
10:02:31,47.201,250,
10:02:34,47.16,100,
10:02:34,47.155,100,
10:02:34,47.15,100,
10:02:34,47.15,100,
10:02:34,47.16,100,
10:02:34,47.1599,300,
10:02:35,47.1499,100,
10:02:35,47.16,4800,
10:02:36,47.1799,100,
10:02:36,47.19,300,
10:02:38,47.1601,200,
10:02:39,47.12,200,
10:02:39,47.1399,100,
10:02:40,47.14,100,
10:02:40,47.14,100,
10:02:40,47.13,100,
10:02:41,47.12,500,
10:02:41,47.12,100,
10:02:41,47.12,100,
10:02:41,47.12,200,
10:02:41,47.12,100,
10:02:41,47.11,5782,
10:02:43,47.16,100,
10:02:43,47.16,100,
10:02:43,47.1616,400,
10:02:43,47.18,100,
10:02:43,47.17,100,
10:02:43,47.16,100,
10:02:43,47.15,100,
10:02:43,47.14,100,
10:02:44,47.13,100,
10:02:44,47.13,100,
10:02:44,47.13,100,
10:02:44,47.13,100,
10:02:44,47.15,100,
10:02:46,47.12,100,
10:02:46,47.13,100,
10:02:46,47.14,100,
10:02:46,47.14,100,
10:02:47,47.11,2000,
10:02:48,47.13,100,
10:02:50,47.10,100,
10:02:50,47.1026,230,
10:02:51,47.10,200,
10:02:51,47.09,105,
10:02:51,47.10,800,
10:02:52,47.103,100,
10:02:55,47.09,100,
10:02:55,47.09,100,
10:02:55,47.0899,100,
10:02:55,47.09,100,
10:02:55,47.11,100,
10:02:55,47.0899,100,
10:02:55,47.12,100,
10:02:55,47.10,100,
10:02:55,47.12,100,
10:02:56,47.12,100,
10:02:56,47.12,200,
10:02:59,47.08,100,
10:02:59,47.10,100,
10:02:59,47.0728,780,
10:03:00,47.06,100,
10:03:00,47.06,100,
10:03:00,47.06,100,
10:03:01,47.06,310,
10:03:02,47.05,100,
10:03:03,47.0599,100,
10:03:03,47.05,100,
10:03:05,47.0301,200,
10:03:05,47.03,100,
10:03:05,47.03,100,
10:03:05,47.0328,300,
10:03:05,47.0314,300,
10:03:06,47.03,100,
10:03:06,47.02,200,
10:03:07,47.0274,100,
10:03:07,47.0292,100,
10:03:07,47.02,800,
10:03:09,47.07,100,
10:03:09,47.08,1100,
10:03:09,47.06,100,
10:03:09,47.06,100,
10:03:10,47.0905,200,
10:03:10,47.031,1200,
10:03:10,47.099,200,
10:03:10,47.099,200,
10:03:11,47.0985,100,
10:03:13,47.10,400,
10:03:14,47.109,100,
10:03:14,47.08,100,
10:03:16,47.108,700,
10:03:18,47.1136,300,
10:03:24,47.11,100,
10:03:25,47.079,200,
10:03:25,47.079,100,
10:03:25,47.05,100,
10:03:26,47.08,1400,
10:03:27,47.06,100,
10:03:27,47.05,100,
10:03:28,47.0585,100,
10:03:28,47.02,100,
10:03:30,47.03,100,
10:03:31,47.02,100,
10:03:31,47.04,100,
10:03:31,47.04,100,
10:03:31,47.04,100,
10:03:32,47.03,100,
10:03:32,47.03,800,
10:03:32,47.02,100,
10:03:32,47.0401,200,
10:03:32,47.0401,100,
10:03:32,47.0401,100,
10:03:32,47.04,100,
10:03:32,47.0407,1200,
10:03:35,47.04,100,
10:03:35,47.06,200,
10:03:35,47.08,100,
10:03:35,47.05,100,
10:03:36,47.0599,300,
10:03:36,47.0599,200,
10:03:36,47.05,100,
10:03:36,47.08,100,
10:03:37,47.06,100,
10:03:39,47.08,200,
10:03:39,47.07,100,
10:03:39,47.08,100,
10:03:39,47.07,100,
10:03:40,47.06,100,
10:03:40,47.05,100,
10:03:41,47.05,100,
10:03:41,47.03,100,
10:03:41,47.03,200,
10:03:41,47.01,100,
10:03:41,47,100,
10:03:41,47.01,100,
10:03:41,47,100,
10:03:41,47.01,100,
10:03:41,47.01,100,
10:03:42,47,300,
10:03:42,47,341,
10:03:42,47,100,
10:03:42,47,1000,
10:03:43,47.01,100,
10:03:44,47.01,100,
10:03:44,47.01,100,
10:03:44,46.97,200,
10:03:44,46.95,100,
10:03:44,46.96,100,
10:03:45,46.95,100,
10:03:45,46.95,100,
10:03:45,46.93,100,
10:03:45,46.94,100,
10:03:46,46.94,100,
10:03:46,46.9599,300,
10:03:46,46.92,100,
10:03:46,46.92,250,
10:03:47,46.93,100,
10:03:47,46.9301,100,
10:03:47,46.92,100,
10:03:47,46.92,1000,
10:03:47,46.90,1500,
10:03:48,46.91,1000,
10:03:48,46.92,100,
10:03:48,46.91,200,
10:03:48,46.91,600,
10:03:48,46.91,100,
10:03:49,46.93,100,
10:03:49,46.92,100,
10:03:49,46.93,100,
10:03:49,46.93,200,
10:03:49,46.90,150,
10:03:50,46.912,1000,
10:03:51,46.93,100,
10:03:51,46.91,100,
10:03:51,46.91,100,
10:03:52,46.91,100,
10:03:52,46.90,100,
10:03:52,46.901,370,
10:03:52,46.93,100,
10:03:54,46.93,300,
10:03:55,46.93,100,
10:03:56,46.97,100,
10:03:57,46.95,100,
10:03:57,46.9744,4500,
10:03:58,46.99,100,
10:03:58,46.99,100,
10:03:59,46.99,100,
10:03:59,46.99,100,
10:03:59,46.98,100,
10:04:01,46.97,100,
10:04:02,46.98,100,
10:04:02,46.98,100,
10:04:02,47.02,100,
10:04:02,47.01,100,
10:04:02,47.01,100,
10:04:02,47,100,
10:04:04,46.97,200,
10:04:04,46.9699,100,
10:04:05,46.97,100,
10:04:05,46.9699,500,
10:04:05,46.9699,300,
10:04:05,46.951,1000,
10:04:06,46.95,100,
10:04:06,46.95,100,
10:04:06,46.95,100,
10:04:06,46.94,100,
10:04:06,46.95,100,
10:04:06,46.9335,150,
10:04:07,46.95,100,
10:04:08,46.95,100,
10:04:09,46.98,100,
10:04:09,46.98,100,
10:04:10,47,100,
10:04:10,46.98,100,
10:04:11,46.97,100,
10:04:13,46.97,100,
10:04:13,46.969,100,
10:04:14,46.98,100,
10:04:14,46.969,100,
10:04:14,47.03,100,
10:04:14,47.01,100,
10:04:14,47.0105,536,
10:04:15,47,100,
10:04:16,47.0201,1000,
10:04:16,47.05,2000,
10:04:17,47.05,100,
10:04:17,47.06,1000,
10:04:17,47.06,100,
10:04:17,47.07,5700,
10:04:17,47.04,100,
10:04:17,47.03,100,
10:04:18,47.0401,600,
10:04:20,47.04,100,
10:04:20,47.029,600,
10:04:21,47.0202,100,
10:04:22,47.03,100,
10:04:22,47.0399,100,
10:04:22,47.04,100,
10:04:22,47.0399,100,
10:04:22,47.0399,100,
10:04:23,47.04,100,
10:04:24,46.99,100,
10:04:25,46.99,100,
10:04:25,46.98,200,
10:04:25,46.97,100,
10:04:26,47.046,200,
10:04:26,47,100,
10:04:27,47.01,100,
10:04:30,47.04,100,
10:04:30,47.0399,100,
10:04:30,47.0399,100,
10:04:31,47.03,100,
10:04:33,47.0294,1000,
10:04:35,47.03,100,
10:04:35,47.0299,100,
10:04:35,47.0299,100,
10:04:36,47.04,108,
10:04:36,47.06,100,
10:04:36,47.02,100,
10:04:36,47.03,100,
10:04:36,47.04,100,
10:04:36,47.05,100,
10:04:37,47.03,100,
10:04:38,47.02,200,
10:04:38,47.02,100,
10:04:38,47.02,100,
10:04:38,47.0232,470,
10:04:39,47.0482,100,
10:04:39,47.05,100,
10:04:40,47.04,1000,
10:04:41,47.03,100,
10:04:44,47.011,1200,
10:04:45,47.0199,200,
10:04:45,47.02,100,
10:04:45,47.0298,100,
10:04:46,47.03,100,
10:04:47,47.03,100,
10:04:47,47.03,600,
10:04:47,47.02,100,
10:04:47,47.0299,400,
10:04:47,47.06,100,
10:04:48,47.06,100,
10:04:48,47.0428,3100,
10:04:49,47.0344,105,
10:04:52,47.0399,100,
10:04:54,47,100,
10:04:54,46.98,100,
10:04:54,46.99,100,
10:04:54,46.99,100,
10:04:55,47.02,100,
10:04:57,47.04,100,
10:04:57,47.04,100,
10:04:57,47.04,200,
10:04:57,47.06,1000,
10:04:58,47.09,148,
10:04:58,47.09,100,
10:04:58,47.08,100,
10:04:59,47.06,100,
10:04:59,47.06,100,
10:04:59,47.06,200,
10:05:00,47.06,100,
10:05:01,47.05,100,
10:05:01,47.05,100,
10:05:02,47.059,300,
10:05:02,47.059,400,
10:05:06,47.08,100,
10:05:06,47.0401,375,
10:05:07,47.06,200,
10:05:07,47.04,100,
10:05:09,47.06,100,
10:05:10,47.06,100,
10:05:13,47.04,200,
10:05:14,47.07,100,
10:05:14,47.0699,100,
10:05:15,47.0757,650,
10:05:16,47.08,200,
10:05:18,47.03,100,
10:05:18,47.02,300,
10:05:18,47.02,100,
10:05:19,47.02,100,
10:05:20,47.02,100,
10:05:20,47.001,600,
10:05:21,47.03,100,
10:05:22,47.0072,500,
10:05:22,47,100,
10:05:22,46.99,100,
10:05:23,46.9999,100,
10:05:24,46.99,100,
10:05:24,46.99,100,
10:05:26,46.9999,100,
10:05:29,46.9772,100,
10:05:29,46.95,106,
10:05:29,46.95,400,
10:05:29,46.95,100,
10:05:29,46.93,100,
10:05:30,46.92,100,
10:05:30,46.92,100,
10:05:32,46.93,100,
10:05:32,46.93,100,
10:05:32,46.93,100,
10:05:32,46.94,100,
10:05:33,46.93,100,
10:05:33,46.92,1800,
10:05:34,46.93,100,
10:05:35,46.97,100,
10:05:36,46.9699,100,
10:05:36,46.98,100,
10:05:36,46.9744,300,
10:05:38,46.99,100,
10:05:38,46.9899,100,
10:05:39,47.0195,300,
10:05:40,47,100,
10:05:40,46.99,100,
10:05:42,46.9765,300,
10:05:43,46.99,100,
10:05:43,46.99,100,
10:05:45,47.01,100,
10:05:45,47,100,
10:05:48,46.99,100,
10:05:49,46.99,100,
10:05:49,47.03,100,
10:05:50,47.022,100,
10:05:52,47.0299,700,
10:05:52,47.04,7200,
10:05:55,47.02,100,
10:05:55,47.03,100,
10:05:57,47.06,300,
10:05:57,47.06,600,
10:05:58,47.09,100,
10:05:59,47.0899,100,
10:05:59,47.0899,300,
10:05:59,47.08,700,
10:06:00,47.03,100,
10:06:00,47.0419,100,
10:06:00,47.04,100,
10:06:01,47.04,100,
10:06:02,47.04,100,
10:06:02,47.05,100,
10:06:03,47.05,200,
10:06:03,47.0208,100,
10:06:06,47.04,100,
10:06:07,47.03,100,
10:06:07,47.0399,1000,
10:06:07,47.04,100,
10:06:07,47.04,100,
10:06:07,47.04,100,
10:06:07,47.05,100,
10:06:08,47.04,650,
10:06:09,47.05,100,
10:06:12,47.05,100,
10:06:12,47.0499,100,
10:06:13,47.039,1300,
10:06:13,47.039,1300,
10:06:15,47.0583,100,
10:06:15,47.059,300,
10:06:15,47.0599,200,
10:06:15,47.06,100,
10:06:16,47.05,100,
10:06:18,47.051,165,
10:06:19,47.04,100,
10:06:19,47.05,100,
10:06:20,47.0301,500,
10:06:20,47.03,100,
10:06:20,47.03,100,
10:06:23,46.98,100,
10:06:24,47,100,
10:06:25,47,200,
10:06:26,46.99,100,
10:06:29,47,100,
10:06:29,46.9999,400,
10:06:29,47,100,
10:06:35,46.97,400,
10:06:35,46.97,400,
10:06:35,46.97,700,
10:06:35,46.95,100,
10:06:35,46.94,200,
10:06:36,46.93,100,
10:06:37,46.95,100,
10:06:37,46.97,100,
10:06:38,46.981,200,
10:06:38,46.98,100,
10:06:40,46.9702,100,
10:06:42,46.96,100,
10:06:42,46.99,100,
10:06:43,46.9907,400,
10:06:44,47.01,100,
10:06:44,47.02,200,
10:06:44,47.01,100,
10:06:44,47,100,
10:06:44,47.04,100,
10:06:45,47,100,
10:06:45,47.09,100,
10:06:45,47.10,100,
10:06:46,47.1001,100,
10:06:46,47.1001,200,
10:06:46,47.10,100,
10:06:46,47.11,200,
10:06:46,47.12,200,
10:06:46,47.12,100,
10:06:47,47.10,100,
10:06:48,47.09,100,
10:06:48,47.11,100,
10:06:49,47.06,100,
10:06:49,47.05,100,
10:06:50,47.07,100,
10:06:50,47.0699,100,
10:06:50,47.0699,100,
10:06:50,47.08,100,
10:06:50,47.07,100,
10:06:50,47.0605,1000,
10:06:52,47.0901,600,
10:06:52,47.10,200,
10:06:52,47.10,200,
10:06:52,47.10,200,
10:06:52,47.10,200,
10:06:53,47.1075,100,
10:06:54,47.109,100,
10:06:54,47.109,100,
10:06:55,47.109,300,
10:06:55,47.11,100,
10:06:55,47.12,100,
10:06:55,47.14,100,
10:06:55,47.15,100,
10:06:55,47.15,400,
10:06:56,47.1499,200,
10:06:57,47.15,500,
10:06:57,47.10,100,
10:06:58,47.1472,500,
10:06:59,47.15,100,
10:07:00,47.15,1000,
10:07:00,47.17,200,
10:07:00,47.17,700,
10:07:01,47.17,100,
10:07:02,47.17,200,
10:07:02,47.16,100,
10:07:02,47.16,200,
10:07:02,47.16,200,
10:07:02,47.15,100,
10:07:02,47.15,100,
10:07:03,47.149,300,
10:07:03,47.149,200,
10:07:03,47.15,100,
10:07:04,47.1572,400,
10:07:04,47.15,100,
10:07:04,47.15,100,
10:07:04,47.13,100,
10:07:06,47.11,100,
10:07:07,47.12,100,
10:07:07,47.14,100,
10:07:07,47.15,100,
10:07:07,47.15,100,
10:07:07,47.16,100,
10:07:07,47.17,100,
10:07:07,47.17,100,
10:07:07,47.17,100,
10:07:07,47.19,100,
10:07:07,47.18,100,
10:07:07,47.1599,200,
10:07:07,47.17,100,
10:07:08,47.18,100,
10:07:10,47.1799,100,
10:07:11,47.1799,100,
10:07:11,47.19,100,
10:07:12,47.16,100,
10:07:12,47.1343,100,
10:07:13,47.1301,100,
10:07:14,47.18,100,
10:07:16,47.14,100,
10:07:16,47.10,2035,
10:07:16,47.10,200,
10:07:17,47.10,200,
10:07:17,47.11,1000,
10:07:17,47.12,100,
10:07:19,47.13,100,
10:07:19,47.13,200,
10:07:19,47.13,200,
10:07:19,47.13,200,
10:07:19,47.13,100,
10:07:19,47.16,200,
10:07:19,47.15,100,
10:07:21,47.16,100,
10:07:21,47.1595,1000,
10:07:22,47.139,200,
10:07:22,47.139,100,
10:07:23,47.10,100,
10:07:23,47.10,200,
10:07:23,47.10,200,
10:07:23,47.10,100,
10:07:23,47.10,200,
10:07:23,47.10,1000,
10:07:23,47.10,100,
10:07:23,47.06,100,
10:07:25,47.07,100,
10:07:25,47.08,100,
10:07:25,47.06,100,
10:07:27,47.10,100,
10:07:27,47.10,600,
10:07:30,47.04,100,
10:07:31,47.04,100,
10:07:31,47.0294,1000,
10:07:32,47.03,100,
10:07:32,47.04,200,
10:07:41,47.04,100,
10:07:41,47.04,100,
10:07:41,47.0399,100,
10:07:41,47.0381,150,
10:07:42,47.0499,100,
10:07:42,47.03,100,
10:07:45,47,100,
10:07:46,47.02,100,
10:07:47,47.02,100,
10:07:47,47.03,100,
10:07:47,47.03,500,
10:07:47,47.03,500,
10:07:47,47.02,100,
10:07:47,47.04,200,
10:07:48,47.0472,100,
10:07:48,47.0499,100,
10:07:48,47.05,300,
10:07:49,47.10,205,
10:07:49,47.05,100,
10:07:49,47.09,100,
10:07:51,47.1001,100,
10:07:51,47.07,100,
10:07:51,47.08,100,
10:07:51,47.11,300,
10:07:51,47.11,200,
10:07:54,47.1347,100,
10:07:54,47.129,100,
10:07:55,47.14,500,
10:07:55,47.18,100,
10:07:55,47.18,100,
10:07:55,47.15,100,
10:07:55,47.15,100,
10:07:55,47.16,100,
10:07:55,47.16,100,
10:07:56,47.1786,1052,
10:07:57,47.1981,400,
10:07:57,47.19,100,
10:07:57,47.14,900,
10:07:58,47.1501,100,
10:07:58,47.16,100,
10:07:58,47.1604,100,
10:08:00,47.13,500,
10:08:01,47.09,100,
10:08:01,47.08,100,
10:08:02,47.11,100,
10:08:03,47.106,100,
10:08:05,47.11,500,
10:08:05,47.11,500,
10:08:05,47.08,500,
10:08:05,47.09,100,
10:08:05,47.09,100,
10:08:05,47.09,100,
10:08:05,47.09,100,
10:08:06,47.08,100,
10:08:06,47.08,1000,
10:08:07,47.12,100,
10:08:08,47.09,100,
10:08:09,47.10,2600,
10:08:09,47.12,100,
10:08:11,47.14,100,
10:08:13,47.1398,200,
10:08:13,47.1398,200,
10:08:14,47.15,100,
10:08:14,47.1528,250,
10:08:17,47.16,100,
10:08:17,47.14,1000,
10:08:18,47.141,800,
10:08:18,47.149,500,
10:08:19,47.1499,300,
10:08:19,47.141,200,
10:08:21,47.13,100,
10:08:21,47.11,100,
10:08:21,47.1182,100,
10:08:21,47.1199,100,
10:08:22,47.11,100,
10:08:22,47.11,100,
10:08:22,47.11,100,
10:08:22,47.10,100,
10:08:22,47.12,100,
10:08:22,47.119,100,
10:08:23,47.12,1000,
10:08:23,47.12,100,
10:08:23,47.1186,700,
10:08:24,47.13,125,
10:08:25,47.10,100,
10:08:27,47.12,100,
10:08:30,47.12,100,
10:08:30,47.13,100,
10:08:32,47.11,100,
10:08:32,47.11,700,
10:08:34,47.10,100,
10:08:34,47.10,100,
10:08:34,47.09,100,
10:08:34,47.10,100,
10:08:38,47.05,100,
10:08:38,47.05,200,
10:08:38,47.04,100,
10:08:38,47.07,100,
10:08:40,47.04,100,
10:08:41,47.049,100,
10:08:43,47.04,100,
10:08:46,47.03,100,
10:08:46,47.0393,2000,
10:08:48,47.02,200,
10:08:50,47,100,
10:08:50,47,100,
10:08:50,47.0185,100,
10:08:50,47.01,100,
10:08:51,47,500,
10:08:51,47.019,100,
10:08:51,47.019,600,
10:08:52,46.99,100,
10:08:52,46.99,200,
10:08:53,46.9999,100,
10:08:54,46.99,100,
10:08:55,46.99,1000,
10:08:55,46.99,100,
10:08:55,46.96,100,
10:08:55,46.96,100,
10:08:55,46.96,100,
10:08:56,46.96,100,
10:08:56,46.96,200,
10:08:57,46.96,100,
10:08:58,46.95,200,
10:08:58,46.95,100,
10:08:58,46.95,100,
10:08:58,46.95,200,
10:08:58,46.95,100,
10:08:58,46.96,2000,
10:08:59,46.99,100,
10:08:59,46.99,100,
10:08:59,46.98,100,
10:08:59,46.97,100,
10:09:02,46.98,100,
10:09:02,46.99,100,
10:09:02,46.95,100,
10:09:04,46.96,100,
10:09:04,46.96,100,
10:09:05,46.98,200,
10:09:05,46.9799,200,
10:09:05,46.97,193,
10:09:06,46.98,200,
10:09:06,46.99,100,
10:09:07,46.971,400,
10:09:08,46.96,200,
10:09:09,46.96,100,
10:09:09,46.98,300,
10:09:10,46.93,200,
10:09:10,46.92,100,
10:09:10,46.93,100,
10:09:10,46.93,100,
10:09:10,46.92,560,
10:09:11,46.94,200,
10:09:13,46.9644,300,
10:09:15,46.98,100,
10:09:15,46.98,200,
10:09:15,46.99,100,
10:09:16,46.95,100,
10:09:16,46.95,400,
10:09:16,46.95,700,
10:09:17,46.961,400,
10:09:17,46.96,100,
10:09:18,47.04,500,
10:09:18,47.01,100,
10:09:22,47.0672,1000,
10:09:22,47.08,100,
10:09:22,47.09,100,
10:09:22,47.08,100,
10:09:22,47.0451,100,
10:09:22,47.04,100,
10:09:23,47.049,100,
10:09:24,47.09,100,
10:09:25,47.0884,100,
10:09:27,47.0999,3000,
10:09:27,47.099,100,
10:09:27,47.08,100,
10:09:28,47.07,100,
10:09:29,47.08,100,
10:09:30,47.08,100,
10:09:30,47.07,200,
10:09:30,47.07,100,
10:09:30,47.06,100,
10:09:30,47.03,100,
10:09:30,47.03,100,
10:09:30,47.02,100,
10:09:30,47.02,100,
10:09:31,47.04,200,
10:09:31,47.07,100,
10:09:34,47.01,100,
10:09:41,47.02,100,
10:09:45,47.01,100,
10:09:46,47.019,100,
10:09:47,47.0268,400,
10:09:49,47.05,100,
10:09:49,47.08,500,
10:09:49,47.09,100,
10:09:51,47.06,150,
10:09:53,47.02,100,
10:09:53,47.02,100,
10:09:54,47.04,100,
10:09:54,47.04,200,
10:09:55,47.0584,100,
10:09:58,47.044,200,
10:09:58,47.04,100,
10:10:00,47.04,100,
10:10:01,47.08,100,
10:10:01,47.09,100,
10:10:01,47.0999,300,
10:10:01,47.0999,300,
10:10:02,47.08,200,
10:10:02,47.07,100,
10:10:03,47.04,200,
10:10:03,47.06,100,
10:10:05,47.08,200,
10:10:05,47.08,100,
10:10:05,47.10,500,
10:10:05,47.08,100,
10:10:05,47.10,100,
10:10:07,47.10,100,
10:10:07,47.109,500,
10:10:09,47.08,100,
10:10:09,47.1001,1000,
10:10:11,47.11,100,
10:10:11,47.11,100,
10:10:11,47.11,100,
10:10:11,47.11,100,
10:10:11,47.11,100,
10:10:12,47.09,100,
10:10:12,47.06,100,
10:10:18,47.09,100,
10:10:20,47.09,100,
10:10:22,47.12,100,
10:10:23,47.12,100,
10:10:24,47.14,200,
10:10:24,47.14,100,
10:10:24,47.14,100,
10:10:24,47.14,100,
10:10:24,47.16,100,
10:10:26,47.16,100,
10:10:26,47.14,100,
10:10:26,47.14,100,
10:10:26,47.1389,100,
10:10:26,47.139,100,
10:10:26,47.15,100,
10:10:27,47.139,200,
10:10:29,47.1499,100,
10:10:29,47.1562,100,
10:10:30,47.15,200,
10:10:30,47.15,100,
10:10:31,47.14,100,
10:10:32,47.15,200,
10:10:32,47.1394,500,
10:10:34,47.12,100,
10:10:35,47.12,100,
10:10:36,47.14,100,
10:10:36,47.14,100,
10:10:36,47.18,200,
10:10:36,47.18,100,
10:10:36,47.1705,100,
10:10:38,47.1908,100,
10:10:38,47.20,1000,
10:10:39,47.1919,388,
10:10:39,47.22,100,
10:10:39,47.197,200,
10:10:40,47.2395,1500,
10:10:42,47.201,500,
10:10:42,47.1986,700,
10:10:42,47.199,1700,
10:10:42,47.20,4000,
10:10:43,47.19,1000,
10:10:43,47.20,100,
10:10:44,47.20,100,
10:10:44,47.18,100,
10:10:44,47.18,100,
10:10:45,47.1984,100,
10:10:45,47.199,200,
10:10:46,47.189,180,
10:10:46,47.18,200,
10:10:50,47.17,100,
10:10:50,47.17,100,
10:10:50,47.17,100,
10:10:51,47.13,100,
10:10:51,47.13,100,
10:10:51,47.12,500,
10:10:53,47.119,100,
10:10:53,47.1278,100,
10:10:53,47.129,500,
10:10:53,47.129,500,
10:10:54,47.12,100,
10:10:55,47.16,500,
10:10:55,47.16,500,
10:10:56,47.19,400,
10:10:56,47.19,200,
10:10:56,47.19,203,
10:10:56,47.22,100,
10:10:56,47.22,100,
10:10:56,47.22,300,
10:10:56,47.22,300,
10:10:56,47.23,200,
10:10:56,47.22,100,
10:10:56,47.23,100,
10:10:57,47.25,100,
10:10:58,47.24,100,
10:10:58,47.23,1200,
10:10:59,47.21,100,
10:10:59,47.22,100,
10:11:00,47.24,100,
10:11:01,47.22,100,
10:11:01,47.22,200,
10:11:01,47.221,1000,
10:11:01,47.2344,325,
10:11:02,47.23,100,
10:11:02,47.22,100,
10:11:02,47.23,1000,
10:11:02,47.23,100,
10:11:02,47.23,600,
10:11:02,47.22,100,
10:11:02,47.23,100,
10:11:02,47.23,200,
10:11:02,47.257,500,
10:11:02,47.239,1000,
10:11:05,47.222,200,
10:11:05,47.23,100,
10:11:07,47.18,100,
10:11:07,47.19,100,
10:11:07,47.19,100,
10:11:08,47.1985,100,
10:11:08,47.199,1300,
10:11:08,47.20,400,
10:11:08,47.20,100,
10:11:08,47.20,100,
10:11:08,47.199,200,
10:11:08,47.20,1700,
10:11:08,47.21,100,
10:11:08,47.22,100,
10:11:08,47.24,300,
10:11:08,47.24,300,
10:11:08,47.24,300,
10:11:09,47.22,100,
10:11:11,47.23,100,
10:11:11,47.2376,100,
10:11:11,47.239,100,
10:11:11,47.222,150,
10:11:12,47.2301,600,
10:11:15,47.24,400,
10:11:16,47.24,900,
10:11:16,47.211,200,
10:11:18,47.2286,1000,
10:11:19,47.19,100,
10:11:19,47.229,300,
10:11:20,47.1707,2000,
10:11:21,47.1715,100,
10:11:21,47.2299,100,
10:11:21,47.23,100,
10:11:23,47.24,100,
10:11:23,47.2399,100,
10:11:23,47.2101,100,
10:11:24,47.24,100,
10:11:24,47.26,203,
10:11:24,47.23,400,
10:11:24,47.23,100,
10:11:24,47.23,1000,
10:11:24,47.24,100,
10:11:24,47.25,100,
10:11:24,47.26,100,
10:11:25,47.2777,100,
10:11:25,47.279,100,
10:11:25,47.269,500,
10:11:26,47.2766,100,
10:11:27,47.2301,400,
10:11:28,47.24,200,
10:11:28,47.278,100,
10:11:28,47.25,100,
10:11:29,47.26,400,
10:11:29,47.26,200,
10:11:29,47.25,100,
10:11:30,47.2338,300,
10:11:30,47.23,100,
10:11:30,47.23,100,
10:11:30,47.23,100,
10:11:30,47.23,200,
10:11:30,47.23,100,
10:11:32,47.24,200,
10:11:32,47.24,100,
10:11:33,47.24,100,
10:11:33,47.28,100,
10:11:34,47.26,100,
10:11:34,47.26,100,
10:11:34,47.2405,1000,
10:11:35,47.2428,1800,
10:11:36,47.2586,1000,
10:11:37,47.2593,106,
10:11:39,47.22,100,
10:11:40,47.24,100,
10:11:44,47.22,500,
10:11:47,47.26,100,
10:11:48,47.26,100,
10:11:48,47.25,100,
10:11:48,47.24,100,
10:11:48,47.22,500,
10:11:49,47.229,100,
10:11:49,47.25,100,
10:11:50,47.265,500,
10:11:56,47.25,800,
10:11:56,47.25,100,
10:11:59,47.2599,400,
10:11:59,47.26,100,
10:12:00,47.24,100,
10:12:01,47.24,100,
10:12:03,47.249,100,
10:12:04,47.2495,1400,
10:12:04,47.24,100,
10:12:04,47.2345,100,
10:12:04,47.231,100,
10:12:06,47.22,100,
10:12:06,47.20,200,
10:12:06,47.20,100,
10:12:06,47.20,500,
10:12:06,47.19,100,
10:12:06,47.20,638,
10:12:06,47.21,100,
10:12:07,47.22,1000,
10:12:07,47.21,100,
10:12:07,47.226,250,
10:12:09,47.2193,2000,
10:12:12,47.23,400,
10:12:14,47.221,100,
10:12:15,47.22,100,
10:12:15,47.21,100,
10:12:18,47.21,100,
10:12:18,47.20,100,
10:12:18,47.21,100,
10:12:18,47.23,100,
10:12:18,47.26,100,
10:12:19,47.29,100,
10:12:21,47.28,100,
10:12:22,47.2686,500,
10:12:24,47.2438,400,
10:12:25,47.2624,100,
10:12:25,47.26,2000,
10:12:26,47.28,712,
10:12:26,47.29,100,
10:12:27,47.2885,100,
10:12:28,47.2995,1500,
10:12:29,47.299,2800,
10:12:29,47.299,2800,
10:12:29,47.28,100,
10:12:29,47.28,100,
10:12:31,47.27,100,
10:12:31,47.26,100,
10:12:31,47.30,1500,
10:12:33,47.2998,300,
10:12:33,47.2998,300,
10:12:34,47.29,100,
10:12:36,47.31,300,
10:12:36,47.31,400,
10:12:36,47.32,100,
10:12:36,47.32,300,
10:12:36,47.32,100,
10:12:36,47.32,100,
10:12:36,47.32,100,
10:12:36,47.32,100,
10:12:37,47.34,1200,
10:12:37,47.35,250,
10:12:38,47.3665,100,
10:12:38,47.3705,1500,
10:12:39,47.39,500,
10:12:40,47.40,550,
10:12:40,47.40,100,
10:12:40,47.3969,100,
10:12:41,47.40,100,
10:12:42,47.41,100,
10:12:43,47.409,100,
10:12:44,47.4046,100,
10:12:44,47.40,100,
10:12:44,47.3999,100,
10:12:45,47.3895,500,
10:12:46,47.39,500,
10:12:47,47.36,100,
10:12:48,47.38,100,
10:12:48,47.37,100,
10:12:48,47.37,100,
10:12:50,47.35,100,
10:12:50,47.36,200,
10:12:51,47.32,100,
10:12:52,47.35,100,
10:12:52,47.3123,100,
10:12:52,47.3195,100,
10:12:55,47.30,100,
10:12:55,47.30,1000,
10:12:55,47.30,100,
10:12:55,47.30,6069,
10:12:55,47.30,1200,
10:12:55,47.30,400,
10:12:57,47.36,100,
10:12:57,47.38,100,
10:12:57,47.38,100,
10:12:57,47.38,100,
10:12:57,47.39,495,
10:12:58,47.4091,100,
10:12:58,47.40,100,
10:12:58,47.409,100,
10:12:58,47.38,100,
10:12:58,47.37,100,
10:12:58,47.37,100,
10:12:58,47.37,100,
10:13:00,47.409,200,
10:13:00,47.3799,100,
10:13:02,47.391,100,
10:13:02,47.365,500,
10:13:03,47.36,100,
10:13:03,47.35,100,
10:13:03,47.34,100,
10:13:05,47.39,100,
10:13:05,47.38,100,
10:13:06,47.40,100,
10:13:06,47.38,650,
10:13:07,47.3901,100,
10:13:08,47.371,400,
10:13:08,47.39,100,
10:13:08,47.41,100,
10:13:08,47.42,580,
10:13:08,47.42,200,
10:13:10,47.41,100,
10:13:10,47.42,400,
10:13:10,47.41,100,
10:13:10,47.40,100,
10:13:10,47.40,100,
10:13:11,47.40,500,
10:13:11,47.40,500,
10:13:12,47.41,100,
10:13:13,47.4101,100,
10:13:13,47.40,100,
10:13:13,47.40,100,
10:13:14,47.4199,100,
10:13:14,47.4199,100,
10:13:15,47.39,100,
10:13:17,47.4001,100,
10:13:17,47.42,100,
10:13:17,47.41,100,
10:13:18,47.42,100,
10:13:20,47.45,150,
10:13:20,47.45,100,
10:13:21,47.4519,400,
10:13:22,47.45,100,
10:13:22,47.45,100,
10:13:22,47.4484,500,
10:13:23,47.4401,400,
10:13:23,47.4401,400,
10:13:24,47.44,100,
10:13:24,47.4302,200,
10:13:25,47.4372,3000,
10:13:26,47.47,800,
10:13:27,47.45,200,
10:13:28,47.44,100,
10:13:28,47.44,100,
10:13:28,47.4399,400,
10:13:29,47.44,100,
10:13:29,47.44,100,
10:13:30,47.45,100,
10:13:30,47.45,200,
10:13:30,47.45,600,
10:13:30,47.45,100,
10:13:30,47.44,100,
10:13:30,47.43,250,
10:13:30,47.43,200,
10:13:31,47.43,100,
10:13:31,47.42,100,
10:13:32,47.447,100,
10:13:33,47.43,100,
10:13:33,47.43,100,
10:13:38,47.4477,100,
10:13:38,47.4468,100,
10:13:38,47.449,400,
10:13:39,47.431,1000,
10:13:39,47.448,200,
10:13:42,47.45,100,
10:13:42,47.43,200,
10:13:42,47.43,400,
10:13:42,47.43,2950,
10:13:42,47.43,300,
10:13:42,47.43,100,
10:13:42,47.43,5152,
10:13:42,47.43,200,
10:13:43,47.43,725,
10:13:45,47.46,100,
10:13:47,47.49,100,
10:13:49,47.4684,800,
10:13:49,47.47,400,
10:13:50,47.462,1000,
10:13:50,47.4628,900,
10:13:51,47.4615,100,
10:13:52,47.465,500,
10:13:53,47.47,100,
10:13:54,47.46,2425,
10:13:54,47.46,100,
10:13:54,47.44,100,
10:13:54,47.44,200,
10:13:54,47.43,200,
10:13:54,47.43,200,
10:13:54,47.461,500,
10:13:56,47.4399,1500,
10:13:56,47.44,100,
10:13:56,47.41,200,
10:13:57,47.40,200,
10:13:58,47.40,700,
10:13:58,47.38,100,
10:13:58,47.37,100,
10:13:58,47.38,100,
10:13:58,47.36,100,
10:13:58,47.36,100,
10:13:58,47.35,100,
10:13:58,47.34,200,
10:13:58,47.34,100,
10:13:58,47.34,100,
10:13:59,47.34,100,
10:14:00,47.3399,300,
10:14:00,47.32,100,
10:14:00,47.31,100,
10:14:00,47.3105,650,
10:14:02,47.34,100,
10:14:02,47.33,100,
10:14:02,47.3299,100,
10:14:03,47.34,700,
10:14:04,47.36,200,
10:14:04,47.34,100,
10:14:05,47.3495,1000,
10:14:07,47.30,100,
10:14:07,47.31,100,
10:14:08,47.31,400,
10:14:08,47.31,700,
10:14:08,47.29,100,
10:14:08,47.29,100,
10:14:08,47.29,100,
10:14:11,47.3128,700,
10:14:11,47.30,300,
10:14:13,47.34,100,
10:14:15,47.33,100,
10:14:16,47.3283,100,
10:14:16,47.329,100,
10:14:18,47.31,100,
10:14:18,47.32,100,
10:14:18,47.34,100,
10:14:19,47.3272,300,
10:14:20,47.30,100,
10:14:20,47.30,100,
10:14:20,47.27,100,
10:14:21,47.27,200,
10:14:21,47.26,100,
10:14:22,47.26,100,
10:14:22,47.2601,100,
10:14:22,47.2864,100,
10:14:22,47.2799,100,
10:14:24,47.29,100,
10:14:25,47.3016,200,
10:14:28,47.30,100,
10:14:28,47.30,100,
10:14:30,47.289,200,
10:14:31,47.29,200,
10:14:35,47.27,100,
10:14:35,47.25,100,
10:14:35,47.25,300,
10:14:35,47.22,100,
10:14:35,47.22,100,
10:14:36,47.2276,100,
10:14:36,47.24,1300,
10:14:37,47.24,100,
10:14:38,47.25,500,
10:14:38,47.24,400,
10:14:38,47.24,500,
10:14:38,47.25,200,
10:14:41,47.26,100,
10:14:41,47.30,1000,
10:14:41,47.30,100,
10:14:41,47.30,100,
10:14:41,47.31,100,
10:14:41,47.31,100,
10:14:42,47.31,100,
10:14:44,47.34,100,
10:14:45,47.359,200,
10:14:45,47.359,200,
10:14:46,47.34,100,
10:14:46,47.34,100,
10:14:46,47.34,100,
10:14:47,47.339,1200,
10:14:47,47.34,100,
10:14:51,47.33,100,
10:14:51,47.3328,600,
10:14:51,47.3228,200,
10:14:52,47.3228,200,
10:14:52,47.3228,200,
10:14:52,47.3256,200,
10:14:52,47.33,100,
10:14:53,47.3028,1000,
10:14:53,47.3057,900,
10:14:53,47.3294,1000,
10:14:53,47.31,100,
10:14:54,47.3099,100,
10:14:55,47.311,300,
10:14:59,47.27,100,
10:14:59,47.28,100,
10:15:00,47.31,100,
10:15:00,47.31,100,
10:15:00,47.29,100,
10:15:00,47.30,100,
10:15:00,47.30,100,
10:15:01,47.29,200,
10:15:01,47.29,100,
10:15:01,47.28,200,
10:15:01,47.28,400,
10:15:01,47.28,400,
10:15:01,47.28,500,
10:15:01,47.28,100,
10:15:01,47.27,100,
10:15:01,47.29,500,
10:15:01,47.30,100,
10:15:01,47.32,100,
10:15:01,47.32,100,
10:15:01,47.32,200,
10:15:04,47.37,100,
10:15:04,47.37,300,
10:15:04,47.37,100,
10:15:04,47.37,200,
10:15:04,47.3601,300,
10:15:06,47.41,100,
10:15:07,47.4138,400,
10:15:07,47.43,100,
10:15:07,47.4299,100,
10:15:07,47.44,700,
10:15:09,47.44,100,
10:15:09,47.43,100,
10:15:10,47.409,100,
10:15:11,47.409,600,
10:15:12,47.39,100,
10:15:12,47.3899,100,
10:15:13,47.41,500,
10:15:16,47.38,100,
