09:30:00,45.5699,200,
09:30:01,45.58,425,
09:30:01,45.58,400,
09:30:01,45.58,100,
09:30:01,45.59,100,
09:30:01,45.61,100,
09:30:01,45.64,100,
09:30:01,45.63,100,
09:30:01,45.64,100,
09:30:01,45.62,200,
09:30:01,45.61,200,
09:30:01,45.62,100,
09:30:01,45.60,400,
09:30:01,45.59,100,
09:30:01,45.62,100,
09:30:01,45.61,100,
09:30:01,45.59,100,
09:30:01,45.59,100,
09:30:01,45.59,100,
09:30:01,45.60,200,
09:30:01,45.62,100,
09:30:01,45.60,200,
09:30:02,45.58,400,
09:30:02,45.58,100,
09:30:02,45.58,500,
09:30:02,45.58,307,
09:30:02,45.60,200,
09:30:02,45.58,100,
09:30:02,45.57,300,
09:30:02,45.56,100,
09:30:02,45.56,100,
09:30:02,45.57,100,
09:30:03,45.62,100,
09:30:03,45.59,200,
09:30:03,45.57,100,
09:30:03,45.59,100,
09:30:03,45.59,400,
09:30:03,45.58,2700,
09:30:03,45.58,1784,
09:30:03,45.63,100,
09:30:03,45.63,100,
09:30:03,45.63,100,
09:30:03,45.55,100,
09:30:03,45.61,100,
09:30:04,45.62,200,
09:30:04,45.62,120,
09:30:04,45.62,400,
09:30:05,45.60,400,
09:30:05,45.58,200,
09:30:05,45.59,200,
09:30:05,45.57,100,
09:30:05,45.57,100,
09:30:05,45.56,200,
09:30:05,45.56,900,
09:30:05,45.56,100,
09:30:05,45.56,100,
09:30:05,45.57,100,
09:30:06,45.62,100,
09:30:06,45.62,153,
09:30:07,45.63,100,
09:30:08,45.63,100,
09:30:08,45.59,108,
09:30:09,45.68,100,
09:30:09,45.68,200,
09:30:09,45.59,150,
09:30:10,45.6311,428,
09:30:10,45.615,300,
09:30:10,45.61,233,
09:30:10,45.56,130,
09:30:10,45.70,100,
09:30:11,45.70,200,
09:30:11,45.69,200,
09:30:11,45.68,300,
09:30:11,45.68,100,
09:30:11,45.68,100,
09:30:11,45.69,100,
09:30:11,45.56,100,
09:30:12,45.74,200,
09:30:12,45.74,100,
09:30:12,45.73,100,
09:30:13,45.73,100,
09:30:13,45.73,100,
09:30:13,45.73,100,
09:30:14,45.64,100,
09:30:14,45.74,100,
09:30:14,45.6993,2500,
09:30:15,45.75,300,
09:30:15,45.78,100,
09:30:15,45.78,300,
09:30:15,45.77,200,
09:30:15,45.77,100,
09:30:16,45.64,100,
09:30:16,45.6901,100,
09:30:16,45.6901,100,
09:30:16,45.7143,175,
09:30:16,45.80,500,
09:30:16,45.74,400,
09:30:16,45.7401,100,
09:30:16,45.7401,100,
09:30:16,45.7401,100,
09:30:17,45.7401,100,
09:30:17,45.7401,100,
09:30:17,45.78,200,
09:30:17,45.78,200,
09:30:17,45.77,100,
09:30:17,45.75,100,
09:30:17,45.75,200,
09:30:17,45.74,400,
09:30:17,45.72,100,
09:30:17,45.74,800,
09:30:17,45.74,100,
09:30:17,45.7486,500,
09:30:18,45.6987,110,
09:30:18,45.733,2000,
09:30:18,45.69,300,
09:30:18,45.70,100,
09:30:18,45.74,100,
09:30:19,45.74,600,
09:30:19,45.7443,200,
09:30:20,45.73,100,
09:30:20,45.73,100,
09:30:20,45.638,640,
09:30:20,45.7472,650,
09:30:20,45.749,2000,
09:30:20,45.7499,600,
09:30:20,45.7472,1000,
09:30:21,45.73,200,
09:30:21,45.72,100,
09:30:21,45.735,250,
09:30:22,45.72,200,
09:30:22,45.7101,100,
09:30:22,45.71,300,
09:30:23,45.735,500,
09:30:23,45.735,100,
09:30:23,45.74,200,
09:30:23,45.75,200,
09:30:24,45.74,700,
09:30:24,45.74,700,
09:30:24,45.74,600,
09:30:24,45.74,100,
09:30:24,45.7498,100,
09:30:24,45.7499,760,
09:30:24,45.75,200,
09:30:24,45.75,1100,
09:30:25,45.73,300,
09:30:25,45.72,100,
09:30:25,45.6399,100,
09:30:25,45.65,800,
09:30:25,45.71,100,
09:30:26,45.70,100,
09:30:26,45.70,100,
09:30:26,45.70,100,
09:30:26,45.7198,200,
09:30:26,45.7198,100,
09:30:26,45.70,100,
09:30:26,45.70,100,
09:30:26,45.6899,100,
09:30:26,45.69,100,
09:30:26,45.69,400,
09:30:26,45.68,100,
09:30:26,45.6901,100,
09:30:26,45.6901,100,
09:30:26,45.6901,400,
09:30:27,45.68,400,
09:30:27,45.67,100,
09:30:27,45.67,1300,
09:30:27,45.67,1900,
09:30:27,45.67,100,
09:30:27,45.67,100,
09:30:27,45.67,100,
09:30:27,45.67,300,
09:30:27,45.67,500,
09:30:27,45.67,300,
09:30:27,45.6801,200,
09:30:28,45.69,100,
09:30:28,45.67,100,
09:30:28,45.66,200,
09:30:28,45.65,100,
09:30:29,45.71,100,
09:30:29,45.799,200,
09:30:30,45.71,400,
09:30:30,45.7101,600,
09:30:31,45.72,200,
09:30:31,45.71,100,
09:30:31,45.71,100,
09:30:31,45.70,400,
09:30:31,45.69,300,
09:30:31,45.728,750,
09:30:31,45.7199,100,
09:30:32,45.72,100,
09:30:32,45.70,100,
09:30:32,45.68,200,
09:30:32,45.678,300,
09:30:33,45.69,100,
09:30:33,45.69,100,
09:30:33,45.71,100,
09:30:33,45.74,100,
09:30:33,45.74,100,
09:30:33,45.74,100,
09:30:33,45.74,100,
09:30:34,45.73,200,
09:30:34,45.74,100,
09:30:35,45.73,392,
09:30:35,45.72,200,
09:30:35,45.71,100,
09:30:35,45.71,100,
09:30:35,45.71,100,
09:30:36,45.72,400,
09:30:36,45.72,100,
09:30:36,45.75,100,
09:30:37,45.71,100,
09:30:37,45.7298,3000,
09:30:38,45.7999,7000,
09:30:39,45.72,100,
09:30:40,45.6701,100,
09:30:42,45.7201,500,
09:30:42,45.72,100,
09:30:42,45.71,100,
09:30:42,45.70,100,
09:30:42,45.70,100,
09:30:42,45.69,300,
09:30:42,45.69,100,
09:30:42,45.68,100,
09:30:42,45.68,100,
09:30:43,45.691,200,
09:30:43,45.68,200,
09:30:43,45.68,200,
09:30:43,45.70,100,
09:30:43,45.69,100,
09:30:43,45.69,100,
09:30:44,45.691,100,
09:30:44,45.70,300,
09:30:44,45.69,100,
09:30:44,45.69,100,
09:30:45,45.70,573,
09:30:46,45.68,100,
09:30:46,45.68,100,
09:30:46,45.68,100,
09:30:46,45.67,100,
09:30:46,45.67,100,
09:30:46,45.66,100,
09:30:46,45.66,100,
09:30:46,45.65,100,
09:30:46,45.65,100,
09:30:46,45.65,100,
09:30:46,45.65,100,
09:30:46,45.65,100,
09:30:46,45.64,100,
09:30:46,45.64,100,
09:30:46,45.65,100,
09:30:47,45.6656,100,
09:30:47,45.678,300,
09:30:47,45.66,100,
09:30:48,45.669,1000,
09:30:48,45.63,400,
09:30:48,45.62,300,
09:30:48,45.61,100,
09:30:48,45.60,200,
09:30:48,45.62,100,
09:30:48,45.60,100,
09:30:48,45.57,100,
09:30:48,45.58,300,
09:30:48,45.57,100,
09:30:48,45.57,200,
09:30:48,45.55,100,
09:30:48,45.55,300,
09:30:48,45.58,100,
09:30:49,45.58,100,
09:30:49,45.58,100,
09:30:49,45.57,400,
09:30:49,45.56,100,
09:30:50,45.59,200,
09:30:50,45.57,400,
09:30:50,45.5611,200,
09:30:50,45.56,300,
09:30:53,45.57,400,
09:30:53,45.5628,400,
09:30:54,45.56,400,
09:30:54,45.55,400,
09:30:54,45.53,200,
09:30:54,45.50,100,
09:30:55,45.50,100,
09:30:56,45.51,100,
09:30:59,45.51,200,
09:30:59,45.49,300,
09:30:59,45.48,100,
09:30:59,45.49,100,
09:30:59,45.47,100,
09:30:59,45.46,300,
09:30:59,45.46,100,
09:30:59,45.472,650,
09:31:00,45.45,158,
09:31:00,45.46,358,
09:31:00,45.44,258,
09:31:00,45.45,200,
09:31:00,45.43,400,
09:31:00,45.41,100,
09:31:00,45.41,100,
09:31:00,45.46,100,
09:31:00,45.45,100,
09:31:00,45.44,100,
09:31:00,45.41,200,
09:31:00,45.41,100,
09:31:00,45.46,100,
09:31:00,45.48,100,
09:31:00,45.47,100,
09:31:00,45.45,100,
09:31:00,45.45,100,
09:31:00,45.44,100,
09:31:00,45.45,100,
09:31:00,45.43,100,
09:31:00,45.42,100,
09:31:00,45.44,100,
09:31:00,45.42,100,
09:31:00,45.44,100,
09:31:00,45.45,100,
09:31:00,45.42,100,
09:31:00,45.4699,200,
09:31:00,45.43,100,
09:31:00,45.40,100,
09:31:00,45.40,400,
09:31:00,45.38,100,
09:31:00,45.37,300,
09:31:00,45.38,100,
09:31:01,45.39,400,
09:31:01,45.39,100,
09:31:02,45.37,100,
09:31:02,45.35,200,
09:31:02,45.3501,200,
09:31:02,45.3501,100,
09:31:02,45.35,100,
09:31:02,45.35,200,
09:31:03,45.36,100,
09:31:03,45.351,100,
09:31:04,45.3689,100,
09:31:04,45.35,100,
09:31:04,45.3501,100,
09:31:04,45.3501,100,
09:31:05,45.35,2200,
09:31:05,45.34,100,
09:31:05,45.3356,450,
09:31:05,45.33,100,
09:31:05,45.33,400,
09:31:05,45.3302,1000,
09:31:06,45.34,200,
09:31:06,45.33,200,
09:31:06,45.331,300,
09:31:06,45.3301,200,
09:31:07,45.3301,100,
09:31:07,45.3301,100,
09:31:08,45.349,165,
09:31:12,45.3562,100,
09:31:13,45.34,100,
09:31:13,45.33,300,
09:31:13,45.33,200,
09:31:13,45.33,100,
09:31:13,45.32,100,
09:31:15,45.32,100,
09:31:16,45.3444,100,
09:31:18,45.33,250,
09:31:18,45.33,100,
09:31:18,45.32,200,
09:31:18,45.30,100,
09:31:18,45.30,200,
09:31:19,45.30,400,
09:31:19,45.30,900,
09:31:19,45.3001,100,
09:31:19,45.3001,400,
09:31:19,45.3001,100,
09:31:19,45.3001,250,
09:31:19,45.3101,100,
09:31:20,45.3181,200,
09:31:22,45.341,150,
09:31:22,45.35,200,
09:31:22,45.35,400,
09:31:23,45.35,600,
09:31:23,45.35,100,
09:31:23,45.3501,200,
09:31:23,45.35,100,
09:31:23,45.34,100,
09:31:23,45.35,100,
09:31:27,45.3419,100,
09:31:27,45.36,100,
09:31:27,45.35,100,
09:31:28,45.34,195,
09:31:28,45.34,100,
09:31:28,45.33,400,
09:31:28,45.32,100,
09:31:28,45.32,100,
09:31:28,45.32,100,
09:31:28,45.31,100,
09:31:28,45.31,100,
09:31:28,45.31,600,
09:31:28,45.32,400,
09:31:28,45.30,100,
09:31:28,45.30,400,
09:31:28,45.30,300,
09:31:29,45.32,100,
09:31:30,45.3399,1000,
09:31:31,45.3362,100,
09:31:32,45.35,100,
09:31:32,45.35,100,
09:31:32,45.35,100,
09:31:32,45.37,300,
09:31:32,45.37,200,
09:31:32,45.37,100,
09:31:32,45.37,200,
09:31:32,45.37,100,
09:31:32,45.37,2400,
09:31:32,45.39,400,
09:31:32,45.39,600,
09:31:32,45.37,300,
09:31:32,45.37,100,
09:31:32,45.39,400,
09:31:32,45.40,100,
09:31:32,45.40,300,
09:31:32,45.40,300,
09:31:32,45.39,100,
09:31:32,45.40,300,
09:31:32,45.41,400,
09:31:32,45.41,400,
09:31:32,45.40,100,
09:31:32,45.41,400,
09:31:32,45.37,100,
09:31:32,45.40,200,
09:31:32,45.38,100,
09:31:32,45.36,100,
09:31:32,45.36,100,
09:31:32,45.35,200,
09:31:32,45.35,200,
09:31:32,45.39,200,
09:31:32,45.4081,350,
09:31:37,45.4144,1050,
09:31:37,45.38,207,
09:31:37,45.36,100,
09:31:39,45.38,100,
09:31:39,45.34,100,
09:31:42,45.3338,200,
09:31:44,45.337,2000,
09:31:45,45.3496,100,
09:31:47,45.32,100,
09:31:47,45.35,4400,
09:31:50,45.37,100,
09:31:50,45.3681,300,
09:31:51,45.35,100,
09:31:51,45.35,100,
09:31:51,45.3501,100,
09:31:51,45.3501,100,
09:31:51,45.3501,100,
09:31:52,45.35,100,
09:31:52,45.33,200,
09:31:52,45.33,100,
09:31:54,45.33,100,
09:31:54,45.33,100,
09:31:54,45.34,100,
09:31:54,45.31,200,
09:31:54,45.32,100,
09:31:54,45.30,400,
09:31:54,45.30,100,
09:31:54,45.30,100,
09:31:54,45.30,200,
09:31:55,45.3432,100,
09:31:57,45.3499,1400,
09:31:57,45.3499,1500,
09:31:57,45.3499,4000,
09:31:58,45.3401,100,
09:32:01,45.35,100,
09:32:01,45.35,100,
09:32:01,45.35,100,
09:32:01,45.3502,7000,
09:32:03,45.37,400,
09:32:03,45.36,100,
09:32:03,45.37,100,
09:32:03,45.35,200,
09:32:03,45.34,200,
09:32:03,45.34,100,
09:32:03,45.33,200,
09:32:03,45.33,100,
09:32:03,45.33,200,
09:32:03,45.33,100,
09:32:03,45.33,100,
09:32:03,45.33,300,
09:32:04,45.332,600,
09:32:05,45.3799,448,
09:32:06,45.367,100,
09:32:07,45.36,100,
09:32:07,45.3601,700,
09:32:07,45.38,100,
09:32:07,45.3799,6600,
09:32:08,45.379,200,
09:32:08,45.36,400,
09:32:11,45.36,400,
09:32:11,45.36,100,
09:32:11,45.36,100,
09:32:14,45.3772,1000,
09:32:20,45.42,100,
09:32:21,45.42,3600,
09:32:23,45.42,1200,
09:32:23,45.43,550,
09:32:23,45.419,200,
09:32:24,45.4201,1000,
09:32:25,45.43,100,
09:32:26,45.4388,100,
09:32:26,45.44,100,
09:32:26,45.48,300,
09:32:26,45.48,500,
09:32:27,45.48,200,
09:32:29,45.46,100,
09:32:30,45.48,110,
09:32:30,45.4899,100,
09:32:30,45.49,200,
09:32:30,45.4899,300,
09:32:30,45.49,100,
09:32:30,45.49,100,
09:32:30,45.49,1000,
09:32:30,45.4899,100,
09:32:30,45.4899,100,
09:32:30,45.48,600,
09:32:31,45.47,400,
09:32:31,45.46,300,
09:32:31,45.47,100,
09:32:31,45.44,100,
09:32:31,45.43,400,
09:32:31,45.44,100,
09:32:31,45.43,400,
09:32:32,45.44,100,
09:32:32,45.43,400,
09:32:32,45.43,100,
09:32:32,45.42,100,
09:32:32,45.41,400,
09:32:32,45.40,300,
09:32:33,45.39,250,
09:32:33,45.39,150,
09:32:33,45.38,100,
09:32:34,45.3802,7000,
09:32:36,45.3828,100,
09:32:36,45.40,100,
09:32:36,45.40,100,
09:32:36,45.44,100,
09:32:36,45.43,200,
09:32:36,45.41,400,
09:32:36,45.41,100,
09:32:36,45.42,300,
09:32:36,45.42,100,
09:32:36,45.42,300,
09:32:36,45.41,200,
09:32:36,45.41,400,
09:32:36,45.43,200,
09:32:36,45.43,300,
09:32:36,45.43,200,
09:32:36,45.43,200,
09:32:36,45.42,200,
09:32:36,45.43,200,
09:32:36,45.46,100,
09:32:36,45.46,158,
09:32:36,45.45,100,
09:32:36,45.45,100,
09:32:36,45.43,900,
09:32:36,45.49,100,
09:32:36,45.51,100,
09:32:36,45.51,100,
09:32:36,45.50,1000,
09:32:36,45.49,100,
09:32:36,45.49,100,
09:32:36,45.53,100,
09:32:36,45.49,100,
09:32:36,45.49,400,
09:32:36,45.58,100,
09:32:36,45.57,400,
09:32:36,45.59,100,
09:32:36,45.62,500,
09:32:36,45.62,113,
09:32:36,45.62,100,
09:32:36,45.62,187,
09:32:36,45.6201,100,
09:32:37,45.70,250,
09:32:37,45.6961,150,
09:32:39,45.67,100,
09:32:41,45.5903,1000,
09:32:42,45.6098,200,
09:32:42,45.61,100,
09:32:43,45.58,100,
09:32:43,45.58,100,
09:32:43,45.56,100,
09:32:43,45.56,100,
09:32:43,45.55,100,
09:32:43,45.55,300,
09:32:43,45.55,100,
09:32:43,45.55,100,
09:32:44,45.59,100,
09:32:44,45.59,100,
09:32:44,45.5899,100,
09:32:46,45.587,100,
09:32:47,45.56,100,
09:32:49,45.59,100,
09:32:49,45.60,500,
09:32:49,45.60,200,
09:32:49,45.59,100,
09:32:51,45.58,100,
09:32:54,45.57,100,
09:32:55,45.5826,400,
09:32:55,45.579,200,
09:32:56,45.5799,600,
09:32:58,45.5897,4000,
09:32:58,45.59,125,
09:32:58,45.5804,100,
09:32:58,45.581,200,
09:32:58,45.59,139,
09:32:59,45.63,100,
09:32:59,45.581,100,
09:32:59,45.581,100,
09:32:59,45.581,100,
09:33:00,45.6399,1000,
09:33:00,45.6443,110,
09:33:01,45.581,100,
09:33:01,45.6658,500,
09:33:01,45.63,200,
09:33:01,45.63,200,
09:33:01,45.62,100,
09:33:01,45.61,200,
09:33:01,45.62,200,
09:33:01,45.59,100,
09:33:01,45.59,100,
09:33:01,45.60,100,
09:33:04,45.62,100,
09:33:04,45.63,100,
09:33:06,45.6199,100,
09:33:07,45.61,100,
09:33:08,45.6288,459,
09:33:08,45.61,150,
09:33:08,45.61,150,
09:33:09,45.60,200,
09:33:09,45.5901,100,
09:33:09,45.5901,100,
09:33:09,45.5828,300,
09:33:11,45.59,100,
09:33:13,45.6099,1900,
09:33:14,45.61,105,
09:33:15,45.59,100,
09:33:16,45.57,400,
09:33:16,45.56,100,
09:33:16,45.55,100,
09:33:16,45.54,400,
09:33:16,45.56,300,
09:33:16,45.58,100,
09:33:16,45.56,100,
09:33:16,45.55,200,
09:33:17,45.55,300,
09:33:18,45.5599,400,
09:33:19,45.557,100,
09:33:20,45.558,100,
09:33:21,45.532,175,
09:33:22,45.53,100,
09:33:22,45.53,100,
09:33:22,45.5416,100,
09:33:24,45.5462,125,
09:33:25,45.53,100,
09:33:25,45.54,100,
09:33:26,45.54,400,
09:33:26,45.54,600,
09:33:26,45.5399,300,
09:33:27,45.5301,300,
09:33:29,45.5301,690,
09:33:31,45.54,100,
09:33:35,45.54,100,
09:33:35,45.54,100,
09:33:35,45.5399,400,
09:33:35,45.49,400,
09:33:35,45.49,100,
09:33:35,45.49,100,
09:33:35,45.51,100,
09:33:35,45.5081,200,
09:33:41,45.50,250,
09:33:41,45.5086,300,
09:33:42,45.501,5400,
09:33:43,45.5038,300,
09:33:44,45.50,100,
09:33:45,45.5001,100,
09:33:46,45.508,150,
09:33:50,45.4994,1000,
09:33:51,45.47,100,
09:33:51,45.45,300,
09:33:51,45.43,400,
09:33:51,45.43,100,
09:33:51,45.43,1000,
09:33:52,45.4409,100,
09:33:52,45.4398,100,
09:33:53,45.43,5000,
09:33:54,45.433,100,
09:33:55,45.43,100,
09:33:56,45.43,400,
09:33:56,45.41,100,
09:33:56,45.42,100,
09:33:56,45.41,100,
09:33:56,45.44,300,
09:33:56,45.44,100,
09:33:58,45.43,100,
09:33:59,45.4429,100,
09:33:59,45.44,200,
09:33:59,45.442,1000,
09:34:00,45.4456,700,
09:34:01,45.45,100,
09:34:02,45.452,600,
09:34:03,45.468,176,
09:34:03,45.45,200,
09:34:03,45.44,100,
09:34:03,45.44,100,
09:34:04,45.43,3700,
09:34:07,45.47,100,
09:34:07,45.46,300,
09:34:07,45.47,395,
09:34:07,45.47,100,
09:34:07,45.471,600,
09:34:08,45.47,8752,
09:34:08,45.47,400,
09:34:08,45.47,200,
09:34:08,45.47,200,
09:34:08,45.47,100,
09:34:09,45.47,500,
09:34:09,45.47,100,
09:34:09,45.47,900,
09:34:09,45.47,900,
09:34:09,45.47,1000,
09:34:09,45.47,1800,
09:34:09,45.47,700,
09:34:09,45.47,300,
09:34:09,45.47,500,
09:34:09,45.47,100,
09:34:09,45.47,500,
09:34:09,45.47,600,
09:34:09,45.47,200,
09:34:09,45.47,1100,
09:34:09,45.47,500,
09:34:09,45.47,500,
09:34:09,45.47,600,
09:34:09,45.47,500,
09:34:09,45.47,1100,
09:34:09,45.47,600,
09:34:09,45.47,500,
09:34:09,45.47,600,
09:34:09,45.47,500,
09:34:10,45.479,3000,
09:34:10,45.479,3000,
09:34:11,45.4772,300,
09:34:12,45.48,11000,
09:34:12,45.48,100,
09:34:12,45.49,100,
09:34:12,45.47,505,
09:34:12,45.47,200,
09:34:12,45.47,1100,
09:34:12,45.47,8700,
09:34:12,45.47,2000,
09:34:12,45.47,6800,
09:34:12,45.47,2000,
09:34:12,45.47,8500,
09:34:12,45.47,4748,
09:34:12,45.47,1748,
09:34:12,45.47,2000,
09:34:12,45.47,400,
09:34:12,45.47,1600,
09:34:12,45.47,5200,
09:34:12,45.47,100,
09:34:12,45.47,100,
09:34:12,45.47,200,
09:34:12,45.47,300,
09:34:12,45.47,300,
09:34:12,45.47,200,
09:34:12,45.47,300,
09:34:12,45.47,3300,
09:34:12,45.47,200,
09:34:12,45.47,100,
09:34:12,45.47,800,
09:34:12,45.47,1000,
09:34:12,45.47,100,
09:34:12,45.47,1200,
09:34:13,45.49,200,
09:34:13,45.49,1060,
09:34:13,45.51,200,
09:34:13,45.50,200,
09:34:17,45.531,260,
09:34:17,45.53,200,
09:34:19,45.55,3000,
09:34:21,45.521,1000,
09:34:24,45.4912,300,
09:34:27,45.5299,100,
09:34:27,45.5211,300,
09:34:28,45.538,100,
09:34:29,45.54,436,
09:34:29,45.55,200,
09:34:30,45.541,250,
09:34:30,45.541,200,
09:34:32,45.5356,100,
09:34:32,45.5348,100,
09:34:32,45.531,400,
09:34:33,45.53,500,
09:34:33,45.53,200,
09:34:33,45.53,300,
09:34:34,45.53,500,
09:34:35,45.53,3900,
09:34:36,45.5301,100,
09:34:36,45.53,100,
09:34:36,45.5301,200,
09:34:36,45.54,100,
09:34:38,45.53,100,
09:34:38,45.53,100,
09:34:41,45.55,1200,
09:34:41,45.56,100,
09:34:41,45.56,100,
09:34:41,45.5599,100,
09:34:41,45.5599,100,
09:34:41,45.5599,100,
09:34:41,45.57,3200,
09:34:42,45.53,200,
09:34:43,45.54,100,
09:34:45,45.53,200,
09:34:45,45.5488,100,
09:34:48,45.55,100,
09:34:49,45.5301,100,
09:34:52,45.5301,1000,
09:34:53,45.5516,100,
09:34:54,45.5339,231,
09:34:56,45.5342,750,
09:34:58,45.54,100,
09:34:58,45.53,3900,
09:34:59,45.5312,500,
09:35:00,45.53,2300,
09:35:00,45.53,200,
09:35:00,45.53,400,
09:35:00,45.54,158,
09:35:02,45.558,200,
09:35:02,45.5501,700,
09:35:03,45.5599,100,
09:35:03,45.5599,100,
09:35:03,45.5599,100,
09:35:03,45.5599,100,
09:35:04,45.59,100,
09:35:04,45.60,100,
09:35:04,45.60,100,
09:35:04,45.61,100,
09:35:04,45.61,200,
09:35:04,45.5513,900,
09:35:06,45.62,553,
09:35:07,45.6589,1000,
09:35:07,45.67,553,
09:35:08,45.6795,600,
09:35:08,45.69,700,
09:35:09,45.69,100,
09:35:09,45.71,200,
09:35:09,45.7002,100,
09:35:09,45.71,247,
09:35:10,45.71,400,
09:35:11,45.72,100,
09:35:11,45.74,100,
09:35:11,45.75,1000,
09:35:11,45.7499,100,
09:35:11,45.7499,490,
09:35:12,45.74,100,
09:35:12,45.74,100,
09:35:12,45.74,100,
09:35:12,45.74,100,
09:35:12,45.73,200,
09:35:12,45.74,400,
09:35:12,45.74,100,
09:35:13,45.74,300,
09:35:13,45.7497,100,
09:35:14,45.74,100,
09:35:14,45.72,100,
09:35:15,45.75,164,
09:35:15,45.7501,1000,
09:35:16,45.7402,100,
09:35:16,45.77,200,
09:35:16,45.78,100,
09:35:16,45.78,100,
09:35:16,45.77,100,
09:35:16,45.76,100,
09:35:16,45.76,100,
09:35:16,45.75,200,
09:35:17,45.77,100,
09:35:18,45.7472,1000,
09:35:19,45.74,130,
09:35:19,45.7428,500,
09:35:20,45.77,500,
09:35:21,45.7388,150,
09:35:21,45.7201,3000,
09:35:21,45.7246,100,
09:35:22,45.7399,1000,
09:35:23,45.74,1000,
09:35:23,45.75,100,
09:35:23,45.75,100,
09:35:23,45.76,100,
09:35:23,45.76,200,
09:35:23,45.76,100,
09:35:24,45.75,100,
09:35:25,45.7694,100,
09:35:25,45.7699,900,
09:35:26,45.7403,200,
09:35:27,45.7699,1000,
09:35:29,45.77,100,
09:35:30,45.76,278,
09:35:31,45.79,100,
09:35:31,45.79,100,
09:35:31,45.80,300,
09:35:31,45.80,100,
09:35:31,45.80,200,
09:35:32,45.80,100,
09:35:32,45.80,400,
09:35:32,45.80,400,
09:35:32,45.80,200,
09:35:32,45.8098,100,
09:35:32,45.80,1000,
09:35:33,45.78,100,
09:35:33,45.80,100,
09:35:33,45.79,100,
09:35:34,45.785,2000,
09:35:34,45.79,100,
09:35:34,45.7962,300,
09:35:34,45.80,100,
09:35:35,45.81,200,
09:35:35,45.8188,1000,
09:35:35,45.82,100,
09:35:35,45.81,200,
09:35:35,45.82,100,
09:35:36,45.8101,100,
09:35:36,45.81,100,
09:35:37,45.80,300,
09:35:37,45.809,200,
09:35:37,45.7901,400,
09:35:37,45.80,250,
09:35:37,45.8044,725,
09:35:37,45.81,100,
09:35:38,45.809,500,
09:35:38,45.80,100,
09:35:38,45.79,100,
09:35:38,45.7972,150,
09:35:38,45.79,200,
09:35:39,45.79,800,
09:35:40,45.79,100,
09:35:40,45.7889,200,
09:35:41,45.77,500,
09:35:41,45.77,100,
09:35:41,45.78,500,
09:35:41,45.78,100,
09:35:41,45.78,200,
09:35:41,45.771,215,
09:35:42,45.7734,100,
09:35:42,45.78,100,
09:35:42,45.78,100,
09:35:42,45.7701,100,
09:35:42,45.7701,200,
09:35:42,45.7705,200,
09:35:42,45.79,100,
09:35:42,45.79,100,
09:35:43,45.81,400,
09:35:43,45.80,100,
09:35:44,45.8075,2000,
09:35:45,45.8086,100,
09:35:45,45.8095,100,
09:35:45,45.81,100,
09:35:45,45.81,100,
09:35:45,45.801,300,
09:35:45,45.801,300,
09:35:46,45.80,2100,
09:35:46,45.7914,500,
09:35:47,45.79,300,
09:35:47,45.79,100,
09:35:48,45.79,100,
09:35:48,45.78,100,
09:35:48,45.78,100,
09:35:48,45.78,100,
09:35:48,45.78,100,
09:35:49,45.78,100,
09:35:51,45.7899,200,
09:35:51,45.82,100,
09:35:52,45.81,100,
09:35:52,45.8101,400,
09:35:53,45.80,1900,
09:35:53,45.80,100,
09:35:53,45.80,100,
09:35:53,45.79,200,
09:35:53,45.80,100,
09:35:53,45.79,100,
09:35:54,45.7919,300,
09:35:54,45.79,100,
09:35:55,45.80,100,
09:35:56,45.80,100,
09:35:57,45.809,100,
09:35:57,45.79,200,
09:35:57,45.78,100,
09:35:57,45.78,100,
09:35:57,45.77,100,
09:35:57,45.77,100,
09:35:58,45.7899,100,
09:35:58,45.79,100,
09:35:59,45.77,100,
09:36:00,45.787,100,
09:36:03,45.7899,200,
09:36:05,45.7899,100,
09:36:06,45.7699,680,
09:36:06,45.7699,350,
09:36:07,45.75,100,
09:36:08,45.75,200,
09:36:08,45.74,200,
09:36:08,45.75,200,
09:36:09,45.76,100,
09:36:10,45.74,100,
09:36:10,45.75,100,
09:36:10,45.76,100,
09:36:10,45.75,100,
09:36:10,45.74,100,
09:36:11,45.7413,150,
09:36:12,45.75,200,
09:36:13,45.749,100,
09:36:13,45.75,300,
09:36:15,45.74,400,
09:36:15,45.75,100,
09:36:15,45.76,100,
09:36:15,45.77,100,
09:36:15,45.78,100,
09:36:16,45.79,100,
09:36:16,45.7999,400,
09:36:18,45.7801,400,
09:36:18,45.78,100,
09:36:21,45.79,5600,
09:36:21,45.779,1000,
09:36:25,45.79,100,
09:36:26,45.7928,475,
09:36:27,45.80,1000,
09:36:28,45.78,500,
09:36:29,45.7999,300,
09:36:29,45.7999,600,
09:36:29,45.81,600,
09:36:29,45.80,600,
09:36:29,45.82,100,
09:36:30,45.83,100,
09:36:30,45.82,100,
09:36:30,45.82,400,
09:36:31,45.82,100,
09:36:31,45.80,100,
09:36:32,45.80,100,
09:36:34,45.80,2000,
09:36:35,45.8001,100,
09:36:35,45.8099,100,
09:36:35,45.81,100,
09:36:35,45.81,100,
09:36:36,45.78,100,
09:36:36,45.78,100,
09:36:36,45.7887,250,
09:36:38,45.76,100,
09:36:39,45.79,200,
09:36:39,45.7741,100,
09:36:40,45.7612,1000,
09:36:44,45.7619,300,
09:36:45,45.77,100,
09:36:45,45.76,100,
09:36:45,45.7599,100,
09:36:46,45.7599,100,
09:36:46,45.77,100,
09:36:50,45.74,100,
09:36:50,45.72,100,
09:36:50,45.72,200,
09:36:50,45.73,100,
09:36:50,45.71,100,
09:36:50,45.71,100,
09:36:50,45.7101,600,
09:36:51,45.70,725,
09:36:52,45.7244,1000,
09:36:52,45.71,400,
09:36:52,45.71,200,
09:36:52,45.71,200,
09:36:52,45.71,100,
09:36:52,45.71,100,
09:36:53,45.70,500,
09:36:53,45.70,200,
09:36:53,45.69,100,
09:36:53,45.68,100,
09:36:53,45.69,100,
09:36:54,45.66,100,
09:36:54,45.66,100,
09:36:54,45.727,5000,
09:36:54,45.66,100,
09:36:54,45.64,100,
09:36:54,45.65,400,
09:36:54,45.64,400,
09:36:55,45.6599,200,
09:36:56,45.6689,200,
09:36:57,45.642,1000,
09:36:58,45.67,500,
09:36:59,45.642,278,
09:36:59,45.70,100,
09:36:59,45.70,100,
09:37:00,45.7011,1000,
09:37:01,45.71,100,
09:37:01,45.73,100,
09:37:01,45.721,500,
09:37:03,45.721,176,
09:37:05,45.72,300,
09:37:07,45.73,100,
09:37:07,45.73,100,
09:37:08,45.74,100,
09:37:09,45.73,100,
09:37:12,45.72,100,
09:37:13,45.7388,150,
09:37:15,45.74,100,
09:37:15,45.75,200,
09:37:15,45.76,100,
09:37:15,45.76,100,
09:37:15,45.75,400,
09:37:15,45.731,1100,
09:37:15,45.731,1100,
09:37:16,45.73,200,
09:37:16,45.72,400,
09:37:17,45.71,100,
09:37:18,45.73,800,
09:37:19,45.75,100,
09:37:21,45.739,1000,
09:37:22,45.74,100,
09:37:23,45.7528,450,
09:37:24,45.76,100,
09:37:24,45.76,100,
09:37:24,45.7599,200,
09:37:24,45.7599,100,
09:37:24,45.7599,100,
09:37:25,45.7599,200,
09:37:26,45.75,200,
09:37:29,45.74,100,
09:37:29,45.74,400,
09:37:29,45.7444,1000,
09:37:31,45.76,100,
09:37:35,45.7799,300,
09:37:36,45.761,300,
09:37:36,45.761,100,
09:37:38,45.76,100,
09:37:39,45.7889,137,
09:37:42,45.79,100,
09:37:42,45.77,200,
09:37:42,45.77,100,
09:37:42,45.76,100,
09:37:42,45.77,100,
09:37:42,45.76,100,
09:37:43,45.7735,460,
09:37:43,45.79,100,
09:37:43,45.7899,100,
09:37:44,45.774,150,
09:37:44,45.79,100,
09:37:44,45.7899,400,
09:37:45,45.78,100,
09:37:45,45.7701,658,
09:37:45,45.79,100,
09:37:48,45.79,200,
09:37:49,45.79,500,
09:37:49,45.80,100,
09:37:49,45.79,200,
09:37:49,45.7898,200,
09:37:50,45.79,100,
09:37:50,45.79,100,
09:37:50,45.79,100,
09:37:50,45.7899,100,
09:37:50,45.7899,100,
09:37:54,45.7889,400,
09:37:57,45.781,300,
09:37:57,45.781,300,
09:37:57,45.81,100,
09:37:57,45.85,248,
09:37:57,45.87,100,
09:37:57,45.88,100,
09:37:57,45.88,100,
09:37:57,45.89,152,
09:37:57,45.90,100,
09:37:57,45.90,900,
09:37:57,45.90,5000,
09:37:57,45.90,100,
09:37:58,45.89,400,
09:37:58,45.89,100,
09:37:58,45.90,100,
09:37:58,45.90,150,
09:37:58,45.9128,1000,
09:37:58,45.92,100,
09:37:58,45.93,250,
09:37:59,45.93,100,
09:37:59,45.93,400,
09:37:59,45.93,200,
09:37:59,45.93,297,
09:37:59,45.94,100,
09:38:00,45.95,500,
09:38:00,45.9535,150,
09:38:00,45.9589,1000,
09:38:00,45.96,100,
09:38:01,45.96,100,
09:38:01,45.911,100,
09:38:01,45.96,3200,
09:38:01,45.98,3200,
09:38:02,45.95,300,
09:38:02,45.95,100,
09:38:02,45.9302,100,
09:38:03,45.9599,100,
09:38:03,45.9699,100,
09:38:04,45.949,100,
09:38:04,45.9638,275,
09:38:05,45.9799,100,
09:38:06,45.9728,1000,
09:38:06,45.9899,100,
09:38:06,45.99,200,
09:38:06,45.9899,450,
09:38:06,45.99,400,
09:38:06,46,1300,
09:38:06,46,100,
09:38:06,46,500,
09:38:06,46,200,
09:38:06,46,284,
09:38:06,46,234,
09:38:06,46,200,
09:38:06,46,192,
09:38:06,46,239,
09:38:06,46,434,
09:38:06,46,100,
09:38:06,46,222,
09:38:06,46,323,
09:38:06,46,300,
09:38:06,46,131,
09:38:06,46,200,
09:38:06,46,1000,
09:38:06,46,125,
09:38:06,46,500,
09:38:06,46,200,
09:38:06,46,600,
09:38:06,46,675,
09:38:06,46,2000,
09:38:06,46,192,
09:38:06,45.96,100,
09:38:07,46,100,
09:38:07,46,100,
09:38:07,46,200,
09:38:07,45.98,100,
09:38:07,45.9801,100,
09:38:08,46,2600,
09:38:08,45.999,1100,
09:38:09,46,400,
09:38:10,45.989,100,
09:38:10,46,252,
09:38:10,46,200,
09:38:10,46,800,
09:38:10,46,694,
09:38:10,46,2306,
09:38:11,46,100,
09:38:11,46,2106,
09:38:11,45.9999,2179,
09:38:11,46.01,100,
09:38:11,46,100,
09:38:11,46,400,
09:38:11,45.99,200,
09:38:11,45.99,100,
09:38:12,46.0088,100,
09:38:12,46.01,100,
09:38:12,46.01,100,
09:38:12,46.01,100,
09:38:13,46,1000,
09:38:13,46.0099,100,
09:38:14,45.9999,856,
09:38:14,46,100,
09:38:14,46.0099,1000,
09:38:14,45.99,400,
09:38:15,45.98,100,
09:38:18,45.9812,750,
09:38:18,45.9999,100,
09:38:19,46.0101,300,
09:38:19,46,200,
09:38:19,45.99,300,
09:38:19,45.98,300,
09:38:19,45.98,100,
09:38:19,45.97,100,
09:38:19,45.97,100,
09:38:19,45.96,100,
09:38:19,45.96,200,
09:38:19,45.96,100,
09:38:19,45.96,100,
09:38:19,45.96,100,
09:38:20,45.9899,100,
09:38:20,45.9899,100,
09:38:20,45.99,100,
09:38:21,46,125,
09:38:22,46.0172,200,
09:38:23,46.003,5000,
09:38:23,45.99,200,
09:38:23,45.99,400,
09:38:23,45.99,300,
09:38:23,45.98,100,
09:38:25,45.9896,100,
09:38:25,45.99,200,
09:38:25,46,100,
09:38:26,46.01,100,
09:38:26,45.989,3400,
09:38:27,46.0088,200,
09:38:27,46.0099,500,
09:38:28,46,1000,
09:38:28,45.989,200,
09:38:28,46.0099,100,
09:38:28,46.0072,1000,
09:38:30,46.008,100,
09:38:31,45.99,400,
09:38:31,45.98,200,
09:38:31,45.97,100,
09:38:31,45.96,200,
09:38:31,45.96,100,
09:38:31,45.96,200,
09:38:31,45.95,400,
09:38:31,45.95,100,
09:38:31,45.96,100,
09:38:33,45.9604,100,
09:38:33,45.9799,700,
09:38:34,45.9899,100,
09:38:34,45.99,100,
09:38:34,45.98,100,
09:38:34,45.9799,600,
09:38:35,45.98,200,
09:38:35,45.9799,500,
09:38:36,45.9814,1300,
09:38:36,45.9613,100,
09:38:37,45.9883,100,
09:38:37,45.9899,100,
09:38:37,45.9899,100,
09:38:37,45.99,100,
09:38:39,45.99,100,
09:38:39,46,200,
09:38:39,46,200,
09:38:39,46,100,
09:38:39,46,200,
09:38:39,46,100,
09:38:41,45.9757,100,
09:38:44,46,100,
09:38:44,46,100,
09:38:44,46,200,
09:38:44,46,900,
09:38:44,46,200,
09:38:44,46,100,
09:38:44,46,200,
09:38:44,46,100,
09:38:45,46.01,100,
09:38:45,46.01,100,
09:38:45,46.0099,100,
09:38:47,46.02,100,
09:38:47,46.0112,100,
09:38:48,46.0299,100,
09:38:48,46.03,100,
09:38:48,46.0299,100,
09:38:48,46.01,100,
09:38:49,46.01,200,
09:38:49,46.03,100,
09:38:49,46.03,100,
09:38:49,46.0299,100,
09:38:49,46.015,100,
09:38:49,46.02,100,
09:38:49,46.0299,100,
09:38:49,46.0299,100,
09:38:49,46.0299,100,
09:38:49,46.04,100,
09:38:49,46.04,200,
09:38:51,46.04,3900,
09:38:51,46.011,150,
09:38:52,46.03,400,
09:38:52,46.029,300,
09:38:52,46.04,100,
09:38:52,46.0399,100,
09:38:53,46.04,200,
09:38:53,46.0312,1000,
09:38:53,46.0477,1000,
09:38:54,46.05,100,
09:38:54,46.05,200,
09:38:54,46.0499,100,
09:38:54,46.05,100,
09:38:54,46.0387,1500,
09:38:54,46.02,100,
09:38:54,46.01,200,
09:38:54,46.01,200,
09:38:55,46.03,100,
09:38:55,46.0299,500,
09:38:55,46.01,100,
09:38:55,46.0193,200,
09:38:55,46.02,100,
09:38:55,46.032,500,
09:38:55,46.03,100,
09:38:56,46.03,100,
09:38:59,46.03,100,
09:38:59,46.03,100,
09:38:59,46.0399,400,
09:39:00,46.02,100,
09:39:00,46.01,100,
09:39:00,46.02,200,
09:39:00,46.01,100,
09:39:00,46.02,100,
09:39:00,46.03,100,
09:39:00,46.04,200,
09:39:00,46.04,100,
09:39:00,46.05,100,
09:39:00,46.05,100,
09:39:00,46.05,100,
09:39:00,46.04,200,
09:39:00,46.04,100,
09:39:00,46.04,100,
09:39:01,46.05,450,
09:39:01,46.06,100,
09:39:01,46.06,100,
09:39:01,46.06,100,
09:39:01,46.08,200,
09:39:01,46.08,200,
09:39:01,46.0899,100,
09:39:01,46.09,100,
09:39:02,46.081,200,
09:39:02,46.07,200,
09:39:02,46.07,100,
09:39:02,46.06,100,
09:39:02,46.06,100,
09:39:02,46.06,200,
09:39:02,46.06,700,
09:39:04,46.07,100,
09:39:04,46.0899,1000,
09:39:05,46.09,750,
09:39:05,46.0911,1000,
09:39:06,46.0999,100,
09:39:07,46.09,200,
09:39:07,46.08,100,
09:39:07,46.08,100,
09:39:07,46.09,100,
09:39:08,46.0999,100,
09:39:08,46.09,100,
09:39:08,46.09,200,
09:39:09,46.0913,135,
09:39:09,46.10,100,
09:39:09,46.0999,300,
09:39:10,46.0999,300,
09:39:10,46.10,200,
09:39:11,46.0999,100,
09:39:13,46.0999,100,
09:39:13,46.0999,145,
09:39:15,46.0939,200,
09:39:17,46.10,200,
09:39:18,46.10,100,
09:39:19,46.0999,100,
09:39:19,46.0999,600,
09:39:19,46.099,300,
09:39:19,46.1029,100,
09:39:20,46.089,500,
09:39:21,46.11,150,
09:39:22,46.10,200,
09:39:22,46.10,100,
09:39:26,46.08,100,
09:39:27,46.0856,200,
09:39:27,46.10,100,
09:39:27,46.0999,100,
09:39:28,46.0801,100,
09:39:28,46.09,100,
09:39:29,46.0901,1000,
09:39:30,46.0799,2000,
09:39:30,46.08,500,
09:39:33,46.0856,600,
09:39:38,46.0828,900,
09:39:39,46.0889,100,
09:39:39,46.08,300,
09:39:39,46.08,600,
09:39:39,46.08,100,
09:39:41,46.08,200,
09:39:43,46.082,1000,
09:39:43,46.10,100,
09:39:43,46.0901,2000,
09:39:45,46.10,200,
09:39:45,46.11,100,
09:39:45,46.11,1800,
09:39:45,46.12,110,
09:39:46,46.14,100,
09:39:46,46.12,100,
09:39:46,46.14,216,
09:39:46,46.14,300,
09:39:46,46.14,300,
09:39:46,46.12,100,
09:39:46,46.12,200,
09:39:46,46.11,200,
09:39:46,46.12,100,
09:39:46,46.11,100,
09:39:47,46.1199,100,
09:39:48,46.111,1000,
09:39:48,46.13,100,
09:39:49,46.1005,500,
09:39:50,46.11,300,
09:39:50,46.1198,2000,
09:39:51,46.1299,100,
09:39:53,46.14,200,
09:39:53,46.13,100,
09:39:54,46.1218,100,
09:39:54,46.1229,700,
09:39:56,46.10,100,
09:39:56,46.10,200,
09:39:56,46.10,400,
09:39:57,46.10,100,
09:39:57,46.10,100,
09:39:58,46.10,100,
09:39:58,46.11,100,
09:39:58,46.1099,100,
09:40:00,46.13,100,
09:40:00,46.15,100,
09:40:00,46.15,100,
09:40:00,46.15,100,
09:40:01,46.14,100,
09:40:01,46.14,100,
09:40:01,46.16,800,
09:40:02,46.1595,100,
09:40:02,46.16,282,
09:40:02,46.15,100,
09:40:02,46.14,300,
09:40:02,46.15,100,
09:40:02,46.14,100,
09:40:02,46.14,100,
09:40:02,46.16,136,
09:40:02,46.15,100,
09:40:02,46.17,100,
09:40:02,46.17,100,
09:40:03,46.17,100,
09:40:05,46.1699,150,
09:40:05,46.17,100,
09:40:05,46.1699,550,
09:40:05,46.16,100,
09:40:05,46.16,200,
09:40:05,46.16,200,
09:40:05,46.16,400,
09:40:05,46.16,200,
09:40:05,46.18,100,
09:40:05,46.18,100,
09:40:05,46.18,500,
09:40:05,46.18,186,
09:40:05,46.18,100,
09:40:05,46.18,200,
09:40:05,46.18,100,
09:40:05,46.18,100,
09:40:05,46.18,100,
09:40:05,46.18,100,
09:40:05,46.18,523,
09:40:06,46.18,500,
09:40:06,46.19,578,
09:40:06,46.17,100,
09:40:07,46.17,100,
09:40:07,46.16,300,
09:40:07,46.179,500,
09:40:08,46.16,200,
09:40:09,46.155,2000,
09:40:11,46.1565,1000,
09:40:12,46.179,175,
09:40:14,46.1499,100,
09:40:14,46.13,100,
09:40:14,46.12,100,
09:40:14,46.12,100,
09:40:14,46.10,100,
09:40:14,46.10,100,
09:40:14,46.09,100,
09:40:14,46.10,138,
09:40:15,46.11,100,
09:40:15,46.12,200,
09:40:15,46.12,200,
09:40:15,46.12,100,
09:40:15,46.13,100,
09:40:15,46.14,200,
09:40:15,46.1256,1050,
09:40:16,46.13,100,
09:40:16,46.13,400,
09:40:16,46.1202,100,
09:40:18,46.1344,2500,
09:40:19,46.131,400,
09:40:19,46.1319,300,
09:40:19,46.13,100,
09:40:20,46.13,200,
09:40:21,46.139,200,
09:40:22,46.15,100,
09:40:22,46.15,100,
09:40:22,46.15,1500,
09:40:22,46.17,100,
09:40:22,46.18,100,
09:40:22,46.18,100,
09:40:22,46.18,100,
09:40:22,46.18,200,
09:40:22,46.18,100,
09:40:22,46.18,100,
09:40:22,46.18,200,
09:40:22,46.18,100,
09:40:22,46.18,100,
09:40:22,46.18,100,
09:40:22,46.18,100,
09:40:22,46.18,1100,
09:40:22,46.18,100,
09:40:22,46.20,100,
09:40:22,46.22,100,
09:40:22,46.23,100,
09:40:22,46.23,100,
09:40:22,46.22,100,
09:40:22,46.139,500,
09:40:22,46.24,100,
09:40:22,46.25,247,
09:40:22,46.25,100,
09:40:22,46.25,550,
09:40:22,46.25,100,
09:40:22,46.25,400,
09:40:22,46.25,100,
09:40:23,46.26,350,
09:40:23,46.26,400,
09:40:23,46.26,400,
09:40:24,46.24,200,
09:40:24,46.23,200,
09:40:24,46.23,100,
09:40:24,46.23,200,
09:40:24,46.23,600,
09:40:24,46.24,100,
09:40:24,46.24,100,
09:40:25,46.2499,100,
09:40:25,46.23,300,
09:40:25,46.22,100,
09:40:27,46.21,200,
09:40:27,46.23,151,
09:40:27,46.23,300,
09:40:28,46.25,100,
09:40:29,46.2528,1600,
09:40:31,46.28,200,
09:40:31,46.30,500,
09:40:31,46.33,100,
09:40:31,46.33,300,
09:40:32,46.3389,100,
09:40:33,46.3295,2700,
09:40:33,46.31,100,
09:40:34,46.29,300,
09:40:34,46.29,100,
09:40:34,46.28,100,
09:40:34,46.2899,100,
09:40:34,46.30,400,
09:40:34,46.2863,500,
09:40:35,46.28,100,
09:40:35,46.28,100,
09:40:35,46.28,400,
09:40:35,46.29,100,
09:40:35,46.29,200,
09:40:35,46.29,200,
09:40:35,46.30,100,
09:40:36,46.3174,100,
09:40:36,46.3175,100,
09:40:36,46.319,1000,
09:40:36,46.311,400,
09:40:37,46.289,100,
09:40:37,46.32,2500,
09:40:37,46.309,100,
09:40:38,46.309,100,
09:40:38,46.31,400,
09:40:38,46.31,100,
09:40:39,46.3204,2000,
09:40:39,46.3399,4000,
09:40:40,46.3399,100,
09:40:40,46.3399,200,
09:40:40,46.34,200,
09:40:41,46.3354,100,
09:40:41,46.3213,500,
09:40:41,46.32,200,
09:40:42,46.33,100,
09:40:43,46.33,100,
09:40:43,46.33,100,
09:40:43,46.32,100,
09:40:43,46.33,100,
09:40:43,46.3364,100,
09:40:43,46.31,100,
09:40:43,46.338,400,
09:40:43,46.34,1200,
09:40:43,46.33,200,
09:40:43,46.32,100,
09:40:44,46.34,400,
09:40:46,46.349,480,
09:40:46,46.35,100,
09:40:46,46.3599,200,
09:40:47,46.349,100,
09:40:47,46.359,200,
09:40:47,46.358,900,
09:40:47,46.35,100,
09:40:48,46.3672,500,
09:40:48,46.35,300,
09:40:49,46.368,1000,
09:40:49,46.33,100,
09:40:49,46.32,100,
09:40:49,46.3365,107,
09:40:49,46.3399,100,
09:40:51,46.355,2100,
09:40:51,46.3598,500,
09:40:52,46.34,100,
09:40:52,46.36,400,
09:40:53,46.35,100,
09:40:53,46.3428,510,
09:40:53,46.36,700,
09:40:54,46.34,152,
09:40:54,46.36,100,
09:40:54,46.3562,300,
09:40:55,46.36,100,
09:40:55,46.341,400,
09:40:56,46.35,100,
09:40:56,46.35,100,
09:40:56,46.3498,200,
09:40:57,46.3328,600,
09:40:57,46.32,200,
09:40:58,46.32,100,
09:41:00,46.32,100,
09:41:00,46.32,100,
09:41:01,46.31,100,
09:41:01,46.31,100,
09:41:01,46.3172,1069,
09:41:02,46.3119,250,
09:41:03,46.319,600,
09:41:03,46.319,400,
09:41:03,46.3011,500,
09:41:04,46.33,100,
09:41:04,46.32,300,
09:41:06,46.3205,100,
09:41:06,46.32,100,
09:41:06,46.32,200,
09:41:06,46.33,100,
09:41:06,46.31,100,
09:41:06,46.31,100,
09:41:06,46.30,100,
09:41:06,46.29,100,
09:41:06,46.29,100,
09:41:06,46.28,100,
09:41:06,46.30,100,
09:41:06,46.28,100,
09:41:06,46.2911,103,
09:41:07,46.3096,1000,
09:41:07,46.2899,100,
09:41:07,46.32,2000,
09:41:09,46.30,2200,
09:41:09,46.319,100,
09:41:10,46.31,800,
09:41:10,46.31,800,
09:41:10,46.31,100,
09:41:10,46.30,100,
09:41:11,46.291,200,
09:41:11,46.31,200,
09:41:11,46.2901,100,
09:41:12,46.3098,2000,
09:41:14,46.30,100,
09:41:14,46.33,175,
09:41:14,46.33,200,
09:41:15,46.35,100,
09:41:15,46.3411,1000,
09:41:15,46.3406,500,
09:41:16,46.34,100,
09:41:16,46.34,400,
09:41:17,46.33,100,
09:41:17,46.34,375,
09:41:18,46.3311,200,
09:41:19,46.341,1000,
09:41:20,46.38,100,
09:41:21,46.3999,200,
09:41:21,46.38,300,
09:41:23,46.3772,150,
09:41:24,46.38,100,
09:41:26,46.39,300,
09:41:26,46.39,100,
09:41:26,46.40,100,
09:41:26,46.40,300,
09:41:26,46.41,100,
09:41:26,46.43,100,
09:41:26,46.43,100,
09:41:26,46.44,100,
09:41:26,46.42,100,
09:41:26,46.41,300,
09:41:27,46.41,100,
09:41:27,46.41,100,
09:41:27,46.41,100,
09:41:27,46.41,100,
09:41:27,46.4201,100,
09:41:27,46.42,200,
09:41:28,46.42,300,
09:41:28,46.42,100,
09:41:28,46.411,1300,
09:41:29,46.41,100,
09:41:29,46.41,100,
09:41:29,46.40,300,
09:41:29,46.39,100,
09:41:29,46.38,100,
09:41:29,46.37,100,
09:41:29,46.38,100,
09:41:29,46.37,100,
09:41:29,46.37,100,
09:41:30,46.40,100,
09:41:30,46.3999,100,
09:41:30,46.3999,100,
09:41:30,46.3999,100,
09:41:31,46.3999,100,
09:41:32,46.3914,500,
09:41:33,46.41,200,
09:41:33,46.4099,700,
09:41:34,46.3902,400,
09:41:34,46.39,300,
09:41:35,46.40,100,
09:41:35,46.41,100,
09:41:36,46.40,100,
09:41:36,46.40,100,
09:41:37,46.40,100,
09:41:37,46.399,300,
09:41:38,46.401,3400,
09:41:38,46.4001,100,
09:41:38,46.41,100,
09:41:39,46.4099,100,
09:41:39,46.4099,100,
09:41:39,46.40,14800,
09:41:40,46.40,100,
09:41:41,46.4014,600,
09:41:43,46.40,225,
09:41:43,46.40,300,
09:41:43,46.40,175,
09:41:43,46.40,500,
09:41:44,46.41,1800,
09:41:44,46.42,100,
09:41:44,46.42,100,
09:41:44,46.42,100,
09:41:44,46.43,400,
09:41:44,46.43,600,
09:41:44,46.43,200,
09:41:44,46.43,1200,
09:41:44,46.43,200,
09:41:45,46.43,400,
09:41:45,46.4299,200,
09:41:46,46.43,100,
09:41:46,46.44,100,
09:41:46,46.44,200,
09:41:46,46.44,400,
09:41:46,46.42,100,
09:41:46,46.40,200,
09:41:47,46.42,300,
09:41:47,46.42,200,
09:41:47,46.42,200,
09:41:47,46.4199,1500,
09:41:48,46.4198,100,
09:41:49,46.42,100,
09:41:49,46.418,100,
09:41:50,46.429,100,
09:41:50,46.4299,100,
09:41:52,46.42,200,
09:41:52,46.40,200,
09:41:52,46.41,100,
09:41:52,46.40,200,
09:41:52,46.40,100,
09:41:52,46.40,100,
09:41:52,46.43,2800,
09:41:53,46.41,100,
09:41:53,46.41,100,
09:41:53,46.42,100,
09:41:53,46.43,200,
09:41:53,46.43,100,
09:41:53,46.41,300,
09:41:53,46.41,300,
09:41:53,46.40,100,
09:41:53,46.40,400,
09:41:53,46.41,100,
09:41:55,46.4288,1500,
09:41:55,46.40,100,
09:41:55,46.40,100,
09:41:55,46.40,100,
09:41:56,46.3999,300,
09:41:56,46.41,100,
09:41:56,46.41,100,
09:41:56,46.4099,100,
09:41:56,46.3999,100,
09:41:57,46.41,100,
09:41:57,46.42,100,
09:41:57,46.41,100,
09:41:57,46.39,100,
09:41:57,46.38,100,
09:41:57,46.38,100,
09:41:57,46.38,100,
09:41:57,46.38,100,
09:41:57,46.37,100,
09:41:57,46.37,100,
09:41:57,46.38,100,
09:41:57,46.36,200,
09:41:57,46.36,100,
09:41:57,46.36,100,
09:41:57,46.36,100,
09:41:58,46.36,100,
09:41:58,46.36,100,
09:41:58,46.3576,100,
09:41:58,46.34,593,
09:41:58,46.34,100,
09:41:58,46.33,400,
09:42:00,46.31,100,
09:42:00,46.31,200,
09:42:00,46.33,726,
09:42:00,46.33,100,
09:42:00,46.33,100,
09:42:00,46.33,100,
09:42:00,46.3028,500,
09:42:01,46.32,500,
09:42:02,46.3101,500,
09:42:02,46.32,100,
09:42:02,46.32,200,
09:42:02,46.32,100,
09:42:02,46.3199,900,
09:42:03,46.32,100,
09:42:03,46.32,300,
09:42:03,46.327,400,
09:42:03,46.33,100,
09:42:03,46.33,100,
09:42:03,46.33,100,
09:42:03,46.32,400,
09:42:03,46.31,300,
09:42:03,46.31,100,
09:42:03,46.31,100,
09:42:03,46.31,100,
09:42:03,46.31,100,
09:42:03,46.31,100,
09:42:03,46.31,100,
09:42:03,46.32,100,
09:42:04,46.31,100,
09:42:04,46.31,400,
09:42:04,46.31,100,
09:42:04,46.32,100,
09:42:04,46.33,100,
09:42:04,46.32,100,
09:42:04,46.33,100,
09:42:04,46.33,200,
09:42:04,46.321,100,
09:42:06,46.3501,2300,
09:42:07,46.3444,500,
09:42:09,46.312,250,
09:42:09,46.3102,500,
09:42:11,46.30,300,
09:42:11,46.30,200,
09:42:11,46.30,500,
09:42:11,46.29,200,
09:42:11,46.30,100,
09:42:11,46.31,100,
09:42:11,46.31,100,
09:42:11,46.30,100,
09:42:11,46.31,100,
09:42:11,46.30,100,
09:42:11,46.31,500,
09:42:11,46.30,100,
09:42:11,46.31,300,
09:42:11,46.3025,200,
09:42:11,46.30,200,
09:42:11,46.30,300,
09:42:11,46.3025,300,
09:42:11,46.30,300,
09:42:11,46.30,200,
09:42:11,46.30,200,
09:42:12,46.3074,100,
09:42:13,46.30,300,
09:42:13,46.30,200,
09:42:13,46.2912,800,
09:42:13,46.3088,100,
09:42:14,46.3001,100,
09:42:14,46.3095,600,
09:42:14,46.29,10000,
09:42:15,46.2928,800,
09:42:16,46.2914,500,
09:42:17,46.29,100,
09:42:17,46.2999,100,
09:42:17,46.29,200,
09:42:17,46.29,200,
09:42:17,46.29,100,
09:42:17,46.29,200,
09:42:17,46.29,100,
09:42:17,46.29,200,
09:42:17,46.2911,500,
09:42:18,46.291,700,
09:42:19,46.30,150,
09:42:19,46.2989,1000,
09:42:19,46.30,100,
09:42:19,46.30,100,
09:42:19,46.30,200,
09:42:19,46.30,100,
09:42:19,46.30,1000,
09:42:19,46.30,200,
09:42:19,46.299,100,
09:42:20,46.30,100,
09:42:20,46.30,100,
09:42:20,46.29,100,
09:42:20,46.29,599,
09:42:21,46.2919,300,
09:42:21,46.2998,200,
09:42:23,46.2972,100,
09:42:23,46.2902,300,
09:42:23,46.29,500,
09:42:23,46.29,100,
09:42:23,46.29,100,
09:42:23,46.29,500,
09:42:23,46.29,100,
09:42:23,46.29,400,
09:42:23,46.27,100,
09:42:23,46.28,200,
09:42:24,46.27,200,
09:42:24,46.27,100,
09:42:24,46.2872,500,
09:42:24,46.26,100,
09:42:25,46.25,200,
09:42:25,46.25,330,
09:42:25,46.25,400,
09:42:25,46.25,100,
09:42:26,46.26,100,
09:42:26,46.2601,300,
09:42:26,46.25,900,
09:42:27,46.2512,1000,
09:42:27,46.25,100,
09:42:28,46.2401,200,
09:42:29,46.2499,200,
09:42:29,46.2401,200,
09:42:29,46.2499,200,
09:42:29,46.25,200,
09:42:29,46.24,216,
09:42:29,46.23,100,
09:42:29,46.24,100,
09:42:30,46.24,150,
09:42:30,46.23,300,
09:42:30,46.2312,280,
09:42:32,46.25,100,
09:42:33,46.2499,500,
09:42:33,46.259,800,
09:42:34,46.2528,1000,
09:42:36,46.2501,1900,
09:42:36,46.25,100,
09:42:36,46.25,100,
09:42:37,46.241,700,
09:42:38,46.261,150,
09:42:39,46.24,100,
09:42:40,46.24,150,
09:42:41,46.242,150,
09:42:41,46.2402,200,
09:42:42,46.242,250,
09:42:42,46.24,900,
09:42:42,46.24,400,
09:42:43,46.2399,2500,
09:42:44,46.241,550,
09:42:44,46.23,100,
09:42:44,46.233,1000,
09:42:44,46.24,100,
09:42:44,46.23,200,
09:42:45,46.22,100,
09:42:45,46.22,100,
09:42:45,46.22,100,
09:42:45,46.22,100,
09:42:45,46.22,300,
09:42:45,46.2212,300,
09:42:47,46.211,100,
09:42:47,46.21,100,
09:42:47,46.211,174,
09:42:48,46.2119,311,
09:42:49,46.23,1000,
09:42:49,46.21,100,
09:42:49,46.20,100,
09:42:49,46.20,200,
09:42:49,46.20,600,
09:42:49,46.201,1400,
09:42:49,46.20,4400,
09:42:49,46.20,200,
09:42:50,46.20,1000,
09:42:50,46.20,300,
09:42:50,46.2128,500,
09:42:51,46.20,100,
09:42:51,46.2001,100,
09:42:53,46.2101,100,
09:42:53,46.21,200,
09:42:53,46.21,500,
09:42:53,46.20,100,
09:42:54,46.2072,830,
09:42:54,46.21,100,
09:42:54,46.21,100,
09:42:56,46.21,100,
09:42:56,46.2101,400,
09:42:56,46.20,100,
09:42:56,46.2023,100,
09:42:56,46.201,100,
09:42:57,46.20,200,
09:42:57,46.1999,200,
09:42:58,46.1901,100,
09:42:58,46.1999,100,
09:42:58,46.19,200,
09:42:58,46.18,100,
09:42:58,46.17,200,
09:42:58,46.17,100,
09:42:58,46.16,100,
09:42:58,46.16,300,
09:42:58,46.14,200,
09:42:58,46.17,100,
09:42:58,46.19,100,
09:42:58,46.17,200,
09:42:58,46.17,100,
09:42:58,46.17,400,
09:42:58,46.1704,100,
09:42:59,46.19,100,
09:42:59,46.202,100,
09:42:59,46.18,100,
09:42:59,46.171,500,
09:43:00,46.171,600,
09:43:00,46.161,2200,
09:43:01,46.18,400,
09:43:01,46.18,100,
09:43:01,46.18,100,
09:43:01,46.18,100,
09:43:01,46.16,400,
09:43:02,46.16,100,
09:43:02,46.16,200,
09:43:02,46.16,200,
09:43:02,46.1602,500,
09:43:02,46.19,500,
09:43:03,46.19,100,
09:43:04,46.188,1000,
09:43:05,46.17,1300,
09:43:05,46.17,100,
09:43:05,46.17,500,
09:43:05,46.17,200,
09:43:06,46.161,100,
09:43:06,46.16,100,
09:43:06,46.161,150,
09:43:07,46.16,100,
09:43:07,46.17,500,
09:43:07,46.17,500,
09:43:07,46.17,500,
09:43:07,46.17,1100,
09:43:07,46.17,2800,
09:43:11,46.171,500,
09:43:13,46.19,200,
09:43:13,46.181,100,
09:43:13,46.19,100,
09:43:14,46.1944,150,
09:43:14,46.1998,2000,
09:43:14,46.19,100,
09:43:14,46.1914,500,
09:43:14,46.1901,100,
09:43:15,46.19,100,
09:43:15,46.19,100,
09:43:15,46.1905,300,
09:43:15,46.19,100,
09:43:15,46.19,300,
09:43:15,46.19,100,
09:43:17,46.1972,1000,
09:43:17,46.18,100,
09:43:18,46.199,300,
09:43:18,46.182,300,
09:43:20,46.1901,100,
09:43:20,46.1901,200,
09:43:20,46.1914,600,
09:43:20,46.191,100,
09:43:21,46.199,100,
09:43:21,46.19,100,
09:43:22,46.20,100,
09:43:22,46.19,100,
09:43:22,46.19,100,
09:43:22,46.19,100,
09:43:23,46.20,200,
09:43:23,46.1901,100,
09:43:23,46.191,300,
09:43:23,46.191,400,
09:43:24,46.19,100,
09:43:24,46.1901,100,
09:43:24,46.1901,100,
09:43:24,46.1901,100,
09:43:25,46.20,100,
09:43:26,46.1928,600,
09:43:26,46.19,100,
09:43:26,46.19,100,
09:43:26,46.19,100,
09:43:27,46.194,190,
09:43:29,46.1928,300,
09:43:29,46.19,100,
09:43:29,46.19,100,
09:43:30,46.18,100,
09:43:30,46.1828,800,
09:43:30,46.1801,300,
09:43:30,46.1801,300,
09:43:30,46.18,100,
09:43:30,46.18,400,
09:43:30,46.18,100,
09:43:30,46.18,500,
09:43:30,46.17,1200,
09:43:31,46.18,100,
09:43:32,46.18,200,
09:43:32,46.1801,200,
09:43:33,46.17,400,
09:43:33,46.16,100,
09:43:33,46.17,400,
09:43:33,46.18,100,
09:43:33,46.179,100,
09:43:35,46.179,400,
09:43:35,46.16,100,
09:43:35,46.162,250,
09:43:37,46.18,100,
09:43:38,46.1898,2000,
09:43:40,46.17,400,
09:43:40,46.16,100,
09:43:40,46.15,178,
09:43:40,46.15,200,
09:43:40,46.16,300,
09:43:40,46.162,900,
09:43:42,46.16,100,
09:43:42,46.1601,100,
09:43:42,46.1614,500,
09:43:45,46.16,100,
09:43:45,46.1598,200,
09:43:45,46.16,100,
09:43:47,46.1674,100,
09:43:47,46.1602,500,
09:43:48,46.16,400,
09:43:50,46.171,100,
09:43:50,46.152,1000,
09:43:51,46.17,100,
09:43:51,46.1701,100,
09:43:51,46.1701,100,
09:43:52,46.17,100,
09:43:52,46.1728,400,
09:43:52,46.17,100,
09:43:53,46.17,100,
09:43:56,46.20,250,
09:43:59,46.201,100,
09:44:00,46.21,100,
09:44:00,46.22,100,
09:44:01,46.21,100,
09:44:01,46.201,100,
09:44:02,46.21,1000,
09:44:04,46.22,100,
09:44:04,46.23,100,
09:44:04,46.25,200,
09:44:05,46.25,100,
09:44:06,46.23,1000,
09:44:07,46.2544,100,
09:44:07,46.25,300,
09:44:07,46.2317,100,
09:44:07,46.231,1300,
09:44:08,46.231,1400,
09:44:08,46.23,900,
09:44:08,46.23,100,
09:44:08,46.22,100,
09:44:09,46.2399,200,
09:44:11,46.21,200,
09:44:11,46.21,400,
09:44:11,46.21,100,
09:44:11,46.21,100,
09:44:11,46.20,100,
09:44:11,46.21,100,
09:44:11,46.21,100,
09:44:12,46.1956,100,
09:44:13,46.2128,1500,
09:44:14,46.21,100,
09:44:14,46.21,100,
09:44:14,46.20,200,
09:44:14,46.19,200,
09:44:14,46.20,200,
09:44:15,46.19,100,
09:44:15,46.19,100,
09:44:15,46.20,100,
09:44:15,46.2099,200,
09:44:15,46.21,200,
09:44:16,46.21,100,
09:44:16,46.22,100,
09:44:17,46.2002,400,
09:44:17,46.20,100,
09:44:17,46.20,100,
09:44:17,46.2128,600,
09:44:18,46.23,100,
09:44:18,46.2214,600,
09:44:18,46.229,500,
09:44:19,46.21,100,
09:44:19,46.21,100,
09:44:19,46.20,100,
09:44:19,46.20,100,
09:44:22,46.1999,100,
09:44:22,46.19,200,
09:44:22,46.19,100,
09:44:22,46.19,400,
09:44:23,46.19,100,
09:44:23,46.18,200,
09:44:26,46.20,100,
09:44:27,46.21,100,
09:44:28,46.23,200,
09:44:28,46.23,100,
09:44:30,46.25,100,
09:44:30,46.25,100,
09:44:32,46.27,100,
09:44:32,46.27,100,
09:44:33,46.231,100,
09:44:33,46.25,100,
09:44:34,46.231,800,
09:44:35,46.23,400,
09:44:37,46.25,100,
09:44:37,46.2581,100,
09:44:38,46.2472,500,
09:44:42,46.24,200,
09:44:42,46.239,5500,
09:44:44,46.2362,100,
09:44:46,46.24,100,
09:44:46,46.24,100,
09:44:46,46.23,200,
09:44:46,46.23,100,
09:44:48,46.22,200,
09:44:48,46.21,100,
09:44:48,46.218,1000,
09:44:53,46.23,300,
09:44:53,46.22,100,
09:44:53,46.23,100,
09:44:54,46.21,100,
09:44:54,46.20,100,
09:44:54,46.20,100,
09:44:56,46.1901,200,
09:45:00,46.21,100,
09:45:00,46.21,100,
09:45:00,46.21,100,
09:45:00,46.22,100,
09:45:00,46.2376,100,
09:45:02,46.22,100,
09:45:02,46.21,200,
09:45:02,46.20,200,
09:45:02,46.19,100,
09:45:02,46.19,100,
09:45:02,46.22,100,
09:45:04,46.2099,300,
09:45:05,46.2111,500,
09:45:06,46.20,400,
09:45:06,46.20,100,
09:45:06,46.20,200,
09:45:06,46.20,400,
09:45:06,46.20,100,
09:45:06,46.20,200,
09:45:06,46.20,300,
09:45:07,46.20,100,
09:45:07,46.20,100,
09:45:07,46.20,200,
09:45:07,46.20,300,
09:45:07,46.20,300,
09:45:07,46.20,100,
09:45:07,46.19,100,
09:45:07,46.20,100,
09:45:07,46.199,100,
09:45:07,46.19,100,
09:45:08,46.2001,100,
09:45:08,46.219,128,
09:45:08,46.23,100,
09:45:09,46.23,100,
09:45:09,46.23,100,
09:45:09,46.2301,100,
09:45:09,46.2301,100,
09:45:10,46.2328,300,
09:45:10,46.23,100,
09:45:10,46.22,100,
09:45:10,46.22,100,
09:45:11,46.22,100,
09:45:11,46.22,100,
09:45:11,46.22,100,
09:45:11,46.21,100,
09:45:11,46.21,100,
09:45:11,46.229,100,
09:45:12,46.2315,100,
09:45:13,46.25,100,
09:45:13,46.25,100,
09:45:13,46.24,100,
09:45:14,46.24,100,
09:45:14,46.24,200,
09:45:14,46.2498,100,
09:45:15,46.26,100,
09:45:15,46.27,100,
09:45:15,46.28,100,
09:45:15,46.28,300,
09:45:15,46.25,100,
09:45:15,46.28,100,
09:45:15,46.27,100,
09:45:15,46.27,100,
09:45:15,46.27,100,
09:45:15,46.29,100,
09:45:15,46.28,200,
09:45:15,46.28,100,
09:45:15,46.27,100,
09:45:15,46.2801,200,
09:45:15,46.27,100,
09:45:15,46.2853,100,
09:45:15,46.2728,100,
09:45:15,46.2822,100,
09:45:15,46.271,200,
09:45:16,46.29,100,
09:45:16,46.29,100,
09:45:16,46.28,100,
09:45:16,46.29,100,
09:45:17,46.29,100,
09:45:17,46.29,200,
09:45:17,46.28,100,
09:45:18,46.30,100,
09:45:18,46.3001,100,
09:45:19,46.29,100,
09:45:19,46.29,200,
09:45:19,46.28,100,
09:45:19,46.28,100,
09:45:19,46.27,100,
09:45:21,46.2844,100,
09:45:22,46.2901,100,
09:45:22,46.29,200,
09:45:22,46.2899,100,
09:45:24,46.2989,100,
09:45:26,46.29,200,
09:45:26,46.29,500,
09:45:27,46.29,100,
09:45:27,46.30,100,
09:45:27,46.30,100,
09:45:27,46.30,100,
09:45:28,46.299,100,
09:45:29,46.28,300,
09:45:29,46.28,100,
09:45:30,46.2807,350,
09:45:30,46.29,100,
09:45:30,46.30,100,
09:45:30,46.30,100,
09:45:31,46.29,100,
09:45:31,46.30,3700,
09:45:31,46.28,100,
09:45:31,46.28,100,
09:45:31,46.28,100,
09:45:31,46.27,100,
09:45:31,46.28,100,
09:45:31,46.28,100,
09:45:31,46.27,100,
09:45:31,46.28,500,
09:45:32,46.27,100,
09:45:32,46.2705,100,
09:45:32,46.271,600,
09:45:34,46.27,300,
09:45:34,46.27,1900,
09:45:35,46.27,200,
09:45:35,46.27,400,
09:45:35,46.28,200,
09:45:35,46.27,100,
09:45:35,46.27,200,
09:45:35,46.27,100,
09:45:35,46.27,100,
09:45:35,46.27,100,
09:45:37,46.27,200,
09:45:37,46.27,100,
09:45:37,46.27,500,
09:45:37,46.28,100,
09:45:37,46.27,100,
09:45:37,46.27,108,
09:45:37,46.27,100,
09:45:37,46.275,100,
09:45:37,46.27,150,
09:45:37,46.27,300,
09:45:37,46.26,200,
09:45:37,46.25,300,
09:45:37,46.26,300,
09:45:37,46.26,100,
09:45:37,46.26,100,
09:45:37,46.25,200,
09:45:38,46.25,100,
09:45:38,46.241,100,
09:45:38,46.25,100,
09:45:38,46.259,2400,
09:45:38,46.259,2400,
09:45:39,46.26,100,
09:45:41,46.26,100,
09:45:41,46.27,100,
09:45:42,46.26,100,
09:45:42,46.2538,200,
09:45:44,46.2534,300,
09:45:47,46.26,100,
09:45:47,46.26,100,
09:45:47,46.26,100,
09:45:47,46.26,100,
09:45:47,46.2601,200,
09:45:47,46.27,100,
09:45:47,46.26,100,
09:45:48,46.2744,100,
09:45:50,46.27,100,
09:45:50,46.28,100,
09:45:50,46.27,100,
09:45:50,46.279,100,
09:45:50,46.27,100,
09:45:53,46.26,400,
09:45:54,46.28,100,
09:45:54,46.28,300,
09:45:54,46.29,100,
09:45:54,46.29,100,
09:45:54,46.29,200,
09:45:54,46.30,443,
09:45:54,46.30,100,
09:45:55,46.28,100,
09:45:56,46.29,100,
09:45:56,46.30,243,
09:45:56,46.30,100,
09:45:56,46.30,100,
09:45:57,46.28,100,
09:45:58,46.29,100,
09:45:58,46.29,100,
09:45:58,46.29,100,
09:45:59,46.29,100,
09:46:00,46.28,100,
09:46:03,46.29,100,
09:46:03,46.29,250,
09:46:04,46.27,100,
09:46:05,46.26,100,
09:46:05,46.25,120,
09:46:06,46.24,100,
09:46:06,46.24,100,
09:46:07,46.239,100,
09:46:07,46.24,100,
09:46:07,46.2399,300,
09:46:08,46.23,100,
09:46:08,46.23,1600,
09:46:08,46.22,400,
09:46:08,46.2043,100,
09:46:08,46.20,100,
09:46:08,46.23,300,
09:46:09,46.20,100,
09:46:09,46.20,400,
09:46:09,46.20,100,
09:46:09,46.19,200,
09:46:09,46.18,100,
09:46:09,46.18,300,
09:46:09,46.18,100,
09:46:09,46.17,200,
09:46:09,46.17,400,
09:46:10,46.1793,200,
09:46:10,46.1601,100,
09:46:10,46.18,100,
09:46:10,46.19,200,
09:46:11,46.19,100,
09:46:11,46.19,100,
09:46:11,46.18,400,
09:46:11,46.17,100,
09:46:11,46.17,100,
09:46:11,46.17,200,
09:46:11,46.17,100,
09:46:12,46.1801,800,
09:46:12,46.19,100,
09:46:12,46.199,450,
09:46:13,46.19,100,
09:46:13,46.1911,100,
09:46:15,46.17,250,
09:46:15,46.16,100,
09:46:15,46.16,100,
09:46:15,46.17,100,
09:46:15,46.15,100,
09:46:15,46.15,400,
09:46:16,46.13,249,
09:46:16,46.13,100,
09:46:16,46.13,200,
09:46:16,46.12,300,
09:46:16,46.11,400,
09:46:16,46.10,100,
09:46:16,46.10,200,
09:46:16,46.09,5100,
09:46:16,46.08,100,
09:46:16,46.10,100,
09:46:17,46.09,100,
09:46:17,46.09,100,
09:46:17,46.11,100,
09:46:17,46.11,100,
09:46:17,46.10,100,
09:46:17,46.1028,700,
09:46:18,46.097,100,
09:46:19,46.12,486,
09:46:19,46.107,100,
09:46:20,46.12,100,
09:46:20,46.11,100,
09:46:20,46.11,300,
09:46:20,46.11,100,
09:46:20,46.10,100,
09:46:21,46.08,100,
09:46:21,46.08,100,
09:46:21,46.08,100,
09:46:21,46.0801,100,
09:46:21,46.08,100,
09:46:21,46.0801,100,
09:46:21,46.0801,100,
09:46:22,46.0801,100,
09:46:22,46.07,100,
09:46:22,46.07,100,
09:46:22,46.07,400,
09:46:23,46.06,400,
09:46:23,46.06,100,
09:46:24,46.07,100,
09:46:24,46.06,400,
09:46:24,46.06,300,
09:46:24,46.06,100,
09:46:24,46.05,100,
09:46:24,46.05,300,
09:46:24,46.06,100,
09:46:24,46.06,100,
09:46:24,46.08,100,
09:46:25,46.09,100,
09:46:25,46.0801,100,
09:46:25,46.08,100,
09:46:25,46.07,8900,
09:46:26,46.0801,100,
09:46:26,46.051,300,
09:46:27,46.10,100,
09:46:27,46.13,100,
09:46:28,46.1189,200,
09:46:28,46.11,100,
09:46:28,46.10,300,
09:46:28,46.10,200,
09:46:29,46.10,100,
09:46:29,46.13,400,
09:46:29,46.11,100,
09:46:29,46.11,100,
09:46:29,46.11,100,
09:46:29,46.11,200,
09:46:29,46.12,100,
09:46:29,46.13,100,
09:46:29,46.14,100,
09:46:29,46.15,100,
09:46:29,46.16,300,
09:46:29,46.15,100,
09:46:29,46.16,100,
09:46:29,46.16,100,
09:46:29,46.16,100,
09:46:29,46.17,100,
09:46:29,46.17,100,
09:46:30,46.17,100,
09:46:30,46.17,100,
09:46:30,46.18,100,
09:46:30,46.19,200,
09:46:30,46.19,100,
09:46:30,46.19,100,
09:46:30,46.17,100,
09:46:30,46.1717,100,
09:46:30,46.1739,500,
09:46:31,46.17,100,
09:46:32,46.17,100,
09:46:33,46.16,100,
09:46:33,46.17,100,
09:46:34,46.17,100,
09:46:35,46.17,100,
09:46:35,46.16,100,
09:46:35,46.16,100,
09:46:35,46.16,100,
09:46:35,46.16,100,
09:46:35,46.16,200,
09:46:36,46.1793,500,
09:46:37,46.17,185,
09:46:38,46.1799,300,
09:46:38,46.1799,200,
09:46:38,46.1613,100,
09:46:39,46.15,200,
09:46:39,46.16,100,
09:46:39,46.15,100,
09:46:39,46.15,100,
09:46:39,46.14,200,
09:46:40,46.159,110,
09:46:40,46.16,100,
09:46:41,46.16,400,
09:46:42,46.15,100,
09:46:43,46.15,100,
09:46:44,46.15,100,
09:46:44,46.15,400,
09:46:44,46.15,100,
09:46:44,46.1401,1000,
09:46:45,46.15,100,
09:46:45,46.15,100,
09:46:45,46.15,100,
09:46:45,46.15,100,
09:46:46,46.1599,200,
09:46:50,46.13,100,
09:46:50,46.14,100,
09:46:51,46.16,100,
09:46:52,46.15,100,
09:46:55,46.16,200,
09:46:56,46.169,1300,
09:46:56,46.169,1200,
09:46:56,46.17,1300,
09:46:56,46.16,500,
09:46:56,46.161,200,
09:46:56,46.16,100,
09:46:56,46.16,100,
09:46:58,46.16,100,
09:46:58,46.16,100,
09:46:59,46.161,1000,
09:46:59,46.16,200,
09:46:59,46.16,100,
09:46:59,46.16,200,
09:47:00,46.161,400,
09:47:01,46.15,100,
09:47:03,46.1595,1000,
09:47:03,46.15,100,
09:47:06,46.1698,200,
09:47:07,46.15,100,
09:47:08,46.14,100,
09:47:08,46.14,200,
09:47:08,46.14,100,
09:47:11,46.16,100,
09:47:11,46.16,100,
09:47:11,46.15,200,
09:47:12,46.13,100,
09:47:15,46.148,1000,
09:47:16,46.16,100,
09:47:17,46.15,100,
09:47:17,46.15,100,
09:47:17,46.1501,100,
09:47:17,46.1501,100,
09:47:20,46.1572,100,
09:47:20,46.15,100,
09:47:20,46.15,100,
09:47:20,46.1501,100,
09:47:20,46.1501,100,
09:47:20,46.1501,100,
09:47:21,46.16,100,
09:47:22,46.1599,110,
09:47:23,46.16,1900,
09:47:25,46.17,100,
09:47:26,46.173,100,
09:47:27,46.16,100,
09:47:27,46.1601,100,
09:47:27,46.18,100,
09:47:31,46.1899,400,
09:47:31,46.19,100,
09:47:31,46.17,1300,
09:47:32,46.1599,800,
09:47:34,46.16,2000,
09:47:34,46.17,100,
09:47:34,46.17,100,
09:47:34,46.17,1098,
09:47:34,46.15,200,
09:47:34,46.15,700,
09:47:34,46.15,100,
09:47:34,46.15,200,
09:47:34,46.15,200,
09:47:34,46.15,100,
09:47:34,46.15,100,
09:47:34,46.15,100,
09:47:34,46.13,100,
09:47:34,46.14,200,
09:47:34,46.15,200,
09:47:34,46.15,100,
09:47:34,46.15,100,
09:47:34,46.13,100,
09:47:34,46.15,1500,
09:47:34,46.15,100,
09:47:34,46.15,1500,
09:47:34,46.14,100,
09:47:34,46.16,200,
09:47:34,46.16,100,
09:47:34,46.16,100,
09:47:34,46.15,200,
09:47:34,46.15,100,
09:47:34,46.15,100,
09:47:34,46.15,100,
09:47:35,46.152,500,
09:47:36,46.15,100,
09:47:36,46.15,400,
09:47:37,46.1501,500,
09:47:38,46.15,100,
09:47:38,46.15,100,
09:47:39,46.19,100,
09:47:40,46.20,100,
09:47:42,46.19,100,
09:47:45,46.19,100,
09:47:49,46.19,100,
09:47:49,46.1928,200,
09:47:50,46.20,100,
09:47:51,46.21,100,
09:47:51,46.21,100,
09:47:51,46.21,100,
09:47:52,46.20,100,
09:47:54,46.19,100,
09:47:55,46.21,100,
09:47:55,46.20,100,
09:47:59,46.19,100,
09:47:59,46.19,100,
09:47:59,46.19,100,
09:48:00,46.17,100,
09:48:00,46.18,100,
09:48:00,46.19,100,
09:48:01,46.179,100,
09:48:03,46.19,100,
09:48:03,46.20,200,
09:48:03,46.20,100,
09:48:03,46.19,100,
09:48:03,46.19,100,
09:48:03,46.19,100,
09:48:03,46.18,200,
09:48:03,46.18,100,
09:48:03,46.18,100,
09:48:03,46.18,200,
09:48:03,46.18,100,
09:48:03,46.19,100,
09:48:04,46.18,100,
09:48:04,46.18,100,
09:48:04,46.18,200,
09:48:04,46.18,100,
09:48:04,46.18,100,
09:48:04,46.17,100,
09:48:04,46.181,100,
09:48:04,46.182,100,
09:48:04,46.18,300,
09:48:04,46.18,400,
09:48:04,46.16,2400,
09:48:04,46.15,2400,
09:48:04,46.18,200,
09:48:04,46.19,100,
09:48:04,46.19,100,
09:48:06,46.2089,500,
09:48:06,46.18,100,
09:48:06,46.19,100,
09:48:06,46.19,100,
09:48:07,46.19,100,
09:48:08,46.17,300,
09:48:08,46.17,200,
09:48:08,46.17,200,
09:48:08,46.17,200,
09:48:08,46.17,200,
09:48:08,46.17,200,
09:48:08,46.18,100,
09:48:08,46.1763,100,
09:48:10,46.18,100,
09:48:11,46.18,100,
09:48:11,46.179,100,
09:48:12,46.17,278,
09:48:12,46.17,300,
09:48:12,46.17,500,
09:48:13,46.17,500,
09:48:13,46.17,300,
09:48:13,46.181,100,
09:48:13,46.18,100,
09:48:13,46.18,100,
09:48:15,46.18,100,
09:48:15,46.18,100,
09:48:15,46.18,100,
09:48:15,46.18,330,
09:48:16,46.1799,215,
09:48:16,46.17,100,
09:48:16,46.171,700,
09:48:16,46.15,100,
09:48:16,46.15,150,
09:48:16,46.15,100,
09:48:16,46.16,100,
09:48:16,46.15,100,
09:48:16,46.15,100,
09:48:16,46.15,100,
09:48:16,46.15,100,
09:48:16,46.15,100,
09:48:16,46.15,100,
09:48:16,46.15,100,
09:48:16,46.15,300,
09:48:16,46.15,100,
09:48:16,46.15,100,
09:48:16,46.15,100,
09:48:16,46.15,100,
09:48:16,46.15,400,
09:48:16,46.15,100,
09:48:17,46.15,200,
09:48:17,46.16,100,
09:48:17,46.16,100,
09:48:17,46.15,353,
09:48:17,46.15,100,
09:48:17,46.15,100,
09:48:17,46.15,100,
09:48:18,46.15,100,
09:48:18,46.15,100,
09:48:18,46.15,100,
09:48:18,46.15,200,
09:48:18,46.15,100,
09:48:18,46.14,100,
09:48:18,46.15,100,
09:48:18,46.15,100,
09:48:18,46.16,200,
09:48:19,46.169,100,
09:48:21,46.1686,500,
09:48:23,46.17,100,
09:48:23,46.16,300,
09:48:23,46.16,100,
09:48:25,46.18,100,
09:48:25,46.18,200,
09:48:25,46.19,100,
09:48:25,46.18,2400,
09:48:26,46.17,100,
09:48:26,46.18,100,
09:48:26,46.17,100,
09:48:27,46.16,100,
09:48:27,46.16,100,
09:48:27,46.16,100,
09:48:28,46.168,500,
09:48:30,46.17,100,
09:48:30,46.18,100,
09:48:30,46.18,100,
09:48:30,46.18,100,
09:48:30,46.18,533,
09:48:33,46.18,200,
09:48:33,46.17,100,
09:48:33,46.17,141,
09:48:33,46.18,100,
09:48:33,46.18,100,
09:48:34,46.18,600,
09:48:34,46.1801,600,
09:48:36,46.1899,200,
09:48:36,46.18,100,
09:48:36,46.17,100,
09:48:38,46.1738,300,
09:48:40,46.18,100,
09:48:41,46.17,100,
09:48:45,46.18,100,
09:48:45,46.1638,300,
09:48:48,46.18,100,
09:48:50,46.18,100,
09:48:50,46.18,100,
09:48:50,46.1704,1000,
09:48:50,46.16,200,
09:48:50,46.17,300,
09:48:53,46.15,360,
09:48:55,46.16,100,
09:48:57,46.1619,200,
09:48:58,46.1592,100,
09:48:58,46.16,100,
09:48:58,46.15,100,
09:48:58,46.15,100,
09:48:58,46.15,100,
09:48:58,46.15,100,
09:48:58,46.15,100,
09:48:59,46.17,158,
09:49:00,46.20,100,
09:49:00,46.19,100,
09:49:00,46.20,200,
09:49:00,46.19,100,
09:49:00,46.19,100,
09:49:03,46.19,100,
09:49:06,46.17,100,
09:49:08,46.17,100,
09:49:09,46.17,100,
09:49:09,46.17,100,
09:49:09,46.17,500,
09:49:09,46.1701,200,
09:49:09,46.1701,500,
09:49:10,46.16,100,
09:49:10,46.16,100,
09:49:11,46.159,250,
09:49:12,46.15,100,
09:49:12,46.15,100,
09:49:12,46.15,100,
09:49:12,46.16,100,
09:49:13,46.16,100,
09:49:14,46.15,100,
09:49:14,46.15,200,
09:49:14,46.16,300,
09:49:14,46.16,100,
09:49:14,46.16,100,
09:49:14,46.14,100,
09:49:15,46.141,300,
09:49:16,46.14,100,
09:49:22,46.14,100,
09:49:23,46.149,100,
09:49:24,46.15,100,
09:49:24,46.16,100,
09:49:26,46.1638,100,
09:49:27,46.15,100,
09:49:27,46.15,100,
09:49:29,46.14,100,
09:49:31,46.14,100,
09:49:32,46.14,100,
09:49:32,46.14,100,
09:49:33,46.14,100,
09:49:37,46.1207,300,
09:49:39,46.11,100,
09:49:39,46.11,100,
09:49:39,46.10,100,
09:49:39,46.10,100,
09:49:39,46.12,100,
09:49:39,46.1199,100,
09:49:40,46.12,100,
09:49:41,46.111,300,
09:49:42,46.12,500,
09:49:42,46.13,100,
09:49:42,46.11,100,
09:49:42,46.12,100,
09:49:42,46.11,100,
09:49:43,46.1113,1200,
09:49:43,46.11,200,
09:49:44,46.10,100,
09:49:44,46.10,100,
09:49:44,46.1001,100,
09:49:44,46.10,300,
09:49:44,46.10,100,
09:49:44,46.10,100,
09:49:44,46.10,200,
09:49:44,46.10,100,
09:49:44,46.09,400,
09:49:44,46.08,100,
09:49:45,46.08,130,
09:49:45,46.08,100,
09:49:46,46.08,100,
09:49:46,46.09,100,
09:49:46,46.09,100,
09:49:46,46.09,100,
09:49:46,46.09,100,
09:49:46,46.10,100,
09:49:46,46.11,100,
09:49:46,46.11,100,
09:49:46,46.11,100,
09:49:47,46.11,100,
09:49:48,46.11,100,
09:49:48,46.1028,500,
09:49:50,46.12,800,
09:49:50,46.11,100,
09:49:50,46.11,100,
09:49:51,46.12,100,
09:49:52,46.12,200,
09:49:52,46.12,500,
09:49:52,46.12,500,
09:49:52,46.12,900,
09:49:52,46.12,200,
09:49:53,46.13,100,
09:49:53,46.1372,200,
09:49:54,46.11,200,
09:49:54,46.10,100,
09:49:54,46.10,100,
09:49:55,46.1101,500,
09:49:55,46.13,100,
09:49:57,46.09,100,
09:49:57,46.09,100,
09:50:00,46.10,100,
09:50:00,46.11,300,
09:50:00,46.11,100,
09:50:01,46.1199,300,
09:50:02,46.1199,100,
09:50:02,46.1199,100,
09:50:02,46.093,100,
09:50:03,46.10,100,
09:50:04,46.09,100,
09:50:05,46.08,100,
09:50:08,46.08,100,
09:50:08,46.08,100,
09:50:08,46.08,100,
09:50:08,46.09,700,
09:50:09,46.071,100,
09:50:09,46.08,200,
09:50:09,46.08,100,
09:50:09,46.07,100,
09:50:11,46.0899,1000,
09:50:11,46.08,300,
09:50:11,46.0799,500,
09:50:11,46.0799,400,
09:50:11,46.07,100,
09:50:15,46.07,100,
09:50:15,46.07,100,
09:50:15,46.07,100,
09:50:15,46.0699,100,
09:50:15,46.0699,100,
09:50:15,46.0699,100,
09:50:15,46.0699,100,
09:50:15,46.07,100,
09:50:15,46.0699,100,
09:50:15,46.059,100,
09:50:15,46.06,100,
09:50:15,46.0699,100,
09:50:15,46.0699,100,
09:50:15,46.0699,100,
09:50:16,46.06,100,
09:50:16,46.0628,800,
09:50:17,46.06,2600,
09:50:18,46.0502,300,
09:50:19,46.05,100,
09:50:19,46.05,100,
09:50:21,46.05,100,
09:50:22,46.07,100,
09:50:22,46.07,100,
09:50:22,46.0701,5700,
09:50:23,46.06,100,
09:50:23,46.06,100,
09:50:23,46.05,100,
09:50:23,46.05,200,
09:50:23,46.05,100,
09:50:23,46.06,300,
09:50:23,46.04,100,
09:50:23,46.03,100,
09:50:23,46.03,100,
09:50:23,46.03,400,
09:50:23,46.04,200,
09:50:23,46.02,100,
09:50:23,46.0201,300,
09:50:23,46.0301,600,
09:50:23,46.04,100,
09:50:23,46.05,200,
09:50:24,46.04,100,
09:50:25,46.05,100,
09:50:25,46.05,100,
09:50:25,46.05,100,
09:50:25,46.05,200,
09:50:25,46.0399,100,
09:50:25,46.05,100,
09:50:25,46.05,200,
09:50:25,46.0399,100,
09:50:25,46.0399,100,
09:50:25,46.03,100,
09:50:25,46.05,100,
09:50:25,46.02,100,
09:50:26,46.04,100,
09:50:27,46.03,100,
09:50:30,46.0119,370,
09:50:30,46,100,
09:50:30,46,100,
09:50:30,46,100,
09:50:30,46,100,
09:50:31,46,100,
09:50:31,46,200,
09:50:31,46,100,
09:50:31,46,100,
09:50:32,45.99,200,
09:50:32,45.97,400,
09:50:32,45.9701,200,
09:50:32,45.9701,100,
09:50:32,45.97,200,
09:50:32,45.97,2200,
09:50:32,45.97,1600,
09:50:32,45.96,300,
09:50:32,45.95,100,
09:50:32,45.95,100,
09:50:33,46,185,
09:50:33,45.96,500,
09:50:33,45.9428,1700,
09:50:33,46,1300,
09:50:33,45.941,100,
09:50:33,45.96,100,
09:50:33,45.95,100,
09:50:33,45.96,100,
09:50:34,45.96,100,
09:50:34,45.96,100,
09:50:34,45.95,500,
09:50:36,45.9701,100,
09:50:36,45.97,200,
09:50:37,45.9735,300,
09:50:37,45.9819,100,
09:50:39,45.99,100,
09:50:39,45.99,300,
09:50:39,45.99,400,
09:50:41,46.0002,200,
09:50:42,45.992,1000,
09:50:43,46,100,
09:50:45,46.001,875,
09:50:45,46,100,
09:50:45,46,100,
09:50:47,46.01,100,
09:50:47,46.03,100,
09:50:48,46.04,100,
09:50:49,46.02,100,
09:50:49,46.03,100,
09:50:49,46.03,100,
09:50:49,46.03,100,
09:50:49,46.04,100,
09:50:50,46.04,100,
09:50:50,46.02,100,
09:50:52,46.02,600,
09:50:55,46.0298,500,
09:50:57,46.03,100,
09:50:57,46.03,100,
09:50:57,46.02,200,
09:50:57,46.02,100,
09:50:57,46.02,100,
09:50:57,46.023,600,
09:50:59,46.011,200,
09:50:59,46.01,100,
09:51:02,46,100,
09:51:02,46,100,
09:51:02,46.01,100,
09:51:03,46.009,1000,
09:51:04,46,500,
09:51:04,46,100,
09:51:04,46.0038,300,
09:51:07,46.01,100,
09:51:07,46,500,
09:51:07,46,100,
09:51:07,46,100,
09:51:07,46,200,
09:51:07,46,100,
09:51:10,46.04,500,
09:51:10,46.04,400,
09:51:10,46.03,100,
09:51:10,46.03,100,
09:51:10,46.03,100,
09:51:10,46.03,100,
09:51:11,46.04,100,
09:51:11,46.0401,600,
09:51:11,46.04,100,
09:51:11,46.04,100,
09:51:12,46.04,100,
09:51:12,46.04,100,
09:51:12,46.03,100,
09:51:12,46.035,100,
09:51:12,46.04,300,
09:51:12,46.0401,100,
09:51:12,46.05,100,
09:51:12,46.05,100,
09:51:13,46.05,100,
09:51:14,46.055,100,
09:51:15,46.051,100,
09:51:16,46.03,100,
09:51:18,46.03,100,
09:51:20,46.04,100,
09:51:20,46.04,100,
09:51:21,46.0372,600,
09:51:22,46.04,100,
09:51:22,46.0387,300,
09:51:23,46.05,100,
09:51:27,46.07,100,
09:51:27,46.07,100,
09:51:28,46.07,100,
09:51:28,46.0699,200,
09:51:28,46.07,100,
09:51:28,46.06,100,
09:51:28,46.07,200,
09:51:28,46.07,200,
09:51:32,46.06,100,
09:51:32,46.06,100,
09:51:33,46.08,300,
09:51:33,46.08,100,
09:51:33,46.09,100,
09:51:35,46.08,100,
09:51:35,46.08,100,
09:51:35,46.07,100,
09:51:35,46.07,100,
09:51:35,46.07,100,
09:51:35,46.07,100,
09:51:35,46.06,400,
09:51:35,46.06,100,
09:51:35,46.06,400,
09:51:35,46.065,100,
09:51:35,46.06,100,
09:51:35,46.06,100,
09:51:36,46.10,500,
09:51:39,46.08,700,
09:51:39,46.08,100,
09:51:40,46.0889,1000,
09:51:41,46.09,100,
09:51:41,46.09,100,
09:51:41,46.09,100,
09:51:41,46.0899,100,
09:51:41,46.0899,100,
09:51:41,46.0899,200,
09:51:41,46.0844,1000,
09:51:43,46.07,100,
09:51:47,46.08,100,
09:51:47,46.09,100,
09:51:51,46.079,1000,
09:51:51,46.07,100,
09:51:51,46.07,100,
09:51:51,46.07,800,
09:51:51,46.07,100,
09:51:54,46.0787,165,
09:51:55,46.09,100,
09:51:56,46.07,100,
09:51:56,46.09,700,
09:51:56,46.09,300,
09:51:57,46.09,200,
09:51:57,46.098,200,
09:52:01,46.07,100,
09:52:01,46.06,100,
09:52:01,46.06,100,
09:52:01,46.075,100,
09:52:01,46.09,100,
09:52:02,46.09,100,
09:52:03,46.089,500,
09:52:04,46.081,100,
09:52:04,46.07,100,
09:52:05,46.06,100,
09:52:05,46.06,100,
09:52:05,46.06,100,
09:52:05,46.07,100,
09:52:05,46.0699,100,
09:52:05,46.06,200,
09:52:06,46.08,100,
09:52:06,46.07,200,
09:52:06,46.07,300,
09:52:07,46.07,100,
09:52:07,46.07,300,
09:52:11,46.07,100,
09:52:14,46.07,302,
09:52:14,46.07,200,
09:52:14,46.07,100,
09:52:14,46.07,100,
09:52:15,46.0701,300,
09:52:17,46.07,102,
09:52:17,46.07,100,
09:52:17,46.071,100,
09:52:17,46.06,500,
09:52:17,46.06,100,
09:52:17,46.07,100,
09:52:17,46.07,402,
09:52:18,46.07,100,
09:52:20,46.08,200,
09:52:20,46.08,100,
09:52:20,46.08,200,
09:52:21,46.0799,100,
09:52:21,46.0799,100,
09:52:21,46.0799,200,
09:52:21,46.0799,100,
09:52:21,46.08,200,
09:52:26,46.10,200,
09:52:26,46.10,500,
09:52:29,46.09,100,
09:52:29,46.0901,500,
09:52:29,46.08,100,
09:52:29,46.08,200,
09:52:29,46.08,100,
09:52:29,46.08,200,
09:52:29,46.08,400,
09:52:29,46.09,100,
09:52:29,46.0899,200,
09:52:30,46.09,2000,
09:52:31,46.08,100,
09:52:31,46.09,100,
09:52:35,46.10,100,
09:52:39,46.10,100,
09:52:39,46.10,100,
09:52:39,46.0999,100,
09:52:39,46.0999,100,
09:52:39,46.10,100,
09:52:39,46.10,100,
09:52:40,46.0999,200,
09:52:40,46.09,100,
09:52:40,46.09,100,
09:52:40,46.09,100,
09:52:40,46.10,200,
09:52:40,46.0999,200,
09:52:40,46.09,100,
09:52:40,46.09,100,
09:52:42,46.09,100,
09:52:43,46.091,100,
09:52:43,46.09,100,
09:52:43,46.08,100,
09:52:43,46.08,100,
09:52:43,46.09,100,
09:52:44,46.08,100,
09:52:44,46.09,100,
09:52:45,46.08,100,
09:52:45,46.08,100,
09:52:45,46.07,100,
09:52:45,46.08,100,
09:52:45,46.08,100,
09:52:46,46.07,100,
09:52:48,46.07,100,
09:52:48,46.07,100,
09:52:52,46.0728,1000,
09:52:52,46.10,100,
09:52:57,46.08,400,
09:52:57,46.08,100,
09:52:57,46.089,1500,
09:52:57,46.089,1300,
09:53:03,46.098,300,
09:53:03,46.09,100,
09:53:03,46.09,100,
09:53:03,46.0901,100,
09:53:03,46.0901,100,
09:53:04,46.11,100,
09:53:05,46.099,200,
09:53:05,46.099,200,
09:53:08,46.09,300,
09:53:08,46.09,200,
09:53:08,46.09,100,
09:53:08,46.09,200,
09:53:08,46.099,100,
09:53:09,46.099,200,
09:53:11,46.08,200,
09:53:11,46.08,800,
09:53:11,46.08,100,
09:53:11,46.09,100,
09:53:17,46.08,100,
09:53:17,46.08,200,
09:53:20,46.07,100,
09:53:22,46.0798,200,
09:53:26,46.08,100,
09:53:27,46.07,100,
09:53:27,46.07,100,
09:53:33,46.07,100,
09:53:33,46.08,100,
09:53:33,46.081,100,
09:53:35,46.0898,200,
09:53:35,46.0899,100,
09:53:38,46.07,200,
09:53:40,46.07,200,
09:53:43,46.0712,1000,
09:53:45,46.0799,700,
09:53:48,46.089,100,
09:53:54,46.08,200,
09:53:54,46.085,100,
09:53:54,46.09,200,
09:53:54,46.09,900,
09:53:54,46.09,200,
09:53:54,46.09,400,
09:53:54,46.09,100,
09:53:54,46.09,400,
09:53:54,46.09,400,
09:53:54,46.09,600,
09:53:54,46.09,200,
09:53:54,46.09,500,
09:53:54,46.09,600,
09:53:54,46.09,500,
09:53:54,46.09,600,
09:53:56,46.0801,500,
09:53:57,46.098,840,
09:53:58,46.0899,100,
09:53:58,46.10,500,
09:54:04,46.0828,1800,
09:54:06,46.09,665,
09:54:09,46.0819,200,
09:54:10,46.08,100,
09:54:10,46.07,300,
09:54:12,46.09,100,
09:54:13,46.10,200,
09:54:16,46.09,400,
09:54:16,46.09,100,
09:54:16,46.09,100,
09:54:19,46.11,100,
09:54:19,46.11,100,
09:54:19,46.1099,400,
09:54:22,46.09,100,
09:54:22,46.10,100,
09:54:22,46.08,100,
09:54:22,46.09,100,
09:54:23,46.10,200,
09:54:24,46.10,100,
09:54:24,46.11,100,
09:54:29,46.0928,500,
09:54:30,46.11,500,
09:54:30,46.09,100,
09:54:30,46.11,200,
09:54:31,46.108,1000,
09:54:37,46.10,100,
09:54:37,46.10,200,
09:54:37,46.10,400,
09:54:37,46.10,300,
09:54:39,46.1099,300,
09:54:39,46.11,200,
09:54:40,46.10,200,
09:54:40,46.10,300,
09:54:40,46.10,100,
09:54:40,46.10,300,
09:54:44,46.11,200,
09:54:44,46.10,300,
09:54:44,46.10,100,
09:54:44,46.10,200,
09:54:45,46.10,200,
09:54:45,46.10,200,
09:54:45,46.10,100,
09:54:45,46.08,100,
09:54:45,46.10,100,
09:54:45,46.10,100,
09:54:45,46.11,300,
09:54:45,46.1199,500,
09:54:45,46.08,100,
09:54:49,46.11,100,
09:54:52,46.106,300,
09:54:55,46.08,100,
09:54:55,46.0814,400,
09:54:57,46.09,200,
09:54:58,46.09,700,
09:54:58,46.09,300,
09:54:58,46.09,200,
09:54:58,46.09,100,
09:54:58,46.10,1200,
09:54:58,46.1499,100,
09:55:00,46.1499,100,
09:55:00,46.1499,100,
09:55:01,46.1499,100,
09:55:01,46.1499,100,
09:55:01,46.14,100,
09:55:01,46.1499,100,
09:55:01,46.1499,100,
09:55:02,46.1499,100,
09:55:02,46.1499,100,
09:55:02,46.15,100,
09:55:02,46.1499,100,
09:55:02,46.1499,100,
09:55:02,46.1499,100,
09:55:02,46.1499,100,
09:55:02,46.131,100,
09:55:03,46.1499,100,
09:55:03,46.1499,100,
09:55:03,46.1499,100,
09:55:03,46.1499,100,
09:55:04,46.13,2300,
09:55:04,46.17,100,
09:55:04,46.20,1790,
09:55:04,46.1999,500,
09:55:05,46.18,100,
09:55:06,46.19,300,
09:55:06,46.19,200,
09:55:06,46.19,200,
09:55:06,46.19,100,
09:55:06,46.19,100,
09:55:07,46.19,200,
09:55:07,46.19,200,
09:55:07,46.20,100,
09:55:07,46.20,100,
09:55:07,46.20,100,
09:55:07,46.20,100,
09:55:07,46.20,100,
09:55:07,46.199,100,
09:55:07,46.20,100,
09:55:07,46.20,100,
09:55:09,46.19,100,
09:55:09,46.19,200,
09:55:09,46.191,250,
09:55:11,46.20,300,
09:55:11,46.20,100,
09:55:11,46.20,100,
09:55:11,46.20,100,
09:55:11,46.20,400,
09:55:11,46.20,1200,
09:55:11,46.20,500,
09:55:11,46.20,100,
09:55:11,46.20,100,
09:55:11,46.20,300,
09:55:11,46.20,100,
09:55:11,46.20,200,
09:55:11,46.20,100,
09:55:11,46.20,100,
09:55:11,46.20,100,
09:55:11,46.21,100,
09:55:11,46.24,100,
09:55:11,46.1999,100,
09:55:11,46.21,200,
09:55:11,46.2296,100,
09:55:11,46.2296,200,
09:55:11,46.23,100,
09:55:11,46.23,100,
09:55:13,46.2112,150,
09:55:13,46.229,100,
09:55:13,46.25,550,
09:55:13,46.22,100,
09:55:13,46.25,300,
09:55:14,46.22,100,
09:55:15,46.25,2250,
09:55:15,46.246,300,
09:55:15,46.2462,400,
09:55:15,46.2311,100,
09:55:15,46.2322,100,
09:55:16,46.229,100,
09:55:16,46.23,300,
09:55:16,46.2388,200,
09:55:18,46.23,1700,
09:55:18,46.2199,100,
09:55:18,46.21,300,
09:55:20,46.1901,2400,
09:55:21,46.2116,1200,
09:55:25,46.208,1000,
09:55:29,46.21,176,
09:55:30,46.2499,440,
09:55:30,46.2499,100,
09:55:30,46.2499,100,
09:55:30,46.25,100,
09:55:30,46.25,200,
09:55:31,46.2499,500,
09:55:31,46.2687,100,
09:55:31,46.2672,100,
09:55:31,46.2699,532,
09:55:31,46.2698,168,
09:55:31,46.2698,100,
09:55:31,46.2699,100,
09:55:31,46.2699,100,
09:55:31,46.2699,100,
09:55:31,46.2699,100,
09:55:31,46.27,200,
09:55:33,46.25,100,
09:55:33,46.251,200,
09:55:34,46.27,100,
09:55:35,46.2728,100,
09:55:35,46.2628,900,
09:55:36,46.2799,100,
09:55:36,46.28,3100,
09:55:36,46.2799,3900,
09:55:36,46.28,703,
09:55:36,46.2799,1100,
09:55:36,46.28,4900,
09:55:36,46.28,200,
09:55:37,46.28,5000,
09:55:37,46.2888,100,
09:55:38,46.29,100,
09:55:38,46.30,200,
09:55:38,46.30,100,
09:55:38,46.30,100,
09:55:38,46.30,100,
09:55:38,46.30,100,
09:55:38,46.30,100,
09:55:38,46.30,100,
09:55:38,46.30,100,
09:55:38,46.30,100,
09:55:38,46.30,100,
09:55:38,46.30,100,
09:55:39,46.30,100,
09:55:39,46.30,100,
09:55:39,46.30,100,
09:55:39,46.30,100,
09:55:39,46.30,100,
09:55:39,46.299,100,
09:55:40,46.31,640,
09:55:40,46.33,147,
09:55:40,46.30,1300,
09:55:41,46.299,200,
09:55:41,46.33,300,
09:55:41,46.33,400,
09:55:41,46.33,300,
09:55:41,46.33,100,
09:55:41,46.3497,100,
09:55:41,46.347,100,
09:55:42,46.35,250,
09:55:43,46.33,350,
09:55:44,46.35,100,
09:55:44,46.36,200,
09:55:45,46.3598,100,
09:55:45,46.34,200,
09:55:45,46.3699,800,
09:55:45,46.3672,1000,
09:55:45,46.3669,200,
09:55:46,46.369,200,
09:55:46,46.3699,100,
09:55:46,46.369,1000,
09:55:46,46.369,1000,
09:55:46,46.37,100,
09:55:47,46.3699,500,
09:55:48,46.3601,100,
09:55:50,46.38,150,
09:55:51,46.3799,200,
09:55:52,46.39,300,
09:55:52,46.3899,200,
09:55:52,46.40,7911,
09:55:53,46.40,1500,
09:55:53,46.381,1000,
09:55:54,46.38,600,
09:55:54,46.38,200,
09:55:54,46.38,500,
09:55:54,46.38,600,
09:55:54,46.38,500,
09:55:54,46.38,600,
09:55:54,46.3953,300,
09:55:54,46.3802,200,
09:55:54,46.38,100,
09:55:54,46.40,100,
09:55:54,46.40,200,
09:55:54,46.3838,128,
09:55:55,46.38,200,
09:55:55,46.40,100,
09:55:55,46.40,200,
09:55:55,46.40,270,
09:55:55,46.41,300,
09:55:55,46.41,3200,
09:55:55,46.4199,250,
09:55:55,46.41,100,
09:55:56,46.411,500,
09:55:57,46.43,505,
09:55:58,46.4101,155,
09:55:58,46.41,100,
09:55:58,46.41,200,
09:55:58,46.41,200,
09:55:58,46.41,600,
09:55:59,46.411,100,
09:55:59,46.4199,225,
09:56:00,46.419,100,
09:56:00,46.41,100,
09:56:00,46.41,100,
09:56:00,46.39,400,
09:56:00,46.40,300,
09:56:00,46.41,100,
09:56:00,46.38,100,
09:56:00,46.38,200,
09:56:00,46.38,100,
09:56:00,46.38,200,
09:56:00,46.38,200,
09:56:00,46.38,5000,
09:56:00,46.38,200,
09:56:00,46.38,300,
09:56:00,46.37,100,
09:56:00,46.37,250,
09:56:00,46.37,900,
09:56:00,46.37,100,
09:56:00,46.37,100,
09:56:00,46.37,100,
09:56:01,46.36,200,
09:56:01,46.36,300,
09:56:01,46.3601,300,
09:56:01,46.38,200,
09:56:01,46.3897,100,
09:56:02,46.419,100,
09:56:02,46.3601,700,
09:56:03,46.3699,800,
09:56:03,46.36,100,
09:56:04,46.35,200,
09:56:04,46.35,400,
09:56:04,46.361,500,
09:56:04,46.352,500,
09:56:05,46.35,1000,
09:56:05,46.35,800,
09:56:05,46.3662,100,
09:56:05,46.38,200,
09:56:06,46.37,1000,
09:56:06,46.35,100,
09:56:06,46.37,300,
09:56:06,46.37,447,
09:56:06,46.34,100,
09:56:06,46.34,200,
09:56:06,46.33,100,
09:56:06,46.33,250,
09:56:06,46.32,200,
09:56:06,46.32,100,
09:56:06,46.32,150,
09:56:06,46.32,300,
09:56:06,46.3701,1000,
09:56:06,46.35,200,
09:56:07,46.36,350,
09:56:08,46.36,800,
09:56:09,46.33,700,
09:56:09,46.30,200,
09:56:09,46.29,100,
09:56:09,46.30,100,
09:56:09,46.27,400,
09:56:10,46.25,200,
09:56:10,46.23,100,
09:56:10,46.2302,2000,
09:56:11,46.231,5500,
09:56:11,46.23,100,
09:56:11,46.21,400,
09:56:12,46.23,300,
09:56:12,46.2399,800,
09:56:13,46.22,100,
09:56:13,46.23,100,
09:56:13,46.21,2400,
09:56:14,46.213,500,
09:56:15,46.24,100,
09:56:16,46.2654,100,
09:56:16,46.269,100,
09:56:16,46.25,100,
09:56:16,46.26,100,
09:56:17,46.244,100,
09:56:17,46.2499,600,
09:56:17,46.2499,700,
09:56:17,46.25,700,
09:56:17,46.2401,200,
09:56:19,46.26,100,
09:56:20,46.25,100,
09:56:20,46.25,100,
09:56:20,46.25,100,
09:56:22,46.259,100,
09:56:22,46.259,100,
09:56:23,46.23,150,
09:56:23,46.22,151,
09:56:24,46.21,100,
09:56:24,46.1885,100,
09:56:24,46.1817,100,
09:56:25,46.22,100,
09:56:25,46.22,200,
09:56:25,46.23,100,
09:56:25,46.23,100,
09:56:25,46.23,100,
09:56:26,46.22,100,
09:56:26,46.23,100,
09:56:26,46.2399,100,
09:56:26,46.2599,100,
09:56:26,46.249,100,
09:56:27,46.2462,150,
09:56:28,46.25,992,
09:56:29,46.19,100,
09:56:29,46.20,100,
09:56:29,46.1701,100,
09:56:29,46.1701,200,
09:56:30,46.16,100,
09:56:30,46.17,134,
09:56:30,46.17,200,
09:56:30,46.17,100,
09:56:31,46.16,100,
09:56:31,46.12,100,
09:56:31,46.09,100,
09:56:33,46.1302,4000,
09:56:34,46.133,1000,
09:56:34,46.159,3400,
09:56:34,46.159,3400,
09:56:37,46.131,500,
09:56:37,46.15,700,
09:56:37,46.16,4900,
09:56:37,46.11,400,
09:56:37,46.11,400,
09:56:37,46.10,100,
09:56:37,46.10,300,
09:56:37,46.09,200,
09:56:37,46.08,100,
09:56:37,46.07,400,
09:56:37,46.06,140,
09:56:37,46.08,380,
09:56:37,46.07,400,
09:56:37,46.05,100,
09:56:37,46.05,100,
09:56:37,46.05,100,
09:56:37,46.04,100,
09:56:37,46.03,100,
09:56:38,46.01,300,
09:56:38,46.04,500,
09:56:38,46,100,
09:56:38,46,100,
09:56:38,46,2700,
09:56:39,46.01,400,
09:56:40,46.001,100,
09:56:41,46.01,250,
09:56:41,46.0112,1000,
09:56:41,46.003,100,
09:56:41,46.0026,150,
09:56:42,46.0103,100,
09:56:44,46.02,100,
09:56:44,46.012,400,
09:56:46,46.05,140,
09:56:46,46.0599,100,
09:56:46,46.012,100,
09:56:46,46.0676,100,
09:56:47,46.07,260,
09:56:47,46.07,300,
09:56:47,46.07,100,
09:56:47,46.06,100,
09:56:50,46.0602,100,
09:56:52,46.10,1500,
09:56:53,46.0784,400,
09:56:55,46.0899,100,
09:56:55,46.099,350,
09:56:55,46.07,100,
09:56:57,46.05,100,
09:56:58,46.051,500,
09:56:59,46.07,100,
09:56:59,46.0699,100,
09:57:00,46.07,100,
09:57:00,46.0699,250,
09:57:01,46.068,200,
09:57:01,46.04,200,
09:57:01,46.02,100,
09:57:01,46.02,100,
09:57:02,46.04,100,
09:57:05,46.0573,100,
09:57:05,46.059,300,
09:57:05,46.057,300,
09:57:07,46.07,300,
09:57:08,46.05,100,
09:57:08,46.0499,100,
09:57:09,46.05,300,
09:57:09,46.01,100,
09:57:09,46.01,100,
09:57:09,46,1900,
09:57:09,46,700,
09:57:09,46,400,
09:57:09,46.04,100,
09:57:09,46.04,100,
09:57:09,46.02,100,
09:57:09,46.02,100,
09:57:09,46.0199,100,
09:57:09,46.0001,360,
09:57:10,46,250,
09:57:10,46.0199,200,
09:57:11,46.0216,1000,
09:57:13,46.0101,100,
09:57:16,46.05,800,
09:57:18,46.06,100,
09:57:18,46.07,1294,
09:57:20,46.06,100,
09:57:21,46.07,100,
09:57:21,46.05,100,
09:57:23,46.06,300,
09:57:25,46.059,2500,
09:57:25,46.059,2500,
09:57:27,46.0544,500,
09:57:29,46.06,300,
09:57:30,46.0599,100,
09:57:31,46.0599,100,
09:57:33,46.06,300,
09:57:33,46.06,300,
09:57:33,46.0672,100,
09:57:33,46.069,1100,
09:57:33,46.069,812,
09:57:34,46.0575,2000,
09:57:34,46.07,2400,
09:57:34,46.059,100,
09:57:34,46.06,100,
09:57:34,46.06,100,
09:57:34,46.059,300,
09:57:35,46.06,100,
09:57:35,46.06,100,
09:57:35,46.059,300,
09:57:36,46.059,300,
09:57:36,46.0575,2000,
09:57:38,46.07,600,
09:57:39,46.06,100,
09:57:39,46.069,400,
09:57:39,46.069,400,
09:57:40,46.051,540,
09:57:43,46.05,350,
09:57:47,46.0443,100,
09:57:47,46.041,200,
09:57:47,46.06,100,
09:57:49,46.0611,100,
09:57:50,46.06,700,
09:57:50,46.06,553,
09:57:55,46.0697,300,
09:57:55,46.0697,200,
09:57:56,46.04,100,
09:57:56,46.04,200,
09:57:57,46.0438,300,
09:57:57,46.04,100,
09:57:57,46.04,100,
09:57:58,46.06,100,
09:57:58,46.0599,100,
09:58:04,46.0519,351,
09:58:10,46.059,300,
09:58:12,46.05,100,
09:58:13,46.06,100,
09:58:13,46.0599,100,
09:58:13,46.05,300,
09:58:13,46.05,100,
09:58:14,46.059,100,
09:58:17,46.0306,100,
09:58:17,46.04,100,
09:58:17,46.031,2475,
09:58:17,46.031,2500,
09:58:20,46.02,100,
09:58:20,46.02,100,
09:58:20,46.02,200,
09:58:20,46.02,100,
09:58:20,46.02,300,
09:58:22,46.0228,1000,
09:58:28,46.05,200,
09:58:29,46.0438,200,
09:58:29,46.0499,500,
09:58:30,46.0401,100,
09:58:31,46.05,100,
09:58:32,46.0444,500,
09:58:33,46.0475,4000,
09:58:37,46.10,100,
09:58:37,46.10,400,
09:58:37,46.10,100,
09:58:37,46.1058,100,
09:58:37,46.1099,100,
09:58:38,46.12,100,
09:58:39,46.153,100,
09:58:40,46.15,100,
09:58:40,46.1799,250,
09:58:41,46.1761,100,
09:58:41,46.18,800,
09:58:44,46.1716,1000,
09:58:44,46.20,400,
09:58:44,46.20,100,
09:58:44,46.20,200,
09:58:44,46.19,105,
09:58:44,46.21,300,
09:58:44,46.21,400,
09:58:44,46.21,100,
09:58:44,46.21,300,
09:58:44,46.21,153,
09:58:44,46.22,100,
09:58:44,46.23,100,
09:58:45,46.24,100,
09:58:45,46.2399,100,
09:58:45,46.24,400,
09:58:46,46.24,100,
09:58:48,46.246,200,
09:58:49,46.21,600,
09:58:50,46.21,200,
09:58:56,46.2388,100,
09:58:57,46.20,400,
09:58:57,46.20,100,
09:59:00,46.16,100,
09:59:01,46.153,250,
09:59:03,46.17,100,
09:59:06,46.18,300,
09:59:06,46.18,361,
09:59:07,46.187,1200,
09:59:09,46.16,200,
09:59:12,46.1801,100,
09:59:13,46.195,1000,
09:59:15,46.216,100,
09:59:16,46.217,200,
09:59:19,46.2399,100,
09:59:20,46.21,100,
09:59:22,46.2157,155,
09:59:22,46.259,3400,
09:59:22,46.26,13000,
09:59:24,46.23,400,
09:59:24,46.23,350,
09:59:25,46.26,100,
09:59:27,46.2599,100,
09:59:28,46.2406,200,
09:59:30,46.28,100,
09:59:32,46.279,500,
09:59:32,46.279,400,
09:59:33,46.2501,100,
09:59:36,46.25,1000,
09:59:36,46.24,100,
09:59:36,46.24,300,
09:59:36,46.21,200,
09:59:36,46.21,200,
09:59:37,46.25,300,
09:59:38,46.264,200,
09:59:40,46.28,100,
09:59:44,46.262,100,
09:59:44,46.262,1200,
09:59:46,46.252,700,
09:59:47,46.27,1100,
09:59:47,46.27,200,
09:59:47,46.27,700,
09:59:47,46.27,100,
09:59:47,46.27,600,
09:59:47,46.27,400,
09:59:50,46.2902,100,
09:59:50,46.2902,1000,
09:59:52,46.30,200,
09:59:52,46.33,300,
09:59:53,46.3001,100,
09:59:55,46.307,900,
09:59:55,46.299,100,
09:59:55,46.2601,1100,
09:59:55,46.30,400,
09:59:57,46.30,100,
09:59:58,46.257,700,
10:00:01,46.3248,500,
10:00:02,46.38,300,
10:00:03,46.39,500,
10:00:03,46.38,100,
10:00:03,46.35,100,
10:00:03,46.36,300,
10:00:03,46.39,600,
10:00:03,46.39,100,
10:00:04,46.40,100,
10:00:05,46.37,100,
10:00:05,46.3701,100,
10:00:05,46.40,547,
10:00:05,46.40,100,
10:00:05,46.43,5900,
10:00:05,46.40,139,
10:00:06,46.4299,100,
10:00:06,46.40,500,
10:00:07,46.4045,100,
10:00:07,46.429,400,
10:00:07,46.429,300,
10:00:07,46.4084,150,
10:00:08,46.43,2800,
10:00:08,46.3954,5000,
10:00:11,46.3702,200,
10:00:11,46.3702,200,
10:00:12,46.40,500,
10:00:13,46.385,2000,
10:00:14,46.37,100,
10:00:15,46.38,400,
10:00:16,46.41,1900,
10:00:16,46.41,100,
10:00:16,46.41,300,
10:00:16,46.41,100,
10:00:16,46.38,100,
10:00:16,46.38,100,
10:00:17,46.3814,1000,
10:00:17,46.38,100,
10:00:18,46.3814,500,
10:00:19,46.36,116,
10:00:19,46.33,100,
10:00:19,46.3304,200,
10:00:20,46.35,500,
10:00:20,46.369,100,
10:00:20,46.369,4200,
10:00:21,46.3612,500,
10:00:22,46.369,100,
10:00:22,46.369,100,
10:00:22,46.369,300,
10:00:23,46.38,300,
10:00:24,46.39,500,
10:00:24,46.39,700,
10:00:24,46.39,500,
10:00:24,46.37,100,
10:00:25,46.38,1400,
10:00:26,46.3842,700,
10:00:28,46.4179,100,
10:00:28,46.419,200,
10:00:28,46.4001,100,
10:00:29,46.40,700,
10:00:29,46.42,300,
10:00:30,46.4201,500,
10:00:31,46.421,100,
10:00:32,46.4227,100,
10:00:32,46.421,100,
10:00:32,46.4201,300,
10:00:32,46.42,200,
10:00:33,46.43,400,
10:00:33,46.42,100,
10:00:33,46.4199,100,
10:00:33,46.4393,500,
10:00:36,46.42,200,
10:00:36,46.42,100,
10:00:36,46.41,900,
10:00:37,46.3802,3000,
10:00:38,46.3913,100,
10:00:38,46.3901,300,
10:00:39,46.36,100,
10:00:40,46.3897,215,
10:00:43,46.39,500,
10:00:44,46.3855,100,
10:00:47,46.3701,100,
10:00:48,46.3999,780,
10:00:48,46.3706,200,
10:00:49,46.3835,100,
10:00:49,46.381,100,
10:00:50,46.38,4700,
10:00:51,46.40,188,
10:00:52,46.40,300,
10:00:52,46.40,212,
10:00:52,46.40,200,
10:00:52,46.40,100,
10:00:52,46.36,100,
10:00:53,46.3616,215,
10:00:55,46.3755,1000,
10:00:56,46.38,500,
10:00:57,46.34,100,
10:00:57,46.34,100,
10:00:57,46.3444,2100,
10:01:00,46.38,200,
10:01:00,46.38,100,
10:01:02,46.3801,1000,
10:01:04,46.381,200,
10:01:05,46.371,100,
10:01:05,46.3772,200,
10:01:05,46.37,400,
10:01:06,46.39,150,
10:01:06,46.35,100,
10:01:06,46.3501,200,
10:01:07,46.32,100,
10:01:07,46.33,300,
10:01:07,46.31,253,
10:01:07,46.30,153,
10:01:07,46.30,100,
10:01:07,46.29,200,
10:01:07,46.29,100,
10:01:07,46.28,100,
10:01:07,46.28,100,
10:01:07,46.27,200,
10:01:07,46.27,100,
10:01:07,46.27,200,
10:01:08,46.27,100,
10:01:08,46.25,100,
10:01:08,46.2512,800,
10:01:08,46.25,200,
10:01:09,46.25,100,
10:01:09,46.2501,100,
10:01:10,46.3012,1000,
10:01:10,46.25,500,
10:01:11,46.30,100,
10:01:11,46.3004,200,
10:01:12,46.30,500,
10:01:13,46.302,500,
10:01:16,46.33,100,
10:01:17,46.39,213,
10:01:19,46.358,300,
10:01:20,46.3501,100,
10:01:20,46.34,100,
10:01:20,46.34,700,
10:01:20,46.3556,100,
10:01:21,46.36,100,
10:01:22,46.40,200,
10:01:23,46.39,300,
10:01:24,46.38,200,
10:01:26,46.3797,500,
10:01:31,46.3499,100,
10:01:33,46.351,3200,
10:01:33,46.351,3300,
10:01:35,46.3655,300,
10:01:36,46.3504,200,
10:01:38,46.37,100,
10:01:39,46.361,100,
10:01:39,46.361,100,
10:01:40,46.37,100,
10:01:41,46.3688,500,
10:01:43,46.35,5000,
10:01:43,46.35,100,
10:01:43,46.34,100,
10:01:43,46.34,100,
10:01:43,46.34,100,
10:01:43,46.36,100,
10:01:44,46.37,800,
10:01:44,46.38,800,
10:01:46,46.37,200,
10:01:47,46.39,200,
10:01:47,46.39,100,
10:01:48,46.37,300,
10:01:48,46.38,100,
10:01:48,46.38,100,
10:01:49,46.39,500,
10:01:50,46.34,200,
10:01:52,46.3555,580,
10:01:53,46.37,100,
10:01:53,46.36,100,
10:01:53,46.36,1800,
10:01:53,46.36,5800,
10:01:56,46.369,325,
10:01:58,46.3601,100,
10:02:00,46.36,300,
10:02:00,46.359,100,
10:02:01,46.37,100,
10:02:01,46.37,100,
10:02:01,46.37,100,
10:02:01,46.3699,798,
10:02:01,46.359,600,
10:02:02,46.359,100,
10:02:04,46.37,100,
10:02:06,46.3701,100,
10:02:06,46.3789,100,
10:02:07,46.39,200,
10:02:10,46.37,100,
10:02:12,46.38,100,
10:02:12,46.38,100,
10:02:13,46.38,900,
10:02:14,46.36,100,
10:02:14,46.33,100,
10:02:15,46.329,500,
10:02:15,46.33,100,
10:02:16,46.34,100,
10:02:16,46.34,100,
10:02:17,46.33,400,
10:02:17,46.33,100,
10:02:19,46.33,100,
10:02:19,46.32,100,
10:02:19,46.33,100,
10:02:19,46.32,200,
10:02:19,46.32,100,
10:02:19,46.32,100,
10:02:19,46.32,400,
10:02:21,46.33,100,
10:02:21,46.34,100,
10:02:22,46.33,400,
10:02:22,46.32,182,
10:02:22,46.32,100,
10:02:22,46.32,100,
10:02:22,46.31,100,
10:02:22,46.30,100,
10:02:22,46.30,100,
10:02:24,46.30,100,
10:02:24,46.30,100,
10:02:24,46.30,100,
10:02:28,46.2728,500,
10:02:29,46.26,200,
10:02:30,46.26,100,
10:02:31,46.28,100,
10:02:31,46.28,100,
10:02:31,46.28,100,
10:02:31,46.2801,100,
10:02:31,46.2801,100,
10:02:31,46.2801,100,
10:02:31,46.28,900,
10:02:31,46.2806,3000,
10:02:33,46.27,100,
10:02:34,46.26,100,
10:02:34,46.26,100,
10:02:35,46.29,100,
10:02:35,46.29,100,
10:02:36,46.28,100,
10:02:36,46.28,100,
10:02:36,46.285,550,
10:02:36,46.29,300,
10:02:36,46.30,100,
10:02:36,46.292,350,
10:02:39,46.29,100,
10:02:39,46.293,400,
10:02:41,46.30,100,
10:02:41,46.2901,100,
10:02:41,46.299,1000,
10:02:42,46.29,100,
10:02:42,46.2901,100,
10:02:43,46.29,100,
10:02:43,46.2901,100,
10:02:43,46.29,1400,
10:02:43,46.28,225,
10:02:43,46.28,100,
10:02:46,46.28,100,
10:02:46,46.28,100,
10:02:46,46.28,100,
10:02:47,46.27,200,
10:02:47,46.26,500,
10:02:47,46.26,700,
10:02:47,46.26,2100,
10:02:47,46.26,200,
10:02:47,46.26,600,
10:02:47,46.26,100,
10:02:47,46.26,100,
10:02:47,46.25,100,
10:02:48,46.25,100,
10:02:48,46.24,100,
10:02:48,46.24,100,
10:02:50,46.24,100,
10:02:51,46.23,100,
10:02:51,46.23,100,
10:02:52,46.23,100,
10:02:53,46.23,100,
10:02:54,46.23,100,
10:02:55,46.23,200,
10:02:55,46.24,100,
10:02:55,46.24,100,
10:02:55,46.22,100,
10:02:55,46.21,100,
10:02:55,46.21,100,
10:02:55,46.21,100,
10:02:55,46.20,100,
10:02:55,46.20,100,
10:02:55,46.20,100,
10:02:55,46.20,100,
10:02:55,46.20,100,
10:02:56,46.20,100,
10:02:56,46.2093,100,
10:02:56,46.2072,1000,
10:02:58,46.20,100,
10:02:59,46.201,1000,
10:03:00,46.22,100,
10:03:00,46.2199,100,
10:03:00,46.2199,100,
10:03:01,46.21,100,
10:03:02,46.20,100,
10:03:02,46.2001,200,
10:03:03,46.2021,100,
10:03:04,46.21,100,
10:03:04,46.211,300,
10:03:06,46.22,200,
10:03:06,46.22,400,
10:03:06,46.22,500,
10:03:06,46.20,200,
10:03:07,46.18,100,
10:03:08,46.18,100,
10:03:08,46.18,300,
10:03:08,46.18,100,
10:03:08,46.18,2400,
10:03:08,46.19,100,
10:03:08,46.18,700,
10:03:08,46.18,400,
10:03:10,46.19,100,
10:03:13,46.19,500,
10:03:13,46.1999,1000,
10:03:13,46.19,100,
10:03:15,46.19,100,
10:03:15,46.1914,300,
10:03:15,46.191,100,
10:03:16,46.20,100,
10:03:16,46.20,100,
10:03:19,46.181,100,
10:03:22,46.17,100,
10:03:22,46.18,100,
10:03:22,46.18,100,
10:03:25,46.17,200,
10:03:25,46.17,100,
10:03:25,46.18,100,
10:03:26,46.17,200,
10:03:26,46.17,100,
10:03:26,46.17,200,
10:03:28,46.15,100,
10:03:28,46.15,100,
10:03:28,46.15,500,
10:03:28,46.14,100,
10:03:28,46.15,100,
10:03:28,46.12,100,
10:03:28,46.1589,1000,
10:03:28,46.12,100,
10:03:28,46.12,100,
10:03:30,46.12,100,
10:03:30,46.1219,200,
10:03:30,46.15,100,
10:03:30,46.15,100,
10:03:30,46.15,100,
10:03:30,46.16,100,
10:03:30,46.14,100,
10:03:31,46.15,100,
10:03:31,46.1575,100,
10:03:31,46.1501,800,
10:03:32,46.15,100,
10:03:39,46.11,100,
10:03:40,46.10,100,
10:03:40,46.10,500,
10:03:43,46.102,300,
10:03:45,46.0901,100,
10:03:45,46.09,100,
10:03:46,46.09,250,
10:03:47,46.095,300,
10:03:48,46.09,200,
10:03:48,46.08,200,
10:03:48,46.08,100,
10:03:48,46.07,100,
10:03:49,46.07,100,
10:03:50,46.06,400,
10:03:50,46.07,100,
10:03:50,46.08,100,
10:03:51,46.07,100,
10:03:51,46.07,100,
10:03:51,46.081,100,
10:03:52,46.08,100,
10:03:52,46.0801,200,
10:03:52,46.08,100,
10:03:52,46.08,100,
10:03:53,46.08,400,
10:03:53,46.05,400,
10:03:56,46.0801,100,
10:03:56,46.0801,100,
10:03:57,46.0899,1000,
10:03:58,46.07,200,
10:03:58,46.07,200,
10:03:58,46.06,200,
10:03:58,46.05,800,
10:03:58,46.05,400,
10:03:58,46.05,100,
10:03:58,46.04,100,
10:03:58,46.04,100,
10:04:00,46.03,194,
10:04:00,46.03,200,
10:04:00,46.02,300,
10:04:00,46.02,100,
10:04:01,46.03,100,
10:04:01,46.0401,100,
10:04:04,46.03,100,
10:04:06,46.02,300,
10:04:06,46.02,100,
10:04:07,46.03,100,
10:04:07,46.01,100,
10:04:07,46.01,100,
10:04:07,46.01,300,
10:04:07,46.01,100,
10:04:07,46,1200,
10:04:07,46,100,
10:04:07,46.03,200,
10:04:07,46,250,
10:04:07,46,310,
10:04:07,46,100,
10:04:07,46,100,
10:04:08,46.01,100,
10:04:08,46.01,400,
10:04:08,46.01,200,
10:04:09,46,200,
10:04:09,46.02,100,
10:04:09,46.01,200,
10:04:09,46.01,200,
10:04:09,46.01,100,
10:04:09,46.01,100,
10:04:11,46.011,500,
10:04:12,46.01,100,
10:04:12,46.0101,100,
10:04:14,46.01,100,
10:04:14,46.02,100,
10:04:15,46.01,100,
10:04:16,46.02,100,
10:04:16,46.02,100,
10:04:16,46.02,100,
10:04:16,46.02,100,
10:04:16,46.0199,100,
10:04:17,46.01,100,
10:04:17,46,1184,
10:04:17,46,200,
10:04:17,46.01,100,
10:04:17,46.01,100,
10:04:17,46.01,100,
10:04:19,46.02,100,
10:04:20,46.019,400,
10:04:20,46.019,300,
10:04:21,46.009,1000,
10:04:21,46.0099,100,
10:04:22,46,250,
10:04:22,46.01,100,
10:04:24,46.02,100,
10:04:24,46.02,100,
10:04:24,46.0199,100,
10:04:25,46.0024,100,
10:04:26,46.01,100,
10:04:26,46.01,100,
10:04:26,46.01,400,
10:04:27,46.0099,350,
10:04:28,46.01,100,
10:04:28,46.01,400,
10:04:28,46.01,400,
10:04:28,46,600,
10:04:29,46.02,100,
10:04:29,46.02,100,
10:04:29,46.0101,100,
10:04:29,46.01,100,
10:04:30,46.02,200,
10:04:30,46.03,100,
10:04:30,46.0361,100,
10:04:31,46.0399,400,
10:04:31,46.03,100,
10:04:31,46.02,300,
10:04:32,46.0299,900,
10:04:33,46.02,200,
10:04:33,46.02,300,
10:04:34,46.0001,100,
10:04:35,46.0098,3000,
10:04:36,46.0099,100,
10:04:36,46.01,400,
10:04:36,46.01,100,
10:04:36,46.01,700,
10:04:36,46.0099,100,
10:04:36,46.01,100,
10:04:36,46,1600,
10:04:36,46,657,
10:04:36,46,600,
10:04:36,46,450,
10:04:36,46,288,
10:04:36,46,300,
10:04:36,46,100,
10:04:36,46,200,
10:04:36,46,100,
10:04:38,45.97,100,
10:04:38,45.97,100,
10:04:38,45.98,400,
10:04:38,45.97,100,
10:04:39,45.9699,200,
10:04:39,45.97,700,
10:04:39,45.97,100,
10:04:40,45.96,100,
10:04:40,45.9601,100,
10:04:41,45.96,100,
10:04:41,45.96,100,
10:04:42,45.95,100,
10:04:42,45.961,100,
10:04:42,45.96,100,
10:04:43,45.97,500,
10:04:43,45.9502,300,
10:04:43,45.9502,300,
10:04:43,45.97,100,
10:04:43,45.9696,100,
10:04:43,45.9699,500,
10:04:44,45.95,100,
10:04:44,45.9538,300,
10:04:45,45.96,4000,
10:04:46,45.9499,200,
10:04:46,45.9499,100,
10:04:47,45.9401,100,
10:04:47,45.94,100,
10:04:47,45.94,100,
10:04:47,45.93,200,
10:04:47,45.93,200,
10:04:48,45.94,100,
10:04:48,45.93,4000,
10:04:48,45.93,100,
10:04:49,45.93,100,
10:04:49,45.92,100,
10:04:49,45.93,200,
10:04:49,45.93,100,
10:04:49,45.93,100,
10:04:49,45.9301,1200,
10:04:50,45.93,200,
10:04:50,45.93,100,
10:04:50,45.92,100,
10:04:50,45.92,200,
10:04:51,45.92,100,
10:04:51,45.91,100,
10:04:51,45.92,600,
10:04:51,45.90,100,
10:04:51,45.90,295,
10:04:51,45.90,200,
10:04:51,45.89,100,
10:04:51,45.89,100,
10:04:51,45.89,200,
10:04:51,45.89,100,
10:04:51,45.89,400,
10:04:51,45.90,100,
10:04:51,45.891,100,
10:04:51,45.92,100,
10:04:51,45.90,162,
10:04:51,45.89,400,
10:04:52,45.90,100,
10:04:52,45.90,100,
10:04:52,45.9001,100,
10:04:52,45.9001,100,
10:04:53,45.91,100,
10:04:53,45.91,300,
10:04:53,45.90,200,
10:04:53,45.90,100,
10:04:53,45.90,100,
10:04:54,45.88,200,
10:04:54,45.88,300,
10:04:55,45.88,200,
10:04:55,45.88,100,
10:04:55,45.87,100,
10:04:56,45.88,100,
10:04:56,45.8866,100,
10:04:56,45.889,100,
10:04:56,45.88,100,
10:04:56,45.881,300,
10:04:57,45.881,800,
10:04:57,45.881,100,
10:04:57,45.881,400,
10:05:02,45.89,100,
10:05:02,45.88,100,
10:05:02,45.90,200,
10:05:02,45.8801,100,
10:05:03,45.90,100,
10:05:03,45.9147,100,
10:05:05,45.91,100,
10:05:05,45.9101,200,
10:05:06,45.92,100,
10:05:06,45.9201,200,
10:05:06,45.93,100,
10:05:06,45.92,100,
10:05:06,45.9201,100,
10:05:06,45.94,600,
10:05:06,45.94,300,
10:05:06,45.94,200,
10:05:06,45.9299,300,
10:05:06,45.94,300,
10:05:06,45.92,100,
10:05:06,45.92,100,
10:05:06,45.92,100,
10:05:06,45.91,100,
10:05:06,45.91,189,
10:05:07,45.938,300,
10:05:09,45.93,100,
10:05:11,45.91,400,
10:05:11,45.90,189,
10:05:11,45.90,850,
10:05:11,45.8901,100,
10:05:11,45.91,800,
10:05:12,45.91,100,
10:05:14,45.90,100,
10:05:14,45.90,100,
10:05:14,45.9001,400,
10:05:15,45.9072,1000,
10:05:18,45.9099,100,
10:05:19,45.91,100,
10:05:19,45.91,100,
10:05:21,45.928,500,
10:05:21,45.91,100,
10:05:21,45.9101,100,
10:05:21,45.9101,100,
10:05:21,45.92,100,
10:05:22,45.91,100,
10:05:22,45.911,300,
10:05:23,45.9199,300,
10:05:24,45.911,400,
10:05:26,45.88,100,
10:05:26,45.861,200,
10:05:26,45.861,100,
10:05:26,45.86,100,
10:05:26,45.86,100,
10:05:27,45.861,100,
10:05:27,45.86,200,
10:05:28,45.86,100,
10:05:29,45.851,200,
10:05:29,45.851,100,
10:05:30,45.88,100,
10:05:32,45.89,100,
10:05:32,45.89,500,
10:05:33,45.89,100,
10:05:34,45.88,300,
10:05:35,45.8801,170,
10:05:35,45.87,100,
10:05:36,45.898,100,
10:05:36,45.889,100,
10:05:38,45.90,100,
10:05:39,45.90,100,
10:05:39,45.90,100,
10:05:41,45.9012,100,
10:05:42,45.9101,400,
10:05:43,45.92,100,
10:05:47,45.91,300,
10:05:47,45.91,100,
10:05:47,45.91,100,
10:05:48,45.90,100,
10:05:48,45.90,300,
10:05:49,45.90,100,
10:05:50,45.91,300,
10:05:50,45.8907,500,
10:05:51,45.892,210,
10:05:51,45.89,100,
10:05:51,45.8902,300,
10:05:51,45.90,200,
10:05:55,45.87,100,
10:05:56,45.87,100,
10:05:57,45.88,100,
10:05:57,45.86,100,
10:05:57,45.86,100,
10:05:57,45.869,400,
10:05:57,45.869,400,
10:05:58,45.8699,200,
10:05:58,45.8698,100,
10:05:58,45.87,100,
10:05:58,45.86,100,
10:06:00,45.85,200,
10:06:00,45.85,3500,
10:06:00,45.83,100,
10:06:00,45.83,100,
10:06:00,45.83,100,
10:06:01,45.8346,100,
10:06:01,45.8334,100,
10:06:01,45.86,100,
10:06:02,45.83,100,
10:06:04,45.84,100,
10:06:05,45.84,1000,
10:06:10,45.8499,1000,
10:06:11,45.83,100,
10:06:12,45.8399,100,
10:06:12,45.8389,1000,
10:06:12,45.82,100,
10:06:15,45.8399,100,
10:06:15,45.839,200,
10:06:17,45.82,100,
10:06:17,45.82,100,
10:06:18,45.81,1000,
10:06:18,45.8101,1700,
10:06:18,45.8102,3050,
10:06:18,45.81,200,
10:06:20,45.8199,200,
10:06:20,45.82,100,
10:06:20,45.83,100,
10:06:20,45.83,100,
10:06:21,45.811,150,
10:06:22,45.8201,1300,
10:06:22,45.81,200,
10:06:22,45.81,100,
10:06:22,45.81,1100,
10:06:24,45.81,200,
10:06:24,45.81,100,
10:06:24,45.8101,600,
10:06:25,45.8199,100,
10:06:25,45.82,200,
10:06:29,45.82,553,
10:06:29,45.8401,100,
10:06:29,45.8401,200,
10:06:29,45.84,100,
10:06:30,45.85,100,
10:06:30,45.8544,200,
10:06:31,45.86,100,
10:06:31,45.85,400,
10:06:32,45.86,100,
10:06:33,45.8499,100,
10:06:33,45.85,700,
10:06:33,45.8499,250,
10:06:35,45.84,100,
10:06:36,45.86,100,
10:06:36,45.86,100,
10:06:38,45.86,100,
10:06:38,45.8584,2000,
10:06:38,45.87,100,
10:06:39,45.861,400,
10:06:40,45.86,100,
10:06:40,45.87,100,
10:06:40,45.88,100,
10:06:40,45.87,100,
10:06:40,45.89,200,
10:06:41,45.88,100,
10:06:41,45.89,153,
10:06:41,45.86,1300,
10:06:43,45.88,100,
10:06:43,45.8799,100,
10:06:43,45.89,200,
10:06:43,45.89,100,
10:06:43,45.8899,500,
10:06:44,45.8899,100,
10:06:44,45.8899,100,
10:06:45,45.8801,100,
10:06:49,45.89,100,
10:06:49,45.89,100,
10:06:49,45.90,500,
10:06:49,45.90,500,
10:06:49,45.90,1100,
10:06:50,45.90,100,
10:06:50,45.91,1875,
10:06:51,45.89,100,
10:06:51,45.8901,100,
10:06:51,45.90,300,
10:06:51,45.88,100,
10:06:52,45.88,300,
10:06:52,45.899,217,
10:06:53,45.8899,300,
10:06:53,45.89,100,
10:06:54,45.8999,500,
10:06:55,45.90,100,
10:06:58,45.90,100,
10:06:59,45.91,100,
10:06:59,45.91,200,
10:06:59,45.90,100,
10:06:59,45.91,100,
10:06:59,45.9099,100,
10:06:59,45.92,400,
10:07:00,45.909,100,
10:07:01,45.91,2800,
10:07:01,45.89,100,
10:07:02,45.91,100,
10:07:02,45.9099,100,
10:07:03,45.91,100,
10:07:03,45.90,300,
10:07:05,45.90,100,
10:07:06,45.90,1000,
10:07:06,45.91,300,
10:07:07,45.918,500,
10:07:08,45.91,100,
10:07:09,45.9005,1000,
10:07:09,45.92,100,
10:07:09,45.91,100,
10:07:09,45.91,100,
10:07:12,45.90,100,
10:07:12,45.88,100,
10:07:12,45.87,400,
10:07:12,45.87,100,
10:07:12,45.85,100,
10:07:12,45.85,131,
10:07:12,45.85,100,
10:07:15,45.8499,100,
10:07:15,45.8499,100,
10:07:16,45.85,100,
10:07:16,45.86,100,
10:07:19,45.8801,485,
10:07:20,45.88,100,
10:07:23,45.88,100,
10:07:24,45.8799,150,
10:07:25,45.87,150,
10:07:26,45.86,100,
10:07:26,45.86,100,
10:07:26,45.89,100,
10:07:27,45.84,100,
10:07:28,45.84,100,
10:07:30,45.85,400,
10:07:30,45.85,100,
10:07:33,45.86,100,
10:07:35,45.87,100,
10:07:35,45.89,394,
10:07:35,45.89,500,
10:07:35,45.89,400,
10:07:35,45.89,1200,
10:07:35,45.89,600,
10:07:35,45.89,400,
10:07:35,45.89,200,
10:07:35,45.89,100,
10:07:35,45.89,100,
10:07:35,45.90,100,
10:07:35,45.92,100,
10:07:36,45.91,200,
10:07:36,45.90,100,
10:07:36,45.90,400,
10:07:36,45.90,200,
10:07:36,45.89,100,
10:07:36,45.89,100,
10:07:40,45.89,10000,
10:07:41,45.888,205,
10:07:44,45.887,100,
10:07:44,45.8704,125,
10:07:44,45.88,200,
10:07:47,45.87,100,
10:07:52,45.871,1000,
10:07:54,45.89,250,
10:07:55,45.87,100,
10:07:57,45.87,400,
10:07:58,45.87,100,
10:07:58,45.87,100,
10:08:01,45.8899,1000,
10:08:02,45.87,100,
10:08:03,45.86,100,
10:08:03,45.86,100,
10:08:03,45.86,100,
10:08:03,45.85,100,
10:08:03,45.85,100,
10:08:03,45.85,100,
10:08:03,45.85,800,
10:08:03,45.85,100,
10:08:04,45.85,100,
10:08:04,45.85,100,
10:08:04,45.85,100,
10:08:04,45.85,100,
10:08:06,45.8488,210,
10:08:09,45.849,240,
10:08:13,45.8499,500,
10:08:20,45.87,100,
10:08:21,45.88,100,
10:08:21,45.87,100,
10:08:21,45.87,300,
10:08:22,45.862,500,
10:08:24,45.8526,150,
10:08:28,45.85,100,
10:08:30,45.87,100,
10:08:32,45.8699,500,
10:08:32,45.85,500,
10:08:34,45.84,100,
10:08:35,45.84,100,
10:08:37,45.8499,300,
10:08:38,45.84,100,
10:08:38,45.83,100,
10:08:38,45.83,100,
10:08:38,45.82,100,
10:08:38,45.82,100,
10:08:38,45.82,100,
10:08:39,45.8081,145,
10:08:39,45.78,350,
10:08:39,45.80,400,
10:08:39,45.77,100,
10:08:40,45.76,100,
10:08:40,45.76,100,
10:08:40,45.7592,100,
10:08:40,45.751,100,
10:08:40,45.751,100,
10:08:40,45.75,600,
10:08:40,45.75,1250,
10:08:40,45.7501,150,
10:08:41,45.75,100,
10:08:41,45.75,100,
10:08:41,45.75,100,
10:08:41,45.77,100,
10:08:41,45.76,100,
10:08:41,45.7537,100,
10:08:42,45.75,300,
10:08:42,45.751,200,
10:08:42,45.751,450,
