09:30:00,48.70,200,
09:30:00,48.71,314,
09:30:00,48.71,386,
09:30:00,48.63,200,
09:30:00,48.71,300,
09:30:00,48.7562,100,
09:30:00,48.77,500,
09:30:00,48.77,100,
09:30:00,48.74,200,
09:30:00,48.73,100,
09:30:00,48.72,300,
09:30:00,48.72,100,
09:30:00,48.71,100,
09:30:02,48.71,200,
09:30:02,48.74,100,
09:30:04,48.68,950,
09:30:05,48.72,100,
09:30:06,48.7073,100,
09:30:06,48.7083,200,
09:30:06,48.70,100,
09:30:09,48.69,100,
09:30:16,48.76,100,
09:30:19,48.72,133,
09:30:22,48.79,100,
09:30:26,48.78,1000,
09:30:26,48.76,100,
09:30:26,48.75,100,
09:30:30,48.727,400,
09:30:31,48.758,150,
09:30:34,48.73,100,
09:30:34,48.74,100,
09:30:36,48.732,250,
09:30:38,48.779,2000,
09:30:41,48.76,228,
09:30:41,48.76,428,
09:30:41,48.74,163,
09:30:41,48.72,100,
09:30:41,48.72,200,
09:30:41,48.72,100,
09:30:41,48.72,500,
09:30:41,48.72,100,
09:30:44,48.71,100,
09:30:46,48.7554,500,
09:30:49,48.74,100,
09:30:49,48.74,100,
09:30:49,48.74,300,
09:30:49,48.73,700,
09:30:49,48.73,100,
09:30:51,48.7496,250,
09:30:53,48.7271,100,
09:30:53,48.724,100,
09:30:53,48.718,200,
09:30:53,48.68,100,
09:30:53,48.68,100,
09:30:53,48.68,300,
09:30:54,48.65,200,
09:30:54,48.64,125,
09:30:55,48.63,250,
09:30:55,48.61,100,
09:30:55,48.61,100,
09:30:55,48.60,100,
09:30:55,48.603,500,
09:30:56,48.56,4500,
09:30:56,48.5612,200,
09:30:57,48.56,100,
09:30:57,48.56,100,
09:30:57,48.56,900,
09:30:57,48.55,200,
09:30:57,48.54,200,
09:30:57,48.54,100,
09:30:57,48.55,200,
09:30:57,48.54,100,
09:30:57,48.55,100,
09:30:57,48.55,100,
09:30:59,48.5401,200,
09:30:59,48.5401,100,
09:31:00,48.5472,100,
09:31:00,48.5476,100,
09:31:00,48.5599,100,
09:31:02,48.5515,100,
09:31:03,48.5696,700,
09:31:04,48.551,100,
09:31:05,48.56,1475,
09:31:06,48.578,200,
09:31:08,48.61,100,
09:31:15,48.629,2000,
09:31:16,48.63,100,
09:31:17,48.64,300,
09:31:17,48.64,100,
09:31:17,48.63,300,
09:31:17,48.62,700,
09:31:17,48.62,400,
09:31:17,48.62,400,
09:31:18,48.6299,800,
09:31:21,48.6161,190,
09:31:22,48.61,600,
09:31:22,48.611,500,
09:31:25,48.5877,1000,
09:31:27,48.60,200,
09:31:27,48.60,300,
09:31:27,48.60,300,
09:31:27,48.60,400,
09:31:27,48.59,300,
09:31:27,48.57,300,
09:31:27,48.58,100,
09:31:27,48.59,300,
09:31:29,48.5701,100,
09:31:29,48.5701,100,
09:31:30,48.573,3000,
09:31:31,48.56,100,
09:31:33,48.6072,1225,
09:31:36,48.59,100,
09:31:37,48.566,600,
09:31:39,48.589,200,
09:31:39,48.56,2000,
09:31:40,48.57,200,
09:31:41,48.5457,250,
09:31:42,48.56,100,
09:31:43,48.56,100,
09:31:43,48.54,600,
09:31:48,48.5711,100,
09:31:48,48.57,300,
09:31:51,48.5799,100,
09:31:51,48.5799,100,
09:31:51,48.5799,200,
09:31:56,48.571,350,
09:31:58,48.65,100,
09:31:59,48.58,150,
09:32:01,48.6619,100,
09:32:01,48.72,200,
09:32:01,48.72,500,
09:32:01,48.72,300,
09:32:01,48.73,300,
09:32:03,48.76,800,
09:32:03,48.77,100,
09:32:05,48.7681,280,
09:32:07,48.75,100,
09:32:08,48.80,100,
09:32:08,48.79,100,
09:32:13,48.82,100,
09:32:13,48.86,400,
09:32:13,48.86,300,
09:32:14,48.87,300,
09:32:14,48.87,500,
09:32:14,48.87,400,
09:32:14,48.87,100,
09:32:14,48.85,200,
09:32:14,48.87,100,
09:32:14,48.87,300,
09:32:15,48.8695,1000,
09:32:15,48.85,100,
09:32:15,48.8601,300,
09:32:15,48.86,200,
09:32:17,48.888,150,
09:32:17,48.8799,100,
09:32:17,48.87,240,
09:32:17,48.83,300,
09:32:19,48.8501,200,
09:32:20,48.852,400,
09:32:21,48.8539,300,
09:32:22,48.87,300,
09:32:23,48.82,200,
09:32:23,48.81,100,
09:32:25,48.80,100,
09:32:27,48.79,100,
09:32:27,48.808,800,
09:32:32,48.79,100,
09:32:35,48.81,100,
09:32:35,48.81,300,
09:32:35,48.81,100,
09:32:35,48.82,100,
09:32:35,48.80,300,
09:32:35,48.80,300,
09:32:35,48.80,500,
09:32:35,48.80,300,
09:32:35,48.80,500,
09:32:35,48.80,200,
09:32:35,48.81,155,
09:32:36,48.8202,100,
09:32:37,48.852,1000,
09:32:43,48.8439,100,
09:32:45,48.8357,100,
09:32:45,48.8357,100,
09:32:45,48.8355,100,
09:32:45,48.8307,100,
09:32:45,48.87,400,
09:32:45,48.86,100,
09:32:45,48.85,800,
09:32:46,48.83,1600,
09:32:46,48.83,900,
09:32:46,48.83,200,
09:32:48,48.78,100,
09:32:53,48.6846,1000,
09:32:54,48.6812,100,
09:32:54,48.6752,100,
09:32:54,48.6746,100,
09:32:54,48.6722,100,
09:32:54,48.671,300,
09:32:55,48.65,100,
09:32:56,48.6535,100,
09:32:56,48.6505,800,
09:33:00,48.65,300,
09:33:00,48.65,200,
09:33:00,48.6001,100,
09:33:02,48.5799,100,
09:33:02,48.577,100,
09:33:03,48.59,100,
09:33:03,48.56,300,
09:33:06,48.62,100,
09:33:08,48.6172,1000,
09:33:12,48.609,500,
09:33:14,48.6003,100,
09:33:15,48.59,100,
09:33:15,48.60,100,
09:33:17,48.58,110,
09:33:17,48.57,200,
09:33:17,48.57,100,
09:33:18,48.5595,1000,
09:33:22,48.55,100,
09:33:26,48.5658,1000,
09:33:27,48.57,248,
09:33:28,48.57,100,
09:33:30,48.54,100,
09:33:31,48.5728,500,
09:33:35,48.582,1000,
09:33:36,48.5999,100,
09:33:39,48.61,100,
09:33:40,48.60,100,
09:33:43,48.60,100,
09:33:44,48.6099,100,
09:33:45,48.6294,100,
09:33:48,48.68,200,
09:33:50,48.6699,252,
09:33:52,48.6744,100,
09:33:52,48.669,100,
09:33:54,48.662,1000,
09:34:06,48.64,100,
09:34:10,48.627,308,
09:34:16,48.603,300,
09:34:18,48.64,100,
09:34:18,48.67,200,
09:34:21,48.682,250,
09:34:21,48.70,100,
09:34:22,48.689,1460,
09:34:22,48.7399,300,
09:34:25,48.7228,1000,
09:34:27,48.7399,100,
09:34:27,48.7399,100,
09:34:27,48.74,100,
09:34:28,48.761,100,
09:34:28,48.7629,100,
09:34:31,48.741,300,
09:34:33,48.73,100,
09:34:37,48.6898,100,
09:34:38,48.68,100,
09:34:42,48.6701,250,
09:34:45,48.708,1000,
09:34:46,48.73,100,
09:34:49,48.729,100,
09:34:50,48.7101,100,
09:34:50,48.7101,100,
09:34:51,48.6999,1500,
09:35:01,48.73,100,
09:35:02,48.7398,200,
09:35:05,48.6924,100,
09:35:07,48.71,1100,
09:35:07,48.71,200,
09:35:07,48.71,100,
09:35:07,48.71,100,
09:35:07,48.71,200,
09:35:07,48.72,100,
09:35:07,48.72,300,
09:35:12,48.72,200,
09:35:14,48.7305,1000,
09:35:17,48.75,100,
09:35:17,48.78,100,
09:35:19,48.7662,400,
09:35:23,48.7601,100,
09:35:24,48.80,100,
09:35:24,48.80,500,
09:35:24,48.80,200,
09:35:24,48.83,300,
09:35:27,48.91,486,
09:35:27,48.9202,100,
09:35:27,48.9212,1000,
09:35:27,48.95,100,
09:35:27,48.97,133,
09:35:27,48.98,400,
09:35:28,48.9701,100,
09:35:28,49,500,
09:35:28,48.98,100,
09:35:29,48.97,100,
09:35:29,48.95,600,
09:35:29,48.95,100,
09:35:29,48.95,700,
09:35:29,48.95,100,
09:35:29,48.95,600,
09:35:30,48.9633,100,
09:35:30,48.9606,100,
09:35:32,48.8872,1000,
09:35:33,48.87,100,
09:35:33,48.882,500,
09:35:34,48.9213,100,
09:35:34,48.9212,100,
09:35:34,48.9205,100,
09:35:34,48.911,600,
09:35:36,48.9099,100,
09:35:37,48.88,200,
09:35:37,48.91,200,
09:35:37,48.90,100,
09:35:46,48.90,100,
09:35:46,48.90,100,
09:35:46,48.90,600,
09:35:46,48.90,100,
09:35:46,48.88,300,
09:35:47,48.90,1100,
09:35:47,48.87,243,
09:35:48,48.86,100,
09:35:48,48.85,100,
09:35:48,48.88,300,
09:35:48,48.8785,1000,
09:35:51,48.8646,1000,
09:35:53,48.90,100,
09:35:53,48.91,100,
09:35:57,48.94,200,
09:35:57,48.94,600,
09:35:58,48.937,190,
09:36:01,48.95,100,
09:36:01,48.94,100,
09:36:02,48.95,479,
09:36:03,48.93,100,
09:36:04,48.93,300,
09:36:04,48.93,100,
09:36:05,48.9314,500,
09:36:07,48.94,4500,
09:36:07,48.9399,100,
09:36:07,48.92,100,
09:36:08,48.9396,100,
09:36:11,48.91,100,
09:36:11,48.91,200,
09:36:11,48.90,100,
09:36:12,48.90,100,
09:36:12,48.87,100,
09:36:13,48.87,100,
09:36:13,48.87,100,
09:36:14,48.86,100,
09:36:15,48.86,100,
09:36:17,48.85,150,
09:36:19,48.8501,100,
09:36:23,48.90,900,
09:36:25,48.898,1000,
09:36:31,48.85,300,
09:36:31,48.85,500,
09:36:31,48.84,200,
09:36:31,48.84,100,
09:36:31,48.81,100,
09:36:31,48.83,400,
09:36:31,48.83,500,
09:36:31,48.81,100,
09:36:31,48.84,100,
09:36:31,48.84,400,
09:36:32,48.87,400,
09:36:34,48.87,100,
09:36:35,48.89,500,
09:36:35,48.889,800,
09:36:37,48.879,100,
09:36:38,48.86,100,
09:36:38,48.86,100,
09:36:39,48.86,100,
09:36:42,48.8599,300,
09:36:46,48.83,100,
09:36:47,48.84,100,
09:36:51,48.812,1470,
09:36:52,48.81,100,
09:36:52,48.798,200,
09:36:52,48.77,400,
09:36:56,48.79,300,
09:36:57,48.77,1000,
09:37:02,48.75,100,
09:37:02,48.7402,167,
09:37:03,48.768,205,
09:37:04,48.77,100,
09:37:08,48.8299,100,
09:37:15,48.8331,500,
09:37:22,48.798,500,
09:37:27,48.80,600,
09:37:28,48.78,400,
09:37:30,48.76,100,
09:37:34,48.80,200,
09:37:34,48.80,178,
09:37:41,48.77,300,
09:37:48,48.769,200,
09:37:53,48.86,700,
09:37:53,48.86,100,
09:37:55,48.83,100,
09:38:05,48.79,100,
09:38:08,48.77,200,
09:38:09,48.7601,500,
09:38:13,48.73,1000,
09:38:15,48.71,300,
09:38:17,48.70,600,
09:38:19,48.73,100,
09:38:21,48.76,100,
09:38:23,48.76,200,
09:38:26,48.76,100,
09:38:30,48.7999,500,
09:38:30,48.7998,100,
09:38:33,48.7499,300,
09:38:36,48.70,1250,
09:38:37,48.64,200,
09:38:37,48.64,400,
09:38:39,48.65,100,
09:38:39,48.66,100,
09:38:39,48.66,200,
09:38:39,48.67,100,
09:38:39,48.65,100,
09:38:40,48.70,100,
09:38:41,48.72,100,
09:38:41,48.74,100,
09:38:47,48.6985,1000,
09:38:51,48.6702,5000,
09:38:51,48.67,100,
09:38:53,48.6703,100,
09:38:58,48.6872,1000,
09:39:00,48.70,100,
09:39:00,48.70,200,
09:39:02,48.6962,100,
09:39:05,48.6798,100,
09:39:05,48.66,600,
09:39:05,48.65,100,
09:39:07,48.69,100,
09:39:13,48.70,200,
09:39:16,48.72,700,
09:39:17,48.77,100,
09:39:18,48.83,300,
09:39:20,48.82,100,
09:39:21,48.80,700,
09:39:27,48.797,300,
09:39:31,48.77,100,
09:39:34,48.82,200,
09:39:37,48.8042,1000,
09:39:37,48.81,100,
09:39:39,48.8119,100,
09:39:40,48.85,100,
09:39:40,48.85,790,
09:39:41,48.842,300,
09:39:48,48.8543,201,
09:39:51,48.8543,200,
09:39:53,48.85,100,
09:39:58,48.81,300,
09:40:03,48.83,100,
09:40:03,48.86,100,
09:40:03,48.87,400,
09:40:03,48.87,195,
09:40:05,48.9091,100,
09:40:05,48.9159,100,
09:40:06,48.93,200,
09:40:06,48.92,100,
09:40:07,48.9139,100,
09:40:11,48.87,150,
09:40:12,48.8899,700,
09:40:13,48.87,100,
09:40:15,48.87,840,
09:40:18,48.92,100,
09:40:18,48.90,100,
09:40:22,48.90,400,
09:40:27,48.9598,100,
09:40:29,48.968,200,
09:40:33,48.9672,500,
09:40:38,48.937,2000,
09:40:40,48.89,200,
09:40:42,48.91,100,
09:40:45,48.88,100,
09:40:52,48.90,16200,
09:41:01,48.85,100,
09:41:18,48.94,100,
09:41:20,48.96,400,
09:41:23,48.9301,1000,
09:41:28,48.959,100,
09:41:29,48.9612,200,
09:41:31,48.954,2000,
09:41:32,48.9583,100,
09:41:32,48.97,300,
09:41:34,48.9672,500,
09:41:35,48.9713,100,
09:41:36,48.97,100,
09:41:42,48.967,2000,
09:41:44,48.9499,800,
09:41:46,48.9499,500,
09:41:52,48.9403,100,
09:41:58,48.9775,240,
09:42:00,48.9701,100,
09:42:00,48.97,400,
09:42:00,48.97,400,
09:42:02,48.982,400,
09:42:02,48.99,100,
09:42:04,48.9642,1250,
09:42:04,48.99,500,
09:42:12,49,305,
09:42:12,48.9896,500,
09:42:13,48.9998,100,
09:42:15,49,100,
09:42:15,49,100,
09:42:15,49,300,
09:42:15,49,100,
09:42:18,49.0299,100,
09:42:18,49.03,100,
09:42:18,49.0384,100,
09:42:18,49.0334,100,
09:42:20,49.05,200,
09:42:22,49.0545,100,
09:42:23,49.07,700,
09:42:24,49.059,100,
09:42:25,49.04,100,
09:42:26,49.058,250,
09:42:26,49.0501,700,
09:42:28,49.0538,100,
09:42:29,49.07,500,
09:42:29,49.07,700,
09:42:29,49.07,100,
09:42:29,49.07,600,
09:42:29,49.07,100,
09:42:29,49.0701,100,
09:42:29,49.08,100,
09:42:29,49.0857,100,
09:42:29,49.08,400,
09:42:30,49.0899,100,
09:42:30,49.0899,100,
09:42:31,49.0981,100,
09:42:31,49.10,360,
09:42:31,49.11,300,
09:42:32,49.1001,100,
09:42:34,49.12,100,
09:42:34,49.13,300,
09:42:34,49.1202,100,
09:42:36,49.1301,700,
09:42:37,49.1472,1700,
09:42:37,49.1302,200,
09:42:38,49.1489,1500,
09:42:39,49.17,407,
09:42:39,49.17,110,
09:42:40,49.1702,200,
09:42:41,49.187,600,
09:42:41,49.18,125,
09:42:43,49.1417,100,
09:42:43,49.14,600,
09:42:43,49.14,300,
09:42:43,49.13,100,
09:42:44,49.1398,200,
09:42:44,49.1301,300,
09:42:45,49.1399,100,
09:42:45,49.12,700,
09:42:46,49.12,1000,
09:42:47,49.12,200,
09:42:47,49.10,700,
09:42:47,49.11,700,
09:42:47,49.12,100,
09:42:49,49.13,400,
09:42:49,49.13,100,
09:42:51,49.128,1000,
09:42:53,49.1101,100,
09:42:54,49.1105,200,
09:42:54,49.11,200,
09:42:54,49.11,100,
09:42:55,49.10,400,
09:43:02,49.07,100,
09:43:03,49.0699,200,
09:43:04,49.03,195,
09:43:05,49.03,100,
09:43:09,49.0472,510,
09:43:09,49.0492,100,
09:43:10,49.0302,5000,
09:43:11,49.03,100,
09:43:11,49.0302,400,
09:43:14,49.02,200,
09:43:15,49.0362,300,
09:43:23,49.0262,100,
09:43:26,49.05,200,
09:43:29,49.047,1000,
09:43:31,49.02,256,
09:43:32,49.0372,500,
09:43:35,49.047,100,
09:43:35,49.05,110,
09:43:38,49.0677,100,
09:43:38,49.069,300,
09:43:39,49.07,1200,
09:43:46,49.02,300,
09:43:48,49.011,200,
09:43:51,49.041,700,
09:43:53,49.0401,400,
09:43:56,49.0685,200,
09:44:02,49.01,100,
09:44:02,49.01,300,
09:44:02,49.01,400,
09:44:02,49.01,800,
09:44:02,49.01,200,
09:44:02,49.01,400,
09:44:02,49.01,150,
09:44:03,49.03,100,
09:44:11,49.0146,500,
09:44:13,49.01,300,
09:44:13,49.04,200,
09:44:13,49.04,100,
09:44:13,49.04,1000,
09:44:14,49.06,100,
09:44:18,49.08,200,
09:44:23,49.0915,100,
09:44:23,49.10,200,
09:44:27,49.0909,250,
09:44:30,49.10,100,
09:44:39,49.0828,800,
09:44:47,49.1124,100,
09:44:51,49.1199,300,
09:44:55,49.09,300,
09:44:55,49.09,400,
09:44:55,49.09,100,
09:44:59,49.0862,100,
09:45:01,49.07,100,
09:45:05,49.101,100,
09:45:08,49.109,250,
09:45:09,49.11,100,
09:45:09,49.10,586,
09:45:09,49.10,300,
09:45:12,49.11,100,
09:45:14,49.13,100,
09:45:15,49.13,100,
09:45:16,49.13,960,
09:45:18,49.13,740,
09:45:18,49.13,100,
09:45:19,49.1486,4750,
09:45:19,49.16,100,
09:45:19,49.17,100,
09:45:20,49.16,200,
09:45:20,49.16,100,
09:45:20,49.18,400,
09:45:20,49.1774,100,
09:45:21,49.178,100,
09:45:22,49.179,100,
09:45:23,49.1876,100,
09:45:23,49.20,130,
09:45:23,49.179,900,
09:45:24,49.20,100,
09:45:24,49.20,500,
09:45:25,49.22,100,
09:45:25,49.22,100,
09:45:25,49.21,300,
09:45:26,49.2099,100,
09:45:26,49.2099,300,
09:45:29,49.2058,800,
09:45:31,49.15,5000,
09:45:31,49.16,100,
09:45:31,49.16,100,
09:45:35,49.1402,100,
09:45:35,49.16,100,
09:45:37,49.1699,200,
09:45:37,49.1515,3425,
09:45:38,49.17,100,
09:45:38,49.18,100,
09:45:38,49.17,400,
09:45:39,49.16,100,
09:45:41,49.1401,600,
09:45:42,49.13,100,
09:45:45,49.1262,300,
09:45:47,49.14,100,
09:45:48,49.14,562,
09:45:52,49.14,100,
09:45:53,49.148,1000,
09:45:54,49.13,500,
09:45:54,49.13,200,
09:45:55,49.14,100,
09:45:56,49.12,100,
09:45:58,49.12,500,
09:45:59,49.11,100,
09:45:59,49.10,100,
09:46:05,49.0814,510,
09:46:06,49.10,100,
09:46:06,49.102,1000,
09:46:08,49.1279,100,
09:46:09,49.10,100,
09:46:09,49.11,100,
09:46:10,49.13,200,
09:46:12,49.1475,200,
09:46:12,49.15,300,
09:46:12,49.15,100,
09:46:14,49.1499,5000,
09:46:14,49.13,100,
09:46:20,49.1102,100,
09:46:20,49.121,150,
09:46:21,49.17,100,
09:46:21,49.17,400,
09:46:21,49.18,200,
09:46:21,49.19,200,
09:46:21,49.19,100,
09:46:21,49.18,100,
09:46:23,49.21,100,
09:46:24,49.22,300,
09:46:24,49.23,100,
09:46:25,49.24,100,
09:46:25,49.25,100,
09:46:25,49.25,200,
09:46:25,49.28,100,
09:46:25,49.28,100,
09:46:26,49.28,500,
09:46:26,49.29,500,
09:46:26,49.30,200,
09:46:26,49.33,100,
09:46:26,49.33,100,
09:46:26,49.34,100,
09:46:26,49.34,100,
09:46:26,49.34,100,
09:46:26,49.34,100,
09:46:26,49.35,100,
09:46:26,49.35,100,
09:46:26,49.34,300,
09:46:26,49.34,247,
09:46:26,49.34,400,
09:46:26,49.35,100,
09:46:26,49.34,800,
09:46:26,49.33,100,
09:46:26,49.32,100,
09:46:26,49.34,200,
09:46:26,49.3401,400,
09:46:27,49.34,200,
09:46:27,49.31,100,
09:46:28,49.3072,100,
09:46:29,49.3002,100,
09:46:30,49.28,700,
09:46:30,49.26,200,
09:46:30,49.22,400,
09:46:30,49.2305,500,
09:46:33,49.18,4200,
09:46:34,49.20,100,
09:46:35,49.2001,1400,
09:46:35,49.198,100,
09:46:36,49.198,100,
09:46:38,49.17,100,
09:46:42,49.17,100,
09:46:42,49.18,100,
09:46:43,49.20,100,
09:46:43,49.21,100,
09:46:44,49.219,100,
09:46:44,49.2099,100,
09:46:47,49.21,100,
09:46:47,49.21,200,
09:46:48,49.21,500,
09:46:49,49.20,100,
09:46:49,49.21,400,
09:46:52,49.2162,400,
09:46:52,49.20,400,
09:46:53,49.18,100,
09:46:53,49.18,100,
09:46:53,49.18,450,
09:46:53,49.18,100,
09:46:53,49.1679,100,
09:46:53,49.169,100,
09:46:53,49.17,100,
09:46:55,49.179,1000,
09:46:55,49.1699,100,
09:46:55,49.177,600,
09:46:57,49.171,1100,
09:46:57,49.169,100,
09:46:57,49.17,300,
09:46:57,49.17,100,
09:46:58,49.1672,500,
09:46:59,49.15,500,
09:46:59,49.15,100,
09:46:59,49.16,100,
09:47:00,49.17,300,
09:47:00,49.16,100,
09:47:02,49.17,100,
09:47:03,49.19,1290,
09:47:03,49.19,200,
09:47:03,49.19,100,
09:47:03,49.19,400,
09:47:03,49.17,300,
09:47:03,49.17,300,
09:47:03,49.17,200,
09:47:03,49.17,100,
09:47:03,49.18,100,
09:47:03,49.178,100,
09:47:04,49.187,270,
09:47:06,49.1799,300,
09:47:08,49.14,100,
09:47:08,49.1301,100,
09:47:11,49.1598,100,
09:47:11,49.16,200,
09:47:14,49.1581,5000,
09:47:16,49.1462,350,
09:47:16,49.13,400,
09:47:17,49.12,100,
09:47:19,49.10,200,
09:47:20,49.10,100,
09:47:20,49.10,100,
09:47:20,49.11,100,
09:47:22,49.0899,100,
09:47:23,49.0846,1000,
09:47:24,49.09,100,
09:47:27,49.10,600,
09:47:27,49.11,100,
09:47:28,49.13,100,
09:47:28,49.13,200,
09:47:28,49.13,100,
09:47:28,49.11,100,
09:47:29,49.09,100,
09:47:30,49.0999,200,
09:47:30,49.0999,300,
09:47:31,49.10,100,
09:47:32,49.0872,1000,
09:47:34,49.09,100,
09:47:34,49.11,100,
09:47:34,49.10,100,
09:47:37,49.0899,400,
09:47:37,49.11,100,
09:47:37,49.10,100,
09:47:37,49.12,100,
09:47:38,49.11,100,
09:47:42,49.1188,500,
09:47:44,49.11,200,
09:47:45,49.0999,500,
09:47:46,49.10,300,
09:47:47,49.10,100,
09:47:49,49.14,100,
09:47:49,49.14,100,
09:47:51,49.13,100,
09:47:51,49.11,100,
09:47:53,49.138,100,
09:47:55,49.14,100,
09:47:57,49.12,100,
09:47:57,49.11,100,
09:47:59,49.10,100,
09:48:01,49.11,100,
09:48:01,49.11,800,
09:48:01,49.13,200,
09:48:03,49.1289,800,
09:48:03,49.11,514,
09:48:09,49.13,500,
09:48:09,49.13,300,
09:48:09,49.13,100,
09:48:10,49.138,100,
09:48:11,49.139,100,
09:48:12,49.15,100,
09:48:12,49.15,300,
09:48:13,49.16,100,
09:48:13,49.16,600,
09:48:14,49.19,100,
09:48:14,49.20,300,
09:48:14,49.20,100,
09:48:15,49.20,100,
09:48:16,49.19,1200,
09:48:18,49.20,100,
09:48:18,49.19,300,
09:48:24,49.1502,400,
09:48:25,49.15,100,
09:48:25,49.15,100,
09:48:25,49.14,100,
09:48:25,49.13,100,
09:48:25,49.13,100,
09:48:29,49.13,100,
09:48:29,49.113,2000,
09:48:32,49.13,100,
09:48:33,49.13,100,
09:48:33,49.14,100,
09:48:33,49.14,100,
09:48:34,49.15,200,
09:48:34,49.15,500,
09:48:37,49.14,100,
09:48:38,49.12,100,
09:48:40,49.0996,100,
09:48:42,49.1008,100,
09:48:42,49.1011,100,
09:48:43,49.10,100,
09:48:43,49.13,100,
09:48:43,49.14,100,
09:48:51,49.12,100,
09:48:51,49.12,100,
09:48:52,49.10,100,
09:48:52,49.09,100,
09:48:52,49.119,300,
09:48:57,49.0499,200,
09:48:58,49.0328,100,
09:48:58,49.031,100,
09:48:58,49.04,100,
09:48:58,49.05,100,
09:48:59,49.07,100,
09:48:59,49.07,100,
09:49:00,49.05,100,
09:49:03,49.0599,100,
09:49:03,49.0599,100,
09:49:03,49.0699,100,
09:49:05,49.04,100,
09:49:06,49.0352,100,
09:49:09,49.0361,390,
09:49:09,49.03,500,
09:49:10,49.0402,700,
09:49:11,49.06,100,
09:49:11,49.062,300,
09:49:13,49.07,100,
09:49:19,49.10,100,
09:49:20,49.1098,2000,
09:49:21,49.11,1500,
09:49:23,49.1276,100,
09:49:23,49.11,100,
09:49:25,49.11,100,
09:49:25,49.09,400,
09:49:26,49.1039,400,
09:49:29,49.11,100,
09:49:33,49.1199,100,
09:49:36,49.11,100,
09:49:41,49.09,100,
09:49:43,49.0701,4800,
09:49:43,49.11,100,
09:49:50,49.07,100,
09:49:50,49.07,300,
09:49:51,49.08,100,
09:49:52,49.09,100,
09:49:52,49.10,900,
09:49:59,49.1054,1000,
09:50:00,49.091,600,
09:50:01,49.10,100,
09:50:01,49.11,2000,
09:50:01,49.11,100,
09:50:03,49.12,100,
09:50:03,49.12,100,
09:50:09,49.11,100,
09:50:17,49.10,100,
09:50:17,49.10,800,
09:50:17,49.08,100,
09:50:18,49.07,100,
09:50:18,49.10,100,
09:50:20,49.0799,100,
09:50:20,49.0799,100,
09:50:20,49.08,100,
09:50:21,49.07,600,
09:50:22,49.07,200,
09:50:23,49.08,100,
09:50:26,49.09,100,
09:50:26,49.11,100,
09:50:26,49.11,100,
09:50:27,49.118,100,
09:50:27,49.119,100,
09:50:28,49.13,100,
09:50:30,49.13,100,
09:50:34,49.13,200,
09:50:40,49.07,200,
09:50:53,49.0546,500,
09:50:56,49.06,100,
09:50:56,49.07,100,
09:50:56,49.0699,100,
09:50:56,49.08,600,
09:51:08,49.048,200,
09:51:08,49.02,100,
09:51:09,49.03,300,
09:51:09,49.04,100,
09:51:09,49.05,100,
09:51:09,49.05,100,
09:51:09,49.05,800,
09:51:09,49.08,100,
09:51:09,49.06,100,
09:51:09,49.09,100,
09:51:09,49.09,100,
09:51:09,49.09,100,
09:51:18,49.10,100,
09:51:26,49.11,100,
09:51:27,49.1198,100,
09:51:28,49.09,100,
09:51:30,49.10,100,
09:51:32,49.12,100,
09:51:32,49.13,100,
09:51:35,49.12,500,
09:51:37,49.11,100,
09:51:37,49.10,100,
09:51:41,49.0999,200,
09:51:49,49.12,100,
09:51:50,49.1499,300,
09:51:53,49.15,100,
09:51:55,49.14,250,
09:51:56,49.14,100,
09:51:56,49.12,100,
09:51:58,49.13,100,
09:51:58,49.13,100,
09:51:59,49.15,100,
09:52:00,49.1516,100,
09:52:00,49.1548,100,
09:52:00,49.159,2600,
09:52:02,49.16,100,
09:52:05,49.18,100,
09:52:07,49.18,100,
09:52:08,49.18,100,
09:52:08,49.16,100,
09:52:09,49.198,100,
09:52:12,49.08,300,
09:52:12,49.07,100,
09:52:12,49.07,160,
09:52:12,49.06,100,
09:52:12,49.06,100,
09:52:12,49.06,100,
09:52:12,49.06,100,
09:52:12,49.06,100,
09:52:12,49.06,100,
09:52:12,49.06,400,
09:52:12,49.06,100,
09:52:12,49.06,100,
09:52:12,49.04,100,
09:52:14,49.05,100,
09:52:14,49.07,100,
09:52:14,49.07,100,
09:52:15,49.07,100,
09:52:27,49.14,100,
09:52:30,49.10,100,
09:52:30,49.10,100,
09:52:30,49.12,133,
09:52:38,49.09,100,
09:52:39,49.099,200,
09:52:39,49.10,100,
09:52:39,49.11,100,
09:52:43,49.06,332,
09:52:43,49.06,200,
09:52:43,49.06,168,
09:52:45,49.03,100,
09:52:45,49.05,100,
09:52:46,49.0572,900,
09:52:52,49.0438,250,
09:52:53,49.05,100,
09:52:54,49.06,1084,
09:52:55,49.07,100,
09:52:55,49.06,100,
09:52:58,49.0601,3800,
09:53:00,49.07,100,
09:53:05,49.01,100,
09:53:05,49.03,100,
09:53:05,49.02,100,
09:53:07,49,125,
09:53:09,49.03,100,
09:53:12,49.0354,600,
09:53:14,49.05,100,
09:53:14,49.06,100,
09:53:15,49.04,100,
09:53:20,49.04,100,
09:53:22,49.02,100,
09:53:23,49.03,100,
09:53:25,49.01,100,
09:53:26,49.02,100,
09:53:28,49.04,300,
09:53:31,49.03,100,
09:53:32,49.012,740,
09:53:39,49,100,
09:53:39,49,216,
09:53:39,49,300,
09:53:39,49,100,
09:53:39,49,150,
09:53:39,48.96,100,
09:53:39,48.95,300,
09:53:39,48.95,100,
09:53:39,48.97,100,
09:53:40,48.99,100,
09:53:40,48.99,100,
09:53:42,49,1000,
09:53:42,48.9961,200,
09:53:43,49.0002,800,
09:53:45,49,200,
09:53:47,49.0101,200,
09:53:51,49.0061,300,
09:53:53,49.0099,100,
09:53:53,49.02,100,
09:53:53,49.0199,100,
09:53:53,49.0199,100,
09:53:53,49.0199,100,
09:53:53,48.9999,400,
09:53:53,49,400,
09:53:54,49.0002,300,
09:54:00,48.9801,500,
09:54:00,48.9801,400,
09:54:01,48.9988,850,
09:54:04,48.991,500,
09:54:04,49,500,
09:54:06,48.9995,200,
09:54:06,49.01,700,
09:54:08,48.9901,305,
09:54:10,48.99,100,
09:54:11,48.97,112,
09:54:11,48.98,1000,
09:54:12,48.99,200,
09:54:13,48.97,100,
09:54:17,48.98,100,
09:54:17,48.98,100,
09:54:17,48.99,100,
09:54:17,49,500,
09:54:17,49,100,
09:54:17,48.9901,100,
09:54:18,49.009,100,
09:54:18,48.9901,100,
09:54:20,49.0101,100,
09:54:22,49,100,
09:54:22,49.01,100,
09:54:22,48.99,100,
09:54:31,48.93,100,
09:54:32,48.94,700,
09:54:34,48.94,700,
09:54:37,48.9499,100,
09:54:37,48.9402,400,
09:54:37,48.96,100,
09:54:38,48.93,700,
09:54:38,48.93,100,
09:54:38,48.92,100,
09:54:38,48.90,250,
09:54:39,48.90,100,
09:54:39,48.92,100,
09:54:40,48.91,100,
09:54:40,48.9107,3060,
09:54:41,48.9102,100,
09:54:44,48.95,100,
09:54:44,48.95,100,
09:54:50,48.93,100,
09:54:51,48.97,100,
09:54:51,48.97,100,
09:54:51,48.98,1500,
09:54:52,48.96,100,
09:54:56,48.96,100,
09:54:56,48.95,300,
09:55:00,48.9405,3000,
09:55:04,48.91,500,
09:55:05,48.91,100,
09:55:06,48.9198,600,
09:55:08,48.902,1000,
09:55:09,48.90,100,
09:55:09,48.90,100,
09:55:09,48.90,600,
09:55:10,48.9199,100,
09:55:11,48.90,300,
09:55:12,48.89,100,
09:55:12,48.88,100,
09:55:12,48.87,100,
09:55:13,48.8862,300,
09:55:14,48.91,100,
09:55:15,48.91,100,
09:55:22,48.93,100,
09:55:23,48.91,100,
09:55:23,48.90,100,
09:55:23,48.90,230,
09:55:25,48.90,850,
09:55:26,48.89,100,
09:55:30,48.9001,1000,
09:55:31,48.90,100,
09:55:32,48.89,100,
09:55:35,48.90,100,
09:55:35,48.93,100,
09:55:35,48.92,300,
09:55:35,48.92,200,
09:55:35,48.90,100,
09:55:35,48.91,100,
09:55:35,48.92,600,
09:55:35,48.90,100,
09:55:38,48.90,200,
09:55:42,48.89,100,
09:55:43,48.91,100,
09:55:49,48.89,100,
09:55:50,48.89,100,
09:55:50,48.88,100,
09:55:50,48.88,100,
09:55:51,48.90,100,
09:55:52,48.9314,500,
09:55:55,48.94,600,
09:55:56,48.92,100,
09:55:56,48.91,100,
09:55:57,48.94,100,
09:56:02,48.93,100,
09:56:03,48.91,100,
09:56:03,48.91,100,
09:56:03,48.91,100,
09:56:04,48.95,100,
09:56:06,48.94,100,
09:56:06,48.92,100,
09:56:11,48.91,100,
09:56:11,48.87,100,
09:56:13,48.86,200,
09:56:14,48.87,100,
09:56:14,48.86,100,
09:56:14,48.89,100,
09:56:21,48.89,200,
09:56:23,48.91,100,
09:56:25,48.92,300,
09:56:25,48.92,100,
09:56:26,48.90,100,
09:56:32,48.9399,100,
09:56:32,48.94,100,
09:56:33,48.94,100,
09:56:41,48.9112,100,
09:56:44,48.9404,300,
09:56:46,48.95,100,
09:56:46,48.93,100,
09:56:48,48.96,100,
09:56:49,48.97,3600,
09:56:50,48.949,100,
09:56:51,48.968,100,
09:56:54,48.9693,100,
09:56:54,48.969,100,
09:56:54,48.95,100,
09:56:56,48.951,500,
09:57:02,48.94,100,
09:57:04,48.93,1500,
09:57:04,48.91,100,
09:57:04,48.91,500,
09:57:04,48.91,100,
09:57:04,48.92,100,
09:57:04,48.92,100,
09:57:04,48.92,100,
09:57:04,48.92,200,
09:57:04,48.93,100,
09:57:04,48.93,300,
09:57:15,48.89,100,
09:57:17,48.8701,100,
09:57:21,48.87,100,
09:57:21,48.85,100,
09:57:21,48.86,100,
09:57:23,48.84,100,
09:57:25,48.86,100,
09:57:28,48.8877,500,
09:57:30,48.8861,200,
09:57:34,48.8872,800,
09:57:39,48.93,190,
09:57:39,48.93,100,
09:57:41,48.93,500,
09:57:44,48.94,100,
09:57:47,48.9201,100,
09:57:47,48.92,300,
09:57:50,48.921,200,
09:57:57,48.90,100,
09:57:58,48.92,100,
09:58:01,48.94,700,
09:58:01,48.93,100,
09:58:02,48.9298,400,
09:58:05,48.919,200,
09:58:10,48.90,100,
09:58:10,48.91,100,
09:58:13,48.92,100,
09:58:13,48.93,100,
09:58:14,48.90,300,
09:58:14,48.89,100,
09:58:14,48.89,100,
09:58:14,48.88,300,
09:58:14,48.87,100,
09:58:14,48.87,200,
09:58:14,48.88,200,
09:58:14,48.88,100,
09:58:14,48.87,1500,
09:58:17,48.88,100,
09:58:22,48.88,100,
09:58:22,48.87,700,
09:58:23,48.87,400,
09:58:32,48.861,500,
09:58:33,48.87,100,
09:58:38,48.88,400,
09:58:38,48.85,100,
09:58:41,48.87,100,
09:58:42,48.87,100,
09:58:44,48.87,100,
09:58:48,48.8601,300,
09:58:52,48.83,100,
09:58:52,48.83,100,
09:58:52,48.83,191,
09:58:52,48.83,100,
09:58:52,48.81,300,
09:58:52,48.81,500,
09:58:52,48.81,600,
09:58:52,48.80,400,
09:58:52,48.80,100,
09:58:52,48.80,200,
09:58:52,48.80,100,
09:58:52,48.80,100,
09:58:52,48.79,100,
09:58:52,48.79,100,
09:58:52,48.78,200,
09:58:52,48.78,100,
09:58:52,48.78,100,
09:58:52,48.78,100,
09:58:53,48.78,100,
09:58:53,48.78,100,
09:58:54,48.78,700,
09:58:54,48.78,100,
09:58:55,48.80,300,
09:58:55,48.81,100,
09:58:57,48.8057,100,
09:58:57,48.8008,100,
09:58:57,48.801,100,
09:58:59,48.80,100,
09:59:00,48.8199,100,
09:59:00,48.80,200,
09:59:07,48.81,100,
09:59:09,48.82,100,
09:59:10,48.80,900,
09:59:10,48.799,200,
09:59:11,48.79,400,
09:59:14,48.77,100,
09:59:14,48.77,500,
09:59:14,48.77,100,
09:59:14,48.77,100,
09:59:14,48.7854,600,
09:59:19,48.7898,4000,
09:59:25,48.80,600,
09:59:25,48.81,100,
09:59:25,48.81,100,
09:59:26,48.81,100,
09:59:29,48.84,100,
09:59:29,48.84,500,
09:59:30,48.83,100,
09:59:30,48.82,100,
09:59:34,48.81,100,
09:59:36,48.77,100,
09:59:36,48.77,200,
09:59:36,48.76,1650,
09:59:37,48.76,350,
09:59:38,48.76,2000,
09:59:38,48.7662,100,
09:59:39,48.77,100,
09:59:40,48.77,100,
09:59:40,48.77,200,
09:59:40,48.77,100,
09:59:43,48.7601,200,
09:59:44,48.778,500,
09:59:48,48.77,1000,
09:59:49,48.77,1000,
09:59:51,48.76,100,
09:59:55,48.75,200,
09:59:56,48.78,100,
09:59:58,48.7762,205,
10:00:05,48.77,300,
10:00:08,48.75,200,
10:00:08,48.768,200,
10:00:10,48.7601,100,
10:00:11,48.78,100,
10:00:11,48.80,100,
10:00:15,48.81,100,
10:00:15,48.81,500,
10:00:18,48.81,700,
10:00:18,48.81,600,
10:00:19,48.8098,200,
10:00:20,48.79,200,
10:00:20,48.79,100,
10:00:20,48.79,300,
10:00:20,48.79,400,
10:00:20,48.79,400,
10:00:20,48.79,700,
10:00:20,48.79,100,
10:00:20,48.79,100,
10:00:20,48.80,100,
10:00:21,48.79,100,
10:00:21,48.79,100,
10:00:22,48.81,400,
10:00:22,48.81,500,
10:00:22,48.81,400,
10:00:25,48.82,200,
10:00:26,48.80,100,
10:00:28,48.79,900,
10:00:28,48.79,100,
10:00:28,48.78,500,
10:00:28,48.79,200,
10:00:28,48.77,100,
10:00:28,48.77,100,
10:00:29,48.817,2000,
10:00:29,48.77,100,
10:00:29,48.76,200,
10:00:31,48.7695,300,
10:00:32,48.78,100,
10:00:35,48.7793,800,
10:00:36,48.78,100,
10:00:36,48.80,600,
10:00:37,48.76,100,
10:00:39,48.77,100,
10:00:42,48.75,100,
10:00:43,48.76,300,
10:00:43,48.76,300,
10:00:46,48.76,100,
10:00:46,48.77,500,
10:00:46,48.78,100,
10:00:46,48.78,400,
10:00:47,48.786,2000,
10:00:49,48.76,100,
10:00:49,48.76,300,
10:00:50,48.75,100,
10:00:50,48.75,200,
10:00:50,48.74,100,
10:00:54,48.74,100,
10:00:54,48.74,400,
10:00:54,48.74,100,
10:00:54,48.70,100,
10:00:54,48.70,100,
10:00:57,48.728,100,
10:01:02,48.74,500,
10:01:05,48.74,100,
10:01:05,48.73,200,
10:01:05,48.74,500,
10:01:05,48.72,600,
10:01:05,48.72,300,
10:01:05,48.72,200,
10:01:05,48.68,200,
10:01:05,48.68,100,
10:01:05,48.68,100,
10:01:05,48.68,1000,
10:01:05,48.68,100,
10:01:05,48.68,100,
10:01:05,48.68,100,
10:01:05,48.68,100,
10:01:05,48.67,100,
10:01:05,48.67,100,
10:01:05,48.67,100,
10:01:05,48.67,100,
10:01:05,48.67,100,
10:01:05,48.66,100,
10:01:05,48.66,300,
10:01:05,48.67,800,
10:01:05,48.66,100,
10:01:05,48.66,100,
10:01:05,48.66,200,
10:01:05,48.66,100,
10:01:05,48.66,620,
10:01:05,48.6685,100,
10:01:05,48.669,100,
10:01:05,48.669,1600,
10:01:06,48.66,200,
10:01:06,48.65,100,
10:01:06,48.65,100,
10:01:06,48.65,500,
10:01:06,48.65,100,
10:01:06,48.63,400,
10:01:06,48.62,120,
10:01:06,48.62,100,
10:01:06,48.61,100,
10:01:06,48.62,300,
10:01:06,48.60,100,
10:01:06,48.61,100,
10:01:06,48.61,300,
10:01:06,48.61,400,
10:01:06,48.60,100,
10:01:06,48.60,100,
10:01:06,48.60,700,
10:01:06,48.60,100,
10:01:06,48.60,200,
10:01:06,48.6099,200,
10:01:07,48.60,100,
10:01:07,48.60,200,
10:01:07,48.60,358,
10:01:07,48.60,100,
10:01:07,48.60,6511,
10:01:07,48.60,100,
10:01:07,48.60,100,
10:01:08,48.60,6001,
10:01:08,48.58,400,
10:01:08,48.5862,200,
10:01:08,48.587,100,
10:01:08,48.609,294,
10:01:08,48.59,300,
10:01:08,48.59,600,
10:01:08,48.5899,1400,
10:01:10,48.58,400,
10:01:10,48.58,800,
10:01:10,48.57,100,
10:01:10,48.57,100,
10:01:11,48.5638,100,
10:01:12,48.57,100,
10:01:15,48.6097,1000,
10:01:16,48.59,100,
10:01:16,48.5897,100,
10:01:17,48.5898,100,
10:01:19,48.59,300,
10:01:22,48.58,100,
10:01:22,48.58,100,
10:01:23,48.57,100,
10:01:23,48.55,100,
10:01:23,48.55,100,
10:01:23,48.54,100,
10:01:23,48.53,600,
10:01:23,48.53,400,
10:01:23,48.541,200,
10:01:23,48.5401,200,
10:01:24,48.55,500,
10:01:24,48.56,100,
10:01:25,48.56,100,
10:01:25,48.57,200,
10:01:25,48.56,100,
10:01:26,48.54,1500,
10:01:27,48.55,300,
10:01:27,48.55,300,
10:01:30,48.57,100,
10:01:31,48.58,300,
10:01:31,48.58,500,
10:01:31,48.61,100,
10:01:31,48.6174,100,
10:01:32,48.601,100,
10:01:32,48.601,100,
10:01:32,48.59,100,
10:01:33,48.5889,1000,
10:01:36,48.581,100,
10:01:38,48.57,3500,
10:01:38,48.57,200,
10:01:38,48.56,100,
10:01:38,48.56,200,
10:01:38,48.572,500,
10:01:38,48.56,400,
10:01:40,48.572,100,
10:01:41,48.5561,100,
10:01:41,48.5899,100,
10:01:41,48.58,100,
10:01:41,48.5806,100,
10:01:41,48.581,100,
10:01:46,48.582,800,
10:01:47,48.57,100,
10:01:49,48.565,100,
10:01:50,48.58,100,
10:01:50,48.59,100,
10:01:50,48.61,100,
10:01:50,48.59,700,
10:01:51,48.60,514,
10:01:52,48.6101,800,
10:01:55,48.623,100,
10:01:56,48.62,514,
10:01:57,48.61,100,
10:01:57,48.61,502,
10:01:57,48.60,100,
10:02:01,48.61,400,
10:02:02,48.61,100,
10:02:03,48.64,400,
10:02:03,48.64,400,
10:02:03,48.62,100,
10:02:03,48.64,100,
10:02:07,48.658,100,
10:02:08,48.67,300,
10:02:08,48.67,200,
10:02:08,48.68,100,
10:02:08,48.6814,500,
10:02:10,48.6999,200,
10:02:10,48.69,500,
10:02:11,48.68,300,
10:02:13,48.69,100,
10:02:13,48.69,100,
10:02:13,48.69,100,
10:02:13,48.6801,100,
10:02:19,48.68,100,
10:02:19,48.687,300,
10:02:20,48.70,500,
10:02:22,48.6812,100,
10:02:22,48.689,200,
10:02:23,48.71,100,
10:02:24,48.73,100,
10:02:24,48.74,300,
10:02:24,48.74,230,
10:02:24,48.7301,500,
10:02:24,48.73,100,
10:02:25,48.7289,100,
10:02:26,48.7238,100,
10:02:27,48.74,100,
10:02:28,48.75,100,
10:02:28,48.73,100,
10:02:32,48.75,100,
10:02:32,48.75,100,
10:02:34,48.7676,100,
10:02:34,48.769,300,
10:02:35,48.7695,1800,
10:02:35,48.761,1472,
10:02:35,48.79,100,
10:02:35,48.79,300,
10:02:35,48.79,100,
10:02:37,48.7786,800,
10:02:37,48.7896,300,
10:02:37,48.77,100,
10:02:37,48.76,2300,
10:02:38,48.7713,100,
10:02:39,48.788,500,
10:02:41,48.76,100,
10:02:41,48.76,100,
10:02:43,48.739,100,
10:02:43,48.7292,100,
10:02:43,48.7279,100,
10:02:46,48.7102,1000,
10:02:50,48.73,100,
10:02:50,48.75,100,
10:02:50,48.73,100,
10:02:50,48.74,300,
10:02:50,48.7479,2000,
10:02:51,48.731,100,
10:02:56,48.701,800,
10:02:56,48.7001,100,
10:02:56,48.69,400,
10:02:59,48.72,100,
10:03:00,48.70,100,
10:03:00,48.69,200,
10:03:00,48.69,100,
10:03:00,48.71,100,
10:03:04,48.72,100,
10:03:04,48.72,100,
10:03:05,48.72,100,
10:03:06,48.71,100,
10:03:06,48.69,100,
10:03:06,48.71,300,
10:03:07,48.71,100,
10:03:07,48.71,100,
10:03:08,48.719,900,
10:03:08,48.719,1000,
10:03:08,48.7199,200,
10:03:08,48.74,100,
10:03:08,48.74,100,
10:03:09,48.7304,200,
10:03:09,48.73,100,
10:03:09,48.72,100,
10:03:10,48.74,100,
10:03:11,48.73,100,
10:03:11,48.739,100,
10:03:15,48.7239,100,
10:03:20,48.72,900,
10:03:21,48.72,100,
10:03:21,48.73,300,
10:03:25,48.7134,1000,
10:03:27,48.71,100,
10:03:27,48.72,100,
10:03:30,48.73,100,
10:03:30,48.71,100,
10:03:30,48.72,100,
10:03:30,48.71,100,
10:03:32,48.70,100,
10:03:35,48.68,600,
10:03:35,48.68,300,
10:03:35,48.68,100,
10:03:35,48.69,173,
10:03:35,48.69,100,
10:03:35,48.69,100,
10:03:35,48.69,900,
10:03:35,48.69,100,
10:03:35,48.67,100,
10:03:35,48.66,400,
10:03:35,48.66,100,
10:03:35,48.65,200,
10:03:35,48.65,100,
10:03:35,48.67,100,
10:03:35,48.67,500,
10:03:38,48.6739,150,
10:03:38,48.67,100,
10:03:38,48.68,100,
10:03:38,48.69,500,
10:03:38,48.69,100,
10:03:38,48.69,100,
10:03:39,48.70,100,
10:03:40,48.70,100,
10:03:49,48.70,200,
10:03:49,48.70,300,
10:03:49,48.70,500,
10:03:49,48.71,700,
10:03:49,48.72,100,
10:03:49,48.71,100,
10:03:52,48.7272,800,
10:03:56,48.74,108,
10:03:56,48.73,100,
10:03:56,48.72,100,
10:04:00,48.748,500,
10:04:00,48.73,102,
10:04:02,48.73,100,
10:04:04,48.75,268,
10:04:07,48.77,400,
10:04:08,48.75,100,
10:04:09,48.7454,1000,
10:04:10,48.75,500,
10:04:13,48.7354,500,
10:04:15,48.72,100,
10:04:15,48.70,100,
10:04:15,48.69,100,
10:04:15,48.7054,100,
10:04:17,48.70,100,
10:04:20,48.71,100,
10:04:26,48.718,400,
10:04:26,48.719,100,
10:04:26,48.74,100,
10:04:27,48.747,400,
10:04:30,48.73,100,
10:04:34,48.7386,500,
10:04:34,48.72,100,
10:04:37,48.71,100,
10:04:41,48.71,100,
10:04:41,48.70,100,
10:04:47,48.6998,100,
10:04:48,48.69,500,
10:04:48,48.72,100,
10:04:50,48.7128,600,
10:04:54,48.73,100,
10:04:58,48.7101,100,
10:05:01,48.71,100,
10:05:01,48.70,100,
10:05:01,48.70,400,
10:05:01,48.7099,100,
10:05:01,48.69,300,
10:05:01,48.69,300,
10:05:01,48.68,100,
10:05:02,48.70,100,
10:05:02,48.709,100,
10:05:03,48.709,100,
10:05:03,48.68,100,
10:05:04,48.6702,200,
10:05:04,48.69,100,
10:05:05,48.709,700,
10:05:07,48.71,100,
10:05:11,48.701,100,
10:05:16,48.71,100,
10:05:20,48.74,300,
10:05:22,48.74,100,
10:05:23,48.74,100,
10:05:24,48.73,100,
10:05:29,48.75,100,
10:05:30,48.77,600,
10:05:31,48.7798,100,
10:05:34,48.76,100,
10:05:35,48.7695,1000,
10:05:35,48.75,100,
10:05:35,48.74,100,
10:05:36,48.74,100,
10:05:36,48.74,400,
10:05:36,48.73,7800,
10:05:37,48.77,100,
10:05:41,48.7454,1000,
10:05:42,48.74,200,
10:05:45,48.72,100,
10:05:49,48.7301,500,
10:05:55,48.75,100,
10:05:56,48.7499,900,
10:06:00,48.73,100,
10:06:07,48.73,100,
10:06:09,48.7299,100,
10:06:09,48.73,400,
10:06:12,48.71,100,
10:06:14,48.69,100,
10:06:14,48.68,100,
10:06:18,48.7089,1000,
10:06:28,48.70,100,
10:06:33,48.722,125,
10:06:36,48.70,100,
10:06:36,48.699,300,
10:06:39,48.65,1500,
10:06:40,48.6586,1000,
10:06:42,48.65,100,
10:06:43,48.66,700,
10:06:43,48.67,100,
10:06:43,48.65,100,
10:06:43,48.66,500,
10:06:43,48.66,100,
10:06:43,48.66,100,
10:06:43,48.65,100,
10:06:43,48.65,200,
10:06:43,48.65,200,
10:06:43,48.66,700,
10:06:43,48.64,100,
10:06:43,48.63,200,
10:06:43,48.63,100,
10:06:43,48.66,100,
10:06:43,48.66,100,
10:06:43,48.63,200,
10:06:43,48.63,100,
10:06:43,48.63,200,
10:06:43,48.65,100,
10:06:45,48.64,300,
10:06:46,48.6499,500,
10:06:48,48.66,1500,
10:06:50,48.6514,500,
10:06:52,48.6599,100,
10:06:52,48.66,200,
10:06:52,48.69,100,
10:06:53,48.6705,1000,
10:06:56,48.6698,1525,
10:06:56,48.65,100,
10:06:56,48.6499,200,
10:07:00,48.68,100,
10:07:05,48.6886,1000,
10:07:07,48.699,100,
10:07:11,48.70,100,
10:07:11,48.70,100,
10:07:11,48.70,100,
10:07:11,48.70,300,
10:07:11,48.70,100,
10:07:12,48.682,400,
10:07:14,48.68,100,
10:07:16,48.69,300,
10:07:18,48.6998,400,
10:07:22,48.70,100,
10:07:22,48.70,400,
10:07:22,48.70,600,
10:07:22,48.71,700,
10:07:23,48.71,100,
10:07:25,48.69,100,
10:07:25,48.68,100,
10:07:27,48.6881,200,
10:07:28,48.6862,100,
10:07:28,48.689,300,
10:07:28,48.689,100,
10:07:30,48.688,2700,
10:07:34,48.66,100,
10:07:36,48.66,100,
10:07:36,48.68,100,
10:07:37,48.69,100,
10:07:38,48.699,100,
10:07:38,48.699,100,
10:07:40,48.70,500,
10:07:40,48.70,200,
10:07:40,48.71,100,
10:07:47,48.70,120,
10:07:52,48.7001,100,
10:07:54,48.71,100,
10:07:58,48.71,300,
10:08:01,48.70,200,
10:08:01,48.70,200,
10:08:03,48.69,100,
10:08:05,48.68,400,
10:08:13,48.67,500,
10:08:14,48.67,200,
10:08:16,48.6928,500,
10:08:18,48.7001,545,
10:08:26,48.72,190,
10:08:26,48.72,100,
10:08:26,48.73,100,
10:08:27,48.75,100,
10:08:27,48.76,100,
10:08:28,48.7698,300,
10:08:28,48.7698,100,
10:08:30,48.77,100,
10:08:30,48.79,100,
10:08:30,48.79,100,
10:08:30,48.81,500,
10:08:30,48.80,500,
10:08:30,48.80,100,
10:08:30,48.80,700,
10:08:30,48.80,300,
10:08:30,48.78,100,
10:08:30,48.82,100,
10:08:30,48.82,100,
10:08:30,48.80,300,
10:08:31,48.81,100,
10:08:33,48.83,300,
10:08:33,48.82,100,
10:08:33,48.83,100,
10:08:34,48.829,1400,
10:08:36,48.8286,1000,
10:08:38,48.81,100,
10:08:38,48.81,700,
10:08:42,48.79,100,
10:08:43,48.7776,100,
10:08:46,48.77,100,
10:08:51,48.74,154,
10:08:51,48.72,233,
10:08:51,48.72,100,
10:08:51,48.72,100,
10:08:51,48.72,100,
10:08:51,48.72,100,
10:08:51,48.72,100,
10:08:51,48.72,200,
10:08:51,48.72,100,
10:08:54,48.7199,100,
10:08:55,48.73,100,
10:08:58,48.749,200,
10:09:01,48.7739,300,
10:09:04,48.78,310,
10:09:05,48.78,1100,
10:09:05,48.7799,600,
10:09:10,48.7928,1000,
10:09:12,48.81,300,
10:09:12,48.82,700,
10:09:12,48.82,200,
10:09:13,48.8111,1000,
10:09:15,48.82,900,
10:09:15,48.83,100,
10:09:15,48.84,400,
10:09:15,48.84,100,
10:09:15,48.84,400,
10:09:15,48.84,400,
10:09:15,48.84,700,
10:09:16,48.83,100,
10:09:16,48.8398,100,
10:09:16,48.83,100,
10:09:17,48.83,100,
10:09:18,48.829,800,
10:09:18,48.829,900,
10:09:19,48.828,2500,
10:09:19,48.83,500,
10:09:19,48.83,100,
10:09:19,48.82,1800,
10:09:19,48.83,115,
10:09:20,48.84,500,
10:09:20,48.84,100,
10:09:20,48.84,100,
10:09:20,48.84,200,
10:09:20,48.84,100,
10:09:22,48.8302,100,
10:09:24,48.84,100,
10:09:25,48.84,200,
10:09:30,48.8384,100,
10:09:30,48.84,100,
10:09:30,48.84,500,
10:09:30,48.84,600,
10:09:30,48.84,200,
10:09:30,48.84,400,
10:09:30,48.84,500,
10:09:30,48.86,400,
10:09:31,48.859,100,
10:09:31,48.86,100,
10:09:32,48.851,500,
10:09:34,48.8601,400,
10:09:34,48.87,100,
10:09:34,48.89,100,
10:09:34,48.90,298,
10:09:34,48.91,200,
10:09:34,48.91,100,
10:09:34,48.90,100,
10:09:35,48.89,100,
10:09:35,48.8888,100,
10:09:35,48.8905,1500,
10:09:35,48.894,100,
10:09:35,48.91,100,
10:09:35,48.91,100,
10:09:35,48.91,200,
10:09:38,48.8912,1000,
10:09:38,48.909,200,
10:09:40,48.93,500,
10:09:41,48.92,100,
10:09:43,48.919,300,
10:09:43,48.929,200,
10:09:45,48.9199,200,
10:09:47,48.89,100,
10:09:51,48.89,100,
10:09:51,48.90,100,
10:09:51,48.899,250,
10:09:52,48.90,100,
10:09:52,48.89,500,
10:09:54,48.88,100,
10:09:55,48.8999,100,
10:09:55,48.8999,100,
10:09:55,48.898,1700,
10:09:55,48.899,1100,
10:09:57,48.9186,2000,
10:10:01,48.916,100,
10:10:01,48.92,100,
10:10:03,48.90,100,
10:10:08,48.8999,300,
10:10:12,48.90,100,
10:10:12,48.92,100,
10:10:12,48.91,100,
10:10:12,48.919,100,
10:10:13,48.919,100,
10:10:14,48.9201,1473,
10:10:14,48.92,1000,
10:10:18,48.92,200,
10:10:21,48.917,100,
10:10:23,48.91,245,
10:10:24,48.90,100,
10:10:25,48.91,600,
10:10:33,48.91,300,
10:10:33,48.8999,200,
10:10:35,48.89,100,
10:10:35,48.89,1200,
10:10:35,48.86,300,
10:10:35,48.88,100,
10:10:35,48.85,100,
10:10:35,48.87,600,
10:10:35,48.85,100,
10:10:35,48.84,300,
10:10:35,48.84,100,
10:10:35,48.84,100,
10:10:35,48.84,3398,
10:10:37,48.86,300,
10:10:38,48.88,100,
10:10:42,48.90,200,
10:10:42,48.90,2100,
10:10:42,48.90,100,
10:10:42,48.90,525,
10:10:42,48.90,500,
10:10:47,48.91,900,
10:10:49,48.93,1100,
10:10:50,48.9224,2000,
10:10:50,48.92,100,
10:10:53,48.928,740,
10:10:56,48.91,100,
10:10:58,48.92,200,
10:10:59,48.9201,100,
10:11:00,48.92,100,
10:11:00,48.92,200,
10:11:00,48.92,100,
10:11:02,48.92,100,
10:11:08,48.9001,900,
10:11:10,48.92,100,
10:11:10,48.93,100,
10:11:10,48.94,100,
10:11:10,48.94,500,
10:11:10,48.95,100,
10:11:10,48.95,300,
10:11:10,48.95,100,
10:11:10,48.95,100,
10:11:10,48.95,100,
10:11:10,48.95,100,
10:11:10,48.96,200,
10:11:10,48.95,100,
10:11:10,48.95,200,
10:11:10,48.95,300,
10:11:10,48.96,100,
10:11:10,48.96,100,
10:11:10,48.98,100,
10:11:10,48.99,100,
10:11:10,48.99,200,
10:11:10,48.99,300,
10:11:10,48.99,500,
10:11:10,48.99,100,
10:11:10,48.99,500,
10:11:10,48.99,300,
10:11:10,48.99,200,
10:11:10,48.93,2000,
10:11:11,48.97,100,
10:11:11,48.96,100,
10:11:11,48.97,100,
10:11:12,48.95,100,
10:11:12,48.9301,400,
10:11:12,48.93,400,
10:11:12,48.95,100,
10:11:14,48.9101,2000,
10:11:16,48.9061,300,
10:11:29,48.9188,700,
10:11:32,48.91,100,
10:11:33,48.91,1151,
10:11:33,48.91,400,
10:11:36,48.8999,100,
10:11:38,48.899,500,
10:11:44,48.90,300,
10:11:50,48.88,100,
10:11:59,48.91,100,
10:11:59,48.91,500,
10:12:02,48.91,100,
10:12:09,48.8907,1000,
10:12:12,48.89,700,
10:12:12,48.88,100,
10:12:12,48.87,100,
10:12:12,48.87,400,
10:12:12,48.89,100,
10:12:12,48.86,700,
10:12:12,48.86,300,
10:12:12,48.87,700,
10:12:13,48.8628,800,
10:12:21,48.88,100,
10:12:25,48.8746,1000,
10:12:29,48.87,100,
10:12:33,48.90,200,
10:12:38,48.91,100,
10:12:38,48.92,100,
10:12:38,48.91,100,
10:12:40,48.92,100,
10:12:42,48.91,400,
10:12:46,48.88,100,
10:12:57,48.8899,200,
10:13:02,48.86,370,
10:13:08,48.86,100,
10:13:10,48.89,100,
10:13:14,48.8499,400,
10:13:21,48.8499,100,
10:13:23,48.85,100,
10:13:25,48.84,100,
10:13:28,48.84,100,
10:13:28,48.84,200,
10:13:29,48.83,500,
10:13:29,48.83,300,
10:13:29,48.83,151,
10:13:29,48.81,200,
10:13:30,48.8114,500,
10:13:31,48.80,100,
10:13:31,48.79,300,
10:13:35,48.80,100,
10:13:39,48.82,100,
10:13:39,48.83,100,
10:13:42,48.83,514,
10:13:42,48.83,686,
10:13:48,48.8038,100,
10:13:51,48.782,740,
10:13:56,48.78,100,
10:13:57,48.76,100,
10:13:57,48.76,100,
10:13:57,48.76,100,
10:13:57,48.76,100,
10:13:57,48.75,100,
10:13:57,48.76,1400,
10:13:57,48.74,100,
10:13:57,48.74,100,
10:13:58,48.74,100,
10:14:03,48.75,100,
10:14:05,48.7499,300,
10:14:11,48.76,100,
10:14:11,48.74,200,
10:14:11,48.74,100,
10:14:11,48.74,100,
10:14:11,48.75,200,
10:14:11,48.75,100,
10:14:11,48.75,2000,
10:14:11,48.74,200,
10:14:11,48.74,200,
10:14:11,48.75,1800,
10:14:12,48.73,100,
10:14:12,48.72,100,
10:14:12,48.72,100,
10:14:12,48.72,200,
10:14:12,48.75,1000,
10:14:13,48.731,200,
10:14:15,48.75,100,
10:14:17,48.75,100,
10:14:17,48.76,100,
10:14:19,48.79,100,
10:14:19,48.81,100,
10:14:23,48.83,100,
10:14:23,48.83,100,
10:14:24,48.8314,100,
10:14:26,48.84,100,
10:14:30,48.83,157,
10:14:35,48.839,100,
10:14:37,48.839,100,
10:14:37,48.82,200,
10:14:39,48.79,100,
10:14:39,48.78,100,
10:14:39,48.8062,361,
10:14:46,48.82,700,
10:14:46,48.82,751,
10:15:01,48.849,100,
10:15:03,48.84,100,
10:15:07,48.8102,100,
10:15:09,48.82,100,
10:15:09,48.83,100,
10:15:09,48.85,100,
10:15:09,48.85,200,
10:15:09,48.86,100,
10:15:09,48.86,500,
10:15:11,48.84,100,
10:15:11,48.85,100,
10:15:11,48.83,700,
10:15:11,48.83,100,
10:15:20,48.82,100,
10:15:20,48.8161,200,
10:15:25,48.82,100,
10:15:28,48.82,1000,
10:15:33,48.81,100,
10:15:36,48.78,100,
10:15:38,48.77,100,
10:15:41,48.7799,300,
10:15:41,48.79,100,
10:15:42,48.78,100,
10:15:42,48.7799,100,
10:15:43,48.79,100,
10:15:43,48.78,300,
10:15:46,48.78,200,
10:15:47,48.7701,100,
10:15:49,48.77,100,
10:16:12,48.771,800,
10:16:13,48.79,100,
10:16:13,48.80,144,
10:16:13,48.81,100,
10:16:18,48.82,100,
10:16:18,48.84,100,
10:16:22,48.89,100,
10:16:23,48.8714,1000,
10:16:27,48.86,700,
10:16:28,48.863,200,
10:16:29,48.85,1918,
10:16:32,48.8654,1000,
10:16:38,48.8599,100,
10:16:38,48.87,100,
10:16:41,48.85,100,
10:16:42,48.84,100,
10:16:42,48.8401,100,
10:16:43,48.845,700,
10:16:44,48.86,100,
10:16:50,48.86,600,
10:16:50,48.86,300,
10:16:58,48.87,100,
10:17:02,48.87,250,
10:17:07,48.88,100,
10:17:07,48.87,500,
10:17:08,48.87,100,
10:17:19,48.88,500,
10:17:25,48.851,500,
10:17:32,48.88,100,
10:17:32,48.88,200,
10:17:34,48.86,100,
10:17:39,48.85,400,
10:17:42,48.84,100,
10:17:47,48.84,100,
10:18:12,48.85,100,
10:18:12,48.86,100,
10:18:12,48.87,100,
10:18:12,48.87,900,
10:18:16,48.8572,500,
10:18:21,48.8519,100,
10:18:26,48.84,100,
10:18:26,48.83,200,
10:18:26,48.83,523,
10:18:26,48.83,100,
10:18:26,48.83,100,
10:18:26,48.83,400,
10:18:27,48.8298,150,
10:18:30,48.81,100,
10:18:34,48.8377,500,
10:18:35,48.85,100,
10:18:35,48.85,100,
10:18:39,48.85,100,
10:18:39,48.85,100,
10:18:57,48.80,500,
10:18:57,48.79,100,
10:19:01,48.7908,100,
10:19:07,48.81,100,
10:19:07,48.83,500,
10:19:07,48.83,100,
10:19:07,48.84,100,
10:19:07,48.84,425,
10:19:07,48.84,100,
10:19:08,48.847,150,
10:19:17,48.85,100,
10:19:18,48.86,100,
10:19:28,48.8488,100,
10:19:28,48.849,600,
10:19:29,48.849,600,
10:19:29,48.84,100,
10:19:30,48.849,200,
10:19:30,48.85,700,
10:19:35,48.8444,2175,
10:19:35,48.83,100,
10:19:35,48.80,100,
10:19:35,48.82,100,
10:19:35,48.81,100,
10:19:43,48.8172,1000,
10:19:43,48.83,100,
10:19:43,48.85,100,
10:19:44,48.83,100,
10:19:47,48.84,100,
10:19:56,48.81,100,
10:19:58,48.82,100,
10:19:58,48.81,500,
10:19:58,48.8199,1000,
10:20:08,48.8196,100,
10:20:18,48.81,100,
10:20:24,48.80,100,
10:20:28,48.79,100,
10:20:28,48.8072,100,
10:20:28,48.8075,100,
10:20:28,48.809,1600,
10:20:29,48.8099,100,
10:20:53,48.81,100,
10:20:53,48.83,100,
10:20:54,48.86,100,
10:20:54,48.86,100,
10:20:54,48.86,100,
10:20:54,48.86,100,
10:20:54,48.86,100,
10:20:54,48.86,100,
10:20:54,48.86,100,
10:20:54,48.86,100,
10:20:54,48.86,300,
10:20:54,48.87,100,
10:20:54,48.87,100,
10:20:54,48.87,100,
10:20:57,48.88,1500,
10:20:58,48.87,200,
10:21:01,48.8823,200,
10:21:04,48.90,100,
10:21:11,48.88,600,
10:21:12,48.89,100,
10:21:15,48.90,100,
10:21:19,48.9199,100,
10:21:20,48.91,100,
10:21:20,48.89,100,
10:21:20,48.90,100,
10:21:20,48.89,1000,
10:21:20,48.90,100,
10:21:22,48.8998,1000,
10:21:23,48.90,100,
10:21:25,48.91,100,
10:21:29,48.92,100,
10:21:31,48.929,100,
10:21:31,48.929,200,
10:21:31,48.919,100,
10:21:32,48.93,200,
10:21:32,48.9298,1000,
10:21:32,48.92,100,
10:21:32,48.9201,100,
10:21:32,48.91,600,
10:21:34,48.912,300,
10:21:35,48.9102,300,
10:21:37,48.92,200,
10:21:37,48.92,200,
10:21:37,48.90,100,
10:21:41,48.93,100,
10:21:41,48.95,100,
10:21:44,48.9689,1000,
10:21:46,48.98,120,
10:21:46,48.961,100,
10:21:47,48.979,100,
10:21:48,48.9781,300,
10:21:49,48.99,4800,
10:21:51,48.95,100,
10:21:51,48.95,100,
10:21:52,48.95,100,
10:21:54,48.97,100,
10:21:54,48.99,100,
10:21:54,49,100,
10:21:55,49,250,
10:21:55,49,950,
10:21:55,49,400,
10:21:55,49,1450,
10:21:57,49.0001,100,
10:21:59,49.03,100,
10:21:59,49.01,100,
10:21:59,49.001,500,
10:22:00,48.9912,700,
10:22:04,49.02,100,
10:22:04,49.04,100,
10:22:04,49.047,100,
10:22:06,49.05,200,
10:22:06,49.07,700,
10:22:06,49.0666,100,
10:22:07,49.05,200,
10:22:08,49.07,1000,
10:22:10,49.05,100,
10:22:10,49.05,700,
10:22:12,49.04,100,
10:22:15,49.04,100,
10:22:15,49.02,100,
10:22:17,49.01,100,
10:22:18,49.01,100,
10:22:18,49,600,
10:22:20,48.99,100,
10:22:20,48.9899,100,
10:22:20,48.99,100,
10:22:20,48.9905,300,
10:22:20,49.01,100,
10:22:21,49.01,100,
10:22:22,49.0288,100,
10:22:22,49.029,100,
10:22:22,49.01,100,
10:22:23,49.02,700,
10:22:23,49.01,200,
10:22:23,49.01,100,
10:22:23,49.01,400,
10:22:29,49,100,
10:22:32,49.01,100,
10:22:32,49.02,100,
10:22:34,49.0272,500,
10:22:35,49.0239,300,
10:22:37,49.0289,1200,
10:22:38,49,200,
10:22:39,49.0099,500,
10:22:41,49.01,100,
10:22:42,49.01,100,
10:22:42,49.01,700,
10:22:46,49,100,
10:22:46,48.98,100,
10:22:46,48.95,280,
10:22:46,48.95,100,
10:22:46,48.95,100,
10:22:47,48.941,100,
10:22:48,48.96,100,
10:22:48,48.942,1900,
10:22:50,48.99,300,
10:22:52,48.99,100,
10:23:00,49,300,
10:23:00,49,550,
10:23:01,49.01,100,
10:23:03,49,100,
10:23:10,48.95,100,
10:23:11,48.979,250,
10:23:21,48.96,100,
10:23:21,48.98,100,
10:23:23,48.99,370,
10:23:26,48.99,100,
10:23:28,49,100,
10:23:32,48.9999,100,
10:23:33,49,600,
10:23:38,49.02,100,
10:23:43,49.009,100,
10:23:45,48.99,200,
10:23:48,49,300,
10:23:53,48.99,100,
10:23:57,49.0046,1000,
10:23:59,49.019,300,
10:23:59,49,100,
10:24:00,49.01,100,
10:24:02,49.02,200,
10:24:03,48.99,100,
10:24:05,48.961,100,
10:24:05,48.98,100,
10:24:05,48.962,1700,
10:24:11,49,500,
10:24:11,49.01,250,
10:24:19,49.02,100,
10:24:20,49.01,100,
10:24:23,49,200,
10:24:23,48.9999,1000,
10:24:27,48.993,300,
10:24:27,48.97,300,
10:24:28,48.98,100,
10:24:41,48.98,100,
10:24:41,48.97,100,
10:24:41,48.95,100,
10:24:41,48.95,400,
10:24:41,48.95,100,
10:24:41,48.95,100,
10:24:57,48.96,100,
10:24:57,48.97,100,
10:25:03,48.96,100,
10:25:07,48.9599,100,
10:25:07,48.9599,100,
10:25:09,49,100,
10:25:15,49.01,100,
10:25:16,49.02,700,
10:25:20,49.0299,200,
10:25:20,49.01,100,
10:25:23,49.0288,500,
10:25:27,48.99,100,
10:25:27,48.98,100,
10:25:30,48.98,100,
10:25:33,49.038,713,
10:25:37,49.0101,600,
10:25:38,49.03,700,
10:25:42,49.011,500,
10:25:42,49,100,
10:25:55,49.03,200,
10:25:55,49.03,100,
10:25:56,49.05,100,
10:25:56,49.05,100,
10:25:56,49.04,400,
10:25:56,49.05,200,
10:25:56,49.04,100,
10:25:57,49.04,100,
10:25:57,49.02,100,
10:26:01,49.02,100,
10:26:01,49.01,4400,
10:26:01,49.02,100,
10:26:02,49.0262,300,
10:26:07,49.01,100,
10:26:07,49.0099,100,
10:26:11,49,200,
10:26:11,49,600,
10:26:11,48.99,300,
10:26:17,48.98,100,
10:26:27,49,100,
10:26:27,48.9999,100,
10:26:28,49.01,100,
10:26:28,49.03,100,
10:26:32,49.03,100,
10:26:34,48.99,100,
10:26:35,49,100,
10:26:35,49.01,100,
10:26:44,49.0101,1000,
10:26:45,49.04,100,
10:26:45,49.05,300,
10:26:51,49.07,100,
10:26:54,49.08,100,
10:26:54,49.07,100,
10:26:57,49.08,100,
10:26:57,49.0681,250,
10:27:00,49.062,500,
10:27:01,49.07,500,
10:27:03,49.079,400,
10:27:05,49.07,100,
10:27:07,49.06,100,
10:27:07,49.0611,1500,
10:27:08,49.0602,400,
10:27:10,49.05,100,
10:27:15,49.05,100,
10:27:15,49.06,100,
10:27:15,49.05,100,
10:27:15,49.04,500,
10:27:16,49.06,100,
10:27:18,49.06,100,
10:27:18,49.06,500,
10:27:19,49.0539,400,
10:27:22,49.06,500,
10:27:24,49.0299,100,
10:27:24,49.0299,100,
10:27:25,49.0254,200,
10:27:28,49.0123,1500,
10:27:30,49.019,200,
10:27:31,49.02,100,
10:27:31,49.02,300,
10:27:35,49.02,100,
10:27:36,49.01,100,
10:27:36,49.0103,100,
10:27:37,49.0101,200,
10:27:37,49,3643,
10:27:39,49.001,100,
10:27:51,49.0186,500,
10:27:52,49.02,500,
10:27:53,49.0199,200,
10:27:53,49.02,200,
10:28:03,49.0401,300,
10:28:09,49.06,100,
10:28:09,49.058,250,
10:28:14,49.0699,100,
10:28:15,49.052,250,
10:28:15,49.069,100,
10:28:18,49.06,100,
10:28:19,49.04,100,
10:28:19,49.03,300,
10:28:25,49.0198,4688,
10:28:40,49.01,100,
10:28:55,49,1378,
10:28:58,49,100,
10:28:58,48.97,100,
10:28:58,48.97,300,
10:28:58,48.99,100,
10:28:58,48.99,100,
10:28:58,48.99,400,
10:29:00,48.9898,100,
10:29:02,48.98,100,
10:29:02,48.9799,100,
10:29:02,48.99,600,
10:29:03,48.97,500,
10:29:03,48.97,100,
10:29:03,48.98,300,
10:29:03,48.98,113,
10:29:04,48.979,100,
10:29:05,49.01,100,
10:29:10,49.02,100,
10:29:10,49.03,187,
10:29:10,49.04,100,
10:29:10,49.05,100,
10:29:14,49.03,100,
10:29:14,49.01,100,
10:29:16,49.01,100,
10:29:23,49.011,100,
10:29:31,49.029,500,
10:29:38,49.0304,100,
10:29:41,49.05,200,
10:29:42,49.02,100,
10:29:42,49.03,100,
10:29:46,49.01,100,
10:29:47,49,100,
10:29:54,48.9872,900,
10:29:58,48.9738,199,
10:30:04,48.95,100,
10:30:06,48.96,100,
10:30:06,48.97,100,
10:30:09,48.95,100,
10:30:13,48.95,100,
10:30:13,48.9499,100,
10:30:13,48.96,500,
10:30:14,48.94,850,
10:30:16,48.92,400,
10:30:18,48.91,500,
10:30:18,48.92,400,
10:30:18,48.92,300,
10:30:18,48.91,2000,
10:30:19,48.90,300,
10:30:19,48.90,500,
10:30:19,48.90,500,
10:30:20,48.9046,998,
10:30:21,48.91,102,
10:30:26,48.94,100,
10:30:28,48.95,100,
10:30:31,48.95,100,
10:30:40,48.952,1000,
10:30:43,48.98,100,
10:30:45,48.98,100,
10:30:47,48.97,100,
10:30:47,48.96,100,
10:30:47,48.95,400,
10:30:47,48.95,293,
10:30:47,48.95,100,
10:30:50,48.95,100,
10:30:54,48.94,100,
10:30:55,48.932,100,
10:31:01,48.98,100,
10:31:01,48.99,100,
10:31:02,48.96,100,
10:31:05,48.94,100,
10:31:08,48.95,100,
10:31:12,48.94,300,
10:31:18,48.921,100,
10:31:27,48.91,100,
10:31:32,48.92,100,
10:31:35,48.94,100,
10:31:35,48.94,100,
10:31:35,48.94,200,
10:31:42,48.97,400,
10:31:42,48.97,500,
10:31:42,48.97,100,
10:31:42,48.98,200,
10:31:42,48.98,100,
10:31:42,48.97,100,
10:31:42,48.96,100,
10:31:42,48.95,100,
10:31:42,48.96,314,
10:31:42,48.96,200,
10:31:42,48.95,100,
10:31:42,48.94,100,
10:31:42,48.93,100,
10:31:43,48.9599,400,
10:31:44,48.95,100,
10:31:48,48.91,100,
10:31:49,48.88,100,
10:31:52,48.90,200,
10:31:52,48.90,100,
10:31:52,48.90,100,
10:31:52,48.9001,200,
10:31:55,48.91,200,
10:31:58,48.92,100,
10:31:58,48.93,100,
10:31:58,48.94,100,
10:32:00,48.93,100,
10:32:01,48.9201,100,
10:32:02,48.9223,800,
10:32:05,48.92,100,
10:32:06,48.91,400,
10:32:06,48.91,700,
10:32:16,48.94,100,
10:32:17,48.9498,1000,
10:32:21,48.93,100,
10:32:26,48.92,100,
10:32:33,48.94,100,
10:32:34,48.96,100,
10:32:34,48.96,100,
10:32:34,48.96,100,
10:32:34,48.95,500,
10:32:35,48.98,700,
10:32:36,48.97,100,
10:32:39,48.952,1000,
10:32:41,48.95,100,
10:32:41,48.95,400,
10:32:44,48.94,100,
10:32:45,48.92,100,
10:32:48,48.93,100,
10:32:59,48.93,100,
10:33:05,48.94,100,
10:33:09,48.97,100,
10:33:12,48.96,1100,
10:33:15,48.94,1000,
10:33:29,48.97,100,
10:33:37,48.99,100,
10:33:39,48.99,100,
10:33:39,48.98,100,
10:33:40,48.99,100,
10:33:46,48.99,100,
10:33:50,49.01,100,
10:33:50,49.0166,100,
10:33:51,49.01,100,
10:33:52,48.99,100,
10:33:58,49.01,900,
10:33:59,49.0024,100,
10:34:00,49.01,100,
10:34:01,49.01,100,
10:34:01,49.02,500,
10:34:04,49.02,200,
10:34:04,49.03,250,
10:34:07,49.02,100,
10:34:08,49.04,500,
10:34:08,49.04,100,
10:34:08,49.04,500,
10:34:08,49.04,500,
10:34:08,49.03,100,
10:34:08,49.05,100,
10:34:08,49.05,100,
10:34:08,49.06,100,
10:34:08,49.05,1700,
10:34:08,49.05,100,
10:34:09,49.05,100,
10:34:11,49.05,100,
10:34:11,49.04,1900,
10:34:13,49.04,600,
10:34:15,49.06,100,
10:34:15,49.06,100,
10:34:15,49.06,100,
10:34:15,49.06,600,
10:34:17,49.07,100,
10:34:18,49.07,576,
10:34:23,49.0738,200,
10:34:25,49.10,100,
10:34:25,49.10,300,
10:34:25,49.10,100,
10:34:25,49.10,100,
10:34:25,49.12,100,
10:34:25,49.12,300,
10:34:25,49.10,100,
10:34:25,49.10,200,
10:34:25,49.10,200,
10:34:25,49.10,200,
10:34:25,49.10,100,
10:34:26,49.10,100,
10:34:28,49.08,100,
10:34:29,49.09,100,
10:34:31,49.082,500,
10:34:35,49.11,500,
10:34:35,49.11,100,
10:34:35,49.12,100,
10:34:35,49.12,100,
10:34:36,49.1201,100,
10:34:38,49.12,100,
10:34:38,49.09,100,
10:34:41,49.0954,1000,
10:34:42,49.11,200,
10:34:42,49.11,100,
10:34:42,49.11,200,
10:34:45,49.08,600,
10:34:45,49.10,7400,
10:34:47,49.0999,340,
10:34:51,49.07,300,
10:34:54,49.079,100,
10:34:54,49.079,100,
10:34:54,49.079,100,
10:34:56,49.076,400,
10:34:58,49.0738,300,
10:35:01,49.0801,100,
10:35:04,49.0802,100,
10:35:07,49.08,100,
10:35:07,49.09,100,
10:35:08,49.09,100,
10:35:13,49.13,100,
10:35:15,49.11,900,
10:35:15,49.10,100,
10:35:18,49.1001,2000,
10:35:22,49.11,100,
10:35:26,49.13,100,
10:35:26,49.12,100,
10:35:28,49.12,100,
10:35:29,49.11,100,
10:35:31,49.07,200,
10:35:31,49.07,100,
10:35:32,49.06,150,
10:35:34,49.0592,100,
10:35:37,49.07,100,
10:35:37,49.08,1400,
10:35:39,49.06,100,
10:35:41,49.0799,4000,
10:35:42,49.08,100,
10:35:48,49.11,300,
10:35:48,49.11,700,
10:35:48,49.10,100,
10:35:48,49.11,600,
10:35:48,49.12,100,
10:35:48,49.13,300,
10:35:48,49.13,100,
10:35:48,49.11,100,
10:35:48,49.11,100,
10:35:48,49.11,168,
10:35:48,49.12,100,
10:35:48,49.12,100,
10:35:48,49.13,100,
10:35:48,49.13,100,
10:35:48,49.13,100,
10:35:48,49.13,100,
10:35:48,49.14,100,
10:35:48,49.14,300,
10:35:48,49.12,500,
10:35:48,49.12,100,
10:35:51,49.1399,600,
10:35:55,49.1114,1600,
10:35:55,49.1028,900,
10:35:55,49.08,300,
10:35:55,49.08,111,
10:35:55,49.08,1200,
10:35:55,49.08,100,
10:35:55,49.09,114,
10:35:55,49.06,100,
10:35:55,49.06,300,
10:35:55,49.08,455,
10:35:55,49.07,100,
10:35:55,49.06,100,
10:35:55,49.06,200,
10:36:02,49.09,114,
10:36:04,49.09,200,
10:36:08,49.089,500,
10:36:11,49.0976,100,
10:36:12,49.07,100,
10:36:12,49.07,100,
10:36:16,49.09,100,
10:36:17,49.07,100,
10:36:17,49.06,100,
10:36:19,49.08,100,
10:36:20,49.10,100,
10:36:21,49.1012,950,
10:36:24,49.10,700,
10:36:33,49.11,100,
10:36:33,49.11,100,
10:36:34,49.1199,600,
10:36:38,49.11,100,
10:36:40,49.10,100,
10:36:40,49.09,2300,
10:36:40,49.11,2500,
10:36:43,49.10,100,
10:36:47,49.12,100,
10:36:49,49.11,100,
10:36:49,49.10,100,
10:36:49,49.09,246,
10:36:51,49.09,100,
10:36:51,49.10,800,
10:36:53,49.0699,1000,
10:36:56,49.0699,100,
10:37:05,49.07,100,
10:37:08,49.06,1100,
10:37:17,49.067,201,
10:37:21,49.06,100,
10:37:30,49.07,100,
10:37:30,49.08,100,
10:37:32,49.0762,100,
10:37:33,49.08,600,
10:37:36,49.0696,600,
10:37:43,49.05,100,
10:37:48,49.089,100,
10:37:49,49.09,100,
10:37:49,49.09,1500,
10:37:56,49.12,2000,
10:38:00,49.14,1600,
10:38:00,49.14,100,
10:38:03,49.15,150,
10:38:03,49.17,100,
10:38:04,49.20,200,
10:38:04,49.20,1500,
10:38:05,49.19,300,
10:38:05,49.18,100,
10:38:07,49.17,100,
10:38:07,49.17,100,
10:38:08,49.19,400,
10:38:09,49.18,100,
10:38:10,49.1914,800,
10:38:12,49.2099,100,
10:38:12,49.19,100,
10:38:14,49.1801,600,
10:38:16,49.2024,200,
10:38:19,49.21,200,
10:38:20,49.20,605,
10:38:20,49.22,500,
10:38:21,49.20,100,
10:38:21,49.1928,500,
10:38:26,49.2219,300,
10:38:28,49.2299,4000,
10:38:29,49.221,100,
10:38:32,49.24,100,
10:38:32,49.24,100,
10:38:32,49.24,100,
10:38:33,49.24,100,
10:38:34,49.24,800,
10:38:34,49.24,100,
10:38:37,49.2488,600,
10:38:38,49.23,100,
10:38:39,49.22,300,
10:38:39,49.22,700,
10:38:39,49.21,100,
10:38:41,49.22,700,
10:38:41,49.218,200,
10:38:41,49.22,100,
10:38:43,49.21,600,
10:38:44,49.2299,100,
10:38:45,49.2102,100,
10:38:46,49.229,225,
10:38:46,49.212,470,
10:38:52,49.25,100,
10:38:52,49.2499,100,
10:38:52,49.2499,200,
10:38:52,49.25,100,
10:38:53,49.23,100,
10:38:55,49.2328,810,
10:38:57,49.23,250,
10:38:58,49.25,100,
10:38:58,49.25,100,
10:38:58,49.25,100,
10:38:58,49.26,500,
10:38:58,49.26,300,
10:38:58,49.27,100,
10:38:58,49.27,200,
10:38:58,49.26,100,
10:39:00,49.2643,400,
10:39:03,49.2698,400,
10:39:04,49.25,100,
10:39:05,49.24,1500,
10:39:05,49.24,100,
10:39:05,49.239,145,
10:39:05,49.25,100,
10:39:06,49.25,414,
10:39:06,49.26,100,
10:39:06,49.2523,1000,
10:39:07,49.26,100,
10:39:12,49.26,400,
10:39:14,49.28,100,
10:39:14,49.29,200,
10:39:14,49.29,100,
10:39:14,49.29,500,
10:39:15,49.28,200,
10:39:15,49.29,100,
10:39:15,49.30,100,
10:39:16,49.30,232,
10:39:16,49.30,191,
10:39:16,49.28,100,
10:39:20,49.27,100,
10:39:20,49.26,300,
10:39:20,49.22,186,
10:39:20,49.22,300,
10:39:22,49.23,100,
10:39:22,49.2201,700,
10:39:22,49.2201,1400,
10:39:23,49.2299,200,
10:39:26,49.24,100,
10:39:27,49.24,186,
10:39:29,49.26,700,
10:39:29,49.26,300,
10:39:29,49.26,300,
10:39:29,49.27,100,
10:39:29,49.26,100,
10:39:33,49.28,500,
10:39:36,49.28,200,
10:39:37,49.28,100,
10:39:38,49.27,100,
10:39:38,49.26,100,
10:39:38,49.24,100,
10:39:38,49.24,100,
10:39:38,49.25,5000,
10:39:38,49.24,100,
10:39:38,49.25,300,
10:39:38,49.24,200,
10:39:39,49.26,600,
10:39:40,49.26,100,
10:39:40,49.25,200,
10:39:40,49.26,100,
10:39:42,49.2701,100,
10:39:42,49.27,100,
10:39:42,49.2786,500,
10:39:42,49.25,300,
10:39:43,49.25,300,
10:39:44,49.27,300,
10:39:44,49.26,100,
10:39:45,49.2789,100,
10:39:46,49.28,490,
10:39:46,49.28,410,
10:39:46,49.29,100,
10:39:50,49.29,100,
10:39:52,49.2999,100,
10:39:55,49.29,100,
10:39:58,49.29,900,
10:39:58,49.29,300,
10:39:59,49.2962,200,
10:39:59,49.29,700,
10:40:01,49.282,600,
10:40:01,49.2999,200,
10:40:02,49.2998,2000,
10:40:04,49.29,100,
10:40:05,49.30,200,
10:40:06,49.30,165,
10:40:06,49.31,600,
10:40:06,49.32,100,
10:40:06,49.32,300,
10:40:06,49.32,200,
10:40:07,49.34,406,
10:40:07,49.34,203,
10:40:08,49.33,100,
10:40:08,49.31,100,
10:40:08,49.28,100,
10:40:08,49.29,100,
10:40:08,49.31,100,
10:40:08,49.2992,100,
10:40:10,49.30,100,
10:40:11,49.3054,500,
10:40:13,49.31,100,
10:40:14,49.32,100,
10:40:14,49.31,300,
10:40:14,49.3199,100,
10:40:14,49.28,300,
10:40:14,49.28,100,
10:40:14,49.30,125,
10:40:14,49.30,100,
10:40:14,49.30,100,
10:40:14,49.30,100,
10:40:16,49.30,100,
10:40:16,49.30,100,
10:40:16,49.30,100,
10:40:16,49.30,100,
10:40:16,49.30,100,
10:40:16,49.30,700,
10:40:16,49.2962,200,
10:40:17,49.2905,1100,
10:40:18,49.30,100,
10:40:18,49.30,100,
10:40:19,49.2977,1000,
10:40:20,49.29,100,
10:40:20,49.29,100,
10:40:20,49.29,100,
10:40:20,49.30,500,
10:40:21,49.2802,400,
10:40:24,49.28,100,
10:40:25,49.27,100,
10:40:25,49.26,100,
10:40:25,49.26,100,
10:40:25,49.28,100,
10:40:28,49.26,100,
10:40:28,49.26,400,
10:40:28,49.26,100,
10:40:32,49.26,100,
10:40:35,49.26,100,
10:40:35,49.27,100,
10:40:35,49.26,100,
10:40:35,49.26,200,
10:40:35,49.26,400,
10:40:37,49.28,100,
10:40:38,49.25,100,
10:40:38,49.24,100,
10:40:38,49.24,200,
10:40:38,49.26,100,
10:40:38,49.2578,100,
10:40:38,49.2574,100,
10:40:38,49.2612,100,
10:40:39,49.269,100,
10:40:45,49.26,100,
10:40:46,49.26,100,
10:40:50,49.27,100,
10:40:52,49.261,2500,
10:40:55,49.28,100,
10:40:59,49.26,700,
10:41:01,49.27,100,
10:41:01,49.28,100,
10:41:01,49.29,7370,
10:41:06,49.28,100,
10:41:09,49.251,150,
10:41:11,49.25,100,
10:41:15,49.2739,100,
10:41:15,49.28,1100,
10:41:15,49.2801,100,
10:41:19,49.27,100,
10:41:21,49.28,100,
10:41:26,49.27,100,
10:41:27,49.28,200,
10:41:30,49.29,100,
10:41:30,49.27,100,
10:41:32,49.289,100,
10:41:33,49.27,100,
10:41:33,49.26,200,
10:41:33,49.25,100,
10:41:34,49.27,100,
10:41:34,49.29,100,
10:41:34,49.29,300,
10:41:35,49.288,3100,
10:41:35,49.2899,100,
10:41:36,49.28,100,
10:41:37,49.30,700,
10:41:46,49.28,100,
10:41:48,49.2638,250,
10:41:54,49.27,400,
10:41:57,49.26,1100,
10:41:57,49.26,100,
10:41:57,49.25,100,
10:41:57,49.24,100,
10:41:57,49.24,200,
10:41:57,49.24,400,
10:41:57,49.24,100,
10:41:57,49.24,200,
10:41:57,49.24,200,
10:42:01,49.22,200,
10:42:01,49.22,300,
10:42:01,49.23,100,
10:42:01,49.22,100,
10:42:02,49.2299,200,
10:42:06,49.23,100,
10:42:07,49.22,100,
10:42:07,49.22,100,
10:42:10,49.21,200,
10:42:13,49.20,100,
10:42:13,49.20,300,
10:42:13,49.2028,950,
10:42:15,49.2027,100,
10:42:15,49.2024,100,
10:42:15,49.201,400,
10:42:21,49.21,100,
10:42:21,49.22,100,
10:42:32,49.26,400,
10:42:34,49.23,1100,
10:42:48,49.20,100,
10:43:04,49.2161,490,
10:43:07,49.21,200,
10:43:08,49.20,100,
10:43:13,49.1846,1000,
10:43:15,49.20,300,
10:43:22,49.20,500,
10:43:22,49.1999,500,
10:43:23,49.20,2125,
10:43:24,49.202,200,
10:43:29,49.195,100,
10:43:36,49.2299,200,
10:43:40,49.1905,200,
10:43:47,49.20,100,
10:43:47,49.20,100,
10:43:47,49.20,200,
10:44:01,49.18,286,
10:44:01,49.17,100,
10:44:01,49.18,200,
10:44:01,49.19,400,
10:44:07,49.2089,100,
10:44:10,49.23,200,
10:44:11,49.23,100,
10:44:17,49.22,1000,
10:44:24,49.21,372,
10:44:27,49.19,100,
10:44:27,49.19,100,
10:44:27,49.19,100,
10:44:27,49.19,100,
10:44:29,49.17,1900,
10:44:29,49.1703,100,
10:44:29,49.1717,100,
10:44:29,49.17,100,
10:44:29,49.19,1500,
10:44:32,49.1999,200,
10:44:35,49.18,200,
10:44:46,49.18,100,
10:44:46,49.18,1000,
10:44:51,49.21,100,
10:45:03,49.18,100,
10:45:03,49.18,300,
10:45:03,49.18,200,
10:45:03,49.18,100,
10:45:03,49.18,100,
10:45:03,49.18,100,
10:45:12,49.202,200,
10:45:14,49.21,800,
10:45:14,49.22,1500,
10:45:24,49.229,200,
10:45:33,49.23,1000,
10:45:33,49.25,200,
10:45:33,49.25,1100,
10:45:33,49.23,700,
10:45:33,49.23,300,
10:45:33,49.23,500,
10:45:33,49.24,100,
10:45:34,49.2475,200,
10:45:34,49.25,100,
10:45:34,49.24,100,
10:45:45,49.2499,200,
10:45:47,49.2472,900,
10:45:47,49.2499,800,
10:45:53,49.25,100,
10:45:55,49.239,300,
10:45:55,49.239,300,
10:46:00,49.249,1000,
10:46:18,49.2323,600,
10:46:29,49.25,300,
10:46:29,49.24,200,
10:46:54,49.26,100,
10:46:55,49.2499,100,
10:47:01,49.28,250,
10:47:03,49.28,100,
10:47:03,49.28,100,
10:47:06,49.29,500,
10:47:06,49.2899,200,
10:47:07,49.2898,600,
10:47:33,49.2728,500,
10:47:37,49.27,100,
10:47:38,49.289,300,
10:47:41,49.2896,100,
10:47:43,49.27,100,
10:47:46,49.2598,221,
10:47:55,49.2858,500,
10:48:05,49.2562,200,
10:48:06,49.24,200,
10:48:08,49.22,700,
10:48:08,49.21,100,
10:48:09,49.20,100,
10:48:10,49.1812,1000,
10:48:11,49.20,100,
10:48:11,49.2314,1000,
10:48:13,49.238,200,
10:48:28,49.1869,900,
10:48:40,49.18,200,
10:48:41,49.16,100,
10:48:41,49.16,100,
10:48:46,49.18,700,
10:48:50,49.16,300,
10:48:50,49.16,100,
10:49:02,49.1702,200,
10:49:02,49.1728,500,
10:49:04,49.15,200,
10:49:14,49.14,172,
10:49:14,49.14,500,
10:49:14,49.12,100,
10:49:15,49.11,250,
10:49:15,49.112,500,
10:49:16,49.11,500,
10:49:20,49.1346,900,
10:49:22,49.133,100,
10:49:23,49.13,400,
10:49:33,49.111,200,
10:50:01,49.17,160,
10:50:22,49.198,1000,
10:50:44,49.15,100,
10:50:46,49.15,200,
10:50:46,49.131,600,
10:50:57,49.10,100,
10:50:58,49.10,1700,
10:51:01,49.11,100,
10:51:24,49.1401,700,
10:51:28,49.1461,100,
10:51:29,49.1554,750,
10:51:29,49.13,200,
10:51:42,49.15,700,
10:51:43,49.14,500,
10:51:43,49.14,100,
10:51:55,49.1601,100,
10:51:56,49.15,1909,
10:52:02,49.178,500,
10:52:05,49.15,1925,
10:52:06,49.13,495,
10:52:06,49.13,300,
10:52:06,49.13,400,
10:52:06,49.13,105,
10:52:06,49.11,500,
10:52:06,49.10,100,
10:52:16,49.10,200,
10:52:16,49.09,100,
10:52:16,49.07,100,
10:52:17,49.0746,500,
10:52:18,49.0803,400,
10:52:22,49.10,300,
10:52:30,49.1101,500,
10:52:40,49.118,100,
10:52:47,49.1128,1500,
10:52:57,49.09,100,
10:53:11,49.07,100,
10:53:11,49.07,100,
10:53:11,49.07,295,
10:53:11,49.07,100,
10:53:11,49.07,100,
10:53:16,49.07,113,
10:53:18,49.06,300,
10:53:18,49.061,200,
10:53:18,49.07,100,
10:53:18,49.08,300,
10:53:18,49.08,300,
10:53:20,49.06,100,
10:53:28,49.04,100,
10:53:29,49.041,100,
10:53:34,49.03,300,
10:53:35,49,1800,
10:53:35,49.0198,100,
10:53:37,49,100,
10:53:37,49,100,
10:53:38,49.02,100,
10:53:39,49.0002,800,
10:53:39,49.0001,100,
10:53:42,49.0002,250,
10:53:43,49.018,500,
10:53:43,49,222,
10:53:43,49,210,
10:53:45,48.9998,100,
10:53:45,49,100,
10:53:50,48.9902,250,
10:53:55,49.03,100,
10:53:55,49.0299,100,
10:53:56,49.04,1700,
10:53:56,49.0298,400,
10:53:58,49.019,100,
10:53:59,49.018,400,
10:54:00,49.0199,100,
10:54:01,49.0286,2000,
10:54:10,49.0098,100,
10:54:13,49.0298,100,
10:54:28,49.02,100,
10:54:28,49.04,100,
10:54:35,49.06,100,
10:54:48,49.06,500,
10:54:53,49.02,246,
10:54:53,49.02,373,
10:54:57,49.03,400,
10:54:57,49.01,800,
10:55:03,49.0288,100,
10:55:10,49.0104,1000,
10:55:13,48.96,406,
10:55:16,48.99,200,
10:55:21,48.9628,500,
10:55:28,49.0209,100,
10:55:44,49.0034,500,
10:55:49,48.9701,1300,
10:56:04,48.9798,100,
10:56:06,48.9788,100,
10:56:09,48.9586,525,
10:56:12,48.98,200,
10:56:12,48.98,100,
10:56:12,48.98,100,
10:56:15,48.98,185,
10:56:19,48.98,600,
10:56:20,48.99,700,
10:56:27,48.9799,100,
10:56:36,48.99,500,
10:56:37,48.99,500,
10:56:40,49.0001,100,
10:56:45,48.9886,2000,
10:56:48,48.99,400,
10:57:01,48.96,514,
10:57:01,48.97,100,
10:57:02,48.97,100,
10:57:05,48.95,123,
10:57:06,48.94,600,
10:57:08,48.9546,500,
10:57:20,49,1500,
10:57:22,48.9922,300,
10:57:23,49,600,
10:57:26,48.9798,100,
10:57:47,49,100,
10:57:50,48.97,300,
10:57:50,48.97,500,
10:57:56,48.989,100,
10:58:05,48.989,1600,
10:58:08,48.99,1200,
10:58:14,48.95,200,
10:58:16,48.96,600,
10:58:26,48.923,1000,
10:58:34,48.96,100,
10:58:34,48.96,700,
10:58:36,48.96,100,
10:58:40,48.93,300,
10:58:49,48.95,100,
10:58:49,48.94,100,
10:58:49,48.94,100,
10:58:58,48.95,100,
10:59:00,48.92,100,
10:59:04,48.9398,100,
10:59:05,48.94,100,
10:59:07,48.9328,500,
10:59:17,48.93,300,
10:59:17,48.91,100,
10:59:25,48.938,2600,
10:59:27,48.933,350,
10:59:33,48.94,800,
10:59:36,48.91,100,
10:59:39,48.94,400,
10:59:44,48.928,250,
10:59:59,48.9138,300,
11:00:02,48.91,100,
11:00:03,48.91,100,
11:00:04,48.91,300,
11:00:04,48.911,400,
11:00:07,48.9038,300,
11:00:09,48.9001,300,
11:00:09,48.90,200,
11:00:11,48.91,100,
11:00:15,48.90,1600,
11:00:24,48.93,100,
11:00:28,48.94,100,
11:00:35,48.95,100,
11:00:41,48.96,200,
11:00:42,48.97,400,
11:00:42,48.99,100,
11:00:42,48.99,200,
11:00:42,48.99,100,
11:00:42,48.9899,200,
11:00:45,48.9734,1900,
11:00:46,48.9893,100,
11:01:04,48.9898,200,
11:01:05,48.99,200,
11:01:07,48.9799,100,
11:01:08,48.98,1900,
11:01:12,48.95,200,
11:01:22,48.9702,1000,
11:01:23,48.99,200,
11:01:28,49.0062,250,
11:01:29,49.01,200,
11:01:30,48.9996,200,
11:01:30,48.981,100,
11:01:32,48.999,100,
11:01:32,48.98,300,
11:01:34,48.97,200,
11:01:34,48.97,1200,
11:01:34,48.97,400,
11:01:35,48.9796,100,
11:01:35,48.9797,100,
11:01:41,48.9799,1000,
11:01:52,48.962,100,
11:01:56,48.98,600,
11:02:02,48.99,200,
11:02:06,48.9799,1000,
11:02:15,48.962,700,
11:02:18,48.95,100,
11:02:34,48.96,500,
11:02:34,48.96,100,
11:02:34,48.96,242,
11:02:52,48.9601,1000,
11:03:09,48.99,400,
11:03:09,49,300,
11:03:09,49,300,
11:03:09,49,300,
11:03:16,49.0072,100,
11:03:22,49.02,100,
11:03:22,49.02,1400,
11:03:22,49.03,100,
11:03:28,49.0389,500,
11:03:31,49.0399,300,
11:03:31,49.04,500,
11:03:35,49.04,289,
11:03:38,49.0398,250,
11:03:39,49.03,100,
11:03:39,49.04,1200,
11:03:46,49.039,300,
11:03:50,49.04,100,
11:03:53,49.03,928,
11:03:53,49.03,1800,
11:03:55,49.04,600,
11:03:56,49.0333,1000,
11:03:57,49.039,1800,
11:03:57,49.039,500,
11:03:57,49.039,500,
11:04:00,49.039,2500,
11:04:03,49.028,163,
11:04:10,49.02,700,
11:04:10,49.01,700,
11:04:11,49.02,100,
11:04:11,49.04,100,
11:04:11,49.04,600,
11:04:14,49.0455,100,
11:04:21,49.0254,500,
11:04:28,49.01,100,
11:04:28,49,100,
11:04:37,49.03,100,
11:04:38,49.0599,1900,
11:04:39,49.06,100,
11:04:39,49.06,100,
11:04:41,49.0399,1200,
11:04:51,49.05,528,
11:04:57,49.05,372,
11:04:58,49.04,1000,
11:05:08,49.06,100,
11:05:09,49.08,1200,
11:05:12,49.066,100,
11:05:20,49.0508,100,
11:05:20,49.0502,100,
11:05:21,49.07,500,
11:05:21,49.08,172,
11:05:21,49.08,528,
11:05:21,49.08,100,
11:05:22,49.0698,100,
11:05:30,49.0502,1300,
11:05:30,49.05,500,
11:05:37,49.0612,700,
11:05:41,49.069,100,
11:05:48,49.09,100,
11:05:48,49.10,300,
11:05:48,49.10,100,
11:05:48,49.11,300,
11:05:48,49.09,100,
11:05:50,49.079,700,
11:05:51,49.0894,500,
11:05:53,49.0706,300,
11:05:54,49.10,2100,
11:05:54,49.10,200,
11:05:54,49.0988,500,
11:06:00,49.08,100,
11:06:03,49.12,200,
11:06:04,49.119,100,
11:06:11,49.1198,5000,
11:06:14,49.119,100,
11:06:23,49.08,300,
11:06:23,49.08,100,
11:06:23,49.09,100,
11:06:23,49.09,940,
11:06:23,49.07,100,
11:06:23,49.08,100,
11:06:23,49.07,100,
11:06:25,49.069,300,
11:06:25,49.069,400,
11:06:30,49.06,500,
11:06:30,49.04,100,
11:06:32,49.04,400,
11:06:36,49.01,600,
11:06:37,49.0114,500,
11:06:39,49.009,200,
11:06:41,49,100,
11:06:41,48.9999,100,
11:06:41,48.9999,100,
11:06:41,49,100,
11:06:41,48.9999,100,
11:06:43,49.001,100,
11:06:43,49.02,100,
11:06:45,49.002,4800,
11:06:46,49.01,300,
11:06:50,49.01,100,
11:06:59,48.9819,300,
11:07:07,49,1500,
11:07:08,48.98,100,
11:07:08,48.99,700,
11:07:15,48.95,500,
11:07:15,48.95,500,
11:07:15,48.95,100,
11:07:15,48.95,100,
11:07:15,48.95,100,
11:07:15,48.95,100,
11:07:15,48.94,100,
11:07:15,48.94,300,
11:07:15,48.95,100,
11:07:15,48.94,500,
11:07:15,48.95,700,
11:07:15,48.93,200,
11:07:15,48.93,100,
11:07:15,48.93,500,
11:07:16,48.92,1800,
11:07:16,48.92,200,
11:07:17,48.95,100,
11:07:17,48.95,700,
11:07:17,48.9499,236,
11:07:17,48.9599,400,
11:07:18,48.94,500,
11:07:18,48.9376,100,
11:07:18,48.949,100,
11:07:19,48.94,100,
11:07:19,48.95,200,
11:07:20,48.9431,1000,
11:07:20,48.91,900,
11:07:23,48.90,100,
11:07:24,48.903,200,
11:07:24,48.9012,500,
11:07:30,48.95,100,
11:07:34,48.9423,1000,
11:07:34,48.92,100,
11:07:34,48.93,1500,
11:07:34,48.93,300,
11:07:42,48.9001,100,
11:07:45,48.86,300,
11:07:45,48.87,100,
11:07:45,48.87,300,
11:07:45,48.88,100,
11:07:46,48.85,100,
11:07:46,48.85,100,
11:07:46,48.85,300,
11:07:46,48.85,200,
11:07:46,48.85,280,
11:07:46,48.85,100,
11:07:46,48.8428,100,
11:07:46,48.8457,100,
11:07:47,48.8412,200,
11:07:48,48.85,200,
11:07:48,48.85,500,
11:07:48,48.85,1000,
11:07:48,48.87,1000,
11:07:48,48.85,925,
11:07:49,48.87,300,
11:07:51,48.851,250,
11:07:51,48.8501,200,
11:07:55,48.84,1100,
11:07:56,48.8614,1000,
11:07:56,48.8446,1000,
11:07:59,48.82,100,
11:07:59,48.82,100,
11:07:59,48.81,200,
11:08:00,48.84,100,
11:08:10,48.891,200,
11:08:13,48.91,400,
11:08:15,48.9299,100,
11:08:19,48.919,300,
11:08:21,48.918,4100,
11:08:22,48.89,200,
11:08:28,48.89,100,
11:08:28,48.8901,100,
11:08:28,48.8902,300,
11:08:28,48.8901,300,
11:08:31,48.9088,700,
11:08:34,48.8823,1000,
11:08:35,48.881,300,
11:08:36,48.881,5000,
11:08:43,48.87,100,
11:08:43,48.86,820,
11:08:48,48.8546,1000,
11:08:55,48.852,100,
11:08:58,48.8612,500,
11:08:58,48.87,100,
11:09:05,48.87,495,
11:09:11,48.91,500,
11:09:11,48.92,600,
11:09:14,48.8912,1000,
11:09:15,48.88,300,
11:09:23,48.8846,1000,
11:09:31,48.91,300,
11:09:38,48.8896,1200,
11:09:55,48.87,225,
11:09:58,48.8693,200,
11:10:01,48.8699,800,
11:10:01,48.87,100,
11:10:13,48.8699,400,
11:10:19,48.892,100,
11:10:31,48.908,500,
11:10:35,48.9202,100,
11:10:35,48.9201,100,
11:10:36,48.9302,150,
11:10:36,48.9301,100,
11:10:44,48.96,1200,
11:10:44,48.9577,500,
11:10:52,48.9697,700,
11:10:55,48.938,150,
11:11:05,48.9477,1000,
11:11:07,48.93,100,
11:11:13,48.9203,100,
11:11:13,48.921,300,
11:11:25,48.9223,1000,
11:11:40,48.92,300,
11:11:46,48.88,2000,
11:11:52,48.8746,1000,
11:11:59,48.92,100,
11:12:08,48.8812,100,
11:12:10,48.893,100,
11:12:29,48.94,100,
11:12:47,48.9286,500,
11:12:51,48.92,100,
11:12:52,48.91,200,
11:12:53,48.91,300,
11:12:57,48.9084,100,
11:12:57,48.901,100,
11:13:01,48.9069,1000,
11:13:09,48.9422,150,
11:13:12,48.92,300,
11:13:12,48.92,300,
11:13:28,48.90,100,
11:13:28,48.90,500,
11:13:28,48.89,100,
11:13:28,48.88,100,
11:13:28,48.88,100,
11:13:28,48.88,200,
11:13:28,48.88,100,
11:13:39,48.908,100,
11:13:39,48.9099,2600,
11:13:39,48.9099,300,
11:13:39,48.91,100,
11:14:04,48.8819,300,
11:14:10,48.88,600,
11:14:10,48.88,486,
11:14:10,48.87,100,
11:14:12,48.87,2500,
11:14:18,48.86,300,
11:14:24,48.8688,100,
11:14:42,48.8898,1475,
11:14:51,48.88,100,
11:15:03,48.90,700,
11:15:04,48.90,800,
11:15:04,48.89,100,
11:15:05,48.88,300,
11:15:05,48.90,500,
11:15:21,48.88,700,
11:15:34,48.90,100,
11:15:34,48.90,100,
11:15:38,48.928,500,
11:15:43,48.9111,100,
11:15:55,48.92,100,
11:15:55,48.92,272,
11:16:21,48.93,197,
11:16:29,48.88,100,
11:16:41,48.93,300,
11:16:41,48.9346,1000,
11:16:53,48.9214,250,
11:17:12,48.91,100,
11:17:14,48.9114,100,
11:17:14,48.911,300,
11:17:15,48.91,4300,
11:17:42,48.93,500,
11:17:42,48.95,300,
11:17:47,48.9499,100,
11:17:47,48.96,800,
11:18:06,48.9811,700,
11:18:14,48.98,1000,
11:18:14,48.9799,100,
11:18:36,48.9897,100,
11:18:36,48.99,100,
11:18:45,48.987,250,
11:18:48,48.9899,300,
11:18:48,48.99,200,
11:18:49,49,100,
11:18:49,48.9999,800,
11:18:53,48.9702,100,
11:19:04,48.97,700,
11:19:04,48.97,500,
11:19:04,48.97,326,
11:19:04,48.97,100,
11:19:06,48.9894,100,
11:19:06,49,250,
11:19:06,49,1000,
11:19:10,49.0102,100,
11:19:11,49.0199,102,
11:19:24,49.0001,200,
11:19:24,48.99,3800,
11:19:33,49.01,120,
11:19:39,49.02,100,
11:19:44,49.02,200,
11:19:45,48.99,100,
11:19:45,48.99,400,
11:19:58,49.0143,200,
11:20:15,49.0002,4923,
11:20:20,49,500,
11:20:28,48.9998,100,
11:20:40,49.0054,750,
11:20:41,49.01,300,
11:20:41,49.03,700,
11:20:41,49.02,500,
11:20:41,49.01,100,
11:21:00,49.0272,810,
11:21:01,49.05,300,
11:21:02,49.0401,105,
11:21:05,49.05,400,
11:21:06,49.06,100,
11:21:08,49.06,400,
11:21:20,49.06,200,
11:21:20,49.06,100,
11:21:20,49.05,100,
11:21:22,49.06,600,
11:21:23,49.06,100,
11:21:25,49.04,100,
11:21:28,49.05,1500,
11:21:41,49.05,400,
11:21:48,49.03,100,
11:21:48,49.03,200,
11:21:48,49.02,100,
11:21:50,49.04,200,
11:21:57,49.0298,400,
11:21:58,49.028,713,
11:22:00,49.019,100,
11:22:03,49.01,100,
11:22:03,49.01,100,
11:22:18,49.0509,250,
11:22:29,49.05,1700,
11:22:30,49.05,400,
11:22:30,49.05,100,
11:22:43,49.06,100,
11:22:48,49.07,100,
11:22:59,49.0599,300,
11:23:05,49.03,300,
11:23:06,49.0321,100,
11:23:11,49.05,100,
11:23:13,49.07,158,
11:23:13,49.07,100,
11:23:13,49.07,142,
11:23:27,49.0793,1000,
11:23:54,49.0559,100,
11:24:00,49.06,200,
11:24:00,49.05,300,
11:24:02,49.052,2000,
11:24:04,49.07,100,
11:24:09,49.08,100,
11:24:09,49.08,100,
11:24:12,49.0799,300,
11:24:14,49.08,300,
11:24:17,49.088,300,
11:24:23,49.07,100,
11:24:23,49.06,300,
11:24:24,49.05,100,
11:24:24,49.05,200,
11:24:24,49.05,500,
11:24:25,49.03,600,
11:24:25,49.03,100,
11:24:25,49.03,600,
11:24:25,49.02,3700,
11:24:30,49.0301,115,
11:24:40,49.05,100,
11:24:40,49.0499,100,
11:24:40,49.05,100,
11:24:41,49.05,100,
11:24:44,49.03,300,
11:24:50,49.032,140,
11:24:57,49.03,100,
11:25:03,49.0312,1000,
11:25:16,49.03,200,
11:25:20,49.0399,100,
11:25:34,49.03,100,
11:25:40,49.05,100,
11:25:41,49.05,100,
11:25:46,49.06,500,
11:25:51,49.09,800,
11:25:59,49.12,400,
11:25:59,49.12,300,
11:25:59,49.12,100,
11:25:59,49.13,100,
11:25:59,49.11,140,
11:26:04,49.10,600,
11:26:07,49.11,100,
11:26:07,49.11,100,
11:26:17,49.09,100,
11:26:17,49.0721,2200,
11:26:35,49.07,400,
11:26:36,49.07,100,
11:26:49,49.08,100,
11:27:07,49.1188,225,
11:27:20,49.119,100,
11:27:20,49.119,100,
11:27:20,49.111,500,
11:27:32,49.1101,200,
11:27:33,49.12,300,
11:27:34,49.1212,400,
11:27:41,49.09,100,
11:27:41,49.09,300,
11:28:09,49.10,400,
11:28:11,49.07,545,
11:28:11,49.07,155,
11:28:12,49.0428,500,
11:28:23,49.05,478,
11:28:26,49.03,100,
11:28:26,49.03,100,
11:28:33,49.0114,2000,
11:28:36,49.0399,100,
11:28:36,49.0399,100,
11:28:36,49.0399,100,
11:28:42,49.05,1500,
11:29:01,49.032,100,
11:29:01,49.0301,100,
11:29:01,49.03,100,
11:29:01,49.0301,500,
11:29:02,49.0346,1000,
11:29:06,49.02,6000,
11:29:25,49.0361,100,
11:29:26,49.03,100,
11:29:32,49.0146,1000,
11:29:35,49,400,
11:29:35,48.97,200,
11:29:35,49,1000,
11:29:36,48.9701,400,
11:29:39,48.9985,525,
11:29:41,49.007,200,
11:29:45,48.95,1500,
11:29:49,48.9246,1000,
11:29:53,48.92,150,
11:29:55,48.9002,400,
11:29:58,48.9002,100,
11:29:58,48.90,1300,
11:29:59,48.90,286,
11:29:59,48.90,248,
11:29:59,48.90,190,
11:30:59,48.98,100,
11:31:03,48.9538,300,
11:31:09,48.95,300,
11:31:18,48.998,600,
11:31:47,49.02,500,
11:31:58,49.0162,100,
11:32:05,49.05,150,
11:32:11,49.03,100,
11:32:11,49.03,400,
11:32:14,49.0398,400,
11:32:17,49.0246,1000,
11:32:17,49.03,500,
11:32:17,49.03,200,
11:32:17,49.03,200,
11:32:17,49.03,700,
11:32:30,49.0658,1000,
11:32:39,49.07,100,
11:32:39,49.07,100,
11:32:45,49.0603,100,
11:33:09,49.001,100,
11:33:10,49.002,1800,
11:33:11,49.001,100,
11:33:12,49.05,300,
11:33:12,49.05,100,
11:33:12,49.002,800,
11:33:45,49.01,100,
11:33:45,49.01,300,
11:33:45,49,100,
11:34:05,49.032,100,
11:34:32,49.0428,800,
11:34:40,49.06,100,
11:34:40,49.07,100,
11:34:44,49.09,700,
11:34:44,49.08,400,
11:34:44,49.06,100,
11:34:46,49.078,700,
11:34:49,49.0599,100,
11:34:52,49.02,250,
11:34:55,49.03,329,
11:34:56,49.04,1700,
11:34:58,49.06,100,
11:34:58,49.02,1525,
11:35:05,49.0893,1400,
11:35:06,49.09,500,
11:35:07,49.10,289,
11:35:07,49.10,200,
11:35:07,49.10,200,
11:35:07,49.11,300,
11:35:07,49.10,500,
11:35:09,49.12,400,
11:35:10,49.13,100,
11:35:10,49.13,100,
11:35:10,49.13,100,
11:35:12,49.1199,500,
11:35:13,49.1297,400,
11:35:13,49.127,2000,
11:35:14,49.1016,100,
11:35:15,49.09,100,
11:35:16,49.11,400,
11:35:17,49.10,300,
11:35:17,49.12,100,
11:35:17,49.13,100,
11:35:27,49.1004,150,
11:35:29,49.14,150,
11:35:32,49.1288,500,
11:35:39,49.14,100,
11:35:40,49.1498,200,
11:35:40,49.15,300,
11:35:43,49.13,100,
11:35:44,49.13,1000,
11:35:48,49.12,1500,
11:35:48,49.14,100,
11:35:53,49.1498,200,
11:35:56,49.1302,400,
11:35:59,49.14,200,
11:35:59,49.13,200,
11:36:05,49.1605,525,
11:36:07,49.16,500,
11:36:11,49.1601,300,
11:36:11,49.16,100,
11:36:11,49.16,100,
11:36:14,49.17,300,
11:36:14,49.18,100,
11:36:16,49.1701,100,
11:36:31,49.16,1125,
11:36:31,49.16,275,
11:36:31,49.16,100,
11:36:33,49.151,100,
11:36:35,49.152,1700,
11:36:35,49.16,100,
11:36:35,49.16,500,
11:36:41,49.17,514,
11:36:48,49.159,300,
11:36:49,49.16,4900,
11:36:56,49.16,400,
11:36:56,49.16,100,
11:36:56,49.17,214,
11:36:56,49.17,300,
11:36:56,49.16,100,
11:36:56,49.16,100,
11:36:57,49.17,170,
11:37:00,49.16,100,
11:37:13,49.14,500,
11:37:16,49.14,114,
11:37:23,49.1228,1000,
11:37:42,49.12,100,
11:37:42,49.12,100,
11:37:45,49.12,200,
11:37:45,49.1177,500,
11:37:47,49.14,500,
11:37:47,49.14,1000,
11:37:47,49.12,100,
11:37:47,49.14,100,
11:37:47,49.14,100,
11:37:47,49.14,300,
11:37:49,49.15,200,
11:37:54,49.14,400,
11:37:54,49.14,400,
11:37:54,49.12,325,
11:38:24,49.11,100,
11:38:44,49.11,100,
11:38:48,49.081,100,
11:38:51,49.08,200,
11:38:55,49.07,200,
11:38:55,49.09,100,
11:39:15,49.1169,800,
11:39:32,49.15,200,
11:39:33,49.1599,200,
11:39:35,49.15,100,
11:39:51,49.14,100,
11:39:51,49.14,100,
11:39:51,49.1399,300,
11:39:51,49.14,200,
11:39:51,49.1399,300,
11:39:51,49.14,300,
11:39:51,49.1399,300,
11:39:51,49.14,300,
11:39:52,49.1399,200,
11:40:04,49.18,100,
11:40:04,49.19,100,
11:40:04,49.19,500,
11:40:04,49.20,1000,
11:40:04,49.20,100,
11:40:04,49.20,100,
11:40:04,49.20,300,
11:40:04,49.20,100,
11:40:04,49.21,200,
11:40:04,49.22,300,
11:40:04,49.2199,100,
11:40:04,49.19,100,
11:40:04,49.2299,100,
11:40:05,49.20,141,
11:40:05,49.22,373,
11:40:05,49.22,400,
11:40:06,49.2195,900,
11:40:09,49.1902,400,
11:40:09,49.1901,100,
11:40:09,49.192,1600,
11:40:14,49.1904,2300,
11:40:20,49.23,500,
11:40:20,49.23,100,
11:40:24,49.229,611,
11:40:31,49.21,1700,
11:40:33,49.21,100,
11:40:33,49.19,200,
11:40:35,49.20,100,
11:40:38,49.2099,500,
11:40:45,49.20,100,
11:40:46,49.20,100,
11:40:47,49.2099,200,
11:40:54,49.211,500,
11:41:08,49.2001,200,
11:41:10,49.19,300,
11:41:10,49.2001,100,
11:41:13,49.20,400,
11:41:13,49.19,200,
11:41:14,49.19,400,
11:41:16,49.14,100,
11:41:16,49.14,400,
11:41:16,49.14,100,
11:41:35,49.18,100,
11:41:35,49.17,100,
11:41:37,49.1854,500,
11:41:38,49.18,100,
11:41:38,49.18,300,
11:41:38,49.18,100,
11:41:38,49.1799,100,
11:41:39,49.1701,200,
11:41:54,49.16,100,
11:41:54,49.16,100,
11:41:55,49.1699,200,
11:42:00,49.17,100,
11:42:00,49.159,100,
11:42:04,49.19,100,
11:42:08,49.192,200,
11:42:11,49.23,1400,
11:42:11,49.23,300,
11:42:22,49.24,100,
11:42:22,49.231,1200,
11:42:22,49.2248,100,
11:42:22,49.221,300,
11:42:24,49.22,1200,
11:42:25,49.22,500,
11:42:26,49.222,300,
11:42:26,49.20,400,
11:42:26,49.20,400,
11:42:26,49.20,400,
11:42:26,49.20,1200,
11:42:29,49.1843,100,
11:42:29,49.1841,100,
11:42:29,49.181,400,
11:42:53,49.21,100,
11:42:57,49.16,100,
11:42:57,49.16,500,
11:43:07,49.19,100,
11:43:07,49.1901,900,
11:43:07,49.19,900,
11:43:07,49.1901,800,
11:43:07,49.1901,600,
11:43:36,49.18,150,
11:43:55,49.18,100,
11:44:06,49.1801,400,
11:44:16,49.19,500,
11:44:18,49.19,250,
11:44:32,49.1699,1000,
11:44:47,49.1519,200,
11:44:52,49.13,100,
11:44:52,49.1321,2200,
11:44:55,49.1203,700,
11:44:55,49.1201,300,
11:44:56,49.12,100,
11:45:08,49.20,100,
11:45:39,49.19,100,
11:45:46,49.22,300,
11:45:46,49.22,200,
11:45:54,49.23,100,
11:45:54,49.22,500,
11:45:59,49.23,448,
11:46:02,49.2307,100,
11:46:02,49.2354,100,
11:46:14,49.23,100,
11:46:14,49.23,100,
11:46:19,49.211,150,
11:46:23,49.24,500,
11:46:25,49.24,100,
11:46:26,49.24,100,
11:46:28,49.25,2000,
11:46:28,49.25,1648,
11:46:28,49.25,300,
11:46:29,49.24,100,
11:46:29,49.24,100,
11:46:29,49.24,1300,
11:46:29,49.2401,1000,
11:46:33,49.26,200,
11:46:33,49.28,500,
11:46:33,49.28,5650,
11:46:35,49.25,600,
11:46:39,49.26,100,
11:46:39,49.27,514,
11:46:39,49.29,200,
11:46:39,49.27,100,
11:46:39,49.27,100,
11:46:39,49.2775,200,
11:46:41,49.2713,100,
11:46:41,49.2703,100,
11:46:41,49.2708,100,
11:46:46,49.271,100,
11:46:46,49.2714,100,
11:46:46,49.271,300,
11:46:47,49.271,1200,
11:46:49,49.279,100,
11:46:51,49.2789,500,
11:46:55,49.27,1404,
11:46:55,49.27,300,
11:46:55,49.27,240,
11:46:56,49.24,200,
11:46:57,49.24,100,
11:46:57,49.24,340,
11:46:57,49.23,100,
11:46:57,49.21,100,
11:46:57,49.21,1792,
11:46:59,49.2299,100,
11:47:03,49.24,100,
11:47:04,49.24,100,
11:47:08,49.25,600,
11:47:09,49.2539,200,
11:47:20,49.2457,333,
11:47:34,49.28,300,
11:47:34,49.28,300,
11:47:34,49.28,800,
11:47:43,49.2786,500,
11:47:49,49.2777,1000,
11:48:00,49.28,100,
11:48:01,49.2799,400,
11:48:05,49.28,100,
11:48:06,49.28,2200,
11:48:08,49.29,700,
11:48:08,49.28,200,
11:48:09,49.28,200,
11:48:10,49.28,400,
11:48:14,49.298,100,
11:48:16,49.2954,452,
11:48:21,49.30,200,
11:48:21,49.30,400,
11:48:21,49.30,300,
11:48:21,49.2999,2030,
11:48:25,49.28,300,
11:48:25,49.28,100,
11:48:25,49.28,600,
11:48:25,49.28,100,
11:48:25,49.28,200,
11:48:27,49.2809,400,
11:48:41,49.28,100,
11:48:48,49.2888,200,
11:48:52,49.29,100,
11:48:55,49.30,100,
11:49:06,49.309,400,
11:49:08,49.32,100,
11:49:08,49.32,100,
11:49:08,49.32,700,
11:49:08,49.32,800,
11:49:08,49.30,100,
11:49:11,49.32,345,
11:49:11,49.32,200,
11:49:12,49.33,400,
11:49:12,49.34,100,
11:49:12,49.34,100,
11:49:12,49.34,300,
11:49:12,49.33,100,
11:49:12,49.34,500,
11:49:12,49.34,200,
11:49:12,49.35,100,
11:49:12,49.35,300,
11:49:12,49.36,150,
11:49:12,49.37,250,
11:49:12,49.36,250,
11:49:12,49.37,300,
11:49:12,49.37,600,
11:49:12,49.40,100,
11:49:12,49.38,100,
11:49:12,49.38,300,
11:49:12,49.34,100,
11:49:12,49.38,100,
11:49:12,49.39,100,
11:49:12,49.40,300,
11:49:12,49.40,100,
11:49:12,49.40,400,
11:49:12,49.40,200,
11:49:12,49.40,900,
11:49:12,49.40,600,
11:49:12,49.38,300,
11:49:12,49.36,300,
11:49:12,49.37,200,
11:49:13,49.35,100,
11:49:13,49.38,100,
11:49:13,49.38,200,
11:49:13,49.38,300,
11:49:13,49.35,100,
11:49:13,49.3722,100,
11:49:13,49.39,135,
11:49:13,49.38,100,
11:49:13,49.38,2000,
11:49:13,49.40,300,
11:49:13,49.39,1200,
11:49:13,49.39,100,
11:49:13,49.39,300,
11:49:13,49.40,500,
11:49:13,49.39,100,
11:49:13,49.40,400,
11:49:13,49.39,100,
11:49:13,49.38,1000,
11:49:13,49.40,300,
11:49:13,49.3997,100,
11:49:14,49.41,300,
11:49:14,49.41,100,
11:49:14,49.42,250,
11:49:14,49.42,200,
11:49:14,49.42,100,
11:49:14,49.44,200,
11:49:14,49.43,100,
11:49:14,49.43,100,
11:49:14,49.44,300,
11:49:14,49.42,100,
11:49:14,49.43,100,
11:49:14,49.321,400,
11:49:14,49.4214,500,
11:49:16,49.43,700,
11:49:16,49.46,100,
11:49:16,49.47,100,
11:49:16,49.47,100,
11:49:16,49.47,100,
11:49:16,49.47,100,
11:49:16,49.49,100,
11:49:16,49.48,100,
11:49:16,49.50,255,
11:49:16,49.49,200,
11:49:16,49.50,400,
11:49:16,49.50,300,
11:49:16,49.50,250,
11:49:16,49.50,345,
11:49:16,49.50,500,
11:49:16,49.50,1200,
11:49:16,49.50,200,
11:49:16,49.50,300,
11:49:16,49.50,100,
11:49:16,49.50,500,
11:49:16,49.50,900,
11:49:16,49.50,500,
11:49:16,49.50,336,
11:49:16,49.50,549,
11:49:16,49.50,300,
11:49:16,49.50,174,
11:49:16,49.49,200,
11:49:17,49.50,300,
11:49:17,49.51,200,
11:49:17,49.51,500,
11:49:17,49.51,100,
11:49:17,49.52,200,
11:49:17,49.50,100,
11:49:17,49.50,306,
11:49:17,49.50,174,
11:49:18,49.50,194,
11:49:18,49.50,400,
11:49:18,49.50,680,
11:49:18,49.50,120,
11:49:18,49.54,227,
11:49:18,49.55,300,
11:49:18,49.55,375,
11:49:18,49.5499,700,
11:49:18,49.57,300,
11:49:18,49.58,300,
11:49:18,49.59,100,
11:49:18,49.59,100,
11:49:18,49.59,300,
11:49:18,49.60,100,
11:49:18,49.60,100,
11:49:18,49.58,100,
11:49:18,49.58,100,
11:49:18,49.59,100,
11:49:18,49.59,100,
11:49:18,49.59,150,
11:49:18,49.58,406,
11:49:18,49.59,100,
11:49:18,49.59,100,
11:49:18,49.5619,100,
11:49:18,49.5619,100,
11:49:18,49.561,1100,
11:49:19,49.58,100,
11:49:19,49.58,100,
11:49:19,49.5792,100,
11:49:19,49.59,100,
11:49:19,49.59,500,
11:49:19,49.59,1500,
11:49:19,49.58,300,
11:49:19,49.59,100,
11:49:19,49.59,400,
11:49:19,49.59,100,
11:49:20,49.5701,400,
11:49:21,49.562,1700,
11:49:21,49.55,200,
11:49:21,49.55,800,
11:49:21,49.54,300,
11:49:21,49.59,100,
11:49:23,49.54,100,
11:49:23,49.56,172,
11:49:23,49.5599,100,
11:49:23,49.5599,100,
11:49:23,49.5599,300,
11:49:23,49.5599,200,
11:49:23,49.5599,274,
11:49:23,49.5599,100,
11:49:23,49.5599,100,
11:49:23,49.5599,100,
11:49:23,49.57,505,
11:49:23,49.5599,100,
11:49:23,49.54,600,
11:49:23,49.54,300,
11:49:23,49.54,200,
11:49:24,49.567,1000,
11:49:24,49.552,700,
11:49:24,49.5109,100,
11:49:24,49.49,100,
11:49:24,49.48,100,
11:49:25,49.4938,200,
11:49:26,49.4769,500,
11:49:27,49.481,100,
11:49:28,49.4907,2000,
11:49:31,49.4999,1000,
11:49:32,49.49,100,
11:49:32,49.45,500,
11:49:33,49.45,100,
11:49:34,49.4512,490,
11:49:35,49.4602,100,
11:49:36,49.46,600,
11:49:37,49.47,100,
11:49:37,49.4701,500,
11:49:38,49.4501,300,
11:49:38,49.45,100,
11:49:38,49.45,200,
11:49:38,49.45,100,
11:49:41,49.47,200,
11:49:43,49.47,200,
11:49:43,49.4699,100,
11:49:43,49.4699,100,
11:49:43,49.4699,100,
11:49:44,49.46,100,
11:49:44,49.46,700,
11:49:44,49.467,125,
11:49:48,49.45,100,
11:49:50,49.4599,100,
11:49:50,49.47,200,
11:49:50,49.48,1300,
11:49:51,49.45,100,
11:49:55,49.451,600,
11:50:00,49.44,500,
11:50:00,49.45,100,
11:50:00,49.4199,2700,
11:50:02,49.4299,100,
11:50:03,49.42,300,
11:50:03,49.41,200,
11:50:05,49.42,700,
11:50:06,49.41,700,
11:50:13,49.4201,100,
11:50:14,49.4299,100,
11:50:15,49.44,1800,
11:50:16,49.43,100,
11:50:18,49.4396,100,
11:50:20,49.42,100,
11:50:22,49.412,500,
11:50:22,49.411,100,
11:50:24,49.4397,100,
11:50:27,49.40,445,
11:50:27,49.40,300,
11:50:27,49.4088,500,
11:50:29,49.39,100,
11:50:30,49.40,500,
11:50:32,49.43,100,
11:50:35,49.43,100,
11:50:36,49.4499,100,
11:50:39,49.43,100,
11:50:46,49.42,700,
11:50:49,49.44,200,
11:50:49,49.44,500,
11:50:49,49.45,200,
11:50:56,49.43,100,
11:50:57,49.429,202,
11:50:57,49.43,200,
11:50:57,49.43,100,
11:50:59,49.44,100,
11:50:59,49.44,100,
11:51:02,49.447,500,
11:51:06,49.4601,300,
11:51:12,49.479,707,
11:51:16,49.46,200,
11:51:23,49.4862,200,
11:51:23,49.47,400,
11:51:25,49.469,500,
11:51:32,49.47,700,
11:51:32,49.46,400,
11:51:32,49.46,100,
11:51:32,49.45,300,
11:51:32,49.45,300,
11:51:34,49.44,700,
11:51:36,49.431,300,
11:51:36,49.43,200,
11:51:44,49.41,200,
11:51:45,49.4012,100,
11:51:45,49.401,300,
11:51:45,49.401,400,
11:51:46,49.401,100,
11:51:46,49.41,400,
11:51:46,49.44,300,
11:51:46,49.46,300,
11:51:46,49.46,600,
11:51:46,49.46,200,
11:51:46,49.45,200,
11:51:46,49.45,700,
11:51:47,49.42,700,
11:51:47,49.401,400,
11:51:47,49.401,300,
11:51:48,49.401,100,
11:51:48,49.418,100,
11:51:48,49.401,500,
11:51:49,49.37,800,
11:51:49,49.37,200,
11:51:49,49.37,275,
11:51:49,49.37,100,
11:51:49,49.37,175,
11:51:49,49.36,100,
11:51:49,49.3799,1440,
11:51:51,49.35,171,
11:51:51,49.36,100,
11:51:53,49.41,100,
11:51:53,49.41,100,
11:51:53,49.41,100,
11:51:53,49.40,300,
11:51:53,49.43,100,
11:51:53,49.44,100,
11:51:53,49.42,200,
11:51:54,49.368,100,
11:52:00,49.41,800,
11:52:12,49.42,100,
11:52:12,49.45,200,
11:52:13,49.42,200,
11:52:15,49.40,700,
11:52:16,49.3714,2200,
11:52:22,49.3872,1000,
11:52:28,49.36,575,
11:52:33,49.3599,100,
11:52:34,49.34,700,
11:52:35,49.323,150,
11:52:41,49.367,200,
11:52:46,49.35,500,
11:52:49,49.35,300,
11:52:50,49.32,700,
11:52:50,49.32,300,
11:52:54,49.34,700,
11:52:56,49.3499,100,
11:53:00,49.3601,100,
11:53:00,49.361,325,
11:53:06,49.3697,100,
11:53:22,49.37,200,
11:53:28,49.36,100,
11:53:37,49.37,300,
11:53:42,49.388,160,
11:53:50,49.3998,200,
11:53:51,49.38,700,
11:53:59,49.36,600,
11:54:11,49.35,200,
11:54:18,49.3412,1000,
11:54:28,49.34,800,
11:54:29,49.3399,100,
11:54:30,49.32,400,
11:54:30,49.32,700,
11:54:30,49.32,100,
11:54:30,49.32,100,
11:54:30,49.32,100,
11:54:30,49.32,100,
11:54:30,49.31,100,
11:54:30,49.32,500,
11:54:32,49.35,100,
11:54:32,49.35,100,
11:54:32,49.35,300,
11:54:32,49.3501,100,
11:54:32,49.3501,100,
11:54:32,49.3501,100,
11:54:32,49.35,200,
11:54:57,49.4298,400,
11:54:57,49.4298,100,
11:54:57,49.38,700,
11:55:10,49.388,700,
11:55:37,49.37,100,
11:55:43,49.36,100,
11:55:48,49.3338,400,
11:55:50,49.34,300,
11:56:07,49.3529,100,
11:56:42,49.343,100,
11:56:59,49.30,700,
11:56:59,49.30,300,
11:56:59,49.30,500,
11:57:05,49.31,700,
11:57:07,49.3188,100,
11:57:18,49.28,100,
11:57:18,49.27,100,
11:57:18,49.27,400,
11:57:18,49.27,400,
11:57:18,49.26,100,
11:57:18,49.26,100,
11:57:18,49.26,100,
11:57:18,49.26,100,
11:57:18,49.26,100,
11:57:18,49.26,100,
11:57:18,49.26,100,
11:57:18,49.26,100,
11:57:18,49.26,100,
11:57:18,49.26,1178,
11:57:18,49.25,978,
11:57:18,49.26,500,
11:57:18,49.26,100,
11:57:18,49.25,100,
11:57:18,49.25,100,
11:57:18,49.25,100,
11:57:18,49.24,200,
11:57:18,49.25,200,
11:57:18,49.27,400,
11:57:18,49.24,100,
11:57:18,49.24,100,
11:57:18,49.25,100,
11:57:18,49.25,1800,
11:57:18,49.24,100,
11:57:18,49.25,200,
11:57:19,49.27,700,
11:57:25,49.27,100,
11:57:25,49.29,100,
11:57:25,49.31,100,
11:57:25,49.31,100,
11:57:25,49.3058,525,
11:57:27,49.318,200,
11:57:37,49.2938,300,
11:57:41,49.34,100,
11:57:41,49.32,300,
11:57:41,49.34,100,
11:57:41,49.33,100,
11:57:41,49.33,600,
11:57:49,49.30,500,
11:58:01,49.31,100,
11:58:10,49.3098,400,
11:58:10,49.31,100,
11:58:26,49.32,100,
11:59:16,49.29,400,
11:59:32,49.28,700,
11:59:39,49.26,400,
11:59:41,49.25,2000,
12:00:16,49.28,100,
12:00:25,49.30,200,
12:00:25,49.30,100,
12:00:27,49.309,1000,
12:00:30,49.3219,200,
12:00:34,49.3402,300,
12:00:37,49.35,100,
12:00:57,49.3245,100,
12:00:57,49.3215,100,
12:00:57,49.321,400,
12:01:02,49.34,100,
12:01:04,49.39,300,
12:01:06,49.3798,300,
12:01:07,49.33,145,
12:01:07,49.36,200,
12:01:09,49.348,1000,
12:01:17,49.37,100,
12:01:39,49.33,100,
12:01:47,49.358,400,
12:01:48,49.36,300,
12:01:49,49.3599,200,
12:01:49,49.36,500,
12:01:49,49.3599,200,
12:01:50,49.37,3200,
12:02:04,49.38,700,
12:02:11,49.38,200,
12:02:19,49.3805,200,
12:02:24,49.3999,800,
12:02:25,49.40,500,
12:02:26,49.39,700,
12:02:27,49.39,100,
12:02:35,49.39,200,
12:02:36,49.39,356,
12:02:49,49.378,200,
12:03:01,49.41,100,
12:03:16,49.419,1000,
12:03:24,49.4262,300,
12:03:30,49.45,200,
12:03:36,49.46,100,
12:03:45,49.468,500,
12:03:48,49.45,100,
12:03:48,49.45,100,
12:03:51,49.433,500,
12:03:57,49.4562,100,
12:03:59,49.43,200,
12:03:59,49.42,100,
12:04:03,49.398,1600,
12:04:03,49.36,100,
12:04:03,49.36,600,
12:04:07,49.36,100,
12:04:10,49.36,100,
12:04:10,49.37,1300,
12:04:11,49.36,700,
12:04:15,49.33,200,
12:04:17,49.26,100,
12:04:17,49.26,100,
12:04:17,49.26,100,
12:04:17,49.26,100,
12:04:17,49.24,200,
12:04:18,49.2326,100,
12:04:18,49.2309,100,
12:04:18,49.2263,100,
12:04:19,49.20,300,
12:04:20,49.18,400,
12:04:20,49.1801,100,
12:04:21,49.1919,400,
12:04:22,49.20,200,
12:04:23,49.2546,1000,
12:04:27,49.28,400,
12:04:27,49.28,800,
12:04:28,49.288,500,
12:04:38,49.31,1800,
12:04:52,49.26,100,
12:04:54,49.24,700,
12:05:01,49.2788,1000,
12:05:09,49.28,400,
12:05:13,49.28,160,
12:05:18,49.24,700,
12:05:28,49.2428,700,
12:05:35,49.2238,246,
12:05:40,49.22,100,
12:05:50,49.211,100,
12:05:58,49.2539,100,
12:06:00,49.26,700,
12:06:09,49.28,300,
12:06:11,49.2799,185,
12:06:13,49.25,2600,
12:06:16,49.30,600,
12:06:22,49.28,100,
12:06:24,49.28,700,
12:06:28,49.2657,260,
12:06:55,49.2692,100,
12:06:55,49.2692,100,
12:06:55,49.2655,100,
12:06:56,49.262,500,
12:06:59,49.33,300,
12:06:59,49.33,700,
12:07:08,49.30,2000,
12:07:08,49.30,200,
12:07:22,49.34,300,
12:07:29,49.3514,1000,
12:07:32,49.3672,100,
12:07:40,49.342,1000,
12:07:50,49.33,300,
12:07:50,49.33,100,
12:07:50,49.33,800,
12:07:54,49.34,1200,
12:07:55,49.3414,2000,
12:07:59,49.32,7000,
12:08:08,49.31,1500,
12:08:30,49.29,200,
12:08:32,49.2814,2000,
12:08:34,49.31,100,
12:08:36,49.31,7000,
12:08:52,49.36,500,
12:08:54,49.3399,100,
12:08:54,49.35,1700,
12:09:01,49.35,200,
12:09:21,49.36,100,
12:09:27,49.385,1000,
12:09:29,49.36,100,
12:09:30,49.37,1600,
12:09:31,49.3402,300,
12:09:49,49.37,500,
12:09:50,49.37,100,
12:09:55,49.36,2000,
12:09:55,49.36,300,
12:09:58,49.35,100,
12:09:58,49.35,800,
12:10:00,49.38,300,
12:10:02,49.3827,100,
12:10:02,49.3827,100,
12:10:02,49.38,1000,
12:10:04,49.39,700,
12:10:04,49.38,100,
12:10:06,49.38,100,
12:10:09,49.3752,100,
12:10:09,49.3761,100,
12:10:09,49.37,100,
12:10:09,49.37,100,
12:10:09,49.37,1300,
12:10:14,49.39,100,
12:10:14,49.398,100,
12:10:14,49.398,100,
12:10:14,49.3907,100,
12:10:21,49.39,1600,
12:10:22,49.39,100,
12:10:23,49.392,2000,
12:10:23,49.39,100,
12:10:24,49.391,600,
12:10:27,49.37,900,
12:10:27,49.37,1900,
12:10:28,49.371,300,
12:10:30,49.38,1300,
12:10:30,49.3801,1300,
12:10:30,49.37,1700,
12:10:37,49.40,500,
12:10:40,49.42,700,
12:10:44,49.4101,1000,
12:10:47,49.428,100,
12:10:52,49.41,400,
12:10:53,49.43,200,
12:10:56,49.39,100,
12:11:01,49.37,100,
12:11:17,49.40,100,
12:11:36,49.39,100,
12:11:38,49.419,250,
12:11:39,49.4251,100,
12:11:47,49.429,1000,
12:11:52,49.43,100,
12:11:54,49.45,1000,
12:11:54,49.45,500,
12:11:56,49.44,100,
12:11:59,49.414,148,
12:12:02,49.41,250,
12:12:06,49.44,300,
12:12:06,49.44,100,
12:12:09,49.43,178,
12:12:09,49.41,700,
12:12:11,49.419,100,
12:12:15,49.438,150,
12:12:26,49.412,2000,
12:12:28,49.409,100,
12:12:38,49.43,100,
12:12:39,49.44,190,
12:12:50,49.43,5000,
12:12:56,49.38,300,
12:12:59,49.3899,2000,
12:13:16,49.4039,200,
12:13:43,49.43,100,
12:13:44,49.432,163,
12:14:02,49.45,100,
12:14:03,49.45,200,
12:14:06,49.45,800,
12:14:08,49.45,700,
12:14:12,49.449,200,
12:14:15,49.4328,1000,
12:14:18,49.44,200,
12:14:30,49.43,100,
12:14:32,49.44,200,
12:14:33,49.46,500,
12:14:33,49.46,100,
12:14:33,49.46,400,
12:14:33,49.46,345,
12:14:33,49.46,700,
12:14:33,49.46,300,
12:14:42,49.469,1000,
12:14:53,49.4689,1000,
12:14:54,49.49,250,
12:14:54,49.49,150,
12:14:54,49.49,466,
12:15:03,49.50,300,
12:15:03,49.50,100,
12:15:04,49.50,700,
12:15:06,49.50,100,
12:15:11,49.46,700,
12:15:31,49.50,300,
12:15:31,49.50,100,
12:15:32,49.51,400,
12:15:32,49.51,100,
12:15:32,49.51,100,
12:15:32,49.51,1100,
12:15:35,49.4912,100,
12:15:38,49.4801,800,
12:15:54,49.48,100,
12:16:06,49.49,300,
12:16:09,49.4801,150,
12:16:20,49.49,300,
12:16:20,49.47,1200,
12:16:22,49.4798,500,
12:16:24,49.48,200,
12:16:25,49.4501,100,
12:16:27,49.4514,2000,
12:16:49,49.4501,100,
12:16:52,49.4628,1000,
12:17:06,49.48,200,
12:17:11,49.50,200,
12:17:11,49.50,300,
12:17:11,49.5001,1000,
12:17:13,49.50,100,
12:17:13,49.50,100,
12:17:15,49.49,200,
12:17:34,49.51,400,
12:17:36,49.50,100,
12:17:45,49.5054,500,
12:17:45,49.49,7000,
12:17:50,49.4982,100,
12:17:55,49.509,100,
12:17:56,49.52,400,
12:18:00,49.54,100,
12:18:03,49.5301,400,
12:18:03,49.53,400,
12:18:05,49.55,500,
12:18:09,49.55,600,
12:18:09,49.55,100,
12:18:09,49.56,100,
12:18:09,49.56,200,
12:18:09,49.56,200,
12:18:09,49.57,100,
12:18:09,49.57,300,
12:18:09,49.57,100,
12:18:09,49.57,100,
12:18:10,49.58,200,
12:18:11,49.561,100,
12:18:13,49.58,200,
12:18:13,49.56,100,
12:18:13,49.56,210,
12:18:13,49.56,162,
12:18:15,49.56,100,
12:18:22,49.5402,700,
12:18:22,49.56,500,
12:18:23,49.58,100,
12:18:23,49.57,100,
12:18:30,49.56,100,
12:18:30,49.5602,100,
12:18:36,49.5728,1600,
12:18:37,49.57,100,
12:18:39,49.5768,100,
12:18:40,49.59,500,
12:18:44,49.57,200,
12:18:46,49.56,155,
12:18:48,49.5599,600,
12:18:49,49.5639,100,
12:18:53,49.57,10000,
12:18:58,49.58,400,
12:18:59,49.58,200,
12:19:00,49.57,400,
12:19:03,49.5762,200,
12:19:04,49.5734,100,
12:19:04,49.5736,100,
12:19:04,49.5781,100,
12:19:05,49.5798,400,
12:19:12,49.5799,600,
12:19:17,49.58,100,
12:19:24,49.58,600,
12:19:28,49.5654,500,
12:19:39,49.5699,200,
12:19:43,49.567,250,
12:19:45,49.58,200,
12:19:52,49.58,700,
12:19:58,49.579,200,
12:20:06,49.58,100,
12:20:09,49.5788,500,
12:20:11,49.5799,200,
12:20:16,49.55,100,
12:20:16,49.5328,500,
12:20:18,49.5424,100,
12:20:20,49.5434,2000,
12:20:22,49.53,100,
12:20:26,49.51,300,
12:20:28,49.52,1100,
12:20:31,49.5215,200,
12:20:46,49.5192,100,
12:20:57,49.511,500,
12:20:58,49.51,400,
12:21:14,49.51,100,
12:21:16,49.5102,400,
12:21:16,49.51,100,
12:21:29,49.49,500,
12:21:30,49.48,100,
12:21:30,49.48,400,
12:21:30,49.48,100,
12:21:30,49.48,300,
12:21:30,49.47,4500,
12:21:40,49.4899,100,
12:21:43,49.50,100,
12:22:07,49.50,100,
12:22:08,49.49,100,
12:22:09,49.50,300,
12:22:15,49.53,500,
12:22:16,49.54,200,
12:22:16,49.5399,100,
12:22:16,49.5399,1100,
12:22:16,49.5399,600,
12:22:18,49.5399,100,
12:22:20,49.5498,300,
12:22:20,49.53,100,
12:22:20,49.53,200,
12:22:23,49.53,5100,
12:22:24,49.4938,205,
12:22:38,49.5086,800,
12:22:39,49.51,100,
12:22:44,49.52,100,
12:22:45,49.52,900,
12:23:01,49.53,100,
12:23:11,49.53,100,
12:23:13,49.5498,300,
