09:30:00,57.24,130,
09:30:01,57.27,100,
09:30:02,57.24,270,
09:30:03,57.228,200,
09:30:03,57.26,100,
09:30:05,57.29,450,
09:30:05,57.33,800,
09:30:05,57.33,300,
09:30:10,57.30,160,
09:30:15,57.32,300,
09:30:16,57.34,100,
09:30:18,57.30,100,
09:30:19,57.29,100,
09:30:20,57.30,100,
09:30:21,57.20,100,
09:30:24,57.289,900,
09:30:25,57.3199,1000,
09:30:26,57.301,100,
09:30:27,57.3253,100,
09:30:27,57.305,568,
09:30:28,57.3185,424,
09:30:29,57.2172,100,
09:30:29,57.305,615,
09:30:29,57.34,100,
09:30:30,57.28,200,
09:30:30,57.30,100,
09:30:30,57.20,100,
09:30:31,57.1742,100,
09:30:31,57.1747,100,
09:30:31,57.1729,200,
09:30:31,57.15,300,
09:30:31,57.181,100,
09:30:32,57.184,300,
09:30:33,57.3699,139,
09:30:33,57.17,100,
09:30:34,57.194,500,
09:30:36,57.18,300,
09:30:36,57.22,300,
09:30:37,57.19,100,
09:30:38,57.3199,100,
09:30:41,57.16,100,
09:30:42,57.15,100,
09:30:42,57.15,500,
09:30:42,57.1609,100,
09:30:47,57.14,100,
09:30:48,57.1501,100,
09:30:48,57.1519,360,
09:30:52,57.1402,100,
09:30:55,57.1501,100,
09:31:02,57.16,100,
09:31:02,57.15,2800,
09:31:03,57.18,105,
09:31:05,57.1801,600,
09:31:07,57.21,100,
09:31:08,57.20,700,
09:31:08,57.2068,1000,
09:31:08,57.20,2250,
09:31:08,57.16,100,
09:31:10,57.1999,262,
09:31:12,57.21,100,
09:31:14,57.21,300,
09:31:16,57.25,100,
09:31:16,57.25,100,
09:31:18,57.26,100,
09:31:18,57.26,100,
09:31:18,57.26,100,
09:31:18,57.26,100,
09:31:18,57.26,100,
09:31:18,57.2501,100,
09:31:20,57.26,200,
09:31:23,57.2301,195,
09:31:24,57.26,100,
09:31:25,57.25,100,
09:31:26,57.23,100,
09:31:26,57.23,200,
09:31:26,57.2599,100,
09:31:26,57.2599,100,
09:31:28,57.238,2000,
09:31:28,57.24,100,
09:31:28,57.27,100,
09:31:29,57.25,200,
09:31:29,57.25,100,
09:31:32,57.25,100,
09:31:32,57.29,200,
09:31:36,57.2701,100,
09:31:36,57.28,300,
09:31:36,57.27,100,
09:31:36,57.28,100,
09:31:37,57.2968,400,
09:31:39,57.27,100,
09:31:41,57.236,1000,
09:31:44,57.27,100,
09:31:44,57.27,200,
09:31:47,57.30,100,
09:31:47,57.2999,100,
09:31:47,57.31,100,
09:31:47,57.29,100,
09:31:50,57.29,100,
09:31:50,57.29,100,
09:31:53,57.25,105,
09:31:53,57.28,100,
09:31:54,57.30,100,
09:31:55,57.306,2200,
09:31:55,57.33,100,
09:31:56,57.31,100,
09:31:56,57.3148,250,
09:32:00,57.3492,340,
09:32:01,57.3393,100,
09:32:02,57.33,100,
09:32:02,57.33,1000,
09:32:02,57.33,100,
09:32:02,57.346,350,
09:32:03,57.35,350,
09:32:03,57.36,300,
09:32:04,57.38,100,
09:32:04,57.3745,100,
09:32:05,57.3501,100,
09:32:05,57.374,100,
09:32:06,57.38,300,
09:32:07,57.36,200,
09:32:07,57.39,600,
09:32:07,57.39,1200,
09:32:07,57.39,300,
09:32:07,57.39,300,
09:32:07,57.39,100,
09:32:08,57.3801,100,
09:32:09,57.3707,1000,
09:32:10,57.3901,500,
09:32:11,57.40,400,
09:32:12,57.391,500,
09:32:13,57.4468,250,
09:32:13,57.4408,100,
09:32:13,57.45,100,
09:32:13,57.46,300,
09:32:14,57.45,1100,
09:32:14,57.49,200,
09:32:14,57.49,200,
09:32:14,57.47,100,
09:32:14,57.49,500,
09:32:14,57.47,500,
09:32:14,57.46,100,
09:32:15,57.548,600,
09:32:15,57.55,100,
09:32:16,57.57,100,
09:32:19,57.57,100,
09:32:19,57.55,400,
09:32:19,57.575,1900,
09:32:20,57.5799,1200,
09:32:20,57.58,400,
09:32:24,57.596,300,
09:32:25,57.59,500,
09:32:25,57.60,100,
09:32:26,57.5928,100,
09:32:26,57.59,100,
09:32:30,57.60,700,
09:32:30,57.62,750,
09:32:31,57.60,800,
09:32:31,57.60,100,
09:32:33,57.6144,100,
09:32:33,57.619,200,
09:32:35,57.5801,300,
09:32:35,57.62,500,
09:32:35,57.63,120,
09:32:35,57.63,100,
09:32:35,57.62,100,
09:32:36,57.62,100,
09:32:36,57.616,1500,
09:32:38,57.6314,500,
09:32:38,57.64,100,
09:32:38,57.64,100,
09:32:39,57.66,400,
09:32:39,57.65,100,
09:32:39,57.63,700,
09:32:40,57.65,100,
09:32:41,57.65,100,
09:32:41,57.63,200,
09:32:42,57.6453,630,
09:32:44,57.651,300,
09:32:45,57.65,200,
09:32:46,57.68,200,
09:32:48,57.6801,125,
09:32:49,57.70,100,
09:32:52,57.7259,525,
09:32:52,57.70,100,
09:32:52,57.70,100,
09:32:55,57.74,100,
09:32:55,57.73,200,
09:32:55,57.71,100,
09:32:57,57.7398,230,
09:32:58,57.722,100,
09:32:58,57.7276,353,
09:33:00,57.731,100,
09:33:02,57.77,140,
09:33:02,57.734,1900,
09:33:03,57.73,600,
09:33:04,57.77,100,
09:33:04,57.78,230,
09:33:07,57.7301,300,
09:33:07,57.71,600,
09:33:07,57.70,400,
09:33:08,57.7099,200,
09:33:08,57.73,100,
09:33:08,57.74,600,
09:33:09,57.692,100,
09:33:09,57.69,400,
09:33:09,57.696,100,
09:33:10,57.69,100,
09:33:12,57.68,400,
09:33:14,57.70,100,
09:33:14,57.70,200,
09:33:14,57.6914,175,
09:33:15,57.7299,200,
09:33:19,57.7214,250,
09:33:20,57.7308,150,
09:33:24,57.74,300,
09:33:25,57.751,200,
09:33:26,57.7527,1800,
09:33:26,57.80,100,
09:33:27,57.754,2400,
09:33:29,57.7601,100,
09:33:29,57.7849,1000,
09:33:30,57.7807,100,
09:33:30,57.80,300,
09:33:30,57.80,1600,
09:33:30,57.80,300,
09:33:31,57.80,100,
09:33:31,57.80,100,
09:33:31,57.80,100,
09:33:32,57.80,100,
09:33:32,57.80,100,
09:33:32,57.8099,100,
09:33:32,57.80,100,
09:33:33,57.79,575,
09:33:33,57.79,400,
09:33:33,57.7988,100,
09:33:35,57.80,100,
09:33:35,57.81,200,
09:33:35,57.81,300,
09:33:35,57.80,100,
09:33:36,57.8001,100,
09:33:36,57.8011,300,
09:33:37,57.7903,100,
09:33:37,57.7901,400,
09:33:37,57.7901,1300,
09:33:37,57.79,1300,
09:33:37,57.8084,125,
09:33:38,57.81,295,
09:33:38,57.8099,200,
09:33:40,57.82,100,
09:33:40,57.81,300,
09:33:40,57.81,400,
09:33:40,57.81,100,
09:33:41,57.82,400,
09:33:41,57.80,100,
09:33:42,57.81,100,
09:33:44,57.8103,200,
09:33:45,57.82,100,
09:33:46,57.82,100,
09:33:47,57.82,100,
09:33:49,57.82,560,
09:33:49,57.82,200,
09:33:50,57.8424,100,
09:33:50,57.8293,200,
09:33:51,57.834,200,
09:33:54,57.82,2500,
09:33:54,57.8301,700,
09:33:55,57.822,900,
09:34:04,57.8101,100,
09:34:04,57.8499,1300,
09:34:06,57.80,100,
09:34:06,57.79,100,
09:34:06,57.79,900,
09:34:07,57.79,300,
09:34:07,57.79,200,
09:34:07,57.79,160,
09:34:08,57.799,100,
09:34:08,57.7701,1000,
09:34:09,57.77,300,
09:34:09,57.77,100,
09:34:09,57.77,858,
09:34:09,57.77,158,
09:34:09,57.77,100,
09:34:09,57.771,550,
09:34:09,57.771,600,
09:34:09,57.81,200,
09:34:09,57.80,200,
09:34:09,57.80,100,
09:34:10,57.80,100,
09:34:10,57.7927,600,
09:34:10,57.79,100,
09:34:11,57.77,100,
09:34:12,57.77,400,
09:34:12,57.80,100,
09:34:16,57.79,100,
09:34:16,57.79,100,
09:34:16,57.80,100,
09:34:16,57.8032,100,
09:34:17,57.8029,200,
09:34:17,57.82,100,
09:34:20,57.8086,100,
09:34:23,57.81,100,
09:34:25,57.85,209,
09:34:28,57.8208,200,
09:34:29,57.82,200,
09:34:30,57.81,100,
09:34:34,57.8201,100,
09:34:36,57.8201,500,
09:34:40,57.80,900,
09:34:40,57.79,200,
09:34:40,57.79,200,
09:34:40,57.79,100,
09:34:40,57.80,100,
09:34:40,57.76,100,
09:34:40,57.7501,600,
09:34:40,57.755,100,
09:34:41,57.75,110,
09:34:41,57.75,200,
09:34:41,57.75,100,
09:34:42,57.7489,200,
09:34:42,57.7306,100,
09:34:42,57.73,1000,
09:34:42,57.74,200,
09:34:42,57.73,200,
09:34:44,57.74,200,
09:34:45,57.732,1000,
09:34:45,57.732,600,
09:34:45,57.732,1000,
09:34:45,57.738,864,
09:34:46,57.74,100,
09:34:48,57.7354,100,
09:34:48,57.74,100,
09:34:48,57.74,100,
09:34:48,57.74,300,
09:34:48,57.74,300,
09:34:49,57.74,100,
09:34:49,57.75,116,
09:34:51,57.7301,100,
09:34:54,57.74,400,
09:34:54,57.7293,400,
09:34:54,57.76,100,
09:34:54,57.78,100,
09:34:55,57.77,100,
09:34:55,57.77,100,
09:34:55,57.76,100,
09:34:55,57.76,300,
09:34:56,57.73,600,
09:34:56,57.7399,1400,
09:34:57,57.7399,200,
09:34:57,57.7399,100,
09:34:57,57.75,1500,
09:34:59,57.71,100,
09:35:00,57.74,200,
09:35:02,57.69,100,
09:35:02,57.68,100,
09:35:06,57.6902,600,
09:35:06,57.6901,600,
09:35:06,57.69,100,
09:35:06,57.69,700,
09:35:06,57.71,300,
09:35:08,57.70,200,
09:35:08,57.69,300,
09:35:09,57.6669,400,
09:35:09,57.64,100,
09:35:09,57.64,600,
09:35:10,57.6445,100,
09:35:10,57.6524,200,
09:35:11,57.66,400,
09:35:11,57.63,100,
09:35:13,57.64,100,
09:35:15,57.65,224,
09:35:15,57.65,800,
09:35:15,57.64,100,
09:35:15,57.64,100,
09:35:18,57.635,500,
09:35:18,57.634,400,
09:35:18,57.6232,200,
09:35:19,57.6232,250,
09:35:20,57.61,300,
09:35:20,57.60,1000,
09:35:20,57.591,600,
09:35:20,57.591,300,
09:35:20,57.591,300,
09:35:21,57.591,100,
09:35:21,57.6032,139,
09:35:22,57.6148,200,
09:35:23,57.61,100,
09:35:23,57.61,100,
09:35:26,57.61,100,
09:35:26,57.615,100,
09:35:26,57.6199,300,
09:35:26,57.62,300,
09:35:27,57.6308,100,
09:35:27,57.63,100,
09:35:28,57.61,100,
09:35:28,57.61,100,
09:35:29,57.625,100,
09:35:30,57.6201,100,
09:35:30,57.63,100,
09:35:30,57.63,100,
09:35:33,57.64,100,
09:35:33,57.64,100,
09:35:33,57.64,100,
09:35:34,57.62,300,
09:35:34,57.63,100,
09:35:34,57.64,100,
09:35:34,57.61,100,
09:35:34,57.6101,100,
09:35:34,57.63,100,
09:35:34,57.6162,225,
09:35:37,57.62,100,
09:35:41,57.62,100,
09:35:42,57.62,200,
09:35:43,57.626,1200,
09:35:46,57.63,100,
09:35:46,57.63,100,
09:35:47,57.6232,100,
09:35:47,57.6232,100,
09:35:47,57.62,100,
09:35:48,57.63,600,
09:35:51,57.65,100,
09:35:51,57.65,100,
09:35:56,57.64,100,
09:35:58,57.64,100,
09:36:04,57.6514,100,
09:36:06,57.65,500,
09:36:06,57.66,200,
09:36:06,57.65,200,
09:36:07,57.60,200,
09:36:07,57.59,300,
09:36:07,57.59,100,
09:36:07,57.5901,100,
09:36:12,57.6198,100,
09:36:13,57.58,100,
09:36:23,57.60,400,
09:36:23,57.60,500,
09:36:23,57.60,200,
09:36:25,57.58,200,
09:36:27,57.582,100,
09:36:27,57.58,100,
09:36:27,57.60,100,
09:36:27,57.60,100,
09:36:27,57.60,629,
09:36:27,57.60,2000,
09:36:33,57.5906,100,
09:36:33,57.59,100,
09:36:33,57.5901,100,
09:36:33,57.5901,100,
09:36:34,57.594,150,
09:36:37,57.64,185,
09:36:39,57.596,250,
09:36:44,57.66,100,
09:36:44,57.63,100,
09:36:49,57.6286,700,
09:36:54,57.582,250,
09:36:56,57.5724,200,
09:36:58,57.56,100,
09:36:59,57.5601,100,
09:36:59,57.5601,100,
09:36:59,57.55,1400,
09:37:00,57.552,100,
09:37:00,57.552,100,
09:37:00,57.55,100,
09:37:02,57.588,1000,
09:37:05,57.5688,1900,
09:37:11,57.59,100,
09:37:12,57.60,100,
09:37:14,57.58,100,
09:37:14,57.58,100,
09:37:16,57.55,400,
09:37:20,57.5888,1000,
09:37:25,57.60,100,
09:37:26,57.61,100,
09:37:27,57.5888,1000,
09:37:27,57.63,300,
09:37:28,57.5948,227,
09:37:33,57.6199,200,
09:37:34,57.6032,100,
09:37:37,57.63,200,
09:37:37,57.60,200,
09:37:38,57.62,800,
09:37:40,57.61,410,
09:37:46,57.60,342,
09:37:46,57.57,100,
09:37:47,57.58,200,
09:37:50,57.5976,300,
09:37:51,57.609,2800,
09:38:04,57.66,100,
09:38:04,57.66,100,
09:38:04,57.66,100,
09:38:05,57.6502,100,
09:38:06,57.651,1200,
09:38:07,57.65,100,
09:38:07,57.65,100,
09:38:11,57.65,381,
09:38:11,57.6499,200,
09:38:12,57.64,100,
09:38:13,57.68,100,
09:38:17,57.67,100,
09:38:18,57.64,400,
09:38:19,57.6101,200,
09:38:21,57.64,400,
09:38:37,57.6601,100,
09:38:41,57.69,300,
09:38:41,57.71,200,
09:38:41,57.71,300,
09:38:42,57.682,290,
09:38:42,57.7099,1000,
09:38:43,57.686,1000,
09:38:44,57.6801,100,
09:38:44,57.68,100,
09:38:44,57.6801,100,
09:38:44,57.68,100,
09:38:44,57.6801,200,
09:38:44,57.6801,100,
09:38:44,57.68,100,
09:38:52,57.70,100,
09:38:52,57.70,300,
09:38:52,57.72,100,
09:38:52,57.72,100,
09:38:52,57.72,100,
09:38:52,57.73,100,
09:38:52,57.73,100,
09:38:52,57.72,100,
09:38:52,57.72,100,
09:38:52,57.73,100,
09:38:52,57.72,100,
09:38:52,57.73,100,
09:38:52,57.719,200,
09:38:52,57.72,100,
09:38:52,57.71,200,
09:38:53,57.70,600,
09:38:53,57.70,100,
09:38:53,57.71,100,
09:38:53,57.71,200,
09:38:53,57.70,100,
09:38:53,57.71,100,
09:38:53,57.70,200,
09:38:53,57.70,400,
09:38:53,57.70,100,
09:38:53,57.70,100,
09:38:56,57.70,100,
09:38:57,57.70,230,
09:38:58,57.7199,100,
09:38:59,57.702,100,
09:39:00,57.70,100,
09:39:00,57.70,500,
09:39:00,57.70,200,
09:39:01,57.70,100,
09:39:01,57.70,200,
09:39:02,57.6916,200,
09:39:03,57.71,100,
09:39:03,57.70,1000,
09:39:03,57.71,100,
09:39:04,57.70,200,
09:39:04,57.70,600,
09:39:04,57.696,1100,
09:39:14,57.6259,1000,
09:39:17,57.62,500,
09:39:17,57.64,600,
09:39:17,57.61,100,
09:39:23,57.59,100,
09:39:23,57.59,100,
09:39:23,57.57,100,
09:39:23,57.575,100,
09:39:24,57.57,100,
09:39:26,57.58,200,
09:39:26,57.59,200,
09:39:26,57.59,100,
09:39:26,57.58,100,
09:39:27,57.57,200,
09:39:29,57.58,100,
09:39:29,57.58,429,
09:39:29,57.58,100,
09:39:32,57.55,100,
09:39:32,57.56,100,
09:39:32,57.56,100,
09:39:32,57.56,100,
09:39:34,57.56,100,
09:39:36,57.55,100,
09:39:36,57.55,100,
09:39:36,57.55,160,
09:39:36,57.55,100,
09:39:36,57.55,100,
09:39:40,57.54,100,
09:39:41,57.55,100,
09:39:41,57.5501,200,
09:39:41,57.5501,100,
09:39:41,57.55,200,
09:39:41,57.5501,100,
09:39:41,57.5501,100,
09:39:42,57.55,200,
09:39:42,57.5562,200,
09:39:46,57.58,300,
09:39:49,57.59,200,
09:39:49,57.59,400,
09:39:49,57.59,100,
09:39:49,57.59,100,
09:39:50,57.59,300,
09:39:51,57.58,100,
09:39:51,57.57,1000,
09:39:57,57.57,100,
09:40:00,57.56,100,
09:40:02,57.5799,1750,
09:40:05,57.57,100,
09:40:05,57.56,500,
09:40:05,57.56,100,
09:40:05,57.56,600,
09:40:05,57.57,100,
09:40:05,57.57,100,
09:40:05,57.57,100,
09:40:05,57.56,100,
09:40:05,57.55,1000,
09:40:06,57.55,100,
09:40:06,57.55,100,
09:40:07,57.55,100,
09:40:08,57.54,400,
09:40:08,57.55,1900,
09:40:08,57.55,300,
09:40:15,57.56,200,
09:40:15,57.56,100,
09:40:15,57.555,100,
09:40:15,57.55,100,
09:40:15,57.55,300,
09:40:16,57.55,100,
09:40:16,57.55,100,
09:40:17,57.55,100,
09:40:20,57.5462,100,
09:40:22,57.55,300,
09:40:22,57.54,1000,
09:40:22,57.54,100,
09:40:22,57.54,200,
09:40:22,57.54,200,
09:40:22,57.54,100,
09:40:22,57.54,100,
09:40:22,57.54,200,
09:40:22,57.53,100,
09:40:23,57.533,100,
09:40:23,57.53,1000,
09:40:25,57.55,100,
09:40:25,57.55,2200,
09:40:25,57.55,100,
09:40:25,57.55,100,
09:40:25,57.55,100,
09:40:25,57.55,100,
09:40:25,57.55,100,
09:40:27,57.56,100,
09:40:27,57.55,500,
09:40:27,57.55,100,
09:40:28,57.57,100,
09:40:29,57.55,1000,
09:40:29,57.55,100,
09:40:29,57.57,100,
09:40:33,57.53,1000,
09:40:34,57.52,100,
09:40:34,57.52,200,
09:40:34,57.52,100,
09:40:34,57.52,100,
09:40:34,57.51,300,
09:40:34,57.51,100,
09:40:35,57.48,100,
09:40:35,57.49,100,
09:40:35,57.485,100,
09:40:35,57.4784,100,
09:40:35,57.471,200,
09:40:35,57.47,100,
09:40:35,57.47,100,
09:40:35,57.47,100,
09:40:35,57.4686,100,
09:40:36,57.47,100,
09:40:36,57.4704,100,
09:40:36,57.472,100,
09:40:36,57.47,100,
09:40:36,57.47,300,
09:40:36,57.50,300,
09:40:36,57.48,100,
09:40:36,57.48,100,
09:40:36,57.51,100,
09:40:36,57.51,100,
09:40:36,57.50,100,
09:40:36,57.48,100,
09:40:36,57.48,200,
09:40:36,57.53,100,
09:40:37,57.49,100,
09:40:37,57.49,600,
09:40:37,57.49,200,
09:40:37,57.474,300,
09:40:38,57.48,300,
09:40:38,57.50,100,
09:40:42,57.506,1000,
09:40:44,57.50,100,
09:40:45,57.5101,100,
09:40:45,57.51,100,
09:40:45,57.51,100,
09:40:45,57.51,300,
09:40:45,57.51,300,
09:40:45,57.51,100,
09:40:45,57.50,1000,
09:40:45,57.50,600,
09:40:45,57.50,600,
09:40:45,57.50,200,
09:40:45,57.50,100,
09:40:45,57.50,743,
09:40:45,57.50,600,
09:40:47,57.505,200,
09:40:47,57.51,500,
09:40:47,57.51,100,
09:40:47,57.51,100,
09:40:47,57.50,500,
09:40:48,57.50,300,
09:40:48,57.50,200,
09:40:48,57.50,270,
09:40:53,57.54,200,
09:40:53,57.54,200,
09:40:53,57.54,100,
09:40:53,57.54,100,
09:40:53,57.57,100,
09:40:53,57.60,300,
09:40:53,57.60,100,
09:40:53,57.61,100,
09:40:53,57.54,100,
09:40:53,57.62,100,
09:40:53,57.61,100,
09:40:54,57.55,100,
09:40:54,57.62,300,
09:40:54,57.62,400,
09:40:57,57.60,100,
09:40:57,57.60,100,
09:40:57,57.60,100,
09:40:57,57.594,200,
09:41:00,57.61,100,
09:41:07,57.6216,175,
09:41:08,57.65,100,
09:41:08,57.67,100,
09:41:09,57.66,100,
09:41:09,57.66,100,
09:41:09,57.69,900,
09:41:09,57.69,100,
09:41:10,57.69,300,
09:41:10,57.68,400,
09:41:10,57.70,100,
09:41:11,57.69,100,
09:41:11,57.6801,100,
09:41:13,57.6999,200,
09:41:13,57.72,100,
09:41:13,57.72,100,
09:41:13,57.71,400,
09:41:13,57.70,200,
09:41:13,57.72,100,
09:41:13,57.72,100,
09:41:13,57.72,100,
09:41:13,57.72,100,
09:41:13,57.716,200,
09:41:19,57.6832,100,
09:41:20,57.6814,700,
09:41:21,57.6692,200,
09:41:22,57.67,100,
09:41:22,57.68,100,
09:41:22,57.6899,100,
09:41:22,57.67,100,
09:41:28,57.70,100,
09:41:28,57.70,100,
09:41:29,57.72,300,
09:41:38,57.7481,480,
09:41:39,57.7238,200,
09:41:42,57.7132,250,
09:41:46,57.714,300,
09:41:46,57.71,100,
09:41:47,57.71,100,
09:41:48,57.75,100,
09:41:48,57.75,100,
09:41:48,57.75,400,
09:41:48,57.75,500,
09:41:48,57.75,500,
09:41:48,57.75,601,
09:41:48,57.78,100,
09:41:48,57.7762,100,
09:41:50,57.769,100,
09:41:52,57.77,800,
09:41:54,57.75,100,
09:41:54,57.75,100,
09:41:54,57.75,100,
09:41:54,57.75,100,
09:41:54,57.78,2812,
09:41:54,57.7741,175,
09:41:58,57.76,100,
09:42:00,57.771,100,
09:42:00,57.78,3833,
09:42:00,57.77,100,
09:42:00,57.77,100,
09:42:01,57.772,500,
09:42:03,57.80,100,
09:42:03,57.80,150,
09:42:03,57.80,100,
09:42:04,57.7914,100,
09:42:06,57.75,250,
09:42:07,57.76,1000,
09:42:12,57.74,200,
09:42:14,57.7431,100,
09:42:19,57.74,100,
09:42:20,57.764,225,
09:42:20,57.7528,600,
09:42:26,57.7727,500,
09:42:32,57.75,100,
09:42:32,57.75,100,
09:42:32,57.74,100,
09:42:32,57.74,100,
09:42:32,57.74,100,
09:42:32,57.75,100,
09:42:32,57.75,200,
09:42:32,57.75,200,
09:42:34,57.75,200,
09:42:37,57.75,500,
09:42:40,57.78,100,
09:42:40,57.76,100,
09:42:42,57.77,100,
09:42:43,57.78,200,
09:42:46,57.7712,1000,
09:42:54,57.81,200,
09:42:56,57.82,100,
09:42:56,57.82,100,
09:42:56,57.82,100,
09:42:56,57.82,300,
09:42:56,57.82,100,
09:42:56,57.82,100,
09:42:56,57.82,100,
09:42:57,57.82,100,
09:42:57,57.82,100,
09:42:57,57.8201,100,
09:42:57,57.85,100,
09:42:57,57.84,100,
09:42:57,57.84,300,
09:42:57,57.84,100,
09:42:57,57.85,100,
09:42:57,57.84,602,
09:42:57,57.84,100,
09:42:57,57.85,500,
09:42:57,57.85,300,
09:42:57,57.85,900,
09:42:57,57.85,950,
09:42:57,57.85,100,
09:42:57,57.85,200,
09:42:57,57.85,400,
09:42:58,57.82,100,
09:42:58,57.8519,100,
09:42:58,57.8599,100,
09:42:58,57.86,400,
09:42:58,57.87,600,
09:42:59,57.86,400,
09:43:00,57.85,600,
09:43:00,57.85,100,
09:43:00,57.86,512,
09:43:00,57.84,100,
09:43:00,57.84,100,
09:43:00,57.84,100,
09:43:04,57.86,300,
09:43:05,57.836,100,
09:43:05,57.87,100,
09:43:05,57.87,100,
09:43:05,57.87,100,
09:43:05,57.8616,100,
09:43:06,57.87,300,
09:43:06,57.87,200,
09:43:07,57.86,1200,
09:43:07,57.861,100,
09:43:08,57.86,500,
09:43:08,57.86,300,
09:43:09,57.87,100,
09:43:11,57.87,100,
09:43:11,57.87,200,
09:43:11,57.87,200,
09:43:11,57.87,200,
09:43:11,57.87,100,
09:43:12,57.8576,1000,
09:43:14,57.85,100,
09:43:14,57.85,500,
09:43:14,57.85,100,
09:43:20,57.859,500,
09:43:22,57.8501,200,
09:43:24,57.85,100,
09:43:28,57.831,150,
09:43:32,57.864,400,
09:43:34,57.864,2000,
09:43:36,57.83,307,
09:43:37,57.81,200,
09:43:38,57.84,100,
09:43:38,57.8306,100,
09:43:38,57.839,232,
09:43:45,57.822,200,
09:43:47,57.8752,100,
09:43:48,57.87,100,
09:43:48,57.87,800,
09:43:49,57.87,100,
09:43:49,57.87,100,
09:43:50,57.8514,100,
09:43:51,57.90,200,
09:43:51,57.90,300,
09:43:51,57.90,100,
09:43:51,57.90,100,
09:43:51,57.90,100,
09:43:52,57.8862,100,
09:43:53,57.8986,100,
09:43:55,57.9016,100,
09:43:57,57.91,100,
09:44:02,57.90,100,
09:44:06,57.89,400,
09:44:12,57.9109,100,
09:44:14,57.93,100,
09:44:14,57.9116,100,
09:44:16,57.914,200,
09:44:19,57.91,600,
09:44:19,57.90,100,
09:44:19,57.926,100,
09:44:22,57.93,100,
09:44:23,57.94,100,
09:44:23,57.94,100,
09:44:24,57.93,400,
09:44:24,57.93,400,
09:44:24,57.93,100,
09:44:24,57.93,100,
09:44:24,57.95,300,
09:44:25,57.93,165,
09:44:27,57.958,100,
09:44:33,57.9492,250,
09:44:35,57.93,475,
09:44:37,57.95,200,
09:44:39,57.9584,450,
09:44:39,57.97,100,
09:44:39,57.97,200,
09:44:39,57.97,100,
09:44:39,57.97,100,
09:44:40,57.97,100,
09:44:40,57.97,100,
09:44:40,57.97,100,
09:44:40,57.9571,1106,
09:44:40,57.96,100,
09:44:40,57.96,200,
09:44:40,57.98,100,
09:44:41,57.96,100,
09:44:42,57.9687,794,
09:44:45,57.9593,1100,
09:44:53,57.94,200,
09:44:57,57.95,100,
09:44:57,57.95,100,
09:44:57,57.95,200,
09:44:57,57.95,200,
09:44:57,57.95,100,
09:44:57,57.95,100,
09:44:57,57.95,100,
09:44:58,57.95,100,
09:44:58,57.96,100,
09:44:58,57.96,421,
09:44:58,57.99,180,
09:44:58,57.98,100,
09:44:58,57.97,100,
09:44:58,57.97,100,
09:44:58,57.97,100,
09:44:59,57.97,100,
09:44:59,57.96,300,
09:44:59,57.96,100,
09:44:59,57.96,104,
09:45:00,57.96,150,
09:45:00,57.9797,100,
09:45:00,58,820,
09:45:00,58,200,
09:45:00,58,100,
09:45:01,58,500,
09:45:02,58.02,100,
09:45:02,58.01,300,
09:45:02,58.01,100,
09:45:03,58.02,100,
09:45:03,58.04,100,
09:45:03,58.05,100,
09:45:03,58.04,100,
09:45:03,58.04,200,
09:45:05,58.09,100,
09:45:05,58.10,100,
09:45:05,58.0929,1000,
09:45:07,58.072,500,
09:45:08,58.13,300,
09:45:08,58.13,100,
09:45:08,58.13,100,
09:45:08,58.13,200,
09:45:09,58.15,100,
09:45:09,58.15,200,
09:45:11,58.14,100,
09:45:11,58.13,300,
09:45:11,58.13,300,
09:45:11,58.13,200,
09:45:11,58.12,100,
09:45:11,58.12,100,
09:45:12,58.1494,500,
09:45:13,58.11,100,
09:45:13,58.11,200,
09:45:16,58.131,100,
09:45:17,58.131,100,
09:45:17,58.13,300,
09:45:17,58.13,500,
09:45:17,58.13,500,
09:45:19,58.149,200,
09:45:19,58.149,100,
09:45:19,58.13,595,
09:45:19,58.1485,200,
09:45:19,58.13,100,
09:45:20,58.141,300,
09:45:20,58.1441,1500,
09:45:21,58.1501,400,
09:45:21,58.17,100,
09:45:22,58.1671,650,
09:45:22,58.1738,100,
09:45:22,58.16,100,
09:45:23,58.17,300,
09:45:27,58.13,100,
09:45:27,58.1348,100,
09:45:27,58.13,300,
09:45:28,58.1401,180,
09:45:29,58.13,1906,
09:45:30,58.1401,1000,
09:45:32,58.152,100,
09:45:34,58.20,100,
09:45:34,58.20,100,
09:45:34,58.20,100,
09:45:35,58.20,100,
09:45:35,58.19,200,
09:45:39,58.17,300,
09:45:39,58.17,400,
09:45:40,58.142,400,
09:45:40,58.14,100,
09:45:41,58.1428,1000,
09:45:42,58.15,100,
09:45:43,58.15,100,
09:45:44,58.1501,1000,
09:45:47,58.17,100,
09:45:48,58.18,300,
09:45:49,58.16,600,
09:45:49,58.15,200,
09:45:52,58.1812,500,
09:45:53,58.19,100,
09:45:53,58.18,100,
09:45:56,58.1601,1300,
09:45:56,58.18,200,
09:45:59,58.16,100,
09:46:00,58.1755,400,
09:46:03,58.16,200,
09:46:03,58.167,100,
09:46:04,58.18,300,
09:46:07,58.1674,100,
09:46:08,58.17,100,
09:46:08,58.1788,1000,
09:46:10,58.17,1000,
09:46:10,58.17,600,
09:46:10,58.18,600,
09:46:10,58.18,100,
09:46:11,58.1757,200,
09:46:11,58.162,883,
09:46:12,58.1693,200,
09:46:14,58.16,500,
09:46:14,58.18,100,
09:46:14,58.18,100,
09:46:14,58.1785,100,
09:46:15,58.18,300,
09:46:17,58.20,100,
09:46:18,58.23,100,
09:46:18,58.22,100,
09:46:18,58.22,100,
09:46:18,58.22,200,
09:46:18,58.22,500,
09:46:18,58.22,100,
09:46:18,58.22,100,
09:46:18,58.21,100,
09:46:18,58.22,100,
09:46:19,58.21,200,
09:46:21,58.21,100,
09:46:22,58.2285,100,
09:46:22,58.23,100,
09:46:23,58.24,154,
09:46:23,58.24,110,
09:46:23,58.23,200,
09:46:23,58.23,100,
09:46:23,58.24,100,
09:46:23,58.24,100,
09:46:23,58.24,100,
09:46:23,58.22,100,
09:46:26,58.23,1000,
09:46:26,58.25,100,
09:46:27,58.23,100,
09:46:27,58.23,100,
09:46:28,58.2424,100,
09:46:28,58.25,100,
09:46:29,58.25,400,
09:46:29,58.25,200,
09:46:34,58.22,500,
09:46:34,58.22,100,
09:46:34,58.22,400,
09:46:34,58.22,100,
09:46:34,58.22,100,
09:46:36,58.2201,250,
09:46:38,58.25,100,
09:46:38,58.25,200,
09:46:38,58.24,100,
09:46:39,58.23,200,
09:46:44,58.2108,200,
09:46:46,58.2062,100,
09:46:47,58.20,200,
09:46:47,58.15,200,
09:46:47,58.16,100,
09:46:48,58.1508,150,
09:46:49,58.146,270,
09:46:50,58.1408,200,
09:46:50,58.169,500,
09:46:51,58.13,100,
09:46:52,58.146,600,
09:46:52,58.15,300,
09:46:53,58.16,100,
09:46:53,58.1467,900,
09:46:59,58.1201,100,
09:46:59,58.1201,100,
09:46:59,58.1201,100,
09:46:59,58.12,100,
09:46:59,58.12,100,
09:47:00,58.12,200,
09:47:01,58.1201,1000,
09:47:02,58.11,100,
09:47:02,58.11,100,
09:47:02,58.11,100,
09:47:02,58.1101,100,
09:47:02,58.1101,100,
09:47:02,58.1302,100,
09:47:02,58.1302,500,
09:47:02,58.12,1000,
09:47:04,58.1101,400,
09:47:04,58.1101,800,
09:47:04,58.1101,800,
09:47:05,58.10,100,
09:47:05,58.09,100,
09:47:05,58.10,600,
09:47:07,58.114,1000,
09:47:09,58.13,100,
09:47:09,58.1286,100,
09:47:09,58.1286,200,
09:47:09,57.72,100,
09:47:09,57.76,300,
09:47:09,57.63,100,
09:47:10,57.65,900,
09:47:10,57.65,200,
09:47:11,57.57,100,
09:47:11,57.67,100,
09:47:12,57.70,100,
09:47:12,57.55,100,
09:47:12,57.53,100,
09:47:12,57.49,500,
09:47:12,57.51,100,
09:47:13,57.64,500,
09:47:13,57.70,200,
09:47:13,57.68,100,
09:47:13,58.11,600,
09:47:13,58.11,300,
09:47:13,58.11,100,
09:47:13,57.74,100,
09:47:14,57.84,100,
09:47:14,57.84,100,
09:47:14,57.97,100,
09:47:15,58.1299,500,
09:47:15,58.13,100,
09:47:15,58.17,100,
09:47:15,58.21,100,
09:47:15,58.21,100,
09:47:16,58.11,100,
09:47:17,58.14,100,
09:47:17,58.155,100,
09:47:22,58.13,100,
09:47:22,58.1232,200,
09:47:22,58.12,100,
09:47:22,58.1232,100,
09:47:23,58.132,300,
09:47:23,58.17,100,
09:47:23,58.19,100,
09:47:23,58.20,300,
09:47:23,58.19,100,
09:47:23,58.20,100,
09:47:24,58.17,100,
09:47:24,58.16,100,
09:47:24,58.16,100,
09:47:25,58.162,100,
09:47:25,58.16,100,
09:47:25,58.20,100,
09:47:30,58.14,125,
09:47:32,58.1405,100,
09:47:32,58.1404,100,
09:47:32,58.14,100,
09:47:32,58.14,300,
09:47:32,58.142,100,
09:47:32,58.142,100,
09:47:35,58.1612,100,
09:47:35,58.161,400,
09:47:36,58.17,100,
09:47:37,58.17,200,
09:47:38,58.17,100,
09:47:40,58.13,500,
09:47:40,58.1138,427,
09:47:41,58.101,100,
09:47:42,58.118,250,
09:47:45,58.14,500,
09:47:45,58.13,100,
09:47:45,58.12,267,
09:47:45,58.1201,100,
09:47:45,58.12,100,
09:47:46,58.13,200,
09:47:47,58.124,150,
09:47:49,58.14,100,
09:47:52,58.17,100,
09:47:52,58.15,100,
09:47:52,58.16,100,
09:47:52,58.1599,100,
09:47:52,58.15,200,
09:47:54,58.1202,200,
09:48:00,58.11,100,
09:48:01,58.11,200,
09:48:03,58.14,100,
09:48:16,58.13,500,
09:48:18,58.12,100,
09:48:18,58.12,100,
09:48:23,58.12,200,
09:48:23,58.12,300,
09:48:23,58.13,200,
09:48:23,58.12,300,
09:48:23,58.11,300,
09:48:23,58.11,100,
09:48:23,58.12,100,
09:48:24,58.0906,1200,
09:48:25,58.10,100,
09:48:27,58.14,100,
09:48:28,58.12,100,
09:48:28,58.15,100,
09:48:29,58.15,175,
09:48:37,58.18,100,
09:48:38,58.1773,1000,
09:48:40,58.20,160,
09:48:40,58.20,525,
09:48:40,58.20,100,
09:48:43,58.20,100,
09:48:46,58.18,100,
09:48:49,58.18,377,
09:48:49,58.18,100,
09:48:49,58.18,100,
09:48:49,58.1662,250,
09:48:51,58.1601,100,
09:48:52,58.16,600,
09:48:52,58.15,100,
09:48:52,58.16,500,
09:48:54,58.151,100,
09:48:57,58.19,100,
09:48:59,58.18,300,
09:48:59,58.18,100,
09:48:59,58.18,200,
09:49:06,58.166,100,
09:49:07,58.15,100,
09:49:09,58.1485,100,
09:49:11,58.14,100,
09:49:13,58.17,200,
09:49:14,58.17,100,
09:49:14,58.17,200,
09:49:16,58.1501,100,
09:49:17,58.1401,100,
09:49:25,58.17,100,
09:49:28,58.17,100,
09:49:29,58.20,100,
09:49:29,58.20,1100,
09:49:32,58.17,700,
09:49:32,58.17,100,
09:49:32,58.17,800,
09:49:32,58.17,400,
09:49:32,58.17,200,
09:49:33,58.17,100,
09:49:33,58.17,400,
09:49:33,58.17,100,
09:49:33,58.1701,100,
09:49:33,58.17,100,
09:49:33,58.18,100,
09:49:33,58.18,100,
09:49:33,58.18,100,
09:49:33,58.18,100,
09:49:35,58.18,100,
09:49:37,58.17,175,
09:49:37,58.17,100,
09:49:37,58.1716,175,
09:49:40,58.17,200,
09:49:40,58.17,100,
09:49:40,58.17,100,
09:49:40,58.17,100,
09:49:40,58.175,100,
09:49:45,58.19,100,
09:49:45,58.19,200,
09:49:47,58.1862,100,
09:49:48,58.1801,600,
09:49:49,58.20,400,
09:49:49,58.20,100,
09:49:50,58.18,200,
09:49:50,58.17,200,
09:49:54,58.1732,100,
09:49:58,58.19,100,
09:49:59,58.18,200,
09:49:59,58.18,268,
09:49:59,58.17,100,
09:49:59,58.18,200,
09:50:00,58.16,300,
09:50:00,58.179,420,
09:50:03,58.19,110,
09:50:03,58.1916,100,
09:50:03,58.1916,100,
09:50:07,58.20,700,
09:50:08,58.20,360,
09:50:09,58.20,100,
09:50:10,58.23,100,
09:50:12,58.22,100,
09:50:12,58.22,200,
09:50:12,58.22,100,
09:50:12,58.23,100,
09:50:13,58.25,100,
09:50:14,58.25,700,
09:50:15,58.28,300,
09:50:15,58.28,100,
09:50:15,58.28,100,
09:50:16,58.2899,100,
09:50:18,58.28,100,
09:50:18,58.28,100,
09:50:18,58.28,100,
09:50:19,58.2895,1000,
09:50:20,58.281,100,
09:50:20,58.28,300,
09:50:20,58.28,310,
09:50:20,58.28,100,
09:50:20,58.28,100,
09:50:20,58.28,100,
09:50:20,58.28,100,
09:50:20,58.2801,100,
09:50:21,58.29,200,
09:50:21,58.29,200,
09:50:21,58.29,100,
09:50:21,58.29,100,
09:50:21,58.30,100,
09:50:22,58.281,200,
09:50:23,58.29,100,
09:50:25,58.30,200,
09:50:25,58.31,300,
09:50:26,58.34,100,
09:50:26,58.34,100,
09:50:26,58.34,100,
09:50:26,58.33,100,
09:50:26,58.32,100,
09:50:26,58.3235,100,
09:50:26,58.3227,100,
09:50:26,58.32,100,
09:50:26,58.32,100,
09:50:26,58.3227,200,
09:50:26,58.3201,100,
09:50:27,58.34,100,
09:50:27,58.32,300,
09:50:29,58.319,200,
09:50:29,58.319,200,
09:50:30,58.3501,100,
09:50:31,58.35,200,
09:50:31,58.35,600,
09:50:31,58.35,400,
09:50:32,58.36,100,
09:50:32,58.36,100,
09:50:33,58.36,100,
09:50:33,58.36,200,
09:50:33,58.36,400,
09:50:33,58.36,100,
09:50:33,58.36,100,
09:50:33,58.36,100,
09:50:34,58.36,200,
09:50:35,58.368,1000,
09:50:35,58.35,600,
09:50:35,58.34,100,
09:50:35,58.35,100,
09:50:35,58.35,100,
09:50:35,58.34,100,
09:50:35,58.34,100,
09:50:37,58.34,100,
09:50:37,58.35,157,
09:50:37,58.35,100,
09:50:38,58.34,100,
09:50:38,58.34,100,
09:50:39,58.37,100,
09:50:39,58.37,300,
09:50:39,58.36,800,
09:50:39,58.37,200,
09:50:39,58.37,200,
09:50:39,58.36,100,
09:50:39,58.38,100,
09:50:39,58.38,300,
09:50:39,58.37,100,
09:50:40,58.37,100,
09:50:41,58.38,100,
09:50:41,58.38,100,
09:50:42,58.39,100,
09:50:42,58.39,200,
09:50:42,58.398,100,
09:50:42,58.398,400,
09:50:42,58.397,100,
09:50:42,58.3973,100,
09:50:42,58.40,200,
09:50:42,58.40,100,
09:50:42,58.40,500,
09:50:43,58.40,100,
09:50:43,58.40,100,
09:50:44,58.3901,200,
09:50:44,58.39,100,
09:50:44,58.40,100,
09:50:44,58.40,100,
09:50:46,58.3999,340,
09:50:47,58.39,200,
09:50:47,58.38,200,
09:50:47,58.39,100,
09:50:47,58.40,100,
09:50:48,58.40,100,
09:50:48,58.3999,200,
09:50:48,58.3999,396,
09:50:48,58.40,200,
09:50:51,58.39,200,
09:50:52,58.39,600,
09:50:52,58.38,100,
09:50:52,58.38,800,
09:50:52,58.37,600,
09:50:52,58.37,300,
09:50:52,58.37,100,
09:50:52,58.37,300,
09:50:52,58.37,300,
09:50:52,58.37,300,
09:50:52,58.33,100,
09:50:52,58.33,100,
09:50:52,58.33,100,
09:50:52,58.33,100,
09:50:52,58.37,100,
09:50:52,58.32,100,
09:50:52,58.31,100,
09:50:52,58.30,100,
09:50:52,58.30,100,
09:50:52,58.30,100,
09:50:52,58.31,100,
09:50:52,58.32,100,
09:50:52,58.3202,100,
09:50:53,58.3169,200,
09:50:54,58.32,500,
09:50:54,58.33,500,
09:50:54,58.33,200,
09:50:55,58.37,100,
09:50:55,58.37,100,
09:50:55,58.38,200,
09:50:55,58.39,200,
09:50:55,58.40,100,
09:50:55,58.40,100,
09:50:55,58.42,300,
09:50:55,58.41,300,
09:50:55,58.40,100,
09:50:55,58.40,300,
09:50:55,58.41,500,
09:50:55,58.41,250,
09:50:55,58.39,100,
09:50:56,58.41,400,
09:50:56,58.4081,601,
09:50:57,58.42,200,
09:50:57,58.4181,732,
09:50:58,58.37,200,
09:50:58,58.37,300,
09:50:58,58.37,100,
09:50:58,58.36,100,
09:51:00,58.36,100,
09:51:00,58.36,100,
09:51:00,58.36,100,
09:51:00,58.36,100,
09:51:02,58.37,100,
09:51:02,58.38,200,
09:51:02,58.35,200,
09:51:02,58.36,100,
09:51:02,58.34,224,
09:51:02,58.34,100,
09:51:02,58.34,376,
09:51:03,58.37,400,
09:51:07,58.40,200,
09:51:07,58.40,100,
09:51:07,58.40,100,
09:51:07,58.40,100,
09:51:07,58.40,100,
09:51:07,58.40,100,
09:51:07,58.40,100,
09:51:07,58.41,100,
09:51:07,58.41,100,
09:51:07,58.41,100,
09:51:09,58.4199,100,
09:51:11,58.44,100,
09:51:13,58.43,200,
09:51:13,58.4257,100,
09:51:13,58.43,100,
09:51:13,58.43,200,
09:51:14,58.44,100,
09:51:15,58.42,100,
09:51:15,58.42,400,
09:51:17,58.42,1000,
09:51:17,58.41,100,
09:51:24,58.399,200,
09:51:24,58.39,200,
09:51:26,58.42,100,
09:51:26,58.43,100,
09:51:26,58.43,100,
09:51:26,58.43,100,
09:51:26,58.44,200,
09:51:28,58.44,100,
09:51:29,58.439,100,
09:51:30,58.43,100,
09:51:30,58.44,1400,
09:51:30,58.45,500,
09:51:31,58.44,100,
09:51:31,58.439,100,
09:51:33,58.42,100,
09:51:34,58.412,100,
09:51:36,58.44,300,
09:51:36,58.45,100,
09:51:36,58.45,100,
09:51:36,58.45,100,
09:51:36,58.45,200,
09:51:36,58.44,200,
09:51:37,58.45,200,
09:51:40,58.44,100,
09:51:40,58.44,100,
09:51:40,58.44,100,
09:51:42,58.45,100,
09:51:43,58.47,100,
09:51:47,58.48,300,
09:51:47,58.48,600,
09:51:47,58.48,600,
09:51:47,58.48,250,
09:51:48,58.48,100,
09:51:50,58.47,100,
09:51:52,58.49,300,
09:51:52,58.50,100,
09:51:52,58.50,400,
09:51:52,58.50,250,
09:51:52,58.50,200,
09:51:52,58.50,100,
09:51:52,58.50,300,
09:51:52,58.50,100,
09:51:53,58.49,200,
09:51:53,58.50,2600,
09:51:54,58.486,200,
09:51:55,58.49,100,
09:51:56,58.46,100,
09:51:56,58.4574,100,
09:51:56,58.4515,220,
09:51:57,58.4593,200,
09:51:58,58.4597,100,
09:52:01,58.45,300,
09:52:01,58.44,100,
09:52:02,58.43,600,
09:52:05,58.41,300,
09:52:05,58.40,100,
09:52:05,58.40,100,
09:52:08,58.39,200,
09:52:08,58.39,200,
09:52:09,58.36,100,
09:52:11,58.36,200,
09:52:11,58.34,600,
09:52:11,58.33,100,
09:52:11,58.33,500,
09:52:11,58.2901,3000,
09:52:12,58.29,300,
09:52:12,58.2995,1200,
09:52:14,58.27,100,
09:52:14,58.28,100,
09:52:15,58.2602,100,
09:52:15,58.26,100,
09:52:17,58.27,1000,
09:52:20,58.26,300,
09:52:20,58.26,100,
09:52:22,58.2401,100,
09:52:22,58.2401,100,
09:52:24,58.25,1500,
09:52:26,58.2501,300,
09:52:26,58.2799,100,
09:52:26,58.29,135,
09:52:35,58.264,1000,
09:52:37,58.26,100,
09:52:38,58.2599,100,
09:52:38,58.2599,100,
09:52:38,58.2599,100,
09:52:38,58.26,100,
09:52:39,58.2599,100,
09:52:40,58.24,100,
09:52:41,58.244,1000,
09:52:44,58.22,300,
09:52:44,58.24,100,
09:52:44,58.24,100,
09:52:44,58.23,100,
09:52:44,58.20,485,
09:52:46,58.24,100,
09:52:46,58.24,600,
09:52:46,58.22,100,
09:52:51,58.26,100,
09:52:52,58.26,300,
09:52:52,58.26,100,
09:52:52,58.24,100,
09:52:54,58.26,200,
09:52:55,58.26,300,
09:52:57,58.29,270,
09:52:57,58.30,100,
09:52:57,58.30,100,
09:52:57,58.30,100,
09:52:57,58.29,100,
09:52:57,58.30,100,
09:52:59,58.28,400,
09:53:00,58.29,100,
09:53:05,58.31,570,
09:53:05,58.292,100,
09:53:09,58.30,450,
09:53:09,58.28,600,
09:53:09,58.29,100,
09:53:09,58.29,100,
09:53:09,58.30,100,
09:53:14,58.256,100,
09:53:16,58.27,100,
09:53:19,58.2508,100,
09:53:21,58.28,232,
09:53:21,58.28,100,
09:53:21,58.27,100,
09:53:25,58.262,200,
09:53:39,58.27,100,
09:53:40,58.29,100,
09:53:40,58.29,100,
09:53:40,58.2899,100,
09:53:40,58.2899,100,
09:53:40,58.2899,100,
09:53:46,58.30,300,
09:53:46,58.29,450,
09:53:46,58.30,100,
09:53:46,58.30,100,
09:53:46,58.29,100,
09:53:46,58.30,100,
09:53:46,58.29,100,
09:53:46,58.29,100,
09:53:46,58.29,100,
09:53:46,58.30,100,
09:53:46,58.29,100,
09:53:47,58.29,500,
09:53:47,58.2899,300,
09:53:47,58.28,100,
09:53:52,58.28,100,
09:53:54,58.30,200,
09:53:54,58.2999,100,
09:53:54,58.30,100,
09:53:54,58.2999,200,
09:53:54,58.30,100,
09:53:54,58.30,100,
09:53:54,58.30,100,
09:53:54,58.2999,100,
09:53:58,58.2707,175,
09:54:00,58.26,100,
09:54:01,58.262,400,
09:54:08,58.21,100,
09:54:08,58.21,100,
09:54:09,58.22,400,
09:54:10,58.22,100,
09:54:10,58.22,100,
09:54:10,58.2399,700,
09:54:19,58.2301,500,
09:54:20,58.24,100,
09:54:21,58.234,500,
09:54:21,58.2499,400,
09:54:21,58.27,1350,
09:54:25,58.2641,500,
09:54:27,58.236,500,
09:54:29,58.26,100,
09:54:33,58.25,100,
09:54:35,58.26,100,
09:54:35,58.25,100,
09:54:36,58.2574,100,
09:54:42,58.28,100,
09:54:42,58.27,100,
09:54:42,58.28,100,
09:54:42,58.28,100,
09:54:42,58.28,100,
09:54:42,58.28,100,
09:54:42,58.28,100,
09:54:42,58.28,100,
09:54:42,58.28,100,
09:54:42,58.28,100,
09:54:42,58.28,100,
09:54:42,58.28,100,
09:54:42,58.28,100,
09:54:42,58.26,600,
09:54:42,58.27,100,
09:54:43,58.26,160,
09:54:44,58.26,100,
09:54:44,58.264,500,
09:54:47,58.30,100,
09:54:47,58.29,300,
09:54:47,58.29,450,
09:54:47,58.30,100,
09:54:49,58.31,100,
09:54:50,58.31,100,
09:54:50,58.32,500,
09:54:52,58.33,500,
09:54:54,58.3686,170,
09:54:55,58.35,200,
09:55:00,58.38,300,
09:55:00,58.38,100,
09:55:01,58.3946,100,
09:55:01,58.41,100,
09:55:01,58.41,100,
09:55:02,58.41,100,
09:55:02,58.41,100,
09:55:04,58.43,100,
09:55:04,58.4262,106,
09:55:04,58.44,300,
09:55:04,58.45,176,
09:55:05,58.43,100,
09:55:05,58.4201,700,
09:55:05,58.42,1000,
09:55:05,58.41,100,
09:55:05,58.40,100,
09:55:06,58.42,100,
09:55:10,58.43,100,
09:55:14,58.44,200,
09:55:14,58.44,100,
09:55:17,58.46,100,
09:55:18,58.4301,2500,
09:55:28,58.4616,200,
09:55:29,58.45,450,
09:55:29,58.45,222,
09:55:29,58.45,300,
09:55:29,58.4401,400,
09:55:29,58.45,100,
09:55:31,58.4327,1000,
09:55:35,58.44,100,
09:55:35,58.4114,200,
09:55:35,58.44,100,
09:55:36,58.44,100,
09:55:37,58.4316,100,
09:55:40,58.4316,108,
09:55:41,58.43,100,
09:55:41,58.43,100,
09:55:41,58.41,100,
09:55:41,58.40,600,
09:55:42,58.38,590,
09:55:43,58.36,500,
09:55:43,58.36,100,
09:55:43,58.36,100,
09:55:43,58.3532,2000,
09:55:46,58.36,200,
09:55:46,58.36,100,
09:55:46,58.34,200,
09:55:53,58.26,500,
09:55:57,58.28,100,
09:55:57,58.28,100,
09:55:59,58.29,100,
09:56:00,58.29,100,
09:56:00,58.29,100,
09:56:01,58.2901,100,
09:56:01,58.29,100,
09:56:03,58.28,100,
09:56:05,58.2743,100,
09:56:05,58.271,400,
09:56:06,58.274,500,
09:56:08,58.2675,100,
09:56:08,58.27,100,
09:56:10,58.26,200,
09:56:10,58.26,300,
09:56:11,58.24,400,
09:56:11,58.24,100,
09:56:11,58.24,100,
09:56:11,58.24,100,
09:56:12,58.21,100,
09:56:12,58.21,200,
09:56:14,58.20,300,
09:56:15,58.214,200,
09:56:15,58.2101,2000,
09:56:15,58.21,100,
09:56:17,58.21,573,
09:56:17,58.20,100,
09:56:17,58.18,450,
09:56:17,58.20,300,
09:56:17,58.1734,100,
09:56:17,58.1704,100,
09:56:17,58.1786,100,
09:56:17,58.171,500,
09:56:18,58.17,300,
09:56:19,58.1849,100,
09:56:19,58.181,100,
09:56:19,58.181,100,
09:56:21,58.184,100,
09:56:21,58.19,1600,
09:56:24,58.166,388,
09:56:24,58.181,332,
09:56:26,58.21,100,
09:56:26,58.21,100,
09:56:26,58.21,300,
09:56:33,58.23,100,
09:56:34,58.2341,500,
09:56:43,58.2129,100,
09:56:46,58.21,100,
09:56:46,58.21,100,
09:56:50,58.25,100,
09:56:51,58.22,600,
09:56:54,58.2238,450,
09:56:55,58.2429,100,
09:56:56,58.24,100,
09:56:56,58.24,100,
09:57:05,58.22,400,
09:57:05,58.22,100,
09:57:05,58.21,500,
09:57:05,58.21,100,
09:57:05,58.20,200,
09:57:06,58.22,100,
09:57:06,58.21,100,
09:57:08,58.2129,100,
09:57:08,58.24,100,
09:57:08,58.24,100,
09:57:08,58.24,100,
09:57:12,58.2214,100,
09:57:13,58.25,100,
09:57:19,58.24,150,
09:57:19,58.24,100,
09:57:24,58.24,100,
09:57:28,58.23,100,
09:57:31,58.2429,170,
09:57:39,58.271,100,
09:57:40,58.2701,100,
09:57:41,58.27,200,
09:57:41,58.27,600,
09:57:41,58.27,200,
09:57:41,58.27,100,
09:57:42,58.26,100,
09:57:43,58.241,100,
09:57:45,58.24,100,
09:57:45,58.2414,1000,
09:57:46,58.24,304,
09:57:46,58.24,526,
09:57:46,58.23,100,
09:57:46,58.23,100,
09:57:46,58.23,300,
09:57:46,58.23,100,
09:57:47,58.21,100,
09:57:47,58.21,200,
09:57:47,58.21,100,
09:57:47,58.21,200,
09:57:47,58.21,100,
09:57:50,58.20,300,
09:57:51,58.2099,1000,
09:57:52,58.19,100,
09:57:52,58.20,100,
09:57:52,58.19,100,
09:57:52,58.20,200,
09:57:52,58.19,100,
09:57:52,58.20,100,
09:57:52,58.16,450,
09:57:52,58.14,600,
09:57:52,58.20,400,
09:57:53,58.111,100,
09:57:54,58.10,400,
09:57:54,58.10,100,
09:57:54,58.09,300,
09:57:54,58.10,600,
09:57:56,58.0948,400,
09:57:58,58.12,100,
09:57:58,58.0929,100,
09:57:59,58.1045,100,
09:57:59,58.0969,100,
09:57:59,58.091,100,
09:58:04,58.0986,100,
09:58:07,58.08,1000,
09:58:09,58.072,100,
09:58:09,58.06,205,
09:58:10,58.05,100,
09:58:10,58.0302,100,
09:58:11,58.04,200,
09:58:13,58.0129,100,
09:58:15,58.0405,1200,
09:58:15,58.08,100,
09:58:16,58.06,100,
09:58:16,58.08,158,
09:58:17,58.07,100,
09:58:17,58.0525,2300,
09:58:23,58.10,206,
09:58:23,58.10,100,
09:58:24,58.066,100,
09:58:26,58.14,100,
09:58:29,58.1699,800,
09:58:30,58.17,500,
09:58:35,58.17,100,
09:58:39,58.176,1700,
09:58:50,58.16,4500,
09:59:03,58.162,200,
09:59:05,58.21,100,
09:59:05,58.21,100,
09:59:05,58.21,100,
09:59:05,58.21,100,
09:59:05,58.2099,500,
09:59:05,58.21,100,
09:59:05,58.21,100,
09:59:06,58.23,200,
09:59:07,58.2001,100,
09:59:09,58.20,500,
09:59:11,58.22,100,
09:59:16,58.1808,100,
09:59:22,58.18,600,
09:59:22,58.16,600,
09:59:22,58.11,500,
09:59:22,58.12,100,
09:59:22,58.11,104,
09:59:22,58.11,100,
09:59:23,58.146,600,
09:59:25,58.10,804,
09:59:27,58.13,100,
09:59:27,58.13,200,
09:59:29,58.09,100,
09:59:29,58.0701,177,
09:59:31,58.09,100,
09:59:33,58.074,600,
09:59:35,58.07,300,
09:59:35,58.09,131,
09:59:35,58.09,400,
09:59:35,58.11,100,
09:59:37,58.0993,150,
09:59:42,58.14,100,
09:59:42,58.14,600,
09:59:42,58.1441,800,
09:59:44,58.18,100,
09:59:44,58.18,100,
09:59:46,58.1608,100,
09:59:53,58.22,100,
09:59:53,58.22,100,
09:59:53,58.22,100,
09:59:53,58.20,100,
09:59:53,58.24,200,
09:59:53,58.23,100,
09:59:54,58.23,600,
09:59:58,58.25,100,
09:59:58,58.25,100,
09:59:58,58.25,100,
09:59:59,58.27,100,
09:59:59,58.27,100,
09:59:59,58.29,200,
09:59:59,58.30,100,
09:59:59,58.29,100,
10:00:01,58.2885,5073,
10:00:01,58.31,100,
10:00:03,58.30,193,
10:00:03,58.308,100,
10:00:03,58.30,200,
10:00:12,58.29,150,
10:00:13,58.287,100,
10:00:14,58.27,100,
10:00:17,58.20,600,
10:00:17,58.18,500,
10:00:18,58.161,100,
10:00:19,58.164,155,
10:00:21,58.20,300,
10:00:21,58.19,100,
10:00:21,58.18,600,
10:00:21,58.18,100,
10:00:32,58.1814,100,
10:00:38,58.2193,1000,
10:00:41,58.18,100,
10:00:41,58.18,300,
10:00:41,58.18,100,
10:00:41,58.18,100,
10:00:41,58.18,100,
10:00:41,58.17,100,
10:00:41,58.16,273,
10:00:42,58.1699,3150,
10:00:44,58.17,200,
10:00:44,58.17,100,
10:00:44,58.17,200,
10:00:45,58.18,487,
10:00:45,58.166,1000,
10:00:48,58.24,400,
10:00:48,58.24,500,
10:00:48,58.186,100,
10:00:49,58.24,200,
10:00:50,58.2201,300,
10:00:50,58.22,200,
10:00:50,58.22,200,
10:00:59,58.182,100,
10:01:01,58.20,500,
10:01:01,58.18,100,
10:01:06,58.14,300,
10:01:06,58.14,100,
10:01:06,58.14,100,
10:01:06,58.13,500,
10:01:06,58.10,300,
10:01:07,58.08,400,
10:01:09,58.11,100,
10:01:16,58.1358,500,
10:01:18,58.17,100,
10:01:18,58.17,100,
10:01:18,58.165,200,
10:01:18,58.14,200,
10:01:18,58.13,500,
10:01:19,58.126,250,
10:01:20,58.13,100,
10:01:21,58.13,100,
10:01:21,58.13,100,
10:01:21,58.13,100,
10:01:21,58.13,100,
10:01:28,58.17,100,
10:01:28,58.17,100,
10:01:28,58.16,100,
10:01:29,58.20,100,
10:01:29,58.20,100,
10:01:29,58.21,200,
10:01:29,58.21,100,
10:01:32,58.21,100,
10:01:33,58.23,100,
10:01:33,58.22,100,
10:01:34,58.22,100,
10:01:35,58.2002,400,
10:01:35,58.20,100,
10:01:35,58.20,100,
10:01:39,58.21,100,
10:01:42,58.25,100,
10:01:42,58.25,200,
10:01:42,58.25,100,
10:01:43,58.25,800,
10:01:48,58.25,600,
10:01:49,58.259,100,
10:01:51,58.26,500,
10:01:51,58.26,100,
10:01:51,58.25,100,
10:01:53,58.26,100,
10:01:53,58.26,100,
10:01:53,58.26,100,
10:01:54,58.262,500,
10:01:57,58.28,130,
10:01:58,58.30,400,
10:01:58,58.31,100,
10:01:58,58.305,200,
10:01:58,58.30,100,
10:02:01,58.2788,500,
10:02:03,58.3067,100,
10:02:03,58.3099,100,
10:02:04,58.29,200,
10:02:04,58.29,200,
10:02:04,58.30,100,
10:02:04,58.30,100,
10:02:04,58.30,100,
10:02:04,58.31,100,
10:02:06,58.29,100,
10:02:11,58.20,200,
10:02:11,58.1919,100,
10:02:12,58.2068,100,
10:02:13,58.1901,145,
10:02:15,58.20,100,
10:02:18,58.20,100,
10:02:18,58.204,225,
10:02:26,58.22,600,
10:02:26,58.22,100,
10:02:26,58.20,600,
10:02:26,58.22,100,
10:02:26,58.23,100,
10:02:34,58.22,100,
10:02:39,58.2108,150,
10:02:40,58.20,225,
10:02:40,58.18,559,
10:02:40,58.18,300,
10:02:40,58.18,100,
10:02:43,58.19,100,
10:02:45,58.16,206,
10:02:45,58.16,200,
10:02:45,58.15,300,
10:02:46,58.18,100,
10:02:48,58.144,1000,
10:02:52,58.144,100,
10:02:52,58.1693,1900,
10:02:53,58.16,300,
10:02:55,58.16,100,
10:03:01,58.1448,100,
10:03:03,58.17,400,
10:03:07,58.18,100,
10:03:07,58.19,100,
10:03:10,58.16,150,
10:03:12,58.1493,300,
10:03:15,58.1508,100,
10:03:19,58.14,200,
10:03:22,58.11,100,
10:03:23,58.12,1350,
10:03:24,58.101,200,
10:03:24,58.101,100,
10:03:26,58.10,100,
10:03:26,58.1019,300,
10:03:36,58.10,2100,
10:03:36,58.10,100,
10:03:39,58.09,100,
10:03:44,58.08,200,
10:03:44,58.08,100,
10:03:44,58.08,300,
10:03:47,58.082,100,
10:03:49,58.0606,1000,
10:03:53,58.06,258,
10:03:53,58.06,300,
10:03:53,58.061,200,
10:03:53,58.061,200,
10:03:53,58.061,100,
10:03:54,58.0507,724,
10:03:57,58.051,250,
10:04:00,58.07,100,
10:04:00,58.07,475,
10:04:01,58.05,450,
10:04:06,58.036,200,
10:04:08,58.03,200,
10:04:08,58.04,100,
10:04:11,58.03,100,
10:04:11,58.02,100,
10:04:12,58.0116,100,
10:04:12,58.0101,300,
10:04:13,58,300,
10:04:13,58.01,100,
10:04:13,58.0193,400,
10:04:14,58.01,500,
10:04:14,58,100,
10:04:14,58,200,
10:04:14,58,200,
10:04:18,58,100,
10:04:21,58.0032,250,
10:04:23,57.99,600,
10:04:24,58,1600,
10:04:25,58.001,250,
10:04:25,57.9998,400,
10:04:25,58,200,
10:04:25,58.001,300,
10:04:26,57.98,100,
10:04:26,57.96,100,
10:04:27,57.9301,1000,
10:04:29,57.97,100,
10:04:30,58,6900,
10:04:31,58,2650,
10:04:34,57.982,100,
10:04:34,57.978,400,
10:04:35,57.9979,100,
10:04:35,57.999,150,
10:04:38,57.9995,300,
10:04:40,58,100,
10:04:40,58.02,100,
10:04:40,58.02,300,
10:04:40,58.02,100,
10:04:40,58.02,100,
10:04:40,58.02,100,
10:04:43,58.02,100,
10:04:44,58.02,100,
10:04:50,57.98,900,
10:04:53,57.976,1000,
10:04:53,57.9499,248,
10:04:55,57.93,400,
10:04:55,57.92,200,
10:04:55,57.90,199,
10:04:55,57.91,300,
10:04:55,57.90,400,
10:04:55,57.91,100,
10:04:55,57.92,100,
10:04:56,57.8813,100,
10:04:56,57.871,200,
10:04:56,57.87,100,
10:04:56,57.8729,100,
10:04:56,57.8727,100,
10:04:56,57.87,200,
10:04:56,57.8727,100,
10:04:56,57.8727,200,
10:04:56,57.87,100,
10:04:56,57.8829,1000,
10:04:58,57.8701,100,
10:04:58,57.87,100,
10:04:58,57.85,100,
10:04:59,57.85,100,
10:05:00,57.83,100,
10:05:01,57.87,100,
10:05:01,57.87,100,
10:05:02,57.88,100,
10:05:02,57.88,700,
10:05:04,57.88,100,
10:05:04,57.87,600,
10:05:04,57.88,100,
10:05:07,57.85,150,
10:05:08,57.84,200,
10:05:09,57.82,140,
10:05:10,57.84,200,
10:05:12,57.81,100,
10:05:12,57.82,200,
10:05:13,57.80,100,
10:05:13,57.77,400,
10:05:14,57.7746,100,
10:05:16,57.77,1600,
10:05:16,57.80,100,
10:05:16,57.80,300,
10:05:19,57.801,100,
10:05:19,57.80,200,
10:05:20,57.7916,100,
10:05:20,57.7916,100,
10:05:20,57.79,100,
10:05:20,57.78,100,
10:05:20,57.7941,350,
10:05:20,57.78,500,
10:05:20,57.78,100,
10:05:21,57.7614,100,
10:05:21,57.76,100,
10:05:23,57.7562,440,
10:05:23,57.7627,100,
10:05:23,57.7627,100,
10:05:23,57.76,100,
10:05:23,57.7627,100,
10:05:23,57.76,100,
10:05:25,57.74,500,
10:05:26,57.7494,1000,
10:05:27,57.75,100,
10:05:28,57.73,600,
10:05:28,57.73,100,
10:05:33,57.7001,200,
10:05:34,57.71,100,
10:05:35,57.73,900,
10:05:38,57.75,100,
10:05:39,57.742,500,
10:05:42,57.7301,2700,
10:05:43,57.7696,100,
10:05:45,57.752,100,
10:05:45,57.752,900,
10:05:45,57.79,100,
10:05:45,57.79,400,
10:05:45,57.80,100,
10:05:45,57.81,100,
10:05:45,57.81,100,
10:05:47,57.8172,310,
10:05:47,57.81,100,
10:05:51,57.83,500,
10:05:51,57.81,300,
10:05:55,57.816,1000,
10:05:58,57.80,200,
10:06:00,57.79,600,
10:06:00,57.8001,100,
10:06:10,57.76,100,
10:06:10,57.754,110,
10:06:12,57.78,200,
10:06:18,57.7862,327,
10:06:20,57.796,200,
10:06:28,57.80,900,
10:06:31,57.784,1000,
10:06:32,57.78,200,
10:06:33,57.76,200,
10:06:40,57.7938,100,
10:06:46,57.7871,763,
10:06:47,57.78,100,
10:06:53,57.788,1900,
10:06:56,57.7973,1000,
10:06:58,57.81,100,
10:07:00,57.8099,100,
10:07:00,57.8099,100,
10:07:00,57.83,100,
10:07:01,57.82,100,
10:07:02,57.83,100,
10:07:03,57.83,200,
10:07:03,57.83,100,
10:07:04,57.8219,500,
10:07:05,57.839,500,
10:07:05,57.83,100,
10:07:05,57.82,1700,
10:07:05,57.82,200,
10:07:05,57.82,100,
10:07:07,57.838,500,
10:07:07,57.82,600,
10:07:07,57.82,400,
10:07:07,57.82,750,
10:07:07,57.82,324,
10:07:07,57.82,300,
10:07:07,57.81,100,
10:07:08,57.82,100,
10:07:12,57.8007,500,
10:07:16,57.8069,310,
10:07:18,57.81,100,
10:07:22,57.789,200,
10:07:24,57.77,100,
10:07:28,57.754,100,
10:07:34,57.78,100,
10:07:34,57.78,100,
10:07:34,57.7793,1000,
10:07:37,57.77,100,
10:07:43,57.79,200,
10:07:43,57.79,100,
10:07:44,57.78,100,
10:07:44,57.78,100,
10:07:47,57.78,100,
10:07:48,57.77,100,
10:07:56,57.77,200,
10:07:56,57.77,622,
10:07:57,57.77,100,
10:07:57,57.77,100,
10:07:57,57.78,100,
10:07:57,57.77,100,
10:07:57,57.78,100,
10:07:58,57.77,100,
10:08:00,57.79,100,
10:08:00,57.7873,100,
10:08:02,57.77,200,
10:08:04,57.77,100,
10:08:04,57.76,100,
10:08:05,57.76,100,
10:08:05,57.76,100,
10:08:05,57.75,100,
10:08:05,57.74,100,
10:08:05,57.75,100,
10:08:07,57.7486,100,
10:08:07,57.7486,100,
10:08:09,57.73,200,
10:08:12,57.7471,150,
10:08:17,57.76,100,
10:08:17,57.76,100,
10:08:24,57.79,100,
10:08:25,57.81,100,
10:08:25,57.81,100,
10:08:25,57.82,100,
10:08:25,57.81,100,
10:08:25,57.81,100,
10:08:25,57.81,100,
10:08:26,57.80,100,
10:08:33,57.7914,100,
10:08:33,57.7914,550,
10:08:35,57.80,100,
10:08:37,57.82,100,
10:08:37,57.82,100,
10:08:38,57.83,100,
10:08:38,57.8299,100,
10:08:38,57.83,100,
10:08:38,57.83,100,
10:08:38,57.83,100,
10:08:43,57.832,300,
10:08:43,57.8019,450,
10:08:45,57.81,100,
10:08:47,57.8138,200,
10:08:48,57.8192,200,
10:08:48,57.79,200,
10:08:51,57.8031,140,
10:08:54,57.8099,100,
10:09:03,57.8093,350,
10:09:04,57.801,500,
10:09:05,57.804,1000,
10:09:05,57.79,400,
10:09:05,57.79,100,
10:09:06,57.81,100,
10:09:06,57.82,100,
10:09:06,57.82,100,
10:09:06,57.81,100,
10:09:06,57.83,100,
10:09:06,57.82,100,
10:09:06,57.84,100,
10:09:06,57.84,200,
10:09:06,57.84,400,
10:09:06,57.84,200,
10:09:06,57.85,200,
10:09:06,57.89,300,
10:09:06,57.89,800,
10:09:08,57.8576,500,
10:09:17,57.8499,100,
10:09:19,57.89,100,
10:09:19,57.89,100,
10:09:19,57.87,100,
10:09:20,57.86,100,
10:09:20,57.86,100,
10:09:20,57.85,600,
10:09:20,57.86,100,
10:09:20,57.85,600,
10:09:20,57.85,600,
10:09:20,57.85,100,
10:09:20,57.85,100,
10:09:20,57.85,100,
10:09:20,57.85,100,
10:09:20,57.85,100,
10:09:20,57.8416,100,
10:09:20,57.84,200,
10:09:21,57.84,100,
10:09:21,57.85,100,
10:09:22,57.85,100,
10:09:22,57.87,200,
10:09:22,57.87,400,
10:09:23,57.8514,100,
10:09:24,57.8641,1000,
10:09:31,57.86,100,
10:09:33,57.86,100,
10:09:36,57.87,100,
10:09:37,57.88,100,
10:09:37,57.88,100,
10:09:37,57.8786,430,
10:09:40,57.87,100,
10:09:40,57.87,100,
10:09:40,57.8704,100,
10:09:40,57.88,100,
10:09:40,57.88,100,
10:09:40,57.88,200,
10:09:40,57.88,400,
10:09:40,57.88,800,
10:09:40,57.87,100,
10:09:40,57.90,100,
10:09:42,57.8799,300,
10:09:42,57.88,200,
10:09:45,57.8765,100,
10:09:46,57.8795,500,
10:09:46,57.88,100,
10:09:46,57.88,100,
10:09:47,57.90,100,
10:09:47,57.90,100,
10:09:48,57.87,100,
10:09:48,57.87,100,
10:09:49,57.86,100,
10:09:49,57.84,300,
10:09:49,57.84,100,
10:09:49,57.81,100,
10:09:49,57.84,100,
10:09:49,57.8163,100,
10:09:50,57.86,100,
10:09:51,57.84,500,
10:09:52,57.85,100,
10:09:53,57.84,100,
10:09:56,57.8499,200,
10:10:03,57.8368,100,
10:10:05,57.84,100,
10:10:05,57.85,100,
10:10:05,57.84,100,
10:10:05,57.84,100,
10:10:05,57.84,100,
10:10:06,57.85,100,
10:10:06,57.84,100,
10:10:06,57.83,100,
10:10:07,57.82,100,
10:10:14,57.8295,1200,
10:10:15,57.8101,100,
10:10:17,57.80,200,
10:10:19,57.78,100,
10:10:19,57.79,100,
10:10:19,57.76,100,
10:10:19,57.7505,500,
10:10:19,57.76,100,
10:10:22,57.76,100,
10:10:22,57.76,100,
10:10:22,57.78,100,
10:10:23,57.79,100,
10:10:23,57.79,100,
10:10:23,57.78,100,
10:10:23,57.80,100,
10:10:24,57.7981,300,
10:10:25,57.774,700,
10:10:26,57.76,100,
10:10:26,57.75,100,
10:10:26,57.748,100,
10:10:26,57.748,100,
10:10:29,57.73,200,
10:10:29,57.732,200,
10:10:29,57.732,300,
10:10:30,57.76,200,
10:10:30,57.75,100,
10:10:30,57.75,100,
10:10:31,57.75,100,
10:10:31,57.751,100,
10:10:31,57.75,100,
10:10:32,57.73,100,
10:10:32,57.74,100,
10:10:33,57.71,300,
10:10:33,57.73,545,
10:10:33,57.70,2000,
10:10:33,57.68,100,
10:10:34,57.652,100,
10:10:34,57.652,100,
10:10:34,57.6631,140,
10:10:34,57.65,100,
10:10:34,57.66,100,
10:10:35,57.66,1300,
10:10:35,57.65,100,
10:10:35,57.65,100,
10:10:36,57.65,100,
10:10:38,57.6799,100,
10:10:38,57.71,100,
10:10:39,57.71,100,
10:10:39,57.70,100,
10:10:39,57.71,100,
10:10:39,57.71,200,
10:10:40,57.67,200,
10:10:41,57.68,100,
10:10:46,57.68,100,
10:10:46,57.67,500,
10:10:46,57.66,100,
10:10:46,57.68,100,
10:10:46,57.67,100,
10:10:46,57.68,100,
10:10:46,57.66,100,
10:10:47,57.67,100,
10:10:47,57.66,100,
10:10:47,57.68,100,
10:10:47,57.68,200,
10:10:47,57.68,100,
10:10:47,57.69,100,
10:10:47,57.70,100,
10:10:48,57.69,100,
10:10:48,57.70,100,
10:10:48,57.70,100,
10:10:48,57.68,100,
10:10:48,57.65,100,
10:10:55,57.662,1700,
10:10:56,57.666,1000,
10:10:57,57.71,100,
10:10:57,57.71,100,
10:10:57,57.71,100,
10:10:58,57.71,100,
10:10:59,57.7063,100,
10:10:59,57.7095,100,
10:11:00,57.72,100,
10:11:01,57.73,100,
10:11:02,57.74,100,
10:11:02,57.74,200,
10:11:04,57.716,1600,
10:11:09,57.69,100,
10:11:10,57.69,100,
10:11:11,57.70,100,
10:11:11,57.70,100,
10:11:14,57.694,100,
10:11:16,57.65,100,
10:11:16,57.6492,100,
10:11:16,57.66,100,
10:11:16,57.68,200,
10:11:16,57.68,300,
10:11:16,57.67,100,
10:11:16,57.69,100,
10:11:16,57.69,100,
10:11:16,57.69,100,
10:11:16,57.69,100,
10:11:16,57.69,100,
10:11:16,57.69,100,
10:11:16,57.69,100,
10:11:17,57.69,100,
10:11:17,57.70,100,
10:11:17,57.70,100,
10:11:20,57.6986,650,
10:11:21,57.70,100,
10:11:23,57.71,100,
10:11:25,57.69,100,
10:11:26,57.6884,100,
10:11:29,57.71,100,
10:11:29,57.70,200,
10:11:29,57.70,700,
10:11:30,57.68,100,
10:11:30,57.67,100,
10:11:31,57.68,100,
10:11:31,57.68,100,
10:11:31,57.68,100,
10:11:32,57.67,100,
10:11:32,57.67,100,
10:11:33,57.67,100,
10:11:35,57.654,200,
10:11:36,57.66,100,
10:11:37,57.68,100,
10:11:39,57.70,100,
10:11:42,57.70,100,
10:11:42,57.70,100,
10:11:43,57.708,400,
10:11:44,57.708,500,
10:11:47,57.72,100,
10:11:47,57.72,200,
10:11:47,57.72,200,
10:11:47,57.73,100,
10:11:47,57.74,100,
10:11:47,57.74,100,
10:11:47,57.73,100,
10:11:49,57.739,200,
10:11:50,57.73,100,
10:11:56,57.71,100,
10:11:56,57.71,100,
10:11:56,57.72,100,
10:11:56,57.71,100,
10:11:56,57.71,100,
10:11:59,57.7099,100,
10:12:01,57.69,100,
10:12:01,57.69,100,
10:12:01,57.69,100,
10:12:01,57.68,100,
10:12:02,57.68,800,
10:12:04,57.70,100,
10:12:05,57.69,100,
10:12:05,57.69,200,
10:12:05,57.69,100,
10:12:06,57.689,300,
10:12:07,57.688,500,
10:12:09,57.6703,650,
10:12:09,57.70,100,
10:12:09,57.70,100,
10:12:12,57.699,100,
10:12:13,57.69,100,
10:12:13,57.68,100,
10:12:13,57.6764,1600,
10:12:13,57.69,100,
10:12:13,57.70,100,
10:12:16,57.70,100,
10:12:16,57.69,100,
10:12:17,57.70,100,
10:12:17,57.70,100,
10:12:17,57.71,100,
10:12:18,57.70,100,
10:12:18,57.71,100,
10:12:19,57.70,100,
10:12:19,57.702,100,
10:12:20,57.69,100,
10:12:20,57.69,100,
10:12:20,57.69,100,
10:12:20,57.67,200,
10:12:20,57.66,200,
10:12:20,57.67,100,
10:12:20,57.67,100,
10:12:20,57.65,100,
10:12:20,57.65,100,
10:12:20,57.65,100,
10:12:20,57.67,100,
10:12:20,57.64,100,
10:12:20,57.68,100,
10:12:20,57.64,100,
10:12:20,57.64,100,
10:12:20,57.67,100,
10:12:20,57.63,100,
10:12:20,57.63,100,
10:12:20,57.63,100,
10:12:20,57.63,100,
10:12:20,57.63,100,
10:12:20,57.63,100,
10:12:22,57.63,100,
10:12:22,57.63,100,
10:12:22,57.63,100,
10:12:22,57.63,200,
10:12:22,57.65,100,
10:12:24,57.64,100,
10:12:24,57.6317,100,
10:12:29,57.62,100,
10:12:29,57.62,600,
10:12:29,57.62,200,
10:12:29,57.62,1000,
10:12:29,57.62,300,
10:12:31,57.64,100,
10:12:32,57.66,100,
10:12:32,57.66,100,
10:12:32,57.67,100,
10:12:32,57.68,100,
10:12:32,57.67,100,
10:12:34,57.68,100,
10:12:34,57.68,100,
10:12:34,57.68,100,
10:12:35,57.68,200,
10:12:36,57.65,100,
10:12:37,57.66,200,
10:12:37,57.66,100,
10:12:37,57.65,100,
10:12:44,57.68,200,
10:12:44,57.71,100,
10:12:44,57.71,100,
10:12:46,57.69,100,
10:12:46,57.69,100,
10:12:47,57.68,100,
10:12:47,57.68,100,
10:12:47,57.68,100,
10:12:48,57.69,100,
10:12:48,57.69,100,
10:12:49,57.6999,100,
10:12:51,57.70,100,
10:12:51,57.71,100,
10:12:51,57.70,100,
10:12:52,57.68,100,
10:12:52,57.68,200,
10:12:52,57.68,100,
10:12:55,57.70,100,
10:12:55,57.70,100,
10:12:57,57.69,200,
10:12:57,57.68,100,
10:12:57,57.69,100,
10:12:57,57.69,100,
10:12:57,57.69,100,
10:12:57,57.69,100,
10:12:57,57.70,100,
10:12:57,57.70,100,
10:12:57,57.70,100,
10:12:57,57.71,200,
10:12:57,57.70,100,
10:12:57,57.70,100,
10:12:57,57.70,100,
10:12:58,57.70,100,
10:13:00,57.69,100,
10:13:01,57.70,200,
10:13:01,57.70,100,
10:13:02,57.69,500,
10:13:05,57.68,100,
10:13:05,57.69,100,
10:13:07,57.709,100,
10:13:10,57.71,300,
10:13:10,57.72,100,
10:13:10,57.72,200,
10:13:10,57.72,100,
10:13:10,57.73,194,
10:13:11,57.73,100,
10:13:11,57.73,100,
10:13:11,57.73,100,
10:13:11,57.7299,100,
10:13:11,57.7299,100,
10:13:11,57.7299,100,
10:13:12,57.73,100,
10:13:12,57.7299,100,
10:13:12,57.7299,100,
10:13:12,57.73,100,
10:13:12,57.73,100,
10:13:12,57.73,100,
10:13:12,57.7299,100,
10:13:13,57.72,100,
10:13:13,57.72,300,
10:13:13,57.72,100,
10:13:13,57.72,100,
10:13:14,57.71,100,
10:13:14,57.70,100,
10:13:15,57.70,200,
10:13:15,57.70,100,
10:13:15,57.70,300,
10:13:20,57.71,300,
10:13:28,57.719,100,
10:13:29,57.718,500,
10:13:31,57.70,100,
10:13:31,57.70,100,
10:13:31,57.70,100,
10:13:31,57.71,100,
10:13:32,57.71,100,
10:13:32,57.68,100,
10:13:32,57.726,200,
10:13:33,57.71,200,
10:13:40,57.71,100,
10:13:42,57.73,100,
10:13:43,57.73,200,
10:13:46,57.73,100,
10:13:48,57.71,100,
10:13:48,57.71,100,
10:13:48,57.72,100,
10:13:49,57.72,100,
10:13:49,57.72,100,
10:13:49,57.73,100,
10:13:49,57.73,100,
10:13:49,57.73,100,
10:13:49,57.73,100,
10:13:54,57.71,100,
10:13:58,57.7199,1000,
10:13:58,57.67,100,
10:13:58,57.67,100,
10:13:58,57.6601,100,
10:13:59,57.68,941,
10:14:02,57.68,100,
10:14:02,57.68,100,
10:14:03,57.69,100,
10:14:03,57.70,200,
10:14:06,57.65,224,
10:14:06,57.65,7035,
10:14:06,57.65,200,
10:14:06,57.66,200,
10:14:06,57.66,100,
10:14:06,57.66,100,
10:14:06,57.67,100,
10:14:06,57.67,100,
10:14:06,57.68,124,
10:14:06,57.67,100,
10:14:08,57.69,100,
10:14:08,57.70,200,
10:14:08,57.72,200,
10:14:08,57.72,100,
10:14:08,57.70,100,
10:14:08,57.70,100,
10:14:08,57.72,100,
10:14:08,57.71,100,
10:14:08,57.71,100,
10:14:08,57.73,100,
10:14:08,57.74,300,
10:14:09,57.74,100,
10:14:10,57.72,100,
10:14:10,57.72,100,
10:14:11,57.71,100,
10:14:11,57.70,200,
10:14:15,57.70,100,
10:14:15,57.67,100,
10:14:15,57.67,100,
10:14:15,57.67,221,
10:14:15,57.67,100,
10:14:15,57.67,100,
10:14:15,57.67,100,
10:14:15,57.68,100,
10:14:15,57.69,100,
10:14:15,57.68,100,
10:14:15,57.69,200,
10:14:16,57.69,100,
10:14:17,57.68,100,
10:14:17,57.68,100,
10:14:19,57.69,200,
10:14:19,57.69,200,
10:14:19,57.69,100,
10:14:19,57.69,100,
10:14:23,57.71,100,
10:14:23,57.72,153,
10:14:28,57.72,100,
10:14:28,57.71,100,
10:14:28,57.71,100,
10:14:29,57.71,600,
10:14:29,57.70,100,
10:14:29,57.70,100,
10:14:33,57.71,100,
10:14:33,57.71,100,
10:14:34,57.71,100,
10:14:37,57.71,100,
10:14:37,57.71,100,
10:14:47,57.7393,100,
10:14:49,57.7316,300,
10:14:53,57.74,200,
10:14:53,57.75,100,
10:14:53,57.75,100,
10:15:00,57.70,934,
10:15:00,57.70,100,
10:15:00,57.71,100,
10:15:00,57.71,100,
10:15:01,57.71,200,
10:15:06,57.7101,100,
10:15:08,57.7268,450,
10:15:10,57.73,100,
10:15:10,57.73,100,
10:15:12,57.74,277,
10:15:12,57.73,200,
10:15:15,57.73,200,
10:15:18,57.73,100,
10:15:19,57.71,200,
10:15:25,57.74,100,
10:15:25,57.73,100,
10:15:27,57.75,200,
10:15:30,57.74,100,
10:15:30,57.72,200,
10:15:30,57.73,100,
10:15:31,57.73,100,
10:15:41,57.75,100,
10:15:41,57.75,100,
10:15:41,57.7499,1000,
10:15:41,57.73,100,
10:15:43,57.75,100,
10:15:46,57.77,100,
10:15:46,57.77,100,
10:15:46,57.75,100,
10:15:46,57.76,100,
10:15:47,57.76,200,
10:15:50,57.75,100,
10:15:51,57.76,200,
10:15:53,57.7568,100,
10:15:53,57.76,100,
10:15:55,57.75,100,
10:15:58,57.77,100,
10:15:58,57.7698,200,
10:15:59,57.75,100,
10:15:59,57.76,100,
10:15:59,57.76,100,
10:16:00,57.751,100,
10:16:01,57.77,100,
10:16:01,57.78,100,
10:16:01,57.7586,100,
10:16:01,57.765,100,
10:16:01,57.775,100,
10:16:02,57.751,500,
10:16:02,57.752,2800,
10:16:06,57.751,100,
10:16:06,57.7692,200,
10:16:10,57.77,100,
10:16:11,57.77,100,
10:16:11,57.77,100,
10:16:18,57.79,100,
10:16:18,57.79,100,
10:16:18,57.79,100,
10:16:18,57.80,100,
10:16:18,57.80,100,
10:16:19,57.83,400,
10:16:19,57.83,100,
10:16:19,57.82,200,
10:16:19,57.83,100,
10:16:19,57.84,100,
10:16:19,57.84,100,
10:16:19,57.84,100,
10:16:19,57.85,200,
10:16:19,57.85,100,
10:16:19,57.81,100,
10:16:20,57.8254,100,
10:16:20,57.8288,100,
10:16:21,57.825,200,
10:16:21,57.8283,200,
10:16:24,57.8005,700,
10:16:24,57.81,200,
10:16:24,57.81,300,
10:16:25,57.8084,200,
10:16:33,57.80,200,
10:16:33,57.79,100,
10:16:33,57.79,100,
10:16:33,57.79,100,
10:16:35,57.80,300,
10:16:37,57.78,100,
10:16:37,57.77,100,
10:16:37,57.77,100,
10:16:37,57.77,100,
10:16:37,57.76,100,
10:16:37,57.76,600,
10:16:37,57.75,100,
10:16:37,57.75,200,
10:16:37,57.78,100,
10:16:39,57.76,100,
10:16:39,57.76,100,
10:16:39,57.76,100,
10:16:39,57.77,100,
10:16:44,57.76,200,
10:16:44,57.76,100,
10:16:44,57.76,100,
10:16:44,57.76,100,
10:16:44,57.76,100,
10:16:47,57.79,100,
10:16:47,57.78,100,
10:16:49,57.78,100,
10:16:56,57.79,100,
10:16:58,57.81,100,
10:17:06,57.81,100,
10:17:10,57.84,200,
10:17:10,57.83,200,
10:17:10,57.85,300,
10:17:10,57.85,300,
10:17:10,57.85,200,
10:17:10,57.86,500,
10:17:12,57.84,100,
10:17:12,57.84,200,
10:17:12,57.84,100,
10:17:14,57.8432,400,
10:17:15,57.87,200,
10:17:18,57.87,100,
10:17:18,57.89,100,
10:17:18,57.90,100,
10:17:19,57.90,200,
10:17:19,57.90,100,
10:17:23,57.90,100,
10:17:23,57.89,100,
10:17:23,57.91,100,
10:17:23,57.92,100,
10:17:23,57.92,200,
10:17:23,57.92,100,
10:17:24,57.91,100,
10:17:24,57.93,100,
10:17:24,57.93,100,
10:17:24,57.93,100,
10:17:24,57.91,100,
10:17:24,57.91,100,
10:17:24,57.91,100,
10:17:25,57.91,100,
10:17:25,57.91,100,
10:17:25,57.91,100,
10:17:26,57.91,100,
10:17:26,57.9151,100,
10:17:26,57.9268,400,
10:17:32,57.921,150,
10:17:36,57.9341,800,
10:17:36,57.94,1100,
10:17:36,57.94,1000,
10:17:36,57.93,200,
10:17:36,57.9471,1017,
10:17:38,57.93,100,
10:17:38,57.937,100,
10:17:40,57.92,200,
10:17:40,57.92,100,
10:17:40,57.90,337,
10:17:40,57.90,100,
10:17:41,57.94,100,
10:17:42,57.91,100,
10:17:43,57.91,100,
10:17:51,57.91,100,
10:17:51,57.91,100,
10:17:51,57.9081,100,
10:17:53,57.91,100,
10:17:53,57.91,100,
10:17:55,57.915,200,
10:17:55,57.925,100,
10:17:55,57.925,140,
10:17:55,57.925,100,
10:17:57,57.92,100,
10:17:57,57.92,100,
10:17:58,57.91,100,
10:18:00,57.91,100,
10:18:04,57.91,100,
10:18:07,57.90,100,
10:18:07,57.89,100,
10:18:07,57.8674,100,
10:18:07,57.86,100,
10:18:07,57.85,100,
10:18:07,57.85,100,
10:18:07,57.85,100,
10:18:07,57.84,100,
10:18:07,57.84,100,
10:18:07,57.86,100,
10:18:07,57.83,100,
10:18:07,57.85,100,
10:18:08,57.84,200,
10:18:08,57.83,100,
10:18:09,57.83,100,
10:18:09,57.82,200,
10:18:09,57.83,100,
10:18:09,57.82,200,
10:18:09,57.822,100,
10:18:09,57.82,800,
10:18:09,57.83,100,
10:18:12,57.84,100,
10:18:12,57.84,100,
10:18:13,57.84,100,
10:18:13,57.85,100,
10:18:13,57.85,600,
10:18:16,57.84,100,
10:18:17,57.84,100,
10:18:17,57.85,100,
10:18:17,57.84,100,
10:18:18,57.86,100,
10:18:26,57.83,100,
10:18:32,57.81,100,
10:18:32,57.81,400,
10:18:32,57.81,200,
10:18:33,57.84,200,
10:18:37,57.82,200,
10:18:37,57.82,200,
10:18:37,57.80,100,
10:18:39,57.824,500,
10:18:41,57.80,100,
10:18:41,57.80,100,
10:18:41,57.80,100,
10:18:41,57.80,100,
10:18:41,57.7987,100,
10:18:48,57.78,100,
10:18:48,57.79,600,
10:18:48,57.77,140,
10:18:48,57.78,100,
10:18:48,57.78,100,
10:18:48,57.78,100,
10:18:50,57.79,200,
10:18:50,57.79,100,
10:18:51,57.79,100,
10:18:51,57.79,100,
10:18:51,57.78,1556,
10:18:52,57.7801,100,
10:18:52,57.7801,140,
10:18:52,57.7801,100,
10:18:59,57.7886,100,
10:19:01,57.76,100,
10:19:01,57.75,955,
10:19:01,57.76,100,
10:19:01,57.76,100,
10:19:01,57.77,100,
10:19:01,57.77,100,
10:19:01,57.77,100,
10:19:02,57.79,500,
10:19:03,57.79,100,
10:19:15,57.7601,100,
10:19:15,57.7601,100,
10:19:15,57.7601,100,
10:19:16,57.7501,100,
10:19:29,57.75,2100,
10:19:29,57.75,100,
10:19:29,57.75,300,
10:19:29,57.76,100,
10:19:29,57.76,100,
10:19:32,57.75,400,
10:19:32,57.75,100,
10:19:32,57.75,100,
10:19:32,57.75,200,
10:19:36,57.76,200,
10:19:49,57.83,100,
10:19:49,57.84,100,
10:19:49,57.85,100,
10:19:49,57.86,1000,
10:19:49,57.88,100,
10:19:49,57.88,200,
10:19:49,57.87,100,
10:19:49,57.88,100,
10:19:49,57.88,100,
10:19:49,57.87,100,
10:19:49,57.87,100,
10:19:50,57.86,100,
10:19:50,57.86,100,
10:19:51,57.86,200,
10:19:52,57.85,100,
10:19:53,57.86,500,
10:19:53,57.83,100,
10:19:53,57.83,100,
10:19:54,57.83,100,
10:19:54,57.83,100,
10:20:07,57.86,100,
10:20:10,57.87,100,
10:20:10,57.87,100,
10:20:10,57.87,100,
10:20:15,57.89,100,
10:20:21,57.90,100,
10:20:25,57.91,100,
10:20:26,57.90,100,
10:20:26,57.89,100,
10:20:26,57.89,100,
10:20:26,57.90,100,
10:20:28,57.9081,400,
10:20:29,57.91,500,
10:20:34,57.87,100,
10:20:34,57.87,100,
10:20:34,57.87,100,
10:20:34,57.90,100,
10:20:34,57.88,100,
10:20:34,57.90,100,
10:20:38,57.88,100,
10:20:38,57.8799,100,
10:20:38,57.8799,100,
10:20:38,57.8799,100,
10:20:42,57.88,200,
10:20:46,57.94,300,
10:20:46,57.94,100,
10:20:46,57.94,100,
10:20:47,57.93,100,
10:20:47,57.93,100,
10:20:49,57.91,100,
10:20:49,57.9208,200,
10:20:49,57.91,100,
10:20:49,57.91,100,
10:20:51,57.95,100,
10:20:51,57.96,100,
10:20:51,57.96,100,
10:20:51,57.95,100,
10:20:51,57.97,100,
10:20:51,57.97,100,
10:20:51,57.96,100,
10:20:51,57.97,100,
10:20:51,57.96,100,
10:20:51,57.99,200,
10:20:51,57.99,100,
10:20:51,57.99,140,
10:20:51,57.98,1000,
10:20:51,58,100,
10:20:52,57.99,160,
10:20:52,57.99,100,
10:20:53,57.98,100,
10:20:53,57.98,100,
10:20:53,57.97,100,
10:20:53,57.97,100,
10:20:56,57.98,100,
10:20:57,57.9899,100,
10:20:58,57.98,100,
10:20:58,57.98,100,
10:20:58,57.97,200,
10:20:58,57.97,300,
10:20:58,57.98,100,
10:20:58,57.96,100,
10:21:00,57.96,200,
10:21:00,57.95,100,
10:21:00,57.94,100,
10:21:00,57.95,100,
10:21:00,57.93,100,
10:21:00,57.93,100,
10:21:02,57.94,100,
10:21:02,57.94,100,
10:21:04,57.939,100,
10:21:04,57.95,100,
10:21:05,57.96,100,
10:21:06,57.99,100,
10:21:06,57.998,2200,
10:21:07,57.98,800,
10:21:07,57.98,800,
10:21:08,58,100,
10:21:10,57.9871,900,
10:21:10,57.98,100,
10:21:10,57.98,100,
10:21:10,57.98,100,
10:21:11,57.9769,250,
10:21:13,57.9805,1000,
10:21:13,57.98,100,
10:21:13,57.98,500,
10:21:16,57.9992,100,
10:21:18,58,1700,
10:21:18,58,1000,
10:21:18,58,200,
10:21:18,58,100,
10:21:18,58,100,
10:21:18,58,125,
10:21:19,57.99,100,
10:21:20,58,100,
10:21:23,58.02,500,
10:21:23,58.03,100,
10:21:23,58.03,100,
10:21:24,58.03,700,
10:21:24,58.03,1000,
10:21:24,58.04,100,
10:21:25,58.01,100,
10:21:25,58,600,
10:21:25,58,100,
10:21:25,58.01,400,
10:21:26,58,100,
10:21:26,58,400,
10:21:30,58.002,763,
10:21:32,58.027,100,
10:21:36,58.0001,1000,
10:21:37,58,100,
10:21:38,58.01,100,
10:21:38,58,200,
10:21:38,58,146,
10:21:38,58,100,
10:21:38,58,100,
10:21:39,57.99,200,
10:21:39,57.9872,100,
10:21:39,57.9815,100,
10:21:47,57.97,100,
10:21:49,57.9632,100,
10:21:50,57.95,300,
10:21:53,57.97,200,
10:21:57,57.9456,100,
10:21:57,57.9454,100,
10:21:57,57.941,300,
10:22:00,57.942,500,
10:22:00,57.95,100,
10:22:02,57.97,200,
10:22:02,57.98,200,
10:22:02,57.99,100,
10:22:02,57.99,1000,
10:22:02,57.99,300,
10:22:02,57.99,100,
10:22:02,57.98,100,
10:22:02,58,100,
10:22:02,58,100,
10:22:02,58,100,
10:22:02,58,2000,
10:22:03,57.98,100,
10:22:03,57.99,100,
10:22:07,58.01,100,
10:22:11,58.014,600,
10:22:13,58.01,100,
10:22:15,58.012,100,
10:22:19,58.01,100,
10:22:19,58.0269,100,
10:22:20,58,100,
10:22:22,57.99,100,
10:22:25,58,100,
10:22:34,58.01,100,
10:22:36,58.03,200,
10:22:36,58.03,100,
10:22:36,58.03,100,
10:22:36,58.03,100,
10:22:38,58.0101,500,
10:22:39,58.04,100,
10:22:42,58.03,100,
10:22:43,58.03,100,
10:22:45,58.02,200,
10:22:46,58.0106,1000,
10:22:46,58.01,100,
10:22:50,58.03,200,
10:22:50,58.02,100,
10:22:51,58.0205,500,
10:22:53,58.01,1000,
10:22:56,57.99,100,
10:22:57,58,200,
10:23:04,58.01,200,
10:23:04,58.01,100,
10:23:04,58,100,
10:23:07,58.01,100,
10:23:07,58.01,100,
10:23:07,58.01,100,
10:23:07,58.01,100,
10:23:09,58.01,100,
10:23:12,58.011,200,
10:23:13,58.02,200,
10:23:13,58.032,100,
10:23:16,58.04,100,
10:23:16,58.04,100,
10:23:16,58.05,300,
10:23:16,58.05,100,
10:23:18,58.06,300,
10:23:18,58.06,100,
10:23:18,58.06,200,
10:23:18,58.06,100,
10:23:18,58.06,500,
10:23:18,58.06,300,
10:23:18,58.06,100,
10:23:18,58.06,300,
10:23:18,58.06,300,
10:23:18,58.06,600,
10:23:18,58.07,200,
10:23:18,58.08,300,
10:23:18,58.08,700,
10:23:18,58.09,200,
10:23:18,58.10,100,
10:23:18,58.11,100,
10:23:18,58.11,200,
10:23:18,58.11,100,
10:23:19,58.11,100,
10:23:20,58.10,100,
10:23:20,58.09,100,
10:23:20,58.06,100,
10:23:21,58.062,200,
10:23:22,58.07,100,
10:23:23,58.07,200,
10:23:25,58.065,400,
10:23:25,58.07,300,
10:23:26,58.0559,1000,
10:23:29,58.03,100,
10:23:29,58,200,
10:23:29,58,100,
10:23:29,57.98,100,
10:23:29,57.99,100,
10:23:29,57.96,1000,
10:23:30,57.97,100,
10:23:30,57.9901,100,
10:23:30,57.99,100,
10:23:31,57.99,100,
10:23:31,57.99,100,
10:23:37,58,300,
10:23:37,57.97,100,
10:23:37,57.97,100,
10:23:37,57.95,600,
10:23:41,57.92,100,
10:23:42,57.9043,100,
10:23:43,57.89,300,
10:23:44,57.90,300,
10:23:45,57.85,200,
10:23:45,57.86,100,
10:23:46,57.85,300,
10:23:47,57.86,500,
10:23:49,57.8814,800,
10:23:51,57.88,100,
10:23:54,57.90,100,
10:24:05,57.84,100,
10:24:08,57.82,100,
10:24:08,57.81,575,
10:24:11,57.80,300,
10:24:11,57.82,100,
10:24:11,57.82,100,
10:24:12,57.83,100,
10:24:13,57.82,100,
10:24:15,57.83,100,
10:24:21,57.86,100,
10:24:25,57.87,100,
10:24:25,57.87,200,
10:24:31,57.8706,865,
10:24:33,57.87,100,
10:24:39,57.89,100,
10:24:44,57.89,100,
10:24:48,57.91,500,
10:24:52,57.871,100,
10:24:53,57.86,100,
10:24:53,57.85,100,
10:24:54,57.87,400,
10:24:54,57.87,300,
10:24:57,57.86,500,
10:25:00,57.87,100,
10:25:00,57.87,200,
10:25:01,57.882,100,
10:25:01,57.882,100,
10:25:02,57.882,100,
10:25:02,57.882,100,
10:25:02,57.882,140,
10:25:05,57.8829,600,
10:25:07,57.8973,1000,
10:25:07,57.90,300,
10:25:08,57.93,100,
10:25:08,57.95,300,
10:25:08,57.95,100,
10:25:08,57.95,100,
10:25:10,57.95,200,
10:25:10,57.94,130,
10:25:10,57.94,200,
10:25:15,57.92,290,
10:25:15,57.95,100,
10:25:15,57.96,100,
10:25:15,57.96,200,
10:25:15,57.96,100,
10:25:15,57.96,100,
10:25:15,57.96,100,
10:25:15,57.98,100,
10:25:18,57.98,100,
10:25:18,58.01,100,
10:25:18,58.0186,190,
10:25:20,58.0034,300,
10:25:20,58.0001,1000,
10:25:20,58,100,
10:25:21,57.99,100,
10:25:22,57.99,100,
10:25:24,58,100,
10:25:24,57.9919,300,
10:25:28,58.002,100,
10:25:30,58.02,284,
10:25:30,58.02,316,
10:25:30,58.01,100,
10:25:30,58.02,100,
10:25:31,58.03,100,
10:25:31,58.04,200,
10:25:31,58.05,200,
10:25:31,58.04,100,
10:25:31,58.07,200,
10:25:31,58.07,100,
10:25:31,58.07,300,
10:25:31,58.07,100,
10:25:31,58.07,200,
10:25:32,58.09,200,
10:25:34,58.0573,1000,
10:25:37,58.07,200,
10:25:37,58.07,100,
10:25:37,58.05,4855,
10:25:37,58.06,100,
10:25:38,58.07,180,
10:25:39,58.06,200,
10:25:42,58.062,500,
10:25:46,58.05,200,
10:25:46,58.05,100,
10:25:47,58.04,200,
10:25:47,58.04,300,
10:25:48,58.04,300,
10:25:48,58.041,1900,
10:25:48,58.05,100,
10:25:48,58.041,300,
10:25:49,58.041,100,
10:25:50,58.02,200,
10:25:50,58.02,100,
10:25:50,57.98,100,
10:25:54,57.9632,450,
10:25:54,57.961,100,
10:25:57,57.96,100,
10:26:04,57.98,100,
10:26:06,57.97,100,
10:26:07,57.95,400,
10:26:07,57.93,100,
10:26:07,57.93,100,
10:26:18,57.98,500,
10:26:24,58,100,
10:26:26,58.02,141,
10:26:27,58.01,100,
10:26:30,58.01,100,
10:26:30,58.04,100,
10:26:30,58.04,500,
10:26:30,58.04,100,
10:26:34,58.002,100,
10:26:42,58.02,200,
10:26:42,58.03,100,
10:26:42,58.0399,200,
10:26:49,58.07,100,
10:26:49,58.07,100,
10:26:52,58.06,600,
10:26:52,58.06,200,
10:26:52,58.06,100,
10:26:52,58.06,260,
10:26:52,58.0601,100,
10:26:52,58.0601,600,
10:26:52,58.0601,100,
10:26:52,58.06,200,
10:26:52,58.0601,300,
10:26:52,58.0601,260,
10:26:52,58.06,600,
10:26:52,58.0601,300,
10:26:52,58.0601,600,
10:26:52,58.05,1300,
10:26:54,58.0216,200,
10:26:55,58.0116,150,
10:27:03,58.0129,900,
10:27:06,58,100,
10:27:06,58.01,100,
10:27:06,58.01,100,
10:27:06,58.02,100,
10:27:10,58.039,300,
10:27:10,58.04,6700,
10:27:11,58.04,154,
10:27:12,58.06,100,
10:27:16,58.039,100,
10:27:16,58.02,200,
10:27:16,58.02,100,
10:27:21,58,400,
10:27:21,58,500,
10:27:21,58,100,
10:27:21,57.99,100,
10:27:24,58.0005,1000,
10:27:27,58.0099,1700,
10:27:28,58,100,
10:27:29,57.96,200,
10:27:30,57.9599,526,
10:27:32,57.97,100,
10:27:32,57.97,100,
10:27:35,57.95,100,
10:27:35,57.95,200,
10:27:35,57.94,100,
10:27:39,57.95,100,
10:27:39,57.9499,200,
10:27:44,57.94,200,
10:27:44,57.9399,100,
10:27:44,57.95,2700,
10:27:47,57.93,100,
10:27:53,57.94,400,
10:27:54,57.91,100,
10:28:14,57.92,100,
10:28:14,57.90,200,
10:28:14,57.91,200,
10:28:17,57.87,3800,
10:28:21,57.85,100,
10:28:21,57.85,100,
10:28:21,57.86,100,
10:28:25,57.89,100,
10:28:25,57.90,100,
10:28:26,57.89,100,
10:28:26,57.90,100,
10:28:26,57.898,100,
10:28:26,57.898,500,
10:28:38,57.92,100,
10:28:43,57.93,140,
10:28:43,57.94,100,
10:28:48,57.99,100,
10:28:51,57.9901,1400,
10:28:51,57.9928,100,
10:28:51,57.991,200,
10:28:52,58,200,
10:28:54,57.98,100,
10:28:55,57.97,135,
10:28:55,57.97,100,
10:28:55,57.98,100,
10:28:55,57.98,300,
10:28:57,57.988,260,
10:28:58,57.992,500,
10:29:01,57.94,100,
10:29:01,57.94,200,
10:29:27,57.96,100,
10:29:27,57.95,600,
10:29:27,57.94,200,
10:29:27,57.95,100,
10:29:30,57.89,100,
10:29:30,57.90,200,
10:29:34,57.88,200,
10:29:34,57.85,300,
10:29:34,57.85,350,
10:29:34,57.86,100,
10:29:34,57.87,100,
10:29:35,57.84,100,
10:29:35,57.84,100,
10:29:37,57.8501,200,
10:29:38,57.89,100,
10:29:38,57.89,100,
10:29:39,57.881,100,
10:29:39,57.854,700,
10:29:46,57.8862,200,
10:29:52,57.8914,1000,
10:29:54,57.9132,200,
10:29:56,57.90,200,
10:29:56,57.90,100,
10:29:59,57.9007,430,
10:30:01,57.88,100,
10:30:02,57.89,100,
10:30:02,57.92,100,
10:30:04,57.92,100,
10:30:05,57.94,100,
10:30:05,57.94,100,
10:30:05,57.93,100,
10:30:05,57.93,200,
10:30:07,57.9216,100,
10:30:09,57.92,100,
10:30:09,57.93,1900,
10:30:11,57.9296,100,
10:30:13,57.93,200,
10:30:21,57.94,100,
10:30:25,57.92,200,
10:30:25,57.92,140,
10:30:25,57.9105,700,
10:30:29,57.92,100,
10:30:43,57.90,100,
10:30:46,57.92,100,
10:30:46,57.93,100,
10:30:49,57.92,100,
10:30:58,57.8957,100,
10:30:58,57.891,1400,
10:31:08,57.90,100,
10:31:08,57.91,100,
10:31:08,57.92,200,
10:31:08,57.93,300,
10:31:08,57.93,100,
10:31:08,57.91,100,
10:31:10,57.90,100,
10:31:10,57.91,100,
10:31:10,57.90,100,
10:31:15,57.93,100,
10:31:15,57.91,100,
10:31:19,57.92,100,
10:31:19,57.92,100,
10:31:27,57.90,100,
10:31:27,57.90,200,
10:31:27,57.90,900,
10:31:40,57.8932,158,
10:31:41,57.87,100,
10:31:41,57.87,100,
10:31:48,57.88,100,
10:31:50,57.90,100,
10:31:50,57.90,100,
10:31:53,57.88,100,
10:31:57,57.86,200,
10:31:57,57.84,800,
10:31:58,57.82,100,
10:31:58,57.82,100,
10:31:58,57.82,100,
10:31:58,57.82,100,
10:31:58,57.82,100,
10:31:58,57.82,100,
10:31:58,57.84,100,
10:31:58,57.83,900,
10:31:58,57.77,100,
10:31:59,57.78,100,
10:31:59,57.78,100,
10:31:59,57.78,100,
10:31:59,57.7799,100,
10:31:59,57.7799,100,
10:31:59,57.79,200,
10:32:00,57.7895,100,
10:32:03,57.7832,300,
10:32:04,57.78,200,
10:32:04,57.78,100,
10:32:04,57.77,100,
10:32:04,57.78,100,
10:32:04,57.78,100,
10:32:04,57.78,300,
10:32:05,57.76,100,
10:32:05,57.76,300,
10:32:05,57.7501,200,
10:32:05,57.75,724,
10:32:05,57.75,300,
10:32:06,57.752,300,
10:32:07,57.75,400,
10:32:09,57.75,100,
10:32:09,57.73,200,
10:32:09,57.72,100,
10:32:09,57.70,100,
10:32:09,57.75,100,
10:32:09,57.692,526,
10:32:10,57.71,100,
10:32:10,57.70,200,
10:32:12,57.69,960,
10:32:12,57.691,1700,
10:32:13,57.72,200,
10:32:13,57.73,100,
10:32:20,57.76,100,
10:32:23,57.71,100,
10:32:23,57.68,100,
10:32:24,57.68,500,
10:32:26,57.66,100,
10:32:26,57.66,100,
10:32:27,57.64,100,
10:32:27,57.64,200,
10:32:27,57.65,109,
10:32:29,57.641,100,
10:32:29,57.63,100,
10:32:29,57.63,100,
10:32:30,57.63,100,
10:32:31,57.65,600,
10:32:31,57.65,150,
10:32:32,57.67,100,
10:32:33,57.68,200,
10:32:33,57.68,100,
10:32:33,57.70,200,
10:32:33,57.69,100,
10:32:33,57.68,100,
10:32:33,57.69,191,
10:32:33,57.69,100,
10:32:33,57.67,100,
10:32:35,57.68,100,
10:32:35,57.68,100,
10:32:40,57.66,100,
10:32:40,57.6601,100,
10:32:41,57.67,200,
10:32:45,57.669,100,
10:32:48,57.69,200,
10:32:48,57.69,100,
10:32:49,57.72,100,
10:32:49,57.72,100,
10:32:49,57.72,200,
10:32:51,57.66,1100,
10:32:51,57.64,100,
10:32:51,57.64,100,
10:32:52,57.648,200,
10:32:55,57.65,100,
10:32:56,57.64,200,
10:32:56,57.64,100,
10:32:56,57.63,100,
10:32:56,57.62,100,
10:32:57,57.6398,100,
10:32:59,57.61,100,
10:33:00,57.6016,250,
10:33:00,57.60,175,
10:33:04,57.60,100,
10:33:04,57.60,750,
10:33:04,57.60,100,
10:33:04,57.61,300,
10:33:04,57.61,200,
10:33:04,57.60,2000,
10:33:04,57.60,100,
10:33:07,57.62,100,
10:33:12,57.6494,1000,
10:33:13,57.65,100,
10:33:15,57.65,100,
10:33:18,57.64,100,
10:33:18,57.65,100,
10:33:18,57.63,200,
10:33:18,57.63,100,
10:33:18,57.63,100,
10:33:18,57.61,200,
10:33:18,57.62,100,
10:33:19,57.628,100,
10:33:19,57.628,671,
10:33:22,57.63,100,
10:33:22,57.65,100,
10:33:22,57.65,200,
10:33:22,57.66,100,
10:33:22,57.66,168,
10:33:22,57.66,300,
10:33:22,57.66,300,
10:33:22,57.64,100,
10:33:23,57.61,100,
10:33:24,57.60,100,
10:33:26,57.6438,100,
10:33:30,57.62,200,
10:33:30,57.6127,1000,
10:33:33,57.62,200,
10:33:33,57.63,100,
10:33:33,57.64,100,
10:33:33,57.65,100,
10:33:36,57.65,600,
10:33:45,57.70,400,
10:33:45,57.69,100,
10:33:45,57.69,200,
10:33:50,57.69,135,
10:33:50,57.69,300,
10:33:50,57.69,100,
10:33:52,57.67,100,
10:33:52,57.67,100,
10:33:53,57.69,100,
10:33:56,57.68,100,
10:33:56,57.69,100,
10:33:56,57.70,1335,
10:34:18,57.64,100,
10:34:26,57.62,100,
10:34:26,57.66,100,
10:34:27,57.6698,100,
10:34:31,57.65,100,
10:34:33,57.67,100,
10:34:34,57.68,100,
10:34:42,57.6494,1000,
10:34:43,57.63,100,
10:34:43,57.62,100,
10:34:43,57.62,200,
10:34:44,57.62,200,
10:34:44,57.62,200,
10:34:45,57.60,100,
10:34:45,57.58,100,
10:34:46,57.58,200,
10:34:48,57.596,1500,
10:34:51,57.59,800,
10:34:52,57.574,500,
10:34:54,57.60,300,
10:34:54,57.59,100,
10:34:54,57.5828,500,
10:34:57,57.57,100,
10:35:05,57.62,100,
10:35:14,57.628,200,
10:35:14,57.628,200,
10:35:14,57.63,200,
10:35:14,57.628,100,
10:35:14,57.63,200,
10:35:14,57.63,100,
10:35:19,57.6201,400,
10:35:19,57.63,100,
10:35:19,57.63,100,
10:35:20,57.65,100,
10:35:20,57.66,100,
10:35:20,57.66,100,
10:35:20,57.69,100,
10:35:20,57.69,100,
10:35:21,57.67,100,
10:35:28,57.70,100,
10:35:29,57.6883,150,
10:35:37,57.6986,500,
10:35:37,57.70,100,
10:35:37,57.70,100,
10:35:42,57.71,100,
10:35:43,57.71,100,
10:35:48,57.7199,700,
10:35:56,57.68,100,
10:35:58,57.68,400,
10:36:01,57.68,100,
10:36:03,57.66,100,
10:36:03,57.66,100,
10:36:07,57.652,700,
10:36:07,57.65,100,
10:36:13,57.6699,100,
10:36:14,57.6786,300,
10:36:17,57.67,100,
10:36:24,57.6799,2300,
10:36:27,57.66,100,
10:36:27,57.66,100,
10:36:27,57.66,100,
10:36:29,57.63,160,
10:36:37,57.60,100,
10:36:39,57.575,300,
10:36:45,57.60,200,
10:36:53,57.62,100,
10:36:56,57.63,100,
10:36:59,57.62,1400,
10:36:59,57.61,600,
10:36:59,57.60,100,
10:36:59,57.59,100,
10:36:59,57.59,300,
10:36:59,57.59,1700,
10:36:59,57.59,800,
10:36:59,57.59,100,
10:36:59,57.59,100,
10:36:59,57.58,300,
10:36:59,57.58,100,
10:36:59,57.59,100,
10:37:03,57.60,100,
10:37:04,57.6087,100,
10:37:04,57.6087,200,
10:37:04,57.6087,200,
10:37:04,57.6086,100,
10:37:04,57.61,100,
10:37:04,57.61,200,
10:37:04,57.61,100,
10:37:04,57.59,200,
10:37:05,57.60,100,
10:37:11,57.61,100,
10:37:17,57.61,100,
10:37:17,57.61,100,
10:37:19,57.62,100,
10:37:25,57.6241,500,
10:37:27,57.62,100,
10:37:28,57.63,100,
10:37:29,57.63,100,
10:37:40,57.63,100,
10:37:45,57.6554,200,
10:37:47,57.64,100,
10:37:58,57.5899,200,
10:37:59,57.60,300,
10:37:59,57.60,100,
10:37:59,57.60,100,
10:38:00,57.61,300,
10:38:00,57.61,100,
10:38:00,57.61,100,
10:38:00,57.61,200,
10:38:00,57.61,300,
10:38:00,57.62,1000,
10:38:00,57.62,100,
10:38:00,57.62,300,
10:38:00,57.63,100,
10:38:00,57.6123,100,
10:38:02,57.60,100,
10:38:04,57.582,800,
10:38:06,57.5425,100,
10:38:06,57.5423,100,
10:38:06,57.541,400,
10:38:06,57.542,139,
10:38:06,57.54,100,
10:38:06,57.55,100,
10:38:06,57.531,500,
10:38:06,57.531,400,
10:38:07,57.54,200,
10:38:09,57.55,100,
10:38:09,57.552,100,
10:38:09,57.5009,200,
10:38:09,57.50,150,
10:38:10,57.5002,100,
10:38:10,57.50,200,
10:38:10,57.50,100,
10:38:10,57.5005,300,
10:38:10,57.50,350,
10:38:10,57.53,100,
10:38:10,57.538,139,
10:38:11,57.532,200,
10:38:12,57.531,100,
10:38:13,57.538,1000,
10:38:14,57.57,100,
10:38:14,57.57,100,
10:38:14,57.57,100,
10:38:14,57.57,100,
10:38:15,57.54,200,
10:38:15,57.54,100,
10:38:15,57.54,148,
10:38:15,57.54,500,
10:38:15,57.56,100,
10:38:15,57.55,200,
10:38:20,57.58,400,
10:38:20,57.59,100,
10:38:20,57.58,100,
10:38:20,57.59,100,
10:38:20,57.58,100,
10:38:27,57.61,200,
10:38:27,57.61,100,
10:38:28,57.63,600,
10:38:32,57.5901,100,
10:38:32,57.60,100,
10:38:34,57.61,100,
10:38:40,57.634,175,
10:38:42,57.65,200,
10:38:42,57.64,200,
10:38:42,57.65,100,
10:38:42,57.65,100,
10:38:44,57.63,135,
10:38:48,57.6159,600,
10:38:52,57.60,100,
10:38:52,57.60,100,
10:38:52,57.60,100,
10:38:57,57.62,200,
10:39:00,57.61,100,
10:39:05,57.60,110,
10:39:13,57.59,100,
10:39:14,57.59,100,
10:39:31,57.65,200,
10:39:32,57.65,288,
10:39:32,57.65,600,
10:39:33,57.71,100,
10:39:33,57.70,300,
10:39:33,57.70,100,
10:39:33,57.70,100,
10:39:33,57.70,400,
10:39:34,57.70,100,
10:39:34,57.69,100,
10:39:34,57.69,100,
10:39:34,57.68,200,
10:39:34,57.67,100,
10:39:47,57.65,160,
10:39:49,57.6386,100,
10:39:49,57.6386,100,
10:39:52,57.6438,300,
10:39:54,57.6499,3150,
10:39:55,57.6498,100,
10:40:00,57.65,200,
10:40:00,57.65,100,
10:40:00,57.66,155,
10:40:00,57.67,200,
10:40:00,57.68,100,
10:40:01,57.66,100,
10:40:01,57.66,100,
10:40:01,57.66,1400,
10:40:01,57.66,100,
10:40:01,57.662,600,
10:40:01,57.66,200,
10:40:04,57.65,1000,
10:40:05,57.66,800,
10:40:05,57.66,800,
10:40:07,57.68,600,
10:40:10,57.71,100,
10:40:12,57.70,100,
10:40:15,57.6999,4000,
10:40:16,57.70,700,
10:40:22,57.71,100,
10:40:23,57.75,200,
10:40:23,57.74,100,
10:40:23,57.7386,100,
10:40:25,57.72,200,
10:40:25,57.71,400,
10:40:27,57.72,100,
10:40:35,57.76,100,
10:40:35,57.75,100,
10:40:37,57.74,600,
10:40:39,57.75,500,
10:40:39,57.75,580,
10:40:43,57.75,100,
10:40:43,57.7499,200,
10:40:43,57.7499,100,
10:40:44,57.73,600,
10:40:54,57.74,100,
10:40:54,57.74,100,
10:40:54,57.74,100,
10:40:57,57.77,100,
10:40:57,57.77,100,
10:40:57,57.77,200,
10:40:57,57.79,294,
10:40:57,57.76,100,
10:40:57,57.77,100,
10:40:58,57.7704,100,
10:40:58,57.75,100,
10:41:02,57.76,100,
10:41:04,57.75,272,
10:41:04,57.75,100,
10:41:07,57.7598,100,
10:41:11,57.7451,100,
10:41:11,57.7447,100,
10:41:11,57.74,100,
10:41:11,57.73,100,
10:41:17,57.75,300,
10:41:17,57.74,100,
10:41:17,57.74,100,
10:41:33,57.69,200,
10:41:34,57.69,200,
10:41:41,57.674,100,
10:41:42,57.70,300,
10:41:42,57.70,100,
10:41:43,57.72,200,
10:41:43,57.73,100,
10:41:49,57.7475,500,
10:41:53,57.72,100,
10:41:53,57.72,100,
10:41:55,57.74,100,
10:42:00,57.73,100,
10:42:06,57.75,100,
10:42:06,57.75,100,
10:42:06,57.75,2600,
10:42:08,57.77,100,
10:42:08,57.77,100,
10:42:08,57.77,100,
10:42:10,57.78,100,
10:42:10,57.78,100,
10:42:10,57.79,300,
10:42:10,57.80,200,
10:42:11,57.78,100,
10:42:12,57.80,200,
10:42:12,57.78,100,
10:42:12,57.77,100,
10:42:13,57.77,100,
10:42:15,57.78,100,
10:42:16,57.7868,200,
10:42:18,57.77,100,
10:42:18,57.77,100,
10:42:18,57.77,200,
10:42:21,57.7601,100,
10:42:22,57.7601,200,
10:42:25,57.74,100,
10:42:27,57.70,100,
10:42:33,57.71,200,
10:42:33,57.70,100,
10:42:33,57.70,100,
10:42:41,57.68,100,
10:42:46,57.71,100,
10:42:48,57.69,100,
10:42:48,57.70,100,
10:42:48,57.70,100,
10:42:48,57.70,100,
10:42:49,57.70,500,
10:42:54,57.672,100,
10:42:56,57.70,100,
10:43:02,57.67,100,
10:43:05,57.64,300,
10:43:05,57.64,100,
10:43:05,57.65,200,
10:43:05,57.63,300,
10:43:05,57.61,100,
10:43:05,57.602,100,
10:43:07,57.61,100,
10:43:07,57.61,100,
10:43:07,57.60,127,
10:43:07,57.62,100,
10:43:07,57.63,100,
10:43:10,57.6308,125,
10:43:13,57.66,100,
10:43:24,57.65,200,
10:43:24,57.64,193,
10:43:24,57.65,143,
10:43:24,57.66,100,
10:43:25,57.65,100,
10:43:26,57.65,100,
10:43:26,57.66,100,
10:43:26,57.67,100,
10:43:26,57.68,100,
10:43:26,57.68,100,
10:43:26,57.70,100,
10:43:26,57.68,100,
10:43:26,57.71,100,
10:43:26,57.71,235,
10:43:26,57.71,400,
10:43:26,57.72,100,
10:43:26,57.71,156,
10:43:26,57.71,100,
10:43:26,57.71,100,
10:43:26,57.70,200,
10:43:26,57.69,100,
10:43:28,57.67,200,
10:43:30,57.6904,100,
10:43:30,57.69,100,
10:43:30,57.70,100,
10:43:34,57.73,100,
10:43:37,57.74,400,
10:43:43,57.77,300,
10:43:47,57.71,100,
10:43:52,57.75,177,
10:43:52,57.76,100,
10:43:52,57.7492,200,
10:43:53,57.76,200,
10:43:53,57.77,100,
10:43:53,57.77,200,
10:43:53,57.77,300,
10:43:53,57.75,200,
10:43:53,57.75,100,
10:43:54,57.76,100,
10:43:59,57.75,400,
10:44:11,57.78,100,
10:44:20,57.76,100,
10:44:22,57.77,100,
10:44:22,57.77,100,
10:44:30,57.77,100,
10:44:30,57.78,100,
10:44:32,57.79,300,
10:44:32,57.78,100,
10:44:32,57.79,100,
10:44:36,57.79,100,
10:44:36,57.78,100,
10:44:38,57.7699,100,
10:44:48,57.72,100,
10:44:53,57.7316,100,
10:44:59,57.69,200,
10:44:59,57.69,100,
10:44:59,57.70,100,
10:44:59,57.70,100,
10:44:59,57.70,600,
10:44:59,57.69,100,
10:45:00,57.68,100,
10:45:01,57.66,100,
10:45:01,57.65,200,
10:45:01,57.65,600,
10:45:01,57.678,334,
10:45:02,57.678,1400,
10:45:04,57.66,200,
10:45:05,57.68,200,
10:45:09,57.69,100,
10:45:09,57.67,100,
10:45:09,57.66,200,
10:45:09,57.66,100,
10:45:09,57.67,100,
10:45:09,57.67,100,
10:45:10,57.67,100,
10:45:11,57.68,100,
10:45:16,57.6814,200,
10:45:16,57.6813,100,
10:45:16,57.68,100,
10:45:16,57.6814,100,
10:45:16,57.68,200,
10:45:16,57.68,100,
10:45:16,57.68,100,
10:45:16,57.68,100,
10:45:18,57.66,100,
10:45:18,57.6687,500,
10:45:27,57.68,100,
10:45:37,57.68,100,
10:45:37,57.69,100,
10:45:37,57.70,100,
10:45:40,57.73,100,
10:45:40,57.72,100,
10:45:45,57.75,100,
10:45:46,57.75,100,
10:45:47,57.738,200,
10:46:00,57.69,100,
10:46:00,57.67,100,
10:46:00,57.69,200,
10:46:04,57.66,848,
10:46:04,57.66,200,
10:46:09,57.67,100,
10:46:09,57.66,100,
10:46:16,57.64,100,
10:46:16,57.64,100,
10:46:18,57.65,100,
10:46:18,57.65,100,
10:46:22,57.66,100,
10:46:39,57.70,100,
10:46:39,57.70,100,
10:46:40,57.69,100,
10:46:44,57.71,200,
10:46:45,57.6916,100,
10:46:49,57.67,100,
10:46:49,57.68,200,
10:46:49,57.69,100,
10:47:09,57.67,300,
10:47:10,57.70,100,
10:47:18,57.73,300,
10:47:18,57.73,100,
10:47:24,57.72,100,
10:47:24,57.72,200,
10:47:30,57.70,200,
10:47:30,57.70,100,
10:47:30,57.70,300,
10:47:33,57.72,100,
10:47:35,57.71,200,
10:47:37,57.70,200,
10:47:37,57.71,200,
10:47:38,57.7181,600,
10:47:53,57.70,200,
10:47:56,57.66,100,
10:47:56,57.672,300,
10:47:57,57.66,100,
10:47:57,57.64,100,
10:47:58,57.61,100,
10:47:58,57.61,200,
10:47:59,57.54,100,
10:47:59,57.5244,100,
10:47:59,57.521,200,
10:48:00,57.52,100,
10:48:00,57.56,200,
10:48:02,57.52,1000,
10:48:05,57.58,100,
10:48:07,57.54,100,
10:48:08,57.56,300,
10:48:14,57.57,100,
10:48:14,57.55,100,
10:48:18,57.54,100,
10:48:20,57.5398,300,
10:48:20,57.54,100,
10:48:21,57.5014,500,
10:48:23,57.5124,100,
10:48:26,57.50,100,
10:48:27,57.4992,125,
10:48:27,57.49,100,
10:48:27,57.49,100,
10:48:27,57.49,500,
10:48:27,57.47,200,
10:48:27,57.49,200,
10:48:27,57.48,250,
10:48:28,57.4801,100,
10:48:28,57.50,200,
10:48:28,57.51,100,
10:48:29,57.49,120,
10:48:30,57.4927,1000,
10:48:31,57.4959,1000,
10:48:43,57.53,100,
10:48:43,57.52,100,
10:48:54,57.48,500,
10:48:54,57.47,1550,
10:48:55,57.472,100,
10:48:55,57.472,150,
10:48:58,57.52,100,
10:48:59,57.58,300,
10:49:00,57.58,100,
10:49:00,57.56,100,
10:49:07,57.59,200,
10:49:07,57.57,200,
10:49:11,57.59,100,
10:49:13,57.61,100,
10:49:16,57.57,100,
10:49:17,57.609,100,
10:49:21,57.61,300,
10:49:22,57.57,100,
10:49:23,57.56,100,
10:49:27,57.56,100,
10:49:27,57.57,200,
10:49:28,57.5599,200,
10:49:38,57.51,100,
10:49:46,57.50,100,
10:49:48,57.50,200,
10:49:48,57.48,100,
10:50:01,57.53,100,
10:50:01,57.53,100,
10:50:05,57.57,100,
10:50:08,57.55,100,
10:50:09,57.57,140,
10:50:09,57.57,100,
10:50:09,57.57,100,
10:50:19,57.60,100,
10:50:19,57.59,100,
10:50:27,57.586,120,
10:50:34,57.60,100,
10:50:35,57.5801,500,
10:50:36,57.56,100,
10:50:43,57.54,100,
10:50:45,57.54,270,
10:50:49,57.50,100,
10:50:49,57.50,100,
10:50:51,57.50,200,
10:50:51,57.50,100,
10:51:06,57.5013,1120,
10:51:07,57.50,100,
10:51:11,57.492,1600,
10:51:17,57.50,200,
10:51:24,57.52,100,
10:51:25,57.50,100,
10:51:27,57.50,100,
10:51:30,57.52,100,
10:51:40,57.54,100,
10:51:45,57.51,500,
10:51:50,57.54,100,
10:51:55,57.50,100,
10:51:56,57.50,100,
10:51:56,57.53,100,
10:51:58,57.52,100,
10:51:58,57.51,1000,
10:52:11,57.5199,3500,
10:52:15,57.53,100,
10:52:34,57.55,100,
10:52:52,57.57,400,
10:52:52,57.59,100,
10:52:52,57.59,100,
10:52:52,57.60,100,
10:52:57,57.61,100,
10:52:57,57.60,100,
10:52:58,57.60,100,
10:53:03,57.62,300,
10:53:03,57.6286,200,
10:53:04,57.63,600,
10:53:04,57.63,100,
10:53:04,57.62,200,
10:53:04,57.62,200,
10:53:05,57.6108,130,
10:53:07,57.61,100,
10:53:08,57.59,100,
10:53:08,57.61,400,
10:53:08,57.61,100,
10:53:08,57.61,100,
10:53:15,57.58,100,
10:53:15,57.56,200,
10:53:15,57.55,100,
10:53:17,57.55,100,
10:53:20,57.5687,600,
10:53:24,57.59,100,
10:53:30,57.59,100,
10:53:30,57.59,100,
10:53:30,57.59,100,
10:53:47,57.582,200,
10:53:53,57.62,100,
10:53:53,57.618,300,
10:53:58,57.60,200,
10:54:07,57.65,100,
10:54:09,57.60,100,
10:54:09,57.60,100,
10:54:18,57.63,100,
10:54:20,57.65,100,
10:54:21,57.67,100,
10:54:21,57.67,100,
10:54:22,57.68,100,
10:54:22,57.69,100,
10:54:23,57.70,100,
10:54:23,57.71,100,
10:54:23,57.73,100,
10:54:23,57.74,100,
10:54:23,57.75,800,
10:54:23,57.75,200,
10:54:23,57.75,200,
10:54:23,57.75,440,
10:54:23,57.77,300,
10:54:23,57.77,1000,
10:54:23,57.78,100,
10:54:23,57.78,100,
10:54:25,57.74,100,
10:54:25,57.72,100,
10:54:30,57.74,100,
10:54:32,57.7384,100,
10:54:32,57.75,100,
10:54:35,57.75,100,
10:54:36,57.74,100,
10:54:37,57.71,100,
10:54:38,57.68,100,
10:54:38,57.68,600,
10:54:38,57.67,1760,
10:54:41,57.7086,100,
10:54:41,57.7086,140,
10:54:44,57.7067,300,
10:54:54,57.7199,3150,
10:54:56,57.716,500,
10:54:59,57.71,200,
10:54:59,57.70,100,
10:54:59,57.72,3842,
10:55:02,57.6596,100,
10:55:03,57.6527,700,
10:55:07,57.65,100,
10:55:07,57.65,100,
10:55:07,57.65,100,
10:55:17,57.6348,400,
10:55:23,57.63,100,
10:55:27,57.658,400,
10:55:44,57.65,100,
10:55:44,57.65,100,
10:55:48,57.60,100,
10:55:50,57.5819,600,
10:55:50,57.58,100,
10:55:52,57.6062,350,
10:55:55,57.5713,800,
10:55:58,57.58,200,
10:55:58,57.59,100,
10:55:58,57.60,100,
10:55:58,57.60,160,
10:55:58,57.59,200,
10:56:03,57.57,100,
10:56:10,57.55,100,
10:56:35,57.53,100,
10:56:36,57.521,200,
10:56:38,57.522,2400,
10:56:41,57.56,800,
10:56:59,57.52,100,
10:57:00,57.5201,2600,
10:57:13,57.5201,400,
10:57:15,57.522,200,
10:57:19,57.5001,500,
10:57:25,57.49,100,
10:57:25,57.50,100,
10:57:26,57.52,100,
10:57:33,57.52,100,
10:57:38,57.51,100,
10:57:38,57.51,100,
10:57:38,57.50,200,
10:57:41,57.51,100,
10:57:41,57.52,100,
10:57:42,57.53,100,
10:57:44,57.51,100,
10:57:44,57.51,100,
10:57:44,57.491,1200,
10:57:45,57.49,500,
10:57:48,57.49,100,
10:57:51,57.5004,100,
10:57:51,57.501,100,
10:57:57,57.508,100,
10:58:02,57.49,200,
10:58:06,57.4802,400,
10:58:06,57.48,100,
10:58:07,57.47,100,
10:58:07,57.47,200,
10:58:09,57.46,120,
10:58:13,57.50,200,
10:58:14,57.49,100,
10:58:25,57.51,100,
10:58:25,57.52,100,
10:58:31,57.51,100,
10:58:45,57.51,136,
10:58:46,57.512,100,
10:58:56,57.54,200,
10:59:02,57.528,120,
10:59:07,57.50,100,
10:59:07,57.49,100,
10:59:09,57.49,300,
10:59:09,57.49,100,
10:59:11,57.51,400,
10:59:11,57.52,100,
10:59:13,57.5186,100,
10:59:18,57.51,300,
10:59:21,57.52,200,
10:59:21,57.53,200,
10:59:21,57.54,124,
10:59:25,57.51,100,
10:59:29,57.46,100,
10:59:33,57.46,100,
10:59:34,57.46,100,
10:59:34,57.4799,500,
10:59:35,57.50,100,
10:59:35,57.50,100,
10:59:36,57.4802,200,
10:59:42,57.48,200,
10:59:42,57.47,207,
10:59:42,57.47,100,
10:59:42,57.47,100,
10:59:46,57.52,100,
10:59:46,57.53,1900,
10:59:46,57.52,100,
10:59:48,57.504,300,
10:59:52,57.5101,1000,
11:00:04,57.511,100,
11:00:08,57.4999,100,
11:00:08,57.4999,500,
11:00:08,57.50,100,
11:00:08,57.4999,200,
11:00:10,57.49,100,
11:00:10,57.48,100,
11:00:12,57.44,500,
11:00:12,57.41,100,
11:00:13,57.42,200,
11:00:15,57.4001,3800,
11:00:17,57.3886,100,
11:00:18,57.36,300,
11:00:18,57.36,300,
11:00:18,57.34,100,
11:00:18,57.34,200,
11:00:18,57.34,100,
11:00:18,57.33,100,
11:00:18,57.36,100,
11:00:18,57.36,400,
11:00:18,57.31,100,
11:00:18,57.31,300,
11:00:18,57.30,100,
11:00:18,57.36,100,
11:00:18,57.30,130,
11:00:19,57.31,100,
11:00:20,57.34,110,
11:00:20,57.34,100,
11:00:21,57.322,200,
11:00:21,57.302,200,
11:00:23,57.33,100,
11:00:25,57.3201,100,
11:00:26,57.33,100,
11:00:26,57.33,100,
11:00:26,57.321,100,
11:00:27,57.33,200,
11:00:34,57.34,100,
11:00:34,57.34,100,
11:00:34,57.35,100,
11:00:34,57.35,100,
11:00:34,57.35,200,
11:00:35,57.32,100,
11:00:36,57.32,100,
11:00:44,57.3132,150,
11:00:45,57.314,300,
11:00:51,57.3637,100,
11:00:51,57.3647,100,
11:00:51,57.368,331,
11:00:55,57.3899,100,
11:00:55,57.38,100,
11:01:07,57.39,100,
11:01:07,57.38,100,
11:01:07,57.37,100,
11:01:07,57.37,300,
11:01:07,57.36,100,
11:01:07,57.35,100,
11:01:07,57.35,200,
11:01:15,57.344,100,
11:01:24,57.34,100,
11:01:31,57.34,200,
11:01:33,57.344,200,
11:01:41,57.3734,100,
11:01:42,57.37,100,
11:01:44,57.3614,160,
11:01:55,57.382,100,
11:01:58,57.39,100,
11:01:58,57.4073,500,
11:02:09,57.37,150,
11:02:13,57.38,100,
11:02:15,57.379,100,
11:02:18,57.379,500,
11:02:18,57.378,4800,
11:02:25,57.38,100,
11:02:27,57.3873,515,
11:02:31,57.35,100,
11:02:35,57.39,100,
11:02:43,57.37,500,
11:02:53,57.31,100,
11:02:56,57.3098,400,
11:02:56,57.31,100,
11:02:57,57.31,100,
11:02:58,57.31,200,
11:02:58,57.31,300,
11:02:58,57.31,100,
11:03:03,57.31,100,
11:03:06,57.27,100,
11:03:07,57.27,100,
11:03:14,57.2699,250,
11:03:16,57.26,100,
11:03:21,57.26,200,
11:03:21,57.26,100,
11:03:24,57.27,100,
11:03:25,57.27,100,
11:03:25,57.27,400,
11:03:25,57.25,300,
11:03:28,57.255,350,
11:03:31,57.2416,200,
11:03:34,57.24,100,
11:03:34,57.24,100,
11:03:35,57.2232,100,
11:03:37,57.22,100,
11:03:37,57.23,200,
11:03:38,57.22,100,
11:03:38,57.21,100,
11:03:39,57.18,100,
11:03:39,57.18,100,
11:03:39,57.1816,100,
11:03:39,57.18,100,
11:03:39,57.20,100,
11:03:40,57.1908,127,
11:03:44,57.20,100,
11:03:44,57.21,100,
11:03:44,57.2162,300,
11:03:47,57.19,100,
11:03:49,57.184,100,
11:03:56,57.22,100,
11:03:56,57.23,100,
11:03:57,57.23,200,
11:03:57,57.23,200,
11:03:57,57.2199,100,
11:03:58,57.23,100,
11:03:59,57.2062,353,
11:04:05,57.16,100,
11:04:05,57.16,100,
11:04:11,57.15,100,
11:04:12,57.12,200,
11:04:12,57.13,100,
11:04:13,57.12,200,
11:04:13,57.12,100,
11:04:13,57.11,300,
11:04:13,57.1101,300,
11:04:13,57.1101,100,
11:04:13,57.10,250,
11:04:16,57.12,600,
11:04:18,57.124,120,
11:04:22,57.1162,200,
11:04:26,57.1119,300,
11:04:26,57.11,100,
11:04:34,57.12,500,
11:04:36,57.10,100,
11:04:36,57.10,1000,
11:04:36,57.10,900,
11:04:36,57.09,100,
11:04:36,57.09,200,
11:04:36,57.08,100,
11:04:37,57.08,200,
11:04:37,57.08,100,
11:04:37,57.05,624,
11:04:37,57.06,100,
11:04:37,57.04,100,
11:04:37,57.04,100,
11:04:37,57.0442,100,
11:04:37,57.05,100,
11:04:37,57.05,100,
11:04:39,57.08,100,
11:04:40,57.064,1000,
11:04:40,57.06,100,
11:04:42,57.03,100,
11:04:42,57.03,100,
11:04:43,57.0301,300,
11:04:43,57.03,100,
11:04:45,57.03,100,
11:04:45,57.02,200,
11:04:49,57.03,100,
11:04:51,57.03,200,
11:04:51,57.03,300,
11:04:52,57.0273,1000,
11:04:52,57.03,300,
11:04:52,57.03,150,
11:04:53,57.0101,1000,
11:04:56,57.01,500,
11:04:56,57.01,100,
11:04:56,57,110,
11:04:56,57.002,100,
11:04:56,57.0014,100,
11:04:56,57.0014,150,
11:04:56,57,113,
11:04:56,57.0001,100,
11:04:56,57,200,
11:04:56,57,200,
11:04:56,57,150,
11:04:57,57,100,
11:04:58,57,200,
11:04:58,57,100,
11:04:59,57,1000,
11:05:00,57,200,
11:05:01,57.0016,200,
11:05:03,57,500,
11:05:03,57,100,
11:05:03,57,100,
11:05:03,56.99,100,
11:05:03,56.98,100,
11:05:03,57,400,
11:05:03,56.97,100,
11:05:03,56.97,100,
11:05:03,56.97,100,
11:05:03,56.98,100,
11:05:03,56.97,100,
11:05:03,56.9616,300,
11:05:03,56.98,100,
11:05:03,57,100,
11:05:05,56.95,200,
11:05:05,56.95,100,
11:05:05,56.922,200,
11:05:06,56.90,300,
11:05:06,56.90,200,
11:05:06,56.89,100,
11:05:06,56.89,100,
11:05:06,56.89,400,
11:05:06,56.88,300,
11:05:07,56.88,100,
11:05:07,56.87,100,
11:05:07,56.87,300,
11:05:07,56.87,288,
11:05:07,56.87,100,
11:05:07,56.88,450,
11:05:07,56.88,200,
11:05:07,56.88,186,
11:05:07,56.87,200,
11:05:10,56.89,100,
11:05:12,56.90,100,
11:05:12,56.90,100,
11:05:13,56.91,600,
11:05:13,56.91,400,
11:05:13,56.92,300,
11:05:13,56.93,200,
11:05:13,56.93,100,
11:05:13,56.94,100,
11:05:13,56.94,200,
11:05:13,56.95,100,
11:05:13,56.95,200,
11:05:13,56.96,100,
11:05:13,56.96,300,
11:05:13,56.92,400,
11:05:13,56.95,300,
11:05:13,56.97,100,
11:05:13,56.94,300,
11:05:13,56.96,100,
11:05:13,56.98,200,
11:05:13,57,200,
11:05:13,56.99,100,
11:05:13,56.99,100,
11:05:13,57.02,100,
11:05:14,57.01,400,
11:05:14,56.97,125,
11:05:14,57.01,100,
11:05:14,57.0199,400,
11:05:14,57.02,100,
11:05:14,57.01,100,
11:05:15,57,200,
11:05:15,56.999,700,
11:05:15,57,300,
11:05:16,57,675,
11:05:17,57.01,100,
11:05:17,57.0114,100,
11:05:18,57.018,200,
11:05:18,57,200,
11:05:18,57,100,
11:05:18,57,200,
11:05:18,56.98,100,
11:05:18,56.98,100,
11:05:18,57.012,100,
11:05:21,57.01,100,
11:05:23,57.01,100,
11:05:25,56.99,100,
11:05:25,57.01,100,
11:05:30,57,350,
11:05:30,57.01,100,
11:05:32,57.03,100,
11:05:32,57.02,100,
11:05:32,57.01,100,
11:05:33,57.009,135,
11:05:34,57.03,100,
11:05:34,57.03,500,
11:05:35,57.01,100,
11:05:41,56.94,300,
11:05:41,56.94,100,
11:05:41,56.94,100,
11:05:45,56.94,100,
11:05:48,56.9686,500,
11:05:54,56.94,100,
11:05:54,56.94,100,
11:05:57,56.95,100,
11:05:57,56.95,100,
11:05:57,56.96,100,
11:05:57,56.9684,450,
11:05:57,56.98,300,
11:06:05,56.95,100,
11:06:06,56.97,100,
11:06:07,56.98,100,
11:06:09,56.99,100,
11:06:12,56.9814,100,
11:06:15,56.97,250,
11:06:20,56.97,400,
11:06:21,56.99,100,
11:06:24,56.98,100,
11:06:24,56.9801,100,
11:06:24,56.9801,140,
11:06:26,57,100,
11:06:26,57,100,
11:06:26,57,100,
11:06:26,57,100,
11:06:26,57,200,
11:06:26,57,100,
11:06:26,57,100,
11:06:26,56.98,200,
11:06:26,56.97,100,
11:06:26,56.96,200,
11:06:26,56.96,100,
11:06:26,56.96,100,
11:06:26,56.996,1100,
11:06:26,56.9799,250,
11:06:31,56.96,100,
11:06:31,56.95,100,
11:06:31,56.95,200,
11:06:36,56.94,2000,
11:06:44,56.96,200,
11:06:44,56.98,100,
11:06:46,56.99,100,
11:06:46,56.99,100,
11:06:57,56.996,250,
11:07:00,56.9998,200,
11:07:00,57,100,
11:07:03,56.96,100,
11:07:03,56.96,100,
11:07:03,56.96,100,
11:07:03,56.96,100,
11:07:03,56.95,200,
11:07:03,56.96,100,
11:07:03,56.96,200,
11:07:03,56.96,200,
11:07:03,56.95,100,
11:07:03,56.95,100,
11:07:03,56.94,600,
11:07:03,56.94,100,
11:07:03,56.93,600,
11:07:03,56.93,100,
11:07:03,56.92,100,
11:07:03,56.91,100,
11:07:03,56.90,300,
11:07:03,56.90,300,
11:07:03,56.89,100,
11:07:03,56.88,100,
11:07:03,56.89,200,
11:07:03,56.89,100,
11:07:03,56.85,200,
11:07:03,56.88,100,
11:07:03,56.90,100,
11:07:03,56.89,100,
11:07:04,56.88,300,
11:07:05,56.86,100,
11:07:05,56.86,100,
11:07:05,56.83,100,
11:07:05,56.83,100,
11:07:05,56.8175,100,
11:07:06,56.81,100,
11:07:08,56.82,100,
11:07:08,56.82,200,
11:07:10,56.81,880,
11:07:10,56.82,200,
11:07:10,56.83,100,
11:07:12,56.81,100,
11:07:15,56.83,300,
11:07:17,56.81,200,
11:07:17,56.80,100,
11:07:17,56.80,1560,
11:07:18,56.80,514,
11:07:18,56.80,1000,
11:07:18,56.80,100,
11:07:20,56.80,300,
11:07:20,56.80,100,
11:07:20,56.80,100,
11:07:24,56.7994,1000,
11:07:25,56.796,150,
11:07:27,56.7986,400,
11:07:31,56.7832,180,
11:07:39,56.78,100,
11:07:40,56.80,400,
11:07:40,56.80,100,
11:07:41,56.7999,100,
11:07:42,56.80,200,
11:07:42,56.80,300,
11:07:45,56.82,200,
11:07:45,56.83,100,
11:07:45,56.83,100,
11:07:49,56.80,190,
11:07:52,56.8014,300,
11:07:55,56.84,100,
11:07:55,56.87,200,
11:07:55,56.87,100,
11:07:55,56.84,100,
11:07:56,56.89,100,
11:07:56,56.90,300,
11:07:56,56.89,200,
11:07:56,56.88,300,
11:07:56,56.89,100,
11:07:56,56.89,300,
11:08:02,56.86,100,
11:08:07,56.86,100,
11:08:17,56.89,200,
11:08:17,56.88,100,
11:08:20,56.89,200,
11:08:20,56.88,200,
11:08:20,56.87,600,
11:08:20,56.87,148,
11:08:20,56.87,100,
11:08:20,56.87,100,
11:08:20,56.878,100,
11:08:21,56.87,200,
11:08:21,56.88,100,
11:08:24,56.86,100,
11:08:26,56.85,100,
11:08:26,56.86,100,
11:08:26,56.86,200,
11:08:27,56.86,100,
11:08:30,56.85,100,
11:08:34,56.87,100,
11:08:34,56.87,100,
11:08:34,56.87,100,
11:08:34,56.88,8500,
11:08:36,56.88,300,
11:08:36,56.88,200,
11:08:36,56.88,300,
11:08:36,56.89,200,
11:08:41,56.87,100,
11:08:41,56.90,100,
11:08:41,56.89,200,
11:08:41,56.88,100,
11:08:41,56.90,450,
11:08:41,56.89,200,
11:08:41,56.94,200,
11:08:42,56.9348,200,
11:08:55,56.936,200,
11:08:58,56.9314,400,
11:09:02,56.939,100,
11:09:03,56.93,100,
11:09:03,56.92,100,
11:09:08,56.9414,275,
11:09:11,56.9596,500,
11:09:14,56.96,100,
11:09:19,56.986,300,
11:09:24,56.99,100,
11:09:25,56.9702,400,
11:09:25,56.97,100,
11:09:26,56.979,100,
11:09:26,56.98,100,
11:09:27,56.9914,200,
11:09:31,56.97,300,
11:09:32,56.96,100,
11:09:38,56.99,300,
11:09:39,57,100,
11:09:39,57,900,
11:09:39,57,100,
11:09:43,56.97,200,
11:09:43,56.978,500,
11:09:45,56.95,100,
11:09:45,56.95,100,
11:09:45,56.94,100,
11:09:55,56.95,100,
11:09:58,56.9768,100,
11:10:01,56.969,2600,
11:10:07,56.979,100,
11:10:07,56.979,200,
11:10:17,56.99,100,
11:10:18,57,100,
11:10:18,57,100,
11:10:18,57,100,
11:10:18,57,100,
11:10:18,57,100,
11:10:19,57.006,190,
11:10:21,57.02,6600,
11:10:22,57.02,285,
11:10:22,57.02,100,
11:10:22,57.0308,100,
11:10:24,57.0173,800,
11:10:24,57.01,100,
