09:30:00,64.19,100,
09:30:01,64.18,200,
09:30:01,64.18,400,
09:30:01,64.13,100,
09:30:01,64.1301,100,
09:30:01,64.17,100,
09:30:02,64.15,350,
09:30:05,64.11,200,
09:30:05,64.09,200,
09:30:05,64.09,200,
09:30:05,64.09,300,
09:30:05,64.10,300,
09:30:05,64.11,200,
09:30:05,64.11,500,
09:30:05,64.09,200,
09:30:05,64.11,200,
09:30:05,64.09,200,
09:30:09,64.10,100,
09:30:10,64.10,100,
09:30:12,64.08,200,
09:30:18,64.13,100,
09:30:19,64.11,273,
09:30:19,64.109,100,
09:30:20,64.11,114,
09:30:21,64.13,400,
09:30:21,64.11,236,
09:30:21,64.174,200,
09:30:22,64.1524,100,
09:30:22,64.159,323,
09:30:22,64.1539,100,
09:30:23,64.13,200,
09:30:28,64.1004,100,
09:30:31,64.14,187,
09:30:33,64.164,2548,
09:30:36,64.1409,150,
09:30:40,64.1099,280,
09:30:45,64.16,200,
09:30:51,64.13,300,
09:30:51,64.13,400,
09:30:56,64.1701,130,
09:31:00,64.1813,100,
09:31:00,64.19,900,
09:31:00,64.19,200,
09:31:01,64.161,100,
09:31:02,64.19,300,
09:31:02,64.19,300,
09:31:02,64.19,200,
09:31:02,64.19,200,
09:31:04,64.15,600,
09:31:09,64.1486,500,
09:31:10,64.1599,100,
09:31:16,64.13,325,
09:31:16,64.1499,500,
09:31:21,64.102,100,
09:31:22,64.119,100,
09:31:25,64.111,700,
09:31:27,64.1336,300,
09:31:27,64.16,100,
09:31:30,64.1936,150,
09:31:30,64.16,200,
09:31:30,64.16,400,
09:31:30,64.16,200,
09:31:32,64.13,100,
09:31:34,64.11,100,
09:31:35,64.105,200,
09:31:39,64.1001,230,
09:31:40,64.1005,100,
09:31:45,64.1205,100,
09:31:46,64.13,100,
09:31:47,64.12,300,
09:31:47,64.12,200,
09:31:48,64.12,200,
09:31:48,64.12,200,
09:31:48,64.12,200,
09:31:48,64.12,100,
09:31:48,64.12,100,
09:31:48,64.12,100,
09:31:48,64.12,200,
09:31:48,64.12,200,
09:31:48,64.12,200,
09:31:48,64.12,200,
09:31:48,64.12,100,
09:31:48,64.12,200,
09:31:48,64.12,100,
09:31:48,64.12,100,
09:31:49,64.126,800,
09:31:52,64.02,200,
09:31:52,64.01,800,
09:31:54,64.01,933,
09:31:55,64.0055,430,
09:31:57,64,300,
09:31:58,64.0028,100,
09:32:00,64,200,
09:32:01,63.971,1000,
09:32:06,63.971,1000,
09:32:06,63.97,200,
09:32:07,64,100,
09:32:07,63.92,100,
09:32:09,63.90,700,
09:32:09,63.90,200,
09:32:10,63.881,1100,
09:32:13,63.88,200,
09:32:14,63.89,300,
09:32:14,63.88,100,
09:32:14,63.90,100,
09:32:14,63.87,400,
09:32:14,63.87,300,
09:32:15,63.8742,100,
09:32:16,63.86,2500,
09:32:16,63.86,100,
09:32:18,63.9096,700,
09:32:19,63.92,100,
09:32:20,63.9042,250,
09:32:26,63.89,300,
09:32:30,63.90,2000,
09:32:31,63.895,200,
09:32:31,63.9399,100,
09:32:33,63.9074,200,
09:32:38,63.9058,100,
09:32:47,63.8986,400,
09:32:49,63.894,100,
09:32:49,63.894,100,
09:32:51,63.8999,100,
09:32:54,63.8999,150,
09:32:57,63.899,389,
09:33:01,63.89,300,
09:33:04,63.88,200,
09:33:06,63.854,500,
09:33:10,63.8501,1000,
09:33:16,63.88,100,
09:33:18,63.8815,300,
09:33:24,63.89,100,
09:33:24,63.89,100,
09:33:28,63.9286,100,
09:33:41,63.9396,400,
09:33:41,63.94,300,
09:33:42,63.934,200,
09:33:43,63.9386,200,
09:33:44,63.9592,500,
09:33:45,64,300,
09:33:46,64,500,
09:33:48,63.96,100,
09:33:48,63.9758,200,
09:33:49,63.98,1000,
09:33:52,63.94,100,
09:33:58,63.98,1000,
09:34:01,63.9497,100,
09:34:01,63.95,100,
09:34:03,63.9032,100,
09:34:06,63.88,100,
09:34:07,63.908,187,
09:34:08,63.871,130,
09:34:12,63.901,275,
09:34:15,63.901,500,
09:34:18,63.92,100,
09:34:22,63.92,100,
09:34:24,63.932,100,
09:34:27,63.91,100,
09:34:27,63.91,100,
09:34:27,63.91,100,
09:34:34,63.90,2000,
09:34:35,63.86,100,
09:34:36,63.85,200,
09:34:42,63.8499,777,
09:34:43,63.824,800,
09:34:44,63.82,100,
09:34:45,63.81,291,
09:34:45,63.81,579,
09:34:45,63.81,100,
09:34:45,63.81,700,
09:34:45,63.81,100,
09:34:45,63.82,100,
09:34:51,63.8281,600,
09:34:52,63.81,200,
09:34:52,63.80,100,
09:34:52,63.78,106,
09:34:54,63.80,200,
09:34:56,63.75,800,
09:34:56,63.75,1000,
09:34:58,63.79,300,
09:34:58,63.80,2000,
09:35:00,63.73,100,
09:35:01,63.70,100,
09:35:02,63.699,500,
09:35:03,63.70,3500,
09:35:04,63.6773,500,
09:35:09,63.664,170,
09:35:10,63.6476,100,
09:35:12,63.6428,300,
09:35:12,63.64,200,
09:35:12,63.6427,200,
09:35:12,63.64,250,
09:35:12,63.6427,450,
09:35:13,63.64,300,
09:35:13,63.63,100,
09:35:14,63.6099,100,
09:35:14,63.62,100,
09:35:17,63.66,900,
09:35:21,63.649,500,
09:35:24,63.6468,100,
09:35:24,63.65,700,
09:35:24,63.6301,100,
09:35:24,63.63,100,
09:35:27,63.631,150,
09:35:27,63.622,256,
09:35:28,63.60,400,
09:35:29,63.6001,100,
09:35:30,63.572,500,
09:35:33,63.5748,400,
09:35:35,63.58,100,
09:35:37,63.57,1100,
09:35:37,63.58,100,
09:35:37,63.59,450,
09:35:39,63.552,187,
09:35:40,63.5532,400,
09:35:40,63.5881,100,
09:35:40,63.589,400,
09:35:45,63.57,100,
09:35:45,63.58,450,
09:35:46,63.55,1048,
09:35:46,63.559,500,
09:35:49,63.59,100,
09:35:49,63.62,450,
09:35:49,63.62,100,
09:35:54,63.6201,100,
09:35:54,63.61,100,
09:35:55,63.61,1300,
09:35:59,63.65,100,
09:36:00,63.6473,500,
09:36:00,63.6558,100,
09:36:00,63.66,100,
09:36:03,63.625,100,
09:36:03,63.62,400,
09:36:04,63.61,100,
09:36:04,63.59,100,
09:36:04,63.59,700,
09:36:04,63.59,1400,
09:36:04,63.59,100,
09:36:05,63.59,800,
09:36:05,63.59,900,
09:36:05,63.61,300,
09:36:05,63.59,100,
09:36:09,63.59,1550,
09:36:11,63.582,100,
09:36:13,63.58,400,
09:36:17,63.5599,900,
09:36:20,63.56,100,
09:36:21,63.569,300,
09:36:23,63.5673,100,
09:36:23,63.569,100,
09:36:26,63.56,100,
09:36:27,63.55,649,
09:36:34,63.54,100,
09:36:34,63.53,100,
09:36:34,63.521,150,
09:36:35,63.51,100,
09:36:35,63.513,102,
09:36:36,63.516,200,
09:36:37,63.54,100,
09:36:38,63.54,100,
09:36:40,63.5499,200,
09:36:41,63.62,100,
09:36:44,63.6186,900,
09:36:49,63.6001,1210,
09:36:50,63.66,1400,
09:36:50,63.66,150,
09:36:50,63.66,1300,
09:36:51,63.66,400,
09:36:53,63.68,200,
09:36:58,63.6615,300,
09:36:58,63.668,200,
09:37:01,63.67,300,
09:37:04,63.65,100,
09:37:07,63.6686,145,
09:37:09,63.66,550,
09:37:09,63.66,100,
09:37:09,63.66,100,
09:37:09,63.66,100,
09:37:09,63.66,2051,
09:37:09,63.66,999,
09:37:09,63.66,100,
09:37:11,63.6673,1000,
09:37:11,63.65,100,
09:37:13,63.634,100,
09:37:15,63.6631,110,
09:37:16,63.658,200,
09:37:17,63.6573,500,
09:37:20,63.69,100,
09:37:21,63.7072,500,
09:37:22,63.69,100,
09:37:24,63.7068,300,
09:37:25,63.6843,350,
09:37:25,63.69,100,
09:37:29,63.662,221,
09:37:34,63.68,691,
09:37:35,63.67,100,
09:37:35,63.6627,1000,
09:37:38,63.65,180,
09:37:38,63.65,100,
09:37:39,63.65,2100,
09:37:40,63.63,100,
09:37:43,63.6599,100,
09:37:44,63.6502,200,
09:37:44,63.65,194,
09:37:44,63.65,191,
09:37:47,63.6341,1000,
09:37:49,63.6652,300,
09:37:55,63.67,100,
09:37:57,63.71,100,
09:37:57,63.72,100,
09:37:58,63.73,500,
09:37:58,63.73,400,
09:38:02,63.7132,400,
09:38:05,63.695,200,
09:38:10,63.75,100,
09:38:10,63.7473,800,
09:38:10,63.75,500,
09:38:10,63.75,100,
09:38:10,63.76,250,
09:38:11,63.7743,200,
09:38:14,63.779,1700,
09:38:14,63.779,1600,
09:38:16,63.752,500,
09:38:17,63.7101,100,
09:38:17,63.71,300,
09:38:17,63.7101,100,
09:38:18,63.72,100,
09:38:18,63.70,4814,
09:38:21,63.732,100,
09:38:22,63.739,100,
09:38:22,63.7295,300,
09:38:23,63.70,100,
09:38:24,63.69,200,
09:38:27,63.69,1000,
09:38:31,63.67,100,
09:38:35,63.67,500,
09:38:35,63.67,300,
09:38:38,63.68,100,
09:38:39,63.71,100,
09:38:42,63.74,100,
09:38:42,63.74,100,
09:38:43,63.74,1400,
09:38:47,63.7401,100,
09:38:48,63.71,100,
09:38:48,63.71,400,
09:38:48,63.71,200,
09:38:48,63.75,200,
09:38:48,63.76,100,
09:38:48,63.76,100,
09:38:49,63.74,100,
09:38:52,63.7483,800,
09:38:54,63.7257,100,
09:38:55,63.77,200,
09:39:00,63.79,100,
09:39:00,63.774,900,
09:39:02,63.7945,500,
09:39:06,63.82,100,
09:39:06,63.82,300,
09:39:08,63.801,593,
09:39:09,63.85,100,
09:39:10,63.83,100,
09:39:15,63.82,100,
09:39:18,63.89,100,
09:39:19,63.889,200,
09:39:19,63.869,300,
09:39:23,63.878,500,
09:39:26,63.8415,100,
09:39:28,63.837,400,
09:39:33,63.84,200,
09:39:35,63.8402,100,
09:39:36,63.859,200,
09:39:37,63.86,100,
09:39:41,63.8899,322,
09:39:48,63.89,100,
09:39:49,63.88,100,
09:39:54,63.8999,300,
09:39:54,63.8999,100,
09:39:58,63.8999,100,
09:39:58,63.90,100,
09:39:59,63.90,100,
09:39:59,63.93,100,
09:39:59,63.95,200,
09:40:00,63.97,500,
09:40:00,63.97,100,
09:40:01,63.98,340,
09:40:01,63.97,1566,
09:40:01,63.97,100,
09:40:04,63.982,2000,
09:40:06,63.9873,1000,
09:40:07,63.968,200,
09:40:09,63.96,100,
09:40:11,63.90,100,
09:40:12,63.899,100,
09:40:13,63.89,100,
09:40:19,63.8899,2000,
09:40:26,63.84,100,
09:40:26,63.84,300,
09:40:26,63.83,100,
09:40:26,63.82,400,
09:40:26,63.81,100,
09:40:29,63.818,310,
09:40:29,63.80,100,
09:40:30,63.77,100,
09:40:30,63.77,100,
09:40:30,63.72,100,
09:40:31,63.7001,200,
09:40:31,63.712,900,
09:40:31,63.70,100,
09:40:31,63.67,100,
09:40:31,63.65,200,
09:40:33,63.66,500,
09:40:33,63.65,400,
09:40:33,63.65,100,
09:40:34,63.641,500,
09:40:34,63.62,100,
09:40:34,63.61,100,
09:40:34,63.61,139,
09:40:35,63.60,450,
09:40:36,63.57,600,
09:40:36,63.57,200,
09:40:36,63.57,100,
09:40:36,63.57,100,
09:40:36,63.54,100,
09:40:36,63.55,500,
09:40:37,63.60,200,
09:40:38,63.553,400,
09:40:39,63.551,155,
09:40:42,63.60,8500,
09:40:42,63.60,300,
09:40:43,63.61,100,
09:40:46,63.63,100,
09:40:51,63.65,200,
09:40:54,63.68,100,
09:40:54,63.66,200,
09:40:55,63.71,900,
09:40:55,63.706,900,
09:40:59,63.7221,200,
09:41:02,63.72,200,
09:41:02,63.73,100,
09:41:04,63.72,100,
09:41:05,63.7399,100,
09:41:10,63.7399,200,
09:41:14,63.74,500,
09:41:18,63.754,1000,
09:41:19,63.759,100,
09:41:20,63.78,100,
09:41:20,63.77,200,
09:41:26,63.798,1570,
09:41:29,63.76,100,
09:41:29,63.85,650,
09:41:29,63.85,100,
09:41:29,63.85,500,
09:41:29,63.85,100,
09:41:29,63.85,1900,
09:41:29,63.86,200,
09:41:29,63.82,100,
09:41:29,63.79,100,
09:41:34,63.762,300,
09:41:35,63.7499,3000,
09:41:36,63.76,100,
09:41:43,63.74,100,
09:41:43,63.75,200,
09:41:43,63.75,200,
09:41:43,63.75,200,
09:41:43,63.74,600,
09:41:43,63.74,200,
09:41:45,63.7729,300,
09:41:47,63.75,600,
09:41:47,63.75,400,
09:41:48,63.78,100,
09:41:54,63.74,100,
09:41:55,63.73,100,
09:41:58,63.652,450,
09:42:00,63.61,800,
09:42:00,63.61,300,
09:42:00,63.60,300,
09:42:00,63.61,600,
09:42:00,63.60,100,
09:42:00,63.60,100,
09:42:00,63.60,200,
09:42:00,63.57,200,
09:42:00,63.59,100,
09:42:00,63.61,1900,
09:42:00,63.57,100,
09:42:00,63.57,200,
09:42:00,63.57,100,
09:42:00,63.55,100,
09:42:00,63.55,200,
09:42:00,63.55,200,
09:42:00,63.55,300,
09:42:00,63.55,200,
09:42:00,63.54,100,
09:42:00,63.53,150,
09:42:00,63.52,500,
09:42:00,63.56,400,
09:42:00,63.55,200,
09:42:00,63.63,100,
09:42:00,63.58,300,
09:42:00,63.58,300,
09:42:00,63.58,200,
09:42:00,63.58,100,
09:42:00,63.63,400,
09:42:00,63.63,200,
09:42:00,63.55,100,
09:42:01,63.63,200,
09:42:01,63.62,100,
09:42:01,63.58,100,
09:42:01,63.54,1000,
09:42:04,63.55,100,
09:42:04,63.5427,1000,
09:42:06,63.53,300,
09:42:06,63.53,200,
09:42:07,63.51,3000,
09:42:08,63.51,190,
09:42:08,63.50,200,
09:42:08,63.48,2000,
09:42:08,63.482,500,
09:42:08,63.52,200,
09:42:08,63.52,975,
09:42:10,63.50,200,
09:42:11,63.54,400,
09:42:11,63.54,300,
09:42:14,63.57,600,
09:42:18,63.582,1000,
09:42:20,63.589,300,
09:42:23,63.54,100,
09:42:26,63.5615,150,
09:42:31,63.52,100,
09:42:34,63.51,100,
09:42:34,63.50,571,
09:42:35,63.5139,2300,
09:42:38,63.479,300,
09:42:38,63.479,200,
09:42:40,63.46,100,
09:42:40,63.48,4300,
09:42:43,63.419,1000,
09:42:45,63.46,500,
09:42:45,63.45,500,
09:42:45,63.44,100,
09:42:45,63.43,100,
09:42:45,63.43,100,
09:42:46,63.415,400,
09:42:46,63.4083,1200,
09:42:47,63.43,300,
09:42:48,63.40,100,
09:42:51,63.46,500,
09:42:51,63.45,500,
09:42:53,63.449,300,
09:42:53,63.449,400,
09:42:53,63.45,100,
09:42:56,63.45,500,
09:42:59,63.4241,500,
09:43:03,63.4499,100,
09:43:04,63.449,250,
09:43:07,63.45,300,
09:43:07,63.449,100,
09:43:07,63.449,500,
09:43:07,63.449,300,
09:43:10,63.449,500,
09:43:15,63.4201,272,
09:43:15,63.468,1000,
09:43:20,63.45,200,
09:43:22,63.44,100,
09:43:22,63.43,500,
09:43:26,63.469,100,
09:43:31,63.4699,263,
09:43:33,63.4696,100,
09:43:34,63.4686,100,
09:43:41,63.43,100,
09:43:41,63.38,100,
09:43:47,63.399,300,
09:43:47,63.399,300,
09:43:50,63.3999,100,
09:43:51,63.37,100,
09:43:51,63.37,200,
09:43:51,63.37,900,
09:43:51,63.37,1500,
09:43:51,63.37,1100,
09:43:51,63.37,440,
09:43:51,63.37,159,
09:43:51,63.37,200,
09:43:51,63.37,700,
09:43:51,63.37,300,
09:43:51,63.38,100,
09:43:51,63.37,100,
09:43:51,63.39,100,
09:43:51,63.3764,100,
09:43:54,63.40,300,
09:43:54,63.40,600,
09:43:57,63.35,500,
09:43:58,63.35,500,
09:44:05,63.40,100,
09:44:05,63.40,100,
09:44:05,63.40,100,
09:44:05,63.41,200,
09:44:05,63.42,6500,
09:44:07,63.439,200,
09:44:14,63.40,700,
09:44:18,63.42,200,
09:44:25,63.45,200,
09:44:26,63.46,700,
09:44:26,63.50,300,
09:44:26,63.50,300,
09:44:27,63.53,200,
09:44:28,63.539,100,
09:44:32,63.53,2100,
09:44:32,63.53,200,
09:44:32,63.559,100,
09:44:34,63.539,100,
09:44:34,63.536,700,
09:44:35,63.54,300,
09:44:39,63.52,1000,
09:44:39,63.4601,3000,
09:44:44,63.52,300,
09:44:44,63.52,300,
09:44:44,63.52,200,
09:44:44,63.51,100,
09:44:49,63.458,600,
09:44:49,63.442,975,
09:44:55,63.45,194,
09:44:57,63.4114,300,
09:44:58,63.42,100,
09:44:59,63.39,100,
09:44:59,63.39,600,
09:44:59,63.38,200,
09:45:00,63.41,300,
09:45:00,63.41,500,
09:45:00,63.39,100,
09:45:09,63.396,500,
09:45:17,63.42,300,
09:45:17,63.41,100,
09:45:19,63.44,600,
09:45:26,63.31,100,
09:45:26,63.3001,500,
09:45:26,63.3001,300,
09:45:27,63.26,100,
09:45:27,63.26,100,
09:45:27,63.26,194,
09:45:31,63.22,3500,
09:45:33,63.22,500,
09:45:33,63.22,500,
09:45:34,63.21,100,
09:45:34,63.18,600,
09:45:34,63.18,100,
09:45:34,63.16,100,
09:45:35,63.1657,400,
09:45:35,63.1655,500,
09:45:35,63.16,100,
09:45:35,63.18,100,
09:45:37,63.18,100,
09:45:38,63.1768,200,
09:45:40,63.09,200,
09:45:40,63.07,500,
09:45:40,63.08,200,
09:45:42,63.089,100,
09:45:43,63.14,100,
09:45:44,63.11,100,
09:45:45,63.139,879,
09:45:48,63.14,200,
09:45:53,63.1696,300,
09:45:53,63.17,200,
09:45:55,63.17,400,
09:45:55,63.188,250,
09:45:57,63.22,500,
09:45:59,63.2055,1000,
09:46:00,63.2176,100,
09:46:00,63.2173,1000,
09:46:00,63.22,500,
09:46:03,63.19,100,
09:46:08,63.2001,1000,
09:46:10,63.172,100,
09:46:11,63.20,100,
09:46:19,63.20,1400,
09:46:19,63.18,100,
09:46:19,63.18,100,
09:46:19,63.20,500,
09:46:19,63.20,300,
09:46:19,63.16,400,
09:46:19,63.17,100,
09:46:19,63.17,100,
09:46:19,63.18,100,
09:46:19,63.19,300,
09:46:20,63.16,900,
09:46:20,63.17,100,
09:46:22,63.1145,200,
09:46:23,63.1799,1000,
09:46:27,63.18,168,
09:46:33,63.289,600,
09:46:37,63.2901,100,
09:46:39,63.3155,1000,
09:46:40,63.32,100,
09:46:40,63.32,200,
09:46:40,63.32,300,
09:46:40,63.33,200,
09:46:40,63.34,500,
09:46:43,63.35,100,
09:46:44,63.35,100,
09:46:46,63.3659,600,
09:46:49,63.3773,775,
09:46:53,63.3399,2000,
09:46:53,63.328,900,
09:46:54,63.36,200,
09:47:00,63.3473,500,
09:47:00,63.35,300,
09:47:04,63.38,250,
09:47:04,63.389,100,
09:47:06,63.37,100,
09:47:06,63.37,200,
09:47:06,63.37,100,
09:47:08,63.38,100,
09:47:13,63.41,300,
09:47:13,63.40,300,
09:47:13,63.40,100,
09:47:13,63.42,200,
09:47:13,63.42,200,
09:47:13,63.42,200,
09:47:15,63.4099,100,
09:47:15,63.409,100,
09:47:17,63.406,400,
09:47:17,63.4025,100,
09:47:18,63.42,100,
09:47:19,63.429,200,
09:47:19,63.429,100,
09:47:20,63.4398,200,
09:47:20,63.44,200,
09:47:24,63.4314,500,
09:47:26,63.37,540,
09:47:42,63.31,300,
09:47:43,63.30,200,
09:47:44,63.299,500,
09:47:45,63.29,400,
09:47:53,63.254,400,
09:47:54,63.25,200,
09:47:54,63.25,100,
09:47:54,63.25,562,
09:47:54,63.25,100,
09:47:54,63.25,900,
09:47:58,63.17,200,
09:47:58,63.17,450,
09:47:58,63.17,200,
09:47:58,63.17,200,
09:47:58,63.16,100,
09:47:58,63.16,100,
09:47:58,63.15,400,
09:47:58,63.19,2000,
09:47:58,63.13,100,
09:47:58,63.14,100,
09:47:58,63.14,100,
09:47:58,63.14,100,
09:47:59,63.132,300,
09:48:00,63.169,700,
09:48:01,63.17,2500,
09:48:04,63.21,300,
09:48:05,63.201,435,
09:48:06,63.1886,500,
09:48:11,63.16,300,
09:48:11,63.16,200,
09:48:12,63.147,100,
09:48:13,63.10,200,
09:48:13,63.082,100,
09:48:14,63.0916,100,
09:48:14,63.10,300,
09:48:14,63.11,200,
09:48:16,63.1228,150,
09:48:17,63.1199,5000,
09:48:19,63.111,500,
09:48:21,63.11,500,
09:48:21,63.13,342,
09:48:22,63.12,300,
09:48:22,63.12,300,
09:48:24,63.17,200,
09:48:25,63.23,100,
09:48:25,63.24,200,
09:48:28,63.2799,100,
09:48:30,63.28,200,
09:48:30,63.27,100,
09:48:35,63.2499,100,
09:48:36,63.2684,100,
09:48:36,63.27,100,
09:48:36,63.27,290,
09:48:38,63.3077,230,
09:48:38,63.3077,156,
09:48:39,63.30,130,
09:48:39,63.30,170,
09:48:39,63.2973,917,
09:48:40,63.29,300,
09:48:40,63.29,200,
09:48:40,63.29,100,
09:48:40,63.2989,230,
09:48:42,63.35,200,
09:48:43,63.38,100,
09:48:43,63.39,100,
09:48:43,63.41,100,
09:48:44,63.418,500,
09:48:44,63.43,500,
09:48:44,63.49,300,
09:48:44,63.49,300,
09:48:47,63.474,1000,
09:48:48,63.45,100,
09:48:50,63.4486,100,
09:48:50,63.449,400,
09:48:50,63.446,500,
09:48:53,63.42,100,
09:48:53,63.40,100,
09:48:54,63.3827,1000,
09:48:56,63.382,100,
09:48:58,63.35,100,
09:49:00,63.3673,500,
09:49:02,63.29,100,
09:49:02,63.29,100,
09:49:06,63.33,100,
09:49:13,63.28,100,
09:49:13,63.28,100,
09:49:14,63.2986,500,
09:49:17,63.30,100,
09:49:17,63.3001,900,
09:49:19,63.29,200,
09:49:19,63.28,600,
09:49:19,63.28,100,
09:49:19,63.28,800,
09:49:19,63.28,200,
09:49:19,63.28,1100,
09:49:19,63.26,100,
09:49:21,63.2724,600,
09:49:23,63.28,1710,
09:49:27,63.25,100,
09:49:36,63.31,100,
09:49:41,63.299,100,
09:49:50,63.273,100,
09:49:55,63.24,200,
09:49:55,63.24,200,
09:49:55,63.24,230,
09:49:55,63.19,100,
09:49:55,63.19,100,
09:49:55,63.17,100,
09:49:55,63.17,100,
09:49:59,63.28,100,
09:49:59,63.30,100,
09:50:00,63.29,100,
09:50:00,63.293,300,
09:50:00,63.3045,740,
09:50:04,63.30,100,
09:50:06,63.288,100,
09:50:11,63.22,100,
09:50:11,63.21,100,
09:50:12,63.18,100,
09:50:13,63.20,400,
09:50:17,63.1998,200,
09:50:17,63.20,100,
09:50:23,63.20,200,
09:50:23,63.21,450,
09:50:25,63.2181,100,
09:50:25,63.2145,700,
09:50:28,63.18,350,
09:50:31,63.12,100,
09:50:33,63.13,100,
09:50:37,63.14,200,
09:50:37,63.1399,100,
09:50:38,63.132,600,
09:50:41,63.149,100,
09:50:53,63.11,300,
09:50:54,63.1199,100,
09:50:57,63.13,200,
09:50:58,63.1536,100,
09:50:58,63.1581,100,
09:50:59,63.13,100,
09:50:59,63.12,100,
09:50:59,63.1101,100,
09:51:00,63.13,100,
09:51:04,63.1343,400,
09:51:05,63.17,200,
09:51:12,63.2043,350,
09:51:17,63.229,500,
09:51:18,63.249,100,
09:51:23,63.2555,100,
09:51:23,63.25,600,
09:51:24,63.27,100,
09:51:24,63.2794,100,
09:51:24,63.28,100,
09:51:25,63.28,800,
09:51:25,63.26,100,
09:51:25,63.259,100,
09:51:26,63.255,300,
09:51:27,63.27,500,
09:51:29,63.2372,100,
09:51:31,63.229,400,
09:51:31,63.229,300,
09:51:32,63.2243,100,
09:51:34,63.2471,2000,
09:51:40,63.2501,100,
09:51:40,63.2599,100,
09:51:40,63.25,100,
09:51:44,63.21,200,
09:51:44,63.21,200,
09:51:45,63.229,3100,
09:51:45,63.229,2000,
09:51:45,63.249,100,
09:51:45,63.249,200,
09:51:51,63.239,200,
09:51:54,63.22,100,
09:51:54,63.22,100,
09:51:54,63.22,100,
09:51:54,63.22,100,
09:51:55,63.2013,556,
09:51:59,63.2014,1144,
09:52:01,63.20,100,
09:52:01,63.20,400,
09:52:01,63.20,100,
09:52:02,63.16,200,
09:52:02,63.11,100,
09:52:02,63.112,500,
09:52:04,63.06,200,
09:52:04,63.06,600,
09:52:04,63.06,100,
09:52:04,63.05,200,
09:52:04,63.05,200,
09:52:04,63.05,100,
09:52:04,63.10,100,
09:52:04,63.07,300,
09:52:05,63.09,100,
09:52:07,63.09,100,
09:52:07,63.09,200,
09:52:11,63.1493,100,
09:52:11,63.15,100,
09:52:12,63.1998,100,
09:52:15,63.20,100,
09:52:15,63.19,100,
09:52:22,63.2156,100,
09:52:22,63.2185,100,
09:52:22,63.25,500,
09:52:22,63.26,100,
09:52:22,63.24,100,
09:52:22,63.27,100,
09:52:22,63.27,200,
09:52:22,63.27,900,
09:52:26,63.2502,100,
09:52:27,63.28,100,
09:52:28,63.27,300,
09:52:32,63.31,100,
09:52:32,63.31,100,
09:52:33,63.34,100,
09:52:35,63.348,100,
09:52:35,63.35,100,
09:52:35,63.35,100,
09:52:35,63.35,100,
09:52:35,63.3408,100,
09:52:35,63.332,168,
09:52:35,63.35,500,
09:52:36,63.3401,100,
09:52:36,63.34,100,
09:52:37,63.31,100,
09:52:39,63.32,300,
09:52:39,63.32,100,
09:52:40,63.321,500,
09:52:41,63.3001,300,
09:52:45,63.34,100,
09:52:47,63.37,400,
09:52:49,63.35,100,
09:52:51,63.339,100,
09:52:54,63.40,100,
09:52:54,63.42,100,
09:52:54,63.42,100,
09:52:55,63.44,100,
09:52:55,63.44,500,
09:52:55,63.44,100,
09:52:55,63.44,100,
09:52:55,63.45,200,
09:52:55,63.45,200,
09:52:55,63.45,100,
09:52:55,63.45,100,
09:52:55,63.45,100,
09:52:55,63.45,100,
09:52:55,63.46,500,
09:52:55,63.46,100,
09:52:55,63.47,1100,
09:52:55,63.47,100,
09:52:55,63.48,100,
09:52:55,63.48,100,
09:52:55,63.44,100,
09:52:55,63.48,400,
09:52:55,63.51,100,
09:52:55,63.44,100,
09:52:55,63.50,100,
09:52:55,63.51,100,
09:52:56,63.539,500,
09:52:56,63.51,100,
09:52:57,63.52,100,
09:52:57,63.51,100,
09:52:59,63.49,200,
09:53:03,63.4906,1000,
09:53:04,63.502,450,
09:53:07,63.49,100,
09:53:08,63.4872,100,
09:53:08,63.489,100,
09:53:09,63.52,300,
09:53:09,63.53,100,
09:53:10,63.52,300,
09:53:10,63.5199,1000,
09:53:11,63.51,100,
09:53:14,63.49,100,
09:53:15,63.47,100,
09:53:15,63.44,100,
09:53:17,63.42,600,
09:53:20,63.41,600,
09:53:26,63.43,100,
09:53:28,63.42,100,
09:53:29,63.42,120,
09:53:30,63.39,600,
09:53:31,63.41,100,
09:53:37,63.38,100,
09:53:49,63.358,1000,
09:53:57,63.379,500,
09:54:09,63.34,200,
09:54:09,63.35,300,
09:54:09,63.34,300,
09:54:11,63.34,700,
09:54:11,63.3594,100,
09:54:19,63.3495,100,
09:54:20,63.35,100,
09:54:21,63.29,200,
09:54:25,63.338,200,
09:54:28,63.34,157,
09:54:34,63.3399,100,
09:54:42,63.31,100,
09:54:50,63.28,155,
09:54:58,63.35,100,
09:54:58,63.36,200,
09:54:58,63.40,100,
09:54:58,63.39,100,
09:55:02,63.41,170,
09:55:02,63.34,150,
09:55:03,63.44,200,
09:55:10,63.38,100,
09:55:16,63.50,210,
09:55:16,63.54,200,
09:55:16,63.54,200,
09:55:16,63.54,100,
09:55:16,63.57,460,
09:55:16,63.59,500,
09:55:16,63.548,100,
09:55:16,63.56,100,
09:55:16,63.58,170,
09:55:16,63.59,100,
09:55:16,63.64,100,
09:55:16,63.63,100,
09:55:16,63.59,500,
09:55:17,63.58,500,
09:55:17,63.5999,150,
09:55:18,63.5819,500,
09:55:18,63.56,200,
09:55:18,63.531,500,
09:55:19,63.61,100,
09:55:19,63.63,300,
09:55:19,63.63,400,
09:55:19,63.65,100,
09:55:19,63.648,250,
09:55:20,63.629,100,
09:55:20,63.538,1000,
09:55:22,63.591,593,
09:55:22,63.63,1000,
09:55:23,63.59,5000,
09:55:23,63.59,200,
09:55:23,63.588,200,
09:55:23,63.59,100,
09:55:23,63.59,200,
09:55:23,63.55,400,
09:55:23,63.588,400,
09:55:23,63.53,130,
09:55:24,63.5396,100,
09:55:24,63.53,130,
09:55:24,63.57,500,
09:55:24,63.5417,800,
09:55:26,63.5416,100,
09:55:26,63.549,400,
09:55:26,63.55,405,
09:55:28,63.549,200,
09:55:29,63.5443,250,
09:55:30,63.50,100,
09:55:30,63.519,100,
09:55:30,63.53,2500,
09:55:31,63.50,100,
09:55:32,63.54,500,
09:55:33,63.526,500,
09:55:33,63.528,500,
09:55:34,63.5062,100,
09:55:34,63.5125,100,
09:55:35,63.52,100,
09:55:35,63.52,200,
09:55:35,63.5199,100,
09:55:35,63.5199,1600,
09:55:36,63.519,100,
09:55:37,63.515,100,
09:55:38,63.46,200,
09:55:39,63.51,100,
09:55:41,63.50,100,
09:55:45,63.508,1000,
09:55:47,63.505,100,
09:55:47,63.505,100,
09:55:47,63.53,100,
09:55:48,63.5103,700,
09:55:49,63.50,100,
09:55:50,63.55,100,
09:55:50,63.535,100,
09:55:56,63.53,100,
09:55:59,63.5497,100,
09:55:59,63.55,100,
09:56:01,63.51,400,
09:56:03,63.499,100,
09:56:05,63.524,100,
09:56:05,63.46,100,
09:56:06,63.468,100,
09:56:07,63.50,100,
09:56:10,63.49,100,
09:56:10,63.49,200,
09:56:10,63.49,200,
09:56:10,63.49,300,
09:56:10,63.49,300,
09:56:10,63.4899,200,
09:56:10,63.49,300,
09:56:10,63.49,100,
09:56:11,63.45,400,
09:56:11,63.43,600,
09:56:11,63.44,100,
09:56:13,63.44,100,
09:56:13,63.45,100,
09:56:13,63.45,300,
09:56:14,63.45,100,
09:56:15,63.4397,400,
09:56:16,63.44,200,
09:56:16,63.41,200,
09:56:16,63.38,100,
09:56:22,63.33,100,
09:56:22,63.3003,100,
09:56:24,63.30,300,
09:56:24,63.30,600,
09:56:24,63.32,400,
09:56:28,63.3364,100,
09:56:32,63.32,1500,
09:56:32,63.3115,100,
09:56:38,63.28,675,
09:56:44,63.33,100,
09:56:45,63.32,200,
09:56:45,63.32,100,
09:56:45,63.31,200,
09:56:45,63.30,100,
09:56:45,63.32,100,
09:56:45,63.31,300,
09:56:48,63.322,400,
09:56:53,63.2857,200,
09:56:54,63.279,100,
09:56:56,63.31,300,
09:56:56,63.306,300,
09:56:56,63.295,244,
09:56:59,63.312,100,
09:57:07,63.31,200,
09:57:10,63.38,400,
09:57:12,63.4045,1000,
09:57:12,63.40,400,
09:57:14,63.42,100,
09:57:15,63.46,100,
09:57:16,63.4773,100,
09:57:16,63.4779,100,
09:57:16,63.479,1300,
09:57:19,63.4643,100,
09:57:22,63.49,100,
09:57:24,63.4945,900,
09:57:26,63.489,100,
09:57:28,63.50,300,
09:57:30,63.50,100,
09:57:30,63.50,100,
09:57:30,63.495,200,
09:57:30,63.50,100,
09:57:30,63.495,100,
09:57:30,63.50,200,
09:57:32,63.48,100,
09:57:37,63.449,500,
09:57:37,63.449,400,
09:57:37,63.43,100,
09:57:39,63.421,100,
09:57:40,63.4398,100,
09:57:41,63.422,100,
09:57:41,63.42,100,
09:57:41,63.422,100,
09:57:41,63.42,100,
09:57:43,63.3686,200,
09:57:44,63.36,100,
09:57:45,63.3902,7500,
09:57:54,63.42,100,
09:57:57,63.4299,500,
09:58:00,63.399,100,
09:58:02,63.41,200,
09:58:06,63.4068,221,
09:58:07,63.391,500,
09:58:08,63.3881,1144,
09:58:10,63.349,100,
09:58:16,63.369,100,
09:58:20,63.37,100,
09:58:25,63.3401,100,
09:58:25,63.34,100,
09:58:25,63.34,100,
09:58:26,63.34,100,
09:58:27,63.3501,100,
09:58:27,63.34,500,
09:58:27,63.34,100,
09:58:28,63.3508,100,
09:58:28,63.359,450,
09:58:28,63.30,100,
09:58:28,63.30,100,
09:58:32,63.2701,100,
09:58:34,63.27,500,
09:58:35,63.27,100,
09:58:39,63.26,100,
09:58:39,63.26,100,
09:58:45,63.288,250,
09:58:51,63.31,100,
09:58:51,63.32,100,
09:58:54,63.3291,100,
09:58:54,63.339,1000,
09:58:55,63.31,100,
09:58:55,63.31,200,
09:58:55,63.3086,100,
09:58:55,63.31,200,
09:58:55,63.3085,100,
09:58:55,63.31,100,
09:58:56,63.30,300,
09:58:56,63.30,100,
09:59:01,63.26,100,
09:59:04,63.2416,300,
09:59:05,63.23,100,
09:59:07,63.25,100,
09:59:07,63.25,200,
09:59:07,63.25,250,
09:59:10,63.2545,800,
09:59:10,63.26,100,
09:59:10,63.2571,100,
09:59:10,63.2573,200,
09:59:10,63.263,1000,
09:59:18,63.27,100,
09:59:21,63.258,100,
09:59:21,63.26,100,
09:59:23,63.2292,100,
09:59:24,63.226,100,
09:59:30,63.19,200,
09:59:30,63.19,500,
09:59:32,63.179,500,
09:59:37,63.19,170,
09:59:38,63.17,100,
09:59:40,63.1199,100,
09:59:42,63.122,200,
09:59:42,63.118,100,
09:59:45,63.1213,1144,
09:59:47,63.12,100,
09:59:47,63.10,100,
09:59:50,63.1087,595,
09:59:51,63.1027,740,
09:59:53,63.08,200,
09:59:53,63.07,100,
09:59:54,63.071,200,
09:59:54,63.078,200,
09:59:55,63.06,300,
09:59:55,63.069,100,
09:59:57,63.04,100,
09:59:57,63.04,100,
09:59:58,63.0613,800,
10:00:01,63.03,600,
10:00:03,63.0605,200,
10:00:04,63.08,100,
10:00:04,63.08,100,
10:00:06,63.08,300,
10:00:07,63.06,100,
10:00:08,63.11,100,
10:00:08,63.07,100,
10:00:08,63.05,300,
10:00:09,63.07,100,
10:00:09,63.07,200,
10:00:09,63.07,200,
10:00:09,63.07,100,
10:00:09,63.0699,1400,
10:00:09,63.07,100,
10:00:10,63.04,500,
10:00:10,63.02,100,
10:00:10,63.012,1000,
10:00:10,63.01,160,
10:00:10,63.01,500,
10:00:10,63.01,200,
10:00:10,63.01,200,
10:00:10,63.01,100,
10:00:10,63.03,100,
10:00:11,63,100,
10:00:13,63.02,160,
10:00:13,63.048,100,
10:00:13,63.05,100,
10:00:13,63.048,100,
10:00:13,63.05,100,
10:00:16,63.10,100,
10:00:18,63.06,100,
10:00:18,63.06,100,
10:00:18,63.05,1865,
10:00:20,63.0568,100,
10:00:20,63.06,100,
10:00:20,63.0568,100,
10:00:20,63.0427,1100,
10:00:22,63.0599,300,
10:00:23,63.0699,100,
10:00:23,63.0699,100,
10:00:23,63.0681,150,
10:00:25,63.01,100,
10:00:26,63.01,300,
10:00:27,63,100,
10:00:28,63,400,
10:00:28,63,475,
10:00:28,63,200,
10:00:28,63,150,
10:00:28,63,275,
10:00:28,63,100,
10:00:28,63,100,
10:00:28,63,525,
10:00:28,63,600,
10:00:28,63,1000,
10:00:28,63,300,
10:00:28,63,200,
10:00:30,63.026,100,
10:00:34,63.04,500,
10:00:34,63.05,300,
10:00:35,63.0601,200,
10:00:35,63.06,100,
10:00:37,63.11,200,
10:00:37,63.101,300,
10:00:37,63.11,100,
10:00:37,63.11,200,
10:00:38,63.13,800,
10:00:39,63.121,200,
10:00:42,63.02,100,
10:00:42,63.01,100,
10:00:42,63.01,100,
10:00:42,63.01,100,
10:00:43,63.03,100,
10:00:47,63.06,100,
10:00:47,63.0681,600,
10:00:48,63.08,100,
10:00:49,63.068,150,
10:00:51,63.0299,100,
10:00:54,63.029,250,
10:00:55,63.02,300,
10:00:57,63.07,200,
10:00:57,63.07,200,
10:01:04,63.03,100,
10:01:04,63.03,100,
10:01:06,63.03,100,
10:01:08,63.03,100,
10:01:13,63.05,100,
10:01:13,63.059,160,
10:01:20,63.0843,200,
10:01:27,63.052,250,
10:01:29,63.11,300,
10:01:29,63.11,500,
10:01:29,63.11,100,
10:01:29,63.11,100,
10:01:29,63.11,100,
10:01:29,63.11,100,
10:01:29,63.11,100,
10:01:29,63.11,100,
10:01:31,63.0887,100,
10:01:31,63.09,100,
10:01:31,63.0886,100,
10:01:31,63.09,100,
10:01:31,63.09,100,
10:01:34,63.0773,200,
10:01:34,63.0773,100,
10:01:34,63.08,100,
10:01:34,63.0773,100,
10:01:34,63.0773,129,
10:01:36,63.10,100,
10:01:36,63.099,100,
10:01:37,63.11,300,
10:01:38,63.1072,100,
10:01:39,63.0899,100,
10:01:39,63.09,100,
10:01:39,63.09,100,
10:01:39,63.0899,100,
10:01:41,63.0601,2300,
10:01:45,63.05,1500,
10:01:46,63.01,165,
10:01:46,63,200,
10:01:46,63,370,
10:01:46,63,470,
10:01:46,62.99,300,
10:01:46,63,108,
10:01:46,63,400,
10:01:47,62.95,270,
10:01:47,62.95,300,
10:01:47,62.95,100,
10:01:47,62.94,100,
10:01:47,62.88,100,
10:01:47,62.90,100,
10:01:47,62.88,100,
10:01:47,62.88,200,
10:01:47,62.91,100,
10:01:47,62.91,550,
10:01:47,62.86,100,
10:01:48,62.8527,500,
10:01:48,62.83,100,
10:01:49,62.86,300,
10:01:49,62.86,200,
10:01:49,62.8801,100,
10:01:49,62.88,100,
10:01:49,62.87,100,
10:01:49,62.87,2500,
10:01:49,62.87,100,
10:01:51,62.9286,100,
10:01:51,62.93,100,
10:01:51,62.93,200,
10:01:53,62.89,100,
10:01:53,62.8728,350,
10:01:54,62.9073,100,
10:01:55,62.9343,100,
10:01:57,62.91,100,
10:01:57,62.906,500,
10:02:01,62.89,280,
10:02:05,62.9527,1000,
10:02:09,62.92,200,
10:02:09,62.92,100,
10:02:09,62.926,500,
10:02:11,62.9199,100,
10:02:12,62.93,300,
10:02:14,62.99,100,
10:02:15,62.9775,100,
10:02:15,62.979,100,
10:02:17,63.02,100,
10:02:20,63.05,100,
10:02:24,63.082,100,
10:02:26,63.118,128,
10:02:26,63.1398,100,
10:02:27,63.14,100,
10:02:27,63.129,400,
10:02:27,63.13,100,
10:02:27,63.13,100,
10:02:31,63.10,200,
10:02:35,63.1201,400,
10:02:35,63.138,100,
10:02:35,63.14,100,
10:02:35,63.138,100,
10:02:35,63.138,100,
10:02:35,63.138,100,
10:02:35,63.14,100,
10:02:36,63.091,425,
10:02:37,63.12,100,
10:02:37,63.11,100,
10:02:37,63.1027,1000,
10:02:39,63.1199,100,
10:02:42,63.1191,100,
10:02:42,63.1173,1000,
10:02:46,63.06,100,
10:02:46,63.0673,300,
10:02:49,63.06,100,
10:02:49,63.03,100,
10:02:49,63.01,100,
10:02:49,63.01,500,
10:02:50,63.0088,100,
10:02:51,63.0299,100,
10:02:56,63.0402,100,
10:02:56,63.04,100,
10:02:57,63.06,100,
10:03:00,63.0577,100,
10:03:00,63.05,300,
10:03:01,63.03,100,
10:03:01,63.03,100,
10:03:01,63.04,300,
10:03:01,63.0499,200,
10:03:01,63.05,100,
10:03:02,63.05,200,
10:03:02,63.05,100,
10:03:04,63.06,100,
10:03:07,63.03,100,
10:03:09,63.058,5000,
10:03:12,63.028,100,
10:03:13,62.96,200,
10:03:13,62.98,100,
10:03:14,62.98,100,
10:03:18,62.9901,300,
10:03:21,63.0495,100,
10:03:22,63.0499,200,
10:03:22,63.03,5000,
10:03:25,63.04,300,
10:03:27,63.04,300,
10:03:27,63.05,100,
10:03:27,63.05,200,
10:03:35,63.08,100,
10:03:39,63.09,100,
10:03:42,63.13,450,
10:03:44,63.1255,1000,
10:03:48,63.14,100,
10:03:51,63.1699,400,
10:03:53,63.07,100,
10:03:53,63.07,100,
10:03:56,63.09,100,
10:03:58,63.08,100,
10:04:00,63.08,300,
10:04:01,63.07,100,
10:04:02,63.09,100,
10:04:03,63.15,100,
10:04:03,63.15,100,
10:04:03,63.16,100,
10:04:03,63.15,300,
10:04:04,63.125,530,
10:04:06,63.07,100,
10:04:06,63.07,100,
10:04:06,63.06,250,
10:04:06,63.05,100,
10:04:06,63.05,100,
10:04:06,63.04,100,
10:04:06,63.0401,100,
10:04:06,63.04,100,
10:04:06,63.05,300,
10:04:06,63.05,100,
10:04:09,63.128,1500,
10:04:12,63.09,100,
10:04:14,63.07,100,
10:04:20,63.14,100,
10:04:20,63.1387,1000,
10:04:26,63.12,100,
10:04:27,63.11,300,
10:04:29,63.1125,100,
10:04:32,63.08,100,
10:04:32,63.08,100,
10:04:35,63.09,100,
10:04:39,63.129,100,
10:04:41,63.118,1200,
10:04:42,63.12,200,
10:04:42,63.12,100,
10:04:42,63.07,100,
10:04:42,63.07,100,
10:04:43,63.1281,300,
10:04:45,63.10,100,
10:04:47,63.09,100,
10:04:52,63.0725,100,
10:04:55,63.0301,3000,
10:04:59,63.059,500,
10:05:06,63.05,100,
10:05:07,63.03,100,
10:05:07,63.01,900,
10:05:10,63,200,
10:05:10,63.02,200,
10:05:10,63.06,100,
10:05:10,63.06,100,
10:05:10,63.058,100,
10:05:10,63.058,100,
10:05:11,63.06,300,
10:05:11,63.08,300,
10:05:11,63.09,500,
10:05:11,63.09,100,
10:05:11,63.10,500,
10:05:11,63.11,300,
10:05:11,63.11,300,
10:05:11,63.085,100,
10:05:11,63.085,100,
10:05:11,63.085,100,
10:05:11,63.095,100,
10:05:11,63.085,100,
10:05:11,63.095,100,
10:05:11,63.105,300,
10:05:11,63.105,300,
10:05:11,63.105,450,
10:05:11,63.10,100,
10:05:11,63.10,200,
10:05:11,63.10,100,
10:05:11,63.10,100,
10:05:11,63.09,100,
10:05:11,63.09,200,
10:05:11,63.09,100,
10:05:11,63.09,5900,
10:05:16,63.06,100,
10:05:16,63.06,100,
10:05:18,63.0901,100,
10:05:24,63.12,100,
10:05:26,63.10,100,
10:05:28,63.11,100,
10:05:28,63.11,200,
10:05:28,63.11,100,
10:05:32,63.108,100,
10:05:32,63.11,100,
10:05:32,63.11,100,
10:05:33,63.16,100,
10:05:34,63.18,100,
10:05:36,63.1684,200,
10:05:36,63.17,200,
10:05:36,63.1687,200,
10:05:36,63.17,200,
10:05:36,63.17,100,
10:05:37,63.18,100,
10:05:37,63.1799,100,
10:05:38,63.18,100,
10:05:38,63.18,100,
10:05:43,63.15,100,
10:05:46,63.17,100,
10:05:47,63.15,100,
10:05:47,63.12,100,
10:05:48,63.10,100,
10:05:48,63.10,100,
10:05:48,63.11,100,
10:05:48,63.11,200,
10:05:53,63.09,300,
10:05:53,63.09,100,
10:05:56,63.118,100,
10:05:56,63.118,100,
10:05:56,63.15,200,
10:05:58,63.22,1000,
10:05:59,63.1801,500,
10:05:59,63.18,100,
10:05:59,63.18,400,
10:06:00,63.19,100,
10:06:07,63.1583,100,
10:06:12,63.1798,100,
10:06:16,63.182,1000,
10:06:20,63.1599,100,
10:06:23,63.162,1000,
10:06:23,63.169,200,
10:06:26,63.19,100,
10:06:26,63.20,215,
10:06:26,63.21,200,
10:06:28,63.19,100,
10:06:39,63.188,200,
10:06:41,63.17,100,
10:06:48,63.1697,100,
10:06:48,63.176,300,
10:06:49,63.168,100,
10:06:56,63.1693,100,
10:06:56,63.179,100,
10:07:02,63.1684,100,
10:07:04,63.112,1000,
10:07:05,63.12,100,
10:07:07,63.1208,100,
10:07:07,63.121,300,
10:07:09,63.12,100,
10:07:12,63.1127,900,
10:07:12,63.1199,100,
10:07:17,63.08,500,
10:07:17,63.0707,100,
10:07:17,63.0706,100,
10:07:17,63.071,800,
10:07:17,63.071,300,
10:07:19,63.0727,100,
10:07:19,63.07,100,
10:07:22,63.071,1000,
10:07:26,63.07,100,
10:07:27,63.11,100,
10:07:31,63.13,100,
10:07:40,63.11,200,
10:07:54,63.17,100,
10:07:58,63.14,100,
10:07:59,63.13,200,
10:08:00,63.13,100,
10:08:01,63.12,100,
10:08:03,63.128,150,
10:08:07,63.14,100,
10:08:08,63.108,600,
10:08:09,63.14,129,
10:08:16,63.149,500,
10:08:23,63.12,1100,
10:08:23,63.12,400,
10:08:23,63.11,100,
10:08:23,63.11,100,
10:08:23,63.10,100,
10:08:23,63.09,100,
10:08:28,63.10,100,
10:08:28,63.11,100,
10:08:28,63.11,100,
10:08:28,63.11,100,
10:08:28,63.11,100,
10:08:28,63.15,100,
10:08:28,63.15,100,
10:08:28,63.15,100,
10:08:28,63.15,100,
10:08:32,63.1086,1000,
10:08:41,63.1075,100,
10:08:41,63.1083,100,
10:08:43,63.108,500,
10:08:49,63.0428,100,
10:08:57,63.03,100,
10:09:02,63.05,300,
10:09:03,63.07,100,
10:09:08,63.0698,300,
10:09:08,63.07,100,
10:09:08,63.07,100,
10:09:08,63.07,100,
10:09:12,63.08,100,
10:09:12,63.078,100,
10:09:12,63.078,100,
10:09:16,63.05,100,
10:09:16,63.06,100,
10:09:28,63.04,1000,
10:09:28,63.02,100,
10:09:28,63.0104,100,
10:09:29,63.008,100,
10:09:29,63.008,100,
10:09:31,63,600,
10:09:31,63,240,
10:09:31,62.99,200,
10:09:31,62.98,100,
10:09:31,62.97,500,
10:09:31,62.97,100,
10:09:31,62.97,200,
10:09:31,62.97,100,
10:09:31,62.97,800,
10:09:31,62.97,400,
10:09:31,62.97,100,
10:09:31,62.95,200,
10:09:31,62.97,100,
10:09:31,62.97,200,
10:09:31,62.97,100,
10:09:33,63.0101,100,
10:09:33,63.01,100,
10:09:34,63.01,100,
10:09:39,62.999,300,
10:09:39,62.97,200,
10:09:40,62.9726,100,
10:09:40,62.98,300,
10:09:40,62.99,100,
10:09:40,62.9799,300,
10:09:40,62.9799,100,
10:09:41,62.97,100,
10:09:42,62.9701,100,
10:09:42,62.97,100,
10:09:42,62.97,100,
10:09:43,62.99,100,
10:09:49,63.0027,1325,
10:09:54,63.0257,200,
10:09:57,63.0038,800,
10:09:59,63.031,500,
10:10:02,63.04,100,
10:10:02,63.0401,600,
10:10:06,62.99,100,
10:10:07,62.988,100,
10:10:07,62.988,100,
10:10:07,62.99,100,
10:10:07,62.988,200,
10:10:16,62.97,300,
10:10:16,62.97,100,
10:10:16,62.97,100,
10:10:16,62.97,500,
10:10:17,62.95,100,
10:10:17,62.94,100,
10:10:18,62.93,200,
10:10:19,62.92,300,
10:10:23,62.922,600,
10:10:25,62.93,500,
10:10:25,62.91,100,
10:10:25,62.90,200,
10:10:25,62.912,100,
10:10:25,62.912,200,
10:10:26,62.89,100,
10:10:27,62.90,1500,
10:10:29,62.92,100,
10:10:30,62.93,1000,
10:10:30,62.94,3900,
10:10:34,62.89,300,
10:10:35,62.8701,2700,
10:10:37,62.88,120,
10:10:38,62.91,100,
10:10:43,62.91,100,
10:10:43,62.92,100,
10:10:43,62.92,100,
10:10:46,62.928,250,
10:10:49,62.926,1000,
10:10:49,62.90,150,
10:10:49,62.90,187,
10:10:53,62.88,300,
10:10:56,62.88,499,
10:10:58,62.8675,1000,
10:11:00,62.91,500,
10:11:02,62.9001,2000,
10:11:12,62.90,100,
10:11:13,62.89,100,
10:11:27,62.95,100,
10:11:27,62.95,100,
10:11:29,62.97,100,
10:11:32,62.979,100,
10:11:37,62.972,300,
10:11:37,62.95,100,
10:11:47,62.9499,100,
10:11:49,62.96,100,
10:11:55,62.97,200,
10:11:56,62.9693,100,
10:11:56,62.969,800,
10:11:58,62.97,200,
10:12:00,62.89,100,
10:12:00,62.88,100,
10:12:00,62.88,100,
10:12:00,62.91,100,
10:12:00,62.88,300,
10:12:02,62.8799,100,
10:12:02,62.8728,100,
10:12:03,62.871,100,
10:12:03,62.90,300,
10:12:03,62.90,100,
10:12:03,62.90,100,
10:12:03,62.89,100,
10:12:04,62.87,2100,
10:12:04,62.90,100,
10:12:07,62.86,100,
10:12:07,62.8502,300,
10:12:07,62.85,100,
10:12:07,62.85,100,
10:12:11,62.86,100,
10:12:12,62.83,200,
10:12:12,62.82,1100,
10:12:12,62.80,400,
10:12:12,62.80,100,
10:12:12,62.80,100,
10:12:12,62.79,100,
10:12:12,62.78,100,
10:12:12,62.78,100,
10:12:12,62.782,500,
10:12:13,62.78,500,
10:12:14,62.78,100,
10:12:15,62.78,3000,
10:12:15,62.78,330,
10:12:15,62.7801,330,
10:12:17,62.84,100,
10:12:17,62.84,100,
10:12:17,62.84,100,
10:12:22,62.808,100,
10:12:23,62.83,100,
10:12:27,62.84,100,
10:12:28,62.821,1000,
10:12:32,62.85,100,
10:12:40,62.83,100,
10:12:40,62.83,100,
10:12:40,62.83,100,
10:12:40,62.83,100,
10:12:40,62.83,100,
10:12:40,62.8299,100,
10:12:41,62.81,300,
10:12:41,62.80,100,
10:12:47,62.859,100,
10:12:49,62.85,100,
10:12:49,62.86,700,
10:12:55,62.831,100,
10:12:55,62.831,100,
10:12:55,62.831,100,
10:13:02,62.92,100,
10:13:02,62.9134,100,
10:13:04,62.91,1000,
10:13:04,62.92,800,
10:13:17,62.94,200,
10:13:22,62.929,250,
10:13:22,62.929,2500,
10:13:28,62.92,2000,
10:13:33,62.86,400,
10:13:33,62.86,100,
10:13:33,62.86,185,
10:13:33,62.86,100,
10:13:38,62.8629,150,
10:13:44,62.89,100,
10:13:45,62.90,200,
10:13:45,62.88,100,
10:13:46,62.8614,500,
10:13:46,62.88,100,
10:13:46,62.8973,1900,
10:13:46,62.87,200,
10:13:48,62.88,100,
10:13:49,62.889,100,
10:13:55,62.874,1000,
10:13:56,62.92,100,
10:13:58,62.88,100,
10:13:58,62.89,100,
10:13:58,62.86,100,
10:13:58,62.85,100,
10:13:58,62.858,200,
10:13:59,62.88,300,
10:14:00,62.8724,100,
10:14:00,62.8768,100,
10:14:04,62.9173,1000,
10:14:07,62.88,100,
10:14:07,62.86,170,
10:14:08,62.86,100,
10:14:11,62.85,100,
10:14:14,62.85,200,
10:14:17,62.85,100,
10:14:17,62.82,100,
10:14:19,62.83,100,
10:14:22,62.83,100,
10:14:22,62.83,800,
10:14:24,62.79,100,
10:14:24,62.80,200,
10:14:24,62.82,400,
10:14:30,62.82,100,
10:14:30,62.79,100,
10:14:31,62.789,100,
10:14:31,62.789,600,
10:14:31,62.789,600,
10:14:33,62.81,200,
10:14:35,62.80,200,
10:14:35,62.80,100,
10:14:39,62.7999,2100,
10:14:40,62.80,100,
10:14:40,62.798,600,
10:14:40,62.80,100,
10:14:49,62.80,100,
10:14:52,62.80,1000,
10:14:58,62.8063,100,
10:14:58,62.80,500,
10:15:00,62.7601,1000,
10:15:04,62.7755,331,
10:15:05,62.7861,100,
10:15:05,62.79,100,
10:15:06,62.79,300,
10:15:09,62.79,100,
10:15:11,62.7787,690,
10:15:15,62.75,250,
10:15:16,62.74,100,
10:15:17,62.71,2500,
10:15:17,62.712,126,
10:15:17,62.71,500,
10:15:17,62.72,100,
10:15:17,62.72,100,
10:15:17,62.71,100,
10:15:17,62.71,100,
10:15:17,62.71,100,
10:15:18,62.70,2500,
10:15:18,62.70,5100,
10:15:19,62.71,100,
10:15:20,62.70,500,
10:15:20,62.70,250,
10:15:21,62.68,100,
10:15:22,62.65,900,
10:15:22,62.65,200,
10:15:22,62.65,900,
10:15:22,62.65,200,
10:15:22,62.65,125,
10:15:22,62.64,100,
10:15:22,62.63,100,
10:15:22,62.63,100,
10:15:22,62.63,100,
10:15:22,62.62,100,
10:15:22,62.62,100,
10:15:22,62.61,300,
10:15:22,62.59,100,
10:15:23,62.588,100,
10:15:23,62.59,100,
10:15:23,62.588,100,
10:15:23,62.588,100,
10:15:23,62.59,100,
10:15:23,62.588,100,
10:15:23,62.588,200,
10:15:23,62.562,700,
10:15:24,62.552,145,
10:15:24,62.55,100,
10:15:24,62.55,300,
10:15:24,62.55,400,
10:15:24,62.55,275,
10:15:24,62.54,100,
10:15:24,62.54,100,
10:15:25,62.562,1200,
10:15:25,62.5758,100,
10:15:25,62.5773,100,
10:15:25,62.579,200,
10:15:25,62.5692,100,
10:15:26,62.56,100,
10:15:26,62.55,4000,
10:15:26,62.55,3000,
10:15:26,62.58,300,
10:15:26,62.58,100,
10:15:26,62.58,300,
10:15:28,62.5627,1000,
10:15:28,62.58,3200,
10:15:28,62.561,100,
10:15:30,62.55,300,
10:15:30,62.53,100,
10:15:32,62.5644,100,
10:15:32,62.569,200,
10:15:33,62.568,300,
10:15:33,62.5698,100,
10:15:34,62.56,250,
10:15:34,62.57,100,
10:15:35,62.5572,100,
10:15:35,62.5501,100,
10:15:36,62.56,200,
10:15:36,62.56,100,
10:15:36,62.55,300,
10:15:39,62.5483,100,
10:15:40,62.552,100,
10:15:41,62.55,100,
10:15:43,62.552,400,
10:15:49,62.53,200,
10:15:49,62.54,100,
10:15:51,62.52,300,
10:15:51,62.52,200,
10:15:51,62.52,200,
10:15:51,62.52,100,
10:15:51,62.51,900,
10:15:51,62.51,666,
10:15:51,62.51,100,
10:15:51,62.50,100,
10:15:51,62.502,100,
10:15:52,62.50,501,
10:15:53,62.50,300,
10:15:54,62.50,124,
10:15:54,62.50,1000,
10:15:54,62.50,1800,
10:15:54,62.50,649,
10:15:54,62.50,100,
10:15:54,62.50,300,
10:15:54,62.50,100,
10:15:54,62.50,100,
10:15:54,62.50,300,
10:15:54,62.50,300,
10:15:55,62.50,300,
10:15:58,62.48,100,
10:16:02,62.47,100,
10:16:02,62.4799,300,
10:16:02,62.48,100,
10:16:02,62.48,100,
10:16:02,62.48,100,
10:16:02,62.4707,100,
10:16:03,62.48,100,
10:16:03,62.49,1500,
10:16:03,62.50,100,
10:16:04,62.5099,300,
10:16:06,62.502,500,
10:16:08,62.4801,800,
10:16:10,62.50,100,
10:16:12,62.5201,1000,
10:16:12,62.53,100,
10:16:14,62.5414,924,
10:16:18,62.54,100,
10:16:20,62.53,200,
10:16:27,62.57,100,
10:16:27,62.5701,100,
10:16:27,62.5701,100,
10:16:27,62.5701,200,
10:16:27,62.5701,300,
10:16:27,62.5701,200,
10:16:27,62.57,400,
10:16:27,62.58,200,
10:16:29,62.61,100,
10:16:34,62.62,100,
10:16:38,62.6388,100,
10:16:38,62.639,300,
10:16:38,62.639,400,
10:16:39,62.6272,200,
10:16:40,62.628,745,
10:16:40,62.63,500,
10:16:44,62.63,100,
10:16:49,62.69,100,
10:16:49,62.69,200,
10:16:50,62.69,100,
10:16:57,62.669,1000,
10:16:59,62.64,100,
10:16:59,62.65,100,
10:16:59,62.65,563,
10:16:59,62.65,250,
10:16:59,62.63,100,
10:16:59,62.63,100,
10:16:59,62.63,100,
10:16:59,62.63,100,
10:16:59,62.64,100,
10:17:04,62.68,100,
10:17:05,62.6872,400,
10:17:06,62.70,100,
10:17:09,62.72,100,
10:17:09,62.74,300,
10:17:09,62.75,100,
10:17:09,62.75,100,
10:17:09,62.75,100,
10:17:10,62.73,100,
10:17:11,62.7399,7500,
10:17:11,62.75,600,
10:17:16,62.73,100,
10:17:17,62.728,300,
10:17:18,62.71,100,
10:17:23,62.74,100,
10:17:23,62.76,300,
10:17:23,62.76,100,
10:17:23,62.75,300,
10:17:23,62.76,400,
10:17:23,62.77,100,
10:17:23,62.77,1200,
10:17:23,62.77,200,
10:17:26,62.72,100,
10:17:26,62.71,200,
10:17:26,62.70,200,
10:17:28,62.7242,100,
10:17:29,62.72,100,
10:17:35,62.69,100,
10:17:39,62.6999,200,
10:17:39,62.70,200,
10:17:41,62.681,200,
10:17:47,62.7114,100,
10:17:53,62.7298,2500,
10:18:01,62.70,200,
10:18:01,62.70,600,
10:18:03,62.6784,300,
10:18:12,62.68,100,
10:18:12,62.68,100,
10:18:15,62.68,100,
10:18:21,62.65,200,
10:18:29,62.6429,400,
10:18:34,62.65,3000,
10:18:38,62.60,680,
10:18:38,62.619,100,
10:18:42,62.6381,100,
10:18:42,62.639,300,
10:18:42,62.635,5000,
10:18:52,62.68,200,
10:19:05,62.6572,209,
10:19:16,62.70,100,
10:19:18,62.66,100,
10:19:24,62.65,100,
10:19:25,62.65,100,
10:19:25,62.65,200,
10:19:31,62.66,100,
10:19:40,62.618,500,
10:19:42,62.61,100,
10:19:53,62.562,175,
10:19:58,62.5699,100,
10:19:59,62.5699,1000,
10:20:01,62.55,100,
10:20:01,62.55,100,
10:20:04,62.56,100,
10:20:14,62.56,4900,
10:20:20,62.55,100,
10:20:27,62.52,500,
10:20:27,62.52,100,
10:20:27,62.50,100,
10:20:28,62.48,400,
10:20:28,62.46,100,
10:20:28,62.47,100,
10:20:28,62.48,180,
10:20:28,62.45,100,
10:20:28,62.4401,200,
10:20:28,62.45,100,
10:20:28,62.459,500,
10:20:29,62.46,100,
10:20:29,62.46,200,
10:20:32,62.44,100,
10:20:32,62.43,100,
10:20:32,62.42,100,
10:20:32,62.42,100,
10:20:32,62.42,100,
10:20:32,62.40,100,
10:20:32,62.38,100,
10:20:33,62.35,100,
10:20:33,62.35,2000,
10:20:34,62.31,406,
10:20:34,62.32,100,
10:20:34,62.32,100,
10:20:35,62.31,100,
10:20:35,62.30,500,
10:20:35,62.302,500,
10:20:36,62.3146,100,
10:20:36,62.31,385,
10:20:36,62.31,200,
10:20:37,62.30,500,
10:20:37,62.30,100,
10:20:37,62.30,500,
10:20:37,62.30,1200,
10:20:37,62.30,500,
10:20:37,62.30,100,
10:20:37,62.29,100,
10:20:38,62.36,150,
10:20:39,62.36,100,
10:20:41,62.36,200,
10:20:45,62.35,800,
10:20:46,62.35,100,
10:20:47,62.37,100,
10:20:49,62.38,100,
10:20:51,62.38,300,
10:20:51,62.4099,200,
10:20:51,62.41,200,
10:20:54,62.43,100,
10:20:55,62.38,200,
10:20:55,62.372,300,
10:20:57,62.36,100,
10:20:57,62.36,100,
10:21:00,62.35,200,
10:21:00,62.35,800,
10:21:01,62.36,200,
10:21:05,62.35,200,
10:21:06,62.359,200,
10:21:07,62.358,500,
10:21:08,62.358,250,
10:21:08,62.3585,500,
10:21:08,62.358,400,
10:21:08,62.31,100,
10:21:09,62.31,100,
10:21:10,62.31,200,
10:21:10,62.31,100,
10:21:10,62.31,150,
10:21:11,62.326,200,
10:21:13,62.309,2100,
10:21:13,62.309,2000,
10:21:13,62.3016,100,
10:21:15,62.309,100,
10:21:16,62.29,100,
10:21:16,62.29,100,
10:21:17,62.3195,100,
10:21:17,62.319,2000,
10:21:17,62.319,2150,
10:21:18,62.36,170,
10:21:20,62.38,500,
10:21:20,62.39,200,
10:21:22,62.38,100,
10:21:23,62.3701,7500,
10:21:27,62.4184,100,
10:21:27,62.42,100,
10:21:27,62.42,100,
10:21:30,62.4101,500,
10:21:30,62.42,900,
10:21:32,62.418,100,
10:21:35,62.39,600,
10:21:36,62.409,100,
10:21:38,62.4084,300,
10:21:40,62.42,3100,
10:21:41,62.4286,500,
10:21:42,62.43,500,
10:21:42,62.43,100,
10:21:43,62.39,100,
10:21:43,62.42,900,
10:21:47,62.4189,100,
10:21:47,62.4161,100,
10:21:50,62.40,100,
10:21:54,62.44,300,
10:21:57,62.44,100,
10:21:58,62.43,1500,
10:22:03,62.412,700,
10:22:03,62.44,300,
10:22:03,62.44,100,
10:22:03,62.44,1000,
10:22:03,62.43,100,
10:22:04,62.429,500,
10:22:04,62.41,100,
10:22:08,62.39,100,
10:22:08,62.39,200,
10:22:08,62.42,200,
10:22:08,62.42,100,
10:22:08,62.42,200,
10:22:11,62.3927,1000,
10:22:12,62.41,500,
10:22:13,62.40,100,
10:22:20,62.40,100,
10:22:20,62.40,100,
10:22:20,62.40,100,
10:22:20,62.40,100,
10:22:28,62.4043,115,
10:22:35,62.4201,2100,
10:22:39,62.44,200,
10:22:46,62.4373,100,
10:22:46,62.439,100,
10:22:47,62.45,500,
10:22:51,62.46,100,
10:22:53,62.4584,300,
10:22:57,62.4601,100,
10:23:01,62.4795,100,
10:23:01,62.4797,100,
10:23:01,62.48,300,
10:23:02,62.46,100,
10:23:08,62.476,1000,
10:23:17,62.4101,100,
10:23:18,62.4102,800,
10:23:20,62.43,300,
10:23:20,62.43,200,
10:23:26,62.43,100,
10:23:32,62.4054,100,
10:23:32,62.4097,100,
10:23:33,62.402,300,
10:23:34,62.40,100,
10:23:34,62.38,100,
10:23:37,62.402,265,
10:23:53,62.41,100,
10:24:11,62.409,100,
10:24:21,62.4054,100,
10:24:35,62.3784,100,
10:24:37,62.37,100,
10:24:39,62.33,100,
10:24:39,62.32,100,
10:24:39,62.32,100,
10:24:39,62.32,100,
10:24:39,62.31,400,
10:24:39,62.31,100,
10:24:41,62.3301,1500,
10:24:49,62.36,100,
10:24:51,62.38,100,
10:24:51,62.3784,100,
10:24:55,62.406,900,
10:24:57,62.42,100,
10:24:57,62.43,100,
10:24:58,62.43,100,
10:24:58,62.43,1950,
10:24:59,62.43,100,
10:25:00,62.45,100,
10:25:00,62.46,100,
10:25:03,62.4572,100,
10:25:04,62.459,300,
10:25:05,62.456,800,
10:25:07,62.46,100,
10:25:09,62.45,100,
10:25:18,62.44,100,
10:25:18,62.429,300,
10:25:23,62.43,500,
10:25:26,62.44,1500,
10:25:31,62.4384,400,
10:25:32,62.432,100,
10:25:32,62.429,200,
10:25:37,62.40,100,
10:25:47,62.3586,100,
10:25:48,62.331,100,
10:25:53,62.344,190,
10:25:57,62.36,100,
10:26:01,62.35,100,
10:26:03,62.368,200,
10:26:05,62.352,1000,
10:26:07,62.33,100,
10:26:12,62.32,500,
10:26:13,62.30,400,
10:26:14,62.30,100,
10:26:14,62.30,200,
10:26:14,62.30,300,
10:26:14,62.30,100,
10:26:14,62.30,800,
10:26:14,62.30,100,
10:26:14,62.30,100,
10:26:14,62.30,100,
10:26:16,62.33,100,
10:26:18,62.30,100,
10:26:19,62.29,100,
10:26:19,62.29,160,
10:26:19,62.25,100,
10:26:19,62.24,200,
10:26:19,62.24,700,
10:26:19,62.242,1000,
10:26:19,62.23,100,
10:26:19,62.23,100,
10:26:19,62.23,200,
10:26:19,62.23,100,
10:26:19,62.22,200,
10:26:20,62.20,200,
10:26:20,62.20,500,
10:26:20,62.20,100,
10:26:24,62.22,100,
10:26:25,62.202,300,
10:26:26,62.22,500,
10:26:27,62.24,100,
10:26:28,62.25,1000,
10:26:28,62.25,500,
10:26:28,62.249,100,
10:26:30,62.23,100,
10:26:30,62.23,300,
10:26:30,62.23,200,
10:26:30,62.232,435,
10:26:32,62.2384,100,
10:26:32,62.24,100,
10:26:32,62.23,100,
10:26:34,62.2216,100,
10:26:34,62.20,100,
10:26:34,62.18,100,
10:26:34,62.18,200,
10:26:38,62.19,100,
10:26:40,62.20,502,
10:26:41,62.22,200,
10:26:41,62.22,200,
10:26:45,62.2398,100,
10:26:46,62.2057,150,
10:26:47,62.20,500,
10:26:51,62.20,100,
10:26:51,62.20,500,
10:26:51,62.19,100,
10:26:51,62.19,400,
10:26:53,62.184,100,
10:26:58,62.25,100,
10:27:01,62.28,300,
10:27:03,62.29,100,
10:27:05,62.2602,100,
10:27:05,62.2629,158,
10:27:09,62.2616,100,
10:27:09,62.265,100,
10:27:10,62.28,600,
10:27:10,62.2978,800,
10:27:14,62.32,100,
10:27:18,62.32,275,
10:27:19,62.3245,1000,
10:27:20,62.35,100,
10:27:20,62.35,100,
10:27:20,62.35,100,
10:27:20,62.35,100,
10:27:20,62.36,400,
10:27:21,62.35,100,
10:27:21,62.33,100,
10:27:21,62.34,100,
10:27:24,62.331,607,
10:27:25,62.35,100,
10:27:30,62.36,200,
10:27:31,62.38,500,
10:27:31,62.38,300,
10:27:32,62.36,200,
10:27:32,62.3891,100,
10:27:32,62.389,300,
10:27:36,62.3802,2000,
10:27:37,62.3698,100,
10:27:40,62.33,100,
10:27:41,62.34,100,
10:27:41,62.3299,100,
10:27:45,62.37,126,
10:27:52,62.359,200,
10:27:54,62.3504,100,
10:27:56,62.35,3800,
10:28:01,62.3699,5000,
10:28:22,62.39,100,
10:28:24,62.3899,1000,
10:28:25,62.40,100,
10:28:30,62.40,100,
10:28:40,62.4084,100,
10:28:47,62.4016,200,
10:28:53,62.4012,100,
10:28:53,62.40,300,
10:28:53,62.39,300,
10:28:54,62.39,100,
10:28:56,62.439,500,
10:28:59,62.4429,170,
10:28:59,62.47,300,
10:29:00,62.452,950,
10:29:01,62.46,100,
10:29:01,62.47,500,
10:29:01,62.48,1000,
10:29:01,62.48,300,
10:29:01,62.48,100,
10:29:01,62.48,300,
10:29:01,62.48,500,
10:29:01,62.48,100,
10:29:01,62.49,200,
10:29:01,62.49,100,
10:29:02,62.48,200,
10:29:02,62.48,100,
10:29:02,62.48,100,
10:29:02,62.48,600,
10:29:02,62.4797,100,
10:29:02,62.479,300,
10:29:02,62.47,600,
10:29:02,62.47,600,
10:29:03,62.4673,800,
10:29:04,62.4698,100,
10:29:04,62.469,1000,
10:29:05,62.4614,400,
10:29:07,62.459,100,
10:29:08,62.40,200,
10:29:09,62.4184,488,
10:29:09,62.45,100,
10:29:10,62.45,100,
10:29:10,62.469,500,
10:29:10,62.469,400,
10:29:12,62.47,400,
10:29:13,62.42,100,
10:29:15,62.4399,100,
10:29:15,62.439,500,
10:29:17,62.44,200,
10:29:22,62.41,100,
10:29:25,62.41,200,
10:29:26,62.43,200,
10:29:32,62.419,100,
10:29:38,62.40,100,
10:29:38,62.38,100,
10:29:46,62.411,300,
10:29:51,62.4598,100,
10:29:51,62.46,300,
10:29:52,62.48,100,
10:29:58,62.4673,1000,
10:30:02,62.46,100,
10:30:02,62.46,200,
10:30:05,62.45,100,
10:30:06,62.47,100,
10:30:10,62.488,240,
10:30:14,62.48,100,
10:30:17,62.47,100,
10:30:21,62.478,1000,
10:30:27,62.4732,300,
10:30:28,62.48,100,
10:30:28,62.48,100,
10:30:28,62.48,300,
10:30:28,62.4899,1000,
10:30:32,62.47,200,
10:30:35,62.4897,100,
10:30:35,62.489,1900,
10:30:35,62.49,700,
10:30:37,62.50,100,
10:30:37,62.4993,100,
10:30:37,62.50,100,
10:30:37,62.50,100,
10:30:38,62.4999,1000,
10:30:42,62.50,100,
10:30:42,62.4855,1000,
10:30:44,62.50,1000,
10:30:47,62.50,1000,
10:30:48,62.5384,400,
10:30:48,62.54,100,
10:30:48,62.535,100,
10:30:48,62.54,100,
10:30:49,62.5599,100,
10:30:49,62.56,100,
10:30:49,62.56,400,
10:30:51,62.535,200,
10:30:51,62.535,100,
10:30:51,62.535,100,
10:30:51,62.54,100,
10:30:51,62.535,400,
10:30:52,62.5399,100,
10:30:54,62.53,100,
10:30:55,62.53,100,
10:30:56,62.54,100,
10:30:57,62.532,500,
10:31:01,62.52,200,
10:31:02,62.5366,100,
10:31:02,62.5375,100,
10:31:02,62.5378,100,
10:31:02,62.539,700,
10:31:02,62.53,100,
10:31:02,62.52,100,
10:31:03,62.534,2800,
10:31:06,62.4999,300,
10:31:06,62.518,500,
10:31:06,62.50,200,
10:31:06,62.50,300,
10:31:07,62.482,1000,
10:31:11,62.52,100,
10:31:13,62.499,700,
10:31:15,62.489,100,
10:31:15,62.489,100,
10:31:15,62.45,100,
10:31:16,62.4374,100,
10:31:16,62.4374,100,
10:31:16,62.45,100,
10:31:16,62.43,100,
10:31:16,62.43,200,
10:31:17,62.43,100,
10:31:17,62.42,100,
10:31:18,62.43,200,
10:31:18,62.43,600,
10:31:23,62.4499,600,
10:31:24,62.44,1000,
10:31:25,62.4554,100,
10:31:29,62.40,320,
10:31:29,62.41,100,
10:31:30,62.41,100,
10:31:32,62.43,100,
10:31:33,62.428,100,
10:31:35,62.45,200,
10:31:48,62.4486,187,
10:31:53,62.42,100,
10:31:53,62.42,100,
10:32:03,62.42,100,
10:32:03,62.42,100,
10:32:04,62.42,100,
10:32:04,62.42,200,
10:32:05,62.43,1700,
10:32:05,62.43,100,
10:32:05,62.43,200,
10:32:05,62.43,675,
10:32:05,62.43,100,
10:32:05,62.43,100,
10:32:06,62.422,500,
10:32:08,62.43,100,
10:32:20,62.38,139,
10:32:24,62.39,100,
10:32:28,62.35,100,
10:32:29,62.36,100,
10:32:31,62.35,100,
10:32:33,62.3601,520,
10:32:34,62.43,500,
10:32:35,62.4299,100,
10:32:35,62.4299,200,
10:32:35,62.43,200,
10:32:35,62.4299,200,
10:32:35,62.4299,100,
10:32:37,62.43,100,
10:32:39,62.42,100,
10:32:40,62.42,400,
10:32:46,62.3764,100,
10:32:46,62.38,200,
10:32:49,62.39,100,
10:32:51,62.39,100,
10:32:51,62.3899,600,
10:32:52,62.38,1200,
10:32:52,62.38,2300,
10:32:58,62.40,100,
10:32:58,62.40,100,
10:32:58,62.40,100,
10:33:01,62.41,100,
10:33:08,62.36,900,
10:33:10,62.36,200,
10:33:10,62.36,2000,
10:33:10,62.35,503,
10:33:10,62.35,100,
10:33:11,62.3501,100,
10:33:11,62.35,100,
10:33:14,62.351,100,
10:33:15,62.3372,100,
10:33:17,62.3155,1000,
10:33:18,62.3455,100,
10:33:18,62.339,100,
10:33:18,62.339,100,
10:33:20,62.33,300,
10:33:34,62.3464,100,
10:33:34,62.3483,100,
10:33:42,62.34,100,
10:33:42,62.34,100,
10:33:42,62.34,1111,
10:33:42,62.31,200,
10:33:42,62.31,100,
10:33:42,62.30,100,
10:33:42,62.30,100,
10:33:45,62.28,400,
10:33:45,62.28,300,
10:33:45,62.27,500,
10:33:45,62.28,500,
10:33:45,62.28,100,
10:33:45,62.27,100,
10:33:45,62.28,100,
10:33:45,62.26,500,
10:33:45,62.26,100,
10:33:45,62.26,100,
10:33:45,62.26,200,
10:33:45,62.25,100,
10:33:45,62.25,100,
10:33:45,62.25,100,
10:33:45,62.25,100,
10:33:45,62.25,100,
10:33:45,62.24,300,
10:33:45,62.26,200,
10:33:45,62.25,100,
10:33:45,62.24,200,
10:33:45,62.28,100,
10:33:46,62.23,100,
10:33:46,62.281,200,
10:33:46,62.27,100,
10:33:46,62.27,100,
10:33:46,62.27,100,
10:33:46,62.25,100,
10:33:46,62.2591,100,
10:33:46,62.26,100,
10:33:47,62.2601,400,
10:33:47,62.26,200,
10:33:47,62.26,100,
10:33:47,62.26,200,
10:33:48,62.24,530,
10:33:48,62.27,200,
10:33:53,62.22,1500,
10:33:54,62.2391,100,
10:33:54,62.239,200,
10:34:03,62.24,200,
10:34:03,62.2209,400,
10:34:03,62.24,200,
10:34:07,62.22,200,
10:34:14,62.20,440,
10:34:14,62.20,400,
10:34:14,62.20,100,
10:34:14,62.20,200,
10:34:14,62.19,100,
10:34:14,62.20,1900,
10:34:14,62.18,900,
10:34:14,62.18,209,
10:34:14,62.1894,100,
10:34:16,62.1773,1000,
10:34:18,62.1502,300,
10:34:18,62.15,100,
10:34:18,62.159,100,
10:34:21,62.164,1000,
10:34:21,62.1702,100,
10:34:22,62.15,300,
10:34:24,62.17,200,
10:34:28,62.1598,100,
10:34:29,62.142,1000,
10:34:33,62.1401,7500,
10:34:33,62.15,100,
10:34:33,62.15,200,
10:34:33,62.15,200,
10:34:34,62.1203,1500,
10:34:34,62.12,300,
10:34:34,62.12,300,
10:34:34,62.122,240,
10:34:35,62.1255,100,
10:34:35,62.125,100,
10:34:35,62.121,300,
10:34:37,62.131,100,
10:34:39,62.1402,100,
10:34:39,62.14,100,
10:34:39,62.13,540,
10:34:39,62.14,100,
10:34:44,62.1499,1000,
10:34:48,62.12,100,
10:34:50,62.1516,100,
10:34:50,62.1549,100,
10:34:50,62.1551,100,
10:34:52,62.18,100,
10:34:52,62.171,100,
10:34:52,62.17,300,
10:34:52,62.1673,100,
10:34:54,62.15,100,
10:34:57,62.14,100,
10:34:57,62.13,100,
10:35:00,62.12,100,
10:35:00,62.12,100,
10:35:02,62.10,500,
10:35:02,62.10,300,
10:35:02,62.1007,100,
10:35:02,62.1003,100,
10:35:02,62.10,200,
10:35:02,62.10,100,
10:35:02,62.1153,100,
10:35:02,62.1175,100,
10:35:02,62.119,400,
10:35:02,62.10,500,
10:35:02,62.10,600,
10:35:02,62.11,200,
10:35:03,62.11,100,
10:35:03,62.11,100,
10:35:03,62.11,100,
10:35:03,62.11,100,
10:35:03,62.10,100,
10:35:03,62.10,200,
10:35:03,62.10,100,
10:35:03,62.10,100,
10:35:03,62.10,100,
10:35:03,62.12,3800,
10:35:03,62.10,400,
10:35:03,62.10,100,
10:35:03,62.10,100,
10:35:03,62.10,100,
10:35:03,62.10,100,
10:35:03,62.10,100,
10:35:03,62.10,100,
10:35:04,62.10,3600,
10:35:05,62.12,100,
10:35:05,62.12,300,
10:35:05,62.12,100,
10:35:05,62.115,400,
10:35:08,62.15,500,
10:35:11,62.198,500,
10:35:12,62.18,100,
10:35:15,62.152,600,
10:35:18,62.1399,100,
10:35:22,62.09,400,
10:35:23,62.06,100,
10:35:23,62.06,200,
10:35:23,62.08,100,
10:35:24,62.0532,300,
10:35:26,62.06,100,
10:35:26,62.06,100,
10:35:27,62.04,100,
10:35:28,62.01,200,
10:35:28,62.01,200,
10:35:28,62.01,100,
10:35:28,62,100,
10:35:28,62,800,
10:35:28,62,100,
10:35:28,62,500,
10:35:28,62,900,
10:35:28,62,200,
10:35:28,62,130,
10:35:28,62,100,
10:35:28,62,200,
10:35:28,62,400,
10:35:28,62,100,
10:35:28,61.99,200,
10:35:28,61.99,100,
10:35:28,61.98,600,
10:35:28,61.98,400,
10:35:28,61.96,100,
10:35:28,61.97,300,
10:35:28,62.01,240,
10:35:28,62,200,
10:35:28,62,100,
10:35:29,62,200,
10:35:29,61.95,170,
10:35:29,61.96,100,
10:35:29,61.96,100,
10:35:29,61.96,300,
10:35:29,61.952,100,
10:35:29,61.9556,100,
10:35:29,61.9513,100,
10:35:29,61.9511,100,
10:35:29,61.951,600,
10:35:29,61.951,100,
10:35:29,61.969,2200,
10:35:29,61.969,2200,
10:35:29,61.96,100,
10:35:29,61.96,100,
10:35:29,61.9586,100,
10:35:29,61.96,100,
10:35:29,61.9586,100,
10:35:29,61.969,400,
10:35:29,61.969,500,
10:35:29,61.95,300,
10:35:29,61.94,100,
10:35:30,61.97,3100,
10:35:30,61.93,100,
10:35:30,61.955,100,
10:35:30,61.96,100,
10:35:31,61.97,610,
10:35:34,61.95,500,
10:35:34,61.91,100,
10:35:34,61.9001,172,
10:35:34,61.90,1000,
10:35:34,61.90,2000,
10:35:34,61.91,100,
10:35:35,61.94,100,
10:35:35,61.95,300,
10:35:35,61.94,770,
10:35:36,61.95,1500,
10:35:36,61.9749,100,
10:35:36,61.9764,100,
10:35:36,61.979,1100,
10:35:36,61.979,500,
10:35:38,61.9699,500,
10:35:39,61.964,190,
10:35:40,61.97,200,
10:35:41,61.9855,1000,
10:35:44,61.9883,100,
10:35:44,61.989,100,
10:35:44,61.96,1700,
10:35:45,61.95,200,
10:35:45,61.95,100,
10:35:45,61.93,100,
10:35:45,61.92,100,
10:35:45,61.94,100,
10:35:45,61.91,100,
10:35:45,61.90,100,
10:35:45,61.88,100,
10:35:46,61.90,200,
10:35:46,61.8801,1400,
10:35:46,61.889,400,
10:35:46,61.8801,600,
10:35:46,61.88,300,
10:35:48,61.872,100,
10:35:50,61.89,100,
10:35:50,61.9001,350,
10:35:52,61.912,100,
10:35:54,61.88,100,
10:35:54,61.88,100,
10:35:54,61.89,290,
10:35:56,61.86,100,
10:36:00,61.906,700,
10:36:03,61.8746,100,
10:36:03,61.871,200,
10:36:06,61.87,150,
10:36:08,61.8611,1000,
10:36:08,61.9298,100,
10:36:09,61.90,100,
10:36:09,61.90,100,
10:36:11,61.9599,100,
10:36:12,61.959,2000,
10:36:12,61.9669,100,
10:36:12,61.969,1000,
10:36:12,61.97,700,
10:36:12,61.93,100,
10:36:13,61.9499,2500,
10:36:14,61.9473,1000,
10:36:17,61.9973,1000,
10:36:18,61.9845,900,
10:36:24,62,500,
10:36:25,62.01,300,
10:36:25,62.019,500,
10:36:29,62.029,200,
10:36:29,62.029,100,
10:36:29,62.04,200,
10:36:29,62.04,100,
10:36:29,62.04,200,
10:36:29,62.04,100,
10:36:30,62.03,200,
10:36:30,62.03,100,
10:36:30,62.0574,800,
10:36:32,62.02,100,
10:36:32,62.02,100,
10:36:32,62.02,100,
10:36:32,62.03,300,
10:36:34,62.05,1000,
10:36:34,62.07,100,
10:36:35,62.0401,100,
10:36:35,62.049,200,
10:36:36,62.0499,350,
10:36:39,62.07,500,
10:36:39,62.07,100,
10:36:40,62.0699,7500,
10:36:46,62.04,100,
10:36:47,62.01,100,
10:36:49,62.01,100,
10:36:49,62.01,100,
10:36:49,62.01,100,
10:36:55,62.03,200,
10:36:55,62.03,100,
10:37:00,62.042,600,
10:37:02,62.06,280,
10:37:02,62.05,100,
10:37:02,62.05,100,
10:37:02,62.05,100,
10:37:03,62.066,100,
10:37:04,62.0699,500,
10:37:06,62.05,100,
10:37:15,62.11,100,
10:37:15,62.11,100,
10:37:16,62.0999,1000,
10:37:17,62.11,100,
10:37:19,62.0986,200,
10:37:20,62.08,400,
10:37:24,62.109,100,
10:37:30,62.119,100,
10:37:47,62.0999,100,
10:37:47,62.10,100,
10:37:47,62.08,100,
10:37:54,62.08,100,
10:37:54,62.08,100,
10:37:54,62.09,100,
10:37:54,62.09,200,
10:37:54,62.088,100,
10:37:54,62.088,100,
10:37:54,62.088,100,
10:38:00,62.0885,100,
10:38:01,62.0827,1000,
10:38:01,62.08,150,
10:38:02,62.10,100,
10:38:05,62.055,150,
10:38:05,62.0511,100,
10:38:08,62.03,100,
10:38:15,62.029,100,
10:38:18,62.08,100,
10:38:18,62.08,300,
10:38:19,62.06,100,
10:38:21,62.0496,100,
10:38:22,62.05,1400,
10:38:29,62.03,200,
10:38:30,62,300,
10:38:30,61.99,100,
10:38:30,62,1250,
10:38:32,61.9898,500,
10:38:35,61.99,100,
10:38:35,61.99,400,
10:38:36,61.99,100,
10:38:36,61.99,300,
10:38:36,62,300,
10:38:36,62,2800,
10:38:37,61.982,250,
10:38:43,61.99,200,
10:38:48,61.97,100,
10:38:49,61.9738,125,
10:38:50,62,100,
10:38:59,62.0101,1000,
10:39:00,62.0286,500,
10:39:10,61.9386,100,
10:39:13,61.9401,350,
10:39:17,61.959,100,
10:39:18,61.9402,200,
10:39:18,61.96,200,
10:39:18,61.956,500,
10:39:21,61.92,200,
10:39:23,61.90,300,
10:39:28,61.902,200,
10:39:32,61.92,200,
10:39:32,61.92,500,
10:39:32,61.92,100,
10:39:32,61.92,300,
10:39:32,61.92,200,
10:39:32,61.92,100,
10:39:32,61.92,100,
10:39:32,61.92,100,
10:39:32,61.92,100,
10:39:36,61.9199,100,
10:39:39,61.92,200,
10:39:41,61.928,500,
10:39:43,61.8723,500,
10:39:45,61.8799,100,
10:39:46,61.8801,300,
10:39:46,61.88,200,
10:39:51,61.85,320,
10:39:51,61.85,600,
10:39:51,61.86,165,
10:39:51,61.85,100,
10:39:51,61.85,450,
10:39:52,61.8569,100,
10:39:52,61.85,300,
10:39:52,61.85,500,
10:39:53,61.85,400,
10:39:54,61.86,100,
10:39:54,61.851,450,
10:39:56,61.85,800,
10:39:57,61.8502,2300,
10:39:59,61.85,100,
10:39:59,61.8511,275,
10:40:00,61.85,700,
10:40:00,61.85,900,
10:40:00,61.85,200,
10:40:00,61.85,700,
10:40:00,61.85,400,
10:40:00,61.85,4000,
10:40:00,61.85,100,
10:40:00,61.85,900,
10:40:00,61.85,100,
10:40:00,61.85,400,
10:40:00,61.85,400,
10:40:00,61.85,300,
10:40:00,61.85,200,
10:40:00,61.85,300,
10:40:00,61.85,1700,
10:40:00,61.85,600,
10:40:00,61.85,100,
10:40:00,61.85,1162,
10:40:00,61.85,900,
10:40:00,61.85,2600,
10:40:00,61.85,900,
10:40:00,61.85,500,
10:40:00,61.85,500,
10:40:00,61.85,500,
10:40:00,61.85,800,
10:40:00,61.85,700,
10:40:00,61.85,100,
10:40:00,61.85,100,
10:40:00,61.85,200,
10:40:01,61.84,2492,
10:40:01,61.84,900,
10:40:01,61.8446,100,
10:40:02,61.84,400,
10:40:02,61.82,100,
10:40:02,61.81,100,
10:40:02,61.8032,410,
10:40:02,61.80,100,
10:40:03,61.81,100,
10:40:04,61.801,100,
10:40:07,61.80,100,
10:40:07,61.80,100,
10:40:07,61.80,100,
10:40:07,61.80,100,
10:40:07,61.80,100,
10:40:07,61.7908,2000,
10:40:09,61.81,100,
10:40:11,61.8285,100,
10:40:11,61.8294,100,
10:40:11,61.829,200,
10:40:11,61.79,100,
10:40:15,61.8173,1000,
10:40:19,61.83,500,
10:40:20,61.86,200,
10:40:22,61.8426,300,
10:40:23,61.86,100,
10:40:23,61.88,200,
10:40:24,61.86,260,
10:40:24,61.86,100,
10:40:27,61.85,100,
10:40:28,61.88,600,
10:40:29,61.889,700,
10:40:29,61.889,700,
10:40:30,61.89,500,
10:40:30,61.89,100,
10:40:31,61.92,200,
10:40:31,61.92,100,
10:40:31,61.93,100,
10:40:31,61.94,200,
10:40:32,61.93,100,
10:40:32,61.929,2900,
10:40:32,61.93,900,
10:40:33,61.921,500,
10:40:40,61.93,100,
10:40:44,61.93,200,
10:40:45,61.93,800,
10:40:47,61.9157,150,
10:40:51,61.9373,1000,
10:40:56,61.9401,200,
10:40:57,61.93,100,
10:40:57,61.94,300,
10:40:57,61.92,100,
10:40:57,61.91,100,
10:40:58,61.94,100,
10:40:58,61.94,500,
10:40:58,61.9225,1200,
10:41:03,61.9464,100,
10:41:03,61.949,500,
10:41:04,61.96,800,
10:41:05,61.96,100,
10:41:07,61.934,100,
10:41:11,62.01,100,
10:41:12,62.0184,400,
10:41:15,62.02,300,
10:41:16,62.02,100,
10:41:17,62.01,200,
10:41:18,61.98,100,
10:41:18,61.97,200,
10:41:18,61.969,100,
10:41:20,61.96,100,
10:41:24,61.97,300,
10:41:24,61.96,100,
10:41:25,61.979,100,
10:41:25,61.94,100,
10:41:27,61.972,600,
10:41:42,62.03,100,
10:41:45,62.03,500,
10:41:45,62.03,200,
10:41:45,62.05,100,
10:41:45,62.03,1400,
10:41:45,62.06,100,
10:41:45,62.06,100,
10:41:45,62.06,100,
10:41:45,62.06,178,
10:41:45,62.03,100,
10:41:47,62.0614,1000,
10:41:47,62.06,100,
10:41:49,62.07,100,
10:41:49,62.07,100,
10:41:50,62.08,100,
10:41:50,62.08,100,
10:41:50,62.08,100,
10:41:51,62.0703,500,
10:41:51,62.09,300,
10:41:55,62.10,200,
10:41:56,62.14,500,
10:41:57,62.15,400,
10:42:00,62.13,500,
10:42:04,62.1345,1000,
10:42:07,62.1045,100,
10:42:10,62.092,1000,
10:42:19,62.092,1000,
10:42:23,62.099,500,
10:42:26,62.0553,100,
10:42:27,62.04,100,
10:42:27,62.02,100,
10:42:28,62.02,200,
10:42:28,62.0399,1500,
10:42:28,62.04,300,
10:42:35,62.09,100,
10:42:36,62.06,100,
10:42:47,62.0744,100,
10:42:47,62.079,200,
10:42:48,62.08,500,
10:42:49,62.10,100,
10:42:49,62.099,1100,
10:42:49,62.094,100,
10:42:49,62.09,100,
10:42:53,62.1072,100,
10:42:53,62.109,100,
10:42:53,62.10,100,
10:42:55,62.106,100,
10:42:58,62.12,100,
10:43:01,62.12,100,
10:43:01,62.12,100,
10:43:03,62.1261,100,
10:43:03,62.129,300,
10:43:03,62.111,375,
10:43:04,62.09,100,
10:43:04,62.10,300,
10:43:05,62.04,100,
10:43:06,62.05,100,
10:43:06,62.06,100,
10:43:09,62.068,500,
10:43:13,62.04,130,
10:43:16,62.05,423,
10:43:27,62.028,1000,
10:43:28,62.02,100,
10:43:29,62.0168,250,
10:43:34,62.03,100,
10:43:34,62.05,100,
10:43:38,62.02,100,
10:43:40,62.0599,100,
10:43:40,62.05,400,
10:43:40,62.05,200,
10:43:42,62.068,500,
10:43:47,62.06,100,
10:43:47,62.06,100,
10:43:49,62.05,100,
10:43:49,62.07,100,
10:43:55,62.0399,100,
10:44:02,62.09,100,
10:44:02,62.09,100,
10:44:02,62.09,200,
10:44:02,62.09,200,
10:44:02,62.09,200,
10:44:04,62.11,100,
10:44:06,62.13,100,
10:44:06,62.15,100,
10:44:07,62.152,300,
10:44:08,62.1526,100,
10:44:08,62.1524,100,
10:44:08,62.17,300,
10:44:09,62.168,500,
10:44:09,62.16,100,
10:44:10,62.164,1000,
10:44:10,62.11,100,
10:44:12,62.088,300,
10:44:14,62.10,100,
10:44:16,62.14,100,
10:44:22,62.1227,1000,
10:44:25,62.1256,100,
10:44:25,62.1247,100,
10:44:25,62.1241,100,
10:44:25,62.121,100,
10:44:26,62.12,100,
10:44:29,62.14,1250,
10:44:34,62.1352,125,
10:44:38,62.15,961,
10:44:38,62.15,100,
10:44:41,62.15,300,
10:44:41,62.15,200,
10:44:41,62.15,200,
10:44:41,62.15,200,
10:44:41,62.15,200,
10:44:41,62.15,200,
10:44:41,62.15,100,
10:44:42,62.141,700,
10:44:43,62.14,440,
10:44:43,62.14,1200,
10:44:43,62.16,100,
10:44:43,62.16,500,
10:44:43,62.16,100,
10:44:43,62.16,300,
10:44:43,62.1599,300,
10:44:43,62.16,200,
10:44:43,62.16,300,
10:44:48,62.15,100,
10:44:48,62.15,200,
10:44:50,62.1486,128,
10:44:53,62.13,100,
10:45:01,62.118,700,
10:45:04,62.11,200,
10:45:14,62.09,200,
10:45:14,62.09,250,
10:45:14,62.09,150,
10:45:17,62.11,100,
10:45:19,62.11,300,
10:45:20,62.13,200,
10:45:24,62.13,100,
10:45:25,62.14,100,
10:45:25,62.14,200,
10:45:26,62.14,100,
10:45:27,62.14,100,
10:45:27,62.14,100,
10:45:28,62.158,500,
10:45:31,62.1349,100,
10:45:31,62.1362,100,
10:45:31,62.12,300,
10:45:34,62.121,500,
10:45:38,62.11,100,
10:45:40,62.13,100,
10:45:40,62.15,100,
10:45:40,62.17,200,
10:45:40,62.17,100,
10:45:40,62.17,200,
10:45:40,62.198,100,
10:45:41,62.1984,250,
10:45:42,62.1905,100,
10:45:42,62.191,900,
10:45:42,62.191,600,
10:45:42,62.20,300,
10:45:42,62.21,100,
10:45:42,62.21,100,
10:45:42,62.23,5200,
10:45:42,62.21,100,
10:45:43,62.228,500,
10:45:43,62.23,100,
10:45:46,62.2011,100,
10:45:46,62.201,200,
10:45:48,62.1872,100,
10:45:49,62.20,400,
10:45:52,62.196,500,
10:45:56,62.1886,400,
10:46:00,62.21,100,
10:46:00,62.20,100,
10:46:01,62.216,400,
10:46:03,62.2198,100,
10:46:04,62.23,800,
10:46:04,62.23,1500,
10:46:05,62.2134,100,
10:46:05,62.2128,100,
10:46:05,62.211,1000,
10:46:05,62.211,600,
10:46:07,62.21,1600,
10:46:11,62.2099,240,
10:46:16,62.2299,1000,
10:46:17,62.223,100,
10:46:17,62.2231,100,
10:46:17,62.23,100,
10:46:19,62.23,5744,
10:46:21,62.23,300,
10:46:21,62.2337,100,
10:46:22,62.239,100,
10:46:25,62.24,272,
10:46:28,62.25,1679,
10:46:28,62.25,400,
10:46:28,62.25,321,
10:46:28,62.27,100,
10:46:29,62.2706,100,
10:46:29,62.271,900,
10:46:30,62.278,200,
10:46:31,62.278,200,
10:46:32,62.262,1000,
10:46:34,62.269,100,
10:46:34,62.266,800,
10:46:39,62.2598,2000,
10:46:39,62.23,100,
10:46:40,62.2368,100,
10:46:42,62.24,100,
10:46:42,62.2586,500,
10:46:43,62.248,155,
10:46:48,62.24,100,
10:46:50,62.24,100,
10:46:50,62.24,200,
10:46:52,62.2355,1000,
10:46:55,62.27,100,
10:46:55,62.2523,100,
10:46:55,62.27,100,
10:46:55,62.25,4200,
10:46:56,62.261,200,
10:46:57,62.269,100,
10:46:57,62.27,100,
10:46:59,62.24,100,
10:46:59,62.24,100,
10:46:59,62.23,800,
10:47:05,62.24,100,
10:47:07,62.24,300,
10:47:07,62.24,300,
10:47:07,62.2675,100,
10:47:13,62.25,200,
10:47:16,62.24,100,
10:47:17,62.2454,100,
10:47:17,62.2452,100,
10:47:17,62.2443,100,
10:47:17,62.241,600,
10:47:19,62.24,3400,
10:47:24,62.26,200,
10:47:24,62.2596,100,
10:47:30,62.25,200,
10:47:33,62.24,200,
10:47:33,62.24,300,
10:47:33,62.23,2180,
10:47:33,62.23,100,
10:47:33,62.22,100,
10:47:34,62.20,400,
10:47:35,62.19,100,
10:47:37,62.16,200,
10:47:37,62.16,100,
10:47:37,62.15,100,
10:47:37,62.15,100,
10:47:37,62.151,200,
10:47:37,62.15,200,
10:47:37,62.15,500,
10:47:37,62.14,100,
10:47:37,62.14,100,
10:47:37,62.14,100,
10:47:37,62.15,400,
10:47:37,62.13,100,
10:47:38,62.12,100,
10:47:38,62.12,100,
10:47:38,62.11,100,
10:47:44,62.1001,7500,
10:47:45,62.10,1200,
10:47:46,62.12,300,
10:47:46,62.12,300,
10:47:49,62.11,500,
10:47:51,62.14,200,
10:47:51,62.14,100,
10:47:51,62.14,200,
10:47:51,62.14,200,
10:47:51,62.14,200,
10:47:51,62.13,100,
10:47:51,62.15,200,
10:47:51,62.15,200,
10:47:51,62.15,100,
10:47:52,62.15,100,
10:47:52,62.15,100,
10:47:52,62.148,200,
10:47:52,62.16,200,
10:47:52,62.16,200,
10:48:01,62.1584,100,
10:48:09,62.14,100,
10:48:11,62.16,100,
10:48:12,62.17,100,
10:48:16,62.17,100,
10:48:19,62.18,100,
10:48:24,62.19,100,
10:48:25,62.22,100,
10:48:26,62.21,100,
10:48:34,62.18,100,
10:48:38,62.22,200,
10:48:48,62.22,115,
10:48:51,62.26,300,
10:48:51,62.26,100,
10:48:51,62.26,100,
10:48:54,62.2941,100,
10:48:54,62.291,200,
10:48:56,62.3098,100,
10:48:56,62.31,100,
10:48:58,62.29,100,
10:48:58,62.296,1000,
10:49:01,62.328,1000,
10:49:05,62.3098,100,
10:49:06,62.29,100,
10:49:12,62.28,100,
10:49:15,62.281,375,
10:49:18,62.26,100,
10:49:18,62.2655,100,
10:49:18,62.2645,100,
10:49:18,62.261,400,
10:49:19,62.26,800,
10:49:20,62.25,100,
10:49:20,62.24,100,
10:49:20,62.24,100,
10:49:20,62.24,100,
10:49:20,62.23,100,
10:49:20,62.23,100,
10:49:20,62.2389,100,
10:49:20,62.24,100,
10:49:21,62.25,100,
10:49:21,62.251,100,
10:49:22,62.27,100,
10:49:26,62.26,100,
10:49:26,62.25,100,
10:49:26,62.25,1000,
10:49:26,62.25,400,
10:49:31,62.28,100,
10:49:39,62.268,300,
10:49:49,62.2745,1200,
10:49:51,62.2702,100,
10:49:52,62.25,100,
10:49:52,62.25,100,
10:49:52,62.25,100,
10:49:52,62.24,100,
10:49:52,62.24,100,
10:49:53,62.23,100,
10:49:53,62.23,100,
10:49:53,62.23,530,
10:49:53,62.23,420,
10:49:53,62.23,100,
10:50:01,62.23,300,
10:50:01,62.23,300,
10:50:01,62.24,300,
10:50:01,62.24,300,
10:50:01,62.24,300,
10:50:01,62.24,300,
10:50:01,62.24,300,
10:50:01,62.24,300,
10:50:01,62.24,300,
10:50:01,62.24,300,
10:50:01,62.24,300,
10:50:01,62.24,300,
10:50:06,62.2384,250,
10:50:16,62.24,100,
10:50:16,62.24,100,
10:50:17,62.25,100,
10:50:17,62.25,100,
10:50:17,62.25,100,
10:50:17,62.25,100,
10:50:17,62.25,100,
10:50:17,62.249,900,
10:50:20,62.2399,200,
10:50:22,62.25,100,
10:50:23,62.26,900,
10:50:23,62.259,200,
10:50:25,62.26,7800,
10:50:27,62.24,100,
10:50:30,62.25,200,
10:50:32,62.26,100,
10:50:32,62.26,100,
10:50:32,62.26,100,
10:50:33,62.30,200,
10:50:33,62.30,100,
10:50:33,62.30,200,
10:50:33,62.30,400,
10:50:33,62.30,3450,
10:50:36,62.30,100,
10:50:40,62.3168,165,
10:50:45,62.32,100,
10:50:51,62.252,1000,
10:51:05,62.26,100,
10:51:05,62.26,100,
10:51:06,62.2399,200,
10:51:11,62.2399,100,
10:51:11,62.24,100,
10:51:11,62.24,100,
10:51:11,62.24,100,
10:51:15,62.2399,350,
10:51:19,62.2345,200,
10:51:20,62.24,100,
10:51:21,62.2202,200,
10:51:26,62.2301,1500,
10:51:29,62.24,100,
10:51:29,62.24,300,
10:51:29,62.24,200,
10:51:31,62.24,700,
10:51:32,62.24,600,
10:51:32,62.24,500,
10:51:34,62.2228,1000,
10:51:35,62.22,200,
10:51:35,62.211,100,
10:51:37,62.2186,300,
10:51:40,62.21,100,
10:51:41,62.20,100,
10:51:41,62.2001,100,
10:51:43,62.209,100,
10:51:44,62.20,200,
10:51:48,62.25,700,
10:51:52,62.25,100,
10:51:54,62.2532,100,
10:51:56,62.27,100,
10:51:56,62.27,100,
10:52:00,62.26,100,
10:52:00,62.26,100,
10:52:00,62.26,100,
10:52:01,62.30,1900,
10:52:01,62.29,200,
10:52:01,62.30,100,
10:52:05,62.298,350,
10:52:08,62.291,100,
10:52:10,62.27,100,
10:52:12,62.27,100,
10:52:21,62.2902,300,
10:52:21,62.29,100,
10:52:21,62.29,100,
10:52:24,62.29,300,
10:52:24,62.29,700,
10:52:29,62.3099,2500,
10:52:32,62.29,200,
10:52:32,62.31,100,
10:52:35,62.3116,240,
10:52:37,62.29,200,
10:52:44,62.29,200,
10:52:44,62.29,550,
10:52:54,62.31,100,
10:53:01,62.33,100,
10:53:04,62.32,100,
10:53:05,62.3168,200,
10:53:18,62.29,200,
10:53:24,62.28,100,
10:53:25,62.31,300,
10:53:25,62.3081,400,
10:53:25,62.31,540,
10:53:25,62.32,326,
10:53:29,62.326,200,
10:53:35,62.3299,100,
10:53:38,62.3299,300,
10:53:40,62.3202,2000,
10:53:43,62.3252,100,
10:53:43,62.3236,100,
10:53:44,62.32,300,
10:53:45,62.35,300,
10:53:45,62.35,100,
10:53:45,62.35,100,
10:53:45,62.35,200,
10:53:45,62.35,500,
10:53:45,62.36,149,
10:53:45,62.36,700,
10:53:45,62.37,100,
10:53:47,62.3774,100,
10:53:47,62.379,100,
10:53:49,62.3355,1000,
10:53:51,62.35,900,
10:53:56,62.316,100,
10:54:02,62.3145,1000,
10:54:05,62.329,100,
10:54:06,62.31,100,
10:54:06,62.31,100,
10:54:08,62.309,100,
10:54:08,62.32,700,
10:54:08,62.301,400,
10:54:08,62.301,300,
10:54:09,62.28,100,
10:54:09,62.28,100,
10:54:09,62.27,100,
10:54:09,62.31,100,
10:54:11,62.30,1300,
10:54:19,62.3028,100,
10:54:19,62.301,100,
10:54:29,62.31,100,
10:54:36,62.37,100,
10:54:37,62.3801,400,
10:54:37,62.38,100,
10:54:37,62.38,200,
10:54:43,62.3801,2500,
10:54:43,62.3801,600,
10:54:43,62.38,100,
10:54:43,62.37,300,
10:54:43,62.37,200,
10:54:44,62.3945,1000,
10:54:45,62.40,200,
10:54:45,62.40,600,
10:54:47,62.3901,100,
10:54:47,62.38,200,
10:54:50,62.39,200,
10:54:50,62.39,200,
10:54:51,62.3884,150,
10:54:52,62.38,100,
10:54:53,62.3828,100,
10:54:53,62.381,200,
10:55:04,62.4008,100,
10:55:05,62.40,100,
10:55:06,62.40,300,
10:55:06,62.40,300,
10:55:06,62.402,100,
10:55:06,62.402,100,
10:55:06,62.4029,100,
10:55:07,62.42,100,
10:55:07,62.428,1000,
10:55:10,62.41,200,
10:55:10,62.41,200,
10:55:10,62.41,200,
10:55:13,62.428,1000,
10:55:16,62.43,100,
10:55:20,62.4299,300,
10:55:24,62.43,1000,
10:55:24,62.45,100,
10:55:24,62.4499,500,
10:55:24,62.45,100,
10:55:24,62.45,1000,
10:55:27,62.458,200,
10:55:30,62.4299,100,
10:55:32,62.43,320,
10:55:32,62.40,650,
10:55:39,62.452,200,
10:55:39,62.47,100,
10:55:46,62.429,500,
10:55:47,62.4255,100,
10:55:47,62.429,200,
10:55:48,62.42,100,
10:55:57,62.43,200,
10:55:57,62.43,200,
10:55:57,62.4299,200,
10:55:57,62.4299,200,
10:55:57,62.4299,6600,
10:55:57,62.43,100,
10:55:57,62.43,100,
10:55:57,62.43,200,
10:55:57,62.4393,100,
10:56:02,62.4768,100,
10:56:02,62.4768,100,
10:56:02,62.48,100,
10:56:02,62.4768,100,
10:56:05,62.44,100,
10:56:08,62.4143,400,
10:56:11,62.408,1000,
10:56:11,62.3986,100,
10:56:11,62.3986,200,
10:56:11,62.40,100,
10:56:13,62.40,100,
10:56:18,62.36,200,
10:56:28,62.3655,1000,
10:56:31,62.37,100,
10:56:34,62.379,200,
10:56:35,62.378,900,
10:56:37,62.37,1100,
10:56:37,62.35,4675,
10:56:40,62.35,2000,
10:56:45,62.34,200,
10:56:47,62.339,100,
10:56:47,62.338,100,
10:56:54,62.31,314,
10:56:54,62.30,600,
10:56:54,62.30,325,
10:56:54,62.30,186,
10:56:54,62.30,1000,
10:56:54,62.30,475,
10:56:54,62.29,100,
10:56:54,62.30,100,
10:56:54,62.30,100,
10:56:55,62.2801,300,
10:56:58,62.2701,100,
10:57:00,62.2746,100,
10:57:00,62.2797,530,
10:57:00,62.28,200,
10:57:00,62.26,500,
10:57:00,62.27,200,
10:57:00,62.2501,200,
10:57:03,62.2699,700,
10:57:03,62.27,300,
10:57:03,62.27,100,
10:57:04,62.2627,600,
10:57:05,62.26,260,
10:57:14,62.2673,980,
10:57:14,62.28,100,
10:57:14,62.28,100,
10:57:17,62.264,500,
10:57:28,62.22,140,
10:57:28,62.22,200,
10:57:28,62.23,200,
10:57:28,62.23,100,
10:57:37,62.24,125,
10:57:47,62.2799,100,
10:57:58,62.26,100,
10:57:58,62.28,100,
10:57:58,62.24,100,
10:58:04,62.2296,200,
10:58:11,62.2301,1500,
10:58:16,62.30,200,
10:58:17,62.29,100,
10:58:17,62.29,100,
10:58:29,62.34,200,
10:58:29,62.34,400,
10:58:29,62.35,100,
10:58:46,62.3672,130,
10:58:49,62.3886,1144,
10:58:49,62.39,100,
10:58:49,62.39,100,
10:58:49,62.39,100,
10:58:53,62.40,100,
10:58:54,62.37,100,
10:59:01,62.37,100,
10:59:06,62.38,200,
10:59:11,62.38,100,
10:59:11,62.38,100,
10:59:13,62.36,100,
10:59:13,62.35,150,
10:59:26,62.324,200,
10:59:26,62.35,100,
10:59:34,62.39,100,
10:59:44,62.41,200,
10:59:47,62.44,100,
10:59:52,62.43,500,
10:59:53,62.4245,1000,
10:59:59,62.43,100,
10:59:59,62.45,100,
10:59:59,62.45,100,
11:00:02,62.43,100,
11:00:02,62.42,300,
11:00:03,62.40,100,
11:00:07,62.46,100,
11:00:09,62.44,500,
11:00:23,62.4501,200,
11:00:23,62.44,100,
11:00:26,62.41,100,
11:00:27,62.42,100,
11:00:39,62.4998,200,
11:00:39,62.50,100,
11:00:39,62.50,400,
11:00:39,62.50,100,
11:00:39,62.49,100,
11:00:40,62.50,700,
11:00:40,62.50,200,
11:00:40,62.50,2400,
11:00:44,62.52,100,
11:00:45,62.5299,100,
11:00:46,62.5254,100,
11:00:46,62.53,100,
11:00:47,62.53,100,
11:00:48,62.58,100,
11:00:48,62.57,100,
11:00:48,62.57,100,
11:00:50,62.58,445,
11:00:51,62.57,500,
11:00:53,62.5384,100,
11:00:58,62.58,100,
11:00:58,62.60,200,
11:00:58,62.61,100,
11:00:58,62.61,400,
11:00:58,62.61,200,
11:00:59,62.62,100,
11:00:59,62.62,100,
11:00:59,62.62,200,
11:00:59,62.62,100,
11:00:59,62.62,100,
11:01:00,62.6601,100,
11:01:00,62.6614,100,
11:01:00,62.6614,100,
11:01:00,62.6698,100,
11:01:00,62.65,100,
11:01:01,62.648,300,
11:01:02,62.6102,100,
11:01:04,62.62,100,
11:01:05,62.61,100,
11:01:05,62.61,300,
11:01:05,62.60,100,
11:01:05,62.60,100,
11:01:05,62.60,100,
11:01:05,62.60,300,
11:01:05,62.60,300,
11:01:05,62.61,100,
11:01:09,62.59,100,
11:01:11,62.596,225,
11:01:14,62.596,1000,
11:01:16,62.6001,100,
11:01:16,62.595,100,
11:01:16,62.585,100,
11:01:16,62.585,100,
11:01:16,62.585,100,
11:01:23,62.5955,1000,
11:01:26,62.5792,100,
11:01:27,62.57,100,
11:01:29,62.586,500,
11:01:30,62.57,228,
11:01:31,62.55,100,
11:01:34,62.54,100,
11:01:34,62.54,100,
11:01:34,62.5401,100,
11:01:34,62.5401,100,
11:01:34,62.5401,100,
11:01:34,62.5401,500,
11:01:34,62.5401,200,
11:01:34,62.5401,300,
11:01:34,62.5401,100,
11:01:41,62.58,100,
11:01:41,62.58,100,
11:01:43,62.55,1000,
11:01:50,62.602,100,
11:01:50,62.602,100,
11:01:55,62.5917,100,
11:01:56,62.60,100,
11:01:57,62.5808,100,
11:01:57,62.5802,100,
11:01:57,62.59,100,
11:01:57,62.59,100,
11:01:58,62.57,100,
11:01:58,62.56,100,
11:01:58,62.56,100,
11:01:58,62.56,200,
11:01:58,62.56,200,
11:01:59,62.57,280,
11:01:59,62.594,700,
11:02:02,62.61,250,
11:02:04,62.618,100,
11:02:04,62.62,100,
11:02:04,62.618,200,
11:02:04,62.62,200,
11:02:04,62.618,200,
11:02:04,62.618,100,
11:02:04,62.62,100,
11:02:04,62.6114,200,
11:02:04,62.61,100,
11:02:04,62.6114,100,
11:02:04,62.6114,100,
11:02:04,62.6114,100,
11:02:04,62.6114,100,
11:02:07,62.608,100,
11:02:08,62.61,100,
11:02:12,62.619,500,
11:02:15,62.6399,100,
11:02:15,62.63,100,
11:02:15,62.63,100,
11:02:15,62.63,100,
11:02:15,62.6499,700,
11:02:18,62.63,100,
11:02:22,62.6324,1000,
11:02:35,62.60,400,
11:02:35,62.602,100,
11:02:36,62.6001,100,
11:02:36,62.5999,100,
11:02:46,62.61,100,
11:02:47,62.61,100,
11:02:47,62.62,200,
11:02:47,62.62,200,
11:02:47,62.62,100,
11:02:47,62.6199,100,
11:02:47,62.62,200,
11:02:47,62.6199,100,
11:02:47,62.6199,200,
11:02:47,62.62,100,
11:02:51,62.5999,200,
11:02:55,62.63,1000,
11:03:02,62.636,500,
11:03:07,62.60,400,
11:03:10,62.60,100,
11:03:10,62.60,100,
11:03:10,62.58,2000,
11:03:10,62.59,100,
11:03:14,62.59,100,
11:03:14,62.59,200,
11:03:14,62.5899,300,
11:03:19,62.5881,540,
11:03:24,62.575,540,
11:03:31,62.55,200,
11:03:31,62.54,100,
11:03:31,62.54,100,
11:03:31,62.53,100,
11:03:34,62.5332,400,
11:03:35,62.558,100,
11:03:36,62.54,100,
11:03:42,62.53,100,
11:03:43,62.52,100,
11:03:45,62.514,1000,
11:03:53,62.56,100,
11:03:55,62.55,100,
11:04:13,62.5899,100,
11:04:15,62.59,100,
11:04:20,62.5772,200,
11:04:28,62.5785,100,
11:04:28,62.579,100,
11:04:32,62.63,100,
11:04:34,62.65,1400,
11:04:34,62.66,1400,
11:04:34,62.66,500,
11:04:34,62.66,1000,
11:04:34,62.66,450,
11:04:34,62.66,100,
11:04:34,62.66,500,
11:04:34,62.66,100,
11:04:35,62.6546,100,
11:04:35,62.6527,100,
11:04:35,62.6501,100,
11:04:36,62.655,100,
11:04:36,62.655,100,
11:04:36,62.655,100,
11:04:36,62.66,100,
11:04:36,62.66,300,
11:04:37,62.66,100,
11:04:38,62.66,100,
11:04:41,62.6528,100,
11:04:41,62.651,200,
11:04:41,62.65,100,
11:04:41,62.65,300,
11:04:41,62.652,600,
11:04:44,62.65,200,
11:04:48,62.64,2000,
11:04:48,62.66,100,
11:04:49,62.66,100,
11:04:49,62.66,400,
11:04:49,62.67,100,
11:04:51,62.668,1000,
11:04:53,62.656,199,
11:05:03,62.6599,100,
11:05:10,62.6586,100,
11:05:10,62.6586,100,
11:05:10,62.65,100,
11:05:16,62.649,250,
11:05:20,62.66,100,
11:05:22,62.64,100,
11:05:27,62.64,100,
11:05:29,62.64,200,
11:05:42,62.639,103,
11:05:42,62.63,200,
11:05:43,62.64,300,
11:05:45,62.636,600,
11:05:48,62.6302,100,
11:05:48,62.632,700,
11:05:48,62.63,300,
11:05:48,62.63,300,
11:05:48,62.62,100,
11:05:48,62.60,200,
11:05:48,62.63,100,
11:05:48,62.60,100,
11:05:48,62.64,100,
11:05:51,62.632,100,
11:05:54,62.63,300,
11:06:07,62.6386,100,
11:06:07,62.64,100,
11:06:07,62.64,100,
11:06:07,62.64,200,
11:06:07,62.64,100,
11:06:07,62.6386,200,
11:06:07,62.6386,100,
11:06:07,62.64,100,
11:06:15,62.61,166,
11:06:17,62.612,700,
11:06:18,62.622,500,
11:06:32,62.598,1000,
11:06:46,62.64,100,
11:06:46,62.66,100,
11:06:47,62.64,1000,
11:06:47,62.64,300,
11:06:50,62.645,100,
11:06:50,62.645,200,
11:06:50,62.645,100,
11:06:50,62.645,200,
11:06:55,62.612,1000,
11:07:05,62.599,100,
11:07:17,62.58,200,
11:07:25,62.54,200,
11:07:38,62.5791,100,
11:07:38,62.58,100,
11:07:38,62.58,100,
11:07:42,62.56,100,
11:07:47,62.563,500,
11:07:54,62.56,100,
11:07:55,62.5799,300,
11:07:55,62.58,100,
11:07:55,62.59,300,
11:07:55,62.5799,100,
11:07:55,62.61,450,
11:07:56,62.61,200,
11:07:56,62.61,300,
11:08:10,62.62,100,
11:08:10,62.62,200,
11:08:12,62.63,100,
11:08:12,62.65,250,
11:08:12,62.65,100,
11:08:12,62.65,100,
11:08:12,62.65,125,
11:08:13,62.66,100,
11:08:19,62.66,100,
11:08:20,62.651,100,
11:08:22,62.65,300,
11:08:22,62.65,300,
11:08:22,62.6499,300,
11:08:23,62.6484,100,
11:08:23,62.65,100,
11:08:28,62.65,200,
11:08:29,62.65,200,
11:08:32,62.66,100,
11:08:34,62.67,100,
11:08:34,62.6684,100,
11:08:37,62.66,200,
11:08:37,62.66,100,
11:08:37,62.65,300,
11:08:42,62.64,200,
11:08:42,62.64,100,
11:08:42,62.63,200,
11:08:42,62.63,100,
11:08:44,62.65,500,
11:08:44,62.65,200,
11:08:44,62.66,100,
11:08:44,62.68,100,
11:08:44,62.6799,100,
11:08:44,62.68,300,
11:08:44,62.6799,100,
11:08:44,62.6799,400,
11:08:44,62.69,100,
11:08:44,62.6799,100,
11:08:44,62.6799,100,
11:08:44,62.6799,100,
11:08:52,62.6867,100,
11:08:52,62.68,100,
11:08:52,62.681,800,
11:08:57,62.688,100,
11:09:01,62.69,100,
11:09:01,62.6886,100,
11:09:01,62.69,100,
11:09:01,62.6886,125,
11:09:11,62.6586,100,
11:09:11,62.6586,100,
11:09:11,62.66,100,
11:09:11,62.6586,100,
11:09:11,62.66,100,
11:09:30,62.641,500,
11:09:38,62.648,100,
11:09:38,62.62,100,
11:09:49,62.63,100,
11:09:49,62.6201,100,
11:09:49,62.62,100,
11:09:49,62.61,100,
11:09:49,62.61,200,
11:09:50,62.61,100,
11:09:50,62.61,200,
11:09:50,62.61,100,
11:09:50,62.61,100,
11:09:50,62.61,900,
11:09:54,62.61,300,
11:09:56,62.59,100,
11:09:56,62.57,100,
11:09:58,62.57,100,
11:09:59,62.561,100,
11:10:00,62.562,700,
11:10:03,62.59,100,
11:10:03,62.59,100,
11:10:05,62.59,100,
11:10:05,62.59,100,
11:10:08,62.5887,400,
11:10:10,62.60,100,
11:10:12,62.5899,100,
11:10:12,62.5899,100,
11:10:12,62.5899,200,
11:10:12,62.5899,300,
11:10:12,62.59,200,
11:10:15,62.60,100,
11:10:15,62.60,1000,
11:10:24,62.65,100,
11:10:24,62.6486,100,
11:10:24,62.65,200,
11:10:24,62.65,200,
11:10:24,62.65,100,
11:10:24,62.65,100,
11:10:24,62.6487,200,
11:10:24,62.6487,144,
11:10:56,62.64,100,
11:10:57,62.65,100,
11:10:57,62.67,100,
11:10:57,62.68,300,
11:10:59,62.68,100,
11:11:05,62.68,100,
11:11:08,62.67,500,
11:11:10,62.68,100,
11:11:12,62.68,400,
11:11:18,62.66,100,
11:11:18,62.6601,100,
11:11:18,62.6601,100,
11:11:18,62.66,300,
11:11:18,62.66,300,
11:11:22,62.66,100,
11:11:22,62.66,100,
11:11:25,62.652,400,
11:11:25,62.64,500,
11:11:28,62.653,300,
11:11:29,62.66,100,
11:11:50,62.678,100,
11:11:50,62.678,100,
11:11:50,62.68,100,
11:11:51,62.6845,600,
11:11:54,62.6945,550,
11:11:58,62.688,200,
11:11:58,62.69,200,
11:11:58,62.69,100,
11:11:58,62.688,500,
11:11:59,62.70,100,
11:12:01,62.7001,300,
11:12:01,62.69,200,
11:12:10,62.6982,100,
11:12:10,62.70,100,
11:12:10,62.70,100,
11:12:10,62.6987,200,
11:12:14,62.699,603,
11:12:17,62.70,328,
11:12:17,62.70,373,
11:12:18,62.73,283,
11:12:18,62.75,100,
11:12:18,62.75,200,
11:12:20,62.738,100,
11:12:20,62.74,100,
11:12:20,62.74,100,
11:12:20,62.74,100,
11:12:22,62.74,300,
11:12:24,62.744,100,
11:12:24,62.748,100,
11:12:24,62.75,100,
11:12:24,62.75,100,
11:12:25,62.75,100,
11:12:26,62.77,200,
11:12:26,62.77,200,
11:12:26,62.77,100,
11:12:26,62.78,200,
11:12:26,62.78,246,
11:12:26,62.79,200,
11:12:26,62.78,500,
11:12:27,62.80,200,
11:12:30,62.80,450,
11:12:32,62.75,100,
11:12:32,62.7486,100,
11:12:32,62.7487,100,
11:12:32,62.7487,200,
11:12:36,62.7613,1144,
11:12:38,62.77,300,
11:12:38,62.77,600,
11:12:39,62.77,300,
11:12:42,62.7501,7600,
11:12:48,62.80,100,
11:12:48,62.80,100,
11:12:48,62.84,100,
11:12:48,62.84,100,
11:12:48,62.85,100,
11:12:48,62.85,150,
11:12:48,62.84,100,
11:12:48,62.84,100,
11:12:48,62.80,200,
11:12:48,62.87,100,
11:12:48,62.87,200,
11:12:48,62.85,100,
11:12:48,62.87,100,
11:12:48,62.867,100,
11:12:49,62.90,100,
11:12:49,62.90,280,
11:12:49,62.90,100,
11:12:49,62.90,100,
11:12:49,62.90,100,
11:12:49,62.92,100,
11:12:50,62.94,400,
11:12:50,62.94,200,
11:12:50,62.94,200,
11:12:50,62.94,100,
11:12:50,62.94,100,
11:12:50,62.94,100,
11:12:50,62.94,500,
11:12:50,62.94,100,
11:12:50,62.94,200,
11:12:50,62.98,100,
11:12:50,62.94,100,
11:12:50,62.98,100,
11:12:50,62.98,200,
11:12:50,63,150,
11:12:51,62.92,600,
11:12:51,62.95,100,
11:12:51,62.959,200,
11:12:51,62.94,100,
11:12:51,62.94,400,
11:12:52,62.92,200,
11:12:52,62.9334,100,
11:12:53,62.94,200,
11:12:54,62.952,321,
11:12:54,62.96,1300,
11:12:55,63,100,
11:12:55,63,750,
11:12:55,63,960,
11:12:55,63,100,
11:12:55,63,300,
11:12:57,62.98,100,
11:12:57,62.96,100,
11:12:57,62.96,100,
11:13:00,62.95,100,
11:13:00,62.95,100,
11:13:00,62.96,100,
11:13:00,62.95,100,
11:13:00,63,333,
11:13:00,63,100,
11:13:00,63.05,200,
11:13:00,63.05,100,
11:13:00,63.05,200,
11:13:00,63.05,100,
11:13:00,63.0301,200,
11:13:01,63.03,500,
11:13:03,63.0102,100,
11:13:03,63.0101,100,
11:13:03,63.01,100,
11:13:03,63.01,100,
11:13:03,63.02,100,
11:13:04,63.03,100,
11:13:04,63.01,100,
11:13:04,63.01,100,
11:13:04,63.01,200,
11:13:04,63.01,100,
11:13:04,63,300,
11:13:04,63.002,100,
11:13:04,63.002,100,
11:13:05,63,100,
11:13:05,62.98,200,
11:13:06,62.98,100,
11:13:06,62.98,300,
11:13:07,62.988,100,
11:13:09,62.98,200,
11:13:09,63,100,
11:13:09,63.02,100,
11:13:11,63.03,100,
11:13:11,63.02,300,
11:13:11,63.02,100,
11:13:11,63.02,200,
11:13:11,63.02,200,
11:13:11,63.03,100,
11:13:11,63.05,100,
11:13:12,63.04,200,
11:13:12,63.05,100,
11:13:12,63.05,100,
11:13:12,63.03,120,
11:13:12,63.05,1300,
11:13:14,63.08,100,
11:13:15,63.06,500,
11:13:15,63.06,100,
11:13:17,63.049,500,
11:13:18,63.03,200,
11:13:18,63.03,100,
11:13:20,63.06,100,
11:13:21,63.05,100,
11:13:22,63.0514,1000,
11:13:23,63.07,145,
11:13:25,63.04,200,
11:13:25,63.04,200,
11:13:30,63.0484,100,
11:13:31,63.03,100,
11:13:31,63.03,100,
11:13:31,63.032,100,
11:13:32,63.0299,100,
11:13:32,63.05,1000,
11:13:32,63.06,100,
11:13:32,63.06,300,
11:13:32,63.03,100,
11:13:32,63.052,100,
11:13:32,63.05,100,
11:13:32,63.052,100,
11:13:36,63.039,900,
11:13:39,63.002,1000,
11:13:41,63.04,200,
11:13:41,63.04,300,
11:13:43,63.03,100,
11:13:48,63.03,100,
11:13:48,63.02,100,
11:13:48,63.0399,432,
11:13:50,63.04,100,
11:13:51,63.05,100,
11:13:51,63.06,200,
11:13:51,63.07,100,
11:13:53,63.08,300,
11:13:54,63.05,100,
11:13:54,63.03,300,
11:14:01,63.044,1000,
11:14:02,63.05,800,
11:14:06,63.08,15000,
11:14:07,63.0801,100,
11:14:09,63.09,100,
11:14:10,63.0899,100,
11:14:10,63.0899,400,
11:14:10,63.0899,800,
11:14:10,63.08,100,
11:14:10,63.09,200,
11:14:10,63.09,700,
11:14:12,63.07,400,
11:14:14,63.08,100,
11:14:14,63.10,100,
11:14:14,63.10,250,
11:14:14,63.12,100,
11:14:14,63.12,100,
11:14:14,63.12,300,
11:14:15,63.12,100,
11:14:15,63.15,200,
11:14:15,63.16,200,
11:14:15,63.17,340,
11:14:15,63.17,1000,
11:14:15,63.17,300,
11:14:15,63.18,100,
11:14:15,63.18,100,
11:14:15,63.18,100,
11:14:15,63.14,120,
11:14:17,63.18,100,
11:14:18,63.18,300,
11:14:19,63.1773,650,
11:14:24,63.15,100,
11:14:27,63.12,100,
11:14:27,63.12,100,
11:14:27,63.12,300,
11:14:27,63.1228,200,
11:14:30,63.09,100,
11:14:30,63.08,200,
11:14:30,63.0605,900,
11:14:33,63.0501,100,
11:14:34,63.06,100,
11:14:34,63.06,200,
11:14:36,63.08,300,
11:14:36,63.08,300,
11:14:37,63.0843,100,
11:14:40,63.05,100,
11:14:43,63.07,300,
11:14:47,63.082,1100,
11:14:48,63.0814,100,
11:14:49,63.08,100,
11:14:49,63.08,100,
11:14:49,63.08,100,
11:14:49,63.08,100,
11:14:51,63.09,200,
11:14:51,63.09,200,
11:14:51,63.092,200,
11:14:51,63.092,500,
11:14:54,63.0755,1000,
11:15:00,63.10,100,
11:15:00,63.14,100,
11:15:00,63.14,100,
11:15:01,63.14,100,
11:15:01,63.14,100,
11:15:01,63.17,200,
11:15:01,63.17,100,
11:15:01,63.162,100,
11:15:02,63.19,500,
11:15:03,63.19,340,
11:15:03,63.1901,200,
11:15:06,63.17,100,
11:15:06,63.16,200,
11:15:06,63.16,100,
11:15:06,63.16,100,
11:15:06,63.151,500,
11:15:11,63.178,500,
11:15:12,63.18,100,
11:15:12,63.18,100,
11:15:14,63.19,100,
11:15:14,63.19,300,
11:15:14,63.20,100,
11:15:14,63.20,200,
11:15:14,63.20,100,
11:15:15,63.20,100,
11:15:17,63.1817,100,
11:15:17,63.181,100,
11:15:18,63.18,600,
11:15:19,63.198,600,
11:15:21,63.17,100,
11:15:21,63.18,100,
11:15:22,63.16,100,
11:15:23,63.18,100,
11:15:24,63.16,100,
11:15:24,63.16,100,
11:15:24,63.16,100,
11:15:29,63.178,100,
11:15:30,63.18,100,
11:15:33,63.186,800,
11:15:33,63.19,100,
11:15:33,63.19,100,
11:15:34,63.19,100,
11:15:34,63.19,100,
11:15:35,63.1847,100,
11:15:39,63.16,500,
11:15:39,63.149,1200,
11:15:39,63.149,700,
11:15:42,63.15,6500,
11:15:44,63.16,100,
11:15:45,63.1515,100,
11:15:45,63.1514,100,
11:15:45,63.15,100,
11:15:47,63.15,100,
11:15:47,63.15,100,
11:15:47,63.15,100,
11:15:47,63.15,100,
11:15:47,63.1501,100,
11:15:47,63.1502,100,
11:15:49,63.1527,650,
11:15:51,63.1515,100,
11:15:51,63.15,100,
11:15:51,63.15,100,
11:15:51,63.1514,100,
11:15:51,63.15,100,
11:15:51,63.15,100,
11:15:51,63.1513,129,
11:15:51,63.17,100,
11:15:51,63.16,300,
11:15:51,63.17,100,
11:15:53,63.182,100,
11:15:53,63.18,100,
11:15:57,63.181,500,
11:16:03,63.161,200,
11:16:05,63.15,150,
11:16:07,63.1699,118,
11:16:07,63.1501,1100,
11:16:07,63.15,1100,
11:16:07,63.15,100,
11:16:07,63.1501,5800,
11:16:08,63.155,2000,
11:16:14,63.1202,300,
11:16:15,63.14,100,
11:16:16,63.14,100,
11:16:16,63.1414,100,
11:16:16,63.1414,100,
11:16:17,63.18,100,
11:16:17,63.19,100,
11:16:17,63.20,300,
11:16:17,63.20,100,
11:16:17,63.19,100,
11:16:17,63.20,100,
11:16:17,63.20,100,
11:16:17,63.20,800,
11:16:17,63.20,100,
11:16:17,63.20,300,
11:16:17,63.20,100,
11:16:17,63.20,100,
11:16:17,63.20,100,
11:16:17,63.20,160,
11:16:17,63.20,100,
11:16:18,63.20,2000,
11:16:21,63.206,1000,
11:16:23,63.14,500,
11:16:27,63.134,100,
11:16:32,63.16,100,
11:16:43,63.12,100,
11:16:46,63.148,100,
11:16:46,63.14,200,
11:16:48,63.14,750,
11:16:48,63.13,600,
11:16:48,63.14,100,
11:16:54,63.11,100,
11:16:55,63.12,100,
11:16:58,63.11,100,
11:17:01,63.0914,425,
11:17:02,63.10,1100,
11:17:03,63.118,1600,
11:17:04,63.102,100,
11:17:10,63.1498,100,
11:17:20,63.13,500,
11:17:20,63.13,500,
11:17:20,63.12,100,
11:17:24,63.1443,150,
11:17:25,63.13,4500,
11:17:29,63.20,100,
11:17:30,63.22,100,
11:17:31,63.198,100,
11:17:31,63.2198,400,
11:17:31,63.22,200,
11:17:33,63.2099,300,
11:17:34,63.21,100,
11:17:39,63.221,100,
11:17:39,63.224,600,
11:17:45,63.2201,400,
11:17:48,63.211,100,
11:17:48,63.21,100,
11:17:50,63.222,100,
11:17:51,63.2205,100,
11:17:51,63.2204,100,
11:17:54,63.23,100,
11:17:54,63.232,100,
11:17:54,63.22,100,
11:17:54,63.232,100,
11:17:54,63.22,200,
11:17:54,63.22,100,
11:17:54,63.22,400,
11:17:54,63.229,100,
11:17:56,63.2203,100,
11:17:56,63.221,600,
11:17:56,63.221,700,
11:18:00,63.25,125,
11:18:00,63.25,275,
11:18:00,63.27,100,
11:18:00,63.25,100,
11:18:01,63.238,125,
11:18:01,63.29,100,
11:18:01,63.28,100,
11:18:02,63.30,1000,
11:18:04,63.2745,1000,
11:18:05,63.2699,100,
11:18:07,63.27,100,
11:18:07,63.25,600,
11:18:07,63.25,200,
11:18:09,63.2664,100,
11:18:10,63.2543,300,
11:18:17,63.2472,200,
11:18:18,63.26,100,
11:18:18,63.24,100,
11:18:30,63.20,100,
11:18:43,63.23,100,
11:18:50,63.231,100,
11:18:52,63.228,100,
11:18:53,63.2301,100,
11:18:55,63.248,500,
11:18:58,63.24,100,
11:19:00,63.2092,100,
11:19:04,63.2455,1200,
11:19:05,63.23,100,
11:19:07,63.22,800,
11:19:16,63.2132,200,
11:19:16,63.21,100,
11:19:18,63.2165,100,
11:19:18,63.2123,100,
11:19:22,63.2257,100,
11:19:28,63.25,100,
11:19:30,63.2471,100,
11:19:42,63.2386,300,
11:19:43,63.23,200,
11:19:48,63.221,1500,
11:19:51,63.25,200,
11:19:51,63.25,1040,
11:19:51,63.25,700,
11:19:57,63.2313,1000,
11:20:00,63.25,159,
11:20:07,63.268,100,
11:20:09,63.28,100,
11:20:09,63.27,100,
11:20:14,63.26,200,
11:20:14,63.26,300,
11:20:23,63.2645,500,
11:20:31,63.23,100,
11:20:41,63.2001,500,
11:20:42,63.204,100,
11:20:43,63.204,100,
11:20:53,63.1801,2000,
11:20:55,63.2127,1000,
11:21:04,63.25,100,
11:21:07,63.25,200,
11:21:07,63.23,100,
11:21:07,63.23,200,
11:21:12,63.22,300,
11:21:12,63.21,300,
11:21:16,63.2014,1000,
11:21:24,63.201,100,
11:21:25,63.20,300,
11:21:25,63.21,100,
11:21:36,63.1957,100,
11:21:36,63.1901,332,
11:21:41,63.2101,200,
11:21:41,63.21,200,
11:21:45,63.1723,100,
11:21:45,63.171,200,
11:21:45,63.171,500,
11:21:46,63.18,500,
11:21:47,63.1901,100,
11:21:51,63.1816,200,
11:21:57,63.1602,100,
11:21:57,63.20,100,
11:22:08,63.1732,200,
11:22:11,63.181,100,
11:22:12,63.184,100,
11:22:20,63.19,100,
11:22:21,63.17,100,
11:22:27,63.20,100,
11:22:34,63.17,100,
11:22:36,63.162,1000,
11:22:40,63.1502,100,
11:22:40,63.15,100,
11:22:43,63.16,100,
11:22:43,63.16,100,
11:22:43,63.16,100,
11:22:43,63.1614,500,
11:22:50,63.16,300,
11:22:53,63.1513,1000,
11:22:59,63.15,100,
11:23:02,63.14,1000,
11:23:05,63.15,200,
11:23:10,63.14,100,
11:23:10,63.14,100,
11:23:14,63.14,1000,
11:23:21,63.15,300,
11:23:25,63.16,100,
11:23:25,63.16,100,
11:23:39,63.14,300,
11:23:43,63.17,100,
11:23:43,63.171,100,
11:23:43,63.171,200,
11:23:43,63.17,100,
11:23:45,63.16,200,
11:23:45,63.16,100,
11:23:46,63.14,300,
11:23:50,63.1414,500,
11:23:55,63.14,100,
11:23:55,63.14,100,
11:23:56,63.152,1480,
11:24:04,63.159,500,
11:24:23,63.20,100,
11:24:23,63.21,100,
11:24:23,63.21,100,
11:24:23,63.21,100,
11:24:23,63.21,100,
11:24:24,63.21,100,
11:24:25,63.1936,100,
11:24:26,63.2099,700,
11:24:27,63.22,200,
11:24:27,63.2199,100,
11:24:36,63.2187,1000,
11:24:37,63.22,100,
11:24:37,63.22,100,
11:24:37,63.22,200,
11:24:37,63.23,100,
11:24:37,63.22,400,
11:24:41,63.25,100,
11:24:41,63.27,100,
11:24:41,63.27,100,
11:24:41,63.27,100,
11:24:41,63.27,300,
11:24:41,63.28,100,
11:24:41,63.29,100,
11:24:41,63.30,100,
11:24:42,63.30,300,
11:24:42,63.30,100,
11:24:42,63.30,200,
11:24:42,63.30,100,
11:24:45,63.288,200,
11:24:45,63.25,300,
11:24:48,63.2316,200,
11:24:49,63.24,100,
11:24:54,63.27,400,
11:24:54,63.26,100,
11:25:00,63.25,100,
11:25:04,63.25,100,
11:25:04,63.25,100,
11:25:05,63.2599,250,
11:25:08,63.2503,100,
11:25:08,63.251,100,
11:25:10,63.25,400,
11:25:11,63.26,1850,
11:25:17,63.27,100,
11:25:17,63.27,200,
11:25:19,63.32,100,
11:25:19,63.29,100,
11:25:20,63.33,100,
11:25:20,63.34,100,
11:25:20,63.34,100,
11:25:20,63.34,240,
11:25:20,63.34,240,
11:25:20,63.34,260,
11:25:20,63.35,340,
11:25:20,63.35,100,
11:25:20,63.34,160,
11:25:20,63.35,260,
11:25:20,63.35,140,
11:25:20,63.35,360,
11:25:20,63.35,260,
11:25:20,63.35,100,
11:25:20,63.36,200,
11:25:20,63.36,100,
11:25:20,63.36,500,
11:25:20,63.36,100,
11:25:20,63.34,100,
11:25:20,63.35,100,
11:25:20,63.35,100,
11:25:21,63.38,100,
11:25:21,63.38,300,
11:25:21,63.38,200,
11:25:22,63.37,100,
11:25:22,63.37,100,
11:25:22,63.371,100,
11:25:22,63.3701,400,
11:25:22,63.3714,100,
11:25:22,63.37,100,
11:25:22,63.37,100,
11:25:22,63.37,200,
11:25:25,63.352,100,
11:25:25,63.35,100,
11:25:25,63.35,100,
11:25:25,63.352,100,
11:25:26,63.358,300,
11:25:28,63.31,100,
11:25:29,63.2901,1000,
11:25:30,63.31,200,
11:25:40,63.302,700,
11:25:57,63.3473,1000,
11:26:03,63.37,460,
11:26:03,63.38,100,
11:26:06,63.39,200,
11:26:07,63.39,200,
11:26:07,63.39,5500,
11:26:08,63.39,800,
11:26:09,63.36,200,
11:26:09,63.37,130,
11:26:11,63.38,100,
11:26:11,63.38,300,
11:26:11,63.38,100,
11:26:17,63.38,300,
11:26:17,63.38,100,
11:26:17,63.37,100,
11:26:19,63.34,100,
11:26:21,63.3497,500,
11:26:28,63.32,400,
11:26:31,63.3227,1000,
11:26:48,63.35,100,
11:26:49,63.33,300,
11:26:59,63.30,200,
11:26:59,63.30,100,
11:27:06,63.3295,100,
11:27:06,63.33,100,
11:27:06,63.33,100,
11:27:06,63.33,100,
11:27:10,63.334,600,
11:27:21,63.28,200,
11:27:22,63.281,100,
11:27:27,63.29,100,
11:27:31,63.298,1000,
11:27:46,63.31,100,
11:27:46,63.32,100,
11:27:46,63.33,100,
11:27:46,63.33,100,
11:27:46,63.33,100,
11:27:52,63.3201,100,
11:27:52,63.32,100,
11:27:59,63.3101,550,
11:28:15,63.3055,500,
11:28:26,63.32,500,
11:28:35,63.32,100,
11:28:53,63.33,860,
11:28:58,63.358,200,
11:29:00,63.37,100,
11:29:00,63.379,3157,
11:29:18,63.34,100,
11:29:30,63.31,100,
11:29:30,63.33,100,
11:29:39,63.3272,150,
11:29:40,63.32,100,
11:29:40,63.32,100,
11:29:45,63.30,300,
11:29:46,63.28,200,
11:29:57,63.3227,800,
11:31:01,63.32,100,
11:31:04,63.33,150,
11:31:04,63.33,200,
11:31:10,63.3168,100,
11:31:10,63.3168,100,
11:31:17,63.31,100,
11:31:17,63.31,200,
11:31:23,63.336,500,
11:31:24,63.35,100,
11:31:30,63.33,900,
11:31:31,63.33,300,
11:31:36,63.31,100,
11:31:57,63.2901,100,
11:31:59,63.292,465,
11:32:04,63.3101,1822,
11:32:15,63.32,100,
11:32:24,63.31,300,
11:32:33,63.27,300,
11:32:33,63.25,100,
11:32:33,63.29,500,
11:32:33,63.29,500,
11:32:33,63.29,100,
11:32:33,63.2603,100,
11:32:33,63.2603,100,
11:32:34,63.2627,500,
11:32:36,63.25,300,
11:32:36,63.24,150,
11:32:38,63.25,100,
11:32:42,63.2602,300,
11:32:42,63.26,100,
11:32:45,63.24,100,
11:32:45,63.24,200,
11:32:46,63.222,250,
11:32:47,63.2203,100,
11:32:49,63.2255,500,
11:32:49,63.21,100,
11:32:49,63.21,1000,
11:32:51,63.21,200,
11:32:51,63.20,100,
11:32:51,63.20,100,
11:32:51,63.20,600,
11:32:51,63.2028,540,
11:32:53,63.26,166,
11:32:55,63.2292,100,
11:32:59,63.23,400,
11:33:03,63.2202,500,
11:33:03,63.23,300,
11:33:05,63.23,100,
11:33:11,63.2043,100,
11:33:12,63.2016,200,
11:33:13,63.2001,100,
11:33:13,63.20,100,
11:33:14,63.2028,100,
11:33:15,63.23,100,
11:33:15,63.21,100,
11:33:20,63.21,100,
11:33:23,63.21,100,
11:33:23,63.21,100,
11:33:33,63.23,100,
11:33:35,63.212,100,
11:33:41,63.201,1000,
11:33:52,63.19,300,
11:33:52,63.1992,100,
11:33:59,63.21,300,
11:33:59,63.21,300,
11:34:00,63.1913,1100,
11:34:03,63.1828,250,
11:34:04,63.20,100,
11:34:05,63.2014,100,
11:34:05,63.20,100,
11:34:05,63.2014,100,
11:34:05,63.20,100,
11:34:06,63.21,100,
11:34:14,63.2091,100,
11:34:30,63.21,100,
11:34:30,63.21,100,
11:34:30,63.20,100,
11:34:30,63.22,400,
11:34:31,63.19,100,
11:34:32,63.1932,100,
11:34:32,63.19,100,
11:34:37,63.2099,100,
11:34:37,63.2099,100,
11:34:37,63.21,100,
11:34:39,63.2027,100,
11:34:39,63.20,100,
11:34:39,63.20,100,
11:34:39,63.20,100,
11:34:46,63.23,100,
11:35:02,63.20,300,
11:35:10,63.209,500,
11:35:16,63.1901,400,
11:35:16,63.18,100,
11:35:19,63.22,100,
11:35:25,63.26,100,
11:35:25,63.28,450,
11:35:25,63.25,300,
11:35:25,63.25,300,
11:35:25,63.30,100,
11:35:25,63.28,100,
11:35:25,63.31,100,
11:35:25,63.31,100,
11:35:25,63.32,300,
11:35:25,63.26,100,
11:35:25,63.32,100,
11:35:25,63.26,250,
11:35:25,63.34,100,
11:35:25,63.35,200,
11:35:25,63.36,100,
11:35:25,63.37,300,
11:35:30,63.37,100,
11:35:30,63.37,200,
11:35:30,63.37,100,
11:35:30,63.39,100,
11:35:30,63.38,600,
11:35:30,63.38,300,
11:35:30,63.37,100,
11:35:30,63.38,100,
11:35:30,63.39,200,
11:35:30,63.38,300,
11:35:30,63.38,100,
11:35:30,63.39,100,
11:35:32,63.38,600,
11:35:32,63.38,300,
11:35:32,63.38,100,
11:35:39,63.32,100,
11:35:40,63.34,159,
11:35:40,63.36,100,
11:35:40,63.34,100,
11:35:40,63.40,200,
11:35:40,63.40,200,
11:35:40,63.40,200,
11:35:40,63.34,500,
11:35:40,63.34,100,
