09:30:01,49.81,200,
09:30:02,49.81,300,
09:30:02,49.75,300,
09:30:03,49.76,600,
09:30:04,49.73,100,
09:30:04,49.73,200,
09:30:04,49.74,200,
09:30:04,49.74,100,
09:30:04,49.74,100,
09:30:14,49.74,892,
09:30:16,49.725,200,
09:30:17,49.8299,400,
09:30:17,49.72,500,
09:30:19,49.739,300,
09:30:20,49.729,200,
09:30:20,49.77,550,
09:30:21,49.769,200,
09:30:21,49.74,2825,
09:30:22,49.66,700,
09:30:28,49.7899,100,
09:30:28,49.80,300,
09:30:30,49.7101,300,
09:30:30,49.67,100,
09:30:33,49.64,200,
09:30:36,49.67,1600,
09:30:40,49.6599,100,
09:30:40,49.66,300,
09:30:40,49.6599,100,
09:30:41,49.6412,1200,
09:30:42,49.6599,100,
09:30:42,49.6599,100,
09:30:42,49.66,100,
09:30:42,49.6599,100,
09:30:43,49.64,100,
09:30:43,49.64,100,
09:30:43,49.64,100,
09:30:46,49.68,300,
09:30:48,49.6799,300,
09:30:48,49.6799,300,
09:30:49,49.6799,300,
09:30:49,49.6799,100,
09:30:50,49.6601,485,
09:30:52,49.70,100,
09:30:52,49.70,100,
09:30:52,49.6601,6500,
09:30:52,49.695,1000,
09:30:52,49.715,195,
09:31:08,49.72,500,
09:31:13,49.72,200,
09:31:16,49.72,200,
09:31:16,49.725,500,
09:31:18,49.71,300,
09:31:18,49.71,300,
09:31:21,49.70,100,
09:31:30,49.70,200,
09:31:30,49.641,300,
09:31:32,49.679,1000,
09:31:32,49.679,1000,
09:31:34,49.66,500,
09:31:37,49.6599,100,
09:31:39,49.6599,1000,
09:31:40,49.68,300,
09:31:40,49.67,300,
09:31:40,49.68,200,
09:31:41,49.71,400,
09:31:41,49.71,300,
09:31:49,49.68,500,
09:31:55,49.71,300,
09:31:55,49.7111,100,
09:31:56,49.729,380,
09:31:56,49.73,100,
09:31:56,49.79,300,
09:31:57,49.785,200,
09:31:58,49.80,100,
09:31:58,49.795,100,
09:31:58,49.795,100,
09:31:58,49.795,100,
09:31:58,49.80,200,
09:31:59,49.795,100,
09:31:59,49.81,100,
09:31:59,49.8003,100,
09:32:01,49.80,100,
09:32:01,49.80,100,
09:32:05,49.8018,500,
09:32:05,49.815,600,
09:32:07,49.80,400,
09:32:09,49.80,100,
09:32:11,49.8312,500,
09:32:13,49.815,500,
09:32:17,49.82,300,
09:32:17,49.819,100,
09:32:17,49.82,300,
09:32:17,49.82,300,
09:32:17,49.82,300,
09:32:18,49.829,400,
09:32:19,49.829,300,
09:32:19,49.829,100,
09:32:19,49.8299,100,
09:32:19,49.8299,200,
09:32:23,49.8099,100,
09:32:25,49.8012,500,
09:32:28,49.82,300,
09:32:28,49.8299,300,
09:32:28,49.832,200,
09:32:31,49.8499,190,
09:32:34,49.845,500,
09:32:36,49.85,400,
09:32:39,49.88,100,
09:32:40,49.90,127,
09:32:40,49.8918,150,
09:32:43,49.92,300,
09:32:44,49.9289,500,
09:32:45,49.939,100,
09:32:45,49.8901,1000,
09:32:47,49.925,500,
09:32:50,49.95,3000,
09:32:51,49.925,600,
09:32:55,49.95,650,
09:32:57,49.91,400,
09:32:57,49.949,100,
09:33:01,49.97,200,
09:33:01,49.97,200,
09:33:02,49.9699,100,
09:33:02,49.96,100,
09:33:02,49.97,100,
09:33:06,49.965,600,
09:33:07,49.95,500,
09:33:10,49.97,100,
09:33:10,49.97,100,
09:33:10,49.969,100,
09:33:12,49.9522,300,
09:33:12,49.951,400,
09:33:13,49.969,100,
09:33:13,49.95,3800,
09:33:14,49.979,100,
09:33:16,49.97,200,
09:33:17,49.95,100,
09:33:17,49.95,100,
09:33:17,49.95,200,
09:33:17,49.95,100,
09:33:17,49.9494,100,
09:33:17,49.9499,200,
09:33:17,49.95,100,
09:33:17,49.9499,100,
09:33:17,49.95,300,
09:33:19,49.939,3000,
09:33:20,49.9258,200,
09:33:20,49.92,300,
09:33:22,49.92,1600,
09:33:22,49.90,400,
09:33:23,49.9199,300,
09:33:23,49.93,100,
09:33:27,49.858,500,
09:33:28,49.8203,100,
09:33:30,49.81,300,
09:33:31,49.82,100,
09:33:37,49.80,300,
09:33:44,49.8089,500,
09:33:44,49.77,200,
09:33:44,49.77,400,
09:33:44,49.77,100,
09:33:45,49.78,300,
09:33:45,49.789,200,
09:33:46,49.784,300,
09:33:48,49.80,100,
09:33:48,49.80,300,
09:33:50,49.81,1000,
09:33:52,49.79,100,
09:33:57,49.7901,100,
09:34:04,49.90,100,
09:34:04,49.90,600,
09:34:05,49.93,200,
09:34:07,49.8688,200,
09:34:07,49.8688,500,
09:34:11,49.8866,250,
09:34:16,49.8501,1000,
09:34:17,49.88,1100,
09:34:22,49.8799,10000,
09:34:25,49.879,300,
09:34:28,49.88,100,
09:34:37,49.85,100,
09:34:47,49.8598,100,
09:34:47,49.86,200,
09:34:47,49.85,400,
09:34:48,49.83,700,
09:34:48,49.8401,100,
09:34:48,49.83,300,
09:34:48,49.81,2385,
09:34:51,49.8799,500,
09:35:01,49.85,200,
09:35:02,49.88,200,
09:35:05,49.90,200,
09:35:05,49.92,100,
09:35:05,49.92,100,
09:35:05,49.92,200,
09:35:06,49.90,100,
09:35:06,49.90,300,
09:35:07,49.9283,200,
09:35:12,49.88,300,
09:35:12,49.89,300,
09:35:16,49.87,100,
09:35:19,49.86,400,
09:35:22,49.8782,500,
09:35:24,49.89,100,
09:35:24,49.8872,1100,
09:35:27,49.907,1000,
09:35:31,49.90,100,
09:35:32,49.86,400,
09:35:33,49.8482,200,
09:35:35,49.83,500,
09:35:36,49.849,100,
09:35:37,49.842,500,
09:35:43,49.77,400,
09:35:45,49.73,125,
09:35:47,49.73,100,
09:35:47,49.7399,300,
09:35:47,49.7399,300,
09:35:47,49.76,4100,
09:35:55,49.79,200,
09:35:57,49.80,600,
09:35:57,49.80,500,
09:36:03,49.81,100,
09:36:07,49.8899,100,
09:36:09,49.89,100,
09:36:09,49.86,200,
09:36:14,49.8488,500,
09:36:18,49.8497,100,
09:36:18,49.8482,100,
09:36:18,49.85,100,
09:36:18,49.85,100,
09:36:25,49.86,100,
09:36:25,49.859,600,
09:36:25,49.859,600,
09:36:25,49.857,100,
09:36:35,49.8298,500,
09:36:41,49.88,300,
09:36:44,49.8518,100,
09:36:47,49.84,200,
09:36:47,49.83,500,
09:36:52,49.818,200,
09:36:56,49.85,400,
09:36:57,49.8302,300,
09:36:58,49.83,1300,
09:37:00,49.83,100,
09:37:04,49.865,600,
09:37:08,49.88,500,
09:37:17,49.90,100,
09:37:19,49.8799,400,
09:37:24,49.91,2900,
09:37:29,49.8501,4500,
09:37:35,49.87,1000,
09:37:37,49.8701,100,
09:37:37,49.90,200,
09:37:49,49.93,600,
09:37:52,49.9212,500,
09:37:53,49.93,100,
09:37:55,49.9499,300,
09:37:56,49.935,100,
09:37:57,49.935,300,
09:37:59,49.9442,300,
09:38:02,49.945,1000,
09:38:04,49.9435,200,
09:38:05,49.91,230,
09:38:06,49.9112,250,
09:38:07,49.899,500,
09:38:10,49.91,400,
09:38:10,49.91,100,
09:38:14,49.8901,3000,
09:38:17,49.8701,200,
09:38:24,49.9171,500,
09:38:27,49.9183,300,
09:38:31,49.881,100,
09:38:34,49.9082,500,
09:38:34,49.89,700,
09:38:34,49.88,500,
09:38:44,49.862,1000,
09:38:48,49.8699,300,
09:38:50,49.8502,300,
09:38:50,49.85,100,
09:38:50,49.85,1200,
09:38:50,49.8668,300,
09:38:50,49.851,100,
09:38:52,49.85,100,
09:39:05,49.89,125,
09:39:10,49.891,500,
09:39:11,49.899,100,
09:39:17,49.919,100,
09:39:19,49.90,300,
09:39:19,49.90,300,
09:39:19,49.90,800,
09:39:19,49.90,200,
09:39:19,49.90,100,
09:39:19,49.90,100,
09:39:19,49.90,100,
09:39:19,49.90,100,
09:39:19,49.90,100,
09:39:19,49.90,100,
09:39:20,49.90,100,
09:39:20,49.90,100,
09:39:20,49.90,100,
09:39:20,49.90,100,
09:39:21,49.90,100,
09:39:21,49.90,100,
09:39:21,49.90,400,
09:39:21,49.90,100,
09:39:21,49.90,100,
09:39:27,49.89,1600,
09:39:27,49.89,760,
09:39:28,49.88,200,
09:39:28,49.88,200,
09:39:46,49.90,100,
09:39:47,49.89,100,
09:39:49,49.87,270,
09:39:50,49.86,100,
09:39:57,49.89,1000,
09:40:00,49.8609,700,
09:40:04,49.854,300,
09:40:05,49.89,100,
09:40:08,49.884,1000,
09:40:13,49.90,100,
09:40:17,49.8718,200,
09:40:23,49.885,1000,
09:40:26,49.876,1000,
09:40:30,49.8588,100,
09:40:32,49.83,300,
09:40:32,49.83,300,
09:40:32,49.84,100,
09:40:34,49.88,140,
09:40:37,49.8701,5000,
09:40:37,49.87,100,
09:40:38,49.871,600,
09:40:39,49.87,370,
09:40:42,49.83,100,
09:40:42,49.8304,800,
09:40:42,49.83,1800,
09:40:42,49.84,2600,
09:40:42,49.83,170,
09:40:43,49.84,166,
09:40:43,49.831,100,
09:40:44,49.81,200,
09:40:44,49.82,4300,
09:40:44,49.82,200,
09:40:45,49.83,100,
09:40:45,49.8201,500,
09:40:46,49.855,217,
09:40:47,49.84,100,
09:40:47,49.84,200,
09:40:47,49.826,200,
09:40:47,49.81,200,
09:40:47,49.81,900,
09:40:50,49.84,230,
09:40:50,49.86,800,
09:40:54,49.85,199,
09:40:54,49.85,601,
09:40:58,49.82,400,
09:40:58,49.83,100,
09:40:58,49.83,400,
09:40:58,49.83,500,
09:41:02,49.854,1000,
09:41:05,49.82,230,
09:41:05,49.81,200,
09:41:06,49.82,400,
09:41:06,49.82,230,
09:41:06,49.82,100,
09:41:06,49.85,100,
09:41:06,49.83,100,
09:41:06,49.83,100,
09:41:08,49.82,700,
09:41:11,49.846,100,
09:41:12,49.83,430,
09:41:13,49.8342,250,
09:41:16,49.81,100,
09:41:19,49.82,400,
09:41:21,49.80,250,
09:41:22,49.82,100,
09:41:26,49.79,100,
09:41:30,49.77,1000,
09:41:34,49.7303,100,
09:41:38,49.73,100,
09:41:39,49.68,100,
09:41:39,49.685,1900,
09:41:40,49.661,380,
09:41:46,49.64,400,
09:41:47,49.6404,1000,
09:41:50,49.676,200,
09:41:53,49.6689,411,
09:41:56,49.6859,100,
09:41:56,49.681,100,
09:41:57,49.6801,250,
09:41:59,49.686,200,
09:41:59,49.695,600,
09:42:11,49.7182,100,
09:42:14,49.699,300,
09:42:15,49.689,200,
09:42:15,49.69,700,
09:42:26,49.67,1000,
09:42:27,49.64,100,
09:42:29,49.64,200,
09:42:35,49.62,100,
09:42:35,49.62,100,
09:42:35,49.61,230,
09:42:36,49.60,661,
09:42:36,49.60,100,
09:42:36,49.60,400,
09:42:36,49.60,200,
09:42:37,49.62,100,
09:42:41,49.616,300,
09:42:41,49.58,100,
09:42:42,49.59,2000,
09:42:44,49.604,175,
09:42:50,49.57,100,
09:42:53,49.56,1000,
09:42:53,49.54,100,
09:42:56,49.5912,200,
09:43:01,49.595,927,
09:43:02,49.62,300,
09:43:02,49.62,100,
09:43:02,49.62,100,
09:43:04,49.61,100,
09:43:08,49.616,100,
09:43:10,49.655,1700,
09:43:14,49.6699,400,
09:43:17,49.67,100,
09:43:19,49.68,100,
09:43:19,49.678,200,
09:43:20,49.66,900,
09:43:20,49.65,100,
09:43:22,49.6389,100,
09:43:22,49.6389,100,
09:43:22,49.68,100,
09:43:22,49.68,100,
09:43:23,49.63,100,
09:43:34,49.63,1000,
09:43:36,49.64,300,
09:43:36,49.63,400,
09:43:36,49.64,230,
09:43:39,49.6289,100,
09:43:39,49.63,100,
09:43:44,49.6282,100,
09:43:47,49.63,230,
09:43:47,49.6299,100,
09:43:47,49.64,230,
09:43:47,49.64,300,
09:43:47,49.6299,230,
09:43:52,49.62,200,
09:43:53,49.625,1000,
09:44:03,49.70,100,
09:44:03,49.70,100,
09:44:03,49.70,250,
09:44:03,49.71,100,
09:44:05,49.71,400,
09:44:05,49.71,400,
09:44:15,49.7011,500,
09:44:18,49.70,300,
09:44:19,49.72,100,
09:44:19,49.72,100,
09:44:19,49.73,300,
09:44:19,49.72,100,
09:44:19,49.72,100,
09:44:19,49.72,230,
09:44:19,49.71,300,
09:44:19,49.71,230,
09:44:19,49.70,400,
09:44:19,49.70,230,
09:44:19,49.73,300,
09:44:19,49.73,400,
09:44:19,49.72,200,
09:44:19,49.72,100,
09:44:19,49.73,100,
09:44:19,49.71,100,
09:44:19,49.72,100,
09:44:19,49.73,100,
09:44:22,49.7182,100,
09:44:24,49.73,100,
09:44:24,49.74,100,
09:44:24,49.73,100,
09:44:24,49.73,400,
09:44:24,49.74,100,
09:44:25,49.72,100,
09:44:26,49.7149,6000,
09:44:26,49.70,350,
09:44:29,49.69,245,
09:44:29,49.688,500,
09:44:35,49.68,100,
09:44:35,49.68,400,
09:44:37,49.65,100,
09:44:39,49.66,100,
09:44:41,49.67,100,
09:44:41,49.67,230,
09:44:41,49.68,100,
09:44:41,49.68,163,
09:44:41,49.68,100,
09:44:41,49.70,100,
09:44:41,49.70,400,
09:44:41,49.68,100,
09:44:46,49.71,300,
09:44:46,49.71,230,
09:44:46,49.70,202,
09:44:46,49.70,600,
09:44:47,49.70,700,
09:44:47,49.6868,400,
09:44:47,49.681,500,
09:44:47,49.701,400,
09:44:47,49.68,100,
09:44:48,49.71,100,
09:44:58,49.73,700,
09:45:01,49.77,400,
09:45:05,49.7601,500,
09:45:07,49.79,300,
09:45:07,49.78,500,
09:45:09,49.76,100,
09:45:09,49.76,230,
09:45:09,49.77,100,
09:45:10,49.7699,200,
09:45:13,49.7699,100,
09:45:14,49.77,230,
09:45:15,49.84,100,
09:45:15,49.84,100,
09:45:15,49.839,600,
09:45:15,49.839,600,
09:45:16,49.86,100,
09:45:16,49.8597,100,
09:45:16,49.85,100,
09:45:18,49.838,2600,
09:45:18,49.83,230,
09:45:19,49.83,300,
09:45:21,49.854,145,
09:45:21,49.859,100,
09:45:23,49.8502,100,
09:45:23,49.85,200,
09:45:23,49.85,100,
09:45:23,49.87,100,
09:45:23,49.85,230,
09:45:23,49.84,230,
09:45:26,49.87,500,
09:45:29,49.87,200,
09:45:31,49.8898,400,
09:45:31,49.89,200,
09:45:31,49.89,100,
09:45:32,49.90,110,
09:45:32,49.91,180,
09:45:32,49.91,400,
09:45:32,49.93,200,
09:45:32,49.93,230,
09:45:33,49.925,500,
09:45:34,49.895,1000,
09:45:36,49.895,500,
09:45:38,49.91,196,
09:45:39,49.90,180,
09:45:39,49.90,200,
09:45:39,49.90,230,
09:45:43,49.88,100,
09:45:47,49.8899,400,
09:45:49,49.87,200,
09:45:49,49.87,300,
09:45:49,49.86,100,
09:45:50,49.85,100,
09:45:50,49.85,100,
09:45:57,49.85,100,
09:45:59,49.859,100,
09:45:59,49.83,200,
09:46:01,49.8506,1000,
09:46:02,49.82,200,
09:46:02,49.82,400,
09:46:07,49.8299,100,
09:46:09,49.8212,112,
09:46:10,49.80,230,
09:46:12,49.82,800,
09:46:12,49.83,230,
09:46:12,49.83,103,
09:46:12,49.83,300,
09:46:14,49.84,230,
09:46:16,49.81,200,
09:46:17,49.81,300,
09:46:20,49.845,1000,
09:46:20,49.83,200,
09:46:23,49.86,300,
09:46:29,49.8782,200,
09:46:29,49.8782,200,
09:46:29,49.8782,151,
09:46:30,49.86,170,
09:46:30,49.86,400,
09:46:31,49.87,100,
09:46:32,49.885,2000,
09:46:33,49.889,700,
09:46:33,49.88,700,
09:46:37,49.89,195,
09:46:37,49.89,100,
09:46:38,49.91,100,
09:46:41,49.93,400,
09:46:42,49.94,275,
09:46:42,49.92,100,
09:46:42,49.92,100,
09:46:42,49.94,400,
09:46:42,49.95,300,
09:46:42,49.95,200,
09:46:42,49.92,200,
09:46:42,49.92,100,
09:46:42,49.92,300,
09:46:42,49.93,230,
09:46:42,49.93,200,
09:46:42,49.93,300,
09:46:42,49.93,500,
09:46:42,49.93,300,
09:46:42,49.93,300,
09:46:43,49.95,500,
09:46:43,49.95,300,
09:46:43,49.96,100,
09:46:43,49.96,700,
09:46:43,49.96,400,
09:46:44,49.94,300,
09:46:44,49.95,100,
09:46:44,49.95,100,
09:46:44,49.95,230,
09:46:44,49.95,100,
09:46:44,49.95,100,
09:46:44,49.95,100,
09:46:44,49.95,100,
09:46:44,49.95,100,
09:46:45,49.94,200,
09:46:45,49.94,100,
09:46:45,49.95,1900,
09:46:48,49.969,200,
09:46:48,49.941,150,
09:46:48,49.94,700,
09:46:49,49.95,100,
09:46:49,49.95,100,
09:46:49,49.95,200,
09:46:51,49.94,1000,
09:46:51,49.94,200,
09:46:53,49.93,185,
09:46:53,49.91,100,
09:46:54,49.905,700,
09:46:55,49.91,700,
09:46:56,49.8959,1200,
09:46:58,49.8903,100,
09:46:58,49.89,300,
09:46:58,49.905,500,
09:47:00,49.95,100,
09:47:00,49.95,100,
09:47:00,49.9582,300,
09:47:00,49.9582,100,
09:47:00,49.96,100,
09:47:02,49.93,300,
09:47:05,49.96,100,
09:47:05,49.9582,100,
09:47:05,49.9582,100,
09:47:05,49.9599,100,
09:47:06,49.957,2500,
09:47:06,49.94,200,
09:47:12,49.946,200,
09:47:12,49.946,100,
09:47:13,49.95,180,
09:47:14,49.931,300,
09:47:16,49.89,166,
09:47:17,49.89,2400,
09:47:18,49.89,100,
09:47:18,49.87,285,
09:47:20,49.871,400,
09:47:22,49.88,100,
09:47:22,49.88,200,
09:47:22,49.85,200,
09:47:22,49.86,100,
09:47:22,49.87,300,
09:47:22,49.89,100,
09:47:22,49.86,100,
09:47:22,49.85,1724,
09:47:22,49.89,100,
09:47:22,49.89,100,
09:47:22,49.89,100,
09:47:22,49.91,300,
09:47:22,49.91,300,
09:47:22,49.91,100,
09:47:22,49.91,100,
09:47:22,49.91,100,
09:47:22,49.91,100,
09:47:23,49.90,370,
09:47:24,49.905,1000,
09:47:24,49.881,500,
09:47:30,49.93,800,
09:47:30,49.93,500,
09:47:30,49.93,100,
09:47:30,49.93,100,
09:47:30,49.93,100,
09:47:31,49.93,100,
09:47:31,49.92,130,
09:47:43,49.90,200,
09:47:43,49.89,400,
09:47:43,49.89,300,
09:47:48,49.88,100,
09:47:51,49.8318,500,
09:47:51,49.87,170,
09:47:53,49.85,200,
09:47:53,49.85,200,
09:47:55,49.8239,700,
09:47:55,49.83,400,
09:47:55,49.84,500,
09:47:55,49.84,200,
09:48:00,49.839,610,
09:48:02,49.82,100,
09:48:02,49.82,392,
09:48:02,49.81,100,
09:48:02,49.80,250,
09:48:03,49.80,910,
09:48:03,49.79,800,
09:48:03,49.792,100,
09:48:03,49.79,200,
09:48:05,49.80,122,
09:48:07,49.81,300,
09:48:11,49.834,1000,
09:48:14,49.83,100,
09:48:14,49.829,100,
09:48:15,49.836,400,
09:48:18,49.85,100,
09:48:21,49.8282,500,
09:48:22,49.83,350,
09:48:22,49.8289,230,
09:48:33,49.8499,250,
09:48:33,49.80,200,
09:48:37,49.85,100,
09:48:42,49.803,2500,
09:48:42,49.81,290,
09:48:42,49.81,100,
09:48:43,49.78,100,
09:48:44,49.785,500,
09:48:46,49.781,200,
09:48:52,49.7999,200,
09:48:54,49.77,400,
09:49:06,49.77,200,
09:49:14,49.82,200,
09:49:15,49.82,100,
09:49:15,49.83,230,
09:49:15,49.84,100,
09:49:20,49.8689,800,
09:49:29,49.83,500,
09:49:31,49.84,100,
09:49:31,49.8597,500,
09:49:33,49.90,100,
09:49:34,49.90,170,
09:49:35,49.90,1100,
09:49:36,49.89,700,
09:49:36,49.89,400,
09:49:40,49.89,270,
09:49:40,49.8999,1900,
09:49:45,49.89,700,
09:49:45,49.88,300,
09:49:46,49.92,1100,
09:49:47,49.91,200,
09:49:48,49.9299,250,
09:49:51,49.92,300,
09:49:51,49.92,100,
09:49:53,49.92,156,
09:49:53,49.92,157,
09:49:53,49.93,200,
09:49:53,49.94,100,
09:49:54,49.92,400,
09:49:57,49.95,100,
09:49:58,49.95,103,
09:49:58,49.95,103,
09:49:58,49.94,200,
09:49:58,49.94,300,
09:49:58,49.94,300,
09:49:58,49.99,2000,
09:49:58,49.98,180,
09:49:58,49.98,300,
09:49:58,49.98,100,
09:49:58,49.98,100,
09:49:58,49.98,220,
09:49:58,49.99,200,
09:49:58,49.98,100,
09:49:58,49.99,100,
09:49:58,49.99,200,
09:49:58,49.98,100,
09:49:59,50,100,
09:49:59,50,400,
09:49:59,49.9911,500,
09:50:00,49.98,300,
09:50:00,49.98,200,
09:50:00,49.9611,700,
09:50:00,49.99,230,
09:50:00,49.9999,200,
09:50:00,49.999,100,
09:50:00,50,100,
09:50:00,50,100,
09:50:00,49.998,405,
09:50:01,50,300,
09:50:01,50.02,200,
09:50:01,50,300,
09:50:01,50,100,
09:50:01,50,630,
09:50:01,50,200,
09:50:02,50.01,207,
09:50:02,50.025,100,
09:50:02,49.94,100,
09:50:02,50.04,100,
09:50:06,50.05,100,
09:50:06,50.05,100,
09:50:07,50.0482,100,
09:50:08,50.0595,1000,
09:50:10,50.05,270,
09:50:10,50.05,230,
09:50:10,50.05,800,
09:50:10,50.07,500,
09:50:11,50.06,300,
09:50:11,50.06,300,
09:50:11,50.05,400,
09:50:11,50.05,100,
09:50:16,50.07,100,
09:50:18,50.09,150,
09:50:19,50.10,100,
09:50:20,50.10,400,
09:50:20,50.0982,600,
09:50:20,50.10,135,
09:50:21,50.0942,100,
09:50:21,50.10,300,
09:50:23,50.0801,6000,
09:50:23,50.0811,200,
09:50:23,50.0801,100,
09:50:23,50.0811,100,
09:50:23,50.08,100,
09:50:23,50.0982,500,
09:50:28,50.095,500,
09:50:29,50.12,100,
09:50:29,50.1182,100,
09:50:29,50.12,200,
09:50:29,50.1182,283,
09:50:30,50.12,100,
09:50:30,50.12,5000,
09:50:30,50.119,100,
09:50:30,50.119,200,
09:50:34,50.14,400,
09:50:34,50.1641,920,
09:50:34,50.18,170,
09:50:34,50.18,400,
09:50:34,50.20,400,
09:50:34,50.1982,200,
09:50:34,50.2001,100,
09:50:35,50.2198,100,
09:50:35,50.22,200,
09:50:35,50.22,200,
09:50:36,50.204,1000,
09:50:36,50.216,500,
09:50:37,50.22,100,
09:50:39,50.23,700,
09:50:39,50.23,162,
09:50:41,50.222,500,
09:50:42,50.239,100,
09:50:42,50.24,500,
09:50:43,50.24,300,
09:50:44,50.22,400,
09:50:44,50.21,100,
09:50:45,50.21,100,
09:50:46,50.25,366,
09:50:46,50.2309,400,
09:50:46,50.231,1000,
09:50:46,50.2442,200,
09:50:47,50.2482,100,
09:50:47,50.25,100,
09:50:47,50.2482,100,
09:50:47,50.2482,100,
09:50:47,50.2482,100,
09:50:47,50.24,200,
09:50:47,50.24,200,
09:50:47,50.25,200,
09:50:47,50.25,300,
09:50:48,50.24,350,
09:50:48,50.23,700,
09:50:48,50.2301,7856,
09:50:49,50.245,1000,
09:50:49,50.234,800,
09:50:51,50.26,200,
09:50:52,50.2601,800,
09:50:52,50.27,300,
09:50:53,50.26,100,
09:50:54,50.2582,100,
09:50:54,50.27,100,
09:50:54,50.2582,100,
09:50:54,50.2582,100,
09:50:54,50.2799,100,
09:50:56,50.25,230,
09:50:56,50.23,500,
09:51:00,50.21,200,
09:51:00,50.21,200,
09:51:00,50.21,400,
09:51:02,50.21,200,
09:51:03,50.2171,100,
09:51:04,50.21,100,
09:51:05,50.22,200,
09:51:06,50.21,300,
09:51:08,50.22,400,
09:51:12,50.204,500,
09:51:12,50.216,100,
09:51:12,50.216,400,
09:51:16,50.21,100,
09:51:17,50.21,700,
09:51:17,50.21,100,
09:51:17,50.20,100,
09:51:18,50.1582,1500,
09:51:18,50.1699,500,
09:51:19,50.15,700,
09:51:19,50.13,100,
09:51:19,50.13,100,
09:51:19,50.1301,100,
09:51:19,50.13,100,
09:51:19,50.13,100,
09:51:19,50.1318,100,
09:51:22,50.13,100,
09:51:24,50.10,200,
09:51:26,50.13,230,
09:51:26,50.13,800,
09:51:30,50.126,650,
09:51:31,50.1501,200,
09:51:33,50.159,1500,
09:51:34,50.14,396,
09:51:35,50.1399,1000,
09:51:37,50.12,100,
09:51:37,50.12,230,
09:51:37,50.10,200,
09:51:38,50.11,230,
09:51:38,50.11,255,
09:51:38,50.16,100,
09:51:38,50.16,230,
09:51:38,50.16,300,
09:51:38,50.15,300,
09:51:38,50.15,200,
09:51:38,50.14,100,
09:51:38,50.14,255,
09:51:38,50.14,100,
09:51:38,50.14,100,
09:51:38,50.16,230,
09:51:38,50.16,300,
09:51:38,50.16,300,
09:51:38,50.16,100,
09:51:38,50.16,1000,
09:51:38,50.16,100,
09:51:38,50.16,100,
09:51:38,50.16,600,
09:51:38,50.16,304,
09:51:38,50.16,804,
09:51:38,50.16,600,
09:51:38,50.16,100,
09:51:38,50.16,1000,
09:51:39,50.16,1000,
09:51:39,50.16,100,
09:51:39,50.16,200,
09:51:39,50.16,500,
09:51:39,50.16,2000,
09:51:39,50.16,1500,
09:51:39,50.16,637,
09:51:39,50.16,200,
09:51:39,50.16,1000,
09:51:39,50.16,200,
09:51:39,50.16,400,
09:51:39,50.16,100,
09:51:39,50.16,200,
09:51:40,50.16,1400,
09:51:40,50.16,500,
09:51:41,50.16,500,
09:51:42,50.1671,1000,
09:51:43,50.16,500,
09:51:43,50.16,300,
09:51:43,50.16,1000,
09:51:43,50.16,1000,
09:51:43,50.16,600,
09:51:43,50.16,100,
09:51:45,50.15,300,
09:51:45,50.17,100,
09:51:46,50.1666,200,
09:51:46,50.18,300,
09:51:46,50.16,200,
09:51:46,50.17,200,
09:51:46,50.18,100,
09:51:48,50.179,600,
09:51:52,50.2112,100,
09:51:57,50.209,200,
09:52:01,50.1901,4000,
09:52:02,50.18,100,
09:52:07,50.1897,100,
09:52:09,50.205,200,
09:52:17,50.22,200,
09:52:17,50.23,230,
09:52:18,50.2299,500,
09:52:21,50.20,400,
09:52:25,50.23,300,
09:52:26,50.24,230,
09:52:26,50.23,200,
09:52:26,50.21,143,
09:52:36,50.249,100,
09:52:40,50.26,100,
09:52:40,50.25,230,
09:52:44,50.25,213,
09:52:44,50.27,100,
09:52:49,50.2782,500,
09:52:54,50.28,100,
09:52:54,50.265,1000,
09:52:57,50.25,200,
09:52:57,50.2518,100,
09:52:59,50.25,100,
09:53:00,50.27,100,
09:53:00,50.27,200,
09:53:00,50.27,700,
09:53:00,50.27,156,
09:53:01,50.2558,100,
09:53:02,50.25,700,
09:53:08,50.27,100,
09:53:09,50.25,100,
09:53:10,50.25,199,
09:53:10,50.25,300,
09:53:13,50.2301,300,
09:53:16,50.21,100,
09:53:16,50.21,700,
09:53:16,50.21,300,
09:53:16,50.20,230,
09:53:18,50.2333,500,
09:53:18,50.231,100,
09:53:18,50.232,1200,
09:53:19,50.232,1900,
09:53:21,50.211,1000,
09:53:24,50.21,300,
09:53:24,50.211,100,
09:53:24,50.23,100,
09:53:26,50.20,230,
09:53:26,50.20,100,
09:53:26,50.17,100,
09:53:26,50.19,200,
09:53:26,50.191,800,
09:53:28,50.234,1000,
09:53:29,50.17,100,
09:53:33,50.20,100,
09:53:34,50.19,634,
09:53:35,50.2101,500,
09:53:37,50.239,200,
09:53:43,50.25,100,
09:53:44,50.25,507,
09:53:46,50.26,300,
09:53:47,50.2698,200,
09:53:47,50.27,400,
09:53:47,50.27,1600,
09:53:47,50.27,300,
09:53:47,50.27,700,
09:53:47,50.26,700,
09:53:47,50.26,230,
09:53:47,50.2711,700,
09:53:50,50.25,303,
09:53:51,50.26,182,
09:53:56,50.26,234,
09:53:56,50.24,100,
09:54:00,50.23,100,
09:54:00,50.24,700,
09:54:00,50.24,200,
09:54:00,50.25,700,
09:54:00,50.23,100,
09:54:13,50.25,200,
09:54:15,50.25,100,
09:54:18,50.25,545,
09:54:18,50.24,130,
09:54:18,50.22,100,
09:54:18,50.22,100,
09:54:18,50.22,100,
09:54:18,50.21,270,
09:54:18,50.22,100,
09:54:18,50.20,100,
09:54:18,50.20,230,
09:54:18,50.20,111,
09:54:19,50.23,200,
09:54:24,50.26,175,
09:54:25,50.27,200,
09:54:25,50.27,230,
09:54:25,50.27,100,
09:54:25,50.27,100,
09:54:25,50.28,100,
09:54:25,50.28,200,
09:54:25,50.28,300,
09:54:25,50.28,900,
09:54:25,50.28,400,
09:54:25,50.28,700,
09:54:25,50.28,101,
09:54:25,50.28,300,
09:54:25,50.28,499,
09:54:25,50.28,300,
09:54:25,50.28,100,
09:54:25,50.28,100,
09:54:25,50.28,1600,
09:54:25,50.28,700,
09:54:29,50.2782,500,
09:54:29,50.28,200,
09:54:29,50.27,700,
09:54:31,50.25,571,
09:54:31,50.256,500,
09:54:33,50.26,230,
09:54:33,50.27,100,
09:54:33,50.25,700,
09:54:33,50.25,100,
09:54:33,50.25,100,
09:54:33,50.26,100,
09:54:39,50.2682,500,
09:54:42,50.2529,500,
09:54:42,50.251,700,
09:54:43,50.25,1700,
09:54:48,50.25,100,
09:54:48,50.251,100,
09:54:48,50.28,100,
09:54:49,50.28,100,
09:54:49,50.28,100,
09:54:50,50.28,100,
09:54:50,50.28,100,
09:54:50,50.28,100,
09:54:50,50.28,100,
09:54:50,50.28,100,
09:54:50,50.28,100,
09:54:53,50.24,100,
09:54:55,50.2334,500,
09:54:56,50.249,300,
09:54:56,50.249,400,
09:54:56,50.23,300,
09:54:56,50.23,200,
09:54:56,50.2499,400,
09:54:57,50.25,2500,
09:55:01,50.28,100,
09:55:02,50.28,100,
09:55:03,50.2518,500,
09:55:04,50.272,300,
09:55:06,50.28,300,
09:55:06,50.28,200,
09:55:07,50.28,100,
09:55:08,50.29,200,
09:55:08,50.30,200,
09:55:09,50.2911,300,
09:55:10,50.32,230,
09:55:10,50.34,440,
09:55:10,50.33,230,
09:55:10,50.34,240,
09:55:10,50.35,300,
09:55:10,50.34,230,
09:55:10,50.34,131,
09:55:10,50.34,238,
09:55:10,50.35,300,
09:55:10,50.35,300,
09:55:10,50.34,400,
09:55:10,50.34,230,
09:55:10,50.3575,4400,
09:55:10,50.34,2400,
09:55:10,50.36,100,
09:55:13,50.345,400,
09:55:14,50.341,300,
09:55:17,50.37,110,
09:55:20,50.3789,100,
09:55:21,50.38,340,
09:55:22,50.38,560,
09:55:22,50.3789,240,
09:55:26,50.37,100,
09:55:27,50.37,100,
09:55:27,50.37,800,
09:55:28,50.39,200,
09:55:30,50.37,255,
09:55:30,50.37,400,
09:55:30,50.36,100,
09:55:30,50.36,100,
09:55:30,50.36,1300,
09:55:34,50.39,600,
09:55:35,50.36,100,
09:55:35,50.36,230,
09:55:35,50.36,700,
09:55:35,50.36,130,
09:55:36,50.36,100,
09:55:37,50.366,2700,
09:55:40,50.3897,200,
09:55:40,50.38,200,
09:55:40,50.36,100,
09:55:42,50.364,300,
09:55:45,50.40,100,
09:55:46,50.396,280,
09:55:46,50.40,500,
09:55:46,50.40,199,
09:55:48,50.41,400,
09:55:48,50.40,275,
09:55:48,50.39,170,
09:55:48,50.40,300,
09:55:48,50.40,100,
09:55:48,50.3901,121,
09:55:48,50.38,200,
09:55:48,50.38,400,
09:55:48,50.38,230,
09:55:55,50.36,181,
09:55:55,50.32,200,
09:55:55,50.32,100,
09:55:55,50.3301,100,
09:55:58,50.34,113,
09:55:58,50.35,230,
09:55:58,50.35,400,
09:55:59,50.32,100,
09:55:59,50.32,100,
09:56:02,50.35,100,
09:56:04,50.3503,500,
09:56:06,50.335,500,
09:56:13,50.34,500,
09:56:14,50.33,400,
09:56:16,50.35,400,
09:56:20,50.3682,400,
09:56:23,50.3682,200,
09:56:30,50.36,1000,
09:56:32,50.3391,150,
09:56:34,50.34,100,
09:56:34,50.3518,980,
09:56:36,50.33,700,
09:56:37,50.33,400,
09:56:40,50.32,200,
09:56:40,50.32,300,
09:56:44,50.27,100,
09:56:44,50.26,100,
09:56:45,50.25,2400,
09:56:46,50.265,100,
09:56:47,50.26,160,
09:56:47,50.26,100,
09:56:47,50.26,100,
09:56:48,50.27,100,
09:56:48,50.27,100,
09:56:50,50.2602,2500,
09:56:52,50.2603,400,
09:56:56,50.27,100,
09:56:56,50.26,100,
09:56:58,50.299,300,
09:57:03,50.29,140,
09:57:03,50.29,230,
09:57:03,50.29,300,
09:57:03,50.31,230,
09:57:05,50.29,230,
09:57:06,50.29,400,
09:57:13,50.28,100,
09:57:13,50.28,100,
09:57:16,50.26,230,
09:57:16,50.26,146,
09:57:17,50.2418,100,
09:57:17,50.24,300,
09:57:17,50.24,100,
09:57:19,50.225,100,
09:57:21,50.2218,200,
09:57:21,50.2218,100,
09:57:21,50.2218,100,
09:57:24,50.25,500,
09:57:26,50.26,200,
09:57:27,50.25,230,
09:57:27,50.25,800,
09:57:28,50.251,200,
09:57:29,50.28,100,
09:57:29,50.28,100,
09:57:29,50.28,200,
09:57:29,50.29,230,
09:57:29,50.30,170,
09:57:29,50.30,100,
09:57:29,50.27,100,
09:57:29,50.27,100,
09:57:29,50.28,600,
09:57:29,50.27,100,
09:57:29,50.27,100,
09:57:29,50.27,800,
09:57:29,50.31,230,
09:57:29,50.31,100,
09:57:29,50.30,300,
09:57:29,50.31,230,
09:57:29,50.3102,100,
09:57:32,50.3159,1000,
09:57:33,50.33,800,
09:57:39,50.35,100,
09:57:39,50.33,100,
09:57:39,50.33,200,
09:57:44,50.38,100,
09:57:44,50.38,801,
09:57:48,50.36,100,
09:57:51,50.35,200,
09:57:51,50.3501,100,
09:57:55,50.34,700,
09:58:00,50.33,200,
09:58:00,50.36,100,
09:58:00,50.35,200,
09:58:07,50.369,200,
09:58:08,50.36,100,
09:58:08,50.36,100,
09:58:13,50.36,100,
09:58:15,50.38,100,
09:58:15,50.38,100,
09:58:16,50.379,300,
09:58:18,50.365,128,
09:58:18,50.38,300,
09:58:22,50.3601,500,
09:58:23,50.37,1200,
09:58:24,50.38,400,
09:58:33,50.39,198,
09:58:38,50.41,100,
09:58:39,50.42,100,
09:58:40,50.396,1200,
09:58:42,50.41,100,
09:58:43,50.4041,500,
09:58:44,50.42,2265,
09:58:46,50.38,298,
09:58:46,50.36,300,
09:58:46,50.38,100,
09:58:46,50.371,500,
09:58:47,50.381,100,
09:58:48,50.39,100,
09:58:49,50.35,100,
09:58:54,50.3418,200,
09:58:55,50.42,200,
09:58:55,50.42,200,
09:58:55,50.43,400,
09:58:55,50.42,411,
09:58:55,50.45,100,
09:58:55,50.45,100,
09:58:55,50.45,100,
09:58:55,50.45,100,
09:58:55,50.45,100,
09:58:56,50.45,100,
09:58:58,50.44,100,
09:58:58,50.423,2000,
09:58:58,50.4211,100,
09:58:58,50.4211,100,
09:58:58,50.42,100,
09:58:58,50.42,200,
09:58:58,50.42,100,
09:59:01,50.45,300,
09:59:06,50.46,100,
09:59:06,50.46,100,
09:59:06,50.47,300,
09:59:08,50.47,100,
09:59:10,50.47,100,
09:59:10,50.48,100,
09:59:10,50.48,100,
09:59:12,50.47,600,
09:59:12,50.47,300,
09:59:13,50.48,500,
09:59:13,50.47,500,
09:59:14,50.48,300,
09:59:16,50.474,400,
09:59:17,50.47,700,
09:59:17,50.47,300,
09:59:17,50.47,100,
09:59:19,50.4882,1000,
09:59:19,50.47,200,
09:59:19,50.47,100,
09:59:19,50.47,200,
09:59:19,50.47,100,
09:59:21,50.4728,100,
09:59:22,50.49,100,
09:59:22,50.49,300,
09:59:22,50.50,100,
09:59:22,50.50,100,
09:59:22,50.4901,400,
09:59:22,50.50,100,
09:59:22,50.50,100,
09:59:22,50.50,370,
09:59:22,50.53,400,
09:59:23,50.54,200,
09:59:23,50.54,100,
09:59:23,50.54,200,
09:59:23,50.55,200,
09:59:23,50.55,300,
09:59:24,50.56,300,
09:59:24,50.56,500,
09:59:24,50.57,150,
09:59:25,50.589,250,
09:59:25,50.57,700,
09:59:28,50.57,100,
09:59:28,50.57,600,
09:59:28,50.57,300,
09:59:28,50.57,200,
09:59:29,50.58,200,
09:59:29,50.58,100,
09:59:32,50.57,700,
09:59:33,50.56,200,
09:59:34,50.5601,100,
09:59:34,50.59,100,
09:59:35,50.5618,1000,
09:59:36,50.57,100,
09:59:36,50.54,200,
09:59:38,50.50,100,
09:59:38,50.51,100,
09:59:42,50.55,100,
09:59:42,50.57,195,
09:59:43,50.51,500,
09:59:49,50.58,100,
09:59:49,50.60,300,
09:59:49,50.60,100,
09:59:49,50.63,300,
09:59:49,50.63,200,
09:59:49,50.63,400,
09:59:49,50.60,100,
09:59:49,50.60,100,
09:59:49,50.62,800,
09:59:49,50.62,200,
09:59:49,50.60,200,
09:59:49,50.62,400,
09:59:49,50.61,300,
09:59:49,50.60,100,
09:59:49,50.60,200,
09:59:49,50.60,500,
09:59:49,50.60,100,
09:59:49,50.62,100,
09:59:49,50.62,100,
09:59:49,50.62,500,
09:59:49,50.62,200,
09:59:49,50.62,100,
09:59:49,50.60,200,
09:59:49,50.62,100,
09:59:49,50.62,200,
09:59:49,50.60,100,
09:59:49,50.62,300,
09:59:49,50.62,100,
09:59:49,50.62,100,
09:59:49,50.62,200,
09:59:49,50.62,100,
09:59:49,50.62,100,
09:59:49,50.59,200,
09:59:49,50.59,700,
09:59:49,50.55,200,
09:59:51,50.58,100,
09:59:51,50.585,500,
09:59:53,50.58,100,
09:59:56,50.62,100,
09:59:57,50.5926,200,
09:59:57,50.595,1200,
09:59:57,50.59,600,
09:59:57,50.59,100,
09:59:58,50.60,100,
09:59:58,50.60,200,
09:59:58,50.60,100,
09:59:58,50.60,100,
09:59:59,50.5942,100,
10:00:01,50.59,400,
10:00:02,50.5901,100,
10:00:02,50.5911,100,
10:00:03,50.591,100,
10:00:04,50.5911,800,
10:00:07,50.62,300,
10:00:11,50.60,100,
10:00:12,50.59,400,
10:00:12,50.58,200,
10:00:13,50.57,470,
10:00:14,50.55,700,
10:00:14,50.53,400,
10:00:14,50.51,400,
10:00:14,50.51,100,
10:00:14,50.49,100,
10:00:19,50.55,100,
10:00:20,50.57,100,
10:00:20,50.60,100,
10:00:20,50.59,400,
10:00:20,50.60,700,
10:00:20,50.60,100,
10:00:22,50.60,200,
10:00:25,50.6002,2500,
10:00:25,50.61,100,
10:00:25,50.61,100,
10:00:25,50.61,100,
10:00:26,50.61,700,
10:00:26,50.63,100,
10:00:26,50.63,100,
10:00:26,50.63,100,
10:00:26,50.63,100,
10:00:27,50.67,100,
10:00:27,50.65,200,
10:00:29,50.67,411,
10:00:29,50.66,700,
10:00:30,50.69,100,
10:00:30,50.70,100,
10:00:30,50.69,300,
10:00:30,50.68,100,
10:00:30,50.68,500,
10:00:31,50.70,200,
10:00:31,50.69,100,
10:00:31,50.7099,960,
10:00:32,50.67,200,
10:00:32,50.65,100,
10:00:33,50.70,100,
10:00:33,50.71,300,
10:00:34,50.70,400,
10:00:35,50.70,100,
10:00:37,50.6888,300,
10:00:38,50.72,500,
10:00:39,50.72,200,
10:00:39,50.72,400,
10:00:39,50.73,100,
10:00:39,50.73,200,
10:00:40,50.71,600,
10:00:40,50.71,200,
10:00:41,50.74,100,
10:00:41,50.76,100,
10:00:41,50.75,1000,
10:00:42,50.77,200,
10:00:42,50.7601,300,
10:00:42,50.73,100,
10:00:42,50.779,100,
10:00:43,50.78,100,
10:00:43,50.78,500,
10:00:43,50.79,600,
10:00:43,50.78,1100,
10:00:43,50.80,100,
10:00:43,50.80,100,
10:00:43,50.80,100,
10:00:43,50.80,220,
10:00:43,50.80,200,
10:00:43,50.7901,100,
10:00:47,50.79,100,
10:00:48,50.796,500,
10:00:49,50.78,300,
10:00:49,50.78,100,
10:00:50,50.78,300,
10:00:50,50.77,700,
10:00:50,50.77,300,
10:00:51,50.77,100,
10:00:51,50.77,200,
10:00:51,50.77,400,
10:00:51,50.77,400,
10:00:51,50.76,100,
10:00:51,50.76,300,
10:00:51,50.76,100,
10:00:51,50.76,100,
10:00:53,50.77,500,
10:00:56,50.79,100,
10:00:58,50.76,332,
10:00:58,50.765,181,
10:00:58,50.765,332,
10:00:58,50.755,700,
10:00:58,50.755,400,
10:00:58,50.755,700,
10:00:58,50.75,700,
10:00:58,50.79,100,
10:01:00,50.74,100,
10:01:01,50.72,300,
10:01:01,50.7201,500,
10:01:02,50.72,400,
10:01:02,50.72,300,
10:01:09,50.75,100,
10:01:09,50.75,300,
10:01:09,50.75,100,
10:01:12,50.76,194,
10:01:12,50.76,300,
10:01:12,50.76,106,
10:01:12,50.78,400,
10:01:12,50.78,200,
10:01:12,50.80,300,
10:01:12,50.78,200,
10:01:12,50.78,100,
10:01:12,50.78,300,
10:01:12,50.80,100,
10:01:12,50.80,500,
10:01:12,50.80,400,
10:01:12,50.80,400,
10:01:13,50.80,180,
10:01:16,50.81,200,
10:01:16,50.85,2000,
10:01:16,50.85,400,
10:01:16,50.84,100,
10:01:16,50.86,100,
10:01:16,50.83,400,
10:01:16,50.85,400,
10:01:16,50.84,100,
10:01:16,50.86,200,
10:01:17,50.84,100,
10:01:17,50.84,100,
10:01:17,50.8418,200,
10:01:17,50.8418,100,
10:01:17,50.84,100,
10:01:17,50.8418,100,
10:01:17,50.8418,100,
10:01:19,50.87,600,
10:01:19,50.88,100,
10:01:19,50.88,100,
10:01:19,50.88,200,
10:01:19,50.88,400,
10:01:19,50.88,100,
10:01:19,50.88,200,
10:01:19,50.88,100,
10:01:19,50.90,200,
10:01:19,50.88,100,
10:01:19,50.88,100,
10:01:19,50.88,100,
10:01:19,50.90,100,
10:01:19,50.90,100,
10:01:19,50.90,100,
10:01:19,50.91,200,
10:01:19,50.88,200,
10:01:19,50.92,100,
10:01:19,50.92,200,
10:01:19,50.92,200,
10:01:19,50.92,100,
10:01:19,50.90,100,
10:01:19,50.88,100,
10:01:19,50.90,200,
10:01:19,50.88,100,
10:01:19,50.92,200,
10:01:19,50.89,1000,
10:01:19,50.88,100,
10:01:19,50.88,100,
10:01:19,50.88,100,
10:01:19,50.88,300,
10:01:19,50.88,100,
10:01:24,50.9182,100,
10:01:25,50.89,400,
10:01:25,50.90,200,
10:01:25,50.90,400,
10:01:25,50.91,3500,
10:01:25,50.885,100,
10:01:27,50.905,150,
10:01:28,50.896,200,
10:01:28,50.90,100,
10:01:28,50.90,100,
10:01:29,50.8982,100,
10:01:29,50.8982,100,
10:01:31,50.87,600,
10:01:31,50.87,400,
10:01:33,50.88,100,
10:01:37,50.90,200,
10:01:37,50.90,200,
10:01:37,50.894,400,
10:01:39,50.87,700,
10:01:39,50.86,100,
10:01:39,50.87,100,
10:01:39,50.87,100,
10:01:41,50.876,100,
10:01:41,50.90,100,
10:01:42,50.87,200,
10:01:43,50.8501,500,
10:01:43,50.87,300,
10:01:44,50.85,100,
10:01:44,50.85,100,
10:01:44,50.85,630,
10:01:45,50.84,700,
10:01:45,50.82,100,
10:01:45,50.82,300,
10:01:45,50.83,300,
10:01:45,50.83,357,
10:01:45,50.83,300,
10:01:45,50.82,100,
10:01:45,50.81,400,
10:01:45,50.83,300,
10:01:45,50.80,348,
10:01:45,50.8001,300,
10:01:45,50.82,200,
10:01:46,50.8101,1000,
10:01:47,50.84,100,
10:01:47,50.86,100,
10:01:49,50.84,100,
10:01:50,50.84,2300,
10:01:53,50.82,600,
10:01:58,50.835,700,
10:01:58,50.82,700,
10:01:59,50.82,100,
10:01:59,50.82,100,
10:01:59,50.81,130,
10:02:00,50.81,253,
10:02:00,50.80,1753,
10:02:00,50.80,200,
10:02:02,50.81,200,
10:02:03,50.81,100,
10:02:04,50.8001,200,
10:02:05,50.82,230,
10:02:06,50.831,1200,
10:02:10,50.86,200,
10:02:11,50.85,600,
10:02:11,50.84,700,
10:02:14,50.851,100,
10:02:14,50.84,200,
10:02:14,50.85,100,
10:02:15,50.87,500,
10:02:15,50.87,300,
10:02:15,50.87,800,
10:02:15,50.84,100,
10:02:15,50.84,700,
10:02:15,50.84,130,
10:02:16,50.866,200,
10:02:19,50.859,100,
10:02:22,50.83,250,
10:02:25,50.87,100,
10:02:25,50.87,230,
10:02:25,50.87,100,
10:02:25,50.87,400,
10:02:25,50.86,230,
10:02:25,50.86,400,
10:02:25,50.86,100,
10:02:25,50.85,100,
10:02:25,50.84,700,
10:02:28,50.8542,250,
10:02:31,50.84,100,
10:02:31,50.84,100,
10:02:33,50.83,700,
10:02:33,50.82,700,
10:02:35,50.81,100,
10:02:35,50.82,255,
10:02:36,50.82,230,
10:02:36,50.82,230,
10:02:36,50.80,400,
10:02:36,50.79,100,
10:02:38,50.79,300,
10:02:38,50.79,545,
10:02:38,50.78,100,
10:02:38,50.7802,100,
10:02:38,50.78,100,
10:02:40,50.8199,500,
10:02:40,50.79,200,
10:02:41,50.79,100,
10:02:42,50.8011,100,
10:02:43,50.82,230,
10:02:44,50.83,800,
10:02:45,50.86,100,
10:02:45,50.85,200,
10:02:45,50.85,100,
10:02:45,50.85,200,
10:02:47,50.84,100,
10:02:50,50.846,150,
10:02:51,50.86,300,
10:02:51,50.84,100,
10:02:51,50.8401,100,
10:02:53,50.866,200,
10:02:53,50.8599,700,
10:02:54,50.86,300,
10:02:54,50.86,155,
10:02:55,50.88,230,
10:02:55,50.88,200,
10:02:55,50.87,200,
10:02:55,50.87,100,
10:02:55,50.87,100,
10:02:55,50.869,100,
10:02:58,50.87,700,
10:02:58,50.87,442,
10:02:58,50.87,230,
10:03:02,50.872,100,
10:03:03,50.90,150,
10:03:03,50.90,201,
10:03:03,50.90,100,
10:03:03,50.89,384,
10:03:03,50.89,230,
10:03:04,50.87,700,
10:03:05,50.88,200,
10:03:05,50.88,400,
10:03:05,50.89,200,
10:03:08,50.91,200,
10:03:09,50.90,800,
10:03:09,50.90,364,
10:03:10,50.90,400,
10:03:12,50.90,100,
10:03:13,50.9082,100,
10:03:13,50.89,230,
10:03:15,50.88,500,
10:03:21,50.87,270,
10:03:22,50.865,116,
10:03:23,50.8588,200,
10:03:24,50.85,100,
10:03:24,50.85,100,
10:03:24,50.85,1100,
10:03:27,50.8659,700,
10:03:32,50.84,124,
10:03:32,50.85,700,
10:03:33,50.8571,200,
10:03:35,50.85,200,
10:03:38,50.83,200,
10:03:41,50.865,475,
10:03:50,50.87,230,
10:03:53,50.872,1000,
10:03:53,50.88,200,
10:03:54,50.88,230,
10:03:54,50.88,302,
10:03:54,50.88,500,
10:03:54,50.90,100,
10:03:55,50.88,230,
10:03:59,50.884,500,
10:04:02,50.886,1000,
10:04:03,50.86,100,
10:04:03,50.86,100,
10:04:03,50.86,200,
10:04:04,50.86,100,
10:04:04,50.86,100,
10:04:04,50.87,2000,
10:04:08,50.864,200,
10:04:12,50.84,130,
10:04:12,50.84,300,
10:04:16,50.855,300,
10:04:22,50.8201,400,
10:04:26,50.85,100,
10:04:26,50.855,100,
10:04:26,50.86,470,
10:04:28,50.88,200,
10:04:28,50.88,300,
10:04:28,50.88,100,
10:04:28,50.88,230,
10:04:28,50.87,230,
10:04:28,50.87,300,
10:04:28,50.86,230,
10:04:28,50.86,200,
10:04:28,50.88,230,
10:04:28,50.88,245,
10:04:28,50.88,500,
10:04:28,50.90,200,
10:04:31,50.87,300,
10:04:32,50.89,300,
10:04:32,50.90,200,
10:04:32,50.90,100,
10:04:32,50.92,230,
10:04:32,50.92,400,
10:04:32,50.92,100,
10:04:32,50.92,500,
10:04:35,50.93,230,
10:04:35,50.92,200,
10:04:36,50.93,166,
10:04:36,50.94,166,
10:04:36,50.94,300,
10:04:36,50.96,200,
10:04:36,50.95,100,
10:04:37,50.9401,500,
10:04:37,50.97,400,
10:04:39,50.92,100,
10:04:40,50.94,200,
10:04:42,50.93,230,
10:04:42,50.93,700,
10:04:42,50.9399,900,
10:04:44,50.939,900,
10:04:51,50.94,100,
10:04:55,50.94,100,
10:04:55,50.94,100,
10:05:01,50.95,400,
10:05:01,50.95,100,
10:05:01,50.95,100,
10:05:02,50.96,100,
10:05:05,50.96,300,
10:05:05,50.945,400,
10:05:08,50.9512,100,
10:05:08,50.93,300,
10:05:10,50.92,100,
10:05:11,50.92,100,
10:05:13,50.91,136,
10:05:13,50.91,200,
10:05:13,50.91,100,
10:05:14,50.9001,700,
10:05:14,50.90,400,
10:05:17,50.85,100,
10:05:18,50.8583,100,
10:05:18,50.8588,300,
10:05:23,50.84,150,
10:05:23,50.88,400,
10:05:24,50.8318,400,
10:05:24,50.8318,200,
10:05:24,50.83,400,
10:05:24,50.83,200,
10:05:24,50.83,100,
10:05:28,50.8229,210,
10:05:28,50.8106,100,
10:05:28,50.81,100,
10:05:28,50.81,100,
10:05:28,50.81,200,
10:05:28,50.8101,100,
10:05:28,50.8101,100,
10:05:30,50.8299,200,
10:05:30,50.83,100,
10:05:30,50.81,100,
10:05:31,50.8001,105,
10:05:31,50.82,200,
10:05:32,50.8202,2000,
10:05:35,50.79,100,
10:05:35,50.7999,500,
10:05:36,50.78,320,
10:05:36,50.78,200,
10:05:37,50.76,600,
10:05:39,50.7818,1200,
10:05:41,50.804,100,
10:05:42,50.80,106,
10:05:42,50.81,100,
10:05:42,50.81,230,
10:05:43,50.7959,1000,
10:05:45,50.7944,100,
10:05:48,50.84,100,
10:05:50,50.8101,1000,
10:05:55,50.82,100,
10:05:55,50.821,100,
10:05:56,50.821,100,
10:06:04,50.83,200,
10:06:05,50.85,130,
10:06:05,50.86,100,
10:06:06,50.87,160,
10:06:08,50.88,400,
10:06:09,50.89,300,
10:06:11,50.8901,1000,
10:06:16,50.9001,300,
10:06:16,50.90,200,
10:06:16,50.90,100,
10:06:16,50.89,100,
10:06:16,50.89,200,
10:06:18,50.93,230,
10:06:18,50.93,400,
10:06:20,50.92,164,
10:06:23,50.94,200,
10:06:23,50.95,200,
10:06:23,50.96,400,
10:06:23,50.96,100,
10:06:23,50.97,100,
10:06:24,50.96,700,
10:06:24,50.95,700,
10:06:24,50.95,200,
10:06:26,50.95,300,
10:06:27,50.95,138,
10:06:30,50.95,200,
10:06:31,50.95,100,
10:06:31,50.95,400,
10:06:32,50.951,100,
10:06:34,50.9441,800,
10:06:35,50.936,500,
10:06:36,50.9471,600,
10:06:38,50.946,400,
10:06:43,50.93,700,
10:06:43,50.92,100,
10:06:51,50.89,100,
10:06:52,50.88,100,
10:06:55,50.8799,1000,
10:06:55,50.88,230,
10:06:58,50.88,100,
10:06:58,50.90,400,
10:06:58,50.90,200,
10:06:58,50.90,300,
10:06:58,50.88,300,
10:06:58,50.88,700,
10:06:58,50.90,100,
10:06:58,50.88,700,
10:06:58,50.88,100,
10:06:58,50.87,300,
10:06:58,50.90,700,
10:06:58,50.90,100,
10:06:58,50.89,300,
10:06:58,50.89,100,
10:06:59,50.87,200,
10:06:59,50.87,100,
10:06:59,50.88,100,
10:06:59,50.88,200,
10:06:59,50.87,300,
10:06:59,50.88,100,
10:06:59,50.88,100,
10:06:59,50.88,100,
10:07:08,50.89,100,
10:07:08,50.89,230,
10:07:08,50.90,1400,
10:07:08,50.90,600,
10:07:08,50.93,130,
10:07:08,50.93,230,
10:07:08,50.92,100,
10:07:08,50.95,100,
10:07:08,50.95,100,
10:07:08,50.95,300,
10:07:08,50.94,205,
10:07:08,50.94,130,
10:07:08,50.95,600,
10:07:08,50.95,300,
10:07:10,50.93,100,
10:07:12,50.95,100,
10:07:12,50.93,100,
10:07:12,50.93,700,
10:07:12,50.93,160,
10:07:12,50.93,100,
10:07:14,50.90,200,
10:07:14,50.90,230,
10:07:16,50.929,100,
10:07:19,50.91,100,
10:07:20,50.91,500,
10:07:20,50.89,100,
10:07:21,50.91,100,
10:07:21,50.91,100,
10:07:29,50.891,1500,
10:07:36,50.8899,250,
10:07:40,50.90,100,
10:07:41,50.8899,200,
10:08:00,50.8901,100,
10:08:00,50.89,100,
10:08:00,50.89,600,
10:08:00,50.89,700,
10:08:00,50.89,300,
10:08:03,50.93,100,
10:08:03,50.93,100,
10:08:05,50.91,170,
10:08:13,50.8902,700,
10:08:16,50.9024,2500,
10:08:21,50.88,100,
10:08:22,50.88,200,
10:08:22,50.87,100,
10:08:22,50.87,230,
10:08:22,50.87,200,
10:08:22,50.87,300,
10:08:23,50.881,100,
10:08:25,50.89,130,
10:08:25,50.89,300,
10:08:26,50.8814,200,
10:08:29,50.87,400,
10:08:29,50.874,100,
10:08:31,50.87,300,
10:08:34,50.87,200,
10:08:35,50.8758,100,
10:08:41,50.89,100,
10:08:42,50.8701,100,
10:08:51,50.89,100,
10:08:51,50.89,230,
10:08:53,50.882,100,
10:08:54,50.86,100,
10:08:54,50.86,200,
10:08:56,50.85,231,
10:08:56,50.86,200,
10:09:00,50.88,230,
10:09:00,50.88,230,
10:09:02,50.865,500,
10:09:05,50.875,100,
10:09:10,50.86,100,
10:09:11,50.8509,150,
10:09:13,50.8601,400,
10:09:14,50.85,100,
10:09:18,50.85,300,
10:09:18,50.8509,1100,
10:09:22,50.86,300,
10:09:28,50.86,400,
10:09:36,50.85,300,
10:09:37,50.84,230,
10:09:37,50.81,230,
10:09:37,50.80,200,
10:09:39,50.815,400,
10:09:40,50.80,100,
10:09:40,50.80,100,
10:09:41,50.84,100,
10:09:42,50.85,200,
10:09:44,50.85,200,
10:09:45,50.83,300,
10:09:48,50.83,100,
10:09:50,50.80,100,
10:09:50,50.80,100,
10:09:50,50.794,200,
10:09:53,50.804,100,
10:09:54,50.80,400,
10:09:54,50.78,100,
10:09:54,50.78,100,
10:09:54,50.78,100,
10:09:54,50.79,230,
10:09:54,50.77,170,
10:09:54,50.77,200,
10:09:54,50.76,230,
10:09:54,50.75,100,
10:09:55,50.78,300,
10:09:56,50.79,200,
10:09:56,50.76,160,
10:09:56,50.75,300,
10:09:56,50.74,400,
10:09:56,50.75,230,
10:09:56,50.75,100,
10:09:56,50.73,276,
10:09:57,50.72,500,
10:09:57,50.74,100,
10:10:00,50.7459,1100,
10:10:01,50.76,230,
10:10:01,50.744,400,
10:10:04,50.78,1000,
10:10:05,50.81,230,
10:10:05,50.82,230,
10:10:06,50.81,925,
10:10:07,50.83,230,
10:10:07,50.83,400,
10:10:08,50.82,100,
10:10:09,50.815,400,
10:10:14,50.84,400,
10:10:15,50.8497,100,
10:10:15,50.85,200,
10:10:15,50.85,230,
10:10:15,50.85,400,
10:10:18,50.85,100,
10:10:18,50.85,100,
10:10:20,50.86,300,
10:10:20,50.86,230,
10:10:20,50.848,100,
10:10:22,50.87,100,
10:10:26,50.90,400,
10:10:26,50.91,100,
10:10:26,50.91,100,
10:10:30,50.91,400,
10:10:32,50.896,100,
10:10:36,50.91,100,
10:10:41,50.92,400,
10:10:42,50.931,111,
10:10:44,50.95,200,
10:10:45,50.98,100,
10:10:46,50.98,100,
10:10:46,50.9871,100,
10:10:46,50.98,200,
10:10:46,50.97,150,
10:10:47,50.98,470,
10:10:48,50.981,1000,
10:10:49,50.97,700,
10:10:52,50.97,300,
10:10:54,50.989,500,
10:11:00,50.97,400,
10:11:02,50.95,200,
10:11:02,50.98,100,
10:11:05,50.95,100,
10:11:05,50.95,100,
10:11:08,50.99,100,
10:11:08,50.99,100,
10:11:10,50.99,150,
10:11:11,50.991,100,
10:11:11,50.992,100,
10:11:12,50.99,199,
10:11:14,50.99,100,
10:11:14,50.99,230,
10:11:14,51,100,
10:11:15,50.98,230,
10:11:15,50.98,100,
10:11:15,50.971,100,
10:11:16,51,300,
10:11:16,50.99,100,
10:11:16,50.99,300,
10:11:17,50.99,700,
10:11:17,51,499,
10:11:17,51,126,
10:11:18,50.999,300,
10:11:18,50.999,100,
10:11:19,50.989,2000,
10:11:20,50.99,230,
10:11:20,51,150,
10:11:20,51,5591,
10:11:20,51,100,
10:11:20,51,100,
10:11:20,51,105,
10:11:20,51,460,
10:11:20,51,230,
10:11:20,51,800,
10:11:21,50.986,1650,
10:11:23,51.02,400,
10:11:23,51.0199,100,
10:11:23,51.0199,400,
10:11:23,51.02,2300,
10:11:23,51,100,
10:11:23,51,130,
10:11:24,50.9982,100,
10:11:26,51.02,100,
10:11:27,51.04,2100,
10:11:29,51.0235,400,
10:11:31,51.03,200,
10:11:31,51.03,200,
10:11:31,51.03,100,
10:11:33,51.035,198,
10:11:33,51.04,100,
10:11:34,51.045,400,
10:11:37,51.03,100,
10:11:40,51.0682,250,
10:11:40,51.08,100,
10:11:40,51.08,230,
10:11:40,51.08,400,
10:11:40,51.07,230,
10:11:40,51.07,100,
10:11:40,51.09,230,
10:11:40,51.09,200,
10:11:40,51.11,100,
10:11:40,51.12,200,
10:11:42,51.11,500,
10:11:43,51.10,100,
10:11:43,51.09,500,
10:11:49,51.11,200,
10:11:50,51.1399,500,
10:11:51,51.1342,100,
10:11:52,51.12,500,
10:11:52,51.12,800,
10:11:54,51.10,500,
10:11:54,51.10,200,
10:11:58,51.08,100,
10:11:58,51.04,400,
10:11:58,51.03,100,
10:11:59,51.0398,2500,
10:11:59,51.05,230,
10:11:59,51.05,100,
10:12:01,51.055,244,
10:12:03,51.08,200,
10:12:04,51.05,230,
10:12:04,51.0518,230,
10:12:04,51.0518,540,
10:12:05,51.07,300,
10:12:06,51.0488,800,
10:12:07,51.0389,410,
10:12:07,51.03,230,
10:12:07,51.035,300,
10:12:07,51.045,2000,
10:12:08,51.06,230,
10:12:10,51.065,750,
10:12:12,51.10,190,
10:12:13,51.09,305,
10:12:21,51.09,300,
10:12:21,51.0899,200,
10:12:23,51.0651,500,
10:12:23,51.075,400,
10:12:29,51.0812,100,
10:12:30,51.09,103,
10:12:32,51.08,300,
10:12:32,51.08,100,
10:12:32,51.08,100,
10:12:33,51.104,100,
10:12:34,51.095,300,
10:12:36,51.104,100,
10:12:45,51.1082,100,
10:12:58,51.09,160,
10:12:58,51.09,230,
10:12:58,51.08,400,
10:12:58,51.08,170,
10:12:58,51.07,100,
10:12:58,51.08,200,
10:13:01,51.0889,300,
10:13:05,51.1042,360,
10:13:14,51.109,100,
10:13:14,51.09,164,
10:13:14,51.07,507,
10:13:14,51.07,200,
10:13:15,51.106,500,
10:13:17,51.08,230,
10:13:17,51.08,230,
10:13:18,51.09,200,
10:13:19,51.0899,1000,
10:13:23,51.07,300,
10:13:27,51.052,300,
10:13:32,51.046,100,
10:13:33,51.025,320,
10:13:36,51.07,100,
10:13:41,51.075,500,
10:13:47,51.102,2700,
10:13:52,51.09,200,
10:13:55,51.07,100,
10:14:04,51.08,100,
10:14:04,51.0865,300,
10:14:04,51.07,100,
10:14:04,51.075,100,
10:14:04,51.075,500,
10:14:08,51.0901,100,
10:14:09,51.10,400,
10:14:12,51.13,300,
10:14:18,51.1201,350,
10:14:19,51.14,400,
10:14:19,51.1382,400,
10:14:19,51.14,500,
10:14:24,51.13,100,
10:14:27,51.11,230,
10:14:27,51.11,400,
10:14:27,51.11,170,
10:14:27,51.11,230,
10:14:29,51.11,420,
10:14:31,51.13,100,
10:14:36,51.1201,100,
10:14:37,51.14,100,
10:14:37,51.14,300,
10:14:42,51.12,200,
10:14:42,51.121,500,
10:14:44,51.1398,100,
10:14:46,51.12,200,
10:14:46,51.12,300,
10:14:46,51.12,800,
10:14:46,51.1018,100,
10:14:46,51.1401,200,
10:14:46,51.14,823,
10:14:46,51.14,199,
10:14:46,51.14,100,
10:14:46,51.14,100,
10:14:46,51.15,200,
10:14:46,51.15,100,
10:14:46,51.15,484,
10:14:46,51.16,100,
10:14:47,51.16,700,
10:14:47,51.16,100,
10:14:47,51.16,200,
10:14:48,51.16,100,
10:14:48,51.16,400,
10:14:48,51.16,100,
10:14:48,51.16,200,
10:14:48,51.16,230,
10:14:48,51.16,400,
10:14:48,51.18,400,
10:14:48,51.18,230,
10:14:49,51.1701,200,
10:14:50,51.16,100,
10:14:50,51.16,100,
10:14:50,51.16,100,
10:14:57,51.185,2700,
10:15:00,51.19,100,
10:15:00,51.20,800,
10:15:00,51.19,518,
10:15:00,51.18,500,
10:15:00,51.17,200,
10:15:00,51.18,200,
10:15:02,51.19,200,
10:15:03,51.23,300,
10:15:03,51.23,230,
10:15:03,51.23,100,
10:15:05,51.21,230,
10:15:05,51.20,700,
10:15:05,51.20,230,
10:15:05,51.20,300,
10:15:07,51.22,120,
10:15:08,51.2149,7000,
10:15:08,51.22,110,
10:15:09,51.20,100,
10:15:09,51.22,100,
10:15:09,51.21,100,
10:15:15,51.20,370,
10:15:15,51.20,300,
10:15:17,51.19,100,
10:15:17,51.20,100,
10:15:22,51.19,100,
10:15:22,51.20,100,
10:15:22,51.195,100,
10:15:22,51.1988,100,
10:15:24,51.1901,3300,
10:15:29,51.204,200,
10:15:35,51.2199,100,
10:15:39,51.23,100,
10:15:43,51.24,100,
10:15:43,51.24,200,
10:15:47,51.25,700,
10:15:48,51.25,100,
10:15:48,51.25,200,
10:15:49,51.27,100,
10:15:49,51.27,100,
10:15:49,51.28,100,
10:15:53,51.2895,3600,
10:15:54,51.2912,1000,
10:15:55,51.294,300,
10:15:58,51.30,100,
10:16:00,51.294,400,
10:16:02,51.27,131,
10:16:02,51.27,700,
10:16:02,51.27,200,
10:16:02,51.27,100,
10:16:04,51.27,700,
10:16:04,51.27,100,
10:16:04,51.27,100,
10:16:04,51.2601,4500,
10:16:06,51.279,500,
10:16:07,51.25,300,
10:16:07,51.25,230,
10:16:07,51.25,300,
10:16:07,51.27,100,
10:16:09,51.27,200,
10:16:14,51.27,100,
10:16:14,51.27,100,
10:16:14,51.2701,100,
10:16:16,51.27,400,
10:16:16,51.27,100,
10:16:17,51.29,180,
10:16:17,51.29,230,
10:16:17,51.29,400,
10:16:17,51.28,230,
10:16:17,51.28,100,
10:16:17,51.30,100,
10:16:17,51.30,100,
10:16:17,51.30,130,
10:16:17,51.30,100,
10:16:17,51.30,100,
10:16:17,51.30,300,
10:16:17,51.30,700,
10:16:17,51.30,200,
10:16:17,51.29,100,
10:16:18,51.31,680,
10:16:18,51.308,100,
10:16:21,51.291,200,
10:16:22,51.28,230,
10:16:22,51.28,400,
10:16:22,51.30,161,
10:16:27,51.28,200,
10:16:27,51.2711,100,
10:16:27,51.30,100,
10:16:27,51.28,100,
10:16:27,51.31,200,
10:16:27,51.30,200,
10:16:29,51.31,400,
10:16:29,51.33,100,
10:16:29,51.33,400,
10:16:30,51.33,100,
10:16:30,51.32,200,
10:16:32,51.30,100,
10:16:32,51.3011,100,
10:16:33,51.315,200,
10:16:36,51.31,230,
10:16:36,51.30,230,
10:16:37,51.31,100,
10:16:37,51.31,100,
10:16:37,51.31,800,
10:16:37,51.31,100,
10:16:37,51.31,100,
10:16:37,51.31,600,
10:16:37,51.32,230,
10:16:37,51.32,230,
10:16:37,51.32,200,
10:16:37,51.32,100,
10:16:37,51.32,100,
10:16:37,51.31,900,
10:16:37,51.32,460,
10:16:37,51.32,100,
10:16:37,51.31,1500,
10:16:37,51.31,100,
10:16:37,51.32,800,
10:16:37,51.29,300,
10:16:37,51.30,100,
10:16:37,51.30,100,
10:16:37,51.30,100,
10:16:37,51.29,100,
10:16:37,51.29,100,
10:16:37,51.29,230,
10:16:38,51.28,200,
10:16:38,51.28,100,
10:16:38,51.28,200,
10:16:38,51.27,100,
10:16:38,51.27,600,
10:16:38,51.27,400,
10:16:38,51.25,300,
10:16:38,51.245,500,
10:16:39,51.22,200,
10:16:39,51.22,200,
10:16:39,51.21,100,
10:16:39,51.22,400,
10:16:39,51.21,200,
10:16:39,51.2058,100,
10:16:40,51.23,230,
10:16:41,51.2001,500,
10:16:43,51.19,100,
10:16:43,51.19,100,
10:16:43,51.19,500,
10:16:43,51.19,700,
10:16:43,51.19,300,
10:16:44,51.191,100,
10:16:44,51.20,100,
10:16:44,51.23,300,
10:16:44,51.22,200,
10:16:44,51.22,200,
10:16:44,51.22,230,
10:16:44,51.21,160,
10:16:44,51.21,230,
10:16:44,51.21,400,
10:16:44,51.23,230,
10:16:44,51.23,200,
10:16:44,51.24,100,
10:16:44,51.24,230,
10:16:44,51.24,100,
10:16:44,51.25,190,
10:16:44,51.26,100,
10:16:44,51.26,200,
10:16:44,51.26,300,
10:16:44,51.26,200,
10:16:45,51.18,1000,
10:16:45,51.181,2200,
10:16:45,51.18,400,
10:16:47,51.28,200,
10:16:51,51.2758,400,
10:16:52,51.27,230,
10:16:52,51.26,100,
10:16:52,51.25,400,
10:16:52,51.25,230,
10:16:52,51.24,100,
10:16:52,51.21,300,
10:16:52,51.21,100,
10:16:54,51.24,800,
10:17:00,51.225,400,
10:17:05,51.2102,2500,
10:17:07,51.25,100,
10:17:07,51.25,100,
10:17:07,51.25,200,
10:17:07,51.25,400,
10:17:07,51.25,200,
10:17:07,51.24,100,
10:17:07,51.24,230,
10:17:07,51.26,100,
10:17:07,51.26,270,
10:17:07,51.27,200,
10:17:07,51.27,400,
10:17:07,51.27,130,
10:17:07,51.29,100,
10:17:07,51.30,100,
10:17:07,51.28,700,
10:17:07,51.30,210,
10:17:07,51.30,100,
10:17:07,51.28,170,
10:17:07,51.23,900,
10:17:07,51.23,700,
10:17:07,51.23,100,
10:17:07,51.23,100,
10:17:07,51.23,100,
10:17:07,51.27,100,
10:17:07,51.23,100,
10:17:07,51.23,200,
10:17:07,51.23,100,
10:17:08,51.23,300,
10:17:08,51.23,400,
10:17:08,51.23,100,
10:17:08,51.23,100,
10:17:08,51.24,200,
10:17:08,51.24,130,
10:17:08,51.24,400,
10:17:08,51.23,130,
10:17:08,51.23,700,
10:17:08,51.22,100,
10:17:12,51.22,100,
10:17:12,51.22,230,
10:17:12,51.2201,200,
10:17:15,51.21,230,
10:17:16,51.22,100,
10:17:16,51.22,100,
10:17:17,51.24,100,
10:17:17,51.24,200,
10:17:17,51.24,100,
10:17:20,51.27,1000,
10:17:24,51.275,250,
10:17:24,51.29,100,
10:17:24,51.30,230,
10:17:24,51.31,300,
10:17:25,51.33,300,
10:17:25,51.33,100,
10:17:25,51.33,200,
10:17:25,51.33,200,
10:17:25,51.34,100,
10:17:25,51.34,100,
10:17:29,51.35,100,
10:17:32,51.35,200,
10:17:32,51.36,300,
10:17:32,51.36,400,
10:17:32,51.36,105,
10:17:32,51.36,230,
10:17:32,51.35,100,
10:17:32,51.39,230,
10:17:32,51.38,100,
10:17:32,51.38,230,
10:17:32,51.37,300,
10:17:32,51.38,100,
10:17:32,51.39,230,
10:17:32,51.37,100,
10:17:32,51.40,100,
10:17:32,51.38,100,
10:17:32,51.38,229,
10:17:32,51.38,200,
10:17:32,51.35,100,
10:17:32,51.37,259,
10:17:32,51.38,300,
10:17:32,51.38,100,
10:17:32,51.38,300,
10:17:33,51.36,100,
10:17:33,51.37,241,
10:17:33,51.36,200,
10:17:33,51.37,100,
10:17:33,51.35,230,
10:17:33,51.35,300,
10:17:33,51.35,200,
10:17:39,51.35,700,
10:17:39,51.35,130,
10:17:39,51.35,200,
10:17:39,51.34,114,
10:17:39,51.34,200,
10:17:39,51.3378,500,
10:17:42,51.34,100,
10:17:44,51.3501,500,
10:17:47,51.39,100,
10:17:48,51.40,200,
10:17:48,51.40,300,
10:17:48,51.41,100,
10:17:48,51.40,100,
10:17:55,51.39,100,
10:17:55,51.39,230,
10:17:55,51.39,400,
10:17:55,51.39,430,
10:17:55,51.39,300,
10:17:56,51.37,200,
10:17:59,51.38,800,
10:17:59,51.38,500,
10:17:59,51.38,100,
10:18:01,51.39,200,
10:18:02,51.39,100,
10:18:03,51.39,700,
10:18:03,51.39,400,
10:18:03,51.39,200,
10:18:05,51.39,200,
10:18:10,51.399,100,
10:18:11,51.39,390,
10:18:11,51.40,1070,
10:18:11,51.37,130,
10:18:11,51.35,345,
10:18:11,51.369,100,
10:18:12,51.35,230,
10:18:13,51.3582,300,
10:18:15,51.33,200,
10:18:16,51.345,200,
10:18:21,51.33,675,
10:18:21,51.34,800,
10:18:21,51.33,323,
10:18:21,51.33,300,
10:18:21,51.34,170,
10:18:22,51.36,200,
10:18:22,51.36,1100,
10:18:22,51.36,100,
10:18:22,51.36,100,
10:18:22,51.38,230,
10:18:22,51.37,199,
10:18:22,51.38,300,
10:18:22,51.38,100,
10:18:22,51.39,160,
10:18:22,51.40,100,
10:18:22,51.40,100,
10:18:24,51.4001,200,
10:18:27,51.40,200,
10:18:27,51.40,230,
10:18:28,51.41,250,
10:18:32,51.3709,100,
10:18:38,51.39,500,
10:18:39,51.40,230,
10:18:39,51.40,100,
10:18:43,51.45,100,
10:18:43,51.44,100,
10:18:46,51.44,200,
10:18:46,51.4301,244,
10:18:46,51.4482,200,
10:18:49,51.44,250,
10:18:54,51.4599,400,
10:18:57,51.47,100,
10:19:04,51.4509,260,
10:19:05,51.45,230,
10:19:05,51.44,100,
10:19:05,51.43,230,
10:19:05,51.41,230,
10:19:05,51.40,100,
10:19:05,51.40,100,
10:19:08,51.391,200,
10:19:12,51.406,1300,
10:19:19,51.41,700,
10:19:19,51.39,230,
10:19:19,51.40,181,
10:19:20,51.4045,200,
10:19:21,51.419,100,
10:19:24,51.4311,500,
10:19:26,51.43,249,
10:19:26,51.4189,100,
10:19:29,51.43,300,
10:19:31,51.439,1500,
10:19:34,51.43,100,
10:19:46,51.43,100,
10:19:46,51.4309,600,
10:19:50,51.41,100,
10:19:51,51.41,100,
10:19:51,51.41,100,
10:19:51,51.42,100,
10:19:52,51.391,800,
10:19:53,51.39,259,
10:19:53,51.39,286,
10:19:53,51.39,145,
10:19:54,51.41,300,
10:19:56,51.405,200,
10:20:01,51.45,100,
10:20:01,51.40,2500,
10:20:01,51.46,100,
10:20:03,51.44,100,
10:20:03,51.43,200,
10:20:03,51.43,400,
10:20:03,51.40,230,
10:20:03,51.41,230,
10:20:03,51.42,160,
10:20:03,51.42,100,
10:20:03,51.45,300,
10:20:03,51.45,230,
10:20:03,51.46,100,
10:20:04,51.47,165,
10:20:04,51.46,1200,
10:20:05,51.4601,250,
10:20:08,51.49,200,
10:20:09,51.49,440,
10:20:09,51.49,230,
10:20:09,51.49,200,
10:20:09,51.49,260,
10:20:09,51.50,200,
10:20:09,51.5001,300,
10:20:09,51.50,159,
10:20:09,51.50,151,
10:20:09,51.51,300,
10:20:09,51.51,100,
10:20:09,51.50,230,
10:20:11,51.5199,300,
10:20:14,51.5098,2500,
10:20:16,51.4882,100,
10:20:16,51.51,300,
10:20:16,51.51,100,
10:20:16,51.51,170,
10:20:16,51.51,220,
10:20:16,51.51,300,
10:20:16,51.50,200,
10:20:16,51.50,230,
10:20:16,51.53,170,
10:20:16,51.52,200,
10:20:16,51.52,100,
10:20:16,51.52,200,
10:20:16,51.51,100,
10:20:16,51.51,400,
10:20:16,51.53,200,
10:20:16,51.53,230,
10:20:16,51.54,160,
10:20:16,51.54,300,
10:20:16,51.55,230,
10:20:16,51.55,130,
10:20:17,51.53,1000,
10:20:17,51.55,230,
10:20:17,51.55,100,
10:20:17,51.53,184,
10:20:17,51.53,100,
10:20:17,51.52,700,
10:20:17,51.52,100,
10:20:17,51.52,230,
10:20:17,51.52,400,
10:20:17,51.53,800,
10:20:17,51.52,300,
10:20:17,51.51,100,
10:20:17,51.51,100,
10:20:17,51.52,100,
10:20:18,51.515,400,
10:20:19,51.52,200,
10:20:20,51.5412,100,
10:20:21,51.55,100,
10:20:21,51.55,200,
10:20:21,51.54,300,
10:20:21,51.54,300,
10:20:21,51.54,100,
10:20:21,51.54,200,
10:20:21,51.58,100,
10:20:21,51.59,100,
10:20:21,51.60,300,
10:20:21,51.60,200,
10:20:21,51.59,230,
10:20:21,51.59,200,
10:20:21,51.59,200,
10:20:24,51.5701,200,
10:20:24,51.6082,683,
10:20:25,51.61,100,
10:20:26,51.60,430,
10:20:26,51.60,230,
10:20:28,51.62,100,
10:20:28,51.62,400,
10:20:28,51.63,100,
10:20:28,51.63,230,
10:20:28,51.63,300,
10:20:28,51.65,100,
10:20:30,51.65,100,
10:20:30,51.641,500,
10:20:30,51.64,300,
10:20:33,51.6159,800,
10:20:34,51.65,100,
10:20:34,51.626,200,
10:20:35,51.6082,1000,
10:20:36,51.6041,500,
10:20:36,51.59,230,
10:20:36,51.59,400,
10:20:40,51.62,119,
10:20:40,51.62,200,
10:20:43,51.64,100,
10:20:44,51.62,200,
10:20:44,51.645,1000,
10:20:49,51.66,200,
10:20:49,51.6599,900,
10:20:49,51.6599,5800,
10:20:50,51.66,200,
10:20:55,51.668,269,
10:20:55,51.6671,1000,
10:20:56,51.6618,500,
10:20:59,51.67,100,
10:20:59,51.679,100,
10:20:59,51.6611,100,
10:21:05,51.68,155,
10:21:05,51.68,300,
10:21:06,51.69,300,
10:21:06,51.70,200,
10:21:06,51.70,300,
10:21:06,51.6998,500,
10:21:07,51.66,230,
10:21:07,51.64,100,
10:21:07,51.63,200,
10:21:07,51.62,100,
10:21:07,51.62,199,
10:21:07,51.61,100,
10:21:10,51.67,100,
10:21:16,51.66,100,
10:21:18,51.66,100,
10:21:18,51.66,100,
10:21:19,51.645,300,
10:21:20,51.66,500,
10:21:22,51.63,400,
10:21:26,51.64,233,
10:21:28,51.636,100,
10:21:28,51.6102,100,
10:21:28,51.6101,100,
10:21:29,51.62,700,
10:21:29,51.62,2300,
10:21:32,51.6166,1135,
10:21:40,51.602,3000,
10:21:42,51.6001,100,
10:21:42,51.58,1000,
10:21:43,51.604,780,
10:21:45,51.60,200,
10:21:47,51.5969,100,
10:21:49,51.60,100,
10:21:51,51.60,100,
10:21:52,51.60,100,
10:21:52,51.60,100,
10:21:52,51.60,200,
10:21:53,51.6323,200,
10:21:58,51.6401,1000,
10:22:02,51.64,300,
10:22:08,51.6499,100,
10:22:16,51.6209,200,
10:22:29,51.609,100,
10:22:33,51.595,190,
10:22:39,51.60,100,
10:22:40,51.61,300,
10:22:41,51.58,700,
10:22:41,51.57,230,
10:22:41,51.57,100,
10:22:41,51.57,300,
10:22:41,51.58,100,
10:22:41,51.58,100,
10:22:42,51.58,700,
10:22:42,51.57,300,
10:22:42,51.58,300,
10:22:42,51.57,200,
10:22:42,51.57,230,
10:22:42,51.57,300,
10:22:42,51.58,700,
10:22:42,51.56,100,
10:22:42,51.56,200,
10:22:42,51.56,100,
10:22:42,51.55,100,
10:22:42,51.55,100,
10:22:42,51.55,130,
10:22:42,51.54,300,
10:22:42,51.54,100,
10:22:42,51.54,130,
10:22:42,51.53,100,
10:22:42,51.50,100,
10:22:42,51.51,100,
10:22:42,51.55,300,
10:22:42,51.51,100,
10:22:42,51.51,200,
10:22:42,51.50,200,
10:22:42,51.50,3600,
10:22:42,51.5101,300,
10:22:44,51.50,200,
10:22:44,51.50,300,
10:22:44,51.50,300,
10:22:44,51.50,100,
10:22:44,51.50,100,
10:22:44,51.50,200,
10:22:44,51.50,200,
10:22:44,51.49,100,
10:22:45,51.49,100,
10:22:45,51.48,100,
10:22:45,51.49,300,
10:22:46,51.49,259,
10:22:46,51.4701,175,
10:22:46,51.49,111,
10:22:46,51.51,400,
10:22:46,51.50,400,
10:22:46,51.51,230,
10:22:46,51.51,130,
10:22:47,51.50,300,
10:22:48,51.53,200,
10:22:48,51.53,130,
10:22:48,51.53,230,
10:22:48,51.54,100,
10:22:48,51.54,230,
10:22:48,51.55,230,
10:22:48,51.54,200,
10:22:48,51.55,1000,
10:22:50,51.55,500,
10:22:58,51.52,100,
10:23:02,51.54,200,
10:23:03,51.53,300,
10:23:03,51.5218,100,
10:23:03,51.52,300,
10:23:03,51.52,100,
10:23:05,51.5101,600,
10:23:06,51.51,500,
10:23:06,51.5261,300,
10:23:06,51.51,1200,
10:23:06,51.51,300,
10:23:08,51.5003,500,
10:23:10,51.53,200,
10:23:11,51.54,100,
10:23:11,51.54,100,
10:23:11,51.53,130,
10:23:14,51.539,150,
10:23:16,51.5001,300,
10:23:20,51.511,200,
10:23:21,51.53,100,
10:23:21,51.53,100,
10:23:21,51.53,270,
10:23:24,51.539,500,
10:23:26,51.511,100,
10:23:32,51.50,100,
10:23:34,51.51,100,
10:23:34,51.51,100,
10:23:34,51.50,100,
10:23:39,51.4882,500,
10:23:39,51.49,200,
10:23:39,51.49,100,
10:23:39,51.50,100,
10:23:39,51.51,100,
10:23:39,51.49,300,
10:23:46,51.4901,180,
10:23:47,51.51,230,
10:23:47,51.51,100,
10:23:49,51.50,100,
10:23:52,51.515,300,
10:23:56,51.50,100,
10:23:56,51.5009,600,
10:23:57,51.52,100,
10:23:57,51.53,300,
10:23:57,51.54,200,
10:23:57,51.54,200,
10:24:00,51.5417,500,
10:24:02,51.52,300,
10:24:04,51.55,100,
10:24:06,51.56,100,
10:24:06,51.56,100,
10:24:06,51.56,300,
10:24:11,51.5682,102,
10:24:15,51.55,100,
10:24:15,51.55,100,
10:24:15,51.55,100,
10:24:15,51.55,200,
10:24:22,51.5618,150,
10:24:23,51.56,100,
10:24:23,51.56,200,
10:24:23,51.56,100,
10:24:23,51.56,100,
10:24:25,51.569,100,
10:24:25,51.569,200,
10:24:27,51.53,400,
10:24:28,51.524,100,
10:24:34,51.53,200,
10:24:34,51.53,100,
10:24:34,51.5101,100,
10:24:37,51.55,300,
10:24:37,51.54,270,
10:24:37,51.54,230,
10:24:39,51.53,100,
10:24:39,51.53,400,
10:24:41,51.53,230,
10:24:41,51.53,800,
10:24:41,51.51,230,
10:24:41,51.51,400,
10:24:41,51.51,100,
10:24:41,51.51,200,
10:24:41,51.48,172,
10:24:41,51.48,200,
10:24:41,51.50,100,
10:24:48,51.501,150,
10:24:54,51.51,100,
10:24:54,51.51,300,
10:24:55,51.5001,100,
10:24:56,51.50,100,
10:24:56,51.501,100,
10:24:58,51.50,300,
10:25:00,51.4802,300,
10:25:00,51.48,1100,
10:25:01,51.484,1000,
10:25:03,51.48,300,
10:25:03,51.4802,200,
10:25:03,51.48,300,
10:25:03,51.48,100,
10:25:04,51.495,500,
10:25:06,51.4802,400,
10:25:06,51.481,300,
10:25:07,51.51,100,
10:25:07,51.50,200,
10:25:08,51.53,130,
10:25:08,51.53,230,
10:25:08,51.53,100,
10:25:14,51.54,189,
10:25:14,51.52,100,
10:25:16,51.521,100,
10:25:18,51.54,100,
10:25:23,51.54,100,
10:25:23,51.54,100,
10:25:27,51.5311,100,
10:25:27,51.5301,100,
10:25:28,51.56,100,
10:25:28,51.57,100,
10:25:28,51.57,200,
10:25:28,51.57,299,
10:25:28,51.56,104,
10:25:28,51.56,200,
10:25:28,51.56,184,
10:25:30,51.57,100,
10:25:30,51.57,400,
10:25:33,51.57,350,
10:25:35,51.589,500,
10:25:37,51.5685,2500,
10:25:37,51.58,100,
10:25:40,51.59,350,
10:25:41,51.58,100,
10:25:41,51.58,330,
10:25:42,51.59,400,
10:25:42,51.59,100,
10:25:42,51.59,130,
10:25:42,51.60,200,
10:25:43,51.591,100,
10:25:46,51.59,100,
10:25:48,51.58,100,
10:25:50,51.581,1500,
10:25:51,51.59,600,
10:26:00,51.58,100,
10:26:01,51.60,100,
10:26:01,51.60,100,
10:26:03,51.63,100,
10:26:03,51.63,230,
10:26:03,51.62,200,
10:26:03,51.62,100,
10:26:03,51.64,100,
10:26:04,51.64,300,
10:26:04,51.645,100,
10:26:04,51.64,200,
10:26:04,51.645,100,
10:26:06,51.65,300,
10:26:06,51.66,100,
10:26:07,51.6403,100,
10:26:07,51.6401,100,
10:26:07,51.64,100,
10:26:07,51.64,100,
10:26:07,51.64,600,
10:26:10,51.6653,600,
10:26:13,51.63,300,
10:26:14,51.62,100,
10:26:14,51.62,200,
10:26:14,51.63,800,
10:26:16,51.61,100,
10:26:16,51.61,200,
10:26:19,51.6001,1000,
10:26:19,51.60,400,
10:26:22,51.60,200,
10:26:24,51.6041,1000,
10:26:24,51.58,230,
10:26:24,51.58,400,
10:26:24,51.59,100,
10:26:24,51.57,230,
10:26:25,51.57,100,
10:26:25,51.57,100,
10:26:32,51.5602,800,
10:26:34,51.60,400,
10:26:34,51.60,400,
10:26:36,51.60,200,
10:26:36,51.61,100,
10:26:36,51.605,100,
10:26:36,51.615,100,
10:26:39,51.60,100,
10:26:39,51.60,100,
10:26:39,51.60,700,
10:26:39,51.59,271,
10:26:41,51.61,100,
10:26:42,51.6003,200,
10:26:42,51.60,100,
10:26:42,51.60,300,
10:26:42,51.60,100,
10:26:44,51.62,300,
10:26:45,51.62,240,
10:26:46,51.6382,300,
10:26:47,51.6258,200,
10:26:53,51.63,100,
10:26:54,51.66,100,
10:26:55,51.659,3400,
10:26:56,51.6502,2500,
10:26:58,51.67,100,
10:26:58,51.67,130,
10:26:58,51.66,100,
10:27:00,51.68,100,
10:27:00,51.69,100,
10:27:05,51.6699,500,
10:27:16,51.66,100,
10:27:16,51.66,300,
10:27:17,51.651,100,
10:27:19,51.652,400,
10:27:21,51.66,100,
10:27:21,51.67,230,
10:27:21,51.67,200,
10:27:21,51.6812,1000,
10:27:22,51.661,500,
10:27:23,51.69,200,
10:27:30,51.69,100,
10:27:34,51.6809,200,
10:27:39,51.71,200,
10:27:39,51.70,100,
10:27:39,51.71,100,
10:27:39,51.70,600,
10:27:39,51.71,200,
10:27:39,51.7001,400,
10:27:42,51.705,500,
10:27:43,51.73,230,
10:27:43,51.73,130,
10:27:43,51.73,100,
10:27:43,51.74,200,
10:27:43,51.75,200,
10:27:43,51.75,100,
10:27:44,51.75,200,
10:27:44,51.75,300,
10:27:44,51.76,300,
10:27:44,51.77,120,
10:27:44,51.77,100,
10:27:47,51.7499,100,
10:27:49,51.75,100,
10:27:52,51.74,100,
10:27:53,51.75,100,
10:28:03,51.73,200,
10:28:03,51.73,230,
10:28:04,51.74,400,
10:28:08,51.74,1000,
10:28:09,51.73,100,
10:28:11,51.7266,500,
10:28:13,51.73,100,
10:28:20,51.71,230,
10:28:24,51.715,500,
10:28:29,51.72,100,
10:28:29,51.72,400,
10:28:29,51.7202,200,
10:28:29,51.72,100,
10:28:29,51.7201,200,
10:28:29,51.7201,200,
10:28:32,51.73,100,
10:28:37,51.741,100,
10:28:39,51.755,400,
10:28:43,51.731,1000,
10:28:47,51.70,200,
10:28:49,51.71,100,
10:28:49,51.70,100,
10:28:50,51.70,200,
10:28:51,51.675,1000,
10:28:52,51.661,900,
10:28:56,51.705,100,
10:28:56,51.68,100,
10:28:56,51.685,100,
10:29:01,51.7009,210,
10:29:07,51.68,118,
10:29:07,51.68,230,
10:29:09,51.66,100,
10:29:09,51.66,700,
10:29:13,51.69,100,
10:29:20,51.70,200,
10:29:20,51.71,100,
10:29:20,51.71,200,
10:29:21,51.71,100,
10:29:21,51.71,200,
10:29:21,51.7001,100,
10:29:21,51.7011,100,
10:29:21,51.70,100,
10:29:22,51.7082,100,
10:29:29,51.7099,100,
10:29:38,51.70,200,
10:29:38,51.71,130,
10:29:41,51.71,100,
10:29:46,51.71,500,
10:29:49,51.73,100,
10:29:50,51.72,100,
10:29:51,51.71,230,
10:29:51,51.69,100,
10:29:52,51.70,230,
10:29:52,51.70,400,
10:29:52,51.71,200,
10:29:52,51.71,400,
10:29:56,51.701,500,
10:29:57,51.71,100,
10:29:57,51.73,100,
10:29:58,51.72,400,
10:30:05,51.77,100,
10:30:05,51.77,800,
10:30:14,51.765,100,
10:30:15,51.75,230,
10:30:17,51.78,337,
10:30:19,51.80,100,
10:30:22,51.7999,420,
10:30:24,51.81,100,
10:30:24,51.80,200,
10:30:24,51.80,230,
10:30:24,51.80,200,
10:30:24,51.81,130,
10:30:24,51.81,100,
10:30:24,51.83,230,
10:30:24,51.83,400,
10:30:24,51.82,230,
10:30:24,51.82,200,
10:30:24,51.85,300,
10:30:24,51.84,300,
10:30:24,51.83,200,
10:30:24,51.83,400,
10:30:24,51.87,400,
10:30:24,51.86,200,
10:30:24,51.88,200,
10:30:24,51.87,200,
10:30:24,51.88,200,
10:30:24,51.86,300,
10:30:24,51.92,100,
10:30:24,51.90,100,
10:30:24,51.93,100,
10:30:24,51.93,100,
10:30:24,51.89,100,
10:30:24,51.84,500,
10:30:24,51.89,1500,
10:30:24,51.84,100,
10:30:24,51.80,100,
10:30:24,51.87,600,
10:30:24,51.87,200,
10:30:24,51.84,200,
10:30:24,51.86,400,
10:30:24,51.87,430,
10:30:24,51.86,800,
10:30:24,51.86,400,
10:30:24,51.86,100,
10:30:24,51.8699,200,
10:30:24,51.86,200,
10:30:24,51.85,200,
10:30:24,51.85,230,
10:30:24,51.85,100,
10:30:24,51.84,100,
10:30:24,51.83,170,
10:30:24,51.83,100,
10:30:24,51.82,130,
10:30:25,51.82,130,
10:30:25,51.81,100,
10:30:25,51.83,200,
10:30:25,51.84,400,
10:30:25,51.85,100,
10:30:25,51.85,190,
10:30:25,51.85,300,
10:30:25,51.86,100,
10:30:25,51.86,400,
10:30:25,51.87,200,
10:30:25,51.87,200,
10:30:25,51.86,200,
10:30:25,51.82,600,
10:30:26,51.84,1800,
10:30:26,51.875,450,
10:30:27,51.86,140,
10:30:27,51.86,100,
10:30:27,51.86,200,
10:30:27,51.85,230,
10:30:27,51.85,400,
10:30:27,51.84,100,
10:30:27,51.84,199,
10:30:27,51.81,100,
10:30:29,51.86,300,
10:30:29,51.8742,200,
10:30:30,51.89,100,
10:30:30,51.90,230,
10:30:30,51.89,300,
10:30:30,51.90,100,
10:30:30,51.90,200,
10:30:30,51.89,200,
10:30:30,51.89,140,
10:30:30,51.89,400,
10:30:30,51.89,300,
10:30:30,51.88,200,
10:30:30,51.90,200,
10:30:30,51.9101,100,
10:30:30,51.91,300,
10:30:30,51.90,400,
10:30:32,51.87,100,
10:30:34,51.90,100,
10:30:35,51.881,200,
10:30:37,51.90,100,
10:30:40,51.91,100,
10:30:40,51.91,100,
10:30:41,51.94,130,
10:30:41,51.95,200,
10:30:41,51.94,300,
10:30:41,51.94,200,
10:30:41,51.94,200,
10:30:41,51.94,300,
10:30:41,51.94,100,
10:30:41,51.95,100,
10:30:41,51.97,300,
10:30:41,51.96,130,
10:30:41,51.9501,100,
10:30:41,51.93,100,
10:30:41,51.93,230,
10:30:41,51.93,100,
10:30:43,51.935,400,
10:30:44,51.95,100,
10:30:45,51.94,100,
10:30:45,51.94,300,
10:30:45,51.94,230,
10:30:45,51.94,200,
10:30:45,51.93,200,
10:30:45,51.93,100,
10:30:45,51.93,200,
10:30:45,51.92,600,
10:30:47,51.944,500,
10:30:50,51.97,100,
10:30:50,51.98,300,
10:30:50,51.98,500,
10:30:50,51.9875,400,
10:30:50,51.98,400,
10:30:50,51.98,200,
10:30:50,51.989,1500,
10:30:53,51.99,2300,
10:30:55,51.999,200,
10:30:56,51.97,100,
10:30:57,51.9799,100,
10:30:59,51.99,4000,
10:31:01,51.97,100,
10:31:01,51.96,230,
10:31:01,51.96,100,
10:31:01,51.95,300,
10:31:01,51.94,200,
10:31:02,51.9442,100,
10:31:04,51.9001,500,
10:31:05,51.9002,200,
10:31:05,51.914,850,
10:31:08,51.90,100,
10:31:10,51.9018,100,
10:31:11,51.9199,100,
10:31:12,51.90,193,
10:31:13,51.91,100,
10:31:15,51.91,100,
10:31:19,51.93,139,
10:31:20,51.91,800,
10:31:20,51.90,5500,
10:31:20,51.90,300,
10:31:25,51.90,318,
10:31:26,51.905,100,
10:31:27,51.88,100,
10:31:27,51.85,140,
10:31:27,51.85,230,
10:31:27,51.85,100,
10:31:27,51.86,230,
10:31:27,51.86,100,
10:31:27,51.87,230,
10:31:27,51.83,100,
10:31:27,51.85,230,
10:31:27,51.85,200,
10:31:28,51.85,1000,
10:31:33,51.88,100,
10:31:34,51.89,100,
10:31:36,51.86,200,
10:31:36,51.88,230,
10:31:40,51.90,400,
10:31:40,51.90,300,
10:31:40,51.90,100,
10:31:40,51.90,100,
10:31:42,51.89,300,
10:31:42,51.87,230,
10:31:42,51.87,230,
10:31:43,51.87,230,
10:31:43,51.87,400,
10:31:43,51.87,200,
10:31:45,51.86,100,
10:31:46,51.86,230,
10:31:46,51.86,200,
10:31:46,51.85,300,
10:31:46,51.85,100,
10:31:47,51.87,400,
10:31:49,51.85,100,
10:31:49,51.889,350,
10:31:52,51.8511,200,
10:31:55,51.8799,100,
10:31:55,51.88,100,
10:31:57,51.8601,1000,
10:31:59,51.866,1000,
10:32:02,51.854,390,
10:32:06,51.88,100,
10:32:06,51.88,400,
10:32:07,51.88,100,
10:32:07,51.88,123,
10:32:07,51.88,275,
10:32:11,51.87,140,
10:32:11,51.8759,300,
10:32:12,51.88,200,
10:32:24,51.83,190,
10:32:24,51.81,100,
10:32:25,51.80,100,
10:32:26,51.859,135,
10:32:31,51.8141,600,
10:32:37,51.785,400,
10:32:40,51.78,199,
10:32:44,51.774,100,
10:32:44,51.79,100,
10:32:45,51.79,100,
10:32:47,51.7701,350,
10:32:49,51.785,100,
10:32:56,51.79,200,
10:32:56,51.79,230,
10:32:56,51.7809,562,
10:33:00,51.78,100,
10:33:05,51.79,200,
10:33:08,51.79,300,
10:33:13,51.80,230,
10:33:14,51.80,300,
10:33:14,51.80,300,
10:33:14,51.80,300,
10:33:15,51.78,100,
10:33:19,51.80,100,
10:33:19,51.80,300,
10:33:19,51.79,300,
10:33:19,51.80,230,
10:33:19,51.80,230,
10:33:19,51.80,800,
10:33:19,51.80,300,
10:33:20,51.80,300,
10:33:20,51.80,300,
10:33:22,51.78,200,
10:33:22,51.80,100,
10:33:22,51.79,200,
10:33:23,51.7818,100,
10:33:23,51.78,100,
10:33:25,51.8003,500,
10:33:27,51.79,100,
10:33:28,51.79,100,
10:33:28,51.7709,268,
10:33:28,51.78,230,
10:33:28,51.78,100,
10:33:35,51.77,100,
10:33:35,51.78,100,
10:33:38,51.77,100,
10:33:41,51.77,100,
10:33:41,51.78,187,
10:33:47,51.766,400,
10:33:47,51.775,250,
10:33:50,51.78,100,
10:33:51,51.7601,200,
10:33:55,51.78,100,
10:33:57,51.78,2100,
10:33:57,51.7701,100,
10:33:58,51.80,124,
10:34:02,51.78,400,
10:34:02,51.77,600,
10:34:02,51.77,400,
10:34:02,51.77,100,
10:34:02,51.77,100,
10:34:02,51.79,100,
10:34:02,51.77,200,
10:34:02,51.77,200,
10:34:02,51.79,100,
10:34:02,51.78,100,
10:34:02,51.76,500,
10:34:02,51.76,230,
10:34:02,51.76,200,
10:34:02,51.78,100,
10:34:02,51.78,200,
10:34:02,51.76,800,
10:34:02,51.78,200,
10:34:02,51.78,100,
10:34:02,51.78,100,
10:34:02,51.78,100,
10:34:02,51.78,200,
10:34:02,51.76,100,
10:34:02,51.78,100,
10:34:02,51.76,800,
10:34:02,51.75,400,
10:34:02,51.75,300,
10:34:02,51.75,600,
10:34:03,51.73,300,
10:34:03,51.73,300,
10:34:03,51.721,1700,
10:34:03,51.721,1500,
10:34:04,51.79,100,
10:34:05,51.73,500,
10:34:05,51.74,800,
10:34:05,51.75,113,
10:34:05,51.75,257,
10:34:05,51.76,100,
10:34:05,51.74,100,
10:34:05,51.74,230,
10:34:05,51.74,100,
10:34:05,51.74,200,
10:34:07,51.74,200,
10:34:07,51.75,800,
10:34:07,51.75,2000,
10:34:07,51.74,800,
10:34:07,51.73,6630,
10:34:07,51.75,300,
10:34:08,51.76,106,
10:34:08,51.76,400,
10:34:08,51.76,100,
10:34:08,51.76,100,
10:34:08,51.77,108,
10:34:08,51.78,200,
10:34:11,51.77,144,
10:34:12,51.77,200,
10:34:12,51.78,476,
10:34:18,51.7891,300,
10:34:23,51.80,162,
10:34:23,51.80,175,
10:34:23,51.80,400,
10:34:23,51.80,337,
10:34:23,51.80,100,
10:34:26,51.80,100,
10:34:27,51.80,100,
10:34:28,51.79,230,
10:34:28,51.79,230,
10:34:28,51.78,200,
10:34:28,51.78,200,
10:34:28,51.79,800,
10:34:38,51.81,200,
10:34:38,51.81,100,
10:34:41,51.84,130,
10:34:41,51.84,400,
10:34:47,51.83,130,
10:34:47,51.83,300,
10:34:47,51.82,100,
10:34:47,51.82,100,
10:34:51,51.80,230,
10:35:02,51.794,200,
10:35:05,51.79,470,
10:35:05,51.79,129,
10:35:05,51.79,100,
10:35:05,51.78,500,
10:35:07,51.78,100,
10:35:10,51.799,800,
10:35:15,51.80,230,
10:35:16,51.79,100,
10:35:22,51.80,101,
10:35:22,51.80,400,
10:35:22,51.82,245,
10:35:23,51.818,700,
10:35:24,51.82,100,
10:35:28,51.8241,1000,
10:35:37,51.83,700,
10:35:42,51.8111,100,
10:35:42,51.81,100,
10:35:42,51.81,100,
10:35:42,51.81,100,
10:35:42,51.8282,1000,
10:35:55,51.83,500,
10:35:56,51.82,100,
10:35:56,51.821,100,
10:35:59,51.821,100,
10:36:10,51.81,650,
10:36:12,51.83,700,
10:36:18,51.85,1000,
10:36:20,51.82,200,
10:36:20,51.82,230,
10:36:20,51.82,400,
10:36:20,51.82,200,
10:36:26,51.81,700,
10:36:28,51.81,200,
10:36:33,51.81,230,
10:36:33,51.82,100,
10:36:36,51.81,200,
10:36:38,51.81,700,
10:36:38,51.80,700,
10:36:38,51.80,137,
10:36:38,51.80,200,
10:36:38,51.79,100,
10:36:40,51.80,500,
10:36:40,51.80,600,
10:36:40,51.80,100,
10:36:40,51.80,300,
10:36:40,51.80,100,
10:36:44,51.80,650,
10:36:45,51.80,500,
10:36:45,51.81,130,
10:36:45,51.81,230,
10:36:46,51.82,100,
10:36:47,51.80,230,
10:36:47,51.80,200,
10:36:47,51.81,156,
10:36:47,51.79,100,
10:36:47,51.80,230,
10:36:47,51.80,130,
10:36:47,51.80,400,
10:36:47,51.81,116,
10:36:48,51.7905,100,
10:36:48,51.7918,100,
10:36:48,51.7901,100,
10:36:48,51.7901,100,
10:36:48,51.79,100,
10:36:50,51.81,100,
10:36:50,51.82,230,
10:36:54,51.8001,100,
10:36:54,51.80,100,
10:36:54,51.8001,100,
10:36:58,51.811,390,
10:36:59,51.8101,100,
10:37:00,51.81,300,
10:37:00,51.811,1500,
10:37:04,51.82,400,
10:37:17,51.80,100,
10:37:17,51.8018,100,
10:37:17,51.8018,100,
10:37:17,51.8018,100,
10:37:20,51.80,200,
10:37:20,51.80,230,
10:37:20,51.80,200,
10:37:20,51.8001,400,
10:37:22,51.77,400,
10:37:23,51.80,400,
10:37:23,51.774,500,
10:37:27,51.79,200,
10:37:32,51.80,200,
10:37:32,51.78,100,
10:37:32,51.78,100,
10:37:32,51.78,100,
10:37:32,51.78,300,
10:37:32,51.78,230,
10:37:32,51.78,100,
10:37:32,51.78,161,
10:37:32,51.78,139,
10:37:38,51.80,181,
10:37:38,51.80,230,
10:37:38,51.81,104,
10:37:39,51.80,700,
10:37:39,51.78,139,
10:37:39,51.78,139,
10:37:41,51.7971,900,
10:37:43,51.81,300,
10:37:43,51.81,141,
10:37:43,51.81,299,
10:37:43,51.81,230,
10:37:43,51.81,400,
10:37:43,51.82,139,
10:37:43,51.82,161,
10:37:43,51.8399,300,
10:37:43,51.84,100,
10:37:49,51.85,400,
10:37:51,51.85,200,
10:37:51,51.85,200,
10:37:52,51.86,300,
10:37:52,51.86,230,
10:37:52,51.86,400,
10:37:52,51.85,300,
10:37:53,51.84,520,
10:37:53,51.84,100,
10:37:53,51.84,400,
10:37:53,51.83,1121,
10:37:54,51.84,200,
10:37:57,51.825,100,
10:37:57,51.821,200,
10:38:00,51.86,800,
10:38:03,51.859,1000,
10:38:04,51.84,230,
10:38:05,51.86,300,
10:38:05,51.86,300,
10:38:06,51.87,300,
10:38:06,51.8629,150,
10:38:07,51.85,224,
10:38:07,51.85,246,
10:38:09,51.869,5000,
10:38:13,51.86,100,
10:38:19,51.851,500,
10:38:26,51.88,200,
10:38:26,51.88,230,
10:38:26,51.88,400,
10:38:26,51.8799,300,
10:38:28,51.86,230,
10:38:28,51.86,200,
10:38:28,51.85,230,
10:38:28,51.83,230,
10:38:28,51.84,176,
10:38:28,51.83,400,
10:38:28,51.82,104,
10:38:28,51.80,200,
10:38:30,51.81,100,
10:38:30,51.81,230,
10:38:30,51.81,111,
10:38:33,51.7758,150,
10:38:38,51.76,300,
10:38:38,51.76,300,
10:38:39,51.7629,1000,
10:38:40,51.76,200,
10:38:41,51.771,500,
10:38:43,51.79,200,
10:38:45,51.77,230,
10:38:45,51.77,700,
10:38:50,51.77,700,
10:38:51,51.7601,200,
10:38:52,51.76,200,
10:38:54,51.765,200,
10:38:55,51.771,300,
10:38:56,51.772,1000,
10:38:57,51.76,230,
10:38:57,51.76,300,
10:38:57,51.76,100,
10:38:59,51.75,1900,
10:38:59,51.746,1300,
10:39:04,51.74,300,
10:39:04,51.77,200,
10:39:04,51.76,100,
10:39:04,51.73,233,
10:39:05,51.74,230,
10:39:06,51.74,100,
10:39:08,51.741,5000,
10:39:14,51.74,100,
10:39:14,51.74,230,
10:39:14,51.75,100,
10:39:14,51.75,143,
10:39:14,51.74,700,
10:39:18,51.74,519,
10:39:18,51.74,145,
10:39:18,51.73,200,
10:39:27,51.7051,100,
10:39:27,51.7051,100,
10:39:27,51.70,100,
10:39:27,51.70,500,
10:39:27,51.70,100,
10:39:27,51.71,230,
10:39:27,51.71,700,
10:39:27,51.72,100,
10:39:27,51.71,100,
10:39:28,51.721,300,
10:39:28,51.721,200,
10:39:28,51.73,230,
10:39:28,51.73,100,
10:39:29,51.73,100,
10:39:29,51.73,200,
10:39:29,51.73,700,
10:39:29,51.70,900,
10:39:29,51.721,800,
10:39:32,51.734,500,
10:39:39,51.71,300,
10:39:40,51.7165,100,
10:39:40,51.711,200,
10:39:41,51.711,100,
10:39:50,51.71,1408,
10:39:50,51.69,216,
10:39:50,51.66,100,
10:39:50,51.65,100,
10:39:51,51.65,200,
10:39:51,51.65,100,
10:39:52,51.63,100,
10:39:52,51.63,429,
10:39:53,51.65,100,
10:39:54,51.621,200,
10:39:54,51.62,400,
10:39:56,51.64,250,
10:39:58,51.6475,2000,
10:39:59,51.64,230,
10:39:59,51.64,200,
10:39:59,51.63,100,
10:39:59,51.63,100,
10:40:01,51.65,130,
10:40:01,51.65,100,
10:40:01,51.65,800,
10:40:05,51.69,200,
10:40:05,51.6701,300,
10:40:06,51.66,230,
10:40:06,51.66,400,
10:40:10,51.67,100,
10:40:15,51.6411,100,
10:40:15,51.6411,100,
10:40:15,51.64,100,
10:40:15,51.64,200,
10:40:15,51.6401,100,
10:40:17,51.67,230,
10:40:17,51.66,300,
10:40:17,51.65,200,
10:40:17,51.65,182,
10:40:17,51.64,215,
10:40:17,51.662,400,
10:40:18,51.66,170,
10:40:23,51.641,100,
10:40:26,51.641,200,
10:40:31,51.63,800,
10:40:31,51.615,112,
10:40:32,51.63,200,
10:40:32,51.63,140,
10:40:32,51.60,100,
10:40:35,51.6202,200,
10:40:35,51.62,100,
10:40:37,51.62,200,
10:40:38,51.611,500,
10:40:39,51.59,1000,
10:40:39,51.59,900,
10:40:40,51.59,300,
10:40:40,51.59,100,
10:40:40,51.58,200,
10:40:42,51.5888,100,
10:40:45,51.61,100,
10:40:45,51.581,100,
10:40:46,51.6012,190,
10:40:49,51.6099,200,
10:40:49,51.61,230,
10:40:50,51.614,500,
10:40:52,51.601,100,
10:40:52,51.601,100,
10:40:52,51.60,104,
10:40:52,51.59,100,
10:40:54,51.60,100,
10:40:54,51.58,100,
10:40:59,51.60,200,
10:40:59,51.60,400,
10:41:13,51.594,150,
10:41:13,51.59,222,
10:41:15,51.5759,1000,
10:41:17,51.5518,300,
10:41:17,51.5518,300,
10:41:17,51.5458,200,
10:41:20,51.54,100,
10:41:20,51.54,230,
10:41:20,51.53,200,
10:41:23,51.5601,800,
10:41:23,51.57,230,
10:41:26,51.5609,400,
10:41:29,51.5618,100,
10:41:29,51.56,100,
10:41:30,51.575,150,
10:41:31,51.571,300,
10:41:36,51.5899,500,
10:41:40,51.55,100,
10:41:42,51.55,100,
10:41:44,51.56,200,
10:41:45,51.55,100,
10:41:53,51.518,100,
10:41:56,51.51,260,
10:41:58,51.50,100,
10:41:59,51.53,4800,
10:42:02,51.55,100,
10:42:02,51.5601,500,
10:42:03,51.56,230,
10:42:03,51.55,100,
10:42:07,51.55,384,
10:42:14,51.545,2000,
10:42:15,51.56,170,
10:42:16,51.57,200,
10:42:16,51.5658,100,
10:42:18,51.58,400,
10:42:19,51.5718,200,
10:42:19,51.5718,300,
10:42:22,51.5742,300,
10:42:23,51.58,850,
10:42:32,51.57,100,
10:42:34,51.59,230,
10:42:34,51.59,100,
10:42:35,51.59,207,
10:42:35,51.59,230,
10:42:35,51.59,156,
10:42:36,51.55,200,
10:42:41,51.56,230,
10:42:41,51.57,211,
10:42:41,51.58,192,
10:42:41,51.59,100,
10:42:45,51.57,267,
10:42:45,51.57,100,
10:42:46,51.57,221,
10:42:49,51.56,470,
10:42:49,51.56,400,
10:42:50,51.561,100,
10:42:51,51.55,400,
10:42:53,51.55,337,
10:42:56,51.5399,200,
10:42:57,51.53,300,
10:42:58,51.47,100,
10:43:00,51.471,100,
10:43:02,51.47,200,
10:43:05,51.46,200,
10:43:05,51.46,200,
10:43:06,51.451,100,
10:43:06,51.45,100,
10:43:06,51.45,300,
10:43:08,51.47,100,
10:43:09,51.45,160,
10:43:09,51.45,200,
10:43:10,51.45,589,
10:43:11,51.451,200,
10:43:11,51.451,200,
10:43:15,51.4501,300,
10:43:20,51.47,100,
10:43:23,51.49,100,
10:43:23,51.49,100,
10:43:23,51.51,130,
10:43:23,51.50,200,
10:43:24,51.5018,100,
10:43:24,51.49,400,
10:43:24,51.5018,400,
10:43:24,51.49,400,
10:43:26,51.4918,200,
10:43:26,51.4918,100,
10:43:26,51.49,200,
10:43:26,51.49,100,
10:43:29,51.491,300,
10:43:30,51.492,1200,
10:43:36,51.475,3200,
10:43:37,51.49,100,
10:43:38,51.471,400,
10:43:38,51.471,400,
10:43:40,51.485,100,
10:43:45,51.48,300,
10:44:00,51.476,100,
10:44:03,51.50,100,
10:44:03,51.50,100,
10:44:05,51.4718,300,
10:44:05,51.47,300,
10:44:10,51.4999,400,
10:44:17,51.43,200,
10:44:17,51.4318,300,
10:44:17,51.4318,100,
10:44:17,51.43,300,
10:44:17,51.43,200,
10:44:17,51.4318,200,
10:44:17,51.4318,200,
10:44:17,51.4301,200,
10:44:17,51.43,100,
10:44:17,51.43,200,
10:44:17,51.4318,200,
10:44:17,51.43,285,
10:44:29,51.445,1000,
10:44:35,51.42,200,
10:44:35,51.42,1600,
10:44:35,51.42,500,
10:44:35,51.42,300,
10:44:41,51.4201,400,
10:44:42,51.4218,100,
10:44:42,51.42,100,
10:44:42,51.4201,100,
10:44:42,51.4201,100,
10:44:46,51.401,500,
10:44:50,51.40,100,
10:44:50,51.37,700,
10:44:50,51.3601,100,
10:44:50,51.3601,100,
10:44:51,51.38,300,
10:44:51,51.381,600,
10:44:51,51.3858,200,
10:44:53,51.366,200,
10:44:57,51.37,200,
10:44:59,51.3602,2500,
10:45:00,51.361,1000,
10:45:03,51.366,100,
10:45:05,51.3618,100,
10:45:06,51.361,500,
10:45:10,51.395,100,
10:45:11,51.3803,100,
10:45:13,51.3888,300,
10:45:19,51.409,500,
10:45:25,51.3898,5315,
10:45:28,51.375,1000,
10:45:34,51.36,510,
10:45:34,51.3718,510,
10:45:41,51.35,100,
10:45:42,51.3401,100,
10:45:43,51.36,600,
10:45:45,51.36,100,
10:45:46,51.341,900,
10:45:46,51.341,800,
10:45:48,51.35,268,
10:45:48,51.352,100,
10:45:52,51.361,200,
10:45:52,51.361,200,
10:45:55,51.35,200,
10:45:55,51.35,700,
10:45:55,51.34,230,
10:46:00,51.351,100,
10:46:02,51.35,100,
10:46:03,51.36,100,
10:46:07,51.36,187,
10:46:12,51.341,300,
10:46:12,51.341,300,
10:46:17,51.37,230,
10:46:17,51.37,400,
10:46:20,51.365,1200,
10:46:26,51.38,180,
10:46:37,51.40,100,
10:46:37,51.40,200,
10:46:42,51.395,235,
10:46:54,51.42,100,
10:47:01,51.43,300,
10:47:01,51.43,100,
10:47:09,51.43,400,
10:47:09,51.43,100,
10:47:16,51.43,100,
10:47:19,51.44,250,
10:47:19,51.42,230,
10:47:19,51.42,800,
10:47:19,51.41,200,
10:47:19,51.41,700,
10:47:19,51.41,400,
10:47:19,51.40,700,
10:47:20,51.39,200,
10:47:20,51.39,230,
10:47:20,51.39,1000,
10:47:20,51.38,700,
10:47:20,51.38,230,
10:47:20,51.38,400,
10:47:20,51.37,100,
10:47:20,51.37,200,
10:47:20,51.37,700,
10:47:20,51.37,300,
10:47:20,51.38,800,
10:47:20,51.37,700,
10:47:20,51.36,6200,
10:47:20,51.36,100,
10:47:20,51.3609,600,
10:47:22,51.38,578,
10:47:22,51.40,100,
10:47:22,51.40,100,
10:47:26,51.3818,120,
10:47:30,51.395,500,
10:47:37,51.3701,100,
10:47:37,51.379,300,
10:47:39,51.40,400,
10:47:39,51.40,230,
10:47:40,51.41,270,
10:47:40,51.41,230,
10:47:40,51.41,100,
10:47:45,51.43,200,
10:47:46,51.3901,500,
10:47:52,51.41,100,
10:47:52,51.41,100,
10:47:52,51.41,100,
10:47:52,51.41,800,
10:47:52,51.41,600,
10:47:54,51.386,500,
10:47:58,51.424,200,
10:48:01,51.40,200,
10:48:04,51.39,300,
10:48:08,51.3989,1000,
10:48:15,51.41,100,
10:48:22,51.43,178,
10:48:22,51.44,100,
10:48:22,51.44,100,
10:48:22,51.44,100,
10:48:22,51.44,400,
10:48:24,51.449,250,
10:48:32,51.42,200,
10:48:32,51.42,200,
10:48:33,51.416,500,
10:48:34,51.42,300,
10:48:35,51.4312,200,
10:48:39,51.44,200,
10:48:44,51.45,600,
10:48:50,51.43,100,
10:48:53,51.43,268,
10:48:54,51.43,150,
10:49:00,51.43,390,
10:49:00,51.41,230,
10:49:00,51.40,300,
10:49:00,51.40,100,
10:49:00,51.40,189,
10:49:00,51.40,200,
10:49:00,51.40,800,
10:49:05,51.38,182,
10:49:05,51.37,100,
10:49:05,51.37,300,
10:49:05,51.37,230,
10:49:05,51.37,300,
10:49:08,51.39,100,
10:49:09,51.40,100,
10:49:09,51.40,230,
10:49:12,51.404,1000,
10:49:17,51.40,200,
10:49:17,51.40,100,
10:49:17,51.40,100,
10:49:17,51.40,1100,
10:49:21,51.401,150,
10:49:31,51.4599,2000,
10:49:43,51.411,1000,
10:49:47,51.4188,250,
10:49:54,51.44,200,
10:49:54,51.44,400,
10:50:01,51.45,100,
10:50:02,51.44,1000,
10:50:05,51.45,100,
10:50:09,51.43,100,
10:50:11,51.46,200,
10:50:18,51.47,200,
10:50:18,51.47,230,
10:50:23,51.46,100,
10:50:27,51.47,200,
10:50:27,51.46,230,
10:50:27,51.45,300,
10:50:29,51.48,100,
10:50:32,51.49,400,
10:50:34,51.50,300,
10:50:35,51.50,300,
10:50:37,51.50,100,
10:50:37,51.50,300,
10:50:43,51.4942,100,
10:50:49,51.4991,300,
10:50:50,51.51,230,
10:50:56,51.52,100,
10:50:57,51.51,100,
10:51:02,51.52,100,
10:51:02,51.52,200,
10:51:02,51.52,230,
10:51:02,51.52,300,
10:51:03,51.52,350,
10:51:04,51.54,300,
10:51:04,51.54,200,
10:51:04,51.55,640,
10:51:12,51.5291,415,
10:51:17,51.53,100,
10:51:21,51.53,100,
10:51:21,51.54,400,
10:51:25,51.5201,600,
10:51:28,51.55,100,
10:51:29,51.55,300,
10:51:29,51.55,200,
10:51:30,51.55,200,
10:51:31,51.55,300,
10:51:32,51.55,200,
10:51:32,51.55,292,
10:51:32,51.55,100,
10:51:32,51.55,900,
10:51:33,51.555,300,
10:51:34,51.56,200,
10:51:34,51.56,100,
10:51:36,51.58,100,
10:51:38,51.599,100,
10:51:42,51.59,100,
10:51:43,51.62,300,
10:51:44,51.63,100,
10:51:44,51.63,230,
10:51:44,51.62,230,
10:51:44,51.62,400,
10:51:46,51.64,200,
10:51:46,51.63,1000,
10:51:47,51.636,1000,
10:51:47,51.6599,200,
10:51:48,51.6699,500,
10:51:48,51.67,200,
10:51:48,51.6699,100,
10:51:48,51.6699,200,
10:51:49,51.64,100,
10:51:49,51.63,100,
10:51:51,51.67,100,
10:51:51,51.67,200,
10:51:51,51.6682,200,
10:51:51,51.67,100,
10:51:51,51.67,100,
10:51:51,51.6682,100,
10:51:52,51.66,230,
10:51:54,51.69,300,
10:51:55,51.66,300,
10:51:55,51.66,100,
10:51:55,51.66,400,
10:51:55,51.66,200,
10:51:55,51.65,200,
10:51:57,51.67,500,
10:51:57,51.67,1400,
10:52:00,51.65,400,
10:52:02,51.67,230,
10:52:02,51.67,400,
10:52:02,51.68,400,
10:52:04,51.68,400,
10:52:09,51.651,500,
10:52:11,51.69,230,
10:52:13,51.70,200,
10:52:13,51.69,250,
10:52:15,51.691,200,
10:52:19,51.709,300,
10:52:20,51.70,100,
10:52:20,51.72,300,
10:52:20,51.72,300,
10:52:21,51.7312,1000,
10:52:22,51.7382,100,
10:52:22,51.74,200,
10:52:22,51.74,100,
10:52:22,51.72,1100,
10:52:26,51.711,500,
10:52:29,51.7282,200,
10:52:29,51.7282,200,
10:52:29,51.7282,200,
10:52:29,51.7299,300,
10:52:29,51.7299,200,
10:52:29,51.73,100,
10:52:33,51.726,200,
10:52:34,51.71,230,
10:52:34,51.7182,261,
10:52:37,51.7134,300,
10:52:42,51.719,100,
10:52:45,51.70,100,
10:52:45,51.68,230,
10:52:47,51.67,400,
10:52:48,51.69,230,
10:52:52,51.6999,580,
10:52:53,51.70,200,
10:52:53,51.73,100,
10:52:54,51.70,100,
10:52:55,51.6818,300,
10:53:04,51.6818,300,
10:53:10,51.68,300,
10:53:10,51.68,300,
10:53:10,51.68,100,
10:53:11,51.71,600,
10:53:20,51.67,200,
10:53:23,51.64,200,
10:53:26,51.6599,100,
10:53:32,51.65,174,
10:53:34,51.62,100,
10:53:34,51.6101,100,
10:53:35,51.62,200,
10:53:35,51.60,100,
10:53:37,51.61,700,
10:53:37,51.621,700,
10:53:39,51.63,338,
10:53:40,51.65,270,
10:53:49,51.65,230,
10:53:49,51.65,200,
10:53:49,51.66,335,
10:54:07,51.65,100,
10:54:18,51.685,500,
10:54:21,51.65,200,
10:54:26,51.67,300,
10:54:29,51.68,200,
10:54:29,51.68,100,
10:54:29,51.70,100,
10:54:29,51.70,200,
10:54:29,51.70,100,
10:54:29,51.71,100,
10:54:32,51.70,100,
10:54:32,51.70,100,
10:54:36,51.7041,800,
10:54:39,51.706,500,
10:54:39,51.73,100,
10:54:39,51.74,800,
10:54:41,51.73,230,
10:54:43,51.7282,500,
10:54:45,51.71,300,
10:54:45,51.71,200,
10:54:45,51.71,100,
10:54:46,51.71,230,
10:54:46,51.71,800,
10:54:48,51.7199,3800,
10:54:55,51.7125,2000,
10:54:59,51.7018,500,
10:55:05,51.71,194,
10:55:09,51.715,300,
10:55:15,51.69,100,
10:55:15,51.69,230,
10:55:15,51.69,194,
10:55:15,51.69,194,
10:55:25,51.681,500,
10:55:29,51.6502,100,
10:55:32,51.67,100,
10:55:32,51.67,800,
10:55:37,51.68,200,
10:55:53,51.6718,400,
10:56:14,51.67,400,
10:56:14,51.67,100,
10:56:15,51.65,230,
10:56:15,51.65,230,
10:56:15,51.6301,100,
10:56:17,51.6518,300,
10:56:17,51.6518,300,
10:56:18,51.64,100,
10:56:18,51.6401,100,
10:56:18,51.6401,100,
10:56:18,51.6302,1697,
10:56:21,51.61,200,
10:56:21,51.61,100,
10:56:22,51.634,500,
10:56:40,51.6101,2000,
10:56:48,51.64,250,
10:56:52,51.651,300,
10:57:01,51.65,100,
10:57:01,51.67,230,
10:57:03,51.66,230,
10:57:12,51.6729,644,
10:57:13,51.6799,700,
10:57:13,51.6899,200,
10:57:13,51.69,100,
10:57:13,51.6899,100,
10:57:13,51.6898,257,
10:57:13,51.6899,100,
10:57:13,51.6899,100,
10:57:13,51.6899,257,
10:57:13,51.6899,2229,
10:57:14,51.6609,1195,
10:57:16,51.69,100,
10:57:26,51.6759,500,
10:57:34,51.66,170,
10:57:34,51.65,100,
10:57:39,51.67,100,
10:57:39,51.6582,300,
10:57:39,51.6582,100,
10:57:39,51.6582,100,
10:57:46,51.65,250,
10:57:57,51.61,200,
10:57:58,51.636,150,
10:58:00,51.6175,2000,
10:58:06,51.5988,250,
10:58:07,51.60,300,
10:58:10,51.57,150,
10:58:10,51.57,230,
10:58:14,51.5358,100,
10:58:20,51.57,160,
10:58:20,51.60,230,
10:58:20,51.58,100,
10:58:20,51.58,130,
10:58:20,51.58,300,
10:58:20,51.58,230,
10:58:20,51.58,400,
10:58:20,51.59,200,
10:58:20,51.59,800,
10:58:20,51.57,100,
10:58:20,51.57,130,
10:58:21,51.54,100,
10:58:22,51.554,200,
10:58:24,51.57,230,
10:58:24,51.58,230,
10:58:24,51.58,400,
10:58:24,51.58,200,
10:58:24,51.59,100,
10:58:24,51.59,100,
10:58:32,51.59,100,
10:58:32,51.59,230,
10:58:32,51.60,500,
10:58:36,51.57,100,
10:58:39,51.58,200,
10:58:39,51.58,300,
10:58:39,51.58,500,
10:58:39,51.60,100,
10:58:47,51.60,100,
10:58:51,51.63,300,
10:58:55,51.62,100,
10:59:03,51.63,230,
10:59:07,51.64,300,
10:59:19,51.61,200,
10:59:23,51.62,200,
10:59:28,51.6498,2500,
10:59:29,51.65,230,
10:59:31,51.659,500,
10:59:39,51.6236,1687,
10:59:46,51.649,200,
10:59:52,51.62,100,
10:59:52,51.62,400,
11:00:07,51.6482,500,
11:00:11,51.65,100,
11:00:11,51.66,200,
11:00:15,51.69,200,
11:00:16,51.70,300,
11:00:19,51.70,100,
11:00:27,51.75,300,
11:00:27,51.74,100,
11:00:27,51.76,100,
11:00:31,51.75,230,
11:00:37,51.72,200,
11:00:39,51.72,400,
11:00:39,51.72,200,
11:00:39,51.72,100,
11:00:43,51.72,300,
11:00:46,51.7182,252,
11:00:48,51.74,230,
11:00:48,51.75,120,
11:00:48,51.75,130,
11:00:48,51.75,100,
11:00:48,51.76,100,
11:00:48,51.76,200,
11:00:48,51.76,130,
11:00:49,51.76,900,
11:00:53,51.7641,500,
11:00:59,51.79,100,
11:00:59,51.80,300,
11:00:59,51.79,600,
11:01:00,51.7801,1000,
11:01:02,51.82,100,
11:01:03,51.84,300,
11:01:03,51.8401,100,
11:01:03,51.86,230,
11:01:03,51.86,158,
11:01:04,51.85,300,
11:01:04,51.84,200,
11:01:04,51.86,100,
11:01:05,51.83,230,
11:01:05,51.83,190,
11:01:05,51.82,170,
11:01:05,51.82,230,
11:01:05,51.84,132,
11:01:05,51.84,155,
11:01:06,51.849,1500,
11:01:07,51.82,230,
11:01:07,51.821,100,
11:01:07,51.831,100,
11:01:10,51.82,100,
11:01:15,51.83,230,
11:01:18,51.82,100,
11:01:18,51.84,338,
11:01:18,51.84,127,
11:01:20,51.84,200,
11:01:20,51.84,558,
11:01:20,51.83,400,
11:01:20,51.83,230,
11:01:22,51.80,330,
11:01:24,51.81,200,
11:01:24,51.82,200,
11:01:24,51.81,230,
11:01:37,51.7718,500,
11:01:37,51.77,400,
11:01:37,51.78,200,
11:01:37,51.78,104,
11:01:37,51.78,180,
11:01:37,51.76,100,
11:01:37,51.76,600,
11:01:37,51.751,3700,
11:01:37,51.7558,100,
11:01:43,51.76,230,
11:01:43,51.76,400,
11:01:59,51.78,200,
11:01:59,51.78,300,
11:02:01,51.764,775,
11:02:02,51.78,230,
11:02:02,51.78,600,
11:02:02,51.78,100,
11:02:04,51.79,100,
11:02:10,51.76,100,
11:02:10,51.77,230,
11:02:22,51.77,100,
11:02:28,51.76,100,
11:02:28,51.76,800,
11:02:28,51.7639,208,
11:02:31,51.77,400,
11:02:32,51.76,200,
11:02:32,51.75,100,
11:02:33,51.74,100,
11:02:43,51.72,200,
11:02:44,51.72,230,
11:02:44,51.72,144,
11:02:46,51.7002,200,
11:02:50,51.73,230,
11:02:50,51.72,200,
11:02:54,51.70,170,
11:02:54,51.7009,600,
11:03:02,51.7101,300,
11:03:03,51.69,100,
11:03:05,51.7123,1800,
11:03:12,51.69,100,
11:03:12,51.69,100,
11:03:22,51.65,100,
11:03:22,51.63,100,
11:03:25,51.63,230,
11:03:28,51.631,400,
11:03:32,51.65,193,
11:03:32,51.65,100,
11:03:32,51.67,100,
11:03:36,51.64,300,
11:03:39,51.67,200,
11:03:56,51.64,300,
11:03:56,51.63,700,
11:03:56,51.631,100,
11:04:04,51.6401,500,
11:04:18,51.62,200,
11:04:25,51.62,100,
11:04:28,51.61,293,
11:04:29,51.60,230,
11:04:29,51.60,100,
11:04:29,51.59,230,
11:04:29,51.58,500,
11:04:29,51.58,400,
11:04:29,51.58,230,
11:04:29,51.60,1000,
11:04:30,51.59,800,
11:04:39,51.57,700,
11:04:39,51.5718,340,
11:04:39,51.55,400,
11:04:39,51.55,200,
11:04:39,51.55,170,
11:04:39,51.54,400,
11:04:40,51.54,500,
11:04:41,51.57,100,
11:04:42,51.58,100,
11:04:54,51.57,230,
11:04:54,51.58,200,
11:04:54,51.55,100,
11:04:54,51.56,230,
11:04:54,51.56,201,
11:04:54,51.55,100,
11:05:00,51.52,400,
11:05:06,51.53,200,
11:05:09,51.51,400,
11:05:09,51.51,100,
11:05:09,51.51,100,
11:05:09,51.51,500,
11:05:09,51.51,500,
11:05:10,51.51,200,
11:05:10,51.51,100,
11:05:10,51.51,300,
11:05:12,51.49,119,
11:05:13,51.48,500,
11:05:15,51.4618,300,
11:05:15,51.4618,200,
11:05:18,51.47,100,
11:05:18,51.47,200,
11:05:24,51.50,230,
11:05:24,51.50,400,
11:05:24,51.51,230,
11:05:24,51.50,100,
11:05:29,51.51,230,
11:05:29,51.51,100,
11:05:29,51.51,799,
11:05:30,51.4901,192,
11:05:49,51.499,100,
11:05:56,51.4818,200,
11:05:56,51.4818,330,
11:05:56,51.4818,200,
11:06:05,51.48,1000,
11:06:11,51.489,200,
11:06:13,51.489,1000,
11:06:14,51.489,3100,
11:06:17,51.49,100,
11:06:37,51.501,100,
11:06:39,51.49,100,
11:06:39,51.49,200,
11:06:39,51.49,300,
11:06:42,51.505,400,
11:06:45,51.51,110,
11:06:45,51.49,100,
11:06:45,51.49,200,
11:06:55,51.50,1000,
11:07:02,51.491,100,
11:07:11,51.509,1000,
11:07:35,51.52,400,
11:07:35,51.52,300,
11:07:35,51.52,161,
11:07:35,51.52,239,
11:07:35,51.52,200,
11:07:35,51.52,100,
11:07:35,51.53,101,
11:07:35,51.53,100,
11:07:41,51.52,400,
11:07:44,51.526,100,
11:07:45,51.50,300,
11:07:45,51.51,299,
11:07:45,51.50,299,
11:07:46,51.50,200,
11:07:57,51.52,101,
11:08:02,51.524,1000,
11:08:06,51.54,134,
11:08:08,51.51,200,
11:08:11,51.52,300,
11:08:16,51.49,400,
11:08:16,51.48,200,
11:08:20,51.50,230,
11:08:20,51.50,400,
11:08:20,51.49,100,
11:08:20,51.51,100,
11:08:21,51.51,300,
11:08:21,51.51,100,
11:08:21,51.51,130,
11:08:40,51.52,100,
11:08:41,51.53,200,
11:08:41,51.54,300,
11:08:41,51.5282,166,
11:08:41,51.5282,100,
11:08:41,51.5282,134,
11:08:42,51.54,300,
11:08:43,51.54,300,
11:08:50,51.524,215,
11:08:53,51.516,300,
11:09:21,51.54,200,
11:09:27,51.54,128,
11:09:27,51.539,200,
11:09:28,51.539,300,
11:09:33,51.52,200,
11:09:33,51.52,230,
11:09:33,51.52,400,
11:09:33,51.51,100,
11:09:36,51.52,333,
11:09:36,51.5282,100,
11:09:36,51.53,100,
11:09:36,51.5299,100,
11:09:36,51.5299,100,
11:09:36,51.53,100,
11:09:43,51.5299,2000,
11:09:45,51.51,230,
11:09:45,51.51,200,
11:09:45,51.50,200,
11:09:45,51.49,100,
11:09:48,51.51,200,
11:09:48,51.52,400,
11:09:56,51.5242,200,
11:09:58,51.53,103,
11:09:58,51.53,400,
11:10:04,51.535,3000,
11:10:09,51.5442,250,
11:10:12,51.5482,400,
11:10:16,51.55,300,
11:10:22,51.56,400,
11:10:22,51.57,100,
11:10:22,51.57,100,
11:10:22,51.57,100,
11:10:22,51.57,100,
11:10:22,51.56,170,
11:10:22,51.56,600,
11:10:22,51.5501,100,
11:10:23,51.57,200,
11:10:23,51.58,100,
11:10:28,51.5658,200,
11:10:33,51.5842,400,
11:10:38,51.5882,500,
11:10:38,51.5899,100,
11:10:38,51.5899,100,
11:10:38,51.59,100,
11:10:38,51.59,100,
11:10:39,51.59,295,
11:10:40,51.60,200,
11:10:43,51.60,975,
11:10:51,51.62,100,
11:10:51,51.63,100,
11:10:55,51.6399,1000,
11:10:56,51.649,200,
11:10:56,51.649,200,
11:10:56,51.65,208,
11:10:58,51.639,300,
11:10:59,51.65,100,
11:10:59,51.66,100,
11:11:00,51.659,300,
11:11:01,51.65,1200,
11:11:02,51.655,1000,
11:11:17,51.6565,250,
11:11:20,51.6698,5000,
11:11:23,51.65,230,
11:11:24,51.65,400,
11:11:24,51.65,200,
11:11:27,51.64,300,
11:11:27,51.64,300,
11:11:27,51.64,300,
11:11:27,51.64,300,
11:11:27,51.64,230,
11:11:27,51.64,132,
11:11:27,51.64,300,
11:11:27,51.64,300,
11:11:31,51.66,207,
11:11:31,51.66,100,
11:11:31,51.67,230,
11:11:31,51.67,100,
11:11:31,51.66,200,
11:11:31,51.66,100,
11:11:31,51.66,400,
11:11:39,51.68,300,
11:11:39,51.68,230,
11:11:42,51.68,100,
11:11:42,51.68,100,
11:11:42,51.68,200,
11:11:55,51.6652,200,
11:11:57,51.68,100,
11:12:01,51.69,300,
11:12:02,51.69,500,
11:12:02,51.69,600,
11:12:02,51.69,400,
11:12:03,51.69,100,
11:12:04,51.66,700,
11:12:07,51.66,200,
11:12:07,51.65,223,
11:12:07,51.60,200,
11:12:07,51.62,230,
11:12:07,51.62,170,
11:12:07,51.61,200,
11:12:07,51.60,100,
11:12:09,51.62,163,
11:12:09,51.61,200,
11:12:09,51.61,100,
11:12:15,51.64,100,
11:12:16,51.65,200,
11:12:17,51.634,500,
11:12:18,51.62,230,
11:12:18,51.62,130,
11:12:18,51.61,130,
11:12:18,51.61,400,
11:12:18,51.60,100,
11:12:18,51.60,400,
11:12:18,51.60,400,
11:12:18,51.59,200,
11:12:18,51.59,100,
11:12:18,51.58,230,
11:12:18,51.58,400,
11:12:18,51.62,100,
11:12:18,51.56,212,
11:12:18,51.55,100,
11:12:20,51.57,100,
11:12:20,51.57,230,
11:12:20,51.58,249,
11:12:20,51.56,100,
11:12:23,51.58,179,
11:12:23,51.59,200,
11:12:24,51.57,170,
11:12:24,51.57,400,
11:12:24,51.56,100,
11:12:24,51.56,100,
11:12:24,51.56,200,
11:12:25,51.56,300,
11:12:25,51.56,179,
11:12:25,51.56,179,
11:12:25,51.56,600,
11:12:25,51.56,300,
11:12:35,51.541,300,
11:12:40,51.57,100,
11:12:45,51.58,700,
11:12:45,51.57,100,
11:12:45,51.58,100,
11:12:54,51.55,100,
11:12:54,51.55,230,
11:13:06,51.5309,300,
11:13:11,51.52,100,
11:13:14,51.47,100,
11:13:38,51.49,100,
11:13:49,51.481,200,
11:14:01,51.50,200,
11:14:01,51.50,230,
11:14:14,51.4834,1000,
11:14:20,51.4918,100,
11:14:20,51.49,100,
11:14:20,51.49,100,
11:14:31,51.45,230,
11:14:31,51.45,400,
11:14:31,51.44,100,
11:14:31,51.46,100,
11:14:32,51.44,100,
11:14:36,51.4799,3000,
11:14:37,51.47,200,
11:14:40,51.46,100,
11:14:48,51.49,230,
11:14:48,51.49,200,
11:14:49,51.48,300,
11:14:51,51.49,118,
11:15:09,51.51,100,
11:15:09,51.50,100,
11:15:14,51.516,254,
11:15:26,51.49,100,
11:15:42,51.52,200,
11:15:43,51.52,200,
11:15:43,51.52,100,
11:15:43,51.52,100,
11:15:48,51.50,100,
11:15:56,51.519,225,
11:16:04,51.51,230,
11:16:04,51.52,100,
11:16:14,51.52,300,
11:16:14,51.51,290,
11:16:14,51.53,122,
11:16:14,51.53,150,
11:16:14,51.55,200,
11:16:25,51.55,100,
11:16:28,51.5358,200,
11:16:57,51.5149,150,
11:17:20,51.49,100,
11:17:32,51.46,500,
11:17:33,51.47,230,
11:17:41,51.481,1600,
11:17:42,51.481,300,
11:17:46,51.481,400,
11:17:52,51.4871,100,
11:17:57,51.482,200,
11:17:59,51.4801,1500,
11:18:02,51.51,200,
11:18:02,51.52,281,
11:18:02,51.52,300,
11:18:02,51.52,181,
11:18:02,51.53,100,
11:18:02,51.51,139,
11:18:02,51.52,100,
11:18:21,51.53,209,
11:18:21,51.53,400,
11:18:22,51.55,300,
11:18:23,51.55,200,
11:18:23,51.55,100,
11:18:23,51.55,230,
11:18:25,51.555,2000,
11:18:28,51.53,200,
11:18:32,51.53,800,
11:18:33,51.51,230,
11:18:33,51.51,400,
11:18:34,51.51,800,
11:18:42,51.50,100,
11:18:42,51.50,700,
11:18:42,51.50,400,
11:18:46,51.50,150,
11:18:53,51.53,600,
11:18:57,51.49,2300,
11:19:01,51.489,500,
11:19:05,51.45,200,
11:19:05,51.44,400,
11:19:05,51.44,100,
11:19:05,51.43,100,
11:19:05,51.42,100,
11:19:05,51.44,200,
11:19:05,51.43,210,
11:19:20,51.44,230,
11:19:24,51.44,400,
11:19:26,51.43,100,
11:19:26,51.43,400,
11:19:26,51.43,600,
11:19:28,51.42,130,
11:19:28,51.42,500,
11:19:29,51.41,1000,
11:19:29,51.41,100,
11:19:31,51.45,100,
11:19:33,51.445,1000,
11:19:34,51.42,300,
11:19:51,51.41,200,
11:19:53,51.4118,261,
11:19:54,51.419,450,
11:19:55,51.41,100,
11:19:56,51.405,100,
11:20:00,51.4001,2000,
11:20:04,51.41,200,
11:20:05,51.38,200,
11:20:05,51.40,109,
11:20:05,51.39,200,
11:20:05,51.39,200,
11:20:06,51.40,227,
11:20:06,51.409,100,
11:20:07,51.39,200,
11:20:10,51.39,100,
11:20:17,51.41,100,
11:20:17,51.4118,100,
11:20:17,51.41,100,
11:20:17,51.41,300,
11:20:17,51.4118,100,
11:20:17,51.41,100,
11:20:19,51.4202,100,
11:20:26,51.427,100,
11:20:31,51.4201,285,
11:20:34,51.42,100,
11:20:43,51.42,118,
11:20:47,51.41,130,
11:20:47,51.42,100,
11:21:02,51.435,300,
11:21:04,51.44,300,
11:21:14,51.45,230,
11:21:15,51.44,200,
11:21:26,51.45,300,
11:21:30,51.479,100,
11:21:31,51.43,400,
11:21:31,51.46,600,
11:21:34,51.43,300,
11:21:34,51.43,100,
11:21:34,51.43,100,
11:21:34,51.44,230,
11:21:36,51.43,100,
11:21:42,51.4418,300,
11:21:43,51.4418,100,
11:21:44,51.44,100,
11:21:44,51.44,100,
11:22:01,51.4982,1000,
11:22:23,51.48,100,
11:22:37,51.4799,300,
11:22:47,51.49,1700,
11:22:57,51.4961,229,
11:23:21,51.4518,250,
11:23:24,51.4891,250,
11:23:30,51.46,582,
11:23:30,51.45,100,
11:24:03,51.48,100,
11:24:05,51.46,151,
11:24:12,51.461,200,
11:24:16,51.465,1000,
11:24:30,51.4418,250,
11:24:35,51.47,100,
11:24:44,51.43,900,
11:25:09,51.396,1200,
11:25:14,51.39,100,
11:25:14,51.38,230,
11:25:14,51.385,230,
11:25:14,51.385,230,
11:25:14,51.37,100,
11:25:27,51.381,150,
11:25:31,51.4008,140,
11:25:36,51.4299,6384,
11:25:38,51.4261,616,
11:25:40,51.40,100,
11:25:42,51.41,1000,
11:25:47,51.3999,500,
11:25:48,51.3999,600,
11:26:00,51.4099,200,
11:26:00,51.4099,500,
11:26:11,51.40,100,
11:26:13,51.405,600,
11:26:25,51.381,150,
11:26:54,51.40,100,
11:26:56,51.3701,3000,
11:26:58,51.39,333,
11:26:58,51.38,200,
11:26:58,51.37,400,
11:27:12,51.394,1000,
11:27:22,51.35,1000,
11:27:22,51.35,200,
11:27:22,51.32,230,
11:27:22,51.31,230,
11:27:22,51.31,400,
11:27:22,51.31,100,
11:27:22,51.32,400,
11:27:22,51.31,100,
11:27:22,51.31,100,
11:27:22,51.31,100,
11:27:22,51.30,400,
11:27:22,51.31,200,
11:27:22,51.31,100,
11:27:22,51.31,800,
11:27:22,51.31,1100,
11:27:22,51.32,100,
11:27:22,51.31,400,
11:27:22,51.31,300,
11:27:22,51.31,500,
11:27:22,51.31,300,
11:27:23,51.3288,300,
11:27:25,51.31,100,
11:27:26,51.33,100,
11:27:30,51.31,400,
11:27:30,51.30,300,
11:27:30,51.30,100,
11:27:32,51.30,200,
11:27:34,51.30,100,
11:27:36,51.30,200,
11:27:36,51.26,100,
11:27:36,51.27,200,
11:27:36,51.285,200,
11:27:37,51.2701,100,
11:27:38,51.2799,200,
11:27:38,51.29,200,
11:27:38,51.27,170,
11:27:40,51.2688,1300,
