09:30:00,54.61,150,
09:30:01,54.59,100,
09:30:01,54.5824,100,
09:30:03,54.54,300,
09:30:09,54.51,600,
09:30:09,54.51,500,
09:30:10,54.51,100,
09:30:13,54.47,400,
09:30:13,54.49,600,
09:30:16,54.48,300,
09:30:27,54.49,500,
09:30:27,54.50,725,
09:30:33,54.5002,5000,
09:30:37,54.519,100,
09:30:37,54.43,300,
09:30:37,54.43,300,
09:30:37,54.43,100,
09:30:37,54.43,500,
09:30:37,54.42,200,
09:30:38,54.482,100,
09:30:39,54.505,100,
09:30:40,54.494,400,
09:30:41,54.50,200,
09:30:42,54.50,210,
09:30:43,54.38,100,
09:30:43,54.38,200,
09:30:43,54.491,100,
09:30:43,54.491,100,
09:30:44,54.496,100,
09:30:46,54.44,165,
09:30:46,54.44,550,
09:30:46,54.35,100,
09:30:47,54.3845,400,
09:30:49,54.38,200,
09:30:49,54.38,200,
09:30:49,54.38,200,
09:30:50,54.36,300,
09:30:51,54.36,100,
09:30:52,54.36,100,
09:30:52,54.36,100,
09:30:52,54.36,100,
09:30:58,54.366,100,
09:31:08,54.328,100,
09:31:09,54.3225,2200,
09:31:12,54.3308,100,
09:31:13,54.3318,200,
09:31:16,54.3899,700,
09:31:21,54.3299,200,
09:31:37,54.3684,1000,
09:31:44,54.33,200,
09:31:44,54.33,100,
09:31:44,54.33,100,
09:31:44,54.33,100,
09:31:44,54.33,300,
09:31:44,54.32,200,
09:31:46,54.33,2200,
09:31:56,54.35,300,
09:32:00,54.315,2000,
09:32:03,54.32,500,
09:32:07,54.314,300,
09:32:14,54.302,100,
09:32:16,54.3078,400,
09:32:16,54.30,400,
09:32:18,54.29,300,
09:32:18,54.2821,890,
09:32:20,54.2855,500,
09:32:27,54.32,300,
09:32:29,54.286,200,
09:32:30,54.301,200,
09:32:37,54.281,100,
09:32:44,54.2999,1900,
09:32:46,54.27,200,
09:32:47,54.2925,2200,
09:32:50,54.27,280,
09:32:54,54.276,100,
09:32:57,54.30,300,
09:33:06,54.28,150,
09:33:10,54.285,2200,
09:33:11,54.2896,100,
09:33:11,54.29,200,
09:33:13,54.32,100,
09:33:19,54.3125,1500,
09:33:25,54.304,300,
09:33:27,54.29,100,
09:33:27,54.28,300,
09:33:30,54.28,200,
09:33:36,54.26,250,
09:33:41,54.30,2200,
09:33:41,54.321,200,
09:33:54,54.285,2200,
09:33:55,54.28,100,
09:34:10,54.28,200,
09:34:17,54.3025,2000,
09:34:26,54.31,100,
09:34:26,54.31,100,
09:34:29,54.308,100,
09:34:30,54.31,1000,
09:34:30,54.3001,200,
09:34:32,54.32,634,
09:34:34,54.33,100,
09:34:41,54.32,100,
09:34:41,54.32,600,
09:34:43,54.3059,100,
09:34:43,54.3059,100,
09:34:43,54.301,400,
09:34:46,54.28,100,
09:34:46,54.28,100,
09:34:54,54.25,100,
09:34:56,54.26,300,
09:35:01,54.31,100,
09:35:05,54.30,100,
09:35:08,54.31,100,
09:35:12,54.312,250,
09:35:16,54.288,1000,
09:35:18,54.318,450,
09:35:20,54.32,300,
09:35:21,54.3199,190,
09:35:24,54.3185,100,
09:35:24,54.3185,100,
09:35:24,54.311,293,
09:35:27,54.311,200,
09:35:30,54.31,2500,
09:35:31,54.32,400,
09:35:31,54.29,200,
09:35:32,54.289,200,
09:35:32,54.289,400,
09:35:34,54.288,4700,
09:35:36,54.30,300,
09:35:37,54.34,1700,
09:35:39,54.33,100,
09:35:45,54.32,200,
09:35:46,54.3097,100,
09:35:46,54.31,160,
09:35:47,54.32,100,
09:35:47,54.31,100,
09:35:49,54.30,100,
09:35:54,54.3192,100,
09:35:55,54.30,300,
09:35:55,54.30,100,
09:35:57,54.30,2000,
09:35:57,54.28,105,
09:35:57,54.279,300,
09:36:05,54.289,500,
09:36:05,54.289,575,
09:36:07,54.26,199,
09:36:09,54.289,200,
09:36:10,54.279,100,
09:36:11,54.26,100,
09:36:11,54.26,100,
09:36:12,54.2699,180,
09:36:14,54.26,100,
09:36:14,54.25,350,
09:36:18,54.2791,100,
09:36:18,54.28,150,
09:36:34,54.299,100,
09:36:35,54.30,100,
09:36:35,54.31,500,
09:36:37,54.298,100,
09:36:40,54.30,100,
09:36:42,54.297,100,
09:36:47,54.2985,200,
09:36:48,54.2999,100,
09:36:55,54.34,100,
09:36:55,54.35,100,
09:36:55,54.3298,100,
09:36:55,54.31,100,
09:36:59,54.32,170,
09:37:00,54.3199,100,
09:37:01,54.31,100,
09:37:01,54.30,300,
09:37:01,54.3131,100,
09:37:03,54.30,100,
09:37:05,54.3178,100,
09:37:05,54.3199,200,
09:37:10,54.3082,200,
09:37:14,54.30,500,
09:37:14,54.30,100,
09:37:14,54.28,100,
09:37:14,54.30,100,
09:37:15,54.30,100,
09:37:17,54.288,100,
09:37:19,54.27,100,
09:37:20,54.28,100,
09:37:22,54.26,400,
09:37:22,54.26,100,
09:37:22,54.26,100,
09:37:22,54.26,100,
09:37:25,54.24,100,
09:37:27,54.22,100,
09:37:27,54.22,100,
09:37:28,54.20,100,
09:37:30,54.195,100,
09:37:33,54.19,100,
09:37:33,54.18,350,
09:37:36,54.1977,200,
09:37:36,54.20,100,
09:37:36,54.20,100,
09:37:36,54.20,300,
09:37:36,54.20,300,
09:37:36,54.209,400,
09:37:37,54.16,200,
09:37:37,54.16,200,
09:37:37,54.17,400,
09:37:37,54.14,100,
09:37:37,54.14,100,
09:37:37,54.15,200,
09:37:37,54.15,1000,
09:37:38,54.21,100,
09:37:43,54.19,300,
09:37:45,54.1899,100,
09:37:51,54.16,100,
09:37:53,54.1501,1500,
09:37:56,54.1791,400,
09:38:15,54.17,100,
09:38:16,54.16,100,
09:38:21,54.23,2400,
09:38:22,54.195,250,
09:38:24,54.22,250,
09:38:26,54.24,100,
09:38:26,54.25,300,
09:38:29,54.22,900,
09:38:30,54.18,100,
09:38:30,54.211,2100,
09:38:41,54.239,200,
09:38:41,54.2399,200,
09:38:52,54.27,100,
09:38:52,54.2631,100,
09:38:52,54.2699,100,
09:38:54,54.266,1700,
09:38:55,54.27,100,
09:38:58,54.2854,100,
09:39:04,54.26,100,
09:39:09,54.2699,100,
09:39:16,54.2301,8500,
09:39:17,54.27,265,
09:39:17,54.28,200,
09:39:24,54.26,300,
09:39:24,54.2618,200,
09:39:25,54.266,100,
09:39:33,54.25,1000,
09:39:34,54.25,200,
09:39:34,54.25,300,
09:39:34,54.25,100,
09:39:34,54.256,1500,
09:39:34,54.25,100,
09:39:35,54.28,300,
09:39:35,54.28,100,
09:39:35,54.29,100,
09:39:38,54.31,100,
09:39:40,54.3099,100,
09:39:40,54.32,200,
09:39:42,54.28,100,
09:39:43,54.2799,200,
09:39:47,54.29,100,
09:39:47,54.30,300,
09:39:47,54.28,100,
09:39:47,54.28,100,
09:39:47,54.28,100,
09:39:55,54.29,200,
09:39:59,54.35,100,
09:40:00,54.34,100,
09:40:01,54.38,100,
09:40:04,54.3736,150,
09:40:10,54.35,100,
09:40:12,54.3484,500,
09:40:16,54.349,200,
09:40:17,54.3499,100,
09:40:19,54.3899,500,
09:40:19,54.3708,100,
09:40:19,54.37,100,
09:40:19,54.3772,100,
09:40:19,54.37,100,
09:40:19,54.39,100,
09:40:19,54.40,100,
09:40:19,54.37,300,
09:40:19,54.37,400,
09:40:25,54.35,100,
09:40:25,54.35,100,
09:40:25,54.3352,380,
09:40:30,54.349,200,
09:40:37,54.3599,1000,
09:40:43,54.352,100,
09:40:47,54.38,100,
09:40:48,54.38,200,
09:40:50,54.396,700,
09:40:51,54.42,300,
09:40:57,54.36,100,
09:41:00,54.36,100,
09:41:00,54.36,100,
09:41:01,54.37,100,
09:41:04,54.3849,100,
09:41:04,54.389,150,
09:41:06,54.40,2000,
09:41:06,54.3882,350,
09:41:08,54.38,100,
09:41:13,54.394,400,
09:41:15,54.39,100,
09:41:16,54.3899,200,
09:41:17,54.3894,100,
09:41:17,54.3899,100,
09:41:17,54.3716,100,
09:41:21,54.382,300,
09:41:25,54.41,100,
09:41:26,54.379,100,
09:41:33,54.40,100,
09:41:33,54.36,300,
09:41:33,54.36,600,
09:41:34,54.36,200,
09:41:34,54.36,100,
09:41:37,54.384,400,
09:41:40,54.421,200,
09:41:41,54.3868,138,
09:41:50,54.4099,200,
09:41:50,54.42,100,
09:41:54,54.40,400,
09:42:06,54.4449,100,
09:42:06,54.449,200,
09:42:06,54.4498,100,
09:42:06,54.45,100,
09:42:06,54.438,100,
09:42:06,54.4201,2300,
09:42:07,54.42,100,
09:42:10,54.43,100,
09:42:12,54.44,800,
09:42:15,54.4358,1000,
09:42:18,54.43,100,
09:42:21,54.42,100,
09:42:21,54.42,100,
09:42:21,54.42,100,
09:42:21,54.42,100,
09:42:22,54.4299,1000,
09:42:25,54.4299,500,
09:42:26,54.44,100,
09:42:26,54.44,200,
09:42:26,54.44,100,
09:42:26,54.44,200,
09:42:26,54.46,100,
09:42:26,54.46,100,
09:42:26,54.46,100,
09:42:26,54.46,100,
09:42:28,54.439,100,
09:42:32,54.4336,200,
09:42:36,54.441,1700,
09:42:40,54.4591,300,
09:42:42,54.47,100,
09:42:42,54.46,100,
09:42:45,54.445,2500,
09:42:46,54.48,300,
09:42:52,54.49,114,
09:42:56,54.50,100,
09:42:56,54.50,200,
09:42:56,54.50,100,
09:42:56,54.50,100,
09:42:56,54.50,100,
09:42:56,54.50,100,
09:42:56,54.514,120,
09:42:58,54.499,200,
09:43:00,54.501,200,
09:43:04,54.5084,500,
09:43:08,54.501,200,
09:43:13,54.46,100,
09:43:15,54.4382,500,
09:43:15,54.40,100,
09:43:15,54.40,100,
09:43:15,54.42,200,
09:43:18,54.4082,300,
09:43:21,54.37,200,
09:43:21,54.3676,100,
09:43:21,54.38,100,
09:43:40,54.4336,440,
09:43:48,54.45,300,
09:43:48,54.4338,100,
09:43:48,54.45,300,
09:43:51,54.4113,500,
09:43:51,54.414,400,
09:43:52,54.40,100,
09:43:52,54.40,100,
09:43:55,54.38,100,
09:44:05,54.3601,950,
09:44:24,54.4001,6000,
09:44:26,54.444,100,
09:44:26,54.449,300,
09:44:27,54.418,500,
09:44:30,54.459,100,
09:44:32,54.48,100,
09:44:32,54.48,100,
09:44:32,54.48,100,
09:44:32,54.49,200,
09:44:32,54.48,200,
09:44:32,54.4799,200,
09:44:49,54.421,100,
09:44:49,54.42,100,
09:44:55,54.4577,100,
09:44:55,54.469,200,
09:44:55,54.45,100,
09:44:55,54.40,100,
09:44:55,54.40,100,
09:44:55,54.40,100,
09:44:55,54.40,100,
09:44:55,54.40,100,
09:44:55,54.40,100,
09:44:55,54.38,100,
09:44:59,54.4177,100,
09:44:59,54.4177,181,
09:45:05,54.43,200,
09:45:11,54.43,200,
09:45:16,54.4499,500,
09:45:21,54.479,100,
09:45:22,54.478,100,
09:45:23,54.4899,950,
09:45:27,54.45,100,
09:45:27,54.479,1200,
09:45:33,54.49,100,
09:45:34,54.4732,100,
09:45:34,54.479,300,
09:45:37,54.53,200,
09:45:37,54.56,100,
09:45:37,54.55,100,
09:45:37,54.54,100,
09:45:37,54.57,200,
09:45:37,54.58,100,
09:45:37,54.57,100,
09:45:37,54.57,100,
09:45:37,54.57,200,
09:45:38,54.56,100,
09:45:38,54.56,300,
09:45:38,54.56,200,
09:45:39,54.54,100,
09:45:40,54.5458,100,
09:45:40,54.559,200,
09:45:41,54.5358,300,
09:45:47,54.5295,100,
09:45:47,54.549,300,
09:45:52,54.58,500,
09:45:52,54.57,100,
09:45:57,54.59,100,
09:45:59,54.5601,100,
09:46:00,54.59,100,
09:46:00,54.59,100,
09:46:02,54.5718,100,
09:46:02,54.59,100,
09:46:02,54.59,100,
09:46:02,54.59,600,
09:46:02,54.59,400,
09:46:02,54.59,100,
09:46:03,54.6001,200,
09:46:03,54.60,200,
09:46:03,54.60,100,
09:46:03,54.60,300,
09:46:05,54.619,100,
09:46:05,54.619,100,
09:46:05,54.60,5600,
09:46:05,54.6282,500,
09:46:10,54.6171,550,
09:46:10,54.629,100,
09:46:10,54.629,500,
09:46:12,54.6001,5700,
09:46:13,54.629,100,
09:46:14,54.60,100,
09:46:14,54.60,100,
09:46:14,54.60,100,
09:46:14,54.59,1000,
09:46:14,54.60,1500,
09:46:16,54.5997,100,
09:46:16,54.586,125,
09:46:23,54.61,100,
09:46:23,54.62,200,
09:46:23,54.62,200,
09:46:24,54.5982,100,
09:46:24,54.60,100,
09:46:24,54.61,100,
09:46:25,54.5999,200,
09:46:29,54.62,200,
09:46:29,54.62,200,
09:46:29,54.61,100,
09:46:29,54.6293,100,
09:46:29,54.63,175,
09:46:30,54.6101,200,
09:46:30,54.65,100,
09:46:31,54.6487,100,
09:46:32,54.64,100,
09:46:32,54.6402,100,
09:46:32,54.65,100,
09:46:33,54.6449,100,
09:46:33,54.6499,300,
09:46:33,54.65,5100,
09:46:34,54.6499,150,
09:46:35,54.64,200,
09:46:35,54.63,100,
09:46:35,54.63,100,
09:46:38,54.6401,500,
09:46:38,54.6401,100,
09:46:38,54.6498,100,
09:46:38,54.6498,100,
09:46:39,54.64,500,
09:46:40,54.66,300,
09:46:43,54.641,300,
09:46:43,54.64,100,
09:46:43,54.64,100,
09:46:45,54.64,100,
09:46:45,54.6485,100,
09:46:46,54.62,300,
09:46:46,54.63,700,
09:46:46,54.63,100,
09:46:46,54.62,100,
09:46:51,54.6182,100,
09:46:51,54.6242,500,
09:46:51,54.61,200,
09:46:51,54.60,100,
09:46:51,54.61,100,
09:46:51,54.61,100,
09:46:51,54.61,100,
09:46:51,54.60,1600,
09:46:51,54.63,100,
09:46:51,54.6228,100,
09:46:52,54.59,200,
09:46:53,54.59,900,
09:46:58,54.6246,860,
09:46:59,54.604,100,
09:47:01,54.622,200,
09:47:01,54.607,100,
09:47:01,54.607,200,
09:47:01,54.61,200,
09:47:01,54.61,100,
09:47:03,54.60,500,
09:47:03,54.5923,100,
09:47:03,54.5923,200,
09:47:04,54.59,100,
09:47:04,54.60,100,
09:47:04,54.60,100,
09:47:04,54.60,100,
09:47:05,54.5999,200,
09:47:05,54.60,399,
09:47:07,54.5958,1000,
09:47:07,54.6073,100,
09:47:07,54.6073,200,
09:47:08,54.61,400,
09:47:12,54.61,200,
09:47:12,54.62,200,
09:47:12,54.63,200,
09:47:13,54.59,200,
09:47:13,54.60,100,
09:47:13,54.60,100,
09:47:13,54.60,200,
09:47:13,54.60,1000,
09:47:13,54.60,300,
09:47:13,54.59,100,
09:47:13,54.61,300,
09:47:13,54.61,300,
09:47:13,54.6064,100,
09:47:13,54.61,300,
09:47:13,54.61,100,
09:47:16,54.63,100,
09:47:21,54.6179,100,
09:47:22,54.60,300,
09:47:22,54.60,100,
09:47:22,54.601,250,
09:47:25,54.60,100,
09:47:25,54.599,100,
09:47:26,54.5999,700,
09:47:26,54.58,700,
09:47:26,54.57,100,
09:47:26,54.57,100,
09:47:26,54.56,200,
09:47:26,54.56,100,
09:47:26,54.56,100,
09:47:26,54.54,950,
09:47:26,54.54,100,
09:47:26,54.54,100,
09:47:26,54.53,200,
09:47:26,54.53,100,
09:47:27,54.5499,200,
09:47:29,54.55,200,
09:47:29,54.55,101,
09:47:29,54.55,102,
09:47:29,54.55,102,
09:47:33,54.62,100,
09:47:33,54.62,100,
09:47:33,54.63,100,
09:47:33,54.64,200,
09:47:33,54.65,300,
09:47:35,54.6199,300,
09:47:36,54.59,200,
09:47:36,54.59,100,
09:47:36,54.59,100,
09:47:36,54.59,402,
09:47:37,54.57,200,
09:47:40,54.55,100,
09:47:40,54.55,700,
09:47:40,54.57,100,
09:47:40,54.55,100,
09:47:40,54.57,100,
09:47:40,54.5664,100,
09:47:41,54.55,100,
09:47:50,54.5799,100,
09:47:56,54.56,300,
09:47:58,54.561,200,
09:47:59,54.58,600,
09:48:01,54.58,100,
09:48:13,54.5799,100,
09:48:16,54.59,100,
09:48:19,54.5846,1738,
09:48:20,54.59,100,
09:48:20,54.59,300,
09:48:21,54.60,100,
09:48:23,54.60,250,
09:48:23,54.5999,100,
09:48:26,54.62,200,
09:48:26,54.63,100,
09:48:27,54.58,100,
09:48:27,54.58,200,
09:48:29,54.6082,300,
09:48:39,54.61,100,
09:48:39,54.61,300,
09:48:39,54.63,3500,
09:48:42,54.59,100,
09:48:42,54.5901,1000,
09:48:42,54.59,100,
09:48:48,54.58,100,
09:48:48,54.59,100,
09:48:51,54.59,100,
09:48:53,54.59,100,
09:48:53,54.59,100,
09:48:53,54.59,100,
09:48:54,54.5997,100,
09:48:54,54.61,100,
09:48:54,54.61,100,
09:48:54,54.59,100,
09:48:54,54.59,100,
09:48:54,54.59,100,
09:48:54,54.59,200,
09:48:59,54.60,100,
09:49:00,54.58,400,
09:49:00,54.58,100,
09:49:05,54.57,500,
09:49:10,54.55,100,
09:49:16,54.5735,100,
09:49:16,54.5515,100,
09:49:17,54.57,100,
09:49:19,54.566,100,
09:49:20,54.58,100,
09:49:23,54.569,100,
09:49:28,54.55,200,
09:49:28,54.5499,300,
09:49:29,54.5454,100,
09:49:33,54.5459,660,
09:49:54,54.48,200,
09:49:54,54.48,300,
09:49:55,54.49,100,
09:49:55,54.4701,500,
09:50:02,54.4728,1000,
09:50:05,54.49,300,
09:50:10,54.49,100,
09:50:25,54.50,200,
09:50:29,54.5199,100,
09:50:35,54.52,118,
09:50:43,54.4842,1000,
09:50:43,54.47,200,
09:50:47,54.48,100,
09:50:47,54.4797,100,
09:50:47,54.47,400,
09:50:47,54.47,100,
09:50:52,54.45,100,
09:50:52,54.45,100,
09:50:52,54.45,100,
09:50:54,54.4401,200,
09:50:59,54.45,400,
09:50:59,54.45,100,
09:51:01,54.45,200,
09:51:05,54.4497,100,
09:51:08,54.43,1000,
09:51:08,54.43,100,
09:51:08,54.43,100,
09:51:11,54.42,100,
09:51:13,54.42,100,
09:51:17,54.43,300,
09:51:17,54.43,100,
09:51:20,54.42,100,
09:51:21,54.4215,4700,
09:51:24,54.4382,200,
09:51:28,54.45,200,
09:51:28,54.44,100,
09:51:28,54.44,100,
09:51:28,54.45,306,
09:51:30,54.44,200,
09:51:30,54.47,100,
09:51:38,54.45,100,
09:51:46,54.469,500,
09:51:53,54.43,600,
09:51:53,54.43,100,
09:51:53,54.43,100,
09:51:53,54.43,100,
09:51:54,54.42,300,
09:52:04,54.42,100,
09:52:14,54.44,100,
09:52:21,54.41,100,
09:52:21,54.4199,208,
09:52:36,54.4201,200,
09:52:36,54.42,100,
09:52:37,54.42,100,
09:52:37,54.41,400,
09:52:38,54.40,100,
09:52:38,54.40,198,
09:52:38,54.40,500,
09:52:38,54.40,100,
09:52:38,54.39,350,
09:52:38,54.3901,600,
09:52:38,54.38,100,
09:52:38,54.38,100,
09:52:39,54.3999,1000,
09:52:41,54.39,400,
09:52:42,54.399,1000,
09:52:43,54.39,100,
09:52:43,54.39,400,
09:52:50,54.4099,200,
09:52:55,54.40,100,
09:52:57,54.38,100,
09:52:57,54.38,100,
09:52:57,54.38,200,
09:52:57,54.38,100,
09:52:57,54.40,100,
09:53:00,54.40,200,
09:53:15,54.4199,400,
09:53:17,54.39,200,
09:53:17,54.39,300,
09:53:21,54.38,100,
09:53:21,54.36,200,
09:53:21,54.36,100,
09:53:21,54.35,1525,
09:53:27,54.34,100,
09:53:27,54.34,100,
09:53:27,54.33,100,
09:53:27,54.33,100,
09:53:27,54.33,100,
09:53:33,54.334,135,
09:53:34,54.33,100,
09:53:34,54.33,400,
09:53:34,54.31,100,
09:53:34,54.31,300,
09:53:34,54.33,300,
09:53:34,54.33,300,
09:53:34,54.33,100,
09:53:35,54.32,100,
09:53:35,54.32,100,
09:53:42,54.2801,400,
09:53:43,54.27,100,
09:53:43,54.28,100,
09:53:43,54.28,500,
09:53:43,54.2618,200,
09:53:44,54.2782,500,
09:53:45,54.25,175,
09:53:46,54.28,100,
09:53:46,54.28,100,
09:53:46,54.2501,100,
09:53:47,54.25,100,
09:53:47,54.27,120,
09:53:47,54.2625,2000,
09:53:48,54.244,550,
09:53:49,54.2598,200,
09:53:50,54.2418,100,
09:53:52,54.2682,100,
09:54:02,54.2729,500,
09:54:05,54.27,100,
09:54:07,54.254,250,
09:54:08,54.27,100,
09:54:08,54.27,100,
09:54:11,54.2787,625,
09:54:14,54.27,100,
09:54:17,54.296,1000,
09:54:17,54.27,200,
09:54:18,54.27,100,
09:54:18,54.27,200,
09:54:18,54.27,100,
09:54:18,54.27,600,
09:54:18,54.27,100,
09:54:18,54.27,100,
09:54:27,54.29,100,
09:54:27,54.28,400,
09:54:36,54.2523,100,
09:54:36,54.251,100,
09:54:48,54.25,200,
09:54:48,54.259,500,
09:54:49,54.25,100,
09:54:49,54.24,100,
09:54:49,54.23,200,
09:54:51,54.24,100,
09:54:52,54.241,100,
09:54:55,54.25,100,
09:54:57,54.231,3001,
09:54:59,54.23,300,
09:55:00,54.25,200,
09:55:00,54.245,100,
09:55:01,54.2701,1000,
09:55:04,54.25,500,
09:55:11,54.25,200,
09:55:11,54.25,350,
09:55:11,54.24,100,
09:55:11,54.24,100,
09:55:12,54.23,400,
09:55:14,54.246,300,
09:55:14,54.24,200,
09:55:15,54.239,1000,
09:55:19,54.20,100,
09:55:22,54.1701,100,
09:55:28,54.14,100,
09:55:30,54.14,900,
09:55:32,54.1581,1000,
09:55:43,54.1399,300,
09:55:44,54.115,100,
09:55:48,54.10,500,
09:55:48,54.10,100,
09:55:48,54.10,100,
09:55:48,54.10,100,
09:55:48,54.08,100,
09:55:48,54.08,100,
09:55:48,54.086,250,
09:55:50,54.10,100,
09:55:50,54.0758,1000,
09:55:50,54.0701,800,
09:55:53,54.07,500,
09:55:54,54.07,200,
09:55:54,54.051,100,
09:55:56,54.043,300,
09:55:59,54.02,100,
09:56:01,54.0382,1000,
09:56:06,54.0236,100,
09:56:07,54.05,200,
09:56:07,54.05,100,
09:56:14,54.011,103,
09:56:16,54,100,
09:56:16,54.0182,500,
09:56:18,54.02,200,
09:56:18,54.02,300,
09:56:18,54.02,100,
09:56:18,54,460,
09:56:23,54.02,100,
09:56:24,54.02,200,
09:56:26,54.0336,450,
09:56:29,54.02,300,
09:56:29,54.03,200,
09:56:30,54,300,
09:56:34,54,20000,
09:56:39,54,651,
09:56:44,53.976,200,
09:56:46,54.019,500,
09:56:50,54.0359,100,
09:56:50,54.0384,100,
09:56:50,54.039,900,
09:56:51,54.034,460,
09:56:53,54.04,3300,
09:56:55,54.0599,100,
09:56:55,54.07,100,
09:56:56,54.079,100,
09:56:56,54.079,200,
09:56:59,54.08,100,
09:57:01,54.09,100,
09:57:01,54.09,200,
09:57:01,54.09,300,
09:57:04,54.119,100,
09:57:12,54.0805,100,
09:57:12,54.0801,100,
09:57:12,54.08,100,
09:57:17,54.13,100,
09:57:17,54.14,200,
09:57:17,54.15,100,
09:57:17,54.16,200,
09:57:17,54.13,100,
09:57:17,54.13,100,
09:57:17,54.12,200,
09:57:17,54.15,100,
09:57:17,54.15,200,
09:57:17,54.15,100,
09:57:17,54.1425,2212,
09:57:21,54.119,1200,
09:57:22,54.12,500,
09:57:23,54.10,100,
09:57:23,54.10,200,
09:57:33,54.14,200,
09:57:33,54.1382,800,
09:57:33,54.14,100,
09:57:36,54.15,100,
09:57:36,54.15,100,
09:57:39,54.11,100,
09:57:41,54.10,1900,
09:57:50,54.1082,200,
09:57:51,54.1094,100,
09:57:57,54.0999,100,
09:58:15,54.11,100,
09:58:15,54.1079,200,
09:58:36,54.1064,400,
09:58:42,54.04,100,
09:58:42,54.03,400,
09:58:42,54.049,500,
09:58:48,54.02,100,
09:58:48,54.05,200,
09:58:54,54.049,500,
09:58:59,54.05,200,
09:59:00,54.001,199,
09:59:03,54.03,100,
09:59:03,54.03,400,
09:59:03,54.03,100,
09:59:03,54.03,300,
09:59:03,54.03,100,
09:59:03,54.03,600,
09:59:03,54.02,100,
09:59:03,54.01,100,
09:59:03,54.03,1700,
09:59:03,54,300,
09:59:03,54.01,100,
09:59:03,54,100,
09:59:03,54,300,
09:59:03,54.02,300,
09:59:03,54.02,100,
09:59:03,54,100,
09:59:03,54,100,
09:59:03,54,100,
09:59:03,54,100,
09:59:03,54.03,300,
09:59:04,54.01,100,
09:59:12,53.98,1000,
09:59:21,54.05,200,
09:59:21,54.05,100,
09:59:26,54.06,600,
09:59:27,54.0799,100,
09:59:36,54.0982,145,
09:59:41,54.0648,200,
09:59:56,54.1768,600,
09:59:58,54.1664,500,
10:00:01,53.84,700,
10:00:01,53.995,2115,
10:00:01,53.85,100,
10:00:01,54.1935,2031,
10:00:01,53.84,100,
10:00:01,54.04,100,
10:00:01,54,100,
10:00:02,53.78,450,
10:00:02,53.75,100,
10:00:02,53.76,100,
10:00:03,53.84,500,
10:00:03,53.72,104,
10:00:05,53.70,810,
10:00:05,53.77,100,
10:00:05,53.68,100,
10:00:05,53.63,104,
10:00:05,53.72,100,
10:00:05,53.70,100,
10:00:05,53.70,100,
10:00:06,53.6961,100,
10:00:06,53.72,200,
10:00:06,53.762,500,
10:00:07,53.70,100,
10:00:07,53.70,100,
10:00:08,53.72,300,
10:00:08,53.712,500,
10:00:09,53.71,200,
10:00:09,53.70,100,
10:00:09,53.70,2000,
10:00:10,53.69,400,
10:00:10,53.62,300,
10:00:11,53.68,300,
10:00:11,53.71,300,
10:00:11,53.70,200,
10:00:11,53.72,100,
10:00:11,53.71,400,
10:00:11,53.73,100,
10:00:11,53.68,300,
10:00:12,53.6709,100,
10:00:12,53.6896,600,
10:00:13,53.69,100,
10:00:13,53.69,100,
10:00:13,53.66,200,
10:00:13,53.65,200,
10:00:13,53.78,1200,
10:00:13,53.79,100,
10:00:13,53.80,200,
10:00:13,53.70,200,
10:00:13,53.72,100,
10:00:13,53.66,100,
10:00:14,53.70,100,
10:00:15,53.72,400,
10:00:15,53.71,100,
10:00:15,53.73,100,
10:00:16,53.66,100,
10:00:16,53.66,100,
10:00:18,53.71,100,
10:00:18,53.66,100,
10:00:19,53.62,600,
10:00:19,53.62,600,
10:00:19,53.60,100,
10:00:19,53.67,200,
10:00:19,53.66,100,
10:00:19,53.68,100,
10:00:19,53.69,100,
10:00:23,53.606,150,
10:00:24,53.60,200,
10:00:25,53.57,300,
10:00:25,53.5974,500,
10:00:26,53.5701,5000,
10:00:27,53.571,1700,
10:00:27,53.57,100,
10:00:27,53.57,100,
10:00:27,53.57,600,
10:00:27,53.55,100,
10:00:27,53.56,100,
10:00:27,53.56,400,
10:00:28,53.61,300,
10:00:28,53.62,100,
10:00:29,53.56,600,
10:00:29,53.56,200,
10:00:29,53.5609,100,
10:00:30,53.572,200,
10:00:31,53.54,100,
10:00:31,53.54,100,
10:00:31,53.54,200,
10:00:32,53.57,100,
10:00:32,53.58,100,
10:00:32,53.541,100,
10:00:32,53.54,100,
10:00:32,53.531,100,
10:00:32,53.53,200,
10:00:32,53.53,230,
10:00:32,53.53,100,
10:00:33,53.52,300,
10:00:33,53.49,200,
10:00:33,53.50,300,
10:00:33,53.501,200,
10:00:33,53.50,300,
10:00:33,53.50,100,
10:00:33,53.481,1200,
10:00:33,53.501,400,
10:00:33,53.50,100,
10:00:34,53.50,900,
10:00:34,53.55,300,
10:00:34,53.56,200,
10:00:35,53.5551,100,
10:00:36,53.55,200,
10:00:37,53.56,200,
10:00:37,53.56,200,
10:00:37,53.53,200,
10:00:37,53.52,200,
10:00:37,53.56,200,
10:00:37,53.55,300,
10:00:37,53.56,200,
10:00:38,53.5201,600,
10:00:38,53.58,100,
10:00:39,53.58,2000,
10:00:40,53.60,800,
10:00:41,53.62,100,
10:00:41,53.5916,100,
10:00:41,53.591,1500,
10:00:41,53.595,500,
10:00:42,53.5701,200,
10:00:42,53.5701,400,
10:00:42,53.5701,100,
10:00:43,53.56,100,
10:00:43,53.56,100,
10:00:43,53.55,100,
10:00:43,53.57,200,
10:00:43,53.58,100,
10:00:44,53.57,6100,
10:00:44,53.50,100,
10:00:44,53.47,100,
10:00:44,53.47,100,
10:00:44,53.53,300,
10:00:45,53.48,700,
10:00:45,53.48,3000,
10:00:45,53.54,600,
10:00:46,53.57,1100,
10:00:46,53.53,200,
10:00:47,53.55,200,
10:00:48,53.58,300,
10:00:48,53.57,100,
10:00:48,53.64,700,
10:00:48,53.65,300,
10:00:50,53.56,300,
10:00:50,53.56,600,
10:00:50,53.56,100,
10:00:50,53.57,200,
10:00:50,53.56,100,
10:00:50,53.54,200,
10:00:50,53.56,100,
10:00:50,53.56,300,
10:00:50,53.57,200,
10:00:50,53.56,300,
10:00:50,53.58,600,
10:00:52,53.57,200,
10:00:54,53.5955,1100,
10:00:57,53.54,1000,
10:00:57,53.58,400,
10:00:57,53.56,100,
10:00:57,53.581,500,
10:00:58,53.60,500,
10:01:00,53.55,2000,
10:01:01,53.5501,150,
10:01:02,53.5989,100,
10:01:03,53.5999,200,
10:01:04,53.5501,200,
10:01:05,53.57,200,
10:01:06,53.5301,700,
10:01:07,53.55,200,
10:01:07,53.61,200,
10:01:09,53.54,107,
10:01:10,53.56,100,
10:01:10,53.54,100,
10:01:10,53.55,100,
10:01:10,53.54,100,
10:01:10,53.58,400,
10:01:12,53.55,300,
10:01:12,53.51,100,
10:01:12,53.54,300,
10:01:13,53.49,200,
10:01:14,53.4899,1200,
10:01:14,53.50,300,
10:01:14,53.49,100,
10:01:14,53.49,100,
10:01:14,53.49,100,
10:01:15,53.50,300,
10:01:18,53.57,1300,
10:01:20,53.4851,100,
10:01:20,53.471,200,
10:01:21,53.51,230,
10:01:23,53.5001,100,
10:01:24,53.52,100,
10:01:25,53.53,200,
10:01:26,53.52,100,
10:01:26,53.52,100,
10:01:26,53.49,200,
10:01:26,53.48,200,
10:01:27,53.48,600,
10:01:27,53.52,600,
10:01:27,53.53,100,
10:01:27,53.54,100,
10:01:28,53.501,100,
10:01:28,53.52,300,
10:01:31,53.552,300,
10:01:35,53.54,200,
10:01:36,53.54,1000,
10:01:36,53.54,1800,
10:01:36,53.54,200,
10:01:36,53.54,200,
10:01:36,53.54,300,
10:01:36,53.54,200,
10:01:39,53.56,400,
10:01:41,53.4901,700,
10:01:43,53.511,100,
10:01:43,53.55,100,
10:01:45,53.52,800,
10:01:45,53.50,200,
10:01:45,53.51,100,
10:01:45,53.51,400,
10:01:48,53.5116,500,
10:01:48,53.50,200,
10:01:48,53.50,200,
10:01:48,53.50,100,
10:01:48,53.50,500,
10:01:48,53.50,2074,
10:01:48,53.50,600,
10:01:48,53.50,100,
10:01:48,53.50,300,
10:01:48,53.50,100,
10:01:48,53.50,500,
10:01:48,53.50,100,
10:01:48,53.50,500,
10:01:48,53.50,900,
10:01:48,53.50,400,
10:01:48,53.50,200,
10:01:48,53.50,400,
10:01:48,53.47,100,
10:01:48,53.48,200,
10:01:48,53.46,100,
10:01:50,53.5099,200,
10:01:54,53.42,250,
10:01:55,53.46,200,
10:01:55,53.48,300,
10:01:55,53.48,100,
10:01:56,53.48,200,
10:01:56,53.48,1000,
10:01:56,53.4199,200,
10:01:57,53.40,500,
10:01:57,53.44,100,
10:01:57,53.45,300,
10:01:57,53.47,200,
10:02:00,53.48,200,
10:02:00,53.47,100,
10:02:00,53.4899,3120,
10:02:01,53.50,300,
10:02:01,53.4982,300,
10:02:03,53.50,200,
10:02:03,53.471,100,
10:02:03,53.471,200,
10:02:03,53.47,100,
10:02:03,53.46,100,
10:02:04,53.48,1300,
10:02:06,53.49,100,
10:02:06,53.51,100,
10:02:06,53.51,600,
10:02:06,53.50,300,
10:02:06,53.52,200,
10:02:06,53.53,100,
10:02:06,53.53,200,
10:02:06,53.52,1600,
10:02:07,53.48,100,
10:02:07,53.48,200,
10:02:07,53.47,100,
10:02:08,53.48,300,
10:02:10,53.45,200,
10:02:11,53.4508,100,
10:02:11,53.45,200,
10:02:11,53.45,100,
10:02:12,53.49,100,
10:02:14,53.49,100,
10:02:14,53.50,100,
10:02:14,53.49,100,
10:02:14,53.48,100,
10:02:14,53.50,100,
10:02:14,53.48,100,
10:02:15,53.4828,100,
10:02:15,53.48,200,
10:02:15,53.471,1500,
10:02:15,53.484,200,
10:02:16,53.483,100,
10:02:16,53.51,100,
10:02:16,53.54,700,
10:02:16,53.55,100,
10:02:16,53.54,300,
10:02:20,53.5675,4000,
10:02:21,53.52,900,
10:02:22,53.56,900,
10:02:22,53.54,100,
10:02:22,53.53,100,
10:02:22,53.521,200,
10:02:22,53.56,100,
10:02:23,53.532,100,
10:02:25,53.532,100,
10:02:25,53.55,100,
10:02:26,53.5164,100,
10:02:26,53.5164,100,
10:02:35,53.55,200,
10:02:35,53.57,100,
10:02:38,53.5999,1500,
10:02:41,53.55,200,
10:02:41,53.572,970,
10:02:42,53.57,500,
10:02:42,53.51,200,
10:02:42,53.52,100,
10:02:42,53.54,400,
10:02:42,53.53,100,
10:02:45,53.5385,100,
10:02:45,53.54,100,
10:02:45,53.532,100,
10:02:45,53.54,100,
10:02:45,53.5399,100,
10:02:46,53.57,100,
10:02:48,53.57,300,
10:02:48,53.57,200,
10:02:48,53.57,600,
10:02:48,53.57,1000,
10:02:48,53.57,100,
10:02:48,53.57,100,
10:02:48,53.57,100,
10:02:49,53.61,100,
10:02:50,53.6001,300,
10:02:51,53.60,1700,
10:02:51,53.60,400,
10:02:51,53.60,200,
10:02:51,53.60,100,
10:02:51,53.60,300,
10:02:51,53.60,400,
10:02:51,53.60,300,
10:02:51,53.60,170,
10:02:51,53.60,100,
10:02:51,53.60,500,
10:02:51,53.60,500,
10:02:51,53.60,100,
10:02:51,53.60,100,
10:02:51,53.60,100,
10:02:51,53.60,100,
10:02:51,53.60,200,
10:02:51,53.60,300,
10:02:51,53.61,100,
10:02:53,53.60,100,
10:02:54,53.58,200,
10:02:54,53.57,100,
10:02:56,53.60,100,
10:02:59,53.62,100,
10:03:00,53.60,100,
10:03:00,53.61,100,
10:03:00,53.61,100,
10:03:01,53.60,400,
10:03:01,53.60,300,
10:03:01,53.60,2601,
10:03:01,53.60,100,
10:03:01,53.60,500,
10:03:03,53.65,400,
10:03:04,53.63,600,
10:03:04,53.6354,600,
10:03:04,53.66,199,
10:03:05,53.6504,1000,
10:03:08,53.68,200,
10:03:08,53.6799,100,
10:03:11,53.69,500,
10:03:14,53.70,100,
10:03:14,53.71,100,
10:03:15,53.7179,100,
10:03:16,53.722,1500,
10:03:17,53.7181,2000,
10:03:17,53.66,200,
10:03:17,53.65,100,
10:03:18,53.722,1000,
10:03:19,53.692,200,
10:03:21,53.6784,1000,
10:03:23,53.6428,100,
10:03:25,53.69,600,
10:03:28,53.68,200,
10:03:30,53.6721,300,
10:03:34,53.6999,100,
10:03:35,53.67,100,
10:03:35,53.67,200,
10:03:41,53.6801,200,
10:03:42,53.70,1000,
10:03:45,53.62,1000,
10:03:47,53.62,400,
10:03:48,53.624,1000,
10:03:48,53.60,1000,
10:03:48,53.60,200,
10:03:48,53.60,1000,
10:03:48,53.60,1200,
10:03:48,53.60,2200,
10:03:48,53.60,500,
10:03:48,53.60,100,
10:03:48,53.59,100,
10:03:48,53.60,800,
10:03:48,53.60,100,
10:03:48,53.61,200,
10:03:48,53.62,100,
10:03:49,53.62,100,
10:03:49,53.64,100,
10:03:50,53.65,100,
10:03:53,53.66,500,
10:03:53,53.66,500,
10:03:57,53.68,100,
10:04:01,53.691,200,
10:04:04,53.70,500,
10:04:13,53.721,300,
10:04:14,53.76,450,
10:04:14,53.77,100,
10:04:14,53.77,100,
10:04:15,53.74,700,
10:04:18,53.7399,100,
10:04:18,53.77,100,
10:04:19,53.69,100,
10:04:20,53.6813,800,
10:04:22,53.663,2000,
10:04:31,53.63,100,
10:04:33,53.61,100,
10:04:34,53.55,200,
10:04:46,53.53,200,
10:04:54,53.59,300,
10:04:58,53.6001,700,
10:04:59,53.61,200,
10:04:59,53.61,300,
10:05:04,53.55,100,
10:05:08,53.55,1000,
10:05:08,53.52,200,
10:05:08,53.52,100,
10:05:08,53.52,100,
10:05:08,53.54,1800,
10:05:08,53.55,300,
10:05:08,53.56,200,
10:05:09,53.56,100,
10:05:09,53.5681,100,
10:05:09,53.5654,100,
10:05:09,53.5601,100,
10:05:19,53.5618,100,
10:05:21,53.60,100,
10:05:27,53.57,200,
10:05:30,53.5601,150,
10:05:32,53.599,100,
10:05:40,53.62,100,
10:05:40,53.61,100,
10:05:40,53.61,100,
10:05:40,53.61,100,
10:05:45,53.616,700,
10:05:46,53.603,100,
10:05:51,53.6038,100,
10:05:53,53.6282,400,
10:06:00,53.64,200,
10:06:01,53.64,200,
10:06:01,53.64,100,
10:06:08,53.65,100,
10:06:11,53.6309,633,
10:06:16,53.70,1000,
10:06:16,53.70,100,
10:06:16,53.69,100,
10:06:16,53.69,100,
10:06:16,53.699,200,
10:06:16,53.70,200,
10:06:25,53.72,300,
10:06:25,53.70,100,
10:06:27,53.68,200,
10:06:27,53.72,100,
10:06:27,53.71,100,
10:06:31,53.72,300,
10:06:32,53.71,350,
10:06:35,53.71,100,
10:06:35,53.71,300,
10:06:36,53.70,100,
10:06:36,53.716,100,
10:06:36,53.72,100,
10:06:37,53.73,100,
10:06:42,53.6818,650,
10:06:45,53.6841,700,
10:06:47,53.7099,700,
10:06:49,53.72,300,
10:06:50,53.70,100,
10:06:56,53.67,100,
10:06:58,53.60,100,
10:06:59,53.61,200,
10:06:59,53.61,100,
10:06:59,53.59,100,
10:06:59,53.58,100,
10:07:00,53.56,150,
10:07:00,53.59,400,
10:07:05,53.5463,200,
10:07:05,53.531,100,
10:07:15,53.51,500,
10:07:19,53.51,100,
10:07:19,53.51,200,
10:07:19,53.51,100,
10:07:19,53.51,100,
10:07:19,53.51,100,
10:07:23,53.5148,250,
10:07:25,53.52,100,
10:07:26,53.53,200,
10:07:26,53.55,100,
10:07:27,53.50,100,
10:07:27,53.48,1000,
10:07:27,53.50,100,
10:07:33,53.51,100,
10:07:33,53.55,100,
10:07:34,53.54,1000,
10:07:36,53.50,200,
10:07:37,53.50,100,
10:07:43,53.58,200,
10:07:51,53.56,100,
10:07:52,53.5399,2000,
10:07:53,53.51,100,
10:07:55,53.49,100,
10:07:55,53.48,600,
10:07:55,53.48,100,
10:07:55,53.49,100,
10:07:55,53.50,200,
10:07:55,53.4799,300,
10:07:56,53.48,100,
10:07:57,53.4501,250,
10:08:02,53.50,200,
10:08:02,53.50,600,
10:08:02,53.5087,500,
10:08:10,53.4815,100,
10:08:10,53.4801,100,
10:08:10,53.48,100,
10:08:10,53.48,400,
10:08:12,53.47,100,
10:08:17,53.45,560,
10:08:17,53.44,100,
10:08:17,53.44,100,
10:08:23,53.48,500,
10:08:27,53.44,600,
10:08:28,53.40,300,
10:08:28,53.42,100,
10:08:28,53.40,100,
10:08:28,53.37,383,
10:08:29,53.39,200,
10:08:29,53.41,200,
10:08:31,53.396,1400,
10:08:32,53.34,100,
10:08:32,53.359,1000,
10:08:33,53.38,100,
10:08:33,53.3809,100,
10:08:33,53.381,200,
10:08:33,53.38,200,
10:08:34,53.39,200,
10:08:35,53.39,100,
10:08:38,53.36,100,
10:08:38,53.36,200,
10:08:38,53.34,12440,
10:08:40,53.38,700,
10:08:41,53.42,500,
10:08:41,53.42,500,
10:08:47,53.4107,100,
10:08:47,53.4101,160,
10:08:47,53.41,100,
10:08:47,53.41,100,
10:08:48,53.411,200,
10:08:50,53.37,100,
10:08:50,53.37,200,
10:09:00,53.41,100,
10:09:00,53.421,1100,
10:09:00,53.42,100,
10:09:03,53.399,100,
10:09:06,53.3664,200,
10:09:08,53.40,100,
10:09:08,53.3901,100,
10:09:10,53.381,500,
10:09:12,53.384,500,
10:09:14,53.379,300,
10:09:16,53.42,2700,
10:09:20,53.371,100,
10:09:23,53.38,100,
10:09:28,53.38,300,
10:09:33,53.39,100,
10:09:33,53.40,200,
10:09:33,53.40,200,
10:09:35,53.399,400,
10:09:37,53.40,200,
10:09:37,53.40,100,
10:09:39,53.45,100,
10:09:39,53.47,500,
10:09:39,53.47,200,
10:09:39,53.4459,100,
10:09:41,53.4799,100,
10:09:45,53.48,200,
10:09:48,53.49,1200,
10:09:50,53.4599,100,
10:09:54,53.4378,100,
10:10:00,53.41,100,
10:10:00,53.42,100,
10:10:00,53.41,200,
10:10:01,53.40,100,
10:10:02,53.42,100,
10:10:09,53.379,100,
10:10:11,53.38,100,
10:10:16,53.42,100,
10:10:16,53.42,600,
10:10:18,53.45,400,
10:10:25,53.47,100,
10:10:29,53.473,300,
10:10:30,53.4699,100,
10:10:30,53.4637,100,
10:10:30,53.4699,100,
10:10:34,53.45,200,
10:10:35,53.4528,500,
10:10:35,53.46,100,
10:10:51,53.49,300,
10:10:51,53.49,100,
10:10:53,53.50,201,
10:10:58,53.50,100,
10:11:03,53.5406,120,
10:11:06,53.5301,500,
10:11:10,53.55,200,
10:11:10,53.5482,300,
10:11:16,53.57,100,
10:11:16,53.57,100,
10:11:16,53.5582,100,
10:11:16,53.5582,1000,
10:11:22,53.61,100,
10:11:22,53.6099,100,
10:11:22,53.61,100,
10:11:27,53.591,400,
10:11:28,53.567,200,
10:11:29,53.59,200,
10:11:29,53.594,800,
10:11:35,53.5654,700,
10:11:43,53.5352,300,
10:11:46,53.50,600,
10:11:46,53.50,500,
10:11:46,53.49,100,
10:11:48,53.49,100,
10:11:48,53.50,170,
10:11:50,53.50,100,
10:11:53,53.50,100,
10:11:55,53.53,100,
10:11:58,53.52,300,
10:11:58,53.52,100,
10:11:58,53.52,100,
10:11:58,53.51,100,
10:11:58,53.50,200,
10:11:58,53.48,100,
10:11:58,53.47,100,
10:12:07,53.501,300,
10:12:08,53.501,800,
10:12:09,53.50,500,
10:12:11,53.501,500,
10:12:11,53.50,200,
10:12:11,53.52,500,
10:12:15,53.51,100,
10:12:18,53.52,400,
10:12:22,53.51,300,
10:12:36,53.55,200,
10:12:38,53.5799,1000,
10:12:41,53.574,270,
10:13:00,53.5242,1000,
10:13:16,53.58,100,
10:13:16,53.57,100,
10:13:21,53.59,100,
10:13:25,53.59,200,
10:13:26,53.599,100,
10:13:32,53.59,100,
10:13:33,53.60,100,
10:13:35,53.64,200,
10:13:40,53.60,200,
10:13:40,53.629,100,
10:13:53,53.631,1000,
10:13:56,53.671,100,
10:13:57,53.699,300,
10:14:01,53.6711,200,
10:14:01,53.67,100,
10:14:03,53.6601,100,
10:14:07,53.6971,500,
10:14:10,53.72,200,
10:14:11,53.715,3000,
10:14:12,53.7027,458,
10:14:13,53.71,100,
10:14:13,53.71,100,
10:14:13,53.70,2800,
10:14:14,53.7001,1000,
10:14:15,53.717,400,
10:14:16,53.69,100,
10:14:16,53.69,300,
10:14:17,53.69,200,
10:14:17,53.69,100,
10:14:18,53.705,300,
10:14:19,53.711,100,
10:14:19,53.69,100,
10:14:19,53.69,300,
10:14:21,53.68,1500,
10:14:21,53.68,500,
10:14:22,53.68,200,
10:14:22,53.68,1900,
10:14:22,53.68,500,
10:14:22,53.68,200,
10:14:22,53.68,800,
10:14:22,53.68,500,
10:14:22,53.68,100,
10:14:22,53.68,1100,
10:14:22,53.68,1900,
10:14:22,53.68,900,
10:14:22,53.68,100,
10:14:22,53.68,500,
10:14:22,53.68,300,
10:14:24,53.709,100,
10:14:28,53.65,160,
10:14:30,53.67,200,
10:14:30,53.68,100,
10:14:30,53.68,200,
10:14:32,53.6604,100,
10:14:32,53.6702,100,
10:14:32,53.66,100,
10:14:32,53.6601,100,
10:14:32,53.66,100,
10:14:35,53.6799,200,
10:14:40,53.65,100,
10:14:44,53.68,100,
10:14:46,53.6758,500,
10:14:49,53.62,100,
10:14:51,53.64,200,
10:14:51,53.64,100,
10:14:57,53.6518,950,
10:15:00,53.66,100,
10:15:00,53.64,100,
10:15:00,53.62,100,
10:15:00,53.62,100,
10:15:00,53.59,100,
10:15:00,53.59,100,
10:15:00,53.59,100,
10:15:00,53.64,100,
10:15:00,53.57,100,
10:15:00,53.57,100,
10:15:00,53.55,100,
10:15:00,53.55,100,
10:15:00,53.5699,1800,
10:15:05,53.56,200,
10:15:05,53.56,100,
10:15:05,53.56,101,
10:15:05,53.56,600,
10:15:05,53.56,100,
10:15:05,53.56,100,
10:15:05,53.54,100,
10:15:05,53.54,300,
10:15:05,53.54,200,
10:15:05,53.55,100,
10:15:05,53.55,600,
10:15:05,53.56,1000,
10:15:05,53.56,1200,
10:15:05,53.56,100,
10:15:05,53.54,600,
10:15:05,53.51,100,
10:15:05,53.51,100,
10:15:05,53.561,100,
10:15:05,53.56,400,
10:15:05,53.56,100,
10:15:05,53.55,300,
10:15:05,53.55,200,
10:15:05,53.55,400,
10:15:05,53.55,300,
10:15:05,53.56,600,
10:15:05,53.55,300,
10:15:05,53.55,200,
10:15:05,53.55,100,
10:15:08,53.50,100,
10:15:16,53.496,1000,
10:15:20,53.53,600,
10:15:20,53.55,100,
10:15:36,53.6246,500,
10:15:39,53.61,300,
10:15:48,53.61,200,
10:15:48,53.61,200,
10:15:48,53.61,100,
10:15:48,53.61,100,
10:15:48,53.61,400,
10:15:48,53.61,100,
10:15:49,53.63,100,
10:15:49,53.63,200,
10:15:50,53.6107,100,
10:15:50,53.61,300,
10:15:50,53.61,100,
10:15:50,53.61,100,
10:15:50,53.61,100,
10:15:58,53.62,100,
10:15:58,53.64,100,
10:16:03,53.65,200,
10:16:05,53.68,300,
10:16:05,53.68,100,
10:16:08,53.71,200,
10:16:08,53.71,100,
10:16:08,53.70,500,
10:16:08,53.70,100,
10:16:08,53.70,300,
10:16:08,53.70,300,
10:16:12,53.7148,490,
10:16:12,53.73,100,
10:16:13,53.7349,100,
10:16:14,53.739,300,
10:16:19,53.77,200,
10:16:19,53.77,1700,
10:16:19,53.80,200,
10:16:20,53.79,100,
10:16:21,53.79,100,
10:16:21,53.79,300,
10:16:25,53.8199,184,
10:16:27,53.8199,150,
10:16:27,53.82,100,
10:16:27,53.82,300,
10:16:28,53.82,400,
10:16:28,53.82,100,
10:16:28,53.82,200,
10:16:28,53.82,100,
10:16:28,53.83,200,
10:16:28,53.85,100,
10:16:28,53.82,300,
10:16:28,53.8299,200,
10:16:31,53.806,970,
10:16:35,53.83,200,
10:16:37,53.8449,200,
10:16:41,53.86,100,
10:16:41,53.844,100,
10:16:47,53.85,100,
10:16:50,53.8599,400,
10:16:58,53.84,200,
10:16:58,53.84,200,
10:16:58,53.8418,1100,
10:16:58,53.8301,200,
10:17:00,53.83,100,
10:17:02,53.849,1500,
10:17:02,53.85,100,
10:17:04,53.85,500,
10:17:04,53.849,300,
10:17:07,53.869,100,
10:17:15,53.85,400,
10:17:15,53.83,200,
10:17:26,53.74,200,
10:17:26,53.73,200,
10:17:29,53.691,300,
10:17:31,53.73,100,
10:17:32,53.74,100,
10:17:32,53.74,100,
10:17:33,53.71,150,
10:17:33,53.7101,100,
10:17:33,53.71,300,
10:17:45,53.76,200,
10:17:56,53.746,900,
10:17:57,53.78,200,
10:17:57,53.77,200,
10:17:57,53.77,100,
10:17:57,53.80,100,
10:17:57,53.79,200,
10:17:57,53.78,100,
10:17:57,53.77,100,
10:17:58,53.779,200,
10:18:00,53.809,100,
10:18:02,53.77,100,
10:18:02,53.77,300,
10:18:02,53.75,100,
10:18:19,53.75,100,
10:18:19,53.75,100,
10:18:25,53.75,100,
10:18:25,53.75,300,
10:18:29,53.74,300,
10:18:29,53.74,100,
10:18:29,53.74,100,
10:18:29,53.74,100,
10:18:29,53.74,100,
10:18:30,53.73,300,
10:18:35,53.7301,100,
10:18:35,53.73,100,
10:18:35,53.73,100,
10:18:35,53.7301,150,
10:18:52,53.7458,500,
10:18:54,53.7582,200,
10:18:56,53.77,200,
10:18:57,53.7699,100,
10:19:00,53.7677,100,
10:19:05,53.76,400,
10:19:05,53.76,300,
10:19:06,53.7899,500,
10:19:08,53.789,200,
10:19:13,53.80,200,
10:19:13,53.80,300,
10:19:15,53.81,100,
10:19:16,53.809,100,
10:19:33,53.77,100,
10:19:37,53.7837,200,
10:19:40,53.7458,600,
10:19:45,53.74,100,
10:19:45,53.74,100,
10:19:49,53.739,200,
10:19:57,53.71,100,
10:20:00,53.67,1000,
10:20:01,53.63,400,
10:20:01,53.63,200,
10:20:06,53.6218,500,
10:20:07,53.6283,100,
10:20:09,53.623,3600,
10:20:12,53.66,100,
10:20:12,53.64,100,
10:20:24,53.6801,200,
10:20:39,53.7297,200,
10:20:41,53.75,200,
10:20:41,53.77,100,
10:20:41,53.77,300,
10:20:41,53.77,300,
10:20:42,53.79,100,
10:20:43,53.79,100,
10:20:44,53.77,200,
10:20:46,53.76,100,
10:20:47,53.78,100,
10:20:47,53.79,100,
10:20:47,53.80,900,
10:20:47,53.80,5803,
10:20:47,53.80,400,
10:20:47,53.80,400,
10:20:47,53.79,300,
10:20:49,53.7825,2000,
10:20:55,53.80,400,
10:20:56,53.80,195,
10:20:56,53.80,500,
10:20:56,53.80,4596,
10:21:00,53.85,205,
10:21:00,53.85,100,
10:21:00,53.85,400,
10:21:02,53.86,200,
10:21:02,53.87,100,
10:21:04,53.83,300,
10:21:13,53.80,100,
10:21:13,53.831,420,
10:21:22,53.85,100,
10:21:27,53.8054,100,
10:21:35,53.86,100,
10:21:36,53.86,137,
10:21:36,53.86,101,
10:21:36,53.86,163,
10:21:36,53.88,200,
10:21:37,53.8712,200,
10:21:37,53.88,500,
10:21:38,53.86,100,
10:21:38,53.86,200,
10:21:40,53.88,100,
10:21:45,53.88,100,
10:21:45,53.8894,100,
10:21:45,53.89,100,
10:21:48,53.89,400,
10:21:48,53.89,100,
10:21:49,53.89,100,
10:21:49,53.89,100,
10:21:56,53.90,100,
10:21:56,53.90,199,
10:21:57,53.93,100,
10:21:57,53.9146,300,
10:22:00,53.93,100,
10:22:01,53.94,200,
10:22:01,53.94,100,
10:22:01,53.94,100,
10:22:04,53.9513,500,
10:22:07,53.9401,600,
10:22:09,53.931,300,
10:22:11,53.92,200,
10:22:11,53.91,200,
10:22:11,53.90,100,
10:22:14,53.939,400,
10:22:15,53.936,3300,
10:22:23,53.9124,1000,
10:22:24,53.91,100,
10:22:24,53.9265,100,
10:22:32,53.96,300,
10:22:32,53.96,300,
10:22:32,53.96,100,
10:22:32,53.979,200,
10:22:33,53.9899,100,
10:22:36,53.995,2000,
10:22:38,54,200,
10:22:40,54,300,
10:22:41,54.0172,100,
10:22:42,54.0199,200,
10:22:43,54.02,400,
10:22:45,54.004,1000,
10:22:45,54.0001,200,
10:22:45,54.0006,100,
10:22:45,54.0029,100,
10:22:46,54.0098,2000,
10:22:48,54.0084,300,
10:22:48,54.009,400,
10:22:49,54.02,100,
10:22:49,54.03,200,
10:22:50,54.03,300,
10:22:50,54.03,100,
10:22:50,54.03,100,
10:22:50,54.03,100,
10:22:50,54.03,300,
10:22:50,54.03,100,
10:22:54,54.03,100,
10:23:00,53.99,743,
10:23:00,53.99,400,
10:23:03,53.9001,900,
10:23:03,53.9086,100,
10:23:05,53.9259,100,
10:23:07,53.9004,300,
10:23:09,53.9536,100,
10:23:15,53.95,2600,
10:23:20,53.906,1000,
10:23:23,53.893,200,
10:23:23,53.89,200,
10:23:36,53.87,100,
10:23:36,53.85,300,
10:23:39,53.8999,1000,
10:23:42,53.8918,200,
10:23:44,53.90,100,
10:23:47,53.8882,100,
10:23:47,53.8882,100,
10:23:48,53.91,100,
10:23:48,53.90,100,
10:23:48,53.90,100,
10:23:48,53.90,100,
10:23:48,53.91,100,
10:23:48,53.9099,300,
10:23:49,53.92,100,
10:23:49,53.92,200,
10:23:49,53.92,400,
10:23:49,53.92,200,
10:23:54,53.9111,1000,
10:24:08,53.935,100,
10:24:08,53.939,100,
10:24:10,53.94,100,
10:24:15,53.95,500,
10:24:15,53.95,300,
10:24:15,53.95,100,
10:24:17,53.94,300,
10:24:17,53.93,100,
10:24:17,53.93,1500,
10:24:17,53.94,100,
10:24:17,53.93,100,
10:24:17,53.94,100,
10:24:21,53.91,100,
10:24:21,53.89,100,
10:24:21,53.90,500,
10:24:26,53.8899,400,
10:24:26,53.879,200,
10:24:36,53.8611,200,
10:24:40,53.8932,200,
10:24:40,53.8931,100,
10:24:40,53.90,200,
10:24:40,53.90,100,
10:24:40,53.90,100,
10:24:48,53.879,300,
10:24:50,53.88,500,
10:25:00,53.87,300,
10:25:00,53.88,100,
10:25:00,53.88,408,
10:25:00,53.89,100,
10:25:01,53.879,200,
10:25:05,53.848,1000,
10:25:06,53.80,100,
10:25:06,53.80,100,
10:25:07,53.79,100,
10:25:08,53.79,4000,
10:25:09,53.7986,100,
10:25:09,53.79,200,
10:25:09,53.79,300,
10:25:10,53.79,310,
10:25:12,53.7887,500,
10:25:13,53.81,100,
10:25:20,53.789,100,
10:25:24,53.7918,200,
10:25:28,53.7818,1500,
10:25:45,53.82,100,
10:25:51,53.79,475,
10:25:51,53.78,400,
10:25:51,53.77,100,
10:25:51,53.76,145,
10:25:51,53.79,100,
10:25:54,53.81,100,
10:25:54,53.81,200,
10:25:55,53.7869,100,
10:26:15,53.79,100,
10:26:20,53.78,110,
10:26:24,53.75,100,
10:26:24,53.74,100,
10:26:25,53.7589,1000,
10:26:33,53.759,500,
10:26:37,53.761,100,
10:26:45,53.75,300,
10:26:48,53.742,200,
10:26:50,53.77,100,
10:26:52,53.7748,100,
10:26:55,53.75,200,
10:26:55,53.75,200,
10:26:55,53.76,100,
10:26:56,53.759,100,
10:27:03,53.79,200,
10:27:10,53.811,150,
10:27:42,53.84,100,
10:27:58,53.85,100,
10:28:00,53.85,100,
10:28:02,53.88,100,
10:28:08,53.89,100,
10:28:08,53.89,200,
10:28:28,53.88,100,
10:28:34,53.89,200,
10:28:42,53.876,200,
10:28:49,53.8891,500,
10:28:55,53.79,100,
10:28:59,53.771,300,
10:29:06,53.78,100,
10:29:06,53.77,100,
10:29:09,53.772,1100,
10:29:11,53.76,100,
10:29:14,53.7623,100,
10:29:15,53.73,100,
10:29:23,53.7701,157,
10:29:31,53.771,200,
10:29:41,53.70,500,
10:29:45,53.6863,100,
10:29:45,53.71,100,
10:29:45,53.71,100,
10:29:47,53.73,1900,
10:29:54,53.69,100,
10:30:16,53.7741,542,
10:30:21,53.80,300,
10:30:21,53.80,100,
10:30:21,53.80,100,
10:30:23,53.82,200,
10:30:33,53.83,100,
10:30:48,53.85,100,
10:30:49,53.85,124,
10:30:59,53.8999,950,
10:31:05,53.895,2000,
10:31:13,53.8599,100,
10:31:13,53.8599,100,
10:31:13,53.8599,100,
10:31:24,53.83,200,
10:31:24,53.83,100,
10:31:40,53.76,100,
10:31:40,53.76,100,
10:31:43,53.72,100,
10:31:48,53.71,200,
10:31:48,53.71,200,
10:31:48,53.70,100,
10:31:49,53.68,100,
10:31:49,53.68,200,
10:31:52,53.68,100,
10:31:52,53.6816,500,
10:31:54,53.668,500,
10:31:55,53.6675,6000,
10:31:57,53.65,750,
10:32:01,53.65,100,
10:32:01,53.651,200,
10:32:06,53.70,100,
10:32:11,53.71,100,
10:32:11,53.72,200,
10:32:16,53.73,100,
10:32:16,53.71,100,
10:32:18,53.71,300,
10:32:25,53.7101,500,
10:32:35,53.7399,300,
10:32:36,53.721,2000,
10:32:38,53.722,500,
10:32:41,53.7299,400,
10:32:42,53.691,100,
10:32:55,53.77,100,
10:32:57,53.74,200,
10:33:03,53.78,100,
10:33:05,53.7701,250,
10:33:27,53.8001,500,
10:33:35,53.8101,700,
10:33:40,53.80,282,
10:33:50,53.75,200,
10:33:50,53.73,200,
10:33:50,53.73,1800,
10:33:50,53.71,200,
10:33:51,53.75,300,
10:33:51,53.74,100,
10:33:51,53.74,100,
10:33:51,53.75,200,
10:33:56,53.75,1400,
10:34:00,53.73,400,
10:34:00,53.73,300,
10:34:04,53.69,200,
10:34:04,53.7099,1000,
10:34:39,53.76,300,
10:34:39,53.76,300,
10:34:39,53.76,100,
10:34:49,53.7109,800,
10:35:08,53.631,100,
10:35:08,53.64,100,
10:35:09,53.638,1000,
10:35:15,53.695,5000,
10:35:15,53.68,100,
10:35:15,53.66,100,
10:35:15,53.65,100,
10:35:15,53.63,100,
10:35:17,53.6482,100,
10:35:18,53.63,1000,
10:35:18,53.63,200,
10:35:25,53.62,100,
10:35:25,53.62,200,
10:35:25,53.62,182,
10:35:25,53.64,100,
10:35:37,53.61,100,
10:35:37,53.61,100,
10:35:37,53.60,100,
10:35:40,53.59,100,
10:35:41,53.5918,300,
10:35:47,53.60,100,
10:35:53,53.601,100,
10:35:54,53.591,100,
10:35:56,53.59,157,
10:35:57,53.5882,100,
10:35:58,53.5858,685,
10:36:05,53.589,1000,
10:36:06,53.58,160,
10:36:08,53.58,100,
10:36:18,53.5499,200,
10:36:21,53.55,500,
10:36:21,53.55,600,
10:36:21,53.55,400,
10:36:21,53.53,100,
10:36:21,53.5309,500,
10:36:21,53.55,200,
10:36:21,53.55,100,
10:36:21,53.55,100,
10:36:21,53.55,100,
10:36:21,53.55,300,
10:36:21,53.55,500,
10:36:22,53.56,100,
10:36:23,53.57,200,
10:36:23,53.58,300,
10:36:34,53.5764,100,
10:36:34,53.561,300,
10:36:36,53.56,400,
10:36:39,53.62,100,
10:36:40,53.63,100,
10:36:42,53.62,300,
10:36:43,53.62,100,
10:36:43,53.65,200,
10:36:48,53.645,4000,
10:36:55,53.62,200,
10:37:10,53.593,100,
10:37:21,53.5841,100,
10:37:26,53.5942,1000,
10:37:54,53.6182,100,
10:37:54,53.62,200,
10:37:54,53.625,900,
10:37:59,53.59,100,
10:38:18,53.58,100,
10:38:28,53.58,100,
10:38:28,53.58,100,
10:38:28,53.58,100,
10:38:28,53.58,200,
10:38:28,53.58,100,
10:38:28,53.58,100,
10:39:00,53.55,100,
10:39:00,53.57,100,
10:39:07,53.5609,232,
10:39:09,53.584,100,
10:39:10,53.5846,100,
10:39:10,53.59,200,
10:39:10,53.59,300,
10:39:10,53.59,100,
10:39:10,53.59,100,
10:39:25,53.61,300,
10:39:25,53.60,300,
10:39:25,53.61,300,
10:39:25,53.61,600,
10:39:25,53.61,100,
10:39:25,53.60,100,
10:39:25,53.60,300,
10:39:25,53.60,300,
10:39:25,53.58,100,
10:39:26,53.6482,1000,
10:39:29,53.65,200,
10:39:30,53.65,100,
10:39:30,53.63,100,
10:39:30,53.62,100,
10:39:30,53.62,100,
10:39:45,53.66,200,
10:39:45,53.64,100,
10:39:48,53.631,103,
10:39:51,53.591,297,
10:39:54,53.59,3000,
10:39:54,53.60,300,
10:39:54,53.60,300,
10:39:56,53.5801,300,
10:40:00,53.606,1300,
10:40:01,53.59,100,
10:40:01,53.59,300,
10:40:01,53.59,400,
10:40:08,53.626,187,
10:40:21,53.68,100,
10:40:21,53.67,200,
10:40:21,53.64,100,
10:40:30,53.65,100,
10:40:36,53.61,200,
10:41:05,53.65,500,
10:41:13,53.63,100,
10:41:20,53.64,200,
10:41:20,53.64,200,
10:41:22,53.626,1000,
10:41:25,53.6165,200,
10:41:25,53.611,500,
10:41:25,53.64,100,
10:41:25,53.6382,800,
10:41:27,53.613,500,
10:41:34,53.61,6740,
10:41:42,53.60,600,
10:41:42,53.60,1000,
10:41:42,53.60,100,
10:41:42,53.59,100,
10:41:42,53.60,100,
10:41:42,53.581,100,
10:42:05,53.63,1600,
10:42:06,53.636,250,
10:42:18,53.614,130,
10:42:20,53.6299,500,
10:42:28,53.64,100,
10:42:52,53.67,100,
10:42:59,53.68,100,
10:42:59,53.71,100,
10:42:59,53.73,100,
10:42:59,53.71,300,
10:43:08,53.73,100,
10:43:09,53.77,100,
10:43:11,53.73,200,
10:43:11,53.73,100,
10:43:12,53.77,100,
10:43:12,53.77,100,
10:43:20,53.75,100,
10:43:20,53.76,200,
10:43:29,53.72,1000,
10:43:30,53.6954,500,
10:43:30,53.74,100,
10:43:30,53.74,200,
10:43:31,53.67,100,
10:43:32,53.74,100,
10:43:36,53.64,100,
10:43:36,53.64,200,
10:43:38,53.6582,200,
10:43:57,53.6001,100,
10:43:57,53.6001,100,
10:44:01,53.6097,100,
10:44:02,53.58,100,
10:44:02,53.56,1000,
10:44:02,53.57,100,
10:44:02,53.56,100,
10:44:03,53.55,100,
10:44:03,53.55,100,
10:44:03,53.55,200,
10:44:04,53.5599,200,
10:44:06,53.57,300,
10:44:06,53.57,100,
10:44:06,53.56,100,
10:44:08,53.5601,200,
10:44:13,53.551,300,
10:44:14,53.558,900,
10:44:18,53.51,100,
10:44:18,53.50,100,
10:44:18,53.50,100,
10:44:18,53.5005,100,
10:44:18,53.5001,100,
10:44:18,53.5001,100,
10:44:18,53.50,900,
10:44:18,53.50,200,
10:44:18,53.50,100,
10:44:19,53.501,200,
10:44:33,53.6105,100,
10:44:35,53.6018,1000,
10:44:54,53.61,100,
10:44:54,53.61,100,
10:44:54,53.62,100,
10:44:54,53.6299,700,
10:44:54,53.629,100,
10:44:54,53.64,500,
10:44:59,53.63,100,
10:45:01,53.67,200,
10:45:07,53.71,300,
10:45:07,53.71,200,
10:45:09,53.74,200,
10:45:09,53.73,400,
10:45:09,53.73,100,
10:45:09,53.71,194,
10:45:13,53.749,1000,
10:45:14,53.75,100,
10:45:14,53.75,200,
10:45:14,53.75,400,
10:45:14,53.76,900,
10:45:14,53.77,100,
10:45:14,53.75,500,
10:45:14,53.78,100,
10:45:19,53.74,200,
10:45:20,53.69,100,
10:45:21,53.70,100,
10:45:21,53.70,100,
10:45:23,53.69,200,
10:45:23,53.68,300,
10:45:34,53.7399,950,
10:45:39,53.75,200,
10:45:39,53.74,100,
10:45:43,53.75,200,
10:45:49,53.722,200,
10:45:59,53.74,100,
10:46:07,53.7599,150,
10:46:09,53.7501,2000,
10:46:12,53.738,450,
10:46:15,53.741,100,
10:46:20,53.77,100,
10:46:24,53.78,200,
10:46:24,53.78,300,
10:46:24,53.78,300,
10:46:25,53.78,100,
10:46:25,53.80,100,
10:46:25,53.80,15000,
10:46:25,53.81,100,
10:46:25,53.84,100,
10:46:25,53.79,200,
10:46:25,53.79,100,
10:46:25,53.84,200,
10:46:25,53.83,100,
10:46:25,53.81,100,
10:46:25,53.81,100,
10:46:25,53.79,100,
10:46:25,53.81,300,
10:46:29,53.812,800,
10:46:29,53.7818,200,
10:46:31,53.79,200,
10:46:31,53.79,300,
10:46:31,53.7982,100,
10:46:36,53.8082,500,
10:46:37,53.7918,1400,
10:46:44,53.77,300,
10:46:44,53.77,200,
10:46:49,53.80,200,
10:46:54,53.7832,150,
10:47:03,53.7701,500,
10:47:04,53.79,100,
10:47:05,53.80,200,
10:47:05,53.82,300,
10:47:05,53.81,100,
10:47:05,53.82,100,
10:47:05,53.84,100,
10:47:05,53.84,200,
10:47:14,53.841,1900,
10:47:17,53.83,200,
10:47:17,53.83,100,
10:47:22,53.846,180,
10:47:27,53.88,200,
10:47:27,53.88,100,
10:47:31,53.858,970,
10:47:32,53.88,100,
10:47:35,53.88,100,
10:47:37,53.8899,900,
10:47:40,53.87,100,
10:47:41,53.876,500,
10:47:44,53.89,100,
10:47:47,53.95,300,
10:47:47,53.94,300,
10:47:47,53.94,600,
10:47:47,53.93,100,
10:47:47,53.93,100,
10:47:49,53.95,200,
10:47:49,53.95,300,
10:47:49,53.95,200,
10:47:50,53.95,100,
10:47:50,53.95,300,
10:47:51,53.95,200,
10:47:51,53.97,100,
10:47:52,53.95,300,
10:47:52,53.95,200,
10:47:56,53.95,300,
10:47:56,53.95,300,
10:47:56,53.9371,500,
10:47:57,53.9391,300,
10:47:57,53.939,1200,
10:47:57,53.95,100,
10:47:57,53.93,100,
10:47:58,53.94,2200,
10:48:00,53.9501,2000,
10:48:01,53.9501,1000,
10:48:02,53.9752,100,
10:48:03,53.98,100,
10:48:03,53.96,2800,
10:48:07,53.99,100,
10:48:07,53.99,200,
10:48:07,53.99,100,
10:48:08,53.99,400,
10:48:08,54.01,300,
10:48:08,54.01,100,
10:48:08,54.01,300,
10:48:08,54.01,300,
10:48:08,54.01,200,
10:48:08,54,200,
10:48:08,54.03,100,
10:48:08,54.02,200,
10:48:08,54.01,300,
10:48:08,54.01,300,
10:48:08,54.02,200,
10:48:08,54.01,300,
10:48:10,54.0054,600,
10:48:15,54,200,
10:48:16,53.97,200,
10:48:23,53.89,200,
10:48:28,53.9246,809,
10:48:34,53.93,300,
10:48:52,53.94,100,
10:48:52,53.944,400,
10:48:54,53.9413,1122,
10:49:02,53.8987,1000,
10:49:05,53.87,100,
10:49:05,53.87,200,
10:49:06,53.89,100,
10:49:06,53.89,200,
10:49:10,53.87,189,
10:49:10,53.87,311,
10:49:16,53.8901,1000,
10:49:33,53.93,200,
10:49:45,53.91,100,
10:49:49,53.89,200,
10:50:06,53.9206,300,
10:50:13,53.93,200,
10:50:23,53.93,1000,
10:50:35,53.98,100,
10:50:55,53.9905,200,
10:50:55,53.99,100,
10:50:55,53.99,100,
10:50:55,54,100,
10:50:55,54,100,
10:50:55,54,100,
10:50:55,54,100,
10:51:04,53.95,200,
10:51:04,53.95,300,
10:51:04,53.95,2000,
10:51:15,53.91,100,
10:51:15,53.91,200,
10:51:15,53.91,100,
10:51:15,53.91,100,
10:51:17,53.9348,200,
10:51:22,53.931,300,
10:51:30,53.96,100,
10:51:35,53.936,1000,
10:51:38,54,100,
10:51:41,54,100,
10:51:42,54,300,
10:51:45,54,100,
10:51:47,53.9608,500,
10:51:58,53.9618,100,
10:52:06,53.9999,4000,
10:52:14,54.049,1851,
10:52:18,54.0499,250,
10:52:18,54.05,100,
10:52:18,54.05,100,
10:52:18,54.07,1200,
10:52:18,54.07,200,
10:52:18,54.08,100,
10:52:18,54.09,100,
10:52:18,54.05,100,
10:52:18,54.05,100,
10:52:18,54.08,200,
10:52:19,54.09,500,
10:52:19,54.09,200,
10:52:19,54.0899,100,
10:52:19,54.09,100,
10:52:30,54.0699,200,
10:52:31,54.051,100,
10:52:44,54.0726,200,
10:52:49,54.04,100,
10:52:49,54.04,200,
10:52:49,54.03,100,
10:52:49,54.03,300,
10:52:53,54.0001,500,
10:53:00,54.05,100,
10:53:08,54.02,100,
10:53:09,54.04,100,
10:53:09,54.04,300,
10:53:18,54.0689,100,
10:53:23,54.0416,600,
10:53:25,54.05,200,
10:53:25,54.05,100,
10:53:41,54.041,235,
10:54:03,54.0482,1200,
10:54:23,54.05,100,
10:54:23,54.05,100,
10:54:24,54.05,100,
10:54:24,54.05,100,
10:54:25,54.0482,400,
10:54:30,54.091,300,
10:54:30,54.10,100,
10:54:30,54.10,100,
10:54:30,54.08,200,
10:54:38,54.08,100,
10:54:40,54.09,200,
10:54:51,54.067,100,
10:54:52,54.06,100,
10:54:55,54.07,100,
10:55:06,54.0101,1500,
10:55:12,54.0111,1000,
10:55:22,54.0399,400,
10:55:31,54,200,
10:55:31,54,600,
10:55:31,54,415,
10:55:31,54,160,
10:55:31,54,100,
10:55:34,54,251,
10:55:38,53.98,200,
10:55:42,53.9802,100,
10:55:46,53.9918,300,
10:55:47,54.02,100,
10:55:47,54.02,100,
10:55:51,54.014,800,
10:56:08,53.9889,100,
10:56:11,53.9718,300,
10:56:30,53.97,200,
10:56:38,53.97,100,
10:56:38,53.99,100,
10:56:38,53.98,100,
10:56:38,53.96,100,
10:56:38,53.95,100,
10:56:38,53.95,200,
10:56:38,53.98,100,
10:56:44,53.95,100,
10:56:46,53.95,100,
10:56:46,53.9511,500,
10:56:51,53.98,100,
10:56:52,53.97,300,
10:56:56,53.961,105,
10:56:59,53.97,200,
10:57:06,53.93,200,
10:57:19,53.951,215,
10:57:26,53.98,200,
10:57:39,53.97,200,
10:57:39,53.97,200,
10:57:44,53.96,200,
10:57:44,53.96,100,
10:57:48,53.941,215,
10:57:59,53.9301,800,
10:58:06,53.91,200,
10:58:11,53.90,200,
10:58:16,53.92,100,
10:58:29,53.90,100,
10:58:34,53.87,200,
10:58:35,53.8826,141,
10:58:36,53.86,100,
10:58:36,53.86,100,
10:58:36,53.86,100,
10:58:36,53.87,387,
10:58:38,53.80,100,
10:58:39,53.80,400,
10:58:39,53.81,400,
10:58:40,53.8018,1000,
10:58:44,53.8497,900,
10:58:49,53.87,100,
10:58:52,53.90,200,
10:58:52,53.8982,700,
10:59:03,53.92,200,
10:59:03,53.92,700,
10:59:03,53.92,100,
10:59:23,53.9001,500,
10:59:28,53.87,100,
10:59:41,53.90,100,
10:59:50,53.87,100,
10:59:50,53.87,300,
10:59:50,53.85,200,
10:59:50,53.84,200,
10:59:50,53.83,300,
10:59:50,53.83,500,
10:59:50,53.82,600,
10:59:50,53.82,14645,
11:00:02,53.86,100,
11:00:02,53.86,200,
11:00:15,53.89,300,
11:00:20,53.89,300,
11:00:20,53.89,300,
11:00:38,53.8813,500,
11:00:53,53.8713,800,
11:01:05,53.91,100,
11:01:06,53.88,100,
11:01:06,53.89,100,
11:01:06,53.89,200,
11:01:08,53.90,200,
11:01:08,53.90,200,
11:01:08,53.91,200,
11:01:17,53.89,300,
11:01:17,53.90,100,
11:01:26,53.8999,100,
11:01:29,53.89,200,
11:01:29,53.89,300,
11:01:29,53.89,1000,
11:01:29,53.89,200,
11:01:29,53.89,100,
11:01:29,53.89,400,
11:01:29,53.88,600,
11:01:29,53.89,200,
11:01:29,53.89,2400,
11:01:29,53.89,200,
11:01:29,53.89,300,
11:01:29,53.86,200,
11:01:37,53.81,1000,
11:01:38,53.80,180,
11:01:38,53.80,100,
11:01:39,53.8036,200,
11:01:41,53.78,500,
11:01:49,53.7999,300,
11:01:52,53.76,400,
11:01:52,53.76,100,
11:01:52,53.77,200,
11:01:52,53.77,300,
11:01:56,53.78,100,
11:01:59,53.79,100,
11:02:00,53.79,800,
11:02:19,53.7889,100,
11:02:19,53.7789,100,
11:02:41,53.7902,2000,
11:02:48,53.84,100,
11:02:48,53.85,123,
11:02:49,53.83,100,
11:02:49,53.83,300,
11:02:50,53.8213,800,
11:02:59,53.82,323,
11:03:06,53.8199,100,
11:03:17,53.82,200,
11:03:27,53.84,100,
11:03:38,53.84,200,
11:03:38,53.84,199,
11:03:38,53.84,200,
11:03:38,53.84,300,
11:03:38,53.84,100,
11:03:52,53.84,300,
11:03:52,53.84,300,
11:04:05,53.89,100,
11:04:05,53.90,100,
11:04:05,53.89,100,
11:04:07,53.8903,1000,
11:04:26,53.87,100,
11:04:30,53.84,200,
11:04:31,53.84,300,
11:04:32,53.84,100,
11:04:55,53.8209,245,
11:05:03,53.87,100,
11:05:03,53.87,200,
11:05:10,53.8652,100,
11:05:18,53.864,100,
11:05:35,53.90,200,
11:05:35,53.89,100,
11:05:38,53.9001,600,
11:05:47,53.9067,1000,
11:05:49,53.93,200,
11:05:51,53.9293,200,
11:05:51,53.9299,700,
11:05:51,53.93,700,
11:05:51,53.93,1000,
11:06:01,53.93,1600,
11:06:11,53.9101,400,
11:06:20,53.92,100,
11:06:24,53.9299,1000,
11:06:27,53.918,500,
11:06:36,53.92,100,
11:06:36,53.92,100,
11:06:36,53.92,200,
11:06:36,53.92,100,
11:06:36,53.92,100,
11:06:36,53.92,100,
11:06:36,53.92,100,
11:06:36,53.8909,132,
11:06:36,53.92,300,
11:06:37,53.92,100,
11:06:37,53.92,100,
11:06:39,53.9297,100,
11:06:55,53.9298,2000,
11:07:19,53.9599,900,
11:07:23,53.9501,100,
11:07:25,53.97,100,
11:07:25,53.97,100,
11:07:25,53.97,200,
11:07:26,53.98,100,
11:07:26,53.98,200,
11:07:28,53.98,100,
11:07:28,53.98,100,
11:07:28,54,100,
11:07:28,54,200,
11:07:44,53.97,200,
11:07:46,53.94,100,
11:07:55,53.97,200,
11:08:03,53.93,400,
11:08:03,53.93,200,
11:08:07,53.95,200,
11:08:09,53.90,100,
11:08:14,53.919,100,
11:08:14,53.92,129,
11:08:27,53.89,100,
11:08:59,53.89,100,
11:08:59,53.88,200,
11:09:08,53.88,100,
11:09:09,53.93,100,
11:09:18,53.95,400,
11:09:45,53.91,200,
11:09:59,53.87,400,
11:10:03,53.81,600,
11:10:04,53.80,500,
11:10:04,53.80,199,
11:10:04,53.80,500,
11:10:09,53.80,300,
11:10:10,53.80,200,
11:10:10,53.78,200,
11:10:10,53.78,300,
11:10:10,53.78,300,
11:10:10,53.78,300,
11:10:10,53.78,100,
11:10:10,53.78,1500,
11:10:10,53.78,200,
11:10:10,53.78,400,
11:10:10,53.78,100,
11:10:10,53.77,100,
11:10:10,53.76,100,
11:10:10,53.75,100,
11:10:10,53.80,100,
11:10:10,53.80,400,
11:10:10,53.74,100,
11:10:10,53.74,1685,
11:10:11,53.71,300,
11:10:11,53.71,200,
11:10:11,53.71,300,
11:10:11,53.71,300,
11:10:11,53.71,300,
11:10:11,53.69,200,
11:10:11,53.69,500,
11:10:11,53.70,300,
11:10:11,53.67,100,
11:10:11,53.68,100,
11:10:11,53.70,300,
11:10:11,53.69,100,
11:10:11,53.66,100,
11:10:13,53.6337,340,
11:10:15,53.64,100,
11:10:15,53.68,135,
11:10:20,53.6318,500,
11:10:23,53.631,150,
11:10:27,53.63,100,
11:10:31,53.69,100,
11:10:34,53.61,200,
11:10:34,53.61,100,
11:10:34,53.60,100,
11:10:34,53.61,200,
11:10:34,53.61,800,
11:10:38,53.6099,1000,
11:10:40,53.57,300,
11:10:40,53.60,100,
11:10:40,53.60,100,
11:10:40,53.57,500,
11:10:40,53.59,136,
11:10:42,53.55,336,
11:10:42,53.5699,100,
11:10:42,53.57,100,
11:10:42,53.57,100,
11:10:42,53.57,100,
11:10:46,53.53,200,
11:10:52,53.5699,3000,
11:10:54,53.56,200,
11:10:54,53.56,100,
11:10:57,53.5679,200,
11:11:02,53.521,500,
11:11:03,53.538,100,
11:11:04,53.5713,1000,
11:11:06,53.58,200,
11:11:12,53.57,100,
11:11:12,53.57,100,
11:11:12,53.57,200,
11:11:15,53.5699,200,
11:11:15,53.57,200,
11:11:15,53.57,100,
11:11:15,53.57,200,
11:11:20,53.50,225,
11:11:21,53.4804,100,
11:11:21,53.48,200,
11:11:21,53.48,200,
11:11:21,53.47,139,
11:11:21,53.47,200,
11:11:21,53.47,100,
11:11:21,53.4703,100,
11:11:21,53.47,100,
11:11:21,53.45,500,
11:11:22,53.4501,400,
11:11:23,53.48,200,
11:11:24,53.474,200,
11:11:26,53.47,700,
11:11:26,53.47,300,
11:11:28,53.458,100,
11:11:29,53.461,900,
11:11:30,53.47,300,
11:11:33,53.53,100,
11:11:33,53.53,100,
11:11:35,53.51,100,
11:11:51,53.51,200,
11:11:55,53.54,100,
11:12:12,53.51,200,
11:12:12,53.49,200,
11:12:12,53.51,200,
11:12:12,53.46,100,
11:12:12,53.46,100,
11:12:12,53.51,200,
11:12:14,53.4899,200,
11:12:16,53.50,100,
11:12:16,53.49,100,
11:12:17,53.509,800,
11:12:17,53.51,100,
11:12:27,53.59,100,
11:12:28,53.56,100,
11:12:38,53.5999,2000,
11:12:45,53.60,200,
11:12:46,53.63,394,
11:12:46,53.64,100,
11:12:46,53.64,100,
11:12:46,53.64,100,
11:12:46,53.6472,500,
11:12:55,53.61,100,
11:12:58,53.6213,500,
11:13:07,53.60,100,
11:13:09,53.6099,300,
11:13:11,53.58,200,
11:13:11,53.5935,100,
11:13:11,53.6042,300,
11:13:14,53.6095,300,
11:13:18,53.55,100,
11:13:18,53.55,300,
11:13:21,53.579,1000,
11:13:30,53.58,100,
11:13:30,53.59,200,
11:13:30,53.61,100,
11:13:30,53.61,200,
11:13:30,53.62,100,
11:13:30,53.62,100,
11:13:30,53.62,300,
11:13:30,53.62,100,
11:13:44,53.5561,100,
11:13:45,53.58,100,
11:13:45,53.553,900,
11:13:46,53.553,100,
11:13:46,53.59,1300,
11:13:56,53.58,100,
11:13:56,53.58,100,
11:13:58,53.55,100,
11:14:05,53.55,833,
11:14:05,53.55,100,
11:14:09,53.57,100,
11:14:23,53.562,300,
11:14:29,53.55,200,
11:14:29,53.54,100,
11:14:29,53.548,100,
11:14:29,53.5401,100,
11:14:34,53.58,100,
11:14:34,53.5782,100,
11:14:40,53.57,100,
11:14:56,53.55,300,
11:15:06,53.54,260,
11:15:06,53.54,400,
11:15:15,53.553,250,
11:15:36,53.5401,500,
11:15:42,53.57,500,
11:15:53,53.52,200,
11:15:55,53.514,240,
11:15:55,53.51,240,
11:16:12,53.5845,500,
11:16:23,53.5699,300,
11:16:41,53.59,199,
11:16:41,53.59,100,
11:16:41,53.58,100,
11:16:42,53.59,100,
11:16:42,53.59,100,
11:16:46,53.6525,3400,
11:16:47,53.66,600,
11:16:58,53.59,100,
11:16:58,53.60,767,
11:17:06,53.6282,1000,
11:17:07,53.61,300,
11:17:13,53.59,200,
11:17:21,53.61,100,
11:17:28,53.6399,534,
11:17:31,53.64,100,
11:17:35,53.6594,100,
11:17:35,53.66,200,
11:17:35,53.6599,385,
11:17:35,53.66,200,
11:17:35,53.66,100,
11:17:35,53.63,133,
11:17:35,53.64,200,
11:17:37,53.66,100,
11:17:40,53.64,100,
11:17:43,53.72,200,
11:17:43,53.72,300,
11:17:45,53.76,300,
11:17:46,53.71,191,
11:17:50,53.72,100,
11:17:52,53.749,1000,
11:17:54,53.71,200,
11:17:54,53.71,200,
11:18:02,53.69,1500,
11:18:05,53.70,100,
11:18:14,53.6902,4000,
11:18:18,53.69,100,
11:18:38,53.71,417,
11:18:38,53.71,4283,
11:18:39,53.72,100,
11:18:39,53.71,200,
11:18:42,53.75,200,
11:18:46,53.76,100,
11:19:03,53.77,100,
11:19:03,53.78,300,
11:19:03,53.81,200,
11:19:04,53.77,300,
11:19:04,53.77,100,
11:19:12,53.7687,1000,
11:19:22,53.77,300,
11:19:22,53.7699,900,
11:19:22,53.77,800,
11:19:22,53.7699,400,
11:19:22,53.77,200,
11:19:24,53.77,400,
11:19:25,53.7418,950,
11:19:27,53.71,100,
11:19:34,53.6701,200,
11:19:56,53.6718,175,
11:19:58,53.6995,100,
11:19:58,53.6995,100,
11:19:58,53.70,300,
11:19:58,53.70,200,
11:19:58,53.6999,200,
11:19:58,53.6999,100,
11:19:59,53.66,200,
11:19:59,53.63,200,
11:19:59,53.62,100,
11:20:42,53.63,100,
11:20:55,53.6479,100,
11:21:15,53.70,3900,
11:21:32,53.67,100,
11:21:32,53.68,200,
11:21:32,53.67,100,
11:21:44,53.72,100,
11:21:44,53.75,100,
11:21:44,53.75,200,
11:21:49,53.7683,100,
11:21:49,53.77,100,
11:21:49,53.7689,100,
11:21:49,53.77,100,
11:21:52,53.77,100,
11:22:05,53.7978,100,
11:22:05,53.799,1300,
11:22:08,53.80,1600,
11:22:15,53.7782,950,
11:22:28,53.77,100,
11:22:28,53.77,200,
11:22:28,53.7699,300,
11:22:52,53.77,300,
11:22:52,53.78,100,
11:22:57,53.79,100,
11:22:57,53.79,482,
11:23:00,53.78,100,
11:23:09,53.79,200,
11:23:18,53.81,200,
11:23:18,53.81,400,
11:23:18,53.83,200,
11:23:18,53.83,100,
11:23:22,53.83,100,
11:23:24,53.8085,100,
11:23:28,53.7887,1000,
11:23:43,53.806,600,
11:23:43,53.79,300,
11:24:00,53.78,100,
11:24:04,53.7616,1000,
11:24:17,53.76,200,
11:24:25,53.68,100,
11:24:25,53.66,300,
11:24:25,53.68,100,
11:24:25,53.68,100,
11:24:25,53.68,200,
11:24:25,53.68,1700,
11:24:25,53.65,200,
11:24:25,53.66,100,
11:24:26,53.66,200,
11:24:26,53.67,200,
11:24:26,53.68,300,
11:24:26,53.68,100,
11:24:26,53.68,300,
11:24:27,53.6599,100,
11:24:30,53.631,1000,
11:24:35,53.67,200,
11:24:35,53.68,100,
11:24:35,53.68,545,
11:24:36,53.71,100,
11:24:36,53.70,200,
11:24:41,53.7013,100,
11:24:41,53.709,200,
11:25:13,53.759,1000,
11:25:19,53.74,300,
11:25:19,53.74,100,
11:25:19,53.74,300,
11:25:19,53.70,100,
11:25:19,53.70,100,
11:25:19,53.71,100,
11:25:22,53.76,200,
11:25:42,53.736,600,
11:25:44,53.7318,950,
11:25:45,53.72,100,
11:25:55,53.7078,300,
11:25:55,53.7001,300,
11:25:56,53.69,100,
11:25:56,53.69,300,
11:26:01,53.72,100,
11:26:01,53.72,100,
11:26:05,53.73,900,
11:26:23,53.72,400,
11:26:23,53.72,200,
11:26:39,53.71,100,
11:26:39,53.71,200,
11:26:39,53.70,100,
11:26:39,53.70,600,
11:26:47,53.69,100,
11:26:47,53.68,100,
11:26:47,53.66,400,
11:26:47,53.66,1299,
11:26:52,53.64,100,
11:26:54,53.65,100,
11:26:54,53.65,100,
11:27:00,53.65,500,
11:27:00,53.65,300,
11:27:00,53.65,1800,
11:27:00,53.71,200,
11:27:27,53.61,100,
11:27:34,53.6301,1000,
11:27:38,53.61,300,
11:27:38,53.61,300,
11:27:38,53.61,100,
11:27:38,53.60,502,
11:27:38,53.60,150,
11:27:38,53.60,1500,
11:27:38,53.60,100,
11:27:38,53.60,1379,
11:27:38,53.60,1579,
11:27:38,53.61,100,
11:27:38,53.60,400,
11:27:38,53.59,800,
11:27:38,53.61,100,
11:28:03,53.6201,100,
11:28:23,53.62,100,
11:28:29,53.6698,2237,
11:28:29,53.67,200,
11:28:31,53.6501,200,
11:29:06,53.6813,500,
11:29:11,53.66,200,
11:29:24,53.68,400,
11:29:35,53.6187,1000,
11:29:58,53.64,200,
11:31:09,53.8199,700,
11:31:12,53.77,300,
11:31:13,53.79,3000,
11:31:19,53.83,100,
11:31:19,53.83,100,
11:31:19,53.83,100,
11:31:27,53.8498,4780,
11:31:31,53.80,100,
11:31:31,53.80,100,
11:31:39,53.83,300,
11:31:39,53.83,100,
11:31:46,53.83,140,
11:31:46,53.83,100,
11:31:46,53.8499,1800,
11:31:49,53.83,400,
11:31:49,53.82,200,
11:31:49,53.81,300,
11:31:49,53.81,200,
11:31:49,53.81,300,
11:31:59,53.81,100,
11:32:02,53.8144,1500,
11:32:05,53.80,700,
11:32:34,53.78,300,
11:32:45,53.79,100,
11:32:57,53.79,100,
11:33:29,53.77,100,
11:33:31,53.75,100,
11:33:32,53.7401,400,
11:33:38,53.77,100,
11:33:38,53.77,100,
11:33:38,53.77,100,
11:33:55,53.75,100,
11:33:55,53.75,498,
11:33:58,53.754,600,
11:34:10,53.73,100,
11:34:11,53.70,100,
11:34:11,53.70,100,
11:34:11,53.70,200,
11:34:11,53.70,200,
11:34:18,53.721,200,
11:34:27,53.73,200,
11:34:35,53.75,200,
11:34:35,53.74,100,
11:34:40,53.78,200,
11:34:53,53.79,100,
11:34:55,53.81,298,
11:34:55,53.80,100,
11:34:55,53.80,12900,
11:35:10,53.80,200,
11:35:10,53.79,200,
11:35:21,53.8299,500,
11:35:34,53.89,100,
11:35:34,53.89,100,
11:35:34,53.89,200,
11:35:34,53.89,400,
11:35:34,53.89,500,
11:35:36,53.94,100,
11:35:45,53.9599,300,
11:35:48,53.95,100,
11:35:48,53.94,200,
11:35:48,53.94,100,
11:35:48,53.9206,100,
11:35:51,53.9299,600,
11:36:00,53.9099,500,
11:36:11,53.9298,100,
11:36:11,53.93,500,
11:36:14,53.921,100,
11:36:14,53.93,100,
11:36:22,53.93,200,
11:36:23,53.92,200,
11:36:28,53.94,100,
11:36:34,53.95,200,
11:36:34,53.93,100,
11:36:35,53.93,700,
11:36:40,53.9399,700,
11:36:41,53.92,200,
11:37:07,53.9113,1000,
11:37:24,53.894,200,
11:37:25,53.92,100,
11:37:25,53.93,400,
11:37:25,53.939,775,
11:37:25,53.94,900,
11:37:28,53.89,100,
11:37:32,53.90,100,
11:37:32,53.88,321,
11:37:44,53.8715,100,
11:37:44,53.87,100,
11:38:31,53.88,200,
11:38:52,53.87,100,
11:38:54,53.8499,200,
11:38:56,53.83,200,
11:38:56,53.82,100,
11:39:00,53.80,300,
11:39:12,53.8306,100,
11:39:12,53.8306,100,
11:39:12,53.83,100,
11:39:12,53.8301,100,
11:39:17,53.8299,300,
11:39:37,53.7482,100,
11:39:37,53.749,500,
11:40:03,53.76,200,
11:40:03,53.77,600,
11:40:11,53.75,200,
11:40:11,53.75,100,
11:40:41,53.72,400,
11:40:41,53.72,200,
11:40:41,53.7099,200,
11:40:45,53.69,400,
11:40:48,53.67,100,
11:40:48,53.67,200,
11:40:57,53.7099,200,
11:41:14,53.69,200,
11:41:14,53.69,100,
11:41:22,53.67,146,
11:41:32,53.6699,100,
11:41:34,53.65,200,
11:41:35,53.63,100,
11:41:35,53.61,100,
11:41:35,53.5901,150,
11:41:35,53.59,1000,
11:41:36,53.606,300,
11:41:36,53.609,100,
11:41:38,53.63,100,
11:41:38,53.63,205,
11:41:42,53.649,100,
11:42:32,53.73,200,
11:42:34,53.7313,800,
11:42:46,53.7882,919,
11:43:52,53.7536,400,
11:44:46,53.71,100,
11:44:46,53.71,100,
11:45:07,53.729,1000,
11:45:10,53.72,100,
11:45:10,53.72,100,
11:45:10,53.72,200,
11:45:10,53.71,3000,
11:45:49,53.73,200,
11:45:51,53.7163,1000,
11:45:57,53.68,100,
11:46:22,53.6851,200,
11:46:36,53.71,100,
11:46:55,53.73,100,
11:47:53,53.65,100,
11:48:31,53.65,100,
11:48:48,53.70,100,
11:49:15,53.73,200,
11:49:15,53.7401,400,
11:49:17,53.76,200,
11:49:26,53.77,1000,
11:49:26,53.77,1000,
11:49:26,53.77,200,
11:49:26,53.77,400,
11:49:26,53.77,100,
11:49:26,53.77,300,
11:49:26,53.77,100,
11:49:42,53.74,200,
11:49:43,53.73,200,
11:49:43,53.73,400,
11:49:49,53.69,100,
11:49:50,53.70,100,
11:49:55,53.67,100,
11:49:55,53.67,300,
11:49:55,53.65,100,
11:49:55,53.65,300,
11:49:55,53.65,400,
11:49:55,53.65,100,
11:49:55,53.65,100,
11:50:02,53.67,200,
11:50:55,53.69,400,
11:50:55,53.69,100,
11:52:36,53.68,100,
11:52:46,53.68,200,
11:52:46,53.68,200,
11:52:46,53.68,100,
11:52:46,53.68,100,
11:52:46,53.68,200,
11:53:10,53.67,100,
11:53:10,53.67,100,
11:53:10,53.67,100,
11:53:10,53.67,100,
11:53:11,53.67,100,
11:53:12,53.67,100,
11:53:24,53.68,300,
11:53:27,53.676,500,
11:53:29,53.6589,500,
11:53:48,53.68,100,
11:54:05,53.63,300,
11:54:05,53.6309,100,
11:54:05,53.63,200,
11:54:06,53.63,100,
11:54:06,53.63,100,
11:54:07,53.621,100,
11:54:07,53.62,100,
11:54:07,53.6201,100,
11:54:12,53.62,500,
11:54:27,53.62,600,
11:54:27,53.61,200,
11:54:27,53.61,100,
11:54:27,53.62,200,
11:54:27,53.61,300,
11:54:27,53.60,100,
11:54:27,53.60,600,
11:54:27,53.60,100,
11:54:27,53.60,15000,
11:54:27,53.60,200,
11:54:27,53.61,300,
11:54:29,53.5989,100,
11:54:29,53.60,100,
11:54:29,53.5999,100,
11:54:29,53.5995,100,
11:54:30,53.60,100,
11:54:30,53.5801,1800,
11:54:30,53.575,2800,
11:54:35,53.59,500,
11:54:35,53.59,600,
11:54:35,53.59,200,
11:54:36,53.5718,500,
11:54:47,53.57,300,
11:54:47,53.55,100,
11:54:47,53.55,100,
11:54:53,53.54,2000,
11:55:18,53.5499,1000,
11:55:30,53.54,200,
11:55:51,53.54,300,
11:55:57,53.54,100,
11:56:06,53.5401,100,
11:56:08,53.54,100,
11:56:18,53.5389,1005,
11:56:37,53.55,100,
11:56:52,53.549,900,
11:57:06,53.554,200,
11:57:18,53.54,150,
11:57:22,53.5494,3000,
11:57:23,53.54,100,
11:57:23,53.51,100,
11:57:24,53.548,100,
11:57:27,53.51,300,
11:57:27,53.52,100,
11:57:27,53.51,300,
11:57:32,53.50,4445,
11:57:39,53.53,500,
11:57:52,53.55,100,
11:58:18,53.57,100,
11:58:18,53.57,700,
11:58:21,53.5699,200,
11:58:21,53.5675,3500,
11:58:33,53.584,400,
11:58:33,53.56,200,
11:58:33,53.56,100,
11:58:33,53.56,100,
11:58:33,53.56,1300,
11:58:34,53.586,100,
11:58:36,53.5306,100,
11:58:36,53.53,100,
11:58:39,53.56,200,
11:58:44,53.5599,600,
11:59:06,53.56,500,
11:59:07,53.53,100,
11:59:33,53.54,100,
11:59:33,53.54,100,
11:59:34,53.57,100,
11:59:57,53.50,100,
11:59:57,53.50,100,
11:59:57,53.48,600,
11:59:57,53.48,100,
11:59:57,53.48,100,
11:59:59,53.4899,200,
12:00:02,53.48,300,
12:00:02,53.47,200,
12:00:19,53.473,100,
12:00:20,53.47,100,
12:00:20,53.475,7800,
12:00:21,53.4718,100,
12:00:22,53.4899,140,
12:00:27,53.4899,2000,
12:00:30,53.44,600,
12:00:35,53.48,100,
12:00:35,53.49,100,
12:00:35,53.49,100,
12:00:39,53.4621,200,
12:00:45,53.49,300,
12:00:46,53.5001,500,
12:01:07,53.54,100,
12:01:07,53.54,200,
12:01:10,53.544,200,
12:01:12,53.53,100,
12:01:13,53.52,100,
12:01:13,53.52,100,
12:01:16,53.49,100,
12:01:37,53.4699,3000,
12:01:49,53.44,100,
12:01:59,53.43,150,
12:02:28,53.4718,100,
12:02:37,53.5082,1100,
12:02:43,53.47,200,
12:02:43,53.47,200,
12:03:17,53.45,100,
12:03:29,53.45,100,
12:03:31,53.45,200,
12:03:36,53.4301,2000,
12:03:54,53.45,200,
12:03:54,53.45,100,
12:04:24,53.4564,310,
12:04:53,53.4518,150,
12:05:13,53.4599,100,
12:06:23,53.459,200,
12:06:35,53.4589,500,
12:06:37,53.46,200,
12:06:51,53.4754,1000,
12:06:55,53.48,300,
12:06:56,53.44,200,
12:07:42,53.48,101,
12:07:42,53.48,100,
12:07:58,53.4701,200,
12:07:58,53.50,100,
12:08:03,53.50,100,
12:08:27,53.4999,500,
12:08:39,53.5199,100,
12:09:02,53.53,100,
12:09:03,53.53,100,
12:09:03,53.5236,100,
12:09:05,53.53,500,
12:09:11,53.522,100,
12:09:15,53.53,400,
12:09:24,53.55,200,
12:09:32,53.52,100,
12:09:34,53.56,100,
12:10:21,53.51,200,
12:10:28,53.54,100,
12:10:28,53.54,100,
12:10:28,53.54,100,
12:10:28,53.54,100,
12:10:33,53.539,1000,
12:10:39,53.531,300,
12:11:07,53.53,606,
12:11:08,53.54,100,
12:11:19,53.52,100,
12:11:19,53.52,100,
12:11:19,53.52,105,
12:11:31,53.50,400,
12:11:31,53.50,200,
12:12:22,53.521,100,
12:12:23,53.5501,200,
12:12:27,53.60,200,
12:12:27,53.59,200,
12:12:31,53.5984,500,
12:12:42,53.61,200,
12:12:44,53.61,500,
12:12:44,53.61,199,
12:12:44,53.6298,100,
12:12:44,53.6215,100,
12:12:44,53.63,100,
12:12:44,53.6194,100,
12:12:44,53.6299,100,
12:12:44,53.63,100,
12:12:44,53.63,300,
12:12:44,53.63,300,
12:12:44,53.63,300,
12:12:44,53.65,100,
12:12:44,53.65,105,
12:12:45,53.63,300,
12:12:45,53.63,500,
12:12:45,53.63,100,
12:12:45,53.66,400,
12:12:45,53.6736,100,
12:12:46,53.69,200,
12:12:47,53.70,100,
12:12:47,53.70,200,
12:12:48,53.6701,500,
12:13:20,53.69,900,
12:13:25,53.719,200,
12:13:28,53.71,200,
12:13:34,53.7151,300,
12:13:37,53.69,100,
12:13:38,53.7076,100,
12:13:38,53.71,100,
12:13:44,53.709,1000,
12:13:53,53.7199,300,
12:14:07,53.66,311,
12:14:09,53.67,100,
12:14:49,53.70,200,
12:15:08,53.749,100,
12:15:12,53.72,100,
12:15:15,53.74,100,
12:15:20,53.714,150,
12:15:27,53.718,200,
12:15:56,53.77,200,
12:15:56,53.79,200,
12:15:56,53.78,100,
12:15:56,53.79,200,
12:15:56,53.79,200,
12:15:56,53.75,100,
12:15:56,53.78,200,
12:16:00,53.75,200,
12:16:03,53.77,100,
12:16:03,53.76,100,
12:16:17,53.7201,500,
12:16:17,53.76,100,
12:16:17,53.75,100,
12:16:25,53.7301,500,
12:16:27,53.7523,300,
12:16:31,53.7315,875,
12:16:44,53.78,100,
12:16:44,53.78,200,
12:16:45,53.75,300,
12:16:45,53.75,163,
12:17:03,53.74,100,
12:17:11,53.71,100,
12:17:21,53.70,800,
12:17:40,53.68,200,
12:17:40,53.68,200,
12:17:41,53.7023,100,
12:17:41,53.69,900,
12:17:55,53.66,100,
12:18:27,53.6601,200,
12:18:27,53.6611,600,
12:18:29,53.661,200,
12:19:35,53.70,800,
12:19:35,53.70,200,
12:19:35,53.70,2254,
12:19:40,53.684,100,
12:19:48,53.658,200,
12:20:30,53.66,600,
12:20:30,53.66,100,
12:20:30,53.66,100,
12:20:30,53.66,300,
12:20:30,53.66,300,
12:20:30,53.66,1000,
12:20:45,53.69,100,
12:20:52,53.684,400,
12:21:26,53.65,163,
12:22:29,53.69,100,
12:23:16,53.6899,200,
12:23:25,53.684,200,
12:23:40,53.70,700,
12:23:40,53.70,1200,
12:23:40,53.74,100,
12:23:40,53.75,100,
12:23:40,53.74,100,
12:23:40,53.74,100,
12:23:40,53.74,100,
12:23:40,53.74,534,
12:23:54,53.77,100,
12:23:54,53.76,200,
12:24:08,53.7898,3200,
12:24:15,53.79,100,
12:24:24,53.8199,1000,
12:24:26,53.8198,100,
12:24:30,53.80,205,
12:24:34,53.812,500,
12:24:34,53.83,200,
12:24:34,53.84,200,
12:24:36,53.83,300,
12:24:41,53.82,100,
12:24:44,53.846,3700,
12:24:46,53.82,100,
12:24:49,53.8498,100,
12:24:49,53.85,200,
12:24:51,53.85,200,
12:24:51,53.85,200,
12:24:51,53.85,100,
12:24:54,53.85,100,
12:24:54,53.86,100,
12:24:56,53.90,100,
12:24:56,53.90,100,
12:24:56,53.91,100,
12:24:56,53.91,100,
12:24:56,53.90,100,
12:24:57,53.95,100,
12:24:57,53.92,300,
12:24:57,53.93,300,
12:24:59,53.97,200,
12:24:59,53.97,100,
12:24:59,53.9602,100,
12:24:59,53.96,200,
12:25:02,53.9752,450,
12:25:03,53.94,115,
12:25:08,53.9699,200,
12:25:08,53.9699,300,
12:25:08,53.9699,100,
12:25:09,53.9798,100,
12:25:09,53.9799,160,
12:25:09,53.98,100,
12:25:15,53.9602,100,
12:25:17,53.9742,700,
12:25:20,53.961,1000,
12:25:24,53.94,800,
12:25:29,53.944,200,
12:26:05,53.98,100,
12:26:21,53.97,200,
12:26:22,53.98,100,
12:26:38,53.96,100,
12:26:40,53.959,200,
12:26:42,53.956,500,
12:26:50,53.9616,500,
12:26:55,53.9673,100,
12:27:00,53.9311,100,
12:27:12,53.95,135,
12:27:12,53.92,200,
12:27:12,53.92,100,
12:27:19,53.95,560,
12:27:30,53.941,200,
12:27:40,53.90,940,
12:27:47,53.906,100,
12:28:12,53.83,100,
12:28:12,53.82,100,
12:28:14,53.8021,100,
12:28:15,53.8016,600,
12:28:16,53.7916,300,
12:28:17,53.79,500,
12:28:30,53.8191,500,
12:28:34,53.80,100,
12:28:43,53.80,100,
12:28:45,53.80,429,
12:28:58,53.8101,12000,
12:29:08,53.78,100,
12:29:13,53.83,200,
12:29:13,53.84,100,
12:29:13,53.84,200,
12:29:13,53.85,200,
12:29:13,53.85,100,
12:29:13,53.85,100,
12:29:13,53.85,100,
12:29:24,53.84,200,
12:29:24,53.83,116,
12:29:26,53.82,200,
12:29:26,53.82,100,
12:29:26,53.86,100,
12:29:26,53.84,1600,
12:29:26,53.86,100,
12:29:26,53.84,100,
12:29:26,53.84,100,
12:29:26,53.84,100,
12:29:26,53.84,100,
12:29:26,53.84,100,
12:29:26,53.84,500,
12:29:26,53.85,300,
12:29:26,53.85,200,
12:29:26,53.83,500,
12:29:33,53.79,100,
12:29:42,53.81,100,
12:29:42,53.83,100,
12:29:49,53.83,200,
12:29:50,53.827,200,
12:30:19,53.83,100,
12:30:22,53.84,400,
12:30:22,53.84,100,
12:30:44,53.88,100,
12:31:02,53.8999,100,
12:31:05,53.90,100,
12:31:48,53.86,100,
12:31:48,53.86,100,
12:31:48,53.86,200,
12:32:04,53.90,100,
12:32:20,53.86,300,
12:32:20,53.86,100,
12:32:20,53.84,100,
12:32:21,53.86,800,
12:32:21,53.85,300,
12:32:21,53.85,300,
12:32:21,53.86,100,
12:32:55,53.87,700,
12:33:52,53.8799,100,
12:33:52,53.88,100,
12:34:12,53.85,148,
12:34:18,53.84,200,
12:34:18,53.84,500,
12:34:18,53.849,100,
12:34:37,53.8509,300,
12:35:18,53.90,100,
12:35:30,53.91,200,
12:35:30,53.92,200,
12:35:30,53.92,100,
12:35:40,53.92,100,
12:35:42,53.92,100,
12:35:42,53.92,100,
12:35:49,53.90,2000,
12:36:05,53.94,100,
12:36:05,53.94,300,
12:36:05,53.94,100,
12:36:05,53.94,200,
12:36:05,53.95,100,
12:36:05,53.94,300,
12:36:12,53.92,100,
12:36:24,53.9496,1000,
12:36:52,53.9599,100,
12:36:52,53.96,100,
12:36:52,53.9599,100,
12:37:01,53.93,100,
12:37:25,53.94,500,
12:37:33,53.96,500,
12:37:41,53.969,100,
12:38:03,53.97,100,
12:38:03,53.98,500,
12:38:03,53.98,100,
12:38:03,53.99,700,
12:38:09,53.9813,700,
12:38:16,53.9769,100,
12:38:16,53.979,200,
12:38:19,53.976,500,
12:38:21,53.9571,650,
12:38:23,53.95,300,
12:38:23,53.96,300,
12:38:23,53.96,300,
12:38:35,53.9102,100,
12:38:53,53.914,800,
12:39:09,53.94,100,
12:39:20,53.91,100,
12:39:20,53.91,100,
12:39:21,53.92,100,
12:39:21,53.91,300,
12:39:21,53.92,300,
12:39:23,53.9102,3200,
12:39:42,53.93,200,
12:40:08,53.94,200,
12:40:09,53.95,100,
12:40:10,53.96,100,
12:40:10,53.97,100,
12:40:10,53.97,100,
12:40:10,53.97,100,
12:40:10,53.98,100,
12:40:11,53.95,100,
12:40:11,53.95,200,
12:40:11,53.98,100,
12:40:11,53.98,100,
12:40:19,53.98,100,
12:40:19,53.98,100,
12:40:19,53.98,100,
12:40:20,53.97,100,
12:40:35,53.9889,200,
12:40:44,53.99,100,
12:40:44,53.99,500,
12:40:53,53.98,2200,
12:40:58,53.959,200,
12:41:26,53.9401,600,
12:41:28,53.955,2200,
12:41:34,53.98,100,
12:41:34,53.98,100,
12:41:34,53.98,100,
12:41:34,53.9796,100,
12:41:34,53.979,100,
12:41:43,53.93,200,
12:41:51,53.9202,4780,
12:42:05,53.9248,200,
12:42:10,53.9201,2000,
12:42:12,53.9401,500,
12:42:22,53.94,200,
12:42:37,53.96,100,
12:43:24,53.98,100,
12:43:36,53.98,300,
12:43:36,53.98,200,
12:44:08,53.98,200,
12:44:20,53.989,200,
12:44:23,54.01,100,
12:44:23,54,150,
12:44:30,53.961,400,
12:44:30,53.961,3500,
12:44:58,53.976,1000,
12:45:02,53.9982,200,
12:45:33,53.992,1000,
12:45:46,53.97,200,
12:45:49,53.96,1000,
12:45:49,53.95,100,
12:45:49,53.9501,271,
12:45:49,53.95,3958,
12:45:49,53.96,100,
12:45:49,53.96,100,
12:45:49,53.96,100,
12:45:49,53.96,100,
12:45:49,53.96,100,
12:45:52,53.95,100,
12:45:54,53.96,100,
12:45:54,53.96,100,
12:46:06,53.99,300,
12:46:08,54.01,100,
12:46:08,54.01,100,
12:46:11,53.98,100,
12:46:13,54.01,100,
12:46:13,54.01,100,
12:46:13,54.02,100,
12:46:13,54.02,100,
12:46:13,54.01,100,
12:46:31,53.9999,100,
12:46:38,53.9901,100,
12:46:45,53.981,1600,
12:46:45,53.981,1700,
12:46:46,53.98,500,
12:46:52,53.9889,100,
12:46:53,53.971,700,
12:46:53,53.971,300,
12:46:54,53.99,500,
12:47:06,53.971,100,
12:47:17,53.99,100,
12:47:17,54.01,100,
12:47:17,53.99,100,
12:47:17,54.01,100,
12:47:20,54.03,100,
12:47:22,54.03,100,
12:47:26,54.03,100,
12:47:26,54.05,525,
12:47:27,54.03,200,
12:47:28,54.02,100,
12:47:28,54.02,100,
12:47:29,54.0101,1100,
12:48:00,54.04,100,
12:48:00,54.05,100,
12:48:00,54.05,200,
12:48:00,54.06,300,
12:48:00,54.04,100,
12:48:03,54.07,100,
12:48:08,54.0799,500,
12:48:08,54.08,200,
12:48:10,54.0701,200,
12:48:13,54.0899,200,
12:48:21,54.07,200,
12:48:26,54.0999,500,
12:48:33,54.08,100,
12:48:42,54.08,100,
12:48:42,54.08,200,
12:48:42,54.10,100,
12:48:42,54.10,100,
12:48:42,54.10,100,
12:48:48,54.0858,700,
12:49:03,54.10,200,
12:49:05,54.12,100,
12:49:10,54.1001,1500,
12:49:18,54.11,400,
12:49:18,54.11,500,
12:49:36,54.09,100,
12:49:36,54.10,800,
12:49:47,54.12,300,
12:49:47,54.12,100,
12:49:47,54.12,100,
12:49:47,54.12,200,
12:49:47,54.13,300,
12:49:47,54.12,200,
12:49:47,54.12,600,
12:49:47,54.12,100,
12:49:50,54.11,100,
12:49:50,54.14,100,
12:49:52,54.139,500,
12:50:00,54.14,100,
12:50:00,54.13,100,
12:50:00,54.13,200,
12:50:00,54.14,600,
12:50:00,54.14,200,
12:50:00,54.14,300,
12:50:00,54.16,300,
12:50:00,54.16,100,
12:50:00,54.16,600,
12:50:00,54.15,100,
12:50:00,54.15,300,
12:50:00,54.14,100,
12:50:00,54.15,300,
12:50:00,54.17,200,
12:50:00,54.13,300,
12:50:00,54.13,300,
12:50:00,54.13,300,
12:50:00,54.13,200,
12:50:00,54.13,300,
12:50:00,54.16,300,
12:50:00,54.21,183,
12:50:00,54.21,100,
12:50:00,54.21,100,
12:50:00,54.21,100,
12:50:00,54.15,100,
12:50:00,54.15,200,
12:50:00,54.18,900,
12:50:00,54.1998,100,
12:50:00,54.19,400,
12:50:00,54.20,100,
12:50:01,54.17,100,
12:50:01,54.1701,250,
12:50:01,54.17,200,
12:50:04,54.21,300,
12:50:04,54.21,200,
12:50:04,54.20,100,
12:50:04,54.20,300,
12:50:04,54.21,100,
12:50:04,54.22,100,
12:50:04,54.23,100,
12:50:04,54.23,150,
12:50:04,54.21,100,
12:50:04,54.2499,100,
12:50:04,54.25,300,
12:50:05,54.23,500,
12:50:05,54.23,1000,
12:50:05,54.23,1100,
12:50:05,54.25,300,
12:50:05,54.25,100,
12:50:05,54.23,100,
12:50:05,54.23,200,
12:50:05,54.23,300,
12:50:05,54.2597,100,
12:50:05,54.26,100,
12:50:06,54.23,600,
12:50:06,54.26,100,
12:50:08,54.25,500,
12:50:08,54.22,600,
12:50:08,54.21,300,
12:50:10,54.26,200,
12:50:10,54.234,2700,
12:50:10,54.27,100,
12:50:12,54.23,100,
12:50:12,54.23,100,
12:50:13,54.2368,450,
12:50:13,54.26,100,
12:50:13,54.24,300,
12:50:14,54.27,100,
12:50:14,54.28,100,
12:50:14,54.29,100,
12:50:14,54.28,300,
12:50:14,54.28,300,
12:50:14,54.30,400,
12:50:14,54.30,100,
12:50:14,54.30,100,
12:50:14,54.33,100,
12:50:14,54.29,100,
12:50:16,54.26,400,
12:50:16,54.26,400,
12:50:23,54.25,100,
12:50:23,54.25,500,
12:50:26,54.256,200,
12:50:27,54.2303,100,
12:50:32,54.22,600,
12:50:37,54.24,150,
12:50:42,54.243,100,
12:50:49,54.2311,100,
12:50:54,54.25,200,
12:50:55,54.2503,300,
12:50:57,54.254,500,
12:51:01,54.25,329,
12:51:06,54.25,1000,
12:51:07,54.25,200,
12:51:07,54.26,100,
12:51:07,54.30,100,
12:51:07,54.28,400,
12:51:08,54.26,900,
12:51:08,54.26,100,
12:51:08,54.26,900,
12:51:08,54.2997,100,
12:51:09,54.25,400,
12:51:09,54.251,300,
12:51:14,54.2811,140,
12:51:14,54.30,900,
12:51:14,54.30,100,
12:51:14,54.30,300,
12:51:14,54.31,200,
12:51:18,54.32,100,
12:51:18,54.34,100,
12:51:19,54.32,100,
12:51:19,54.32,100,
12:51:24,54.3104,200,
12:51:24,54.31,100,
12:51:25,54.3199,100,
12:51:27,54.311,100,
12:51:27,54.35,100,
12:51:27,54.36,100,
12:51:27,54.36,300,
12:51:28,54.3701,500,
12:51:30,54.374,200,
12:51:32,54.40,100,
12:51:32,54.36,400,
12:51:32,54.36,300,
12:51:32,54.37,100,
12:51:32,54.37,500,
12:51:32,54.38,500,
12:51:32,54.36,1600,
12:51:32,54.34,100,
12:51:32,54.39,100,
12:51:32,54.39,300,
12:51:32,54.39,100,
12:51:32,54.38,100,
12:51:33,54.38,100,
12:51:33,54.38,100,
12:51:33,54.40,100,
12:51:33,54.38,100,
12:51:33,54.38,100,
12:51:36,54.42,100,
12:51:36,54.43,200,
12:51:36,54.44,200,
12:51:36,54.42,100,
12:51:36,54.4113,700,
12:51:37,54.43,100,
12:51:37,54.43,300,
12:51:37,54.43,100,
12:51:37,54.43,100,
12:51:40,54.39,100,
12:51:41,54.33,200,
12:51:42,54.31,100,
12:51:42,54.31,100,
12:51:42,54.30,100,
12:51:43,54.27,200,
12:51:44,54.25,200,
12:51:45,54.24,200,
12:51:47,54.2397,100,
12:51:47,54.231,199,
12:51:47,54.22,104,
12:51:47,54.23,100,
12:51:49,54.24,200,
12:51:49,54.24,100,
12:52:07,54.26,14000,
12:52:13,54.2218,1000,
12:52:15,54.24,200,
12:52:18,54.22,500,
12:52:25,54.22,300,
12:52:25,54.22,200,
12:52:26,54.20,100,
12:52:26,54.21,100,
12:52:29,54.21,400,
12:52:29,54.21,200,
12:52:34,54.20,100,
12:52:35,54.20,100,
12:52:45,54.18,100,
12:52:45,54.18,100,
12:52:45,54.18,100,
12:52:45,54.18,300,
12:52:45,54.18,240,
12:52:45,54.1793,100,
12:52:45,54.1793,100,
12:52:45,54.18,100,
12:52:52,54.19,100,
12:52:56,54.18,100,
12:53:00,54.19,300,
12:53:12,54.188,300,
12:53:25,54.1801,4000,
12:53:33,54.19,200,
12:53:45,54.20,100,
12:53:46,54.19,100,
12:53:59,54.20,300,
12:53:59,54.20,200,
12:54:00,54.2001,600,
12:54:07,54.22,100,
12:54:07,54.19,100,
12:54:07,54.20,100,
12:54:15,54.24,400,
12:54:15,54.24,100,
12:54:15,54.24,200,
12:54:15,54.24,400,
12:54:41,54.244,400,
12:54:56,54.22,200,
12:54:57,54.20,100,
12:55:31,54.22,300,
12:55:31,54.22,100,
12:55:31,54.22,100,
12:55:32,54.22,500,
12:55:47,54.21,400,
12:56:07,54.18,100,
12:56:08,54.1867,200,
12:56:09,54.1848,100,
12:56:23,54.18,100,
12:56:23,54.1802,200,
12:56:36,54.19,100,
12:56:50,54.20,200,
12:56:57,54.21,200,
12:57:07,54.21,5478,
12:57:38,54.2101,4900,
12:58:00,54.235,2000,
12:58:04,54.2101,700,
12:58:04,54.21,850,
12:58:06,54.239,500,
12:58:36,54.26,100,
12:58:48,54.2211,300,
12:58:48,54.22,200,
12:58:48,54.22,500,
12:58:48,54.22,600,
12:58:48,54.22,100,
12:59:07,54.22,100,
12:59:07,54.22,400,
12:59:07,54.22,100,
12:59:11,54.23,100,
12:59:11,54.24,200,
12:59:11,54.23,300,
12:59:18,54.24,100,
12:59:20,54.25,200,
12:59:20,54.26,223,
12:59:24,54.29,177,
12:59:24,54.29,100,
12:59:31,54.284,400,
12:59:38,54.27,200,
12:59:51,54.28,4000,
13:00:19,54.241,100,
13:00:19,54.241,100,
13:00:19,54.257,100,
13:00:19,54.24,100,
13:00:19,54.24,300,
13:00:20,54.2381,100,
13:00:20,54.238,100,
13:00:20,54.2381,100,
13:00:20,54.23,100,
13:00:21,54.23,100,
13:00:21,54.2301,100,
13:00:34,54.23,200,
13:00:36,54.23,100,
13:00:43,54.23,100,
13:00:43,54.23,100,
13:00:49,54.25,500,
13:00:49,54.26,100,
13:00:52,54.25,200,
13:00:52,54.27,100,
13:01:00,54.2799,250,
13:01:04,54.26,100,
13:01:09,54.27,300,
13:01:12,54.25,300,
13:01:12,54.2503,200,
13:01:12,54.25,300,
13:01:23,54.2599,100,
13:01:26,54.261,100,
13:01:26,54.2601,100,
13:01:26,54.26,100,
13:01:26,54.26,100,
13:01:27,54.26,700,
13:01:32,54.26,300,
13:01:50,54.2753,500,
13:02:15,54.26,100,
13:02:15,54.26,100,
13:02:16,54.2399,300,
13:02:17,54.21,100,
13:02:17,54.21,600,
13:02:17,54.21,300,
13:02:17,54.21,300,
13:02:17,54.19,100,
13:02:17,54.21,100,
13:02:17,54.23,100,
13:02:22,54.2282,100,
13:02:32,54.21,100,
13:02:32,54.24,200,
13:02:32,54.22,100,
13:02:32,54.23,200,
13:02:32,54.22,300,
13:02:33,54.206,400,
13:02:34,54.17,100,
13:02:35,54.19,100,
13:02:36,54.19,100,
13:02:40,54.17,100,
13:02:46,54.17,100,
13:02:46,54.17,100,
13:02:46,54.17,600,
13:02:47,54.17,100,
13:02:48,54.17,100,
13:02:48,54.17,100,
13:03:16,54.20,200,
13:03:20,54.21,300,
13:03:20,54.21,100,
13:03:20,54.21,100,
13:03:20,54.22,100,
13:03:20,54.19,100,
13:03:39,54.19,100,
13:03:59,54.17,200,
13:04:00,54.16,1000,
13:04:05,54.15,100,
13:04:08,54.16,100,
13:04:08,54.16,400,
13:04:08,54.16,1300,
13:04:08,54.17,300,
13:04:08,54.18,200,
13:04:08,54.20,200,
13:04:08,54.20,200,
13:04:08,54.19,100,
13:04:12,54.18,200,
13:04:12,54.17,100,
13:04:27,54.17,200,
13:04:30,54.16,200,
13:04:41,54.18,400,
13:04:41,54.18,1500,
13:04:41,54.18,400,
13:04:42,54.20,300,
13:04:47,54.19,200,
13:05:18,54.12,100,
13:05:19,54.121,100,
13:05:19,54.121,200,
13:05:19,54.121,200,
13:05:20,54.121,1000,
13:05:20,54.121,300,
13:05:21,54.121,300,
13:05:21,54.121,800,
13:05:21,54.121,1000,
13:05:21,54.121,300,
13:05:21,54.121,300,
13:05:23,54.12,100,
13:05:23,54.12,100,
13:05:23,54.12,200,
13:05:23,54.12,100,
13:05:23,54.12,200,
13:05:23,54.12,100,
13:05:24,54.13,200,
13:05:25,54.1282,100,
13:05:25,54.121,100,
13:05:30,54.12,100,
13:05:31,54.13,300,
13:05:34,54.1001,200,
13:05:34,54.1001,220,
13:05:34,54.1001,300,
13:05:34,54.1001,200,
13:05:34,54.10,200,
13:05:38,54.08,500,
13:05:42,54.09,100,
13:05:42,54.09,114,
13:05:42,54.07,200,
13:05:42,54.07,200,
13:05:42,54.07,300,
13:05:42,54.07,100,
13:05:47,54.08,1000,
13:06:15,54.07,200,
13:06:15,54.06,100,
13:06:17,54.07,200,
13:06:23,54.07,200,
13:06:50,54.06,500,
13:07:06,54.08,200,
13:07:20,54.106,2000,
13:07:25,54.1199,500,
13:07:44,54.08,100,
13:07:58,54.10,100,
13:08:00,54.10,100,
13:08:20,54.1011,500,
13:08:21,54.13,200,
13:08:24,54.12,100,
13:08:24,54.1201,100,
13:08:24,54.12,100,
13:08:27,54.14,300,
13:08:32,54.1299,200,
13:08:41,54.10,400,
13:08:44,54.12,200,
13:08:44,54.1082,200,
13:09:05,54.10,100,
13:09:10,54.104,500,
13:09:18,54.08,200,
13:09:18,54.07,400,
13:09:18,54.07,1800,
13:09:18,54.08,300,
13:09:18,54.0641,100,
13:09:18,54.061,100,
13:09:30,54.08,100,
13:09:53,54.04,740,
13:10:05,54.0611,1200,
13:10:56,54.0302,100,
13:10:57,54.05,100,
13:10:58,54.0401,100,
13:11:18,54.061,125,
13:11:40,54.06,100,
13:11:40,54.06,100,
13:11:50,54.0599,940,
13:12:14,54.06,500,
13:12:22,54.02,100,
13:12:23,54.05,100,
13:12:29,54.0398,5000,
13:12:36,54.0291,100,
13:12:36,54,1000,
13:12:37,54,100,
13:12:37,54.01,400,
13:12:37,54,100,
13:12:37,54,200,
13:12:41,54.009,100,
13:12:43,53.98,600,
13:12:43,53.9801,500,
13:12:43,53.9801,700,
13:12:54,53.99,100,
13:12:55,54,200,
13:12:58,53.98,100,
13:12:58,53.98,100,
13:13:01,53.97,600,
13:13:15,54.0008,100,
13:13:23,54,1100,
13:13:24,53.9801,500,
13:14:09,54.01,100,
13:14:09,54.01,300,
13:14:09,54.01,200,
13:14:09,54.01,200,
13:14:09,54.01,400,
13:14:09,54.01,100,
13:14:09,54,100,
13:14:09,54,1300,
13:14:09,54,100,
13:14:09,54,300,
13:14:09,54,200,
13:14:09,54.01,200,
13:14:09,54,399,
13:14:10,54.01,100,
13:14:38,54.014,200,
13:14:42,54,100,
13:14:42,54,100,
13:14:59,53.98,200,
13:14:59,53.97,299,
13:15:00,53.971,100,
13:15:05,53.97,200,
13:15:05,53.9601,300,
13:15:41,54,100,
13:16:11,53.98,100,
13:16:11,53.98,700,
13:16:11,53.98,200,
13:16:11,53.98,600,
13:16:11,53.99,100,
13:16:11,53.99,100,
13:16:11,53.99,100,
13:16:11,53.97,100,
13:16:23,53.95,100,
13:16:27,53.93,100,
13:16:31,53.93,100,
13:16:32,53.9399,200,
13:16:35,53.93,200,
13:17:20,53.951,500,
13:18:01,53.97,100,
13:18:29,53.94,100,
13:18:30,53.95,100,
13:18:35,53.99,200,
13:18:44,53.99,200,
13:18:56,53.98,100,
13:18:57,53.9899,1000,
13:18:58,54.02,600,
13:18:58,54.03,100,
13:19:02,54.0421,800,
13:19:06,54.05,500,
13:19:07,54.05,100,
13:19:07,54.04,100,
13:19:07,54.06,100,
13:19:07,54.06,399,
13:19:11,54.072,300,
13:19:15,54.04,100,
13:19:17,54.0775,100,
13:19:18,54.08,100,
13:19:18,54.06,100,
13:19:43,54.08,200,
13:19:54,54.0568,200,
13:19:54,54.0599,100,
13:20:03,54.02,100,
13:20:04,54.02,100,
13:20:23,54,160,
13:20:24,54,100,
13:20:40,53.99,100,
13:21:04,54.0059,1000,
13:21:27,54,331,
13:21:48,54.0256,200,
13:22:01,54.01,200,
13:22:13,54.04,100,
13:22:48,54.01,600,
13:22:48,54,300,
13:22:48,54,200,
13:23:28,54.02,100,
13:23:28,54.02,200,
13:23:40,54,100,
13:23:40,54.01,200,
13:23:40,54.01,100,
13:23:40,54,100,
13:23:40,53.9901,1800,
13:24:16,53.98,100,
13:24:27,53.99,100,
13:24:27,54,100,
13:24:59,53.9971,500,
13:25:00,54.02,2300,
13:25:38,53.99,100,
13:26:11,53.98,200,
13:26:19,53.99,200,
13:26:49,54,100,
13:26:49,54.02,343,
13:26:49,54.03,100,
13:27:04,54.066,600,
13:27:24,54.066,550,
13:27:35,54.07,300,
13:27:35,54.0698,100,
13:27:35,54.0699,165,
13:27:35,54.07,100,
13:27:41,54.08,100,
13:27:58,54.04,200,
13:28:45,54.08,100,
13:28:45,54.08,100,
13:28:45,54.09,100,
13:28:51,54.10,100,
13:28:53,54.11,800,
13:29:09,54.07,100,
13:29:15,54.06,300,
13:29:31,54.05,1000,
13:29:56,54.04,800,
13:29:58,54.05,100,
13:30:01,54.0616,100,
13:30:01,54.062,100,
13:30:01,54.07,100,
13:30:16,54.08,500,
13:30:48,54.064,500,
13:31:02,54.079,400,
13:31:02,54.079,200,
13:31:03,54.077,900,
13:31:21,54.08,100,
13:31:21,54.08,100,
13:31:22,54.079,100,
13:31:34,54.06,100,
13:31:34,54.06,100,
13:31:34,54.06,100,
13:32:09,54.07,100,
13:32:16,54.06,1756,
13:32:25,54.0275,8000,
13:33:03,54.01,100,
13:33:03,54.01,100,
13:33:04,54.029,200,
13:33:04,54.029,200,
13:33:06,54.01,100,
13:33:13,54.025,2000,
13:33:24,54.03,100,
13:33:25,54.049,100,
13:33:45,54.05,200,
13:34:22,54.06,2000,
13:34:36,54.08,200,
13:34:45,54.0713,1400,
13:34:49,54.0699,100,
13:35:17,54.0701,200,
13:35:40,54.0527,500,
13:36:13,54.02,100,
13:36:13,54.02,200,
13:36:15,54.026,100,
13:36:21,54.034,200,
13:36:22,54,200,
13:36:22,54,200,
13:36:22,54,100,
13:36:27,53.97,1000,
13:36:30,53.97,100,
13:36:30,53.97,100,
13:36:46,53.9873,700,
13:36:54,54.02,100,
13:36:58,54.019,300,
13:36:59,54.017,700,
13:37:11,53.989,300,
13:37:11,53.999,300,
13:37:31,53.99,100,
13:37:41,53.999,100,
13:37:42,53.97,200,
13:37:52,53.95,100,
13:38:07,53.95,100,
13:38:08,53.95,300,
13:38:10,53.91,1000,
13:38:21,53.94,100,
13:38:27,53.95,200,
13:38:30,53.95,100,
13:38:40,53.9399,200,
13:38:40,53.9347,100,
13:38:40,53.9136,400,
13:39:01,53.94,100,
13:39:25,53.94,100,
13:39:25,53.94,200,
13:39:25,53.94,100,
13:39:26,53.957,200,
13:39:26,53.94,400,
13:39:35,53.966,200,
13:39:36,53.966,100,
13:40:04,53.931,100,
13:40:47,53.9101,750,
13:41:03,53.919,200,
13:41:18,53.91,400,
13:41:37,53.90,100,
13:41:37,53.89,100,
13:41:37,53.87,500,
13:41:38,53.87,100,
13:41:38,53.87,100,
13:41:38,53.8714,100,
13:41:38,53.8701,200,
13:41:38,53.87,100,
13:41:38,53.8701,100,
13:41:38,53.88,495,
13:41:41,53.87,500,
13:41:43,53.872,700,
13:41:49,53.83,200,
13:41:49,53.82,1100,
13:41:52,53.839,100,
13:42:03,53.8913,798,
13:42:26,53.86,300,
13:42:34,53.8499,100,
13:43:00,53.82,200,
13:43:00,53.81,100,
13:43:00,53.82,100,
13:43:00,53.80,100,
13:43:00,53.82,100,
13:43:00,53.80,300,
13:43:00,53.80,300,
13:43:00,53.8001,100,
13:43:00,53.8001,160,
13:43:00,53.8001,500,
13:43:00,53.82,100,
13:43:00,53.8182,200,
13:43:18,53.82,100,
13:43:27,53.86,300,
13:43:32,53.84,500,
13:44:02,53.8582,200,
13:44:09,53.87,100,
13:44:10,53.87,100,
13:44:11,53.8687,129,
13:44:22,53.876,400,
13:44:33,53.89,600,
13:44:34,53.8818,100,
13:44:34,53.889,100,
13:44:52,53.89,100,
13:45:14,53.89,100,
13:45:25,53.87,100,
13:45:41,53.89,200,
13:45:45,53.90,200,
13:45:45,53.92,100,
13:45:56,53.9292,1000,
13:46:52,53.911,400,
13:47:24,53.89,100,
13:47:36,53.91,100,
13:47:36,53.91,200,
13:47:39,53.9355,1000,
13:48:12,53.96,200,
13:48:12,53.96,100,
13:48:23,53.9699,100,
13:48:31,53.97,100,
13:48:31,53.9799,100,
13:48:31,53.97,100,
13:48:40,53.9699,6500,
13:49:00,53.92,200,
13:49:00,53.92,400,
13:49:23,53.93,300,
13:49:23,53.94,200,
13:49:31,53.9105,1000,
13:49:41,53.92,200,
13:49:41,53.92,200,
13:49:54,53.92,400,
13:50:10,53.929,500,
13:50:37,53.90,200,
13:52:36,53.92,100,
13:52:39,53.89,100,
13:53:04,53.859,200,
13:53:45,53.8323,220,
13:53:50,53.81,100,
13:53:50,53.8027,1000,
13:53:54,53.82,200,
13:53:54,53.84,600,
13:53:54,53.819,100,
13:53:55,53.8129,500,
13:54:09,53.83,100,
13:54:09,53.83,200,
13:54:10,53.8345,200,
13:54:21,53.84,100,
13:54:30,53.85,100,
13:54:32,53.8598,100,
13:54:32,53.8594,100,
13:54:45,53.84,100,
13:55:01,53.87,100,
13:55:42,53.88,100,
13:55:42,53.88,100,
13:56:54,53.89,100,
13:57:51,53.88,100,
13:57:51,53.85,500,
13:57:53,53.85,100,
13:57:59,53.81,200,
13:58:08,53.80,800,
13:58:10,53.80,100,
13:58:16,53.79,100,
13:58:17,53.78,200,
13:58:17,53.78,100,
13:58:17,53.79,100,
13:58:17,53.76,199,
13:58:17,53.77,100,
13:58:18,53.781,200,
13:58:20,53.76,600,
13:58:56,53.78,100,
13:58:56,53.78,100,
13:59:02,53.80,100,
13:59:20,53.81,200,
13:59:20,53.81,100,
13:59:20,53.81,300,
13:59:20,53.80,100,
13:59:20,53.80,200,
13:59:20,53.80,100,
13:59:32,53.84,200,
13:59:32,53.84,200,
13:59:32,53.84,100,
13:59:35,53.83,200,
13:59:49,53.84,100,
13:59:49,53.84,100,
14:00:06,53.824,700,
14:00:14,53.85,100,
14:00:18,53.85,100,
14:00:40,53.84,400,
14:00:40,53.84,600,
14:00:59,53.8001,400,
14:01:15,53.77,300,
14:01:23,53.76,124,
14:01:36,53.76,300,
14:01:37,53.75,100,
14:01:37,53.75,100,
14:01:38,53.76,300,
14:01:38,53.76,200,
14:01:38,53.76,200,
14:01:38,53.76,100,
14:01:38,53.74,100,
14:01:38,53.74,100,
14:01:38,53.74,100,
14:01:39,53.76,100,
14:01:43,53.72,100,
14:01:43,53.71,1585,
14:01:43,53.7101,100,
14:01:43,53.71,100,
14:01:44,53.73,300,
14:01:47,53.7001,180,
14:01:50,53.70,100,
14:01:57,53.72,100,
14:02:12,53.7001,100,
14:02:13,53.70,100,
14:02:33,53.68,100,
14:02:33,53.66,550,
14:02:33,53.68,100,
14:02:33,53.6801,200,
14:02:33,53.6801,100,
14:02:34,53.70,200,
14:02:34,53.69,100,
14:02:36,53.6918,100,
14:02:37,53.69,100,
14:02:42,53.71,300,
14:02:51,53.7525,2000,
14:02:56,53.73,200,
14:03:06,53.70,200,
14:03:06,53.70,200,
14:03:06,53.70,100,
14:03:06,53.70,200,
14:03:06,53.70,200,
14:03:06,53.70,200,
14:03:06,53.70,200,
14:03:06,53.70,200,
14:03:06,53.70,200,
14:03:06,53.70,300,
14:03:06,53.70,300,
14:03:09,53.6918,500,
14:03:12,53.66,100,
14:03:12,53.66,100,
14:03:25,53.677,300,
14:03:52,53.6982,300,
14:04:03,53.70,200,
14:04:15,53.7099,500,
14:04:33,53.70,400,
14:04:33,53.70,100,
14:04:36,53.70,100,
14:04:39,53.71,500,
14:04:41,53.72,100,
14:04:45,53.72,100,
14:04:49,53.73,100,
14:04:53,53.70,200,
14:04:58,53.68,100,
14:04:58,53.69,300,
14:04:58,53.64,199,
14:04:58,53.64,101,
14:04:58,53.63,100,
14:04:58,53.63,100,
14:04:58,53.63,100,
14:04:58,53.65,700,
14:04:58,53.65,200,
14:04:58,53.65,300,
14:04:58,53.65,200,
14:04:58,53.64,100,
14:04:58,53.65,100,
14:04:58,53.63,100,
14:04:58,53.63,100,
14:04:58,53.63,100,
14:04:58,53.63,100,
14:05:00,53.64,200,
14:05:00,53.64,100,
14:05:00,53.64,100,
14:05:00,53.63,100,
14:05:00,53.63,300,
14:05:01,53.63,100,
14:05:04,53.63,100,
14:05:25,53.6342,600,
14:05:28,53.58,100,
14:05:28,53.58,100,
14:05:28,53.58,100,
14:05:29,53.61,1000,
14:05:31,53.56,200,
14:05:31,53.59,200,
14:05:32,53.59,100,
14:05:32,53.58,100,
14:05:34,53.60,800,
14:05:37,53.59,100,
14:05:38,53.56,300,
14:05:38,53.56,300,
14:05:43,53.56,254,
14:05:50,53.56,200,
14:05:50,53.57,200,
14:05:50,53.57,300,
14:05:50,53.57,300,
14:05:55,53.57,100,
14:06:10,53.59,100,
14:06:10,53.58,100,
14:06:10,53.58,100,
14:06:10,53.57,100,
14:06:10,53.57,100,
14:06:11,53.60,100,
14:06:11,53.60,100,
14:06:11,53.60,100,
14:06:11,53.60,100,
14:06:19,53.55,100,
14:06:19,53.54,800,
14:06:24,53.57,100,
14:06:48,53.5799,200,
14:07:03,53.65,100,
14:07:03,53.64,300,
14:07:03,53.64,193,
14:07:03,53.64,100,
14:07:03,53.64,100,
14:07:03,53.63,200,
14:07:03,53.63,100,
14:07:03,53.63,100,
14:07:03,53.63,200,
14:07:03,53.65,100,
14:07:03,53.65,200,
14:07:03,53.65,100,
14:07:03,53.67,300,
14:07:03,53.66,100,
14:07:03,53.66,100,
14:07:03,53.67,100,
14:07:03,53.68,100,
14:07:03,53.69,100,
14:07:03,53.65,2000,
14:07:03,53.67,500,
14:07:03,53.73,100,
14:07:04,53.74,100,
14:07:05,53.75,800,
14:07:06,53.7675,2000,
14:07:08,53.76,100,
14:07:10,53.79,100,
14:07:15,53.76,100,
14:07:15,53.76,400,
14:07:15,53.76,200,
14:07:15,53.76,200,
14:07:15,53.81,300,
14:07:15,53.81,200,
14:07:15,53.81,300,
14:07:15,53.83,200,
14:07:15,53.84,200,
14:07:18,53.85,100,
14:07:18,53.76,200,
14:07:23,53.88,100,
14:07:24,53.89,200,
14:07:24,53.89,300,
14:07:24,53.9182,100,
14:07:26,53.89,100,
14:07:27,53.886,300,
14:07:38,53.91,200,
14:07:38,53.91,100,
14:07:41,53.90,200,
14:07:48,53.89,200,
14:07:54,53.90,100,
14:07:56,53.92,100,
14:07:56,53.92,200,
14:08:01,53.93,200,
14:08:01,53.94,200,
14:08:05,53.98,100,
14:08:06,53.97,100,
14:08:06,53.9518,500,
14:08:08,53.97,200,
14:08:08,53.97,100,
14:08:13,53.97,100,
14:08:13,53.97,100,
14:08:15,53.95,100,
14:08:20,53.96,100,
14:08:23,53.95,100,
14:08:27,53.9582,100,
14:08:29,53.98,1000,
14:08:38,53.9713,800,
14:08:39,53.98,1320,
14:08:44,53.961,1745,
14:08:52,53.9999,200,
14:08:56,53.95,300,
14:09:01,53.97,100,
14:09:12,53.98,100,
14:09:12,53.96,200,
14:09:12,53.96,100,
14:09:13,53.96,100,
14:09:13,53.96,100,
14:09:35,53.95,200,
14:09:36,53.941,1000,
14:09:44,53.95,100,
14:09:53,53.9501,200,
14:09:58,53.99,100,
14:10:07,54,200,
14:10:09,54.0012,300,
14:10:09,54,200,
14:10:09,54,200,
14:10:16,54,100,
14:10:27,54,300,
14:10:33,54.04,100,
14:10:35,54.051,1000,
14:10:39,54.09,100,
14:10:39,54.09,100,
14:10:39,54.10,100,
14:10:39,54.09,100,
14:10:42,54.10,100,
14:10:42,54.09,100,
14:10:46,54.116,550,
14:10:49,54.09,3500,
14:10:50,54.119,100,
14:10:54,54.0871,1000,
14:10:55,54.12,100,
14:10:55,54.12,100,
14:10:55,54.13,100,
14:10:55,54.13,100,
14:10:55,54.13,100,
14:10:55,54.1101,500,
14:10:55,54.13,200,
14:10:55,54.13,600,
14:10:55,54.12,100,
14:10:56,54.11,200,
14:10:56,54.11,400,
14:10:56,54.09,100,
14:10:56,54.09,300,
14:10:56,54.09,118,
14:10:58,54.114,1000,
14:11:00,54.09,100,
14:11:00,54.09,200,
14:11:01,54.0725,300,
14:11:01,54.071,2000,
14:11:04,54.07,3200,
14:11:07,54.07,522,
14:11:07,54.08,522,
14:11:07,54.05,100,
14:11:09,54.0501,400,
14:11:15,54.0503,100,
14:11:26,54.0742,700,
14:11:30,54.06,200,
14:11:46,54.0899,100,
14:12:05,54.06,100,
14:12:05,54.05,500,
14:12:05,54.0341,700,
14:12:22,54.0712,200,
14:12:22,54.07,100,
14:12:22,54.0625,1500,
14:12:57,54.04,100,
14:12:57,54.04,200,
14:12:57,54.04,200,
14:12:57,54.04,100,
14:12:57,54.03,3800,
14:12:57,54.03,200,
14:13:00,53.97,100,
14:13:05,53.97,100,
14:13:06,53.99,100,
14:13:06,53.99,800,
14:13:17,54.03,100,
14:13:27,54.05,122,
14:13:35,54.0201,300,
14:13:44,54.01,100,
14:13:46,54.01,422,
14:13:55,54.01,200,
14:14:00,54.0099,100,
14:14:33,54,100,
14:14:44,53.9918,150,
14:14:59,54.047,400,
14:15:14,54.07,100,
14:15:20,54.07,300,
14:15:20,54.07,100,
14:15:23,54.0501,600,
14:15:23,54.07,100,
14:15:23,54.0799,300,
14:15:24,54.05,100,
14:15:24,54.0699,1500,
14:15:51,54.06,100,
14:15:59,54.06,500,
14:15:59,54.06,200,
14:15:59,54.06,100,
14:15:59,54.06,100,
14:16:32,54.039,100,
14:16:35,54.07,100,
14:16:42,54.09,100,
14:16:46,54.0889,600,
14:16:48,54.09,100,
14:16:49,54.10,100,
14:16:58,54.09,100,
14:16:58,54.09,100,
14:17:00,54.10,300,
14:17:04,54.07,200,
14:17:05,54.05,100,
14:17:05,54.05,500,
14:17:05,54.05,200,
14:17:05,54.04,300,
14:17:05,54.02,200,
14:17:05,54.02,100,
14:17:05,54.05,100,
14:17:25,54.07,100,
14:17:27,54.0745,700,
14:17:28,54.08,100,
14:17:28,54.10,100,
14:17:28,54.10,100,
14:17:32,54.07,100,
14:17:32,54.071,500,
14:17:32,54.071,900,
14:17:33,54.074,100,
14:17:35,54.11,200,
14:17:35,54.11,100,
14:17:45,54.10,100,
14:17:51,54.11,200,
14:17:58,54.11,100,
14:17:59,54.14,100,
14:17:59,54.17,100,
14:17:59,54.18,100,
14:17:59,54.16,100,
14:18:00,54.1672,500,
14:18:05,54.1551,100,
14:18:07,54.1605,100,
14:18:07,54.151,100,
14:18:09,54.154,600,
14:18:14,54.1501,1000,
14:18:14,54.18,100,
14:18:14,54.22,100,
14:18:14,54.23,123,
