09:30:00,56.51,100,
09:30:00,56.49,100,
09:30:01,56.53,100,
09:30:02,56.51,100,
09:30:02,56.51,100,
09:30:02,56.51,100,
09:30:02,56.51,100,
09:30:02,56.52,100,
09:30:02,56.52,100,
09:30:02,56.52,100,
09:30:02,56.51,100,
09:30:04,56.45,100,
09:30:04,56.44,100,
09:30:04,56.44,100,
09:30:04,56.44,100,
09:30:07,56.40,102,
09:30:08,56.4901,100,
09:30:09,56.44,100,
09:30:09,56.5101,319,
09:30:13,56.391,500,
09:30:15,56.30,100,
09:30:16,56.36,100,
09:30:17,56.26,100,
09:30:18,56.26,100,
09:30:20,56.365,300,
09:30:22,56.30,700,
09:30:27,56.3685,361,
09:30:28,56.2301,300,
09:30:30,56.2598,3000,
09:30:34,56.26,100,
09:30:37,56.29,200,
09:30:40,56.32,300,
09:30:46,56.32,100,
09:30:47,56.30,200,
09:30:47,56.3002,2500,
09:30:56,56.30,135,
09:30:58,56.3099,100,
09:31:04,56.33,165,
09:31:15,56.3501,200,
09:31:16,56.368,600,
09:31:24,56.38,500,
09:31:25,56.41,483,
09:31:25,56.42,117,
09:31:25,56.44,117,
09:31:31,56.539,100,
09:31:37,56.55,100,
09:31:37,56.55,300,
09:31:37,56.55,300,
09:31:41,56.55,300,
09:31:42,56.55,300,
09:31:42,56.53,200,
09:31:43,56.5299,530,
09:31:43,56.53,300,
09:31:46,56.5148,100,
09:31:48,56.53,200,
09:31:48,56.5499,200,
09:31:52,56.54,100,
09:31:52,56.55,100,
09:31:52,56.53,100,
09:31:52,56.5785,200,
09:31:54,56.54,100,
09:32:00,56.59,300,
09:32:02,56.52,100,
09:32:04,56.523,100,
09:32:09,56.50,100,
09:32:09,56.49,300,
09:32:10,56.4907,2000,
09:32:13,56.49,100,
09:32:14,56.4701,600,
09:32:21,56.465,100,
09:32:28,56.3886,100,
09:32:29,56.38,300,
09:32:29,56.361,900,
09:32:29,56.351,241,
09:32:31,56.353,450,
09:32:31,56.35,450,
09:32:31,56.36,200,
09:32:35,56.3327,1800,
09:32:37,56.33,974,
09:32:42,56.33,100,
09:32:42,56.33,100,
09:32:42,56.33,100,
09:32:42,56.33,200,
09:32:42,56.33,200,
09:32:47,56.29,500,
09:32:47,56.29,100,
09:32:50,56.3299,100,
09:32:55,56.3211,1000,
09:33:14,56.35,500,
09:33:20,56.3374,700,
09:33:20,56.32,100,
09:33:20,56.32,300,
09:33:22,56.28,100,
09:33:22,56.26,200,
09:33:23,56.30,100,
09:33:25,56.2901,300,
09:33:29,56.32,600,
09:33:38,56.29,700,
09:33:38,56.29,100,
09:33:39,56.2999,300,
09:33:49,56.299,500,
09:33:51,56.30,100,
09:34:00,56.28,100,
09:34:00,56.28,300,
09:34:00,56.28,100,
09:34:05,56.2792,100,
09:34:14,56.28,100,
09:34:30,56.23,200,
09:34:31,56.20,100,
09:34:31,56.23,600,
09:34:31,56.23,600,
09:34:31,56.17,100,
09:34:34,56.173,300,
09:34:34,56.17,300,
09:34:37,56.1701,200,
09:34:41,56.1701,228,
09:34:45,56.21,100,
09:34:45,56.20,100,
09:34:45,56.20,300,
09:34:45,56.21,300,
09:34:45,56.20,800,
09:34:46,56.2016,500,
09:34:48,56.2399,200,
09:34:48,56.24,100,
09:34:48,56.24,300,
09:34:48,56.24,3200,
09:34:48,56.26,900,
09:34:50,56.3201,1000,
09:34:52,56.3108,700,
09:34:52,56.34,300,
09:34:54,56.31,100,
09:34:54,56.31,100,
09:34:54,56.31,100,
09:34:54,56.31,100,
09:34:54,56.30,100,
09:34:54,56.30,100,
09:34:58,56.3325,200,
09:34:58,56.34,200,
09:34:58,56.3424,196,
09:35:01,56.34,100,
09:35:05,56.34,600,
09:35:06,56.36,100,
09:35:06,56.35,100,
09:35:06,56.38,200,
09:35:06,56.39,100,
09:35:07,56.39,100,
09:35:07,56.39,300,
09:35:07,56.39,200,
09:35:07,56.39,100,
09:35:07,56.39,100,
09:35:08,56.38,300,
09:35:08,56.38,100,
09:35:09,56.3615,300,
09:35:11,56.3652,1000,
09:35:14,56.35,100,
09:35:14,56.36,484,
09:35:19,56.31,100,
09:35:20,56.29,100,
09:35:22,56.25,100,
09:35:22,56.25,300,
09:35:27,56.2401,200,
09:35:29,56.24,100,
09:35:34,56.248,100,
09:35:35,56.249,300,
09:35:38,56.248,2000,
09:35:44,56.17,100,
09:35:49,56.17,200,
09:35:49,56.17,200,
09:35:49,56.17,200,
09:35:52,56.21,100,
09:35:52,56.21,100,
09:35:54,56.2499,100,
09:36:02,56.23,241,
09:36:03,56.2112,150,
09:36:14,56.249,1600,
09:36:14,56.24,100,
09:36:16,56.2597,100,
09:36:16,56.26,100,
09:36:17,56.23,300,
09:36:18,56.239,200,
09:36:20,56.249,100,
09:36:22,56.2499,388,
09:36:22,56.25,100,
09:36:22,56.2499,100,
09:36:22,56.2437,100,
09:36:23,56.24,100,
09:36:24,56.25,600,
09:36:24,56.2406,400,
09:36:24,56.25,400,
09:36:24,56.25,200,
09:36:33,56.24,100,
09:36:36,56.23,100,
09:36:37,56.2399,100,
09:36:38,56.25,100,
09:36:38,56.25,100,
09:36:44,56.2999,500,
09:36:47,56.288,350,
09:36:52,56.2548,1000,
09:36:56,56.233,940,
09:37:00,56.25,100,
09:37:00,56.26,300,
09:37:00,56.26,500,
09:37:00,56.26,100,
09:37:12,56.22,100,
09:37:12,56.20,2000,
09:37:12,56.1909,100,
09:37:24,56.18,100,
09:37:24,56.18,200,
09:37:24,56.18,250,
09:37:24,56.18,200,
09:37:24,56.18,100,
09:37:24,56.18,100,
09:37:24,56.18,300,
09:37:24,56.14,200,
09:37:25,56.15,100,
09:37:26,56.12,100,
09:37:27,56.1027,500,
09:37:28,56.1027,1500,
09:37:32,56.1399,200,
09:37:32,56.14,500,
09:37:41,56.10,100,
09:37:43,56.10,100,
09:37:45,56.10,200,
09:37:45,56.10,100,
09:37:45,56.10,100,
09:37:45,56.10,100,
09:37:45,56.07,600,
09:37:46,56.06,200,
09:38:01,56.0401,200,
09:38:11,56.07,300,
09:38:14,56.06,100,
09:38:14,56.06,200,
09:38:14,56.06,100,
09:38:14,56.0532,100,
09:38:15,56.06,200,
09:38:16,56.08,200,
09:38:16,56.08,400,
09:38:17,56.079,100,
09:38:17,56.0602,100,
09:38:17,56.0602,200,
09:38:19,56.06,100,
09:38:21,56.0319,100,
09:38:21,56.02,100,
09:38:24,56.01,100,
09:38:24,56.0001,100,
09:38:24,56,200,
09:38:26,56,100,
09:38:30,56.02,1100,
09:38:30,56.02,2000,
09:38:30,56.02,200,
09:38:30,56.02,100,
09:38:32,56.0499,500,
09:38:34,56.02,200,
09:38:39,56.01,100,
09:38:44,56,100,
09:38:47,55.9801,500,
09:38:48,55.97,100,
09:38:48,55.97,100,
09:38:48,55.995,200,
09:38:49,55.96,300,
09:38:49,55.97,200,
09:38:49,55.97,100,
09:38:49,55.95,200,
09:38:49,55.95,100,
09:38:49,55.95,300,
09:38:53,55.95,100,
09:38:53,55.95,100,
09:38:53,55.9501,200,
09:38:55,55.97,100,
09:38:56,55.97,100,
09:39:01,55.99,250,
09:39:04,55.9811,100,
09:39:04,56,100,
09:39:04,56,100,
09:39:06,55.95,100,
09:39:07,55.92,100,
09:39:14,55.93,200,
09:39:18,55.90,100,
09:39:19,55.90,685,
09:39:19,55.90,100,
09:39:20,55.94,284,
09:39:20,55.94,100,
09:39:20,55.9302,100,
09:39:20,55.93,100,
09:39:22,55.93,163,
09:39:22,55.93,300,
09:39:22,55.93,100,
09:39:24,55.91,300,
09:39:33,55.9258,250,
09:39:38,55.92,199,
09:39:41,55.96,100,
09:39:45,55.946,500,
09:39:53,55.947,1000,
09:39:56,55.947,325,
09:40:00,55.90,400,
09:40:05,55.87,100,
09:40:05,55.86,400,
09:40:05,55.85,200,
09:40:09,55.8413,500,
09:40:11,55.869,100,
09:40:13,55.8655,100,
09:40:18,55.8038,100,
09:40:20,55.782,1000,
09:40:32,55.809,153,
09:40:34,55.77,200,
09:40:34,55.76,1300,
09:40:34,55.78,100,
09:40:35,55.78,200,
09:40:35,55.78,100,
09:40:35,55.78,100,
09:40:36,55.76,100,
09:40:38,55.79,300,
09:40:38,55.78,200,
09:40:38,55.78,200,
09:40:38,55.79,200,
09:40:44,55.7509,480,
09:40:48,55.78,300,
09:40:50,55.79,150,
09:40:50,55.79,100,
09:40:50,55.78,200,
09:40:51,55.79,100,
09:40:51,55.7899,500,
09:40:51,55.79,200,
09:40:51,55.79,100,
09:40:51,55.78,100,
09:40:51,55.78,100,
09:40:51,55.78,100,
09:40:51,55.78,100,
09:40:51,55.78,200,
09:40:54,55.80,300,
09:40:54,55.80,133,
09:40:54,55.80,100,
09:40:56,55.82,100,
09:41:02,55.81,100,
09:41:03,55.80,200,
09:41:05,55.77,100,
09:41:05,55.77,100,
09:41:06,55.78,300,
09:41:10,55.759,100,
09:41:11,55.76,460,
09:41:13,55.7202,3000,
09:41:13,55.72,200,
09:41:13,55.72,200,
09:41:14,55.7389,1000,
09:41:14,55.74,100,
09:41:14,55.74,100,
09:41:18,55.70,200,
09:41:21,55.67,100,
09:41:22,55.67,200,
09:41:22,55.66,500,
09:41:23,55.679,800,
09:41:23,55.678,1300,
09:41:23,55.678,800,
09:41:25,55.66,100,
09:41:28,55.675,100,
09:41:28,55.68,100,
09:41:29,55.679,100,
09:41:29,55.679,100,
09:41:30,55.66,200,
09:41:30,55.649,200,
09:41:31,55.649,300,
09:41:32,55.64,200,
09:41:32,55.64,300,
09:41:34,55.64,100,
09:41:34,55.62,500,
09:41:34,55.60,100,
09:41:36,55.62,100,
09:41:36,55.62,100,
09:41:36,55.62,100,
09:41:36,55.62,100,
09:41:42,55.59,300,
09:41:43,55.60,200,
09:41:44,55.60,300,
09:41:48,55.59,100,
09:41:48,55.61,100,
09:41:49,55.61,100,
09:41:49,55.61,300,
09:41:50,55.62,400,
09:41:50,55.62,200,
09:41:50,55.63,100,
09:41:52,55.64,100,
09:41:52,55.63,200,
09:41:56,55.669,100,
09:41:56,55.65,300,
09:41:56,55.65,100,
09:41:56,55.68,600,
09:41:56,55.68,100,
09:41:59,55.6755,100,
09:41:59,55.6755,100,
09:42:01,55.70,100,
09:42:01,55.70,900,
09:42:01,55.71,700,
09:42:01,55.72,700,
09:42:02,55.7099,100,
09:42:04,55.71,200,
09:42:04,55.7099,100,
09:42:04,55.7099,100,
09:42:05,55.71,1000,
09:42:07,55.719,200,
09:42:08,55.70,1000,
09:42:09,55.72,100,
09:42:10,55.719,1000,
09:42:10,55.719,1300,
09:42:11,55.718,100,
09:42:12,55.719,200,
09:42:13,55.718,200,
09:42:13,55.72,100,
09:42:16,55.72,300,
09:42:16,55.72,100,
09:42:16,55.72,100,
09:42:16,55.72,100,
09:42:16,55.72,300,
09:42:17,55.729,100,
09:42:19,55.70,100,
09:42:21,55.7099,200,
09:42:21,55.7099,100,
09:42:24,55.7099,500,
09:42:25,55.72,300,
09:42:26,55.719,900,
09:42:26,55.719,1800,
09:42:26,55.7199,100,
09:42:31,55.72,100,
09:42:34,55.729,600,
09:42:34,55.729,300,
09:42:35,55.729,100,
09:42:35,55.729,100,
09:42:37,55.729,100,
09:42:38,55.721,100,
09:42:40,55.729,100,
09:42:40,55.729,100,
09:42:41,55.71,200,
09:42:41,55.71,300,
09:42:41,55.71,400,
09:42:41,55.72,600,
09:42:41,55.71,300,
09:42:41,55.7015,200,
09:42:43,55.71,300,
09:42:45,55.7269,1000,
09:42:49,55.71,100,
09:42:49,55.71,100,
09:42:49,55.71,100,
09:42:49,55.71,100,
09:42:53,55.70,100,
09:42:55,55.6627,600,
09:42:59,55.67,100,
09:43:00,55.65,100,
09:43:00,55.65,100,
09:43:00,55.65,300,
09:43:00,55.65,600,
09:43:01,55.63,500,
09:43:01,55.63,100,
09:43:02,55.6399,700,
09:43:02,55.64,200,
09:43:02,55.64,100,
09:43:02,55.6399,3000,
09:43:08,55.59,100,
09:43:10,55.609,300,
09:43:11,55.59,100,
09:43:11,55.61,1300,
09:43:12,55.57,200,
09:43:14,55.57,800,
09:43:15,55.55,100,
09:43:17,55.57,300,
09:43:17,55.57,100,
09:43:21,55.6799,150,
09:43:23,55.68,100,
09:43:23,55.68,100,
09:43:24,55.6699,500,
09:43:46,55.61,400,
09:43:50,55.58,100,
09:43:52,55.5591,200,
09:43:55,55.56,100,
09:43:57,55.56,100,
09:44:00,55.55,400,
09:44:04,55.568,200,
09:44:10,55.58,500,
09:44:10,55.58,300,
09:44:21,55.55,300,
09:44:21,55.55,100,
09:44:23,55.5499,300,
09:44:23,55.553,257,
09:44:28,55.5799,500,
09:44:33,55.55,200,
09:44:33,55.5673,1000,
09:44:41,55.5698,900,
09:44:43,55.55,200,
09:44:45,55.5599,1000,
09:44:49,55.55,100,
09:44:50,55.52,200,
09:44:50,55.52,100,
09:44:53,55.51,100,
09:44:53,55.51,100,
09:44:55,55.52,500,
09:44:58,55.53,600,
09:45:00,55.52,100,
09:45:01,55.52,100,
09:45:01,55.52,100,
09:45:01,55.52,100,
09:45:02,55.51,100,
09:45:03,55.5198,1000,
09:45:06,55.50,300,
09:45:08,55.50,3900,
09:45:10,55.48,200,
09:45:17,55.49,100,
09:45:17,55.49,400,
09:45:17,55.49,434,
09:45:27,55.499,100,
09:45:29,55.499,100,
09:45:29,55.50,1000,
09:45:36,55.52,200,
09:45:36,55.53,400,
09:45:36,55.53,100,
09:45:36,55.53,100,
09:45:39,55.54,300,
09:45:39,55.54,100,
09:45:41,55.59,738,
09:45:44,55.589,100,
09:45:44,55.589,100,
09:45:44,55.59,200,
09:45:44,55.59,500,
09:45:44,55.57,200,
09:45:44,55.59,200,
09:45:44,55.59,200,
09:45:46,55.5697,500,
09:45:46,55.56,500,
09:45:47,55.57,100,
09:45:47,55.568,100,
09:45:52,55.57,100,
09:45:53,55.56,100,
09:45:54,55.59,100,
09:45:54,55.59,100,
09:45:54,55.59,500,
09:45:55,55.57,200,
09:45:55,55.57,100,
09:45:55,55.56,200,
09:45:55,55.56,100,
09:45:56,55.568,1000,
09:45:57,55.64,200,
09:45:57,55.6836,100,
09:45:58,55.7301,300,
09:45:58,55.74,300,
09:45:58,55.74,100,
09:45:58,55.7487,530,
09:46:00,55.749,200,
09:46:00,55.7364,400,
09:46:00,55.72,100,
09:46:00,55.72,100,
09:46:01,55.74,100,
09:46:02,55.74,410,
09:46:03,55.731,1000,
09:46:04,55.7101,200,
09:46:04,55.71,100,
09:46:04,55.71,100,
09:46:05,55.71,100,
09:46:05,55.71,100,
09:46:11,55.709,300,
09:46:12,55.70,100,
09:46:12,55.70,100,
09:46:12,55.71,100,
09:46:15,55.7199,1000,
09:46:17,55.7173,800,
09:46:18,55.719,500,
09:46:20,55.72,200,
09:46:22,55.74,100,
09:46:23,55.74,100,
09:46:24,55.72,900,
09:46:26,55.739,1050,
09:46:28,55.7374,500,
09:46:35,55.70,200,
09:46:35,55.70,100,
09:46:37,55.6999,200,
09:46:37,55.70,100,
09:46:38,55.68,100,
09:46:38,55.6632,300,
09:46:48,55.68,300,
09:46:51,55.68,1600,
09:46:55,55.66,100,
09:46:57,55.658,1200,
09:46:59,55.65,100,
09:46:59,55.62,100,
09:46:59,55.62,200,
09:46:59,55.62,200,
09:46:59,55.61,200,
09:46:59,55.61,200,
09:46:59,55.60,100,
09:47:03,55.52,200,
09:47:03,55.52,100,
09:47:03,55.52,100,
09:47:03,55.52,419,
09:47:03,55.52,100,
09:47:06,55.50,1000,
09:47:07,55.51,200,
09:47:08,55.5199,500,
09:47:15,55.53,100,
09:47:20,55.549,100,
09:47:21,55.549,125,
09:47:25,55.56,100,
09:47:25,55.56,200,
09:47:26,55.56,100,
09:47:28,55.569,100,
09:47:28,55.5699,100,
09:47:28,55.5526,100,
09:47:31,55.57,300,
09:47:44,55.569,100,
09:47:44,55.57,100,
09:47:44,55.55,700,
09:47:45,55.5462,100,
09:47:45,55.5599,100,
09:47:45,55.5599,100,
09:47:51,55.59,900,
09:47:59,55.5912,100,
09:47:59,55.59,300,
09:47:59,55.58,200,
09:48:00,55.579,100,
09:48:00,55.579,100,
09:48:00,55.59,200,
09:48:00,55.59,100,
09:48:01,55.56,100,
09:48:04,55.57,100,
09:48:07,55.56,200,
09:48:07,55.56,200,
09:48:08,55.56,100,
09:48:08,55.55,100,
09:48:17,55.56,700,
09:48:18,55.559,400,
09:48:20,55.56,300,
09:48:20,55.56,100,
09:48:20,55.57,100,
09:48:20,55.57,200,
09:48:20,55.59,300,
09:48:20,55.59,100,
09:48:30,55.5999,500,
09:48:30,55.587,300,
09:48:38,55.62,100,
09:48:38,55.629,100,
09:48:43,55.64,100,
09:48:44,55.6499,100,
09:48:45,55.649,100,
09:48:46,55.649,100,
09:48:49,55.649,100,
09:48:49,55.6499,200,
09:48:51,55.6421,150,
09:48:51,55.65,100,
09:48:52,55.65,400,
09:48:52,55.6499,1000,
09:48:58,55.63,100,
09:49:04,55.66,100,
09:49:08,55.66,100,
09:49:08,55.66,100,
09:49:08,55.66,100,
09:49:08,55.66,100,
09:49:08,55.66,100,
09:49:12,55.66,100,
09:49:13,55.68,249,
09:49:14,55.699,200,
09:49:16,55.70,291,
09:49:16,55.71,200,
09:49:16,55.72,300,
09:49:16,55.72,100,
09:49:16,55.72,310,
09:49:16,55.72,500,
09:49:16,55.74,100,
09:49:16,55.74,100,
09:49:18,55.739,200,
09:49:19,55.739,100,
09:49:21,55.739,100,
09:49:24,55.74,100,
09:49:24,55.76,104,
09:49:25,55.73,100,
09:49:27,55.73,100,
09:49:29,55.729,100,
09:49:29,55.7207,100,
09:49:30,55.73,100,
09:49:33,55.718,1000,
09:49:34,55.70,100,
09:49:34,55.7001,100,
09:49:34,55.7001,100,
09:49:34,55.7001,200,
09:49:35,55.719,1000,
09:49:39,55.6899,100,
09:49:40,55.69,300,
09:49:40,55.70,200,
09:49:42,55.72,100,
09:49:43,55.72,100,
09:49:47,55.7601,100,
09:49:47,55.76,200,
09:49:48,55.739,1000,
09:49:48,55.75,100,
09:49:49,55.76,100,
09:49:59,55.7511,1000,
09:50:00,55.75,100,
09:50:00,55.75,200,
09:50:00,55.759,100,
09:50:03,55.7399,200,
09:50:06,55.7201,100,
09:50:06,55.73,100,
09:50:06,55.7299,100,
09:50:09,55.70,100,
09:50:12,55.6899,300,
09:50:15,55.68,300,
09:50:16,55.6701,400,
09:50:19,55.6773,600,
09:50:20,55.66,100,
09:50:30,55.6889,250,
09:50:47,55.65,100,
09:50:52,55.64,300,
09:51:02,55.60,200,
09:51:04,55.6259,500,
09:51:07,55.59,100,
09:51:07,55.57,200,
09:51:07,55.57,133,
09:51:10,55.5601,300,
09:51:10,55.5693,100,
09:51:10,55.5601,100,
09:51:10,55.5601,100,
09:51:11,55.55,100,
09:51:11,55.51,100,
09:51:12,55.51,100,
09:51:12,55.5299,200,
09:51:14,55.5027,800,
09:51:16,55.54,300,
09:51:16,55.53,200,
09:51:19,55.5499,200,
09:51:20,55.58,100,
09:51:20,55.58,100,
09:51:41,55.6467,1000,
09:51:46,55.65,300,
09:51:46,55.65,300,
09:51:46,55.64,300,
09:51:46,55.64,200,
09:51:46,55.62,100,
09:51:46,55.61,100,
09:51:46,55.61,100,
09:51:46,55.60,100,
09:51:46,55.59,100,
09:51:46,55.59,100,
09:51:46,55.61,100,
09:51:47,55.56,200,
09:51:47,55.57,100,
09:51:47,55.55,100,
09:51:47,55.55,100,
09:51:47,55.52,100,
09:51:47,55.51,100,
09:51:47,55.50,100,
09:51:47,55.50,100,
09:51:50,55.48,135,
09:51:50,55.48,135,
09:51:50,55.46,300,
09:51:50,55.45,200,
09:51:50,55.4654,800,
09:51:50,55.4626,1300,
09:51:51,55.48,100,
09:51:51,55.48,100,
09:51:51,55.49,234,
09:51:52,55.48,200,
09:51:54,55.48,100,
09:51:54,55.48,100,
09:51:54,55.48,100,
09:51:54,55.49,100,
09:51:57,55.47,129,
09:51:59,55.47,100,
09:52:02,55.46,2000,
09:52:03,55.49,276,
09:52:04,55.4861,600,
09:52:06,55.4922,100,
09:52:06,55.50,200,
09:52:06,55.50,300,
09:52:06,55.4998,2462,
09:52:10,55.51,300,
09:52:13,55.5033,1000,
09:52:21,55.569,200,
09:52:21,55.58,300,
09:52:22,55.60,100,
09:52:22,55.60,100,
09:52:23,55.61,250,
09:52:23,55.5988,1000,
09:52:23,55.62,125,
09:52:25,55.61,100,
09:52:25,55.6299,200,
09:52:25,55.62,100,
09:52:25,55.63,100,
09:52:27,55.6101,100,
09:52:30,55.62,200,
09:52:30,55.62,300,
09:52:30,55.62,100,
09:52:31,55.59,399,
09:52:31,55.58,200,
09:52:34,55.5999,100,
09:52:40,55.60,100,
09:52:40,55.59,100,
09:52:40,55.59,300,
09:52:41,55.539,100,
09:52:42,55.54,100,
09:52:42,55.54,300,
09:52:44,55.5536,100,
09:52:44,55.5468,100,
09:52:44,55.56,100,
09:52:44,55.5468,100,
09:52:45,55.5599,100,
09:52:50,55.56,300,
09:53:02,55.59,100,
09:53:04,55.56,100,
09:53:06,55.54,144,
09:53:10,55.522,1000,
09:53:10,55.54,200,
09:53:10,55.53,100,
09:53:10,55.53,500,
09:53:16,55.52,200,
09:53:21,55.52,200,
09:53:22,55.51,200,
09:53:22,55.51,400,
09:53:22,55.51,500,
09:53:29,55.54,300,
09:53:34,55.56,200,
09:53:35,55.55,200,
09:53:35,55.54,300,
09:53:35,55.55,100,
09:53:46,55.5589,430,
09:53:47,55.56,200,
09:53:55,55.5502,100,
09:54:03,55.60,300,
09:54:09,55.60,100,
09:54:11,55.62,100,
09:54:13,55.6107,100,
09:54:21,55.61,100,
09:54:26,55.665,100,
09:54:29,55.70,154,
09:54:30,55.6899,4000,
09:54:30,55.678,200,
09:54:31,55.66,2100,
09:54:32,55.6961,900,
09:54:36,55.718,500,
09:54:39,55.7059,1200,
09:54:44,55.70,100,
09:54:44,55.71,100,
09:54:45,55.71,100,
09:54:45,55.71,100,
09:54:52,55.7054,500,
09:54:52,55.69,400,
09:54:52,55.70,300,
09:54:52,55.70,100,
09:54:53,55.70,100,
09:55:00,55.6799,200,
09:55:00,55.6799,100,
09:55:00,55.66,200,
09:55:00,55.66,200,
09:55:00,55.66,1010,
09:55:18,55.602,300,
09:55:27,55.6044,100,
09:55:28,55.62,200,
09:55:28,55.62,184,
09:55:28,55.63,100,
09:55:35,55.64,100,
09:55:35,55.64,200,
09:55:35,55.64,100,
09:55:49,55.58,100,
09:55:49,55.58,100,
09:56:02,55.58,100,
09:56:04,55.57,300,
09:56:16,55.56,100,
09:56:31,55.57,100,
09:56:32,55.58,500,
09:56:32,55.57,100,
09:56:32,55.57,200,
09:56:32,55.57,200,
09:56:33,55.57,100,
09:56:33,55.5632,500,
09:56:33,55.58,100,
09:56:33,55.58,300,
09:56:42,55.59,100,
09:56:49,55.52,100,
09:56:49,55.52,300,
09:56:49,55.52,300,
09:56:49,55.53,100,
09:56:49,55.55,500,
09:56:49,55.55,200,
09:56:50,55.50,200,
09:56:51,55.509,200,
09:56:51,55.50,100,
09:56:52,55.50,100,
09:56:52,55.50,200,
09:56:57,55.5099,400,
09:56:58,55.50,100,
09:57:00,55.51,100,
09:57:03,55.54,100,
09:57:05,55.51,100,
09:57:05,55.51,100,
09:57:05,55.51,800,
09:57:06,55.50,100,
09:57:06,55.4857,100,
09:57:08,55.46,200,
09:57:10,55.42,300,
09:57:10,55.45,100,
09:57:11,55.449,100,
09:57:11,55.4301,500,
09:57:11,55.43,100,
09:57:11,55.43,100,
09:57:11,55.4301,300,
09:57:11,55.43,100,
09:57:11,55.43,100,
09:57:11,55.43,200,
09:57:13,55.432,1700,
09:57:14,55.4039,900,
09:57:17,55.42,200,
09:57:17,55.42,201,
09:57:17,55.43,100,
09:57:17,55.43,250,
09:57:20,55.45,100,
09:57:20,55.45,100,
09:57:22,55.427,1000,
09:57:23,55.49,100,
09:57:31,55.48,100,
09:57:31,55.48,100,
09:57:32,55.4898,2700,
09:57:34,55.47,100,
09:57:36,55.489,200,
09:57:37,55.52,100,
09:57:38,55.50,300,
09:57:38,55.49,100,
09:57:38,55.499,100,
09:57:44,55.496,1200,
09:57:49,55.4555,250,
09:57:52,55.468,200,
09:57:54,55.4489,500,
09:57:58,55.459,200,
09:58:01,55.459,1800,
09:58:01,55.45,200,
09:58:09,55.45,200,
09:58:09,55.45,200,
09:58:11,55.479,100,
09:58:12,55.46,400,
09:58:18,55.46,100,
09:58:20,55.46,1219,
09:58:20,55.46,453,
09:58:20,55.46,100,
09:58:20,55.46,100,
09:58:27,55.49,174,
09:58:29,55.47,100,
09:58:29,55.47,100,
09:58:29,55.48,100,
09:58:31,55.4902,1000,
09:58:58,55.48,200,
09:58:59,55.45,300,
09:58:59,55.45,100,
09:58:59,55.45,100,
09:58:59,55.45,100,
09:59:00,55.4589,400,
09:59:01,55.456,700,
09:59:04,55.4692,500,
09:59:10,55.459,200,
09:59:14,55.4572,125,
09:59:15,55.4599,175,
09:59:24,55.46,100,
09:59:25,55.43,200,
09:59:27,55.41,200,
09:59:32,55.39,100,
09:59:34,55.37,300,
09:59:34,55.36,100,
09:59:34,55.35,100,
09:59:35,55.35,100,
09:59:35,55.3589,1000,
09:59:36,55.35,100,
09:59:37,55.35,100,
09:59:37,55.3599,400,
09:59:40,55.35,100,
09:59:40,55.33,100,
09:59:40,55.30,100,
09:59:40,55.30,100,
09:59:40,55.301,500,
09:59:43,55.30,250,
09:59:48,55.329,400,
09:59:49,55.35,300,
09:59:49,55.36,100,
09:59:50,55.34,500,
09:59:50,55.34,200,
09:59:50,55.34,200,
09:59:53,55.32,100,
09:59:53,55.32,100,
09:59:53,55.32,200,
09:59:56,55.314,100,
10:00:01,55.25,100,
10:00:01,55.29,1000,
10:00:03,55.259,200,
10:00:03,55.23,300,
10:00:03,55.22,100,
10:00:04,55.21,100,
10:00:07,55.19,100,
10:00:07,55.19,300,
10:00:07,55.15,100,
10:00:08,55.1501,100,
10:00:10,55.15,110,
10:00:14,55.20,600,
10:00:14,55.21,200,
10:00:15,55.26,150,
10:00:17,55.26,200,
10:00:18,55.249,100,
10:00:19,55.27,100,
10:00:19,55.248,1700,
10:00:20,55.299,200,
10:00:22,55.299,200,
10:00:25,55.3038,100,
10:00:27,55.32,600,
10:00:28,55.37,100,
10:00:31,55.3799,250,
10:00:44,55.30,1000,
10:00:44,55.30,100,
10:00:44,55.2799,150,
10:00:49,55.289,100,
10:00:53,55.28,600,
10:00:55,55.299,600,
10:00:56,55.284,1800,
10:01:00,55.23,100,
10:01:06,55.243,300,
10:01:07,55.23,100,
10:01:14,55.24,529,
10:01:20,55.27,100,
10:01:22,55.29,600,
10:01:22,55.30,100,
10:01:22,55.262,300,
10:01:26,55.2911,500,
10:01:28,55.317,100,
10:01:40,55.30,100,
10:01:43,55.299,100,
10:01:44,55.28,500,
10:01:44,55.299,500,
10:01:49,55.2999,150,
10:01:52,55.33,100,
10:01:52,55.33,100,
10:01:55,55.3599,1000,
10:01:55,55.36,400,
10:01:55,55.3599,500,
10:01:55,55.36,300,
10:01:57,55.36,100,
10:01:57,55.3534,150,
10:01:58,55.40,100,
10:02:00,55.3987,900,
10:02:01,55.3987,900,
10:02:02,55.36,100,
10:02:04,55.4199,500,
10:02:04,55.42,100,
10:02:04,55.4199,100,
10:02:04,55.42,100,
10:02:04,55.42,100,
10:02:05,55.43,100,
10:02:05,55.44,101,
10:02:05,55.44,300,
10:02:06,55.45,100,
10:02:07,55.4599,3000,
10:02:09,55.4584,300,
10:02:11,55.4795,150,
10:02:13,55.49,100,
10:02:16,55.499,200,
10:02:19,55.499,300,
10:02:19,55.499,300,
10:02:19,55.499,200,
10:02:19,55.499,200,
10:02:19,55.4861,300,
10:02:26,55.4901,200,
10:02:28,55.49,100,
10:02:28,55.491,500,
10:02:28,55.49,100,
10:02:28,55.4899,100,
10:02:32,55.4816,400,
10:02:34,55.4899,100,
10:02:34,55.4899,200,
10:02:34,55.4838,100,
10:02:34,55.4899,200,
10:02:34,55.48,200,
10:02:34,55.49,200,
10:02:35,55.48,100,
10:02:35,55.4801,100,
10:02:45,55.48,100,
10:02:48,55.50,400,
10:02:48,55.509,100,
10:02:50,55.53,100,
10:02:50,55.53,200,
10:02:51,55.53,300,
10:02:56,55.5199,200,
10:02:56,55.5199,300,
10:02:56,55.52,200,
10:02:59,55.5199,100,
10:03:01,55.51,100,
10:03:01,55.53,100,
10:03:01,55.5212,500,
10:03:01,55.5199,2000,
10:03:06,55.50,100,
10:03:07,55.4987,180,
10:03:09,55.4889,301,
10:03:19,55.50,1000,
10:03:19,55.43,200,
10:03:34,55.40,300,
10:03:38,55.39,200,
10:03:38,55.39,300,
10:03:38,55.39,100,
10:03:38,55.39,100,
10:03:44,55.37,200,
10:04:12,55.3911,600,
10:04:14,55.3874,108,
10:04:16,55.38,100,
10:04:16,55.38,100,
10:04:20,55.38,100,
10:04:20,55.38,100,
10:04:39,55.40,100,
10:04:46,55.458,200,
10:04:52,55.4523,100,
10:04:52,55.4599,100,
10:05:00,55.489,100,
10:05:04,55.49,100,
10:05:04,55.49,100,
10:05:04,55.499,100,
10:05:14,55.40,200,
10:05:14,55.40,100,
10:05:16,55.38,100,
10:05:17,55.38,300,
10:05:29,55.401,500,
10:06:00,55.44,200,
10:06:00,55.44,200,
10:06:00,55.44,100,
10:06:34,55.4114,900,
10:06:45,55.39,400,
10:06:45,55.40,100,
10:06:45,55.40,100,
10:06:46,55.40,200,
10:06:47,55.37,100,
10:06:56,55.38,100,
10:06:56,55.3642,600,
10:06:57,55.36,100,
10:06:58,55.35,100,
10:07:02,55.3056,300,
10:07:03,55.33,300,
10:07:03,55.33,200,
10:07:04,55.329,200,
10:07:04,55.329,700,
10:07:05,55.329,300,
10:07:09,55.34,200,
10:07:09,55.34,100,
10:07:11,55.34,100,
10:07:11,55.33,100,
10:07:13,55.32,100,
10:07:25,55.348,400,
10:07:44,55.38,200,
10:07:56,55.412,100,
10:07:57,55.44,100,
10:08:10,55.439,150,
10:08:32,55.34,200,
10:08:32,55.34,300,
10:08:39,55.36,2900,
10:09:01,55.37,300,
10:09:22,55.41,200,
10:09:22,55.43,100,
10:09:22,55.43,200,
10:09:24,55.48,700,
10:09:25,55.49,100,
10:09:26,55.49,100,
10:09:28,55.46,100,
10:09:30,55.42,200,
10:09:34,55.419,400,
10:09:36,55.42,100,
10:09:44,55.4199,100,
10:09:51,55.45,100,
10:09:52,55.46,100,
10:09:52,55.46,100,
10:09:54,55.44,100,
10:09:54,55.45,100,
10:09:54,55.45,500,
10:09:54,55.44,200,
10:09:58,55.47,200,
10:10:02,55.50,100,
10:10:02,55.50,100,
10:10:03,55.51,300,
10:10:03,55.53,200,
10:10:03,55.53,300,
10:10:03,55.53,100,
10:10:09,55.5765,700,
10:10:12,55.5566,400,
10:10:13,55.56,100,
10:10:14,55.56,300,
10:10:14,55.57,1400,
10:10:16,55.55,200,
10:10:19,55.56,100,
10:10:19,55.5599,100,
10:10:22,55.56,100,
10:10:22,55.5599,100,
10:10:24,55.56,100,
10:10:24,55.56,600,
10:10:24,55.56,900,
10:10:24,55.5599,3400,
10:10:29,55.56,200,
10:10:29,55.56,100,
10:10:33,55.61,100,
10:10:34,55.628,400,
10:10:37,55.622,200,
10:10:40,55.57,300,
10:10:40,55.57,400,
10:10:40,55.57,200,
10:10:40,55.57,100,
10:10:40,55.61,300,
10:10:40,55.61,164,
10:10:42,55.55,100,
10:10:48,55.53,100,
10:10:51,55.511,300,
10:10:52,55.509,200,
10:10:53,55.51,1306,
10:10:58,55.5099,2700,
10:10:59,55.53,600,
10:10:59,55.529,100,
10:11:10,55.53,500,
10:11:10,55.54,200,
10:11:10,55.54,1250,
10:11:11,55.539,200,
10:11:11,55.54,200,
10:11:13,55.549,100,
10:11:18,55.55,100,
10:11:28,55.5501,1400,
10:11:41,55.53,100,
10:11:46,55.53,100,
10:11:46,55.52,300,
10:11:46,55.52,500,
10:11:46,55.50,283,
10:11:46,55.51,200,
10:11:46,55.47,100,
10:11:46,55.51,100,
10:11:46,55.47,100,
10:11:47,55.41,100,
10:11:47,55.41,100,
10:11:47,55.40,200,
10:11:47,55.43,3900,
10:11:47,55.48,200,
10:11:47,55.40,200,
10:11:47,55.43,400,
10:11:47,55.53,500,
10:11:47,55.45,300,
10:11:47,55.45,100,
10:11:50,55.452,1000,
10:11:54,55.51,600,
10:11:54,55.52,195,
10:11:54,55.53,100,
10:11:55,55.52,200,
10:12:20,55.48,100,
10:12:20,55.48,100,
10:12:37,55.51,100,
10:12:42,55.52,100,
10:12:48,55.5189,200,
10:12:55,55.49,100,
10:13:04,55.499,500,
10:13:06,55.46,100,
10:13:06,55.46,100,
10:13:11,55.46,200,
10:13:24,55.4099,100,
10:13:24,55.41,200,
10:13:33,55.45,200,
10:13:33,55.45,300,
10:13:50,55.461,1200,
10:14:09,55.464,800,
10:14:11,55.46,100,
10:14:11,55.45,200,
10:14:12,55.46,300,
10:14:13,55.45,300,
10:14:50,55.49,100,
10:15:01,55.4709,300,
10:15:02,55.51,100,
10:15:02,55.53,100,
10:15:02,55.52,100,
10:15:02,55.51,100,
10:15:06,55.55,100,
10:15:10,55.64,100,
10:15:10,55.65,200,
10:15:10,55.65,200,
10:15:12,55.6601,200,
10:15:15,55.67,100,
10:15:15,55.73,300,
10:15:17,55.7659,1000,
10:15:18,55.739,100,
10:15:20,55.701,500,
10:15:24,55.7139,400,
10:15:25,55.729,1000,
10:15:26,55.729,1300,
10:15:26,55.729,100,
10:15:28,55.7001,3000,
10:15:28,55.70,200,
10:15:30,55.709,300,
10:15:30,55.709,300,
10:15:31,55.70,100,
10:15:34,55.712,400,
10:15:35,55.709,100,
10:15:35,55.68,400,
10:15:35,55.68,599,
10:15:36,55.66,200,
10:15:37,55.6599,100,
10:15:38,55.68,400,
10:15:38,55.6799,100,
10:15:38,55.6799,200,
10:15:38,55.6799,100,
10:15:38,55.6799,400,
10:15:39,55.679,1300,
10:15:44,55.7113,4000,
10:15:47,55.71,400,
10:15:54,55.7199,2000,
10:15:55,55.7001,900,
10:16:00,55.7184,400,
10:16:01,55.72,100,
10:16:05,55.71,100,
10:16:07,55.72,200,
10:16:10,55.71,100,
10:16:23,55.69,100,
10:16:35,55.72,100,
10:16:36,55.72,900,
10:16:37,55.73,1118,
10:16:41,55.74,101,
10:16:41,55.7399,100,
10:16:43,55.74,299,
10:16:47,55.78,100,
10:16:47,55.78,300,
10:16:47,55.79,385,
10:16:47,55.79,500,
10:16:47,55.80,250,
10:16:47,55.83,100,
10:16:47,55.84,400,
10:16:47,55.82,100,
10:16:48,55.82,1300,
10:16:49,55.78,100,
10:16:51,55.836,700,
10:16:52,55.8101,400,
10:16:53,55.84,300,
10:16:54,55.8101,1100,
10:16:57,55.81,600,
10:17:00,55.85,270,
10:17:00,55.86,600,
10:17:00,55.84,500,
10:17:01,55.8427,800,
10:17:04,55.8311,270,
10:17:07,55.8399,500,
10:17:08,55.82,100,
10:17:11,55.8299,770,
10:17:11,55.85,500,
10:17:12,55.84,200,
10:17:14,55.82,2150,
10:17:14,55.822,100,
10:17:17,55.7999,2200,
10:17:22,55.81,100,
10:17:23,55.81,100,
10:17:24,55.81,160,
10:17:24,55.82,100,
10:17:24,55.81,300,
10:17:25,55.829,200,
10:17:30,55.81,100,
10:17:32,55.83,500,
10:17:35,55.8399,200,
10:17:39,55.839,200,
10:17:41,55.8301,100,
10:17:50,55.85,300,
10:17:55,55.8373,800,
10:17:58,55.84,100,
10:18:02,55.83,200,
10:18:07,55.8215,200,
10:18:11,55.802,400,
10:18:12,55.83,100,
10:18:13,55.85,100,
10:18:13,55.85,731,
10:18:20,55.8502,4000,
10:18:23,55.868,200,
10:18:33,55.86,100,
10:18:34,55.85,100,
10:18:34,55.85,200,
10:18:35,55.849,250,
10:18:36,55.84,100,
10:18:40,55.82,100,
10:18:40,55.81,100,
10:18:40,55.81,100,
10:18:43,55.7727,1800,
10:18:44,55.78,100,
10:18:44,55.7919,100,
10:18:44,55.80,100,
10:18:44,55.79,200,
10:18:44,55.7901,600,
10:18:48,55.78,200,
10:19:00,55.7998,100,
10:19:00,55.7998,200,
10:19:08,55.798,1000,
10:19:08,55.78,1000,
10:19:08,55.78,100,
10:19:13,55.7739,100,
10:19:19,55.771,1050,
10:19:24,55.7801,2000,
10:19:36,55.81,400,
10:19:47,55.809,925,
10:19:53,55.782,795,
10:20:13,55.6901,500,
10:20:25,55.74,200,
10:20:25,55.74,100,
10:20:30,55.68,100,
10:20:30,55.65,300,
10:20:30,55.66,100,
10:20:30,55.64,233,
10:20:30,55.63,300,
10:20:30,55.62,4767,
10:20:32,55.613,1000,
10:20:35,55.632,400,
10:20:38,55.68,100,
10:20:39,55.6501,184,
10:20:40,55.69,200,
10:20:40,55.69,100,
10:20:52,55.7097,100,
10:21:09,55.7299,100,
10:21:09,55.7299,100,
10:21:22,55.721,100,
10:21:46,55.742,200,
10:21:48,55.73,100,
10:21:48,55.73,399,
10:21:48,55.70,300,
10:21:53,55.7001,200,
10:21:53,55.7001,3800,
10:22:06,55.7501,500,
10:22:06,55.75,300,
10:22:06,55.75,100,
10:22:14,55.7873,1800,
10:22:15,55.77,100,
10:22:15,55.77,100,
10:22:15,55.76,3800,
10:22:29,55.79,500,
10:22:35,55.789,100,
10:22:36,55.7899,200,
10:22:50,55.73,200,
10:22:50,55.76,100,
10:23:05,55.78,100,
10:23:15,55.79,200,
10:23:27,55.79,290,
10:23:41,55.79,100,
10:23:46,55.77,200,
10:23:46,55.779,100,
10:24:14,55.84,100,
10:24:15,55.8368,150,
10:24:18,55.85,100,
10:24:18,55.85,300,
10:24:21,55.849,500,
10:24:26,55.88,100,
10:24:26,55.88,300,
10:24:26,55.88,300,
10:24:26,55.8799,100,
10:24:32,55.858,100,
10:24:33,55.842,500,
10:24:49,55.83,200,
10:24:55,55.8398,100,
10:24:57,55.85,100,
10:24:58,55.84,100,
10:25:07,55.81,300,
10:25:14,55.76,1800,
10:25:17,55.73,200,
10:25:19,55.73,100,
10:25:19,55.73,100,
10:25:28,55.67,100,
10:25:28,55.67,100,
10:25:30,55.66,1000,
10:25:45,55.6869,2400,
10:26:35,55.719,100,
10:26:40,55.7299,100,
10:26:48,55.729,1195,
10:26:56,55.71,100,
10:26:56,55.71,167,
10:27:05,55.6699,200,
10:27:07,55.65,100,
10:27:12,55.61,137,
10:27:12,55.6001,200,
10:27:12,55.6001,100,
10:27:13,55.59,100,
10:27:13,55.5901,2000,
10:27:13,55.59,500,
10:27:13,55.59,300,
10:27:17,55.56,300,
10:27:17,55.56,300,
10:27:17,55.55,100,
10:27:17,55.55,513,
10:27:17,55.56,200,
10:27:18,55.542,1000,
10:27:19,55.53,500,
10:27:20,55.5348,400,
10:27:23,55.531,400,
10:27:34,55.54,100,
10:27:35,55.52,300,
10:27:35,55.52,100,
10:27:38,55.5299,2000,
10:27:44,55.5311,200,
10:27:51,55.53,100,
10:27:54,55.50,380,
10:27:55,55.50,100,
10:27:55,55.50,200,
10:27:56,55.52,100,
10:28:08,55.53,100,
10:28:10,55.59,100,
10:28:27,55.57,1000,
10:28:48,55.5992,1000,
10:28:53,55.5999,100,
10:28:57,55.5999,3000,
10:29:14,55.59,100,
10:29:20,55.70,400,
10:29:28,55.718,400,
10:29:33,55.71,300,
10:29:36,55.73,500,
10:29:36,55.73,500,
10:29:42,55.7325,1000,
10:29:47,55.75,200,
10:29:47,55.75,100,
10:29:47,55.75,200,
10:29:47,55.75,200,
10:29:48,55.75,167,
10:29:54,55.712,538,
10:30:01,55.74,100,
10:30:02,55.75,100,
10:30:02,55.78,100,
10:30:04,55.77,100,
10:30:05,55.79,200,
10:30:16,55.74,100,
10:30:31,55.73,100,
10:30:41,55.75,100,
10:30:41,55.75,100,
10:30:51,55.75,200,
10:30:51,55.76,100,
10:30:55,55.75,100,
10:30:58,55.72,100,
10:30:58,55.72,200,
10:31:10,55.71,100,
10:31:10,55.71,100,
10:31:10,55.71,100,
10:31:12,55.681,200,
10:31:15,55.68,100,
10:31:15,55.68,100,
10:31:29,55.74,100,
10:31:29,55.74,300,
10:31:30,55.78,100,
10:31:33,55.7401,150,
10:31:45,55.73,100,
10:32:53,55.6948,100,
10:33:08,55.691,200,
10:33:10,55.69,1300,
10:33:14,55.69,100,
10:33:14,55.67,200,
10:33:14,55.66,100,
10:33:16,55.661,100,
10:33:18,55.66,200,
10:33:22,55.67,100,
10:33:32,55.679,100,
10:33:49,55.68,200,
10:33:49,55.70,100,
10:33:53,55.72,100,
10:33:55,55.72,100,
10:34:10,55.6901,100,
10:34:14,55.698,370,
10:34:21,55.68,1700,
10:34:28,55.65,499,
10:34:29,55.65,400,
10:34:29,55.65,200,
10:34:29,55.65,200,
10:34:44,55.63,200,
10:34:49,55.6987,400,
10:34:53,55.70,200,
10:34:53,55.72,100,
10:35:06,55.71,100,
10:35:10,55.692,400,
10:35:33,55.66,100,
10:35:45,55.643,200,
10:35:52,55.64,100,
10:35:52,55.64,100,
10:35:52,55.65,219,
10:35:52,55.64,200,
10:35:52,55.64,100,
10:35:52,55.67,200,
10:36:05,55.679,150,
10:36:18,55.7192,200,
10:36:25,55.69,200,
10:36:25,55.69,100,
10:36:28,55.70,100,
10:36:28,55.70,300,
10:36:41,55.71,100,
10:36:48,55.7401,1000,
10:36:52,55.74,100,
10:37:02,55.77,300,
10:37:02,55.76,200,
10:37:03,55.82,100,
10:37:03,55.82,100,
10:37:03,55.83,100,
10:37:13,55.809,200,
10:37:16,55.81,1300,
10:37:21,55.83,200,
10:37:21,55.85,2930,
10:37:23,55.849,200,
10:37:32,55.81,100,
10:37:37,55.81,1000,
10:37:39,55.819,100,
10:37:41,55.8111,200,
10:37:45,55.81,100,
10:37:52,55.80,300,
10:37:52,55.80,100,
10:37:56,55.799,200,
10:38:02,55.79,100,
10:38:12,55.79,200,
10:38:14,55.799,550,
10:38:31,55.7901,2000,
10:38:32,55.78,100,
10:38:36,55.7799,100,
10:38:36,55.7799,100,
10:38:51,55.7999,600,
10:38:58,55.8252,100,
10:39:09,55.80,200,
10:39:16,55.799,1100,
10:39:43,55.76,100,
10:39:44,55.74,100,
10:39:44,55.74,100,
10:39:53,55.73,700,
10:39:56,55.7784,100,
10:40:07,55.82,300,
10:40:10,55.8068,148,
10:40:29,55.81,200,
10:40:29,55.81,300,
10:40:46,55.692,100,
10:40:46,55.71,200,
10:40:46,55.71,100,
10:40:46,55.70,100,
10:40:46,55.70,200,
10:40:46,55.71,100,
10:41:00,55.77,100,
10:41:08,55.74,100,
10:41:46,55.6902,100,
10:42:39,55.75,200,
10:42:39,55.77,100,
10:42:49,55.74,100,
10:43:10,55.71,100,
10:43:29,55.70,300,
10:43:38,55.71,300,
10:43:38,55.71,100,
10:44:23,55.73,100,
10:44:25,55.72,2700,
10:44:38,55.7102,200,
10:45:15,55.7399,1800,
10:45:28,55.74,400,
10:45:43,55.71,100,
10:46:02,55.699,1000,
10:46:18,55.71,100,
10:46:18,55.71,300,
10:46:38,55.73,100,
10:46:45,55.74,800,
10:47:08,55.7256,100,
10:47:56,55.71,100,
10:48:10,55.7001,2000,
10:48:27,55.725,100,
10:48:27,55.73,200,
10:48:27,55.73,100,
10:49:04,55.70,300,
10:49:04,55.70,100,
10:49:04,55.70,158,
10:49:04,55.70,300,
10:49:04,55.70,100,
10:49:19,55.69,100,
10:49:50,55.6899,1000,
10:50:27,55.73,100,
10:50:30,55.739,200,
10:50:43,55.7499,299,
10:51:50,55.69,100,
10:52:02,55.691,6000,
10:52:04,55.715,100,
10:52:12,55.7299,200,
10:53:14,55.77,300,
10:53:23,55.7599,500,
10:53:32,55.75,400,
10:53:32,55.75,100,
10:53:41,55.71,100,
10:53:49,55.69,100,
10:53:58,55.685,100,
10:54:05,55.6899,450,
10:54:50,55.62,100,
10:54:50,55.64,100,
10:54:50,55.59,200,
10:54:50,55.65,100,
10:54:50,55.5801,100,
10:54:50,55.5801,200,
10:54:51,55.58,100,
10:54:51,55.56,100,
10:54:51,55.56,200,
10:54:53,55.56,200,
10:54:54,55.53,100,
10:54:54,55.54,300,
10:54:54,55.55,100,
10:54:56,55.551,175,
10:54:56,55.5401,400,
10:54:58,55.542,216,
10:55:02,55.512,500,
10:55:02,55.51,2000,
10:55:03,55.51,100,
10:55:03,55.51,100,
10:55:03,55.51,100,
10:55:03,55.51,300,
10:55:03,55.51,100,
10:55:03,55.51,100,
10:55:03,55.51,2200,
10:55:03,55.51,400,
10:55:03,55.51,100,
10:55:03,55.51,200,
10:55:03,55.51,200,
10:55:03,55.51,300,
10:55:03,55.51,300,
10:55:03,55.51,100,
10:55:04,55.51,100,
10:55:04,55.51,800,
10:55:04,55.51,300,
10:55:04,55.51,100,
10:55:04,55.51,100,
10:55:04,55.51,400,
10:55:04,55.51,300,
10:55:04,55.51,100,
10:55:04,55.51,300,
10:55:04,55.51,100,
10:55:04,55.50,100,
10:55:04,55.50,100,
10:55:04,55.48,200,
10:55:05,55.4899,1000,
10:55:11,55.4801,200,
10:55:11,55.50,100,
10:55:12,55.4901,800,
10:55:35,55.5207,500,
10:55:44,55.51,100,
10:55:47,55.53,500,
10:55:55,55.50,2000,
10:55:59,55.47,400,
10:55:59,55.46,100,
10:55:59,55.44,770,
10:56:02,55.44,300,
10:56:03,55.40,370,
10:56:05,55.4026,200,
10:56:12,55.4402,100,
10:56:12,55.44,100,
10:56:12,55.44,100,
10:56:14,55.47,168,
10:56:14,55.47,116,
10:56:14,55.49,100,
10:56:14,55.51,100,
10:56:14,55.51,100,
10:56:14,55.51,100,
10:56:14,55.53,121,
10:56:16,55.5101,200,
10:56:16,55.5101,100,
10:56:17,55.53,100,
10:56:17,55.53,200,
10:56:17,55.54,100,
10:56:17,55.538,150,
10:56:23,55.53,100,
10:56:28,55.5302,2000,
10:56:55,55.5668,200,
10:57:08,55.53,200,
10:57:11,55.52,200,
10:57:40,55.5489,300,
10:57:53,55.62,300,
10:57:53,55.63,200,
10:57:56,55.6507,500,
10:57:56,55.64,100,
10:57:57,55.6328,900,
10:58:14,55.62,4700,
10:58:19,55.60,500,
10:58:38,55.639,100,
10:58:44,55.6399,500,
10:58:44,55.6399,100,
10:58:44,55.6399,100,
10:58:44,55.6399,100,
10:58:44,55.6399,300,
10:58:44,55.64,200,
10:58:44,55.64,120,
10:58:53,55.61,100,
10:58:54,55.61,100,
10:58:55,55.581,200,
10:59:24,55.63,1386,
10:59:24,55.63,100,
10:59:24,55.65,200,
10:59:24,55.66,171,
10:59:32,55.69,102,
10:59:32,55.70,300,
10:59:33,55.71,100,
10:59:33,55.73,100,
10:59:35,55.7201,1000,
10:59:35,55.73,100,
10:59:36,55.74,300,
10:59:39,55.73,400,
10:59:50,55.7307,1000,
11:00:03,55.64,100,
11:00:03,55.63,700,
11:00:29,55.6799,200,
11:00:29,55.6799,100,
11:00:50,55.66,400,
11:00:50,55.66,300,
11:00:50,55.66,300,
11:00:50,55.66,500,
11:00:50,55.66,100,
11:00:58,55.68,100,
11:00:58,55.7087,200,
11:01:18,55.6998,100,
11:01:18,55.6998,100,
11:01:19,55.6851,400,
11:01:25,55.6901,320,
11:01:36,55.72,200,
11:01:37,55.71,100,
11:01:46,55.70,100,
11:01:47,55.691,200,
11:01:59,55.66,100,
11:02:09,55.72,200,
11:02:52,55.72,100,
11:03:06,55.70,100,
11:03:09,55.7016,200,
11:03:19,55.74,200,
11:03:43,55.70,100,
11:03:47,55.71,200,
11:04:16,55.74,200,
11:04:27,55.73,200,
11:04:28,55.74,130,
11:04:28,55.74,100,
11:04:31,55.75,200,
11:04:40,55.75,100,
11:04:40,55.75,100,
11:04:44,55.78,199,
11:04:49,55.80,300,
11:04:49,55.80,450,
11:04:54,55.782,500,
11:04:58,55.80,200,
11:05:00,55.81,100,
11:05:00,55.82,100,
11:05:00,55.82,200,
11:05:00,55.82,100,
11:05:02,55.82,1520,
11:05:03,55.84,300,
11:05:04,55.85,299,
11:05:04,55.86,300,
11:05:04,55.87,300,
11:05:04,55.87,600,
11:05:04,55.88,500,
11:05:04,55.88,100,
11:05:04,55.88,100,
11:05:04,55.91,300,
11:05:04,55.93,100,
11:05:04,55.92,100,
11:05:04,55.83,100,
11:05:04,55.92,176,
11:05:05,55.92,300,
11:05:05,55.93,300,
11:05:05,55.93,200,
11:05:05,55.92,100,
11:05:05,55.94,300,
11:05:05,55.95,360,
11:05:05,55.95,200,
11:05:05,55.9695,100,
11:05:06,55.9636,350,
11:05:07,56,300,
11:05:07,56.03,257,
11:05:07,56.04,100,
11:05:07,56.01,200,
11:05:07,56,150,
11:05:07,56.06,300,
11:05:07,56.06,100,
11:05:08,56.0502,200,
11:05:08,56.05,100,
11:05:08,56.05,300,
11:05:08,56.05,200,
11:05:08,56.0502,200,
11:05:08,56.052,100,
11:05:08,56.09,700,
11:05:08,56.09,300,
11:05:08,56.11,300,
11:05:08,56.13,150,
11:05:08,56.13,157,
11:05:08,56.13,448,
11:05:08,56.13,100,
11:05:08,56.1101,600,
11:05:09,56.13,100,
11:05:09,56.10,150,
11:05:09,56.14,100,
11:05:09,56.13,100,
11:05:09,56.13,600,
11:05:10,56.12,100,
11:05:11,56.09,100,
11:05:12,56.1071,400,
11:05:12,56.08,200,
11:05:12,56.08,100,
11:05:13,56.0961,550,
11:05:16,56.1261,100,
11:05:16,56.11,100,
11:05:18,56.089,100,
11:05:21,56.06,400,
11:05:21,56.0899,100,
11:05:24,56.07,100,
11:05:25,56.0745,100,
11:05:25,56.0699,500,
11:05:26,56.0668,300,
11:05:30,56.05,2000,
11:05:32,56.0636,250,
11:05:34,56.0708,300,
11:05:36,56.09,918,
11:05:38,56.13,300,
11:05:39,56.11,700,
11:05:42,56.11,100,
11:05:44,56.119,100,
11:05:45,56.12,3500,
11:05:45,56.12,1300,
11:05:47,56.119,200,
11:05:48,56.1188,400,
11:05:51,56.1322,1000,
11:05:54,56.1368,1000,
11:05:54,56.1293,500,
11:05:57,56.13,200,
11:06:01,56.1116,250,
11:06:07,56.1292,500,
11:06:08,56.1101,600,
11:06:14,56.09,200,
11:06:15,56.11,100,
11:06:16,56.10,1600,
11:06:16,56.11,100,
11:06:18,56.111,500,
11:06:19,56.10,100,
11:06:22,56.09,100,
11:06:30,56.09,100,
11:06:40,56.0899,100,
11:06:42,56.06,1900,
11:06:43,56.08,100,
11:06:43,56.09,200,
11:06:45,56.10,48300,
11:06:47,56.09,100,
11:06:53,56.051,300,
11:06:54,56.05,4900,
11:06:57,56.0513,700,
11:07:00,56.001,100,
11:07:01,56,100,
11:07:03,56.0326,700,
11:07:11,56.02,600,
11:07:19,56.06,150,
11:07:30,56.04,100,
11:07:33,56.02,100,
11:07:33,56.011,100,
11:07:38,56.07,100,
11:07:43,56.0913,1000,
11:07:43,56.09,100,
11:07:43,56.09,200,
11:07:46,56.0999,212,
11:07:46,56.10,100,
11:07:48,56.10,100,
11:07:49,56.09,200,
11:07:49,56.09,100,
11:07:49,56.08,100,
11:07:49,56.08,100,
11:08:00,56.06,100,
11:08:00,56.0599,200,
11:08:00,56.0599,100,
11:08:00,56.06,100,
11:08:01,56.07,100,
11:08:01,56.07,100,
11:08:03,56.0595,400,
11:08:10,56.03,100,
11:08:18,56.03,500,
11:08:18,56.04,100,
11:08:24,56.0399,200,
11:08:30,56.0393,200,
11:08:39,56.04,100,
11:08:39,56.04,200,
11:08:43,56.01,200,
11:08:51,56.031,300,
11:09:12,56.07,180,
11:09:13,56.07,300,
11:09:13,56.07,100,
11:09:26,56.04,100,
11:09:27,56.0299,100,
11:09:29,56,200,
11:09:30,56.03,100,
11:09:31,56.01,100,
11:09:31,56.01,100,
11:09:33,56.009,200,
11:09:33,56.019,2100,
11:09:38,56.01,100,
11:09:50,56.0108,800,
11:09:54,56.02,100,
11:09:54,56.029,206,
11:09:54,56.03,1500,
11:09:59,56.06,300,
11:09:59,56.06,100,
11:09:59,56.07,400,
11:09:59,56.07,200,
11:09:59,56.07,100,
11:09:59,56.08,100,
11:09:59,56.08,200,
11:09:59,56.09,100,
11:09:59,56.09,235,
11:10:00,56.05,2500,
11:10:02,56.11,100,
11:10:04,56.12,100,
11:10:04,56.101,300,
11:10:04,56.14,300,
11:10:04,56.15,300,
11:10:06,56.10,1300,
11:10:06,56.12,200,
11:10:11,56.131,200,
11:10:11,56.15,300,
11:10:11,56.15,200,
11:10:11,56.15,300,
11:10:11,56.15,300,
11:10:11,56.16,300,
11:10:11,56.17,300,
11:10:11,56.17,300,
11:10:11,56.17,300,
11:10:11,56.17,600,
11:10:11,56.16,100,
11:10:11,56.14,100,
11:10:11,56.18,300,
11:10:11,56.19,200,
11:10:11,56.165,100,
11:10:11,56.165,100,
11:10:11,56.21,300,
11:10:11,56.21,200,
11:10:11,56.22,200,
11:10:11,56.179,300,
11:10:12,56.23,100,
11:10:12,56.18,1500,
11:10:14,56.18,100,
11:10:14,56.18,200,
11:10:15,56.19,500,
11:10:15,56.19,100,
11:10:16,56.16,200,
11:10:16,56.18,300,
11:10:16,56.18,200,
11:10:16,56.18,200,
11:10:16,56.19,200,
11:10:16,56.19,200,
11:10:16,56.19,100,
11:10:16,56.19,300,
11:10:16,56.19,200,
11:10:16,56.19,300,
11:10:16,56.19,100,
11:10:16,56.19,200,
11:10:16,56.21,100,
11:10:17,56.192,600,
11:10:18,56.209,100,
11:10:19,56.20,100,
11:10:20,56.19,100,
11:10:22,56.18,100,
11:10:22,56.1758,1950,
11:10:24,56.211,400,
11:10:30,56.19,200,
11:10:30,56.19,100,
11:10:30,56.20,100,
11:10:39,56.2099,500,
11:10:39,56.21,200,
11:10:39,56.2099,200,
11:10:39,56.21,700,
11:10:43,56.22,230,
11:10:49,56.23,300,
11:10:50,56.229,200,
11:10:50,56.22,100,
11:10:51,56.24,2300,
11:10:51,56.24,1600,
11:10:52,56.211,220,
11:10:57,56.23,100,
11:10:58,56.23,100,
11:11:00,56.229,100,
11:11:03,56.2311,1000,
11:11:08,56.229,100,
11:11:09,56.2394,300,
11:11:11,56.24,100,
11:11:11,56.25,300,
11:11:11,56.25,200,
11:11:11,56.25,200,
11:11:14,56.249,100,
11:11:15,56.25,100,
11:11:17,56.24,100,
11:11:21,56.23,200,
11:11:24,56.22,500,
11:11:29,56.22,100,
11:11:29,56.22,300,
11:11:29,56.22,100,
11:11:30,56.21,100,
11:11:33,56.201,500,
11:11:34,56.18,100,
11:11:40,56.15,1000,
11:11:42,56.152,1900,
11:11:43,56.1696,100,
11:11:46,56.162,800,
11:12:02,56.17,100,
11:12:05,56.182,100,
11:12:06,56.1899,179,
11:12:11,56.16,900,
11:12:23,56.17,200,
11:12:29,56.179,300,
11:12:30,56.178,2900,
11:12:37,56.171,100,
11:12:38,56.19,100,
11:12:38,56.19,100,
11:12:38,56.19,100,
11:12:38,56.189,200,
11:12:45,56.1801,150,
11:12:45,56.19,100,
11:12:45,56.19,100,
11:12:45,56.19,100,
11:12:55,56.19,100,
11:12:58,56.19,400,
11:13:17,56.17,100,
11:13:17,56.22,100,
11:13:17,56.22,300,
11:13:17,56.22,300,
11:13:17,56.19,127,
11:13:18,56.2111,200,
11:13:33,56.21,700,
11:13:38,56.20,100,
11:13:41,56.19,100,
11:14:24,56.1801,150,
11:14:24,56.16,100,
11:14:27,56.1413,1800,
11:14:34,56.148,300,
11:14:36,56.1164,100,
11:14:48,56.1132,400,
11:15:35,56.20,100,
11:15:35,56.20,100,
11:15:37,56.22,200,
11:15:37,56.23,200,
11:15:37,56.24,200,
11:15:37,56.24,200,
11:15:37,56.24,100,
11:15:37,56.24,400,
11:15:37,56.24,100,
11:15:37,56.25,200,
11:15:41,56.25,100,
11:15:46,56.25,600,
11:15:46,56.2689,300,
11:15:50,56.2611,200,
11:15:52,56.279,800,
11:15:58,56.29,200,
11:15:59,56.30,100,
11:16:01,56.2901,6000,
11:16:02,56.3198,100,
11:16:02,56.32,100,
11:16:02,56.32,100,
11:16:04,56.32,100,
11:16:04,56.33,100,
11:16:04,56.34,300,
11:16:04,56.32,200,
11:16:08,56.33,180,
11:16:08,56.33,180,
11:16:08,56.33,180,
11:16:09,56.34,100,
11:16:12,56.34,391,
11:16:12,56.34,609,
11:16:16,56.31,500,
11:16:20,56.34,100,
11:16:28,56.3468,400,
11:16:31,56.34,100,
11:16:38,56.33,2733,
11:16:38,56.33,366,
11:16:38,56.33,100,
11:16:38,56.33,500,
11:16:38,56.31,100,
11:16:40,56.31,200,
11:16:44,56.32,300,
11:16:44,56.31,100,
11:16:47,56.38,300,
11:16:48,56.38,200,
11:16:48,56.40,200,
11:16:48,56.41,150,
11:16:48,56.43,297,
11:16:48,56.40,100,
11:16:48,56.42,100,
11:16:48,56.42,100,
11:16:50,56.39,100,
11:16:55,56.3732,100,
11:16:59,56.36,600,
11:16:59,56.37,300,
11:16:59,56.37,200,
11:17:00,56.39,100,
11:17:05,56.398,100,
11:17:07,56.398,100,
11:17:10,56.40,100,
11:17:12,56.40,460,
11:17:19,56.419,250,
11:17:25,56.438,600,
11:17:25,56.42,200,
11:17:25,56.42,200,
11:17:31,56.40,100,
11:17:31,56.42,250,
11:17:31,56.4001,100,
11:17:32,56.402,200,
11:17:38,56.40,244,
11:17:41,56.42,3501,
11:17:49,56.4226,550,
11:18:07,56.438,100,
11:18:12,56.429,500,
11:18:16,56.448,760,
11:18:20,56.45,100,
11:18:25,56.4132,360,
11:18:28,56.4126,180,
11:18:38,56.47,500,
11:18:38,56.47,100,
11:18:38,56.49,100,
11:18:38,56.49,400,
11:18:38,56.49,100,
11:18:38,56.49,100,
11:18:38,56.49,100,
11:18:38,56.49,300,
11:18:38,56.49,100,
11:18:38,56.49,100,
11:18:38,56.49,100,
11:18:38,56.51,200,
11:18:38,56.52,150,
11:18:38,56.52,295,
11:18:38,56.52,100,
11:18:38,56.52,800,
11:18:38,56.50,100,
11:18:39,56.511,100,
11:18:40,56.511,800,
11:18:44,56.52,500,
11:18:44,56.53,100,
11:18:44,56.53,100,
11:18:44,56.53,100,
11:18:44,56.53,100,
11:18:44,56.53,500,
11:18:46,56.5399,100,
11:18:46,56.52,100,
11:18:48,56.52,100,
11:18:50,56.57,300,
11:18:50,56.55,200,
11:18:50,56.58,100,
11:18:50,56.59,100,
11:18:50,56.59,200,
11:18:50,56.59,300,
11:18:50,56.60,300,
11:18:50,56.63,300,
11:18:50,56.63,100,
11:18:51,56.6201,300,
11:18:52,56.62,282,
11:18:52,56.6201,200,
11:18:54,56.64,200,
11:18:55,56.64,116,
11:18:55,56.64,184,
11:18:55,56.644,100,
11:18:55,56.66,100,
11:18:55,56.66,100,
11:18:55,56.67,100,
11:18:55,56.67,300,
11:18:56,56.67,100,
11:18:56,56.67,200,
11:18:56,56.68,100,
11:18:57,56.68,100,
11:19:00,56.70,100,
11:19:02,56.67,200,
11:19:03,56.71,118,
11:19:04,56.681,100,
11:19:06,56.73,200,
11:19:07,56.73,500,
11:19:08,56.74,300,
11:19:09,56.74,200,
11:19:09,56.74,459,
11:19:10,56.74,100,
11:19:11,56.73,200,
11:19:13,56.7101,100,
11:19:13,56.71,300,
11:19:13,56.70,100,
11:19:15,56.75,100,
11:19:15,56.75,300,
11:19:18,56.73,100,
11:19:18,56.727,200,
11:19:20,56.73,200,
11:19:22,56.7297,200,
11:19:23,56.7255,100,
11:19:26,56.7301,300,
11:19:26,56.73,300,
11:19:26,56.73,100,
11:19:26,56.73,100,
11:19:31,56.731,500,
11:19:32,56.73,100,
11:19:35,56.7401,400,
11:19:35,56.75,100,
11:19:35,56.74,300,
11:19:35,56.74,100,
11:19:35,56.74,100,
11:19:43,56.73,500,
11:19:43,56.7301,600,
11:19:43,56.73,100,
11:19:43,56.7301,200,
11:19:44,56.75,100,
11:19:46,56.742,500,
11:19:47,56.75,100,
11:19:47,56.75,100,
11:19:47,56.75,100,
11:19:48,56.75,100,
11:19:49,56.741,900,
11:19:49,56.741,1000,
11:19:49,56.741,100,
11:19:49,56.741,200,
11:19:49,56.741,200,
11:19:51,56.741,200,
11:19:52,56.74,300,
11:19:54,56.73,125,
11:19:56,56.73,200,
11:20:00,56.76,100,
11:20:00,56.75,400,
11:20:00,56.76,100,
11:20:00,56.78,300,
11:20:00,56.78,200,
11:20:01,56.7701,215,
11:20:01,56.7701,100,
11:20:02,56.78,117,
11:20:02,56.80,100,
11:20:02,56.78,100,
11:20:03,56.7701,100,
11:20:03,56.77,600,
11:20:03,56.76,200,
11:20:03,56.76,300,
11:20:03,56.76,100,
11:20:03,56.76,500,
11:20:03,56.77,100,
11:20:05,56.78,300,
11:20:06,56.79,500,
11:20:07,56.80,484,
11:20:07,56.80,284,
11:20:07,56.80,816,
11:20:08,56.8101,100,
11:20:09,56.83,300,
11:20:14,56.81,500,
11:20:19,56.8251,300,
11:20:21,56.825,100,
11:20:24,56.80,200,
11:20:24,56.79,300,
11:20:24,56.79,300,
11:20:24,56.79,600,
11:20:24,56.79,100,
11:20:24,56.813,100,
11:20:24,56.7972,600,
11:20:24,56.81,200,
11:20:24,56.81,100,
11:20:24,56.7977,300,
11:20:24,56.8001,300,
11:20:24,56.8077,200,
11:20:25,56.782,900,
11:20:28,56.77,100,
11:20:28,56.77,300,
11:20:28,56.76,100,
11:20:28,56.7601,300,
11:20:29,56.77,100,
11:20:30,56.74,500,
11:20:30,56.74,300,
11:20:30,56.73,600,
11:20:30,56.74,100,
11:20:30,56.72,100,
11:20:30,56.71,500,
11:20:30,56.71,300,
11:20:30,56.71,300,
11:20:30,56.70,100,
11:20:30,56.69,200,
11:20:30,56.69,300,
11:20:30,56.68,400,
11:20:30,56.67,600,
11:20:30,56.6701,100,
11:20:30,56.6788,200,
11:20:30,56.67,100,
11:20:30,56.6701,100,
11:20:30,56.66,300,
11:20:30,56.66,100,
11:20:30,56.67,100,
11:20:30,56.6641,500,
11:20:31,56.69,100,
11:20:34,56.68,550,
11:20:34,56.6705,250,
11:20:36,56.68,100,
11:20:36,56.67,122,
11:20:36,56.67,600,
11:20:36,56.66,600,
11:20:36,56.64,600,
11:20:36,56.62,300,
11:20:36,56.62,100,
11:20:36,56.60,200,
11:20:36,56.61,100,
11:20:36,56.62,200,
11:20:36,56.62,300,
11:20:36,56.61,600,
11:20:36,56.63,100,
11:20:36,56.63,200,
11:20:36,56.62,1300,
11:20:36,56.60,100,
11:20:36,56.60,100,
11:20:36,56.60,300,
11:20:36,56.60,600,
11:20:36,56.60,155,
11:20:36,56.60,600,
11:20:36,56.62,3300,
11:20:36,56.65,200,
11:20:36,56.62,100,
11:20:36,56.62,200,
11:20:36,56.62,300,
11:20:36,56.62,200,
11:20:36,56.62,200,
11:20:36,56.63,100,
11:20:36,56.62,1300,
11:20:36,56.61,100,
11:20:36,56.61,100,
11:20:37,56.60,700,
11:20:39,56.6026,200,
11:20:43,56.64,200,
11:20:46,56.682,1000,
11:20:49,56.68,100,
11:20:49,56.67,100,
11:20:49,56.67,300,
11:20:50,56.65,300,
11:20:55,56.68,400,
11:20:58,56.68,100,
11:20:58,56.6901,100,
11:20:58,56.6801,100,
11:20:58,56.68,100,
11:21:00,56.66,100,
11:21:07,56.7299,400,
11:21:08,56.73,100,
11:21:08,56.73,100,
11:21:19,56.738,200,
11:21:19,56.74,100,
11:21:25,56.72,250,
11:21:25,56.72,100,
11:21:28,56.73,100,
11:21:33,56.71,200,
11:21:33,56.71,200,
11:21:33,56.71,300,
11:21:40,56.7089,150,
11:21:41,56.70,200,
11:21:41,56.70,100,
11:21:44,56.69,200,
11:21:44,56.68,100,
11:21:48,56.6999,200,
11:21:48,56.70,100,
11:21:48,56.70,100,
11:21:48,56.70,100,
11:21:52,56.71,200,
11:21:52,56.71,300,
11:21:52,56.72,100,
11:21:52,56.72,100,
11:21:52,56.72,200,
11:21:52,56.72,100,
11:21:56,56.70,200,
11:21:56,56.71,500,
11:21:57,56.69,500,
11:22:08,56.68,300,
11:22:19,56.69,500,
11:22:21,56.69,200,
11:22:21,56.71,100,
11:22:25,56.71,100,
11:22:32,56.7099,100,
11:22:34,56.682,1000,
11:22:40,56.682,1000,
11:22:44,56.7098,700,
11:22:45,56.68,600,
11:22:45,56.69,100,
11:22:50,56.671,1000,
11:23:03,56.6755,125,
11:23:04,56.661,800,
11:23:12,56.6789,100,
11:23:15,56.65,300,
11:23:15,56.631,100,
11:23:15,56.6201,600,
11:23:19,56.601,100,
11:23:19,56.60,500,
11:23:19,56.591,100,
11:23:19,56.58,1300,
11:23:20,56.60,200,
11:23:22,56.591,200,
11:23:28,56.5813,100,
11:23:29,56.581,700,
11:23:38,56.5984,400,
11:23:47,56.61,200,
11:23:47,56.61,100,
11:23:50,56.61,100,
11:23:50,56.61,100,
11:23:50,56.61,100,
11:23:50,56.61,100,
11:23:50,56.61,100,
11:23:55,56.61,100,
11:23:56,56.61,100,
11:23:58,56.60,100,
11:23:58,56.61,227,
11:23:58,56.61,127,
11:23:58,56.61,200,
11:23:58,56.59,100,
11:23:58,56.59,100,
11:23:58,56.59,100,
11:24:03,56.60,100,
11:24:04,56.591,500,
11:24:07,56.59,100,
11:24:09,56.591,100,
11:24:14,56.62,100,
11:24:14,56.63,100,
11:24:24,56.65,100,
11:24:33,56.6148,100,
11:24:37,56.66,200,
11:24:48,56.65,100,
11:24:52,56.6699,200,
11:25:01,56.6401,200,
11:25:05,56.6402,100,
11:25:13,56.68,200,
11:25:13,56.671,1400,
11:25:13,56.67,1300,
11:25:28,56.6899,100,
11:25:37,56.689,100,
11:25:42,56.71,100,
11:25:47,56.72,100,
11:25:58,56.7201,1000,
11:25:58,56.71,600,
11:25:58,56.71,100,
11:25:59,56.71,100,
11:26:00,56.69,300,
11:26:05,56.70,200,
11:26:05,56.70,100,
11:26:09,56.73,100,
11:26:09,56.73,200,
11:26:09,56.73,100,
11:26:09,56.73,100,
11:26:09,56.73,100,
11:26:09,56.74,100,
11:26:10,56.74,100,
11:26:16,56.73,300,
11:26:16,56.73,100,
11:26:16,56.73,300,
11:26:16,56.73,200,
11:26:16,56.73,300,
11:26:16,56.73,300,
11:26:16,56.73,300,
11:26:16,56.72,300,
11:26:16,56.7101,100,
11:26:17,56.73,100,
11:26:21,56.70,100,
11:26:22,56.70,200,
11:26:33,56.69,900,
11:26:41,56.71,200,
11:26:42,56.7199,800,
11:26:51,56.70,100,
11:27:02,56.70,100,
11:27:13,56.6901,100,
11:27:14,56.691,100,
11:27:20,56.69,575,
11:27:20,56.68,100,
11:27:30,56.691,1200,
11:27:30,56.69,200,
11:27:30,56.69,600,
11:27:42,56.698,200,
11:27:45,56.70,100,
11:27:56,56.69,100,
11:27:56,56.69,100,
11:27:59,56.691,1000,
11:28:16,56.699,200,
11:28:26,56.691,200,
11:28:27,56.70,1000,
11:28:27,56.70,300,
11:28:27,56.71,300,
11:28:27,56.70,200,
11:28:27,56.71,800,
11:28:27,56.71,100,
11:28:28,56.70,100,
11:28:28,56.71,100,
11:28:28,56.71,100,
11:28:28,56.71,100,
11:28:28,56.71,300,
11:28:29,56.70,112,
11:28:29,56.71,100,
11:28:49,56.70,100,
11:28:49,56.70,200,
11:28:49,56.70,200,
11:28:51,56.71,245,
11:28:57,56.718,150,
11:29:05,56.71,200,
11:29:05,56.71,600,
11:29:05,56.71,300,
11:29:05,56.70,200,
11:29:05,56.69,128,
11:29:07,56.7104,100,
11:29:08,56.70,300,
11:29:08,56.70,300,
11:29:08,56.70,200,
11:29:09,56.691,200,
11:29:17,56.72,200,
11:29:18,56.7199,100,
11:29:20,56.7111,200,
11:29:28,56.711,100,
11:29:30,56.711,200,
11:29:32,56.71,200,
11:29:32,56.71,600,
11:29:36,56.70,300,
11:29:36,56.70,200,
11:29:36,56.70,200,
11:29:39,56.704,250,
11:29:43,56.71,100,
11:29:53,56.72,100,
11:30:59,56.788,500,
11:31:12,56.76,400,
11:31:14,56.7701,250,
11:31:16,56.761,1000,
11:31:23,56.7301,1100,
11:31:24,56.7213,120,
11:31:26,56.6901,500,
11:31:29,56.711,100,
11:31:32,56.70,170,
11:31:39,56.7471,500,
11:31:42,56.75,200,
11:31:46,56.71,100,
11:31:46,56.722,100,
11:31:59,56.722,200,
11:32:00,56.7002,100,
11:32:06,56.68,500,
11:32:17,56.708,300,
11:32:36,56.72,100,
11:32:41,56.7102,200,
11:32:46,56.71,200,
11:32:46,56.71,200,
11:32:46,56.71,300,
11:32:55,56.7174,355,
11:32:59,56.701,200,
11:33:03,56.70,200,
11:33:08,56.69,355,
11:33:20,56.66,200,
11:33:22,56.6626,1000,
11:33:24,56.65,500,
11:33:28,56.642,800,
11:33:32,56.64,200,
11:33:41,56.6901,100,
11:34:09,56.65,100,
11:34:36,56.65,100,
11:34:36,56.64,100,
11:34:36,56.64,100,
11:34:37,56.62,100,
11:34:38,56.62,1000,
11:34:41,56.6201,400,
11:34:43,56.601,200,
11:34:43,56.62,200,
11:34:43,56.63,200,
11:34:43,56.62,100,
11:34:46,56.62,200,
11:34:48,56.61,100,
11:34:54,56.6126,250,
11:35:12,56.60,100,
11:35:12,56.60,100,
11:35:13,56.59,600,
11:35:14,56.59,200,
11:35:26,56.5745,100,
11:35:54,56.5611,200,
11:35:57,56.60,500,
11:35:58,56.63,100,
11:35:59,56.6299,500,
11:36:08,56.60,100,
11:36:20,56.5801,100,
11:36:20,56.58,100,
11:36:49,56.5701,100,
11:36:49,56.57,100,
11:36:56,56.56,100,
11:36:56,56.571,100,
11:37:01,56.57,100,
11:37:08,56.56,300,
11:37:08,56.56,100,
11:37:08,56.56,100,
11:37:08,56.551,100,
11:37:14,56.55,1000,
11:37:17,56.58,100,
11:37:26,56.61,100,
11:37:42,56.6199,100,
11:37:59,56.621,900,
11:37:59,56.621,1000,
11:37:59,56.621,1300,
11:38:00,56.60,100,
11:38:00,56.61,100,
11:38:00,56.62,100,
11:38:00,56.62,100,
11:38:06,56.6101,100,
11:38:06,56.61,100,
11:38:06,56.62,100,
11:38:27,56.601,200,
11:38:33,56.60,600,
11:38:46,56.62,100,
11:38:54,56.64,100,
11:38:54,56.64,100,
11:39:05,56.66,179,
11:39:09,56.668,200,
11:39:39,56.611,300,
11:39:39,56.61,300,
11:39:41,56.61,2900,
11:39:44,56.5999,100,
11:39:54,56.619,300,
11:40:01,56.611,100,
11:40:01,56.612,100,
11:40:08,56.62,100,
11:40:19,56.61,435,
11:40:27,56.62,100,
11:40:27,56.621,100,
11:40:37,56.62,100,
11:40:40,56.6004,100,
11:40:41,56.60,100,
11:40:41,56.60,100,
11:40:41,56.591,100,
11:40:53,56.63,100,
11:40:57,56.61,450,
11:41:16,56.5601,3000,
11:41:22,56.56,100,
11:41:22,56.54,500,
11:41:23,56.551,100,
11:41:24,56.5426,100,
11:41:28,56.54,200,
11:41:31,56.54,100,
11:41:31,56.54,100,
11:41:31,56.54,100,
11:41:36,56.5427,800,
11:41:39,56.5427,1000,
11:41:41,56.58,200,
11:41:50,56.5623,318,
11:41:57,56.5613,300,
11:42:15,56.54,100,
11:42:18,56.56,200,
11:42:19,56.55,600,
11:42:19,56.55,200,
11:42:21,56.5401,100,
11:42:21,56.54,100,
11:42:34,56.53,100,
11:42:34,56.4901,100,
11:42:34,56.4901,100,
11:42:34,56.4942,161,
11:42:34,56.49,100,
11:42:36,56.49,300,
11:42:49,56.48,200,
11:42:52,56.48,200,
11:42:52,56.48,100,
11:42:57,56.4726,1000,
11:43:11,56.4602,300,
11:43:11,56.4602,500,
11:43:11,56.4602,100,
11:43:22,56.4626,400,
11:43:28,56.4974,100,
11:43:32,56.48,100,
11:43:47,56.468,400,
11:43:57,56.48,200,
11:43:57,56.48,100,
11:44:01,56.4749,1000,
11:44:05,56.49,100,
11:44:05,56.49,200,
11:44:05,56.49,100,
11:44:11,56.49,100,
11:44:25,56.50,200,
11:44:33,56.50,100,
11:44:50,56.50,100,
11:44:50,56.52,200,
11:44:52,56.5299,1900,
11:45:03,56.518,500,
11:45:17,56.52,100,
11:45:17,56.53,100,
11:45:17,56.54,100,
11:45:51,56.56,100,
11:45:59,56.5273,600,
11:46:04,56.51,100,
11:46:29,56.54,100,
11:46:29,56.54,100,
11:46:29,56.54,100,
11:46:29,56.54,100,
11:46:30,56.54,100,
11:46:30,56.54,100,
11:46:31,56.51,100,
11:46:31,56.51,100,
11:46:31,56.51,100,
11:46:36,56.51,100,
11:46:50,56.52,100,
11:46:50,56.52,100,
11:46:50,56.52,100,
11:46:59,56.4911,1000,
11:47:06,56.492,1000,
11:47:26,56.481,200,
11:47:36,56.48,300,
11:47:36,56.48,300,
11:47:37,56.461,100,
11:47:39,56.46,100,
11:47:39,56.45,200,
11:47:51,56.42,200,
11:48:00,56.41,500,
11:48:07,56.4299,100,
11:48:07,56.4299,100,
11:48:07,56.4299,200,
11:48:07,56.4299,100,
11:48:19,56.42,100,
11:48:54,56.48,100,
11:49:10,56.5486,1000,
11:49:17,56.58,200,
11:49:22,56.5495,500,
11:49:33,56.5399,100,
11:49:41,56.5207,100,
11:50:05,56.55,100,
11:50:13,56.5496,1600,
11:50:20,56.50,200,
11:50:20,56.52,200,
11:50:20,56.52,200,
11:50:20,56.52,200,
11:50:20,56.52,200,
11:50:20,56.48,200,
11:50:33,56.4514,500,
11:50:36,56.438,1300,
11:50:49,56.4468,125,
11:50:57,56.448,2000,
11:51:16,56.428,300,
11:51:21,56.40,400,
11:51:23,56.3799,1000,
11:51:26,56.39,100,
11:51:27,56.3805,150,
11:51:27,56.37,100,
11:51:28,56.36,100,
11:51:28,56.35,2000,
11:51:30,56.3796,900,
11:51:33,56.37,1300,
11:51:43,56.3701,799,
11:52:03,56.39,100,
11:52:07,56.3768,100,
11:52:30,56.3979,250,
11:52:32,56.40,100,
11:52:33,56.42,100,
11:52:47,56.42,100,
11:52:54,56.43,100,
11:52:54,56.43,100,
11:52:54,56.43,200,
11:52:54,56.44,100,
11:52:54,56.44,100,
11:52:54,56.45,100,
11:53:21,56.439,1000,
11:53:28,56.42,300,
11:53:28,56.42,100,
11:53:51,56.40,200,
11:53:51,56.40,100,
11:54:22,56.4287,100,
11:54:27,56.429,1500,
11:55:07,56.44,100,
11:55:09,56.448,1950,
11:55:16,56.44,100,
11:55:16,56.44,200,
11:55:33,56.4436,100,
11:56:09,56.45,100,
11:56:13,56.428,300,
11:57:17,56.40,200,
11:57:17,56.40,300,
11:57:17,56.40,100,
11:57:17,56.40,100,
11:57:21,56.3627,600,
11:57:21,56.35,100,
11:57:21,56.33,100,
11:57:21,56.322,1000,
11:57:21,56.32,300,
11:57:21,56.32,100,
11:57:21,56.32,500,
11:57:23,56.321,100,
11:57:24,56.33,370,
11:57:33,56.359,700,
11:57:42,56.36,200,
11:58:05,56.32,100,
11:58:09,56.3599,300,
11:58:10,56.358,200,
11:58:37,56.3502,375,
11:59:09,56.369,200,
11:59:15,56.359,100,
11:59:28,56.369,800,
11:59:36,56.38,100,
11:59:36,56.38,100,
11:59:36,56.38,100,
11:59:37,56.379,200,
11:59:37,56.37,100,
11:59:37,56.37,100,
11:59:37,56.35,100,
11:59:37,56.35,100,
11:59:37,56.34,200,
11:59:51,56.359,200,
11:59:52,56.358,1200,
12:00:01,56.34,100,
12:00:03,56.311,100,
12:00:06,56.33,200,
12:00:15,56.3501,200,
12:00:19,56.359,100,
12:00:19,56.358,600,
12:00:27,56.359,500,
12:00:28,56.359,100,
12:00:28,56.359,200,
12:00:44,56.39,100,
12:00:46,56.409,100,
12:00:48,56.409,600,
12:00:51,56.4084,230,
12:00:57,56.401,100,
12:00:58,56.401,1700,
12:01:05,56.399,100,
12:01:26,56.3987,300,
12:01:32,56.4099,1000,
12:01:35,56.40,100,
12:01:46,56.44,300,
12:01:56,56.446,600,
12:02:07,56.44,200,
12:02:09,56.4373,1800,
12:02:18,56.45,400,
12:02:28,56.47,100,
12:02:44,56.47,200,
12:02:44,56.46,200,
12:02:54,56.46,100,
12:03:02,56.472,244,
12:03:10,56.469,180,
12:03:13,56.469,500,
12:03:13,56.469,700,
12:03:15,56.469,500,
12:03:18,56.46,100,
12:03:21,56.4574,500,
12:03:58,56.41,100,
12:04:03,56.399,100,
12:04:16,56.4155,394,
12:04:31,56.42,200,
12:04:52,56.39,100,
12:04:52,56.38,100,
12:05:30,56.40,100,
12:05:30,56.40,100,
12:05:30,56.40,200,
12:05:39,56.38,100,
12:05:46,56.3501,200,
12:06:15,56.3499,400,
12:06:17,56.31,200,
12:06:19,56.31,2700,
12:06:22,56.31,360,
12:06:42,56.35,100,
12:08:05,56.35,250,
12:08:18,56.34,100,
12:08:18,56.34,200,
12:08:18,56.34,100,
12:08:36,56.3499,200,
12:08:58,56.359,700,
12:09:15,56.38,100,
12:10:36,56.38,100,
12:10:36,56.38,200,
12:10:36,56.3699,100,
12:10:36,56.3799,300,
12:10:36,56.3799,100,
12:10:36,56.3799,100,
12:10:36,56.3799,300,
12:10:37,56.39,300,
12:10:37,56.39,300,
12:10:43,56.4063,600,
12:10:51,56.42,299,
12:11:00,56.4359,600,
12:11:05,56.426,1800,
12:11:23,56.4099,200,
12:11:55,56.418,700,
12:11:58,56.4169,100,
12:12:40,56.44,360,
12:12:41,56.45,200,
12:12:41,56.45,300,
12:12:50,56.4459,800,
12:13:43,56.43,100,
12:13:49,56.4697,600,
12:14:20,56.45,250,
12:14:33,56.49,100,
12:14:37,56.52,300,
12:14:37,56.49,300,
12:14:37,56.52,1900,
12:14:38,56.5132,100,
12:14:42,56.52,100,
12:14:51,56.529,200,
12:14:51,56.529,200,
12:14:53,56.529,400,
12:14:53,56.52,200,
12:14:53,56.52,200,
12:14:55,56.52,100,
12:14:58,56.529,100,
12:14:59,56.53,200,
12:14:59,56.53,100,
12:15:00,56.55,100,
12:15:02,56.56,100,
12:15:02,56.56,100,
12:15:03,56.5599,200,
12:15:04,56.56,100,
12:15:12,56.55,100,
12:15:12,56.54,100,
12:15:12,56.53,100,
12:15:12,56.53,100,
12:15:12,56.52,100,
12:15:12,56.52,100,
12:15:12,56.54,200,
12:15:18,56.53,100,
12:15:18,56.53,100,
12:15:20,56.5399,850,
12:15:26,56.53,300,
12:15:27,56.52,100,
12:15:36,56.51,100,
12:15:36,56.52,100,
12:15:46,56.51,100,
12:15:46,56.51,100,
12:15:46,56.50,100,
12:15:46,56.50,500,
12:15:50,56.49,200,
12:15:55,56.4798,5000,
12:16:13,56.50,100,
12:16:24,56.5219,550,
12:16:48,56.47,100,
12:16:48,56.4725,100,
12:16:48,56.48,100,
12:17:09,56.48,100,
12:17:24,56.462,1500,
12:18:07,56.499,200,
12:18:25,56.47,100,
12:18:38,56.44,100,
12:18:38,56.44,100,
12:18:38,56.45,100,
12:18:38,56.43,100,
12:18:38,56.412,600,
12:18:47,56.38,100,
12:18:47,56.36,100,
12:18:47,56.36,100,
12:18:52,56.355,850,
12:19:07,56.372,100,
12:19:15,56.3862,400,
12:19:34,56.35,450,
12:19:39,56.314,1800,
12:19:55,56.31,100,
12:19:58,56.33,100,
12:19:58,56.34,200,
12:19:59,56.33,750,
12:20:30,56.35,100,
12:20:44,56.358,400,
12:21:06,56.3198,100,
12:21:06,56.3198,200,
12:21:08,56.30,500,
12:21:08,56.30,301,
12:21:08,56.32,100,
12:21:08,56.2901,180,
12:21:17,56.25,1100,
12:21:21,56.26,100,
12:21:26,56.25,120,
12:21:32,56.2514,800,
12:21:34,56.2101,100,
12:21:41,56.222,800,
12:22:13,56.2485,900,
12:22:22,56.24,100,
12:22:35,56.258,2000,
12:22:42,56.26,100,
12:23:08,56.289,100,
12:23:09,56.282,1000,
12:23:18,56.2804,500,
12:23:20,56.29,100,
12:23:44,56.272,250,
12:23:48,56.28,100,
12:23:53,56.278,1100,
12:24:02,56.26,200,
12:24:22,56.2399,200,
12:24:22,56.2399,300,
12:24:26,56.21,100,
12:24:26,56.20,100,
12:24:27,56.212,500,
12:24:27,56.21,100,
12:24:41,56.18,280,
12:24:42,56.16,1000,
12:24:48,56.1543,230,
12:25:02,56.164,500,
12:25:08,56.151,1000,
12:25:08,56.15,100,
12:25:08,56.13,900,
12:25:08,56.13,100,
12:25:08,56.12,600,
12:25:08,56.13,100,
12:25:08,56.13,100,
12:25:08,56.13,900,
12:25:08,56.12,500,
12:25:08,56.12,200,
12:25:08,56.12,200,
12:25:08,56.12,100,
12:25:08,56.12,200,
12:25:09,56.12,200,
12:25:09,56.13,200,
12:25:09,56.09,100,
12:25:09,56.073,100,
12:25:09,56.09,100,
12:25:11,56.101,400,
12:25:11,56.079,300,
12:25:11,56.08,1300,
12:25:11,56.06,200,
12:25:13,56.05,100,
12:25:14,56.05,100,
12:25:15,56.04,100,
12:25:15,56.04,100,
12:25:15,56.04,300,
12:25:15,56.04,1000,
12:25:15,56.03,100,
12:25:15,56.01,193,
12:25:15,56.02,100,
12:25:15,56.01,100,
12:25:15,56,100,
12:25:15,56,1000,
12:25:15,56,100,
12:25:15,56.0192,1000,
12:25:15,56,200,
12:25:15,56,100,
12:25:16,56,179,
12:25:16,56.01,100,
12:25:17,56.01,100,
12:25:17,56,100,
12:25:21,56.03,100,
12:25:21,56.04,200,
12:25:29,56.036,3700,
12:25:30,56.03,950,
12:25:41,56.06,100,
12:25:43,56.08,100,
12:25:43,56.08,100,
12:26:00,56.087,100,
12:26:09,56.09,200,
12:26:14,56.05,100,
12:26:32,56.06,300,
12:26:42,56.0599,170,
12:26:48,56.05,200,
12:26:51,56.0287,600,
12:26:59,56.029,400,
12:27:03,56.03,100,
12:27:15,56.05,100,
12:27:21,56.031,500,
12:27:31,56.06,100,
12:27:40,56.06,100,
12:27:45,56.10,300,
12:28:01,56.0855,100,
12:28:11,56.0901,3000,
12:28:14,56.10,100,
12:28:15,56.1298,100,
12:28:15,56.1298,100,
12:28:15,56.12,100,
12:28:16,56.13,100,
12:28:26,56.102,500,
12:28:49,56.14,100,
12:28:49,56.14,500,
12:28:49,56.14,100,
12:28:49,56.14,100,
12:28:49,56.14,100,
12:29:02,56.1455,100,
12:29:32,56.15,300,
12:29:35,56.17,200,
12:29:35,56.16,100,
12:29:36,56.17,100,
12:29:37,56.1695,100,
12:29:55,56.1128,600,
12:30:08,56.121,500,
12:30:21,56.128,1200,
12:30:24,56.10,200,
12:30:24,56.08,100,
12:30:24,56.08,100,
12:30:24,56.08,100,
12:30:24,56.11,100,
12:30:24,56.08,100,
12:30:24,56.08,100,
12:30:24,56.08,200,
12:30:25,56.052,800,
12:30:27,56.08,100,
12:30:28,56.05,500,
12:30:33,56.08,100,
12:30:54,56.022,200,
12:30:57,56.0272,900,
12:30:57,56.02,200,
12:30:57,56.02,100,
12:31:06,56.04,100,
12:31:24,56.05,100,
12:31:37,56.088,600,
12:31:55,56.11,400,
12:32:04,56.0999,105,
12:32:15,56.10,500,
12:32:17,56.09,100,
12:32:36,56.07,100,
12:32:39,56.04,100,
12:32:40,56.04,100,
12:32:41,56.04,200,
12:32:49,56.04,100,
12:32:56,56.06,100,
12:33:01,56.0595,200,
12:33:10,56.0587,900,
12:33:35,56.05,100,
12:33:49,56.06,700,
12:33:49,56.06,100,
12:33:55,56.02,100,
12:33:55,56.02,100,
12:34:30,56.04,500,
12:34:31,56.02,100,
12:34:31,56.013,100,
12:34:31,56.0135,100,
12:34:31,56.0199,300,
12:34:39,56.0343,1584,
12:34:40,56.0374,128,
12:34:40,56.0374,115,
12:34:51,56.0499,200,
12:34:51,56.05,100,
12:34:55,56.0699,100,
12:35:21,56.0499,800,
12:35:31,56.04,100,
12:35:37,56.05,400,
12:35:37,56.0499,200,
12:35:37,56.0499,100,
12:35:52,56.048,200,
12:35:52,56.05,100,
12:35:53,56.049,200,
12:35:53,56.049,200,
12:36:00,56.06,100,
12:36:08,56.06,100,
12:36:09,56.059,500,
12:36:26,56.06,100,
12:36:31,56.0499,400,
12:36:32,56.049,300,
12:36:44,56.06,100,
12:36:55,56.07,100,
12:36:59,56.0687,900,
12:37:05,56.05,100,
12:37:05,56.05,100,
12:37:08,56.04,100,
12:37:08,56.04,100,
12:37:08,56.04,100,
12:37:13,56.01,100,
12:37:13,56,100,
12:37:13,56,273,
12:37:15,56.01,100,
12:37:16,56.0199,1100,
12:37:16,56.02,100,
12:37:16,56.03,100,
12:37:16,56.02,100,
12:37:16,56.02,100,
12:37:16,56.02,100,
12:37:16,56.02,100,
12:37:16,56.04,900,
12:37:16,56.03,100,
12:37:16,56.03,300,
12:38:09,56.08,200,
12:38:09,56.08,200,
12:38:09,56.08,300,
12:38:09,56.08,300,
12:38:09,56.08,300,
12:38:09,56.10,2100,
12:38:14,56.0992,100,
12:38:22,56.11,100,
12:38:42,56.1099,400,
12:38:45,56.11,100,
12:39:01,56.1199,100,
12:39:01,56.1199,100,
12:39:01,56.12,100,
12:39:01,56.12,100,
12:39:01,56.12,100,
12:39:15,56.15,100,
12:39:15,56.16,200,
12:39:15,56.16,100,
12:39:15,56.1599,100,
12:39:15,56.16,100,
12:39:30,56.17,100,
12:39:30,56.1799,100,
12:39:30,56.1799,100,
12:39:31,56.1799,100,
12:39:36,56.20,100,
12:39:50,56.16,190,
12:39:58,56.1385,100,
12:40:06,56.14,400,
12:40:11,56.16,100,
12:40:18,56.14,300,
12:40:36,56.1432,600,
12:40:51,56.19,300,
12:40:58,56.15,245,
12:40:58,56.12,100,
12:40:58,56.12,100,
12:40:58,56.12,300,
12:41:00,56.116,400,
12:41:02,56.11,600,
12:41:04,56.12,100,
12:41:04,56.11,3700,
12:42:03,56.138,1400,
12:42:04,56.13,100,
12:42:09,56.1626,500,
12:42:10,56.179,200,
12:42:15,56.16,100,
12:43:12,56.19,100,
12:43:12,56.19,100,
12:43:12,56.19,100,
12:43:18,56.21,100,
12:43:19,56.2101,100,
12:43:19,56.219,200,
12:43:27,56.21,100,
12:43:27,56.21,100,
12:43:31,56.19,100,
12:43:38,56.1927,300,
12:43:48,56.1927,1000,
12:43:49,56.22,100,
12:43:54,56.2219,100,
12:43:54,56.2299,100,
12:44:08,56.2211,600,
12:44:14,56.26,100,
12:44:14,56.26,100,
12:44:21,56.287,890,
12:44:32,56.268,200,
12:44:41,56.26,862,
12:44:50,56.25,100,
12:44:58,56.22,100,
12:45:02,56.22,1500,
12:45:19,56.24,100,
12:45:31,56.222,700,
12:45:32,56.25,100,
12:46:14,56.2235,600,
12:46:24,56.24,100,
12:46:39,56.24,100,
12:46:45,56.2413,180,
12:47:41,56.25,100,
12:48:12,56.2445,200,
12:48:34,56.2552,200,
12:49:17,56.26,100,
12:49:17,56.26,100,
12:49:25,56.2773,600,
12:50:03,56.28,100,
12:50:05,56.27,600,
12:50:05,56.248,400,
12:50:07,56.23,100,
12:50:10,56.2314,600,
12:50:11,56.25,300,
12:50:24,56.28,100,
12:50:53,56.25,100,
12:51:09,56.23,100,
12:51:19,56.22,300,
12:51:22,56.22,900,
12:51:39,56.26,100,
12:51:55,56.2396,209,
12:52:08,56.25,600,
12:52:08,56.25,100,
12:52:08,56.23,200,
12:52:08,56.23,100,
12:52:08,56.22,100,
12:52:08,56.22,100,
12:52:09,56.225,100,
12:52:12,56.229,100,
12:52:29,56.24,100,
12:52:29,56.24,100,
12:52:29,56.24,100,
12:52:31,56.20,1300,
12:52:51,56.2113,250,
12:53:19,56.21,100,
12:53:44,56.22,100,
12:54:04,56.21,100,
12:54:42,56.2241,500,
12:55:26,56.29,100,
12:55:27,56.29,100,
12:55:27,56.29,100,
12:55:27,56.29,100,
12:55:29,56.2984,450,
12:55:30,56.29,600,
12:55:30,56.30,100,
12:55:42,56.3087,600,
12:55:54,56.31,100,
12:55:58,56.308,400,
12:56:05,56.31,100,
12:56:05,56.31,300,
12:56:05,56.31,100,
12:56:07,56.32,100,
12:56:07,56.3199,200,
12:56:07,56.318,800,
12:56:12,56.30,335,
12:56:12,56.30,100,
12:56:12,56.29,100,
12:56:12,56.30,138,
12:56:12,56.30,100,
12:56:14,56.28,100,
12:56:21,56.29,100,
12:56:21,56.29,100,
12:56:26,56.30,100,
12:56:26,56.29,100,
12:56:45,56.28,100,
12:56:45,56.29,100,
12:56:45,56.29,100,
12:56:47,56.2999,100,
12:56:48,56.29,200,
12:56:55,56.299,1000,
12:57:23,56.29,2000,
12:57:34,56.29,200,
12:57:45,56.25,100,
12:58:55,56.25,100,
12:59:00,56.25,2500,
12:59:00,56.2501,100,
12:59:00,56.2501,100,
12:59:00,56.2501,100,
12:59:00,56.25,3100,
12:59:13,56.26,300,
12:59:19,56.241,100,
12:59:19,56.244,1300,
12:59:22,56.244,5300,
13:00:02,56.21,500,
13:00:02,56.20,100,
13:00:02,56.1813,1050,
13:00:03,56.181,200,
13:00:06,56.20,200,
13:00:18,56.19,100,
13:00:19,56.16,450,
13:00:39,56.161,100,
13:00:41,56.1611,250,
13:00:45,56.14,100,
13:00:46,56.16,600,
13:00:47,56.141,100,
13:00:49,56.141,200,
13:01:02,56.15,100,
13:02:08,56.1614,800,
13:02:19,56.13,100,
13:02:19,56.13,100,
13:02:19,56.101,500,
13:02:20,56.11,100,
13:02:20,56.12,100,
13:02:21,56.1301,200,
13:02:25,56.121,100,
13:02:32,56.11,1400,
13:02:33,56.111,200,
13:02:36,56.12,100,
13:02:48,56.11,100,
13:02:50,56.13,100,
13:02:50,56.13,100,
13:03:10,56.15,200,
13:03:18,56.16,100,
13:03:18,56.16,100,
13:03:18,56.16,100,
13:03:23,56.13,100,
13:03:23,56.13,100,
13:03:23,56.12,100,
13:03:28,56.13,100,
13:03:28,56.14,100,
13:03:28,56.11,100,
13:04:00,56.148,1000,
13:04:30,56.09,200,
13:04:30,56.0899,200,
13:05:02,56.06,200,
13:05:04,56.0655,200,
13:05:05,56.03,3800,
13:05:30,56.061,400,
13:05:54,56.07,100,
13:07:13,56.09,100,
13:07:20,56.07,200,
13:07:29,56.07,100,
13:07:44,56.0973,600,
13:07:47,56.097,300,
13:07:49,56.10,200,
13:07:49,56.10,100,
13:07:49,56.10,200,
13:07:49,56.10,700,
13:07:49,56.10,200,
13:07:49,56.10,100,
13:07:49,56.13,100,
13:07:49,56.12,100,
13:07:49,56.11,100,
13:07:49,56.11,100,
13:07:49,56.10,200,
13:07:55,56.12,200,
13:07:55,56.12,100,
13:08:23,56.146,400,
13:08:30,56.13,102,
13:10:07,56.14,100,
13:11:06,56.1302,100,
13:11:06,56.13,300,
13:11:08,56.13,100,
13:11:14,56.12,100,
13:11:26,56.112,100,
13:11:28,56.15,100,
13:11:28,56.15,200,
13:11:28,56.16,100,
13:11:28,56.17,500,
13:11:29,56.19,200,
13:11:29,56.19,100,
13:11:29,56.20,100,
13:11:29,56.21,100,
13:11:39,56.2087,1000,
13:12:01,56.211,1000,
13:12:18,56.2333,800,
13:12:21,56.24,100,
13:12:40,56.26,400,
13:12:41,56.261,900,
13:12:44,56.27,100,
13:12:44,56.27,100,
13:12:44,56.27,100,
13:12:46,56.27,100,
13:12:47,56.25,100,
13:13:09,56.2311,1000,
13:13:19,56.2399,100,
13:13:19,56.2399,200,
13:13:19,56.24,100,
13:13:42,56.23,200,
13:13:43,56.221,200,
13:14:37,56.24,100,
13:14:53,56.2401,400,
13:15:01,56.2499,100,
13:15:01,56.2499,100,
13:15:06,56.2499,100,
13:15:10,56.28,300,
13:15:25,56.2799,100,
13:15:40,56.2786,800,
13:15:49,56.2799,1000,
13:15:54,56.27,200,
13:15:54,56.27,200,
13:15:54,56.24,100,
13:15:58,56.2716,600,
13:16:16,56.27,284,
13:16:16,56.27,100,
13:16:17,56.2789,1000,
13:16:22,56.25,200,
13:16:22,56.25,300,
13:16:22,56.24,100,
13:16:22,56.22,200,
13:16:22,56.21,100,
13:16:22,56.22,500,
13:16:23,56.22,100,
13:16:23,56.21,100,
13:16:23,56.21,100,
13:16:25,56.22,100,
13:16:25,56.20,1600,
13:16:25,56.20,100,
13:16:35,56.1913,600,
13:16:36,56.20,100,
13:16:37,56.1989,500,
13:16:38,56.21,200,
13:16:38,56.20,100,
13:16:38,56.20,100,
13:16:49,56.191,100,
13:16:52,56.18,500,
13:17:09,56.1626,630,
13:19:02,56.24,300,
13:19:02,56.24,300,
13:19:02,56.24,200,
13:19:02,56.24,500,
13:19:02,56.24,200,
13:19:02,56.24,200,
13:20:26,56.178,1000,
13:20:30,56.18,100,
13:20:30,56.18,300,
13:20:42,56.192,600,
13:21:30,56.21,100,
13:22:18,56.1874,800,
13:22:29,56.17,100,
13:23:18,56.22,100,
13:23:18,56.20,100,
13:23:18,56.22,100,
13:23:18,56.21,100,
13:23:18,56.22,100,
13:23:18,56.24,100,
13:23:44,56.24,100,
13:23:44,56.23,100,
13:23:44,56.24,3700,
13:24:00,56.268,100,
13:24:01,56.2622,100,
13:24:11,56.2853,450,
13:24:12,56.271,400,
13:24:18,56.27,100,
13:24:18,56.27,200,
13:24:18,56.27,100,
13:24:18,56.27,100,
13:24:18,56.26,8900,
13:24:18,56.261,100,
13:24:27,56.279,1000,
13:24:47,56.2696,500,
13:24:50,56.2694,200,
13:25:00,56.2299,200,
13:25:19,56.1987,600,
13:25:21,56.20,100,
13:25:45,56.231,400,
13:25:45,56.231,400,
13:25:48,56.23,2300,
13:26:09,56.20,100,
13:26:09,56.20,100,
13:26:10,56.191,200,
13:26:18,56.1999,100,
13:26:18,56.20,200,
13:26:18,56.20,100,
13:26:29,56.2101,100,
13:26:40,56.2101,200,
13:26:52,56.249,200,
13:26:54,56.24,100,
13:27:15,56.26,100,
13:27:16,56.27,100,
13:27:16,56.278,600,
13:27:21,56.27,610,
13:27:26,56.26,100,
13:27:26,56.26,100,
13:27:26,56.28,200,
13:27:26,56.28,300,
13:27:26,56.28,100,
13:27:55,56.27,100,
13:28:00,56.30,100,
13:28:00,56.29,100,
13:28:04,56.34,200,
13:28:06,56.35,300,
13:28:08,56.33,100,
13:28:15,56.30,100,
13:28:15,56.301,100,
13:28:21,56.2999,200,
13:28:34,56.28,100,
13:28:51,56.29,100,
13:29:11,56.27,200,
13:29:11,56.28,200,
13:29:11,56.277,3600,
13:29:50,56.2785,250,
13:30:24,56.307,2000,
13:30:29,56.2628,600,
13:31:30,56.27,100,
13:32:36,56.2141,600,
13:33:46,56.25,400,
13:34:01,56.233,1000,
13:34:17,56.21,1300,
13:34:29,56.22,100,
13:34:52,56.19,400,
13:35:23,56.18,100,
13:35:30,56.171,100,
13:35:44,56.14,100,
13:35:48,56.167,300,
13:36:21,56.188,100,
13:37:24,56.1696,260,
13:38:31,56.17,100,
13:38:47,56.1994,1000,
13:38:49,56.18,100,
13:39:29,56.1632,300,
13:39:48,56.14,100,
13:39:49,56.16,100,
13:39:52,56.13,100,
13:39:52,56.1201,100,
13:40:01,56.13,100,
13:40:01,56.13,100,
13:40:03,56.141,200,
13:40:08,56.10,100,
13:40:08,56.10,100,
13:40:08,56.10,600,
13:40:13,56.0999,900,
13:40:14,56.08,100,
13:40:30,56.07,100,
13:40:43,56.061,600,
13:40:43,56.069,2000,
13:40:46,56.06,600,
13:40:49,56.05,100,
13:40:49,56.02,300,
13:40:54,56.0674,600,
13:40:57,56.02,2200,
13:40:57,56.02,100,
13:40:57,56,300,
13:40:57,56,100,
13:40:57,56,200,
13:40:57,56,200,
13:40:57,56,100,
13:40:57,56,100,
13:40:57,56,200,
13:40:57,56.01,100,
13:40:57,56.01,200,
13:40:57,56,200,
13:40:57,56,200,
13:40:57,56,100,
13:40:57,56,100,
13:40:58,56,300,
13:40:59,55.96,300,
13:40:59,55.97,100,
13:40:59,55.95,100,
13:40:59,55.93,460,
13:40:59,55.93,150,
13:40:59,55.952,500,
13:41:00,55.94,100,
13:41:00,55.93,700,
13:41:01,55.96,1000,
13:41:01,55.932,2000,
13:41:01,55.93,100,
13:41:01,55.93,300,
13:41:01,55.91,100,
13:41:01,55.92,100,
13:41:01,55.93,100,
13:41:01,55.93,100,
13:41:01,55.93,100,
13:41:01,55.95,100,
13:41:03,55.901,200,
13:41:03,55.90,399,
13:41:04,55.929,800,
13:41:04,55.86,100,
13:41:04,55.86,100,
13:41:04,55.86,400,
13:41:08,55.862,800,
13:41:11,55.86,200,
13:41:11,55.86,100,
13:41:13,55.85,100,
13:41:15,55.852,800,
13:41:18,55.85,100,
13:41:19,55.81,100,
13:41:21,55.8002,100,
13:41:21,55.80,100,
13:41:22,55.82,200,
13:41:22,55.818,1000,
13:41:23,55.80,100,
13:41:23,55.80,200,
13:41:23,55.81,600,
13:41:25,55.828,2000,
13:41:25,55.85,100,
13:41:25,55.84,200,
13:41:25,55.84,100,
13:41:28,55.871,600,
13:41:30,55.871,400,
13:41:34,55.88,100,
13:41:35,55.89,300,
13:41:36,55.88,200,
13:41:37,55.871,100,
13:41:53,55.91,100,
13:41:53,55.91,100,
13:41:53,55.91,300,
13:41:53,55.91,300,
13:41:53,55.92,100,
13:41:56,55.928,500,
13:42:00,55.91,100,
13:42:00,55.91,400,
13:42:00,55.92,100,
13:42:01,55.9001,100,
13:42:07,55.8989,1000,
13:42:19,55.879,340,
13:42:25,55.869,1000,
13:42:33,55.87,100,
13:42:33,55.87,100,
13:42:33,55.8699,100,
13:42:33,55.8699,100,
13:42:33,55.87,200,
13:42:33,55.87,100,
13:42:33,55.8699,100,
13:42:37,55.86,100,
13:42:37,55.86,100,
13:42:37,55.86,100,
13:42:40,55.87,500,
13:42:40,55.87,100,
13:42:41,55.86,100,
13:42:41,55.87,200,
13:42:41,55.87,100,
13:42:41,55.86,100,
13:42:41,55.87,100,
13:42:41,55.87,100,
13:42:43,55.86,100,
13:42:44,55.87,100,
13:43:00,55.85,300,
13:43:00,55.85,100,
13:43:00,55.85,100,
13:43:00,55.85,100,
13:43:15,55.8744,300,
13:43:17,55.88,100,
13:43:18,55.878,500,
13:43:26,55.86,100,
13:43:26,55.86,100,
13:43:37,55.85,100,
13:43:51,55.86,500,
13:44:00,55.85,200,
13:44:00,55.86,178,
13:44:03,55.87,178,
13:44:03,55.88,300,
13:44:03,55.89,100,
13:44:03,55.89,222,
13:44:03,55.88,100,
13:44:03,55.87,200,
13:44:03,55.87,200,
13:44:03,55.87,400,
13:44:03,55.87,500,
13:44:03,55.88,100,
13:44:03,55.88,500,
13:44:03,55.88,100,
13:44:10,55.90,1000,
13:44:34,55.939,1000,
13:44:43,55.9299,2000,
13:44:57,55.89,100,
13:44:57,55.88,100,
13:44:57,55.88,200,
13:44:57,55.88,200,
13:44:57,55.88,200,
13:44:57,55.87,300,
13:44:57,55.88,100,
13:44:57,55.88,100,
13:45:06,55.85,100,
13:45:06,55.85,600,
13:45:07,55.85,2200,
13:45:07,55.85,2300,
13:45:07,55.85,400,
13:45:11,55.87,100,
13:45:12,55.88,300,
13:45:12,55.88,600,
13:45:12,55.88,200,
13:45:18,55.89,100,
13:45:19,55.88,100,
13:45:21,55.8868,150,
13:45:24,55.85,100,
13:45:24,55.85,2900,
13:45:24,55.85,100,
13:45:32,55.87,200,
13:45:32,55.87,100,
13:45:41,55.868,1300,
13:45:49,55.87,700,
13:46:35,55.8501,2000,
13:46:47,55.8505,2900,
13:46:59,55.86,200,
13:46:59,55.86,200,
13:47:09,55.8501,1300,
13:47:16,55.85,100,
13:47:16,55.85,223,
13:47:16,55.85,100,
13:47:16,55.84,100,
13:47:16,55.83,400,
13:47:16,55.83,200,
13:47:16,55.82,200,
13:47:16,55.82,100,
13:47:20,55.82,610,
13:47:25,55.8399,1000,
13:47:25,55.838,600,
13:47:41,55.8499,1300,
13:47:50,55.8202,4000,
13:48:03,55.80,200,
13:48:03,55.80,100,
13:48:03,55.80,100,
13:48:05,55.792,400,
13:48:07,55.80,100,
13:48:08,55.79,500,
13:48:10,55.78,100,
13:48:11,55.79,100,
13:48:11,55.79,100,
13:48:12,55.788,150,
13:48:16,55.7801,2000,
13:48:30,55.80,100,
13:48:36,55.8004,200,
13:48:37,55.80,500,
13:48:40,55.80,100,
13:48:40,55.80,100,
13:48:52,55.801,100,
13:48:58,55.80,100,
13:49:00,55.80,100,
13:49:07,55.79,100,
13:49:07,55.7901,200,
13:49:07,55.791,500,
13:49:16,55.79,100,
13:49:27,55.7802,5000,
13:49:29,55.79,300,
13:49:46,55.782,3190,
13:50:04,55.7801,400,
13:50:27,55.7899,1000,
13:50:31,55.78,900,
13:50:39,55.77,300,
13:50:41,55.77,100,
13:50:50,55.7701,100,
13:51:05,55.77,100,
13:51:06,55.768,200,
13:51:12,55.7601,100,
13:51:13,55.7601,200,
13:51:13,55.76,201,
13:51:13,55.76,890,
13:51:16,55.76,200,
13:51:21,55.77,100,
13:51:21,55.77,100,
13:51:22,55.762,200,
13:51:23,55.779,250,
13:51:37,55.83,100,
13:51:48,55.8073,1800,
13:52:01,55.77,600,
13:52:25,55.87,3700,
13:52:27,55.85,100,
13:52:35,55.878,1000,
13:52:41,55.878,1000,
13:53:03,55.92,100,
13:53:08,55.938,125,
13:53:14,55.918,1000,
13:53:20,55.90,500,
13:53:20,55.9026,100,
13:53:35,55.918,1000,
13:53:35,55.918,4000,
13:53:59,55.8699,200,
13:54:20,55.87,100,
13:54:20,55.84,200,
13:54:20,55.83,100,
13:54:20,55.83,300,
13:54:20,55.83,300,
13:55:08,55.8369,500,
13:55:12,55.85,100,
13:55:12,55.86,100,
13:55:37,55.88,100,
13:55:38,55.8699,100,
13:55:38,55.87,300,
13:55:42,55.86,100,
13:55:42,55.85,100,
13:55:42,55.85,100,
13:56:10,55.82,400,
13:56:19,55.8287,1000,
13:56:28,55.81,100,
13:56:39,55.80,100,
13:56:59,55.84,100,
13:58:24,55.84,1000,
13:58:26,55.85,100,
13:58:31,55.839,100,
13:58:47,55.85,200,
13:59:08,55.84,100,
13:59:42,55.80,100,
14:00:06,55.81,100,
14:00:29,55.8199,200,
14:00:44,55.7901,250,
14:01:12,55.81,100,
14:01:12,55.81,300,
14:01:12,55.82,100,
14:01:15,55.82,100,
14:01:16,55.80,200,
14:01:42,55.79,100,
14:01:51,55.79,600,
14:01:51,55.79,800,
14:01:51,55.79,1400,
14:01:51,55.79,300,
14:01:51,55.79,400,
14:01:51,55.79,200,
14:01:51,55.79,900,
14:01:51,55.79,100,
14:01:51,55.79,200,
14:01:51,55.79,700,
14:02:16,55.80,100,
14:02:23,55.84,200,
14:02:23,55.84,300,
14:02:23,55.84,600,
14:02:31,55.8599,100,
14:02:31,55.86,100,
14:02:31,55.8599,100,
14:02:42,55.89,200,
14:02:43,55.89,100,
14:02:43,55.89,300,
14:02:47,55.89,100,
14:03:04,55.8899,100,
14:03:04,55.8899,100,
14:03:11,55.8801,600,
14:03:11,55.91,170,
14:03:11,55.91,100,
14:03:12,55.90,100,
14:03:12,55.89,100,
14:03:12,55.89,193,
14:03:30,55.90,100,
14:03:42,55.909,300,
14:03:42,55.909,400,
14:03:51,55.91,100,
14:03:53,55.89,100,
14:03:58,55.91,100,
14:04:01,55.89,100,
14:04:03,55.89,100,
14:04:03,55.91,100,
14:04:17,55.89,100,
14:04:17,55.8816,250,
14:04:39,55.90,200,
14:04:50,55.89,100,
14:05:06,55.90,200,
14:05:52,55.89,600,
14:06:30,55.89,100,
14:06:40,55.90,985,
14:06:41,55.8999,125,
14:07:06,55.90,500,
14:07:06,55.90,100,
14:07:08,55.8999,1000,
14:07:08,55.8999,300,
14:07:08,55.8999,100,
14:07:41,55.90,900,
14:07:56,55.90,1100,
14:08:19,55.90,2500,
14:08:19,55.90,18744,
14:08:19,55.91,100,
14:08:25,55.90,100,
14:08:25,55.90,300,
14:08:26,55.9099,140,
14:08:26,55.90,200,
14:08:27,55.89,600,
14:08:27,55.89,100,
14:08:27,55.89,100,
14:08:28,55.89,100,
14:08:34,55.90,100,
14:08:34,55.92,100,
14:08:34,55.92,200,
14:08:49,55.91,200,
14:08:49,55.91,100,
14:08:49,55.92,200,
14:08:50,55.94,100,
14:09:19,55.9301,400,
14:09:28,55.93,100,
14:09:49,55.88,200,
14:09:49,55.88,200,
14:09:49,55.90,100,
14:10:03,55.8701,4000,
14:10:10,55.87,200,
14:10:29,55.88,100,
14:10:56,55.8887,1000,
14:11:23,55.8899,3000,
14:12:47,55.90,100,
14:13:09,55.92,100,
14:13:18,55.9213,1000,
14:13:28,55.91,100,
14:13:30,55.9099,500,
14:14:47,55.91,100,
14:14:51,55.85,100,
14:14:53,55.80,200,
14:15:00,55.83,100,
14:15:05,55.839,800,
14:15:06,55.839,1300,
14:15:58,55.87,100,
14:16:48,55.84,100,
14:17:13,55.859,194,
14:17:26,55.859,100,
14:17:27,55.85,100,
14:17:31,55.84,100,
14:17:31,55.84,200,
14:17:32,55.84,300,
14:17:32,55.84,171,
14:17:32,55.84,200,
14:17:32,55.84,600,
14:17:32,55.84,300,
14:17:32,55.84,300,
14:17:32,55.84,600,
14:17:32,55.84,600,
14:17:32,55.84,300,
14:17:32,55.84,2300,
14:17:32,55.84,900,
14:17:32,55.84,2100,
14:17:32,55.84,2400,
14:17:32,55.82,100,
14:17:32,55.84,200,
14:17:32,55.80,100,
14:17:32,55.80,100,
14:17:32,55.79,200,
14:17:41,55.77,100,
14:17:42,55.77,100,
14:17:43,55.76,1900,
14:17:47,55.76,200,
14:17:48,55.75,100,
14:17:48,55.75,200,
14:17:48,55.75,200,
14:17:48,55.73,100,
14:17:48,55.75,200,
14:17:48,55.73,100,
14:17:48,55.71,100,
14:17:48,55.71,100,
14:17:49,55.70,820,
14:17:49,55.70,100,
14:17:49,55.70,200,
14:17:49,55.70,900,
14:17:49,55.69,100,
14:17:50,55.69,100,
14:17:51,55.68,300,
14:17:51,55.68,1000,
14:17:51,55.70,3000,
14:17:51,55.6899,600,
14:17:52,55.68,1300,
14:17:58,55.68,100,
14:17:58,55.69,900,
14:17:58,55.69,100,
14:17:58,55.69,100,
14:17:58,55.69,100,
14:17:58,55.69,100,
14:17:58,55.69,100,
14:17:58,55.69,200,
14:17:58,55.69,100,
14:17:58,55.70,200,
14:18:00,55.73,100,
14:18:03,55.7302,2700,
14:18:07,55.70,100,
14:18:07,55.70,300,
14:18:15,55.738,500,
14:18:18,55.7387,1300,
14:18:20,55.73,300,
14:18:21,55.7173,100,
14:18:21,55.71,200,
14:18:58,55.75,100,
14:19:12,55.73,100,
14:19:12,55.74,100,
14:19:33,55.74,100,
14:19:37,55.75,100,
14:19:39,55.72,100,
14:19:40,55.71,100,
14:19:40,55.71,100,
14:19:40,55.70,200,
14:19:40,55.70,200,
14:19:40,55.72,300,
14:19:41,55.74,100,
14:19:46,55.72,100,
14:19:46,55.72,200,
14:19:46,55.72,100,
14:20:04,55.80,100,
14:20:09,55.79,100,
14:20:19,55.76,100,
14:21:03,55.759,110,
14:21:12,55.751,1100,
14:21:26,55.77,100,
14:21:35,55.78,300,
14:21:35,55.78,300,
14:21:35,55.78,300,
14:21:35,55.78,200,
14:21:35,55.78,300,
14:21:35,55.78,100,
14:21:35,55.78,100,
14:21:35,55.78,100,
14:21:37,55.80,100,
14:21:37,55.80,100,
14:21:37,55.80,100,
14:22:00,55.82,199,
14:22:00,55.82,100,
14:22:16,55.81,100,
14:22:17,55.82,100,
14:22:17,55.82,100,
14:22:25,55.83,100,
14:22:37,55.86,100,
14:22:38,55.86,200,
14:22:39,55.86,100,
14:22:39,55.85,100,
14:22:40,55.8587,400,
14:22:45,55.85,200,
14:22:57,55.85,100,
14:22:57,55.85,700,
14:23:07,55.8419,1000,
14:23:09,55.8499,100,
14:23:42,55.8413,1000,
14:23:49,55.84,100,
14:23:50,55.8355,500,
14:24:34,55.82,100,
14:24:38,55.79,200,
14:24:38,55.77,100,
14:24:39,55.82,500,
14:24:50,55.80,100,
14:24:50,55.80,100,
14:24:54,55.81,100,
14:24:54,55.81,100,
14:25:36,55.85,100,
14:25:37,55.87,100,
14:25:37,55.85,100,
14:25:40,55.8201,220,
14:26:29,55.84,100,
14:26:29,55.84,100,
14:27:06,55.8959,600,
14:28:20,55.859,200,
14:28:22,55.86,1100,
14:29:02,55.89,300,
14:29:43,55.87,500,
14:30:11,55.8701,1000,
14:30:24,55.89,2411,
14:30:24,55.89,15400,
14:30:27,55.92,200,
14:30:30,55.93,100,
14:30:30,55.93,1100,
14:30:31,55.91,200,
14:30:32,55.90,100,
14:30:32,55.90,100,
14:30:38,55.90,100,
14:31:05,55.89,200,
14:31:05,55.89,200,
14:31:05,55.88,100,
14:31:05,55.88,100,
14:31:10,55.91,100,
14:31:12,55.91,100,
14:31:12,55.9099,100,
14:31:12,55.91,500,
14:31:14,55.918,300,
14:31:28,55.94,150,
14:31:29,55.94,200,
14:31:29,55.94,100,
14:31:29,55.95,100,
14:31:29,55.95,200,
14:31:29,55.9487,300,
14:31:32,55.95,200,
14:31:32,55.95,300,
14:31:32,55.96,2700,
14:31:33,55.98,200,
14:31:34,55.9799,500,
14:31:34,55.9702,100,
14:31:34,55.9799,300,
14:31:34,55.9799,200,
14:31:34,55.99,100,
14:31:36,55.9899,100,
14:31:38,55.99,100,
14:31:38,56,100,
14:31:44,55.98,372,
14:31:44,55.98,200,
14:31:44,55.98,100,
14:31:49,55.97,200,
14:32:04,55.9545,100,
14:32:04,55.9545,100,
14:32:13,55.951,500,
14:32:18,55.95,170,
14:32:39,55.95,200,
14:32:39,55.95,100,
14:32:39,55.95,100,
14:32:41,55.9399,200,
14:32:41,55.94,100,
14:32:41,55.94,300,
14:32:51,55.9117,200,
14:32:52,55.92,100,
14:32:54,55.92,100,
14:33:05,55.93,100,
14:33:05,55.93,100,
14:33:11,55.9375,100,
14:33:11,55.93,100,
14:33:15,55.98,100,
14:33:23,55.9899,300,
14:33:26,56.02,100,
14:33:40,56.02,350,
14:33:41,56.0026,800,
14:33:46,56.0099,200,
14:33:46,56.0099,100,
14:33:52,55.998,200,
14:33:55,55.98,100,
14:34:10,56.01,100,
14:34:10,55.99,2000,
14:34:37,55.998,200,
14:34:58,55.998,550,
14:35:11,55.9789,200,
14:35:15,55.99,100,
14:35:31,56.01,100,
14:35:32,56.02,100,
14:35:37,56.019,200,
14:36:01,56,100,
14:36:23,56,100,
14:36:23,56,100,
14:36:28,56,500,
14:36:39,56.02,100,
14:36:39,56.01,100,
14:36:49,56.0187,550,
14:36:52,55.99,100,
14:36:52,55.99,100,
14:36:52,55.99,100,
14:37:17,55.96,100,
14:37:17,55.95,100,
14:37:40,55.96,100,
14:37:42,55.9581,1000,
14:38:24,55.97,100,
14:38:54,55.998,100,
14:38:56,55.9907,100,
14:38:56,56,100,
14:38:56,56,100,
14:38:56,56,100,
14:39:05,56,100,
14:39:08,56,299,
14:39:08,56.02,347,
14:39:10,56.04,1400,
14:39:15,56.0093,100,
14:39:21,56.0199,250,
14:40:03,56.058,300,
14:40:07,56.05,100,
14:40:19,56.04,100,
14:40:26,56.07,233,
14:40:26,56.06,100,
14:40:26,56.08,200,
14:40:27,56.06,201,
14:40:54,56.0799,2000,
14:41:05,56.08,300,
14:41:06,56.07,100,
14:41:06,56.062,1000,
14:41:12,56.0439,900,
14:41:26,56.02,150,
14:41:29,56.022,100,
14:41:29,56.031,300,
14:41:35,56.04,299,
14:41:35,56.04,250,
14:41:35,56.04,100,
14:41:35,56.04,101,
14:42:14,56.038,500,
14:42:47,56.0127,1000,
14:43:05,56.01,100,
14:43:18,56.01,200,
14:43:18,56,100,
14:43:22,56.01,300,
14:43:23,56.002,200,
14:43:32,56,100,
14:43:37,56.0013,550,
14:43:53,56.0174,1800,
14:43:54,56.017,100,
14:44:04,56.0236,100,
14:44:10,56.038,300,
14:44:35,56.02,500,
14:44:35,56.02,500,
14:44:35,56.02,200,
14:44:35,56.02,100,
14:44:52,55.9927,124,
14:44:52,55.9927,476,
14:44:58,56.01,100,
14:45:02,55.97,300,
14:45:02,55.97,100,
14:45:20,55.9599,2740,
14:45:23,55.9501,200,
14:45:35,55.93,100,
14:46:08,55.9011,500,
14:46:10,55.90,100,
14:46:14,55.909,500,
14:46:19,55.91,100,
14:46:19,55.911,500,
14:46:19,55.911,500,
14:46:21,55.919,500,
14:46:21,55.919,400,
14:46:25,55.92,100,
14:46:50,55.89,100,
14:46:50,55.88,500,
14:46:56,55.9101,300,
14:47:32,55.90,150,
14:47:47,55.872,500,
14:48:12,55.89,100,
14:48:24,55.84,1000,
14:48:24,55.84,900,
14:48:24,55.84,200,
14:48:25,55.85,200,
14:48:25,55.85,300,
14:48:25,55.85,100,
14:48:35,55.86,100,
14:48:41,55.88,200,
14:48:51,55.87,100,
14:49:16,55.8689,750,
14:49:35,55.928,800,
14:49:39,55.929,100,
14:49:41,55.93,800,
14:49:44,55.907,2000,
14:50:26,55.92,100,
14:50:51,55.93,100,
14:51:01,55.9087,300,
14:51:14,55.92,100,
14:51:14,55.91,100,
14:51:32,55.92,500,
14:51:47,55.93,100,
14:51:58,55.93,100,
14:52:16,55.94,100,
14:52:31,55.95,100,
14:52:34,55.95,100,
14:53:17,55.97,100,
14:53:21,56,3700,
14:53:26,55.974,1000,
14:53:34,55.97,1000,
14:54:02,55.99,100,
14:54:02,55.99,100,
14:54:02,55.99,200,
14:54:24,56.0073,600,
14:54:28,55.9927,600,
14:54:29,55.9974,100,
14:54:29,56.0099,100,
14:54:35,56.01,100,
14:55:03,56.0101,100,
14:55:03,56.03,300,
14:55:03,56.03,100,
14:55:03,56.03,100,
14:55:05,56.0111,1200,
14:55:08,56.03,100,
14:55:08,56.0299,100,
14:55:09,56.0299,100,
14:55:09,56.03,100,
14:55:12,56.05,300,
14:55:13,56.03,100,
14:55:15,56.05,200,
14:55:15,56.0399,400,
14:55:15,56.04,100,
14:55:15,56.04,100,
14:55:15,56.04,100,
14:55:15,56.05,100,
14:55:15,56.05,100,
14:55:15,56.04,100,
14:55:17,56.0499,200,
14:55:17,56.05,100,
14:55:17,56.05,100,
14:55:18,56.05,100,
14:55:19,56.049,300,
14:55:20,56.048,2600,
14:55:21,56.048,1300,
14:55:30,56.035,100,
14:55:30,56.039,100,
14:55:33,56.035,100,
14:55:45,56.0399,500,
14:55:52,56.04,100,
14:55:54,56.049,100,
14:56:03,56.07,500,
14:56:03,56.07,100,
14:56:03,56.07,200,
14:56:04,56.069,200,
14:56:04,56.07,300,
14:56:04,56.07,300,
14:56:05,56.08,100,
14:56:16,56.05,100,
14:56:16,56.07,100,
14:56:16,56.07,200,
14:56:16,56.06,100,
14:56:16,56.05,3184,
14:56:39,56.08,300,
14:56:56,56.062,125,
14:57:09,56.0245,100,
14:57:12,56.01,500,
14:57:47,55.94,100,
14:57:47,55.94,200,
14:57:49,55.95,100,
14:57:51,55.958,1300,
14:58:12,55.9561,500,
14:58:21,55.94,300,
14:58:23,55.91,100,
14:58:23,55.91,100,
14:58:34,55.92,100,
14:58:36,55.92,100,
14:58:36,55.92,154,
14:58:41,55.96,100,
14:59:00,55.95,200,
14:59:00,55.95,100,
14:59:00,55.95,100,
14:59:01,55.93,107,
14:59:30,55.97,100,
15:00:02,55.97,100,
15:00:02,55.97,100,
15:00:02,55.97,100,
15:00:02,55.97,100,
15:00:23,55.969,200,
15:00:24,55.97,600,
15:00:31,55.91,200,
15:00:31,55.9141,400,
15:01:09,55.882,300,
15:02:04,55.909,200,
15:02:06,55.91,1300,
15:02:13,55.92,200,
15:02:13,55.92,600,
15:02:14,55.939,200,
15:02:15,55.9399,400,
15:02:15,55.94,100,
15:02:22,55.969,150,
15:02:23,55.96,100,
15:02:23,55.96,100,
15:02:44,55.95,300,
15:02:45,55.95,300,
15:03:01,55.96,100,
15:03:46,55.92,100,
15:05:00,55.91,300,
15:05:00,55.91,100,
15:05:00,55.91,100,
15:05:02,55.92,100,
15:05:16,55.9299,100,
15:05:17,55.94,100,
15:05:43,55.9301,600,
15:05:47,55.9301,300,
15:05:58,55.9489,300,
15:06:38,55.95,100,
15:06:38,55.94,100,
15:06:39,55.93,300,
15:06:39,55.93,300,
15:06:53,55.91,300,
15:06:55,55.89,100,
15:07:05,55.88,2500,
15:07:05,55.88,400,
15:07:05,55.85,100,
15:07:10,55.853,100,
15:07:10,55.854,100,
15:07:31,55.87,100,
15:07:40,55.85,200,
15:07:40,55.85,100,
15:07:40,55.8501,100,
15:07:46,55.85,200,
15:07:51,55.851,2000,
15:08:00,55.84,200,
15:08:00,55.84,200,
15:08:00,55.84,100,
15:08:00,55.84,1500,
15:08:00,55.84,200,
15:08:00,55.84,900,
15:08:00,55.84,400,
15:08:00,55.84,4550,
15:08:00,55.84,1100,
15:08:00,55.81,200,
15:08:02,55.8002,100,
15:08:05,55.80,1300,
15:08:07,55.81,100,
15:08:13,55.83,100,
15:08:21,55.85,100,
15:08:53,55.85,100,
15:08:53,55.85,300,
15:08:53,55.85,300,
15:08:58,55.82,200,
15:09:01,55.77,600,
15:09:24,55.83,300,
15:09:24,55.84,100,
15:09:43,55.819,500,
15:09:55,55.85,249,
15:09:55,55.85,300,
15:09:56,55.859,200,
15:10:01,55.855,1100,
15:10:02,55.8515,300,
15:10:02,55.8515,100,
15:10:02,55.852,300,
15:10:21,55.8255,1000,
15:10:24,55.82,100,
15:10:58,55.8204,500,
15:11:15,55.83,200,
15:11:15,55.83,100,
15:11:20,55.83,100,
15:11:20,55.82,100,
15:11:20,55.82,467,
15:11:20,55.82,700,
15:11:23,55.80,450,
15:11:32,55.80,500,
15:11:42,55.77,200,
15:11:51,55.76,100,
15:11:53,55.7599,500,
15:11:58,55.78,100,
15:11:59,55.78,300,
15:12:26,55.78,100,
15:13:04,55.77,100,
15:13:04,55.77,100,
15:13:04,55.77,100,
15:13:11,55.78,600,
15:13:26,55.8211,100,
15:13:45,55.828,200,
15:14:02,55.83,300,
15:14:05,55.84,100,
15:14:22,55.85,200,
15:14:45,55.86,100,
15:14:58,55.8487,500,
15:15:06,55.87,300,
15:15:17,55.848,200,
15:15:36,55.85,200,
15:15:41,55.8015,200,
15:15:57,55.80,100,
15:16:28,55.82,100,
15:16:28,55.8299,400,
15:16:36,55.83,100,
15:16:59,55.822,335,
15:17:28,55.82,100,
15:17:32,55.80,605,
15:17:39,55.84,100,
15:17:46,55.85,100,
15:17:46,55.85,100,
15:17:49,55.85,100,
15:17:56,55.8673,1800,
15:18:10,55.8466,100,
15:18:14,55.81,100,
15:18:17,55.8001,200,
15:18:17,55.8001,800,
15:19:17,55.86,100,
15:19:17,55.86,100,
15:19:17,55.84,200,
15:19:17,55.86,3600,
15:19:38,55.87,100,
15:19:39,55.87,400,
15:19:39,55.88,100,
15:19:39,55.87,100,
15:19:39,55.87,100,
15:19:39,55.87,100,
15:19:41,55.8899,100,
15:19:41,55.8899,100,
15:19:41,55.877,100,
15:19:55,55.89,100,
15:20:01,55.85,100,
15:20:08,55.85,200,
15:20:25,55.8299,100,
15:20:25,55.8299,100,
15:20:25,55.83,100,
15:20:26,55.83,100,
15:20:29,55.80,100,
15:20:29,55.79,100,
15:20:32,55.74,100,
15:20:32,55.73,200,
15:20:33,55.71,183,
15:20:33,55.72,200,
15:20:33,55.71,100,
15:20:33,55.71,100,
15:20:33,55.71,2500,
15:20:37,55.71,300,
15:20:39,55.72,200,
15:20:41,55.71,100,
15:20:41,55.70,100,
15:20:41,55.69,300,
15:20:42,55.69,100,
15:20:45,55.69,300,
15:20:52,55.71,300,
15:20:52,55.71,100,
15:20:52,55.71,500,
15:20:52,55.69,100,
15:20:52,55.70,500,
15:20:52,55.70,100,
15:20:52,55.70,100,
15:20:52,55.70,300,
15:20:54,55.70,100,
15:20:54,55.69,100,
15:21:05,55.69,200,
15:21:05,55.68,100,
15:21:05,55.67,179,
15:21:06,55.67,100,
15:21:06,55.66,120,
15:21:07,55.6701,100,
15:21:07,55.6699,500,
15:21:10,55.69,100,
15:21:19,55.68,484,
15:21:19,55.68,400,
15:21:31,55.70,100,
15:21:34,55.68,900,
15:21:34,55.68,100,
15:21:38,55.69,100,
15:21:38,55.69,100,
15:22:01,55.699,100,
15:22:03,55.69,100,
15:22:06,55.6999,100,
15:22:07,55.70,100,
15:22:08,55.70,100,
15:22:10,55.71,300,
15:22:31,55.70,100,
15:22:47,55.71,100,
15:22:47,55.71,100,
15:22:51,55.73,100,
15:22:51,55.73,100,
15:23:03,55.70,100,
15:23:05,55.75,200,
15:23:09,55.74,100,
15:23:12,55.74,100,
15:23:25,55.79,100,
15:23:25,55.8098,100,
15:23:36,55.80,300,
15:23:54,55.8099,100,
15:23:57,55.77,200,
15:24:19,55.81,100,
15:24:29,55.811,2200,
15:24:35,55.8223,100,
15:24:35,55.83,100,
15:24:40,55.83,300,
15:24:45,55.81,100,
15:24:49,55.819,130,
15:24:53,55.83,415,
15:24:54,55.84,100,
15:24:55,55.84,100,
15:24:55,55.83,100,
15:24:55,55.83,100,
15:24:55,55.83,100,
15:25:01,55.8216,1000,
15:25:15,55.83,100,
15:25:19,55.85,900,
15:25:24,55.85,100,
15:25:32,55.85,100,
15:25:38,55.8497,200,
15:25:45,55.86,100,
15:25:53,55.90,100,
15:25:56,55.87,200,
15:25:56,55.87,100,
15:25:56,55.87,200,
15:25:56,55.87,100,
15:25:56,55.86,300,
15:25:56,55.86,238,
15:25:57,55.85,100,
15:26:03,55.86,300,
15:26:03,55.86,100,
15:26:03,55.87,400,
15:26:03,55.86,300,
15:26:03,55.88,100,
15:26:03,55.86,200,
15:26:10,55.85,300,
15:26:21,55.86,100,
15:27:00,55.87,100,
15:27:00,55.87,100,
15:27:00,55.87,100,
15:27:00,55.87,200,
15:27:00,55.87,100,
15:27:00,55.87,100,
15:27:01,55.87,300,
15:27:12,55.88,300,
15:27:29,55.84,100,
15:27:30,55.85,100,
15:27:33,55.83,100,
15:27:38,55.85,100,
15:27:45,55.87,100,
15:27:48,55.87,200,
15:27:53,55.8601,400,
15:28:05,55.85,100,
15:28:05,55.84,200,
15:28:05,55.84,100,
15:28:08,55.82,100,
15:28:28,55.84,400,
15:29:03,55.85,100,
15:29:08,55.87,100,
15:29:11,55.88,400,
15:29:12,55.87,300,
15:29:12,55.87,100,
15:29:16,55.84,100,
15:29:16,55.85,100,
15:29:17,55.82,100,
15:29:27,55.838,1000,
15:29:41,55.81,100,
15:29:43,55.8132,100,
15:29:44,55.81,300,
15:29:44,55.81,100,
15:29:44,55.80,100,
15:29:53,55.82,100,
15:29:53,55.82,100,
15:30:02,55.79,100,
15:30:02,55.80,100,
15:30:02,55.79,100,
15:30:02,55.79,100,
15:30:06,55.78,100,
15:30:06,55.78,100,
15:30:08,55.77,100,
15:30:08,55.76,100,
15:30:08,55.77,1100,
15:30:08,55.77,200,
15:30:09,55.76,100,
15:30:09,55.76,100,
15:30:09,55.76,199,
15:30:09,55.76,100,
15:30:09,55.76,300,
15:30:13,55.77,200,
15:30:18,55.76,100,
15:30:22,55.77,100,
15:30:22,55.77,300,
15:30:24,55.76,100,
15:30:39,55.78,100,
15:31:07,55.78,100,
15:31:07,55.77,100,
15:31:34,55.782,100,
15:31:44,55.78,100,
15:31:44,55.78,100,
15:31:46,55.77,100,
15:31:57,55.81,100,
15:32:00,55.83,100,
15:32:01,55.86,100,
15:32:01,55.86,300,
15:32:01,55.85,100,
15:32:01,55.86,100,
15:32:01,55.86,100,
15:32:01,55.86,1300,
15:32:07,55.8704,1500,
15:32:31,55.88,100,
15:32:31,55.88,200,
15:32:35,55.87,100,
15:32:37,55.87,199,
15:32:50,55.88,100,
15:32:50,55.88,100,
15:32:52,55.8887,800,
15:33:05,55.88,400,
15:33:05,55.87,100,
15:33:05,55.87,100,
15:33:05,55.87,100,
15:33:05,55.86,100,
15:33:05,55.85,100,
15:33:05,55.85,100,
15:33:06,55.85,100,
15:33:08,55.85,300,
15:33:16,55.85,100,
15:33:27,55.84,100,
15:33:27,55.83,200,
15:33:27,55.84,100,
15:33:47,55.84,100,
15:33:47,55.83,200,
15:33:47,55.83,100,
15:33:47,55.83,100,
15:33:47,55.83,100,
15:33:47,55.83,100,
15:33:50,55.80,400,
15:33:57,55.7913,1000,
15:34:20,55.82,100,
15:34:20,55.82,100,
15:34:20,55.81,100,
15:34:20,55.81,300,
15:34:21,55.79,100,
15:34:21,55.77,300,
15:34:21,55.76,300,
15:34:22,55.76,900,
15:34:27,55.77,100,
15:34:27,55.77,100,
15:34:32,55.8016,196,
15:34:50,55.81,200,
15:35:00,55.80,100,
15:35:01,55.79,100,
15:35:01,55.79,300,
15:35:02,55.78,100,
15:35:02,55.78,200,
15:35:02,55.77,100,
15:35:09,55.7501,4000,
15:35:11,55.78,100,
15:35:11,55.78,400,
15:35:11,55.78,300,
15:35:15,55.76,100,
15:35:15,55.76,300,
15:35:23,55.71,300,
15:35:23,55.72,184,
15:35:23,55.72,100,
15:35:23,55.70,100,
15:35:23,55.72,100,
15:35:36,55.70,184,
15:35:36,55.70,100,
15:35:36,55.70,200,
15:35:44,55.72,100,
15:35:44,55.72,100,
15:35:44,55.72,300,
15:35:44,55.72,100,
15:35:44,55.715,200,
15:35:44,55.715,100,
15:35:58,55.75,181,
15:35:58,55.75,400,
15:35:58,55.74,100,
15:36:00,55.78,500,
15:36:03,55.78,100,
15:36:07,55.80,179,
15:36:12,55.828,4000,
15:36:15,55.839,200,
15:36:19,55.8599,400,
15:36:21,55.859,1300,
15:36:21,55.859,800,
15:36:23,55.85,300,
15:36:23,55.84,100,
15:36:23,55.84,100,
15:36:23,55.83,100,
15:36:23,55.83,300,
15:36:23,55.83,300,
15:36:23,55.83,300,
15:36:33,55.839,1700,
15:36:33,55.839,1100,
15:36:45,55.85,100,
15:36:46,55.869,100,
15:36:48,55.861,300,
15:36:48,55.869,200,
15:36:48,55.87,100,
15:36:57,55.86,100,
15:36:57,55.85,100,
15:36:57,55.85,100,
15:37:05,55.86,100,
15:37:16,55.85,100,
15:37:16,55.88,100,
15:37:29,55.85,100,
15:37:37,55.85,300,
15:37:37,55.85,200,
15:37:37,55.85,100,
15:37:37,55.85,100,
15:37:37,55.85,100,
15:37:37,55.84,100,
15:37:37,55.84,100,
15:37:37,55.84,100,
15:37:37,55.84,200,
15:37:37,55.83,100,
15:37:37,55.83,300,
15:37:37,55.84,100,
15:37:38,55.83,300,
15:37:38,55.83,116,
15:37:38,55.80,300,
15:37:38,55.82,100,
15:37:44,55.79,100,
15:37:44,55.79,100,
15:37:45,55.78,100,
15:37:45,55.77,100,
15:37:46,55.76,100,
15:37:46,55.77,183,
15:37:48,55.768,1100,
15:37:50,55.73,100,
15:37:51,55.71,200,
15:37:51,55.73,100,
15:37:51,55.73,100,
15:37:51,55.73,100,
15:37:51,55.69,100,
15:37:51,55.73,100,
15:37:51,55.72,300,
15:37:51,55.72,300,
15:37:51,55.72,100,
15:37:51,55.72,100,
15:37:51,55.72,100,
15:37:57,55.70,100,
15:37:58,55.70,400,
15:38:00,55.68,200,
15:38:02,55.67,100,
15:38:02,55.67,100,
15:38:06,55.66,100,
15:38:07,55.66,370,
15:38:12,55.6899,100,
15:38:12,55.6899,100,
15:38:22,55.70,600,
15:38:30,55.67,100,
15:38:33,55.669,300,
15:38:36,55.69,300,
15:38:36,55.689,100,
15:38:38,55.672,200,
15:38:38,55.68,100,
15:38:47,55.69,100,
15:38:57,55.67,100,
15:38:57,55.6796,300,
15:39:00,55.65,100,
15:39:07,55.67,100,
15:39:07,55.67,100,
15:39:07,55.67,100,
15:39:15,55.681,100,
15:39:18,55.69,100,
15:39:19,55.699,300,
15:39:19,55.699,300,
15:39:20,55.6802,100,
15:39:21,55.698,1300,
15:39:23,55.70,200,
15:39:23,55.70,100,
15:39:24,55.699,1900,
15:39:24,55.68,100,
15:39:24,55.698,1000,
15:39:30,55.68,100,
15:39:30,55.68,100,
15:39:30,55.67,100,
15:39:30,55.67,500,
15:39:36,55.66,100,
15:39:38,55.64,100,
15:39:38,55.63,100,
15:39:38,55.6001,100,
15:39:38,55.6001,100,
15:39:38,55.60,100,
15:39:39,55.6001,300,
15:39:39,55.64,200,
15:39:39,55.60,200,
15:39:41,55.6298,720,
15:39:48,55.635,200,
15:39:59,55.66,100,
15:40:06,55.709,100,
15:40:18,55.73,1000,
15:40:18,55.74,200,
15:40:19,55.70,200,
15:40:19,55.70,100,
15:40:19,55.69,100,
15:40:19,55.69,100,
