09:30:00,54.07,300,
09:30:01,54.05,100,
09:30:01,54.06,100,
09:30:01,54.06,100,
09:30:01,54.06,300,
09:30:02,54.10,100,
09:30:02,54.06,300,
09:30:02,54.04,100,
09:30:02,54.07,200,
09:30:02,54.05,300,
09:30:03,54.01,100,
09:30:03,53.99,200,
09:30:05,54.01,100,
09:30:06,53.97,300,
09:30:15,54.01,100,
09:30:22,54,500,
09:30:26,53.9497,200,
09:30:26,53.949,600,
09:30:26,54,200,
09:30:27,53.91,500,
09:30:28,53.98,150,
09:30:30,54.008,200,
09:30:30,53.95,100,
09:30:30,53.96,100,
09:30:31,53.9799,1000,
09:30:31,54.052,100,
09:30:32,54.0501,300,
09:30:32,53.99,100,
09:30:32,53.99,100,
09:30:32,54.0501,300,
09:30:32,54.0094,500,
09:30:32,54.022,100,
09:30:32,53.99,900,
09:30:33,53.9599,650,
09:30:38,53.94,300,
09:30:38,53.94,300,
09:30:38,53.92,4220,
09:30:40,53.94,300,
09:30:43,53.972,200,
09:30:45,53.96,1700,
09:30:52,53.9208,370,
09:30:55,53.95,100,
09:30:55,53.9499,100,
09:30:58,53.9574,500,
09:30:59,53.924,250,
09:30:59,53.9536,100,
09:31:04,53.959,100,
09:31:06,53.92,100,
09:31:06,53.92,100,
09:31:06,53.93,700,
09:31:07,53.93,200,
09:31:08,53.93,9900,
09:31:10,53.9536,300,
09:31:11,53.9693,800,
09:31:11,53.9886,100,
09:31:11,53.9887,100,
09:31:11,53.99,100,
09:31:11,53.99,100,
09:31:11,53.99,100,
09:31:11,53.9887,100,
09:31:11,53.9887,100,
09:31:11,53.99,100,
09:31:11,53.99,100,
09:31:14,53.9799,100,
09:31:14,53.9899,277,
09:31:15,53.9599,500,
09:31:19,53.9799,100,
09:31:20,53.95,100,
09:31:22,53.982,100,
09:31:24,53.96,100,
09:31:25,53.97,156,
09:31:28,53.98,100,
09:31:29,53.951,100,
09:31:30,53.9793,1000,
09:31:31,53.9404,328,
09:31:34,53.94,300,
09:31:36,53.9514,400,
09:31:44,53.9345,1000,
09:31:45,53.928,100,
09:31:46,53.91,300,
09:31:47,53.924,1000,
09:31:48,53.90,100,
09:31:48,53.90,100,
09:31:48,53.90,200,
09:31:49,53.8948,300,
09:31:51,53.89,100,
09:31:52,53.89,300,
09:31:54,53.86,100,
09:31:54,53.86,100,
09:31:55,53.868,178,
09:31:56,53.848,500,
09:31:58,53.868,100,
09:31:59,53.8699,1000,
09:32:01,53.858,1000,
09:32:02,53.849,100,
09:32:03,53.82,1000,
09:32:04,53.77,200,
09:32:05,53.816,500,
09:32:06,53.7801,100,
09:32:06,53.80,100,
09:32:09,53.75,300,
09:32:09,53.76,200,
09:32:09,53.78,300,
09:32:10,53.7799,200,
09:32:14,53.7843,100,
09:32:14,53.788,1000,
09:32:15,53.80,100,
09:32:15,53.80,100,
09:32:19,53.834,500,
09:32:22,53.8489,900,
09:32:23,53.828,300,
09:32:24,53.8558,500,
09:32:25,53.859,200,
09:32:27,53.833,150,
09:32:28,53.8408,120,
09:32:29,53.85,300,
09:32:31,53.88,300,
09:32:31,53.88,200,
09:32:32,53.878,100,
09:32:32,53.88,100,
09:32:32,53.88,100,
09:32:34,53.89,100,
09:32:35,53.89,200,
09:32:35,53.886,800,
09:32:36,53.8799,100,
09:32:37,53.8799,700,
09:32:38,53.90,300,
09:32:38,53.90,600,
09:32:38,53.90,300,
09:32:38,53.89,100,
09:32:38,53.89,300,
09:32:38,53.89,300,
09:32:39,53.90,300,
09:32:40,53.9317,1900,
09:32:43,53.958,200,
09:32:44,53.9599,200,
09:32:46,53.9201,1000,
09:32:48,53.96,200,
09:32:48,53.96,100,
09:32:48,53.96,100,
09:32:48,53.96,300,
09:32:48,53.9599,300,
09:32:49,53.9591,200,
09:32:49,53.98,100,
09:32:49,53.9685,500,
09:32:51,53.9616,200,
09:32:51,53.96,400,
09:32:52,53.98,200,
09:32:53,53.96,1000,
09:32:54,53.98,100,
09:32:54,53.99,300,
09:32:55,53.98,100,
09:32:56,54,300,
09:32:56,54.02,300,
09:32:56,54.02,300,
09:32:56,54.02,100,
09:32:56,54.0124,300,
09:32:56,53.97,100,
09:32:56,53.97,200,
09:32:56,53.97,100,
09:32:57,53.92,200,
09:32:57,53.92,100,
09:32:57,53.92,100,
09:32:57,53.92,100,
09:33:00,53.91,100,
09:33:00,53.91,100,
09:33:00,53.91,300,
09:33:00,53.89,100,
09:33:00,53.90,1000,
09:33:00,53.9108,180,
09:33:02,53.9448,100,
09:33:02,53.959,100,
09:33:02,53.96,500,
09:33:02,53.93,100,
09:33:02,53.94,620,
09:33:04,53.98,300,
09:33:06,53.98,300,
09:33:08,53.977,300,
09:33:08,53.98,300,
09:33:12,53.93,100,
09:33:25,53.90,100,
09:33:26,53.921,100,
09:33:29,53.93,500,
09:33:32,53.96,500,
09:33:36,53.94,100,
09:33:40,53.9545,1900,
09:33:41,53.91,200,
09:33:41,53.91,300,
09:33:52,53.97,100,
09:33:54,53.97,1300,
09:33:55,53.9686,300,
09:33:56,53.9617,1900,
09:33:57,53.97,100,
09:34:00,53.94,100,
09:34:02,53.9401,100,
09:34:04,53.9301,500,
09:34:05,53.9599,100,
09:34:13,53.9208,122,
09:34:14,53.9201,100,
09:34:18,53.98,100,
09:34:24,54.03,900,
09:34:25,54.0256,346,
09:34:26,54.03,100,
09:34:26,54.03,100,
09:34:26,54.03,100,
09:34:28,54.02,400,
09:34:28,54.02,600,
09:34:32,54.056,900,
09:34:32,54.10,100,
09:34:33,54.0985,1500,
09:34:35,54.10,200,
09:34:36,54.11,100,
09:34:37,54.0811,500,
09:34:38,54.11,100,
09:34:39,54.14,100,
09:34:39,54.14,100,
09:34:39,54.14,100,
09:34:41,54.15,600,
09:34:43,54.1728,1900,
09:34:45,54.18,100,
09:34:47,54.1755,4000,
09:34:47,54.18,800,
09:34:49,54.18,2500,
09:34:49,54.1736,200,
09:34:49,54.179,300,
09:34:50,54.1793,900,
09:34:50,54.15,300,
09:34:50,54.13,100,
09:34:50,54.12,300,
09:34:50,54.177,3300,
09:34:51,54.1586,600,
09:34:51,54.1587,100,
09:34:52,54.1679,100,
09:34:52,54.18,100,
09:34:52,54.18,100,
09:34:52,54.1731,200,
09:34:52,54.15,100,
09:34:52,54.142,300,
09:34:52,54.142,200,
09:34:55,54.16,200,
09:34:55,54.16,300,
09:34:55,54.16,100,
09:34:55,54.12,100,
09:34:56,54.1471,100,
09:34:56,54.149,200,
09:34:56,54.12,100,
09:34:59,54.1317,1000,
09:35:00,54.13,100,
09:35:01,54.1399,200,
09:35:02,54.1103,100,
09:35:03,54.088,100,
09:35:04,54.06,100,
09:35:05,54.05,300,
09:35:06,54.0503,100,
09:35:06,54.05,100,
09:35:07,54.0501,1000,
09:35:07,54.08,100,
09:35:09,54.0501,1000,
09:35:09,54.06,200,
09:35:09,54.06,100,
09:35:09,54.06,100,
09:35:09,54.06,100,
09:35:09,54.07,100,
09:35:09,54.07,300,
09:35:09,54.07,300,
09:35:09,54.07,100,
09:35:09,54.09,100,
09:35:11,54.0607,800,
09:35:14,54.0886,100,
09:35:19,54.0601,400,
09:35:23,54.074,1000,
09:35:24,54.10,300,
09:35:25,54.10,200,
09:35:25,54.10,300,
09:35:27,54.07,200,
09:35:27,54.07,100,
09:35:27,54.05,100,
09:35:27,54.05,300,
09:35:27,54.05,100,
09:35:28,54.0528,200,
09:35:28,54.05,100,
09:35:29,54.06,100,
09:35:29,54.06,100,
09:35:32,54.05,100,
09:35:32,54.05,100,
09:35:33,54.06,100,
09:35:33,54.06,100,
09:35:33,54.06,300,
09:35:33,54.06,100,
09:35:33,54.06,100,
09:35:34,54.08,600,
09:35:34,54.079,1800,
09:35:35,54.089,100,
09:35:35,54.089,100,
09:35:35,54.089,100,
09:35:35,54.089,100,
09:35:35,54.089,1200,
09:35:35,54.089,200,
09:35:35,54.089,100,
09:35:39,54.08,200,
09:35:39,54.06,700,
09:35:43,54.08,300,
09:35:45,54.08,100,
09:35:45,54.08,100,
09:35:45,54.0671,300,
09:35:47,54.0799,100,
09:35:48,54.052,300,
09:35:49,54.0573,500,
09:35:51,54.0572,100,
09:35:51,54.052,200,
09:35:51,54.06,100,
09:35:53,54.06,100,
09:35:53,54.06,100,
09:35:53,54.06,100,
09:35:53,54.0599,400,
09:35:53,54.08,100,
09:35:53,54.08,100,
09:35:54,54.0686,400,
09:35:57,54.10,499,
09:36:00,54.12,300,
09:36:00,54.1199,300,
09:36:00,54.1199,300,
09:36:00,54.1199,300,
09:36:00,54.14,300,
09:36:01,54.10,100,
09:36:01,54.10,100,
09:36:05,54.0999,100,
09:36:05,54.098,200,
09:36:07,54.101,300,
09:36:11,54.12,100,
09:36:12,54.108,100,
09:36:14,54.06,300,
09:36:14,54.06,100,
09:36:14,54.06,200,
09:36:14,54.05,3300,
09:36:14,54.05,400,
09:36:14,54.05,300,
09:36:14,54.05,100,
09:36:17,54.06,100,
09:36:18,54.04,300,
09:36:20,54.02,100,
09:36:20,54.0203,300,
09:36:20,54.02,100,
09:36:22,54.02,200,
09:36:22,54.02,300,
09:36:22,54.02,300,
09:36:22,54.02,100,
09:36:22,54.02,100,
09:36:22,54.02,500,
09:36:22,54.02,300,
09:36:23,54.04,300,
09:36:24,54.0101,200,
09:36:24,54.0393,500,
09:36:25,54.04,300,
09:36:36,54.05,100,
09:36:40,54.0201,200,
09:36:40,54.0201,300,
09:36:40,54,100,
09:36:40,53.99,100,
09:36:40,54,200,
09:36:40,53.98,100,
09:36:40,54,100,
09:36:41,53.9901,100,
09:36:41,53.9986,250,
09:36:44,54.01,120,
09:36:44,54.01,200,
09:36:44,54.01,100,
09:36:44,54.01,200,
09:36:44,54,100,
09:36:45,54,100,
09:36:46,53.98,100,
09:36:46,53.97,100,
09:36:46,53.97,300,
09:36:46,53.97,300,
09:36:46,53.98,100,
09:36:46,53.96,200,
09:36:46,53.9799,185,
09:36:48,53.95,500,
09:36:51,53.94,300,
09:36:51,53.94,300,
09:36:51,53.94,100,
09:36:53,53.93,100,
09:36:58,53.92,100,
09:37:00,53.90,100,
09:37:00,53.90,300,
09:37:01,53.87,100,
09:37:01,53.87,100,
09:37:05,53.88,100,
09:37:06,53.87,500,
09:37:08,53.82,100,
09:37:08,53.82,200,
09:37:08,53.82,300,
09:37:09,53.85,300,
09:37:10,53.8401,1000,
09:37:10,53.86,100,
09:37:11,53.8881,1000,
09:37:12,53.844,200,
09:37:17,53.86,100,
09:37:20,53.84,300,
09:37:20,53.84,500,
09:37:20,53.84,100,
09:37:20,53.84,100,
09:37:20,53.84,200,
09:37:22,53.8598,400,
09:37:22,53.86,100,
09:37:22,53.88,100,
09:37:24,53.8708,100,
09:37:25,53.91,100,
09:37:25,53.92,200,
09:37:25,53.90,100,
09:37:25,53.91,100,
09:37:26,53.9396,300,
09:37:41,53.92,300,
09:37:52,53.912,500,
09:37:53,53.91,100,
09:37:54,53.92,100,
09:37:54,53.92,300,
09:37:54,53.93,300,
09:37:54,53.9379,200,
09:37:54,53.939,1300,
09:37:56,53.90,100,
09:37:57,53.9083,500,
09:37:57,53.94,100,
09:37:57,53.94,100,
09:37:58,53.95,100,
09:37:59,53.95,300,
09:37:59,53.95,300,
09:37:59,53.96,10800,
09:38:01,53.94,200,
09:38:03,53.93,200,
09:38:03,53.94,100,
09:38:05,53.9399,1000,
09:38:09,53.90,300,
09:38:09,53.90,1000,
09:38:09,53.91,400,
09:38:09,53.91,400,
09:38:12,53.91,900,
09:38:12,53.91,2000,
09:38:13,53.89,100,
09:38:13,53.91,100,
09:38:13,53.91,100,
09:38:15,53.85,200,
09:38:15,53.85,100,
09:38:17,53.88,300,
09:38:17,53.8899,728,
09:38:18,53.89,300,
09:38:18,53.855,700,
09:38:21,53.88,100,
09:38:21,53.88,100,
09:38:21,53.8791,600,
09:38:23,53.8693,100,
09:38:24,53.88,800,
09:38:25,53.8714,200,
09:38:25,53.879,200,
09:38:26,53.8504,1000,
09:38:29,53.864,100,
09:38:30,53.856,100,
09:38:45,53.9299,300,
09:38:47,53.9299,200,
09:38:48,53.90,200,
09:38:51,53.93,100,
09:38:51,53.93,200,
09:38:51,53.93,100,
09:38:52,53.9592,100,
09:38:52,53.92,100,
09:38:52,53.92,300,
09:38:52,53.92,100,
09:38:52,53.92,2000,
09:38:52,53.92,2000,
09:38:54,53.922,100,
09:38:58,53.92,100,
09:39:01,53.8999,1000,
09:39:09,53.90,100,
09:39:11,53.9185,160,
09:39:11,53.919,100,
09:39:17,53.90,200,
09:39:19,53.9281,1000,
09:39:22,53.90,453,
09:39:27,53.861,800,
09:39:27,53.88,100,
09:39:27,53.88,100,
09:39:28,53.89,228,
09:39:28,53.89,200,
09:39:28,53.89,200,
09:39:28,53.89,300,
09:39:29,53.88,200,
09:39:29,53.8799,100,
09:39:29,53.88,1700,
09:39:32,53.8694,1000,
09:39:35,53.85,340,
09:39:35,53.85,300,
09:39:37,53.8414,200,
09:39:38,53.85,300,
09:39:38,53.85,100,
09:39:38,53.86,100,
09:39:41,53.87,200,
09:39:41,53.87,100,
09:39:41,53.87,100,
09:39:41,53.87,100,
09:39:41,53.87,100,
09:39:41,53.87,200,
09:39:41,53.87,100,
09:39:41,53.87,100,
09:39:41,53.87,200,
09:39:42,53.89,400,
09:39:42,53.89,300,
09:39:42,53.89,300,
09:39:42,53.89,200,
09:39:42,53.89,200,
09:39:42,53.89,100,
09:39:42,53.89,200,
09:39:42,53.89,300,
09:39:44,53.89,100,
09:39:44,53.89,100,
09:39:44,53.89,100,
09:39:44,53.89,100,
09:39:44,53.89,200,
09:39:45,53.928,100,
09:39:46,53.90,200,
09:39:48,53.91,100,
09:39:48,53.88,200,
09:39:49,53.88,100,
09:39:50,53.88,100,
09:39:50,53.889,400,
09:39:50,53.889,500,
09:39:53,53.88,100,
09:39:56,53.87,300,
09:39:56,53.8717,1900,
09:39:59,53.84,300,
09:39:59,53.87,300,
09:39:59,53.90,127,
09:39:59,53.90,200,
09:39:59,53.91,100,
09:39:59,53.91,200,
09:40:00,53.89,300,
09:40:03,53.8601,400,
09:40:05,53.82,100,
09:40:06,53.83,300,
09:40:06,53.83,300,
09:40:06,53.83,100,
09:40:06,53.83,100,
09:40:06,53.83,170,
09:40:06,53.86,100,
09:40:07,53.86,100,
09:40:07,53.84,151,
09:40:07,53.8591,300,
09:40:09,53.86,200,
09:40:09,53.86,200,
09:40:16,53.842,100,
09:40:16,53.87,300,
09:40:16,53.88,300,
09:40:17,53.87,200,
09:40:18,53.86,100,
09:40:18,53.87,1200,
09:40:21,53.81,100,
09:40:21,53.80,172,
09:40:22,53.762,360,
09:40:24,53.75,200,
09:40:24,53.75,500,
09:40:24,53.75,100,
09:40:24,53.73,210,
09:40:24,53.75,100,
09:40:24,53.72,300,
09:40:27,53.7301,300,
09:40:29,53.73,100,
09:40:30,53.73,200,
09:40:30,53.73,100,
09:40:30,53.73,200,
09:40:30,53.73,300,
09:40:30,53.73,300,
09:40:30,53.73,200,
09:40:30,53.73,200,
09:40:30,53.73,300,
09:40:33,53.744,500,
09:40:34,53.7301,350,
09:40:37,53.75,300,
09:40:38,53.77,100,
09:40:46,53.82,100,
09:40:48,53.79,200,
09:40:48,53.79,200,
09:40:51,53.7801,100,
09:40:57,53.766,300,
09:40:58,53.73,100,
09:40:59,53.72,500,
09:40:59,53.72,200,
09:41:00,53.72,100,
09:41:00,53.7199,500,
09:41:01,53.72,100,
09:41:01,53.71,500,
09:41:02,53.72,600,
09:41:04,53.69,210,
09:41:04,53.71,200,
09:41:04,53.71,3050,
09:41:04,53.65,100,
09:41:04,53.66,200,
09:41:04,53.67,300,
09:41:04,53.67,100,
09:41:04,53.65,170,
09:41:07,53.6401,300,
09:41:08,53.64,300,
09:41:10,53.64,500,
09:41:12,53.646,300,
09:41:13,53.65,300,
09:41:13,53.65,200,
09:41:13,53.65,100,
09:41:13,53.66,100,
09:41:13,53.66,100,
09:41:13,53.66,200,
09:41:13,53.66,100,
09:41:13,53.64,100,
09:41:13,53.64,150,
09:41:15,53.632,500,
09:41:16,53.6468,200,
09:41:16,53.649,100,
09:41:20,53.6301,500,
09:41:21,53.6313,600,
09:41:22,53.6137,200,
09:41:23,53.64,100,
09:41:23,53.64,100,
09:41:24,53.65,222,
09:41:24,53.66,167,
09:41:25,53.658,279,
09:41:29,53.6799,100,
09:41:29,53.6792,300,
09:41:30,53.6601,500,
09:41:31,53.67,600,
09:41:34,53.72,100,
09:41:34,53.7289,500,
09:41:37,53.74,100,
09:41:38,53.73,100,
09:41:38,53.71,210,
09:41:41,53.74,100,
09:41:42,53.73,100,
09:41:42,53.72,100,
09:41:43,53.71,100,
09:41:46,53.6899,240,
09:41:47,53.688,500,
09:41:48,53.666,250,
09:41:50,53.70,237,
09:41:50,53.70,137,
09:41:57,53.688,610,
09:41:57,53.69,300,
09:41:57,53.6899,300,
09:41:57,53.6899,100,
09:41:57,53.69,300,
09:41:57,53.6899,100,
09:41:57,53.6899,300,
09:41:57,53.6899,300,
09:41:59,53.689,100,
09:41:59,53.6701,1750,
09:42:00,53.686,200,
09:42:02,53.72,100,
09:42:02,53.72,100,
09:42:03,53.67,200,
09:42:05,53.6916,100,
09:42:05,53.699,100,
09:42:17,53.68,100,
09:42:18,53.65,184,
09:42:18,53.694,600,
09:42:18,53.6699,2000,
09:42:21,53.67,100,
09:42:21,53.6945,800,
09:42:22,53.709,100,
09:42:24,53.7152,105,
09:42:45,53.69,210,
09:42:45,53.70,300,
09:42:45,53.70,300,
09:42:45,53.70,300,
09:42:45,53.70,300,
09:42:45,53.70,300,
09:42:45,53.70,300,
09:42:45,53.70,300,
09:42:45,53.70,300,
09:42:45,53.70,300,
09:42:45,53.70,300,
09:42:45,53.72,300,
09:42:45,53.72,300,
09:42:45,53.72,300,
09:42:46,53.685,100,
09:42:51,53.67,1000,
09:42:57,53.7291,1900,
09:42:59,53.7168,200,
09:43:01,53.75,200,
09:43:01,53.76,100,
09:43:01,53.75,200,
09:43:02,53.758,1000,
09:43:04,53.7308,200,
09:43:06,53.72,500,
09:43:09,53.76,300,
09:43:09,53.75,400,
09:43:10,53.7596,100,
09:43:13,53.73,100,
09:43:16,53.7572,200,
09:43:17,53.7584,200,
09:43:20,53.7298,200,
09:43:20,53.739,1500,
09:43:20,53.739,1600,
09:43:21,53.7352,100,
09:43:21,53.74,2000,
09:43:24,53.7468,300,
09:43:24,53.682,100,
09:43:24,53.68,100,
09:43:24,53.682,200,
09:43:24,53.68,200,
09:43:28,53.69,300,
09:43:31,53.6799,2000,
09:43:39,53.6743,150,
09:43:45,53.66,200,
09:43:48,53.64,146,
09:43:48,53.64,154,
09:43:48,53.64,100,
09:43:49,53.62,100,
09:43:49,53.60,300,
09:43:49,53.60,100,
09:43:49,53.61,200,
09:43:49,53.58,100,
09:43:49,53.56,100,
09:43:49,53.58,100,
09:43:49,53.58,300,
09:43:49,53.58,300,
09:43:49,53.58,300,
09:43:49,53.58,1200,
09:43:49,53.52,100,
09:43:49,53.52,100,
09:43:49,53.55,100,
09:43:49,53.51,100,
09:43:49,53.52,100,
09:43:49,53.50,500,
09:43:50,53.50,100,
09:43:50,53.51,200,
09:43:50,53.52,200,
09:43:50,53.52,100,
09:43:50,53.50,400,
09:43:50,53.54,200,
09:43:50,53.54,100,
09:43:50,53.56,300,
09:43:51,53.50,500,
09:43:51,53.51,200,
09:43:51,53.51,300,
09:43:51,53.50,100,
09:43:52,53.49,2330,
09:43:53,53.53,100,
09:43:55,53.548,280,
09:44:00,53.529,300,
09:44:00,53.5154,1000,
09:44:02,53.529,300,
09:44:02,53.529,400,
09:44:03,53.55,300,
09:44:04,53.5499,1500,
09:44:07,53.5999,200,
09:44:08,53.59,100,
09:44:09,53.60,200,
09:44:09,53.5999,300,
09:44:10,53.5945,200,
09:44:12,53.5927,700,
09:44:18,53.6899,200,
09:44:18,53.69,1700,
09:44:22,53.6768,120,
09:44:23,53.656,1200,
09:44:27,53.67,200,
09:44:27,53.68,100,
09:44:28,53.682,1000,
09:44:31,53.64,100,
09:44:32,53.6372,200,
09:44:32,53.639,300,
09:44:32,53.6292,1900,
09:44:35,53.6359,500,
09:44:36,53.62,100,
09:44:36,53.62,300,
09:44:36,53.62,100,
09:44:36,53.61,100,
09:44:37,53.64,100,
09:44:37,53.64,200,
09:44:37,53.66,300,
09:44:38,53.6548,108,
09:44:39,53.69,300,
09:44:39,53.69,400,
09:44:41,53.7089,1900,
09:44:42,53.6801,150,
09:44:45,53.70,400,
09:44:46,53.716,200,
09:44:47,53.6806,800,
09:44:51,53.7199,1000,
09:44:51,53.72,600,
09:44:52,53.718,100,
09:44:53,53.72,100,
09:44:53,53.6992,200,
09:44:55,53.704,478,
09:44:57,53.7016,300,
09:45:00,53.72,100,
09:45:00,53.72,200,
09:45:05,53.7495,900,
09:45:07,53.744,100,
09:45:11,53.7201,250,
09:45:17,53.69,900,
09:45:18,53.72,900,
09:45:19,53.7054,700,
09:45:22,53.7092,150,
09:45:30,53.71,200,
09:45:35,53.6499,100,
09:45:37,53.67,100,
09:45:37,53.67,100,
09:45:37,53.67,100,
09:45:42,53.62,100,
09:45:50,53.62,300,
09:45:50,53.62,300,
09:45:50,53.64,300,
09:45:53,53.6268,1000,
09:45:55,53.6203,100,
09:45:58,53.62,400,
09:45:58,53.62,1000,
09:45:58,53.62,100,
09:45:58,53.62,200,
09:45:58,53.62,500,
09:45:58,53.62,100,
09:45:58,53.62,100,
09:45:58,53.61,300,
09:45:58,53.61,300,
09:46:06,53.60,100,
09:46:06,53.5884,140,
09:46:10,53.61,300,
09:46:10,53.60,100,
09:46:15,53.61,200,
09:46:15,53.6099,1500,
09:46:17,53.66,300,
09:46:17,53.66,300,
09:46:17,53.66,200,
09:46:17,53.67,100,
09:46:17,53.67,100,
09:46:17,53.67,100,
09:46:17,53.67,100,
09:46:17,53.69,300,
09:46:17,53.70,100,
09:46:24,53.6801,100,
09:46:25,53.72,100,
09:46:26,53.70,100,
09:46:26,53.70,100,
09:46:28,53.7199,100,
09:46:32,53.70,215,
09:46:32,53.70,100,
09:46:32,53.70,600,
09:46:32,53.70,500,
09:46:32,53.70,100,
09:46:32,53.68,100,
09:46:32,53.70,200,
09:46:33,53.70,100,
09:46:36,53.70,300,
09:46:37,53.6999,100,
09:46:38,53.6999,100,
09:46:38,53.6999,100,
09:46:38,53.6999,100,
09:46:38,53.6999,100,
09:46:38,53.6999,100,
09:46:38,53.6999,100,
09:46:38,53.6999,100,
09:46:39,53.70,300,
09:46:39,53.6999,100,
09:46:40,53.6952,200,
09:46:41,53.6599,1000,
09:46:50,53.62,100,
09:46:50,53.62,100,
09:46:50,53.62,100,
09:46:53,53.6386,400,
09:46:59,53.65,200,
09:47:00,53.64,200,
09:47:00,53.64,300,
09:47:04,53.65,200,
09:47:08,53.66,100,
09:47:08,53.67,300,
09:47:08,53.68,300,
09:47:08,53.68,1300,
09:47:08,53.65,300,
09:47:08,53.6509,2400,
09:47:09,53.65,300,
09:47:09,53.65,100,
09:47:09,53.65,1010,
09:47:13,53.63,100,
09:47:16,53.64,100,
09:47:16,53.64,200,
09:47:16,53.64,200,
09:47:16,53.64,100,
09:47:16,53.64,200,
09:47:16,53.639,300,
09:47:16,53.639,200,
09:47:16,53.639,400,
09:47:16,53.64,100,
09:47:16,53.64,100,
09:47:16,53.639,100,
09:47:18,53.639,200,
09:47:23,53.66,100,
09:47:23,53.66,100,
09:47:24,53.66,100,
09:47:29,53.66,285,
09:47:29,53.66,1215,
09:47:29,53.66,100,
09:47:30,53.65,200,
09:47:30,53.62,150,
09:47:31,53.63,210,
09:47:31,53.66,300,
09:47:33,53.66,100,
09:47:35,53.642,100,
09:47:36,53.642,100,
09:47:37,53.6814,200,
09:47:37,53.688,285,
09:47:40,53.651,1000,
09:47:46,53.69,300,
09:47:46,53.69,100,
09:47:48,53.66,300,
09:47:48,53.66,100,
09:47:48,53.66,700,
09:47:58,53.68,300,
09:47:58,53.68,691,
09:48:00,53.6711,1100,
09:48:03,53.66,142,
09:48:08,53.65,100,
09:48:08,53.64,200,
09:48:08,53.65,200,
09:48:10,53.68,100,
09:48:18,53.682,500,
09:48:25,53.7185,1800,
09:48:30,53.71,100,
09:48:34,53.714,100,
09:48:35,53.72,600,
09:48:37,53.75,300,
09:48:37,53.75,132,
09:48:37,53.77,100,
09:48:37,53.77,100,
09:48:37,53.77,100,
09:48:37,53.7799,2000,
09:48:40,53.7714,200,
09:48:41,53.76,400,
09:48:41,53.76,200,
09:48:41,53.76,100,
09:48:41,53.80,300,
09:48:42,53.80,200,
09:48:42,53.80,100,
09:48:46,53.8172,1000,
09:48:47,53.80,100,
09:48:47,53.80,200,
09:48:48,53.798,100,
09:48:48,53.798,100,
09:48:48,53.798,100,
09:48:49,53.798,100,
09:48:49,53.798,200,
09:48:49,53.80,100,
09:48:49,53.80,200,
09:48:49,53.80,100,
09:48:50,53.7801,1000,
09:48:58,53.82,100,
09:48:59,53.84,200,
09:49:02,53.87,250,
09:49:03,53.858,900,
09:49:07,53.86,100,
09:49:08,53.8889,1000,
09:49:08,53.87,100,
09:49:08,53.87,300,
09:49:09,53.86,171,
09:49:09,53.8748,100,
09:49:09,53.8641,100,
09:49:09,53.8674,300,
09:49:09,53.8773,129,
09:49:10,53.892,1750,
09:49:10,53.90,500,
09:49:10,53.90,900,
09:49:12,53.90,100,
09:49:13,53.9271,1000,
09:49:14,53.938,100,
09:49:15,53.94,500,
09:49:15,53.94,500,
09:49:15,53.9399,300,
09:49:15,53.9399,500,
09:49:15,53.9399,500,
09:49:15,53.9399,1000,
09:49:16,53.916,900,
09:49:16,53.9396,900,
09:49:20,53.9321,500,
09:49:22,53.91,200,
09:49:22,53.91,400,
09:49:22,53.93,1000,
09:49:24,53.92,300,
09:49:24,53.92,300,
09:49:25,53.95,300,
09:49:25,53.9487,700,
09:49:26,53.95,100,
09:49:27,53.95,1000,
09:49:27,53.96,150,
09:49:27,53.95,100,
09:49:27,53.96,400,
09:49:27,53.9508,100,
09:49:28,53.94,300,
09:49:28,53.94,493,
09:49:30,53.9791,280,
09:49:33,53.96,500,
09:49:35,53.95,200,
09:49:35,53.9499,100,
09:49:36,53.93,300,
09:49:37,53.94,100,
09:49:38,53.95,100,
09:49:38,53.9491,200,
09:49:40,53.936,100,
09:49:43,53.9799,1600,
09:49:43,53.9734,100,
09:49:45,54.01,200,
09:49:45,54,200,
09:49:45,54,100,
09:49:45,54,400,
09:49:45,54,200,
09:49:46,53.984,100,
09:49:47,53.98,100,
09:49:50,53.9943,300,
09:49:50,54,800,
09:49:51,54.02,100,
09:49:52,54.0168,200,
09:49:56,54.0299,100,
09:49:56,54.026,100,
09:49:56,54.029,300,
09:49:57,54.0299,166,
09:49:57,54.0299,100,
09:49:58,54.022,100,
09:49:58,54.029,100,
09:50:01,54.0201,100,
09:50:01,54.03,200,
09:50:01,54.0494,500,
09:50:03,54.0343,250,
09:50:03,54.02,100,
09:50:04,54.02,500,
09:50:05,54.02,150,
09:50:05,54.0001,2000,
09:50:06,54.03,300,
09:50:06,54.04,100,
09:50:06,54.08,100,
09:50:07,54.001,200,
09:50:09,54.0607,750,
09:50:12,54.0486,100,
09:50:13,54.0597,200,
09:50:13,54.06,100,
09:50:13,54.06,100,
09:50:14,54.0517,700,
09:50:19,54.054,750,
09:50:22,54,100,
09:50:22,54,200,
09:50:22,54,100,
09:50:25,54.032,350,
09:50:26,54,100,
09:50:27,53.972,100,
09:50:28,53.96,210,
09:50:28,53.95,500,
09:50:28,53.95,500,
09:50:28,53.95,200,
09:50:28,53.95,300,
09:50:28,53.95,300,
09:50:28,53.95,300,
09:50:30,53.9506,750,
09:50:30,53.95,200,
09:50:31,53.93,200,
09:50:31,53.93,300,
09:50:32,53.92,300,
09:50:32,53.93,240,
09:50:33,53.93,400,
09:50:34,53.956,193,
09:50:38,54.01,100,
09:50:40,53.99,100,
09:50:42,53.9985,500,
09:50:44,53.9814,300,
09:50:46,53.9985,3800,
09:50:46,53.9801,400,
09:50:48,53.96,250,
09:50:51,53.96,210,
09:50:52,53.96,100,
09:50:55,53.9802,200,
09:50:56,54,104,
09:50:56,54.05,400,
09:50:56,54.05,200,
09:50:56,54.05,100,
09:50:56,54.03,200,
09:50:56,54.0414,400,
09:51:02,54.04,500,
09:51:02,54.04,100,
09:51:02,54.04,300,
09:51:04,54.022,400,
09:51:04,54.02,100,
09:51:07,54.04,100,
09:51:07,54.04,100,
09:51:10,54.07,612,
09:51:10,54.09,100,
09:51:10,54.09,162,
09:51:11,54.108,150,
09:51:12,54.12,400,
09:51:12,54.16,100,
09:51:12,54.16,300,
09:51:12,54.16,100,
09:51:12,54.14,100,
09:51:12,54.14,100,
09:51:12,54.14,300,
09:51:16,54.1452,100,
09:51:16,54.144,200,
09:51:19,54.124,700,
09:51:20,54.12,100,
09:51:21,54.1286,200,
09:51:21,54.124,700,
09:51:21,54.124,3000,
09:51:22,54.1009,200,
09:51:26,54.1143,300,
09:51:28,54.0606,800,
09:51:32,54.0655,1000,
09:51:34,54.092,1040,
09:51:35,54.06,300,
09:51:35,54.03,300,
09:51:35,54.03,100,
09:51:35,54.03,100,
09:51:35,54.01,400,
09:51:36,54,250,
09:51:37,54.002,500,
09:51:39,54.0207,500,
09:51:52,54.08,100,
09:51:59,54.11,100,
09:52:01,54.1097,200,
09:52:06,54.11,200,
09:52:06,54.11,100,
09:52:08,54.1198,100,
09:52:09,54.12,500,
09:52:10,54.13,100,
09:52:11,54.1399,200,
09:52:12,54.15,200,
09:52:12,54.14,200,
09:52:14,54.14,800,
09:52:16,54.14,248,
09:52:16,54.1228,200,
09:52:17,54.1413,600,
09:52:22,54.18,200,
09:52:22,54.20,100,
09:52:22,54.19,200,
09:52:22,54.19,156,
09:52:22,54.23,300,
09:52:22,54.21,300,
09:52:22,54.21,700,
09:52:22,54.20,200,
09:52:22,54.20,100,
09:52:22,54.28,190,
09:52:22,54.26,100,
09:52:22,54.23,110,
09:52:22,54.24,100,
09:52:22,54.24,141,
09:52:22,54.26,100,
09:52:22,54.27,200,
09:52:22,54.26,100,
09:52:22,54.17,100,
09:52:22,54.18,468,
09:52:22,54.25,100,
09:52:22,54.25,150,
09:52:22,54.22,100,
09:52:23,54.24,100,
09:52:23,54.25,300,
09:52:23,54.28,800,
09:52:24,54.30,100,
09:52:24,54.26,1000,
09:52:24,54.26,100,
09:52:24,54.26,127,
09:52:24,54.2601,6800,
09:52:25,54.2952,100,
09:52:25,54.30,300,
09:52:25,54.2968,150,
09:52:25,54.30,500,
09:52:27,54.2652,173,
09:52:27,54.30,100,
09:52:28,54.2817,100,
09:52:29,54.26,100,
09:52:29,54.28,165,
09:52:29,54.28,300,
09:52:29,54.28,200,
09:52:30,54.29,900,
09:52:31,54.23,200,
09:52:31,54.23,300,
09:52:31,54.29,100,
09:52:32,54.27,100,
09:52:32,54.2607,100,
09:52:32,54.269,100,
09:52:33,54.24,100,
09:52:33,54.24,210,
09:52:33,54.24,300,
09:52:33,54.24,300,
09:52:33,54.24,300,
09:52:36,54.1886,100,
09:52:37,54.17,100,
09:52:37,54.19,100,
09:52:37,54.17,300,
09:52:37,54.21,100,
09:52:37,54.18,200,
09:52:37,54.20,200,
09:52:37,54.21,100,
09:52:37,54.21,200,
09:52:37,54.21,200,
09:52:37,54.21,100,
09:52:37,54.23,100,
09:52:37,54.23,100,
09:52:37,54.23,100,
09:52:37,54.23,100,
09:52:37,54.2102,100,
09:52:41,54.26,200,
09:52:41,54.26,200,
09:52:41,54.26,100,
09:52:41,54.261,900,
09:52:45,54.2701,100,
09:52:46,54.26,100,
09:52:47,54.25,100,
09:52:49,54.276,200,
09:52:50,54.2583,1100,
09:52:53,54.2992,100,
09:52:54,54.28,100,
09:52:54,54.29,200,
09:52:56,54.2501,200,
09:52:58,54.284,170,
09:53:00,54.26,300,
09:53:00,54.2601,300,
09:53:00,54.25,3100,
09:53:02,54.2601,500,
09:53:04,54.282,150,
09:53:06,54.2501,710,
09:53:06,54.25,2620,
09:53:09,54.242,200,
09:53:10,54.20,200,
09:53:10,54.20,153,
09:53:10,54.20,300,
09:53:12,54.1948,400,
09:53:16,54.22,100,
09:53:16,54.22,300,
09:53:18,54.22,100,
09:53:22,54.24,100,
09:53:22,54.236,100,
09:53:22,54.236,400,
09:53:27,54.2393,1010,
09:53:29,54.208,100,
09:53:30,54.20,300,
09:53:30,54.2001,240,
09:53:30,54.2003,400,
09:53:30,54.20,300,
09:53:35,54.2106,1000,
09:53:38,54.21,100,
09:53:39,54.2243,200,
09:53:42,54.1701,400,
09:53:42,54.20,200,
09:53:43,54.20,800,
09:53:46,54.18,100,
09:53:46,54.18,300,
09:53:49,54.1942,500,
09:53:50,54.20,100,
09:53:53,54.20,200,
09:54:00,54.23,200,
09:54:01,54.24,248,
09:54:03,54.25,100,
09:54:03,54.25,200,
09:54:03,54.25,100,
09:54:03,54.25,200,
09:54:03,54.25,100,
09:54:03,54.25,100,
09:54:03,54.25,100,
09:54:04,54.266,600,
09:54:09,54.2518,100,
09:54:11,54.25,100,
09:54:12,54.24,400,
09:54:13,54.24,200,
09:54:13,54.258,100,
09:54:14,54.27,100,
09:54:14,54.25,100,
09:54:14,54.25,500,
09:54:16,54.258,100,
09:54:16,54.258,250,
09:54:17,54.24,1600,
09:54:17,54.24,11100,
09:54:17,54.24,2500,
09:54:17,54.23,100,
09:54:19,54.20,250,
09:54:22,54.20,100,
09:54:22,54.20,100,
09:54:22,54.15,100,
09:54:22,54.15,100,
09:54:22,54.20,1300,
09:54:22,54.20,200,
09:54:22,54.16,1000,
09:54:24,54.11,100,
09:54:24,54.1001,500,
09:54:25,54.10,200,
09:54:25,54.10,1000,
09:54:26,54.07,300,
09:54:26,54.0527,1000,
09:54:26,54.03,300,
09:54:26,54.02,200,
09:54:26,54.02,600,
09:54:26,54.03,100,
09:54:31,54.1299,100,
09:54:33,54.0848,100,
09:54:35,54.12,100,
09:54:35,54.12,100,
09:54:35,54.12,100,
09:54:35,54.14,300,
09:54:35,54.14,200,
09:54:44,54.15,210,
09:54:44,54.15,100,
09:54:45,54.10,800,
09:54:52,54.10,500,
09:54:52,54.09,293,
09:54:53,54.1186,100,
09:54:53,54.12,300,
09:54:59,54.12,300,
09:54:59,54.13,400,
09:55:00,54.19,100,
09:55:00,54.19,178,
09:55:00,54.18,300,
09:55:00,54.17,100,
09:55:00,54.16,200,
09:55:00,54.16,300,
09:55:00,54.16,200,
09:55:01,54.20,1100,
09:55:01,54.23,300,
09:55:01,54.23,300,
09:55:01,54.23,300,
09:55:01,54.23,100,
09:55:01,54.23,208,
09:55:01,54.24,100,
09:55:04,54.226,500,
09:55:07,54.24,100,
09:55:08,54.26,100,
09:55:11,54.27,200,
09:55:11,54.27,1400,
09:55:11,54.28,100,
09:55:12,54.26,400,
09:55:12,54.26,200,
09:55:13,54.25,300,
09:55:13,54.25,300,
09:55:15,54.25,200,
09:55:17,54.25,100,
09:55:17,54.25,100,
09:55:17,54.25,500,
09:55:17,54.25,100,
09:55:17,54.25,200,
09:55:17,54.25,200,
09:55:17,54.25,100,
09:55:17,54.25,2000,
09:55:22,54.231,100,
09:55:22,54.231,100,
09:55:23,54.26,100,
09:55:24,54.2817,1200,
09:55:26,54.2814,400,
09:55:28,54.281,2400,
09:55:28,54.281,1500,
09:55:28,54.30,100,
09:55:29,54.282,1200,
09:55:31,54.2914,400,
09:55:31,54.314,200,
09:55:36,54.30,300,
09:55:37,54.2999,920,
09:55:42,54.3001,500,
09:55:44,54.3099,300,
09:55:48,54.281,500,
09:55:49,54.26,100,
09:55:51,54.20,500,
09:55:51,54.20,210,
09:55:51,54.20,1100,
09:55:51,54.19,1700,
09:55:54,54.23,100,
09:55:54,54.23,100,
09:55:57,54.23,150,
09:56:10,54.3092,200,
09:56:11,54.32,100,
09:56:12,54.33,200,
09:56:12,54.36,100,
09:56:12,54.36,300,
09:56:13,54.34,100,
09:56:13,54.36,1200,
09:56:14,54.34,100,
09:56:14,54.35,100,
09:56:14,54.321,600,
09:56:14,54.32,550,
09:56:17,54.323,1700,
09:56:18,54.3501,300,
09:56:19,54.35,200,
09:56:22,54.32,400,
09:56:23,54.331,100,
09:56:25,54.36,100,
09:56:27,54.3083,1000,
09:56:32,54.306,500,
09:56:35,54.28,200,
09:56:35,54.28,100,
09:56:35,54.271,400,
09:56:35,54.261,100,
09:56:36,54.28,100,
09:56:50,54.25,250,
09:56:53,54.2408,150,
09:56:53,54.241,100,
09:56:56,54.242,100,
09:57:01,54.2406,1700,
09:57:03,54.26,400,
09:57:07,54.26,100,
09:57:10,54.252,400,
09:57:19,54.25,100,
09:57:22,54.231,160,
09:57:22,54.231,100,
09:57:23,54.232,200,
09:57:29,54.20,500,
09:57:30,54.2286,200,
09:57:36,54.19,1400,
09:57:37,54.20,400,
09:57:37,54.20,350,
09:57:38,54.22,100,
09:57:38,54.22,300,
09:57:38,54.22,100,
09:57:38,54.22,200,
09:57:39,54.22,100,
09:57:40,54.214,1400,
09:57:42,54.232,1000,
09:57:45,54.19,200,
09:57:46,54.15,300,
09:57:46,54.20,100,
09:57:47,54.16,2000,
09:57:56,54.20,200,
09:58:02,54.20,200,
09:58:03,54.22,100,
09:58:04,54.2199,100,
09:58:05,54.2048,150,
09:58:32,54.2417,1000,
09:58:33,54.20,100,
09:58:33,54.20,200,
09:58:35,54.20,100,
09:58:35,54.19,300,
09:58:35,54.19,500,
09:58:35,54.1901,100,
09:58:35,54.1901,200,
09:58:35,54.1901,300,
09:58:56,54.226,100,
09:59:00,54.2685,5530,
09:59:09,54.2768,125,
09:59:13,54.22,192,
09:59:13,54.23,100,
09:59:29,54.201,1600,
09:59:29,54.201,1700,
09:59:29,54.203,500,
09:59:32,54.22,100,
09:59:32,54.1914,100,
09:59:33,54.18,600,
09:59:33,54.1848,200,
09:59:34,54.20,100,
09:59:35,54.15,200,
09:59:35,54.184,600,
09:59:40,54.15,200,
09:59:41,54.1502,200,
09:59:42,54.15,292,
09:59:42,54.15,100,
09:59:44,54.154,100,
09:59:45,54.1348,100,
09:59:48,54.111,100,
09:59:48,54.11,100,
09:59:48,54.05,100,
09:59:48,54.05,300,
09:59:48,54.05,100,
09:59:48,54.02,300,
09:59:48,54.05,100,
09:59:48,54.05,300,
09:59:48,54.05,200,
09:59:48,54.04,146,
09:59:48,54.04,100,
09:59:48,54.04,300,
09:59:48,54.04,154,
09:59:48,54.03,246,
09:59:48,53.99,180,
09:59:49,54,100,
09:59:49,54.06,400,
09:59:49,54.01,100,
09:59:49,54.01,100,
09:59:49,54,3000,
09:59:50,53.99,100,
09:59:51,53.97,117,
09:59:51,53.9564,250,
09:59:52,53.952,100,
09:59:53,54.02,200,
09:59:53,54.02,200,
09:59:58,53.994,500,
10:00:02,54.0586,100,
10:00:04,54.0499,200,
10:00:05,54.05,100,
10:00:08,54.07,200,
10:00:08,54.09,190,
10:00:16,54.11,100,
10:00:19,54.16,300,
10:00:23,54.086,200,
10:00:27,54.0848,150,
10:00:32,54.07,100,
10:00:35,54.08,100,
10:00:46,54.07,100,
10:00:52,54.0638,504,
10:00:59,54.072,200,
10:01:08,54.061,385,
10:01:09,54.09,100,
10:01:09,54.10,100,
10:01:19,54.1114,100,
10:01:19,54.1396,300,
10:01:19,54.14,100,
10:01:20,54.14,100,
10:01:20,54.16,100,
10:01:20,54.16,115,
10:01:21,54.1599,200,
10:01:27,54.16,200,
10:01:28,54.14,100,
10:01:34,54.12,100,
10:01:36,54.10,160,
10:01:41,54.104,400,
10:01:49,54.0814,100,
10:01:58,54.12,300,
10:01:58,54.13,134,
10:02:01,54.176,1000,
10:02:01,54.15,300,
10:02:06,54.15,100,
10:02:06,54.15,200,
10:02:06,54.15,100,
10:02:06,54.14,100,
10:02:06,54.14,100,
10:02:06,54.12,100,
10:02:07,54.12,100,
10:02:07,54.12,100,
10:02:07,54.1199,100,
10:02:07,54.1199,100,
10:02:07,54.1199,140,
10:02:07,54.11,120,
10:02:07,54.1199,100,
10:02:08,54.1199,600,
10:02:11,54.13,200,
10:02:11,54.13,100,
10:02:18,54.0992,200,
10:02:18,54.08,200,
10:02:20,54.05,100,
10:02:21,53.98,100,
10:02:23,53.9801,133,
10:02:23,53.97,100,
10:02:23,53.96,2714,
10:02:26,53.94,100,
10:02:26,53.94,100,
10:02:27,53.941,5530,
10:02:28,53.92,2000,
10:02:28,53.9151,100,
10:02:28,53.911,970,
10:02:28,53.911,700,
10:02:29,53.91,800,
10:02:29,53.91,550,
10:02:30,53.9232,254,
10:02:32,53.9294,867,
10:02:34,53.90,210,
10:02:34,53.91,100,
10:02:34,53.91,400,
10:02:34,53.90,100,
10:02:34,53.90,100,
10:02:34,53.87,100,
10:02:34,53.91,100,
10:02:35,53.91,1400,
10:02:35,53.91,1000,
10:02:35,53.95,100,
10:02:38,53.98,100,
10:02:38,53.96,100,
10:02:38,53.9427,900,
10:02:39,53.96,100,
10:02:39,53.95,200,
10:02:39,53.96,300,
10:02:39,53.98,200,
10:02:39,53.99,300,
10:02:39,54,400,
10:02:39,53.99,500,
10:02:39,53.99,179,
10:02:39,54.01,100,
10:02:39,54.02,100,
10:02:46,53.992,250,
10:02:49,54.01,100,
10:02:54,54.03,400,
10:02:54,54.02,300,
10:02:59,54.036,100,
10:03:05,54.03,200,
10:03:07,54.04,100,
10:03:11,54.07,100,
10:03:11,54.07,100,
10:03:11,54.07,100,
10:03:16,54.0538,100,
10:03:26,54.022,300,
10:03:29,54.02,100,
10:03:36,54.0283,500,
10:03:42,54.048,400,
10:03:42,54.04,100,
10:03:47,54.004,150,
10:03:49,53.964,700,
10:03:51,53.9801,2000,
10:04:06,54.03,500,
10:04:06,54.03,100,
10:04:10,54.04,100,
10:04:10,54.04,100,
10:04:10,54.04,400,
10:04:10,54.04,646,
10:04:10,54.05,100,
10:04:10,54.05,200,
10:04:10,54.05,100,
10:04:10,54.04,100,
10:04:10,54.05,200,
10:04:10,54.08,152,
10:04:10,54.07,200,
10:04:10,54.08,100,
10:04:10,54.06,132,
10:04:11,54.08,100,
10:04:12,54.03,300,
10:04:13,54.0417,1900,
10:04:14,54.0373,1000,
10:04:15,54.02,553,
10:04:15,54.02,200,
10:04:15,54.02,547,
10:04:15,54.01,500,
10:04:15,54,100,
10:04:16,54.01,100,
10:04:17,54.02,100,
10:04:23,54.03,300,
10:04:32,54.021,100,
10:04:33,54.02,100,
10:04:36,54.002,500,
10:04:40,53.99,300,
10:04:41,54,200,
10:04:43,53.99,2000,
10:04:44,53.96,200,
10:04:44,53.96,198,
10:04:44,53.96,100,
10:04:44,53.96,100,
10:04:45,53.96,200,
10:04:45,53.95,100,
10:04:46,53.96,100,
10:04:46,53.96,200,
10:04:46,53.98,300,
10:04:46,53.98,100,
10:04:46,53.98,100,
10:04:46,53.98,300,
10:04:47,53.98,150,
10:04:55,53.93,400,
10:04:55,53.931,200,
10:04:56,53.936,600,
10:04:56,53.954,400,
10:04:58,53.85,210,
10:04:58,53.84,300,
10:04:58,53.83,300,
10:04:58,53.82,200,
10:04:58,53.80,100,
10:04:58,53.80,100,
10:04:58,53.82,200,
10:04:58,53.86,100,
10:04:59,53.82,300,
10:04:59,53.8117,100,
10:04:59,53.8105,100,
10:04:59,53.84,200,
10:04:59,53.84,100,
10:04:59,53.84,500,
10:05:00,53.84,100,
10:05:02,53.8486,200,
10:05:07,53.8725,100,
10:05:09,53.86,100,
10:05:12,53.84,180,
10:05:17,53.84,100,
10:05:17,53.84,500,
10:05:18,53.87,400,
10:05:28,53.86,100,
10:05:30,53.8999,200,
10:05:32,53.92,197,
10:05:32,53.92,100,
10:05:32,53.92,200,
10:05:40,53.9099,100,
10:05:40,53.9099,150,
10:05:53,53.8843,400,
10:05:53,53.86,100,
10:05:53,53.84,200,
10:05:54,53.82,100,
10:05:55,53.82,200,
10:05:56,53.84,135,
10:05:57,53.84,100,
10:05:57,53.8499,100,
10:05:57,53.8499,100,
10:05:57,53.85,300,
10:05:57,53.84,300,
10:05:57,53.85,300,
10:05:57,53.85,300,
10:05:57,53.8499,300,
10:05:57,53.8499,100,
10:05:57,53.8499,300,
10:05:57,53.85,265,
10:05:57,53.84,300,
10:05:57,53.86,400,
10:06:02,53.821,400,
10:06:03,53.822,500,
10:06:05,53.83,100,
10:06:06,53.84,300,
10:06:09,53.86,100,
10:06:09,53.8614,100,
10:06:11,53.84,100,
10:06:11,53.84,100,
10:06:17,53.8893,900,
10:06:44,53.8892,150,
10:06:57,53.96,100,
10:06:59,53.98,300,
10:07:00,54,100,
10:07:00,54,600,
10:07:00,54,100,
10:07:03,54.02,210,
10:07:03,54.0099,100,
10:07:04,54.03,198,
10:07:04,54.05,200,
10:07:04,54.03,100,
10:07:04,54.02,100,
10:07:04,54.02,100,
10:07:04,54.02,100,
10:07:04,54.02,300,
10:07:05,54.02,100,
10:07:05,54.02,100,
10:07:05,54.028,100,
10:07:05,54.028,630,
10:07:05,54.04,200,
10:07:05,54.04,100,
10:07:05,54.06,100,
10:07:06,54.058,100,
10:07:06,54.04,100,
10:07:06,54.04,100,
10:07:07,54.0528,1000,
10:07:09,54.056,100,
10:07:10,54.07,200,
10:07:13,54.08,100,
10:07:13,54.08,200,
10:07:13,54.078,100,
10:07:13,54.078,100,
10:07:13,54.09,100,
10:07:13,54.10,100,
10:07:13,54.09,100,
10:07:13,54.10,1000,
10:07:17,54.0807,100,
10:07:18,54.13,400,
10:07:18,54.1208,100,
10:07:18,54.1228,100,
10:07:18,54.1101,100,
10:07:18,54.11,3800,
10:07:23,54.13,400,
10:07:26,54.09,100,
10:07:26,54.0772,1000,
10:07:29,54.04,300,
10:07:29,54.04,109,
10:07:29,54.04,200,
10:07:30,54.05,100,
10:07:36,54.07,300,
10:07:37,54.0968,200,
10:07:38,54.09,100,
10:07:44,54.086,1000,
10:07:47,54.15,100,
10:07:47,54.1501,800,
10:07:48,54.144,100,
10:07:48,54.1719,700,
10:07:48,54.18,100,
10:07:48,54.18,100,
10:07:48,54.18,170,
10:07:48,54.18,100,
10:07:48,54.18,400,
10:07:48,54.20,100,
10:07:48,54.20,283,
10:07:48,54.19,400,
10:07:48,54.20,100,
10:07:48,54.19,100,
10:07:48,54.20,100,
10:07:49,54.20,100,
10:07:49,54.20,100,
10:07:49,54.21,100,
10:07:49,54.21,100,
10:07:52,54.20,100,
10:07:53,54.2093,1000,
10:07:55,54.218,500,
10:07:55,54.22,100,
10:07:55,54.22,100,
10:07:55,54.24,100,
10:07:55,54.22,300,
10:07:57,54.24,100,
10:07:57,54.24,100,
10:07:58,54.2021,100,
10:08:00,54.24,1000,
10:08:00,54.19,100,
10:08:02,54.13,100,
10:08:03,54.08,210,
10:08:03,54.08,100,
10:08:03,54.08,100,
10:08:03,54.07,100,
10:08:03,54.07,800,
10:08:03,54.07,110,
10:08:05,54.06,300,
10:08:05,54.06,100,
10:08:06,54.0706,900,
10:08:09,54.14,300,
10:08:14,54.17,100,
10:08:17,54.21,2900,
10:08:18,54.24,100,
10:08:18,54.24,177,
10:08:18,54.24,177,
10:08:18,54.24,100,
10:08:21,54.2257,400,
10:08:21,54.24,100,
10:08:23,54.24,600,
10:08:23,54.22,100,
10:08:24,54.229,100,
10:08:24,54.24,100,
10:08:24,54.18,100,
10:08:25,54.1508,300,
10:08:28,54.15,500,
10:08:28,54.15,100,
10:08:28,54.15,100,
10:08:28,54.15,100,
10:08:28,54.17,100,
10:08:28,54.17,300,
10:08:28,54.17,600,
10:08:28,54.17,100,
10:08:28,54.16,100,
10:08:28,54.16,300,
10:08:29,54.14,100,
10:08:29,54.141,500,
10:08:29,54.141,600,
10:08:30,54.15,100,
10:08:30,54.15,300,
10:08:31,54.14,100,
10:08:31,54.14,427,
10:08:35,54.104,600,
10:08:38,54.15,300,
10:08:38,54.15,300,
10:08:38,54.14,200,
10:08:39,54.12,300,
10:08:45,54.14,100,
10:08:45,54.14,100,
10:08:47,54.11,171,
10:08:47,54.10,200,
10:08:47,54.09,100,
10:08:48,54.07,100,
10:08:48,54.08,200,
10:08:48,54.05,111,
10:08:48,54.06,200,
10:08:48,54.06,300,
10:08:48,54.07,300,
10:08:49,54.04,300,
10:08:49,54.07,100,
10:08:50,53.99,100,
10:08:50,54,100,
10:08:50,54,100,
10:08:50,53.99,2200,
10:08:50,53.98,100,
10:08:50,53.98,200,
10:08:50,53.98,200,
10:08:50,53.98,100,
10:08:50,53.98,100,
10:08:50,53.9999,700,
10:08:50,53.9992,100,
10:08:50,53.9976,100,
10:08:54,54,188,
10:08:54,54,100,
10:08:55,54.02,300,
10:08:55,54.04,100,
10:08:55,54.08,100,
10:08:55,54.07,100,
10:08:57,54.0601,100,
10:08:58,54.06,300,
10:08:58,54.04,100,
10:09:02,54.07,100,
10:09:02,54.09,100,
10:09:09,54.1201,100,
10:09:09,54.11,700,
10:09:24,54.07,100,
10:09:26,54.12,200,
10:09:31,54.1201,100,
10:09:31,54.11,100,
10:09:32,54.13,210,
10:09:32,54.12,300,
10:09:32,54.12,100,
10:09:32,54.1301,100,
10:09:32,54.1301,100,
10:09:32,54.13,300,
10:09:32,54.13,100,
10:09:37,54.11,166,
10:09:42,54.09,100,
10:09:43,54.10,100,
10:09:43,54.10,100,
10:09:53,54.13,100,
10:09:53,54.13,100,
10:09:53,54.15,100,
10:09:53,54.17,100,
10:09:53,54.17,100,
10:09:53,54.17,100,
10:09:53,54.18,300,
10:09:53,54.14,100,
10:09:57,54.16,100,
10:09:58,54.20,162,
10:09:58,54.1865,100,
10:10:02,54.2199,2300,
10:10:08,54.1801,900,
10:10:11,54.22,100,
10:10:12,54.20,160,
10:10:16,54.22,100,
10:10:18,54.20,200,
10:10:18,54.20,100,
10:10:18,54.19,100,
10:10:23,54.19,100,
10:10:25,54.194,1000,
10:10:28,54.15,100,
10:10:32,54.13,200,
10:10:34,54.1187,500,
10:10:35,54.15,100,
10:10:35,54.1499,400,
10:10:38,54.13,100,
10:10:38,54.1309,400,
10:10:39,54.134,500,
10:10:41,54.13,100,
10:10:42,54.10,100,
10:10:46,54.08,100,
10:10:46,54.07,300,
10:10:46,54.09,300,
10:10:54,54.13,100,
10:10:55,54.12,200,
10:10:55,54.1027,1500,
10:10:56,54.12,100,
10:10:56,54.13,500,
10:11:00,54.124,500,
10:11:03,54.1201,3300,
10:11:09,54.1305,100,
10:11:11,54.12,100,
10:11:16,54.1201,150,
10:11:18,54.11,100,
10:11:18,54.09,100,
10:11:21,54.01,188,
10:11:21,54.01,100,
10:11:21,54.03,100,
10:11:26,54.0101,600,
10:11:29,54.03,900,
10:11:30,53.99,1000,
10:11:30,53.99,500,
10:11:30,53.97,100,
10:11:30,53.96,100,
10:11:30,53.9614,100,
10:11:30,53.97,100,
10:11:31,53.97,200,
10:11:31,53.94,500,
10:11:31,53.94,100,
10:11:33,53.91,100,
10:11:33,53.929,1000,
10:11:45,53.9414,100,
10:11:46,53.99,100,
10:11:46,53.99,200,
10:11:46,54,200,
10:11:46,54.01,100,
10:11:46,54.03,100,
10:11:47,53.99,104,
10:11:47,53.99,100,
10:11:48,53.9706,1000,
10:11:53,53.966,600,
10:11:57,53.97,100,
10:11:57,53.97,100,
10:12:00,53.969,100,
10:12:03,53.9648,100,
10:12:06,53.93,1000,
10:12:08,53.90,2000,
10:12:08,53.91,200,
10:12:08,53.91,100,
10:12:08,53.91,100,
10:12:09,53.914,100,
10:12:11,53.9293,500,
10:12:12,53.906,200,
10:12:12,53.95,133,
10:12:13,53.98,300,
10:12:13,53.98,100,
10:12:13,53.971,300,
10:12:14,53.95,100,
10:12:14,53.93,200,
10:12:17,53.9043,200,
10:12:18,53.93,130,
10:12:18,53.93,100,
10:12:18,53.906,400,
10:12:21,53.93,100,
10:12:25,53.9327,500,
10:12:30,53.944,500,
10:12:32,53.9499,1000,
10:12:40,53.89,100,
10:12:45,53.884,300,
10:12:51,53.924,1300,
10:12:54,53.926,400,
10:12:55,53.93,100,
10:12:55,53.92,200,
10:12:56,53.9499,200,
10:12:56,53.96,1500,
10:12:58,53.94,300,
10:12:58,53.95,100,
10:12:59,53.9493,500,
10:13:00,53.936,200,
10:13:04,53.93,300,
10:13:04,53.93,126,
10:13:04,53.94,300,
10:13:06,53.95,100,
10:13:06,53.95,500,
10:13:06,53.95,100,
10:13:06,53.96,300,
10:13:06,53.97,300,
10:13:06,53.97,100,
10:13:06,53.97,220,
10:13:14,53.95,183,
10:13:24,53.97,138,
10:13:32,53.95,100,
10:13:38,53.95,100,
10:13:40,53.941,100,
10:13:40,53.9543,100,
10:13:42,53.944,600,
10:13:46,53.9048,100,
10:13:46,53.901,200,
10:13:48,53.892,100,
10:13:52,53.9097,100,
10:13:55,53.88,100,
10:13:55,53.87,100,
10:13:56,53.85,100,
10:13:56,53.85,100,
10:13:57,53.8659,1000,
10:14:02,53.8586,300,
10:14:04,53.8672,500,
10:14:10,53.88,100,
10:14:10,53.87,200,
10:14:10,53.87,100,
10:14:10,53.87,200,
10:14:10,53.87,991,
10:14:11,53.84,100,
10:14:12,53.85,100,
10:14:21,53.8532,100,
10:14:30,53.8487,600,
10:14:34,53.80,300,
10:14:34,53.79,100,
10:14:34,53.78,200,
10:14:34,53.77,100,
10:14:34,53.77,200,
10:14:34,53.77,200,
10:14:34,53.75,100,
10:14:34,53.75,100,
10:14:34,53.80,100,
10:14:34,53.80,100,
10:14:34,53.80,100,
10:14:34,53.80,100,
10:14:34,53.75,100,
10:14:34,53.75,100,
10:14:34,53.75,100,
10:14:34,53.73,100,
10:14:34,53.75,100,
10:14:34,53.75,100,
10:14:34,53.75,100,
10:14:35,53.7228,200,
10:14:36,53.721,250,
10:14:37,53.71,100,
10:14:37,53.73,400,
10:14:37,53.7568,100,
10:14:37,53.759,1400,
10:14:38,53.73,100,
10:14:38,53.73,100,
10:14:39,53.7255,500,
10:14:39,53.7201,1000,
10:14:40,53.7201,100,
10:14:40,53.70,1550,
10:14:43,53.72,100,
10:14:45,53.76,100,
10:14:45,53.74,175,
10:14:45,53.75,168,
10:14:45,53.76,100,
10:14:50,53.74,100,
10:14:50,53.74,100,
10:14:51,53.73,400,
10:14:51,53.70,390,
10:14:53,53.7106,500,
10:14:59,53.7286,250,
10:15:02,53.70,1000,
10:15:03,53.7005,500,
10:15:05,53.72,100,
10:15:11,53.72,100,
10:15:15,53.702,130,
10:15:16,53.72,100,
10:15:16,53.72,200,
10:15:16,53.72,100,
10:15:16,53.72,100,
10:15:18,53.75,100,
10:15:18,53.75,200,
10:15:19,53.732,200,
10:15:19,53.7605,1000,
10:15:19,53.7801,300,
10:15:19,53.7801,300,
10:15:19,53.78,300,
10:15:19,53.7801,400,
10:15:19,53.78,400,
10:15:19,53.7801,400,
10:15:19,53.78,100,
10:15:19,53.78,100,
10:15:20,53.75,100,
10:15:20,53.75,207,
10:15:21,53.7568,150,
10:15:22,53.7599,100,
10:15:23,53.77,100,
10:15:28,53.80,100,
10:15:28,53.77,100,
10:15:29,53.78,100,
10:15:29,53.7973,1000,
10:15:33,53.77,100,
10:15:33,53.77,100,
10:15:33,53.77,100,
10:15:33,53.77,100,
10:15:33,53.77,100,
10:15:33,53.77,100,
10:15:34,53.77,200,
10:15:34,53.77,155,
10:15:38,53.80,100,
10:15:43,53.83,100,
10:15:43,53.83,100,
10:15:46,53.81,100,
10:15:46,53.8122,100,
10:15:47,53.82,100,
10:15:47,53.82,200,
10:15:48,53.82,200,
10:15:48,53.82,200,
10:15:51,53.80,100,
10:15:51,53.81,100,
10:15:51,53.81,100,
10:15:51,53.82,200,
10:15:52,53.82,220,
10:15:52,53.8249,2300,
10:15:52,53.8034,100,
10:15:52,53.801,1200,
10:15:52,53.801,1100,
10:15:55,53.80,900,
10:16:00,53.8199,100,
10:16:00,53.8199,150,
10:16:00,53.818,1500,
10:16:02,53.8143,300,
10:16:07,53.8145,2500,
10:16:09,53.84,230,
10:16:14,53.84,150,
10:16:17,53.90,200,
10:16:17,53.91,100,
10:16:17,53.92,100,
10:16:17,53.93,100,
10:16:18,53.94,100,
10:16:18,53.96,100,
10:16:20,53.96,100,
10:16:20,53.97,400,
10:16:22,53.96,100,
10:16:22,53.96,200,
10:16:22,53.94,100,
10:16:27,54,400,
10:16:33,53.9227,880,
10:16:34,53.9241,1000,
10:16:37,53.90,200,
10:16:37,53.90,100,
10:16:37,53.91,100,
10:16:38,53.8799,300,
10:16:40,53.88,400,
10:16:43,53.89,100,
10:16:45,53.89,100,
10:16:47,53.94,100,
10:16:48,53.89,100,
10:16:59,53.8994,1000,
10:17:04,53.88,100,
10:17:06,53.87,459,
10:17:06,53.87,1000,
10:17:09,53.84,100,
10:17:11,53.85,100,
10:17:16,53.86,300,
10:17:20,53.8573,1000,
10:17:39,53.8157,200,
10:17:42,53.83,300,
10:17:45,53.90,100,
10:17:45,53.90,130,
10:17:45,53.90,100,
10:17:47,53.88,100,
10:17:47,53.88,100,
10:17:53,53.91,100,
10:17:54,53.90,200,
10:17:54,53.90,100,
10:18:03,53.901,250,
10:18:11,53.96,900,
10:18:15,53.99,100,
10:18:15,53.99,100,
10:18:15,53.99,100,
10:18:15,53.99,100,
10:18:17,53.9973,907,
10:18:19,53.99,100,
10:18:19,53.99,500,
10:18:19,53.99,200,
10:18:19,53.99,200,
10:18:19,54,1400,
10:18:19,54,150,
10:18:20,54.004,500,
10:18:32,53.99,300,
10:18:35,53.98,100,
10:18:39,53.98,600,
10:18:42,53.982,100,
10:18:42,53.982,100,
10:18:42,54.0082,100,
10:18:42,54.01,200,
10:18:49,54.01,100,
10:18:56,54.02,100,
10:18:56,54.02,100,
10:18:57,54.0364,100,
10:18:57,54.039,100,
10:18:58,54.038,500,
10:18:59,54.04,200,
10:19:02,54.0052,200,
10:19:04,54.007,500,
10:19:09,54,100,
10:19:09,53.97,100,
10:19:09,53.94,100,
10:19:09,53.93,200,
10:19:09,53.93,100,
10:19:11,53.93,100,
10:19:13,53.942,100,
10:19:13,53.92,100,
10:19:20,53.94,300,
10:19:31,54,150,
10:19:37,53.9495,500,
10:19:50,53.8802,100,
10:19:50,53.88,200,
10:19:54,53.8201,200,
10:19:55,53.78,400,
10:19:57,53.80,100,
10:19:57,53.79,300,
10:20:00,53.792,100,
10:20:01,53.75,100,
10:20:03,53.7748,200,
10:20:09,53.814,1000,
10:20:22,53.898,900,
10:20:24,53.91,300,
10:20:24,53.9089,100,
10:20:36,53.89,100,
10:20:36,53.91,500,
10:20:36,53.91,500,
10:20:36,53.91,200,
10:20:36,53.91,100,
10:20:36,53.91,800,
10:20:36,53.91,100,
10:20:36,53.91,100,
10:20:36,53.91,200,
10:20:36,53.91,600,
10:20:36,53.92,500,
10:20:36,53.91,2000,
10:20:36,53.91,900,
10:20:36,53.91,100,
10:20:36,53.94,292,
10:20:36,53.909,100,
10:20:37,53.956,100,
10:20:42,53.94,135,
10:20:50,53.9801,100,
10:20:54,53.97,500,
10:20:54,53.97,100,
10:20:54,53.97,100,
10:20:58,53.9401,100,
10:20:59,53.9401,2600,
10:21:02,53.906,1000,
10:21:02,53.93,200,
10:21:02,53.93,100,
10:21:02,53.9399,100,
10:21:02,53.94,100,
10:21:02,53.94,200,
10:21:02,53.94,100,
10:21:02,53.94,100,
10:21:02,53.94,200,
10:21:02,53.94,300,
10:21:04,53.93,400,
10:21:16,54,100,
10:21:16,54,200,
10:21:16,54,300,
10:21:26,54,4900,
10:21:37,53.96,100,
10:21:58,54.02,300,
10:21:58,54.01,200,
10:22:18,53.97,200,
10:22:21,53.95,100,
10:22:26,53.96,111,
10:22:51,53.9203,100,
10:22:51,53.92,200,
10:23:00,53.88,100,
10:23:00,53.88,100,
10:23:00,53.86,100,
10:23:04,53.84,100,
10:23:11,53.85,100,
10:23:11,53.85,100,
10:23:14,53.84,200,
10:23:14,53.84,200,
10:23:14,53.84,100,
10:23:14,53.84,200,
10:23:14,53.84,300,
10:23:14,53.84,200,
10:23:14,53.83,335,
10:23:14,53.83,500,
10:23:14,53.83,165,
10:23:14,53.82,100,
10:23:14,53.84,100,
10:23:14,53.80,300,
10:23:15,53.79,300,
10:23:15,53.84,100,
10:23:15,53.80,200,
10:23:15,53.80,100,
10:23:15,53.79,700,
10:23:15,53.8032,100,
10:23:15,53.7991,100,
10:23:16,53.79,100,
10:23:17,53.7828,100,
10:23:17,53.7564,600,
10:23:20,53.75,100,
10:23:23,53.76,100,
10:23:26,53.7792,500,
10:23:29,53.7729,200,
10:23:32,53.7769,100,
10:23:37,53.79,137,
10:23:37,53.77,100,
10:23:37,53.791,1763,
10:23:41,53.79,200,
10:23:45,53.81,200,
10:23:54,53.7508,200,
10:23:57,53.74,500,
10:23:57,53.74,500,
10:23:57,53.74,210,
10:23:57,53.74,200,
10:23:57,53.74,200,
10:23:59,53.75,198,
10:24:03,53.71,200,
10:24:04,53.73,100,
10:24:07,53.74,300,
10:24:07,53.74,1000,
10:24:08,53.65,100,
10:24:08,53.65,200,
10:24:08,53.70,100,
10:24:08,53.6905,1000,
10:24:12,53.6501,300,
10:24:13,53.63,500,
10:24:13,53.6473,500,
10:24:15,53.65,200,
10:24:15,53.62,100,
10:24:15,53.63,200,
10:24:16,53.63,800,
10:24:17,53.58,100,
10:24:17,53.60,100,
10:24:17,53.60,200,
10:24:17,53.60,300,
10:24:17,53.60,100,
10:24:17,53.62,100,
10:24:17,53.60,300,
10:24:19,53.62,900,
10:24:22,53.5908,100,
10:24:23,53.58,200,
10:24:23,53.58,100,
10:24:25,53.599,150,
10:24:26,53.60,400,
10:24:27,53.60,100,
10:24:28,53.60,300,
10:24:28,53.60,500,
10:24:28,53.57,250,
10:24:30,53.599,500,
10:24:31,53.55,100,
10:24:31,53.52,210,
10:24:31,53.52,159,
10:24:31,53.53,500,
10:24:31,53.54,100,
10:24:31,53.51,100,
10:24:31,53.51,100,
10:24:31,53.51,100,
10:24:31,53.47,200,
10:24:31,53.51,600,
10:24:31,53.51,300,
10:24:31,53.51,300,
10:24:31,53.51,200,
10:24:31,53.54,200,
10:24:31,53.50,100,
10:24:31,53.50,200,
10:24:31,53.50,310,
10:24:31,53.49,100,
10:24:31,53.50,300,
10:24:31,53.50,100,
10:24:31,53.50,150,
10:24:32,53.51,300,
10:24:32,53.51,200,
10:24:32,53.51,100,
10:24:32,53.51,300,
10:24:32,53.51,300,
10:24:32,53.51,300,
10:24:32,53.51,300,
10:24:32,53.50,300,
10:24:32,53.50,300,
10:24:32,53.50,300,
10:24:32,53.50,300,
10:24:33,53.52,100,
10:24:34,53.5027,1200,
10:24:34,53.49,100,
10:24:34,53.49,100,
10:24:34,53.50,300,
10:24:36,53.505,200,
10:24:36,53.4901,300,
10:24:37,53.52,100,
10:24:37,53.52,100,
10:24:37,53.496,700,
10:24:37,53.496,400,
10:24:39,53.5101,4905,
10:24:40,53.5006,500,
10:24:42,53.52,1200,
10:24:43,53.501,250,
10:24:46,53.53,100,
10:24:46,53.55,100,
10:24:46,53.54,100,
10:24:51,53.5773,600,
10:24:53,53.55,300,
10:24:54,53.5599,200,
10:24:55,53.5699,400,
10:24:56,53.56,100,
10:24:59,53.54,200,
10:25:00,53.5406,600,
10:25:03,53.54,100,
10:25:06,53.52,100,
10:25:09,53.54,200,
10:25:12,53.53,100,
10:25:19,53.50,100,
10:25:19,53.49,100,
10:25:19,53.48,100,
10:25:23,53.45,300,
10:25:24,53.46,100,
10:25:33,53.43,200,
10:25:33,53.41,200,
10:25:33,53.38,300,
10:25:33,53.38,1402,
10:25:33,53.38,100,
10:25:33,53.37,210,
10:25:33,53.36,200,
10:25:33,53.35,100,
10:25:33,53.35,400,
10:25:33,53.35,300,
10:25:33,53.38,1590,
10:25:33,53.35,200,
10:25:33,53.35,100,
10:25:33,53.35,100,
10:25:33,53.35,600,
10:25:33,53.35,100,
10:25:33,53.34,300,
10:25:33,53.34,200,
10:25:34,53.3427,1000,
10:25:34,53.34,1800,
10:25:34,53.34,1000,
10:25:34,53.32,210,
10:25:34,53.34,600,
10:25:34,53.34,200,
10:25:34,53.30,300,
10:25:34,53.29,200,
10:25:34,53.30,500,
10:25:34,53.27,130,
10:25:34,53.30,200,
10:25:34,53.32,100,
10:25:34,53.32,100,
10:25:34,53.32,100,
10:25:34,53.32,100,
10:25:34,53.33,1000,
10:25:35,53.2708,100,
10:25:35,53.28,100,
10:25:37,53.25,400,
10:25:37,53.24,800,
10:25:37,53.25,600,
10:25:37,53.26,300,
10:25:37,53.25,163,
10:25:37,53.27,148,
10:25:37,53.27,100,
10:25:37,53.27,300,
10:25:37,53.30,300,
10:25:37,53.30,300,
10:25:37,53.30,100,
10:25:37,53.28,1000,
10:25:37,53.29,550,
10:25:37,53.29,100,
10:25:37,53.3086,148,
10:25:39,53.3027,1000,
10:25:40,53.3155,100,
10:25:40,53.319,200,
10:25:40,53.2999,2000,
10:25:40,53.2857,100,
10:25:40,53.28,200,
10:25:40,53.28,1500,
10:25:43,53.3083,600,
10:25:44,53.30,149,
10:25:44,53.30,100,
10:25:44,53.30,100,
10:25:45,53.3099,400,
10:25:46,53.32,100,
10:25:46,53.31,131,
10:25:48,53.30,119,
10:25:48,53.30,381,
10:25:48,53.30,181,
10:25:48,53.30,500,
10:25:48,53.29,119,
10:25:48,53.29,100,
10:25:48,53.29,300,
10:25:49,53.30,100,
10:25:49,53.30,100,
10:25:51,53.29,100,
10:25:51,53.30,300,
10:25:51,53.29,200,
10:25:52,53.2968,200,
10:25:54,53.3097,5100,
10:25:54,53.30,200,
10:25:54,53.30,100,
10:25:55,53.29,100,
10:25:57,53.3148,1900,
10:25:57,53.31,100,
10:25:59,53.30,100,
10:26:02,53.32,230,
10:26:05,53.31,200,
10:26:06,53.31,100,
10:26:07,53.3087,500,
10:26:08,53.3145,1400,
10:26:11,53.32,100,
10:26:11,53.32,200,
10:26:11,53.32,200,
10:26:11,53.32,100,
10:26:12,53.34,300,
10:26:13,53.34,100,
10:26:13,53.34,200,
10:26:14,53.3402,100,
10:26:14,53.3592,100,
10:26:14,53.36,700,
10:26:14,53.36,300,
10:26:15,53.37,200,
10:26:15,53.38,300,
10:26:15,53.3999,100,
10:26:15,53.3999,100,
10:26:15,53.3999,100,
10:26:15,53.3999,100,
10:26:15,53.3999,100,
10:26:15,53.3999,100,
10:26:15,53.3999,100,
10:26:16,53.3999,100,
10:26:16,53.3999,100,
10:26:16,53.40,100,
10:26:16,53.40,100,
10:26:16,53.398,500,
10:26:17,53.382,200,
10:26:17,53.41,100,
10:26:17,53.40,100,
10:26:18,53.4001,300,
10:26:19,53.39,100,
10:26:20,53.3999,100,
10:26:21,53.3945,1000,
10:26:22,53.41,100,
10:26:24,53.4015,500,
10:26:28,53.43,300,
10:26:28,53.43,300,
10:26:28,53.43,100,
10:26:28,53.43,100,
10:26:28,53.43,100,
10:26:30,53.4204,100,
10:26:30,53.421,200,
10:26:31,53.42,500,
10:26:32,53.48,100,
10:26:32,53.4891,300,
10:26:33,53.478,3000,
10:26:33,53.45,100,
10:26:35,53.43,200,
10:26:37,53.41,100,
10:26:38,53.4227,500,
10:26:38,53.421,100,
10:26:39,53.43,100,
10:26:41,53.438,2000,
10:26:43,53.4248,100,
10:26:50,53.4186,150,
10:26:52,53.41,400,
10:26:52,53.439,200,
10:26:56,53.40,100,
10:26:56,53.4236,100,
10:26:58,53.4393,500,
10:27:02,53.4101,3500,
10:27:06,53.39,100,
10:27:06,53.40,243,
10:27:06,53.40,100,
10:27:08,53.42,100,
10:27:10,53.42,300,
10:27:16,53.40,100,
10:27:17,53.40,100,
10:27:22,53.42,100,
10:27:25,53.4141,1000,
10:27:29,53.425,100,
10:27:29,53.43,100,
10:27:33,53.39,100,
10:27:35,53.4014,550,
10:27:41,53.42,100,
10:27:42,53.44,200,
10:27:42,53.44,200,
10:27:43,53.45,300,
10:27:43,53.452,100,
10:27:43,53.452,100,
10:27:43,53.45,100,
10:27:44,53.4417,1330,
10:27:46,53.4399,100,
10:27:46,53.44,100,
10:27:48,53.44,165,
10:27:49,53.44,1696,
10:27:55,53.38,300,
10:27:55,53.36,100,
10:27:55,53.36,200,
10:27:56,53.36,100,
10:27:56,53.36,100,
10:27:56,53.36,100,
10:27:56,53.36,100,
10:27:56,53.36,100,
10:27:59,53.34,200,
10:27:59,53.34,300,
10:28:03,53.33,100,
10:28:03,53.3202,200,
10:28:04,53.32,100,
10:28:06,53.3202,600,
10:28:06,53.32,300,
10:28:07,53.3206,1000,
10:28:08,53.36,100,
10:28:08,53.36,100,
10:28:11,53.34,1000,
10:28:13,53.34,100,
10:28:13,53.34,178,
10:28:14,53.3586,545,
10:28:17,53.34,200,
10:28:17,53.34,100,
10:28:18,53.34,100,
10:28:18,53.34,100,
10:28:18,53.34,100,
10:28:18,53.34,200,
10:28:18,53.34,100,
10:28:19,53.3481,100,
10:28:21,53.36,100,
10:28:27,53.346,2000,
10:28:27,53.33,1300,
10:28:29,53.32,100,
10:28:31,53.31,100,
10:28:33,53.3057,260,
10:28:34,53.32,300,
10:28:41,53.31,500,
10:28:43,53.309,700,
10:28:43,53.31,700,
10:28:47,53.32,250,
10:28:48,53.32,200,
10:28:48,53.34,100,
10:28:48,53.34,200,
10:28:49,53.3593,1000,
10:28:50,53.336,400,
10:28:52,53.36,200,
10:28:52,53.38,100,
10:28:52,53.37,100,
10:28:52,53.38,100,
10:28:53,53.37,400,
10:29:01,53.3665,5000,
10:29:05,53.3484,100,
10:29:06,53.33,100,
10:29:15,53.3286,1000,
10:29:18,53.311,155,
10:29:19,53.31,100,
10:29:19,53.31,100,
10:29:21,53.29,100,
10:29:25,53.26,100,
10:29:26,53.27,2000,
10:29:28,53.2713,500,
10:29:28,53.279,200,
10:29:28,53.289,100,
10:29:30,53.30,100,
10:29:30,53.30,100,
10:29:33,53.3201,100,
10:29:36,53.32,100,
10:29:40,53.38,100,
10:29:45,53.3808,185,
10:29:52,53.3799,690,
10:29:53,53.3758,5000,
10:29:58,53.34,100,
10:30:01,53.338,200,
10:30:02,53.372,300,
10:30:03,53.33,400,
10:30:13,53.30,220,
10:30:13,53.29,100,
10:30:13,53.2972,100,
10:30:13,53.299,300,
10:30:14,53.299,100,
10:30:14,53.299,100,
10:30:14,53.299,200,
10:30:15,53.2473,1850,
10:30:20,53.25,400,
10:30:21,53.22,100,
10:30:21,53.20,100,
10:30:21,53.20,100,
10:30:21,53.20,100,
10:30:21,53.20,100,
10:30:21,53.20,100,
10:30:21,53.18,100,
10:30:21,53.18,100,
10:30:21,53.16,300,
10:30:21,53.18,112,
10:30:21,53.16,400,
10:30:21,53.1601,500,
10:30:21,53.1601,400,
10:30:22,53.13,100,
10:30:22,53.13,100,
10:30:22,53.12,380,
10:30:22,53.12,100,
10:30:22,53.16,100,
10:30:22,53.16,200,
10:30:22,53.16,100,
10:30:22,53.16,200,
10:30:22,53.16,200,
10:30:22,53.16,100,
10:30:22,53.16,100,
10:30:23,53.131,200,
10:30:23,53.124,600,
10:30:23,53.12,300,
10:30:23,53.12,146,
10:30:24,53.11,100,
10:30:24,53.10,100,
10:30:24,53.12,100,
10:30:24,53.12,100,
10:30:24,53.12,100,
10:30:24,53.14,200,
10:30:24,53.14,100,
10:30:24,53.14,100,
10:30:24,53.1392,100,
10:30:24,53.1396,200,
10:30:24,53.1394,100,
10:30:24,53.1396,100,
10:30:25,53.13,300,
10:30:26,53.1199,100,
10:30:26,53.10,100,
10:30:27,53.119,100,
10:30:29,53.101,400,
10:30:29,53.104,200,
10:30:32,53.0618,100,
10:30:32,53.061,100,
10:30:32,53.06,100,
10:30:33,53.05,100,
10:30:33,53.05,100,
10:30:33,53.06,100,
10:30:33,53.08,300,
10:30:33,53.08,300,
10:30:34,53.08,100,
10:30:34,53.08,550,
10:30:35,53.10,300,
10:30:35,53.10,300,
10:30:38,53.14,100,
10:30:38,53.15,200,
10:30:39,53.12,100,
10:30:42,53.11,100,
10:30:47,53.132,100,
10:30:53,53.17,127,
10:30:53,53.1672,300,
10:31:02,53.18,100,
10:31:03,53.18,100,
10:31:03,53.1799,650,
10:31:04,53.178,500,
10:31:06,53.1301,100,
10:31:09,53.1473,500,
10:31:10,53.1414,300,
10:31:15,53.1199,1000,
10:31:17,53.12,100,
10:31:19,53.12,100,
10:31:19,53.12,100,
10:31:20,53.10,200,
10:31:20,53.09,500,
10:31:25,53.11,100,
10:31:29,53.114,200,
10:31:31,53.1439,200,
10:31:32,53.1426,100,
10:31:35,53.15,200,
10:31:36,53.1314,900,
10:31:36,53.1599,1000,
10:31:37,53.15,200,
10:31:42,53.14,100,
10:31:49,53.14,100,
10:31:49,53.15,100,
10:31:55,53.16,200,
10:31:55,53.16,100,
10:31:55,53.16,200,
10:31:55,53.16,100,
10:31:55,53.16,200,
10:32:02,53.167,100,
10:32:08,53.166,500,
10:32:11,53.178,400,
10:32:14,53.23,300,
10:32:14,53.25,200,
10:32:14,53.26,100,
10:32:14,53.26,100,
10:32:14,53.25,600,
10:32:14,53.26,100,
10:32:14,53.269,620,
10:32:14,53.27,100,
10:32:14,53.28,100,
10:32:15,53.30,100,
10:32:15,53.31,100,
10:32:15,53.31,100,
10:32:17,53.3173,510,
10:32:18,53.3393,100,
10:32:18,53.34,1000,
10:32:18,53.339,800,
10:32:20,53.339,100,
10:32:20,53.337,500,
10:32:21,53.34,300,
10:32:21,53.35,100,
10:32:21,53.34,100,
10:32:23,53.33,100,
10:32:23,53.3443,100,
10:32:24,53.35,600,
10:32:24,53.359,100,
10:32:25,53.3543,100,
10:32:25,53.359,200,
10:32:26,53.348,600,
10:32:26,53.354,300,
10:32:27,53.36,100,
10:32:28,53.35,100,
10:32:33,53.359,100,
10:32:35,53.35,100,
10:32:39,53.3456,100,
10:32:39,53.3401,2200,
10:32:41,53.339,150,
10:32:43,53.339,500,
10:32:53,53.3301,200,
10:33:00,53.3178,500,
10:33:10,53.31,200,
10:33:13,53.32,100,
10:33:13,53.32,100,
10:33:13,53.32,100,
10:33:13,53.32,200,
10:33:17,53.36,100,
10:33:19,53.32,100,
10:33:20,53.3386,100,
10:33:20,53.319,200,
10:33:26,53.30,800,
10:33:38,53.32,100,
10:33:38,53.32,100,
10:33:41,53.301,1900,
10:33:43,53.30,100,
10:33:45,53.32,100,
10:33:45,53.32,200,
10:33:48,53.3073,1000,
10:33:49,53.29,100,
10:33:59,53.31,100,
10:34:03,53.33,100,
10:34:03,53.33,200,
10:34:08,53.30,100,
10:34:11,53.32,100,
10:34:11,53.34,100,
10:34:14,53.3399,200,
10:34:15,53.34,200,
10:34:17,53.3692,300,
10:34:20,53.36,112,
10:34:21,53.3673,500,
10:34:23,53.3599,500,
10:34:24,53.3454,100,
10:34:24,53.349,100,
10:34:41,53.25,300,
10:34:41,53.25,200,
10:34:41,53.25,190,
10:34:41,53.24,110,
10:34:42,53.26,100,
10:34:42,53.28,300,
10:34:42,53.29,300,
10:34:42,53.29,300,
10:34:42,53.29,300,
10:34:43,53.2997,200,
10:34:48,53.2686,100,
10:34:48,53.2686,100,
10:34:48,53.2686,100,
10:34:56,53.30,1000,
10:35:00,53.25,200,
10:35:02,53.2401,3000,
10:35:05,53.22,200,
10:35:05,53.22,100,
10:35:07,53.21,100,
10:35:10,53.2002,100,
10:35:11,53.22,200,
10:35:11,53.22,200,
10:35:11,53.22,200,
10:35:11,53.22,186,
10:35:24,53.318,200,
10:35:28,53.35,100,
10:35:28,53.35,200,
10:35:30,53.37,100,
10:35:30,53.37,100,
10:35:34,53.3532,100,
10:35:34,53.3537,100,
10:35:41,53.32,100,
10:35:42,53.33,100,
10:35:42,53.33,200,
10:35:44,53.35,100,
10:35:44,53.35,100,
10:35:56,53.39,300,
10:35:59,53.39,100,
10:36:00,53.3899,100,
10:36:00,53.40,2800,
10:36:01,53.3872,100,
10:36:01,53.389,100,
10:36:02,53.3886,500,
10:36:08,53.3501,1000,
10:36:16,53.30,400,
10:36:18,53.32,100,
10:36:20,53.27,2500,
10:36:22,53.28,300,
10:36:22,53.29,100,
10:36:25,53.3199,100,
10:36:26,53.33,100,
10:36:26,53.3176,100,
10:36:26,53.3168,100,
10:36:26,53.328,200,
10:36:29,53.30,500,
10:36:29,53.29,100,
10:36:30,53.26,300,
10:36:30,53.26,300,
10:36:32,53.3099,300,
10:36:44,53.30,100,
10:36:53,53.30,100,
10:36:53,53.2998,100,
10:36:53,53.30,100,
10:36:54,53.299,100,
10:36:54,53.30,100,
10:37:08,53.29,140,
10:37:25,53.27,100,
10:37:41,53.2899,100,
10:37:43,53.25,100,
10:37:46,53.2316,100,
10:37:49,53.245,200,
10:37:49,53.239,200,
10:37:49,53.24,250,
10:37:49,53.25,100,
10:37:49,53.25,100,
10:37:49,53.25,100,
10:37:49,53.25,100,
10:37:49,53.25,100,
10:37:49,53.25,100,
10:37:49,53.25,100,
10:37:49,53.25,100,
10:37:49,53.25,100,
10:37:49,53.25,100,
10:37:50,53.2599,100,
10:37:50,53.2599,100,
10:37:50,53.2599,100,
10:37:50,53.2599,100,
10:37:50,53.2546,100,
10:37:50,53.2521,100,
10:37:50,53.2505,400,
10:37:51,53.26,100,
10:37:51,53.2599,100,
10:37:51,53.25,100,
10:37:56,53.24,100,
10:37:58,53.2386,100,
10:38:00,53.23,100,
10:38:09,53.2392,200,
10:38:10,53.24,100,
10:38:10,53.25,100,
10:38:10,53.26,100,
10:38:20,53.29,100,
10:38:20,53.30,200,
10:38:35,53.34,188,
10:38:38,53.3268,100,
10:38:43,53.33,100,
10:38:43,53.35,100,
10:38:43,53.35,100,
10:38:49,53.34,100,
10:38:49,53.35,100,
10:38:53,53.32,100,
10:38:53,53.34,100,
10:38:53,53.34,300,
10:38:55,53.348,186,
10:38:58,53.31,1000,
10:39:06,53.29,100,
10:39:06,53.30,100,
10:39:06,53.30,100,
10:39:07,53.34,200,
10:39:07,53.34,900,
10:39:09,53.32,100,
10:39:35,53.25,200,
10:39:52,53.3107,1000,
10:39:56,53.3483,100,
10:39:56,53.349,700,
10:39:56,53.349,700,
10:39:57,53.35,100,
10:40:02,53.38,100,
10:40:04,53.3739,100,
10:40:06,53.3896,100,
10:40:06,53.39,300,
10:40:06,53.39,500,
10:40:06,53.39,100,
10:40:06,53.39,100,
10:40:11,53.40,100,
10:40:13,53.3998,100,
10:40:13,53.399,200,
10:40:14,53.39,100,
10:40:14,53.39,100,
10:40:14,53.39,100,
10:40:14,53.38,200,
10:40:15,53.382,100,
10:40:15,53.39,100,
10:40:15,53.3913,1500,
10:40:16,53.41,100,
10:40:16,53.43,100,
10:40:16,53.41,490,
10:40:16,53.43,100,
10:40:16,53.43,100,
10:40:16,53.44,100,
10:40:16,53.44,100,
10:40:16,53.44,100,
10:40:16,53.46,100,
10:40:16,53.46,100,
10:40:16,53.45,1110,
10:40:16,53.46,100,
10:40:16,53.48,100,
10:40:16,53.48,100,
10:40:17,53.49,100,
10:40:17,53.49,100,
10:40:17,53.49,400,
10:40:17,53.49,100,
10:40:17,53.48,100,
10:40:17,53.48,200,
10:40:17,53.483,100,
10:40:17,53.4804,100,
10:40:17,53.48,100,
10:40:18,53.50,400,
10:40:18,53.4886,900,
10:40:18,53.50,400,
10:40:18,53.50,100,
10:40:18,53.50,400,
10:40:18,53.54,500,
10:40:18,53.54,100,
10:40:18,53.54,1100,
10:40:18,53.55,300,
10:40:18,53.55,200,
10:40:18,53.55,200,
10:40:18,53.55,400,
10:40:18,53.57,100,
10:40:18,53.56,100,
10:40:18,53.56,500,
10:40:18,53.55,500,
10:40:18,53.55,500,
10:40:18,53.55,200,
10:40:18,53.57,200,
10:40:18,53.59,500,
10:40:19,53.66,100,
10:40:19,53.62,300,
10:40:19,53.63,300,
10:40:19,53.61,300,
10:40:19,53.54,100,
10:40:19,53.66,100,
10:40:19,53.53,200,
10:40:19,53.66,100,
10:40:19,53.54,200,
10:40:19,53.63,100,
10:40:19,53.62,300,
10:40:19,53.65,100,
10:40:19,53.62,400,
10:40:19,53.65,200,
10:40:19,53.65,100,
10:40:19,53.65,300,
10:40:20,53.67,300,
10:40:20,53.67,300,
10:40:22,53.6486,1000,
10:40:23,53.63,100,
10:40:23,53.63,500,
10:40:23,53.67,100,
10:40:23,53.6407,500,
10:40:24,53.67,500,
10:40:25,53.6505,1000,
10:40:25,53.62,100,
10:40:27,53.59,100,
10:40:27,53.596,200,
10:40:27,53.6083,100,
10:40:27,53.61,300,
10:40:27,53.62,400,
10:40:27,53.619,300,
10:40:27,53.63,200,
10:40:27,53.63,300,
10:40:27,53.6299,100,
10:40:27,53.6299,300,
10:40:27,53.6299,200,
10:40:27,53.6299,100,
10:40:27,53.63,300,
10:40:27,53.6299,300,
10:40:27,53.6299,100,
10:40:27,53.6299,100,
10:40:28,53.612,400,
10:40:30,53.628,700,
10:40:30,53.61,100,
10:40:30,53.5951,2400,
10:40:31,53.6086,100,
10:40:35,53.55,400,
10:40:35,53.53,100,
10:40:36,53.475,100,
10:40:36,53.554,200,
10:40:40,53.52,100,
10:40:40,53.55,100,
10:40:40,53.5201,100,
10:40:41,53.5201,100,
10:40:41,53.52,100,
10:40:41,53.5201,100,
10:40:43,53.53,300,
10:40:43,53.5299,100,
10:40:43,53.54,400,
10:40:45,53.5399,2200,
10:40:46,53.524,2000,
10:40:48,53.5235,1000,
10:40:49,53.52,100,
10:40:53,53.52,200,
10:40:55,53.57,100,
10:40:55,53.5794,1000,
10:41:00,53.56,200,
10:41:05,53.56,780,
10:41:05,53.56,100,
10:41:05,53.56,100,
10:41:06,53.564,100,
10:41:08,53.57,100,
10:41:11,53.59,150,
10:41:15,53.54,100,
10:41:18,53.54,100,
10:41:18,53.5901,100,
10:41:18,53.5883,100,
10:41:18,53.57,100,
10:41:18,53.58,100,
10:41:20,53.5707,1000,
10:41:20,53.5904,100,
10:41:20,53.5901,600,
10:41:21,53.58,100,
10:41:21,53.57,600,
10:41:21,53.5893,100,
10:41:21,53.59,600,
10:41:22,53.59,100,
10:41:22,53.5992,2500,
10:41:25,53.60,165,
10:41:29,53.5601,2200,
10:41:32,53.57,100,
10:41:34,53.56,100,
10:41:36,53.5799,200,
10:41:41,53.60,200,
10:41:41,53.60,200,
10:41:41,53.60,400,
10:41:41,53.60,600,
10:41:41,53.60,196,
10:41:45,53.6099,200,
10:41:46,53.60,700,
10:41:46,53.60,200,
10:41:46,53.60,300,
10:41:49,53.5968,140,
10:41:49,53.60,100,
10:41:50,53.5845,1000,
10:41:51,53.60,300,
10:41:51,53.60,400,
10:41:52,53.6099,600,
10:41:55,53.60,100,
10:41:55,53.60,500,
10:41:55,53.60,100,
10:41:55,53.60,1850,
10:41:56,53.6173,700,
10:42:00,53.6295,800,
10:42:01,53.60,100,
10:42:02,53.60,900,
10:42:04,53.58,210,
10:42:06,53.5945,500,
10:42:07,53.5801,100,
10:42:12,53.58,100,
10:42:12,53.53,200,
10:42:12,53.55,100,
10:42:15,53.526,800,
10:42:16,53.5599,200,
10:42:29,53.57,100,
10:42:31,53.58,100,
10:42:35,53.5599,2000,
10:42:42,53.56,500,
10:42:44,53.5368,200,
10:42:46,53.5373,100,
10:42:46,53.54,220,
10:42:51,53.49,300,
10:42:51,53.48,100,
10:42:54,53.4263,100,
10:42:54,53.42,100,
10:42:58,53.41,200,
10:42:59,53.40,500,
10:42:59,53.40,500,
10:42:59,53.40,400,
10:42:59,53.39,1800,
10:42:59,53.39,1700,
10:42:59,53.39,1600,
10:42:59,53.42,200,
10:43:00,53.38,200,
10:43:05,53.48,100,
10:43:06,53.45,100,
10:43:14,53.41,100,
10:43:15,53.42,100,
10:43:32,53.41,100,
10:43:36,53.41,400,
10:43:43,53.398,460,
10:43:50,53.39,100,
10:43:53,53.4099,100,
10:43:54,53.4238,100,
10:43:54,53.4235,100,
10:43:54,53.4245,100,
10:43:54,53.43,430,
10:43:54,53.409,1170,
10:43:56,53.416,1500,
10:43:56,53.42,100,
10:43:58,53.459,100,
10:44:03,53.53,100,
10:44:03,53.55,600,
10:44:03,53.55,100,
10:44:03,53.55,400,
10:44:03,53.55,135,
10:44:04,53.56,100,
10:44:04,53.56,100,
10:44:04,53.56,100,
10:44:04,53.56,100,
10:44:04,53.55,100,
10:44:06,53.5569,100,
10:44:06,53.559,100,
10:44:10,53.55,100,
10:44:13,53.58,100,
10:44:16,53.56,100,
10:44:16,53.56,400,
10:44:16,53.58,100,
10:44:19,53.59,100,
10:44:19,53.59,100,
10:44:23,53.5301,100,
10:44:23,53.53,4730,
10:44:24,53.54,100,
10:44:28,53.53,100,
10:44:36,53.5306,500,
10:44:40,53.5352,100,
10:44:50,53.54,185,
10:44:50,53.56,300,
10:44:55,53.5694,800,
10:45:00,53.58,100,
10:45:14,53.4909,360,
10:45:18,53.4843,450,
10:45:22,53.47,100,
10:45:23,53.451,100,
10:45:24,53.452,3000,
10:45:25,53.43,100,
10:45:27,53.4104,100,
10:45:27,53.411,900,
10:45:28,53.44,120,
10:45:29,53.411,300,
10:45:29,53.411,300,
10:45:33,53.428,500,
10:45:34,53.4499,128,
10:45:39,53.4779,100,
10:45:41,53.47,300,
10:45:41,53.46,1500,
10:45:41,53.47,144,
10:45:41,53.46,100,
10:45:41,53.45,100,
10:45:47,53.48,100,
10:45:53,53.46,100,
10:46:00,53.46,300,
10:46:00,53.46,100,
10:46:00,53.47,100,
10:46:07,53.4548,100,
10:46:11,53.49,100,
10:46:11,53.49,200,
10:46:14,53.50,100,
10:46:14,53.52,100,
10:46:15,53.4901,200,
10:46:18,53.49,100,
10:46:19,53.50,100,
10:46:34,53.4799,100,
10:46:42,53.48,100,
10:46:42,53.48,100,
10:46:45,53.47,385,
10:46:47,53.48,100,
10:46:48,53.48,4000,
10:46:54,53.45,172,
10:46:55,53.4497,100,
10:47:06,53.45,210,
10:47:12,53.42,1815,
10:47:12,53.41,2000,
10:47:16,53.40,1041,
10:47:18,53.3784,400,
10:47:18,53.39,100,
10:47:26,53.3506,800,
10:47:31,53.35,200,
10:47:31,53.35,200,
10:47:34,53.366,730,
10:47:37,53.3499,100,
10:47:38,53.3355,500,
10:47:46,53.3299,200,
10:47:47,53.37,300,
10:47:47,53.35,100,
10:47:51,53.38,400,
10:47:57,53.3794,1000,
10:48:01,53.36,100,
10:48:10,53.3798,100,
10:48:13,53.39,300,
10:48:18,53.36,300,
10:48:40,53.34,100,
10:48:41,53.31,210,
10:48:42,53.31,112,
10:48:42,53.30,500,
10:48:42,53.30,100,
10:48:42,53.30,300,
10:48:42,53.29,100,
10:48:43,53.28,100,
10:48:43,53.28,400,
10:48:43,53.27,1600,
10:48:44,53.27,200,
10:48:44,53.27,100,
10:48:46,53.262,1000,
10:48:46,53.26,400,
10:48:47,53.26,100,
10:48:49,53.23,100,
10:48:51,53.2386,100,
10:48:52,53.20,500,
10:48:52,53.20,500,
10:48:52,53.19,100,
10:48:52,53.19,100,
10:48:52,53.19,100,
10:48:52,53.17,100,
10:48:52,53.17,100,
10:48:52,53.17,100,
10:48:52,53.16,100,
10:48:52,53.162,900,
10:48:54,53.20,2500,
10:48:55,53.17,400,
10:48:55,53.15,500,
10:48:55,53.15,1000,
10:48:56,53.16,180,
10:48:57,53.1601,100,
10:48:57,53.15,2700,
10:48:58,53.152,170,
10:48:59,53.178,100,
10:49:01,53.169,100,
10:49:02,53.18,300,
10:49:02,53.21,100,
10:49:02,53.21,100,
10:49:02,53.2217,1000,
10:49:03,53.23,100,
10:49:04,53.21,400,
10:49:04,53.21,500,
10:49:04,53.21,210,
10:49:04,53.20,120,
10:49:08,53.21,100,
10:49:08,53.23,100,
10:49:10,53.228,100,
10:49:16,53.2286,500,
10:49:19,53.211,500,
10:49:21,53.19,190,
10:49:24,53.1748,100,
10:49:24,53.17,200,
10:49:27,53.16,150,
10:49:27,53.16,500,
10:49:31,53.15,129,
10:49:38,53.1493,1000,
10:49:47,53.188,200,
10:49:51,53.1893,800,
10:49:57,53.1989,500,
10:50:00,53.2123,150,
10:50:06,53.2186,500,
10:50:16,53.2001,500,
10:50:18,53.1824,4300,
10:50:19,53.1861,500,
10:50:23,53.17,100,
10:50:25,53.1899,110,
10:50:40,53.1699,300,
10:50:40,53.1501,300,
10:50:40,53.15,300,
10:50:42,53.15,500,
10:50:42,53.14,300,
10:50:42,53.14,200,
10:50:42,53.13,100,
10:50:46,53.14,300,
10:50:46,53.14,180,
10:50:46,53.15,200,
10:50:59,53.1399,250,
10:51:03,53.12,100,
10:51:05,53.10,100,
10:51:05,53.10,100,
10:51:05,53.10,300,
10:51:11,53.0984,300,
10:51:12,53.10,100,
10:51:14,53.102,200,
10:51:15,53.12,100,
10:51:15,53.13,100,
10:51:15,53.13,100,
10:51:21,53.1111,500,
10:51:32,53.11,200,
10:51:32,53.119,100,
10:51:34,53.0993,375,
10:51:36,53.10,100,
10:51:37,53.10,100,
10:51:37,53.11,300,
10:51:37,53.09,100,
10:51:37,53.09,650,
10:51:37,53.09,600,
10:51:37,53.07,100,
10:51:37,53.09,200,
10:51:37,53.0825,350,
10:51:37,53.09,100,
10:51:37,53.081,500,
10:51:37,53.081,500,
10:51:40,53.08,600,
10:51:42,53.08,100,
10:51:46,53.0886,500,
10:51:49,53.0899,150,
10:51:51,53.10,200,
10:51:51,53.10,300,
10:51:53,53.10,100,
10:51:54,53.07,100,
10:51:54,53.07,100,
10:51:54,53.07,1000,
10:51:58,53.0776,4000,
10:51:59,53.08,202,
10:52:04,53.076,600,
10:52:05,53.08,300,
10:52:06,53.08,100,
10:52:06,53.08,100,
10:52:06,53.08,100,
10:52:12,53.06,159,
10:52:20,53.07,100,
10:52:20,53.07,100,
10:52:24,53.08,300,
10:52:24,53.09,100,
10:52:30,53.0795,200,
10:52:30,53.10,500,
10:52:30,53.1099,200,
10:52:36,53.15,100,
10:52:37,53.1689,100,
10:52:37,53.17,149,
10:52:37,53.17,100,
10:52:37,53.18,200,
10:52:38,53.20,100,
10:52:38,53.19,100,
10:52:38,53.2028,157,
10:52:38,53.21,100,
10:52:39,53.21,200,
10:52:39,53.21,100,
10:52:39,53.21,200,
10:52:39,53.21,100,
10:52:39,53.22,100,
10:52:39,53.158,2700,
10:52:40,53.23,400,
10:52:40,53.23,800,
10:52:44,53.192,900,
10:52:47,53.20,1500,
10:52:47,53.19,270,
10:52:47,53.18,100,
10:52:47,53.18,100,
10:52:47,53.19,300,
10:52:47,53.19,200,
10:52:48,53.21,533,
10:52:48,53.22,1500,
10:52:48,53.23,2000,
10:52:53,53.21,300,
10:52:55,53.20,100,
10:53:07,53.23,100,
10:53:12,53.2087,1500,
10:53:13,53.19,100,
10:53:15,53.17,300,
10:53:23,53.1899,500,
10:53:46,53.14,500,
10:53:55,53.0728,1000,
10:53:55,53.11,100,
10:54:06,53.15,100,
10:54:13,53.157,400,
10:54:16,53.1799,100,
10:54:19,53.1699,100,
10:54:22,53.1546,100,
10:54:22,53.159,400,
10:54:22,53.158,1700,
10:54:33,53.0945,1000,
10:54:38,53.08,100,
10:54:38,53.08,300,
10:54:38,53.09,300,
10:54:38,53.09,300,
10:54:39,53.07,100,
10:54:43,53.05,500,
10:54:44,53.07,100,
10:54:44,53.07,100,
10:54:48,53.11,200,
10:54:48,53.11,400,
10:54:50,53.08,600,
10:54:53,53.0738,100,
10:54:55,53.072,500,
10:54:55,53.08,200,
10:54:58,53.07,100,
10:54:58,53.07,100,
10:55:00,53.05,200,
10:55:01,53.06,100,
10:55:01,53.06,100,
10:55:02,53.05,200,
10:55:03,53.07,200,
10:55:03,53.06,100,
10:55:03,53.07,100,
10:55:03,53.07,200,
10:55:03,53.07,100,
10:55:03,53.07,100,
10:55:05,53.0873,800,
10:55:07,53.0899,4000,
10:55:12,53.07,148,
10:55:16,53.06,100,
10:55:20,53.02,100,
10:55:20,53.01,100,
10:55:20,53,100,
10:55:20,53,300,
10:55:20,52.99,300,
10:55:20,52.97,100,
10:55:20,52.98,300,
10:55:20,52.97,300,
10:55:21,52.9675,200,
10:55:21,52.9652,100,
10:55:21,53.01,450,
10:55:21,52.95,200,
10:55:21,52.93,100,
10:55:21,53,450,
10:55:21,53,200,
10:55:21,52.96,100,
10:55:21,52.99,100,
10:55:21,52.9429,200,
10:55:21,52.932,186,
10:55:21,52.92,600,
10:55:21,52.931,100,
10:55:22,52.93,720,
10:55:22,52.934,200,
10:55:23,52.9301,2000,
10:55:24,52.93,100,
10:55:24,52.92,400,
10:55:25,52.92,400,
10:55:25,52.901,200,
10:55:25,52.90,200,
10:55:26,52.91,100,
10:55:27,52.9005,800,
10:55:27,52.83,210,
10:55:27,52.84,100,
10:55:27,52.82,100,
10:55:27,52.76,100,
10:55:27,52.84,100,
10:55:27,52.84,200,
10:55:27,52.82,600,
10:55:27,52.82,122,
10:55:27,52.79,100,
10:55:27,52.76,200,
10:55:27,52.80,100,
10:55:27,52.80,100,
10:55:27,52.78,100,
10:55:27,52.84,100,
10:55:27,52.80,300,
10:55:27,52.80,100,
10:55:27,52.82,100,
10:55:27,52.76,200,
10:55:27,52.84,100,
10:55:27,52.84,100,
10:55:27,52.78,100,
10:55:27,52.82,1000,
10:55:27,52.80,300,
10:55:27,52.80,300,
10:55:27,52.80,300,
10:55:27,52.81,100,
10:55:27,52.80,400,
10:55:27,52.80,100,
10:55:27,52.81,300,
10:55:28,52.78,300,
10:55:28,52.78,400,
10:55:28,52.78,100,
10:55:28,52.82,200,
10:55:28,52.7892,100,
10:55:28,52.771,100,
10:55:28,52.80,290,
10:55:28,52.7759,100,
10:55:28,52.771,300,
10:55:29,52.79,100,
10:55:29,52.79,200,
10:55:29,52.79,200,
10:55:29,52.79,300,
10:55:29,52.80,100,
10:55:30,52.81,100,
10:55:31,52.794,1000,
10:55:31,52.83,100,
10:55:31,52.7901,100,
10:55:31,52.7901,100,
10:55:31,52.77,700,
10:55:32,52.81,100,
10:55:32,52.81,100,
10:55:32,52.81,200,
10:55:32,52.81,100,
10:55:32,52.794,500,
10:55:33,52.7901,100,
10:55:34,52.78,200,
10:55:34,52.7801,100,
10:55:34,52.7801,100,
10:55:35,52.78,100,
10:55:36,52.8186,1000,
10:55:36,52.7801,1100,
10:55:36,52.78,100,
10:55:37,52.78,300,
10:55:38,52.75,600,
10:55:38,52.75,100,
10:55:38,52.76,450,
10:55:38,52.75,100,
10:55:38,52.7503,200,
10:55:39,52.76,100,
10:55:39,52.76,150,
10:55:39,52.79,2600,
10:55:40,52.75,100,
10:55:40,52.774,200,
10:55:40,52.75,250,
10:55:41,52.77,100,
10:55:41,52.76,1000,
10:55:41,52.7773,2000,
10:55:42,52.79,200,
10:55:42,52.775,100,
10:55:42,52.78,300,
10:55:42,52.76,1800,
10:55:46,52.81,100,
10:55:46,52.81,100,
10:55:48,52.84,105,
10:55:48,52.8399,100,
10:55:48,52.8399,105,
10:55:48,52.8154,1535,
10:55:52,52.85,100,
10:55:52,52.86,210,
10:55:52,52.87,100,
10:55:52,52.87,200,
10:55:52,52.8557,200,
10:55:55,52.81,210,
10:55:58,52.7708,100,
10:56:02,52.7997,370,
10:56:03,52.772,200,
10:56:03,52.77,100,
10:56:03,52.772,100,
10:56:04,52.7917,500,
10:56:05,52.81,100,
10:56:06,52.81,800,
10:56:12,52.81,100,
10:56:14,52.82,100,
10:56:14,52.8186,100,
10:56:16,52.8299,200,
10:56:17,52.8368,250,
10:56:21,52.8073,500,
10:56:21,52.81,800,
10:56:21,52.82,200,
10:56:23,52.8373,1000,
10:56:25,52.80,220,
10:56:25,52.77,100,
10:56:25,52.7701,100,
10:56:25,52.7701,100,
10:56:25,52.824,1000,
10:56:25,52.76,1000,
10:56:28,52.797,3000,
10:56:29,52.78,100,
10:56:29,52.79,100,
10:56:29,52.79,100,
10:56:29,52.79,100,
10:56:30,52.7772,100,
10:56:30,52.78,200,
10:56:30,52.7755,1000,
10:56:31,52.776,400,
10:56:32,52.77,100,
10:56:36,52.76,100,
10:56:36,52.76,300,
10:56:36,52.76,100,
10:56:36,52.76,100,
10:56:36,52.79,100,
10:56:36,52.79,100,
10:56:36,52.79,200,
10:56:37,52.772,500,
10:56:37,52.8066,200,
10:56:37,52.8067,100,
10:56:37,52.809,600,
10:56:37,52.809,100,
10:56:39,52.81,280,
10:56:39,52.81,300,
10:56:39,52.81,300,
10:56:40,52.808,300,
10:56:41,52.80,100,
10:56:44,52.7796,100,
10:56:44,52.78,100,
10:56:45,52.7784,100,
10:56:49,52.77,300,
10:56:50,52.77,100,
10:56:51,52.77,400,
10:56:51,52.77,900,
10:56:51,52.7797,100,
10:56:52,52.779,600,
10:56:52,52.77,100,
10:56:54,52.77,200,
10:56:55,52.77,5199,
10:56:55,52.77,100,
10:56:55,52.79,100,
10:56:59,52.7773,1000,
10:57:01,52.76,100,
10:57:01,52.75,171,
10:57:02,52.7227,700,
10:57:02,52.7372,200,
10:57:03,52.75,300,
10:57:03,52.75,100,
10:57:04,52.75,574,
10:57:05,52.74,100,
10:57:05,52.7401,100,
10:57:05,52.7401,300,
10:57:05,52.7401,100,
10:57:05,52.73,210,
10:57:05,52.74,100,
10:57:05,52.74,210,
10:57:05,52.72,100,
10:57:05,52.74,149,
10:57:05,52.74,187,
10:57:05,52.74,200,
10:57:06,52.7592,400,
10:57:06,52.74,100,
10:57:07,52.74,100,
10:57:10,52.74,100,
10:57:10,52.76,100,
10:57:10,52.7933,500,
10:57:11,52.75,100,
10:57:13,52.78,100,
10:57:13,52.7994,100,
10:57:13,52.81,300,
10:57:13,52.80,100,
10:57:13,52.799,400,
10:57:14,52.81,100,
10:57:17,52.8043,100,
10:57:20,52.78,200,
10:57:22,52.8077,100,
10:57:22,52.809,300,
10:57:23,52.81,200,
10:57:23,52.8091,200,
10:57:23,52.8274,100,
10:57:23,52.829,690,
10:57:23,52.829,300,
10:57:25,52.8172,100,
10:57:25,52.828,400,
10:57:25,52.828,300,
10:57:26,52.8183,100,
10:57:26,52.819,700,
10:57:26,52.819,300,
10:57:29,52.81,330,
10:57:29,52.82,200,
10:57:30,52.79,100,
10:57:30,52.78,150,
10:57:30,52.79,100,
10:57:30,52.80,100,
10:57:30,52.809,100,
10:57:31,52.792,300,
10:57:35,52.829,600,
10:57:35,52.829,600,
10:57:35,52.8114,225,
10:57:37,52.826,500,
10:57:42,52.84,100,
10:57:43,52.8432,200,
10:57:43,52.8457,100,
10:57:43,52.849,700,
10:57:43,52.849,200,
10:57:44,52.859,100,
10:57:46,52.8699,3500,
10:57:48,52.86,600,
10:57:49,52.86,100,
10:57:49,52.859,1000,
10:57:50,52.859,700,
10:57:51,52.8571,500,
10:57:54,52.849,100,
10:57:55,52.85,300,
10:57:55,52.8493,100,
10:57:56,52.85,300,
10:57:56,52.85,100,
10:57:57,52.8744,100,
10:57:59,52.8768,100,
10:57:59,52.8768,100,
10:58:02,52.8794,800,
10:58:04,52.879,290,
10:58:04,52.876,800,
10:58:05,52.87,300,
10:58:05,52.88,100,
10:58:09,52.92,100,
10:58:09,52.92,100,
10:58:10,52.9145,100,
10:58:10,52.919,300,
10:58:10,52.918,1100,
10:58:11,52.92,100,
10:58:11,52.92,100,
10:58:14,52.93,100,
10:58:15,52.9292,100,
10:58:15,52.93,200,
10:58:16,52.90,300,
10:58:16,52.8928,100,
10:58:20,52.8999,100,
10:58:21,52.90,100,
10:58:21,52.898,100,
10:58:21,52.898,114,
10:58:22,52.9184,150,
10:58:23,52.9399,100,
10:58:30,52.92,100,
10:58:31,52.9245,100,
10:58:31,52.929,400,
10:58:31,52.926,500,
10:58:32,52.91,100,
10:58:33,52.93,100,
10:58:37,52.9536,100,
10:58:38,52.96,100,
10:58:42,52.928,100,
10:58:43,52.9478,100,
10:58:43,52.949,400,
10:58:46,52.9302,100,
10:58:46,52.949,100,
10:58:49,52.949,300,
10:58:50,52.959,100,
10:58:51,52.96,100,
10:58:52,52.95,200,
10:58:52,52.95,100,
10:58:54,52.99,100,
10:58:54,53,360,
10:58:59,52.9991,800,
10:59:00,53,250,
10:59:00,53,100,
10:59:05,52.9999,240,
10:59:06,52.999,400,
10:59:06,52.999,300,
10:59:08,52.9999,100,
10:59:08,53,3220,
10:59:09,52.9984,100,
10:59:09,52.9984,100,
10:59:09,53,100,
10:59:09,53.01,300,
10:59:09,53.01,300,
10:59:09,53.01,300,
10:59:09,53.02,300,
10:59:09,53.02,100,
10:59:09,53.02,100,
10:59:10,53.019,100,
10:59:12,53.02,100,
10:59:12,53.01,100,
10:59:13,53,100,
10:59:13,53,100,
10:59:13,53,100,
10:59:15,52.9992,200,
10:59:17,53.02,100,
10:59:18,53,500,
10:59:21,52.9486,100,
10:59:32,52.96,100,
10:59:34,52.91,100,
10:59:39,52.9398,600,
10:59:39,52.94,300,
10:59:49,53.02,100,
10:59:49,53.04,100,
10:59:49,53.0486,100,
10:59:54,53.05,100,
10:59:57,53.0601,1000,
10:59:58,53.0699,100,
11:00:02,53.0794,1000,
11:00:05,53.0384,100,
11:00:06,53.03,100,
11:00:07,53.02,100,
11:00:07,53.03,100,
11:00:07,53.04,100,
11:00:07,53.05,100,
11:00:12,53.038,100,
11:00:13,53.038,100,
11:00:16,53.01,100,
11:00:16,53.01,100,
11:00:23,53.04,100,
11:00:23,53.04,300,
11:00:23,53.03,300,
11:00:23,53.03,300,
11:00:23,53.04,500,
11:00:23,53.04,300,
11:00:23,53.04,100,
11:00:23,53.04,300,
11:00:23,53.04,100,
11:00:23,53.04,400,
11:00:23,53.04,300,
11:00:23,53.04,200,
11:00:23,53.04,100,
11:00:29,53.04,200,
11:00:31,53.049,100,
11:00:32,53.056,100,
11:00:41,53.04,300,
11:00:45,53.04,300,
11:00:46,53.06,100,
11:00:46,53.0401,600,
11:00:48,53.07,600,
11:00:48,53.0699,100,
11:00:48,53.0699,100,
11:00:48,53.0699,600,
11:00:48,53.0699,300,
11:00:48,53.0699,378,
11:00:52,53.08,300,
11:00:53,53.15,200,
11:00:57,53.13,600,
11:01:00,53.109,100,
11:01:02,53.10,100,
11:01:08,53.0901,660,
11:01:11,53.09,100,
11:01:11,53.09,200,
11:01:13,53.0707,800,
11:01:15,53.089,100,
11:01:16,53.086,800,
11:01:19,53.07,400,
11:01:19,53.0892,100,
11:01:25,53.079,100,
11:01:25,53.07,100,
11:01:26,53.0401,1000,
11:01:31,53.036,500,
11:01:33,53.01,300,
11:01:33,53,7500,
11:01:34,52.99,100,
11:01:37,52.998,100,
11:01:37,52.998,100,
11:01:37,52.998,200,
11:01:38,52.99,200,
11:01:38,52.99,100,
11:01:38,52.99,100,
11:01:41,52.97,100,
11:01:41,52.99,300,
11:01:41,52.9891,1100,
11:01:43,52.97,300,
11:01:45,52.97,100,
11:01:47,52.971,200,
11:01:47,52.99,300,
11:01:47,53,300,
11:01:47,52.99,100,
11:01:54,53,700,
11:01:55,53.01,300,
11:01:55,53.01,300,
11:01:55,53,191,
11:01:55,53.016,100,
11:02:03,53.02,200,
11:02:14,52.9901,200,
11:02:28,52.99,300,
11:02:28,52.99,200,
11:02:41,53.03,200,
11:02:41,53.03,200,
11:02:41,53.05,100,
11:02:44,53.0543,100,
11:02:49,53.04,100,
11:02:49,53.0402,200,
11:02:49,53.04,100,
11:02:50,53.0599,200,
11:02:54,53.09,100,
11:02:54,53.09,200,
11:02:54,53.09,600,
11:02:55,53.09,100,
11:02:55,53.09,100,
11:02:55,53.09,100,
11:02:55,53.09,150,
11:02:55,53.09,100,
11:02:55,53.09,100,
11:03:05,53.04,200,
11:03:05,53.04,100,
11:03:11,53.06,200,
11:03:11,53.04,100,
11:03:14,53.02,100,
11:03:30,53.0128,400,
11:03:33,52.93,1000,
11:03:33,52.94,100,
11:03:33,52.92,100,
11:03:33,52.92,127,
11:03:33,52.92,1320,
11:03:33,52.92,100,
11:03:33,52.92,200,
11:03:33,52.92,327,
11:03:33,52.92,737,
11:03:33,52.92,127,
11:03:33,52.92,300,
11:03:33,52.92,600,
11:03:33,52.91,300,
11:03:33,52.91,300,
11:03:33,52.91,189,
11:03:33,52.91,300,
11:03:33,52.90,100,
11:03:34,52.92,1000,
11:03:34,52.9035,100,
11:03:35,52.90,100,
11:03:35,52.90,300,
11:03:35,52.88,100,
11:03:35,52.90,1000,
11:03:37,52.90,159,
11:03:38,52.8803,200,
11:03:41,52.8802,100,
11:03:46,52.86,200,
11:03:47,52.87,150,
11:03:50,52.874,500,
11:03:52,52.85,100,
11:03:53,52.83,100,
11:03:55,52.82,100,
11:03:55,52.82,400,
11:03:56,52.802,300,
11:04:02,52.7948,200,
11:04:03,52.7848,300,
11:04:04,52.8041,1000,
11:04:07,52.81,100,
11:04:07,52.8201,200,
11:04:08,52.824,100,
11:04:08,52.84,100,
11:04:10,52.85,100,
11:04:10,52.8694,100,
11:04:11,52.879,100,
11:04:14,52.8895,800,
11:04:21,52.8472,100,
11:04:21,52.849,200,
11:04:21,52.8457,100,
11:04:25,52.82,100,
11:04:25,52.82,300,
11:04:25,52.82,300,
11:04:25,52.82,100,
11:04:25,52.82,100,
11:04:32,52.846,3000,
11:04:36,52.839,800,
11:04:38,52.838,500,
11:04:39,52.81,200,
11:04:39,52.81,100,
11:04:39,52.82,100,
11:04:47,52.816,250,
11:04:47,52.8462,100,
11:04:47,52.8462,100,
11:04:47,52.849,100,
11:04:50,52.848,800,
11:04:58,52.81,1000,
11:04:58,52.81,200,
11:05:02,52.76,150,
11:05:03,52.79,100,
11:05:03,52.7901,300,
11:05:03,52.7901,100,
11:05:03,52.7901,100,
11:05:03,52.79,100,
11:05:03,52.79,100,
11:05:03,52.79,200,
11:05:04,52.81,100,
11:05:07,52.869,900,
11:05:07,52.869,800,
11:05:09,52.91,100,
11:05:09,52.8892,100,
11:05:10,52.89,100,
11:05:10,52.89,300,
11:05:10,52.88,100,
11:05:11,52.89,100,
11:05:11,52.89,100,
11:05:11,52.89,300,
11:05:13,52.86,157,
11:05:14,52.8814,200,
11:05:17,52.86,100,
11:05:26,52.839,500,
11:05:29,52.8583,100,
11:05:29,52.859,200,
11:05:33,52.85,100,
11:05:37,52.8689,100,
11:05:37,52.869,100,
11:05:37,52.869,1000,
11:05:45,52.89,300,
11:05:45,52.88,100,
11:05:46,52.87,100,
11:05:46,52.889,100,
11:05:48,52.86,100,
11:05:50,52.8799,400,
11:05:50,52.89,300,
11:05:50,52.89,100,
11:05:50,52.8952,100,
11:05:58,52.91,300,
11:05:58,52.91,498,
11:05:58,52.91,100,
11:06:00,52.9001,2000,
11:06:03,52.90,100,
11:06:03,52.90,300,
11:06:03,52.90,100,
11:06:03,52.90,200,
11:06:05,52.901,200,
11:06:06,52.89,300,
11:06:09,52.93,100,
11:06:12,52.9486,1000,
11:06:14,52.9499,100,
11:06:14,52.97,150,
11:06:16,52.97,200,
11:06:19,52.9798,4000,
11:06:28,52.9593,100,
11:06:32,52.94,200,
11:06:32,52.95,100,
11:06:32,52.93,100,
11:06:32,52.94,300,
11:06:32,52.94,130,
11:06:32,52.93,100,
11:06:34,52.85,100,
11:06:34,52.85,100,
11:06:34,52.85,100,
11:06:41,52.87,100,
11:06:44,52.90,100,
11:06:49,52.86,100,
11:06:50,52.89,100,
11:06:52,52.87,100,
11:06:56,52.87,100,
11:06:59,52.8599,100,
11:07:05,52.88,100,
11:07:12,52.8372,250,
11:07:14,52.82,100,
11:07:14,52.83,100,
11:07:14,52.83,2700,
11:07:14,52.80,100,
11:07:14,52.81,100,
11:07:16,52.79,210,
11:07:16,52.79,100,
11:07:16,52.77,100,
11:07:16,52.77,100,
11:07:16,52.76,100,
11:07:17,52.80,167,
11:07:17,52.798,100,
11:07:17,52.798,100,
11:07:19,52.80,100,
11:07:21,52.87,100,
11:07:21,52.88,100,
11:07:26,52.85,100,
11:07:30,52.8508,100,
11:07:32,52.83,200,
11:07:38,52.86,400,
11:07:41,52.8399,150,
11:07:50,52.856,200,
11:07:53,52.856,900,
11:07:54,52.94,100,
11:07:54,52.94,100,
11:07:54,52.94,100,
11:07:59,52.9152,300,
11:08:02,52.90,100,
11:08:03,52.90,100,
11:08:05,52.918,100,
11:08:05,52.919,100,
11:08:06,52.91,100,
11:08:07,52.91,400,
11:08:07,52.9099,400,
11:08:07,52.9099,400,
11:08:07,52.91,2070,
11:08:20,52.91,100,
11:08:24,52.85,100,
11:08:25,52.82,100,
11:08:25,52.82,100,
11:08:26,52.83,100,
11:08:26,52.83,200,
11:08:26,52.83,100,
11:08:26,52.84,200,
11:08:26,52.84,100,
11:08:26,52.85,300,
11:08:26,52.8658,500,
11:08:34,52.8294,1000,
11:08:36,52.8565,500,
11:08:48,52.87,100,
11:08:53,52.859,400,
11:08:53,52.857,1000,
11:09:02,52.8108,100,
11:09:17,52.81,200,
11:09:17,52.81,100,
11:09:19,52.80,100,
11:09:21,52.79,100,
11:09:22,52.78,100,
11:09:23,52.77,375,
11:09:24,52.77,100,
11:09:26,52.7986,1000,
11:09:31,52.7745,500,
11:09:32,52.7791,100,
11:09:32,52.789,300,
11:09:32,52.7892,100,
11:09:32,52.7898,100,
11:09:32,52.7898,100,
11:09:32,52.79,100,
11:09:32,52.79,160,
11:09:32,52.80,300,
11:09:32,52.82,100,
11:09:34,52.79,100,
11:09:34,52.81,200,
11:09:34,52.82,1400,
11:09:34,52.83,100,
11:09:37,52.85,100,
11:09:37,52.85,100,
11:09:38,52.88,100,
11:09:38,52.87,100,
11:09:41,52.86,100,
11:09:43,52.84,100,
11:09:46,52.8392,150,
11:09:58,52.8168,400,
11:10:01,52.8086,100,
11:10:03,52.82,300,
11:10:08,52.82,100,
11:10:08,52.82,100,
11:10:08,52.82,100,
11:10:08,52.82,100,
11:10:08,52.82,100,
11:10:08,52.82,100,
11:10:08,52.82,300,
11:10:08,52.82,300,
11:10:08,52.80,100,
11:10:13,52.84,200,
11:10:13,52.86,300,
11:10:14,52.88,100,
11:10:15,52.90,100,
11:10:15,52.90,100,
11:10:15,52.90,300,
11:10:15,52.90,200,
11:10:26,52.88,600,
11:10:28,52.90,100,
11:10:28,52.90,300,
11:10:30,52.9099,100,
11:10:31,52.89,200,
11:10:32,52.89,200,
11:10:32,52.92,200,
11:10:39,52.9399,200,
11:10:39,52.91,500,
11:10:39,52.91,100,
11:10:40,52.91,300,
11:10:43,52.9299,100,
11:10:51,52.91,100,
11:10:54,52.87,100,
11:11:01,52.95,500,
11:11:02,52.98,100,
11:11:05,52.9717,900,
11:11:06,52.9644,100,
11:11:10,52.98,100,
11:11:11,53.02,300,
11:11:11,53.02,100,
11:11:11,53.03,300,
11:11:11,53.03,200,
11:11:11,53.0286,200,
11:11:11,53.0286,200,
11:11:11,53.03,200,
11:11:11,53.03,200,
11:11:11,53,2500,
11:11:17,52.94,200,
11:11:20,52.9436,200,
11:11:32,52.96,300,
11:11:32,52.95,300,
11:11:38,52.944,1000,
11:11:44,52.9694,700,
11:11:45,52.9706,800,
11:11:45,53,100,
11:11:47,52.9999,100,
11:11:50,52.95,100,
11:11:51,52.9373,1000,
11:11:53,52.93,300,
11:12:06,52.93,100,
11:12:10,52.91,100,
11:12:21,52.9399,200,
11:12:25,52.85,100,
11:12:25,52.84,400,
11:12:31,52.86,100,
11:12:31,52.85,100,
11:12:31,52.85,100,
11:12:33,52.81,100,
11:12:34,52.82,400,
11:12:41,52.8793,800,
11:12:48,52.8589,100,
11:12:48,52.86,100,
11:12:48,52.86,200,
11:12:48,52.86,300,
11:12:48,52.86,200,
11:12:48,52.86,100,
11:12:48,52.86,500,
11:12:48,52.86,100,
11:12:48,52.8799,100,
11:12:48,52.879,2000,
11:12:48,52.85,129,
11:12:48,52.85,100,
11:12:48,52.85,100,
11:12:48,52.85,100,
11:12:50,52.8349,100,
11:12:50,52.8367,100,
11:12:50,52.839,1100,
11:12:50,52.839,600,
11:12:51,52.84,800,
11:12:51,52.81,100,
11:12:51,52.81,100,
11:12:52,52.78,100,
11:12:53,52.79,100,
11:12:54,52.8092,100,
11:12:58,52.78,100,
11:12:58,52.81,400,
11:12:58,52.81,300,
11:12:58,52.81,500,
11:13:03,52.7999,100,
11:13:03,52.80,300,
11:13:04,52.7928,1000,
11:13:06,52.799,200,
11:13:06,52.80,100,
11:13:06,52.80,100,
11:13:09,52.81,100,
11:13:09,52.82,100,
11:13:09,52.83,100,
11:13:09,52.84,500,
11:13:10,52.84,100,
11:13:17,52.8001,400,
11:13:20,52.82,600,
11:13:23,52.85,200,
11:13:23,52.85,300,
11:13:23,52.85,100,
11:13:23,52.85,400,
11:13:27,52.8299,100,
11:13:32,52.82,100,
11:13:34,52.8255,1000,
11:13:40,52.8394,500,
11:13:40,52.84,300,
11:13:40,52.84,100,
11:13:48,52.82,100,
11:13:52,52.8099,100,
11:13:55,52.81,300,
11:13:55,52.81,300,
11:14:00,52.79,100,
11:14:01,52.78,150,
11:14:02,52.74,500,
11:14:02,52.70,100,
11:14:02,52.70,210,
11:14:02,52.70,100,
11:14:02,52.75,175,
11:14:02,52.70,400,
11:14:02,52.701,1000,
11:14:02,52.68,100,
11:14:02,52.69,100,
11:14:02,52.71,300,
11:14:02,52.6999,100,
11:14:02,52.6908,100,
11:14:02,52.68,100,
11:14:02,52.67,100,
11:14:03,52.69,8240,
11:14:03,52.681,100,
11:14:04,52.6801,4000,
11:14:05,52.76,100,
11:14:05,52.76,100,
11:14:05,52.75,100,
11:14:06,52.73,500,
11:14:06,52.72,3000,
11:14:08,52.72,400,
11:14:09,52.7214,100,
11:14:10,52.7499,100,
11:14:14,52.752,100,
11:14:15,52.72,100,
11:14:15,52.72,100,
11:14:17,52.75,100,
11:14:21,52.76,100,
11:14:21,52.77,200,
11:14:21,52.76,300,
11:14:22,52.74,100,
11:14:22,52.74,300,
11:14:22,52.74,100,
11:14:22,52.74,300,
11:14:22,52.74,300,
11:14:22,52.74,100,
11:14:22,52.74,180,
11:14:22,52.74,300,
11:14:22,52.75,100,
11:14:22,52.76,300,
11:14:22,52.75,200,
11:14:24,52.74,100,
11:14:27,52.74,200,
11:14:28,52.741,100,
11:14:29,52.74,850,
11:14:36,52.76,300,
11:14:36,52.76,300,
11:14:36,52.77,200,
11:14:36,52.77,300,
11:14:36,52.77,300,
11:14:36,52.77,300,
11:14:36,52.77,200,
11:14:36,52.77,300,
11:14:36,52.77,200,
11:14:36,52.77,100,
11:14:39,52.7794,800,
11:14:45,52.768,900,
11:14:50,52.76,288,
11:14:50,52.76,500,
11:14:50,52.79,193,
11:14:50,52.80,300,
11:14:50,52.82,288,
11:14:52,52.80,400,
11:15:02,52.78,300,
11:15:02,52.78,300,
11:15:02,52.78,200,
11:15:02,52.78,200,
11:15:02,52.78,200,
11:15:02,52.78,300,
11:15:02,52.78,100,
11:15:02,52.80,289,
11:15:02,52.80,189,
11:15:02,52.80,100,
11:15:02,52.80,200,
11:15:02,52.80,100,
11:15:02,52.80,200,
11:15:02,52.80,500,
11:15:02,52.80,100,
11:15:03,52.82,300,
11:15:03,52.82,100,
11:15:03,52.81,100,
11:15:03,52.81,100,
11:15:03,52.81,100,
11:15:08,52.83,100,
11:15:08,52.84,100,
11:15:08,52.84,200,
11:15:08,52.84,300,
11:15:08,52.84,300,
11:15:08,52.84,500,
11:15:08,52.84,100,
11:15:08,52.85,100,
11:15:08,52.84,100,
11:15:08,52.87,100,
11:15:08,52.85,332,
11:15:08,52.86,100,
11:15:10,52.84,300,
11:15:11,52.84,300,
11:15:12,52.86,200,
11:15:12,52.88,199,
11:15:12,52.88,499,
11:15:15,52.83,100,
11:15:15,52.83,100,
11:15:16,52.84,300,
11:15:16,52.84,300,
11:15:22,52.84,312,
11:15:22,52.84,300,
11:15:22,52.84,193,
11:15:22,52.84,432,
11:15:26,52.8486,1000,
11:15:27,52.85,100,
11:15:27,52.83,100,
11:15:30,52.8484,100,
11:15:31,52.85,100,
11:15:31,52.83,100,
11:15:32,52.84,300,
11:15:32,52.84,300,
11:15:32,52.84,200,
11:15:39,52.8314,200,
11:15:40,52.84,500,
11:15:40,52.84,100,
11:15:40,52.84,100,
11:15:41,52.84,100,
11:15:48,52.86,100,
11:15:52,52.8593,500,
11:15:54,52.81,100,
11:15:54,52.81,100,
11:15:54,52.80,300,
11:15:54,52.80,100,
11:15:54,52.80,100,
11:15:54,52.80,300,
11:15:54,52.80,100,
11:15:55,52.82,200,
11:15:55,52.82,100,
11:15:55,52.82,300,
11:15:55,52.82,300,
11:15:55,52.82,100,
11:15:55,52.82,200,
11:15:55,52.82,600,
11:15:55,52.82,100,
11:15:55,52.84,200,
11:15:55,52.84,300,
11:15:58,52.84,300,
11:15:58,52.84,300,
11:15:58,52.85,200,
11:15:58,52.84,100,
11:15:58,52.86,600,
11:15:58,52.85,100,
11:15:58,52.84,100,
11:15:58,52.85,200,
11:15:58,52.84,300,
11:15:59,52.84,600,
11:15:59,52.84,300,
11:15:59,52.85,300,
11:16:00,52.84,300,
11:16:04,52.84,400,
11:16:05,52.8505,800,
11:16:06,52.86,200,
11:16:06,52.86,100,
11:16:06,52.86,400,
11:16:06,52.86,300,
11:16:06,52.86,300,
11:16:06,52.86,300,
11:16:06,52.86,100,
11:16:10,52.85,100,
11:16:11,52.86,100,
11:16:11,52.8579,100,
11:16:11,52.8584,100,
11:16:11,52.86,200,
11:16:11,52.86,200,
11:16:12,52.83,100,
11:16:12,52.81,400,
11:16:12,52.81,200,
11:16:12,52.83,100,
11:16:14,52.82,300,
11:16:14,52.82,300,
11:16:14,52.83,200,
11:16:15,52.80,100,
11:16:15,52.80,400,
11:16:15,52.80,600,
11:16:15,52.81,100,
11:16:15,52.82,300,
11:16:15,52.82,100,
11:16:15,52.82,100,
11:16:15,52.82,100,
11:16:15,52.80,100,
11:16:17,52.84,300,
11:16:17,52.85,100,
11:16:21,52.87,900,
11:16:21,52.87,100,
11:16:21,52.86,300,
11:16:24,52.846,1200,
11:16:28,52.86,100,
11:16:28,52.88,600,
11:16:28,52.88,100,
11:16:29,52.88,200,
11:16:29,52.92,100,
11:16:29,52.92,600,
11:16:29,52.92,100,
11:16:29,52.92,399,
11:16:30,52.96,100,
11:16:31,52.93,100,
11:16:31,52.93,100,
11:16:31,52.94,187,
11:16:31,52.91,100,
11:16:33,52.937,2000,
11:16:35,52.9399,100,
11:16:37,52.91,100,
11:16:38,52.95,100,
11:16:38,52.93,300,
11:16:38,52.94,100,
11:16:39,52.936,1000,
11:16:39,52.94,600,
11:16:39,52.95,100,
11:16:39,52.98,100,
11:16:39,52.98,300,
11:16:42,52.9799,4000,
11:16:43,52.98,143,
11:16:44,53.04,100,
11:16:44,53.019,300,
11:16:44,53.019,300,
11:16:47,53.02,200,
11:16:47,53.02,200,
11:16:48,53.036,800,
11:16:48,53.08,100,
11:16:48,53.0792,100,
11:16:49,53.06,100,
11:16:50,53.06,300,
11:16:50,53.08,400,
11:16:50,53.08,100,
11:16:50,53.09,200,
11:16:50,53.0999,300,
11:16:51,53.10,100,
11:16:52,53.07,400,
11:16:52,53.07,900,
11:16:53,53.0768,100,
11:16:53,53.079,300,
11:16:53,53.079,100,
11:16:54,53.08,300,
11:16:54,53.062,100,
11:16:55,53.0668,1000,
11:16:56,53.08,600,
11:16:56,53.08,200,
11:16:56,53.10,100,
11:16:58,53.08,100,
11:16:58,53.08,100,
11:16:58,53.09,100,
11:17:00,53.08,100,
11:17:00,53.08,300,
11:17:01,53.08,300,
11:17:01,53.0796,100,
11:17:01,53.0788,100,
11:17:03,53.10,100,
11:17:03,53.11,100,
11:17:03,53.1001,250,
11:17:04,53.09,2900,
11:17:05,53.09,600,
11:17:05,53.10,300,
11:17:07,53.10,100,
11:17:07,53.10,100,
11:17:07,53.10,100,
11:17:07,53.10,200,
11:17:07,53.0999,600,
11:17:08,53.07,100,
11:17:08,53.08,300,
11:17:08,53.08,300,
11:17:09,53.10,150,
11:17:12,53.08,100,
11:17:12,53.08,200,
11:17:12,53.08,300,
11:17:14,53.06,100,
11:17:15,53.055,200,
11:17:16,53.0401,100,
11:17:18,53.056,500,
11:17:26,53.06,600,
11:17:26,53.07,200,
11:17:26,53.07,300,
11:17:26,53.0976,100,
11:17:26,53.099,100,
11:17:27,53.0927,1000,
11:17:30,53.0943,200,
11:17:33,53.08,300,
11:17:33,53.078,600,
11:17:35,53.10,600,
11:17:35,53.09,300,
11:17:35,53.09,300,
11:17:35,53.08,300,
11:17:35,53.07,100,
11:17:35,53.07,100,
11:17:35,53.08,100,
11:17:35,53.10,600,
11:17:35,53.10,200,
11:17:35,53.10,300,
11:17:35,53.10,600,
11:17:35,53.10,600,
11:17:36,53.1073,650,
11:17:47,53.13,100,
11:17:48,53.13,100,
11:17:48,53.13,100,
11:17:49,53.1292,100,
11:17:50,53.12,100,
11:17:50,53.12,100,
11:17:54,53.138,500,
11:17:57,53.14,100,
11:17:57,53.14,100,
11:17:57,53.15,100,
11:17:57,53.1594,100,
11:17:57,53.159,100,
11:17:58,53.14,100,
11:17:58,53.1173,1160,
11:18:00,53.1552,200,
11:18:01,53.1399,200,
11:18:02,53.13,100,
11:18:02,53.14,100,
11:18:02,53.1262,1400,
11:18:04,53.1199,100,
11:18:07,53.15,1700,
11:18:11,53.14,220,
11:18:19,53.12,300,
11:18:19,53.13,300,
11:18:19,53.13,300,
11:18:19,53.13,100,
11:18:21,53.1008,200,
11:18:30,53.1187,100,
11:18:30,53.119,500,
11:18:30,53.12,200,
11:18:30,53.10,170,
11:18:30,53.10,230,
11:18:30,53.0901,1000,
11:18:31,53.0985,200,
11:18:34,53.09,100,
11:18:34,53.10,100,
11:18:35,53.0905,1000,
11:18:36,53.10,300,
11:18:48,53.0999,400,
11:18:52,53.10,300,
11:18:52,53.11,100,
11:18:52,53.1002,200,
11:18:52,53.10,200,
11:18:53,53.119,100,
11:18:53,53.12,300,
11:18:54,53.12,600,
11:18:57,53.11,210,
11:19:03,53.092,400,
11:19:03,53.09,100,
11:19:04,53.08,100,
11:19:04,53.08,100,
11:19:08,53.10,202,
11:19:08,53.11,165,
11:19:08,53.11,298,
11:19:08,53.11,300,
11:19:08,53.11,600,
11:19:09,53.104,1000,
11:19:12,53.10,210,
11:19:20,53.0848,400,
11:19:25,53.13,400,
11:19:32,53.15,100,
11:19:36,53.13,100,
11:19:37,53.13,500,
11:19:43,53.13,100,
11:19:45,53.124,300,
11:19:48,53.13,100,
11:19:54,53.1299,683,
11:19:56,53.139,100,
11:20:05,53.1199,150,
11:20:06,53.12,100,
11:20:11,53.09,210,
11:20:12,53.08,400,
11:20:12,53.08,468,
11:20:12,53.07,100,
11:20:20,53.05,100,
11:20:20,53,100,
11:20:21,53.0055,1000,
11:20:21,53.01,1000,
11:20:21,53.01,300,
11:20:21,53.01,152,
11:20:22,53.01,100,
11:20:23,53.02,100,
11:20:24,53.01,100,
11:20:26,53.0201,4000,
11:20:27,53.06,300,
11:20:27,53.06,208,
11:20:27,53.09,100,
11:20:27,53.09,300,
11:20:28,53.0994,1000,
11:20:34,53.07,300,
11:20:34,53.07,500,
11:20:34,53.07,210,
11:20:35,53.07,100,
11:20:43,53.08,200,
11:20:44,53.10,600,
11:20:44,53.10,100,
11:20:45,53.089,500,
11:20:49,53.099,100,
11:20:49,53.098,1000,
11:21:01,53.0745,1000,
11:21:10,53.0692,200,
11:21:16,53.07,500,
11:21:16,53.10,210,
11:21:16,53.10,510,
11:21:16,53.11,110,
11:21:16,53.11,100,
11:21:16,53.11,290,
11:21:16,53.13,100,
11:21:16,53.13,100,
11:21:18,53.10,100,
11:21:20,53.108,600,
11:21:23,53.08,400,
11:21:23,53.08,100,
11:21:39,53.0992,100,
11:21:45,53.05,198,
11:21:50,53.0108,200,
11:21:54,53.014,1750,
11:21:55,53.04,100,
11:22:00,53.01,200,
11:22:06,53.02,210,
11:22:06,53.0314,100,
11:22:06,53.0314,580,
11:22:09,53.02,100,
11:22:09,53.02,200,
11:22:10,53,1000,
11:22:10,52.9843,200,
11:22:12,52.98,500,
11:22:12,53,200,
11:22:14,52.98,200,
11:22:30,52.996,300,
11:22:33,53,300,
11:22:33,53.01,300,
11:22:33,53.02,600,
11:22:33,53.04,100,
11:22:33,53.04,100,
11:22:33,53.04,100,
11:22:33,53.05,210,
11:22:33,53.08,300,
11:22:33,53.08,100,
11:22:33,53.08,100,
11:22:33,53.08,200,
11:22:33,53.08,100,
11:22:33,53.08,390,
11:22:33,53.08,510,
11:22:33,53.14,300,
11:22:33,53.13,300,
11:22:34,53.17,300,
11:22:34,53.16,300,
11:22:34,53.15,200,
11:22:34,53.17,100,
11:22:34,53.17,600,
11:22:34,53.20,200,
11:22:34,53.20,100,
11:22:35,53.1919,100,
11:22:36,53.20,200,
11:22:37,53.11,100,
11:22:40,53.09,100,
11:22:41,53.10,300,
11:22:41,53.09,100,
11:22:41,53.12,300,
11:22:42,53.12,100,
11:22:42,53.12,100,
11:22:44,53.1109,300,
11:22:45,53.12,600,
11:22:46,53.10,100,
11:22:50,53.10,200,
11:22:51,53.10,100,
11:22:54,53.09,696,
11:22:56,53.06,100,
11:22:56,53.07,100,
11:22:56,53.07,300,
11:22:56,53.08,200,
11:22:56,53.08,300,
11:22:57,53.08,100,
11:22:57,53.06,300,
11:23:00,53.08,100,
11:23:00,53.08,200,
11:23:00,53.08,300,
11:23:00,53.08,200,
11:23:00,53.08,200,
11:23:00,53.08,200,
11:23:00,53.08,200,
11:23:03,53.07,100,
11:23:03,53.06,100,
11:23:04,53.06,100,
11:23:04,53.06,300,
11:23:06,53.07,100,
11:23:06,53.06,200,
11:23:10,53.08,100,
11:23:10,53.08,300,
11:23:11,53.08,100,
11:23:20,53.0993,200,
11:23:26,53.11,100,
11:23:26,53.11,200,
11:23:35,53.15,300,
11:23:36,53.1479,100,
11:23:36,53.149,300,
11:23:36,53.148,800,
11:23:36,53.14,100,
11:23:37,53.12,100,
11:23:38,53.14,1779,
11:23:44,53.1448,300,
11:23:44,53.17,300,
11:23:44,53.17,100,
11:23:48,53.19,100,
11:23:49,53.19,100,
11:23:50,53.19,300,
11:23:50,53.1898,400,
11:23:50,53.19,100,
11:23:50,53.19,500,
11:23:52,53.23,400,
11:23:52,53.23,300,
11:23:52,53.23,100,
11:23:52,53.23,300,
11:23:52,53.23,300,
11:23:52,53.23,700,
11:23:52,53.23,100,
11:23:52,53.23,700,
11:23:52,53.23,600,
11:23:52,53.26,300,
11:23:52,53.26,200,
11:23:52,53.26,200,
11:23:53,53.2773,1000,
11:23:54,53.2683,1000,
11:23:55,53.26,100,
11:23:55,53.28,100,
11:23:55,53.2743,450,
11:23:59,53.2893,1000,
11:23:59,53.29,100,
11:23:59,53.29,100,
11:24:00,53.30,100,
11:24:00,53.266,500,
11:24:03,53.3201,100,
11:24:05,53.3499,400,
11:24:06,53.3499,100,
11:24:06,53.3401,100,
11:24:07,53.34,100,
11:24:07,53.33,100,
11:24:07,53.33,200,
11:24:12,53.3414,300,
11:24:12,53.28,300,
11:24:13,53.32,100,
11:24:13,53.32,300,
11:24:13,53.32,300,
11:24:13,53.32,300,
11:24:13,53.32,100,
11:24:13,53.3284,150,
11:24:13,53.33,150,
11:24:13,53.3299,200,
11:24:13,53.33,200,
11:24:13,53.33,100,
11:24:13,53.3299,200,
11:24:13,53.33,200,
11:24:13,53.33,200,
11:24:14,53.31,1000,
11:24:14,53.30,400,
11:24:15,53.3032,400,
11:24:15,53.29,2300,
11:24:19,53.3002,100,
11:24:19,53.32,100,
11:24:23,53.33,400,
11:24:25,53.33,100,
11:24:29,53.35,300,
11:24:29,53.35,800,
11:24:29,53.35,700,
11:24:29,53.35,100,
11:24:29,53.35,200,
11:24:29,53.38,300,
11:24:29,53.36,100,
11:24:29,53.36,113,
11:24:29,53.35,150,
11:24:30,53.35,100,
11:24:33,53.36,100,
11:24:33,53.3601,100,
11:24:35,53.36,500,
11:24:35,53.34,200,
11:24:35,53.33,100,
11:24:35,53.33,300,
11:24:42,53.30,300,
11:24:43,53.30,100,
11:24:43,53.30,1300,
11:24:45,53.309,100,
11:24:46,53.3102,300,
11:24:46,53.31,100,
11:24:48,53.3299,100,
11:24:49,53.3209,200,
11:24:50,53.3299,100,
11:24:51,53.319,100,
