09:30:00,46.32,300,
09:30:00,46.33,300,
09:30:02,46.32,100,
09:30:03,46.36,300,
09:30:03,46.36,200,
09:30:03,46.32,100,
09:30:05,46.35,100,
09:30:05,46.34,400,
09:30:06,46.33,400,
09:30:06,46.32,700,
09:30:06,46.32,300,
09:30:06,46.33,300,
09:30:06,46.30,300,
09:30:07,46.32,200,
09:30:07,46.32,500,
09:30:08,46.32,600,
09:30:08,46.32,100,
09:30:08,46.32,300,
09:30:08,46.33,300,
09:30:09,46.31,177,
09:30:10,46.28,100,
09:30:10,46.26,200,
09:30:10,46.3248,100,
09:30:13,46.3199,100,
09:30:14,46.25,100,
09:30:14,46.27,100,
09:30:14,46.28,300,
09:30:15,46.22,1000,
09:30:15,46.22,800,
09:30:15,46.30,500,
09:30:17,46.20,150,
09:30:17,46.20,200,
09:30:17,46.20,200,
09:30:17,46.20,300,
09:30:17,46.20,100,
09:30:17,46.17,600,
09:30:17,46.20,300,
09:30:17,46.33,7500,
09:30:17,46.20,100,
09:30:17,46.20,200,
09:30:17,46.21,100,
09:30:19,46.20,300,
09:30:19,46.28,200,
09:30:19,46.17,1000,
09:30:21,46.33,600,
09:30:21,46.32,400,
09:30:22,46.32,100,
09:30:23,46.33,100,
09:30:23,46.32,200,
09:30:23,46.32,200,
09:30:23,46.32,200,
09:30:23,46.19,200,
09:30:24,46.19,100,
09:30:25,46.33,900,
09:30:25,46.28,300,
09:30:26,46.29,100,
09:30:26,46.20,300,
09:30:26,46.20,300,
09:30:27,46.25,650,
09:30:27,46.20,300,
09:30:27,46.20,200,
09:30:27,46.20,200,
09:30:27,46.20,1000,
09:30:28,46.2385,200,
09:30:29,46.1871,100,
09:30:29,46.33,100,
09:30:29,46.32,200,
09:30:29,46.32,400,
09:30:30,46.32,600,
09:30:30,46.32,200,
09:30:30,46.3485,270,
09:30:30,46.209,100,
09:30:30,46.17,150,
09:30:30,46.21,900,
09:30:32,46.17,100,
09:30:32,46.17,100,
09:30:32,46.37,1000,
09:30:33,46.3699,300,
09:30:33,46.1915,120,
09:30:34,46.1943,400,
09:30:34,46.1935,100,
09:30:34,46.3399,200,
09:30:37,46.2995,600,
09:30:37,46.28,100,
09:30:37,46.30,700,
09:30:41,46.31,1100,
09:30:41,46.28,300,
09:30:42,46.32,600,
09:30:43,46.34,700,
09:30:43,46.35,100,
09:30:45,46.316,100,
09:30:46,46.36,300,
09:30:47,46.34,300,
09:30:47,46.34,300,
09:30:47,46.34,250,
09:30:47,46.1601,300,
09:30:48,46.37,100,
09:30:48,46.37,800,
09:30:49,46.37,600,
09:30:49,46.1701,600,
09:30:50,46.34,300,
09:30:50,46.35,300,
09:30:50,46.348,300,
09:30:51,46.348,700,
09:30:51,46.1899,200,
09:30:53,46.2994,500,
09:30:53,46.32,300,
09:30:53,46.32,400,
09:30:54,46.3296,200,
09:30:55,46.35,700,
09:30:56,46.357,300,
09:30:57,46.357,700,
09:30:58,46.36,100,
09:30:58,46.3599,100,
09:30:58,46.3599,100,
09:30:58,46.3599,100,
09:30:59,46.3393,600,
09:31:00,46.33,100,
09:31:01,46.30,500,
09:31:03,46.3299,400,
09:31:03,46.3222,100,
09:31:03,46.33,200,
09:31:06,46.33,100,
09:31:06,46.33,400,
09:31:06,46.33,550,
09:31:06,46.34,300,
09:31:08,46.34,100,
09:31:09,46.34,100,
09:31:09,46.34,100,
09:31:09,46.3398,600,
09:31:09,46.3399,200,
09:31:10,46.34,200,
09:31:10,46.35,700,
09:31:10,46.33,300,
09:31:11,46.33,500,
09:31:12,46.339,200,
09:31:12,46.339,600,
09:31:12,46.357,200,
09:31:12,46.336,150,
09:31:13,46.33,100,
09:31:14,46.33,500,
09:31:15,46.336,300,
09:31:15,46.33,200,
09:31:15,46.33,300,
09:31:15,46.3297,900,
09:31:15,46.33,200,
09:31:15,46.34,200,
09:31:15,46.35,700,
09:31:16,46.36,700,
09:31:17,46.39,100,
09:31:17,46.39,300,
09:31:17,46.39,300,
09:31:17,46.39,300,
09:31:17,46.38,300,
09:31:19,46.3901,300,
09:31:19,46.4042,500,
09:31:20,46.45,700,
09:31:20,46.4513,900,
09:31:20,46.47,200,
09:31:20,46.47,100,
09:31:20,46.47,200,
09:31:21,46.466,300,
09:31:21,46.47,100,
09:31:21,46.47,300,
09:31:21,46.47,300,
09:31:21,46.47,300,
09:31:21,46.48,100,
09:31:24,46.498,400,
09:31:24,46.50,200,
09:31:24,46.53,300,
09:31:25,46.5099,300,
09:31:26,46.549,100,
09:31:26,46.55,300,
09:31:26,46.55,400,
09:31:26,46.55,300,
09:31:26,46.5499,300,
09:31:26,46.5203,300,
09:31:26,46.52,100,
09:31:26,46.499,100,
09:31:27,46.58,100,
09:31:27,46.56,500,
09:31:27,46.58,100,
09:31:28,46.54,100,
09:31:28,46.53,300,
09:31:29,46.53,200,
09:31:30,46.54,200,
09:31:32,46.52,200,
09:31:32,46.539,700,
09:31:32,46.539,700,
09:31:33,46.5399,135,
09:31:33,46.5399,150,
09:31:35,46.49,800,
09:31:35,46.5199,100,
09:31:35,46.5199,100,
09:31:35,46.53,300,
09:31:35,46.53,100,
09:31:35,46.53,100,
09:31:35,46.53,100,
09:31:38,46.4999,500,
09:31:38,46.4795,1000,
09:31:39,46.4799,100,
09:31:40,46.469,100,
09:31:40,46.469,200,
09:31:40,46.4699,300,
09:31:42,46.479,500,
09:31:43,46.4799,100,
09:31:43,46.47,700,
09:31:46,46.53,600,
09:31:47,46.5106,400,
09:31:49,46.5259,400,
09:31:50,46.54,415,
09:31:50,46.55,200,
09:31:51,46.549,300,
09:31:51,46.549,400,
09:31:51,46.55,300,
09:31:51,46.55,300,
09:31:51,46.548,300,
09:31:51,46.55,500,
09:31:51,46.55,200,
09:31:51,46.55,300,
09:31:51,46.55,100,
09:31:51,46.5499,300,
09:31:51,46.5499,500,
09:31:51,46.5499,100,
09:31:53,46.522,200,
09:31:53,46.55,100,
09:31:53,46.55,100,
09:31:55,46.56,700,
09:31:55,46.56,400,
09:31:55,46.56,100,
09:31:55,46.569,700,
09:31:55,46.569,300,
09:31:55,46.569,300,
09:31:55,46.5681,100,
09:31:56,46.58,700,
09:31:56,46.58,100,
09:31:57,46.58,700,
09:31:57,46.5799,700,
09:31:57,46.59,100,
09:31:57,46.5799,900,
09:31:58,46.5899,100,
09:31:58,46.59,100,
09:31:58,46.59,300,
09:31:58,46.5899,300,
09:31:58,46.589,400,
09:31:59,46.57,1100,
09:31:59,46.57,300,
09:31:59,46.57,300,
09:31:59,46.56,300,
09:32:00,46.559,100,
09:32:01,46.54,100,
09:32:01,46.55,100,
09:32:01,46.55,200,
09:32:01,46.5128,1000,
09:32:04,46.48,100,
09:32:06,46.45,150,
09:32:06,46.46,300,
09:32:07,46.449,100,
09:32:08,46.42,300,
09:32:11,46.41,100,
09:32:11,46.41,100,
09:32:11,46.38,100,
09:32:11,46.41,100,
09:32:11,46.41,200,
09:32:11,46.42,300,
09:32:12,46.4199,400,
09:32:12,46.4158,800,
09:32:18,46.4202,800,
09:32:20,46.44,500,
09:32:21,46.43,1500,
09:32:21,46.42,100,
09:32:21,46.42,100,
09:32:21,46.42,400,
09:32:21,46.4301,600,
09:32:22,46.42,100,
09:32:22,46.45,400,
09:32:28,46.4896,300,
09:32:31,46.5099,100,
09:32:32,46.5049,100,
09:32:33,46.5099,100,
09:32:33,46.53,100,
09:32:33,46.53,100,
09:32:34,46.5299,100,
09:32:35,46.55,300,
09:32:35,46.55,300,
09:32:35,46.55,200,
09:32:35,46.55,400,
09:32:35,46.55,200,
09:32:35,46.55,100,
09:32:35,46.55,700,
09:32:35,46.55,300,
09:32:35,46.54,100,
09:32:35,46.5491,300,
09:32:36,46.529,200,
09:32:36,46.529,100,
09:32:40,46.55,300,
09:32:40,46.55,100,
09:32:42,46.5498,100,
09:32:44,46.5438,645,
09:32:45,46.50,100,
09:32:45,46.50,200,
09:32:45,46.50,100,
09:32:45,46.51,200,
09:32:49,46.51,200,
09:32:49,46.51,700,
09:32:49,46.51,300,
09:32:49,46.52,700,
09:32:55,46.59,700,
09:32:58,46.60,1201,
09:32:58,46.60,200,
09:32:59,46.61,300,
09:33:01,46.6499,500,
09:33:01,46.6499,2300,
09:33:01,46.65,700,
09:33:01,46.6499,700,
09:33:01,46.6499,100,
09:33:01,46.6304,500,
09:33:02,46.6299,100,
09:33:02,46.61,100,
09:33:02,46.6099,100,
09:33:02,46.6099,500,
09:33:02,46.6086,1200,
09:33:02,46.61,500,
09:33:02,46.60,100,
09:33:02,46.5999,100,
09:33:02,46.5999,100,
09:33:04,46.589,100,
09:33:04,46.589,175,
09:33:06,46.589,300,
09:33:06,46.589,400,
09:33:07,46.5899,200,
09:33:07,46.59,100,
09:33:10,46.58,100,
09:33:10,46.578,300,
09:33:10,46.56,160,
09:33:13,46.5799,200,
09:33:13,46.58,100,
09:33:13,46.56,100,
09:33:13,46.5496,5000,
09:33:18,46.50,200,
09:33:18,46.50,790,
09:33:18,46.50,500,
09:33:21,46.5099,500,
09:33:23,46.47,800,
09:33:23,46.47,300,
09:33:24,46.4899,3000,
09:33:24,46.45,100,
09:33:25,46.47,300,
09:33:25,46.49,100,
09:33:28,46.49,100,
09:33:29,46.4913,700,
09:33:30,46.488,100,
09:33:33,46.4999,500,
09:33:34,46.4994,100,
09:33:36,46.497,250,
09:33:37,46.50,400,
09:33:40,46.4821,3300,
09:33:41,46.52,100,
09:33:44,46.485,200,
09:33:46,46.486,200,
09:33:50,46.42,100,
09:33:51,46.40,500,
09:33:55,46.42,100,
09:33:55,46.4191,440,
09:34:00,46.411,450,
09:34:03,46.3458,1200,
09:34:03,46.33,700,
09:34:03,46.3541,100,
09:34:05,46.33,100,
09:34:08,46.303,1000,
09:34:09,46.339,100,
09:34:11,46.29,100,
09:34:12,46.318,300,
09:34:16,46.30,200,
09:34:17,46.30,100,
09:34:20,46.32,450,
09:34:20,46.329,200,
09:34:20,46.329,100,
09:34:20,46.3291,300,
09:34:21,46.317,450,
09:34:24,46.32,100,
09:34:26,46.32,600,
09:34:26,46.3001,14750,
09:34:30,46.36,700,
09:34:30,46.37,300,
09:34:34,46.4172,2000,
09:34:42,46.414,200,
09:34:50,46.4099,500,
09:34:54,46.30,200,
09:34:54,46.2999,100,
09:34:56,46.299,100,
09:34:56,46.31,145,
09:34:56,46.3072,855,
09:34:58,46.32,300,
09:34:58,46.32,400,
09:34:58,46.319,100,
09:34:58,46.329,500,
09:34:59,46.329,600,
09:34:59,46.27,2000,
09:35:00,46.2841,100,
09:35:00,46.25,400,
09:35:00,46.32,100,
09:35:01,46.319,100,
09:35:01,46.2792,400,
09:35:01,46.25,270,
09:35:01,46.22,400,
09:35:01,46.25,100,
09:35:01,46.24,200,
09:35:02,46.23,200,
09:35:02,46.23,100,
09:35:02,46.2289,450,
09:35:05,46.25,100,
09:35:05,46.25,100,
09:35:07,46.241,2600,
09:35:08,46.23,700,
09:35:08,46.23,300,
09:35:10,46.23,200,
09:35:11,46.2102,100,
09:35:12,46.21,420,
09:35:12,46.22,910,
09:35:12,46.20,300,
09:35:12,46.20,200,
09:35:12,46.22,900,
09:35:12,46.22,100,
09:35:12,46.22,100,
09:35:12,46.22,100,
09:35:13,46.20,100,
09:35:14,46.20,100,
09:35:14,46.17,200,
09:35:14,46.14,200,
09:35:14,46.1399,100,
09:35:15,46.149,100,
09:35:15,46.126,300,
09:35:16,46.15,100,
09:35:16,46.16,100,
09:35:16,46.16,200,
09:35:16,46.17,1200,
09:35:18,46.22,100,
09:35:18,46.22,700,
09:35:18,46.22,300,
09:35:18,46.22,100,
09:35:18,46.22,300,
09:35:18,46.22,100,
09:35:18,46.22,100,
09:35:18,46.23,100,
09:35:21,46.23,700,
09:35:22,46.21,100,
09:35:22,46.203,1000,
09:35:24,46.20,300,
09:35:26,46.20,400,
09:35:26,46.176,500,
09:35:29,46.21,100,
09:35:31,46.20,400,
09:35:31,46.20,100,
09:35:33,46.2062,100,
09:35:36,46.19,200,
09:35:39,46.1911,100,
09:35:39,46.16,100,
09:35:39,46.17,100,
09:35:40,46.18,100,
09:35:40,46.18,700,
09:35:40,46.18,300,
09:35:40,46.18,300,
09:35:40,46.20,800,
09:35:41,46.18,700,
09:35:43,46.184,575,
09:35:49,46.15,200,
09:35:52,46.16,100,
09:35:52,46.16,200,
09:35:52,46.13,200,
09:35:53,46.10,100,
09:35:53,46.10,100,
09:35:53,46.11,200,
09:35:53,46.1199,377,
09:35:54,46.09,300,
09:35:54,46.12,200,
09:35:54,46.12,100,
09:35:55,46.11,200,
09:35:55,46.10,4900,
09:35:57,46.10,100,
09:35:59,46.14,400,
09:35:59,46.10,100,
09:35:59,46.10,100,
09:36:01,46.1243,200,
09:36:04,46.20,100,
09:36:04,46.20,100,
09:36:04,46.21,162,
09:36:04,46.21,100,
09:36:04,46.22,100,
09:36:07,46.1962,150,
09:36:08,46.1891,177,
09:36:10,46.166,150,
09:36:12,46.1714,2000,
09:36:12,46.1925,1900,
09:36:13,46.2099,400,
09:36:13,46.209,100,
09:36:14,46.2099,200,
09:36:15,46.1801,200,
09:36:16,46.198,200,
09:36:17,46.22,100,
09:36:20,46.216,900,
09:36:21,46.23,600,
09:36:21,46.24,100,
09:36:21,46.24,210,
09:36:21,46.24,100,
09:36:21,46.24,100,
09:36:22,46.232,2200,
09:36:23,46.25,100,
09:36:24,46.2599,2000,
09:36:24,46.23,500,
09:36:24,46.23,100,
09:36:26,46.22,300,
09:36:27,46.219,100,
09:36:27,46.22,300,
09:36:27,46.22,300,
09:36:27,46.217,300,
09:36:28,46.22,100,
09:36:28,46.22,100,
09:36:29,46.231,100,
09:36:30,46.234,300,
09:36:33,46.21,100,
09:36:34,46.2001,500,
09:36:35,46.229,400,
09:36:36,46.2258,1000,
09:36:39,46.24,300,
09:36:39,46.24,100,
09:36:39,46.24,400,
09:36:40,46.2471,250,
09:36:40,46.2465,700,
09:36:41,46.2499,700,
09:36:46,46.2025,2200,
09:36:47,46.2285,100,
09:36:52,46.1913,1500,
09:36:57,46.17,100,
09:36:57,46.17,590,
09:36:57,46.17,1500,
09:36:59,46.1762,400,
09:36:59,46.15,1364,
09:37:03,46.19,200,
09:37:04,46.21,100,
09:37:04,46.21,200,
09:37:06,46.24,300,
09:37:07,46.22,300,
09:37:09,46.24,100,
09:37:09,46.24,100,
09:37:10,46.22,100,
09:37:16,46.2099,642,
09:37:18,46.20,160,
09:37:19,46.23,100,
09:37:19,46.22,600,
09:37:22,46.2679,3300,
09:37:23,46.24,100,
09:37:23,46.24,200,
09:37:23,46.2443,400,
09:37:26,46.24,600,
09:37:26,46.27,100,
09:37:26,46.27,100,
09:37:26,46.27,100,
09:37:30,46.276,900,
09:37:31,46.2999,100,
09:37:31,46.2999,100,
09:37:31,46.30,100,
09:37:33,46.2998,200,
09:37:33,46.30,100,
09:37:34,46.2858,900,
09:37:40,46.306,540,
09:37:46,46.28,500,
09:37:46,46.28,100,
09:37:46,46.28,100,
09:37:46,46.28,300,
09:37:46,46.28,295,
09:37:46,46.28,505,
09:37:46,46.28,300,
09:37:46,46.28,100,
09:37:47,46.29,100,
09:37:47,46.2706,1162,
09:37:47,46.30,100,
09:37:47,46.297,700,
09:37:48,46.29,100,
09:37:48,46.27,100,
09:37:49,46.2801,400,
09:37:54,46.29,100,
09:37:54,46.29,500,
09:37:55,46.3042,1000,
09:37:57,46.324,500,
09:37:57,46.329,100,
09:37:58,46.3295,100,
09:37:59,46.3138,150,
09:38:03,46.27,210,
09:38:05,46.27,200,
09:38:13,46.2719,100,
09:38:14,46.30,100,
09:38:14,46.30,100,
09:38:14,46.32,100,
09:38:14,46.32,500,
09:38:17,46.31,800,
09:38:17,46.34,100,
09:38:18,46.3201,100,
09:38:22,46.3002,516,
09:38:22,46.30,500,
09:38:29,46.289,300,
09:38:29,46.289,300,
09:38:32,46.30,100,
09:38:33,46.28,800,
09:38:34,46.25,210,
09:38:34,46.25,700,
09:38:35,46.25,300,
09:38:37,46.24,1000,
09:38:37,46.24,800,
09:38:37,46.24,210,
09:38:37,46.24,100,
09:38:37,46.2328,3300,
09:38:37,46.23,151,
09:38:37,46.2387,1000,
09:38:43,46.26,210,
09:38:43,46.28,200,
09:38:48,46.27,100,
09:38:48,46.28,900,
09:38:48,46.28,800,
09:38:48,46.28,100,
09:38:49,46.26,300,
09:38:50,46.2665,200,
09:38:52,46.2601,200,
09:38:53,46.24,100,
09:38:53,46.25,100,
09:38:54,46.2558,600,
09:38:57,46.2592,250,
09:39:00,46.2462,200,
09:39:02,46.27,100,
09:39:02,46.27,100,
09:39:02,46.27,100,
09:39:02,46.27,100,
09:39:03,46.23,100,
09:39:03,46.25,500,
09:39:04,46.29,100,
09:39:06,46.28,210,
09:39:06,46.28,300,
09:39:06,46.26,300,
09:39:07,46.28,500,
09:39:07,46.244,1200,
09:39:09,46.2542,500,
09:39:10,46.279,500,
09:39:10,46.279,500,
09:39:12,46.25,100,
09:39:12,46.25,100,
09:39:12,46.24,400,
09:39:12,46.23,145,
09:39:17,46.26,210,
09:39:17,46.27,400,
09:39:17,46.29,200,
09:39:20,46.30,100,
09:39:20,46.2604,100,
09:39:28,46.279,100,
09:39:28,46.279,100,
09:39:30,46.287,100,
09:39:32,46.30,500,
09:39:34,46.244,100,
09:39:36,46.26,200,
09:39:37,46.23,210,
09:39:41,46.23,200,
09:39:45,46.24,300,
09:39:47,46.27,200,
09:39:55,46.287,400,
09:40:02,46.265,200,
09:40:02,46.251,300,
09:40:03,46.27,100,
09:40:03,46.28,400,
09:40:03,46.28,400,
09:40:03,46.28,200,
09:40:03,46.28,100,
09:40:04,46.2801,600,
09:40:05,46.251,100,
09:40:08,46.25,210,
09:40:11,46.26,100,
09:40:13,46.2502,642,
09:40:15,46.28,210,
09:40:15,46.30,210,
09:40:15,46.30,100,
09:40:15,46.30,100,
09:40:15,46.27,100,
09:40:16,46.266,500,
09:40:18,46.2993,500,
09:40:19,46.289,130,
09:40:20,46.33,115,
09:40:22,46.29,200,
09:40:23,46.33,100,
09:40:24,46.3258,1000,
09:40:25,46.3001,400,
09:40:32,46.30,100,
09:40:33,46.34,200,
09:40:33,46.34,300,
09:40:35,46.3299,150,
09:40:36,46.319,600,
09:40:36,46.324,1650,
09:40:43,46.3399,300,
09:40:43,46.35,2200,
09:40:44,46.29,100,
09:40:44,46.29,100,
09:40:46,46.32,100,
09:40:46,46.32,210,
09:40:47,46.32,100,
09:40:47,46.32,500,
09:40:48,46.32,100,
09:40:50,46.3172,1000,
09:40:51,46.32,300,
09:40:51,46.32,500,
09:40:51,46.32,300,
09:40:55,46.319,500,
09:40:57,46.30,210,
09:41:00,46.25,100,
09:41:00,46.25,300,
09:41:00,46.24,210,
09:41:00,46.2565,300,
09:41:00,46.22,100,
09:41:00,46.22,100,
09:41:01,46.2198,100,
09:41:01,46.19,300,
09:41:01,46.19,100,
09:41:01,46.19,300,
09:41:01,46.1907,1000,
09:41:01,46.19,300,
09:41:01,46.18,300,
09:41:02,46.20,100,
09:41:02,46.1941,100,
09:41:04,46.22,100,
09:41:04,46.209,1180,
09:41:07,46.1701,2800,
09:41:07,46.1716,180,
09:41:11,46.1844,1000,
09:41:11,46.15,200,
09:41:11,46.15,500,
09:41:12,46.1299,500,
09:41:13,46.111,2000,
09:41:14,46.14,100,
09:41:17,46.14,200,
09:41:17,46.14,110,
09:41:17,46.17,100,
09:41:17,46.17,200,
09:41:17,46.17,200,
09:41:17,46.17,500,
09:41:21,46.17,290,
09:41:21,46.15,100,
09:41:21,46.16,110,
09:41:21,46.16,100,
09:41:21,46.17,210,
09:41:21,46.12,100,
09:41:22,46.1302,3000,
09:41:25,46.1412,6500,
09:41:30,46.1576,100,
09:41:32,46.25,200,
09:41:32,46.25,100,
09:41:32,46.25,100,
09:41:32,46.21,400,
09:41:32,46.21,210,
09:41:33,46.18,1000,
09:41:33,46.17,100,
09:41:34,46.18,100,
09:41:34,46.19,400,
09:41:35,46.17,100,
09:41:37,46.20,300,
09:41:44,46.234,2200,
09:41:46,46.2672,1300,
09:41:49,46.25,300,
09:41:52,46.2199,200,
09:41:54,46.24,100,
09:41:54,46.25,400,
09:41:54,46.26,100,
09:42:02,46.249,200,
09:42:02,46.249,100,
09:42:05,46.242,800,
09:42:07,46.2001,7600,
09:42:09,46.20,100,
09:42:09,46.20,400,
09:42:10,46.20,500,
09:42:12,46.1901,2470,
09:42:19,46.20,100,
09:42:21,46.21,100,
09:42:21,46.1901,100,
09:42:26,46.247,100,
09:42:29,46.23,200,
09:42:30,46.25,1000,
09:42:35,46.27,200,
09:42:35,46.27,100,
09:42:35,46.27,100,
09:42:35,46.27,110,
09:42:35,46.27,300,
09:42:35,46.26,100,
09:42:36,46.28,210,
09:42:41,46.2786,2000,
09:42:44,46.28,100,
09:42:44,46.27,1400,
09:42:44,46.284,2700,
09:42:47,46.2658,1000,
09:42:48,46.27,210,
09:42:48,46.29,490,
09:42:48,46.29,210,
09:42:48,46.27,800,
09:42:48,46.26,300,
09:42:50,46.262,600,
09:42:54,46.26,300,
09:43:04,46.18,100,
09:43:04,46.18,200,
09:43:05,46.20,2250,
09:43:09,46.14,200,
09:43:09,46.14,500,
09:43:11,46.1209,400,
09:43:17,46.1699,200,
09:43:17,46.1699,200,
09:43:27,46.1985,200,
09:43:33,46.189,2800,
09:43:33,46.189,2900,
09:43:34,46.13,100,
09:43:34,46.13,200,
09:43:34,46.17,100,
09:43:34,46.13,205,
09:43:35,46.19,1000,
09:43:37,46.14,210,
09:43:38,46.1562,200,
09:43:46,46.15,185,
09:43:46,46.15,400,
09:43:47,46.15,500,
09:43:47,46.15,298,
09:43:48,46.15,100,
09:43:48,46.15,200,
09:43:52,46.15,300,
09:43:54,46.11,205,
09:43:54,46.11,100,
09:43:56,46.09,100,
09:43:56,46.13,300,
09:43:56,46.102,600,
09:43:57,46.095,1500,
09:43:57,46.075,258,
09:43:58,46.073,1000,
09:43:58,46.0601,500,
09:43:59,46.071,100,
09:44:01,46.06,100,
09:44:01,46.07,210,
09:44:01,46.07,100,
09:44:02,46.078,100,
09:44:02,46.084,500,
09:44:02,46.061,118,
09:44:02,46.061,200,
09:44:04,46.0999,115,
09:44:05,46.08,100,
09:44:05,46.07,1400,
09:44:05,46.07,600,
09:44:05,46.09,205,
09:44:05,46.09,995,
09:44:05,46.066,582,
09:44:05,46.08,100,
09:44:07,46.109,100,
09:44:08,46.1101,200,
09:44:09,46.09,200,
09:44:14,46.12,100,
09:44:22,46.10,300,
09:44:24,46.0956,800,
09:44:25,46.1224,300,
09:44:31,46.0601,400,
09:44:32,46.09,210,
09:44:35,46.08,210,
09:44:37,46.0899,100,
09:44:37,46.09,100,
09:44:37,46.0899,100,
09:44:37,46.09,190,
09:44:37,46.0899,300,
09:44:37,46.0899,210,
09:44:38,46.09,200,
09:44:38,46.09,100,
09:44:39,46.10,300,
09:44:39,46.12,300,
09:44:43,46.1393,1000,
09:44:47,46.1301,100,
09:44:47,46.15,200,
09:44:47,46.15,500,
09:44:47,46.15,200,
09:44:47,46.15,400,
09:44:48,46.15,200,
09:44:50,46.1401,7000,
09:44:53,46.16,200,
09:44:54,46.18,1100,
09:45:00,46.159,100,
09:45:00,46.14,200,
09:45:00,46.14,100,
09:45:02,46.16,800,
09:45:05,46.1698,100,
09:45:05,46.169,200,
09:45:07,46.169,150,
09:45:08,46.166,500,
09:45:12,46.189,2000,
09:45:15,46.19,100,
09:45:18,46.229,200,
09:45:18,46.229,200,
09:45:20,46.2299,500,
09:45:20,46.227,500,
09:45:20,46.227,300,
09:45:22,46.23,500,
09:45:22,46.23,183,
09:45:22,46.23,300,
09:45:22,46.23,1007,
09:45:22,46.23,200,
09:45:22,46.23,100,
09:45:24,46.229,100,
09:45:25,46.20,210,
09:45:27,46.1894,1000,
09:45:29,46.21,300,
09:45:31,46.1994,1200,
09:45:32,46.22,200,
09:45:36,46.20,100,
09:45:37,46.21,200,
09:45:37,46.19,300,
09:45:39,46.17,100,
09:45:39,46.17,100,
09:45:39,46.1701,400,
09:45:46,46.175,200,
09:46:00,46.21,1700,
09:46:00,46.2099,1600,
09:46:01,46.16,210,
09:46:01,46.17,200,
09:46:02,46.16,500,
09:46:04,46.1698,200,
09:46:07,46.20,100,
09:46:07,46.21,100,
09:46:07,46.22,100,
09:46:13,46.1906,1000,
09:46:14,46.24,100,
09:46:17,46.24,100,
09:46:18,46.25,200,
09:46:24,46.2541,100,
09:46:25,46.25,100,
09:46:25,46.269,100,
09:46:26,46.26,100,
09:46:26,46.26,100,
09:46:26,46.26,100,
09:46:27,46.279,100,
09:46:28,46.26,600,
09:46:28,46.26,100,
09:46:29,46.2499,200,
09:46:34,46.287,1000,
09:46:36,46.29,100,
09:46:39,46.25,100,
09:46:40,46.28,210,
09:46:42,46.28,300,
09:46:42,46.2943,200,
09:46:45,46.2993,500,
09:46:48,46.31,100,
09:46:48,46.3099,500,
09:46:49,46.307,200,
09:46:50,46.309,100,
09:46:50,46.309,800,
09:46:51,46.3099,2000,
09:46:52,46.32,100,
09:46:54,46.329,100,
09:46:55,46.3299,500,
09:46:56,46.329,300,
09:46:56,46.329,950,
09:46:56,46.32,100,
09:46:57,46.30,100,
09:46:58,46.30,100,
09:46:59,46.26,100,
09:46:59,46.26,100,
09:46:59,46.25,100,
09:46:59,46.25,100,
09:47:00,46.269,100,
09:47:00,46.24,210,
09:47:00,46.24,400,
09:47:00,46.19,300,
09:47:00,46.19,300,
09:47:00,46.19,300,
09:47:00,46.16,200,
09:47:00,46.17,100,
09:47:00,46.19,300,
09:47:00,46.19,100,
09:47:00,46.20,2400,
09:47:00,46.21,100,
09:47:00,46.20,100,
09:47:00,46.21,100,
09:47:00,46.1889,400,
09:47:01,46.21,100,
09:47:01,46.24,100,
09:47:03,46.2509,380,
09:47:11,46.24,100,
09:47:12,46.24,100,
09:47:13,46.239,500,
09:47:24,46.2206,1200,
09:47:26,46.2341,300,
09:47:32,46.2599,100,
09:47:34,46.2501,100,
09:47:35,46.256,500,
09:47:39,46.2405,400,
09:47:41,46.2499,100,
09:47:46,46.29,198,
09:47:46,46.29,100,
09:47:46,46.30,210,
09:47:46,46.30,199,
09:47:46,46.30,400,
09:47:46,46.289,100,
09:47:46,46.289,200,
09:47:51,46.319,200,
09:47:51,46.33,210,
09:47:51,46.35,100,
09:47:52,46.3201,300,
09:47:53,46.32,1000,
09:47:55,46.36,200,
09:47:56,46.341,500,
09:47:56,46.351,100,
09:48:00,46.3501,200,
09:48:02,46.38,100,
09:48:02,46.39,400,
09:48:02,46.39,100,
09:48:02,46.368,1000,
09:48:03,46.38,100,
09:48:03,46.3799,100,
09:48:03,46.39,100,
09:48:04,46.39,400,
09:48:05,46.4086,3300,
09:48:06,46.4199,100,
09:48:06,46.4185,300,
09:48:07,46.417,500,
09:48:08,46.4193,1000,
09:48:09,46.40,200,
09:48:09,46.42,400,
09:48:09,46.42,100,
09:48:09,46.39,100,
09:48:10,46.41,450,
09:48:13,46.43,100,
09:48:14,46.43,100,
09:48:15,46.4343,450,
09:48:15,46.4001,500,
09:48:15,46.40,200,
09:48:16,46.43,150,
09:48:17,46.3996,500,
09:48:18,46.3996,1000,
09:48:19,46.4497,400,
09:48:20,46.42,200,
09:48:20,46.42,300,
09:48:20,46.41,100,
09:48:20,46.40,100,
09:48:21,46.3801,1000,
09:48:22,46.45,100,
09:48:25,46.3886,1000,
09:48:27,46.41,1000,
09:48:28,46.405,200,
09:48:28,46.409,101,
09:48:30,46.419,100,
09:48:30,46.419,200,
09:48:30,46.43,200,
09:48:30,46.43,100,
09:48:33,46.3958,650,
09:48:34,46.40,100,
09:48:36,46.39,100,
09:48:36,46.39,100,
09:48:36,46.372,1000,
09:48:39,46.41,100,
09:48:39,46.44,200,
09:48:40,46.3914,200,
09:48:42,46.42,200,
09:48:42,46.3941,100,
09:48:43,46.44,200,
09:48:44,46.4499,100,
09:48:45,46.46,100,
09:48:45,46.46,100,
09:48:45,46.458,1000,
09:48:47,46.47,200,
09:48:47,46.47,600,
09:48:48,46.43,200,
09:48:50,46.45,470,
09:48:50,46.44,100,
09:48:50,46.44,600,
09:48:51,46.43,100,
09:48:51,46.45,100,
09:48:53,46.409,100,
09:48:53,46.42,100,
09:48:56,46.45,300,
09:48:57,46.42,100,
09:48:57,46.40,400,
09:48:57,46.42,300,
09:48:58,46.38,100,
09:48:58,46.37,100,
09:49:01,46.379,100,
09:49:02,46.378,600,
09:49:07,46.428,500,
09:49:07,46.42,600,
09:49:08,46.38,200,
09:49:08,46.40,300,
09:49:08,46.399,300,
09:49:08,46.3721,2000,
09:49:15,46.36,100,
09:49:15,46.36,300,
09:49:16,46.33,200,
09:49:17,46.33,100,
09:49:17,46.33,100,
09:49:18,46.36,100,
09:49:21,46.38,100,
09:49:21,46.37,500,
09:49:24,46.3962,400,
09:49:27,46.4001,200,
09:49:27,46.40,300,
09:49:30,46.41,200,
09:49:30,46.41,200,
09:49:36,46.401,2000,
09:49:37,46.4297,100,
09:49:39,46.43,100,
09:49:39,46.43,100,
09:49:42,46.4301,500,
09:49:43,46.44,100,
09:49:43,46.4458,630,
09:49:44,46.39,200,
09:49:44,46.4001,300,
09:49:52,46.3942,600,
09:49:56,46.42,100,
09:49:57,46.45,210,
09:49:57,46.46,1060,
09:49:58,46.44,100,
09:49:59,46.42,100,
09:50:00,46.4042,1000,
09:50:06,46.40,136,
09:50:06,46.3962,150,
09:50:08,46.3999,500,
09:50:09,46.42,200,
09:50:14,46.36,100,
09:50:14,46.36,452,
09:50:19,46.36,1000,
09:50:30,46.42,900,
09:50:35,46.418,400,
09:50:41,46.4199,150,
09:50:47,46.38,100,
09:50:50,46.34,400,
09:50:50,46.34,210,
09:50:50,46.33,100,
09:50:51,46.3301,500,
09:50:54,46.3312,7000,
09:50:57,46.334,500,
09:50:58,46.30,300,
09:50:58,46.28,210,
09:50:58,46.31,300,
09:50:58,46.30,100,
09:50:58,46.30,200,
09:50:58,46.30,190,
09:50:58,46.31,200,
09:50:58,46.31,100,
09:50:58,46.27,210,
09:50:58,46.27,100,
09:50:59,46.28,200,
09:50:59,46.28,400,
09:50:59,46.29,300,
09:51:02,46.2901,300,
09:51:04,46.29,100,
09:51:05,46.30,300,
09:51:05,46.30,100,
09:51:07,46.3201,200,
09:51:07,46.32,200,
09:51:09,46.32,400,
09:51:09,46.31,210,
09:51:09,46.30,100,
09:51:09,46.30,300,
09:51:09,46.30,200,
09:51:09,46.30,300,
09:51:09,46.29,100,
09:51:09,46.29,300,
09:51:10,46.308,1000,
09:51:11,46.32,300,
09:51:13,46.319,1000,
09:51:15,46.30,100,
09:51:18,46.34,100,
09:51:18,46.3397,250,
09:51:21,46.35,100,
09:51:28,46.39,200,
09:51:29,46.39,100,
09:51:30,46.38,210,
09:51:35,46.395,100,
09:51:36,46.41,210,
09:51:42,46.4195,600,
09:51:48,46.3801,1000,
09:51:58,46.4198,300,
09:51:59,46.39,100,
09:51:59,46.39,100,
09:52:01,46.341,380,
09:52:02,46.36,146,
09:52:02,46.39,210,
09:52:03,46.40,100,
09:52:03,46.40,400,
09:52:03,46.40,690,
09:52:03,46.41,100,
09:52:03,46.41,300,
09:52:03,46.41,300,
09:52:03,46.3899,100,
09:52:03,46.40,300,
09:52:10,46.41,1000,
09:52:16,46.4001,100,
09:52:20,46.39,200,
09:52:20,46.39,200,
09:52:20,46.39,300,
09:52:21,46.41,700,
09:52:26,46.44,1000,
09:52:26,46.44,215,
09:52:26,46.44,300,
09:52:26,46.44,115,
09:52:26,46.45,100,
09:52:26,46.42,150,
09:52:27,46.40,200,
09:52:30,46.43,200,
09:52:30,46.43,100,
09:52:30,46.43,1000,
09:52:30,46.43,900,
09:52:30,46.43,185,
09:52:30,46.43,800,
09:52:32,46.40,200,
09:52:37,46.4099,100,
09:52:47,46.4071,150,
09:52:48,46.39,400,
09:52:48,46.39,400,
09:52:53,46.38,300,
09:52:54,46.4099,150,
09:52:55,46.4011,150,
09:52:57,46.41,100,
09:53:02,46.37,210,
09:53:03,46.3758,500,
09:53:09,46.3999,1227,
09:53:11,46.40,200,
09:53:12,46.4293,900,
09:53:16,46.43,200,
09:53:16,46.43,600,
09:53:16,46.45,400,
09:53:17,46.45,100,
09:53:19,46.45,100,
09:53:19,46.45,200,
09:53:19,46.45,300,
09:53:19,46.45,400,
09:53:19,46.45,300,
09:53:19,46.44,200,
09:53:19,46.44,100,
09:53:20,46.45,100,
09:53:20,46.47,200,
09:53:21,46.47,210,
09:53:21,46.48,400,
09:53:21,46.48,200,
09:53:22,46.4999,300,
09:53:22,46.50,100,
09:53:22,46.50,100,
09:53:22,46.51,200,
09:53:22,46.5199,100,
09:53:24,46.52,100,
09:53:24,46.53,200,
09:53:24,46.51,2000,
09:53:24,46.51,100,
09:53:24,46.5001,100,
09:53:25,46.5142,500,
09:53:25,46.50,100,
09:53:25,46.52,100,
09:53:25,46.52,100,
09:53:25,46.487,1000,
09:53:27,46.50,100,
09:53:27,46.50,100,
09:53:33,46.5298,200,
09:53:33,46.53,700,
09:53:35,46.53,100,
09:53:36,46.528,400,
09:53:39,46.52,100,
09:53:39,46.5102,1800,
09:53:39,46.51,800,
09:53:40,46.51,300,
09:53:40,46.50,200,
09:53:41,46.51,100,
09:53:41,46.51,100,
09:53:41,46.5171,300,
09:53:47,46.4999,100,
09:53:50,46.55,100,
09:53:50,46.55,400,
09:53:50,46.56,500,
09:53:50,46.56,200,
09:53:50,46.56,200,
09:53:51,46.56,280,
09:53:51,46.56,100,
09:53:51,46.484,100,
09:53:51,46.58,200,
09:53:53,46.5499,200,
09:53:53,46.5499,500,
09:53:53,46.5499,300,
09:53:54,46.55,100,
09:53:54,46.55,100,
09:53:55,46.578,500,
09:53:57,46.5758,600,
09:53:57,46.5701,100,
09:54:00,46.55,200,
09:54:01,46.51,300,
09:54:01,46.5202,100,
09:54:02,46.539,784,
09:54:03,46.55,100,
09:54:03,46.57,100,
09:54:03,46.5501,100,
09:54:03,46.59,300,
09:54:04,46.5613,500,
09:54:05,46.5357,200,
09:54:09,46.534,1000,
09:54:10,46.5394,1000,
09:54:10,46.52,100,
09:54:12,46.536,200,
09:54:13,46.5259,400,
09:54:13,46.5499,400,
09:54:15,46.54,100,
09:54:16,46.53,300,
09:54:16,46.53,100,
09:54:18,46.52,400,
09:54:20,46.5301,300,
09:54:20,46.53,200,
09:54:22,46.536,2700,
09:54:28,46.52,100,
09:54:28,46.52,100,
09:54:29,46.50,500,
09:54:29,46.50,200,
09:54:29,46.51,100,
09:54:29,46.51,100,
09:54:29,46.51,100,
09:54:30,46.54,500,
09:54:31,46.51,100,
09:54:31,46.51,100,
09:54:31,46.48,100,
09:54:31,46.4557,130,
09:54:33,46.47,400,
09:54:33,46.47,100,
09:54:33,46.47,100,
09:54:33,46.47,100,
09:54:33,46.48,200,
09:54:34,46.507,500,
09:54:37,46.4608,200,
09:54:43,46.49,400,
09:54:49,46.4708,100,
09:54:49,46.471,1300,
09:54:51,46.46,100,
09:54:51,46.46,100,
09:54:51,46.4599,1000,
09:54:51,46.46,100,
09:54:51,46.47,4900,
09:54:52,46.46,100,
09:54:52,46.46,100,
09:54:54,46.50,100,
09:54:54,46.489,200,
09:54:59,46.49,1000,
09:54:59,46.49,1100,
09:54:59,46.49,700,
09:54:59,46.49,7700,
09:54:59,46.4901,8600,
09:55:05,46.5094,500,
09:55:08,46.50,100,
09:55:09,46.51,300,
09:55:11,46.51,200,
09:55:15,46.51,200,
09:55:18,46.498,1000,
09:55:19,46.491,100,
09:55:21,46.51,300,
09:55:21,46.50,100,
09:55:21,46.50,100,
09:55:24,46.4758,1100,
09:55:24,46.472,500,
09:55:28,46.48,300,
09:55:28,46.487,100,
09:55:30,46.4858,500,
09:55:31,46.49,300,
09:55:31,46.49,300,
09:55:31,46.49,200,
09:55:32,46.4942,500,
09:55:36,46.478,100,
09:55:37,46.47,800,
09:55:40,46.4705,1000,
09:55:41,46.4701,250,
09:55:42,46.47,176,
09:55:42,46.47,100,
09:55:42,46.49,100,
09:55:42,46.49,300,
09:55:42,46.50,210,
09:55:51,46.4689,300,
09:55:55,46.49,2000,
09:55:57,46.49,100,
09:55:59,46.4701,500,
09:56:00,46.47,200,
09:56:00,46.47,300,
09:56:02,46.47,200,
09:56:03,46.49,100,
09:56:04,46.5001,100,
09:56:09,46.53,100,
09:56:09,46.53,100,
09:56:12,46.55,750,
09:56:16,46.56,500,
09:56:16,46.5502,300,
09:56:17,46.56,100,
09:56:17,46.56,100,
09:56:19,46.52,100,
09:56:20,46.52,100,
09:56:21,46.526,100,
09:56:23,46.5311,300,
09:56:25,46.526,1000,
09:56:25,46.51,400,
09:56:26,46.49,300,
09:56:26,46.49,200,
09:56:26,46.48,200,
09:56:26,46.48,200,
09:56:26,46.48,100,
09:56:30,46.50,200,
09:56:31,46.48,300,
09:56:31,46.48,100,
09:56:31,46.48,300,
09:56:31,46.48,300,
09:56:31,46.48,100,
09:56:31,46.46,500,
09:56:31,46.46,200,
09:56:31,46.46,200,
09:56:31,46.44,200,
09:56:31,46.46,200,
09:56:31,46.46,200,
09:56:31,46.48,200,
09:56:31,46.48,200,
09:56:31,46.47,100,
09:56:31,46.47,100,
09:56:31,46.47,100,
09:56:31,46.48,200,
09:56:31,46.46,100,
09:56:31,46.46,380,
09:56:31,46.48,500,
09:56:31,46.46,300,
09:56:31,46.50,200,
09:56:31,46.50,200,
09:56:40,46.4694,1000,
09:56:53,46.46,100,
09:56:54,46.4502,1000,
09:56:56,46.44,300,
09:56:56,46.44,100,
09:56:58,46.40,200,
09:56:58,46.40,400,
09:57:00,46.39,310,
09:57:00,46.39,100,
09:57:00,46.38,110,
09:57:00,46.38,100,
09:57:00,46.38,200,
09:57:00,46.39,100,
09:57:00,46.39,100,
09:57:00,46.38,300,
09:57:01,46.3801,500,
09:57:01,46.3899,4200,
09:57:01,46.38,1600,
09:57:01,46.38,113,
09:57:01,46.39,100,
09:57:01,46.39,164,
09:57:01,46.40,100,
09:57:01,46.40,200,
09:57:01,46.41,300,
09:57:01,46.41,100,
09:57:01,46.41,110,
09:57:01,46.38,100,
09:57:01,46.38,300,
09:57:02,46.38,500,
09:57:03,46.39,100,
09:57:03,46.39,100,
09:57:03,46.39,100,
09:57:03,46.39,100,
09:57:04,46.44,1500,
09:57:05,46.37,100,
09:57:05,46.37,100,
09:57:10,46.40,400,
09:57:16,46.393,600,
09:57:23,46.414,2700,
09:57:31,46.429,1000,
09:57:31,46.43,100,
09:57:31,46.43,100,
09:57:31,46.43,500,
09:57:33,46.47,300,
09:57:36,46.4601,500,
09:57:36,46.46,100,
09:57:41,46.49,200,
09:57:43,46.48,100,
09:57:46,46.5101,600,
09:57:54,46.53,100,
09:57:58,46.521,300,
09:58:02,46.489,100,
09:58:04,46.486,4000,
09:58:09,46.4199,100,
09:58:10,46.448,100,
09:58:33,46.42,300,
09:58:34,46.4201,400,
09:58:35,46.46,100,
09:58:36,46.4551,108,
09:58:36,46.4693,1000,
09:58:47,46.4499,300,
09:58:50,46.40,244,
09:58:53,46.4058,700,
09:58:54,46.40,300,
09:58:57,46.36,400,
09:58:57,46.36,210,
09:58:57,46.37,200,
09:58:57,46.36,100,
09:58:57,46.36,100,
09:58:57,46.3401,100,
09:58:58,46.35,400,
09:59:03,46.32,700,
09:59:03,46.311,300,
09:59:04,46.3399,600,
09:59:04,46.31,3300,
09:59:05,46.3393,1000,
09:59:07,46.3311,100,
09:59:07,46.30,3300,
09:59:10,46.291,200,
09:59:10,46.291,300,
09:59:12,46.29,100,
09:59:12,46.28,100,
09:59:12,46.28,100,
09:59:13,46.2991,260,
09:59:15,46.25,500,
09:59:18,46.2672,200,
09:59:24,46.2799,900,
09:59:24,46.25,100,
09:59:28,46.30,900,
09:59:31,46.3299,500,
09:59:33,46.349,100,
09:59:38,46.29,200,
09:59:38,46.27,100,
09:59:38,46.25,100,
09:59:38,46.29,300,
09:59:38,46.27,100,
09:59:38,46.26,100,
09:59:38,46.26,100,
09:59:39,46.2844,500,
09:59:42,46.2898,2000,
09:59:43,46.25,1036,
09:59:43,46.23,100,
09:59:43,46.25,100,
09:59:43,46.22,200,
09:59:43,46.25,100,
09:59:43,46.21,100,
09:59:43,46.237,1000,
09:59:44,46.2385,500,
09:59:45,46.215,200,
09:59:46,46.26,100,
09:59:46,46.23,200,
09:59:46,46.23,300,
09:59:46,46.22,674,
09:59:48,46.24,200,
09:59:49,46.2076,100,
09:59:51,46.2129,1500,
09:59:55,46.2199,210,
09:59:57,46.202,1000,
09:59:59,46.2196,1000,
09:59:59,46.20,700,
10:00:01,46.18,100,
10:00:02,46.18,100,
10:00:02,46.18,100,
10:00:02,46.18,100,
10:00:03,46.1894,1000,
10:00:04,46.18,200,
10:00:05,46.17,800,
10:00:08,46.17,800,
10:00:08,46.17,210,
10:00:10,46.173,1900,
10:00:12,46.16,300,
10:00:14,46.1685,600,
10:00:16,46.146,100,
10:00:20,46.1399,810,
10:00:23,46.10,100,
10:00:25,46.14,100,
10:00:27,46.14,300,
10:00:32,46.15,100,
10:00:32,46.15,200,
10:00:34,46.15,100,
10:00:34,46.15,100,
10:00:34,46.15,100,
10:00:38,46.16,300,
10:00:38,46.16,210,
10:00:38,46.17,100,
10:00:38,46.17,200,
10:00:38,46.17,100,
10:00:42,46.1599,100,
10:00:44,46.1419,200,
10:00:46,46.159,500,
10:00:46,46.15,100,
10:00:46,46.1441,275,
10:00:47,46.15,210,
10:00:52,46.14,800,
10:00:54,46.1285,1000,
10:00:56,46.12,210,
10:00:56,46.11,254,
10:00:56,46.12,500,
10:00:56,46.10,700,
10:00:56,46.10,500,
10:00:56,46.10,1600,
10:00:56,46.12,100,
10:00:56,46.10,500,
10:00:58,46.1394,300,
10:00:58,46.11,200,
10:00:58,46.106,250,
10:00:59,46.1294,1000,
10:01:00,46.11,100,
10:01:02,46.10,400,
10:01:04,46.1057,300,
10:01:10,46.114,200,
10:01:13,46.12,100,
10:01:13,46.12,200,
10:01:13,46.12,500,
10:01:13,46.12,300,
10:01:13,46.12,1000,
10:01:13,46.12,200,
10:01:15,46.11,100,
10:01:15,46.11,100,
10:01:19,46.14,300,
10:01:19,46.15,100,
10:01:19,46.15,200,
10:01:23,46.17,210,
10:01:23,46.17,100,
10:01:23,46.17,100,
10:01:23,46.20,100,
10:01:25,46.189,300,
10:01:25,46.189,300,
10:01:28,46.19,100,
10:01:28,46.18,200,
10:01:28,46.19,100,
10:01:28,46.1901,300,
10:01:28,46.189,100,
10:01:28,46.189,100,
10:01:28,46.189,100,
10:01:30,46.1707,350,
10:01:30,46.15,310,
10:01:30,46.15,100,
10:01:30,46.13,100,
10:01:31,46.15,300,
10:01:31,46.15,200,
10:01:34,46.1391,150,
10:01:35,46.12,300,
10:01:39,46.1006,1000,
10:01:45,46.13,300,
10:01:45,46.14,100,
10:01:45,46.14,100,
10:01:48,46.10,100,
10:01:48,46.10,700,
10:01:48,46.08,194,
10:01:48,46.10,300,
10:01:48,46.10,200,
10:01:48,46.10,300,
10:01:48,46.10,210,
10:01:49,46.1199,100,
10:01:56,46.1009,370,
10:01:58,46.073,500,
10:02:02,46.06,100,
10:02:02,46.06,710,
10:02:02,46.06,200,
10:02:02,46.0406,250,
10:02:03,46.07,100,
10:02:05,46.062,1000,
10:02:06,46.05,150,
10:02:07,46.064,1000,
10:02:09,46.06,100,
10:02:09,46.0699,300,
10:02:10,46.09,210,
10:02:10,46.0899,100,
10:02:11,46.14,210,
10:02:11,46.13,100,
10:02:12,46.13,100,
10:02:15,46.1198,100,
10:02:15,46.12,500,
10:02:19,46.14,100,
10:02:19,46.15,200,
10:02:19,46.13,200,
10:02:19,46.096,1250,
10:02:21,46.10,100,
10:02:22,46.11,100,
10:02:25,46.13,500,
10:02:31,46.11,100,
10:02:33,46.10,100,
10:02:39,46.1291,300,
10:02:43,46.1001,100,
10:02:44,46.10,100,
10:02:45,46.1101,200,
10:02:48,46.11,210,
10:02:51,46.13,133,
10:02:53,46.11,200,
10:02:53,46.09,400,
10:02:53,46.09,210,
10:02:53,46.08,400,
10:02:53,46.07,400,
10:02:53,46.0799,400,
10:02:53,46.08,100,
10:02:53,46.07,100,
10:02:53,46.07,100,
10:02:53,46.07,100,
10:02:56,46.0996,500,
10:02:56,46.09,100,
10:02:57,46.11,300,
10:02:57,46.11,210,
10:02:57,46.12,700,
10:02:57,46.10,100,
10:02:57,46.12,200,
10:02:59,46.09,100,
10:03:04,46.13,100,
10:03:05,46.1006,100,
10:03:07,46.11,100,
10:03:07,46.11,400,
10:03:08,46.14,100,
10:03:08,46.14,1100,
10:03:08,46.1399,1600,
10:03:09,46.13,150,
10:03:11,46.12,100,
10:03:15,46.14,100,
10:03:15,46.14,100,
10:03:15,46.14,300,
10:03:15,46.14,300,
10:03:15,46.14,300,
10:03:17,46.1498,200,
10:03:20,46.14,300,
10:03:20,46.12,100,
10:03:23,46.09,100,
10:03:23,46.09,100,
10:03:25,46.0901,300,
10:03:25,46.10,100,
10:03:31,46.10,200,
10:03:31,46.10,210,
10:03:31,46.10,100,
10:03:33,46.12,100,
10:03:35,46.14,300,
10:03:35,46.14,300,
10:03:47,46.19,100,
10:03:48,46.17,100,
10:03:48,46.17,400,
10:03:48,46.17,100,
10:03:49,46.169,100,
10:03:51,46.17,500,
10:03:54,46.21,100,
10:03:54,46.21,100,
10:03:54,46.20,400,
10:03:57,46.22,100,
10:03:57,46.22,200,
10:03:59,46.25,100,
10:04:00,46.25,100,
10:04:00,46.23,210,
10:04:01,46.237,100,
10:04:02,46.21,500,
10:04:02,46.239,200,
10:04:06,46.21,200,
10:04:08,46.186,500,
10:04:10,46.188,1000,
10:04:11,46.19,400,
10:04:13,46.1999,100,
10:04:14,46.179,200,
10:04:15,46.20,100,
10:04:24,46.2272,1050,
10:04:24,46.1901,100,
10:04:30,46.2394,200,
10:04:30,46.24,100,
10:04:33,46.23,200,
10:04:33,46.23,100,
10:04:33,46.2301,500,
10:04:33,46.23,100,
10:04:33,46.22,400,
10:04:33,46.22,100,
10:04:45,46.27,100,
10:04:45,46.2501,2000,
10:04:45,46.2501,2000,
10:04:48,46.26,800,
10:04:48,46.27,3990,
10:04:48,46.27,400,
10:04:49,46.2386,100,
10:04:51,46.23,100,
10:04:51,46.23,210,
10:04:51,46.21,1400,
10:04:56,46.24,100,
10:04:57,46.19,100,
10:04:57,46.19,2300,
10:05:01,46.23,100,
10:05:04,46.2513,1000,
10:05:08,46.2399,500,
10:05:12,46.1801,775,
10:05:13,46.18,200,
10:05:13,46.18,100,
10:05:13,46.16,100,
10:05:15,46.1698,2500,
10:05:21,46.15,210,
10:05:21,46.15,100,
10:05:22,46.169,200,
10:05:22,46.169,200,
10:05:23,46.169,1200,
10:05:23,46.169,800,
10:05:30,46.22,100,
10:05:31,46.1942,1000,
10:05:36,46.2058,600,
10:05:37,46.209,300,
10:05:37,46.209,200,
10:05:37,46.21,200,
10:05:37,46.21,200,
10:05:37,46.21,300,
10:05:37,46.21,800,
10:05:37,46.22,300,
10:05:37,46.22,100,
10:05:37,46.21,100,
10:05:38,46.22,400,
10:05:38,46.21,200,
10:05:41,46.24,400,
10:05:41,46.2401,800,
10:05:42,46.259,100,
10:05:42,46.259,100,
10:05:43,46.26,100,
10:05:43,46.2599,100,
10:05:43,46.22,210,
10:05:43,46.22,100,
10:05:47,46.2264,3000,
10:05:51,46.22,100,
10:05:54,46.2201,100,
10:05:54,46.2201,100,
10:05:54,46.22,100,
10:05:56,46.2361,1700,
10:05:58,46.239,100,
10:05:59,46.2388,7000,
10:06:06,46.20,200,
10:06:17,46.176,200,
10:06:18,46.16,100,
10:06:18,46.16,100,
10:06:19,46.16,400,
10:06:22,46.1536,1328,
10:06:24,46.1399,3000,
10:06:26,46.1501,200,
10:06:31,46.1542,1000,
10:06:33,46.16,400,
10:06:33,46.16,100,
10:06:33,46.169,200,
10:06:38,46.17,250,
10:06:39,46.1701,200,
10:06:42,46.15,700,
10:06:42,46.14,400,
10:06:42,46.13,300,
10:06:42,46.15,800,
10:06:42,46.15,300,
10:06:42,46.13,210,
10:06:42,46.13,600,
10:06:42,46.13,100,
10:06:42,46.13,400,
10:06:42,46.13,300,
10:06:42,46.13,200,
10:06:42,46.12,100,
10:06:42,46.12,100,
10:06:42,46.12,100,
10:06:42,46.12,100,
10:06:42,46.15,100,
10:06:42,46.11,100,
10:06:42,46.12,400,
10:06:42,46.11,100,
10:06:42,46.11,300,
10:06:44,46.11,100,
10:06:44,46.1105,1500,
10:06:46,46.13,1000,
10:06:48,46.10,300,
10:06:48,46.11,100,
10:06:50,46.10,500,
10:06:51,46.09,300,
10:06:51,46.10,100,
10:06:54,46.11,300,
10:06:54,46.11,400,
10:06:54,46.11,190,
10:06:54,46.11,210,
10:06:54,46.11,300,
10:06:54,46.12,100,
10:06:59,46.121,3000,
10:06:59,46.139,100,
10:07:07,46.1002,2000,
10:07:09,46.1198,2500,
10:07:10,46.10,210,
10:07:15,46.0801,2000,
10:07:18,46.0899,130,
10:07:23,46.0899,100,
10:07:23,46.09,800,
10:07:23,46.09,300,
10:07:23,46.11,200,
10:07:24,46.10,210,
10:07:32,46.10,200,
10:07:34,46.0801,500,
10:07:37,46.11,100,
10:07:37,46.11,200,
10:07:37,46.1099,2000,
10:07:37,46.11,100,
10:07:37,46.11,100,
10:07:39,46.08,500,
10:07:39,46.11,100,
10:07:40,46.06,100,
10:07:40,46.06,100,
10:07:40,46.06,100,
10:07:40,46.07,300,
10:07:40,46.0599,900,
10:07:40,46.07,100,
10:07:41,46.069,100,
10:07:42,46.0699,213,
10:07:42,46.05,305,
10:07:43,46.07,100,
10:07:43,46.07,100,
10:07:43,46.07,100,
10:07:45,46.04,200,
10:07:45,46.02,200,
10:07:45,46.02,2000,
10:07:45,46.02,600,
10:07:45,46.02,100,
10:07:45,46.02,300,
10:07:45,46.01,300,
10:07:45,46.01,500,
10:07:45,46.01,500,
10:07:45,46,300,
10:07:45,46,300,
10:07:45,46,300,
10:07:45,46,100,
10:07:45,46.02,300,
10:07:45,46.02,300,
10:07:45,46,100,
10:07:45,46,100,
10:07:45,46.02,200,
10:07:45,46,100,
10:07:45,46,100,
10:07:45,46,840,
10:07:45,46,160,
10:07:45,46.01,210,
10:07:45,46.01,300,
10:07:45,46.01,200,
10:07:45,46.02,300,
10:07:45,46.02,100,
10:07:45,46.02,100,
10:07:45,46.02,100,
10:07:45,46,1000,
10:07:45,46.01,100,
10:07:45,46,100,
10:07:45,46,100,
10:07:45,46.0206,100,
10:07:45,46,300,
10:07:45,46,100,
10:07:45,46,400,
10:07:45,46.001,500,
10:07:45,46.001,300,
10:07:45,46,385,
10:07:45,46,100,
10:07:45,46,200,
10:07:45,46,100,
10:07:45,46.0001,100,
10:07:45,46,100,
10:07:45,46,100,
10:07:45,46,100,
10:07:46,46.01,400,
10:07:46,46.01,100,
10:07:46,46,400,
10:07:47,46.02,300,
10:07:47,46,2800,
10:07:48,46.0114,3500,
10:07:49,46.01,300,
10:07:49,46.01,800,
10:07:49,46.01,100,
10:07:49,46,100,
10:07:49,46,200,
10:07:49,46,100,
10:07:49,46,500,
10:07:50,46.01,100,
10:07:50,46.01,300,
10:07:51,46,100,
10:07:52,46.07,210,
10:07:52,46.07,300,
10:07:52,46.08,300,
10:07:52,46.0699,100,
10:07:52,46.0699,300,
10:07:52,46.07,200,
10:07:53,46.054,325,
10:07:54,46.02,438,
10:07:54,46.04,300,
10:08:00,46.02,530,
10:08:00,46.021,100,
10:08:04,46.03,300,
10:08:04,46.03,100,
10:08:08,46.051,900,
10:08:08,46.051,100,
10:08:11,46.03,370,
10:08:11,46.02,100,
10:08:13,46.0389,400,
10:08:19,46.04,100,
10:08:19,46.04,100,
10:08:19,46.04,400,
10:08:20,46.03,100,
10:08:20,46.03,300,
10:08:20,46.02,300,
10:08:26,46,400,
10:08:28,46.01,100,
10:08:28,46.01,400,
10:08:29,45.9901,500,
10:08:29,45.97,150,
10:08:29,45.96,300,
10:08:29,45.9615,1000,
10:08:30,45.96,600,
10:08:30,45.96,300,
10:08:31,45.98,200,
10:08:31,45.97,100,
10:08:31,45.97,400,
10:08:31,45.97,210,
10:08:31,45.96,3000,
10:08:31,45.96,140,
10:08:32,45.96,100,
10:08:33,45.972,100,
10:08:33,45.97,550,
10:08:34,45.9701,500,
10:08:35,45.97,200,
10:08:35,45.93,205,
10:08:35,45.95,100,
10:08:35,45.96,400,
10:08:35,45.96,100,
10:08:36,45.97,300,
10:08:37,45.9601,100,
10:08:37,45.961,200,
10:08:38,45.961,100,
10:08:39,45.9628,500,
10:08:39,45.96,100,
10:08:40,45.9799,500,
10:08:40,45.97,200,
10:08:41,45.961,400,
10:08:42,45.9695,500,
10:08:43,45.9693,100,
10:08:46,45.941,200,
10:08:46,45.941,100,
10:08:47,45.97,210,
10:08:50,45.989,500,
10:08:56,46,100,
10:08:57,45.978,900,
10:08:58,45.951,300,
10:08:58,45.951,300,
10:08:58,45.95,210,
10:08:58,45.94,210,
10:08:58,45.95,420,
10:08:58,45.94,400,
10:08:58,45.94,100,
10:08:58,45.94,100,
10:08:58,45.9201,200,
10:08:58,45.95,365,
10:08:58,45.9399,300,
10:08:59,45.962,100,
10:09:01,45.94,100,
10:09:02,45.9499,228,
10:09:02,45.9499,4000,
10:09:02,45.96,220,
10:09:02,45.9342,1000,
10:09:05,45.97,300,
10:09:05,45.97,400,
10:09:05,45.97,210,
10:09:05,45.97,300,
10:09:06,45.94,100,
10:09:06,45.94,210,
10:09:09,45.949,100,
10:09:11,45.9498,642,
10:09:15,45.9401,100,
10:09:18,45.9493,285,
10:09:20,45.95,100,
10:09:20,45.95,100,
10:09:23,45.98,210,
10:09:23,45.98,100,
10:09:23,45.98,600,
10:09:25,45.9701,100,
10:09:25,46,100,
10:09:26,46,500,
10:09:28,46.0199,300,
10:09:28,45.98,181,
10:09:30,46.02,100,
10:09:31,46.028,300,
10:09:32,46.02,100,
10:09:33,46.0162,100,
10:09:34,46.02,100,
10:09:36,46.01,100,
10:09:44,46.03,400,
10:09:49,46.0199,500,
10:09:53,46.05,300,
10:09:57,46.02,100,
10:09:58,46.0106,1000,
10:10:01,46,100,
10:10:03,46.05,300,
10:10:04,46.08,100,
10:10:05,46.05,100,
10:10:05,46.05,200,
10:10:05,46.05,210,
10:10:06,46.05,200,
10:10:06,46.0201,505,
10:10:07,46.0739,1289,
10:10:10,46.045,7000,
10:10:13,46.0262,100,
10:10:24,46.0597,200,
10:10:27,46.0495,500,
10:10:30,46.0499,1000,
10:10:31,46.04,800,
10:10:36,46.0399,300,
10:10:36,46.05,100,
10:10:46,46.08,107,
10:10:46,46.08,100,
10:10:49,46.0801,200,
10:10:59,46.10,100,
10:10:59,46.1171,500,
10:10:59,46.12,100,
10:10:59,46.12,210,
10:10:59,46.14,100,
10:10:59,46.12,400,
10:10:59,46.12,100,
10:10:59,46.1101,400,
10:11:00,46.11,100,
10:11:02,46.12,100,
10:11:02,46.14,600,
10:11:02,46.14,200,
10:11:03,46.16,200,
10:11:14,46.11,100,
10:11:14,46.128,500,
10:11:17,46.12,100,
10:11:17,46.12,600,
10:11:17,46.12,900,
10:11:17,46.12,200,
10:11:17,46.13,100,
10:11:18,46.139,200,
10:11:19,46.17,100,
10:11:22,46.16,100,
10:11:22,46.16,500,
10:11:23,46.1301,100,
10:11:23,46.15,100,
10:11:24,46.16,210,
10:11:25,46.18,400,
10:11:25,46.20,400,
10:11:27,46.1958,1300,
10:11:28,46.16,100,
10:11:32,46.18,100,
10:11:32,46.18,210,
10:11:32,46.18,100,
10:11:32,46.17,100,
10:11:34,46.17,100,
10:11:34,46.17,100,
10:11:34,46.17,100,
10:11:34,46.1699,810,
10:11:38,46.163,400,
10:11:42,46.18,100,
10:11:43,46.18,100,
10:11:43,46.18,800,
10:11:47,46.1858,1050,
10:11:54,46.1471,1000,
10:11:59,46.12,100,
10:12:04,46.12,147,
10:12:07,46.12,300,
10:12:08,46.11,100,
10:12:20,46.1341,100,
10:12:23,46.15,100,
10:12:24,46.1399,300,
10:12:30,46.16,300,
10:12:30,46.16,210,
10:12:30,46.16,700,
10:12:30,46.17,210,
10:12:30,46.17,200,
10:12:30,46.18,100,
10:12:32,46.19,100,
10:12:32,46.21,100,
10:12:32,46.19,600,
10:12:34,46.18,100,
10:12:35,46.18,210,
10:12:35,46.15,100,
10:12:35,46.15,200,
10:12:35,46.14,210,
10:12:35,46.15,112,
10:12:36,46.16,100,
10:12:36,46.17,200,
10:12:38,46.21,300,
10:12:38,46.21,200,
10:12:38,46.23,200,
10:12:38,46.23,100,
10:12:38,46.23,600,
10:12:38,46.20,100,
10:12:38,46.23,100,
10:12:38,46.21,100,
10:12:40,46.20,200,
10:12:42,46.19,100,
10:12:44,46.20,400,
10:12:44,46.2143,150,
10:12:47,46.22,300,
10:12:50,46.29,100,
10:12:50,46.22,100,
10:12:51,46.27,100,
10:12:51,46.27,200,
10:12:52,46.2641,258,
10:12:53,46.2642,500,
10:12:54,46.266,100,
10:12:54,46.27,100,
10:12:54,46.27,200,
10:12:54,46.27,100,
10:12:54,46.27,100,
10:12:54,46.27,100,
10:12:54,46.27,100,
10:12:54,46.27,100,
10:12:54,46.27,200,
10:12:54,46.28,300,
10:12:55,46.289,500,
10:12:55,46.289,500,
10:12:56,46.27,100,
10:12:56,46.2701,100,
10:12:56,46.27,100,
10:12:56,46.27,100,
10:12:56,46.2701,100,
10:12:56,46.27,100,
10:12:57,46.302,533,
10:12:57,46.25,300,
10:12:58,46.26,100,
10:12:58,46.25,200,
10:12:58,46.25,1100,
10:12:58,46.28,100,
10:12:58,46.28,300,
10:12:58,46.29,300,
10:12:58,46.27,100,
10:12:58,46.28,100,
10:12:59,46.2699,200,
10:13:02,46.27,100,
10:13:02,46.29,300,
10:13:03,46.274,800,
10:13:03,46.27,100,
10:13:03,46.26,300,
10:13:03,46.24,100,
10:13:04,46.27,100,
10:13:04,46.27,300,
10:13:04,46.25,100,
10:13:04,46.25,100,
10:13:04,46.27,100,
10:13:04,46.28,100,
10:13:04,46.28,200,
10:13:04,46.27,100,
10:13:05,46.2914,300,
10:13:05,46.28,100,
10:13:07,46.296,900,
10:13:07,46.2993,250,
10:13:08,46.299,400,
10:13:08,46.299,300,
10:13:08,46.28,400,
10:13:08,46.27,210,
10:13:08,46.26,200,
10:13:08,46.26,200,
10:13:08,46.26,200,
10:13:08,46.26,100,
10:13:09,46.273,2000,
10:13:09,46.31,100,
10:13:09,46.31,100,
10:13:09,46.33,100,
10:13:09,46.33,300,
10:13:09,46.33,100,
10:13:10,46.34,400,
10:13:10,46.35,200,
10:13:10,46.34,100,
10:13:10,46.30,100,
10:13:10,46.35,100,
10:13:11,46.38,100,
10:13:12,46.38,300,
10:13:12,46.3772,1000,
10:13:12,46.34,200,
10:13:13,46.35,200,
10:13:13,46.35,1200,
10:13:17,46.342,500,
10:13:17,46.33,100,
10:13:17,46.35,100,
10:13:17,46.36,100,
10:13:18,46.301,1000,
10:13:19,46.35,100,
10:13:21,46.35,100,
10:13:24,46.34,100,
10:13:26,46.3598,100,
10:13:27,46.326,325,
10:13:30,46.3899,1200,
10:13:32,46.40,190,
10:13:32,46.40,185,
10:13:32,46.41,210,
10:13:32,46.42,100,
10:13:32,46.42,100,
10:13:32,46.42,100,
10:13:32,46.42,200,
10:13:32,46.42,100,
10:13:32,46.43,100,
10:13:33,46.39,100,
10:13:33,46.3903,300,
10:13:35,46.40,200,
10:13:35,46.40,200,
10:13:35,46.40,200,
10:13:35,46.40,600,
10:13:35,46.398,400,
10:13:36,46.38,500,
10:13:36,46.42,100,
10:13:36,46.44,500,
10:13:36,46.45,100,
10:13:36,46.40,100,
10:13:36,46.46,156,
10:13:36,46.45,400,
10:13:36,46.40,100,
10:13:36,46.40,100,
10:13:36,46.44,400,
10:13:36,46.44,700,
10:13:38,46.428,200,
10:13:38,46.373,500,
10:13:39,46.40,200,
10:13:42,46.3771,300,
10:13:43,46.39,100,
10:13:43,46.39,100,
10:13:43,46.3899,300,
10:13:44,46.371,100,
10:13:45,46.37,100,
10:13:45,46.37,100,
10:13:47,46.3501,3424,
10:13:47,46.3575,100,
10:13:50,46.3539,299,
10:13:54,46.39,200,
10:13:58,46.4699,200,
10:14:00,46.4641,300,
10:14:01,46.47,500,
10:14:01,46.47,390,
10:14:01,46.49,100,
10:14:01,46.49,380,
10:14:01,46.49,200,
10:14:01,46.48,800,
10:14:03,46.48,200,
10:14:03,46.48,1100,
10:14:03,46.48,1100,
10:14:03,46.48,700,
10:14:03,46.48,200,
10:14:03,46.48,200,
10:14:03,46.48,900,
10:14:03,46.47,100,
10:14:04,46.4699,100,
10:14:04,46.47,100,
10:14:04,46.47,100,
10:14:04,46.45,300,
10:14:05,46.45,200,
10:14:07,46.4538,400,
10:14:07,46.48,300,
10:14:07,46.48,500,
10:14:08,46.48,500,
10:14:08,46.48,100,
10:14:08,46.48,600,
10:14:08,46.48,400,
10:14:11,46.4614,3500,
10:14:12,46.4798,200,
10:14:12,46.4509,360,
10:14:13,46.48,1100,
10:14:13,46.48,500,
10:14:13,46.48,400,
10:14:13,46.48,1100,
10:14:14,46.52,100,
10:14:14,46.5101,300,
10:14:14,46.51,100,
10:14:14,46.53,100,
10:14:14,46.53,100,
10:14:14,46.53,100,
10:14:14,46.53,100,
10:14:15,46.499,400,
10:14:15,46.5207,750,
10:14:16,46.521,200,
10:14:17,46.531,200,
10:14:17,46.53,100,
10:14:17,46.55,100,
10:14:17,46.55,100,
10:14:18,46.523,100,
10:14:20,46.549,1300,
10:14:20,46.55,150,
10:14:20,46.523,180,
10:14:21,46.52,210,
10:14:21,46.5201,100,
10:14:21,46.5201,100,
10:14:21,46.5201,100,
10:14:21,46.549,3000,
10:14:21,46.549,3000,
10:14:22,46.52,100,
10:14:22,46.52,100,
10:14:22,46.521,100,
10:14:23,46.52,100,
10:14:23,46.51,100,
10:14:23,46.51,400,
10:14:23,46.51,200,
10:14:23,46.52,500,
10:14:23,46.52,400,
10:14:23,46.55,200,
10:14:23,46.55,100,
10:14:23,46.55,100,
10:14:23,46.57,400,
10:14:24,46.55,1100,
10:14:24,46.5442,1050,
10:14:25,46.54,300,
10:14:25,46.54,210,
10:14:25,46.53,300,
10:14:25,46.53,100,
10:14:25,46.52,300,
10:14:26,46.55,100,
10:14:26,46.5471,100,
10:14:26,46.549,300,
10:14:27,46.547,800,
10:14:28,46.55,100,
10:14:28,46.55,100,
10:14:29,46.56,100,
10:14:29,46.56,100,
10:14:30,46.5794,1500,
10:14:31,46.58,400,
10:14:31,46.58,200,
10:14:32,46.579,200,
10:14:32,46.579,300,
10:14:36,46.5511,200,
10:14:38,46.5452,323,
10:14:39,46.55,210,
10:14:40,46.56,100,
10:14:40,46.57,100,
10:14:44,46.58,100,
10:14:45,46.57,200,
10:14:48,46.56,100,
10:14:50,46.5657,200,
10:14:54,46.5529,400,
10:14:54,46.57,100,
10:14:57,46.5551,100,
10:14:57,46.551,200,
10:14:59,46.551,400,
10:14:59,46.553,300,
10:15:00,46.553,800,
10:15:01,46.58,100,
10:15:04,46.5623,100,
10:15:04,46.561,900,
10:15:05,46.58,100,
10:15:05,46.60,100,
10:15:05,46.60,800,
10:15:05,46.60,100,
10:15:05,46.60,100,
10:15:05,46.59,100,
10:15:05,46.59,100,
10:15:05,46.59,100,
10:15:05,46.59,360,
10:15:05,46.57,100,
10:15:06,46.571,500,
10:15:06,46.571,100,
10:15:06,46.571,100,
10:15:06,46.60,2500,
10:15:09,46.576,250,
10:15:16,46.5706,500,
10:15:17,46.5601,100,
10:15:17,46.56,100,
10:15:17,46.5601,100,
10:15:18,46.561,800,
10:15:18,46.5601,100,
10:15:19,46.57,100,
10:15:19,46.561,100,
10:15:19,46.561,100,
10:15:21,46.5601,300,
10:15:21,46.56,300,
10:15:21,46.5601,200,
10:15:21,46.5601,200,
10:15:21,46.56,200,
10:15:21,46.5601,1000,
10:15:25,46.56,100,
10:15:25,46.5601,700,
10:15:30,46.61,500,
10:15:30,46.6099,300,
10:15:31,46.6298,100,
10:15:32,46.6003,100,
10:15:33,46.624,6900,
10:15:34,46.6094,500,
10:15:37,46.5997,500,
10:15:38,46.5703,400,
10:15:40,46.5999,400,
10:15:43,46.5702,100,
10:15:45,46.5671,1000,
10:15:45,46.57,100,
10:15:49,46.55,100,
10:15:54,46.60,100,
10:15:54,46.60,580,
10:15:54,46.574,900,
10:15:54,46.58,300,
10:15:54,46.59,700,
10:15:54,46.58,210,
10:15:54,46.58,700,
10:15:54,46.57,300,
10:15:54,46.58,100,
10:15:56,46.5358,1000,
10:15:59,46.55,100,
10:16:03,46.5642,500,
10:16:04,46.531,400,
10:16:08,46.52,100,
10:16:08,46.52,200,
10:16:10,46.52,100,
10:16:10,46.51,100,
10:16:10,46.50,100,
10:16:10,46.49,100,
10:16:15,46.4559,100,
10:16:16,46.47,100,
10:16:16,46.4743,300,
10:16:18,46.4557,135,
10:16:18,46.47,200,
10:16:19,46.48,200,
10:16:19,46.45,400,
10:16:20,46.48,200,
10:16:26,46.4599,3800,
10:16:29,46.45,100,
10:16:29,46.45,1600,
10:16:29,46.45,100,
10:16:29,46.45,400,
10:16:29,46.47,300,
10:16:29,46.47,400,
10:16:29,46.47,508,
10:16:29,46.47,265,
10:16:29,46.47,800,
10:16:30,46.4611,100,
10:16:32,46.4361,1000,
10:16:39,46.46,400,
10:16:39,46.45,210,
10:16:41,46.4401,4000,
10:16:41,46.46,300,
10:16:51,46.43,100,
10:16:52,46.42,100,
10:17:07,46.39,300,
10:17:09,46.37,100,
10:17:13,46.362,1000,
10:17:16,46.37,300,
10:17:17,46.37,100,
10:17:17,46.36,300,
10:17:18,46.35,100,
10:17:20,46.39,100,
10:17:20,46.39,100,
10:17:20,46.39,100,
10:17:21,46.39,100,
10:17:22,46.3894,1250,
10:17:26,46.3699,200,
10:17:26,46.37,400,
10:17:28,46.37,100,
10:17:28,46.39,100,
10:17:28,46.40,300,
10:17:28,46.40,200,
10:17:36,46.31,400,
10:17:36,46.31,100,
10:17:36,46.30,200,
10:17:36,46.29,200,
10:17:40,46.29,100,
10:17:46,46.29,258,
10:17:46,46.29,200,
10:17:46,46.29,100,
10:17:46,46.30,100,
10:17:47,46.31,100,
10:17:47,46.3191,600,
10:17:48,46.29,100,
10:17:48,46.28,100,
10:17:48,46.26,100,
10:17:48,46.25,100,
10:17:48,46.25,300,
10:17:48,46.25,390,
10:17:48,46.25,100,
10:17:48,46.24,100,
10:17:49,46.24,190,
10:17:52,46.229,300,
10:17:53,46.23,100,
10:17:54,46.20,100,
10:17:54,46.18,2700,
10:17:55,46.20,300,
10:17:55,46.18,100,
10:17:55,46.20,210,
10:17:57,46.202,780,
10:18:00,46.2001,100,
10:18:03,46.18,100,
10:18:06,46.19,300,
10:18:06,46.18,100,
10:18:08,46.17,210,
10:18:08,46.169,200,
10:18:12,46.1914,450,
10:18:14,46.19,300,
10:18:17,46.20,400,
10:18:18,46.21,300,
10:18:18,46.21,400,
10:18:18,46.21,300,
10:18:19,46.24,100,
10:18:24,46.226,400,
10:18:26,46.2598,100,
10:18:28,46.26,100,
10:18:30,46.25,200,
10:18:30,46.25,100,
10:18:32,46.2499,300,
10:18:39,46.24,180,
10:18:40,46.20,100,
10:18:51,46.206,200,
10:18:51,46.19,100,
10:18:51,46.19,210,
10:18:51,46.19,100,
10:18:51,46.19,300,
10:18:58,46.21,200,
10:19:07,46.1504,300,
10:19:09,46.15,215,
10:19:09,46.15,200,
10:19:10,46.13,210,
10:19:10,46.13,100,
10:19:10,46.13,100,
10:19:10,46.13,100,
10:19:11,46.1404,100,
10:19:12,46.136,300,
10:19:13,46.12,210,
10:19:15,46.1202,300,
10:19:16,46.12,200,
10:19:25,46.10,100,
10:19:25,46.10,100,
10:19:26,46.07,200,
10:19:26,46.07,100,
10:19:26,46.07,200,
10:19:26,46.08,300,
10:19:27,46.052,800,
10:19:29,46.06,400,
10:19:29,46.06,100,
10:19:29,46.06,651,
10:19:30,46.044,1000,
10:19:34,46.07,200,
10:19:34,46.07,210,
10:19:34,46.07,100,
10:19:34,46.08,300,
10:19:34,46.08,100,
10:19:34,46.08,100,
10:19:34,46.08,200,
10:19:34,46.07,190,
10:19:34,46.08,310,
10:19:34,46.07,100,
10:19:34,46.07,200,
10:19:35,46.0601,300,
10:19:35,46.08,100,
10:19:35,46.08,400,
10:19:35,46.08,100,
10:19:35,46.08,300,
10:19:35,46.08,300,
10:19:35,46.08,100,
10:19:35,46.085,100,
10:19:37,46.0799,600,
10:19:41,46.08,200,
10:19:41,46.08,100,
10:19:42,46.08,500,
10:19:44,46.08,100,
10:19:44,46.08,100,
10:19:47,46.06,300,
10:19:47,46.08,100,
10:19:49,46.05,800,
10:19:49,46.05,100,
10:19:50,46.06,300,
10:19:50,46.06,300,
10:19:50,46.0599,300,
10:19:51,46.054,400,
10:19:53,46.08,100,
10:19:53,46.08,100,
10:19:55,46.08,300,
10:19:55,46.08,210,
10:19:56,46.10,300,
10:19:57,46.0908,217,
10:20:06,46.09,200,
10:20:08,46.07,150,
10:20:10,46.08,400,
10:20:10,46.0799,300,
10:20:11,46.08,300,
10:20:11,46.08,210,
10:20:12,46.07,100,
10:20:12,46.06,210,
10:20:12,46.06,190,
10:20:12,46.06,100,
10:20:15,46.08,100,
10:20:15,46.0791,260,
10:20:23,46.07,200,
10:20:23,46.07,300,
10:20:26,46.08,100,
10:20:26,46.08,200,
10:20:26,46.0901,500,
10:20:26,46.10,100,
10:20:26,46.09,100,
10:20:26,46.09,210,
10:20:26,46.09,400,
10:20:26,46.1001,300,
10:20:31,46.1019,200,
10:20:32,46.10,300,
10:20:32,46.10,300,
10:20:32,46.10,100,
10:20:32,46.10,200,
10:20:32,46.09,400,
10:20:32,46.10,500,
10:20:38,46.08,200,
10:20:43,46.1088,6500,
10:20:46,46.1062,100,
10:20:47,46.10,210,
10:20:47,46.09,100,
10:20:47,46.0901,300,
10:20:49,46.09,200,
10:20:50,46.0708,200,
10:20:51,46.09,100,
10:20:51,46.09,100,
10:20:51,46.09,500,
10:20:55,46.0711,300,
10:20:57,46.08,100,
10:20:57,46.07,100,
10:20:57,46.0801,100,
10:20:58,46.0672,100,
10:21:00,46.0794,250,
10:21:03,46.07,100,
10:21:06,46.06,300,
10:21:06,46.06,700,
10:21:06,46.06,100,
10:21:06,46.06,300,
10:21:06,46.06,100,
10:21:06,46.06,300,
10:21:06,46.06,200,
10:21:06,46.06,100,
10:21:06,46.06,100,
10:21:06,46.07,100,
10:21:17,46.0799,1000,
10:21:23,46.079,500,
10:21:24,46.0796,500,
10:21:29,46.08,100,
10:21:29,46.08,300,
10:21:29,46.08,123,
10:21:29,46.08,177,
10:21:36,46.10,100,
10:21:39,46.13,100,
10:21:43,46.12,100,
10:21:45,46.15,100,
10:21:51,46.16,200,
10:21:52,46.189,500,
10:21:58,46.1897,100,
10:22:00,46.19,400,
10:22:00,46.184,650,
10:22:04,46.2299,500,
10:22:05,46.23,300,
10:22:09,46.23,300,
10:22:13,46.23,100,
10:22:14,46.25,100,
10:22:15,46.2799,300,
10:22:17,46.2501,300,
10:22:18,46.24,100,
10:22:18,46.2691,300,
10:22:20,46.26,100,
10:22:23,46.23,300,
10:22:24,46.22,100,
10:22:25,46.23,300,
10:22:25,46.23,300,
10:22:26,46.2499,200,
10:22:30,46.2792,400,
10:22:31,46.22,100,
10:22:31,46.22,100,
10:22:31,46.22,100,
10:22:31,46.22,200,
10:22:31,46.2558,1050,
10:22:33,46.233,100,
10:22:33,46.239,600,
10:22:34,46.227,100,
10:22:34,46.24,2500,
10:22:34,46.249,300,
10:22:34,46.2499,200,
10:22:39,46.2643,100,
10:22:39,46.269,300,
10:22:40,46.27,100,
10:22:40,46.28,300,
10:22:40,46.29,100,
10:22:40,46.296,500,
10:22:41,46.3134,100,
10:22:41,46.319,100,
10:22:42,46.287,1100,
10:22:42,46.29,200,
10:22:42,46.29,200,
10:22:43,46.29,200,
10:22:43,46.29,300,
10:22:48,46.32,200,
10:22:49,46.3272,100,
10:22:49,46.329,200,
10:22:51,46.3198,500,
10:22:53,46.2642,1050,
10:22:59,46.26,100,
10:22:59,46.28,100,
10:23:05,46.249,100,
10:23:05,46.269,1000,
10:23:05,46.269,1000,
10:23:07,46.27,800,
10:23:07,46.299,300,
10:23:08,46.27,100,
10:23:08,46.25,100,
10:23:12,46.27,100,
10:23:12,46.27,100,
10:23:12,46.27,100,
10:23:12,46.27,100,
10:23:19,46.2707,1000,
10:23:21,46.25,180,
10:23:21,46.2499,700,
10:23:23,46.21,200,
10:23:23,46.22,100,
10:23:23,46.22,300,
10:23:27,46.222,334,
10:23:29,46.2529,200,
10:23:41,46.25,100,
10:23:41,46.2501,200,
10:23:41,46.25,200,
10:23:44,46.27,300,
10:23:44,46.27,100,
10:23:44,46.27,100,
10:23:44,46.27,200,
10:23:44,46.27,300,
10:23:44,46.27,700,
10:23:44,46.27,200,
10:23:44,46.27,100,
10:23:44,46.27,300,
10:23:44,46.27,100,
10:23:46,46.273,1700,
10:23:49,46.27,100,
10:23:51,46.30,300,
10:23:51,46.30,500,
10:23:53,46.31,100,
10:23:53,46.30,6900,
10:23:56,46.24,100,
10:23:56,46.2485,560,
10:24:00,46.29,136,
10:24:05,46.2581,250,
10:24:08,46.26,100,
10:24:08,46.2599,100,
10:24:13,46.24,100,
10:24:14,46.2399,300,
10:24:14,46.2399,100,
10:24:15,46.2201,100,
10:24:16,46.22,200,
10:24:16,46.2199,200,
10:24:16,46.195,250,
10:24:20,46.21,210,
10:24:21,46.20,300,
10:24:21,46.20,300,
10:24:21,46.20,200,
10:24:21,46.20,100,
10:24:21,46.18,300,
10:24:21,46.18,100,
10:24:21,46.18,300,
10:24:21,46.20,200,
10:24:22,46.17,210,
10:24:22,46.16,100,
10:24:22,46.15,100,
10:24:22,46.15,100,
10:24:22,46.1401,100,
10:24:22,46.14,200,
10:24:31,46.1602,200,
10:24:33,46.19,200,
10:24:33,46.19,100,
10:24:33,46.19,200,
10:24:46,46.25,100,
10:24:48,46.23,100,
10:24:48,46.26,100,
10:24:48,46.26,400,
10:24:54,46.25,100,
10:24:57,46.24,200,
10:25:00,46.28,200,
10:25:00,46.28,100,
10:25:01,46.243,700,
10:25:01,46.243,4300,
10:25:11,46.2901,900,
10:25:15,46.3001,2500,
10:25:18,46.33,100,
10:25:18,46.33,1100,
10:25:18,46.34,100,
10:25:18,46.34,100,
10:25:20,46.33,100,
10:25:21,46.32,100,
10:25:22,46.34,200,
10:25:31,46.34,100,
10:25:35,46.3397,200,
10:25:35,46.31,100,
10:25:40,46.3107,500,
10:25:42,46.30,100,
10:25:46,46.3107,1000,
10:25:49,46.311,200,
10:25:58,46.3191,110,
10:26:10,46.33,100,
10:26:19,46.273,500,
10:26:22,46.26,100,
10:26:28,46.27,300,
10:26:28,46.27,700,
10:26:33,46.2601,100,
10:26:53,46.2901,200,
10:27:01,46.3094,500,
10:27:14,46.32,150,
10:27:14,46.35,400,
10:27:14,46.34,100,
10:27:15,46.36,100,
10:27:15,46.36,200,
10:27:15,46.36,100,
10:27:15,46.35,100,
10:27:16,46.341,500,
10:27:16,46.341,500,
10:27:22,46.34,150,
10:27:23,46.36,560,
10:27:27,46.3618,6500,
10:27:31,46.39,180,
10:27:31,46.39,600,
10:27:31,46.40,100,
10:27:31,46.40,100,
10:27:31,46.40,400,
10:27:36,46.41,100,
10:27:40,46.40,500,
10:27:43,46.38,100,
10:27:43,46.38,100,
10:27:44,46.398,200,
10:27:48,46.4111,200,
10:27:50,46.3906,1000,
10:27:51,46.373,300,
10:27:56,46.36,100,
10:28:00,46.36,400,
10:28:00,46.35,100,
10:28:00,46.35,430,
10:28:03,46.33,500,
10:28:03,46.318,2400,
10:28:03,46.3152,250,
10:28:06,46.35,210,
10:28:09,46.30,210,
10:28:09,46.29,100,
10:28:13,46.314,800,
10:28:15,46.33,200,
10:28:19,46.3441,200,
10:28:25,46.32,100,
10:28:25,46.32,100,
10:28:25,46.34,200,
10:28:25,46.34,210,
10:28:25,46.34,300,
10:28:25,46.32,200,
10:28:25,46.32,400,
10:28:25,46.31,100,
10:28:25,46.31,100,
10:28:25,46.31,100,
10:28:25,46.31,100,
10:28:28,46.27,100,
10:28:28,46.27,400,
10:28:28,46.28,100,
10:28:30,46.2799,100,
10:28:33,46.27,500,
10:28:33,46.27,200,
10:28:33,46.27,400,
10:28:33,46.28,200,
10:28:33,46.28,300,
10:28:33,46.27,100,
10:28:34,46.276,1400,
10:28:37,46.272,400,
10:28:38,46.299,100,
10:28:40,46.28,450,
10:28:41,46.29,400,
10:28:41,46.2899,100,
10:28:41,46.2899,210,
10:28:57,46.30,300,
10:29:02,46.3111,645,
10:29:09,46.3201,1000,
10:29:32,46.25,100,
10:29:38,46.25,200,
10:29:47,46.33,100,
10:29:50,46.34,100,
10:29:54,46.32,100,
10:30:06,46.3101,100,
10:30:07,46.37,100,
10:30:12,46.41,500,
10:30:12,46.40,199,
10:30:13,46.44,100,
10:30:14,46.38,100,
10:30:14,46.39,210,
10:30:14,46.39,100,
10:30:14,46.37,210,
10:30:14,46.36,200,
10:30:14,46.36,100,
10:30:14,46.37,100,
10:30:14,46.35,100,
10:30:14,46.34,400,
10:30:14,46.32,100,
10:30:14,46.3341,400,
10:30:15,46.35,100,
10:30:15,46.35,200,
10:30:15,46.34,100,
10:30:15,46.32,100,
10:30:15,46.32,100,
10:30:15,46.32,100,
10:30:15,46.32,100,
10:30:15,46.319,200,
10:30:15,46.35,400,
10:30:15,46.359,100,
10:30:15,46.35,100,
10:30:15,46.319,100,
10:30:17,46.37,100,
10:30:17,46.32,3900,
10:30:19,46.3686,100,
10:30:19,46.3773,100,
10:30:19,46.38,100,
10:30:19,46.3773,563,
10:30:22,46.36,100,
10:30:22,46.35,100,
10:30:22,46.37,100,
10:30:27,46.36,100,
10:30:27,46.374,1000,
10:30:30,46.34,300,
10:30:35,46.33,100,
10:30:38,46.37,100,
10:30:39,46.35,210,
10:30:39,46.34,100,
10:30:39,46.3386,100,
10:30:39,46.35,270,
10:30:39,46.35,100,
10:30:40,46.34,200,
10:30:45,46.30,200,
10:30:45,46.29,300,
10:30:46,46.30,100,
10:30:47,46.27,210,
10:30:47,46.27,100,
10:30:47,46.2701,100,
10:30:49,46.28,200,
10:30:51,46.30,100,
10:30:53,46.32,300,
10:30:53,46.32,100,
10:30:57,46.2792,200,
10:30:59,46.3141,100,
10:31:07,46.28,650,
10:31:08,46.25,100,
10:31:08,46.2501,100,
10:31:08,46.2501,500,
10:31:08,46.2501,100,
10:31:08,46.2501,220,
10:31:08,46.24,200,
10:31:08,46.24,130,
10:31:08,46.23,200,
10:31:12,46.2701,100,
10:31:13,46.26,400,
10:31:19,46.2711,300,
10:31:19,46.254,1050,
10:31:20,46.256,400,
10:31:21,46.25,100,
10:31:22,46.2799,200,
10:31:23,46.242,2200,
10:31:26,46.276,1000,
10:31:29,46.3204,100,
10:31:29,46.311,1500,
10:31:29,46.311,1500,
10:31:31,46.31,500,
10:31:31,46.35,100,
10:31:31,46.34,100,
10:31:31,46.31,2200,
10:31:32,46.35,500,
10:31:32,46.35,580,
10:31:36,46.37,400,
10:31:37,46.38,100,
10:31:39,46.331,900,
10:31:39,46.331,900,
10:31:41,46.33,500,
10:31:42,46.334,500,
10:31:44,46.357,2000,
10:31:54,46.36,300,
10:32:02,46.40,200,
10:32:06,46.39,100,
10:32:06,46.38,300,
10:32:06,46.36,100,
10:32:09,46.3741,100,
10:32:10,46.3501,400,
10:32:23,46.38,100,
10:32:23,46.41,210,
10:32:23,46.42,600,
10:32:23,46.42,200,
10:32:23,46.43,100,
10:32:23,46.44,210,
10:32:23,46.45,151,
10:32:23,46.47,400,
10:32:27,46.46,100,
10:32:28,46.48,100,
10:32:28,46.47,100,
10:32:28,46.47,100,
10:32:28,46.47,100,
10:32:30,46.47,100,
10:32:31,46.47,100,
10:32:31,46.47,100,
10:32:31,46.46,100,
10:32:31,46.45,100,
10:32:31,46.45,210,
10:32:31,46.45,400,
10:32:31,46.46,100,
10:32:31,46.46,100,
10:32:31,46.49,400,
10:32:31,46.47,100,
10:32:31,46.47,100,
10:32:32,46.479,200,
10:32:34,46.478,3600,
10:32:35,46.44,100,
10:32:35,46.44,100,
10:32:37,46.47,100,
10:32:37,46.47,200,
10:32:40,46.479,100,
10:32:49,46.47,200,
10:32:50,46.50,100,
10:32:50,46.50,300,
10:32:51,46.50,300,
10:32:53,46.47,300,
10:32:57,46.50,400,
10:32:57,46.50,100,
10:32:57,46.51,100,
10:32:57,46.4701,300,
10:33:00,46.46,100,
10:33:02,46.46,100,
10:33:09,46.4999,100,
10:33:13,46.46,100,
10:33:18,46.487,100,
10:33:19,46.47,100,
10:33:19,46.4609,360,
10:33:19,46.49,100,
10:33:19,46.49,300,
10:33:19,46.48,100,
10:33:26,46.49,200,
10:33:26,46.49,400,
10:33:26,46.49,300,
10:33:26,46.49,600,
10:33:26,46.49,100,
10:33:29,46.48,200,
10:33:33,46.5201,1800,
10:33:34,46.50,100,
10:33:34,46.5014,100,
10:33:35,46.50,100,
10:33:39,46.53,100,
10:33:40,46.55,200,
10:33:41,46.58,400,
10:33:41,46.58,100,
10:33:41,46.58,100,
10:33:41,46.57,210,
10:33:41,46.5799,1000,
10:33:42,46.55,400,
10:33:42,46.54,200,
10:33:42,46.559,200,
10:33:42,46.559,300,
10:33:44,46.56,3600,
10:33:47,46.5545,200,
10:33:51,46.589,164,
10:33:51,46.589,200,
10:33:53,46.5801,100,
10:33:54,46.57,210,
10:33:57,46.5797,100,
10:33:59,46.554,1050,
10:34:00,46.58,100,
10:34:00,46.58,100,
10:34:02,46.58,210,
10:34:04,46.58,100,
10:34:04,46.55,900,
10:34:09,46.59,200,
10:34:10,46.5608,100,
10:34:13,46.5601,2000,
10:34:17,46.5601,100,
10:34:20,46.584,100,
10:34:20,46.54,100,
10:34:20,46.54,400,
10:34:24,46.55,100,
10:34:24,46.56,100,
10:34:25,46.54,100,
10:34:25,46.5209,800,
10:34:29,46.54,800,
10:34:31,46.5395,1000,
10:34:33,46.55,300,
10:34:35,46.5599,200,
10:34:38,46.5699,300,
10:34:44,46.542,3600,
10:34:44,46.542,500,
10:34:44,46.56,600,
10:34:44,46.56,100,
10:34:46,46.54,100,
10:34:47,46.53,100,
10:34:49,46.54,3000,
10:34:49,46.54,5095,
10:34:53,46.539,100,
10:34:56,46.538,300,
10:34:56,46.54,100,
10:34:57,46.5214,100,
10:34:57,46.5214,200,
10:34:57,46.5214,100,
10:34:57,46.54,100,
10:34:57,46.55,1000,
10:35:02,46.52,100,
10:35:04,46.50,300,
10:35:04,46.50,100,
10:35:04,46.50,210,
10:35:04,46.4927,500,
10:35:06,46.52,100,
10:35:11,46.4927,1000,
10:35:29,46.514,1000,
10:35:32,46.50,400,
10:35:35,46.51,300,
10:35:35,46.54,100,
10:35:39,46.52,100,
10:35:44,46.516,1000,
10:35:51,46.53,100,
10:35:51,46.53,500,
10:35:51,46.53,800,
10:35:54,46.51,510,
10:35:54,46.50,100,
10:35:54,46.50,100,
10:36:02,46.5199,100,
10:36:07,46.52,210,
10:36:07,46.52,400,
10:36:10,46.54,100,
10:36:12,46.5141,1050,
10:36:13,46.51,400,
10:36:14,46.5199,100,
10:36:15,46.49,100,
10:36:18,46.47,100,
10:36:18,46.47,500,
10:36:18,46.46,100,
10:36:18,46.45,100,
10:36:18,46.45,210,
10:36:18,46.46,400,
10:36:18,46.48,200,
10:36:18,46.46,100,
10:36:19,46.43,100,
10:36:19,46.43,700,
10:36:21,46.45,1000,
10:36:27,46.46,100,
10:36:28,46.4527,1300,
10:36:29,46.48,1400,
10:36:29,46.48,100,
10:36:29,46.51,210,
10:36:29,46.50,100,
10:36:29,46.50,100,
10:36:30,46.4999,200,
10:36:31,46.50,100,
10:36:31,46.50,100,
10:36:32,46.496,500,
10:36:40,46.5041,300,
10:36:45,46.50,100,
10:36:48,46.496,500,
10:36:53,46.496,150,
10:36:59,46.54,110,
10:37:00,46.53,100,
10:37:00,46.53,210,
10:37:00,46.50,100,
10:37:00,46.50,100,
10:37:05,46.49,800,
10:37:08,46.50,1000,
10:37:12,46.467,100,
10:37:12,46.469,900,
10:37:14,46.458,100,
10:37:14,46.458,100,
10:37:14,46.464,100,
10:37:17,46.46,100,
10:37:18,46.44,100,
10:37:19,46.459,100,
10:37:20,46.43,100,
10:37:20,46.43,100,
10:37:20,46.43,100,
10:37:21,46.41,100,
10:37:22,46.41,300,
10:37:27,46.4114,100,
10:37:30,46.4105,1000,
10:37:31,46.42,100,
10:37:31,46.42,100,
10:37:31,46.42,100,
10:37:31,46.42,100,
10:37:32,46.42,100,
10:37:33,46.42,200,
10:37:34,46.42,500,
10:37:35,46.43,210,
10:37:35,46.43,100,
10:37:37,46.45,100,
10:37:38,46.46,210,
10:37:40,46.47,200,
10:37:41,46.4714,300,
10:37:42,46.47,300,
10:37:43,46.48,100,
10:37:45,46.49,300,
10:37:45,46.49,400,
10:37:45,46.49,100,
10:37:48,46.48,100,
10:37:48,46.48,210,
10:37:48,46.48,100,
10:37:50,46.5141,1300,
10:37:52,46.51,100,
10:37:52,46.51,400,
10:37:52,46.5101,100,
10:37:57,46.5027,1300,
10:37:57,46.48,100,
10:37:58,46.50,300,
10:38:02,46.46,100,
10:38:02,46.46,100,
10:38:06,46.47,300,
10:38:06,46.47,100,
10:38:06,46.47,100,
10:38:16,46.42,210,
10:38:18,46.4372,500,
10:38:23,46.44,200,
10:38:23,46.44,400,
10:38:23,46.45,200,
10:38:23,46.46,110,
10:38:23,46.46,410,
10:38:23,46.47,100,
10:38:23,46.47,100,
10:38:23,46.47,100,
10:38:23,46.46,210,
10:38:23,46.46,100,
10:38:26,46.47,700,
10:38:26,46.47,210,
10:38:26,46.48,200,
10:38:26,46.48,100,
10:38:26,46.48,200,
10:38:26,46.48,100,
10:38:29,46.474,100,
10:38:33,46.45,210,
10:38:34,46.489,100,
10:38:35,46.486,800,
10:38:37,46.46,400,
10:38:37,46.46,100,
10:38:40,46.48,100,
10:38:48,46.50,100,
10:38:49,46.50,210,
10:38:52,46.5392,100,
10:38:53,46.52,250,
10:38:59,46.52,500,
10:39:03,46.51,100,
10:39:07,46.5113,500,
10:39:13,46.5341,300,
10:39:14,46.524,1000,
10:39:22,46.54,100,
10:39:22,46.54,100,
10:39:23,46.57,100,
10:39:23,46.57,100,
10:39:23,46.56,100,
10:39:25,46.5501,100,
10:39:26,46.558,200,
10:39:26,46.551,100,
10:39:29,46.558,800,
10:39:29,46.556,200,
10:39:33,46.5697,720,
10:39:35,46.55,210,
10:39:35,46.55,1100,
10:39:42,46.58,100,
10:39:45,46.59,400,
10:39:45,46.60,100,
10:39:45,46.60,100,
10:39:45,46.60,100,
10:39:45,46.59,100,
10:39:45,46.62,100,
10:39:45,46.63,200,
10:39:45,46.63,100,
10:39:45,46.63,200,
10:39:46,46.64,100,
10:39:47,46.6373,1050,
10:39:47,46.6338,100,
10:39:49,46.64,300,
10:39:50,46.61,300,
10:39:51,46.65,300,
10:39:51,46.65,200,
10:39:51,46.66,400,
10:39:51,46.65,200,
10:39:51,46.65,100,
10:39:51,46.68,1000,
10:39:53,46.6899,150,
10:39:53,46.67,1000,
10:39:53,46.69,105,
10:39:55,46.70,200,
10:39:55,46.70,100,
10:39:55,46.7299,200,
10:39:57,46.68,600,
10:39:57,46.7099,500,
10:39:58,46.7099,100,
10:39:58,46.72,200,
10:39:58,46.7099,100,
10:39:58,46.70,100,
10:39:58,46.70,100,
10:39:59,46.718,900,
10:39:59,46.714,200,
10:39:59,46.715,200,
10:39:59,46.73,400,
10:40:01,46.74,200,
10:40:01,46.73,200,
10:40:02,46.722,100,
10:40:03,46.75,1000,
10:40:04,46.72,210,
10:40:04,46.72,400,
10:40:05,46.722,100,
10:40:05,46.722,210,
10:40:06,46.744,200,
10:40:06,46.7399,200,
10:40:07,46.71,4400,
10:40:10,46.7219,250,
10:40:10,46.71,300,
10:40:10,46.7199,600,
10:40:12,46.72,100,
10:40:13,46.7186,100,
10:40:13,46.7186,230,
10:40:16,46.7285,300,
10:40:19,46.69,210,
10:40:19,46.69,600,
10:40:19,46.69,500,
10:40:23,46.661,1800,
10:40:27,46.70,100,
10:40:27,46.71,100,
10:40:27,46.70,100,
10:40:27,46.70,100,
10:40:27,46.69,300,
10:40:27,46.69,400,
10:40:27,46.69,100,
10:40:27,46.69,100,
10:40:27,46.69,100,
10:40:27,46.69,100,
10:40:27,46.6659,200,
10:40:32,46.684,100,
10:40:34,46.6899,100,
10:40:34,46.69,100,
10:40:34,46.69,100,
10:40:37,46.66,155,
10:40:37,46.64,100,
10:40:37,46.64,100,
10:40:37,46.64,100,
10:40:38,46.62,500,
10:40:38,46.62,700,
10:40:38,46.668,150,
10:40:40,46.66,100,
10:40:43,46.6201,100,
10:40:44,46.6203,250,
10:40:47,46.60,210,
10:40:48,46.61,100,
10:40:48,46.6099,100,
10:40:48,46.6099,100,
10:40:48,46.6099,400,
10:40:48,46.6029,200,
10:40:48,46.62,210,
10:40:49,46.65,300,
10:40:52,46.65,100,
10:40:52,46.65,100,
10:40:58,46.59,210,
10:40:58,46.57,180,
10:40:58,46.60,400,
10:40:58,46.62,100,
10:40:58,46.62,200,
10:40:58,46.62,100,
10:40:58,46.62,100,
10:41:00,46.6397,1000,
10:41:03,46.65,200,
10:41:03,46.64,400,
10:41:03,46.64,100,
10:41:06,46.6455,350,
10:41:07,46.61,500,
10:41:17,46.586,400,
10:41:23,46.58,100,
10:41:23,46.58,400,
10:41:23,46.57,100,
10:41:23,46.551,100,
10:41:23,46.551,200,
10:41:25,46.57,100,
10:41:30,46.58,200,
10:41:30,46.58,100,
10:41:32,46.56,400,
10:41:32,46.56,100,
10:41:35,46.59,400,
10:41:35,46.59,100,
10:41:35,46.60,100,
10:41:35,46.59,300,
10:41:35,46.60,100,
10:41:35,46.60,200,
10:41:39,46.6101,300,
10:41:43,46.61,300,
10:41:48,46.57,100,
10:41:48,46.57,200,
10:41:53,46.59,100,
10:42:02,46.6099,125,
10:42:03,46.59,200,
10:42:04,46.59,100,
10:42:05,46.586,500,
10:42:11,46.57,100,
10:42:13,46.5786,975,
10:42:18,46.5755,310,
10:42:20,46.58,300,
10:42:22,46.61,300,
10:42:24,46.6036,100,
10:42:27,46.62,210,
10:42:44,46.608,100,
10:42:55,46.63,100,
10:42:55,46.63,500,
10:43:01,46.67,100,
10:43:01,46.64,100,
10:43:03,46.6299,100,
10:43:08,46.618,1000,
10:43:15,46.60,100,
10:43:25,46.61,100,
10:43:33,46.67,100,
10:43:33,46.6607,1500,
10:43:41,46.6899,120,
10:43:41,46.70,1780,
10:43:48,46.61,100,
10:43:49,46.62,100,
10:43:57,46.602,300,
10:43:58,46.59,200,
10:43:59,46.64,100,
10:44:00,46.60,100,
10:44:00,46.60,400,
10:44:00,46.59,100,
10:44:00,46.61,100,
10:44:00,46.61,300,
10:44:00,46.61,100,
10:44:01,46.6109,100,
10:44:01,46.611,140,
10:44:04,46.61,100,
10:44:10,46.6186,110,
10:44:10,46.61,100,
10:44:10,46.61,100,
10:44:11,46.61,300,
10:44:11,46.6199,125,
10:44:12,46.612,100,
10:44:24,46.6358,500,
10:44:24,46.65,100,
10:44:27,46.63,100,
10:44:40,46.6599,1000,
10:44:42,46.649,400,
10:44:42,46.649,300,
10:44:45,46.6468,100,
10:44:46,46.65,125,
10:44:48,46.71,100,
10:44:48,46.70,100,
10:44:49,46.709,300,
10:44:49,46.709,300,
10:44:51,46.71,300,
10:44:55,46.6901,2500,
10:44:56,46.714,100,
10:44:57,46.75,300,
10:44:59,46.72,100,
10:44:59,46.72,210,
10:44:59,46.72,400,
10:45:04,46.6999,2000,
10:45:07,46.6894,500,
10:45:10,46.702,700,
10:45:10,46.69,100,
10:45:13,46.698,200,
10:45:17,46.725,2000,
10:45:18,46.726,100,
10:45:18,46.7101,100,
10:45:18,46.7101,100,
10:45:18,46.69,4270,
10:45:19,46.72,100,
10:45:19,46.72,200,
10:45:19,46.7298,100,
10:45:21,46.726,110,
10:45:23,46.74,200,
10:45:25,46.74,500,
10:45:26,46.6998,1000,
10:45:33,46.73,500,
10:45:35,46.72,210,
10:45:38,46.75,600,
10:45:38,46.74,200,
10:45:38,46.74,100,
10:45:40,46.74,100,
10:45:42,46.74,100,
10:45:42,46.7309,300,
10:45:43,46.76,210,
10:45:44,46.75,400,
10:45:45,46.74,100,
10:45:45,46.74,200,
10:45:52,46.75,100,
10:45:54,46.7499,200,
10:45:55,46.72,100,
10:45:55,46.72,100,
10:45:57,46.7413,1200,
10:46:00,46.7426,100,
10:46:00,46.73,900,
10:46:00,46.73,500,
10:46:00,46.73,700,
10:46:01,46.74,300,
10:46:01,46.74,100,
10:46:01,46.74,300,
10:46:01,46.75,700,
10:46:01,46.75,100,
10:46:01,46.74,100,
10:46:01,46.76,400,
10:46:01,46.76,700,
10:46:01,46.76,300,
10:46:01,46.75,100,
10:46:01,46.7458,650,
10:46:03,46.75,100,
10:46:05,46.73,300,
10:46:05,46.73,200,
10:46:06,46.71,125,
10:46:06,46.70,100,
10:46:06,46.71,100,
10:46:06,46.70,1000,
10:46:08,46.70,210,
10:46:08,46.70,180,
10:46:11,46.71,300,
10:46:11,46.7359,500,
10:46:17,46.72,210,
10:46:17,46.71,200,
10:46:22,46.70,100,
10:46:22,46.70,100,
10:46:26,46.6899,2000,
10:46:28,46.71,210,
10:46:28,46.71,300,
10:46:28,46.71,100,
10:46:33,46.71,100,
10:46:33,46.7098,400,
10:46:33,46.71,100,
10:46:38,46.692,100,
10:46:41,46.7007,215,
10:46:47,46.68,100,
10:46:47,46.69,210,
10:46:47,46.68,1600,
10:46:51,46.70,400,
10:46:56,46.6991,100,
10:46:57,46.71,100,
10:46:57,46.71,100,
10:46:57,46.71,210,
10:46:57,46.71,170,
10:47:03,46.69,400,
10:47:03,46.69,210,
10:47:03,46.69,700,
10:47:05,46.69,300,
10:47:05,46.69,100,
10:47:06,46.6999,100,
10:47:08,46.66,300,
10:47:08,46.66,100,
10:47:08,46.66,100,
10:47:11,46.67,210,
10:47:11,46.65,152,
10:47:11,46.64,100,
10:47:11,46.64,100,
10:47:11,46.65,400,
10:47:11,46.64,100,
10:47:12,46.64,100,
10:47:12,46.64,100,
10:47:12,46.64,100,
10:47:12,46.66,100,
10:47:14,46.6801,200,
10:47:16,46.67,100,
10:47:16,46.67,100,
10:47:18,46.67,600,
10:47:24,46.69,300,
10:47:28,46.6714,1200,
10:47:30,46.71,100,
10:47:35,46.71,200,
10:47:35,46.7096,200,
10:47:36,46.682,500,
10:47:38,46.71,100,
10:47:39,46.70,700,
10:47:39,46.70,300,
10:47:39,46.70,300,
10:47:39,46.70,300,
10:47:40,46.69,100,
10:47:40,46.6801,100,
10:47:41,46.6741,1000,
10:47:49,46.68,210,
10:47:49,46.66,400,
10:47:50,46.66,100,
10:47:52,46.641,350,
10:47:54,46.66,330,
10:47:55,46.66,210,
10:48:00,46.689,100,
10:48:05,46.69,210,
10:48:07,46.69,490,
10:48:07,46.69,100,
10:48:14,46.65,100,
10:48:14,46.65,400,
10:48:15,46.652,200,
10:48:15,46.65,100,
10:48:15,46.652,100,
10:48:15,46.652,100,
10:48:15,46.65,300,
10:48:15,46.65,100,
10:48:27,46.6699,2000,
10:48:30,46.6699,100,
10:48:39,46.653,2800,
10:48:40,46.71,170,
10:48:40,46.71,110,
10:48:40,46.71,300,
10:48:40,46.71,100,
10:48:40,46.71,100,
10:48:40,46.71,300,
10:48:40,46.71,300,
10:48:42,46.7299,300,
10:48:42,46.73,100,
10:48:42,46.7375,3300,
10:48:44,46.75,400,
10:48:45,46.73,700,
10:48:47,46.7259,150,
10:48:47,46.72,200,
10:48:51,46.7029,100,
10:48:51,46.701,200,
10:48:51,46.729,400,
10:48:59,46.75,200,
10:49:00,46.73,100,
10:49:03,46.74,100,
10:49:03,46.75,100,
10:49:06,46.7099,300,
10:49:06,46.72,210,
10:49:07,46.7289,411,
10:49:10,46.73,200,
10:49:12,46.746,800,
10:49:21,46.7207,1250,
10:49:26,46.7508,200,
10:49:31,46.75,200,
10:49:31,46.75,400,
10:49:32,46.75,100,
10:49:34,46.72,100,
10:49:35,46.72,200,
10:49:36,46.7307,1500,
10:49:39,46.75,600,
10:49:39,46.75,100,
10:49:39,46.746,200,
10:49:44,46.769,100,
10:49:44,46.76,200,
10:49:46,46.77,500,
10:49:47,46.79,300,
10:49:53,46.7707,1000,
10:49:54,46.82,100,
10:49:54,46.81,210,
10:49:54,46.80,400,
10:49:54,46.82,150,
10:49:54,46.82,150,
10:49:54,46.82,400,
10:49:54,46.82,100,
10:49:54,46.80,100,
10:49:54,46.80,100,
10:49:54,46.80,100,
10:49:55,46.79,100,
10:49:58,46.79,200,
10:50:00,46.77,290,
10:50:00,46.77,200,
10:50:00,46.77,200,
10:50:00,46.77,100,
10:50:00,46.77,100,
10:50:00,46.77,400,
10:50:00,46.77,400,
10:50:00,46.77,100,
10:50:01,46.77,100,
10:50:04,46.79,100,
10:50:08,46.80,200,
10:50:08,46.80,200,
10:50:08,46.80,100,
10:50:10,46.78,400,
10:50:10,46.77,200,
10:50:10,46.77,100,
10:50:10,46.76,200,
10:50:10,46.76,100,
10:50:10,46.76,100,
10:50:10,46.76,110,
10:50:12,46.79,100,
10:50:12,46.79,100,
10:50:16,46.79,100,
10:50:17,46.809,100,
10:50:18,46.806,500,
10:50:19,46.79,350,
10:50:33,46.80,100,
10:50:37,46.77,100,
10:50:38,46.75,400,
10:50:42,46.7848,400,
10:50:49,46.79,210,
10:50:51,46.814,400,
10:50:53,46.8001,100,
10:50:57,46.8252,227,
10:50:58,46.83,600,
10:50:59,46.83,100,
10:50:59,46.83,100,
10:51:04,46.8201,300,
10:51:04,46.8201,200,
10:51:10,46.8101,200,
10:51:13,46.8399,450,
10:51:15,46.8314,100,
10:51:16,46.83,100,
10:51:17,46.83,100,
10:51:17,46.84,200,
10:51:17,46.84,100,
10:51:18,46.83,100,
10:51:19,46.8392,200,
10:51:26,46.83,400,
10:51:30,46.838,500,
10:51:31,46.85,500,
10:51:32,46.87,800,
10:51:34,46.88,200,
10:51:35,46.88,400,
10:51:35,46.88,400,
10:51:35,46.88,410,
10:51:35,46.88,100,
10:51:35,46.88,135,
10:51:35,46.88,100,
10:51:35,46.87,100,
10:51:39,46.89,500,
10:51:40,46.87,210,
10:51:41,46.8792,300,
10:51:42,46.869,200,
10:51:42,46.869,300,
10:51:43,46.868,500,
10:51:46,46.85,100,
10:51:48,46.8822,100,
10:51:48,46.889,200,
10:51:50,46.8601,200,
10:51:50,46.86,300,
10:51:52,46.8846,650,
10:51:53,46.8601,300,
10:51:53,46.89,200,
10:51:53,46.89,200,
10:51:53,46.89,210,
10:51:53,46.89,400,
10:51:53,46.89,100,
10:51:53,46.88,100,
10:51:55,46.87,100,
10:51:55,46.88,100,
10:51:58,46.8792,300,
10:52:00,46.8768,100,
10:52:00,46.90,600,
10:52:00,46.90,500,
10:52:00,46.91,100,
10:52:00,46.91,400,
10:52:00,46.91,210,
10:52:00,46.90,400,
10:52:00,46.92,100,
10:52:00,46.92,200,
10:52:00,46.90,600,
10:52:01,46.92,800,
10:52:01,46.93,100,
10:52:01,46.90,200,
10:52:01,46.89,210,
10:52:03,46.93,100,
10:52:06,46.90,100,
10:52:06,46.901,1500,
10:52:07,46.91,300,
10:52:07,46.91,100,
10:52:07,46.92,200,
10:52:08,46.9001,300,
10:52:08,46.90,400,
10:52:09,46.9096,100,
10:52:09,46.92,150,
10:52:09,46.9099,100,
10:52:10,46.9033,100,
10:52:11,46.919,200,
10:52:11,46.919,200,
10:52:11,46.929,100,
10:52:12,46.919,150,
10:52:12,46.928,200,
10:52:12,46.918,800,
10:52:13,46.909,400,
10:52:14,46.91,300,
10:52:16,46.91,300,
10:52:17,46.90,500,
10:52:17,46.91,100,
10:52:18,46.91,200,
10:52:18,46.90,100,
10:52:19,46.92,210,
10:52:20,46.9101,100,
10:52:21,46.9083,500,
10:52:29,46.91,200,
10:52:29,46.929,100,
10:52:30,46.93,100,
10:52:32,46.91,100,
10:52:37,46.93,100,
10:52:39,46.929,100,
10:52:40,46.92,100,
10:52:40,46.92,100,
10:52:43,46.95,100,
10:52:46,46.95,100,
10:52:46,46.942,600,
10:52:47,46.97,100,
10:52:47,46.97,300,
10:52:47,46.97,210,
10:52:49,46.95,200,
10:52:51,46.97,300,
10:52:53,46.97,100,
10:52:53,46.97,100,
10:52:54,46.95,500,
10:52:56,46.96,100,
10:52:56,46.94,100,
10:52:59,46.97,200,
10:53:01,46.98,100,
10:53:04,46.9732,200,
10:53:04,46.989,1400,
10:53:04,46.989,1300,
10:53:05,46.99,600,
10:53:06,46.98,300,
10:53:07,46.98,300,
10:53:07,46.9895,600,
10:53:07,46.988,500,
10:53:08,47,160,
10:53:08,46.99,250,
10:53:08,47,100,
10:53:08,47,1100,
10:53:09,47,280,
10:53:10,46.999,200,
10:53:10,47,119,
10:53:12,46.98,100,
10:53:12,47,300,
10:53:13,46.999,1380,
10:53:13,46.999,1300,
10:53:13,46.998,800,
10:53:13,46.99,200,
10:53:15,47,300,
10:53:16,47,100,
10:53:16,47,100,
10:53:19,46.979,100,
10:53:20,47,2150,
10:53:20,47,100,
10:53:21,47.029,500,
10:53:21,47.039,900,
10:53:21,47.039,800,
10:53:23,47,100,
10:53:24,47.04,800,
10:53:25,46.992,200,
10:53:28,47.014,250,
10:53:28,47.016,1160,
10:53:30,47.0358,650,
10:53:31,47.039,100,
10:53:31,47.07,278,
10:53:31,47.07,200,
10:53:31,47.07,300,
10:53:31,47.07,100,
10:53:32,47.069,300,
10:53:32,47.03,200,
10:53:33,47.05,100,
10:53:33,47.03,100,
10:53:34,47.036,800,
10:53:35,47.0201,500,
10:53:36,47.05,100,
10:53:36,47.05,100,
10:53:37,47.0399,1000,
10:53:37,47.06,1300,
10:53:37,47.0599,100,
10:53:38,47.0573,1000,
10:53:38,47.03,400,
10:53:38,47.01,100,
10:53:38,47.02,100,
10:53:38,47.04,200,
10:53:38,47.04,210,
10:53:38,47.03,300,
10:53:38,47.03,100,
10:53:38,47.03,300,
10:53:39,47.01,200,
10:53:39,47.01,100,
10:53:39,47,210,
10:53:39,46.98,200,
10:53:41,47.001,100,
10:53:41,47,100,
10:53:41,46.99,100,
10:53:42,47.019,200,
10:53:42,47.019,200,
10:53:43,46.99,100,
10:53:44,46.98,300,
10:53:44,46.98,200,
10:53:44,46.99,225,
10:53:45,46.999,100,
10:53:48,47.01,140,
10:53:48,47.02,300,
10:53:48,47.03,700,
10:53:48,47.02,400,
10:53:48,47,210,
10:53:48,47.03,300,
10:53:48,47.02,210,
10:53:48,47.04,100,
10:53:48,47.05,100,
10:53:48,47.06,100,
10:53:49,46.984,425,
10:53:51,47.05,100,
10:53:52,47.06,100,
10:53:52,47.06,400,
10:53:52,47.06,400,
10:53:52,47.0768,300,
10:53:54,47.0799,200,
10:53:55,47.0768,100,
10:53:57,47.0754,200,
10:53:57,47.06,100,
10:53:57,47.06,200,
10:53:57,47.0792,220,
10:53:59,47.07,300,
10:54:00,47.0785,1500,
10:54:01,47.07,100,
10:54:04,47.07,100,
10:54:08,47.07,100,
10:54:08,47.08,2855,
10:54:08,47.07,100,
10:54:08,47.07,200,
10:54:08,47.08,1500,
10:54:08,47.08,400,
10:54:08,47.08,100,
10:54:08,47.08,300,
10:54:08,47.08,300,
10:54:08,47.08,100,
10:54:08,47.08,1100,
10:54:08,47.08,800,
10:54:08,47.08,1091,
10:54:08,47.08,200,
10:54:08,47.08,300,
10:54:08,47.08,200,
10:54:08,47.08,400,
10:54:08,47.08,1000,
10:54:08,47.08,500,
10:54:08,47.08,300,
10:54:08,47.08,800,
10:54:08,47.08,300,
10:54:08,47.09,1000,
10:54:08,47.09,200,
10:54:08,47.10,200,
10:54:08,47.10,100,
10:54:08,47.13,820,
10:54:08,47.10,125,
10:54:08,47.1002,100,
10:54:08,47.10,200,
10:54:08,47.10,100,
10:54:09,47.08,700,
10:54:10,47.1295,464,
10:54:11,47.12,100,
10:54:11,47.12,100,
10:54:11,47.13,100,
10:54:12,47.11,500,
10:54:12,47.14,1000,
10:54:12,47.14,200,
10:54:12,47.11,1000,
10:54:12,47.1499,150,
10:54:14,47.14,300,
10:54:16,47.1299,200,
10:54:16,47.1299,200,
10:54:16,47.13,100,
10:54:19,47.15,800,
10:54:23,47.13,100,
10:54:24,47.13,100,
10:54:24,47.16,100,
10:54:24,47.1591,2100,
10:54:24,47.15,400,
10:54:26,47.16,100,
10:54:28,47.18,100,
10:54:31,47.1602,100,
10:54:31,47.1601,200,
10:54:31,47.16,500,
10:54:31,47.1601,200,
10:54:31,47.16,800,
10:54:31,47.1601,400,
10:54:31,47.1601,800,
10:54:31,47.15,210,
10:54:31,47.15,300,
10:54:31,47.1601,100,
10:54:31,47.16,200,
10:54:35,47.19,100,
10:54:35,47.19,200,
10:54:36,47.20,100,
10:54:36,47.21,150,
10:54:36,47.21,200,
10:54:36,47.20,500,
10:54:37,47.174,600,
10:54:39,47.2013,1000,
10:54:40,47.18,200,
10:54:43,47.206,200,
10:54:43,47.21,200,
10:54:43,47.196,400,
10:54:44,47.20,100,
10:54:44,47.18,100,
10:54:44,47.16,200,
10:54:44,47.16,100,
10:54:45,47.1792,100,
10:54:45,47.1796,200,
10:54:45,47.1796,200,
10:54:45,47.1796,100,
10:54:45,47.18,100,
10:54:45,47.18,200,
10:54:45,47.18,100,
10:54:47,47.169,100,
10:54:47,47.169,100,
10:54:49,47.1603,200,
10:54:51,47.18,400,
10:54:51,47.19,100,
10:54:51,47.1894,500,
10:54:54,47.19,100,
10:54:54,47.1901,100,
10:54:54,47.1901,210,
10:54:55,47.21,100,
10:54:55,47.21,473,
10:54:55,47.1801,100,
10:54:55,47.1801,100,
10:54:56,47.18,300,
10:54:56,47.18,300,
10:54:56,47.16,100,
10:54:56,47.16,300,
10:54:56,47.1601,100,
10:54:56,47.16,100,
10:54:57,47.15,100,
10:54:57,47.15,100,
10:54:57,47.15,200,
10:54:58,47.14,100,
10:54:58,47.13,300,
10:54:58,47.13,300,
10:54:58,47.13,300,
10:54:58,47.13,210,
10:54:58,47.13,300,
10:54:58,47.13,100,
10:54:58,47.13,100,
10:54:58,47.13,300,
10:54:58,47.13,100,
10:54:58,47.13,100,
10:54:58,47.13,100,
10:54:58,47.13,100,
10:54:59,47.13,100,
10:54:59,47.14,100,
10:54:59,47.14,100,
10:54:59,47.13,300,
10:54:59,47.14,100,
10:54:59,47.13,400,
10:54:59,47.13,300,
10:54:59,47.13,100,
10:54:59,47.13,300,
10:54:59,47.13,100,
10:54:59,47.13,100,
10:54:59,47.13,100,
10:54:59,47.15,100,
10:54:59,47.13,300,
10:54:59,47.13,300,
10:54:59,47.13,100,
10:54:59,47.13,300,
10:54:59,47.13,300,
10:54:59,47.13,116,
10:54:59,47.13,300,
10:54:59,47.12,100,
10:54:59,47.14,200,
10:55:00,47.12,210,
10:55:00,47.11,23256,
10:55:01,47.1358,1000,
10:55:04,47.134,300,
10:55:04,47.14,100,
10:55:04,47.15,100,
10:55:04,47.15,210,
10:55:05,47.15,100,
10:55:05,47.152,100,
10:55:05,47.152,800,
10:55:08,47.16,100,
10:55:08,47.16,300,
10:55:08,47.16,100,
10:55:09,47.14,100,
10:55:09,47.14,100,
10:55:09,47.14,100,
10:55:10,47.149,100,
10:55:10,47.1201,800,
10:55:15,47.1467,200,
10:55:17,47.11,400,
10:55:17,47.11,100,
10:55:18,47.119,100,
10:55:18,47.11,100,
10:55:18,47.11,100,
10:55:19,47.11,190,
10:55:19,47.09,250,
10:55:19,47.09,100,
10:55:19,47.09,100,
10:55:19,47.09,100,
10:55:19,47.09,100,
10:55:19,47.09,100,
10:55:19,47.09,100,
10:55:19,47.092,100,
10:55:19,47.092,100,
10:55:20,47.10,100,
10:55:20,47.109,200,
10:55:21,47.10,100,
10:55:21,47.0982,300,
10:55:21,47.10,100,
10:55:21,47.09,300,
10:55:21,47.08,200,
10:55:22,47.0649,100,
10:55:22,47.102,400,
10:55:22,47.09,200,
10:55:22,47.0601,100,
10:55:23,47.0589,250,
10:55:24,47.0629,200,
10:55:26,47.05,200,
10:55:27,47.06,300,
10:55:28,47.06,400,
10:55:31,47.0501,150,
10:55:31,47.05,100,
10:55:31,47.05,110,
10:55:31,47.02,100,
10:55:31,47.05,500,
10:55:31,47.03,100,
10:55:31,47.03,100,
10:55:34,47.016,125,
10:55:34,47.04,1700,
10:55:36,47.012,500,
10:55:38,47.01,100,
10:55:38,47.01,100,
10:55:38,47.0148,100,
10:55:38,47.01,100,
10:55:38,47.0298,100,
10:55:39,47.0229,1000,
10:55:41,47.0149,200,
10:55:42,47.02,100,
10:55:44,47.03,100,
10:55:46,47.03,100,
10:55:49,47.04,100,
10:55:49,47.039,300,
10:55:49,47.02,1000,
10:55:50,47.02,100,
10:55:50,47.02,100,
10:55:52,47,100,
10:55:53,47.002,690,
10:55:54,47.05,200,
10:55:54,47.0499,900,
10:55:56,47.05,100,
10:55:56,47.05,200,
10:55:56,47.021,1700,
10:55:58,47.023,2400,
10:55:58,47.023,500,
10:56:02,47.02,100,
10:56:02,47.0201,100,
10:56:02,47.02,200,
10:56:02,47.0201,100,
10:56:02,47.0201,300,
10:56:02,47.0201,200,
10:56:02,47.02,200,
10:56:02,47.02,200,
10:56:02,47.02,200,
10:56:02,47.0201,200,
10:56:02,47.02,100,
10:56:08,47.05,100,
10:56:11,47.04,210,
10:56:14,47.0407,500,
10:56:21,47.0713,1000,
10:56:22,47.05,100,
10:56:23,47.08,200,
10:56:23,47.08,100,
10:56:23,47.08,100,
10:56:23,47.09,300,
10:56:23,47.09,100,
10:56:25,47.07,300,
10:56:25,47.0714,100,
10:56:25,47.0714,100,
10:56:26,47.089,100,
10:56:29,47.07,100,
10:56:30,47.061,200,
10:56:31,47.068,600,
10:56:34,47.1097,700,
10:56:35,47.11,100,
10:56:35,47.11,100,
10:56:35,47.06,205,
10:56:36,47.04,115,
10:56:37,47.0486,100,
10:56:40,47.01,250,
10:56:42,47.021,100,
10:56:44,47.03,100,
10:56:44,47.02,100,
10:56:46,47.05,100,
10:56:46,47.0499,100,
10:56:46,47.0499,100,
10:56:48,47.0594,915,
10:56:56,47.03,200,
10:56:56,47.03,100,
10:56:58,47.06,300,
10:56:58,47.06,100,
10:57:09,47.05,1000,
10:57:13,47.074,1000,
10:57:26,47.03,210,
10:57:26,47,950,
10:57:28,46.99,500,
10:57:28,47.01,400,
10:57:31,47.0001,500,
10:57:33,47.0092,234,
10:57:37,47.01,200,
10:57:39,47,100,
10:57:40,47,100,
10:57:40,46.981,200,
10:57:46,46.96,100,
10:57:47,46.96,115,
10:57:48,46.93,800,
10:57:49,46.9499,500,
10:57:50,46.9145,160,
10:57:51,46.9199,100,
10:57:51,46.94,100,
10:57:51,46.94,800,
10:57:51,46.95,100,
10:57:55,46.94,800,
10:57:55,46.94,200,
10:57:55,46.9401,500,
10:57:55,46.9401,800,
10:57:55,46.9401,1000,
10:57:56,46.9301,1000,
10:57:57,46.93,700,
10:57:57,46.93,500,
10:57:57,46.92,100,
10:57:57,46.9101,2000,
10:57:58,46.93,400,
10:57:59,46.91,500,
10:58:00,46.90,100,
10:58:02,46.92,100,
10:58:02,46.92,100,
10:58:02,46.92,100,
10:58:02,46.9129,292,
10:58:04,46.89,100,
10:58:04,46.89,100,
10:58:04,46.89,100,
10:58:04,46.89,190,
10:58:05,46.8918,100,
10:58:05,46.89,400,
10:58:05,46.891,300,
10:58:06,46.89,100,
10:58:07,46.893,500,
10:58:07,46.893,1500,
10:58:13,46.8703,1350,
10:58:15,46.8913,830,
10:58:17,46.85,600,
10:58:17,46.85,100,
10:58:17,46.86,100,
10:58:18,46.871,200,
10:58:18,46.85,100,
10:58:18,46.85,100,
10:58:19,46.84,550,
10:58:19,46.831,100,
10:58:20,46.83,100,
10:58:22,46.84,260,
10:58:23,46.82,100,
10:58:23,46.82,100,
10:58:23,46.82,100,
10:58:23,46.82,100,
10:58:26,46.8206,500,
10:58:27,46.821,100,
10:58:32,46.8392,200,
10:58:36,46.84,100,
10:58:36,46.84,100,
10:58:41,46.80,300,
10:58:41,46.79,110,
10:58:42,46.79,100,
10:58:42,46.79,100,
10:58:42,46.79,100,
10:58:42,46.79,100,
10:58:43,46.8298,600,
10:58:43,46.83,200,
10:58:46,46.8299,400,
10:58:46,46.83,300,
10:58:46,46.83,100,
10:58:46,46.83,100,
10:58:46,46.85,100,
10:58:46,46.85,200,
10:58:46,46.85,100,
10:58:49,46.8399,2000,
10:58:49,46.816,200,
10:58:52,46.85,300,
10:58:54,46.88,100,
10:58:54,46.8755,200,
10:58:58,46.862,100,
10:58:58,46.865,100,
10:59:06,46.8399,500,
10:59:12,46.8392,150,
10:59:17,46.88,100,
10:59:17,46.88,100,
10:59:20,46.878,250,
10:59:34,46.843,100,
10:59:38,46.8399,100,
10:59:41,46.86,100,
10:59:43,46.87,200,
10:59:52,46.84,100,
10:59:54,46.82,225,
10:59:54,46.81,110,
10:59:54,46.81,400,
10:59:55,46.80,100,
10:59:56,46.8192,150,
10:59:57,46.8111,261,
11:00:01,46.83,100,
11:00:12,46.8501,500,
11:00:16,46.8701,200,
11:00:18,46.90,210,
11:00:18,46.90,200,
11:00:18,46.91,100,
11:00:18,46.91,200,
11:00:19,46.92,100,
11:00:19,46.92,100,
11:00:19,46.9173,100,
11:00:19,46.9173,100,
11:00:19,46.9173,100,
11:00:19,46.9173,200,
11:00:19,46.9173,100,
11:00:19,46.9173,100,
11:00:19,46.92,100,
11:00:19,46.93,125,
11:00:22,46.9001,500,
11:00:30,46.93,400,
11:00:30,46.93,100,
11:00:35,46.95,400,
11:00:40,46.92,100,
11:00:40,46.9209,800,
11:00:42,46.9399,100,
11:00:54,46.9301,1000,
11:00:55,46.9301,5300,
11:01:06,46.92,100,
11:01:06,46.92,129,
11:01:06,46.89,100,
11:01:06,46.89,100,
11:01:11,46.88,400,
11:01:13,46.8873,1000,
11:01:18,46.88,139,
11:01:18,46.88,100,
11:01:24,46.9058,600,
11:01:28,46.91,100,
11:01:29,46.926,1000,
11:01:30,46.91,400,
11:01:41,46.86,100,
11:01:41,46.86,100,
11:01:49,46.8586,100,
11:01:57,46.83,400,
11:01:57,46.83,300,
11:01:57,46.83,100,
11:01:57,46.82,200,
11:01:58,46.80,100,
11:01:58,46.79,100,
11:01:58,46.79,100,
11:01:58,46.84,2500,
11:01:59,46.77,100,
11:01:59,46.76,100,
11:01:59,46.76,301,
11:01:59,46.75,300,
11:01:59,46.74,100,
11:01:59,46.75,100,
11:01:59,46.751,100,
11:02:00,46.75,100,
11:02:01,46.75,100,
11:02:01,46.78,210,
11:02:01,46.752,500,
11:02:02,46.7728,100,
11:02:02,46.771,100,
11:02:04,46.755,100,
11:02:05,46.7731,1000,
11:02:05,46.77,1250,
11:02:08,46.73,261,
11:02:19,46.768,150,
11:02:20,46.74,100,
11:02:20,46.70,210,
11:02:20,46.68,100,
11:02:20,46.6827,800,
11:02:21,46.68,300,
11:02:22,46.71,300,
11:02:22,46.71,300,
11:02:22,46.71,100,
11:02:22,46.69,200,
11:02:23,46.7123,100,
11:02:23,46.69,100,
11:02:23,46.69,100,
11:02:27,46.6945,200,
11:02:34,46.68,200,
11:02:37,46.68,200,
11:02:37,46.71,100,
11:02:40,46.70,157,
11:02:44,46.7111,464,
11:02:45,46.661,2700,
11:02:45,46.68,100,
11:02:45,46.661,2700,
11:02:47,46.66,500,
11:02:51,46.70,100,
11:02:54,46.71,300,
11:02:54,46.71,100,
11:02:56,46.71,100,
11:02:59,46.71,500,
11:03:01,46.68,100,
11:03:01,46.70,1900,
11:03:12,46.68,100,
11:03:13,46.6899,200,
11:03:16,46.6706,500,
11:03:17,46.6714,600,
11:03:21,46.672,500,
11:03:24,46.66,300,
11:03:31,46.6505,500,
11:03:32,46.66,100,
11:03:45,46.6601,100,
11:03:55,46.6699,7000,
11:04:01,46.70,857,
11:04:01,46.70,500,
11:04:02,46.70,100,
11:04:05,46.651,1400,
11:04:05,46.651,1200,
11:04:06,46.67,100,
11:04:06,46.669,135,
11:04:08,46.65,400,
11:04:15,46.70,100,
11:04:15,46.72,100,
11:04:15,46.72,200,
11:04:16,46.72,200,
11:04:16,46.72,100,
11:04:16,46.72,600,
11:04:21,46.74,262,
11:04:21,46.74,510,
11:04:22,46.78,300,
11:04:22,46.78,210,
11:04:22,46.78,500,
11:04:23,46.785,200,
11:04:23,46.78,400,
11:04:23,46.78,100,
11:04:24,46.78,100,
11:04:24,46.78,100,
11:04:24,46.7799,100,
11:04:24,46.78,200,
11:04:24,46.78,300,
11:04:24,46.78,100,
11:04:24,46.7799,100,
11:04:24,46.7799,200,
11:04:24,46.7799,200,
11:04:24,46.7799,100,
11:04:24,46.7799,100,
11:04:24,46.78,100,
11:04:25,46.77,500,
11:04:27,46.75,100,
11:04:27,46.75,100,
11:04:29,46.7799,2000,
11:04:31,46.80,5800,
11:04:32,46.81,500,
11:04:33,46.81,400,
11:04:34,46.8299,500,
11:04:40,46.8398,100,
11:04:42,46.80,100,
11:04:46,46.78,100,
11:04:46,46.79,100,
11:04:51,46.78,210,
11:04:52,46.73,100,
11:04:54,46.72,210,
11:04:54,46.72,400,
11:04:56,46.70,400,
11:04:56,46.70,100,
11:04:56,46.71,400,
11:04:56,46.70,100,
11:04:59,46.694,300,
11:05:05,46.714,500,
11:05:15,46.69,400,
11:05:15,46.68,190,
11:05:15,46.69,200,
11:05:15,46.68,210,
11:05:15,46.671,200,
11:05:16,46.6986,100,
11:05:17,46.6789,200,
11:05:26,46.7114,1000,
11:05:35,46.68,100,
11:05:39,46.6793,750,
11:05:42,46.68,1990,
11:05:42,46.68,100,
11:05:42,46.67,104,
11:05:47,46.63,100,
11:05:47,46.6129,600,
11:05:49,46.61,120,
11:05:49,46.6101,100,
11:05:49,46.61,100,
11:05:50,46.6201,600,
11:05:50,46.62,200,
11:05:51,46.62,200,
11:05:52,46.62,200,
11:05:52,46.6102,172,
11:05:52,46.6101,172,
11:05:52,46.60,100,
11:05:52,46.60,100,
11:05:52,46.60,432,
11:05:52,46.60,668,
11:05:52,46.60,300,
11:05:52,46.59,400,
11:05:52,46.59,100,
11:05:52,46.59,100,
11:05:52,46.58,200,
11:05:53,46.60,2500,
11:05:54,46.5858,1000,
11:05:55,46.60,300,
11:05:55,46.60,500,
11:05:57,46.61,100,
11:05:57,46.61,100,
11:05:58,46.60,210,
11:05:58,46.60,100,
11:05:58,46.58,100,
11:06:02,46.5801,100,
11:06:06,46.5801,100,
11:06:07,46.57,210,
11:06:07,46.57,690,
11:06:10,46.59,200,
11:06:13,46.5899,300,
11:06:18,46.5999,1000,
11:06:20,46.55,100,
11:06:20,46.55,100,
11:06:20,46.55,100,
11:06:21,46.55,300,
11:06:22,46.55,1000,
11:06:22,46.55,258,
11:06:22,46.56,100,
11:06:23,46.57,200,
11:06:24,46.55,800,
11:06:24,46.55,3000,
11:06:26,46.51,1000,
11:06:27,46.5301,180,
11:06:29,46.518,750,
11:06:29,46.56,100,
11:06:30,46.534,1000,
11:06:31,46.57,100,
11:06:35,46.562,500,
11:06:35,46.59,100,
11:06:35,46.60,100,
11:06:35,46.60,400,
11:06:36,46.62,100,
11:06:36,46.629,200,
11:06:36,46.6204,100,
11:06:37,46.611,600,
11:06:38,46.57,2500,
11:06:38,46.61,3200,
11:06:39,46.598,150,
11:06:39,46.61,500,
11:06:42,46.581,100,
11:06:45,46.59,210,
11:06:51,46.60,210,
11:06:57,46.5754,500,
11:06:57,46.5799,100,
11:06:57,46.5799,100,
11:06:58,46.57,100,
11:07:00,46.57,210,
11:07:00,46.57,100,
11:07:00,46.5699,100,
11:07:00,46.5699,100,
11:07:00,46.5699,100,
11:07:02,46.58,200,
11:07:14,46.53,100,
11:07:14,46.55,100,
11:07:20,46.5296,100,
11:07:20,46.51,200,
11:07:20,46.50,200,
11:07:20,46.491,3500,
11:07:21,46.4902,100,
11:07:22,46.4901,100,
11:07:22,46.4901,100,
11:07:23,46.48,300,
11:07:23,46.48,250,
11:07:23,46.48,300,
11:07:23,46.48,300,
11:07:23,46.48,400,
11:07:23,46.48,100,
11:07:23,46.48,100,
11:07:23,46.48,100,
11:07:23,46.48,100,
11:07:23,46.49,500,
11:07:24,46.48,500,
11:07:24,46.48,200,
11:07:24,46.48,250,
11:07:24,46.47,395,
11:07:24,46.46,100,
11:07:24,46.46,100,
11:07:25,46.50,400,
11:07:25,46.50,210,
11:07:25,46.4941,210,
11:07:25,46.4973,100,
11:07:26,46.48,100,
11:07:27,46.481,100,
11:07:28,46.50,200,
11:07:29,46.4906,600,
11:07:36,46.5299,600,
11:07:36,46.53,300,
11:07:36,46.53,100,
11:07:38,46.60,210,
11:07:38,46.60,1000,
11:07:38,46.60,100,
11:07:38,46.61,150,
11:07:38,46.61,100,
11:07:39,46.62,100,
11:07:43,46.57,100,
11:07:43,46.57,133,
11:07:43,46.57,100,
11:07:43,46.57,100,
11:07:47,46.59,100,
11:07:48,46.58,100,
11:07:50,46.602,300,
11:07:54,46.5999,300,
11:07:54,46.59,100,
11:07:54,46.58,250,
11:07:54,46.58,100,
11:07:54,46.58,300,
11:08:02,46.54,100,
11:08:06,46.5395,1250,
11:08:08,46.50,100,
11:08:08,46.50,100,
11:08:08,46.51,100,
11:08:09,46.51,100,
11:08:10,46.49,100,
11:08:15,46.48,200,
11:08:19,46.4699,100,
11:08:20,46.45,200,
11:08:20,46.45,100,
11:08:26,46.4835,200,
11:08:28,46.47,100,
11:08:28,46.47,800,
11:08:28,46.48,100,
11:08:33,46.42,400,
11:08:33,46.45,100,
11:08:39,46.45,300,
11:08:43,46.46,100,
11:08:43,46.46,500,
11:08:43,46.46,100,
11:08:44,46.4501,400,
11:08:51,46.458,800,
11:08:54,46.48,200,
11:08:55,46.47,100,
11:08:59,46.47,100,
11:08:59,46.47,300,
11:08:59,46.47,400,
11:08:59,46.47,171,
11:08:59,46.4525,400,
11:08:59,46.46,200,
11:08:59,46.46,200,
11:09:04,46.40,300,
11:09:09,46.44,400,
11:09:10,46.4598,653,
11:09:26,46.48,210,
11:09:26,46.48,400,
11:09:26,46.48,100,
11:09:27,46.48,100,
11:09:29,46.462,100,
11:09:32,46.48,100,
11:09:32,46.48,700,
11:09:32,46.48,100,
11:09:32,46.48,600,
11:09:43,46.4801,100,
11:09:43,46.4999,100,
11:09:44,46.49,100,
11:09:46,46.51,300,
11:09:46,46.53,200,
11:09:46,46.53,100,
11:09:46,46.52,100,
11:09:46,46.52,100,
11:09:46,46.50,100,
11:09:51,46.52,600,
11:09:51,46.52,300,
11:09:51,46.52,500,
11:09:51,46.52,600,
11:09:51,46.52,100,
11:09:51,46.52,300,
11:09:51,46.53,700,
11:09:51,46.52,300,
11:09:51,46.52,300,
11:09:51,46.52,250,
11:09:51,46.52,100,
11:09:51,46.53,300,
11:09:51,46.52,300,
11:09:51,46.52,100,
11:09:57,46.46,500,
11:09:57,46.46,200,
11:09:57,46.46,100,
11:09:57,46.46,100,
11:10:03,46.49,700,
11:10:03,46.50,300,
11:10:07,46.5001,200,
11:10:11,46.49,100,
11:10:12,46.49,700,
11:10:15,46.4962,100,
11:10:17,46.54,100,
11:10:19,46.57,100,
11:10:19,46.59,300,
11:10:19,46.59,200,
11:10:19,46.59,100,
11:10:20,46.5801,100,
11:10:21,46.63,200,
11:10:21,46.64,100,
11:10:21,46.62,300,
11:10:22,46.6599,500,
11:10:22,46.66,100,
11:10:24,46.61,100,
11:10:24,46.60,200,
11:10:24,46.60,400,
11:10:24,46.61,100,
11:10:25,46.61,100,
11:10:26,46.654,2000,
11:10:27,46.6155,100,
11:10:33,46.5999,100,
11:10:36,46.57,100,
11:10:40,46.5611,100,
11:10:43,46.55,200,
11:10:55,46.56,600,
11:10:55,46.56,100,
11:11:04,46.5699,220,
11:11:04,46.58,1680,
11:11:05,46.57,100,
11:11:08,46.596,1000,
11:11:11,46.596,400,
11:11:16,46.58,100,
11:11:16,46.5891,600,
11:11:17,46.56,300,
11:11:23,46.62,200,
11:11:26,46.60,100,
11:11:26,46.60,200,
11:11:29,46.66,200,
11:11:29,46.66,300,
11:11:29,46.67,200,
11:11:29,46.67,100,
11:11:29,46.67,100,
11:11:30,46.67,100,
11:11:35,46.674,300,
11:11:44,46.62,100,
11:11:47,46.65,200,
11:11:49,46.6214,400,
11:12:13,46.65,200,
11:12:13,46.66,400,
11:12:17,46.65,600,
11:12:17,46.65,200,
11:12:17,46.65,300,
11:12:21,46.6999,300,
11:12:24,46.71,300,
11:12:24,46.71,100,
11:12:24,46.7299,785,
11:12:24,46.70,100,
11:12:26,46.71,100,
11:12:26,46.68,100,
11:12:29,46.6714,235,
11:12:30,46.675,200,
11:12:30,46.69,1400,
11:12:35,46.6999,400,
11:12:36,46.71,600,
11:12:37,46.71,300,
11:12:41,46.71,1300,
11:12:44,46.70,100,
11:12:46,46.70,100,
11:12:46,46.6782,100,
11:12:46,46.679,600,
11:12:47,46.677,5100,
11:12:48,46.6512,100,
11:12:49,46.63,400,
11:12:56,46.62,100,
11:12:58,46.60,500,
11:12:58,46.60,250,
11:12:58,46.6282,100,
11:12:58,46.629,700,
11:12:58,46.63,100,
11:12:59,46.619,100,
11:13:03,46.67,100,
11:13:05,46.67,200,
11:13:05,46.669,100,
11:13:06,46.6685,210,
11:13:13,46.63,100,
11:13:17,46.64,100,
11:13:23,46.60,200,
11:13:27,46.56,100,
11:13:32,46.58,200,
11:13:32,46.5799,600,
11:13:42,46.52,500,
11:13:43,46.53,100,
11:13:43,46.53,300,
11:13:43,46.53,200,
11:13:43,46.50,100,
11:13:43,46.49,100,
11:13:43,46.47,100,
11:13:43,46.48,400,
11:13:45,46.4673,800,
11:13:45,46.45,300,
11:13:45,46.4527,600,
11:13:46,46.47,100,
11:13:46,46.47,300,
11:13:46,46.47,1000,
11:13:46,46.46,100,
11:13:46,46.44,100,
11:13:46,46.47,100,
11:13:46,46.46,100,
11:13:46,46.47,300,
11:13:47,46.44,100,
11:13:50,46.466,250,
11:13:54,46.42,200,
11:13:54,46.40,100,
11:13:58,46.45,280,
11:14:01,46.48,100,
11:14:07,46.4601,100,
11:14:07,46.4601,500,
11:14:07,46.4601,100,
11:14:08,46.47,100,
11:14:17,46.46,200,
11:14:22,46.46,100,
11:14:23,46.42,100,
11:14:23,46.42,100,
11:14:28,46.4433,100,
11:14:28,46.441,200,
11:14:30,46.443,800,
11:14:30,46.443,6700,
11:14:39,46.4892,100,
11:14:39,46.49,100,
11:15:01,46.422,100,
11:15:18,46.461,100,
11:15:18,46.461,100,
11:15:28,46.43,100,
11:15:28,46.41,100,
11:15:34,46.4699,500,
11:15:35,46.43,100,
11:15:35,46.43,300,
11:15:36,46.4295,1000,
11:15:41,46.44,100,
11:15:41,46.44,100,
11:15:45,46.45,200,
11:15:45,46.44,100,
11:15:50,46.45,200,
11:15:50,46.45,100,
11:15:50,46.45,100,
11:15:52,46.45,100,
11:15:55,46.43,100,
11:15:55,46.43,100,
11:15:56,46.43,100,
11:15:56,46.43,400,
11:16:05,46.43,100,
11:16:05,46.44,100,
11:16:13,46.45,200,
11:16:13,46.45,200,
11:16:17,46.43,163,
11:16:17,46.43,237,
11:16:17,46.42,400,
11:16:17,46.41,200,
11:16:17,46.41,100,
11:16:17,46.41,200,
11:16:17,46.40,100,
11:16:17,46.41,100,
11:16:17,46.40,100,
11:16:18,46.4001,200,
11:16:23,46.42,200,
11:16:24,46.41,100,
11:16:24,46.40,100,
11:16:24,46.42,100,
11:16:24,46.41,100,
