09:30:00,54.63,218,
09:30:00,54.63,100,
09:30:02,54.63,100,
09:30:02,54.61,300,
09:30:03,54.62,300,
09:30:03,54.55,100,
09:30:03,54.55,100,
09:30:09,54.53,200,
09:30:09,54.52,100,
09:30:10,54.55,300,
09:30:13,54.569,200,
09:30:13,54.6282,200,
09:30:14,54.525,290,
09:30:15,54.53,100,
09:30:18,54.524,300,
09:30:22,54.56,100,
09:30:28,54.5801,380,
09:30:32,54.5299,300,
09:30:36,54.6175,2000,
09:30:37,54.6399,200,
09:30:40,54.60,300,
09:30:43,54.649,200,
09:30:43,54.649,100,
09:30:44,54.6499,400,
09:30:44,54.65,600,
09:30:44,54.65,100,
09:30:48,54.649,200,
09:30:48,54.649,200,
09:30:54,54.61,100,
09:30:58,54.59,100,
09:30:59,54.54,200,
09:30:59,54.55,100,
09:31:00,54.56,300,
09:31:07,54.599,100,
09:31:07,54.599,100,
09:31:10,54.5601,500,
09:31:20,54.57,100,
09:31:22,54.59,2900,
09:31:26,54.586,1000,
09:31:36,54.5999,100,
09:31:40,54.5899,200,
09:31:50,54.60,100,
09:31:55,54.61,500,
09:32:00,54.61,300,
09:32:04,54.61,383,
09:32:04,54.61,1301,
09:32:04,54.64,100,
09:32:04,54.65,100,
09:32:06,54.67,300,
09:32:06,54.66,300,
09:32:10,54.68,100,
09:32:10,54.68,300,
09:32:10,54.68,160,
09:32:11,54.65,300,
09:32:13,54.6588,900,
09:32:14,54.67,100,
09:32:14,54.67,100,
09:32:15,54.67,100,
09:32:15,54.65,300,
09:32:16,54.668,100,
09:32:16,54.69,300,
09:32:17,54.66,600,
09:32:17,54.69,100,
09:32:20,54.661,1000,
09:32:22,54.64,100,
09:32:22,54.64,300,
09:32:22,54.64,100,
09:32:23,54.67,100,
09:32:26,54.679,100,
09:32:31,54.6501,1000,
09:32:31,54.65,300,
09:32:33,54.6301,400,
09:32:36,54.67,100,
09:32:38,54.6799,100,
09:32:40,54.656,200,
09:32:43,54.68,100,
09:32:45,54.70,100,
09:32:45,54.681,1000,
09:32:48,54.715,300,
09:32:48,54.74,300,
09:32:48,54.74,100,
09:32:49,54.739,100,
09:32:51,54.7398,400,
09:32:52,54.736,200,
09:32:52,54.72,100,
09:32:53,54.71,200,
09:32:57,54.69,100,
09:32:58,54.63,100,
09:32:59,54.69,200,
09:33:01,54.67,100,
09:33:08,54.631,100,
09:33:09,54.65,100,
09:33:09,54.65,300,
09:33:09,54.65,100,
09:33:09,54.65,147,
09:33:09,54.66,100,
09:33:11,54.68,200,
09:33:15,54.729,600,
09:33:15,54.74,100,
09:33:16,54.716,100,
09:33:17,54.739,200,
09:33:19,54.736,200,
09:33:21,54.69,100,
09:33:22,54.68,200,
09:33:29,54.6101,250,
09:33:32,54.65,100,
09:33:33,54.61,300,
09:33:36,54.61,650,
09:33:37,54.63,400,
09:33:39,54.65,132,
09:33:40,54.649,100,
09:33:43,54.6208,400,
09:33:45,54.63,300,
09:33:46,54.66,300,
09:33:46,54.65,100,
09:33:48,54.65,100,
09:33:51,54.68,100,
09:33:52,54.65,500,
09:33:53,54.644,1000,
09:33:55,54.6499,100,
09:33:59,54.66,100,
09:34:00,54.64,100,
09:34:02,54.59,1777,
09:34:02,54.59,100,
09:34:02,54.59,100,
09:34:04,54.591,630,
09:34:10,54.59,600,
09:34:10,54.60,100,
09:34:10,54.60,100,
09:34:12,54.604,500,
09:34:14,54.5901,4900,
09:34:20,54.62,300,
09:34:22,54.60,100,
09:34:27,54.6416,1000,
09:34:28,54.66,100,
09:34:32,54.6499,500,
09:34:36,54.61,100,
09:34:41,54.60,400,
09:34:42,54.60,112,
09:34:48,54.6039,200,
09:34:49,54.606,100,
09:34:53,54.6001,1000,
09:34:54,54.606,400,
09:34:54,54.6001,500,
09:34:56,54.619,100,
09:35:11,54.63,100,
09:35:11,54.63,200,
09:35:13,54.59,300,
09:35:14,54.6044,1900,
09:35:16,54.6055,100,
09:35:19,54.60,100,
09:35:20,54.58,300,
09:35:25,54.594,500,
09:35:25,54.606,353,
09:35:30,54.63,300,
09:35:30,54.64,100,
09:35:30,54.64,100,
09:35:30,54.64,100,
09:35:31,54.66,100,
09:35:32,54.666,2330,
09:35:33,54.6699,200,
09:35:36,54.64,100,
09:35:36,54.64,100,
09:35:36,54.64,300,
09:35:36,54.64,300,
09:35:36,54.654,460,
09:35:37,54.6599,700,
09:35:40,54.66,300,
09:35:40,54.62,200,
09:35:40,54.61,300,
09:35:42,54.6198,157,
09:35:46,54.6222,250,
09:35:49,54.631,200,
09:35:57,54.67,100,
09:35:59,54.64,700,
09:35:59,54.64,400,
09:36:00,54.67,200,
09:36:05,54.64,300,
09:36:08,54.6298,100,
09:36:10,54.63,100,
09:36:16,54.6192,100,
09:36:16,54.622,100,
09:36:19,54.63,300,
09:36:19,54.63,300,
09:36:19,54.62,200,
09:36:25,54.65,100,
09:36:34,54.626,900,
09:36:37,54.61,100,
09:36:37,54.63,100,
09:36:37,54.63,100,
09:36:37,54.62,200,
09:36:38,54.63,200,
09:36:41,54.659,100,
09:36:45,54.67,100,
09:36:52,54.6689,1000,
09:36:53,54.663,100,
09:36:53,54.689,100,
09:36:59,54.68,200,
09:36:59,54.69,453,
09:37:02,54.70,100,
09:37:06,54.696,100,
09:37:07,54.69,100,
09:37:10,54.704,1000,
09:37:12,54.68,300,
09:37:17,54.67,100,
09:37:17,54.69,100,
09:37:21,54.6701,300,
09:37:23,54.66,100,
09:37:23,54.66,100,
09:37:23,54.66,400,
09:37:23,54.66,100,
09:37:26,54.6599,2000,
09:37:31,54.63,450,
09:37:31,54.631,100,
09:37:33,54.63,100,
09:37:34,54.6299,200,
09:37:40,54.629,200,
09:37:46,54.60,2500,
09:37:54,54.56,100,
09:37:55,54.55,100,
09:37:58,54.63,200,
09:37:58,54.63,300,
09:37:58,54.62,200,
09:37:58,54.62,300,
09:37:59,54.64,100,
09:37:59,54.64,100,
09:37:59,54.64,100,
09:37:59,54.63,100,
09:37:59,54.68,100,
09:37:59,54.62,300,
09:37:59,54.62,300,
09:37:59,54.62,300,
09:38:00,54.65,300,
09:38:00,54.63,300,
09:38:00,54.61,200,
09:38:01,54.61,200,
09:38:05,54.6498,183,
09:38:11,54.64,300,
09:38:13,54.64,200,
09:38:15,54.69,100,
09:38:16,54.682,400,
09:38:20,54.68,300,
09:38:20,54.67,600,
09:38:23,54.67,300,
09:38:23,54.65,100,
09:38:30,54.65,600,
09:38:30,54.65,200,
09:38:30,54.63,500,
09:38:38,54.66,200,
09:38:38,54.66,320,
09:38:40,54.654,1700,
09:38:42,54.65,100,
09:38:42,54.65,100,
09:38:42,54.65,100,
09:38:44,54.6705,6000,
09:38:51,54.62,300,
09:38:53,54.6501,490,
09:38:54,54.70,100,
09:38:54,54.70,300,
09:38:59,54.6801,1000,
09:39:00,54.71,300,
09:39:00,54.70,600,
09:39:00,54.70,900,
09:39:01,54.70,300,
09:39:03,54.70,100,
09:39:06,54.73,100,
09:39:07,54.74,400,
09:39:07,54.75,220,
09:39:07,54.74,100,
09:39:07,54.75,160,
09:39:07,54.74,200,
09:39:08,54.80,210,
09:39:08,54.80,300,
09:39:08,54.79,100,
09:39:08,54.79,200,
09:39:08,54.81,100,
09:39:08,54.79,100,
09:39:08,54.82,300,
09:39:08,54.81,100,
09:39:08,54.81,300,
09:39:08,54.81,300,
09:39:08,54.84,300,
09:39:08,54.83,300,
09:39:08,54.83,300,
09:39:08,54.82,100,
09:39:08,54.82,300,
09:39:08,54.84,300,
09:39:08,54.84,280,
09:39:08,54.85,200,
09:39:08,54.81,100,
09:39:08,54.87,100,
09:39:08,54.84,201,
09:39:08,54.81,100,
09:39:08,54.86,100,
09:39:08,54.82,630,
09:39:08,54.85,200,
09:39:08,54.87,250,
09:39:08,54.84,103,
09:39:09,54.84,100,
09:39:09,54.86,300,
09:39:09,54.86,100,
09:39:09,54.87,100,
09:39:10,54.84,930,
09:39:11,54.82,100,
09:39:11,54.809,300,
09:39:13,54.81,100,
09:39:13,54.80,100,
09:39:13,54.81,100,
09:39:13,54.86,100,
09:39:13,54.87,300,
09:39:18,54.8699,100,
09:39:21,54.86,200,
09:39:21,54.86,300,
09:39:22,54.88,500,
09:39:23,54.86,100,
09:39:24,54.8699,1000,
09:39:26,54.8396,1770,
09:39:26,54.8001,200,
09:39:28,54.7825,1700,
09:39:30,54.804,1500,
09:39:34,54.819,300,
09:39:37,54.8002,300,
09:39:37,54.80,900,
09:39:38,54.79,100,
09:39:38,54.78,300,
09:39:39,54.79,100,
09:39:40,54.80,200,
09:39:40,54.80,100,
09:39:41,54.779,100,
09:39:48,54.7799,500,
09:39:53,54.7299,740,
09:39:55,54.70,650,
09:39:57,54.73,100,
09:39:58,54.72,122,
09:40:02,54.7488,1200,
09:40:12,54.754,200,
09:40:18,54.63,300,
09:40:18,54.63,300,
09:40:18,54.63,300,
09:40:18,54.6001,200,
09:40:20,54.65,100,
09:40:23,54.60,100,
09:40:25,54.627,600,
09:40:29,54.574,600,
09:40:31,54.60,300,
09:40:37,54.582,500,
09:40:37,54.58,100,
09:40:37,54.58,200,
09:40:41,54.61,100,
09:40:41,54.61,200,
09:40:44,54.5882,500,
09:40:46,54.574,1000,
09:40:47,54.55,184,
09:40:47,54.5101,100,
09:40:48,54.518,200,
09:40:49,54.52,100,
09:40:49,54.49,200,
09:40:49,54.45,161,
09:40:50,54.51,1000,
09:40:51,54.45,300,
09:40:51,54.45,200,
09:40:51,54.45,1585,
09:40:51,54.47,100,
09:40:52,54.452,1900,
09:40:52,54.45,700,
09:40:53,54.4401,100,
09:40:56,54.47,200,
09:41:00,54.48,100,
09:41:00,54.49,100,
09:41:00,54.49,100,
09:41:01,54.46,100,
09:41:02,54.47,200,
09:41:02,54.47,300,
09:41:02,54.45,300,
09:41:02,54.45,100,
09:41:02,54.44,1100,
09:41:02,54.44,600,
09:41:02,54.44,300,
09:41:05,54.45,100,
09:41:05,54.45,100,
09:41:05,54.45,100,
09:41:05,54.45,100,
09:41:07,54.451,100,
09:41:07,54.4561,200,
09:41:08,54.45,100,
09:41:09,54.4511,200,
09:41:11,54.455,2400,
09:41:13,54.4578,100,
09:41:18,54.45,100,
09:41:19,54.438,200,
09:41:20,54.40,100,
09:41:20,54.40,100,
09:41:20,54.39,300,
09:41:23,54.39,100,
09:41:23,54.391,100,
09:41:24,54.43,100,
09:41:24,54.43,200,
09:41:24,54.43,100,
09:41:24,54.43,100,
09:41:25,54.3901,500,
09:41:25,54.43,3800,
09:41:27,54.38,100,
09:41:28,54.3984,1300,
09:41:29,54.4101,200,
09:41:31,54.411,100,
09:41:33,54.41,200,
09:41:34,54.44,400,
09:41:36,54.41,200,
09:41:40,54.429,100,
09:41:41,54.33,200,
09:41:41,54.33,100,
09:41:42,54.3301,150,
09:41:44,54.31,100,
09:41:47,54.3084,500,
09:41:48,54.30,100,
09:41:48,54.30,100,
09:41:50,54.299,300,
09:41:51,54.29,100,
09:41:51,54.277,175,
09:41:51,54.28,100,
09:41:51,54.2801,100,
09:41:52,54.2842,800,
09:41:53,54.281,900,
09:41:57,54.31,200,
09:41:57,54.29,100,
09:42:02,54.3001,100,
09:42:07,54.35,100,
09:42:07,54.35,100,
09:42:10,54.3399,200,
09:42:13,54.29,100,
09:42:13,54.30,500,
09:42:13,54.28,100,
09:42:13,54.29,100,
09:42:13,54.29,100,
09:42:13,54.32,100,
09:42:13,54.29,300,
09:42:14,54.31,100,
09:42:15,54.33,100,
09:42:16,54.33,100,
09:42:16,54.33,200,
09:42:16,54.3301,1000,
09:42:16,54.36,100,
09:42:16,54.33,300,
09:42:16,54.31,300,
09:42:18,54.3797,100,
09:42:18,54.38,100,
09:42:20,54.3592,100,
09:42:20,54.3592,100,
09:42:21,54.38,100,
09:42:22,54.357,100,
09:42:25,54.3422,100,
09:42:26,54.33,200,
09:42:26,54.33,100,
09:42:28,54.337,4200,
09:42:31,54.34,300,
09:42:31,54.35,100,
09:42:31,54.35,100,
09:42:31,54.35,100,
09:42:32,54.35,100,
09:42:32,54.35,800,
09:42:33,54.349,200,
09:42:34,54.3599,500,
09:42:43,54.359,100,
09:42:46,54.3384,1000,
09:42:54,54.35,100,
09:42:55,54.359,100,
09:42:57,54.3544,500,
09:42:58,54.36,200,
09:43:01,54.37,100,
09:43:02,54.37,200,
09:43:03,54.369,100,
09:43:04,54.369,800,
09:43:08,54.381,300,
09:43:08,54.38,100,
09:43:08,54.35,100,
09:43:08,54.35,100,
09:43:09,54.38,100,
09:43:10,54.389,400,
09:43:11,54.388,900,
09:43:14,54.35,100,
09:43:14,54.35,100,
09:43:14,54.35,100,
09:43:14,54.35,200,
09:43:14,54.35,100,
09:43:14,54.35,100,
09:43:14,54.35,100,
09:43:14,54.34,100,
09:43:14,54.35,100,
09:43:15,54.349,100,
09:43:17,54.321,400,
09:43:22,54.3202,125,
09:43:23,54.339,100,
09:43:24,54.32,100,
09:43:24,54.304,600,
09:43:28,54.29,100,
09:43:28,54.29,100,
09:43:28,54.25,100,
09:43:28,54.25,200,
09:43:28,54.29,200,
09:43:32,54.21,300,
09:43:32,54.21,100,
09:43:32,54.22,100,
09:43:32,54.229,500,
09:43:34,54.21,300,
09:43:34,54.21,100,
09:43:34,54.21,300,
09:43:34,54.21,100,
09:43:35,54.20,200,
09:43:35,54.20,1500,
09:43:35,54.17,100,
09:43:35,54.19,100,
09:43:35,54.18,100,
09:43:35,54.19,100,
09:43:35,54.19,300,
09:43:35,54.21,292,
09:43:35,54.209,200,
09:43:37,54.21,100,
09:43:37,54.21,100,
09:43:38,54.206,100,
09:43:39,54.20,200,
09:43:40,54.20,100,
09:43:44,54.14,100,
09:43:44,54.15,100,
09:43:50,54.169,100,
09:43:52,54.17,134,
09:43:53,54.22,100,
09:43:57,54.198,500,
09:44:05,54.22,400,
09:44:17,54.17,500,
09:44:20,54.1788,1800,
09:44:22,54.182,100,
09:44:24,54.169,500,
09:44:30,54.19,100,
09:44:30,54.19,200,
09:44:30,54.19,100,
09:44:36,54.1203,160,
09:44:37,54.15,200,
09:44:37,54.15,100,
09:44:37,54.15,200,
09:44:40,54.1799,2000,
09:44:42,54.15,300,
09:44:43,54.15,100,
09:44:44,54.169,1600,
09:44:44,54.169,1600,
09:44:46,54.15,200,
09:44:52,54.15,200,
09:44:56,54.15,100,
09:45:02,54.1289,100,
09:45:08,54.10,100,
09:45:09,54.0701,100,
09:45:09,54.07,100,
09:45:14,54.10,100,
09:45:14,54.082,1000,
09:45:14,54.10,200,
09:45:20,54.10,100,
09:45:20,54.11,100,
09:45:21,54.10,100,
09:45:21,54.10,100,
09:45:21,54.10,1000,
09:45:21,54.10,100,
09:45:21,54.10,100,
09:45:21,54.10,100,
09:45:24,54.12,100,
09:45:24,54.12,100,
09:45:26,54.10,100,
09:45:26,54.10,100,
09:45:27,54.10,100,
09:45:27,54.11,100,
09:45:28,54.11,1000,
09:45:28,54.09,100,
09:45:29,54.11,100,
09:45:29,54.11,100,
09:45:29,54.09,100,
09:45:29,54.08,100,
09:45:34,54.106,120,
09:45:37,54.13,300,
09:45:38,54.14,200,
09:45:42,54.13,100,
09:45:42,54.13,200,
09:45:42,54.13,600,
09:45:44,54.16,300,
09:45:45,54.16,100,
09:45:45,54.16,300,
09:45:45,54.15,200,
09:45:45,54.15,100,
09:45:49,54.17,100,
09:45:50,54.1599,300,
09:45:50,54.15,100,
09:45:51,54.1489,200,
09:45:53,54.16,200,
09:45:53,54.16,100,
09:45:53,54.16,200,
09:45:53,54.16,100,
09:45:54,54.18,100,
09:45:54,54.18,100,
09:45:54,54.18,100,
09:45:54,54.18,100,
09:45:56,54.184,100,
09:45:59,54.169,100,
09:45:59,54.18,1700,
09:46:00,54.17,100,
09:46:00,54.17,300,
09:46:02,54.14,200,
09:46:02,54.13,300,
09:46:03,54.13,219,
09:46:03,54.13,281,
09:46:03,54.113,300,
09:46:12,54.11,169,
09:46:12,54.11,200,
09:46:14,54.119,200,
09:46:19,54.1099,1800,
09:46:20,54.108,100,
09:46:22,54.09,100,
09:46:22,54.09,100,
09:46:22,54.04,196,
09:46:22,54.05,300,
09:46:29,53.9899,500,
09:46:30,53.97,100,
09:46:30,53.95,300,
09:46:30,53.95,100,
09:46:33,53.93,136,
09:46:35,53.936,500,
09:46:35,53.93,200,
09:46:35,53.93,200,
09:46:35,53.93,100,
09:46:36,53.91,200,
09:46:36,53.90,1800,
09:46:39,53.91,300,
09:46:40,53.91,300,
09:46:41,53.90,200,
09:46:41,53.88,100,
09:46:41,53.87,100,
09:46:43,53.8682,1000,
09:46:46,53.86,200,
09:46:46,53.87,100,
09:46:47,53.85,100,
09:46:49,53.85,800,
09:46:53,53.8292,100,
09:46:56,53.824,1500,
09:46:57,53.87,100,
09:46:57,53.87,100,
09:46:57,53.87,100,
09:46:57,53.87,100,
09:46:57,53.87,100,
09:46:59,53.86,100,
09:47:00,53.84,300,
09:47:01,53.82,100,
09:47:02,53.82,117,
09:47:02,53.8199,300,
09:47:03,53.83,100,
09:47:04,53.826,200,
09:47:04,53.85,100,
09:47:04,53.85,300,
09:47:04,53.85,300,
09:47:04,53.85,300,
09:47:04,53.85,200,
09:47:04,53.8499,2700,
09:47:05,53.82,200,
09:47:05,53.80,200,
09:47:05,53.80,150,
09:47:06,53.8001,650,
09:47:10,53.816,100,
09:47:11,53.799,100,
09:47:12,53.78,200,
09:47:13,53.78,200,
09:47:15,53.78,200,
09:47:17,53.788,150,
09:47:19,53.75,200,
09:47:19,53.75,100,
09:47:19,53.75,100,
09:47:19,53.75,380,
09:47:19,53.74,100,
09:47:19,53.74,100,
09:47:20,53.72,100,
09:47:22,53.73,100,
09:47:22,53.72,100,
09:47:22,53.72,200,
09:47:22,53.72,600,
09:47:27,53.74,100,
09:47:27,53.74,100,
09:47:27,53.74,200,
09:47:27,53.74,300,
09:47:27,53.74,300,
09:47:27,53.74,300,
09:47:27,53.74,100,
09:47:27,53.75,100,
09:47:28,53.74,100,
09:47:32,53.7501,160,
09:47:34,53.7799,200,
09:47:35,53.77,100,
09:47:35,53.77,100,
09:47:35,53.77,100,
09:47:36,53.76,300,
09:47:36,53.75,300,
09:47:36,53.75,300,
09:47:37,53.732,100,
09:47:37,53.73,100,
09:47:38,53.74,100,
09:47:39,53.73,100,
09:47:39,53.73,100,
09:47:39,53.73,100,
09:47:42,53.77,100,
09:47:42,53.77,100,
09:47:42,53.77,100,
09:47:42,53.77,200,
09:47:42,53.77,100,
09:47:42,53.77,100,
09:47:42,53.77,100,
09:47:42,53.77,100,
09:47:42,53.77,100,
09:47:42,53.77,100,
09:47:42,53.77,100,
09:47:42,53.77,100,
09:47:42,53.77,100,
09:47:42,53.77,100,
09:47:42,53.77,100,
09:47:42,53.77,600,
09:47:42,53.77,100,
09:47:42,53.77,100,
09:47:47,53.75,100,
09:47:47,53.75,100,
09:47:47,53.754,200,
09:47:48,53.76,100,
09:47:48,53.75,100,
09:47:48,53.73,200,
09:47:48,53.74,200,
09:47:48,53.73,100,
09:47:48,53.74,100,
09:47:48,53.76,100,
09:47:50,53.7301,200,
09:47:56,53.7498,5000,
09:47:58,53.7599,200,
09:48:02,53.809,2150,
09:48:02,53.809,3000,
09:48:02,53.81,300,
09:48:03,53.81,100,
09:48:04,53.809,100,
09:48:05,53.81,100,
09:48:05,53.80,200,
09:48:05,53.80,100,
09:48:05,53.808,100,
09:48:06,53.81,100,
09:48:08,53.829,100,
09:48:09,53.80,200,
09:48:10,53.79,200,
09:48:13,53.794,200,
09:48:15,53.79,100,
09:48:17,53.81,1000,
09:48:18,53.79,100,
09:48:19,53.79,100,
09:48:19,53.79,300,
09:48:19,53.78,100,
09:48:19,53.79,100,
09:48:20,53.7939,250,
09:48:20,53.79,100,
09:48:20,53.79,600,
09:48:23,53.8344,1000,
09:48:24,53.839,200,
09:48:26,53.82,100,
09:48:31,53.84,100,
09:48:31,53.84,100,
09:48:31,53.84,100,
09:48:32,53.83,200,
09:48:32,53.84,200,
09:48:32,53.82,200,
09:48:37,53.79,200,
09:48:38,53.799,100,
09:48:40,53.7908,250,
09:48:44,53.80,100,
09:48:46,53.80,100,
09:48:47,53.7944,1000,
09:48:49,53.809,300,
09:48:50,53.7961,100,
09:48:52,53.809,500,
09:48:53,53.819,200,
09:49:02,53.84,100,
09:49:03,53.84,100,
09:49:08,53.86,200,
09:49:09,53.87,100,
09:49:11,53.879,100,
09:49:12,53.88,100,
09:49:13,53.9185,100,
09:49:15,53.9199,200,
09:49:17,53.89,200,
09:49:17,53.89,600,
09:49:17,53.87,100,
09:49:19,53.89,100,
09:49:19,53.89,200,
09:49:19,53.89,300,
09:49:20,53.8799,300,
09:49:20,53.8799,100,
09:49:30,53.8799,2000,
09:49:31,53.858,1000,
09:49:33,53.82,300,
09:49:33,53.82,100,
09:49:33,53.82,500,
09:49:44,53.80,150,
09:49:44,53.80,100,
09:49:44,53.81,100,
09:49:44,53.81,100,
09:49:50,53.75,100,
09:49:50,53.75,1133,
09:49:50,53.75,100,
09:49:51,53.75,200,
09:49:51,53.75,100,
09:49:51,53.75,200,
09:49:51,53.75,100,
09:49:51,53.75,200,
09:49:51,53.75,100,
09:49:51,53.75,100,
09:49:51,53.75,100,
09:49:52,53.75,667,
09:49:54,53.73,1000,
09:49:54,53.719,100,
09:49:54,53.7101,1000,
09:49:57,53.73,300,
09:49:58,53.749,100,
09:50:01,53.70,200,
09:50:02,53.669,300,
09:50:03,53.67,600,
09:50:03,53.65,154,
09:50:03,53.65,400,
09:50:03,53.64,300,
09:50:03,53.63,600,
09:50:03,53.64,200,
09:50:03,53.65,300,
09:50:07,53.66,300,
09:50:07,53.66,600,
09:50:08,53.67,100,
09:50:08,53.69,100,
09:50:15,53.67,100,
09:50:15,53.67,100,
09:50:18,53.66,200,
09:50:18,53.66,200,
09:50:21,53.63,200,
09:50:21,53.63,200,
09:50:21,53.63,200,
09:50:21,53.639,100,
09:50:24,53.626,500,
09:50:24,53.666,100,
09:50:27,53.6544,500,
09:50:37,53.60,100,
09:50:37,53.59,101,
09:50:37,53.59,199,
09:50:37,53.59,199,
09:50:39,53.57,100,
09:50:39,53.57,100,
09:50:39,53.57,300,
09:50:39,53.58,2000,
09:50:39,53.58,200,
09:50:39,53.57,100,
09:50:39,53.57,300,
09:50:39,53.58,100,
09:50:39,53.5739,100,
09:50:41,53.57,100,
09:50:41,53.57,200,
09:50:41,53.57,100,
09:50:41,53.5825,2000,
09:50:44,53.586,1000,
09:50:45,53.55,275,
09:50:51,53.5884,1350,
09:50:56,53.576,400,
09:51:00,53.56,500,
09:51:00,53.5799,500,
09:51:02,53.55,100,
09:51:10,53.6039,250,
09:51:12,53.594,200,
09:51:15,53.64,100,
09:51:15,53.64,100,
09:51:15,53.64,100,
09:51:18,53.64,100,
09:51:21,53.636,400,
09:51:22,53.6598,100,
09:51:23,53.648,100,
09:51:24,53.66,2600,
09:51:24,53.66,100,
09:51:25,53.65,200,
09:51:26,53.6399,100,
09:51:26,53.6318,800,
09:51:27,53.66,400,
09:51:27,53.66,1400,
09:51:29,53.64,100,
09:51:29,53.65,100,
09:51:29,53.66,400,
09:51:30,53.67,300,
09:51:30,53.658,100,
09:51:30,53.66,200,
09:51:30,53.658,800,
09:51:34,53.65,300,
09:51:35,53.67,100,
09:51:35,53.6799,250,
09:51:36,53.659,100,
09:51:37,53.659,1400,
09:51:37,53.6682,200,
09:51:38,53.658,100,
09:51:39,53.67,700,
09:51:39,53.65,100,
09:51:39,53.65,100,
09:51:39,53.65,300,
09:51:39,53.65,100,
09:51:39,53.65,100,
09:51:39,53.65,100,
09:51:39,53.65,100,
09:51:39,53.65,100,
09:51:39,53.65,300,
09:51:39,53.65,300,
09:51:40,53.64,100,
09:51:40,53.63,100,
09:51:42,53.659,1700,
09:51:42,53.658,100,
09:51:46,53.64,200,
09:51:46,53.67,100,
09:51:46,53.67,100,
09:51:49,53.65,200,
09:51:50,53.64,200,
09:51:50,53.63,200,
09:51:52,53.65,222,
09:51:52,53.65,100,
09:51:53,53.70,100,
09:51:53,53.73,100,
09:51:54,53.76,175,
09:51:55,53.74,140,
09:51:55,53.73,100,
09:51:56,53.714,450,
09:51:59,53.7102,380,
09:52:02,53.716,100,
09:52:02,53.719,100,
09:52:04,53.72,100,
09:52:06,53.67,1600,
09:52:07,53.6544,500,
09:52:09,53.63,100,
09:52:09,53.63,100,
09:52:12,53.64,100,
09:52:16,53.669,100,
09:52:16,53.67,100,
09:52:16,53.67,300,
09:52:16,53.66,100,
09:52:19,53.69,100,
09:52:19,53.69,100,
09:52:20,53.716,200,
09:52:22,53.69,200,
09:52:22,53.6745,100,
09:52:22,53.6899,100,
09:52:30,53.6799,200,
09:52:32,53.6539,250,
09:52:32,53.6501,200,
09:52:33,53.67,100,
09:52:33,53.67,100,
09:52:33,53.67,100,
09:52:36,53.6601,440,
09:52:45,53.66,100,
09:52:48,53.70,100,
09:52:48,53.68,300,
09:52:48,53.699,200,
09:52:52,53.659,300,
09:52:52,53.67,300,
09:52:54,53.68,100,
09:52:54,53.68,100,
09:53:00,53.67,100,
09:53:05,53.69,100,
09:53:05,53.69,200,
09:53:11,53.6801,300,
09:53:21,53.7308,100,
09:53:28,53.7201,570,
09:53:35,53.7655,100,
09:53:40,53.76,175,
09:53:45,53.764,200,
09:53:47,53.764,500,
09:53:54,53.77,200,
09:53:55,53.77,600,
09:54:00,53.73,200,
09:54:00,53.72,100,
09:54:01,53.70,100,
09:54:01,53.66,200,
09:54:02,53.68,100,
09:54:03,53.6755,100,
09:54:04,53.67,100,
09:54:07,53.648,185,
09:54:09,53.6689,100,
09:54:11,53.693,100,
09:54:12,53.699,300,
09:54:16,53.719,300,
09:54:22,53.7182,1600,
09:54:26,53.696,200,
09:54:33,53.67,100,
09:54:33,53.6782,380,
09:54:36,53.63,100,
09:54:36,53.63,100,
09:54:37,53.61,200,
09:54:41,53.62,200,
09:54:41,53.63,100,
09:54:41,53.63,100,
09:54:41,53.65,200,
09:54:48,53.66,300,
09:55:03,53.651,700,
09:55:11,53.66,200,
09:55:14,53.66,100,
09:55:22,53.66,100,
09:55:24,53.68,100,
09:55:24,53.68,100,
09:55:24,53.68,100,
09:55:28,53.71,100,
09:55:28,53.71,100,
09:55:28,53.71,300,
09:55:28,53.6901,100,
09:55:34,53.69,100,
09:55:36,53.67,100,
09:55:36,53.666,400,
09:55:43,53.67,200,
09:55:43,53.68,100,
09:55:43,53.68,100,
09:55:43,53.68,100,
09:55:45,53.6861,182,
09:55:48,53.729,100,
09:55:49,53.769,1100,
09:55:49,53.769,1100,
09:55:51,53.758,300,
09:55:51,53.758,300,
09:55:52,53.776,3000,
09:55:53,53.784,1000,
09:55:55,53.77,200,
09:55:56,53.79,100,
09:55:56,53.80,200,
09:55:56,53.80,100,
09:55:56,53.80,300,
09:55:56,53.80,100,
09:55:56,53.80,100,
09:55:56,53.80,100,
09:55:56,53.80,100,
09:55:56,53.80,100,
09:55:56,53.8082,101,
09:55:57,53.829,1300,
09:55:57,53.826,100,
09:56:00,53.822,3500,
09:56:07,53.779,300,
09:56:07,53.779,400,
09:56:11,53.7897,200,
09:56:12,53.789,1515,
09:56:16,53.77,100,
09:56:16,53.77,300,
09:56:16,53.78,300,
09:56:16,53.78,200,
09:56:16,53.79,200,
09:56:19,53.779,100,
09:56:20,53.76,512,
09:56:25,53.75,200,
09:56:34,53.779,100,
09:56:37,53.7982,480,
09:56:39,53.80,100,
09:56:43,53.79,100,
09:56:45,53.79,100,
09:56:47,53.78,100,
09:56:49,53.788,100,
09:56:50,53.78,100,
09:56:52,53.76,100,
09:56:52,53.72,100,
09:56:52,53.70,100,
09:56:54,53.73,100,
09:56:55,53.729,100,
09:56:57,53.726,900,
09:56:58,53.72,100,
09:57:05,53.69,727,
09:57:07,53.74,100,
09:57:07,53.74,100,
09:57:07,53.74,100,
09:57:07,53.745,1100,
09:57:12,53.76,100,
09:57:18,53.739,300,
09:57:22,53.78,800,
09:57:22,53.78,100,
09:57:24,53.79,300,
09:57:24,53.79,100,
09:57:55,53.7699,200,
09:57:58,53.79,100,
09:57:58,53.77,100,
09:58:04,53.7708,195,
09:58:17,53.7699,800,
09:58:25,53.769,100,
09:58:28,53.769,100,
09:58:32,53.80,200,
09:58:32,53.80,100,
09:58:33,53.84,100,
09:58:39,53.83,250,
09:58:41,53.829,725,
09:58:55,53.81,116,
09:59:00,53.8189,300,
09:59:02,53.7997,500,
09:59:04,53.80,150,
09:59:10,53.85,100,
09:59:10,53.8401,500,
09:59:13,53.86,100,
09:59:13,53.86,100,
09:59:18,53.8899,1975,
09:59:22,53.8816,100,
09:59:23,53.90,200,
09:59:25,53.884,100,
09:59:27,53.89,300,
09:59:27,53.884,1400,
09:59:27,53.889,200,
09:59:29,53.8882,700,
09:59:31,53.889,100,
09:59:36,53.90,250,
09:59:37,53.90,300,
09:59:41,53.8998,100,
09:59:43,53.90,100,
09:59:44,53.904,100,
09:59:49,53.86,100,
09:59:50,53.86,100,
09:59:50,53.86,100,
09:59:50,53.86,100,
09:59:50,53.86,100,
09:59:50,53.86,100,
09:59:50,53.84,100,
09:59:59,53.8282,1000,
10:00:02,53.79,100,
10:00:02,53.79,300,
10:00:02,53.79,200,
10:00:02,53.79,300,
10:00:02,53.79,100,
10:00:03,53.7999,100,
10:00:04,53.80,100,
10:00:05,53.76,100,
10:00:05,53.76,100,
10:00:05,53.75,100,
10:00:05,53.75,100,
10:00:05,53.77,300,
10:00:06,53.70,100,
10:00:06,53.71,100,
10:00:06,53.71,180,
10:00:06,53.68,300,
10:00:06,53.68,300,
10:00:06,53.66,100,
10:00:06,53.67,100,
10:00:06,53.67,100,
10:00:06,53.63,100,
10:00:06,53.68,300,
10:00:06,53.69,100,
10:00:06,53.63,100,
10:00:07,53.61,100,
10:00:07,53.762,200,
10:00:07,53.61,300,
10:00:07,53.61,300,
10:00:07,53.61,200,
10:00:07,53.62,100,
10:00:07,53.62,200,
10:00:07,53.62,100,
10:00:07,53.60,100,
10:00:07,53.60,300,
10:00:07,53.58,299,
10:00:07,53.58,600,
10:00:07,53.59,200,
10:00:08,53.58,500,
10:00:08,53.57,100,
10:00:08,53.59,100,
10:00:08,53.61,100,
10:00:08,53.59,100,
10:00:08,53.61,100,
10:00:08,53.61,100,
10:00:08,53.62,300,
10:00:09,53.65,100,
10:00:09,53.65,100,
10:00:09,53.65,100,
10:00:09,53.63,300,
10:00:09,53.63,300,
10:00:09,53.63,300,
10:00:10,53.60,100,
10:00:11,53.56,100,
10:00:11,53.55,300,
10:00:11,53.50,100,
10:00:12,53.50,300,
10:00:12,53.49,300,
10:00:12,53.50,300,
10:00:12,53.50,1000,
10:00:12,53.465,291,
10:00:13,53.47,200,
10:00:13,53.49,200,
10:00:13,53.49,300,
10:00:13,53.49,200,
10:00:13,53.49,100,
10:00:13,53.51,100,
10:00:13,53.50,200,
10:00:14,53.59,300,
10:00:14,53.59,700,
10:00:14,53.57,100,
10:00:14,53.60,800,
10:00:14,53.60,100,
10:00:15,53.60,300,
10:00:15,53.45,100,
10:00:16,53.56,450,
10:00:16,53.52,100,
10:00:16,53.54,300,
10:00:16,53.54,300,
10:00:16,53.51,100,
10:00:16,53.51,100,
10:00:16,53.51,100,
10:00:16,53.54,100,
10:00:16,53.48,100,
10:00:16,53.46,200,
10:00:16,53.47,100,
10:00:16,53.46,100,
10:00:16,53.43,100,
10:00:16,53.47,100,
10:00:17,53.48,200,
10:00:19,53.44,300,
10:00:20,53.46,200,
10:00:20,53.46,1000,
10:00:20,53.47,200,
10:00:21,53.49,100,
10:00:22,53.4301,480,
10:00:23,53.43,300,
10:00:23,53.43,100,
10:00:23,53.43,300,
10:00:23,53.43,300,
10:00:23,53.41,1550,
10:00:23,53.45,100,
10:00:23,53.46,100,
10:00:23,53.45,200,
10:00:23,53.47,100,
10:00:23,53.45,100,
10:00:23,53.48,100,
10:00:23,53.468,500,
10:00:29,53.55,300,
10:00:29,53.55,300,
10:00:29,53.56,300,
10:00:29,53.55,300,
10:00:29,53.58,200,
10:00:29,53.58,100,
10:00:29,53.58,100,
10:00:29,53.58,100,
10:00:29,53.58,100,
10:00:29,53.57,212,
10:00:29,53.63,100,
10:00:29,53.62,200,
10:00:31,53.6698,400,
10:00:33,53.60,100,
10:00:33,53.60,100,
10:00:34,53.6199,100,
10:00:36,53.59,100,
10:00:36,53.59,300,
10:00:36,53.59,300,
10:00:36,53.59,300,
10:00:36,53.59,200,
10:00:36,53.59,200,
10:00:36,53.60,300,
10:00:36,53.59,200,
10:00:36,53.6199,100,
10:00:37,53.57,300,
10:00:37,53.58,300,
10:00:37,53.57,300,
10:00:37,53.57,300,
10:00:38,53.57,300,
10:00:38,53.58,300,
10:00:42,53.60,600,
10:00:42,53.60,100,
10:00:42,53.60,200,
10:00:43,53.58,100,
10:00:43,53.61,100,
10:00:44,53.59,200,
10:00:45,53.59,100,
10:00:47,53.57,300,
10:00:47,53.57,100,
10:00:49,53.50,100,
10:00:49,53.50,350,
10:00:52,53.50,300,
10:00:52,53.50,790,
10:00:54,53.4599,100,
10:00:57,53.41,200,
10:00:58,53.37,100,
10:00:58,53.36,200,
10:00:58,53.36,400,
10:00:58,53.36,100,
10:00:58,53.34,900,
10:00:59,53.331,250,
10:01:00,53.36,100,
10:01:00,53.36,100,
10:01:00,53.36,100,
10:01:00,53.39,200,
10:01:01,53.39,100,
10:01:01,53.40,100,
10:01:01,53.40,100,
10:01:04,53.388,450,
10:01:04,53.38,300,
10:01:06,53.3799,1500,
10:01:07,53.4101,500,
10:01:07,53.45,100,
10:01:07,53.45,300,
10:01:08,53.44,100,
10:01:09,53.4401,1000,
10:01:10,53.476,500,
10:01:10,53.51,300,
10:01:10,53.50,200,
10:01:10,53.50,100,
10:01:10,53.50,300,
10:01:10,53.51,200,
10:01:10,53.51,200,
10:01:10,53.51,300,
10:01:10,53.49,100,
10:01:10,53.49,100,
10:01:10,53.498,100,
10:01:12,53.4801,200,
10:01:14,53.48,300,
10:01:16,53.51,300,
10:01:16,53.51,300,
10:01:17,53.47,100,
10:01:19,53.458,100,
10:01:22,53.519,400,
10:01:23,53.53,400,
10:01:23,53.4801,300,
10:01:23,53.53,100,
10:01:23,53.50,100,
10:01:27,53.54,300,
10:01:27,53.54,1300,
10:01:30,53.59,100,
10:01:37,53.57,100,
10:01:37,53.57,300,
10:01:37,53.57,300,
10:01:39,53.56,100,
10:01:46,53.66,500,
10:01:48,53.6099,1000,
10:01:51,53.56,500,
10:01:53,53.559,1000,
10:01:56,53.5744,800,
10:02:04,53.5782,900,
10:02:09,53.49,100,
10:02:09,53.50,100,
10:02:09,53.50,600,
10:02:09,53.51,100,
10:02:09,53.51,100,
10:02:11,53.51,200,
10:02:11,53.50,100,
10:02:11,53.50,100,
10:02:13,53.5001,500,
10:02:14,53.51,100,
10:02:14,53.52,100,
10:02:18,53.54,100,
10:02:19,53.55,600,
10:02:26,53.5299,875,
10:02:27,53.50,200,
10:02:33,53.52,200,
10:02:34,53.54,100,
10:02:37,53.51,100,
10:02:38,53.50,200,
10:02:40,53.4699,200,
10:02:43,53.44,100,
10:02:43,53.43,100,
10:02:43,53.438,200,
10:02:46,53.44,100,
10:02:46,53.44,200,
10:02:46,53.46,200,
10:02:46,53.431,200,
10:02:50,53.43,100,
10:02:50,53.43,300,
10:02:50,53.42,100,
10:02:50,53.42,100,
10:02:50,53.40,200,
10:02:50,53.42,100,
10:02:50,53.43,100,
10:02:52,53.42,1000,
10:02:52,53.39,300,
10:02:52,53.40,200,
10:02:52,53.40,200,
10:02:53,53.37,100,
10:02:54,53.35,100,
10:02:54,53.35,100,
10:02:54,53.35,100,
10:02:54,53.35,100,
10:02:58,53.40,350,
10:02:59,53.37,300,
10:02:59,53.37,100,
10:03:01,53.38,100,
10:03:03,53.38,100,
10:03:06,53.38,200,
10:03:09,53.369,200,
10:03:10,53.40,100,
10:03:10,53.402,4000,
10:03:13,53.43,100,
10:03:14,53.4182,400,
10:03:24,53.40,200,
10:03:24,53.37,100,
10:03:24,53.38,600,
10:03:24,53.38,200,
10:03:24,53.36,541,
10:03:24,53.36,100,
10:03:24,53.36,100,
10:03:24,53.36,300,
10:03:24,53.36,100,
10:03:24,53.36,200,
10:03:24,53.3599,200,
10:03:24,53.36,100,
10:03:24,53.36,200,
10:03:24,53.36,300,
10:03:24,53.38,100,
10:03:25,53.38,1700,
10:03:25,53.38,200,
10:03:26,53.38,215,
10:03:28,53.34,100,
10:03:28,53.3325,1600,
10:03:28,53.34,100,
10:03:28,53.32,400,
10:03:28,53.32,100,
10:03:29,53.31,100,
10:03:31,53.331,500,
10:03:31,53.316,200,
10:03:31,53.30,100,
10:03:33,53.34,100,
10:03:33,53.34,100,
10:03:33,53.3384,1150,
10:03:34,53.3582,400,
10:03:36,53.32,100,
10:03:36,53.3001,850,
10:03:40,53.319,1250,
10:03:40,53.319,1300,
10:03:40,53.318,100,
10:03:40,53.318,1000,
10:03:41,53.30,400,
10:03:41,53.28,200,
10:03:41,53.28,100,
10:03:42,53.27,200,
10:03:42,53.256,112,
10:03:42,53.279,900,
10:03:43,53.281,550,
10:03:43,53.30,100,
10:03:45,53.26,100,
10:03:45,53.27,200,
10:03:45,53.25,100,
10:03:45,53.24,2040,
10:03:47,53.26,100,
10:03:48,53.2396,200,
10:03:49,53.244,150,
10:03:49,53.20,100,
10:03:50,53.18,900,
10:03:50,53.20,100,
10:03:52,53.2192,100,
10:03:53,53.2245,100,
10:03:54,53.2699,400,
10:03:54,53.27,200,
10:03:56,53.294,500,
10:03:57,53.27,100,
10:03:57,53.27,450,
10:03:57,53.27,200,
10:03:57,53.23,100,
10:03:57,53.26,300,
10:03:57,53.23,100,
10:03:58,53.23,200,
10:03:58,53.23,200,
10:03:58,53.239,1200,
10:03:58,53.239,1200,
10:03:59,53.24,200,
10:04:00,53.20,100,
10:04:01,53.237,900,
10:04:04,53.19,300,
10:04:04,53.199,1100,
10:04:05,53.18,200,
10:04:05,53.17,100,
10:04:06,53.18,100,
10:04:06,53.18,200,
10:04:07,53.197,1000,
10:04:08,53.1845,100,
10:04:08,53.2001,125,
10:04:13,53.249,100,
10:04:13,53.26,300,
10:04:15,53.30,300,
10:04:15,53.30,600,
10:04:15,53.309,300,
10:04:16,53.297,200,
10:04:16,53.297,100,
10:04:16,53.298,600,
10:04:16,53.2901,200,
10:04:16,53.31,600,
10:04:16,53.297,100,
10:04:17,53.30,300,
10:04:17,53.30,300,
10:04:17,53.30,100,
10:04:18,53.309,700,
10:04:18,53.309,800,
10:04:19,53.306,2800,
10:04:21,53.29,100,
10:04:23,53.30,100,
10:04:25,53.34,100,
10:04:25,53.3597,400,
10:04:26,53.3399,100,
10:04:27,53.31,200,
10:04:27,53.34,100,
10:04:27,53.30,500,
10:04:27,53.31,100,
10:04:27,53.31,100,
10:04:27,53.31,100,
10:04:27,53.31,100,
10:04:27,53.31,100,
10:04:27,53.32,300,
10:04:27,53.36,100,
10:04:27,53.32,100,
10:04:27,53.32,300,
10:04:27,53.34,100,
10:04:27,53.33,100,
10:04:27,53.33,100,
10:04:28,53.32,100,
10:04:30,53.297,100,
10:04:32,53.30,100,
10:04:33,53.30,100,
10:04:35,53.3189,1000,
10:04:36,53.31,200,
10:04:36,53.31,300,
10:04:38,53.274,200,
10:04:39,53.28,100,
10:04:39,53.28,100,
10:04:39,53.28,200,
10:04:39,53.299,1500,
10:04:39,53.299,1550,
10:04:40,53.30,1600,
10:04:40,53.2999,1000,
10:04:40,53.30,250,
10:04:40,53.279,100,
10:04:45,53.309,1300,
10:04:45,53.309,1400,
10:04:46,53.31,250,
10:04:46,53.298,100,
10:04:46,53.31,300,
10:04:48,53.28,200,
10:04:48,53.28,100,
10:04:48,53.259,200,
10:04:50,53.24,100,
10:04:50,53.2199,100,
10:04:50,53.20,500,
10:04:50,53.19,100,
10:04:51,53.18,300,
10:04:51,53.18,100,
10:04:51,53.18,100,
10:04:51,53.1601,300,
10:04:52,53.15,500,
10:04:53,53.17,600,
10:04:55,53.1801,400,
10:05:00,53.2616,1000,
10:05:01,53.239,1550,
10:05:01,53.238,250,
10:05:05,53.221,800,
10:05:06,53.20,300,
10:05:06,53.17,100,
10:05:06,53.18,200,
10:05:06,53.19,100,
10:05:08,53.18,100,
10:05:08,53.18,200,
10:05:09,53.19,100,
10:05:11,53.199,1300,
10:05:12,53.17,100,
10:05:12,53.20,100,
10:05:13,53.19,2800,
10:05:13,53.197,1000,
10:05:14,53.1845,100,
10:05:14,53.17,100,
10:05:14,53.17,100,
10:05:19,53.17,500,
10:05:19,53.19,200,
10:05:22,53.171,100,
10:05:22,53.196,200,
10:05:23,53.17,400,
10:05:23,53.17,200,
10:05:23,53.15,100,
10:05:24,53.159,100,
10:05:24,53.16,100,
10:05:24,53.16,100,
10:05:24,53.16,100,
10:05:24,53.16,200,
10:05:24,53.16,100,
10:05:24,53.16,100,
10:05:24,53.16,100,
10:05:24,53.16,100,
10:05:24,53.16,600,
10:05:24,53.15,200,
10:05:24,53.16,300,
10:05:24,53.16,300,
10:05:24,53.17,300,
10:05:24,53.17,100,
10:05:24,53.17,200,
10:05:24,53.16,600,
10:05:24,53.16,300,
10:05:24,53.14,300,
10:05:25,53.136,200,
10:05:25,53.13,200,
10:05:28,53.14,100,
10:05:29,53.19,200,
10:05:32,53.199,1600,
10:05:32,53.17,100,
10:05:34,53.188,100,
10:05:34,53.13,400,
10:05:34,53.13,200,
10:05:36,53.154,200,
10:05:37,53.11,100,
10:05:37,53.14,100,
10:05:38,53.12,100,
10:05:38,53.12,300,
10:05:39,53.11,100,
10:05:39,53.11,300,
10:05:39,53.11,200,
10:05:39,53.11,300,
10:05:39,53.11,200,
10:05:39,53.11,300,
10:05:39,53.11,200,
10:05:40,53.12,100,
10:05:40,53.12,100,
10:05:40,53.12,100,
10:05:40,53.12,100,
10:05:40,53.11,100,
10:05:41,53.10,100,
10:05:41,53.10,300,
10:05:41,53.10,100,
10:05:41,53.12,300,
10:05:41,53.12,100,
10:05:41,53.12,100,
10:05:41,53.12,100,
10:05:41,53.11,200,
10:05:41,53.12,100,
10:05:41,53.12,200,
10:05:41,53.12,100,
10:05:41,53.12,100,
10:05:41,53.1201,123,
10:05:43,53.14,100,
10:05:43,53.14,100,
10:05:44,53.16,200,
10:05:45,53.12,100,
10:05:45,53.11,100,
10:05:45,53.11,100,
10:05:45,53.11,100,
10:05:45,53.12,100,
10:05:45,53.12,100,
10:05:45,53.11,100,
10:05:45,53.11,100,
10:05:46,53.09,300,
10:05:46,53.09,165,
10:05:46,53.09,200,
10:05:47,53.07,200,
10:05:47,53.08,300,
10:05:47,53.07,100,
10:05:47,53.07,100,
10:05:47,53.0701,600,
10:05:49,53.08,1000,
10:05:49,53.08,200,
10:05:51,53.10,300,
10:05:51,53.094,100,
10:05:53,53.09,100,
10:05:56,53.07,300,
10:05:56,53.08,600,
10:05:56,53.08,400,
10:05:58,53.07,300,
10:05:58,53.06,300,
10:05:58,53.06,300,
10:05:58,53.05,200,
10:06:03,53.06,100,
10:06:03,53.06,100,
10:06:05,53.03,100,
10:06:06,53,100,
10:06:06,53,200,
10:06:06,53,200,
10:06:06,52.98,100,
10:06:06,53,200,
10:06:06,52.98,100,
10:06:06,53,100,
10:06:06,53,100,
10:06:06,53.01,200,
10:06:06,53.01,100,
10:06:07,52.995,278,
10:06:08,53.01,100,
10:06:09,53,1228,
10:06:09,53.0001,200,
10:06:10,53.0199,1000,
10:06:10,53.04,600,
10:06:11,53.021,600,
10:06:12,53.0599,208,
10:06:16,53.01,100,
10:06:16,53.02,300,
10:06:17,53.03,100,
10:06:17,53.02,100,
10:06:17,53.01,100,
10:06:17,53.01,300,
10:06:17,53,100,
10:06:18,53.02,600,
10:06:18,53.01,100,
10:06:19,53.0203,100,
10:06:19,53.05,200,
10:06:19,53.059,800,
10:06:19,53.04,100,
10:06:19,53.03,100,
10:06:19,53.047,100,
10:06:19,53.02,100,
10:06:20,53.01,200,
10:06:21,53.039,100,
10:06:22,53.05,100,
10:06:22,53.06,900,
10:06:23,53.01,100,
10:06:23,53.01,100,
10:06:23,53.0401,100,
10:06:24,53.06,200,
10:06:24,53.0401,5000,
10:06:24,53.06,100,
10:06:24,53.06,100,
10:06:25,53.089,100,
10:06:25,53.10,100,
10:06:26,53.10,500,
10:06:27,53.0998,100,
10:06:28,53.10,100,
10:06:29,53.13,200,
10:06:29,53.10,100,
10:06:29,53.12,100,
10:06:32,53.149,1200,
10:06:32,53.1211,200,
10:06:33,53.149,100,
10:06:34,53.12,100,
10:06:34,53.12,100,
10:06:34,53.10,100,
10:06:35,53.11,100,
10:06:35,53.11,100,
10:06:35,53.11,100,
10:06:35,53.11,200,
10:06:35,53.11,299,
10:06:35,53.11,100,
10:06:35,53.12,100,
10:06:35,53.13,100,
10:06:36,53.10,300,
10:06:36,53.10,200,
10:06:36,53.10,300,
10:06:36,53.10,233,
10:06:36,53.10,100,
10:06:36,53.10,100,
10:06:37,53.11,100,
10:06:38,53.11,300,
10:06:39,53.10,300,
10:06:41,53.119,100,
10:06:44,53.08,100,
10:06:44,53.10,100,
10:06:45,53.1101,100,
10:06:45,53.10,100,
10:06:45,53.10,100,
10:06:45,53.10,100,
10:06:45,53.10,100,
10:06:46,53.11,200,
10:06:47,53.10,100,
10:06:47,53.10,100,
10:06:47,53.10,100,
10:06:47,53.10,100,
10:06:47,53.05,200,
10:06:47,53.06,100,
10:06:47,53.06,300,
10:06:47,53.07,200,
10:06:47,53.06,300,
10:06:48,53.064,100,
10:06:48,53.05,200,
10:06:48,53.059,1600,
10:06:48,53.059,750,
10:06:49,53.057,750,
10:06:50,53.06,100,
10:06:51,53.02,200,
10:06:51,53.03,100,
10:06:51,53.03,300,
10:06:51,53.03,200,
10:06:51,53.03,200,
10:06:53,53.04,100,
10:06:53,53.059,200,
10:06:53,53.06,300,
10:06:56,53.04,200,
10:06:56,53.04,200,
10:06:56,53.05,100,
10:06:56,53.02,100,
10:06:56,53.05,100,
10:06:59,53.059,1150,
10:06:59,53.059,1200,
10:07:00,53.03,300,
10:07:00,53.04,200,
10:07:01,53.047,300,
10:07:01,53.06,250,
10:07:01,53.047,100,
10:07:04,53.02,400,
10:07:04,53.01,1800,
10:07:04,53.017,100,
10:07:05,53.001,150,
10:07:05,53.01,300,
10:07:06,53.009,100,
10:07:07,53.009,600,
10:07:07,53.006,100,
10:07:08,52.99,100,
10:07:09,53.01,200,
10:07:09,53.02,200,
10:07:09,53.01,100,
10:07:10,53.01,100,
10:07:10,52.99,5042,
10:07:10,53,300,
10:07:10,53,100,
10:07:12,52.9601,190,
10:07:12,52.96,100,
10:07:14,52.96,100,
10:07:14,52.96,400,
10:07:16,52.966,100,
10:07:16,52.99,100,
10:07:17,53.02,100,
10:07:17,53.02,100,
10:07:17,53.02,300,
10:07:17,53,100,
10:07:18,53.03,300,
10:07:20,52.985,750,
10:07:21,52.9892,400,
10:07:23,52.976,175,
10:07:24,53.0301,300,
10:07:26,53.03,200,
10:07:27,53.07,100,
10:07:28,53.07,200,
10:07:28,53.07,100,
10:07:32,53.07,1400,
10:07:35,53.08,200,
10:07:36,53.10,200,
10:07:36,53.099,200,
10:07:37,53.096,1000,
10:07:39,53.06,300,
10:07:41,53.03,200,
10:07:41,53.03,300,
10:07:43,53.006,300,
10:07:44,53.006,100,
10:07:45,52.99,100,
10:07:46,52.99,100,
10:07:47,52.994,2400,
10:07:48,52.9701,285,
10:07:48,53,100,
10:07:48,52.98,100,
10:07:49,52.974,400,
10:07:51,53,100,
10:07:51,53.02,150,
10:07:51,53.019,500,
10:07:52,53.03,300,
10:07:53,53.04,300,
10:07:53,53.04,300,
10:07:53,53.04,300,
10:07:53,53.04,300,
10:07:53,53.04,300,
10:07:59,53.08,100,
10:08:02,53.08,200,
10:08:06,53.12,500,
10:08:07,53.1125,2500,
10:08:07,53.114,400,
10:08:07,53.10,100,
10:08:08,53.114,200,
10:08:08,53.0999,238,
10:08:09,53.10,200,
10:08:11,53.09,1000,
10:08:14,53.10,100,
10:08:15,53.1197,100,
10:08:16,53.119,100,
10:08:17,53.09,100,
10:08:17,53.12,100,
10:08:17,53.12,200,
10:08:17,53.12,100,
10:08:17,53.12,100,
10:08:17,53.12,100,
10:08:19,53.12,300,
10:08:20,53.12,100,
10:08:24,53.1389,100,
10:08:24,53.15,100,
10:08:26,53.10,100,
10:08:26,53.1189,1000,
10:08:26,53.12,300,
10:08:27,53.16,100,
10:08:28,53.17,300,
10:08:28,53.17,100,
10:08:28,53.17,100,
10:08:28,53.16,100,
10:08:31,53.1689,200,
10:08:31,53.17,300,
10:08:32,53.18,100,
10:08:32,53.1801,100,
10:08:33,53.18,200,
10:08:37,53.19,200,
10:08:37,53.19,200,
10:08:39,53.23,100,
10:08:43,53.1999,400,
10:08:44,53.20,100,
10:08:45,53.196,4000,
10:08:46,53.24,100,
10:08:46,53.24,200,
10:08:46,53.24,300,
10:08:46,53.25,200,
10:08:49,53.229,100,
10:08:56,53.21,124,
10:09:04,53.2011,400,
10:09:04,53.22,400,
10:09:04,53.22,700,
10:09:04,53.20,100,
10:09:05,53.22,100,
10:09:05,53.22,100,
10:09:06,53.22,100,
10:09:08,53.23,100,
10:09:09,53.2101,500,
10:09:11,53.25,100,
10:09:11,53.25,100,
10:09:11,53.25,100,
10:09:13,53.2608,250,
10:09:14,53.294,1000,
10:09:16,53.31,100,
10:09:16,53.30,300,
10:09:16,53.34,200,
10:09:16,53.34,100,
10:09:16,53.34,200,
10:09:17,53.348,1300,
10:09:17,53.327,100,
10:09:20,53.326,220,
10:09:24,53.314,1000,
10:09:26,53.27,100,
10:09:26,53.27,100,
10:09:28,53.30,100,
10:09:28,53.30,100,
10:09:29,53.309,200,
10:09:35,53.312,300,
10:09:36,53.28,100,
10:09:36,53.28,100,
10:09:36,53.27,200,
10:09:36,53.28,200,
10:09:36,53.24,200,
10:09:36,53.23,200,
10:09:36,53.23,300,
10:09:36,53.22,100,
10:09:36,53.21,100,
10:09:36,53.28,100,
10:09:36,53.24,100,
10:09:36,53.24,200,
10:09:36,53.24,100,
10:09:36,53.24,300,
10:09:36,53.27,100,
10:09:36,53.25,200,
10:09:36,53.26,300,
10:09:36,53.26,200,
10:09:36,53.25,100,
10:09:36,53.27,100,
10:09:36,53.27,300,
10:09:36,53.27,100,
10:09:36,53.28,200,
10:09:36,53.28,300,
10:09:39,53.31,200,
10:09:39,53.31,100,
10:09:40,53.308,100,
10:09:41,53.30,100,
10:09:41,53.30,1491,
10:09:41,53.30,100,
10:09:41,53.30,400,
10:09:42,53.33,100,
10:09:42,53.32,100,
10:09:44,53.339,400,
10:09:46,53.3316,1000,
10:09:47,53.29,200,
10:09:49,53.29,100,
10:09:49,53.29,200,
10:09:51,53.304,3000,
10:09:55,53.30,300,
10:09:58,53.31,300,
10:09:58,53.3089,350,
10:10:02,53.24,200,
10:10:04,53.2299,2300,
10:10:07,53.2089,300,
10:10:08,53.15,900,
10:10:11,53.15,600,
10:10:11,53.17,100,
10:10:15,53.15,100,
10:10:16,53.11,1000,
10:10:16,53.109,500,
10:10:16,53.12,200,
10:10:16,53.12,300,
10:10:17,53.15,100,
10:10:17,53.15,500,
10:10:17,53.15,900,
10:10:18,53.15,1140,
10:10:18,53.15,535,
10:10:18,53.14,200,
10:10:18,53.15,100,
10:10:19,53.13,200,
10:10:23,53.07,100,
10:10:23,53.07,500,
10:10:23,53.06,100,
10:10:23,53.07,200,
10:10:23,53.07,500,
10:10:23,53.08,300,
10:10:23,53.08,100,
10:10:23,53.08,200,
10:10:23,53.08,300,
10:10:25,53.10,100,
10:10:39,53.16,300,
10:10:49,53.19,370,
10:10:56,53.27,600,
10:10:56,53.27,300,
10:10:56,53.279,1600,
10:10:57,53.26,100,
10:10:57,53.26,600,
10:10:57,53.26,100,
10:10:58,53.267,600,
10:10:59,53.267,100,
10:10:59,53.267,100,
10:10:59,53.272,700,
10:11:01,53.26,200,
10:11:01,53.26,100,
10:11:01,53.25,200,
10:11:01,53.22,400,
10:11:03,53.21,300,
10:11:10,53.199,200,
10:11:14,53.20,100,
10:11:16,53.32,200,
10:11:28,53.2392,300,
10:11:29,53.25,100,
10:11:29,53.25,100,
10:11:29,53.2445,100,
10:11:30,53.259,100,
10:11:30,53.26,499,
10:11:32,53.30,700,
10:11:35,53.31,300,
10:11:39,53.2789,285,
10:11:47,53.32,100,
10:11:47,53.35,200,
10:11:47,53.35,100,
10:11:47,53.35,100,
10:11:48,53.38,100,
10:11:49,53.396,200,
10:11:49,53.40,100,
10:11:49,53.40,200,
10:11:49,53.39,100,
10:11:49,53.40,600,
10:11:51,53.38,300,
10:11:51,53.37,200,
10:11:51,53.376,290,
10:11:52,53.43,100,
10:11:53,53.44,100,
10:11:55,53.426,300,
10:11:56,53.422,1900,
10:11:56,53.4499,380,
10:11:59,53.4001,100,
10:11:59,53.40,100,
10:11:59,53.4001,100,
10:11:59,53.4139,100,
10:12:00,53.4002,200,
10:12:00,53.40,900,
10:12:01,53.4072,550,
10:12:06,53.39,100,
10:12:07,53.36,300,
10:12:09,53.3716,1000,
10:12:11,53.37,200,
10:12:12,53.37,100,
10:12:12,53.37,100,
10:12:12,53.35,300,
10:12:13,53.3101,300,
10:12:13,53.3101,100,
10:12:13,53.3101,100,
10:12:13,53.31,600,
10:12:13,53.29,200,
10:12:13,53.29,100,
10:12:14,53.2803,1000,
10:12:14,53.28,700,
10:12:14,53.28,100,
10:12:14,53.28,1500,
10:12:14,53.30,200,
10:12:14,53.30,299,
10:12:15,53.33,100,
10:12:15,53.34,101,
10:12:16,53.3316,1000,
10:12:17,53.3308,100,
10:12:23,53.36,200,
10:12:27,53.38,100,
10:12:32,53.3701,500,
10:12:35,53.39,100,
10:12:40,53.40,100,
10:12:40,53.40,200,
10:12:40,53.40,100,
10:12:43,53.419,500,
10:12:45,53.43,425,
10:12:46,53.4101,900,
10:12:48,53.45,100,
10:12:53,53.43,100,
10:12:58,53.44,100,
10:12:58,53.44,500,
10:12:58,53.44,300,
10:12:59,53.47,100,
10:13:00,53.48,100,
10:13:00,53.44,100,
10:13:01,53.45,2000,
10:13:01,53.44,200,
10:13:02,53.432,300,
10:13:05,53.451,100,
10:13:11,53.4985,500,
10:13:12,53.4835,100,
10:13:12,53.47,600,
10:13:12,53.47,229,
10:13:15,53.474,3000,
10:13:18,53.44,100,
10:13:20,53.4139,250,
10:13:26,53.424,100,
10:13:27,53.4239,100,
10:13:30,53.4101,200,
10:13:31,53.422,2000,
10:13:32,53.41,400,
10:13:34,53.4001,150,
10:13:43,53.40,1000,
10:13:43,53.40,100,
10:13:43,53.40,100,
10:13:46,53.3701,238,
10:13:49,53.3702,4000,
10:13:57,53.40,174,
10:13:57,53.40,200,
10:14:07,53.41,200,
10:14:07,53.42,100,
10:14:13,53.434,600,
10:14:15,53.46,100,
10:14:15,53.45,100,
10:14:25,53.4397,200,
10:14:26,53.44,100,
10:14:26,53.44,400,
10:14:28,53.44,100,
10:14:29,53.442,900,
10:14:29,53.442,3200,
10:14:30,53.43,100,
10:14:35,53.401,100,
10:14:42,53.411,1300,
10:14:42,53.411,1000,
10:14:44,53.413,100,
10:14:45,53.4208,100,
10:14:46,53.45,100,
10:14:46,53.45,100,
10:14:46,53.47,100,
10:14:46,53.44,100,
10:14:46,53.46,100,
10:14:46,53.47,100,
10:14:46,53.47,100,
10:14:46,53.47,100,
10:14:46,53.47,100,
10:14:47,53.47,100,
10:14:54,53.431,1600,
10:14:54,53.431,1600,
10:14:56,53.432,100,
10:14:57,53.474,100,
10:15:00,53.45,200,
10:15:01,53.42,100,
10:15:01,53.42,200,
10:15:02,53.371,1550,
10:15:05,53.373,250,
10:15:10,53.341,100,
10:15:10,53.35,100,
10:15:11,53.35,100,
10:15:11,53.35,100,
10:15:11,53.331,1150,
10:15:12,53.31,100,
10:15:14,53.333,250,
10:15:14,53.333,600,
10:15:15,53.26,200,
10:15:17,53.25,100,
10:15:17,53.24,100,
10:15:17,53.23,100,
10:15:17,53.23,100,
10:15:17,53.23,100,
10:15:17,53.23,100,
10:15:18,53.21,200,
10:15:20,53.22,300,
10:15:20,53.22,100,
10:15:22,53.23,100,
10:15:23,53.23,100,
10:15:23,53.20,100,
10:15:24,53.2344,1600,
10:15:25,53.236,100,
10:15:25,53.2189,400,
10:15:27,53.236,100,
10:15:27,53.25,100,
10:15:27,53.28,200,
10:15:30,53.31,270,
10:15:38,53.331,100,
10:15:39,53.35,100,
10:15:41,53.33,100,
10:15:51,53.39,100,
10:15:51,53.39,100,
10:15:51,53.39,100,
10:15:51,53.39,100,
10:16:03,53.431,1500,
10:16:03,53.431,1550,
10:16:05,53.433,250,
10:16:08,53.42,100,
10:16:08,53.41,100,
10:16:10,53.401,800,
10:16:14,53.434,100,
10:16:19,53.41,100,
10:16:22,53.40,100,
10:16:29,53.42,575,
10:16:36,53.43,100,
10:16:36,53.43,100,
10:16:40,53.43,100,
10:16:52,53.411,1200,
10:16:53,53.416,600,
10:16:53,53.44,100,
10:17:05,53.44,500,
10:17:05,53.44,200,
10:17:05,53.44,100,
10:17:06,53.45,100,
10:17:07,53.41,300,
10:17:08,53.40,100,
10:17:08,53.40,900,
10:17:09,53.39,199,
10:17:14,53.336,300,
10:17:14,53.30,100,
10:17:19,53.34,200,
10:17:26,53.37,200,
10:17:26,53.37,100,
10:17:27,53.37,200,
10:17:33,53.32,300,
10:17:44,53.35,2400,
10:17:53,53.30,100,
10:17:53,53.30,100,
10:17:53,53.28,500,
10:17:54,53.22,600,
10:17:54,53.22,299,
10:17:55,53.20,300,
10:18:05,53.274,300,
10:18:25,53.22,100,
10:18:34,53.22,600,
10:18:34,53.22,300,
10:18:36,53.226,100,
10:18:37,53.21,300,
10:18:40,53.28,100,
10:18:42,53.27,100,
10:18:49,53.2899,1000,
10:18:58,53.28,100,
10:18:58,53.28,200,
10:18:58,53.28,100,
10:19:01,53.304,1000,
10:19:06,53.3408,300,
10:19:07,53.38,100,
10:19:09,53.37,200,
10:19:10,53.3503,1000,
10:19:13,53.38,100,
10:19:13,53.38,100,
10:19:13,53.38,300,
10:19:13,53.38,100,
10:19:13,53.38,100,
10:19:13,53.37,200,
10:19:13,53.37,400,
10:19:13,53.37,300,
10:19:17,53.3789,650,
10:19:22,53.3461,250,
10:19:29,53.36,100,
10:19:29,53.36,100,
10:19:33,53.37,200,
10:19:37,53.394,1000,
10:19:41,53.343,300,
10:19:42,53.32,100,
10:19:43,53.32,100,
10:19:47,53.31,300,
10:19:48,53.30,220,
10:19:51,53.31,100,
10:19:51,53.32,100,
10:19:58,53.34,600,
10:20:01,53.3399,158,
10:20:07,53.29,100,
10:20:12,53.23,1000,
10:20:14,53.202,300,
10:20:14,53.22,200,
10:20:14,53.23,200,
10:20:14,53.21,100,
10:20:14,53.20,100,
10:20:14,53.18,100,
10:20:14,53.21,100,
10:20:14,53.21,200,
10:20:14,53.20,300,
10:20:15,53.21,200,
10:20:15,53.18,300,
10:20:15,53.18,100,
10:20:15,53.15,100,
10:20:15,53.18,200,
10:20:15,53.18,100,
10:20:15,53.18,200,
10:20:16,53.21,100,
10:20:16,53.22,300,
10:20:18,53.23,100,
10:20:22,53.22,250,
10:20:26,53.24,100,
10:20:32,53.32,100,
10:20:33,53.31,100,
10:20:34,53.32,100,
10:20:41,53.26,300,
10:20:51,53.16,200,
10:20:51,53.17,100,
10:20:51,53.15,100,
10:20:54,53.13,200,
10:20:54,53.13,100,
10:20:54,53.12,200,
10:20:54,53.13,100,
10:20:55,53.14,200,
10:20:56,53.17,100,
10:21:03,53.22,300,
10:21:05,53.21,100,
10:21:08,53.24,300,
10:21:08,53.24,100,
10:21:08,53.224,700,
10:21:10,53.29,100,
10:21:25,53.2501,140,
10:21:33,53.25,100,
10:21:33,53.28,100,
10:21:33,53.28,300,
10:21:33,53.29,200,
10:21:33,53.29,300,
10:21:33,53.29,100,
10:21:33,53.29,300,
10:21:33,53.29,300,
10:21:33,53.29,100,
10:21:33,53.27,100,
10:21:35,53.274,200,
10:21:42,53.2958,100,
10:21:43,53.31,100,
10:21:43,53.31,100,
10:21:44,53.35,300,
10:21:44,53.35,199,
10:21:49,53.31,100,
10:21:56,53.34,100,
10:21:56,53.34,300,
10:21:57,53.36,100,
10:21:57,53.36,100,
10:22:01,53.36,100,
10:22:02,53.34,100,
10:22:03,53.35,200,
10:22:04,53.34,100,
10:22:16,53.37,200,
10:22:16,53.37,100,
10:22:29,53.3999,500,
10:22:33,53.379,100,
10:22:50,53.3901,100,
10:22:54,53.41,200,
10:22:54,53.41,3400,
10:22:57,53.4382,1000,
10:22:59,53.4303,200,
10:23:01,53.44,100,
10:23:01,53.431,1050,
10:23:01,53.43,100,
10:23:01,53.43,100,
10:23:03,53.441,100,
10:23:03,53.441,100,
10:23:04,53.47,100,
10:23:04,53.49,100,
10:23:04,53.49,300,
10:23:04,53.48,100,
10:23:04,53.48,100,
10:23:06,53.47,100,
10:23:08,53.492,1000,
10:23:08,53.46,200,
10:23:09,53.4645,100,
10:23:12,53.48,100,
10:23:15,53.44,200,
10:23:17,53.40,100,
10:23:18,53.44,1000,
10:23:21,53.421,100,
10:23:22,53.42,100,
10:23:33,53.40,100,
10:23:34,53.42,100,
10:23:35,53.411,100,
10:23:39,53.43,300,
10:24:06,53.40,281,
10:24:08,53.33,200,
10:24:12,53.33,100,
10:24:19,53.33,300,
10:24:25,53.38,225,
10:24:31,53.37,100,
10:24:33,53.366,100,
10:24:40,53.41,200,
10:24:46,53.40,100,
10:24:49,53.40,200,
10:24:53,53.42,100,
10:24:53,53.42,100,
10:24:53,53.42,200,
10:24:53,53.42,100,
10:24:53,53.42,100,
10:24:53,53.42,100,
10:24:53,53.43,400,
10:24:59,53.4502,200,
10:24:59,53.45,100,
10:24:59,53.45,300,
10:25:00,53.40,100,
10:25:12,53.40,100,
10:25:12,53.40,100,
10:25:15,53.3999,500,
10:25:20,53.35,100,
10:25:23,53.35,300,
10:25:23,53.36,100,
10:25:23,53.36,100,
10:25:25,53.33,100,
10:25:32,53.35,100,
10:25:34,53.33,100,
10:25:37,53.33,300,
10:25:37,53.34,100,
10:25:41,53.30,200,
10:25:41,53.30,500,
10:25:41,53.32,100,
10:25:41,53.31,100,
10:25:56,53.35,100,
10:25:57,53.32,100,
10:26:00,53.35,100,
10:26:12,53.36,100,
10:26:21,53.3498,2000,
10:26:35,53.36,100,
10:26:35,53.36,300,
10:26:41,53.37,200,
10:26:42,53.37,500,
10:26:44,53.3799,4000,
10:26:50,53.3611,500,
10:26:53,53.38,300,
10:26:54,53.38,100,
10:27:03,53.35,100,
10:27:04,53.36,200,
10:27:08,53.37,300,
10:27:09,53.37,100,
10:27:09,53.37,300,
10:27:09,53.37,300,
10:27:09,53.39,100,
10:27:09,53.37,300,
10:27:09,53.37,200,
10:27:09,53.39,300,
10:27:09,53.40,200,
10:27:09,53.40,100,
10:27:09,53.40,200,
10:27:09,53.40,400,
10:27:09,53.41,200,
10:27:09,53.38,100,
10:27:09,53.40,200,
10:27:10,53.44,100,
10:27:10,53.44,100,
10:27:10,53.44,300,
10:27:18,53.41,200,
10:27:19,53.41,500,
10:27:19,53.41,400,
10:27:20,53.41,100,
10:27:20,53.42,500,
10:27:22,53.41,100,
10:27:23,53.411,100,
10:27:27,53.42,600,
10:27:32,53.44,100,
10:27:33,53.41,100,
10:27:34,53.42,120,
10:27:47,53.42,500,
10:27:49,53.42,100,
10:27:49,53.42,100,
10:27:52,53.40,100,
10:27:52,53.3998,100,
10:28:01,53.42,100,
10:28:11,53.4198,200,
10:28:11,53.42,200,
10:28:11,53.42,100,
10:28:11,53.42,200,
10:28:11,53.42,300,
10:28:13,53.42,100,
10:28:14,53.37,100,
10:28:22,53.336,1000,
10:28:28,53.33,200,
10:28:30,53.30,200,
10:28:32,53.33,100,
10:28:34,53.30,1400,
10:28:34,53.30,200,
10:28:34,53.30,302,
10:28:34,53.30,600,
10:28:34,53.29,200,
10:28:34,53.30,100,
10:28:34,53.30,300,
10:28:34,53.32,100,
10:28:34,53.31,100,
10:28:35,53.31,200,
10:28:36,53.28,600,
10:28:38,53.29,100,
10:28:45,53.36,100,
10:28:52,53.31,200,
10:28:53,53.29,100,
10:28:53,53.29,100,
10:28:53,53.29,100,
10:28:53,53.29,100,
10:28:53,53.29,100,
10:28:53,53.29,100,
10:28:57,53.27,300,
10:28:57,53.27,300,
10:28:57,53.27,100,
10:28:57,53.26,100,
10:28:57,53.26,100,
10:28:57,53.26,100,
10:29:00,53.25,200,
10:29:00,53.26,100,
10:29:00,53.26,200,
10:29:00,53.25,115,
10:29:01,53.27,200,
10:29:14,53.3001,2300,
10:29:16,53.30,300,
10:29:18,53.27,200,
10:29:18,53.26,300,
10:29:19,53.26,600,
10:29:23,53.24,100,
10:29:23,53.24,100,
10:29:23,53.22,200,
10:29:23,53.22,200,
10:29:23,53.22,100,
10:29:23,53.22,100,
10:29:23,53.20,200,
10:29:23,53.22,200,
10:29:23,53.24,200,
10:29:23,53.21,100,
10:29:24,53.21,100,
10:29:25,53.21,100,
10:29:26,53.24,100,
10:29:26,53.24,100,
10:29:31,53.28,100,
10:29:31,53.28,100,
10:29:31,53.28,200,
10:29:37,53.29,101,
10:29:37,53.29,100,
10:29:37,53.29,100,
10:29:48,53.28,200,
10:29:52,53.261,600,
10:29:52,53.30,200,
10:30:02,53.21,200,
10:30:03,53.19,300,
10:30:06,53.20,100,
10:30:08,53.18,300,
10:30:10,53.18,300,
10:30:10,53.16,100,
10:30:10,53.16,300,
10:30:10,53.16,100,
10:30:10,53.16,100,
10:30:10,53.16,100,
10:30:11,53.15,150,
10:30:12,53.1599,200,
10:30:14,53.144,500,
10:30:14,53.12,800,
10:30:14,53.12,100,
10:30:14,53.12,100,
10:30:14,53.10,300,
10:30:14,53.12,100,
10:30:14,53.10,100,
10:30:14,53.10,200,
10:30:14,53.10,300,
10:30:14,53.11,300,
10:30:14,53.11,300,
10:30:14,53.10,200,
10:30:14,53.11,200,
10:30:14,53.11,100,
10:30:16,53.09,500,
10:30:17,53.12,300,
10:30:17,53.14,200,
10:30:17,53.121,100,
10:30:18,53.133,100,
10:30:18,53.126,100,
10:30:20,53.15,200,
10:30:21,53.16,200,
10:30:21,53.20,200,
10:30:21,53.20,100,
10:30:21,53.22,100,
10:30:21,53.23,200,
10:30:22,53.19,100,
10:30:22,53.24,400,
10:30:22,53.22,100,
10:30:22,53.22,1700,
10:30:24,53.24,200,
10:30:24,53.19,200,
10:30:28,53.18,100,
10:30:28,53.18,100,
10:30:28,53.18,100,
10:30:28,53.18,100,
10:30:43,53.20,100,
10:30:43,53.20,100,
10:30:47,53.24,100,
10:30:51,53.20,300,
10:30:51,53.20,300,
10:30:51,53.20,100,
10:30:57,53.21,600,
10:31:03,53.1902,7000,
10:31:06,53.196,900,
10:31:09,53.1661,100,
10:31:09,53.15,100,
10:31:09,53.15,500,
10:31:10,53.13,100,
10:31:12,53.111,100,
10:31:15,53.15,500,
10:31:18,53.15,600,
10:31:18,53.15,600,
10:31:20,53.16,300,
10:31:25,53.15,186,
10:31:25,53.15,200,
10:31:27,53.20,100,
10:31:34,53.17,600,
10:31:47,53.17,300,
10:31:55,53.19,100,
10:31:59,53.14,100,
10:31:59,53.19,128,
10:32:06,53.161,300,
10:32:08,53.19,100,
10:32:10,53.196,200,
10:32:11,53.18,100,
10:32:11,53.18,200,
10:32:12,53.21,300,
10:32:12,53.21,200,
10:32:12,53.22,100,
10:32:12,53.22,200,
10:32:12,53.22,100,
10:32:12,53.23,200,
10:32:12,53.24,200,
10:32:12,53.26,100,
10:32:14,53.27,100,
10:32:17,53.27,300,
10:32:18,53.27,100,
10:32:21,53.22,200,
10:32:22,53.20,200,
10:32:29,53.28,100,
10:32:35,53.299,100,
10:32:42,53.29,100,
10:32:42,53.29,300,
10:32:48,53.28,100,
10:32:48,53.31,252,
10:32:48,53.31,100,
10:32:48,53.31,100,
10:32:48,53.34,100,
10:32:53,53.3302,200,
10:32:53,53.33,100,
10:32:53,53.33,100,
10:32:53,53.33,300,
10:32:57,53.35,300,
10:32:57,53.35,100,
10:32:57,53.35,100,
10:32:57,53.35,300,
10:32:57,53.35,200,
10:32:57,53.35,100,
10:32:57,53.36,300,
10:32:57,53.35,200,
10:32:57,53.36,200,
10:32:57,53.35,100,
10:32:58,53.379,100,
10:33:03,53.39,500,
10:33:06,53.35,100,
10:33:08,53.34,300,
10:33:08,53.32,200,
10:33:08,53.32,100,
10:33:09,53.31,100,
10:33:11,53.32,200,
10:33:14,53.34,200,
10:33:18,53.31,200,
10:33:18,53.30,1023,
10:33:20,53.30,300,
10:33:20,53.31,200,
10:33:38,53.32,200,
10:33:44,53.30,300,
10:33:45,53.28,100,
10:33:45,53.28,100,
10:33:46,53.28,100,
10:33:56,53.31,300,
10:34:02,53.30,300,
10:34:06,53.234,500,
10:34:08,53.25,300,
10:34:13,53.25,200,
10:34:24,53.29,100,
10:34:31,53.274,300,
10:34:34,53.27,400,
10:34:35,53.254,200,
10:34:40,53.17,100,
10:34:40,53.15,200,
10:34:40,53.15,105,
10:34:40,53.14,100,
10:34:40,53.16,100,
10:34:41,53.17,100,
10:34:42,53.21,100,
10:34:46,53.26,300,
10:34:46,53.26,200,
10:34:47,53.25,100,
10:34:47,53.23,100,
10:34:50,53.22,200,
10:34:59,53.20,100,
10:35:02,53.18,100,
10:35:02,53.17,100,
10:35:02,53.16,300,
10:35:02,53.16,200,
10:35:08,53.20,200,
10:35:08,53.20,100,
10:35:09,53.20,600,
10:35:15,53.19,200,
10:35:15,53.17,300,
10:35:15,53.16,200,
10:35:15,53.16,100,
10:35:15,53.16,100,
10:35:15,53.16,100,
10:35:15,53.16,600,
10:35:15,53.16,100,
10:35:15,53.16,100,
10:35:15,53.17,100,
10:35:15,53.13,100,
10:35:15,53.14,300,
10:35:15,53.14,100,
10:35:15,53.14,300,
10:35:15,53.14,300,
10:35:15,53.14,300,
10:35:18,53.14,168,
10:35:21,53.1399,1000,
10:35:22,53.10,200,
10:35:22,53.09,300,
10:35:23,53.08,100,
10:35:23,53.08,200,
10:35:23,53.08,100,
10:35:23,53.08,407,
10:35:23,53.08,461,
10:35:23,53.0401,100,
10:35:23,53.04,200,
10:35:23,53.02,100,
10:35:24,53.02,200,
10:35:24,53,100,
10:35:24,53,100,
10:35:24,53,300,
10:35:24,53,100,
10:35:24,53,100,
10:35:24,52.99,400,
10:35:24,52.99,400,
10:35:24,52.97,400,
10:35:24,52.93,200,
10:35:24,52.96,400,
10:35:24,53,300,
10:35:24,52.96,100,
10:35:24,52.95,100,
10:35:24,52.93,300,
10:35:24,52.92,300,
10:35:24,52.92,300,
10:35:24,52.92,200,
10:35:24,52.92,200,
10:35:24,52.92,200,
10:35:24,52.95,100,
10:35:24,52.95,125,
10:35:24,52.92,144,
10:35:24,52.92,100,
10:35:24,53.01,100,
10:35:24,52.90,298,
10:35:24,53,1000,
10:35:24,53.01,100,
10:35:24,52.90,100,
10:35:24,52.88,100,
10:35:24,52.8801,300,
10:35:24,52.90,100,
10:35:25,52.91,100,
10:35:25,52.90,2000,
10:35:25,52.88,100,
10:35:25,52.92,202,
10:35:25,52.92,100,
10:35:26,52.88,2000,
10:35:27,52.88,550,
10:35:27,52.88,100,
10:35:27,52.888,500,
10:35:28,52.90,300,
10:35:29,52.92,200,
10:35:29,52.96,300,
10:35:29,52.91,100,
10:35:29,52.94,300,
10:35:29,52.96,200,
10:35:29,52.94,200,
10:35:29,52.94,400,
10:35:29,52.93,109,
10:35:30,52.90,100,
10:35:30,52.90,300,
10:35:30,52.9182,400,
10:35:33,52.91,200,
10:35:34,52.87,600,
10:35:34,52.87,200,
10:35:36,52.88,200,
10:35:38,52.84,200,
10:35:39,52.82,200,
10:35:41,52.84,100,
10:35:42,52.85,200,
10:35:42,52.85,200,
10:35:42,52.834,200,
10:35:42,52.84,300,
10:35:44,52.85,600,
10:35:45,52.8418,800,
10:35:46,52.8685,400,
10:35:47,52.87,500,
10:35:48,52.90,100,
10:35:51,52.9199,2000,
10:35:53,52.89,200,
10:35:54,52.94,231,
10:35:54,52.96,100,
10:35:58,52.90,100,
10:35:58,52.88,100,
10:35:59,52.881,600,
10:36:00,52.90,300,
10:36:00,52.90,100,
10:36:00,52.882,100,
10:36:00,52.882,100,
10:36:02,52.93,298,
10:36:02,52.9398,300,
10:36:02,52.94,700,
10:36:02,52.92,500,
10:36:02,52.92,204,
10:36:02,52.91,200,
10:36:03,52.92,100,
10:36:04,52.93,201,
10:36:10,52.89,100,
10:36:10,52.89,100,
10:36:10,52.87,100,
10:36:12,52.85,200,
10:36:13,52.85,100,
10:36:22,52.90,2000,
10:36:24,52.90,100,
10:36:24,52.90,300,
10:36:24,52.90,100,
10:36:30,52.90,100,
10:36:31,52.8891,1871,
10:36:32,52.84,300,
10:36:32,52.84,100,
10:36:32,52.84,100,
10:36:32,52.85,200,
10:36:32,52.82,200,
10:36:32,52.842,100,
10:36:32,52.83,100,
10:36:33,52.8328,1900,
10:36:34,52.84,300,
10:36:34,52.81,100,
10:36:34,52.81,100,
10:36:34,52.81,100,
10:36:34,52.801,100,
10:36:35,52.82,100,
10:36:36,52.82,250,
10:36:36,52.82,245,
10:36:36,52.80,1000,
10:36:37,52.80,100,
10:36:38,52.8202,360,
10:36:40,52.82,300,
10:36:42,52.82,100,
10:36:42,52.82,100,
10:36:44,52.84,300,
10:36:44,52.84,100,
10:36:46,52.83,300,
10:36:46,52.83,100,
10:36:46,52.83,200,
10:36:46,52.85,300,
10:36:46,52.836,300,
10:36:48,52.86,300,
10:36:48,52.88,200,
10:36:56,52.86,200,
10:36:56,52.86,200,
10:36:57,52.87,200,
10:37:04,52.83,200,
10:37:04,52.82,285,
10:37:04,52.82,200,
10:37:04,52.81,150,
10:37:04,52.81,100,
10:37:04,52.82,100,
10:37:06,52.809,600,
10:37:06,52.809,100,
10:37:07,52.809,3600,
10:37:07,52.81,200,
10:37:07,52.802,200,
10:37:07,52.80,100,
10:37:08,52.80,100,
10:37:09,52.8199,398,
10:37:09,52.8199,398,
10:37:10,52.80,100,
10:37:10,52.80,100,
10:37:10,52.80,100,
10:37:10,52.80,100,
10:37:11,52.78,100,
10:37:12,52.75,100,
10:37:12,52.75,150,
10:37:13,52.754,800,
10:37:13,52.75,200,
10:37:13,52.75,100,
10:37:14,52.73,100,
10:37:14,52.73,900,
10:37:14,52.72,200,
10:37:14,52.70,275,
10:37:15,52.70,100,
10:37:15,52.69,300,
10:37:15,52.71,100,
10:37:15,52.69,100,
10:37:15,52.68,100,
10:37:15,52.67,100,
10:37:15,52.67,100,
10:37:15,52.68,300,
10:37:15,52.68,200,
10:37:15,52.68,200,
10:37:15,52.68,200,
10:37:15,52.68,200,
10:37:15,52.68,200,
10:37:15,52.68,100,
10:37:15,52.6602,100,
10:37:15,52.65,100,
10:37:15,52.66,100,
10:37:16,52.66,100,
10:37:16,52.645,582,
10:37:16,52.65,200,
10:37:16,52.66,100,
10:37:17,52.67,200,
10:37:17,52.66,282,
10:37:17,52.68,100,
10:37:19,52.68,100,
10:37:19,52.6518,500,
10:37:21,52.6502,200,
10:37:21,52.65,400,
10:37:21,52.65,100,
10:37:22,52.65,200,
10:37:22,52.65,100,
10:37:22,52.64,100,
10:37:25,52.65,100,
10:37:28,52.6418,200,
10:37:31,52.6301,700,
10:37:32,52.62,100,
10:37:35,52.64,300,
10:37:35,52.64,300,
10:37:35,52.64,200,
10:37:36,52.639,300,
10:37:36,52.639,300,
10:37:37,52.631,700,
10:37:37,52.639,300,
10:37:37,52.639,100,
10:37:37,52.639,160,
10:37:37,52.639,140,
10:37:37,52.639,300,
10:37:38,52.63,100,
10:37:38,52.64,199,
10:37:40,52.66,100,
10:37:41,52.68,200,
10:37:41,52.68,100,
10:37:41,52.68,200,
10:37:42,52.679,400,
10:37:42,52.679,200,
10:37:42,52.678,900,
10:37:43,52.68,100,
10:37:43,52.6603,500,
10:37:45,52.70,300,
10:37:46,52.68,100,
10:37:47,52.671,400,
10:37:48,52.66,100,
10:37:49,52.65,100,
10:37:49,52.65,100,
10:37:49,52.65,100,
10:37:49,52.65,100,
10:37:49,52.65,100,
10:37:50,52.66,100,
10:37:50,52.66,100,
10:37:50,52.66,100,
10:37:50,52.66,100,
10:37:50,52.65,100,
10:37:51,52.65,100,
10:37:51,52.65,600,
10:37:51,52.65,100,
10:37:51,52.65,100,
10:37:51,52.65,600,
10:37:54,52.64,200,
10:37:54,52.64,300,
10:37:54,52.64,300,
10:37:54,52.64,200,
10:37:54,52.64,300,
10:37:56,52.6399,5000,
10:37:58,52.646,100,
10:38:01,52.648,900,
10:38:01,52.648,100,
10:38:02,52.70,100,
10:38:05,52.759,1200,
10:38:05,52.759,800,
10:38:06,52.74,100,
10:38:07,52.748,100,
10:38:07,52.76,250,
10:38:14,52.7211,350,
10:38:15,52.76,100,
10:38:20,52.75,100,
10:38:20,52.73,300,
10:38:20,52.74,100,
10:38:20,52.75,200,
10:38:20,52.73,100,
10:38:20,52.71,100,
10:38:20,52.74,300,
10:38:20,52.72,100,
10:38:20,52.71,200,
10:38:20,52.71,100,
10:38:20,52.73,100,
10:38:20,52.70,100,
10:38:20,52.70,100,
10:38:20,52.69,100,
10:38:20,52.69,300,
10:38:20,52.69,300,
10:38:20,52.68,200,
10:38:20,52.68,200,
10:38:20,52.71,100,
10:38:20,52.71,300,
10:38:20,52.70,300,
10:38:20,52.68,300,
10:38:20,52.67,100,
10:38:20,52.67,100,
10:38:20,52.73,100,
10:38:20,52.65,100,
10:38:20,52.65,100,
10:38:20,52.72,600,
10:38:20,52.71,100,
10:38:20,52.71,100,
10:38:20,52.66,100,
10:38:20,52.73,100,
10:38:20,52.65,100,
10:38:20,52.69,300,
10:38:20,52.68,300,
10:38:20,52.68,100,
10:38:20,52.68,200,
10:38:20,52.68,200,
10:38:20,52.68,100,
10:38:20,52.67,300,
10:38:20,52.72,200,
10:38:20,52.68,100,
10:38:20,52.68,100,
10:38:21,52.64,100,
10:38:21,52.65,300,
10:38:21,52.64,300,
10:38:21,52.64,100,
10:38:21,52.65,100,
10:38:21,52.65,100,
10:38:21,52.65,100,
10:38:21,52.65,100,
10:38:21,52.65,100,
10:38:21,52.65,300,
10:38:21,52.66,500,
10:38:21,52.65,100,
10:38:21,52.62,300,
10:38:21,52.63,100,
10:38:21,52.60,100,
10:38:21,52.63,200,
10:38:21,52.63,100,
10:38:21,52.59,100,
10:38:21,52.59,100,
10:38:21,52.62,100,
10:38:21,52.62,100,
10:38:21,52.63,100,
10:38:21,52.57,100,
10:38:21,52.57,100,
10:38:21,52.59,100,
10:38:21,52.59,200,
10:38:21,52.60,200,
10:38:21,52.59,300,
10:38:21,52.59,100,
10:38:21,52.58,100,
10:38:21,52.58,100,
10:38:21,52.58,200,
10:38:22,52.59,300,
10:38:22,52.59,231,
10:38:22,52.60,100,
10:38:22,52.61,300,
10:38:22,52.62,100,
10:38:22,52.61,100,
10:38:23,52.59,600,
10:38:23,52.62,200,
10:38:24,52.61,100,
10:38:24,52.61,100,
10:38:25,52.58,500,
10:38:26,52.60,200,
10:38:26,52.55,500,
10:38:29,52.55,100,
10:38:29,52.55,100,
10:38:29,52.55,600,
10:38:31,52.56,300,
10:38:32,52.56,100,
10:38:36,52.58,100,
10:38:37,52.5603,500,
10:38:40,52.56,100,
10:38:40,52.5499,1000,
10:38:43,52.55,298,
10:38:43,52.55,101,
10:38:43,52.58,100,
10:38:43,52.57,300,
10:38:46,52.54,300,
10:38:47,52.50,100,
10:38:47,52.50,100,
10:38:48,52.51,200,
10:38:48,52.51,1600,
10:38:48,52.51,200,
10:38:48,52.505,200,
10:38:48,52.5195,900,
10:38:48,52.52,200,
10:38:48,52.53,200,
10:38:50,52.56,100,
10:38:51,52.51,300,
10:38:52,52.57,300,
10:38:52,52.57,100,
10:38:54,52.529,900,
10:38:54,52.51,100,
10:38:54,52.529,950,
10:38:55,52.528,2000,
10:38:56,52.50,151,
10:38:56,52.5089,300,
10:38:58,52.49,100,
10:38:58,52.50,100,
10:38:58,52.50,100,
10:38:58,52.51,100,
10:38:58,52.51,100,
10:38:58,52.5001,2500,
10:38:59,52.50,600,
10:39:00,52.49,100,
10:39:00,52.48,100,
10:39:00,52.48,200,
10:39:00,52.48,900,
10:39:00,52.48,200,
10:39:00,52.48,100,
10:39:00,52.47,100,
10:39:01,52.50,100,
10:39:02,52.476,100,
10:39:03,52.49,200,
10:39:04,52.495,100,
10:39:05,52.4603,500,
10:39:08,52.4899,250,
10:39:09,52.46,468,
10:39:10,52.44,200,
10:39:11,52.43,100,
10:39:12,52.42,100,
10:39:14,52.45,100,
10:39:15,52.435,200,
10:39:19,52.45,100,
10:39:21,52.49,300,
10:39:21,52.50,100,
10:39:22,52.449,300,
10:39:23,52.48,100,
10:39:23,52.49,100,
10:39:23,52.49,500,
10:39:25,52.488,300,
10:39:25,52.488,300,
10:39:25,52.488,600,
10:39:25,52.488,300,
10:39:25,52.488,600,
10:39:25,52.488,300,
10:39:31,52.49,300,
10:39:31,52.509,1100,
10:39:31,52.509,1200,
10:39:31,52.491,300,
10:39:33,52.49,300,
10:39:33,52.48,300,
10:39:33,52.49,300,
10:39:33,52.49,600,
10:39:33,52.45,200,
10:39:33,52.41,206,
10:39:33,52.41,200,
10:39:34,52.3999,500,
10:39:34,52.39,100,
10:39:34,52.39,100,
10:39:34,52.4099,100,
10:39:36,52.406,125,
10:39:38,52.39,428,
10:39:38,52.39,100,
10:39:38,52.39,100,
10:39:39,52.4097,1000,
10:39:41,52.409,200,
10:39:43,52.40,100,
10:39:43,52.38,100,
10:39:43,52.38,600,
10:39:43,52.36,100,
10:39:43,52.38,100,
10:39:45,52.389,1000,
10:39:47,52.3428,750,
10:39:48,52.35,100,
10:39:48,52.37,189,
10:39:48,52.37,100,
10:39:49,52.37,100,
10:39:49,52.36,100,
10:39:50,52.3484,500,
10:39:51,52.35,300,
10:39:51,52.35,300,
10:39:51,52.35,100,
10:39:51,52.35,100,
10:39:51,52.35,100,
10:39:52,52.33,100,
10:39:52,52.33,200,
10:39:52,52.34,300,
10:39:52,52.35,100,
10:39:53,52.3485,100,
10:39:53,52.348,200,
10:39:54,52.3156,800,
10:39:59,52.31,106,
10:39:59,52.31,300,
10:39:59,52.30,900,
10:39:59,52.32,100,
10:40:01,52.31,123,
10:40:04,52.31,300,
10:40:05,52.29,100,
10:40:07,52.2761,100,
10:40:07,52.25,100,
10:40:07,52.25,100,
10:40:08,52.24,500,
10:40:09,52.2492,300,
10:40:15,52.29,300,
10:40:15,52.29,100,
10:40:18,52.26,100,
10:40:19,52.31,100,
10:40:19,52.31,300,
10:40:19,52.33,100,
10:40:19,52.3318,700,
10:40:21,52.33,200,
10:40:22,52.333,1300,
10:40:23,52.329,1150,
10:40:23,52.329,1200,
10:40:24,52.29,100,
10:40:24,52.29,200,
10:40:25,52.326,250,
10:40:25,52.274,3000,
10:40:27,52.309,100,
10:40:28,52.31,2000,
10:40:28,52.30,100,
10:40:29,52.329,1300,
10:40:29,52.33,300,
10:40:29,52.33,300,
10:40:29,52.33,100,
10:40:29,52.33,3300,
10:40:31,52.326,1000,
10:40:31,52.3682,250,
10:40:32,52.35,300,
10:40:32,52.3311,300,
10:40:32,52.35,100,
10:40:32,52.35,100,
10:40:33,52.35,100,
10:40:33,52.35,300,
10:40:33,52.33,300,
10:40:33,52.33,100,
10:40:33,52.34,100,
10:40:36,52.30,100,
10:40:36,52.30,300,
10:40:36,52.31,300,
10:40:36,52.29,100,
10:40:36,52.27,100,
10:40:38,52.24,300,
10:40:39,52.25,132,
10:40:39,52.25,300,
10:40:39,52.25,300,
10:40:39,52.25,100,
10:40:39,52.2599,100,
10:40:39,52.24,200,
10:40:39,52.24,100,
10:40:39,52.22,100,
10:40:39,52.22,100,
10:40:39,52.24,100,
10:40:40,52.24,300,
10:40:40,52.22,100,
10:40:40,52.24,100,
10:40:43,52.2501,729,
10:40:43,52.27,200,
10:40:44,52.284,500,
10:40:45,52.26,200,
10:40:46,52.27,500,
10:40:48,52.2343,100,
10:40:48,52.25,300,
10:40:48,52.25,300,
10:40:48,52.25,300,
10:40:48,52.25,200,
10:40:48,52.25,200,
10:40:48,52.25,300,
10:40:50,52.25,100,
10:40:50,52.25,100,
10:40:50,52.25,801,
10:40:50,52.269,1500,
10:40:50,52.269,1600,
10:40:52,52.249,1000,
10:40:54,52.249,100,
10:40:58,52.21,300,
10:40:58,52.21,100,
10:40:59,52.2089,500,
10:40:59,52.22,200,
10:41:04,52.25,200,
10:41:04,52.25,200,
10:41:05,52.25,100,
10:41:05,52.2616,600,
10:41:06,52.249,1250,
10:41:07,52.247,300,
10:41:07,52.2416,500,
10:41:07,52.226,100,
10:41:08,52.22,200,
10:41:08,52.22,300,
10:41:08,52.22,200,
10:41:08,52.22,100,
10:41:10,52.20,190,
10:41:10,52.20,310,
10:41:11,52.174,300,
10:41:12,52.17,100,
10:41:12,52.17,300,
10:41:12,52.17,200,
10:41:12,52.14,200,
10:41:12,52.14,300,
10:41:12,52.14,200,
10:41:12,52.13,200,
10:41:12,52.13,257,
10:41:12,52.13,100,
10:41:13,52.12,100,
10:41:13,52.15,100,
10:41:13,52.12,200,
10:41:13,52.14,100,
10:41:13,52.15,100,
10:41:13,52.12,200,
10:41:14,52.1203,100,
10:41:14,52.134,100,
10:41:14,52.14,127,
10:41:15,52.15,124,
10:41:15,52.15,100,
10:41:15,52.15,127,
10:41:15,52.17,108,
10:41:15,52.17,100,
10:41:15,52.17,100,
10:41:15,52.15,100,
10:41:16,52.17,200,
10:41:16,52.17,300,
10:41:16,52.12,100,
10:41:17,52.15,300,
10:41:19,52.16,200,
10:41:20,52.15,200,
10:41:20,52.14,100,
10:41:21,52.1698,5000,
10:41:21,52.13,100,
10:41:21,52.14,200,
10:41:21,52.13,200,
10:41:21,52.13,300,
10:41:21,52.11,100,
10:41:21,52.11,100,
10:41:21,52.14,700,
10:41:21,52.14,100,
10:41:21,52.14,300,
10:41:21,52.09,200,
10:41:21,52.06,300,
10:41:21,52.06,100,
10:41:21,52.07,100,
10:41:21,52.07,300,
10:41:21,52.06,100,
10:41:21,52.07,600,
10:41:21,52.06,100,
10:41:21,52.06,100,
10:41:21,52.10,100,
10:41:21,52.06,100,
10:41:22,52.0699,100,
10:41:22,52.07,100,
10:41:22,52.07,100,
10:41:22,52.07,300,
10:41:22,52.07,100,
10:41:22,52.07,100,
10:41:22,52.07,100,
10:41:22,52.07,100,
10:41:22,52.10,100,
10:41:24,52.09,300,
10:41:24,52.08,100,
10:41:24,52.11,200,
10:41:24,52.09,100,
10:41:24,52.12,100,
10:41:25,52.129,1600,
10:41:25,52.13,100,
10:41:25,52.139,200,
10:41:25,52.128,100,
10:41:26,52.12,100,
10:41:27,52.12,100,
10:41:28,52.13,200,
10:41:28,52.13,100,
10:41:28,52.128,100,
10:41:28,52.128,100,
10:41:28,52.128,100,
10:41:28,52.16,400,
10:41:28,52.15,100,
10:41:28,52.16,100,
10:41:28,52.16,300,
10:41:29,52.13,300,
10:41:30,52.135,7300,
10:41:30,52.14,100,
10:41:31,52.159,300,
10:41:31,52.159,400,
10:41:32,52.149,200,
10:41:33,52.15,116,
10:41:33,52.15,100,
10:41:33,52.15,100,
10:41:33,52.15,200,
10:41:34,52.16,100,
10:41:34,52.17,149,
10:41:34,52.17,101,
10:41:35,52.17,140,
10:41:35,52.17,200,
10:41:36,52.14,200,
10:41:37,52.15,300,
10:41:39,52.11,100,
10:41:39,52.11,100,
10:41:39,52.11,100,
10:41:40,52.12,100,
10:41:40,52.13,300,
10:41:40,52.14,100,
10:41:40,52.12,100,
10:41:43,52.12,200,
10:41:45,52.1101,150,
10:41:45,52.1101,100,
10:41:45,52.11,300,
10:41:49,52.1001,450,
10:41:55,52.1302,5000,
10:41:55,52.16,300,
10:41:56,52.1401,1000,
10:41:57,52.13,100,
10:41:57,52.14,300,
10:41:57,52.12,100,
10:41:57,52.14,100,
10:41:57,52.14,100,
10:41:57,52.14,300,
10:41:57,52.15,300,
10:41:58,52.15,200,
10:41:58,52.12,100,
10:41:58,52.13,200,
10:42:02,52.169,100,
10:42:02,52.17,126,
10:42:03,52.19,200,
10:42:03,52.19,200,
10:42:03,52.20,201,
10:42:03,52.20,1099,
10:42:03,52.20,300,
10:42:04,52.17,300,
10:42:04,52.179,200,
10:42:04,52.18,100,
10:42:04,52.19,300,
10:42:06,52.16,100,
10:42:06,52.16,200,
10:42:06,52.15,100,
10:42:06,52.16,260,
10:42:06,52.16,100,
10:42:06,52.16,400,
10:42:06,52.16,300,
10:42:06,52.149,100,
10:42:08,52.17,100,
10:42:09,52.20,100,
10:42:10,52.22,100,
10:42:10,52.22,100,
10:42:10,52.22,100,
10:42:11,52.2118,200,
10:42:11,52.2182,250,
10:42:13,52.229,100,
10:42:14,52.21,165,
10:42:16,52.25,100,
10:42:17,52.284,1000,
10:42:18,52.2899,175,
10:42:20,52.28,100,
10:42:20,52.26,300,
10:42:21,52.29,400,
10:42:21,52.2839,258,
10:42:21,52.29,400,
10:42:22,52.2809,300,
10:42:24,52.29,200,
10:42:24,52.29,200,
10:42:24,52.31,200,
10:42:24,52.28,100,
10:42:24,52.29,100,
10:42:25,52.2702,200,
10:42:28,52.24,100,
10:42:28,52.24,200,
10:42:30,52.23,200,
10:42:31,52.20,100,
10:42:31,52.21,100,
10:42:31,52.20,200,
10:42:32,52.19,1500,
10:42:32,52.18,2000,
10:42:32,52.15,100,
10:42:33,52.19,300,
10:42:36,52.16,200,
10:42:36,52.16,200,
10:42:36,52.16,300,
10:42:37,52.15,111,
10:42:40,52.19,100,
10:42:40,52.19,100,
10:42:40,52.19,100,
10:42:40,52.19,200,
10:42:42,52.184,100,
10:42:43,52.18,159,
10:42:43,52.18,100,
10:42:46,52.18,199,
10:42:49,52.19,300,
10:42:49,52.19,200,
10:42:52,52.199,400,
10:42:57,52.2139,250,
10:43:00,52.224,100,
10:43:05,52.216,250,
10:43:05,52.2282,1600,
10:43:07,52.2361,300,
10:43:08,52.231,2000,
10:43:08,52.23,200,
10:43:08,52.23,100,
10:43:10,52.23,4100,
10:43:11,52.25,100,
10:43:11,52.25,100,
10:43:11,52.269,100,
10:43:12,52.27,100,
10:43:12,52.27,100,
10:43:12,52.27,200,
10:43:12,52.27,100,
10:43:12,52.27,100,
10:43:12,52.26,123,
10:43:14,52.266,300,
10:43:20,52.28,100,
10:43:24,52.24,200,
10:43:24,52.22,200,
10:43:24,52.26,200,
10:43:25,52.2101,500,
10:43:25,52.2499,880,
10:43:29,52.2499,360,
10:43:30,52.21,200,
10:43:34,52.20,200,
10:43:34,52.20,200,
10:43:34,52.20,100,
10:43:34,52.20,600,
10:43:34,52.20,3200,
10:43:34,52.18,100,
10:43:36,52.21,100,
10:43:37,52.22,500,
10:43:40,52.22,100,
10:43:43,52.219,200,
10:43:48,52.1799,1000,
10:43:59,52.224,2000,
10:44:03,52.20,300,
10:44:03,52.18,100,
10:44:03,52.19,200,
10:44:03,52.21,100,
10:44:03,52.20,200,
10:44:03,52.20,100,
10:44:03,52.20,100,
10:44:04,52.17,200,
10:44:04,52.17,600,
10:44:07,52.18,100,
10:44:11,52.18,166,
10:44:14,52.194,250,
10:44:17,52.16,200,
10:44:18,52.128,1000,
10:44:18,52.129,500,
10:44:19,52.129,100,
10:44:20,52.10,100,
10:44:20,52.10,449,
10:44:20,52.086,500,
10:44:24,52.11,300,
10:44:24,52.11,200,
10:44:29,52.13,500,
10:44:29,52.13,100,
10:44:29,52.15,100,
10:44:29,52.13,100,
10:44:35,52.13,500,
10:44:44,52.10,100,
10:44:44,52.10,100,
10:44:47,52.114,2000,
10:44:54,52.08,100,
10:44:59,52.06,100,
10:45:04,52.035,100,
10:45:04,52,200,
10:45:04,52,100,
10:45:04,52,100,
10:45:04,52.01,300,
10:45:04,51.98,100,
10:45:04,51.99,100,
10:45:04,51.98,100,
10:45:04,51.97,300,
10:45:04,51.95,100,
10:45:04,51.94,100,
10:45:04,51.97,100,
10:45:04,52,100,
10:45:04,52,100,
10:45:04,51.96,100,
10:45:04,51.97,100,
10:45:04,52.01,300,
10:45:04,52,100,
10:45:04,52,315,
10:45:04,52,100,
10:45:04,52,300,
10:45:04,52,200,
10:45:04,52,300,
10:45:04,51.95,100,
10:45:05,52.01,100,
10:45:05,51.95,100,
10:45:05,52.01,100,
10:45:06,51.95,300,
10:45:06,51.95,100,
10:45:08,51.98,500,
10:45:09,52,500,
10:45:10,52.03,228,
10:45:10,52.03,200,
10:45:10,52.0299,100,
10:45:12,52,300,
10:45:12,51.99,300,
10:45:13,51.97,200,
10:45:14,51.97,100,
10:45:16,51.9601,200,
10:45:17,51.96,100,
10:45:17,51.96,100,
10:45:17,51.95,100,
10:45:17,51.94,100,
10:45:18,51.95,200,
10:45:19,51.92,100,
10:45:21,51.91,250,
10:45:21,51.90,100,
10:45:21,51.92,500,
10:45:21,51.92,180,
10:45:21,51.92,100,
10:45:21,51.91,300,
10:45:21,51.91,300,
10:45:21,51.91,500,
10:45:21,51.91,300,
10:45:21,51.90,100,
10:45:22,51.8801,250,
10:45:23,51.88,100,
10:45:23,51.90,500,
10:45:24,51.89,2000,
10:45:24,51.89,2300,
10:45:25,51.92,200,
10:45:25,51.89,100,
10:45:25,51.91,300,
10:45:25,51.91,100,
10:45:29,51.8901,850,
10:45:31,51.92,100,
10:45:31,51.92,100,
10:45:32,51.92,200,
10:45:32,51.92,100,
10:45:34,52.01,300,
10:45:34,52,100,
10:45:35,52.03,108,
10:45:36,52.05,200,
10:45:36,52.06,100,
10:45:38,52.09,100,
10:45:38,52.08,200,
10:45:38,52.09,200,
10:45:38,52.08,200,
10:45:38,52.11,200,
10:45:40,52.06,100,
10:45:41,52.08,411,
10:45:44,52.09,100,
10:45:44,52.09,300,
10:45:44,52.06,100,
10:45:44,52.08,100,
10:45:45,52.06,100,
10:45:45,52.07,300,
10:45:46,52.06,100,
10:45:46,52.04,100,
10:45:46,52.0599,2000,
10:45:47,52.05,100,
10:45:52,52.01,300,
10:45:52,52,400,
10:45:52,52,100,
10:45:52,52,141,
10:45:52,52.01,300,
10:45:53,52.04,2000,
10:45:54,52.01,100,
10:45:56,52.036,225,
10:45:58,52.03,200,
10:46:01,52.04,900,
10:46:02,52.0356,1000,
10:46:03,52.049,400,
10:46:03,52.03,300,
10:46:07,52.049,100,
10:46:11,52.05,100,
10:46:11,52.05,200,
10:46:14,52.069,100,
10:46:15,52.066,100,
10:46:20,52.07,100,
10:46:20,52.079,200,
10:46:20,52.079,100,
10:46:21,52.08,100,
10:46:22,52.119,600,
10:46:22,52.12,100,
10:46:23,52.119,1700,
10:46:23,52.119,1700,
10:46:24,52.13,100,
10:46:25,52.14,200,
10:46:25,52.1386,100,
10:46:27,52.139,1300,
10:46:27,52.139,1400,
10:46:27,52.16,300,
10:46:27,52.17,900,
10:46:28,52.155,1300,
10:46:29,52.138,800,
10:46:32,52.17,100,
10:46:32,52.17,100,
10:46:32,52.1697,100,
10:46:32,52.164,300,
10:46:35,52.17,100,
10:46:36,52.159,1000,
10:46:36,52.159,1100,
10:46:38,52.158,900,
10:46:39,52.15,100,
10:46:41,52.16,100,
10:46:41,52.16,100,
10:46:41,52.16,100,
10:46:41,52.17,100,
10:46:41,52.17,100,
10:46:41,52.17,100,
10:46:41,52.17,200,
10:46:41,52.17,100,
10:46:42,52.178,200,
10:46:45,52.189,100,
10:46:45,52.189,100,
10:46:49,52.186,195,
10:46:50,52.17,300,
10:46:51,52.17,600,
10:46:51,52.17,300,
10:46:53,52.17,400,
10:46:54,52.15,100,
10:46:54,52.16,100,
10:46:55,52.14,100,
10:46:58,52.1444,1320,
10:47:00,52.1439,258,
10:47:03,52.146,1000,
10:47:05,52.146,300,
10:47:10,52.129,1500,
10:47:10,52.129,1500,
10:47:11,52.127,900,
10:47:15,52.10,200,
10:47:15,52.08,210,
10:47:15,52.08,100,
10:47:15,52.11,100,
10:47:16,52.09,100,
10:47:16,52.09,200,
10:47:16,52.09,200,
10:47:16,52.09,100,
10:47:18,52.089,100,
10:47:19,52.06,100,
10:47:20,52.07,100,
10:47:20,52.08,200,
10:47:20,52.08,100,
10:47:21,52.094,200,
10:47:22,52.11,300,
10:47:22,52.11,300,
10:47:23,52.12,100,
10:47:25,52.12,200,
10:47:30,52.149,100,
10:47:32,52.1408,100,
10:47:35,52.13,200,
10:47:38,52.13,200,
10:47:40,52.104,300,
10:47:43,52.0801,100,
10:47:46,52.08,100,
10:47:47,52.07,299,
10:47:47,52.07,100,
10:47:50,52.12,100,
10:47:53,52.13,300,
10:47:56,52.19,100,
10:47:57,52.18,200,
10:47:59,52.19,100,
10:48:01,52.1939,200,
10:48:04,52.1882,400,
10:48:11,52.23,200,
10:48:12,52.229,200,
10:48:14,52.24,300,
10:48:15,52.24,100,
10:48:15,52.24,100,
10:48:15,52.24,100,
10:48:15,52.24,100,
10:48:15,52.2425,2000,
10:48:18,52.2399,1200,
10:48:20,52.224,2500,
10:48:25,52.25,1600,
10:48:26,52.2499,100,
10:48:29,52.23,600,
10:48:29,52.24,300,
10:48:30,52.24,100,
10:48:33,52.2399,300,
10:48:35,52.2589,1000,
10:48:39,52.22,200,
10:48:39,52.23,100,
10:48:39,52.24,100,
10:48:39,52.24,200,
10:48:47,52.2582,200,
10:48:50,52.25,297,
10:48:55,52.2498,100,
10:48:58,52.22,100,
10:48:58,52.21,100,
10:48:58,52.22,100,
10:48:58,52.22,100,
10:48:58,52.22,100,
10:49:00,52.22,300,
10:49:00,52.22,200,
10:49:05,52.218,100,
10:49:07,52.218,300,
10:49:08,52.218,1101,
10:49:14,52.22,100,
10:49:15,52.20,300,
10:49:15,52.20,100,
10:49:15,52.20,112,
10:49:15,52.20,1000,
10:49:17,52.2118,400,
10:49:18,52.229,100,
10:49:22,52.229,100,
10:49:24,52.23,200,
10:49:30,52.26,200,
10:49:32,52.2402,1000,
10:49:34,52.25,100,
10:49:35,52.23,100,
10:49:35,52.226,400,
10:49:46,52.23,230,
10:49:55,52.23,200,
10:49:56,52.24,200,
10:49:58,52.2498,3600,
10:50:03,52.24,100,
10:50:10,52.24,124,
10:50:11,52.22,100,
10:50:17,52.226,400,
10:50:18,52.20,200,
10:50:18,52.19,100,
10:50:18,52.20,100,
10:50:18,52.18,100,
10:50:18,52.18,200,
10:50:18,52.16,200,
10:50:18,52.20,200,
10:50:18,52.16,100,
10:50:18,52.20,100,
10:50:18,52.21,100,
10:50:21,52.199,200,
10:50:24,52.176,1000,
10:50:25,52.24,200,
10:50:31,52.18,200,
10:50:31,52.18,1000,
10:50:31,52.18,300,
10:50:33,52.1502,100,
10:50:34,52.15,100,
10:50:46,52.17,300,
10:50:53,52.18,300,
10:50:53,52.19,100,
10:50:55,52.24,100,
10:50:56,52.2382,1300,
10:50:56,52.25,200,
10:50:56,52.25,250,
10:51:00,52.25,100,
10:51:00,52.27,300,
10:51:01,52.30,200,
10:51:03,52.30,1000,
10:51:05,52.29,100,
10:51:05,52.29,400,
10:51:05,52.29,400,
10:51:12,52.31,100,
10:51:12,52.29,500,
10:51:12,52.29,200,
10:51:14,52.28,200,
10:51:15,52.2882,1500,
10:51:18,52.22,100,
10:51:18,52.2189,500,
10:51:25,52.23,100,
10:51:26,52.26,100,
10:51:32,52.248,1900,
10:51:33,52.2439,300,
10:51:34,52.23,100,
10:51:35,52.221,100,
10:51:41,52.2299,250,
10:51:46,52.2203,100,
10:51:46,52.22,400,
10:51:46,52.249,1000,
10:51:47,52.221,1100,
10:51:47,52.20,100,
10:51:48,52.20,200,
10:51:55,52.2116,600,
10:51:59,52.24,200,
10:52:01,52.21,200,
10:52:01,52.22,300,
10:52:01,52.22,300,
10:52:02,52.214,400,
10:52:05,52.20,200,
10:52:05,52.18,1000,
10:52:12,52.19,200,
10:52:13,52.1999,1000,
10:52:20,52.18,100,
10:52:20,52.16,100,
10:52:20,52.16,200,
10:52:20,52.16,200,
10:52:20,52.16,300,
10:52:20,52.15,100,
10:52:20,52.1589,400,
10:52:23,52.16,200,
10:52:25,52.16,300,
10:52:39,52.16,500,
10:52:40,52.16,200,
10:52:41,52.17,100,
10:52:45,52.18,400,
10:52:46,52.19,300,
10:52:46,52.19,100,
10:52:46,52.19,200,
10:52:46,52.19,200,
10:52:46,52.19,200,
10:52:46,52.19,200,
10:52:53,52.22,100,
10:52:53,52.22,300,
10:52:53,52.22,1199,
10:52:56,52.29,100,
10:52:58,52.31,300,
10:53:00,52.2602,200,
10:53:00,52.26,900,
10:53:05,52.2673,700,
10:53:09,52.2982,400,
10:53:12,52.31,100,
10:53:12,52.3298,3600,
10:53:15,52.34,100,
10:53:15,52.34,100,
10:53:21,52.31,100,
10:53:31,52.34,100,
10:53:31,52.37,100,
10:53:31,52.38,100,
10:53:31,52.38,100,
10:53:31,52.38,200,
10:53:31,52.38,100,
10:53:31,52.38,199,
10:53:32,52.39,100,
10:53:32,52.38,100,
10:53:33,52.4001,1000,
10:53:34,52.41,2000,
10:53:35,52.41,200,
10:53:35,52.41,100,
10:53:35,52.404,499,
10:53:35,52.404,100,
10:53:36,52.41,200,
10:53:36,52.42,100,
10:53:36,52.42,200,
10:53:37,52.41,200,
10:53:37,52.41,300,
10:53:37,52.41,100,
10:53:38,52.41,200,
10:53:38,52.41,100,
10:53:41,52.38,100,
10:53:41,52.38,500,
10:53:41,52.38,400,
10:53:50,52.45,100,
10:53:50,52.44,500,
10:53:51,52.45,300,
10:53:52,52.44,300,
10:53:52,52.44,100,
10:53:53,52.45,100,
10:53:53,52.45,500,
10:53:54,52.45,200,
10:53:54,52.43,200,
10:53:54,52.43,100,
10:53:56,52.456,1000,
10:53:56,52.449,500,
10:53:56,52.449,500,
10:53:58,52.43,100,
10:53:58,52.43,100,
10:53:58,52.43,100,
10:53:58,52.43,100,
10:53:58,52.43,100,
10:53:58,52.43,100,
10:53:59,52.42,800,
10:53:59,52.42,200,
10:53:59,52.40,500,
10:53:59,52.38,500,
10:53:59,52.38,100,
10:54:00,52.418,500,
10:54:06,52.42,100,
10:54:08,52.42,200,
10:54:09,52.41,100,
10:54:13,52.4289,200,
10:54:13,52.41,100,
10:54:14,52.41,100,
10:54:14,52.41,200,
10:54:15,52.4298,700,
10:54:16,52.419,1000,
10:54:17,52.37,200,
10:54:17,52.36,299,
10:54:17,52.36,107,
10:54:17,52.36,113,
10:54:17,52.37,100,
10:54:18,52.3682,500,
10:54:23,52.34,100,
10:54:26,52.346,400,
10:54:34,52.37,100,
10:54:47,52.34,100,
10:54:47,52.34,300,
10:54:47,52.34,100,
10:54:47,52.32,102,
10:54:47,52.34,100,
10:54:47,52.34,100,
10:54:48,52.37,100,
10:54:50,52.374,500,
10:54:53,52.372,350,
10:54:57,52.37,100,
10:55:03,52.32,100,
10:55:04,52.34,100,
10:55:06,52.26,100,
10:55:06,52.26,100,
10:55:07,52.2699,306,
10:55:08,52.298,500,
10:55:13,52.34,300,
10:55:15,52.3696,200,
10:55:15,52.37,500,
10:55:17,52.37,100,
10:55:17,52.37,200,
10:55:19,52.34,100,
10:55:23,52.34,100,
10:55:33,52.35,100,
10:55:33,52.35,100,
10:55:37,52.34,300,
10:55:37,52.34,100,
10:55:41,52.35,300,
10:55:43,52.3899,100,
10:55:48,52.39,200,
10:55:49,52.41,100,
10:55:49,52.42,100,
10:55:50,52.40,200,
10:56:00,52.37,100,
10:56:00,52.37,200,
10:56:00,52.37,100,
10:56:00,52.37,100,
10:56:00,52.37,200,
10:56:00,52.37,300,
10:56:00,52.36,600,
10:56:00,52.35,300,
10:56:06,52.37,100,
10:56:15,52.35,300,
10:56:24,52.389,500,
10:56:38,52.3882,125,
10:56:41,52.36,200,
10:56:42,52.37,100,
10:56:44,52.3882,100,
10:56:50,52.3616,650,
10:56:55,52.3898,100,
10:56:58,52.3699,1000,
10:57:02,52.34,200,
10:57:07,52.4008,300,
10:57:12,52.40,200,
10:57:12,52.40,100,
10:57:13,52.381,300,
10:57:14,52.38,3100,
10:57:16,52.41,100,
10:57:19,52.41,100,
10:57:19,52.41,400,
10:57:19,52.41,500,
10:57:20,52.41,100,
10:57:21,52.38,100,
10:57:24,52.38,100,
10:57:25,52.35,100,
10:57:25,52.34,100,
10:57:26,52.35,300,
10:57:30,52.331,100,
10:57:38,52.33,100,
10:57:41,52.3101,323,
10:57:42,52.31,100,
10:57:42,52.31,100,
10:57:42,52.30,100,
10:57:42,52.29,100,
10:57:42,52.28,100,
10:57:42,52.28,100,
10:57:42,52.25,300,
10:57:42,52.25,100,
10:57:42,52.28,100,
10:57:42,52.28,200,
10:57:42,52.25,100,
10:57:42,52.30,100,
10:57:42,52.31,200,
10:57:42,52.28,100,
10:57:42,52.271,100,
10:57:43,52.2889,100,
10:57:43,52.2761,300,
10:57:44,52.32,300,
10:57:44,52.32,200,
10:57:44,52.34,100,
10:57:44,52.34,300,
10:57:44,52.34,100,
10:57:50,52.32,200,
10:57:50,52.31,100,
10:57:50,52.30,200,
10:57:50,52.31,200,
10:57:51,52.32,200,
10:57:57,52.30,430,
10:57:57,52.30,100,
10:57:57,52.30,100,
10:57:59,52.284,250,
10:58:00,52.2899,100,
10:58:03,52.26,100,
10:58:03,52.23,200,
10:58:08,52.2699,500,
10:58:11,52.276,100,
10:58:15,52.29,135,
10:58:15,52.31,100,
10:58:15,52.31,100,
10:58:15,52.31,100,
10:58:15,52.31,300,
10:58:15,52.31,300,
10:58:23,52.2608,150,
10:58:26,52.24,200,
10:58:26,52.23,300,
10:58:30,52.27,165,
10:58:38,52.264,159,
10:58:41,52.289,500,
10:58:48,52.27,100,
10:58:48,52.27,100,
10:58:48,52.27,100,
10:58:58,52.33,100,
10:58:59,52.30,200,
10:59:01,52.29,300,
10:59:06,52.255,1000,
10:59:08,52.24,500,
10:59:13,52.29,149,
10:59:20,52.30,200,
10:59:29,52.28,100,
10:59:29,52.28,100,
10:59:29,52.28,300,
10:59:30,52.276,500,
10:59:39,52.25,400,
10:59:49,52.33,100,
10:59:52,52.34,100,
10:59:52,52.35,100,
10:59:52,52.38,100,
10:59:58,52.40,100,
10:59:58,52.40,100,
11:00:01,52.36,1000,
11:00:01,52.36,100,
11:00:01,52.36,100,
11:00:01,52.36,500,
11:00:16,52.2999,1000,
11:00:18,52.28,100,
11:00:24,52.33,100,
11:00:36,52.33,100,
11:00:41,52.34,100,
11:00:41,52.34,100,
11:00:41,52.34,100,
11:00:41,52.34,100,
11:00:42,52.31,100,
11:00:54,52.316,400,
11:01:04,52.31,200,
11:01:13,52.30,300,
11:01:13,52.30,100,
11:01:20,52.314,100,
11:01:24,52.35,200,
11:01:32,52.32,200,
11:01:32,52.32,200,
11:01:38,52.28,200,
11:01:41,52.25,300,
11:01:41,52.2501,700,
11:01:45,52.2601,200,
11:01:58,52.296,225,
11:02:15,52.336,500,
11:02:23,52.3699,100,
11:02:23,52.3699,100,
11:02:24,52.38,100,
11:02:24,52.378,1500,
11:02:24,52.40,100,
11:02:29,52.40,300,
11:02:32,52.4202,1000,
11:02:34,52.41,100,
11:02:40,52.3898,370,
11:02:43,52.389,100,
11:02:52,52.36,200,
11:02:52,52.37,100,
11:02:54,52.39,100,
11:03:03,52.41,200,
11:03:03,52.40,100,
11:03:08,52.39,200,
11:03:31,52.3982,100,
11:03:33,52.3999,2300,
11:03:53,52.41,100,
11:03:53,52.40,100,
11:03:54,52.426,1000,
11:03:55,52.40,500,
11:03:55,52.40,200,
11:04:00,52.45,200,
11:04:03,52.47,600,
11:04:04,52.49,100,
11:04:04,52.49,100,
11:04:04,52.49,200,
11:04:05,52.50,100,
11:04:05,52.50,100,
11:04:05,52.50,500,
11:04:07,52.50,100,
11:04:08,52.48,100,
11:04:10,52.48,142,
11:04:12,52.421,1000,
11:04:12,52.4499,400,
11:04:14,52.4289,100,
11:04:15,52.35,100,
11:04:15,52.36,100,
11:04:15,52.38,847,
11:04:15,52.3492,200,
11:04:16,52.3899,2200,
11:04:27,52.3639,100,
11:04:30,52.3682,1000,
11:04:31,52.37,1500,
11:04:36,52.409,500,
11:04:50,52.45,100,
11:04:51,52.43,100,
11:04:54,52.43,100,
11:04:57,52.406,400,
11:05:07,52.45,300,
11:05:08,52.48,500,
11:05:08,52.45,300,
11:05:08,52.47,100,
11:05:09,52.46,100,
11:05:10,52.4697,1000,
11:05:12,52.48,100,
11:05:14,52.50,300,
11:05:16,52.504,1000,
11:05:19,52.46,100,
11:05:23,52.5282,180,
11:05:27,52.5098,1000,
11:05:29,52.49,100,
11:05:29,52.49,300,
11:05:30,52.44,100,
11:05:31,52.45,300,
11:05:32,52.49,100,
11:05:38,52.45,200,
11:05:46,52.50,300,
11:05:46,52.50,100,
11:05:48,52.492,150,
11:05:50,52.49,100,
11:05:51,52.50,100,
11:05:55,52.50,100,
11:05:55,52.50,100,
11:05:56,52.50,100,
11:06:00,52.53,300,
11:06:00,52.53,100,
11:06:02,52.52,200,
11:06:02,52.51,100,
11:06:02,52.52,100,
11:06:02,52.52,172,
11:06:02,52.52,300,
11:06:06,52.53,100,
11:06:09,52.535,500,
11:06:12,52.55,100,
11:06:13,52.55,100,
11:06:13,52.55,200,
11:06:13,52.54,200,
11:06:13,52.54,100,
11:06:13,52.55,200,
11:06:13,52.54,100,
11:06:13,52.54,200,
11:06:14,52.55,100,
11:06:14,52.544,1000,
11:06:15,52.52,200,
11:06:15,52.51,300,
11:06:15,52.521,300,
11:06:18,52.56,100,
11:06:22,52.554,500,
11:06:29,52.55,100,
11:06:33,52.5682,250,
11:06:37,52.53,200,
11:06:38,52.52,1600,
11:06:42,52.51,100,
11:06:47,52.539,100,
11:06:52,52.55,100,
11:06:52,52.55,200,
11:06:54,52.566,200,
11:06:56,52.53,100,
11:06:57,52.5399,1000,
11:06:59,52.52,100,
11:06:59,52.54,100,
11:07:00,52.51,100,
11:07:00,52.54,100,
11:07:00,52.50,100,
11:07:01,52.5199,500,
11:07:04,52.53,100,
11:07:09,52.505,100,
11:07:16,52.52,300,
11:07:16,52.52,100,
11:07:16,52.52,199,
11:07:16,52.51,100,
11:07:16,52.5144,1000,
11:07:18,52.544,100,
11:07:22,52.5501,375,
11:07:24,52.59,175,
11:07:24,52.59,300,
11:07:24,52.58,300,
11:07:24,52.60,300,
11:07:24,52.60,100,
11:07:24,52.60,200,
11:07:24,52.59,600,
11:07:24,52.61,100,
11:07:25,52.61,152,
11:07:25,52.59,100,
11:07:26,52.6097,200,
11:07:27,52.611,880,
11:07:27,52.58,100,
11:07:27,52.61,100,
11:07:28,52.55,100,
11:07:28,52.55,100,
11:07:28,52.55,100,
11:07:32,52.54,400,
11:07:35,52.56,200,
11:07:35,52.56,100,
11:07:37,52.58,300,
11:07:37,52.58,100,
11:07:37,52.58,100,
11:07:37,52.58,100,
11:07:38,52.58,100,
11:07:39,52.63,100,
11:07:42,52.64,500,
11:07:43,52.62,300,
11:07:43,52.629,130,
11:07:43,52.61,100,
11:07:43,52.61,100,
11:07:47,52.62,100,
11:07:47,52.61,100,
11:07:47,52.61,100,
11:07:47,52.61,100,
11:07:47,52.60,500,
11:07:47,52.61,200,
11:07:47,52.61,100,
11:07:47,52.60,100,
11:07:47,52.60,100,
11:07:48,52.618,100,
11:07:50,52.5998,100,
11:07:50,52.60,100,
11:07:51,52.60,100,
11:07:51,52.60,200,
11:07:59,52.55,100,
11:08:00,52.59,200,
11:08:02,52.541,100,
11:08:02,52.54,100,
11:08:03,52.542,100,
11:08:03,52.55,200,
11:08:03,52.5482,450,
11:08:15,52.521,1000,
11:08:18,52.523,700,
11:08:21,52.55,127,
11:08:21,52.55,172,
11:08:23,52.55,600,
11:08:28,52.541,1300,
11:08:28,52.55,700,
11:08:29,52.55,100,
11:08:30,52.543,100,
11:08:30,52.543,100,
11:08:36,52.56,3200,
11:08:39,52.58,100,
11:08:41,52.611,1450,
11:08:41,52.611,200,
11:08:42,52.61,200,
11:08:42,52.612,250,
11:08:46,52.614,125,
11:08:48,52.60,300,
11:08:49,52.581,100,
11:08:56,52.561,1500,
11:08:56,52.561,1500,
11:08:57,52.562,300,
11:09:04,52.571,900,
11:09:04,52.561,500,
11:09:04,52.561,500,
11:09:06,52.582,500,
11:09:11,52.561,1700,
11:09:16,52.60,300,
11:09:16,52.61,200,
11:09:16,52.6098,466,
11:09:18,52.5884,600,
11:09:18,52.58,100,
11:09:18,52.58,200,
11:09:19,52.58,200,
11:09:21,52.58,100,
11:09:22,52.581,1300,
11:09:22,52.58,300,
11:09:23,52.561,200,
11:09:23,52.561,100,
11:09:24,52.583,300,
11:09:24,52.583,300,
11:09:24,52.582,300,
11:09:24,52.583,300,
11:09:24,52.583,300,
11:09:25,52.583,300,
11:09:25,52.564,1000,
11:09:28,52.5744,1500,
11:09:30,52.55,500,
11:09:31,52.576,300,
11:09:34,52.55,200,
11:09:34,52.55,100,
11:09:34,52.54,700,
11:09:36,52.55,100,
11:09:48,52.547,170,
11:09:50,52.57,300,
11:09:50,52.59,100,
11:09:51,52.58,300,
11:09:51,52.58,300,
11:10:00,52.60,100,
11:10:00,52.60,100,
11:10:04,52.59,200,
11:10:04,52.59,600,
11:10:09,52.5999,500,
11:10:17,52.5984,1000,
11:10:22,52.58,100,
11:10:22,52.58,300,
11:10:24,52.581,1600,
11:10:27,52.582,900,
11:10:27,52.58,300,
11:10:30,52.5998,200,
11:10:30,52.60,100,
11:10:32,52.596,127,
11:10:32,52.60,100,
11:10:33,52.571,1200,
11:10:33,52.571,1299,
11:10:33,52.582,300,
11:10:33,52.571,100,
11:10:33,52.571,199,
11:10:36,52.582,300,
11:10:39,52.60,300,
11:10:39,52.61,100,
11:10:39,52.61,300,
11:10:39,52.61,100,
11:10:44,52.61,100,
11:10:46,52.601,1300,
11:10:47,52.6199,100,
11:10:50,52.62,100,
11:10:57,52.6111,100,
11:11:00,52.65,100,
11:11:00,52.66,200,
11:11:00,52.65,100,
11:11:00,52.66,300,
11:11:00,52.66,300,
11:11:00,52.66,100,
11:11:00,52.68,200,
11:11:00,52.68,100,
11:11:00,52.68,100,
11:11:02,52.69,200,
11:11:04,52.6702,1000,
11:11:04,52.6702,300,
11:11:04,52.67,201,
11:11:04,52.67,100,
11:11:05,52.67,100,
11:11:08,52.68,200,
11:11:11,52.671,2000,
11:11:11,52.686,1000,
11:11:11,52.69,100,
11:11:12,52.672,300,
11:11:13,52.672,600,
11:11:14,52.69,100,
11:11:17,52.70,100,
11:11:17,52.70,297,
11:11:17,52.70,197,
11:11:17,52.70,300,
11:11:17,52.70,503,
11:11:17,52.71,200,
11:11:17,52.71,200,
11:11:17,52.71,100,
11:11:17,52.70,200,
11:11:17,52.70,100,
11:11:17,52.70,100,
11:11:17,52.69,100,
11:11:17,52.73,100,
11:11:17,52.73,100,
11:11:17,52.73,300,
11:11:17,52.73,300,
11:11:17,52.74,100,
11:11:17,52.72,100,
11:11:17,52.73,200,
11:11:17,52.72,100,
11:11:17,52.72,100,
11:11:17,52.74,100,
11:11:17,52.74,900,
11:11:17,52.74,300,
11:11:17,52.73,100,
11:11:17,52.73,100,
11:11:17,52.72,100,
11:11:21,52.73,200,
11:11:21,52.73,100,
11:11:21,52.73,600,
11:11:26,52.71,197,
11:11:26,52.6839,200,
11:11:27,52.722,250,
11:11:34,52.696,100,
11:11:34,52.70,100,
11:11:36,52.68,100,
11:11:37,52.70,200,
11:11:37,52.70,200,
11:11:37,52.70,100,
11:11:37,52.71,100,
11:11:37,52.73,100,
11:11:38,52.7297,1000,
11:11:41,52.73,100,
11:11:43,52.71,200,
11:11:43,52.71,100,
11:11:44,52.70,300,
11:11:45,52.7198,300,
11:11:45,52.70,100,
11:11:45,52.70,500,
11:11:45,52.70,100,
11:11:45,52.70,100,
11:11:45,52.70,100,
11:11:45,52.71,100,
11:11:45,52.71,200,
11:11:46,52.72,100,
11:11:46,52.7299,1000,
11:11:48,52.7001,100,
11:11:58,52.73,300,
11:11:58,52.72,300,
11:11:58,52.72,200,
11:11:59,52.71,100,
11:12:03,52.72,239,
11:12:05,52.726,1000,
11:12:06,52.731,601,
11:12:06,52.731,500,
11:12:06,52.73,600,
11:12:06,52.73,900,
11:12:07,52.742,600,
11:12:07,52.75,100,
11:12:07,52.77,200,
11:12:07,52.77,300,
11:12:07,52.77,200,
11:12:07,52.77,200,
11:12:07,52.75,200,
11:12:08,52.80,300,
11:12:08,52.791,100,
11:12:09,52.79,100,
11:12:11,52.80,500,
11:12:11,52.80,100,
11:12:11,52.80,100,
11:12:11,52.80,100,
11:12:12,52.80,100,
11:12:12,52.80,100,
11:12:12,52.81,200,
11:12:12,52.80,100,
11:12:12,52.82,500,
11:12:12,52.85,100,
11:12:12,52.86,300,
11:12:12,52.87,100,
11:12:12,52.87,100,
11:12:12,52.87,100,
11:12:12,52.88,200,
11:12:12,52.87,100,
11:12:12,52.89,200,
11:12:12,52.88,300,
11:12:12,52.88,300,
11:12:12,52.88,100,
11:12:13,52.88,300,
11:12:14,52.85,100,
11:12:14,52.85,100,
11:12:14,52.84,100,
11:12:16,52.862,150,
11:12:17,52.8682,150,
11:12:18,52.86,100,
11:12:20,52.851,2000,
11:12:21,52.85,200,
11:12:21,52.84,100,
11:12:21,52.84,300,
11:12:22,52.84,200,
11:12:22,52.84,100,
11:12:22,52.84,200,
11:12:23,52.84,120,
11:12:23,52.84,100,
11:12:24,52.83,600,
11:12:24,52.83,300,
11:12:24,52.81,100,
11:12:24,52.81,200,
11:12:24,52.81,100,
11:12:25,52.81,100,
11:12:25,52.81,100,
11:12:25,52.81,100,
11:12:25,52.81,100,
11:12:28,52.811,800,
11:12:28,52.82,600,
11:12:28,52.811,500,
11:12:29,52.83,200,
11:12:30,52.821,100,
11:12:30,52.821,300,
11:12:31,52.821,600,
11:12:32,52.82,1000,
11:12:32,52.82,600,
11:12:32,52.82,100,
11:12:32,52.82,1700,
11:12:32,52.82,500,
11:12:32,52.82,100,
11:12:34,52.79,100,
11:12:34,52.761,100,
11:12:40,52.80,300,
11:12:40,52.81,100,
11:12:42,52.791,200,
11:12:45,52.83,200,
11:12:48,52.81,100,
11:12:50,52.83,200,
11:12:55,52.85,100,
11:12:55,52.85,500,
11:12:56,52.87,200,
11:13:02,52.86,200,
11:13:02,52.851,1600,
11:13:02,52.851,1050,
11:13:04,52.85,250,
11:13:04,52.85,151,
11:13:04,52.85,100,
11:13:04,52.85,100,
11:13:04,52.85,200,
11:13:04,52.86,200,
11:13:04,52.86,100,
11:13:04,52.85,100,
11:13:06,52.84,100,
11:13:08,52.841,200,
11:13:10,52.85,100,
11:13:11,52.85,500,
11:13:11,52.85,300,
11:13:11,52.85,100,
11:13:14,52.856,100,
11:13:18,52.841,2000,
11:13:19,52.841,100,
11:13:20,52.84,100,
11:13:20,52.84,100,
11:13:21,52.84,100,
11:13:21,52.84,100,
11:13:21,52.84,100,
11:13:21,52.841,100,
11:13:22,52.81,400,
11:13:23,52.80,100,
11:13:23,52.80,300,
11:13:24,52.802,450,
11:13:28,52.819,100,
11:13:36,52.82,300,
11:13:39,52.84,600,
11:13:39,52.85,100,
11:13:40,52.87,100,
11:13:46,52.83,100,
11:13:46,52.83,200,
11:13:50,52.8155,1000,
11:13:50,52.82,1500,
11:13:54,52.80,300,
11:13:54,52.80,1600,
11:13:55,52.78,117,
11:13:55,52.78,283,
11:13:55,52.80,600,
11:13:55,52.76,100,
11:13:55,52.76,100,
11:14:03,52.7618,300,
11:14:04,52.754,200,
11:14:07,52.75,100,
11:14:07,52.75,100,
11:14:08,52.7439,100,
11:14:09,52.712,1000,
11:14:13,52.71,300,
11:14:13,52.72,300,
11:14:14,52.7001,200,
11:14:15,52.70,600,
11:14:19,52.70,100,
11:14:21,52.6818,1600,
11:14:36,52.70,300,
11:14:36,52.70,102,
11:14:36,52.69,100,
11:14:36,52.69,100,
11:14:44,52.6999,200,
11:14:45,52.69,100,
11:14:45,52.69,100,
11:14:45,52.69,100,
11:14:45,52.69,100,
11:14:45,52.69,100,
11:14:49,52.6982,100,
11:14:55,52.68,300,
11:14:55,52.67,100,
11:14:55,52.66,100,
11:14:55,52.66,100,
11:14:55,52.66,200,
11:14:56,52.64,100,
11:14:57,52.6201,400,
11:14:58,52.68,100,
11:15:06,52.686,100,
11:15:11,52.6802,100,
11:15:11,52.68,200,
11:15:11,52.68,100,
11:15:13,52.6818,500,
11:15:13,52.67,100,
11:15:13,52.67,100,
11:15:13,52.68,200,
11:15:14,52.6682,500,
11:15:17,52.66,100,
11:15:17,52.65,170,
11:15:25,52.64,600,
11:15:25,52.63,100,
11:15:25,52.63,100,
11:15:25,52.63,100,
11:15:25,52.64,300,
11:15:31,52.656,300,
11:15:40,52.6411,1000,
11:15:47,52.73,100,
11:15:49,52.74,700,
11:15:49,52.73,600,
11:15:50,52.72,500,
11:15:56,52.734,400,
11:15:59,52.71,300,
11:15:59,52.71,200,
11:16:00,52.70,180,
11:16:04,52.70,100,
11:16:07,52.71,100,
11:16:07,52.70,100,
11:16:08,52.68,600,
11:16:14,52.67,100,
11:16:14,52.67,100,
11:16:14,52.67,100,
11:16:24,52.664,400,
11:16:32,52.6101,100,
11:16:32,52.61,200,
11:16:40,52.64,200,
11:16:47,52.64,201,
11:16:53,52.62,100,
11:16:56,52.60,200,
11:17:11,52.64,300,
11:17:11,52.64,100,
11:17:19,52.63,300,
11:17:23,52.63,140,
11:17:29,52.61,300,
11:17:29,52.60,1509,
11:17:29,52.60,1760,
11:17:29,52.60,250,
11:17:29,52.60,200,
11:17:29,52.60,100,
11:17:29,52.60,469,
11:17:31,52.58,200,
11:17:31,52.58,100,
11:17:31,52.57,100,
11:17:32,52.55,100,
11:17:34,52.54,100,
11:17:36,52.536,100,
11:17:38,52.52,100,
11:17:38,52.52,200,
11:17:41,52.55,500,
11:17:43,52.544,1000,
11:17:47,52.54,100,
11:17:59,52.55,100,
11:18:00,52.55,100,
11:18:05,52.56,100,
11:18:08,52.5401,1000,
11:18:18,52.54,100,
11:18:32,52.53,259,
11:18:39,52.5561,200,
11:18:45,52.5882,200,
11:18:47,52.59,100,
11:18:50,52.6016,1000,
11:18:59,52.58,300,
11:18:59,52.57,100,
11:19:05,52.5799,1000,
11:19:30,52.5882,300,
11:19:53,52.58,100,
11:20:19,52.598,200,
11:20:22,52.61,100,
11:20:54,52.61,300,
11:20:56,52.62,200,
11:21:17,52.635,5900,
11:21:21,52.629,900,
11:21:25,52.65,200,
11:21:25,52.65,469,
11:21:25,52.65,300,
11:21:25,52.65,200,
11:21:25,52.67,100,
11:21:25,52.67,100,
11:21:25,52.67,100,
11:21:25,52.67,100,
11:21:26,52.68,199,
11:21:28,52.67,100,
11:21:28,52.67,200,
11:21:30,52.6691,1000,
11:21:38,52.67,200,
11:21:38,52.67,200,
11:21:38,52.67,200,
11:21:38,52.66,200,
11:21:38,52.66,200,
11:21:39,52.66,800,
11:21:39,52.66,800,
11:21:39,52.66,200,
11:21:40,52.66,800,
11:21:40,52.66,200,
11:21:40,52.66,700,
11:21:40,52.66,200,
11:21:40,52.66,700,
11:21:42,52.6699,2450,
11:21:46,52.6275,2000,
11:21:52,52.68,200,
11:21:52,52.68,300,
11:21:52,52.68,100,
11:21:53,52.70,100,
11:21:56,52.7003,1000,
11:21:56,52.70,400,
11:21:56,52.70,400,
11:22:01,52.69,300,
11:22:01,52.69,300,
11:22:05,52.6999,2500,
11:22:06,52.696,300,
11:22:06,52.6898,100,
11:22:06,52.69,100,
11:22:06,52.69,100,
11:22:07,52.69,100,
11:22:07,52.69,100,
11:22:07,52.69,100,
11:22:17,52.67,200,
11:22:18,52.69,300,
11:22:34,52.67,100,
11:22:42,52.67,200,
11:22:54,52.66,200,
11:22:54,52.65,100,
11:22:56,52.66,200,
11:22:56,52.65,200,
11:22:56,52.68,100,
11:22:56,52.67,300,
11:22:56,52.68,100,
11:22:56,52.68,500,
11:22:56,52.68,100,
11:22:56,52.68,100,
11:22:56,52.68,300,
11:22:56,52.68,300,
11:22:56,52.67,100,
11:22:56,52.67,200,
11:22:56,52.66,300,
11:22:56,52.66,300,
11:22:56,52.65,100,
11:22:56,52.67,200,
11:22:58,52.6939,100,
11:22:59,52.66,600,
11:22:59,52.65,200,
11:22:59,52.65,300,
11:22:59,52.64,300,
11:22:59,52.64,100,
11:22:59,52.64,100,
11:22:59,52.64,600,
11:22:59,52.64,200,
11:23:06,52.64,200,
11:23:07,52.64,1000,
11:23:08,52.57,200,
11:23:08,52.59,100,
11:23:10,52.58,100,
11:23:10,52.60,200,
11:23:12,52.58,200,
11:23:24,52.61,300,
11:23:24,52.61,300,
11:23:32,52.63,100,
11:23:56,52.6499,1000,
11:24:00,52.64,300,
11:24:13,52.64,100,
11:24:13,52.64,200,
11:24:25,52.6499,200,
11:24:31,52.63,200,
11:24:42,52.63,100,
11:24:57,52.6399,1000,
11:25:37,52.6682,500,
11:25:47,52.71,500,
11:26:07,52.6982,400,
11:26:11,52.66,300,
11:26:20,52.64,100,
11:26:20,52.64,100,
11:26:26,52.58,100,
11:26:26,52.58,100,
11:26:36,52.62,800,
11:26:36,52.63,300,
11:26:40,52.59,400,
11:26:55,52.65,100,
11:27:24,52.58,300,
11:27:37,52.56,1200,
11:27:38,52.59,600,
11:27:54,52.57,113,
11:27:56,52.55,100,
11:28:04,52.57,300,
11:28:12,52.57,300,
11:28:12,52.57,600,
11:28:12,52.58,200,
11:28:12,52.60,100,
11:28:12,52.59,600,
11:28:13,52.59,200,
11:28:15,52.59,300,
11:28:30,52.59,300,
11:28:50,52.5199,900,
11:28:53,52.51,300,
11:28:58,52.53,200,
11:28:58,52.534,500,
11:29:00,52.53,300,
11:29:03,52.53,200,
11:29:09,52.50,200,
11:29:09,52.50,300,
11:29:09,52.50,200,
11:29:10,52.50,600,
11:29:10,52.50,126,
11:29:13,52.46,200,
11:29:13,52.46,100,
11:29:13,52.50,200,
11:29:13,52.50,100,
11:29:13,52.50,300,
11:29:13,52.50,100,
11:29:13,52.50,500,
11:29:13,52.46,200,
11:29:13,52.50,100,
11:29:13,52.50,183,
11:29:13,52.46,100,
11:29:13,52.46,100,
11:29:14,52.47,200,
11:29:16,52.46,200,
11:29:16,52.46,200,
11:29:17,52.4545,900,
11:29:18,52.45,600,
11:29:28,52.4302,800,
11:29:31,52.4597,100,
11:29:31,52.46,500,
11:29:33,52.43,100,
11:29:33,52.43,100,
11:29:33,52.43,300,
11:29:33,52.43,200,
11:29:33,52.42,100,
11:29:33,52.42,100,
11:29:33,52.42,100,
11:29:33,52.42,200,
11:29:33,52.43,200,
11:29:37,52.41,1000,
11:29:43,52.436,200,
11:29:46,52.4401,2500,
11:29:49,52.50,200,
11:29:58,52.48,100,
11:31:09,52.5789,100,
11:31:12,52.56,100,
11:31:27,52.55,300,
11:31:28,52.55,100,
11:31:31,52.5018,300,
11:31:40,52.54,100,
11:31:40,52.54,100,
11:31:40,52.54,100,
11:31:57,52.49,100,
11:32:02,52.48,100,
11:32:02,52.48,100,
11:32:02,52.48,200,
11:32:02,52.48,100,
11:32:04,52.471,100,
11:32:12,52.5118,1000,
11:32:15,52.58,300,
11:32:18,52.62,100,
11:32:20,52.5711,500,
11:32:22,52.59,300,
11:32:44,52.6708,200,
11:32:45,52.64,600,
11:32:46,52.61,200,
11:32:46,52.61,100,
11:32:47,52.64,100,
11:32:49,52.64,100,
11:32:59,52.68,300,
11:32:59,52.69,100,
11:33:07,52.68,100,
11:33:07,52.68,200,
11:33:07,52.6799,100,
11:33:31,52.60,100,
11:33:50,52.644,1000,
11:34:26,52.5601,600,
11:34:28,52.5401,600,
11:34:56,52.70,100,
11:34:57,52.78,700,
11:34:57,52.78,1200,
11:34:57,52.77,181,
11:34:58,52.76,100,
11:34:59,52.78,100,
11:35:08,52.7003,700,
11:35:14,52.73,100,
11:35:20,52.7199,500,
11:35:35,52.734,800,
11:35:38,52.74,200,
