09:30:00,48.15,300,
09:30:00,48.11,100,
09:30:03,48.08,200,
09:30:06,48.10,100,
09:30:06,48.08,300,
09:30:06,48.09,100,
09:30:06,48.09,300,
09:30:06,48.09,100,
09:30:06,48.09,100,
09:30:06,48.09,100,
09:30:06,48.09,300,
09:30:06,48.09,300,
09:30:06,48.09,100,
09:30:06,48.09,100,
09:30:06,48.09,200,
09:30:06,48.09,300,
09:30:06,48.09,100,
09:30:06,48.09,100,
09:30:08,48.07,300,
09:30:12,48.05,100,
09:30:13,48.07,100,
09:30:14,48.0821,200,
09:30:15,48.11,300,
09:30:21,48.09,100,
09:30:28,48.0699,500,
09:30:30,48.09,100,
09:30:31,48.0683,600,
09:30:33,48.098,200,
09:30:34,48.0699,500,
09:30:35,48.119,200,
09:30:35,48.119,200,
09:30:35,48.0803,200,
09:30:37,48.07,100,
09:30:38,48.1081,850,
09:30:41,48.1092,135,
09:30:42,48.09,100,
09:30:42,48.09,100,
09:30:42,48.1086,100,
09:30:42,48.1317,500,
09:30:50,48.07,100,
09:30:50,48.07,300,
09:30:50,48.07,200,
09:30:54,48.0244,300,
09:30:55,48.0399,150,
09:30:57,48.03,100,
09:30:58,48.023,300,
09:31:01,48.03,100,
09:31:01,48.03,200,
09:31:01,48.03,100,
09:31:01,48.0594,1000,
09:31:02,48.04,200,
09:31:05,48.0128,700,
09:31:06,48.0109,600,
09:31:07,48.0299,100,
09:31:09,48.038,500,
09:31:10,48.0126,500,
09:31:16,48.07,400,
09:31:16,48.06,100,
09:31:16,48.0898,300,
09:31:19,48.0501,100,
09:31:21,48.07,100,
09:31:21,48.07,100,
09:31:21,48.0691,100,
09:31:22,48.07,200,
09:31:26,48.06,500,
09:31:27,48.094,1000,
09:31:31,48.094,800,
09:31:35,48.0994,100,
09:31:35,48.1094,300,
09:31:35,48.10,100,
09:31:35,48.10,100,
09:31:35,48.11,800,
09:31:36,48.12,200,
09:31:36,48.12,300,
09:31:36,48.12,300,
09:31:36,48.12,100,
09:31:36,48.11,100,
09:31:38,48.13,300,
09:31:38,48.1268,100,
09:31:39,48.14,200,
09:31:41,48.13,100,
09:31:41,48.13,300,
09:31:41,48.13,300,
09:31:41,48.1287,300,
09:31:41,48.1287,100,
09:31:42,48.1393,800,
09:31:44,48.15,100,
09:31:44,48.15,300,
09:31:44,48.15,300,
09:31:48,48.19,200,
09:31:49,48.171,169,
09:31:50,48.19,200,
09:31:51,48.20,100,
09:31:52,48.21,200,
09:31:54,48.1801,100,
09:31:55,48.19,300,
09:31:57,48.18,100,
09:31:58,48.17,300,
09:31:59,48.1301,1000,
09:32:06,48.1599,3000,
09:32:07,48.16,100,
09:32:08,48.14,100,
09:32:09,48.14,100,
09:32:09,48.158,1150,
09:32:11,48.16,100,
09:32:12,48.16,100,
09:32:12,48.18,100,
09:32:14,48.20,100,
09:32:14,48.20,200,
09:32:17,48.1627,1000,
09:32:20,48.16,100,
09:32:22,48.15,2300,
09:32:24,48.17,8050,
09:32:29,48.19,300,
09:32:29,48.19,100,
09:32:29,48.19,300,
09:32:29,48.19,100,
09:32:29,48.19,100,
09:32:31,48.1799,200,
09:32:34,48.1759,300,
09:32:37,48.151,100,
09:32:37,48.17,100,
09:32:41,48.1793,200,
09:32:41,48.18,100,
09:32:41,48.1899,300,
09:32:41,48.18,300,
09:32:43,48.1841,100,
09:32:51,48.1701,500,
09:32:53,48.1701,100,
09:32:55,48.1601,300,
09:32:55,48.16,2800,
09:32:55,48.17,100,
09:32:55,48.18,100,
09:32:55,48.18,300,
09:32:55,48.18,300,
09:32:58,48.2213,1000,
09:33:01,48.2087,1000,
09:33:01,48.19,1000,
09:33:04,48.20,164,
09:33:04,48.21,300,
09:33:04,48.21,300,
09:33:04,48.229,500,
09:33:04,48.229,400,
09:33:07,48.209,200,
09:33:07,48.209,200,
09:33:07,48.199,300,
09:33:07,48.194,1000,
09:33:09,48.2211,140,
09:33:14,48.2186,300,
09:33:16,48.1958,2000,
09:33:16,48.20,400,
09:33:18,48.11,200,
09:33:19,48.12,200,
09:33:19,48.159,100,
09:33:19,48.159,300,
09:33:22,48.16,700,
09:33:28,48.131,500,
09:33:29,48.10,700,
09:33:30,48.10,500,
09:33:32,48.0868,1944,
09:33:33,48.10,100,
09:33:33,48.10,400,
09:33:35,48.1399,100,
09:33:40,48.14,500,
09:33:42,48.11,100,
09:33:46,48.092,250,
09:33:55,48.09,200,
09:33:58,48.0959,350,
09:34:05,48.11,400,
09:34:08,48.0401,850,
09:34:12,48.04,100,
09:34:12,48.03,200,
09:34:13,48.059,100,
09:34:15,48.08,300,
09:34:16,48.053,200,
09:34:28,48.0501,208,
09:34:32,48.10,200,
09:34:33,48.11,100,
09:34:33,48.129,100,
09:34:33,48.129,200,
09:34:34,48.119,100,
09:34:37,48.1299,600,
09:34:39,48.1001,100,
09:34:40,48.10,600,
09:34:40,48.11,300,
09:34:40,48.11,100,
09:34:40,48.11,100,
09:34:40,48.1045,600,
09:34:41,48.1099,100,
09:34:41,48.1001,200,
09:34:42,48.1099,100,
09:34:45,48.1041,100,
09:34:46,48.09,100,
09:34:54,48.0899,300,
09:34:54,48.07,100,
09:34:57,48.09,100,
09:34:57,48.089,100,
09:34:58,48.089,100,
09:34:59,48.089,100,
09:35:02,48.0494,600,
09:35:10,48.0499,432,
09:35:15,47.98,112,
09:35:15,47.978,112,
09:35:17,47.98,300,
09:35:19,47.9703,1000,
09:35:19,48.01,200,
09:35:19,48.01,300,
09:35:19,47.96,800,
09:35:19,48.01,200,
09:35:19,48.01,200,
09:35:19,48.01,500,
09:35:21,48.01,20000,
09:35:22,48.01,100,
09:35:24,48.015,180,
09:35:34,48.02,200,
09:35:36,48.02,100,
09:35:40,48.0008,100,
09:35:47,47.9792,300,
09:35:49,47.9501,500,
09:35:54,47.979,100,
09:35:55,47.9711,200,
09:35:55,47.969,100,
09:36:00,47.9583,400,
09:36:01,47.99,200,
09:36:02,48,160,
09:36:03,48.02,100,
09:36:05,48.0089,100,
09:36:09,48.036,700,
09:36:11,48.0399,500,
09:36:11,48.034,1040,
09:36:16,48,900,
09:36:20,48,200,
09:36:20,48,200,
09:36:20,48.0117,1000,
09:36:22,47.99,100,
09:36:22,47.99,300,
09:36:38,48.01,100,
09:36:41,47.97,100,
09:36:41,47.96,700,
09:36:41,47.95,100,
09:36:42,47.92,100,
09:36:45,47.9083,593,
09:36:47,47.89,100,
09:36:49,47.87,100,
09:36:49,47.87,400,
09:36:52,47.899,100,
09:36:52,47.899,140,
09:36:53,47.91,100,
09:36:53,47.90,100,
09:36:55,47.88,1050,
09:37:04,47.8948,380,
09:37:07,47.91,300,
09:37:08,47.929,380,
09:37:08,47.929,300,
09:37:11,47.94,100,
09:37:11,47.94,100,
09:37:14,47.9108,100,
09:37:19,47.9001,500,
09:37:31,47.92,100,
09:37:38,47.89,100,
09:37:41,47.8901,300,
09:37:44,47.89,100,
09:37:44,47.89,2100,
09:37:45,47.8759,250,
09:37:53,47.89,300,
09:37:53,47.92,100,
09:37:54,47.91,100,
09:37:55,47.9183,1000,
09:38:02,47.91,300,
09:38:02,47.92,100,
09:38:02,47.94,100,
09:38:02,47.94,400,
09:38:03,47.9541,200,
09:38:04,47.91,100,
09:38:04,47.91,100,
09:38:08,47.95,100,
09:38:08,47.96,200,
09:38:09,47.97,300,
09:38:12,47.97,100,
09:38:13,47.959,100,
09:38:13,47.9799,1200,
09:38:16,47.94,100,
09:38:16,47.95,100,
09:38:19,47.93,300,
09:38:19,47.9299,300,
09:38:19,47.9299,500,
09:38:19,47.93,500,
09:38:19,47.93,300,
09:38:19,47.9299,100,
09:38:19,47.9299,100,
09:38:19,47.93,100,
09:38:19,47.93,100,
09:38:25,47.909,1700,
09:38:25,47.909,1600,
09:38:34,47.93,100,
09:38:35,47.959,100,
09:38:36,47.9501,1000,
09:38:38,47.9793,500,
09:38:46,47.9629,200,
09:38:47,47.97,100,
09:38:47,47.97,100,
09:38:53,47.921,300,
09:38:54,47.93,400,
09:38:58,47.9536,300,
09:39:01,47.9399,500,
09:39:07,47.91,100,
09:39:07,47.91,300,
09:39:07,47.91,100,
09:39:07,47.91,100,
09:39:07,47.91,200,
09:39:08,47.9199,100,
09:39:10,47.91,230,
09:39:11,47.919,100,
09:39:35,47.88,300,
09:39:36,47.8847,1000,
09:39:39,47.88,100,
09:39:39,47.88,100,
09:39:39,47.88,100,
09:39:39,47.88,200,
09:39:39,47.88,300,
09:39:39,47.88,300,
09:39:39,47.88,100,
09:39:45,47.89,100,
09:39:50,47.83,300,
09:39:50,47.79,300,
09:39:50,47.78,100,
09:39:50,47.78,200,
09:39:50,47.79,100,
09:39:50,47.78,300,
09:39:50,47.85,2000,
09:39:50,47.77,300,
09:39:50,47.76,190,
09:39:50,47.76,210,
09:39:50,47.76,175,
09:39:51,47.81,300,
09:39:51,47.81,300,
09:39:55,47.8099,313,
09:39:55,47.7883,500,
09:39:57,47.79,100,
09:39:58,47.83,200,
09:39:58,47.83,300,
09:39:58,47.83,100,
09:39:58,47.83,100,
09:39:58,47.83,100,
09:39:58,47.83,100,
09:40:01,47.7899,100,
09:40:01,47.79,300,
09:40:03,47.8111,208,
09:40:06,47.80,600,
09:40:06,47.8001,200,
09:40:06,47.78,300,
09:40:06,47.78,100,
09:40:06,47.7801,100,
09:40:06,47.7801,300,
09:40:06,47.78,2600,
09:40:08,47.7999,300,
09:40:08,47.78,114,
09:40:08,47.78,100,
09:40:08,47.78,100,
09:40:08,47.79,300,
09:40:12,47.75,100,
09:40:12,47.72,100,
09:40:12,47.71,200,
09:40:12,47.75,200,
09:40:13,47.73,100,
09:40:14,47.70,100,
09:40:14,47.711,200,
09:40:17,47.7399,100,
09:40:21,47.719,100,
09:40:21,47.72,200,
09:40:21,47.73,124,
09:40:22,47.72,300,
09:40:22,47.76,200,
09:40:22,47.77,400,
09:40:23,47.72,100,
09:40:26,47.76,100,
09:40:26,47.756,850,
09:40:28,47.754,1800,
09:40:29,47.7401,400,
09:40:31,47.7477,570,
09:40:32,47.7473,1000,
09:40:33,47.74,100,
09:40:35,47.73,500,
09:40:38,47.711,200,
09:40:40,47.7201,1150,
09:40:44,47.7348,100,
09:40:44,47.74,100,
09:40:45,47.7201,300,
09:40:46,47.7297,1000,
09:40:47,47.725,300,
09:40:51,47.7292,200,
09:40:51,47.73,400,
09:40:51,47.74,134,
09:40:56,47.76,100,
09:40:56,47.76,100,
09:40:56,47.76,100,
09:40:56,47.76,100,
09:40:56,47.78,200,
09:40:56,47.78,300,
09:40:56,47.78,237,
09:40:56,47.76,200,
09:41:01,47.77,300,
09:41:01,47.77,100,
09:41:04,47.775,200,
09:41:05,47.789,200,
09:41:06,47.7799,100,
09:41:06,47.7799,100,
09:41:08,47.77,100,
09:41:09,47.8099,150,
09:41:09,47.8099,300,
09:41:10,47.7899,100,
09:41:11,47.7899,100,
09:41:13,47.80,300,
09:41:16,47.81,300,
09:41:18,47.8099,100,
09:41:19,47.81,100,
09:41:19,47.81,300,
09:41:19,47.81,200,
09:41:19,47.83,100,
09:41:19,47.83,200,
09:41:20,47.848,500,
09:41:22,47.859,600,
09:41:24,47.8699,500,
09:41:24,47.87,100,
09:41:24,47.87,300,
09:41:24,47.87,300,
09:41:24,47.87,200,
09:41:24,47.87,200,
09:41:24,47.87,300,
09:41:24,47.87,100,
09:41:24,47.87,200,
09:41:24,47.87,200,
09:41:24,47.87,3900,
09:41:25,47.88,100,
09:41:25,47.879,100,
09:41:26,47.879,100,
09:41:29,47.89,100,
09:41:29,47.888,1000,
09:41:31,47.8875,3000,
09:41:32,47.9068,100,
09:41:32,47.9068,100,
09:41:32,47.91,100,
09:41:32,47.91,200,
09:41:33,47.8908,100,
09:41:33,47.8873,1557,
09:41:36,47.83,100,
09:41:37,47.84,100,
09:41:37,47.84,300,
09:41:44,47.887,1000,
09:41:45,47.879,3100,
09:41:45,47.879,3100,
09:41:53,47.904,850,
09:41:56,47.8814,200,
09:41:59,47.9091,170,
09:42:02,47.88,200,
09:42:03,47.9099,1000,
09:42:07,47.88,1050,
09:42:08,47.94,100,
09:42:10,47.96,100,
09:42:10,47.959,200,
09:42:11,47.9599,100,
09:42:11,47.9599,200,
09:42:11,47.955,1200,
09:42:12,47.959,400,
09:42:20,47.936,1000,
09:42:23,47.921,100,
09:42:29,47.9114,400,
09:42:30,47.9399,100,
09:42:33,47.937,500,
09:42:37,47.95,400,
09:42:38,47.95,100,
09:42:44,47.9301,1700,
09:42:46,47.9301,175,
09:42:48,47.9899,100,
09:42:48,48,200,
09:42:48,47.9901,200,
09:42:51,48.0099,300,
09:42:51,48.01,100,
09:42:54,48.0091,150,
09:42:56,48.0091,600,
09:42:59,47.979,200,
09:42:59,47.979,205,
09:43:03,47.9894,500,
09:43:03,48.02,300,
09:43:08,48.0199,300,
09:43:10,48.02,100,
09:43:10,48.02,700,
09:43:10,48.0168,400,
09:43:11,48.02,300,
09:43:11,48.0199,700,
09:43:12,47.9999,500,
09:43:16,47.9999,100,
09:43:16,48.0199,200,
09:43:17,48.02,400,
09:43:21,48.06,175,
09:43:21,48.06,300,
09:43:21,48.019,200,
09:43:23,48.0168,180,
09:43:23,48.0001,100,
09:43:23,48.018,500,
09:43:24,48.034,500,
09:43:25,48.0128,300,
09:43:25,48.019,100,
09:43:26,48.017,200,
09:43:29,48.0123,300,
09:43:29,48.019,400,
09:43:30,47.99,200,
09:43:33,47.9952,100,
09:43:35,47.9999,200,
09:43:36,48,400,
09:43:37,48,100,
09:43:42,48.002,100,
09:43:43,47.9901,200,
09:43:44,47.993,200,
09:43:47,47.97,100,
09:43:47,47.96,208,
09:43:47,47.99,100,
09:43:48,47.96,100,
09:43:51,47.95,1700,
09:43:55,47.9494,1000,
09:43:56,47.91,100,
09:44:00,47.908,100,
09:44:03,47.91,300,
09:44:03,47.91,300,
09:44:10,47.91,300,
09:44:10,47.92,100,
09:44:10,47.92,300,
09:44:10,47.92,200,
09:44:10,47.93,300,
09:44:10,47.9258,300,
09:44:10,47.93,1100,
09:44:10,47.93,400,
09:44:10,47.93,100,
09:44:10,47.93,100,
09:44:10,47.93,100,
09:44:11,47.9216,300,
09:44:14,47.9201,500,
09:44:16,47.98,500,
09:44:17,48,100,
09:44:17,48,100,
09:44:17,48.0352,200,
09:44:17,48.01,200,
09:44:20,47.96,300,
09:44:20,47.98,300,
09:44:20,47.98,300,
09:44:20,47.98,300,
09:44:24,47.982,400,
09:44:24,48.02,100,
09:44:24,48.02,100,
09:44:26,48.059,100,
09:44:28,48.10,300,
09:44:28,48.10,300,
09:44:29,48.0901,500,
09:44:29,48.10,100,
09:44:30,48.09,400,
09:44:31,48.0901,500,
09:44:32,48.1083,100,
09:44:32,48.13,1000,
09:44:32,48.12,700,
09:44:32,48.12,700,
09:44:33,48.15,500,
09:44:34,48.1698,100,
09:44:35,48.169,100,
09:44:36,48.14,100,
09:44:36,48.14,100,
09:44:38,48.1399,2000,
09:44:41,48.1425,2800,
09:44:41,48.15,100,
09:44:41,48.1487,100,
09:44:41,48.1487,100,
09:44:46,48.1693,700,
09:44:46,48.15,100,
09:44:47,48.185,100,
09:44:48,48.24,300,
09:44:48,48.24,300,
09:44:48,48.24,300,
09:44:48,48.24,200,
09:44:49,48.22,1600,
09:44:50,48.25,300,
09:44:52,48.21,100,
09:44:53,48.225,200,
09:44:53,48.21,200,
09:44:54,48.224,1000,
09:44:58,48.21,300,
09:44:58,48.20,200,
09:44:59,48.2095,300,
09:44:59,48.21,100,
09:44:59,48.21,225,
09:44:59,48.21,300,
09:44:59,48.21,100,
09:44:59,48.21,100,
09:44:59,48.21,100,
09:44:59,48.21,200,
09:44:59,48.21,300,
09:44:59,48.21,300,
09:45:00,48.247,800,
09:45:02,48.1914,1000,
09:45:03,48.1942,100,
09:45:04,48.23,100,
09:45:05,48.20,100,
09:45:09,48.24,300,
09:45:09,48.2331,100,
09:45:09,48.2341,300,
09:45:10,48.2201,300,
09:45:11,48.2492,100,
09:45:11,48.2201,100,
09:45:11,48.22,100,
09:45:11,48.25,1000,
09:45:12,48.24,100,
09:45:13,48.23,479,
09:45:13,48.2101,2000,
09:45:13,48.2199,350,
09:45:14,48.21,330,
09:45:14,48.21,100,
09:45:14,48.21,1200,
09:45:15,48.24,100,
09:45:16,48.2141,250,
09:45:18,48.208,518,
09:45:21,48.18,100,
09:45:22,48.1899,100,
09:45:23,48.1601,3300,
09:45:23,48.1601,3300,
09:45:24,48.16,3300,
09:45:24,48.16,3300,
09:45:24,48.18,100,
09:45:24,48.18,200,
09:45:25,48.18,100,
09:45:25,48.18,100,
09:45:25,48.18,100,
09:45:27,48.1801,200,
09:45:27,48.18,162,
09:45:28,48.19,100,
09:45:29,48.2199,100,
09:45:29,48.2199,250,
09:45:29,48.22,8110,
09:45:32,48.23,100,
09:45:33,48.24,181,
09:45:33,48.25,300,
09:45:33,48.24,400,
09:45:33,48.24,100,
09:45:33,48.25,200,
09:45:33,48.2401,200,
09:45:33,48.24,400,
09:45:35,48.2445,1000,
09:45:37,48.24,300,
09:45:39,48.2301,100,
09:45:40,48.23,100,
09:45:40,48.21,200,
09:45:42,48.20,100,
09:45:42,48.20,200,
09:45:42,48.20,200,
09:45:44,48.1701,3000,
09:45:47,48.17,100,
09:45:47,48.17,300,
09:45:47,48.17,200,
09:45:47,48.18,100,
09:45:50,48.1773,500,
09:45:52,48.1451,300,
09:45:53,48.17,100,
09:45:53,48.17,100,
09:45:55,48.1799,300,
09:45:56,48.1503,700,
09:45:56,48.1501,200,
09:45:59,48.16,100,
09:46:00,48.15,100,
09:46:00,48.16,100,
09:46:00,48.16,100,
09:46:02,48.18,100,
09:46:02,48.18,200,
09:46:02,48.1601,1000,
09:46:03,48.19,100,
09:46:03,48.16,500,
09:46:03,48.1808,400,
09:46:05,48.19,300,
09:46:05,48.19,300,
09:46:10,48.189,100,
09:46:12,48.18,150,
09:46:12,48.17,100,
09:46:12,48.17,100,
09:46:12,48.18,123,
09:46:12,48.18,100,
09:46:15,48.1786,1000,
09:46:21,48.15,300,
09:46:21,48.168,1000,
09:46:21,48.14,100,
09:46:21,48.1401,100,
09:46:21,48.1401,100,
09:46:21,48.1401,150,
09:46:21,48.1401,100,
09:46:21,48.14,100,
09:46:23,48.159,100,
09:46:23,48.16,200,
09:46:24,48.16,500,
09:46:25,48.17,300,
09:46:25,48.17,200,
09:46:25,48.1806,700,
09:46:31,48.1898,200,
09:46:31,48.20,100,
09:46:32,48.21,400,
09:46:32,48.21,300,
09:46:32,48.21,250,
09:46:32,48.21,100,
09:46:32,48.22,300,
09:46:33,48.2399,400,
09:46:33,48.24,100,
09:46:33,48.23,300,
09:46:33,48.23,300,
09:46:34,48.2541,300,
09:46:34,48.259,600,
09:46:34,48.2558,1044,
09:46:35,48.24,100,
09:46:36,48.257,900,
09:46:38,48.259,100,
09:46:39,48.26,200,
09:46:39,48.26,300,
09:46:39,48.26,300,
09:46:39,48.27,200,
09:46:40,48.2632,450,
09:46:40,48.279,300,
09:46:40,48.26,100,
09:46:42,48.26,100,
09:46:42,48.26,100,
09:46:42,48.26,100,
09:46:44,48.24,100,
09:46:45,48.2286,100,
09:46:47,48.2298,700,
09:46:48,48.23,100,
09:46:48,48.23,100,
09:46:49,48.23,100,
09:46:49,48.23,300,
09:46:49,48.23,100,
09:46:50,48.2287,158,
09:46:50,48.2287,605,
09:46:52,48.22,300,
09:46:52,48.22,300,
09:46:55,48.2199,300,
09:46:55,48.2199,300,
09:46:55,48.22,300,
09:46:55,48.22,100,
09:46:56,48.21,350,
09:46:56,48.21,270,
09:46:57,48.21,225,
09:46:58,48.19,100,
09:46:59,48.2092,105,
09:47:00,48.18,500,
09:47:04,48.1791,100,
09:47:08,48.15,100,
09:47:10,48.15,300,
09:47:10,48.15,130,
09:47:10,48.15,300,
09:47:11,48.17,300,
09:47:14,48.17,300,
09:47:14,48.17,1500,
09:47:15,48.16,1450,
09:47:15,48.16,750,
09:47:16,48.14,200,
09:47:16,48.15,600,
09:47:16,48.15,1300,
09:47:17,48.16,100,
09:47:17,48.17,300,
09:47:17,48.17,300,
09:47:17,48.1745,800,
09:47:17,48.1745,100,
09:47:24,48.1684,170,
09:47:31,48.17,300,
09:47:34,48.1573,500,
09:47:36,48.12,100,
09:47:36,48.12,100,
09:47:36,48.12,100,
09:47:36,48.1213,100,
09:47:36,48.12,100,
09:47:36,48.1213,100,
09:47:36,48.12,100,
09:47:36,48.1213,100,
09:47:36,48.12,100,
09:47:40,48.09,200,
09:47:41,48.07,300,
09:47:41,48.07,300,
09:47:41,48.07,300,
09:47:41,48.0759,300,
09:47:41,48.079,200,
09:47:41,48.06,500,
09:47:41,48.072,1150,
09:47:42,48.0759,200,
09:47:42,48.069,300,
09:47:42,48.069,200,
09:47:42,48.069,100,
09:47:42,48.069,100,
09:47:42,48.069,100,
09:47:42,48.06,100,
09:47:42,48.06,400,
09:47:42,48.06,100,
09:47:42,48.06,200,
09:47:43,48.089,300,
09:47:44,48.0607,1000,
09:47:48,48.05,100,
09:47:49,48.06,100,
09:47:49,48.06,100,
09:47:50,48.07,107,
09:47:50,48.07,300,
09:47:50,48.0611,100,
09:47:51,48.05,300,
09:47:52,48.04,100,
09:47:52,48.04,100,
09:47:58,48.0101,1000,
09:48:00,48.04,100,
09:48:00,48.04,200,
09:48:00,48.05,230,
09:48:00,48.0401,600,
09:48:00,48.04,600,
09:48:00,48.04,800,
09:48:01,48.04,500,
09:48:03,48.04,200,
09:48:03,48.04,300,
09:48:05,48.0671,400,
09:48:06,48.05,400,
09:48:07,48.07,130,
09:48:11,48.11,100,
09:48:11,48.12,400,
09:48:13,48.13,1200,
09:48:14,48.13,100,
09:48:14,48.1289,200,
09:48:18,48.1245,500,
09:48:19,48.11,200,
09:48:19,48.1001,1400,
09:48:21,48.089,100,
09:48:21,48.09,100,
09:48:22,48.1099,100,
09:48:22,48.08,4410,
09:48:22,48.08,990,
09:48:23,48.08,200,
09:48:24,48.089,100,
09:48:26,48.09,300,
09:48:29,48.10,100,
09:48:29,48.10,100,
09:48:30,48.12,200,
09:48:30,48.119,200,
09:48:30,48.0801,2800,
09:48:33,48.0847,100,
09:48:38,48.1099,730,
09:48:40,48.13,400,
09:48:40,48.129,400,
09:48:41,48.15,170,
09:48:41,48.15,100,
09:48:41,48.15,300,
09:48:41,48.1485,100,
09:48:43,48.1399,1000,
09:48:45,48.12,300,
09:48:48,48.13,100,
09:48:48,48.1299,1000,
09:48:49,48.10,100,
09:48:58,48.13,100,
09:48:58,48.14,100,
09:48:58,48.1386,100,
09:48:58,48.13,300,
09:48:58,48.13,100,
09:49:01,48.17,100,
09:49:01,48.17,300,
09:49:01,48.17,100,
09:49:01,48.17,200,
09:49:01,48.17,100,
09:49:01,48.1699,300,
09:49:01,48.17,100,
09:49:01,48.17,300,
09:49:04,48.11,400,
09:49:05,48.11,100,
09:49:05,48.12,300,
09:49:10,48.1201,200,
09:49:11,48.15,100,
09:49:12,48.17,300,
09:49:12,48.15,500,
09:49:13,48.15,400,
09:49:18,48.1401,1600,
09:49:21,48.12,170,
09:49:21,48.12,100,
09:49:22,48.11,170,
09:49:22,48.11,200,
09:49:22,48.11,100,
09:49:24,48.12,420,
09:49:24,48.11,100,
09:49:24,48.12,200,
09:49:24,48.12,300,
09:49:30,48.10,100,
09:49:34,48.11,300,
09:49:36,48.109,100,
09:49:41,48.13,500,
09:49:41,48.13,200,
09:49:41,48.13,100,
09:49:45,48.16,100,
09:49:45,48.16,300,
09:49:46,48.16,100,
09:49:54,48.12,300,
09:49:54,48.12,300,
09:49:54,48.11,300,
09:49:54,48.11,300,
09:49:56,48.1199,500,
09:50:01,48.1191,100,
09:50:05,48.12,400,
09:50:14,48.10,100,
09:50:19,48.1199,350,
09:50:20,48.13,100,
09:50:20,48.13,600,
09:50:20,48.15,130,
09:50:24,48.17,300,
09:50:24,48.19,200,
09:50:24,48.19,215,
09:50:24,48.19,300,
09:50:24,48.21,200,
09:50:24,48.23,100,
09:50:24,48.23,100,
09:50:30,48.25,500,
09:50:30,48.28,100,
09:50:31,48.30,100,
09:50:31,48.32,100,
09:50:32,48.31,200,
09:50:33,48.35,900,
09:50:33,48.35,100,
09:50:34,48.38,100,
09:50:35,48.36,200,
09:50:35,48.37,1400,
09:50:35,48.3599,5900,
09:50:36,48.35,100,
09:50:37,48.38,400,
09:50:38,48.40,429,
09:50:40,48.38,200,
09:50:41,48.39,200,
09:50:41,48.38,200,
09:50:41,48.38,100,
09:50:41,48.389,100,
09:50:42,48.3655,500,
09:50:43,48.38,100,
09:50:43,48.38,100,
09:50:43,48.38,100,
09:50:43,48.3941,100,
09:50:44,48.40,200,
09:50:44,48.41,200,
09:50:44,48.3803,100,
09:50:45,48.41,100,
09:50:45,48.3974,157,
09:50:45,48.41,100,
09:50:46,48.40,200,
09:50:46,48.40,200,
09:50:46,48.3999,200,
09:50:46,48.40,300,
09:50:46,48.3999,300,
09:50:46,48.3999,900,
09:50:46,48.3999,400,
09:50:46,48.40,400,
09:50:46,48.40,800,
09:50:46,48.3999,500,
09:50:46,48.40,300,
09:50:46,48.40,500,
09:50:46,48.3999,100,
09:50:46,48.40,200,
09:50:47,48.398,100,
09:50:47,48.38,700,
09:50:48,48.40,100,
09:50:50,48.3999,700,
09:50:51,48.42,250,
09:50:52,48.39,200,
09:50:54,48.418,450,
09:50:54,48.4288,300,
09:50:54,48.39,100,
09:50:58,48.42,300,
09:50:59,48.4355,1200,
09:51:00,48.4199,1000,
09:51:00,48.4393,700,
09:51:01,48.44,300,
09:51:01,48.44,300,
09:51:01,48.45,219,
09:51:01,48.45,400,
09:51:01,48.45,200,
09:51:01,48.45,300,
09:51:01,48.45,300,
09:51:02,48.452,300,
09:51:02,48.45,700,
09:51:02,48.45,300,
09:51:03,48.45,100,
09:51:03,48.4549,100,
09:51:03,48.46,110,
09:51:03,48.46,200,
09:51:04,48.45,500,
09:51:04,48.45,1400,
09:51:05,48.43,100,
09:51:06,48.4198,100,
09:51:09,48.4249,500,
09:51:09,48.43,300,
09:51:09,48.43,700,
09:51:10,48.4252,150,
09:51:11,48.43,100,
09:51:11,48.438,100,
09:51:11,48.45,100,
09:51:11,48.438,100,
09:51:14,48.42,300,
09:51:14,48.42,300,
09:51:14,48.42,100,
09:51:14,48.42,100,
09:51:14,48.42,100,
09:51:14,48.41,100,
09:51:14,48.42,100,
09:51:14,48.42,300,
09:51:14,48.42,300,
09:51:15,48.40,200,
09:51:15,48.402,230,
09:51:15,48.428,200,
09:51:18,48.41,100,
09:51:18,48.4016,100,
09:51:21,48.43,300,
09:51:25,48.41,200,
09:51:25,48.40,100,
09:51:26,48.4273,500,
09:51:29,48.40,300,
09:51:29,48.40,500,
09:51:30,48.38,100,
09:51:30,48.409,500,
09:51:33,48.37,100,
09:51:33,48.37,400,
09:51:33,48.39,200,
09:51:33,48.39,300,
09:51:33,48.39,400,
09:51:33,48.3901,600,
09:51:35,48.392,1000,
09:51:36,48.40,100,
09:51:36,48.39,100,
09:51:36,48.40,200,
09:51:42,48.3902,600,
09:51:44,48.3998,300,
09:51:45,48.41,900,
09:51:46,48.39,100,
09:51:46,48.39,200,
09:51:51,48.409,300,
09:51:51,48.409,300,
09:51:51,48.40,200,
09:51:55,48.39,300,
09:51:58,48.41,200,
09:51:58,48.408,100,
09:51:58,48.43,400,
09:51:58,48.41,250,
09:51:59,48.47,300,
09:51:59,48.48,900,
09:52:03,48.50,100,
09:52:03,48.50,180,
09:52:03,48.50,100,
09:52:03,48.50,351,
09:52:03,48.52,100,
09:52:03,48.55,178,
09:52:03,48.54,278,
09:52:03,48.54,300,
09:52:03,48.55,100,
09:52:03,48.55,100,
09:52:04,48.5501,100,
09:52:04,48.54,1900,
09:52:05,48.57,300,
09:52:05,48.5662,100,
09:52:05,48.57,400,
09:52:05,48.569,200,
09:52:05,48.58,100,
09:52:05,48.5791,2800,
09:52:06,48.5513,500,
09:52:06,48.55,230,
09:52:06,48.55,400,
09:52:07,48.578,500,
09:52:08,48.5792,200,
09:52:15,48.54,400,
09:52:15,48.5594,1500,
09:52:17,48.55,200,
09:52:19,48.55,500,
09:52:19,48.539,1500,
09:52:19,48.539,1500,
09:52:20,48.5301,5000,
09:52:22,48.54,500,
09:52:23,48.5314,100,
09:52:23,48.5358,250,
09:52:23,48.54,230,
09:52:25,48.55,500,
09:52:26,48.5717,1200,
09:52:27,48.569,100,
09:52:29,48.57,100,
09:52:29,48.5699,100,
09:52:29,48.58,3570,
09:52:31,48.5599,500,
09:52:35,48.5645,600,
09:52:36,48.5501,100,
09:52:37,48.58,400,
09:52:37,48.58,100,
09:52:37,48.60,200,
09:52:39,48.5548,250,
09:52:39,48.5756,200,
09:52:39,48.579,100,
09:52:40,48.571,900,
09:52:40,48.571,500,
09:52:42,48.573,5800,
09:52:43,48.60,350,
09:52:45,48.5708,400,
09:52:46,48.57,300,
09:52:46,48.55,100,
09:52:46,48.5499,200,
09:52:46,48.55,100,
09:52:46,48.5573,200,
09:52:46,48.56,100,
09:52:46,48.5573,100,
09:52:46,48.56,100,
09:52:49,48.5599,1000,
09:52:54,48.53,200,
09:52:54,48.53,500,
09:52:54,48.53,200,
09:52:54,48.53,200,
09:52:54,48.559,200,
09:52:55,48.5301,4000,
09:52:57,48.53,200,
09:52:58,48.5308,400,
09:53:03,48.543,570,
09:53:07,48.564,1000,
09:53:07,48.59,100,
09:53:10,48.5799,100,
09:53:11,48.584,1500,
09:53:17,48.57,350,
09:53:17,48.5701,200,
09:53:21,48.55,400,
09:53:21,48.55,150,
09:53:21,48.55,230,
09:53:21,48.55,100,
09:53:21,48.55,100,
09:53:23,48.58,300,
09:53:24,48.5801,200,
09:53:24,48.58,300,
09:53:24,48.58,100,
09:53:24,48.54,2000,
09:53:26,48.58,100,
09:53:26,48.58,100,
09:53:26,48.58,100,
09:53:26,48.56,6517,
09:53:27,48.5999,100,
09:53:28,48.60,100,
09:53:28,48.62,300,
09:53:31,48.62,300,
09:53:31,48.624,200,
09:53:31,48.63,300,
09:53:31,48.62,200,
09:53:34,48.6199,500,
09:53:35,48.60,200,
09:53:35,48.60,100,
09:53:35,48.60,100,
09:53:35,48.60,200,
09:53:36,48.591,100,
09:53:36,48.59,900,
09:53:37,48.6032,200,
09:53:38,48.60,100,
09:53:38,48.60,100,
09:53:38,48.60,100,
09:53:38,48.62,100,
09:53:38,48.60,100,
09:53:38,48.63,100,
09:53:39,48.65,400,
09:53:39,48.6201,100,
09:53:40,48.65,100,
09:53:40,48.6468,100,
09:53:40,48.65,100,
09:53:42,48.641,100,
09:53:45,48.64,100,
09:53:45,48.64,230,
09:53:45,48.64,100,
09:53:46,48.639,100,
09:53:46,48.6404,388,
09:53:46,48.64,400,
09:53:47,48.65,230,
09:53:47,48.65,400,
09:53:47,48.65,260,
09:53:47,48.65,300,
09:53:48,48.68,100,
09:53:48,48.6501,300,
09:53:48,48.64,1000,
09:53:51,48.65,200,
09:53:51,48.65,300,
09:53:52,48.648,100,
09:53:52,48.648,100,
09:53:52,48.65,100,
09:53:52,48.6617,400,
09:53:54,48.67,300,
09:53:54,48.67,200,
09:53:54,48.6699,300,
09:53:54,48.67,400,
09:53:54,48.67,600,
09:53:54,48.6699,400,
09:53:54,48.6699,600,
09:53:54,48.67,100,
09:53:54,48.6699,300,
09:53:54,48.6699,100,
09:53:54,48.6699,200,
09:53:55,48.65,100,
09:53:55,48.65,300,
09:53:55,48.65,170,
09:53:55,48.65,130,
09:53:55,48.64,200,
09:53:59,48.6506,500,
09:54:01,48.66,230,
09:54:02,48.6699,500,
09:54:03,48.65,100,
09:54:04,48.6699,100,
09:54:04,48.662,1000,
09:54:04,48.6608,400,
09:54:07,48.67,100,
09:54:08,48.6641,300,
09:54:10,48.668,300,
09:54:12,48.671,100,
09:54:16,48.65,100,
09:54:17,48.6399,150,
09:54:17,48.65,100,
09:54:19,48.632,460,
09:54:19,48.65,300,
09:54:19,48.62,100,
09:54:19,48.60,230,
09:54:19,48.60,400,
09:54:21,48.60,150,
09:54:21,48.59,500,
09:54:22,48.58,300,
09:54:22,48.58,1000,
09:54:23,48.602,1050,
09:54:31,48.602,200,
09:54:33,48.6405,1620,
09:54:36,48.62,100,
09:54:37,48.6417,700,
09:54:39,48.6499,1200,
09:54:40,48.632,900,
09:54:41,48.64,100,
09:54:41,48.65,100,
09:54:41,48.6473,200,
09:54:42,48.6327,600,
09:54:42,48.65,100,
09:54:42,48.66,100,
09:54:42,48.66,100,
09:54:42,48.66,100,
09:54:43,48.65,100,
09:54:43,48.66,100,
09:54:43,48.66,162,
09:54:43,48.632,200,
09:54:43,48.66,400,
09:54:44,48.6389,100,
09:54:45,48.66,100,
09:54:45,48.66,100,
09:54:54,48.64,300,
09:54:55,48.612,600,
09:54:57,48.6101,300,
09:54:59,48.63,400,
09:55:04,48.65,100,
09:55:05,48.64,100,
09:55:05,48.64,100,
09:55:05,48.62,200,
09:55:08,48.58,100,
09:55:09,48.57,300,
09:55:09,48.56,100,
09:55:10,48.561,1000,
09:55:10,48.561,400,
09:55:10,48.55,200,
09:55:10,48.56,1100,
09:55:10,48.5784,100,
09:55:11,48.5627,1000,
09:55:12,48.57,100,
09:55:12,48.57,200,
09:55:13,48.5614,500,
09:55:13,48.56,100,
09:55:13,48.572,100,
09:55:14,48.56,300,
09:55:14,48.54,300,
09:55:16,48.52,300,
09:55:16,48.541,300,
09:55:16,48.5301,200,
09:55:16,48.53,2850,
09:55:16,48.53,200,
09:55:16,48.52,670,
09:55:16,48.5001,100,
09:55:16,48.51,200,
09:55:17,48.50,465,
09:55:17,48.49,100,
09:55:19,48.49,700,
09:55:23,48.49,100,
09:55:23,48.4928,100,
09:55:23,48.49,130,
09:55:23,48.49,100,
09:55:23,48.49,100,
09:55:23,48.49,100,
09:55:23,48.49,200,
09:55:24,48.481,200,
09:55:25,48.493,200,
09:55:25,48.48,100,
09:55:30,48.45,200,
09:55:30,48.45,400,
09:55:30,48.441,1100,
09:55:30,48.451,1100,
09:55:32,48.46,370,
09:55:32,48.46,400,
09:55:34,48.4432,200,
09:55:36,48.43,100,
09:55:36,48.421,100,
09:55:37,48.44,100,
09:55:39,48.42,100,
09:55:41,48.40,248,
09:55:42,48.39,300,
09:55:43,48.40,100,
09:55:43,48.40,100,
09:55:45,48.3856,200,
09:55:45,48.381,250,
09:55:46,48.398,1000,
09:55:46,48.381,900,
09:55:47,48.381,100,
09:55:47,48.381,200,
09:55:48,48.382,1800,
09:55:48,48.3802,100,
09:55:48,48.38,100,
09:55:51,48.39,400,
09:55:51,48.381,200,
09:55:51,48.381,200,
09:55:55,48.40,100,
09:55:55,48.40,100,
09:55:55,48.40,100,
09:55:58,48.38,300,
09:55:58,48.38,100,
09:55:58,48.43,100,
09:55:59,48.39,400,
09:56:02,48.3906,1180,
09:56:06,48.42,100,
09:56:08,48.4345,1200,
09:56:10,48.45,212,
09:56:10,48.45,270,
09:56:11,48.47,300,
09:56:11,48.468,850,
09:56:12,48.49,100,
09:56:12,48.49,300,
09:56:12,48.4792,235,
09:56:12,48.48,100,
09:56:12,48.48,200,
09:56:13,48.46,200,
09:56:15,48.4581,100,
09:56:19,48.4599,500,
09:56:21,48.44,300,
09:56:23,48.45,100,
09:56:25,48.432,100,
09:56:27,48.4301,650,
09:56:32,48.40,250,
09:56:33,48.39,100,
09:56:33,48.38,300,
09:56:33,48.38,100,
09:56:33,48.38,300,
09:56:33,48.38,495,
09:56:33,48.34,300,
09:56:35,48.332,100,
09:56:35,48.331,200,
09:56:35,48.321,500,
09:56:36,48.30,500,
09:56:36,48.304,850,
09:56:37,48.30,300,
09:56:37,48.332,400,
09:56:37,48.332,100,
09:56:37,48.302,1150,
09:56:38,48.27,415,
09:56:40,48.273,1000,
09:56:41,48.271,300,
09:56:41,48.2701,250,
09:56:42,48.31,200,
09:56:42,48.32,100,
09:56:42,48.32,230,
09:56:42,48.35,200,
09:56:42,48.35,200,
09:56:43,48.40,300,
09:56:43,48.41,200,
09:56:44,48.40,200,
09:56:47,48.38,400,
09:56:47,48.38,100,
09:56:48,48.36,100,
09:56:48,48.3609,3900,
09:56:58,48.381,200,
09:56:58,48.381,200,
09:57:00,48.38,400,
09:57:01,48.382,500,
09:57:04,48.381,200,
09:57:06,48.3767,300,
09:57:07,48.3741,150,
09:57:10,48.3408,100,
09:57:11,48.34,400,
09:57:13,48.33,300,
09:57:13,48.34,100,
09:57:13,48.32,100,
09:57:16,48.329,100,
09:57:17,48.3393,750,
09:57:20,48.33,200,
09:57:21,48.33,100,
09:57:23,48.3301,200,
09:57:33,48.3393,500,
09:57:35,48.3499,500,
09:57:35,48.35,100,
09:57:35,48.34,400,
09:57:35,48.35,500,
09:57:47,48.43,100,
09:57:48,48.40,300,
09:57:48,48.42,100,
09:57:49,48.428,1150,
09:57:52,48.4086,500,
09:57:56,48.3541,300,
09:57:57,48.33,150,
09:57:58,48.34,300,
09:57:58,48.34,100,
09:58:07,48.348,400,
09:58:10,48.3499,100,
09:58:10,48.34,200,
09:58:12,48.3445,1000,
09:58:14,48.3785,200,
09:58:17,48.36,100,
09:58:17,48.36,210,
09:58:19,48.3791,1100,
09:58:28,48.34,700,
09:58:30,48.34,1300,
09:58:33,48.35,100,
09:58:35,48.34,500,
09:58:35,48.33,100,
09:58:35,48.3299,300,
09:58:37,48.34,100,
09:58:45,48.3314,500,
09:58:47,48.35,100,
09:58:52,48.3599,100,
09:58:53,48.3552,100,
09:58:53,48.36,100,
09:58:55,48.37,1400,
09:58:59,48.338,100,
09:58:59,48.32,100,
09:59:02,48.32,300,
09:59:04,48.32,100,
09:59:13,48.32,200,
09:59:17,48.30,300,
09:59:17,48.29,100,
09:59:17,48.26,100,
09:59:17,48.26,100,
09:59:17,48.251,400,
09:59:17,48.251,300,
09:59:19,48.25,900,
09:59:20,48.21,100,
09:59:20,48.21,100,
09:59:20,48.20,100,
09:59:20,48.20,100,
09:59:20,48.19,600,
09:59:20,48.19,850,
09:59:20,48.22,300,
09:59:20,48.201,1200,
09:59:20,48.23,200,
09:59:20,48.23,100,
09:59:20,48.23,300,
09:59:20,48.22,100,
09:59:20,48.22,100,
09:59:20,48.24,300,
09:59:20,48.24,200,
09:59:21,48.218,450,
09:59:21,48.202,100,
09:59:22,48.2049,100,
09:59:22,48.18,450,
09:59:23,48.20,100,
09:59:24,48.17,100,
09:59:24,48.17,100,
09:59:25,48.151,100,
09:59:25,48.1886,500,
09:59:25,48.15,300,
09:59:25,48.15,300,
09:59:26,48.17,100,
09:59:28,48.083,2000,
09:59:29,48.09,200,
09:59:29,48.09,100,
09:59:29,48.11,600,
09:59:29,48.11,100,
09:59:29,48.11,100,
09:59:30,48.092,800,
09:59:32,48.09,2500,
09:59:32,48.15,100,
09:59:33,48.14,100,
09:59:33,48.12,200,
09:59:33,48.1001,600,
09:59:37,48.18,825,
09:59:38,48.17,100,
09:59:39,48.19,100,
09:59:42,48.23,200,
09:59:52,48.17,500,
09:59:57,48.18,100,
10:00:05,48.25,100,
10:00:05,48.24,100,
10:00:05,48.121,1000,
10:00:05,48.23,400,
10:00:06,48.24,300,
10:00:06,48.24,300,
10:00:09,48.2903,1000,
10:00:10,48.23,100,
10:00:11,48.2293,600,
10:00:16,48.27,100,
10:00:16,48.26,4700,
10:00:19,48.28,300,
10:00:22,48.2791,125,
10:00:23,48.26,300,
10:00:25,48.25,100,
10:00:25,48.24,100,
10:00:25,48.24,300,
10:00:26,48.2001,5500,
10:00:28,48.22,100,
10:00:28,48.218,200,
10:00:28,48.218,200,
10:00:28,48.22,200,
10:00:28,48.218,200,
10:00:28,48.22,200,
10:00:28,48.2097,200,
10:00:29,48.228,800,
10:00:30,48.21,200,
10:00:31,48.17,200,
10:00:31,48.17,300,
10:00:35,48.186,500,
10:00:41,48.09,100,
10:00:41,48.10,300,
10:00:41,48.10,300,
10:00:43,48.11,200,
10:00:44,48.05,100,
10:00:44,48.06,100,
10:00:44,48.05,100,
10:00:44,48.06,300,
10:00:46,48.118,250,
10:00:47,48.05,100,
10:00:48,48.08,300,
10:00:48,48.08,300,
10:00:48,48.08,200,
10:00:48,48.0799,100,
10:00:48,48.0799,300,
10:00:48,48.0799,700,
10:00:50,48.05,100,
10:00:51,48.061,800,
10:00:51,48.061,900,
10:00:53,48.08,100,
10:00:54,48.06,100,
10:00:55,48.078,100,
10:00:56,48.05,300,
10:00:56,48.06,300,
10:00:58,48.041,100,
10:00:58,48.0599,3624,
10:01:00,48.04,200,
10:01:00,48.041,600,
10:01:01,48.06,300,
10:01:01,48.043,200,
10:01:02,48.043,500,
10:01:04,48.04,100,
10:01:04,48.04,100,
10:01:04,48.0399,400,
10:01:04,48.04,100,
10:01:04,48.04,200,
10:01:04,48,100,
10:01:04,48,2000,
10:01:05,48.04,500,
10:01:06,48.0399,500,
10:01:07,48.011,100,
10:01:12,48.0393,500,
10:01:16,48.05,100,
10:01:16,48.05,100,
10:01:17,48.011,400,
10:01:18,48.0785,200,
10:01:18,48.08,100,
10:01:19,48.07,300,
10:01:19,48.0699,300,
10:01:19,48.07,300,
10:01:20,48.0507,500,
10:01:22,48.05,100,
10:01:24,48.09,300,
10:01:24,48.10,200,
10:01:24,48.08,100,
10:01:25,48.06,300,
10:01:26,48.07,100,
10:01:26,48.07,100,
10:01:26,48.07,100,
10:01:26,48.09,700,
10:01:27,48.0973,200,
10:01:31,48.088,250,
10:01:43,48.08,100,
10:01:43,48.0799,100,
10:01:45,48.0825,2000,
10:01:48,48.0899,2400,
10:01:48,48.0899,200,
10:01:48,48.0899,300,
10:01:48,48.0899,300,
10:01:48,48.09,300,
10:01:48,48.0899,700,
10:01:48,48.0899,300,
10:01:48,48.11,100,
10:01:49,48.09,120,
10:01:49,48.10,100,
10:01:51,48.09,300,
10:01:52,48.0899,250,
10:01:53,48.09,1000,
10:01:55,48.11,300,
10:01:56,48.11,100,
10:01:56,48.11,300,
10:01:56,48.11,300,
10:01:56,48.11,300,
10:01:56,48.1099,300,
10:01:56,48.1099,100,
10:01:56,48.1099,200,
10:01:56,48.1099,100,
10:01:56,48.1099,300,
10:01:56,48.1099,300,
10:01:56,48.11,300,
10:01:56,48.1099,300,
10:01:56,48.13,2300,
10:01:57,48.13,100,
10:01:58,48.1299,500,
10:01:58,48.1299,600,
10:02:05,48.129,100,
10:02:06,48.1201,1000,
10:02:07,48.10,100,
10:02:08,48.08,100,
10:02:08,48.07,200,
10:02:08,48.07,100,
10:02:08,48.0699,100,
10:02:08,48.0699,300,
10:02:08,48.0699,100,
10:02:08,48.07,300,
10:02:08,48.0699,100,
10:02:08,48.07,300,
10:02:09,48.0699,100,
10:02:09,48.0699,100,
10:02:09,48.07,200,
10:02:12,48.05,100,
10:02:12,48.02,100,
10:02:14,48.05,200,
10:02:14,48.05,200,
10:02:15,48.06,100,
10:02:16,48.09,100,
10:02:17,48.09,100,
10:02:19,48.07,200,
10:02:19,48.07,100,
10:02:19,48.07,100,
10:02:19,48.07,100,
10:02:22,48.09,300,
10:02:22,48.09,100,
10:02:22,48.06,100,
10:02:23,48.07,100,
10:02:25,48.09,200,
10:02:28,48.07,200,
10:02:29,48.089,500,
10:02:31,48.09,100,
10:02:31,48.09,100,
10:02:32,48.11,300,
10:02:32,48.11,100,
10:02:32,48.11,100,
10:02:38,48.05,100,
10:02:38,48.03,440,
10:02:38,48.03,857,
10:02:38,48.03,100,
10:02:40,48.07,300,
10:02:40,48.07,100,
10:02:40,48.07,100,
10:02:41,48.0699,300,
10:02:41,48.0699,100,
10:02:41,48.0699,100,
10:02:41,48.0699,100,
10:02:41,48.0699,230,
10:02:41,48.09,770,
10:02:41,48.05,1000,
10:02:42,48.10,100,
10:02:43,48.11,200,
10:02:43,48.11,200,
10:02:43,48.11,100,
10:02:43,48.12,100,
10:02:43,48.12,300,
10:02:44,48.1241,100,
10:02:44,48.13,100,
10:02:44,48.13,300,
10:02:44,48.13,300,
10:02:46,48.12,100,
10:02:47,48.10,100,
10:02:47,48.09,1200,
10:02:47,48.06,100,
10:02:47,48.06,100,
10:02:47,48.06,100,
10:02:47,48.06,100,
10:02:47,48.06,100,
10:02:47,48.06,100,
10:02:47,48.06,100,
10:02:48,48.06,300,
10:02:48,48.06,300,
10:02:48,48.06,100,
10:02:48,48.06,200,
10:02:48,48.06,100,
10:02:48,48.08,300,
10:02:49,48.07,200,
10:02:49,48.0573,600,
10:02:49,48.06,100,
10:02:49,48.07,200,
10:02:49,48.07,300,
10:02:54,48.0501,111,
10:02:54,48.07,100,
10:02:54,48.0699,200,
10:02:54,48.0699,100,
10:02:54,48.0699,100,
10:02:54,48.07,100,
10:02:59,48.068,200,
10:03:00,48.0884,110,
10:03:05,48.07,400,
10:03:05,48.07,300,
10:03:05,48.09,100,
10:03:06,48.11,300,
10:03:06,48.11,300,
10:03:06,48.11,300,
10:03:07,48.11,1100,
10:03:07,48.13,300,
10:03:08,48.1199,400,
10:03:10,48.1458,200,
10:03:15,48.13,200,
10:03:17,48.15,300,
10:03:18,48.15,300,
10:03:18,48.15,400,
10:03:18,48.1657,510,
10:03:20,48.131,300,
10:03:20,48.15,200,
10:03:21,48.1899,5000,
10:03:22,48.21,100,
10:03:22,48.2173,1000,
10:03:23,48.22,100,
10:03:24,48.2259,1000,
10:03:25,48.218,100,
10:03:25,48.22,700,
10:03:26,48.229,900,
10:03:26,48.26,300,
10:03:28,48.25,100,
10:03:29,48.2352,220,
10:03:29,48.24,100,
10:03:31,48.2467,100,
10:03:31,48.25,150,
10:03:32,48.257,600,
10:03:34,48.29,300,
10:03:34,48.29,260,
10:03:34,48.29,300,
10:03:34,48.30,100,
10:03:35,48.278,200,
10:03:36,48.34,300,
10:03:37,48.33,100,
10:03:38,48.33,100,
10:03:38,48.33,400,
10:03:40,48.3101,100,
10:03:40,48.31,200,
10:03:42,48.33,100,
10:03:42,48.35,100,
10:03:42,48.36,300,
10:03:42,48.36,100,
10:03:42,48.36,100,
10:03:42,48.36,100,
10:03:42,48.36,200,
10:03:43,48.36,100,
10:03:44,48.36,100,
10:03:44,48.36,1900,
10:03:44,48.38,300,
10:03:44,48.38,300,
10:03:44,48.38,300,
10:03:44,48.38,100,
10:03:44,48.38,200,
10:03:44,48.38,100,
10:03:44,48.38,200,
10:03:44,48.38,200,
10:03:44,48.38,1300,
10:03:44,48.38,100,
10:03:44,48.38,120,
10:03:44,48.37,100,
10:03:44,48.37,100,
10:03:44,48.37,100,
10:03:44,48.35,200,
10:03:44,48.35,600,
10:03:44,48.37,200,
10:03:44,48.36,300,
10:03:45,48.3584,200,
10:03:45,48.36,200,
10:03:45,48.36,300,
10:03:45,48.3573,1000,
10:03:45,48.36,100,
10:03:45,48.36,300,
10:03:45,48.359,300,
10:03:45,48.3601,1000,
10:03:45,48.37,200,
10:03:45,48.38,300,
10:03:45,48.38,170,
10:03:46,48.3675,300,
10:03:47,48.35,100,
10:03:47,48.35,1142,
10:03:47,48.33,300,
10:03:47,48.33,200,
10:03:48,48.319,100,
10:03:48,48.32,400,
10:03:49,48.3199,800,
10:03:50,48.32,700,
10:03:51,48.3184,120,
10:03:52,48.32,300,
10:03:53,48.3264,200,
10:03:53,48.329,300,
10:03:54,48.3101,100,
10:03:55,48.339,200,
10:03:55,48.349,200,
10:03:55,48.345,4700,
10:03:56,48.3499,600,
10:03:57,48.36,200,
10:03:57,48.358,300,
10:03:57,48.36,300,
10:03:57,48.36,200,
10:03:57,48.36,100,
10:03:59,48.37,100,
10:03:59,48.38,100,
10:04:00,48.3984,162,
10:04:00,48.42,100,
10:04:01,48.43,100,
10:04:01,48.41,100,
10:04:01,48.41,100,
10:04:01,48.41,400,
10:04:01,48.41,200,
10:04:01,48.4101,9600,
10:04:01,48.41,300,
10:04:01,48.41,1700,
10:04:01,48.41,100,
10:04:01,48.40,200,
10:04:01,48.40,300,
10:04:02,48.40,100,
10:04:02,48.3999,2000,
10:04:03,48.38,800,
10:04:04,48.40,100,
10:04:04,48.398,500,
10:04:06,48.398,100,
10:04:06,48.398,100,
10:04:06,48.398,100,
10:04:06,48.40,100,
10:04:07,48.40,100,
10:04:07,48.37,100,
10:04:08,48.41,300,
10:04:09,48.399,100,
10:04:09,48.399,100,
10:04:09,48.4073,100,
10:04:09,48.41,150,
10:04:10,48.4099,1000,
10:04:11,48.4071,100,
10:04:12,48.408,100,
10:04:13,48.3867,200,
10:04:13,48.389,300,
10:04:14,48.388,700,
10:04:17,48.406,500,
10:04:20,48.40,100,
10:04:20,48.40,300,
10:04:20,48.39,300,
10:04:21,48.42,100,
10:04:21,48.42,400,
10:04:21,48.42,300,
10:04:21,48.42,300,
10:04:21,48.42,100,
10:04:21,48.42,200,
10:04:21,48.42,250,
10:04:21,48.42,300,
10:04:22,48.409,500,
10:04:22,48.409,300,
10:04:23,48.43,300,
10:04:23,48.44,100,
10:04:23,48.44,300,
10:04:23,48.45,300,
10:04:23,48.45,300,
10:04:23,48.408,500,
10:04:23,48.45,200,
10:04:23,48.45,200,
10:04:23,48.45,200,
10:04:23,48.45,100,
10:04:23,48.45,200,
10:04:23,48.458,400,
10:04:25,48.46,400,
10:04:25,48.4601,100,
10:04:25,48.4601,100,
10:04:25,48.4601,150,
10:04:25,48.4601,100,
10:04:25,48.4601,800,
10:04:26,48.49,100,
10:04:26,48.489,400,
10:04:26,48.4301,100,
10:04:26,48.4301,100,
10:04:27,48.4547,200,
10:04:27,48.469,300,
10:04:27,48.4365,600,
10:04:28,48.459,100,
10:04:29,48.4399,400,
10:04:29,48.449,100,
10:04:31,48.4395,100,
10:04:31,48.4395,100,
10:04:31,48.439,1000,
10:04:31,48.449,800,
10:04:31,48.449,100,
10:04:32,48.448,200,
10:04:32,48.45,100,
10:04:33,48.47,100,
10:04:35,48.4371,100,
10:04:36,48.45,100,
10:04:36,48.45,100,
10:04:36,48.45,100,
10:04:36,48.45,400,
10:04:36,48.469,200,
10:04:37,48.4532,300,
10:04:37,48.4679,100,
10:04:37,48.469,200,
10:04:38,48.498,595,
10:04:38,48.45,100,
10:04:40,48.49,300,
10:04:40,48.49,200,
10:04:40,48.50,100,
10:04:40,48.5359,700,
10:04:43,48.522,400,
10:04:44,48.52,100,
10:04:44,48.549,500,
10:04:44,48.52,100,
10:04:44,48.52,100,
10:04:45,48.529,200,
10:04:45,48.529,195,
10:04:47,48.55,500,
10:04:47,48.55,300,
10:04:47,48.5302,300,
10:04:47,48.5303,100,
10:04:48,48.5352,200,
10:04:49,48.5368,100,
10:04:50,48.537,212,
10:04:50,48.55,100,
10:04:52,48.518,100,
10:04:52,48.518,100,
10:04:52,48.518,100,
10:04:52,48.52,100,
10:04:52,48.52,100,
10:04:54,48.53,200,
10:04:54,48.549,100,
10:04:55,48.546,1500,
10:04:57,48.5319,100,
10:04:57,48.539,200,
10:04:57,48.54,100,
10:04:57,48.538,100,
10:04:57,48.538,100,
10:04:57,48.538,200,
10:04:57,48.54,200,
10:04:57,48.538,100,
10:04:57,48.54,100,
10:04:58,48.54,100,
10:04:58,48.54,1500,
10:05:02,48.5645,1000,
10:05:02,48.5691,600,
10:05:02,48.579,300,
10:05:04,48.5701,500,
10:05:04,48.58,100,
10:05:04,48.58,100,
10:05:05,48.54,100,
10:05:05,48.542,100,
10:05:05,48.5468,1300,
10:05:05,48.542,1600,
10:05:06,48.57,200,
10:05:07,48.56,100,
10:05:07,48.56,100,
10:05:07,48.56,100,
10:05:08,48.542,100,
10:05:10,48.552,400,
10:05:11,48.53,100,
10:05:11,48.51,400,
10:05:14,48.5169,100,
10:05:16,48.5186,1000,
10:05:16,48.50,100,
10:05:17,48.4801,500,
10:05:18,48.5199,500,
10:05:20,48.513,800,
10:05:22,48.5141,100,
10:05:22,48.5199,500,
10:05:24,48.50,100,
10:05:26,48.54,100,
10:05:26,48.5441,200,
10:05:27,48.55,100,
10:05:28,48.53,700,
10:05:32,48.53,150,
10:05:38,48.63,400,
10:05:38,48.63,200,
10:05:38,48.63,100,
10:05:39,48.64,300,
10:05:39,48.64,100,
10:05:39,48.63,100,
10:05:40,48.64,100,
10:05:40,48.64,100,
10:05:41,48.65,1000,
10:05:41,48.648,600,
10:05:41,48.65,600,
10:05:42,48.66,100,
10:05:42,48.66,150,
10:05:42,48.66,100,
10:05:43,48.66,200,
10:05:48,48.64,300,
10:05:51,48.612,250,
10:05:52,48.62,2000,
10:05:53,48.622,500,
10:05:55,48.60,200,
10:05:56,48.64,500,
10:05:56,48.66,200,
10:05:56,48.6401,2000,
10:05:56,48.67,300,
10:05:56,48.67,100,
10:05:57,48.66,300,
10:05:57,48.69,100,
10:05:58,48.72,1700,
10:05:58,48.728,1250,
10:06:00,48.6699,100,
10:06:01,48.6705,100,
10:06:01,48.66,100,
10:06:03,48.68,1000,
10:06:04,48.672,1800,
10:06:04,48.67,100,
10:06:05,48.67,100,
10:06:06,48.69,340,
10:06:07,48.71,200,
10:06:07,48.71,100,
10:06:08,48.69,100,
10:06:09,48.71,400,
10:06:09,48.7101,400,
10:06:09,48.7101,100,
10:06:10,48.6999,100,
10:06:10,48.71,100,
10:06:12,48.75,400,
10:06:12,48.76,290,
10:06:13,48.7601,200,
10:06:13,48.76,113,
10:06:13,48.76,100,
10:06:13,48.762,100,
10:06:14,48.75,100,
10:06:15,48.778,307,
10:06:17,48.76,250,
10:06:20,48.75,200,
10:06:20,48.75,200,
10:06:21,48.76,900,
10:06:21,48.7799,100,
10:06:21,48.78,500,
10:06:21,48.78,1200,
10:06:22,48.771,100,
10:06:23,48.771,100,
10:06:23,48.771,300,
10:06:23,48.77,100,
10:06:23,48.78,100,
10:06:23,48.77,100,
10:06:24,48.77,100,
10:06:24,48.7616,100,
10:06:24,48.76,100,
10:06:24,48.7616,100,
10:06:24,48.76,100,
10:06:25,48.7632,200,
10:06:26,48.7771,300,
10:06:27,48.7799,100,
10:06:28,48.78,100,
10:06:28,48.78,100,
10:06:29,48.79,1900,
10:06:29,48.76,200,
10:06:29,48.76,100,
10:06:30,48.75,100,
10:06:30,48.7389,221,
10:06:31,48.75,100,
10:06:31,48.75,600,
10:06:32,48.732,263,
10:06:32,48.732,100,
10:06:32,48.75,100,
10:06:35,48.735,2000,
10:06:35,48.747,500,
10:06:35,48.731,1000,
10:06:36,48.728,100,
10:06:36,48.728,300,
10:06:38,48.722,100,
10:06:38,48.70,105,
10:06:39,48.70,1895,
10:06:40,48.67,100,
10:06:40,48.67,100,
10:06:40,48.67,100,
10:06:41,48.6801,100,
10:06:42,48.6899,200,
10:06:44,48.7196,500,
10:06:45,48.69,300,
10:06:48,48.69,100,
10:06:53,48.65,100,
10:06:53,48.65,300,
10:06:53,48.63,100,
10:06:53,48.63,100,
10:06:56,48.65,500,
10:06:56,48.6699,100,
10:06:56,48.644,300,
10:06:56,48.6699,100,
10:06:59,48.6589,100,
10:07:01,48.70,200,
10:07:01,48.68,200,
10:07:02,48.6935,1500,
10:07:03,48.71,100,
10:07:03,48.71,100,
10:07:03,48.71,300,
10:07:03,48.72,100,
10:07:05,48.71,100,
10:07:05,48.69,100,
10:07:05,48.72,100,
10:07:05,48.73,200,
10:07:05,48.7336,100,
10:07:05,48.739,600,
10:07:07,48.7493,100,
10:07:07,48.7498,100,
10:07:07,48.75,100,
10:07:08,48.74,100,
10:07:08,48.729,200,
10:07:08,48.74,900,
10:07:08,48.729,100,
10:07:09,48.76,300,
10:07:11,48.7541,100,
10:07:12,48.76,100,
10:07:12,48.77,200,
10:07:12,48.7601,1000,
10:07:13,48.7586,400,
10:07:13,48.7508,200,
10:07:16,48.79,100,
10:07:18,48.785,200,
10:07:20,48.7805,1180,
10:07:20,48.78,100,
10:07:20,48.78,100,
10:07:20,48.782,100,
10:07:20,48.782,100,
10:07:20,48.79,100,
10:07:20,48.78,100,
10:07:21,48.79,100,
10:07:22,48.79,100,
10:07:22,48.83,100,
10:07:22,48.83,100,
10:07:23,48.82,100,
10:07:23,48.82,200,
10:07:24,48.8299,200,
10:07:25,48.84,400,
10:07:25,48.83,100,
10:07:25,48.84,286,
10:07:25,48.84,600,
10:07:25,48.84,600,
10:07:25,48.84,200,
10:07:25,48.85,200,
10:07:25,48.85,100,
10:07:25,48.85,100,
10:07:25,48.85,100,
10:07:25,48.85,100,
10:07:25,48.848,200,
10:07:26,48.85,300,
10:07:26,48.85,250,
10:07:27,48.838,1500,
10:07:29,48.80,100,
10:07:31,48.80,400,
10:07:34,48.782,500,
10:07:35,48.83,200,
10:07:35,48.84,100,
10:07:37,48.82,400,
10:07:37,48.81,300,
10:07:37,48.82,200,
10:07:40,48.82,400,
10:07:40,48.8399,330,
10:07:43,48.804,546,
10:07:43,48.81,400,
10:07:43,48.8101,300,
10:07:44,48.8001,372,
10:07:47,48.829,184,
10:07:48,48.8119,100,
10:07:49,48.8026,1732,
10:07:50,48.81,100,
10:07:51,48.8001,400,
10:07:52,48.79,200,
10:07:52,48.79,100,
10:07:52,48.79,100,
10:07:53,48.80,700,
10:07:54,48.79,300,
10:07:54,48.792,1400,
10:07:55,48.8091,100,
10:07:55,48.78,1000,
10:07:55,48.78,100,
10:07:55,48.78,300,
10:07:55,48.78,258,
10:07:56,48.7968,105,
10:07:57,48.77,100,
10:07:58,48.77,100,
10:08:01,48.778,500,
10:08:05,48.77,100,
10:08:06,48.752,250,
10:08:06,48.77,1300,
10:08:07,48.79,100,
10:08:07,48.78,126,
10:08:08,48.7854,100,
10:08:11,48.76,100,
10:08:12,48.73,100,
10:08:12,48.71,250,
10:08:13,48.70,300,
10:08:16,48.75,100,
10:08:17,48.7499,2500,
10:08:17,48.7402,600,
10:08:17,48.7415,1300,
10:08:20,48.76,1000,
10:08:21,48.74,100,
10:08:26,48.7199,300,
10:08:26,48.74,100,
10:08:26,48.75,100,
10:08:28,48.77,1800,
10:08:31,48.7386,400,
10:08:33,48.7327,500,
10:08:35,48.73,100,
10:08:38,48.7307,419,
10:08:41,48.704,1000,
10:08:43,48.77,200,
10:08:43,48.79,400,
10:08:43,48.74,100,
10:08:43,48.76,100,
10:08:50,48.732,225,
10:08:56,48.7248,100,
10:08:56,48.72,100,
10:08:56,48.72,100,
10:08:56,48.72,200,
10:08:56,48.7201,100,
10:08:56,48.7201,100,
10:08:56,48.7201,200,
10:08:56,48.7201,300,
10:08:56,48.7201,500,
10:08:56,48.72,400,
10:08:56,48.72,300,
10:08:56,48.7201,100,
10:08:56,48.7201,200,
10:08:56,48.7201,200,
10:08:56,48.7201,100,
10:08:56,48.72,100,
10:08:56,48.72,300,
10:09:00,48.72,200,
10:09:00,48.7227,200,
10:09:00,48.72,200,
10:09:00,48.72,200,
10:09:00,48.72,200,
10:09:00,48.72,100,
10:09:00,48.74,300,
10:09:00,48.74,200,
10:09:00,48.74,100,
10:09:00,48.74,100,
10:09:00,48.74,300,
10:09:00,48.74,100,
10:09:00,48.73,100,
10:09:00,48.74,100,
10:09:00,48.74,200,
10:09:00,48.74,300,
10:09:00,48.75,100,
10:09:02,48.73,100,
10:09:06,48.73,100,
10:09:09,48.7399,1150,
10:09:13,48.75,300,
10:09:13,48.75,156,
10:09:13,48.78,100,
10:09:13,48.74,200,
10:09:13,48.76,100,
10:09:13,48.80,300,
10:09:13,48.79,100,
10:09:13,48.80,300,
10:09:13,48.79,100,
10:09:13,48.79,100,
10:09:13,48.80,500,
10:09:14,48.81,151,
10:09:14,48.81,100,
10:09:14,48.81,200,
10:09:14,48.81,300,
10:09:14,48.79,400,
10:09:14,48.80,100,
10:09:14,48.80,1000,
10:09:14,48.809,800,
10:09:14,48.809,700,
10:09:16,48.781,100,
10:09:16,48.781,100,
10:09:17,48.81,4100,
10:09:17,48.77,300,
10:09:18,48.78,1700,
10:09:26,48.76,400,
10:09:28,48.73,100,
10:09:28,48.73,100,
10:09:29,48.75,1000,
10:09:32,48.7248,150,
10:09:32,48.75,300,
10:09:34,48.7644,100,
10:09:36,48.81,100,
10:09:36,48.81,275,
10:09:38,48.81,1000,
10:09:41,48.83,100,
10:09:42,48.84,100,
10:09:43,48.8401,100,
10:09:44,48.84,100,
10:09:44,48.84,300,
10:09:47,48.81,100,
10:09:48,48.83,159,
10:09:49,48.8301,300,
10:09:51,48.8345,1000,
10:09:56,48.82,350,
10:10:00,48.83,100,
10:10:01,48.85,100,
10:10:01,48.8501,150,
10:10:01,48.8501,100,
10:10:01,48.85,100,
10:10:01,48.88,100,
10:10:02,48.8616,100,
10:10:02,48.87,300,
10:10:02,48.87,100,
10:10:03,48.87,100,
10:10:03,48.89,300,
10:10:03,48.88,300,
10:10:03,48.90,100,
10:10:03,48.90,400,
10:10:03,48.90,300,
10:10:04,48.89,200,
10:10:04,48.89,300,
10:10:04,48.89,100,
10:10:04,48.89,100,
10:10:04,48.89,300,
10:10:05,48.93,300,
10:10:05,48.92,100,
10:10:05,48.93,200,
10:10:06,48.93,300,
10:10:07,48.91,300,
10:10:07,48.91,100,
10:10:09,48.91,700,
10:10:10,48.93,100,
10:10:10,48.93,100,
10:10:11,48.9307,100,
10:10:12,48.95,100,
10:10:13,48.9498,100,
10:10:14,48.96,300,
10:10:14,48.95,230,
10:10:15,48.93,300,
10:10:15,48.93,300,
10:10:15,48.93,100,
10:10:15,48.92,200,
10:10:15,48.93,300,
10:10:15,48.93,300,
10:10:15,48.93,300,
10:10:18,48.9345,500,
10:10:18,48.938,700,
10:10:20,48.94,100,
10:10:21,48.932,100,
10:10:23,48.92,100,
10:10:25,48.90,200,
10:10:26,48.90,100,
10:10:26,48.9068,200,
10:10:28,48.8914,100,
10:10:29,48.88,300,
10:10:29,48.8887,100,
10:10:32,48.8901,199,
10:10:33,48.8601,2000,
10:10:36,48.90,100,
10:10:36,48.9141,250,
10:10:36,48.89,900,
10:10:36,48.885,8200,
10:10:37,48.8899,200,
10:10:37,48.90,200,
10:10:37,48.90,200,
10:10:37,48.90,100,
10:10:43,48.928,200,
10:10:44,48.93,400,
10:10:44,48.92,100,
10:10:45,48.9445,500,
10:10:49,48.9201,100,
10:10:59,48.9284,270,
10:11:01,48.94,300,
10:11:01,48.94,100,
10:11:03,48.9201,3624,
10:11:06,48.91,200,
10:11:06,48.90,150,
10:11:07,48.9073,850,
10:11:08,48.92,2900,
10:11:14,48.88,200,
10:11:14,48.89,500,
10:11:14,48.89,200,
10:11:14,48.89,200,
10:11:14,48.89,200,
10:11:14,48.91,100,
10:11:14,48.91,100,
10:11:14,48.89,100,
10:11:15,48.901,600,
10:11:16,48.9091,200,
10:11:17,48.90,100,
10:11:24,48.9099,600,
10:11:27,48.872,500,
10:11:28,48.87,100,
10:11:29,48.862,1400,
10:11:31,48.87,100,
10:11:32,48.8401,1000,
10:11:34,48.84,100,
10:11:34,48.8459,300,
10:11:35,48.84,100,
10:11:35,48.86,100,
10:11:39,48.85,100,
10:11:39,48.84,100,
10:11:39,48.84,100,
10:11:41,48.84,100,
10:11:41,48.84,100,
10:11:41,48.85,600,
10:11:41,48.85,200,
10:11:42,48.82,400,
10:11:42,48.82,3800,
10:11:43,48.823,100,
10:11:43,48.821,1200,
10:11:43,48.821,900,
10:11:44,48.85,500,
10:11:44,48.82,1100,
10:11:45,48.82,500,
10:11:46,48.8427,500,
10:11:49,48.832,100,
10:11:49,48.832,100,
10:11:49,48.83,100,
10:11:49,48.83,100,
10:11:49,48.83,100,
10:11:52,48.8384,330,
10:11:54,48.82,600,
10:11:58,48.84,100,
10:11:58,48.84,100,
10:12:00,48.83,400,
10:12:01,48.821,2400,
10:12:03,48.82,500,
10:12:04,48.83,100,
10:12:05,48.83,400,
10:12:05,48.81,650,
10:12:06,48.80,300,
10:12:06,48.8499,300,
10:12:08,48.84,100,
10:12:08,48.82,300,
10:12:08,48.82,300,
10:12:08,48.8114,100,
10:12:08,48.81,100,
10:12:08,48.81,100,
10:12:08,48.81,100,
10:12:11,48.83,400,
10:12:11,48.85,150,
10:12:13,48.8201,100,
10:12:14,48.8299,780,
10:12:21,48.83,100,
10:12:21,48.83,100,
10:12:23,48.84,200,
10:12:23,48.836,500,
10:12:24,48.85,250,
10:12:24,48.8499,1000,
10:12:27,48.8391,350,
10:12:29,48.85,700,
10:12:31,48.85,300,
10:12:31,48.86,300,
10:12:31,48.88,300,
10:12:31,48.88,100,
10:12:31,48.85,100,
10:12:31,48.85,100,
10:12:37,48.83,100,
10:12:37,48.82,200,
10:12:37,48.83,200,
10:12:37,48.815,100,
10:12:37,48.8225,100,
10:12:38,48.81,200,
10:12:39,48.79,300,
10:12:42,48.75,500,
10:12:42,48.78,100,
10:12:42,48.78,100,
10:12:42,48.78,100,
10:12:42,48.7813,630,
10:12:42,48.7801,100,
10:12:42,48.7801,100,
10:12:43,48.771,200,
10:12:43,48.77,200,
10:12:43,48.78,2850,
10:12:45,48.78,300,
10:12:47,48.7703,100,
10:12:48,48.80,5000,
10:12:50,48.785,800,
10:12:50,48.80,200,
10:12:50,48.80,100,
10:12:55,48.79,1000,
10:12:58,48.8099,100,
10:12:59,48.80,100,
10:13:01,48.80,100,
10:13:02,48.791,100,
10:13:02,48.792,100,
10:13:02,48.79,100,
10:13:02,48.79,100,
10:13:02,48.792,100,
10:13:07,48.7841,200,
10:13:09,48.7899,200,
10:13:09,48.795,100,
10:13:09,48.79,100,
10:13:10,48.80,100,
10:13:14,48.77,100,
10:13:16,48.7611,100,
10:13:16,48.761,100,
10:13:18,48.763,900,
10:13:25,48.7742,1400,
10:13:25,48.77,100,
10:13:25,48.7731,100,
10:13:25,48.7727,200,
10:13:25,48.7727,100,
10:13:25,48.7727,100,
10:13:25,48.7701,200,
10:13:25,48.77,100,
10:13:25,48.7727,100,
10:13:26,48.77,200,
10:13:26,48.77,100,
10:13:27,48.7899,100,
10:13:31,48.82,100,
10:13:31,48.79,200,
10:13:31,48.82,100,
10:13:31,48.83,200,
10:13:31,48.79,100,
10:13:31,48.8192,100,
10:13:32,48.83,300,
10:13:32,48.8199,100,
10:13:36,48.83,100,
10:13:39,48.82,100,
10:13:45,48.8127,1000,
10:13:45,48.83,100,
10:13:45,48.84,100,
10:13:46,48.85,500,
10:13:46,48.87,100,
10:13:46,48.89,100,
10:13:49,48.88,100,
10:13:51,48.868,1500,
10:13:52,48.90,100,
10:13:52,48.91,100,
10:13:52,48.91,100,
10:13:52,48.90,200,
10:13:53,48.92,400,
10:13:53,48.94,100,
10:13:53,48.94,300,
10:13:55,48.949,100,
10:13:55,48.93,400,
10:13:55,48.93,100,
10:13:55,48.93,300,
10:13:55,48.9499,500,
10:13:57,48.91,100,
10:13:57,48.92,100,
10:13:57,48.8998,300,
10:13:57,48.90,100,
10:13:58,48.888,250,
10:14:01,48.8886,100,
10:14:01,48.8986,400,
10:14:01,48.90,100,
10:14:02,48.883,100,
10:14:02,48.881,100,
10:14:03,48.91,400,
10:14:03,48.9087,400,
10:14:03,48.89,100,
10:14:03,48.90,1100,
10:14:04,48.86,100,
10:14:08,48.868,250,
10:14:10,48.8484,100,
10:14:17,48.84,100,
10:14:20,48.83,400,
10:14:20,48.84,200,
10:14:20,48.84,800,
10:14:20,48.84,100,
10:14:20,48.84,100,
10:14:20,48.83,1000,
10:14:20,48.83,100,
10:14:20,48.84,300,
10:14:20,48.84,100,
10:14:21,48.8491,100,
10:14:22,48.84,100,
10:14:27,48.858,200,
10:14:27,48.86,200,
10:14:27,48.8455,1500,
10:14:32,48.87,100,
10:14:34,48.832,500,
10:14:45,48.83,100,
10:14:45,48.83,100,
10:14:47,48.8499,500,
10:14:49,48.83,100,
10:14:52,48.8101,200,
10:14:53,48.825,4900,
10:14:55,48.8416,100,
10:14:59,48.8389,100,
10:15:00,48.86,400,
10:15:00,48.82,100,
10:15:04,48.8598,700,
10:15:05,48.86,700,
10:15:06,48.84,100,
10:15:06,48.8409,800,
10:15:07,48.8405,500,
10:15:09,48.8741,200,
10:15:09,48.88,100,
10:15:10,48.8614,100,
10:15:11,48.88,100,
10:15:11,48.90,100,
10:15:12,48.9171,100,
10:15:12,48.92,100,
10:15:15,48.98,100,
10:15:15,48.98,200,
10:15:16,48.94,264,
10:15:16,48.93,100,
10:15:18,48.9491,125,
10:15:18,48.95,100,
10:15:18,48.942,2500,
10:15:18,48.948,400,
10:15:21,48.951,500,
10:15:21,48.951,500,
10:15:21,48.96,400,
10:15:23,48.9799,100,
10:15:23,48.99,550,
10:15:25,48.99,500,
10:15:25,48.99,100,
10:15:25,48.99,100,
10:15:27,48.964,500,
10:15:28,48.96,200,
10:15:30,48.932,100,
10:15:30,48.948,725,
10:15:32,48.9552,100,
10:15:32,48.96,100,
10:15:32,48.96,100,
10:15:33,48.942,300,
10:15:33,48.94,100,
10:15:34,48.9499,100,
10:15:34,48.9499,100,
10:15:34,48.9499,100,
10:15:36,48.927,300,
10:15:39,48.939,400,
10:15:39,48.939,400,
10:15:39,48.938,500,
10:15:42,48.9472,1044,
10:15:45,48.93,300,
10:15:45,48.93,500,
10:15:48,48.94,350,
10:15:48,48.94,100,
10:15:49,48.939,100,
10:15:49,48.94,100,
10:15:50,48.939,100,
10:15:51,48.938,100,
10:15:51,48.938,100,
10:15:51,48.938,100,
10:15:51,48.95,100,
10:15:51,48.938,100,
10:15:53,48.952,500,
10:16:00,48.9844,100,
10:16:00,48.99,100,
10:16:00,48.959,200,
10:16:00,48.977,100,
10:16:05,48.98,300,
10:16:06,48.98,100,
10:16:07,48.962,300,
10:16:07,48.98,100,
10:16:11,48.9799,100,
10:16:13,48.98,100,
10:16:14,48.959,600,
10:16:15,48.9545,650,
10:16:16,48.9401,100,
10:16:20,48.9769,100,
10:16:22,48.9899,100,
10:16:23,48.99,200,
10:16:26,48.97,255,
10:16:31,48.9892,400,
10:16:34,48.9852,100,
10:16:36,48.99,100,
10:16:46,48.952,500,
10:16:56,48.9601,200,
10:17:00,48.959,100,
10:17:01,48.94,100,
10:17:01,48.94,100,
10:17:03,48.959,150,
10:17:04,48.9707,200,
10:17:05,49,150,
10:17:06,48.9702,100,
10:17:07,48.99,100,
10:17:08,48.986,100,
10:17:08,48.986,177,
10:17:08,48.9859,100,
10:17:08,48.9859,100,
10:17:08,48.99,100,
10:17:11,48.9899,600,
10:17:11,48.9899,300,
10:17:11,48.9899,100,
10:17:11,48.9899,300,
10:17:11,48.99,400,
10:17:11,48.9899,400,
10:17:11,48.9801,2000,
10:17:15,48.987,150,
10:17:21,49,200,
10:17:21,48.99,700,
10:17:22,48.99,100,
10:17:23,48.98,300,
10:17:27,49,410,
10:17:27,48.99,200,
10:17:28,48.982,2800,
10:17:30,49,100,
10:17:36,49,300,
10:17:36,48.99,700,
10:17:36,48.99,300,
10:17:36,48.99,400,
10:17:38,48.99,100,
10:17:38,48.99,100,
10:17:39,48.99,100,
10:17:39,48.99,100,
10:17:39,48.99,100,
10:17:39,48.99,200,
10:17:39,48.99,100,
10:17:39,48.999,1400,
10:17:39,48.999,2000,
10:17:39,48.997,900,
10:17:44,49,100,
10:17:44,48.998,1300,
10:17:45,48.99,300,
10:17:45,48.99,300,
10:17:45,48.99,100,
10:17:46,48.999,100,
10:17:51,48.981,200,
10:17:54,48.99,100,
10:17:59,48.99,300,
10:17:59,49,100,
10:17:59,49,100,
10:18:03,49,1100,
10:18:03,49,500,
10:18:03,48.9984,100,
10:18:07,48.99,100,
10:18:07,48.99,200,
10:18:16,48.99,200,
10:18:18,49,1955,
10:18:20,48.982,500,
10:18:22,48.98,300,
10:18:27,49,100,
10:18:29,48.98,100,
10:18:29,48.98,400,
10:18:31,48.9601,4000,
10:18:36,48.9689,100,
10:18:45,48.9648,300,
10:18:49,48.962,1000,
10:18:55,48.9791,104,
10:19:02,48.9629,300,
10:19:02,48.95,100,
10:19:04,48.9509,400,
10:19:04,48.99,100,
10:19:04,48.99,300,
10:19:04,48.99,100,
10:19:09,48.9984,100,
10:19:11,48.9914,340,
10:19:13,49,800,
10:19:18,48.99,300,
10:19:20,48.9708,200,
10:19:21,48.998,125,
10:19:23,48.997,100,
10:19:24,48.99,266,
10:19:25,49,2208,
10:19:27,48.9909,280,
10:19:28,48.99,300,
10:19:34,49.03,150,
10:19:37,49,300,
10:19:37,49.03,300,
10:19:38,49.002,100,
10:19:41,49.02,100,
10:19:41,49.0199,100,
10:19:42,49.0014,300,
10:19:47,49.04,100,
10:19:48,49.09,109,
10:19:48,49.08,100,
10:19:48,49.07,100,
10:19:49,49.07,217,
10:19:49,49.09,1900,
10:19:52,49.06,300,
10:19:52,49.06,555,
10:19:54,49.0816,200,
10:20:00,49.06,100,
10:20:02,49.05,218,
10:20:02,49.05,100,
10:20:03,49.066,2000,
10:20:05,49.0489,300,
10:20:07,49.08,100,
10:20:07,49.07,300,
10:20:07,49.06,300,
10:20:07,49.05,300,
10:20:07,49.05,700,
10:20:07,49.05,100,
10:20:07,49.06,300,
10:20:07,49.05,400,
10:20:07,49.07,100,
10:20:07,49.07,100,
10:20:07,49.07,300,
10:20:07,49.06,200,
10:20:07,49.06,100,
10:20:07,49.06,300,
10:20:07,49.06,300,
10:20:07,49.08,200,
10:20:07,49.08,400,
10:20:07,49.07,300,
10:20:07,49.07,400,
10:20:07,49.09,150,
10:20:07,49.09,100,
10:20:07,49.10,200,
10:20:07,49.13,300,
10:20:07,49.07,100,
10:20:07,49.08,100,
10:20:07,49.13,300,
10:20:07,49.14,100,
10:20:07,49.16,100,
10:20:07,49.16,100,
10:20:07,49.13,400,
10:20:07,49.13,400,
10:20:07,49.13,300,
10:20:07,49.11,100,
10:20:07,49.10,300,
10:20:07,49.10,400,
10:20:07,49.12,452,
10:20:07,49.12,500,
10:20:07,49.1283,800,
10:20:08,49.09,300,
10:20:08,49.09,100,
10:20:08,49.09,300,
10:20:08,49.09,300,
10:20:08,49.11,300,
10:20:08,49.11,100,
10:20:09,49.1039,148,
10:20:10,49.111,500,
10:20:11,49.14,100,
10:20:13,49.144,2500,
10:20:14,49.1341,100,
10:20:14,49.14,900,
10:20:18,49.1032,300,
10:20:18,49.13,100,
10:20:18,49.13,200,
10:20:19,49.124,650,
10:20:20,49.139,200,
10:20:20,49.139,100,
10:20:22,49.14,1900,
10:20:25,49.159,100,
10:20:26,49.1531,100,
10:20:26,49.159,100,
10:20:26,49.142,200,
10:20:27,49.12,100,
10:20:27,49.12,100,
10:20:28,49.158,100,
10:20:35,49.15,100,
10:20:35,49.15,100,
10:20:35,49.158,100,
10:20:35,49.158,100,
10:20:35,49.158,100,
10:20:35,49.16,100,
10:20:35,49.16,100,
10:20:36,49.18,100,
10:20:36,49.18,200,
10:20:36,49.18,100,
10:20:36,49.22,300,
10:20:36,49.22,100,
10:20:36,49.22,100,
10:20:36,49.22,600,
10:20:36,49.22,300,
10:20:36,49.22,600,
10:20:37,49.215,200,
10:20:39,49.22,200,
10:20:39,49.218,100,
10:20:39,49.218,100,
10:20:39,49.22,100,
10:20:39,49.218,100,
10:20:39,49.22,100,
10:20:40,49.1852,300,
10:20:42,49.1811,300,
10:20:42,49.168,100,
10:20:42,49.168,100,
10:20:42,49.18,1300,
10:20:43,49.185,700,
10:20:44,49.19,300,
10:20:46,49.1873,100,
10:20:46,49.1877,100,
10:20:46,49.1878,100,
10:20:46,49.1877,100,
10:20:46,49.1878,100,
10:20:48,49.1689,175,
10:20:55,49.1689,225,
10:20:57,49.17,100,
10:20:58,49.16,400,
10:21:01,49.142,200,
10:21:05,49.16,100,
10:21:06,49.1714,200,
10:21:06,49.189,300,
10:21:06,49.19,200,
10:21:07,49.188,500,
10:21:07,49.188,3500,
10:21:08,49.17,400,
10:21:08,49.1589,100,
10:21:09,49.14,100,
10:21:10,49.10,100,
10:21:12,49.12,100,
10:21:17,49.145,200,
10:21:22,49.1458,100,
10:21:27,49.11,400,
10:21:27,49.11,1800,
10:21:27,49.10,400,
10:21:27,49.09,300,
10:21:27,49.09,300,
10:21:27,49.081,100,
10:21:28,49.08,900,
10:21:29,49.09,200,
10:21:32,49.0603,600,
10:21:33,49.0991,108,
10:21:34,49.0881,100,
10:21:34,49.081,100,
10:21:34,49.085,2800,
10:21:35,49.0889,100,
10:21:35,49.0929,100,
10:21:36,49.084,2700,
10:21:40,49.108,500,
10:21:44,49.06,398,
10:21:49,49.04,200,
10:21:52,49.0332,100,
10:21:53,49.0399,100,
10:21:54,49.042,500,
10:21:56,49.042,200,
10:21:58,49.05,400,
10:21:58,49.05,400,
10:21:58,49.06,200,
10:21:58,49.0714,500,
10:22:02,49.052,100,
10:22:02,49.06,200,
10:22:04,49.0401,150,
10:22:06,49.07,400,
10:22:07,49.08,300,
10:22:07,49.0799,300,
10:22:10,49.06,100,
10:22:10,49.06,200,
10:22:10,49.06,538,
10:22:10,49.04,200,
10:22:12,49.04,300,
10:22:15,49.0201,100,
10:22:20,49.0432,150,
10:22:22,49.06,100,
10:22:22,49.06,100,
10:22:25,49.05,1000,
10:22:29,49.0593,200,
10:22:30,49.05,100,
10:22:30,49.05,100,
10:22:30,49.05,200,
10:22:30,49.05,100,
10:22:30,49.05,100,
10:22:30,49.05,200,
10:22:30,49.05,100,
10:22:32,49.05,300,
10:22:38,49.0437,235,
10:22:40,49.013,1000,
10:22:43,49.0135,100,
10:22:44,49,1100,
10:22:46,49.0199,500,
10:22:46,49,100,
10:22:46,49,100,
10:22:46,49,275,
10:22:47,49.0032,100,
10:22:54,49.0189,100,
10:22:58,49.02,2500,
10:23:01,49.01,300,
10:23:01,49.01,200,
10:23:06,48.9901,190,
10:23:08,48.9999,100,
10:23:09,48.9901,1600,
10:23:10,48.97,400,
10:23:10,48.98,100,
10:23:10,48.99,100,
10:23:11,48.962,637,
10:23:16,48.962,1750,
10:23:18,48.9732,100,
10:23:19,48.971,400,
10:23:19,48.972,500,
10:23:20,48.99,100,
10:23:24,49,200,
10:23:24,49,100,
10:23:24,49.001,1200,
10:23:24,49.001,1300,
10:23:25,49,800,
10:23:26,49.01,300,
10:23:26,49,100,
10:23:31,49.011,100,
10:23:31,49.011,100,
10:23:31,49.01,100,
10:23:31,49.01,100,
10:23:31,49.01,200,
10:23:33,49.008,200,
10:23:35,49.01,100,
10:23:35,49.01,400,
10:23:36,48.99,700,
10:23:36,48.9999,300,
10:23:36,49.01,100,
10:23:36,49.01,100,
10:23:43,48.97,100,
10:23:43,48.97,100,
10:23:46,48.9802,100,
10:23:52,48.9713,800,
10:23:55,48.97,200,
10:23:57,48.97,200,
10:23:57,48.97,100,
10:23:58,48.971,900,
10:23:59,48.961,1700,
10:23:59,48.961,1700,
10:23:59,48.96,100,
10:24:00,48.9632,200,
10:24:00,48.95,850,
10:24:03,48.961,100,
10:24:03,48.96,150,
10:24:10,48.93,100,
10:24:10,48.93,300,
10:24:10,48.94,200,
10:24:10,48.912,900,
10:24:12,48.911,100,
10:24:13,48.912,200,
10:24:14,48.92,500,
10:24:14,48.92,400,
10:24:14,48.945,850,
10:24:16,48.921,700,
10:24:16,48.922,900,
10:24:18,48.921,100,
10:24:22,48.94,100,
10:24:22,48.94,100,
10:24:23,48.93,100,
10:24:27,48.9132,200,
10:24:28,48.91,200,
10:24:28,48.911,100,
10:24:28,48.911,100,
10:24:28,48.911,200,
10:24:29,48.91,200,
10:24:31,48.91,200,
10:24:31,48.90,5000,
10:24:33,48.90,1000,
10:24:33,48.90,1100,
10:24:33,48.88,100,
10:24:34,48.87,2900,
10:24:34,48.90,500,
10:24:34,48.90,400,
10:24:34,48.8801,100,
10:24:34,48.88,100,
10:24:34,48.8801,100,
10:24:34,48.88,100,
10:24:35,48.90,400,
10:24:35,48.881,100,
10:24:35,48.88,100,
10:24:35,48.8832,100,
10:24:35,48.88,100,
10:24:36,48.8801,100,
10:24:36,48.88,100,
10:24:36,48.8801,100,
10:24:36,48.88,100,
10:24:36,48.88,100,
10:24:37,48.881,200,
10:24:37,48.882,100,
10:24:43,48.87,100,
10:24:43,48.8801,400,
10:24:43,48.86,400,
10:24:45,48.86,138,
10:24:47,48.89,100,
10:24:50,48.8801,100,
10:24:56,48.86,138,
10:24:57,48.85,231,
10:24:57,48.8525,2100,
10:25:06,48.852,1000,
10:25:11,48.8699,300,
10:25:11,48.8699,1800,
10:25:11,48.85,100,
10:25:19,48.851,500,
10:25:20,48.8501,100,
10:25:20,48.8501,300,
10:25:20,48.8401,200,
10:25:21,48.878,100,
10:25:21,48.878,100,
10:25:21,48.86,100,
10:25:21,48.86,200,
10:25:21,48.86,261,
10:25:21,48.86,300,
10:25:21,48.86,100,
10:25:24,48.86,200,
10:25:25,48.86,100,
10:25:25,48.86,100,
10:25:25,48.83,300,
10:25:27,48.832,100,
10:25:27,48.832,100,
10:25:27,48.83,100,
10:25:28,48.83,250,
10:25:44,48.864,100,
10:25:49,48.86,500,
10:25:52,48.90,1150,
10:25:52,48.8701,4000,
10:25:54,48.90,400,
10:25:54,48.90,100,
10:25:54,48.91,200,
10:25:54,48.90,100,
10:25:54,48.90,100,
10:25:54,48.90,100,
10:25:54,48.90,100,
10:25:54,48.90,100,
10:25:54,48.90,100,
10:25:54,48.90,100,
10:25:54,48.90,100,
10:25:54,48.90,100,
10:25:54,48.90,100,
10:25:54,48.90,100,
10:25:54,48.90,100,
10:25:54,48.90,100,
10:25:54,48.90,100,
10:25:54,48.90,700,
10:25:54,48.90,100,
10:25:54,48.90,300,
10:25:54,48.93,300,
10:25:54,48.90,100,
10:25:54,48.90,400,
10:25:54,48.90,300,
10:25:54,48.90,200,
10:25:54,48.90,200,
10:25:54,48.90,300,
10:25:54,48.90,300,
10:25:54,48.90,500,
10:25:54,48.90,200,
10:25:54,48.90,100,
10:25:54,48.90,300,
10:25:55,48.92,200,
10:25:55,48.91,300,
10:25:55,48.90,300,
10:25:55,48.90,300,
10:25:55,48.90,300,
10:25:56,48.90,100,
10:25:56,48.90,300,
10:25:56,48.90,100,
10:25:56,48.90,100,
10:25:56,48.90,100,
10:25:56,48.90,300,
10:25:56,48.90,300,
10:25:56,48.92,100,
10:25:56,48.90,100,
10:25:56,48.90,100,
10:25:57,48.90,100,
10:25:57,48.90,100,
10:25:58,48.8994,1000,
10:25:59,48.90,1900,
10:25:59,48.8999,100,
10:25:59,48.90,100,
10:26:03,48.899,1200,
10:26:03,48.899,1200,
10:26:04,48.90,6000,
10:26:06,48.90,100,
10:26:06,48.90,800,
10:26:09,48.899,200,
10:26:10,48.8807,600,
10:26:10,48.90,100,
10:26:10,48.90,100,
10:26:10,48.90,100,
10:26:10,48.90,100,
10:26:10,48.90,100,
10:26:10,48.90,800,
10:26:11,48.89,300,
10:26:11,48.89,300,
10:26:11,48.89,300,
10:26:11,48.89,300,
10:26:11,48.89,100,
10:26:11,48.89,300,
10:26:11,48.89,100,
10:26:11,48.87,850,
10:26:13,48.86,300,
10:26:15,48.8799,500,
10:26:19,48.85,100,
10:26:21,48.88,300,
10:26:27,48.90,100,
10:26:29,48.90,100,
10:26:30,48.90,100,
10:26:32,48.89,100,
10:26:37,48.87,100,
10:26:45,48.87,100,
10:26:45,48.87,400,
10:26:47,48.86,100,
10:26:52,48.8886,100,
10:26:54,48.8799,2000,
10:27:08,48.85,100,
10:27:08,48.85,100,
10:27:10,48.85,300,
10:27:13,48.83,100,
10:27:26,48.86,100,
10:27:32,48.88,500,
10:27:35,48.87,100,
10:27:37,48.84,100,
10:27:39,48.8608,100,
10:27:43,48.87,115,
10:27:43,48.862,300,
10:27:57,48.80,100,
10:27:57,48.80,250,
10:28:01,48.7701,290,
10:28:01,48.77,100,
10:28:01,48.79,100,
10:28:01,48.77,100,
10:28:04,48.79,100,
10:28:05,48.79,100,
10:28:07,48.79,100,
10:28:09,48.7799,100,
10:28:12,48.8099,100,
10:28:12,48.81,200,
10:28:12,48.8099,200,
10:28:12,48.8099,100,
10:28:12,48.81,200,
10:28:12,48.81,100,
10:28:16,48.792,100,
10:28:21,48.81,100,
10:28:26,48.8098,400,
10:28:27,48.79,100,
10:28:27,48.79,100,
10:28:28,48.81,100,
10:28:28,48.7841,100,
10:28:30,48.77,300,
10:28:30,48.77,300,
10:28:31,48.808,1000,
10:28:36,48.7808,100,
10:28:36,48.782,300,
10:28:36,48.782,100,
10:28:36,48.78,100,
10:28:41,48.798,100,
10:28:43,48.7994,600,
10:28:44,48.7999,100,
10:28:46,48.80,200,
10:28:47,48.79,100,
10:28:47,48.7827,300,
10:28:47,48.7902,300,
10:29:06,48.7508,100,
10:29:07,48.75,200,
10:29:07,48.772,500,
10:29:24,48.7528,500,
10:29:39,48.7501,780,
10:29:49,48.75,100,
10:29:49,48.75,100,
10:29:49,48.75,100,
10:29:49,48.75,100,
10:29:51,48.75,100,
10:29:55,48.768,400,
10:30:01,48.7716,100,
10:30:02,48.78,400,
10:30:02,48.79,100,
10:30:02,48.82,100,
10:30:02,48.82,100,
10:30:02,48.8198,200,
10:30:03,48.818,100,
10:30:03,48.818,210,
10:30:04,48.83,100,
10:30:04,48.82,100,
10:30:04,48.85,100,
10:30:04,48.848,200,
10:30:04,48.848,850,
10:30:05,48.8799,2000,
10:30:08,48.8699,300,
10:30:10,48.89,300,
10:30:10,48.89,100,
10:30:10,48.8899,300,
10:30:10,48.8899,100,
10:30:10,48.8899,100,
10:30:10,48.90,3600,
10:30:12,48.90,100,
10:30:12,48.90,200,
10:30:15,48.90,100,
10:30:16,48.90,400,
10:30:16,48.90,200,
10:30:17,48.8401,300,
10:30:17,48.86,100,
10:30:18,48.879,200,
10:30:18,48.879,100,
10:30:18,48.90,100,
10:30:18,48.90,100,
10:30:20,48.88,500,
10:30:23,48.8499,100,
10:30:25,48.8499,300,
10:30:25,48.85,300,
10:30:25,48.85,800,
10:30:25,48.85,500,
10:30:26,48.85,100,
10:30:27,48.85,150,
10:30:27,48.85,100,
10:30:27,48.8486,100,
10:30:27,48.85,200,
10:30:27,48.8487,100,
10:30:27,48.85,100,
10:30:29,48.8499,100,
10:30:29,48.84,100,
10:30:35,48.8399,100,
10:30:42,48.8486,100,
10:30:47,48.88,100,
10:30:47,48.8799,100,
10:30:47,48.8799,100,
10:30:47,48.8799,300,
10:30:47,48.8799,100,
10:30:48,48.88,100,
10:30:49,48.8714,195,
10:30:49,48.8799,400,
10:30:50,48.8799,100,
10:30:50,48.8799,100,
10:30:51,48.8799,222,
10:30:52,48.8799,100,
10:30:52,48.89,1200,
10:30:56,48.887,725,
10:31:00,48.879,100,
10:31:01,48.85,300,
10:31:01,48.84,100,
10:31:09,48.8603,1000,
10:31:12,48.8684,200,
10:31:21,48.88,100,
10:31:23,48.8575,2000,
10:31:26,48.87,400,
10:31:35,48.858,120,
10:31:38,48.90,100,
10:31:38,48.90,100,
10:31:38,48.90,100,
10:31:38,48.90,100,
10:31:38,48.90,100,
10:31:38,48.90,100,
10:31:38,48.90,100,
10:31:39,48.899,100,
10:31:39,48.90,100,
10:31:39,48.90,100,
10:31:39,48.90,100,
10:31:39,48.90,100,
10:31:39,48.90,100,
10:31:39,48.90,100,
10:31:39,48.90,100,
10:31:39,48.90,100,
10:31:39,48.90,600,
10:31:39,48.90,1100,
10:31:39,48.90,100,
10:31:39,48.90,100,
10:31:39,48.90,100,
10:31:41,48.90,100,
10:31:41,48.90,100,
10:31:41,48.90,100,
10:31:41,48.90,100,
10:31:41,48.9099,200,
10:31:41,48.93,100,
10:31:41,48.93,300,
10:31:41,48.93,100,
10:31:42,48.90,100,
10:31:44,48.9285,2100,
10:31:45,48.96,100,
10:31:46,48.9599,100,
10:31:46,48.9599,100,
10:31:46,48.95,100,
10:31:46,48.9475,2000,
10:31:47,48.9499,100,
10:31:47,48.927,200,
10:31:47,48.9573,1000,
10:31:49,48.95,100,
10:31:50,48.949,100,
10:31:51,48.9401,100,
10:31:51,48.9401,100,
10:31:51,48.9401,100,
10:31:52,48.95,100,
10:31:53,48.96,100,
10:31:53,48.96,100,
10:31:53,48.95,1066,
10:31:53,48.9449,100,
10:31:53,48.949,100,
10:31:54,48.95,400,
10:31:54,48.96,4377,
10:31:57,49,100,
10:31:57,49,400,
10:31:57,49,100,
10:31:57,49,400,
10:31:57,49,1600,
10:31:59,48.94,100,
10:31:59,48.9401,300,
10:32:00,49,100,
10:32:00,48.9799,2000,
10:32:02,48.978,500,
10:32:02,48.99,100,
10:32:02,48.978,500,
10:32:05,48.963,725,
10:32:05,48.9817,650,
10:32:09,48.9495,1000,
10:32:11,48.95,300,
10:32:13,48.94,300,
10:32:16,48.88,100,
10:32:16,48.882,1050,
10:32:17,48.898,300,
10:32:17,48.898,200,
10:32:17,48.898,100,
10:32:17,48.898,300,
10:32:17,48.90,400,
10:32:17,48.898,100,
10:32:17,48.90,100,
10:32:20,48.90,2000,
10:32:22,48.9401,100,
10:32:30,48.95,100,
10:32:30,48.96,200,
10:32:30,48.96,200,
10:32:31,48.94,200,
10:32:34,48.9392,200,
10:32:39,48.9599,2000,
10:32:43,48.99,100,
10:32:45,48.98,100,
10:32:50,48.9603,100,
10:32:50,48.97,100,
10:32:51,48.99,100,
10:32:59,48.9801,100,
10:33:04,48.98,100,
10:33:04,48.98,100,
10:33:14,48.958,100,
10:33:16,48.9555,650,
10:33:19,48.9207,350,
10:33:24,48.929,200,
10:33:24,48.929,230,
10:33:26,48.929,100,
10:33:30,48.96,100,
10:33:30,48.959,200,
10:33:32,48.958,100,
10:33:32,48.94,400,
10:33:32,48.95,400,
10:33:32,48.95,300,
10:33:32,48.95,300,
10:33:32,48.95,200,
10:33:33,48.90,450,
10:33:40,48.948,100,
10:33:42,48.94,100,
10:33:42,48.94,100,
10:33:47,48.93,100,
10:33:48,48.921,2500,
10:33:58,49,100,
10:33:58,49.02,400,
10:33:59,49,100,
10:33:59,49,800,
10:33:59,49.0199,100,
10:34:01,49.0105,615,
10:34:04,49.018,100,
10:34:07,48.97,200,
10:34:09,48.98,100,
10:34:22,48.979,100,
10:34:23,48.98,900,
10:34:23,48.96,600,
10:34:26,48.9686,1000,
10:34:29,48.9719,100,
10:34:29,48.979,150,
10:34:34,48.9699,100,
10:34:36,48.97,400,
10:34:36,48.98,100,
10:34:36,49,200,
10:34:36,49,100,
10:34:36,49,100,
10:34:36,48.99,100,
10:34:36,48.98,100,
10:34:36,49,100,
10:34:36,49,300,
10:34:36,49,100,
10:34:36,49,200,
10:34:38,48.97,200,
10:34:43,49.0099,300,
10:34:43,49,100,
10:34:44,49.0106,1000,
10:34:47,49,100,
10:34:49,48.99,100,
10:34:50,49.01,400,
10:34:51,48.998,100,
10:34:53,48.999,100,
10:34:53,49.0086,634,
10:34:56,49.009,100,
10:34:59,48.9992,180,
10:35:03,48.99,200,
10:35:06,48.982,300,
10:35:06,48.98,1000,
10:35:06,48.981,1200,
10:35:08,48.98,500,
10:35:17,48.9614,200,
10:35:19,48.9701,100,
10:35:19,48.99,200,
10:35:19,48.9873,100,
10:35:31,48.9668,250,
10:35:41,48.944,500,
10:35:47,48.9662,200,
10:35:54,48.98,200,
10:36:11,48.9801,1000,
10:36:15,48.99,100,
10:36:15,48.99,400,
10:36:15,48.99,100,
10:36:18,49.03,400,
10:36:18,49.04,100,
10:36:18,49.03,1800,
10:36:18,49.04,100,
10:36:20,49.06,100,
10:36:20,49.06,5000,
10:36:23,49.0801,200,
10:36:23,49.08,200,
10:36:23,49.0999,300,
10:36:23,49.09,100,
10:36:24,49.11,150,
10:36:25,49.12,100,
10:36:26,49.11,500,
10:36:28,49.11,100,
10:36:29,49.0999,100,
10:36:29,49.081,300,
10:36:32,49.0983,500,
10:36:35,49.122,550,
10:36:36,49.0992,200,
10:36:42,49.0564,100,
10:36:51,49.0917,500,
10:36:54,49.07,100,
10:36:55,49.07,100,
10:36:55,49.07,100,
10:37:00,49.033,100,
10:37:00,49.03,200,
10:37:02,49.03,100,
10:37:02,49.02,1900,
10:37:02,49.031,900,
10:37:03,49.04,300,
10:37:05,49.0401,500,
10:37:08,49.058,400,
10:37:15,49.0391,128,
10:37:15,48.99,180,
10:37:17,48.9886,100,
10:37:17,48.981,100,
10:37:20,48.9502,100,
10:37:29,48.90,100,
10:37:29,48.90,100,
10:37:29,48.90,100,
10:37:29,48.90,100,
10:37:30,48.93,300,
10:37:30,48.9199,200,
10:37:30,48.93,300,
10:37:30,48.93,300,
10:37:30,48.93,300,
10:37:30,48.93,300,
10:37:30,48.9205,2500,
10:37:31,48.92,200,
10:37:31,48.92,100,
10:37:35,48.901,500,
10:37:37,48.89,2000,
10:37:38,48.895,200,
10:37:39,48.90,100,
10:37:43,48.90,100,
10:37:43,48.8909,1100,
10:37:45,48.93,100,
10:37:48,48.94,800,
10:37:50,48.928,400,
10:38:08,48.902,200,
10:38:18,48.882,750,
10:38:20,48.86,400,
10:38:20,48.85,1675,
10:38:24,48.8601,100,
10:38:30,48.861,100,
10:38:35,48.86,100,
10:38:35,48.861,100,
10:38:35,48.86,100,
10:38:37,48.841,100,
10:38:38,48.841,1400,
10:38:38,48.841,1400,
10:38:38,48.841,300,
10:38:39,48.84,300,
10:38:39,48.84,200,
10:38:39,48.83,200,
10:38:41,48.82,1200,
10:38:44,48.823,1000,
10:38:46,48.83,100,
10:38:47,48.81,100,
10:38:47,48.81,100,
10:38:47,48.823,500,
10:38:49,48.82,100,
10:38:52,48.802,100,
10:38:52,48.802,200,
10:38:52,48.802,200,
10:38:52,48.80,200,
10:38:52,48.80,200,
10:38:52,48.80,100,
10:38:52,48.80,100,
10:38:57,48.8232,100,
10:38:57,48.83,100,
10:38:57,48.8314,100,
10:39:07,48.88,100,
10:39:07,48.8801,100,
10:39:07,48.87,3700,
10:39:21,48.8501,200,
10:39:24,48.878,120,
10:39:33,48.91,100,
10:39:33,48.92,100,
10:39:33,48.92,100,
10:39:33,48.92,100,
10:39:34,48.92,100,
10:39:37,48.9299,1000,
10:39:40,48.92,200,
10:39:40,48.92,100,
10:39:43,48.91,300,
10:39:43,48.91,300,
10:39:51,48.886,1000,
10:39:53,48.893,108,
10:40:00,48.97,100,
10:40:03,48.98,100,
10:40:03,48.98,200,
10:40:05,48.9701,2000,
10:40:06,48.982,100,
10:40:06,48.982,100,
10:40:09,48.9973,1000,
10:40:10,48.99,100,
10:40:11,48.98,100,
10:40:12,49,100,
10:40:12,49.0229,200,
10:40:13,49.038,400,
10:40:15,49.05,400,
10:40:15,49.06,100,
10:40:16,49.0699,300,
10:40:16,49.07,2850,
10:40:18,49.042,300,
10:40:19,49.05,100,
10:40:19,49.0502,200,
10:40:20,49.0673,630,
10:40:23,49.05,100,
10:40:25,49.09,100,
10:40:26,49.12,100,
10:40:26,49.10,100,
10:40:26,49.11,400,
10:40:26,49.13,100,
10:40:26,49.11,100,
10:40:26,49.12,100,
10:40:26,49.1117,550,
10:40:27,49.12,100,
10:40:29,49.106,1000,
10:40:29,49.0883,550,
10:40:36,49.098,600,
10:40:37,49.10,800,
10:40:38,49.1001,200,
10:40:41,49.07,190,
10:40:43,49.07,158,
10:40:47,49.10,100,
10:40:47,49.081,300,
10:40:48,49.11,1900,
10:40:49,49.0701,100,
10:40:51,49.078,725,
10:40:54,49.08,100,
10:40:57,49.0901,800,
10:41:00,49.04,100,
10:41:00,49.04,100,
10:41:01,49.04,100,
10:41:07,49.046,500,
10:41:11,49.054,100,
10:41:19,49.04,300,
10:41:22,49.0601,100,
10:41:22,49.0601,100,
10:41:22,49.0601,100,
10:41:22,49.04,100,
10:41:24,49.05,100,
10:41:24,49.04,100,
10:41:26,49.06,100,
10:41:28,49.06,100,
10:41:30,49.05,900,
10:41:38,49.0668,110,
10:41:41,49.0599,100,
10:41:41,49.06,100,
10:41:41,49.09,3010,
10:41:47,49.14,100,
10:41:47,49.10,180,
10:41:47,49.13,400,
10:41:53,49.1068,100,
10:41:57,49.108,200,
10:42:24,49.1001,2700,
10:42:31,49.0957,100,
10:42:31,49.0927,100,
10:42:31,49.091,1200,
10:42:32,49.1054,500,
10:42:33,49.093,900,
10:42:33,49.1099,300,
10:42:34,49.15,100,
10:42:34,49.15,100,
10:42:34,49.15,100,
10:42:35,49.18,100,
10:42:35,49.18,100,
10:42:36,49.18,100,
10:42:36,49.18,200,
10:42:36,49.18,300,
10:42:36,49.18,100,
10:42:37,49.168,500,
10:42:37,49.18,800,
10:42:39,49.18,100,
10:42:39,49.20,300,
10:42:44,49.2145,1000,
10:42:44,49.20,190,
10:42:44,49.20,300,
10:42:44,49.18,100,
10:42:46,49.1714,100,
10:42:53,49.16,300,
10:42:53,49.14,200,
10:43:01,49.1873,1000,
10:43:05,49.1601,150,
10:43:05,49.16,200,
10:43:05,49.14,100,
10:43:05,49.15,300,
10:43:07,49.16,100,
10:43:11,49.1799,130,
10:43:12,49.16,283,
10:43:12,49.16,100,
10:43:12,49.14,100,
10:43:12,49.14,100,
10:43:12,49.11,400,
10:43:12,49.14,400,
10:43:12,49.11,100,
10:43:12,49.10,500,
10:43:12,49.10,100,
10:43:12,49.11,200,
10:43:12,49.10,200,
10:43:12,49.10,100,
10:43:12,49.16,100,
10:43:12,49.16,200,
10:43:12,49.12,100,
10:43:12,49.17,160,
10:43:12,49.08,100,
10:43:12,49.08,200,
10:43:12,49.06,100,
10:43:12,49.08,194,
10:43:12,49.06,100,
10:43:12,49.12,100,
10:43:12,49.08,100,
10:43:12,49.07,100,
10:43:12,49.05,100,
10:43:12,49.06,100,
10:43:12,49.08,100,
10:43:12,49.08,100,
10:43:12,49.05,200,
10:43:13,49.07,300,
10:43:14,49.07,200,
10:43:17,49.0601,100,
10:43:19,49.0696,300,
10:43:19,49.0697,100,
10:43:19,49.07,100,
10:43:20,49.048,100,
10:43:21,49.05,300,
10:43:21,49.05,200,
10:43:25,49.08,400,
10:43:25,49.09,100,
10:43:25,49.07,200,
10:43:25,49.10,100,
10:43:27,49.03,100,
10:43:27,49.03,100,
10:43:27,49.03,500,
10:43:31,49.07,100,
10:43:31,49.07,100,
10:43:31,49.07,100,
10:43:31,49.07,100,
10:43:31,49.07,300,
10:43:32,49.06,200,
10:43:32,49.06,300,
10:43:32,49.06,300,
10:43:32,49.06,100,
10:43:32,49.06,300,
10:43:32,49.06,200,
10:43:32,49.06,200,
10:43:32,49.06,300,
10:43:32,49.06,5500,
10:43:34,49.08,100,
10:43:34,49.08,100,
10:43:37,49.0681,100,
10:43:37,49.061,300,
10:43:46,49.038,100,
10:43:47,49.02,300,
10:43:47,49,260,
10:43:48,48.99,100,
10:43:48,48.9899,300,
10:43:49,48.9801,100,
10:43:52,48.97,700,
10:43:52,48.94,100,
10:43:53,48.93,200,
10:43:55,48.935,300,
10:43:55,48.9399,300,
10:43:55,48.95,150,
10:43:56,48.90,400,
10:43:58,48.8613,100,
10:43:58,48.861,130,
10:43:59,48.86,200,
10:43:59,48.8686,200,
10:44:00,48.86,900,
10:44:05,48.861,200,
10:44:05,48.861,100,
10:44:06,48.87,200,
10:44:08,48.88,200,
10:44:08,48.87,100,
10:44:09,48.88,100,
10:44:09,48.88,200,
10:44:13,48.90,200,
10:44:17,48.95,100,
10:44:17,48.95,200,
10:44:17,48.95,100,
10:44:18,48.9745,500,
10:44:18,48.9768,100,
10:44:19,48.9784,110,
10:44:24,48.968,100,
10:44:27,48.93,300,
10:44:33,48.93,100,
10:44:34,48.92,100,
10:44:36,48.92,200,
10:44:51,48.9399,2000,
10:44:52,48.9388,200,
10:44:52,48.9399,300,
10:44:52,48.94,300,
10:44:54,48.938,250,
10:44:56,48.92,500,
10:44:59,48.9001,500,
10:45:00,48.9203,500,
10:45:01,48.93,300,
10:45:02,48.9383,1000,
10:45:15,49.04,300,
10:45:17,49.07,400,
10:45:17,49.0699,200,
10:45:17,49.0699,100,
10:45:17,49.08,1000,
10:45:22,49.0345,500,
10:45:23,49,300,
10:45:23,49.0199,100,
10:45:31,48.9609,200,
10:45:35,48.9984,100,
10:45:37,49.008,100,
10:45:42,48.9601,4000,
10:45:44,48.962,115,
10:45:54,49.02,100,
10:45:54,49.02,300,
10:45:57,49.01,100,
10:46:03,49.028,500,
10:46:09,48.99,100,
10:46:10,49.0299,200,
10:46:16,49.0385,3000,
10:46:19,49.01,100,
10:46:25,49.0008,300,
10:46:29,49.0278,300,
10:46:29,49.03,600,
10:46:40,48.9586,200,
10:46:43,48.93,100,
10:46:50,48.9168,100,
10:46:54,48.90,2500,
10:46:55,48.916,300,
10:46:56,48.9099,200,
10:47:00,48.90,150,
10:47:05,48.91,100,
10:47:05,48.91,100,
10:47:05,48.91,100,
10:47:13,48.9384,200,
10:47:23,48.87,100,
10:47:23,48.86,1900,
10:47:27,48.84,1000,
10:47:27,48.85,100,
10:47:27,48.831,2900,
10:47:29,48.8306,515,
10:47:29,48.85,100,
10:47:35,48.8498,1000,
10:47:36,48.85,200,
10:47:36,48.8491,400,
10:47:36,48.85,100,
10:47:36,48.85,100,
10:47:37,48.85,300,
10:47:39,48.81,100,
10:47:39,48.82,100,
10:47:39,48.80,100,
10:47:39,48.80,200,
10:47:39,48.79,200,
10:47:39,48.79,100,
10:47:39,48.83,300,
10:47:42,48.782,200,
10:47:44,48.7701,100,
10:47:45,48.7986,1000,
10:47:52,48.7602,600,
10:47:52,48.761,100,
10:47:57,48.7799,200,
10:47:57,48.77,100,
10:47:57,48.78,200,
10:48:01,48.80,300,
10:48:02,48.7899,900,
10:48:10,48.8168,100,
10:48:13,48.8201,100,
10:48:16,48.857,250,
10:48:16,48.8399,100,
10:48:16,48.8399,100,
10:48:16,48.83,300,
10:48:16,48.83,300,
10:48:18,48.83,200,
10:48:22,48.82,200,
10:48:22,48.82,200,
10:48:24,48.8001,750,
10:48:25,48.79,200,
10:48:40,48.803,518,
10:48:54,48.83,300,
10:48:56,48.8201,369,
10:49:00,48.813,380,
10:49:12,48.84,100,
10:49:13,48.85,100,
10:49:20,48.9233,300,
10:49:20,48.911,400,
10:49:22,48.913,600,
10:49:26,48.95,100,
10:49:30,49,300,
10:49:31,48.999,4600,
10:49:31,49,100,
10:49:32,48.9801,200,
10:49:35,49.04,100,
10:49:38,49.05,400,
10:49:40,49.02,100,
10:49:41,49.03,100,
10:49:42,49.01,100,
10:49:42,49.01,200,
10:49:43,49.03,100,
10:49:44,49.0003,100,
10:49:51,49.0299,300,
10:49:55,49.03,100,
10:49:55,49.0299,100,
10:49:55,49.0299,100,
10:49:55,49.0299,100,
10:49:56,49.0268,400,
10:49:58,49,100,
10:50:01,49,100,
10:50:03,48.9801,2000,
10:50:08,48.95,100,
10:50:10,48.95,200,
10:50:10,48.97,100,
10:50:10,48.954,200,
10:50:10,48.951,200,
10:50:10,48.951,100,
10:50:10,48.951,300,
10:50:10,48.951,100,
10:50:10,48.951,100,
10:50:10,48.951,100,
10:50:10,48.951,100,
10:50:10,48.95,100,
10:50:10,48.95,100,
10:50:10,48.95,100,
10:50:11,48.9699,100,
10:50:11,48.98,200,
10:50:18,48.9542,1044,
10:50:29,48.9699,990,
10:50:32,48.954,500,
10:50:33,48.93,100,
10:50:36,48.9413,100,
10:50:37,48.941,800,
10:50:37,48.942,2100,
10:50:43,48.96,200,
10:50:54,48.93,100,
10:50:58,48.9381,100,
10:50:58,48.931,200,
10:51:08,48.94,400,
10:51:08,48.94,100,
10:51:08,48.94,100,
10:51:08,48.94,200,
10:51:09,48.93,100,
10:51:09,48.93,1100,
10:51:10,48.91,400,
10:51:10,48.91,100,
10:51:10,48.9101,300,
10:51:10,48.90,3200,
10:51:13,48.90,100,
10:51:22,48.82,100,
10:51:24,48.8148,200,
10:51:26,48.83,300,
10:51:30,48.84,100,
10:51:30,48.84,100,
10:51:30,48.832,300,
10:51:30,48.83,300,
10:51:30,48.832,500,
10:51:30,48.83,200,
10:51:30,48.83,400,
10:51:34,48.8381,200,
10:51:34,48.831,300,
10:51:34,48.83,900,
10:51:40,48.84,100,
10:51:40,48.84,200,
10:51:40,48.8478,100,
10:51:44,48.8765,200,
10:51:46,48.88,100,
10:51:47,48.8996,100,
10:52:04,48.872,220,
10:52:05,48.8311,200,
10:52:05,48.82,100,
10:52:08,48.832,100,
10:52:09,48.831,100,
10:52:22,48.85,100,
10:52:22,48.84,300,
10:52:39,48.8202,1000,
10:52:43,48.822,600,
10:52:45,48.84,200,
10:52:51,48.84,400,
10:52:51,48.84,100,
10:52:56,48.858,1700,
10:53:07,48.80,100,
10:53:07,48.802,100,
10:53:08,48.791,100,
10:53:08,48.791,100,
10:53:10,48.80,100,
10:53:13,48.8201,2000,
10:53:16,48.81,400,
10:53:19,48.87,100,
10:53:19,48.88,100,
10:53:31,48.85,100,
10:53:34,48.85,100,
10:53:45,48.858,200,
10:53:52,48.8066,1500,
10:53:55,48.80,300,
10:53:59,48.80,100,
10:53:59,48.80,100,
10:53:59,48.80,100,
10:54:09,48.81,250,
10:54:11,48.83,100,
10:54:11,48.83,100,
10:54:19,48.83,200,
10:54:23,48.818,100,
10:54:30,48.8199,300,
10:54:31,48.82,400,
10:54:34,48.82,100,
10:54:34,48.81,100,
10:54:34,48.82,100,
10:54:40,48.846,1000,
10:54:44,48.88,100,
10:54:51,48.84,100,
10:54:59,48.86,200,
10:54:59,48.8499,2000,
10:55:23,48.92,100,
10:55:23,48.92,300,
10:55:23,48.92,100,
10:55:26,48.91,100,
10:55:26,48.9101,300,
10:55:27,48.92,100,
10:55:36,48.9401,300,
10:55:36,48.93,2800,
10:55:40,48.91,200,
10:55:40,48.91,300,
10:55:40,48.91,300,
10:55:40,48.91,300,
10:55:40,48.9101,300,
10:55:40,48.9101,300,
10:55:40,48.9101,300,
10:55:40,48.9101,300,
10:55:40,48.9101,300,
10:55:40,48.9101,300,
10:55:45,48.93,100,
10:55:45,48.9301,800,
10:55:50,48.912,1900,
10:56:05,48.93,2700,
10:56:17,48.896,600,
10:56:22,48.882,100,
10:56:36,48.91,225,
10:56:55,48.857,100,
10:56:59,48.8401,100,
10:56:59,48.8401,100,
10:56:59,48.842,100,
10:57:03,48.83,100,
10:57:03,48.83,100,
10:57:03,48.8004,100,
10:57:04,48.8194,1000,
10:57:12,48.821,200,
10:57:13,48.81,600,
10:57:44,48.8799,800,
10:57:50,48.8501,100,
10:58:05,48.8509,200,
10:58:10,48.93,100,
10:58:10,48.93,100,
10:58:10,48.93,100,
10:58:10,48.911,1600,
10:58:11,48.911,1600,
10:58:17,48.9168,200,
10:58:28,48.94,2500,
10:58:34,48.92,100,
10:58:54,48.9299,100,
10:59:06,48.85,100,
10:59:20,48.92,100,
10:59:29,48.89,300,
10:59:37,49,100,
10:59:37,48.99,100,
10:59:39,49.0198,300,
10:59:39,49.02,300,
10:59:40,49.01,100,
10:59:43,49.0385,1900,
10:59:43,49.019,900,
10:59:43,49,100,
10:59:43,49,100,
10:59:45,49.0396,200,
10:59:47,48.998,200,
10:59:49,48.99,200,
10:59:51,48.9801,400,
10:59:51,48.98,700,
10:59:51,48.9995,500,
10:59:54,48.96,100,
10:59:55,48.95,100,
10:59:55,48.95,200,
11:00:04,48.93,100,
11:00:10,48.93,100,
11:00:10,48.927,220,
11:00:20,48.96,100,
11:00:20,48.96,100,
11:00:22,48.9569,300,
11:00:25,48.96,100,
11:00:25,48.96,200,
11:00:25,48.9525,3800,
11:00:28,48.9907,100,
11:00:30,48.98,300,
11:00:31,48.98,100,
11:00:31,48.978,100,
11:00:31,48.99,400,
11:00:31,48.978,400,
11:00:34,48.9899,1000,
11:00:36,49.01,200,
11:00:41,49.019,1000,
11:00:44,49.03,100,
11:00:56,48.9898,100,
11:01:10,49,100,
11:01:10,49.0297,500,
11:01:11,49.03,100,
11:01:12,49.02,100,
11:01:14,49.05,400,
11:01:15,49.03,100,
11:01:15,49.04,100,
11:01:15,49.04,100,
11:01:20,49.0227,1000,
11:01:22,49.04,100,
11:01:24,49.037,100,
11:01:27,49.03,100,
11:01:27,49.04,300,
11:01:27,49.038,100,
11:01:27,49.038,100,
11:01:29,49.03,100,
11:01:29,48.99,400,
11:01:30,49,100,
11:01:32,49,100,
11:01:32,49,200,
11:01:35,49.002,400,
11:01:42,48.9401,250,
11:01:45,48.9999,1000,
11:01:45,49,100,
11:01:47,49,2000,
11:02:01,49.0002,300,
11:02:01,49,100,
11:02:03,49,100,
11:02:03,49,100,
11:02:08,49.0004,2300,
11:02:11,49.01,500,
11:02:13,49,100,
11:02:17,49.012,100,
11:02:20,49.0101,300,
11:02:20,49.01,100,
11:02:21,49.012,600,
11:02:33,48.9699,200,
11:02:36,48.92,100,
11:02:36,48.90,100,
11:02:39,48.92,300,
11:02:39,48.92,100,
11:02:39,48.90,100,
11:02:40,48.91,100,
11:02:43,48.9099,100,
11:02:44,48.892,400,
11:02:50,48.9008,300,
11:02:59,48.902,250,
11:03:13,48.8899,300,
11:03:29,48.8309,220,
11:03:32,48.84,990,
11:03:51,48.90,200,
11:03:51,48.90,200,
11:03:57,48.9392,100,
11:04:16,48.89,100,
11:04:22,48.91,300,
11:04:41,48.90,300,
11:04:49,48.87,700,
11:05:10,48.8999,200,
11:05:10,48.90,100,
11:05:11,48.898,100,
11:05:34,48.90,100,
11:05:34,48.90,100,
11:05:35,48.90,100,
11:05:35,48.902,300,
11:05:49,49,3800,
11:05:53,48.98,100,
11:06:05,48.932,200,
11:06:08,48.932,100,
11:06:11,48.9486,100,
11:06:11,48.9486,100,
11:06:11,48.95,100,
11:06:11,48.95,100,
11:06:16,48.9401,111,
11:06:33,48.93,100,
11:06:33,48.93,100,
11:06:33,48.94,200,
11:06:40,48.96,100,
11:06:55,48.9632,400,
11:07:04,48.99,100,
11:07:04,49,100,
11:07:09,49.0099,100,
11:07:10,49,100,
11:07:10,49,100,
11:07:13,49.0104,100,
11:07:20,49.011,261,
11:07:23,49,100,
11:07:23,49,100,
11:07:25,49,100,
11:07:29,49.0268,100,
11:07:31,49.04,2000,
11:07:38,49.01,100,
11:07:38,49.0101,4500,
11:07:38,49.01,200,
11:07:38,49.028,200,
11:07:38,49.012,100,
11:07:40,49.0126,200,
11:07:48,49.0299,4000,
11:07:48,49.0301,200,
11:07:48,49.02,100,
11:07:51,49.02,300,
11:07:51,49.02,100,
11:07:51,49.02,100,
11:07:52,48.99,100,
11:07:54,48.99,100,
11:07:57,48.98,500,
11:07:57,48.9769,100,
11:07:57,48.9799,1300,
11:07:57,48.98,100,
11:07:58,48.98,1600,
11:08:00,48.98,300,
11:08:00,48.98,1200,
11:08:02,48.98,100,
11:08:02,48.98,400,
11:08:02,48.976,400,
11:08:02,48.976,200,
11:08:02,48.976,200,
11:08:03,48.9601,300,
11:08:03,48.93,100,
11:08:03,48.93,200,
11:08:04,48.902,500,
11:08:05,48.9299,200,
11:08:05,48.95,100,
11:08:07,48.94,100,
11:08:09,48.95,100,
11:08:12,48.9452,408,
11:08:24,48.90,100,
11:08:37,48.88,100,
11:08:37,48.8801,100,
11:08:37,48.8801,100,
11:08:38,48.8999,100,
11:08:51,48.968,200,
11:09:00,48.92,100,
11:09:19,48.93,100,
11:09:19,48.93,100,
11:09:19,48.93,300,
11:09:19,48.93,200,
11:09:19,48.93,500,
11:09:33,48.9499,3000,
11:09:40,48.94,100,
11:09:40,48.94,100,
11:09:43,48.9101,100,
11:09:45,48.91,100,
11:09:45,48.91,100,
11:09:47,48.92,200,
11:10:15,48.92,200,
11:10:15,48.93,300,
11:10:19,48.93,300,
11:10:19,48.93,100,
11:10:19,48.96,100,
11:10:19,48.97,100,
11:10:21,48.97,100,
11:10:24,48.96,200,
11:10:25,48.96,100,
11:10:25,48.961,100,
11:10:27,48.97,300,
11:10:41,48.963,1000,
11:10:42,48.99,300,
11:10:43,49,300,
11:10:43,49,200,
11:10:43,49,200,
11:10:43,49,300,
11:10:43,49,100,
11:10:43,49,100,
11:10:43,49,300,
11:10:43,49,100,
11:10:43,49,300,
11:10:43,49,100,
11:10:43,49,300,
11:10:43,49,200,
11:10:44,48.9999,100,
11:10:44,48.98,700,
11:10:44,48.98,1000,
11:10:44,48.99,100,
11:10:53,48.99,100,
11:10:53,48.99,100,
11:11:01,48.98,100,
11:11:01,48.98,100,
11:11:01,48.98,100,
11:11:01,48.98,300,
11:11:01,48.98,255,
11:11:01,48.98,700,
11:11:01,48.98,355,
11:11:01,48.98,855,
11:11:01,48.97,500,
11:11:01,48.96,100,
11:11:01,48.96,100,
11:11:01,48.97,500,
11:11:01,48.95,400,
11:11:01,48.95,200,
11:11:01,48.96,100,
11:11:01,48.94,100,
11:11:01,48.98,100,
11:11:01,48.95,100,
11:11:01,48.94,100,
11:11:01,48.94,100,
11:11:01,48.94,100,
11:11:01,48.92,400,
11:11:01,48.92,100,
11:11:01,48.92,100,
11:11:01,48.92,100,
11:11:01,48.91,200,
11:11:01,48.91,200,
11:11:01,48.93,100,
11:11:01,48.93,100,
11:11:01,48.90,100,
11:11:02,48.90,300,
11:11:02,48.90,100,
11:11:04,48.89,400,
11:11:08,48.90,100,
11:11:08,48.85,100,
11:11:08,48.85,300,
11:11:08,48.85,100,
11:11:11,48.83,100,
11:11:11,48.8229,120,
11:11:14,48.81,100,
11:11:14,48.80,2500,
11:11:15,48.82,100,
11:11:15,48.82,300,
11:11:16,48.81,300,
11:11:18,48.84,200,
11:11:19,48.8114,300,
11:11:20,48.8197,500,
11:11:20,48.8197,100,
11:11:20,48.8197,100,
11:11:20,48.82,500,
11:11:20,48.82,100,
11:11:22,48.80,100,
11:11:22,48.80,100,
11:11:22,48.79,100,
11:11:22,48.79,100,
11:11:23,48.77,100,
11:11:23,48.77,100,
11:11:24,48.7699,100,
11:11:27,48.7659,250,
11:11:32,48.77,100,
11:11:34,48.77,100,
11:11:35,48.77,100,
11:11:35,48.77,200,
11:11:41,48.76,1000,
11:11:42,48.7586,100,
11:11:45,48.76,800,
11:11:49,48.77,321,
11:11:49,48.77,400,
11:11:49,48.77,179,
11:11:49,48.77,100,
11:11:49,48.78,100,
11:11:54,48.75,121,
11:11:54,48.75,121,
11:11:54,48.75,100,
11:11:54,48.73,229,
11:11:54,48.73,100,
11:11:54,48.73,139,
11:11:54,48.7301,100,
11:11:54,48.72,300,
11:11:54,48.7267,100,
11:11:55,48.75,100,
11:11:55,48.75,100,
11:11:55,48.75,300,
11:11:55,48.7601,210,
11:11:57,48.73,1515,
11:11:59,48.73,200,
11:11:59,48.73,100,
11:11:59,48.73,100,
11:11:59,48.73,100,
11:11:59,48.73,100,
11:11:59,48.72,100,
11:11:59,48.70,1300,
11:11:59,48.70,100,
11:11:59,48.701,400,
11:11:59,48.701,400,
11:11:59,48.70,300,
11:11:59,48.70,100,
11:11:59,48.70,100,
11:11:59,48.70,800,
11:11:59,48.70,100,
11:11:59,48.69,300,
11:11:59,48.6816,400,
11:11:59,48.68,300,
11:11:59,48.68,300,
11:11:59,48.67,100,
11:11:59,48.67,300,
11:11:59,48.67,300,
11:11:59,48.67,300,
11:11:59,48.70,900,
11:11:59,48.67,300,
11:12:00,48.68,100,
11:12:00,48.662,163,
11:12:00,48.66,400,
11:12:00,48.66,300,
11:12:00,48.66,100,
11:12:00,48.65,250,
11:12:00,48.64,100,
11:12:00,48.6599,100,
11:12:01,48.65,800,
11:12:01,48.651,200,
11:12:01,48.65,100,
11:12:02,48.65,1900,
11:12:02,48.65,2100,
11:12:02,48.65,2000,
11:12:02,48.65,1700,
11:12:02,48.6501,100,
11:12:02,48.66,100,
11:12:02,48.64,1000,
11:12:02,48.63,300,
11:12:02,48.63,400,
11:12:02,48.62,300,
11:12:02,48.62,700,
11:12:02,48.63,300,
11:12:02,48.63,100,
11:12:02,48.63,1000,
11:12:02,48.63,700,
11:12:02,48.63,100,
11:12:03,48.659,400,
11:12:05,48.64,100,
11:12:05,48.64,200,
11:12:05,48.65,300,
11:12:05,48.64,100,
11:12:05,48.64,100,
11:12:05,48.66,100,
11:12:05,48.64,300,
11:12:05,48.611,100,
11:12:05,48.611,150,
11:12:05,48.6399,100,
11:12:10,48.61,100,
11:12:10,48.64,100,
11:12:14,48.64,300,
11:12:15,48.6399,1300,
11:12:15,48.64,300,
11:12:15,48.64,100,
11:12:15,48.64,100,
11:12:15,48.64,100,
11:12:15,48.64,200,
11:12:16,48.62,200,
11:12:16,48.63,200,
11:12:16,48.60,200,
11:12:16,48.63,100,
11:12:17,48.60,365,
11:12:17,48.60,400,
11:12:22,48.59,300,
11:12:22,48.58,100,
11:12:22,48.58,100,
11:12:22,48.58,100,
11:12:22,48.58,100,
11:12:22,48.58,100,
11:12:22,48.58,100,
11:12:23,48.59,250,
11:12:24,48.61,100,
11:12:28,48.63,397,
11:12:33,48.61,300,
11:12:33,48.62,100,
11:12:33,48.60,300,
11:12:33,48.62,100,
11:12:33,48.62,400,
11:12:44,48.601,100,
11:12:46,48.62,100,
11:12:46,48.62,100,
11:12:46,48.62,100,
11:12:50,48.62,100,
11:12:50,48.62,100,
11:12:50,48.62,100,
11:12:51,48.6148,400,
11:13:02,48.60,100,
11:13:09,48.61,300,
11:13:09,48.61,100,
11:13:15,48.598,250,
11:13:15,48.602,100,
11:13:15,48.602,200,
11:13:15,48.60,100,
11:13:15,48.602,100,
11:13:15,48.602,100,
11:13:15,48.60,100,
11:13:17,48.60,100,
11:13:17,48.592,300,
11:13:18,48.60,100,
11:13:23,48.6307,750,
11:13:27,48.65,147,
11:13:30,48.6414,100,
11:13:30,48.66,500,
11:13:30,48.66,300,
11:13:30,48.66,300,
11:13:30,48.6599,300,
11:13:30,48.6599,500,
11:13:30,48.6599,100,
11:13:30,48.6599,300,
11:13:30,48.6599,100,
11:13:30,48.6599,100,
11:13:31,48.64,100,
11:13:31,48.6501,100,
11:13:31,48.6101,100,
11:13:35,48.6311,200,
11:13:39,48.653,1000,
11:13:46,48.6397,300,
11:13:48,48.64,100,
11:13:51,48.64,2000,
11:13:56,48.638,100,
11:14:01,48.6599,100,
11:14:01,48.66,100,
11:14:01,48.6599,100,
11:14:03,48.657,1000,
11:14:09,48.6601,200,
11:14:13,48.6799,700,
11:14:13,48.6799,200,
11:14:16,48.69,100,
11:14:16,48.69,300,
11:14:16,48.69,100,
11:14:16,48.6899,300,
11:14:16,48.6899,100,
11:14:16,48.6899,300,
11:14:16,48.6899,100,
11:14:16,48.70,100,
11:14:16,48.70,100,
11:14:16,48.6999,100,
11:14:16,48.6999,100,
11:14:16,48.6999,100,
11:14:19,48.70,100,
11:14:19,48.6991,400,
11:14:33,48.69,200,
11:14:34,48.67,100,
11:14:34,48.68,100,
11:14:36,48.669,1100,
11:14:41,48.655,2000,
11:14:45,48.6299,150,
11:14:47,48.61,200,
11:14:47,48.60,100,
11:14:47,48.59,300,
11:14:48,48.58,100,
11:14:48,48.60,300,
11:14:48,48.58,100,
11:14:48,48.58,100,
11:14:48,48.581,200,
11:14:48,48.581,400,
11:14:51,48.58,2500,
11:14:51,48.58,4000,
11:14:54,48.58,100,
11:14:54,48.5601,200,
11:14:54,48.56,200,
11:14:55,48.55,3000,
11:14:57,48.56,100,
11:14:57,48.56,100,
11:14:57,48.56,100,
11:14:58,48.5799,200,
11:14:59,48.56,100,
11:14:59,48.57,100,
11:14:59,48.56,1000,
11:14:59,48.56,100,
11:14:59,48.56,500,
11:15:00,48.57,500,
11:15:02,48.55,100,
11:15:02,48.56,100,
11:15:02,48.56,1405,
11:15:02,48.5601,800,
11:15:02,48.55,138,
11:15:06,48.54,500,
11:15:10,48.54,300,
11:15:12,48.55,200,
11:15:17,48.5513,1000,
11:15:31,48.5899,300,
11:15:31,48.59,100,
11:15:32,48.58,100,
11:15:43,48.58,200,
11:15:45,48.5768,100,
11:15:54,48.56,150,
11:15:58,48.59,100,
11:15:58,48.5868,100,
11:16:05,48.64,100,
11:16:08,48.616,1000,
11:16:15,48.64,117,
11:16:15,48.64,400,
11:16:15,48.64,1700,
11:16:15,48.64,300,
11:16:19,48.64,1840,
11:16:21,48.618,300,
11:16:28,48.66,300,
11:16:31,48.6594,800,
11:16:33,48.65,100,
11:16:45,48.6508,200,
11:16:47,48.6799,100,
11:16:49,48.6868,400,
11:16:51,48.6799,100,
11:16:53,48.678,100,
11:16:53,48.68,400,
11:16:58,48.67,100,
11:16:59,48.65,300,
11:17:00,48.61,319,
11:17:01,48.6198,200,
11:17:01,48.62,100,
11:17:03,48.6186,100,
11:17:03,48.62,200,
11:17:04,48.58,500,
11:17:04,48.609,200,
11:17:06,48.61,500,
11:17:15,48.639,100,
11:17:17,48.65,800,
11:17:18,48.613,200,
11:17:29,48.6001,300,
11:17:42,48.602,200,
11:17:42,48.60,100,
11:17:42,48.602,100,
11:17:42,48.602,100,
11:17:53,48.58,100,
11:17:53,48.59,100,
11:17:53,48.58,100,
11:17:53,48.58,100,
11:17:59,48.5699,300,
11:18:00,48.55,200,
11:18:07,48.55,100,
11:18:07,48.55,300,
11:18:08,48.57,300,
11:18:08,48.57,300,
11:18:10,48.56,100,
11:18:15,48.582,350,
11:18:16,48.5914,100,
11:18:20,48.62,100,
11:18:21,48.6199,300,
11:18:22,48.62,100,
11:18:22,48.62,100,
11:18:22,48.62,100,
11:18:22,48.66,100,
11:18:22,48.66,100,
11:18:28,48.65,400,
11:18:29,48.6301,100,
11:18:42,48.642,100,
11:18:44,48.646,1000,
11:18:49,48.66,100,
11:18:50,48.65,200,
11:18:50,48.65,100,
11:18:59,48.648,292,
11:19:09,48.6684,100,
11:19:09,48.6699,240,
11:19:15,48.69,100,
11:19:15,48.6891,100,
11:19:16,48.7001,100,
11:19:25,48.74,400,
11:19:26,48.74,100,
11:19:26,48.75,100,
11:19:26,48.75,400,
11:19:26,48.78,300,
11:19:26,48.78,200,
11:19:27,48.7899,600,
11:19:33,48.7525,2500,
11:19:38,48.77,100,
11:19:40,48.752,300,
11:19:40,48.752,500,
11:19:40,48.75,300,
11:19:40,48.752,100,
11:19:40,48.75,100,
11:19:45,48.7694,1000,
11:19:54,48.76,2900,
11:19:54,48.76,1200,
11:19:56,48.76,100,
11:20:05,48.72,100,
11:20:05,48.72,100,
11:20:05,48.7286,300,
11:20:08,48.69,400,
11:20:20,48.7201,500,
11:20:32,48.73,250,
11:20:36,48.7441,100,
11:20:44,48.74,400,
11:20:46,48.75,100,
11:20:47,48.77,300,
11:20:47,48.77,100,
11:20:47,48.77,100,
11:20:47,48.77,100,
11:20:57,48.84,100,
11:20:59,48.85,1000,
11:20:59,48.85,400,
11:21:00,48.87,600,
11:21:00,48.88,400,
11:21:01,48.889,100,
11:21:01,48.89,100,
11:21:01,48.89,100,
11:21:01,48.89,100,
11:21:01,48.89,100,
11:21:01,48.89,900,
11:21:01,48.89,100,
11:21:01,48.90,100,
11:21:01,48.9067,100,
11:21:01,48.909,300,
11:21:01,48.9001,100,
11:21:03,48.888,900,
11:21:08,48.84,150,
11:21:08,48.831,150,
11:21:08,48.831,200,
11:21:09,48.84,500,
11:21:12,48.82,1700,
11:21:18,48.82,1200,
11:21:30,48.822,600,
11:21:32,48.821,100,
11:21:44,48.79,100,
11:21:44,48.79,100,
11:21:51,48.80,100,
11:21:56,48.78,140,
11:22:06,48.77,1000,
11:22:14,48.74,300,
11:22:24,48.75,100,
11:22:24,48.75,100,
11:22:25,48.77,100,
11:22:26,48.7945,500,
11:22:35,48.80,100,
11:22:38,48.81,200,
11:22:40,48.81,100,
11:22:46,48.76,100,
11:23:06,48.8499,200,
11:23:12,48.8309,125,
11:23:14,48.86,100,
11:23:14,48.86,300,
11:23:14,48.85,200,
11:23:14,48.85,400,
11:23:14,48.87,100,
11:23:14,48.84,100,
11:23:14,48.86,300,
11:23:14,48.88,100,
11:23:14,48.88,100,
11:23:14,48.88,100,
11:23:14,48.88,100,
11:23:17,48.85,100,
11:23:19,48.8799,100,
11:23:19,48.8799,100,
11:23:19,48.89,1600,
11:23:21,48.86,900,
11:23:40,48.80,100,
11:23:55,48.82,100,
11:23:55,48.82,100,
11:23:55,48.82,200,
11:23:55,48.83,200,
11:23:55,48.83,300,
11:24:00,48.849,1000,
11:24:01,48.849,900,
11:24:03,48.86,300,
11:24:06,48.86,1000,
11:24:11,48.875,200,
11:24:18,48.863,1000,
11:24:24,48.858,250,
11:24:37,48.8592,250,
11:24:56,48.88,100,
11:24:56,48.88,300,
11:24:56,48.88,100,
11:24:56,48.88,100,
11:25:07,48.86,4100,
11:25:08,48.86,100,
11:25:08,48.87,100,
11:25:08,48.87,200,
11:25:08,48.87,100,
11:25:08,48.87,100,
11:25:08,48.87,100,
11:25:08,48.89,100,
11:25:08,48.89,200,
11:25:08,48.89,100,
11:25:08,48.89,1100,
11:25:08,48.89,2700,
11:25:08,48.89,100,
11:25:08,48.86,300,
11:25:09,48.87,300,
11:25:09,48.87,100,
11:25:12,48.90,100,
11:25:15,48.88,300,
11:25:15,48.88,100,
11:25:15,48.89,100,
11:25:15,48.88,400,
11:25:15,48.87,100,
11:25:15,48.82,100,
11:25:20,48.84,300,
11:25:20,48.84,100,
11:25:20,48.84,200,
11:25:30,48.8401,200,
11:25:42,48.87,200,
11:26:02,48.85,100,
11:26:02,48.84,100,
11:26:02,48.84,300,
11:26:02,48.84,100,
11:26:02,48.84,100,
11:26:02,48.84,200,
11:26:06,48.8349,100,
11:26:18,48.82,100,
11:26:18,48.82,100,
11:26:18,48.82,100,
11:26:18,48.82,100,
11:26:19,48.81,100,
11:26:30,48.80,300,
11:26:30,48.80,100,
11:26:33,48.79,100,
11:26:37,48.8001,400,
11:26:44,48.79,200,
11:26:46,48.80,300,
11:26:49,48.79,200,
11:26:49,48.78,400,
11:27:00,48.7901,100,
11:27:00,48.79,100,
11:27:04,48.792,300,
11:27:08,48.79,300,
11:27:08,48.80,200,
11:27:09,48.79,300,
11:27:12,48.78,300,
11:27:12,48.78,500,
11:27:12,48.78,1100,
11:27:14,48.80,300,
11:27:14,48.80,300,
11:27:14,48.82,400,
11:27:14,48.82,100,
11:27:14,48.82,100,
11:27:14,48.83,300,
11:27:14,48.83,300,
11:27:14,48.82,100,
11:27:14,48.83,500,
11:27:14,48.81,100,
11:27:17,48.82,300,
11:27:17,48.82,200,
11:27:26,48.8305,235,
11:27:40,48.8214,500,
11:27:47,48.85,300,
11:27:51,48.8314,500,
11:27:52,48.85,1000,
11:27:55,48.86,100,
11:27:55,48.86,300,
11:28:02,48.88,300,
11:28:02,48.89,300,
11:28:02,48.90,200,
11:28:03,48.92,225,
11:28:03,48.92,200,
11:28:03,48.91,200,
11:28:03,48.93,100,
11:28:03,48.94,100,
11:28:03,48.91,100,
11:28:09,48.90,100,
11:28:09,48.91,300,
11:28:10,48.92,300,
11:28:10,48.92,300,
11:28:13,48.902,250,
11:28:15,48.902,100,
11:28:19,48.90,300,
11:28:34,48.88,300,
11:28:34,48.90,100,
11:28:41,48.89,100,
11:28:41,48.89,100,
11:28:41,48.89,100,
11:28:44,48.86,300,
11:28:50,48.86,200,
11:28:50,48.87,300,
11:28:50,48.86,100,
11:28:50,48.88,300,
11:28:50,48.86,200,
11:28:50,48.89,100,
11:28:50,48.91,100,
11:28:50,48.91,100,
11:28:50,48.91,100,
11:29:28,48.87,100,
11:29:31,48.86,2500,
11:29:37,48.82,400,
11:29:37,48.81,400,
11:29:37,48.81,100,
11:29:37,48.81,100,
11:29:37,48.81,100,
11:29:37,48.81,100,
11:29:37,48.81,200,
11:29:39,48.83,100,
11:29:39,48.84,300,
11:29:40,48.84,106,
11:29:43,48.825,4000,
11:29:44,48.82,400,
11:29:46,48.81,100,
11:29:53,48.84,200,
11:29:55,48.87,100,
11:29:55,48.87,100,
11:29:59,48.84,100,
11:31:12,48.72,100,
11:31:13,48.73,1000,
11:31:14,48.73,300,
11:31:14,48.73,100,
11:31:15,48.73,300,
11:31:15,48.73,100,
11:31:15,48.73,200,
11:31:25,48.73,198,
11:31:31,48.738,250,
11:31:34,48.72,100,
11:31:34,48.72,100,
11:31:34,48.72,100,
11:31:36,48.72,300,
11:31:37,48.702,1000,
11:31:39,48.74,100,
11:31:39,48.74,300,
11:31:43,48.72,300,
11:31:52,48.702,400,
11:31:54,48.70,200,
11:31:54,48.67,1220,
