09:30:02,54.16,200,
09:30:02,54.18,600,
09:30:02,54.18,200,
09:30:02,54.17,200,
09:30:02,54.18,100,
09:30:03,54.16,200,
09:30:03,54.14,200,
09:30:05,54.18,200,
09:30:06,54.20,200,
09:30:09,54.1601,100,
09:30:12,54.20,100,
09:30:12,54.23,200,
09:30:12,54.22,100,
09:30:13,54.22,100,
09:30:18,54.20,100,
09:30:19,54.22,100,
09:30:21,54.12,200,
09:30:21,54.12,1100,
09:30:22,54.1899,870,
09:30:22,54.1201,100,
09:30:22,54.1399,200,
09:30:25,54.17,100,
09:30:25,54.17,200,
09:30:25,54.17,100,
09:30:29,54.19,105,
09:30:31,54.14,200,
09:30:32,54.1499,100,
09:30:43,54.19,200,
09:30:43,54.19,100,
09:30:43,54.19,100,
09:30:43,54.22,100,
09:30:54,54.15,100,
09:30:56,54.15,100,
09:31:01,54.12,100,
09:31:01,54.12,100,
09:31:04,54.12,1000,
09:31:04,54.1199,100,
09:31:04,54.12,100,
09:31:05,54.1182,1000,
09:31:12,54.21,300,
09:31:13,54.21,1200,
09:31:20,54.25,100,
09:31:20,54.24,100,
09:31:21,54.2349,100,
09:31:22,54.26,100,
09:31:22,54.24,100,
09:31:22,54.26,300,
09:31:22,54.28,100,
09:31:22,54.27,100,
09:31:22,54.27,100,
09:31:23,54.3094,230,
09:31:23,54.3099,100,
09:31:24,54.32,100,
09:31:24,54.33,100,
09:31:25,54.3299,200,
09:31:25,54.33,200,
09:31:25,54.3299,1670,
09:31:28,54.31,100,
09:31:28,54.31,100,
09:31:30,54.34,100,
09:31:33,54.3299,300,
09:31:33,54.3299,500,
09:31:33,54.30,100,
09:31:36,54.24,100,
09:31:43,54.25,100,
09:31:50,54.2298,343,
09:31:52,54.23,200,
09:31:54,54.24,225,
09:31:54,54.23,200,
09:31:56,54.23,100,
09:31:58,54.23,100,
09:31:58,54.23,100,
09:32:00,54.21,100,
09:32:00,54.20,100,
09:32:00,54.21,100,
09:32:00,54.20,100,
09:32:02,54.22,100,
09:32:04,54.20,100,
09:32:05,54.20,100,
09:32:11,54.20,200,
09:32:17,54.20,200,
09:32:18,54.21,100,
09:32:18,54.21,100,
09:32:18,54.1999,100,
09:32:20,54.21,100,
09:32:20,54.2005,100,
09:32:21,54.1901,500,
09:32:25,54.206,900,
09:32:26,54.2099,100,
09:32:26,54.21,200,
09:32:26,54.22,200,
09:32:26,54.21,100,
09:32:27,54.23,100,
09:32:27,54.23,100,
09:32:30,54.21,100,
09:32:34,54.22,200,
09:32:41,54.2201,300,
09:32:44,54.245,200,
09:32:51,54.19,200,
09:32:52,54.16,100,
09:32:52,54.18,175,
09:32:54,54.19,100,
09:32:57,54.1801,250,
09:33:06,54.23,150,
09:33:09,54.24,200,
09:33:09,54.25,100,
09:33:13,54.28,100,
09:33:14,54.29,100,
09:33:18,54.28,100,
09:33:20,54.26,100,
09:33:23,54.256,500,
09:33:23,54.26,100,
09:33:26,54.28,100,
09:33:26,54.28,300,
09:33:29,54.33,100,
09:33:29,54.33,100,
09:33:31,54.31,100,
09:33:32,54.328,100,
09:33:35,54.3099,194,
09:33:40,54.32,100,
09:33:42,54.31,100,
09:33:45,54.29,300,
09:33:47,54.30,100,
09:33:48,54.3099,400,
09:33:48,54.31,100,
09:33:53,54.28,180,
09:33:55,54.27,150,
09:33:57,54.29,100,
09:33:58,54.26,150,
09:34:03,54.27,100,
09:34:04,54.29,400,
09:34:10,54.2801,2625,
09:34:18,54.29,200,
09:34:20,54.28,204,
09:34:20,54.27,100,
09:34:21,54.26,100,
09:34:22,54.23,100,
09:34:24,54.25,100,
09:34:26,54.254,1000,
09:34:29,54.28,100,
09:34:29,54.28,100,
09:34:30,54.27,200,
09:34:30,54.27,100,
09:34:30,54.33,100,
09:34:30,54.30,200,
09:34:30,54.32,100,
09:34:35,54.3201,500,
09:34:39,54.31,100,
09:34:39,54.29,100,
09:34:39,54.31,100,
09:34:41,54.2999,2000,
09:34:47,54.294,400,
09:34:53,54.28,100,
09:34:58,54.3299,1600,
09:35:02,54.3102,100,
09:35:02,54.3121,100,
09:35:03,54.31,100,
09:35:03,54.32,200,
09:35:03,54.319,100,
09:35:03,54.319,150,
09:35:04,54.30,100,
09:35:05,54.30,200,
09:35:05,54.28,150,
09:35:06,54.26,100,
09:35:06,54.25,100,
09:35:06,54.2599,100,
09:35:10,54.2599,3900,
09:35:10,54.23,100,
09:35:10,54.24,200,
09:35:10,54.24,100,
09:35:13,54.2199,400,
09:35:14,54.20,100,
09:35:15,54.21,100,
09:35:17,54.19,125,
09:35:19,54.23,200,
09:35:19,54.23,100,
09:35:22,54.21,100,
09:35:24,54.1999,100,
09:35:25,54.20,100,
09:35:28,54.23,400,
09:35:30,54.25,100,
09:35:30,54.25,100,
09:35:35,54.25,125,
09:35:35,54.25,100,
09:35:35,54.24,200,
09:35:38,54.23,200,
09:35:38,54.23,300,
09:35:41,54.20,100,
09:35:41,54.20,100,
09:35:44,54.21,100,
09:35:45,54.1999,500,
09:35:46,54.17,100,
09:35:46,54.17,100,
09:35:51,54.17,100,
09:35:51,54.16,100,
09:35:51,54.16,100,
09:35:51,54.17,100,
09:35:51,54.17,100,
09:35:51,54.17,100,
09:35:53,54.1701,200,
09:36:00,54.14,100,
09:36:00,54.16,200,
09:36:00,54.16,100,
09:36:02,54.12,100,
09:36:02,54.12,100,
09:36:03,54.12,100,
09:36:03,54.09,100,
09:36:03,54.09,100,
09:36:03,54.08,100,
09:36:03,54.09,100,
09:36:04,54.09,100,
09:36:06,54.099,300,
09:36:06,54.0916,500,
09:36:06,54.09,100,
09:36:06,54.09,100,
09:36:08,54.08,100,
09:36:08,54.10,200,
09:36:09,54.10,100,
09:36:18,54.11,100,
09:36:21,54.116,1800,
09:36:29,54.0899,500,
09:36:36,54.0937,2022,
09:36:40,54.149,100,
09:36:41,54.139,100,
09:36:41,54.18,100,
09:36:42,54.18,300,
09:36:45,54.18,100,
09:36:45,54.18,100,
09:36:45,54.19,100,
09:36:51,54.16,200,
09:36:51,54.15,100,
09:36:51,54.1399,140,
09:37:02,54.17,100,
09:37:02,54.16,100,
09:37:02,54.16,100,
09:37:02,54.17,100,
09:37:03,54.19,100,
09:37:03,54.17,100,
09:37:03,54.20,100,
09:37:03,54.20,100,
09:37:04,54.2499,200,
09:37:05,54.23,100,
09:37:05,54.23,200,
09:37:06,54.23,100,
09:37:06,54.23,100,
09:37:06,54.23,100,
09:37:09,54.20,3500,
09:37:09,54.20,200,
09:37:09,54.21,200,
09:37:09,54.20,100,
09:37:09,54.18,200,
09:37:09,54.19,200,
09:37:09,54.21,200,
09:37:09,54.17,100,
09:37:09,54.17,100,
09:37:09,54.16,100,
09:37:09,54.16,100,
09:37:09,54.15,100,
09:37:09,54.19,100,
09:37:09,54.19,100,
09:37:09,54.15,100,
09:37:09,54.17,100,
09:37:10,54.17,100,
09:37:11,54.16,200,
09:37:11,54.16,200,
09:37:11,54.16,200,
09:37:11,54.16,200,
09:37:12,54.14,200,
09:37:12,54.14,100,
09:37:13,54.15,100,
09:37:14,54.18,100,
09:37:15,54.18,100,
09:37:16,54.17,200,
09:37:16,54.16,100,
09:37:16,54.16,200,
09:37:16,54.15,100,
09:37:16,54.15,100,
09:37:16,54.16,200,
09:37:16,54.15,100,
09:37:16,54.13,100,
09:37:16,54.14,200,
09:37:16,54.14,200,
09:37:16,54.1335,900,
09:37:17,54.14,100,
09:37:19,54.12,200,
09:37:19,54.12,100,
09:37:19,54.13,100,
09:37:19,54.12,100,
09:37:19,54.13,100,
09:37:21,54.17,100,
09:37:22,54.14,200,
09:37:22,54.14,200,
09:37:22,54.13,100,
09:37:22,54.14,100,
09:37:22,54.13,200,
09:37:22,54.13,200,
09:37:22,54.14,200,
09:37:22,54.15,100,
09:37:22,54.15,100,
09:37:22,54.15,100,
09:37:23,54.15,100,
09:37:24,54.16,100,
09:37:27,54.18,100,
09:37:28,54.1901,200,
09:37:29,54.18,100,
09:37:29,54.18,200,
09:37:29,54.18,100,
09:37:29,54.18,100,
09:37:29,54.18,100,
09:37:29,54.19,100,
09:37:29,54.18,100,
09:37:30,54.16,200,
09:37:30,54.17,100,
09:37:30,54.16,100,
09:37:30,54.18,100,
09:37:30,54.18,200,
09:37:30,54.1964,110,
09:37:38,54.24,100,
09:37:38,54.24,200,
09:37:38,54.24,100,
09:37:38,54.23,100,
09:37:39,54.2201,100,
09:37:43,54.25,100,
09:37:43,54.24,100,
09:37:43,54.25,100,
09:37:47,54.26,100,
09:37:48,54.23,200,
09:37:48,54.24,100,
09:37:48,54.2499,100,
09:37:48,54.25,100,
09:37:49,54.27,100,
09:37:49,54.26,100,
09:37:49,54.25,100,
09:37:50,54.258,1015,
09:37:52,54.25,100,
09:37:53,54.276,800,
09:37:55,54.24,100,
09:37:57,54.2599,600,
09:37:58,54.2353,100,
09:37:58,54.25,100,
09:38:00,54.248,100,
09:38:02,54.29,300,
09:38:03,54.31,400,
09:38:03,54.31,100,
09:38:04,54.3299,300,
09:38:06,54.29,200,
09:38:07,54.28,100,
09:38:08,54.3099,300,
09:38:09,54.29,100,
09:38:09,54.29,100,
09:38:16,54.3299,100,
09:38:19,54.35,100,
09:38:19,54.34,100,
09:38:20,54.35,300,
09:38:20,54.35,200,
09:38:26,54.35,200,
09:38:26,54.37,100,
09:38:26,54.36,100,
09:38:26,54.36,100,
09:38:27,54.3499,170,
09:38:27,54.33,100,
09:38:27,54.3421,100,
09:38:32,54.37,100,
09:38:32,54.37,100,
09:38:32,54.38,200,
09:38:32,54.38,100,
09:38:32,54.38,200,
09:38:32,54.39,300,
09:38:32,54.38,100,
09:38:33,54.38,100,
09:38:33,54.37,100,
09:38:33,54.38,100,
09:38:33,54.38,100,
09:38:33,54.37,275,
09:38:33,54.37,200,
09:38:33,54.37,200,
09:38:33,54.37,100,
09:38:33,54.36,200,
09:38:33,54.35,100,
09:38:33,54.35,100,
09:38:33,54.35,100,
09:38:33,54.34,100,
09:38:34,54.365,600,
09:38:34,54.36,100,
09:38:34,54.34,100,
09:38:34,54.34,100,
09:38:37,54.35,100,
09:38:38,54.36,100,
09:38:40,54.34,100,
09:38:40,54.32,100,
09:38:40,54.34,200,
09:38:40,54.31,100,
09:38:41,54.32,100,
09:38:41,54.33,100,
09:38:43,54.28,100,
09:38:43,54.28,200,
09:38:43,54.28,100,
09:38:43,54.29,200,
09:38:44,54.29,100,
09:38:44,54.326,900,
09:38:45,54.31,100,
09:38:46,54.33,200,
09:38:46,54.33,300,
09:38:46,54.36,100,
09:38:46,54.36,200,
09:38:46,54.36,100,
09:38:46,54.36,100,
09:38:46,54.36,200,
09:38:46,54.36,200,
09:38:46,54.36,200,
09:38:46,54.36,200,
09:38:46,54.36,283,
09:38:47,54.35,200,
09:38:47,54.35,200,
09:38:51,54.31,100,
09:38:51,54.31,100,
09:38:51,54.31,100,
09:38:55,54.3235,1000,
09:38:55,54.33,100,
09:38:56,54.33,100,
09:38:56,54.33,100,
09:38:58,54.35,100,
09:39:01,54.3501,600,
09:39:02,54.36,100,
09:39:03,54.3499,750,
09:39:07,54.3499,100,
09:39:10,54.3499,200,
09:39:10,54.33,200,
09:39:10,54.32,600,
09:39:10,54.32,200,
09:39:10,54.3299,1000,
09:39:12,54.329,100,
09:39:16,54.35,100,
09:39:16,54.3417,100,
09:39:16,54.3453,473,
09:39:17,54.35,600,
09:39:18,54.33,100,
09:39:18,54.34,100,
09:39:18,54.31,200,
09:39:18,54.33,100,
09:39:18,54.31,100,
09:39:20,54.329,300,
09:39:20,54.33,200,
09:39:20,54.3399,300,
09:39:20,54.34,100,
09:39:20,54.34,100,
09:39:20,54.3399,400,
09:39:29,54.2999,100,
09:39:30,54.29,200,
09:39:30,54.29,100,
09:39:33,54.3001,1200,
09:39:36,54.33,100,
09:39:36,54.34,200,
09:39:36,54.33,100,
09:39:36,54.34,100,
09:39:36,54.34,100,
09:39:36,54.34,100,
09:39:36,54.34,100,
09:39:39,54.31,100,
09:39:40,54.32,100,
09:39:49,54.31,100,
09:39:49,54.31,200,
09:39:49,54.31,100,
09:39:49,54.32,100,
09:39:49,54.32,100,
09:39:49,54.32,100,
09:39:49,54.33,100,
09:39:50,54.34,200,
09:39:50,54.34,100,
09:39:50,54.34,100,
09:39:50,54.3427,1000,
09:39:50,54.35,200,
09:39:50,54.35,100,
09:39:50,54.34,100,
09:39:50,54.34,100,
09:39:50,54.34,200,
09:39:50,54.34,100,
09:39:50,54.35,100,
09:39:50,54.35,100,
09:39:50,54.34,100,
09:39:50,54.34,100,
09:39:51,54.34,600,
09:39:51,54.35,100,
09:39:51,54.36,100,
09:39:52,54.38,200,
09:39:52,54.39,200,
09:39:53,54.42,200,
09:39:53,54.386,100,
09:39:53,54.386,100,
09:39:54,54.386,600,
09:39:54,54.41,100,
09:39:54,54.41,100,
09:39:58,54.41,100,
09:39:58,54.4199,100,
09:40:00,54.42,100,
09:40:01,54.44,200,
09:40:01,54.4401,500,
09:40:03,54.44,200,
09:40:03,54.4322,250,
09:40:05,54.4628,120,
09:40:06,54.446,500,
09:40:06,54.46,100,
09:40:07,54.44,200,
09:40:08,54.44,100,
09:40:08,54.45,100,
09:40:08,54.45,100,
09:40:08,54.45,100,
09:40:08,54.44,100,
09:40:08,54.44,100,
09:40:08,54.44,100,
09:40:08,54.41,100,
09:40:08,54.41,100,
09:40:08,54.42,100,
09:40:10,54.44,100,
09:40:10,54.44,100,
09:40:11,54.4302,100,
09:40:11,54.43,100,
09:40:11,54.43,200,
09:40:12,54.446,1000,
09:40:13,54.45,100,
09:40:18,54.465,270,
09:40:21,54.4499,100,
09:40:23,54.4499,200,
09:40:23,54.46,400,
09:40:24,54.434,800,
09:40:26,54.50,100,
09:40:26,54.4999,150,
09:40:27,54.45,100,
09:40:27,54.45,100,
09:40:27,54.45,100,
09:40:27,54.45,200,
09:40:27,54.44,100,
09:40:27,54.44,100,
09:40:27,54.44,100,
09:40:28,54.4599,160,
09:40:33,54.46,100,
09:40:43,54.4699,500,
09:40:48,54.43,100,
09:40:48,54.43,100,
09:40:48,54.44,100,
09:40:52,54.44,200,
09:40:53,54.44,100,
09:40:53,54.44,100,
09:40:54,54.43,100,
09:40:55,54.44,200,
09:40:57,54.46,300,
09:40:57,54.46,400,
09:41:01,54.45,500,
09:41:05,54.48,100,
09:41:10,54.47,200,
09:41:10,54.47,200,
09:41:10,54.51,200,
09:41:10,54.47,100,
09:41:10,54.48,100,
09:41:10,54.48,100,
09:41:10,54.49,100,
09:41:10,54.49,100,
09:41:10,54.48,100,
09:41:10,54.49,100,
09:41:10,54.48,100,
09:41:10,54.49,100,
09:41:10,54.48,100,
09:41:10,54.49,100,
09:41:11,54.50,100,
09:41:11,54.50,100,
09:41:11,54.50,200,
09:41:11,54.51,200,
09:41:13,54.50,100,
09:41:13,54.50,100,
09:41:15,54.4837,200,
09:41:19,54.52,100,
09:41:19,54.54,143,
09:41:19,54.53,100,
09:41:19,54.55,200,
09:41:19,54.58,200,
09:41:19,54.58,100,
09:41:19,54.58,100,
09:41:20,54.58,100,
09:41:20,54.59,100,
09:41:20,54.58,100,
09:41:21,54.58,200,
09:41:21,54.57,200,
09:41:21,54.57,2500,
09:41:21,54.57,100,
09:41:21,54.56,100,
09:41:21,54.56,100,
09:41:21,54.57,100,
09:41:21,54.56,200,
09:41:22,54.58,100,
09:41:23,54.59,100,
09:41:23,54.59,100,
09:41:23,54.59,100,
09:41:23,54.581,100,
09:41:23,54.601,100,
09:41:23,54.61,100,
09:41:23,54.61,200,
09:41:23,54.61,100,
09:41:23,54.60,2000,
09:41:24,54.60,300,
09:41:25,54.59,100,
09:41:25,54.59,400,
09:41:25,54.59,100,
09:41:25,54.59,100,
09:41:25,54.59,100,
09:41:26,54.59,100,
09:41:27,54.6001,200,
09:41:28,54.61,100,
09:41:28,54.61,100,
09:41:28,54.61,125,
09:41:28,54.61,200,
09:41:28,54.62,100,
09:41:28,54.62,100,
09:41:28,54.62,100,
09:41:29,54.64,100,
09:41:29,54.64,100,
09:41:29,54.64,200,
09:41:30,54.64,275,
09:41:31,54.64,100,
09:41:31,54.63,100,
09:41:32,54.62,200,
09:41:32,54.62,100,
09:41:32,54.62,100,
09:41:32,54.62,100,
09:41:32,54.62,100,
09:41:33,54.61,100,
09:41:34,54.5866,500,
09:41:34,54.59,100,
09:41:35,54.5999,100,
09:41:35,54.59,100,
09:41:35,54.59,100,
09:41:35,54.59,100,
09:41:35,54.60,100,
09:41:35,54.5938,100,
09:41:37,54.62,100,
09:41:38,54.62,100,
09:41:40,54.62,600,
09:41:40,54.62,100,
09:41:40,54.62,200,
09:41:40,54.61,100,
09:41:41,54.63,100,
09:41:42,54.63,100,
09:41:43,54.64,400,
09:41:44,54.63,100,
09:41:45,54.62,100,
09:41:45,54.62,100,
09:41:45,54.62,100,
09:41:45,54.60,100,
09:41:46,54.62,100,
09:41:46,54.62,100,
09:41:48,54.6101,100,
09:41:50,54.60,100,
09:41:50,54.59,100,
09:41:50,54.59,100,
09:41:50,54.59,100,
09:41:50,54.59,200,
09:41:50,54.59,100,
09:41:52,54.5899,600,
09:41:55,54.58,200,
09:41:55,54.57,100,
09:41:56,54.57,200,
09:41:56,54.57,100,
09:42:01,54.58,200,
09:42:01,54.59,200,
09:42:01,54.59,100,
09:42:01,54.59,100,
09:42:01,54.59,100,
09:42:01,54.59,100,
09:42:01,54.58,100,
09:42:01,54.58,100,
09:42:01,54.58,200,
09:42:01,54.58,100,
09:42:01,54.58,100,
09:42:01,54.58,100,
09:42:01,54.59,100,
09:42:01,54.58,100,
09:42:01,54.57,200,
09:42:01,54.58,100,
09:42:01,54.58,200,
09:42:01,54.58,200,
09:42:01,54.58,100,
09:42:01,54.58,100,
09:42:01,54.58,100,
09:42:01,54.59,200,
09:42:01,54.59,300,
09:42:01,54.59,100,
09:42:01,54.60,600,
09:42:01,54.60,100,
09:42:01,54.58,100,
09:42:01,54.58,200,
09:42:01,54.58,200,
09:42:01,54.58,200,
09:42:01,54.58,100,
09:42:01,54.58,200,
09:42:01,54.59,200,
09:42:01,54.59,2000,
09:42:01,54.59,800,
09:42:03,54.592,600,
09:42:06,54.63,100,
09:42:07,54.6201,200,
09:42:08,54.62,200,
09:42:10,54.59,100,
09:42:10,54.59,100,
09:42:10,54.60,100,
09:42:10,54.60,100,
09:42:10,54.60,100,
09:42:10,54.61,100,
09:42:11,54.62,100,
09:42:11,54.62,100,
09:42:11,54.62,100,
09:42:11,54.6183,700,
09:42:14,54.64,100,
09:42:14,54.63,100,
09:42:14,54.62,100,
09:42:14,54.63,100,
09:42:14,54.63,100,
09:42:14,54.64,100,
09:42:14,54.63,100,
09:42:14,54.63,100,
09:42:15,54.63,100,
09:42:18,54.6199,100,
09:42:18,54.6199,515,
09:42:20,54.62,100,
09:42:22,54.6299,300,
09:42:23,54.63,100,
09:42:23,54.62,100,
09:42:24,54.6322,100,
09:42:24,54.6328,100,
09:42:24,54.64,100,
09:42:24,54.64,100,
09:42:25,54.64,100,
09:42:25,54.6201,3500,
09:42:28,54.65,100,
09:42:28,54.68,100,
09:42:28,54.68,150,
09:42:29,54.67,100,
09:42:30,54.66,200,
09:42:30,54.65,200,
09:42:30,54.65,200,
09:42:30,54.65,100,
09:42:32,54.64,200,
09:42:32,54.6399,125,
09:42:33,54.65,100,
09:42:36,54.63,600,
09:42:37,54.66,100,
09:42:37,54.66,100,
09:42:37,54.67,431,
09:42:37,54.67,600,
09:42:37,54.66,100,
09:42:37,54.66,100,
09:42:37,54.67,100,
09:42:38,54.6799,200,
09:42:38,54.68,100,
09:42:39,54.652,500,
09:42:41,54.64,100,
09:42:42,54.6299,240,
09:42:43,54.61,100,
09:42:43,54.60,200,
09:42:43,54.60,200,
09:42:43,54.61,100,
09:42:43,54.61,100,
09:42:45,54.62,100,
09:42:47,54.60,100,
09:42:48,54.5799,200,
09:42:49,54.58,100,
09:42:51,54.56,100,
09:42:51,54.56,100,
09:42:51,54.55,200,
09:42:51,54.55,100,
09:42:52,54.57,100,
09:42:52,54.56,200,
09:42:52,54.56,100,
09:42:52,54.56,100,
09:42:52,54.56,100,
09:42:52,54.56,100,
09:42:52,54.56,100,
09:42:53,54.56,100,
09:42:54,54.5696,1000,
09:42:58,54.59,200,
09:42:59,54.63,100,
09:43:00,54.62,100,
09:43:01,54.65,200,
09:43:03,54.65,100,
09:43:03,54.66,200,
09:43:03,54.66,100,
09:43:04,54.66,200,
09:43:04,54.66,100,
09:43:05,54.67,100,
09:43:07,54.69,100,
09:43:08,54.69,100,
09:43:08,54.69,100,
09:43:09,54.66,200,
09:43:09,54.66,100,
09:43:09,54.67,100,
09:43:09,54.67,100,
09:43:10,54.6801,4300,
09:43:11,54.70,100,
09:43:11,54.70,100,
09:43:11,54.68,200,
09:43:11,54.68,100,
09:43:14,54.70,100,
09:43:16,54.70,100,
09:43:19,54.68,100,
09:43:23,54.70,200,
09:43:23,54.71,500,
09:43:25,54.68,100,
09:43:25,54.67,100,
09:43:27,54.66,100,
09:43:27,54.66,100,
09:43:28,54.67,100,
09:43:28,54.68,100,
09:43:28,54.68,100,
09:43:30,54.65,3400,
09:43:30,54.63,100,
09:43:30,54.63,100,
09:43:30,54.62,100,
09:43:30,54.62,100,
09:43:31,54.61,158,
09:43:31,54.63,200,
09:43:31,54.64,100,
09:43:32,54.64,100,
09:43:34,54.64,200,
09:43:34,54.64,100,
09:43:34,54.65,100,
09:43:34,54.65,100,
09:43:34,54.66,100,
09:43:34,54.65,100,
09:43:36,54.64,100,
09:43:36,54.64,100,
09:43:38,54.64,100,
09:43:38,54.65,100,
09:43:38,54.64,200,
09:43:40,54.61,100,
09:43:40,54.61,100,
09:43:40,54.61,100,
09:43:40,54.61,100,
09:43:42,54.6464,400,
09:43:44,54.6388,1200,
09:43:45,54.634,400,
09:43:45,54.65,100,
09:43:45,54.65,100,
09:43:45,54.65,200,
09:43:45,54.67,200,
09:43:45,54.67,200,
09:43:46,54.64,100,
09:43:46,54.65,100,
09:43:46,54.65,100,
09:43:46,54.65,100,
09:43:46,54.64,100,
09:43:46,54.64,100,
09:43:46,54.64,100,
09:43:46,54.64,100,
09:43:46,54.66,100,
09:43:48,54.67,100,
09:43:48,54.662,1000,
09:43:48,54.69,100,
09:43:48,54.69,100,
09:43:49,54.70,100,
09:43:51,54.67,100,
09:43:58,54.61,100,
09:43:58,54.62,100,
09:43:58,54.62,100,
09:43:58,54.61,100,
09:44:00,54.62,200,
09:44:00,54.64,100,
09:44:00,54.64,100,
09:44:02,54.65,100,
09:44:02,54.65,100,
09:44:02,54.6401,1100,
09:44:09,54.63,100,
09:44:09,54.63,100,
09:44:11,54.61,400,
09:44:15,54.63,100,
09:44:15,54.63,200,
09:44:15,54.64,100,
09:44:15,54.64,100,
09:44:17,54.63,100,
09:44:17,54.63,100,
09:44:19,54.64,100,
09:44:19,54.65,100,
09:44:20,54.62,200,
09:44:20,54.6365,100,
09:44:21,54.62,100,
09:44:21,54.638,200,
09:44:22,54.63,100,
09:44:24,54.64,100,
09:44:24,54.64,200,
09:44:25,54.6201,800,
09:44:28,54.63,100,
09:44:28,54.63,100,
09:44:28,54.63,100,
09:44:28,54.63,100,
09:44:30,54.6101,100,
09:44:31,54.61,200,
09:44:31,54.63,100,
09:44:33,54.62,200,
09:44:33,54.62,100,
09:44:34,54.6201,500,
09:44:37,54.63,200,
09:44:38,54.61,100,
09:44:38,54.61,100,
09:44:38,54.61,100,
09:44:38,54.60,200,
09:44:38,54.60,100,
09:44:41,54.61,100,
09:44:41,54.62,100,
09:44:45,54.57,300,
09:44:46,54.56,100,
09:44:46,54.56,100,
09:44:46,54.53,100,
09:44:46,54.54,100,
09:44:47,54.55,100,
09:44:47,54.55,100,
09:44:48,54.55,100,
09:44:48,54.53,200,
09:44:49,54.5301,120,
09:44:53,54.52,200,
09:44:53,54.53,100,
09:44:53,54.53,100,
09:44:53,54.54,100,
09:44:53,54.55,100,
09:44:53,54.56,100,
09:44:54,54.55,300,
09:44:54,54.5499,200,
09:44:59,54.5699,3000,
09:45:02,54.56,100,
09:45:05,54.56,100,
09:45:08,54.55,100,
09:45:13,54.55,100,
09:45:13,54.56,100,
09:45:14,54.55,100,
09:45:14,54.56,200,
09:45:14,54.56,100,
09:45:16,54.58,200,
09:45:16,54.60,200,
09:45:18,54.60,100,
09:45:18,54.62,200,
09:45:18,54.62,100,
09:45:19,54.61,200,
09:45:19,54.62,100,
09:45:20,54.6295,300,
09:45:21,54.6201,3800,
09:45:22,54.63,100,
09:45:23,54.63,200,
09:45:23,54.62,100,
09:45:24,54.63,100,
09:45:27,54.62,100,
09:45:29,54.62,100,
09:45:32,54.63,100,
09:45:34,54.61,100,
09:45:36,54.61,100,
09:45:37,54.6138,100,
09:45:39,54.61,100,
09:45:40,54.62,100,
09:45:43,54.59,100,
09:45:43,54.58,100,
09:45:43,54.59,100,
09:45:43,54.57,100,
09:45:43,54.57,100,
09:45:43,54.57,100,
09:45:43,54.57,100,
09:45:43,54.58,200,
09:45:43,54.58,100,
09:45:43,54.58,200,
09:45:44,54.58,100,
09:45:44,54.58,100,
09:45:44,54.58,200,
09:45:45,54.57,100,
09:45:46,54.58,200,
09:45:48,54.58,100,
09:45:49,54.60,200,
09:45:49,54.60,100,
09:45:49,54.60,100,
09:45:50,54.60,200,
09:45:57,54.62,100,
09:45:57,54.62,100,
09:45:58,54.62,200,
09:45:58,54.62,200,
09:45:59,54.62,100,
09:46:06,54.62,100,
09:46:06,54.6265,100,
09:46:08,54.63,2300,
09:46:08,54.64,100,
09:46:08,54.64,100,
09:46:08,54.64,100,
09:46:09,54.648,2500,
09:46:14,54.63,100,
09:46:15,54.64,100,
09:46:19,54.6201,300,
09:46:22,54.64,100,
09:46:22,54.63,100,
09:46:26,54.6399,500,
09:46:29,54.65,200,
09:46:29,54.66,100,
09:46:31,54.68,200,
09:46:31,54.68,100,
09:46:31,54.68,100,
09:46:31,54.69,100,
09:46:31,54.68,100,
09:46:31,54.68,100,
09:46:31,54.67,100,
09:46:31,54.66,100,
09:46:31,54.67,100,
09:46:31,54.68,100,
09:46:31,54.68,100,
09:46:32,54.69,100,
09:46:33,54.69,100,
09:46:33,54.68,100,
09:46:37,54.6751,500,
09:46:38,54.69,200,
09:46:38,54.70,100,
09:46:42,54.69,100,
09:46:43,54.698,1000,
09:46:43,54.70,100,
09:46:45,54.69,200,
09:46:54,54.6982,1500,
09:46:54,54.69,100,
09:46:57,54.69,100,
09:47:00,54.692,450,
09:47:03,54.70,100,
09:47:06,54.66,200,
09:47:06,54.66,100,
09:47:06,54.65,200,
09:47:07,54.65,100,
09:47:10,54.64,300,
09:47:10,54.64,300,
09:47:10,54.65,102,
09:47:10,54.64,100,
09:47:10,54.64,200,
09:47:10,54.64,100,
09:47:10,54.64,100,
09:47:10,54.64,100,
09:47:10,54.64,200,
09:47:10,54.64,100,
09:47:12,54.65,100,
09:47:17,54.67,200,
09:47:17,54.67,100,
09:47:17,54.66,103,
09:47:17,54.67,100,
09:47:17,54.66,100,
09:47:17,54.66,100,
09:47:24,54.67,100,
09:47:26,54.66,200,
09:47:26,54.66,100,
09:47:27,54.6701,100,
09:47:27,54.65,200,
09:47:27,54.672,544,
09:47:29,54.65,100,
09:47:30,54.67,100,
09:47:30,54.67,100,
09:47:31,54.66,200,
09:47:31,54.66,100,
09:47:36,54.64,100,
09:47:36,54.64,100,
09:47:36,54.62,100,
09:47:36,54.62,100,
09:47:37,54.63,200,
09:47:37,54.64,200,
09:47:37,54.64,100,
09:47:37,54.64,100,
09:47:39,54.66,100,
09:47:39,54.67,100,
09:47:39,54.65,100,
09:47:41,54.64,100,
09:47:45,54.65,200,
09:47:48,54.64,100,
09:47:49,54.63,100,
09:47:49,54.6463,400,
09:47:49,54.64,199,
09:47:50,54.63,100,
09:47:51,54.63,100,
09:48:00,54.649,100,
09:48:06,54.6109,185,
09:48:12,54.59,200,
09:48:14,54.58,200,
09:48:14,54.5701,300,
09:48:16,54.564,300,
09:48:17,54.60,100,
09:48:17,54.59,100,
09:48:17,54.59,100,
09:48:17,54.59,100,
09:48:20,54.5899,100,
09:48:27,54.57,100,
09:48:27,54.56,200,
09:48:27,54.56,100,
09:48:34,54.57,100,
09:48:35,54.56,200,
09:48:37,54.56,200,
09:48:37,54.55,100,
09:48:37,54.56,100,
09:48:38,54.58,100,
09:48:38,54.59,100,
09:48:38,54.59,100,
09:48:43,54.5799,500,
09:48:43,54.58,100,
09:48:43,54.56,500,
09:48:43,54.56,200,
09:48:45,54.58,100,
09:48:50,54.5499,200,
09:48:51,54.54,100,
09:48:53,54.56,100,
09:48:53,54.56,100,
09:48:53,54.56,100,
09:48:54,54.57,100,
09:48:54,54.57,100,
09:48:54,54.56,100,
09:48:54,54.55,100,
09:48:59,54.59,200,
09:49:05,54.591,300,
09:49:06,54.59,1000,
09:49:07,54.588,200,
09:49:11,54.58,100,
09:49:11,54.58,100,
09:49:11,54.58,200,
09:49:12,54.59,100,
09:49:12,54.59,100,
09:49:12,54.59,100,
09:49:12,54.59,100,
09:49:13,54.58,200,
09:49:13,54.58,100,
09:49:15,54.60,500,
09:49:18,54.5799,100,
09:49:18,54.59,100,
09:49:19,54.59,100,
09:49:24,54.61,100,
09:49:24,54.60,100,
09:49:24,54.61,100,
09:49:24,54.60,100,
09:49:26,54.65,100,
09:49:27,54.66,100,
09:49:27,54.66,100,
09:49:28,54.66,100,
09:49:28,54.66,100,
09:49:28,54.66,200,
09:49:29,54.64,100,
09:49:30,54.65,100,
09:49:42,54.67,100,
09:49:47,54.67,200,
09:49:47,54.67,100,
09:49:48,54.69,200,
09:49:48,54.70,100,
09:49:48,54.69,100,
09:49:48,54.68,158,
09:49:54,54.69,100,
09:49:54,54.68,200,
09:49:56,54.70,100,
09:49:57,54.67,100,
09:49:57,54.67,100,
09:49:57,54.66,200,
09:49:57,54.66,100,
09:49:57,54.66,100,
09:49:57,54.66,100,
09:49:57,54.67,200,
09:50:00,54.67,111,
09:50:02,54.66,100,
09:50:02,54.66,100,
09:50:02,54.66,100,
09:50:02,54.66,100,
09:50:02,54.66,100,
09:50:02,54.66,200,
09:50:02,54.66,100,
09:50:04,54.68,200,
09:50:05,54.6801,100,
09:50:05,54.6801,100,
09:50:05,54.68,100,
09:50:06,54.69,100,
09:50:06,54.6901,500,
09:50:07,54.70,100,
09:50:07,54.69,100,
09:50:11,54.70,100,
09:50:11,54.69,100,
09:50:11,54.69,100,
09:50:11,54.68,100,
09:50:12,54.65,200,
09:50:13,54.65,200,
09:50:15,54.64,100,
09:50:15,54.66,100,
09:50:17,54.66,200,
09:50:17,54.66,100,
09:50:17,54.65,225,
09:50:17,54.65,100,
09:50:17,54.64,100,
09:50:17,54.64,200,
09:50:20,54.63,100,
09:50:20,54.63,100,
09:50:20,54.62,175,
09:50:22,54.63,200,
09:50:28,54.66,100,
09:50:28,54.66,100,
09:50:28,54.66,200,
09:50:28,54.66,100,
09:50:28,54.67,200,
09:50:28,54.69,100,
09:50:28,54.66,100,
09:50:28,54.69,200,
09:50:28,54.69,100,
09:50:35,54.66,100,
09:50:37,54.6699,300,
09:50:40,54.66,100,
09:50:44,54.64,200,
09:50:47,54.62,100,
09:50:48,54.6201,500,
09:50:53,54.63,200,
09:50:53,54.64,100,
09:50:54,54.64,100,
09:50:55,54.6301,200,
09:51:00,54.62,200,
09:51:00,54.62,100,
09:51:00,54.62,100,
09:51:00,54.62,100,
09:51:02,54.62,100,
09:51:02,54.62,189,
09:51:05,54.6201,2000,
09:51:07,54.63,200,
09:51:15,54.62,200,
09:51:15,54.62,100,
09:51:22,54.614,1000,
09:51:33,54.6248,150,
09:51:33,54.63,200,
09:51:33,54.63,100,
09:51:37,54.60,100,
09:51:37,54.60,178,
09:51:37,54.60,200,
09:51:37,54.60,200,
09:51:37,54.60,100,
09:51:40,54.63,100,
09:51:40,54.63,100,
09:51:41,54.65,200,
09:51:41,54.66,200,
09:51:41,54.66,100,
09:51:41,54.65,100,
09:51:41,54.64,100,
09:51:41,54.64,100,
09:51:41,54.65,100,
09:51:41,54.65,100,
09:51:42,54.65,100,
09:51:42,54.65,100,
09:51:45,54.65,100,
09:51:51,54.63,100,
09:51:51,54.63,100,
09:51:51,54.64,5300,
09:51:53,54.62,100,
09:51:54,54.60,100,
09:51:59,54.60,100,
09:52:00,54.60,100,
09:52:00,54.591,900,
09:52:00,54.591,500,
09:52:00,54.591,900,
09:52:01,54.59,100,
09:52:01,54.59,200,
09:52:01,54.59,1000,
09:52:04,54.59,100,
09:52:04,54.59,700,
09:52:05,54.61,100,
09:52:06,54.63,400,
09:52:06,54.63,200,
09:52:06,54.63,100,
09:52:07,54.61,100,
09:52:07,54.61,100,
09:52:09,54.62,100,
09:52:16,54.60,100,
09:52:24,54.63,100,
09:52:24,54.65,200,
09:52:25,54.64,100,
09:52:36,54.66,100,
09:52:36,54.66,200,
09:52:36,54.66,200,
09:52:36,54.66,100,
09:52:41,54.66,200,
09:52:41,54.661,100,
09:52:43,54.6601,100,
09:52:43,54.6601,200,
09:52:43,54.65,1000,
09:52:44,54.65,200,
09:52:45,54.67,200,
09:52:49,54.6699,1000,
09:52:51,54.6601,600,
09:53:00,54.66,100,
09:53:01,54.6511,200,
09:53:02,54.64,100,
09:53:02,54.65,100,
09:53:04,54.6438,500,
09:53:12,54.67,110,
09:53:18,54.69,100,
09:53:18,54.6901,250,
09:53:19,54.69,200,
09:53:21,54.685,500,
09:53:22,54.6705,1200,
09:53:25,54.68,100,
09:53:25,54.68,100,
09:53:25,54.69,200,
09:53:26,54.69,100,
09:53:26,54.69,200,
09:53:26,54.69,100,
09:53:26,54.69,100,
09:53:26,54.68,100,
09:53:29,54.678,300,
09:53:31,54.66,200,
09:53:31,54.66,200,
09:53:31,54.66,167,
09:53:32,54.66,100,
09:53:38,54.63,200,
09:53:42,54.62,200,
09:53:42,54.62,100,
09:53:49,54.60,900,
09:53:54,54.61,100,
09:53:54,54.61,100,
09:53:54,54.61,100,
09:53:54,54.60,908,
09:53:56,54.58,100,
09:53:56,54.58,300,
09:53:56,54.58,100,
09:53:56,54.58,200,
09:53:56,54.58,100,
09:53:57,54.59,200,
09:54:00,54.5901,600,
09:54:10,54.59,200,
09:54:10,54.58,200,
09:54:17,54.61,200,
09:54:19,54.63,200,
09:54:19,54.64,200,
09:54:19,54.65,200,
09:54:21,54.641,100,
09:54:22,54.641,200,
09:54:25,54.62,100,
09:54:25,54.62,200,
09:54:25,54.62,200,
09:54:26,54.63,100,
09:54:27,54.63,125,
09:54:27,54.62,100,
09:54:27,54.61,200,
09:54:27,54.61,100,
09:54:27,54.61,100,
09:54:27,54.61,100,
09:54:27,54.62,100,
09:54:27,54.62,100,
09:54:29,54.62,100,
09:54:29,54.61,100,
09:54:29,54.61,200,
09:54:33,54.61,100,
09:54:35,54.61,100,
09:54:35,54.61,200,
09:54:35,54.61,100,
09:54:36,54.60,100,
09:54:36,54.60,200,
09:54:36,54.60,100,
09:54:37,54.60,199,
09:54:39,54.61,2300,
09:54:44,54.63,100,
09:54:45,54.62,100,
09:54:45,54.6201,300,
09:54:45,54.61,200,
09:54:45,54.61,200,
09:54:45,54.61,100,
09:54:45,54.61,400,
09:54:45,54.61,100,
09:54:45,54.61,300,
09:54:51,54.62,100,
09:54:52,54.66,200,
09:54:54,54.63,100,
09:55:00,54.65,200,
09:55:00,54.66,100,
09:55:03,54.67,100,
09:55:03,54.67,100,
09:55:03,54.66,100,
09:55:07,54.666,315,
09:55:10,54.66,200,
09:55:10,54.67,100,
09:55:10,54.67,200,
09:55:15,54.65,100,
09:55:15,54.6439,308,
09:55:15,54.65,100,
09:55:23,54.64,100,
09:55:24,54.65,100,
09:55:26,54.66,100,
09:55:29,54.66,100,
09:55:30,54.66,100,
09:55:38,54.68,100,
09:55:38,54.69,200,
09:55:39,54.70,100,
09:55:39,54.69,300,
09:55:39,54.69,100,
09:55:39,54.69,100,
09:55:39,54.68,200,
09:55:45,54.67,200,
09:55:45,54.66,200,
09:55:45,54.67,200,
09:55:45,54.67,100,
09:55:45,54.68,100,
09:55:46,54.69,200,
09:55:50,54.68,100,
09:55:50,54.68,200,
09:55:53,54.67,100,
09:55:53,54.65,100,
09:55:54,54.68,200,
09:55:54,54.68,400,
09:55:56,54.67,200,
09:55:56,54.68,100,
09:55:59,54.68,100,
09:55:59,54.68,100,
09:55:59,54.67,100,
09:56:01,54.665,200,
09:56:04,54.65,100,
09:56:11,54.64,200,
09:56:26,54.671,200,
09:56:26,54.681,200,
09:56:35,54.67,100,
09:56:36,54.67,100,
09:56:37,54.68,200,
09:56:37,54.6801,100,
09:56:37,54.68,200,
09:56:37,54.67,200,
09:56:38,54.6702,500,
09:56:38,54.69,100,
09:56:39,54.70,100,
09:56:39,54.73,100,
09:56:39,54.72,200,
09:56:39,54.72,100,
09:56:39,54.73,100,
09:56:39,54.73,200,
09:56:39,54.73,100,
09:56:39,54.74,500,
09:56:39,54.70,400,
09:56:39,54.7399,100,
09:56:39,54.74,200,
09:56:39,54.74,100,
09:56:39,54.74,100,
09:56:40,54.75,200,
09:56:40,54.73,400,
09:56:40,54.73,800,
09:56:41,54.75,100,
09:56:41,54.76,100,
09:56:41,54.76,100,
09:56:41,54.77,100,
09:56:41,54.77,100,
09:56:41,54.77,100,
09:56:43,54.73,100,
09:56:44,54.769,100,
09:56:45,54.7601,200,
09:56:46,54.768,800,
09:56:47,54.769,100,
09:56:48,54.77,300,
09:56:49,54.779,300,
09:56:49,54.78,100,
09:56:49,54.78,100,
09:56:50,54.78,300,
09:56:50,54.79,2250,
09:56:52,54.79,105,
09:56:52,54.82,124,
09:56:52,54.82,200,
09:56:53,54.80,200,
09:56:54,54.81,200,
09:56:54,54.80,100,
09:56:54,54.81,100,
09:56:55,54.8083,1200,
09:56:56,54.79,200,
09:56:56,54.79,100,
09:56:58,54.78,100,
09:56:58,54.78,100,
09:56:58,54.78,100,
09:56:58,54.78,200,
09:57:01,54.779,100,
09:57:12,54.76,200,
09:57:13,54.75,100,
09:57:13,54.75,200,
09:57:16,54.77,100,
09:57:16,54.77,100,
09:57:16,54.77,100,
09:57:19,54.754,400,
09:57:25,54.72,100,
09:57:25,54.72,200,
09:57:25,54.71,100,
09:57:25,54.72,100,
09:57:31,54.73,100,
09:57:31,54.73,200,
09:57:32,54.73,200,
09:57:33,54.74,100,
09:57:33,54.7301,2625,
09:57:33,54.74,100,
09:57:33,54.74,100,
09:57:33,54.74,100,
09:57:33,54.73,200,
09:57:33,54.73,200,
09:57:46,54.71,100,
09:57:46,54.71,100,
09:57:46,54.71,100,
09:58:01,54.7201,500,
09:58:08,54.72,100,
09:58:08,54.72,100,
09:58:08,54.72,100,
09:58:09,54.72,200,
09:58:09,54.72,100,
09:58:15,54.73,100,
09:58:23,54.73,200,
09:58:29,54.71,100,
09:58:31,54.71,100,
09:58:31,54.71,100,
09:58:50,54.7465,1360,
09:58:51,54.71,100,
09:58:53,54.67,100,
09:58:53,54.67,100,
09:58:54,54.65,200,
09:58:54,54.62,100,
09:58:54,54.62,100,
09:58:55,54.61,470,
09:58:55,54.62,100,
09:58:55,54.65,300,
09:58:56,54.61,100,
09:58:56,54.61,200,
09:58:56,54.61,100,
09:58:56,54.61,100,
09:58:56,54.60,200,
09:58:56,54.60,200,
09:58:56,54.60,100,
09:58:58,54.62,750,
09:59:01,54.61,100,
09:59:01,54.61,100,
09:59:02,54.61,200,
09:59:02,54.61,100,
09:59:02,54.62,200,
09:59:02,54.60,100,
09:59:02,54.60,200,
09:59:02,54.61,100,
09:59:02,54.61,100,
09:59:02,54.61,100,
09:59:02,54.61,100,
09:59:02,54.62,7250,
09:59:02,54.61,100,
09:59:02,54.60,100,
09:59:06,54.57,200,
09:59:06,54.56,200,
09:59:06,54.57,100,
09:59:07,54.58,200,
09:59:07,54.58,100,
09:59:12,54.59,100,
09:59:12,54.59,100,
09:59:12,54.59,2517,
09:59:12,54.59,541,
09:59:12,54.59,100,
09:59:12,54.59,100,
09:59:12,54.62,100,
09:59:12,54.63,100,
09:59:12,54.64,100,
09:59:13,54.63,100,
09:59:14,54.65,100,
09:59:14,54.66,100,
09:59:18,54.65,200,
09:59:22,54.69,100,
09:59:23,54.69,200,
09:59:24,54.67,200,
09:59:26,54.651,100,
09:59:27,54.66,100,
09:59:28,54.67,100,
09:59:29,54.651,1000,
09:59:32,54.65,100,
09:59:34,54.621,100,
09:59:36,54.6241,1000,
09:59:37,54.63,100,
09:59:37,54.62,100,
09:59:37,54.62,100,
09:59:37,54.62,100,
09:59:37,54.60,200,
09:59:39,54.62,100,
09:59:39,54.59,200,
09:59:40,54.611,100,
09:59:40,54.612,200,
09:59:45,54.63,100,
09:59:45,54.63,100,
09:59:49,54.63,200,
10:00:19,54.65,100,
10:00:19,54.66,200,
10:00:24,54.68,100,
10:00:26,54.71,100,
10:00:26,54.71,100,
10:00:26,54.71,200,
10:00:26,54.70,200,
10:00:27,54.71,100,
10:00:27,54.71,100,
10:00:27,54.71,100,
10:00:32,54.72,300,
10:00:32,54.72,200,
10:00:32,54.72,100,
10:00:32,54.72,622,
10:00:32,54.71,100,
10:00:32,54.70,200,
10:00:32,54.70,200,
10:00:32,54.70,200,
10:00:41,54.69,100,
10:00:41,54.69,100,
10:00:41,54.69,100,
10:00:41,54.69,100,
10:00:41,54.69,100,
10:00:41,54.69,200,
10:00:42,54.68,100,
10:00:42,54.67,100,
10:00:42,54.68,100,
10:00:42,54.67,100,
10:00:42,54.66,200,
10:00:42,54.66,900,
10:00:42,54.66,100,
10:00:42,54.66,100,
10:00:42,54.65,100,
10:00:42,54.65,100,
10:00:43,54.65,600,
10:00:47,54.65,100,
10:00:47,54.65,100,
10:00:47,54.65,100,
10:00:47,54.65,100,
10:00:48,54.64,100,
10:00:49,54.62,100,
10:00:49,54.61,100,
10:00:51,54.60,100,
10:00:52,54.61,200,
10:00:54,54.62,100,
10:00:55,54.6398,200,
10:01:05,54.62,100,
10:01:05,54.63,100,
10:01:05,54.64,100,
10:01:05,54.63,200,
10:01:05,54.64,100,
10:01:07,54.63,100,
10:01:10,54.65,100,
10:01:11,54.67,200,
10:01:12,54.66,100,
10:01:12,54.66,100,
10:01:12,54.66,100,
10:01:12,54.66,100,
10:01:12,54.66,100,
10:01:12,54.66,100,
10:01:14,54.66,100,
10:01:16,54.63,100,
10:01:17,54.64,200,
10:01:17,54.66,200,
10:01:17,54.66,100,
10:01:21,54.63,200,
10:01:28,54.64,100,
10:01:32,54.64,100,
10:01:33,54.62,100,
10:01:33,54.61,200,
10:01:33,54.62,200,
10:01:35,54.62,100,
10:01:35,54.61,200,
10:01:35,54.61,200,
10:01:36,54.62,200,
10:01:36,54.60,100,
10:01:40,54.59,200,
10:01:41,54.581,105,
10:01:57,54.57,200,
10:02:04,54.57,200,
10:02:12,54.58,100,
10:02:13,54.5701,1000,
10:02:18,54.5701,1400,
10:02:20,54.55,500,
10:02:21,54.54,100,
10:02:21,54.54,100,
10:02:26,54.54,100,
10:02:28,54.51,121,
10:02:29,54.51,100,
10:02:29,54.50,100,
10:02:29,54.50,100,
10:02:29,54.50,138,
10:02:30,54.48,200,
10:02:30,54.48,100,
10:02:30,54.49,100,
10:02:30,54.48,500,
10:02:30,54.49,200,
10:02:32,54.47,216,
10:02:32,54.481,200,
10:02:32,54.481,100,
10:02:32,54.47,100,
10:02:32,54.481,200,
10:02:33,54.46,200,
10:02:35,54.451,300,
10:02:35,54.451,300,
10:02:36,54.48,151,
10:02:36,54.47,200,
10:02:36,54.47,100,
10:02:37,54.48,100,
10:02:38,54.471,100,
10:02:38,54.471,100,
10:02:38,54.471,500,
10:02:38,54.471,500,
10:02:41,54.51,200,
10:02:41,54.51,100,
10:02:41,54.50,100,
10:02:41,54.54,100,
10:02:42,54.54,100,
10:02:42,54.54,100,
10:02:42,54.54,100,
10:02:42,54.53,100,
10:02:42,54.53,100,
10:02:42,54.53,100,
10:02:42,54.54,100,
10:02:42,54.54,100,
10:02:42,54.54,100,
10:02:42,54.53,176,
10:02:46,54.52,100,
10:02:46,54.52,100,
10:02:48,54.55,200,
10:02:48,54.55,100,
10:02:50,54.53,200,
10:02:50,54.53,100,
10:02:51,54.53,200,
10:02:51,54.54,142,
10:03:01,54.5401,100,
10:03:02,54.56,200,
10:03:03,54.58,200,
10:03:04,54.60,5650,
10:03:07,54.57,142,
10:03:08,54.574,172,
10:03:14,54.56,100,
10:03:14,54.56,100,
10:03:21,54.54,200,
10:03:33,54.56,200,
10:03:34,54.60,300,
10:03:34,54.60,300,
10:03:35,54.60,100,
10:03:36,54.601,200,
10:03:36,54.601,200,
10:03:36,54.60,100,
10:03:38,54.60,100,
10:03:38,54.60,1000,
10:03:40,54.61,100,
10:03:40,54.61,100,
10:03:40,54.61,300,
10:03:40,54.6034,100,
10:03:40,54.5954,100,
10:03:43,54.59,100,
10:03:43,54.59,100,
10:03:45,54.57,100,
10:03:50,54.57,100,
10:03:51,54.59,100,
10:03:56,54.59,100,
10:03:58,54.61,200,
10:04:02,54.61,200,
10:04:02,54.61,100,
10:04:02,54.61,100,
10:04:11,54.60,100,
10:04:13,54.63,100,
10:04:13,54.63,200,
10:04:13,54.62,100,
10:04:15,54.62,100,
10:04:17,54.62,100,
10:04:21,54.61,100,
10:04:21,54.61,100,
10:04:30,54.5699,100,
10:04:35,54.57,100,
10:04:43,54.5599,100,
10:04:45,54.57,100,
10:04:45,54.58,400,
10:04:45,54.59,200,
10:04:45,54.58,100,
10:04:46,54.60,100,
10:04:46,54.60,200,
10:04:46,54.59,200,
10:04:49,54.59,100,
10:04:49,54.565,100,
10:04:49,54.56,200,
10:04:51,54.558,1800,
10:04:55,54.55,200,
10:04:56,54.53,100,
10:04:56,54.53,100,
10:04:56,54.54,100,
10:04:56,54.53,200,
10:04:56,54.53,100,
10:04:57,54.53,100,
10:04:57,54.52,200,
10:04:58,54.52,100,
10:04:58,54.52,100,
10:04:58,54.52,200,
10:04:58,54.52,100,
10:04:58,54.53,100,
10:04:59,54.53,100,
10:05:00,54.52,100,
10:05:05,54.53,100,
10:05:06,54.51,200,
10:05:07,54.50,200,
10:05:07,54.50,100,
10:05:09,54.48,100,
10:05:10,54.48,100,
10:05:11,54.48,200,
10:05:11,54.482,1000,
10:05:13,54.47,600,
10:05:14,54.45,100,
10:05:17,54.45,100,
10:05:17,54.45,100,
10:05:17,54.45,100,
10:05:17,54.45,100,
10:05:19,54.46,200,
10:05:19,54.45,275,
10:05:19,54.44,100,
10:05:19,54.43,200,
10:05:20,54.42,100,
10:05:20,54.42,300,
10:05:21,54.40,200,
10:05:21,54.40,190,
10:05:21,54.40,100,
10:05:21,54.39,200,
10:05:21,54.38,155,
10:05:21,54.39,100,
10:05:21,54.38,100,
10:05:21,54.38,145,
10:05:21,54.38,200,
10:05:21,54.38,200,
10:05:21,54.38,100,
10:05:21,54.37,300,
10:05:21,54.37,100,
10:05:21,54.36,300,
10:05:21,54.39,700,
10:05:21,54.35,102,
10:05:21,54.38,700,
10:05:21,54.35,100,
10:05:21,54.34,100,
10:05:21,54.34,100,
10:05:21,54.38,100,
10:05:21,54.36,300,
10:05:21,54.40,100,
10:05:21,54.38,200,
10:05:21,54.40,300,
10:05:21,54.38,100,
10:05:22,54.34,100,
10:05:22,54.34,100,
10:05:22,54.36,106,
10:05:22,54.34,200,
10:05:22,54.37,200,
10:05:22,54.37,100,
10:05:22,54.37,100,
10:05:22,54.37,100,
10:05:24,54.3801,200,
10:05:25,54.37,200,
10:05:25,54.37,100,
10:05:25,54.36,200,
10:05:25,54.35,200,
10:05:26,54.32,500,
10:05:26,54.32,200,
10:05:26,54.32,100,
10:05:26,54.32,100,
10:05:26,54.31,100,
10:05:26,54.33,100,
10:05:27,54.34,200,
10:05:28,54.34,100,
10:05:28,54.34,100,
10:05:29,54.341,100,
10:05:30,54.34,1000,
10:05:30,54.35,200,
10:05:30,54.35,100,
10:05:31,54.34,100,
10:05:31,54.34,100,
10:05:31,54.33,100,
10:05:31,54.34,100,
10:05:32,54.33,100,
10:05:32,54.34,100,
10:05:32,54.34,100,
10:05:32,54.34,100,
10:05:32,54.34,100,
10:05:32,54.35,100,
10:05:33,54.35,100,
10:05:33,54.35,100,
10:05:33,54.35,100,
10:05:34,54.35,100,
10:05:36,54.32,100,
10:05:36,54.31,100,
10:05:36,54.31,100,
10:05:36,54.31,100,
10:05:36,54.31,200,
10:05:36,54.31,100,
10:05:40,54.30,100,
10:05:42,54.32,1000,
10:05:45,54.33,100,
10:05:45,54.33,100,
10:05:45,54.35,200,
10:05:45,54.35,100,
10:05:45,54.35,100,
10:05:46,54.35,100,
10:05:47,54.35,100,
10:05:47,54.34,100,
10:05:48,54.33,100,
10:05:48,54.33,100,
10:05:48,54.33,100,
10:05:48,54.33,100,
10:05:48,54.33,100,
10:05:49,54.31,100,
10:05:51,54.31,100,
10:05:51,54.31,100,
10:05:54,54.34,100,
10:05:55,54.36,100,
10:05:57,54.34,200,
10:05:57,54.34,100,
10:05:58,54.35,200,
10:05:59,54.34,100,
10:05:59,54.34,100,
10:06:01,54.36,200,
10:06:01,54.37,100,
10:06:01,54.37,200,
10:06:01,54.36,100,
10:06:01,54.36,100,
10:06:01,54.36,200,
10:06:05,54.33,200,
10:06:09,54.39,200,
10:06:10,54.42,100,
10:06:10,54.42,100,
10:06:10,54.42,200,
10:06:10,54.43,123,
10:06:11,54.41,100,
10:06:11,54.43,100,
10:06:12,54.40,200,
10:06:12,54.38,100,
10:06:12,54.39,100,
10:06:12,54.39,100,
10:06:15,54.37,200,
10:06:15,54.38,100,
10:06:16,54.37,200,
10:06:16,54.37,100,
10:06:17,54.40,200,
10:06:17,54.41,200,
10:06:18,54.41,100,
10:06:18,54.39,200,
10:06:24,54.37,200,
10:06:25,54.39,100,
10:06:26,54.38,100,
10:06:26,54.37,100,
10:06:26,54.37,100,
10:06:26,54.37,200,
10:06:26,54.37,136,
10:06:26,54.38,100,
10:06:26,54.38,100,
10:06:27,54.41,100,
10:06:28,54.41,200,
10:06:28,54.41,200,
10:06:28,54.41,100,
10:06:28,54.41,200,
10:06:30,54.39,200,
10:06:30,54.3899,200,
10:06:30,54.39,300,
10:06:30,54.38,100,
10:06:30,54.38,100,
10:06:32,54.38,100,
10:06:36,54.38,100,
10:06:38,54.33,200,
10:06:40,54.35,100,
10:06:40,54.35,200,
10:06:40,54.35,149,
10:06:45,54.36,100,
10:06:50,54.36,2000,
10:06:58,54.3762,200,
10:07:11,54.31,200,
10:07:16,54.32,100,
10:07:21,54.32,100,
10:07:25,54.34,100,
10:07:25,54.34,200,
10:07:25,54.3399,200,
10:07:25,54.3399,100,
10:07:25,54.3499,100,
10:07:25,54.3499,100,
10:07:25,54.3499,100,
10:07:25,54.3499,100,
10:07:25,54.3499,200,
10:07:25,54.34,200,
10:07:26,54.3301,300,
10:07:26,54.32,100,
10:07:26,54.32,200,
10:07:30,54.32,100,
10:07:33,54.31,100,
10:07:33,54.30,200,
10:07:33,54.30,100,
10:07:33,54.30,100,
10:07:33,54.30,100,
10:07:34,54.3141,1000,
10:07:34,54.30,100,
10:07:36,54.29,100,
10:07:36,54.29,100,
10:07:38,54.2601,200,
10:07:38,54.26,100,
10:07:38,54.25,300,
10:07:38,54.25,100,
10:07:39,54.24,100,
10:07:39,54.24,200,
10:07:39,54.24,200,
10:07:40,54.25,100,
10:07:40,54.25,100,
10:07:40,54.24,100,
10:07:42,54.22,300,
10:07:43,54.2187,100,
10:07:43,54.20,200,
10:07:43,54.201,200,
10:07:43,54.201,200,
10:07:43,54.20,100,
10:07:44,54.20,500,
10:07:44,54.201,100,
10:07:44,54.20,100,
10:07:44,54.20,200,
10:07:45,54.20,100,
10:07:46,54.20,100,
10:07:46,54.19,100,
10:07:47,54.19,100,
10:07:47,54.20,200,
10:07:47,54.20,100,
10:07:47,54.20,100,
10:07:47,54.20,100,
10:07:48,54.19,200,
10:07:49,54.18,100,
10:07:51,54.17,100,
10:07:51,54.18,100,
10:07:53,54.18,100,
10:07:54,54.1799,300,
10:07:55,54.1999,200,
10:07:55,54.1999,200,
10:07:55,54.17,100,
10:07:55,54.17,100,
10:07:56,54.18,100,
10:07:57,54.184,800,
10:08:00,54.17,100,
10:08:01,54.18,100,
10:08:02,54.18,100,
10:08:02,54.17,100,
10:08:02,54.17,100,
10:08:02,54.17,100,
10:08:02,54.16,100,
10:08:02,54.16,100,
10:08:02,54.17,100,
10:08:02,54.17,200,
10:08:02,54.17,100,
10:08:03,54.17,100,
10:08:03,54.18,200,
10:08:04,54.18,100,
10:08:04,54.17,100,
10:08:05,54.17,100,
10:08:05,54.16,100,
10:08:06,54.168,900,
10:08:06,54.21,100,
10:08:06,54.21,100,
10:08:06,54.19,100,
10:08:08,54.20,200,
10:08:08,54.21,200,
10:08:08,54.20,100,
10:08:09,54.21,100,
10:08:09,54.21,100,
10:08:10,54.20,200,
10:08:10,54.18,100,
10:08:10,54.19,100,
10:08:11,54.19,200,
10:08:11,54.19,100,
10:08:12,54.20,200,
10:08:12,54.20,100,
10:08:12,54.20,100,
10:08:12,54.18,200,
10:08:12,54.18,200,
10:08:13,54.18,200,
10:08:13,54.17,100,
10:08:13,54.17,100,
10:08:15,54.1901,100,
10:08:18,54.20,200,
10:08:21,54.18,200,
10:08:26,54.1901,100,
10:08:29,54.21,200,
10:08:41,54.16,100,
10:08:42,54.17,100,
10:08:42,54.18,100,
10:08:48,54.18,100,
10:08:48,54.18,200,
10:08:48,54.19,100,
10:08:48,54.19,200,
10:08:48,54.19,100,
10:08:51,54.19,100,
10:09:04,54.14,200,
10:09:04,54.13,170,
10:09:05,54.15,200,
10:09:09,54.17,200,
10:09:09,54.17,100,
10:09:09,54.17,100,
10:09:09,54.17,100,
10:09:09,54.17,100,
10:09:16,54.2018,1000,
10:09:23,54.19,100,
10:09:25,54.19,100,
10:09:29,54.189,2500,
10:09:32,54.21,100,
10:09:34,54.2024,1200,
10:09:37,54.20,200,
10:09:38,54.19,100,
10:09:38,54.19,200,
10:09:38,54.19,100,
10:09:40,54.19,200,
10:09:40,54.19,100,
10:09:42,54.18,100,
10:09:46,54.17,100,
10:09:49,54.16,100,
10:09:49,54.16,100,
10:09:49,54.15,100,
10:09:49,54.15,100,
10:09:49,54.1456,200,
10:09:51,54.13,100,
10:09:51,54.14,100,
10:09:52,54.1401,400,
10:09:53,54.15,100,
10:09:53,54.15,100,
10:09:53,54.14,125,
10:09:53,54.15,100,
10:09:53,54.14,100,
10:09:53,54.13,100,
10:09:53,54.14,100,
10:09:53,54.14,100,
10:09:53,54.13,200,
10:09:53,54.13,100,
10:09:53,54.13,100,
10:09:53,54.13,100,
10:09:53,54.13,100,
10:09:53,54.12,200,
10:09:53,54.13,100,
10:09:53,54.13,100,
10:09:53,54.13,126,
10:09:53,54.12,100,
10:09:53,54.12,100,
10:09:53,54.12,200,
10:09:53,54.11,200,
10:09:53,54.12,100,
10:09:53,54.12,100,
10:09:54,54.12,200,
10:09:54,54.12,100,
10:09:54,54.12,100,
10:09:55,54.14,200,
10:09:55,54.14,100,
10:09:56,54.14,100,
10:09:56,54.14,200,
10:09:56,54.13,200,
10:09:56,54.13,100,
10:09:56,54.13,1200,
10:09:56,54.12,100,
10:09:56,54.12,100,
10:09:56,54.11,200,
10:09:56,54.11,425,
10:09:56,54.11,1700,
10:09:56,54.10,125,
10:09:56,54.10,325,
10:09:56,54.11,100,
10:09:57,54.10,300,
10:09:57,54.10,100,
10:09:59,54.10,100,
10:09:59,54.11,100,
10:09:59,54.11,100,
10:09:59,54.11,100,
10:09:59,54.12,200,
10:09:59,54.12,100,
10:09:59,54.13,100,
10:10:00,54.12,100,
10:10:00,54.13,200,
10:10:00,54.13,100,
10:10:00,54.14,100,
10:10:00,54.13,100,
10:10:00,54.12,100,
10:10:00,54.13,300,
10:10:00,54.13,100,
10:10:00,54.13,100,
10:10:01,54.13,100,
10:10:01,54.13,200,
10:10:03,54.112,1000,
10:10:07,54.11,200,
10:10:09,54.1301,675,
10:10:10,54.16,100,
10:10:10,54.17,100,
10:10:11,54.16,174,
10:10:11,54.15,100,
10:10:11,54.15,100,
10:10:11,54.15,100,
10:10:15,54.159,2500,
10:10:16,54.14,100,
10:10:18,54.14,200,
10:10:18,54.149,700,
10:10:19,54.14,400,
10:10:20,54.14,100,
10:10:20,54.16,1000,
10:10:20,54.16,200,
10:10:22,54.17,200,
10:10:22,54.17,100,
10:10:22,54.18,148,
10:10:22,54.1701,5466,
10:10:22,54.152,134,
10:10:23,54.189,100,
10:10:24,54.198,2500,
10:10:24,54.19,200,
10:10:24,54.19,200,
10:10:24,54.19,100,
10:10:27,54.1999,1000,
10:10:28,54.20,500,
10:10:28,54.19,100,
10:10:28,54.20,100,
10:10:28,54.19,200,
10:10:28,54.18,100,
10:10:28,54.18,100,
10:10:28,54.1799,100,
10:10:29,54.198,2500,
10:10:32,54.12,450,
10:10:32,54.12,100,
10:10:32,54.12,100,
10:10:32,54.12,100,
10:10:32,54.12,200,
10:10:32,54.129,400,
10:10:32,54.129,400,
10:10:32,54.14,100,
10:10:32,54.14,500,
10:10:33,54.14,200,
10:10:33,54.14,151,
10:10:33,54.14,200,
10:10:33,54.129,1000,
10:10:35,54.12,200,
10:10:35,54.11,300,
10:10:35,54.109,100,
10:10:35,54.099,100,
10:10:35,54.09,300,
10:10:36,54.08,100,
10:10:36,54.08,200,
10:10:36,54.08,200,
10:10:36,54.09,200,
10:10:36,54.08,300,
10:10:36,54.07,200,
10:10:36,54.07,100,
10:10:36,54.07,200,
10:10:37,54.06,100,
10:10:37,54.12,100,
10:10:38,54.07,100,
10:10:38,54.07,100,
10:10:38,54.07,100,
10:10:38,54.07,100,
10:10:38,54.07,100,
10:10:38,54.08,100,
10:10:38,54.07,100,
10:10:38,54.09,143,
10:10:38,54.09,200,
10:10:38,54.09,100,
10:10:39,54.062,100,
10:10:39,54.11,200,
10:10:39,54.11,100,
10:10:39,54.105,100,
10:10:39,54.11,100,
10:10:39,54.10,100,
10:10:39,54.10,100,
10:10:40,54.12,100,
10:10:40,54.12,140,
10:10:40,54.12,200,
10:10:41,54.07,100,
10:10:42,54.13,200,
10:10:42,54.13,100,
10:10:44,54.11,200,
10:10:47,54.12,100,
10:10:50,54.109,300,
10:10:50,54.12,100,
10:10:51,54.119,1000,
10:10:52,54.12,100,
10:10:53,54.13,100,
10:10:53,54.15,100,
10:10:53,54.15,100,
10:10:53,54.17,300,
10:10:53,54.14,100,
10:10:54,54.13,100,
10:10:54,54.13,100,
10:10:54,54.13,100,
10:10:54,54.14,100,
10:10:54,54.13,200,
10:10:54,54.13,100,
10:10:54,54.13,200,
10:10:55,54.12,100,
10:10:55,54.14,100,
10:10:57,54.149,100,
10:10:58,54.1401,100,
10:10:59,54.144,100,
10:10:59,54.1425,100,
10:10:59,54.14,1900,
10:11:05,54.19,100,
10:11:05,54.19,100,
10:11:05,54.19,100,
10:11:05,54.19,1800,
10:11:07,54.18,100,
10:11:07,54.17,100,
10:11:08,54.18,100,
10:11:08,54.18,100,
10:11:08,54.18,100,
10:11:12,54.18,100,
10:11:12,54.17,100,
10:11:12,54.17,100,
10:11:12,54.17,200,
10:11:12,54.17,100,
10:11:12,54.17,200,
10:11:14,54.1799,1000,
10:11:14,54.16,100,
10:11:14,54.16,100,
10:11:15,54.15,100,
10:11:15,54.16,100,
10:11:15,54.16,100,
10:11:15,54.1612,100,
10:11:15,54.17,100,
10:11:16,54.16,100,
10:11:17,54.17,100,
10:11:17,54.18,100,
10:11:20,54.19,100,
10:11:20,54.19,100,
10:11:20,54.19,100,
10:11:24,54.18,100,
10:11:26,54.18,200,
10:11:30,54.18,100,
10:11:32,54.19,200,
10:11:35,54.21,100,
10:11:37,54.22,100,
10:11:37,54.24,100,
10:11:38,54.23,200,
10:11:42,54.2601,200,
10:11:42,54.26,200,
10:11:44,54.269,200,
10:11:44,54.26,3000,
10:11:46,54.269,100,
10:11:47,54.26,100,
10:11:47,54.25,150,
10:11:48,54.25,100,
10:11:48,54.24,100,
10:11:48,54.24,100,
10:11:48,54.24,100,
10:11:49,54.25,200,
10:11:53,54.22,100,
10:11:53,54.22,100,
10:11:54,54.23,200,
10:11:54,54.23,100,
10:11:54,54.23,100,
10:11:54,54.23,100,
10:11:54,54.24,200,
10:11:55,54.26,100,
10:11:55,54.26,200,
10:11:56,54.26,100,
10:11:57,54.27,100,
10:11:58,54.29,100,
10:11:59,54.29,300,
10:12:00,54.28,100,
10:12:00,54.27,100,
10:12:02,54.26,200,
10:12:03,54.26,100,
10:12:04,54.22,100,
10:12:07,54.22,100,
10:12:09,54.23,100,
10:12:09,54.23,100,
10:12:10,54.23,100,
10:12:10,54.21,200,
10:12:14,54.20,300,
10:12:18,54.22,100,
10:12:18,54.22,100,
10:12:18,54.21,100,
10:12:18,54.21,200,
10:12:18,54.21,100,
10:12:18,54.20,100,
10:12:18,54.20,400,
10:12:18,54.20,100,
10:12:18,54.20,200,
10:12:18,54.20,100,
10:12:18,54.20,100,
10:12:18,54.20,100,
10:12:18,54.21,100,
10:12:18,54.20,200,
10:12:18,54.21,100,
10:12:18,54.21,100,
10:12:18,54.20,200,
10:12:18,54.21,100,
10:12:18,54.21,100,
10:12:18,54.20,100,
10:12:21,54.1971,120,
10:12:21,54.16,100,
10:12:21,54.17,100,
10:12:21,54.16,100,
10:12:21,54.16,100,
10:12:21,54.16,100,
10:12:21,54.16,200,
10:12:21,54.16,100,
10:12:21,54.17,100,
10:12:21,54.15,100,
10:12:21,54.15,200,
10:12:21,54.14,200,
10:12:21,54.14,100,
10:12:21,54.14,100,
10:12:21,54.14,100,
10:12:21,54.14,100,
10:12:21,54.14,200,
10:12:21,54.13,100,
10:12:21,54.13,300,
10:12:21,54.13,175,
10:12:21,54.12,100,
10:12:21,54.12,300,
10:12:22,54.12,100,
10:12:22,54.12,100,
10:12:22,54.12,200,
10:12:22,54.12,275,
10:12:22,54.12,125,
10:12:27,54.12,100,
10:12:27,54.11,200,
10:12:27,54.11,300,
10:12:27,54.11,100,
10:12:27,54.11,100,
10:12:28,54.12,100,
10:12:28,54.12,100,
10:12:28,54.13,100,
10:12:28,54.15,100,
10:12:28,54.15,100,
10:12:28,54.15,100,
10:12:28,54.15,179,
10:12:28,54.14,100,
10:12:28,54.15,100,
10:12:28,54.15,100,
10:12:28,54.15,100,
10:12:28,54.15,100,
10:12:28,54.15,100,
10:12:28,54.15,100,
10:12:29,54.1499,1000,
10:12:29,54.15,100,
10:12:29,54.15,100,
10:12:34,54.1565,300,
10:12:34,54.17,100,
10:12:34,54.17,100,
10:12:34,54.16,200,
10:12:41,54.16,200,
10:12:41,54.159,300,
10:12:41,54.159,400,
10:12:42,54.15,100,
10:12:42,54.159,100,
10:12:45,54.158,500,
10:12:45,54.16,200,
10:12:48,54.169,200,
10:12:48,54.17,100,
10:12:48,54.19,100,
10:12:48,54.19,100,
10:12:48,54.19,100,
10:12:48,54.19,100,
10:12:49,54.209,200,
10:12:49,54.209,300,
10:12:50,54.22,100,
10:12:50,54.2141,100,
10:12:50,54.2499,100,
10:12:51,54.25,100,
10:12:51,54.209,100,
10:12:51,54.209,100,
10:12:51,54.24,100,
10:12:51,54.23,100,
10:12:51,54.23,200,
10:12:51,54.23,100,
10:12:51,54.23,100,
10:12:51,54.23,200,
10:12:52,54.22,100,
10:12:52,54.22,100,
10:12:54,54.22,100,
10:12:54,54.219,700,
10:12:55,54.23,200,
10:12:55,54.23,100,
10:12:56,54.24,200,
10:12:57,54.219,1000,
10:12:59,54.259,200,
10:13:00,54.259,100,
10:13:00,54.259,200,
10:13:00,54.25,100,
10:13:00,54.26,100,
10:13:00,54.24,100,
10:13:00,54.259,100,
10:13:04,54.21,100,
10:13:04,54.21,100,
10:13:04,54.21,100,
10:13:04,54.21,100,
10:13:04,54.21,900,
10:13:04,54.21,304,
10:13:04,54.21,100,
10:13:04,54.21,200,
10:13:05,54.20,100,
10:13:05,54.20,100,
10:13:05,54.20,100,
10:13:05,54.21,100,
10:13:05,54.22,100,
10:13:05,54.22,200,
10:13:05,54.20,100,
10:13:05,54.20,100,
10:13:06,54.21,100,
10:13:08,54.22,200,
10:13:09,54.24,200,
10:13:09,54.23,100,
10:13:14,54.2301,100,
10:13:15,54.25,100,
10:13:15,54.25,100,
10:13:15,54.25,100,
10:13:18,54.27,200,
10:13:19,54.28,100,
10:13:24,54.2901,1000,
10:13:28,54.31,200,
10:13:28,54.31,100,
10:13:28,54.32,125,
10:13:28,54.32,100,
10:13:28,54.32,300,
10:13:28,54.32,200,
10:13:28,54.31,200,
10:13:28,54.3099,1000,
10:13:29,54.29,200,
10:13:29,54.29,200,
10:13:29,54.28,200,
10:13:29,54.28,100,
10:13:29,54.28,100,
10:13:29,54.28,100,
10:13:29,54.26,103,
10:13:29,54.26,100,
10:13:29,54.25,100,
10:13:29,54.25,100,
10:13:29,54.26,100,
10:13:29,54.25,100,
10:13:29,54.25,100,
10:13:29,54.25,100,
10:13:33,54.26,100,
10:13:33,54.26,100,
10:13:34,54.28,125,
10:13:34,54.27,100,
10:13:35,54.28,100,
10:13:35,54.28,200,
10:13:35,54.27,200,
10:13:41,54.26,100,
10:13:41,54.25,100,
10:13:41,54.25,100,
10:13:45,54.22,200,
10:13:45,54.23,100,
10:13:45,54.23,100,
10:13:45,54.23,200,
10:13:45,54.23,100,
10:13:47,54.23,100,
10:13:48,54.25,100,
10:13:51,54.27,200,
10:13:51,54.26,100,
10:13:52,54.26,100,
10:13:53,54.26,100,
10:13:54,54.25,100,
10:13:55,54.2499,3000,
10:13:58,54.219,200,
10:13:58,54.219,300,
10:13:58,54.21,100,
10:14:00,54.219,1000,
10:14:01,54.20,100,
10:14:10,54.19,200,
10:14:10,54.19,100,
10:14:12,54.19,200,
10:14:14,54.20,100,
10:14:19,54.19,100,
10:14:20,54.21,150,
10:14:22,54.21,100,
10:14:22,54.21,200,
10:14:22,54.21,200,
10:14:22,54.21,100,
10:14:22,54.21,100,
10:14:22,54.21,100,
10:14:24,54.22,200,
10:14:24,54.23,100,
10:14:25,54.24,200,
10:14:26,54.24,100,
10:14:28,54.23,200,
10:14:28,54.23,100,
10:14:28,54.21,200,
10:14:28,54.219,300,
10:14:29,54.209,200,
10:14:29,54.219,100,
10:14:30,54.219,1000,
10:14:31,54.2199,100,
10:14:33,54.2101,200,
10:14:38,54.22,100,
10:14:41,54.219,100,
10:14:41,54.219,200,
10:14:41,54.21,200,
10:14:42,54.22,100,
10:14:42,54.218,1000,
10:14:45,54.22,200,
10:14:45,54.21,200,
10:14:47,54.219,100,
10:14:47,54.2199,300,
10:14:50,54.24,100,
10:14:50,54.24,100,
10:14:50,54.24,100,
10:14:50,54.24,400,
10:14:50,54.24,100,
10:14:50,54.249,700,
10:14:51,54.24,100,
10:14:51,54.26,100,
10:14:51,54.26,100,
10:14:54,54.24,100,
10:14:54,54.249,200,
10:14:54,54.249,200,
10:14:54,54.249,200,
10:14:57,54.248,500,
10:14:58,54.24,100,
10:14:58,54.248,200,
10:14:59,54.25,100,
10:15:00,54.28,200,
10:15:00,54.27,100,
10:15:00,54.274,100,
10:15:02,54.25,100,
10:15:03,54.269,200,
10:15:03,54.269,200,
10:15:03,54.269,1000,
10:15:03,54.259,100,
10:15:03,54.259,100,
10:15:04,54.269,100,
10:15:07,54.269,600,
10:15:08,54.27,200,
10:15:08,54.279,400,
10:15:08,54.27,100,
10:15:09,54.27,200,
10:15:09,54.27,100,
10:15:09,54.27,100,
10:15:10,54.279,200,
10:15:10,54.27,100,
10:15:12,54.271,100,
10:15:12,54.28,100,
10:15:14,54.28,200,
10:15:14,54.28,200,
10:15:22,54.27,100,
10:15:22,54.27,100,
10:15:23,54.27,100,
10:15:24,54.28,200,
10:15:24,54.28,100,
10:15:24,54.25,100,
10:15:27,54.24,100,
10:15:27,54.24,100,
10:15:27,54.25,200,
10:15:27,54.23,200,
10:15:30,54.23,100,
10:15:30,54.23,100,
10:15:30,54.24,100,
10:15:30,54.24,100,
10:15:31,54.22,200,
10:15:31,54.23,200,
10:15:31,54.23,100,
10:15:31,54.21,970,
10:15:31,54.21,100,
10:15:31,54.19,200,
10:15:31,54.19,100,
10:15:31,54.23,100,
10:15:31,54.21,100,
10:15:31,54.21,100,
10:15:32,54.19,100,
10:15:32,54.21,100,
10:15:33,54.20,100,
10:15:34,54.20,100,
10:15:34,54.22,200,
10:15:35,54.22,200,
10:15:35,54.22,100,
10:15:35,54.22,100,
10:15:37,54.21,200,
10:15:37,54.21,100,
10:15:42,54.23,100,
10:15:42,54.24,128,
10:15:42,54.24,128,
10:15:45,54.25,100,
10:15:45,54.25,100,
10:15:45,54.24,100,
10:15:46,54.24,100,
10:15:49,54.249,100,
10:15:52,54.24,100,
10:15:54,54.20,100,
10:15:54,54.21,100,
10:15:57,54.219,100,
10:16:01,54.21,100,
10:16:01,54.22,200,
10:16:01,54.22,100,
10:16:02,54.23,200,
10:16:02,54.23,200,
10:16:02,54.23,100,
10:16:02,54.25,200,
10:16:04,54.2501,200,
10:16:07,54.25,100,
10:16:09,54.259,300,
10:16:09,54.259,200,
10:16:09,54.259,100,
10:16:09,54.255,100,
10:16:09,54.259,100,
10:16:09,54.259,100,
10:16:09,54.259,100,
10:16:09,54.259,100,
10:16:11,54.23,100,
10:16:12,54.23,100,
10:16:12,54.25,100,
10:16:13,54.25,100,
10:16:13,54.26,100,
10:16:13,54.26,200,
10:16:14,54.27,200,
10:16:14,54.279,222,
10:16:15,54.269,100,
10:16:15,54.279,500,
10:16:15,54.279,500,
10:16:16,54.28,124,
10:16:20,54.269,200,
10:16:20,54.269,100,
10:16:25,54.26,100,
10:16:25,54.2699,100,
10:16:25,54.25,100,
10:16:27,54.23,100,
10:16:36,54.24,200,
10:16:42,54.24,100,
10:16:44,54.20,100,
10:16:44,54.20,100,
10:16:45,54.2099,1000,
10:16:47,54.20,200,
10:16:48,54.18,600,
10:16:49,54.20,200,
10:16:49,54.20,100,
10:16:49,54.19,100,
10:16:54,54.17,100,
10:16:54,54.16,200,
10:16:54,54.16,100,
10:16:54,54.16,100,
10:16:54,54.16,100,
10:16:54,54.17,100,
10:16:54,54.17,100,
10:16:54,54.16,200,
10:16:54,54.16,100,
10:16:54,54.182,800,
10:16:56,54.22,100,
10:16:56,54.23,100,
10:16:58,54.24,200,
10:16:58,54.23,200,
10:16:58,54.23,200,
10:16:58,54.23,200,
10:17:07,54.21,4800,
10:17:09,54.232,400,
10:17:10,54.23,100,
10:17:14,54.26,200,
10:17:17,54.28,100,
10:17:17,54.28,100,
10:17:17,54.28,100,
10:17:17,54.28,100,
10:17:17,54.28,100,
10:17:17,54.28,100,
10:17:19,54.26,100,
10:17:21,54.27,100,
10:17:24,54.27,100,
10:17:24,54.26,200,
10:17:32,54.27,200,
10:17:32,54.28,100,
10:17:32,54.28,200,
10:17:32,54.28,200,
10:17:32,54.28,100,
10:17:32,54.27,200,
10:17:32,54.28,100,
10:17:32,54.28,100,
10:17:32,54.28,100,
10:17:32,54.28,100,
10:17:32,54.28,100,
10:17:32,54.28,200,
10:17:32,54.28,200,
10:17:32,54.28,100,
10:17:32,54.28,100,
10:17:33,54.28,100,
10:17:33,54.28,200,
10:17:33,54.28,100,
10:17:34,54.29,2000,
10:17:35,54.27,100,
10:17:35,54.26,100,
10:17:35,54.26,100,
10:17:35,54.26,100,
10:17:35,54.27,100,
10:17:35,54.27,100,
10:17:35,54.27,100,
10:17:36,54.27,100,
10:17:41,54.28,100,
10:17:43,54.29,120,
10:17:51,54.30,100,
10:17:55,54.27,200,
10:17:57,54.29,200,
10:17:57,54.29,100,
10:17:57,54.31,133,
10:18:01,54.3299,300,
10:18:02,54.312,1000,
10:18:04,54.31,132,
10:18:05,54.3099,100,
10:18:11,54.30,100,
10:18:17,54.33,100,
10:18:17,54.33,100,
10:18:17,54.33,100,
10:18:17,54.34,100,
10:18:18,54.36,100,
10:18:18,54.37,100,
10:18:19,54.38,100,
10:18:19,54.38,200,
10:18:19,54.38,100,
10:18:19,54.38,100,
10:18:19,54.36,200,
10:18:19,54.36,100,
10:18:19,54.36,200,
10:18:19,54.36,100,
10:18:24,54.3599,3000,
10:18:25,54.36,100,
10:18:27,54.31,200,
10:18:29,54.32,100,
10:18:29,54.33,100,
10:18:29,54.33,100,
10:18:29,54.33,100,
10:18:34,54.31,100,
10:18:37,54.28,200,
10:18:38,54.2999,185,
10:18:47,54.26,100,
10:18:47,54.26,100,
10:18:48,54.26,100,
10:18:48,54.26,200,
10:18:51,54.27,200,
10:18:52,54.27,400,
10:18:52,54.27,100,
10:18:52,54.28,100,
10:18:52,54.27,100,
10:18:53,54.27,200,
10:18:53,54.27,100,
10:18:54,54.2699,700,
10:18:55,54.2599,155,
10:19:02,54.27,100,
10:19:02,54.27,100,
10:19:05,54.28,100,
10:19:07,54.28,100,
10:19:07,54.29,100,
10:19:07,54.29,200,
10:19:07,54.29,100,
10:19:09,54.2901,500,
10:19:09,54.29,100,
10:19:09,54.30,100,
10:19:09,54.30,100,
10:19:10,54.30,200,
10:19:11,54.30,200,
10:19:12,54.29,210,
10:19:12,54.29,200,
10:19:12,54.29,100,
10:19:12,54.29,100,
10:19:14,54.2902,600,
10:19:15,54.31,100,
10:19:15,54.31,100,
10:19:15,54.32,200,
10:19:15,54.32,100,
10:19:15,54.31,100,
10:19:16,54.33,100,
10:19:16,54.33,100,
10:19:16,54.33,100,
10:19:17,54.32,100,
10:19:17,54.32,200,
10:19:17,54.30,100,
10:19:17,54.30,100,
10:19:17,54.31,100,
10:19:17,54.31,100,
10:19:22,54.3101,100,
10:19:22,54.32,150,
10:19:22,54.32,100,
10:19:24,54.31,300,
10:19:34,54.31,200,
10:19:34,54.31,100,
10:19:34,54.31,100,
10:19:41,54.33,100,
10:19:41,54.33,100,
10:19:42,54.34,100,
10:19:42,54.33,100,
10:19:42,54.33,100,
10:19:42,54.33,100,
10:19:42,54.34,150,
10:19:42,54.33,200,
10:19:42,54.33,100,
10:19:43,54.33,100,
10:19:44,54.32,200,
10:19:45,54.31,100,
10:19:45,54.33,200,
10:19:48,54.3399,3000,
10:19:49,54.32,200,
10:19:49,54.31,200,
10:19:53,54.30,200,
10:19:53,54.28,100,
10:19:53,54.288,100,
10:19:54,54.28,100,
10:19:54,54.28,100,
10:19:56,54.27,100,
10:19:58,54.29,200,
10:20:00,54.29,100,
10:20:02,54.29,100,
10:20:07,54.26,100,
10:20:07,54.27,100,
10:20:07,54.27,100,
10:20:07,54.27,200,
10:20:08,54.25,200,
10:20:08,54.26,100,
10:20:08,54.24,100,
10:20:10,54.2701,1000,
10:20:20,54.28,100,
10:20:24,54.29,100,
10:20:25,54.28,200,
10:20:28,54.28,100,
10:20:33,54.27,300,
10:20:37,54.2401,2000,
10:20:41,54.24,100,
10:20:41,54.24,100,
10:20:53,54.2218,1000,
10:20:57,54.2201,100,
10:20:57,54.26,100,
10:20:57,54.26,200,
10:20:57,54.26,100,
10:20:57,54.23,2153,
10:20:57,54.25,200,
10:21:02,54.28,100,
10:21:02,54.28,200,
10:21:02,54.27,100,
10:21:04,54.29,200,
10:21:04,54.29,100,
10:21:04,54.29,200,
10:21:04,54.31,200,
10:21:05,54.29,100,
10:21:05,54.31,100,
10:21:05,54.32,100,
10:21:05,54.30,100,
10:21:05,54.30,100,
10:21:06,54.30,200,
10:21:11,54.33,100,
10:21:12,54.33,100,
10:21:12,54.33,100,
10:21:12,54.31,100,
10:21:12,54.33,200,
10:21:12,54.33,100,
10:21:12,54.33,100,
10:21:12,54.32,200,
10:21:12,54.32,300,
10:21:12,54.32,100,
10:21:12,54.32,100,
10:21:17,54.33,100,
10:21:17,54.33,100,
10:21:17,54.33,100,
10:21:17,54.33,100,
10:21:17,54.33,100,
10:21:17,54.33,100,
10:21:17,54.33,100,
10:21:17,54.33,100,
10:21:21,54.32,100,
10:21:24,54.32,100,
10:21:24,54.32,100,
10:21:25,54.3101,100,
10:21:25,54.31,100,
10:21:27,54.31,100,
10:21:30,54.31,100,
10:21:30,54.30,200,
10:21:34,54.31,100,
10:21:35,54.31,400,
10:21:35,54.31,100,
10:21:36,54.30,200,
10:21:36,54.29,383,
10:21:36,54.29,120,
10:21:37,54.29,200,
10:21:38,54.29,300,
10:21:38,54.30,200,
10:21:38,54.31,100,
10:21:38,54.30,100,
10:21:44,54.28,200,
10:21:44,54.28,100,
10:21:44,54.26,100,
10:21:44,54.28,100,
10:21:44,54.29,200,
10:21:46,54.27,100,
10:21:50,54.24,200,
10:21:51,54.2499,200,
10:21:56,54.23,100,
10:21:56,54.24,100,
10:21:56,54.24,100,
10:21:57,54.23,200,
10:21:57,54.23,100,
10:21:57,54.23,100,
10:21:57,54.23,100,
10:21:57,54.23,100,
10:21:57,54.23,100,
10:21:57,54.24,100,
10:21:57,54.24,200,
10:21:58,54.2399,400,
10:21:59,54.23,100,
10:22:04,54.23,150,
10:22:08,54.21,100,
10:22:11,54.2001,100,
10:22:15,54.2118,1000,
10:22:16,54.2001,100,
10:22:16,54.2001,100,
10:22:21,54.22,100,
10:22:23,54.22,200,
10:22:29,54.21,200,
10:22:30,54.21,100,
10:22:30,54.21,100,
10:22:30,54.20,100,
10:22:31,54.198,200,
10:22:33,54.21,200,
10:22:33,54.21,200,
10:22:33,54.21,100,
10:22:34,54.20,100,
10:22:38,54.21,200,
10:22:38,54.21,100,
10:22:38,54.21,100,
10:22:38,54.211,345,
10:22:38,54.211,400,
10:22:40,54.211,4700,
10:22:41,54.18,200,
10:22:45,54.15,100,
10:22:47,54.15,100,
10:22:49,54.16,100,
10:22:51,54.15,100,
10:22:56,54.13,100,
10:22:56,54.13,100,
10:22:56,54.13,100,
10:22:56,54.13,100,
10:22:56,54.14,100,
10:22:56,54.14,200,
10:22:56,54.14,100,
10:22:56,54.14,100,
10:22:56,54.14,100,
10:22:56,54.14,100,
10:22:56,54.13,100,
10:22:56,54.13,100,
10:22:56,54.13,100,
10:22:56,54.13,100,
10:22:56,54.13,100,
10:22:56,54.13,100,
10:22:56,54.13,100,
10:22:56,54.13,100,
10:22:56,54.13,400,
10:22:56,54.14,100,
10:22:56,54.14,100,
10:22:56,54.14,100,
10:22:56,54.14,300,
10:22:56,54.14,100,
10:23:00,54.13,200,
10:23:01,54.13,150,
10:23:01,54.13,100,
10:23:08,54.1001,1300,
10:23:08,54.10,373,
10:23:08,54.1066,100,
10:23:08,54.10,300,
10:23:11,54.11,200,
10:23:11,54.11,200,
10:23:11,54.11,100,
10:23:11,54.11,100,
10:23:11,54.11,100,
10:23:12,54.10,100,
10:23:12,54.10,100,
10:23:12,54.10,100,
10:23:12,54.10,100,
10:23:12,54.10,100,
10:23:13,54.13,100,
10:23:13,54.13,200,
10:23:13,54.12,300,
10:23:14,54.14,100,
10:23:16,54.13,200,
10:23:17,54.12,100,
10:23:17,54.12,100,
10:23:17,54.11,300,
10:23:17,54.11,100,
10:23:19,54.13,200,
10:23:19,54.13,100,
10:23:20,54.12,100,
10:23:20,54.12,100,
10:23:23,54.12,100,
10:23:24,54.12,300,
10:23:27,54.1159,270,
10:23:27,54.11,270,
10:23:27,54.11,100,
10:23:29,54.11,100,
10:23:31,54.10,200,
10:23:32,54.09,100,
10:23:33,54.09,200,
10:23:34,54.09,300,
10:23:34,54.10,200,
10:23:34,54.10,100,
10:23:34,54.09,300,
10:23:34,54.09,200,
10:23:34,54.09,200,
10:23:34,54.09,100,
10:23:35,54.09,100,
10:23:35,54.09,100,
10:23:35,54.09,200,
10:23:35,54.09,100,
10:23:35,54.09,200,
10:23:35,54.09,100,
10:23:35,54.09,200,
10:23:35,54.09,100,
10:23:35,54.09,100,
10:23:35,54.09,100,
10:23:35,54.08,200,
10:23:35,54.08,100,
10:23:35,54.09,100,
10:23:36,54.09,100,
10:23:36,54.09,100,
10:23:37,54.09,100,
10:23:37,54.11,100,
10:23:37,54.10,200,
10:23:37,54.10,100,
10:23:38,54.11,100,
10:23:38,54.11,200,
10:23:40,54.13,100,
10:23:40,54.12,100,
10:23:43,54.12,524,
10:23:43,54.12,100,
10:23:43,54.1318,524,
10:23:43,54.1252,2400,
10:23:48,54.13,200,
10:23:49,54.14,100,
10:23:49,54.14,100,
10:23:50,54.13,100,
10:23:51,54.12,100,
10:23:51,54.12,200,
10:24:01,54.09,200,
10:24:01,54.10,1050,
10:24:05,54.08,200,
10:24:05,54.06,100,
10:24:05,54.06,100,
10:24:05,54.06,338,
10:24:05,54.05,100,
10:24:05,54.06,100,
10:24:06,54.05,100,
10:24:06,54.04,200,
10:24:06,54.05,100,
10:24:06,54.05,100,
10:24:06,54.06,200,
10:24:07,54.0499,100,
10:24:10,54.02,200,
10:24:10,54.04,100,
10:24:10,54.04,100,
10:24:10,54.04,100,
10:24:10,54.05,200,
10:24:10,54.04,100,
10:24:10,54.04,100,
10:24:10,54.04,100,
10:24:10,54.02,1000,
10:24:12,54.01,100,
10:24:12,54.02,100,
10:24:12,54.02,100,
10:24:14,54.0001,182,
10:24:14,54.0001,100,
10:24:14,54.0001,100,
10:24:14,54,100,
10:24:14,54,100,
10:24:14,54,118,
10:24:14,54.005,100,
10:24:14,54.01,200,
10:24:15,54,700,
10:24:15,54,100,
10:24:16,54.01,200,
10:24:17,54,100,
10:24:17,54,300,
10:24:17,54,300,
10:24:17,54.0001,3900,
10:24:19,54,100,
10:24:19,54,100,
10:24:19,54,500,
10:24:19,53.9901,800,
10:24:19,53.99,200,
10:24:20,53.98,100,
10:24:21,53.98,170,
10:24:22,54,100,
10:24:22,54,230,
10:24:22,53.992,100,
10:24:23,53.9901,150,
10:24:26,53.99,200,
10:24:26,54.01,100,
10:24:28,54.01,100,
10:24:28,54.01,100,
10:24:28,54.0001,2000,
10:24:29,54.01,100,
10:24:29,54,100,
10:24:29,54,200,
10:24:30,53.99,100,
10:24:35,53.99,100,
10:24:35,54,300,
10:24:37,53.99,350,
10:24:37,53.99,100,
10:24:37,53.98,200,
10:24:37,53.98,100,
10:24:37,53.96,100,
10:24:37,53.95,100,
10:24:37,53.9501,100,
10:24:37,53.96,200,
10:24:38,53.98,100,
10:24:38,53.98,100,
10:24:39,53.99,200,
10:24:41,53.98,800,
10:24:41,53.9801,300,
10:24:41,53.9875,100,
10:24:41,53.97,100,
10:24:41,53.98,100,
10:24:43,54,1150,
10:24:44,54.03,100,
10:24:45,54.04,100,
10:24:45,54.06,100,
10:24:46,54.03,100,
10:24:46,54.05,200,
10:24:47,54.04,150,
10:24:48,54.04,100,
10:24:51,54.03,200,
10:24:51,54.04,200,
10:24:51,54.03,100,
10:24:52,54.02,200,
10:24:53,54.02,100,
10:24:53,54.02,600,
10:24:53,54.03,100,
10:24:54,54.02,100,
10:24:54,54.01,100,
10:24:54,54.01,100,
10:24:54,54.03,100,
10:24:54,54.03,100,
10:24:54,54.03,100,
10:24:54,54.02,100,
10:24:54,54.02,100,
10:24:54,54.02,100,
10:24:55,54.01,100,
10:24:57,54.01,100,
10:24:57,54.01,100,
10:24:59,54.02,100,
10:25:00,54.0238,400,
10:25:02,54.01,100,
10:25:03,53.999,300,
10:25:03,53.999,300,
10:25:05,53.999,4000,
10:25:07,54.01,100,
10:25:07,54.01,100,
10:25:08,53.9901,500,
10:25:13,54.0262,100,
10:25:17,54.04,200,
10:25:18,54.05,100,
10:25:19,54.04,100,
10:25:19,54.04,100,
10:25:19,54.03,200,
10:25:19,54.04,100,
10:25:19,54.04,200,
10:25:19,54.039,1000,
10:25:19,54.049,200,
10:25:19,54.049,200,
10:25:19,54.042,1000,
10:25:19,54.02,100,
10:25:20,54.049,1000,
10:25:20,54.03,100,
10:25:20,54.03,100,
10:25:21,54.03,100,
10:25:24,54.04,600,
10:25:24,54.05,200,
10:25:25,54.04,400,
10:25:25,54.04,100,
10:25:26,54.058,5000,
10:25:26,54.03,100,
10:25:30,54.03,100,
10:25:30,54.03,200,
10:25:30,54.07,100,
10:25:30,54.07,100,
10:25:30,54.0699,1000,
10:25:32,54.05,100,
10:25:35,54.05,100,
10:25:41,54.04,300,
10:25:42,54.05,100,
10:25:42,54.05,100,
10:25:42,54.05,100,
10:25:43,54.042,200,
10:25:44,54.07,200,
10:25:44,54.07,200,
10:25:44,54.07,100,
10:25:45,54.0799,2000,
10:25:49,54.07,100,
10:25:49,54.079,1000,
10:25:49,54.079,1000,
10:25:50,54.08,100,
10:25:50,54.08,100,
10:25:50,54.08,200,
10:25:50,54.08,100,
10:25:50,54.08,200,
10:25:54,54.07,100,
10:25:55,54.07,100,
10:25:55,54.079,200,
10:25:56,54.0701,700,
10:25:58,54.0801,100,
10:26:02,54.11,100,
10:26:02,54.10,100,
10:26:02,54.10,100,
10:26:02,54.09,100,
10:26:04,54.0799,500,
10:26:05,54.07,100,
10:26:07,54.08,100,
10:26:12,54.079,500,
10:26:12,54.079,400,
10:26:13,54.09,100,
10:26:13,54.069,100,
10:26:13,54.069,100,
10:26:14,54.089,100,
10:26:14,54.089,200,
10:26:14,54.089,300,
10:26:16,54.09,100,
10:26:20,54.09,100,
10:26:21,54.06,100,
10:26:21,54.06,100,
10:26:21,54.05,300,
10:26:23,54.03,100,
10:26:23,54.05,100,
10:26:23,54.04,100,
10:26:23,54.04,100,
10:26:23,54.04,100,
10:26:23,54.05,300,
10:26:25,54.04,300,
10:26:25,54.01,200,
10:26:26,54.0199,1000,
10:26:26,54.02,100,
10:26:26,54.03,100,
10:26:26,54.03,100,
10:26:26,54.03,200,
10:26:26,54.04,100,
10:26:30,54.05,200,
10:26:31,54.042,200,
10:26:33,54.04,100,
10:26:33,54.04,200,
10:26:33,54.04,100,
10:26:35,54.03,210,
10:26:36,54.02,100,
10:26:36,54.02,200,
10:26:38,54.01,100,
10:26:39,54.03,200,
10:26:41,54.04,100,
10:26:42,54.03,200,
10:26:43,54.03,200,
10:26:43,54.0399,100,
10:26:49,54,100,
10:26:49,54.01,100,
10:26:49,54.01,100,
10:26:49,54.01,100,
10:26:52,54,200,
10:26:52,54,300,
10:26:55,53.984,1000,
10:27:01,54.01,100,
10:27:05,54.05,100,
10:27:07,54.03,150,
10:27:09,54.05,200,
10:27:15,54.0299,2000,
10:27:24,54.04,100,
10:27:24,54.04,200,
10:27:24,54.03,200,
10:27:24,54.03,100,
10:27:26,54.04,250,
10:27:32,54.04,200,
10:27:33,54.03,100,
10:27:33,54.03,100,
10:27:34,54.03,200,
10:27:34,54.03,100,
10:27:34,54.03,100,
10:27:37,54.04,100,
10:27:45,54.03,200,
10:27:47,54.02,100,
10:27:49,54.0183,500,
10:27:51,54.0001,100,
10:27:51,54.01,100,
10:27:51,54.01,100,
10:27:51,54.02,200,
10:27:53,54.04,100,
10:28:02,54.05,100,
10:28:02,54.0485,800,
10:28:11,54.03,300,
10:28:11,54.03,100,
10:28:11,54.04,300,
10:28:11,54.03,200,
10:28:13,54.01,100,
10:28:13,54.01,146,
10:28:13,54.01,200,
10:28:14,53.99,200,
10:28:14,53.99,100,
10:28:14,53.99,100,
10:28:14,54,200,
10:28:14,54.01,100,
10:28:14,54.01,100,
10:28:14,54.02,100,
10:28:18,54.0124,100,
10:28:21,54,100,
10:28:24,54,100,
10:28:24,54.0001,500,
10:28:25,54,100,
10:28:34,53.99,100,
10:28:36,54.02,100,
10:28:36,54.02,100,
10:28:37,54.01,100,
10:28:37,54.01,100,
10:28:42,54.01,100,
10:28:44,54,200,
10:28:45,54,100,
10:28:48,54,200,
10:28:49,53.9974,1000,
10:28:50,53.98,100,
10:28:50,53.97,100,
10:28:50,53.97,100,
10:28:50,53.96,100,
10:28:50,53.96,100,
10:28:50,53.96,100,
10:28:50,53.95,100,
10:28:50,53.95,1568,
10:28:50,53.95,100,
10:28:50,53.95,200,
10:28:50,53.95,200,
10:28:50,53.94,200,
10:28:50,53.94,400,
10:28:50,53.94,200,
10:28:50,53.94,4000,
10:28:50,53.94,200,
10:28:50,53.94,200,
10:28:50,53.95,205,
10:28:50,53.95,390,
10:28:50,53.95,700,
10:28:50,53.95,100,
10:28:50,53.95,100,
10:28:51,53.98,100,
10:28:54,53.95,100,
10:28:57,53.95,100,
10:28:57,53.95,100,
10:28:58,53.95,100,
10:28:58,53.957,100,
10:28:58,53.95,100,
10:28:58,53.97,100,
10:28:58,53.96,400,
10:28:58,53.97,100,
10:28:58,53.96,200,
10:28:58,53.98,200,
10:28:58,53.98,100,
10:28:58,53.99,100,
10:28:58,53.98,100,
10:29:00,53.99,100,
10:29:00,53.99,200,
10:29:03,54,100,
10:29:06,54,100,
10:29:10,54.04,100,
10:29:10,54.04,100,
10:29:10,54.05,100,
10:29:11,54.04,200,
10:29:13,54.06,100,
10:29:14,54.06,200,
10:29:16,54.06,100,
10:29:19,54.0701,100,
10:29:19,54.0875,500,
10:29:20,54.08,100,
10:29:20,54.0701,100,
10:29:23,54.08,100,
10:29:27,54.0998,300,
10:29:30,54.09,100,
10:29:36,54.12,100,
10:29:36,54.14,100,
10:29:36,54.16,200,
10:29:36,54.15,100,
10:29:38,54.16,100,
10:29:38,54.15,100,
10:29:40,54.15,100,
10:29:40,54.1599,300,
10:29:41,54.152,100,
10:29:42,54.1499,300,
10:29:42,54.14,1000,
10:29:43,54.15,100,
10:29:43,54.15,100,
10:29:47,54.1699,450,
10:29:47,54.18,100,
10:29:47,54.18,100,
10:29:51,54.17,100,
10:29:51,54.17,100,
10:29:51,54.17,100,
10:29:53,54.18,100,
10:29:54,54.17,100,
10:29:54,54.19,100,
10:29:54,54.20,100,
10:29:56,54.192,900,
10:30:01,54.19,120,
10:30:01,54.18,100,
10:30:02,54.18,100,
10:30:02,54.18,200,
10:30:02,54.18,100,
10:30:02,54.18,100,
10:30:03,54.18,200,
10:30:03,54.18,100,
10:30:05,54.18,100,
10:30:05,54.178,100,
10:30:09,54.17,197,
10:30:09,54.18,100,
10:30:09,54.18,100,
10:30:11,54.172,250,
10:30:14,54.15,100,
10:30:14,54.145,100,
10:30:16,54.132,500,
10:30:18,54.14,100,
10:30:18,54.14,200,
10:30:18,54.14,100,
10:30:20,54.14,100,
10:30:23,54.14,100,
10:30:25,54.13,100,
10:30:25,54.13,200,
10:30:32,54.12,100,
10:30:32,54.12,100,
10:30:32,54.12,100,
10:30:33,54.14,100,
10:30:33,54.14,100,
10:30:37,54.15,100,
10:30:43,54.15,200,
10:30:44,54.16,100,
10:30:53,54.1547,500,
10:31:09,54.18,100,
10:31:10,54.17,100,
10:31:11,54.18,100,
10:31:21,54.178,500,
10:31:25,54.20,200,
10:31:25,54.18,100,
10:31:25,54.17,133,
10:31:28,54.18,140,
10:31:30,54.18,100,
10:31:31,54.18,200,
10:31:31,54.19,200,
10:31:31,54.21,200,
10:31:32,54.21,200,
10:31:34,54.21,200,
10:31:39,54.22,100,
10:31:39,54.22,100,
10:31:40,54.21,200,
10:31:42,54.19,200,
10:31:42,54.19,100,
10:31:44,54.17,100,
10:31:47,54.18,100,
10:31:47,54.17,100,
10:31:47,54.17,100,
10:31:47,54.18,100,
10:31:47,54.18,100,
10:31:47,54.17,100,
10:31:47,54.18,100,
10:31:47,54.16,100,
10:31:47,54.16,100,
10:31:49,54.15,100,
10:31:53,54.13,100,
10:31:53,54.14,100,
10:31:54,54.14,100,
10:31:54,54.10,100,
10:31:54,54.12,200,
10:31:54,54.14,100,
10:31:54,54.14,100,
10:31:54,54.12,100,
10:31:54,54.12,200,
10:31:54,54.13,100,
10:31:54,54.13,100,
10:31:54,54.13,100,
10:31:54,54.13,100,
10:31:54,54.10,450,
10:31:54,54.10,200,
10:31:54,54.11,100,
10:31:54,54.11,200,
10:31:54,54.12,200,
10:31:54,54.09,100,
10:31:54,54.09,100,
10:31:54,54.14,200,
10:31:54,54.09,200,
10:31:54,54.09,200,
10:31:55,54.09,200,
10:31:55,54.09,200,
10:31:55,54.09,100,
10:31:55,54.09,100,
10:31:55,54.09,100,
10:31:55,54.09,100,
10:31:55,54.06,100,
10:31:55,54.05,100,
10:31:55,54.07,100,
10:31:56,54.07,167,
10:31:56,54.05,200,
10:31:56,54.05,200,
10:31:56,54.05,200,
10:31:56,54.05,100,
10:31:56,54.05,100,
10:31:57,54.05,100,
10:31:57,54.04,100,
10:31:57,54,200,
10:31:58,54,100,
10:31:58,54,100,
10:31:58,54,100,
10:31:58,53.98,100,
10:31:59,53.99,200,
10:31:59,53.99,600,
10:31:59,53.99,100,
10:31:59,54.01,200,
10:31:59,54.03,200,
10:31:59,54.03,100,
10:31:59,54.01,100,
10:31:59,54.01,100,
10:32:00,54.06,100,
10:32:00,54.06,100,
10:32:00,54.06,100,
10:32:00,54.06,100,
10:32:00,54.06,100,
10:32:00,54.06,100,
10:32:00,54.07,200,
10:32:01,54.07,100,
10:32:02,54.07,200,
10:32:02,54.05,100,
10:32:02,54.055,100,
10:32:04,54.08,100,
10:32:09,54.10,100,
10:32:09,54.12,100,
10:32:09,54.12,100,
10:32:09,54.14,100,
10:32:09,54.14,200,
10:32:12,54.13,100,
10:32:22,54.15,100,
10:32:22,54.15,100,
10:32:23,54.16,100,
10:32:23,54.16,200,
10:32:23,54.18,100,
10:32:24,54.21,200,
10:32:24,54.21,100,
10:32:24,54.21,128,
10:32:24,54.21,100,
10:32:24,54.21,100,
10:32:24,54.21,100,
10:32:24,54.21,200,
10:32:24,54.21,100,
10:32:24,54.21,100,
10:32:24,54.20,200,
10:32:26,54.1899,300,
10:32:26,54.188,500,
10:32:29,54.1801,100,
10:32:29,54.18,100,
10:32:29,54.18,200,
10:32:32,54.1701,3000,
10:32:33,54.19,100,
10:32:33,54.19,100,
10:32:34,54.19,100,
10:32:34,54.19,100,
10:32:34,54.19,100,
10:32:38,54.17,100,
10:32:40,54.18,100,
10:32:43,54.1899,650,
10:32:46,54.20,100,
10:32:46,54.20,100,
10:32:46,54.20,100,
10:32:46,54.20,100,
10:32:46,54.20,200,
10:32:46,54.20,100,
10:32:46,54.19,100,
10:32:47,54.18,200,
10:32:48,54.17,100,
10:32:50,54.17,200,
10:32:50,54.18,100,
10:32:53,54.19,100,
10:32:53,54.20,100,
10:32:54,54.19,100,
10:32:54,54.19,100,
10:32:54,54.19,100,
10:32:56,54.1899,1000,
10:32:57,54.17,100,
10:32:58,54.20,100,
10:32:58,54.20,100,
10:33:02,54.19,100,
10:33:02,54.16,200,
10:33:02,54.17,100,
10:33:02,54.16,100,
10:33:03,54.16,100,
10:33:03,54.17,100,
10:33:03,54.17,200,
10:33:03,54.16,100,
10:33:03,54.16,100,
10:33:03,54.18,200,
10:33:03,54.17,100,
10:33:07,54.182,600,
10:33:12,54.19,100,
10:33:18,54.202,1500,
10:33:19,54.20,100,
10:33:19,54.20,100,
10:33:20,54.21,4700,
10:33:22,54.21,200,
10:33:22,54.22,200,
10:33:22,54.21,100,
10:33:23,54.22,100,
10:33:23,54.23,100,
10:33:25,54.2599,100,
10:33:26,54.251,100,
10:33:27,54.25,100,
10:33:27,54.26,100,
10:33:27,54.26,100,
10:33:27,54.27,100,
10:33:27,54.25,200,
10:33:29,54.2565,200,
10:33:33,54.26,100,
10:33:35,54.28,200,
10:33:35,54.28,1800,
10:33:42,54.24,200,
10:33:44,54.26,100,
10:33:48,54.30,100,
10:33:48,54.33,100,
10:33:49,54.32,100,
10:33:49,54.33,100,
10:33:50,54.32,100,
10:33:50,54.32,200,
10:33:50,54.33,100,
10:33:52,54.34,200,
10:33:54,54.33,100,
10:33:54,54.33,100,
10:33:55,54.33,200,
10:33:56,54.34,100,
10:33:56,54.35,100,
10:33:56,54.33,400,
10:33:56,54.35,100,
10:33:56,54.34,100,
10:33:57,54.34,200,
10:33:57,54.34,100,
10:33:58,54.33,800,
10:34:01,54.36,100,
10:34:02,54.37,100,
10:34:03,54.38,200,
10:34:04,54.39,600,
10:34:04,54.39,100,
10:34:04,54.39,240,
10:34:04,54.39,100,
10:34:04,54.39,100,
10:34:04,54.39,100,
10:34:04,54.39,800,
10:34:04,54.40,100,
10:34:04,54.40,100,
10:34:04,54.41,100,
10:34:04,54.41,200,
10:34:05,54.4001,100,
10:34:06,54.39,100,
10:34:08,54.40,100,
10:34:14,54.3918,1400,
10:34:18,54.41,100,
10:34:21,54.42,200,
10:34:21,54.42,100,
10:34:22,54.42,100,
10:34:22,54.43,100,
10:34:22,54.44,200,
10:34:22,54.45,100,
10:34:22,54.43,100,
10:34:22,54.43,100,
10:34:23,54.48,200,
10:34:23,54.49,200,
10:34:23,54.50,100,
10:34:23,54.51,125,
10:34:23,54.50,100,
10:34:23,54.49,200,
10:34:24,54.49,200,
10:34:25,54.49,100,
10:34:25,54.48,100,
10:34:25,54.49,100,
10:34:25,54.48,100,
10:34:25,54.49,600,
10:34:25,54.49,200,
10:34:25,54.49,100,
10:34:25,54.49,100,
10:34:25,54.49,100,
10:34:25,54.49,100,
10:34:26,54.51,100,
10:34:27,54.52,200,
10:34:27,54.53,100,
10:34:27,54.52,100,
10:34:27,54.52,100,
10:34:27,54.48,100,
10:34:32,54.49,200,
10:34:32,54.47,100,
10:34:32,54.47,100,
10:34:32,54.48,100,
10:34:32,54.47,100,
10:34:32,54.49,100,
10:34:33,54.50,100,
10:34:36,54.48,100,
10:34:36,54.48,200,
10:34:36,54.45,100,
10:34:36,54.45,100,
10:34:36,54.45,100,
10:34:36,54.45,100,
10:34:37,54.44,100,
10:34:37,54.44,100,
10:34:37,54.43,200,
10:34:37,54.43,100,
10:34:37,54.44,200,
10:34:37,54.44,100,
10:34:37,54.44,100,
10:34:37,54.44,100,
10:34:37,54.44,100,
10:34:37,54.45,200,
10:34:37,54.47,100,
10:34:37,54.45,600,
10:34:37,54.45,100,
10:34:37,54.46,150,
10:34:37,54.45,100,
10:34:37,54.46,200,
10:34:37,54.49,100,
10:34:37,54.49,100,
10:34:37,54.49,100,
10:34:37,54.49,300,
10:34:37,54.49,100,
10:34:37,54.50,300,
10:34:37,54.50,100,
10:34:37,54.50,100,
10:34:37,54.50,100,
10:34:37,54.50,100,
10:34:37,54.50,100,
10:34:37,54.50,100,
10:34:37,54.49,100,
10:34:37,54.48,100,
10:34:37,54.50,100,
10:34:37,54.49,100,
10:34:37,54.50,100,
10:34:37,54.47,100,
10:34:38,54.48,400,
10:34:38,54.48,100,
10:34:38,54.49,100,
10:34:38,54.49,200,
10:34:38,54.49,100,
10:34:38,54.48,100,
10:34:40,54.47,200,
10:34:41,54.49,244,
10:34:41,54.49,116,
10:34:41,54.49,356,
10:34:41,54.49,100,
10:34:42,54.49,100,
10:34:42,54.50,300,
10:34:43,54.51,600,
10:34:43,54.51,423,
10:34:43,54.51,500,
10:34:43,54.51,200,
10:34:43,54.52,100,
10:34:43,54.53,200,
10:34:44,54.54,100,
10:34:46,54.53,200,
10:34:48,54.5134,1000,
10:34:48,54.51,260,
10:34:48,54.51,140,
10:34:48,54.51,100,
10:34:48,54.51,100,
10:34:48,54.51,100,
10:34:48,54.51,400,
10:34:48,54.51,600,
10:34:49,54.51,297,
10:34:49,54.53,100,
10:34:50,54.5399,100,
10:34:51,54.52,100,
10:34:57,54.52,100,
10:35:02,54.5101,300,
10:35:02,54.52,100,
10:35:04,54.53,100,
10:35:06,54.50,100,
10:35:07,54.50,300,
10:35:07,54.50,800,
10:35:07,54.50,300,
10:35:07,54.50,200,
10:35:07,54.50,200,
10:35:08,54.5001,300,
10:35:08,54.50,100,
10:35:09,54.50,157,
10:35:09,54.50,100,
10:35:09,54.49,100,
10:35:13,54.5156,300,
10:35:15,54.51,100,
10:35:15,54.51,100,
10:35:20,54.522,300,
10:35:21,54.52,100,
10:35:21,54.52,300,
10:35:23,54.52,100,
10:35:25,54.5299,500,
10:35:30,54.51,100,
10:35:32,54.53,100,
10:35:32,54.53,100,
10:35:32,54.519,100,
10:35:33,54.51,100,
10:35:34,54.529,800,
10:35:35,54.52,100,
10:35:36,54.529,100,
10:35:39,54.52,100,
10:35:43,54.53,500,
10:35:43,54.538,200,
10:35:44,54.53,100,
10:35:50,54.56,100,
10:35:50,54.56,100,
10:35:50,54.56,100,
10:35:51,54.56,200,
10:35:52,54.58,100,
10:35:53,54.58,197,
10:35:56,54.56,250,
10:36:00,54.5701,300,
10:36:02,54.58,200,
10:36:09,54.60,200,
10:36:09,54.5901,100,
10:36:10,54.59,200,
10:36:12,54.59,200,
10:36:15,54.56,200,
10:36:26,54.5499,300,
10:36:31,54.5301,1200,
10:36:36,54.53,100,
10:36:36,54.54,100,
10:36:36,54.53,100,
10:36:37,54.52,200,
10:36:38,54.51,200,
10:36:40,54.53,200,
10:36:47,54.51,100,
10:36:53,54.51,100,
10:36:53,54.51,100,
10:36:54,54.51,100,
10:36:54,54.51,100,
10:36:54,54.50,300,
10:36:54,54.52,100,
10:36:57,54.5101,200,
10:37:00,54.50,100,
10:37:00,54.52,100,
10:37:00,54.50,100,
10:37:02,54.50,100,
10:37:02,54.50,100,
10:37:02,54.50,300,
10:37:02,54.49,1000,
10:37:03,54.50,300,
10:37:03,54.50,100,
10:37:03,54.50,100,
10:37:03,54.48,100,
10:37:03,54.48,100,
10:37:06,54.48,200,
10:37:13,54.46,200,
10:37:13,54.45,100,
10:37:15,54.47,100,
10:37:15,54.47,100,
10:37:15,54.47,100,
10:37:18,54.47,100,
10:37:23,54.45,200,
10:37:23,54.44,100,
10:37:23,54.44,100,
10:37:23,54.45,100,
10:37:23,54.4501,1500,
10:37:23,54.45,900,
10:37:23,54.4501,800,
10:37:25,54.45,100,
10:37:25,54.46,100,
10:37:25,54.46,100,
10:37:29,54.45,100,
10:37:33,54.41,100,
10:37:38,54.40,300,
10:37:50,54.42,100,
10:37:55,54.43,100,
10:37:57,54.43,200,
10:38:00,54.41,100,
10:38:00,54.41,100,
10:38:00,54.39,100,
10:38:00,54.39,100,
10:38:00,54.39,100,
10:38:00,54.39,100,
10:38:00,54.39,100,
10:38:00,54.40,100,
10:38:00,54.40,100,
10:38:06,54.39,200,
10:38:06,54.39,900,
10:38:07,54.37,200,
10:38:07,54.37,200,
10:38:07,54.37,100,
10:38:07,54.36,100,
10:38:07,54.37,100,
10:38:07,54.36,100,
10:38:07,54.36,100,
10:38:07,54.36,100,
10:38:07,54.36,100,
10:38:07,54.36,200,
10:38:07,54.35,100,
10:38:07,54.36,100,
10:38:07,54.33,100,
10:38:07,54.35,100,
10:38:09,54.32,200,
10:38:09,54.32,100,
10:38:09,54.32,500,
10:38:09,54.32,200,
10:38:09,54.32,200,
10:38:10,54.30,100,
10:38:10,54.30,100,
10:38:10,54.30,100,
10:38:10,54.30,200,
10:38:10,54.30,100,
10:38:10,54.30,200,
10:38:10,54.29,100,
10:38:10,54.30,100,
10:38:10,54.30,200,
10:38:10,54.30,100,
10:38:10,54.30,200,
10:38:10,54.30,100,
10:38:11,54.29,100,
10:38:12,54.292,450,
10:38:12,54.29,100,
10:38:12,54.29,100,
10:38:13,54.2999,100,
10:38:14,54.30,200,
10:38:15,54.31,200,
10:38:15,54.31,100,
10:38:15,54.31,100,
10:38:18,54.30,100,
10:38:18,54.30,100,
10:38:18,54.30,200,
10:38:20,54.32,100,
10:38:22,54.33,200,
10:38:22,54.33,100,
10:38:22,54.33,200,
10:38:25,54.32,100,
10:38:25,54.32,200,
10:38:25,54.32,100,
10:38:25,54.32,200,
10:38:25,54.32,200,
10:38:25,54.32,200,
10:38:27,54.30,100,
10:38:27,54.29,200,
10:38:27,54.29,100,
10:38:28,54.28,200,
10:38:28,54.27,200,
10:38:29,54.26,100,
10:38:32,54.28,200,
10:38:32,54.30,100,
10:38:32,54.30,200,
10:38:34,54.30,200,
10:38:34,54.30,100,
10:38:34,54.31,100,
10:38:34,54.31,100,
10:38:34,54.32,200,
10:38:34,54.32,200,
10:38:34,54.30,100,
10:38:34,54.30,100,
10:38:42,54.37,100,
10:38:42,54.379,600,
10:38:42,54.38,100,
10:38:42,54.38,100,
10:38:44,54.37,100,
10:38:44,54.38,100,
10:38:44,54.36,100,
10:38:44,54.38,200,
10:38:44,54.38,200,
10:38:44,54.38,100,
10:38:44,54.37,100,
10:38:44,54.38,100,
10:38:44,54.38,200,
10:38:44,54.37,100,
10:38:44,54.36,100,
10:38:44,54.36,100,
10:38:44,54.37,200,
10:38:44,54.379,100,
10:38:44,54.38,100,
10:38:45,54.379,200,
10:38:45,54.38,200,
10:38:45,54.379,100,
10:38:45,54.36,200,
10:38:45,54.36,200,
10:38:48,54.37,100,
10:38:51,54.37,100,
10:38:51,54.37,100,
10:38:51,54.37,100,
10:38:56,54.398,300,
10:38:57,54.398,4700,
10:38:59,54.44,100,
10:38:59,54.449,100,
10:38:59,54.449,200,
10:39:01,54.439,100,
10:39:01,54.44,100,
10:39:03,54.45,100,
10:39:03,54.45,100,
10:39:03,54.44,100,
10:39:03,54.44,100,
10:39:06,54.43,200,
10:39:15,54.4599,600,
10:39:17,54.4501,2000,
10:39:22,54.43,100,
10:39:23,54.45,100,
10:39:23,54.45,100,
10:39:25,54.43,100,
10:39:25,54.44,100,
10:39:25,54.44,100,
10:39:25,54.44,100,
10:39:25,54.44,100,
10:39:31,54.46,200,
10:39:33,54.459,500,
10:39:40,54.5099,2000,
10:39:46,54.54,100,
10:39:46,54.54,100,
10:39:46,54.54,100,
10:39:50,54.53,300,
10:39:51,54.53,100,
10:39:52,54.52,100,
10:39:55,54.51,100,
10:39:56,54.54,200,
10:39:56,54.55,100,
10:39:57,54.52,100,
10:40:05,54.538,200,
10:40:07,54.54,200,
10:40:09,54.52,100,
10:40:20,54.55,100,
10:40:20,54.55,100,
10:40:20,54.55,100,
10:40:20,54.55,100,
10:40:20,54.54,100,
10:40:21,54.52,100,
10:40:28,54.51,200,
10:40:28,54.51,100,
10:40:28,54.51,100,
10:40:33,54.5253,300,
10:40:46,54.54,100,
10:40:46,54.54,100,
10:40:47,54.54,100,
10:40:55,54.53,100,
10:40:59,54.50,100,
10:40:59,54.49,100,
10:40:59,54.49,100,
10:41:00,54.49,100,
10:41:01,54.4901,100,
10:41:03,54.48,200,
10:41:04,54.48,100,
10:41:04,54.47,100,
10:41:18,54.44,200,
10:41:18,54.46,100,
10:41:18,54.45,200,
10:41:18,54.44,100,
10:41:18,54.44,100,
10:41:18,54.45,100,
10:41:18,54.46,100,
10:41:18,54.44,100,
10:41:18,54.45,100,
10:41:19,54.47,100,
10:41:19,54.47,200,
10:41:19,54.47,100,
10:41:19,54.47,100,
10:41:20,54.47,100,
10:41:20,54.48,100,
10:41:20,54.47,100,
10:41:20,54.46,200,
10:41:21,54.44,100,
10:41:23,54.45,100,
10:41:23,54.43,200,
10:41:23,54.43,100,
10:41:25,54.38,100,
10:41:25,54.38,200,
10:41:25,54.38,100,
10:41:25,54.39,200,
10:41:28,54.31,100,
10:41:28,54.30,100,
10:41:28,54.31,100,
10:41:28,54.32,200,
10:41:29,54.30,400,
10:41:29,54.30,300,
10:41:29,54.29,100,
10:41:30,54.30,100,
10:41:30,54.29,100,
10:41:30,54.30,200,
10:41:31,54.29,100,
10:41:31,54.28,100,
10:41:31,54.26,100,
10:41:32,54.27,200,
10:41:32,54.27,100,
10:41:32,54.27,100,
10:41:32,54.27,100,
10:41:33,54.2601,1000,
10:41:34,54.27,200,
10:41:34,54.27,200,
10:41:35,54.2401,2000,
10:41:36,54.23,100,
10:41:37,54.24,100,
10:41:37,54.24,100,
10:41:37,54.24,100,
10:41:38,54.23,200,
10:41:38,54.23,100,
10:41:38,54.21,197,
10:41:38,54.23,300,
10:41:40,54.18,100,
10:41:40,54.15,200,
10:41:40,54.17,300,
10:41:41,54.14,200,
10:41:41,54.13,100,
10:41:41,54.13,100,
10:41:41,54.13,100,
10:41:41,54.13,100,
10:41:41,54.13,100,
10:41:42,54.13,100,
10:41:42,54.10,100,
10:41:42,54.105,100,
10:41:42,54.09,100,
10:41:43,54.10,100,
10:41:43,54.10,100,
10:41:43,54.11,200,
10:41:43,54.11,100,
10:41:49,54.15,200,
10:41:49,54.16,200,
10:41:49,54.16,100,
10:41:49,54.17,200,
10:41:49,54.17,100,
10:41:49,54.19,100,
10:41:49,54.18,100,
10:41:50,54.19,100,
10:41:51,54.19,100,
10:41:53,54.21,100,
10:41:58,54.18,100,
10:42:00,54.18,100,
10:42:01,54.17,100,
10:42:02,54.1899,200,
10:42:02,54.18,100,
10:42:04,54.14,100,
10:42:05,54.12,100,
10:42:05,54.12,100,
10:42:07,54.1261,500,
10:42:08,54.11,100,
10:42:09,54.11,100,
10:42:12,54.1101,1000,
10:42:14,54.14,200,
10:42:20,54.14,100,
10:42:20,54.14,100,
10:42:20,54.13,100,
10:42:22,54.1199,500,
10:42:22,54.12,100,
10:42:24,54.13,100,
10:42:24,54.13,100,
10:42:24,54.14,100,
10:42:24,54.14,200,
10:42:24,54.14,100,
10:42:24,54.14,100,
10:42:24,54.14,100,
10:42:25,54.16,100,
10:42:25,54.17,100,
10:42:25,54.17,100,
10:42:25,54.17,100,
10:42:25,54.16,100,
10:42:25,54.16,200,
10:42:25,54.16,100,
10:42:26,54.17,200,
10:42:26,54.18,100,
10:42:26,54.18,200,
10:42:26,54.16,100,
10:42:26,54.17,100,
10:42:26,54.1684,1900,
10:42:27,54.17,100,
10:42:27,54.17,100,
10:42:29,54.17,200,
10:42:31,54.16,100,
10:42:31,54.17,100,
10:42:35,54.16,100,
10:42:38,54.13,100,
10:42:38,54.1199,2000,
10:42:44,54.11,100,
10:42:44,54.11,200,
10:42:47,54.15,100,
10:42:47,54.16,200,
10:42:48,54.17,100,
10:42:48,54.16,172,
10:42:48,54.17,100,
10:42:49,54.17,100,
10:42:49,54.17,100,
10:42:49,54.17,100,
10:42:49,54.17,100,
10:42:49,54.16,100,
10:42:50,54.17,200,
10:42:50,54.17,200,
10:42:50,54.17,100,
10:42:50,54.17,100,
10:42:50,54.17,100,
10:42:51,54.17,200,
10:42:52,54.169,400,
10:42:52,54.169,300,
10:42:54,54.169,700,
10:42:54,54.16,100,
10:42:54,54.15,168,
10:42:58,54.14,200,
10:42:58,54.14,100,
10:42:58,54.13,100,
10:42:58,54.13,200,
10:43:00,54.1176,100,
10:43:03,54.08,197,
10:43:06,54.08,100,
10:43:06,54.09,100,
10:43:06,54.09,200,
10:43:09,54.07,148,
10:43:09,54.08,200,
10:43:09,54.07,100,
10:43:09,54.09,100,
10:43:09,54.09,200,
10:43:09,54.09,100,
10:43:09,54.08,100,
10:43:09,54.07,100,
10:43:09,54.08,100,
10:43:10,54.05,200,
10:43:11,54.04,200,
10:43:11,54.05,100,
10:43:11,54.05,100,
10:43:11,54.05,100,
10:43:11,54.06,200,
10:43:12,54.04,100,
10:43:13,54.03,100,
10:43:13,54.03,700,
10:43:15,54.02,100,
10:43:15,54.042,100,
10:43:17,54.02,100,
10:43:21,53.99,100,
10:43:21,53.98,200,
10:43:21,54.01,200,
10:43:22,54.01,100,
10:43:22,54.02,100,
10:43:22,54.03,200,
10:43:22,54.02,100,
10:43:22,54.02,100,
10:43:22,54.02,100,
10:43:22,54.03,100,
10:43:22,54.01,200,
10:43:22,54.03,100,
10:43:22,54.02,100,
10:43:22,54.03,100,
10:43:22,54.02,100,
10:43:22,54.03,100,
10:43:22,54.01,100,
10:43:22,54.02,100,
10:43:22,54.02,100,
10:43:22,54.01,100,
10:43:22,54.03,100,
10:43:22,54.01,100,
10:43:22,54.02,100,
10:43:23,54.01,100,
10:43:25,54.01,100,
10:43:25,54.02,100,
10:43:26,54.01,200,
10:43:26,54.0199,500,
10:43:26,54.0118,200,
10:43:27,54.01,100,
10:43:27,54.02,100,
10:43:27,54.02,100,
10:43:27,54.01,100,
10:43:29,54.0101,600,
10:43:30,54.06,200,
10:43:31,54.11,100,
10:43:31,54.11,100,
10:43:32,54.1184,500,
10:43:33,54.10,100,
10:43:35,54.09,200,
10:43:36,54.06,100,
10:43:38,54.07,200,
10:43:39,54.09,200,
10:43:39,54.09,100,
10:43:39,54.042,5400,
10:43:45,54.0899,120,
10:43:47,54.08,200,
10:43:49,54.109,100,
10:43:50,54.11,100,
10:43:50,54.09,100,
10:43:50,54.09,300,
10:43:50,54.09,100,
10:43:50,54.09,200,
10:43:50,54.09,200,
10:43:50,54.09,200,
10:43:50,54.09,200,
10:43:51,54.0841,235,
10:43:51,54.108,1300,
10:43:51,54.11,200,
10:43:51,54.12,100,
10:43:52,54.14,100,
10:43:53,54.13,100,
10:43:53,54.13,200,
10:43:54,54.14,200,
10:43:55,54.11,100,
10:43:56,54.09,100,
10:43:56,54.099,200,
10:43:57,54.099,100,
10:43:57,54.098,800,
10:43:58,54.109,200,
10:44:00,54.11,100,
10:44:03,54.10,100,
10:44:03,54.10,200,
10:44:03,54.10,200,
10:44:03,54.09,100,
10:44:03,54.08,100,
10:44:03,54.08,100,
10:44:03,54.07,100,
10:44:03,54.06,100,
10:44:03,54.07,100,
10:44:03,54.08,100,
10:44:03,54.08,100,
10:44:03,54.07,159,
10:44:03,54.08,100,
10:44:03,54.08,100,
10:44:03,54.06,100,
10:44:07,54.0899,2000,
10:44:09,54.11,200,
10:44:11,54.13,100,
10:44:11,54.15,200,
10:44:11,54.159,200,
10:44:11,54.159,200,
10:44:12,54.158,500,
10:44:12,54.139,100,
10:44:12,54.139,100,
10:44:13,54.16,300,
10:44:14,54.19,100,
10:44:14,54.19,100,
10:44:15,54.19,100,
10:44:17,54.20,100,
10:44:17,54.20,200,
10:44:17,54.20,100,
10:44:17,54.19,100,
10:44:17,54.19,100,
10:44:18,54.1953,800,
10:44:19,54.16,100,
10:44:20,54.1399,220,
10:44:21,54.14,100,
10:44:21,54.14,100,
10:44:21,54.14,100,
10:44:21,54.14,100,
10:44:21,54.14,100,
10:44:21,54.13,100,
10:44:21,54.13,100,
10:44:26,54.15,100,
10:44:29,54.139,400,
10:44:30,54.149,900,
10:44:30,54.139,100,
10:44:30,54.15,100,
10:44:30,54.15,100,
10:44:30,54.149,500,
10:44:31,54.16,100,
10:44:32,54.17,200,
10:44:32,54.17,100,
10:44:33,54.18,100,
10:44:33,54.19,100,
10:44:33,54.19,100,
10:44:38,54.18,200,
10:44:39,54.18,100,
10:44:39,54.19,200,
10:44:39,54.19,100,
10:44:39,54.19,100,
10:44:39,54.19,200,
10:44:39,54.19,100,
10:44:39,54.19,200,
10:44:39,54.19,100,
10:44:39,54.19,200,
10:44:39,54.19,100,
10:44:39,54.19,350,
10:44:39,54.20,500,
10:44:39,54.19,100,
10:44:39,54.20,100,
10:44:39,54.20,300,
10:44:39,54.20,300,
10:44:39,54.21,400,
10:44:39,54.21,100,
10:44:39,54.21,600,
10:44:39,54.21,100,
10:44:39,54.22,147,
10:44:39,54.22,100,
10:44:39,54.2101,1000,
10:44:39,54.22,100,
10:44:39,54.23,600,
10:44:39,54.23,100,
10:44:39,54.23,100,
10:44:39,54.23,100,
10:44:39,54.23,100,
10:44:39,54.23,100,
10:44:39,54.23,100,
10:44:39,54.24,100,
10:44:39,54.24,100,
10:44:39,54.24,100,
10:44:39,54.24,100,
10:44:39,54.24,100,
10:44:39,54.25,100,
10:44:39,54.24,100,
10:44:39,54.24,100,
10:44:39,54.23,100,
10:44:39,54.23,100,
10:44:39,54.23,100,
10:44:39,54.23,100,
10:44:39,54.23,100,
10:44:39,54.23,200,
10:44:39,54.23,100,
10:44:39,54.23,200,
10:44:39,54.23,500,
10:44:39,54.23,200,
10:44:39,54.24,100,
10:44:39,54.24,100,
10:44:39,54.24,100,
10:44:39,54.24,100,
10:44:39,54.24,100,
10:44:39,54.24,100,
10:44:39,54.23,100,
10:44:39,54.23,300,
10:44:39,54.23,100,
10:44:41,54.19,100,
10:44:49,54.21,200,
10:44:49,54.19,100,
10:44:49,54.19,200,
10:44:49,54.18,100,
10:44:51,54.19,100,
10:44:51,54.20,200,
10:44:51,54.20,100,
10:44:51,54.20,100,
10:44:51,54.20,100,
10:44:53,54.20,100,
10:44:54,54.23,100,
10:44:55,54.23,100,
10:44:55,54.23,200,
10:44:55,54.22,100,
10:44:55,54.228,200,
10:44:56,54.22,100,
10:44:57,54.21,100,
10:44:59,54.19,200,
10:45:00,54.17,153,
10:45:00,54.17,100,
10:45:00,54.18,100,
10:45:01,54.20,200,
10:45:02,54.22,200,
10:45:02,54.21,200,
10:45:02,54.19,100,
10:45:02,54.19,100,
10:45:02,54.20,100,
10:45:02,54.20,200,
10:45:05,54.22,200,
10:45:06,54.25,100,
10:45:08,54.25,100,
10:45:08,54.25,200,
10:45:09,54.24,100,
10:45:10,54.27,100,
10:45:10,54.27,200,
10:45:14,54.29,100,
10:45:14,54.29,100,
10:45:14,54.29,100,
10:45:14,54.30,700,
10:45:15,54.28,100,
10:45:15,54.27,100,
10:45:15,54.27,100,
10:45:16,54.28,100,
10:45:16,54.29,200,
10:45:16,54.29,200,
10:45:17,54.30,100,
10:45:17,54.29,200,
10:45:18,54.30,100,
10:45:18,54.29,200,
10:45:18,54.29,100,
10:45:18,54.29,100,
10:45:18,54.29,100,
10:45:18,54.29,100,
10:45:18,54.28,100,
10:45:20,54.27,100,
10:45:20,54.27,100,
10:45:20,54.28,100,
10:45:20,54.29,100,
10:45:24,54.28,700,
10:45:29,54.26,200,
10:45:29,54.27,200,
10:45:31,54.26,200,
10:45:32,54.2598,200,
10:45:32,54.26,100,
10:45:32,54.26,100,
10:45:34,54.24,200,
10:45:34,54.25,200,
10:45:36,54.27,300,
10:45:37,54.29,100,
10:45:37,54.2899,100,
10:45:37,54.2899,100,
10:45:37,54.29,100,
10:45:37,54.2899,100,
10:45:37,54.29,100,
10:45:45,54.28,100,
10:45:46,54.29,200,
10:45:46,54.2907,100,
10:45:48,54.28,100,
10:45:48,54.29,100,
10:45:49,54.29,200,
10:45:50,54.31,200,
10:45:51,54.306,1000,
10:45:52,54.29,100,
10:45:53,54.29,100,
10:45:53,54.30,200,
10:45:53,54.30,100,
10:45:54,54.29,200,
10:45:54,54.30,100,
10:45:55,54.33,100,
10:45:56,54.37,100,
10:45:57,54.38,100,
10:45:57,54.40,100,
10:45:57,54.40,100,
10:45:57,54.41,200,
10:45:57,54.42,600,
10:45:57,54.42,100,
10:45:57,54.41,100,
10:45:57,54.42,100,
10:45:57,54.42,100,
10:45:57,54.42,100,
10:45:57,54.42,100,
10:45:57,54.44,200,
10:45:57,54.44,100,
10:45:57,54.42,200,
10:45:57,54.44,200,
10:45:57,54.44,100,
10:45:57,54.44,100,
10:45:58,54.43,100,
10:45:59,54.45,100,
10:45:59,54.44,100,
10:45:59,54.43,200,
10:46:00,54.41,100,
10:46:00,54.41,200,
10:46:00,54.436,450,
10:46:02,54.39,200,
10:46:02,54.39,100,
10:46:08,54.39,151,
10:46:08,54.38,100,
10:46:09,54.38,100,
10:46:09,54.38,100,
10:46:10,54.38,100,
10:46:10,54.38,100,
10:46:12,54.36,200,
10:46:12,54.36,100,
10:46:12,54.36,100,
10:46:15,54.35,100,
10:46:15,54.34,100,
10:46:15,54.33,100,
10:46:16,54.3301,2000,
10:46:17,54.3601,300,
10:46:18,54.35,100,
10:46:22,54.33,100,
10:46:27,54.33,100,
10:46:27,54.34,100,
10:46:28,54.35,200,
10:46:30,54.34,200,
10:46:30,54.33,100,
10:46:35,54.30,300,
10:46:35,54.30,100,
10:46:35,54.30,200,
10:46:35,54.30,100,
10:46:35,54.30,100,
10:46:35,54.30,13100,
10:46:35,54.30,100,
10:46:35,54.30,100,
10:46:35,54.30,100,
10:46:35,54.30,100,
10:46:35,54.30,100,
10:46:35,54.30,300,
10:46:35,54.30,100,
10:46:35,54.30,100,
10:46:35,54.30,200,
10:46:35,54.29,135,
10:46:35,54.30,100,
10:46:36,54.28,100,
10:46:37,54.2799,500,
10:46:37,54.26,200,
10:46:39,54.28,200,
10:46:44,54.32,100,
10:46:44,54.32,100,
10:46:44,54.3299,100,
10:46:44,54.30,200,
10:46:46,54.291,3000,
10:46:47,54.32,100,
10:46:47,54.31,100,
10:46:47,54.31,100,
10:46:47,54.31,100,
10:46:47,54.30,1200,
10:46:47,54.30,2300,
10:46:47,54.30,200,
10:46:47,54.30,100,
10:46:47,54.30,100,
10:46:47,54.30,100,
10:46:47,54.29,100,
10:46:47,54.30,100,
10:46:47,54.30,100,
10:46:47,54.30,200,
10:46:47,54.30,100,
10:46:47,54.30,100,
10:46:47,54.28,100,
10:46:47,54.27,100,
10:46:47,54.28,100,
10:46:47,54.28,200,
10:46:47,54.28,100,
10:46:47,54.28,100,
10:46:47,54.28,100,
10:46:47,54.28,200,
10:46:47,54.30,100,
10:46:49,54.29,100,
10:46:56,54.30,200,
10:46:58,54.28,200,
10:46:59,54.25,100,
10:47:03,54.24,100,
10:47:04,54.24,400,
10:47:04,54.24,100,
10:47:06,54.23,100,
10:47:07,54.23,100,
10:47:11,54.23,100,
10:47:11,54.23,200,
10:47:16,54.20,100,
10:47:17,54.20,200,
10:47:20,54.209,200,
10:47:20,54.21,100,
10:47:20,54.21,200,
10:47:21,54.19,100,
10:47:21,54.19,200,
10:47:22,54.21,1000,
10:47:27,54.172,100,
10:47:29,54.20,200,
10:47:29,54.20,100,
10:47:30,54.21,100,
10:47:30,54.21,100,
10:47:30,54.21,100,
10:47:31,54.21,100,
10:47:31,54.219,200,
10:47:36,54.20,200,
10:47:44,54.21,600,
10:47:44,54.22,200,
10:47:44,54.20,200,
10:47:45,54.21,100,
10:47:45,54.21,200,
10:47:48,54.21,100,
10:47:48,54.21,100,
10:47:52,54.20,200,
10:47:53,54.20,100,
10:47:56,54.21,500,
10:47:56,54.21,100,
10:48:00,54.20,200,
10:48:12,54.182,4500,
10:48:15,54.20,100,
10:48:19,54.181,152,
10:48:28,54.15,100,
10:48:28,54.15,100,
10:48:28,54.14,300,
10:48:28,54.13,200,
10:48:28,54.12,100,
10:48:28,54.12,100,
10:48:28,54.11,100,
10:48:28,54.11,149,
10:48:28,54.12,100,
10:48:28,54.12,100,
10:48:28,54.11,100,
10:48:28,54.12,100,
10:48:28,54.12,100,
10:48:28,54.1201,100,
10:48:29,54.13,100,
10:48:29,54.12,100,
10:48:29,54.12,100,
10:48:29,54.12,100,
10:48:33,54.09,100,
10:48:33,54.09,100,
10:48:33,54.08,100,
10:48:34,54.06,300,
10:48:34,54.07,100,
10:48:34,54.07,300,
10:48:34,54.07,100,
10:48:34,54.07,131,
10:48:37,54.0615,100,
10:48:41,54.05,100,
10:48:41,54.05,100,
10:48:41,54.05,100,
10:48:41,54.05,100,
10:48:42,54.04,100,
10:48:42,54.034,450,
10:48:43,54.05,100,
10:48:43,54.05,100,
10:48:43,54.05,100,
10:48:43,54.05,100,
10:48:43,54.05,100,
10:48:43,54.065,100,
10:48:43,54.06,100,
10:48:44,54.059,600,
10:48:44,54.059,300,
10:48:45,54.059,1400,
10:48:46,54.059,1000,
10:48:50,54.059,300,
10:48:54,54.04,100,
10:48:55,54.04,100,
10:48:55,54.04,100,
10:48:55,54.03,100,
10:48:55,54.03,100,
10:48:55,54.01,100,
10:48:55,54.01,100,
10:48:55,54.03,600,
10:48:55,54.04,200,
10:48:57,54,100,
10:48:59,54.01,100,
10:48:59,54.01,100,
10:48:59,54,197,
10:49:02,54.0001,250,
10:49:02,53.97,200,
10:49:02,53.96,179,
10:49:04,53.9698,500,
10:49:04,53.97,100,
10:49:04,53.99,200,
10:49:05,53.989,2300,
10:49:05,53.99,200,
10:49:05,53.99,200,
10:49:05,53.99,200,
10:49:05,54,200,
10:49:05,54.01,200,
10:49:05,54,100,
10:49:05,54,100,
10:49:05,54.01,200,
10:49:06,54,800,
10:49:06,54.01,500,
10:49:06,54.01,100,
10:49:06,54.01,494,
10:49:06,54.01,100,
10:49:06,53.99,1000,
10:49:11,54.039,200,
10:49:12,54.02,100,
10:49:13,54.0399,100,
10:49:15,54.03,200,
10:49:21,54.04,100,
10:49:25,54.0699,500,
10:49:26,54.061,300,
10:49:26,54.061,300,
10:49:26,54.05,100,
10:49:26,54.05,196,
10:49:30,54.0699,1000,
10:49:32,54.0599,700,
10:49:33,54.06,100,
10:49:36,54.08,200,
10:49:36,54.08,300,
10:49:36,54.08,300,
10:49:36,54.08,300,
10:49:36,54.07,200,
10:49:37,54.078,500,
10:49:37,54.08,100,
10:49:37,54.08,100,
10:49:37,54.07,100,
10:49:37,54.08,100,
10:49:37,54.09,2597,
10:49:39,54.07,100,
10:49:41,54.06,100,
10:49:41,54.06,200,
10:49:41,54.05,124,
10:49:41,54.06,100,
10:49:41,54.06,100,
10:49:42,54.051,100,
10:49:43,54.052,600,
10:49:44,54.05,200,
10:49:44,54.05,100,
10:49:44,54.06,200,
10:49:46,54.05,200,
10:49:47,54.04,200,
10:49:55,54.0598,600,
10:50:04,54.066,500,
10:50:04,54.06,200,
10:50:04,54.07,100,
10:50:04,54.05,100,
10:50:09,54.04,100,
10:50:09,54.03,100,
10:50:09,54.02,102,
10:50:09,54.04,100,
10:50:10,54.04,200,
10:50:10,54.05,100,
10:50:10,54.05,100,
10:50:11,54.02,200,
10:50:13,54,100,
10:50:13,54,100,
10:50:13,54.02,100,
10:50:13,54.02,100,
10:50:13,54.01,100,
10:50:14,53.98,100,
10:50:15,53.988,600,
10:50:15,54.02,100,
10:50:15,54.02,100,
10:50:15,54.02,100,
10:50:18,54.0201,100,
10:50:19,54.03,100,
10:50:27,53.9901,160,
10:50:31,53.98,100,
10:50:31,53.98,200,
10:50:32,53.97,200,
10:50:38,53.979,300,
10:50:39,54.02,100,
10:50:39,54.01,100,
10:50:40,54.01,100,
10:50:40,54.01,103,
10:50:42,54.05,100,
10:50:42,54.06,200,
10:50:42,54.06,100,
10:50:42,54.06,100,
10:50:42,54.06,200,
10:50:43,54.018,600,
10:50:43,54.05,100,
10:50:44,54.05,100,
10:50:50,54.0599,1000,
10:50:52,54.04,200,
10:50:52,54.04,100,
10:50:52,54.04,100,
10:50:52,54.04,100,
10:50:52,54.04,100,
10:50:54,54.04,100,
10:50:54,54.04,100,
10:50:56,54.01,100,
10:50:56,54.02,100,
10:50:58,54.02,100,
10:50:58,54.01,100,
10:50:58,54.03,100,
10:51:06,54.04,200,
10:51:06,54.04,100,
10:51:06,54.04,100,
10:51:06,54.03,200,
10:51:06,54.02,100,
10:51:06,54.02,176,
10:51:06,54.03,100,
10:51:06,54.02,100,
10:51:07,54.0179,4800,
10:51:08,54.0185,100,
10:51:09,54.019,2000,
10:51:16,54.01,200,
10:51:17,53.99,100,
10:51:19,54,100,
10:51:22,53.97,100,
10:51:25,53.95,100,
10:51:25,53.94,100,
10:51:25,53.95,100,
10:51:25,53.95,100,
10:51:25,53.9482,300,
10:51:26,53.95,200,
10:51:29,53.9599,200,
10:51:29,53.94,100,
10:51:34,53.932,800,
10:51:35,53.93,100,
10:51:35,53.94,100,
10:51:35,53.93,100,
10:51:36,53.94,100,
10:51:45,53.98,200,
10:51:45,53.99,200,
10:51:46,54.02,200,
10:51:46,54.02,100,
10:51:46,54.02,100,
10:51:46,54.02,100,
10:51:48,54.03,100,
10:51:48,54.05,200,
10:51:48,54.06,100,
10:51:48,54.06,100,
10:51:48,54.05,100,
10:51:48,54.05,100,
10:51:48,54.06,100,
10:51:48,54.04,200,
10:51:48,54.03,100,
10:51:48,54.04,100,
10:51:48,54.04,100,
10:51:48,54.07,200,
10:51:50,54.01,100,
10:51:50,54.01,100,
10:51:57,54.04,100,
10:52:02,54.07,200,
10:52:02,54.06,100,
10:52:02,54.07,200,
10:52:02,54.07,100,
10:52:07,54.062,200,
10:52:07,54.08,100,
10:52:12,54.09,600,
10:52:12,54.08,100,
10:52:13,54.098,100,
10:52:15,54.12,200,
10:52:16,54.15,100,
10:52:16,54.15,300,
10:52:16,54.15,100,
10:52:18,54.19,100,
10:52:18,54.19,200,
10:52:18,54.19,200,
10:52:18,54.21,100,
10:52:18,54.19,200,
10:52:19,54.188,500,
10:52:20,54.178,1000,
10:52:20,54.17,100,
10:52:20,54.17,100,
10:52:21,54.15,100,
10:52:21,54.15,100,
10:52:21,54.1502,790,
10:52:22,54.16,100,
10:52:23,54.12,100,
10:52:23,54.12,198,
10:52:23,54.14,200,
10:52:27,54.10,200,
10:52:30,54.11,200,
10:52:30,54.13,107,
10:52:30,54.14,100,
10:52:33,54.1201,1000,
10:52:38,54.12,100,
10:52:40,54.12,100,
10:52:40,54.13,200,
10:52:42,54.15,100,
10:52:42,54.16,100,
10:52:44,54.1701,300,
10:52:46,54.21,100,
10:52:46,54.20,100,
10:52:46,54.21,100,
10:52:46,54.22,100,
10:52:46,54.22,100,
