09:30:10,62.67,3000,
09:30:10,62.66,100,
09:30:22,62.68,200,
09:30:22,62.68,200,
09:30:26,62.7399,350,
09:30:27,62.75,100,
09:30:27,62.73,100,
09:30:27,62.7299,400,
09:30:29,62.75,300,
09:30:39,62.69,200,
09:30:40,62.6899,100,
09:30:40,62.69,200,
09:30:41,62.689,3000,
09:30:41,62.6899,800,
09:30:42,62.69,2700,
09:30:43,62.7499,200,
09:30:43,62.6899,1000,
09:30:44,62.7499,100,
09:30:44,62.6899,400,
09:30:44,62.68,100,
09:30:44,62.68,100,
09:30:44,62.7499,100,
09:30:46,62.67,100,
09:30:47,62.7299,2000,
09:30:48,62.63,100,
09:30:55,62.62,400,
09:31:05,62.6199,200,
09:31:09,62.63,300,
09:31:17,62.57,400,
09:31:20,62.5779,200,
09:31:26,62.501,100,
09:31:32,62.4979,1000,
09:31:33,62.49,100,
09:31:42,62.50,100,
09:31:45,62.52,100,
09:31:45,62.53,2000,
09:31:52,62.53,100,
09:32:08,62.566,100,
09:32:10,62.59,900,
09:32:11,62.5898,307,
09:32:17,62.61,1000,
09:32:25,62.62,100,
09:32:32,62.64,100,
09:32:32,62.6499,100,
09:32:38,62.63,100,
09:32:38,62.62,100,
09:32:39,62.62,200,
09:32:45,62.5601,100,
09:33:00,62.58,100,
09:33:00,62.58,100,
09:33:00,62.61,448,
09:33:02,62.63,100,
09:33:03,62.63,100,
09:33:06,62.6498,335,
09:33:08,62.6999,500,
09:33:12,62.66,200,
09:33:24,62.69,100,
09:33:25,62.70,100,
09:33:30,62.73,100,
09:33:30,62.73,500,
09:33:33,62.73,100,
09:33:36,62.73,400,
09:33:39,62.69,500,
09:33:42,62.71,100,
09:33:52,62.70,100,
09:34:01,62.7199,130,
09:34:03,62.65,100,
09:34:03,62.65,100,
09:34:03,62.6499,1000,
09:34:04,62.6499,100,
09:34:04,62.6437,100,
09:34:08,62.6499,100,
09:34:08,62.6419,100,
09:34:11,62.67,100,
09:34:17,62.66,120,
09:34:18,62.60,100,
09:34:18,62.60,100,
09:34:18,62.61,100,
09:34:18,62.60,200,
09:34:18,62.60,300,
09:34:18,62.60,200,
09:34:19,62.58,100,
09:34:19,62.58,100,
09:34:20,62.59,100,
09:34:21,62.59,2800,
09:34:21,62.59,100,
09:34:21,62.59,1500,
09:34:21,62.60,100,
09:34:21,62.61,100,
09:34:21,62.60,100,
09:34:23,62.61,100,
09:34:33,62.55,100,
09:34:43,62.55,500,
09:34:43,62.54,500,
09:34:49,62.54,100,
09:34:49,62.53,100,
09:34:49,62.53,500,
09:34:49,62.53,100,
09:34:49,62.53,100,
09:34:51,62.53,200,
09:34:53,62.52,200,
09:34:53,62.5192,800,
09:34:54,62.51,200,
09:34:55,62.52,300,
09:34:57,62.54,100,
09:34:57,62.53,102,
09:34:58,62.55,100,
09:35:01,62.54,173,
09:35:02,62.53,100,
09:35:06,62.53,200,
09:35:07,62.54,100,
09:35:07,62.53,100,
09:35:07,62.54,100,
09:35:07,62.53,100,
09:35:10,62.53,200,
09:35:12,62.53,200,
09:35:12,62.53,100,
09:35:13,62.53,127,
09:35:18,62.50,200,
09:35:18,62.48,100,
09:35:18,62.48,100,
09:35:18,62.48,100,
09:35:18,62.49,300,
09:35:18,62.48,100,
09:35:18,62.48,137,
09:35:18,62.48,300,
09:35:18,62.48,237,
09:35:18,62.47,300,
09:35:20,62.46,100,
09:35:22,62.50,200,
09:35:22,62.51,100,
09:35:22,62.49,200,
09:35:24,62.50,100,
09:35:25,62.52,100,
09:35:25,62.54,200,
09:35:30,62.52,100,
09:35:30,62.51,200,
09:35:35,62.50,500,
09:35:35,62.49,100,
09:35:35,62.49,100,
09:35:37,62.4992,500,
09:35:37,62.50,100,
09:35:37,62.50,100,
09:35:42,62.49,400,
09:35:42,62.49,200,
09:35:45,62.5099,150,
09:35:46,62.53,100,
09:35:46,62.52,500,
09:35:47,62.5299,300,
09:35:48,62.5299,400,
09:35:50,62.5235,100,
09:35:50,62.54,100,
09:35:50,62.54,100,
09:35:50,62.54,100,
09:35:50,62.54,100,
09:35:50,62.5311,2265,
09:35:52,62.5421,100,
09:35:54,62.55,200,
09:35:55,62.55,300,
09:35:55,62.55,100,
09:35:55,62.55,100,
09:35:55,62.55,100,
09:35:55,62.57,100,
09:35:57,62.54,800,
09:35:58,62.55,100,
09:35:58,62.55,100,
09:36:05,62.55,100,
09:36:05,62.55,200,
09:36:05,62.54,100,
09:36:05,62.5499,200,
09:36:06,62.55,100,
09:36:06,62.55,100,
09:36:07,62.59,100,
09:36:07,62.59,100,
09:36:07,62.59,100,
09:36:07,62.59,100,
09:36:07,62.59,100,
09:36:07,62.58,200,
09:36:08,62.58,300,
09:36:08,62.58,100,
09:36:08,62.58,100,
09:36:09,62.57,465,
09:36:09,62.57,100,
09:36:09,62.57,100,
09:36:09,62.57,100,
09:36:10,62.60,100,
09:36:11,62.6198,200,
09:36:12,62.6199,300,
09:36:12,62.62,100,
09:36:12,62.62,100,
09:36:14,62.61,200,
09:36:14,62.60,200,
09:36:14,62.60,100,
09:36:14,62.61,2100,
09:36:23,62.70,100,
09:36:23,62.70,100,
09:36:23,62.69,100,
09:36:23,62.69,100,
09:36:23,62.69,100,
09:36:23,62.69,100,
09:36:24,62.6999,700,
09:36:24,62.70,100,
09:36:24,62.70,100,
09:36:24,62.69,200,
09:36:24,62.69,100,
09:36:24,62.72,200,
09:36:24,62.72,100,
09:36:24,62.73,100,
09:36:24,62.72,200,
09:36:28,62.70,100,
09:36:28,62.70,100,
09:36:28,62.70,300,
09:36:28,62.69,100,
09:36:29,62.72,100,
09:36:29,62.71,100,
09:36:29,62.71,100,
09:36:30,62.7099,100,
09:36:30,62.70,100,
09:36:30,62.68,156,
09:36:30,62.66,200,
09:36:35,62.666,717,
09:36:35,62.63,100,
09:36:36,62.63,100,
09:36:36,62.63,100,
09:36:36,62.63,100,
09:36:36,62.63,100,
09:36:36,62.63,100,
09:36:36,62.62,100,
09:36:36,62.62,100,
09:36:38,62.63,100,
09:36:38,62.63,100,
09:36:38,62.6236,100,
09:36:38,62.65,200,
09:36:40,62.6299,200,
09:36:40,62.63,100,
09:36:41,62.61,400,
09:36:44,62.60,100,
09:36:48,62.59,266,
09:36:50,62.594,100,
09:36:52,62.61,100,
09:36:52,62.60,200,
09:36:55,62.61,314,
09:36:55,62.61,314,
09:36:57,62.59,300,
09:37:06,62.56,100,
09:37:07,62.55,100,
09:37:07,62.55,200,
09:37:07,62.55,100,
09:37:07,62.55,100,
09:37:08,62.55,200,
09:37:08,62.55,100,
09:37:08,62.55,200,
09:37:08,62.54,100,
09:37:08,62.541,200,
09:37:08,62.5425,200,
09:37:08,62.54,500,
09:37:08,62.54,100,
09:37:08,62.54,100,
09:37:08,62.53,100,
09:37:09,62.54,200,
09:37:15,62.52,100,
09:37:19,62.51,200,
09:37:23,62.50,100,
09:37:29,62.54,100,
09:37:30,62.55,200,
09:37:31,62.57,100,
09:37:31,62.55,100,
09:37:31,62.55,100,
09:37:31,62.55,100,
09:37:31,62.55,100,
09:37:32,62.54,100,
09:37:32,62.54,100,
09:37:32,62.54,100,
09:37:33,62.57,100,
09:37:34,62.55,100,
09:37:35,62.5779,1200,
09:37:35,62.55,100,
09:37:35,62.55,100,
09:37:39,62.53,100,
09:37:39,62.53,100,
09:37:39,62.54,200,
09:37:39,62.54,500,
09:37:39,62.53,200,
09:37:39,62.54,100,
09:37:40,62.56,100,
09:37:40,62.55,100,
09:37:40,62.55,100,
09:37:40,62.55,200,
09:37:40,62.55,100,
09:37:40,62.57,100,
09:37:40,62.57,100,
09:37:45,62.56,200,
09:37:47,62.56,100,
09:37:47,62.56,100,
09:37:47,62.58,100,
09:37:47,62.58,100,
09:37:47,62.58,100,
09:37:47,62.58,200,
09:37:47,62.58,100,
09:37:47,62.58,100,
09:37:47,62.57,100,
09:37:47,62.57,100,
09:37:47,62.57,100,
09:37:47,62.572,600,
09:37:50,62.57,100,
09:37:50,62.58,100,
09:37:50,62.58,100,
09:37:52,62.62,100,
09:37:52,62.62,100,
09:37:55,62.62,100,
09:37:55,62.6199,500,
09:37:55,62.61,200,
09:37:55,62.63,200,
09:37:55,62.6119,100,
09:37:56,62.61,2000,
09:38:01,62.59,100,
09:38:06,62.58,2100,
09:38:08,62.578,2000,
09:38:11,62.57,100,
09:38:12,62.55,100,
09:38:12,62.53,100,
09:38:19,62.53,100,
09:38:19,62.53,100,
09:38:19,62.52,100,
09:38:20,62.50,100,
09:38:20,62.51,200,
09:38:29,62.5201,220,
09:38:29,62.54,2431,
09:38:32,62.54,200,
09:38:34,62.50,100,
09:38:34,62.51,100,
09:38:35,62.50,3000,
09:38:35,62.50,100,
09:38:35,62.50,300,
09:38:35,62.47,100,
09:38:35,62.47,100,
09:38:36,62.44,100,
09:38:37,62.43,3000,
09:38:37,62.43,100,
09:38:37,62.44,200,
09:38:37,62.45,299,
09:38:37,62.45,101,
09:38:37,62.45,100,
09:38:37,62.45,100,
09:38:40,62.44,100,
09:38:41,62.45,200,
09:38:41,62.46,100,
09:38:42,62.44,100,
09:38:42,62.44,100,
09:38:43,62.47,100,
09:38:43,62.49,100,
09:38:43,62.49,100,
09:38:44,62.4879,1000,
09:38:49,62.49,100,
09:38:52,62.53,100,
09:38:53,62.51,167,
09:38:53,62.51,100,
09:38:53,62.50,500,
09:38:57,62.54,100,
09:39:06,62.4801,3000,
09:39:21,62.50,2500,
09:39:35,62.4899,200,
09:39:48,62.4879,200,
09:39:50,62.52,200,
09:39:54,62.51,100,
09:39:54,62.52,100,
09:39:54,62.52,100,
09:40:00,62.48,100,
09:40:00,62.46,100,
09:40:01,62.46,100,
09:40:02,62.4599,100,
09:40:06,62.43,200,
09:40:07,62.42,100,
09:40:10,62.43,200,
09:40:10,62.45,200,
09:40:15,62.43,100,
09:40:18,62.44,300,
09:40:18,62.4463,100,
09:40:19,62.45,100,
09:40:20,62.46,100,
09:40:54,62.452,300,
09:40:55,62.44,291,
09:40:59,62.4302,100,
09:41:00,62.45,100,
09:41:06,62.45,1000,
09:41:06,62.45,200,
09:41:06,62.46,100,
09:41:06,62.46,300,
09:41:06,62.47,100,
09:41:06,62.47,100,
09:41:06,62.47,100,
09:41:10,62.4721,880,
09:41:17,62.49,200,
09:41:21,62.49,200,
09:41:21,62.49,100,
09:41:21,62.49,100,
09:41:22,62.4899,1000,
09:41:31,62.50,100,
09:41:31,62.5071,100,
09:41:31,62.49,200,
09:41:31,62.4963,200,
09:41:38,62.47,100,
09:41:38,62.47,100,
09:41:39,62.48,200,
09:41:41,62.50,200,
09:41:41,62.50,100,
09:41:41,62.50,100,
09:41:42,62.48,200,
09:41:43,62.48,100,
09:41:48,62.429,100,
09:41:48,62.4366,600,
09:41:49,62.41,100,
09:41:49,62.41,500,
09:41:49,62.41,1200,
09:41:50,62.38,200,
09:41:50,62.39,100,
09:41:50,62.36,100,
09:41:50,62.37,200,
09:41:50,62.35,100,
09:41:50,62.35,100,
09:41:50,62.37,200,
09:41:50,62.37,200,
09:41:50,62.3599,200,
09:41:50,62.37,100,
09:41:50,62.36,100,
09:41:50,62.37,100,
09:41:51,62.36,100,
09:41:51,62.35,100,
09:41:51,62.34,100,
09:41:51,62.34,200,
09:41:51,62.3302,100,
09:41:51,62.3301,162,
09:41:51,62.33,100,
09:41:51,62.39,300,
09:41:51,62.30,100,
09:41:51,62.31,200,
09:41:51,62.33,100,
09:41:51,62.33,100,
09:41:51,62.32,200,
09:41:51,62.32,100,
09:41:51,62.31,100,
09:41:51,62.33,200,
09:41:51,62.3199,200,
09:41:52,62.30,100,
09:41:52,62.30,100,
09:41:52,62.31,100,
09:41:52,62.30,1756,
09:41:53,62.32,100,
09:41:53,62.32,100,
09:41:53,62.32,100,
09:41:53,62.32,100,
09:41:53,62.31,1000,
09:41:53,62.34,100,
09:41:53,62.34,100,
09:41:53,62.35,100,
09:41:54,62.35,100,
09:41:55,62.33,100,
09:41:55,62.34,100,
09:41:55,62.33,200,
09:41:55,62.33,100,
09:41:55,62.33,100,
09:41:55,62.33,100,
09:41:55,62.34,100,
09:41:55,62.34,100,
09:41:55,62.34,100,
09:41:56,62.37,100,
09:41:57,62.36,100,
09:41:57,62.36,200,
09:41:57,62.36,100,
09:41:58,62.35,100,
09:42:01,62.34,100,
09:42:01,62.34,200,
09:42:01,62.34,100,
09:42:01,62.33,456,
09:42:01,62.33,100,
09:42:01,62.33,100,
09:42:01,62.33,100,
09:42:03,62.332,1434,
09:42:04,62.34,200,
09:42:04,62.34,100,
09:42:04,62.32,100,
09:42:04,62.32,100,
09:42:04,62.32,330,
09:42:04,62.30,100,
09:42:04,62.32,100,
09:42:06,62.32,100,
09:42:08,62.29,500,
09:42:08,62.28,200,
09:42:09,62.28,312,
09:42:10,62.28,300,
09:42:10,62.28,100,
09:42:10,62.28,100,
09:42:10,62.26,100,
09:42:10,62.26,100,
09:42:10,62.26,100,
09:42:11,62.26,100,
09:42:11,62.26,114,
09:42:11,62.28,100,
09:42:12,62.25,100,
09:42:12,62.25,100,
09:42:12,62.25,100,
09:42:12,62.25,100,
09:42:13,62.25,800,
09:42:13,62.25,100,
09:42:14,62.24,200,
09:42:15,62.25,100,
09:42:15,62.26,100,
09:42:15,62.26,100,
09:42:15,62.26,100,
09:42:15,62.26,100,
09:42:15,62.25,100,
09:42:15,62.25,500,
09:42:16,62.24,200,
09:42:16,62.24,100,
09:42:23,62.23,100,
09:42:23,62.2373,100,
09:42:23,62.2301,100,
09:42:23,62.24,100,
09:42:23,62.24,100,
09:42:23,62.25,100,
09:42:23,62.25,200,
09:42:23,62.25,500,
09:42:23,62.25,100,
09:42:24,62.25,100,
09:42:24,62.25,100,
09:42:24,62.23,100,
09:42:24,62.23,200,
09:42:24,62.23,100,
09:42:24,62.23,100,
09:42:29,62.20,100,
09:42:29,62.20,100,
09:42:29,62.17,400,
09:42:29,62.17,100,
09:42:29,62.18,100,
09:42:29,62.18,100,
09:42:30,62.18,400,
09:42:30,62.18,100,
09:42:30,62.18,100,
09:42:30,62.18,100,
09:42:30,62.19,200,
09:42:30,62.20,100,
09:42:30,62.21,100,
09:42:30,62.19,100,
09:42:31,62.23,100,
09:42:31,62.22,100,
09:42:31,62.24,100,
09:42:31,62.25,100,
09:42:32,62.25,700,
09:42:32,62.25,200,
09:42:32,62.23,100,
09:42:32,62.22,100,
09:42:32,62.21,200,
09:42:33,62.21,200,
09:42:33,62.21,100,
09:42:34,62.22,100,
09:42:35,62.21,300,
09:42:35,62.21,100,
09:42:35,62.1885,600,
09:42:35,62.17,100,
09:42:37,62.16,200,
09:42:37,62.17,200,
09:42:39,62.17,1600,
09:42:39,62.17,100,
09:42:39,62.17,1000,
09:42:40,62.17,100,
09:42:40,62.17,100,
09:42:40,62.17,100,
09:42:40,62.16,200,
09:42:40,62.17,100,
09:42:40,62.16,200,
09:42:40,62.18,100,
09:42:40,62.18,100,
09:42:40,62.18,100,
09:42:41,62.21,100,
09:42:41,62.21,100,
09:42:41,62.21,100,
09:42:41,62.21,100,
09:42:41,62.20,200,
09:42:41,62.20,100,
09:42:41,62.19,100,
09:42:41,62.19,100,
09:42:41,62.19,100,
09:42:41,62.19,100,
09:42:41,62.19,100,
09:42:41,62.20,100,
09:42:41,62.20,100,
09:42:41,62.19,100,
09:42:41,62.20,100,
09:42:41,62.20,500,
09:42:41,62.20,100,
09:42:42,62.19,100,
09:42:44,62.19,100,
09:42:44,62.24,100,
09:42:44,62.24,100,
09:42:46,62.20,300,
09:42:46,62.20,300,
09:42:47,62.22,100,
09:42:47,62.22,200,
09:42:47,62.22,100,
09:42:48,62.221,800,
09:42:48,62.221,100,
09:42:52,62.19,100,
09:42:52,62.19,100,
09:42:54,62.18,100,
09:42:54,62.18,500,
09:43:00,62.21,235,
09:43:08,62.2126,350,
09:43:15,62.2102,100,
09:43:15,62.21,200,
09:43:18,62.24,100,
09:43:20,62.26,100,
09:43:20,62.27,100,
09:43:20,62.27,100,
09:43:20,62.27,100,
09:43:21,62.25,300,
09:43:21,62.25,148,
09:43:21,62.22,100,
09:43:21,62.21,100,
09:43:21,62.2186,1700,
09:43:25,62.23,200,
09:43:25,62.25,100,
09:43:26,62.22,100,
09:43:27,62.25,100,
09:43:32,62.23,200,
09:43:33,62.21,100,
09:43:33,62.21,100,
09:43:33,62.19,100,
09:43:33,62.19,100,
09:43:33,62.19,100,
09:43:41,62.28,100,
09:43:41,62.28,100,
09:43:43,62.28,137,
09:43:49,62.2699,200,
09:43:49,62.27,100,
09:43:56,62.25,100,
09:44:00,62.25,100,
09:44:03,62.262,1800,
09:44:09,62.25,100,
09:44:11,62.21,300,
09:44:16,62.20,500,
09:44:16,62.20,100,
09:44:16,62.20,100,
09:44:19,62.238,150,
09:44:21,62.23,400,
09:44:24,62.25,100,
09:44:27,62.244,100,
09:44:30,62.226,800,
09:44:31,62.27,100,
09:44:31,62.2799,100,
09:44:42,62.27,248,
09:44:46,62.26,100,
09:44:49,62.23,456,
09:44:49,62.21,100,
09:44:49,62.21,100,
09:44:50,62.20,100,
09:44:50,62.20,100,
09:44:51,62.232,2000,
09:44:52,62.23,100,
09:44:52,62.23,100,
09:45:18,62.27,100,
09:45:18,62.27,100,
09:45:18,62.27,100,
09:45:18,62.27,100,
09:45:18,62.27,100,
09:45:18,62.29,100,
09:45:18,62.29,100,
09:45:18,62.30,100,
09:45:18,62.30,100,
09:45:18,62.2999,100,
09:45:21,62.2999,100,
09:45:21,62.2999,100,
09:45:24,62.291,100,
09:45:29,62.2917,500,
09:45:30,62.31,100,
09:45:30,62.31,100,
09:45:30,62.31,100,
09:45:31,62.31,151,
09:45:32,62.31,100,
09:45:33,62.3192,100,
09:45:45,62.312,100,
09:45:49,62.29,100,
09:45:51,62.26,100,
09:45:51,62.26,100,
09:45:51,62.26,100,
09:45:51,62.26,100,
09:45:51,62.26,400,
09:45:51,62.27,100,
09:45:51,62.26,100,
09:45:55,62.29,100,
09:45:58,62.29,100,
09:45:58,62.29,100,
09:45:58,62.29,100,
09:45:59,62.31,800,
09:45:59,62.31,400,
09:45:59,62.31,100,
09:45:59,62.32,100,
09:45:59,62.32,100,
09:46:03,62.30,200,
09:46:05,62.3199,500,
09:46:06,62.3199,425,
09:46:06,62.32,100,
09:46:06,62.3199,200,
09:46:06,62.3101,300,
09:46:06,62.30,500,
09:46:06,62.30,100,
09:46:06,62.29,100,
09:46:06,62.2882,1000,
09:46:14,62.33,100,
09:46:22,62.33,100,
09:46:22,62.33,100,
09:46:22,62.33,100,
09:46:22,62.32,200,
09:46:22,62.32,100,
09:46:22,62.32,100,
09:46:23,62.34,220,
09:46:23,62.35,200,
09:46:23,62.35,100,
09:46:23,62.35,100,
09:46:23,62.34,200,
09:46:23,62.34,100,
09:46:24,62.33,500,
09:46:24,62.33,100,
09:46:24,62.33,100,
09:46:25,62.32,191,
09:46:26,62.32,100,
09:46:26,62.32,500,
09:46:26,62.32,100,
09:46:27,62.3201,500,
09:46:27,62.32,100,
09:46:28,62.32,100,
09:46:28,62.32,100,
09:46:29,62.32,100,
09:46:29,62.32,100,
09:46:32,62.33,100,
09:46:32,62.33,100,
09:46:32,62.33,152,
09:46:32,62.33,100,
09:46:32,62.32,100,
09:46:32,62.32,100,
09:46:32,62.32,100,
09:46:34,62.33,100,
09:46:34,62.33,100,
09:46:34,62.34,100,
09:46:34,62.33,100,
09:46:37,62.32,100,
09:46:38,62.32,186,
09:46:38,62.34,200,
09:46:38,62.35,100,
09:46:38,62.35,183,
09:46:38,62.35,100,
09:46:38,62.34,100,
09:46:38,62.34,100,
09:46:38,62.34,100,
09:46:38,62.32,100,
09:46:40,62.35,100,
09:46:40,62.33,100,
09:46:44,62.31,100,
09:46:44,62.3199,200,
09:46:44,62.32,100,
09:46:47,62.27,100,
09:46:50,62.2799,100,
09:46:54,62.3098,2000,
09:47:18,62.3799,300,
09:47:18,62.3799,1000,
09:47:18,62.38,100,
09:47:20,62.3779,300,
09:47:23,62.3799,100,
09:47:24,62.38,100,
09:47:24,62.38,100,
09:47:24,62.39,100,
09:47:24,62.38,100,
09:47:24,62.39,200,
09:47:24,62.39,100,
09:47:25,62.39,100,
09:47:25,62.39,100,
09:47:25,62.39,100,
09:47:26,62.39,100,
09:47:27,62.3999,150,
09:47:27,62.41,100,
09:47:31,62.4298,5000,
09:47:35,62.3983,500,
09:47:37,62.38,100,
09:47:39,62.40,100,
09:47:39,62.40,200,
09:47:39,62.41,140,
09:47:40,62.40,100,
09:47:49,62.40,200,
09:47:49,62.44,100,
09:47:49,62.42,100,
09:47:49,62.41,200,
09:47:49,62.44,300,
09:47:49,62.44,100,
09:47:49,62.44,100,
09:47:49,62.44,100,
09:47:49,62.43,200,
09:47:49,62.43,100,
09:47:49,62.42,100,
09:47:49,62.42,100,
09:47:49,62.44,100,
09:47:49,62.44,298,
09:47:49,62.45,200,
09:47:49,62.45,100,
09:47:49,62.42,100,
09:47:49,62.47,100,
09:47:49,62.47,100,
09:47:49,62.46,100,
09:47:49,62.47,100,
09:47:49,62.47,100,
09:47:49,62.47,200,
09:47:49,62.40,100,
09:47:49,62.49,100,
09:47:49,62.46,100,
09:47:50,62.43,200,
09:47:50,62.43,100,
09:47:50,62.43,200,
09:47:50,62.43,100,
09:47:55,62.43,149,
09:47:57,62.43,100,
09:47:57,62.43,100,
09:48:10,62.43,100,
09:48:10,62.4399,100,
09:48:16,62.4399,400,
09:48:18,62.43,100,
09:48:18,62.43,100,
09:48:18,62.43,100,
09:48:19,62.43,100,
09:48:19,62.43,100,
09:48:19,62.4299,100,
09:48:21,62.42,200,
09:48:23,62.43,200,
09:48:23,62.43,300,
09:48:23,62.43,100,
09:48:23,62.43,200,
09:48:24,62.41,100,
09:48:25,62.42,100,
09:48:34,62.41,100,
09:48:35,62.42,200,
09:48:35,62.42,100,
09:48:45,62.48,200,
09:48:48,62.52,100,
09:48:50,62.50,200,
09:48:50,62.5001,1000,
09:48:51,62.501,500,
09:48:51,62.5001,100,
09:48:51,62.50,100,
09:48:53,62.50,100,
09:48:53,62.50,100,
09:48:53,62.49,200,
09:48:53,62.49,300,
09:48:53,62.50,200,
09:48:53,62.50,100,
09:48:53,62.49,100,
09:48:53,62.49,100,
09:48:53,62.49,100,
09:48:53,62.49,100,
09:48:53,62.48,100,
09:48:53,62.50,100,
09:48:54,62.5017,1325,
09:49:01,62.49,300,
09:49:01,62.49,100,
09:49:01,62.49,100,
09:49:01,62.49,100,
09:49:02,62.49,400,
09:49:03,62.4837,1495,
09:49:07,62.461,100,
09:49:14,62.48,100,
09:49:14,62.49,200,
09:49:21,62.4783,100,
09:49:22,62.4392,2000,
09:49:23,62.44,200,
09:49:31,62.45,200,
09:49:34,62.47,200,
09:49:36,62.46,100,
09:49:36,62.46,100,
09:49:36,62.47,100,
09:49:38,62.48,100,
09:49:38,62.47,200,
09:49:38,62.47,200,
09:49:38,62.46,100,
09:49:38,62.46,100,
09:49:38,62.46,100,
09:49:38,62.47,100,
09:49:38,62.47,100,
09:49:38,62.47,100,
09:49:38,62.45,100,
09:49:38,62.45,302,
09:49:38,62.47,100,
09:49:43,62.44,100,
09:49:43,62.44,100,
09:49:43,62.41,100,
09:49:45,62.41,100,
09:49:45,62.3819,400,
09:49:48,62.4092,100,
09:49:52,62.403,5000,
09:49:58,62.3717,500,
09:50:11,62.44,100,
09:50:19,62.50,200,
09:50:21,62.54,100,
09:50:22,62.52,3404,
09:50:22,62.52,100,
09:50:22,62.51,100,
09:50:22,62.51,100,
09:50:22,62.51,100,
09:50:22,62.50,200,
09:50:31,62.50,100,
09:50:37,62.5091,200,
09:50:38,62.51,200,
09:50:40,62.509,610,
09:50:42,62.50,600,
09:50:45,62.5218,600,
09:50:55,62.576,1000,
09:51:01,62.5618,300,
09:51:04,62.54,200,
09:51:04,62.54,200,
09:51:04,62.54,100,
09:51:11,62.57,200,
09:51:13,62.559,100,
09:51:29,62.43,184,
09:51:29,62.44,100,
09:51:29,62.45,400,
09:51:30,62.45,200,
09:51:30,62.45,100,
09:51:31,62.46,100,
09:51:31,62.48,200,
09:51:36,62.47,100,
09:51:36,62.47,100,
09:51:40,62.47,100,
09:51:46,62.44,100,
09:51:47,62.44,100,
09:51:49,62.45,500,
09:51:51,62.45,200,
09:51:51,62.45,100,
09:51:51,62.45,126,
09:51:51,62.45,200,
09:52:02,62.4179,1000,
09:52:13,62.4598,100,
09:52:40,62.40,100,
09:52:40,62.40,100,
09:52:40,62.3899,300,
09:52:40,62.38,100,
09:52:40,62.38,200,
09:52:40,62.36,200,
09:52:40,62.36,100,
09:52:40,62.36,100,
09:52:40,62.36,100,
09:52:45,62.35,100,
09:52:45,62.34,200,
09:52:45,62.34,100,
09:52:45,62.34,100,
09:52:46,62.36,100,
09:52:47,62.39,200,
09:52:47,62.39,300,
09:52:47,62.39,299,
09:52:48,62.39,100,
09:52:52,62.37,200,
09:52:52,62.37,100,
09:52:52,62.35,100,
09:52:52,62.36,100,
09:52:58,62.35,100,
09:52:58,62.35,100,
09:52:58,62.34,100,
09:53:06,62.32,100,
09:53:10,62.32,100,
09:53:15,62.3479,100,
09:53:26,62.3518,1000,
09:53:28,62.369,500,
09:53:30,62.37,400,
09:53:30,62.37,200,
09:53:32,62.35,100,
09:53:32,62.35,100,
09:53:32,62.33,100,
09:53:32,62.33,200,
09:53:32,62.33,100,
09:53:33,62.37,100,
09:53:37,62.29,200,
09:53:37,62.30,200,
09:53:37,62.30,100,
09:53:37,62.30,100,
09:53:37,62.3001,100,
09:53:37,62.30,100,
09:53:37,62.30,100,
09:53:38,62.2801,200,
09:53:38,62.2801,200,
09:53:41,62.28,100,
09:53:41,62.28,100,
09:53:42,62.29,100,
09:53:43,62.31,100,
09:53:43,62.31,100,
09:53:57,62.34,100,
09:54:03,62.3326,4500,
09:54:08,62.36,200,
09:54:08,62.36,100,
09:54:08,62.36,100,
09:54:21,62.309,100,
09:54:22,62.29,200,
09:54:22,62.29,100,
09:54:22,62.30,100,
09:54:22,62.2984,200,
09:54:22,62.28,100,
09:54:22,62.29,100,
09:54:22,62.30,200,
09:54:22,62.30,100,
09:54:22,62.30,100,
09:54:22,62.30,100,
09:54:22,62.30,100,
09:54:22,62.29,100,
09:54:22,62.30,100,
09:54:24,62.32,100,
09:54:24,62.33,100,
09:54:24,62.33,100,
09:54:24,62.33,100,
09:54:24,62.33,100,
09:54:27,62.35,100,
09:54:27,62.35,100,
09:54:43,62.35,200,
09:54:43,62.35,200,
09:54:48,62.35,100,
09:54:53,62.35,100,
09:54:53,62.35,100,
09:54:57,62.3583,500,
09:55:04,62.4388,200,
09:55:07,62.424,800,
09:55:10,62.44,100,
09:55:11,62.4399,400,
09:55:24,62.4702,100,
09:55:28,62.487,2000,
09:55:30,62.4279,200,
09:55:33,62.44,200,
09:55:34,62.45,200,
09:55:34,62.45,100,
09:55:36,62.44,100,
09:55:40,62.42,100,
09:55:43,62.4155,350,
09:55:46,62.40,100,
09:55:53,62.38,100,
09:55:57,62.36,100,
09:55:57,62.34,100,
09:55:57,62.34,200,
09:55:57,62.33,100,
09:55:58,62.35,100,
09:56:00,62.36,150,
09:56:04,62.37,100,
09:56:05,62.36,100,
09:56:10,62.40,100,
09:56:14,62.42,400,
09:56:18,62.39,100,
09:56:18,62.38,100,
09:56:18,62.38,100,
09:56:18,62.38,100,
09:56:28,62.4401,200,
09:56:29,62.47,198,
09:56:32,62.462,200,
09:56:41,62.4661,100,
09:56:45,62.4883,500,
09:56:47,62.489,1000,
09:56:49,62.44,100,
09:56:55,62.48,200,
09:56:56,62.49,100,
09:57:08,62.4541,400,
09:57:09,62.45,100,
09:57:09,62.43,100,
09:57:10,62.47,200,
09:57:11,62.47,100,
09:57:12,62.4692,200,
09:57:21,62.4642,600,
09:57:36,62.50,100,
09:57:36,62.52,200,
09:57:36,62.52,100,
09:57:37,62.54,200,
09:57:37,62.54,100,
09:57:38,62.56,100,
09:57:39,62.58,200,
09:57:40,62.55,200,
09:57:40,62.56,100,
09:57:40,62.55,100,
09:57:40,62.56,200,
09:57:41,62.56,100,
09:57:42,62.5787,500,
09:57:43,62.55,100,
09:57:43,62.56,200,
09:57:46,62.55,200,
09:57:48,62.5587,800,
09:57:49,62.57,200,
09:57:49,62.58,200,
09:57:49,62.59,100,
09:57:50,62.64,100,
09:57:50,62.64,100,
09:57:50,62.64,100,
09:57:50,62.63,200,
09:57:50,62.63,200,
09:57:50,62.63,100,
09:57:51,62.63,100,
09:57:52,62.62,100,
09:57:54,62.62,100,
09:57:54,62.62,100,
09:57:54,62.62,100,
09:57:55,62.62,100,
09:57:56,62.62,100,
09:57:56,62.62,100,
09:57:56,62.62,200,
09:57:56,62.62,100,
09:57:57,62.61,100,
09:57:57,62.61,100,
09:57:57,62.61,100,
09:57:57,62.63,100,
09:58:07,62.6079,500,
09:58:08,62.59,200,
09:58:09,62.59,100,
09:58:10,62.59,100,
09:58:13,62.59,100,
09:58:13,62.61,100,
09:58:13,62.61,100,
09:58:13,62.62,100,
09:58:14,62.64,100,
09:58:14,62.65,200,
09:58:15,62.65,200,
09:58:15,62.65,100,
09:58:19,62.64,100,
09:58:19,62.64,100,
09:58:21,62.5983,500,
09:58:24,62.58,200,
09:58:24,62.58,100,
09:58:25,62.56,100,
09:58:25,62.57,200,
09:58:25,62.56,200,
09:58:25,62.56,100,
09:58:25,62.57,100,
09:58:25,62.57,100,
09:58:25,62.57,200,
09:58:29,62.62,200,
09:58:30,62.61,100,
09:58:30,62.61,100,
09:58:31,62.62,100,
09:58:33,62.64,100,
09:58:33,62.62,100,
09:58:33,62.64,100,
09:58:34,62.63,100,
09:58:34,62.63,100,
09:58:34,62.63,100,
09:58:35,62.64,100,
09:58:36,62.61,100,
09:58:39,62.63,100,
09:58:45,62.58,100,
09:58:50,62.59,500,
09:58:53,62.606,317,
09:58:56,62.6008,200,
09:58:59,62.6601,300,
09:59:00,62.67,100,
09:59:03,62.67,200,
09:59:03,62.67,100,
09:59:08,62.636,400,
09:59:11,62.63,100,
09:59:11,62.63,100,
09:59:13,62.6117,1000,
09:59:15,62.59,100,
09:59:15,62.59,100,
09:59:15,62.60,100,
09:59:20,62.59,100,
09:59:20,62.59,100,
09:59:21,62.59,200,
09:59:35,62.5883,300,
09:59:36,62.57,800,
09:59:47,62.586,556,
09:59:58,62.57,139,
09:59:58,62.56,100,
10:00:03,62.54,500,
10:00:05,62.53,100,
10:00:05,62.54,1285,
10:00:05,62.54,100,
10:00:05,62.54,100,
10:00:05,62.55,200,
10:00:05,62.56,100,
10:00:05,62.56,100,
10:00:08,62.57,200,
10:00:13,62.59,100,
10:00:13,62.59,100,
10:00:13,62.59,200,
10:00:13,62.59,100,
10:00:15,62.58,100,
10:00:17,62.58,100,
10:00:17,62.58,100,
10:00:20,62.592,2000,
10:00:24,62.58,130,
10:00:24,62.58,100,
10:00:24,62.57,100,
10:00:24,62.58,100,
10:00:25,62.56,100,
10:00:25,62.56,100,
10:00:25,62.56,100,
10:00:25,62.56,100,
10:00:25,62.56,100,
10:00:32,62.576,500,
10:00:32,62.59,200,
10:00:32,62.59,100,
10:00:32,62.59,100,
10:00:32,62.60,100,
10:00:32,62.60,100,
10:00:32,62.59,100,
10:00:33,62.60,100,
10:00:33,62.60,100,
10:00:35,62.60,100,
10:00:35,62.59,100,
10:00:46,62.62,100,
10:00:46,62.63,200,
10:00:46,62.64,100,
10:00:51,62.62,100,
10:00:51,62.62,100,
10:00:52,62.61,300,
10:00:52,62.61,100,
10:00:52,62.60,100,
10:00:52,62.60,200,
10:00:55,62.59,300,
10:00:56,62.59,100,
10:00:57,62.61,200,
10:00:59,62.61,100,
10:00:59,62.61,200,
10:00:59,62.61,100,
10:00:59,62.61,100,
10:00:59,62.61,100,
10:00:59,62.61,400,
10:00:59,62.61,100,
10:01:00,62.59,100,
10:01:00,62.59,100,
10:01:00,62.58,200,
10:01:00,62.59,100,
10:01:00,62.57,100,
10:01:00,62.56,133,
10:01:05,62.57,100,
10:01:08,62.58,132,
10:01:08,62.561,500,
10:01:10,62.57,200,
10:01:13,62.56,500,
10:01:15,62.53,100,
10:01:16,62.55,100,
10:01:16,62.56,200,
10:01:19,62.56,200,
10:01:23,62.57,100,
10:01:23,62.57,100,
10:01:23,62.55,100,
10:01:23,62.56,100,
10:01:23,62.56,100,
10:01:24,62.54,300,
10:01:24,62.53,100,
10:01:24,62.54,100,
10:01:24,62.57,100,
10:01:24,62.57,100,
10:01:24,62.57,100,
10:01:24,62.53,100,
10:01:24,62.53,200,
10:01:25,62.57,100,
10:01:26,62.57,100,
10:01:27,62.50,300,
10:01:27,62.505,100,
10:01:27,62.50,100,
10:01:27,62.50,100,
10:01:27,62.49,100,
10:01:27,62.49,100,
10:01:27,62.50,100,
10:01:27,62.49,100,
10:01:28,62.50,100,
10:01:29,62.47,100,
10:01:31,62.49,358,
10:01:31,62.49,141,
10:01:31,62.49,500,
10:01:34,62.50,1000,
10:01:36,62.52,100,
10:01:36,62.52,100,
10:01:36,62.52,100,
10:01:36,62.52,200,
10:01:39,62.5001,500,
10:01:41,62.529,100,
10:01:51,62.55,200,
10:01:51,62.55,200,
10:01:51,62.55,200,
10:01:51,62.55,100,
10:01:51,62.55,100,
10:01:51,62.55,100,
10:01:53,62.57,100,
10:01:55,62.55,100,
10:01:57,62.56,100,
10:02:00,62.58,100,
10:02:00,62.58,100,
10:02:00,62.58,100,
10:02:01,62.59,100,
10:02:01,62.61,100,
10:02:01,62.62,100,
10:02:01,62.61,100,
10:02:01,62.60,100,
10:02:01,62.61,100,
10:02:01,62.60,100,
10:02:01,62.60,100,
10:02:01,62.59,100,
10:02:01,62.59,100,
10:02:01,62.60,200,
10:02:01,62.60,200,
10:02:01,62.58,200,
10:02:02,62.58,100,
10:02:02,62.58,100,
10:02:05,62.60,100,
10:02:10,62.61,200,
10:02:10,62.61,100,
10:02:11,62.62,100,
10:02:11,62.63,100,
10:02:12,62.62,100,
10:02:12,62.65,100,
10:02:12,62.65,100,
10:02:12,62.65,100,
10:02:13,62.66,100,
10:02:13,62.67,100,
10:02:15,62.68,400,
10:02:15,62.68,100,
10:02:15,62.67,300,
10:02:16,62.67,100,
10:02:17,62.66,1300,
10:02:17,62.671,100,
10:02:18,62.67,500,
10:02:19,62.67,100,
10:02:20,62.66,2400,
10:02:20,62.66,100,
10:02:20,62.66,100,
10:02:20,62.66,100,
10:02:20,62.66,100,
10:02:20,62.66,100,
10:02:21,62.66,100,
10:02:21,62.66,100,
10:02:21,62.66,100,
10:02:27,62.63,500,
10:02:36,62.65,200,
10:02:43,62.66,100,
10:02:43,62.67,100,
10:02:43,62.67,100,
10:02:43,62.67,100,
10:02:43,62.68,100,
10:02:44,62.67,100,
10:02:49,62.67,100,
10:02:49,62.67,100,
10:02:49,62.66,200,
10:02:49,62.66,100,
10:02:50,62.66,100,
10:02:51,62.66,100,
10:02:56,62.68,200,
10:02:56,62.68,100,
10:02:57,62.70,200,
10:02:58,62.72,200,
10:02:58,62.72,100,
10:02:59,62.72,200,
10:02:59,62.72,100,
10:02:59,62.72,100,
10:02:59,62.73,200,
10:03:02,62.72,100,
10:03:02,62.73,100,
10:03:07,62.7199,2000,
10:03:12,62.7299,100,
10:03:14,62.70,100,
10:03:14,62.705,100,
10:03:16,62.71,100,
10:03:16,62.71,100,
10:03:19,62.69,200,
10:03:20,62.69,300,
10:03:24,62.64,200,
10:03:25,62.64,200,
10:03:25,62.64,100,
10:03:25,62.63,200,
10:03:26,62.63,100,
10:03:26,62.64,100,
10:03:27,62.61,183,
10:03:27,62.59,100,
10:03:27,62.59,100,
10:03:27,62.59,199,
10:03:27,62.5917,1000,
10:03:28,62.54,200,
10:03:28,62.54,100,
10:03:28,62.54,130,
10:03:30,62.54,100,
10:03:30,62.54,100,
10:03:30,62.56,200,
10:03:30,62.57,200,
10:03:32,62.58,100,
10:03:32,62.59,100,
10:03:37,62.60,100,
10:03:37,62.60,200,
10:03:41,62.62,148,
10:03:41,62.62,100,
10:03:41,62.62,200,
10:03:41,62.63,300,
10:03:41,62.62,100,
10:03:47,62.64,200,
10:03:48,62.64,170,
10:03:49,62.64,200,
10:03:49,62.64,100,
10:03:54,62.66,200,
10:03:54,62.66,100,
10:03:56,62.66,200,
10:04:00,62.64,100,
10:04:00,62.6202,100,
10:04:05,62.64,100,
10:04:09,62.58,200,
10:04:09,62.60,200,
10:04:09,62.59,100,
10:04:09,62.59,200,
10:04:09,62.60,100,
10:04:09,62.62,100,
10:04:09,62.62,200,
10:04:09,62.62,200,
10:04:09,62.59,100,
10:04:09,62.61,100,
10:04:10,62.60,100,
10:04:10,62.60,100,
10:04:10,62.60,200,
10:04:10,62.61,200,
10:04:10,62.60,200,
10:04:10,62.60,100,
10:04:12,62.60,200,
10:04:12,62.5732,430,
10:04:15,62.56,200,
10:04:15,62.56,100,
10:04:16,62.55,100,
10:04:16,62.55,100,
10:04:16,62.55,100,
10:04:16,62.55,100,
10:04:18,62.58,100,
10:04:25,62.56,200,
10:04:25,62.56,500,
10:04:25,62.56,100,
10:04:25,62.57,100,
10:04:25,62.56,100,
10:04:25,62.57,100,
10:04:25,62.53,100,
10:04:25,62.52,100,
10:04:25,62.52,100,
10:04:25,62.50,100,
10:04:25,62.51,100,
10:04:25,62.51,200,
10:04:25,62.50,300,
10:04:25,62.50,100,
10:04:25,62.50,100,
10:04:25,62.51,200,
10:04:26,62.52,100,
10:04:26,62.52,100,
10:04:26,62.52,334,
10:04:26,62.57,100,
10:04:27,62.51,100,
10:04:29,62.51,100,
10:04:31,62.54,200,
10:04:39,62.56,200,
10:04:46,62.59,100,
10:05:15,62.55,343,
10:05:26,62.5317,200,
10:05:38,62.56,200,
10:05:38,62.56,100,
10:05:38,62.56,100,
10:05:40,62.58,100,
10:05:50,62.59,100,
10:05:50,62.59,100,
10:05:50,62.59,100,
10:05:50,62.59,100,
10:05:50,62.59,100,
10:05:50,62.59,100,
10:05:52,62.59,200,
10:06:08,62.56,100,
10:06:09,62.56,100,
10:06:23,62.55,100,
10:06:26,62.49,100,
10:06:26,62.48,100,
10:06:26,62.47,100,
10:06:26,62.48,100,
10:06:27,62.48,100,
10:06:27,62.49,100,
10:06:27,62.49,100,
10:06:27,62.49,100,
10:06:27,62.49,100,
10:06:27,62.49,100,
10:06:29,62.49,100,
10:06:29,62.46,300,
10:06:30,62.45,100,
10:06:30,62.45,100,
10:06:30,62.465,100,
10:06:30,62.45,100,
10:06:30,62.45,100,
10:06:30,62.46,100,
10:06:30,62.44,200,
10:06:30,62.46,100,
10:06:30,62.4383,400,
10:06:31,62.44,100,
10:06:31,62.43,100,
10:06:31,62.44,100,
10:06:31,62.43,100,
10:06:31,62.43,100,
10:06:32,62.44,100,
10:06:32,62.44,100,
10:06:32,62.45,100,
10:06:32,62.47,100,
10:06:32,62.47,100,
10:06:32,62.47,100,
10:06:32,62.47,100,
10:06:32,62.46,100,
10:06:32,62.46,100,
10:06:33,62.45,100,
10:06:34,62.45,100,
10:06:34,62.45,200,
10:06:35,62.45,122,
10:06:35,62.45,100,
10:06:35,62.43,200,
10:06:35,62.43,156,
10:06:35,62.42,200,
10:06:35,62.42,200,
10:06:35,62.42,100,
10:06:35,62.43,100,
10:06:35,62.42,100,
10:06:37,62.42,100,
10:06:37,62.42,200,
10:06:37,62.42,100,
10:06:37,62.42,100,
10:06:37,62.42,100,
10:06:38,62.39,100,
10:06:38,62.39,100,
10:06:38,62.39,200,
10:06:38,62.38,100,
10:06:38,62.37,100,
10:06:38,62.39,100,
10:06:38,62.39,100,
10:06:38,62.38,100,
10:06:38,62.39,100,
10:06:38,62.38,200,
10:06:38,62.39,100,
10:06:38,62.37,100,
10:06:39,62.41,100,
10:06:39,62.42,100,
10:06:39,62.40,100,
10:06:41,62.4179,1000,
10:06:43,62.38,400,
10:06:44,62.3741,500,
10:06:54,62.37,1000,
10:06:54,62.35,100,
10:07:03,62.42,100,
10:07:03,62.42,200,
10:07:03,62.42,100,
10:07:15,62.49,100,
10:07:17,62.49,100,
10:07:39,62.5101,500,
10:07:40,62.52,200,
10:07:40,62.52,200,
10:07:44,62.56,100,
10:07:44,62.56,100,
10:07:49,62.53,100,
10:07:49,62.53,100,
10:07:49,62.53,100,
10:07:54,62.55,100,
10:07:57,62.5396,4715,
10:08:02,62.54,100,
10:08:04,62.55,200,
10:08:07,62.52,100,
10:08:12,62.51,100,
10:08:18,62.5301,300,
10:08:23,62.55,100,
10:08:25,62.57,100,
10:08:25,62.57,100,
10:08:30,62.566,1000,
10:08:40,62.60,400,
10:08:44,62.60,100,
10:08:44,62.5999,200,
10:08:44,62.5919,100,
10:08:44,62.60,100,
10:08:44,62.60,100,
10:08:52,62.62,300,
10:08:55,62.64,200,
10:08:56,62.6221,1000,
10:09:02,62.63,100,
10:09:10,62.63,100,
10:09:10,62.64,144,
10:09:10,62.64,100,
10:09:10,62.64,100,
10:09:10,62.65,100,
10:09:10,62.64,100,
10:09:10,62.64,100,
10:09:10,62.66,100,
10:09:10,62.65,200,
10:09:10,62.64,100,
10:09:10,62.66,100,
10:09:11,62.65,100,
10:09:12,62.66,100,
10:09:12,62.67,200,
10:09:15,62.666,1000,
10:09:19,62.62,200,
10:09:20,62.61,100,
10:09:20,62.56,100,
10:09:20,62.57,100,
10:09:20,62.56,100,
10:09:20,62.56,100,
10:09:20,62.56,100,
10:09:20,62.56,200,
10:09:20,62.56,100,
10:09:20,62.54,100,
10:09:20,62.55,100,
10:09:22,62.57,200,
10:09:24,62.57,100,
10:09:29,62.56,100,
10:09:29,62.56,100,
10:09:31,62.55,100,
10:09:31,62.55,100,
10:09:33,62.49,100,
10:09:38,62.53,100,
10:09:44,62.55,100,
10:09:44,62.56,100,
10:09:45,62.55,100,
10:09:46,62.52,100,
10:09:46,62.52,100,
10:09:46,62.52,100,
10:09:46,62.52,100,
10:09:52,62.55,100,
10:09:57,62.58,100,
10:09:57,62.58,100,
10:09:57,62.58,115,
10:10:09,62.54,200,
10:10:09,62.54,100,
10:10:09,62.52,100,
10:10:11,62.45,200,
10:10:13,62.46,104,
10:10:13,62.46,100,
10:10:13,62.46,100,
10:10:13,62.46,200,
10:10:15,62.48,200,
10:10:15,62.4725,100,
10:10:16,62.48,100,
10:10:16,62.47,100,
10:10:16,62.46,100,
10:10:18,62.46,141,
10:10:19,62.47,100,
10:10:19,62.48,100,
10:10:19,62.48,100,
10:10:25,62.53,100,
10:10:25,62.53,100,
10:10:25,62.53,100,
10:10:25,62.52,143,
10:10:44,62.59,200,
10:10:46,62.58,100,
10:10:48,62.56,100,
10:10:52,62.56,499,
10:10:52,62.55,200,
10:10:56,62.54,100,
10:10:56,62.55,200,
10:10:56,62.57,100,
10:10:56,62.57,200,
10:10:56,62.56,100,
10:11:02,62.5899,100,
10:11:05,62.56,500,
10:11:05,62.55,100,
10:11:07,62.55,100,
10:11:08,62.54,100,
10:11:08,62.54,100,
10:11:08,62.55,100,
10:11:12,62.54,200,
10:11:13,62.56,200,
10:11:13,62.56,100,
10:11:27,62.55,100,
10:11:27,62.56,100,
10:11:28,62.58,100,
10:11:28,62.58,200,
10:11:29,62.5879,250,
10:11:30,62.59,100,
10:11:35,62.58,100,
10:11:42,62.54,100,
10:11:42,62.54,100,
10:11:42,62.54,100,
10:11:42,62.54,400,
10:11:42,62.55,200,
10:11:42,62.55,100,
10:11:42,62.54,100,
10:11:42,62.56,100,
10:11:42,62.54,100,
10:11:43,62.58,100,
10:11:44,62.56,100,
10:11:44,62.57,100,
10:11:44,62.56,100,
10:11:44,62.56,100,
10:11:44,62.56,140,
10:11:44,62.56,100,
10:11:45,62.55,100,
10:11:45,62.56,100,
10:11:45,62.58,800,
10:11:45,62.57,100,
10:11:45,62.58,100,
10:11:46,62.58,100,
10:11:46,62.58,200,
10:11:46,62.58,100,
10:11:47,62.566,100,
10:11:50,62.59,150,
10:11:53,62.61,200,
10:11:54,62.61,300,
10:11:57,62.61,146,
10:12:03,62.61,448,
10:12:12,62.59,200,
10:12:13,62.59,100,
10:12:13,62.59,100,
10:12:13,62.60,100,
10:12:13,62.59,100,
10:12:14,62.60,157,
10:12:16,62.57,200,
10:12:17,62.54,100,
10:12:18,62.54,200,
10:12:18,62.52,119,
10:12:21,62.52,100,
10:12:30,62.51,100,
10:12:32,62.46,500,
10:12:32,62.46,100,
10:12:32,62.46,100,
10:12:33,62.45,100,
10:12:33,62.45,100,
10:12:33,62.45,100,
10:12:34,62.44,400,
10:12:37,62.45,155,
10:12:37,62.45,100,
10:12:37,62.46,200,
10:12:37,62.46,200,
10:12:48,62.4526,700,
10:12:49,62.45,100,
10:12:49,62.45,100,
10:12:51,62.4429,500,
10:13:03,62.44,100,
10:13:03,62.44,100,
10:13:03,62.44,100,
10:13:03,62.44,106,
10:13:03,62.44,100,
10:13:04,62.42,100,
10:13:04,62.42,100,
10:13:05,62.40,200,
10:13:05,62.41,100,
10:13:05,62.40,100,
10:13:06,62.38,100,
10:13:06,62.38,100,
10:13:06,62.38,100,
10:13:07,62.40,100,
10:13:07,62.40,100,
10:13:07,62.40,3000,
10:13:16,62.39,100,
10:13:17,62.3979,1000,
10:13:20,62.43,145,
10:13:23,62.45,473,
10:13:33,62.439,200,
10:13:33,62.439,200,
10:13:39,62.43,200,
10:13:39,62.43,200,
10:13:42,62.4063,100,
10:13:43,62.41,100,
10:13:47,62.38,500,
10:13:48,62.3586,600,
10:13:49,62.33,100,
10:13:49,62.33,200,
10:13:49,62.33,100,
10:13:49,62.33,100,
10:13:49,62.33,349,
10:13:49,62.33,548,
10:13:49,62.33,100,
10:13:49,62.32,1000,
10:13:49,62.30,610,
10:13:49,62.34,147,
10:13:49,62.34,100,
10:13:50,62.37,200,
10:13:51,62.38,100,
10:13:53,62.41,100,
10:13:53,62.40,197,
10:13:54,62.39,100,
10:13:54,62.39,200,
10:13:54,62.39,100,
10:13:54,62.39,100,
10:13:54,62.40,200,
10:13:54,62.39,100,
10:13:54,62.39,700,
10:13:54,62.39,100,
10:13:54,62.38,100,
10:13:54,62.39,100,
10:13:54,62.39,100,
10:13:54,62.39,300,
10:13:56,62.39,100,
10:13:56,62.39,100,
10:13:57,62.37,100,
10:13:57,62.38,200,
10:13:57,62.39,200,
10:13:58,62.39,100,
10:13:58,62.39,200,
10:14:02,62.37,200,
10:14:03,62.36,200,
10:14:03,62.36,100,
10:14:07,62.35,100,
10:14:07,62.35,100,
10:14:07,62.34,100,
10:14:09,62.35,100,
10:14:24,62.3479,1000,
10:14:27,62.38,199,
10:14:27,62.40,100,
10:14:27,62.40,100,
10:14:27,62.38,100,
10:14:33,62.41,200,
10:14:33,62.41,100,
10:14:35,62.39,200,
10:14:35,62.39,100,
10:14:35,62.39,100,
10:14:43,62.3728,1000,
10:14:56,62.39,100,
10:15:00,62.3686,500,
10:15:11,62.3699,1300,
10:15:15,62.38,100,
10:15:21,62.39,100,
10:15:21,62.39,100,
10:15:21,62.39,100,
10:15:21,62.40,200,
10:15:22,62.40,100,
10:15:22,62.40,100,
10:15:24,62.3717,400,
10:15:24,62.39,100,
10:15:25,62.40,100,
10:15:25,62.40,100,
10:15:36,62.42,100,
10:15:40,62.4001,100,
10:15:54,62.3801,400,
10:15:58,62.37,300,
10:15:58,62.3992,150,
10:16:16,62.42,100,
10:16:16,62.43,100,
10:16:20,62.39,200,
10:16:23,62.3991,450,
10:16:41,62.39,100,
10:16:41,62.39,200,
10:16:43,62.38,100,
10:16:56,62.41,200,
10:16:56,62.40,100,
10:16:56,62.40,100,
10:16:57,62.39,100,
10:16:59,62.40,600,
10:16:59,62.40,300,
10:17:08,62.43,100,
10:17:43,62.4482,300,
10:17:45,62.4587,200,
10:18:01,62.4498,100,
10:18:01,62.45,300,
10:18:02,62.44,100,
10:18:13,62.46,200,
10:18:13,62.46,100,
10:18:13,62.46,500,
10:18:13,62.48,100,
10:18:13,62.46,100,
10:18:13,62.46,100,
10:18:13,62.46,100,
10:18:15,62.49,100,
10:18:15,62.48,100,
10:18:22,62.5099,140,
10:18:22,62.5099,200,
10:18:22,62.50,204,
10:18:22,62.50,100,
10:18:28,62.5001,500,
10:18:31,62.5199,300,
10:18:31,62.5199,300,
10:18:34,62.5279,300,
10:18:36,62.5302,100,
10:18:36,62.53,200,
10:18:38,62.4926,1000,
10:18:52,62.50,100,
10:18:54,62.5098,200,
10:18:58,62.52,100,
10:19:09,62.48,100,
10:19:09,62.48,100,
10:19:09,62.48,200,
10:19:09,62.49,100,
10:19:13,62.4599,500,
10:19:30,62.4374,500,
10:19:35,62.41,100,
10:19:35,62.40,200,
10:19:37,62.43,200,
10:19:37,62.44,100,
10:19:38,62.45,500,
10:19:44,62.43,100,
10:19:48,62.4298,300,
10:19:49,62.40,176,
10:19:51,62.4299,100,
10:20:02,62.44,200,
10:20:25,62.39,100,
10:20:35,62.46,200,
10:20:36,62.48,223,
10:20:47,62.44,200,
10:20:48,62.48,149,
10:20:55,62.49,800,
10:21:02,62.4686,700,
10:21:08,62.43,200,
10:21:12,62.43,200,
10:21:12,62.43,100,
10:21:30,62.40,100,
10:21:39,62.3899,100,
10:21:54,62.39,138,
10:21:54,62.39,100,
10:21:59,62.41,500,
10:21:59,62.41,100,
10:21:59,62.41,100,
10:21:59,62.41,100,
10:21:59,62.41,100,
10:21:59,62.41,100,
10:22:03,62.41,100,
10:22:18,62.4383,100,
10:22:18,62.45,200,
10:22:26,62.43,100,
10:22:31,62.45,241,
10:22:31,62.45,100,
10:22:31,62.44,300,
10:22:32,62.46,200,
10:22:32,62.46,100,
10:22:39,62.50,200,
10:22:39,62.49,100,
10:22:54,62.4941,500,
10:23:13,62.52,200,
10:23:16,62.51,100,
10:23:16,62.51,100,
10:23:16,62.50,100,
10:23:24,62.50,100,
10:23:39,62.55,348,
10:23:39,62.55,100,
10:23:41,62.57,100,
10:23:41,62.57,194,
10:23:41,62.57,100,
10:23:41,62.57,100,
10:23:41,62.56,100,
10:23:45,62.575,100,
10:23:45,62.575,100,
10:23:45,62.57,100,
10:23:45,62.57,100,
10:23:45,62.57,100,
10:23:45,62.575,100,
10:23:45,62.57,100,
10:23:45,62.57,100,
10:23:45,62.57,100,
10:23:45,62.57,100,
10:23:45,62.57,100,
10:23:45,62.575,100,
10:23:45,62.56,100,
10:23:45,62.57,300,
10:23:45,62.57,100,
10:23:46,62.54,300,
10:23:46,62.55,100,
10:23:47,62.57,100,
10:23:47,62.55,200,
10:23:47,62.55,100,
10:23:50,62.56,100,
10:23:50,62.551,100,
10:23:50,62.5536,100,
10:23:51,62.58,100,
10:23:56,62.57,100,
10:24:00,62.58,100,
10:24:00,62.58,100,
10:24:03,62.55,131,
10:24:03,62.55,100,
10:24:03,62.55,100,
10:24:03,62.55,100,
10:24:03,62.55,100,
10:24:03,62.55,100,
10:24:04,62.55,100,
10:24:04,62.55,100,
10:24:05,62.53,728,
10:24:07,62.51,200,
10:24:07,62.51,100,
10:24:07,62.51,100,
10:24:07,62.51,100,
10:24:07,62.52,100,
10:24:08,62.51,100,
10:24:08,62.51,100,
10:24:08,62.52,100,
10:24:08,62.53,111,
10:24:08,62.56,400,
10:24:10,62.58,200,
10:24:10,62.60,184,
10:24:11,62.61,216,
10:24:12,62.65,400,
10:24:14,62.6485,430,
10:24:14,62.659,600,
10:24:14,62.659,600,
10:24:16,62.66,500,
10:24:17,62.66,200,
10:24:21,62.66,100,
10:24:22,62.6618,100,
10:24:26,62.6499,150,
10:24:26,62.6328,100,
10:24:27,62.66,200,
10:24:29,62.68,200,
10:24:30,62.68,112,
10:24:33,62.66,200,
10:24:33,62.63,100,
10:24:33,62.63,100,
10:24:33,62.63,100,
10:24:33,62.63,445,
10:24:34,62.67,5000,
10:24:34,62.611,100,
10:24:37,62.612,1500,
10:24:38,62.57,100,
10:24:39,62.57,150,
10:24:40,62.59,200,
10:24:43,62.59,200,
10:24:43,62.59,300,
10:24:43,62.60,100,
10:24:43,62.60,100,
10:24:43,62.59,100,
10:24:43,62.59,300,
10:24:45,62.61,100,
10:24:47,62.61,200,
10:24:47,62.61,200,
10:24:47,62.61,100,
10:24:47,62.61,400,
10:24:47,62.61,100,
10:24:48,62.61,278,
10:24:48,62.61,100,
10:24:48,62.61,100,
10:24:48,62.61,100,
10:24:48,62.61,100,
10:24:50,62.64,300,
10:24:53,62.62,100,
10:24:53,62.6101,700,
10:25:02,62.621,100,
10:25:03,62.64,100,
10:25:04,62.64,100,
10:25:05,62.65,100,
10:25:05,62.6499,100,
10:25:05,62.65,100,
10:25:06,62.63,100,
10:25:13,62.66,100,
10:25:13,62.66,100,
10:25:13,62.66,200,
10:25:13,62.66,100,
10:25:13,62.66,100,
10:25:13,62.66,100,
10:25:13,62.68,100,
10:25:14,62.661,300,
10:25:16,62.66,3800,
10:25:22,62.67,100,
10:25:22,62.67,100,
10:25:22,62.65,100,
10:25:22,62.65,500,
10:25:22,62.63,200,
10:25:22,62.64,100,
10:25:22,62.64,100,
10:25:22,62.62,100,
10:25:22,62.62,100,
10:25:22,62.61,100,
10:25:22,62.64,100,
10:25:22,62.64,100,
10:25:22,62.64,100,
10:25:22,62.60,100,
10:25:22,62.60,100,
10:25:24,62.61,200,
10:25:24,62.61,299,
10:25:24,62.61,199,
10:25:25,62.59,500,
10:25:26,62.62,100,
10:25:26,62.62,100,
10:25:26,62.62,100,
10:25:27,62.62,1099,
10:25:29,62.63,100,
10:25:29,62.63,100,
10:25:29,62.62,100,
10:25:29,62.64,300,
10:25:37,62.58,100,
10:25:41,62.56,100,
10:25:48,62.56,100,
10:25:48,62.56,100,
10:25:51,62.56,104,
10:25:52,62.57,200,
10:26:02,62.61,400,
10:26:02,62.5949,100,
10:26:10,62.61,100,
10:26:10,62.61,100,
10:26:10,62.60,100,
10:26:18,62.58,100,
10:26:21,62.51,100,
10:26:21,62.52,100,
10:26:21,62.52,100,
10:26:21,62.52,100,
10:26:22,62.53,100,
10:26:22,62.53,100,
10:26:22,62.53,100,
10:26:38,62.54,200,
10:26:47,62.50,100,
10:27:07,62.55,100,
10:27:20,62.544,2400,
10:27:29,62.56,200,
10:27:29,62.56,200,
10:27:29,62.56,500,
10:27:29,62.60,100,
10:27:29,62.59,300,
10:27:29,62.58,300,
10:27:29,62.56,100,
10:27:29,62.56,100,
10:27:29,62.56,100,
10:27:29,62.56,200,
10:27:29,62.58,198,
10:27:29,62.58,100,
10:27:29,62.58,100,
10:27:29,62.57,100,
10:27:29,62.59,300,
10:27:29,62.58,100,
10:27:29,62.58,100,
10:27:29,62.59,100,
10:27:29,62.59,100,
10:27:29,62.59,100,
10:27:29,62.60,200,
10:27:29,62.60,100,
10:27:29,62.61,198,
10:27:29,62.61,100,
10:27:29,62.61,100,
10:27:29,62.63,100,
10:27:29,62.59,100,
10:27:29,62.64,100,
10:27:29,62.64,100,
10:27:29,62.65,100,
10:27:29,62.67,300,
10:27:29,62.66,300,
10:27:29,62.61,100,
10:27:29,62.56,200,
10:27:29,62.56,200,
10:27:29,62.57,100,
10:27:29,62.65,100,
10:27:29,62.65,201,
10:27:29,62.65,144,
10:27:30,62.64,100,
10:27:30,62.63,1000,
10:27:30,62.60,100,
10:27:30,62.60,100,
10:27:30,62.59,100,
10:27:30,62.60,100,
10:27:30,62.60,100,
10:27:30,62.60,100,
10:27:30,62.60,100,
10:27:30,62.57,100,
10:27:30,62.63,100,
10:27:31,62.62,200,
10:27:31,62.62,100,
10:27:31,62.61,200,
10:27:31,62.61,100,
10:27:31,62.60,100,
10:27:33,62.6087,2500,
10:27:35,62.62,300,
10:27:35,62.62,156,
10:27:39,62.649,100,
10:27:41,62.638,3800,
10:27:47,62.61,100,
10:27:47,62.62,100,
10:27:47,62.62,100,
10:27:47,62.6199,500,
10:27:47,62.63,700,
10:27:47,62.62,100,
10:27:47,62.62,100,
10:27:47,62.62,100,
10:27:49,62.617,100,
10:27:52,62.63,300,
10:27:54,62.64,100,
10:27:59,62.652,2500,
10:28:18,62.60,100,
10:28:18,62.60,100,
10:28:32,62.56,100,
10:28:43,62.58,100,
10:28:47,62.59,300,
10:28:47,62.59,200,
10:28:47,62.59,200,
10:28:47,62.59,100,
10:28:50,62.59,100,
10:28:52,62.55,100,
10:29:06,62.57,100,
10:29:06,62.59,100,
10:29:06,62.58,200,
10:29:07,62.56,1000,
10:29:21,62.58,100,
10:29:25,62.58,100,
10:29:26,62.57,100,
10:29:26,62.57,100,
10:29:26,62.57,100,
10:29:26,62.56,100,
10:29:26,62.58,100,
10:29:26,62.58,100,
10:29:26,62.58,100,
10:29:26,62.58,100,
10:29:26,62.58,100,
10:29:31,62.61,100,
10:29:31,62.61,200,
10:29:33,62.63,100,
10:29:43,62.589,100,
10:29:43,62.58,178,
10:29:43,62.58,100,
10:29:43,62.55,200,
10:29:43,62.55,100,
10:29:43,62.55,250,
10:29:44,62.5444,100,
10:29:44,62.5599,100,
10:29:44,62.5599,100,
10:29:48,62.54,100,
10:29:48,62.54,100,
10:29:48,62.54,100,
10:29:50,62.53,200,
10:29:50,62.54,100,
10:29:57,62.5282,150,
10:30:06,62.55,100,
10:30:21,62.5579,1580,
10:30:32,62.53,100,
10:30:32,62.53,100,
10:30:33,62.53,100,
10:30:34,62.49,100,
10:30:34,62.48,100,
10:30:35,62.49,200,
10:30:36,62.51,200,
10:30:36,62.51,300,
10:30:43,62.54,100,
10:30:53,62.51,100,
10:30:53,62.51,500,
10:30:53,62.51,100,
10:30:53,62.48,100,
10:30:53,62.49,100,
10:30:54,62.51,100,
10:30:54,62.50,100,
10:30:58,62.50,127,
10:31:06,62.493,700,
10:31:16,62.49,100,
10:31:30,62.49,100,
10:31:34,62.4881,100,
10:31:39,62.45,700,
10:31:39,62.44,100,
10:31:39,62.43,100,
10:31:39,62.46,100,
10:31:39,62.46,100,
10:31:40,62.46,100,
10:31:44,62.48,100,
10:31:46,62.47,200,
10:31:46,62.47,200,
10:31:46,62.46,200,
10:31:46,62.46,100,
10:31:46,62.46,100,
10:31:46,62.44,200,
10:31:46,62.45,100,
10:31:46,62.46,100,
10:31:47,62.47,100,
10:31:49,62.45,100,
10:32:00,62.44,100,
10:32:00,62.42,100,
10:32:02,62.41,200,
10:32:02,62.41,100,
10:32:02,62.41,100,
10:32:02,62.42,100,
10:32:18,62.42,200,
10:32:18,62.42,100,
10:32:24,62.42,100,
10:32:24,62.42,100,
10:32:24,62.43,1000,
10:32:24,62.43,500,
10:32:24,62.43,200,
10:32:24,62.43,100,
10:32:24,62.43,200,
10:32:24,62.42,400,
10:32:24,62.42,400,
10:32:24,62.42,500,
10:32:24,62.42,100,
10:32:24,62.40,500,
10:32:24,62.41,300,
10:32:24,62.41,200,
10:32:24,62.43,100,
10:32:24,62.42,400,
10:32:24,62.42,200,
10:32:24,62.39,100,
10:32:24,62.39,100,
10:32:24,62.42,200,
10:32:24,62.42,200,
10:32:24,62.39,500,
10:32:24,62.42,200,
10:32:24,62.42,200,
10:32:24,62.42,200,
10:32:24,62.38,100,
10:32:24,62.42,100,
10:32:24,62.42,300,
10:32:24,62.42,100,
10:32:24,62.41,100,
10:32:24,62.42,200,
10:32:24,62.39,300,
10:32:24,62.39,200,
10:32:24,62.40,100,
10:32:24,62.40,100,
10:32:25,62.4299,200,
10:32:26,62.411,2000,
10:32:33,62.4298,100,
10:32:33,62.43,100,
10:32:33,62.43,100,
10:32:35,62.42,100,
10:32:35,62.42,200,
10:32:43,62.41,200,
10:32:43,62.40,100,
10:32:44,62.419,800,
10:32:56,62.43,100,
10:32:57,62.44,100,
10:32:57,62.44,300,
10:32:59,62.42,100,
10:32:59,62.42,200,
10:32:59,62.41,300,
10:32:59,62.40,100,
10:32:59,62.42,300,
10:32:59,62.42,200,
10:32:59,62.41,100,
10:32:59,62.39,100,
10:32:59,62.41,100,
10:32:59,62.41,200,
10:33:00,62.39,100,
10:33:00,62.38,200,
10:33:00,62.37,100,
10:33:00,62.36,100,
10:33:00,62.37,100,
10:33:03,62.35,200,
10:33:03,62.34,100,
10:33:03,62.35,100,
10:33:03,62.35,200,
10:33:03,62.35,100,
10:33:03,62.36,200,
10:33:03,62.36,100,
10:33:04,62.35,100,
10:33:04,62.37,100,
10:33:04,62.35,400,
10:33:04,62.35,1055,
10:33:12,62.37,100,
10:33:12,62.37,200,
10:33:12,62.37,100,
10:33:13,62.38,100,
10:33:13,62.38,100,
10:33:13,62.39,100,
10:33:13,62.39,100,
10:33:13,62.39,100,
10:33:19,62.37,200,
10:33:19,62.37,300,
10:33:19,62.37,100,
10:33:19,62.37,100,
10:33:19,62.37,200,
10:33:19,62.37,100,
10:33:21,62.39,100,
10:33:22,62.40,100,
10:33:33,62.43,100,
10:33:33,62.43,100,
10:33:57,62.44,100,
10:33:57,62.44,100,
10:33:57,62.44,100,
10:33:57,62.44,100,
10:33:57,62.44,100,
10:33:58,62.44,100,
10:34:07,62.49,100,
10:34:07,62.51,100,
10:34:07,62.52,100,
10:34:07,62.51,100,
10:34:07,62.50,100,
10:34:07,62.50,200,
10:34:07,62.51,100,
10:34:07,62.51,100,
10:34:08,62.51,100,
10:34:48,62.44,100,
10:34:48,62.45,152,
10:34:48,62.44,200,
10:34:48,62.44,1400,
10:34:48,62.43,100,
10:34:48,62.41,100,
10:34:48,62.43,100,
10:34:48,62.41,100,
10:34:48,62.41,100,
10:34:51,62.39,100,
10:34:51,62.39,100,
10:34:56,62.40,100,
10:34:57,62.39,100,
10:34:59,62.38,100,
10:35:08,62.38,100,
10:35:08,62.38,100,
10:35:10,62.37,200,
10:35:10,62.37,100,
10:35:11,62.36,100,
10:35:11,62.37,200,
10:35:11,62.37,100,
10:35:11,62.37,100,
10:35:20,62.342,200,
10:35:35,62.37,100,
10:35:35,62.37,100,
10:35:36,62.37,100,
10:35:37,62.36,100,
10:35:37,62.36,100,
10:35:38,62.37,100,
10:35:41,62.39,100,
10:35:41,62.40,100,
10:35:47,62.41,100,
10:35:47,62.41,100,
10:35:47,62.41,400,
10:36:02,62.38,200,
10:36:02,62.38,200,
10:36:02,62.38,100,
10:36:02,62.38,100,
10:36:02,62.38,300,
10:36:03,62.35,100,
10:36:03,62.35,100,
10:36:08,62.35,100,
10:36:11,62.33,100,
10:36:11,62.33,100,
10:36:11,62.33,100,
10:36:12,62.33,100,
10:36:14,62.33,100,
10:36:18,62.33,100,
10:36:18,62.32,100,
10:36:24,62.29,100,
10:36:24,62.27,100,
10:36:24,62.27,200,
10:36:24,62.30,100,
10:36:24,62.25,110,
10:36:25,62.25,100,
10:36:25,62.26,100,
10:36:25,62.24,100,
10:36:26,62.25,100,
10:36:26,62.30,100,
10:36:29,62.25,100,
10:36:30,62.2486,500,
10:36:32,62.25,100,
10:36:32,62.25,100,
10:36:33,62.24,100,
10:36:33,62.24,100,
10:36:33,62.24,100,
10:36:34,62.25,100,
10:36:34,62.26,200,
10:36:35,62.26,100,
10:36:36,62.27,100,
10:36:38,62.24,100,
10:36:40,62.23,200,
10:36:40,62.23,100,
10:36:40,62.23,100,
10:36:41,62.22,100,
10:36:45,62.21,180,
10:36:47,62.219,100,
10:36:48,62.20,100,
10:36:48,62.20,100,
10:36:48,62.20,100,
10:36:49,62.20,100,
10:36:49,62.19,100,
10:36:49,62.20,700,
10:36:49,62.20,200,
10:36:49,62.20,100,
10:36:49,62.18,100,
10:36:49,62.18,100,
10:36:49,62.20,100,
10:36:49,62.20,100,
10:36:52,62.21,100,
10:36:54,62.27,100,
10:37:02,62.274,200,
10:37:11,62.25,700,
10:37:11,62.25,200,
10:37:11,62.22,496,
10:37:11,62.23,200,
10:37:11,62.23,100,
10:37:11,62.25,300,
10:37:11,62.23,100,
10:37:11,62.25,100,
10:37:11,62.21,100,
10:37:11,62.21,100,
10:37:11,62.21,100,
10:37:11,62.24,200,
10:37:11,62.20,100,
10:37:11,62.24,300,
10:37:11,62.20,100,
10:37:11,62.25,100,
10:37:11,62.22,200,
10:37:16,62.24,200,
10:37:23,62.24,100,
10:37:23,62.24,100,
10:37:23,62.24,100,
10:37:26,62.26,170,
10:37:26,62.26,100,
10:37:36,62.2499,300,
10:37:38,62.2499,300,
10:37:41,62.27,200,
10:37:41,62.28,100,
10:37:41,62.26,100,
10:37:48,62.296,600,
10:37:51,62.2883,1000,
10:37:52,62.29,100,
10:37:52,62.29,200,
10:37:52,62.29,100,
10:37:52,62.29,100,
10:37:52,62.2899,1531,
10:37:52,62.28,100,
10:37:53,62.28,100,
10:37:58,62.24,100,
10:37:59,62.24,100,
10:38:04,62.23,100,
10:38:04,62.23,100,
10:38:04,62.23,100,
10:38:15,62.23,115,
10:38:15,62.23,100,
10:38:17,62.24,100,
10:38:18,62.25,100,
10:38:18,62.25,100,
10:38:18,62.25,100,
10:38:18,62.24,100,
10:38:19,62.24,200,
10:38:22,62.24,100,
10:38:23,62.25,100,
10:38:23,62.25,100,
10:38:24,62.25,100,
10:38:33,62.25,100,
10:38:34,62.24,600,
10:38:42,62.23,200,
10:38:52,62.24,100,
10:38:53,62.26,100,
10:38:53,62.26,100,
10:38:54,62.2701,1200,
10:38:54,62.28,100,
10:39:06,62.31,1400,
10:39:06,62.30,200,
10:39:07,62.30,100,
10:39:07,62.30,100,
10:39:14,62.3199,200,
10:39:14,62.3183,1000,
10:39:14,62.32,100,
10:39:14,62.32,200,
10:39:14,62.32,100,
10:39:16,62.29,200,
10:39:17,62.31,100,
10:39:17,62.31,100,
10:39:32,62.34,100,
10:39:32,62.34,100,
10:39:33,62.324,1000,
10:39:34,62.35,100,
10:39:38,62.35,100,
10:39:38,62.35,100,
10:39:40,62.34,100,
10:39:40,62.32,100,
10:39:40,62.33,300,
10:39:41,62.32,100,
10:39:48,62.30,100,
10:40:04,62.32,100,
10:40:06,62.28,100,
10:40:06,62.28,200,
10:40:07,62.28,100,
10:40:16,62.231,100,
10:40:21,62.24,100,
10:40:21,62.24,100,
10:40:21,62.24,896,
10:40:21,62.23,100,
10:40:21,62.22,100,
10:40:21,62.22,100,
10:40:21,62.24,100,
10:40:21,62.21,197,
10:40:21,62.24,100,
10:40:21,62.24,100,
10:40:21,62.20,100,
10:40:21,62.24,100,
10:40:21,62.20,111,
10:40:21,62.24,100,
10:40:21,62.24,100,
10:40:21,62.24,200,
10:40:21,62.24,100,
10:40:21,62.20,100,
10:40:21,62.21,196,
10:40:21,62.22,100,
10:40:22,62.21,100,
10:40:23,62.24,100,
10:40:24,62.20,100,
10:40:24,62.24,100,
10:40:24,62.23,200,
10:40:25,62.19,200,
10:40:25,62.1821,1000,
10:40:25,62.18,100,
10:40:26,62.18,100,
10:40:27,62.19,100,
10:40:27,62.18,100,
10:40:29,62.18,435,
10:40:31,62.12,100,
10:40:31,62.15,100,
10:40:31,62.14,200,
10:40:31,62.13,100,
10:40:31,62.12,100,
10:40:31,62.12,100,
10:40:31,62.13,200,
10:40:31,62.12,100,
10:40:31,62.11,100,
10:40:31,62.12,200,
10:40:31,62.12,100,
10:40:31,62.12,100,
10:40:31,62.18,300,
10:40:31,62.18,300,
10:40:31,62.18,900,
10:40:31,62.13,2000,
10:40:31,62.11,200,
10:40:31,62.12,100,
10:40:31,62.1117,100,
10:40:31,62.1113,1100,
10:40:32,62.11,100,
10:40:32,62.11,100,
10:40:32,62.10,100,
10:40:32,62.11,200,
10:40:32,62.11,100,
10:40:32,62.10,200,
10:40:32,62.10,200,
10:40:33,62.12,100,
10:40:33,62.11,100,
10:40:34,62.13,100,
10:40:35,62.12,100,
10:40:35,62.12,172,
10:40:35,62.12,100,
10:40:35,62.12,100,
10:40:35,62.13,200,
10:40:35,62.13,100,
10:40:35,62.13,100,
10:40:35,62.13,100,
10:40:36,62.135,200,
10:40:40,62.16,1300,
10:41:00,62.25,200,
10:41:01,62.2474,2900,
10:41:02,62.23,200,
10:41:02,62.23,100,
10:41:02,62.23,100,
10:41:02,62.23,100,
10:41:10,62.23,100,
10:41:12,62.25,200,
10:41:16,62.23,100,
10:41:17,62.22,100,
10:41:17,62.22,100,
10:41:17,62.22,300,
10:41:18,62.21,100,
10:41:18,62.21,100,
10:41:19,62.21,200,
10:41:19,62.21,100,
10:41:22,62.18,100,
10:41:22,62.19,100,
10:41:26,62.20,100,
10:41:26,62.20,100,
10:41:39,62.23,300,
10:41:39,62.23,300,
10:41:39,62.23,200,
10:41:39,62.23,100,
10:41:39,62.23,100,
10:41:41,62.2217,300,
10:41:47,62.22,100,
10:41:50,62.22,100,
10:41:53,62.23,100,
10:41:53,62.23,100,
10:41:53,62.24,100,
10:41:55,62.25,100,
10:41:57,62.26,100,
10:41:57,62.25,200,
10:41:57,62.25,200,
10:41:57,62.28,100,
10:41:57,62.27,100,
10:41:57,62.28,100,
10:41:57,62.27,100,
10:41:57,62.28,100,
10:41:57,62.27,100,
10:41:58,62.29,100,
10:41:58,62.27,200,
10:41:59,62.27,100,
10:41:59,62.27,100,
10:41:59,62.2683,500,
10:42:04,62.25,100,
10:42:07,62.28,100,
10:42:07,62.27,100,
10:42:07,62.27,200,
10:42:09,62.2621,300,
10:42:11,62.26,100,
10:42:11,62.27,100,
10:42:11,62.27,100,
10:42:11,62.27,100,
10:42:15,62.24,100,
10:42:15,62.2399,200,
10:42:15,62.24,100,
10:42:15,62.24,100,
10:42:20,62.26,100,
10:42:31,62.25,100,
10:42:36,62.26,100,
10:42:36,62.26,100,
10:42:36,62.258,250,
10:42:44,62.2401,300,
10:42:46,62.21,100,
10:42:46,62.21,100,
10:42:46,62.21,100,
10:42:46,62.21,100,
10:42:47,62.21,100,
10:42:58,62.21,199,
10:43:17,62.1999,100,
10:43:17,62.20,100,
10:43:28,62.2102,100,
10:43:28,62.21,200,
10:43:29,62.20,300,
10:43:35,62.20,100,
10:43:35,62.20,100,
10:43:35,62.20,100,
10:43:35,62.20,100,
10:43:37,62.19,100,
10:43:48,62.216,100,
10:43:58,62.2201,200,
10:44:15,62.24,100,
10:44:20,62.22,100,
10:44:23,62.21,100,
10:44:23,62.21,100,
10:44:26,62.2279,1000,
10:44:33,62.2174,900,
10:44:34,62.23,100,
10:44:34,62.2298,1000,
10:44:56,62.23,100,
10:44:57,62.2199,150,
10:44:57,62.22,150,
10:45:03,62.22,100,
10:45:17,62.22,200,
10:45:27,62.24,200,
10:45:27,62.24,100,
10:45:28,62.24,100,
10:45:28,62.24,100,
10:45:33,62.2498,100,
10:45:38,62.25,100,
10:45:44,62.2499,100,
10:45:44,62.25,100,
10:45:45,62.2479,400,
10:46:00,62.1899,250,
10:46:04,62.18,100,
10:46:09,62.1599,100,
10:46:09,62.19,100,
10:46:09,62.18,100,
10:46:09,62.19,100,
10:46:09,62.19,100,
10:46:09,62.19,100,
10:46:09,62.19,100,
10:46:09,62.19,200,
10:46:09,62.18,100,
10:46:09,62.18,200,
10:46:13,62.17,100,
10:46:27,62.16,200,
10:46:27,62.16,200,
10:46:30,62.1699,600,
10:46:33,62.1999,300,
10:46:50,62.1999,100,
10:46:50,62.20,100,
10:46:53,62.23,100,
10:46:54,62.25,100,
10:46:58,62.26,100,
10:46:58,62.27,200,
10:46:58,62.27,100,
10:46:58,62.27,100,
10:46:59,62.27,400,
10:47:04,62.28,100,
10:47:14,62.25,1000,
10:47:15,62.24,100,
10:47:15,62.24,100,
10:47:21,62.27,200,
10:47:24,62.25,100,
10:47:24,62.25,200,
10:47:24,62.25,100,
10:47:24,62.25,100,
10:47:24,62.25,100,
10:47:25,62.25,100,
10:47:28,62.2599,1600,
10:47:28,62.26,1100,
10:47:28,62.26,200,
10:47:28,62.26,300,
10:47:28,62.26,200,
10:47:28,62.26,300,
10:47:36,62.29,100,
10:47:36,62.28,200,
10:47:36,62.28,100,
10:47:36,62.28,100,
10:47:36,62.28,100,
10:47:37,62.2899,100,
10:47:41,62.2792,1200,
10:47:43,62.2599,500,
10:47:43,62.26,200,
10:48:09,62.26,100,
10:48:18,62.28,100,
10:48:18,62.28,200,
10:48:18,62.28,100,
10:48:20,62.23,100,
10:48:20,62.22,200,
10:48:21,62.21,100,
10:48:21,62.21,100,
10:48:28,62.2282,1000,
10:48:31,62.20,400,
10:48:31,62.20,2849,
10:48:33,62.1926,1000,
10:48:47,62.21,100,
10:48:47,62.22,200,
10:48:47,62.22,100,
10:48:47,62.22,100,
10:48:47,62.21,100,
10:48:47,62.21,100,
10:48:47,62.21,100,
10:48:48,62.21,100,
10:48:48,62.21,700,
10:48:52,62.22,100,
10:49:03,62.19,100,
10:49:03,62.18,100,
10:49:06,62.15,100,
10:49:08,62.16,200,
10:49:16,62.18,100,
10:49:20,62.20,100,
10:49:26,62.23,100,
10:49:43,62.2499,100,
10:49:43,62.2499,100,
10:49:52,62.241,700,
10:49:52,62.25,100,
10:49:52,62.25,1464,
10:49:52,62.26,100,
10:49:52,62.26,100,
10:49:52,62.28,100,
10:49:52,62.28,100,
10:49:52,62.29,100,
10:49:53,62.29,100,
10:49:53,62.27,100,
10:49:53,62.28,100,
10:49:57,62.2575,100,
10:49:59,62.24,100,
10:49:59,62.22,100,
10:49:59,62.21,100,
10:50:00,62.20,100,
10:50:00,62.19,100,
10:50:02,62.21,100,
10:50:02,62.21,100,
10:50:08,62.2292,200,
10:50:14,62.2218,100,
10:50:14,62.2299,100,
10:50:14,62.23,100,
10:50:14,62.23,200,
10:50:14,62.23,100,
10:50:14,62.24,100,
10:50:14,62.24,100,
10:50:14,62.24,100,
10:50:23,62.21,200,
10:50:23,62.20,200,
10:50:23,62.19,100,
10:50:25,62.19,100,
10:50:25,62.20,200,
10:50:25,62.20,200,
10:50:25,62.20,200,
10:50:31,62.19,100,
10:50:36,62.21,100,
10:50:36,62.21,100,
10:50:36,62.22,100,
10:50:36,62.23,100,
10:50:36,62.22,200,
10:50:36,62.22,100,
10:50:40,62.218,500,
10:50:41,62.20,100,
10:50:55,62.15,100,
10:51:10,62.13,100,
10:51:10,62.11,500,
10:51:25,62.12,100,
10:51:27,62.1299,542,
10:51:48,62.17,100,
10:51:56,62.15,100,
10:51:56,62.15,100,
10:51:56,62.15,100,
10:51:56,62.15,100,
10:51:56,62.15,100,
10:51:57,62.15,100,
10:51:57,62.15,100,
10:52:03,62.12,100,
10:52:04,62.11,100,
10:52:05,62.1401,115,
10:52:05,62.14,100,
10:52:41,62.20,200,
10:52:41,62.20,100,
10:52:41,62.20,100,
10:52:41,62.20,200,
10:52:41,62.20,200,
10:52:48,62.20,100,
10:52:56,62.21,100,
10:52:56,62.21,400,
10:52:56,62.21,100,
10:52:56,62.21,100,
10:52:57,62.21,100,
10:53:08,62.23,100,
10:53:08,62.22,100,
10:53:09,62.2365,300,
10:53:16,62.2479,400,
10:53:20,62.23,100,
10:53:20,62.23,100,
10:53:20,62.23,200,
10:53:20,62.23,100,
10:53:20,62.23,100,
10:53:20,62.23,100,
10:53:20,62.23,100,
10:53:20,62.23,100,
10:53:20,62.23,100,
10:53:20,62.23,100,
10:53:20,62.23,100,
10:53:20,62.23,100,
10:53:20,62.23,100,
10:53:22,62.24,500,
10:53:25,62.2387,3000,
10:53:35,62.27,500,
10:53:42,62.27,100,
10:53:46,62.26,100,
10:53:46,62.26,100,
10:53:46,62.26,200,
10:53:46,62.25,100,
10:53:50,62.26,100,
10:53:50,62.26,200,
10:53:50,62.26,100,
10:53:50,62.265,100,
10:53:50,62.265,100,
10:53:50,62.261,100,
10:53:50,62.265,100,
10:53:50,62.265,200,
10:53:50,62.26,100,
10:53:50,62.26,100,
10:53:50,62.26,100,
10:53:50,62.265,100,
10:53:50,62.265,100,
10:53:50,62.265,100,
10:53:50,62.265,100,
10:53:50,62.2625,100,
10:53:50,62.26,2044,
10:53:50,62.26,100,
10:53:50,62.27,100,
10:53:50,62.26,100,
10:53:50,62.2699,200,
10:53:50,62.2699,100,
10:53:50,62.27,100,
10:53:50,62.265,100,
10:53:51,62.265,100,
10:53:52,62.265,100,
10:53:54,62.26,100,
10:53:54,62.25,100,
10:54:10,62.252,1000,
10:54:12,62.28,100,
10:54:12,62.28,100,
10:54:12,62.28,100,
10:54:12,62.2722,156,
10:54:36,62.28,100,
10:54:36,62.28,100,
10:54:36,62.30,100,
10:54:36,62.31,100,
10:54:36,62.31,100,
10:54:36,62.30,100,
10:54:37,62.30,100,
10:54:37,62.30,100,
10:54:37,62.31,100,
10:54:37,62.32,100,
10:54:37,62.32,100,
10:54:37,62.32,200,
10:54:38,62.32,200,
10:54:40,62.34,100,
10:54:40,62.36,300,
10:54:40,62.36,100,
10:54:40,62.35,200,
10:54:52,62.31,100,
10:54:54,62.3074,3205,
10:54:55,62.291,1000,
10:54:55,62.307,100,
10:55:02,62.28,198,
10:55:02,62.29,100,
10:55:10,62.2999,200,
10:55:10,62.2908,500,
10:55:11,62.31,100,
10:55:22,62.31,200,
10:55:36,62.30,100,
10:55:39,62.30,100,
10:55:41,62.32,100,
10:55:41,62.34,100,
10:55:42,62.34,100,
10:55:45,62.35,100,
10:55:45,62.3608,400,
10:55:46,62.374,300,
10:55:50,62.40,100,
10:55:50,62.41,100,
10:55:50,62.40,100,
10:55:50,62.40,100,
10:55:50,62.41,100,
10:55:53,62.39,100,
10:55:54,62.35,100,
10:55:56,62.34,100,
10:55:57,62.34,100,
10:56:04,62.37,100,
10:56:05,62.35,100,
10:56:07,62.36,100,
10:56:07,62.3583,1000,
10:56:07,62.36,100,
10:56:07,62.36,100,
10:56:07,62.36,100,
10:56:08,62.3599,100,
10:56:08,62.36,100,
10:56:08,62.3599,100,
10:56:08,62.36,300,
10:56:08,62.36,100,
10:56:08,62.36,100,
10:56:10,62.35,100,
10:56:20,62.38,100,
10:56:20,62.38,100,
10:56:20,62.3899,200,
10:56:20,62.39,200,
10:56:20,62.39,300,
10:56:22,62.3687,600,
10:56:28,62.37,100,
10:56:28,62.37,100,
10:56:28,62.37,100,
10:56:28,62.37,100,
10:56:28,62.37,100,
10:56:32,62.3799,110,
10:56:32,62.38,100,
10:56:32,62.38,100,
10:56:35,62.3713,3405,
10:56:36,62.37,100,
10:56:37,62.372,100,
10:56:38,62.3584,100,
10:56:43,62.35,100,
10:56:51,62.36,100,
10:56:51,62.37,100,
10:56:51,62.39,100,
10:56:51,62.39,100,
10:56:51,62.39,100,
10:56:51,62.40,100,
10:56:51,62.40,100,
10:56:51,62.40,300,
10:56:51,62.40,100,
10:56:51,62.39,100,
10:56:52,62.38,500,
10:56:52,62.40,100,
10:56:52,62.41,100,
10:56:52,62.41,100,
10:56:52,62.42,200,
10:56:52,62.42,100,
10:57:00,62.45,300,
10:57:01,62.46,100,
10:57:06,62.48,100,
10:57:06,62.48,100,
10:57:06,62.48,100,
10:57:07,62.48,200,
10:57:07,62.4808,1700,
10:57:12,62.49,100,
10:57:12,62.49,200,
10:57:12,62.49,100,
10:57:13,62.4868,350,
10:57:15,62.47,100,
10:57:15,62.45,115,
10:57:25,62.4698,1000,
10:57:25,62.47,100,
10:57:25,62.47,200,
10:57:25,62.47,100,
10:57:26,62.48,100,
10:57:26,62.48,100,
10:57:33,62.4602,200,
10:57:40,62.49,100,
10:57:47,62.50,100,
10:57:47,62.49,100,
10:57:47,62.46,100,
10:57:47,62.46,100,
10:57:47,62.46,100,
10:57:47,62.47,100,
10:57:47,62.47,100,
10:57:47,62.47,100,
10:57:47,62.47,100,
10:57:47,62.47,100,
10:57:48,62.49,100,
10:57:52,62.47,100,
10:57:54,62.47,100,
10:57:56,62.44,200,
10:57:56,62.42,100,
10:57:56,62.42,100,
10:57:56,62.42,100,
10:57:56,62.41,300,
10:58:05,62.42,100,
10:58:05,62.41,100,
10:58:05,62.41,100,
10:58:05,62.40,100,
10:58:05,62.41,100,
10:58:05,62.42,100,
10:58:05,62.42,100,
10:58:05,62.41,300,
10:58:05,62.41,100,
10:58:05,62.41,100,
10:58:06,62.41,100,
10:58:06,62.41,100,
10:58:07,62.409,100,
10:58:07,62.42,2900,
10:58:08,62.42,201,
10:58:08,62.42,100,
10:58:08,62.42,100,
10:58:08,62.42,100,
10:58:12,62.45,100,
10:58:14,62.44,199,
10:58:18,62.44,100,
10:58:19,62.44,100,
10:58:22,62.46,100,
10:58:22,62.46,100,
10:58:22,62.46,200,
10:58:24,62.46,100,
10:58:27,62.44,100,
10:58:51,62.44,100,
10:58:51,62.44,100,
10:58:51,62.44,100,
10:58:51,62.44,100,
10:58:53,62.44,100,
10:59:18,62.46,100,
10:59:18,62.46,100,
10:59:21,62.49,100,
10:59:43,62.44,100,
10:59:44,62.47,100,
10:59:47,62.46,100,
10:59:47,62.47,100,
10:59:47,62.46,100,
10:59:47,62.47,100,
10:59:47,62.47,100,
10:59:47,62.47,100,
10:59:47,62.47,2100,
10:59:47,62.47,100,
10:59:50,62.44,100,
10:59:50,62.44,100,
10:59:51,62.42,100,
10:59:56,62.3902,1000,
10:59:57,62.35,100,
10:59:57,62.36,100,
10:59:59,62.3417,500,
11:00:05,62.37,100,
11:00:05,62.38,100,
11:00:05,62.37,100,
11:00:05,62.37,100,
11:00:08,62.34,100,
11:00:13,62.38,100,
11:00:13,62.38,100,
11:00:14,62.3515,100,
11:00:15,62.33,200,
11:00:20,62.33,100,
11:00:25,62.3617,425,
11:00:56,62.31,200,
11:00:56,62.30,100,
11:00:56,62.28,100,
11:00:56,62.28,200,
11:00:58,62.31,200,
11:00:58,62.3016,350,
11:01:00,62.30,147,
11:01:02,62.27,100,
11:01:04,62.26,200,
11:01:08,62.23,500,
11:01:08,62.24,100,
11:01:08,62.247,100,
11:01:08,62.2401,100,
11:01:13,62.24,100,
11:01:13,62.24,200,
11:01:26,62.24,100,
11:01:26,62.24,100,
11:01:41,62.28,100,
11:02:02,62.26,100,
11:02:06,62.28,200,
11:02:07,62.27,100,
11:02:08,62.27,100,
11:02:10,62.2599,500,
11:02:19,62.264,600,
11:02:25,62.27,100,
11:02:29,62.30,200,
11:02:36,62.35,198,
11:03:00,62.35,5000,
11:03:11,62.34,100,
11:03:12,62.37,100,
11:03:12,62.36,200,
11:03:12,62.35,200,
11:03:14,62.36,100,
11:03:14,62.36,100,
11:03:15,62.39,100,
11:03:15,62.39,100,
11:03:18,62.40,100,
11:03:36,62.4299,400,
11:03:56,62.4183,1000,
11:04:12,62.39,100,
11:04:13,62.38,100,
11:04:13,62.38,100,
11:04:13,62.39,100,
11:04:22,62.38,100,
11:04:22,62.37,2829,
11:04:22,62.38,100,
11:04:23,62.38,100,
11:04:24,62.38,100,
11:04:24,62.38,100,
11:04:24,62.38,100,
11:04:24,62.39,100,
11:04:24,62.39,112,
11:04:25,62.39,100,
11:04:25,62.37,200,
11:04:25,62.36,100,
11:04:25,62.36,200,
11:05:04,62.42,100,
11:05:04,62.43,157,
11:05:05,62.43,212,
11:05:08,62.409,400,
11:05:09,62.36,100,
11:05:11,62.32,100,
11:05:11,62.32,197,
11:05:11,62.32,100,
11:05:11,62.32,100,
11:05:11,62.31,100,
11:05:11,62.30,200,
11:05:11,62.30,100,
11:05:13,62.30,200,
11:05:13,62.31,200,
11:05:20,62.30,100,
11:05:27,62.27,100,
11:05:27,62.27,100,
11:05:32,62.28,100,
11:05:32,62.28,100,
11:05:34,62.29,100,
11:05:35,62.30,100,
11:05:46,62.27,100,
11:05:55,62.2601,200,
11:06:00,62.29,200,
11:06:16,62.38,100,
11:06:16,62.38,200,
11:06:29,62.37,100,
11:06:29,62.37,100,
11:06:40,62.39,100,
11:06:42,62.40,100,
11:06:42,62.40,150,
11:06:47,62.40,100,
11:06:47,62.40,100,
11:06:47,62.40,100,
11:06:54,62.42,100,
11:06:54,62.42,100,
11:06:56,62.45,100,
11:06:56,62.46,100,
11:06:56,62.47,100,
11:06:56,62.47,100,
11:06:56,62.47,300,
11:06:56,62.47,100,
11:06:56,62.47,100,
11:06:56,62.49,100,
11:06:56,62.49,900,
11:06:56,62.49,200,
11:06:56,62.49,800,
11:06:56,62.49,200,
11:06:56,62.50,100,
11:06:57,62.51,100,
11:06:58,62.52,100,
11:06:59,62.53,199,
11:07:01,62.5218,1500,
11:07:03,62.53,100,
11:07:05,62.52,600,
11:07:05,62.53,100,
11:07:06,62.53,2000,
11:07:06,62.53,900,
11:07:06,62.55,1400,
11:07:07,62.5601,500,
11:07:10,62.55,100,
11:07:10,62.555,100,
11:07:10,62.555,100,
11:07:10,62.555,100,
11:07:10,62.555,100,
11:07:10,62.55,100,
11:07:11,62.55,100,
11:07:11,62.54,161,
11:07:11,62.54,100,
11:07:11,62.54,100,
11:07:11,62.55,100,
11:07:11,62.55,100,
11:07:11,62.55,100,
11:07:12,62.54,100,
11:07:13,62.555,200,
11:07:22,62.5321,100,
11:07:23,62.55,100,
11:07:23,62.55,100,
11:07:23,62.55,100,
11:07:27,62.55,100,
11:07:28,62.55,100,
11:07:28,62.55,100,
11:07:39,62.59,100,
11:07:39,62.59,100,
11:07:40,62.59,100,
11:07:44,62.591,900,
11:07:45,62.59,100,
11:07:56,62.61,346,
11:07:58,62.60,100,
11:07:59,62.5896,100,
11:08:00,62.58,100,
11:08:09,62.58,200,
11:08:12,62.54,100,
11:08:14,62.55,200,
11:08:14,62.55,100,
11:08:29,62.5783,500,
11:08:37,62.60,400,
11:08:39,62.61,100,
11:08:39,62.61,100,
11:08:42,62.60,100,
11:08:43,62.61,100,
11:08:44,62.60,200,
11:08:58,62.5998,1000,
11:09:03,62.60,200,
11:09:07,62.6017,400,
11:09:15,62.6482,420,
11:09:15,62.65,450,
11:09:21,62.6774,3205,
11:09:23,62.676,200,
11:09:23,62.677,100,
11:09:31,62.68,100,
11:09:34,62.6701,200,
11:09:47,62.67,100,
11:09:51,62.65,450,
11:09:52,62.6767,200,
11:10:00,62.66,200,
11:10:00,62.66,200,
11:10:02,62.679,500,
11:10:04,62.679,400,
11:10:04,62.679,400,
11:10:05,62.679,1100,
11:10:05,62.679,100,
11:10:12,62.6999,100,
11:10:18,62.68,100,
11:10:18,62.68,200,
11:10:18,62.68,100,
11:10:18,62.68,100,
11:10:18,62.67,200,
11:10:23,62.64,200,
11:10:29,62.64,100,
11:10:31,62.67,100,
11:10:45,62.65,100,
11:10:45,62.65,100,
11:10:45,62.65,100,
11:10:46,62.65,200,
11:10:46,62.65,100,
11:11:02,62.624,240,
11:11:14,62.63,200,
11:11:47,62.6339,100,
11:11:49,62.60,200,
11:11:49,62.60,100,
11:11:49,62.59,100,
11:11:49,62.59,100,
11:11:49,62.58,100,
11:11:50,62.60,500,
11:11:53,62.58,100,
11:11:53,62.59,100,
11:11:53,62.59,100,
11:11:53,62.58,100,
11:11:53,62.58,100,
11:11:53,62.592,1600,
11:12:11,62.59,200,
11:12:11,62.5999,779,
11:12:12,62.61,100,
11:12:12,62.6099,100,
11:12:12,62.61,200,
11:12:14,62.6099,100,
11:12:14,62.61,100,
11:12:29,62.606,500,
11:12:32,62.62,100,
11:12:32,62.61,200,
11:12:40,62.63,100,
11:12:48,62.62,100,
11:12:48,62.62,100,
11:13:30,62.596,700,
11:13:50,62.63,100,
11:14:02,62.60,100,
11:14:07,62.60,200,
11:14:07,62.61,100,
11:14:07,62.61,200,
11:14:07,62.61,200,
11:14:07,62.61,100,
11:14:07,62.61,100,
11:14:07,62.59,100,
11:14:07,62.60,100,
11:14:07,62.60,100,
11:14:07,62.60,200,
11:14:07,62.61,100,
11:14:09,62.60,200,
11:14:18,62.598,700,
11:14:20,62.57,100,
11:14:21,62.59,100,
11:14:50,62.586,150,
11:14:51,62.60,100,
11:14:54,62.67,100,
11:14:57,62.66,2500,
11:15:00,62.69,400,
11:15:06,62.67,100,
11:15:06,62.67,100,
11:15:10,62.68,100,
11:15:10,62.68,100,
11:15:10,62.6883,500,
11:15:14,62.67,100,
11:15:14,62.66,100,
11:15:29,62.68,300,
11:15:56,62.7201,100,
11:15:56,62.72,200,
11:15:59,62.73,100,
11:16:01,62.7301,600,
11:16:41,62.709,100,
11:16:42,62.708,800,
11:16:49,62.69,100,
11:17:14,62.72,100,
11:17:27,62.661,500,
11:17:29,62.65,200,
11:17:32,62.63,3200,
11:17:44,62.6801,200,
11:17:44,62.68,100,
11:17:44,62.6929,100,
11:18:13,62.6701,100,
11:18:27,62.6879,200,
11:18:34,62.67,500,
11:18:45,62.6873,500,
11:18:48,62.63,100,
11:18:48,62.63,100,
11:18:48,62.63,110,
11:18:48,62.63,100,
11:18:49,62.63,100,
11:18:50,62.64,200,
11:19:08,62.70,100,
11:19:30,62.71,200,
11:19:30,62.71,200,
11:19:30,62.71,100,
11:19:33,62.6908,500,
11:19:41,62.69,100,
11:19:47,62.6883,180,
11:19:55,62.71,100,
11:20:08,62.71,100,
11:20:30,62.698,200,
11:20:32,62.72,100,
11:20:32,62.73,100,
11:20:32,62.73,100,
11:20:38,62.69,149,
11:20:38,62.68,200,
11:20:40,62.69,100,
11:20:40,62.69,200,
11:20:40,62.71,100,
11:20:40,62.69,100,
11:20:40,62.67,100,
11:20:40,62.68,100,
11:20:46,62.68,100,
11:20:52,62.66,200,
11:20:59,62.63,268,
11:21:04,62.64,100,
11:21:20,62.63,200,
11:21:20,62.63,100,
11:21:20,62.63,100,
11:21:22,62.65,100,
11:21:22,62.65,100,
11:21:24,62.67,100,
11:21:24,62.67,100,
11:21:24,62.68,100,
11:21:30,62.66,900,
11:21:31,62.67,100,
11:21:33,62.61,100,
11:21:33,62.61,198,
11:21:33,62.62,100,
11:21:51,62.68,100,
11:21:58,62.65,500,
11:22:22,62.65,100,
11:22:22,62.65,100,
11:22:30,62.642,800,
11:22:40,62.70,100,
11:23:21,62.70,100,
11:23:21,62.70,200,
11:23:38,62.72,100,
11:23:57,62.716,900,
11:24:02,62.69,100,
11:24:02,62.68,100,
11:24:05,62.67,200,
11:24:10,62.67,148,
11:24:21,62.60,100,
11:24:21,62.60,100,
11:24:21,62.60,100,
11:24:29,62.62,100,
11:24:44,62.6317,750,
11:24:52,62.61,100,
11:24:52,62.61,100,
11:24:52,62.61,100,
11:25:05,62.64,100,
11:25:18,62.63,200,
11:25:22,62.60,100,
11:25:46,62.6098,100,
11:25:46,62.61,300,
11:26:23,62.56,200,
11:26:23,62.56,100,
11:26:23,62.56,100,
11:26:23,62.56,100,
11:26:26,62.58,100,
11:26:26,62.58,100,
11:26:31,62.61,100,
11:26:31,62.63,100,
11:26:31,62.63,100,
11:26:32,62.6301,200,
11:26:33,62.65,100,
11:26:35,62.63,100,
11:26:35,62.63,100,
11:26:35,62.63,100,
11:26:35,62.63,100,
11:26:39,62.61,100,
11:26:45,62.62,100,
11:26:53,62.61,100,
11:26:53,62.62,100,
11:26:53,62.62,100,
11:26:53,62.62,100,
11:26:53,62.62,100,
11:26:53,62.62,100,
11:26:55,62.63,100,
11:27:21,62.62,1300,
11:27:58,62.61,100,
11:27:58,62.61,100,
11:28:04,62.6121,100,
11:28:27,62.53,100,
11:28:27,62.53,448,
11:28:27,62.50,200,
11:28:27,62.50,400,
11:28:27,62.50,100,
11:28:27,62.49,100,
11:28:27,62.51,100,
11:28:27,62.51,100,
11:28:27,62.51,100,
11:28:27,62.50,200,
11:28:27,62.52,100,
11:28:28,62.53,200,
11:28:28,62.52,100,
11:28:28,62.55,100,
11:28:28,62.55,100,
11:28:28,62.53,100,
11:28:28,62.55,100,
11:28:29,62.5598,100,
11:28:29,62.56,100,
11:28:29,62.56,200,
11:28:31,62.56,100,
11:28:41,62.55,100,
11:28:47,62.53,100,
11:28:51,62.50,100,
11:28:51,62.50,200,
11:28:51,62.50,500,
11:28:54,62.50,200,
11:28:54,62.50,100,
11:28:54,62.50,100,
11:28:54,62.48,200,
11:29:04,62.52,100,
11:29:04,62.52,100,
11:29:04,62.52,100,
11:29:07,62.51,100,
11:29:11,62.50,100,
11:29:11,62.50,200,
11:29:13,62.4879,200,
11:29:21,62.48,100,
11:29:21,62.48,100,
11:29:21,62.48,100,
11:29:23,62.4727,600,
11:29:24,62.47,100,
11:29:24,62.47,200,
11:29:24,62.47,100,
11:29:24,62.47,100,
11:29:24,62.46,100,
11:29:24,62.46,200,
11:29:50,62.52,102,
11:29:50,62.55,100,
11:29:50,62.56,100,
11:29:50,62.56,100,
11:29:50,62.56,100,
11:29:51,62.56,200,
11:29:51,62.56,100,
11:29:51,62.56,100,
11:29:55,62.55,200,
11:29:55,62.55,200,
11:29:55,62.55,100,
11:29:55,62.54,100,
11:29:55,62.55,100,
11:29:55,62.55,100,
11:30:59,62.46,200,
11:30:59,62.48,100,
11:30:59,62.48,100,
11:31:13,62.4698,300,
11:31:13,62.47,200,
11:31:13,62.47,200,
11:31:26,62.46,100,
11:31:26,62.46,100,
11:31:26,62.46,100,
11:31:26,62.46,100,
11:31:26,62.46,142,
11:31:27,62.46,100,
11:31:30,62.48,100,
11:31:30,62.48,200,
11:31:40,62.47,200,
11:31:40,62.47,100,
11:31:40,62.47,100,
11:31:52,62.49,100,
11:32:18,62.50,699,
11:32:27,62.4882,1000,
11:32:56,62.49,300,
11:32:56,62.49,100,
11:33:57,62.53,100,
11:33:57,62.53,100,
11:33:57,62.53,100,
11:33:59,62.53,100,
11:34:12,62.50,100,
11:34:12,62.48,197,
11:34:16,62.51,100,
11:34:16,62.52,179,
11:34:27,62.51,100,
11:34:43,62.5173,900,
11:34:43,62.53,100,
11:34:43,62.53,200,
11:34:43,62.53,100,
11:34:43,62.53,100,
11:34:43,62.53,100,
11:34:55,62.57,147,
11:34:55,62.57,100,
11:34:55,62.57,448,
11:35:20,62.49,100,
11:35:20,62.49,100,
11:35:48,62.47,100,
11:36:01,62.49,200,
11:36:01,62.49,100,
11:36:01,62.49,100,
11:36:23,62.50,100,
11:36:25,62.53,200,
11:36:25,62.53,100,
11:36:38,62.50,100,
11:37:01,62.52,200,
11:37:01,62.52,100,
11:37:06,62.51,100,
11:37:09,62.54,100,
11:37:13,62.55,100,
11:37:19,62.55,200,
11:37:27,62.54,100,
11:37:27,62.54,100,
11:37:27,62.56,100,
11:37:40,62.592,200,
11:38:00,62.59,200,
11:38:08,62.5882,160,
11:38:30,62.56,200,
11:38:39,62.55,600,
11:39:11,62.54,100,
11:39:18,62.59,200,
11:39:21,62.61,100,
11:39:21,62.5969,100,
11:39:21,62.61,100,
11:39:21,62.6099,100,
11:39:22,62.61,100,
11:39:22,62.61,100,
11:39:22,62.61,100,
11:39:38,62.61,100,
11:39:54,62.60,100,
11:39:55,62.60,100,
11:39:59,62.61,100,
11:39:59,62.61,100,
11:40:00,62.61,100,
11:40:05,62.63,100,
11:40:11,62.63,100,
11:40:13,62.6421,200,
11:40:14,62.68,100,
11:40:15,62.68,219,
11:40:21,62.66,200,
11:40:21,62.65,100,
11:40:21,62.65,100,
11:40:21,62.65,100,
11:40:22,62.658,5000,
11:40:23,62.70,2800,
11:40:37,62.64,200,
11:40:37,62.64,100,
11:40:37,62.64,100,
11:40:53,62.67,100,
11:41:10,62.6632,100,
11:41:33,62.65,100,
11:41:33,62.65,100,
11:41:37,62.65,100,
11:41:41,62.6401,500,
11:41:42,62.65,100,
11:41:42,62.65,100,
11:41:42,62.6499,400,
11:41:49,62.65,100,
11:42:14,62.64,100,
11:42:14,62.64,200,
11:42:14,62.63,100,
11:42:15,62.62,100,
11:42:30,62.64,100,
11:42:30,62.64,100,
11:42:32,62.65,100,
11:43:35,62.64,200,
11:43:46,62.67,200,
11:44:13,62.69,200,
11:44:13,62.69,300,
11:44:17,62.68,100,
11:44:17,62.6704,400,
11:44:19,62.6799,100,
11:44:21,62.68,100,
11:44:23,62.66,100,
11:44:23,62.65,100,
11:44:33,62.65,100,
11:44:33,62.66,100,
11:44:33,62.66,100,
11:44:39,62.651,138,
11:45:14,62.65,200,
11:45:27,62.64,148,
11:45:27,62.64,200,
11:45:27,62.63,100,
11:45:47,62.61,100,
11:45:52,62.60,200,
11:46:01,62.62,100,
11:46:01,62.63,100,
11:46:06,62.63,200,
11:46:06,62.63,200,
11:46:06,62.63,100,
11:46:06,62.63,100,
11:46:06,62.63,100,
11:46:06,62.62,100,
11:46:06,62.61,100,
11:46:06,62.63,246,
11:46:06,62.63,100,
11:46:06,62.63,100,
11:46:06,62.63,100,
11:46:21,62.61,200,
11:46:21,62.61,100,
11:46:30,62.60,100,
11:46:30,62.60,100,
11:46:36,62.60,100,
11:46:38,62.61,172,
11:46:38,62.62,100,
11:46:39,62.60,100,
11:46:54,62.62,200,
11:47:02,62.62,100,
11:47:02,62.62,100,
11:47:02,62.62,100,
11:47:02,62.62,100,
11:47:08,62.57,200,
11:47:08,62.57,197,
11:47:08,62.56,100,
11:47:08,62.56,100,
11:47:13,62.54,100,
11:47:13,62.54,200,
11:47:13,62.54,100,
11:47:13,62.55,100,
11:47:13,62.56,100,
11:47:15,62.5716,100,
11:47:19,62.58,300,
11:47:51,62.6091,100,
11:47:51,62.62,300,
11:47:51,62.62,100,
11:47:56,62.60,100,
11:47:56,62.60,100,
11:47:56,62.59,100,
11:48:05,62.60,100,
11:48:44,62.6183,100,
11:48:49,62.61,200,
11:48:55,62.6187,200,
11:49:01,62.61,100,
11:49:03,62.62,100,
11:49:03,62.62,100,
11:49:12,62.65,100,
11:49:28,62.6517,100,
11:49:41,62.66,100,
11:49:41,62.66,200,
11:49:44,62.64,100,
11:50:06,62.67,265,
11:50:47,62.6561,500,
11:52:51,62.6527,1000,
11:53:04,62.6784,420,
11:53:05,62.67,100,
11:53:05,62.67,100,
11:53:21,62.69,100,
11:53:21,62.69,100,
11:55:32,62.68,100,
11:55:42,62.70,100,
11:55:54,62.67,100,
11:56:02,62.67,100,
11:56:02,62.67,100,
11:56:19,62.68,100,
11:56:38,62.70,200,
11:56:45,62.68,100,
11:56:55,62.68,100,
11:56:55,62.68,100,
11:56:55,62.68,100,
11:56:55,62.69,500,
11:56:55,62.68,100,
11:56:55,62.68,100,
11:57:18,62.67,100,
11:57:48,62.71,100,
11:59:03,62.69,1000,
11:59:43,62.69,100,
11:59:43,62.67,100,
11:59:47,62.69,100,
11:59:47,62.69,200,
11:59:56,62.71,100,
11:59:56,62.70,100,
12:00:01,62.71,200,
12:00:12,62.73,100,
12:00:25,62.68,100,
12:00:25,62.69,100,
12:00:25,62.69,200,
12:00:30,62.68,1000,
12:01:01,62.67,100,
12:01:08,62.69,100,
12:01:08,62.69,200,
12:01:08,62.69,100,
12:01:09,62.69,100,
12:01:10,62.72,100,
12:01:38,62.74,100,
12:01:38,62.75,100,
12:01:38,62.75,100,
12:01:38,62.75,100,
12:01:38,62.75,500,
12:01:38,62.76,100,
12:01:38,62.76,100,
12:01:40,62.77,100,
12:01:44,62.7601,500,
12:01:45,62.7699,797,
12:01:50,62.75,100,
12:01:50,62.75,100,
12:01:51,62.756,800,
12:01:52,62.73,200,
12:01:52,62.73,100,
12:01:54,62.72,100,
12:02:25,62.7201,400,
12:02:25,62.7201,300,
12:03:06,62.75,1000,
12:03:20,62.70,200,
12:03:20,62.7008,4327,
12:04:16,62.6902,200,
12:04:17,62.7083,200,
12:05:07,62.71,200,
12:05:07,62.71,500,
12:05:07,62.71,100,
12:05:07,62.71,100,
12:05:07,62.71,100,
12:05:07,62.71,100,
12:05:07,62.71,100,
12:05:20,62.67,300,
12:05:42,62.6865,100,
12:05:42,62.67,300,
12:05:42,62.67,100,
12:05:52,62.69,244,
12:05:52,62.70,200,
12:05:52,62.70,100,
12:05:52,62.70,100,
12:06:09,62.68,300,
12:06:22,62.68,1000,
12:06:22,62.68,100,
12:06:22,62.68,802,
12:06:22,62.68,498,
12:06:22,62.68,100,
12:06:22,62.68,100,
12:06:22,62.68,100,
12:06:22,62.69,100,
12:06:22,62.70,200,
12:06:22,62.70,100,
12:06:22,62.72,200,
12:06:22,62.72,100,
12:06:22,62.71,200,
12:06:22,62.71,100,
12:06:22,62.71,100,
12:06:22,62.71,100,
12:06:24,62.70,200,
12:06:24,62.70,100,
12:06:24,62.69,200,
12:06:24,62.69,100,
12:06:24,62.69,100,
12:06:24,62.7008,900,
12:06:24,62.69,100,
12:06:25,62.67,500,
12:06:25,62.67,500,
12:06:25,62.67,100,
12:06:25,62.67,100,
12:06:25,62.67,100,
12:06:30,62.68,100,
12:07:10,62.7074,100,
12:07:10,62.69,100,
12:07:13,62.70,100,
12:07:56,62.68,100,
12:07:56,62.68,100,
12:07:56,62.68,100,
12:07:56,62.67,100,
12:07:56,62.67,100,
12:07:56,62.67,100,
12:07:57,62.68,100,
12:08:02,62.68,100,
12:08:02,62.68,100,
12:08:05,62.68,100,
12:08:14,62.67,100,
12:08:17,62.66,100,
12:08:34,62.68,100,
12:09:17,62.65,200,
12:09:17,62.64,100,
12:09:17,62.64,100,
12:09:18,62.65,100,
12:09:18,62.66,100,
12:09:36,62.66,200,
12:10:08,62.62,600,
12:10:08,62.61,600,
12:10:08,62.61,100,
12:10:08,62.61,500,
12:10:08,62.61,900,
12:10:08,62.61,200,
12:10:08,62.61,100,
12:10:08,62.62,100,
12:10:08,62.61,100,
12:10:08,62.61,100,
12:10:08,62.61,100,
12:10:08,62.61,100,
12:10:08,62.62,100,
12:10:08,62.61,100,
12:10:09,62.61,100,
12:10:09,62.60,100,
12:10:10,62.61,100,
12:10:15,62.59,100,
12:10:15,62.59,100,
12:10:15,62.59,100,
12:10:15,62.59,100,
12:10:15,62.59,100,
12:10:15,62.59,100,
12:10:15,62.59,100,
12:10:15,62.59,100,
12:10:18,62.59,100,
12:10:22,62.61,100,
12:10:24,62.62,100,
12:10:24,62.62,100,
12:10:24,62.62,100,
12:10:52,62.62,200,
12:10:52,62.62,100,
12:10:52,62.62,100,
12:11:06,62.64,100,
12:11:24,62.6399,500,
12:11:45,62.64,100,
12:11:53,62.65,112,
12:12:06,62.63,100,
12:12:12,62.60,100,
12:12:12,62.59,100,
12:12:12,62.59,100,
12:12:13,62.605,100,
12:12:23,62.59,100,
12:12:25,62.62,200,
12:12:35,62.61,100,
12:12:35,62.62,100,
12:12:52,62.62,100,
12:12:54,62.62,100,
12:13:01,62.62,200,
12:13:01,62.62,100,
12:13:01,62.62,100,
12:13:01,62.62,100,
12:13:01,62.62,100,
12:13:01,62.62,100,
12:13:01,62.6208,1118,
12:13:01,62.6208,8422,
12:13:06,62.6099,100,
12:13:09,62.58,100,
12:13:09,62.59,100,
12:13:10,62.57,100,
12:13:13,62.5886,100,
12:13:13,62.58,100,
12:13:13,62.58,200,
12:13:15,62.58,100,
12:13:18,62.57,200,
12:13:18,62.57,100,
12:13:20,62.56,100,
12:13:22,62.57,100,
12:13:22,62.57,100,
12:13:26,62.58,100,
12:13:26,62.58,100,
12:13:26,62.58,100,
12:13:26,62.59,100,
12:13:28,62.58,100,
12:13:31,62.58,125,
12:13:35,62.59,200,
12:13:35,62.59,100,
12:13:35,62.59,100,
12:13:35,62.60,400,
12:13:35,62.59,100,
12:13:40,62.60,100,
12:13:40,62.62,100,
12:13:51,62.60,100,
12:14:13,62.60,100,
12:14:13,62.59,100,
12:14:13,62.59,100,
12:14:16,62.60,100,
12:14:16,62.60,200,
12:14:21,62.59,100,
12:14:21,62.57,200,
12:14:21,62.58,100,
12:14:21,62.57,200,
12:14:23,62.57,100,
12:14:28,62.59,100,
12:14:31,62.58,500,
12:14:47,62.57,100,
12:14:49,62.61,200,
12:14:49,62.61,100,
12:15:00,62.60,100,
12:15:01,62.59,100,
12:15:01,62.59,100,
12:15:01,62.59,100,
12:15:01,62.58,100,
12:15:01,62.58,100,
12:15:01,62.59,100,
12:15:01,62.59,100,
12:15:01,62.59,100,
12:15:01,62.60,100,
12:15:01,62.59,100,
12:15:21,62.58,100,
12:15:25,62.59,100,
12:15:34,62.5901,125,
12:15:52,62.60,100,
12:15:52,62.60,100,
12:16:29,62.60,100,
12:16:32,62.61,100,
12:17:07,62.6192,1000,
12:17:58,62.6101,115,
12:17:58,62.61,100,
12:18:53,62.61,100,
12:18:53,62.61,100,
12:20:09,62.60,100,
12:20:37,62.594,100,
12:21:22,62.57,100,
12:21:22,62.57,100,
12:21:55,62.57,100,
12:21:56,62.5401,300,
12:21:56,62.54,200,
12:21:56,62.54,100,
12:21:56,62.54,100,
12:22:03,62.54,100,
12:22:03,62.54,100,
12:22:23,62.55,200,
12:22:23,62.55,100,
12:22:23,62.55,100,
12:22:50,62.54,100,
12:22:50,62.5401,100,
12:23:09,62.55,100,
12:23:28,62.53,100,
12:23:38,62.51,100,
12:23:38,62.51,853,
12:23:38,62.51,100,
12:24:07,62.50,100,
12:24:07,62.47,100,
12:24:07,62.47,100,
12:24:08,62.47,100,
12:24:08,62.46,100,
12:24:08,62.46,100,
12:24:13,62.48,100,
12:24:25,62.48,700,
12:24:42,62.48,100,
12:24:44,62.481,1100,
12:24:44,62.481,100,
12:24:47,62.5098,100,
12:24:47,62.51,400,
12:24:53,62.51,100,
12:25:19,62.51,100,
12:25:35,62.49,143,
12:25:37,62.50,100,
12:25:37,62.51,100,
12:25:40,62.5017,300,
12:26:14,62.52,100,
12:26:15,62.52,110,
12:26:15,62.52,190,
12:26:47,62.522,200,
12:27:13,62.5279,240,
12:27:32,62.52,300,
12:27:32,62.51,100,
12:27:32,62.50,100,
12:28:10,62.5299,100,
12:28:22,62.56,200,
12:28:22,62.56,100,
12:28:32,62.5899,300,
12:28:33,62.5899,300,
12:28:35,62.58,100,
12:28:59,62.584,100,
12:29:14,62.5717,350,
12:29:14,62.59,100,
12:29:57,62.55,100,
12:30:14,62.59,100,
12:30:23,62.57,200,
12:30:23,62.57,100,
12:30:42,62.5617,120,
12:31:26,62.58,100,
12:31:26,62.58,100,
12:31:51,62.55,196,
12:31:53,62.51,100,
12:31:59,62.47,100,
12:32:00,62.4701,200,
12:32:01,62.48,100,
12:32:01,62.46,200,
12:32:01,62.4669,100,
12:32:01,62.47,100,
12:32:03,62.49,136,
12:32:04,62.50,100,
12:32:15,62.51,148,
12:32:15,62.52,100,
12:32:15,62.52,100,
12:32:16,62.52,100,
12:32:35,62.50,100,
12:32:36,62.50,100,
12:32:52,62.50,295,
12:32:52,62.50,100,
12:32:52,62.50,100,
12:32:52,62.50,100,
12:33:38,62.53,100,
12:33:38,62.53,100,
12:34:01,62.50,100,
12:34:57,62.51,200,
12:35:21,62.52,500,
12:35:24,62.53,100,
12:35:38,62.52,1000,
12:36:34,62.56,100,
12:36:34,62.56,200,
12:36:48,62.54,100,
12:36:56,62.53,200,
12:36:56,62.53,100,
12:36:56,62.54,100,
12:36:59,62.53,100,
12:36:59,62.53,100,
12:37:04,62.58,144,
12:37:05,62.59,100,
12:37:05,62.60,200,
12:37:09,62.60,200,
12:37:18,62.59,100,
12:37:18,62.59,100,
12:37:19,62.60,100,
12:37:31,62.6032,100,
12:37:31,62.61,100,
12:37:34,62.59,100,
12:39:29,62.64,100,
12:39:44,62.6399,100,
12:39:44,62.64,100,
12:39:52,62.64,100,
12:40:07,62.64,100,
12:40:10,62.64,100,
12:40:15,62.64,100,
12:40:15,62.6317,100,
12:40:15,62.63,100,
12:40:15,62.62,200,
12:40:15,62.62,100,
12:40:15,62.62,500,
12:40:15,62.62,100,
12:40:18,62.63,100,
12:40:29,62.65,300,
12:40:31,62.66,100,
12:40:31,62.66,100,
12:40:46,62.66,100,
12:40:46,62.66,300,
12:40:46,62.66,100,
12:40:46,62.67,200,
12:40:46,62.67,300,
12:40:46,62.66,100,
12:40:48,62.67,100,
12:40:50,62.66,100,
12:40:51,62.65,200,
12:40:51,62.65,100,
12:40:52,62.65,100,
12:41:01,62.65,100,
12:41:18,62.64,366,
12:41:18,62.64,100,
12:41:33,62.65,184,
12:41:33,62.65,100,
12:41:55,62.65,100,
12:41:55,62.6501,100,
12:41:55,62.65,500,
12:41:55,62.65,100,
12:41:55,62.65,200,
12:42:07,62.64,100,
12:42:11,62.65,100,
12:42:11,62.65,100,
12:42:11,62.65,100,
12:42:11,62.65,100,
12:42:11,62.65,100,
12:42:14,62.65,100,
12:42:29,62.65,100,
12:42:47,62.65,100,
12:42:55,62.6501,500,
12:43:21,62.66,100,
12:43:26,62.67,100,
12:43:26,62.67,100,
12:43:26,62.68,200,
12:43:26,62.68,100,
12:43:26,62.67,100,
12:43:26,62.68,100,
12:43:26,62.67,100,
12:43:27,62.6801,100,
12:43:29,62.68,400,
12:43:35,62.69,100,
12:43:35,62.69,100,
12:43:58,62.67,500,
12:44:01,62.68,100,
12:44:01,62.68,100,
12:44:01,62.68,100,
12:44:06,62.67,500,
12:44:10,62.66,200,
12:44:10,62.66,500,
12:44:10,62.66,100,
12:44:12,62.65,104,
12:44:33,62.65,100,
12:44:33,62.6434,100,
12:44:33,62.66,100,
12:44:36,62.65,100,
12:44:36,62.65,200,
12:44:59,62.66,100,
12:45:00,62.67,100,
12:45:00,62.67,198,
12:45:04,62.64,348,
12:45:04,62.65,100,
12:45:04,62.65,100,
12:45:05,62.64,159,
12:45:15,62.62,200,
12:45:15,62.62,100,
12:45:15,62.62,100,
12:45:26,62.60,500,
12:47:10,62.63,300,
12:47:17,62.62,100,
12:47:34,62.63,102,
12:47:42,62.65,198,
12:48:01,62.6532,420,
12:48:19,62.69,100,
12:48:24,62.6801,200,
12:48:28,62.6979,300,
12:48:38,62.73,100,
12:48:38,62.71,300,
12:48:40,62.71,100,
12:48:41,62.71,100,
12:48:41,62.70,100,
12:48:50,62.69,100,
12:48:54,62.6868,420,
12:49:21,62.69,100,
12:49:38,62.68,100,
12:49:51,62.7218,300,
12:50:25,62.72,100,
12:50:27,62.7228,700,
12:50:33,62.71,100,
12:50:33,62.70,100,
12:50:33,62.71,400,
12:50:36,62.66,100,
12:50:44,62.68,100,
12:51:04,62.6801,100,
12:51:08,62.70,100,
12:51:08,62.70,100,
12:51:15,62.70,200,
12:51:15,62.70,100,
12:51:15,62.70,100,
12:51:21,62.70,100,
12:51:38,62.71,100,
12:51:44,62.7299,135,
12:52:07,62.72,100,
12:52:13,62.72,100,
12:52:14,62.7113,9800,
12:52:16,62.712,100,
12:52:50,62.72,100,
12:53:20,62.71,148,
12:53:52,62.72,300,
12:53:52,62.72,100,
12:53:52,62.72,200,
12:53:52,62.72,100,
12:53:52,62.7291,100,
12:53:54,62.722,300,
12:53:58,62.73,200,
12:54:16,62.76,200,
12:54:17,62.76,240,
12:54:17,62.74,100,
12:54:17,62.76,124,
12:54:17,62.76,100,
12:54:17,62.77,300,
12:54:17,62.78,183,
12:54:17,62.78,100,
12:54:17,62.78,100,
12:54:17,62.78,100,
12:54:17,62.79,100,
12:54:18,62.79,100,
12:54:19,62.78,100,
12:54:19,62.78,100,
12:54:19,62.79,1056,
12:54:19,62.77,200,
12:54:50,62.77,100,
12:54:50,62.77,100,
12:54:52,62.80,100,
12:54:52,62.80,100,
12:54:52,62.80,122,
12:54:54,62.80,100,
12:55:14,62.80,100,
12:55:45,62.77,100,
12:56:14,62.74,200,
12:56:21,62.74,300,
12:57:45,62.78,200,
12:57:45,62.78,200,
12:57:45,62.78,200,
12:57:45,62.78,100,
12:57:45,62.78,600,
12:57:45,62.7871,600,
12:57:45,62.7883,100,
12:57:45,62.7878,100,
12:57:45,62.78,300,
12:57:45,62.78,100,
12:57:45,62.78,100,
12:57:46,62.783,100,
12:57:53,62.79,100,
12:57:57,62.80,100,
12:57:57,62.81,100,
12:57:57,62.81,300,
12:57:57,62.81,100,
12:57:57,62.81,100,
12:57:57,62.81,100,
12:57:57,62.81,100,
12:58:01,62.81,100,
12:58:02,62.816,300,
12:58:10,62.80,300,
12:58:10,62.80,100,
12:58:12,62.80,100,
12:58:12,62.80,100,
12:58:21,62.82,100,
12:58:21,62.84,300,
12:58:22,62.83,500,
12:58:42,62.85,100,
12:58:45,62.83,259,
12:58:45,62.8377,140,
12:58:52,62.84,100,
12:58:57,62.83,100,
12:58:58,62.83,100,
12:59:12,62.84,200,
12:59:12,62.84,100,
12:59:15,62.83,100,
12:59:20,62.8379,400,
12:59:34,62.83,199,
12:59:34,62.83,423,
13:00:01,62.85,700,
13:00:01,62.86,100,
13:00:05,62.86,200,
13:00:05,62.86,300,
13:00:05,62.86,100,
13:00:05,62.88,200,
13:00:05,62.88,200,
13:00:05,62.88,100,
13:00:05,62.8701,800,
13:00:06,62.87,100,
13:00:07,62.87,167,
13:00:07,62.87,133,
13:00:07,62.88,100,
13:00:10,62.89,100,
13:00:13,62.88,100,
13:00:15,62.89,199,
13:00:18,62.87,200,
13:00:18,62.87,400,
13:00:49,62.89,200,
13:00:49,62.89,100,
13:01:07,62.871,100,
13:01:26,62.89,200,
13:01:26,62.88,100,
13:01:28,62.878,100,
13:01:35,62.87,500,
13:02:05,62.89,100,
13:02:05,62.88,100,
13:02:14,62.8727,1400,
13:02:18,62.87,201,
13:02:18,62.86,100,
13:02:18,62.87,100,
13:02:18,62.87,100,
13:02:22,62.87,100,
13:02:27,62.87,200,
13:02:35,62.88,200,
13:02:35,62.8777,725,
13:02:35,62.886,1200,
13:02:46,62.87,448,
13:02:48,62.88,100,
13:02:49,62.87,100,
13:02:51,62.87,500,
13:02:51,62.86,100,
13:02:51,62.87,100,
13:02:52,62.87,100,
13:02:58,62.88,100,
13:03:12,62.89,100,
13:03:12,62.90,100,
13:03:14,62.90,100,
13:03:19,62.90,100,
13:03:19,62.91,100,
13:03:20,62.91,100,
13:03:21,62.91,100,
13:03:21,62.91,100,
13:03:36,62.92,100,
13:03:40,62.9183,500,
13:03:44,62.90,100,
13:03:55,62.90,100,
13:03:57,62.91,100,
13:04:08,62.91,100,
13:04:08,62.92,100,
13:04:20,62.90,300,
13:04:21,62.9084,100,
13:04:25,62.90,200,
13:04:35,62.9137,250,
13:04:52,62.93,100,
13:04:54,62.93,200,
13:04:58,62.93,100,
13:04:58,62.93,100,
13:04:58,62.93,100,
13:05:00,62.92,100,
13:05:24,62.93,100,
13:05:28,62.93,100,
13:05:28,62.93,100,
13:05:34,62.93,100,
13:05:34,62.94,200,
13:05:48,62.93,100,
13:05:48,62.93,200,
13:05:57,62.9399,100,
13:06:04,62.95,300,
13:06:04,62.94,100,
13:06:04,62.96,100,
13:06:06,62.96,200,
13:06:17,62.97,300,
13:06:18,62.97,200,
13:06:22,62.97,100,
13:06:30,62.97,100,
13:06:30,62.97,500,
13:06:41,62.97,100,
13:06:41,62.97,200,
13:06:41,62.97,100,
13:06:41,62.97,300,
13:06:47,62.98,100,
13:06:49,62.9799,100,
13:06:49,62.98,100,
13:06:54,62.98,100,
13:06:54,62.98,100,
13:06:57,62.99,100,
13:06:57,62.99,100,
13:06:57,62.99,300,
13:06:57,62.98,100,
13:06:57,62.98,100,
13:06:57,62.98,100,
13:06:57,62.98,100,
13:07:00,62.97,157,
13:07:00,62.97,100,
13:07:06,62.9704,100,
13:07:23,62.97,200,
13:07:24,62.96,100,
13:07:24,62.96,100,
13:07:24,62.96,200,
13:07:24,62.95,2709,
13:07:26,62.95,100,
13:07:26,62.93,700,
13:07:48,62.9321,300,
13:07:56,62.93,200,
13:07:56,62.93,100,
13:08:08,62.94,100,
13:08:59,62.95,100,
13:09:01,62.95,100,
13:09:12,62.97,200,
13:09:19,62.9699,100,
13:09:26,62.97,100,
13:09:38,62.99,100,
13:09:41,62.977,100,
13:09:42,62.9783,600,
13:10:08,62.9799,100,
13:10:31,62.99,100,
13:10:32,63,150,
13:10:42,62.99,100,
13:10:44,62.98,100,
13:10:45,62.98,200,
13:10:54,62.99,200,
13:10:54,62.99,100,
13:10:55,63,200,
13:10:57,62.99,100,
13:10:57,63,100,
13:11:08,63,200,
13:11:08,63,302,
13:11:09,63,100,
13:11:09,63,100,
13:11:09,63,200,
13:11:09,63,100,
13:11:09,63,100,
13:11:09,63,100,
13:11:09,63,799,
13:11:09,63,300,
13:11:09,63,500,
13:11:09,63.01,100,
13:11:09,63.01,100,
13:11:09,63.01,500,
13:11:09,63.01,100,
13:11:09,63.01,145,
13:11:09,63.01,302,
13:11:09,63.01,100,
13:11:09,63,200,
13:11:09,63,100,
13:11:09,63,100,
13:11:09,63,880,
13:11:10,63.02,134,
13:11:11,63.01,100,
13:11:14,63.02,200,
13:11:15,63.02,200,
13:11:16,63.01,200,
13:11:31,63.02,100,
13:11:39,63.01,100,
13:11:40,63.03,100,
13:11:40,63.03,100,
13:11:40,63.03,100,
13:11:40,63.03,100,
13:11:45,63.03,100,
13:11:45,63.03,100,
13:11:45,63.03,100,
13:11:45,63.013,100,
13:11:45,63.014,2700,
13:11:47,63.03,100,
13:11:49,63.04,100,
13:11:49,63.04,100,
13:11:56,63.04,100,
13:12:00,63.05,300,
13:12:04,63.04,100,
13:12:05,63.05,100,
13:12:06,63.04,100,
13:12:06,63.05,100,
13:12:07,63.05,100,
13:12:09,63.05,100,
13:12:13,63.04,200,
13:12:13,63.04,100,
13:12:13,63.04,100,
13:12:14,63.05,250,
13:12:19,63.03,100,
13:12:19,63.03,400,
13:12:19,63.03,100,
13:12:19,63.03,100,
13:12:19,63.03,100,
13:12:20,63.03,300,
13:12:21,63.0384,100,
13:12:21,63.03,100,
13:12:29,63.0301,200,
13:12:31,63.04,100,
13:12:31,63.04,100,
13:12:47,63.0301,600,
13:12:49,63.0301,300,
13:12:53,63.05,100,
13:12:53,63.05,100,
13:12:53,63.03,100,
13:12:53,63.05,100,
13:12:53,63.03,100,
13:12:53,63.0393,100,
13:12:56,63.05,100,
13:13:00,63.05,100,
13:13:00,63.05,100,
13:13:00,63.05,100,
13:13:01,63.05,1000,
13:13:05,63.05,100,
13:13:11,63.05,100,
13:13:11,63.05,100,
13:13:15,63.05,100,
13:13:21,63.04,100,
13:13:21,63.03,100,
13:13:21,63.02,100,
13:13:26,63.02,100,
13:13:33,63.02,100,
13:13:33,63.02,100,
13:13:33,63.01,400,
13:13:33,63,100,
13:13:33,63,100,
13:13:33,63,200,
13:13:33,63,100,
13:13:33,63.02,100,
13:13:41,63.0399,200,
13:13:47,63.04,100,
13:13:47,63.04,100,
13:13:52,63.05,100,
13:13:54,63.06,100,
13:13:54,63.07,100,
13:13:54,63.07,100,
13:13:59,63.08,100,
13:13:59,63.09,100,
13:13:59,63.08,100,
13:14:00,63.08,200,
13:14:00,63.08,200,
13:14:03,63.09,100,
13:14:05,63.09,200,
13:14:05,63.09,200,
13:14:05,63.10,100,
13:14:05,63.10,100,
13:14:07,63.10,100,
13:14:07,63.10,200,
13:14:07,63.10,100,
13:14:07,63.09,100,
13:14:07,63.10,100,
13:14:07,63.10,100,
13:14:07,63.10,100,
13:14:18,63.09,100,
13:14:18,63.09,100,
13:14:19,63.10,100,
13:14:32,63.0821,200,
13:14:42,63.09,500,
13:14:48,63.13,100,
13:14:49,63.1108,100,
13:14:50,63.1118,300,
13:14:59,63.11,100,
13:14:59,63.10,100,
13:14:59,63.10,300,
13:14:59,63.10,600,
13:14:59,63.10,100,
13:14:59,63.10,100,
13:14:59,63.10,600,
13:14:59,63.10,100,
13:14:59,63.10,100,
13:14:59,63.10,100,
13:14:59,63.12,100,
13:14:59,63.1181,500,
13:14:59,63.11,300,
13:14:59,63.1095,600,
13:14:59,63.11,100,
13:14:59,63.11,100,
13:14:59,63.11,100,
13:14:59,63.11,100,
13:14:59,63.11,100,
13:14:59,63.11,100,
13:14:59,63.11,100,
13:14:59,63.11,100,
13:15:01,63.114,197,
13:15:02,63.11,200,
13:15:02,63.12,100,
13:15:02,63.12,100,
13:15:02,63.13,200,
13:15:02,63.13,100,
13:15:02,63.12,100,
13:15:08,63.13,100,
13:15:17,63.1237,9800,
13:15:17,63.1301,100,
13:15:17,63.13,200,
13:15:17,63.14,100,
13:15:17,63.14,100,
13:15:17,63.14,100,
13:15:17,63.14,149,
13:15:19,63.13,400,
13:15:19,63.14,100,
13:15:21,63.13,100,
13:15:21,63.13,100,
13:15:21,63.13,100,
13:15:34,63.14,200,
13:15:35,63.15,100,
13:15:35,63.1381,100,
13:15:35,63.13,2000,
13:15:35,63.13,200,
13:15:35,63.13,100,
13:15:35,63.13,200,
13:15:35,63.1301,1500,
13:15:35,63.14,100,
13:15:35,63.14,200,
13:15:36,63.133,100,
13:15:37,63.14,100,
13:15:37,63.14,100,
13:15:38,63.15,100,
13:15:39,63.15,200,
13:15:39,63.15,100,
13:15:41,63.15,100,
13:15:41,63.14,100,
13:15:42,63.13,150,
13:15:47,63.13,100,
13:15:48,63.14,100,
13:15:48,63.13,200,
13:15:53,63.12,300,
13:15:53,63.12,200,
13:15:53,63.13,100,
13:15:55,63.13,200,
13:15:56,63.1245,150,
13:16:01,63.13,100,
13:16:09,63.12,187,
13:16:09,63.12,100,
13:16:12,63.13,100,
13:16:20,63.1201,750,
13:16:26,63.14,100,
13:16:26,63.14,100,
13:16:26,63.14,200,
13:16:28,63.14,100,
13:16:32,63.142,500,
13:16:38,63.1468,100,
13:16:45,63.15,100,
13:16:59,63.15,100,
13:17:04,63.1487,1400,
13:17:07,63.14,300,
13:17:09,63.14,100,
13:17:43,63.1401,1000,
13:18:14,63.15,100,
13:18:14,63.17,100,
13:18:16,63.14,200,
13:18:16,63.14,200,
13:18:22,63.16,100,
13:18:30,63.1321,420,
13:18:30,63.16,200,
13:18:30,63.14,100,
13:18:33,63.15,100,
13:18:33,63.15,100,
13:18:39,63.14,100,
13:18:39,63.14,500,
13:18:50,63.14,100,
13:18:50,63.15,100,
13:18:50,63.15,100,
13:18:50,63.14,100,
13:18:51,63.14,100,
13:18:52,63.14,100,
13:19:13,63.14,448,
13:19:28,63.1499,200,
13:19:32,63.13,500,
13:19:32,63.13,100,
13:19:45,63.1383,900,
13:19:51,63.146,100,
13:19:57,63.13,350,
13:19:59,63.13,100,
13:20:08,63.13,200,
13:20:11,63.14,100,
13:20:21,63.15,100,
13:20:27,63.155,797,
13:20:27,63.15,100,
13:20:29,63.15,109,
13:20:30,63.16,100,
13:20:33,63.16,100,
13:20:33,63.15,400,
13:20:34,63.13,100,
13:20:34,63.13,200,
13:20:38,63.14,100,
13:20:38,63.14,100,
13:20:38,63.14,100,
13:20:39,63.13,100,
13:20:39,63.14,100,
13:20:54,63.13,100,
13:20:54,63.1301,100,
13:21:03,63.13,100,
13:21:03,63.13,100,
13:21:06,63.1392,300,
13:21:09,63.13,500,
13:21:09,63.12,100,
13:21:09,63.12,100,
13:21:09,63.11,100,
13:21:09,63.12,100,
13:21:09,63.12,100,
13:21:12,63.12,100,
13:21:12,63.08,100,
13:21:13,63.08,100,
13:21:13,63.08,100,
13:21:13,63.08,900,
13:21:13,63.08,200,
13:21:13,63.08,100,
13:21:13,63.08,100,
13:21:13,63.08,100,
13:21:13,63.08,100,
13:21:13,63.08,300,
13:21:13,63.07,300,
13:21:13,63.0601,200,
13:21:13,63.06,100,
13:21:13,63.0601,100,
13:21:13,63.08,100,
13:21:14,63.06,100,
13:21:14,63.06,100,
13:21:14,63.07,100,
13:21:14,63.05,500,
13:21:14,63.06,100,
13:21:14,63.07,100,
13:21:14,63.07,300,
13:21:14,63.07,100,
13:21:18,63.06,300,
13:21:31,63.07,100,
13:21:36,63.07,100,
13:21:36,63.07,100,
13:21:36,63.08,100,
13:21:36,63.08,1408,
13:21:36,63.08,100,
13:21:36,63.08,100,
13:21:38,63.09,134,
13:22:03,63.07,245,
13:22:03,63.07,100,
13:22:03,63.061,1300,
13:22:06,63.06,2600,
13:22:07,63.08,100,
13:22:07,63.09,100,
13:22:07,63.09,200,
13:22:07,63.09,100,
13:22:11,63.09,100,
13:22:12,63.08,200,
13:22:13,63.08,100,
13:22:13,63.09,100,
13:22:13,63.08,100,
13:22:13,63.08,100,
13:22:13,63.08,200,
13:22:13,63.08,200,
13:22:13,63.08,300,
13:22:13,63.08,100,
13:22:13,63.08,100,
13:22:13,63.08,100,
13:22:15,63.08,300,
13:22:20,63.06,200,
13:22:20,63.06,300,
13:22:22,63.05,200,
13:22:22,63.05,200,
13:22:22,63.06,300,
13:22:22,63.05,200,
13:22:22,63.06,100,
13:22:23,63.05,100,
13:22:23,63.05,200,
13:22:24,63.0582,300,
13:22:35,63.0698,220,
13:22:43,63.06,300,
13:22:43,63.06,200,
13:22:43,63.05,100,
13:22:43,63.03,100,
13:22:43,63.04,100,
13:22:43,63.03,100,
13:22:43,63.03,100,
13:22:45,63.0121,100,
13:22:56,63.012,1000,
13:22:57,63.02,100,
13:22:57,63.01,100,
13:22:57,63.01,300,
13:23:00,63.02,100,
13:23:00,63.02,100,
13:23:02,63.06,200,
13:23:02,63.06,100,
13:23:09,63.07,100,
13:23:09,63.07,100,
13:23:32,63.08,100,
13:23:32,63.08,168,
13:23:38,63.07,100,
13:23:39,63.06,127,
13:23:39,63.05,100,
13:23:43,63.06,100,
13:23:49,63.07,100,
13:24:12,63.09,400,
13:24:20,63.078,100,
13:24:20,63.0785,100,
13:24:20,63.0787,100,
13:24:22,63.09,100,
13:24:23,63.09,100,
13:24:24,63.08,100,
13:24:27,63.09,100,
13:24:27,63.09,100,
13:24:27,63.08,100,
13:24:27,63.08,100,
13:24:27,63.08,100,
13:24:28,63.08,100,
13:24:30,63.08,100,
13:24:30,63.08,100,
13:24:30,63.09,100,
13:24:30,63.0983,500,
13:24:31,63.09,100,
13:24:36,63.09,100,
13:24:39,63.10,200,
13:24:39,63.10,100,
13:24:39,63.10,100,
13:24:41,63.10,100,
13:24:45,63.11,100,
13:24:59,63.09,100,
13:25:00,63.09,162,
13:25:00,63.10,100,
13:25:11,63.0917,300,
13:25:11,63.09,100,
13:25:16,63.0901,100,
13:25:16,63.0901,200,
13:25:36,63.097,100,
13:25:56,63.11,100,
13:25:56,63.11,100,
13:26:06,63.10,300,
13:26:09,63.11,200,
13:26:09,63.12,100,
13:26:09,63.12,300,
13:26:09,63.12,200,
13:26:09,63.12,200,
13:26:09,63.12,100,
13:26:10,63.12,100,
13:26:10,63.12,100,
13:26:40,63.1116,100,
13:27:13,63.1274,600,
13:27:20,63.12,300,
13:27:55,63.10,799,
13:27:58,63.11,100,
13:27:58,63.11,500,
13:27:58,63.11,100,
13:27:58,63.11,100,
13:27:58,63.11,100,
13:28:00,63.11,100,
13:28:01,63.10,100,
13:28:08,63.10,500,
13:28:10,63.10,100,
13:28:17,63.11,500,
13:28:24,63.13,100,
13:28:24,63.13,100,
13:28:25,63.13,100,
13:28:25,63.1317,535,
13:28:37,63.13,100,
13:29:11,63.13,100,
13:29:27,63.12,100,
13:29:28,63.13,200,
13:29:28,63.13,500,
13:29:28,63.13,100,
13:29:29,63.13,100,
13:29:32,63.13,100,
13:29:49,63.1301,500,
13:30:09,63.16,300,
13:30:10,63.16,200,
13:30:10,63.16,200,
13:30:12,63.17,100,
13:30:12,63.18,300,
13:30:12,63.18,100,
13:30:12,63.17,100,
13:30:12,63.20,100,
13:30:13,63.17,100,
13:30:14,63.21,152,
13:30:14,63.21,100,
13:30:15,63.20,200,
13:30:23,63.17,100,
13:30:23,63.17,100,
13:30:24,63.17,100,
13:30:32,63.20,100,
13:30:33,63.196,300,
13:30:34,63.21,500,
13:30:34,63.21,100,
13:30:34,63.21,100,
13:30:56,63.1901,400,
13:31:03,63.23,500,
13:31:04,63.23,177,
13:31:04,63.23,100,
13:31:11,63.22,100,
13:31:13,63.23,100,
13:31:13,63.23,100,
13:31:14,63.23,100,
13:31:14,63.23,100,
13:31:16,63.23,100,
13:31:16,63.23,100,
13:31:16,63.23,100,
13:31:18,63.24,217,
13:31:18,63.24,100,
13:31:20,63.23,100,
13:31:23,63.23,100,
13:31:23,63.24,100,
13:31:23,63.25,100,
13:31:24,63.24,100,
13:31:38,63.25,100,
13:31:38,63.26,200,
13:31:39,63.27,300,
13:31:39,63.27,100,
13:31:39,63.27,200,
13:31:39,63.27,100,
13:31:40,63.28,100,
13:31:40,63.28,100,
13:31:40,63.26,300,
13:31:46,63.2599,200,
13:31:46,63.26,100,
13:31:52,63.25,500,
13:31:52,63.25,100,
13:31:54,63.25,100,
13:32:06,63.1899,300,
13:32:13,63.20,100,
13:32:14,63.22,152,
13:32:14,63.22,300,
13:32:14,63.22,100,
13:32:14,63.23,100,
13:32:14,63.23,146,
13:32:17,63.22,200,
13:32:17,63.23,100,
13:32:41,63.17,200,
13:32:41,63.1516,420,
13:32:51,63.16,100,
13:32:57,63.16,448,
13:32:57,63.17,100,
13:33:15,63.13,200,
13:33:15,63.12,100,
13:33:15,63.12,100,
13:33:15,63.12,400,
13:33:31,63.11,130,
13:33:31,63.11,100,
13:33:31,63.11,100,
13:33:31,63.11,200,
13:33:31,63.10,100,
13:33:33,63.10,200,
13:33:33,63.10,147,
13:33:33,63.09,100,
13:33:33,63.10,100,
13:33:36,63.10,100,
13:33:39,63.12,100,
13:33:39,63.11,100,
13:33:39,63.11,100,
13:33:40,63.10,100,
13:33:42,63.09,100,
13:33:43,63.09,100,
13:33:48,63.11,100,
13:33:50,63.12,200,
13:33:50,63.12,100,
13:33:58,63.13,100,
