09:30:00,56.50,300,
09:30:00,56.52,300,
09:30:00,56.49,100,
09:30:00,56.48,100,
09:30:07,56.32,300,
09:30:07,56.32,100,
09:30:09,56.27,300,
09:30:09,56.27,200,
09:30:09,56.27,100,
09:30:09,56.27,200,
09:30:09,56.27,100,
09:30:09,56.27,100,
09:30:09,56.28,200,
09:30:09,56.28,300,
09:30:09,56.27,100,
09:30:09,56.28,300,
09:30:10,56.20,100,
09:30:10,56.20,300,
09:30:10,56.20,100,
09:30:10,56.20,300,
09:30:10,56.21,300,
09:30:11,56.23,200,
09:30:11,56.23,100,
09:30:12,56.23,300,
09:30:12,56.23,100,
09:30:12,56.23,200,
09:30:12,56.23,300,
09:30:12,56.23,300,
09:30:12,56.20,200,
09:30:13,56.20,300,
09:30:13,56.20,200,
09:30:13,56.20,100,
09:30:13,56.20,300,
09:30:13,56.21,200,
09:30:13,56.23,122,
09:30:13,56.23,300,
09:30:14,56.35,100,
09:30:16,56.23,300,
09:30:16,56.23,300,
09:30:16,56.23,300,
09:30:17,56.22,200,
09:30:17,56.22,200,
09:30:18,56.21,300,
09:30:18,56.21,100,
09:30:18,56.21,200,
09:30:20,56.23,100,
09:30:20,56.23,200,
09:30:21,56.279,100,
09:30:23,56.23,100,
09:30:24,56.201,1000,
09:30:26,56.488,959,
09:30:27,56.23,300,
09:30:31,56.16,300,
09:30:33,56.18,100,
09:30:33,56.20,100,
09:30:35,56.20,100,
09:30:35,56.2052,1000,
09:30:36,56.21,100,
09:30:36,56.23,100,
09:30:36,56.21,300,
09:30:38,56.2299,300,
09:30:39,56.23,300,
09:30:43,56.22,1000,
09:30:46,56.25,100,
09:30:46,56.25,100,
09:30:46,56.27,300,
09:30:46,56.26,100,
09:30:46,56.28,100,
09:30:48,56.27,100,
09:30:48,56.2642,400,
09:30:48,56.27,300,
09:30:48,56.27,100,
09:30:54,56.2599,100,
09:30:54,56.26,100,
09:30:54,56.2506,134,
09:31:00,56.26,100,
09:31:01,56.21,100,
09:31:01,56.21,100,
09:31:03,56.23,100,
09:31:03,56.23,100,
09:31:03,56.2196,100,
09:31:03,56.23,100,
09:31:03,56.23,300,
09:31:03,56.21,200,
09:31:03,56.21,100,
09:31:03,56.23,100,
09:31:03,56.23,500,
09:31:03,56.23,100,
09:31:03,56.23,100,
09:31:03,56.24,300,
09:31:06,56.26,100,
09:31:06,56.26,100,
09:31:07,56.25,100,
09:31:12,56.23,200,
09:31:15,56.28,100,
09:31:20,56.29,100,
09:31:20,56.29,400,
09:31:20,56.31,200,
09:31:22,56.26,400,
09:31:28,56.26,300,
09:31:28,56.26,200,
09:31:29,56.31,100,
09:31:31,56.31,200,
09:31:34,56.307,5300,
09:31:43,56.30,100,
09:31:47,56.34,300,
09:31:47,56.37,100,
09:31:51,56.37,200,
09:31:51,56.37,100,
09:31:51,56.37,300,
09:31:53,56.40,100,
09:31:54,56.3952,400,
09:31:57,56.34,200,
09:31:57,56.34,100,
09:31:59,56.32,2200,
09:32:04,56.33,1000,
09:32:11,56.33,100,
09:32:11,56.3289,300,
09:32:13,56.33,100,
09:32:14,56.35,200,
09:32:16,56.34,100,
09:32:16,56.34,300,
09:32:16,56.34,300,
09:32:17,56.347,100,
09:32:18,56.34,100,
09:32:18,56.34,100,
09:32:22,56.3251,400,
09:32:24,56.30,100,
09:32:25,56.28,100,
09:32:28,56.296,700,
09:32:30,56.26,100,
09:32:30,56.26,100,
09:32:32,56.259,800,
09:32:32,56.2301,200,
09:32:36,56.23,200,
09:32:36,56.21,300,
09:32:45,56.1899,150,
09:32:46,56.17,100,
09:32:52,56.1414,100,
09:32:55,56.13,200,
09:32:57,56.1201,400,
09:33:02,56.13,100,
09:33:04,56.126,500,
09:33:09,56.12,400,
09:33:14,56.15,100,
09:33:15,56.13,100,
09:33:17,56.09,300,
09:33:17,56.0505,794,
09:33:18,56.052,200,
09:33:20,56.084,300,
09:33:21,56.09,100,
09:33:21,56.10,100,
09:33:22,56.1039,1000,
09:33:26,56.08,100,
09:33:27,56.09,300,
09:33:27,56.09,300,
09:33:28,56.09,300,
09:33:28,56.10,3400,
09:33:29,56.11,100,
09:33:30,56.10,200,
09:33:31,56.13,100,
09:33:31,56.13,100,
09:33:33,56.14,900,
09:33:33,56.14,100,
09:33:34,56.15,100,
09:33:34,56.11,200,
09:33:35,56.09,100,
09:33:35,56.1036,2100,
09:33:37,56.104,100,
09:33:40,56.13,300,
09:33:40,56.13,3200,
09:33:40,56.129,100,
09:33:49,56.10,100,
09:33:49,56.10,100,
09:33:49,56.10,100,
09:33:50,56.07,300,
09:33:53,56.078,300,
09:33:57,56.09,100,
09:34:01,56.08,100,
09:34:03,56.08,100,
09:34:03,56.09,100,
09:34:03,56.08,100,
09:34:05,56.0801,200,
09:34:08,56.09,300,
09:34:08,56.09,300,
09:34:08,56.09,124,
09:34:09,56.1299,2000,
09:34:12,56.13,100,
09:34:17,56.1899,400,
09:34:17,56.19,100,
09:34:17,56.1822,300,
09:34:19,56.22,100,
09:34:19,56.19,700,
09:34:19,56.19,100,
09:34:22,56.19,400,
09:34:23,56.1899,800,
09:34:23,56.17,300,
09:34:23,56.19,300,
09:34:23,56.1899,500,
09:34:23,56.19,200,
09:34:24,56.17,100,
09:34:26,56.162,400,
09:34:26,56.17,100,
09:34:26,56.1699,100,
09:34:29,56.1698,300,
09:34:30,56.15,200,
09:34:31,56.12,200,
09:34:37,56.11,200,
09:34:41,56.10,100,
09:34:44,56.12,100,
09:34:44,56.12,300,
09:34:45,56.13,200,
09:34:45,56.13,100,
09:34:45,56.13,100,
09:34:47,56.17,200,
09:34:47,56.16,300,
09:34:47,56.17,100,
09:34:47,56.1599,700,
09:34:52,56.1899,100,
09:34:52,56.19,100,
09:34:52,56.19,100,
09:34:53,56.174,500,
09:35:01,56.171,250,
09:35:03,56.20,298,
09:35:03,56.21,200,
09:35:03,56.20,100,
09:35:03,56.20,100,
09:35:04,56.21,300,
09:35:10,56.20,100,
09:35:10,56.21,100,
09:35:14,56.254,500,
09:35:17,56.20,100,
09:35:19,56.20,100,
09:35:19,56.20,200,
09:35:21,56.21,100,
09:35:23,56.206,200,
09:35:29,56.19,100,
09:35:29,56.19,100,
09:35:30,56.198,500,
09:35:32,56.15,100,
09:35:38,56.15,200,
09:35:38,56.16,200,
09:35:38,56.16,100,
09:35:38,56.17,200,
09:35:47,56.21,100,
09:35:47,56.22,100,
09:35:47,56.21,100,
09:35:48,56.21,200,
09:35:49,56.24,100,
09:35:49,56.23,200,
09:35:51,56.21,100,
09:35:52,56.20,100,
09:35:52,56.20,100,
09:35:52,56.20,100,
09:35:53,56.1914,600,
09:35:54,56.20,100,
09:35:56,56.17,700,
09:35:58,56.21,100,
09:35:58,56.21,200,
09:36:01,56.2002,1000,
09:36:04,56.20,200,
09:36:04,56.19,100,
09:36:04,56.20,100,
09:36:05,56.19,100,
09:36:05,56.20,300,
09:36:05,56.22,800,
09:36:16,56.25,100,
09:36:19,56.2508,100,
09:36:20,56.24,100,
09:36:20,56.24,450,
09:36:21,56.24,200,
09:36:24,56.22,100,
09:36:26,56.21,400,
09:36:28,56.2099,100,
09:36:28,56.21,100,
09:36:30,56.20,100,
09:36:33,56.19,100,
09:36:34,56.18,100,
09:36:34,56.181,100,
09:36:34,56.185,100,
09:36:35,56.20,100,
09:36:35,56.20,100,
09:36:35,56.20,100,
09:36:35,56.21,100,
09:36:35,56.21,100,
09:36:35,56.20,100,
09:36:35,56.20,100,
09:36:35,56.20,200,
09:36:35,56.20,200,
09:36:35,56.24,200,
09:36:35,56.24,200,
09:36:35,56.27,100,
09:36:35,56.24,100,
09:36:35,56.27,100,
09:36:37,56.28,200,
09:36:38,56.32,100,
09:36:38,56.32,100,
09:36:38,56.32,100,
09:36:38,56.30,100,
09:36:38,56.30,100,
09:36:42,56.26,100,
09:36:42,56.27,100,
09:36:44,56.28,100,
09:36:44,56.28,200,
09:36:47,56.29,100,
09:36:47,56.30,100,
09:36:50,56.3101,2700,
09:36:52,56.35,100,
09:36:55,56.39,200,
09:36:55,56.39,100,
09:36:59,56.37,800,
09:36:59,56.37,100,
09:37:01,56.37,100,
09:37:01,56.36,100,
09:37:02,56.36,100,
09:37:02,56.36,190,
09:37:03,56.34,200,
09:37:03,56.34,100,
09:37:03,56.34,300,
09:37:05,56.35,300,
09:37:05,56.35,200,
09:37:05,56.3799,400,
09:37:12,56.41,100,
09:37:18,56.41,100,
09:37:18,56.39,100,
09:37:24,56.3301,600,
09:37:33,56.36,300,
09:37:33,56.36,100,
09:37:33,56.37,300,
09:37:33,56.37,100,
09:37:33,56.39,500,
09:37:33,56.39,200,
09:37:33,56.39,100,
09:37:33,56.40,100,
09:37:33,56.40,100,
09:37:40,56.31,200,
09:37:49,56.3499,100,
09:37:54,56.35,700,
09:38:03,56.35,100,
09:38:13,56.3599,200,
09:38:14,56.36,200,
09:38:14,56.36,200,
09:38:14,56.36,100,
09:38:20,56.3599,2700,
09:38:21,56.36,100,
09:38:21,56.38,100,
09:38:26,56.35,100,
09:38:26,56.35,100,
09:38:33,56.3299,200,
09:38:40,56.33,300,
09:38:40,56.33,200,
09:38:40,56.33,200,
09:38:47,56.32,100,
09:38:53,56.351,250,
09:38:58,56.32,300,
09:39:00,56.22,1700,
09:39:01,56.24,300,
09:39:01,56.24,100,
09:39:03,56.26,100,
09:39:03,56.26,100,
09:39:05,56.28,800,
09:39:05,56.28,700,
09:39:05,56.27,400,
09:39:05,56.30,100,
09:39:05,56.28,200,
09:39:05,56.28,200,
09:39:05,56.31,200,
09:39:05,56.28,200,
09:39:05,56.28,200,
09:39:05,56.33,100,
09:39:05,56.31,300,
09:39:05,56.28,300,
09:39:06,56.29,100,
09:39:07,56.2582,5000,
09:39:13,56.25,100,
09:39:16,56.28,300,
09:39:20,56.29,100,
09:39:31,56.2948,300,
09:39:38,56.26,100,
09:39:38,56.241,300,
09:39:45,56.221,100,
09:39:46,56.27,200,
09:39:49,56.27,100,
09:39:53,56.316,1000,
09:40:00,56.33,100,
09:40:00,56.33,100,
09:40:01,56.31,200,
09:40:05,56.32,2000,
09:40:10,56.28,300,
09:40:22,56.23,100,
09:40:22,56.23,100,
09:40:22,56.23,300,
09:40:22,56.23,100,
09:40:22,56.23,300,
09:40:22,56.24,100,
09:40:23,56.25,100,
09:40:33,56.29,300,
09:40:33,56.30,200,
09:40:37,56.32,200,
09:40:40,56.3002,100,
09:40:46,56.33,100,
09:40:53,56.3102,100,
09:41:00,56.29,100,
09:41:00,56.29,100,
09:41:15,56.26,100,
09:41:25,56.2602,100,
09:41:27,56.28,100,
09:41:27,56.28,100,
09:41:30,56.29,300,
09:41:32,56.281,100,
09:41:35,56.288,400,
09:41:41,56.282,100,
09:41:41,56.28,300,
09:41:53,56.282,100,
09:41:56,56.28,100,
09:41:58,56.28,300,
09:42:03,56.26,100,
09:42:03,56.26,100,
09:42:03,56.26,200,
09:42:05,56.26,100,
09:42:06,56.27,500,
09:42:06,56.2701,800,
09:42:22,56.26,100,
09:42:22,56.25,100,
09:42:22,56.26,300,
09:42:22,56.26,300,
09:42:22,56.26,200,
09:42:22,56.26,200,
09:42:22,56.23,100,
09:42:22,56.23,100,
09:42:22,56.26,200,
09:42:22,56.21,100,
09:42:23,56.18,750,
09:42:23,56.18,2000,
09:42:23,56.19,100,
09:42:23,56.19,100,
09:42:23,56.19,100,
09:42:23,56.182,100,
09:42:24,56.19,100,
09:42:24,56.19,100,
09:42:24,56.19,100,
09:42:24,56.19,100,
09:42:24,56.19,100,
09:42:24,56.19,100,
09:42:24,56.19,100,
09:42:24,56.19,200,
09:42:27,56.1701,400,
09:42:28,56.16,100,
09:42:28,56.17,100,
09:42:28,56.17,100,
09:42:28,56.16,100,
09:42:28,56.14,400,
09:42:29,56.13,100,
09:42:31,56.17,200,
09:42:33,56.24,100,
09:42:33,56.24,100,
09:42:34,56.221,300,
09:42:34,56.22,100,
09:42:37,56.24,100,
09:42:38,56.2472,600,
09:42:46,56.24,100,
09:42:46,56.23,100,
09:42:46,56.26,100,
09:42:51,56.26,100,
09:42:51,56.26,200,
09:42:52,56.29,100,
09:42:52,56.29,100,
09:42:54,56.30,100,
09:43:10,56.3299,2300,
09:43:11,56.33,300,
09:43:17,56.32,100,
09:43:20,56.32,1700,
09:43:25,56.291,100,
09:43:33,56.309,790,
09:43:38,56.28,100,
09:43:38,56.27,100,
09:43:38,56.27,300,
09:43:39,56.259,100,
09:43:39,56.26,200,
09:43:47,56.2084,200,
09:43:47,56.201,100,
09:43:48,56.22,100,
09:43:52,56.24,100,
09:43:52,56.26,100,
09:43:52,56.26,100,
09:43:52,56.26,200,
09:43:52,56.26,200,
09:43:53,56.30,200,
09:43:53,56.30,300,
09:43:54,56.28,100,
09:43:54,56.30,100,
09:43:54,56.30,300,
09:43:54,56.30,300,
09:43:54,56.30,300,
09:43:58,56.3003,1000,
09:43:59,56.30,100,
09:44:17,56.26,100,
09:44:23,56.25,100,
09:44:23,56.26,100,
09:44:31,56.20,100,
09:44:33,56.2002,100,
09:44:35,56.2002,1000,
09:44:35,56.23,100,
09:44:35,56.23,100,
09:44:35,56.23,100,
09:44:35,56.23,100,
09:44:35,56.23,100,
09:44:35,56.23,100,
09:44:42,56.24,200,
09:44:45,56.26,100,
09:44:52,56.20,800,
09:45:00,56.20,100,
09:45:00,56.20,300,
09:45:04,56.16,100,
09:45:04,56.16,100,
09:45:04,56.16,100,
09:45:09,56.1502,2000,
09:45:10,56.142,1000,
09:45:12,56.1599,600,
09:45:13,56.13,300,
09:45:13,56.13,300,
09:45:13,56.13,200,
09:45:13,56.13,100,
09:45:14,56.10,410,
09:45:14,56.13,200,
09:45:15,56.122,250,
09:45:23,56.14,300,
09:45:24,56.14,100,
09:45:25,56.14,200,
09:45:26,56.13,400,
09:45:30,56.21,200,
09:45:30,56.21,100,
09:45:32,56.21,100,
09:45:44,56.16,100,
09:45:45,56.16,100,
09:45:45,56.16,100,
09:45:45,56.16,100,
09:45:53,56.11,300,
09:45:54,56.112,1000,
09:45:58,56.11,100,
09:46:00,56.101,200,
09:46:08,56.13,300,
09:46:09,56.1573,600,
09:46:09,56.16,300,
09:46:09,56.16,300,
09:46:10,56.20,100,
09:46:10,56.20,100,
09:46:12,56.20,100,
09:46:18,56.18,200,
09:46:27,56.15,600,
09:46:30,56.12,100,
09:46:30,56.12,200,
09:46:32,56.16,100,
09:46:32,56.16,300,
09:46:32,56.16,300,
09:46:36,56.20,200,
09:46:36,56.21,100,
09:46:48,56.2128,530,
09:46:53,56.19,200,
09:46:56,56.20,300,
09:46:59,56.20,200,
09:47:00,56.24,100,
09:47:06,56.25,100,
09:47:06,56.25,100,
09:47:09,56.24,200,
09:47:10,56.2226,200,
09:47:11,56.24,200,
09:47:11,56.24,200,
09:47:14,56.26,100,
09:47:14,56.26,100,
09:47:18,56.29,100,
09:47:18,56.30,100,
09:47:18,56.30,100,
09:47:18,56.30,100,
09:47:18,56.30,300,
09:47:22,56.33,200,
09:47:22,56.34,100,
09:47:22,56.34,100,
09:47:22,56.3797,800,
09:47:24,56.38,668,
09:47:24,56.36,100,
09:47:25,56.35,100,
09:47:25,56.35,100,
09:47:25,56.3501,100,
09:47:25,56.35,100,
09:47:27,56.36,100,
09:47:27,56.36,100,
09:47:27,56.36,300,
09:47:27,56.36,100,
09:47:30,56.38,300,
09:47:30,56.3868,1000,
09:47:33,56.36,300,
09:47:33,56.36,150,
09:47:35,56.3599,300,
09:47:35,56.36,100,
09:47:36,56.3599,500,
09:47:37,56.38,100,
09:47:41,56.35,100,
09:47:41,56.35,100,
09:47:44,56.37,100,
09:47:46,56.3727,600,
09:47:50,56.3711,400,
09:48:04,56.36,100,
09:48:04,56.3672,100,
09:48:04,56.36,100,
09:48:06,56.3687,250,
09:48:11,56.34,300,
09:48:14,56.36,200,
09:48:14,56.36,100,
09:48:14,56.36,200,
09:48:14,56.36,100,
09:48:14,56.37,100,
09:48:14,56.37,300,
09:48:14,56.39,125,
09:48:14,56.39,300,
09:48:16,56.4199,100,
09:48:16,56.42,100,
09:48:17,56.41,100,
09:48:18,56.36,300,
09:48:24,56.36,200,
09:48:24,56.37,200,
09:48:34,56.37,100,
09:48:37,56.35,100,
09:48:54,56.36,200,
09:48:54,56.36,100,
09:48:59,56.40,200,
09:48:59,56.40,300,
09:48:59,56.40,100,
09:49:06,56.40,500,
09:49:11,56.40,100,
09:49:19,56.40,100,
09:49:22,56.40,100,
09:49:26,56.398,423,
09:49:32,56.38,200,
09:49:33,56.36,101,
09:50:01,56.36,100,
09:50:01,56.36,100,
09:50:06,56.36,200,
09:50:06,56.36,100,
09:50:06,56.36,100,
09:50:06,56.36,100,
09:50:06,56.36,100,
09:50:06,56.36,100,
09:50:06,56.36,100,
09:50:06,56.36,200,
09:50:06,56.39,200,
09:50:07,56.39,100,
09:50:09,56.37,200,
09:50:20,56.45,100,
09:50:22,56.45,100,
09:50:23,56.46,1150,
09:50:24,56.46,100,
09:50:24,56.46,100,
09:50:24,56.46,100,
09:50:30,56.4437,100,
09:50:30,56.45,100,
09:50:30,56.4499,100,
09:50:35,56.43,300,
09:50:42,56.4168,600,
09:50:45,56.45,100,
09:50:47,56.431,300,
09:50:50,56.478,500,
09:50:50,56.47,100,
09:50:51,56.4599,100,
09:50:52,56.4599,100,
09:50:52,56.4599,200,
09:50:52,56.46,300,
09:50:52,56.46,100,
09:50:52,56.47,100,
09:50:52,56.47,300,
09:50:52,56.47,300,
09:50:52,56.47,100,
09:50:52,56.4699,100,
09:50:52,56.4699,181,
09:50:52,56.4699,100,
09:50:56,56.46,100,
09:50:56,56.47,100,
09:50:56,56.47,100,
09:51:07,56.47,200,
09:51:07,56.47,200,
09:51:10,56.49,100,
09:51:17,56.4705,200,
09:51:22,56.479,100,
09:51:25,56.4799,100,
09:51:26,56.4604,1000,
09:51:26,56.45,200,
09:51:32,56.42,100,
09:51:56,56.43,200,
09:51:56,56.43,100,
09:51:56,56.43,100,
09:51:56,56.43,100,
09:51:56,56.43,200,
09:51:56,56.43,100,
09:51:58,56.4251,200,
09:52:01,56.41,100,
09:52:20,56.43,100,
09:52:21,56.44,300,
09:52:24,56.45,100,
09:52:30,56.4599,1200,
09:52:32,56.4648,250,
09:52:37,56.436,500,
09:52:39,56.44,300,
09:52:42,56.4602,100,
09:52:48,56.48,200,
09:52:48,56.48,100,
09:52:48,56.48,100,
09:52:48,56.46,100,
09:52:48,56.46,100,
09:52:48,56.46,100,
09:52:48,56.46,200,
09:52:48,56.46,100,
09:52:48,56.46,100,
09:52:48,56.47,100,
09:52:48,56.47,200,
09:52:48,56.47,200,
09:52:50,56.4899,500,
09:52:50,56.49,100,
09:52:50,56.4759,100,
09:52:56,56.4702,100,
09:53:04,56.48,100,
09:53:04,56.48,300,
09:53:15,56.4201,100,
09:53:15,56.42,100,
09:53:21,56.4202,100,
09:53:28,56.429,200,
09:53:30,56.41,200,
09:53:34,56.412,1000,
09:53:38,56.40,100,
09:53:38,56.40,100,
09:53:47,56.39,100,
09:53:47,56.39,100,
09:53:51,56.419,175,
09:53:55,56.39,100,
09:53:55,56.39,100,
09:53:55,56.39,100,
09:54:02,56.35,100,
09:54:10,56.364,500,
09:54:36,56.419,500,
09:54:46,56.4196,100,
09:54:58,56.43,200,
09:54:58,56.43,100,
09:54:58,56.49,300,
09:54:58,56.47,200,
09:54:58,56.47,100,
09:55:00,56.45,100,
09:55:06,56.48,100,
09:55:10,56.50,100,
09:55:10,56.50,200,
09:55:17,56.505,100,
09:55:18,56.50,100,
09:55:22,56.492,500,
09:55:26,56.48,100,
09:55:29,56.53,100,
09:55:30,56.5498,500,
09:55:31,56.5985,500,
09:55:31,56.5999,200,
09:55:32,56.5997,100,
09:55:32,56.62,100,
09:55:33,56.6261,500,
09:55:36,56.6102,200,
09:55:37,56.63,300,
09:55:37,56.6218,100,
09:55:37,56.6299,100,
09:55:37,56.61,1000,
09:55:37,56.64,100,
09:55:37,56.63,600,
09:55:37,56.6399,100,
09:55:38,56.659,700,
09:55:38,56.659,700,
09:55:38,56.67,1400,
09:55:39,56.6301,400,
09:55:40,56.66,500,
09:55:42,56.63,100,
09:55:44,56.649,100,
09:55:44,56.6438,100,
09:55:44,56.65,200,
09:55:44,56.65,100,
09:55:44,56.65,100,
09:55:44,56.65,100,
09:55:46,56.6498,200,
09:55:47,56.65,200,
09:55:47,56.65,300,
09:55:49,56.6406,100,
09:55:49,56.66,300,
09:55:49,56.658,1000,
09:55:49,56.66,100,
09:55:49,56.66,100,
09:55:49,56.66,100,
09:55:49,56.66,100,
09:55:49,56.69,100,
09:55:49,56.70,300,
09:55:49,56.69,300,
09:55:49,56.69,100,
09:55:49,56.67,700,
09:55:49,56.67,400,
09:55:49,56.68,100,
09:55:49,56.69,100,
09:55:49,56.69,100,
09:55:49,56.72,200,
09:55:49,56.67,100,
09:55:49,56.67,100,
09:55:49,56.73,100,
09:55:49,56.74,100,
09:55:49,56.69,400,
09:55:49,56.71,800,
09:55:49,56.71,100,
09:55:49,56.71,200,
09:55:49,56.71,300,
09:55:52,56.652,185,
09:55:52,56.669,105,
09:55:52,56.6502,300,
09:55:54,56.65,100,
09:55:56,56.6197,200,
09:55:58,56.629,500,
09:55:58,56.5774,1000,
09:55:59,56.5739,1000,
09:56:00,56.56,1000,
09:56:00,56.56,1500,
09:56:02,56.56,200,
09:56:02,56.56,200,
09:56:04,56.5889,500,
09:56:04,56.558,100,
09:56:06,56.5861,500,
09:56:13,56.57,300,
09:56:13,56.57,200,
09:56:14,56.55,700,
09:56:14,56.55,200,
09:56:14,56.55,300,
09:56:14,56.54,100,
09:56:14,56.55,100,
09:56:14,56.54,600,
09:56:14,56.54,200,
09:56:14,56.55,200,
09:56:14,56.55,700,
09:56:14,56.55,100,
09:56:14,56.55,200,
09:56:14,56.55,300,
09:56:14,56.55,300,
09:56:17,56.51,100,
09:56:22,56.53,100,
09:56:22,56.5492,200,
09:56:23,56.53,300,
09:56:23,56.52,200,
09:56:24,56.53,100,
09:56:24,56.53,100,
09:56:25,56.53,100,
09:56:29,56.51,100,
09:56:29,56.50,100,
09:56:29,56.50,100,
09:56:29,56.492,400,
09:56:31,56.5005,500,
09:56:32,56.4602,200,
09:56:34,56.485,200,
09:56:39,56.491,500,
09:56:45,56.528,650,
09:56:48,56.549,150,
09:56:53,56.5402,300,
09:56:54,56.5699,600,
09:56:54,56.57,600,
09:56:54,56.57,200,
09:56:55,56.57,100,
09:56:55,56.57,100,
09:56:55,56.5699,100,
09:57:03,56.60,300,
09:57:03,56.60,100,
09:57:04,56.64,100,
09:57:04,56.64,100,
09:57:08,56.5902,200,
09:57:14,56.6299,2000,
09:57:19,56.62,100,
09:57:19,56.62,100,
09:57:20,56.64,100,
09:57:20,56.64,100,
09:57:20,56.65,100,
09:57:26,56.669,500,
09:57:27,56.61,200,
09:57:27,56.64,300,
09:57:27,56.64,300,
09:57:31,56.61,300,
09:57:31,56.61,200,
09:57:32,56.639,150,
09:57:42,56.71,200,
09:57:42,56.71,200,
09:57:46,56.718,1150,
09:57:51,56.6801,239,
09:57:51,56.72,100,
09:57:51,56.71,100,
09:57:51,56.71,200,
09:57:51,56.71,300,
09:57:53,56.7299,200,
09:58:02,56.71,100,
09:58:10,56.66,200,
09:58:10,56.6499,200,
09:58:13,56.65,100,
09:58:15,56.70,300,
09:58:15,56.69,200,
09:58:19,56.71,100,
09:58:23,56.7099,2000,
09:58:29,56.6702,100,
09:58:30,56.66,200,
09:58:30,56.66,300,
09:58:33,56.67,100,
09:58:33,56.66,150,
09:58:43,56.678,1000,
09:58:44,56.71,100,
09:58:44,56.71,100,
09:58:44,56.7099,100,
09:58:45,56.71,100,
09:58:46,56.71,600,
09:58:47,56.709,500,
09:58:48,56.71,100,
09:58:48,56.71,100,
09:58:59,56.689,200,
09:58:59,56.689,200,
09:59:09,56.70,100,
09:59:10,56.69,100,
09:59:11,56.679,100,
09:59:11,56.68,200,
09:59:14,56.68,300,
09:59:15,56.679,603,
09:59:17,56.66,500,
09:59:33,56.6695,250,
09:59:40,56.65,200,
09:59:52,56.646,1000,
09:59:57,56.68,1100,
09:59:59,56.6801,2000,
10:00:05,56.72,100,
10:00:07,56.74,200,
10:00:07,56.73,100,
10:00:08,56.73,200,
10:00:08,56.73,100,
10:00:08,56.73,200,
10:00:08,56.73,100,
10:00:08,56.73,100,
10:00:12,56.72,100,
10:00:12,56.7189,500,
10:00:12,56.72,100,
10:00:13,56.71,1000,
10:00:13,56.72,300,
10:00:13,56.74,200,
10:00:13,56.74,100,
10:00:13,56.74,100,
10:00:13,56.74,143,
10:00:13,56.74,200,
10:00:13,56.74,100,
10:00:13,56.75,100,
10:00:14,56.74,300,
10:00:14,56.73,100,
10:00:14,56.74,300,
10:00:16,56.73,100,
10:00:18,56.73,100,
10:00:30,56.74,100,
10:00:31,56.75,100,
10:00:32,56.744,1280,
10:00:38,56.75,700,
10:00:41,56.734,100,
10:00:45,56.7433,100,
10:00:45,56.75,100,
10:00:45,56.748,100,
10:00:46,56.76,300,
10:00:46,56.76,3200,
10:00:46,56.77,100,
10:00:46,56.80,200,
10:00:46,56.81,200,
10:00:46,56.81,100,
10:00:46,56.80,200,
10:00:46,56.78,200,
10:00:46,56.80,100,
10:00:46,56.80,600,
10:00:46,56.799,200,
10:00:47,56.76,100,
10:00:50,56.74,100,
10:00:50,56.72,300,
10:00:50,56.72,300,
10:00:51,56.70,269,
10:00:51,56.70,231,
10:00:51,56.68,200,
10:00:51,56.69,100,
10:00:51,56.68,200,
10:00:51,56.68,100,
10:00:51,56.67,200,
10:00:51,56.66,100,
10:00:51,56.66,1398,
10:00:51,56.66,500,
10:00:51,56.66,200,
10:00:51,56.68,100,
10:00:53,56.67,100,
10:00:53,56.67,100,
10:00:53,56.67,100,
10:00:53,56.67,100,
10:00:53,56.67,200,
10:00:53,56.67,300,
10:00:53,56.67,100,
10:00:53,56.67,200,
10:00:54,56.68,100,
10:00:54,56.70,100,
10:00:54,56.70,100,
10:00:54,56.70,100,
10:00:54,56.70,100,
10:00:54,56.70,300,
10:00:54,56.71,141,
10:00:56,56.6848,400,
10:00:56,56.63,300,
10:00:57,56.64,300,
10:00:57,56.67,100,
10:00:57,56.67,100,
10:00:58,56.68,200,
10:00:58,56.68,300,
10:00:58,56.67,300,
10:00:58,56.67,300,
10:00:58,56.67,300,
10:00:58,56.68,200,
10:00:58,56.71,200,
10:00:58,56.71,100,
10:00:58,56.69,700,
10:00:58,56.72,116,
10:00:58,56.66,200,
10:00:58,56.66,100,
10:00:58,56.66,200,
10:00:59,56.687,100,
10:01:01,56.684,100,
10:01:03,56.63,300,
10:01:03,56.64,300,
10:01:03,56.64,300,
10:01:03,56.63,300,
10:01:04,56.64,100,
10:01:07,56.634,300,
10:01:10,56.6556,200,
10:01:11,56.64,100,
10:01:11,56.64,200,
10:01:11,56.6099,200,
10:01:11,56.59,790,
10:01:13,56.6174,500,
10:01:15,56.59,135,
10:01:15,56.60,200,
10:01:15,56.60,100,
10:01:15,56.60,100,
10:01:17,56.63,100,
10:01:18,56.60,200,
10:01:19,56.63,100,
10:01:19,56.624,700,
10:01:19,56.63,200,
10:01:20,56.63,100,
10:01:20,56.63,100,
10:01:25,56.624,125,
10:01:28,56.58,100,
10:01:29,56.56,100,
10:01:30,56.5673,1350,
10:01:30,56.55,100,
10:01:30,56.55,500,
10:01:30,56.55,500,
10:01:30,56.55,100,
10:01:31,56.56,300,
10:01:31,56.5639,300,
10:01:31,56.54,100,
10:01:31,56.55,600,
10:01:33,56.54,100,
10:01:33,56.54,100,
10:01:49,56.5503,500,
10:01:59,56.55,100,
10:02:00,56.57,100,
10:02:01,56.578,300,
10:02:05,56.57,200,
10:02:05,56.57,200,
10:02:07,56.57,100,
10:02:08,56.589,100,
10:02:11,56.60,300,
10:02:11,56.59,200,
10:02:13,56.63,100,
10:02:13,56.63,133,
10:02:13,56.63,100,
10:02:14,56.6399,100,
10:02:16,56.61,100,
10:02:17,56.60,100,
10:02:22,56.5922,1000,
10:02:32,56.58,800,
10:02:43,56.60,300,
10:02:43,56.60,300,
10:02:43,56.61,100,
10:02:52,56.59,100,
10:02:52,56.59,300,
10:02:52,56.58,200,
10:02:52,56.59,200,
10:02:52,56.59,300,
10:02:58,56.584,500,
10:03:02,56.4999,400,
10:03:03,56.47,900,
10:03:03,56.47,200,
10:03:03,56.47,100,
10:03:03,56.47,200,
10:03:03,56.45,400,
10:03:04,56.47,100,
10:03:04,56.46,200,
10:03:04,56.46,100,
10:03:04,56.46,200,
10:03:04,56.49,200,
10:03:06,56.49,420,
10:03:07,56.47,100,
10:03:10,56.47,100,
10:03:13,56.43,100,
10:03:14,56.43,300,
10:03:15,56.4163,200,
10:03:15,56.43,100,
10:03:17,56.4127,500,
10:03:22,56.43,100,
10:03:22,56.43,200,
10:03:24,56.4101,2000,
10:03:29,56.41,200,
10:03:31,56.44,200,
10:03:32,56.43,100,
10:03:34,56.411,500,
10:03:35,56.41,100,
10:03:37,56.40,100,
10:03:37,56.39,100,
10:03:40,56.38,100,
10:03:40,56.38,100,
10:03:41,56.39,300,
10:03:51,56.3902,2000,
10:03:56,56.4128,700,
10:03:57,56.423,100,
10:04:00,56.46,100,
10:04:00,56.46,300,
10:04:00,56.46,200,
10:04:00,56.46,100,
10:04:00,56.48,200,
10:04:01,56.45,100,
10:04:01,56.462,100,
10:04:02,56.4559,1000,
10:04:05,56.45,200,
10:04:05,56.45,100,
10:04:05,56.45,200,
10:04:05,56.45,200,
10:04:08,56.46,100,
10:04:11,56.4772,550,
10:04:15,56.4703,1000,
10:04:20,56.48,100,
10:04:23,56.43,300,
10:04:29,56.42,100,
10:04:31,56.43,300,
10:04:31,56.43,300,
10:04:31,56.43,200,
10:04:31,56.43,200,
10:04:31,56.43,100,
10:04:39,56.44,100,
10:04:40,56.43,400,
10:04:47,56.46,100,
10:05:02,56.45,1399,
10:05:02,56.47,200,
10:05:06,56.49,200,
10:05:12,56.5174,1000,
10:05:12,56.54,300,
10:05:16,56.5141,1000,
10:05:21,56.52,100,
10:05:21,56.51,200,
10:05:31,56.51,100,
10:05:31,56.519,100,
10:05:32,56.509,100,
10:05:32,56.52,1400,
10:05:40,56.519,100,
10:05:43,56.50,150,
10:05:43,56.50,200,
10:05:45,56.50,100,
10:05:53,56.4826,100,
10:05:55,56.50,200,
10:05:55,56.50,100,
10:05:55,56.50,300,
10:05:55,56.50,300,
10:05:56,56.5099,1000,
10:06:00,56.529,100,
10:06:06,56.57,100,
10:06:06,56.57,300,
10:06:08,56.589,100,
10:06:08,56.59,280,
10:06:08,56.60,100,
10:06:09,56.59,100,
10:06:11,56.5868,200,
10:06:14,56.58,100,
10:06:19,56.6099,3800,
10:06:20,56.5928,450,
10:06:20,56.56,300,
10:06:20,56.58,400,
10:06:25,56.56,100,
10:06:31,56.5468,400,
10:06:43,56.5599,155,
10:06:43,56.5599,100,
10:07:01,56.55,300,
10:07:06,56.56,290,
10:07:08,56.59,100,
10:07:10,56.60,300,
10:07:10,56.60,300,
10:07:16,56.60,300,
10:07:16,56.60,300,
10:07:18,56.60,200,
10:07:19,56.60,100,
10:07:20,56.60,100,
10:07:20,56.61,1400,
10:07:22,56.66,100,
10:07:30,56.66,100,
10:07:36,56.65,100,
10:07:37,56.65,100,
10:07:39,56.63,200,
10:07:44,56.64,200,
10:07:44,56.64,400,
10:07:46,56.64,100,
10:07:51,56.63,200,
10:07:51,56.63,300,
10:07:52,56.62,500,
10:07:55,56.62,100,
10:07:55,56.6199,100,
10:07:57,56.63,100,
10:08:01,56.6202,100,
10:08:09,56.65,100,
10:08:12,56.67,250,
10:08:12,56.66,300,
10:08:14,56.67,100,
10:08:14,56.67,300,
10:08:14,56.67,200,
10:08:14,56.69,100,
10:08:16,56.692,100,
10:08:17,56.69,100,
10:08:20,56.68,1800,
10:08:22,56.70,300,
10:08:23,56.701,100,
10:08:26,56.6999,100,
10:08:28,56.681,100,
10:08:29,56.70,400,
10:08:29,56.70,300,
10:08:29,56.70,400,
10:08:29,56.70,300,
10:08:33,56.6402,100,
10:08:38,56.68,100,
10:08:52,56.71,100,
10:08:52,56.73,100,
10:08:52,56.73,100,
10:08:52,56.7298,100,
10:08:52,56.73,200,
10:08:53,56.73,200,
10:08:54,56.73,200,
10:08:54,56.73,100,
10:08:56,56.72,100,
10:08:58,56.71,200,
10:09:01,56.69,500,
10:09:05,56.67,300,
10:09:05,56.6526,500,
10:09:08,56.62,100,
10:09:16,56.59,300,
10:09:16,56.59,100,
10:09:17,56.601,1700,
10:09:20,56.5952,1000,
10:09:21,56.591,100,
10:09:24,56.63,200,
10:09:32,56.60,100,
10:09:35,56.578,1000,
10:09:38,56.57,100,
10:09:38,56.562,500,
10:09:40,56.60,100,
10:09:40,56.60,100,
10:09:44,56.65,200,
10:09:46,56.66,100,
10:09:47,56.65,179,
10:09:47,56.65,100,
10:09:52,56.66,100,
10:09:52,56.66,100,
10:09:56,56.68,100,
10:09:56,56.69,100,
10:09:56,56.68,100,
10:09:56,56.70,100,
10:09:56,56.70,100,
10:09:56,56.70,200,
10:09:56,56.70,100,
10:09:56,56.70,100,
10:09:56,56.70,100,
10:10:00,56.6835,800,
10:10:00,56.68,100,
10:10:29,56.65,100,
10:10:36,56.6578,150,
10:10:39,56.6684,200,
10:10:41,56.6999,200,
10:10:57,56.6897,500,
10:11:17,56.69,200,
10:11:18,56.681,1000,
10:11:24,56.66,100,
10:11:24,56.66,100,
10:11:24,56.66,200,
10:11:24,56.65,100,
10:11:30,56.661,500,
10:11:35,56.69,200,
10:11:35,56.70,100,
10:11:35,56.70,200,
10:11:35,56.70,200,
10:11:41,56.71,100,
10:11:41,56.71,200,
10:11:44,56.72,100,
10:11:47,56.73,2400,
10:11:48,56.73,100,
10:11:50,56.7299,100,
10:11:50,56.722,150,
10:11:56,56.72,100,
10:12:03,56.71,550,
10:12:04,56.67,300,
10:12:05,56.65,100,
10:12:05,56.63,178,
10:12:07,56.59,1600,
10:12:26,56.66,100,
10:12:34,56.67,100,
10:12:40,56.66,100,
10:12:44,56.6832,200,
10:12:46,56.6802,5000,
10:12:47,56.68,100,
10:12:47,56.68,200,
10:12:47,56.68,100,
10:12:47,56.67,300,
10:12:47,56.64,200,
10:13:02,56.64,100,
10:13:02,56.64,100,
10:13:02,56.65,100,
10:13:14,56.63,700,
10:13:22,56.66,300,
10:13:22,56.66,300,
10:13:22,56.67,100,
10:13:34,56.681,100,
10:13:36,56.70,125,
10:13:37,56.6911,300,
10:13:46,56.69,1686,
10:13:49,56.74,100,
10:13:49,56.74,200,
10:13:53,56.72,100,
10:13:53,56.72,100,
10:13:53,56.68,100,
10:13:55,56.68,300,
10:13:58,56.70,100,
10:13:58,56.698,220,
10:14:04,56.70,100,
10:14:12,56.6861,500,
10:14:21,56.6399,100,
10:14:22,56.64,100,
10:14:22,56.65,200,
10:14:22,56.66,100,
10:14:27,56.656,900,
10:14:33,56.63,100,
10:14:35,56.635,550,
10:14:44,56.60,100,
10:14:44,56.60,100,
10:14:44,56.62,100,
10:14:44,56.59,100,
10:14:46,56.57,400,
10:14:49,56.51,200,
10:14:54,56.52,100,
10:14:54,56.53,300,
10:14:54,56.52,100,
10:14:55,56.50,300,
10:14:57,56.51,300,
10:14:58,56.5281,100,
10:15:02,56.52,100,
10:15:02,56.52,100,
10:15:02,56.5199,100,
10:15:02,56.5199,100,
10:15:02,56.5199,100,
10:15:02,56.5199,100,
10:15:02,56.5199,100,
10:15:02,56.5199,100,
10:15:04,56.5001,200,
10:15:06,56.50,500,
10:15:08,56.50,200,
10:15:08,56.50,3200,
10:15:08,56.502,625,
10:15:10,56.52,100,
10:15:19,56.53,100,
10:15:20,56.52,100,
10:15:21,56.511,100,
10:15:31,56.53,100,
10:15:36,56.58,200,
10:15:36,56.586,250,
10:15:36,56.55,100,
10:15:39,56.5801,200,
10:15:44,56.6099,300,
10:15:47,56.59,100,
10:15:57,56.61,300,
10:15:57,56.62,300,
10:15:57,56.59,200,
10:15:57,56.58,100,
10:15:57,56.58,100,
10:15:57,56.58,100,
10:15:57,56.58,100,
10:16:01,56.60,300,
10:16:01,56.60,300,
10:16:08,56.59,100,
10:16:38,56.56,100,
10:16:57,56.5899,100,
10:17:21,56.63,200,
10:17:23,56.63,100,
10:17:28,56.64,100,
10:17:28,56.6401,300,
10:17:30,56.65,400,
10:17:30,56.65,200,
10:17:32,56.6487,1000,
10:17:33,56.65,1500,
10:17:59,56.66,200,
10:18:07,56.70,100,
10:18:14,56.6799,760,
10:18:24,56.67,100,
10:18:36,56.67,100,
10:18:51,56.70,300,
10:18:51,56.70,100,
10:18:51,56.70,100,
10:18:53,56.70,100,
10:18:57,56.70,100,
10:19:00,56.68,100,
10:19:00,56.67,100,
10:19:00,56.67,200,
10:19:00,56.67,100,
10:19:05,56.6402,100,
10:19:06,56.67,100,
10:19:42,56.66,200,
10:19:47,56.67,100,
10:19:47,56.67,100,
10:19:47,56.67,100,
10:19:48,56.67,100,
10:19:48,56.67,100,
10:19:48,56.67,100,
10:19:48,56.67,100,
10:19:48,56.67,100,
10:19:51,56.6445,100,
10:20:00,56.64,100,
10:20:02,56.63,100,
10:20:04,56.5726,100,
10:20:06,56.55,300,
10:20:06,56.55,300,
10:20:06,56.55,100,
10:20:06,56.55,100,
10:20:07,56.53,300,
10:20:07,56.55,100,
10:20:07,56.53,100,
10:20:07,56.53,200,
10:20:09,56.56,300,
10:20:09,56.57,400,
10:20:09,56.57,200,
10:20:11,56.54,200,
10:20:16,56.56,200,
10:20:16,56.56,300,
10:20:17,56.57,100,
10:20:17,56.57,100,
10:20:24,56.55,300,
10:20:32,56.56,300,
10:20:32,56.56,200,
10:20:33,56.5609,100,
10:20:33,56.56,100,
10:20:33,56.56,100,
10:20:33,56.57,100,
10:20:33,56.57,300,
10:20:33,56.56,100,
10:20:39,56.56,200,
10:20:49,56.55,300,
10:20:49,56.55,100,
10:20:53,56.59,200,
10:21:05,56.619,630,
10:21:37,56.67,200,
10:21:37,56.67,300,
10:21:37,56.67,300,
10:21:40,56.69,300,
10:21:52,56.6811,300,
10:22:08,56.66,200,
10:22:15,56.6598,245,
10:22:36,56.66,300,
10:22:36,56.67,300,
10:22:36,56.67,100,
10:22:36,56.67,100,
10:22:36,56.66,100,
10:22:36,56.66,100,
10:22:36,56.67,100,
10:22:36,56.67,100,
10:22:36,56.68,100,
10:22:36,56.68,100,
10:22:36,56.67,100,
10:22:36,56.67,100,
10:22:36,56.67,100,
10:22:36,56.67,100,
10:23:07,56.638,200,
10:23:17,56.6202,140,
10:23:20,56.62,100,
10:23:20,56.60,100,
10:23:44,56.618,1200,
10:23:51,56.57,200,
10:23:56,56.57,100,
10:23:58,56.60,100,
10:23:58,56.60,200,
10:23:58,56.60,300,
10:24:01,56.59,200,
10:24:19,56.65,200,
10:24:28,56.6489,100,
10:24:37,56.6001,400,
10:24:41,56.628,950,
10:24:54,56.62,300,
10:24:54,56.62,500,
10:25:02,56.57,522,
10:25:10,56.55,200,
10:25:12,56.56,200,
10:25:12,56.56,300,
10:25:13,56.57,100,
10:25:23,56.60,100,
10:25:23,56.5927,100,
10:25:35,56.58,100,
10:25:38,56.558,700,
10:25:45,56.56,300,
10:25:45,56.56,300,
10:25:47,56.55,100,
10:25:47,56.55,200,
10:25:47,56.55,100,
10:25:47,56.55,500,
10:25:47,56.55,100,
10:25:47,56.55,100,
10:25:47,56.56,300,
10:25:47,56.55,100,
10:25:47,56.53,500,
10:25:47,56.53,300,
10:25:47,56.53,100,
10:25:47,56.53,100,
10:25:47,56.53,100,
10:25:47,56.53,100,
10:25:47,56.53,100,
10:25:47,56.53,100,
10:25:47,56.53,100,
10:25:48,56.53,100,
10:25:48,56.53,100,
10:25:48,56.53,300,
10:25:48,56.53,300,
10:25:48,56.53,100,
10:25:48,56.56,200,
10:25:54,56.5674,250,
10:25:58,56.5501,850,
10:26:00,56.5655,1000,
10:26:03,56.55,100,
10:26:12,56.56,200,
10:26:12,56.56,200,
10:26:12,56.56,100,
10:26:22,56.58,100,
10:26:26,56.56,100,
10:26:32,56.55,400,
10:26:32,56.55,200,
10:26:32,56.55,200,
10:26:32,56.55,300,
10:26:32,56.55,100,
10:26:39,56.53,100,
10:26:41,56.52,100,
10:26:41,56.53,100,
10:26:41,56.5299,100,
10:26:41,56.5299,100,
10:26:44,56.531,100,
10:26:46,56.534,1400,
10:26:46,56.534,100,
10:26:51,56.54,100,
10:27:01,56.54,100,
10:27:13,56.5211,100,
10:27:21,56.533,200,
10:27:27,56.55,100,
10:27:32,56.56,300,
10:27:32,56.57,100,
10:27:46,56.562,2000,
10:27:49,56.54,100,
10:27:49,56.54,100,
10:28:10,56.53,200,
10:28:10,56.54,100,
10:28:10,56.53,100,
10:28:10,56.53,300,
10:28:10,56.53,223,
10:28:10,56.53,200,
10:28:10,56.54,100,
10:28:10,56.55,100,
10:28:10,56.53,200,
10:28:13,56.534,500,
10:28:15,56.538,250,
10:28:21,56.53,100,
10:28:21,56.53,144,
10:28:21,56.53,100,
10:28:29,56.50,100,
10:28:30,56.49,100,
10:28:31,56.48,262,
10:28:34,56.5001,700,
10:28:37,56.50,200,
10:28:37,56.50,200,
10:28:37,56.50,200,
10:28:37,56.5014,100,
10:28:49,56.53,200,
10:28:49,56.53,300,
10:28:49,56.53,300,
10:28:49,56.53,300,
10:28:58,56.53,100,
10:28:58,56.53,300,
10:28:58,56.53,100,
10:28:58,56.54,200,
10:29:03,56.4901,100,
10:29:11,56.52,100,
10:29:22,56.45,100,
10:29:23,56.432,500,
10:29:25,56.43,100,
10:29:25,56.43,100,
10:29:26,56.41,100,
10:29:26,56.41,100,
10:29:26,56.41,100,
10:29:28,56.41,144,
10:29:28,56.421,200,
10:29:29,56.43,100,
10:29:29,56.43,200,
10:29:30,56.44,200,
10:29:30,56.44,300,
10:29:30,56.44,100,
10:29:35,56.4674,200,
10:29:35,56.47,100,
10:29:36,56.479,200,
10:29:41,56.45,1000,
10:29:41,56.45,200,
10:29:50,56.41,100,
10:30:01,56.438,500,
10:30:05,56.38,100,
10:30:05,56.38,100,
10:30:05,56.38,100,
10:30:05,56.38,100,
10:30:11,56.38,100,
10:30:11,56.37,500,
10:30:12,56.36,100,
10:30:12,56.36,100,
10:30:12,56.36,100,
10:30:12,56.36,100,
10:30:12,56.34,1035,
10:30:13,56.35,1100,
10:30:15,56.361,400,
10:30:16,56.362,100,
10:30:27,56.3599,500,
10:30:29,56.36,100,
10:30:29,56.36,100,
10:30:29,56.36,201,
10:30:29,56.36,100,
10:30:32,56.35,500,
10:30:33,56.34,100,
10:30:33,56.34,100,
10:30:33,56.34,100,
10:30:36,56.331,200,
10:30:36,56.36,100,
10:30:42,56.342,200,
10:30:44,56.391,100,
10:30:49,56.36,300,
10:30:51,56.38,100,
10:31:05,56.391,100,
10:31:05,56.39,100,
10:31:06,56.38,200,
10:31:06,56.371,200,
10:31:07,56.382,1000,
10:31:20,56.3889,520,
10:31:24,56.36,100,
10:31:24,56.36,300,
10:31:24,56.36,100,
10:31:24,56.361,200,
10:31:33,56.34,100,
10:31:33,56.34,300,
10:31:34,56.331,100,
10:31:40,56.36,300,
10:31:40,56.36,100,
10:31:40,56.36,200,
10:31:46,56.3601,100,
10:31:46,56.36,100,
10:31:49,56.351,200,
10:31:50,56.36,100,
10:31:56,56.3599,100,
10:32:05,56.39,100,
10:32:18,56.39,100,
10:32:18,56.40,300,
10:32:18,56.40,300,
10:32:19,56.39,200,
10:32:21,56.39,172,
10:32:27,56.39,300,
10:32:27,56.39,100,
10:32:27,56.39,300,
10:32:29,56.40,100,
10:32:29,56.40,100,
10:32:29,56.40,100,
10:32:37,56.43,200,
10:32:49,56.429,1300,
10:32:52,56.42,100,
10:32:52,56.43,100,
10:32:52,56.43,200,
10:32:52,56.43,100,
10:32:52,56.43,200,
10:33:00,56.46,300,
10:33:00,56.46,300,
10:33:00,56.48,100,
10:33:04,56.45,156,
10:33:04,56.45,300,
10:33:07,56.46,200,
10:33:07,56.46,100,
10:33:12,56.478,200,
10:33:20,56.46,100,
10:33:20,56.462,437,
10:33:22,56.4713,600,
10:33:23,56.50,200,
10:33:23,56.50,600,
10:33:23,56.50,300,
10:33:25,56.492,260,
10:33:31,56.53,100,
10:33:31,56.53,300,
10:33:31,56.54,100,
10:33:31,56.54,200,
10:33:31,56.54,100,
10:33:31,56.54,100,
10:33:35,56.5299,3800,
10:33:35,56.53,300,
10:33:35,56.52,100,
10:33:38,56.51,300,
10:33:41,56.52,100,
10:33:56,56.5111,600,
10:34:12,56.51,100,
10:34:12,56.52,100,
10:34:13,56.54,200,
10:34:13,56.541,400,
10:34:19,56.528,780,
10:34:58,56.5101,1200,
10:34:59,56.52,101,
10:34:59,56.55,200,
10:35:02,56.57,200,
10:35:02,56.56,100,
10:35:02,56.57,100,
10:35:02,56.57,100,
10:35:02,56.57,200,
10:35:03,56.5774,300,
10:35:07,56.55,100,
10:35:11,56.5301,3800,
10:35:12,56.5501,500,
10:35:27,56.53,100,
10:35:33,56.49,1000,
10:35:44,56.471,110,
10:35:49,56.48,300,
10:35:53,56.476,100,
10:35:55,56.50,100,
10:36:03,56.53,300,
10:36:07,56.55,200,
10:36:09,56.55,543,
10:36:09,56.55,200,
10:36:09,56.54,200,
10:36:09,56.54,100,
10:36:09,56.54,100,
10:36:10,56.51,200,
10:36:11,56.50,200,
10:36:11,56.50,200,
10:36:11,56.50,100,
10:36:11,56.49,100,
10:36:15,56.49,100,
10:36:15,56.49,200,
10:36:15,56.49,100,
10:36:16,56.49,200,
10:36:18,56.53,300,
10:36:18,56.54,100,
10:36:25,56.53,300,
10:36:25,56.53,100,
10:36:25,56.53,100,
10:36:25,56.53,300,
10:36:33,56.50,100,
10:36:34,56.53,100,
10:36:34,56.52,100,
10:36:34,56.52,200,
10:36:34,56.52,200,
10:36:34,56.52,200,
10:36:34,56.52,300,
10:36:36,56.53,100,
10:36:36,56.53,100,
10:36:45,56.51,100,
10:36:47,56.53,300,
10:36:47,56.55,100,
10:36:47,56.55,100,
10:36:55,56.53,100,
10:37:05,56.54,100,
10:37:05,56.5599,300,
10:37:18,56.49,100,
10:37:34,56.53,100,
10:37:39,56.57,100,
10:37:40,56.57,100,
10:37:40,56.57,100,
10:37:40,56.57,100,
10:37:41,56.5799,1000,
10:37:45,56.53,300,
10:37:45,56.53,100,
10:37:45,56.53,200,
10:37:46,56.53,300,
10:37:46,56.53,300,
10:37:47,56.51,100,
10:37:47,56.53,500,
10:37:47,56.5299,300,
10:37:47,56.53,100,
10:37:48,56.53,100,
10:37:50,56.53,100,
10:37:50,56.53,200,
10:37:51,56.58,200,
10:38:00,56.55,100,
10:38:00,56.55,100,
10:38:05,56.53,100,
10:38:05,56.5299,500,
10:38:14,56.54,100,
10:38:14,56.53,200,
10:38:16,56.56,300,
10:38:16,56.56,200,
10:38:26,56.56,500,
10:38:37,56.56,200,
10:38:37,56.56,400,
10:38:41,56.554,500,
10:38:43,56.55,100,
10:38:43,56.55,100,
10:38:56,56.5311,100,
10:39:00,56.56,300,
10:39:00,56.56,300,
10:39:00,56.56,100,
10:39:00,56.56,300,
10:39:00,56.56,100,
10:39:00,56.56,100,
10:39:00,56.57,100,
10:39:00,56.57,100,
10:39:00,56.57,100,
10:39:00,56.54,100,
10:39:00,56.57,127,
10:39:08,56.5341,600,
10:39:22,56.57,100,
10:39:22,56.57,200,
10:39:22,56.57,500,
10:39:22,56.57,100,
10:39:22,56.59,100,
10:39:22,56.59,300,
10:39:22,56.60,300,
10:39:22,56.60,300,
10:39:23,56.57,100,
10:39:25,56.5961,1000,
10:39:29,56.58,100,
10:39:29,56.60,100,
10:39:29,56.60,300,
10:39:29,56.60,100,
10:39:29,56.60,200,
10:39:31,56.59,200,
10:39:40,56.58,100,
10:39:46,56.5489,1400,
10:39:50,56.5098,100,
10:39:56,56.54,300,
10:39:56,56.53,300,
10:40:02,56.53,100,
10:40:02,56.53,100,
10:40:02,56.53,200,
10:40:06,56.55,100,
10:40:06,56.55,100,
10:40:32,56.53,100,
10:40:39,56.53,100,
10:40:39,56.53,100,
10:41:10,56.5369,186,
10:41:14,56.55,1000,
10:41:30,56.55,100,
10:41:32,56.531,112,
10:41:43,56.50,200,
10:41:47,56.50,100,
10:41:48,56.491,500,
10:41:48,56.491,100,
10:41:51,56.46,100,
10:41:53,56.4314,1000,
10:41:53,56.43,100,
10:41:56,56.43,100,
10:41:56,56.43,300,
10:41:56,56.43,100,
10:41:56,56.43,300,
10:41:57,56.431,100,
10:42:00,56.43,100,
10:42:08,56.44,100,
10:42:08,56.46,200,
10:42:08,56.46,200,
10:42:09,56.45,200,
10:42:09,56.45,178,
10:42:09,56.43,100,
10:42:12,56.40,400,
10:42:12,56.40,1100,
10:42:21,56.40,177,
10:42:37,56.43,200,
10:42:49,56.4487,1000,
10:42:52,56.45,100,
10:43:14,56.41,400,
10:43:14,56.401,100,
10:43:20,56.42,100,
10:43:59,56.43,100,
10:44:19,56.40,100,
10:44:23,56.36,100,
10:44:29,56.37,100,
10:44:32,56.36,100,
10:44:38,56.35,500,
10:44:42,56.341,800,
10:44:42,56.341,100,
10:44:44,56.342,1600,
10:44:46,56.35,400,
10:44:47,56.36,200,
10:44:47,56.40,100,
10:44:47,56.40,100,
10:44:48,56.40,100,
10:44:51,56.39,200,
10:44:59,56.35,300,
10:44:59,56.35,100,
10:44:59,56.35,400,
10:44:59,56.35,200,
10:44:59,56.34,100,
10:44:59,56.34,200,
10:44:59,56.33,100,
10:44:59,56.36,100,
10:44:59,56.33,100,
10:44:59,56.33,100,
10:45:00,56.31,200,
10:45:00,56.30,285,
10:45:00,56.32,100,
10:45:02,56.30,130,
10:45:04,56.33,100,
10:45:04,56.33,100,
10:45:04,56.33,200,
10:45:06,56.32,200,
10:45:09,56.33,100,
10:45:09,56.33,300,
10:45:09,56.33,100,
10:45:09,56.33,300,
10:45:09,56.33,300,
10:45:09,56.33,200,
10:45:09,56.33,300,
10:45:17,56.32,400,
10:45:24,56.30,800,
10:45:24,56.31,100,
10:45:25,56.301,200,
10:45:29,56.301,200,
10:45:36,56.3199,300,
10:45:38,56.311,100,
10:45:38,56.33,100,
10:45:43,56.36,200,
10:45:44,56.3699,1000,
10:45:47,56.36,100,
10:45:50,56.36,200,
10:45:52,56.36,100,
10:45:59,56.3601,1060,
10:46:02,56.36,200,
10:46:15,56.36,100,
10:46:15,56.36,100,
10:46:16,56.36,100,
10:46:20,56.36,100,
10:46:30,56.36,200,
10:46:30,56.36,100,
10:46:30,56.36,100,
10:46:30,56.37,100,
10:46:30,56.36,100,
10:46:30,56.36,100,
10:46:30,56.37,200,
10:46:30,56.37,100,
10:46:30,56.38,300,
10:46:30,56.37,100,
10:46:33,56.36,100,
10:46:43,56.43,100,
10:46:46,56.421,100,
10:46:47,56.43,300,
10:46:47,56.43,300,
10:46:50,56.459,500,
10:47:01,56.42,700,
10:47:05,56.4001,400,
10:47:07,56.4087,200,
10:47:07,56.41,100,
10:47:16,56.40,100,
10:47:21,56.38,178,
10:47:23,56.3601,500,
10:47:23,56.36,100,
10:47:23,56.3601,200,
10:47:27,56.3599,100,
10:47:33,56.34,100,
10:47:42,56.344,100,
10:47:46,56.345,100,
10:47:48,56.331,200,
10:47:54,56.326,200,
10:47:57,56.35,100,
10:48:10,56.3438,100,
10:48:16,56.36,200,
10:48:16,56.36,100,
10:48:16,56.36,100,
10:48:16,56.36,200,
10:48:16,56.36,100,
10:48:16,56.36,300,
10:48:16,56.36,100,
10:48:31,56.36,100,
10:48:31,56.36,100,
10:48:34,56.36,300,
10:48:36,56.37,100,
10:48:38,56.361,500,
10:48:38,56.361,1400,
10:48:40,56.36,100,
10:48:57,56.34,300,
10:48:58,56.35,300,
10:48:58,56.34,100,
10:48:58,56.34,100,
10:48:59,56.3401,400,
10:48:59,56.341,200,
10:49:02,56.341,100,
10:49:02,56.341,200,
10:49:10,56.3426,200,
10:49:14,56.36,100,
10:49:14,56.36,100,
10:49:14,56.36,100,
10:49:14,56.36,100,
10:49:14,56.36,100,
10:49:18,56.361,620,
10:49:22,56.381,200,
10:49:22,56.381,120,
10:49:52,56.36,200,
10:49:52,56.36,100,
10:49:55,56.36,200,
10:50:06,56.36,100,
10:50:06,56.36,100,
10:50:06,56.36,300,
10:50:11,56.40,100,
10:50:21,56.37,100,
10:50:33,56.40,100,
10:50:33,56.40,100,
10:50:33,56.40,300,
10:50:42,56.414,300,
10:50:47,56.41,100,
10:50:50,56.4104,1000,
10:51:04,56.4299,2000,
10:51:12,56.43,200,
10:51:12,56.45,100,
10:51:12,56.45,200,
10:51:41,56.40,200,
10:51:54,56.40,200,
10:51:54,56.40,100,
10:51:54,56.40,100,
10:51:54,56.40,300,
10:51:55,56.40,200,
10:51:56,56.40,200,
10:52:04,56.378,780,
10:52:11,56.39,300,
10:52:14,56.39,300,
10:52:33,56.39,200,
10:52:33,56.40,300,
10:52:33,56.40,200,
10:52:33,56.40,100,
10:52:42,56.40,100,
10:52:42,56.40,100,
10:52:44,56.40,100,
10:52:44,56.40,100,
10:52:44,56.40,100,
10:53:00,56.40,200,
10:53:14,56.41,100,
10:53:37,56.42,100,
10:53:39,56.43,100,
10:53:39,56.42,100,
10:53:44,56.428,1000,
10:54:19,56.39,100,
10:54:33,56.40,100,
10:55:00,56.43,100,
10:55:01,56.42,100,
10:55:13,56.47,100,
10:55:15,56.45,300,
10:55:15,56.45,300,
10:55:15,56.4301,600,
10:55:28,56.42,100,
10:55:28,56.43,100,
10:55:35,56.41,100,
10:56:06,56.44,300,
10:56:17,56.49,100,
10:56:43,56.4827,600,
10:56:46,56.47,100,
10:56:56,56.50,200,
10:56:56,56.50,100,
10:57:07,56.50,100,
10:57:07,56.50,100,
10:57:07,56.50,272,
10:57:07,56.53,100,
10:57:07,56.50,100,
10:57:07,56.50,200,
10:57:07,56.50,500,
10:57:24,56.55,300,
10:57:44,56.56,100,
10:57:44,56.57,300,
10:57:44,56.57,200,
10:57:44,56.56,200,
10:57:44,56.56,100,
10:57:44,56.56,100,
10:57:48,56.57,100,
10:57:48,56.561,500,
10:57:48,56.561,200,
10:57:52,56.55,100,
10:57:55,56.55,100,
10:57:57,56.54,400,
10:58:05,56.5699,550,
10:58:12,56.546,1000,
10:58:24,56.53,200,
10:58:24,56.53,200,
10:58:24,56.53,200,
10:58:24,56.53,200,
10:58:24,56.53,200,
10:58:28,56.54,100,
10:58:28,56.53,100,
10:58:28,56.53,300,
10:58:28,56.52,125,
10:58:29,56.511,100,
10:58:36,56.55,300,
10:58:36,56.55,200,
10:58:40,56.55,100,
10:58:49,56.53,200,
10:58:59,56.5599,100,
10:59:10,56.5673,500,
10:59:31,56.57,100,
10:59:33,56.56,100,
10:59:39,56.55,100,
10:59:39,56.55,100,
10:59:42,56.5599,100,
10:59:42,56.56,100,
10:59:54,56.57,200,
10:59:54,56.57,100,
10:59:54,56.57,200,
10:59:56,56.572,1000,
11:00:01,56.60,300,
11:00:02,56.60,199,
11:00:03,56.60,500,
11:00:04,56.6001,200,
11:00:06,56.63,200,
11:00:06,56.63,100,
11:00:10,56.6265,100,
11:00:20,56.60,100,
11:00:20,56.60,400,
11:00:50,56.5957,400,
11:01:02,56.59,100,
11:01:04,56.59,100,
11:01:12,56.61,100,
11:01:37,56.64,200,
11:01:37,56.63,100,
11:01:37,56.65,100,
11:01:39,56.65,100,
11:01:40,56.64,100,
11:01:43,56.638,625,
11:01:54,56.6299,200,
11:01:55,56.6299,850,
11:02:02,56.591,500,
11:02:04,56.6299,300,
11:02:10,56.63,299,
11:02:25,56.65,100,
11:02:25,56.65,100,
11:02:25,56.65,300,
11:02:41,56.69,300,
11:02:48,56.69,100,
11:02:51,56.68,100,
11:02:53,56.68,200,
11:03:03,56.668,700,
11:03:03,56.67,100,
11:03:03,56.6699,100,
11:03:20,56.66,100,
11:03:22,56.66,300,
11:03:22,56.67,100,
11:03:22,56.67,199,
11:03:22,56.69,200,
11:03:23,56.698,950,
11:03:24,56.67,100,
11:03:24,56.67,100,
11:03:24,56.67,100,
11:03:34,56.70,200,
11:03:35,56.70,250,
11:03:43,56.686,1000,
11:03:47,56.69,200,
11:03:47,56.69,200,
11:03:47,56.69,200,
11:03:47,56.67,200,
11:03:47,56.67,200,
11:03:47,56.67,600,
11:03:47,56.67,600,
11:03:47,56.67,100,
11:03:50,56.691,500,
11:03:52,56.70,100,
11:03:55,56.708,500,
11:03:59,56.71,100,
11:04:04,56.70,100,
11:04:04,56.70,100,
11:04:10,56.70,411,
11:04:10,56.69,100,
11:04:10,56.69,100,
11:04:10,56.69,100,
11:04:11,56.70,100,
11:04:12,56.70,100,
11:04:12,56.70,200,
11:04:12,56.70,160,
11:04:16,56.69,300,
11:04:22,56.67,200,
11:04:28,56.65,100,
11:04:34,56.641,600,
11:04:40,56.65,100,
11:04:40,56.65,100,
11:04:40,56.65,100,
11:04:40,56.65,100,
11:04:43,56.67,100,
11:04:53,56.69,200,
11:04:53,56.69,200,
11:04:53,56.69,200,
11:04:53,56.69,100,
11:04:59,56.699,500,
11:05:04,56.70,100,
11:05:04,56.70,100,
11:05:06,56.7101,100,
11:05:17,56.6916,300,
11:05:17,56.70,800,
11:05:28,56.681,100,
11:05:30,56.67,200,
11:05:30,56.67,100,
11:05:36,56.651,100,
11:05:49,56.63,100,
11:05:51,56.61,100,
11:05:58,56.62,100,
11:05:58,56.62,100,
11:05:58,56.62,100,
11:05:58,56.62,100,
11:06:02,56.64,100,
11:06:02,56.63,100,
11:06:03,56.63,100,
11:06:15,56.66,100,
11:06:15,56.68,100,
11:06:15,56.67,100,
11:06:15,56.66,100,
11:06:15,56.66,100,
11:06:15,56.66,100,
11:06:16,56.669,1200,
11:06:17,56.66,362,
11:06:17,56.66,100,
11:06:21,56.62,200,
11:06:40,56.62,500,
11:06:40,56.63,200,
11:06:40,56.62,100,
11:06:40,56.62,100,
11:06:40,56.62,100,
11:06:43,56.628,250,
11:06:53,56.62,300,
11:06:53,56.62,100,
11:06:55,56.61,300,
11:06:55,56.61,200,
11:06:55,56.61,100,
11:06:55,56.61,100,
11:06:55,56.61,100,
11:06:57,56.63,300,
11:06:57,56.63,122,
11:06:57,56.63,100,
11:06:57,56.65,100,
11:06:57,56.65,100,
11:06:57,56.62,100,
11:06:57,56.65,100,
11:06:57,56.65,100,
11:06:57,56.66,200,
11:06:57,56.62,100,
11:06:57,56.63,100,
11:07:05,56.66,100,
11:07:05,56.66,100,
11:07:05,56.67,100,
11:07:05,56.67,300,
11:07:05,56.67,100,
11:07:05,56.66,100,
11:07:14,56.67,200,
11:07:14,56.67,200,
11:07:14,56.67,100,
11:07:15,56.69,300,
11:07:15,56.69,100,
11:07:15,56.69,100,
11:07:15,56.68,100,
11:07:16,56.69,100,
11:07:17,56.67,100,
11:07:35,56.63,300,
11:07:45,56.6199,1000,
11:07:45,56.62,100,
11:07:49,56.63,100,
11:07:49,56.63,100,
11:07:49,56.63,200,
11:07:51,56.63,100,
11:07:51,56.63,100,
11:07:52,56.64,100,
11:08:09,56.64,100,
11:08:09,56.64,100,
11:08:09,56.6399,100,
11:08:09,56.64,100,
11:08:15,56.6293,400,
11:08:22,56.63,100,
11:08:22,56.63,100,
11:08:31,56.66,100,
11:08:31,56.67,100,
11:08:32,56.67,200,
11:08:32,56.67,100,
11:08:32,56.6701,700,
11:08:32,56.67,200,
11:08:35,56.67,100,
11:08:55,56.67,100,
11:08:55,56.67,100,
11:09:01,56.6713,550,
11:09:04,56.632,600,
11:09:17,56.66,100,
11:09:17,56.67,100,
11:09:17,56.67,100,
11:09:19,56.68,100,
11:09:20,56.67,300,
11:09:20,56.67,100,
11:09:20,56.67,100,
11:09:22,56.68,100,
11:09:22,56.69,100,
11:09:25,56.68,178,
11:09:25,56.67,100,
11:09:45,56.67,100,
11:09:55,56.67,100,
11:10:00,56.67,100,
11:10:12,56.69,200,
11:10:12,56.69,100,
11:10:13,56.69,100,
11:10:14,56.70,200,
11:10:14,56.70,100,
11:10:30,56.70,100,
11:10:30,56.70,100,
11:10:35,56.689,150,
11:10:38,56.68,100,
11:10:40,56.66,575,
11:10:57,56.65,300,
11:10:57,56.65,300,
11:10:57,56.65,100,
11:10:58,56.651,175,
11:10:58,56.66,100,
11:11:02,56.66,100,
11:11:02,56.67,300,
11:11:02,56.67,100,
11:11:02,56.67,100,
11:11:02,56.66,100,
11:11:02,56.67,100,
11:11:02,56.67,300,
11:11:02,56.67,200,
11:11:05,56.67,500,
11:11:14,56.67,100,
11:11:14,56.67,100,
11:11:20,56.68,100,
11:11:21,56.68,100,
11:11:26,56.69,200,
11:11:31,56.69,300,
11:11:31,56.69,100,
11:11:53,56.70,100,
11:11:56,56.695,100,
11:11:56,56.69,100,
11:12:03,56.67,300,
11:12:13,56.695,100,
11:12:13,56.695,100,
11:12:17,56.69,100,
11:12:17,56.69,100,
11:12:17,56.691,1200,
11:12:26,56.70,100,
11:12:26,56.70,100,
11:12:26,56.70,100,
11:12:26,56.70,100,
11:12:26,56.70,100,
11:12:26,56.70,100,
11:12:45,56.7113,750,
11:13:03,56.74,200,
11:13:03,56.7587,550,
11:13:04,56.76,200,
11:13:04,56.76,379,
11:13:07,56.7639,1000,
11:13:08,56.76,100,
11:13:08,56.73,300,
11:13:10,56.7394,1000,
11:13:20,56.7089,660,
11:13:23,56.71,100,
11:13:23,56.71,100,
11:13:24,56.71,100,
11:13:24,56.70,200,
11:13:24,56.71,100,
11:13:32,56.7074,400,
11:13:49,56.69,155,
11:13:49,56.69,100,
11:13:49,56.68,100,
11:13:57,56.63,300,
11:13:58,56.64,300,
11:13:58,56.64,100,
11:13:59,56.63,100,
11:14:01,56.65,300,
11:14:03,56.66,100,
11:14:07,56.66,200,
11:14:10,56.63,100,
11:14:18,56.62,365,
11:14:19,56.63,100,
11:14:19,56.63,100,
11:14:19,56.62,100,
11:14:28,56.65,100,
11:14:28,56.65,100,
11:14:31,56.646,1000,
11:14:37,56.65,100,
11:14:37,56.65,100,
11:14:38,56.68,200,
11:14:38,56.69,200,
11:14:43,56.684,1000,
11:14:46,56.66,200,
11:14:54,56.64,100,
11:14:56,56.60,100,
11:14:56,56.57,100,
11:14:57,56.57,200,
11:14:57,56.56,200,
11:14:57,56.55,1000,
11:15:03,56.5513,550,
11:15:04,56.57,100,
11:15:20,56.56,100,
11:15:31,56.56,1000,
11:15:47,56.53,100,
11:15:48,56.51,100,
11:15:49,56.51,200,
11:15:50,56.50,400,
11:16:09,56.51,100,
11:16:11,56.52,200,
11:16:12,56.54,100,
11:16:32,56.5284,350,
11:16:35,56.52,100,
11:16:35,56.52,100,
11:16:36,56.51,100,
11:16:38,56.5243,150,
11:16:41,56.50,100,
11:16:44,56.48,100,
11:16:44,56.47,100,
11:16:45,56.47,100,
11:17:02,56.47,100,
11:17:02,56.47,200,
11:17:09,56.51,200,
11:17:24,56.578,100,
11:17:41,56.592,500,
11:17:44,56.591,1200,
11:17:50,56.60,100,
11:17:50,56.60,400,
11:17:53,56.5999,100,
11:17:56,56.541,200,
11:18:12,56.57,100,
11:18:18,56.571,200,
11:18:27,56.5637,500,
11:18:38,56.56,100,
11:18:41,56.57,400,
11:19:07,56.56,200,
11:19:35,56.562,500,
11:19:54,56.60,100,
11:19:54,56.60,100,
11:19:54,56.60,100,
11:20:07,56.59,100,
11:20:09,56.62,100,
11:20:21,56.6019,500,
11:20:59,56.58,100,
11:21:00,56.60,100,
11:21:00,56.60,200,
11:21:00,56.60,100,
11:21:00,56.60,100,
11:21:00,56.60,100,
11:21:00,56.60,100,
11:21:00,56.60,100,
11:21:04,56.60,100,
11:21:21,56.66,100,
11:21:24,56.68,700,
11:21:29,56.66,100,
11:21:32,56.689,500,
11:21:44,56.64,100,
11:22:16,56.66,100,
11:22:24,56.65,100,
11:22:24,56.65,544,
11:22:48,56.67,100,
11:22:53,56.66,1700,
11:22:54,56.66,1105,
11:22:54,56.66,100,
11:22:54,56.66,100,
11:22:59,56.65,100,
11:23:17,56.6113,500,
11:23:18,56.61,100,
11:23:27,56.58,200,
11:23:29,56.60,100,
11:23:31,56.5999,700,
11:23:31,56.60,200,
11:23:31,56.60,200,
11:23:31,56.60,100,
11:23:58,56.6026,307,
11:24:02,56.62,100,
11:24:11,56.61,200,
11:24:11,56.61,100,
11:24:14,56.62,100,
11:24:32,56.61,100,
11:24:48,56.63,100,
11:24:48,56.63,100,
11:24:48,56.63,100,
11:24:48,56.63,100,
11:24:48,56.63,100,
11:25:01,56.64,300,
11:25:27,56.66,100,
11:25:28,56.65,100,
11:25:38,56.65,445,
11:26:00,56.62,100,
11:26:04,56.64,100,
11:26:12,56.66,100,
11:26:21,56.62,121,
11:26:32,56.59,100,
11:26:49,56.592,400,
11:27:01,56.61,100,
11:27:08,56.5927,550,
11:27:12,56.61,100,
11:27:22,56.59,200,
11:27:23,56.60,200,
11:27:36,56.62,100,
11:27:46,56.63,100,
11:27:46,56.63,100,
11:27:56,56.6499,2000,
11:28:02,56.63,100,
11:28:02,56.63,300,
11:28:03,56.63,1100,
11:28:15,56.6098,2000,
11:28:20,56.601,200,
11:28:20,56.59,400,
11:28:20,56.59,200,
11:28:20,56.58,100,
11:28:20,56.57,100,
11:28:20,56.58,100,
11:28:20,56.57,100,
11:28:20,56.57,100,
11:28:20,56.59,100,
11:28:20,56.56,100,
11:28:20,56.56,100,
11:28:20,56.57,100,
11:28:43,56.59,200,
11:28:55,56.61,100,
11:28:55,56.61,100,
11:28:55,56.61,300,
11:28:55,56.61,300,
11:28:55,56.61,100,
11:28:55,56.61,300,
11:28:55,56.61,100,
11:28:55,56.61,100,
11:29:27,56.54,500,
11:29:35,56.58,100,
11:29:40,56.6074,1000,
11:29:44,56.58,300,
11:29:44,56.58,200,
11:29:54,56.5601,400,
11:31:19,56.55,200,
11:31:19,56.55,100,
11:32:19,56.54,300,
11:32:26,56.57,100,
11:32:39,56.60,500,
11:32:51,56.609,100,
11:32:51,56.608,700,
11:33:06,56.61,100,
11:33:31,56.6499,100,
11:33:31,56.65,100,
11:33:31,56.65,100,
11:33:32,56.65,100,
11:33:32,56.6499,100,
11:33:32,56.6499,300,
11:33:32,56.65,100,
11:33:41,56.66,200,
11:33:41,56.66,200,
11:33:42,56.68,100,
11:33:42,56.67,200,
11:33:46,56.6974,1000,
11:33:47,56.69,300,
11:33:49,56.688,400,
11:33:52,56.69,100,
11:33:53,56.69,200,
11:33:55,56.70,100,
11:33:55,56.70,300,
11:33:55,56.70,100,
11:33:55,56.6999,100,
11:33:55,56.70,100,
11:33:55,56.6895,100,
11:33:57,56.696,100,
11:34:12,56.69,100,
11:34:12,56.699,400,
11:34:18,56.70,3300,
11:34:18,56.70,2000,
11:34:18,56.70,1100,
11:34:18,56.70,100,
11:34:21,56.698,780,
11:34:36,56.70,200,
11:34:36,56.70,100,
11:34:36,56.70,449,
11:34:44,56.70,100,
11:34:44,56.70,500,
11:34:50,56.69,100,
11:34:50,56.69,100,
11:34:56,56.67,300,
11:34:56,56.67,300,
11:34:56,56.67,500,
11:34:57,56.66,100,
11:34:57,56.67,100,
11:34:57,56.68,100,
11:35:00,56.6601,1000,
11:35:01,56.68,100,
11:35:01,56.68,200,
11:35:13,56.70,100,
11:35:19,56.71,900,
11:35:19,56.72,100,
11:35:20,56.74,300,
11:35:21,56.74,202,
11:35:24,56.74,200,
11:35:24,56.7301,1000,
11:35:28,56.75,300,
11:35:28,56.751,1400,
11:35:33,56.77,300,
11:35:33,56.77,300,
11:35:33,56.77,300,
11:35:33,56.80,100,
11:35:33,56.78,300,
11:35:33,56.78,300,
11:35:33,56.79,300,
11:35:33,56.80,123,
11:35:33,56.81,100,
11:35:33,56.80,100,
11:35:34,56.82,300,
11:35:34,56.84,300,
11:35:34,56.84,200,
11:35:34,56.84,300,
11:35:34,56.84,100,
11:35:34,56.83,200,
11:35:34,56.83,200,
11:35:34,56.84,200,
11:35:34,56.84,100,
11:35:34,56.83,100,
11:35:34,56.84,300,
11:35:34,56.85,800,
11:35:34,56.83,100,
11:35:34,56.83,100,
11:35:34,56.83,600,
11:35:34,56.83,235,
11:35:34,56.83,200,
11:35:35,56.83,300,
11:35:35,56.83,300,
11:35:35,56.82,300,
11:35:35,56.83,300,
11:35:35,56.82,300,
11:35:35,56.82,100,
11:35:35,56.82,300,
11:35:35,56.83,300,
11:35:35,56.82,100,
11:35:35,56.82,100,
11:35:35,56.83,101,
11:35:36,56.8399,600,
11:35:37,56.85,100,
11:35:37,56.84,100,
11:35:39,56.85,1000,
11:35:39,56.8478,400,
11:35:40,56.8499,100,
11:35:41,56.842,200,
11:35:44,56.85,500,
11:35:44,56.85,300,
11:35:44,56.87,300,
11:35:44,56.87,300,
11:35:44,56.87,100,
11:35:44,56.87,300,
11:35:44,56.88,100,
11:35:44,56.89,100,
11:35:44,56.89,100,
11:35:44,56.8701,200,
11:35:45,56.88,300,
11:35:46,56.87,200,
11:35:49,56.86,200,
11:35:57,56.8697,600,
11:35:58,56.8626,9000,
11:35:58,56.88,100,
11:35:58,56.88,100,
11:36:00,56.89,125,
11:36:03,56.8901,500,
11:36:03,56.89,400,
11:36:03,56.90,300,
11:36:03,56.89,100,
11:36:03,56.89,100,
11:36:03,56.90,100,
11:36:03,56.8901,100,
11:36:08,56.90,100,
11:36:10,56.9002,5000,
11:36:16,56.90,200,
11:36:16,56.90,300,
11:36:22,56.90,200,
11:36:23,56.898,100,
11:36:26,56.8701,150,
11:36:26,56.88,200,
11:36:26,56.87,181,
11:36:27,56.87,100,
11:36:27,56.8766,100,
11:36:28,56.8687,200,
11:36:28,56.86,100,
11:36:31,56.86,100,
11:36:31,56.86,100,
11:36:33,56.8573,800,
11:36:33,56.86,200,
11:36:34,56.86,200,
11:36:34,56.86,200,
11:36:34,56.86,200,
11:36:34,56.86,100,
11:36:38,56.8693,500,
11:36:39,56.86,100,
11:36:48,56.8601,100,
11:36:48,56.8601,500,
11:36:57,56.87,100,
11:37:13,56.878,500,
11:37:15,56.86,100,
11:37:15,56.86,700,
11:37:19,56.86,200,
11:37:34,56.88,2150,
11:37:42,56.87,200,
11:37:42,56.87,100,
11:37:44,56.869,600,
11:38:10,56.87,100,
11:38:10,56.87,100,
11:38:18,56.88,100,
11:38:18,56.89,100,
11:38:18,56.90,100,
11:38:18,56.90,100,
11:38:18,56.90,100,
11:38:27,56.8974,350,
11:38:36,56.90,100,
11:38:41,56.89,300,
11:38:41,56.89,200,
11:38:41,56.89,600,
11:38:41,56.88,200,
11:38:41,56.89,2867,
11:38:41,56.89,1400,
11:38:41,56.88,300,
11:38:54,56.8999,100,
11:39:09,56.888,900,
11:39:22,56.8998,3000,
11:39:42,56.899,200,
11:39:56,56.87,200,
11:39:56,56.87,100,
11:39:57,56.87,100,
11:39:59,56.87,100,
11:40:00,56.90,100,
11:40:02,56.90,200,
11:40:02,56.91,100,
11:40:02,56.91,300,
11:40:25,56.89,200,
11:40:25,56.89,600,
11:40:35,56.88,200,
11:40:56,56.889,200,
11:41:19,56.8999,5505,
11:41:39,56.895,104,
11:41:53,56.8801,400,
11:42:22,56.90,100,
11:42:24,56.8902,200,
11:42:24,56.91,100,
11:42:24,56.91,200,
11:42:37,56.894,300,
11:42:43,56.89,100,
11:42:43,56.88,378,
11:42:48,56.90,300,
11:42:48,56.91,100,
11:42:54,56.91,100,
11:43:01,56.8901,1000,
11:43:13,56.89,300,
11:43:22,56.90,200,
11:43:22,56.90,200,
11:43:30,56.92,100,
11:43:39,56.92,200,
11:43:39,56.94,300,
11:43:39,56.93,300,
11:43:39,56.94,100,
11:44:04,56.91,100,
11:44:12,56.9136,500,
11:44:18,56.89,100,
11:44:18,56.88,100,
11:44:18,56.89,200,
11:44:18,56.88,200,
11:44:57,56.90,100,
11:44:57,56.90,300,
11:45:08,56.91,100,
11:45:08,56.91,100,
11:45:08,56.91,100,
11:45:09,56.92,100,
11:45:36,56.89,100,
11:45:36,56.89,100,
11:45:41,56.871,500,
11:45:43,56.87,100,
11:45:43,56.87,200,
11:45:43,56.87,100,
11:45:47,56.85,100,
11:45:47,56.85,100,
11:45:47,56.85,100,
11:45:49,56.85,100,
11:45:54,56.85,300,
11:45:54,56.85,178,
11:45:54,56.84,300,
11:45:58,56.842,2000,
11:46:07,56.85,200,
11:46:07,56.85,100,
11:46:07,56.85,200,
11:46:08,56.86,100,
11:46:20,56.84,100,
11:46:27,56.85,100,
11:46:28,56.83,100,
11:47:02,56.84,100,
11:47:02,56.84,100,
11:47:02,56.8201,500,
11:47:29,56.86,100,
11:47:44,56.878,500,
11:48:02,56.88,100,
11:48:16,56.8401,200,
11:48:20,56.84,200,
11:48:31,56.8427,100,
11:48:45,56.82,100,
11:48:45,56.82,100,
11:48:45,56.82,100,
11:48:45,56.82,100,
11:48:45,56.82,300,
11:48:45,56.82,100,
11:49:01,56.821,100,
11:49:26,56.85,200,
11:49:41,56.86,100,
11:49:41,56.86,100,
11:49:41,56.86,200,
11:49:51,56.90,100,
11:50:00,56.90,200,
11:50:02,56.89,100,
11:50:26,56.8914,100,
11:50:31,56.91,300,
11:50:31,56.90,200,
11:50:31,56.91,100,
11:50:31,56.91,300,
11:50:31,56.91,100,
11:50:36,56.92,300,
11:50:38,56.92,200,
11:50:38,56.91,100,
11:50:39,56.91,317,
11:50:55,56.919,1000,
11:51:16,56.92,100,
11:51:21,56.9101,300,
11:51:21,56.9101,100,
11:51:25,56.9187,200,
11:51:35,56.9101,180,
11:51:47,56.9101,100,
11:51:57,56.93,178,
11:51:57,56.95,178,
11:51:57,56.95,100,
11:51:57,56.96,100,
11:51:57,56.9601,900,
11:51:57,56.97,100,
11:51:57,56.95,100,
11:52:00,56.97,200,
11:52:00,56.98,100,
11:52:00,56.97,100,
11:52:00,56.96,100,
11:52:00,56.969,100,
11:52:00,56.97,200,
11:52:00,56.97,478,
11:52:07,56.98,100,
11:52:07,56.98,266,
11:52:07,56.99,200,
11:52:12,56.97,200,
11:52:17,56.9889,600,
11:52:21,56.97,300,
11:52:36,56.97,300,
11:52:36,56.97,200,
11:52:42,56.961,200,
11:52:44,56.97,100,
11:52:54,56.97,200,
11:53:02,56.9714,800,
11:53:12,56.99,901,
11:53:21,56.9944,200,
11:53:38,57,200,
11:53:38,57,100,
11:53:38,57,500,
11:53:44,56.99,100,
11:53:52,57.019,500,
11:53:58,57.018,250,
11:53:58,57.02,200,
11:53:59,57.02,100,
11:53:59,57.02,200,
11:53:59,57.03,100,
11:53:59,57.04,200,
11:53:59,57.0399,300,
11:54:14,56.9989,200,
11:54:16,57,100,
11:54:20,57.018,300,
11:54:21,57,100,
11:54:23,56.9999,200,
11:54:28,56.9801,500,
11:54:39,57.008,4900,
11:54:44,57,150,
11:54:44,57,400,
11:55:06,57.028,800,
11:55:27,56.99,100,
11:55:28,56.99,100,
11:55:58,56.998,400,
11:56:19,57.0025,2100,
11:56:32,57,200,
11:56:32,57.01,100,
11:56:32,57.01,200,
11:56:32,57.01,300,
11:56:32,57.02,100,
11:56:37,56.991,1000,
11:57:01,56.99,100,
11:57:01,56.99,900,
11:57:13,56.98,100,
11:57:13,56.99,200,
11:57:13,56.99,300,
11:57:24,56.98,100,
11:57:38,57.0061,2000,
11:58:26,56.998,300,
11:58:33,57.01,100,
11:59:02,57.05,100,
11:59:06,57.048,780,
11:59:08,57.05,200,
11:59:09,57.058,100,
11:59:23,57.05,100,
11:59:24,57.07,100,
11:59:24,57.07,100,
11:59:26,57.08,100,
11:59:26,57.07,800,
11:59:34,57.07,300,
11:59:34,57.07,300,
11:59:35,57.089,200,
11:59:39,57.07,100,
12:00:13,57.078,250,
12:00:26,57.052,200,
12:00:54,57.01,100,
12:01:21,57,100,
12:01:29,56.9828,400,
12:01:35,56.961,1000,
12:01:40,56.98,100,
12:01:41,56.984,500,
12:01:59,56.97,400,
12:02:39,56.9701,700,
12:02:39,56.97,600,
12:02:39,56.97,200,
12:02:39,56.97,200,
12:02:50,56.9898,100,
12:03:11,56.9848,350,
12:03:15,56.99,600,
12:03:20,56.99,100,
12:03:23,56.99,100,
12:03:45,57.01,100,
12:03:46,57.01,200,
12:03:46,57.01,165,
12:03:51,57.0252,400,
12:04:08,57.01,100,
12:04:33,56.99,100,
12:04:39,57.0045,100,
12:04:56,57.0199,150,
12:04:56,57.02,100,
12:05:05,56.992,1000,
12:05:39,57.02,400,
12:05:40,57.02,200,
12:05:40,57.02,100,
12:06:19,57.001,500,
12:06:27,56.99,265,
12:06:29,57,200,
12:06:30,56.98,200,
12:06:30,56.98,266,
12:06:31,56.97,200,
12:06:31,56.97,100,
12:06:31,56.97,300,
12:06:31,56.95,500,
12:06:31,56.95,100,
12:06:31,56.95,100,
12:06:31,56.93,100,
12:06:31,56.93,200,
12:06:31,56.93,100,
12:06:32,56.93,100,
12:06:34,56.93,100,
12:06:36,56.934,1000,
12:06:41,56.9426,1500,
12:06:43,56.944,200,
12:06:45,56.96,200,
12:06:45,56.96,100,
12:06:55,56.9414,400,
12:07:14,56.95,400,
12:07:43,56.9401,3960,
12:07:48,56.9401,2700,
12:08:31,56.96,100,
12:08:31,56.95,500,
12:08:31,56.95,200,
12:08:36,56.94,150,
12:08:54,56.94,100,
12:08:58,56.9452,100,
12:09:27,56.92,100,
12:09:51,56.912,300,
12:09:51,56.91,100,
12:09:57,56.90,250,
12:10:27,56.93,100,
12:10:45,56.90,100,
12:11:21,56.91,100,
12:11:31,56.94,100,
12:11:40,56.9574,400,
12:12:32,56.94,200,
12:12:32,56.94,100,
12:12:36,56.928,263,
12:13:01,56.92,100,
12:13:13,56.94,300,
12:13:18,56.93,100,
12:13:44,56.92,100,
12:13:44,56.94,300,
12:13:44,56.918,100,
12:13:53,56.9399,100,
12:14:03,56.939,1000,
12:14:09,56.918,1900,
12:14:21,56.90,100,
12:14:47,56.91,100,
12:15:07,56.9199,100,
12:15:19,56.9199,600,
12:15:29,56.94,100,
12:15:36,56.95,100,
12:15:36,56.96,600,
12:15:48,56.9599,2000,
12:16:04,56.9401,3700,
12:16:05,56.96,100,
12:16:07,56.957,100,
12:16:28,56.97,100,
12:16:28,56.97,100,
12:16:36,56.9699,300,
12:16:36,56.9699,2000,
12:16:36,56.97,400,
12:16:48,56.95,100,
12:17:09,56.97,100,
12:17:30,56.97,100,
12:17:30,56.98,400,
12:17:30,56.99,4000,
12:17:30,56.99,300,
12:17:30,56.99,300,
12:17:48,56.982,750,
12:17:55,56.995,5000,
12:18:39,57,300,
12:18:42,56.9901,300,
12:19:08,57.0074,100,
12:19:40,56.98,100,
12:19:46,56.96,100,
12:20:18,56.97,300,
12:20:29,56.97,100,
12:20:31,57,100,
12:20:31,57,100,
12:20:31,57,100,
12:20:38,56.99,500,
12:22:07,57,200,
12:22:15,57.002,100,
12:22:21,57.01,100,
12:22:25,57.02,100,
12:22:30,57.0101,107,
12:22:34,57.01,200,
12:22:34,57.01,100,
12:22:39,57,200,
12:22:39,57,100,
12:23:23,56.968,780,
12:23:26,56.96,100,
12:23:26,56.96,100,
12:23:38,56.9601,2000,
12:23:54,56.942,500,
12:24:14,56.97,100,
12:24:33,56.9926,400,
12:24:45,57.01,100,
12:25:07,57.01,100,
12:26:01,56.99,100,
12:26:26,57,100,
12:27:13,56.9999,900,
12:27:36,56.99,100,
12:28:00,57,100,
12:28:19,56.98,100,
12:29:29,56.98,200,
12:29:29,56.98,100,
12:29:31,56.97,300,
12:29:36,56.96,100,
12:29:36,56.96,3200,
12:29:36,56.96,100,
12:29:36,56.96,100,
12:29:54,56.942,504,
12:30:30,56.9599,600,
12:30:39,56.9545,520,
12:31:08,56.95,500,
12:31:08,56.95,100,
12:31:17,56.9401,150,
12:31:53,56.96,100,
12:32:12,56.97,100,
12:32:34,56.984,500,
12:32:45,56.97,200,
12:32:45,56.97,200,
12:32:45,56.98,200,
12:32:45,56.98,200,
12:32:52,56.96,100,
12:33:09,56.9613,945,
12:33:19,56.9601,5000,
12:33:57,56.97,167,
12:33:57,56.97,400,
12:34:08,56.97,100,
12:34:30,56.97,100,
12:35:02,56.946,100,
12:35:12,56.94,100,
12:35:39,56.952,500,
12:36:06,56.94,100,
12:36:06,56.94,200,
12:36:06,56.94,100,
12:36:08,56.94,100,
12:36:08,56.94,100,
12:36:08,56.94,100,
12:36:25,56.94,200,
12:36:27,56.94,100,
12:36:27,56.94,100,
12:36:28,56.95,100,
12:37:08,56.91,200,
12:37:08,56.91,300,
12:37:08,56.90,200,
12:37:24,56.921,1200,
12:37:34,56.92,300,
12:37:47,56.92,100,
12:37:53,56.92,100,
12:37:57,56.90,100,
12:38:07,56.90,100,
12:38:16,56.89,100,
12:38:17,56.88,200,
12:38:17,56.88,200,
12:38:17,56.88,100,
12:38:19,56.90,100,
12:38:26,56.8916,200,
12:38:45,56.91,100,
12:38:45,56.90,100,
12:38:45,56.91,100,
12:38:45,56.92,200,
12:38:45,56.93,200,
12:39:02,56.928,500,
12:39:39,56.93,100,
12:39:52,56.94,300,
12:39:52,56.94,300,
12:39:52,56.94,300,
12:39:52,56.94,300,
12:40:07,56.9226,500,
12:40:19,56.921,900,
12:40:19,56.921,100,
12:40:20,56.92,200,
12:40:20,56.921,300,
12:40:20,56.921,1400,
12:40:20,56.92,200,
12:40:20,56.92,200,
12:40:25,56.921,200,
12:41:18,56.92,200,
12:41:45,56.93,500,
12:41:46,56.93,100,
12:41:46,56.921,100,
12:41:46,56.9211,150,
12:42:11,56.90,100,
12:42:38,56.92,100,
12:42:38,56.92,200,
12:42:38,56.92,100,
12:42:38,56.92,100,
12:42:38,56.93,100,
12:42:38,56.93,100,
12:43:03,56.97,300,
12:43:03,56.97,200,
12:43:03,56.97,300,
12:43:03,56.98,100,
12:43:14,56.9999,3800,
12:43:16,56.9855,100,
12:43:22,56.96,100,
12:43:33,56.97,100,
12:43:34,56.97,100,
12:43:46,56.9661,1800,
12:43:47,56.964,100,
12:43:59,56.96,200,
12:43:59,56.97,100,
12:44:02,56.95,100,
12:44:03,56.9699,150,
12:44:03,56.9637,100,
12:44:15,56.97,300,
12:44:15,56.97,300,
12:44:26,56.95,100,
12:44:26,56.95,100,
12:44:26,56.95,100,
12:44:35,56.95,100,
12:44:35,56.95,100,
12:44:40,56.97,200,
12:44:40,56.97,100,
12:44:40,56.97,100,
12:44:41,57,100,
12:44:41,57.01,100,
12:44:41,57.01,200,
12:44:41,57,100,
12:44:42,57.02,100,
12:44:42,57.02,100,
12:44:50,57.0199,200,
12:44:50,57.02,100,
12:44:50,57.0199,100,
12:44:54,57.0199,500,
12:44:54,57.02,500,
12:44:54,57.0199,400,
12:44:54,57.02,100,
12:45:21,57.0001,2000,
12:45:25,56.99,100,
12:45:41,57,100,
12:46:16,57.02,400,
12:46:23,57.0199,200,
12:46:31,57.0288,500,
12:46:33,57.03,100,
12:46:41,57.0201,200,
12:46:50,57.04,100,
12:46:50,57.04,100,
12:46:50,57.04,100,
12:46:54,57.03,399,
12:46:54,57.03,300,
12:47:01,57.02,100,
12:47:35,57.0201,1000,
12:47:36,57.02,100,
12:47:36,57.02,400,
12:47:44,57,100,
12:48:09,57,100,
12:48:10,56.9901,260,
12:49:19,56.98,400,
12:49:19,56.97,100,
12:49:19,56.97,100,
12:49:19,56.9406,1500,
12:49:41,56.95,100,
12:50:03,56.94,300,
12:50:16,56.9398,130,
12:50:32,56.92,400,
12:50:36,56.90,780,
12:50:57,56.94,100,
12:50:57,56.94,200,
12:50:57,56.94,100,
12:50:57,56.94,100,
12:50:57,56.94,100,
12:50:57,56.94,100,
12:50:57,56.94,200,
12:50:57,56.94,100,
12:50:59,56.94,100,
12:51:10,56.9401,9000,
12:52:40,56.94,120,
12:52:40,56.97,300,
12:52:40,56.97,200,
12:52:40,56.97,600,
12:52:40,56.97,100,
12:53:02,56.96,500,
12:53:29,56.9596,1450,
12:54:03,56.942,2100,
12:54:47,56.96,100,
12:55:00,56.9199,200,
12:55:04,56.88,300,
12:55:04,56.88,300,
12:55:04,56.88,600,
12:55:04,56.88,300,
12:55:04,56.88,100,
12:55:04,56.88,100,
12:55:04,56.8865,400,
12:55:04,56.89,100,
12:55:05,56.87,2000,
12:55:08,56.87,100,
12:55:10,56.87,200,
12:55:10,56.87,100,
12:55:11,56.87,100,
12:55:11,56.87,100,
12:55:13,56.88,100,
12:55:28,56.89,100,
12:55:28,56.89,213,
12:55:34,56.86,100,
12:55:34,56.86,300,
12:55:46,56.8868,100,
12:55:54,56.89,500,
12:55:54,56.89,100,
12:56:09,56.8809,1450,
12:56:18,56.874,600,
12:56:29,56.8899,100,
12:56:30,56.881,100,
12:56:32,56.874,950,
12:56:48,56.91,200,
12:56:48,56.91,100,
12:56:48,56.91,100,
12:56:57,56.88,100,
12:56:57,56.88,200,
12:57:03,56.87,100,
12:57:08,56.8799,170,
12:57:34,56.89,200,
12:57:47,56.8804,100,
12:58:04,56.91,100,
12:58:09,56.90,100,
12:59:16,56.90,100,
12:59:16,56.90,100,
12:59:32,56.93,100,
12:59:32,56.94,100,
12:59:37,56.928,500,
12:59:37,56.94,100,
12:59:37,56.94,100,
12:59:37,56.94,100,
12:59:37,56.94,100,
12:59:40,56.93,100,
12:59:40,56.935,100,
12:59:49,56.94,100,
12:59:49,56.95,100,
13:00:06,56.9611,400,
13:00:22,56.968,500,
13:00:22,56.95,300,
13:00:22,56.94,130,
13:00:55,56.97,100,
13:01:30,56.9768,400,
13:02:42,56.966,900,
13:04:06,56.96,100,
13:04:39,56.95,100,
13:04:39,56.95,100,
13:04:39,56.93,100,
13:04:57,56.946,500,
13:05:19,56.90,100,
13:05:21,56.93,200,
13:05:30,56.902,500,
13:05:44,56.934,100,
13:06:13,56.9699,500,
13:06:30,56.97,199,
13:06:30,56.97,100,
13:06:30,56.97,100,
13:06:35,56.96,100,
13:06:44,56.9508,300,
13:06:53,56.9526,2700,
13:06:56,56.954,100,
13:06:57,56.9501,800,
13:06:57,56.95,700,
13:06:57,56.9565,400,
13:06:57,56.95,200,
13:06:59,56.95,100,
13:06:59,56.94,200,
13:06:59,56.95,100,
13:07:19,56.959,913,
13:07:33,56.954,117,
13:07:39,56.9698,100,
13:07:40,56.951,100,
13:07:41,56.97,100,
13:07:42,56.9501,300,
13:07:42,56.9626,100,
13:07:42,56.95,100,
13:07:42,56.9501,173,
13:07:42,56.9699,400,
13:07:58,56.94,200,
13:07:58,56.95,200,
13:08:10,56.96,100,
13:09:01,56.9426,1100,
13:09:17,56.96,100,
13:09:20,56.97,200,
13:09:20,56.97,100,
13:09:20,56.97,200,
13:09:20,56.9699,500,
13:09:25,56.95,100,
13:10:06,56.9526,387,
13:10:20,56.97,100,
13:10:29,56.98,100,
13:10:38,56.98,100,
13:11:29,56.99,100,
13:11:34,56.971,150,
13:11:54,56.9826,500,
13:12:00,57,100,
13:12:07,57,100,
13:12:07,56.98,300,
13:12:07,56.98,300,
13:12:38,57,100,
13:12:38,57.01,100,
13:12:39,57.01,300,
13:12:43,57,120,
13:12:55,57.03,425,
13:12:55,57.028,525,
13:12:57,57.04,300,
13:12:57,57.05,200,
13:13:03,57.049,800,
13:13:05,57.0352,200,
13:13:08,57.04,200,
13:13:32,57.05,100,
13:13:37,57.05,600,
13:13:37,57.0601,365,
13:13:42,57.0774,400,
13:13:47,57.08,200,
13:13:57,57.0708,100,
13:14:11,57.08,100,
13:14:11,57.08,100,
13:14:11,57.08,100,
13:14:11,57.08,100,
13:14:11,57.08,100,
13:14:11,57.08,200,
13:14:11,57.08,100,
13:14:11,57.08,100,
13:14:11,57.08,500,
13:14:11,57.08,600,
13:14:13,57.09,100,
13:14:13,57.10,150,
13:14:19,57.08,200,
13:14:19,57.08,1280,
13:14:19,57.08,100,
13:14:19,57.08,100,
13:14:23,57.07,400,
13:14:23,57.07,300,
13:14:23,57.07,100,
13:14:29,57.08,200,
13:14:30,57.09,3200,
13:14:30,57.09,100,
13:14:47,57.0899,100,
13:15:03,57.084,500,
13:15:18,57.07,300,
13:15:18,57.07,500,
13:15:18,57.07,300,
13:15:18,57.07,300,
13:15:18,57.07,100,
13:15:29,57.07,100,
13:15:29,57.07,100,
13:15:29,57.07,100,
13:15:36,57.0687,600,
13:15:48,57.07,100,
13:15:48,57.07,300,
13:15:59,57.08,300,
13:15:59,57.08,300,
13:15:59,57.08,200,
13:16:25,57.0801,200,
13:16:25,57.08,300,
13:16:46,57.09,100,
13:16:59,57.09,100,
13:17:04,57.10,100,
13:17:04,57.11,300,
13:17:04,57.11,300,
13:17:04,57.11,200,
13:17:04,57.10,200,
13:17:11,57.11,100,
13:17:16,57.14,100,
13:17:16,57.14,100,
13:17:16,57.13,100,
13:17:16,57.14,200,
13:17:17,57.13,300,
13:17:18,57.14,100,
13:17:18,57.13,300,
13:17:18,57.13,300,
13:17:27,57.13,100,
13:17:29,57.13,200,
13:17:29,57.13,100,
13:17:31,57.13,100,
13:17:36,57.12,543,
13:18:00,57.13,100,
13:18:21,57.138,1000,
13:18:28,57.13,100,
13:18:42,57.12,100,
13:19:10,57.132,600,
13:19:18,57.15,200,
13:19:18,57.15,278,
13:19:18,57.14,100,
13:19:18,57.16,100,
13:19:18,57.17,200,
13:19:18,57.15,150,
13:19:18,57.17,300,
13:19:19,57.17,100,
13:19:28,57.1501,5000,
13:19:48,57.15,200,
13:19:48,57.15,400,
13:20:00,57.15,100,
13:20:03,57.169,100,
13:20:08,57.17,300,
13:20:08,57.1699,100,
13:20:10,57.1576,1000,
13:20:17,57.16,200,
13:20:17,57.16,200,
13:20:17,57.16,3200,
13:20:17,57.16,3300,
13:20:17,57.16,100,
13:20:23,57.1527,1200,
13:20:31,57.152,600,
13:20:38,57.17,100,
13:20:43,57.162,400,
13:21:02,57.17,100,
13:21:06,57.16,100,
13:21:09,57.16,100,
13:21:20,57.1611,200,
13:21:22,57.17,100,
13:21:23,57.16,200,
13:21:23,57.151,100,
13:21:26,57.1792,900,
13:21:59,57.15,600,
13:21:59,57.1689,400,
13:22:28,57.15,200,
13:22:28,57.1501,2000,
13:22:32,57.15,100,
13:22:54,57.18,100,
13:22:56,57.18,100,
13:22:56,57.18,100,
13:22:56,57.17,100,
13:22:56,57.17,100,
13:22:56,57.18,100,
13:22:56,57.18,300,
13:23:17,57.167,300,
13:23:20,57.17,100,
13:23:36,57.18,200,
13:23:48,57.18,100,
13:23:48,57.18,200,
13:23:48,57.18,100,
13:23:48,57.18,100,
13:23:48,57.18,100,
13:23:48,57.18,300,
13:23:48,57.18,100,
13:23:50,57.18,300,
13:23:50,57.18,200,
13:23:50,57.18,100,
13:23:50,57.18,100,
13:24:34,57.1632,100,
13:24:39,57.1774,100,
13:25:01,57.1999,100,
13:25:10,57.20,100,
13:25:10,57.21,100,
13:25:10,57.21,100,
13:25:15,57.21,100,
13:25:15,57.21,100,
13:25:15,57.21,100,
13:25:18,57.22,300,
13:25:18,57.23,100,
13:25:22,57.23,100,
13:25:24,57.23,100,
13:25:28,57.24,200,
13:25:30,57.24,100,
13:25:32,57.24,400,
13:25:32,57.24,200,
13:25:32,57.25,100,
13:25:32,57.25,200,
13:25:32,57.26,100,
13:25:32,57.26,100,
13:25:32,57.26,100,
13:25:32,57.25,300,
13:25:32,57.25,180,
13:25:33,57.26,100,
13:25:36,57.26,100,
13:26:04,57.268,200,
13:26:17,57.2699,400,
13:26:17,57.27,100,
13:26:17,57.27,100,
13:26:17,57.27,300,
13:26:17,57.27,100,
13:26:17,57.27,300,
13:26:19,57.258,300,
13:26:26,57.26,250,
13:26:33,57.2699,100,
13:26:46,57.2696,900,
13:26:56,57.27,100,
13:27:38,57.2687,300,
13:28:12,57.2599,100,
13:28:15,57.27,100,
13:28:21,57.28,100,
13:28:21,57.29,100,
13:28:21,57.28,300,
13:28:21,57.28,198,
13:28:21,57.28,200,
13:28:21,57.28,300,
13:28:21,57.28,100,
13:28:21,57.30,100,
13:28:23,57.29,100,
13:28:36,57.28,100,
13:28:45,57.28,100,
13:28:45,57.2799,200,
13:28:45,57.28,300,
13:28:45,57.28,200,
13:28:45,57.28,100,
13:28:45,57.2799,300,
13:28:45,57.2799,100,
13:28:45,57.2799,200,
13:29:02,57.26,100,
13:29:09,57.2601,200,
13:29:22,57.2701,975,
13:30:18,57.2702,100,
13:30:41,57.29,100,
13:30:46,57.2702,100,
13:30:46,57.27,200,
13:30:50,57.27,100,
13:30:57,57.29,100,
13:31:07,57.29,100,
13:31:14,57.30,200,
13:31:14,57.30,400,
13:31:26,57.31,100,
13:31:49,57.31,300,
13:31:49,57.31,100,
13:31:49,57.31,300,
13:31:49,57.31,100,
13:32:12,57.31,100,
13:32:12,57.31,200,
13:32:13,57.31,200,
13:32:17,57.308,100,
13:32:23,57.32,300,
13:32:26,57.32,100,
13:32:27,57.3201,400,
13:32:37,57.33,300,
13:32:37,57.34,178,
13:32:38,57.3301,200,
13:32:45,57.33,200,
13:32:52,57.34,100,
13:32:52,57.331,300,
13:32:56,57.35,199,
13:32:57,57.35,300,
13:32:57,57.35,100,
13:32:57,57.35,300,
13:32:57,57.35,100,
13:32:57,57.35,200,
13:32:57,57.35,100,
13:32:57,57.35,100,
13:33:01,57.35,300,
13:33:01,57.35,100,
13:33:01,57.35,100,
13:33:04,57.35,400,
13:33:12,57.3493,200,
13:33:38,57.341,100,
13:33:38,57.34,100,
13:33:41,57.3522,380,
13:33:53,57.35,100,
13:33:54,57.35,200,
13:33:56,57.3473,1000,
13:34:07,57.33,400,
13:34:56,57.3201,100,
13:35:06,57.34,100,
13:35:06,57.35,100,
13:35:07,57.35,200,
13:35:23,57.356,500,
13:35:35,57.3601,300,
13:35:41,57.36,100,
13:35:41,57.36,600,
13:35:41,57.369,100,
13:35:41,57.36,300,
13:35:52,57.37,100,
13:35:53,57.38,278,
13:36:03,57.37,500,
13:36:03,57.38,100,
13:36:03,57.38,300,
13:36:17,57.36,200,
13:36:41,57.36,100,
13:36:42,57.36,100,
13:37:53,57.38,378,
13:37:53,57.38,200,
13:37:53,57.38,100,
13:37:53,57.38,300,
13:37:53,57.38,100,
13:37:53,57.38,100,
13:37:53,57.39,100,
13:37:59,57.37,100,
13:38:02,57.371,1100,
13:38:09,57.376,200,
13:38:29,57.37,100,
13:38:29,57.37,300,
13:38:29,57.35,200,
13:38:31,57.335,200,
13:38:31,57.331,100,
13:38:31,57.34,100,
13:38:31,57.34,100,
13:38:31,57.34,100,
13:38:31,57.34,100,
13:38:31,57.35,100,
13:38:31,57.35,300,
13:38:31,57.36,100,
13:38:41,57.3599,300,
13:38:41,57.36,100,
13:38:41,57.3599,100,
13:38:41,57.36,100,
13:38:57,57.3574,250,
13:39:03,57.321,100,
13:39:03,57.321,200,
13:39:10,57.3201,100,
13:39:11,57.31,200,
13:39:20,57.32,250,
13:39:24,57.314,350,
13:39:28,57.32,200,
13:39:40,57.34,100,
13:40:06,57.3499,100,
13:40:45,57.34,400,
13:40:47,57.35,100,
13:40:48,57.35,2016,
13:41:02,57.31,300,
13:41:34,57.31,100,
13:41:35,57.31,100,
13:41:39,57.29,300,
13:41:54,57.29,100,
13:42:09,57.302,100,
13:42:14,57.34,100,
13:42:33,57.32,100,
13:42:40,57.31,100,
13:42:49,57.29,300,
13:42:50,57.3099,300,
13:42:51,57.31,300,
13:42:51,57.31,300,
13:42:51,57.3099,1300,
13:42:59,57.31,300,
13:42:59,57.31,200,
13:42:59,57.31,300,
13:42:59,57.31,200,
13:43:00,57.299,100,
13:43:18,57.309,500,
13:44:12,57.3099,600,
13:44:19,57.30,100,
13:44:29,57.32,100,
13:44:33,57.33,100,
13:44:33,57.33,200,
13:45:02,57.328,200,
13:45:21,57.32,100,
13:45:22,57.31,100,
13:45:22,57.31,300,
13:45:22,57.32,100,
13:45:34,57.30,100,
13:46:10,57.31,100,
13:46:18,57.31,100,
13:46:18,57.31,200,
13:46:18,57.31,100,
13:46:18,57.31,200,
13:46:18,57.31,200,
13:46:18,57.31,200,
13:46:18,57.31,200,
13:46:47,57.31,200,
13:46:47,57.31,100,
13:46:47,57.31,200,
13:46:47,57.31,200,
13:46:53,57.3101,100,
13:46:53,57.3101,100,
13:46:53,57.3101,1000,
13:46:53,57.3101,600,
13:46:58,57.3213,400,
13:47:10,57.3224,300,
13:47:11,57.31,100,
13:47:11,57.31,100,
13:47:11,57.3101,100,
13:47:13,57.3101,163,
13:47:32,57.32,100,
13:47:32,57.3101,100,
13:47:45,57.3101,400,
13:47:45,57.31,400,
13:47:45,57.31,100,
13:47:45,57.3101,100,
13:48:05,57.3177,2000,
13:48:22,57.31,100,
13:48:23,57.28,100,
13:48:23,57.28,300,
13:48:24,57.2701,200,
13:48:24,57.2711,1000,
13:48:24,57.27,100,
13:48:24,57.271,2000,
13:48:25,57.28,300,
13:48:28,57.2795,2000,
13:48:36,57.28,100,
13:48:38,57.28,100,
13:48:39,57.28,100,
13:48:39,57.28,137,
13:48:39,57.28,100,
13:48:49,57.28,100,
13:48:49,57.28,100,
13:48:49,57.28,200,
13:49:00,57.2887,1500,
13:49:01,57.28,100,
13:49:11,57.27,200,
13:49:11,57.27,300,
13:49:12,57.28,100,
13:49:12,57.27,300,
13:49:30,57.28,100,
13:49:39,57.28,300,
13:50:04,57.2601,400,
13:50:40,57.2899,100,
13:50:40,57.29,100,
13:50:40,57.29,100,
13:51:42,57.29,100,
13:51:48,57.30,100,
13:51:48,57.3013,1000,
13:52:32,57.28,300,
13:52:59,57.272,100,
13:53:11,57.28,200,
13:53:11,57.28,600,
13:53:11,57.2799,100,
13:53:11,57.28,100,
13:53:12,57.2713,390,
13:53:31,57.2514,1000,
13:53:39,57.25,200,
13:53:39,57.25,200,
13:53:43,57.25,100,
13:53:45,57.25,100,
13:53:45,57.25,100,
13:53:49,57.23,100,
13:53:50,57.25,100,
13:53:51,57.246,500,
13:53:54,57.262,400,
13:54:26,57.25,400,
13:55:00,57.261,500,
13:55:13,57.30,200,
13:55:32,57.28,200,
13:55:32,57.27,100,
13:55:32,57.27,100,
13:55:34,57.27,100,
13:55:50,57.27,100,
13:55:51,57.27,100,
13:55:56,57.27,100,
13:55:56,57.27,300,
13:55:57,57.27,300,
13:55:57,57.27,300,
13:56:05,57.275,1000,
13:56:38,57.26,100,
13:57:23,57.2573,195,
13:58:10,57.2499,200,
13:58:34,57.246,175,
13:58:48,57.2302,3000,
13:59:05,57.231,100,
13:59:19,57.21,5100,
13:59:20,57.24,100,
13:59:21,57.212,400,
13:59:26,57.2105,200,
13:59:47,57.23,800,
14:00:06,57.1874,600,
14:00:09,57.16,100,
14:00:09,57.15,100,
14:00:16,57.17,100,
14:00:19,57.15,100,
14:00:32,57.1301,100,
14:00:35,57.1301,2000,
14:00:35,57.1301,600,
14:00:35,57.13,200,
14:00:43,57.13,100,
14:00:54,57.15,100,
14:00:54,57.15,3165,
14:00:58,57.1448,200,
14:01:01,57.17,200,
14:01:01,57.17,100,
14:01:42,57.18,100,
14:01:43,57.18,100,
14:01:43,57.18,100,
14:02:01,57.17,200,
14:02:03,57.19,500,
14:02:16,57.20,100,
14:02:20,57.18,100,
14:02:20,57.18,100,
14:02:20,57.17,200,
14:02:29,57.17,100,
14:02:35,57.18,100,
14:02:35,57.177,132,
14:02:40,57.17,100,
14:03:13,57.16,100,
14:03:17,57.17,100,
14:03:18,57.17,100,
14:03:19,57.17,100,
14:03:20,57.18,100,
14:03:20,57.18,100,
14:03:20,57.18,100,
14:03:20,57.18,200,
14:03:20,57.18,100,
14:03:20,57.18,100,
14:03:20,57.18,100,
14:03:20,57.18,100,
14:03:21,57.18,300,
14:03:21,57.18,300,
14:03:21,57.18,200,
14:03:21,57.19,100,
14:03:21,57.18,200,
14:03:21,57.19,100,
14:03:51,57.17,100,
14:04:03,57.1601,2100,
14:04:12,57.1487,500,
14:04:23,57.13,100,
14:04:25,57.12,1000,
14:04:26,57.11,100,
14:04:33,57.091,100,
14:04:33,57.10,100,
14:04:34,57.10,100,
14:04:34,57.10,100,
14:04:34,57.09,300,
14:04:34,57.09,100,
14:04:37,57.09,300,
14:04:37,57.09,200,
14:04:39,57.091,100,
14:04:39,57.09,500,
14:04:40,57.091,200,
14:05:07,57.11,400,
14:05:09,57.11,100,
14:05:10,57.11,300,
14:05:11,57.10,5200,
14:05:38,57.12,100,
14:05:41,57.12,100,
14:06:27,57.11,100,
14:06:33,57.09,100,
14:06:37,57.07,100,
14:06:38,57.09,100,
14:06:39,57.09,100,
14:06:39,57.09,300,
14:06:39,57.09,300,
14:06:39,57.09,300,
14:06:39,57.09,2699,
14:06:40,57.092,600,
14:07:04,57.116,200,
14:07:10,57.1001,300,
14:07:10,57.10,100,
14:07:10,57.1001,100,
14:07:26,57.1399,500,
14:07:26,57.1399,200,
14:07:26,57.12,100,
14:07:26,57.1226,1000,
14:07:27,57.12,300,
14:07:28,57.1268,400,
14:07:40,57.1199,2000,
14:08:01,57.1199,400,
14:08:16,57.1001,2000,
14:08:24,57.12,22828,
14:08:43,57.129,100,
14:08:59,57.14,200,
14:08:59,57.14,300,
14:08:59,57.14,200,
14:08:59,57.14,300,
14:08:59,57.14,300,
14:09:00,57.14,300,
14:09:01,57.13,199,
14:09:02,57.1291,400,
14:09:14,57.118,457,
14:09:20,57.13,2000,
14:09:22,57.12,100,
14:09:29,57.11,300,
14:09:29,57.11,100,
14:10:10,57.14,100,
14:10:10,57.14,100,
14:10:10,57.14,300,
14:10:10,57.14,100,
14:10:10,57.14,100,
14:10:10,57.14,100,
14:10:10,57.14,100,
14:10:10,57.14,200,
14:10:10,57.14,300,
14:10:16,57.15,100,
14:10:20,57.1574,1000,
14:10:52,57.17,200,
14:10:52,57.17,200,
14:11:04,57.1899,150,
14:11:29,57.1899,2000,
14:11:41,57.16,100,
14:12:32,57.17,100,
14:12:39,57.17,300,
14:12:39,57.17,300,
14:12:49,57.16,199,
14:12:49,57.16,3200,
14:12:49,57.16,100,
14:12:54,57.15,110,
14:12:55,57.16,100,
14:12:56,57.1699,1881,
14:13:07,57.17,100,
14:13:11,57.165,200,
14:13:11,57.14,100,
14:13:11,57.14,100,
14:13:11,57.14,100,
14:13:11,57.1399,1200,
14:13:26,57.14,100,
14:13:26,57.14,200,
14:13:26,57.14,300,
14:13:26,57.14,400,
14:13:26,57.14,300,
14:13:26,57.14,100,
14:13:26,57.14,200,
14:13:26,57.14,100,
14:13:26,57.1499,1900,
14:13:51,57.11,100,
14:14:22,57.11,100,
14:14:32,57.11,500,
14:15:00,57.09,200,
14:15:00,57.06,200,
14:15:00,57.06,200,
14:15:00,57.06,500,
14:15:00,57.06,100,
14:15:00,57.06,100,
14:15:01,57.06,300,
14:15:01,57.08,100,
14:15:01,57.08,100,
14:15:06,57.06,100,
14:15:06,57.0677,100,
14:15:06,57.06,100,
14:15:07,57.06,100,
14:15:21,57.10,100,
14:15:34,57.08,300,
14:15:50,57.0703,300,
14:16:13,57.08,100,
14:16:13,57.08,100,
14:16:13,57.08,100,
14:16:13,57.08,300,
14:16:13,57.08,100,
14:16:13,57.08,100,
14:16:13,57.08,300,
14:16:13,57.08,100,
14:18:24,57.13,200,
14:18:26,57.11,200,
14:19:04,57.12,100,
14:19:14,57.129,4000,
14:19:14,57.129,200,
14:19:32,57.15,100,
14:20:05,57.11,220,
14:20:24,57.12,100,
14:20:24,57.12,100,
14:21:13,57.11,100,
14:21:14,57.12,200,
14:21:17,57.12,100,
14:21:47,57.14,100,
14:21:54,57.14,100,
14:21:54,57.14,100,
14:21:54,57.14,300,
14:21:54,57.15,100,
14:21:54,57.15,100,
14:21:57,57.14,150,
14:22:15,57.1601,2000,
14:22:15,57.16,300,
14:22:15,57.16,100,
14:22:15,57.16,100,
14:22:24,57.1601,1000,
14:22:34,57.1648,200,
14:23:05,57.18,300,
14:23:05,57.18,300,
14:23:05,57.18,200,
14:23:05,57.17,300,
14:23:26,57.20,300,
14:23:26,57.22,100,
14:23:26,57.21,200,
14:23:26,57.22,100,
14:23:26,57.21,100,
14:23:26,57.23,100,
14:23:30,57.23,100,
14:23:33,57.23,200,
14:23:33,57.23,200,
14:23:33,57.23,300,
14:23:33,57.23,100,
14:23:33,57.235,100,
14:23:33,57.231,100,
14:23:33,57.235,100,
14:23:34,57.23,100,
14:23:41,57.238,700,
14:24:19,57.242,500,
14:24:24,57.24,100,
14:24:39,57.231,500,
14:24:51,57.24,200,
14:24:51,57.24,100,
14:25:15,57.231,192,
14:25:50,57.25,100,
14:25:50,57.25,100,
14:25:51,57.25,100,
14:25:53,57.26,100,
14:26:08,57.27,500,
14:26:28,57.268,523,
14:26:39,57.28,300,
14:26:54,57.2702,3650,
14:26:57,57.27,100,
14:26:57,57.29,100,
14:26:57,57.2835,300,
14:26:57,57.2823,100,
14:26:57,57.29,100,
14:27:08,57.31,200,
14:27:08,57.30,100,
14:27:08,57.29,400,
14:27:10,57.30,100,
14:27:29,57.3001,800,
14:27:45,57.3011,1000,
14:27:50,57.32,300,
14:27:50,57.32,100,
14:27:50,57.32,100,
14:28:03,57.35,100,
14:28:03,57.35,100,
14:28:03,57.35,300,
14:28:03,57.35,100,
14:28:03,57.35,200,
14:28:03,57.35,100,
14:28:03,57.36,100,
14:28:03,57.35,300,
14:28:03,57.35,200,
14:28:03,57.35,100,
14:28:03,57.35,100,
14:28:03,57.35,200,
14:28:03,57.35,100,
14:28:03,57.35,100,
14:28:03,57.35,100,
14:28:03,57.32,200,
14:28:03,57.35,100,
14:28:03,57.35,100,
14:28:03,57.35,100,
14:28:05,57.36,100,
14:28:08,57.38,100,
14:28:08,57.38,200,
14:28:08,57.38,200,
14:28:08,57.38,200,
14:28:08,57.38,200,
14:28:08,57.38,200,
14:28:08,57.38,300,
14:28:08,57.38,300,
14:28:10,57.37,3161,
14:28:10,57.38,100,
14:28:10,57.38,100,
14:28:10,57.372,100,
14:28:10,57.376,100,
14:28:10,57.38,200,
14:28:10,57.375,100,
14:28:10,57.38,300,
14:28:10,57.38,100,
14:28:10,57.38,100,
14:28:10,57.38,100,
14:28:10,57.39,100,
14:28:10,57.39,300,
14:28:10,57.39,100,
14:28:10,57.3999,200,
14:28:10,57.38,1000,
14:28:11,57.38,300,
14:28:13,57.36,200,
14:28:21,57.37,300,
14:28:21,57.38,100,
14:28:21,57.38,200,
14:28:21,57.38,100,
14:28:21,57.38,300,
14:28:22,57.3799,100,
14:28:22,57.38,400,
14:28:26,57.38,300,
14:28:26,57.38,300,
14:28:26,57.38,100,
14:28:29,57.39,100,
14:28:29,57.39,197,
14:28:29,57.39,100,
14:28:29,57.40,200,
14:28:29,57.40,100,
14:28:29,57.39,200,
14:28:29,57.41,100,
14:28:29,57.41,100,
14:28:29,57.42,200,
14:28:29,57.42,300,
14:28:30,57.44,100,
14:28:30,57.43,100,
14:28:30,57.44,200,
14:28:30,57.44,300,
14:28:30,57.42,100,
14:28:30,57.44,100,
14:28:30,57.44,300,
14:28:30,57.44,100,
14:28:31,57.44,100,
14:28:31,57.44,200,
14:28:41,57.4201,100,
14:28:41,57.42,200,
14:28:41,57.42,200,
14:28:41,57.42,100,
14:28:41,57.42,100,
14:28:41,57.42,100,
14:28:42,57.42,100,
14:28:42,57.42,100,
14:28:42,57.42,100,
14:28:42,57.42,100,
14:28:42,57.42,100,
14:28:42,57.42,100,
14:28:42,57.42,100,
14:28:43,57.42,100,
14:28:43,57.43,100,
14:28:46,57.44,100,
14:28:50,57.40,300,
14:28:50,57.40,100,
14:28:50,57.42,951,
14:28:56,57.402,523,
14:28:56,57.42,300,
14:28:56,57.44,100,
14:28:56,57.43,100,
14:28:56,57.42,200,
14:28:56,57.42,200,
14:28:56,57.44,100,
14:28:56,57.42,100,
14:28:56,57.42,200,
14:28:56,57.42,200,
14:28:56,57.42,100,
14:28:56,57.42,300,
14:28:56,57.42,300,
14:28:58,57.44,100,
14:29:02,57.45,300,
14:29:05,57.45,100,
14:29:05,57.45,100,
14:29:05,57.45,200,
14:29:06,57.44,100,
14:29:08,57.44,100,
14:29:12,57.4625,100,
14:29:14,57.46,200,
14:29:17,57.48,300,
14:29:17,57.47,200,
14:29:17,57.47,400,
14:29:17,57.49,300,
14:29:17,57.48,300,
14:29:17,57.48,100,
14:29:17,57.48,200,
14:29:17,57.49,100,
14:29:17,57.49,500,
14:29:17,57.48,500,
14:29:17,57.49,100,
14:29:17,57.47,200,
14:29:17,57.48,100,
14:29:17,57.48,200,
14:29:17,57.49,100,
14:29:17,57.481,200,
14:29:17,57.48,200,
14:29:17,57.485,200,
14:29:17,57.481,200,
14:29:17,57.481,200,
14:29:17,57.4825,200,
14:29:17,57.485,200,
14:29:18,57.48,200,
14:29:18,57.4805,100,
14:29:18,57.47,100,
14:29:20,57.485,200,
14:29:20,57.485,100,
14:29:26,57.465,200,
14:29:27,57.42,100,
14:29:28,57.40,200,
14:29:29,57.39,100,
14:29:29,57.38,100,
14:29:29,57.38,100,
14:29:30,57.38,300,
14:29:30,57.38,100,
14:29:31,57.39,200,
14:29:31,57.39,300,
14:29:31,57.38,300,
14:29:31,57.38,100,
14:29:31,57.38,300,
14:29:31,57.41,100,
14:29:31,57.42,100,
14:29:31,57.42,200,
14:29:32,57.417,300,
14:29:33,57.42,100,
14:29:33,57.42,100,
14:29:37,57.44,500,
14:29:37,57.45,300,
14:29:39,57.47,300,
14:29:48,57.45,300,
14:29:48,57.45,300,
14:29:48,57.44,200,
14:29:54,57.45,200,
14:29:54,57.45,200,
14:29:54,57.45,200,
14:29:57,57.47,200,
14:30:04,57.4439,250,
14:30:13,57.4699,300,
14:30:13,57.4699,400,
14:30:16,57.49,300,
14:30:16,57.49,300,
14:30:16,57.49,300,
14:30:16,57.50,200,
14:30:16,57.50,100,
14:30:16,57.50,100,
14:30:16,57.49,200,
14:30:16,57.48,200,
14:30:16,57.50,100,
14:30:16,57.50,100,
14:30:16,57.50,100,
14:30:16,57.50,200,
14:30:16,57.50,140,
14:30:16,57.50,100,
14:30:16,57.50,100,
14:30:32,57.50,100,
14:30:32,57.51,100,
14:30:32,57.52,300,
14:30:32,57.53,300,
14:30:32,57.52,200,
14:30:32,57.52,200,
14:30:32,57.53,100,
14:30:32,57.53,100,
14:30:32,57.52,200,
14:30:33,57.53,100,
14:30:33,57.53,100,
14:30:33,57.53,100,
14:30:33,57.53,100,
14:30:34,57.52,3200,
14:30:34,57.52,600,
14:30:34,57.525,200,
14:30:37,57.518,200,
14:30:38,57.52,300,
14:30:38,57.52,100,
14:30:38,57.52,300,
14:30:52,57.52,300,
14:30:53,57.525,200,
14:31:03,57.53,300,
14:31:13,57.53,100,
14:31:13,57.54,300,
14:31:13,57.53,150,
14:31:18,57.54,100,
14:31:22,57.56,200,
14:31:22,57.56,250,
14:31:22,57.56,200,
14:31:22,57.56,300,
14:31:22,57.56,237,
14:31:22,57.55,300,
14:31:24,57.56,300,
14:31:27,57.568,500,
14:31:27,57.56,200,
14:31:27,57.56,3182,
14:31:27,57.565,100,
14:31:27,57.565,100,
14:31:27,57.565,100,
14:31:33,57.56,300,
14:31:45,57.556,200,
14:31:45,57.56,121,
14:31:46,57.5501,100,
14:31:46,57.55,100,
14:31:51,57.566,500,
14:31:55,57.57,199,
14:31:55,57.57,199,
14:31:57,57.5601,600,
14:31:57,57.56,300,
14:31:57,57.56,100,
14:31:57,57.56,200,
14:31:57,57.56,100,
14:32:03,57.57,100,
14:32:03,57.58,200,
14:32:03,57.58,194,
14:32:06,57.5701,200,
14:32:06,57.58,100,
14:32:12,57.57,100,
14:32:13,57.57,100,
14:32:19,57.57,200,
14:32:19,57.56,100,
14:32:26,57.55,100,
14:32:27,57.5501,800,
14:32:27,57.5501,500,
14:32:27,57.55,400,
14:32:29,57.55,100,
14:32:29,57.55,100,
14:32:30,57.545,100,
14:32:40,57.5399,500,
14:32:44,57.538,1000,
14:32:45,57.54,257,
14:32:45,57.54,100,
14:32:45,57.54,100,
14:32:45,57.55,200,
14:32:45,57.55,100,
14:32:45,57.54,100,
14:32:45,57.54,100,
14:32:45,57.55,400,
14:32:45,57.55,100,
14:32:45,57.55,100,
14:32:45,57.54,100,
14:32:45,57.54,100,
14:33:18,57.55,457,
14:33:18,57.55,200,
14:33:18,57.55,200,
14:33:18,57.55,443,
14:33:19,57.55,294,
14:33:19,57.55,300,
14:33:20,57.55,300,
14:33:20,57.55,100,
14:33:24,57.542,500,
14:33:27,57.54,360,
14:33:28,57.541,100,
14:33:34,57.55,100,
14:33:34,57.55,100,
14:33:34,57.55,200,
14:33:34,57.55,200,
14:33:34,57.55,100,
14:33:34,57.55,200,
14:33:34,57.55,100,
14:33:34,57.57,300,
14:33:43,57.58,200,
14:33:45,57.5502,180,
14:34:00,57.55,200,
14:34:00,57.55,400,
14:34:01,57.52,300,
14:34:18,57.5232,200,
14:34:30,57.54,300,
14:34:30,57.54,300,
14:34:30,57.54,300,
14:34:30,57.55,200,
14:34:30,57.55,300,
14:34:44,57.55,200,
14:34:44,57.55,100,
14:34:51,57.53,200,
14:34:52,57.50,280,
14:35:02,57.51,300,
14:35:02,57.52,300,
14:35:02,57.52,300,
14:35:02,57.52,300,
14:35:03,57.52,100,
14:35:03,57.52,200,
14:35:03,57.53,151,
14:35:17,57.511,100,
14:35:18,57.5399,200,
14:35:28,57.5301,100,
14:35:30,57.56,100,
14:35:30,57.55,3200,
14:35:30,57.55,300,
14:35:30,57.57,300,
14:35:30,57.55,300,
14:35:30,57.56,100,
14:35:30,57.56,200,
14:35:30,57.55,100,
14:35:30,57.55,3100,
14:35:30,57.55,300,
14:35:30,57.55,100,
14:35:30,57.57,300,
14:35:30,57.56,300,
14:35:30,57.56,100,
14:35:30,57.58,100,
14:35:30,57.58,100,
14:35:30,57.58,200,
14:35:31,57.58,200,
14:35:31,57.58,100,
14:35:31,57.58,100,
14:35:31,57.59,100,
14:35:31,57.59,100,
14:35:31,57.59,100,
14:35:31,57.59,200,
14:35:31,57.59,100,
14:35:31,57.59,100,
14:35:31,57.59,100,
14:35:32,57.58,200,
14:35:32,57.58,300,
14:35:32,57.58,300,
14:35:32,57.58,100,
14:35:32,57.58,200,
14:35:32,57.58,200,
14:35:32,57.5825,200,
14:35:32,57.58,200,
14:35:33,57.59,200,
14:35:34,57.585,200,
14:35:35,57.59,200,
14:35:37,57.59,100,
14:35:37,57.59,100,
14:35:44,57.59,200,
14:35:49,57.59,300,
14:35:49,57.5901,200,
14:35:49,57.59,100,
14:35:52,57.59,100,
14:35:53,57.59,100,
14:35:54,57.59,100,
14:35:56,57.59,100,
14:35:56,57.59,100,
14:35:59,57.59,300,
14:36:07,57.60,100,
14:36:07,57.5999,700,
14:36:14,57.5701,2000,
14:36:38,57.5999,2048,
14:36:45,57.58,200,
14:36:45,57.58,300,
14:36:45,57.59,100,
14:37:12,57.57,600,
14:37:12,57.57,100,
14:37:12,57.57,100,
14:37:14,57.58,100,
14:37:14,57.58,900,
14:37:37,57.572,100,
14:37:42,57.59,300,
14:37:42,57.59,300,
14:37:42,57.59,200,
14:37:42,57.59,200,
14:37:42,57.59,100,
14:37:49,57.5899,300,
14:37:49,57.5899,600,
14:38:04,57.57,600,
14:38:04,57.5701,100,
14:38:07,57.57,100,
14:38:07,57.57,100,
14:38:07,57.57,100,
14:38:22,57.572,500,
14:38:25,57.57,100,
14:38:25,57.5711,600,
14:38:25,57.57,140,
14:38:28,57.57,140,
14:38:29,57.5799,1000,
14:38:39,57.5701,100,
14:38:55,57.57,200,
14:38:55,57.57,100,
14:39:00,57.58,100,
14:39:48,57.5735,130,
14:40:00,57.59,300,
14:40:00,57.59,100,
14:40:00,57.59,100,
14:40:00,57.59,300,
14:40:00,57.59,300,
14:40:00,57.60,100,
14:40:00,57.60,100,
14:40:05,57.5901,200,
14:40:21,57.608,300,
14:40:25,57.6099,2000,
14:40:33,57.609,100,
14:40:40,57.609,1200,
14:40:42,57.606,1400,
14:40:48,57.6074,300,
14:40:54,57.5901,200,
14:41:39,57.60,500,
14:41:52,57.592,500,
14:42:13,57.59,300,
14:42:13,57.59,300,
14:42:13,57.59,300,
14:42:13,57.59,300,
14:42:13,57.595,100,
14:42:13,57.59,200,
14:42:13,57.59,100,
14:42:13,57.59,100,
14:42:14,57.59,300,
14:42:14,57.59,300,
14:42:14,57.59,100,
14:42:14,57.59,200,
14:42:14,57.59,300,
14:42:14,57.59,100,
14:42:14,57.59,100,
14:42:32,57.59,100,
14:42:32,57.59,400,
14:42:32,57.59,200,
14:42:32,57.595,100,
14:42:33,57.599,200,
14:42:36,57.58,200,
14:42:36,57.58,200,
14:42:37,57.59,200,
14:42:41,57.599,100,
14:43:04,57.57,300,
14:43:15,57.57,100,
14:43:20,57.57,200,
14:43:21,57.55,125,
14:43:25,57.552,1400,
14:43:25,57.55,200,
14:43:25,57.55,100,
14:43:25,57.55,300,
14:43:37,57.59,100,
14:43:37,57.60,100,
14:43:37,57.60,300,
14:43:40,57.58,200,
14:43:40,57.58,100,
14:43:41,57.5801,2000,
14:43:41,57.58,200,
14:43:41,57.58,200,
14:43:43,57.58,300,
14:43:43,57.59,200,
14:44:05,57.60,100,
14:44:05,57.60,100,
14:44:05,57.60,100,
14:44:07,57.61,100,
14:44:07,57.61,300,
14:44:07,57.61,200,
14:44:07,57.62,100,
14:44:07,57.61,100,
14:44:07,57.6199,100,
14:44:07,57.62,100,
14:44:08,57.62,100,
14:44:15,57.62,100,
14:44:20,57.60,100,
14:44:25,57.60,100,
14:44:25,57.59,200,
14:44:31,57.599,500,
14:45:00,57.58,100,
14:45:19,57.57,2000,
14:45:21,57.60,100,
14:45:22,57.60,300,
14:45:42,57.61,300,
14:45:50,57.61,300,
14:45:50,57.61,100,
14:45:50,57.62,300,
14:45:50,57.62,300,
14:45:59,57.59,100,
14:46:13,57.6099,400,
14:46:14,57.59,300,
14:46:14,57.59,200,
14:46:45,57.591,120,
14:47:02,57.61,300,
14:47:04,57.62,100,
14:47:04,57.62,300,
14:47:04,57.62,300,
14:47:04,57.62,100,
14:47:04,57.62,300,
14:47:04,57.62,100,
14:47:04,57.62,100,
14:47:04,57.61,100,
14:47:32,57.62,300,
14:47:32,57.62,100,
14:47:33,57.62,100,
14:47:36,57.62,100,
14:47:36,57.62,200,
14:47:40,57.62,200,
14:47:54,57.62,100,
14:47:54,57.62,100,
14:47:54,57.62,300,
14:47:54,57.62,100,
14:48:03,57.63,100,
14:48:07,57.628,350,
14:48:19,57.631,200,
14:48:19,57.63,200,
14:48:19,57.6301,1000,
14:48:19,57.63,900,
14:48:19,57.63,100,
14:48:29,57.635,100,
14:48:42,57.61,200,
14:48:52,57.6199,100,
14:49:02,57.61,100,
14:49:02,57.61,200,
14:49:02,57.61,200,
14:49:02,57.611,100,
14:49:02,57.611,100,
14:49:02,57.61,100,
14:49:27,57.618,300,
14:49:33,57.6125,100,
14:49:43,57.606,1150,
14:49:48,57.59,500,
14:49:49,57.60,100,
14:50:00,57.609,100,
14:50:11,57.619,200,
14:50:22,57.60,100,
14:50:34,57.61,100,
14:50:58,57.6001,100,
14:50:58,57.6001,100,
14:51:01,57.60,100,
14:51:13,57.61,100,
14:51:13,57.61,100,
14:51:13,57.61,200,
14:51:13,57.61,100,
14:51:13,57.61,200,
14:51:13,57.62,200,
14:51:13,57.62,200,
14:51:13,57.62,100,
14:51:13,57.62,100,
14:51:13,57.63,200,
14:51:24,57.62,100,
14:51:24,57.63,100,
14:51:24,57.64,300,
14:51:26,57.64,100,
14:51:26,57.64,200,
14:51:29,57.64,300,
14:51:40,57.65,200,
14:51:40,57.65,200,
14:51:41,57.65,100,
14:51:47,57.66,300,
14:51:47,57.66,100,
14:51:47,57.66,100,
14:51:47,57.66,3200,
14:51:47,57.665,100,
14:51:47,57.661,100,
14:51:47,57.66,100,
14:51:47,57.6625,100,
14:51:54,57.65,100,
14:51:57,57.67,100,
14:52:04,57.65,100,
14:52:04,57.65,100,
14:52:04,57.65,200,
14:52:12,57.65,300,
14:52:25,57.66,100,
14:52:25,57.66,100,
14:52:25,57.66,200,
14:52:25,57.67,100,
14:52:48,57.66,100,
14:52:55,57.67,200,
14:52:57,57.67,300,
14:52:59,57.67,200,
14:53:01,57.67,200,
14:53:07,57.67,200,
14:53:07,57.68,200,
14:53:07,57.67,148,
14:53:17,57.6701,100,
14:53:17,57.6701,200,
14:53:17,57.6701,300,
14:53:17,57.6701,300,
14:53:17,57.6701,300,
14:53:18,57.6701,200,
14:53:36,57.68,100,
14:53:38,57.68,200,
14:53:38,57.68,170,
14:53:43,57.679,100,
14:53:43,57.679,500,
14:53:47,57.66,100,
14:53:47,57.66,100,
14:54:00,57.652,200,
14:54:28,57.66,100,
14:54:52,57.67,100,
14:55:00,57.66,100,
14:55:09,57.67,100,
14:55:20,57.67,200,
14:55:20,57.67,100,
14:55:20,57.67,100,
14:55:22,57.67,200,
14:55:38,57.6699,100,
14:55:42,57.64,178,
14:55:42,57.64,200,
14:55:42,57.65,100,
14:55:42,57.65,100,
14:55:50,57.634,125,
14:55:59,57.64,200,
14:56:29,57.62,100,
14:56:38,57.65,100,
14:56:38,57.65,100,
14:56:39,57.66,100,
14:57:07,57.66,100,
14:57:12,57.65,300,
14:57:13,57.65,100,
14:57:13,57.65,100,
14:57:18,57.6499,300,
14:57:26,57.65,100,
14:57:28,57.65,100,
14:57:33,57.65,300,
14:57:33,57.65,300,
14:57:33,57.65,200,
14:57:33,57.65,100,
14:57:39,57.65,100,
14:57:39,57.65,100,
14:57:39,57.65,200,
14:57:51,57.66,100,
14:58:01,57.65,300,
14:58:01,57.651,4600,
14:58:03,57.65,100,
14:58:06,57.65,100,
14:58:09,57.65,300,
14:58:09,57.65,100,
14:58:11,57.64,100,
14:58:11,57.6401,100,
14:58:25,57.6401,100,
14:58:25,57.64,100,
14:58:25,57.64,100,
14:58:29,57.65,200,
14:58:30,57.64,200,
14:58:30,57.64,100,
14:58:32,57.641,100,
14:58:34,57.64,100,
14:58:35,57.64,600,
14:58:42,57.65,100,
14:58:42,57.65,200,
14:58:42,57.65,300,
14:58:42,57.65,100,
14:58:42,57.65,200,
14:58:42,57.65,200,
14:58:42,57.65,100,
14:58:47,57.67,200,
14:59:06,57.6701,300,
14:59:18,57.654,1000,
14:59:35,57.668,900,
14:59:49,57.68,100,
14:59:49,57.68,300,
14:59:49,57.68,400,
14:59:52,57.69,100,
14:59:52,57.69,200,
14:59:52,57.69,100,
14:59:57,57.6701,583,
14:59:59,57.70,200,
15:00:01,57.72,200,
15:00:02,57.73,300,
15:00:04,57.73,600,
15:00:04,57.73,100,
15:00:04,57.73,100,
15:00:06,57.73,100,
15:00:08,57.7399,1750,
15:00:12,57.74,100,
15:00:16,57.73,233,
15:00:16,57.71,100,
15:00:16,57.71,138,
15:00:24,57.7116,200,
15:00:43,57.72,100,
15:00:47,57.71,100,
15:00:56,57.706,200,
15:01:04,57.72,300,
15:01:04,57.72,200,
15:01:04,57.72,200,
15:01:04,57.73,200,
15:01:04,57.72,100,
15:01:04,57.72,100,
15:01:04,57.71,100,
15:01:15,57.7101,100,
15:01:15,57.72,200,
15:01:23,57.72,100,
15:01:24,57.72,200,
15:01:34,57.72,300,
15:01:34,57.72,200,
15:01:34,57.72,100,
15:01:34,57.72,100,
15:01:34,57.72,476,
15:01:34,57.74,156,
15:01:41,57.7474,500,
15:01:43,57.7499,1000,
15:02:11,57.73,100,
15:02:17,57.75,100,
15:02:17,57.75,320,
15:02:21,57.74,300,
15:02:21,57.74,900,
15:02:21,57.74,299,
15:02:21,57.74,300,
15:02:22,57.7499,600,
15:02:25,57.7401,600,
15:02:38,57.75,300,
15:02:38,57.75,100,
15:02:38,57.75,236,
15:02:44,57.72,100,
15:02:44,57.72,500,
15:02:45,57.73,100,
15:03:02,57.73,100,
15:03:20,57.72,100,
15:03:27,57.73,100,
15:03:27,57.73,100,
15:03:27,57.73,200,
15:03:31,57.7274,400,
15:03:39,57.73,100,
15:03:39,57.73,100,
15:03:43,57.74,100,
15:03:47,57.75,300,
15:03:47,57.75,500,
15:03:47,57.75,500,
15:03:47,57.75,400,
15:03:52,57.74,100,
15:04:05,57.75,200,
15:04:05,57.75,200,
15:04:05,57.75,200,
15:04:05,57.75,1500,
15:04:06,57.76,100,
15:04:06,57.76,100,
15:04:06,57.76,171,
15:04:06,57.76,229,
15:04:06,57.76,300,
15:04:06,57.76,300,
15:04:06,57.76,100,
15:04:06,57.79,200,
15:04:06,57.76,100,
15:04:06,57.77,300,
15:04:06,57.78,300,
15:04:06,57.79,300,
15:04:06,57.79,100,
15:04:06,57.79,100,
15:04:06,57.76,200,
15:04:07,57.78,600,
15:04:22,57.7824,4000,
15:04:25,57.79,200,
15:04:27,57.79,100,
15:04:27,57.79,500,
15:04:27,57.80,400,
15:04:31,57.8068,400,
15:04:34,57.8099,200,
15:04:48,57.8199,1000,
15:04:53,57.816,430,
15:04:53,57.81,100,
15:04:53,57.78,300,
15:04:56,57.78,300,
15:04:57,57.7887,500,
15:05:00,57.789,300,
15:05:04,57.7887,250,
15:05:08,57.79,100,
15:05:08,57.79,100,
15:05:08,57.79,300,
15:05:08,57.79,100,
15:05:10,57.7901,600,
15:05:26,57.7976,1700,
15:05:31,57.789,400,
15:05:32,57.79,100,
15:05:40,57.78,100,
15:05:40,57.78,100,
15:05:43,57.7701,300,
15:05:54,57.79,300,
15:05:54,57.79,172,
15:05:54,57.78,300,
15:05:54,57.79,400,
15:05:54,57.79,300,
15:05:54,57.80,200,
15:05:54,57.80,100,
15:05:54,57.80,200,
15:06:05,57.79,100,
15:06:13,57.788,770,
15:06:15,57.79,200,
15:06:15,57.79,300,
15:06:24,57.79,300,
15:06:24,57.79,200,
15:06:24,57.79,100,
15:06:24,57.80,200,
15:06:24,57.80,300,
15:06:32,57.781,800,
15:06:38,57.78,100,
15:07:00,57.80,100,
15:07:16,57.7989,150,
15:07:54,57.78,100,
15:07:54,57.78,100,
15:07:57,57.77,100,
15:08:18,57.7713,1000,
15:08:24,57.79,200,
15:08:24,57.79,300,
15:08:24,57.79,300,
15:08:28,57.79,200,
15:08:48,57.78,100,
15:08:48,57.78,100,
15:09:14,57.76,100,
15:09:19,57.76,500,
15:09:19,57.78,100,
15:09:38,57.769,1866,
15:09:55,57.762,100,
15:10:00,57.76,100,
15:10:01,57.76,100,
15:10:02,57.7411,1000,
15:10:02,57.74,100,
15:10:02,57.74,100,
15:10:02,57.74,400,
15:10:04,57.75,100,
15:10:04,57.75,200,
15:10:05,57.75,100,
15:10:05,57.75,300,
15:10:06,57.742,1150,
15:10:11,57.75,100,
15:10:35,57.74,100,
15:10:39,57.7401,600,
15:10:39,57.75,100,
15:10:40,57.73,100,
15:10:40,57.73,400,
15:10:40,57.73,300,
15:10:40,57.74,100,
15:10:44,57.73,200,
15:10:56,57.7499,200,
15:11:01,57.73,200,
15:11:01,57.73,100,
15:11:11,57.7201,180,
15:11:11,57.72,100,
15:11:11,57.72,300,
15:11:13,57.71,2000,
15:11:16,57.70,200,
15:11:16,57.7001,100,
15:11:18,57.71,100,
15:11:20,57.71,200,
15:11:20,57.7165,200,
15:11:20,57.71,200,
15:11:20,57.72,200,
15:11:20,57.7111,200,
15:11:22,57.71,200,
15:11:22,57.70,300,
15:11:40,57.6901,300,
15:11:43,57.6902,100,
15:11:47,57.692,500,
15:11:47,57.69,100,
15:12:02,57.70,300,
15:12:02,57.70,199,
15:12:02,57.70,599,
15:12:19,57.6976,200,
15:12:23,57.69,100,
15:12:41,57.71,100,
15:12:41,57.72,112,
15:12:41,57.72,199,
15:12:50,57.711,2000,
15:12:53,57.71,100,
15:12:53,57.71,100,
15:12:53,57.71,100,
15:12:54,57.712,405,
15:12:56,57.692,243,
15:12:58,57.6701,500,
15:12:58,57.6701,2000,
15:12:58,57.67,500,
15:12:58,57.67,300,
15:12:59,57.672,243,
15:13:01,57.69,200,
15:13:01,57.69,300,
15:13:02,57.672,243,
15:13:04,57.68,100,
15:13:04,57.68,100,
15:13:04,57.69,300,
15:13:04,57.69,300,
15:13:04,57.69,100,
15:13:04,57.69,100,
15:13:07,57.6787,1000,
15:13:11,57.672,141,
15:13:15,57.674,141,
15:13:17,57.681,100,
15:13:28,57.67,200,
