09:30:00,61.87,100,
09:30:00,61.89,100,
09:30:00,61.89,200,
09:30:02,61.86,100,
09:30:04,61.91,299,
09:30:05,61.86,300,
09:30:06,61.90,300,
09:30:11,61.80,100,
09:30:14,61.81,200,
09:30:22,61.82,200,
09:30:28,61.80,200,
09:30:34,61.80,100,
09:30:43,61.77,200,
09:30:44,61.79,100,
09:30:44,61.8097,100,
09:30:46,61.75,400,
09:30:51,61.72,300,
09:30:51,61.73,300,
09:30:51,61.73,200,
09:30:51,61.72,200,
09:30:51,61.75,100,
09:30:51,61.75,200,
09:30:51,61.74,155,
09:30:54,61.7099,1400,
09:30:59,61.6699,200,
09:31:04,61.70,160,
09:31:05,61.70,100,
09:31:07,61.75,100,
09:31:07,61.76,400,
09:31:07,61.732,100,
09:31:08,61.7597,250,
09:31:12,61.73,200,
09:31:13,61.70,300,
09:31:13,61.70,100,
09:31:13,61.70,200,
09:31:13,61.72,100,
09:31:13,61.72,800,
09:31:13,61.70,400,
09:31:13,61.71,200,
09:31:13,61.69,200,
09:31:13,61.70,100,
09:31:13,61.70,200,
09:31:13,61.67,100,
09:31:14,61.70,400,
09:31:16,61.6901,200,
09:31:16,61.691,200,
09:31:25,61.72,110,
09:31:25,61.7197,300,
09:31:25,61.71,110,
09:31:31,61.72,100,
09:31:40,61.73,100,
09:31:44,61.63,200,
09:31:50,61.5899,200,
09:31:51,61.55,150,
09:31:51,61.55,100,
09:31:51,61.5599,300,
09:31:51,61.56,100,
09:31:51,61.56,100,
09:31:51,61.56,100,
09:31:51,61.55,100,
09:31:51,61.55,100,
09:31:51,61.558,100,
09:31:51,61.5525,100,
09:31:51,61.56,100,
09:31:51,61.56,100,
09:31:51,61.56,100,
09:31:52,61.50,400,
09:31:52,61.50,500,
09:31:52,61.50,100,
09:31:53,61.46,200,
09:31:53,61.46,200,
09:31:53,61.46,200,
09:31:53,61.46,200,
09:31:53,61.46,200,
09:31:53,61.46,100,
09:31:53,61.46,100,
09:31:54,61.4799,341,
09:31:56,61.43,100,
09:31:58,61.4302,100,
09:32:00,61.53,100,
09:32:00,61.51,200,
09:32:00,61.51,1000,
09:32:00,61.51,200,
09:32:05,61.60,100,
09:32:06,61.60,600,
09:32:10,61.559,200,
09:32:12,61.53,200,
09:32:12,61.53,555,
09:32:14,61.5699,500,
09:32:19,61.54,109,
09:32:23,61.52,100,
09:32:27,61.53,200,
09:32:28,61.53,200,
09:32:28,61.53,200,
09:32:31,61.5796,400,
09:32:31,61.58,100,
09:32:31,61.58,100,
09:32:37,61.60,180,
09:32:49,61.581,100,
09:32:53,61.5853,700,
09:32:56,61.6799,200,
09:32:58,61.64,400,
09:33:01,61.6612,1900,
09:33:08,61.7399,1100,
09:33:10,61.70,200,
09:33:12,61.71,100,
09:33:12,61.7298,300,
09:33:15,61.7337,2000,
09:33:16,61.69,500,
09:33:26,61.685,100,
09:33:35,61.6806,500,
09:33:37,61.69,100,
09:33:38,61.666,100,
09:33:38,61.6786,180,
09:33:44,61.66,200,
09:33:45,61.69,200,
09:33:54,61.75,300,
09:33:55,61.73,100,
09:33:57,61.78,200,
09:33:57,61.75,100,
09:33:58,61.78,200,
09:33:58,61.78,100,
09:33:58,61.78,100,
09:33:58,61.78,200,
09:33:59,61.77,191,
09:34:12,61.78,200,
09:34:12,61.79,200,
09:34:12,61.79,200,
09:34:12,61.78,200,
09:34:13,61.78,200,
09:34:13,61.78,200,
09:34:13,61.78,200,
09:34:13,61.78,100,
09:34:37,61.748,150,
09:34:38,61.73,200,
09:34:38,61.73,300,
09:34:38,61.73,200,
09:34:38,61.73,100,
09:34:38,61.73,200,
09:34:38,61.72,100,
09:34:38,61.72,100,
09:34:45,61.70,100,
09:34:47,61.70,100,
09:34:56,61.6999,300,
09:35:14,61.70,100,
09:35:14,61.70,100,
09:35:19,61.74,200,
09:35:19,61.7634,100,
09:35:20,61.746,300,
09:35:20,61.746,100,
09:35:25,61.7301,200,
09:35:26,61.75,100,
09:35:26,61.721,100,
09:35:45,61.85,200,
09:35:45,61.85,200,
09:35:46,61.8299,200,
09:35:50,61.85,100,
09:35:50,61.84,200,
09:35:50,61.82,200,
09:35:53,61.828,200,
09:35:55,61.84,100,
09:35:56,61.87,200,
09:35:56,61.85,100,
09:35:56,61.86,200,
09:36:00,61.8602,355,
09:36:00,61.90,200,
09:36:00,61.91,700,
09:36:00,61.91,200,
09:36:02,61.92,100,
09:36:02,61.92,100,
09:36:07,61.78,100,
09:36:07,61.78,100,
09:36:08,61.83,200,
09:36:09,61.85,200,
09:36:09,61.85,100,
09:36:09,61.85,200,
09:36:18,61.87,250,
09:36:26,61.80,100,
09:36:30,61.818,1000,
09:36:30,61.78,200,
09:36:48,61.792,1100,
09:36:49,61.81,300,
09:36:49,61.79,100,
09:36:49,61.79,200,
09:36:50,61.80,100,
09:36:50,61.84,200,
09:37:00,61.80,150,
09:37:02,61.83,100,
09:37:02,61.80,100,
09:37:05,61.77,100,
09:37:09,61.77,200,
09:37:12,61.70,100,
09:37:12,61.73,100,
09:37:12,61.73,100,
09:37:15,61.70,500,
09:37:18,61.6502,123,
09:37:35,61.76,100,
09:37:35,61.76,200,
09:37:41,61.799,100,
09:37:43,61.77,100,
09:37:46,61.71,200,
09:37:56,61.71,200,
09:38:03,61.71,200,
09:38:03,61.76,200,
09:38:03,61.75,200,
09:38:04,61.83,200,
09:38:06,61.7901,500,
09:38:12,61.76,200,
09:38:12,61.76,200,
09:38:12,61.76,200,
09:38:12,61.79,100,
09:38:20,61.80,200,
09:38:20,61.79,400,
09:38:20,61.76,200,
09:38:21,61.76,200,
09:38:29,61.7918,500,
09:38:34,61.81,100,
09:38:44,61.7483,100,
09:38:46,61.7399,4000,
09:38:47,61.70,100,
09:38:47,61.70,100,
09:38:48,61.6998,100,
09:38:49,61.70,300,
09:38:49,61.70,200,
09:38:49,61.72,100,
09:38:53,61.6727,600,
09:38:53,61.63,1000,
09:38:53,61.64,100,
09:39:00,61.64,100,
09:39:00,61.64,100,
09:39:08,61.636,100,
09:39:09,61.60,200,
09:39:09,61.60,100,
09:39:09,61.58,100,
09:39:09,61.59,100,
09:39:12,61.59,200,
09:39:15,61.64,100,
09:39:16,61.6399,100,
09:39:23,61.67,200,
09:39:23,61.67,100,
09:39:27,61.71,200,
09:39:38,61.67,200,
09:39:38,61.67,200,
09:39:38,61.67,200,
09:39:38,61.67,200,
09:39:38,61.68,2500,
09:39:48,61.6305,200,
09:39:59,61.60,100,
09:40:01,61.5982,100,
09:40:02,61.5819,200,
09:40:06,61.6001,200,
09:40:07,61.62,200,
09:40:08,61.618,100,
09:40:19,61.6699,300,
09:40:21,61.66,200,
09:40:32,61.636,300,
09:40:42,61.6346,1000,
09:41:03,61.63,100,
09:41:03,61.67,100,
09:41:04,61.68,100,
09:41:06,61.7045,600,
09:41:16,61.73,100,
09:41:18,61.77,100,
09:41:18,61.77,200,
09:41:20,61.73,200,
09:41:21,61.76,200,
09:41:21,61.76,200,
09:41:21,61.79,200,
09:41:21,61.76,500,
09:41:22,61.81,1000,
09:41:36,61.78,200,
09:41:37,61.83,800,
09:41:52,61.81,300,
09:41:52,61.83,200,
09:41:53,61.85,200,
09:42:02,61.83,800,
09:42:06,61.83,100,
09:42:08,61.8201,200,
09:42:09,61.82,1400,
09:42:11,61.81,200,
09:42:11,61.80,100,
09:42:17,61.87,200,
09:42:17,61.87,100,
09:42:20,61.89,100,
09:42:21,61.899,300,
09:42:22,61.92,200,
09:42:22,61.92,200,
09:42:24,61.92,100,
09:42:24,61.96,100,
09:42:24,61.95,500,
09:42:26,61.96,200,
09:42:36,61.8883,100,
09:42:37,61.86,200,
09:42:37,61.86,200,
09:42:37,61.86,100,
09:42:37,61.86,100,
09:42:37,61.86,100,
09:42:37,61.92,100,
09:42:37,61.91,200,
09:42:37,61.91,100,
09:42:38,61.86,100,
09:42:42,61.8752,130,
09:42:51,61.82,100,
09:42:51,61.81,200,
09:42:51,61.80,100,
09:42:51,61.8352,100,
09:42:51,61.8252,100,
09:43:11,61.8086,600,
09:43:24,61.8561,250,
09:43:26,61.82,300,
09:43:26,61.82,100,
09:43:38,61.8144,200,
09:43:45,61.88,100,
09:43:48,61.89,200,
09:43:53,61.87,100,
09:43:54,61.861,100,
09:44:01,61.80,100,
09:44:01,61.80,100,
09:44:13,61.86,100,
09:44:13,61.8668,200,
09:44:19,61.8531,200,
09:44:30,61.8901,545,
09:44:30,61.9199,300,
09:44:33,61.93,200,
09:44:38,61.96,200,
09:44:41,61.9761,500,
09:44:46,62.0002,200,
09:44:47,62.02,100,
09:44:58,62.0201,300,
09:45:07,62.09,200,
09:45:07,62.09,200,
09:45:13,62.10,100,
09:45:13,62.10,200,
09:45:13,62.10,1300,
09:45:16,62.1183,500,
09:45:18,62.1055,700,
09:45:19,62.09,100,
09:45:22,62.1133,200,
09:45:23,62.09,200,
09:45:27,62.09,200,
09:45:28,62.05,100,
09:45:28,62.05,100,
09:45:28,62.07,200,
09:45:28,62.07,100,
09:45:35,62.0003,250,
09:45:37,62,100,
09:45:37,61.96,200,
09:45:37,61.9603,100,
09:45:38,61.954,540,
09:45:39,61.95,100,
09:45:39,61.98,100,
09:45:40,61.9603,100,
09:45:42,61.92,100,
09:45:43,61.9298,100,
09:45:46,61.934,1000,
09:45:53,61.93,200,
09:45:53,61.93,100,
09:45:53,61.95,100,
09:46:00,61.97,200,
09:46:02,61.98,200,
09:46:02,62.01,200,
09:46:05,61.9752,200,
09:46:11,61.9996,100,
09:46:17,61.9365,100,
09:46:20,61.93,200,
09:46:22,61.91,100,
09:46:35,61.88,200,
09:46:35,61.8897,100,
09:46:42,61.83,100,
09:46:46,61.88,100,
09:46:48,61.908,100,
09:46:53,61.91,100,
09:46:56,61.93,100,
09:47:11,61.99,100,
09:47:12,61.982,455,
09:47:17,61.97,100,
09:47:17,61.97,100,
09:47:25,61.99,100,
09:47:36,61.968,100,
09:47:36,61.96,100,
09:47:36,61.96,200,
09:47:49,61.91,200,
09:47:49,61.90,200,
09:47:49,61.90,100,
09:47:51,61.898,500,
09:47:55,61.8208,400,
09:47:55,61.82,200,
09:47:55,61.85,100,
09:47:56,61.81,100,
09:47:56,61.77,100,
09:47:57,61.78,100,
09:47:58,61.7708,400,
09:48:00,61.77,100,
09:48:00,61.75,1000,
09:48:05,61.714,600,
09:48:07,61.74,100,
09:48:12,61.7399,200,
09:48:16,61.76,100,
09:48:24,61.78,100,
09:48:45,61.7783,100,
09:48:51,61.77,100,
09:48:54,61.70,200,
09:48:59,61.7098,300,
09:48:59,61.71,200,
09:49:01,61.69,100,
09:49:03,61.71,100,
09:49:03,61.71,200,
09:49:04,61.71,200,
09:49:04,61.68,100,
09:49:04,61.69,200,
09:49:04,61.69,100,
09:49:07,61.71,200,
09:49:17,61.67,300,
09:49:17,61.69,300,
09:49:17,61.72,300,
09:49:17,61.70,100,
09:49:17,61.70,500,
09:49:17,61.71,200,
09:49:17,61.71,300,
09:49:17,61.71,200,
09:49:17,61.71,100,
09:49:17,61.69,300,
09:49:17,61.69,100,
09:49:17,61.69,100,
09:49:17,61.70,200,
09:49:17,61.66,300,
09:49:17,61.69,400,
09:49:17,61.67,500,
09:49:17,61.67,100,
09:49:17,61.69,200,
09:49:17,61.69,200,
09:49:17,61.67,100,
09:49:17,61.67,300,
09:49:17,61.68,300,
09:49:17,61.71,100,
09:49:17,61.67,100,
09:49:17,61.66,100,
09:49:17,61.66,300,
09:49:17,61.66,100,
09:49:17,61.61,100,
09:49:17,61.69,100,
09:49:17,61.64,200,
09:49:17,61.64,100,
09:49:17,61.62,100,
09:49:17,61.62,100,
09:49:17,61.69,200,
09:49:17,61.61,100,
09:49:17,61.69,200,
09:49:17,61.61,445,
09:49:17,61.61,1640,
09:49:17,61.65,200,
09:49:17,61.65,200,
09:49:17,61.69,200,
09:49:17,61.65,200,
09:49:17,61.64,200,
09:49:17,61.61,100,
09:49:18,61.61,350,
09:49:18,61.66,200,
09:49:18,61.64,100,
09:49:18,61.66,300,
09:49:18,61.65,300,
09:49:18,61.65,200,
09:49:18,61.65,100,
09:49:18,61.64,300,
09:49:18,61.66,300,
09:49:18,61.66,100,
09:49:18,61.65,100,
09:49:18,61.66,200,
09:49:18,61.66,200,
09:49:18,61.64,200,
09:49:18,61.64,200,
09:49:18,61.62,200,
09:49:20,61.6101,500,
09:49:23,61.58,191,
09:49:23,61.59,300,
09:49:23,61.59,200,
09:49:23,61.58,200,
09:49:23,61.59,200,
09:49:24,61.57,150,
09:49:24,61.57,300,
09:49:24,61.58,100,
09:49:24,61.58,100,
09:49:24,61.57,200,
09:49:27,61.53,144,
09:49:27,61.52,300,
09:49:27,61.52,200,
09:49:27,61.52,200,
09:49:27,61.53,100,
09:49:28,61.5154,500,
09:49:38,61.61,200,
09:49:38,61.61,200,
09:49:38,61.60,100,
09:49:46,61.60,400,
09:49:52,61.59,100,
09:49:58,61.55,500,
09:50:03,61.5435,200,
09:50:10,61.56,164,
09:50:15,61.576,515,
09:50:16,61.59,200,
09:50:30,61.6998,100,
09:50:31,61.67,200,
09:50:31,61.67,100,
09:50:31,61.67,200,
09:50:53,61.65,200,
09:50:53,61.65,100,
09:50:54,61.64,600,
09:51:03,61.7083,760,
09:51:15,61.67,100,
09:51:15,61.67,100,
09:51:15,61.67,200,
09:51:26,61.62,175,
09:51:26,61.62,100,
09:51:39,61.682,1000,
09:51:40,61.68,200,
09:51:43,61.69,200,
09:51:51,61.689,500,
09:51:57,61.666,600,
09:52:03,61.736,100,
09:52:13,61.73,200,
09:52:14,61.7027,1000,
09:52:26,61.7883,200,
09:52:30,61.79,200,
09:52:30,61.78,800,
09:52:34,61.79,100,
09:52:34,61.78,200,
09:52:36,61.76,100,
09:52:36,61.76,100,
09:52:42,61.76,100,
09:52:42,61.76,200,
09:52:42,61.76,100,
09:52:42,61.75,100,
09:52:44,61.74,200,
09:52:45,61.77,200,
09:52:47,61.74,100,
09:52:48,61.73,200,
09:53:00,61.80,300,
09:53:03,61.8299,195,
09:53:04,61.8099,200,
09:53:04,61.80,100,
09:53:06,61.8436,250,
09:53:12,61.81,200,
09:53:12,61.83,100,
09:53:17,61.80,200,
09:53:21,61.8399,200,
09:53:22,61.77,100,
09:53:27,61.78,200,
09:53:36,61.81,100,
09:53:36,61.81,100,
09:53:36,61.79,200,
09:53:36,61.81,100,
09:53:36,61.81,100,
09:53:36,61.81,200,
09:53:36,61.81,100,
09:53:37,61.81,922,
09:53:37,61.81,200,
09:53:37,61.81,200,
09:53:38,61.81,100,
09:53:38,61.81,200,
09:53:38,61.81,200,
09:53:41,61.818,500,
09:53:42,61.81,200,
09:53:50,61.81,100,
09:53:50,61.81,200,
09:53:54,61.832,600,
09:54:11,61.73,500,
09:54:12,61.70,1000,
09:54:20,61.79,100,
09:54:20,61.79,200,
09:54:21,61.78,200,
09:54:21,61.76,200,
09:54:21,61.72,200,
09:54:21,61.72,100,
09:54:29,61.71,100,
09:54:31,61.7199,100,
09:54:32,61.69,100,
09:54:32,61.69,100,
09:54:32,61.70,100,
09:54:32,61.68,100,
09:54:33,61.67,445,
09:54:34,61.65,200,
09:54:35,61.67,200,
09:54:35,61.67,100,
09:54:35,61.68,100,
09:54:42,61.68,100,
09:54:42,61.67,200,
09:54:42,61.67,200,
09:54:42,61.69,200,
09:54:42,61.67,100,
09:54:42,61.68,100,
09:54:42,61.70,100,
09:54:42,61.70,100,
09:54:42,61.70,100,
09:54:42,61.695,100,
09:54:42,61.695,300,
09:54:42,61.68,100,
09:54:44,61.73,300,
09:54:44,61.73,200,
09:54:50,61.72,200,
09:55:00,61.79,300,
09:55:00,61.78,200,
09:55:00,61.80,100,
09:55:00,61.78,100,
09:55:00,61.79,200,
09:55:02,61.779,500,
09:55:05,61.76,1000,
09:55:14,61.72,100,
09:55:18,61.67,200,
09:55:35,61.77,200,
09:55:41,61.75,300,
09:55:41,61.75,600,
09:55:44,61.84,100,
09:55:44,61.84,200,
09:55:47,61.87,100,
09:55:47,61.87,100,
09:55:47,61.8702,700,
09:55:51,61.87,100,
09:55:51,61.88,100,
09:56:01,61.8899,100,
09:56:10,61.87,200,
09:56:23,61.83,200,
09:56:23,61.85,200,
09:56:27,61.85,200,
09:56:27,61.84,100,
09:56:29,61.82,100,
09:56:29,61.81,200,
09:56:29,61.81,500,
09:56:29,61.82,200,
09:56:33,61.86,100,
09:56:38,61.83,200,
09:56:40,61.87,100,
09:56:40,61.87,3900,
09:56:40,61.90,100,
09:56:41,61.87,200,
09:56:41,61.87,100,
09:56:42,61.86,100,
09:56:42,61.85,100,
09:56:44,61.87,100,
09:56:44,61.87,200,
09:56:45,61.88,100,
09:56:45,61.88,200,
09:56:47,61.86,200,
09:56:47,61.86,100,
09:56:47,61.84,100,
09:56:47,61.86,100,
09:56:48,61.87,100,
09:56:48,61.86,100,
09:56:54,61.90,100,
09:56:54,61.89,200,
09:56:54,61.90,200,
09:56:55,61.914,1000,
09:56:56,61.91,200,
09:56:56,61.90,100,
09:56:57,61.89,100,
09:56:57,61.9152,300,
09:57:07,61.92,100,
09:57:07,61.92,200,
09:57:07,61.92,400,
09:57:08,61.9483,475,
09:57:17,61.93,200,
09:57:19,61.92,200,
09:57:29,61.94,100,
09:57:32,61.932,200,
09:57:34,61.91,100,
09:57:41,61.8336,300,
09:57:48,61.81,100,
09:57:57,61.80,100,
09:57:59,61.82,100,
09:57:59,61.82,100,
09:57:59,61.83,100,
09:58:04,61.80,200,
09:58:05,61.77,200,
09:58:11,61.76,200,
09:58:12,61.7613,800,
09:58:21,61.79,200,
09:58:21,61.79,200,
09:58:21,61.79,100,
09:58:21,61.79,100,
09:58:24,61.80,100,
09:58:34,61.83,100,
09:58:34,61.83,100,
09:58:40,61.864,200,
09:58:48,61.85,200,
09:58:48,61.85,100,
09:58:48,61.85,195,
09:58:48,61.85,100,
09:58:48,61.86,200,
09:58:48,61.85,100,
09:58:48,61.85,200,
09:58:52,61.8683,400,
09:59:00,61.92,100,
09:59:05,61.93,200,
09:59:05,61.92,200,
09:59:08,61.9352,200,
09:59:23,61.90,200,
09:59:23,61.90,100,
09:59:23,61.90,200,
09:59:29,61.9199,100,
09:59:34,61.90,100,
09:59:34,61.90,200,
09:59:37,61.90,100,
09:59:48,61.86,100,
09:59:49,61.89,100,
10:00:10,61.96,200,
10:00:10,61.96,100,
10:00:13,61.964,200,
10:00:25,61.9701,200,
10:00:51,61.99,100,
10:00:56,61.99,900,
10:00:57,61.99,100,
10:00:59,61.996,3000,
10:01:03,62.01,100,
10:01:03,62.01,100,
10:01:05,62.0008,2000,
10:01:12,62.0001,200,
10:01:17,62,200,
10:01:18,61.99,200,
10:01:18,61.99,100,
10:01:19,62,200,
10:01:19,62,100,
10:01:21,61.9974,500,
10:01:25,61.999,100,
10:01:25,61.999,100,
10:01:25,62.01,200,
10:01:29,61.98,100,
10:01:29,61.97,100,
10:01:30,61.95,300,
10:01:31,61.97,100,
10:01:31,61.96,800,
10:01:31,61.96,200,
10:01:31,61.96,100,
10:01:31,61.96,100,
10:01:31,61.95,200,
10:01:31,61.95,200,
10:01:31,61.95,100,
10:01:31,61.97,100,
10:01:31,61.97,100,
10:01:31,61.99,100,
10:01:31,61.97,100,
10:01:31,61.99,200,
10:01:31,61.97,100,
10:01:31,62,100,
10:01:31,61.97,500,
10:01:33,62.02,200,
10:01:33,62.02,100,
10:01:33,62.05,200,
10:01:33,62.05,200,
10:01:33,62.07,100,
10:01:40,62.094,100,
10:01:40,62.11,100,
10:01:40,62.094,900,
10:01:40,62.11,100,
10:01:40,62.11,100,
10:01:45,62.14,100,
10:01:46,62.15,100,
10:01:46,62.156,1000,
10:01:47,62.17,100,
10:01:47,62.20,300,
10:01:47,62.18,200,
10:01:47,62.18,200,
10:01:48,62.18,200,
10:01:48,62.20,200,
10:01:48,62.21,100,
10:01:49,62.22,736,
10:01:51,62.28,100,
10:01:51,62.27,100,
10:01:51,62.26,100,
10:01:53,62.2592,100,
10:01:53,62.248,500,
10:01:54,62.2302,100,
10:01:54,62.22,200,
10:01:55,62.21,200,
10:01:55,62.212,100,
10:01:57,62.19,200,
10:01:57,62.19,100,
10:01:59,62.18,200,
10:02:00,62.16,200,
10:02:00,62.17,100,
10:02:01,62.19,200,
10:02:06,62.16,500,
10:02:06,62.16,100,
10:02:06,62.19,100,
10:02:06,62.19,100,
10:02:06,62.16,200,
10:02:06,62.20,100,
10:02:06,62.20,100,
10:02:12,62.20,174,
10:02:20,62.21,200,
10:02:20,62.21,500,
10:02:23,62.1844,500,
10:02:25,62.21,100,
10:02:31,62.21,100,
10:02:34,62.22,100,
10:02:34,62.22,200,
10:02:34,62.23,200,
10:02:40,62.259,800,
10:02:43,62.25,100,
10:02:43,62.21,100,
10:02:45,62.218,1400,
10:02:54,62.23,900,
10:02:54,62.23,500,
10:02:55,62.23,100,
10:02:55,62.23,100,
10:03:06,62.19,100,
10:03:21,62.1783,360,
10:03:25,62.14,300,
10:03:29,62.06,400,
10:03:29,62.09,100,
10:03:31,62.09,100,
10:03:39,62.1699,100,
10:03:41,62.15,200,
10:03:43,62.19,100,
10:03:51,62.16,100,
10:03:55,62.1499,1000,
10:04:05,62.1414,1000,
10:04:08,62.122,1000,
10:04:30,62.09,100,
10:04:31,62.08,100,
10:04:31,62.13,100,
10:04:33,62.12,100,
10:04:34,62.12,100,
10:04:34,62.1399,100,
10:04:36,62.14,100,
10:04:36,62.14,100,
10:04:37,62.13,800,
10:04:37,62.14,100,
10:04:37,62.13,200,
10:04:37,62.14,200,
10:04:39,62.13,129,
10:04:39,62.14,100,
10:04:40,62.15,100,
10:04:40,62.15,129,
10:04:42,62.16,200,
10:04:45,62.11,200,
10:04:45,62.10,100,
10:05:04,62.20,200,
10:05:06,62.2199,500,
10:05:13,62.18,100,
10:05:19,62.1899,1000,
10:05:27,62.2052,300,
10:05:42,62.19,200,
10:05:44,62.20,100,
10:05:59,62.18,100,
10:06:00,62.17,158,
10:06:01,62.17,159,
10:06:05,62.2001,200,
10:06:05,62.2001,600,
10:06:15,62.16,100,
10:06:20,62.20,200,
10:06:26,62.21,100,
10:06:27,62.2001,100,
10:06:45,62.16,100,
10:06:49,62.15,100,
10:06:51,62.16,500,
10:06:57,62.1152,200,
10:07:00,62.09,200,
10:07:06,62.06,100,
10:07:09,62.03,260,
10:07:16,62.0201,500,
10:07:22,62.11,2600,
10:07:23,62.10,200,
10:07:24,62.09,100,
10:07:29,62.11,100,
10:07:38,62.0717,293,
10:07:48,62.01,100,
10:07:51,61.9799,1527,
10:07:51,61.95,200,
10:07:51,61.95,100,
10:07:51,61.95,100,
10:07:52,61.956,200,
10:07:54,62.01,100,
10:08:09,61.9899,250,
10:08:19,62.0699,1000,
10:08:19,62.04,100,
10:08:21,62.03,100,
10:08:26,62.0771,3000,
10:08:28,62.071,100,
10:08:30,62.088,500,
10:08:52,62.09,100,
10:08:52,62.09,100,
10:08:52,62.07,3500,
10:08:52,62.07,100,
10:08:52,62.07,200,
10:08:52,62.07,100,
10:08:52,62.07,200,
10:09:11,62.11,200,
10:09:11,62.13,200,
10:09:12,62.15,100,
10:09:12,62.15,200,
10:09:12,62.14,100,
10:09:12,62.14,200,
10:09:12,62.13,100,
10:09:12,62.11,100,
10:09:12,62.10,100,
10:09:12,62.10,200,
10:09:12,62.11,100,
10:09:21,62.16,100,
10:09:21,62.17,200,
10:09:21,62.16,200,
10:09:21,62.16,100,
10:09:21,62.17,200,
10:09:26,62.10,200,
10:09:27,62.12,200,
10:09:35,62.11,100,
10:09:37,62.12,200,
10:09:38,62.11,200,
10:09:41,62.11,1200,
10:09:43,62.12,100,
10:09:43,62.12,200,
10:09:43,62.12,500,
10:09:49,62.1342,200,
10:09:56,62.111,200,
10:09:56,62.111,300,
10:09:57,62.12,100,
10:09:57,62.12,178,
10:09:57,62.12,100,
10:09:57,62.12,100,
10:09:59,62.11,1200,
10:10:02,62.14,200,
10:10:02,62.14,100,
10:10:02,62.16,100,
10:10:02,62.16,500,
10:10:02,62.16,100,
10:10:02,62.16,200,
10:10:02,62.19,100,
10:10:02,62.19,124,
10:10:02,62.18,100,
10:10:03,62.22,200,
10:10:07,62.22,100,
10:10:10,62.25,100,
10:10:12,62.25,700,
10:10:19,62.21,200,
10:10:19,62.21,100,
10:10:19,62.21,253,
10:10:20,62.19,506,
10:10:27,62.2139,200,
10:10:30,62.26,100,
10:10:31,62.231,1000,
10:10:31,62.23,200,
10:10:36,62.20,100,
10:10:36,62.19,100,
10:10:37,62.15,200,
10:10:37,62.15,100,
10:10:37,62.15,200,
10:10:37,62.13,100,
10:10:37,62.13,200,
10:10:37,62.20,300,
10:10:37,62.19,200,
10:10:37,62.17,100,
10:10:37,62.18,200,
10:10:37,62.17,200,
10:10:37,62.17,200,
10:10:37,62.20,300,
10:10:37,62.20,200,
10:10:37,62.19,100,
10:10:37,62.19,100,
10:10:37,62.19,700,
10:10:37,62.21,100,
10:10:37,62.20,200,
10:10:37,62.22,100,
10:10:39,62.23,100,
10:10:44,62.20,200,
10:10:44,62.20,200,
10:10:44,62.19,200,
10:10:44,62.17,100,
10:10:44,62.17,200,
10:10:46,62.20,7500,
10:10:52,62.198,1000,
10:10:53,62.17,200,
10:10:53,62.17,100,
10:10:53,62.17,100,
10:10:53,62.1917,100,
10:11:10,62.2109,100,
10:11:21,62.25,100,
10:11:24,62.26,800,
10:11:24,62.24,200,
10:11:24,62.24,200,
10:11:24,62.24,200,
10:11:45,62.28,200,
10:11:47,62.29,200,
10:11:47,62.29,100,
10:11:47,62.30,200,
10:11:47,62.30,200,
10:11:59,62.32,100,
10:12:02,62.29,200,
10:12:02,62.29,100,
10:12:05,62.32,200,
10:12:05,62.3183,400,
10:12:11,62.34,100,
10:12:11,62.34,200,
10:12:13,62.36,100,
10:12:13,62.36,100,
10:12:13,62.3519,100,
10:12:16,62.34,100,
10:12:16,62.34,300,
10:12:18,62.33,100,
10:12:26,62.33,100,
10:12:26,62.33,100,
10:12:26,62.32,200,
10:12:26,62.30,200,
10:12:27,62.27,100,
10:12:33,62.2852,500,
10:12:36,62.29,100,
10:12:36,62.29,100,
10:12:39,62.27,200,
10:12:43,62.26,200,
10:12:44,62.2999,100,
10:12:55,62.232,1000,
10:13:00,62.22,100,
10:13:00,62.20,200,
10:13:02,62.21,200,
10:13:02,62.21,200,
10:13:02,62.21,100,
10:13:08,62.199,432,
10:13:13,62.1927,800,
10:13:13,62.23,100,
10:13:24,62.13,100,
10:13:24,62.13,100,
10:13:24,62.13,100,
10:13:39,62.23,100,
10:13:50,62.26,200,
10:13:50,62.26,200,
10:13:50,62.25,200,
10:13:50,62.25,100,
10:13:56,62.29,400,
10:13:56,62.27,100,
10:14:01,62.24,100,
10:14:01,62.24,200,
10:14:01,62.24,100,
10:14:01,62.26,100,
10:14:01,62.25,100,
10:14:01,62.25,100,
10:14:15,62.29,200,
10:14:18,62.271,300,
10:14:19,62.31,100,
10:14:19,62.33,100,
10:14:20,62.27,900,
10:14:20,62.29,200,
10:14:29,62.2992,100,
10:14:33,62.27,300,
10:14:43,62.27,200,
10:14:44,62.27,125,
10:14:52,62.26,400,
10:14:58,62.23,100,
10:15:05,62.236,1100,
10:15:07,62.20,200,
10:15:11,62.19,200,
10:15:20,62.181,125,
10:15:21,62.16,100,
10:15:21,62.14,200,
10:15:25,62.1301,300,
10:15:46,62.1401,125,
10:15:50,62.13,200,
10:15:50,62.14,200,
10:15:50,62.13,200,
10:15:54,62.19,200,
10:15:54,62.19,200,
10:15:54,62.19,100,
10:15:56,62.1732,130,
10:16:09,62.16,100,
10:16:09,62.13,200,
10:16:12,62.1401,100,
10:16:24,62.1399,250,
10:16:32,62.14,324,
10:16:32,62.14,200,
10:16:32,62.14,276,
10:16:44,62.11,100,
10:16:44,62.09,200,
10:16:44,62.08,200,
10:16:47,62.12,200,
10:16:47,62.12,100,
10:16:47,62.12,100,
10:16:47,62.08,900,
10:16:47,62.12,200,
10:16:48,62.1232,200,
10:16:58,62.07,100,
10:16:58,62.05,325,
10:17:03,62.02,200,
10:17:03,62.02,100,
10:17:03,62.01,100,
10:17:03,62,100,
10:17:03,62,100,
10:17:03,62.02,300,
10:17:03,62.02,100,
10:17:03,62.03,200,
10:17:03,61.99,1000,
10:17:03,62.03,100,
10:17:03,62.03,100,
10:17:03,62.03,100,
10:17:10,62,100,
10:17:10,62,200,
10:17:10,62.01,200,
10:17:10,62,100,
10:17:29,62,100,
10:17:31,62.02,100,
10:17:36,62,200,
10:17:36,61.99,200,
10:17:36,61.99,100,
10:17:36,61.98,100,
10:17:36,61.98,100,
10:17:46,62,100,
10:17:47,62.04,100,
10:17:57,62.08,200,
10:17:57,62.07,100,
10:18:13,62.08,200,
10:18:14,62.0783,300,
10:18:19,62.0799,200,
10:18:26,62.09,100,
10:18:33,62.0986,100,
10:18:35,62.0961,300,
10:18:39,62,200,
10:18:39,62,200,
10:18:39,61.99,200,
10:18:41,61.99,900,
10:18:44,61.9999,1000,
10:18:47,62.02,100,
10:18:48,62.02,100,
10:18:48,62.02,300,
10:18:57,61.9652,300,
10:19:00,62.01,100,
10:19:00,62.01,100,
10:19:01,62.01,100,
10:19:01,62.01,100,
10:19:17,61.95,200,
10:19:17,61.95,200,
10:19:17,61.95,3200,
10:19:17,61.96,800,
10:19:17,61.93,320,
10:19:17,61.95,200,
10:19:18,61.9564,100,
10:19:22,62.02,150,
10:20:02,62.07,100,
10:20:02,62.07,200,
10:20:02,62.08,100,
10:20:04,62.09,100,
10:20:08,62.10,100,
10:20:08,62.089,200,
10:20:13,62.06,100,
10:20:33,62.02,200,
10:20:49,62.06,200,
10:20:49,62.0533,100,
10:20:50,62.0546,200,
10:21:02,61.99,100,
10:21:05,61.96,200,
10:21:07,61.97,300,
10:21:08,61.98,200,
10:21:19,61.96,100,
10:21:19,61.96,100,
10:21:19,61.97,100,
10:21:21,61.93,200,
10:21:22,61.92,200,
10:21:22,61.90,100,
10:21:22,61.88,100,
10:21:22,61.90,200,
10:21:22,61.86,100,
10:21:22,61.88,195,
10:21:22,61.90,300,
10:21:22,61.88,200,
10:21:22,61.88,100,
10:21:22,61.89,150,
10:21:25,61.9001,500,
10:21:32,61.88,200,
10:21:35,61.8801,1000,
10:21:39,61.90,100,
10:21:48,61.93,100,
10:21:50,61.9197,200,
10:21:50,61.91,100,
10:21:55,61.90,100,
10:21:55,61.91,100,
10:21:57,61.90,100,
10:22:07,61.86,200,
10:22:33,61.93,100,
10:22:37,61.97,100,
10:22:53,61.90,200,
10:23:02,61.90,275,
10:23:02,61.90,300,
10:23:02,61.90,200,
10:23:02,61.90,100,
10:23:21,61.871,100,
10:23:26,61.89,100,
10:23:26,61.89,100,
10:23:34,61.83,100,
10:23:36,61.831,500,
10:23:38,61.838,1000,
10:23:40,61.85,100,
10:23:44,61.87,200,
10:23:44,61.87,100,
10:23:46,61.85,200,
10:23:46,61.85,200,
10:23:51,61.85,100,
10:23:51,61.84,300,
10:23:53,61.89,200,
10:23:53,61.90,100,
10:23:53,61.91,100,
10:23:53,61.88,200,
10:23:53,61.89,200,
10:23:56,61.90,500,
10:23:56,61.90,100,
10:23:56,61.90,200,
10:23:56,61.90,800,
10:23:56,61.88,200,
10:23:56,61.88,200,
10:23:59,61.85,100,
10:24:04,61.88,200,
10:24:12,61.87,100,
10:24:13,61.88,100,
10:24:13,61.88,100,
10:24:18,61.88,100,
10:24:18,61.88,400,
10:24:29,61.83,100,
10:24:33,61.79,100,
10:24:33,61.75,100,
10:24:35,61.78,200,
10:24:35,61.79,200,
10:24:35,61.80,200,
10:24:36,61.82,200,
10:25:04,61.84,300,
10:25:09,61.87,100,
10:25:09,61.87,100,
10:25:09,61.87,200,
10:25:09,61.86,200,
10:25:10,61.85,200,
10:25:11,61.8346,600,
10:25:18,61.824,400,
10:25:27,61.85,200,
10:25:27,61.85,200,
10:25:27,61.84,1000,
10:25:29,61.76,100,
10:25:42,61.8197,200,
10:25:42,61.82,200,
10:25:44,61.79,100,
10:25:52,61.78,500,
10:25:58,61.78,200,
10:26:05,61.7682,1200,
10:26:08,61.79,200,
10:26:17,61.80,200,
10:26:17,61.80,200,
10:26:21,61.8048,500,
10:26:52,61.80,200,
10:26:52,61.81,100,
10:27:00,61.8097,100,
10:27:03,61.82,200,
10:27:21,61.80,200,
10:27:21,61.80,200,
10:27:21,61.78,100,
10:27:21,61.78,100,
10:27:24,61.76,100,
10:27:24,61.77,100,
10:27:31,61.79,200,
10:27:35,61.762,150,
10:27:40,61.75,1000,
10:27:46,61.75,100,
10:27:49,61.79,200,
10:28:19,61.81,200,
10:28:27,61.83,100,
10:28:33,61.849,4000,
10:28:33,61.81,200,
10:28:33,61.81,100,
10:28:33,61.81,100,
10:28:33,61.81,100,
10:28:33,61.81,100,
10:28:33,61.81,100,
10:28:33,61.81,100,
10:28:34,61.81,300,
10:28:34,61.81,100,
10:28:34,61.81,100,
10:28:35,61.81,200,
10:28:35,61.8099,1000,
10:28:36,61.83,188,
10:28:36,61.83,200,
10:28:36,61.81,212,
10:28:36,61.8083,312,
10:28:43,61.8274,400,
10:28:45,61.81,100,
10:28:50,61.7847,300,
10:29:04,61.7517,600,
10:29:22,61.7401,100,
10:29:25,61.73,100,
10:29:25,61.7201,100,
10:29:26,61.704,150,
10:29:26,61.70,150,
10:29:27,61.7017,600,
10:29:29,61.74,200,
10:29:29,61.74,100,
10:29:36,61.75,500,
10:29:40,61.75,100,
10:29:40,61.75,100,
10:29:40,61.76,200,
10:29:40,61.76,100,
10:29:41,61.759,300,
10:29:45,61.734,300,
10:29:45,61.76,100,
10:29:45,61.78,200,
10:29:45,61.77,100,
10:29:47,61.76,200,
10:29:50,61.77,100,
10:29:50,61.77,200,
10:29:50,61.77,100,
10:29:57,61.784,400,
10:30:03,61.83,500,
10:30:05,61.83,100,
10:30:07,61.83,1000,
10:30:08,61.8202,100,
10:30:11,61.8636,100,
10:30:27,61.849,1200,
10:30:29,61.88,200,
10:30:29,61.89,200,
10:30:29,61.89,400,
10:30:30,61.849,1000,
10:30:34,61.87,200,
10:30:34,61.868,500,
10:30:36,61.8668,130,
10:30:36,61.89,100,
10:30:36,61.89,100,
10:30:45,61.9083,530,
10:30:47,61.91,200,
10:30:47,61.91,600,
10:30:47,61.91,600,
10:30:47,61.91,100,
10:30:49,61.8703,100,
10:30:51,61.90,100,
10:30:54,61.9087,1000,
10:30:57,61.8864,1000,
10:31:31,61.84,100,
10:31:36,61.841,2000,
10:31:38,61.8652,200,
10:31:43,61.78,100,
10:31:43,61.78,200,
10:31:43,61.80,200,
10:31:43,61.80,500,
10:31:43,61.81,200,
10:31:45,61.79,200,
10:31:45,61.79,100,
10:31:48,61.76,100,
10:31:49,61.75,100,
10:31:50,61.75,500,
10:31:51,61.7699,1200,
10:31:53,61.72,100,
10:31:53,61.72,100,
10:31:53,61.72,100,
10:31:53,61.72,100,
10:31:59,61.73,100,
10:32:00,61.70,900,
10:32:02,61.75,2000,
10:32:02,61.72,100,
10:32:02,61.70,100,
10:32:02,61.70,100,
10:32:03,61.7199,100,
10:32:04,61.74,100,
10:32:04,61.721,150,
10:32:09,61.75,100,
10:32:12,61.769,100,
10:32:15,61.80,100,
10:32:15,61.79,100,
10:32:34,61.81,200,
10:33:00,61.82,200,
10:33:00,61.82,400,
10:33:00,61.807,100,
10:33:11,61.79,100,
10:33:23,61.80,100,
10:33:23,61.80,200,
10:33:23,61.80,100,
10:33:23,61.79,200,
10:33:27,61.81,100,
10:33:30,61.74,100,
10:33:33,61.76,200,
10:33:53,61.77,200,
10:33:53,61.78,100,
10:34:06,61.82,100,
10:34:06,61.85,100,
10:34:06,61.86,200,
10:34:06,61.86,100,
10:34:06,61.86,100,
10:34:14,61.89,100,
10:34:16,61.89,100,
10:34:17,61.9152,100,
10:34:25,61.89,100,
10:34:28,61.899,500,
10:34:30,61.87,100,
10:34:30,61.87,100,
10:34:30,61.88,300,
10:34:30,61.87,200,
10:34:30,61.87,100,
10:34:30,61.87,100,
10:34:30,61.92,200,
10:34:30,61.92,100,
10:34:30,61.89,200,
10:34:32,61.90,200,
10:34:32,61.90,500,
10:34:32,61.90,200,
10:34:32,61.90,200,
10:34:32,61.89,200,
10:34:32,61.89,100,
10:34:36,61.89,300,
10:34:47,61.90,125,
10:35:11,61.89,100,
10:35:12,61.9099,300,
10:35:15,61.88,100,
10:35:20,61.9297,200,
10:35:26,61.9333,1500,
10:35:40,61.92,200,
10:35:41,61.91,200,
10:35:41,61.91,100,
10:35:42,61.90,100,
10:35:42,61.90,100,
10:35:42,61.91,200,
10:35:42,61.93,600,
10:35:42,61.93,100,
10:35:42,61.94,200,
10:35:42,61.94,100,
10:35:43,61.92,100,
10:35:43,61.92,200,
10:35:48,61.90,200,
10:35:50,61.9359,500,
10:35:50,61.95,200,
10:36:00,61.97,100,
10:36:05,62.02,100,
10:36:06,62.0217,400,
10:36:07,62.02,100,
10:36:12,62.05,200,
10:36:12,62.05,200,
10:36:12,62.037,100,
10:36:12,62.05,100,
10:36:13,62.03,100,
10:36:13,62.04,100,
10:36:14,62.02,100,
10:36:17,61.99,200,
10:36:17,61.99,100,
10:36:17,61.99,100,
10:36:17,61.99,100,
10:36:26,61.9984,200,
10:36:28,61.99,197,
10:36:32,61.99,100,
10:36:34,62.0299,1000,
10:36:40,62.01,200,
10:36:42,62.008,200,
10:36:47,62,100,
10:36:49,62,199,
10:36:49,62,100,
10:36:52,61.99,100,
10:36:54,62.03,200,
10:36:54,62.03,100,
10:37:09,62.0198,100,
10:37:10,62,100,
10:37:10,62,200,
10:37:10,62,100,
10:37:10,62,300,
10:37:11,62.02,200,
10:37:11,62.02,200,
10:37:13,62,300,
10:37:14,62,100,
10:37:14,62,100,
10:37:14,62,100,
10:37:16,62,300,
10:37:16,62,300,
10:37:21,61.93,200,
10:37:21,61.92,100,
10:37:21,61.93,100,
10:37:22,61.95,200,
10:37:31,61.97,100,
10:37:31,61.97,300,
10:37:32,61.98,100,
10:37:33,61.9898,100,
10:37:33,61.97,100,
10:37:39,61.94,200,
10:37:39,61.94,200,
10:37:39,61.94,100,
10:37:43,61.94,100,
10:37:43,61.93,100,
10:37:43,61.93,100,
10:37:43,61.93,200,
10:37:43,61.93,100,
10:38:03,61.9748,200,
10:38:14,61.98,100,
10:38:14,61.98,200,
10:38:14,61.98,100,
10:38:14,61.97,100,
10:38:15,62.001,300,
10:38:15,61.99,100,
10:38:20,62,200,
10:38:20,62,200,
10:38:20,62,200,
10:38:20,62.01,400,
10:38:20,62.01,200,
10:38:20,62.03,100,
10:38:20,62,100,
10:38:20,62,100,
10:38:20,62,200,
10:38:28,62.07,200,
10:38:36,62.06,200,
10:38:36,62.06,100,
10:38:38,62.07,400,
10:38:40,62.0399,200,
10:38:46,62.07,100,
10:38:53,62.0699,600,
10:39:11,62.09,200,
10:39:23,62.1252,100,
10:39:32,62.13,100,
10:39:42,62.11,100,
10:39:42,62.11,100,
10:39:42,62.11,100,
10:39:42,62.11,200,
10:39:49,62.18,100,
10:39:52,62.22,100,
10:39:52,62.22,100,
10:39:54,62.20,100,
10:39:54,62.16,100,
10:39:57,62.1683,607,
10:39:59,62.18,100,
10:40:02,62.21,300,
10:40:09,62.21,100,
10:40:09,62.21,100,
10:40:15,62.20,200,
10:40:42,62.2152,600,
10:40:46,62.29,200,
10:40:46,62.29,100,
10:40:52,62.2648,300,
10:40:53,62.29,200,
10:40:53,62.30,400,
10:40:53,62.30,100,
10:40:54,62.29,100,
10:41:02,62.32,195,
10:41:07,62.304,300,
10:41:15,62.25,100,
10:41:15,62.2474,100,
10:41:15,62.23,100,
10:41:15,62.24,100,
10:41:15,62.24,200,
10:41:15,62.23,100,
10:41:15,62.24,100,
10:41:16,62.25,2700,
10:41:28,62.26,100,
10:41:34,62.27,100,
10:41:40,62.26,200,
10:41:44,62.26,200,
10:41:44,62.26,200,
10:41:45,62.2699,360,
10:41:46,62.251,200,
10:41:57,62.27,100,
10:42:02,62.29,100,
10:42:12,62.28,100,
10:42:12,62.28,100,
10:42:21,62.2999,200,
10:42:29,62.28,100,
10:42:32,62.32,100,
10:42:32,62.35,100,
10:42:32,62.35,200,
10:42:34,62.35,200,
10:42:34,62.35,100,
10:42:34,62.35,100,
10:42:34,62.35,100,
10:42:34,62.34,200,
10:42:34,62.34,100,
10:42:37,62.36,400,
10:42:43,62.37,100,
10:42:46,62.38,200,
10:42:46,62.38,100,
10:42:50,62.39,200,
10:42:50,62.39,300,
10:42:54,62.39,105,
10:42:54,62.41,100,
10:42:54,62.41,100,
10:42:54,62.41,200,
10:42:55,62.42,100,
10:42:57,62.4236,200,
10:42:59,62.43,100,
10:42:59,62.4227,100,
10:42:59,62.41,100,
10:42:59,62.41,200,
10:42:59,62.40,100,
10:43:00,62.40,100,
10:43:00,62.40,200,
10:43:04,62.39,100,
10:43:04,62.43,200,
10:43:05,62.44,200,
10:43:05,62.45,100,
10:43:08,62.47,200,
10:43:08,62.4699,400,
10:43:09,62.4601,300,
10:43:09,62.48,100,
10:43:09,62.46,100,
10:43:09,62.49,100,
10:43:09,62.49,100,
10:43:11,62.4983,475,
10:43:11,62.48,200,
10:43:12,62.48,100,
10:43:12,62.49,100,
10:43:14,62.4808,500,
10:43:14,62.48,100,
10:43:16,62.47,200,
10:43:16,62.47,200,
10:43:16,62.46,100,
10:43:16,62.46,200,
10:43:16,62.46,800,
10:43:16,62.47,100,
10:43:19,62.494,130,
10:43:21,62.48,100,
10:43:23,62.51,100,
10:43:26,62.44,200,
10:43:30,62.454,700,
10:43:31,62.46,100,
10:43:40,62.45,100,
10:43:55,62.41,100,
10:43:56,62.41,100,
10:44:04,62.41,900,
10:44:06,62.43,100,
10:44:15,62.41,100,
10:44:15,62.41,100,
10:44:15,62.41,200,
10:44:15,62.39,1050,
10:44:25,62.40,200,
10:44:25,62.40,100,
10:44:25,62.39,200,
10:44:28,62.39,100,
10:44:32,62.3999,300,
10:44:32,62.41,200,
10:44:32,62.41,100,
10:44:39,62.42,100,
10:44:40,62.41,100,
10:44:40,62.40,100,
10:44:42,62.37,200,
10:44:43,62.38,101,
10:44:45,62.39,250,
10:44:47,62.40,100,
10:44:54,62.4199,100,
10:44:59,62.4099,1000,
10:45:10,62.3927,600,
10:45:19,62.37,500,
10:45:23,62.341,300,
10:45:26,62.32,400,
10:45:29,62.28,1400,
10:45:29,62.27,120,
10:45:31,62.2748,130,
10:45:44,62.30,200,
10:45:45,62.2817,400,
10:45:51,62.30,100,
10:45:56,62.31,100,
10:46:12,62.28,200,
10:46:13,62.27,100,
10:46:22,62.25,100,
10:46:23,62.25,508,
10:46:25,62.25,100,
10:46:27,62.24,100,
10:46:27,62.24,100,
10:46:29,62.20,600,
10:46:40,62.2183,800,
10:46:42,62.25,100,
10:46:42,62.26,100,
10:46:58,62.20,300,
10:46:59,62.18,100,
10:47:00,62.18,100,
10:47:01,62.17,100,
10:47:03,62.20,100,
10:47:03,62.21,200,
10:47:05,62.19,200,
10:47:16,62.24,100,
10:47:20,62.24,200,
10:47:20,62.24,100,
10:47:21,62.2304,2000,
10:48:00,62.25,150,
10:48:28,62.2401,500,
10:48:49,62.27,100,
10:49:18,62.28,100,
10:49:21,62.25,200,
10:49:21,62.2499,1099,
10:49:26,62.22,100,
10:49:26,62.22,100,
10:49:26,62.22,100,
10:49:26,62.22,400,
10:50:08,62.29,300,
10:50:24,62.26,200,
10:50:39,62.29,100,
10:50:43,62.28,200,
10:50:43,62.28,100,
10:50:43,62.28,100,
10:50:43,62.28,200,
10:50:50,62.30,200,
10:50:50,62.2983,1054,
10:50:56,62.32,100,
10:51:00,62.31,200,
10:51:01,62.3017,1000,
10:51:06,62.3201,500,
10:51:26,62.32,100,
10:51:26,62.31,100,
10:51:26,62.29,100,
10:51:29,62.29,200,
10:51:29,62.31,300,
10:51:40,62.31,100,
10:52:04,62.32,200,
10:52:04,62.32,200,
10:52:07,62.32,200,
10:52:07,62.32,100,
10:52:07,62.32,200,
10:52:31,62.31,200,
10:52:40,62.2816,250,
10:52:43,62.29,100,
10:52:43,62.29,200,
10:53:17,62.311,100,
10:53:26,62.3357,1400,
10:53:36,62.37,100,
10:53:43,62.42,100,
10:53:45,62.43,100,
10:53:58,62.44,100,
10:53:59,62.41,200,
10:54:04,62.4228,200,
10:54:14,62.46,500,
10:54:14,62.46,100,
10:54:14,62.46,100,
10:54:20,62.45,300,
10:54:20,62.43,100,
10:54:47,62.42,100,
10:54:50,62.42,100,
10:54:50,62.45,200,
10:54:51,62.42,200,
10:54:51,62.42,100,
10:54:56,62.3752,1000,
10:54:56,62.40,100,
10:54:56,62.40,200,
10:54:56,62.40,100,
10:55:14,62.3632,400,
10:55:43,62.4448,100,
10:55:59,62.4126,100,
10:56:02,62.42,100,
10:56:05,62.4202,2000,
10:56:07,62.45,100,
10:56:08,62.41,100,
10:56:13,62.39,200,
10:56:13,62.40,200,
10:56:15,62.42,100,
10:56:24,62.42,100,
10:56:24,62.42,100,
10:56:24,62.43,200,
10:56:26,62.4017,600,
10:56:27,62.43,100,
10:56:27,62.43,100,
10:56:27,62.43,200,
10:56:27,62.43,200,
10:56:27,62.43,200,
10:57:08,62.40,200,
10:57:27,62.40,100,
10:57:32,62.36,100,
10:57:45,62.34,200,
10:57:46,62.28,100,
10:57:46,62.29,100,
10:57:47,62.25,500,
10:58:03,62.29,100,
10:58:05,62.26,200,
10:58:07,62.24,100,
10:58:07,62.25,100,
10:58:07,62.25,100,
10:58:08,62.26,200,
10:58:08,62.26,100,
10:58:08,62.26,100,
10:58:08,62.26,100,
10:58:20,62.31,100,
10:58:30,62.34,200,
10:59:03,62.28,100,
10:59:03,62.29,100,
10:59:03,62.30,100,
10:59:59,62.18,200,
10:59:59,62.18,100,
11:00:02,62.15,400,
11:00:24,62.2101,360,
11:00:57,62.13,200,
11:00:57,62.13,200,
11:00:57,62.13,212,
11:00:57,62.13,100,
11:01:00,62.13,100,
11:01:00,62.13,100,
11:01:00,62.15,100,
11:01:01,62.16,200,
11:01:03,62.1503,100,
11:01:05,62.18,100,
11:01:05,62.18,100,
11:01:15,62.16,100,
11:01:25,62.1935,100,
11:01:47,62.18,300,
11:01:51,62.21,100,
11:01:53,62.23,100,
11:02:24,62.24,100,
11:02:26,62.25,100,
11:02:26,62.24,100,
11:02:28,62.24,200,
11:02:42,62.3262,100,
11:02:43,62.30,100,
11:03:53,62.2704,100,
11:04:09,62.26,100,
11:04:09,62.28,100,
11:05:17,62.2501,1400,
11:05:41,62.19,500,
11:05:41,62.19,200,
11:05:41,62.16,100,
11:05:41,62.15,100,
11:05:53,62.21,200,
11:05:53,62.21,100,
11:05:55,62.19,100,
11:06:06,62.17,101,
11:06:11,62.1501,400,
11:06:35,62.21,200,
11:06:37,62.19,100,
11:06:37,62.19,100,
11:06:37,62.19,200,
11:06:37,62.19,200,
11:06:37,62.18,100,
11:07:08,62.176,320,
11:07:18,62.17,157,
11:07:18,62.16,100,
11:07:20,62.17,100,
11:07:20,62.17,100,
11:07:20,62.19,100,
11:07:20,62.18,200,
11:07:20,62.20,300,
11:07:20,62.20,100,
11:07:20,62.20,200,
11:07:20,62.20,100,
11:07:20,62.19,100,
11:07:20,62.18,200,
11:07:20,62.18,200,
11:07:20,62.17,200,
11:07:20,62.17,200,
11:07:20,62.19,100,
11:07:20,62.19,700,
11:07:20,62.20,100,
11:07:20,62.20,100,
11:07:20,62.22,100,
11:07:20,62.22,200,
11:07:20,62.23,100,
11:07:20,62.20,100,
11:07:20,62.21,300,
11:07:20,62.21,200,
11:07:20,62.22,200,
11:07:22,62.16,100,
11:07:24,62.16,200,
11:07:46,62.1461,1000,
11:07:47,62.11,100,
11:07:47,62.11,400,
11:07:47,62.1135,200,
11:07:47,62.13,100,
11:07:55,62.12,200,
11:08:05,62.12,200,
11:08:05,62.12,100,
11:08:05,62.13,200,
11:08:05,62.1199,600,
11:08:17,62.14,100,
11:08:24,62.11,500,
11:08:24,62.11,100,
11:08:24,62.11,200,
11:08:24,62.11,400,
11:08:24,62.11,200,
11:08:26,62.1199,100,
11:08:35,62.08,100,
11:08:38,62.06,200,
11:08:39,62.06,200,
11:08:39,62.06,406,
11:08:39,62.07,200,
11:08:45,62.05,200,
11:08:45,62.08,100,
11:08:45,62.07,100,
11:08:47,62.09,200,
11:09:08,62.14,100,
11:09:17,62.11,100,
11:09:24,62.06,100,
11:09:28,62.04,100,
11:09:28,62.05,100,
11:09:28,62.06,100,
11:09:30,62.07,100,
11:09:34,62.03,200,
11:09:36,62.01,100,
11:09:36,61.9901,100,
11:09:37,61.97,200,
11:09:37,61.97,100,
11:09:37,61.97,100,
11:09:37,61.98,200,
11:09:37,61.97,200,
11:09:37,61.96,200,
11:09:37,61.97,200,
11:09:37,61.97,400,
11:09:40,61.992,725,
11:09:47,61.9998,100,
11:09:47,62,100,
11:09:52,61.95,100,
11:09:53,61.98,100,
11:09:57,61.97,200,
11:10:04,61.9303,100,
11:10:05,61.93,100,
11:10:05,61.90,100,
11:10:06,61.87,200,
11:10:06,61.89,100,
11:10:06,61.90,200,
11:10:06,61.90,100,
11:10:14,61.92,100,
11:10:14,61.92,100,
11:10:14,61.92,100,
11:10:16,61.96,100,
11:10:16,61.95,100,
11:10:17,61.96,200,
11:10:33,61.93,250,
11:10:35,61.93,200,
11:10:35,61.93,150,
11:10:38,61.94,200,
11:10:38,61.94,200,
11:10:39,61.95,200,
11:10:39,61.96,200,
11:10:39,61.93,100,
11:10:39,61.92,100,
11:10:42,61.94,300,
11:10:46,61.96,100,
11:10:47,61.96,100,
11:10:47,61.96,200,
11:10:47,61.92,100,
11:10:47,61.92,100,
11:10:47,61.91,100,
11:10:47,61.91,100,
11:10:47,61.91,100,
11:10:48,61.93,119,
11:10:53,61.96,100,
11:10:53,61.96,200,
11:10:57,61.96,100,
11:11:05,61.94,200,
11:11:05,61.94,100,
11:11:05,61.92,200,
11:11:05,61.91,100,
11:11:06,61.93,200,
11:11:06,61.94,400,
11:11:29,61.94,100,
11:11:30,61.93,100,
11:12:04,61.98,100,
11:12:08,61.99,100,
11:12:08,61.99,100,
11:12:12,61.9758,100,
11:12:12,61.99,100,
11:12:12,61.99,200,
11:12:14,62.03,400,
11:12:14,62.03,100,
11:12:14,62.01,100,
11:12:21,62.0003,100,
11:12:29,62.02,100,
11:12:29,62.0446,100,
11:12:33,62,100,
11:12:34,62,100,
11:13:09,61.98,200,
11:13:25,61.95,200,
11:13:38,61.93,100,
11:13:38,61.93,100,
11:13:44,61.88,100,
11:13:44,61.87,100,
11:13:44,61.87,100,
11:13:44,61.87,200,
11:13:44,61.87,100,
11:13:48,61.87,200,
11:13:48,61.87,100,
11:13:50,61.90,100,
11:13:51,61.95,200,
11:13:51,61.95,100,
11:13:52,61.96,100,
11:13:52,61.98,100,
11:13:52,61.98,200,
11:13:52,61.99,100,
11:13:52,61.98,200,
11:13:52,61.99,100,
11:13:52,61.98,200,
11:13:52,61.98,400,
11:13:52,61.96,200,
11:13:52,61.96,400,
11:13:52,61.96,200,
11:13:52,61.96,200,
11:13:52,61.9659,100,
11:13:52,61.967,100,
11:13:52,61.9811,200,
11:13:52,61.97,100,
11:13:52,61.9748,100,
11:13:52,61.9774,100,
11:13:52,61.97,100,
11:13:53,61.9936,1200,
11:13:53,61.979,100,
11:13:54,61.964,3000,
11:13:55,61.96,100,
11:13:59,61.94,200,
11:14:02,61.91,100,
11:14:08,61.94,100,
11:14:52,61.94,100,
11:15:21,61.94,100,
11:15:32,61.98,100,
11:15:33,61.98,200,
11:15:41,61.98,100,
11:15:41,61.98,100,
11:15:41,61.98,100,
11:15:41,61.98,100,
11:15:48,61.97,900,
11:15:49,61.97,255,
11:15:58,61.98,297,
11:15:58,61.98,200,
11:15:58,61.98,400,
11:15:58,61.99,200,
11:16:01,61.95,100,
11:16:01,61.95,100,
11:16:01,61.97,100,
11:16:01,61.97,100,
11:16:03,61.97,100,
11:16:51,62.03,100,
11:17:09,62.0236,100,
11:17:23,61.98,200,
11:17:23,61.96,100,
11:17:51,61.97,200,
11:17:54,61.98,100,
11:17:54,62,100,
11:17:54,62,100,
11:17:57,61.95,600,
11:18:15,61.95,100,
11:18:29,61.98,100,
11:18:29,61.98,300,
11:18:44,61.96,100,
11:19:03,61.941,300,
11:19:03,61.94,100,
11:19:03,61.94,162,
11:19:14,61.901,300,
11:19:14,61.90,200,
11:19:14,61.90,100,
11:19:15,61.89,221,
11:19:15,61.89,200,
11:19:16,61.8901,100,
11:19:17,61.89,100,
11:19:29,61.89,200,
11:19:33,61.8892,200,
11:19:34,61.84,200,
11:19:34,61.84,300,
11:19:35,61.82,100,
11:19:36,61.85,200,
11:19:36,61.85,200,
11:19:36,61.85,200,
11:19:36,61.85,100,
11:19:36,61.849,300,
11:19:37,61.88,100,
11:19:37,61.88,100,
11:19:41,61.86,100,
11:19:41,61.86,200,
11:19:41,61.86,100,
11:19:41,61.85,8300,
11:19:42,61.88,100,
11:19:43,61.85,200,
11:19:45,61.85,200,
11:19:45,61.87,100,
11:19:45,61.87,100,
11:19:45,61.87,200,
11:19:49,61.86,100,
11:19:49,61.86,200,
11:19:49,61.86,100,
11:19:53,61.87,100,
11:20:02,61.81,200,
11:20:02,61.8002,100,
11:20:07,61.82,100,
11:20:07,61.82,100,
11:20:36,61.88,100,
11:20:37,61.88,100,
11:20:40,61.87,100,
11:20:40,61.86,100,
11:21:05,61.82,100,
11:21:05,61.82,144,
11:21:08,61.8699,1009,
11:21:53,61.81,200,
11:21:53,61.81,200,
11:21:53,61.81,200,
11:21:55,61.82,200,
11:22:01,61.8363,161,
11:22:51,61.91,100,
11:22:54,61.87,100,
11:23:05,61.90,100,
11:23:20,61.99,100,
11:23:20,61.99,100,
11:23:21,61.97,100,
11:23:22,61.97,100,
11:23:26,62,100,
11:23:26,61.99,200,
11:24:03,61.9942,600,
11:24:06,61.97,100,
11:24:06,61.99,100,
11:24:25,61.94,100,
11:25:51,61.86,100,
11:26:00,61.8601,300,
11:26:11,61.89,200,
11:26:21,61.89,200,
11:26:31,61.92,200,
11:26:32,61.92,100,
11:27:23,61.9874,1000,
11:27:50,61.95,200,
11:28:26,61.95,100,
11:28:44,61.95,100,
11:29:13,61.96,400,
11:29:53,62,100,
11:29:53,62,100,
11:29:54,61.97,200,
11:29:55,61.95,100,
11:29:59,61.99,100,
11:31:11,61.92,200,
11:31:22,61.9574,2000,
11:31:34,61.9598,200,
11:31:34,61.9598,300,
11:31:44,61.93,100,
11:32:07,61.89,200,
11:32:07,61.89,100,
11:32:08,61.92,200,
11:32:40,61.899,2000,
11:33:04,61.87,200,
11:33:30,61.86,200,
11:33:40,61.864,500,
11:34:36,61.85,100,
11:34:41,61.8698,400,
11:34:59,61.80,100,
11:34:59,61.80,100,
11:35:01,61.85,200,
11:35:01,61.85,200,
11:35:02,61.85,200,
11:35:02,61.85,500,
11:35:02,61.85,1000,
11:35:22,61.8599,200,
11:35:25,61.83,200,
11:35:25,61.80,300,
11:35:25,61.80,100,
11:35:28,61.80,100,
11:35:28,61.83,400,
11:35:28,61.82,200,
11:35:28,61.82,200,
11:35:28,61.82,100,
11:35:28,61.79,200,
11:35:28,61.79,100,
11:35:35,61.79,154,
11:35:41,61.73,200,
11:35:44,61.75,100,
11:35:47,61.74,100,
11:35:53,61.76,200,
11:35:53,61.77,100,
11:36:01,61.72,200,
11:36:01,61.71,200,
11:36:01,61.71,200,
11:36:01,61.71,200,
11:36:05,61.72,200,
11:36:06,61.71,100,
11:36:07,61.69,445,
11:36:07,61.73,150,
11:36:08,61.68,300,
11:36:10,61.75,100,
11:36:10,61.75,100,
11:36:11,61.77,200,
11:36:11,61.77,200,
11:36:11,61.77,400,
11:36:23,61.76,177,
11:36:29,61.76,200,
11:36:29,61.76,200,
11:36:29,61.76,100,
11:36:58,61.7399,350,
11:36:58,61.74,100,
11:37:00,61.74,200,
11:37:01,61.76,300,
11:37:01,61.77,100,
11:37:01,61.76,200,
11:37:05,61.7598,300,
11:37:59,61.742,2000,
11:38:21,61.7698,100,
11:38:26,61.79,100,
11:38:26,61.77,100,
11:38:27,61.7698,100,
11:38:28,61.7752,300,
11:38:31,61.7702,2000,
11:38:35,61.83,100,
11:38:46,61.83,110,
11:38:51,61.83,200,
11:38:51,61.84,100,
11:39:06,61.81,200,
11:39:24,61.8292,200,
11:39:32,61.8118,100,
11:39:50,61.83,200,
11:39:54,61.81,100,
11:40:01,61.78,200,
11:40:01,61.78,445,
11:40:23,61.7825,400,
11:40:28,61.78,200,
11:40:28,61.78,100,
11:40:28,61.77,200,
11:40:28,61.76,200,
11:40:28,61.75,600,
11:40:28,61.75,200,
11:40:28,61.75,100,
11:40:28,61.74,755,
11:40:28,61.74,200,
11:40:28,61.73,100,
11:40:28,61.73,1000,
11:40:28,61.73,200,
11:40:28,61.73,400,
11:40:28,61.71,100,
11:40:28,61.70,200,
11:40:32,61.711,2000,
11:40:46,61.70,100,
11:40:46,61.70,200,
11:40:46,61.70,100,
11:40:46,61.70,200,
11:40:47,61.69,200,
11:40:51,61.68,100,
11:40:51,61.68,200,
11:40:51,61.6601,100,
11:40:53,61.6439,600,
11:40:56,61.65,200,
11:40:56,61.65,160,
11:41:00,61.65,200,
11:41:00,61.66,1000,
11:41:08,61.68,200,
11:41:08,61.68,200,
11:41:08,61.68,300,
11:41:13,61.70,100,
11:41:13,61.70,400,
11:41:15,61.70,100,
11:41:18,61.70,100,
11:41:18,61.70,320,
11:41:18,61.70,100,
11:41:18,61.69,100,
11:41:18,61.69,200,
11:41:18,61.69,200,
11:41:18,61.68,200,
11:41:18,61.68,200,
11:41:18,61.67,100,
11:41:18,61.70,100,
11:41:18,61.69,200,
11:41:21,61.6999,100,
11:41:24,61.69,380,
11:41:26,61.69,220,
11:41:26,61.70,100,
11:41:26,61.70,200,
11:41:26,61.70,100,
11:41:26,61.70,200,
11:41:26,61.70,100,
11:41:26,61.71,100,
11:41:26,61.71,200,
11:41:26,61.72,100,
11:41:26,61.70,100,
11:41:26,61.70,100,
11:41:26,61.69,100,
11:41:26,61.69,200,
11:41:31,61.69,100,
11:41:45,61.6999,100,
11:41:54,61.68,200,
11:41:56,61.69,100,
11:41:56,61.68,100,
11:41:56,61.68,300,
11:41:56,61.68,100,
11:42:02,61.70,2500,
11:42:12,61.68,200,
11:42:12,61.68,100,
11:42:12,61.68,200,
11:42:14,61.69,200,
11:42:14,61.69,100,
11:42:17,61.68,200,
11:42:17,61.68,200,
11:42:38,61.68,150,
11:42:38,61.67,100,
11:43:10,61.66,200,
11:43:18,61.65,100,
11:43:20,61.68,200,
11:43:20,61.68,100,
11:43:22,61.6817,170,
11:43:31,61.71,400,
11:43:31,61.71,100,
11:43:32,61.72,400,
11:43:32,61.72,100,
11:43:34,61.73,100,
11:43:56,61.7674,425,
11:43:59,61.764,500,
11:44:03,61.74,100,
11:44:03,61.76,200,
11:44:03,61.74,100,
11:44:11,61.7452,160,
11:44:34,61.7199,1100,
11:44:36,61.69,100,
11:44:36,61.69,100,
11:44:36,61.69,100,
11:44:42,61.70,200,
11:44:42,61.70,323,
11:44:46,61.7236,300,
11:44:50,61.691,100,
11:44:54,61.72,100,
11:44:54,61.719,1127,
11:45:11,61.68,200,
11:45:11,61.68,270,
11:45:11,61.68,130,
11:45:55,61.6999,1500,
11:45:59,61.66,100,
11:46:00,61.6699,300,
11:46:16,61.67,100,
11:46:20,61.69,200,
11:46:51,61.748,1020,
11:46:58,61.72,100,
11:47:03,61.74,100,
11:47:18,61.73,100,
11:47:18,61.72,120,
11:47:18,61.73,120,
11:47:34,61.7228,500,
11:47:41,61.73,100,
11:47:41,61.73,100,
11:47:41,61.74,200,
11:47:42,61.75,300,
11:47:42,61.7383,300,
11:47:50,61.75,600,
11:48:04,61.71,100,
11:48:29,61.7498,2000,
11:48:53,61.75,100,
11:49:24,61.75,200,
11:49:24,61.75,100,
11:49:41,61.70,1500,
11:49:54,61.72,100,
11:49:54,61.72,100,
11:49:54,61.72,100,
11:49:54,61.70,100,
11:50:00,61.68,100,
11:50:15,61.67,100,
11:50:20,61.66,200,
11:50:21,61.65,445,
11:50:28,61.65,205,
11:50:36,61.67,200,
11:50:36,61.67,100,
11:50:36,61.67,500,
11:50:36,61.67,100,
11:50:36,61.67,100,
11:50:36,61.67,200,
11:50:36,61.67,100,
11:51:07,61.70,130,
11:51:07,61.699,100,
11:51:16,61.71,100,
11:51:25,61.70,100,
11:51:26,61.69,200,
11:51:26,61.69,380,
11:51:29,61.65,320,
11:51:29,61.65,2819,
11:51:29,61.65,100,
11:51:30,61.66,100,
11:51:30,61.66,400,
11:51:30,61.66,100,
11:51:30,61.68,100,
11:51:31,61.69,100,
11:51:33,61.719,500,
11:51:35,61.69,100,
11:51:59,61.68,200,
11:51:59,61.68,100,
11:52:11,61.6821,300,
11:52:37,61.7001,1000,
11:52:49,61.7261,100,
11:53:02,61.75,100,
11:53:32,61.7917,1000,
11:53:36,61.82,100,
11:53:39,61.822,800,
11:53:39,61.82,100,
11:53:40,61.83,200,
11:53:40,61.83,100,
11:53:40,61.83,100,
11:53:40,61.8261,3200,
11:53:49,61.84,2900,
11:53:53,61.79,300,
11:54:03,61.83,100,
11:54:11,61.848,100,
11:54:12,61.82,100,
11:54:12,61.82,100,
11:54:15,61.82,100,
11:54:20,61.846,250,
11:54:28,61.89,200,
11:54:36,61.90,100,
11:55:14,61.88,100,
11:55:14,61.88,200,
11:55:14,61.88,200,
11:55:14,61.88,200,
11:55:30,61.8654,1000,
11:55:45,61.8526,100,
11:55:48,61.87,100,
11:55:54,61.85,150,
11:55:55,61.80,1400,
11:56:46,61.92,200,
11:56:46,61.91,200,
11:56:46,61.91,300,
11:56:46,61.91,100,
11:56:46,61.91,200,
11:56:46,61.93,200,
11:56:46,61.94,100,
11:56:47,61.9274,300,
11:57:04,61.942,1020,
11:57:10,61.93,145,
11:57:27,61.9017,1100,
11:57:34,61.8998,200,
11:58:25,61.92,100,
11:58:28,61.96,100,
11:58:28,61.955,200,
11:58:28,61.94,100,
11:58:50,61.9576,400,
11:59:17,61.99,100,
11:59:17,61.97,200,
11:59:17,61.97,200,
11:59:17,61.98,1500,
11:59:18,62,200,
11:59:22,61.9901,200,
11:59:22,61.99,200,
11:59:22,61.98,300,
11:59:22,61.99,400,
11:59:22,61.98,200,
11:59:22,61.98,200,
11:59:22,62,200,
11:59:22,62,100,
11:59:23,61.9892,200,
11:59:24,61.99,100,
11:59:31,61.97,200,
11:59:32,62,200,
11:59:32,62,100,
11:59:32,62,100,
11:59:33,62,100,
11:59:49,61.95,100,
11:59:49,61.95,100,
12:00:01,61.97,500,
12:00:09,62.008,100,
12:00:26,62.03,200,
12:00:26,62.04,300,
12:00:26,62.03,100,
12:00:31,62.04,100,
12:00:54,61.99,100,
12:00:54,61.99,100,
12:00:59,61.9971,300,
12:01:03,61.99,200,
12:01:04,61.98,100,
12:01:10,61.98,250,
12:01:23,61.96,200,
12:01:24,61.95,400,
12:01:24,61.9292,500,
12:01:36,61.946,250,
12:01:36,61.95,200,
12:01:45,61.96,100,
12:02:01,61.95,200,
12:02:04,61.95,200,
12:02:10,61.93,200,
12:02:10,61.91,100,
12:02:25,61.91,200,
12:02:26,61.905,100,
12:02:27,61.91,100,
12:02:49,61.95,200,
12:03:03,61.9499,445,
12:03:28,61.8435,200,
12:03:29,61.85,100,
12:03:36,61.84,200,
12:03:45,61.88,1300,
12:03:45,61.869,100,
12:04:11,61.90,200,
12:04:14,61.94,200,
12:05:15,61.87,200,
12:05:22,61.86,200,
12:05:29,61.8761,100,
12:05:33,61.856,900,
12:05:55,61.86,200,
12:06:10,61.89,200,
12:06:17,61.92,200,
12:06:26,61.95,100,
12:06:27,61.96,200,
12:06:46,61.961,2500,
12:06:46,61.9998,700,
12:07:19,61.944,210,
12:07:41,62.04,200,
12:07:53,62.02,100,
12:07:53,62.02,100,
12:07:53,62.01,499,
12:07:53,62.01,100,
12:07:53,62.01,200,
12:07:53,62.01,100,
12:07:53,62,100,
12:07:55,61.98,1612,
12:08:00,62.019,3790,
12:09:37,62.009,4000,
12:10:28,61.99,100,
12:10:34,61.9808,300,
12:10:34,61.9808,1400,
12:10:52,62.02,250,
12:10:55,62.02,200,
12:10:55,62.03,100,
12:10:55,62.03,200,
12:11:15,62.032,100,
12:11:23,62.06,200,
12:11:30,62.0526,200,
12:11:38,62.08,300,
12:11:38,62.07,100,
12:11:39,62.09,100,
12:11:45,62.13,300,
12:11:48,62.1126,300,
12:11:48,62.15,200,
12:11:48,62.17,300,
12:11:49,62.18,100,
12:12:02,62.1397,100,
12:12:06,62.14,100,
12:12:06,62.15,100,
12:12:06,62.15,100,
12:12:06,62.15,100,
12:12:08,62.1401,200,
12:12:13,62.1468,100,
12:12:51,62.108,100,
12:13:08,62.08,100,
12:13:08,62.08,100,
12:13:09,62.06,250,
12:13:09,62.05,136,
12:13:09,62.05,100,
12:13:12,62.05,900,
12:13:15,62.0548,160,
12:13:17,62.05,200,
12:13:22,62.05,200,
12:13:22,62.05,100,
12:13:25,62.07,200,
12:14:20,62.0783,500,
12:16:06,62.11,100,
12:16:18,62.1272,500,
12:16:46,62.099,100,
12:16:46,62.119,800,
12:16:49,62.099,100,
12:16:49,62.099,200,
12:16:53,62.0712,250,
12:17:19,62.07,200,
12:17:19,62.07,100,
12:17:52,62.132,700,
12:17:57,62.1301,3300,
12:18:27,62.14,100,
12:18:36,62.12,200,
12:18:45,62.06,100,
12:19:40,62.11,200,
12:19:42,62.11,100,
12:19:55,62.11,500,
12:21:02,62.0784,100,
12:21:03,62.10,100,
12:21:03,62.10,200,
12:21:08,62.08,200,
12:21:23,62.06,100,
12:21:28,62.07,200,
12:21:28,62.07,100,
12:21:28,62.0717,600,
12:22:38,62.05,100,
12:22:44,62.10,183,
12:23:07,62.09,100,
12:23:45,62.07,300,
12:23:45,62.06,300,
12:23:47,62.03,200,
12:23:47,62.032,100,
12:23:54,62.09,100,
12:24:36,62.06,100,
12:24:44,62.01,100,
12:24:46,62,3000,
12:24:49,62,200,
12:24:49,62,100,
12:25:07,61.98,100,
12:25:16,61.94,100,
12:25:17,61.94,200,
12:25:17,61.94,200,
12:25:20,61.9799,3800,
12:25:30,61.95,200,
12:25:42,61.97,100,
12:25:47,61.93,200,
12:25:56,61.9299,100,
12:25:56,61.93,100,
12:25:56,61.93,200,
12:26:23,61.97,200,
12:26:39,61.99,100,
12:27:06,62.04,100,
12:27:06,62.04,400,
12:27:06,62.05,200,
12:27:06,62.06,100,
12:27:07,62.06,200,
12:27:18,62.08,200,
12:27:18,62.09,100,
12:27:21,62.08,100,
12:27:30,62.0401,400,
12:27:30,62.04,200,
12:27:30,62.04,100,
12:27:30,62.03,100,
12:27:31,62.068,300,
12:27:39,62.05,100,
12:27:58,62.07,100,
12:28:14,62.08,100,
12:28:47,62.036,800,
12:28:56,62.05,100,
12:29:48,62.07,200,
12:30:13,62.12,200,
12:30:15,62.1199,200,
12:30:15,62.1199,100,
12:30:15,62.13,100,
12:30:25,62.1699,600,
12:30:25,62.15,200,
12:30:32,62.16,100,
12:30:33,62.14,200,
12:30:33,62.14,100,
12:30:55,62.124,300,
12:31:29,62.1152,270,
12:32:56,62.1099,500,
12:33:06,62.0883,100,
12:35:34,62.0899,1400,
12:35:52,62.05,100,
12:36:34,62.0839,1000,
12:37:03,62.10,100,
12:37:41,62.084,200,
12:39:29,62.09,200,
12:39:29,62.09,100,
12:40:24,62.0608,100,
12:40:41,62.08,2000,
12:40:48,62.10,200,
12:40:59,62.0801,300,
12:41:32,62.0449,100,
12:42:51,62.0402,200,
12:42:51,62.04,100,
12:43:19,62.0699,100,
12:43:27,62.07,100,
12:43:59,62.08,500,
12:43:59,62.08,200,
12:44:03,62.10,400,
12:44:33,62.091,2300,
12:44:57,62.08,200,
12:44:57,62.07,100,
12:45:36,62.1052,160,
12:46:45,62.10,200,
12:47:03,62.10,100,
12:47:34,62.10,100,
12:47:48,62.11,300,
12:47:50,62.05,200,
12:47:50,62.06,100,
12:47:50,62.06,200,
12:49:08,62.03,200,
12:49:18,62.02,100,
12:49:27,62.02,900,
12:50:11,62.0232,400,
12:51:06,62.10,100,
12:51:06,62.10,200,
12:52:18,62.07,100,
12:52:19,62.07,100,
12:52:19,62.07,100,
12:52:19,62.07,100,
12:52:19,62.07,100,
12:54:17,62,200,
12:54:39,61.96,200,
12:54:43,61.9448,100,
12:55:55,62.01,100,
12:57:58,62.01,100,
12:58:21,62.06,100,
12:58:21,62.07,165,
12:58:21,62.07,400,
12:58:21,62.07,400,
12:58:21,62.08,200,
12:58:21,62.08,100,
12:58:21,62.09,100,
12:58:21,62.09,100,
12:58:21,62.10,200,
12:58:21,62.10,100,
12:58:21,62.10,100,
12:58:23,62.11,200,
12:58:29,62.17,100,
12:58:31,62.1401,261,
12:58:43,62.17,100,
12:59:03,62.15,100,
12:59:40,62.17,100,
12:59:40,62.16,100,
12:59:41,62.16,200,
13:00:06,62.1899,400,
13:00:15,62.1887,500,
13:00:19,62.1883,200,
13:00:48,62.1899,100,
13:01:33,62.0852,100,
13:02:17,62.13,200,
13:02:17,62.13,245,
13:02:17,62.14,200,
13:02:17,62.17,100,
13:02:17,62.16,200,
13:02:17,62.17,200,
13:02:17,62.18,200,
13:02:17,62.18,200,
13:02:17,62.13,100,
13:02:17,62.13,100,
13:02:17,62.19,200,
13:02:17,62.19,100,
13:02:17,62.19,200,
13:02:19,62.2001,300,
13:02:23,62.25,200,
13:02:23,62.26,300,
13:02:23,62.25,685,
13:02:23,62.28,300,
13:02:23,62.28,200,
13:02:23,62.28,100,
13:02:25,62.3073,500,
13:02:30,62.29,200,
13:02:50,62.292,480,
13:03:03,62.301,1100,
13:03:16,62.30,150,
13:03:19,62.27,100,
13:03:22,62.31,200,
13:03:36,62.28,200,
13:03:57,62.2701,1009,
13:04:14,62.2983,100,
13:04:20,62.28,160,
13:04:20,62.26,200,
13:04:31,62.21,500,
13:04:48,62.14,200,
13:04:48,62.14,100,
13:04:48,62.14,200,
13:04:48,62.14,200,
13:04:48,62.15,200,
13:04:48,62.13,100,
13:04:48,62.13,200,
13:04:48,62.14,160,
13:04:48,62.14,100,
13:04:49,62.15,1613,
13:05:22,62.114,900,
13:05:52,62.0899,1000,
13:06:18,62.07,100,
13:06:18,62.10,100,
13:06:38,62.12,100,
13:06:47,62.12,200,
13:07:01,62.0897,300,
13:07:01,62.06,500,
13:07:18,62.03,200,
13:07:19,62,100,
13:07:29,62.03,100,
13:07:34,62.016,500,
13:07:55,62.04,200,
13:07:55,62.04,100,
13:07:55,62.04,100,
13:07:57,62.04,100,
13:08:09,62.021,300,
13:08:10,62.023,100,
13:08:10,62.02,200,
13:08:14,61.9901,300,
13:08:18,62,200,
13:08:18,61.97,200,
13:08:34,62.05,100,
13:08:45,62.05,200,
13:09:02,62.0071,2000,
13:09:13,62.024,200,
13:09:27,62.06,200,
13:10:43,62.15,300,
13:11:49,62.06,100,
13:12:28,62.0883,500,
13:13:24,62.04,200,
13:13:24,62.01,114,
13:14:28,62.031,200,
13:15:18,62.0299,100,
13:15:18,62.04,100,
13:15:47,62.0341,500,
13:16:27,62.11,200,
13:16:27,62.09,100,
13:16:35,62.13,100,
13:16:39,62.14,100,
13:18:01,62.16,200,
13:18:01,62.16,150,
13:18:21,62.20,100,
13:18:29,62.18,200,
13:20:14,62.17,200,
13:20:55,62.17,100,
13:21:41,62.11,200,
13:22:07,62.086,400,
13:22:10,62.1061,3000,
13:23:21,62.07,200,
13:23:22,62.07,100,
13:24:01,62.07,200,
13:24:26,62.08,200,
13:24:26,62.07,100,
13:24:26,62.09,100,
13:25:42,62.15,200,
13:25:42,62.15,100,
13:25:42,62.15,200,
13:27:29,62.13,100,
13:27:29,62.13,100,
13:28:56,62.16,100,
13:29:22,62.11,200,
13:29:22,62.13,100,
13:30:24,62.1802,100,
13:30:24,62.18,100,
13:30:56,62.18,160,
13:31:23,62.18,100,
13:31:23,62.17,100,
13:31:23,62.17,100,
13:31:23,62.17,100,
13:33:18,62.21,200,
13:33:18,62.21,200,
13:34:09,62.196,100,
13:34:10,62.22,200,
13:34:15,62.26,100,
13:34:15,62.26,2700,
13:34:15,62.24,100,
13:34:15,62.26,200,
13:34:15,62.26,300,
13:34:15,62.27,100,
13:34:15,62.24,100,
13:34:15,62.25,295,
13:34:15,62.24,300,
13:34:15,62.23,400,
13:34:15,62.27,100,
13:34:15,62.29,100,
13:34:15,62.30,225,
13:34:15,62.30,200,
13:34:15,62.31,100,
13:34:15,62.28,130,
13:34:16,62.29,100,
13:34:18,62.32,200,
13:34:18,62.32,400,
13:34:21,62.294,900,
13:34:26,62.24,600,
13:34:42,62.286,250,
13:35:34,62.28,127,
13:35:53,62.2968,450,
13:36:25,62.3082,100,
13:36:31,62.2601,1100,
13:36:50,62.26,100,
13:36:50,62.26,200,
13:36:50,62.26,100,
13:36:50,62.26,100,
13:36:50,62.26,200,
13:36:54,62.29,200,
13:36:54,62.30,100,
13:37:10,62.32,100,
13:37:17,62.294,100,
13:37:18,62.2702,500,
13:37:44,62.2948,100,
13:37:52,62.30,400,
13:38:31,62.21,200,
13:38:31,62.20,100,
13:38:33,62.22,200,
13:38:55,62.19,200,
13:38:55,62.18,200,
13:41:47,62.18,200,
13:41:54,62.18,100,
13:42:07,62.20,100,
13:42:48,62.2796,200,
13:43:36,62.208,1000,
13:43:47,62.26,200,
13:43:47,62.26,100,
13:44:03,62.21,100,
13:44:03,62.21,200,
13:44:16,62.2299,1000,
13:45:03,62.15,300,
13:45:53,62.1301,100,
13:46:10,62.15,200,
13:46:10,62.15,200,
13:46:10,62.15,200,
13:46:37,62.18,200,
13:47:19,62.1999,300,
13:48:28,62.1199,300,
13:48:40,62.1202,800,
13:48:50,62.09,100,
13:48:50,62.07,100,
13:49:11,62.08,200,
13:49:11,62.08,500,
13:49:11,62.08,200,
13:49:11,62.08,800,
13:49:11,62.09,200,
13:49:11,62.09,200,
13:49:11,62.08,100,
13:49:11,62.06,100,
13:49:11,62.08,200,
13:49:11,62.06,100,
13:49:40,62.03,100,
13:49:43,62.06,100,
13:50:05,62.05,200,
13:50:05,62.05,200,
13:50:05,62.05,200,
13:50:05,62.04,100,
13:50:05,62.06,300,
13:50:05,62.06,200,
13:50:05,62.04,100,
13:50:09,62.0601,600,
13:50:25,62.11,600,
13:50:25,62.10,100,
13:50:25,62.10,300,
13:50:25,62.10,200,
13:50:25,62.10,600,
13:50:25,62.09,200,
13:50:25,62.09,200,
13:50:25,62.09,202,
13:50:25,62.09,100,
13:50:25,62.10,100,
13:50:25,62.11,100,
13:50:25,62.13,100,
13:50:25,62.13,100,
13:50:25,62.14,100,
13:50:25,62.09,900,
13:50:25,62.11,200,
13:50:25,62.14,100,
13:50:25,62.15,200,
13:50:25,62.14,100,
13:50:26,62.12,200,
13:50:26,62.12,900,
13:50:26,62.12,100,
13:50:26,62.12,400,
13:50:27,62.14,100,
13:50:45,62.13,200,
13:50:45,62.13,500,
13:50:45,62.1436,200,
13:50:50,62.15,100,
13:50:54,62.13,200,
13:51:25,62.12,150,
13:51:32,62.11,100,
13:51:32,62.10,400,
13:51:32,62.08,100,
13:51:42,62.06,200,
13:51:52,62.09,100,
13:51:52,62.08,100,
13:52:50,62.06,100,
13:53:05,62.06,200,
13:53:13,62.04,200,
13:53:13,62.08,100,
13:53:13,62.08,200,
13:53:13,62.07,100,
13:53:13,62.07,200,
13:53:13,62.07,600,
13:53:13,62.06,200,
13:53:13,62.06,100,
13:53:13,62.08,100,
13:53:13,62.08,400,
13:53:13,62.04,200,
13:53:13,62.05,200,
13:53:13,62.06,100,
13:53:13,62.07,100,
13:54:01,62.04,200,
13:54:01,62.04,445,
13:54:09,62.0401,200,
13:54:54,62.03,200,
13:54:54,62.03,200,
13:54:54,62.04,100,
13:55:00,62.05,200,
13:55:02,62.04,100,
13:55:28,62.08,100,
13:55:46,62.02,1653,
13:55:46,62.02,200,
13:55:46,62.02,100,
13:55:49,62,170,
13:56:02,61.97,200,
13:56:06,61.9801,500,
13:56:11,62.01,200,
13:56:11,62.02,200,
13:56:13,62.03,200,
13:56:35,62.01,125,
13:57:02,61.96,100,
13:57:11,62,200,
13:57:12,62.05,800,
13:57:26,62.03,100,
13:57:59,62.07,100,
13:57:59,62.08,100,
13:58:33,62.01,100,
13:58:33,62.01,200,
13:58:33,62.01,200,
13:59:10,61.9917,500,
13:59:58,62.01,200,
14:00:10,61.97,200,
14:00:20,61.98,200,
14:00:20,61.98,200,
14:00:20,61.98,300,
14:00:20,61.99,100,
14:00:31,62.01,100,
14:00:31,62.01,600,
14:00:34,62,200,
14:00:39,62,155,
14:00:40,62.01,145,
14:00:40,62.01,400,
14:00:40,62.01,200,
14:00:40,62.01,104,
14:00:40,62.01,100,
14:00:40,62.02,100,
14:00:40,62.01,200,
14:01:57,61.9539,200,
14:02:04,61.98,100,
14:02:26,62.01,200,
14:02:34,62.01,200,
14:02:37,62.01,100,
14:02:37,62.01,100,
14:03:50,62.02,100,
14:03:50,62.02,100,
14:04:04,62.03,400,
14:04:04,62.03,400,
14:04:04,62.03,1174,
14:04:04,62.06,100,
14:04:05,62.0667,500,
14:04:23,62.06,100,
14:04:44,62.05,100,
14:05:17,62.04,100,
14:05:32,62.019,300,
14:05:50,62,100,
14:06:24,62.02,100,
14:07:09,62.01,100,
14:07:09,62.04,200,
14:07:09,62.03,200,
14:08:06,62.01,150,
14:09:14,61.95,174,
14:10:15,61.98,100,
14:10:16,62,234,
14:10:20,62.01,200,
14:11:39,61.92,100,
14:11:39,61.91,300,
14:11:39,61.90,200,
14:11:39,61.90,195,
14:11:39,61.90,200,
14:11:40,61.8901,400,
14:11:42,61.89,172,
14:11:44,61.89,200,
14:11:51,61.91,300,
14:12:03,61.95,100,
14:12:03,61.95,100,
14:12:03,61.93,228,
14:12:03,61.94,100,
14:12:03,61.95,500,
14:12:03,61.95,200,
14:12:03,61.95,200,
14:12:03,61.95,255,
14:12:14,61.92,300,
14:12:14,61.91,200,
14:12:16,61.89,200,
14:12:16,61.89,200,
14:12:20,61.88,100,
14:12:20,61.88,100,
14:12:20,61.87,240,
14:12:20,61.87,100,
14:12:41,61.90,100,
14:12:55,61.89,100,
14:13:11,61.9001,350,
14:13:55,61.91,300,
14:14:31,61.91,600,
14:14:35,61.89,100,
14:15:45,61.9074,600,
14:15:54,61.91,200,
14:16:00,61.90,200,
14:16:00,61.90,100,
14:16:24,61.93,200,
14:16:52,61.95,969,
14:17:16,61.9798,820,
14:17:38,61.9604,600,
14:17:39,61.91,100,
14:18:05,61.91,200,
14:18:06,61.91,100,
14:18:46,61.99,100,
14:18:47,62,112,
14:19:20,62.01,100,
14:19:23,61.9983,200,
14:19:35,62.02,100,
14:19:35,62.02,100,
14:19:43,62.02,200,
14:19:51,62.02,100,
14:19:53,62.04,200,
14:20:09,62.04,100,
14:20:22,62.06,200,
14:20:27,62.07,300,
14:20:31,62.07,200,
14:20:43,62.06,100,
14:20:43,62.06,100,
14:20:43,62.04,100,
14:20:43,62.04,200,
14:21:16,62.05,200,
14:21:19,62.05,200,
14:21:20,62.07,200,
14:21:23,62.04,100,
14:21:45,62.04,100,
14:21:46,62.03,100,
14:21:50,62.026,300,
14:21:54,62,500,
14:21:57,62,960,
14:22:01,62,100,
14:22:01,62,100,
14:22:01,62.01,100,
14:22:01,62.02,100,
14:22:01,62.01,600,
14:22:01,62.01,100,
14:22:01,62.02,100,
14:22:37,61.96,159,
14:22:40,61.9517,800,
14:23:16,62,100,
14:23:24,62.03,200,
14:23:24,62.04,100,
14:23:24,62.05,100,
14:23:37,62.049,100,
14:23:43,62.04,200,
14:23:53,62.03,200,
14:24:11,62.04,100,
14:24:39,62,600,
14:24:49,61.9992,500,
14:24:50,62,200,
14:25:02,61.955,100,
14:25:13,61.96,200,
14:25:13,61.96,100,
14:25:13,61.97,300,
14:25:13,61.97,100,
14:25:13,61.97,200,
14:25:14,61.97,200,
14:25:14,61.97,100,
14:25:14,61.98,100,
14:25:43,61.99,100,
14:25:43,61.99,500,
14:26:52,62.02,100,
14:26:52,62.02,300,
14:26:52,62.01,400,
14:26:53,62.02,100,
14:26:59,62.04,100,
14:26:59,62.04,200,
14:27:02,62.02,200,
14:27:09,62,300,
14:27:17,62,200,
14:27:19,62,100,
14:27:23,62.02,200,
14:27:23,62.02,100,
14:27:23,62.02,100,
14:27:26,62.01,100,
14:28:02,61.9931,500,
14:29:12,61.99,100,
14:29:12,62,100,
14:29:12,61.98,100,
14:30:56,62.0099,700,
14:31:03,62,200,
14:31:40,62.04,100,
14:31:40,62.04,100,
14:31:41,62.02,200,
14:31:49,62.04,100,
14:31:49,62.04,100,
14:31:49,62.04,100,
14:31:49,62.04,100,
14:31:55,62.05,200,
14:32:09,62.01,100,
14:32:36,61.97,200,
14:32:36,61.97,100,
14:32:36,61.96,100,
14:32:38,61.95,100,
14:32:40,61.96,115,
14:32:47,61.9601,200,
14:32:48,61.96,100,
14:33:27,61.9332,350,
14:33:47,61.92,100,
14:34:09,61.88,100,
14:34:09,61.88,100,
14:34:09,61.88,100,
14:34:31,61.91,300,
14:34:52,61.9474,600,
14:34:56,61.9499,100,
14:35:16,61.93,100,
14:36:29,61.95,100,
14:36:52,61.92,200,
14:36:52,61.92,300,
14:36:52,61.91,100,
14:36:52,61.92,100,
14:37:04,61.92,200,
14:37:36,61.97,100,
14:37:40,61.93,100,
14:37:57,61.9423,100,
14:38:59,61.91,100,
14:39:18,61.94,100,
14:40:58,61.90,200,
14:41:09,61.89,100,
14:41:21,61.90,100,
14:41:35,61.8601,400,
14:42:00,61.86,200,
14:42:02,61.87,100,
14:42:04,61.85,100,
14:42:04,61.85,100,
14:42:04,61.85,100,
14:42:04,61.86,100,
14:42:04,61.85,100,
14:42:27,61.91,200,
14:42:36,61.90,300,
14:42:42,61.90,200,
14:43:27,61.89,100,
14:43:27,61.88,100,
14:43:56,61.89,100,
14:43:56,61.89,100,
14:44:20,61.88,100,
14:44:20,61.89,100,
14:44:20,61.88,100,
14:44:39,61.88,200,
14:44:41,61.89,100,
14:45:06,61.86,100,
14:45:07,61.85,100,
14:45:24,61.83,100,
14:45:24,61.85,100,
14:45:24,61.84,300,
14:45:24,61.86,200,
14:45:24,61.86,200,
14:45:24,61.86,100,
14:45:24,61.85,600,
14:45:24,61.83,100,
14:45:24,61.83,100,
14:45:24,61.82,200,
14:45:25,61.81,400,
14:45:26,61.83,100,
14:45:44,61.87,100,
14:46:03,61.86,100,
14:46:03,61.86,200,
14:47:22,61.83,100,
14:47:23,61.81,135,
14:47:24,61.80,200,
14:47:24,61.82,200,
14:47:25,61.8301,300,
14:47:46,61.83,200,
14:48:16,61.86,100,
14:48:16,61.84,100,
14:48:30,61.84,200,
14:48:30,61.84,300,
14:48:43,61.84,100,
14:49:25,61.914,800,
14:49:34,61.91,100,
14:49:39,61.89,100,
14:49:58,61.8983,450,
14:50:47,61.85,100,
14:50:58,61.85,699,
14:50:58,61.85,1000,
14:51:25,61.842,275,
14:51:32,61.84,100,
14:52:34,61.83,100,
14:52:49,61.84,100,
14:52:49,61.85,100,
14:52:58,61.87,300,
14:52:58,61.85,200,
14:53:11,61.88,200,
14:53:15,61.91,100,
14:53:37,61.919,300,
14:53:38,61.909,100,
14:53:38,61.92,2200,
14:53:39,61.9026,600,
14:53:40,61.92,100,
14:53:52,61.90,100,
14:53:54,61.88,100,
14:53:56,61.87,100,
14:54:52,61.92,100,
14:54:52,61.92,101,
14:55:06,61.88,200,
14:55:06,61.88,100,
14:55:13,61.89,100,
14:55:54,61.91,100,
14:55:57,61.91,200,
14:56:58,61.88,2000,
14:57:20,61.90,100,
14:57:20,61.90,100,
14:58:36,61.91,200,
14:58:36,61.92,200,
14:58:40,61.92,2133,
14:58:40,61.92,100,
14:58:40,61.92,200,
14:58:40,61.92,1000,
14:58:47,61.94,100,
14:58:47,61.95,100,
14:58:48,61.97,475,
14:58:51,61.97,100,
14:58:51,61.97,100,
14:58:51,61.96,100,
14:58:51,61.96,100,
14:58:51,61.95,100,
14:58:51,61.95,300,
14:58:51,61.94,105,
14:59:29,61.92,100,
14:59:59,61.922,200,
15:00:01,61.94,100,
15:00:15,61.95,100,
15:00:24,62,100,
15:00:24,62,100,
15:00:24,62,200,
15:00:24,62,100,
15:00:26,62.02,300,
15:00:48,62.03,200,
15:00:48,62.04,100,
15:00:49,62.03,1000,
15:00:50,62.05,265,
15:00:50,62.05,365,
15:00:54,62.06,100,
15:00:54,62.06,100,
15:00:56,62.06,100,
15:00:56,62.0598,200,
15:00:56,62.0598,100,
15:00:59,62.04,100,
15:01:09,62.03,100,
15:01:09,62.03,100,
15:01:15,62.03,100,
15:01:28,62.01,100,
15:01:39,62.01,200,
15:01:39,62.03,100,
15:01:39,62.02,200,
15:01:51,62.03,100,
15:02:02,62.0502,100,
15:02:08,62.09,100,
15:02:11,62.092,200,
15:02:15,62.09,200,
15:02:15,62.09,200,
15:02:17,62.09,100,
15:02:35,62.10,100,
15:02:35,62.09,100,
15:02:37,62.10,200,
15:02:38,62.11,100,
15:02:38,62.11,100,
15:02:38,62.11,100,
15:02:41,62.14,200,
15:02:41,62.14,300,
15:02:42,62.1302,200,
15:02:53,62.17,200,
15:02:53,62.17,300,
15:02:56,62.16,100,
15:02:56,62.16,200,
15:02:56,62.14,100,
15:02:56,62.15,100,
15:02:56,62.17,100,
15:02:56,62.17,200,
15:03:04,62.17,220,
15:03:04,62.17,100,
15:03:10,62.16,100,
15:03:10,62.17,100,
15:03:10,62.15,100,
15:03:13,62.1783,100,
15:03:31,62.16,500,
15:04:05,62.16,100,
15:04:06,62.15,100,
15:04:09,62.17,100,
15:04:10,62.19,300,
15:04:12,62.20,100,
15:04:12,62.21,100,
15:04:12,62.20,200,
15:04:12,62.20,100,
15:04:24,62.23,100,
15:04:27,62.2345,800,
15:04:29,62.23,200,
15:04:38,62.25,400,
15:04:38,62.25,100,
15:04:41,62.25,300,
15:04:41,62.25,100,
15:04:41,62.25,100,
15:04:47,62.27,300,
15:04:53,62.26,100,
15:04:53,62.26,100,
15:04:55,62.25,1000,
15:05:07,62.29,200,
15:05:07,62.29,100,
15:05:20,62.28,100,
15:05:25,62.23,200,
15:05:25,62.23,100,
15:05:25,62.22,300,
15:05:26,62.2113,500,
15:05:39,62.19,100,
15:05:39,62.19,100,
15:05:43,62.16,100,
15:05:44,62.1699,100,
15:05:44,62.1699,200,
15:05:44,62.161,200,
15:05:45,62.187,100,
15:05:45,62.18,200,
15:05:45,62.17,100,
15:05:45,62.18,100,
15:05:50,62.15,100,
15:06:07,62.18,100,
15:06:30,62.15,100,
15:06:35,62.15,100,
15:06:45,62.14,200,
15:06:47,62.11,100,
15:07:02,62.11,100,
15:07:02,62.11,100,
15:07:02,62.11,100,
15:07:03,62.11,100,
15:07:24,62.17,100,
15:07:43,62.16,200,
15:07:43,62.16,200,
15:07:43,62.16,100,
15:07:43,62.17,200,
15:07:43,62.17,100,
15:07:43,62.18,300,
15:07:45,62.17,200,
15:07:45,62.16,200,
15:08:03,62.17,100,
15:08:03,62.16,300,
15:08:21,62.18,100,
15:08:36,62.18,100,
15:08:50,62.20,200,
15:08:53,62.20,100,
15:08:55,62.1983,540,
15:09:09,62.17,100,
15:09:16,62.16,100,
15:09:16,62.16,100,
15:09:16,62.14,200,
15:09:16,62.14,600,
15:09:20,62.13,100,
15:09:21,62.14,450,
15:09:31,62.10,300,
15:09:32,62.10,200,
15:09:32,62.10,100,
15:09:36,62.08,100,
15:09:53,62.11,100,
15:09:53,62.11,100,
15:10:41,62.12,100,
15:10:41,62.10,100,
15:10:47,62.06,100,
15:10:52,62.09,100,
15:11:02,62.09,100,
15:11:04,62.06,100,
15:11:04,62.06,200,
15:11:04,62.06,200,
15:11:04,62.06,200,
15:11:14,62.07,174,
15:11:14,62.07,600,
15:11:24,62.0886,200,
15:11:26,62.07,100,
15:12:11,62.09,100,
15:12:12,62.11,250,
15:12:20,62.1098,100,
15:12:30,62.0999,100,
15:12:46,62.09,100,
15:12:48,62.1099,200,
15:12:49,62.1099,100,
15:12:50,62.12,200,
15:12:50,62.11,171,
15:12:50,62.1199,100,
15:12:50,62.1193,100,
15:12:50,62.11,100,
15:12:50,62.12,100,
15:12:51,62.1199,100,
15:12:51,62.1199,100,
15:12:51,62.12,3187,
15:12:59,62.13,100,
15:13:03,62.1101,250,
15:13:09,62.1383,200,
15:13:26,62.19,3900,
15:13:37,62.15,100,
15:13:47,62.18,191,
15:13:47,62.18,100,
15:13:49,62.17,100,
15:13:55,62.20,100,
15:13:55,62.20,200,
15:13:55,62.20,245,
15:13:56,62.17,174,
15:14:15,62.1629,2900,
15:14:16,62.16,100,
15:14:18,62.154,300,
15:14:19,62.15,100,
15:14:28,62.14,155,
15:14:29,62.14,199,
15:14:41,62.16,300,
15:14:41,62.17,100,
15:15:03,62.20,100,
15:15:41,62.2139,1000,
15:15:58,62.26,300,
15:16:09,62.2601,200,
15:16:09,62.26,150,
15:16:09,62.26,150,
15:16:10,62.29,200,
15:16:14,62.2973,500,
15:16:22,62.29,200,
15:16:22,62.31,300,
15:16:22,62.32,200,
15:16:22,62.32,100,
15:16:22,62.32,200,
15:16:22,62.33,300,
15:16:22,62.33,100,
15:16:22,62.33,100,
15:16:22,62.32,200,
15:16:23,62.3399,300,
15:16:24,62.33,100,
15:16:24,62.34,400,
15:16:24,62.34,250,
15:16:24,62.34,100,
15:16:24,62.34,200,
15:16:43,62.2913,300,
15:16:46,62.30,100,
15:16:46,62.30,300,
15:16:46,62.30,150,
15:16:49,62.27,200,
15:16:52,62.25,200,
15:16:53,62.27,500,
15:17:00,62.28,100,
15:17:00,62.29,100,
15:17:11,62.2885,750,
15:17:29,62.27,200,
15:17:35,62.2499,3600,
15:17:36,62.256,900,
15:17:47,62.25,200,
15:17:47,62.25,100,
15:17:51,62.254,800,
15:17:59,62.27,150,
15:18:00,62.27,100,
15:18:03,62.2813,500,
15:18:13,62.29,100,
15:18:13,62.29,1500,
15:18:13,62.3199,100,
15:18:13,62.3199,100,
15:18:20,62.32,100,
15:18:34,62.3101,100,
15:18:37,62.33,200,
15:18:37,62.35,100,
15:18:37,62.35,100,
15:18:42,62.33,200,
15:18:44,62.328,200,
15:18:53,62.29,300,
15:19:01,62.24,200,
15:19:01,62.26,300,
15:19:01,62.24,100,
15:19:05,62.25,200,
15:19:05,62.26,200,
15:19:07,62.2599,100,
15:19:12,62.26,100,
15:19:24,62.25,200,
15:19:47,62.23,100,
15:19:47,62.23,200,
15:20:01,62.20,100,
15:20:23,62.22,200,
15:20:31,62.25,100,
15:20:31,62.25,100,
15:20:43,62.2565,1000,
15:20:51,62.23,100,
15:21:10,62.21,100,
15:21:10,62.23,100,
15:21:24,62.15,100,
15:21:24,62.14,100,
15:21:24,62.16,100,
15:21:24,62.16,200,
15:21:24,62.16,399,
15:21:24,62.16,100,
15:21:24,62.17,900,
15:21:24,62.15,200,
15:21:28,62.1532,100,
15:21:31,62.1736,500,
15:21:41,62.18,100,
15:22:19,62.16,200,
15:22:19,62.16,100,
15:22:23,62.16,3000,
15:22:29,62.16,100,
15:22:33,62.1498,100,
15:22:48,62.16,100,
15:23:00,62.18,200,
15:23:10,62.1902,100,
15:23:48,62.1652,500,
15:24:25,62.12,100,
15:24:33,62.08,700,
15:24:37,62.05,200,
15:24:38,62.07,200,
15:24:39,62.07,200,
15:24:39,62.08,200,
15:24:42,62.05,100,
15:24:48,62.07,200,
15:24:48,62.06,200,
15:24:48,62.07,300,
15:24:48,62.07,300,
15:24:48,62.07,100,
15:24:48,62.06,300,
15:24:48,62.06,200,
15:24:48,62.06,100,
15:24:48,62.11,100,
15:24:48,62.11,100,
15:24:48,62.10,100,
15:24:56,62.1404,500,
15:24:58,62.14,100,
15:25:02,62.17,100,
15:25:02,62.17,100,
15:25:06,62.17,100,
15:25:10,62.16,100,
15:25:10,62.1639,100,
15:25:13,62.19,100,
15:25:13,62.19,186,
15:25:13,62.19,399,
15:25:22,62.19,300,
15:25:24,62.19,100,
15:25:24,62.19,100,
15:25:24,62.19,264,
15:25:35,62.14,300,
15:25:41,62.14,119,
15:25:41,62.14,400,
15:25:41,62.14,500,
15:25:41,62.14,205,
15:25:41,62.14,200,
15:25:41,62.14,700,
15:25:41,62.14,800,
15:25:41,62.14,1247,
15:25:41,62.13,100,
15:25:42,62.12,100,
15:25:47,62.14,200,
15:25:47,62.14,100,
15:25:47,62.14,1500,
15:25:47,62.12,200,
15:25:47,62.13,300,
15:25:47,62.13,100,
15:25:47,62.14,100,
15:25:47,62.14,100,
15:25:58,62.09,100,
15:25:58,62.09,200,
15:25:58,62.0865,400,
15:26:10,62.08,100,
15:26:12,62.11,400,
15:26:15,62.06,200,
15:26:16,62.06,400,
15:26:23,62.06,144,
15:26:34,62.14,500,
15:26:42,62.13,200,
15:26:46,62.11,100,
15:26:46,62.13,200,
15:26:46,62.13,100,
15:26:46,62.13,200,
15:26:46,62.13,200,
15:26:46,62.13,100,
15:26:46,62.12,200,
15:26:46,62.12,100,
15:26:46,62.11,200,
15:26:46,62.11,100,
15:26:46,62.11,200,
15:26:46,62.13,100,
15:26:46,62.14,100,
15:26:46,62.12,300,
15:26:46,62.15,200,
15:26:46,62.15,100,
15:26:46,62.13,800,
15:26:46,62.12,200,
15:26:46,62.14,100,
15:27:18,62.14,110,
15:27:20,62.16,100,
15:27:20,62.17,100,
15:27:21,62.14,1400,
15:27:39,62.19,100,
15:27:39,62.19,100,
15:27:39,62.18,150,
15:27:48,62.19,200,
15:27:48,62.20,100,
15:27:48,62.20,100,
15:29:31,62.20,100,
15:29:57,62.15,200,
15:30:04,62.17,300,
15:30:04,62.17,200,
15:30:04,62.17,100,
15:30:06,62.16,100,
15:30:06,62.18,100,
15:30:14,62.18,100,
15:30:35,62.21,100,
15:30:41,62.21,1000,
15:30:48,62.228,100,
15:30:56,62.17,100,
15:30:56,62.18,100,
15:31:11,62.1471,494,
15:31:29,62.12,200,
15:31:29,62.12,100,
15:31:36,62.13,100,
15:31:58,62.21,100,
15:32:17,62.21,100,
15:32:31,62.18,200,
15:32:31,62.18,100,
15:32:43,62.15,350,
15:32:47,62.14,200,
15:33:24,62.19,100,
15:33:28,62.216,200,
15:33:31,62.20,100,
15:33:34,62.22,100,
15:34:13,62.162,100,
15:34:35,62.1235,500,
15:34:42,62.09,100,
15:34:43,62.1061,1000,
15:34:49,62.1199,8000,
15:34:54,62.11,300,
15:34:54,62.11,270,
15:35:16,62.08,300,
15:35:16,62.10,200,
15:35:16,62.10,100,
15:35:16,62.11,100,
15:35:16,62.10,200,
15:35:21,62.12,400,
15:35:23,62.1398,100,
15:35:49,62.14,400,
15:35:51,62.16,400,
15:35:55,62.17,200,
15:35:55,62.17,200,
15:35:55,62.17,300,
15:35:55,62.16,200,
15:35:55,62.16,300,
15:35:55,62.16,200,
15:36:01,62.15,100,
15:36:17,62.10,300,
15:36:19,62.11,400,
15:36:19,62.11,300,
15:36:24,62.10,200,
15:36:31,62.11,200,
15:36:32,62.13,100,
15:36:33,62.12,200,
15:36:44,62.094,450,
15:37:14,62.09,200,
15:37:20,62.11,100,
15:37:20,62.13,100,
15:37:31,62.10,100,
15:37:46,62.05,540,
15:38:05,62.0717,576,
15:38:07,62.07,100,
15:38:07,62.06,500,
15:38:17,62.05,210,
15:38:17,62.05,300,
15:38:17,62.04,100,
15:38:19,62.02,100,
15:38:22,62.05,100,
15:38:31,62.10,200,
15:38:59,62.03,100,
15:39:17,62.0302,100,
15:39:18,62.03,100,
15:39:18,62.03,100,
15:39:30,62.0007,700,
15:39:54,62.0001,3600,
15:40:08,62.0098,100,
15:40:08,62.0098,200,
15:40:08,62.0098,300,
15:40:12,62.02,100,
15:40:12,62.04,200,
15:40:12,62.04,300,
15:40:45,62,167,
15:40:45,62,167,
15:40:53,61.9999,1000,
15:40:55,61.9501,1000,
15:40:56,61.95,166,
15:40:56,61.95,300,
15:40:56,61.93,400,
15:40:56,61.93,300,
15:41:06,61.9427,500,
15:41:09,61.96,100,
15:41:17,61.92,100,
15:41:17,61.92,100,
15:41:20,61.91,150,
15:41:27,61.9598,100,
15:41:48,61.9632,162,
15:41:53,62,200,
15:41:53,62,100,
15:41:53,62,100,
15:41:54,61.98,100,
15:41:54,61.98,300,
15:41:54,61.98,200,
15:41:54,61.98,100,
15:42:02,61.95,100,
15:42:17,61.96,100,
15:42:23,61.99,200,
15:42:41,61.9899,100,
15:43:12,61.96,200,
15:43:34,61.96,100,
15:43:41,61.99,200,
15:43:57,61.99,100,
15:44:13,61.9973,500,
15:44:55,62.04,100,
15:45:15,62.02,100,
15:45:38,61.96,100,
15:45:38,61.96,300,
15:45:38,61.94,100,
15:45:38,61.94,100,
15:45:38,61.95,200,
15:45:39,61.94,900,
15:45:51,61.9674,500,
15:45:53,61.9508,100,
15:46:10,61.9599,2700,
15:46:46,61.95,100,
15:46:46,61.96,425,
15:47:00,61.93,100,
15:47:04,61.9283,100,
15:47:43,61.9453,300,
15:47:50,61.9399,400,
15:47:55,61.91,300,
15:47:55,61.91,200,
15:47:55,61.90,200,
15:47:56,61.91,100,
15:47:57,61.92,100,
15:47:57,61.92,300,
15:47:57,61.92,100,
15:48:07,61.94,200,
15:48:07,61.94,200,
15:48:08,61.97,300,
15:48:08,61.97,100,
15:48:08,61.97,200,
15:48:08,61.99,100,
15:48:11,61.97,100,
15:48:41,61.99,200,
15:48:41,61.96,100,
15:48:41,61.96,200,
15:48:43,61.97,500,
15:49:07,62.0008,200,
15:49:17,62.06,200,
15:49:18,62.06,150,
15:49:18,62.06,200,
15:49:28,62.07,100,
15:49:28,62.05,200,
15:49:30,62.02,200,
15:49:30,62.02,1074,
15:49:36,62.02,300,
15:49:42,62.0061,200,
15:49:50,62.02,300,
15:49:50,62.02,200,
15:49:54,62.01,100,
15:49:58,62.0184,200,
15:50:00,61.98,200,
15:50:00,61.98,300,
15:50:00,61.98,200,
15:50:00,61.99,200,
15:50:03,61.97,200,
15:50:03,61.96,200,
15:50:03,61.96,100,
15:50:03,61.97,100,
15:50:03,61.96,100,
15:50:07,61.94,100,
15:50:07,61.94,100,
15:50:07,61.94,100,
15:50:07,61.94,200,
15:50:07,61.93,100,
15:50:07,61.94,100,
15:50:07,61.949,100,
15:50:24,61.96,100,
15:50:24,61.96,400,
15:50:40,61.96,200,
15:50:40,61.96,100,
15:51:07,61.9699,500,
15:51:17,61.9799,100,
15:51:18,61.99,300,
15:51:18,61.9899,300,
15:51:18,61.9899,100,
15:51:18,61.9893,100,
15:51:18,61.9898,100,
15:51:20,61.99,400,
15:51:20,61.99,200,
15:51:20,61.99,100,
15:51:20,62,300,
15:51:20,61.99,200,
15:51:20,61.99,200,
15:51:20,62,200,
15:51:20,61.9899,100,
15:51:20,61.9899,100,
15:51:20,61.9899,100,
15:51:20,61.9999,300,
15:51:20,61.9999,200,
15:51:23,61.98,200,
15:51:23,61.98,100,
15:51:24,62.01,600,
15:51:43,61.96,200,
15:52:23,61.96,174,
15:52:23,61.96,200,
15:52:58,61.94,100,
15:52:59,61.93,100,
15:52:59,61.93,200,
15:52:59,61.93,200,
15:52:59,61.92,100,
15:52:59,61.92,200,
15:52:59,61.92,300,
15:52:59,61.9135,100,
15:53:10,61.93,100,
15:53:13,61.94,100,
15:53:13,61.95,150,
15:53:13,61.94,300,
15:53:13,61.94,200,
15:53:18,61.97,100,
15:53:18,61.9565,100,
15:53:20,61.97,100,
15:53:20,61.93,100,
15:53:20,61.93,100,
15:53:20,61.92,200,
15:53:20,61.91,100,
15:53:21,61.93,100,
15:53:26,61.9299,100,
15:53:31,61.94,100,
15:53:31,61.95,200,
15:53:31,61.95,100,
15:53:31,61.96,100,
15:53:31,61.96,600,
15:53:31,61.95,100,
15:53:49,61.93,100,
15:53:50,61.92,100,
15:53:50,61.9133,100,
15:53:50,61.9132,100,
15:54:00,61.922,340,
15:54:01,61.94,100,
15:54:02,61.94,100,
15:54:05,61.91,100,
15:54:08,61.91,100,
15:54:08,61.91,191,
15:54:08,61.90,200,
15:54:08,61.90,200,
15:54:08,61.90,200,
15:54:08,61.90,200,
15:54:08,61.90,100,
15:54:08,61.91,200,
15:54:09,61.92,200,
15:54:09,61.92,100,
15:54:09,61.91,100,
15:54:17,61.94,200,
15:54:21,61.91,100,
15:54:21,61.91,300,
15:54:21,61.90,200,
15:54:21,61.90,300,
15:54:29,61.90,100,
15:54:34,61.9014,750,
15:54:37,61.91,100,
15:54:51,61.96,100,
15:54:52,61.95,200,
15:54:59,61.959,2982,
15:54:59,61.961,100,
15:55:00,61.97,400,
15:55:00,61.98,100,
15:55:00,61.98,100,
15:55:04,61.96,100,
15:55:06,61.96,100,
15:55:07,61.95,100,
15:55:07,61.95,200,
15:55:14,61.94,100,
15:55:14,61.94,100,
15:55:17,61.95,100,
15:55:20,61.97,100,
15:55:20,61.97,100,
15:55:24,61.954,200,
15:55:30,61.96,100,
15:55:41,61.98,100,
15:55:41,61.98,100,
15:55:55,62.01,100,
15:56:00,62.01,200,
15:56:00,62.01,600,
15:56:17,62.04,200,
15:56:17,62.0321,600,
15:56:24,62.03,100,
15:56:36,62.0101,1100,
15:56:38,62.01,100,
15:56:48,62,100,
15:56:48,62,200,
15:56:48,61.99,100,
15:56:48,61.98,100,
15:56:48,61.99,400,
15:56:51,61.98,200,
15:56:51,61.97,200,
15:56:51,61.97,300,
15:56:51,61.97,500,
15:56:51,61.97,100,
15:56:51,61.94,100,
15:56:53,61.96,200,
15:56:54,61.96,100,
15:56:59,61.93,200,
15:56:59,61.92,200,
15:57:09,61.8899,385,
15:57:12,61.8897,200,
15:57:16,61.89,100,
15:57:16,61.89,100,
15:57:16,61.89,500,
15:57:23,61.88,200,
15:57:27,61.9001,200,
15:57:28,61.90,200,
15:57:28,61.90,100,
15:57:28,61.89,7900,
15:57:31,61.92,100,
15:57:38,61.9299,200,
15:57:38,61.93,100,
15:57:38,61.93,100,
15:57:46,61.921,500,
15:57:54,61.94,100,
15:57:54,61.94,124,
15:57:54,61.94,100,
15:58:04,61.9199,260,
15:58:11,61.91,2900,
15:58:15,61.90,100,
15:58:16,61.90,200,
15:58:33,61.902,1000,
15:58:47,61.9083,100,
15:58:51,61.90,125,
15:58:59,61.90,400,
15:59:00,61.90,100,
15:59:00,61.89,3382,
15:59:06,61.91,355,
15:59:13,61.91,800,
15:59:16,61.90,200,
15:59:16,61.90,200,
15:59:17,61.90,200,
15:59:18,61.90,200,
15:59:18,61.90,200,
15:59:18,61.90,200,
15:59:19,61.90,200,
15:59:19,61.9001,200,
15:59:19,61.9001,200,
15:59:19,61.90,200,
15:59:19,61.90,200,
15:59:19,61.90,200,
15:59:21,61.90,200,
15:59:34,61.90,100,
15:59:36,61.90,100,
15:59:36,61.90,200,
15:59:38,61.90,100,
15:59:40,61.88,200,
15:59:40,61.88,200,
15:59:40,61.88,155,
15:59:44,61.91,200,
15:59:45,61.896,100,
15:59:50,61.87,600,
15:59:52,61.9099,100,
15:59:54,61.88,254,
15:59:57,61.85,400,
15:59:58,61.85,300,
15:59:58,61.8799,200,
15:59:59,61.90,100,
