09:30:02,50.11,100,
09:30:02,50.11,100,
09:30:03,50.24,500,
09:30:03,50.23,500,
09:30:03,50.28,200,
09:30:03,50.29,100,
09:30:03,50.26,100,
09:30:03,50.26,100,
09:30:03,50.26,100,
09:30:03,50.26,200,
09:30:05,50.2472,300,
09:30:06,50.25,100,
09:30:06,50.23,200,
09:30:06,50.23,100,
09:30:06,50.23,300,
09:30:08,50.23,100,
09:30:10,50.22,400,
09:30:10,50.22,100,
09:30:12,50.24,300,
09:30:12,50.22,500,
09:30:14,50.22,100,
09:30:19,50.28,300,
09:30:20,50.22,500,
09:30:21,50.24,100,
09:30:22,50.22,206,
09:30:24,50.241,1000,
09:30:26,50.2248,200,
09:30:27,50.221,300,
09:30:27,50.26,100,
09:30:29,50.2612,300,
09:30:29,50.2201,200,
09:30:30,50.2416,100,
09:30:30,50.14,100,
09:30:30,50.255,100,
09:30:30,50.14,100,
09:30:31,50.24,200,
09:30:31,50.2401,250,
09:30:31,50.22,100,
09:30:31,50.2164,340,
09:30:32,50.21,100,
09:30:32,50.11,100,
09:30:33,50.2299,200,
09:30:33,50.199,1700,
09:30:34,50.1572,600,
09:30:34,50.128,200,
09:30:34,50.138,1000,
09:30:34,50.08,100,
09:30:35,50.08,100,
09:30:35,50.05,300,
09:30:35,50.2201,400,
09:30:36,50.2401,200,
09:30:36,50.0487,500,
09:30:38,50.021,500,
09:30:40,50.02,100,
09:30:41,50.0275,500,
09:30:42,50.03,200,
09:30:43,50.02,250,
09:30:43,50.03,200,
09:30:43,50.03,100,
09:30:45,50.10,100,
09:30:46,50.0701,100,
09:30:47,50.1402,100,
09:30:49,50.1535,125,
09:30:49,50.155,125,
09:30:49,50.13,100,
09:30:49,50.13,100,
09:30:49,50.14,300,
09:30:50,50.13,300,
09:30:50,50.14,300,
09:30:51,50.138,100,
09:30:51,50.138,400,
09:30:56,50.20,400,
09:30:57,50.18,200,
09:30:57,50.148,500,
09:30:59,50.146,300,
09:31:01,50.19,100,
09:31:03,50.206,300,
09:31:06,50.211,200,
09:31:07,50.21,300,
09:31:08,50.19,100,
09:31:09,50.204,400,
09:31:11,50.18,100,
09:31:14,50.22,100,
09:31:14,50.21,300,
09:31:14,50.21,200,
09:31:15,50.205,2450,
09:31:15,50.23,3400,
09:31:15,50.199,500,
09:31:16,50.24,300,
09:31:16,50.23,300,
09:31:17,50.22,100,
09:31:17,50.23,300,
09:31:17,50.16,300,
09:31:17,50.16,200,
09:31:17,50.16,200,
09:31:18,50.18,500,
09:31:19,50.18,100,
09:31:19,50.18,100,
09:31:20,50.20,403,
09:31:20,50.20,300,
09:31:25,50.18,1000,
09:31:27,50.22,300,
09:31:27,50.22,300,
09:31:27,50.22,300,
09:31:27,50.18,300,
09:31:28,50.20,240,
09:31:29,50.16,100,
09:31:29,50.16,300,
09:31:30,50.1801,100,
09:31:30,50.192,300,
09:31:31,50.23,300,
09:31:31,50.2399,1105,
09:31:35,50.22,100,
09:31:35,50.22,300,
09:31:36,50.1923,105,
09:31:38,50.19,200,
09:31:38,50.19,200,
09:31:38,50.19,1900,
09:31:38,50.21,200,
09:31:38,50.225,300,
09:31:39,50.21,200,
09:31:40,50.225,300,
09:31:41,50.19,300,
09:31:41,50.17,300,
09:31:43,50.21,500,
09:31:43,50.21,300,
09:31:43,50.20,300,
09:31:43,50.21,300,
09:31:43,50.22,100,
09:31:43,50.19,100,
09:31:44,50.21,300,
09:31:44,50.21,300,
09:31:44,50.21,105,
09:31:44,50.20,100,
09:31:45,50.17,300,
09:31:45,50.1664,250,
09:31:46,50.122,200,
09:31:47,50.14,300,
09:31:48,50.1999,300,
09:31:49,50.185,1000,
09:31:49,50.18,300,
09:31:50,50.18,120,
09:31:50,50.19,100,
09:31:51,50.20,300,
09:31:51,50.20,600,
09:31:53,50.1753,150,
09:31:55,50.17,100,
09:31:58,50.12,100,
09:31:58,50.12,100,
09:31:58,50.12,100,
09:31:59,50.1798,2000,
09:32:02,50.15,300,
09:32:02,50.16,200,
09:32:08,50.14,165,
09:32:08,50.14,100,
09:32:09,50.14,300,
09:32:10,50.12,200,
09:32:16,50.11,200,
09:32:16,50.1103,100,
09:32:16,50.10,200,
09:32:16,50.092,500,
09:32:18,50.116,1000,
09:32:20,50.0699,200,
09:32:20,50.07,100,
09:32:22,50.0644,1000,
09:32:22,50.0699,100,
09:32:28,50.072,100,
09:32:28,50.03,140,
09:32:29,50.0648,100,
09:32:32,50.08,300,
09:32:32,50.09,100,
09:32:33,50.08,200,
09:32:33,50.07,500,
09:32:33,50.08,200,
09:32:35,50.0764,400,
09:32:38,50.089,250,
09:32:43,50.0601,2000,
09:32:49,50.124,250,
09:32:52,50.10,100,
09:32:56,50.12,100,
09:32:58,50.106,100,
09:33:02,50.07,100,
09:33:06,50.06,100,
09:33:07,50.0897,100,
09:33:08,50.10,300,
09:33:09,50.09,300,
09:33:11,50.09,700,
09:33:13,50.10,100,
09:33:14,50.1002,100,
09:33:14,50.1002,200,
09:33:15,50.11,700,
09:33:18,50.11,700,
09:33:18,50.09,200,
09:33:19,50.101,500,
09:33:19,50.114,100,
09:33:20,50.1296,395,
09:33:20,50.10,700,
09:33:20,50.10,300,
09:33:21,50.09,500,
09:33:22,50.08,100,
09:33:23,50.07,700,
09:33:25,50.062,200,
09:33:25,50.062,200,
09:33:26,50.07,200,
09:33:26,50.07,700,
09:33:26,50.06,100,
09:33:26,50.07,100,
09:33:26,50.07,100,
09:33:26,50.0698,100,
09:33:26,50.05,200,
09:33:26,50.05,200,
09:33:26,50.0701,200,
09:33:27,50.081,500,
09:33:27,50.08,100,
09:33:27,50.09,200,
09:33:27,50.09,100,
09:33:27,50.08,200,
09:33:27,50.09,300,
09:33:28,50.064,700,
09:33:33,50.0798,600,
09:33:35,50.07,200,
09:33:36,50.0403,100,
09:33:42,50.07,100,
09:33:42,50.07,100,
09:33:42,50.07,100,
09:33:43,50.09,100,
09:33:43,50.04,100,
09:33:45,50.05,300,
09:33:46,50.02,100,
09:33:47,50.01,320,
09:33:47,50,240,
09:33:48,49.9845,500,
09:33:49,50.001,100,
09:33:51,50.031,100,
09:33:52,50.03,300,
09:33:52,50.03,200,
09:33:52,50.03,200,
09:33:52,50.03,100,
09:33:52,50.03,200,
09:33:53,50.021,166,
09:33:57,50.025,100,
09:33:58,50.032,400,
09:33:58,50.03,300,
09:33:58,50.032,100,
09:33:59,50.03,300,
09:33:59,50.02,100,
09:33:59,50.01,200,
09:33:59,50.02,100,
09:33:59,50.03,300,
09:34:03,50.03,100,
09:34:03,50.0301,280,
09:34:04,50.0327,400,
09:34:05,50.03,200,
09:34:06,50.029,300,
09:34:06,50.03,300,
09:34:06,50.03,300,
09:34:06,50.01,100,
09:34:06,50.01,600,
09:34:06,50.01,100,
09:34:11,50.03,300,
09:34:14,50.03,300,
09:34:18,50.01,100,
09:34:19,50.013,200,
09:34:19,50.013,200,
09:34:19,50.013,100,
09:34:19,50.01,100,
09:34:19,50.01,100,
09:34:23,50.03,100,
09:34:23,50.03,300,
09:34:23,50.03,200,
09:34:24,50.0399,100,
09:34:24,50.0235,300,
09:34:24,50.01,100,
09:34:24,50.01,100,
09:34:24,50,100,
09:34:25,50.01,100,
09:34:27,50.01,300,
09:34:28,50.0298,3000,
09:34:35,50.03,100,
09:34:37,50.03,192,
09:34:41,50.03,300,
09:34:42,50.01,100,
09:34:43,50.016,300,
09:34:43,50.01,400,
09:34:44,50.01,600,
09:34:47,50.03,140,
09:34:49,50.0101,200,
09:34:51,50.02,300,
09:34:51,50.03,300,
09:34:56,50.011,115,
09:34:58,50,200,
09:34:58,50,400,
09:34:58,50.01,700,
09:34:58,50.01,100,
09:34:58,50,200,
09:35:00,50.01,100,
09:35:01,50.02,200,
09:35:02,50.01,200,
09:35:02,50.01,100,
09:35:02,50.01,300,
09:35:02,50.01,200,
09:35:02,50.01,100,
09:35:02,50.01,100,
09:35:02,50.01,100,
09:35:02,50.01,100,
09:35:02,50.01,300,
09:35:06,50,100,
09:35:09,50.008,100,
09:35:11,50,100,
09:35:11,49.99,300,
09:35:11,49.99,300,
09:35:11,49.97,100,
09:35:11,49.98,300,
09:35:12,49.991,200,
09:35:13,49.9781,100,
09:35:13,49.976,400,
09:35:15,49.9997,300,
09:35:15,49.97,100,
09:35:16,49.97,100,
09:35:16,49.97,200,
09:35:16,49.97,100,
09:35:16,49.96,100,
09:35:16,49.96,200,
09:35:16,49.97,100,
09:35:16,49.97,130,
09:35:16,49.973,300,
09:35:17,49.90,300,
09:35:17,49.90,300,
09:35:18,49.8802,100,
09:35:19,49.8801,100,
09:35:21,49.86,100,
09:35:21,49.8699,200,
09:35:21,49.84,100,
09:35:21,49.82,6734,
09:35:22,49.821,100,
09:35:22,49.889,2000,
09:35:26,49.80,100,
09:35:27,49.80,250,
09:35:27,49.77,600,
09:35:28,49.772,600,
09:35:28,49.76,100,
09:35:28,49.76,4050,
09:35:29,49.75,162,
09:35:29,49.75,100,
09:35:29,49.75,700,
09:35:29,49.76,700,
09:35:29,49.74,200,
09:35:29,49.73,300,
09:35:29,49.73,700,
09:35:29,49.73,300,
09:35:29,49.70,100,
09:35:29,49.71,1600,
09:35:30,49.75,200,
09:35:30,49.75,100,
09:35:31,49.7503,200,
09:35:31,49.7401,100,
09:35:31,49.74,100,
09:35:31,49.7401,200,
09:35:31,49.74,200,
09:35:31,49.74,100,
09:35:31,49.757,2000,
09:35:32,49.73,200,
09:35:32,49.73,200,
09:35:34,49.73,100,
09:35:36,49.71,100,
09:35:37,49.71,100,
09:35:37,49.73,100,
09:35:37,49.725,200,
09:35:37,49.71,100,
09:35:37,49.71,300,
09:35:37,49.71,100,
09:35:37,49.71,300,
09:35:37,49.712,1000,
09:35:38,49.73,100,
09:35:38,49.7236,100,
09:35:39,49.72,100,
09:35:40,49.72,100,
09:35:40,49.72,300,
09:35:40,49.72,100,
09:35:41,49.73,100,
09:35:41,49.72,100,
09:35:41,49.73,300,
09:35:41,49.72,100,
09:35:41,49.72,100,
09:35:41,49.72,100,
09:35:41,49.71,100,
09:35:41,49.71,100,
09:35:41,49.701,200,
09:35:43,49.77,100,
09:35:44,49.73,100,
09:35:44,49.73,100,
09:35:45,49.73,100,
09:35:45,49.7301,100,
09:35:45,49.7301,100,
09:35:46,49.759,200,
09:35:46,49.756,100,
09:35:49,49.758,400,
09:35:49,49.756,700,
09:35:52,49.74,100,
09:35:52,49.77,100,
09:35:52,49.77,100,
09:35:52,49.76,300,
09:35:52,49.78,700,
09:35:52,49.78,100,
09:35:52,49.79,100,
09:35:52,49.75,100,
09:35:52,49.75,100,
09:35:52,49.75,300,
09:35:52,49.75,100,
09:35:53,49.79,200,
09:35:53,49.79,100,
09:35:53,49.79,200,
09:35:53,49.79,100,
09:35:58,49.76,100,
09:35:59,49.73,100,
09:35:59,49.768,1000,
09:36:01,49.7484,170,
09:36:02,49.73,200,
09:36:02,49.72,100,
09:36:04,49.706,200,
09:36:07,49.73,300,
09:36:11,49.70,600,
09:36:11,49.7064,100,
09:36:11,49.7001,600,
09:36:13,49.719,100,
09:36:14,49.72,100,
09:36:17,49.70,400,
09:36:18,49.70,180,
09:36:22,49.688,100,
09:36:25,49.74,100,
09:36:27,49.72,100,
09:36:28,49.732,100,
09:36:31,49.70,300,
09:36:31,49.70,300,
09:36:35,49.70,300,
09:36:36,49.71,500,
09:36:36,49.71,100,
09:36:37,49.75,100,
09:36:37,49.73,100,
09:36:37,49.73,200,
09:36:37,49.73,200,
09:36:37,49.73,100,
09:36:37,49.71,100,
09:36:37,49.7369,100,
09:36:37,49.7353,100,
09:36:37,49.7227,200,
09:36:38,49.71,400,
09:36:38,49.71,1000,
09:36:38,49.71,100,
09:36:38,49.71,700,
09:36:38,49.71,100,
09:36:38,49.71,1400,
09:36:39,49.69,200,
09:36:47,49.711,100,
09:36:49,49.7699,1000,
09:36:50,49.788,400,
09:36:51,49.78,100,
09:36:54,49.79,300,
09:36:55,49.80,100,
09:36:58,49.7702,250,
09:37:00,49.772,200,
09:37:01,49.79,300,
09:37:01,49.7999,2030,
09:37:01,49.78,100,
09:37:02,49.784,200,
09:37:02,49.79,150,
09:37:08,49.754,100,
09:37:11,49.774,300,
09:37:15,49.71,500,
09:37:15,49.72,300,
09:37:15,49.72,1600,
09:37:16,49.73,200,
09:37:16,49.70,300,
09:37:17,49.69,100,
09:37:17,49.70,100,
09:37:17,49.70,100,
09:37:17,49.71,300,
09:37:24,49.67,700,
09:37:24,49.6701,200,
09:37:24,49.66,700,
09:37:29,49.66,100,
09:37:30,49.688,300,
09:37:31,49.69,200,
09:37:31,49.68,100,
09:37:35,49.69,1000,
09:37:41,49.6715,150,
09:37:44,49.67,100,
09:37:44,49.6701,1400,
09:37:44,49.65,200,
09:37:44,49.65,100,
09:37:48,49.65,100,
09:37:51,49.6464,200,
09:37:54,49.65,200,
09:37:54,49.6601,100,
09:37:54,49.6724,200,
09:37:54,49.6512,800,
09:37:57,49.62,100,
09:37:57,49.62,300,
09:37:58,49.61,1000,
09:37:59,49.58,300,
09:38:00,49.62,100,
09:38:03,49.6099,100,
09:38:03,49.61,300,
09:38:04,49.61,1800,
09:38:11,49.622,200,
09:38:13,49.628,400,
09:38:13,49.64,600,
09:38:13,49.65,900,
09:38:14,49.67,100,
09:38:16,49.66,100,
09:38:16,49.65,100,
09:38:18,49.68,100,
09:38:25,49.65,200,
09:38:32,49.69,100,
09:38:33,49.67,300,
09:38:33,49.67,100,
09:38:33,49.67,300,
09:38:33,49.67,100,
09:38:33,49.67,300,
09:38:36,49.68,100,
09:38:36,49.68,300,
09:38:36,49.6799,100,
09:38:36,49.6799,100,
09:38:41,49.644,800,
09:38:46,49.668,500,
09:38:49,49.69,100,
09:38:49,49.659,100,
09:38:53,49.62,530,
09:38:55,49.61,800,
09:38:55,49.61,100,
09:38:57,49.59,1700,
09:38:57,49.57,100,
09:38:57,49.5797,100,
09:38:58,49.58,100,
09:39:00,49.5693,110,
09:39:02,49.5699,100,
09:39:05,49.56,300,
09:39:08,49.58,300,
09:39:08,49.58,100,
09:39:08,49.58,300,
09:39:10,49.58,100,
09:39:10,49.58,200,
09:39:11,49.584,200,
09:39:13,49.5732,160,
09:39:17,49.63,300,
09:39:17,49.63,200,
09:39:17,49.63,300,
09:39:17,49.63,100,
09:39:17,49.63,300,
09:39:18,49.65,100,
09:39:18,49.64,300,
09:39:18,49.63,100,
09:39:18,49.65,100,
09:39:18,49.63,100,
09:39:18,49.64,1400,
09:39:18,49.65,100,
09:39:18,49.67,200,
09:39:18,49.67,200,
09:39:18,49.67,100,
09:39:18,49.67,100,
09:39:18,49.67,100,
09:39:18,49.67,200,
09:39:18,49.67,100,
09:39:18,49.67,100,
09:39:18,49.67,100,
09:39:18,49.63,100,
09:39:19,49.6435,100,
09:39:19,49.63,100,
09:39:19,49.63,300,
09:39:19,49.63,300,
09:39:19,49.63,300,
09:39:20,49.62,300,
09:39:20,49.61,700,
09:39:25,49.63,100,
09:39:25,49.64,600,
09:39:25,49.64,500,
09:39:25,49.63,400,
09:39:26,49.626,100,
09:39:29,49.65,200,
09:39:29,49.65,200,
09:39:29,49.65,100,
09:39:31,49.65,200,
09:39:31,49.65,100,
09:39:31,49.65,200,
09:39:31,49.65,300,
09:39:31,49.65,100,
09:39:31,49.65,300,
09:39:32,49.67,100,
09:39:32,49.67,300,
09:39:32,49.67,200,
09:39:38,49.672,100,
09:39:39,49.68,100,
09:39:40,49.70,115,
09:39:41,49.699,100,
09:39:41,49.699,300,
09:39:45,49.7036,188,
09:39:46,49.67,100,
09:39:46,49.68,200,
09:39:46,49.67,100,
09:39:46,49.67,100,
09:39:46,49.67,100,
09:39:51,49.66,100,
09:39:51,49.66,300,
09:39:51,49.64,200,
09:39:51,49.65,300,
09:39:51,49.65,300,
09:39:55,49.6736,200,
09:40:03,49.70,100,
09:40:06,49.6997,235,
09:40:08,49.67,100,
09:40:08,49.67,100,
09:40:08,49.67,100,
09:40:11,49.74,300,
09:40:11,49.74,100,
09:40:13,49.76,200,
09:40:13,49.75,100,
09:40:15,49.7448,200,
09:40:16,49.768,500,
09:40:17,49.77,100,
09:40:17,49.766,800,
09:40:18,49.75,200,
09:40:18,49.75,200,
09:40:19,49.78,150,
09:40:21,49.7764,1000,
09:40:22,49.7798,3500,
09:40:23,49.76,100,
09:40:23,49.76,100,
09:40:23,49.76,200,
09:40:23,49.76,100,
09:40:23,49.76,100,
09:40:23,49.76,100,
09:40:23,49.767,800,
09:40:25,49.78,300,
09:40:26,49.779,1900,
09:40:26,49.774,700,
09:40:27,49.7761,110,
09:40:29,49.776,900,
09:40:29,49.78,1400,
09:40:29,49.78,100,
09:40:29,49.78,400,
09:40:30,49.799,100,
09:40:32,49.8199,100,
09:40:33,49.82,100,
09:40:34,49.8289,200,
09:40:37,49.8398,800,
09:40:37,49.84,200,
09:40:37,49.84,200,
09:40:38,49.839,100,
09:40:41,49.8746,700,
09:40:41,49.82,1500,
09:40:44,49.86,900,
09:40:47,49.864,100,
09:40:50,49.8368,100,
09:40:53,49.86,100,
09:40:55,49.8499,350,
09:41:01,49.86,700,
09:41:01,49.86,100,
09:41:03,49.88,100,
09:41:04,49.90,100,
09:41:05,49.918,700,
09:41:09,49.9199,300,
09:41:12,49.89,300,
09:41:12,49.89,100,
09:41:12,49.89,100,
09:41:12,49.89,100,
09:41:12,49.89,100,
09:41:12,49.89,100,
09:41:13,49.89,100,
09:41:13,49.89,100,
09:41:13,49.89,100,
09:41:15,49.8815,600,
09:41:17,49.89,300,
09:41:17,49.89,100,
09:41:17,49.89,100,
09:41:17,49.91,200,
09:41:19,49.86,100,
09:41:19,49.84,100,
09:41:22,49.87,500,
09:41:25,49.8689,100,
09:41:32,49.87,300,
09:41:32,49.8402,800,
09:41:32,49.86,160,
09:41:34,49.86,200,
09:41:36,49.88,500,
09:41:39,49.8789,300,
09:41:43,49.8601,100,
09:41:43,49.86,100,
09:41:44,49.878,200,
09:41:49,49.89,300,
09:41:51,49.95,300,
09:41:53,49.954,500,
09:41:54,49.97,100,
09:41:54,49.97,300,
09:41:54,49.9798,1600,
09:41:55,49.97,100,
09:41:55,49.97,100,
09:41:55,49.97,100,
09:41:55,49.97,100,
09:41:55,49.97,200,
09:41:55,49.97,300,
09:41:55,49.97,200,
09:41:56,49.95,100,
09:41:56,49.95,300,
09:41:56,49.96,300,
09:41:56,49.97,250,
09:41:56,49.978,900,
09:41:57,49.921,172,
09:42:02,49.9597,800,
09:42:04,49.9502,3500,
09:42:09,49.97,100,
09:42:09,49.97,300,
09:42:10,49.99,100,
09:42:10,50,1000,
09:42:10,50,400,
09:42:13,50.02,300,
09:42:17,50.0696,100,
09:42:17,50.02,200,
09:42:17,50.02,100,
09:42:17,50.02,100,
09:42:17,50.02,200,
09:42:17,50.03,700,
09:42:17,50.07,200,
09:42:17,50.02,100,
09:42:17,50.06,200,
09:42:17,50.04,200,
09:42:20,50.066,200,
09:42:21,50.032,500,
09:42:22,50.07,500,
09:42:25,50.0508,100,
09:42:30,50.08,100,
09:42:30,50.08,100,
09:42:30,50.08,100,
09:42:30,50.08,100,
09:42:30,50.08,1700,
09:42:30,50.08,100,
09:42:30,50.08,110,
09:42:30,50.08,300,
09:42:31,50.0973,977,
09:42:32,50.10,174,
09:42:32,50.089,400,
09:42:33,50.10,100,
09:42:34,50.13,300,
09:42:34,50.13,200,
09:42:34,50.13,200,
09:42:35,50.138,100,
09:42:37,50.14,100,
09:42:39,50.156,300,
09:42:39,50.15,100,
09:42:39,50.14,300,
09:42:39,50.15,100,
09:42:39,50.15,300,
09:42:39,50.16,400,
09:42:41,50.16,900,
09:42:41,50.17,300,
09:42:41,50.20,300,
09:42:41,50.22,200,
09:42:41,50.21,300,
09:42:41,50.19,100,
09:42:41,50.19,100,
09:42:41,50.21,300,
09:42:41,50.24,200,
09:42:44,50.23,300,
09:42:44,50.20,400,
09:42:44,50.23,300,
09:42:44,50.24,300,
09:42:44,50.24,250,
09:42:44,50.24,200,
09:42:44,50.24,300,
09:42:44,50.24,300,
09:42:45,50.2498,100,
09:42:45,50.2499,395,
09:42:46,50.30,100,
09:42:46,50.28,100,
09:42:46,50.30,100,
09:42:46,50.30,100,
09:42:47,50.30,300,
09:42:47,50.33,100,
09:42:47,50.33,100,
09:42:48,50.322,200,
09:42:48,50.3159,100,
09:42:49,50.3261,413,
09:42:50,50.31,700,
09:42:50,50.30,300,
09:42:51,50.30,100,
09:42:53,50.321,200,
09:42:53,50.32,300,
09:42:53,50.32,100,
09:42:53,50.32,100,
09:42:53,50.32,100,
09:42:57,50.34,200,
09:42:57,50.31,100,
09:42:58,50.3203,100,
09:42:59,50.35,100,
09:43:03,50.33,100,
09:43:04,50.348,1000,
09:43:04,50.35,100,
09:43:05,50.36,700,
09:43:05,50.33,300,
09:43:05,50.33,100,
09:43:08,50.34,500,
09:43:08,50.34,330,
09:43:08,50.34,330,
09:43:08,50.34,200,
09:43:08,50.34,100,
09:43:08,50.342,387,
09:43:14,50.321,1000,
09:43:14,50.34,300,
09:43:14,50.34,100,
09:43:15,50.342,620,
09:43:15,50.32,100,
09:43:15,50.3256,100,
09:43:15,50.32,300,
09:43:15,50.3254,100,
09:43:15,50.3254,200,
09:43:15,50.32,100,
09:43:15,50.3254,100,
09:43:17,50.3025,100,
09:43:18,50.328,500,
09:43:20,50.30,100,
09:43:21,50.28,100,
09:43:21,50.28,100,
09:43:22,50.3099,500,
09:43:23,50.2935,100,
09:43:23,50.2989,1100,
09:43:29,50.30,150,
09:43:29,50.30,100,
09:43:29,50.314,100,
09:43:35,50.305,500,
09:43:37,50.3001,260,
09:43:38,50.25,600,
09:43:39,50.294,100,
09:43:39,50.24,3500,
09:43:41,50.24,100,
09:43:45,50.2327,1300,
09:43:45,50.231,200,
09:43:47,50.24,100,
09:43:47,50.23,100,
09:43:47,50.23,200,
09:43:47,50.24,100,
09:43:47,50.23,200,
09:43:47,50.20,500,
09:43:47,50.23,100,
09:43:48,50.234,400,
09:43:48,50.2216,400,
09:43:48,50.22,200,
09:43:48,50.22,100,
09:43:49,50.231,500,
09:43:49,50.23,100,
09:43:52,50.214,1000,
09:43:53,50.201,100,
09:43:54,50.2064,200,
09:43:56,50.18,150,
09:43:56,50.2098,3500,
09:43:57,50.209,500,
09:43:58,50.142,108,
09:44:00,50.182,500,
09:44:01,50.20,200,
09:44:02,50.20,250,
09:44:02,50.201,1000,
09:44:11,50.2498,134,
09:44:12,50.24,300,
09:44:12,50.24,300,
09:44:12,50.24,200,
09:44:12,50.25,300,
09:44:12,50.25,100,
09:44:12,50.26,300,
09:44:15,50.284,188,
09:44:20,50.30,700,
09:44:21,50.30,100,
09:44:21,50.29,300,
09:44:21,50.29,300,
09:44:21,50.29,100,
09:44:21,50.29,300,
09:44:21,50.29,100,
09:44:21,50.29,200,
09:44:21,50.29,200,
09:44:21,50.29,200,
09:44:28,50.27,100,
09:44:29,50.278,700,
09:44:30,50.26,100,
09:44:30,50.26,100,
09:44:30,50.26,100,
09:44:30,50.26,100,
09:44:30,50.26,100,
09:44:30,50.26,100,
09:44:30,50.26,100,
09:44:30,50.25,500,
09:44:30,50.24,100,
09:44:30,50.24,200,
09:44:30,50.24,100,
09:44:30,50.24,100,
09:44:32,50.259,100,
09:44:33,50.31,300,
09:44:36,50.33,100,
09:44:36,50.32,100,
09:44:36,50.33,100,
09:44:36,50.33,100,
09:44:36,50.33,100,
09:44:37,50.35,500,
09:44:39,50.37,300,
09:44:39,50.37,100,
09:44:40,50.37,200,
09:44:40,50.37,200,
09:44:40,50.37,1000,
09:44:41,50.37,200,
09:44:42,50.38,250,
09:44:42,50.38,100,
09:44:42,50.38,100,
09:44:42,50.38,300,
09:44:42,50.40,100,
09:44:42,50.40,162,
09:44:43,50.4202,3500,
09:44:43,50.42,100,
09:44:43,50.42,300,
09:44:43,50.43,100,
09:44:43,50.42,700,
09:44:43,50.42,300,
09:44:43,50.42,100,
09:44:43,50.42,200,
09:44:43,50.42,300,
09:44:43,50.4201,300,
09:44:44,50.43,100,
09:44:44,50.4101,500,
09:44:44,50.42,200,
09:44:44,50.4201,300,
09:44:45,50.396,225,
09:44:47,50.421,200,
09:44:47,50.422,875,
09:44:47,50.45,300,
09:44:48,50.46,300,
09:44:48,50.46,200,
09:44:48,50.46,300,
09:44:48,50.46,300,
09:44:48,50.46,100,
09:44:48,50.46,200,
09:44:48,50.45,140,
09:44:48,50.46,300,
09:44:50,50.471,271,
09:44:50,50.471,100,
09:44:51,50.471,100,
09:44:52,50.4764,300,
09:44:52,50.49,200,
09:44:54,50.48,300,
09:44:54,50.48,250,
09:44:59,50.48,300,
09:44:59,50.48,300,
09:44:59,50.48,300,
09:45:00,50.51,100,
09:45:00,50.50,200,
09:45:00,50.54,100,
09:45:00,50.51,100,
09:45:00,50.54,100,
09:45:00,50.52,300,
09:45:00,50.51,100,
09:45:01,50.54,100,
09:45:01,50.531,100,
09:45:01,50.54,100,
09:45:01,50.54,200,
09:45:01,50.53,200,
09:45:01,50.53,100,
09:45:01,50.53,200,
09:45:01,50.5311,100,
09:45:01,50.54,100,
09:45:02,50.54,200,
09:45:02,50.56,300,
09:45:02,50.56,100,
09:45:02,50.56,300,
09:45:03,50.56,200,
09:45:03,50.56,200,
09:45:03,50.57,300,
09:45:03,50.57,100,
09:45:03,50.57,300,
09:45:03,50.60,100,
09:45:03,50.60,200,
09:45:03,50.595,150,
09:45:03,50.59,200,
09:45:03,50.59,100,
09:45:03,50.59,100,
09:45:04,50.58,100,
09:45:04,50.59,100,
09:45:04,50.609,500,
09:45:05,50.63,100,
09:45:05,50.63,100,
09:45:05,50.63,231,
09:45:05,50.63,300,
09:45:05,50.63,100,
09:45:05,50.63,100,
09:45:05,50.63,200,
09:45:05,50.63,100,
09:45:07,50.63,200,
09:45:07,50.62,700,
09:45:07,50.63,2800,
09:45:07,50.63,2300,
09:45:09,50.62,900,
09:45:10,50.62,700,
09:45:10,50.62,100,
09:45:12,50.62,500,
09:45:13,50.62,300,
09:45:14,50.601,200,
09:45:14,50.60,200,
09:45:14,50.602,500,
09:45:16,50.615,400,
09:45:18,50.6236,400,
09:45:19,50.6201,100,
09:45:20,50.6201,100,
09:45:20,50.62,100,
09:45:20,50.621,500,
09:45:20,50.635,1000,
09:45:21,50.64,100,
09:45:22,50.63,300,
09:45:23,50.641,100,
09:45:26,50.69,100,
09:45:26,50.69,100,
09:45:26,50.68,300,
09:45:26,50.68,200,
09:45:26,50.67,300,
09:45:26,50.67,200,
09:45:26,50.66,300,
09:45:26,50.69,100,
09:45:26,50.69,100,
09:45:26,50.69,100,
09:45:26,50.69,300,
09:45:26,50.71,100,
09:45:26,50.71,300,
09:45:26,50.72,100,
09:45:26,50.70,300,
09:45:26,50.70,100,
09:45:27,50.7011,250,
09:45:27,50.68,100,
09:45:27,50.72,300,
09:45:28,50.70,300,
09:45:28,50.70,300,
09:45:29,50.72,200,
09:45:29,50.71,100,
09:45:29,50.71,200,
09:45:29,50.71,300,
09:45:29,50.72,200,
09:45:29,50.72,100,
09:45:29,50.72,700,
09:45:29,50.7197,100,
09:45:30,50.72,200,
09:45:30,50.72,100,
09:45:30,50.7199,300,
09:45:31,50.718,600,
09:45:32,50.728,400,
09:45:32,50.75,100,
09:45:33,50.74,300,
09:45:35,50.7484,300,
09:45:35,50.75,199,
09:45:35,50.75,300,
09:45:35,50.75,300,
09:45:35,50.74,100,
09:45:36,50.75,100,
09:45:36,50.748,150,
09:45:38,50.77,300,
09:45:40,50.77,600,
09:45:41,50.7699,500,
09:45:42,50.76,100,
09:45:42,50.769,200,
09:45:42,50.75,700,
09:45:42,50.75,200,
09:45:42,50.75,200,
09:45:43,50.75,100,
09:45:43,50.75,200,
09:45:43,50.75,300,
09:45:43,50.75,700,
09:45:43,50.75,200,
09:45:43,50.76,8000,
09:45:44,50.76,100,
09:45:44,50.76,100,
09:45:44,50.76,100,
09:45:44,50.76,100,
09:45:44,50.76,100,
09:45:44,50.755,395,
09:45:44,50.78,100,
09:45:44,50.78,100,
09:45:44,50.78,100,
09:45:44,50.7899,500,
09:45:46,50.79,500,
09:45:46,50.7899,500,
09:45:47,50.781,100,
09:45:48,50.79,100,
09:45:48,50.80,913,
09:45:49,50.8001,100,
09:45:49,50.79,100,
09:45:50,50.79,700,
09:45:51,50.77,600,
09:45:51,50.81,100,
09:45:52,50.81,200,
09:45:55,50.8102,100,
09:45:55,50.86,326,
09:45:56,50.85,100,
09:45:56,50.85,200,
09:45:56,50.86,200,
09:45:56,50.84,700,
09:45:56,50.83,100,
09:45:57,50.82,100,
09:45:57,50.844,400,
09:45:57,50.825,800,
09:45:58,50.8496,100,
09:45:59,50.8489,1000,
09:45:59,50.8599,100,
09:46:00,50.844,100,
09:46:02,50.88,200,
09:46:02,50.87,100,
09:46:06,50.90,200,
09:46:06,50.90,200,
09:46:08,50.9099,200,
09:46:10,50.89,100,
09:46:10,50.87,400,
09:46:10,50.89,100,
09:46:10,50.85,700,
09:46:11,50.8772,200,
09:46:12,50.8799,2000,
09:46:12,50.88,100,
09:46:12,50.88,300,
09:46:12,50.89,100,
09:46:12,50.8738,100,
09:46:13,50.86,200,
09:46:13,50.86,100,
09:46:14,50.8575,100,
09:46:16,50.86,300,
09:46:16,50.86,300,
09:46:17,50.86,300,
09:46:17,50.86,700,
09:46:17,50.86,100,
09:46:17,50.86,100,
09:46:18,50.89,100,
09:46:18,50.874,100,
09:46:19,50.928,600,
09:46:20,50.93,100,
09:46:20,50.93,100,
09:46:20,50.93,100,
09:46:22,50.93,100,
09:46:22,50.93,100,
09:46:23,50.93,300,
09:46:23,50.95,900,
09:46:24,50.948,1000,
09:46:24,50.938,100,
09:46:25,50.92,700,
09:46:25,50.9173,1695,
09:46:26,50.89,200,
09:46:26,50.88,700,
09:46:26,50.88,200,
09:46:26,50.89,200,
09:46:26,50.89,100,
09:46:26,50.89,100,
09:46:26,50.89,200,
09:46:26,50.91,100,
09:46:28,50.91,100,
09:46:28,50.92,100,
09:46:28,50.90,200,
09:46:29,50.8828,1300,
09:46:30,50.90,100,
09:46:30,50.912,100,
09:46:30,50.90,200,
09:46:30,50.90,300,
09:46:30,50.90,100,
09:46:30,50.90,200,
09:46:30,50.90,200,
09:46:31,50.90,2600,
09:46:32,50.89,471,
09:46:32,50.89,629,
09:46:32,50.89,271,
09:46:32,50.89,329,
09:46:32,50.90,200,
09:46:32,50.90,700,
09:46:33,50.89,700,
09:46:33,50.89,100,
09:46:35,50.88,280,
09:46:35,50.88,220,
09:46:36,50.88,700,
09:46:36,50.882,4700,
09:46:37,50.88,100,
09:46:39,50.8401,900,
09:46:39,50.87,200,
09:46:39,50.858,500,
09:46:40,50.84,300,
09:46:40,50.84,200,
09:46:41,50.82,100,
09:46:41,50.81,100,
09:46:42,50.81,100,
09:46:42,50.846,550,
09:46:43,50.821,200,
09:46:44,50.85,300,
09:46:45,50.8402,100,
09:46:45,50.84,100,
09:46:46,50.8403,108,
09:46:47,50.8401,300,
09:46:50,50.879,200,
09:46:54,50.89,100,
09:46:54,50.89,160,
09:46:57,50.881,300,
09:47:02,50.8901,100,
09:47:03,50.92,200,
09:47:03,50.93,200,
09:47:04,50.919,144,
09:47:05,50.9102,150,
09:47:08,50.91,200,
09:47:13,50.915,400,
09:47:13,50.90,1000,
09:47:15,50.901,2000,
09:47:16,50.88,300,
09:47:16,50.88,300,
09:47:16,50.87,700,
09:47:16,50.87,300,
09:47:16,50.86,400,
09:47:16,50.91,200,
09:47:16,50.89,100,
09:47:16,50.93,100,
09:47:16,50.93,100,
09:47:16,50.93,300,
09:47:16,50.92,200,
09:47:16,50.92,200,
09:47:16,50.97,200,
09:47:16,50.97,300,
09:47:16,50.89,100,
09:47:16,50.95,100,
09:47:17,50.92,100,
09:47:17,50.92,600,
09:47:17,50.92,100,
09:47:17,50.90,100,
09:47:17,50.90,300,
09:47:17,50.91,100,
09:47:17,50.91,200,
09:47:17,50.91,300,
09:47:17,50.91,300,
09:47:17,50.92,100,
09:47:17,50.88,100,
09:47:17,50.90,100,
09:47:17,50.88,200,
09:47:17,50.89,100,
09:47:17,50.88,300,
09:47:17,50.8944,100,
09:47:17,50.90,100,
09:47:17,50.887,100,
09:47:18,50.91,300,
09:47:18,50.86,2500,
09:47:21,50.902,100,
09:47:23,50.901,150,
09:47:26,50.9136,844,
09:47:26,50.901,500,
09:47:27,50.90,1000,
09:47:28,50.92,300,
09:47:29,50.92,500,
09:47:30,50.911,100,
09:47:31,50.91,200,
09:47:34,50.922,700,
09:47:34,50.928,300,
09:47:35,50.91,100,
09:47:37,50.9172,200,
09:47:38,50.94,300,
09:47:38,50.9318,100,
09:47:38,50.9319,100,
09:47:38,50.9319,100,
09:47:38,50.936,100,
09:47:38,50.936,100,
09:47:38,50.92,100,
09:47:38,50.9337,100,
09:47:38,50.91,300,
09:47:38,50.91,200,
09:47:38,50.91,300,
09:47:38,50.91,700,
09:47:38,50.91,100,
09:47:39,50.91,100,
09:47:39,50.91,300,
09:47:39,50.91,400,
09:47:42,50.92,300,
09:47:44,50.94,100,
09:47:45,50.9654,100,
09:47:46,50.95,100,
09:47:47,50.97,2890,
09:47:50,50.951,200,
09:47:52,50.96,700,
09:47:53,50.93,100,
09:47:53,50.9299,100,
09:48:01,50.93,200,
09:48:01,50.94,200,
09:48:02,50.97,300,
09:48:02,50.95,200,
09:48:02,50.95,100,
09:48:06,50.93,400,
09:48:06,50.932,900,
09:48:06,50.932,200,
09:48:11,50.9311,100,
09:48:11,50.96,300,
09:48:12,50.934,2000,
09:48:13,50.971,200,
09:48:17,50.988,200,
09:48:19,50.97,100,
09:48:19,50.97,100,
09:48:19,50.9754,300,
09:48:19,50.97,100,
09:48:20,50.9761,100,
09:48:24,50.971,1000,
09:48:25,50.951,500,
09:48:27,50.95,700,
09:48:27,50.953,900,
09:48:28,50.95,200,
09:48:28,50.95,500,
09:48:28,50.95,300,
09:48:29,50.95,300,
09:48:30,50.966,1000,
09:48:30,50.93,100,
09:48:30,50.93,300,
09:48:31,50.931,200,
09:48:33,50.93,700,
09:48:34,50.935,100,
09:48:36,50.921,100,
09:48:36,50.921,100,
09:48:38,50.92,100,
09:48:38,50.92,200,
09:48:38,50.92,300,
09:48:39,50.911,200,
09:48:40,50.93,100,
09:48:40,50.93,100,
09:48:40,50.93,100,
09:48:40,50.91,300,
09:48:42,50.95,100,
09:48:42,50.95,100,
09:48:42,50.95,256,
09:48:42,50.921,100,
09:48:48,50.93,200,
09:48:48,50.93,100,
09:48:48,50.93,200,
09:48:48,50.93,300,
09:48:48,50.9301,3171,
09:48:49,50.93,100,
09:48:50,50.93,600,
09:48:51,50.921,100,
09:48:52,50.911,200,
09:48:52,50.93,100,
09:48:52,50.93,170,
09:48:53,50.93,300,
09:48:54,50.93,700,
09:48:54,50.91,200,
09:48:54,50.91,700,
09:48:54,50.91,300,
09:48:54,50.91,200,
09:48:54,50.91,300,
09:48:54,50.91,100,
09:48:54,50.91,300,
09:48:55,50.91,100,
09:48:55,50.91,400,
09:48:55,50.912,1500,
09:48:55,50.91,100,
09:48:55,50.91,200,
09:48:55,50.911,100,
09:48:57,50.90,1000,
09:48:58,50.89,100,
09:48:58,50.89,200,
09:48:58,50.8968,200,
09:48:59,50.8701,100,
09:49:01,50.89,600,
09:49:03,50.871,100,
09:49:03,50.8702,100,
09:49:03,50.874,300,
09:49:04,50.874,100,
09:49:04,50.874,100,
09:49:04,50.88,500,
09:49:04,50.882,800,
09:49:06,50.864,420,
09:49:09,50.89,200,
09:49:09,50.89,400,
09:49:09,50.886,1000,
09:49:10,50.871,500,
09:49:11,50.92,300,
09:49:11,50.92,100,
09:49:11,50.92,200,
09:49:11,50.91,200,
09:49:11,50.89,300,
09:49:11,50.89,600,
09:49:11,50.89,100,
09:49:11,50.89,100,
09:49:12,50.91,100,
09:49:12,50.91,100,
09:49:15,50.89,700,
09:49:16,50.90,300,
09:49:17,50.89,400,
09:49:18,50.90,120,
09:49:18,50.92,200,
09:49:18,50.92,300,
09:49:18,50.92,300,
09:49:22,50.91,110,
09:49:22,50.91,100,
09:49:23,50.91,400,
09:49:25,50.91,900,
09:49:25,50.91,150,
09:49:25,50.922,100,
09:49:25,50.9196,100,
09:49:32,50.9121,400,
09:49:33,50.91,200,
09:49:33,50.91,200,
09:49:33,50.9299,1000,
09:49:34,50.891,200,
09:49:39,50.892,500,
09:49:39,50.92,500,
09:49:40,50.92,100,
09:49:43,50.92,100,
09:49:43,50.92,200,
09:49:43,50.92,100,
09:49:49,50.894,1388,
09:49:52,50.91,100,
09:49:52,50.94,200,
09:49:52,50.92,100,
09:49:57,50.908,100,
09:49:59,50.901,150,
09:50:00,50.90,200,
09:50:01,50.91,700,
09:50:04,50.891,2000,
09:50:07,50.89,800,
09:50:09,50.911,100,
09:50:11,50.94,200,
09:50:11,50.94,200,
09:50:13,50.931,100,
09:50:13,50.93,100,
09:50:13,50.93,300,
09:50:13,50.93,100,
09:50:14,50.95,1000,
09:50:14,50.94,100,
09:50:15,50.93,200,
09:50:15,50.93,100,
09:50:15,50.941,100,
09:50:16,50.941,100,
09:50:17,50.93,200,
09:50:17,50.93,100,
09:50:17,50.93,200,
09:50:17,50.93,200,
09:50:21,50.9359,760,
09:50:21,50.911,200,
09:50:22,50.93,200,
09:50:22,50.93,200,
09:50:22,50.91,100,
09:50:22,50.91,700,
09:50:26,50.96,100,
09:50:26,50.96,200,
09:50:26,50.96,200,
09:50:26,50.97,100,
09:50:26,50.98,100,
09:50:26,50.97,200,
09:50:26,50.97,200,
09:50:26,50.97,100,
09:50:26,50.97,100,
09:50:26,50.99,300,
09:50:26,51,400,
09:50:26,51,100,
09:50:26,51,150,
09:50:26,51,570,
09:50:26,50.98,500,
09:50:26,51,100,
09:50:26,51,100,
09:50:26,51,210,
09:50:26,51,180,
09:50:26,51,100,
09:50:27,50.97,200,
09:50:27,50.96,100,
09:50:27,50.95,300,
09:50:27,51,100,
09:50:29,51,100,
09:50:31,50.97,700,
09:50:37,50.9701,2200,
09:50:37,50.98,300,
09:50:37,50.98,200,
09:50:39,50.985,200,
09:50:39,50.97,700,
09:50:41,50.971,150,
09:50:42,50.95,139,
09:50:45,50.9673,500,
09:50:48,50.9589,200,
09:50:52,50.92,200,
09:50:52,50.92,400,
09:50:59,50.95,1000,
09:50:59,50.95,1100,
09:51:00,50.949,100,
09:51:01,50.93,200,
09:51:08,50.90,1000,
09:51:12,50.87,300,
09:51:15,50.83,100,
09:51:16,50.821,600,
09:51:16,50.831,300,
09:51:16,50.831,100,
09:51:16,50.831,100,
09:51:20,50.83,200,
09:51:20,50.86,100,
09:51:20,50.83,100,
09:51:20,50.83,100,
09:51:21,50.83,100,
09:51:21,50.83,300,
09:51:21,50.83,200,
09:51:21,50.83,200,
09:51:21,50.83,100,
09:51:22,50.831,200,
09:51:27,50.82,300,
09:51:27,50.8254,300,
09:51:30,50.85,100,
09:51:30,50.85,100,
09:51:30,50.85,100,
09:51:30,50.85,100,
09:51:30,50.85,100,
09:51:30,50.831,100,
09:51:34,50.83,100,
09:51:35,50.8302,854,
09:51:36,50.82,200,
09:51:41,50.80,100,
09:51:41,50.80,300,
09:51:41,50.79,200,
09:51:41,50.791,300,
09:51:41,50.791,900,
09:51:42,50.79,100,
09:51:42,50.8003,100,
09:51:42,50.79,200,
09:51:42,50.79,100,
09:51:42,50.791,200,
09:51:43,50.801,100,
09:51:43,50.811,100,
09:51:45,50.82,100,
09:51:45,50.82,600,
09:51:50,50.801,100,
09:51:51,50.801,300,
09:51:53,50.82,100,
09:51:58,50.824,100,
09:51:59,50.80,700,
09:51:59,50.80,200,
09:51:59,50.81,200,
09:51:59,50.81,300,
09:51:59,50.81,300,
09:51:59,50.80,200,
09:52:00,50.781,100,
09:52:01,50.80,700,
09:52:01,50.80,300,
09:52:01,50.80,300,
09:52:01,50.80,200,
09:52:02,50.79,100,
09:52:06,50.781,300,
09:52:07,50.78,200,
09:52:07,50.78,700,
09:52:07,50.79,100,
09:52:09,50.7802,224,
09:52:19,50.82,200,
09:52:19,50.809,2000,
09:52:26,50.85,100,
09:52:29,50.861,1200,
09:52:33,50.85,300,
09:52:36,50.90,100,
09:52:36,50.90,200,
09:52:38,50.8803,100,
09:52:39,50.89,200,
09:52:39,50.89,300,
09:52:39,50.89,300,
09:52:39,50.88,100,
09:52:40,50.88,100,
09:52:43,50.868,500,
09:52:45,50.8752,274,
09:52:48,50.84,300,
09:52:48,50.842,600,
09:52:49,50.87,100,
09:52:49,50.87,400,
09:52:49,50.87,300,
09:52:49,50.89,100,
09:52:49,50.89,200,
09:52:49,50.86,200,
09:52:49,50.86,100,
09:52:51,50.865,500,
09:52:52,50.844,300,
09:52:56,50.84,200,
09:52:56,50.84,100,
09:52:56,50.84,100,
09:52:56,50.84,100,
09:52:56,50.86,100,
09:52:56,50.85,100,
09:52:57,50.8599,200,
09:53:00,50.85,200,
09:53:06,50.85,200,
09:53:09,50.86,100,
09:53:10,50.84,200,
09:53:13,50.85,100,
09:53:16,50.91,300,
09:53:17,50.905,200,
09:53:22,50.919,100,
09:53:32,50.89,300,
09:53:32,50.89,300,
09:53:32,50.89,200,
09:53:41,50.92,400,
09:53:41,50.9035,288,
09:53:42,50.91,100,
09:53:42,50.91,300,
09:53:42,50.916,300,
09:53:42,50.92,100,
09:53:46,50.95,300,
09:53:46,50.95,200,
09:53:49,50.95,700,
09:53:49,50.94,200,
09:53:49,50.9411,500,
09:53:50,50.9473,250,
09:53:54,50.94,100,
09:53:54,50.95,300,
09:53:54,50.94,100,
09:53:54,50.94,300,
09:53:54,50.94,200,
09:53:54,50.95,100,
09:53:55,50.94,700,
09:53:55,50.94,700,
09:53:55,50.94,300,
09:53:55,50.95,1100,
09:53:58,50.93,700,
09:54:00,50.92,100,
09:54:01,50.911,100,
09:54:01,50.91,300,
09:54:02,50.891,1900,
09:54:02,50.9198,2500,
09:54:07,50.9345,1000,
09:54:10,50.95,100,
09:54:10,50.95,200,
09:54:10,50.95,200,
09:54:10,50.94,100,
09:54:10,50.94,200,
09:54:10,50.96,200,
09:54:10,50.97,300,
09:54:10,50.96,200,
09:54:10,50.96,100,
09:54:10,50.96,100,
09:54:10,50.96,100,
09:54:10,50.97,100,
09:54:10,50.97,300,
09:54:10,50.96,100,
09:54:10,50.96,200,
09:54:10,50.95,100,
09:54:10,50.96,300,
09:54:10,51,100,
09:54:10,50.96,100,
09:54:10,50.96,700,
09:54:10,50.96,300,
09:54:10,50.96,200,
09:54:10,50.96,300,
09:54:10,50.95,300,
09:54:10,50.95,200,
09:54:10,50.95,200,
09:54:10,50.94,200,
09:54:10,50.94,100,
09:54:10,50.93,100,
09:54:10,50.92,100,
09:54:10,50.93,100,
09:54:13,50.9101,200,
09:54:13,50.911,415,
09:54:13,50.90,100,
09:54:13,50.89,100,
09:54:13,50.89,300,
09:54:13,50.92,200,
09:54:17,50.931,1175,
09:54:22,50.946,400,
09:54:22,50.97,200,
09:54:22,50.97,200,
09:54:22,50.99,100,
09:54:22,51,1000,
09:54:22,51,250,
09:54:23,50.98,700,
09:54:23,50.98,300,
09:54:23,50.98,300,
09:54:25,50.96,100,
09:54:26,50.98,100,
09:54:26,50.98,300,
09:54:26,50.96,200,
09:54:26,50.96,200,
09:54:26,50.96,100,
09:54:26,50.96,100,
09:54:26,50.96,100,
09:54:26,50.96,300,
09:54:27,50.9692,100,
09:54:31,50.96,1400,
09:54:31,50.961,390,
09:54:35,50.98,100,
09:54:39,50.9676,158,
09:54:42,50.99,100,
09:54:45,50.988,100,
09:54:46,50.974,1000,
09:54:49,50.969,100,
09:54:50,50.95,200,
09:54:57,50.98,200,
09:55:00,50.98,300,
09:55:00,50.98,300,
09:55:00,50.98,100,
09:55:00,50.98,100,
09:55:00,50.98,100,
09:55:00,50.98,200,
09:55:00,50.98,100,
09:55:00,50.98,100,
09:55:00,50.9898,100,
09:55:00,50.98,200,
09:55:00,50.99,100,
09:55:01,51.01,200,
09:55:01,51.01,100,
09:55:01,51,115,
09:55:01,51,250,
09:55:03,50.98,300,
09:55:06,51.0021,300,
09:55:08,51,200,
09:55:08,50.98,200,
09:55:08,50.98,200,
09:55:08,50.98,100,
09:55:08,50.98,200,
09:55:08,50.97,200,
09:55:10,50.9989,200,
09:55:10,51,325,
09:55:19,51.012,500,
09:55:24,51.02,100,
09:55:24,51.02,100,
09:55:24,51.0222,400,
09:55:26,51,200,
09:55:26,51,100,
09:55:26,51,200,
09:55:26,51,200,
09:55:26,51,700,
09:55:26,51,300,
09:55:26,51,100,
09:55:26,51,100,
09:55:28,51.001,160,
09:55:36,50.98,300,
09:55:45,50.962,1000,
09:55:46,50.99,300,
09:55:46,50.99,100,
09:55:46,51,100,
09:55:47,50.996,1000,
09:55:53,50.91,200,
09:55:53,50.91,200,
09:55:54,50.90,100,
09:55:58,50.9399,200,
09:55:59,50.902,200,
09:56:03,50.941,100,
09:56:05,50.96,1300,
09:56:10,50.94,100,
09:56:15,50.97,100,
09:56:18,50.9301,1800,
09:56:26,50.97,200,
09:56:26,50.97,200,
09:56:26,50.99,100,
09:56:26,50.97,100,
09:56:32,50.961,1000,
09:56:43,50.9999,500,
09:56:50,50.98,300,
09:56:50,50.98,100,
09:56:50,50.98,200,
09:56:52,50.98,100,
09:56:53,50.99,100,
09:56:56,50.981,1900,
09:56:56,50.98,300,
09:56:56,50.98,300,
09:56:57,50.99,600,
09:56:58,51,200,
09:56:58,51,200,
09:56:58,51,100,
09:56:58,51,100,
09:56:58,51.02,200,
09:57:00,51,100,
09:57:02,50.97,200,
09:57:05,50.96,100,
09:57:05,50.96,100,
09:57:05,50.961,100,
09:57:10,50.9611,500,
09:57:14,51,157,
09:57:16,51.012,2000,
09:57:17,51.012,900,
09:57:17,50.998,493,
09:57:17,50.9399,100,
09:57:18,50.90,200,
09:57:19,50.90,100,
09:57:20,50.90,100,
09:57:21,50.87,200,
09:57:30,50.87,100,
09:57:34,50.89,100,
09:57:34,50.89,100,
09:57:34,50.8902,1300,
09:57:45,50.9281,100,
09:57:48,50.94,100,
09:57:49,50.98,200,
09:57:53,50.9686,166,
09:57:57,50.95,300,
09:57:57,50.952,800,
09:57:58,50.9596,300,
09:57:59,50.958,100,
09:58:02,50.95,100,
09:58:02,50.952,200,
09:58:08,50.9443,1000,
09:58:10,50.94,300,
09:58:15,50.90,200,
09:58:23,50.89,100,
09:58:27,50.872,800,
09:58:38,50.872,100,
09:58:50,50.841,200,
09:58:50,50.83,200,
09:58:52,50.821,600,
09:58:57,50.81,200,
09:59:01,50.81,150,
09:59:01,50.8111,150,
09:59:01,50.85,100,
09:59:02,50.80,1000,
09:59:17,50.8313,181,
09:59:23,50.821,200,
09:59:23,50.82,300,
09:59:33,50.8067,500,
09:59:35,50.85,100,
09:59:35,50.84,200,
09:59:38,50.82,300,
09:59:38,50.81,400,
09:59:39,50.8214,800,
09:59:43,50.801,100,
09:59:50,50.79,100,
09:59:50,50.82,200,
09:59:51,50.77,100,
09:59:53,50.75,100,
09:59:53,50.75,100,
09:59:54,50.75,200,
09:59:54,50.83,1600,
09:59:54,50.83,2300,
09:59:55,50.782,200,
09:59:58,50.86,1025,
10:00:01,51.03,250,
10:00:01,50.94,200,
10:00:02,51.03,200,
10:00:02,51.05,1000,
10:00:06,51.03,100,
10:00:06,50.98,500,
10:00:06,50.992,300,
10:00:06,50.992,600,
10:00:06,50.9944,300,
10:00:06,51.01,100,
10:00:06,51.03,300,
10:00:07,51.032,400,
10:00:09,50.98,100,
10:00:09,51.02,500,
10:00:09,51,182,
10:00:09,51,100,
10:00:09,51.05,300,
10:00:09,51.05,200,
10:00:09,51.05,300,
10:00:10,51.02,300,
10:00:10,51.02,200,
10:00:10,51.04,100,
10:00:11,51.05,100,
10:00:11,51.06,100,
10:00:11,51.07,100,
10:00:12,51.04,300,
10:00:12,51.03,100,
10:00:13,51.026,300,
10:00:13,51.07,100,
10:00:13,51.09,300,
10:00:13,51.06,300,
10:00:13,51.09,100,
10:00:13,51.05,500,
10:00:13,51.05,300,
10:00:13,51.05,300,
10:00:13,51.05,300,
10:00:13,51.06,300,
10:00:13,51.06,300,
10:00:13,51.05,200,
10:00:14,51.02,300,
10:00:14,51.01,300,
10:00:15,51.01,100,
10:00:15,51.01,100,
10:00:16,51.02,100,
10:00:17,51.0097,200,
10:00:19,50.98,100,
10:00:19,50.98,100,
10:00:22,50.96,100,
10:00:26,50.978,100,
10:00:32,50.97,700,
10:00:34,50.95,100,
10:00:39,50.94,100,
10:00:39,50.922,1300,
10:00:40,50.96,100,
10:00:40,50.96,100,
10:00:43,51,100,
10:00:43,51,196,
10:00:43,50.99,100,
10:00:43,51.0099,100,
10:00:44,50.98,400,
10:00:44,51.006,500,
10:00:46,51.001,300,
10:00:47,51.0076,500,
10:00:47,51.01,100,
10:00:49,51.03,200,
10:00:49,51.03,328,
10:00:49,51.03,172,
10:00:50,51.02,372,
10:00:51,51.0001,100,
10:00:52,51.03,500,
10:00:52,51.0062,100,
10:00:52,51.03,500,
10:00:53,51.03,500,
10:00:55,51.026,350,
10:00:57,51.05,200,
10:00:57,51.07,300,
10:00:57,51.06,200,
10:00:57,51.07,100,
10:00:57,51.04,500,
10:00:57,51.05,100,
10:00:57,51.04,100,
10:00:58,51.04,2000,
10:00:59,51.05,2000,
10:01:01,51.02,400,
10:01:01,51.02,100,
10:01:02,50.99,300,
10:01:02,50.99,200,
10:01:02,50.99,100,
10:01:03,51.01,200,
10:01:03,51.03,100,
10:01:04,51.03,300,
10:01:04,51.03,100,
10:01:08,51.0101,300,
10:01:11,51.0399,100,
10:01:16,51.01,200,
10:01:17,51.0198,100,
10:01:22,51.03,500,
10:01:26,51,200,
10:01:28,51.01,100,
10:01:33,50.9952,250,
10:01:35,50.981,100,
10:01:37,50.996,390,
10:01:39,51.04,100,
10:01:44,51.026,200,
10:01:45,51.10,200,
10:01:45,51.10,100,
10:01:45,51.09,100,
10:01:45,51.09,200,
10:01:45,51.10,300,
10:01:45,51.10,300,
10:01:46,51.11,300,
10:01:46,51.09,201,
10:01:46,51.10,1100,
10:01:46,51.10,200,
10:01:48,51.08,200,
10:01:49,51.08,100,
10:01:50,51.08,100,
10:01:50,51.08,200,
10:01:50,51.08,500,
10:01:50,51.09,100,
10:01:52,51.10,100,
10:01:53,51.11,200,
10:01:53,51.11,300,
10:01:53,51.10,100,
10:01:53,51.10,100,
10:01:53,51.10,600,
10:01:53,51.10,200,
10:01:55,51.15,200,
10:01:55,51.15,300,
10:01:55,51.12,380,
10:01:55,51.15,250,
10:01:56,51.18,100,
10:01:57,51.176,200,
10:01:59,51.158,400,
10:02:00,51.16,100,
10:02:03,51.18,300,
10:02:04,51.17,200,
10:02:04,51.17,200,
10:02:04,51.1889,1000,
10:02:08,51.186,1000,
10:02:09,51.17,100,
10:02:09,51.17,100,
10:02:09,51.17,500,
10:02:09,51.17,200,
10:02:09,51.17,200,
10:02:09,51.16,700,
10:02:11,51.18,500,
10:02:11,51.17,300,
10:02:11,51.16,700,
10:02:14,51.155,500,
10:02:14,51.12,200,
10:02:17,51.17,100,
10:02:18,51.131,500,
10:02:20,51.13,200,
10:02:25,51.05,100,
10:02:25,51.05,100,
10:02:25,51.06,500,
10:02:25,51.041,100,
10:02:26,51.06,100,
10:02:26,51.06,100,
10:02:26,51.07,300,
10:02:28,51.0401,1600,
10:02:30,51.0348,400,
10:02:33,51.04,100,
10:02:36,51.03,300,
10:02:36,51.03,200,
10:02:36,51.02,100,
10:02:37,51,500,
10:02:37,50.98,100,
10:02:37,50.98,200,
10:02:37,50.98,100,
10:02:37,50.98,300,
10:02:37,50.98,200,
10:02:37,50.98,700,
10:02:37,50.99,300,
10:02:37,50.97,100,
10:02:37,50.97,356,
10:02:39,50.9603,100,
10:02:39,50.971,300,
10:02:39,50.99,100,
10:02:39,51,200,
10:02:39,51.01,100,
10:02:39,51.02,100,
10:02:39,51.01,200,
10:02:39,51.01,100,
10:02:39,51.01,100,
10:02:39,51.01,100,
10:02:39,51.01,500,
10:02:39,51.01,300,
10:02:39,51.02,200,
10:02:39,51.03,300,
10:02:39,51.03,500,
10:02:39,51.03,200,
10:02:39,51.02,100,
10:02:39,51.01,200,
10:02:39,51.03,100,
10:02:39,51.02,100,
10:02:39,51.04,300,
10:02:39,51.03,100,
10:02:39,51.03,300,
10:02:39,51.03,300,
10:02:39,51.05,100,
10:02:39,51.05,200,
10:02:39,51.05,300,
10:02:39,51.05,100,
10:02:39,51.05,200,
10:02:39,51.05,100,
10:02:39,51.05,200,
10:02:39,51.05,200,
10:02:39,51.05,300,
10:02:39,51.05,300,
10:02:39,51.07,100,
10:02:39,51.07,100,
10:02:39,51.07,400,
10:02:39,51.07,200,
10:02:39,51.07,300,
10:02:39,51.07,300,
10:02:39,51.07,300,
10:02:39,51.07,200,
10:02:39,51.07,100,
10:02:39,51.07,300,
10:02:39,51.07,100,
10:02:39,51.07,300,
10:02:39,51.07,300,
10:02:39,51.07,200,
10:02:39,51.07,200,
10:02:39,51.02,100,
10:02:39,51.07,100,
10:02:39,51.07,200,
10:02:39,51.07,100,
10:02:39,51.07,100,
10:02:39,51.07,200,
10:02:39,51.07,300,
10:02:39,51.07,300,
10:02:40,51.07,200,
10:02:40,51.07,100,
10:02:40,51.07,200,
10:02:40,51.07,200,
10:02:40,51.07,200,
10:02:40,51.07,100,
10:02:41,51.07,100,
10:02:41,51.07,100,
10:02:41,51.07,100,
10:02:41,51.07,500,
10:02:41,51.07,100,
10:02:41,51.07,100,
10:02:41,51.07,100,
10:02:41,51.07,300,
10:02:41,51.07,100,
10:02:41,51.07,100,
10:02:41,51.078,200,
10:02:44,51.09,200,
10:02:46,51.07,100,
10:02:46,51.07,100,
10:02:47,51.06,200,
10:02:49,51.08,116,
10:02:50,51.04,200,
10:02:50,51.04,500,
10:02:50,51.05,200,
10:02:50,51.03,100,
10:02:50,51.06,145,
10:02:55,51.02,200,
10:02:55,51.01,200,
10:02:55,51.01,300,
10:03:04,51.02,100,
10:03:05,51.04,165,
10:03:08,51.0464,300,
10:03:11,51.04,100,
10:03:11,51.04,200,
10:03:12,51.0598,357,
10:03:14,51.02,200,
10:03:14,51.03,200,
10:03:15,51.04,100,
10:03:15,51.05,200,
10:03:20,51.018,1153,
10:03:24,50.98,2000,
10:03:27,50.945,100,
10:03:29,50.9464,100,
10:03:30,50.936,100,
10:03:38,50.97,200,
10:03:39,50.9899,2030,
10:03:42,50.9501,1000,
10:03:51,51.004,106,
10:03:55,51.02,200,
10:03:58,51.025,100,
10:03:59,51.02,100,
10:03:59,51.02,700,
10:03:59,51.02,300,
10:03:59,51.02,200,
10:03:59,51.02,200,
10:04:00,51.02,100,
10:04:01,51.011,100,
10:04:08,51.021,400,
10:04:13,51.04,100,
10:04:13,51.05,300,
10:04:14,51.05,200,
10:04:14,51.06,200,
10:04:14,51.07,100,
10:04:17,51.09,300,
10:04:17,51.06,100,
10:04:17,51.06,300,
10:04:17,51.07,200,
10:04:17,51.07,100,
10:04:17,51.05,300,
10:04:18,51.09,200,
10:04:18,51.09,200,
10:04:23,51.12,200,
10:04:23,51.13,500,
10:04:24,51.10,200,
10:04:24,51.09,530,
10:04:24,51.09,170,
10:04:24,51.09,100,
10:04:24,51.09,100,
10:04:25,51.09,200,
10:04:25,51.09,100,
10:04:25,51.10,200,
10:04:27,51.10,100,
10:04:27,51.11,200,
10:04:27,51.12,200,
10:04:30,51.12,100,
10:04:30,51.11,500,
10:04:31,51.14,100,
10:04:31,51.14,200,
10:04:31,51.14,100,
10:04:31,51.15,100,
10:04:33,51.17,200,
10:04:34,51.1799,300,
10:04:41,51.188,200,
10:04:41,51.188,800,
10:04:42,51.18,500,
10:04:43,51.16,300,
10:04:43,51.16,200,
10:04:43,51.16,100,
10:04:43,51.12,100,
10:04:43,51.13,200,
10:04:43,51.16,100,
10:04:43,51.16,200,
10:04:46,51.15,200,
10:04:46,51.15,330,
10:04:47,51.1211,100,
10:04:48,51.135,100,
10:04:57,51.16,200,
10:04:57,51.16,200,
10:05:02,51.17,100,
10:05:05,51.1882,100,
10:05:05,51.1701,100,
10:05:07,51.20,100,
10:05:07,51.20,100,
10:05:09,51.20,100,
10:05:12,51.20,168,
10:05:13,51.20,500,
10:05:13,51.19,200,
10:05:14,51.22,100,
10:05:14,51.21,100,
10:05:23,51.21,100,
10:05:23,51.23,100,
10:05:23,51.23,100,
10:05:23,51.24,200,
10:05:23,51.24,100,
10:05:23,51.22,100,
10:05:24,51.22,100,
10:05:24,51.24,300,
10:05:27,51.25,1600,
10:05:27,51.2593,100,
10:05:34,51.25,100,
10:05:34,51.24,200,
10:05:34,51.24,500,
10:05:34,51.23,300,
10:05:34,51.23,200,
10:05:37,51.254,335,
10:05:40,51.2699,400,
10:05:43,51.2502,100,
10:05:43,51.25,100,
10:05:45,51.2503,100,
10:05:46,51.25,146,
10:05:48,51.242,100,
10:05:52,51.251,400,
10:05:54,51.251,100,
10:05:54,51.251,100,
10:05:58,51.26,100,
10:05:58,51.25,100,
10:05:58,51.25,100,
10:06:00,51.25,100,
10:06:00,51.25,100,
10:06:00,51.25,100,
10:06:00,51.25,100,
10:06:01,51.25,100,
10:06:01,51.25,200,
10:06:01,51.25,200,
10:06:01,51.24,100,
10:06:01,51.24,700,
10:06:01,51.24,100,
10:06:01,51.24,300,
10:06:01,51.24,200,
10:06:02,51.24,100,
10:06:02,51.24,100,
10:06:02,51.24,200,
10:06:03,51.241,100,
10:06:03,51.241,200,
10:06:03,51.241,100,
10:06:03,51.241,200,
10:06:06,51.25,100,
10:06:06,51.25,100,
10:06:07,51.2457,1000,
10:06:09,51.25,200,
10:06:09,51.24,100,
10:06:09,51.24,100,
10:06:11,51.2401,100,
10:06:14,51.25,500,
10:06:14,51.25,300,
10:06:15,51.258,622,
10:06:16,51.255,124,
10:06:17,51.26,100,
10:06:18,51.26,500,
10:06:22,51.24,100,
10:06:23,51.24,100,
10:06:23,51.24,300,
10:06:23,51.24,300,
10:06:23,51.24,300,
10:06:30,51.2497,2900,
10:06:32,51.23,100,
10:06:32,51.23,100,
10:06:34,51.23,100,
10:06:37,51.1891,250,
10:06:38,51.22,100,
10:06:38,51.23,100,
10:06:38,51.22,100,
10:06:38,51.22,100,
10:06:38,51.22,300,
10:06:38,51.23,100,
10:06:38,51.23,300,
10:06:38,51.25,100,
10:06:38,51.26,100,
10:06:38,51.26,200,
10:06:38,51.27,100,
10:06:38,51.27,100,
10:06:38,51.2601,2000,
10:06:38,51.24,100,
10:06:43,51.25,700,
10:06:43,51.25,500,
10:06:43,51.25,300,
10:06:48,51.28,200,
10:06:48,51.28,200,
10:06:49,51.29,100,
10:06:49,51.32,100,
10:06:49,51.31,300,
10:06:49,51.31,100,
10:06:49,51.30,200,
10:06:49,51.34,100,
10:06:49,51.29,100,
10:06:49,51.32,100,
10:06:49,51.32,200,
10:06:49,51.32,200,
10:06:49,51.32,300,
10:06:49,51.33,100,
10:06:49,51.35,300,
10:06:49,51.34,300,
10:06:49,51.34,200,
10:06:49,51.33,500,
10:06:49,51.33,200,
10:06:49,51.32,100,
10:06:49,51.32,100,
10:06:49,51.32,100,
10:06:49,51.32,100,
10:06:49,51.30,100,
10:06:49,51.35,100,
10:06:49,51.36,100,
10:06:49,51.37,100,
10:06:49,51.30,100,
10:06:49,51.35,175,
10:06:50,51.3593,300,
10:06:51,51.354,588,
10:06:52,51.33,100,
10:06:52,51.32,700,
10:06:52,51.32,300,
10:06:52,51.33,100,
10:06:52,51.33,200,
10:06:52,51.33,100,
10:06:53,51.3598,200,
10:06:54,51.36,100,
10:06:54,51.36,100,
10:06:54,51.36,300,
10:06:58,51.34,100,
10:06:58,51.34,100,
10:06:58,51.33,700,
10:06:58,51.33,300,
10:06:58,51.33,100,
10:06:58,51.33,300,
10:06:59,51.369,500,
10:07:00,51.372,500,
10:07:02,51.3895,1100,
10:07:03,51.3801,100,
10:07:07,51.39,300,
10:07:09,51.3802,100,
10:07:12,51.418,200,
10:07:13,51.42,100,
10:07:16,51.40,500,
10:07:16,51.40,400,
10:07:16,51.40,1000,
10:07:16,51.39,300,
10:07:19,51.39,300,
10:07:19,51.39,100,
10:07:21,51.42,300,
10:07:21,51.45,200,
10:07:21,51.45,100,
10:07:23,51.45,100,
10:07:24,51.43,200,
10:07:24,51.43,300,
10:07:24,51.44,141,
10:07:24,51.43,100,
10:07:24,51.43,300,
10:07:24,51.43,300,
10:07:24,51.44,300,
10:07:24,51.47,100,
10:07:24,51.48,100,
10:07:24,51.47,100,
10:07:26,51.46,100,
10:07:26,51.50,300,
10:07:27,51.48,100,
10:07:27,51.48,900,
10:07:27,51.48,300,
10:07:27,51.46,100,
10:07:28,51.50,200,
10:07:28,51.50,100,
10:07:28,51.50,100,
10:07:30,51.50,100,
10:07:30,51.49,700,
10:07:30,51.49,300,
10:07:30,51.49,300,
10:07:30,51.49,2000,
10:07:31,51.53,100,
10:07:31,51.53,108,
10:07:31,51.50,100,
10:07:31,51.50,440,
10:07:31,51.50,200,
10:07:31,51.50,600,
10:07:31,51.50,200,
10:07:31,51.50,500,
10:07:31,51.52,200,
10:07:31,51.52,100,
10:07:31,51.52,100,
10:07:31,51.52,100,
10:07:31,51.52,100,
10:07:31,51.53,100,
10:07:32,51.51,300,
10:07:32,51.53,400,
10:07:33,51.51,100,
10:07:34,51.53,300,
10:07:34,51.53,400,
10:07:34,51.53,200,
10:07:34,51.53,300,
10:07:34,51.53,200,
10:07:34,51.53,100,
10:07:34,51.53,200,
10:07:34,51.53,200,
10:07:34,51.56,100,
10:07:34,51.55,100,
10:07:34,51.541,200,
10:07:35,51.54,200,
10:07:36,51.532,1100,
10:07:36,51.532,900,
10:07:39,51.54,100,
10:07:39,51.54,200,
10:07:39,51.54,700,
10:07:39,51.54,100,
10:07:39,51.53,300,
10:07:39,51.53,100,
10:07:39,51.53,100,
10:07:39,51.568,800,
10:07:40,51.53,100,
10:07:41,51.53,300,
10:07:41,51.53,100,
10:07:42,51.52,300,
10:07:42,51.51,200,
10:07:42,51.522,600,
10:07:42,51.528,200,
10:07:42,51.5199,100,
10:07:42,51.50,300,
10:07:42,51.50,200,
10:07:42,51.50,100,
10:07:42,51.50,300,
10:07:44,51.50,700,
10:07:44,51.49,200,
10:07:44,51.492,300,
10:07:45,51.503,100,
10:07:45,51.503,700,
10:07:45,51.514,400,
10:07:46,51.5041,500,
10:07:48,51.51,100,
10:07:50,51.51,300,
10:07:50,51.50,300,
10:07:50,51.52,750,
10:07:50,51.52,200,
10:07:50,51.53,100,
10:07:50,51.52,100,
10:07:52,51.55,100,
10:07:52,51.55,100,
10:07:55,51.529,500,
10:08:02,51.52,700,
10:08:02,51.511,100,
10:08:03,51.51,100,
10:08:06,51.51,300,
10:08:06,51.51,100,
10:08:06,51.51,300,
10:08:06,51.51,300,
10:08:06,51.50,300,
10:08:06,51.50,200,
10:08:06,51.50,200,
10:08:06,51.501,100,
10:08:06,51.51,100,
10:08:06,51.51,300,
10:08:06,51.51,300,
10:08:06,51.50,300,
10:08:06,51.50,300,
10:08:06,51.504,900,
10:08:07,51.501,500,
10:08:13,51.50,600,
10:08:13,51.50,100,
10:08:13,51.50,300,
10:08:13,51.50,100,
10:08:13,51.50,200,
10:08:13,51.50,200,
10:08:13,51.50,300,
10:08:13,51.50,100,
10:08:13,51.50,100,
10:08:13,51.50,200,
10:08:17,51.502,300,
10:08:17,51.49,100,
10:08:18,51.472,400,
10:08:19,51.49,300,
10:08:19,51.48,300,
10:08:20,51.47,200,
10:08:20,51.47,100,
10:08:23,51.48,100,
10:08:23,51.48,700,
10:08:24,51.49,100,
10:08:28,51.46,100,
10:08:29,51.47,100,
10:08:29,51.47,200,
10:08:29,51.47,200,
10:08:30,51.46,200,
10:08:30,51.46,100,
10:08:30,51.46,100,
10:08:30,51.41,200,
10:08:30,51.41,300,
10:08:30,51.41,300,
10:08:30,51.42,100,
10:08:30,51.40,100,
10:08:32,51.39,200,
10:08:33,51.39,200,
10:08:33,51.3854,350,
10:08:34,51.3801,800,
10:08:35,51.3908,100,
10:08:39,51.391,400,
10:08:40,51.4199,200,
10:08:42,51.396,250,
10:08:45,51.40,200,
10:08:46,51.38,200,
10:08:46,51.38,100,
10:08:46,51.39,100,
10:08:46,51.39,100,
10:08:46,51.39,100,
10:08:51,51.361,800,
10:08:53,51.36,300,
10:08:53,51.3686,100,
10:08:53,51.36,100,
10:08:59,51.38,100,
10:08:59,51.38,100,
10:08:59,51.37,100,
10:09:01,51.3562,165,
10:09:01,51.36,300,
10:09:07,51.36,100,
10:09:07,51.36,400,
10:09:07,51.36,300,
10:09:07,51.36,300,
10:09:07,51.36,400,
10:09:08,51.3504,1750,
10:09:11,51.35,200,
10:09:11,51.304,500,
10:09:15,51.302,250,
10:09:16,51.30,365,
10:09:20,51.282,1000,
10:09:20,51.28,100,
10:09:20,51.26,100,
10:09:21,51.26,175,
10:09:21,51.28,200,
10:09:23,51.26,100,
10:09:23,51.26,200,
10:09:23,51.26,100,
10:09:23,51.26,100,
10:09:28,51.279,500,
10:09:39,51.27,100,
10:09:43,51.24,100,
10:09:43,51.24,200,
10:09:43,51.22,100,
10:09:44,51.24,100,
10:09:48,51.251,100,
10:09:51,51.27,125,
10:09:51,51.27,300,
10:09:53,51.25,300,
10:09:53,51.25,100,
10:09:53,51.25,100,
10:09:53,51.25,100,
10:09:55,51.235,200,
10:10:00,51.22,100,
10:10:00,51.216,190,
10:10:06,51.27,300,
10:10:11,51.27,200,
10:10:11,51.26,100,
10:10:12,51.27,100,
10:10:17,51.29,200,
10:10:17,51.274,100,
10:10:19,51.272,1000,
10:10:28,51.31,700,
10:10:28,51.31,300,
10:10:28,51.31,200,
10:10:28,51.31,500,
10:10:28,51.30,100,
10:10:31,51.31,200,
10:10:33,51.3399,2000,
10:10:33,51.31,230,
10:10:39,51.28,100,
10:10:39,51.28,100,
10:10:39,51.28,100,
10:10:40,51.27,100,
10:10:41,51.31,100,
10:10:43,51.29,100,
10:10:43,51.2963,300,
10:10:43,51.2884,100,
10:10:48,51.31,100,
10:10:51,51.33,100,
10:11:00,51.309,200,
10:11:01,51.309,700,
10:11:07,51.2711,100,
10:11:13,51.28,100,
10:11:19,51.25,300,
10:11:19,51.25,300,
10:11:19,51.2501,300,
10:11:19,51.2501,100,
10:11:19,51.2501,100,
10:11:19,51.25,300,
10:11:21,51.24,100,
10:11:21,51.2401,100,
10:11:21,51.2401,100,
10:11:21,51.25,100,
10:11:21,51.25,100,
10:11:21,51.2401,200,
10:11:22,51.2401,100,
10:11:22,51.25,200,
10:11:22,51.25,300,
10:11:25,51.24,500,
10:11:28,51.24,200,
10:11:28,51.24,100,
10:11:28,51.23,150,
10:11:31,51.259,100,
10:11:34,51.244,400,
10:11:37,51.25,100,
10:11:39,51.2316,100,
10:11:43,51.2599,200,
10:11:53,51.23,200,
10:11:55,51.20,170,
10:11:55,51.20,100,
10:11:59,51.20,100,
10:11:59,51.20,800,
10:11:59,51.15,100,
10:12:00,51.15,100,
10:12:00,51.15,172,
10:12:00,51.16,100,
10:12:00,51.16,300,
10:12:00,51.17,200,
10:12:00,51.17,200,
10:12:00,51.17,200,
10:12:00,51.18,100,
10:12:00,51.19,100,
10:12:00,51.16,100,
10:12:01,51.19,200,
10:12:01,51.19,100,
10:12:01,51.16,300,
10:12:01,51.16,300,
10:12:04,51.174,1000,
10:12:08,51.1775,500,
10:12:08,51.178,1097,
10:12:14,51.18,100,
10:12:17,51.18,100,
10:12:19,51.198,500,
10:12:26,51.20,100,
10:12:30,51.20,100,
10:12:30,51.20,100,
10:12:30,51.20,100,
10:12:39,51.2198,2000,
10:12:39,51.20,100,
10:12:45,51.22,300,
10:12:45,51.22,100,
10:12:55,51.24,300,
10:12:57,51.2102,500,
10:13:02,51.2101,200,
10:13:10,51.25,100,
10:13:11,51.22,200,
10:13:21,51.27,200,
10:13:24,51.27,130,
10:13:25,51.246,200,
10:13:28,51.246,200,
10:13:32,51.25,100,
10:13:43,51.27,100,
10:13:43,51.27,100,
10:13:43,51.27,100,
10:13:57,51.27,100,
10:14:02,51.25,100,
10:14:02,51.2502,300,
10:14:09,51.25,100,
10:14:12,51.24,200,
10:14:16,51.2301,100,
10:14:17,51.222,100,
10:14:34,51.2311,100,
10:14:39,51.24,100,
10:14:39,51.242,100,
10:14:50,51.24,500,
10:14:54,51.25,2700,
10:14:54,51.24,100,
10:15:08,51.2801,800,
10:15:09,51.2999,500,
10:15:12,51.291,900,
10:15:13,51.292,200,
10:15:20,51.32,200,
10:15:20,51.30,800,
10:15:22,51.3297,300,
10:15:30,51.328,800,
10:15:31,51.35,300,
10:15:34,51.339,300,
10:15:44,51.3364,300,
10:15:48,51.3498,100,
10:15:57,51.355,500,
10:16:08,51.35,1055,
10:16:12,51.33,200,
10:16:15,51.30,100,
10:16:31,51.306,100,
10:16:33,51.30,150,
10:16:33,51.3111,150,
10:16:40,51.30,100,
10:16:40,51.29,300,
10:16:40,51.30,200,
10:16:40,51.30,300,
10:16:40,51.28,200,
10:16:45,51.30,400,
10:16:45,51.30,100,
10:17:01,51.25,500,
10:17:08,51.272,200,
10:17:08,51.26,100,
10:17:10,51.2501,100,
10:17:16,51.25,200,
10:17:19,51.254,100,
10:17:23,51.281,400,
10:17:23,51.29,100,
10:17:23,51.29,100,
10:17:26,51.29,200,
10:17:26,51.2981,100,
10:17:41,51.29,100,
10:17:41,51.29,100,
10:17:41,51.29,100,
10:17:41,51.29,100,
10:17:44,51.29,100,
10:17:44,51.29,200,
10:17:44,51.29,200,
10:17:53,51.2925,185,
10:17:55,51.299,100,
10:18:08,51.28,300,
10:18:08,51.28,200,
10:18:08,51.28,300,
10:18:08,51.28,300,
10:18:08,51.27,200,
10:18:08,51.26,200,
10:18:08,51.26,100,
10:18:08,51.26,200,
10:18:08,51.26,300,
10:18:08,51.29,100,
10:18:08,51.28,200,
10:18:08,51.27,100,
10:18:08,51.26,177,
10:18:08,51.26,200,
10:18:08,51.25,300,
10:18:08,51.25,200,
10:18:14,51.256,400,
10:18:22,51.28,40000,
10:18:27,51.24,300,
10:18:27,51.24,100,
10:18:27,51.241,100,
10:18:34,51.25,200,
10:18:34,51.25,2042,
10:18:42,51.262,800,
10:18:58,51.2501,300,
10:19:00,51.20,1000,
10:19:01,51.24,300,
10:19:10,51.21,100,
10:19:11,51.201,800,
10:19:11,51.2033,1000,
10:19:12,51.20,110,
10:19:12,51.19,250,
10:19:16,51.19,100,
10:19:16,51.19,100,
10:19:17,51.22,200,
10:19:19,51.24,200,
10:19:27,51.15,200,
10:19:28,51.151,500,
10:19:29,51.16,200,
10:19:29,51.15,600,
10:19:30,51.17,300,
10:19:34,51.1776,190,
10:19:35,51.2032,300,
10:20:03,51.2211,200,
10:20:05,51.2498,100,
10:20:06,51.231,1000,
10:20:10,51.251,100,
10:20:12,51.27,100,
10:20:14,51.24,200,
10:20:14,51.24,300,
10:20:14,51.231,3800,
10:20:14,51.231,1700,
10:20:18,51.21,100,
10:20:31,51.24,100,
10:20:31,51.24,100,
10:20:48,51.221,100,
10:20:55,51.29,350,
10:21:02,51.25,200,
10:21:03,51.23,100,
10:21:03,51.24,200,
10:21:14,51.202,1000,
10:21:20,51.218,250,
10:21:22,51.23,100,
10:21:26,51.24,100,
10:21:26,51.24,300,
10:21:26,51.24,100,
10:21:38,51.2114,100,
10:21:47,51.20,100,
10:21:51,51.19,300,
10:21:51,51.19,200,
10:21:55,51.17,100,
10:21:59,51.17,100,
10:22:06,51.17,1100,
10:22:11,51.18,100,
10:22:13,51.1722,500,
10:22:16,51.20,200,
10:22:19,51.1701,200,
10:22:35,51.1898,1000,
10:22:44,51.1701,300,
10:22:57,51.19,105,
10:22:57,51.21,200,
10:22:59,51.19,100,
10:23:00,51.21,100,
10:23:01,51.21,200,
10:23:01,51.21,100,
10:23:11,51.23,400,
10:23:21,51.27,200,
10:23:21,51.27,500,
10:23:26,51.251,200,
10:23:34,51.26,100,
10:23:38,51.222,200,
10:23:42,51.25,100,
10:23:57,51.2327,500,
10:24:05,51.222,100,
10:24:07,51.23,100,
10:24:09,51.245,100,
10:24:11,51.2413,500,
10:24:14,51.23,700,
10:24:16,51.2401,100,
10:24:38,51.2445,1000,
10:24:48,51.2797,100,
10:24:53,51.26,1700,
10:25:02,51.29,200,
10:25:04,51.27,100,
10:25:46,51.288,500,
10:26:01,51.32,200,
10:26:01,51.30,192,
10:26:04,51.32,100,
10:26:04,51.32,200,
10:26:08,51.3101,1000,
10:26:09,51.33,100,
10:26:09,51.34,300,
10:26:11,51.33,100,
10:26:11,51.33,100,
10:26:11,51.33,200,
10:26:11,51.33,300,
10:26:11,51.33,100,
10:26:11,51.33,100,
10:26:13,51.33,500,
10:26:13,51.34,111,
10:26:13,51.34,189,
10:26:15,51.31,300,
10:26:17,51.309,600,
10:26:19,51.27,189,
10:26:26,51.2601,100,
10:26:29,51.262,100,
10:26:44,51.27,200,
10:27:02,51.281,400,
10:27:03,51.2809,100,
10:27:05,51.276,900,
10:27:07,51.30,100,
10:27:20,51.281,200,
10:27:24,51.2899,100,
10:27:29,51.28,100,
10:27:30,51.28,100,
10:27:43,51.282,500,
10:27:45,51.30,450,
10:27:45,51.33,300,
10:27:45,51.33,206,
10:27:50,51.324,200,
10:27:54,51.35,200,
10:27:54,51.35,100,
10:27:56,51.326,200,
10:27:57,51.326,800,
10:27:59,51.346,200,
10:28:00,51.35,100,
10:28:01,51.35,105,
10:28:02,51.36,100,
10:28:02,51.34,100,
10:28:15,51.37,100,
10:28:20,51.37,100,
10:28:20,51.38,300,
10:28:20,51.39,100,
10:28:22,51.34,1069,
10:28:22,51.361,400,
10:28:24,51.36,900,
10:28:24,51.38,100,
10:28:24,51.38,100,
10:28:24,51.38,400,
10:28:24,51.37,100,
10:28:25,51.37,100,
10:28:26,51.36,100,
10:28:26,51.36,100,
10:28:26,51.36,100,
10:28:27,51.38,100,
10:28:28,51.39,100,
10:28:30,51.38,100,
10:28:33,51.40,100,
10:28:34,51.40,300,
10:28:34,51.40,100,
10:28:34,51.38,200,
10:28:34,51.38,300,
10:28:35,51.38,200,
10:28:35,51.381,300,
10:28:36,51.381,200,
10:28:36,51.381,900,
10:28:36,51.381,100,
10:28:37,51.38,200,
10:28:41,51.384,100,
10:28:42,51.384,100,
10:28:42,51.384,100,
10:28:42,51.38,300,
10:28:44,51.3702,100,
10:28:49,51.41,100,
10:28:49,51.40,300,
10:28:49,51.39,100,
10:28:55,51.3973,1000,
10:28:57,51.39,200,
10:28:59,51.38,300,
10:28:59,51.39,200,
10:28:59,51.39,500,
10:29:00,51.38,100,
10:29:01,51.40,100,
10:29:01,51.40,100,
10:29:01,51.382,200,
10:29:07,51.39,500,
10:29:17,51.44,300,
10:29:17,51.46,100,
10:29:17,51.45,200,
10:29:17,51.4427,645,
10:29:20,51.4401,800,
10:29:23,51.47,100,
10:29:24,51.47,300,
10:29:26,51.46,200,
10:29:27,51.4704,1900,
10:29:27,51.49,100,
10:29:27,51.48,150,
10:29:29,51.4768,400,
10:29:31,51.48,100,
10:29:31,51.48,100,
10:29:35,51.431,400,
10:29:36,51.438,700,
10:29:38,51.47,200,
10:29:38,51.48,100,
10:29:39,51.48,100,
10:29:50,51.46,1800,
10:29:56,51.4525,205,
10:30:01,51.49,300,
10:30:01,51.49,100,
10:30:02,51.49,1100,
10:30:02,51.49,300,
10:30:05,51.489,1200,
10:30:06,51.50,125,
10:30:07,51.49,100,
10:30:11,51.50,151,
10:30:11,51.50,300,
10:30:11,51.50,300,
10:30:11,51.50,100,
10:30:18,51.4793,100,
10:30:21,51.47,1000,
10:30:21,51.47,1500,
10:30:24,51.45,380,
10:30:25,51.46,100,
10:30:27,51.44,300,
10:30:28,51.4301,200,
10:30:33,51.422,250,
10:30:33,51.43,100,
10:30:33,51.43,100,
10:30:33,51.45,4400,
10:30:33,51.45,100,
10:30:33,51.47,200,
10:30:33,51.46,200,
10:30:33,51.47,100,
10:30:33,51.47,100,
10:30:34,51.48,129200,
10:30:36,51.431,200,
10:30:42,51.46,1100,
10:30:45,51.458,300,
10:30:46,51.43,348,
10:30:54,51.436,100,
10:31:00,51.416,100,
10:31:03,51.449,100,
10:31:06,51.47,300,
10:31:13,51.46,300,
10:31:15,51.48,100,
10:31:35,51.46,100,
10:31:35,51.46,100,
10:31:35,51.46,100,
10:31:41,51.46,100,
10:31:43,51.465,100,
10:31:54,51.451,500,
10:31:56,51.46,100,
10:31:59,51.4501,900,
10:32:00,51.45,100,
10:32:03,51.47,600,
10:32:15,51.459,500,
10:32:23,51.41,200,
10:32:23,51.4014,620,
10:32:27,51.4067,200,
10:32:30,51.45,200,
10:32:30,51.45,100,
10:32:30,51.45,200,
10:32:35,51.43,500,
10:32:38,51.4201,3500,
10:32:45,51.401,700,
10:32:45,51.42,100,
10:32:45,51.42,300,
10:32:49,51.4125,1000,
10:32:57,51.404,900,
10:33:06,51.411,300,
10:33:07,51.43,300,
10:33:07,51.43,100,
10:33:07,51.43,1102,
10:33:09,51.40,100,
10:33:09,51.40,300,
10:33:12,51.40,100,
10:33:25,51.40,100,
10:33:27,51.402,200,
10:33:32,51.40,800,
10:33:36,51.41,100,
10:33:42,51.4002,500,
10:33:48,51.43,100,
10:33:51,51.41,100,
10:33:55,51.4101,500,
10:33:55,51.411,1700,
10:33:55,51.411,900,
10:34:05,51.411,300,
10:34:12,51.43,300,
10:34:14,51.46,100,
10:34:14,51.45,300,
10:34:14,51.46,300,
10:34:14,51.45,100,
10:34:17,51.4401,3400,
10:34:17,51.44,300,
10:34:17,51.43,300,
10:34:17,51.43,200,
10:34:17,51.43,200,
10:34:17,51.42,300,
10:34:17,51.43,100,
10:34:35,51.4461,300,
10:34:52,51.44,500,
10:34:52,51.44,500,
10:34:52,51.43,500,
10:34:52,51.43,100,
10:34:52,51.42,200,
10:34:52,51.42,100,
10:34:57,51.44,500,
10:35:01,51.43,100,
10:35:03,51.44,500,
10:35:05,51.4301,2900,
10:35:10,51.45,100,
10:35:10,51.45,100,
10:35:10,51.45,300,
10:35:19,51.45,469,
10:35:26,51.47,200,
10:35:26,51.47,100,
10:35:26,51.46,100,
10:35:26,51.48,200,
10:35:26,51.48,100,
10:35:34,51.4838,210,
10:35:37,51.489,500,
10:35:41,51.4711,200,
10:35:42,51.462,500,
10:35:50,51.46,100,
10:35:57,51.461,100,
10:36:00,51.47,100,
10:36:05,51.44,100,
10:36:05,51.44,300,
10:36:05,51.45,100,
10:36:06,51.461,2322,
10:36:06,51.452,198,
10:36:07,51.461,100,
10:36:11,51.452,150,
10:36:14,51.461,300,
10:36:15,51.461,100,
10:36:19,51.45,150,
10:36:19,51.47,200,
10:36:28,51.45,200,
10:36:33,51.444,500,
10:36:34,51.451,100,
10:36:36,51.44,300,
10:36:36,51.44,500,
10:36:37,51.44,200,
10:36:37,51.44,1100,
10:36:39,51.42,100,
10:36:40,51.43,200,
10:36:42,51.41,100,
10:36:46,51.42,100,
10:36:48,51.436,130,
10:36:51,51.41,100,
10:36:54,51.4201,1100,
10:37:00,51.43,100,
10:37:00,51.43,100,
10:37:18,51.40,100,
10:37:18,51.40,300,
10:37:29,51.40,200,
10:37:36,51.38,100,
10:37:45,51.39,100,
10:37:47,51.381,500,
10:37:52,51.38,100,
10:37:57,51.354,100,
10:38:03,51.362,500,
10:38:18,51.36,100,
10:38:19,51.3499,900,
10:38:30,51.33,100,
10:38:47,51.34,525,
10:38:47,51.36,600,
10:38:49,51.34,100,
10:38:55,51.36,100,
10:38:55,51.36,100,
10:38:55,51.36,100,
10:38:55,51.3405,200,
10:38:55,51.3546,100,
10:38:55,51.3503,100,
10:38:55,51.3546,100,
10:38:58,51.33,250,
10:39:08,51.38,300,
10:39:08,51.38,100,
10:39:08,51.36,100,
10:39:17,51.3736,300,
10:39:18,51.39,300,
10:39:27,51.36,3700,
10:39:39,51.35,500,
10:39:39,51.35,500,
10:39:39,51.35,2400,
10:39:39,51.35,100,
10:39:39,51.35,100,
10:40:13,51.3501,550,
10:40:44,51.3435,1000,
10:40:50,51.37,200,
10:40:50,51.37,100,
10:40:50,51.38,100,
10:40:50,51.38,300,
10:40:50,51.38,100,
10:40:51,51.37,100,
10:40:51,51.37,100,
10:40:52,51.3701,400,
10:40:57,51.39,300,
10:40:57,51.39,600,
10:41:08,51.38,100,
10:41:22,51.374,100,
10:41:24,51.371,4500,
10:41:24,51.37,100,
10:41:24,51.371,1000,
10:41:25,51.37,200,
10:41:43,51.41,300,
10:41:50,51.401,200,
10:41:52,51.405,150,
10:42:11,51.4002,100,
10:42:35,51.40,2000,
10:42:42,51.42,100,
10:42:49,51.43,200,
10:43:02,51.40,200,
10:43:07,51.40,150,
10:43:14,51.40,200,
10:43:18,51.40,100,
10:43:20,51.4001,2000,
10:43:40,51.384,100,
10:43:42,51.40,100,
10:43:46,51.37,100,
10:43:52,51.3541,600,
10:44:12,51.38,200,
10:44:12,51.38,100,
10:44:12,51.38,100,
10:44:12,51.39,200,
10:44:12,51.38,200,
10:44:24,51.3853,600,
10:44:26,51.35,100,
10:44:35,51.332,105,
10:44:52,51.371,100,
10:45:03,51.39,190,
10:45:03,51.39,300,
10:45:31,51.356,500,
10:45:34,51.3501,700,
10:45:56,51.3301,100,
10:46:00,51.32,500,
10:46:00,51.31,200,
10:46:00,51.31,100,
10:46:00,51.31,300,
10:46:00,51.31,190,
10:46:00,51.31,300,
10:46:00,51.31,200,
10:46:00,51.31,100,
10:46:01,51.281,100,
10:46:02,51.2848,280,
10:46:08,51.31,100,
10:46:08,51.31,100,
10:46:08,51.31,100,
10:46:10,51.32,200,
10:46:22,51.33,100,
10:46:22,51.311,300,
10:46:24,51.33,100,
10:46:24,51.33,200,
10:46:25,51.33,300,
10:46:32,51.3232,100,
10:46:34,51.329,2100,
10:46:41,51.294,617,
10:46:53,51.33,100,
10:46:53,51.33,100,
10:46:53,51.33,100,
10:46:53,51.33,100,
10:46:53,51.33,200,
10:46:53,51.33,100,
10:46:53,51.33,100,
10:46:53,51.33,400,
10:46:53,51.33,400,
10:47:02,51.33,100,
10:47:02,51.33,100,
10:47:02,51.33,200,
10:47:10,51.3102,100,
10:47:25,51.312,100,
10:47:59,51.284,200,
10:48:03,51.30,100,
10:48:30,51.3103,1000,
10:48:35,51.3111,100,
10:48:48,51.2989,500,
10:48:53,51.2808,800,
10:49:03,51.26,100,
10:49:24,51.2889,100,
10:49:36,51.24,800,
10:49:37,51.22,1500,
10:49:37,51.2201,5000,
10:49:40,51.22,200,
10:49:40,51.20,100,
10:49:41,51.20,250,
10:49:42,51.19,100,
10:49:42,51.20,100,
10:49:42,51.192,500,
10:49:44,51.19,100,
10:49:44,51.2011,100,
10:49:44,51.2062,100,
10:49:45,51.16,200,
10:49:45,51.15,100,
10:49:45,51.1799,1600,
10:49:47,51.15,600,
10:49:53,51.19,300,
10:49:56,51.1954,100,
10:49:56,51.19,100,
10:49:56,51.19,300,
10:49:56,51.2035,100,
10:50:07,51.2032,250,
10:50:10,51.22,300,
10:50:10,51.22,300,
10:50:10,51.22,200,
10:50:26,51.202,150,
10:50:39,51.22,200,
10:50:50,51.19,200,
10:50:50,51.19,100,
10:50:50,51.19,100,
10:50:50,51.19,100,
10:51:04,51.16,100,
10:51:16,51.1635,200,
10:51:26,51.15,100,
10:51:27,51.10,500,
10:51:27,51.10,100,
10:51:27,51.10,125,
10:51:28,51.12,100,
10:51:28,51.12,100,
10:51:28,51.10,100,
10:51:29,51.10,400,
10:51:34,51.08,1000,
10:51:34,51.08,2800,
10:51:40,51.0748,200,
10:51:58,51.12,100,
10:51:59,51.123,200,
10:51:59,51.123,100,
10:51:59,51.126,900,
10:52:04,51.118,500,
10:52:15,51.1035,215,
10:52:23,51.082,300,
10:52:33,51.0911,200,
10:52:46,51.10,200,
10:52:48,51.0996,200,
10:52:52,51.13,100,
10:52:57,51.16,260,
10:52:57,51.16,100,
10:52:57,51.16,100,
10:52:57,51.16,100,
10:52:57,51.16,100,
10:52:57,51.16,100,
10:52:57,51.16,100,
10:52:57,51.16,100,
10:52:57,51.1599,1760,
10:52:58,51.1505,1300,
10:53:13,51.1595,500,
10:53:15,51.17,200,
10:53:15,51.16,1000,
10:53:15,51.19,137,
10:53:15,51.20,200,
10:53:16,51.178,700,
10:53:16,51.17,300,
10:53:29,51.19,200,
10:53:35,51.20,2000,
10:53:43,51.1999,2000,
10:53:55,51.16,200,
10:54:09,51.16,200,
10:54:09,51.16,200,
10:54:20,51.168,100,
10:54:26,51.19,100,
10:54:37,51.1748,200,
10:54:52,51.17,300,
10:54:52,51.17,200,
10:54:52,51.17,300,
10:54:52,51.17,1600,
10:54:52,51.17,100,
10:54:52,51.16,1600,
10:55:15,51.185,500,
10:55:18,51.21,100,
10:55:18,51.21,100,
10:55:20,51.1901,100,
10:55:26,51.196,900,
10:55:32,51.20,100,
10:55:33,51.1804,165,
10:55:35,51.168,400,
10:56:04,51.17,290,
10:56:21,51.19,200,
10:56:32,51.19,600,
10:56:32,51.192,100,
10:57:17,51.211,100,
10:57:27,51.201,100,
10:57:28,51.18,200,
10:57:41,51.17,100,
10:57:52,51.16,170,
10:57:53,51.1601,1000,
10:58:10,51.20,100,
10:58:26,51.20,150,
10:59:09,51.21,700,
10:59:09,51.21,500,
10:59:09,51.201,1000,
10:59:12,51.212,100,
10:59:12,51.212,100,
10:59:12,51.212,700,
10:59:12,51.212,200,
10:59:20,51.248,500,
10:59:23,51.249,500,
10:59:27,51.23,100,
10:59:27,51.23,100,
10:59:27,51.2501,1300,
10:59:53,51.2285,300,
11:00:02,51.24,1100,
11:00:34,51.2301,100,
11:00:39,51.21,100,
11:00:48,51.1802,100,
11:01:14,51.2113,1000,
11:01:16,51.22,100,
11:01:35,51.222,700,
11:01:53,51.2209,400,
11:02:12,51.216,200,
11:03:08,51.241,300,
11:03:13,51.24,400,
11:03:14,51.231,200,
11:03:18,51.24,200,
11:03:24,51.24,300,
11:03:24,51.24,100,
11:03:24,51.24,100,
11:03:33,51.24,100,
11:04:01,51.25,200,
11:04:01,51.24,205,
11:04:17,51.221,100,
11:04:20,51.2243,500,
11:04:22,51.22,200,
11:04:57,51.24,100,
11:05:01,51.2401,100,
11:05:02,51.25,100,
11:05:08,51.30,100,
11:05:08,51.29,500,
11:05:10,51.28,100,
11:05:15,51.29,200,
11:05:20,51.32,200,
11:05:24,51.31,100,
11:05:26,51.3065,2000,
11:05:45,51.30,187,
11:05:57,51.23,200,
11:06:26,51.2614,150,
11:07:00,51.264,100,
11:07:21,51.23,200,
11:07:24,51.20,1000,
11:07:25,51.20,100,
11:07:26,51.202,500,
11:07:31,51.21,100,
11:07:47,51.2499,400,
11:08:01,51.20,400,
11:08:02,51.20,200,
11:08:25,51.20,200,
11:08:46,51.23,100,
11:08:49,51.21,300,
11:08:53,51.24,500,
11:08:54,51.24,8000,
11:08:54,51.24,600,
11:08:54,51.24,200,
11:08:54,51.25,100,
11:08:54,51.24,1266,
11:08:54,51.24,5232,
11:08:54,51.26,300,
11:08:54,51.26,100,
11:08:55,51.2432,100,
11:09:04,51.2211,100,
11:09:27,51.2259,600,
11:10:12,51.20,660,
11:10:15,51.21,100,
11:10:26,51.20,128,
11:11:23,51.192,200,
11:11:43,51.2201,1300,
11:12:12,51.2599,100,
11:12:20,51.2901,200,
11:12:25,51.32,100,
11:12:26,51.32,100,
11:12:26,51.33,100,
11:12:26,51.33,100,
11:12:26,51.33,100,
11:12:26,51.34,100,
11:12:26,51.34,100,
11:12:26,51.35,100,
11:12:27,51.33,100,
11:12:27,51.3401,200,
11:12:27,51.35,100,
11:12:28,51.36,400,
11:12:28,51.35,700,
11:12:28,51.3599,200,
11:12:35,51.40,100,
11:12:35,51.38,300,
11:12:42,51.39,200,
11:12:45,51.3799,400,
11:13:04,51.3799,500,
11:13:06,51.38,100,
11:13:06,51.38,100,
11:13:06,51.38,200,
11:13:07,51.35,100,
11:13:13,51.40,100,
11:13:13,51.40,100,
11:13:14,51.40,600,
11:13:19,51.381,500,
11:13:24,51.398,400,
11:13:25,51.40,600,
11:13:25,51.40,1200,
11:13:28,51.4127,600,
11:13:37,51.391,100,
11:13:38,51.4298,100,
11:13:43,51.41,100,
11:13:53,51.391,500,
11:13:59,51.4301,100,
11:13:59,51.43,200,
11:13:59,51.43,200,
11:14:08,51.45,100,
11:14:08,51.48,400,
11:14:08,51.46,200,
11:14:08,51.46,200,
11:14:08,51.46,300,
11:14:09,51.4701,1600,
11:14:14,51.45,300,
11:14:14,51.45,300,
11:14:14,51.45,300,
11:14:14,51.45,100,
11:14:22,51.45,100,
11:14:23,51.47,300,
11:14:24,51.471,1000,
11:14:25,51.47,300,
11:14:25,51.47,400,
11:14:25,51.47,100,
11:14:26,51.48,300,
11:14:27,51.461,1000,
11:14:29,51.47,400,
11:14:32,51.48,1600,
11:14:33,51.47,300,
11:14:34,51.469,1100,
11:14:47,51.471,1000,
11:14:50,51.49,100,
11:15:05,51.51,1000,
11:15:06,51.52,300,
11:15:10,51.52,100,
11:15:11,51.5211,1000,
11:15:21,51.54,100,
11:15:28,51.524,300,
11:15:31,51.54,1372,
11:15:31,51.531,200,
11:15:38,51.54,100,
11:15:39,51.56,300,
11:15:39,51.55,200,
11:15:40,51.555,1000,
11:15:43,51.5601,100,
11:15:45,51.60,100,
11:15:45,51.60,100,
11:15:45,51.59,100,
11:15:45,51.60,300,
11:15:45,51.60,100,
11:15:45,51.59,500,
11:15:45,51.61,100,
11:15:45,51.61,200,
11:15:46,51.6297,1000,
11:15:47,51.59,500,
11:15:48,51.61,285,
11:15:48,51.6259,650,
11:15:48,51.59,200,
11:15:48,51.60,200,
11:15:48,51.59,300,
11:15:52,51.5801,100,
11:15:53,51.58,200,
11:15:53,51.58,100,
11:16:02,51.63,100,
11:16:02,51.63,100,
11:16:03,51.6301,400,
11:16:04,51.62,300,
11:16:09,51.61,200,
11:16:12,51.612,700,
11:16:16,51.62,150,
11:16:25,51.619,100,
11:16:32,51.57,700,
11:16:35,51.5235,165,
11:16:49,51.522,800,
11:16:53,51.51,200,
11:17:02,51.52,100,
11:17:02,51.52,700,
11:17:41,51.5311,300,
11:18:01,51.52,600,
11:18:01,51.52,1000,
11:18:16,51.45,200,
11:18:16,51.43,200,
11:18:19,51.43,100,
11:18:19,51.4399,400,
11:18:24,51.41,300,
11:18:38,51.411,700,
11:18:42,51.41,500,
11:18:55,51.40,200,
11:18:55,51.38,100,
11:18:56,51.38,100,
11:18:57,51.38,235,
11:19:00,51.3776,190,
11:19:21,51.38,200,
11:19:21,51.37,4100,
11:19:21,51.37,300,
11:19:26,51.36,100,
11:19:26,51.35,100,
11:19:27,51.32,200,
11:19:32,51.35,200,
11:19:39,51.372,100,
11:19:41,51.38,100,
11:19:44,51.3899,2000,
11:19:56,51.4001,350,
11:20:05,51.414,200,
11:20:14,51.40,200,
11:20:14,51.41,200,
11:20:14,51.41,200,
11:20:14,51.44,300,
11:20:16,51.41,100,
11:20:27,51.45,300,
11:20:47,51.4301,2000,
11:21:02,51.466,1000,
11:21:04,51.48,100,
11:21:10,51.47,200,
11:21:13,51.47,200,
11:21:17,51.474,750,
11:21:26,51.4541,600,
11:21:30,51.47,100,
11:21:35,51.48,100,
11:21:35,51.48,100,
11:21:36,51.50,200,
11:21:49,51.50,200,
11:21:50,51.492,100,
11:22:32,51.4801,100,
11:22:42,51.4855,240,
11:23:12,51.474,1000,
11:23:25,51.47,100,
11:23:26,51.491,100,
11:24:04,51.471,1000,
11:24:26,51.50,100,
11:24:26,51.50,250,
11:24:26,51.50,400,
11:24:31,51.491,1000,
11:24:33,51.49,100,
11:24:33,51.49,100,
11:24:53,51.47,800,
11:25:24,51.50,100,
11:25:40,51.52,100,
11:25:40,51.52,200,
11:25:40,51.5189,200,
11:26:02,51.5201,102,
11:26:04,51.54,300,
11:26:14,51.521,100,
11:26:15,51.542,500,
11:26:41,51.5201,500,
11:26:50,51.52,100,
11:26:57,51.536,390,
11:27:17,51.51,200,
11:27:17,51.51,200,
11:27:22,51.51,700,
11:27:22,51.51,400,
11:27:22,51.51,100,
11:27:22,51.50,400,
11:27:22,51.50,100,
11:27:22,51.50,100,
11:27:22,51.50,100,
11:27:25,51.522,500,
11:27:47,51.52,100,
11:27:47,51.5202,950,
11:27:54,51.55,175,
11:27:54,51.55,100,
11:28:11,51.54,100,
11:28:11,51.54,200,
11:28:20,51.55,100,
11:28:20,51.55,100,
11:28:23,51.55,700,
11:28:26,51.5501,500,
11:28:43,51.5601,600,
11:28:57,51.57,100,
11:28:57,51.57,100,
11:29:02,51.56,100,
11:29:30,51.585,650,
11:29:43,51.56,500,
11:29:49,51.561,500,
11:29:55,51.51,700,
11:31:10,51.569,1700,
11:31:13,51.561,100,
11:31:18,51.5799,100,
11:31:18,51.5799,500,
11:31:19,51.5799,100,
11:31:19,51.5799,300,
11:31:19,51.5799,100,
11:31:20,51.5799,400,
11:31:20,51.5899,300,
11:31:20,51.59,200,
11:31:20,51.5899,1400,
11:31:20,51.5899,100,
11:31:20,51.5899,100,
11:31:20,51.5899,200,
11:31:20,51.5899,300,
11:31:29,51.57,200,
11:31:42,51.561,100,
11:32:09,51.566,250,
11:32:26,51.572,200,
11:32:30,51.57,200,
11:32:36,51.585,700,
11:32:52,51.561,150,
11:33:02,51.56,200,
11:33:03,51.549,500,
11:33:15,51.52,100,
11:33:21,51.516,200,
11:33:27,51.50,100,
11:33:30,51.491,1500,
11:33:30,51.491,200,
11:33:30,51.491,550,
11:33:31,51.47,100,
11:33:31,51.49,100,
11:33:31,51.471,100,
11:33:33,51.492,100,
11:33:44,51.472,500,
11:33:58,51.47,100,
11:34:39,51.50,100,
11:34:46,51.49,100,
11:34:46,51.49,100,
11:35:06,51.4701,300,
11:35:13,51.491,200,
11:35:28,51.50,200,
11:35:28,51.53,200,
11:35:57,51.51,300,
11:36:00,51.53,400,
11:36:13,51.5101,300,
11:36:21,51.51,100,
11:36:24,51.52,100,
11:36:28,51.5147,300,
11:36:50,51.54,100,
11:36:59,51.51,100,
11:37:18,51.51,100,
11:37:18,51.53,100,
11:37:18,51.53,100,
11:37:18,51.53,200,
11:37:18,51.53,100,
11:37:18,51.55,200,
11:37:18,51.55,100,
11:37:18,51.53,200,
11:37:18,51.51,100,
11:37:18,51.51,100,
11:37:23,51.531,140,
11:37:48,51.522,300,
11:38:10,51.53,100,
11:38:12,51.54,100,
11:38:20,51.522,300,
11:38:36,51.51,137,
11:38:36,51.51,100,
11:38:36,51.51,363,
11:38:44,51.49,300,
11:38:47,51.50,500,
11:38:47,51.50,100,
11:38:49,51.49,100,
11:38:58,51.491,700,
11:39:04,51.491,400,
11:39:04,51.491,100,
11:39:11,51.53,200,
11:39:11,51.53,100,
11:39:11,51.54,100,
11:39:11,51.53,100,
11:39:19,51.5101,4500,
11:39:22,51.56,300,
11:39:22,51.55,100,
11:39:22,51.57,300,
11:39:26,51.54,165,
11:39:26,51.52,300,
11:39:26,51.53,100,
11:39:26,51.53,200,
11:39:26,51.51,400,
11:39:26,51.50,500,
11:39:35,51.52,300,
11:39:44,51.55,100,
11:39:44,51.57,200,
11:39:44,51.57,200,
11:39:45,51.57,200,
11:39:45,51.56,100,
11:39:47,51.55,200,
11:39:47,51.55,200,
11:39:47,51.54,209,
11:39:58,51.516,500,
11:40:04,51.51,700,
11:40:04,51.51,500,
11:40:04,51.51,600,
11:40:04,51.51,200,
11:40:08,51.49,100,
11:40:09,51.54,100,
11:40:09,51.54,100,
11:40:24,51.51,200,
11:40:24,51.51,100,
11:40:42,51.55,100,
11:40:48,51.54,500,
11:40:54,51.53,200,
11:40:54,51.53,100,
11:40:54,51.53,200,
11:41:21,51.53,500,
11:41:21,51.53,300,
11:41:21,51.53,300,
11:41:23,51.5399,300,
11:41:29,51.525,125,
11:41:35,51.55,100,
11:41:35,51.55,200,
11:41:35,51.55,100,
11:41:35,51.55,200,
11:41:35,51.55,100,
11:41:42,51.549,1000,
11:41:45,51.56,100,
11:41:47,51.55,300,
11:41:47,51.55,300,
11:41:48,51.56,200,
11:41:48,51.57,100,
11:41:53,51.5899,500,
11:42:02,51.5899,100,
11:42:05,51.58,200,
11:42:20,51.58,100,
11:42:20,51.58,100,
11:42:20,51.5852,100,
11:42:23,51.58,100,
11:42:36,51.5802,400,
11:42:43,51.60,100,
11:42:43,51.60,100,
11:42:46,51.598,500,
11:43:00,51.58,100,
11:43:33,51.5545,329,
11:43:44,51.55,300,
11:43:46,51.56,100,
11:43:52,51.541,150,
11:43:57,51.55,100,
11:44:15,51.58,100,
11:44:37,51.5645,383,
11:44:55,51.591,100,
11:45:14,51.6052,100,
11:45:17,51.6199,100,
11:45:22,51.59,341,
11:45:24,51.5901,200,
11:45:25,51.57,300,
11:45:26,51.61,300,
11:45:29,51.5841,247,
11:45:34,51.5802,380,
11:45:40,51.5791,300,
11:45:42,51.57,200,
11:45:42,51.57,300,
11:45:42,51.57,200,
11:45:42,51.57,300,
11:45:57,51.58,100,
11:46:02,51.61,300,
11:46:08,51.5802,190,
11:46:20,51.603,198,
11:46:23,51.618,700,
11:46:35,51.6199,200,
11:46:37,51.60,200,
11:46:44,51.6011,100,
11:46:58,51.62,100,
11:47:00,51.62,150,
11:47:13,51.604,500,
11:47:29,51.616,1000,
11:47:35,51.612,300,
11:47:49,51.64,100,
11:47:49,51.64,100,
11:47:49,51.63,200,
11:47:49,51.63,100,
11:47:52,51.63,100,
11:47:53,51.65,200,
11:47:53,51.65,2100,
11:47:59,51.62,100,
11:48:13,51.63,100,
11:48:18,51.64,300,
11:48:18,51.65,500,
11:48:18,51.65,100,
11:48:18,51.66,100,
11:48:20,51.6549,149,
11:48:24,51.66,200,
11:48:26,51.65,200,
11:48:38,51.64,200,
11:48:38,51.63,100,
11:48:38,51.63,200,
11:48:39,51.65,300,
11:48:39,51.66,100,
11:48:39,51.66,100,
11:48:39,51.66,100,
11:48:41,51.632,160,
11:48:43,51.66,300,
11:48:46,51.66,300,
11:48:46,51.65,700,
11:48:46,51.65,100,
11:48:46,51.64,300,
11:48:46,51.65,400,
11:48:46,51.62,700,
11:49:00,51.642,250,
11:49:28,51.64,100,
11:49:28,51.641,275,
11:49:28,51.64,200,
11:49:32,51.6001,200,
11:49:43,51.611,200,
11:50:00,51.6201,300,
11:50:01,51.61,300,
11:50:01,51.62,100,
11:50:01,51.62,100,
11:50:05,51.5901,300,
11:50:16,51.60,100,
11:50:24,51.5844,100,
11:50:42,51.62,100,
11:50:45,51.6001,2000,
11:50:46,51.60,200,
11:50:49,51.60,100,
11:50:51,51.62,200,
11:50:51,51.62,100,
11:50:55,51.60,200,
11:50:55,51.60,100,
11:50:55,51.602,300,
11:50:56,51.62,100,
11:50:56,51.62,300,
11:51:05,51.6002,231,
11:51:27,51.623,100,
11:51:51,51.6201,2000,
11:52:30,51.62,200,
11:52:30,51.62,100,
11:52:34,51.621,1200,
11:52:45,51.65,100,
11:52:45,51.65,200,
11:52:45,51.65,300,
11:52:45,51.65,400,
11:52:53,51.6699,161,
11:53:25,51.6703,500,
11:53:32,51.699,600,
11:53:35,51.71,100,
11:53:37,51.71,100,
11:53:41,51.706,200,
11:53:44,51.72,200,
11:53:44,51.73,300,
11:53:44,51.73,100,
11:53:54,51.7201,100,
11:53:55,51.72,200,
11:53:56,51.73,283,
11:53:56,51.74,199,
11:53:58,51.75,100,
11:53:58,51.75,130,
11:54:03,51.75,200,
11:54:33,51.77,603,
11:54:33,51.77,200,
11:54:36,51.7798,100,
11:54:43,51.77,200,
11:54:43,51.76,300,
11:54:47,51.79,200,
11:54:49,51.77,200,
11:54:50,51.786,100,
11:54:51,51.79,100,
11:54:51,51.80,100,
11:54:51,51.81,100,
11:54:51,51.81,300,
11:54:51,51.81,200,
11:54:51,51.80,100,
11:54:53,51.8198,1899,
11:54:53,51.82,300,
11:54:54,51.8155,235,
11:54:56,51.8101,100,
11:54:56,51.84,100,
11:54:59,51.84,300,
11:54:59,51.85,500,
11:54:59,51.839,210,
11:55:00,51.85,100,
11:55:00,51.85,200,
11:55:00,51.85,250,
11:55:00,51.85,100,
11:55:01,51.85,100,
11:55:01,51.85,100,
11:55:03,51.85,100,
11:55:03,51.85,100,
11:55:03,51.85,100,
11:55:03,51.86,200,
11:55:05,51.87,280,
11:55:05,51.879,100,
11:55:07,51.87,300,
11:55:07,51.86,700,
11:55:08,51.86,200,
11:55:12,51.87,100,
11:55:17,51.88,800,
11:55:19,51.85,100,
11:55:19,51.8599,286,
11:55:25,51.85,100,
11:55:27,51.86,300,
11:55:28,51.84,300,
11:55:28,51.84,500,
11:55:34,51.818,600,
11:55:35,51.83,100,
11:55:35,51.83,100,
11:55:36,51.87,300,
11:55:36,51.87,300,
11:55:37,51.86,700,
11:55:37,51.86,200,
11:55:37,51.86,300,
11:55:37,51.858,350,
11:55:41,51.86,100,
11:55:50,51.87,200,
11:55:50,51.86,200,
11:55:50,51.86,200,
11:55:50,51.87,500,
11:55:50,51.86,100,
11:56:08,51.89,250,
11:56:11,51.88,614,
11:56:13,51.90,100,
11:56:13,51.88,100,
11:56:18,51.89,200,
11:56:20,51.88,200,
11:56:20,51.90,200,
11:56:21,51.88,100,
11:56:32,51.90,100,
11:56:32,51.90,300,
11:56:32,51.90,100,
11:56:32,51.90,100,
11:56:32,51.90,100,
11:56:34,51.90,599,
11:56:44,51.8901,100,
11:56:44,51.8901,200,
11:56:45,51.89,100,
11:56:45,51.89,200,
11:57:00,51.924,100,
11:57:02,51.92,200,
11:57:02,51.92,600,
11:57:02,51.93,100,
11:57:05,51.94,100,
11:57:06,51.938,100,
11:57:06,51.93,100,
11:57:12,51.95,900,
11:57:13,51.9499,1000,
11:57:14,51.94,200,
11:57:15,51.93,100,
11:57:28,51.95,100,
11:57:32,51.958,600,
11:57:43,51.941,100,
11:57:54,51.944,600,
11:58:01,51.9405,100,
11:58:01,51.9405,100,
11:58:05,51.951,500,
11:58:31,51.96,900,
11:58:37,51.943,100,
11:58:41,51.95,500,
11:58:44,51.95,100,
11:58:47,51.94,100,
11:58:48,51.94,100,
11:58:50,51.95,300,
11:58:51,51.94,200,
11:58:51,51.92,100,
11:58:51,51.92,500,
11:58:51,51.91,100,
11:58:51,51.92,100,
11:58:53,51.94,300,
11:58:53,51.94,300,
11:58:53,51.94,300,
11:58:53,51.94,200,
11:58:53,51.94,700,
11:58:53,51.94,300,
11:58:53,51.95,200,
11:58:54,51.96,100,
11:58:54,51.96,300,
11:58:54,51.96,300,
11:58:55,51.94,300,
11:59:01,51.96,100,
11:59:04,51.96,100,
11:59:09,51.951,700,
11:59:09,51.9511,300,
11:59:24,51.9599,300,
11:59:30,51.941,280,
11:59:31,51.9401,200,
11:59:33,51.96,200,
11:59:42,51.95,400,
11:59:51,51.951,100,
11:59:57,51.96,300,
12:00:04,51.94,200,
12:00:04,51.94,300,
12:00:04,51.94,200,
12:00:04,51.94,275,
12:00:11,51.9401,500,
12:00:21,51.9489,466,
12:00:33,51.921,300,
12:00:34,51.93,100,
12:00:34,51.93,100,
12:00:34,51.93,200,
12:00:34,51.93,200,
12:00:34,51.93,100,
12:00:35,51.94,500,
12:00:42,51.9355,140,
12:00:50,51.92,100,
12:00:53,51.9201,4000,
12:01:00,51.921,500,
12:01:07,51.95,100,
12:01:11,51.94,100,
12:01:23,51.96,100,
12:01:24,51.9601,100,
12:01:27,51.964,350,
12:01:30,51.9789,461,
12:01:31,51.97,200,
12:01:37,51.97,900,
12:01:37,51.97,100,
12:01:37,51.97,100,
12:01:38,51.992,200,
12:01:38,51.99,500,
12:01:38,51.99,100,
12:01:38,51.99,100,
12:01:39,52,300,
12:01:39,52,200,
12:01:39,52,100,
12:01:39,52,200,
12:01:39,51.991,100,
12:01:42,51.99,100,
12:01:43,52.02,100,
12:01:43,52.02,300,
12:01:43,52.03,200,
12:01:43,52,435,
12:01:43,52,165,
12:01:43,52.01,100,
12:01:43,52,162,
12:01:43,52,200,
12:01:43,52,250,
12:01:43,52.02,100,
12:01:44,51.99,200,
12:01:44,51.97,300,
12:01:44,51.98,100,
12:01:44,51.98,100,
12:01:44,51.98,100,
12:01:44,51.97,100,
12:01:44,51.97,200,
12:01:44,51.97,700,
12:01:44,51.97,300,
12:01:53,52.01,300,
12:01:54,51.99,200,
12:01:54,51.99,200,
12:01:54,51.99,100,
12:01:54,51.97,500,
12:01:54,51.97,700,
12:01:54,51.97,900,
12:01:54,51.97,200,
12:01:57,51.984,600,
12:02:05,52,200,
12:02:05,52.01,300,
12:02:05,52.01,200,
12:02:05,52.02,100,
12:02:05,52.02,200,
12:02:09,52.012,300,
12:02:12,52.01,100,
12:02:12,52.01,300,
12:02:12,52,300,
12:02:12,52.01,500,
12:02:12,52.01,500,
12:02:12,52.01,200,
12:02:12,52.01,300,
12:02:12,52.01,100,
12:02:12,52.01,300,
12:02:12,52.01,100,
12:02:12,52.01,100,
12:02:12,52.01,100,
12:02:12,52,200,
12:02:12,52,100,
12:02:12,52.01,200,
12:02:12,52,200,
12:02:12,52,200,
12:02:12,52.01,100,
12:02:12,52,500,
12:02:19,52.0286,100,
12:02:20,52.01,500,
12:02:20,52.01,200,
12:02:33,52.03,100,
12:02:33,52.03,1600,
12:02:34,52.01,500,
12:02:42,52.01,100,
12:02:45,52.002,200,
12:02:48,52.01,100,
12:02:51,52.01,700,
12:02:51,51.99,200,
12:02:55,51.9989,1000,
12:03:00,51.9602,1471,
12:03:00,51.9701,200,
12:03:02,51.977,200,
12:03:16,51.95,100,
12:03:35,51.975,500,
12:03:47,51.931,1325,
12:03:55,51.931,100,
12:03:56,51.96,100,
12:03:56,51.96,100,
12:03:56,51.96,100,
12:04:00,51.97,100,
12:04:01,51.9535,100,
12:04:07,51.961,290,
12:04:13,51.95,100,
12:04:17,51.95,300,
12:04:18,51.95,100,
12:04:18,51.95,100,
12:04:19,51.952,1016,
12:04:24,51.93,300,
12:04:27,51.9399,300,
12:04:33,51.90,100,
12:04:39,51.90,100,
12:04:39,51.90,300,
12:04:47,51.9298,395,
12:05:02,51.89,200,
12:05:11,51.89,400,
12:05:15,51.90,200,
12:05:18,51.89,410,
12:05:25,51.90,500,
12:05:25,51.88,2000,
12:05:44,51.88,100,
12:05:50,51.881,110,
12:05:55,51.89,300,
12:05:55,51.89,100,
12:05:55,51.89,100,
12:05:57,51.8801,200,
12:06:00,51.88,100,
12:06:00,51.86,100,
12:06:02,51.87,300,
12:06:04,51.868,200,
12:06:12,51.87,200,
12:06:25,51.86,200,
12:06:29,51.862,1000,
12:06:41,51.85,900,
12:06:55,51.86,200,
12:07:00,51.86,100,
12:07:10,51.8401,100,
12:07:11,51.8599,300,
12:07:15,51.8599,300,
12:07:18,51.87,200,
12:07:55,51.84,3500,
12:07:55,51.84,700,
12:07:55,51.84,4000,
12:07:55,51.84,100,
12:07:55,51.84,100,
12:07:55,51.84,200,
12:07:59,51.8399,400,
12:08:05,51.78,200,
12:08:05,51.78,2000,
12:08:21,51.80,100,
12:08:21,51.80,100,
12:08:21,51.78,100,
12:08:21,51.80,100,
12:08:33,51.78,166,
12:08:33,51.78,100,
12:08:33,51.7811,466,
12:08:36,51.78,100,
12:08:38,51.785,1500,
12:08:38,51.78,100,
12:08:45,51.7899,600,
12:08:46,51.7603,100,
12:08:46,51.76,200,
12:08:46,51.76,1000,
12:08:53,51.7898,2400,
12:08:55,51.77,100,
12:09:04,51.75,600,
12:09:04,51.74,100,
12:09:05,51.73,100,
12:09:05,51.73,200,
12:09:07,51.73,100,
12:09:11,51.74,361,
12:09:11,51.74,100,
12:09:25,51.73,100,
12:09:27,51.72,400,
12:09:27,51.72,200,
12:09:33,51.7372,600,
12:09:35,51.721,400,
12:09:37,51.722,900,
12:09:42,51.74,100,
12:09:46,51.74,500,
12:09:53,51.721,300,
12:09:55,51.72,100,
12:09:57,51.72,300,
12:10:08,51.72,200,
12:10:08,51.71,500,
12:10:08,51.701,200,
12:10:10,51.70,400,
12:10:25,51.73,100,
12:10:27,51.73,100,
12:10:33,51.74,100,
12:10:37,51.74,200,
12:10:41,51.74,100,
12:10:41,51.75,100,
12:10:50,51.74,100,
12:10:56,51.73,150,
12:11:08,51.77,200,
12:11:08,51.77,100,
12:11:08,51.77,200,
12:11:08,51.77,100,
12:11:08,51.75,600,
12:11:08,51.75,100,
12:11:08,51.75,600,
12:11:08,51.75,299,
12:11:11,51.76,100,
12:11:13,51.76,100,
12:11:13,51.76,100,
12:11:13,51.76,300,
12:11:14,51.7794,500,
12:11:17,51.75,200,
12:11:17,51.76,2400,
12:11:17,51.76,236,
12:11:18,51.7673,1000,
12:11:19,51.77,100,
12:11:30,51.75,300,
12:11:43,51.76,190,
12:11:55,51.762,100,
12:11:58,51.762,200,
12:12:11,51.7699,300,
12:12:13,51.76,500,
12:12:13,51.75,200,
12:12:20,51.758,500,
12:12:30,51.77,200,
12:12:30,51.75,200,
12:12:30,51.75,400,
12:12:41,51.74,400,
12:12:48,51.731,100,
12:12:55,51.7341,900,
12:12:58,51.7399,700,
12:13:07,51.77,200,
12:13:39,51.741,1000,
12:14:32,51.74,500,
12:14:32,51.74,2000,
12:14:37,51.74,500,
12:14:37,51.73,176,
12:14:37,51.743,4100,
12:14:45,51.77,200,
12:14:45,51.76,100,
12:14:45,51.77,400,
12:14:46,51.77,100,
12:14:55,51.73,500,
12:14:55,51.73,100,
12:14:55,51.741,200,
12:14:57,51.73,500,
12:14:57,51.73,300,
12:14:59,51.73,500,
12:14:59,51.73,4400,
12:14:59,51.73,200,
12:14:59,51.73,700,
12:14:59,51.73,100,
12:14:59,51.73,100,
12:15:03,51.731,200,
12:15:03,51.73,500,
12:15:03,51.73,500,
12:15:03,51.73,500,
12:15:05,51.73,500,
12:15:05,51.73,500,
12:15:15,51.735,100,
12:15:15,51.74,100,
12:15:15,51.74,300,
12:15:15,51.74,100,
12:15:15,51.74,500,
12:15:16,51.73,4400,
12:15:17,51.74,400,
12:15:25,51.70,500,
12:15:25,51.70,500,
12:15:25,51.70,100,
12:15:32,51.70,500,
12:15:33,51.70,200,
12:15:33,51.70,3500,
12:15:34,51.704,900,
12:15:39,51.69,400,
12:15:44,51.708,600,
12:15:44,51.708,700,
12:15:44,51.71,1700,
12:15:44,51.71,200,
12:15:44,51.71,200,
12:15:44,51.71,900,
12:15:47,51.71,300,
12:15:54,51.6715,400,
12:15:55,51.69,200,
12:16:20,51.70,500,
12:16:23,51.69,500,
12:16:28,51.70,500,
12:16:28,51.72,100,
12:16:34,51.72,400,
12:16:38,51.72,3500,
12:16:38,51.72,100,
12:16:38,51.72,100,
12:16:45,51.74,100,
12:16:49,51.738,900,
12:16:54,51.72,300,
12:17:01,51.74,100,
12:17:01,51.74,200,
12:17:03,51.731,600,
12:17:06,51.748,1000,
12:17:17,51.73,100,
12:17:18,51.731,100,
12:17:32,51.747,100,
12:18:00,51.74,100,
12:18:25,51.751,250,
12:18:45,51.73,100,
12:18:45,51.73,3099,
12:18:45,51.73,100,
12:18:45,51.721,100,
12:18:46,51.74,100,
12:18:46,51.74,200,
12:18:57,51.7254,1000,
12:19:20,51.743,250,
12:19:56,51.76,100,
12:20:18,51.77,100,
12:20:38,51.77,500,
12:20:38,51.77,500,
12:20:38,51.77,500,
12:20:40,51.77,500,
12:20:40,51.77,500,
12:20:40,51.77,500,
12:20:43,51.75,500,
12:20:46,51.76,300,
12:20:46,51.76,500,
12:20:46,51.76,500,
12:20:46,51.76,300,
12:20:46,51.76,100,
12:20:46,51.76,500,
12:20:47,51.76,100,
12:20:49,51.79,6270,
12:21:05,51.751,200,
12:21:30,51.77,200,
12:21:35,51.751,600,
12:21:54,51.7503,100,
12:22:39,51.7599,100,
12:22:40,51.73,2600,
12:22:43,51.7301,100,
12:22:53,51.736,100,
12:23:10,51.75,100,
12:24:22,51.7601,100,
12:24:23,51.77,200,
12:24:46,51.78,100,
12:24:46,51.78,100,
12:24:52,51.752,1000,
12:24:55,51.7799,100,
12:25:22,51.77,300,
12:25:29,51.79,200,
12:26:12,51.78,100,
12:26:12,51.78,100,
12:26:38,51.78,200,
12:26:40,51.78,100,
12:26:52,51.78,100,
12:26:52,51.78,100,
12:26:59,51.771,600,
12:27:01,51.79,100,
12:27:01,51.79,100,
12:27:16,51.771,300,
12:27:18,51.79,100,
12:27:45,51.82,200,
12:27:46,51.82,100,
12:27:46,51.82,100,
12:27:50,51.83,200,
12:28:23,51.83,200,
12:28:33,51.83,100,
12:28:45,51.84,300,
12:28:57,51.84,162,
12:29:04,51.84,300,
12:29:16,51.8395,400,
12:29:29,51.87,300,
12:29:29,51.86,200,
12:29:29,51.86,300,
12:29:29,51.87,300,
12:29:29,51.87,200,
12:29:30,51.86,299,
12:29:33,51.8602,2000,
12:29:33,51.86,266,
12:29:37,51.88,200,
12:29:39,51.8801,1000,
12:29:43,51.89,100,
12:29:43,51.90,100,
12:29:43,51.89,100,
12:29:47,51.908,1000,
12:29:57,51.91,100,
12:30:08,51.906,1840,
12:30:13,51.90,100,
12:30:15,51.91,100,
12:30:27,51.92,300,
12:30:27,51.93,100,
12:30:27,51.94,111,
12:30:31,51.9001,200,
12:31:06,51.882,100,
12:31:12,51.862,1000,
12:31:41,51.84,100,
12:31:41,51.82,2000,
12:31:48,51.85,100,
12:32:02,51.85,200,
12:32:24,51.82,200,
12:32:57,51.81,100,
12:32:57,51.81,100,
12:33:08,51.79,100,
12:33:24,51.792,300,
12:33:50,51.78,100,
12:34:02,51.82,100,
12:34:02,51.79,169,
12:34:02,51.80,600,
12:34:02,51.80,200,
12:34:03,51.79,200,
12:34:07,51.79,300,
12:34:17,51.81,2000,
12:34:49,51.79,100,
12:35:18,51.7777,100,
12:35:59,51.73,500,
12:36:01,51.73,700,
12:36:01,51.712,1000,
12:36:08,51.74,100,
12:36:08,51.75,100,
12:36:08,51.75,200,
12:36:13,51.75,1899,
12:36:15,51.75,100,
12:36:37,51.73,700,
12:36:58,51.7301,100,
12:37:03,51.73,500,
12:37:03,51.73,400,
12:37:03,51.73,600,
12:37:03,51.73,600,
12:37:03,51.73,300,
12:37:03,51.73,300,
12:37:03,51.73,300,
12:37:12,51.7101,300,
12:37:16,51.71,100,
12:37:26,51.74,300,
12:37:26,51.76,200,
12:37:26,51.76,100,
12:37:26,51.74,100,
12:37:33,51.734,100,
12:37:35,51.75,100,
12:37:48,51.752,179,
12:37:51,51.75,100,
12:37:51,51.75,1400,
12:37:55,51.75,100,
12:38:12,51.75,500,
12:38:12,51.75,1500,
12:38:13,51.73,300,
12:38:53,51.71,500,
12:38:53,51.7102,900,
12:39:02,51.74,100,
12:39:21,51.7301,1700,
12:39:21,51.73,300,
12:39:21,51.73,200,
12:39:21,51.73,900,
12:39:34,51.71,200,
12:39:34,51.71,500,
12:39:50,51.711,100,
12:40:00,51.73,100,
12:40:00,51.73,100,
12:40:00,51.73,200,
12:40:00,51.75,200,
12:40:09,51.711,100,
12:40:26,51.735,100,
12:40:40,51.74,1300,
12:40:57,51.74,200,
12:40:57,51.74,200,
12:40:57,51.74,5400,
12:41:02,51.75,100,
12:41:02,51.75,100,
12:41:02,51.75,100,
12:41:16,51.73,108,
12:41:25,51.726,500,
12:41:40,51.738,250,
12:42:18,51.72,300,
12:42:30,51.6832,100,
12:42:41,51.68,2000,
12:42:54,51.692,1000,
12:43:40,51.689,200,
12:43:45,51.69,100,
12:43:45,51.69,100,
12:43:48,51.69,200,
12:43:48,51.69,200,
12:43:48,51.69,200,
12:43:48,51.70,200,
12:43:49,51.70,400,
12:43:49,51.70,100,
12:43:49,51.67,100,
12:44:08,51.70,200,
12:44:08,51.70,300,
12:44:20,51.71,100,
12:44:20,51.71,400,
12:44:20,51.71,200,
12:44:20,51.72,100,
12:44:20,51.702,500,
12:44:20,51.70,100,
12:44:21,51.7062,100,
12:44:23,51.72,100,
12:44:23,51.72,100,
12:44:23,51.72,100,
12:44:23,51.72,100,
12:44:32,51.7165,400,
12:44:37,51.696,100,
12:44:54,51.6801,400,
12:45:10,51.68,1300,
12:45:10,51.68,400,
12:45:19,51.67,100,
12:45:19,51.68,200,
12:45:19,51.68,100,
12:45:19,51.68,100,
12:45:19,51.67,400,
12:45:28,51.67,100,
12:45:50,51.6514,200,
12:46:01,51.6601,2000,
12:46:02,51.68,100,
12:46:02,51.68,100,
12:46:25,51.67,640,
12:46:30,51.6789,100,
12:47:04,51.66,100,
12:47:11,51.651,300,
12:47:13,51.652,900,
12:47:42,51.65,300,
12:47:42,51.6402,500,
12:47:43,51.6401,800,
12:47:43,51.641,200,
12:47:49,51.67,200,
12:48:10,51.652,100,
12:48:44,51.67,200,
12:48:58,51.642,225,
12:49:16,51.658,200,
12:49:17,51.6599,200,
12:49:38,51.66,100,
12:49:38,51.66,100,
12:49:47,51.621,100,
12:49:48,51.62,100,
12:49:48,51.62,100,
12:49:48,51.62,600,
12:49:48,51.62,200,
12:49:48,51.64,100,
12:49:48,51.64,600,
12:49:49,51.60,300,
12:49:49,51.60,100,
12:49:49,51.60,200,
12:49:49,51.60,100,
12:49:49,51.60,100,
12:49:49,51.60,100,
12:50:11,51.6001,400,
12:50:29,51.601,100,
12:50:47,51.6001,2000,
12:51:22,51.588,500,
12:51:43,51.60,300,
12:51:47,51.63,300,
12:51:47,51.63,100,
12:52:49,51.65,100,
12:52:49,51.65,100,
12:52:55,51.65,100,
12:52:55,51.65,300,
12:53:02,51.65,100,
12:53:04,51.65,300,
12:53:22,51.648,1000,
12:53:46,51.65,100,
12:53:46,51.65,200,
12:53:48,51.64,100,
12:53:48,51.64,200,
12:53:48,51.64,100,
12:53:50,51.66,100,
12:53:50,51.66,150,
12:53:51,51.66,250,
12:53:51,51.66,600,
12:53:59,51.641,500,
12:54:06,51.66,200,
12:54:08,51.67,100,
12:54:08,51.67,200,
12:54:10,51.67,100,
12:54:10,51.67,100,
12:54:11,51.67,100,
12:54:21,51.68,300,
12:54:25,51.68,200,
12:54:25,51.6899,600,
12:54:29,51.688,500,
12:54:33,51.70,100,
12:55:43,51.68,100,
12:55:57,51.69,100,
12:55:57,51.69,100,
12:55:57,51.70,100,
12:56:00,51.67,100,
12:56:32,51.71,300,
12:56:34,51.72,100,
12:56:34,51.72,100,
12:56:41,51.718,400,
12:56:47,51.71,100,
12:56:50,51.72,500,
12:56:50,51.72,1100,
12:56:50,51.72,288,
12:56:50,51.72,1000,
12:56:56,51.71,200,
12:57:08,51.71,2400,
12:57:08,51.71,512,
12:57:10,51.71,100,
12:57:41,51.71,100,
12:57:41,51.70,100,
12:57:54,51.67,100,
12:57:54,51.66,200,
12:58:05,51.666,800,
12:58:11,51.6501,200,
12:58:29,51.6401,100,
12:58:30,51.6301,100,
12:58:31,51.6307,100,
12:58:32,51.6301,2000,
12:58:50,51.64,100,
12:59:11,51.65,100,
12:59:30,51.65,100,
12:59:30,51.65,400,
12:59:50,51.69,100,
12:59:50,51.69,300,
12:59:55,51.67,100,
13:00:14,51.71,100,
13:00:20,51.70,100,
13:00:24,51.72,100,
13:00:24,51.72,100,
13:00:27,51.72,300,
13:00:27,51.75,100,
13:00:32,51.72,100,
13:00:34,51.7101,2000,
13:00:38,51.71,200,
13:00:44,51.715,500,
13:00:58,51.69,200,
13:01:16,51.69,200,
13:03:26,51.68,100,
13:04:15,51.6901,300,
13:04:54,51.7001,7500,
13:05:02,51.7175,100,
13:05:04,51.71,100,
13:05:15,51.73,100,
13:05:26,51.72,100,
13:05:29,51.72,200,
13:05:29,51.72,200,
13:05:35,51.72,100,
13:06:07,51.73,200,
13:06:07,51.73,474,
13:06:07,51.73,300,
13:06:07,51.73,2725,
13:06:07,51.73,3200,
13:06:07,51.75,100,
13:06:07,51.73,300,
13:06:07,51.73,300,
13:06:24,51.74,100,
13:06:42,51.738,500,
13:06:57,51.72,100,
13:06:59,51.72,200,
13:06:59,51.72,500,
13:06:59,51.72,100,
13:06:59,51.72,600,
13:06:59,51.72,700,
13:06:59,51.72,200,
13:06:59,51.72,200,
13:06:59,51.72,100,
13:07:17,51.74,100,
13:07:17,51.74,100,
13:07:22,51.737,300,
13:07:33,51.74,3200,
13:07:33,51.75,300,
13:07:33,51.75,200,
13:08:24,51.72,100,
13:08:25,51.72,100,
13:08:57,51.738,125,
13:09:26,51.74,100,
13:09:26,51.74,100,
13:09:36,51.7314,1030,
13:10:27,51.7345,141,
13:10:51,51.74,200,
13:10:51,51.74,100,
13:11:03,51.75,200,
13:11:13,51.76,100,
13:11:52,51.75,300,
13:12:10,51.78,200,
13:12:35,51.761,100,
13:12:36,51.7656,600,
13:12:45,51.788,500,
13:12:56,51.81,300,
13:12:56,51.82,200,
13:12:56,51.82,100,
13:12:56,51.81,300,
13:12:58,51.83,200,
13:12:58,51.83,100,
13:12:59,51.84,100,
13:12:59,51.84,289,
13:12:59,51.83,300,
13:12:59,51.83,300,
13:12:59,51.84,200,
13:13:04,51.85,100,
13:13:04,51.8499,3400,
13:13:18,51.842,1000,
13:13:28,51.868,500,
13:13:32,51.85,100,
13:13:32,51.85,290,
13:13:32,51.85,100,
13:13:35,51.83,100,
13:13:35,51.82,200,
13:13:37,51.81,100,
13:13:56,51.83,200,
13:14:14,51.85,700,
13:14:16,51.86,300,
13:14:16,51.86,100,
13:14:16,51.86,100,
13:15:11,51.852,145,
13:15:17,51.87,3200,
13:15:28,51.85,300,
13:15:28,51.85,200,
13:15:38,51.8699,400,
13:15:48,51.87,100,
13:15:48,51.87,100,
13:15:49,51.85,200,
13:15:49,51.85,300,
13:15:49,51.85,200,
13:15:49,51.85,300,
13:15:49,51.85,500,
13:15:49,51.85,300,
13:15:49,51.85,100,
13:15:49,51.85,300,
13:15:49,51.85,900,
13:15:49,51.85,300,
13:15:49,51.85,100,
13:15:51,51.85,100,
13:15:51,51.85,100,
13:15:51,51.85,100,
13:15:56,51.8501,1300,
13:15:56,51.85,500,
13:15:56,51.85,600,
13:15:56,51.85,100,
13:15:56,51.85,100,
13:15:56,51.85,900,
13:15:56,51.85,900,
13:15:57,51.85,100,
13:15:58,51.85,100,
13:15:58,51.85,300,
13:15:58,51.85,300,
13:15:58,51.85,500,
13:15:58,51.85,100,
13:15:58,51.85,300,
13:15:58,51.85,300,
13:15:58,51.85,300,
13:16:03,51.842,1000,
13:16:05,51.84,102,
13:16:06,51.85,600,
13:16:18,51.845,600,
13:16:24,51.8401,420,
13:16:39,51.85,200,
13:16:39,51.85,200,
13:16:41,51.86,100,
13:16:41,51.86,100,
13:16:45,51.868,100,
13:16:56,51.86,100,
13:16:56,51.85,300,
13:17:00,51.85,100,
13:17:00,51.85,503,
13:17:00,51.85,100,
13:17:00,51.85,300,
13:17:00,51.85,300,
13:17:00,51.85,397,
13:17:00,51.85,700,
13:17:00,51.85,300,
13:17:00,51.85,300,
13:17:00,51.85,300,
13:17:03,51.858,126,
13:17:05,51.855,200,
13:17:16,51.851,200,
13:17:16,51.85,300,
13:17:16,51.85,800,
13:17:16,51.85,600,
13:17:20,51.8501,2000,
13:17:30,51.85,1000,
13:17:35,51.87,200,
13:17:39,51.855,800,
13:18:06,51.855,100,
13:18:10,51.86,200,
13:18:10,51.8501,100,
13:18:14,51.8699,300,
13:18:30,51.86,200,
13:18:30,51.86,100,
13:18:34,51.859,1000,
13:18:57,51.851,150,
13:19:27,51.8401,1400,
13:19:39,51.8201,100,
13:19:40,51.824,100,
13:19:44,51.8201,500,
13:19:59,51.80,100,
13:20:18,51.78,200,
13:20:28,51.781,143,
13:20:30,51.78,100,
13:20:31,51.76,100,
13:20:31,51.76,300,
13:20:31,51.762,100,
13:20:31,51.75,400,
13:20:31,51.75,100,
13:20:32,51.74,300,
13:20:32,51.74,100,
13:20:41,51.7414,100,
13:21:00,51.75,200,
13:21:07,51.744,300,
13:21:23,51.7801,150,
13:21:26,51.78,300,
13:21:28,51.79,300,
13:21:28,51.79,300,
13:21:28,51.79,300,
13:21:28,51.79,300,
13:21:28,51.79,200,
13:21:28,51.79,200,
13:21:58,51.81,100,
13:22:01,51.809,100,
13:22:42,51.7801,100,
13:22:58,51.78,700,
13:23:29,51.77,200,
13:23:38,51.7599,300,
13:23:47,51.743,200,
13:23:47,51.76,100,
13:23:49,51.78,100,
13:23:52,51.782,200,
13:23:54,51.78,100,
13:24:06,51.78,300,
13:24:22,51.76,300,
13:25:00,51.741,550,
13:25:01,51.76,100,
13:25:05,51.755,700,
13:25:14,51.74,100,
13:25:16,51.74,100,
13:25:30,51.74,100,
13:25:43,51.722,200,
13:26:17,51.75,100,
13:26:17,51.76,100,
13:26:17,51.76,100,
13:26:26,51.76,200,
13:26:27,51.76,300,
13:26:42,51.76,100,
13:26:42,51.76,300,
13:26:53,51.73,400,
13:27:30,51.74,300,
13:27:30,51.75,100,
13:27:30,51.75,400,
13:27:30,51.75,200,
13:27:30,51.75,100,
13:27:30,51.76,300,
13:27:30,51.76,100,
13:27:30,51.76,300,
13:27:30,51.76,200,
13:27:30,51.77,100,
13:27:30,51.76,235,
13:27:35,51.76,200,
13:27:40,51.769,500,
13:27:41,51.7699,2000,
13:27:49,51.761,125,
13:28:20,51.77,800,
13:28:26,51.79,100,
13:28:51,51.75,300,
13:29:07,51.752,200,
13:29:49,51.764,360,
13:30:19,51.761,125,
13:30:31,51.7602,100,
13:31:10,51.74,200,
13:31:18,51.7399,300,
13:31:23,51.736,200,
13:31:31,51.72,100,
13:31:31,51.72,100,
13:31:31,51.72,200,
13:31:32,51.702,1000,
13:31:39,51.72,100,
13:31:47,51.72,300,
13:31:59,51.72,100,
13:31:59,51.72,200,
13:32:17,51.72,100,
13:32:17,51.72,100,
13:32:32,51.75,400,
13:33:00,51.77,300,
13:33:11,51.77,100,
13:33:11,51.77,100,
13:33:11,51.77,100,
13:33:15,51.7788,200,
13:33:21,51.79,200,
13:33:21,51.79,100,
13:33:35,51.799,400,
13:33:45,51.80,300,
13:34:11,51.77,200,
13:34:29,51.78,100,
13:34:43,51.79,200,
13:34:43,51.79,300,
13:34:43,51.79,600,
13:34:43,51.79,300,
13:34:43,51.79,200,
13:34:54,51.82,200,
13:34:54,51.82,300,
13:34:58,51.84,100,
13:34:58,51.82,100,
13:34:58,51.84,300,
13:34:58,51.84,300,
13:35:00,51.8101,425,
13:35:02,51.834,400,
13:35:11,51.81,100,
13:35:11,51.81,100,
13:35:11,51.81,100,
13:35:11,51.81,100,
13:35:11,51.81,100,
13:35:32,51.83,100,
13:35:34,51.8201,2000,
13:36:43,51.79,100,
13:36:49,51.81,300,
13:36:49,51.82,100,
13:36:49,51.82,200,
13:36:55,51.84,100,
13:36:55,51.84,100,
13:36:55,51.83,200,
13:36:55,51.84,100,
13:36:55,51.84,100,
13:36:55,51.85,100,
13:36:55,51.86,300,
13:36:55,51.85,100,
13:37:21,51.84,100,
13:37:21,51.84,200,
13:37:21,51.84,100,
13:37:21,51.84,100,
13:37:21,51.84,100,
13:37:29,51.84,100,
13:37:31,51.85,100,
13:37:34,51.86,100,
13:37:39,51.8599,300,
13:37:41,51.832,100,
13:38:07,51.8301,500,
13:38:08,51.8301,100,
13:38:40,51.84,100,
13:38:48,51.848,210,
13:38:54,51.836,1500,
13:38:59,51.854,300,
13:39:17,51.858,200,
13:39:30,51.83,100,
13:39:33,51.8399,250,
13:39:52,51.85,100,
13:40:01,51.87,100,
13:40:03,51.8511,300,
13:40:35,51.8693,500,
13:40:43,51.87,100,
13:40:53,51.8789,500,
13:41:05,51.89,100,
13:41:05,51.89,200,
13:41:11,51.89,100,
13:41:19,51.89,200,
13:41:26,51.891,300,
13:41:32,51.874,400,
13:41:49,51.874,100,
13:42:04,51.89,600,
13:42:05,51.89,100,
13:42:10,51.90,200,
13:42:23,51.89,200,
13:42:59,51.89,300,
13:42:59,51.89,200,
