09:30:00,53.80,700,
09:30:03,53.77,300,
09:30:06,53.81,399,
09:30:31,53.8383,150,
09:30:32,53.8432,100,
09:30:32,53.87,300,
09:30:35,53.867,500,
09:30:37,53.90,150,
09:30:37,53.877,200,
09:30:38,53.81,200,
09:30:38,53.81,213,
09:30:39,53.7501,100,
09:30:41,53.87,1000,
09:30:44,53.851,501,
09:30:44,53.94,100,
09:30:44,53.92,3500,
09:30:44,53.92,599,
09:30:45,53.94,300,
09:30:46,53.89,500,
09:30:47,53.885,4900,
09:30:48,53.93,200,
09:30:49,53.949,500,
09:30:50,53.948,3500,
09:30:50,53.94,300,
09:30:50,53.94,300,
09:30:50,53.945,100,
09:30:50,53.94,300,
09:30:52,53.949,100,
09:30:52,53.9401,100,
09:30:52,53.95,200,
09:30:54,53.93,300,
09:30:55,53.9201,200,
09:30:55,53.9201,100,
09:30:55,53.93,200,
09:30:56,53.915,300,
09:30:59,53.86,300,
09:30:59,53.86,300,
09:30:59,53.86,300,
09:30:59,53.86,100,
09:30:59,53.86,300,
09:31:00,53.8306,600,
09:31:00,53.835,300,
09:31:00,53.835,300,
09:31:01,53.8699,400,
09:31:02,53.805,700,
09:31:02,53.805,200,
09:31:02,53.773,100,
09:31:03,53.83,500,
09:31:03,53.82,1200,
09:31:03,53.79,100,
09:31:07,53.795,2600,
09:31:08,53.81,200,
09:31:10,53.79,100,
09:31:10,53.80,3300,
09:31:10,53.80,300,
09:31:10,53.80,300,
09:31:11,53.80,300,
09:31:11,53.80,300,
09:31:11,53.80,200,
09:31:11,53.80,300,
09:31:11,53.80,200,
09:31:12,53.78,200,
09:31:13,53.76,300,
09:31:13,53.76,300,
09:31:13,53.76,100,
09:31:13,53.75,500,
09:31:13,53.77,3300,
09:31:13,53.77,600,
09:31:13,53.77,300,
09:31:13,53.77,300,
09:31:13,53.77,300,
09:31:13,53.77,300,
09:31:13,53.75,200,
09:31:13,53.76,100,
09:31:17,53.73,300,
09:31:20,53.71,100,
09:31:21,53.74,100,
09:31:21,53.7271,380,
09:31:21,53.75,100,
09:31:21,53.75,500,
09:31:23,53.77,100,
09:31:28,53.787,100,
09:31:30,53.81,500,
09:31:30,53.81,300,
09:31:30,53.81,300,
09:31:34,53.83,300,
09:31:34,53.80,900,
09:31:37,53.755,300,
09:31:37,53.755,300,
09:31:39,53.73,300,
09:31:39,53.715,300,
09:31:39,53.70,300,
09:31:41,53.726,600,
09:31:46,53.74,600,
09:31:48,53.755,104,
09:31:56,53.77,500,
09:31:58,53.7899,100,
09:32:07,53.7299,100,
09:32:15,53.74,294,
09:32:15,53.738,706,
09:32:16,53.72,900,
09:32:17,53.705,500,
09:32:17,53.705,300,
09:32:17,53.705,300,
09:32:17,53.70,100,
09:32:18,53.70,300,
09:32:20,53.705,100,
09:32:21,53.69,100,
09:32:22,53.71,1000,
09:32:28,53.6967,250,
09:32:30,53.70,300,
09:32:31,53.71,700,
09:32:31,53.71,200,
09:32:31,53.71,300,
09:32:31,53.71,476,
09:32:33,53.715,124,
09:32:34,53.69,200,
09:32:36,53.70,100,
09:32:38,53.69,800,
09:32:38,53.70,276,
09:32:46,53.701,1000,
09:32:49,53.71,600,
09:32:49,53.71,400,
09:32:49,53.71,100,
09:32:49,53.71,100,
09:32:49,53.71,100,
09:32:49,53.71,200,
09:32:49,53.71,600,
09:32:49,53.71,300,
09:32:49,53.71,100,
09:32:49,53.71,200,
09:32:53,53.68,809,
09:32:53,53.689,809,
09:33:00,53.672,400,
09:33:03,53.68,300,
09:33:05,53.65,300,
09:33:06,53.64,500,
09:33:06,53.65,300,
09:33:06,53.65,300,
09:33:06,53.65,700,
09:33:07,53.65,300,
09:33:07,53.66,300,
09:33:07,53.67,200,
09:33:07,53.67,300,
09:33:07,53.669,600,
09:33:07,53.66,300,
09:33:10,53.64,200,
09:33:10,53.64,100,
09:33:10,53.64,300,
09:33:10,53.64,200,
09:33:13,53.61,200,
09:33:14,53.59,200,
09:33:14,53.58,100,
09:33:17,53.59,100,
09:33:18,53.57,100,
09:33:19,53.57,100,
09:33:21,53.55,300,
09:33:24,53.55,200,
09:33:25,53.57,500,
09:33:30,53.56,500,
09:33:31,53.5625,100,
09:33:39,53.5852,300,
09:33:45,53.59,300,
09:33:47,53.65,200,
09:33:52,53.62,100,
09:33:54,53.632,300,
09:34:02,53.7045,570,
09:34:04,53.66,200,
09:34:04,53.66,300,
09:34:08,53.7099,1000,
09:34:11,53.6999,300,
09:34:11,53.688,300,
09:34:11,53.688,100,
09:34:14,53.67,300,
09:34:15,53.67,300,
09:34:15,53.68,300,
09:34:17,53.69,300,
09:34:17,53.69,300,
09:34:23,53.68,100,
09:34:24,53.69,300,
09:34:24,53.7034,1000,
09:34:33,53.698,1800,
09:34:40,53.6959,600,
09:34:42,53.71,100,
09:34:42,53.6848,100,
09:34:52,53.6701,700,
09:34:54,53.71,3250,
09:34:58,53.718,300,
09:35:01,53.75,100,
09:35:03,53.73,200,
09:35:03,53.73,100,
09:35:04,53.73,800,
09:35:05,53.746,100,
09:35:07,53.74,444,
09:35:07,53.73,500,
09:35:07,53.73,400,
09:35:07,53.748,500,
09:35:12,53.73,100,
09:35:15,53.7499,100,
09:35:23,53.77,750,
09:35:23,53.76,250,
09:35:24,53.766,1000,
09:35:30,53.739,400,
09:35:31,53.722,200,
09:35:31,53.72,100,
09:35:31,53.72,200,
09:35:31,53.7226,100,
09:35:31,53.73,200,
09:35:33,53.727,100,
09:35:42,53.7301,100,
09:35:42,53.77,300,
09:35:46,53.80,4000,
09:35:46,53.80,200,
09:35:47,53.80,8999,
09:35:47,53.83,300,
09:35:47,53.81,300,
09:35:47,53.82,100,
09:35:47,53.8155,1600,
09:35:48,53.829,200,
09:35:48,53.81,100,
09:35:51,53.828,100,
09:35:52,53.83,100,
09:35:52,53.83,100,
09:35:57,53.8236,200,
09:35:57,53.83,100,
09:35:57,53.8236,150,
09:35:58,53.8127,600,
09:35:59,53.83,300,
09:35:59,53.83,300,
09:36:01,53.83,300,
09:36:03,53.85,200,
09:36:04,53.868,500,
09:36:06,53.85,200,
09:36:06,53.869,200,
09:36:06,53.869,500,
09:36:07,53.869,300,
09:36:07,53.85,200,
09:36:10,53.87,2000,
09:36:11,53.85,100,
09:36:11,53.85,300,
09:36:11,53.87,100,
09:36:11,53.87,300,
09:36:11,53.8546,300,
09:36:12,53.87,100,
09:36:12,53.82,601,
09:36:13,53.83,100,
09:36:14,53.83,300,
09:36:14,53.83,300,
09:36:14,53.85,700,
09:36:14,53.85,100,
09:36:15,53.85,3300,
09:36:15,53.88,600,
09:36:17,53.87,200,
09:36:17,53.8577,600,
09:36:21,53.84,200,
09:36:23,53.85,100,
09:36:24,53.80,700,
09:36:24,53.79,1000,
09:36:25,53.7561,110,
09:36:28,53.73,300,
09:36:28,53.73,200,
09:36:30,53.70,2500,
09:36:30,53.73,400,
09:36:32,53.71,300,
09:36:36,53.67,100,
09:36:38,53.6806,280,
09:36:41,53.70,100,
09:36:41,53.71,200,
09:36:41,53.71,100,
09:36:46,53.7446,200,
09:36:46,53.75,200,
09:36:55,53.718,500,
09:36:57,53.739,400,
09:36:57,53.739,400,
09:37:00,53.74,1400,
09:37:05,53.7099,300,
09:37:10,53.6989,250,
09:37:12,53.70,350,
09:37:14,53.6961,1000,
09:37:17,53.67,100,
09:37:31,53.70,800,
09:37:31,53.70,400,
09:37:31,53.70,300,
09:37:33,53.72,2000,
09:37:43,53.729,150,
09:37:44,53.74,140,
09:37:44,53.729,100,
09:37:48,53.75,200,
09:38:03,53.729,100,
09:38:03,53.73,900,
09:38:03,53.73,200,
09:38:21,53.7085,450,
09:38:26,53.67,100,
09:38:26,53.651,200,
09:38:26,53.651,500,
09:38:27,53.651,600,
09:38:27,53.65,1900,
09:38:28,53.61,1000,
09:38:28,53.61,3000,
09:38:30,53.61,100,
09:38:30,53.61,200,
09:38:34,53.6444,100,
09:38:34,53.65,400,
09:38:34,53.631,100,
09:38:40,53.66,300,
09:38:40,53.65,300,
09:38:40,53.65,300,
09:38:44,53.6561,700,
09:38:51,53.60,100,
09:38:52,53.57,100,
09:38:56,53.53,200,
09:38:57,53.503,500,
09:38:58,53.53,100,
09:39:00,53.50,1500,
09:39:01,53.51,200,
09:39:02,53.501,400,
09:39:04,53.51,100,
09:39:07,53.5108,1000,
09:39:09,53.5463,100,
09:39:09,53.5546,300,
09:39:10,53.558,650,
09:39:15,53.47,300,
09:39:15,53.47,100,
09:39:15,53.50,900,
09:39:15,53.45,100,
09:39:15,53.45,200,
09:39:15,53.45,100,
09:39:15,53.45,500,
09:39:22,53.4839,1700,
09:39:22,53.509,1000,
09:39:33,53.479,100,
09:39:35,53.45,100,
09:39:36,53.4489,100,
09:39:40,53.421,165,
09:39:41,53.41,100,
09:39:43,53.4201,600,
09:39:43,53.42,400,
09:39:43,53.4201,400,
09:39:43,53.4258,300,
09:39:49,53.42,100,
09:39:49,53.40,100,
09:39:49,53.40,300,
09:39:56,53.42,100,
09:40:00,53.38,100,
09:40:03,53.373,200,
09:40:04,53.40,301,
09:40:15,53.3757,1000,
09:40:21,53.3901,100,
09:40:24,53.41,300,
09:40:27,53.41,200,
09:40:29,53.4599,2040,
09:40:34,53.4252,900,
09:40:38,53.45,100,
09:40:38,53.45,300,
09:40:39,53.45,100,
09:40:40,53.46,100,
09:40:40,53.46,200,
09:40:40,53.45,100,
09:40:41,53.488,150,
09:40:45,53.497,500,
09:40:47,53.53,100,
09:40:47,53.5299,1900,
09:40:48,53.4904,700,
09:40:48,53.49,3600,
09:40:56,53.5599,150,
09:40:56,53.61,300,
09:41:00,53.629,200,
09:41:01,53.6126,600,
09:41:02,53.6298,700,
09:41:03,53.65,100,
09:41:03,53.65,300,
09:41:04,53.66,100,
09:41:05,53.6852,100,
09:41:07,53.689,100,
09:41:09,53.65,300,
09:41:12,53.65,100,
09:41:15,53.6636,100,
09:41:19,53.66,100,
09:41:23,53.63,100,
09:41:23,53.63,300,
09:41:23,53.632,600,
09:41:25,53.63,200,
09:41:25,53.63,100,
09:41:26,53.6325,100,
09:41:27,53.6364,200,
09:41:29,53.6586,130,
09:41:35,53.6519,900,
09:41:41,53.6474,300,
09:41:50,53.6406,600,
09:41:50,53.68,100,
09:41:52,53.7046,900,
09:42:03,53.69,100,
09:42:04,53.68,800,
09:42:12,53.69,200,
09:42:12,53.69,100,
09:42:12,53.69,100,
09:42:17,53.6899,100,
09:42:17,53.6899,100,
09:42:19,53.66,1000,
09:42:24,53.65,100,
09:42:24,53.65,100,
09:42:24,53.65,100,
09:42:34,53.66,100,
09:42:43,53.6499,360,
09:42:43,53.65,100,
09:42:43,53.6499,100,
09:42:51,53.66,100,
09:42:51,53.66,200,
09:42:52,53.6799,600,
09:42:52,53.68,500,
09:42:53,53.68,100,
09:42:53,53.68,100,
09:42:53,53.68,100,
09:42:53,53.6799,100,
09:42:53,53.6729,100,
09:42:53,53.6722,100,
09:42:58,53.656,100,
09:43:00,53.69,100,
09:43:00,53.686,300,
09:43:01,53.686,900,
09:43:24,53.6901,100,
09:43:28,53.71,300,
09:43:28,53.71,600,
09:43:28,53.7016,300,
09:43:31,53.7099,160,
09:43:40,53.76,100,
09:43:40,53.77,300,
09:43:40,53.77,300,
09:43:40,53.79,200,
09:43:42,53.782,500,
09:43:42,53.81,100,
09:43:42,53.8232,100,
09:43:44,53.8474,300,
09:43:46,53.849,800,
09:43:46,53.85,331,
09:43:51,53.8499,100,
09:43:52,53.83,300,
09:43:52,53.83,300,
09:43:52,53.82,100,
09:43:54,53.85,100,
09:43:56,53.85,200,
09:43:56,53.86,100,
09:43:56,53.852,500,
09:44:00,53.87,100,
09:44:02,53.878,500,
09:44:02,53.88,100,
09:44:02,53.89,400,
09:44:05,53.90,200,
09:44:05,53.90,600,
09:44:05,53.91,300,
09:44:05,53.92,100,
09:44:06,53.90,200,
09:44:06,53.90,600,
09:44:06,53.9099,100,
09:44:06,53.91,100,
09:44:09,53.89,100,
09:44:10,53.89,900,
09:44:10,53.898,100,
09:44:13,53.89,300,
09:44:13,53.89,100,
09:44:16,53.8778,100,
09:44:17,53.87,200,
09:44:22,53.8573,400,
09:44:24,53.8699,100,
09:44:40,53.884,600,
09:44:42,53.8935,2000,
09:44:45,53.908,200,
09:44:48,53.91,2000,
09:44:49,53.95,1000,
09:44:49,53.98,100,
09:44:49,53.978,500,
09:44:51,53.988,909,
09:44:52,53.99,100,
09:44:52,53.99,100,
09:44:54,53.99,100,
09:44:55,53.94,100,
09:44:55,53.95,100,
09:44:55,53.95,200,
09:44:56,53.989,100,
09:44:57,53.99,100,
09:44:58,53.99,200,
09:45:00,53.97,100,
09:45:00,53.97,300,
09:45:00,53.97,300,
09:45:00,53.97,100,
09:45:00,53.99,300,
09:45:00,53.99,200,
09:45:00,53.9999,1400,
09:45:00,53.9999,600,
09:45:00,54,100,
09:45:00,54,475,
09:45:00,54,100,
09:45:00,54,670,
09:45:01,53.99,500,
09:45:01,54,101,
09:45:01,54,199,
09:45:01,54,180,
09:45:02,54,100,
09:45:02,54,150,
09:45:02,54,100,
09:45:02,54,100,
09:45:02,53.9999,100,
09:45:02,53.97,300,
09:45:02,53.97,200,
09:45:04,53.9799,200,
09:45:05,53.97,100,
09:45:08,54,500,
09:45:09,54,100,
09:45:09,54,100,
09:45:09,54,100,
09:45:11,53.991,400,
09:45:12,53.9999,400,
09:45:13,53.9999,100,
09:45:13,53.9999,100,
09:45:14,53.9931,100,
09:45:14,54,100,
09:45:14,53.99,100,
09:45:14,53.99,400,
09:45:14,54,100,
09:45:18,54,110,
09:45:18,53.9905,100,
09:45:19,54.02,200,
09:45:19,54.0197,100,
09:45:19,54.02,100,
09:45:19,54,200,
09:45:19,54,200,
09:45:19,54.02,100,
09:45:20,53.99,100,
09:45:28,54.0299,1000,
09:45:30,53.9954,1200,
09:45:32,53.9901,2040,
09:45:40,54.03,600,
09:45:40,54.03,300,
09:45:40,54.01,300,
09:45:40,54.01,200,
09:45:40,54.01,100,
09:45:40,54.01,300,
09:45:40,54.028,223,
09:45:42,54.01,1018,
09:45:43,54.028,227,
09:45:44,54.01,100,
09:45:44,54.01,100,
09:45:44,54.01,500,
09:45:44,54,200,
09:45:44,54,100,
09:45:44,54,100,
09:45:44,54.0001,100,
09:45:46,54.01,300,
09:45:47,54.03,300,
09:45:47,54.02,300,
09:45:48,54.03,100,
09:45:52,54.04,100,
09:45:53,54.0374,250,
09:45:53,54.04,300,
09:45:56,54.02,100,
09:46:01,53.97,200,
09:46:01,53.9601,100,
09:46:02,53.9799,100,
09:46:02,53.98,200,
09:46:04,53.97,101,
09:46:06,53.97,100,
09:46:06,53.97,100,
09:46:06,53.97,100,
09:46:07,53.97,300,
09:46:07,53.96,300,
09:46:07,53.972,500,
09:46:07,53.97,100,
09:46:10,53.93,100,
09:46:11,53.91,1000,
09:46:11,53.91,300,
09:46:11,53.89,400,
09:46:12,53.8901,374,
09:46:14,53.891,600,
09:46:16,53.8552,200,
09:46:16,53.85,100,
09:46:17,53.8641,135,
09:46:25,53.9183,663,
09:46:32,53.94,1100,
09:46:33,53.94,300,
09:46:33,53.94,136,
09:46:33,53.96,200,
09:46:33,53.96,200,
09:46:33,53.96,500,
09:46:33,53.95,300,
09:46:33,53.95,300,
09:46:33,53.95,200,
09:46:33,53.95,300,
09:46:33,53.95,300,
09:46:33,53.96,200,
09:46:33,53.96,200,
09:46:33,53.96,100,
09:46:33,53.96,300,
09:46:34,53.94,100,
09:46:35,53.9699,240,
09:46:46,53.987,200,
09:46:47,53.95,300,
09:46:49,53.94,600,
09:46:49,53.94,200,
09:46:49,53.93,100,
09:46:49,53.9585,100,
09:46:55,53.95,100,
09:46:56,53.95,100,
09:46:56,53.95,100,
09:46:56,53.95,100,
09:46:56,53.95,100,
09:46:56,53.95,100,
09:46:56,53.95,100,
09:46:56,53.95,100,
09:46:56,53.95,100,
09:46:59,53.97,100,
09:47:06,54,300,
09:47:06,53.99,300,
09:47:06,53.99,4100,
09:47:06,53.99,300,
09:47:06,54,200,
09:47:06,53.99,300,
09:47:06,53.99,500,
09:47:06,53.99,300,
09:47:06,53.99,300,
09:47:06,54,100,
09:47:06,53.99,300,
09:47:06,54,100,
09:47:06,53.99,300,
09:47:06,53.99,300,
09:47:06,53.99,300,
09:47:07,54.0099,3500,
09:47:09,54.009,400,
09:47:10,53.98,100,
09:47:10,53.97,300,
09:47:10,53.97,300,
09:47:18,53.9724,100,
09:47:20,53.98,200,
09:47:21,53.96,100,
09:47:21,53.9644,100,
09:47:24,53.96,100,
09:47:24,53.96,200,
09:47:26,53.96,279,
09:47:30,53.92,100,
09:47:32,53.882,300,
09:47:34,53.85,300,
09:47:34,53.85,100,
09:47:34,53.84,440,
09:47:34,53.84,240,
09:47:34,53.84,900,
09:47:35,53.80,100,
09:47:36,53.78,100,
09:47:37,53.79,800,
09:47:37,53.78,100,
09:47:37,53.78,100,
09:47:37,53.78,100,
09:47:39,53.80,200,
09:47:41,53.75,400,
09:47:44,53.753,200,
09:47:45,53.77,100,
09:47:57,53.7399,200,
09:47:58,53.71,100,
09:47:58,53.68,200,
09:48:06,53.739,500,
09:48:07,53.70,300,
09:48:08,53.694,900,
09:48:13,53.682,100,
09:48:18,53.68,200,
09:48:18,53.68,300,
09:48:18,53.70,300,
09:48:18,53.6841,100,
09:48:18,53.69,100,
09:48:18,53.6846,100,
09:48:18,53.68,100,
09:48:19,53.71,100,
09:48:19,53.7099,100,
09:48:20,53.69,200,
09:48:21,53.708,500,
09:48:22,53.6901,100,
09:48:26,53.68,300,
09:48:26,53.69,100,
09:48:26,53.65,100,
09:48:27,53.62,200,
09:48:29,53.61,200,
09:48:33,53.6361,200,
09:48:34,53.61,100,
09:48:38,53.5401,2181,
09:48:39,53.53,100,
09:48:39,53.53,200,
09:48:40,53.52,100,
09:48:41,53.48,200,
09:48:41,53.49,100,
09:48:41,53.5019,100,
09:48:41,53.49,100,
09:48:41,53.5021,100,
09:48:41,53.491,400,
09:48:41,53.491,350,
09:48:43,53.4801,100,
09:48:45,53.4825,100,
09:48:45,53.49,100,
09:48:52,53.491,500,
09:48:56,53.51,300,
09:48:56,53.51,100,
09:48:56,53.51,100,
09:48:56,53.53,100,
09:48:59,53.547,100,
09:49:07,53.6361,1000,
09:49:13,53.69,500,
09:49:13,53.69,300,
09:49:13,53.69,200,
09:49:14,53.69,300,
09:49:17,53.71,100,
09:49:32,53.67,200,
09:49:32,53.67,100,
09:49:32,53.69,300,
09:49:32,53.69,300,
09:49:32,53.61,200,
09:49:32,53.62,100,
09:49:32,53.64,200,
09:49:32,53.64,100,
09:49:32,53.61,300,
09:49:32,53.61,500,
09:49:32,53.66,300,
09:49:32,53.61,300,
09:49:32,53.652,300,
09:49:32,53.66,100,
09:49:32,53.66,300,
09:49:34,53.64,200,
09:49:39,53.65,4100,
09:49:39,53.65,200,
09:49:41,53.6673,500,
09:49:50,53.71,300,
09:49:57,53.71,300,
09:50:02,53.78,200,
09:50:03,53.79,1100,
09:50:04,53.79,200,
09:50:05,53.80,200,
09:50:05,53.80,300,
09:50:07,53.829,100,
09:50:08,53.829,400,
09:50:14,53.8599,2000,
09:50:21,53.8201,1500,
09:50:23,53.848,500,
09:50:26,53.89,200,
09:50:28,53.872,500,
09:50:31,53.918,1000,
09:50:32,53.89,200,
09:50:33,53.89,100,
09:50:33,53.89,100,
09:50:33,53.89,300,
09:50:33,53.88,100,
09:50:34,53.89,100,
09:50:34,53.89,300,
09:50:39,53.841,500,
09:50:44,53.8512,1150,
09:50:51,53.85,200,
09:50:53,53.8561,1484,
09:50:56,53.8354,800,
09:50:57,53.87,100,
09:50:57,53.87,100,
09:51:00,53.86,200,
09:51:00,53.86,300,
09:51:01,53.84,200,
09:51:01,53.85,100,
09:51:01,53.86,200,
09:51:03,53.8301,3500,
09:51:06,53.86,300,
09:51:07,53.86,100,
09:51:10,53.86,200,
09:51:10,53.86,300,
09:51:18,53.85,200,
09:51:18,53.85,200,
09:51:18,53.84,200,
09:51:18,53.84,600,
09:51:18,53.83,100,
09:51:22,53.83,100,
09:51:26,53.81,100,
09:51:29,53.77,200,
09:51:29,53.77,500,
09:51:29,53.7701,2050,
09:51:31,53.77,100,
09:51:40,53.76,200,
09:51:46,53.731,300,
09:51:49,53.7512,100,
09:52:01,53.75,200,
09:52:05,53.711,150,
09:52:29,53.712,100,
09:52:34,53.76,100,
09:52:37,53.76,650,
09:52:46,53.73,132,
09:52:59,53.731,100,
09:53:08,53.76,200,
09:53:08,53.76,700,
09:53:08,53.78,300,
09:53:13,53.731,100,
09:53:17,53.73,500,
09:53:23,53.71,100,
09:53:31,53.7301,300,
09:53:47,53.74,3000,
09:53:50,53.69,100,
09:53:52,53.6999,600,
09:53:53,53.64,100,
09:53:54,53.64,175,
09:53:58,53.59,1700,
09:54:05,53.59,800,
09:54:06,53.62,200,
09:54:07,53.64,100,
09:54:09,53.6512,200,
09:54:10,53.65,100,
09:54:16,53.63,300,
09:54:16,53.63,200,
09:54:16,53.6398,400,
09:54:18,53.6398,330,
09:54:20,53.647,100,
09:54:22,53.65,700,
09:54:22,53.64,100,
09:54:22,53.64,100,
09:54:39,53.6511,600,
09:54:43,53.72,200,
09:54:43,53.72,200,
09:54:43,53.74,100,
09:54:43,53.7399,700,
09:54:45,53.76,200,
09:54:45,53.73,100,
09:54:45,53.73,100,
09:54:46,53.77,100,
09:54:54,53.7439,100,
09:54:57,53.7698,300,
09:54:59,53.766,225,
09:55:00,53.80,500,
09:55:00,53.80,600,
09:55:01,53.79,100,
09:55:01,53.79,200,
09:55:01,53.77,100,
09:55:01,53.77,100,
09:55:01,53.75,340,
09:55:01,53.741,1100,
09:55:02,53.74,100,
09:55:02,53.731,2000,
09:55:02,53.731,2000,
09:55:02,53.73,4500,
09:55:06,53.7798,195,
09:55:11,53.80,500,
09:55:12,53.80,500,
09:55:14,53.7827,700,
09:55:19,53.80,335,
09:55:21,53.8273,800,
09:55:33,53.79,100,
09:55:47,53.81,770,
09:55:51,53.8002,250,
09:56:00,53.8359,1000,
09:56:11,53.86,2000,
09:56:13,53.9199,200,
09:56:18,53.9073,2000,
09:56:20,53.89,400,
09:56:20,53.89,300,
09:56:20,53.89,100,
09:56:25,53.8568,400,
09:56:29,53.8399,100,
09:56:29,53.8399,100,
09:56:31,53.84,100,
09:56:36,53.80,300,
09:56:36,53.80,100,
09:56:36,53.78,300,
09:56:44,53.8599,100,
09:56:45,53.86,100,
09:56:55,53.84,100,
09:56:55,53.831,200,
09:57:00,53.87,200,
09:57:04,53.87,100,
09:57:05,53.85,100,
09:57:11,53.8321,100,
09:57:11,53.8399,100,
09:57:12,53.7939,1230,
09:57:33,53.80,200,
09:57:42,53.8001,435,
09:57:47,53.80,100,
09:57:48,53.82,100,
09:57:55,53.84,100,
09:57:55,53.839,700,
09:58:06,53.8442,1000,
09:58:10,53.88,200,
09:58:10,53.8785,1100,
09:58:10,53.88,100,
09:58:24,53.89,100,
09:58:32,53.8661,1000,
09:58:35,53.84,500,
09:58:39,53.80,200,
09:58:39,53.80,700,
09:58:45,53.808,100,
09:58:54,53.79,100,
09:59:08,53.7001,2000,
09:59:10,53.7044,500,
09:59:12,53.68,200,
09:59:18,53.70,268,
09:59:30,53.724,220,
09:59:51,53.728,100,
09:59:59,53.748,100,
10:00:06,53.82,100,
10:00:06,53.82,300,
10:00:08,53.81,200,
10:00:12,53.80,200,
10:00:15,53.8061,650,
10:00:29,53.81,100,
10:00:29,53.81,200,
10:00:32,53.80,100,
10:00:36,53.801,250,
10:00:41,53.7501,300,
10:00:45,53.79,100,
10:00:49,53.77,100,
10:01:03,53.80,500,
10:01:03,53.80,200,
10:01:03,53.80,19947,
10:01:03,53.80,8710,
10:01:03,53.80,200,
10:01:03,53.80,200,
10:01:03,53.80,300,
10:01:03,53.80,300,
10:01:03,53.80,899,
10:01:09,53.8101,100,
10:01:18,53.8327,800,
10:01:23,53.88,100,
10:01:28,53.8499,1000,
10:01:39,53.82,100,
10:01:39,53.80,200,
10:01:39,53.80,300,
10:01:39,53.80,500,
10:01:39,53.80,500,
10:01:39,53.80,1200,
10:01:39,53.80,600,
10:01:39,53.80,800,
10:01:39,53.80,100,
10:01:39,53.80,500,
10:01:39,53.80,100,
10:01:39,53.80,100,
10:01:39,53.80,800,
10:01:39,53.80,500,
10:01:39,53.80,200,
10:01:39,53.80,500,
10:01:39,53.80,100,
10:01:39,53.80,100,
10:01:41,53.80,100,
10:01:41,53.80,100,
10:01:41,53.80,100,
10:01:46,53.80,400,
10:01:46,53.80,800,
10:01:46,53.80,500,
10:01:46,53.80,200,
10:01:46,53.80,200,
10:01:46,53.80,500,
10:01:46,53.80,100,
10:01:46,53.80,400,
10:01:46,53.80,900,
10:01:46,53.80,200,
10:01:46,53.80,200,
10:01:46,53.80,2000,
10:01:46,53.80,17800,
10:01:46,53.76,200,
10:01:46,53.78,100,
10:01:47,53.75,200,
10:01:51,53.73,100,
10:01:57,53.65,100,
10:01:57,53.65,200,
10:01:58,53.62,100,
10:02:02,53.6298,500,
10:02:03,53.60,200,
10:02:03,53.62,100,
10:02:04,53.62,100,
10:02:04,53.63,200,
10:02:05,53.621,1100,
10:02:05,53.621,600,
10:02:05,53.60,100,
10:02:05,53.60,300,
10:02:05,53.60,300,
10:02:05,53.60,300,
10:02:05,53.60,300,
10:02:06,53.621,700,
10:02:06,53.59,100,
10:02:06,53.60,400,
10:02:06,53.5999,100,
10:02:07,53.56,150,
10:02:12,53.589,1000,
10:02:19,53.5689,100,
10:02:22,53.5851,800,
10:02:25,53.5765,1000,
10:02:32,53.596,700,
10:02:39,53.61,150,
10:02:39,53.608,100,
10:02:41,53.69,1700,
10:02:46,53.69,117,
10:02:50,53.7025,500,
10:02:51,53.72,100,
10:02:53,53.7165,1000,
10:03:07,53.6697,300,
10:03:26,53.63,300,
10:03:32,53.6399,200,
10:03:34,53.6436,126,
10:03:54,53.74,300,
10:04:14,53.7974,375,
10:04:15,53.80,280,
10:04:15,53.8401,300,
10:04:19,53.871,1000,
10:04:20,53.87,100,
10:04:21,53.8799,600,
10:04:23,53.89,200,
10:04:23,53.89,100,
10:04:24,53.90,185,
10:04:26,53.9107,1000,
10:04:28,53.92,200,
10:04:31,53.94,200,
10:04:31,53.9504,100,
10:04:32,53.9311,450,
10:04:32,53.95,100,
10:04:33,53.97,200,
10:04:33,53.9674,100,
10:04:34,53.9613,700,
10:04:37,53.99,200,
10:04:37,53.99,300,
10:04:37,53.97,100,
10:04:37,54,150,
10:04:38,53.96,100,
10:04:38,53.96,100,
10:04:39,53.986,170,
10:04:44,53.9145,250,
10:04:47,53.8741,800,
10:04:54,53.9089,200,
10:05:05,53.908,500,
10:05:07,53.90,1000,
10:05:07,53.891,177,
10:05:13,53.9087,1000,
10:05:20,53.94,100,
10:05:20,53.94,100,
10:05:20,53.94,500,
10:05:20,53.94,500,
10:05:20,53.94,100,
10:05:20,53.94,200,
10:05:20,53.97,200,
10:05:20,53.97,100,
10:05:20,53.97,300,
10:05:20,53.91,400,
10:05:20,53.91,600,
10:05:20,53.969,100,
10:05:22,53.9666,400,
10:05:25,53.98,300,
10:05:26,53.98,100,
10:05:28,53.98,400,
10:05:28,53.98,100,
10:05:32,53.9714,800,
10:05:35,53.9699,1000,
10:05:37,53.95,700,
10:05:38,53.969,100,
10:05:42,53.9696,600,
10:05:46,53.952,200,
10:05:46,53.95,100,
10:05:47,53.9701,1000,
10:05:48,53.99,297,
10:05:49,53.99,300,
10:05:49,54,100,
10:05:49,54,200,
10:05:49,54,100,
10:05:49,54,100,
10:05:50,53.991,100,
10:05:50,54.01,300,
10:05:50,54.01,100,
10:05:50,54.06,300,
10:05:50,54.0201,100,
10:05:50,54.03,199,
10:05:51,54.06,100,
10:05:51,54.0795,721,
10:05:53,54.09,100,
10:05:53,54.0899,100,
10:05:54,54.089,300,
10:05:55,54.0899,100,
10:05:55,54.0899,100,
10:05:56,54.11,200,
10:05:56,54.11,300,
10:05:56,54.10,1400,
10:05:57,54.12,250,
10:05:57,54.11,100,
10:05:57,54.11,200,
10:05:57,54.11,200,
10:05:57,54.09,200,
10:05:57,54.09,200,
10:05:57,54.10,200,
10:05:57,54.09,100,
10:05:57,54.09,300,
10:05:57,54.09,300,
10:05:57,54.09,300,
10:05:57,54.09,300,
10:06:00,54.10,100,
10:06:02,54.1099,100,
10:06:02,54.11,100,
10:06:04,54.102,1000,
10:06:06,54.116,2000,
10:06:09,54.11,300,
10:06:10,54.12,200,
10:06:13,54.11,100,
10:06:13,54.11,100,
10:06:15,54.10,100,
10:06:18,54.09,100,
10:06:18,54.1099,3000,
10:06:19,54.14,100,
10:06:20,54.14,150,
10:06:22,54.1358,100,
10:06:27,54.10,3800,
10:06:30,54.13,200,
10:06:31,54.13,100,
10:06:31,54.1301,100,
10:06:31,54.13,200,
10:06:31,54.13,100,
10:06:34,54.1287,100,
10:06:34,54.1266,200,
10:06:34,54.12,200,
10:06:36,54.1352,300,
10:06:38,54.1101,100,
10:06:38,54.11,300,
10:06:38,54.10,100,
10:06:38,54.10,200,
10:06:49,54.03,100,
10:06:50,54.0101,100,
10:06:50,53.99,100,
10:06:50,53.99,300,
10:06:51,53.97,300,
10:06:51,53.99,100,
10:06:51,53.99,100,
10:06:56,54.03,100,
10:06:56,54.02,300,
10:06:58,54.038,500,
10:07:00,54.05,200,
10:07:03,54.0573,300,
10:07:14,54.01,478,
10:07:15,53.96,200,
10:07:16,53.99,1600,
10:07:20,53.961,100,
10:07:24,53.95,100,
10:07:26,53.9501,2000,
10:07:28,53.95,870,
10:07:41,54.06,100,
10:07:43,54.0699,100,
10:07:50,53.9701,8000,
10:07:57,53.98,100,
10:08:03,53.9887,800,
10:08:09,53.97,364,
10:08:15,53.9799,100,
10:08:17,54,400,
10:08:36,54.0201,200,
10:08:36,54.02,100,
10:08:36,54.0201,200,
10:08:36,54.02,100,
10:08:41,54.02,400,
10:08:41,54.03,100,
10:08:46,54.0301,200,
10:08:46,54.03,400,
10:08:49,54.048,1000,
10:08:51,54.0399,900,
10:08:52,54.05,100,
10:08:55,54.06,100,
10:08:55,54.06,100,
10:08:55,54.06,400,
10:08:55,54.06,100,
10:09:00,54.0999,300,
10:09:03,54.10,100,
10:09:03,54.11,100,
10:09:04,54.06,100,
10:09:04,54.06,100,
10:09:04,54.06,500,
10:09:05,54.10,300,
10:09:06,54.10,300,
10:09:09,54.048,500,
10:09:15,54.0301,195,
10:09:17,54.04,1000,
10:09:24,54.02,100,
10:09:25,54.06,200,
10:09:33,54.09,100,
10:09:40,54.127,200,
10:09:40,54.13,200,
10:09:40,54.09,100,
10:09:40,54.09,100,
10:09:40,54.08,700,
10:09:44,54.1296,100,
10:09:44,54.13,300,
10:09:48,54.13,100,
10:09:49,54.13,3200,
10:09:49,54.13,100,
10:09:49,54.13,300,
10:09:52,54.1281,100,
10:09:53,54.14,100,
10:09:59,54.13,100,
10:09:59,54.13,100,
10:09:59,54.13,500,
10:10:01,54.139,1000,
10:10:01,54.15,100,
10:10:01,54.18,200,
10:10:01,54.19,300,
10:10:01,54.16,180,
10:10:01,54.20,1300,
10:10:01,54.20,1000,
10:10:01,54.20,1100,
10:10:01,54.20,100,
10:10:01,54.20,600,
10:10:01,54.20,400,
10:10:01,54.20,100,
10:10:01,54.20,300,
10:10:02,54.20,500,
10:10:02,54.20,200,
10:10:02,54.18,100,
10:10:02,54.20,500,
10:10:02,54.20,100,
10:10:02,54.19,100,
10:10:02,54.20,400,
10:10:02,54.20,100,
10:10:02,54.20,500,
10:10:02,54.20,100,
10:10:02,54.20,500,
10:10:02,54.20,200,
10:10:02,54.20,300,
10:10:02,54.20,200,
10:10:02,54.20,100,
10:10:02,54.20,100,
10:10:02,54.20,900,
10:10:02,54.20,100,
10:10:02,54.20,100,
10:10:02,54.20,150,
10:10:02,54.196,635,
10:10:02,54.20,200,
10:10:02,54.20,100,
10:10:03,54.20,500,
10:10:03,54.20,500,
10:10:04,54.1999,100,
10:10:04,54.20,500,
10:10:04,54.20,500,
10:10:05,54.20,500,
10:10:05,54.20,500,
10:10:05,54.20,100,
10:10:05,54.20,400,
10:10:05,54.20,500,
10:10:05,54.20,1000,
10:10:05,54.20,1000,
10:10:05,54.20,100,
10:10:05,54.20,200,
10:10:05,54.20,100,
10:10:05,54.20,100,
10:10:05,54.20,100,
10:10:06,54.19,230,
10:10:07,54.20,500,
10:10:07,54.20,1000,
10:10:07,54.20,100,
10:10:08,54.20,500,
10:10:08,54.20,500,
10:10:08,54.20,1000,
10:10:08,54.20,500,
10:10:09,54.1999,500,
10:10:09,54.22,100,
10:10:12,54.2187,150,
10:10:14,54.22,100,
10:10:19,54.2134,100,
10:10:19,54.22,200,
10:10:19,54.22,100,
10:10:20,54.21,100,
10:10:22,54.21,400,
10:10:22,54.21,300,
10:10:22,54.20,234,
10:10:22,54.19,200,
10:10:22,54.18,200,
10:10:22,54.228,1850,
10:10:22,54.2098,100,
10:10:23,54.18,200,
10:10:23,54.16,100,
10:10:25,54.1561,600,
10:10:26,54.13,127,
10:10:33,54.1101,200,
10:10:33,54.11,100,
10:10:33,54.1101,300,
10:10:33,54.13,100,
10:10:39,54.07,200,
10:10:41,54.0899,100,
10:10:47,54.10,100,
10:10:55,54.06,1000,
10:10:55,54.08,100,
10:11:07,54.17,100,
10:11:16,54.155,100,
10:11:21,54.15,300,
10:11:23,54.14,100,
10:11:26,54.1264,400,
10:11:38,54.14,528,
10:11:45,54.10,100,
10:11:47,54.128,100,
10:11:56,54.08,100,
10:12:03,54.06,200,
10:12:04,54.01,100,
10:12:04,54,900,
10:12:07,54.02,200,
10:12:08,53.9952,500,
10:12:10,54.07,300,
10:12:10,54.09,200,
10:12:10,54.1001,500,
10:12:18,54.09,100,
10:12:33,54.15,1000,
10:12:33,54.15,200,
10:12:33,54.15,1000,
10:12:33,54.15,500,
10:12:33,54.15,100,
10:12:33,54.15,1000,
10:12:33,54.15,300,
10:12:33,54.15,200,
10:12:33,54.15,100,
10:12:33,54.15,500,
10:12:33,54.15,300,
10:12:33,54.15,300,
10:12:33,54.15,1000,
10:12:36,54.15,500,
10:12:40,54.13,200,
10:12:43,54.15,500,
10:12:45,54.1301,100,
10:12:47,54.15,500,
10:12:47,54.15,500,
10:12:47,54.15,500,
10:12:47,54.15,500,
10:12:47,54.15,100,
10:12:47,54.15,500,
10:12:47,54.15,200,
10:12:51,54.15,3400,
10:12:51,54.15,100,
10:12:54,54.1474,600,
10:12:54,54.1474,100,
10:12:59,54.11,100,
10:13:04,54.111,700,
10:13:10,54.14,1300,
10:13:13,54.148,700,
10:13:16,54.147,700,
10:13:17,54.15,300,
10:13:17,54.15,400,
10:13:20,54.15,500,
10:13:20,54.15,200,
10:13:20,54.15,100,
10:13:20,54.15,300,
10:13:20,54.15,400,
10:13:20,54.15,100,
10:13:22,54.15,500,
10:13:23,54.15,100,
10:13:25,54.14,300,
10:13:28,54.149,400,
10:13:30,54.14,200,
10:13:33,54.15,800,
10:13:33,54.15,200,
10:13:41,54.13,196,
10:13:47,54.1227,600,
10:13:53,54.12,300,
10:13:57,54.15,600,
10:13:59,54.15,900,
10:13:59,54.14,100,
10:14:00,54.15,400,
10:14:00,54.15,8153,
10:14:07,54.188,1000,
10:14:11,54.18,100,
10:14:17,54.22,100,
10:14:19,54.23,170,
10:14:20,54.22,300,
10:14:21,54.23,150,
10:14:31,54.231,500,
10:14:32,54.25,300,
10:14:32,54.25,100,
10:14:32,54.25,100,
10:14:33,54.23,500,
10:14:39,54.2402,100,
10:14:39,54.24,200,
10:14:40,54.23,200,
10:14:40,54.23,100,
10:14:43,54.2377,100,
10:14:43,54.23,100,
10:14:43,54.23,1000,
10:14:54,54.2201,150,
10:14:55,54.22,600,
10:14:55,54.21,200,
10:14:55,54.21,200,
10:14:55,54.21,300,
10:14:55,54.20,200,
10:14:55,54.20,200,
10:14:55,54.19,200,
10:14:57,54.23,100,
10:14:58,54.2253,1000,
10:15:01,54.26,100,
10:15:01,54.2799,100,
10:15:01,54.28,100,
10:15:01,54.28,100,
10:15:01,54.25,600,
10:15:03,54.28,475,
10:15:05,54.26,174,
10:15:06,54.279,200,
10:15:06,54.28,100,
10:15:06,54.278,175,
10:15:07,54.279,500,
10:15:09,54.29,700,
10:15:10,54.28,987,
10:15:11,54.288,200,
10:15:12,54.27,300,
10:15:12,54.27,700,
10:15:17,54.28,100,
10:15:17,54.28,100,
10:15:20,54.30,100,
10:15:20,54.30,200,
10:15:21,54.29,100,
10:15:21,54.29,100,
10:15:22,54.29,100,
10:15:22,54.30,100,
10:15:23,54.30,100,
10:15:23,54.3096,100,
10:15:23,54.30,100,
10:15:25,54.30,3300,
10:15:25,54.318,500,
10:15:26,54.302,150,
10:15:26,54.308,100,
10:15:27,54.31,300,
10:15:31,54.281,500,
10:15:33,54.31,100,
10:15:45,54.32,100,
10:15:46,54.32,100,
10:15:48,54.30,200,
10:15:51,54.26,100,
10:15:55,54.26,3000,
10:15:57,54.28,100,
10:15:59,54.3099,2000,
10:16:03,54.29,100,
10:16:17,54.263,500,
10:16:17,54.2648,350,
10:16:27,54.23,100,
10:16:30,54.25,2600,
10:16:44,54.238,250,
10:16:52,54.2232,550,
10:16:55,54.22,200,
10:17:05,54.22,4200,
10:17:08,54.2201,2000,
10:17:12,54.231,200,
10:17:20,54.25,200,
10:17:25,54.2539,375,
10:17:32,54.24,500,
10:17:33,54.20,1000,
10:17:34,54.15,300,
10:17:34,54.1599,600,
10:17:35,54.111,100,
10:17:35,54.11,100,
10:17:36,54.11,300,
10:17:36,54.11,100,
10:17:36,54.111,200,
10:17:37,54.111,400,
10:17:41,54.13,100,
10:17:44,54.1542,200,
10:17:51,54.144,750,
10:17:53,54.17,200,
10:17:53,54.17,200,
10:17:53,54.19,800,
10:17:53,54.18,100,
10:17:53,54.22,100,
10:17:55,54.22,100,
10:18:04,54.23,100,
10:18:08,54.23,300,
10:18:08,54.23,200,
10:18:09,54.24,300,
10:18:18,54.24,600,
10:18:24,54.27,200,
10:18:30,54.28,100,
10:18:39,54.3101,100,
10:18:42,54.32,100,
10:18:45,54.35,100,
10:18:51,54.3601,100,
10:18:52,54.361,500,
10:18:58,54.3661,370,
10:19:03,54.36,100,
10:19:03,54.36,100,
10:19:03,54.32,300,
10:19:03,54.34,100,
10:19:03,54.34,100,
10:19:06,54.37,110,
10:19:07,54.36,100,
10:19:07,54.3601,400,
10:19:08,54.36,100,
10:19:19,54.361,100,
10:19:24,54.36,100,
10:19:24,54.372,200,
10:19:26,54.3501,100,
10:19:29,54.36,101,
10:19:33,54.3642,100,
10:19:33,54.35,100,
10:19:33,54.3501,300,
10:19:34,54.36,400,
10:19:38,54.32,100,
10:19:38,54.32,100,
10:19:42,54.32,200,
10:19:50,54.30,940,
10:19:54,54.31,200,
10:19:54,54.31,200,
10:19:54,54.30,100,
10:19:59,54.319,500,
10:20:00,54.34,200,
10:20:00,54.36,100,
10:20:06,54.39,100,
10:20:06,54.39,100,
10:20:10,54.39,300,
10:20:10,54.39,200,
10:20:10,54.40,500,
10:20:11,54.388,1000,
10:20:11,54.388,838,
10:20:13,54.4299,300,
10:20:19,54.42,100,
10:20:21,54.419,100,
10:20:29,54.42,100,
10:20:30,54.4299,100,
10:20:30,54.42,100,
10:20:35,54.42,300,
10:20:37,54.428,600,
10:20:42,54.4301,300,
10:20:43,54.43,100,
10:20:48,54.45,200,
10:20:48,54.45,100,
10:20:59,54.40,300,
10:21:04,54.4101,100,
10:21:10,54.41,100,
10:21:13,54.4101,100,
10:21:28,54.4103,100,
10:21:28,54.41,100,
10:21:32,54.4326,225,
10:21:34,54.43,100,
10:21:40,54.43,3300,
10:21:54,54.431,500,
10:22:00,54.45,200,
10:22:01,54.451,100,
10:22:02,54.48,200,
10:22:03,54.488,1100,
10:22:17,54.50,100,
10:22:17,54.499,240,
10:22:17,54.50,440,
10:22:20,54.51,100,
10:22:20,54.54,101,
10:22:20,54.50,444,
10:22:20,54.50,350,
10:22:20,54.50,120,
10:22:20,54.53,3278,
10:22:21,54.5199,600,
10:22:21,54.5199,800,
10:22:21,54.53,200,
10:22:23,54.5101,409,
10:22:23,54.511,300,
10:22:26,54.512,150,
10:22:28,54.498,500,
10:22:30,54.50,400,
10:22:30,54.50,100,
10:22:30,54.4901,500,
10:22:30,54.4901,1300,
10:22:33,54.50,900,
10:22:33,54.498,1500,
10:22:39,54.50,300,
10:22:41,54.50,1000,
10:22:53,54.528,400,
10:22:59,54.512,900,
10:23:00,54.52,100,
10:23:00,54.55,100,
10:23:02,54.532,215,
10:23:02,54.55,100,
10:23:04,54.53,200,
10:23:04,54.52,200,
10:23:05,54.55,100,
10:23:05,54.54,300,
10:23:06,54.54,300,
10:23:07,54.55,200,
10:23:07,54.56,400,
10:23:07,54.55,600,
10:23:07,54.57,100,
10:23:07,54.57,100,
10:23:08,54.58,1115,
10:23:10,54.54,200,
10:23:10,54.5428,100,
10:23:17,54.54,100,
10:23:17,54.54,200,
10:23:17,54.542,100,
10:23:19,54.57,100,
10:23:19,54.568,360,
10:23:20,54.53,200,
10:23:20,54.52,300,
10:23:20,54.52,300,
10:23:20,54.5299,1100,
10:23:25,54.50,300,
10:23:25,54.50,200,
10:23:25,54.50,300,
10:23:27,54.52,100,
10:23:27,54.53,200,
10:23:32,54.54,100,
10:23:37,54.54,101,
10:23:40,54.52,100,
10:23:40,54.52,300,
10:23:44,54.51,1900,
10:23:49,54.5099,400,
10:23:53,54.51,300,
10:24:00,54.53,300,
10:24:03,54.548,1400,
10:24:07,54.52,400,
10:24:07,54.51,100,
10:24:07,54.51,300,
10:24:07,54.50,100,
10:24:11,54.51,170,
10:24:21,54.5199,250,
10:24:25,54.492,300,
10:24:30,54.54,100,
10:24:34,54.55,393,
10:24:40,54.56,100,
10:24:43,54.5592,200,
10:24:45,54.5401,100,
10:24:47,54.5401,264,
10:24:47,54.54,100,
10:24:47,54.5401,100,
10:24:52,54.575,100,
10:25:02,54.57,100,
10:25:02,54.5757,100,
10:25:02,54.5701,100,
10:25:02,54.57,300,
10:25:18,54.561,200,
10:25:34,54.5628,1000,
10:25:39,54.56,300,
10:25:39,54.56,100,
10:25:39,54.5601,300,
10:25:39,54.56,200,
10:25:43,54.57,100,
10:25:43,54.5701,100,
10:25:47,54.53,100,
10:25:50,54.52,100,
10:25:50,54.52,150,
10:26:01,54.51,800,
10:26:16,54.498,100,
10:26:19,54.51,100,
10:26:20,54.53,900,
10:26:23,54.53,100,
10:26:33,54.50,100,
10:26:36,54.518,500,
10:26:37,54.5198,1200,
10:26:49,54.50,100,
10:26:53,54.502,100,
10:26:58,54.491,100,
10:26:59,54.5034,375,
10:27:01,54.512,100,
10:27:04,54.5168,300,
10:27:33,54.509,1000,
10:27:44,54.50,100,
10:27:46,54.48,100,
10:27:46,54.48,300,
10:27:46,54.4801,600,
10:27:49,54.4973,500,
10:27:58,54.46,100,
10:28:02,54.4899,200,
10:28:08,54.48,200,
10:28:08,54.48,300,
10:28:08,54.48,300,
10:28:20,54.451,225,
10:28:20,54.44,3012,
10:28:23,54.42,1000,
10:28:23,54.40,100,
10:28:23,54.40,194,
10:28:23,54.42,300,
10:28:24,54.4187,250,
10:28:28,54.38,500,
10:28:28,54.38,200,
10:28:28,54.38,300,
10:28:28,54.38,100,
10:28:30,54.38,200,
10:28:30,54.3801,2100,
10:28:30,54.3801,300,
10:28:30,54.38,100,
10:28:34,54.38,100,
10:28:34,54.38,100,
10:28:34,54.38,100,
10:28:47,54.386,200,
10:28:47,54.38,100,
10:28:47,54.38,200,
10:28:56,54.38,100,
10:28:58,54.40,200,
10:29:02,54.38,200,
10:29:02,54.38,200,
10:29:02,54.38,200,
10:29:02,54.3862,200,
10:29:12,54.38,100,
10:29:12,54.40,100,
10:29:12,54.3883,100,
10:29:12,54.3801,100,
10:29:12,54.3601,900,
10:29:12,54.36,500,
10:29:12,54.36,200,
10:29:12,54.36,300,
10:29:13,54.37,200,
10:29:20,54.37,100,
10:29:20,54.35,100,
10:29:20,54.3401,370,
10:29:29,54.34,340,
10:29:31,54.3401,100,
10:29:31,54.3401,100,
10:29:36,54.35,100,
10:29:36,54.3301,400,
10:29:36,54.33,200,
10:29:36,54.332,1000,
10:29:36,54.33,100,
10:29:37,54.30,100,
10:29:37,54.2739,250,
10:29:39,54.27,350,
10:29:40,54.29,500,
10:29:40,54.28,100,
10:29:41,54.28,187,
10:29:43,54.28,313,
10:29:45,54.26,100,
10:29:45,54.2603,100,
10:29:46,54.2501,100,
10:29:46,54.25,100,
10:29:46,54.25,300,
10:29:47,54.29,300,
10:29:47,54.29,100,
10:29:48,54.26,100,
10:29:48,54.26,100,
10:29:57,54.27,200,
10:29:59,54.29,400,
10:30:08,54.32,100,
10:30:08,54.32,200,
10:30:10,54.3301,100,
10:30:10,54.3301,100,
10:30:10,54.3363,100,
10:30:25,54.34,200,
10:30:25,54.33,100,
10:30:25,54.33,100,
10:30:37,54.3899,2000,
10:30:41,54.3889,300,
10:30:46,54.371,100,
10:30:52,54.39,100,
10:30:52,54.39,200,
10:30:52,54.40,100,
10:30:52,54.42,100,
10:30:58,54.4032,200,
10:31:14,54.418,1600,
10:31:28,54.40,200,
10:31:28,54.41,300,
10:31:29,54.43,800,
10:31:47,54.46,200,
10:31:47,54.44,300,
10:31:49,54.474,100,
10:31:53,54.44,200,
10:31:54,54.439,1000,
10:32:03,54.4489,200,
10:32:13,54.44,200,
10:32:14,54.44,400,
10:32:16,54.42,150,
10:32:36,54.47,1000,
10:32:36,54.47,200,
10:32:36,54.43,100,
10:32:36,54.45,200,
10:32:36,54.45,300,
10:32:36,54.45,300,
10:32:37,54.42,250,
10:32:38,54.455,600,
10:32:42,54.4269,200,
10:32:45,54.45,200,
10:32:51,54.44,300,
10:32:54,54.45,400,
10:32:58,54.4499,1000,
10:33:03,54.44,100,
10:33:03,54.46,300,
10:33:08,54.462,600,
10:33:11,54.479,400,
10:33:14,54.47,400,
10:33:17,54.4596,500,
10:33:24,54.49,200,
10:33:40,54.51,100,
10:33:43,54.51,100,
10:33:43,54.51,100,
10:33:43,54.51,100,
10:33:43,54.51,100,
10:33:46,54.53,100,
10:33:48,54.53,100,
10:33:53,54.54,300,
10:33:56,54.54,100,
10:34:05,54.51,200,
10:34:05,54.51,300,
10:34:08,54.53,100,
10:34:09,54.501,100,
10:34:11,54.54,100,
10:34:11,54.54,100,
10:34:11,54.54,100,
10:34:35,54.48,100,
10:34:35,54.46,100,
10:34:35,54.46,300,
10:34:35,54.44,200,
10:34:35,54.44,200,
10:35:00,54.4169,500,
10:35:12,54.411,300,
10:35:17,54.41,440,
10:35:21,54.40,100,
10:35:21,54.40,100,
10:35:24,54.40,300,
10:35:25,54.40,100,
10:35:26,54.40,184,
10:35:26,54.39,200,
10:35:26,54.3695,700,
10:35:28,54.36,200,
10:35:28,54.31,100,
10:35:28,54.33,300,
10:35:31,54.3145,300,
10:35:39,54.312,100,
10:35:52,54.31,100,
10:35:55,54.29,100,
10:36:01,54.263,500,
10:36:02,54.2701,400,
10:36:05,54.27,200,
10:36:06,54.27,200,
10:36:25,54.26,100,
10:36:28,54.27,300,
10:36:32,54.27,200,
10:36:46,54.24,100,
10:36:46,54.24,100,
10:36:49,54.22,300,
10:36:53,54.2252,200,
10:36:54,54.18,200,
10:36:54,54.1603,100,
10:36:54,54.16,100,
10:36:55,54.14,200,
10:36:56,54.16,100,
10:36:56,54.16,100,
10:37:01,54.14,1200,
10:37:01,54.14,100,
10:37:05,54.17,100,
10:37:05,54.20,200,
10:37:14,54.1739,200,
10:37:17,54.21,300,
10:37:17,54.21,500,
10:37:32,54.19,100,
10:37:32,54.18,100,
10:37:32,54.18,200,
10:37:32,54.18,600,
10:37:32,54.17,100,
10:37:40,54.23,300,
10:37:48,54.2261,200,
10:38:04,54.25,232,
10:38:15,54.2604,1000,
10:38:21,54.27,109,
10:38:28,54.2411,100,
10:38:31,54.25,300,
10:38:34,54.252,150,
10:38:41,54.268,400,
10:38:52,54.252,200,
10:39:10,54.221,100,
10:39:35,54.18,100,
10:39:41,54.20,200,
10:39:58,54.17,200,
10:40:13,54.173,300,
10:40:24,54.161,100,
10:40:25,54.18,100,
10:40:28,54.1711,649,
10:40:59,54.2661,300,
10:41:28,54.2673,1000,
10:41:39,54.2402,250,
10:41:46,54.269,150,
10:42:11,54.257,200,
10:42:12,54.24,200,
10:42:12,54.24,200,
10:42:12,54.24,100,
10:42:37,54.29,100,
10:42:41,54.27,150,
10:42:44,54.28,300,
10:42:50,54.26,200,
10:42:50,54.2601,1000,
10:42:52,54.26,200,
10:43:08,54.30,150,
10:43:08,54.30,100,
10:43:19,54.299,500,
10:43:38,54.291,100,
10:43:53,54.29,400,
10:44:02,54.25,203,
10:44:12,54.26,100,
10:44:12,54.26,100,
10:44:16,54.27,107,
10:44:16,54.27,300,
10:44:33,54.26,100,
10:44:39,54.29,100,
10:44:52,54.30,1400,
10:44:53,54.30,3600,
10:45:11,54.299,100,
10:45:15,54.30,200,
10:45:42,54.22,100,
10:45:42,54.19,100,
10:45:45,54.2027,1000,
10:45:50,54.2048,200,
10:46:05,54.228,700,
10:46:12,54.259,100,
10:46:20,54.23,100,
10:46:22,54.269,100,
10:46:50,54.24,300,
10:46:55,54.22,100,
10:46:56,54.222,3600,
10:46:56,54.2389,200,
10:47:05,54.23,100,
10:47:05,54.24,200,
10:47:11,54.231,300,
10:47:14,54.23,100,
10:47:19,54.2699,700,
10:47:24,54.2697,100,
10:47:24,54.27,200,
10:47:24,54.27,100,
10:47:27,54.27,100,
10:48:04,54.2401,245,
10:48:16,54.25,300,
10:48:26,54.28,100,
10:48:26,54.30,200,
10:48:36,54.30,200,
10:48:41,54.273,100,
10:48:54,54.291,500,
10:49:03,54.291,100,
10:49:07,54.27,100,
10:49:10,54.28,100,
10:49:11,54.28,600,
10:49:11,54.28,300,
10:49:24,54.28,100,
10:49:24,54.24,100,
10:49:24,54.2401,2000,
10:49:52,54.2911,300,
10:50:23,54.299,400,
10:50:46,54.2901,2000,
10:50:46,54.29,200,
10:50:48,54.29,100,
10:50:48,54.2944,100,
10:51:12,54.33,200,
10:51:12,54.33,100,
10:51:14,54.291,200,
10:51:15,54.30,100,
10:51:22,54.28,300,
10:51:25,54.2799,300,
10:51:28,54.24,300,
10:51:28,54.27,100,
10:51:32,54.27,200,
10:51:40,54.252,860,
10:52:02,54.24,100,
10:52:23,54.2003,100,
10:52:23,54.2001,200,
10:52:26,54.25,100,
10:52:26,54.25,100,
10:52:30,54.246,100,
10:52:39,54.2411,600,
10:53:32,54.24,100,
10:53:42,54.2461,500,
10:53:59,54.21,100,
10:54:07,54.2189,100,
10:54:07,54.21,100,
10:54:07,54.21,800,
10:54:23,54.228,1500,
10:54:32,54.27,100,
10:54:32,54.27,100,
10:54:32,54.25,100,
10:54:37,54.24,200,
10:54:37,54.24,700,
10:54:37,54.2425,100,
10:54:38,54.24,400,
10:54:47,54.27,300,
10:54:58,54.24,600,
10:55:00,54.24,100,
10:55:46,54.278,300,
10:55:54,54.27,100,
10:56:41,54.26,200,
10:56:45,54.23,200,
10:56:45,54.22,600,
10:56:45,54.22,300,
10:56:45,54.21,100,
10:56:45,54.20,300,
10:56:49,54.22,200,
10:56:50,54.2289,200,
10:56:59,54.20,1300,
10:56:59,54.18,200,
10:56:59,54.19,100,
10:57:00,54.18,2000,
10:57:01,54.19,300,
10:57:06,54.2299,1000,
10:57:12,54.24,200,
10:57:21,54.20,100,
10:57:22,54.208,500,
10:57:24,54.21,300,
10:57:29,54.182,200,
10:57:51,54.23,100,
10:58:01,54.23,200,
10:58:03,54.25,600,
10:58:04,54.23,200,
10:58:11,54.2139,200,
10:59:04,54.25,100,
10:59:10,54.25,250,
10:59:24,54.25,300,
10:59:27,54.25,200,
10:59:29,54.224,1000,
10:59:30,54.25,100,
10:59:38,54.201,200,
10:59:38,54.201,200,
10:59:52,54.222,510,
11:00:04,54.27,500,
11:00:16,54.23,200,
11:00:43,54.27,184,
11:01:05,54.2355,630,
11:01:12,54.2552,200,
11:01:21,54.23,100,
11:01:21,54.22,100,
11:01:21,54.22,200,
11:01:54,54.20,153,
11:01:58,54.2099,300,
11:02:40,54.22,100,
11:02:56,54.25,150,
11:03:05,54.2125,200,
11:03:08,54.2399,100,
11:03:54,54.2048,300,
11:05:10,54.21,100,
11:05:19,54.17,659,
11:05:32,54.1625,100,
11:05:32,54.1564,100,
11:05:37,54.1527,630,
11:05:38,54.18,200,
11:05:38,54.19,100,
11:05:38,54.19,200,
11:05:53,54.13,200,
11:05:53,54.13,200,
11:05:54,54.16,200,
11:06:07,54.15,300,
11:06:10,54.14,125,
11:06:23,54.20,100,
11:06:36,54.1701,100,
11:06:48,54.2201,500,
11:06:57,54.25,300,
11:06:57,54.25,100,
11:07:00,54.22,100,
11:07:08,54.22,200,
11:07:16,54.19,200,
11:07:28,54.14,100,
11:07:33,54.1201,100,
11:07:37,54.12,300,
11:07:47,54.13,300,
11:07:48,54.121,100,
11:07:48,54.08,100,
11:07:48,54.08,100,
11:07:48,54.08,500,
11:07:49,54.08,100,
11:07:49,54.08,100,
11:07:49,54.10,500,
11:07:49,54.10,200,
11:07:49,54.06,100,
11:07:49,54.05,100,
11:07:49,54.05,100,
11:07:49,54.06,180,
11:07:50,54.04,500,
11:07:50,54.04,200,
11:07:50,54.04,100,
11:07:50,54.03,500,
11:07:50,54.02,500,
11:07:50,54.02,200,
11:07:50,54.02,300,
11:07:50,54.01,700,
11:07:50,54.012,200,
11:07:51,54.0184,300,
11:07:52,54.025,167,
11:08:05,54.0452,200,
11:08:13,54.02,200,
11:08:13,54.02,100,
11:08:23,54.001,400,
11:08:23,54.001,1200,
11:08:23,54,100,
11:08:23,54.001,100,
11:08:28,54.0048,160,
11:08:31,54,200,
11:08:31,54,100,
11:08:31,54,1200,
11:08:33,53.961,100,
11:08:33,53.961,1000,
11:08:34,53.96,100,
11:08:34,53.97,200,
11:08:36,53.9611,200,
11:08:37,53.961,400,
11:08:39,53.961,200,
11:08:41,53.971,200,
11:08:41,53.971,200,
11:08:45,53.96,200,
11:08:51,53.96,200,
11:08:51,53.96,300,
11:08:51,53.95,200,
11:08:51,53.96,200,
11:08:51,53.93,500,
11:08:51,53.941,200,
11:08:56,53.941,200,
11:09:00,53.941,200,
11:09:00,53.941,200,
11:09:03,53.931,100,
11:09:05,53.94,100,
11:09:05,53.94,100,
11:09:05,53.94,200,
11:09:05,53.94,100,
11:09:07,53.93,100,
11:09:08,53.95,100,
11:09:12,53.96,100,
11:09:22,53.949,1000,
11:09:27,53.95,100,
11:09:31,53.90,400,
11:09:31,53.90,600,
11:09:33,53.90,500,
11:09:35,53.91,100,
11:09:52,53.908,800,
11:09:54,53.901,100,
11:09:54,53.901,200,
11:10:01,53.90,2500,
11:10:01,53.87,100,
11:10:01,53.87,100,
11:10:02,53.871,100,
11:10:04,53.897,1000,
11:10:04,53.89,100,
11:10:06,53.89,100,
11:10:09,53.89,300,
11:10:10,53.89,300,
11:10:13,53.87,100,
11:10:13,53.87,300,
11:10:13,53.8699,200,
11:10:16,53.852,500,
11:10:16,53.85,375,
11:10:16,53.86,100,
11:10:16,53.8302,257,
11:10:20,53.86,100,
11:10:21,53.85,300,
11:10:21,53.85,200,
11:10:22,53.8402,1300,
11:10:23,53.861,100,
11:10:29,53.8307,300,
11:10:46,53.87,100,
11:10:48,53.89,200,
11:10:56,53.862,400,
11:10:57,53.89,300,
11:11:10,53.891,900,
11:11:15,53.8801,300,
11:11:22,53.86,101,
11:11:23,53.841,200,
11:11:35,53.8474,600,
11:11:41,53.841,100,
11:11:51,53.875,100,
11:11:53,53.89,200,
11:11:55,53.9001,500,
11:11:58,53.95,100,
11:11:59,53.91,100,
11:12:04,53.93,300,
11:12:36,53.907,100,
11:12:46,53.9001,400,
11:13:18,53.901,150,
11:13:35,53.90,200,
11:13:44,53.901,200,
11:14:09,53.9533,300,
11:14:25,53.9435,300,
11:14:35,53.9401,200,
11:14:40,53.94,100,
11:14:46,53.91,100,
11:15:31,53.939,1000,
11:15:38,53.94,100,
11:15:40,53.959,1000,
11:15:46,53.99,200,
11:15:46,53.99,100,
11:15:51,54,100,
11:15:56,53.998,300,
11:15:57,54,300,
11:15:57,54,200,
11:15:59,53.99,100,
11:16:17,54.0027,800,
11:16:30,54.0268,300,
11:16:39,54.0452,200,
11:16:48,54,200,
11:16:49,54,100,
11:17:22,54,100,
11:17:27,54,100,
11:17:27,54,571,
11:17:27,54,2000,
11:17:27,53.97,300,
11:17:31,53.9601,100,
11:17:37,54,200,
11:17:57,53.999,400,
11:18:07,53.9992,600,
11:18:32,53.973,250,
11:18:45,54,200,
11:19:18,53.991,200,
11:19:31,54.02,200,
11:19:34,54.03,200,
11:19:34,54.03,900,
11:19:46,54,224,
11:19:46,54,100,
11:19:46,53.98,500,
11:19:46,53.99,300,
11:19:46,53.99,200,
11:19:46,53.98,500,
11:19:46,53.97,100,
11:19:46,53.97,300,
11:19:46,53.97,200,
11:19:46,53.96,100,
11:19:46,53.96,500,
11:19:46,53.96,100,
11:19:46,53.95,300,
11:19:46,53.95,200,
11:19:46,53.94,200,
11:19:46,53.93,200,
11:19:46,53.93,300,
11:19:47,53.91,100,
11:19:47,53.92,247,
11:19:47,53.92,170,
11:19:47,53.92,100,
11:19:47,53.93,200,
11:19:47,53.95,300,
11:19:58,53.95,100,
11:19:58,53.94,500,
11:19:58,53.95,100,
11:20:19,53.92,300,
11:20:19,53.92,600,
11:20:19,53.92,300,
11:20:19,53.90,100,
11:20:22,53.90,200,
11:20:23,53.881,100,
11:20:29,53.864,100,
11:20:34,53.95,100,
11:20:37,53.96,100,
11:20:37,53.96,100,
11:20:37,53.94,200,
11:20:37,53.94,100,
11:20:37,53.92,200,
11:20:37,53.90,100,
11:20:38,53.912,400,
11:20:40,53.91,100,
11:20:50,53.9361,200,
11:20:54,53.91,100,
11:20:54,53.92,100,
11:21:27,53.86,100,
11:21:57,53.90,100,
11:22:16,53.87,200,
11:22:26,53.876,800,
11:22:33,53.8401,100,
11:22:41,53.869,482,
11:23:05,53.863,400,
11:23:56,53.8999,700,
11:24:02,53.898,500,
11:24:23,53.90,183,
11:24:23,53.90,100,
11:24:30,53.908,100,
11:24:43,53.949,300,
11:25:13,53.99,200,
11:25:18,54.07,200,
11:25:18,54.0873,510,
11:25:20,54.09,100,
11:25:26,54.06,100,
11:26:03,54,500,
11:26:14,54,100,
11:26:16,54,100,
11:26:51,54.02,300,
11:26:52,54.04,100,
11:27:01,54.05,300,
11:27:10,54.0201,200,
11:27:21,54.047,700,
11:27:34,54.05,100,
11:27:36,54.03,300,
11:27:37,54.04,200,
11:27:56,54.07,100,
11:27:56,54.07,300,
11:27:56,54.05,300,
11:27:56,54.0501,600,
11:28:14,54.1199,500,
11:28:16,54.11,200,
11:28:20,54.20,100,
11:28:21,54.19,200,
11:28:21,54.19,300,
11:28:23,54.20,500,
11:28:29,54.17,200,
11:28:34,54.19,200,
11:28:37,54.1499,2000,
11:28:43,54.1354,800,
11:28:51,54.162,200,
11:29:01,54.13,800,
11:29:13,54.14,100,
11:29:23,54.12,101,
11:29:25,54.114,600,
11:30:59,54.25,300,
11:30:59,54.25,150,
11:30:59,54.24,100,
11:30:59,54.25,100,
11:30:59,54.26,200,
11:30:59,54.27,200,
11:30:59,54.2401,700,
11:30:59,54.27,550,
11:31:04,54.20,100,
11:31:14,54.217,200,
11:31:16,54.1952,500,
11:31:21,54.22,100,
11:31:26,54.249,100,
11:31:38,54.231,1000,
11:31:42,54.254,200,
11:31:42,54.254,3000,
11:31:47,54.29,130,
11:31:48,54.31,101,
11:31:51,54.28,300,
11:31:57,54.318,1100,
11:31:58,54.30,100,
11:32:03,54.284,500,
11:32:17,54.26,100,
11:32:20,54.2401,531,
11:32:29,54.27,300,
11:32:46,54.2999,2000,
11:33:10,54.34,400,
11:33:11,54.35,103,
11:33:11,54.3652,150,
11:33:14,54.3799,200,
11:33:14,54.38,100,
11:33:14,54.3694,100,
11:33:14,54.38,100,
11:33:14,54.3799,100,
11:33:14,54.38,100,
11:33:18,54.38,100,
11:33:40,54.37,200,
11:33:40,54.37,100,
11:33:47,54.36,1900,
11:33:58,54.38,200,
11:33:58,54.35,100,
11:34:20,54.35,200,
11:34:20,54.342,300,
11:34:21,54.37,500,
11:34:35,54.30,100,
11:34:36,54.30,100,
11:34:38,54.32,200,
11:34:38,54.32,400,
11:34:38,54.33,200,
11:34:38,54.33,200,
11:34:48,54.364,500,
11:35:00,54.30,200,
11:35:17,54.36,200,
11:35:17,54.34,200,
11:35:17,54.35,200,
11:35:18,54.3647,400,
11:36:09,54.37,100,
11:36:09,54.37,100,
11:36:26,54.38,100,
11:36:36,54.39,100,
11:36:38,54.36,200,
11:37:00,54.40,100,
11:37:05,54.41,294,
11:37:28,54.4136,100,
11:37:34,54.38,300,
11:37:36,54.38,600,
11:37:36,54.38,600,
11:37:36,54.38,200,
11:37:39,54.389,300,
11:37:41,54.37,300,
11:37:42,54.409,100,
11:37:45,54.417,300,
11:37:53,54.3948,100,
11:37:55,54.419,100,
11:38:01,54.41,200,
11:38:04,54.44,200,
11:38:04,54.45,400,
11:38:04,54.40,100,
11:38:06,54.41,100,
11:38:15,54.41,300,
11:38:15,54.41,200,
11:38:15,54.41,300,
11:38:18,54.40,200,
11:38:32,54.4236,300,
11:38:44,54.389,500,
11:38:57,54.36,200,
11:39:00,54.37,4100,
11:39:00,54.37,100,
11:39:00,54.35,300,
11:39:01,54.33,500,
11:39:06,54.331,300,
11:39:06,54.36,200,
11:39:10,54.38,100,
11:39:10,54.39,200,
11:39:52,54.40,400,
11:40:10,54.448,950,
11:40:22,54.46,100,
11:40:24,54.46,450,
11:40:53,54.50,400,
11:40:53,54.50,4600,
11:40:56,54.48,100,
11:41:00,54.50,210,
11:41:02,54.51,200,
11:41:03,54.511,100,
11:41:04,54.53,400,
11:41:10,54.507,500,
11:41:24,54.50,150,
11:41:25,54.50,200,
11:41:25,54.51,200,
11:41:54,54.45,200,
11:42:11,54.45,200,
11:42:53,54.4968,300,
11:43:24,54.5436,200,
11:43:29,54.53,200,
11:43:29,54.55,100,
11:43:43,54.532,1000,
11:43:44,54.5601,300,
11:43:48,54.58,100,
11:43:49,54.61,300,
11:43:49,54.60,300,
11:43:49,54.60,100,
11:43:49,54.63,300,
11:43:49,54.64,200,
11:43:49,54.61,200,
11:43:49,54.62,100,
11:43:49,54.6355,1000,
11:43:49,54.6299,100,
11:43:49,54.62,200,
11:43:49,54.61,500,
11:43:49,54.60,100,
11:43:49,54.5801,400,
11:43:50,54.61,100,
11:43:50,54.62,150,
11:43:52,54.62,200,
11:43:52,54.61,100,
11:43:52,54.62,300,
11:43:52,54.62,300,
11:43:52,54.64,100,
11:43:53,54.6486,400,
11:43:54,54.6468,100,
11:43:54,54.6468,100,
11:43:57,54.658,200,
11:44:06,54.65,100,
11:44:09,54.66,200,
11:44:10,54.635,450,
11:44:13,54.66,100,
11:44:13,54.66,200,
11:44:19,54.6348,200,
11:44:35,54.61,500,
11:44:37,54.57,1200,
11:44:40,54.55,300,
11:44:48,54.551,100,
11:44:49,54.5799,2000,
11:44:55,54.541,1400,
11:44:58,54.5401,2000,
11:45:00,54.58,400,
11:45:00,54.58,100,
11:45:16,54.5501,4000,
11:45:36,54.462,1000,
11:45:44,54.51,200,
11:45:45,54.5021,100,
11:45:45,54.4901,100,
11:45:55,54.52,400,
11:45:58,54.48,100,
11:46:11,54.49,100,
11:46:30,54.56,300,
11:46:33,54.5302,188,
11:46:58,54.50,200,
11:47:00,54.51,200,
11:47:02,54.53,200,
11:47:15,54.5439,500,
11:47:41,54.542,200,
11:47:47,54.5401,3400,
11:48:03,54.57,100,
11:48:06,54.56,200,
11:48:21,54.58,100,
11:48:21,54.5801,100,
11:48:47,54.56,100,
11:48:55,54.5691,700,
11:49:08,54.5601,100,
11:49:09,54.56,100,
11:49:15,54.599,200,
11:49:19,54.598,500,
11:49:26,54.60,100,
11:49:30,54.6001,200,
11:49:30,54.60,100,
11:49:41,54.64,200,
11:49:41,54.65,200,
11:49:48,54.658,300,
11:49:56,54.62,200,
11:50:00,54.6285,1830,
11:50:05,54.66,200,
11:50:05,54.66,300,
11:50:05,54.66,500,
11:50:14,54.66,100,
11:50:25,54.66,200,
11:50:25,54.69,300,
11:50:25,54.67,100,
11:50:29,54.6794,1000,
11:50:31,54.6773,500,
11:50:33,54.69,100,
11:50:33,54.70,200,
11:50:33,54.68,200,
11:50:35,54.70,116,
11:50:50,54.661,400,
11:50:55,54.70,200,
11:50:55,54.70,700,
11:50:58,54.673,600,
11:51:03,54.698,200,
11:51:08,54.6984,200,
11:51:13,54.68,100,
11:51:23,54.6832,200,
11:51:25,54.708,1000,
11:51:30,54.70,100,
11:51:30,54.70,100,
11:51:34,54.70,200,
11:51:36,54.70,200,
11:51:37,54.70,300,
11:51:37,54.70,200,
11:51:37,54.70,300,
11:51:45,54.70,100,
11:51:50,54.72,400,
11:52:02,54.71,300,
11:52:05,54.721,1000,
11:52:07,54.728,200,
11:52:12,54.73,400,
11:52:12,54.73,200,
11:52:17,54.72,100,
11:52:17,54.72,200,
11:52:17,54.72,100,
11:52:17,54.71,200,
11:52:23,54.7066,1000,
11:52:27,54.70,300,
11:52:27,54.70,300,
11:52:27,54.70,200,
11:52:27,54.70,200,
11:52:29,54.70,1000,
11:52:30,54.70,100,
11:52:30,54.70,100,
11:52:30,54.70,400,
11:52:44,54.7261,182,
11:52:54,54.70,200,
11:52:55,54.70,200,
11:52:55,54.69,200,
11:53:03,54.72,200,
11:53:08,54.721,600,
11:53:36,54.70,300,
11:53:36,54.70,300,
11:53:36,54.70,200,
11:53:36,54.70,300,
11:53:37,54.701,100,
11:53:37,54.7032,300,
11:53:39,54.68,300,
11:53:44,54.692,700,
11:54:10,54.73,300,
11:54:15,54.74,250,
11:54:15,54.75,100,
11:54:15,54.75,100,
11:54:15,54.75,125,
11:54:17,54.78,1000,
11:54:17,54.78,300,
11:54:17,54.80,500,
11:54:17,54.80,300,
11:54:17,54.80,100,
11:54:17,54.80,500,
11:54:17,54.80,200,
11:54:31,54.7828,363,
11:54:32,54.7701,2500,
11:54:46,54.78,200,
11:54:46,54.78,200,
11:54:58,54.75,300,
11:55:01,54.78,300,
11:55:01,54.78,200,
11:55:01,54.78,300,
11:55:07,54.7801,1000,
11:55:08,54.80,1400,
11:55:13,54.80,525,
11:55:13,54.80,100,
11:55:13,54.80,100,
11:55:13,54.80,100,
11:55:13,54.80,100,
11:55:15,54.7913,300,
11:55:23,54.82,100,
11:55:23,54.83,200,
11:55:24,54.85,100,
11:55:24,54.85,100,
11:55:28,54.82,498,
11:55:46,54.83,250,
11:55:52,54.83,127,
11:55:54,54.85,100,
11:56:19,54.83,200,
11:56:26,54.85,200,
11:56:26,54.85,4000,
11:56:31,54.87,300,
11:56:31,54.85,300,
11:56:33,54.8784,100,
11:56:34,54.90,100,
11:56:34,54.90,2400,
11:56:35,54.8999,500,
11:56:36,54.8952,200,
11:56:52,54.90,100,
11:57:02,54.90,116,
11:57:06,54.90,100,
11:57:11,54.93,2728,
11:57:14,54.91,100,
11:57:14,54.91,100,
11:57:15,54.91,100,
11:57:17,54.9199,1000,
11:57:17,54.93,600,
11:57:27,54.92,200,
11:57:39,54.90,300,
11:57:50,54.85,100,
11:57:55,54.819,100,
11:57:56,54.819,700,
11:57:58,54.8188,190,
11:58:05,54.82,300,
11:58:05,54.82,300,
11:58:07,54.8026,1500,
11:58:18,54.80,100,
11:58:29,54.83,100,
11:58:29,54.83,300,
11:58:29,54.801,100,
11:58:29,54.8499,300,
11:58:43,54.82,100,
11:58:43,54.82,100,
11:58:43,54.83,200,
11:58:43,54.83,200,
11:58:43,54.82,100,
11:58:43,54.82,300,
11:58:51,54.81,300,
11:59:04,54.82,300,
11:59:04,54.82,300,
11:59:43,54.8352,200,
11:59:49,54.82,500,
11:59:50,54.84,200,
11:59:50,54.84,198,
11:59:55,54.82,100,
12:00:07,54.8599,3400,
12:00:16,54.831,200,
12:00:33,54.82,100,
12:00:38,54.8299,200,
12:00:40,54.84,100,
12:00:46,54.824,800,
12:01:02,54.82,300,
12:01:12,54.86,200,
12:01:12,54.85,300,
12:01:12,54.85,200,
12:01:12,54.85,200,
12:01:12,54.85,300,
12:01:20,54.85,100,
12:01:23,54.832,146,
12:01:44,54.823,1000,
12:01:47,54.80,300,
12:01:48,54.80,200,
12:01:48,54.81,122,
12:02:14,54.81,100,
12:02:14,54.81,100,
12:02:14,54.8027,550,
12:02:39,54.8055,100,
12:02:40,54.80,100,
12:02:40,54.80,100,
12:02:40,54.80,100,
12:02:41,54.802,600,
12:03:04,54.82,100,
12:03:04,54.82,100,
12:03:04,54.821,200,
12:03:05,54.821,100,
12:03:14,54.82,300,
12:03:24,54.8048,485,
12:03:26,54.801,100,
12:03:30,54.79,300,
12:03:30,54.80,100,
12:03:40,54.81,200,
12:04:03,54.8198,300,
12:04:04,54.8027,800,
12:04:05,54.8001,200,
12:04:05,54.8066,200,
12:04:05,54.80,200,
12:04:11,54.8062,200,
12:04:39,54.81,300,
12:04:41,54.80,100,
12:04:42,54.80,100,
12:04:45,54.80,228,
12:05:15,54.801,100,
12:05:15,54.801,100,
12:05:16,54.80,100,
12:05:16,54.80,300,
12:05:17,54.801,100,
12:05:27,54.802,300,
12:05:45,54.8163,1000,
12:05:56,54.78,299,
12:05:56,54.78,300,
12:05:57,54.79,300,
12:06:01,54.7832,200,
12:06:13,54.7841,600,
12:06:33,54.7801,100,
12:07:04,54.8001,100,
12:07:06,54.802,100,
12:07:22,54.8168,100,
12:07:55,54.78,200,
12:07:56,54.77,1438,
12:08:01,54.7934,200,
12:08:42,54.78,300,
12:08:42,54.78,200,
12:08:42,54.78,300,
12:09:39,54.80,120,
12:09:59,54.80,100,
12:09:59,54.80,300,
12:09:59,54.80,200,
12:10:38,54.7714,180,
12:10:48,54.772,600,
12:10:52,54.76,400,
12:10:56,54.79,600,
12:11:10,54.75,860,
12:11:32,54.74,100,
12:11:32,54.71,100,
12:11:33,54.75,100,
12:11:57,54.723,150,
12:12:19,54.71,500,
12:12:19,54.6801,100,
12:12:23,54.70,100,
12:12:37,54.682,700,
12:13:11,54.682,100,
12:13:12,54.682,100,
12:13:14,54.6973,800,
12:13:30,54.702,500,
12:13:53,54.691,1100,
12:13:54,54.692,1300,
12:13:54,54.692,500,
12:13:54,54.692,100,
12:14:17,54.70,100,
12:14:29,54.68,200,
12:14:30,54.671,200,
12:14:30,54.671,200,
12:14:39,54.682,100,
12:14:56,54.70,100,
12:14:56,54.70,200,
12:14:56,54.70,200,
12:14:56,54.70,300,
12:14:56,54.70,200,
12:14:56,54.6911,200,
12:15:02,54.71,200,
12:15:02,54.69,200,
12:15:07,54.72,301,
12:15:08,54.77,168,
12:15:20,54.77,100,
12:15:20,54.77,200,
12:15:24,54.779,700,
12:15:28,54.7799,200,
12:15:33,54.73,500,
12:15:34,54.74,200,
12:15:34,54.76,200,
12:15:50,54.76,600,
12:15:55,54.80,300,
12:15:55,54.79,100,
12:15:55,54.81,200,
12:15:55,54.81,100,
12:15:55,54.81,100,
12:15:55,54.80,300,
12:15:55,54.80,300,
12:15:55,54.80,500,
12:15:55,54.79,300,
12:15:55,54.79,100,
12:15:55,54.79,300,
12:15:55,54.79,200,
12:15:55,54.78,200,
12:15:55,54.82,200,
12:15:55,54.82,100,
12:15:55,54.83,300,
12:15:55,54.85,300,
12:15:55,54.79,100,
12:15:55,54.79,100,
12:15:55,54.80,200,
12:15:56,54.8011,200,
12:15:58,54.82,200,
12:16:01,54.81,600,
12:16:01,54.81,600,
12:16:01,54.82,500,
12:16:01,54.80,100,
12:16:45,54.79,100,
12:17:07,54.81,200,
12:17:12,54.80,300,
12:18:01,54.771,400,
12:18:02,54.81,300,
12:18:02,54.81,500,
12:18:02,54.84,100,
12:18:02,54.84,200,
12:18:03,54.80,200,
12:18:03,54.79,200,
12:18:54,54.762,100,
12:19:18,54.77,1000,
12:20:05,54.7899,300,
12:20:38,54.76,300,
12:20:39,54.77,300,
12:20:39,54.77,480,
12:21:15,54.7639,110,
12:21:49,54.7611,200,
12:22:03,54.79,200,
12:22:50,54.82,100,
12:22:59,54.82,300,
12:23:14,54.812,100,
12:23:32,54.8198,1550,
12:23:34,54.8161,100,
12:23:49,54.78,100,
12:24:27,54.8099,200,
12:24:34,54.81,100,
12:24:34,54.81,100,
12:24:59,54.83,300,
12:24:59,54.83,100,
12:24:59,54.83,300,
12:25:01,54.821,500,
12:25:11,54.839,3700,
12:25:19,54.85,100,
12:25:19,54.85,1000,
12:25:19,54.85,1175,
12:25:22,54.85,100,
12:25:22,54.85,100,
12:25:24,54.8559,250,
12:25:34,54.8595,300,
12:25:41,54.86,500,
12:25:45,54.8584,200,
12:26:45,54.81,200,
12:26:48,54.81,200,
12:27:41,54.8426,100,
12:27:53,54.8699,250,
12:27:55,54.861,1000,
12:28:02,54.86,100,
12:28:03,54.86,200,
12:28:04,54.86,200,
12:28:08,54.86,100,
12:28:16,54.84,200,
12:28:41,54.842,500,
12:29:03,54.8522,220,
12:29:17,54.83,200,
12:29:17,54.82,200,
12:29:20,54.82,200,
12:29:27,54.86,300,
12:29:31,54.83,200,
12:29:38,54.8048,200,
12:29:41,54.78,200,
12:29:41,54.78,300,
12:29:50,54.7999,100,
12:30:05,54.84,200,
12:30:05,54.85,200,
12:30:09,54.8201,550,
12:30:47,54.86,400,
12:31:20,54.88,200,
12:31:20,54.88,300,
12:31:20,54.89,176,
12:31:33,54.8883,200,
12:31:49,54.90,185,
12:31:51,54.89,100,
12:32:04,54.90,200,
12:32:04,54.91,100,
12:32:15,54.892,1000,
12:32:48,54.89,400,
12:33:05,54.891,1000,
12:33:26,54.89,100,
12:33:26,54.8901,100,
12:33:41,54.8901,100,
12:33:48,54.89,100,
12:34:15,54.8913,1000,
12:34:24,54.8999,100,
12:34:26,54.90,100,
12:34:42,54.9199,3400,
12:35:10,54.94,800,
12:35:10,54.94,200,
12:35:10,54.94,300,
12:35:10,54.94,100,
12:35:10,54.94,100,
12:35:10,54.94,200,
12:35:10,54.94,100,
12:35:10,54.94,100,
12:35:10,54.94,100,
12:35:18,54.95,100,
12:35:18,54.94,100,
12:35:19,54.93,2400,
12:35:22,54.93,200,
12:35:24,54.95,200,
12:35:57,54.95,200,
12:36:04,54.9401,400,
12:36:10,54.9327,500,
12:36:11,54.93,600,
12:36:27,54.94,200,
12:36:27,54.95,200,
12:36:34,54.94,100,
12:36:55,54.9301,200,
12:37:07,54.93,200,
12:37:18,54.93,100,
12:37:18,54.95,100,
12:37:18,54.94,200,
12:37:30,54.9599,400,
12:37:37,54.99,900,
12:37:37,54.96,200,
12:37:37,54.96,300,
12:37:37,54.97,500,
12:37:37,54.98,3300,
12:37:37,54.98,300,
12:37:37,54.99,2100,
12:37:37,54.99,1400,
12:37:37,55,300,
12:37:37,55.02,100,
12:37:37,55.03,200,
12:37:37,54.96,1000,
12:37:37,55.03,100,
12:37:37,55.03,100,
12:37:37,55.03,200,
12:37:37,55.03,100,
12:37:37,55.03,100,
12:37:37,55.05,100,
12:37:37,54.96,300,
12:37:38,55.03,300,
12:37:38,55.04,200,
12:37:38,55.06,100,
12:37:38,55.06,300,
12:37:38,55.04,200,
12:37:38,55.05,300,
12:37:38,55,250,
12:37:38,55,100,
12:37:38,55.06,300,
12:37:38,55.06,300,
12:37:38,55.06,300,
12:37:38,55.06,200,
12:37:38,55.06,100,
12:37:38,55,135,
12:37:38,55,565,
12:37:38,55,100,
12:37:38,55,500,
12:37:38,55,100,
12:37:38,55,389,
12:37:38,55,138,
12:37:38,55,200,
12:37:38,55,199,
12:37:38,55,120,
12:37:38,55.02,100,
12:37:38,55,3200,
12:37:38,55.04,300,
12:37:39,55,200,
12:37:39,55,300,
12:37:39,55.01,300,
12:37:43,55.029,100,
12:38:00,55.05,100,
12:38:04,55.08,100,
12:38:04,55.09,100,
12:38:04,55.09,200,
12:38:04,55.09,200,
12:38:04,55.09,300,
12:38:04,55.09,900,
12:38:04,55.09,200,
12:38:04,55.09,100,
12:38:04,55.10,150,
12:38:10,55.0939,850,
12:38:15,55.09,100,
12:38:15,55.09,100,
12:38:17,55.10,300,
12:38:17,55.11,300,
12:38:17,55.10,190,
12:38:22,55.098,500,
12:38:26,55.099,200,
12:38:44,55.10,510,
12:38:44,55.11,100,
12:38:44,55.13,200,
12:38:47,55.1399,2000,
12:38:49,55.12,600,
12:38:51,55.113,100,
12:38:53,55.119,850,
12:39:00,55.121,200,
12:39:14,55.128,400,
12:39:20,55.121,100,
12:39:21,55.13,300,
12:39:24,55.12,196,
12:39:36,55.14,100,
12:39:36,55.14,300,
12:39:36,55.14,100,
12:39:36,55.15,300,
12:39:36,55.1401,100,
12:39:36,55.1401,100,
12:39:38,55.14,400,
12:40:08,55.15,300,
12:40:09,55.159,100,
12:40:15,55.17,100,
12:40:15,55.17,200,
12:40:15,55.18,100,
12:40:15,55.18,200,
12:40:15,55.19,300,
12:40:23,55.17,200,
12:40:24,55.171,500,
12:40:32,55.17,600,
12:40:34,55.178,500,
12:40:35,55.16,100,
12:40:35,55.15,100,
12:40:36,55.15,400,
12:40:36,55.14,500,
12:40:38,55.1474,500,
12:40:49,55.16,200,
12:40:56,55.11,300,
12:40:56,55.12,600,
12:41:00,55.10,200,
12:41:00,55.10,200,
12:41:06,55.081,200,
12:41:13,55.1199,700,
12:41:23,55.11,3200,
12:41:23,55.11,100,
12:41:25,55.0946,550,
12:41:47,55.09,600,
12:41:47,55.10,300,
12:41:47,55.10,412,
12:41:48,55.09,300,
12:41:52,55.09,150,
12:41:58,55.12,200,
12:42:14,55.0871,200,
12:42:46,55.09,100,
12:42:49,55.0901,100,
12:42:49,55.09,200,
12:42:49,55.09,200,
12:42:58,55.091,400,
12:43:02,55.09,100,
12:43:15,55.10,4100,
12:43:15,55.1001,3300,
12:43:15,55.10,1700,
12:43:15,55.1001,1100,
12:43:15,55.10,600,
12:43:15,55.10,200,
12:43:16,55.101,200,
12:43:18,55.10,1400,
12:43:18,55.101,300,
12:43:18,55.101,200,
12:43:19,55.10,100,
12:43:19,55.10,100,
12:43:21,55.102,200,
12:43:26,55.101,500,
12:43:31,55.101,100,
12:43:31,55.101,200,
12:43:39,55.1072,100,
12:43:44,55.10,100,
12:43:44,55.09,100,
12:43:44,55.08,300,
12:43:44,55.08,300,
12:43:46,55.06,200,
12:43:46,55.06,100,
12:43:46,55.06,300,
12:43:46,55.06,100,
12:43:46,55.06,200,
12:43:56,55.08,300,
12:43:56,55.08,100,
12:43:57,55.098,500,
12:44:13,55.08,100,
12:44:13,55.0858,400,
12:44:14,55.08,100,
12:44:19,55.07,200,
12:44:19,55.07,100,
12:44:19,55.061,200,
12:44:19,55.061,121,
12:44:21,55.07,100,
12:44:26,55.08,300,
12:44:26,55.08,100,
12:44:26,55.09,300,
12:44:26,55.05,100,
12:44:26,55.05,300,
12:44:29,55.05,2400,
12:44:30,55.04,1000,
12:44:33,55.043,415,
12:44:43,55.03,359,
12:44:43,55.03,100,
12:44:49,55.01,100,
12:44:50,55,100,
12:44:52,54.99,1000,
12:44:54,54.99,100,
12:44:54,54.96,100,
12:44:54,54.96,100,
12:44:54,54.9799,400,
12:45:01,54.98,200,
12:45:01,54.98,100,
12:45:07,55.01,300,
12:45:07,55.01,200,
12:45:12,55.01,141,
12:45:19,55.0001,150,
12:45:30,55.03,100,
12:45:30,55.05,100,
12:45:37,55.03,200,
12:45:37,55.03,200,
12:45:47,54.99,150,
12:46:19,54.99,2000,
12:46:24,55.01,300,
12:47:26,55,200,
12:48:04,54.98,200,
12:48:04,54.98,100,
12:48:04,54.98,200,
12:48:04,54.99,200,
12:48:04,54.98,200,
12:48:04,55,200,
12:48:04,55,300,
12:48:30,54.99,100,
12:48:44,55,100,
12:48:45,54.9801,400,
12:48:54,54.971,200,
12:49:15,54.97,600,
12:49:15,54.96,100,
12:49:15,54.96,300,
12:49:17,54.95,1600,
12:49:17,54.95,200,
12:49:21,54.952,500,
12:49:45,54.98,1000,
12:50:09,54.9708,1000,
12:50:36,54.97,150,
12:50:53,55,300,
12:51:02,54.94,200,
12:51:30,54.9401,400,
12:51:36,54.94,300,
12:51:36,54.94,100,
12:52:44,54.94,300,
12:52:44,54.92,100,
12:52:44,54.92,200,
12:52:45,54.92,200,
12:52:49,54.92,200,
12:52:51,54.91,100,
12:52:54,54.92,100,
12:52:55,54.92,100,
12:52:55,54.92,300,
12:52:59,54.8901,100,
12:53:00,54.90,500,
12:53:22,54.88,400,
12:53:24,54.86,500,
12:53:27,54.85,390,
12:53:31,54.8501,100,
12:53:34,54.88,200,
12:53:36,54.88,400,
12:53:45,54.85,200,
12:53:45,54.85,100,
12:53:45,54.8501,900,
12:53:45,54.85,200,
12:53:46,54.85,400,
12:53:46,54.85,200,
12:53:46,54.85,200,
12:53:46,54.85,200,
12:53:50,54.86,300,
12:54:08,54.87,100,
12:54:12,54.90,300,
12:54:24,54.88,300,
12:54:25,54.85,100,
12:54:42,54.88,100,
12:55:16,54.88,200,
12:55:25,54.85,100,
12:55:26,54.85,325,
12:55:37,54.8302,367,
12:55:47,54.83,607,
12:55:47,54.81,100,
12:55:48,54.84,100,
12:55:48,54.85,100,
12:55:48,54.85,400,
12:56:26,54.851,1000,
12:56:51,54.89,100,
12:57:06,54.9284,200,
12:57:12,54.9299,3000,
12:57:15,54.93,700,
12:57:19,54.9284,200,
12:57:37,54.89,300,
12:57:37,54.88,100,
12:58:26,54.8441,1000,
12:59:18,54.85,400,
12:59:18,54.85,300,
12:59:18,54.84,100,
12:59:55,54.84,100,
12:59:59,54.8599,300,
13:00:15,54.822,100,
13:00:19,54.82,300,
13:00:29,54.85,300,
13:00:29,54.84,1800,
13:00:29,54.85,400,
13:00:30,54.85,100,
13:01:13,54.833,400,
13:01:28,54.831,100,
13:01:28,54.832,600,
13:02:01,54.859,1000,
13:02:04,54.851,300,
13:02:29,54.8488,100,
13:02:58,54.811,100,
13:02:58,54.84,200,
13:02:58,54.84,300,
13:02:58,54.85,100,
13:03:42,54.83,700,
13:03:44,54.83,1500,
13:03:55,54.808,161,
13:04:11,54.80,300,
13:04:11,54.80,300,
13:04:11,54.80,300,
13:04:11,54.80,1400,
13:04:11,54.80,200,
13:04:14,54.80,1000,
13:04:19,54.80,100,
13:04:50,54.7864,350,
13:05:53,54.78,200,
13:05:53,54.78,200,
13:05:53,54.78,200,
13:06:05,54.7811,200,
13:06:06,54.785,200,
13:06:11,54.78,550,
13:06:13,54.78,100,
13:06:22,54.781,700,
13:06:35,54.78,1200,
13:06:41,54.80,100,
13:06:41,54.79,100,
13:06:41,54.80,100,
13:06:43,54.78,500,
13:06:43,54.78,200,
13:06:50,54.7901,200,
13:07:09,54.80,100,
13:07:49,54.8099,8532,
13:08:24,54.792,100,
13:08:32,54.7799,699,
13:08:37,54.78,1000,
13:09:00,54.753,1800,
13:09:11,54.76,100,
13:09:17,54.78,100,
13:09:59,54.79,165,
13:10:28,54.7989,1726,
13:10:35,54.79,200,
13:10:35,54.79,100,
13:10:36,54.781,100,
13:10:36,54.78,100,
13:11:13,54.771,100,
13:11:23,54.80,100,
13:11:25,54.80,100,
13:11:34,54.81,1700,
13:11:34,54.8099,1700,
13:11:34,54.81,1700,
13:11:34,54.81,1400,
13:11:36,54.81,100,
13:11:36,54.81,100,
13:11:38,54.81,100,
13:11:41,54.8059,600,
13:11:50,54.81,100,
13:12:22,54.82,100,
13:12:22,54.82,100,
13:12:26,54.82,300,
13:12:43,54.781,600,
13:13:06,54.75,400,
13:13:06,54.75,300,
13:13:06,54.76,200,
13:13:06,54.75,300,
13:13:06,54.76,300,
13:13:06,54.76,100,
13:13:06,54.76,400,
13:13:06,54.76,200,
13:13:06,54.72,100,
13:13:06,54.72,100,
13:13:06,54.72,100,
13:13:06,54.74,100,
13:13:06,54.72,100,
13:13:15,54.70,100,
13:13:15,54.71,200,
13:13:16,54.71,100,
13:13:17,54.67,100,
13:13:18,54.6832,100,
13:13:18,54.681,100,
13:13:24,54.67,150,
13:13:39,54.68,138,
13:13:39,54.68,3300,
13:14:03,54.6998,1000,
13:14:19,54.6948,100,
13:14:23,54.72,100,
13:14:31,54.7013,365,
13:14:45,54.70,400,
13:14:47,54.69,4000,
13:15:00,54.67,299,
13:15:05,54.652,700,
13:15:05,54.6501,200,
13:15:05,54.65,200,
13:15:14,54.67,250,
13:15:28,54.678,125,
13:15:34,54.69,200,
13:15:34,54.70,200,
13:15:36,54.7174,1000,
13:15:42,54.715,1000,
13:15:55,54.70,233,
13:16:24,54.71,600,
13:16:24,54.71,200,
13:16:24,54.71,100,
13:16:24,54.73,202,
13:16:36,54.73,100,
13:16:36,54.73,100,
13:16:39,54.71,200,
13:16:39,54.70,100,
13:16:39,54.70,200,
13:16:48,54.67,150,
13:17:16,54.6702,100,
13:17:42,54.66,100,
13:17:42,54.66,200,
13:17:55,54.69,200,
13:17:55,54.69,102,
13:17:55,54.70,200,
13:17:55,54.70,100,
13:17:58,54.6801,250,
13:17:58,54.6889,100,
13:17:58,54.6801,100,
13:17:58,54.6801,100,
13:18:27,54.6868,200,
13:18:32,54.6999,500,
13:18:37,54.70,303,
13:18:41,54.6801,150,
13:19:04,54.6701,600,
13:19:20,54.67,300,
13:19:20,54.6824,300,
13:19:44,54.67,100,
13:20:29,54.6801,100,
13:20:29,54.68,100,
13:20:37,54.69,100,
13:20:39,54.72,300,
13:20:39,54.72,303,
13:20:52,54.74,200,
13:20:52,54.74,300,
13:21:10,54.73,600,
13:21:10,54.71,200,
13:21:38,54.71,200,
13:23:03,54.701,100,
13:23:08,54.70,348,
13:23:38,54.73,100,
13:23:38,54.72,500,
13:24:17,54.7371,1000,
13:24:19,54.7202,1000,
13:25:21,54.69,300,
13:25:34,54.69,200,
13:25:34,54.69,100,
13:25:37,54.6948,200,
13:25:48,54.7199,2000,
13:26:15,54.6701,2000,
13:26:31,54.69,100,
13:26:39,54.671,500,
13:27:00,54.69,200,
13:27:03,54.67,700,
13:27:29,54.71,100,
13:27:29,54.71,100,
13:27:30,54.71,100,
13:27:31,54.71,100,
13:27:45,54.70,100,
13:27:45,54.70,150,
13:28:07,54.70,200,
13:28:07,54.70,100,
13:28:21,54.75,100,
13:28:27,54.75,159,
13:28:37,54.768,700,
13:28:44,54.79,100,
13:28:45,54.79,100,
13:29:53,54.742,510,
13:29:55,54.79,389,
13:30:18,54.7662,300,
13:30:58,54.752,400,
13:30:59,54.77,100,
13:32:17,54.7532,150,
13:32:25,54.79,100,
13:32:25,54.78,400,
13:32:26,54.80,100,
13:32:26,54.82,100,
13:32:27,54.8189,1000,
13:33:03,54.8166,600,
13:33:06,54.81,200,
13:33:42,54.7929,100,
13:34:07,54.8199,110,
13:34:34,54.82,100,
13:34:46,54.83,100,
13:34:46,54.83,100,
13:34:46,54.83,200,
13:35:01,54.841,200,
13:35:01,54.84,100,
13:35:12,54.84,100,
13:35:19,54.8499,200,
13:35:29,54.85,120,
13:35:33,54.8627,600,
13:35:33,54.88,200,
13:35:33,54.88,300,
13:35:34,54.86,100,
13:35:37,54.88,100,
13:37:15,54.89,400,
13:37:25,54.90,200,
13:37:25,54.91,3110,
13:37:37,54.91,100,
13:37:42,54.88,100,
13:37:43,54.8809,300,
13:37:52,54.88,100,
13:38:27,54.86,100,
13:38:36,54.8635,400,
13:38:48,54.86,100,
13:38:48,54.86,300,
13:38:55,54.84,200,
13:38:55,54.84,300,
13:38:55,54.84,100,
13:38:55,54.82,900,
13:38:58,54.8224,5000,
13:39:03,54.8001,2000,
13:39:09,54.821,1000,
13:39:10,54.80,100,
13:39:10,54.80,100,
13:39:10,54.80,100,
13:39:17,54.80,100,
13:39:28,54.81,500,
13:39:47,54.8011,300,
13:39:56,54.82,300,
13:39:56,54.82,100,
13:40:02,54.82,200,
13:40:38,54.77,100,
13:40:44,54.79,100,
13:41:11,54.7711,300,
13:41:23,54.7999,100,
13:41:25,54.7999,200,
13:41:25,54.7999,200,
13:41:38,54.80,100,
13:41:38,54.80,100,
13:41:38,54.80,1100,
13:41:43,54.7801,200,
13:42:06,54.8184,200,
13:42:13,54.8001,4000,
13:42:47,54.82,200,
13:42:49,54.815,400,
13:42:53,54.81,1000,
13:43:17,54.7802,250,
13:43:25,54.782,100,
13:43:41,54.79,103,
13:43:51,54.7799,700,
13:43:58,54.7554,1000,
13:44:07,54.78,100,
13:44:07,54.79,100,
13:44:14,54.79,100,
13:44:15,54.79,100,
13:44:16,54.79,100,
13:44:28,54.761,500,
13:44:44,54.79,200,
13:44:45,54.76,200,
13:44:45,54.75,100,
13:44:45,54.72,300,
13:44:52,54.74,100,
13:44:52,54.7501,100,
13:44:55,54.742,500,
13:45:17,54.7605,700,
13:45:33,54.742,395,
13:45:33,54.74,200,
13:46:08,54.79,4800,
13:46:50,54.79,100,
13:46:56,54.79,100,
13:47:19,54.82,200,
13:47:20,54.791,100,
13:47:40,54.79,100,
13:48:21,54.71,100,
13:48:37,54.70,100,
13:48:51,54.6794,2100,
13:48:59,54.739,200,
13:50:12,54.7102,100,
13:50:42,54.74,300,
13:51:19,54.73,100,
13:51:19,54.72,100,
13:51:32,54.72,300,
13:51:32,54.72,300,
13:51:32,54.72,200,
13:51:32,54.72,199,
13:51:41,54.72,130,
13:52:18,54.72,200,
13:52:22,54.72,300,
13:52:50,54.721,2000,
13:54:13,54.76,100,
13:54:18,54.7401,300,
13:54:29,54.78,500,
13:54:29,54.78,100,
13:54:29,54.79,100,
13:54:29,54.78,100,
13:54:32,54.7973,1000,
13:54:47,54.7701,100,
13:55:13,54.75,200,
13:55:13,54.74,100,
13:55:59,54.7444,1325,
13:56:18,54.7399,200,
13:56:25,54.7201,100,
13:56:43,54.72,100,
13:57:20,54.77,100,
13:58:03,54.76,100,
13:58:59,54.74,200,
14:00:41,54.7601,100,
14:00:41,54.76,100,
14:01:11,54.77,100,
14:01:25,54.73,200,
14:03:19,54.66,200,
14:03:25,54.6401,100,
14:03:26,54.62,200,
14:03:26,54.60,200,
14:03:26,54.58,100,
14:03:26,54.57,100,
14:03:26,54.57,1100,
14:03:26,54.56,600,
14:03:27,54.58,200,
14:03:27,54.58,360,
14:03:30,54.544,200,
14:03:30,54.5626,300,
14:03:30,54.59,100,
14:03:33,54.582,100,
14:03:34,54.60,200,
14:03:51,54.542,1000,
14:03:56,54.53,370,
14:04:15,54.54,200,
14:04:15,54.54,100,
14:04:26,54.56,300,
14:04:26,54.57,300,
14:04:29,54.59,100,
14:04:29,54.59,100,
14:04:33,54.59,186,
14:04:39,54.563,500,
14:04:41,54.5653,504,
14:04:52,54.582,100,
14:05:07,54.5701,100,
14:05:10,54.57,100,
14:05:24,54.5701,200,
14:05:24,54.57,100,
14:05:24,54.5701,100,
14:05:24,54.57,300,
14:05:52,54.56,100,
14:05:52,54.56,100,
14:05:52,54.5601,100,
14:05:52,54.56,200,
14:06:10,54.60,100,
14:07:22,54.58,300,
14:07:51,54.5601,100,
14:07:51,54.56,100,
14:08:15,54.58,100,
14:08:15,54.59,100,
14:08:15,54.59,200,
14:08:37,54.5842,900,
14:08:53,54.5701,100,
14:09:14,54.61,100,
14:09:15,54.5801,100,
14:09:55,54.59,191,
14:09:55,54.58,200,
14:09:55,54.58,200,
14:10:03,54.542,300,
14:10:09,54.54,700,
14:10:35,54.56,100,
14:11:11,54.5599,1000,
14:11:27,54.542,100,
14:11:34,54.5499,1400,
14:12:08,54.54,210,
14:12:08,54.54,100,
14:12:18,54.51,200,
14:12:20,54.5099,300,
14:12:21,54.50,250,
14:12:23,54.45,100,
14:12:23,54.461,200,
14:12:24,54.4813,600,
14:12:25,54.46,100,
14:12:25,54.49,100,
14:12:34,54.482,400,
14:12:41,54.49,100,
14:12:49,54.4927,800,
14:12:59,54.48,200,
14:13:04,54.471,100,
14:13:05,54.50,500,
14:13:14,54.464,500,
14:13:45,54.51,312,
14:13:45,54.49,100,
14:14:37,54.5146,850,
14:15:05,54.4694,100,
14:15:11,54.46,100,
14:16:27,54.4801,155,
14:16:28,54.46,100,
14:16:45,54.48,100,
14:17:00,54.50,100,
14:17:46,54.481,250,
14:17:51,54.482,200,
14:17:54,54.50,100,
14:19:14,54.52,200,
14:19:41,54.4864,200,
14:20:18,54.5099,270,
14:21:04,54.481,1000,
14:22:03,54.5399,140,
14:22:56,54.5059,900,
14:23:01,54.4903,150,
14:23:50,54.511,500,
14:24:31,54.5284,200,
14:25:01,54.50,100,
14:25:17,54.52,334,
14:26:20,54.47,1000,
14:26:36,54.45,200,
14:26:36,54.4501,400,
14:26:36,54.4699,100,
14:26:36,54.45,100,
14:26:36,54.45,100,
14:26:59,54.4501,300,
14:26:59,54.45,100,
14:26:59,54.45,100,
14:26:59,54.4604,100,
14:27:03,54.45,100,
14:27:12,54.4556,100,
14:27:13,54.4502,650,
14:27:31,54.441,300,
14:27:32,54.441,300,
14:27:32,54.43,500,
14:27:32,54.42,102,
14:27:38,54.43,100,
14:27:38,54.43,200,
14:27:47,54.45,400,
14:28:13,54.4502,300,
14:28:38,54.45,300,
14:29:11,54.456,500,
14:29:28,54.41,200,
14:29:28,54.421,600,
14:29:32,54.422,100,
14:29:33,54.421,200,
14:29:36,54.41,100,
14:29:36,54.41,272,
14:29:37,54.41,100,
14:29:48,54.41,100,
14:29:48,54.41,171,
14:29:48,54.41,100,
14:29:48,54.41,500,
14:29:48,54.41,200,
14:29:50,54.41,500,
14:29:50,54.41,200,
14:29:53,54.40,400,
14:29:59,54.41,200,
14:29:59,54.4101,7500,
14:30:01,54.4011,500,
14:30:13,54.45,100,
14:30:13,54.44,400,
14:30:25,54.4401,1500,
14:30:56,54.43,195,
14:30:59,54.43,100,
14:31:33,54.43,100,
14:32:32,54.42,100,
14:32:32,54.42,200,
14:32:32,54.458,1100,
14:32:45,54.4568,200,
14:33:33,54.44,100,
14:34:01,54.47,300,
14:34:12,54.50,199,
14:34:13,54.52,200,
14:34:53,54.5064,305,
14:35:02,54.52,100,
14:35:22,54.51,200,
14:35:51,54.51,500,
14:35:51,54.5087,350,
14:36:02,54.54,100,
14:36:37,54.539,500,
14:37:10,54.50,400,
14:37:10,54.50,300,
14:37:10,54.50,900,
14:37:29,54.5105,138,
14:37:47,54.55,100,
14:37:47,54.55,200,
14:37:50,54.5401,500,
14:37:50,54.5401,500,
14:37:55,54.541,300,
14:37:55,54.55,1000,
14:37:55,54.55,200,
14:37:55,54.56,160,
14:37:59,54.58,300,
14:38:01,54.56,300,
14:38:01,54.5602,1600,
14:38:03,54.59,150,
14:38:08,54.561,375,
14:38:10,54.5899,500,
14:38:19,54.60,200,
14:38:22,54.598,700,
14:38:33,54.56,100,
14:39:02,54.578,500,
14:39:48,54.56,100,
14:39:58,54.5501,300,
14:40:09,54.55,300,
14:40:09,54.54,1000,
14:40:26,54.54,100,
14:40:26,54.54,200,
14:40:27,54.5389,200,
14:40:58,54.50,300,
14:41:03,54.52,100,
14:41:11,54.5009,700,
14:41:44,54.53,200,
14:41:44,54.53,200,
14:41:58,54.5377,100,
14:41:58,54.5301,100,
14:42:08,54.53,100,
14:42:17,54.53,200,
14:42:36,54.51,100,
14:42:59,54.51,100,
14:43:20,54.50,100,
14:43:20,54.50,100,
14:43:27,54.501,100,
14:44:03,54.50,100,
14:44:47,54.50,100,
14:44:58,54.50,100,
14:45:24,54.50,200,
14:45:24,54.50,300,
14:45:24,54.50,200,
14:45:26,54.50,100,
14:45:26,54.50,100,
14:46:26,54.50,400,
14:46:31,54.50,200,
14:46:31,54.50,100,
14:47:22,54.50,100,
14:47:22,54.50,13168,
14:47:22,54.50,2000,
14:47:22,54.50,3783,
14:47:22,54.50,2000,
14:47:22,54.50,1000,
14:47:22,54.50,100,
14:47:22,54.50,500,
14:47:22,54.50,100,
14:47:22,54.50,999,
14:47:22,54.50,1000,
14:47:22,54.50,100,
14:47:24,54.5084,150,
14:47:30,54.51,100,
14:47:30,54.51,100,
14:47:30,54.51,400,
14:47:30,54.51,100,
14:48:06,54.53,100,
14:48:12,54.52,200,
14:49:37,54.51,200,
14:50:03,54.53,200,
14:50:03,54.54,300,
14:50:03,54.55,100,
14:50:03,54.52,200,
14:50:05,54.52,200,
14:50:06,54.5299,500,
14:50:36,54.54,300,
14:50:36,54.53,200,
14:50:36,54.55,100,
14:51:09,54.531,200,
14:51:09,54.52,100,
14:51:14,54.57,100,
14:51:14,54.57,200,
14:51:14,54.55,100,
14:51:43,54.5456,200,
14:51:43,54.54,100,
14:51:45,54.54,600,
14:51:45,54.53,100,
14:52:14,54.57,100,
14:52:34,54.57,750,
14:52:43,54.55,100,
14:53:21,54.57,100,
14:53:27,54.5502,100,
14:53:32,54.55,100,
14:53:49,54.5598,250,
14:53:51,54.58,100,
14:53:54,54.58,100,
14:53:54,54.58,100,
14:53:54,54.58,100,
14:54:10,54.59,100,
14:54:11,54.59,700,
14:54:18,54.60,3000,
14:54:32,54.58,200,
14:54:47,54.5698,333,
14:54:53,54.57,100,
14:55:02,54.5315,1730,
14:55:04,54.51,400,
14:55:41,54.54,200,
14:55:41,54.53,100,
14:55:51,54.5101,100,
14:55:51,54.5101,100,
14:56:05,54.521,200,
14:56:25,54.5284,150,
14:56:54,54.50,500,
14:56:54,54.50,600,
14:56:54,54.50,900,
14:56:54,54.50,500,
14:56:54,54.50,600,
14:56:54,54.50,1100,
14:56:54,54.50,200,
14:56:54,54.50,1000,
14:56:54,54.50,19997,
14:56:58,54.48,900,
14:57:00,54.48,600,
14:57:06,54.45,165,
14:57:21,54.45,560,
14:57:24,54.441,100,
14:57:30,54.44,300,
14:57:30,54.4401,1300,
14:57:31,54.4401,100,
14:57:40,54.46,100,
14:57:40,54.47,300,
14:57:40,54.47,300,
14:57:48,54.48,199,
14:57:48,54.48,200,
14:57:49,54.49,167,
14:58:07,54.4899,100,
14:58:50,54.4701,100,
14:59:04,54.46,100,
14:59:04,54.46,300,
14:59:04,54.47,100,
14:59:04,54.47,300,
14:59:27,54.4602,8000,
15:00:20,54.4887,190,
15:00:43,54.49,200,
15:01:26,54.46,100,
15:01:30,54.442,700,
15:01:30,54.44,400,
15:01:34,54.443,100,
15:02:02,54.42,500,
15:02:28,54.4301,100,
15:02:51,54.4232,660,
15:02:54,54.40,300,
15:02:54,54.40,200,
15:02:54,54.39,100,
15:02:54,54.39,200,
15:02:56,54.40,200,
15:02:56,54.39,100,
15:02:56,54.39,200,
15:03:05,54.39,100,
15:03:09,54.40,200,
15:03:13,54.40,100,
15:03:14,54.37,100,
15:03:15,54.3601,100,
15:03:15,54.369,100,
15:03:16,54.36,100,
15:03:16,54.36,100,
15:03:16,54.3601,100,
15:03:19,54.37,400,
15:03:19,54.37,129,
15:03:19,54.37,100,
15:03:20,54.389,500,
15:03:21,54.38,100,
15:03:30,54.36,200,
15:03:30,54.36,200,
15:03:34,54.3501,200,
15:03:34,54.35,100,
15:03:48,54.36,200,
15:03:48,54.36,200,
15:03:48,54.36,600,
15:03:48,54.36,200,
15:03:51,54.36,300,
15:03:51,54.36,2400,
15:03:53,54.3699,400,
15:03:53,54.37,2600,
15:03:54,54.3699,1400,
15:03:55,54.38,2400,
15:03:55,54.38,4100,
15:03:55,54.38,4829,
15:03:55,54.38,300,
15:03:56,54.38,600,
15:04:02,54.37,200,
15:04:09,54.3601,250,
15:04:09,54.36,100,
15:04:09,54.3601,200,
15:04:09,54.3601,100,
15:04:15,54.35,200,
15:04:22,54.3301,100,
15:04:22,54.3377,100,
15:04:22,54.33,100,
15:04:23,54.34,400,
15:04:25,54.341,100,
15:04:27,54.34,200,
15:04:27,54.34,200,
15:04:28,54.35,300,
15:04:28,54.35,300,
15:04:28,54.35,200,
15:04:28,54.35,200,
15:04:28,54.35,300,
15:04:29,54.35,200,
15:04:30,54.35,700,
15:04:30,54.35,100,
15:04:32,54.35,100,
15:04:33,54.33,200,
15:04:33,54.33,100,
15:04:33,54.35,16100,
15:04:33,54.32,200,
15:04:33,54.32,500,
15:04:33,54.32,200,
15:04:33,54.32,600,
15:04:33,54.31,100,
15:04:33,54.32,200,
15:04:35,54.32,100,
15:04:35,54.322,450,
15:04:46,54.32,200,
15:04:54,54.35,200,
15:04:54,54.36,300,
15:04:57,54.33,450,
15:05:05,54.3201,100,
15:05:20,54.32,100,
15:05:22,54.35,200,
15:05:24,54.341,400,
15:05:31,54.34,100,
15:05:40,54.3401,100,
15:05:54,54.34,100,
15:06:00,54.35,300,
15:06:00,54.35,200,
15:06:17,54.35,200,
15:06:20,54.362,100,
15:06:22,54.36,300,
15:06:22,54.36,300,
15:06:27,54.37,200,
15:06:31,54.37,500,
15:06:32,54.37,300,
15:06:35,54.37,500,
15:06:35,54.37,947,
15:06:36,54.38,125,
15:06:36,54.40,200,
15:06:42,54.43,100,
15:06:50,54.39,100,
15:07:16,54.38,180,
15:07:20,54.35,100,
15:07:23,54.352,400,
15:07:33,54.36,100,
15:07:35,54.36,185,
15:07:54,54.3311,200,
15:07:55,54.321,100,
15:07:57,54.3384,200,
15:08:05,54.34,100,
15:08:12,54.33,200,
15:08:12,54.33,200,
15:08:12,54.34,200,
15:08:23,54.32,500,
15:08:27,54.32,1000,
15:08:27,54.32,400,
15:08:27,54.31,100,
15:08:27,54.31,200,
15:08:27,54.31,400,
15:08:27,54.29,200,
15:08:27,54.31,200,
15:08:28,54.27,1000,
15:08:35,54.26,500,
15:08:35,54.2799,100,
15:08:42,54.30,400,
15:08:57,54.311,200,
15:08:59,54.313,1300,
15:09:00,54.31,100,
15:09:05,54.32,100,
15:09:23,54.28,100,
15:09:23,54.28,100,
15:09:23,54.261,100,
15:09:25,54.27,100,
15:09:25,54.2701,100,
15:09:25,54.2809,100,
15:09:37,54.2701,107,
15:09:37,54.27,100,
15:09:47,54.2701,100,
15:09:50,54.2799,150,
15:09:56,54.271,100,
15:09:58,54.271,100,
15:10:15,54.2901,100,
15:10:16,54.291,800,
15:10:17,54.292,300,
15:10:31,54.2861,100,
15:10:35,54.291,200,
15:10:35,54.31,600,
15:10:35,54.31,200,
15:10:35,54.31,100,
15:10:35,54.33,100,
15:10:43,54.36,100,
15:10:48,54.3301,1000,
15:11:00,54.3399,300,
15:11:00,54.3399,200,
15:11:15,54.3189,400,
15:11:22,54.301,100,
15:11:23,54.30,100,
15:11:25,54.32,100,
15:11:25,54.32,900,
15:11:30,54.3032,200,
15:11:36,54.33,200,
15:11:39,54.33,100,
15:11:54,54.302,100,
15:11:54,54.30,300,
15:12:17,54.291,1000,
15:12:30,54.30,100,
15:12:50,54.27,200,
15:12:54,54.28,200,
15:12:55,54.25,100,
15:12:56,54.26,100,
15:12:56,54.2699,100,
15:12:57,54.25,100,
15:13:00,54.25,316,
15:13:00,54.25,316,
15:13:02,54.21,100,
15:13:02,54.1901,100,
15:13:02,54.20,200,
15:13:02,54.20,200,
15:13:03,54.19,100,
15:13:03,54.19,300,
15:13:03,54.1901,200,
15:13:03,54.1901,200,
15:13:03,54.1901,100,
15:13:03,54.19,215,
15:13:03,54.19,200,
15:13:04,54.191,100,
15:13:05,54.20,100,
15:13:05,54.191,100,
15:13:10,54.17,300,
15:13:10,54.17,200,
15:13:10,54.17,300,
15:13:11,54.1601,100,
15:13:11,54.1601,100,
15:13:11,54.16,100,
15:13:11,54.17,300,
15:13:13,54.12,100,
15:13:13,54.12,100,
15:13:13,54.14,194,
15:13:14,54.134,1050,
15:13:14,54.15,300,
15:13:14,54.15,200,
15:13:15,54.16,100,
15:13:32,54.20,100,
15:13:56,54.22,200,
15:14:00,54.20,100,
15:14:07,54.2273,1320,
15:14:15,54.25,390,
15:14:30,54.1701,144,
15:14:32,54.182,100,
15:14:35,54.16,956,
15:14:35,54.16,200,
15:14:35,54.16,100,
15:14:35,54.15,200,
15:14:40,54.1516,200,
15:14:52,54.16,100,
15:15:01,54.15,123,
15:15:07,54.10,100,
15:15:07,54.1001,100,
15:15:12,54.1001,100,
15:15:14,54.11,100,
15:15:14,54.1101,100,
15:15:15,54.13,156,
15:15:15,54.14,100,
15:15:20,54.1401,100,
15:15:25,54.181,300,
15:15:31,54.2103,1000,
15:15:36,54.21,100,
15:15:45,54.2002,100,
15:15:45,54.20,600,
15:15:49,54.20,500,
15:15:52,54.2294,700,
15:16:08,54.2287,600,
15:16:22,54.20,201,
15:16:39,54.189,150,
15:16:49,54.181,100,
15:17:06,54.166,500,
15:17:46,54.17,300,
15:17:46,54.17,200,
15:17:46,54.19,300,
15:17:50,54.18,500,
15:18:04,54.24,100,
15:18:09,54.2473,600,
15:18:12,54.26,100,
15:18:12,54.28,300,
15:18:12,54.28,300,
15:18:17,54.29,300,
15:18:17,54.30,200,
15:18:17,54.30,200,
15:18:17,54.31,200,
15:18:18,54.32,300,
15:18:18,54.32,100,
15:18:18,54.32,100,
15:18:18,54.32,200,
15:18:19,54.30,100,
15:18:20,54.29,1000,
15:18:22,54.27,200,
15:18:22,54.27,100,
15:18:22,54.28,100,
15:18:22,54.27,121,
15:18:41,54.2573,1320,
15:18:45,54.25,100,
15:18:48,54.24,100,
15:19:25,54.2473,1000,
15:21:11,54.24,100,
15:21:14,54.24,100,
15:21:26,54.23,100,
15:21:26,54.23,200,
15:21:26,54.24,300,
15:21:26,54.24,200,
15:21:26,54.22,200,
15:21:26,54.21,100,
15:21:26,54.21,100,
15:21:26,54.21,500,
15:21:26,54.21,200,
15:21:35,54.26,300,
15:21:36,54.25,100,
15:21:36,54.25,100,
15:21:36,54.25,100,
15:21:43,54.25,100,
15:21:59,54.22,120,
15:22:08,54.21,100,
15:22:08,54.21,100,
15:22:08,54.23,100,
15:22:08,54.21,100,
15:22:09,54.22,100,
15:22:09,54.23,200,
15:22:24,54.2298,400,
15:22:41,54.24,100,
15:23:13,54.2101,100,
15:23:15,54.21,100,
15:23:15,54.21,100,
15:23:15,54.2102,100,
15:23:22,54.20,234,
15:23:22,54.20,100,
15:23:22,54.20,100,
15:23:22,54.19,200,
15:23:22,54.19,300,
15:23:22,54.18,100,
15:23:22,54.16,200,
15:23:22,54.20,100,
15:23:22,54.17,200,
15:23:28,54.16,300,
15:23:28,54.17,300,
15:23:35,54.12,100,
15:23:35,54.13,300,
15:23:35,54.13,300,
15:23:35,54.12,1320,
15:23:41,54.12,100,
15:23:43,54.10,100,
15:23:43,54.10,200,
15:23:43,54.10,100,
15:23:45,54.10,100,
15:23:47,54.10,100,
15:23:49,54.12,300,
15:23:51,54.12,300,
15:23:51,54.12,100,
15:23:51,54.12,200,
15:23:51,54.13,100,
15:23:54,54.129,100,
15:23:57,54.14,100,
15:23:57,54.15,100,
15:23:57,54.16,100,
15:23:57,54.16,100,
15:23:57,54.16,100,
15:23:57,54.16,100,
15:24:02,54.14,100,
15:24:10,54.18,100,
15:24:10,54.18,300,
15:24:14,54.1684,400,
15:24:20,54.20,200,
15:24:20,54.19,100,
15:24:20,54.19,200,
15:24:20,54.20,100,
15:24:20,54.20,100,
15:24:27,54.22,200,
15:24:33,54.24,100,
15:24:49,54.20,1000,
15:25:08,54.23,100,
15:25:39,54.21,100,
15:25:39,54.21,100,
15:25:53,54.22,100,
15:26:04,54.23,500,
15:26:11,54.248,250,
15:26:19,54.318,700,
15:26:23,54.29,200,
15:26:35,54.35,100,
15:26:46,54.3536,1000,
15:26:46,54.37,100,
15:26:46,54.37,400,
15:26:50,54.36,150,
15:26:56,54.3587,1000,
15:27:13,54.33,100,
15:27:23,54.341,300,
15:27:47,54.37,100,
15:27:57,54.38,300,
15:28:02,54.4052,200,
15:28:02,54.4052,100,
15:28:24,54.45,100,
15:28:24,54.44,100,
15:28:28,54.4572,505,
15:28:48,54.46,200,
15:28:59,54.478,250,
15:29:06,54.48,400,
15:29:07,54.49,200,
15:29:09,54.48,300,
15:29:26,54.43,100,
15:29:29,54.43,200,
15:29:29,54.43,100,
15:29:32,54.418,850,
15:29:55,54.37,185,
15:29:56,54.32,208,
15:29:56,54.32,282,
15:29:59,54.3519,100,
15:29:59,54.36,100,
15:29:59,54.3406,800,
15:30:02,54.3336,600,
15:30:30,54.32,100,
15:30:35,54.36,200,
15:30:35,54.34,100,
15:30:35,54.34,100,
15:30:36,54.36,100,
15:30:40,54.40,300,
15:30:52,54.29,100,
15:30:54,54.24,200,
15:31:06,54.242,700,
15:31:14,54.2501,100,
15:31:19,54.28,300,
15:31:19,54.28,100,
15:31:21,54.30,200,
15:31:55,54.26,100,
15:31:59,54.28,100,
15:32:04,54.29,399,
15:32:41,54.27,200,
15:32:41,54.26,200,
15:33:00,54.26,200,
15:33:01,54.22,100,
15:33:07,54.19,100,
15:33:07,54.16,128,
15:33:07,54.199,1000,
15:33:11,54.15,500,
15:33:14,54.1701,108,
15:33:14,54.17,100,
15:33:17,54.1601,400,
15:33:17,54.1693,200,
15:33:17,54.16,100,
15:33:17,54.1601,220,
15:33:17,54.1759,100,
15:33:22,54.19,200,
15:33:26,54.2101,400,
15:33:26,54.21,100,
15:33:26,54.21,320,
15:33:30,54.2101,400,
15:33:30,54.21,100,
15:33:30,54.22,100,
15:33:32,54.20,100,
15:33:34,54.1894,600,
15:33:51,54.22,100,
15:34:20,54.21,100,
15:34:40,54.22,200,
15:35:09,54.18,300,
15:35:10,54.21,100,
15:35:10,54.21,200,
15:35:34,54.16,100,
15:35:43,54.162,500,
15:35:44,54.15,200,
15:36:21,54.131,100,
15:36:23,54.1301,100,
15:36:29,54.12,200,
15:36:31,54.0901,150,
15:36:33,54.09,100,
15:36:37,54.101,200,
15:36:40,54.101,100,
15:36:41,54.10,200,
15:36:41,54.10,200,
15:36:41,54.071,100,
15:36:43,54.08,101,
15:36:58,54.06,200,
15:36:58,54.06,300,
15:36:58,54.06,300,
15:36:59,54.065,1000,
15:37:01,54.0625,200,
15:37:07,54.05,500,
15:37:07,54.04,1250,
15:37:12,54.09,130,
15:37:27,54.09,100,
15:37:27,54.09,100,
15:37:43,54.11,250,
15:37:59,54.089,1000,
15:38:02,54.072,100,
15:38:13,54.12,100,
15:38:21,54.155,1000,
15:38:24,54.17,150,
15:38:39,54.161,100,
15:38:40,54.161,100,
15:38:42,54.18,100,
15:38:53,54.20,300,
15:38:55,54.22,100,
15:38:55,54.21,100,
15:38:55,54.21,400,
15:38:56,54.23,100,
15:38:56,54.20,500,
15:39:01,54.161,100,
15:39:03,54.20,6040,
15:39:14,54.10,100,
15:40:00,54.1401,800,
15:40:29,54.0999,600,
15:40:39,54.12,200,
15:40:39,54.13,300,
15:40:39,54.13,300,
15:40:39,54.11,100,
15:40:52,54.16,100,
15:41:04,54.165,200,
15:41:16,54.17,100,
15:41:19,54.1601,100,
15:41:37,54.1232,200,
15:42:02,54.13,100,
15:42:11,54.1301,200,
15:42:14,54.16,100,
15:42:21,54.1898,300,
15:42:26,54.21,100,
15:42:27,54.17,1400,
15:42:35,54.20,100,
15:42:35,54.20,100,
15:42:45,54.2759,508,
15:42:55,54.278,700,
15:43:06,54.26,900,
15:43:17,54.25,100,
15:43:17,54.25,100,
15:43:21,54.244,600,
15:43:22,54.24,200,
15:43:22,54.25,2300,
15:43:31,54.22,200,
15:43:43,54.2201,3671,
15:44:00,54.25,100,
15:44:02,54.2499,2000,
15:44:04,54.2499,100,
15:44:06,54.23,200,
15:44:06,54.20,500,
15:44:11,54.1916,1000,
15:44:28,54.15,200,
15:44:31,54.16,100,
15:44:31,54.16,100,
15:44:37,54.1499,300,
15:44:37,54.1499,400,
15:44:42,54.16,100,
15:44:48,54.14,500,
15:44:56,54.19,200,
15:44:56,54.20,200,
15:44:56,54.20,100,
15:45:02,54.22,200,
15:45:02,54.22,100,
15:45:02,54.23,100,
15:45:03,54.23,150,
15:45:13,54.3011,246,
15:45:15,54.3101,200,
15:45:20,54.35,100,
15:45:24,54.36,600,
15:45:24,54.36,509,
15:45:24,54.36,300,
15:45:24,54.36,300,
15:45:24,54.36,100,
15:45:29,54.3501,150,
15:45:36,54.42,200,
15:45:37,54.41,550,
15:45:40,54.34,200,
15:45:41,54.33,300,
15:45:44,54.31,100,
15:45:45,54.31,300,
15:45:45,54.32,100,
15:46:00,54.309,250,
15:46:19,54.40,200,
15:46:28,54.36,100,
15:46:30,54.3799,225,
15:46:38,54.40,100,
15:46:45,54.39,200,
15:46:45,54.37,200,
15:46:45,54.36,200,
15:46:45,54.35,300,
15:46:47,54.35,100,
15:46:47,54.35,200,
15:46:52,54.3145,200,
15:47:03,54.3528,250,
15:47:08,54.29,400,
15:47:08,54.29,300,
15:47:08,54.26,200,
15:47:10,54.265,500,
15:47:21,54.3199,1900,
15:47:27,54.303,100,
15:47:45,54.3298,200,
15:48:12,54.30,200,
15:48:12,54.32,100,
15:48:21,54.2501,200,
15:48:49,54.3001,400,
15:49:07,54.25,945,
15:49:11,54.2396,1000,
15:49:13,54.24,100,
15:49:18,54.24,100,
15:49:24,54.225,500,
15:49:27,54.25,100,
15:49:40,54.26,100,
15:49:41,54.26,100,
15:49:55,54.25,200,
15:49:56,54.25,300,
15:49:56,54.26,3300,
15:49:56,54.26,300,
15:49:56,54.27,300,
15:50:00,54.26,300,
15:50:00,54.26,300,
15:50:00,54.27,101,
15:50:23,54.23,200,
15:50:34,54.23,100,
15:50:40,54.1901,100,
15:50:43,54.20,100,
15:50:59,54.2101,200,
15:51:00,54.23,100,
15:51:05,54.1902,250,
15:51:11,54.18,100,
15:51:20,54.20,200,
15:51:20,54.20,100,
15:51:34,54.2031,250,
15:51:41,54.23,100,
15:52:00,54.22,100,
15:52:01,54.26,200,
15:52:01,54.26,300,
15:52:01,54.26,400,
15:52:08,54.24,100,
15:52:15,54.2691,200,
15:52:34,54.28,400,
15:52:56,54.24,100,
15:53:12,54.25,200,
15:53:27,54.21,150,
15:53:29,54.2298,200,
15:53:40,54.24,200,
15:53:41,54.22,100,
15:53:41,54.22,300,
15:53:42,54.20,1000,
15:53:43,54.201,100,
15:53:51,54.2587,1000,
15:53:55,54.261,100,
15:54:08,54.24,100,
15:54:08,54.24,200,
15:54:15,54.254,100,
15:54:18,54.26,170,
15:54:27,54.245,300,
15:54:30,54.21,100,
15:54:30,54.21,200,
15:54:39,54.24,200,
15:54:39,54.23,300,
15:54:39,54.23,300,
15:54:49,54.21,134,
15:55:05,54.1672,361,
15:55:08,54.19,100,
15:55:09,54.19,100,
15:55:09,54.19,200,
15:55:11,54.19,100,
15:55:19,54.1616,300,
15:55:20,54.14,800,
15:55:20,54.14,200,
15:55:32,54.126,500,
15:55:33,54.13,200,
15:55:33,54.14,300,
15:55:33,54.14,200,
15:55:34,54.17,100,
15:55:34,54.16,200,
15:55:34,54.18,134,
15:55:35,54.18,100,
15:55:42,54.19,100,
15:55:46,54.172,100,
15:55:52,54.1584,150,
15:55:57,54.15,100,
15:55:59,54.1699,300,
15:56:00,54.17,100,
15:56:00,54.17,100,
15:56:06,54.12,234,
15:56:07,54.10,100,
15:56:07,54.12,100,
15:56:14,54.11,100,
15:56:15,54.10,200,
15:56:16,54.095,3700,
15:56:18,54.11,100,
15:56:26,54.09,100,
15:56:30,54.08,100,
15:56:33,54.07,128,
15:56:33,54.09,200,
15:56:33,54.08,100,
15:56:34,54.10,100,
15:56:36,54.11,100,
15:56:37,54.09,200,
15:56:37,54.09,700,
15:56:37,54.09,400,
15:56:38,54.11,200,
15:56:44,54.12,200,
15:56:48,54.11,399,
15:56:52,54.11,100,
15:56:55,54.101,100,
15:56:56,54.0802,395,
15:56:58,54.10,400,
15:57:02,54.08,500,
15:57:03,54.10,100,
15:57:04,54.08,800,
15:57:10,54.072,100,
15:57:17,54.08,100,
15:57:17,54.07,154,
15:57:23,54.02,200,
15:57:26,54.01,200,
15:57:27,54.015,350,
15:57:28,54.014,450,
15:57:28,54.012,100,
15:57:29,54.0099,100,
15:57:30,54,150,
15:57:38,54.01,800,
15:57:38,54.01,100,
15:57:38,54.02,100,
15:57:38,54.02,300,
15:57:39,54.0001,400,
15:57:39,54.0001,100,
15:57:39,54,100,
15:57:45,54.02,100,
15:57:50,54.03,300,
15:57:53,54.02,200,
15:57:53,54.02,100,
15:57:53,54.02,200,
15:57:53,54.02,100,
15:57:57,54.02,399,
15:57:59,54.01,104,
15:57:59,54.01,301,
15:58:01,54,100,
15:58:01,54,100,
15:58:01,54,200,
15:58:02,54.02,200,
15:58:02,54.03,234,
15:58:02,54.02,100,
15:58:02,54,100,
15:58:03,54,400,
15:58:03,54,100,
15:58:03,54,100,
15:58:05,54,100,
15:58:08,54,100,
15:58:10,53.99,140,
15:58:10,53.99,196,
15:58:10,54,100,
15:58:14,54.002,200,
15:58:16,54.01,1500,
15:58:19,53.97,102,
15:58:20,53.97,102,
15:58:24,53.94,900,
15:58:24,53.94,600,
15:58:24,53.94,200,
15:58:29,53.94,300,
15:58:30,53.92,700,
15:58:30,53.91,1277,
15:58:30,53.91,663,
15:58:31,53.92,198,
15:58:31,53.92,200,
15:58:31,53.92,100,
15:58:32,53.94,200,
15:58:34,53.91,198,
15:58:42,53.91,100,
15:58:42,53.91,102,
15:58:49,53.892,200,
15:58:52,53.89,102,
15:58:56,53.90,100,
15:58:59,53.93,100,
15:58:59,53.95,100,
15:59:00,53.93,102,
15:59:04,53.9201,900,
15:59:05,53.95,100,
15:59:05,53.95,102,
15:59:06,53.96,100,
15:59:06,53.96,100,
15:59:06,53.96,100,
15:59:06,53.96,300,
15:59:06,53.96,100,
15:59:09,53.96,100,
15:59:10,53.93,198,
15:59:10,53.92,300,
15:59:14,53.93,100,
15:59:15,53.93,200,
15:59:16,53.94,2000,
15:59:18,53.93,250,
15:59:18,53.9396,100,
15:59:18,53.9381,100,
15:59:20,53.94,100,
15:59:21,53.94,1498,
15:59:21,53.94,100,
15:59:21,53.94,100,
15:59:22,53.91,3300,
15:59:22,53.91,600,
15:59:22,53.91,300,
15:59:22,53.90,200,
15:59:22,53.90,100,
15:59:22,53.90,500,
15:59:22,53.90,900,
15:59:22,53.90,600,
15:59:22,53.90,900,
15:59:24,53.91,24571,
15:59:24,53.92,100,
15:59:26,53.90,100,
15:59:31,53.89,100,
15:59:32,53.9001,300,
15:59:32,53.9001,300,
15:59:32,53.9001,4100,
15:59:32,53.9001,300,
15:59:32,53.8901,2232,
15:59:34,53.86,600,
15:59:34,53.87,600,
15:59:34,53.88,100,
15:59:34,53.85,290,
15:59:35,53.85,398,
15:59:35,53.85,100,
15:59:37,53.83,102,
15:59:42,53.81,200,
15:59:43,53.8599,995,
15:59:43,53.83,900,
15:59:45,53.81,300,
15:59:45,53.81,100,
15:59:45,53.80,100,
15:59:45,53.79,100,
15:59:45,53.8399,7500,
15:59:49,53.81,1500,
15:59:49,53.81,1500,
15:59:51,53.82,100,
15:59:52,53.81,100,
15:59:52,53.81,100,
15:59:52,53.82,102,
15:59:53,53.82,100,
15:59:53,53.82,100,
15:59:55,53.8099,200,
15:59:56,53.86,817,
15:59:56,53.86,102,
15:59:58,53.88,100,
15:59:59,53.87,102,
15:59:59,53.87,500,
15:59:59,53.88,200,
15:59:59,53.86,300,
15:59:59,53.90,102,
15:59:59,53.90,200,
15:59:59,53.93,100,
