09:30:00,56.65,100,
09:30:00,56.67,100,
09:30:00,56.67,100,
09:30:00,56.65,275,
09:30:01,56.65,275,
09:30:02,56.65,100,
09:30:03,56.63,200,
09:30:03,56.6401,600,
09:30:12,56.52,100,
09:30:12,56.60,100,
09:30:12,56.60,100,
09:30:12,56.642,100,
09:30:12,56.642,100,
09:30:13,56.50,200,
09:30:13,56.47,100,
09:30:16,56.639,441,
09:30:17,56.55,450,
09:30:17,56.56,300,
09:30:17,56.58,100,
09:30:19,56.60,500,
09:30:20,56.5336,299,
09:30:20,56.53,100,
09:30:20,56.531,100,
09:30:21,56.525,475,
09:30:22,56.531,1842,
09:30:22,56.53,158,
09:30:22,56.50,250,
09:30:22,56.4699,300,
09:30:22,56.466,110,
09:30:22,56.48,100,
09:30:22,56.50,100,
09:30:23,56.54,225,
09:30:23,56.49,100,
09:30:25,56.6301,250,
09:30:26,56.63,200,
09:30:26,56.50,300,
09:30:27,56.50,100,
09:30:27,56.4964,400,
09:30:29,56.5299,200,
09:30:29,56.5601,400,
09:30:29,56.50,100,
09:30:30,56.53,100,
09:30:32,56.5216,150,
09:30:33,56.592,100,
09:30:38,56.47,100,
09:30:41,56.47,100,
09:30:41,56.47,300,
09:30:41,56.45,300,
09:30:42,56.464,120,
09:30:47,56.46,250,
09:30:49,56.4499,500,
09:30:51,56.45,100,
09:30:51,56.49,100,
09:30:56,56.5201,420,
09:30:58,56.499,200,
09:31:00,56.50,100,
09:31:02,56.47,300,
09:31:02,56.49,700,
09:31:03,56.49,100,
09:31:07,56.4792,1000,
09:31:08,56.48,100,
09:31:09,56.4603,200,
09:31:10,56.47,300,
09:31:13,56.46,300,
09:31:14,56.42,100,
09:31:15,56.42,300,
09:31:17,56.42,100,
09:31:17,56.3901,185,
09:31:17,56.41,100,
09:31:17,56.43,100,
09:31:17,56.41,200,
09:31:17,56.39,100,
09:31:17,56.42,300,
09:31:17,56.40,300,
09:31:17,56.38,100,
09:31:17,56.42,300,
09:31:17,56.39,100,
09:31:18,56.38,500,
09:31:18,56.38,200,
09:31:19,56.43,200,
09:31:19,56.4104,100,
09:31:19,56.4101,300,
09:31:20,56.43,100,
09:31:20,56.46,300,
09:31:21,56.48,800,
09:31:23,56.45,300,
09:31:23,56.45,300,
09:31:23,56.45,900,
09:31:23,56.48,300,
09:31:24,56.484,800,
09:31:27,56.4632,450,
09:31:30,56.4502,2560,
09:31:33,56.46,300,
09:31:33,56.48,100,
09:31:37,56.49,300,
09:31:37,56.48,300,
09:31:37,56.50,500,
09:31:46,56.55,300,
09:31:48,56.51,300,
09:31:48,56.546,900,
09:31:50,56.47,300,
09:31:50,56.47,300,
09:31:50,56.47,300,
09:31:50,56.47,300,
09:31:50,56.47,300,
09:31:50,56.47,300,
09:31:50,56.47,300,
09:31:50,56.47,300,
09:31:50,56.49,900,
09:31:52,56.45,300,
09:31:54,56.48,100,
09:31:54,56.48,200,
09:31:55,56.4799,3000,
09:32:00,56.4392,100,
09:32:02,56.48,100,
09:32:04,56.4901,130,
09:32:09,56.51,300,
09:32:09,56.51,200,
09:32:09,56.51,200,
09:32:09,56.5101,200,
09:32:09,56.5101,100,
09:32:15,56.53,5300,
09:32:22,56.5299,220,
09:32:25,56.48,300,
09:32:27,56.4614,100,
09:32:27,56.46,100,
09:32:27,56.4614,100,
09:32:27,56.46,100,
09:32:30,56.5165,100,
09:32:35,56.44,1000,
09:32:35,56.44,11400,
09:32:35,56.46,100,
09:32:35,56.449,300,
09:32:35,56.47,300,
09:32:35,56.50,200,
09:32:35,56.50,300,
09:32:35,56.50,100,
09:32:35,56.50,100,
09:32:37,56.51,100,
09:32:39,56.51,900,
09:32:39,56.51,16752,
09:32:39,56.51,300,
09:32:39,56.51,900,
09:32:39,56.51,100,
09:32:40,56.51,10422,
09:32:40,56.47,100,
09:32:43,56.46,200,
09:32:43,56.46,400,
09:32:47,56.45,100,
09:32:47,56.45,100,
09:32:47,56.45,100,
09:32:48,56.43,200,
09:32:49,56.43,175,
09:32:53,56.4401,100,
09:32:55,56.4479,100,
09:33:21,56.49,300,
09:33:22,56.53,100,
09:33:25,56.50,100,
09:33:25,56.50,200,
09:33:28,56.51,400,
09:33:35,56.4699,3000,
09:33:38,56.43,2000,
09:33:40,56.4101,100,
09:33:45,56.41,100,
09:33:47,56.4199,400,
09:33:50,56.40,350,
09:33:50,56.40,250,
09:33:51,56.41,300,
09:33:51,56.41,100,
09:33:51,56.4102,100,
09:33:55,56.42,200,
09:34:00,56.39,200,
09:34:00,56.39,100,
09:34:00,56.39,100,
09:34:00,56.35,500,
09:34:01,56.35,120,
09:34:02,56.34,200,
09:34:02,56.3234,100,
09:34:03,56.32,200,
09:34:05,56.31,100,
09:34:05,56.3101,100,
09:34:06,56.3107,1000,
09:34:07,56.29,200,
09:34:07,56.28,100,
09:34:07,56.2801,100,
09:34:09,56.31,100,
09:34:09,56.30,100,
09:34:09,56.30,300,
09:34:10,56.32,200,
09:34:11,56.3008,200,
09:34:12,56.3145,100,
09:34:15,56.319,100,
09:34:16,56.30,100,
09:34:17,56.3594,1500,
09:34:18,56.38,300,
09:34:22,56.3432,100,
09:34:22,56.34,100,
09:34:22,56.3432,100,
09:34:22,56.3432,100,
09:34:22,56.35,100,
09:34:26,56.32,100,
09:34:27,56.33,100,
09:34:27,56.3301,200,
09:34:27,56.3301,100,
09:34:27,56.3301,100,
09:34:27,56.3301,200,
09:34:27,56.33,100,
09:34:27,56.3305,100,
09:34:27,56.36,177,
09:34:31,56.37,100,
09:34:32,56.38,170,
09:34:32,56.36,450,
09:34:34,56.34,229,
09:34:41,56.33,300,
09:34:41,56.33,300,
09:34:41,56.35,100,
09:34:41,56.35,300,
09:34:41,56.35,200,
09:34:42,56.3399,1000,
09:34:54,56.316,200,
09:34:59,56.2805,200,
09:35:00,56.31,300,
09:35:01,56.2501,200,
09:35:02,56.28,300,
09:35:02,56.28,400,
09:35:02,56.28,1200,
09:35:02,56.28,3723,
09:35:02,56.28,218,
09:35:03,56.29,200,
09:35:04,56.303,220,
09:35:05,56.29,100,
09:35:07,56.30,250,
09:35:09,56.38,200,
09:35:10,56.36,100,
09:35:15,56.35,100,
09:35:16,56.35,100,
09:35:17,56.3699,1000,
09:35:22,56.37,300,
09:35:25,56.39,100,
09:35:25,56.3962,200,
09:35:25,56.41,200,
09:35:27,56.41,100,
09:35:27,56.40,100,
09:35:29,56.43,300,
09:35:29,56.43,100,
09:35:29,56.4498,100,
09:35:31,56.4399,100,
09:35:35,56.4268,150,
09:35:41,56.3784,200,
09:35:45,56.364,1000,
09:35:47,56.34,500,
09:35:47,56.32,300,
09:35:47,56.32,400,
09:35:54,56.31,200,
09:35:57,56.32,300,
09:36:02,56.3687,1000,
09:36:12,56.3498,100,
09:36:14,56.33,100,
09:36:14,56.33,300,
09:36:17,56.319,200,
09:36:26,56.32,200,
09:36:26,56.35,100,
09:36:30,56.31,100,
09:36:30,56.31,100,
09:36:30,56.31,100,
09:36:31,56.32,300,
09:36:31,56.32,200,
09:36:32,56.3699,500,
09:36:40,56.349,1000,
09:36:46,56.33,400,
09:36:47,56.36,100,
09:36:47,56.35,100,
09:36:47,56.35,300,
09:36:54,56.3462,200,
09:37:00,56.38,200,
09:37:04,56.3584,100,
09:37:04,56.375,280,
09:37:05,56.37,200,
09:37:08,56.34,200,
09:37:13,56.34,281,
09:37:15,56.32,100,
09:37:15,56.31,300,
09:37:15,56.30,400,
09:37:16,56.34,2500,
09:37:18,56.31,281,
09:37:18,56.314,100,
09:37:18,56.29,100,
09:37:19,56.28,200,
09:37:19,56.28,100,
09:37:19,56.28,200,
09:37:19,56.28,100,
09:37:19,56.2804,200,
09:37:19,56.2801,100,
09:37:19,56.28,100,
09:37:19,56.28,100,
09:37:19,56.28,200,
09:37:19,56.2801,200,
09:37:19,56.28,100,
09:37:19,56.28,500,
09:37:19,56.28,100,
09:37:19,56.2801,100,
09:37:19,56.2801,100,
09:37:19,56.29,100,
09:37:19,56.29,100,
09:37:21,56.2801,100,
09:37:21,56.2814,100,
09:37:21,56.2801,100,
09:37:24,56.29,300,
09:37:28,56.26,150,
09:37:28,56.24,200,
09:37:28,56.22,120,
09:37:28,56.20,200,
09:37:28,56.22,100,
09:37:28,56.25,230,
09:37:28,56.18,100,
09:37:28,56.20,100,
09:37:28,56.19,100,
09:37:29,56.18,300,
09:37:29,56.1702,100,
09:37:30,56.17,5750,
09:37:30,56.162,100,
09:37:30,56.162,100,
09:37:30,56.162,100,
09:37:30,56.16,100,
09:37:30,56.16,100,
09:37:31,56.194,400,
09:37:32,56.19,300,
09:37:33,56.23,300,
09:37:34,56.21,100,
09:37:36,56.22,400,
09:37:39,56.22,300,
09:37:39,56.20,270,
09:37:41,56.20,100,
09:37:41,56.1919,600,
09:37:44,56.16,100,
09:37:44,56.16,100,
09:37:44,56.17,100,
09:37:44,56.17,100,
09:37:44,56.17,100,
09:37:44,56.162,200,
09:37:44,56.16,100,
09:37:44,56.1613,100,
09:37:44,56.1613,100,
09:37:44,56.1561,500,
09:37:45,56.1699,100,
09:37:45,56.1686,200,
09:37:45,56.17,100,
09:37:45,56.17,100,
09:37:45,56.1686,200,
09:37:45,56.1686,100,
09:37:45,56.1686,100,
09:37:45,56.17,200,
09:37:46,56.18,300,
09:37:49,56.19,100,
09:37:49,56.144,800,
09:37:49,56.16,100,
09:37:53,56.22,200,
09:37:54,56.20,100,
09:37:57,56.23,100,
09:37:58,56.2391,100,
09:37:58,56.2401,100,
09:37:58,56.2401,200,
09:37:59,56.243,100,
09:37:59,56.23,175,
09:38:01,56.2001,100,
09:38:01,56.20,100,
09:38:03,56.2199,100,
09:38:03,56.22,100,
09:38:03,56.2199,200,
09:38:03,56.22,200,
09:38:03,56.22,100,
09:38:03,56.2199,100,
09:38:03,56.2199,100,
09:38:03,56.2199,100,
09:38:03,56.20,100,
09:38:03,56.20,100,
09:38:03,56.20,200,
09:38:04,56.20,100,
09:38:04,56.21,300,
09:38:06,56.20,100,
09:38:06,56.20,100,
09:38:07,56.20,500,
09:38:07,56.20,100,
09:38:07,56.20,100,
09:38:07,56.20,100,
09:38:07,56.20,700,
09:38:07,56.20,300,
09:38:07,56.20,500,
09:38:07,56.20,300,
09:38:07,56.20,300,
09:38:08,56.2032,100,
09:38:08,56.2032,100,
09:38:09,56.20,1000,
09:38:10,56.21,100,
09:38:10,56.2101,100,
09:38:10,56.201,100,
09:38:10,56.2299,100,
09:38:10,56.23,100,
09:38:11,56.2161,500,
09:38:14,56.23,200,
09:38:15,56.2303,200,
09:38:15,56.2302,100,
09:38:15,56.2301,300,
09:38:19,56.23,225,
09:38:24,56.2299,150,
09:38:25,56.24,200,
09:38:26,56.239,1000,
09:38:29,56.21,150,
09:38:32,56.24,200,
09:38:34,56.2398,400,
09:38:34,56.24,100,
09:38:34,56.22,100,
09:38:34,56.20,500,
09:38:34,56.20,100,
09:38:34,56.20,100,
09:38:36,56.1902,100,
09:38:36,56.1901,100,
09:38:36,56.19,100,
09:38:36,56.19,100,
09:38:36,56.1901,100,
09:38:36,56.1901,100,
09:38:38,56.17,300,
09:38:38,56.17,100,
09:38:41,56.1401,100,
09:38:41,56.14,100,
09:38:41,56.1401,100,
09:38:41,56.1401,500,
09:38:46,56.16,100,
09:38:46,56.13,100,
09:38:46,56.13,100,
09:38:46,56.1301,100,
09:38:48,56.1699,2400,
09:38:48,56.14,100,
09:38:50,56.13,200,
09:38:50,56.13,100,
09:38:51,56.12,150,
09:38:51,56.12,100,
09:38:51,56.12,150,
09:38:51,56.11,100,
09:38:52,56.1244,100,
09:38:52,56.129,200,
09:38:55,56.134,100,
09:38:55,56.11,100,
09:38:58,56.111,1000,
09:39:07,56.15,2400,
09:39:10,56.114,1000,
09:39:19,56.14,100,
09:39:22,56.134,300,
09:39:25,56.14,100,
09:39:25,56.1399,100,
09:39:29,56.17,300,
09:39:31,56.166,787,
09:39:32,56.15,100,
09:39:38,56.12,100,
09:39:41,56.13,200,
09:39:41,56.1268,100,
09:39:44,56.1192,200,
09:39:46,56.13,100,
09:39:47,56.15,100,
09:39:47,56.15,300,
09:39:47,56.15,200,
09:39:47,56.15,300,
09:39:49,56.1314,100,
09:39:49,56.1314,100,
09:39:49,56.13,100,
09:39:53,56.1101,1900,
09:39:55,56.11,300,
09:39:55,56.11,200,
09:39:57,56.08,195,
09:39:57,56.08,100,
09:39:57,56.05,200,
09:39:57,56.04,500,
09:39:57,56.03,600,
09:39:57,56,100,
09:39:57,56.0001,100,
09:39:57,56.0005,100,
09:39:57,56.0003,142,
09:39:57,56.0001,100,
09:39:57,56,100,
09:39:57,56,350,
09:39:57,56.0001,100,
09:39:57,56.0001,100,
09:39:57,56,100,
09:39:58,56,100,
09:39:58,56.02,100,
09:39:58,56.02,200,
09:39:58,56.02,400,
09:39:58,56.0199,400,
09:39:58,56.02,300,
09:39:58,56.0199,200,
09:39:58,56.02,200,
09:39:58,56.0199,200,
09:39:58,56.02,300,
09:39:58,56,400,
09:39:58,55.9935,300,
09:39:58,55.991,1074,
09:39:58,55.991,300,
09:39:58,56.03,500,
09:39:58,55.99,4700,
09:39:58,56.04,200,
09:39:58,56.04,200,
09:39:58,56.03,100,
09:39:59,56.05,100,
09:39:59,56.05,300,
09:39:59,56.05,100,
09:39:59,56.05,300,
09:39:59,56.041,100,
09:40:00,56.0301,200,
09:40:00,56.0301,200,
09:40:00,56.0301,100,
09:40:00,56.03,200,
09:40:00,56.03,100,
09:40:00,56.03,100,
09:40:00,56.02,100,
09:40:01,56.042,200,
09:40:01,56.042,100,
09:40:01,56.05,100,
09:40:03,56.021,100,
09:40:05,56.02,100,
09:40:05,56.0214,100,
09:40:05,56.0214,100,
09:40:05,56.02,100,
09:40:05,56.0214,550,
09:40:05,56.02,100,
09:40:05,55.98,280,
09:40:05,55.93,100,
09:40:05,55.95,300,
09:40:05,55.95,300,
09:40:05,55.96,500,
09:40:05,55.95,100,
09:40:05,55.93,450,
09:40:05,55.94,450,
09:40:05,55.94,300,
09:40:05,55.95,200,
09:40:05,55.92,100,
09:40:05,55.92,100,
09:40:05,55.92,100,
09:40:05,55.91,100,
09:40:05,55.89,200,
09:40:05,55.93,100,
09:40:05,55.91,250,
09:40:05,55.85,300,
09:40:05,55.9099,250,
09:40:05,55.8801,300,
09:40:06,55.92,200,
09:40:08,55.89,200,
09:40:08,55.89,400,
09:40:08,55.93,100,
09:40:08,55.92,100,
09:40:08,55.92,200,
09:40:08,55.92,200,
09:40:08,55.921,118,
09:40:10,55.95,300,
09:40:10,55.98,200,
09:40:10,56,100,
09:40:10,56,300,
09:40:10,56,300,
09:40:10,56,300,
09:40:11,55.9803,100,
09:40:11,55.9801,100,
09:40:11,55.9801,300,
09:40:12,56.02,100,
09:40:12,56.0339,1900,
09:40:16,55.9901,100,
09:40:16,55.9901,100,
09:40:16,55.994,350,
09:40:25,55.9999,2000,
09:40:26,56,100,
09:40:27,56.01,100,
09:40:27,56.01,300,
09:40:28,56.09,100,
09:40:29,56.071,250,
09:40:29,56.0886,100,
09:40:30,56.0761,500,
09:40:30,56.04,100,
09:40:30,56.044,100,
09:40:32,56.0473,500,
09:40:37,55.99,300,
09:40:38,55.98,300,
09:40:38,55.9886,100,
09:40:38,55.9886,300,
09:40:38,55.9886,100,
09:40:38,55.9886,100,
09:40:38,56.01,140,
09:40:38,56.01,100,
09:40:38,56.02,300,
09:40:38,56.02,300,
09:40:38,56.02,300,
09:40:40,55.97,200,
09:40:41,55.98,300,
09:40:41,55.99,100,
09:40:46,56,170,
09:40:48,56,100,
09:40:49,56,125,
09:40:50,56.0364,250,
09:40:52,56.06,100,
09:41:01,56.03,100,
09:41:02,56.05,100,
09:41:07,56.07,300,
09:41:08,56.062,100,
09:41:08,56.07,100,
09:41:10,56.099,125,
09:41:11,56.09,300,
09:41:15,56.08,100,
09:41:15,56.07,100,
09:41:16,56.0701,400,
09:41:17,56.0771,100,
09:41:22,56.03,100,
09:41:23,56.02,300,
09:41:26,56.04,300,
09:41:30,56.04,200,
09:41:30,56.04,200,
09:41:30,56.04,400,
09:41:30,56.03,500,
09:41:33,56.05,300,
09:41:33,56.05,300,
09:41:33,56.05,100,
09:41:33,56.05,100,
09:41:33,56.05,300,
09:41:33,56.05,100,
09:41:33,56.05,100,
09:41:33,56.05,100,
09:41:34,56.04,100,
09:41:34,56.05,300,
09:41:34,56.05,100,
09:41:34,56.05,100,
09:41:34,56.05,100,
09:41:34,56.05,100,
09:41:34,56.05,100,
09:41:34,56.05,100,
09:41:34,56.05,100,
09:41:34,56.05,100,
09:41:34,56.05,100,
09:41:34,56.05,100,
09:41:34,56.05,100,
09:41:34,56.05,300,
09:41:35,56.04,200,
09:41:39,56.05,100,
09:41:39,56.05,100,
09:41:39,56.05,100,
09:41:39,56.05,100,
09:41:39,56.05,100,
09:41:39,56.05,400,
09:41:39,56.05,300,
09:41:39,56.05,300,
09:41:39,56.05,100,
09:41:39,56.05,300,
09:41:39,56.05,300,
09:41:39,56.05,300,
09:41:39,56.05,200,
09:41:39,56.05,100,
09:41:39,56.05,100,
09:41:39,56.04,300,
09:41:39,56.05,300,
09:41:43,56.05,100,
09:41:43,56.05,100,
09:41:44,56.05,100,
09:41:44,56.05,100,
09:41:45,56.05,100,
09:41:45,56.05,100,
09:41:45,56.05,100,
09:41:46,56.05,100,
09:41:46,56.05,400,
09:41:46,56.05,300,
09:41:46,56.05,100,
09:41:46,56.05,100,
09:41:46,56.05,500,
09:41:46,56.05,100,
09:41:46,56.05,100,
09:41:46,56.05,300,
09:41:46,56.05,100,
09:41:46,56.05,500,
09:41:46,56.05,300,
09:41:46,56.05,100,
09:41:46,56.05,200,
09:41:46,56.05,500,
09:41:46,56.05,500,
09:41:46,56.05,100,
09:41:46,56.05,300,
09:41:46,56.05,400,
09:41:47,56.05,300,
09:41:47,56.05,100,
09:41:47,56.05,100,
09:41:47,56.05,100,
09:41:47,56.05,100,
09:41:47,56.05,100,
09:41:47,56.05,900,
09:41:47,56.05,100,
09:41:47,56.05,100,
09:41:47,56.05,100,
09:41:47,56.05,200,
09:41:47,56.05,200,
09:41:47,56.05,900,
09:41:47,56.05,100,
09:41:47,56.05,100,
09:41:47,56.05,300,
09:41:47,56.05,100,
09:41:47,56.05,300,
09:41:47,56.05,400,
09:41:47,56.05,100,
09:41:47,56.05,100,
09:41:47,56.05,300,
09:41:47,56.05,300,
09:41:47,56.05,300,
09:41:47,56.05,300,
09:41:47,56.05,200,
09:41:47,56.05,100,
09:41:47,56.05,300,
09:41:47,56.05,300,
09:41:47,56.05,900,
09:41:47,56.05,300,
09:41:47,56.05,200,
09:41:48,56.05,120,
09:41:48,56.03,200,
09:41:48,56.03,300,
09:41:48,56.03,100,
09:41:48,56.03,300,
09:41:48,56.03,300,
09:41:48,56.03,300,
09:41:48,56.05,300,
09:41:49,56.03,100,
09:41:49,56.03,200,
09:41:49,56.03,300,
09:41:49,56.03,300,
09:41:49,56.04,100,
09:41:49,56.04,200,
09:41:49,56.04,100,
09:41:49,56.03,100,
09:41:50,56.05,300,
09:41:52,56.02,200,
09:41:52,56.02,300,
09:41:52,56.0186,200,
09:41:52,56.02,200,
09:41:52,56.0186,100,
09:41:52,56.02,100,
09:41:53,56.04,100,
09:41:53,56.04,100,
09:41:53,56.03,300,
09:41:55,56.01,300,
09:41:55,56.02,200,
09:41:55,56.01,300,
09:41:55,55.97,200,
09:41:55,56,100,
09:41:55,56,600,
09:41:55,56,800,
09:41:56,56.02,300,
09:41:59,56.03,100,
09:42:01,56,300,
09:42:03,56,100,
09:42:04,56.01,100,
09:42:04,56.01,300,
09:42:04,56.01,110,
09:42:04,56.01,2500,
09:42:05,55.99,400,
09:42:06,56.01,250,
09:42:06,56.01,300,
09:42:08,56,100,
09:42:08,56,400,
09:42:08,55.98,100,
09:42:09,55.98,100,
09:42:09,55.99,100,
09:42:09,55.99,450,
09:42:09,55.99,300,
09:42:09,55.99,100,
09:42:09,55.99,100,
09:42:09,55.99,200,
09:42:09,55.99,100,
09:42:09,55.99,100,
09:42:09,55.99,100,
09:42:09,55.99,100,
09:42:09,55.99,200,
09:42:09,56,100,
09:42:09,55.9995,100,
09:42:09,55.999,100,
09:42:10,55.99,300,
09:42:11,55.9699,400,
09:42:11,55.96,100,
09:42:11,55.97,100,
09:42:12,55.9699,3000,
09:42:15,56.03,300,
09:42:15,56.03,300,
09:42:15,56.0113,1000,
09:42:16,56.03,100,
09:42:17,56.05,300,
09:42:18,56.04,100,
09:42:19,56.04,100,
09:42:19,56.04,100,
09:42:20,56.05,300,
09:42:20,56.08,400,
09:42:21,56.09,100,
09:42:21,56.09,250,
09:42:21,56.09,100,
09:42:21,56.09,250,
09:42:21,56.09,100,
09:42:21,56.09,100,
09:42:21,56.0843,100,
09:42:23,56.10,100,
09:42:28,56.13,200,
09:42:28,56.10,450,
09:42:28,56.13,100,
09:42:28,56.09,100,
09:42:28,56.098,170,
09:42:30,56.1101,4400,
09:42:39,56.15,5237,
09:42:39,56.15,100,
09:42:40,56.17,100,
09:42:40,56.15,200,
09:42:40,56.17,100,
09:42:40,56.14,100,
09:42:42,56.15,100,
09:42:42,56.13,100,
09:42:44,56.15,100,
09:42:44,56.17,100,
09:42:46,56.171,1000,
09:42:46,56.1765,100,
09:42:46,56.1799,200,
09:42:48,56.1584,100,
09:42:49,56.1368,440,
09:42:51,56.148,1000,
09:42:51,56.17,100,
09:42:51,56.18,100,
09:42:51,56.21,100,
09:42:52,56.1901,200,
09:42:53,56.19,200,
09:42:53,56.18,100,
09:42:55,56.186,300,
09:42:56,56.20,800,
09:42:59,56.20,100,
09:43:00,56.21,100,
09:43:00,56.22,200,
09:43:00,56.22,100,
09:43:01,56.21,200,
09:43:01,56.21,200,
09:43:01,56.21,200,
09:43:01,56.2114,100,
09:43:01,56.21,100,
09:43:01,56.2114,100,
09:43:01,56.21,100,
09:43:03,56.21,300,
09:43:03,56.21,200,
09:43:03,56.21,100,
09:43:03,56.20,100,
09:43:03,56.20,100,
09:43:04,56.19,400,
09:43:08,56.21,240,
09:43:08,56.21,1300,
09:43:09,56.21,4622,
09:43:09,56.21,900,
09:43:11,56.2199,400,
09:43:11,56.18,100,
09:43:11,56.171,150,
09:43:12,56.19,200,
09:43:13,56.18,100,
09:43:13,56.19,100,
09:43:13,56.17,2700,
09:43:14,56.187,1200,
09:43:16,56.1999,300,
09:43:18,56.17,100,
09:43:18,56.169,250,
09:43:20,56.16,1000,
09:43:21,56.18,100,
09:43:22,56.16,100,
09:43:26,56.17,100,
09:43:27,56.1568,400,
09:43:28,56.166,200,
09:43:30,56.15,300,
09:43:33,56.15,500,
09:43:34,56.15,100,
09:43:34,56.14,100,
09:43:36,56.169,250,
09:43:39,56.18,200,
09:43:39,56.18,100,
09:43:40,56.19,100,
09:43:40,56.19,200,
09:43:40,56.19,200,
09:43:40,56.1901,100,
09:43:40,56.1901,100,
09:43:40,56.19,300,
09:43:40,56.1901,200,
09:43:40,56.1901,122,
09:43:41,56.18,200,
09:43:41,56.18,100,
09:43:44,56.175,100,
09:43:46,56.18,300,
09:43:54,56.20,100,
09:43:56,56.20,300,
09:43:57,56.2124,100,
09:43:57,56.18,100,
09:43:57,56.17,300,
09:43:57,56.17,100,
09:43:58,56.17,100,
09:44:02,56.16,100,
09:44:04,56.15,100,
09:44:04,56.17,100,
09:44:06,56.16,100,
09:44:06,56.1627,100,
09:44:06,56.1627,200,
09:44:06,56.1627,200,
09:44:06,56.16,100,
09:44:06,56.1627,100,
09:44:06,56.16,100,
09:44:07,56.17,100,
09:44:07,56.17,100,
09:44:08,56.17,600,
09:44:08,56.17,200,
09:44:08,56.16,100,
09:44:13,56.19,100,
09:44:16,56.18,100,
09:44:16,56.18,100,
09:44:17,56.17,200,
09:44:17,56.17,100,
09:44:17,56.17,100,
09:44:19,56.18,100,
09:44:21,56.19,100,
09:44:23,56.2099,1000,
09:44:25,56.22,700,
09:44:25,56.22,200,
09:44:26,56.25,400,
09:44:26,56.24,100,
09:44:26,56.24,100,
09:44:26,56.23,100,
09:44:27,56.26,300,
09:44:29,56.2201,400,
09:44:29,56.2275,5500,
09:44:29,56.21,100,
09:44:31,56.23,100,
09:44:33,56.26,100,
09:44:35,56.2401,1000,
09:44:36,56.2425,1900,
09:44:37,56.26,100,
09:44:38,56.27,100,
09:44:43,56.2586,100,
09:44:43,56.259,100,
09:44:44,56.26,300,
09:44:47,56.2586,500,
09:44:49,56.2697,100,
09:44:49,56.27,100,
09:44:50,56.28,500,
09:44:51,56.28,100,
09:44:51,56.2779,100,
09:44:51,56.279,100,
09:44:52,56.2418,100,
09:44:52,56.2407,100,
09:44:56,56.249,622,
09:44:56,56.28,100,
09:44:57,56.2875,1000,
09:45:00,56.28,250,
09:45:01,56.26,200,
09:45:01,56.26,100,
09:45:01,56.23,100,
09:45:04,56.27,100,
09:45:04,56.28,200,
09:45:04,56.28,100,
09:45:04,56.28,100,
09:45:04,56.28,100,
09:45:04,56.28,100,
09:45:09,56.2702,400,
09:45:10,56.29,100,
09:45:10,56.29,100,
09:45:10,56.29,100,
09:45:10,56.28,100,
09:45:11,56.26,100,
09:45:13,56.27,100,
09:45:13,56.27,100,
09:45:15,56.28,300,
09:45:17,56.27,900,
09:45:20,56.2901,374,
09:45:22,56.29,100,
09:45:22,56.2799,100,
09:45:22,56.2799,100,
09:45:22,56.29,1100,
09:45:24,56.26,300,
09:45:26,56.29,400,
09:45:27,56.29,300,
09:45:27,56.2899,100,
09:45:27,56.28,100,
09:45:27,56.28,100,
09:45:33,56.30,100,
09:45:34,56.33,100,
09:45:36,56.3075,2550,
09:45:40,56.3284,200,
09:45:41,56.31,100,
09:45:45,56.33,100,
09:45:46,56.30,100,
09:45:49,56.32,300,
09:45:52,56.3413,1000,
09:45:54,56.29,100,
09:45:55,56.3146,100,
09:45:56,56.33,450,
09:45:59,56.32,100,
09:46:05,56.29,100,
09:46:05,56.2692,200,
09:46:05,56.26,100,
09:46:05,56.26,100,
09:46:06,56.26,200,
09:46:06,56.259,100,
09:46:06,56.27,100,
09:46:08,56.27,100,
09:46:10,56.25,100,
09:46:10,56.22,100,
09:46:10,56.20,100,
09:46:10,56.20,100,
09:46:10,56.21,100,
09:46:10,56.21,400,
09:46:10,56.21,300,
09:46:12,56.23,200,
09:46:12,56.22,100,
09:46:12,56.21,100,
09:46:14,56.21,100,
09:46:14,56.21,100,
09:46:14,56.21,100,
09:46:17,56.22,100,
09:46:19,56.21,100,
09:46:19,56.21,100,
09:46:27,56.23,100,
09:46:27,56.23,100,
09:46:28,56.24,100,
09:46:29,56.27,100,
09:46:30,56.22,100,
09:46:30,56.21,100,
09:46:31,56.25,100,
09:46:35,56.25,100,
09:46:40,56.28,100,
09:46:40,56.29,200,
09:46:40,56.29,300,
09:46:40,56.29,200,
09:46:40,56.28,100,
09:46:41,56.31,450,
09:46:41,56.31,100,
09:46:41,56.32,100,
09:46:41,56.32,100,
09:46:42,56.29,300,
09:46:42,56.29,200,
09:46:43,56.2868,442,
09:46:43,56.30,100,
09:46:45,56.29,100,
09:46:46,56.27,300,
09:46:46,56.28,100,
09:46:49,56.28,100,
09:46:54,56.29,100,
09:46:55,56.27,100,
09:47:00,56.27,100,
09:47:02,56.288,400,
09:47:04,56.25,100,
09:47:04,56.23,100,
09:47:05,56.26,100,
09:47:05,56.26,200,
09:47:07,56.2584,200,
09:47:12,56.2702,100,
09:47:12,56.281,100,
09:47:12,56.29,100,
09:47:13,56.26,100,
09:47:14,56.28,400,
09:47:15,56.30,100,
09:47:15,56.29,100,
09:47:16,56.27,100,
09:47:17,56.29,100,
09:47:18,56.31,350,
09:47:18,56.35,200,
09:47:18,56.34,300,
09:47:18,56.35,300,
09:47:19,56.37,200,
09:47:19,56.37,100,
09:47:19,56.37,300,
09:47:19,56.37,200,
09:47:19,56.37,200,
09:47:19,56.38,450,
09:47:19,56.39,300,
09:47:19,56.39,500,
09:47:19,56.40,100,
09:47:19,56.40,100,
09:47:19,56.40,100,
09:47:19,56.41,300,
09:47:19,56.41,300,
09:47:19,56.42,200,
09:47:19,56.42,100,
09:47:19,56.42,100,
09:47:19,56.42,100,
09:47:19,56.42,100,
09:47:19,56.42,100,
09:47:20,56.42,100,
09:47:20,56.36,300,
09:47:20,56.44,100,
09:47:20,56.43,100,
09:47:22,56.41,200,
09:47:22,56.41,200,
09:47:23,56.39,300,
09:47:23,56.38,900,
09:47:25,56.41,100,
09:47:25,56.4154,100,
09:47:27,56.39,100,
09:47:29,56.4039,700,
09:47:30,56.37,100,
09:47:33,56.39,100,
09:47:34,56.40,100,
09:47:35,56.38,300,
09:47:36,56.354,300,
09:47:36,56.36,100,
09:47:36,56.3599,100,
09:47:36,56.3599,100,
09:47:36,56.3599,100,
09:47:36,56.3599,100,
09:47:36,56.36,200,
09:47:36,56.3599,500,
09:47:37,56.36,300,
09:47:38,56.39,100,
09:47:39,56.3954,200,
09:47:42,56.37,100,
09:47:46,56.36,100,
09:47:47,56.3584,100,
09:47:49,56.41,100,
09:47:49,56.41,300,
09:47:49,56.41,100,
09:47:52,56.41,200,
09:47:57,56.42,300,
09:47:57,56.42,100,
09:47:57,56.42,300,
09:47:58,56.409,100,
09:47:59,56.408,800,
09:47:59,56.40,100,
09:47:59,56.4099,500,
09:48:02,56.40,100,
09:48:02,56.38,100,
09:48:02,56.35,100,
09:48:02,56.34,200,
09:48:02,56.33,100,
09:48:02,56.33,100,
09:48:02,56.32,300,
09:48:02,56.33,100,
09:48:02,56.32,300,
09:48:03,56.3298,2500,
09:48:03,56.3399,100,
09:48:03,56.33,100,
09:48:03,56.3399,100,
09:48:03,56.3399,100,
09:48:03,56.3399,100,
09:48:04,56.3499,300,
09:48:07,56.352,200,
09:48:08,56.37,100,
09:48:09,56.3786,1000,
09:48:10,56.36,300,
09:48:14,56.37,100,
09:48:14,56.43,100,
09:48:14,56.39,100,
09:48:14,56.40,200,
09:48:14,56.40,100,
09:48:14,56.40,200,
09:48:14,56.40,100,
09:48:14,56.40,100,
09:48:14,56.40,100,
09:48:14,56.41,100,
09:48:14,56.41,100,
09:48:14,56.40,100,
09:48:14,56.41,200,
09:48:14,56.41,100,
09:48:14,56.41,100,
09:48:14,56.41,100,
09:48:14,56.41,100,
09:48:14,56.40,100,
09:48:14,56.42,100,
09:48:14,56.43,100,
09:48:14,56.368,1000,
09:48:17,56.4001,500,
09:48:17,56.38,300,
09:48:18,56.3801,100,
09:48:18,56.36,122,
09:48:18,56.35,3636,
09:48:20,56.40,100,
09:48:20,56.39,100,
09:48:21,56.39,100,
09:48:23,56.37,100,
09:48:23,56.38,100,
09:48:23,56.37,100,
09:48:25,56.37,100,
09:48:25,56.37,100,
09:48:26,56.33,100,
09:48:28,56.34,100,
09:48:28,56.34,100,
09:48:28,56.34,100,
09:48:29,56.34,155,
09:48:31,56.32,100,
09:48:31,56.3001,500,
09:48:33,56.32,100,
09:48:34,56.32,300,
09:48:37,56.35,200,
09:48:37,56.33,100,
09:48:41,56.32,100,
09:48:42,56.34,100,
09:48:42,56.32,170,
09:48:43,56.32,300,
09:48:44,56.30,100,
09:48:46,56.31,100,
09:48:46,56.31,800,
09:48:46,56.31,100,
09:48:48,56.27,100,
09:48:48,56.25,100,
09:48:49,56.24,100,
09:48:49,56.24,100,
09:48:49,56.2301,100,
09:48:49,56.25,100,
09:48:49,56.26,100,
09:48:49,56.2301,100,
09:48:49,56.2301,300,
09:48:50,56.24,100,
09:48:50,56.24,200,
09:48:50,56.24,200,
09:48:50,56.24,103,
09:48:51,56.23,100,
09:48:51,56.20,100,
09:48:54,56.20,100,
09:48:54,56.21,100,
09:48:55,56.22,100,
09:48:56,56.24,100,
09:48:56,56.25,100,
09:49:00,56.24,100,
09:49:02,56.23,100,
09:49:03,56.24,100,
09:49:03,56.24,100,
09:49:03,56.24,100,
09:49:03,56.24,118,
09:49:04,56.2499,200,
09:49:06,56.19,200,
09:49:07,56.1532,300,
09:49:08,56.19,300,
09:49:09,56.22,118,
09:49:09,56.22,223,
09:49:09,56.19,100,
09:49:11,56.22,100,
09:49:11,56.2113,1000,
09:49:11,56.24,100,
09:49:11,56.23,100,
09:49:12,56.22,200,
09:49:12,56.18,100,
09:49:12,56.21,300,
09:49:15,56.1799,100,
09:49:16,56.13,200,
09:49:16,56.13,1000,
09:49:16,56.1246,100,
09:49:16,56.14,100,
09:49:17,56.129,100,
09:49:18,56.17,100,
09:49:19,56.1643,100,
09:49:22,56.20,100,
09:49:22,56.20,100,
09:49:24,56.18,100,
09:49:24,56.18,500,
09:49:26,56.18,300,
09:49:28,56.12,100,
09:49:28,56.12,300,
09:49:29,56.13,100,
09:49:31,56.16,100,
09:49:32,56.14,100,
09:49:35,56.11,100,
09:49:35,56.10,200,
09:49:37,56.16,100,
09:49:37,56.14,100,
09:49:38,56.13,100,
09:49:46,56.13,320,
09:49:49,56.1373,1000,
09:49:51,56.08,200,
09:49:52,56.06,100,
09:49:52,56.05,100,
09:49:53,56.04,500,
09:49:53,56.07,200,
09:49:53,56.07,200,
09:49:53,56.071,100,
09:49:54,56.0861,1000,
09:49:54,56.10,1100,
09:49:54,56.10,200,
09:49:54,56.10,300,
09:49:54,56.10,300,
09:49:54,56.10,300,
09:49:54,56.10,300,
09:49:54,56.10,300,
09:49:54,56.11,200,
09:49:54,56.11,100,
09:49:54,56.11,300,
09:49:54,56.11,200,
09:49:54,56.11,450,
09:49:54,56.11,650,
09:49:54,56.11,100,
09:49:54,56.12,300,
09:49:54,56.12,100,
09:49:54,56.09,100,
09:49:54,56.10,100,
09:49:54,56.11,300,
09:49:56,56.0699,100,
09:49:56,56.072,400,
09:49:56,56.072,500,
09:49:58,56.07,100,
09:49:58,56.099,1000,
09:49:59,56.08,100,
09:49:59,56.05,100,
09:50:00,56.06,150,
09:50:02,56.02,200,
09:50:02,56.02,100,
09:50:02,56.0101,500,
09:50:03,56,300,
09:50:04,56,300,
09:50:04,55.99,100,
09:50:04,56.01,200,
09:50:05,56,300,
09:50:05,56.01,100,
09:50:05,55.99,100,
09:50:05,56.014,200,
09:50:05,55.97,100,
09:50:06,55.96,100,
09:50:06,55.97,100,
09:50:06,55.97,100,
09:50:08,55.99,100,
09:50:09,55.98,249,
09:50:09,55.98,600,
09:50:09,55.98,600,
09:50:11,56.01,100,
09:50:12,56.01,100,
09:50:13,56.01,2500,
09:50:15,56.03,100,
09:50:15,56.03,100,
09:50:15,56.03,100,
09:50:16,56.0175,100,
09:50:16,56.0178,300,
09:50:16,56.0199,100,
09:50:16,56.011,100,
09:50:17,56.024,300,
09:50:19,56.0281,300,
09:50:20,56.02,100,
09:50:22,56.01,100,
09:50:24,56.0084,200,
09:50:24,56.009,400,
09:50:25,56.019,200,
09:50:26,56.019,200,
09:50:26,56.019,200,
09:50:26,56.02,100,
09:50:26,56.01,6800,
09:50:28,56.02,100,
09:50:29,56.05,100,
09:50:29,56.04,100,
09:50:31,56.07,100,
09:50:31,56.09,100,
09:50:31,56.10,100,
09:50:31,56.08,100,
09:50:33,56.0799,500,
09:50:38,56.03,200,
09:50:42,56.01,100,
09:50:42,56.01,100,
09:50:43,56.03,100,
09:50:46,56.01,100,
09:50:47,56,200,
09:50:47,56,165,
09:50:48,55.99,100,
09:50:50,56.01,100,
09:50:50,56,100,
09:50:50,56,100,
09:50:50,56.01,100,
09:50:50,56,100,
09:50:52,56.02,100,
09:50:53,56,470,
09:50:53,56,100,
09:50:55,56.0299,100,
09:50:55,56.0299,100,
09:50:56,56.03,100,
09:50:56,56.03,200,
09:50:57,56.0402,100,
09:50:59,56.04,100,
09:51:03,55.99,100,
09:51:06,55.98,100,
09:51:06,55.98,100,
09:51:06,55.98,170,
09:51:06,55.96,1000,
09:51:06,55.96,300,
09:51:06,55.96,1000,
09:51:06,55.96,300,
09:51:06,55.96,300,
09:51:07,55.99,100,
09:51:07,55.99,300,
09:51:08,56,300,
09:51:08,55.99,200,
09:51:08,55.99,100,
09:51:08,55.99,100,
09:51:09,55.98,100,
09:51:10,55.96,100,
09:51:12,55.97,715,
09:51:12,55.97,100,
09:51:12,55.95,300,
09:51:12,55.96,100,
09:51:12,55.96,200,
09:51:12,55.97,470,
09:51:14,55.922,100,
09:51:16,55.93,100,
09:51:18,55.93,100,
09:51:20,55.922,200,
09:51:20,55.93,500,
09:51:21,55.94,200,
09:51:24,55.99,100,
09:51:25,55.9703,100,
09:51:27,55.95,100,
09:51:29,55.9301,900,
09:51:31,55.95,100,
09:51:31,55.95,100,
09:51:31,55.97,100,
09:51:32,55.95,100,
09:51:32,55.95,300,
09:51:32,55.95,100,
09:51:33,55.95,100,
09:51:34,55.92,100,
09:51:34,55.91,100,
09:51:34,55.91,100,
09:51:35,55.92,300,
09:51:36,55.93,100,
09:51:36,55.94,100,
09:51:36,55.94,100,
09:51:39,55.91,100,
09:51:39,55.92,300,
09:51:41,55.90,100,
09:51:41,55.90,100,
09:51:41,55.90,200,
09:51:41,55.90,100,
09:51:41,55.90,100,
09:51:41,55.90,100,
09:51:41,55.90,100,
09:51:42,55.92,100,
09:51:42,55.9146,100,
09:51:43,55.92,100,
09:51:44,55.93,100,
09:51:44,55.93,100,
09:51:44,55.95,100,
09:51:44,55.92,300,
09:51:44,55.93,100,
09:51:45,55.95,100,
09:51:46,55.92,100,
09:51:47,55.92,100,
09:51:47,55.93,100,
09:51:47,55.93,100,
09:51:51,55.93,178,
09:51:52,55.9201,100,
09:51:52,55.93,100,
09:51:54,55.92,100,
09:51:56,55.914,100,
09:51:57,55.93,100,
09:51:57,55.91,100,
09:51:59,55.89,100,
09:51:59,55.89,200,
09:52:04,55.95,300,
09:52:04,55.95,100,
09:52:04,55.95,100,
09:52:05,55.92,100,
09:52:05,55.92,100,
09:52:08,55.95,300,
09:52:08,55.95,100,
09:52:09,55.93,100,
09:52:10,55.927,535,
09:52:11,55.94,100,
09:52:12,55.95,100,
09:52:17,55.96,300,
09:52:17,55.97,100,
09:52:17,55.97,100,
09:52:17,55.97,100,
09:52:17,56,200,
09:52:18,56.0101,1000,
09:52:18,55.97,100,
09:52:18,55.97,100,
09:52:18,55.97,100,
09:52:18,55.97,200,
09:52:18,55.97,100,
09:52:24,55.98,200,
09:52:24,55.98,100,
09:52:25,56.05,100,
09:52:27,56.047,500,
09:52:27,56.049,100,
09:52:29,56.05,1300,
09:52:30,56.0471,100,
09:52:31,56.06,100,
09:52:31,56.07,100,
09:52:32,56.10,100,
09:52:33,56.11,300,
09:52:33,56.11,100,
09:52:33,56.11,500,
09:52:33,56.10,200,
09:52:35,56.07,500,
09:52:38,56.06,100,
09:52:38,56.06,100,
09:52:38,56.07,100,
09:52:38,56.08,300,
09:52:39,56.07,100,
09:52:41,56.07,100,
09:52:41,56.08,100,
09:52:42,56.07,200,
09:52:42,56.07,300,
09:52:44,56.078,1000,
09:52:46,56.049,500,
09:52:46,56.02,100,
09:52:47,56.048,500,
09:52:47,56.048,400,
09:52:53,56.0084,200,
09:52:54,56.01,150,
09:53:00,56.02,100,
09:53:01,55.99,300,
09:53:01,55.99,190,
09:53:01,55.99,100,
09:53:01,55.98,200,
09:53:01,55.97,100,
09:53:05,55.99,100,
09:53:05,56.01,100,
09:53:05,56.01,200,
09:53:05,56.01,100,
09:53:05,56.01,100,
09:53:06,56.04,200,
09:53:06,56.0559,570,
09:53:11,56.04,100,
09:53:17,56.078,500,
09:53:20,56.05,300,
09:53:20,56.044,1000,
09:53:23,56.044,250,
09:53:24,56.043,800,
09:53:28,56.0499,100,
09:53:28,56.0499,100,
09:53:28,56.0499,100,
09:53:28,56.0499,100,
09:53:28,56.0499,100,
09:53:32,56.079,200,
09:53:33,56.079,168,
09:53:42,56.07,100,
09:53:44,56.071,200,
09:53:45,56.08,100,
09:53:50,56.07,300,
09:53:51,56.07,100,
09:53:56,56.10,400,
09:53:56,56.10,100,
09:53:58,56.11,100,
09:53:59,56.1024,2000,
09:54:02,56.1099,620,
09:54:06,56.108,267,
09:54:09,56.0382,400,
09:54:09,56.0686,900,
09:54:12,56.03,300,
09:54:12,56.03,100,
09:54:12,56.03,300,
09:54:12,56.03,1600,
09:54:14,55.982,800,
09:54:20,55.97,100,
09:54:20,55.97,300,
09:54:21,55.99,100,
09:54:21,55.9982,1000,
09:54:24,55.999,200,
09:54:28,56.02,300,
09:54:29,56.029,100,
09:54:33,56.0681,400,
09:54:38,56.08,100,
09:54:43,56.09,100,
09:54:43,56.09,200,
09:54:47,56.13,300,
09:54:47,56.13,400,
09:54:47,56.13,100,
09:54:47,56.13,115,
09:54:47,56.13,241,
09:54:49,56.05,200,
09:54:49,56.05,100,
09:54:49,56.06,200,
09:54:49,56.09,100,
09:54:50,56.03,100,
09:54:50,56.03,100,
09:54:51,56.05,100,
09:54:51,56.03,100,
09:54:51,56.02,100,
09:54:51,56.02,100,
09:54:51,56.06,100,
09:55:01,56.09,100,
09:55:01,56.11,100,
09:55:01,56.11,100,
09:55:01,56.11,500,
09:55:02,56.08,100,
09:55:02,56.09,300,
09:55:02,56.09,100,
09:55:02,56.09,100,
09:55:04,56.11,300,
09:55:05,56.13,300,
09:55:05,56.17,300,
09:55:05,56.17,300,
09:55:05,56.17,300,
09:55:05,56.15,300,
09:55:05,56.17,100,
09:55:06,56.1919,500,
09:55:09,56.12,265,
09:55:10,56.08,100,
09:55:10,56.08,100,
09:55:10,56.08,100,
09:55:10,56.06,133,
09:55:10,56.05,500,
09:55:10,56.05,210,
09:55:10,56.05,510,
09:55:10,56.06,300,
09:55:10,56.05,100,
09:55:10,56.0699,100,
09:55:10,56.069,200,
09:55:10,56.06,100,
09:55:10,56.07,100,
09:55:10,56.07,300,
09:55:11,56.0873,500,
09:55:13,56.0899,200,
09:55:16,56.069,100,
09:55:20,56.05,100,
09:55:21,56.06,100,
09:55:32,56.05,2800,
09:55:32,56.05,1600,
09:55:32,56.05,100,
09:55:32,56.03,100,
09:55:33,56,100,
09:55:33,56,800,
09:55:33,56,200,
09:55:33,56,100,
09:55:34,55.98,100,
09:55:34,55.99,100,
09:55:34,55.99,300,
09:55:35,55.9719,1100,
09:55:37,55.9813,1000,
09:55:37,56.03,200,
09:55:38,56.02,300,
09:55:40,56.05,200,
09:55:40,56.05,200,
09:55:43,56.05,100,
09:55:44,56.0701,600,
09:55:47,56.09,100,
09:55:47,56.0986,200,
09:55:49,56.09,2000,
09:55:49,56.09,100,
09:55:49,56.09,300,
09:55:49,56.09,100,
09:55:55,56.0801,150,
09:55:56,56.11,1000,
09:55:56,56.11,600,
09:55:59,56.04,300,
09:56:00,56.084,200,
09:56:02,56.0797,300,
09:56:03,56.0899,370,
09:56:05,56.0701,157,
09:56:08,56.12,100,
09:56:08,56.10,300,
09:56:08,56.12,100,
09:56:10,56.16,100,
09:56:11,56.19,100,
09:56:11,56.20,100,
09:56:11,56.20,100,
09:56:12,56.20,875,
09:56:12,56.20,1100,
09:56:12,56.20,100,
09:56:12,56.2126,200,
09:56:13,56.18,100,
09:56:14,56.16,600,
09:56:15,56.136,200,
09:56:15,56.176,500,
09:56:16,56.15,100,
09:56:18,56.16,100,
09:56:23,56.14,100,
09:56:27,56.179,600,
09:56:27,56.179,700,
09:56:29,56.19,100,
09:56:30,56.185,100,
09:56:35,56.1484,100,
09:56:36,56.149,100,
09:56:37,56.13,100,
09:56:37,56.13,600,
09:56:39,56.12,200,
09:56:43,56.11,100,
09:56:48,56.1499,100,
09:56:52,56.13,600,
09:56:52,56.13,200,
09:56:53,56.1599,500,
09:56:56,56.16,200,
09:56:56,56.16,700,
09:57:01,56.149,100,
09:57:01,56.17,100,
09:57:01,56.17,100,
09:57:04,56.10,100,
09:57:05,56.15,100,
09:57:05,56.14,100,
09:57:08,56.15,100,
09:57:09,56.109,200,
09:57:09,56.109,200,
09:57:09,56.11,200,
09:57:09,56.14,150,
09:57:09,56.15,100,
09:57:09,56.14,300,
09:57:09,56.14,200,
09:57:09,56.12,300,
09:57:09,56.13,300,
09:57:09,56.13,300,
09:57:09,56.13,300,
09:57:09,56.12,300,
09:57:09,56.11,100,
09:57:09,56.15,200,
09:57:09,56.15,300,
09:57:09,56.14,300,
09:57:09,56.14,300,
09:57:09,56.15,850,
09:57:09,56.15,300,
09:57:09,56.14,350,
09:57:09,56.14,300,
09:57:09,56.13,100,
09:57:09,56.15,600,
09:57:09,56.16,200,
09:57:09,56.14,100,
09:57:09,56.12,100,
09:57:09,56.12,100,
09:57:09,56.13,100,
09:57:09,56.11,100,
09:57:09,56.13,100,
09:57:09,56.12,100,
09:57:09,56.13,200,
09:57:09,56.13,300,
09:57:09,56.13,300,
09:57:09,56.14,300,
09:57:09,56.14,300,
09:57:09,56.13,500,
09:57:09,56.13,100,
09:57:09,56.14,100,
09:57:09,56.14,300,
09:57:09,56.14,100,
09:57:09,56.15,100,
09:57:10,56.16,100,
09:57:10,56.16,200,
09:57:12,56.171,501,
09:57:14,56.1901,100,
09:57:15,56.19,200,
09:57:15,56.19,400,
09:57:16,56.16,100,
09:57:17,56.12,100,
09:57:17,56.12,861,
09:57:17,56.10,300,
09:57:17,56.07,100,
09:57:17,56.09,100,
09:57:17,56.09,100,
09:57:17,56.09,100,
09:57:18,56.10,100,
09:57:19,56.12,100,
09:57:19,56.12,300,
09:57:21,56.11,100,
09:57:21,56.11,200,
09:57:21,56.0986,100,
09:57:23,56.09,100,
09:57:23,56.08,200,
09:57:23,56.11,100,
09:57:23,56.10,100,
09:57:26,56.06,100,
09:57:26,56.04,100,
09:57:26,56.03,100,
09:57:28,56.02,100,
09:57:28,56,120,
09:57:28,56,100,
09:57:28,56.031,500,
09:57:29,56,100,
09:57:29,56.01,300,
09:57:29,56.03,100,
09:57:29,56.04,100,
09:57:29,56,100,
09:57:30,56.01,200,
09:57:32,56.03,100,
09:57:33,56.03,100,
09:57:33,56.04,100,
09:57:33,56.06,200,
09:57:34,56.06,100,
09:57:34,56.04,100,
09:57:36,56.02,100,
09:57:38,56.04,300,
09:57:40,56,400,
09:57:40,56.01,300,
09:57:44,56.01,100,
09:57:47,55.97,100,
09:57:47,55.97,600,
09:57:49,55.95,200,
09:57:49,55.95,100,
09:57:49,55.95,700,
09:57:49,55.94,100,
09:57:49,55.94,100,
09:57:49,55.94,200,
09:57:50,55.94,800,
09:57:51,55.96,100,
09:57:51,55.98,100,
09:57:52,55.9784,400,
09:57:52,55.97,100,
09:57:52,55.97,300,
09:57:52,55.973,1000,
09:57:52,55.96,100,
09:57:53,55.951,500,
09:57:56,55.92,100,
09:57:56,55.912,100,
09:57:56,55.912,300,
09:57:57,55.9401,100,
09:57:57,55.94,100,
09:58:00,55.942,600,
09:58:06,55.95,100,
09:58:07,55.95,200,
09:58:09,55.9681,250,
09:58:11,55.95,100,
09:58:12,55.93,100,
09:58:12,55.93,500,
09:58:14,55.92,300,
09:58:14,55.94,300,
09:58:14,55.97,300,
09:58:14,55.9401,500,
09:58:15,55.98,100,
09:58:16,55.97,100,
09:58:16,55.98,100,
09:58:16,55.98,100,
09:58:16,55.98,100,
09:58:17,56,100,
09:58:17,56.03,300,
09:58:17,56.03,100,
09:58:17,56.03,300,
09:58:17,56.04,300,
09:58:17,56.04,100,
09:58:17,56.03,100,
09:58:17,56.03,300,
09:58:20,55.981,100,
09:58:21,56.01,100,
09:58:25,56,100,
09:58:25,56.01,100,
09:58:26,56.02,100,
09:58:26,56.0276,100,
09:58:26,56.029,1100,
09:58:26,56.029,300,
09:58:27,56.03,500,
09:58:27,56.03,5000,
09:58:31,56.001,200,
09:58:34,56.01,100,
09:58:34,56.01,100,
09:58:34,56.04,100,
09:58:35,56.03,100,
09:58:35,56,100,
09:58:37,56.01,100,
09:58:37,56.03,300,
09:58:41,56.04,100,
09:58:42,56.03,100,
09:58:42,56.028,900,
09:58:44,56.07,200,
09:58:44,56.07,100,
09:58:44,56.08,200,
09:58:44,56.07,100,
09:58:46,56.06,450,
09:58:46,56.05,100,
09:58:47,56.03,100,
09:58:49,56.04,100,
09:58:50,56.04,100,
09:58:51,56.05,100,
09:58:55,56.01,100,
09:58:56,56.023,100,
09:58:59,55.98,100,
09:58:59,55.98,100,
09:58:59,55.95,100,
09:58:59,55.94,100,
09:58:59,55.94,100,
09:58:59,55.94,100,
09:59:00,55.96,100,
09:59:00,55.95,100,
09:59:01,55.96,100,
09:59:01,55.94,100,
09:59:01,55.94,100,
09:59:02,55.93,100,
09:59:02,55.94,2000,
09:59:03,55.92,500,
09:59:03,55.92,100,
09:59:03,55.92,100,
09:59:03,55.92,300,
09:59:03,55.88,100,
09:59:03,55.88,100,
09:59:03,55.87,100,
09:59:03,55.87,300,
09:59:03,55.88,100,
09:59:03,55.87,100,
09:59:03,55.85,934,
09:59:03,55.85,266,
09:59:03,55.84,100,
09:59:03,55.82,400,
09:59:03,55.84,100,
09:59:03,55.80,200,
09:59:03,55.80,100,
09:59:03,55.90,100,
09:59:03,55.80,700,
09:59:03,55.80,300,
09:59:03,55.82,500,
09:59:03,55.82,100,
09:59:03,55.79,100,
09:59:03,55.82,100,
09:59:03,55.80,100,
09:59:03,55.82,100,
09:59:03,55.81,100,
09:59:03,55.82,100,
09:59:04,55.812,267,
09:59:04,55.82,100,
09:59:04,55.90,100,
09:59:04,55.8046,100,
09:59:04,55.8167,100,
09:59:04,55.81,100,
09:59:04,55.80,100,
09:59:04,55.8001,400,
09:59:04,55.81,100,
09:59:04,55.8116,250,
09:59:04,55.84,100,
09:59:05,55.82,100,
09:59:05,55.8116,150,
09:59:05,55.81,100,
09:59:05,55.8132,150,
09:59:05,55.82,300,
09:59:05,55.81,300,
09:59:05,55.81,200,
09:59:05,55.82,100,
09:59:05,55.815,400,
09:59:05,55.8201,100,
09:59:06,55.84,100,
09:59:07,55.85,100,
09:59:07,55.8435,100,
09:59:08,55.81,300,
09:59:08,55.8151,2550,
09:59:09,55.80,500,
09:59:09,55.8045,100,
09:59:10,55.80,100,
09:59:11,55.81,350,
09:59:12,55.801,100,
09:59:13,55.80,100,
09:59:13,55.80,300,
09:59:13,55.80,200,
09:59:13,55.80,700,
09:59:13,55.80,300,
09:59:13,55.77,100,
09:59:13,55.75,100,
09:59:13,55.78,200,
09:59:13,55.78,100,
09:59:14,55.77,100,
09:59:14,55.7732,100,
09:59:14,55.7714,200,
09:59:14,55.77,100,
09:59:14,55.76,300,
09:59:14,55.7501,700,
09:59:14,55.76,100,
09:59:15,55.77,100,
09:59:15,55.80,100,
09:59:15,55.80,900,
09:59:16,55.78,100,
09:59:17,55.78,100,
09:59:17,55.78,100,
09:59:17,55.78,100,
09:59:19,55.7801,100,
09:59:19,55.78,100,
09:59:19,55.7801,906,
09:59:22,55.81,100,
09:59:22,55.79,100,
09:59:22,55.79,100,
09:59:23,55.77,100,
09:59:24,55.79,100,
09:59:29,55.80,100,
09:59:29,55.80,100,
09:59:29,55.81,100,
09:59:31,55.79,100,
09:59:32,55.80,100,
09:59:32,55.82,300,
09:59:32,55.82,900,
09:59:35,55.8086,500,
09:59:36,55.80,100,
09:59:36,55.82,100,
09:59:38,55.811,500,
09:59:39,55.86,100,
09:59:41,55.87,100,
09:59:42,55.8601,100,
09:59:44,55.84,100,
09:59:46,55.80,400,
09:59:47,55.83,100,
09:59:49,55.82,100,
09:59:50,55.83,100,
09:59:52,55.7886,700,
09:59:53,55.77,100,
09:59:53,55.78,100,
09:59:53,55.77,100,
09:59:54,55.75,800,
09:59:54,55.74,100,
09:59:55,55.75,100,
09:59:55,55.74,100,
09:59:55,55.65,100,
09:59:56,55.66,100,
09:59:56,55.65,200,
09:59:56,55.62,300,
09:59:56,55.61,100,
09:59:56,55.61,300,
09:59:56,55.61,100,
09:59:56,55.72,108,
09:59:56,55.64,300,
09:59:56,55.64,100,
09:59:56,55.63,100,
09:59:56,55.62,300,
09:59:56,55.63,300,
09:59:56,55.63,100,
09:59:56,55.63,100,
09:59:56,55.64,300,
09:59:56,55.59,100,
09:59:56,55.61,100,
09:59:56,55.65,100,
09:59:56,55.62,100,
09:59:56,55.64,100,
09:59:56,55.65,100,
09:59:56,55.65,100,
09:59:56,55.65,200,
09:59:56,55.65,100,
09:59:56,55.63,100,
09:59:57,55.63,300,
09:59:57,55.61,200,
09:59:57,55.63,200,
09:59:57,55.64,100,
09:59:58,55.641,100,
09:59:58,55.653,1000,
09:59:58,55.71,100,
09:59:58,55.70,300,
09:59:58,55.68,200,
09:59:58,55.67,300,
09:59:58,55.67,100,
09:59:59,55.67,100,
09:59:59,55.67,100,
09:59:59,55.67,100,
09:59:59,55.67,100,
09:59:59,55.687,400,
10:00:01,55.65,100,
10:00:02,55.65,100,
10:00:02,55.66,200,
10:00:02,55.66,100,
10:00:03,55.6599,1000,
10:00:04,55.63,200,
10:00:05,55.63,100,
10:00:06,55.613,700,
10:00:06,55.61,100,
10:00:06,55.65,100,
10:00:07,55.63,110,
10:00:08,55.61,100,
10:00:09,55.6435,100,
10:00:10,55.65,200,
10:00:10,55.64,100,
10:00:11,55.62,100,
10:00:11,55.61,300,
10:00:11,55.60,100,
10:00:12,55.61,100,
10:00:13,55.61,100,
10:00:14,55.62,100,
10:00:15,55.62,100,
10:00:16,55.62,100,
10:00:17,55.63,300,
10:00:18,55.65,100,
10:00:18,55.65,200,
10:00:18,55.63,100,
10:00:18,55.62,100,
10:00:18,55.63,300,
10:00:18,55.62,100,
10:00:18,55.62,300,
10:00:19,55.63,700,
10:00:20,55.65,1000,
10:00:22,55.63,100,
10:00:23,55.63,240,
10:00:23,55.63,200,
10:00:23,55.62,100,
10:00:23,55.62,100,
10:00:24,55.63,100,
10:00:24,55.63,100,
10:00:24,55.63,100,
10:00:24,55.65,100,
10:00:24,55.64,100,
10:00:24,55.62,100,
10:00:26,55.65,100,
10:00:26,55.6599,100,
10:00:26,55.6599,100,
10:00:26,55.63,100,
10:00:27,55.6499,300,
10:00:27,55.65,100,
10:00:27,55.64,100,
10:00:28,55.62,100,
10:00:28,55.62,100,
10:00:28,55.64,100,
10:00:29,55.60,100,
10:00:29,55.58,100,
10:00:30,55.60,100,
10:00:32,55.63,100,
10:00:33,55.64,100,
10:00:33,55.63,200,
10:00:33,55.63,100,
10:00:33,55.63,100,
10:00:33,55.63,200,
10:00:33,55.61,100,
10:00:33,55.64,193,
10:00:33,55.63,100,
10:00:33,55.63,200,
10:00:33,55.63,700,
10:00:33,55.63,100,
10:00:33,55.63,100,
10:00:33,55.63,100,
10:00:33,55.62,200,
10:00:33,55.64,300,
10:00:33,55.64,300,
10:00:33,55.64,300,
10:00:33,55.63,100,
10:00:33,55.63,300,
10:00:34,55.61,300,
10:00:34,55.59,100,
10:00:34,55.59,100,
10:00:37,55.62,100,
10:00:37,55.62,100,
10:00:37,55.62,600,
10:00:37,55.63,100,
10:00:37,55.63,200,
10:00:37,55.62,100,
10:00:37,55.64,100,
10:00:39,55.63,100,
10:00:39,55.64,100,
10:00:39,55.64,100,
10:00:39,55.6399,100,
10:00:39,55.6399,100,
10:00:39,55.63,100,
10:00:39,55.63,200,
10:00:39,55.64,200,
10:00:39,55.64,300,
10:00:39,55.63,300,
10:00:39,55.63,100,
10:00:39,55.61,200,
10:00:39,55.60,300,
10:00:41,55.61,100,
10:00:41,55.599,300,
10:00:42,55.60,500,
10:00:43,55.56,150,
10:00:43,55.57,100,
10:00:43,55.56,400,
10:00:43,55.56,1077,
10:00:43,55.55,100,
10:00:43,55.55,100,
10:00:43,55.55,100,
10:00:43,55.53,100,
10:00:43,55.5314,150,
10:00:43,55.53,100,
10:00:43,55.52,300,
10:00:43,55.52,100,
10:00:44,55.54,100,
10:00:44,55.54,100,
10:00:44,55.53,200,
10:00:44,55.55,100,
10:00:44,55.53,100,
10:00:44,55.52,200,
10:00:44,55.54,300,
10:00:45,55.529,500,
10:00:45,55.54,285,
10:00:45,55.52,100,
10:00:46,55.54,100,
10:00:47,55.55,100,
10:00:47,55.52,300,
10:00:47,55.512,1000,
10:00:49,55.50,300,
10:00:50,55.53,100,
10:00:50,55.54,100,
10:00:50,55.53,300,
10:00:51,55.50,100,
10:00:51,55.50,200,
10:00:51,55.50,455,
10:00:52,55.47,100,
10:00:52,55.47,100,
10:00:52,55.47,300,
10:00:52,55.46,100,
10:00:52,55.46,100,
10:00:52,55.46,100,
10:00:52,55.47,200,
10:00:52,55.472,200,
10:00:52,55.48,100,
10:00:52,55.49,300,
10:00:53,55.52,100,
10:00:53,55.52,100,
10:00:54,55.48,100,
10:00:54,55.475,500,
10:00:54,55.47,100,
10:00:54,55.48,100,
10:00:54,55.482,400,
10:00:55,55.45,100,
10:00:56,55.45,100,
10:00:56,55.45,100,
10:00:57,55.43,400,
10:00:57,55.431,1500,
10:00:57,55.45,300,
10:00:58,55.45,100,
10:00:58,55.45,100,
10:00:58,55.43,100,
10:00:58,55.42,100,
10:00:58,55.4285,300,
10:00:58,55.43,200,
10:00:59,55.422,168,
10:00:59,55.45,100,
10:00:59,55.44,100,
10:01:00,55.46,100,
10:01:00,55.46,100,
10:01:00,55.442,1000,
10:01:00,55.49,300,
10:01:00,55.49,100,
10:01:00,55.428,200,
10:01:01,55.49,100,
10:01:01,55.49,255,
10:01:01,55.47,100,
10:01:02,55.47,100,
10:01:02,55.49,1500,
10:01:03,55.47,400,
10:01:03,55.47,100,
10:01:03,55.47,100,
10:01:03,55.47,100,
10:01:03,55.47,100,
10:01:03,55.46,100,
10:01:04,55.421,100,
10:01:04,55.42,139,
10:01:05,55.42,100,
10:01:05,55.42,100,
10:01:05,55.40,100,
10:01:05,55.42,100,
10:01:05,55.40,200,
10:01:06,55.43,100,
10:01:06,55.43,100,
10:01:06,55.4493,300,
10:01:06,55.4496,200,
10:01:06,55.40,100,
10:01:07,55.45,100,
10:01:07,55.4486,500,
10:01:09,55.46,700,
10:01:10,55.45,100,
10:01:10,55.43,100,
10:01:10,55.42,100,
10:01:10,55.4199,100,
10:01:10,55.422,100,
10:01:10,55.43,100,
10:01:12,55.448,150,
10:01:12,55.43,700,
10:01:13,55.44,100,
10:01:14,55.42,100,
10:01:14,55.429,1600,
10:01:14,55.43,100,
10:01:15,55.43,100,
10:01:16,55.46,100,
10:01:16,55.46,100,
10:01:17,55.432,294,
10:01:17,55.42,100,
10:01:17,55.42,100,
10:01:19,55.44,100,
10:01:19,55.44,100,
10:01:21,55.44,100,
10:01:21,55.44,100,
10:01:21,55.44,900,
10:01:22,55.44,200,
10:01:22,55.46,300,
10:01:23,55.4686,100,
10:01:23,55.469,200,
10:01:24,55.44,600,
10:01:24,55.46,100,
10:01:24,55.47,100,
10:01:24,55.48,300,
10:01:24,55.46,100,
10:01:24,55.48,200,
10:01:24,55.49,300,
10:01:24,55.468,100,
10:01:24,55.47,300,
10:01:25,55.45,100,
10:01:25,55.47,300,
10:01:25,55.47,100,
10:01:25,55.45,100,
10:01:27,55.44,100,
10:01:27,55.44,100,
10:01:27,55.44,100,
10:01:27,55.44,100,
10:01:27,55.4398,200,
10:01:27,55.428,100,
10:01:27,55.428,100,
10:01:28,55.42,100,
10:01:28,55.44,100,
10:01:29,55.44,100,
10:01:30,55.41,100,
10:01:30,55.42,100,
10:01:30,55.42,100,
10:01:30,55.42,100,
10:01:30,55.41,100,
10:01:30,55.43,100,
10:01:31,55.44,100,
10:01:31,55.44,100,
10:01:32,55.41,100,
10:01:32,55.4001,500,
10:01:32,55.409,200,
10:01:32,55.409,100,
10:01:32,55.40,200,
10:01:33,55.3986,800,
10:01:33,55.409,500,
10:01:34,55.38,200,
10:01:35,55.369,200,
10:01:35,55.39,100,
10:01:36,55.40,100,
10:01:37,55.3701,100,
10:01:37,55.3701,100,
10:01:37,55.38,100,
10:01:37,55.3701,100,
10:01:37,55.3701,100,
10:01:37,55.37,1000,
10:01:37,55.37,100,
10:01:37,55.3701,1400,
10:01:37,55.3701,100,
10:01:37,55.3701,100,
10:01:37,55.3701,100,
10:01:37,55.3701,100,
10:01:37,55.3701,100,
10:01:38,55.379,500,
10:01:40,55.39,100,
10:01:42,55.42,100,
10:01:43,55.4314,200,
10:01:45,55.41,100,
10:01:45,55.40,100,
10:01:45,55.40,1000,
10:01:45,55.40,100,
10:01:45,55.40,100,
10:01:45,55.40,100,
10:01:45,55.40,200,
10:01:46,55.38,400,
10:01:47,55.38,100,
10:01:47,55.378,100,
10:01:47,55.378,100,
10:01:47,55.40,100,
10:01:47,55.40,100,
10:01:47,55.40,100,
10:01:47,55.40,100,
10:01:47,55.40,100,
10:01:47,55.40,100,
10:01:47,55.40,300,
10:01:47,55.40,300,
10:01:47,55.40,500,
10:01:47,55.40,2000,
10:01:47,55.40,100,
10:01:47,55.40,100,
10:01:47,55.40,100,
10:01:47,55.40,100,
10:01:47,55.40,100,
10:01:47,55.40,100,
10:01:48,55.40,900,
10:01:48,55.40,100,
10:01:48,55.40,100,
10:01:48,55.40,400,
10:01:48,55.40,100,
10:01:48,55.40,100,
10:01:48,55.40,100,
10:01:48,55.40,300,
10:01:48,55.40,100,
10:01:48,55.40,100,
10:01:48,55.40,100,
10:01:48,55.40,100,
10:01:48,55.40,100,
10:01:48,55.40,300,
10:01:49,55.40,100,
10:01:49,55.40,100,
10:01:49,55.40,100,
10:01:49,55.40,1000,
10:01:49,55.40,700,
10:01:49,55.40,200,
10:01:49,55.40,2000,
10:01:49,55.40,100,
10:01:49,55.40,300,
10:01:49,55.40,100,
10:01:49,55.40,1000,
10:01:50,55.40,300,
10:01:50,55.40,300,
10:01:50,55.40,300,
10:01:50,55.40,100,
10:01:50,55.40,1100,
10:01:50,55.40,100,
10:01:50,55.40,1200,
10:01:50,55.40,200,
10:01:51,55.40,100,
10:01:51,55.40,200,
10:01:51,55.40,300,
10:01:51,55.40,500,
10:01:51,55.40,300,
10:01:51,55.40,200,
10:01:51,55.40,300,
10:01:51,55.40,300,
10:01:51,55.40,100,
10:01:51,55.40,400,
10:01:51,55.40,300,
10:01:51,55.40,300,
10:01:51,55.40,300,
10:01:51,55.40,100,
10:01:51,55.40,500,
10:01:51,55.40,300,
10:01:51,55.40,500,
10:01:51,55.40,300,
10:01:51,55.40,300,
10:01:51,55.40,100,
10:01:51,55.40,300,
10:01:51,55.40,500,
10:01:51,55.40,100,
10:01:51,55.40,1900,
10:01:51,55.40,1300,
10:01:51,55.40,100,
10:01:51,55.40,200,
10:01:51,55.40,200,
10:01:51,55.40,500,
10:01:51,55.40,100,
10:01:51,55.40,100,
10:01:51,55.40,100,
10:01:51,55.42,100,
10:01:51,55.40,100,
10:01:51,55.43,100,
10:01:51,55.43,100,
10:01:52,55.41,900,
10:01:53,55.4215,500,
10:01:53,55.43,100,
10:01:54,55.42,100,
10:01:54,55.4262,318,
10:01:55,55.41,300,
10:01:55,55.39,200,
10:01:55,55.39,100,
10:01:55,55.39,100,
10:01:55,55.39,100,
10:01:56,55.43,100,
10:01:56,55.42,100,
10:01:57,55.42,245,
10:01:57,55.42,100,
10:01:57,55.43,100,
10:01:58,55.47,100,
10:02:00,55.48,200,
10:02:00,55.47,100,
10:02:00,55.49,100,
10:02:00,55.4978,100,
10:02:00,55.499,200,
10:02:01,55.496,500,
10:02:01,55.47,900,
10:02:01,55.47,100,
10:02:01,55.48,300,
10:02:01,55.49,500,
10:02:02,55.46,100,
10:02:02,55.47,100,
10:02:02,55.48,300,
10:02:02,55.44,100,
10:02:02,55.49,100,
10:02:02,55.42,100,
10:02:02,55.42,100,
10:02:02,55.43,100,
10:02:03,55.4199,255,
10:02:03,55.4199,100,
10:02:03,55.44,100,
10:02:04,55.43,100,
10:02:05,55.46,100,
10:02:05,55.448,100,
10:02:05,55.45,100,
10:02:06,55.47,100,
10:02:06,55.48,100,
10:02:07,55.448,200,
10:02:07,55.45,100,
10:02:09,55.449,100,
10:02:12,55.48,100,
10:02:12,55.441,1000,
10:02:14,55.52,100,
10:02:14,55.52,100,
10:02:15,55.52,100,
10:02:15,55.53,100,
10:02:15,55.528,300,
10:02:16,55.52,200,
10:02:16,55.51,100,
10:02:18,55.517,300,
10:02:21,55.519,250,
10:02:21,55.52,300,
10:02:24,55.47,100,
10:02:29,55.4799,600,
10:02:30,55.44,100,
10:02:30,55.44,100,
10:02:30,55.43,450,
10:02:30,55.44,100,
10:02:30,55.43,300,
10:02:31,55.46,100,
10:02:31,55.46,100,
10:02:32,55.50,100,
10:02:32,55.50,300,
10:02:32,55.50,150,
10:02:33,55.54,100,
10:02:35,55.54,100,
10:02:37,55.54,100,
10:02:37,55.54,200,
10:02:39,55.5701,3000,
10:02:39,55.5999,100,
10:02:40,55.58,100,
10:02:40,55.60,100,
10:02:41,55.5929,200,
10:02:41,55.61,100,
10:02:41,55.63,100,
10:02:42,55.64,100,
10:02:42,55.65,100,
10:02:42,55.66,100,
10:02:42,55.66,400,
10:02:44,55.6297,200,
10:02:44,55.61,100,
10:02:44,55.61,100,
10:02:44,55.58,100,
10:02:44,55.59,100,
10:02:44,55.58,300,
10:02:44,55.59,100,
10:02:44,55.60,500,
10:02:44,55.5829,100,
10:02:46,55.62,100,
10:02:46,55.61,100,
10:02:47,55.62,100,
10:02:47,55.65,100,
10:02:49,55.6601,500,
10:02:50,55.68,100,
10:02:50,55.65,100,
10:02:50,55.65,100,
10:02:50,55.64,100,
10:02:50,55.70,100,
10:02:50,55.70,300,
10:02:50,55.70,100,
10:02:50,55.70,100,
10:02:50,55.72,100,
10:02:51,55.709,100,
10:02:52,55.672,500,
10:02:54,55.65,200,
10:02:55,55.65,300,
10:02:57,55.63,100,
10:02:58,55.64,100,
10:02:58,55.649,100,
10:03:00,55.64,100,
10:03:00,55.65,100,
10:03:02,55.64,100,
10:03:02,55.64,100,
10:03:03,55.64,100,
10:03:04,55.63,100,
10:03:04,55.6301,100,
10:03:04,55.6301,100,
10:03:05,55.62,100,
10:03:06,55.60,100,
10:03:08,55.599,100,
10:03:10,55.60,500,
10:03:10,55.592,200,
10:03:11,55.61,100,
10:03:12,55.59,100,
10:03:12,55.59,1200,
10:03:16,55.63,100,
10:03:16,55.629,100,
10:03:16,55.61,100,
10:03:17,55.60,100,
10:03:17,55.61,100,
10:03:18,55.5999,100,
10:03:19,55.601,100,
10:03:23,55.612,1000,
10:03:23,55.62,100,
10:03:24,55.63,100,
10:03:25,55.65,100,
10:03:25,55.65,100,
10:03:26,55.60,500,
10:03:30,55.56,100,
10:03:30,55.56,100,
10:03:31,55.58,100,
10:03:33,55.61,100,
10:03:34,55.58,100,
10:03:37,55.61,100,
10:03:38,55.6001,100,
10:03:38,55.60,100,
10:03:40,55.5981,300,
10:03:41,55.59,100,
10:03:41,55.60,100,
10:03:42,55.60,100,
10:03:43,55.581,200,
10:03:43,55.57,100,
10:03:49,55.582,110,
10:03:55,55.55,100,
10:03:56,55.53,200,
10:03:56,55.53,200,
10:03:56,55.52,100,
10:03:56,55.52,100,
10:03:56,55.51,100,
10:03:56,55.51,400,
10:04:00,55.50,100,
10:04:00,55.4999,150,
10:04:01,55.52,100,
10:04:01,55.53,300,
10:04:01,55.54,100,
10:04:02,55.55,600,
10:04:02,55.59,200,
10:04:04,55.55,100,
10:04:04,55.5499,1659,
10:04:06,55.52,100,
10:04:07,55.57,100,
10:04:07,55.55,100,
10:04:07,55.55,100,
10:04:08,55.58,100,
10:04:10,55.59,100,
10:04:10,55.599,100,
10:04:10,55.598,300,
10:04:11,55.59,2000,
10:04:11,55.56,200,
10:04:11,55.56,100,
10:04:12,55.5499,100,
10:04:12,55.54,100,
10:04:14,55.56,100,
10:04:14,55.56,200,
10:04:18,55.5499,200,
10:04:19,55.53,100,
10:04:19,55.52,100,
10:04:19,55.54,150,
10:04:22,55.57,100,
10:04:23,55.58,100,
10:04:24,55.599,100,
10:04:24,55.599,100,
10:04:25,55.60,1600,
10:04:26,55.58,100,
10:04:30,55.60,100,
10:04:31,55.59,100,
10:04:32,55.5799,300,
10:04:34,55.57,100,
10:04:35,55.5527,567,
10:04:38,55.58,100,
10:04:38,55.57,300,
10:04:38,55.56,250,
10:04:38,55.56,100,
10:04:38,55.56,100,
10:04:38,55.56,100,
10:04:38,55.56,300,
10:04:39,55.58,100,
10:04:45,55.58,100,
10:04:46,55.60,500,
10:04:47,55.56,100,
10:04:47,55.56,100,
10:04:51,55.585,100,
10:04:52,55.56,100,
10:04:53,55.57,100,
10:04:55,55.57,100,
10:04:56,55.57,100,
10:04:57,55.5475,100,
10:04:58,55.549,100,
10:04:58,55.549,100,
10:04:58,55.549,100,
10:04:58,55.53,100,
10:05:05,55.589,200,
10:05:07,55.609,500,
10:05:10,55.5739,1000,
10:05:11,55.59,100,
10:05:12,55.58,300,
10:05:20,55.57,100,
10:05:21,55.56,100,
10:05:21,55.58,100,
10:05:21,55.55,100,
10:05:22,55.5699,500,
10:05:25,55.55,100,
10:05:27,55.55,100,
10:05:28,55.53,100,
10:05:28,55.53,1000,
10:05:28,55.5395,200,
10:05:29,55.51,100,
10:05:29,55.51,100,
10:05:30,55.52,100,
10:05:30,55.52,200,
10:05:30,55.52,100,
10:05:30,55.52,100,
10:05:30,55.52,300,
10:05:32,55.52,500,
10:05:32,55.50,100,
10:05:33,55.50,100,
10:05:33,55.51,100,
10:05:34,55.50,460,
10:05:34,55.536,200,
10:05:34,55.52,100,
10:05:34,55.52,300,
10:05:34,55.51,200,
10:05:35,55.51,100,
10:05:36,55.50,100,
10:05:37,55.49,100,
10:05:41,55.49,100,
10:05:43,55.48,100,
10:05:43,55.48,100,
10:05:43,55.48,100,
10:05:44,55.47,100,
10:05:44,55.47,100,
10:05:44,55.4772,100,
10:05:44,55.479,200,
10:05:45,55.49,100,
10:05:46,55.48,100,
10:05:48,55.461,500,
10:05:48,55.48,300,
10:05:48,55.49,450,
10:05:49,55.50,100,
10:05:51,55.49,100,
10:05:51,55.495,100,
10:05:51,55.48,100,
10:05:53,55.48,100,
10:05:53,55.48,200,
10:05:55,55.47,100,
10:05:55,55.47,100,
10:05:57,55.45,100,
10:05:59,55.46,100,
10:05:59,55.47,100,
10:06:00,55.48,300,
10:06:00,55.49,100,
10:06:00,55.49,100,
10:06:00,55.49,350,
10:06:02,55.489,100,
10:06:03,55.5099,100,
10:06:03,55.50,100,
10:06:05,55.4999,300,
10:06:06,55.50,100,
10:06:09,55.47,100,
10:06:11,55.50,100,
10:06:11,55.49,100,
10:06:11,55.50,180,
10:06:11,55.47,100,
10:06:11,55.49,100,
10:06:12,55.48,300,
10:06:13,55.48,100,
10:06:13,55.50,100,
10:06:13,55.50,100,
10:06:16,55.49,100,
10:06:18,55.49,100,
10:06:18,55.49,100,
10:06:21,55.52,100,
10:06:21,55.52,100,
10:06:24,55.54,100,
10:06:24,55.55,100,
10:06:24,55.56,100,
10:06:24,55.56,100,
10:06:25,55.57,100,
10:06:25,55.58,100,
10:06:26,55.5699,500,
10:06:26,55.56,200,
10:06:27,55.59,100,
10:06:27,55.59,300,
10:06:28,55.60,100,
10:06:28,55.61,500,
10:06:30,55.5973,1200,
10:06:31,55.56,100,
10:06:31,55.59,100,
10:06:33,55.598,300,
10:06:36,55.57,100,
10:06:37,55.59,100,
10:06:38,55.59,100,
10:06:38,55.59,100,
10:06:38,55.59,100,
10:06:38,55.59,100,
10:06:38,55.61,100,
10:06:38,55.60,100,
10:06:40,55.62,100,
10:06:43,55.59,100,
10:06:48,55.55,100,
10:06:48,55.56,100,
10:06:51,55.57,100,
10:06:51,55.57,400,
10:06:55,55.56,100,
10:06:55,55.56,100,
10:06:58,55.58,100,
10:06:59,55.56,100,
10:07:05,55.61,100,
10:07:06,55.599,100,
10:07:07,55.59,100,
10:07:07,55.63,100,
10:07:08,55.60,100,
10:07:09,55.59,100,
10:07:10,55.56,100,
10:07:13,55.59,100,
10:07:15,55.595,200,
10:07:18,55.6282,500,
10:07:19,55.61,100,
10:07:22,55.62,100,
10:07:25,55.60,300,
10:07:26,55.59,100,
10:07:31,55.609,500,
10:07:40,55.63,100,
10:07:40,55.65,100,
10:07:40,55.65,100,
10:07:40,55.65,300,
10:07:40,55.6699,200,
10:07:42,55.64,100,
10:07:42,55.642,100,
10:07:42,55.642,100,
10:07:44,55.65,100,
10:07:45,55.64,100,
10:07:46,55.64,100,
10:07:48,55.6601,100,
10:07:48,55.6785,500,
10:07:52,55.69,100,
10:07:52,55.69,100,
10:07:54,55.69,100,
10:07:54,55.69,100,
10:07:55,55.69,100,
10:07:55,55.70,200,
10:07:55,55.69,100,
10:07:55,55.69,100,
10:07:56,55.688,200,
10:07:57,55.668,100,
10:07:57,55.668,160,
10:08:00,55.68,100,
10:08:00,55.66,100,
10:08:00,55.69,100,
10:08:03,55.67,100,
10:08:03,55.67,200,
10:08:03,55.66,100,
10:08:05,55.668,269,
10:08:06,55.66,100,
10:08:06,55.66,200,
10:08:06,55.65,100,
10:08:08,55.62,100,
10:08:09,55.63,100,
10:08:12,55.62,100,
10:08:12,55.61,100,
10:08:13,55.616,500,
10:08:14,55.64,100,
10:08:14,55.60,100,
10:08:19,55.639,100,
10:08:22,55.59,100,
10:08:23,55.60,100,
10:08:27,55.58,100,
10:08:28,55.58,100,
10:08:34,55.61,100,
10:08:34,55.608,325,
10:08:35,55.62,100,
10:08:35,55.617,500,
10:08:39,55.58,100,
10:08:40,55.60,100,
10:08:46,55.5687,100,
10:08:48,55.58,100,
10:08:52,55.53,100,
10:08:56,55.54,100,
10:08:57,55.539,200,
10:08:58,55.538,500,
10:08:59,55.54,100,
10:09:01,55.57,100,
10:09:01,55.56,400,
10:09:02,55.58,100,
10:09:05,55.57,100,
10:09:07,55.60,100,
10:09:07,55.60,100,
10:09:07,55.60,100,
10:09:09,55.57,100,
10:09:09,55.57,100,
10:09:09,55.56,100,
10:09:09,55.57,100,
10:09:09,55.57,100,
10:09:09,55.57,100,
10:09:09,55.57,200,
10:09:09,55.58,300,
10:09:09,55.58,100,
10:09:09,55.58,250,
10:09:09,55.58,450,
10:09:10,55.59,100,
10:09:13,55.58,100,
10:09:13,55.58,100,
10:09:13,55.58,200,
10:09:13,55.58,100,
10:09:13,55.58,200,
10:09:14,55.58,100,
10:09:14,55.57,200,
10:09:14,55.57,100,
10:09:14,55.58,300,
10:09:14,55.58,200,
10:09:15,55.61,100,
10:09:16,55.61,100,
10:09:17,55.58,100,
10:09:18,55.59,100,
10:09:18,55.58,100,
10:09:20,55.61,100,
10:09:22,55.58,100,
10:09:24,55.59,200,
10:09:25,55.62,100,
10:09:28,55.59,100,
10:09:28,55.62,100,
10:09:28,55.62,300,
10:09:28,55.62,450,
10:09:28,55.62,100,
10:09:28,55.63,100,
10:09:28,55.63,350,
10:09:28,55.62,300,
10:09:28,55.62,100,
10:09:28,55.62,300,
10:09:28,55.63,300,
10:09:28,55.67,200,
10:09:28,55.67,600,
10:09:28,55.67,100,
10:09:28,55.68,100,
10:09:28,55.68,100,
10:09:28,55.67,100,
10:09:28,55.68,200,
10:09:28,55.68,200,
10:09:28,55.68,100,
10:09:28,55.66,100,
10:09:29,55.64,100,
10:09:32,55.67,100,
10:09:32,55.65,100,
10:09:32,55.65,250,
10:09:33,55.66,100,
10:09:33,55.67,100,
10:09:33,55.67,100,
10:09:33,55.67,100,
10:09:33,55.67,100,
10:09:34,55.677,125,
10:09:36,55.6782,1500,
10:09:37,55.69,100,
10:09:39,55.70,300,
10:09:41,55.68,100,
10:09:45,55.69,400,
10:09:46,55.64,100,
10:09:46,55.64,300,
10:09:46,55.64,100,
10:09:46,55.62,100,
10:09:46,55.611,400,
10:09:49,55.62,100,
10:09:52,55.66,100,
10:09:55,55.658,200,
10:10:00,55.651,100,
10:10:03,55.65,200,
10:10:03,55.64,100,
10:10:03,55.65,300,
10:10:03,55.65,100,
10:10:03,55.65,100,
10:10:03,55.6501,500,
10:10:08,55.65,200,
10:10:08,55.65,200,
10:10:09,55.657,100,
10:10:10,55.64,100,
10:10:11,55.65,200,
10:10:11,55.66,300,
10:10:11,55.66,300,
10:10:11,55.66,200,
10:10:11,55.66,300,
10:10:13,55.65,100,
10:10:17,55.65,100,
10:10:21,55.64,100,
10:10:21,55.6599,100,
10:10:28,55.6299,500,
10:10:30,55.623,900,
10:10:31,55.62,100,
10:10:32,55.61,100,
10:10:33,55.61,100,
10:10:34,55.609,300,
10:10:35,55.61,100,
10:10:36,55.607,230,
10:10:36,55.62,300,
10:10:36,55.60,300,
10:10:38,55.6001,100,
10:10:38,55.60,200,
10:10:39,55.60,100,
10:10:39,55.61,124,
10:10:39,55.61,300,
10:10:39,55.62,100,
10:10:39,55.62,300,
10:10:39,55.62,300,
10:10:39,55.62,300,
10:10:39,55.62,200,
10:10:40,55.63,300,
10:10:40,55.63,100,
10:10:40,55.62,100,
10:10:42,55.60,300,
10:10:42,55.59,599,
10:10:43,55.57,100,
10:10:43,55.57,100,
10:10:43,55.57,100,
10:10:46,55.584,1200,
10:10:48,55.56,100,
10:10:49,55.58,100,
10:10:50,55.58,100,
10:10:50,55.57,200,
10:10:51,55.56,100,
10:10:51,55.56,100,
10:10:51,55.57,100,
10:10:51,55.56,100,
10:10:51,55.56,100,
10:10:51,55.56,100,
10:10:52,55.57,100,
10:10:53,55.5499,100,
10:10:54,55.54,100,
10:10:58,55.51,100,
10:10:58,55.50,300,
10:10:58,55.50,500,
10:10:58,55.50,500,
10:10:59,55.5299,100,
10:11:00,55.53,100,
10:11:09,55.5301,100,
10:11:09,55.53,100,
10:11:10,55.51,200,
10:11:15,55.52,900,
10:11:17,55.52,100,
10:11:17,55.50,100,
10:11:17,55.49,100,
10:11:17,55.50,100,
10:11:17,55.49,100,
10:11:19,55.50,100,
10:11:20,55.51,279,
10:11:24,55.53,100,
10:11:24,55.53,200,
10:11:24,55.53,300,
10:11:26,55.54,100,
10:11:26,55.52,100,
10:11:28,55.49,100,
10:11:31,55.491,100,
10:11:32,55.51,100,
10:11:33,55.51,100,
10:11:33,55.52,100,
10:11:33,55.50,100,
10:11:33,55.495,100,
10:11:33,55.49,100,
10:11:33,55.48,100,
10:11:33,55.48,100,
10:11:33,55.48,100,
10:11:33,55.48,200,
10:11:33,55.48,200,
10:11:36,55.48,100,
10:11:36,55.48,1900,
10:11:38,55.48,200,
10:11:41,55.462,200,
10:11:42,55.46,100,
10:11:42,55.45,100,
10:11:42,55.448,100,
10:11:42,55.448,100,
10:11:43,55.48,100,
10:11:43,55.48,200,
10:11:43,55.44,500,
10:11:43,55.442,500,
10:11:44,55.48,200,
10:11:45,55.49,100,
10:11:45,55.48,200,
10:11:45,55.49,100,
10:11:47,55.49,100,
10:11:50,55.52,100,
10:11:51,55.52,100,
10:11:55,55.53,100,
10:11:56,55.57,100,
10:11:59,55.58,100,
10:11:59,55.57,100,
10:12:02,55.57,100,
10:12:07,55.558,700,
10:12:12,55.6244,200,
10:12:12,55.629,200,
10:12:13,55.606,800,
10:12:18,55.61,200,
10:12:18,55.63,100,
10:12:19,55.629,100,
10:12:19,55.6229,200,
10:12:20,55.66,200,
10:12:20,55.64,100,
10:12:20,55.64,100,
10:12:21,55.59,200,
10:12:21,55.62,400,
10:12:21,55.62,100,
10:12:21,55.60,300,
10:12:21,55.60,200,
10:12:21,55.59,100,
10:12:21,55.59,100,
10:12:21,55.59,100,
10:12:21,55.59,100,
10:12:21,55.59,100,
10:12:21,55.58,100,
10:12:21,55.58,100,
10:12:21,55.57,100,
10:12:21,55.57,100,
10:12:21,55.58,100,
10:12:21,55.58,100,
10:12:21,55.57,100,
10:12:21,55.57,100,
10:12:21,55.57,100,
10:12:21,55.59,100,
10:12:26,55.609,1000,
10:12:28,55.65,100,
10:12:30,55.63,100,
10:12:32,55.6168,100,
10:12:38,55.6499,2000,
10:12:39,55.6377,100,
10:12:40,55.638,800,
10:12:41,55.63,100,
10:12:43,55.63,100,
10:12:43,55.63,100,
10:12:47,55.6429,100,
10:12:47,55.65,100,
10:12:48,55.66,500,
10:12:51,55.67,100,
10:12:54,55.65,100,
10:12:54,55.67,100,
10:12:57,55.657,1000,
10:12:58,55.66,800,
10:13:00,55.66,100,
10:13:02,55.66,100,
10:13:02,55.68,100,
10:13:04,55.70,2100,
10:13:04,55.71,300,
10:13:04,55.682,500,
10:13:05,55.7389,300,
10:13:05,55.739,500,
10:13:05,55.74,600,
10:13:05,55.75,100,
10:13:07,55.79,100,
10:13:07,55.80,100,
10:13:07,55.80,300,
10:13:07,55.80,100,
10:13:07,55.80,100,
10:13:07,55.7899,300,
10:13:08,55.768,200,
10:13:08,55.79,200,
10:13:08,55.80,200,
10:13:08,55.79,100,
10:13:09,55.77,200,
10:13:09,55.77,100,
10:13:10,55.778,500,
10:13:11,55.77,100,
10:13:13,55.7899,300,
10:13:15,55.7769,100,
10:13:15,55.7757,200,
10:13:16,55.79,100,
10:13:17,55.78,100,
10:13:18,55.78,100,
10:13:19,55.7799,100,
10:13:19,55.79,2300,
10:13:20,55.77,100,
10:13:21,55.78,100,
10:13:22,55.79,100,
10:13:23,55.7815,500,
10:13:26,55.77,100,
10:13:27,55.77,100,
10:13:28,55.78,100,
10:13:28,55.78,500,
10:13:29,55.80,285,
10:13:29,55.80,300,
10:13:33,55.7991,150,
10:13:33,55.799,200,
10:13:34,55.80,100,
10:13:37,55.75,400,
10:13:37,55.74,400,
10:13:37,55.74,100,
10:13:37,55.75,100,
10:13:37,55.74,100,
10:13:38,55.76,100,
10:13:39,55.75,100,
10:13:40,55.80,1000,
10:13:41,55.80,797,
10:13:41,55.80,203,
10:13:41,55.80,100,
10:13:41,55.78,400,
10:13:44,55.788,200,
10:13:45,55.789,100,
10:13:46,55.79,100,
10:13:48,55.7899,100,
10:13:48,55.79,100,
10:13:51,55.8099,2000,
10:13:55,55.80,100,
10:13:55,55.80,100,
10:13:57,55.81,100,
10:13:57,55.81,100,
10:13:57,55.82,377,
10:14:00,55.80,100,
10:14:00,55.79,100,
10:14:00,55.78,100,
10:14:00,55.78,300,
10:14:00,55.7784,100,
10:14:01,55.79,100,
10:14:07,55.7832,480,
10:14:09,55.80,400,
10:14:09,55.80,100,
10:14:10,55.81,100,
10:14:10,55.81,1000,
10:14:10,55.82,100,
10:14:11,55.81,100,
10:14:11,55.80,100,
10:14:11,55.80,100,
10:14:11,55.78,100,
10:14:11,55.78,100,
10:14:15,55.7701,300,
10:14:15,55.7799,100,
10:14:16,55.75,100,
10:14:16,55.75,100,
10:14:16,55.74,100,
10:14:16,55.74,100,
10:14:16,55.74,100,
10:14:16,55.73,100,
10:14:16,55.75,100,
10:14:16,55.7499,100,
10:14:17,55.741,500,
10:14:17,55.7499,100,
10:14:17,55.75,200,
10:14:17,55.75,500,
10:14:17,55.7499,200,
10:14:17,55.75,500,
10:14:17,55.75,100,
10:14:18,55.75,100,
10:14:20,55.75,100,
10:14:24,55.77,100,
10:14:25,55.76,100,
10:14:26,55.77,100,
10:14:28,55.7786,1000,
10:14:33,55.797,1000,
10:14:34,55.83,100,
10:14:36,55.81,100,
10:14:36,55.7999,200,
10:14:36,55.80,400,
10:14:36,55.7999,500,
10:14:37,55.7999,145,
10:14:37,55.80,145,
10:14:38,55.798,400,
10:14:39,55.80,250,
10:14:42,55.798,100,
10:14:42,55.798,100,
10:14:42,55.81,200,
10:14:43,55.819,100,
10:14:43,55.814,100,
10:14:44,55.83,100,
10:14:45,55.8354,100,
10:14:45,55.79,100,
10:14:45,55.79,100,
10:14:46,55.78,100,
10:14:46,55.78,100,
10:14:47,55.77,100,
10:14:53,55.8055,100,
10:14:55,55.7952,100,
10:14:55,55.80,100,
10:14:59,55.79,100,
10:15:00,55.7901,500,
10:15:01,55.77,100,
10:15:02,55.77,100,
10:15:02,55.75,100,
10:15:03,55.73,100,
10:15:05,55.74,100,
10:15:06,55.74,100,
10:15:08,55.70,300,
10:15:08,55.69,100,
10:15:08,55.68,100,
10:15:08,55.68,100,
10:15:09,55.70,100,
10:15:12,55.69,100,
10:15:14,55.70,100,
10:15:14,55.70,300,
10:15:14,55.71,100,
10:15:14,55.71,100,
10:15:16,55.73,100,
10:15:16,55.75,100,
10:15:20,55.74,100,
10:15:20,55.72,100,
10:15:21,55.73,200,
10:15:21,55.71,100,
10:15:21,55.70,200,
10:15:21,55.70,100,
10:15:22,55.71,300,
10:15:22,55.71,200,
10:15:22,55.71,100,
10:15:22,55.71,100,
10:15:22,55.71,100,
10:15:22,55.74,100,
10:15:23,55.7499,100,
10:15:24,55.75,100,
10:15:24,55.76,100,
10:15:26,55.73,100,
10:15:31,55.74,100,
10:15:32,55.74,200,
10:15:34,55.73,200,
10:15:34,55.74,200,
10:15:37,55.71,100,
10:15:41,55.74,100,
10:15:41,55.75,100,
10:15:41,55.74,100,
10:15:44,55.74,100,
10:15:44,55.7286,100,
10:15:44,55.7286,100,
10:15:44,55.7286,100,
10:15:44,55.7286,100,
10:15:44,55.73,500,
10:15:45,55.74,100,
10:15:48,55.71,100,
10:15:49,55.71,100,
10:15:50,55.74,100,
10:15:51,55.75,109,
10:15:51,55.75,100,
10:15:51,55.74,100,
10:15:52,55.76,100,
10:15:54,55.78,100,
10:15:54,55.7798,100,
10:15:54,55.7787,100,
10:15:54,55.78,100,
10:15:54,55.78,100,
10:15:56,55.79,100,
10:15:56,55.79,300,
10:15:56,55.80,200,
10:15:56,55.80,100,
10:15:56,55.80,200,
10:15:59,55.79,100,
10:16:01,55.778,400,
10:16:01,55.78,200,
10:16:01,55.78,300,
10:16:03,55.79,300,
10:16:03,55.79,300,
10:16:03,55.79,100,
10:16:03,55.79,200,
10:16:06,55.76,100,
10:16:08,55.78,100,
10:16:09,55.77,100,
10:16:16,55.76,100,
10:16:17,55.76,100,
10:16:17,55.748,100,
10:16:18,55.77,100,
10:16:26,55.76,300,
10:16:26,55.76,300,
10:16:26,55.76,300,
10:16:26,55.77,200,
10:16:27,55.78,100,
10:16:27,55.78,300,
10:16:29,55.79,100,
10:16:35,55.79,120,
10:16:35,55.76,100,
10:16:35,55.75,100,
10:16:36,55.7499,100,
10:16:37,55.7468,100,
10:16:39,55.72,100,
10:16:42,55.70,200,
10:16:42,55.70,400,
10:16:42,55.70,600,
10:16:42,55.70,800,
10:16:42,55.70,200,
10:16:42,55.70,300,
10:16:42,55.70,1100,
10:16:42,55.68,100,
10:16:42,55.69,100,
10:16:42,55.69,200,
10:16:42,55.69,400,
10:16:42,55.69,300,
10:16:42,55.69,500,
10:16:42,55.69,300,
10:16:42,55.69,195,
10:16:42,55.70,300,
10:16:42,55.70,100,
10:16:42,55.70,100,
10:16:42,55.70,200,
10:16:43,55.6899,370,
10:16:44,55.73,300,
10:16:44,55.75,100,
10:16:44,55.77,100,
10:16:46,55.74,100,
10:16:46,55.74,100,
10:16:46,55.72,100,
10:16:47,55.74,300,
10:16:49,55.7601,200,
10:16:49,55.75,100,
10:16:50,55.717,300,
10:16:52,55.73,100,
10:16:52,55.74,100,
10:16:54,55.71,300,
10:16:55,55.71,100,
10:16:55,55.72,100,
10:16:56,55.74,100,
10:17:01,55.69,100,
10:17:01,55.69,100,
10:17:02,55.67,100,
10:17:02,55.6501,1000,
10:17:02,55.65,100,
10:17:02,55.64,100,
10:17:02,55.64,100,
10:17:02,55.63,100,
10:17:02,55.64,100,
10:17:02,55.64,100,
10:17:03,55.66,100,
10:17:03,55.66,200,
10:17:04,55.64,100,
10:17:05,55.634,500,
10:17:08,55.65,300,
10:17:10,55.65,200,
10:17:11,55.669,1000,
10:17:14,55.644,600,
10:17:15,55.61,100,
10:17:15,55.60,600,
10:17:15,55.60,200,
10:17:15,55.60,300,
10:17:15,55.62,100,
10:17:16,55.63,100,
10:17:17,55.64,300,
10:17:17,55.64,300,
10:17:17,55.63,100,
10:17:18,55.648,1000,
10:17:19,55.64,200,
10:17:19,55.6456,500,
10:17:22,55.63,100,
10:17:27,55.66,100,
10:17:27,55.65,100,
10:17:27,55.64,100,
10:17:31,55.66,100,
10:17:32,55.67,100,
10:17:33,55.67,100,
10:17:36,55.67,100,
10:17:46,55.66,100,
10:17:47,55.68,300,
10:18:00,55.64,100,
10:18:01,55.64,350,
10:18:02,55.63,100,
10:18:02,55.61,200,
10:18:02,55.62,300,
10:18:02,55.62,100,
10:18:02,55.61,100,
10:18:03,55.60,100,
10:18:05,55.60,100,
10:18:07,55.60,100,
10:18:08,55.62,100,
10:18:08,55.59,100,
10:18:10,55.56,100,
10:18:10,55.57,100,
10:18:10,55.57,100,
10:18:11,55.56,100,
10:18:11,55.5601,100,
10:18:11,55.5614,100,
10:18:11,55.56,100,
10:18:12,55.55,400,
10:18:12,55.55,100,
10:18:12,55.54,100,
10:18:12,55.53,100,
10:18:13,55.52,100,
10:18:13,55.53,300,
10:18:13,55.52,100,
10:18:13,55.52,100,
10:18:13,55.50,100,
10:18:13,55.48,100,
10:18:13,55.51,100,
10:18:13,55.49,100,
10:18:14,55.50,100,
10:18:14,55.52,100,
10:18:14,55.52,100,
10:18:16,55.493,1450,
10:18:17,55.502,300,
10:18:19,55.50,100,
10:18:19,55.52,100,
10:18:20,55.57,250,
10:18:20,55.58,100,
10:18:20,55.57,100,
10:18:20,55.56,200,
10:18:20,55.55,100,
10:18:20,55.54,100,
10:18:20,55.57,100,
10:18:20,55.57,388,
10:18:20,55.56,100,
10:18:22,55.55,100,
10:18:23,55.54,100,
10:18:28,55.55,100,
10:18:30,55.53,100,
10:18:30,55.56,100,
10:18:31,55.56,100,
10:18:31,55.56,100,
10:18:31,55.5699,1000,
10:18:32,55.60,100,
10:18:33,55.57,700,
10:18:33,55.58,100,
10:18:34,55.58,400,
10:18:34,55.58,100,
10:18:34,55.58,100,
10:18:35,55.58,100,
10:18:36,55.56,100,
10:18:36,55.57,100,
10:18:38,55.5601,100,
10:18:38,55.54,100,
10:18:38,55.54,200,
10:18:39,55.52,100,
10:18:39,55.52,200,
10:18:39,55.50,200,
10:18:40,55.52,100,
10:18:40,55.52,100,
10:18:40,55.52,100,
10:18:40,55.52,100,
10:18:41,55.52,100,
10:18:44,55.53,100,
10:18:44,55.53,200,
10:18:44,55.512,500,
10:18:47,55.531,700,
10:18:48,55.50,100,
10:18:49,55.50,100,
10:18:50,55.54,100,
10:18:50,55.506,100,
10:18:52,55.54,100,
10:18:55,55.49,200,
10:18:55,55.49,169,
10:18:56,55.4986,180,
10:18:56,55.51,200,
10:18:56,55.52,100,
10:18:59,55.51,500,
10:18:59,55.54,100,
10:19:00,55.55,100,
10:19:02,55.55,100,
10:19:02,55.56,100,
10:19:02,55.54,100,
10:19:04,55.55,100,
10:19:04,55.56,100,
10:19:05,55.55,100,
10:19:05,55.54,100,
10:19:05,55.54,200,
10:19:05,55.52,100,
10:19:06,55.55,100,
10:19:08,55.52,100,
10:19:08,55.52,100,
10:19:09,55.52,100,
10:19:12,55.51,100,
10:19:12,55.50,100,
10:19:12,55.51,100,
10:19:12,55.49,100,
10:19:12,55.48,300,
10:19:12,55.49,100,
10:19:13,55.48,400,
10:19:13,55.48,100,
10:19:13,55.48,100,
10:19:13,55.48,200,
10:19:14,55.49,100,
10:19:15,55.491,100,
10:19:15,55.491,100,
10:19:15,55.5084,200,
10:19:16,55.4884,190,
10:19:17,55.492,700,
10:19:17,55.492,900,
10:19:18,55.48,100,
10:19:18,55.4714,900,
10:19:19,55.49,100,
10:19:19,55.48,400,
10:19:19,55.50,100,
10:19:22,55.447,100,
10:19:22,55.4451,200,
10:19:22,55.44,100,
10:19:23,55.43,250,
10:19:24,55.44,100,
10:19:24,55.4331,170,
10:19:24,55.4331,250,
10:19:25,55.43,100,
10:19:25,55.4315,1687,
10:19:25,55.42,100,
10:19:25,55.4031,500,
10:19:25,55.40,200,
10:19:26,55.4315,300,
10:19:26,55.4315,137,
10:19:26,55.4371,100,
10:19:27,55.42,100,
10:19:28,55.42,200,
10:19:28,55.42,100,
10:19:29,55.4286,130,
10:19:29,55.43,100,
10:19:29,55.46,100,
10:19:30,55.44,100,
10:19:30,55.45,166,
10:19:30,55.43,100,
10:19:31,55.4283,100,
10:19:31,55.4257,300,
10:19:31,55.431,450,
10:19:33,55.45,300,
10:19:33,55.46,200,
10:19:33,55.47,100,
10:19:33,55.46,100,
10:19:33,55.46,200,
10:19:33,55.46,100,
10:19:35,55.46,100,
10:19:37,55.48,100,
10:19:40,55.47,100,
10:19:41,55.47,100,
10:19:41,55.47,100,
10:19:43,55.49,200,
10:19:43,55.49,400,
10:19:46,55.4795,2000,
10:19:47,55.47,100,
10:19:49,55.47,100,
10:19:49,55.46,400,
10:19:50,55.46,100,
10:19:50,55.47,100,
10:19:51,55.44,100,
10:19:53,55.43,300,
10:19:53,55.43,100,
10:19:53,55.43,100,
10:19:53,55.42,100,
10:19:53,55.42,100,
10:19:53,55.42,400,
10:19:54,55.41,200,
10:19:55,55.40,110,
10:19:55,55.40,100,
10:19:56,55.39,100,
10:19:56,55.37,100,
10:19:56,55.40,200,
10:19:56,55.41,100,
10:19:57,55.40,100,
10:19:58,55.42,100,
10:19:58,55.44,100,
10:19:58,55.44,100,
10:19:59,55.4198,1000,
10:20:00,55.41,100,
10:20:00,55.41,100,
10:20:06,55.41,100,
10:20:08,55.4416,200,
10:20:09,55.46,100,
10:20:09,55.47,1100,
10:20:09,55.47,100,
10:20:10,55.47,100,
10:20:11,55.42,100,
10:20:11,55.42,100,
10:20:11,55.468,200,
10:20:12,55.4399,1000,
10:20:12,55.42,100,
10:20:14,55.46,100,
10:20:14,55.46,100,
10:20:14,55.46,100,
10:20:14,55.46,250,
10:20:14,55.46,175,
10:20:15,55.46,100,
10:20:19,55.45,500,
10:20:21,55.47,100,
10:20:24,55.46,100,
10:20:26,55.47,100,
10:20:27,55.4699,1500,
10:20:32,55.47,100,
10:20:36,55.4599,300,
10:20:36,55.46,100,
10:20:44,55.45,200,
10:20:44,55.46,100,
10:20:44,55.45,100,
10:20:44,55.45,100,
10:20:44,55.45,100,
10:20:44,55.44,100,
10:20:44,55.43,100,
10:20:46,55.43,100,
10:20:47,55.42,100,
10:20:47,55.42,100,
10:20:47,55.42,100,
10:20:47,55.42,100,
10:20:47,55.42,300,
10:20:47,55.43,800,
10:20:47,55.44,100,
10:20:47,55.44,1600,
10:20:48,55.42,200,
10:20:48,55.40,350,
10:20:48,55.40,100,
10:20:48,55.40,200,
10:20:48,55.39,300,
10:20:48,55.39,100,
10:20:48,55.39,100,
10:20:48,55.37,200,
10:20:49,55.38,100,
10:20:49,55.38,300,
10:20:49,55.38,200,
10:20:49,55.38,300,
10:20:49,55.38,200,
10:20:49,55.40,100,
10:20:49,55.40,100,
10:20:49,55.40,100,
10:20:49,55.38,100,
10:20:49,55.36,100,
10:20:49,55.3601,215,
10:20:50,55.38,100,
10:20:50,55.38,300,
10:20:50,55.38,100,
10:20:50,55.38,100,
10:20:50,55.38,200,
10:20:50,55.3702,100,
10:20:51,55.37,100,
10:20:54,55.39,100,
10:20:56,55.39,100,
10:20:58,55.42,200,
10:20:59,55.42,100,
10:21:00,55.42,100,
10:21:00,55.41,100,
10:21:01,55.42,100,
10:21:02,55.40,100,
10:21:03,55.45,100,
10:21:05,55.4301,100,
10:21:05,55.42,600,
10:21:08,55.43,100,
10:21:17,55.478,200,
10:21:17,55.47,200,
10:21:17,55.47,200,
10:21:18,55.48,100,
10:21:20,55.461,400,
10:21:24,55.4799,300,
10:21:25,55.48,100,
10:21:27,55.4573,1000,
10:21:27,55.451,100,
10:21:29,55.45,100,
10:21:31,55.45,100,
10:21:32,55.45,175,
10:21:32,55.44,100,
10:21:33,55.45,1500,
10:21:33,55.46,100,
10:21:33,55.48,100,
10:21:33,55.49,100,
10:21:33,55.48,100,
10:21:33,55.45,200,
10:21:33,55.45,100,
10:21:33,55.47,300,
10:21:33,55.45,100,
10:21:33,55.44,400,
10:21:33,55.44,100,
10:21:34,55.44,100,
10:21:36,55.40,100,
10:21:38,55.44,100,
10:21:40,55.43,100,
10:21:42,55.42,100,
10:21:42,55.42,100,
10:21:42,55.41,100,
10:21:43,55.39,100,
10:21:44,55.37,100,
10:21:44,55.37,100,
10:21:44,55.36,100,
10:21:44,55.37,100,
10:21:47,55.38,150,
10:21:47,55.39,100,
10:21:47,55.362,900,
10:21:48,55.3701,200,
10:21:51,55.40,500,
10:21:51,55.41,300,
10:21:51,55.39,100,
10:21:51,55.39,100,
10:21:51,55.39,100,
10:21:57,55.38,100,
10:21:57,55.38,1000,
10:21:59,55.41,100,
10:22:00,55.40,100,
10:22:00,55.40,100,
10:22:00,55.40,100,
10:22:00,55.41,100,
10:22:00,55.42,100,
10:22:01,55.41,150,
10:22:02,55.40,100,
10:22:02,55.39,200,
10:22:02,55.38,450,
10:22:03,55.3898,300,
10:22:03,55.39,100,
10:22:03,55.39,300,
10:22:04,55.43,100,
10:22:04,55.43,100,
10:22:04,55.41,100,
10:22:04,55.41,300,
10:22:04,55.42,100,
10:22:04,55.41,100,
10:22:08,55.42,100,
10:22:09,55.45,100,
10:22:11,55.43,100,
10:22:13,55.469,100,
10:22:13,55.4499,200,
10:22:14,55.44,100,
10:22:14,55.47,1800,
10:22:16,55.46,100,
10:22:22,55.47,100,
10:22:23,55.47,100,
10:22:24,55.46,100,
10:22:24,55.47,100,
10:22:25,55.48,100,
10:22:25,55.46,100,
10:22:27,55.44,300,
10:22:29,55.47,100,
10:22:31,55.46,100,
10:22:33,55.46,100,
10:22:34,55.43,300,
10:22:34,55.45,100,
10:22:36,55.46,100,
10:22:36,55.43,100,
10:22:38,55.4699,100,
10:22:39,55.48,100,
10:22:39,55.48,100,
10:22:40,55.46,100,
10:22:40,55.46,100,
10:22:43,55.44,600,
10:22:44,55.45,300,
10:22:45,55.43,100,
10:22:45,55.44,100,
10:22:50,55.42,100,
10:22:53,55.41,282,
10:22:56,55.43,100,
10:22:59,55.4332,100,
10:23:15,55.45,100,
10:23:17,55.45,150,
10:23:21,55.439,1000,
10:23:21,55.44,200,
10:23:21,55.44,300,
10:23:21,55.44,300,
10:23:21,55.438,300,
10:23:23,55.47,100,
10:23:32,55.49,100,
10:23:39,55.4498,100,
10:23:42,55.43,200,
10:23:42,55.43,100,
10:23:42,55.4199,100,
10:23:44,55.4483,100,
10:23:50,55.44,600,
10:23:52,55.4399,200,
10:23:59,55.46,860,
10:24:00,55.45,100,
10:24:02,55.461,1000,
10:24:03,55.45,100,
10:24:03,55.447,1000,
10:24:10,55.43,100,
10:24:10,55.43,100,
10:24:10,55.43,100,
10:24:10,55.43,100,
10:24:11,55.44,100,
10:24:11,55.44,100,
10:24:14,55.43,100,
10:24:22,55.4399,180,
10:24:25,55.42,100,
10:24:25,55.41,100,
10:24:25,55.42,100,
10:24:26,55.41,100,
10:24:26,55.40,100,
10:24:26,55.40,100,
10:24:26,55.40,100,
10:24:26,55.39,200,
10:24:26,55.37,300,
10:24:26,55.36,100,
10:24:26,55.362,100,
10:24:26,55.362,180,
10:24:26,55.42,500,
10:24:27,55.36,100,
10:24:28,55.33,100,
10:24:28,55.32,230,
10:24:28,55.312,200,
10:24:28,55.31,500,
10:24:28,55.34,200,
10:24:29,55.35,100,
10:24:29,55.35,100,
10:24:29,55.34,1000,
10:24:30,55.32,105,
10:24:31,55.3211,100,
10:24:31,55.321,100,
10:24:31,55.34,300,
10:24:31,55.35,300,
10:24:31,55.34,100,
10:24:31,55.35,100,
10:24:32,55.36,190,
10:24:32,55.3499,100,
10:24:32,55.36,100,
10:24:32,55.355,190,
10:24:32,55.355,910,
10:24:33,55.33,100,
10:24:34,55.3301,300,
10:24:34,55.339,100,
10:24:35,55.36,100,
10:24:35,55.35,100,
10:24:35,55.35,100,
10:24:35,55.35,100,
10:24:35,55.35,100,
10:24:35,55.35,100,
10:24:35,55.35,100,
10:24:35,55.35,100,
10:24:36,55.34,100,
10:24:36,55.342,150,
10:24:39,55.34,100,
10:24:40,55.32,314,
10:24:41,55.315,155,
10:24:41,55.31,100,
10:24:43,55.31,200,
10:24:45,55.31,100,
10:24:45,55.31,300,
10:24:46,55.3299,200,
10:24:46,55.33,100,
10:24:47,55.33,100,
10:24:47,55.33,100,
10:24:49,55.32,700,
10:24:50,55.32,100,
10:24:50,55.3383,100,
10:24:50,55.34,100,
10:24:52,55.35,130,
10:24:52,55.36,185,
10:24:52,55.36,100,
10:24:52,55.36,100,
10:24:52,55.36,100,
10:24:52,55.36,100,
10:24:54,55.3355,250,
10:24:55,55.33,300,
10:24:56,55.31,100,
10:24:56,55.31,100,
10:24:56,55.31,100,
10:24:57,55.30,100,
10:24:57,55.30,368,
10:24:57,55.30,668,
10:24:57,55.30,269,
10:24:57,55.30,100,
10:24:57,55.30,131,
10:24:57,55.30,611,
10:24:57,55.30,400,
10:24:57,55.2714,500,
10:24:57,55.27,100,
10:24:58,55.31,100,
10:24:58,55.31,100,
10:24:59,55.32,100,
10:24:59,55.33,300,
10:24:59,55.33,300,
10:24:59,55.33,100,
10:25:01,55.3201,700,
10:25:01,55.30,100,
10:25:04,55.31,100,
10:25:04,55.31,300,
10:25:04,55.31,100,
10:25:04,55.31,100,
10:25:04,55.32,100,
10:25:04,55.32,100,
10:25:06,55.31,100,
10:25:06,55.31,100,
10:25:06,55.31,100,
10:25:07,55.31,100,
10:25:07,55.31,200,
10:25:07,55.31,300,
10:25:07,55.31,100,
10:25:08,55.31,100,
10:25:10,55.2996,200,
10:25:10,55.30,200,
10:25:10,55.2997,200,
10:25:10,55.30,100,
10:25:10,55.30,100,
10:25:10,55.2997,100,
10:25:10,55.30,100,
10:25:11,55.29,200,
10:25:11,55.28,100,
10:25:11,55.29,200,
10:25:15,55.29,180,
10:25:16,55.26,200,
10:25:16,55.27,100,
10:25:16,55.25,400,
10:25:16,55.26,200,
10:25:16,55.27,100,
10:25:16,55.24,100,
10:25:16,55.25,300,
10:25:16,55.24,100,
10:25:16,55.23,100,
10:25:16,55.27,300,
10:25:16,55.26,100,
10:25:17,55.27,100,
10:25:17,55.2701,100,
10:25:17,55.2601,143,
10:25:17,55.25,100,
10:25:17,55.23,100,
10:25:17,55.23,100,
10:25:18,55.2316,370,
10:25:20,55.22,100,
10:25:20,55.22,100,
10:25:20,55.23,400,
10:25:21,55.232,100,
10:25:21,55.232,100,
10:25:21,55.25,100,
10:25:21,55.25,100,
10:25:21,55.26,100,
10:25:23,55.27,100,
10:25:23,55.22,600,
10:25:23,55.25,100,
10:25:23,55.27,100,
10:25:24,55.26,100,
10:25:24,55.26,100,
10:25:25,55.25,100,
10:25:26,55.25,100,
10:25:27,55.28,100,
10:25:27,55.28,100,
10:25:27,55.28,100,
10:25:29,55.27,294,
10:25:29,55.28,100,
10:25:29,55.28,100,
10:25:31,55.25,100,
10:25:35,55.23,200,
10:25:44,55.25,100,
10:25:46,55.27,100,
10:25:47,55.27,200,
10:25:47,55.27,100,
10:25:48,55.273,500,
10:25:49,55.28,100,
10:25:49,55.28,300,
10:25:51,55.28,100,
10:25:51,55.29,100,
10:25:51,55.28,100,
10:25:51,55.282,100,
10:25:51,55.28,440,
10:25:54,55.26,100,
10:25:55,55.26,300,
10:25:55,55.29,100,
10:25:55,55.28,100,
10:25:56,55.26,100,
10:25:56,55.26,300,
10:25:56,55.29,100,
10:25:57,55.29,200,
10:25:59,55.29,100,
10:26:00,55.26,100,
10:26:01,55.26,200,
10:26:01,55.26,100,
10:26:02,55.25,300,
10:26:05,55.22,100,
10:26:11,55.2479,250,
10:26:11,55.202,115,
10:26:12,55.221,100,
10:26:13,55.20,100,
10:26:13,55.18,100,
10:26:14,55.18,100,
10:26:14,55.17,300,
10:26:15,55.23,400,
10:26:15,55.17,100,
10:26:16,55.20,100,
10:26:16,55.19,200,
10:26:17,55.21,100,
10:26:19,55.21,100,
10:26:19,55.2099,100,
10:26:19,55.2099,100,
10:26:19,55.181,300,
10:26:19,55.19,100,
10:26:20,55.18,100,
10:26:20,55.18,100,
10:26:20,55.182,100,
10:26:20,55.18,570,
10:26:20,55.19,100,
10:26:21,55.19,100,
10:26:21,55.19,100,
10:26:21,55.19,400,
10:26:21,55.19,1500,
10:26:21,55.1902,100,
10:26:21,55.19,100,
10:26:25,55.17,100,
10:26:27,55.18,100,
10:26:27,55.17,100,
10:26:30,55.19,100,
10:26:30,55.19,1000,
10:26:31,55.21,100,
10:26:32,55.20,100,
10:26:34,55.23,100,
10:26:35,55.23,100,
10:26:35,55.24,100,
10:26:35,55.25,600,
10:26:37,55.29,100,
10:26:37,55.27,100,
10:26:38,55.28,100,
10:26:38,55.28,100,
10:26:39,55.32,100,
10:26:39,55.32,100,
10:26:39,55.33,100,
10:26:43,55.33,100,
10:26:45,55.33,200,
10:26:45,55.33,800,
10:26:45,55.33,100,
10:26:45,55.31,100,
10:26:47,55.31,500,
10:26:47,55.31,100,
10:26:47,55.30,200,
10:26:47,55.30,1000,
10:26:49,55.32,100,
10:26:50,55.31,100,
10:26:50,55.31,100,
10:26:50,55.29,100,
10:26:51,55.31,100,
10:26:52,55.309,500,
10:26:54,55.30,100,
10:26:57,55.36,200,
10:26:57,55.36,300,
10:26:57,55.36,200,
10:26:57,55.36,100,
10:26:57,55.36,100,
10:26:58,55.37,300,
10:26:58,55.37,300,
10:26:58,55.37,100,
10:26:59,55.37,100,
10:26:59,55.37,100,
10:26:59,55.38,100,
10:26:59,55.38,1100,
10:27:00,55.33,100,
10:27:01,55.3299,200,
10:27:01,55.33,100,
10:27:05,55.31,100,
10:27:05,55.307,500,
10:27:05,55.28,300,
10:27:05,55.31,100,
10:27:07,55.34,300,
10:27:07,55.35,200,
10:27:07,55.35,110,
10:27:07,55.35,200,
10:27:07,55.36,100,
10:27:08,55.34,100,
10:27:08,55.35,300,
10:27:08,55.35,100,
10:27:11,55.321,1500,
10:27:18,55.38,100,
10:27:18,55.35,100,
10:27:19,55.36,100,
10:27:21,55.368,135,
10:27:23,55.37,100,
10:27:25,55.378,158,
10:27:26,55.36,100,
10:27:26,55.34,100,
10:27:26,55.31,100,
10:27:27,55.36,300,
10:27:27,55.32,100,
10:27:27,55.34,300,
10:27:27,55.37,100,
10:27:30,55.38,100,
10:27:30,55.37,100,
10:27:31,55.39,100,
10:27:33,55.391,100,
10:27:34,55.39,100,
10:27:35,55.38,100,
10:27:35,55.39,100,
10:27:38,55.39,100,
10:27:39,55.40,100,
10:27:46,55.38,100,
10:27:47,55.37,100,
10:27:50,55.40,100,
10:27:51,55.41,100,
10:27:52,55.41,100,
10:27:53,55.38,100,
10:27:56,55.41,200,
10:27:57,55.415,500,
10:28:00,55.41,575,
10:28:01,55.4001,100,
10:28:01,55.39,800,
10:28:04,55.42,100,
10:28:08,55.428,300,
10:28:11,55.43,100,
10:28:12,55.46,200,
10:28:12,55.422,1000,
10:28:13,55.44,100,
10:28:13,55.4401,100,
10:28:13,55.44,300,
10:28:13,55.44,100,
10:28:14,55.44,100,
10:28:14,55.44,100,
10:28:16,55.43,900,
10:28:17,55.4057,168,
10:28:19,55.39,100,
10:28:20,55.40,100,
10:28:20,55.41,100,
10:28:26,55.42,100,
10:28:30,55.4299,100,
10:28:34,55.39,100,
10:28:34,55.40,100,
10:28:34,55.40,100,
10:28:34,55.40,100,
10:28:34,55.39,100,
10:28:36,55.40,100,
10:28:39,55.37,100,
10:28:41,55.35,100,
10:28:47,55.3602,3765,
10:28:49,55.36,100,
10:28:54,55.36,100,
10:28:54,55.37,204,
10:28:54,55.37,100,
10:28:55,55.3801,400,
10:28:57,55.37,150,
10:29:02,55.40,100,
10:29:07,55.379,400,
10:29:14,55.37,100,
10:29:17,55.347,100,
10:29:21,55.39,100,
10:29:21,55.409,100,
10:29:26,55.40,100,
10:29:30,55.376,300,
10:29:33,55.38,200,
10:29:35,55.3802,100,
10:29:37,55.35,100,
10:29:37,55.34,100,
10:29:37,55.34,100,
10:29:37,55.34,100,
10:29:41,55.37,100,
10:29:46,55.33,100,
10:29:48,55.33,100,
10:29:48,55.33,100,
10:29:48,55.32,100,
10:29:48,55.31,100,
10:29:48,55.31,115,
10:29:48,55.33,115,
10:29:48,55.31,100,
10:29:50,55.31,100,
10:29:52,55.31,400,
10:29:52,55.34,200,
10:29:52,55.35,300,
10:29:52,55.35,300,
10:29:52,55.34,299,
10:29:52,55.34,100,
10:29:52,55.34,100,
10:29:53,55.3201,580,
10:29:53,55.33,100,
10:29:53,55.33,100,
10:29:54,55.31,100,
10:29:58,55.33,100,
10:29:59,55.34,300,
10:30:01,55.33,100,
10:30:03,55.3102,3000,
10:30:03,55.33,100,
10:30:03,55.31,100,
10:30:06,55.309,100,
10:30:07,55.30,200,
10:30:08,55.30,100,
10:30:08,55.3001,100,
10:30:08,55.29,3585,
10:30:09,55.32,100,
10:30:12,55.34,100,
10:30:12,55.33,100,
10:30:16,55.31,300,
10:30:21,55.31,100,
10:30:22,55.32,100,
10:30:23,55.29,100,
10:30:28,55.28,2000,
10:30:28,55.27,100,
10:30:28,55.26,100,
10:30:30,55.25,100,
10:30:31,55.27,100,
10:30:31,55.29,100,
10:30:34,55.28,100,
10:30:36,55.30,100,
10:30:38,55.30,100,
10:30:38,55.30,100,
10:30:40,55.2965,100,
10:30:42,55.30,600,
10:30:44,55.283,500,
10:30:46,55.26,100,
10:30:47,55.27,100,
10:30:48,55.26,100,
10:30:50,55.28,100,
10:30:50,55.28,100,
10:30:50,55.27,100,
10:30:50,55.26,100,
10:30:50,55.26,100,
10:30:50,55.24,400,
10:30:51,55.24,111,
10:30:52,55.25,300,
10:30:52,55.26,100,
10:30:52,55.26,100,
10:30:55,55.263,540,
10:30:56,55.23,100,
10:30:56,55.23,500,
10:30:56,55.2127,500,
10:30:57,55.25,100,
10:30:59,55.26,100,
10:31:02,55.25,100,
10:31:13,55.25,100,
10:31:13,55.25,300,
10:31:13,55.23,300,
10:31:13,55.2234,300,
10:31:13,55.22,200,
10:31:14,55.25,200,
10:31:14,55.25,200,
10:31:15,55.23,100,
10:31:16,55.23,100,
10:31:18,55.23,100,
10:31:18,55.23,500,
10:31:20,55.22,700,
10:31:20,55.20,100,
10:31:23,55.21,300,
10:31:23,55.20,100,
10:31:24,55.23,300,
10:31:24,55.23,100,
10:31:29,55.22,400,
10:31:29,55.22,100,
10:31:30,55.201,300,
10:31:32,55.21,100,
10:31:32,55.22,200,
10:31:33,55.25,100,
10:31:34,55.24,100,
10:31:34,55.25,100,
10:31:36,55.2429,150,
10:31:38,55.22,100,
10:31:38,55.21,100,
10:31:38,55.21,100,
10:31:41,55.19,100,
10:31:42,55.22,100,
10:31:43,55.20,100,
10:31:45,55.19,100,
10:31:48,55.21,300,
10:31:49,55.20,100,
10:31:49,55.21,100,
10:31:49,55.21,100,
10:31:54,55.22,100,
10:31:56,55.20,100,
10:31:56,55.21,100,
10:31:56,55.20,100,
10:31:57,55.21,100,
10:31:57,55.20,100,
10:31:57,55.19,100,
10:31:58,55.19,100,
10:31:59,55.19,100,
10:32:00,55.21,200,
10:32:00,55.21,100,
10:32:00,55.21,100,
10:32:01,55.19,100,
10:32:02,55.18,100,
10:32:06,55.1997,1000,
10:32:07,55.22,100,
10:32:07,55.21,100,
10:32:08,55.20,100,
10:32:10,55.18,1047,
10:32:17,55.21,100,
10:32:20,55.17,300,
10:32:23,55.182,600,
10:32:26,55.20,100,
10:32:29,55.18,100,
10:32:30,55.15,400,
10:32:30,55.14,100,
10:32:30,55.14,100,
10:32:30,55.14,100,
10:32:30,55.13,100,
10:32:30,55.11,600,
10:32:30,55.11,300,
10:32:30,55.122,100,
10:32:30,55.13,270,
10:32:30,55.13,100,
10:32:30,55.1213,1680,
10:32:30,55.12,100,
10:32:31,55.13,100,
10:32:31,55.14,300,
10:32:31,55.15,100,
10:32:31,55.14,100,
10:32:32,55.15,100,
10:32:32,55.15,100,
10:32:32,55.17,100,
10:32:32,55.15,2500,
10:32:33,55.13,100,
10:32:34,55.12,100,
10:32:34,55.12,100,
10:32:35,55.10,300,
10:32:36,55.13,100,
10:32:39,55.11,100,
10:32:45,55.10,100,
10:32:45,55.10,300,
10:32:45,55.10,123,
10:32:45,55.10,100,
10:32:45,55.10,100,
10:32:45,55.10,100,
10:32:45,55.10,100,
10:32:46,55.08,100,
10:32:46,55.08,100,
10:32:47,55.08,100,
10:32:48,55.08,100,
10:32:49,55.10,300,
10:32:49,55.10,100,
10:32:50,55.1095,200,
10:32:52,55.0828,680,
10:32:54,55.10,380,
10:32:55,55.09,150,
10:32:55,55.11,100,
10:32:58,55.12,300,
10:32:58,55.13,100,
10:32:58,55.13,300,
10:32:58,55.11,100,
10:32:59,55.11,100,
10:33:01,55.10,200,
10:33:03,55.09,1800,
10:33:04,55.13,100,
10:33:04,55.13,100,
10:33:06,55.11,100,
10:33:11,55.14,100,
10:33:13,55.15,100,
10:33:13,55.16,100,
10:33:15,55.14,100,
10:33:16,55.15,300,
10:33:16,55.14,100,
10:33:22,55.19,100,
10:33:23,55.1699,100,
10:33:25,55.18,100,
10:33:29,55.19,100,
10:33:29,55.19,100,
10:33:29,55.18,100,
10:33:31,55.18,100,
10:33:33,55.138,1000,
10:33:36,55.16,100,
10:33:37,55.148,1100,
10:33:40,55.14,100,
10:33:44,55.11,100,
10:33:45,55.09,100,
10:33:46,55.12,100,
10:33:47,55.11,100,
10:33:48,55.11,100,
10:33:49,55.10,100,
10:33:49,55.10,100,
10:33:50,55.08,100,
10:33:50,55.07,100,
10:33:50,55.07,100,
10:33:50,55.06,100,
10:33:50,55.06,100,
10:33:50,55.06,100,
10:33:50,55.06,900,
10:33:50,55.06,300,
10:33:50,55.05,100,
10:33:51,55.06,100,
10:33:51,55.06,100,
10:33:52,55.06,100,
10:33:54,55.06,100,
10:33:54,55.05,100,
10:33:55,55.07,300,
10:33:56,55.05,100,
10:33:58,55.10,100,
10:33:59,55.07,100,
10:34:00,55.04,100,
10:34:00,55.04,100,
10:34:00,55.05,125,
10:34:00,55.052,900,
10:34:00,55.03,100,
10:34:00,55.04,100,
10:34:01,55.03,100,
10:34:01,55.03,300,
10:34:03,55.06,500,
10:34:03,55.06,100,
10:34:04,55.0698,300,
10:34:04,55.07,200,
10:34:04,55.04,100,
10:34:04,55.06,100,
10:34:04,55.03,200,
10:34:05,55.03,100,
10:34:05,55.02,100,
10:34:06,55.02,100,
10:34:06,55.02,500,
10:34:06,55,100,
10:34:06,55,100,
10:34:06,55,185,
10:34:06,55.0063,100,
10:34:06,55.0014,500,
10:34:06,55.0014,300,
10:34:06,55,185,
10:34:06,55.01,100,
10:34:06,55,300,
10:34:06,55,150,
10:34:07,55,100,
10:34:07,55,780,
10:34:07,54.99,300,
10:34:07,54.9746,100,
10:34:08,55,200,
10:34:08,54.99,200,
10:34:08,54.99,100,
10:34:08,54.99,100,
10:34:08,54.99,100,
10:34:08,54.99,100,
10:34:09,54.992,100,
10:34:10,55.015,200,
10:34:11,55.013,1000,
10:34:12,55,150,
10:34:13,55.01,100,
10:34:13,55.01,100,
10:34:15,55.0001,305,
10:34:15,54.98,100,
10:34:15,54.993,1900,
10:34:15,54.98,100,
10:34:15,54.98,100,
10:34:16,54.99,100,
10:34:16,54.99,300,
10:34:16,54.99,100,
10:34:16,54.98,100,
10:34:16,54.98,300,
10:34:16,54.97,100,
10:34:16,54.96,100,
10:34:16,54.97,100,
10:34:16,54.95,100,
10:34:16,54.95,100,
10:34:16,54.94,300,
10:34:16,54.94,300,
10:34:16,54.95,100,
10:34:16,54.94,100,
10:34:16,54.94,200,
10:34:16,54.97,200,
10:34:16,54.99,100,
10:34:16,54.95,100,
10:34:16,54.99,100,
10:34:16,54.932,650,
10:34:16,54.96,400,
10:34:16,54.95,100,
10:34:16,54.93,100,
10:34:17,54.93,100,
10:34:17,54.93,800,
10:34:18,54.97,100,
10:34:18,54.97,200,
10:34:18,54.97,100,
10:34:18,54.97,100,
10:34:18,54.97,200,
10:34:18,54.97,100,
10:34:19,54.98,100,
10:34:21,54.95,100,
10:34:23,54.93,100,
10:34:24,54.95,100,
10:34:24,54.95,200,
10:34:25,54.941,100,
10:34:25,54.9401,200,
10:34:25,54.9401,100,
10:34:25,54.94,200,
10:34:25,54.94,100,
10:34:26,54.93,200,
10:34:26,54.95,200,
10:34:26,54.95,200,
10:34:27,54.92,100,
10:34:28,54.92,100,
10:34:29,54.92,100,
10:34:29,54.9117,100,
10:34:29,54.9114,100,
10:34:29,54.92,100,
10:34:29,54.91,200,
10:34:29,54.93,100,
10:34:30,54.93,100,
10:34:30,54.92,100,
10:34:34,54.914,150,
10:34:37,54.91,100,
10:34:37,54.90,100,
10:34:37,54.90,100,
10:34:37,54.89,100,
10:34:37,54.89,100,
10:34:37,54.89,100,
10:34:37,54.89,100,
10:34:37,54.88,100,
10:34:37,54.88,700,
10:34:37,54.88,100,
10:34:37,54.88,100,
10:34:37,54.87,100,
10:34:37,54.86,100,
10:34:37,54.92,100,
10:34:37,54.92,100,
10:34:37,54.85,100,
10:34:37,54.8516,100,
10:34:37,54.86,100,
10:34:37,54.85,100,
10:34:38,54.86,100,
10:34:38,54.86,100,
10:34:38,54.86,100,
10:34:39,54.87,300,
10:34:39,54.88,100,
10:34:39,54.88,100,
10:34:39,54.88,100,
10:34:39,54.87,200,
10:34:39,54.86,100,
10:34:40,54.87,100,
10:34:41,54.8601,198,
10:34:42,54.86,100,
10:34:42,54.85,100,
10:34:42,54.85,100,
10:34:42,54.85,100,
10:34:42,54.84,100,
10:34:42,54.83,300,
10:34:42,54.85,100,
10:34:42,54.85,200,
10:34:42,54.84,100,
10:34:42,54.83,100,
10:34:42,54.83,400,
10:34:42,54.81,100,
10:34:42,54.81,100,
10:34:42,54.81,100,
10:34:42,54.80,100,
10:34:42,54.80,100,
10:34:42,54.80,172,
10:34:42,54.80,100,
10:34:42,54.81,100,
10:34:45,54.83,100,
10:34:46,54.84,500,
10:34:46,54.84,100,
10:34:46,54.84,100,
10:34:47,54.85,100,
10:34:47,54.85,100,
10:34:47,54.86,500,
10:34:47,54.85,170,
10:34:47,54.85,100,
10:34:47,54.85,1000,
10:34:47,54.85,1000,
10:34:47,54.85,100,
10:34:47,54.85,500,
10:34:47,54.85,100,
10:34:47,54.85,100,
10:34:47,54.85,100,
10:34:48,54.85,300,
10:34:50,54.8699,2000,
10:34:50,54.84,100,
10:34:51,54.84,100,
10:34:53,54.861,750,
10:34:54,54.87,200,
10:34:54,54.89,300,
10:34:54,54.89,100,
10:34:54,54.87,300,
10:34:54,54.86,100,
10:34:54,54.89,100,
10:34:54,54.869,500,
10:34:59,54.90,100,
10:35:03,54.902,275,
10:35:05,54.91,100,
10:35:08,54.901,100,
10:35:09,54.91,100,
10:35:11,54.89,100,
10:35:13,54.907,200,
10:35:16,54.89,200,
10:35:16,54.89,100,
10:35:19,54.89,100,
10:35:19,54.89,100,
10:35:23,54.91,100,
10:35:23,54.91,100,
10:35:24,54.9084,100,
10:35:26,54.88,100,
10:35:26,54.87,100,
10:35:28,54.909,300,
10:35:33,54.90,100,
10:35:35,54.89,100,
10:35:36,54.90,500,
10:35:40,54.90,200,
10:35:40,54.88,100,
10:35:42,54.91,100,
10:35:53,54.88,100,
10:35:57,54.88,100,
10:35:59,54.85,400,
10:35:59,54.85,400,
10:35:59,54.86,100,
10:36:03,54.85,200,
10:36:06,54.83,500,
10:36:15,54.83,100,
10:36:15,54.81,300,
10:36:15,54.81,100,
10:36:15,54.81,100,
10:36:15,54.81,100,
10:36:15,54.78,100,
10:36:15,54.78,100,
10:36:15,54.80,800,
10:36:15,54.77,100,
10:36:15,54.77,500,
10:36:16,54.77,300,
10:36:16,54.76,100,
10:36:17,54.78,100,
10:36:18,54.7701,1000,
10:36:18,54.79,100,
10:36:19,54.798,100,
10:36:19,54.81,100,
10:36:19,54.81,100,
10:36:19,54.81,100,
10:36:19,54.81,100,
10:36:19,54.80,300,
10:36:19,54.81,100,
10:36:20,54.82,100,
10:36:22,54.81,900,
10:36:26,54.809,200,
10:36:26,54.809,300,
10:36:27,54.80,100,
10:36:28,54.79,100,
10:36:28,54.80,100,
10:36:28,54.82,200,
10:36:28,54.83,100,
10:36:31,54.83,200,
10:36:31,54.84,100,
10:36:34,54.83,100,
10:36:34,54.82,100,
10:36:34,54.82,300,
10:36:34,54.82,100,
10:36:35,54.81,100,
10:36:35,54.82,100,
10:36:36,54.81,100,
10:36:37,54.8299,100,
10:36:39,54.81,100,
10:36:41,54.8199,1600,
10:36:41,54.81,100,
10:36:43,54.8014,800,
10:36:50,54.8016,300,
10:36:51,54.80,100,
10:36:54,54.78,100,
10:36:58,54.787,300,
10:36:59,54.75,107,
10:36:59,54.742,500,
10:37:00,54.7301,400,
10:37:00,54.72,1062,
10:37:01,54.741,100,
10:37:03,54.74,350,
10:37:03,54.74,450,
10:37:04,54.73,200,
10:37:06,54.7201,200,
10:37:06,54.72,200,
10:37:06,54.74,100,
10:37:06,54.7201,100,
10:37:06,54.71,1300,
10:37:06,54.71,100,
10:37:07,54.71,100,
10:37:08,54.7102,2500,
10:37:08,54.71,300,
10:37:08,54.73,200,
10:37:08,54.73,200,
10:37:08,54.71,100,
10:37:10,54.69,200,
10:37:10,54.6901,300,
10:37:13,54.71,100,
10:37:15,54.7101,485,
10:37:15,54.73,200,
10:37:16,54.76,100,
10:37:17,54.78,100,
10:37:17,54.78,100,
10:37:17,54.80,100,
10:37:17,54.82,300,
10:37:18,54.83,100,
10:37:19,54.81,100,
10:37:19,54.83,100,
10:37:19,54.82,100,
10:37:19,54.82,100,
10:37:19,54.83,100,
10:37:21,54.831,900,
10:37:22,54.839,100,
10:37:24,54.84,100,
10:37:28,54.829,500,
10:37:28,54.84,100,
10:37:29,54.85,100,
10:37:29,54.85,100,
10:37:30,54.86,100,
10:37:30,54.86,100,
10:37:32,54.85,100,
10:37:34,54.87,100,
10:37:37,54.859,100,
10:37:37,54.859,100,
10:37:43,54.87,300,
10:37:43,54.87,300,
10:37:43,54.87,100,
10:37:43,54.87,200,
10:37:43,54.86,300,
10:37:43,54.86,200,
10:37:43,54.86,100,
10:37:43,54.86,100,
10:37:43,54.85,100,
10:37:43,54.87,300,
10:37:43,54.87,200,
10:37:43,54.87,100,
10:37:43,54.87,200,
10:37:43,54.87,300,
10:37:43,54.87,300,
10:37:43,54.87,300,
10:37:43,54.88,300,
10:37:43,54.88,300,
10:37:43,54.849,300,
10:37:44,54.87,100,
10:37:44,54.88,100,
10:37:45,54.89,100,
10:37:45,54.89,100,
10:37:45,54.89,100,
10:37:46,54.90,200,
10:37:46,54.90,100,
10:37:47,54.9099,200,
10:37:48,54.87,300,
10:37:48,54.87,100,
10:37:48,54.87,300,
10:37:48,54.87,900,
10:37:48,54.87,100,
10:37:48,54.87,300,
10:37:48,54.87,100,
10:37:48,54.87,100,
10:37:48,54.87,100,
10:37:48,54.87,100,
10:37:48,54.88,100,
10:37:48,54.89,300,
10:37:48,54.90,100,
10:37:50,54.92,100,
10:37:52,54.93,2500,
10:37:52,54.90,100,
10:37:53,54.91,400,
10:37:54,54.911,250,
10:37:55,54.90,200,
10:37:55,54.90,100,
10:37:55,54.90,100,
10:37:55,54.90,100,
10:37:55,54.90,900,
10:37:56,54.91,300,
10:37:56,54.918,400,
10:38:00,54.92,100,
10:38:02,54.91,100,
10:38:03,54.90,100,
10:38:03,54.90,800,
10:38:03,54.90,100,
10:38:03,54.91,100,
10:38:04,54.91,1050,
10:38:04,54.901,100,
10:38:06,54.9377,150,
10:38:08,54.92,100,
10:38:12,54.94,300,
10:38:14,54.93,100,
10:38:14,54.9417,100,
10:38:14,54.9316,100,
10:38:15,54.94,100,
10:38:16,54.95,100,
10:38:16,54.96,100,
10:38:16,54.96,200,
10:38:16,54.96,300,
10:38:17,54.97,100,
10:38:18,54.98,100,
10:38:18,54.97,100,
10:38:21,55,300,
10:38:21,54.99,100,
10:38:22,54.9801,500,
10:38:23,55,100,
10:38:26,54.97,100,
10:38:26,54.97,100,
10:38:28,54.988,100,
10:38:33,54.95,100,
10:38:35,54.99,100,
10:38:35,55,146,
10:38:35,55.01,300,
10:38:35,55.01,100,
10:38:35,55.02,300,
10:38:35,55.01,300,
10:38:35,55.02,300,
10:38:36,55.02,100,
10:38:37,55.017,250,
10:38:41,54.9975,3000,
10:38:41,55,100,
10:38:47,55.03,100,
10:38:47,55.02,100,
10:38:47,55.01,100,
10:38:47,55.07,100,
10:38:50,55.07,100,
10:38:51,55.058,200,
10:38:52,55.06,100,
10:38:53,55.057,1000,
10:38:54,55.0599,100,
10:38:55,55.07,100,
10:38:57,55.08,100,
10:38:58,55.0871,110,
10:39:01,55.089,100,
10:39:01,55.08,200,
10:39:01,55.08,800,
10:39:02,55.10,200,
10:39:02,55.10,500,
10:39:02,55.10,200,
10:39:02,55.10,300,
10:39:02,55.10,500,
10:39:02,55.08,100,
10:39:02,55.08,100,
10:39:02,55.09,700,
10:39:02,55.09,2500,
10:39:03,55.09,1248,
10:39:04,55.099,400,
10:39:05,55.08,100,
10:39:05,55.09,100,
10:39:06,55.081,300,
10:39:08,55.097,300,
10:39:09,55.10,300,
10:39:09,55.10,900,
10:39:09,55.10,1300,
10:39:09,55.10,100,
10:39:10,55.10,200,
10:39:12,55.101,500,
10:39:13,55.12,300,
10:39:13,55.128,200,
10:39:14,55.10,100,
10:39:14,55.13,100,
10:39:16,55.11,200,
10:39:16,55.14,300,
10:39:16,55.14,100,
10:39:16,55.15,1700,
10:39:17,55.16,100,
10:39:17,55.15,100,
10:39:17,55.15,200,
10:39:17,55.1401,1500,
10:39:18,55.1372,500,
10:39:18,55.14,1000,
10:39:18,55.14,100,
10:39:20,55.14,600,
10:39:22,55.15,100,
10:39:23,55.1401,500,
10:39:26,55.15,100,
10:39:26,55.1501,100,
10:39:26,55.1501,100,
10:39:26,55.15,250,
10:39:26,55.17,100,
10:39:30,55.1699,300,
10:39:31,55.16,300,
10:39:35,55.12,400,
10:39:38,55.133,100,
10:39:39,55.1561,1000,
10:39:44,55.16,100,
10:39:46,55.15,100,
10:39:48,55.1501,100,
10:39:49,55.1416,200,
10:39:52,55.14,100,
10:39:53,55.148,700,
10:39:55,55.18,100,
10:39:57,55.14,100,
10:39:59,55.11,300,
10:40:00,55.0914,200,
10:40:00,55.09,100,
10:40:02,55.083,200,
10:40:04,55.08,100,
10:40:04,55.08,100,
10:40:04,55.08,100,
10:40:04,55.07,100,
10:40:06,55.07,100,
10:40:06,55.07,100,
10:40:07,55.05,100,
10:40:07,55.05,200,
10:40:08,55.06,100,
10:40:10,55.08,100,
10:40:10,55.08,300,
10:40:13,55.07,100,
10:40:14,55.06,100,
10:40:19,55.10,100,
10:40:27,55.066,100,
10:40:29,55.07,100,
10:40:31,55.10,600,
10:40:32,55.09,100,
10:40:37,55.09,100,
10:40:37,55.0901,100,
10:40:37,55.0901,100,
10:40:37,55.08,1500,
10:40:38,55.09,100,
10:40:41,55.10,2200,
10:40:41,55.11,100,
10:40:44,55.10,100,
10:40:44,55.12,200,
10:40:48,55.08,100,
10:40:48,55.0813,1000,
10:40:48,55.08,100,
10:40:51,55.06,100,
10:40:51,55.06,561,
10:40:51,55.07,100,
10:40:51,55.0701,100,
10:40:51,55.0701,100,
10:40:51,55.0701,100,
10:40:51,55.07,100,
10:40:52,55.07,100,
10:40:52,55.07,100,
10:40:52,55.06,100,
10:40:52,55.07,100,
10:40:52,55.07,100,
10:40:52,55.06,100,
10:40:52,55.07,100,
10:40:53,55.07,100,
10:40:53,55.07,100,
10:40:53,55.06,100,
10:40:53,55.07,100,
10:40:53,55.07,100,
10:40:55,55.0216,250,
10:40:57,55.06,300,
10:40:57,55.06,100,
10:40:57,55.09,200,
10:40:57,55.09,450,
10:40:57,55.09,300,
10:40:57,55.08,200,
10:40:57,55.08,300,
10:40:57,55.08,100,
10:40:57,55.07,300,
10:40:57,55.07,300,
10:40:57,55.07,100,
10:40:57,55.09,200,
10:40:57,55.10,1000,
10:40:57,55.10,300,
10:40:57,55.10,300,
10:40:57,55.07,100,
10:40:57,55.07,300,
10:40:57,55.07,100,
10:40:57,55.10,200,
10:40:57,55.10,600,
10:40:57,55.08,300,
10:40:57,55.08,100,
10:40:57,55.08,100,
10:40:59,55.11,100,
10:40:59,55.11,100,
10:41:00,55.12,100,
10:41:02,55.13,100,
10:41:04,55.13,100,
10:41:05,55.11,100,
10:41:10,55.10,129,
10:41:10,55.11,100,
10:41:12,55.10,100,
10:41:17,55.11,100,
10:41:20,55.082,100,
10:41:22,55.11,100,
10:41:31,55.10,700,
10:41:34,55.098,200,
10:41:35,55.08,100,
