09:30:00,43.55,200,
09:30:00,43.57,225,
09:30:00,43.56,100,
09:30:00,43.59,300,
09:30:00,43.58,200,
09:30:02,43.59,200,
09:30:02,43.54,100,
09:30:02,43.60,100,
09:30:03,43.58,100,
09:30:03,43.55,300,
09:30:03,43.55,300,
09:30:03,43.56,300,
09:30:03,43.53,100,
09:30:03,43.57,100,
09:30:04,43.51,200,
09:30:04,43.51,3301,
09:30:04,43.51,100,
09:30:04,43.51,100,
09:30:05,43.59,200,
09:30:06,43.49,200,
09:30:06,43.60,100,
09:30:07,43.48,100,
09:30:07,43.48,200,
09:30:07,43.48,200,
09:30:10,43.50,100,
09:30:11,43.60,100,
09:30:12,43.515,100,
09:30:16,43.46,300,
09:30:16,43.46,300,
09:30:21,43.485,100,
09:30:21,43.488,100,
09:30:24,43.57,100,
09:30:32,43.511,200,
09:30:37,43.485,100,
09:30:37,43.51,100,
09:30:40,43.49,100,
09:30:43,43.4899,100,
09:30:43,43.4899,100,
09:30:43,43.4899,100,
09:30:44,43.51,200,
09:30:45,43.51,100,
09:30:45,43.47,100,
09:30:45,43.48,100,
09:30:45,43.47,400,
09:30:45,43.48,100,
09:30:45,43.475,100,
09:30:46,43.49,100,
09:30:47,43.50,300,
09:30:47,43.51,100,
09:30:47,43.50,900,
09:30:48,43.4795,527,
09:30:48,43.4875,3870,
09:30:48,43.52,200,
09:30:48,43.52,200,
09:30:49,43.511,300,
09:30:49,43.47,400,
09:30:50,43.505,100,
09:30:51,43.49,300,
09:30:51,43.49,100,
09:30:51,43.49,400,
09:30:51,43.52,100,
09:30:52,43.5299,600,
09:30:52,43.5101,700,
09:30:53,43.45,113,
09:30:53,43.49,300,
09:30:54,43.44,100,
09:30:54,43.489,100,
09:30:54,43.485,500,
09:30:54,43.47,100,
09:30:55,43.5096,100,
09:30:55,43.51,100,
09:30:55,43.488,1200,
09:30:56,43.49,100,
09:30:56,43.49,300,
09:30:56,43.4967,500,
09:30:57,43.52,200,
09:30:58,43.53,300,
09:30:58,43.53,100,
09:30:58,43.53,100,
09:30:58,43.53,200,
09:30:58,43.53,100,
09:30:59,43.53,100,
09:30:59,43.53,100,
09:30:59,43.54,300,
09:30:59,43.54,300,
09:30:59,43.54,300,
09:30:59,43.55,300,
09:30:59,43.55,200,
09:30:59,43.55,100,
09:30:59,43.55,200,
09:31:00,43.555,2000,
09:31:01,43.55,100,
09:31:01,43.55,500,
09:31:01,43.55,1740,
09:31:01,43.55,300,
09:31:01,43.55,300,
09:31:01,43.55,300,
09:31:02,43.55,200,
09:31:02,43.55,200,
09:31:02,43.55,100,
09:31:02,43.55,800,
09:31:02,43.55,400,
09:31:03,43.5647,1300,
09:31:04,43.54,100,
09:31:11,43.53,100,
09:31:11,43.53,100,
09:31:12,43.5401,400,
09:31:14,43.5409,290,
09:31:16,43.548,800,
09:31:16,43.57,8100,
09:31:18,43.59,200,
09:31:18,43.59,100,
09:31:18,43.60,100,
09:31:18,43.60,100,
09:31:18,43.60,100,
09:31:19,43.5999,100,
09:31:19,43.61,200,
09:31:19,43.61,100,
09:31:19,43.61,300,
09:31:19,43.61,100,
09:31:19,43.61,100,
09:31:19,43.5999,100,
09:31:19,43.61,300,
09:31:19,43.62,300,
09:31:19,43.62,100,
09:31:19,43.62,300,
09:31:19,43.62,300,
09:31:19,43.62,300,
09:31:20,43.65,100,
09:31:20,43.642,1000,
09:31:20,43.65,100,
09:31:23,43.62,200,
09:31:23,43.62,100,
09:31:25,43.60,300,
09:31:25,43.64,300,
09:31:25,43.64,300,
09:31:25,43.6593,300,
09:31:29,43.68,300,
09:31:29,43.68,300,
09:31:29,43.67,200,
09:31:29,43.6668,100,
09:31:32,43.6499,100,
09:31:32,43.6201,972,
09:31:32,43.6199,400,
09:31:32,43.669,200,
09:31:34,43.67,455,
09:31:34,43.669,300,
09:31:34,43.669,400,
09:31:34,43.67,400,
09:31:34,43.67,300,
09:31:34,43.68,300,
09:31:34,43.67,200,
09:31:34,43.67,100,
09:31:34,43.6901,200,
09:31:35,43.689,150,
09:31:35,43.69,300,
09:31:36,43.70,133,
09:31:36,43.6997,200,
09:31:36,43.6997,100,
09:31:36,43.70,200,
09:31:36,43.70,100,
09:31:36,43.70,100,
09:31:36,43.70,667,
09:31:37,43.7173,1000,
09:31:39,43.6801,500,
09:31:39,43.71,300,
09:31:39,43.7099,300,
09:31:39,43.71,300,
09:31:39,43.71,200,
09:31:39,43.71,300,
09:31:41,43.71,300,
09:31:41,43.71,100,
09:31:44,43.7001,300,
09:31:45,43.70,100,
09:31:45,43.7001,400,
09:31:46,43.7053,500,
09:31:46,43.72,200,
09:31:46,43.71,200,
09:31:46,43.71,400,
09:31:47,43.719,200,
09:31:47,43.719,200,
09:31:50,43.681,200,
09:31:51,43.6699,600,
09:31:52,43.67,300,
09:31:52,43.68,300,
09:31:52,43.66,100,
09:31:52,43.66,200,
09:31:52,43.66,100,
09:31:53,43.679,300,
09:31:53,43.679,700,
09:31:53,43.6752,100,
09:31:53,43.68,100,
09:31:55,43.6693,100,
09:31:57,43.68,200,
09:31:57,43.68,200,
09:31:57,43.69,200,
09:31:57,43.6773,100,
09:31:57,43.6801,500,
09:31:58,43.73,100,
09:32:01,43.73,100,
09:32:01,43.729,200,
09:32:04,43.6791,270,
09:32:04,43.665,2000,
09:32:07,43.7099,1000,
09:32:08,43.699,300,
09:32:09,43.67,100,
09:32:09,43.65,300,
09:32:09,43.65,300,
09:32:11,43.64,300,
09:32:11,43.66,300,
09:32:13,43.65,115,
09:32:13,43.66,200,
09:32:16,43.63,100,
09:32:16,43.64,300,
09:32:16,43.65,100,
09:32:16,43.65,400,
09:32:16,43.65,100,
09:32:16,43.65,100,
09:32:16,43.67,100,
09:32:16,43.67,100,
09:32:19,43.6541,500,
09:32:23,43.68,100,
09:32:23,43.68,200,
09:32:23,43.68,200,
09:32:23,43.66,100,
09:32:25,43.67,200,
09:32:25,43.67,100,
09:32:25,43.67,400,
09:32:25,43.67,100,
09:32:26,43.6825,100,
09:32:26,43.689,200,
09:32:27,43.72,100,
09:32:29,43.69,300,
09:32:29,43.68,100,
09:32:29,43.68,300,
09:32:30,43.6771,100,
09:32:30,43.689,100,
09:32:31,43.668,500,
09:32:32,43.6575,100,
09:32:32,43.651,200,
09:32:32,43.651,100,
09:32:34,43.68,400,
09:32:34,43.68,200,
09:32:36,43.66,100,
09:32:36,43.6728,100,
09:32:36,43.679,200,
09:32:36,43.69,100,
09:32:36,43.68,11700,
09:32:37,43.71,300,
09:32:37,43.71,200,
09:32:37,43.69,100,
09:32:39,43.6701,600,
09:32:40,43.70,200,
09:32:46,43.698,100,
09:32:48,43.70,200,
09:32:48,43.70,300,
09:32:48,43.70,200,
09:32:48,43.71,100,
09:32:48,43.71,100,
09:32:48,43.71,100,
09:32:49,43.7107,125,
09:32:49,43.75,300,
09:32:49,43.72,400,
09:32:49,43.7101,200,
09:32:49,43.71,200,
09:32:50,43.701,300,
09:32:50,43.7063,1000,
09:32:51,43.71,100,
09:32:51,43.71,100,
09:32:52,43.7323,100,
09:32:52,43.731,100,
09:32:56,43.7599,1000,
09:33:00,43.74,100,
09:33:00,43.75,100,
09:33:00,43.76,100,
09:33:01,43.77,200,
09:33:02,43.77,400,
09:33:02,43.7699,100,
09:33:02,43.78,100,
09:33:04,43.77,100,
09:33:07,43.74,100,
09:33:07,43.74,100,
09:33:07,43.7005,500,
09:33:09,43.70,200,
09:33:10,43.74,100,
09:33:11,43.7084,200,
09:33:11,43.70,966,
09:33:11,43.67,300,
09:33:11,43.6899,600,
09:33:13,43.6899,200,
09:33:13,43.6899,200,
09:33:13,43.6899,200,
09:33:16,43.69,500,
09:33:21,43.7107,300,
09:33:23,43.7001,400,
09:33:31,43.7218,400,
09:33:33,43.7399,100,
09:33:33,43.7399,100,
09:33:34,43.71,300,
09:33:34,43.71,100,
09:33:40,43.7299,200,
09:33:40,43.75,200,
09:33:40,43.75,100,
09:33:40,43.75,100,
09:33:40,43.76,600,
09:33:40,43.76,100,
09:33:40,43.75,100,
09:33:40,43.75,200,
09:33:41,43.76,200,
09:33:42,43.76,200,
09:33:42,43.76,800,
09:33:43,43.75,200,
09:33:43,43.75,100,
09:33:46,43.78,226,
09:33:46,43.78,100,
09:33:46,43.7799,226,
09:33:46,43.7799,100,
09:33:46,43.7799,100,
09:33:46,43.7799,100,
09:33:46,43.78,100,
09:33:47,43.75,300,
09:33:47,43.78,100,
09:33:48,43.78,1600,
09:33:49,43.78,300,
09:33:50,43.7801,126,
09:33:51,43.77,400,
09:33:51,43.77,100,
09:33:51,43.77,300,
09:33:51,43.77,400,
09:33:56,43.7891,700,
09:33:57,43.78,300,
09:33:58,43.79,100,
09:33:58,43.79,100,
09:34:00,43.78,200,
09:34:00,43.78,100,
09:34:00,43.78,100,
09:34:00,43.78,170,
09:34:01,43.79,200,
09:34:05,43.77,100,
09:34:06,43.76,100,
09:34:06,43.78,300,
09:34:06,43.76,400,
09:34:07,43.78,200,
09:34:07,43.79,100,
09:34:08,43.78,100,
09:34:08,43.7801,400,
09:34:09,43.789,100,
09:34:09,43.789,500,
09:34:09,43.7899,100,
09:34:09,43.7899,100,
09:34:09,43.79,100,
09:34:09,43.79,100,
09:34:10,43.79,300,
09:34:10,43.7891,600,
09:34:11,43.7801,300,
09:34:11,43.78,100,
09:34:11,43.78,100,
09:34:11,43.78,700,
09:34:11,43.78,800,
09:34:11,43.78,500,
09:34:12,43.78,100,
09:34:12,43.7699,100,
09:34:12,43.77,100,
09:34:12,43.77,100,
09:34:13,43.78,100,
09:34:13,43.78,100,
09:34:14,43.7753,520,
09:34:16,43.7799,100,
09:34:16,43.78,100,
09:34:19,43.7799,100,
09:34:19,43.78,200,
09:34:19,43.7799,100,
09:34:19,43.78,100,
09:34:19,43.78,100,
09:34:22,43.7701,200,
09:34:22,43.77,300,
09:34:22,43.76,100,
09:34:27,43.7868,230,
09:34:27,43.7709,157,
09:34:30,43.781,200,
09:34:31,43.789,375,
09:34:34,43.83,150,
09:34:35,43.83,126,
09:34:37,43.829,800,
09:34:37,43.829,700,
09:34:37,43.8299,100,
09:34:38,43.83,300,
09:34:39,43.81,100,
09:34:40,43.80,100,
09:34:40,43.80,100,
09:34:42,43.81,100,
09:34:46,43.8216,500,
09:34:46,43.828,100,
09:34:49,43.83,163,
09:34:49,43.83,800,
09:34:50,43.8239,100,
09:34:50,43.821,200,
09:34:51,43.84,100,
09:34:55,43.8401,200,
09:34:56,43.85,100,
09:34:58,43.85,100,
09:34:58,43.85,700,
09:34:58,43.85,800,
09:34:58,43.85,300,
09:34:58,43.8759,215,
09:34:58,43.88,215,
09:34:58,43.876,345,
09:35:01,43.88,123,
09:35:01,43.869,300,
09:35:01,43.8605,1500,
09:35:01,43.865,2000,
09:35:03,43.872,500,
09:35:04,43.85,100,
09:35:05,43.8793,150,
09:35:05,43.86,100,
09:35:05,43.86,100,
09:35:05,43.8599,100,
09:35:05,43.8598,100,
09:35:05,43.8599,700,
09:35:08,43.85,800,
09:35:09,43.85,300,
09:35:09,43.85,100,
09:35:11,43.85,300,
09:35:12,43.86,900,
09:35:12,43.86,5163,
09:35:12,43.87,400,
09:35:14,43.89,200,
09:35:15,43.90,100,
09:35:15,43.919,100,
09:35:17,43.88,199,
09:35:17,43.889,100,
09:35:18,43.86,100,
09:35:18,43.86,300,
09:35:18,43.88,300,
09:35:18,43.88,300,
09:35:18,43.90,300,
09:35:18,43.8999,100,
09:35:19,43.90,200,
09:35:20,43.9065,100,
09:35:20,43.92,100,
09:35:20,43.9123,200,
09:35:21,43.905,2000,
09:35:21,43.92,100,
09:35:21,43.92,100,
09:35:22,43.89,400,
09:35:23,43.89,150,
09:35:23,43.8893,100,
09:35:24,43.90,300,
09:35:25,43.89,100,
09:35:25,43.89,300,
09:35:25,43.90,300,
09:35:25,43.89,400,
09:35:25,43.88,2800,
09:35:26,43.8981,100,
09:35:26,43.891,100,
09:35:27,43.901,1000,
09:35:29,43.9016,300,
09:35:29,43.9099,100,
09:35:31,43.93,400,
09:35:31,43.93,400,
09:35:31,43.92,100,
09:35:32,43.9101,500,
09:35:32,43.93,300,
09:35:32,43.92,300,
09:35:32,43.91,363,
09:35:34,43.91,200,
09:35:35,43.92,100,
09:35:35,43.92,100,
09:35:35,43.919,200,
09:35:35,43.92,400,
09:35:35,43.92,400,
09:35:36,43.92,200,
09:35:36,43.9247,500,
09:35:38,43.92,200,
09:35:39,43.9201,1500,
09:35:40,43.95,100,
09:35:41,43.939,500,
09:35:41,43.93,240,
09:35:45,43.9399,100,
09:35:47,43.9593,100,
09:35:47,43.959,2600,
09:35:47,43.959,2800,
09:35:48,43.963,100,
09:35:49,43.949,100,
09:35:49,43.948,400,
09:35:49,43.95,100,
09:35:49,43.948,103,
09:35:51,43.95,200,
09:35:53,43.9327,600,
09:35:54,43.95,100,
09:35:55,43.93,150,
09:35:55,43.911,500,
09:35:55,43.911,500,
09:35:56,43.9025,200,
09:35:56,43.90,1000,
09:35:56,43.89,100,
09:36:00,43.89,100,
09:36:00,43.89,100,
09:36:00,43.89,150,
09:36:00,43.89,100,
09:36:00,43.89,200,
09:36:00,43.88,300,
09:36:00,43.87,150,
09:36:00,43.86,300,
09:36:00,43.86,500,
09:36:00,43.85,150,
09:36:00,43.85,800,
09:36:00,43.85,300,
09:36:00,43.85,300,
09:36:00,43.84,300,
09:36:00,43.84,250,
09:36:00,43.87,500,
09:36:00,43.87,240,
09:36:00,43.85,1500,
09:36:00,43.8609,100,
09:36:00,43.871,200,
09:36:00,43.87,300,
09:36:00,43.879,200,
09:36:00,43.86,200,
09:36:01,43.89,240,
09:36:01,43.8601,750,
09:36:04,43.851,300,
09:36:04,43.851,400,
09:36:05,43.88,300,
09:36:07,43.87,100,
09:36:10,43.8806,1000,
09:36:11,43.90,100,
09:36:11,43.90,100,
09:36:11,43.90,150,
09:36:11,43.90,260,
09:36:14,43.8929,200,
09:36:15,43.90,150,
09:36:15,43.90,400,
09:36:21,43.9099,230,
09:36:25,43.901,100,
09:36:25,43.9001,100,
09:36:25,43.9095,100,
09:36:26,43.91,100,
09:36:26,43.91,800,
09:36:27,43.90,200,
09:36:27,43.90,240,
09:36:27,43.90,300,
09:36:27,43.899,400,
09:36:27,43.899,400,
09:36:28,43.91,100,
09:36:28,43.899,300,
09:36:30,43.9199,1000,
09:36:37,43.90,100,
09:36:37,43.90,100,
09:36:37,43.90,200,
09:36:37,43.90,600,
09:36:37,43.90,100,
09:36:37,43.90,200,
09:36:37,43.90,500,
09:36:43,43.8932,200,
09:36:48,43.9138,100,
09:36:48,43.911,300,
09:36:51,43.9007,100,
09:36:52,43.901,100,
09:36:53,43.901,100,
09:36:55,43.92,300,
09:36:55,43.92,400,
09:36:55,43.911,100,
09:36:57,43.92,150,
09:36:59,43.939,100,
09:37:03,43.9299,100,
09:37:05,43.929,100,
09:37:07,43.93,100,
09:37:07,43.94,100,
09:37:09,43.94,100,
09:37:09,43.93,100,
09:37:10,43.94,100,
09:37:10,43.92,100,
09:37:15,43.94,279,
09:37:15,43.94,150,
09:37:17,43.931,100,
09:37:20,43.9201,100,
09:37:21,43.97,300,
09:37:21,43.97,250,
09:37:21,43.97,150,
09:37:21,43.98,100,
09:37:23,43.99,1000,
09:37:23,43.99,100,
09:37:24,43.96,113,
09:37:24,43.96,800,
09:37:27,43.97,100,
09:37:29,43.9506,600,
09:37:31,43.97,300,
09:37:31,43.97,240,
09:37:31,43.97,300,
09:37:31,43.9699,600,
09:37:32,43.97,300,
09:37:34,43.9509,200,
09:37:34,43.95,150,
09:37:42,43.93,240,
09:37:42,43.92,400,
09:37:42,43.91,240,
09:37:49,43.89,100,
09:37:49,43.89,200,
09:37:50,43.88,150,
09:37:50,43.88,190,
09:37:53,43.90,100,
09:37:53,43.90,800,
09:37:53,43.92,300,
09:37:53,43.9096,100,
09:37:53,43.91,100,
09:37:53,43.91,100,
09:37:53,43.9053,500,
09:38:01,43.91,100,
09:38:02,43.92,310,
09:38:04,43.9007,300,
09:38:07,43.92,150,
09:38:07,43.92,100,
09:38:07,43.90,100,
09:38:08,43.915,2000,
09:38:10,43.91,150,
09:38:12,43.90,100,
09:38:13,43.92,225,
09:38:13,43.9199,200,
09:38:13,43.9199,200,
09:38:13,43.92,200,
09:38:13,43.92,100,
09:38:13,43.90,100,
09:38:13,43.90,200,
09:38:15,43.8999,200,
09:38:15,43.8999,200,
09:38:15,43.8999,200,
09:38:15,43.90,200,
09:38:15,43.90,100,
09:38:16,43.88,200,
09:38:16,43.90,100,
09:38:16,43.90,100,
09:38:17,43.894,100,
09:38:18,43.889,3000,
09:38:19,43.8899,800,
09:38:25,43.86,240,
09:38:25,43.86,400,
09:38:25,43.86,300,
09:38:25,43.86,400,
09:38:25,43.85,200,
09:38:27,43.84,100,
09:38:27,43.84,240,
09:38:27,43.84,400,
09:38:27,43.85,100,
09:38:29,43.82,500,
09:38:29,43.82,100,
09:38:29,43.82,400,
09:38:29,43.81,1000,
09:38:29,43.82,100,
09:38:29,43.80,100,
09:38:30,43.80,240,
09:38:30,43.80,300,
09:38:30,43.79,100,
09:38:30,43.79,300,
09:38:30,43.79,300,
09:38:30,43.7901,200,
09:38:32,43.773,1000,
09:38:32,43.8209,150,
09:38:32,43.82,550,
09:38:33,43.82,200,
09:38:33,43.82,600,
09:38:33,43.82,100,
09:38:33,43.82,100,
09:38:33,43.82,200,
09:38:33,43.82,300,
09:38:33,43.82,100,
09:38:34,43.8299,300,
09:38:34,43.83,100,
09:38:35,43.8101,200,
09:38:40,43.7802,100,
09:38:44,43.79,200,
09:38:44,43.79,200,
09:38:44,43.7901,200,
09:38:44,43.7901,100,
09:38:44,43.79,100,
09:38:44,43.7901,200,
09:38:44,43.7901,200,
09:38:44,43.80,500,
09:38:45,43.7801,1000,
09:38:46,43.82,300,
09:38:46,43.84,100,
09:38:46,43.84,200,
09:38:52,43.82,100,
09:38:52,43.82,300,
09:38:52,43.82,400,
09:38:52,43.80,100,
09:38:53,43.82,200,
09:38:54,43.80,200,
09:38:54,43.8007,100,
09:38:58,43.81,240,
09:38:59,43.8001,200,
09:39:00,43.80,100,
09:39:02,43.79,100,
09:39:02,43.79,240,
09:39:02,43.79,390,
09:39:04,43.80,200,
09:39:05,43.7801,100,
09:39:10,43.78,100,
09:39:10,43.78,500,
09:39:13,43.78,100,
09:39:15,43.80,1200,
09:39:16,43.78,300,
09:39:16,43.7809,800,
09:39:18,43.77,100,
09:39:22,43.7714,100,
09:39:22,43.7713,100,
09:39:22,43.7714,100,
09:39:22,43.7714,100,
09:39:22,43.77,100,
09:39:25,43.76,100,
09:39:25,43.76,240,
09:39:25,43.75,800,
09:39:25,43.75,100,
09:39:25,43.7301,200,
09:39:25,43.731,100,
09:39:25,43.7493,125,
09:39:25,43.75,400,
09:39:25,43.74,200,
09:39:25,43.73,100,
09:39:26,43.73,100,
09:39:26,43.74,100,
09:39:26,43.73,800,
09:39:26,43.73,100,
09:39:26,43.72,240,
09:39:26,43.72,400,
09:39:26,43.74,100,
09:39:26,43.71,300,
09:39:26,43.72,300,
09:39:26,43.71,100,
09:39:26,43.71,300,
09:39:26,43.70,100,
09:39:26,43.71,200,
09:39:26,43.73,300,
09:39:26,43.73,100,
09:39:26,43.71,400,
09:39:26,43.71,100,
09:39:26,43.70,700,
09:39:26,43.718,300,
09:39:26,43.73,112,
09:39:27,43.7101,200,
09:39:27,43.72,240,
09:39:27,43.72,400,
09:39:27,43.71,183,
09:39:27,43.70,117,
09:39:27,43.70,100,
09:39:27,43.69,400,
09:39:27,43.681,200,
09:39:28,43.681,100,
09:39:29,43.73,800,
09:39:29,43.70,200,
09:39:29,43.70,150,
09:39:32,43.6999,200,
09:39:35,43.68,5875,
09:39:39,43.70,200,
09:39:39,43.70,200,
09:39:39,43.68,200,
09:39:39,43.68,200,
09:39:39,43.68,100,
09:39:39,43.68,200,
09:39:39,43.6799,100,
09:39:40,43.69,100,
09:39:41,43.678,870,
09:39:44,43.69,100,
09:39:46,43.70,200,
09:39:47,43.70,200,
09:39:47,43.7002,200,
09:39:47,43.7001,200,
09:39:47,43.7001,100,
09:39:47,43.7002,100,
09:39:47,43.70,200,
09:39:47,43.70,100,
09:39:47,43.70,100,
09:39:48,43.70,300,
09:39:49,43.7001,100,
09:39:51,43.70,150,
09:39:51,43.72,100,
09:39:51,43.72,200,
09:39:51,43.72,200,
09:39:51,43.72,100,
09:39:51,43.72,100,
09:39:51,43.72,200,
09:39:51,43.72,100,
09:39:51,43.72,100,
09:39:51,43.72,100,
09:39:51,43.72,200,
09:39:51,43.73,200,
09:39:51,43.74,300,
09:39:51,43.74,100,
09:39:52,43.74,800,
09:39:52,43.73,100,
09:39:52,43.716,100,
09:39:54,43.71,900,
09:39:54,43.71,1800,
09:39:54,43.7101,522,
09:39:56,43.73,300,
09:39:56,43.73,240,
09:39:58,43.73,11100,
09:39:58,43.73,3400,
09:39:58,43.72,200,
09:39:58,43.72,400,
09:39:59,43.71,300,
09:40:00,43.71,150,
09:40:08,43.6793,140,
09:40:12,43.69,100,
09:40:20,43.66,100,
09:40:25,43.6301,200,
09:40:25,43.63,240,
09:40:25,43.631,1500,
09:40:28,43.63,2700,
09:40:28,43.65,150,
09:40:29,43.66,1700,
09:40:29,43.66,300,
09:40:29,43.66,6100,
09:40:29,43.6601,5000,
09:40:32,43.66,240,
09:40:32,43.66,400,
09:40:32,43.67,100,
09:40:32,43.67,300,
09:40:33,43.67,300,
09:40:33,43.67,150,
09:40:33,43.67,100,
09:40:33,43.66,463,
09:40:33,43.66,240,
09:40:33,43.66,200,
09:40:33,43.651,500,
09:40:33,43.651,300,
09:40:34,43.65,100,
09:40:34,43.671,800,
09:40:35,43.6601,500,
09:40:35,43.671,300,
09:40:37,43.6459,400,
09:40:37,43.6501,300,
09:40:38,43.651,100,
09:40:38,43.67,100,
09:40:45,43.66,150,
09:40:49,43.6698,700,
09:40:49,43.67,100,
09:40:51,43.65,210,
09:40:51,43.65,150,
09:40:52,43.66,200,
09:40:52,43.66,150,
09:40:52,43.65,200,
09:40:53,43.67,100,
09:40:54,43.65,100,
09:40:58,43.66,300,
09:41:01,43.65,1000,
09:41:01,43.6574,103,
09:41:01,43.64,240,
09:41:01,43.64,300,
09:41:01,43.64,400,
09:41:01,43.64,400,
09:41:01,43.64,100,
09:41:03,43.63,100,
09:41:03,43.6574,173,
09:41:03,43.6574,214,
09:41:03,43.63,600,
09:41:04,43.601,300,
09:41:04,43.601,350,
09:41:06,43.59,100,
09:41:08,43.5901,100,
09:41:10,43.5901,100,
09:41:13,43.60,1000,
09:41:13,43.60,1200,
09:41:13,43.60,5200,
09:41:13,43.60,300,
09:41:14,43.59,150,
09:41:14,43.5901,240,
09:41:14,43.58,300,
09:41:14,43.58,400,
09:41:14,43.5878,400,
09:41:15,43.59,150,
09:41:15,43.5801,200,
09:41:17,43.58,240,
09:41:17,43.59,400,
09:41:19,43.5899,100,
09:41:20,43.57,1790,
09:41:21,43.56,100,
09:41:23,43.561,390,
09:41:23,43.561,300,
09:41:26,43.5632,100,
09:41:27,43.561,500,
09:41:29,43.5614,800,
09:41:29,43.571,367,
09:41:29,43.58,240,
09:41:29,43.58,149,
09:41:32,43.58,200,
09:41:32,43.58,400,
09:41:32,43.57,100,
09:41:39,43.56,100,
09:41:39,43.5513,400,
09:41:41,43.55,510,
09:41:41,43.55,400,
09:41:42,43.54,100,
09:41:42,43.55,100,
09:41:42,43.54,125,
09:41:42,43.54,200,
09:41:42,43.54,100,
09:41:42,43.5428,100,
09:41:44,43.5401,100,
09:41:46,43.5405,1000,
09:41:47,43.53,150,
09:41:47,43.51,150,
09:41:47,43.50,100,
09:41:47,43.50,100,
09:41:48,43.5168,300,
09:41:49,43.5001,200,
09:41:50,43.50,200,
09:41:50,43.50,100,
09:41:50,43.51,300,
09:41:50,43.50,100,
09:41:50,43.50,200,
09:41:51,43.52,119,
09:41:51,43.52,221,
09:41:51,43.5201,1000,
09:41:51,43.52,200,
09:41:51,43.52,100,
09:41:52,43.53,300,
09:41:52,43.54,100,
09:41:52,43.54,100,
09:41:52,43.5399,600,
09:41:54,43.50,100,
09:41:54,43.53,1100,
09:41:56,43.539,290,
09:41:56,43.539,100,
09:41:56,43.53,100,
09:41:56,43.54,100,
09:41:56,43.538,100,
09:41:57,43.5393,100,
09:41:57,43.52,150,
09:41:57,43.52,240,
09:41:57,43.5201,240,
09:41:57,43.5201,150,
09:41:58,43.52,200,
09:41:58,43.51,150,
09:41:58,43.50,4595,
09:41:58,43.529,200,
09:41:58,43.529,100,
09:42:00,43.529,100,
09:42:06,43.51,100,
09:42:06,43.50,240,
09:42:06,43.51,240,
09:42:09,43.52,300,
09:42:10,43.50,120,
09:42:11,43.52,300,
09:42:12,43.521,100,
09:42:13,43.5207,200,
09:42:19,43.5199,500,
09:42:22,43.52,100,
09:42:23,43.55,168,
09:42:23,43.54,100,
09:42:25,43.56,173,
09:42:25,43.57,100,
09:42:25,43.58,300,
09:42:25,43.58,240,
09:42:25,43.58,1400,
09:42:29,43.609,200,
09:42:29,43.609,200,
09:42:30,43.60,100,
09:42:30,43.6001,100,
09:42:30,43.60,200,
09:42:30,43.60,100,
09:42:31,43.609,100,
09:42:31,43.6075,2300,
09:42:32,43.60,100,
09:42:35,43.611,100,
09:42:35,43.611,100,
09:42:35,43.622,100,
09:42:35,43.629,357,
09:42:37,43.61,300,
09:42:37,43.61,240,
09:42:37,43.61,100,
09:42:41,43.61,300,
09:42:41,43.61,620,
09:42:42,43.60,100,
09:42:44,43.58,200,
09:42:44,43.57,150,
09:42:44,43.58,100,
09:42:48,43.55,100,
09:42:49,43.52,800,
09:42:49,43.5209,300,
09:42:50,43.5347,500,
09:42:50,43.53,300,
09:42:54,43.5299,600,
09:42:55,43.51,200,
09:42:55,43.51,100,
09:42:55,43.51,100,
09:42:55,43.51,100,
09:42:55,43.51,240,
09:42:57,43.4877,100,
09:42:57,43.499,100,
09:42:57,43.495,2000,
09:42:58,43.4701,400,
09:42:58,43.48,200,
09:42:58,43.48,100,
09:43:02,43.48,7456,
09:43:05,43.48,100,
09:43:07,43.4605,1000,
09:43:16,43.495,760,
09:43:18,43.489,200,
09:43:18,43.489,200,
09:43:20,43.47,100,
09:43:20,43.47,200,
09:43:20,43.47,100,
09:43:21,43.46,210,
09:43:21,43.46,300,
09:43:23,43.48,100,
09:43:23,43.48,130,
09:43:23,43.48,100,
09:43:23,43.48,100,
09:43:24,43.4799,300,
09:43:29,43.4693,114,
09:43:29,43.45,2000,
09:43:32,43.45,500,
09:43:33,43.47,240,
09:43:33,43.47,1000,
09:43:38,43.462,100,
09:43:38,43.462,240,
09:43:39,43.47,300,
09:43:41,43.4692,1100,
09:43:46,43.48,100,
09:43:48,43.471,200,
09:43:50,43.472,100,
09:43:54,43.46,100,
09:43:57,43.46,400,
09:43:58,43.43,100,
09:43:58,43.431,100,
09:43:58,43.431,154,
09:43:58,43.42,600,
09:44:00,43.43,646,
09:44:02,43.42,100,
09:44:02,43.42,200,
09:44:03,43.43,150,
09:44:03,43.43,100,
09:44:04,43.421,700,
09:44:04,43.421,600,
09:44:10,43.38,100,
09:44:12,43.39,100,
09:44:12,43.384,100,
09:44:12,43.37,100,
09:44:13,43.36,240,
09:44:13,43.36,800,
09:44:13,43.36,100,
09:44:13,43.36,700,
09:44:15,43.37,100,
09:44:15,43.36,200,
09:44:16,43.38,400,
09:44:16,43.38,240,
09:44:16,43.38,150,
09:44:16,43.38,175,
09:44:19,43.3701,500,
09:44:19,43.39,900,
09:44:19,43.39,800,
09:44:21,43.37,100,
09:44:22,43.3699,100,
09:44:24,43.36,100,
09:44:26,43.37,6500,
09:44:26,43.36,1500,
09:44:30,43.3599,900,
09:44:36,43.3647,750,
09:44:36,43.37,200,
09:44:36,43.38,100,
09:44:36,43.38,160,
09:44:38,43.37,100,
09:44:39,43.35,100,
09:44:39,43.3503,400,
09:44:41,43.3402,100,
09:44:41,43.341,700,
09:44:41,43.34,100,
09:44:42,43.355,2000,
09:44:43,43.3474,1100,
09:44:44,43.36,100,
09:44:45,43.3334,100,
09:44:46,43.3299,2000,
09:44:50,43.34,100,
09:44:51,43.331,300,
09:44:53,43.35,300,
09:44:53,43.35,300,
09:44:53,43.3499,400,
09:44:54,43.35,200,
09:44:54,43.35,100,
09:44:55,43.3473,1500,
09:44:55,43.35,100,
09:44:55,43.346,100,
09:44:55,43.36,200,
09:44:55,43.36,100,
09:44:56,43.35,240,
09:44:56,43.3426,1200,
09:44:56,43.35,475,
09:44:56,43.35,100,
09:44:57,43.324,3000,
09:45:02,43.3199,200,
09:45:04,43.3099,500,
09:45:05,43.271,1700,
09:45:05,43.271,1700,
09:45:09,43.28,100,
09:45:10,43.261,200,
09:45:11,43.265,3000,
09:45:12,43.26,240,
09:45:14,43.261,100,
09:45:16,43.259,300,
09:45:16,43.259,400,
09:45:16,43.2501,100,
09:45:16,43.25,4800,
09:45:16,43.2302,300,
09:45:20,43.20,100,
09:45:20,43.20,200,
09:45:20,43.20,500,
09:45:20,43.19,240,
09:45:20,43.19,400,
09:45:21,43.19,100,
09:45:21,43.18,4800,
09:45:21,43.20,100,
09:45:22,43.18,100,
09:45:23,43.17,400,
09:45:23,43.17,150,
09:45:23,43.17,400,
09:45:23,43.17,100,
09:45:23,43.16,150,
09:45:23,43.16,800,
09:45:23,43.16,400,
09:45:23,43.18,100,
09:45:24,43.1753,1000,
09:45:25,43.19,100,
09:45:25,43.1899,100,
09:45:26,43.19,100,
09:45:27,43.1868,100,
09:45:27,43.19,100,
09:45:27,43.171,100,
09:45:29,43.19,1100,
09:45:31,43.17,100,
09:45:31,43.17,100,
09:45:33,43.179,700,
09:45:33,43.179,700,
09:45:37,43.169,700,
09:45:37,43.169,500,
09:45:38,43.151,300,
09:45:38,43.151,300,
09:45:40,43.1501,200,
09:45:41,43.1699,100,
09:45:41,43.1699,200,
09:45:41,43.17,100,
09:45:41,43.17,100,
09:45:41,43.14,400,
09:45:41,43.15,100,
09:45:41,43.13,100,
09:45:41,43.13,300,
09:45:41,43.13,100,
09:45:41,43.13,200,
09:45:42,43.11,400,
09:45:42,43.11,100,
09:45:42,43.11,100,
09:45:42,43.1199,300,
09:45:42,43.1199,100,
09:45:42,43.12,150,
09:45:43,43.101,100,
09:45:43,43.12,100,
09:45:43,43.12,150,
09:45:43,43.12,300,
09:45:43,43.1455,100,
09:45:43,43.149,200,
09:45:44,43.13,300,
09:45:46,43.1301,1150,
09:45:47,43.1607,100,
09:45:47,43.16,200,
09:45:47,43.16,800,
09:45:48,43.189,200,
09:45:48,43.19,400,
09:45:49,43.1811,400,
09:45:50,43.1861,350,
09:45:51,43.19,142,
09:45:51,43.19,142,
09:45:53,43.18,300,
09:45:54,43.1829,350,
09:45:57,43.1601,400,
09:45:59,43.19,400,
09:45:59,43.19,400,
09:45:59,43.19,200,
09:45:59,43.19,100,
09:46:00,43.20,500,
09:46:00,43.19,200,
09:46:01,43.18,200,
09:46:03,43.15,100,
09:46:03,43.15,150,
09:46:03,43.15,240,
09:46:03,43.14,200,
09:46:04,43.169,300,
09:46:04,43.169,300,
09:46:06,43.1201,200,
09:46:07,43.139,300,
09:46:07,43.14,100,
09:46:08,43.139,200,
09:46:08,43.139,200,
09:46:09,43.15,100,
09:46:12,43.139,100,
09:46:13,43.14,100,
09:46:13,43.14,240,
09:46:14,43.14,160,
09:46:19,43.15,999,
09:46:20,43.16,150,
09:46:22,43.16,300,
09:46:23,43.13,100,
09:46:23,43.131,400,
09:46:24,43.1399,1000,
09:46:24,43.132,100,
09:46:25,43.16,100,
09:46:25,43.1268,100,
09:46:27,43.121,500,
09:46:27,43.121,400,
09:46:34,43.13,100,
09:46:35,43.13,100,
09:46:39,43.12,100,
09:46:39,43.12,180,
09:46:39,43.12,100,
09:46:40,43.14,600,
09:46:40,43.13,100,
09:46:40,43.12,300,
09:46:42,43.14,240,
09:46:42,43.14,100,
09:46:42,43.13,100,
09:46:45,43.1307,200,
09:46:50,43.1399,500,
09:46:50,43.14,100,
09:46:51,43.1399,500,
09:46:51,43.129,100,
09:46:52,43.12,100,
09:46:55,43.101,100,
09:46:56,43.10,100,
09:46:56,43.101,900,
09:46:57,43.11,100,
09:46:57,43.1016,100,
09:47:02,43.10,400,
09:47:02,43.10,300,
09:47:02,43.10,250,
09:47:02,43.10,300,
09:47:02,43.10,200,
09:47:03,43.0901,200,
09:47:04,43.10,240,
09:47:04,43.10,200,
09:47:04,43.10,100,
09:47:04,43.10,100,
09:47:04,43.10,400,
09:47:05,43.1041,400,
09:47:06,43.091,300,
09:47:06,43.0901,500,
09:47:09,43.10,100,
09:47:09,43.10,100,
09:47:11,43.09,200,
09:47:12,43.09,100,
09:47:12,43.09,200,
09:47:12,43.09,300,
09:47:14,43.09,100,
09:47:15,43.11,100,
09:47:17,43.12,400,
09:47:17,43.106,800,
09:47:21,43.119,100,
09:47:21,43.1081,100,
09:47:21,43.12,100,
09:47:21,43.101,200,
09:47:21,43.1274,1000,
09:47:21,43.116,100,
09:47:22,43.13,200,
09:47:22,43.13,100,
09:47:22,43.129,900,
09:47:22,43.13,200,
09:47:22,43.13,277,
09:47:22,43.13,105,
09:47:22,43.13,223,
09:47:24,43.1301,150,
09:47:25,43.15,800,
09:47:25,43.15,310,
09:47:25,43.15,100,
09:47:25,43.18,100,
09:47:25,43.13,200,
09:47:25,43.14,400,
09:47:25,43.13,100,
09:47:27,43.15,200,
09:47:27,43.15,100,
09:47:27,43.159,200,
09:47:27,43.1511,300,
09:47:29,43.1544,100,
09:47:29,43.159,200,
09:47:39,43.12,100,
09:47:39,43.1299,100,
09:47:39,43.1299,300,
09:47:40,43.1299,100,
09:47:41,43.10,100,
09:47:41,43.11,100,
09:47:44,43.08,200,
09:47:48,43.0701,100,
09:47:50,43.081,200,
09:47:50,43.08,100,
09:47:52,43.07,400,
09:47:57,43.072,200,
09:47:59,43.08,100,
09:48:00,43.07,600,
09:48:00,43.07,238,
09:48:00,43.07,800,
09:48:02,43.06,100,
09:48:02,43.05,700,
09:48:02,43.05,500,
09:48:03,43.06,100,
09:48:04,43.0501,2500,
09:48:04,43.059,100,
09:48:06,43.06,100,
09:48:07,43.0348,250,
09:48:10,43.069,100,
09:48:14,43.02,100,
09:48:15,43.0013,100,
09:48:15,43.001,1400,
09:48:15,43.02,100,
09:48:18,43,100,
09:48:18,43.02,100,
09:48:18,43,350,
09:48:19,43,100,
09:48:19,43,100,
09:48:21,43.0099,1000,
09:48:23,43,700,
09:48:23,42.9553,1000,
09:48:25,42.9536,100,
09:48:25,42.951,200,
09:48:26,42.989,100,
09:48:27,42.9501,100,
09:48:30,42.9345,400,
09:48:30,42.93,300,
09:48:31,42.92,800,
09:48:31,42.9262,4000,
09:48:31,42.92,922,
09:48:31,42.9253,500,
09:48:31,42.938,100,
09:48:31,42.911,400,
09:48:32,42.9499,2000,
09:48:33,42.911,300,
09:48:33,42.911,300,
09:48:33,42.925,500,
09:48:35,42.911,100,
09:48:35,42.95,100,
09:48:36,42.92,100,
09:48:36,42.94,100,
09:48:36,42.92,100,
09:48:40,42.9289,200,
09:48:41,42.94,100,
09:48:42,42.95,200,
09:48:42,42.95,100,
09:48:44,42.95,100,
09:48:44,42.9501,100,
09:48:44,42.9501,400,
09:48:44,42.95,300,
09:48:44,42.9501,637,
09:48:44,42.95,100,
09:48:44,42.9501,100,
09:48:44,42.95,100,
09:48:44,42.94,200,
09:48:44,42.95,200,
09:48:44,42.94,100,
09:48:44,42.94,200,
09:48:44,42.94,100,
09:48:44,42.94,100,
09:48:48,42.9101,100,
09:48:49,42.9101,100,
09:48:49,42.93,100,
09:48:49,42.93,100,
09:48:49,42.9299,400,
09:48:50,42.91,257,
09:48:50,42.90,100,
09:48:50,42.90,100,
09:48:50,42.90,100,
09:48:52,42.92,100,
09:48:54,42.939,1100,
09:48:54,42.939,2300,
09:48:58,42.935,300,
09:49:00,42.94,100,
09:49:00,42.9387,1000,
09:49:02,42.95,300,
09:49:02,42.95,300,
09:49:02,42.95,100,
09:49:03,42.95,100,
09:49:03,42.95,100,
09:49:03,42.94,100,
09:49:07,42.9599,1000,
09:49:09,43,200,
09:49:09,43,200,
09:49:09,42.9901,200,
09:49:09,42.97,100,
09:49:11,43,100,
09:49:13,42.98,400,
09:49:15,42.9799,2000,
09:49:15,42.95,600,
09:49:15,42.9799,200,
09:49:19,42.97,170,
09:49:20,42.96,100,
09:49:20,42.96,200,
09:49:20,42.96,100,
09:49:20,42.95,200,
09:49:20,42.95,100,
09:49:22,42.9509,2000,
09:49:22,42.97,100,
09:49:24,42.97,400,
09:49:25,42.9699,700,
09:49:25,42.9699,700,
09:49:25,42.9699,700,
09:49:27,42.98,110,
09:49:29,42.98,100,
09:49:30,42.9683,4600,
09:49:30,42.98,500,
09:49:30,42.97,400,
09:49:35,42.9998,200,
09:49:35,43,200,
09:49:36,42.9999,300,
09:49:36,42.9999,150,
09:49:36,43,100,
09:49:37,43.0099,523,
09:49:37,43.01,300,
09:49:37,43.01,300,
09:49:37,43.019,100,
09:49:38,42.9901,1000,
09:49:39,43.019,100,
09:49:40,43.0195,1000,
09:49:41,43.0299,100,
09:49:46,43.039,2300,
09:49:46,43.039,2300,
09:49:47,43.019,300,
09:49:47,43.019,400,
09:49:48,43.019,200,
09:49:48,43.019,300,
09:49:48,43,188,
09:49:48,43.0099,200,
09:49:49,43.01,100,
09:49:49,43.01,300,
09:49:49,43.01,300,
09:49:49,43.02,100,
09:49:49,43.02,300,
09:49:50,43.01,205,
09:49:55,43.01,100,
09:49:58,43.0074,500,
09:50:01,43.0053,300,
09:50:05,42.99,100,
09:50:07,42.9901,100,
09:50:08,43,400,
09:50:08,43.01,100,
09:50:08,43.0099,200,
09:50:08,43.0099,200,
09:50:08,43.01,200,
09:50:08,43.0099,100,
09:50:08,43.01,100,
09:50:10,43.006,100,
09:50:11,43,400,
09:50:12,43,300,
09:50:12,42.99,500,
09:50:13,42.999,300,
09:50:13,42.999,400,
09:50:13,42.9999,100,
09:50:18,43.0013,125,
09:50:22,43.01,500,
09:50:22,43.0085,100,
09:50:28,43.01,300,
09:50:28,43.01,300,
09:50:29,43.0099,100,
09:50:29,43.01,100,
09:50:29,43.01,100,
09:50:31,43.02,100,
09:50:31,43.02,200,
09:50:31,43.02,100,
09:50:31,43.02,150,
09:50:31,43.03,100,
09:50:31,43.03,500,
09:50:32,43.02,100,
09:50:34,43.02,100,
09:50:34,43.02,100,
09:50:36,43.04,100,
09:50:36,43.04,188,
09:50:36,43.04,300,
09:50:36,43.03,800,
09:50:36,43.04,400,
09:50:36,43.03,200,
09:50:36,43.04,300,
09:50:36,43.04,300,
09:50:37,43.04,100,
09:50:37,43.02,100,
09:50:37,43.02,300,
09:50:39,43.015,100,
09:50:39,43.02,100,
09:50:39,43.019,200,
09:50:39,43.019,200,
09:50:44,43.02,150,
09:50:44,43.02,400,
09:50:46,43,200,
09:50:46,43,100,
09:50:46,43,200,
09:50:48,43,100,
09:50:48,43,100,
09:50:48,43,300,
09:50:48,43,600,
09:50:48,43,400,
09:50:50,42.9918,100,
09:50:50,42.99,100,
09:50:50,42.9913,170,
09:50:50,42.99,100,
09:50:50,42.99,170,
09:50:50,42.99,200,
09:50:50,43,197,
09:50:50,42.99,900,
09:50:52,43.009,400,
09:50:52,43.009,300,
09:50:59,43.02,100,
09:51:01,42.99,1100,
09:51:02,42.9801,600,
09:51:07,42.9998,1000,
09:51:09,42.9801,100,
09:51:12,43.01,100,
09:51:15,43.02,100,
09:51:15,43.0143,138,
09:51:15,43.02,138,
09:51:15,43.02,100,
09:51:16,43,100,
09:51:17,43,200,
09:51:19,42.99,260,
09:51:19,42.99,100,
09:51:19,42.9873,200,
09:51:19,42.9873,300,
09:51:19,42.9873,100,
09:51:19,42.9873,100,
09:51:19,42.99,100,
09:51:19,42.99,100,
09:51:21,42.98,100,
09:51:22,42.988,401,
09:51:22,42.98,100,
09:51:22,42.99,300,
09:51:22,42.99,500,
09:51:22,42.99,100,
09:51:25,42.9701,600,
09:51:26,42.97,100,
09:51:26,42.97,100,
09:51:28,42.95,300,
09:51:29,42.95,300,
09:51:29,42.95,300,
09:51:30,42.95,100,
09:51:34,42.94,100,
09:51:35,42.94,100,
09:51:35,42.9385,100,
09:51:35,42.94,100,
09:51:35,42.95,100,
09:51:43,42.932,300,
09:51:50,42.95,100,
09:51:50,42.95,100,
09:51:51,42.92,100,
09:51:51,42.92,100,
09:51:51,42.92,100,
09:51:51,42.91,200,
09:51:51,42.9102,100,
09:51:52,42.914,300,
09:51:53,42.93,100,
09:51:55,42.929,300,
09:51:55,42.929,400,
09:51:56,42.95,100,
09:51:59,42.9101,200,
09:52:05,42.93,100,
09:52:06,42.924,1000,
09:52:07,42.93,100,
09:52:12,42.92,200,
09:52:12,42.90,500,
09:52:15,42.90,100,
09:52:15,42.90,100,
09:52:15,42.90,100,
09:52:16,42.90,200,
09:52:16,42.90,100,
09:52:17,42.8947,500,
09:52:17,42.90,100,
09:52:18,42.8914,100,
09:52:19,42.88,300,
09:52:20,42.8832,100,
09:52:20,42.8832,100,
09:52:20,42.88,100,
09:52:23,42.8801,200,
09:52:24,42.871,100,
09:52:25,42.87,400,
09:52:25,42.87,258,
09:52:26,42.85,3100,
09:52:27,42.8502,300,
09:52:27,42.85,100,
09:52:27,42.85,400,
09:52:27,42.87,300,
09:52:27,42.87,400,
09:52:27,42.87,300,
09:52:28,42.8727,200,
09:52:28,42.87,100,
09:52:28,42.8727,100,
09:52:28,42.8727,100,
09:52:28,42.8627,200,
09:52:32,42.85,100,
09:52:32,42.8501,100,
09:52:32,42.8501,100,
09:52:32,42.8501,100,
09:52:36,42.8601,100,
09:52:41,42.8785,140,
09:52:43,42.851,100,
09:52:46,42.8501,100,
09:52:49,42.8432,100,
09:52:49,42.8432,100,
09:52:49,42.8432,100,
09:52:49,42.84,100,
09:52:50,42.84,100,
09:52:52,42.84,100,
09:52:54,42.82,300,
09:52:54,42.82,100,
09:52:54,42.81,100,
09:52:54,42.80,400,
09:52:54,42.80,100,
09:52:54,42.80,240,
09:52:54,42.80,2000,
09:52:54,42.79,100,
09:52:54,42.80,1200,
09:52:54,42.80,600,
09:52:54,42.81,100,
09:52:54,42.79,300,
09:52:54,42.79,400,
09:52:54,42.79,100,
09:52:54,42.79,100,
09:52:57,42.7999,100,
09:52:57,42.78,170,
09:52:57,42.77,100,
09:52:59,42.7701,100,
09:53:00,42.7726,500,
09:53:00,42.77,200,
09:53:00,42.79,100,
09:53:00,42.751,100,
09:53:00,42.78,100,
09:53:01,42.78,400,
09:53:01,42.78,300,
09:53:03,42.80,300,
09:53:03,42.80,300,
09:53:03,42.80,300,
09:53:03,42.79,400,
09:53:03,42.78,240,
09:53:03,42.79,100,
09:53:03,42.78,300,
09:53:03,42.77,150,
09:53:05,42.7501,900,
09:53:09,42.7504,150,
09:53:10,42.7424,500,
09:53:14,42.73,100,
09:53:14,42.73,100,
09:53:14,42.73,100,
09:53:15,42.713,300,
09:53:15,42.729,100,
09:53:15,42.729,1500,
09:53:24,42.7101,950,
09:53:24,42.74,300,
09:53:26,42.74,100,
09:53:26,42.74,100,
09:53:28,42.73,100,
09:53:28,42.73,400,
09:53:28,42.71,100,
09:53:28,42.71,100,
09:53:28,42.71,300,
09:53:28,42.71,300,
09:53:28,42.70,200,
09:53:28,42.70,200,
09:53:28,42.70,100,
09:53:29,42.71,400,
09:53:29,42.71,300,
09:53:29,42.71,240,
09:53:29,42.71,100,
09:53:29,42.72,100,
09:53:29,42.72,100,
09:53:29,42.72,240,
09:53:29,42.71,150,
09:53:29,42.71,300,
09:53:30,42.71,240,
09:53:30,42.6953,500,
09:53:32,42.7089,100,
09:53:32,42.709,200,
09:53:32,42.70,100,
09:53:32,42.70,100,
09:53:33,42.7001,200,
09:53:33,42.70,100,
09:53:33,42.70,200,
09:53:33,42.7001,100,
09:53:33,42.70,100,
09:53:33,42.701,700,
09:53:33,42.71,120,
09:53:34,42.72,100,
09:53:34,42.72,100,
09:53:35,42.7224,100,
09:53:35,42.721,400,
09:53:36,42.7277,500,
09:53:38,42.73,1000,
09:53:41,42.76,200,
09:53:41,42.76,240,
09:53:41,42.76,200,
09:53:41,42.7599,200,
09:53:41,42.7599,150,
09:53:41,42.76,3110,
09:53:42,42.75,1000,
09:53:42,42.73,100,
09:53:44,42.7345,400,
09:53:45,42.73,400,
09:53:45,42.747,305,
09:53:46,42.76,400,
09:53:46,42.76,100,
09:53:46,42.76,100,
09:53:46,42.76,100,
09:53:56,42.7799,200,
09:54:02,42.79,100,
09:54:02,42.79,100,
09:54:05,42.80,300,
09:54:05,42.80,100,
09:54:06,42.83,100,
09:54:06,42.8298,400,
09:54:07,42.8153,1000,
09:54:08,42.86,100,
09:54:09,42.8499,3270,
09:54:09,42.83,160,
09:54:09,42.83,200,
09:54:09,42.818,100,
09:54:09,42.818,150,
09:54:09,42.818,400,
09:54:09,42.818,100,
09:54:10,42.858,1000,
09:54:10,42.83,400,
09:54:11,42.8486,100,
09:54:11,42.85,200,
09:54:11,42.85,100,
09:54:11,42.84,240,
09:54:11,42.84,250,
09:54:14,42.82,200,
09:54:16,42.844,500,
09:54:17,42.82,100,
09:54:17,42.8171,100,
09:54:17,42.8173,100,
09:54:17,42.8173,100,
09:54:17,42.82,300,
09:54:17,42.82,200,
09:54:17,42.82,100,
09:54:17,42.817,100,
09:54:18,42.81,200,
09:54:18,42.836,600,
09:54:19,42.81,100,
09:54:21,42.82,200,
09:54:21,42.82,200,
09:54:21,42.82,400,
09:54:22,42.82,100,
09:54:22,42.82,200,
09:54:24,42.83,200,
09:54:30,42.83,200,
09:54:30,42.83,800,
09:54:31,42.86,1500,
09:54:33,42.849,700,
09:54:35,42.85,360,
09:54:35,42.85,400,
09:54:35,42.85,500,
09:54:35,42.86,100,
09:54:37,42.85,100,
09:54:38,42.8393,300,
09:54:38,42.84,400,
09:54:38,42.8399,200,
09:54:38,42.8399,240,
09:54:38,42.84,800,
09:54:38,42.8399,400,
09:54:38,42.8399,800,
09:54:41,42.85,150,
09:54:41,42.85,400,
09:54:41,42.87,200,
09:54:44,42.88,300,
09:54:45,42.87,240,
09:54:45,42.869,2300,
09:54:48,42.8847,1500,
09:54:51,42.88,200,
09:54:52,42.889,100,
09:54:52,42.889,200,
09:54:52,42.889,550,
09:54:52,42.89,100,
09:54:52,42.89,200,
09:54:54,42.92,100,
09:54:55,42.89,300,
09:54:55,42.89,100,
09:54:55,42.89,100,
09:54:55,42.88,600,
09:54:56,42.8815,180,
09:54:56,42.89,240,
09:54:59,42.87,400,
09:55:00,42.86,150,
09:55:00,42.84,300,
09:55:00,42.84,150,
09:55:00,42.83,100,
09:55:00,42.83,100,
09:55:00,42.82,100,
09:55:00,42.87,1000,
09:55:00,42.80,400,
09:55:00,42.80,100,
09:55:00,42.80,100,
09:55:00,42.81,100,
09:55:01,42.782,1450,
09:55:04,42.81,150,
09:55:04,42.819,100,
09:55:04,42.806,1000,
09:55:06,42.76,150,
09:55:06,42.76,150,
09:55:06,42.77,240,
09:55:06,42.77,150,
09:55:06,42.7625,100,
09:55:06,42.76,388,
09:55:06,42.76,100,
09:55:10,42.80,100,
09:55:10,42.80,200,
09:55:10,42.7899,100,
09:55:13,42.78,400,
09:55:13,42.77,100,
09:55:13,42.77,100,
09:55:13,42.77,350,
09:55:13,42.76,100,
09:55:13,42.76,100,
09:55:13,42.75,3944,
09:55:16,42.7507,200,
09:55:20,42.771,500,
09:55:22,42.80,100,
09:55:23,42.8161,1246,
09:55:23,42.814,100,
09:55:25,42.82,300,
09:55:25,42.82,100,
09:55:28,42.808,500,
09:55:36,42.86,500,
09:55:36,42.86,500,
09:55:36,42.86,400,
09:55:36,42.86,100,
09:55:36,42.87,100,
09:55:36,42.86,100,
09:55:36,42.86,100,
09:55:36,42.86,100,
09:55:36,42.87,1700,
09:55:36,42.85,600,
09:55:38,42.82,150,
09:55:40,42.82,260,
09:55:47,42.81,100,
09:55:47,42.81,200,
09:55:50,42.81,100,
09:55:52,42.79,160,
09:55:58,42.78,200,
09:56:00,42.78,200,
09:56:01,42.77,100,
09:56:01,42.77,300,
09:56:01,42.77,150,
09:56:01,42.77,100,
09:56:02,42.769,600,
09:56:03,42.77,200,
09:56:03,42.77,150,
09:56:03,42.77,100,
09:56:04,42.7798,100,
09:56:04,42.779,200,
09:56:05,42.77,900,
09:56:05,42.77,1200,
09:56:05,42.77,1100,
09:56:05,42.77,100,
09:56:05,42.77,100,
09:56:05,42.77,1200,
09:56:05,42.77,700,
09:56:05,42.77,400,
09:56:05,42.77,100,
09:56:05,42.77,100,
09:56:05,42.77,100,
09:56:05,42.77,300,
09:56:05,42.77,100,
09:56:05,42.77,100,
09:56:05,42.77,100,
09:56:05,42.77,100,
09:56:05,42.77,100,
09:56:05,42.77,100,
09:56:05,42.77,100,
09:56:05,42.77,5855,
09:56:05,42.77,200,
09:56:07,42.758,100,
09:56:10,42.739,580,
09:56:11,42.701,800,
09:56:11,42.70,100,
09:56:13,42.7001,1800,
09:56:13,42.70,6900,
09:56:13,42.70,200,
09:56:13,42.70,600,
09:56:14,42.701,1400,
09:56:14,42.68,240,
09:56:14,42.68,300,
09:56:14,42.6901,100,
09:56:14,42.68,100,
09:56:15,42.71,240,
09:56:15,42.71,400,
09:56:15,42.71,100,
09:56:16,42.68,300,
09:56:16,42.6901,4000,
09:56:17,42.6927,100,
09:56:17,42.69,300,
09:56:17,42.6927,100,
09:56:19,42.69,100,
09:56:19,42.70,300,
09:56:20,42.6907,200,
09:56:22,42.69,300,
09:56:24,42.72,200,
09:56:24,42.72,200,
09:56:24,42.70,200,
09:56:24,42.70,200,
09:56:24,42.7045,100,
09:56:25,42.70,100,
09:56:25,42.70,100,
09:56:26,42.70,200,
09:56:27,42.70,100,
09:56:31,42.676,1000,
09:56:33,42.6732,130,
09:56:33,42.67,100,
09:56:34,42.69,400,
09:56:34,42.69,100,
09:56:34,42.69,100,
09:56:35,42.681,100,
09:56:36,42.68,100,
09:56:37,42.684,300,
09:56:39,42.6899,400,
09:56:39,42.6899,200,
09:56:40,42.69,100,
09:56:42,42.66,200,
09:56:42,42.6715,100,
09:56:43,42.668,100,
09:56:43,42.661,100,
09:56:46,42.66,100,
09:56:46,42.66,100,
09:56:46,42.67,100,
09:56:46,42.65,100,
09:56:47,42.65,300,
09:56:48,42.651,300,
09:56:48,42.651,100,
09:56:48,42.651,2000,
09:56:52,42.6568,200,
09:56:53,42.64,500,
09:56:54,42.63,500,
09:56:55,42.63,400,
09:56:56,42.65,100,
09:56:56,42.65,100,
09:56:57,42.63,100,
09:56:58,42.62,500,
09:57:01,42.6007,100,
09:57:02,42.6001,500,
09:57:02,42.5905,100,
09:57:03,42.59,1000,
09:57:04,42.609,950,
09:57:05,42.60,100,
09:57:05,42.5707,300,
09:57:06,42.62,300,
09:57:06,42.6089,150,
09:57:07,42.606,1000,
09:57:14,42.62,500,
09:57:14,42.65,100,
09:57:15,42.66,300,
09:57:15,42.66,200,
09:57:15,42.66,100,
09:57:15,42.67,200,
09:57:15,42.68,300,
09:57:18,42.71,100,
09:57:18,42.71,300,
09:57:19,42.73,100,
09:57:19,42.73,100,
09:57:19,42.72,240,
09:57:21,42.75,200,
09:57:21,42.75,200,
09:57:21,42.7497,200,
09:57:21,42.73,200,
09:57:21,42.72,100,
09:57:22,42.75,100,
09:57:23,42.72,100,
09:57:23,42.7347,1000,
09:57:24,42.72,240,
09:57:25,42.72,200,
09:57:25,42.72,100,
09:57:25,42.72,400,
09:57:25,42.72,240,
09:57:25,42.72,200,
09:57:25,42.72,1700,
09:57:26,42.7293,300,
09:57:28,42.7199,200,
09:57:30,42.7199,100,
09:57:30,42.73,726,
09:57:33,42.71,100,
09:57:33,42.708,100,
09:57:33,42.71,100,
09:57:33,42.708,100,
09:57:34,42.736,1000,
09:57:34,42.71,200,
09:57:34,42.71,100,
09:57:34,42.71,200,
09:57:37,42.75,200,
09:57:37,42.75,100,
09:57:38,42.76,112,
09:57:38,42.75,200,
09:57:40,42.72,100,
09:57:41,42.75,300,
09:57:41,42.75,300,
09:57:41,42.75,300,
09:57:41,42.75,100,
09:57:41,42.7499,300,
09:57:41,42.7499,500,
09:57:41,42.7499,300,
09:57:41,42.7499,300,
09:57:41,42.7499,300,
09:57:41,42.7499,100,
09:57:41,42.7499,100,
09:57:41,42.7499,100,
09:57:41,42.7499,100,
09:57:42,42.73,240,
09:57:42,42.75,100,
09:57:42,42.75,500,
09:57:42,42.75,400,
09:57:50,42.7074,128,
09:57:51,42.7001,700,
09:57:56,42.726,800,
09:57:58,42.7611,200,
09:58:01,42.77,100,
09:58:01,42.77,200,
09:58:02,42.79,100,
09:58:02,42.79,100,
09:58:02,42.79,300,
09:58:02,42.78,100,
09:58:02,42.7801,100,
09:58:04,42.7799,100,
09:58:05,42.7911,200,
09:58:06,42.81,200,
09:58:08,42.7804,100,
09:58:10,42.7999,300,
09:58:18,42.79,200,
09:58:19,42.80,137,
09:58:20,42.799,2000,
09:58:20,42.79,400,
09:58:20,42.79,100,
09:58:21,42.76,100,
09:58:22,42.76,1090,
09:58:28,42.78,200,
09:58:28,42.78,100,
09:58:28,42.78,200,
09:58:28,42.78,100,
09:58:28,42.80,300,
09:58:28,42.78,200,
09:58:28,42.82,100,
09:58:28,42.78,100,
09:58:28,42.79,100,
09:58:28,42.82,100,
09:58:28,42.82,100,
09:58:28,42.82,100,
09:58:28,42.82,100,
09:58:28,42.82,100,
09:58:29,42.7909,100,
09:58:29,42.79,100,
09:58:30,42.8001,200,
09:58:30,42.8001,200,
09:58:30,42.78,100,
09:58:30,42.78,100,
09:58:41,42.788,900,
09:58:43,42.8227,1000,
09:58:45,42.8393,100,
09:58:48,42.8211,250,
09:58:53,42.82,200,
09:58:54,42.83,4900,
09:58:58,42.85,300,
09:59:05,42.842,100,
09:59:06,42.84,100,
09:59:08,42.81,100,
09:59:08,42.80,100,
09:59:11,42.81,100,
09:59:11,42.8099,500,
09:59:12,42.84,100,
09:59:25,42.82,100,
09:59:25,42.814,100,
09:59:27,42.812,300,
09:59:30,42.8599,200,
09:59:31,42.8493,500,
09:59:32,42.828,100,
09:59:33,42.858,382,
09:59:36,42.86,300,
09:59:37,42.876,500,
09:59:38,42.88,2100,
09:59:38,42.88,1100,
09:59:38,42.88,800,
09:59:38,42.88,100,
09:59:38,42.88,7500,
09:59:38,42.89,100,
09:59:40,42.861,300,
09:59:40,42.861,400,
09:59:41,42.88,200,
09:59:42,42.8667,500,
09:59:44,42.908,1000,
09:59:45,42.87,100,
09:59:48,42.89,100,
09:59:48,42.89,100,
09:59:48,42.89,100,
09:59:48,42.89,400,
09:59:48,42.90,200,
09:59:50,42.88,100,
09:59:53,42.90,100,
09:59:55,42.84,100,
09:59:58,42.89,100,
09:59:58,42.81,100,
10:00:06,42.76,100,
10:00:06,42.7503,100,
10:00:07,42.73,3177,
10:00:07,42.701,700,
10:00:07,42.70,200,
10:00:07,42.721,400,
10:00:07,42.691,524,
10:00:10,42.69,4300,
10:00:14,42.73,200,
10:00:14,42.73,200,
10:00:14,42.73,100,
10:00:14,42.73,100,
10:00:14,42.73,200,
10:00:14,42.72,600,
10:00:14,42.73,600,
10:00:15,42.73,4037,
10:00:17,42.71,100,
10:00:18,42.75,100,
10:00:19,42.76,100,
10:00:19,42.78,100,
10:00:23,42.76,100,
10:00:23,42.751,199,
10:00:23,42.75,100,
10:00:23,42.76,100,
10:00:23,42.7573,1000,
10:00:23,42.742,300,
10:00:26,42.77,100,
10:00:27,42.77,100,
10:00:27,42.77,100,
10:00:27,42.77,100,
10:00:27,42.77,200,
10:00:27,42.77,100,
10:00:27,42.77,100,
10:00:27,42.78,300,
10:00:27,42.77,100,
10:00:27,42.78,100,
10:00:28,42.752,1500,
10:00:34,42.7399,200,
10:00:34,42.7398,300,
10:00:35,42.724,680,
10:00:36,42.70,100,
10:00:37,42.7399,100,
10:00:44,42.69,300,
10:00:46,42.69,200,
10:00:46,42.67,200,
10:00:47,42.64,900,
10:00:47,42.69,400,
10:00:48,42.641,385,
10:00:48,42.641,300,
10:00:49,42.62,160,
10:00:50,42.60,2000,
10:00:52,42.6089,100,
10:00:53,42.612,100,
10:00:53,42.6089,200,
10:00:53,42.5902,100,
10:00:54,42.6099,100,
10:00:56,42.59,100,
10:00:56,42.5899,100,
10:00:57,42.58,100,
10:00:57,42.5912,200,
10:00:57,42.58,100,
10:00:58,42.59,100,
10:00:59,42.5845,100,
10:00:59,42.58,200,
10:00:59,42.58,100,
10:01:00,42.581,400,
10:01:00,42.57,100,
10:01:01,42.64,100,
10:01:02,42.55,100,
10:01:03,42.59,100,
10:01:03,42.552,100,
10:01:03,42.552,100,
10:01:03,42.552,100,
10:01:03,42.552,100,
10:01:03,42.55,100,
10:01:04,42.55,100,
10:01:04,42.55,200,
10:01:04,42.55,100,
10:01:04,42.55,100,
10:01:04,42.55,100,
10:01:04,42.55,200,
10:01:04,42.55,200,
10:01:04,42.5502,400,
10:01:04,42.5502,400,
10:01:04,42.57,400,
10:01:04,42.59,300,
10:01:04,42.58,200,
10:01:04,42.57,200,
10:01:04,42.5899,100,
10:01:05,42.59,300,
10:01:06,42.56,200,
10:01:06,42.60,100,
10:01:08,42.59,100,
10:01:08,42.592,200,
10:01:08,42.592,100,
10:01:08,42.58,100,
10:01:08,42.582,200,
10:01:08,42.582,100,
10:01:08,42.58,200,
10:01:10,42.594,200,
10:01:11,42.5914,100,
10:01:11,42.578,1000,
10:01:12,42.59,100,
10:01:16,42.6197,700,
10:01:16,42.6197,700,
10:01:16,42.6155,200,
10:01:17,42.60,255,
10:01:17,42.604,200,
10:01:17,42.6041,300,
10:01:17,42.604,100,
10:01:17,42.60,300,
10:01:17,42.60,100,
10:01:20,42.64,100,
10:01:23,42.6001,200,
10:01:25,42.62,100,
10:01:25,42.59,100,
10:01:25,42.62,1000,
10:01:26,42.59,800,
10:01:26,42.6001,300,
10:01:27,42.5947,200,
10:01:27,42.63,100,
10:01:27,42.591,400,
10:01:30,42.6289,150,
10:01:35,42.6171,175,
10:01:36,42.57,100,
10:01:36,42.62,245,
10:01:36,42.55,100,
10:01:36,42.54,100,
10:01:36,42.5401,160,
10:01:40,42.51,200,
10:01:41,42.514,1000,
10:01:41,42.5089,200,
10:01:41,42.501,845,
10:01:41,42.501,900,
10:01:41,42.50,275,
10:01:42,42.5101,100,
10:01:42,42.5101,2595,
10:01:42,42.51,500,
10:01:42,42.511,400,
10:01:42,42.511,300,
10:01:43,42.51,1305,
10:01:43,42.50,800,
10:01:43,42.51,900,
10:01:43,42.51,250,
10:01:43,42.50,150,
10:01:43,42.50,100,
10:01:44,42.50,300,
10:01:44,42.49,300,
10:01:44,42.49,300,
10:01:44,42.49,100,
10:01:45,42.4805,1000,
10:01:47,42.51,300,
10:01:48,42.49,100,
10:01:48,42.481,200,
10:01:48,42.481,285,
10:01:48,42.48,800,
10:01:50,42.4906,1000,
10:01:52,42.512,100,
10:01:59,42.534,500,
10:01:59,42.51,140,
10:01:59,42.51,160,
10:02:01,42.50,100,
10:02:03,42.4901,300,
10:02:05,42.50,100,
10:02:07,42.52,400,
10:02:08,42.5059,137,
10:02:08,42.52,400,
10:02:09,42.51,200,
10:02:09,42.5099,100,
10:02:09,42.5099,100,
10:02:09,42.51,100,
10:02:09,42.5099,100,
10:02:09,42.51,100,
10:02:11,42.51,100,
10:02:11,42.53,200,
10:02:11,42.55,100,
10:02:11,42.511,200,
10:02:14,42.51,100,
10:02:14,42.53,200,
10:02:14,42.5101,100,
10:02:15,42.52,200,
10:02:15,42.53,240,
10:02:15,42.53,400,
10:02:15,42.54,100,
10:02:15,42.54,400,
10:02:15,42.54,100,
10:02:15,42.54,100,
10:02:17,42.54,300,
10:02:17,42.53,240,
10:02:17,42.53,100,
10:02:17,42.53,160,
10:02:17,42.56,300,
10:02:17,42.56,200,
10:02:18,42.54,100,
10:02:19,42.5599,100,
10:02:19,42.5599,100,
10:02:19,42.56,100,
10:02:23,42.5498,200,
10:02:24,42.5359,200,
10:02:26,42.53,170,
10:02:27,42.53,300,
10:02:33,42.52,100,
10:02:33,42.52,400,
10:02:35,42.54,240,
10:02:36,42.54,100,
10:02:40,42.5359,120,
10:02:41,42.54,100,
10:02:42,42.56,100,
10:02:42,42.56,300,
10:02:42,42.59,100,
10:02:42,42.56,100,
10:02:42,42.57,550,
10:02:42,42.56,100,
10:02:47,42.544,500,
10:02:49,42.5473,300,
10:02:49,42.5473,100,
10:02:49,42.55,300,
10:02:49,42.5495,500,
10:02:51,42.52,200,
10:02:52,42.51,150,
10:02:53,42.52,300,
10:02:55,42.50,200,
10:02:56,42.49,300,
10:02:56,42.48,100,
10:02:56,42.48,100,
10:02:56,42.50,100,
10:02:57,42.483,200,
10:02:57,42.481,100,
10:02:57,42.48,100,
10:02:59,42.4905,655,
10:03:02,42.49,300,
10:03:02,42.49,240,
10:03:02,42.50,100,
10:03:02,42.50,200,
10:03:05,42.4799,500,
10:03:05,42.48,100,
10:03:09,42.50,132,
10:03:14,42.466,500,
10:03:16,42.46,100,
10:03:23,42.43,400,
10:03:23,42.43,385,
10:03:23,42.43,615,
10:03:23,42.41,268,
10:03:23,42.41,100,
10:03:23,42.42,200,
10:03:24,42.419,100,
10:03:24,42.4199,2000,
10:03:24,42.40,800,
10:03:25,42.40,100,
10:03:25,42.40,100,
10:03:25,42.41,400,
10:03:26,42.411,300,
10:03:26,42.411,200,
10:03:29,42.4199,300,
10:03:29,42.40,300,
10:03:31,42.39,100,
10:03:31,42.38,100,
10:03:31,42.38,100,
10:03:32,42.38,100,
10:03:32,42.38,100,
10:03:32,42.35,1000,
10:03:33,42.3627,500,
10:03:34,42.36,100,
10:03:35,42.36,200,
10:03:35,42.36,150,
10:03:35,42.3601,150,
10:03:35,42.3601,400,
10:03:35,42.35,3150,
10:03:35,42.3559,150,
10:03:38,42.3605,1000,
10:03:38,42.361,300,
10:03:40,42.3501,500,
10:03:40,42.38,100,
10:03:40,42.35,400,
10:03:41,42.356,200,
10:03:41,42.30,100,
10:03:41,42.30,100,
10:03:41,42.30,100,
10:03:41,42.30,600,
10:03:41,42.30,100,
10:03:41,42.30,300,
10:03:41,42.30,100,
10:03:41,42.30,300,
10:03:42,42.353,2000,
10:03:43,42.3002,200,
10:03:44,42.33,200,
10:03:44,42.32,200,
10:03:45,42.314,200,
10:03:45,42.30,100,
10:03:46,42.3201,100,
10:03:46,42.3201,100,
10:03:46,42.32,100,
10:03:46,42.32,100,
10:03:46,42.32,100,
10:03:46,42.33,300,
10:03:47,42.33,100,
10:03:47,42.3301,100,
10:03:47,42.3301,100,
10:03:47,42.33,100,
10:03:47,42.34,800,
10:03:49,42.35,150,
10:03:53,42.33,150,
10:03:54,42.3573,1000,
10:03:54,42.36,280,
10:03:55,42.37,100,
10:03:57,42.3741,300,
10:03:58,42.39,600,
10:03:59,42.42,290,
10:03:59,42.42,100,
10:03:59,42.42,110,
10:03:59,42.42,100,
10:03:59,42.4399,500,
10:04:01,42.44,100,
10:04:01,42.44,240,
10:04:02,42.45,100,
10:04:03,42.45,240,
10:04:04,42.42,150,
10:04:04,42.42,150,
10:04:07,42.41,200,
10:04:07,42.41,200,
10:04:07,42.4015,200,
10:04:07,42.401,800,
10:04:08,42.40,240,
10:04:08,42.40,800,
10:04:08,42.4001,100,
10:04:08,42.4001,800,
10:04:08,42.4001,240,
10:04:08,42.39,3910,
10:04:09,42.3903,100,
10:04:11,42.40,100,
10:04:11,42.4027,100,
10:04:11,42.4027,100,
10:04:11,42.40,100,
10:04:11,42.40,100,
10:04:13,42.4101,100,
10:04:14,42.401,717,
10:04:15,42.40,100,
10:04:17,42.40,740,
10:04:19,42.41,400,
10:04:20,42.405,4000,
10:04:22,42.4199,500,
10:04:22,42.42,150,
10:04:22,42.4199,150,
10:04:22,42.4199,100,
10:04:22,42.42,3209,
10:04:23,42.39,400,
10:04:24,42.41,100,
10:04:25,42.43,200,
10:04:25,42.43,240,
10:04:25,42.43,150,
10:04:25,42.43,240,
10:04:25,42.44,500,
10:04:25,42.45,100,
10:04:25,42.44,500,
10:04:25,42.45,100,
10:04:25,42.45,100,
10:04:25,42.45,300,
10:04:25,42.46,300,
10:04:25,42.44,300,
10:04:25,42.47,300,
10:04:25,42.46,800,
10:04:25,42.46,100,
10:04:25,42.46,100,
10:04:25,42.46,400,
10:04:25,42.46,100,
10:04:25,42.47,1000,
10:04:25,42.47,100,
10:04:25,42.47,100,
10:04:25,42.44,100,
10:04:25,42.46,100,
10:04:25,42.49,200,
10:04:25,42.49,100,
10:04:25,42.49,100,
10:04:25,42.49,300,
10:04:25,42.49,100,
10:04:25,42.46,100,
10:04:25,42.45,100,
10:04:25,42.45,200,
10:04:25,42.45,100,
10:04:25,42.44,100,
10:04:25,42.52,100,
10:04:25,42.52,400,
10:04:26,42.49,200,
10:04:26,42.47,200,
10:04:26,42.47,240,
10:04:26,42.47,400,
10:04:26,42.46,150,
10:04:26,42.475,200,
10:04:27,42.4899,100,
10:04:28,42.489,100,
10:04:29,42.47,200,
10:04:30,42.49,100,
10:04:30,42.49,400,
10:04:30,42.4927,100,
10:04:30,42.4927,240,
10:04:31,42.51,150,
10:04:32,42.52,100,
10:04:33,42.50,100,
10:04:33,42.5194,500,
10:04:34,42.52,200,
10:04:34,42.532,200,
10:04:35,42.54,100,
10:04:36,42.53,400,
10:04:36,42.52,200,
10:04:37,42.512,100,
10:04:37,42.52,100,
10:04:38,42.52,200,
10:04:38,42.52,600,
10:04:38,42.52,100,
10:04:38,42.52,100,
10:04:38,42.52,700,
10:04:38,42.52,300,
10:04:38,42.52,200,
10:04:38,42.52,400,
10:04:38,42.52,200,
10:04:38,42.52,300,
10:04:38,42.52,1400,
10:04:38,42.52,400,
10:04:38,42.52,400,
10:04:38,42.52,200,
10:04:38,42.52,140,
10:04:38,42.52,400,
10:04:38,42.52,200,
10:04:38,42.52,300,
10:04:38,42.50,300,
10:04:38,42.52,300,
10:04:40,42.51,100,
10:04:41,42.52,400,
10:04:41,42.52,100,
10:04:41,42.52,200,
10:04:41,42.52,400,
10:04:41,42.52,1140,
10:04:42,42.52,1520,
10:04:42,42.54,300,
10:04:42,42.54,100,
10:04:42,42.54,100,
10:04:46,42.5295,1000,
10:04:47,42.5241,250,
10:04:49,42.5299,1000,
10:04:51,42.52,100,
10:04:53,42.52,100,
10:04:53,42.52,100,
10:04:53,42.5101,200,
10:04:56,42.51,200,
10:05:00,42.501,100,
10:05:00,42.5095,500,
10:05:02,42.48,150,
10:05:02,42.48,100,
10:05:02,42.49,400,
10:05:03,42.4605,1250,
10:05:05,42.4601,140,
10:05:06,42.46,400,
10:05:06,42.45,100,
10:05:10,42.47,400,
10:05:12,42.4785,100,
10:05:12,42.479,1119,
10:05:14,42.47,200,
10:05:14,42.4699,100,
10:05:14,42.47,100,
10:05:15,42.46,100,
10:05:17,42.47,100,
10:05:26,42.4501,500,
10:05:26,42.45,400,
10:05:27,42.44,100,
10:05:27,42.42,200,
10:05:28,42.3865,100,
10:05:28,42.381,100,
10:05:30,42.40,500,
10:05:33,42.40,240,
10:05:33,42.382,350,
10:05:33,42.382,260,
10:05:33,42.382,100,
10:05:33,42.38,260,
10:05:33,42.38,100,
10:05:39,42.3595,100,
10:05:40,42.3599,100,
10:05:41,42.37,100,
10:05:42,42.3527,240,
10:05:42,42.34,200,
10:05:42,42.34,240,
10:05:42,42.35,200,
10:05:42,42.32,100,
10:05:42,42.33,300,
10:05:42,42.33,150,
10:05:42,42.33,400,
10:05:42,42.32,100,
10:05:42,42.32,300,
10:05:42,42.32,100,
10:05:42,42.32,150,
10:05:42,42.32,400,
10:05:42,42.31,100,
10:05:42,42.31,150,
10:05:42,42.31,400,
10:05:42,42.29,200,
10:05:42,42.30,100,
10:05:42,42.30,200,
10:05:42,42.29,450,
10:05:42,42.28,100,
10:05:42,42.26,200,
10:05:42,42.27,100,
10:05:42,42.25,200,
10:05:42,42.25,250,
10:05:42,42.25,200,
10:05:42,42.25,500,
10:05:42,42.25,100,
10:05:42,42.29,400,
10:05:42,42.29,100,
10:05:42,42.26,200,
10:05:43,42.34,100,
10:05:43,42.26,200,
10:05:43,42.26,300,
10:05:43,42.28,400,
10:05:43,42.29,400,
10:05:43,42.29,110,
10:05:43,42.32,100,
10:05:43,42.32,150,
10:05:44,42.30,100,
10:05:44,42.28,400,
10:05:44,42.28,100,
10:05:44,42.28,100,
10:05:44,42.28,100,
10:05:44,42.27,200,
10:05:44,42.30,100,
10:05:45,42.2805,500,
10:05:46,42.31,150,
10:05:46,42.32,100,
10:05:46,42.32,200,
10:05:46,42.32,100,
10:05:46,42.30,100,
10:05:46,42.30,1600,
10:05:47,42.30,100,
10:05:47,42.30,1900,
10:05:47,42.31,1900,
10:05:47,42.29,500,
10:05:47,42.29,1500,
10:05:48,42.2999,1600,
10:05:48,42.30,700,
10:05:48,42.30,300,
10:05:48,42.28,200,
10:05:50,42.30,100,
10:05:51,42.30,290,
10:05:51,42.27,100,
10:05:52,42.3098,100,
10:05:53,42.286,500,
10:05:54,42.294,500,
10:05:56,42.26,200,
10:05:56,42.26,300,
10:05:56,42.2617,100,
10:05:57,42.261,100,
10:05:57,42.261,200,
10:05:58,42.2801,1000,
10:06:01,42.30,240,
10:06:01,42.30,100,
10:06:01,42.30,100,
10:06:02,42.28,400,
10:06:02,42.29,200,
10:06:02,42.30,100,
10:06:02,42.29,100,
10:06:02,42.29,200,
10:06:02,42.31,200,
10:06:05,42.3266,100,
10:06:07,42.34,100,
10:06:07,42.34,100,
10:06:07,42.33,800,
10:06:09,42.36,300,
10:06:09,42.36,1000,
10:06:11,42.341,1000,
10:06:11,42.34,100,
10:06:11,42.341,100,
10:06:11,42.341,200,
10:06:12,42.35,800,
10:06:14,42.3201,100,
10:06:18,42.3505,500,
10:06:21,42.374,100,
10:06:23,42.3695,1000,
10:06:23,42.34,100,
10:06:24,42.3699,1150,
10:06:25,42.36,100,
10:06:27,42.359,100,
10:06:29,42.35,100,
10:06:31,42.37,207,
10:06:33,42.38,100,
10:06:36,42.381,100,
10:06:39,42.40,100,
10:06:40,42.40,100,
10:06:40,42.40,800,
10:06:46,42.41,500,
10:06:46,42.41,500,
10:06:46,42.41,400,
10:06:46,42.41,100,
10:06:46,42.41,100,
10:06:46,42.41,240,
10:06:48,42.4099,100,
10:06:49,42.4001,200,
10:06:52,42.47,100,
10:06:52,42.47,100,
10:06:52,42.45,100,
10:06:52,42.45,150,
10:06:54,42.44,100,
10:06:54,42.44,500,
10:06:54,42.47,100,
10:06:54,42.47,500,
10:06:54,42.47,240,
10:06:54,42.44,200,
10:06:54,42.44,500,
10:06:54,42.4699,500,
10:06:54,42.4699,100,
10:06:57,42.47,1800,
10:06:58,42.46,365,
10:07:00,42.46,200,
10:07:01,42.46,700,
10:07:01,42.46,197,
10:07:01,42.45,400,
10:07:01,42.46,800,
10:07:01,42.45,100,
10:07:02,42.46,12038,
10:07:05,42.4401,300,
10:07:05,42.4401,100,
10:07:05,42.44,200,
10:07:08,42.45,200,
10:07:09,42.4499,1000,
10:07:09,42.43,100,
10:07:09,42.43,500,
10:07:09,42.43,1600,
10:07:09,42.42,240,
10:07:09,42.42,100,
10:07:18,42.43,240,
10:07:24,42.44,100,
10:07:25,42.44,100,
10:07:25,42.4355,100,
10:07:25,42.431,300,
10:07:26,42.443,500,
10:07:34,42.446,2000,
10:07:37,42.44,100,
10:07:37,42.44,100,
10:07:37,42.44,200,
10:07:44,42.46,1000,
10:07:47,42.4502,100,
10:07:49,42.46,100,
10:07:50,42.45,240,
10:07:50,42.43,100,
10:07:50,42.43,400,
10:07:56,42.4175,3500,
10:07:56,42.41,325,
10:07:56,42.41,140,
10:07:56,42.40,110,
10:08:01,42.41,400,
10:08:05,42.40,100,
10:08:08,42.382,500,
10:08:10,42.39,400,
10:08:10,42.38,100,
10:08:12,42.39,100,
10:08:18,42.42,100,
10:08:18,42.42,100,
10:08:18,42.42,300,
10:08:23,42.42,350,
10:08:23,42.42,400,
10:08:23,42.42,240,
10:08:27,42.4399,100,
10:08:28,42.4014,100,
10:08:30,42.39,400,
10:08:32,42.37,240,
10:08:32,42.37,300,
10:08:33,42.3359,200,
10:08:42,42.376,500,
10:08:51,42.3299,200,
10:08:57,42.2999,100,
10:08:57,42.28,100,
10:08:57,42.26,1100,
10:08:58,42.2501,600,
10:08:58,42.25,906,
10:08:58,42.25,100,
10:08:58,42.25,100,
10:08:58,42.25,100,
10:08:58,42.25,200,
10:08:58,42.25,300,
10:08:58,42.25,100,
10:09:00,42.26,3900,
10:09:00,42.28,200,
10:09:03,42.27,150,
10:09:03,42.28,190,
10:09:03,42.27,100,
10:09:03,42.25,100,
10:09:04,42.31,150,
10:09:04,42.31,400,
10:09:04,42.31,100,
10:09:06,42.2998,100,
10:09:06,42.31,400,
10:09:06,42.30,300,
10:09:06,42.30,100,
10:09:06,42.31,100,
10:09:06,42.32,100,
10:09:06,42.30,100,
10:09:06,42.31,100,
10:09:06,42.30,600,
10:09:06,42.3232,100,
10:09:07,42.291,400,
10:09:07,42.291,1500,
10:09:08,42.3001,200,
10:09:08,42.31,400,
10:09:08,42.30,380,
10:09:09,42.30,100,
10:09:13,42.3111,100,
10:09:15,42.32,500,
10:09:15,42.32,150,
10:09:15,42.32,400,
10:09:15,42.32,100,
10:09:15,42.32,500,
10:09:15,42.33,100,
10:09:15,42.32,100,
10:09:15,42.33,100,
10:09:15,42.33,150,
10:09:15,42.33,300,
10:09:15,42.32,100,
10:09:15,42.32,100,
10:09:15,42.32,300,
10:09:15,42.33,140,
10:09:15,42.32,100,
10:09:15,42.32,100,
10:09:15,42.32,100,
10:09:15,42.32,100,
10:09:15,42.32,500,
10:09:15,42.34,100,
10:09:15,42.33,200,
10:09:15,42.33,100,
10:09:15,42.32,100,
10:09:16,42.3101,150,
10:09:16,42.33,100,
10:09:19,42.27,100,
10:09:23,42.31,100,
10:09:25,42.311,700,
10:09:25,42.311,700,
10:09:27,42.3299,100,
10:09:27,42.3299,2200,
10:09:28,42.32,400,
10:09:28,42.3298,200,
10:09:31,42.32,100,
10:09:31,42.32,240,
10:09:32,42.312,100,
10:09:32,42.31,100,
10:09:32,42.3247,550,
10:09:33,42.3291,100,
10:09:38,42.4099,1150,
10:09:40,42.39,300,
10:09:40,42.41,1200,
10:09:40,42.41,600,
10:09:41,42.41,100,
10:09:41,42.41,2045,
10:09:42,42.40,100,
10:09:42,42.40,100,
10:09:45,42.40,100,
10:09:46,42.3801,200,
10:09:55,42.39,100,
10:09:56,42.39,100,
10:10:01,42.40,300,
10:10:03,42.41,300,
10:10:03,42.41,100,
10:10:03,42.41,200,
10:10:03,42.44,100,
10:10:03,42.44,400,
10:10:03,42.42,190,
10:10:03,42.42,300,
10:10:04,42.4397,100,
10:10:07,42.42,600,
10:10:07,42.42,8100,
10:10:07,42.42,200,
10:10:07,42.42,200,
10:10:07,42.42,300,
10:10:07,42.42,100,
10:10:07,42.42,800,
10:10:07,42.42,800,
10:10:07,42.42,200,
10:10:07,42.42,1100,
10:10:07,42.42,500,
10:10:07,42.42,300,
10:10:07,42.42,671,
10:10:07,42.42,1600,
10:10:08,42.44,200,
10:10:08,42.44,500,
10:10:08,42.44,300,
10:10:08,42.45,100,
10:10:08,42.44,200,
10:10:08,42.44,100,
10:10:08,42.46,100,
10:10:08,42.46,600,
10:10:08,42.46,150,
10:10:08,42.46,179,
10:10:10,42.4598,500,
10:10:12,42.51,300,
10:10:12,42.49,100,
10:10:12,42.51,200,
10:10:12,42.49,100,
10:10:12,42.49,100,
10:10:12,42.51,400,
10:10:12,42.49,100,
10:10:12,42.48,100,
10:10:12,42.56,100,
10:10:12,42.54,100,
10:10:12,42.54,100,
10:10:12,42.56,100,
10:10:12,42.54,240,
10:10:12,42.54,400,
10:10:12,42.56,1000,
10:10:12,42.53,240,
10:10:12,42.53,800,
10:10:12,42.52,150,
10:10:12,42.54,1000,
10:10:12,42.54,100,
10:10:12,42.54,100,
10:10:14,42.5493,100,
10:10:16,42.56,100,
10:10:16,42.56,500,
10:10:16,42.5367,100,
10:10:16,42.549,400,
10:10:16,42.5499,600,
10:10:17,42.5499,300,
10:10:18,42.55,300,
10:10:18,42.55,100,
10:10:18,42.56,100,
10:10:18,42.56,100,
10:10:18,42.56,100,
10:10:18,42.56,100,
10:10:18,42.56,100,
10:10:18,42.55,200,
10:10:19,42.569,300,
10:10:19,42.5601,100,
10:10:20,42.575,200,
10:10:22,42.56,200,
10:10:23,42.54,100,
10:10:23,42.54,100,
10:10:23,42.55,200,
10:10:23,42.55,400,
10:10:23,42.55,400,
10:10:23,42.55,100,
10:10:23,42.55,100,
10:10:23,42.55,100,
10:10:23,42.55,200,
10:10:23,42.5495,3500,
10:10:24,42.55,100,
10:10:24,42.55,3010,
10:10:24,42.57,100,
10:10:24,42.58,300,
10:10:24,42.58,100,
10:10:24,42.59,300,
10:10:25,42.5999,700,
10:10:25,42.59,200,
10:10:25,42.59,600,
10:10:26,42.5947,500,
10:10:26,42.57,240,
10:10:27,42.56,400,
10:10:28,42.55,240,
10:10:28,42.56,100,
10:10:29,42.5699,1000,
10:10:30,42.55,100,
10:10:30,42.5501,100,
10:10:30,42.5501,100,
10:10:30,42.55,100,
10:10:30,42.55,100,
10:10:30,42.56,100,
10:10:31,42.57,400,
10:10:31,42.5684,400,
10:10:33,42.5663,100,
10:10:33,42.569,200,
10:10:33,42.5695,1000,
10:10:34,42.552,200,
10:10:38,42.5973,500,
10:10:39,42.58,100,
10:10:39,42.5801,600,
10:10:40,42.5814,250,
10:10:44,42.5901,300,
10:10:46,42.61,100,
10:10:47,42.59,150,
10:10:47,42.59,800,
10:10:53,42.61,130,
10:10:54,42.60,150,
10:10:54,42.60,240,
10:10:54,42.59,100,
10:10:54,42.59,100,
10:10:54,42.60,150,
10:10:54,42.60,500,
10:10:54,42.60,160,
10:10:58,42.59,100,
10:10:58,42.5901,100,
10:10:58,42.59,100,
10:11:00,42.6394,1000,
10:11:01,42.62,200,
10:11:01,42.62,150,
10:11:01,42.62,800,
10:11:03,42.60,101,
10:11:06,42.61,100,
10:11:06,42.6087,200,
10:11:06,42.61,100,
10:11:06,42.61,200,
10:11:06,42.62,150,
10:11:06,42.61,100,
10:11:07,42.6201,100,
10:11:07,42.63,150,
10:11:07,42.63,240,
10:11:08,42.65,100,
10:11:08,42.64,100,
10:11:08,42.64,100,
10:11:08,42.63,400,
10:11:08,42.65,300,
10:11:08,42.66,200,
10:11:08,42.65,100,
10:11:08,42.64,100,
10:11:08,42.64,100,
10:11:09,42.6499,1000,
10:11:10,42.68,150,
10:11:10,42.68,100,
10:11:10,42.69,200,
10:11:10,42.67,200,
10:11:10,42.69,100,
10:11:10,42.70,100,
10:11:13,42.70,100,
10:11:13,42.6703,600,
10:11:13,42.6703,300,
10:11:14,42.70,240,
10:11:14,42.70,400,
10:11:14,42.70,150,
10:11:14,42.6984,100,
10:11:15,42.699,100,
10:11:15,42.71,100,
10:11:15,42.71,100,
10:11:15,42.71,100,
10:11:16,42.698,500,
10:11:17,42.67,100,
10:11:17,42.72,100,
10:11:18,42.69,400,
10:11:18,42.69,240,
10:11:18,42.71,100,
10:11:18,42.708,100,
10:11:18,42.71,500,
10:11:19,42.71,100,
10:11:21,42.7001,1000,
10:11:21,42.70,300,
10:11:21,42.70,100,
10:11:21,42.70,200,
10:11:21,42.70,100,
10:11:21,42.70,100,
10:11:23,42.7134,300,
10:11:24,42.7225,5800,
10:11:25,42.73,200,
10:11:27,42.711,100,
10:11:29,42.72,1100,
10:11:29,42.72,600,
10:11:30,42.72,860,
10:11:30,42.72,100,
10:11:30,42.74,100,
10:11:30,42.74,400,
10:11:30,42.74,100,
10:11:30,42.7273,120,
10:11:30,42.7333,400,
10:11:30,42.73,100,
10:11:30,42.73,150,
10:11:30,42.74,100,
10:11:30,42.73,100,
10:11:30,42.73,100,
10:11:30,42.73,100,
10:11:30,42.73,100,
10:11:30,42.73,100,
10:11:30,42.73,100,
10:11:31,42.73,100,
10:11:31,42.74,100,
10:11:34,42.7499,1000,
10:11:36,42.76,100,
10:11:38,42.7795,1000,
10:11:39,42.78,200,
10:11:40,42.78,510,
10:11:40,42.78,100,
10:11:41,42.79,100,
10:11:45,42.7893,230,
10:11:46,42.799,300,
10:11:46,42.80,200,
10:11:46,42.80,500,
10:11:47,42.8195,500,
10:11:47,42.83,100,
10:11:47,42.83,100,
10:11:47,42.8205,100,
10:11:47,42.82,400,
10:11:48,42.811,249,
10:11:48,42.811,200,
10:11:49,42.79,1000,
10:11:50,42.8128,133,
10:11:50,42.822,150,
10:11:50,42.82,100,
10:11:50,42.8384,300,
10:11:51,42.83,100,
10:11:52,42.83,500,
10:11:52,42.83,100,
10:11:52,42.85,200,
10:11:54,42.84,240,
10:11:54,42.84,100,
10:11:54,42.83,150,
10:11:54,42.83,1000,
10:11:54,42.84,800,
10:11:55,42.86,600,
10:11:56,42.8799,100,
10:11:56,42.87,400,
10:11:57,42.87,200,
10:11:58,42.868,300,
10:11:58,42.91,100,
10:11:58,42.8803,100,
10:11:59,42.8988,100,
10:11:59,42.909,200,
10:12:00,42.91,100,
10:12:00,42.908,100,
10:12:00,42.88,100,
10:12:01,42.907,900,
10:12:02,42.88,100,
10:12:02,42.88,150,
10:12:02,42.88,300,
10:12:02,42.86,287,
10:12:03,42.86,100,
10:12:04,42.85,225,
10:12:04,42.84,200,
10:12:04,42.84,300,
10:12:05,42.8201,100,
10:12:05,42.8201,125,
10:12:06,42.82,2000,
10:12:08,42.8001,1150,
10:12:08,42.826,1000,
10:12:10,42.819,1000,
10:12:10,42.819,3300,
10:12:10,42.80,400,
10:12:11,42.79,1000,
10:12:11,42.78,410,
10:12:11,42.78,300,
10:12:11,42.78,100,
10:12:11,42.7809,9000,
10:12:13,42.7509,350,
10:12:14,42.75,2200,
10:12:14,42.73,100,
10:12:14,42.74,100,
10:12:14,42.75,100,
10:12:14,42.75,700,
10:12:14,42.75,200,
10:12:14,42.75,100,
10:12:14,42.76,100,
10:12:14,42.75,100,
10:12:14,42.75,100,
10:12:14,42.75,200,
10:12:14,42.74,300,
10:12:14,42.75,150,
10:12:14,42.76,250,
10:12:14,42.75,100,
10:12:14,42.76,500,
10:12:14,42.76,100,
10:12:14,42.76,100,
10:12:14,42.74,800,
10:12:14,42.73,240,
10:12:14,42.73,300,
10:12:14,42.73,100,
10:12:14,42.7474,1700,
10:12:16,42.7526,100,
10:12:16,42.759,200,
10:12:16,42.76,400,
10:12:16,42.76,100,
10:12:16,42.7699,1100,
10:12:16,42.77,300,
10:12:16,42.77,150,
10:12:16,42.7627,500,
10:12:18,42.75,200,
10:12:19,42.77,300,
10:12:19,42.77,100,
10:12:19,42.77,100,
10:12:25,42.76,100,
10:12:25,42.76,400,
10:12:25,42.75,800,
10:12:28,42.7893,100,
10:12:31,42.77,240,
10:12:31,42.76,240,
10:12:33,42.78,100,
10:12:33,42.77,200,
10:12:35,42.7705,1000,
10:12:35,42.76,100,
10:12:37,42.77,100,
10:12:37,42.77,150,
10:12:39,42.81,400,
10:12:41,42.79,100,
10:12:41,42.8099,1100,
10:12:46,42.81,100,
10:12:55,42.78,150,
10:12:58,42.7601,103,
10:13:09,42.78,100,
10:13:09,42.7833,100,
10:13:09,42.79,300,
10:13:09,42.79,100,
10:13:09,42.79,300,
10:13:12,42.7999,100,
10:13:13,42.80,300,
10:13:15,42.82,240,
10:13:15,42.85,200,
10:13:15,42.85,150,
10:13:15,42.84,236,
10:13:18,42.84,300,
10:13:18,42.84,300,
10:13:18,42.84,400,
10:13:23,42.88,200,
10:13:24,42.88,200,
10:13:24,42.8755,100,
10:13:26,42.875,100,
10:13:27,42.88,170,
10:13:28,42.87,320,
10:13:29,42.88,400,
10:13:29,42.88,100,
10:13:29,42.89,100,
10:13:30,42.88,100,
10:13:35,42.9099,200,
10:13:36,42.8902,600,
10:13:36,42.89,700,
10:13:39,42.918,300,
10:13:43,42.9092,100,
10:13:46,42.916,200,
10:13:49,42.89,115,
10:13:49,42.90,300,
10:13:50,42.89,1000,
10:13:51,42.90,100,
10:13:53,42.92,100,
10:13:53,42.92,100,
10:13:58,42.92,1400,
10:13:58,42.92,1000,
10:13:58,42.94,300,
10:13:59,42.97,200,
10:13:59,42.98,346,
10:13:59,42.95,100,
10:13:59,42.95,100,
10:13:59,42.99,300,
10:13:59,42.99,100,
10:14:02,43,100,
10:14:02,43,100,
10:14:02,42.99,300,
10:14:02,42.98,100,
10:14:02,42.98,400,
10:14:03,43,100,
10:14:03,43,100,
10:14:03,43,700,
10:14:04,43.03,200,
10:14:05,43.05,400,
10:14:06,43.06,100,
10:14:06,43.058,100,
10:14:06,43.06,100,
10:14:06,43.058,100,
10:14:06,43.06,100,
10:14:06,43.06,100,
10:14:07,43.03,800,
10:14:08,43.0399,1000,
10:14:10,43.022,100,
10:14:11,43.01,300,
10:14:11,43.01,100,
10:14:11,43.02,800,
10:14:12,43.03,100,
10:14:12,43.03,100,
10:14:12,43.03,100,
10:14:14,43.04,400,
10:14:15,43.0301,100,
10:14:15,43.039,300,
10:14:16,43.0367,500,
10:14:17,43.038,200,
10:14:17,43.06,300,
10:14:17,43.06,300,
10:14:17,43.06,722,
10:14:17,43.05,600,
10:14:17,43.05,100,
10:14:17,43.04,400,
10:14:18,43.04,400,
10:14:18,43.0401,500,
10:14:19,43.05,100,
10:14:19,43.05,300,
10:14:20,43.0401,250,
10:14:21,43.0684,100,
10:14:21,43.06,100,
10:14:23,43.06,100,
10:14:23,43.0668,100,
10:14:23,43.07,100,
10:14:24,43.051,400,
10:14:24,43.051,800,
10:14:25,43.05,200,
10:14:25,43.054,251,
10:14:25,43.041,200,
10:14:26,43.06,100,
10:14:28,43.041,100,
10:14:28,43.07,100,
10:14:28,43.08,100,
10:14:28,43.06,100,
10:14:31,43.05,100,
10:14:31,43.049,200,
10:14:31,43.03,100,
10:14:31,43.03,200,
10:14:31,43.03,100,
10:14:33,43.022,100,
10:14:33,43.04,100,
10:14:34,43.04,100,
10:14:34,43.0459,100,
10:14:35,43.04,100,
10:14:35,43.04,300,
10:14:35,43.04,300,
10:14:36,43.06,400,
10:14:36,43.06,100,
10:14:36,43.05,100,
10:14:37,43.048,1000,
10:14:41,43.0401,100,
10:14:44,43.047,100,
10:14:44,43.041,600,
10:14:44,43.041,700,
10:14:45,43.05,100,
10:14:47,43.06,1375,
10:14:47,43.0799,2000,
10:14:48,43.08,300,
10:14:48,43.08,100,
10:14:48,43.09,240,
10:14:48,43.0799,300,
10:14:48,43.0799,240,
10:14:48,43.075,100,
10:14:48,43.0799,100,
10:14:48,43.09,800,
10:14:48,43.10,4410,
10:14:49,43.08,400,
10:14:49,43.09,300,
10:14:49,43.0799,200,
10:14:49,43.10,235,
10:14:49,43.08,400,
10:14:49,43.08,300,
10:14:49,43.07,100,
10:14:49,43.08,100,
10:14:54,43.09,500,
10:14:55,43.08,800,
10:14:57,43.11,100,
10:14:57,43.11,200,
10:14:58,43.11,300,
10:14:58,43.11,100,
10:14:58,43.11,150,
10:14:59,43.10,200,
10:14:59,43.10,100,
10:15:00,43.13,100,
10:15:00,43.15,200,
10:15:00,43.15,100,
10:15:00,43.15,250,
10:15:00,43.15,100,
10:15:01,43.17,300,
10:15:01,43.17,300,
10:15:01,43.17,400,
10:15:01,43.17,400,
10:15:01,43.17,100,
10:15:01,43.17,100,
10:15:01,43.17,400,
10:15:01,43.17,200,
10:15:01,43.18,100,
10:15:01,43.18,300,
10:15:01,43.18,400,
10:15:01,43.18,800,
10:15:01,43.17,100,
10:15:02,43.18,400,
10:15:02,43.18,100,
10:15:02,43.16,100,
10:15:02,43.16,150,
10:15:04,43.1693,130,
10:15:04,43.15,100,
10:15:04,43.17,243,
10:15:05,43.1741,277,
10:15:06,43.18,100,
10:15:06,43.18,100,
10:15:06,43.18,100,
10:15:06,43.18,100,
10:15:06,43.17,100,
10:15:08,43.175,2000,
10:15:10,43.17,800,
10:15:10,43.17,150,
10:15:10,43.17,300,
10:15:10,43.1701,400,
10:15:10,43.1701,800,
10:15:10,43.1701,240,
10:15:11,43.17,1000,
10:15:11,43.16,100,
10:15:12,43.1699,100,
10:15:12,43.16,300,
10:15:12,43.16,600,
10:15:13,43.1509,200,
10:15:13,43.151,100,
10:15:13,43.1501,100,
10:15:13,43.1501,300,
10:15:13,43.15,150,
10:15:13,43.15,200,
10:15:13,43.15,200,
10:15:13,43.15,200,
10:15:13,43.1501,300,
10:15:13,43.1501,350,
10:15:13,43.15,100,
10:15:13,43.15,200,
10:15:14,43.1699,400,
10:15:15,43.14,500,
10:15:16,43.15,100,
10:15:18,43.1399,2000,
10:15:19,43.15,100,
10:15:21,43.14,100,
10:15:22,43.10,237,
10:15:22,43.11,237,
10:15:23,43.11,300,
10:15:23,43.11,240,
10:15:23,43.11,100,
10:15:24,43.08,100,
10:15:25,43.111,100,
10:15:25,43.08,100,
10:15:25,43.08,300,
10:15:25,43.08,200,
10:15:25,43.11,100,
10:15:26,43.071,100,
10:15:28,43.07,500,
10:15:28,43.07,150,
10:15:29,43.08,100,
10:15:30,43.07,600,
10:15:30,43.07,200,
10:15:31,43.10,200,
10:15:31,43.09,250,
10:15:31,43.10,260,
10:15:32,43.0901,100,
10:15:32,43.09,100,
10:15:32,43.08,100,
10:15:32,43.0914,200,
10:15:32,43.0914,100,
10:15:32,43.09,178,
10:15:32,43.08,100,
10:15:32,43.08,100,
10:15:32,43.08,800,
10:15:32,43.08,300,
10:15:32,43.08,600,
10:15:32,43.08,300,
10:15:32,43.07,100,
10:15:32,43.0857,200,
10:15:32,43.06,300,
10:15:34,43.0891,280,
10:15:35,43.08,100,
10:15:35,43.08,100,
10:15:38,43.07,100,
10:15:41,43.08,300,
10:15:41,43.08,100,
10:15:43,43.09,245,
10:15:43,43.09,172,
10:15:43,43.08,300,
10:15:44,43.11,100,
10:15:45,43.1175,2600,
10:15:46,43.11,100,
10:15:46,43.09,100,
10:15:47,43.14,300,
10:15:47,43.14,682,
10:15:47,43.118,2700,
10:15:49,43.1341,100,
10:15:50,43.15,100,
10:15:51,43.16,300,
10:15:54,43.15,150,
10:15:54,43.14,100,
10:15:56,43.1322,500,
10:15:56,43.1499,240,
10:15:57,43.159,200,
10:15:57,43.159,300,
10:15:58,43.159,6400,
10:15:58,43.159,900,
10:16:02,43.1693,400,
10:16:02,43.1686,300,
10:16:02,43.17,300,
10:16:03,43.169,300,
10:16:03,43.169,100,
10:16:04,43.15,100,
10:16:04,43.15,300,
10:16:05,43.163,200,
10:16:07,43.18,1636,
10:16:07,43.1893,300,
10:16:08,43.20,100,
10:16:08,43.19,400,
10:16:08,43.19,100,
10:16:09,43.169,100,
10:16:11,43.16,300,
10:16:12,43.17,300,
10:16:13,43.1698,100,
10:16:16,43.16,400,
10:16:19,43.167,200,
10:16:23,43.1575,200,
10:16:23,43.17,100,
10:16:24,43.1501,200,
10:16:25,43.1501,4000,
10:16:25,43.1553,600,
10:16:25,43.17,300,
10:16:29,43.1847,1000,
10:16:29,43.1899,1000,
10:16:30,43.19,300,
10:16:30,43.20,150,
10:16:30,43.20,100,
10:16:30,43.19,100,
10:16:32,43.199,300,
10:16:34,43.22,150,
10:16:34,43.20,1570,
10:16:34,43.20,130,
10:16:34,43.20,150,
10:16:35,43.20,1270,
10:16:37,43.23,100,
10:16:37,43.24,100,
10:16:37,43.24,100,
10:16:37,43.24,100,
10:16:37,43.25,150,
10:16:37,43.25,100,
10:16:37,43.26,300,
10:16:37,43.24,100,
10:16:37,43.24,300,
10:16:37,43.23,300,
10:16:37,43.23,150,
10:16:37,43.23,400,
10:16:37,43.24,400,
10:16:37,43.24,100,
10:16:37,43.24,100,
10:16:37,43.26,100,
10:16:38,43.24,500,
10:16:38,43.2398,100,
10:16:39,43.25,240,
10:16:39,43.24,100,
10:16:39,43.25,300,
10:16:39,43.24,300,
10:16:40,43.23,300,
10:16:40,43.22,360,
10:16:40,43.22,100,
10:16:40,43.23,100,
10:16:40,43.21,150,
10:16:40,43.21,400,
10:16:40,43.21,400,
10:16:40,43.212,700,
10:16:41,43.22,150,
10:16:41,43.23,100,
10:16:41,43.21,300,
10:16:41,43.21,100,
10:16:41,43.24,100,
10:16:42,43.231,700,
10:16:42,43.25,150,
10:16:43,43.22,400,
10:16:44,43.24,800,
10:16:44,43.23,100,
10:16:44,43.20,500,
10:16:44,43.20,400,
10:16:44,43.19,300,
10:16:44,43.18,103,
10:16:44,43.18,400,
10:16:44,43.20,300,
10:16:44,43.18,100,
10:16:44,43.20,100,
10:16:44,43.19,800,
10:16:45,43.21,300,
10:16:45,43.20,100,
10:16:45,43.20,100,
10:16:45,43.20,300,
10:16:45,43.2025,1300,
10:16:47,43.208,840,
10:16:49,43.20,100,
10:16:49,43.20,400,
10:16:49,43.20,300,
10:16:49,43.21,200,
10:16:50,43.20,300,
10:16:52,43.202,700,
10:16:52,43.22,300,
10:16:52,43.22,100,
10:16:52,43.21,100,
10:16:53,43.202,2300,
10:17:04,43.20,300,
10:17:04,43.19,400,
10:17:04,43.18,8460,
10:17:04,43.214,1200,
10:17:05,43.1807,400,
10:17:06,43.20,100,
10:17:06,43.18,150,
10:17:07,43.18,100,
10:17:08,43.1522,100,
10:17:08,43.151,100,
10:17:09,43.15,100,
10:17:09,43.15,100,
10:17:09,43.152,100,
10:17:09,43.1515,115,
10:17:09,43.1515,100,
10:17:09,43.15,100,
10:17:09,43.15,100,
10:17:10,43.15,100,
10:17:10,43.1501,100,
10:17:10,43.15,100,
10:17:11,43.11,100,
10:17:13,43.11,1000,
10:17:14,43.14,114,
10:17:16,43.144,1000,
10:17:19,43.15,150,
10:17:22,43.15,150,
10:17:22,43.15,300,
10:17:27,43.1426,500,
10:17:28,43.1499,100,
10:17:29,43.1405,900,
10:17:30,43.13,100,
10:17:30,43.1441,100,
10:17:30,43.1301,200,
10:17:30,43.13,100,
10:17:30,43.13,100,
10:17:30,43.13,100,
10:17:30,43.1301,200,
10:17:30,43.1301,100,
10:17:30,43.13,200,
10:17:30,43.13,100,
10:17:32,43.121,100,
10:17:34,43.12,100,
10:17:38,43.11,300,
10:17:41,43.1139,100,
10:17:41,43.111,200,
10:17:42,43.11,100,
10:17:46,43.13,100,
10:17:47,43.14,100,
10:17:48,43.142,100,
10:17:48,43.14,100,
10:17:50,43.14,100,
10:17:51,43.14,100,
10:17:54,43.14,100,
10:17:54,43.14,100,
10:17:56,43.19,200,
10:17:56,43.19,240,
10:17:56,43.18,100,
10:17:57,43.1899,1700,
10:17:58,43.18,224,
10:17:59,43.20,100,
10:17:59,43.20,200,
10:18:00,43.22,200,
10:18:00,43.22,300,
10:18:00,43.23,200,
10:18:00,43.23,200,
10:18:05,43.24,100,
10:18:05,43.24,200,
10:18:05,43.24,400,
10:18:07,43.24,300,
10:18:09,43.25,115,
10:18:09,43.26,100,
10:18:09,43.26,100,
10:18:09,43.26,300,
10:18:13,43.2541,400,
10:18:14,43.25,100,
10:18:14,43.25,150,
10:18:14,43.252,150,
10:18:15,43.2405,1000,
10:18:20,43.24,144,
10:18:20,43.24,175,
10:18:22,43.22,150,
10:18:22,43.2201,100,
10:18:25,43.23,100,
10:18:28,43.22,200,
10:18:29,43.22,106,
10:18:34,43.191,100,
10:18:37,43.19,400,
10:18:37,43.19,140,
10:18:39,43.16,100,
10:18:40,43.17,600,
10:18:40,43.14,100,
10:18:40,43.14,100,
10:18:44,43.17,300,
10:18:44,43.18,100,
10:18:44,43.18,200,
10:18:44,43.19,100,
10:18:44,43.19,150,
10:18:44,43.19,100,
10:18:44,43.19,100,
10:18:44,43.19,300,
10:18:44,43.19,200,
10:18:44,43.19,300,
10:18:44,43.16,100,
10:18:46,43.19,300,
10:18:47,43.19,4000,
10:18:48,43.18,567,
10:18:48,43.1801,1000,
10:18:48,43.1801,500,
10:18:48,43.19,100,
10:18:48,43.18,600,
10:18:48,43.19,100,
10:18:49,43.1954,6700,
10:18:54,43.174,100,
10:18:56,43.20,100,
10:18:56,43.21,300,
10:18:56,43.22,200,
10:18:56,43.19,150,
10:18:56,43.22,150,
10:18:56,43.24,400,
10:18:56,43.24,100,
10:18:56,43.24,400,
10:18:56,43.24,100,
10:18:56,43.21,100,
10:18:56,43.21,200,
10:18:56,43.25,400,
10:18:56,43.24,100,
10:18:56,43.26,240,
10:18:56,43.27,100,
10:18:56,43.27,300,
10:18:56,43.28,200,
10:18:56,43.27,500,
10:18:59,43.274,500,
10:19:01,43.26,100,
10:19:01,43.26,144,
10:19:02,43.251,100,
10:19:04,43.27,300,
10:19:04,43.27,100,
10:19:04,43.25,900,
10:19:04,43.30,130,
10:19:04,43.31,165,
10:19:04,43.31,170,
10:19:04,43.31,100,
10:19:04,43.31,800,
10:19:04,43.31,100,
10:19:04,43.32,100,
10:19:07,43.30,240,
10:19:07,43.30,800,
10:19:07,43.33,150,
10:19:07,43.33,400,
10:19:07,43.34,100,
10:19:07,43.3202,800,
10:19:10,43.34,300,
10:19:12,43.34,100,
10:19:12,43.3383,100,
10:19:12,43.3387,200,
10:19:12,43.34,200,
10:19:15,43.3304,220,
10:19:15,43.34,100,
10:19:15,43.35,300,
10:19:15,43.35,700,
10:19:15,43.34,800,
10:19:15,43.33,300,
10:19:16,43.33,200,
10:19:16,43.34,200,
10:19:18,43.3399,200,
10:19:18,43.34,200,
10:19:19,43.33,100,
10:19:19,43.33,100,
10:19:20,43.32,100,
10:19:20,43.32,100,
10:19:22,43.32,100,
10:19:25,43.33,100,
10:19:25,43.35,200,
10:19:25,43.3495,500,
10:19:26,43.34,800,
10:19:26,43.3301,400,
10:19:26,43.32,100,
10:19:26,43.32,200,
10:19:29,43.34,100,
10:19:29,43.34,100,
10:19:32,43.39,200,
10:19:32,43.39,100,
10:19:33,43.40,100,
10:19:33,43.3947,700,
10:19:33,43.40,300,
10:19:34,43.40,200,
10:19:34,43.41,200,
10:19:34,43.40,100,
10:19:34,43.40,150,
10:19:37,43.40,300,
10:19:37,43.42,100,
10:19:38,43.44,100,
10:19:38,43.44,200,
10:19:38,43.431,200,
10:19:38,43.4495,800,
10:19:40,43.45,200,
10:19:40,43.44,240,
10:19:40,43.44,300,
10:19:40,43.44,100,
10:19:41,43.44,310,
10:19:41,43.44,100,
10:19:42,43.4402,400,
10:19:42,43.46,100,
10:19:42,43.4599,100,
10:19:42,43.4599,500,
10:19:42,43.4599,100,
10:19:42,43.47,500,
10:19:42,43.48,500,
10:19:42,43.48,197,
10:19:42,43.48,400,
10:19:42,43.48,253,
10:19:42,43.47,150,
10:19:42,43.47,300,
10:19:42,43.48,100,
10:19:42,43.461,900,
10:19:43,43.46,100,
10:19:43,43.46,800,
10:19:43,43.46,400,
10:19:43,43.47,147,
10:19:43,43.47,100,
10:19:43,43.47,300,
10:19:43,43.49,200,
10:19:43,43.49,400,
10:19:43,43.49,100,
10:19:43,43.49,500,
10:19:45,43.50,100,
10:19:45,43.49,100,
10:19:45,43.49,100,
10:19:45,43.49,130,
10:19:46,43.4807,125,
10:19:46,43.50,300,
10:19:47,43.499,700,
10:19:47,43.499,547,
10:19:48,43.4999,1100,
10:19:48,43.49,100,
10:19:48,43.49,100,
10:19:49,43.49,200,
10:19:49,43.51,100,
10:19:51,43.50,651,
10:19:52,43.4914,500,
10:19:53,43.50,200,
10:19:53,43.5099,100,
10:19:53,43.51,100,
10:19:54,43.50,100,
10:19:54,43.50,300,
10:19:55,43.48,100,
10:19:55,43.48,224,
10:19:55,43.48,240,
10:19:55,43.48,300,
10:19:55,43.48,330,
10:19:55,43.48,200,
10:19:55,43.49,100,
10:19:55,43.49,260,
10:19:55,43.49,240,
10:19:57,43.492,1000,
10:19:58,43.4701,400,
10:19:58,43.49,150,
10:19:58,43.49,100,
10:19:59,43.50,100,
10:19:59,43.4993,100,
10:20:00,43.49,150,
10:20:00,43.48,100,
10:20:00,43.48,240,
10:20:01,43.4801,170,
10:20:01,43.4801,100,
10:20:01,43.48,100,
10:20:01,43.4801,100,
10:20:01,43.50,290,
10:20:01,43.50,240,
10:20:01,43.51,140,
10:20:01,43.49,100,
10:20:01,43.49,100,
10:20:02,43.498,900,
10:20:02,43.50,100,
10:20:02,43.50,150,
10:20:02,43.50,400,
10:20:02,43.50,300,
10:20:02,43.50,100,
10:20:03,43.47,100,
10:20:05,43.5068,200,
10:20:08,43.5007,400,
10:20:10,43.51,100,
10:20:10,43.509,190,
10:20:11,43.5299,476,
10:20:15,43.52,100,
10:20:15,43.52,300,
10:20:15,43.51,600,
10:20:15,43.51,830,
10:20:15,43.51,1837,
10:20:16,43.4999,1000,
10:20:17,43.50,100,
10:20:17,43.50,240,
10:20:17,43.51,100,
10:20:17,43.51,200,
10:20:18,43.50,170,
10:20:18,43.51,100,
10:20:18,43.51,300,
10:20:18,43.52,260,
10:20:18,43.52,200,
10:20:20,43.54,200,
10:20:20,43.55,300,
10:20:20,43.54,200,
10:20:20,43.54,468,
10:20:20,43.54,240,
10:20:20,43.53,100,
10:20:21,43.53,100,
10:20:21,43.53,300,
10:20:22,43.5314,100,
10:20:23,43.53,100,
10:20:23,43.53,240,
10:20:23,43.53,240,
10:20:23,43.52,100,
10:20:23,43.5204,100,
10:20:24,43.53,100,
10:20:24,43.5399,4000,
10:20:24,43.54,100,
10:20:26,43.5201,1000,
10:20:26,43.515,1200,
10:20:29,43.54,300,
10:20:29,43.54,300,
10:20:29,43.54,140,
10:20:29,43.5399,100,
10:20:29,43.5399,400,
10:20:29,43.5399,240,
10:20:29,43.5399,200,
10:20:29,43.5399,150,
10:20:30,43.55,100,
10:20:30,43.54,800,
10:20:30,43.53,300,
10:20:30,43.53,400,
10:20:30,43.54,300,
10:20:32,43.55,300,
10:20:32,43.55,300,
10:20:32,43.56,100,
10:20:32,43.57,400,
10:20:32,43.57,100,
10:20:32,43.58,400,
10:20:32,43.58,200,
10:20:32,43.59,100,
10:20:32,43.59,150,
10:20:32,43.59,100,
10:20:32,43.60,150,
10:20:32,43.60,400,
10:20:32,43.58,100,
10:20:32,43.60,200,
10:20:32,43.60,100,
10:20:32,43.60,100,
10:20:32,43.59,300,
10:20:32,43.59,175,
10:20:32,43.60,111,
10:20:32,43.57,100,
10:20:32,43.59,100,
10:20:32,43.60,300,
10:20:32,43.60,100,
10:20:33,43.60,175,
10:20:33,43.60,150,
10:20:33,43.60,300,
10:20:34,43.6041,250,
10:20:35,43.594,600,
10:20:35,43.62,100,
10:20:36,43.6193,400,
10:20:39,43.60,200,
10:20:40,43.6155,100,
10:20:41,43.64,200,
10:20:41,43.63,159,
10:20:43,43.65,570,
10:20:44,43.62,800,
10:20:44,43.62,400,
10:20:44,43.6201,200,
10:20:44,43.60,300,
10:20:44,43.61,400,
10:20:45,43.60,100,
10:20:45,43.61,100,
10:20:45,43.57,490,
10:20:45,43.571,100,
10:20:45,43.57,100,
10:20:45,43.57,500,
10:20:45,43.551,400,
10:20:45,43.551,400,
10:20:47,43.549,100,
10:20:47,43.5426,750,
10:20:48,43.53,475,
10:20:48,43.52,300,
10:20:48,43.52,267,
10:20:48,43.49,100,
10:20:48,43.48,800,
10:20:48,43.48,100,
10:20:48,43.4801,100,
10:20:49,43.48,240,
10:20:51,43.47,3268,
10:20:51,43.45,100,
10:20:51,43.45,200,
10:20:51,43.45,300,
10:20:51,43.45,100,
10:20:52,43.50,200,
10:20:53,43.46,100,
10:20:55,43.44,400,
10:20:55,43.44,300,
10:20:56,43.44,100,
10:20:58,43.4507,400,
10:20:59,43.47,100,
10:20:59,43.45,100,
10:21:04,43.4741,300,
10:21:06,43.46,200,
10:21:07,43.46,400,
10:21:07,43.46,1264,
10:21:07,43.46,300,
10:21:08,43.48,100,
10:21:08,43.46,100,
10:21:09,43.49,100,
10:21:10,43.50,100,
10:21:11,43.48,100,
10:21:14,43.50,100,
10:21:14,43.50,100,
10:21:14,43.51,100,
10:21:14,43.51,100,
10:21:14,43.51,100,
10:21:14,43.51,100,
10:21:14,43.51,100,
10:21:14,43.52,292,
10:21:14,43.53,200,
10:21:14,43.53,300,
10:21:14,43.53,100,
10:21:14,43.53,300,
10:21:15,43.53,300,
10:21:15,43.53,252,
10:21:16,43.51,700,
10:21:19,43.50,200,
10:21:19,43.5099,600,
10:21:19,43.48,800,
10:21:19,43.48,100,
10:21:19,43.48,240,
10:21:19,43.48,300,
10:21:19,43.49,150,
10:21:19,43.49,300,
10:21:20,43.47,400,
10:21:20,43.49,700,
10:21:20,43.47,100,
10:21:20,43.48,100,
10:21:20,43.48,261,
10:21:20,43.46,200,
10:21:20,43.48,100,
10:21:20,43.47,800,
10:21:20,43.47,300,
10:21:20,43.48,800,
10:21:20,43.48,261,
10:21:20,43.48,100,
10:21:20,43.44,160,
10:21:20,43.43,100,
10:21:20,43.43,200,
10:21:20,43.43,800,
10:21:23,43.42,300,
10:21:23,43.42,100,
10:21:23,43.42,100,
10:21:24,43.42,300,
10:21:24,43.41,187,
10:21:24,43.3901,1000,
10:21:25,43.39,100,
10:21:26,43.40,240,
10:21:27,43.4001,100,
10:21:28,43.401,250,
10:21:28,43.401,300,
10:21:28,43.40,100,
10:21:28,43.4001,100,
10:21:28,43.4001,100,
10:21:28,43.4001,100,
10:21:28,43.4001,150,
10:21:29,43.404,150,
10:21:35,43.4099,200,
10:21:38,43.3791,100,
10:21:38,43.38,300,
10:21:38,43.38,300,
10:21:39,43.3701,300,
10:21:44,43.3795,500,
10:21:48,43.35,300,
10:21:48,43.33,100,
10:21:50,43.35,100,
10:21:50,43.3599,600,
10:21:50,43.334,500,
10:21:52,43.36,150,
10:21:52,43.37,100,
10:21:52,43.37,300,
10:21:52,43.36,200,
10:21:52,43.36,100,
10:21:52,43.36,100,
10:21:52,43.3601,100,
10:21:52,43.3601,100,
10:21:53,43.3601,100,
10:21:53,43.3601,100,
10:21:54,43.36,100,
10:21:58,43.3747,500,
10:21:58,43.3798,200,
10:22:04,43.3601,500,
10:22:08,43.3601,300,
10:22:08,43.3601,100,
10:22:08,43.36,100,
10:22:09,43.37,100,
10:22:10,43.3701,100,
10:22:10,43.37,100,
10:22:10,43.37,100,
10:22:14,43.3829,100,
10:22:15,43.3801,100,
10:22:15,43.3801,300,
10:22:16,43.3899,400,
10:22:16,43.39,100,
10:22:16,43.3875,800,
10:22:16,43.39,100,
10:22:16,43.40,100,
10:22:16,43.39,168,
10:22:16,43.41,100,
10:22:16,43.39,100,
10:22:16,43.39,100,
10:22:21,43.44,400,
10:22:21,43.44,150,
10:22:25,43.44,240,
10:22:27,43.43,120,
10:22:29,43.41,210,
10:22:32,43.38,300,
10:22:32,43.38,400,
10:22:32,43.381,100,
10:22:33,43.3899,200,
10:22:33,43.40,100,
10:22:33,43.39,150,
10:22:33,43.39,800,
10:22:33,43.41,240,
10:22:33,43.41,300,
10:22:33,43.41,100,
10:22:33,43.39,100,
10:22:33,43.42,150,
10:22:33,43.39,100,
10:22:33,43.39,100,
10:22:33,43.41,240,
10:22:36,43.4016,100,
10:22:36,43.40,100,
10:22:36,43.39,100,
10:22:37,43.39,240,
10:22:40,43.37,100,
10:22:40,43.37,100,
10:22:40,43.37,100,
10:22:43,43.381,2000,
10:22:50,43.36,600,
10:22:50,43.35,100,
10:22:50,43.37,150,
10:22:50,43.37,100,
10:22:54,43.3701,200,
10:22:54,43.3701,200,
10:22:54,43.3701,300,
10:22:54,43.3701,100,
10:22:54,43.37,200,
10:23:02,43.3606,100,
10:23:02,43.361,2700,
10:23:06,43.35,100,
10:23:07,43.33,300,
10:23:08,43.31,400,
10:23:08,43.31,200,
10:23:10,43.31,100,
10:23:11,43.3026,500,
10:23:11,43.28,100,
10:23:15,43.26,1000,
10:23:16,43.251,100,
10:23:16,43.2501,2000,
10:23:17,43.25,100,
10:23:18,43.25,500,
10:23:18,43.2501,100,
10:23:18,43.2559,250,
10:23:20,43.27,150,
10:23:21,43.29,240,
10:23:21,43.28,300,
10:23:26,43.2801,100,
10:23:26,43.2801,100,
10:23:26,43.2801,100,
10:23:26,43.2801,100,
10:23:26,43.28,100,
10:23:26,43.30,100,
10:23:31,43.29,240,
10:23:31,43.29,100,
10:23:31,43.29,417,
10:23:32,43.29,100,
10:23:35,43.2901,500,
10:23:35,43.2901,100,
10:23:35,43.2901,100,
10:23:35,43.2901,100,
10:23:35,43.29,500,
10:23:35,43.29,100,
10:23:37,43.30,100,
10:23:39,43.28,100,
10:23:40,43.27,300,
10:23:40,43.27,800,
10:23:40,43.25,240,
10:23:40,43.25,200,
10:23:40,43.24,200,
10:23:47,43.242,100,
10:23:49,43.2499,1800,
10:23:50,43.2499,200,
10:23:50,43.25,100,
10:23:50,43.25,100,
10:23:50,43.23,100,
10:23:52,43.25,150,
10:23:53,43.2247,100,
10:23:53,43.23,100,
10:23:53,43.22,100,
10:23:53,43.20,100,
10:23:54,43.23,100,
10:23:56,43.2237,400,
10:23:58,43.20,100,
10:23:58,43.21,300,
10:23:59,43.201,100,
10:23:59,43.201,100,
10:24:01,43.214,100,
10:24:01,43.211,300,
10:24:01,43.2199,1200,
10:24:03,43.2399,100,
10:24:05,43.24,100,
10:24:06,43.23,100,
10:24:11,43.22,500,
10:24:16,43.2401,100,
10:24:16,43.24,300,
10:24:18,43.26,100,
10:24:18,43.26,200,
10:24:18,43.26,300,
10:24:21,43.27,300,
10:24:21,43.27,300,
10:24:21,43.27,200,
10:24:22,43.26,300,
10:24:26,43.2699,500,
10:24:28,43.26,300,
10:24:31,43.27,100,
10:24:31,43.27,150,
10:24:31,43.27,353,
10:24:31,43.27,100,
10:24:33,43.2706,200,
10:24:35,43.28,100,
10:24:38,43.26,210,
10:24:38,43.27,150,
10:24:38,43.27,300,
10:24:46,43.27,214,
10:24:46,43.27,800,
10:24:53,43.27,400,
10:24:53,43.27,150,
10:24:55,43.26,300,
10:24:55,43.26,300,
10:24:55,43.26,400,
10:24:56,43.25,100,
10:25:03,43.27,200,
10:25:09,43.2501,1000,
10:25:09,43.27,200,
10:25:09,43.28,100,
10:25:10,43.29,200,
10:25:10,43.30,100,
10:25:11,43.31,180,
10:25:14,43.29,100,
10:25:14,43.29,600,
10:25:14,43.29,240,
10:25:19,43.30,300,
10:25:19,43.30,240,
10:25:19,43.30,100,
10:25:22,43.36,100,
10:25:22,43.37,300,
10:25:24,43.36,800,
10:25:24,43.35,100,
10:25:24,43.35,200,
10:25:26,43.36,200,
10:25:26,43.36,200,
10:25:26,43.36,240,
10:25:29,43.3791,150,
10:25:33,43.38,150,
10:25:34,43.40,500,
10:25:38,43.3901,400,
10:25:39,43.41,299,
10:25:41,43.39,110,
10:25:41,43.39,150,
10:25:43,43.401,100,
10:25:43,43.40,900,
10:25:43,43.40,300,
10:25:43,43.40,240,
10:25:43,43.391,355,
10:25:43,43.391,100,
10:25:45,43.3901,1000,
10:25:49,43.42,300,
10:25:53,43.4168,200,
10:25:53,43.42,100,
10:25:54,43.40,100,
10:25:58,43.4014,200,
10:26:04,43.40,240,
10:26:05,43.36,100,
10:26:05,43.36,100,
10:26:05,43.3601,300,
10:26:06,43.402,2100,
10:26:06,43.3574,500,
10:26:09,43.32,100,
10:26:12,43.324,300,
10:26:14,43.30,300,
10:26:14,43.3001,400,
10:26:19,43.33,100,
10:26:22,43.31,236,
10:26:22,43.31,150,
10:26:22,43.32,300,
10:26:24,43.33,136,
10:26:26,43.3299,100,
10:26:27,43.32,100,
10:26:27,43.3201,300,
10:26:33,43.37,400,
10:26:33,43.37,100,
10:26:42,43.39,100,
10:26:42,43.39,100,
10:26:49,43.41,600,
10:26:51,43.40,100,
10:26:51,43.40,100,
10:26:51,43.40,100,
10:26:52,43.39,500,
10:26:55,43.42,150,
10:27:03,43.45,100,
10:27:03,43.44,136,
10:27:03,43.4399,800,
10:27:05,43.45,100,
10:27:05,43.45,200,
10:27:05,43.47,200,
10:27:06,43.44,300,
10:27:06,43.44,100,
10:27:06,43.44,200,
10:27:06,43.45,400,
10:27:07,43.45,300,
10:27:07,43.45,300,
10:27:24,43.47,200,
10:27:25,43.48,500,
10:27:25,43.49,100,
10:27:27,43.48,500,
10:27:27,43.48,500,
10:27:27,43.48,150,
10:27:27,43.48,215,
10:27:27,43.4799,1000,
10:27:27,43.4799,400,
10:27:27,43.4799,500,
10:27:27,43.4799,500,
10:27:27,43.4799,240,
10:27:28,43.4895,1000,
10:27:28,43.4899,300,
10:27:28,43.4899,100,
10:27:28,43.49,200,
10:27:32,43.46,240,
10:27:35,43.456,1000,
10:27:36,43.46,400,
10:27:36,43.4599,100,
10:27:36,43.46,500,
10:27:38,43.44,240,
10:27:38,43.43,300,
10:27:38,43.42,200,
10:27:41,43.42,400,
10:27:42,43.43,200,
10:27:44,43.4195,500,
10:27:45,43.41,300,
10:27:46,43.40,500,
10:27:47,43.4001,100,
10:27:48,43.42,100,
10:27:53,43.43,350,
10:27:54,43.415,2000,
10:28:01,43.3901,1000,
10:28:03,43.3914,1200,
10:28:04,43.39,240,
10:28:04,43.39,400,
10:28:05,43.38,100,
10:28:05,43.38,300,
10:28:08,43.36,240,
10:28:18,43.35,100,
10:28:29,43.34,100,
10:28:30,43.34,100,
10:28:35,43.3301,1000,
10:28:38,43.35,300,
10:28:45,43.33,150,
10:28:50,43.28,100,
10:28:52,43.271,300,
10:28:52,43.271,400,
10:28:54,43.2899,240,
10:28:55,43.271,199,
10:28:57,43.27,300,
10:29:00,43.256,500,
10:29:02,43.2616,3270,
10:29:02,43.2654,100,
10:29:02,43.26,100,
10:29:07,43.2501,300,
10:29:07,43.2528,100,
10:29:07,43.25,300,
10:29:07,43.25,200,
10:29:07,43.25,200,
10:29:11,43.24,100,
10:29:14,43.2229,300,
10:29:16,43.20,200,
10:29:16,43.20,900,
10:29:20,43.25,150,
10:29:22,43.24,150,
10:29:23,43.25,800,
10:29:23,43.26,130,
10:29:23,43.26,300,
10:29:23,43.26,560,
10:29:24,43.27,200,
10:29:26,43.25,200,
10:29:26,43.25,200,
10:29:28,43.26,100,
10:29:35,43.23,800,
10:29:36,43.25,100,
10:29:46,43.2401,100,
10:29:48,43.26,150,
10:29:48,43.26,400,
10:29:49,43.2693,100,
10:29:56,43.2627,100,
10:29:56,43.26,100,
10:29:56,43.26,300,
10:30:03,43.30,300,
10:30:03,43.30,100,
10:30:06,43.32,100,
10:30:07,43.34,300,
10:30:09,43.37,500,
10:30:09,43.37,300,
10:30:10,43.36,100,
10:30:15,43.3568,100,
10:30:20,43.358,100,
10:30:22,43.3499,100,
10:30:25,43.32,240,
10:30:28,43.2999,100,
10:30:30,43.29,240,
10:30:32,43.28,200,
10:30:34,43.275,2000,
10:30:35,43.281,900,
10:30:39,43.23,100,
10:30:39,43.231,300,
10:30:40,43.25,400,
10:30:43,43.22,300,
10:30:44,43.23,159,
10:30:46,43.21,400,
10:30:46,43.21,300,
10:30:46,43.19,100,
10:30:46,43.18,200,
10:30:46,43.17,200,
10:30:46,43.17,300,
10:30:46,43.17,400,
10:30:46,43.17,300,
10:30:46,43.17,240,
10:30:46,43.16,100,
10:30:46,43.17,240,
10:30:46,43.17,800,
10:30:46,43.17,100,
10:30:46,43.17,300,
10:30:46,43.1686,200,
10:30:47,43.15,100,
10:30:49,43.1661,500,
10:30:52,43.14,1000,
10:30:53,43.124,400,
10:30:57,43.12,3000,
10:30:59,43.12,100,
10:31:05,43.13,100,
10:31:05,43.12,141,
10:31:05,43.12,300,
10:31:05,43.11,100,
10:31:05,43.12,600,
10:31:05,43.11,300,
10:31:05,43.11,200,
10:31:05,43.10,300,
10:31:05,43.09,100,
10:31:05,43.10,500,
10:31:09,43.1053,1000,
10:31:10,43.10,14300,
10:31:10,43.10,400,
10:31:10,43.08,240,
10:31:10,43.07,100,
10:31:10,43.07,100,
10:31:10,43.09,300,
10:31:10,43.07,100,
10:31:10,43.08,200,
10:31:10,43.07,100,
10:31:10,43.07,200,
10:31:11,43.07,300,
10:31:11,43.07,300,
10:31:14,43.05,500,
10:31:16,43.051,200,
10:31:18,43.032,300,
10:31:19,43.03,200,
10:31:20,43.01,200,
10:31:20,43,100,
10:31:20,43.001,200,
10:31:20,43.001,1300,
10:31:20,43.001,200,
10:31:20,42.99,400,
10:31:20,42.99,100,
10:31:20,42.99,250,
10:31:20,42.99,100,
10:31:20,42.99,1200,
10:31:20,43,240,
10:31:20,43,190,
10:31:20,43,110,
10:31:21,43,200,
10:31:22,43.01,400,
10:31:22,43.01,140,
10:31:23,43.02,500,
10:31:24,43.0201,2000,
10:31:24,43.02,200,
10:31:24,43.03,1100,
10:31:24,43.03,100,
10:31:24,43.03,100,
10:31:24,43.03,600,
10:31:24,43.03,100,
10:31:24,43.0227,100,
10:31:25,43.0227,100,
10:31:25,43.02,300,
10:31:25,43.02,100,
10:31:25,43.02,200,
10:31:27,43.011,100,
10:31:27,43.03,100,
10:31:28,43.03,100,
10:31:29,43.0201,1000,
10:31:31,43.02,200,
10:31:35,43.02,200,
10:31:38,43.03,400,
10:31:39,43.03,1100,
10:31:39,43.01,100,
10:31:39,43.02,300,
10:31:43,43.03,100,
10:31:44,43.03,1400,
10:31:44,43.03,600,
10:31:44,43.03,310,
10:31:44,43.03,150,
10:31:44,43.02,400,
10:31:53,43,100,
10:31:53,43,100,
10:31:54,43,240,
10:31:59,42.99,240,
10:31:59,42.99,300,
10:32:00,43,600,
10:32:03,43,290,
10:32:03,43,240,
10:32:03,43.0099,300,
10:32:03,43,140,
10:32:03,43,1048,
10:32:03,43,800,
10:32:04,43.001,300,
10:32:06,43.01,300,
10:32:06,43.01,300,
10:32:06,43.01,300,
10:32:06,43.01,500,
10:32:07,43,150,
10:32:07,43.0014,100,
10:32:07,43.0013,300,
10:32:07,43.0013,100,
10:32:07,43,100,
10:32:08,42.99,200,
10:32:08,42.9702,100,
10:32:09,42.974,100,
10:32:10,43.01,100,
10:32:11,42.981,100,
10:32:12,42.962,100,
10:32:12,42.96,100,
10:32:13,42.96,240,
10:32:15,42.951,100,
10:32:16,42.96,100,
10:32:17,42.9595,500,
10:32:21,42.95,100,
10:32:23,42.93,300,
10:32:23,42.93,400,
10:32:23,42.94,240,
10:32:23,42.94,100,
10:32:28,42.93,110,
10:32:28,42.93,800,
10:32:28,42.93,100,
10:32:28,42.93,200,
10:32:28,42.93,800,
10:32:32,42.93,150,
10:32:32,42.93,800,
10:32:36,42.91,200,
10:32:36,42.94,100,
10:32:37,42.9005,1000,
10:32:41,42.94,100,
10:32:41,42.94,100,
10:32:41,42.94,200,
10:32:42,42.96,200,
10:32:42,42.97,100,
10:32:42,42.97,300,
10:32:42,42.97,100,
10:32:42,42.97,100,
10:32:42,42.99,300,
10:32:42,42.99,400,
10:32:42,42.98,100,
10:32:47,42.9968,1000,
10:32:48,43,100,
10:32:50,42.9968,200,
10:32:51,42.98,100,
10:32:54,42.98,240,
10:32:56,42.99,240,
10:32:56,42.99,300,
10:32:57,43,240,
10:32:57,43,390,
10:32:57,42.991,2200,
10:32:57,42.991,2200,
10:33:00,42.99,1900,
10:33:03,43,300,
10:33:09,43.03,150,
10:33:09,43.02,100,
10:33:09,43.02,100,
10:33:13,43.04,240,
10:33:15,43.05,500,
10:33:15,43.05,400,
10:33:15,43.05,100,
10:33:15,43.05,100,
10:33:15,43.05,100,
10:33:15,43.05,100,
10:33:15,43.05,100,
10:33:15,43.06,100,
10:33:15,43.05,745,
10:33:18,43.06,100,
10:33:21,43.0691,400,
10:33:21,43.0799,300,
10:33:22,43.089,300,
10:33:26,43.09,190,
10:33:26,43.09,400,
10:33:26,43.11,200,
10:33:26,43.11,100,
10:33:27,43.12,100,
10:33:27,43.12,100,
10:33:27,43.11,100,
10:33:27,43.11,200,
10:33:27,43.12,100,
10:33:28,43.14,200,
10:33:29,43.13,200,
10:33:29,43.13,300,
10:33:29,43.13,300,
10:33:29,43.11,300,
10:33:29,43.11,300,
10:33:29,43.11,400,
10:33:29,43.11,200,
10:33:29,43.11,1000,
10:33:30,43.12,240,
10:33:30,43.12,300,
10:33:30,43.11,150,
10:33:32,43.1099,500,
10:33:34,43.108,100,
10:33:34,43.108,500,
10:33:39,43.1195,1000,
10:33:42,43.11,150,
10:33:42,43.11,280,
10:33:44,43.1014,400,
10:33:49,43.10,300,
10:33:49,43.10,150,
10:33:52,43.09,150,
10:33:52,43.09,520,
10:33:53,43.0614,1000,
10:33:53,43.08,240,
10:33:53,43.09,240,
10:33:59,43.0999,1000,
10:34:02,43.08,240,
10:34:03,43.04,810,
10:34:03,43.04,250,
10:34:03,43.04,200,
10:34:03,43.05,100,
10:34:03,43.0695,1000,
10:34:07,43.08,100,
10:34:07,43.06,400,
10:34:18,43.06,159,
10:34:18,43.06,400,
10:34:19,43.051,200,
10:34:22,43.08,330,
10:34:22,43.07,240,
10:34:25,43.0901,100,
10:34:26,43.091,200,
10:34:26,43.10,100,
10:34:26,43.10,200,
10:34:31,43.0995,600,
10:34:34,43.0999,600,
10:34:35,43.0971,400,
10:34:36,43.098,500,
10:34:37,43.11,300,
10:34:37,43.11,240,
10:34:37,43.11,165,
10:34:42,43.11,210,
10:34:42,43.11,400,
10:34:42,43.1101,240,
10:34:43,43.1073,300,
10:34:43,43.1073,100,
10:34:43,43.11,100,
10:34:43,43.11,100,
10:34:45,43.11,600,
10:34:48,43.101,200,
10:34:50,43.104,200,
10:34:52,43.076,100,
10:34:55,43.05,300,
10:34:55,43.05,400,
10:34:57,43.0599,150,
10:35:06,43.012,500,
10:35:15,43.03,400,
10:35:15,43.03,200,
10:35:24,43.05,100,
10:35:24,43.04,400,
10:35:27,43.07,240,
10:35:35,43.08,200,
10:35:35,43.08,300,
10:35:36,43.088,2000,
10:35:37,43.06,100,
10:35:38,43.05,300,
10:35:38,43.05,300,
10:35:39,43.05,800,
10:35:39,43.05,100,
10:35:44,43.068,250,
10:35:47,43.06,100,
10:35:52,43.07,100,
10:35:57,43.10,100,
10:35:57,43.12,200,
10:35:57,43.13,400,
10:36:03,43.13,300,
10:36:05,43.1301,100,
10:36:05,43.14,100,
10:36:06,43.16,100,
10:36:06,43.16,200,
10:36:06,43.16,100,
10:36:06,43.16,200,
10:36:06,43.1629,900,
10:36:11,43.16,100,
10:36:13,43.17,700,
10:36:13,43.17,800,
10:36:14,43.17,100,
10:36:15,43.17,400,
10:36:15,43.1699,100,
10:36:15,43.17,500,
10:36:15,43.17,100,
10:36:15,43.17,400,
10:36:16,43.17,3500,
10:36:16,43.17,400,
10:36:16,43.17,239,
10:36:16,43.17,400,
10:36:16,43.17,100,
10:36:16,43.19,100,
10:36:20,43.18,200,
10:36:20,43.18,400,
10:36:20,43.1799,200,
10:36:20,43.18,200,
10:36:20,43.17,200,
10:36:20,43.17,200,
10:36:22,43.1701,100,
10:36:27,43.18,600,
10:36:34,43.18,100,
10:36:34,43.1799,100,
10:36:34,43.18,100,
10:36:34,43.18,100,
10:36:34,43.18,100,
10:36:35,43.18,200,
10:36:36,43.18,400,
10:36:36,43.18,1700,
10:36:36,43.18,600,
10:36:36,43.18,3167,
10:36:36,43.19,100,
10:36:36,43.20,100,
10:36:39,43.22,100,
10:36:40,43.2373,780,
10:36:42,43.24,100,
10:36:42,43.2399,100,
10:36:43,43.25,100,
10:36:43,43.24,100,
10:36:44,43.238,700,
10:36:45,43.2699,100,
10:36:46,43.24,100,
10:36:47,43.2395,1000,
10:36:47,43.24,300,
10:36:49,43.2194,500,
10:36:49,43.22,400,
10:36:54,43.22,186,
10:36:54,43.22,114,
10:36:54,43.22,100,
10:36:54,43.20,200,
10:36:55,43.21,100,
10:36:55,43.21,800,
10:36:55,43.22,200,
10:36:55,43.22,300,
10:36:57,43.214,1500,
10:37:03,43.15,150,
10:37:03,43.15,100,
10:37:05,43.14,500,
10:37:06,43.12,100,
10:37:06,43.139,200,
10:37:10,43.13,200,
10:37:15,43.128,200,
10:37:15,43.13,100,
10:37:20,43.13,400,
10:37:21,43.129,100,
10:37:22,43.16,240,
10:37:25,43.15,240,
10:37:33,43.12,100,
10:37:33,43.11,100,
10:37:33,43.11,100,
10:37:34,43.07,300,
10:37:36,43.06,240,
10:37:36,43.05,500,
10:37:36,43.05,300,
10:37:36,43.06,104,
10:37:36,43.07,150,
10:37:37,43.0605,1000,
10:37:43,43.09,300,
10:37:44,43.09,800,
10:37:50,43.10,800,
10:37:51,43.09,150,
10:37:55,43.08,240,
10:37:55,43.08,400,
10:38:03,43.07,100,
10:38:03,43.07,800,
10:38:03,43.07,100,
10:38:04,43.09,200,
10:38:09,43.09,100,
10:38:14,43.06,150,
10:38:14,43.06,300,
10:38:14,43.05,240,
10:38:14,43.05,400,
10:38:15,43.05,800,
10:38:16,43.06,300,
10:38:23,43.056,500,
10:38:30,43.0327,500,
10:38:32,43.03,200,
10:38:32,43.03,160,
10:38:32,43.03,100,
10:38:33,43.03,500,
10:38:35,43.01,200,
10:38:35,43.01,100,
10:38:36,43.0002,200,
10:38:38,43.01,100,
10:38:39,43.01,200,
10:38:47,43.03,740,
10:38:47,43.03,800,
10:38:54,43.04,300,
10:38:54,43.04,150,
10:38:54,43.05,500,
10:38:56,43.0401,200,
10:38:58,43.04,150,
10:39:01,43.04,240,
10:39:04,43,100,
10:39:04,43,400,
10:39:04,43,100,
10:39:04,43,100,
10:39:05,43.01,150,
10:39:05,43.03,300,
10:39:05,43.03,240,
10:39:08,43.01,200,
10:39:10,43.0252,100,
10:39:10,43.011,300,
10:39:10,43.04,100,
10:39:10,43.04,100,
10:39:10,43.04,300,
10:39:13,43.08,210,
10:39:16,43.07,300,
10:39:16,43.07,100,
10:39:16,43.06,100,
10:39:16,43.06,200,
10:39:16,43.05,300,
10:39:16,43.05,290,
10:39:16,43.05,290,
10:39:16,43.04,500,
10:39:16,43.04,300,
10:39:16,43.03,200,
10:39:16,43.02,100,
10:39:17,43.04,200,
10:39:17,43.04,200,
10:39:34,43.0499,150,
10:39:49,43.06,100,
10:39:59,43.0301,100,
10:40:02,43.05,200,
10:40:03,43.06,100,
10:40:03,43.06,100,
10:40:03,43.06,200,
10:40:04,43.06,100,
10:40:04,43.07,400,
10:40:05,43.09,300,
10:40:05,43.09,400,
10:40:05,43.10,100,
10:40:05,43.09,100,
10:40:05,43.10,100,
10:40:05,43.10,100,
10:40:06,43.08,300,
10:40:06,43.07,100,
10:40:06,43.08,300,
10:40:06,43.08,100,
10:40:10,43.09,100,
10:40:10,43.09,100,
10:40:13,43.10,300,
10:40:13,43.09,100,
10:40:13,43.09,400,
10:40:15,43.10,100,
10:40:15,43.10,100,
10:40:15,43.10,100,
10:40:15,43.10,240,
10:40:15,43.10,200,
10:40:15,43.10,500,
10:40:15,43.11,190,
10:40:15,43.12,110,
10:40:17,43.14,400,
10:40:17,43.1201,1000,
10:40:25,43.1399,100,
10:40:30,43.17,400,
10:40:31,43.1799,300,
10:40:37,43.1501,200,
10:40:47,43.17,100,
10:40:49,43.17,240,
10:40:49,43.17,100,
10:40:51,43.22,100,
10:40:51,43.22,100,
10:40:51,43.22,300,
10:40:52,43.22,300,
10:40:52,43.22,150,
10:40:52,43.22,194,
10:40:52,43.21,200,
10:40:52,43.21,240,
10:40:55,43.22,100,
10:41:04,43.20,150,
10:41:10,43.17,440,
10:41:12,43.19,300,
10:41:12,43.19,200,
10:41:12,43.19,300,
10:41:12,43.19,100,
10:41:12,43.19,240,
10:41:12,43.19,300,
10:41:14,43.18,100,
10:41:17,43.20,400,
10:41:17,43.1999,240,
10:41:22,43.24,100,
10:41:23,43.25,100,
10:41:23,43.25,300,
10:41:24,43.2401,188,
10:41:25,43.27,300,
10:41:25,43.27,240,
10:41:25,43.27,150,
10:41:26,43.28,300,
10:41:26,43.28,100,
10:41:26,43.28,100,
10:41:26,43.28,200,
10:41:26,43.2701,100,
