09:30:00,66.21,200,
09:30:00,66.22,200,
09:30:01,66.18,500,
09:30:01,66.19,100,
09:30:01,66.17,200,
09:30:01,66.17,500,
09:30:01,66.14,100,
09:30:01,66.0876,100,
09:30:02,66.17,100,
09:30:02,66.17,100,
09:30:02,66.17,100,
09:30:02,66.14,500,
09:30:02,66.15,500,
09:30:02,66.13,200,
09:30:02,66.10,101,
09:30:02,66.05,1000,
09:30:02,66.10,100,
09:30:02,66.09,100,
09:30:02,66.06,100,
09:30:02,66.08,100,
09:30:02,66.142,140,
09:30:04,66.14,200,
09:30:07,66.16,100,
09:30:08,66.16,300,
09:30:09,66.15,500,
09:30:12,66.12,160,
09:30:13,66.14,200,
09:30:17,66.09,300,
09:30:21,66.139,100,
09:30:24,66.14,800,
09:30:26,66.0801,100,
09:30:27,66.0901,100,
09:30:27,66.0901,100,
09:30:27,66.10,500,
09:30:28,66.0999,200,
09:30:28,66.10,200,
09:30:30,66.16,100,
09:30:30,66.1599,100,
09:30:30,66.16,900,
09:30:32,66.16,271,
09:30:32,66.15,100,
09:30:34,66.1574,1000,
09:30:40,66.19,100,
09:30:41,66.169,150,
09:30:44,66.168,100,
09:30:46,66.2185,100,
09:30:46,66.219,687,
09:30:46,66.219,400,
09:30:47,66.209,1000,
09:30:47,66.209,100,
09:30:49,66.2199,500,
09:30:51,66.23,200,
09:30:51,66.23,150,
09:30:51,66.23,100,
09:30:51,66.24,100,
09:30:51,66.25,100,
09:30:51,66.22,100,
09:30:51,66.29,100,
09:30:51,66.298,190,
09:30:51,66.2872,300,
09:30:53,66.268,100,
09:30:54,66.24,100,
09:30:54,66.20,100,
09:30:54,66.20,100,
09:30:54,66.2001,100,
09:30:55,66.2001,200,
09:30:55,66.22,100,
09:30:55,66.24,100,
09:30:55,66.2947,1800,
09:30:59,66.2574,1500,
09:31:01,66.28,100,
09:31:02,66.2799,500,
09:31:05,66.25,300,
09:31:05,66.25,100,
09:31:08,66.248,170,
09:31:10,66.2702,100,
09:31:10,66.24,500,
09:31:10,66.23,500,
09:31:10,66.24,500,
09:31:10,66.22,500,
09:31:10,66.22,100,
09:31:16,66.248,1800,
09:31:21,66.24,100,
09:31:26,66.28,100,
09:31:31,66.3099,2300,
09:31:32,66.29,100,
09:31:32,66.29,100,
09:31:32,66.29,100,
09:31:32,66.30,800,
09:31:32,66.2992,100,
09:31:33,66.299,700,
09:31:33,66.299,700,
09:31:39,66.26,100,
09:31:39,66.25,100,
09:31:41,66.2593,500,
09:31:44,66.26,100,
09:31:44,66.25,200,
09:31:45,66.19,100,
09:31:48,66.1896,300,
09:31:49,66.19,100,
09:31:51,66.209,200,
09:31:51,66.209,100,
09:31:52,66.1929,500,
09:31:57,66.19,100,
09:32:00,66.19,400,
09:32:00,66.2008,100,
09:32:06,66.1895,720,
09:32:06,66.19,500,
09:32:07,66.18,200,
09:32:11,66.1786,150,
09:32:12,66.16,200,
09:32:12,66.12,100,
09:32:17,66.13,100,
09:32:17,66.1193,200,
09:32:25,66.12,100,
09:32:25,66.13,100,
09:32:25,66.12,100,
09:32:30,66.0815,100,
09:32:30,66.07,100,
09:32:30,66.07,100,
09:32:30,66.07,200,
09:32:30,66.07,100,
09:32:30,66.09,800,
09:32:37,66.1099,1000,
09:32:42,66.06,100,
09:32:44,66.11,300,
09:32:44,66.11,200,
09:32:44,66.10,300,
09:32:44,66.08,100,
09:32:44,66.10,100,
09:32:44,66.12,500,
09:32:44,66.12,450,
09:32:44,66.11,500,
09:32:44,66.13,400,
09:32:44,66.12,200,
09:32:44,66.12,100,
09:32:44,66.11,1500,
09:32:44,66.14,600,
09:32:44,66.17,100,
09:32:44,66.19,100,
09:32:44,66.19,100,
09:32:44,66.18,200,
09:32:44,66.23,100,
09:32:44,66.25,100,
09:32:44,66.27,300,
09:32:44,66.22,100,
09:32:44,66.27,100,
09:32:44,66.26,100,
09:32:44,66.28,300,
09:32:44,66.26,100,
09:32:44,66.25,100,
09:32:44,66.24,100,
09:32:46,66.23,100,
09:32:50,66.26,500,
09:32:59,66.274,500,
09:33:00,66.29,112,
09:33:00,66.29,100,
09:33:00,66.29,100,
09:33:08,66.30,200,
09:33:08,66.3124,125,
09:33:08,66.32,100,
09:33:08,66.33,800,
09:33:08,66.33,300,
09:33:08,66.34,100,
09:33:08,66.37,100,
09:33:09,66.35,108,
09:33:09,66.308,2000,
09:33:10,66.37,100,
09:33:12,66.40,100,
09:33:13,66.3664,300,
09:33:13,66.382,2600,
09:33:14,66.3924,800,
09:33:14,66.40,1000,
09:33:18,66.399,100,
09:33:19,66.3943,100,
09:33:19,66.38,200,
09:33:19,66.38,200,
09:33:20,66.38,200,
09:33:21,66.398,300,
09:33:21,66.3984,125,
09:33:22,66.399,200,
09:33:23,66.398,100,
09:33:23,66.43,185,
09:33:23,66.45,149,
09:33:25,66.479,100,
09:33:27,66.47,1000,
09:33:27,66.474,100,
09:33:28,66.468,377,
09:33:32,66.458,900,
09:33:38,66.459,100,
09:33:39,66.44,100,
09:33:40,66.4303,300,
09:33:40,66.43,200,
09:33:40,66.43,100,
09:33:41,66.4101,1000,
09:33:42,66.3702,900,
09:33:43,66.37,200,
09:33:43,66.37,100,
09:33:45,66.384,500,
09:33:48,66.3748,300,
09:34:00,66.3799,100,
09:34:00,66.3699,200,
09:34:01,66.37,100,
09:34:04,66.38,100,
09:34:05,66.37,100,
09:34:07,66.3186,730,
09:34:08,66.3183,100,
09:34:08,66.319,100,
09:34:08,66.30,100,
09:34:10,66.311,100,
09:34:12,66.312,1800,
09:34:19,66.35,200,
09:34:23,66.33,100,
09:34:26,66.33,500,
09:34:29,66.32,100,
09:34:31,66.36,100,
09:34:31,66.38,200,
09:34:34,66.37,100,
09:34:34,66.37,100,
09:34:39,66.37,300,
09:34:42,66.4299,300,
09:34:42,66.4299,200,
09:34:42,66.43,300,
09:34:49,66.4377,1000,
09:34:53,66.41,100,
09:34:53,66.4247,500,
09:34:56,66.44,100,
09:34:56,66.46,300,
09:34:56,66.48,150,
09:34:58,66.50,100,
09:34:58,66.50,131,
09:34:59,66.48,100,
09:34:59,66.50,500,
09:35:02,66.48,100,
09:35:04,66.45,100,
09:35:04,66.438,200,
09:35:05,66.44,100,
09:35:05,66.4801,2700,
09:35:11,66.44,100,
09:35:11,66.41,300,
09:35:14,66.4013,100,
09:35:14,66.401,600,
09:35:15,66.372,1000,
09:35:15,66.3799,400,
09:35:16,66.39,200,
09:35:18,66.39,200,
09:35:20,66.37,100,
09:35:29,66.34,200,
09:35:29,66.349,100,
09:35:32,66.35,100,
09:35:36,66.30,400,
09:35:41,66.299,100,
09:35:42,66.296,400,
09:35:43,66.27,100,
09:35:44,66.27,200,
09:35:44,66.26,200,
09:35:49,66.2998,500,
09:35:55,66.28,175,
09:35:59,66.2828,300,
09:36:01,66.2801,300,
09:36:02,66.32,278,
09:36:02,66.32,200,
09:36:07,66.29,100,
09:36:09,66.31,100,
09:36:09,66.29,100,
09:36:12,66.282,500,
09:36:15,66.2895,100,
09:36:16,66.288,200,
09:36:20,66.272,300,
09:36:20,66.29,100,
09:36:26,66.2719,100,
09:36:27,66.271,800,
09:36:28,66.275,2840,
09:36:30,66.28,100,
09:36:30,66.28,100,
09:36:30,66.28,100,
09:36:30,66.28,100,
09:36:30,66.28,100,
09:36:30,66.28,100,
09:36:31,66.31,100,
09:36:31,66.31,100,
09:36:34,66.32,100,
09:36:34,66.32,100,
09:36:35,66.281,100,
09:36:36,66.282,700,
09:36:40,66.27,100,
09:36:41,66.30,200,
09:36:41,66.33,100,
09:36:42,66.34,500,
09:36:45,66.33,100,
09:36:45,66.3147,1800,
09:36:50,66.29,100,
09:36:53,66.291,100,
09:36:54,66.292,700,
09:36:59,66.30,100,
09:37:04,66.29,100,
09:37:07,66.25,500,
09:37:08,66.24,100,
09:37:10,66.2599,1000,
09:37:11,66.2532,150,
09:37:18,66.26,100,
09:37:21,66.2201,2300,
09:37:23,66.20,300,
09:37:33,66.212,250,
09:37:35,66.21,100,
09:37:36,66.2086,200,
09:37:37,66.2273,500,
09:37:52,66.23,300,
09:37:53,66.2581,200,
09:38:00,66.23,200,
09:38:00,66.23,100,
09:38:01,66.23,100,
09:38:07,66.25,100,
09:38:08,66.26,300,
09:38:08,66.27,100,
09:38:13,66.2874,1800,
09:38:16,66.298,500,
09:38:19,66.23,100,
09:38:21,66.20,450,
09:38:23,66.16,300,
09:38:23,66.15,200,
09:38:23,66.15,700,
09:38:24,66.1599,300,
09:38:24,66.16,100,
09:38:24,66.16,200,
09:38:24,66.1628,150,
09:38:27,66.13,200,
09:38:28,66.16,700,
09:38:30,66.1292,100,
09:38:30,66.1243,100,
09:38:30,66.12,100,
09:38:33,66.136,300,
09:38:34,66.1201,200,
09:38:37,66.14,100,
09:38:37,66.14,100,
09:38:38,66.15,100,
09:38:38,66.15,300,
09:38:39,66.16,100,
09:38:40,66.1401,500,
09:38:46,66.17,100,
09:38:50,66.1601,160,
09:38:51,66.16,100,
09:38:52,66.1572,800,
09:38:55,66.142,450,
09:38:56,66.17,100,
09:39:01,66.16,200,
09:39:01,66.16,300,
09:39:08,66.135,700,
09:39:11,66.16,200,
09:39:13,66.15,100,
09:39:14,66.17,200,
09:39:15,66.154,800,
09:39:17,66.17,300,
09:39:17,66.17,100,
09:39:18,66.20,100,
09:39:22,66.2086,1000,
09:39:29,66.1874,1000,
09:39:34,66.2299,150,
09:39:38,66.20,100,
09:39:46,66.20,100,
09:39:47,66.2028,200,
09:39:50,66.1974,1800,
09:39:54,66.23,100,
09:39:56,66.2674,100,
09:39:56,66.27,100,
09:39:56,66.28,100,
09:39:57,66.2653,812,
09:40:01,66.26,100,
09:40:02,66.27,100,
09:40:02,66.27,100,
09:40:03,66.28,100,
09:40:05,66.2997,300,
09:40:06,66.28,100,
09:40:06,66.2747,1800,
09:40:07,66.26,100,
09:40:07,66.27,100,
09:40:08,66.269,100,
09:40:10,66.268,400,
09:40:16,66.3002,100,
09:40:20,66.33,100,
09:40:20,66.34,2000,
09:40:21,66.27,100,
09:40:31,66.2653,1000,
09:40:32,66.232,1000,
09:40:33,66.25,100,
09:40:33,66.24,235,
09:40:34,66.258,100,
09:40:38,66.235,2500,
09:40:38,66.2353,925,
09:40:39,66.25,100,
09:40:40,66.24,100,
09:40:41,66.25,100,
09:40:41,66.249,200,
09:40:44,66.20,100,
09:40:44,66.20,100,
09:40:50,66.1973,550,
09:40:51,66.20,100,
09:40:51,66.20,100,
09:40:52,66.20,1000,
09:40:53,66.28,100,
09:40:55,66.25,100,
09:40:55,66.2225,2000,
09:41:02,66.24,100,
09:41:08,66.2186,500,
09:41:11,66.212,500,
09:41:12,66.22,100,
09:41:14,66.21,100,
09:41:15,66.27,100,
09:41:27,66.33,200,
09:41:27,66.36,1000,
09:41:27,66.36,200,
09:41:28,66.40,100,
09:41:28,66.42,100,
09:41:30,66.4102,1900,
09:41:31,66.41,100,
09:41:31,66.40,400,
09:41:31,66.39,200,
09:41:32,66.3801,600,
09:41:34,66.419,400,
09:41:35,66.4173,1000,
09:41:35,66.39,100,
09:41:35,66.38,100,
09:41:36,66.3613,500,
09:41:43,66.35,500,
09:41:45,66.37,200,
09:41:51,66.35,500,
09:41:52,66.351,500,
09:41:52,66.351,1400,
09:41:57,66.3372,100,
09:41:57,66.339,200,
09:41:58,66.34,215,
09:41:59,66.335,5000,
09:42:00,66.34,200,
09:42:01,66.34,100,
09:42:02,66.33,100,
09:42:03,66.32,100,
09:42:04,66.31,100,
09:42:04,66.31,100,
09:42:10,66.3327,500,
09:42:13,66.37,100,
09:42:20,66.39,100,
09:42:22,66.39,100,
09:42:26,66.37,100,
09:42:26,66.37,100,
09:42:28,66.356,100,
09:42:30,66.34,100,
09:42:31,66.35,100,
09:42:31,66.35,100,
09:42:31,66.35,400,
09:42:43,66.36,200,
09:42:45,66.39,100,
09:42:46,66.43,100,
09:42:49,66.45,377,
09:42:50,66.45,1600,
09:42:50,66.45,3000,
09:42:50,66.45,200,
09:42:50,66.46,100,
09:42:51,66.43,200,
09:42:52,66.4126,1800,
09:42:54,66.4201,1000,
09:42:56,66.4399,5000,
09:42:58,66.4478,100,
09:42:58,66.449,100,
09:43:01,66.44,100,
09:43:03,66.439,100,
09:43:04,66.4484,450,
09:43:05,66.4201,900,
09:43:07,66.424,900,
09:43:11,66.4372,100,
09:43:16,66.45,100,
09:43:16,66.45,100,
09:43:21,66.461,100,
09:43:29,66.43,100,
09:43:29,66.43,400,
09:43:31,66.44,100,
09:43:31,66.44,100,
09:43:31,66.44,200,
09:43:31,66.44,100,
09:43:32,66.43,100,
09:43:32,66.43,500,
09:43:34,66.4497,500,
09:43:35,66.451,100,
09:43:37,66.452,700,
09:43:40,66.45,200,
09:43:44,66.4526,1000,
09:43:44,66.46,100,
09:43:45,66.46,100,
09:43:45,66.4899,1000,
09:43:50,66.45,100,
09:43:52,66.438,500,
09:43:53,66.4499,200,
09:43:53,66.45,200,
09:43:53,66.4499,100,
09:43:53,66.45,100,
09:43:55,66.43,100,
09:43:55,66.41,100,
09:43:55,66.40,300,
09:43:55,66.392,100,
09:43:55,66.3999,100,
09:44:00,66.40,100,
09:44:04,66.39,100,
09:44:05,66.39,100,
09:44:15,66.37,300,
09:44:15,66.41,100,
09:44:15,66.42,100,
09:44:15,66.42,100,
09:44:15,66.42,100,
09:44:18,66.43,100,
09:44:20,66.42,100,
09:44:20,66.41,100,
09:44:20,66.4214,100,
09:44:20,66.415,100,
09:44:22,66.41,100,
09:44:23,66.36,100,
09:44:25,66.36,300,
09:44:25,66.3599,600,
09:44:28,66.36,100,
09:44:33,66.34,100,
09:44:34,66.3201,5000,
09:44:34,66.33,100,
09:44:34,66.33,100,
09:44:37,66.30,200,
09:44:40,66.3299,400,
09:44:43,66.33,100,
09:44:50,66.33,100,
09:45:00,66.3854,100,
09:45:00,66.39,200,
09:45:06,66.3943,100,
09:45:10,66.38,100,
09:45:10,66.38,100,
09:45:10,66.41,100,
09:45:12,66.46,200,
09:45:15,66.4799,2500,
09:45:17,66.46,100,
09:45:17,66.46,100,
09:45:17,66.47,100,
09:45:23,66.449,100,
09:45:25,66.39,200,
09:45:25,66.39,100,
09:45:25,66.39,100,
09:45:25,66.40,100,
09:45:25,66.40,200,
09:45:27,66.39,100,
09:45:29,66.42,100,
09:45:30,66.43,226,
09:45:31,66.45,100,
09:45:31,66.458,100,
09:45:32,66.45,100,
09:45:32,66.429,300,
09:45:33,66.425,650,
09:45:38,66.44,100,
09:45:39,66.4299,500,
09:45:42,66.44,100,
09:45:44,66.47,100,
09:45:45,66.48,400,
09:45:45,66.48,100,
09:45:47,66.49,100,
09:45:47,66.4799,100,
09:45:47,66.485,100,
09:45:47,66.485,100,
09:45:47,66.485,100,
09:45:47,66.485,100,
09:45:48,66.47,200,
09:45:48,66.47,2900,
09:45:49,66.469,100,
09:45:49,66.468,800,
09:45:50,66.45,200,
09:45:50,66.44,200,
09:45:55,66.46,100,
09:45:56,66.452,1000,
09:45:57,66.47,300,
09:46:03,66.48,100,
09:46:03,66.48,100,
09:46:03,66.4784,400,
09:46:07,66.478,300,
09:46:08,66.469,100,
09:46:09,66.45,600,
09:46:09,66.46,100,
09:46:11,66.46,100,
09:46:11,66.47,100,
09:46:11,66.47,200,
09:46:11,66.47,100,
09:46:11,66.47,300,
09:46:16,66.47,100,
09:46:20,66.4789,1000,
09:46:20,66.4672,200,
09:46:23,66.47,200,
09:46:25,66.47,100,
09:46:27,66.4799,300,
09:46:28,66.4899,100,
09:46:28,66.4899,100,
09:46:29,66.489,300,
09:46:29,66.489,100,
09:46:29,66.49,200,
09:46:29,66.49,100,
09:46:29,66.488,100,
09:46:30,66.48,100,
09:46:31,66.49,200,
09:46:33,66.50,100,
09:46:33,66.50,100,
09:46:33,66.50,100,
09:46:33,66.50,100,
09:46:34,66.4974,500,
09:46:35,66.4984,100,
09:46:35,66.49,100,
09:46:35,66.50,100,
09:46:37,66.4999,1000,
09:46:38,66.491,100,
09:46:38,66.50,400,
09:46:39,66.48,100,
09:46:40,66.46,300,
09:46:40,66.46,3900,
09:46:41,66.4328,100,
09:46:41,66.432,100,
09:46:44,66.4499,200,
09:46:44,66.45,100,
09:46:44,66.45,100,
09:46:44,66.4499,200,
09:46:46,66.4499,300,
09:46:46,66.45,300,
09:46:46,66.47,100,
09:46:46,66.47,100,
09:46:46,66.455,100,
09:46:46,66.455,100,
09:46:46,66.465,100,
09:46:46,66.465,100,
09:46:46,66.465,100,
09:46:46,66.465,100,
09:46:46,66.46,100,
09:46:51,66.4801,500,
09:46:51,66.52,100,
09:46:51,66.54,100,
09:46:51,66.54,100,
09:46:51,66.54,100,
09:46:51,66.50,100,
09:46:51,66.50,1000,
09:46:51,66.54,100,
09:46:52,66.549,100,
09:46:52,66.549,400,
09:46:52,66.55,500,
09:46:54,66.5147,1000,
09:46:54,66.53,200,
09:46:54,66.50,200,
09:46:56,66.50,100,
09:46:56,66.51,100,
09:46:57,66.528,300,
09:46:57,66.528,100,
09:46:57,66.53,100,
09:46:58,66.548,200,
09:46:58,66.548,300,
09:46:58,66.55,200,
09:46:58,66.55,300,
09:46:59,66.51,200,
09:46:59,66.52,300,
09:47:00,66.53,100,
09:47:00,66.53,100,
09:47:00,66.54,100,
09:47:01,66.5372,100,
09:47:03,66.5461,100,
09:47:06,66.5201,2000,
09:47:06,66.53,315,
09:47:07,66.51,600,
09:47:07,66.51,100,
09:47:08,66.54,100,
09:47:09,66.55,500,
09:47:09,66.53,100,
09:47:09,66.5499,100,
09:47:09,66.55,200,
09:47:16,66.55,300,
09:47:20,66.5202,300,
09:47:20,66.52,200,
09:47:20,66.52,100,
09:47:21,66.53,100,
09:47:21,66.53,100,
09:47:23,66.53,100,
09:47:23,66.57,300,
09:47:24,66.57,100,
09:47:24,66.5984,450,
09:47:24,66.62,100,
09:47:24,66.605,100,
09:47:24,66.615,100,
09:47:25,66.61,100,
09:47:25,66.62,100,
09:47:25,66.61,100,
09:47:25,66.61,100,
09:47:25,66.60,100,
09:47:25,66.58,100,
09:47:27,66.598,100,
09:47:27,66.60,100,
09:47:31,66.58,100,
09:47:31,66.57,100,
09:47:32,66.56,1084,
09:47:32,66.58,300,
09:47:32,66.5799,1100,
09:47:32,66.58,300,
09:47:32,66.5799,700,
09:47:32,66.58,1100,
09:47:33,66.56,100,
09:47:33,66.56,100,
09:47:34,66.56,100,
09:47:36,66.55,250,
09:47:37,66.568,200,
09:47:38,66.541,200,
09:47:38,66.5401,250,
09:47:39,66.57,100,
09:47:39,66.57,100,
09:47:41,66.57,100,
09:47:41,66.57,200,
09:47:41,66.57,100,
09:47:41,66.579,400,
09:47:43,66.56,100,
09:47:47,66.55,100,
09:47:50,66.53,100,
09:47:51,66.5199,300,
09:47:52,66.501,4300,
09:47:53,66.501,200,
09:47:54,66.4914,1000,
09:47:58,66.50,100,
09:47:59,66.5086,100,
09:47:59,66.51,100,
09:48:02,66.51,100,
09:48:05,66.538,100,
09:48:05,66.538,200,
09:48:05,66.54,200,
09:48:05,66.538,200,
09:48:05,66.54,200,
09:48:05,66.538,100,
09:48:05,66.54,100,
09:48:05,66.538,100,
09:48:06,66.55,100,
09:48:06,66.57,100,
09:48:06,66.58,100,
09:48:07,66.57,100,
09:48:09,66.57,100,
09:48:09,66.5699,100,
09:48:09,66.57,100,
09:48:12,66.58,200,
09:48:12,66.60,100,
09:48:15,66.65,100,
09:48:15,66.64,100,
09:48:16,66.61,100,
09:48:24,66.5957,200,
09:48:30,66.59,100,
09:48:30,66.57,100,
09:48:32,66.60,200,
09:48:37,66.59,100,
09:48:40,66.61,100,
09:48:42,66.60,100,
09:48:42,66.61,100,
09:48:45,66.5712,100,
09:48:45,66.5726,100,
09:48:49,66.59,100,
09:48:50,66.59,100,
09:49:00,66.58,200,
09:49:07,66.58,2300,
09:49:08,66.5893,100,
09:49:08,66.589,200,
09:49:16,66.59,100,
09:49:16,66.60,100,
09:49:23,66.58,100,
09:49:23,66.609,500,
09:49:23,66.6099,300,
09:49:26,66.6186,200,
09:49:26,66.6199,100,
09:49:26,66.62,100,
09:49:26,66.62,200,
09:49:28,66.59,100,
09:49:28,66.59,500,
09:49:28,66.59,100,
09:49:28,66.58,100,
09:49:28,66.58,500,
09:49:29,66.58,500,
09:49:29,66.58,100,
09:49:29,66.5899,100,
09:49:29,66.59,100,
09:49:29,66.5899,100,
09:49:32,66.59,100,
09:49:36,66.57,100,
09:49:38,66.57,100,
09:49:39,66.58,100,
09:49:42,66.5698,500,
09:49:42,66.57,200,
09:49:43,66.55,1000,
09:49:47,66.534,1000,
09:49:52,66.519,100,
09:49:53,66.528,900,
09:49:54,66.51,3000,
09:49:55,66.52,100,
09:49:55,66.52,100,
09:49:56,66.51,100,
09:49:56,66.50,100,
09:49:58,66.51,100,
09:50:00,66.5216,300,
09:50:04,66.49,100,
09:50:06,66.50,200,
09:50:06,66.50,100,
09:50:06,66.498,100,
09:50:06,66.498,100,
09:50:06,66.50,100,
09:50:07,66.51,100,
09:50:11,66.53,100,
09:50:11,66.54,200,
09:50:12,66.54,100,
09:50:13,66.54,300,
09:50:13,66.5399,300,
09:50:13,66.54,500,
09:50:13,66.5399,300,
09:50:13,66.5399,300,
09:50:13,66.55,280,
09:50:18,66.55,300,
09:50:31,66.538,1000,
09:50:33,66.52,100,
09:50:34,66.53,100,
09:50:36,66.53,100,
09:50:36,66.5398,100,
09:50:36,66.539,200,
09:50:36,66.539,200,
09:50:38,66.56,100,
09:50:38,66.538,4100,
09:50:43,66.5371,100,
09:50:43,66.53,100,
09:50:43,66.50,200,
09:50:44,66.50,300,
09:50:44,66.50,100,
09:50:45,66.4907,1000,
09:50:50,66.51,200,
09:50:52,66.54,100,
09:50:52,66.54,100,
09:50:52,66.548,100,
09:50:52,66.55,100,
09:50:59,66.54,100,
09:51:04,66.5576,100,
09:51:04,66.56,100,
09:51:04,66.56,500,
09:51:04,66.5599,752,
09:51:05,66.56,300,
09:51:10,66.569,100,
09:51:10,66.569,200,
09:51:11,66.569,500,
09:51:14,66.5499,1000,
09:51:15,66.55,500,
09:51:15,66.55,100,
09:51:16,66.59,100,
09:51:17,66.60,100,
09:51:17,66.56,1500,
09:51:32,66.59,100,
09:51:38,66.586,1000,
09:51:41,66.58,100,
09:51:41,66.57,500,
09:51:41,66.579,100,
09:51:41,66.568,100,
09:51:43,66.58,100,
09:51:43,66.58,100,
09:51:45,66.5999,100,
09:51:47,66.61,100,
09:51:48,66.62,100,
09:51:49,66.61,100,
09:51:51,66.5901,1500,
09:51:53,66.609,1000,
09:51:53,66.609,1000,
09:52:02,66.60,200,
09:52:03,66.61,100,
09:52:05,66.65,500,
09:52:05,66.65,100,
09:52:05,66.64,100,
09:52:09,66.658,500,
09:52:11,66.66,100,
09:52:11,66.66,1300,
09:52:11,66.68,300,
09:52:12,66.6799,500,
09:52:13,66.6471,200,
09:52:13,66.6499,100,
09:52:13,66.6499,100,
09:52:13,66.6499,1700,
09:52:13,66.65,100,
09:52:14,66.649,500,
09:52:14,66.649,700,
09:52:20,66.659,100,
09:52:20,66.63,100,
09:52:20,66.61,100,
09:52:21,66.62,100,
09:52:21,66.62,200,
09:52:21,66.62,100,
09:52:24,66.6086,100,
09:52:27,66.61,200,
09:52:30,66.62,100,
09:52:34,66.6199,200,
09:52:39,66.62,100,
09:52:39,66.62,100,
09:52:40,66.62,100,
09:52:40,66.62,100,
09:52:44,66.6299,2300,
09:52:50,66.628,100,
09:52:53,66.62,200,
09:52:53,66.61,3400,
09:52:53,66.60,150,
09:52:59,66.598,500,
09:53:00,66.60,100,
09:53:00,66.61,100,
09:53:00,66.62,100,
09:53:01,66.63,100,
09:53:02,66.6274,400,
09:53:03,66.6284,300,
09:53:07,66.6101,600,
09:53:22,66.6228,400,
09:53:29,66.62,100,
09:53:29,66.63,100,
09:53:29,66.63,100,
09:53:29,66.64,100,
09:53:29,66.65,100,
09:53:29,66.65,100,
09:53:29,66.64,100,
09:53:29,66.64,100,
09:53:29,66.65,100,
09:53:29,66.65,100,
09:53:32,66.57,100,
09:53:32,66.5876,100,
09:53:32,66.589,200,
09:53:34,66.62,100,
09:53:40,66.63,100,
09:53:44,66.622,350,
09:53:49,66.6371,100,
09:53:56,66.6268,100,
09:53:59,66.5999,275,
09:54:02,66.61,100,
09:54:02,66.592,900,
09:54:06,66.60,100,
09:54:06,66.5801,300,
09:54:06,66.56,4100,
09:54:09,66.56,400,
09:54:10,66.56,200,
09:54:11,66.56,100,
09:54:11,66.56,300,
09:54:11,66.548,200,
09:54:13,66.52,100,
09:54:14,66.531,100,
09:54:14,66.531,4700,
09:54:17,66.54,100,
09:54:21,66.5401,7500,
09:54:25,66.57,200,
09:54:27,66.5599,2500,
09:54:32,66.52,100,
09:54:32,66.52,100,
09:54:33,66.49,191,
09:54:33,66.49,100,
09:54:34,66.48,500,
09:54:36,66.492,500,
09:54:39,66.4826,900,
09:54:39,66.49,100,
09:54:40,66.47,100,
09:54:40,66.47,100,
09:54:40,66.47,300,
09:54:41,66.4701,100,
09:54:47,66.4826,100,
09:54:47,66.48,100,
09:54:47,66.48,100,
09:54:47,66.4825,3100,
09:54:49,66.48,100,
09:54:49,66.48,100,
09:55:00,66.51,100,
09:55:03,66.52,100,
09:55:03,66.52,100,
09:55:04,66.51,2000,
09:55:07,66.55,100,
09:55:09,66.54,500,
09:55:17,66.57,200,
09:55:19,66.5401,100,
09:55:22,66.57,100,
09:55:29,66.55,100,
09:55:31,66.53,100,
09:55:32,66.52,100,
09:55:32,66.52,100,
09:55:34,66.53,100,
09:55:34,66.52,100,
09:55:36,66.53,100,
09:55:48,66.54,200,
09:55:51,66.55,100,
09:55:51,66.55,2700,
09:55:51,66.59,100,
09:55:51,66.59,200,
09:55:51,66.59,100,
09:55:51,66.60,100,
09:55:56,66.58,100,
09:56:00,66.5701,500,
09:56:09,66.61,100,
09:56:11,66.61,100,
09:56:12,66.60,100,
09:56:14,66.60,200,
09:56:19,66.59,300,
09:56:22,66.5499,200,
09:56:22,66.54,300,
09:56:25,66.54,100,
09:56:26,66.5514,100,
09:56:26,66.56,200,
09:56:35,66.5201,300,
09:56:40,66.538,400,
09:56:41,66.56,100,
09:56:43,66.56,200,
09:56:44,66.59,100,
09:57:01,66.57,100,
09:57:06,66.568,200,
09:57:10,66.598,400,
09:57:20,66.60,100,
09:57:27,66.61,100,
09:57:28,66.60,100,
09:57:28,66.61,100,
09:57:28,66.61,100,
09:57:29,66.60,100,
09:57:36,66.62,100,
09:57:39,66.61,100,
09:57:39,66.60,400,
09:57:43,66.5713,500,
09:57:57,66.53,200,
09:57:57,66.53,100,
09:57:57,66.54,100,
09:57:57,66.56,100,
09:57:57,66.57,100,
09:57:57,66.57,200,
09:57:58,66.58,100,
09:57:59,66.55,4000,
09:58:06,66.56,100,
09:58:07,66.53,100,
09:58:08,66.5486,400,
09:58:28,66.585,2000,
09:58:33,66.64,100,
09:58:36,66.59,100,
09:59:00,66.59,105,
09:59:09,66.6196,100,
09:59:10,66.58,100,
09:59:12,66.5601,1230,
09:59:15,66.56,100,
09:59:18,66.55,100,
09:59:28,66.54,100,
09:59:29,66.5614,225,
09:59:33,66.52,200,
09:59:38,66.48,100,
09:59:41,66.4801,500,
09:59:58,66.519,1000,
10:00:01,66.50,121,
10:00:07,66.5299,180,
10:00:08,66.51,100,
10:00:08,66.5198,100,
10:00:08,66.52,100,
10:00:09,66.51,100,
10:00:10,66.49,100,
10:00:10,66.51,100,
10:00:12,66.46,300,
10:00:12,66.48,100,
10:00:12,66.50,100,
10:00:12,66.47,100,
10:00:12,66.47,100,
10:00:14,66.43,300,
10:00:14,66.44,300,
10:00:14,66.4301,5000,
10:00:16,66.41,400,
10:00:16,66.402,500,
10:00:16,66.39,200,
10:00:16,66.40,200,
10:00:16,66.36,300,
10:00:16,66.36,500,
10:00:16,66.37,400,
10:00:16,66.37,500,
10:00:16,66.37,100,
10:00:16,66.38,300,
10:00:16,66.38,500,
10:00:16,66.34,300,
10:00:16,66.34,100,
10:00:16,66.34,100,
10:00:16,66.32,100,
10:00:16,66.33,100,
10:00:16,66.3027,852,
10:00:16,66.27,100,
10:00:16,66.24,500,
10:00:16,66.25,400,
10:00:16,66.27,1000,
10:00:16,66.29,200,
10:00:16,66.26,100,
10:00:16,66.23,100,
10:00:16,66.27,100,
10:00:16,66.28,200,
10:00:16,66.29,100,
10:00:16,66.24,780,
10:00:17,66.3199,100,
10:00:17,66.24,300,
10:00:17,66.30,100,
10:00:17,66.3001,100,
10:00:17,66.30,100,
10:00:17,66.23,300,
10:00:17,66.23,200,
10:00:17,66.24,500,
10:00:17,66.25,300,
10:00:17,66.25,100,
10:00:17,66.27,500,
10:00:17,66.28,500,
10:00:17,66.22,100,
10:00:17,66.22,100,
10:00:17,66.23,1000,
10:00:18,66.25,200,
10:00:18,66.22,100,
10:00:18,66.224,100,
10:00:18,66.224,100,
10:00:18,66.22,100,
10:00:18,66.2242,100,
10:00:18,66.224,2450,
10:00:18,66.18,300,
10:00:18,66.19,500,
10:00:18,66.20,500,
10:00:18,66.21,500,
10:00:18,66.22,400,
10:00:18,66.16,500,
10:00:18,66.17,500,
10:00:18,66.17,100,
10:00:18,66.17,100,
10:00:18,66.15,200,
10:00:19,66.152,100,
10:00:19,66.152,100,
10:00:19,66.15,100,
10:00:19,66.15,100,
10:00:19,66.15,150,
10:00:20,66.11,450,
10:00:20,66.11,400,
10:00:20,66.11,200,
10:00:20,66.12,500,
10:00:20,66.13,200,
10:00:20,66.13,500,
10:00:20,66.15,700,
10:00:20,66.14,400,
10:00:20,66.10,200,
10:00:20,66.1001,200,
10:00:20,66.1001,300,
10:00:20,66.1001,100,
10:00:20,66.1001,500,
10:00:20,66.1001,300,
10:00:20,66.1001,600,
10:00:20,66.10,300,
10:00:21,66.16,200,
10:00:21,66.16,200,
10:00:21,66.11,200,
10:00:21,66.11,450,
10:00:21,66.11,200,
10:00:21,66.12,300,
10:00:21,66.12,500,
10:00:21,66.13,200,
10:00:21,66.13,300,
10:00:21,66.15,600,
10:00:21,66.15,200,
10:00:22,66.121,300,
10:00:22,66.22,100,
10:00:22,66.22,100,
10:00:23,66.20,100,
10:00:25,66.238,300,
10:00:25,66.15,600,
10:00:25,66.15,200,
10:00:25,66.15,300,
10:00:25,66.16,500,
10:00:25,66.16,300,
10:00:25,66.17,450,
10:00:25,66.17,500,
10:00:25,66.18,400,
10:00:25,66.18,200,
10:00:25,66.18,300,
10:00:25,66.19,500,
10:00:25,66.20,117,
10:00:25,66.19,100,
10:00:25,66.18,100,
10:00:25,66.17,200,
10:00:25,66.16,400,
10:00:25,66.13,400,
10:00:26,66.12,100,
10:00:26,66.1695,700,
10:00:26,66.17,600,
10:00:27,66.05,200,
10:00:27,66.05,300,
10:00:27,66.06,600,
10:00:27,66.06,500,
10:00:27,66.07,500,
10:00:27,66.07,200,
10:00:27,66.08,100,
10:00:27,66.10,100,
10:00:27,66.11,100,
10:00:27,66.12,100,
10:00:27,66.07,100,
10:00:28,66.03,300,
10:00:28,66.03,1000,
10:00:28,66.04,500,
10:00:28,66.04,150,
10:00:28,66.05,500,
10:00:28,66.06,600,
10:00:28,66.06,300,
10:00:28,66.07,500,
10:00:28,66.02,300,
10:00:28,66.02,450,
10:00:28,66.03,200,
10:00:28,66.03,200,
10:00:28,66.03,400,
10:00:28,66.03,500,
10:00:28,66.07,200,
10:00:28,66.07,100,
10:00:28,66.02,100,
10:00:28,66.02,100,
10:00:28,66.02,264,
10:00:28,66,200,
10:00:28,66.02,400,
10:00:28,66.02,500,
10:00:28,66.028,800,
10:00:28,66.0001,179,
10:00:28,66.0001,2260,
10:00:28,66,100,
10:00:28,66.0001,100,
10:00:28,66.0048,100,
10:00:28,66,100,
10:00:28,66.03,100,
10:00:28,66.022,2505,
10:00:29,66.04,200,
10:00:29,66.07,100,
10:00:30,66,150,
10:00:30,66.05,500,
10:00:30,66.04,105,
10:00:31,66.051,1000,
10:00:31,66.05,100,
10:00:32,66.05,500,
10:00:32,66.05,400,
10:00:33,66.09,100,
10:00:33,66.09,100,
10:00:33,66.09,200,
10:00:33,66.09,100,
10:00:33,66.09,300,
10:00:39,66.07,500,
10:00:40,66.07,100,
10:00:40,66.07,100,
10:00:40,66.072,100,
10:00:44,66.12,100,
10:00:44,66.11,200,
10:00:44,66.10,100,
10:00:45,66.14,100,
10:00:45,66.13,100,
10:00:46,66.10,200,
10:00:46,66.128,100,
10:00:46,66.1297,300,
10:00:46,66.14,300,
10:00:47,66.1373,1000,
10:00:47,66.14,200,
10:00:49,66.14,100,
10:00:52,66.16,1000,
10:00:52,66.15,100,
10:00:53,66.1493,1000,
10:00:53,66.16,100,
10:00:54,66.16,200,
10:00:54,66.12,100,
10:00:59,66.1499,7500,
10:01:00,66.149,1000,
10:01:04,66.11,223,
10:01:08,66.11,300,
10:01:09,66.1396,100,
10:01:09,66.14,100,
10:01:09,66.1486,375,
10:01:10,66.16,200,
10:01:10,66.15,200,
10:01:10,66.16,450,
10:01:11,66.1697,300,
10:01:12,66.17,100,
10:01:14,66.171,100,
10:01:14,66.189,500,
10:01:15,66.174,800,
10:01:18,66.16,444,
10:01:18,66.18,100,
10:01:19,66.18,100,
10:01:20,66.1858,100,
10:01:21,66.1829,300,
10:01:22,66.18,500,
10:01:26,66.1899,100,
10:01:27,66.1999,1700,
10:01:31,66.189,200,
10:01:31,66.16,345,
10:01:31,66.17,100,
10:01:33,66.178,500,
10:01:34,66.16,115,
10:01:34,66.20,100,
10:01:34,66.19,500,
10:01:34,66.21,200,
10:01:34,66.21,100,
10:01:34,66.21,100,
10:01:34,66.20,100,
10:01:34,66.20,600,
10:01:36,66.24,200,
10:01:36,66.24,200,
10:01:36,66.24,400,
10:01:36,66.24,300,
10:01:36,66.24,450,
10:01:36,66.23,100,
10:01:36,66.23,100,
10:01:37,66.228,1000,
10:01:37,66.23,100,
10:01:38,66.213,150,
10:01:39,66.2119,800,
10:01:40,66.25,100,
10:01:41,66.26,100,
10:01:42,66.27,100,
10:01:42,66.27,200,
10:01:43,66.27,500,
10:01:44,66.28,100,
10:01:44,66.28,200,
10:01:44,66.31,300,
10:01:44,66.31,100,
10:01:44,66.31,500,
10:01:44,66.31,450,
10:01:44,66.30,300,
10:01:44,66.29,100,
10:01:46,66.319,100,
10:01:47,66.292,200,
10:01:48,66.3155,200,
10:01:50,66.35,100,
10:01:50,66.3301,100,
10:01:50,66.33,100,
10:01:54,66.40,200,
10:01:54,66.40,480,
10:01:54,66.39,300,
10:01:54,66.40,300,
10:01:54,66.40,200,
10:01:54,66.341,500,
10:01:57,66.3886,1110,
10:01:57,66.36,100,
10:01:59,66.34,100,
10:02:03,66.34,300,
10:02:04,66.35,100,
10:02:06,66.35,100,
10:02:06,66.35,100,
10:02:07,66.35,100,
10:02:07,66.35,100,
10:02:08,66.34,300,
10:02:08,66.34,200,
10:02:08,66.34,900,
10:02:08,66.34,100,
10:02:08,66.34,900,
10:02:08,66.34,100,
10:02:08,66.34,400,
10:02:08,66.34,100,
10:02:08,66.34,100,
10:02:08,66.34,400,
10:02:08,66.34,8643,
10:02:08,66.3301,100,
10:02:08,66.33,100,
10:02:09,66.302,200,
10:02:11,66.30,200,
10:02:11,66.30,300,
10:02:12,66.282,1000,
10:02:15,66.299,1000,
10:02:16,66.2986,500,
10:02:18,66.3001,100,
10:02:18,66.32,100,
10:02:22,66.34,100,
10:02:22,66.38,100,
10:02:22,66.38,300,
10:02:22,66.38,500,
10:02:22,66.37,200,
10:02:22,66.37,100,
10:02:22,66.37,300,
10:02:22,66.36,100,
10:02:22,66.36,100,
10:02:22,66.35,100,
10:02:22,66.35,100,
10:02:22,66.34,100,
10:02:22,66.37,100,
10:02:22,66.37,100,
10:02:23,66.3789,200,
10:02:23,66.38,100,
10:02:25,66.402,500,
10:02:26,66.4025,1900,
10:02:26,66.38,100,
10:02:28,66.34,100,
10:02:29,66.3385,300,
10:02:30,66.32,2600,
10:02:30,66.31,100,
10:02:31,66.329,5000,
10:02:31,66.3299,200,
10:02:31,66.34,100,
10:02:31,66.35,100,
10:02:31,66.35,100,
10:02:36,66.319,100,
10:02:41,66.329,100,
10:02:41,66.329,100,
10:02:42,66.34,100,
10:02:45,66.30,300,
10:02:45,66.30,200,
10:02:45,66.30,300,
10:02:45,66.30,100,
10:02:46,66.27,100,
10:02:48,66.23,100,
10:02:48,66.23,100,
10:02:48,66.23,100,
10:02:49,66.21,200,
10:02:49,66.20,100,
10:02:49,66.22,100,
10:02:50,66.22,300,
10:02:50,66.22,100,
10:02:52,66.21,100,
10:02:54,66.16,100,
10:02:54,66.16,100,
10:02:54,66.16,200,
10:02:55,66.16,100,
10:02:55,66.14,100,
10:02:55,66.14,100,
10:02:55,66.17,300,
10:02:55,66.17,100,
10:02:55,66.16,300,
10:02:55,66.16,200,
10:02:55,66.16,100,
10:02:55,66.15,100,
10:02:55,66.14,100,
10:02:56,66.17,100,
10:02:57,66.14,100,
10:02:58,66.13,100,
10:02:58,66.16,500,
10:02:58,66.16,200,
10:02:58,66.16,100,
10:02:58,66.16,100,
10:02:58,66.15,500,
10:02:58,66.15,200,
10:02:58,66.15,100,
10:02:58,66.15,100,
10:02:58,66.14,300,
10:02:58,66.14,100,
10:02:58,66.13,100,
10:02:58,66.14,100,
10:02:58,66.16,200,
10:02:59,66.18,100,
10:03:02,66.1774,800,
10:03:03,66.13,100,
10:03:05,66.14,100,
10:03:05,66.14,100,
10:03:06,66.13,100,
10:03:06,66.13,100,
10:03:06,66.13,300,
10:03:07,66.15,100,
10:03:07,66.155,100,
10:03:09,66.19,100,
10:03:09,66.19,200,
10:03:10,66.1714,750,
10:03:13,66.25,100,
10:03:13,66.25,200,
10:03:13,66.25,100,
10:03:13,66.25,450,
10:03:13,66.24,100,
10:03:13,66.24,100,
10:03:13,66.23,100,
10:03:13,66.23,100,
10:03:13,66.21,100,
10:03:14,66.21,100,
10:03:14,66.21,100,
10:03:14,66.22,100,
10:03:14,66.22,100,
10:03:14,66.24,500,
10:03:14,66.24,100,
10:03:14,66.24,100,
10:03:14,66.23,100,
10:03:17,66.20,100,
10:03:17,66.19,100,
10:03:17,66.19,100,
10:03:17,66.18,100,
10:03:17,66.17,100,
10:03:18,66.18,100,
10:03:19,66.20,200,
10:03:22,66.21,100,
10:03:23,66.191,200,
10:03:28,66.18,100,
10:03:29,66.20,500,
10:03:29,66.20,200,
10:03:29,66.20,400,
10:03:29,66.20,100,
10:03:29,66.20,100,
10:03:29,66.19,300,
10:03:29,66.19,100,
10:03:29,66.18,100,
10:03:29,66.18,100,
10:03:29,66.21,100,
10:03:29,66.23,500,
10:03:29,66.23,100,
10:03:29,66.23,300,
10:03:29,66.22,100,
10:03:29,66.22,400,
10:03:29,66.19,100,
10:03:29,66.20,100,
10:03:30,66.20,100,
10:03:30,66.19,100,
10:03:30,66.21,2200,
10:03:31,66.1957,100,
10:03:32,66.23,500,
10:03:32,66.23,200,
10:03:32,66.23,450,
10:03:32,66.23,100,
10:03:32,66.22,600,
10:03:32,66.22,300,
10:03:32,66.22,100,
10:03:32,66.21,300,
10:03:32,66.20,100,
10:03:32,66.21,100,
10:03:33,66.21,100,
10:03:33,66.20,100,
10:03:33,66.19,100,
10:03:33,66.20,100,
10:03:33,66.19,100,
10:03:38,66.18,100,
10:03:38,66.17,100,
10:03:38,66.18,100,
10:03:38,66.18,100,
10:03:39,66.15,400,
10:03:40,66.174,500,
10:03:42,66.18,200,
10:03:45,66.18,100,
10:03:45,66.19,100,
10:03:46,66.17,200,
10:03:46,66.17,100,
10:03:46,66.17,100,
10:03:48,66.1899,1500,
10:03:48,66.16,100,
10:03:49,66.178,2000,
10:03:49,66.15,100,
10:03:49,66.15,100,
10:03:49,66.15,100,
10:03:49,66.15,100,
10:03:50,66.1698,200,
10:03:50,66.16,415,
10:03:51,66.15,100,
10:03:51,66.14,100,
10:03:51,66.13,100,
10:03:51,66.13,100,
10:03:51,66.14,100,
10:03:51,66.12,100,
10:03:52,66.17,100,
10:03:53,66.11,100,
10:03:53,66.11,100,
10:03:53,66.12,100,
10:03:53,66.12,100,
10:03:53,66.14,100,
10:03:54,66.1599,1000,
10:03:54,66.19,401,
10:03:54,66.18,100,
10:04:00,66.18,100,
10:04:00,66.17,100,
10:04:00,66.18,100,
10:04:00,66.16,100,
10:04:00,66.15,100,
10:04:00,66.14,100,
10:04:00,66.12,100,
10:04:00,66.11,132,
10:04:00,66.11,100,
10:04:00,66.11,100,
10:04:00,66.12,100,
10:04:03,66.12,100,
10:04:03,66.1028,300,
10:04:05,66.09,100,
10:04:06,66.09,100,
10:04:06,66.08,100,
10:04:12,66.13,100,
10:04:18,66.1169,500,
10:04:19,66.13,100,
10:04:19,66.15,100,
10:04:19,66.16,100,
10:04:19,66.17,100,
10:04:20,66.17,100,
10:04:20,66.15,100,
10:04:21,66.1502,2600,
10:04:22,66.15,100,
10:04:25,66.1699,500,
10:04:27,66.14,100,
10:04:29,66.1472,100,
10:04:32,66.12,315,
10:04:34,66.102,100,
10:04:35,66.1199,300,
10:04:38,66.11,1300,
10:04:40,66.129,500,
10:04:40,66.14,100,
10:04:41,66.1501,500,
10:04:44,66.14,100,
10:04:46,66.15,200,
10:04:49,66.13,100,
10:04:50,66.14,100,
10:04:50,66.14,100,
10:04:52,66.1301,400,
10:04:52,66.12,100,
10:04:52,66.10,100,
10:04:52,66.10,100,
10:04:55,66.1286,800,
10:04:55,66.15,100,
10:04:56,66.12,100,
10:04:58,66.109,350,
10:05:00,66.10,100,
10:05:00,66.10,100,
10:05:01,66.0905,100,
10:05:02,66.09,100,
10:05:02,66.08,100,
10:05:02,66.08,100,
10:05:02,66.08,100,
10:05:02,66.08,200,
10:05:02,66.082,200,
10:05:03,66.089,200,
10:05:06,66.09,900,
10:05:07,66.08,100,
10:05:08,66.08,100,
10:05:10,66.04,200,
10:05:11,66.03,100,
10:05:12,66.01,100,
10:05:12,66,400,
10:05:12,66,100,
10:05:12,66,100,
10:05:12,66,100,
10:05:12,66,100,
10:05:12,66,100,
10:05:12,65.97,200,
10:05:12,65.97,200,
10:05:12,65.97,100,
10:05:12,65.97,100,
10:05:12,65.97,100,
10:05:12,66,100,
10:05:12,65.97,100,
10:05:12,65.96,100,
10:05:12,65.96,100,
10:05:12,65.96,100,
10:05:12,65.96,200,
10:05:12,65.97,100,
10:05:12,65.97,200,
10:05:12,65.95,100,
10:05:12,65.96,100,
10:05:12,65.95,100,
10:05:13,65.96,100,
10:05:13,65.96,100,
10:05:13,66,200,
10:05:13,65.96,300,
10:05:13,65.96,100,
10:05:13,65.96,400,
10:05:13,65.95,100,
10:05:14,65.95,100,
10:05:14,65.95,100,
10:05:16,65.96,200,
10:05:16,65.96,200,
10:05:16,65.96,100,
10:05:16,65.97,100,
10:05:16,65.951,2000,
10:05:16,65.95,100,
10:05:17,65.95,100,
10:05:17,65.93,100,
10:05:17,65.94,600,
10:05:17,65.9209,200,
10:05:18,65.9399,100,
10:05:18,65.933,200,
10:05:20,65.9399,200,
10:05:21,65.934,500,
10:05:23,65.94,100,
10:05:24,65.96,100,
10:05:24,65.96,100,
10:05:24,65.96,100,
10:05:24,65.96,100,
10:05:29,65.96,100,
10:05:33,65.9501,400,
10:05:34,65.951,200,
10:05:37,65.935,135,
10:05:38,65.929,500,
10:05:38,65.92,100,
10:05:39,65.9194,100,
10:05:39,65.92,100,
10:05:39,65.925,150,
10:05:40,65.91,300,
10:05:40,65.9307,1000,
10:05:44,65.91,100,
10:05:47,65.93,100,
10:05:47,65.93,100,
10:05:47,65.93,100,
10:05:51,65.95,100,
10:05:51,65.95,200,
10:05:54,65.96,100,
10:06:00,65.94,200,
10:06:02,65.93,453,
10:06:02,65.92,100,
10:06:05,65.93,100,
10:06:05,65.93,200,
10:06:06,65.9421,100,
10:06:09,65.9387,100,
10:06:09,65.94,200,
10:06:09,65.94,100,
10:06:09,65.9487,100,
10:06:09,65.945,100,
10:06:09,65.945,100,
10:06:10,65.94,100,
10:06:10,65.93,100,
10:06:11,65.94,100,
10:06:13,65.939,1700,
10:06:14,65.9485,465,
10:06:17,65.94,100,
10:06:17,65.96,100,
10:06:18,65.96,100,
10:06:18,65.96,100,
10:06:18,65.97,100,
10:06:22,65.95,500,
10:06:25,65.948,1000,
10:06:28,65.95,100,
10:06:31,65.96,100,
10:06:33,65.96,400,
10:06:34,65.95,100,
10:06:34,65.95,300,
10:06:37,65.951,300,
10:06:39,65.9598,100,
10:06:39,65.96,400,
10:06:39,65.9518,1000,
10:06:39,65.94,100,
10:06:42,65.952,1000,
10:06:44,65.99,100,
10:06:45,65.99,100,
10:06:45,66,100,
10:06:45,66.01,100,
10:06:46,65.99,100,
10:06:48,65.9826,500,
10:06:51,65.99,100,
10:06:52,65.97,100,
10:06:52,65.95,100,
10:06:52,65.9591,100,
10:06:52,65.96,100,
10:06:52,65.9591,100,
10:06:52,65.9591,100,
10:06:55,65.93,100,
10:06:55,65.90,200,
10:06:55,65.87,100,
10:06:56,65.87,100,
10:06:58,65.868,100,
10:07:01,65.90,100,
10:07:01,65.88,100,
10:07:01,65.86,100,
10:07:01,65.87,100,
10:07:01,65.87,200,
10:07:01,65.87,300,
10:07:01,65.8686,100,
10:07:01,65.87,100,
10:07:01,65.8686,100,
10:07:01,65.87,100,
10:07:02,65.877,100,
10:07:02,65.879,200,
10:07:02,65.91,100,
10:07:06,65.92,100,
10:07:06,65.90,100,
10:07:06,65.90,100,
10:07:06,65.8801,1100,
10:07:10,65.88,200,
10:07:12,65.89,100,
10:07:13,65.89,100,
10:07:15,65.90,100,
10:07:20,65.9076,100,
10:07:20,65.909,200,
10:07:20,65.90,100,
10:07:22,65.89,100,
10:07:22,65.8785,100,
10:07:22,65.88,100,
10:07:22,65.8811,100,
10:07:25,65.902,600,
10:07:33,65.91,100,
10:07:35,65.9057,100,
10:07:35,65.905,100,
10:07:35,65.91,100,
10:07:38,65.91,100,
10:07:38,65.911,100,
10:07:38,65.93,100,
10:07:40,65.9399,500,
10:07:41,65.92,100,
10:07:41,65.92,100,
10:07:41,65.93,100,
10:07:42,65.92,100,
10:07:44,65.88,100,
10:07:46,65.88,100,
10:07:49,65.91,100,
10:07:51,65.93,100,
10:07:52,65.95,300,
10:07:52,65.96,100,
10:07:52,65.96,100,
10:07:53,65.97,100,
10:07:56,65.98,300,
10:08:01,65.979,300,
10:08:01,65.979,2200,
10:08:17,65.9476,100,
10:08:17,65.949,200,
10:08:20,65.92,100,
10:08:22,65.9401,100,
10:08:28,65.947,125,
10:08:41,65.988,200,
10:08:41,65.988,200,
10:08:41,65.988,400,
10:08:41,65.99,100,
10:08:41,65.99,100,
10:08:43,65.9866,100,
10:08:43,65.9899,300,
10:08:43,65.9899,400,
10:08:43,65.9899,700,
10:08:43,65.99,200,
10:08:44,66.01,100,
10:08:45,66.04,100,
10:08:45,66.04,100,
10:08:45,66.0599,100,
10:08:48,66.04,100,
10:08:53,66.09,100,
10:08:53,66.09,100,
10:08:53,66.10,200,
10:08:53,66.11,100,
10:08:53,66.1015,400,
10:08:53,66.10,100,
10:08:55,66.102,800,
10:08:56,66.10,100,
10:08:57,66.10,400,
10:08:59,66.10,100,
10:09:00,66.11,100,
10:09:00,66.09,100,
10:09:00,66.0795,900,
10:09:01,66.0898,100,
10:09:01,66.095,300,
10:09:02,66.10,100,
10:09:02,66.0886,100,
10:09:02,66.0886,100,
10:09:02,66.0886,100,
10:09:02,66.0886,100,
10:09:02,66.0886,100,
10:09:04,66.099,100,
10:09:05,66.08,100,
10:09:06,66.07,100,
10:09:06,66.0687,100,
10:09:06,66.065,100,
10:09:06,66.065,100,
10:09:06,66.065,300,
10:09:13,66.08,100,
10:09:13,66.08,300,
10:09:14,66.13,200,
10:09:14,66.12,100,
10:09:14,66.14,100,
10:09:14,66.13,300,
10:09:14,66.12,500,
10:09:14,66.14,100,
10:09:15,66.14,100,
10:09:17,66.1395,100,
10:09:18,66.14,100,
10:09:20,66.11,100,
10:09:20,66.10,100,
10:09:20,66.09,200,
10:09:22,66.08,100,
10:09:23,66.09,100,
10:09:26,66.0999,2000,
10:09:27,66.11,100,
10:09:27,66.12,100,
10:09:30,66.14,300,
10:09:30,66.1372,200,
10:09:33,66.12,100,
10:09:34,66.10,100,
10:09:35,66.11,100,
10:09:35,66.13,100,
10:09:36,66.12,100,
10:09:42,66.12,100,
10:09:43,66.12,100,
10:09:47,66.07,100,
10:09:47,66.08,100,
10:09:47,66.08,100,
10:09:47,66.09,100,
10:09:47,66.09,100,
10:09:47,66.09,1700,
10:09:48,66.089,300,
10:09:48,66.089,200,
10:09:51,66.07,100,
10:09:53,66.0699,100,
10:09:53,66.07,300,
10:09:53,66.09,100,
10:09:53,66.09,100,
10:09:54,66.0957,100,
10:09:59,66.08,100,
10:10:00,66.10,100,
10:10:01,66.12,100,
10:10:05,66.12,1500,
10:10:10,66.1185,400,
10:10:14,66.129,200,
10:10:14,66.10,100,
10:10:14,66.10,100,
10:10:14,66.10,400,
10:10:16,66.128,1500,
10:10:27,66.1399,500,
10:10:29,66.11,100,
10:10:31,66.109,180,
10:10:31,66.105,1000,
10:10:35,66.1299,100,
10:10:40,66.1272,300,
10:10:41,66.1399,300,
10:10:42,66.13,100,
10:10:42,66.13,200,
10:10:44,66.15,600,
10:10:44,66.15,100,
10:10:44,66.15,100,
10:10:45,66.15,100,
10:10:46,66.14,100,
10:10:48,66.1101,100,
10:10:50,66.10,400,
10:10:52,66.09,100,
10:10:56,66.0701,2905,
10:11:01,66.08,100,
10:11:04,66.0783,100,
10:11:04,66.0798,100,
10:11:04,66.079,300,
10:11:04,66.06,100,
10:11:08,66.0501,200,
10:11:16,66.06,100,
10:11:20,66.061,1000,
10:11:27,66.10,1200,
10:11:27,66.10,2200,
10:11:28,66.1168,315,
10:11:28,66.1199,100,
10:11:31,66.1081,100,
10:11:31,66.11,800,
10:11:32,66.06,100,
10:11:32,66.05,100,
10:11:33,66.03,100,
10:11:33,66.03,100,
10:11:35,66.07,100,
10:11:36,66.07,100,
10:11:38,66.06,100,
10:11:38,66.07,100,
10:11:44,66.099,200,
10:11:53,66.08,100,
10:11:53,66.07,100,
10:11:53,66.07,100,
10:11:56,66.09,100,
10:11:59,66.08,100,
10:12:01,66.05,100,
10:12:09,66.0999,2905,
10:12:17,66.099,700,
10:12:21,66.099,500,
10:12:22,66.10,100,
10:12:23,66.138,100,
10:12:25,66.12,100,
10:12:25,66.12,100,
10:12:25,66.12,500,
10:12:28,66.1086,200,
10:12:38,66.069,100,
10:12:38,66.069,530,
10:12:38,66.07,100,
10:12:42,66.09,200,
10:12:42,66.1044,100,
10:12:42,66.109,300,
10:12:46,66.14,100,
10:12:48,66.1385,100,
10:12:53,66.138,400,
10:12:55,66.14,100,
10:13:02,66.1101,100,
10:13:02,66.11,100,
10:13:14,66.15,100,
10:13:14,66.15,100,
10:13:16,66.1599,1000,
10:13:19,66.132,1000,
10:13:21,66.13,100,
10:13:21,66.15,100,
10:13:21,66.15,100,
10:13:21,66.16,200,
10:13:24,66.1644,100,
10:13:24,66.169,400,
10:13:24,66.169,200,
10:13:24,66.18,100,
10:13:24,66.18,100,
10:13:25,66.19,100,
10:13:25,66.18,100,
10:13:25,66.17,900,
10:13:25,66.189,300,
10:13:25,66.17,2500,
10:13:26,66.1899,100,
10:13:28,66.20,100,
10:13:28,66.20,300,
10:13:28,66.209,2600,
10:13:28,66.209,2600,
10:13:30,66.1999,300,
10:13:30,66.199,300,
10:13:30,66.199,300,
10:13:31,66.19,100,
10:13:31,66.20,100,
10:13:31,66.196,100,
10:13:32,66.196,300,
10:13:35,66.21,100,
10:13:35,66.21,100,
10:13:35,66.21,300,
10:13:35,66.23,300,
10:13:35,66.23,100,
10:13:36,66.231,100,
10:13:37,66.23,100,
10:13:37,66.231,1800,
10:13:38,66.21,200,
10:13:40,66.228,400,
10:13:41,66.22,100,
10:13:42,66.20,100,
10:13:42,66.19,100,
10:13:43,66.198,900,
10:13:47,66.2089,500,
10:13:50,66.209,300,
10:13:50,66.21,100,
10:13:50,66.21,415,
10:13:50,66.22,100,
10:13:50,66.2186,100,
10:13:50,66.219,200,
10:13:51,66.21,100,
10:13:51,66.19,800,
10:13:52,66.21,200,
10:13:53,66.218,600,
10:13:54,66.23,100,
10:13:56,66.25,250,
10:13:59,66.27,2240,
10:13:59,66.279,100,
10:13:59,66.271,500,
10:13:59,66.30,100,
10:14:00,66.30,100,
10:14:01,66.31,300,
10:14:01,66.29,100,
10:14:01,66.2826,500,
10:14:02,66.27,900,
10:14:05,66.289,100,
10:14:05,66.285,200,
10:14:07,66.29,100,
10:14:09,66.28,100,
10:14:10,66.27,100,
10:14:13,66.2687,1000,
10:14:14,66.242,250,
10:14:14,66.24,100,
10:14:14,66.24,100,
10:14:14,66.25,100,
10:14:14,66.25,100,
10:14:14,66.2435,100,
10:14:16,66.23,100,
10:14:16,66.22,100,
10:14:16,66.201,1000,
10:14:18,66.1914,500,
10:14:19,66.20,100,
10:14:19,66.2075,2500,
10:14:20,66.20,100,
10:14:20,66.19,500,
10:14:20,66.19,500,
10:14:21,66.20,100,
10:14:23,66.2086,100,
10:14:23,66.2086,100,
10:14:23,66.21,100,
10:14:23,66.21,100,
10:14:24,66.20,100,
10:14:24,66.20,100,
10:14:25,66.20,100,
10:14:29,66.1986,200,
10:14:32,66.199,120,
10:14:33,66.19,100,
10:14:36,66.205,200,
10:14:39,66.21,100,
10:14:39,66.21,194,
10:14:44,66.1901,400,
10:14:44,66.19,200,
10:14:46,66.201,100,
10:14:47,66.202,300,
10:14:50,66.21,200,
10:14:50,66.22,100,
10:14:50,66.23,100,
10:14:50,66.23,100,
10:15:02,66.25,100,
10:15:04,66.2497,100,
10:15:05,66.25,100,
10:15:08,66.242,900,
10:15:11,66.26,100,
10:15:18,66.24,100,
10:15:21,66.26,100,
10:15:24,66.24,100,
10:15:24,66.24,100,
10:15:28,66.258,200,
10:15:29,66.26,100,
10:15:32,66.26,100,
10:15:35,66.28,100,
10:15:35,66.28,100,
10:15:36,66.2738,100,
10:15:40,66.2798,500,
10:15:42,66.27,100,
10:15:43,66.279,100,
10:15:45,66.2799,2000,
10:15:47,66.28,100,
10:15:50,66.268,100,
10:15:56,66.261,100,
10:15:56,66.262,700,
10:15:57,66.261,1000,
10:16:06,66.26,100,
10:16:08,66.26,100,
10:16:11,66.268,900,
10:16:19,66.2986,500,
10:16:21,66.31,100,
10:16:31,66.3099,1000,
10:16:32,66.28,900,
10:16:34,66.26,100,
10:16:39,66.24,100,
10:16:43,66.2697,100,
10:16:43,66.269,250,
10:16:48,66.27,100,
10:16:56,66.3008,100,
10:17:00,66.28,100,
10:17:00,66.28,100,
10:17:05,66.2862,100,
10:17:07,66.26,100,
10:17:07,66.26,100,
10:17:10,66.2714,1000,
10:17:18,66.2968,190,
10:17:21,66.30,2000,
10:17:25,66.31,100,
10:17:29,66.32,100,
10:17:29,66.33,200,
10:17:29,66.33,100,
10:17:40,66.31,100,
10:17:48,66.31,100,
10:17:49,66.31,300,
10:17:49,66.32,100,
10:17:49,66.3179,100,
10:17:49,66.32,200,
10:17:49,66.315,1500,
10:17:51,66.32,100,
10:17:53,66.312,580,
10:17:54,66.32,300,
10:17:56,66.32,100,
10:17:56,66.319,200,
10:17:58,66.29,100,
10:17:58,66.29,100,
10:17:58,66.28,100,
10:18:03,66.30,100,
10:18:03,66.31,100,
10:18:06,66.34,300,
10:18:06,66.339,300,
10:18:06,66.339,400,
10:18:09,66.37,100,
10:18:09,66.3528,100,
10:18:09,66.351,300,
10:18:09,66.351,100,
10:18:11,66.331,1000,
10:18:22,66.33,100,
10:18:22,66.37,100,
10:18:22,66.37,100,
10:18:22,66.37,100,
10:18:22,66.38,100,
10:18:22,66.38,100,
10:18:23,66.39,100,
10:18:23,66.39,100,
10:18:23,66.40,100,
10:18:23,66.405,100,
10:18:23,66.405,100,
10:18:23,66.41,100,
10:18:25,66.41,100,
10:18:25,66.41,100,
10:18:26,66.40,1000,
10:18:27,66.371,1000,
10:18:28,66.37,600,
10:18:29,66.39,100,
10:18:29,66.41,100,
10:18:29,66.40,100,
10:18:29,66.40,100,
10:18:29,66.42,100,
10:18:29,66.44,100,
10:18:29,66.43,300,
10:18:29,66.43,200,
10:18:29,66.43,200,
10:18:29,66.42,100,
10:18:29,66.42,100,
10:18:29,66.41,200,
10:18:29,66.43,200,
10:18:29,66.44,300,
10:18:29,66.44,200,
10:18:29,66.44,300,
10:18:29,66.43,100,
10:18:29,66.44,100,
10:18:29,66.45,200,
10:18:29,66.45,100,
10:18:29,66.45,200,
10:18:29,66.46,2000,
10:18:31,66.46,150,
10:18:32,66.442,100,
10:18:32,66.44,100,
10:18:32,66.44,100,
10:18:35,66.44,226,
10:18:39,66.48,100,
10:18:40,66.4869,100,
10:18:41,66.47,100,
10:18:41,66.47,100,
10:18:45,66.50,300,
10:18:45,66.50,6400,
10:18:45,66.50,900,
10:18:45,66.50,100,
10:18:45,66.50,400,
10:18:45,66.50,100,
10:18:48,66.4913,100,
10:18:48,66.489,100,
10:18:49,66.5098,100,
10:18:50,66.5001,400,
10:18:50,66.50,100,
10:18:50,66.50,100,
10:18:50,66.50,200,
10:18:50,66.49,200,
10:18:51,66.4901,2000,
10:18:52,66.50,100,
10:18:52,66.50,100,
10:18:53,66.501,300,
10:18:54,66.50,200,
10:18:54,66.50,100,
10:18:54,66.51,1000,
10:18:55,66.47,100,
10:18:55,66.48,100,
10:18:55,66.47,100,
10:18:55,66.46,100,
10:18:55,66.46,100,
10:18:56,66.4684,100,
10:18:56,66.47,100,
10:18:56,66.47,100,
10:18:58,66.4541,100,
10:18:58,66.4539,100,
10:18:58,66.451,300,
10:18:59,66.452,3100,
10:19:07,66.49,100,
10:19:11,66.488,500,
10:19:13,66.47,400,
10:19:13,66.4699,900,
10:19:13,66.47,900,
10:19:16,66.45,100,
10:19:16,66.44,100,
10:19:16,66.44,100,
10:19:17,66.459,300,
10:19:18,66.461,200,
10:19:22,66.46,100,
10:19:26,66.4601,100,
10:19:27,66.49,100,
10:19:27,66.49,100,
10:19:27,66.50,1000,
10:19:27,66.50,100,
10:19:27,66.50,100,
10:19:27,66.50,100,
10:19:27,66.50,100,
10:19:27,66.47,100,
10:19:27,66.50,100,
10:19:27,66.50,100,
10:19:29,66.508,500,
10:19:33,66.4713,800,
10:19:38,66.452,1000,
10:19:40,66.462,400,
10:19:41,66.45,100,
10:19:41,66.44,100,
10:19:41,66.44,100,
10:19:41,66.44,300,
10:19:43,66.44,7600,
10:19:43,66.45,100,
10:19:44,66.45,700,
10:19:50,66.462,750,
10:19:51,66.48,100,
10:19:55,66.5026,500,
10:19:58,66.51,100,
10:19:58,66.50,100,
10:19:59,66.46,100,
10:20:02,66.44,100,
10:20:02,66.41,100,
10:20:03,66.4213,500,
10:20:03,66.43,100,
10:20:04,66.431,100,
10:20:04,66.44,100,
10:20:09,66.44,100,
10:20:09,66.44,100,
10:20:12,66.4146,100,
10:20:13,66.41,426,
10:20:14,66.382,1000,
10:20:14,66.36,100,
10:20:15,66.37,100,
10:20:15,66.39,100,
10:20:17,66.3802,100,
10:20:19,66.40,100,
10:20:21,66.4099,300,
10:20:21,66.41,100,
10:20:21,66.42,100,
10:20:21,66.42,100,
10:20:21,66.4099,100,
10:20:21,66.4099,100,
10:20:21,66.4099,100,
10:20:21,66.415,100,
10:20:21,66.41,100,
10:20:21,66.4154,100,
10:20:21,66.4169,100,
10:20:23,66.42,100,
10:20:23,66.43,100,
10:20:27,66.42,100,
10:20:33,66.42,100,
10:20:33,66.42,100,
10:20:36,66.40,250,
10:20:37,66.40,100,
10:20:37,66.41,100,
10:20:37,66.3901,1000,
10:20:42,66.38,100,
10:20:47,66.40,100,
10:20:47,66.40,100,
10:20:47,66.40,100,
10:20:47,66.40,100,
10:20:52,66.3883,100,
10:20:52,66.39,100,
10:20:52,66.399,100,
10:20:52,66.399,100,
10:20:53,66.40,4200,
10:20:57,66.36,100,
10:20:57,66.342,300,
10:20:59,66.33,100,
10:20:59,66.32,100,
10:20:59,66.29,100,
10:20:59,66.29,100,
10:20:59,66.29,100,
10:20:59,66.27,200,
10:20:59,66.27,100,
10:20:59,66.27,200,
10:20:59,66.27,100,
10:20:59,66.33,100,
10:20:59,66.27,100,
10:20:59,66.30,314,
10:20:59,66.27,100,
10:20:59,66.2521,2905,
10:21:00,66.25,260,
10:21:02,66.2632,445,
10:21:02,66.28,100,
10:21:05,66.26,100,
10:21:05,66.24,100,
10:21:06,66.25,100,
10:21:08,66.242,200,
10:21:08,66.24,200,
10:21:08,66.24,100,
10:21:08,66.24,200,
10:21:11,66.26,100,
10:21:11,66.25,100,
10:21:11,66.25,100,
10:21:11,66.24,100,
10:21:12,66.2384,100,
10:21:13,66.25,500,
10:21:13,66.25,100,
10:21:13,66.24,500,
10:21:13,66.24,100,
10:21:14,66.2486,1000,
10:21:14,66.26,100,
10:21:16,66.26,100,
10:21:16,66.26,100,
10:21:16,66.26,100,
10:21:16,66.26,300,
10:21:17,66.26,100,
10:21:17,66.26,100,
10:21:17,66.26,100,
10:21:17,66.26,100,
10:21:17,66.26,100,
10:21:17,66.26,100,
10:21:17,66.27,200,
10:21:17,66.27,300,
10:21:17,66.26,100,
10:21:17,66.26,100,
10:21:18,66.28,100,
10:21:20,66.2799,2905,
10:21:22,66.25,100,
10:21:23,66.258,580,
10:21:25,66.25,164,
10:21:25,66.25,100,
10:21:25,66.25,100,
10:21:25,66.25,100,
10:21:26,66.2486,450,
10:21:27,66.26,100,
10:21:27,66.26,100,
10:21:27,66.28,100,
10:21:27,66.28,100,
10:21:27,66.28,100,
10:21:30,66.29,100,
10:21:35,66.308,500,
10:21:38,66.31,100,
10:21:44,66.32,200,
10:21:45,66.299,200,
10:21:45,66.299,300,
10:21:48,66.2999,200,
10:21:52,66.30,100,
10:21:58,66.28,300,
10:22:02,66.25,1100,
10:22:07,66.25,100,
10:22:07,66.25,100,
10:22:07,66.25,800,
10:22:07,66.25,400,
10:22:07,66.25,200,
10:22:09,66.25,300,
10:22:11,66.202,100,
10:22:11,66.20,100,
10:22:11,66.2001,500,
10:22:11,66.20,100,
10:22:12,66.20,600,
10:22:12,66.19,900,
10:22:14,66.20,100,
10:22:16,66.219,1000,
10:22:21,66.1986,500,
10:22:22,66.20,100,
10:22:22,66.14,400,
10:22:22,66.14,200,
10:22:23,66.14,500,
10:22:23,66.16,100,
10:22:24,66.18,100,
10:22:24,66.18,1000,
10:22:25,66.20,100,
10:22:25,66.20,100,
10:22:25,66.20,100,
10:22:25,66.1999,100,
10:22:25,66.1901,500,
10:22:35,66.17,100,
10:22:36,66.15,100,
10:22:36,66.1498,300,
10:22:36,66.15,200,
10:22:38,66.141,500,
10:22:39,66.16,100,
10:22:41,66.16,100,
10:22:41,66.18,100,
10:22:42,66.19,100,
10:22:44,66.20,100,
10:22:46,66.1974,500,
10:22:48,66.1702,100,
10:22:48,66.17,100,
10:22:50,66.19,300,
10:22:51,66.1702,100,
10:22:51,66.17,100,
10:22:58,66.18,100,
10:23:02,66.1886,1000,
10:23:08,66.1814,400,
10:23:11,66.20,100,
10:23:37,66.20,100,
10:23:44,66.1986,200,
10:23:44,66.199,100,
10:23:53,66.22,100,
10:23:53,66.22,100,
10:23:53,66.22,100,
10:23:53,66.21,100,
10:23:53,66.21,100,
10:23:53,66.21,200,
10:23:53,66.22,100,
10:23:54,66.20,200,
10:23:55,66.21,100,
10:23:57,66.21,100,
10:23:58,66.21,100,
10:23:58,66.22,100,
10:24:00,66.22,100,
10:24:02,66.23,100,
10:24:03,66.229,300,
10:24:05,66.229,1000,
10:24:06,66.23,300,
10:24:12,66.19,500,
10:24:12,66.19,100,
10:24:12,66.20,500,
10:24:15,66.1738,157,
10:24:17,66.21,100,
10:24:17,66.22,100,
10:24:17,66.23,100,
10:24:20,66.24,100,
10:24:20,66.23,200,
10:24:20,66.23,100,
10:24:21,66.24,100,
10:24:21,66.23,100,
10:24:21,66.24,100,
10:24:21,66.2499,5000,
10:24:21,66.25,300,
10:24:21,66.26,100,
10:24:25,66.21,100,
10:24:27,66.18,100,
10:24:28,66.16,100,
10:24:39,66.18,100,
10:24:43,66.17,100,
10:24:45,66.15,100,
10:24:45,66.15,100,
10:24:45,66.15,200,
10:24:46,66.12,100,
10:24:46,66.12,500,
10:24:47,66.1234,100,
10:24:47,66.1205,600,
10:24:48,66.14,100,
10:24:48,66.13,100,
10:24:48,66.13,100,
10:24:48,66.1301,200,
10:24:48,66.13,100,
10:24:48,66.13,200,
10:24:49,66.14,100,
10:24:49,66.14,100,
10:24:50,66.15,100,
10:24:50,66.17,100,
10:24:55,66.17,100,
10:24:58,66.1686,200,
10:24:58,66.1686,100,
10:24:58,66.1686,200,
10:24:58,66.17,200,
10:24:58,66.1686,400,
10:25:01,66.17,100,
10:25:01,66.1686,500,
10:25:03,66.169,200,
10:25:03,66.15,300,
10:25:07,66.1403,100,
10:25:11,66.12,100,
10:25:11,66.13,100,
10:25:14,66.101,200,
10:25:14,66.10,700,
10:25:14,66.10,100,
10:25:14,66.10,100,
10:25:14,66.10,700,
10:25:14,66.10,100,
10:25:14,66.10,100,
10:25:14,66.10,100,
10:25:14,66.10,100,
10:25:14,66.10,100,
10:25:15,66.11,100,
10:25:17,66.1099,300,
10:25:17,66.11,200,
10:25:18,66.102,500,
10:25:19,66.10,100,
10:25:22,66.08,200,
10:25:23,66.07,100,
10:25:23,66.07,100,
10:25:23,66.07,200,
10:25:23,66.07,100,
10:25:23,66.06,1400,
10:25:23,66.05,500,
10:25:23,66.04,100,
10:25:23,66.04,100,
10:25:23,66.03,100,
10:25:23,66.03,100,
10:25:23,66.01,100,
10:25:23,66,100,
10:25:23,66,2516,
10:25:23,65.98,100,
10:25:23,65.98,200,
10:25:23,65.95,400,
10:25:23,65.95,500,
10:25:23,65.94,100,
10:25:23,65.96,100,
10:25:23,65.92,200,
10:25:23,65.93,100,
10:25:23,66.03,1000,
10:25:23,65.96,100,
10:25:23,66,184,
10:25:24,66.05,100,
10:25:24,65.97,300,
10:25:24,65.97,100,
10:25:24,65.9514,700,
10:25:25,65.94,900,
10:25:26,65.96,100,
10:25:26,65.97,100,
10:25:26,65.96,100,
10:25:28,65.98,100,
10:25:28,66.01,100,
10:25:30,65.97,100,
10:25:31,65.96,100,
10:25:31,65.96,100,
10:25:31,65.96,200,
10:25:31,65.94,100,
10:25:31,65.94,100,
10:25:31,65.93,100,
10:25:31,65.94,200,
10:25:35,65.96,100,
10:25:36,65.97,100,
10:25:36,65.97,100,
10:25:36,65.99,100,
10:25:37,66.01,100,
10:25:41,65.98,100,
10:25:43,65.9997,100,
10:25:43,65.9997,100,
10:25:43,66,100,
10:25:43,66,100,
10:25:45,66.01,100,
10:25:48,66.008,1000,
10:25:56,66,100,
10:25:56,66.0047,1800,
10:25:59,66.0001,2000,
10:26:06,66.01,100,
10:26:08,66.01,100,
10:26:08,66.01,100,
10:26:08,66.0074,1200,
10:26:10,66.0099,1000,
10:26:18,65.99,100,
10:26:18,65.99,200,
10:26:18,66.0047,1000,
10:26:19,65.99,100,
10:26:19,65.98,100,
10:26:20,65.97,200,
10:26:23,65.96,100,
10:26:25,65.951,250,
10:26:28,65.9601,300,
10:26:30,65.952,150,
10:26:35,65.92,100,
10:26:35,65.91,100,
10:26:35,65.91,200,
10:26:35,65.902,1000,
10:26:36,65.91,100,
10:26:36,65.90,1500,
10:26:38,65.93,200,
10:26:39,65.9299,100,
10:26:39,65.928,1500,
10:26:40,65.9276,200,
10:26:43,65.91,100,
10:26:43,65.91,100,
10:26:44,65.9001,200,
10:26:44,65.90,100,
10:26:44,65.92,100,
10:26:44,65.90,100,
10:26:48,65.9186,500,
10:26:51,65.92,100,
10:26:54,65.91,100,
10:26:55,65.93,100,
10:26:55,65.90,100,
10:26:58,65.92,140,
10:26:59,65.93,100,
10:27:05,65.9628,300,
10:27:07,65.96,100,
10:27:09,65.9678,100,
10:27:09,65.969,100,
10:27:14,65.98,200,
10:27:19,65.92,100,
10:27:19,65.92,100,
10:27:23,65.9099,2240,
10:27:26,65.94,100,
10:27:30,65.9657,100,
10:27:31,65.95,100,
10:27:31,65.95,100,
10:27:34,65.93,100,
10:27:34,65.93,100,
10:27:34,65.93,100,
10:27:34,65.94,100,
10:27:34,65.90,300,
10:27:34,65.89,100,
10:27:34,65.89,100,
10:27:34,65.88,100,
10:27:34,65.88,100,
10:27:34,65.87,100,
10:27:34,65.87,100,
10:27:34,65.87,100,
10:27:34,65.87,100,
10:27:35,65.86,100,
10:27:35,65.8414,1000,
10:27:35,65.86,200,
10:27:35,65.86,200,
10:27:35,65.86,200,
10:27:35,65.8586,200,
10:27:35,65.8586,500,
10:27:38,65.86,300,
10:27:39,65.84,2300,
10:27:40,65.82,100,
10:27:40,65.83,100,
10:27:40,65.84,200,
10:27:40,65.82,100,
10:27:40,65.81,100,
10:27:41,65.84,100,
10:27:41,65.86,100,
10:27:41,65.86,100,
10:27:41,65.86,100,
10:27:41,65.861,150,
10:27:41,65.87,100,
10:27:41,65.87,100,
10:27:41,65.87,200,
10:27:41,65.85,100,
10:27:41,65.85,300,
10:27:42,65.80,300,
10:27:44,65.83,100,
10:27:45,65.84,200,
10:27:45,65.84,300,
10:27:45,65.84,200,
10:27:47,65.85,100,
10:27:47,65.86,100,
10:27:47,65.86,100,
10:27:47,65.87,100,
10:27:51,65.8514,300,
10:27:57,65.859,800,
10:28:00,65.8574,1000,
10:28:10,65.89,100,
10:28:12,65.9186,1000,
10:28:15,65.909,500,
10:28:22,65.89,100,
10:28:23,65.88,100,
10:28:23,65.88,300,
10:28:24,65.88,100,
10:28:24,65.89,100,
10:28:24,65.89,100,
10:28:24,65.90,100,
10:28:28,65.90,200,
10:28:31,65.88,100,
10:28:32,65.92,100,
10:28:38,65.90,100,
10:28:46,65.9198,100,
10:28:47,65.902,300,
10:28:50,65.9399,300,
10:28:50,65.94,1000,
10:28:50,65.9399,500,
10:28:50,65.94,900,
10:28:51,65.9363,200,
10:28:51,65.94,100,
10:28:51,65.95,100,
10:28:51,65.96,100,
10:28:53,65.97,300,
10:28:54,65.968,1000,
10:28:58,65.99,100,
10:28:59,66,100,
10:28:59,66.01,100,
10:28:59,66.01,100,
10:28:59,66.01,100,
10:29:00,65.97,100,
10:29:00,65.97,100,
10:29:00,65.97,100,
10:29:00,65.96,100,
10:29:00,65.979,800,
10:29:06,66.01,200,
10:29:06,66.01,800,
10:29:06,66.01,100,
10:29:06,66.01,100,
10:29:06,66.01,5500,
10:29:06,66.008,100,
10:29:06,66.0087,100,
10:29:06,66.0087,200,
10:29:06,66.03,100,
10:29:06,66.0087,500,
10:29:10,66.0014,200,
10:29:20,66.03,100,
10:29:22,66.038,100,
10:29:22,66.038,100,
10:29:22,66.038,100,
10:29:22,66.04,100,
10:29:24,66.0399,100,
10:29:24,66.03,400,
10:29:24,66.03,100,
10:29:25,66.06,100,
10:29:25,66.06,100,
10:29:25,66.06,600,
10:29:25,66.0598,100,
10:29:25,66.06,100,
10:29:25,66.06,100,
10:29:26,66.04,100,
10:29:26,66.04,100,
10:29:30,66.06,300,
10:29:30,66.06,400,
10:29:30,66.06,100,
10:29:30,66.0599,400,
10:29:30,66.06,400,
10:29:30,66.06,200,
10:29:33,66.06,200,
10:29:36,66.06,500,
10:29:39,66.078,100,
10:29:39,66.078,100,
10:29:39,66.078,100,
10:29:39,66.08,100,
10:29:39,66.08,100,
10:29:45,66.07,100,
10:29:47,66.099,300,
10:29:50,66.09,200,
10:29:50,66.09,100,
10:29:51,66.088,200,
10:29:51,66.09,200,
10:29:51,66.09,100,
10:29:51,66.088,100,
10:29:51,66.088,400,
10:29:55,66.08,200,
10:29:56,66.0895,100,
10:29:56,66.089,200,
10:29:56,66.089,500,
10:29:58,66.0875,100,
10:29:58,66.09,100,
10:29:58,66.0877,100,
10:29:58,66.0878,100,
10:29:58,66.0877,100,
10:29:59,66.09,100,
10:29:59,66.11,100,
10:29:59,66.11,100,
10:30:01,66.1323,100,
10:30:02,66.1399,100,
10:30:03,66.17,100,
10:30:03,66.1753,1000,
10:30:04,66.16,100,
10:30:05,66.1599,100,
10:30:06,66.1672,250,
10:30:09,66.17,200,
10:30:09,66.17,100,
10:30:12,66.1978,100,
10:30:12,66.20,100,
10:30:15,66.1785,100,
10:30:15,66.179,1300,
10:30:15,66.179,3000,
10:30:23,66.172,1000,
10:30:24,66.15,100,
10:30:26,66.1102,100,
10:30:26,66.12,350,
10:30:26,66.11,200,
10:30:26,66.1014,500,
10:30:27,66.09,100,
10:30:27,66.08,200,
10:30:27,66.08,300,
10:30:27,66.07,100,
10:30:27,66.124,700,
10:30:28,66.06,200,
10:30:30,66.059,100,
10:30:30,66.052,500,
10:30:32,66.04,100,
10:30:32,66.04,200,
10:30:32,66.0401,2905,
10:30:35,66.04,100,
10:30:36,66.03,200,
10:30:36,66.0102,2100,
10:30:37,66.03,100,
10:30:38,66.03,100,
10:30:41,66.011,100,
10:30:41,66.0105,700,
10:30:48,66.01,200,
10:30:48,66.01,100,
10:30:50,66,1000,
10:30:50,65.99,100,
10:30:52,66.0014,100,
10:30:52,66,100,
10:30:55,66.01,100,
10:31:00,66.01,100,
10:31:00,66.02,600,
10:31:00,66.01,100,
10:31:00,66.01,500,
10:31:01,66,100,
10:31:01,66,100,
10:31:01,65.99,100,
10:31:06,65.99,100,
10:31:07,65.99,100,
10:31:11,66,100,
10:31:17,66.01,100,
10:31:23,66.03,300,
10:31:23,66.04,317,
10:31:23,66.05,100,
10:31:23,66.05,100,
10:31:23,66.04,100,
10:31:25,66.0099,2905,
10:31:28,66.04,100,
10:31:33,66.048,500,
10:31:37,66.02,100,
10:31:38,66,100,
10:31:41,66.03,100,
10:31:42,66.07,100,
10:31:42,66.07,100,
10:31:42,66.07,100,
10:31:45,66.1099,200,
10:31:48,66.10,100,
10:31:54,66.14,100,
10:31:56,66.1401,1000,
10:31:56,66.15,800,
10:31:58,66.14,200,
10:31:58,66.14,300,
10:32:00,66.13,100,
10:32:00,66.142,100,
10:32:00,66.14,100,
10:32:00,66.14,100,
10:32:00,66.14,400,
10:32:04,66.17,100,
10:32:04,66.19,400,
10:32:04,66.19,100,
10:32:04,66.19,300,
10:32:06,66.188,100,
10:32:07,66.19,100,
10:32:09,66.19,100,
10:32:09,66.191,100,
10:32:09,66.191,1600,
10:32:10,66.20,975,
10:32:10,66.23,100,
10:32:10,66.23,300,
10:32:10,66.21,100,
10:32:10,66.24,100,
10:32:10,66.24,500,
10:32:10,66.23,1171,
10:32:10,66.24,100,
10:32:10,66.25,300,
10:32:10,66.25,100,
10:32:10,66.26,100,
10:32:10,66.26,100,
10:32:10,66.26,200,
10:32:10,66.27,100,
10:32:10,66.28,100,
10:32:10,66.29,100,
10:32:10,66.27,440,
10:32:10,66.28,100,
10:32:10,66.28,100,
10:32:10,66.28,100,
10:32:11,66.26,100,
10:32:12,66.251,1000,
10:32:15,66.28,100,
10:32:16,66.2596,300,
10:32:18,66.2326,1100,
10:32:20,66.24,100,
10:32:22,66.25,315,
10:32:24,66.266,100,
10:32:24,66.23,100,
10:32:26,66.2301,300,
10:32:29,66.209,150,
10:32:33,66.18,100,
10:32:33,66.14,300,
10:32:41,66.13,3000,
10:32:41,66.12,100,
10:32:46,66.119,100,
10:32:50,66.18,100,
10:32:55,66.18,100,
10:33:05,66.16,100,
10:33:06,66.15,100,
10:33:06,66.14,100,
10:33:06,66.13,100,
10:33:06,66.13,400,
10:33:06,66.13,800,
10:33:06,66.13,500,
10:33:10,66.16,100,
10:33:10,66.17,100,
10:33:10,66.18,100,
10:33:10,66.18,100,
10:33:12,66.18,100,
10:33:13,66.20,100,
10:33:15,66.192,1500,
10:33:16,66.17,100,
10:33:18,66.14,1000,
10:33:19,66.11,100,
10:33:19,66.09,100,
10:33:19,66.09,100,
10:33:22,66.09,100,
10:33:23,66.07,100,
10:33:23,66.07,200,
10:33:35,66.11,100,
10:33:37,66.1114,500,
10:33:37,66.11,100,
10:33:42,66.09,600,
10:33:43,66.07,100,
10:33:43,66.08,1400,
10:33:43,66.06,100,
10:33:45,66.04,100,
10:33:45,66.04,100,
10:33:47,66.08,100,
10:33:50,66.10,100,
10:33:50,66.10,100,
10:33:51,66.11,100,
10:33:57,66.08,100,
10:34:06,66.08,200,
10:34:10,66.058,100,
10:34:10,66.09,100,
10:34:15,66.05,100,
10:34:17,66.06,100,
10:34:18,66.05,100,
10:34:19,66.04,100,
10:34:20,66.0232,100,
10:34:20,66.0231,100,
10:34:20,66.021,400,
10:34:22,66,500,
10:34:22,66,200,
10:34:23,65.99,100,
10:34:23,65.99,100,
10:34:23,65.99,100,
10:34:23,65.98,100,
10:34:26,66,100,
10:34:28,65.98,300,
10:34:28,65.98,100,
10:34:29,65.96,2149,
10:34:29,65.94,100,
10:34:29,65.94,100,
10:34:29,65.94,100,
10:34:29,65.95,100,
10:34:29,65.93,100,
10:34:29,65.93,200,
10:34:30,65.95,900,
10:34:30,65.95,100,
10:34:30,65.952,500,
10:34:31,65.97,100,
10:34:33,65.96,100,
10:34:35,65.99,100,
10:34:37,65.99,100,
10:34:46,65.91,100,
10:34:46,65.91,100,
10:34:46,65.90,100,
10:34:47,65.90,300,
10:34:47,65.90,426,
10:34:47,65.89,100,
10:34:47,65.87,100,
10:34:47,65.86,100,
10:34:47,65.90,100,
10:34:47,65.86,100,
10:34:47,65.88,100,
10:34:47,65.89,100,
10:34:47,65.88,100,
10:34:49,65.88,228,
10:34:51,65.8726,900,
10:34:54,65.90,100,
10:34:55,65.91,100,
10:34:55,65.91,100,
10:34:55,65.91,219,
10:34:55,65.90,100,
10:34:58,65.90,100,
10:35:02,65.88,100,
10:35:02,65.898,600,
10:35:02,65.90,100,
10:35:04,65.9268,100,
10:35:05,65.95,100,
10:35:05,65.94,100,
10:35:06,65.95,100,
10:35:09,65.94,100,
10:35:09,65.9302,100,
10:35:14,65.928,1000,
10:35:15,65.9472,500,
10:35:25,65.92,400,
10:35:31,65.90,100,
10:35:34,65.881,100,
10:35:35,65.90,200,
10:35:36,65.90,300,
10:35:37,65.882,300,
10:35:37,65.89,100,
10:35:39,65.868,500,
10:35:40,65.85,300,
10:35:41,65.868,300,
10:35:41,65.87,1200,
10:35:43,65.89,100,
10:35:43,65.89,100,
10:35:45,65.90,100,
10:35:45,65.93,400,
10:35:48,65.94,100,
10:35:48,65.94,300,
10:35:52,65.94,200,
10:35:59,65.93,200,
10:36:04,65.9157,200,
10:36:05,65.9086,200,
10:36:05,65.91,200,
10:36:05,65.91,300,
10:36:05,65.9086,600,
10:36:05,65.91,200,
10:36:08,65.928,100,
10:36:08,65.93,100,
10:36:08,65.928,100,
10:36:08,65.928,100,
10:36:08,65.9286,100,
10:36:08,65.929,100,
10:36:09,65.92,100,
10:36:09,65.95,100,
10:36:12,65.98,1850,
10:36:12,66,100,
10:36:14,66.02,100,
10:36:14,66.04,100,
10:36:16,66.07,100,
10:36:17,66.06,300,
10:36:18,66.08,100,
10:36:18,66.08,100,
10:36:19,66.076,300,
10:36:19,66.06,100,
10:36:20,66.06,400,
10:36:23,66.0414,100,
10:36:25,66.09,100,
10:36:25,66.092,1000,
10:36:26,66.12,100,
10:36:27,66.11,100,
10:36:32,66.0796,100,
10:36:32,66.079,500,
10:36:32,66.079,500,
10:36:33,66.05,100,
10:36:34,66.078,3200,
10:36:38,66.05,100,
10:36:40,66.002,1000,
10:36:45,66.0201,350,
10:36:45,66.01,400,
10:36:46,66.03,100,
10:36:46,66.03,100,
10:36:49,66.009,100,
10:36:50,66.0286,190,
10:36:51,66.03,200,
10:36:57,66.01,300,
10:36:59,66.0086,504,
10:36:59,66.01,300,
10:37:00,66.01,100,
10:37:02,66,900,
10:37:08,66.01,100,
10:37:08,66.0177,100,
10:37:08,66.029,100,
10:37:17,66.018,100,
10:37:17,66.018,100,
10:37:17,66.018,200,
10:37:17,66.02,100,
10:37:18,66.04,100,
10:37:27,66.05,100,
10:37:27,66.0486,100,
10:37:27,66.0486,100,
10:37:27,66.05,100,
10:37:33,66,100,
10:37:43,66.028,100,
10:37:44,66.0399,500,
10:37:55,66.0099,300,
10:37:55,66.019,1000,
10:38:01,66.016,455,
10:38:02,66.0014,500,
10:38:03,66.02,100,
10:38:03,66.02,400,
10:38:03,66.04,100,
10:38:06,66.05,100,
10:38:09,66.05,200,
10:38:20,66.0572,100,
10:38:26,66.06,100,
10:38:42,66.07,100,
10:38:42,66.08,100,
10:38:43,66.10,100,
10:38:47,66.13,100,
10:38:51,66.11,100,
10:38:53,66.11,100,
10:38:57,66.1099,300,
10:39:00,66.10,100,
10:39:03,66.09,100,
10:39:03,66.09,100,
10:39:03,66.08,100,
10:39:03,66.07,100,
10:39:03,66.07,100,
10:39:03,66.06,1000,
10:39:10,66.0114,200,
10:39:13,66.04,100,
10:39:24,66.05,100,
10:39:24,66.06,100,
10:39:26,66.06,220,
10:39:26,66.07,100,
10:39:28,66.099,1000,
10:39:29,66.08,300,
10:39:29,66.07,100,
10:39:36,66.0286,1000,
10:39:46,66.039,100,
10:40:07,66,100,
10:40:09,66.02,100,
10:40:11,66,100,
10:40:11,66.01,100,
10:40:11,66.0099,100,
10:40:15,65.98,100,
10:40:15,65.98,100,
10:40:15,65.98,200,
10:40:15,65.97,100,
10:40:16,65.942,1000,
10:40:19,65.97,100,
10:40:20,65.9999,1000,
10:40:24,65.9943,250,
10:40:31,65.92,100,
10:40:33,65.94,100,
10:40:37,65.93,100,
10:40:37,65.929,100,
10:40:37,65.929,100,
10:40:53,65.9672,400,
10:41:01,65.959,100,
10:41:04,65.958,200,
10:41:06,65.91,100,
10:41:06,65.91,100,
10:41:06,65.91,100,
10:41:06,65.90,300,
10:41:06,65.88,100,
10:41:06,65.88,100,
10:41:06,65.88,300,
10:41:06,65.88,100,
10:41:06,65.86,100,
10:41:06,65.87,100,
10:41:06,65.86,100,
10:41:07,65.8586,100,
10:41:10,65.91,100,
10:41:10,65.902,500,
10:41:18,65.88,200,
10:41:18,65.88,200,
10:41:18,65.88,200,
10:41:18,65.88,100,
10:41:22,65.91,100,
10:41:22,65.91,200,
10:41:27,65.94,100,
10:41:31,65.93,100,
10:41:44,65.95,200,
10:41:51,65.97,100,
10:41:51,65.97,100,
10:41:57,66,100,
10:41:59,66,100,
10:42:01,66.0084,450,
10:42:02,65.98,200,
10:42:02,65.98,141,
10:42:10,65.949,100,
10:42:10,65.949,200,
10:42:14,65.9547,1100,
10:42:30,65.98,100,
10:42:33,66.02,100,
10:42:36,66.0374,900,
10:42:36,66.031,200,
10:42:37,66.04,100,
10:42:37,66.05,100,
10:42:39,66.06,100,
10:42:41,66.06,100,
10:42:42,66.06,100,
10:42:42,66.08,249,
10:42:42,66.10,100,
10:42:42,66.10,100,
10:42:44,66.06,500,
10:42:57,66.03,500,
10:42:58,66.02,100,
10:43:06,65.98,100,
10:43:15,65.95,100,
10:43:16,65.95,100,
10:43:16,65.94,100,
10:43:16,65.94,100,
10:43:16,65.94,100,
10:43:16,65.93,100,
10:43:23,65.94,100,
10:43:24,65.9499,600,
10:43:28,65.93,100,
10:43:33,65.92,100,
10:43:34,65.9214,100,
10:43:34,65.9214,200,
10:43:34,65.92,200,
10:43:35,65.93,100,
10:43:36,65.94,100,
10:43:46,65.97,100,
10:43:57,65.9686,1000,
10:44:03,65.90,332,
10:44:03,65.90,200,
10:44:03,65.90,586,
10:44:03,65.91,100,
10:44:06,65.91,100,
10:44:25,65.91,100,
10:44:26,65.95,300,
10:44:26,65.96,300,
10:44:27,65.97,100,
10:44:31,65.94,100,
10:44:45,65.95,100,
10:44:45,65.95,100,
10:44:45,65.96,100,
10:44:45,65.95,100,
10:44:45,65.95,100,
10:44:46,65.95,200,
10:44:53,65.90,100,
10:45:01,65.919,120,
10:45:18,65.9399,100,
10:45:18,65.94,300,
10:45:18,65.95,100,
10:45:18,65.96,3400,
10:45:19,65.96,100,
10:45:28,65.959,200,
10:45:35,65.9595,200,
10:45:39,65.92,100,
10:45:51,65.90,3800,
10:45:51,65.90,100,
10:45:51,65.90,100,
10:45:51,65.90,200,
10:45:51,65.89,240,
10:45:51,65.89,100,
10:45:51,65.89,100,
10:45:54,65.88,200,
10:45:54,65.89,2446,
10:45:59,65.88,100,
10:46:04,65.9574,1500,
10:46:10,65.94,100,
10:46:12,65.93,800,
10:46:21,65.90,500,
10:46:27,65.9074,1100,
10:46:28,65.87,100,
10:46:28,65.87,200,
10:46:28,65.87,100,
10:46:31,65.8728,150,
10:46:32,65.90,100,
10:46:32,65.89,100,
10:46:36,65.89,100,
10:46:43,65.8747,1000,
10:46:46,65.86,100,
10:46:46,65.86,100,
10:46:47,65.89,100,
10:46:48,65.91,100,
10:46:50,65.9113,1000,
10:46:54,65.898,300,
10:46:55,65.88,100,
10:46:55,65.88,100,
10:46:55,65.86,100,
10:46:56,65.8974,1200,
10:47:05,65.9681,200,
10:47:06,65.95,100,
10:47:13,65.939,1000,
10:47:15,65.9399,2149,
10:47:24,65.93,100,
10:47:47,65.9401,100,
10:47:54,65.92,300,
10:47:55,65.9199,100,
10:47:57,65.92,300,
10:47:57,65.92,300,
10:47:57,65.92,2500,
10:47:57,65.9201,1400,
10:47:58,65.9354,100,
10:48:02,65.91,100,
10:48:09,65.89,300,
10:48:09,65.89,100,
10:48:13,65.90,100,
10:48:24,65.97,100,
10:48:26,65.9899,2000,
10:48:27,65.985,800,
10:48:29,65.99,100,
10:48:30,66,100,
10:48:30,66.02,100,
10:48:30,66.03,200,
10:48:31,66.03,100,
10:48:31,66.02,100,
10:48:31,66.01,100,
10:48:31,66.01,100,
10:48:31,65.99,100,
10:48:31,65.99,100,
10:48:37,66,100,
10:48:38,66,300,
10:48:39,65.99,100,
10:48:40,65.97,100,
10:48:40,65.96,200,
10:48:46,65.9399,242,
10:48:48,65.91,100,
10:48:48,65.91,200,
10:48:48,65.91,100,
10:48:49,65.892,1000,
10:48:53,65.91,430,
10:48:54,65.89,200,
10:48:59,65.88,100,
10:49:01,65.91,100,
10:49:01,65.9095,100,
10:49:01,65.90,100,
10:49:02,65.909,100,
10:49:05,65.90,100,
10:49:12,65.88,100,
10:49:19,65.89,100,
10:49:32,65.912,250,
10:49:46,65.884,580,
10:49:56,65.89,100,
10:50:02,65.90,100,
10:50:02,65.89,100,
10:50:07,65.89,4000,
10:50:13,65.90,800,
10:50:14,65.88,100,
10:50:15,65.8756,200,
10:50:20,65.89,100,
10:50:20,65.8783,200,
10:50:20,65.88,100,
10:50:20,65.8787,200,
10:50:20,65.89,100,
10:50:20,65.88,200,
10:50:20,65.89,100,
10:50:32,65.88,200,
10:50:34,65.881,1000,
10:50:39,65.889,100,
10:50:42,65.88,100,
10:50:44,65.8971,100,
10:50:53,65.898,100,
10:50:54,65.91,100,
10:50:54,65.9168,300,
10:51:03,65.90,100,
10:51:03,65.8799,300,
10:51:03,65.88,100,
10:51:08,65.85,200,
10:51:08,65.82,100,
10:51:08,65.83,100,
10:51:08,65.85,100,
10:51:08,65.85,100,
10:51:08,65.83,496,
10:51:08,65.85,234,
10:51:08,65.82,100,
10:51:09,65.82,100,
10:51:10,65.81,200,
10:51:10,65.802,1000,
10:51:11,65.83,100,
10:51:11,65.83,100,
10:51:11,65.83,100,
10:51:11,65.8399,400,
10:51:11,65.83,100,
10:51:11,65.81,100,
10:51:11,65.81,100,
10:51:11,65.82,300,
10:51:11,65.815,100,
10:51:11,65.815,100,
10:51:11,65.815,100,
10:51:12,65.81,100,
10:51:12,65.81,100,
10:51:12,65.815,100,
10:51:12,65.815,100,
10:51:14,65.81,100,
10:51:16,65.8001,100,
10:51:16,65.80,100,
10:51:16,65.8099,200,
10:51:16,65.80,268,
10:51:17,65.78,100,
10:51:17,65.76,100,
10:51:17,65.76,100,
10:51:17,65.76,100,
10:51:17,65.76,100,
10:51:17,65.75,625,
10:51:17,65.75,100,
10:51:17,65.75,200,
10:51:17,65.75,100,
10:51:17,65.74,100,
10:51:17,65.80,100,
10:51:17,65.76,1000,
10:51:17,65.74,100,
10:51:17,65.71,100,
10:51:17,65.72,100,
10:51:17,65.72,100,
10:51:17,65.74,100,
10:51:17,65.73,100,
10:51:17,65.73,100,
10:51:17,65.72,100,
10:51:17,65.75,100,
10:51:17,65.73,100,
10:51:17,65.72,500,
10:51:17,65.72,100,
10:51:17,65.71,1000,
10:51:17,65.71,200,
10:51:17,65.71,100,
10:51:17,65.71,100,
10:51:17,65.7186,100,
10:51:17,65.71,100,
10:51:17,65.7192,100,
10:51:17,65.72,100,
10:51:17,65.71,100,
10:51:17,65.74,100,
10:51:17,65.74,100,
10:51:17,65.72,200,
10:51:17,65.73,100,
10:51:17,65.72,200,
10:51:17,65.7301,400,
10:51:19,65.77,100,
10:51:19,65.78,100,
10:51:20,65.75,1000,
10:51:20,65.79,100,
10:51:20,65.80,100,
10:51:20,65.734,200,
10:51:22,65.7976,900,
10:51:28,65.81,100,
10:51:29,65.81,100,
10:51:33,65.7899,2240,
10:51:34,65.8098,400,
10:51:34,65.81,200,
10:51:37,65.79,100,
10:51:38,65.81,100,
10:51:38,65.81,100,
10:51:39,65.819,1000,
10:51:39,65.80,100,
10:51:41,65.76,100,
10:51:43,65.79,300,
10:51:43,65.81,700,
10:51:47,65.79,100,
10:51:47,65.80,100,
10:51:47,65.79,100,
10:51:53,65.75,100,
10:51:53,65.7301,700,
10:51:53,65.73,1400,
10:51:53,65.7301,1100,
10:51:53,65.7301,200,
10:51:53,65.73,500,
10:51:53,65.7301,1500,
10:51:53,65.73,1100,
10:51:53,65.73,200,
10:51:54,65.74,100,
10:51:54,65.75,100,
10:51:55,65.76,100,
10:51:55,65.77,300,
10:51:56,65.75,100,
10:51:58,65.73,100,
10:52:00,65.75,100,
10:52:00,65.74,200,
10:52:00,65.7406,100,
10:52:00,65.741,400,
10:52:00,65.731,200,
10:52:01,65.76,100,
10:52:01,65.75,100,
10:52:01,65.75,100,
10:52:01,65.76,100,
10:52:02,65.74,100,
10:52:02,65.732,5700,
10:52:07,65.75,100,
10:52:11,65.751,375,
10:52:17,65.76,100,
10:52:17,65.76,100,
10:52:18,65.72,100,
10:52:20,65.70,200,
10:52:20,65.70,700,
10:52:20,65.70,100,
10:52:20,65.69,200,
10:52:20,65.6801,227,
10:52:21,65.6801,340,
10:52:22,65.70,100,
10:52:22,65.7057,100,
10:52:22,65.681,100,
10:52:22,65.65,100,
10:52:22,65.65,100,
10:52:22,65.65,100,
10:52:22,65.65,100,
10:52:22,65.64,100,
10:52:22,65.66,100,
10:52:22,65.65,100,
10:52:23,65.6401,300,
10:52:23,65.66,500,
10:52:23,65.65,100,
10:52:23,65.682,300,
10:52:23,65.6528,275,
10:52:25,65.6401,6000,
10:52:28,65.6332,450,
10:52:29,65.631,100,
10:52:29,65.631,500,
10:52:30,65.64,200,
10:52:30,65.64,200,
10:52:30,65.64,200,
10:52:30,65.64,100,
10:52:31,65.6328,500,
10:52:33,65.63,100,
10:52:33,65.63,500,
10:52:33,65.63,1000,
10:52:33,65.65,100,
10:52:34,65.67,200,
10:52:39,65.70,300,
10:52:39,65.70,100,
10:52:40,65.69,100,
10:52:40,65.69,100,
10:52:40,65.68,100,
10:52:42,65.658,250,
10:52:44,65.66,100,
10:52:50,65.6727,1000,
10:52:53,65.666,580,
10:53:04,65.6227,1000,
10:53:07,65.64,200,
10:53:07,65.64,300,
10:53:14,65.647,100,
10:53:17,65.63,100,
10:53:22,65.632,500,
10:53:26,65.65,100,
10:53:29,65.648,200,
10:53:33,65.64,100,
10:53:33,65.64,100,
10:53:33,65.64,100,
10:53:33,65.63,100,
10:53:39,65.6399,100,
10:53:39,65.63,400,
10:53:39,65.63,700,
10:53:44,65.62,100,
10:53:44,65.64,100,
10:53:46,65.63,100,
10:53:46,65.63,100,
10:53:46,65.62,100,
10:53:47,65.67,100,
10:53:49,65.6301,1000,
10:53:51,65.68,132,
10:53:51,65.70,100,
10:53:52,65.68,100,
10:53:57,65.65,1000,
10:53:58,65.62,100,
10:53:58,65.62,200,
10:53:58,65.62,200,
10:53:59,65.645,200,
10:53:59,65.64,100,
10:54:04,65.62,100,
10:54:05,65.62,100,
10:54:05,65.62,200,
10:54:05,65.619,300,
10:54:06,65.61,1400,
10:54:06,65.61,100,
10:54:06,65.61,200,
10:54:06,65.60,100,
10:54:06,65.61,700,
10:54:07,65.63,100,
10:54:07,65.64,100,
10:54:11,65.63,100,
10:54:11,65.64,100,
10:54:11,65.63,100,
10:54:20,65.64,100,
10:54:20,65.62,100,
10:54:20,65.61,100,
10:54:22,65.6357,100,
10:54:22,65.63,100,
10:54:23,65.638,6900,
10:54:23,65.63,100,
10:54:23,65.63,200,
10:54:23,65.63,100,
10:54:30,65.67,100,
10:54:31,65.65,100,
10:54:32,65.67,100,
10:54:32,65.68,100,
10:54:32,65.69,100,
10:54:32,65.69,100,
10:54:32,65.69,100,
10:54:32,65.69,600,
10:54:34,65.68,100,
10:54:34,65.68,100,
10:54:35,65.6797,100,
10:54:35,65.68,200,
10:54:36,65.69,500,
10:54:38,65.6998,100,
10:54:39,65.688,1620,
10:54:42,65.70,100,
10:54:43,65.67,300,
10:54:43,65.67,500,
10:54:45,65.71,100,
10:54:45,65.71,100,
10:54:45,65.71,100,
10:54:47,65.7199,1300,
10:54:48,65.7199,100,
10:54:48,65.7199,100,
10:54:48,65.7199,100,
10:54:48,65.7199,600,
10:54:52,65.7247,1000,
10:54:57,65.71,100,
10:54:59,65.6974,1000,
10:55:02,65.6501,3000,
10:55:10,65.67,100,
10:55:10,65.66,100,
10:55:10,65.6721,100,
10:55:10,65.6714,100,
10:55:10,65.665,100,
10:55:10,65.665,100,
10:55:10,65.665,100,
10:55:13,65.6799,200,
10:55:20,65.67,100,
10:55:24,65.66,100,
10:55:26,65.68,200,
10:55:29,65.68,100,
10:55:45,65.6513,500,
10:55:53,65.67,300,
10:55:56,65.6773,500,
10:56:01,65.6714,400,
10:56:02,65.6774,1800,
10:56:06,65.66,100,
10:56:07,65.67,100,
10:56:07,65.68,100,
10:56:09,65.6974,1800,
10:56:15,65.701,180,
10:56:15,65.709,100,
10:56:17,65.6972,100,
10:56:18,65.696,1800,
10:56:19,65.6932,300,
10:56:21,65.70,100,
10:56:23,65.68,100,
10:56:31,65.68,100,
10:56:31,65.68,100,
10:56:33,65.70,100,
10:56:36,65.71,100,
10:56:36,65.7374,1800,
10:56:43,65.737,100,
10:56:45,65.7201,100,
10:56:45,65.7201,500,
10:57:01,65.71,100,
10:57:01,65.71,100,
10:57:04,65.70,100,
10:57:05,65.7156,100,
10:57:05,65.712,750,
10:57:07,65.69,325,
10:57:11,65.6783,100,
10:57:13,65.68,100,
10:57:14,65.65,450,
10:57:15,65.68,100,
10:57:15,65.69,100,
10:57:15,65.69,100,
10:57:17,65.681,1000,
10:57:19,65.689,100,
10:57:23,65.70,100,
10:57:26,65.71,100,
10:57:27,65.71,100,
10:57:27,65.70,100,
10:57:27,65.69,100,
10:57:27,65.68,100,
10:57:27,65.67,100,
10:57:27,65.66,100,
10:57:38,65.68,8000,
10:57:38,65.689,100,
10:57:39,65.682,1000,
10:57:46,65.70,500,
10:57:47,65.71,100,
10:57:54,65.71,100,
10:57:58,65.7086,500,
10:58:03,65.6986,500,
10:58:04,65.68,300,
10:58:04,65.67,100,
10:58:04,65.64,100,
10:58:04,65.64,100,
10:58:04,65.65,100,
10:58:04,65.65,100,
10:58:04,65.65,100,
10:58:04,65.63,100,
10:58:04,65.63,100,
10:58:04,65.63,100,
10:58:04,65.63,100,
10:58:04,65.62,100,
10:58:04,65.62,100,
10:58:04,65.62,100,
10:58:04,65.62,100,
10:58:04,65.62,100,
10:58:05,65.62,100,
10:58:15,65.65,100,
10:58:16,65.6498,100,
10:58:16,65.66,400,
10:58:19,65.6399,200,
10:58:20,65.6486,100,
10:58:21,65.6499,500,
10:58:30,65.65,100,
10:58:30,65.65,100,
10:58:31,65.6505,200,
10:58:40,65.69,100,
10:58:40,65.69,600,
10:58:40,65.70,100,
10:58:40,65.70,100,
10:58:40,65.71,300,
10:58:40,65.71,100,
10:58:40,65.71,100,
10:58:40,65.72,100,
10:58:40,65.71,100,
10:58:40,65.72,100,
10:58:40,65.73,100,
10:58:42,65.72,100,
10:58:46,65.71,100,
10:58:55,65.719,1000,
10:58:57,65.72,100,
10:58:57,65.7384,100,
10:58:57,65.7386,100,
10:58:57,65.739,2300,
10:58:59,65.7299,100,
10:58:59,65.73,100,
10:58:59,65.73,100,
10:59:02,65.71,117,
10:59:03,65.70,100,
10:59:06,65.71,100,
10:59:08,65.69,100,
10:59:13,65.70,100,
10:59:15,65.706,100,
10:59:16,65.72,100,
10:59:16,65.72,100,
10:59:16,65.73,100,
10:59:16,65.73,100,
10:59:19,65.71,100,
10:59:21,65.718,200,
10:59:25,65.722,650,
10:59:36,65.7108,100,
10:59:39,65.70,150,
10:59:41,65.69,100,
10:59:43,65.689,100,
10:59:47,65.71,100,
11:00:04,65.75,100,
11:00:05,65.73,300,
11:00:05,65.7399,100,
11:00:05,65.74,100,
11:00:05,65.74,100,
11:00:07,65.74,100,
11:00:15,65.75,200,
11:00:15,65.7574,200,
11:00:17,65.7598,100,
11:00:25,65.73,100,
11:00:31,65.76,400,
11:00:31,65.76,362,
11:00:35,65.79,100,
11:00:40,65.7799,100,
11:00:43,65.758,350,
11:00:44,65.7972,100,
11:00:44,65.799,300,
11:00:44,65.81,300,
11:00:44,65.81,100,
11:00:44,65.81,100,
11:00:47,65.8195,100,
11:00:47,65.80,100,
11:00:48,65.799,100,
11:00:48,65.8099,100,
11:00:48,65.81,100,
11:00:48,65.809,1500,
11:00:50,65.78,100,
11:00:50,65.82,600,
11:00:51,65.80,300,
11:00:53,65.79,100,
11:00:53,65.789,500,
11:00:56,65.7999,2000,
11:00:57,65.78,200,
11:00:58,65.77,100,
11:00:58,65.77,100,
11:00:58,65.77,100,
11:00:58,65.75,200,
11:00:58,65.75,300,
11:00:59,65.75,400,
11:01:02,65.77,100,
11:01:02,65.78,300,
11:01:13,65.8102,1000,
11:01:15,65.8183,100,
11:01:15,65.819,400,
11:01:16,65.8126,900,
11:01:19,65.80,900,
11:01:24,65.8099,2905,
11:01:32,65.82,200,
11:01:32,65.811,1000,
11:01:32,65.85,100,
11:01:32,65.85,300,
11:01:32,65.85,100,
11:01:35,65.8587,500,
11:01:40,65.85,100,
11:01:45,65.82,100,
11:01:48,65.83,100,
11:01:50,65.839,200,
11:02:00,65.82,300,
11:02:01,65.81,175,
11:02:01,65.80,100,
11:02:01,65.79,200,
11:02:06,65.83,500,
11:02:14,65.86,100,
11:02:18,65.84,100,
11:02:21,65.851,100,
11:02:30,65.86,100,
11:02:35,65.86,100,
11:02:36,65.8601,125,
11:02:37,65.86,100,
11:02:38,65.868,300,
11:02:41,65.8295,300,
11:02:44,65.8647,1000,
11:02:49,65.85,1300,
11:03:00,65.83,300,
11:03:00,65.82,1900,
11:03:02,65.8353,1000,
11:03:07,65.87,100,
11:03:13,65.85,3000,
11:03:18,65.84,100,
11:03:24,65.81,991,
11:03:28,65.80,450,
11:03:28,65.80,200,
11:03:28,65.79,100,
11:03:29,65.80,100,
11:03:29,65.80,100,
11:03:32,65.80,100,
11:03:32,65.81,100,
11:03:36,65.8028,500,
11:03:39,65.80,100,
11:03:39,65.80,400,
11:03:39,65.80,1000,
11:03:39,65.80,100,
11:03:42,65.80,100,
11:03:42,65.80,100,
11:03:46,65.80,100,
11:03:48,65.80,200,
11:03:48,65.81,300,
11:03:48,65.81,100,
11:03:56,65.80,100,
11:03:57,65.80,100,
11:03:57,65.80,100,
11:03:59,65.81,100,
11:03:59,65.81,100,
11:03:59,65.80,100,
11:03:59,65.79,100,
11:04:06,65.836,500,
11:04:15,65.84,100,
11:04:17,65.88,100,
11:04:19,65.89,300,
11:04:19,65.90,200,
11:04:19,65.90,100,
11:04:19,65.90,100,
11:04:19,65.88,100,
11:04:20,65.86,100,
11:04:38,65.84,300,
11:04:40,65.823,100,
11:04:47,65.82,100,
11:04:52,65.8116,100,
11:04:52,65.811,300,
11:04:54,65.812,6700,
11:04:55,65.8157,200,
11:04:56,65.80,100,
11:04:57,65.82,100,
11:05:05,65.80,100,
11:05:20,65.848,100,
11:05:31,65.8301,100,
11:05:32,65.83,100,
11:05:35,65.8301,300,
11:05:35,65.83,400,
11:05:46,65.82,100,
11:05:49,65.83,100,
11:05:58,65.821,100,
11:06:01,65.82,100,
11:06:01,65.80,1000,
11:06:01,65.80,125,
11:06:01,65.80,2125,
11:06:01,65.80,1675,
11:06:01,65.79,100,
11:06:01,65.80,100,
11:06:01,65.80,100,
11:06:01,65.80,100,
11:06:01,65.80,200,
11:06:01,65.80,200,
11:06:01,65.81,100,
11:06:01,65.80,100,
11:06:11,65.80,100,
11:06:12,65.77,200,
11:06:12,65.77,100,
11:06:12,65.76,300,
11:06:12,65.76,100,
11:06:12,65.75,100,
11:06:12,65.75,100,
11:06:12,65.76,200,
11:06:12,65.80,100,
11:06:12,65.74,100,
11:06:12,65.75,100,
11:06:12,65.76,100,
11:06:12,65.76,300,
11:06:12,65.77,100,
11:06:12,65.76,100,
11:06:12,65.76,100,
11:06:12,65.77,100,
11:06:18,65.7426,900,
11:06:20,65.75,100,
11:06:20,65.7499,100,
11:06:21,65.76,100,
11:06:21,65.7599,100,
11:06:21,65.7599,100,
11:06:21,65.7599,100,
11:06:21,65.7599,300,
11:06:21,65.77,1700,
11:06:23,65.77,100,
11:06:23,65.78,300,
11:06:29,65.749,100,
11:06:32,65.73,100,
11:06:36,65.7486,1825,
11:06:37,65.72,100,
11:06:39,65.70,700,
11:06:39,65.70,100,
11:06:39,65.66,100,
11:06:39,65.68,100,
11:06:39,65.66,100,
11:06:40,65.662,500,
11:06:40,65.65,400,
11:06:40,65.65,200,
11:06:40,65.65,100,
11:06:40,65.64,100,
11:06:40,65.64,100,
11:06:40,65.64,100,
11:06:40,65.64,1800,
11:06:41,65.67,100,
11:06:42,65.67,100,
11:06:42,65.64,100,
11:06:44,65.67,300,
11:06:46,65.68,200,
11:06:46,65.68,200,
11:06:49,65.65,100,
11:06:49,65.65,100,
11:06:49,65.64,100,
11:06:49,65.65,100,
11:06:49,65.6599,500,
11:06:55,65.64,100,
11:07:00,65.65,100,
11:07:02,65.6605,100,
11:07:02,65.661,200,
11:07:04,65.6798,400,
11:07:04,65.68,100,
11:07:10,65.73,100,
11:07:11,65.74,100,
11:07:12,65.75,100,
11:07:13,65.7299,100,
11:07:13,65.73,100,
11:07:15,65.73,100,
11:07:17,65.73,100,
11:07:24,65.71,100,
11:07:26,65.71,300,
11:07:32,65.7102,300,
11:07:33,65.71,200,
11:07:33,65.74,100,
11:07:36,65.72,100,
11:07:36,65.71,100,
11:07:40,65.68,100,
11:07:40,65.68,100,
11:07:41,65.6699,100,
11:07:41,65.6794,100,
11:07:41,65.68,100,
11:07:41,65.68,100,
11:07:41,65.68,100,
11:07:41,65.68,100,
11:07:41,65.68,100,
11:07:41,65.68,100,
11:07:42,65.6795,100,
11:07:42,65.66,100,
11:07:42,65.6798,1600,
11:07:44,65.64,100,
11:07:45,65.66,100,
11:07:45,65.66,200,
11:07:45,65.66,200,
11:07:45,65.67,100,
11:07:45,65.6686,100,
11:07:45,65.6686,100,
11:07:46,65.69,100,
11:07:56,65.69,100,
11:07:58,65.69,100,
11:07:59,65.67,100,
11:07:59,65.68,100,
11:08:02,65.69,100,
11:08:02,65.69,300,
11:08:02,65.69,100,
11:08:02,65.70,200,
11:08:06,65.70,100,
11:08:06,65.69,100,
11:08:06,65.68,100,
11:08:16,65.69,100,
11:08:21,65.70,100,
11:08:21,65.70,200,
11:08:21,65.70,100,
11:08:25,65.70,100,
11:08:26,65.70,100,
11:08:26,65.68,100,
11:08:26,65.67,100,
11:08:27,65.71,100,
11:08:27,65.73,100,
11:08:27,65.7299,100,
11:08:27,65.7386,100,
11:08:27,65.739,3800,
11:08:33,65.77,100,
11:08:37,65.75,100,
11:08:39,65.75,100,
11:08:46,65.77,100,
11:08:46,65.77,100,
11:08:46,65.78,300,
11:08:47,65.769,100,
11:08:48,65.77,300,
11:08:55,65.7502,200,
11:08:55,65.75,100,
11:09:01,65.75,100,
11:09:01,65.74,400,
11:09:01,65.74,100,
11:09:01,65.75,100,
11:09:02,65.75,100,
11:09:02,65.75,100,
11:09:04,65.74,200,
11:09:08,65.75,100,
11:09:08,65.77,100,
11:09:10,65.76,100,
11:09:16,65.76,100,
11:09:16,65.75,100,
11:09:19,65.79,100,
11:09:19,65.79,100,
11:09:19,65.79,100,
11:09:20,65.798,1000,
11:09:20,65.79,100,
11:09:22,65.7914,100,
11:09:25,65.77,100,
11:09:25,65.7801,300,
11:09:25,65.76,600,
11:09:34,65.81,100,
11:09:34,65.80,200,
11:09:36,65.78,100,
11:09:50,65.81,100,
11:09:50,65.81,200,
11:10:00,65.8102,300,
11:10:00,65.81,200,
11:10:05,65.80,100,
11:10:05,65.79,100,
11:10:06,65.78,100,
11:10:06,65.77,100,
11:10:06,65.77,100,
11:10:06,65.7799,228,
11:10:08,65.78,100,
11:10:09,65.81,100,
11:10:09,65.82,100,
11:10:09,65.82,100,
11:10:09,65.82,100,
11:10:11,65.79,100,
11:10:13,65.76,100,
11:10:16,65.77,100,
11:10:16,65.77,100,
11:10:17,65.76,100,
11:10:17,65.76,100,
11:10:17,65.77,100,
11:10:36,65.81,100,
11:10:36,65.79,100,
11:11:02,65.77,100,
11:11:06,65.79,100,
11:11:13,65.77,100,
11:11:13,65.77,100,
11:11:13,65.77,100,
11:11:13,65.77,100,
11:11:14,65.75,100,
11:11:14,65.75,100,
11:11:14,65.7526,600,
11:11:21,65.80,100,
11:11:30,65.83,298,
11:11:30,65.83,100,
11:11:38,65.8198,100,
11:11:38,65.82,100,
11:11:46,65.8199,760,
11:11:52,65.85,100,
11:11:52,65.85,3200,
11:11:54,65.87,300,
11:11:54,65.87,300,
11:11:54,65.87,100,
11:11:54,65.87,300,
11:11:58,65.85,100,
11:11:58,65.85,100,
11:11:58,65.85,200,
11:12:00,65.8501,100,
11:12:05,65.87,100,
11:12:05,65.87,100,
11:12:06,65.88,100,
11:12:06,65.87,100,
11:12:07,65.89,100,
11:12:08,65.89,100,
11:12:09,65.89,100,
11:12:10,65.90,100,
11:12:10,65.90,262,
11:12:10,65.90,100,
11:12:10,65.90,100,
11:12:10,65.90,100,
11:12:10,65.90,100,
11:12:11,65.90,100,
11:12:11,65.90,100,
11:12:12,65.89,200,
11:12:12,65.89,100,
11:12:12,65.89,100,
11:12:12,65.89,100,
11:12:12,65.91,100,
11:12:12,65.91,300,
11:12:13,65.91,100,
11:12:13,65.91,100,
11:12:13,65.90,100,
11:12:13,65.91,100,
11:12:14,65.91,100,
11:12:15,65.93,100,
11:12:15,65.91,100,
11:12:15,65.93,100,
11:12:18,65.94,500,
11:12:20,65.95,100,
11:12:23,65.9299,300,
11:12:23,65.93,200,
11:12:23,65.93,100,
11:12:23,65.93,100,
11:12:23,65.93,200,
11:12:23,65.93,100,
11:12:23,65.9354,100,
11:12:23,65.93,100,
11:12:30,65.93,100,
11:12:31,65.91,400,
11:12:31,65.90,100,
11:12:31,65.88,100,
11:12:32,65.88,200,
11:12:32,65.88,100,
11:12:33,65.8826,1000,
11:12:35,65.891,1000,
11:12:45,65.92,600,
11:12:50,65.93,100,
11:12:57,65.94,100,
11:12:57,65.94,1500,
11:12:57,65.95,100,
11:13:05,65.95,100,
11:13:06,65.95,300,
11:13:06,65.95,100,
11:13:11,65.9186,305,
11:13:15,65.92,200,
11:13:16,65.91,585,
11:13:20,65.9089,500,
11:13:21,65.91,100,
11:13:21,65.92,100,
11:13:28,65.9286,1000,
11:13:31,65.91,100,
11:13:33,65.90,100,
11:13:33,65.89,100,
11:13:34,65.88,100,
11:13:34,65.8646,100,
11:13:34,65.8643,100,
11:13:37,65.86,100,
11:13:37,65.8613,100,
11:13:37,65.8614,100,
11:13:37,65.86,100,
11:13:37,65.8614,100,
11:13:40,65.86,400,
11:13:41,65.83,100,
11:13:41,65.80,1000,
11:13:41,65.79,200,
11:13:41,65.80,100,
11:13:43,65.83,300,
11:13:46,65.83,100,
11:13:53,65.86,100,
11:13:53,65.8402,5000,
11:14:00,65.8487,500,
11:14:05,65.83,200,
11:14:20,65.80,100,
11:14:42,65.83,100,
11:14:42,65.83,100,
11:14:51,65.8199,2905,
11:14:51,65.80,200,
11:14:51,65.80,200,
11:14:51,65.80,300,
11:14:51,65.80,200,
11:14:51,65.80,1210,
11:14:52,65.78,100,
11:14:56,65.7899,500,
11:14:56,65.79,300,
11:14:56,65.79,200,
11:14:56,65.78,100,
11:14:59,65.86,100,
11:15:02,65.83,100,
11:15:03,65.83,600,
11:15:03,65.81,100,
11:15:03,65.79,100,
11:15:03,65.80,100,
11:15:03,65.80,300,
11:15:07,65.80,100,
11:15:07,65.79,100,
11:15:17,65.77,100,
11:15:17,65.75,1000,
11:15:17,65.72,200,
11:15:17,65.7346,100,
11:15:18,65.7399,400,
11:15:18,65.74,200,
11:15:18,65.74,100,
11:15:19,65.75,100,
11:15:25,65.75,100,
11:15:26,65.74,100,
11:15:33,65.79,100,
11:15:34,65.78,100,
11:15:34,65.78,100,
11:15:34,65.7799,100,
11:15:34,65.7799,100,
11:15:35,65.79,100,
11:15:35,65.7899,4200,
11:15:39,65.81,100,
11:15:39,65.81,100,
11:15:41,65.81,100,
11:15:47,65.81,100,
11:15:47,65.82,100,
11:15:52,65.83,100,
11:16:10,65.8068,300,
11:16:12,65.78,100,
11:16:25,65.79,100,
11:16:29,65.79,100,
11:16:35,65.73,100,
11:16:40,65.75,100,
11:16:41,65.75,100,
11:16:41,65.75,100,
11:16:45,65.73,100,
11:16:52,65.73,100,
11:16:59,65.72,1600,
11:17:10,65.712,500,
11:17:12,65.69,200,
11:17:14,65.69,100,
11:17:27,65.74,100,
11:17:30,65.7685,500,
11:17:38,65.74,100,
11:17:48,65.74,100,
11:17:48,65.74,100,
11:17:51,65.75,100,
11:17:51,65.74,100,
11:17:51,65.76,100,
11:17:58,65.79,100,
11:17:58,65.80,300,
11:18:00,65.82,100,
11:18:00,65.82,300,
11:18:00,65.83,100,
11:18:00,65.83,300,
11:18:00,65.83,100,
11:18:09,65.8047,1000,
11:18:15,65.7701,350,
11:18:17,65.78,100,
11:18:30,65.76,100,
11:18:33,65.79,100,
11:18:34,65.82,100,
11:18:34,65.83,100,
11:18:48,65.81,500,
11:18:50,65.8003,100,
11:18:53,65.80,700,
11:18:54,65.8001,2905,
11:19:00,65.83,100,
11:19:09,65.84,100,
11:19:09,65.85,300,
11:19:09,65.87,100,
11:19:09,65.87,100,
11:19:09,65.87,100,
11:19:09,65.88,300,
11:19:09,65.88,200,
11:19:16,65.88,100,
11:19:18,65.89,100,
11:19:20,65.90,100,
11:19:20,65.9099,2905,
11:19:22,65.86,100,
11:19:24,65.88,100,
11:19:29,65.841,100,
11:19:39,65.86,100,
11:19:39,65.86,215,
11:19:46,65.85,100,
11:19:48,65.84,100,
11:19:52,65.86,100,
11:19:58,65.8499,2000,
11:20:01,65.87,100,
11:20:03,65.909,100,
11:20:04,65.91,100,
11:20:04,65.91,300,
11:20:06,65.9199,100,
11:20:06,65.92,100,
11:20:08,65.92,110,
11:20:11,65.90,100,
11:20:11,65.91,100,
11:20:12,65.93,100,
11:20:17,65.92,100,
11:20:17,65.92,100,
11:20:18,65.921,1000,
11:20:22,65.9287,1000,
11:20:27,65.94,200,
11:20:27,65.939,100,
11:20:27,65.93,200,
11:20:28,65.93,100,
11:20:29,65.94,300,
11:20:29,65.95,100,
11:20:29,65.95,15000,
11:20:29,65.95,200,
11:20:29,65.96,100,
11:20:29,65.95,100,
11:20:29,65.95,100,
11:20:29,65.97,300,
11:20:29,65.97,200,
11:20:29,65.94,100,
11:20:29,65.97,100,
11:20:29,65.97,100,
11:20:29,65.97,300,
11:20:35,65.959,100,
11:20:41,65.96,100,
11:20:43,65.9599,2000,
11:20:44,65.96,400,
11:20:46,65.95,1000,
11:20:52,65.92,200,
11:20:52,65.92,100,
11:20:52,65.9214,100,
11:20:52,65.922,800,
11:20:53,65.92,100,
11:20:54,65.91,100,
11:20:54,65.90,100,
11:20:54,65.91,100,
11:20:56,65.908,800,
11:21:01,65.9086,1000,
11:21:09,65.93,100,
11:21:09,65.93,100,
11:21:09,65.93,100,
11:21:15,65.93,100,
11:21:15,65.93,100,
11:21:15,65.93,100,
11:21:15,65.93,100,
11:21:15,65.93,100,
11:21:15,65.93,100,
11:21:15,65.93,100,
11:21:15,65.93,100,
11:21:15,65.93,100,
11:21:15,65.93,100,
11:21:16,65.93,100,
11:21:16,65.938,1000,
11:21:17,65.931,100,
11:21:17,65.93,100,
11:21:17,65.93,100,
11:21:17,65.93,100,
11:21:17,65.93,300,
11:21:17,65.93,100,
11:21:17,65.93,1020,
11:21:20,65.932,400,
11:21:21,65.9502,100,
11:21:21,65.95,100,
11:21:21,65.95,500,
11:21:21,65.95,400,
11:21:21,65.95,200,
11:21:21,65.95,928,
11:21:21,65.95,100,
11:21:21,65.95,200,
11:21:21,65.95,400,
11:21:21,65.95,1092,
11:21:21,65.95,100,
11:21:21,65.95,100,
11:21:21,65.95,2468,
11:21:24,65.9624,700,
11:21:24,65.9684,379,
11:21:26,65.98,200,
11:21:26,65.97,100,
11:21:33,65.96,100,
11:21:34,65.961,100,
11:21:35,65.961,200,
11:21:37,65.98,100,
11:21:41,65.97,100,
11:21:42,65.97,400,
11:21:42,65.95,100,
11:21:43,65.9413,1240,
11:21:45,65.96,100,
11:21:46,65.9599,2000,
11:21:54,65.9384,100,
11:21:54,65.94,100,
11:21:57,65.95,100,
11:22:01,65.91,100,
11:22:01,65.912,100,
11:22:01,65.91,200,
11:22:01,65.92,100,
11:22:06,65.93,100,
11:22:06,65.91,100,
11:22:06,65.91,200,
11:22:06,65.90,1000,
11:22:09,65.87,100,
11:22:09,65.86,200,
11:22:11,65.86,100,
11:22:11,65.87,100,
11:22:11,65.88,100,
11:22:11,65.87,100,
11:22:11,65.89,100,
11:22:16,65.87,100,
11:22:16,65.87,400,
11:22:23,65.90,100,
11:22:23,65.91,100,
11:22:23,65.91,100,
11:22:25,65.93,300,
11:22:31,65.92,500,
11:22:32,65.89,100,
11:22:48,65.91,100,
11:22:50,65.91,100,
11:22:59,65.87,100,
11:22:59,65.86,100,
11:23:16,65.87,300,
11:23:19,65.87,100,
11:23:25,65.87,100,
11:23:30,65.9086,200,
11:23:33,65.92,200,
11:23:35,65.9298,100,
11:23:48,65.91,100,
11:23:48,65.92,600,
11:23:48,65.91,100,
11:24:01,65.91,200,
11:24:10,65.91,100,
11:24:14,65.88,100,
11:24:15,65.8614,100,
11:24:15,65.8614,100,
11:24:22,65.83,100,
11:24:22,65.83,100,
11:24:23,65.83,100,
11:24:25,65.85,100,
11:24:36,65.88,100,
11:24:38,65.86,100,
11:24:39,65.85,100,
11:24:39,65.84,100,
11:24:39,65.85,100,
11:24:39,65.85,100,
11:24:39,65.8513,200,
11:24:46,65.84,100,
11:24:46,65.84,100,
11:24:55,65.858,200,
11:25:10,65.87,100,
11:25:19,65.8726,1000,
11:25:22,65.91,100,
11:25:25,65.91,100,
11:25:25,65.92,100,
11:25:25,65.93,300,
11:25:25,65.94,300,
11:25:32,65.949,100,
11:25:34,65.95,100,
11:25:37,65.95,100,
11:25:37,65.952,100,
11:25:37,65.9513,100,
11:25:37,65.95,200,
11:25:37,65.9514,200,
11:25:37,65.95,100,
11:25:50,65.94,300,
11:25:56,65.902,1000,
11:26:15,65.91,100,
11:26:19,65.95,100,
11:26:28,65.969,100,
11:26:29,65.968,300,
11:26:35,65.9654,100,
11:26:40,65.9486,600,
11:26:49,65.93,100,
11:26:53,65.94,100,
11:26:53,65.94,100,
11:26:53,65.94,100,
11:26:53,65.93,100,
11:26:53,65.93,100,
11:26:53,65.93,100,
11:27:04,65.91,100,
11:27:04,65.91,100,
11:27:07,65.92,200,
11:27:07,65.92,100,
11:27:07,65.92,100,
11:27:07,65.92,100,
11:27:12,65.94,100,
11:27:12,65.94,800,
11:27:12,65.94,100,
11:27:21,65.937,100,
11:27:36,65.902,1000,
11:27:54,65.87,100,
11:27:57,65.8601,500,
11:28:05,65.8899,100,
11:28:21,65.85,100,
11:28:21,65.8491,100,
11:28:29,65.8372,400,
11:28:37,65.83,100,
11:28:44,65.83,200,
11:28:44,65.84,100,
11:28:48,65.84,200,
11:28:54,65.78,300,
11:28:54,65.78,100,
11:28:54,65.78,1000,
11:28:55,65.78,100,
11:28:56,65.78,100,
11:28:57,65.79,100,
11:28:57,65.80,100,
11:29:00,65.7891,100,
11:29:00,65.79,300,
11:29:00,65.79,100,
11:29:00,65.79,100,
11:29:03,65.75,500,
11:29:03,65.75,424,
11:29:05,65.75,300,
11:29:05,65.75,600,
11:29:06,65.7202,100,
11:29:06,65.7399,3100,
11:29:07,65.7398,400,
11:29:07,65.74,100,
11:29:07,65.74,200,
11:29:09,65.72,200,
11:29:09,65.72,500,
11:29:13,65.7443,100,
11:29:18,65.73,100,
11:29:25,65.72,100,
11:29:31,65.75,100,
11:29:39,65.75,200,
11:29:39,65.75,200,
11:29:39,65.76,300,
11:29:39,65.79,100,
11:29:45,65.7928,100,
11:29:46,65.79,100,
11:29:46,65.79,100,
11:29:48,65.79,100,
11:29:48,65.79,100,
11:31:01,65.70,200,
11:31:11,65.7299,300,
11:31:11,65.73,100,
11:31:11,65.73,200,
11:31:16,65.72,100,
11:31:17,65.70,200,
11:31:17,65.70,500,
11:31:19,65.68,100,
11:31:19,65.69,100,
11:31:19,65.70,100,
11:31:21,65.70,800,
11:31:22,65.69,1500,
11:31:24,65.71,100,
11:31:25,65.71,100,
11:31:32,65.72,100,
11:31:32,65.73,100,
11:31:32,65.75,100,
11:31:32,65.76,100,
11:31:33,65.76,200,
11:31:33,65.76,100,
11:31:33,65.76,300,
11:31:33,65.75,100,
11:31:33,65.76,100,
11:31:33,65.76,8300,
11:31:33,65.74,100,
11:31:33,65.76,100,
11:31:40,65.7674,500,
11:31:40,65.74,100,
11:31:40,65.74,100,
11:31:40,65.74,100,
11:31:43,65.7372,400,
11:31:44,65.7372,150,
11:31:49,65.76,300,
11:31:52,65.72,100,
11:31:52,65.71,100,
11:31:52,65.72,100,
11:32:22,65.79,100,
11:32:22,65.79,200,
11:32:22,65.79,100,
11:32:22,65.78,100,
11:32:38,65.78,100,
11:33:05,65.7899,100,
11:33:10,65.78,100,
11:33:10,65.78,171,
11:33:10,65.77,100,
11:33:11,65.7799,200,
11:33:11,65.78,200,
11:33:21,65.77,100,
11:33:21,65.76,100,
11:33:21,65.75,100,
11:33:21,65.7428,100,
11:33:23,65.72,100,
11:33:27,65.7199,1000,
11:33:28,65.74,100,
11:33:31,65.7347,500,
11:33:40,65.75,100,
11:33:56,65.73,100,
11:33:56,65.74,100,
11:33:58,65.72,100,
11:33:58,65.72,100,
11:34:02,65.72,100,
11:34:02,65.7299,100,
11:34:03,65.7399,100,
11:34:03,65.73,100,
11:34:03,65.7399,600,
11:34:07,65.741,1000,
11:34:10,65.75,100,
11:34:15,65.73,100,
11:34:19,65.77,100,
11:34:19,65.77,100,
11:34:27,65.789,1000,
11:34:30,65.76,100,
11:34:39,65.77,200,
11:34:49,65.79,100,
11:34:49,65.78,100,
11:34:50,65.781,200,
11:34:51,65.78,100,
11:34:51,65.78,100,
11:34:51,65.77,100,
11:34:51,65.76,300,
11:34:51,65.77,100,
11:34:57,65.76,100,
11:34:58,65.76,100,
11:34:58,65.76,500,
11:35:14,65.75,199,
11:35:15,65.75,100,
11:35:15,65.7399,100,
11:35:21,65.7499,100,
11:35:36,65.74,100,
11:35:57,65.76,100,
11:35:57,65.77,100,
11:35:57,65.78,150,
11:35:57,65.78,100,
11:35:57,65.78,100,
11:35:58,65.77,100,
11:35:59,65.762,250,
11:35:59,65.74,100,
11:36:10,65.77,100,
11:36:15,65.78,100,
11:36:17,65.77,209,
11:36:17,65.76,100,
11:36:26,65.78,100,
11:36:30,65.789,1000,
11:36:37,65.7886,500,
11:36:39,65.7899,100,
11:36:47,65.77,100,
11:36:48,65.76,100,
11:36:48,65.78,100,
11:37:01,65.72,100,
11:37:02,65.70,100,
11:37:02,65.70,100,
11:37:02,65.70,200,
11:37:02,65.722,200,
11:37:03,65.68,150,
11:37:03,65.68,100,
11:37:03,65.68,100,
11:37:03,65.68,350,
11:37:05,65.67,100,
11:37:07,65.63,100,
11:37:07,65.64,500,
11:37:07,65.65,100,
11:37:07,65.65,100,
11:37:09,65.67,100,
11:37:11,65.67,200,
11:37:11,65.6699,100,
11:37:12,65.66,300,
11:37:13,65.68,300,
11:37:23,65.69,100,
11:37:29,65.71,100,
11:37:29,65.71,100,
11:37:29,65.72,100,
11:37:33,65.72,100,
11:37:44,65.73,100,
11:37:50,65.72,100,
11:38:00,65.69,100,
11:38:00,65.69,100,
11:38:00,65.68,100,
11:38:03,65.68,100,
11:38:03,65.67,100,
11:38:03,65.66,100,
11:38:03,65.65,100,
11:38:03,65.65,288,
11:38:06,65.64,100,
11:38:06,65.63,100,
11:38:06,65.63,100,
11:38:06,65.63,100,
11:38:06,65.62,100,
11:38:06,65.62,100,
11:38:06,65.61,100,
11:38:06,65.61,100,
11:38:06,65.61,100,
11:38:06,65.61,500,
11:38:06,65.62,100,
11:38:06,65.63,100,
11:38:06,65.61,500,
11:38:06,65.61,100,
11:38:06,65.61,300,
11:38:06,65.60,100,
11:38:06,65.60,100,
11:38:06,65.60,100,
11:38:06,65.62,100,
11:38:06,65.62,100,
11:38:06,65.60,150,
11:38:06,65.602,1000,
11:38:06,65.62,100,
11:38:07,65.61,2000,
11:38:09,65.61,100,
11:38:16,65.61,100,
11:38:16,65.63,100,
11:38:20,65.6399,2500,
11:38:21,65.64,100,
11:38:29,65.65,100,
11:38:29,65.66,100,
11:38:29,65.64,100,
11:38:32,65.6698,300,
11:38:32,65.67,200,
11:38:32,65.67,200,
11:38:33,65.64,100,
11:38:33,65.65,100,
11:38:35,65.68,100,
11:38:35,65.69,100,
11:38:35,65.68,100,
11:38:41,65.68,100,
11:38:41,65.68,100,
11:38:41,65.66,100,
11:38:45,65.6826,1500,
11:38:50,65.69,400,
11:38:51,65.66,100,
11:39:00,65.6486,1000,
11:39:05,65.64,100,
11:39:05,65.63,100,
11:39:09,65.638,100,
11:39:11,65.638,250,
11:39:20,65.67,200,
11:39:20,65.6628,100,
11:39:20,65.6606,100,
11:39:20,65.661,500,
11:39:21,65.66,2600,
11:39:24,65.658,350,
11:39:26,65.6474,900,
11:39:30,65.64,100,
11:39:30,65.64,500,
11:39:30,65.65,100,
11:39:33,65.639,150,
11:39:44,65.65,326,
11:39:55,65.6881,100,
11:39:55,65.688,100,
11:39:55,65.6884,100,
11:39:55,65.69,100,
11:39:55,65.699,3000,
11:39:57,65.70,7700,
11:40:23,65.66,100,
11:40:23,65.64,200,
11:40:23,65.66,100,
11:40:36,65.6572,275,
11:40:45,65.68,300,
11:40:45,65.68,100,
11:40:58,65.68,100,
11:40:58,65.66,100,
11:40:58,65.67,100,
11:40:59,65.65,100,
11:41:03,65.64,100,
11:41:19,65.64,160,
11:41:19,65.62,100,
11:41:22,65.6201,100,
11:41:24,65.62,500,
11:41:29,65.63,100,
11:41:34,65.62,200,
11:41:34,65.62,400,
11:41:38,65.62,600,
11:41:38,65.62,100,
11:41:38,65.62,400,
11:41:38,65.62,100,
11:41:38,65.62,500,
11:41:38,65.60,100,
11:41:38,65.60,400,
11:41:41,65.60,400,
11:41:41,65.60,400,
11:41:41,65.60,100,
11:41:41,65.60,426,
11:41:41,65.60,200,
11:41:41,65.60,100,
11:41:41,65.60,666,
11:41:41,65.60,134,
11:41:41,65.59,100,
11:41:41,65.58,100,
11:41:41,65.56,300,
11:41:41,65.56,100,
11:41:41,65.5646,100,
11:41:41,65.5601,500,
11:41:42,65.56,300,
11:41:42,65.56,900,
11:41:50,65.5729,300,
11:41:51,65.57,100,
11:41:51,65.57,100,
11:41:52,65.5501,500,
11:41:52,65.55,300,
11:41:52,65.55,400,
11:41:53,65.55,100,
11:41:54,65.552,200,
11:41:54,65.56,100,
11:41:54,65.56,600,
11:41:55,65.57,100,
11:41:55,65.5778,100,
11:41:55,65.5783,100,
11:41:55,65.579,300,
11:41:59,65.5935,100,
11:42:00,65.59,100,
11:42:00,65.59,100,
11:42:09,65.60,100,
11:42:10,65.599,1000,
11:42:11,65.61,100,
11:42:11,65.62,100,
11:42:11,65.62,100,
11:42:12,65.628,900,
11:42:13,65.64,100,
11:42:15,65.63,100,
11:42:18,65.6324,1081,
11:42:25,65.63,100,
11:42:25,65.6254,100,
11:42:25,65.60,100,
11:42:33,65.59,100,
11:42:34,65.57,100,
11:42:34,65.56,100,
11:42:41,65.55,100,
11:42:51,65.559,600,
11:42:56,65.55,100,
11:42:56,65.55,100,
11:42:56,65.55,100,
11:42:59,65.58,100,
11:43:04,65.5786,1000,
11:43:06,65.579,200,
11:43:08,65.571,200,
11:43:11,65.57,100,
11:43:13,65.56,100,
11:43:13,65.56,100,
11:43:13,65.55,100,
11:43:13,65.55,100,
11:43:13,65.56,100,
11:43:18,65.54,100,
11:43:18,65.54,300,
11:43:25,65.55,100,
11:43:29,65.5588,100,
11:43:29,65.559,300,
11:43:38,65.55,100,
11:43:45,65.61,100,
11:43:45,65.61,100,
11:43:45,65.61,100,
11:43:45,65.61,100,
11:43:45,65.62,100,
11:43:45,65.62,300,
11:43:46,65.64,300,
11:43:46,65.65,100,
11:43:46,65.65,100,
11:43:46,65.65,300,
11:43:46,65.66,200,
11:43:46,65.66,500,
11:43:46,65.65,100,
11:43:48,65.66,100,
11:43:48,65.65,100,
11:43:48,65.659,100,
11:43:50,65.659,100,
11:43:51,65.65,100,
11:44:02,65.63,100,
11:44:02,65.62,100,
11:44:02,65.63,100,
11:44:03,65.63,100,
11:44:06,65.61,800,
11:44:09,65.61,100,
11:44:12,65.64,100,
11:44:12,65.63,100,
11:44:12,65.63,100,
11:44:12,65.64,175,
11:44:16,65.65,300,
11:44:16,65.65,150,
11:44:21,65.65,400,
11:44:29,65.658,100,
11:44:50,65.651,150,
11:44:53,65.65,200,
11:44:56,65.648,100,
11:45:17,65.6185,500,
11:45:30,65.62,100,
11:45:57,65.62,100,
11:45:58,65.58,100,
11:45:59,65.59,100,
11:45:59,65.60,100,
11:46:25,65.5786,1000,
11:46:32,65.5847,500,
11:46:35,65.58,100,
11:46:44,65.5798,100,
11:46:44,65.58,200,
11:46:49,65.61,100,
11:46:51,65.63,100,
11:46:54,65.6299,100,
11:46:54,65.63,100,
11:46:56,65.65,100,
11:46:56,65.65,100,
11:46:56,65.64,100,
11:46:56,65.64,100,
11:47:01,65.6399,100,
11:47:01,65.65,100,
11:47:02,65.63,100,
11:47:05,65.63,100,
11:47:14,65.65,100,
11:47:20,65.66,100,
11:47:22,65.65,100,
11:47:28,65.68,100,
11:47:28,65.68,100,
11:47:28,65.69,100,
11:47:30,65.69,100,
11:47:35,65.72,100,
11:47:36,65.73,100,
11:47:36,65.74,100,
11:47:40,65.71,100,
11:47:43,65.7077,100,
11:47:43,65.71,100,
11:47:45,65.702,580,
11:47:47,65.709,100,
11:47:59,65.70,100,
11:47:59,65.69,100,
11:47:59,65.68,100,
11:47:59,65.68,100,
11:47:59,65.68,100,
11:47:59,65.68,100,
11:47:59,65.67,600,
11:47:59,65.67,100,
11:47:59,65.67,100,
11:48:12,65.71,100,
11:48:12,65.72,100,
11:48:12,65.73,100,
11:48:12,65.73,300,
11:48:14,65.7298,2000,
11:48:23,65.74,160,
11:48:24,65.74,100,
11:48:25,65.75,300,
11:48:26,65.76,300,
11:48:26,65.77,100,
11:48:27,65.7599,100,
11:48:27,65.76,100,
