09:30:00,47.38,100,
09:30:00,47.38,100,
09:30:00,47.38,100,
09:30:00,47.39,100,
09:30:00,47.40,100,
09:30:10,47.34,300,
09:30:10,47.31,300,
09:30:10,47.32,200,
09:30:12,47.3818,395,
09:30:14,47.29,100,
09:30:15,47.409,200,
09:30:16,47.24,1000,
09:30:16,47.349,200,
09:30:21,47.241,300,
09:30:23,47.3699,300,
09:30:23,47.3699,300,
09:30:23,47.23,200,
09:30:23,47.23,200,
09:30:25,47.22,122,
09:30:25,47.21,260,
09:30:30,47.20,100,
09:30:31,47.2699,400,
09:30:33,47.18,500,
09:30:33,47.14,500,
09:30:35,47.14,300,
09:30:36,47.13,229,
09:30:37,47.09,100,
09:30:37,47.09,283,
09:30:37,47.0899,100,
09:30:37,47.09,100,
09:30:38,47.11,100,
09:30:40,47.14,100,
09:30:41,47.1385,400,
09:30:45,47.18,300,
09:30:45,47.18,300,
09:30:45,47.18,100,
09:30:49,47.22,100,
09:30:49,47.22,800,
09:30:50,47.22,300,
09:30:53,47.22,100,
09:30:53,47.22,100,
09:30:54,47.1901,200,
09:30:54,47.20,200,
09:30:57,47.2699,180,
09:30:57,47.27,180,
09:30:58,47.29,100,
09:30:59,47.27,100,
09:30:59,47.2659,100,
09:30:59,47.27,100,
09:30:59,47.27,100,
09:30:59,47.27,100,
09:30:59,47.27,100,
09:31:01,47.27,200,
09:31:01,47.309,800,
09:31:04,47.3099,300,
09:31:04,47.3099,100,
09:31:04,47.31,300,
09:31:05,47.31,100,
09:31:06,47.27,100,
09:31:09,47.34,100,
09:31:09,47.3385,600,
09:31:10,47.3201,100,
09:31:14,47.36,300,
09:31:14,47.36,700,
09:31:14,47.3499,100,
09:31:15,47.336,500,
09:31:16,47.36,100,
09:31:17,47.349,300,
09:31:18,47.3512,500,
09:31:19,47.362,300,
09:31:21,47.37,100,
09:31:21,47.37,400,
09:31:21,47.366,100,
09:31:21,47.37,100,
09:31:21,47.3601,300,
09:31:22,47.37,200,
09:31:23,47.39,300,
09:31:23,47.46,100,
09:31:23,47.40,100,
09:31:25,47.45,100,
09:31:25,47.4057,1000,
09:31:25,47.40,100,
09:31:30,47.3999,100,
09:31:30,47.3971,400,
09:31:31,47.38,100,
09:31:31,47.37,100,
09:31:31,47.39,300,
09:31:31,47.39,100,
09:31:31,47.39,300,
09:31:31,47.39,300,
09:31:32,47.3995,100,
09:31:32,47.40,100,
09:31:34,47.3696,500,
09:31:37,47.40,100,
09:31:39,47.3973,1000,
09:31:39,47.3801,700,
09:31:40,47.3999,100,
09:31:40,47.3999,100,
09:31:40,47.40,100,
09:31:42,47.399,1000,
09:31:45,47.41,100,
09:31:45,47.40,200,
09:31:46,47.4104,2000,
09:31:48,47.4083,1000,
09:31:54,47.43,100,
09:31:55,47.4201,900,
09:31:55,47.42,300,
09:31:55,47.42,100,
09:31:55,47.42,100,
09:31:55,47.36,100,
09:31:55,47.36,300,
09:31:58,47.354,1000,
09:32:00,47.379,100,
09:32:02,47.3799,500,
09:32:02,47.35,400,
09:32:04,47.3699,130,
09:32:05,47.35,200,
09:32:05,47.35,400,
09:32:07,47.372,1000,
09:32:09,47.38,300,
09:32:09,47.38,300,
09:32:10,47.379,300,
09:32:13,47.3799,2000,
09:32:16,47.35,400,
09:32:26,47.3501,1450,
09:32:28,47.35,300,
09:32:29,47.3801,683,
09:32:32,47.38,300,
09:32:36,47.3999,100,
09:32:36,47.36,100,
09:32:36,47.36,100,
09:32:36,47.36,300,
09:32:37,47.34,100,
09:32:37,47.34,300,
09:32:37,47.34,300,
09:32:37,47.35,1900,
09:32:39,47.372,2000,
09:32:45,47.3844,700,
09:32:50,47.3717,1000,
09:32:53,47.45,800,
09:32:57,47.42,200,
09:32:57,47.42,200,
09:32:59,47.42,100,
09:33:00,47.43,100,
09:33:00,47.42,100,
09:33:01,47.439,500,
09:33:01,47.439,600,
09:33:02,47.40,400,
09:33:03,47.3759,100,
09:33:03,47.42,300,
09:33:05,47.42,200,
09:33:07,47.37,100,
09:33:15,47.3399,1000,
09:33:27,47.20,1000,
09:33:32,47.2399,200,
09:33:37,47.231,1000,
09:33:39,47.2599,600,
09:33:43,47.259,300,
09:33:43,47.259,250,
09:33:48,47.2301,100,
09:33:51,47.21,100,
09:33:52,47.2312,600,
09:33:57,47.21,300,
09:33:58,47.25,500,
09:33:59,47.1918,100,
09:34:01,47.19,200,
09:34:03,47.179,1000,
09:34:04,47.179,300,
09:34:04,47.179,300,
09:34:06,47.1599,200,
09:34:07,47.15,100,
09:34:08,47.179,600,
09:34:13,47.1599,600,
09:34:14,47.09,1804,
09:34:17,47.0864,100,
09:34:18,47.09,1000,
09:34:19,47.08,100,
09:34:19,47.07,200,
09:34:20,47.1101,200,
09:34:20,47.11,200,
09:34:21,47.11,200,
09:34:25,47.122,100,
09:34:25,47.14,100,
09:34:25,47.16,100,
09:34:26,47.16,400,
09:34:31,47.18,100,
09:34:31,47.20,500,
09:34:35,47.22,100,
09:34:37,47.2201,100,
09:34:38,47.2101,200,
09:34:41,47.21,100,
09:34:41,47.21,600,
09:34:41,47.22,100,
09:34:41,47.24,300,
09:34:41,47.24,100,
09:34:41,47.24,275,
09:34:41,47.24,275,
09:34:41,47.24,200,
09:34:41,47.25,700,
09:34:42,47.26,300,
09:34:48,47.2301,600,
09:34:54,47.2201,100,
09:34:55,47.20,400,
09:34:55,47.20,200,
09:35:02,47.16,100,
09:35:02,47.16,1100,
09:35:02,47.16,100,
09:35:02,47.13,300,
09:35:06,47.19,200,
09:35:08,47.165,100,
09:35:12,47.1899,1000,
09:35:19,47.18,100,
09:35:23,47.16,100,
09:35:27,47.13,300,
09:35:27,47.13,200,
09:35:29,47.10,100,
09:35:35,47.15,100,
09:35:35,47.16,200,
09:35:35,47.17,300,
09:35:35,47.19,400,
09:35:37,47.20,300,
09:35:39,47.24,200,
09:35:41,47.24,100,
09:35:41,47.27,100,
09:35:41,47.27,500,
09:35:41,47.27,3800,
09:35:43,47.2997,100,
09:35:43,47.27,100,
09:35:44,47.32,100,
09:35:45,47.3113,100,
09:35:46,47.289,100,
09:35:46,47.289,100,
09:35:47,47.32,4000,
09:35:50,47.25,100,
09:35:51,47.24,1300,
09:35:51,47.24,700,
09:35:51,47.2399,1387,
09:35:51,47.24,1400,
09:35:51,47.24,200,
09:35:53,47.24,1200,
09:35:56,47.24,1100,
09:36:05,47.25,200,
09:36:05,47.26,100,
09:36:05,47.24,200,
09:36:06,47.23,100,
09:36:06,47.22,800,
09:36:08,47.19,1000,
09:36:08,47.22,300,
09:36:10,47.23,300,
09:36:12,47.20,100,
09:36:12,47.20,200,
09:36:13,47.19,600,
09:36:16,47.1401,400,
09:36:16,47.17,300,
09:36:18,47.1766,500,
09:36:25,47.21,300,
09:36:25,47.21,100,
09:36:26,47.21,300,
09:36:26,47.20,300,
09:36:26,47.20,230,
09:36:26,47.19,200,
09:36:26,47.20,400,
09:36:26,47.18,100,
09:36:30,47.21,300,
09:36:31,47.202,100,
09:36:34,47.1999,500,
09:36:34,47.18,100,
09:36:36,47.17,400,
09:36:36,47.17,360,
09:36:41,47.16,200,
09:36:42,47.17,200,
09:36:47,47.18,100,
09:36:47,47.20,140,
09:36:48,47.22,100,
09:36:51,47.2101,600,
09:36:55,47.25,200,
09:36:58,47.21,230,
09:36:58,47.21,100,
09:36:58,47.21,230,
09:36:58,47.22,300,
09:36:58,47.22,100,
09:36:58,47.20,300,
09:37:04,47.229,200,
09:37:09,47.20,230,
09:37:09,47.20,230,
09:37:11,47.18,230,
09:37:11,47.18,100,
09:37:16,47.18,199,
09:37:18,47.19,230,
09:37:20,47.19,200,
09:37:20,47.19,200,
09:37:20,47.18,230,
09:37:20,47.18,400,
09:37:20,47.19,230,
09:37:24,47.16,140,
09:37:25,47.16,300,
09:37:25,47.18,100,
09:37:26,47.1901,300,
09:37:27,47.18,130,
09:37:27,47.19,230,
09:37:27,47.18,100,
09:37:27,47.18,200,
09:37:27,47.17,230,
09:37:27,47.17,100,
09:37:27,47.18,154,
09:37:27,47.18,100,
09:37:27,47.18,300,
09:37:27,47.19,800,
09:37:32,47.20,400,
09:37:32,47.19,100,
09:37:34,47.20,100,
09:37:37,47.1801,200,
09:37:43,47.18,230,
09:37:47,47.17,100,
09:37:47,47.18,130,
09:37:49,47.20,1000,
09:37:52,47.22,230,
09:37:55,47.22,100,
09:37:55,47.22,400,
09:37:56,47.23,400,
09:37:57,47.23,100,
09:37:59,47.2201,300,
09:38:01,47.23,200,
09:38:02,47.2399,300,
09:38:03,47.22,140,
09:38:03,47.21,230,
09:38:07,47.16,100,
09:38:07,47.16,600,
09:38:08,47.18,230,
09:38:11,47.18,500,
09:38:13,47.17,230,
09:38:15,47.15,100,
09:38:15,47.16,100,
09:38:15,47.16,100,
09:38:15,47.17,100,
09:38:15,47.17,700,
09:38:16,47.1686,200,
09:38:18,47.21,100,
09:38:18,47.20,230,
09:38:21,47.15,100,
09:38:21,47.17,100,
09:38:22,47.17,400,
09:38:28,47.20,100,
09:38:29,47.20,100,
09:38:31,47.17,230,
09:38:35,47.18,230,
09:38:35,47.17,300,
09:38:35,47.17,130,
09:38:35,47.16,200,
09:38:35,47.16,400,
09:38:37,47.17,800,
09:38:37,47.17,230,
09:38:39,47.18,230,
09:38:39,47.18,200,
09:38:39,47.20,1000,
09:38:39,47.21,230,
09:38:39,47.21,100,
09:38:39,47.21,500,
09:38:44,47.17,400,
09:38:44,47.17,200,
09:38:46,47.1402,100,
09:38:47,47.15,100,
09:38:51,47.1594,1800,
09:38:52,47.11,100,
09:38:52,47.13,200,
09:38:52,47.13,500,
09:38:52,47.14,230,
09:38:52,47.14,400,
09:38:54,47.16,100,
09:38:54,47.1317,500,
09:39:10,47.1101,100,
09:39:11,47.11,230,
09:39:14,47.12,100,
09:39:14,47.12,230,
09:39:14,47.13,100,
09:39:15,47.12,300,
09:39:16,47.09,230,
09:39:21,47.08,300,
09:39:21,47.08,212,
09:39:21,47.09,100,
09:39:21,47.08,100,
09:39:25,47.05,300,
09:39:27,47.04,100,
09:39:28,47.04,230,
09:39:29,47.03,200,
09:39:29,47.03,230,
09:39:29,47.02,300,
09:39:30,47.02,100,
09:39:30,47.01,230,
09:39:30,47,100,
09:39:30,46.96,100,
09:39:30,46.95,300,
09:39:31,46.93,100,
09:39:31,46.97,400,
09:39:31,46.96,100,
09:39:31,47,1900,
09:39:31,46.9203,200,
09:39:32,46.95,100,
09:39:33,46.936,2000,
09:39:35,46.95,800,
09:39:36,46.9501,300,
09:39:38,46.96,700,
09:39:42,46.93,100,
09:39:44,46.94,200,
09:39:44,46.94,300,
09:39:46,46.90,1000,
09:39:48,46.91,500,
09:39:51,46.88,2000,
09:39:53,46.93,100,
09:39:56,46.9468,200,
09:39:57,46.96,100,
09:39:58,46.9698,9000,
09:39:59,46.95,800,
09:40:02,46.9101,100,
09:40:02,46.9101,100,
09:40:03,46.9101,150,
09:40:03,46.91,150,
09:40:03,46.9148,100,
09:40:03,46.9101,100,
09:40:03,46.9101,200,
09:40:03,46.91,200,
09:40:04,46.90,230,
09:40:04,46.90,400,
09:40:04,46.9101,100,
09:40:10,46.93,300,
09:40:10,46.93,100,
09:40:11,46.94,100,
09:40:11,46.94,230,
09:40:12,46.92,200,
09:40:14,46.96,100,
09:40:14,46.96,100,
09:40:14,46.96,100,
09:40:14,46.95,200,
09:40:14,46.95,100,
09:40:14,46.95,469,
09:40:14,46.95,200,
09:40:14,46.95,490,
09:40:14,46.96,100,
09:40:14,46.96,100,
09:40:14,46.96,100,
09:40:14,46.96,200,
09:40:16,46.9558,300,
09:40:18,46.96,100,
09:40:20,46.9684,220,
09:40:22,46.94,100,
09:40:22,46.94,100,
09:40:22,46.94,200,
09:40:27,47.04,400,
09:40:29,47.04,230,
09:40:30,47.02,100,
09:40:31,47.04,400,
09:40:34,47.04,100,
09:40:37,47.05,152,
09:40:37,47.05,230,
09:40:41,47.054,400,
09:40:42,47.05,800,
09:40:44,47.054,386,
09:40:46,47.03,400,
09:40:46,47.0301,2500,
09:40:46,47.05,300,
09:40:52,47.061,700,
09:40:52,47.04,100,
09:40:52,47.04,100,
09:40:52,47.04,100,
09:40:54,47.04,200,
09:40:59,47.06,100,
09:41:03,47.02,100,
09:41:04,47.01,100,
09:41:06,47.0201,100,
09:41:09,47.0198,100,
09:41:14,47.0542,100,
09:41:17,47.04,230,
09:41:17,47.0271,1694,
09:41:20,47.03,230,
09:41:22,47.038,400,
09:41:25,47.0489,1500,
09:41:26,47.0282,100,
09:41:26,47.0282,130,
09:41:29,47.04,100,
09:41:29,47.04,230,
09:41:29,47.05,400,
09:41:29,47.05,100,
09:41:29,47.05,230,
09:41:29,47.06,100,
09:41:29,47.06,230,
09:41:29,47.06,800,
09:41:34,47.086,700,
09:41:37,47.06,100,
09:41:37,47.05,130,
09:41:37,47.06,100,
09:41:41,47.08,200,
09:41:43,47.10,100,
09:41:44,47.12,100,
09:41:46,47.12,100,
09:41:46,47.12,14435,
09:41:47,47.11,100,
09:41:49,47.11,100,
09:41:51,47.11,400,
09:41:51,47.1099,100,
09:41:51,47.1099,400,
09:41:57,47.1298,2000,
09:41:58,47.11,100,
09:41:59,47.13,100,
09:41:59,47.13,1200,
09:42:00,47.13,100,
09:42:00,47.13,400,
09:42:00,47.13,400,
09:42:00,47.12,100,
09:42:01,47.11,800,
09:42:01,47.10,230,
09:42:01,47.10,100,
09:42:05,47.11,230,
09:42:05,47.11,100,
09:42:09,47.12,400,
09:42:10,47.15,230,
09:42:12,47.1316,300,
09:42:12,47.12,100,
09:42:12,47.12,100,
09:42:13,47.12,300,
09:42:13,47.12,200,
09:42:13,47.12,230,
09:42:13,47.12,100,
09:42:13,47.12,300,
09:42:13,47.12,100,
09:42:13,47.13,100,
09:42:14,47.1201,3000,
09:42:14,47.16,100,
09:42:14,47.15,100,
09:42:14,47.18,300,
09:42:15,47.1701,150,
09:42:17,47.20,100,
09:42:17,47.20,100,
09:42:17,47.1982,100,
09:42:17,47.1982,100,
09:42:17,47.20,100,
09:42:18,47.18,300,
09:42:18,47.19,100,
09:42:18,47.19,100,
09:42:18,47.20,100,
09:42:19,47.209,150,
09:42:20,47.18,100,
09:42:20,47.18,230,
09:42:20,47.17,100,
09:42:20,47.18,100,
09:42:20,47.14,100,
09:42:20,47.14,100,
09:42:20,47.14,100,
09:42:20,47.14,100,
09:42:21,47.16,230,
09:42:22,47.20,400,
09:42:22,47.19,200,
09:42:26,47.18,200,
09:42:26,47.18,200,
09:42:28,47.17,100,
09:42:31,47.19,230,
09:42:31,47.19,200,
09:42:31,47.19,100,
09:42:32,47.19,300,
09:42:37,47.189,900,
09:42:38,47.19,600,
09:42:40,47.2301,100,
09:42:40,47.23,800,
09:42:41,47.2282,1000,
09:42:44,47.2155,300,
09:42:47,47.22,230,
09:42:47,47.22,400,
09:42:47,47.2199,230,
09:42:47,47.2199,100,
09:42:47,47.2199,300,
09:42:47,47.23,359,
09:42:50,47.2199,200,
09:42:50,47.2156,100,
09:42:50,47.22,100,
09:42:50,47.22,100,
09:42:50,47.22,100,
09:42:50,47.2162,100,
09:42:50,47.22,200,
09:42:51,47.2199,100,
09:42:51,47.22,100,
09:42:51,47.2199,100,
09:42:51,47.2199,100,
09:42:51,47.22,100,
09:42:56,47.19,400,
09:42:56,47.19,230,
09:42:58,47.15,300,
09:43:00,47.13,100,
09:43:03,47.13,300,
09:43:03,47.13,100,
09:43:03,47.14,100,
09:43:03,47.14,170,
09:43:03,47.15,400,
09:43:04,47.17,700,
09:43:04,47.1699,700,
09:43:04,47.1699,230,
09:43:04,47.126,200,
09:43:05,47.14,400,
09:43:05,47.15,500,
09:43:08,47.09,100,
09:43:08,47.114,800,
09:43:09,47.09,100,
09:43:10,47.071,800,
09:43:15,47.07,100,
09:43:16,47.0537,100,
09:43:16,47.06,100,
09:43:18,47.11,100,
09:43:18,47.11,229,
09:43:18,47.11,230,
09:43:22,47.11,100,
09:43:22,47.101,1300,
09:43:22,47.101,1300,
09:43:23,47.106,1700,
09:43:24,47.13,100,
09:43:24,47.13,100,
09:43:26,47.13,100,
09:43:28,47.1482,100,
09:43:28,47.15,100,
09:43:28,47.15,100,
09:43:28,47.15,100,
09:43:28,47.1482,100,
09:43:28,47.15,230,
09:43:30,47.19,300,
09:43:30,47.1882,100,
09:43:30,47.16,300,
09:43:30,47.16,230,
09:43:30,47.16,230,
09:43:30,47.16,400,
09:43:30,47.18,230,
09:43:30,47.18,100,
09:43:30,47.18,400,
09:43:34,47.24,100,
09:43:34,47.23,100,
09:43:34,47.24,230,
09:43:35,47.22,230,
09:43:35,47.24,100,
09:43:35,47.24,170,
09:43:35,47.2299,500,
09:43:35,47.2299,100,
09:43:35,47.2299,100,
09:43:40,47.2601,300,
09:43:40,47.26,1400,
09:43:41,47.25,100,
09:43:42,47.29,230,
09:43:42,47.31,200,
09:43:42,47.31,100,
09:43:42,47.31,100,
09:43:42,47.2901,200,
09:43:43,47.32,230,
09:43:43,47.32,700,
09:43:43,47.31,230,
09:43:44,47.327,4600,
09:43:45,47.35,100,
09:43:45,47.35,100,
09:43:45,47.35,400,
09:43:46,47.35,100,
09:43:46,47.35,600,
09:43:46,47.37,100,
09:43:47,47.36,199,
09:43:47,47.327,400,
09:43:47,47.38,100,
09:43:47,47.3799,100,
09:43:47,47.35,230,
09:43:47,47.35,100,
09:43:50,47.2835,400,
09:43:51,47.30,600,
09:43:51,47.31,800,
09:43:52,47.33,200,
09:43:53,47.3118,500,
09:43:54,47.31,470,
09:43:54,47.29,200,
09:43:56,47.25,200,
09:43:57,47.2201,300,
09:43:58,47.24,200,
09:43:59,47.289,500,
09:44:00,47.25,100,
09:44:02,47.20,230,
09:44:09,47.2382,100,
09:44:20,47.24,100,
09:44:24,47.27,100,
09:44:31,47.31,100,
09:44:31,47.31,100,
09:44:34,47.2799,500,
09:44:43,47.27,100,
09:44:48,47.2699,6500,
09:44:49,47.22,300,
09:44:55,47.2211,400,
09:44:55,47.21,100,
09:44:55,47.22,200,
09:44:57,47.19,100,
09:44:59,47.18,100,
09:44:59,47.21,700,
09:44:59,47.22,100,
09:44:59,47.21,100,
09:44:59,47.21,100,
09:44:59,47.22,100,
09:45:03,47.20,300,
09:45:10,47.24,199,
09:45:10,47.24,230,
09:45:13,47.27,150,
09:45:13,47.27,400,
09:45:13,47.27,100,
09:45:13,47.27,200,
09:45:13,47.27,100,
09:45:13,47.27,100,
09:45:13,47.30,100,
09:45:13,47.30,200,
09:45:13,47.29,301,
09:45:14,47.30,100,
09:45:16,47.34,100,
09:45:16,47.31,200,
09:45:16,47.31,800,
09:45:16,47.32,400,
09:45:18,47.30,400,
09:45:20,47.31,100,
09:45:25,47.27,400,
09:45:28,47.28,100,
09:45:28,47.2759,100,
09:45:28,47.28,100,
09:45:28,47.276,100,
09:45:28,47.28,100,
09:45:28,47.28,100,
09:45:28,47.28,230,
09:45:28,47.29,100,
09:45:32,47.29,200,
09:45:38,47.289,200,
09:45:43,47.2774,119,
09:45:50,47.28,100,
09:45:51,47.29,100,
09:45:51,47.29,100,
09:45:51,47.29,100,
09:45:51,47.286,100,
09:45:51,47.286,100,
09:45:52,47.26,100,
09:45:53,47.23,400,
09:45:53,47.2442,500,
09:46:00,47.22,730,
09:46:00,47.23,100,
09:46:00,47.23,400,
09:46:00,47.25,200,
09:46:00,47.26,100,
09:46:04,47.26,230,
09:46:04,47.26,206,
09:46:07,47.25,230,
09:46:10,47.25,230,
09:46:12,47.239,300,
09:46:12,47.239,200,
09:46:14,47.23,100,
09:46:14,47.22,300,
09:46:16,47.19,100,
09:46:17,47.21,230,
09:46:17,47.21,230,
09:46:24,47.21,400,
09:46:24,47.17,230,
09:46:24,47.17,100,
09:46:24,47.17,100,
09:46:24,47.17,100,
09:46:24,47.18,200,
09:46:24,47.18,100,
09:46:25,47.19,100,
09:46:25,47.19,200,
09:46:25,47.19,119,
09:46:26,47.20,100,
09:46:26,47.2299,100,
09:46:27,47.20,130,
09:46:27,47.18,130,
09:46:32,47.17,128,
09:46:32,47.17,230,
09:46:36,47.1509,400,
09:46:37,47.1999,200,
09:46:41,47.20,400,
09:46:46,47.26,230,
09:46:48,47.26,230,
09:46:48,47.26,137,
09:47:00,47.26,100,
09:47:00,47.27,100,
09:47:06,47.2799,100,
09:47:10,47.26,230,
09:47:10,47.26,230,
09:47:10,47.26,200,
09:47:15,47.241,317,
09:47:18,47.24,200,
09:47:18,47.24,400,
09:47:19,47.23,1000,
09:47:21,47.20,353,
09:47:21,47.20,230,
09:47:21,47.22,300,
09:47:21,47.20,200,
09:47:28,47.20,400,
09:47:28,47.20,100,
09:47:29,47.21,800,
09:47:30,47.19,230,
09:47:30,47.19,400,
09:47:30,47.19,100,
09:47:32,47.16,230,
09:47:32,47.18,300,
09:47:36,47.20,100,
09:47:40,47.19,100,
09:47:41,47.186,500,
09:47:43,47.18,800,
09:47:43,47.18,230,
09:47:43,47.18,170,
09:47:43,47.17,230,
09:47:43,47.17,200,
09:47:43,47.18,200,
09:47:44,47.18,200,
09:47:44,47.18,500,
09:47:45,47.20,230,
09:47:45,47.21,100,
09:47:45,47.21,200,
09:47:47,47.22,200,
09:47:47,47.2199,100,
09:47:47,47.2199,200,
09:47:47,47.2199,300,
09:47:49,47.20,230,
09:47:50,47.20,230,
09:47:50,47.24,100,
09:47:50,47.24,200,
09:47:54,47.20,100,
09:47:54,47.20,230,
09:47:54,47.20,100,
09:47:54,47.20,300,
09:47:56,47.23,100,
09:47:57,47.22,100,
09:47:57,47.22,230,
09:48:01,47.23,100,
09:48:07,47.24,230,
09:48:14,47.21,230,
09:48:14,47.21,300,
09:48:14,47.17,100,
09:48:16,47.15,400,
09:48:17,47.17,100,
09:48:17,47.17,100,
09:48:17,47.17,199,
09:48:19,47.1658,600,
09:48:19,47.17,100,
09:48:23,47.15,100,
09:48:26,47.13,100,
09:48:26,47.12,400,
09:48:27,47.10,200,
09:48:27,47.10,180,
09:48:28,47.1001,100,
09:48:29,47.1029,500,
09:48:31,47.11,400,
09:48:31,47.11,230,
09:48:31,47.11,100,
09:48:31,47.15,100,
09:48:31,47.14,800,
09:48:31,47.14,100,
09:48:35,47.13,100,
09:48:35,47.13,484,
09:48:35,47.15,400,
09:48:40,47.17,230,
09:48:40,47.17,300,
09:48:47,47.18,230,
09:48:47,47.18,100,
09:48:48,47.16,230,
09:48:48,47.15,100,
09:48:50,47.152,5000,
09:48:57,47.19,230,
09:48:57,47.19,130,
09:48:57,47.1742,635,
09:49:01,47.18,170,
09:49:07,47.15,100,
09:49:07,47.14,100,
09:49:08,47.14,100,
09:49:08,47.14,100,
09:49:08,47.14,100,
09:49:08,47.14,100,
09:49:12,47.13,111,
09:49:12,47.13,270,
09:49:12,47.13,150,
09:49:12,47.13,100,
09:49:12,47.13,149,
09:49:14,47.14,300,
09:49:15,47.16,200,
09:49:15,47.18,100,
09:49:15,47.18,100,
09:49:15,47.18,100,
09:49:15,47.20,230,
09:49:17,47.16,100,
09:49:17,47.17,100,
09:49:17,47.1682,100,
09:49:17,47.1682,100,
09:49:17,47.1682,100,
09:49:17,47.17,100,
09:49:22,47.17,230,
09:49:22,47.18,100,
09:49:22,47.18,100,
09:49:22,47.18,100,
09:49:22,47.18,100,
09:49:29,47.16,100,
09:49:29,47.165,1500,
09:49:36,47.17,230,
09:49:36,47.17,630,
09:49:36,47.17,230,
09:49:37,47.19,100,
09:49:37,47.19,100,
09:49:39,47.19,100,
09:49:39,47.19,100,
09:49:41,47.1742,546,
09:49:42,47.15,100,
09:49:42,47.15,200,
09:49:42,47.15,100,
09:49:44,47.15,100,
09:49:44,47.16,100,
09:49:44,47.17,200,
09:49:44,47.17,230,
09:49:44,47.176,300,
09:49:52,47.16,100,
09:49:54,47.15,800,
09:49:55,47.17,230,
09:50:00,47.18,200,
09:50:00,47.18,100,
09:50:00,47.18,138,
09:50:00,47.17,100,
09:50:00,47.17,200,
09:50:04,47.1882,100,
09:50:06,47.1899,100,
09:50:07,47.19,300,
09:50:07,47.19,100,
09:50:08,47.186,200,
09:50:09,47.1899,2500,
09:50:14,47.19,400,
09:50:20,47.16,100,
09:50:20,47.163,2000,
09:50:39,47.201,100,
09:50:41,47.20,1000,
09:50:42,47.25,300,
09:50:42,47.26,100,
09:50:43,47.25,100,
09:50:44,47.27,600,
09:50:44,47.27,100,
09:50:44,47.27,100,
09:50:44,47.27,100,
09:50:47,47.28,100,
09:50:47,47.28,400,
09:50:47,47.28,400,
09:50:47,47.28,100,
09:50:47,47.28,100,
09:50:49,47.29,600,
09:50:49,47.29,400,
09:50:49,47.29,200,
09:50:49,47.28,100,
09:50:50,47.2642,200,
09:50:50,47.27,100,
09:50:50,47.28,200,
09:50:51,47.28,500,
09:50:51,47.28,1730,
09:50:53,47.28,600,
09:50:57,47.30,100,
09:50:57,47.31,400,
09:50:57,47.32,100,
09:50:57,47.33,100,
09:50:57,47.32,100,
09:50:57,47.32,370,
09:50:58,47.3242,500,
09:50:59,47.31,230,
09:51:02,47.315,4000,
09:51:03,47.3189,211,
09:51:06,47.3002,300,
09:51:06,47.30,1400,
09:51:07,47.30,230,
09:51:08,47.27,230,
09:51:09,47.28,100,
09:51:10,47.31,100,
09:51:14,47.3001,2000,
09:51:16,47.291,200,
09:51:17,47.301,100,
09:51:18,47.30,100,
09:51:21,47.31,100,
09:51:21,47.32,100,
09:51:21,47.32,100,
09:51:21,47.32,200,
09:51:21,47.32,100,
09:51:21,47.32,100,
09:51:22,47.3229,1000,
09:51:22,47.34,100,
09:51:24,47.3382,100,
09:51:24,47.34,400,
09:51:25,47.35,200,
09:51:25,47.35,800,
09:51:29,47.37,400,
09:51:29,47.38,100,
09:51:29,47.38,368,
09:51:29,47.37,100,
09:51:29,47.38,100,
09:51:29,47.38,100,
09:51:30,47.40,233,
09:51:30,47.40,567,
09:51:30,47.40,2000,
09:51:30,47.385,900,
09:51:30,47.38,100,
09:51:30,47.38,230,
09:51:30,47.37,320,
09:51:30,47.37,230,
09:51:30,47.37,300,
09:51:30,47.37,100,
09:51:32,47.384,200,
09:51:35,47.40,250,
09:51:35,47.3955,100,
09:51:35,47.3999,200,
09:51:35,47.40,200,
09:51:35,47.40,100,
09:51:37,47.4113,300,
09:51:40,47.41,100,
09:51:40,47.42,100,
09:51:43,47.40,500,
09:51:43,47.40,200,
09:51:43,47.40,230,
09:51:44,47.40,100,
09:51:44,47.4099,100,
09:51:44,47.4055,145,
09:51:44,47.41,100,
09:51:44,47.41,145,
09:51:44,47.41,100,
09:51:45,47.37,100,
09:51:46,47.3502,300,
09:51:46,47.35,1300,
09:51:46,47.37,129,
09:51:48,47.35,100,
09:51:50,47.38,230,
09:51:52,47.40,200,
09:51:52,47.39,230,
09:51:52,47.39,230,
09:51:52,47.39,101,
09:51:53,47.35,430,
09:51:53,47.33,200,
09:51:54,47.34,100,
09:51:54,47.34,100,
09:51:58,47.3382,100,
09:52:01,47.33,150,
09:52:03,47.37,100,
09:52:03,47.3682,100,
09:52:03,47.3682,100,
09:52:03,47.3682,100,
09:52:03,47.37,300,
09:52:03,47.37,100,
09:52:03,47.37,100,
09:52:11,47.39,100,
09:52:12,47.38,399,
09:52:16,47.35,100,
09:52:17,47.351,1000,
09:52:18,47.351,100,
09:52:18,47.351,100,
09:52:18,47.351,230,
09:52:22,47.351,200,
09:52:28,47.35,1710,
09:52:32,47.3201,1100,
09:52:33,47.34,399,
09:52:34,47.34,100,
09:52:34,47.33,100,
09:52:39,47.38,107,
09:52:39,47.38,200,
09:52:40,47.38,300,
09:52:40,47.41,100,
09:52:43,47.40,100,
09:52:45,47.389,800,
09:52:55,47.385,2000,
09:52:58,47.35,300,
09:52:58,47.3489,300,
09:52:59,47.34,100,
09:53:00,47.30,100,
09:53:00,47.3025,2000,
09:53:20,47.3145,700,
09:53:23,47.28,100,
09:53:23,47.2805,300,
09:53:24,47.32,150,
09:53:28,47.33,115,
09:53:31,47.2801,200,
09:53:34,47.27,100,
09:53:34,47.27,299,
09:53:34,47.26,200,
09:53:34,47.26,100,
09:53:37,47.23,3000,
09:53:38,47.2599,200,
09:53:38,47.27,101,
09:53:38,47.27,100,
09:53:38,47.2699,200,
09:53:38,47.2699,100,
09:53:40,47.27,100,
09:53:42,47.29,500,
09:53:44,47.26,100,
09:53:44,47.26,100,
09:53:47,47.29,200,
09:53:48,47.28,100,
09:53:57,47.3452,319,
09:54:00,47.33,300,
09:54:04,47.321,200,
09:54:06,47.322,500,
09:54:10,47.281,200,
09:54:15,47.26,300,
09:54:16,47.25,200,
09:54:16,47.25,100,
09:54:16,47.25,200,
09:54:16,47.25,100,
09:54:16,47.25,100,
09:54:16,47.25,100,
09:54:18,47.259,100,
09:54:20,47.225,100,
09:54:21,47.24,110,
09:54:22,47.23,100,
09:54:32,47.2312,600,
09:54:33,47.26,700,
09:54:40,47.29,300,
09:54:48,47.27,100,
09:54:53,47.3082,100,
09:54:58,47.18,100,
09:54:58,47.17,160,
09:54:58,47.13,100,
09:54:58,47.13,100,
09:54:58,47.10,100,
09:54:58,47.10,100,
09:54:59,47.1019,100,
09:55:02,47.12,300,
09:55:02,47.14,200,
09:55:02,47.13,100,
09:55:02,47.15,100,
09:55:02,47.15,199,
09:55:02,47.15,100,
09:55:02,47.14,300,
09:55:03,47.138,500,
09:55:08,47.10,200,
09:55:11,47.07,100,
09:55:13,47.09,100,
09:55:13,47.10,100,
09:55:14,47.13,300,
09:55:14,47.08,100,
09:55:17,47.10,100,
09:55:17,47.10,200,
09:55:18,47.10,300,
09:55:24,47.05,500,
09:55:26,47.11,100,
09:55:28,47.04,100,
09:55:29,47.02,191,
09:55:29,47.02,100,
09:55:29,47.02,100,
09:55:29,47.02,100,
09:55:29,47.02,191,
09:55:29,47.02,307,
09:55:29,46.99,100,
09:55:29,47.02,100,
09:55:29,47.02,600,
09:55:29,47.03,200,
09:55:30,47.02,100,
09:55:31,47.031,1300,
09:55:31,47.031,1300,
09:55:33,47.041,800,
09:55:33,47.03,1100,
09:55:33,47.04,1600,
09:55:33,47.04,100,
09:55:35,47.04,200,
09:55:35,47.05,400,
09:55:38,47.06,2000,
09:55:39,47.011,100,
09:55:40,47.0001,100,
09:55:43,47.02,100,
09:55:45,47.0089,500,
09:55:45,47,100,
09:55:45,46.99,300,
09:55:48,47.01,289,
09:55:48,47.02,300,
09:55:48,47.02,300,
09:55:51,47,170,
09:55:53,47.0182,500,
09:56:00,47.04,600,
09:56:01,47.07,100,
09:56:01,47.055,100,
09:56:03,47.136,100,
09:56:03,47.14,100,
09:56:04,47.10,300,
09:56:04,47.0999,300,
09:56:04,47.0999,300,
09:56:07,47.0886,240,
09:56:07,47.12,100,
09:56:07,47.097,200,
09:56:07,47.0997,100,
09:56:07,47.097,100,
09:56:09,47.10,100,
09:56:09,47.10,100,
09:56:09,47.10,100,
09:56:10,47.105,100,
09:56:11,47.085,100,
09:56:11,47.085,100,
09:56:19,47.145,100,
09:56:19,47.145,100,
09:56:23,47.16,400,
09:56:33,47.19,300,
09:56:34,47.18,100,
09:56:34,47.18,100,
09:56:34,47.21,200,
09:56:36,47.1775,3600,
09:56:37,47.18,100,
09:56:39,47.175,400,
09:56:41,47.17,300,
09:56:42,47.20,200,
09:56:44,47.21,100,
09:56:44,47.22,1000,
09:56:45,47.2202,200,
09:56:46,47.2232,300,
09:56:46,47.238,100,
09:56:47,47.22,200,
09:56:47,47.24,100,
09:56:52,47.2242,100,
09:56:54,47.25,400,
09:56:54,47.25,500,
09:56:54,47.26,300,
09:56:57,47.27,300,
09:56:57,47.27,300,
09:56:57,47.27,300,
09:56:59,47.28,100,
09:57:00,47.28,100,
09:57:01,47.27,100,
09:57:01,47.27,600,
09:57:01,47.27,1200,
09:57:03,47.3099,300,
09:57:03,47.31,1200,
09:57:04,47.31,400,
09:57:05,47.31,100,
09:57:06,47.3199,200,
09:57:06,47.3101,1000,
09:57:07,47.32,400,
09:57:08,47.33,400,
09:57:10,47.316,100,
09:57:10,47.35,400,
09:57:14,47.37,400,
09:57:14,47.37,100,
09:57:16,47.39,400,
09:57:18,47.37,500,
09:57:19,47.40,100,
09:57:20,47.38,600,
09:57:20,47.38,300,
09:57:22,47.37,100,
09:57:22,47.36,100,
09:57:22,47.351,100,
09:57:24,47.38,200,
09:57:25,47.3501,150,
09:57:26,47.39,200,
09:57:27,47.3699,100,
09:57:27,47.3699,100,
09:57:27,47.3661,100,
09:57:30,47.36,130,
09:57:33,47.36,230,
09:57:33,47.38,100,
09:57:33,47.33,100,
09:57:33,47.33,100,
09:57:34,47.32,200,
09:57:34,47.32,390,
09:57:37,47.37,100,
09:57:40,47.3625,1700,
09:57:40,47.38,226,
09:57:46,47.39,400,
09:57:48,47.3801,500,
09:57:49,47.34,400,
09:57:49,47.35,100,
09:57:49,47.36,230,
09:57:49,47.36,160,
09:57:51,47.33,200,
09:57:53,47.44,400,
09:57:53,47.45,400,
09:57:53,47.47,400,
09:57:53,47.48,100,
09:57:53,47.48,100,
09:57:53,47.48,100,
09:57:53,47.48,100,
09:57:53,47.48,700,
09:57:53,47.48,100,
09:57:53,47.49,300,
09:57:56,47.47,100,
09:57:56,47.44,100,
09:57:56,47.45,700,
09:57:59,47.46,200,
09:58:00,47.441,100,
09:58:00,47.441,100,
09:58:00,47.44,150,
09:58:00,47.4697,100,
09:58:01,47.47,100,
09:58:04,47.44,800,
09:58:04,47.46,200,
09:58:06,47.4702,100,
09:58:07,47.47,400,
09:58:10,47.50,700,
09:58:10,47.50,300,
09:58:10,47.50,1000,
09:58:10,47.50,196,
09:58:10,47.50,100,
09:58:12,47.50,400,
09:58:12,47.49,100,
09:58:12,47.49,300,
09:58:15,47.48,100,
09:58:16,47.49,200,
09:58:16,47.50,100,
09:58:19,47.5101,100,
09:58:19,47.5101,100,
09:58:19,47.51,600,
09:58:19,47.5282,400,
09:58:19,47.50,230,
09:58:20,47.52,230,
09:58:21,47.50,200,
09:58:21,47.52,400,
09:58:21,47.52,100,
09:58:22,47.53,300,
09:58:22,47.53,100,
09:58:22,47.53,400,
09:58:23,47.521,300,
09:58:24,47.532,150,
09:58:25,47.55,250,
09:58:26,47.5327,1000,
09:58:27,47.57,100,
09:58:28,47.57,209,
09:58:28,47.57,400,
09:58:28,47.57,230,
09:58:28,47.57,300,
09:58:28,47.56,100,
09:58:29,47.56,400,
09:58:29,47.5618,100,
09:58:29,47.5618,500,
09:58:29,47.56,400,
09:58:29,47.56,100,
09:58:29,47.5698,100,
09:58:29,47.57,300,
09:58:30,47.5501,500,
09:58:30,47.56,400,
09:58:30,47.55,100,
09:58:31,47.57,100,
09:58:31,47.5682,500,
09:58:31,47.55,1600,
09:58:32,47.55,230,
09:58:32,47.57,100,
09:58:34,47.5499,150,
09:58:35,47.53,230,
09:58:35,47.53,200,
09:58:35,47.52,100,
09:58:35,47.52,400,
09:58:36,47.5346,200,
09:58:36,47.54,200,
09:58:36,47.5328,200,
09:58:36,47.54,350,
09:58:36,47.5346,100,
09:58:36,47.54,100,
09:58:39,47.5158,250,
09:58:40,47.53,400,
09:58:41,47.50,2000,
09:58:41,47.53,200,
09:58:42,47.5282,500,
09:58:42,47.50,230,
09:58:42,47.50,230,
09:58:43,47.47,200,
09:58:43,47.4618,200,
09:58:43,47.461,800,
09:58:44,47.47,100,
09:58:45,47.478,1600,
09:58:46,47.45,130,
09:58:47,47.458,4200,
09:58:51,47.46,800,
09:58:52,47.4592,240,
09:59:00,47.436,100,
09:59:02,47.4027,1000,
09:59:02,47.40,200,
09:59:03,47.40,300,
09:59:07,47.43,230,
09:59:07,47.439,2570,
09:59:07,47.439,2000,
09:59:08,47.43,100,
09:59:09,47.44,700,
09:59:12,47.45,100,
09:59:12,47.45,100,
09:59:13,47.44,230,
09:59:14,47.449,100,
09:59:16,47.4411,800,
09:59:17,47.4411,200,
09:59:25,47.42,143,
09:59:25,47.43,130,
09:59:28,47.43,250,
09:59:28,47.4301,200,
09:59:28,47.4301,200,
09:59:28,47.4301,100,
09:59:28,47.43,200,
09:59:28,47.43,200,
09:59:28,47.43,100,
09:59:32,47.45,700,
09:59:39,47.4209,100,
09:59:42,47.43,100,
09:59:50,47.44,400,
09:59:50,47.44,200,
09:59:52,47.46,200,
09:59:53,47.46,200,
09:59:54,47.43,200,
09:59:55,47.42,230,
09:59:56,47.43,200,
09:59:56,47.43,200,
09:59:56,47.45,230,
09:59:57,47.47,200,
09:59:57,47.48,400,
09:59:57,47.48,100,
09:59:57,47.49,100,
09:59:57,47.49,100,
09:59:59,47.4982,300,
10:00:01,47.5299,200,
10:00:01,47.53,200,
10:00:01,47.51,130,
10:00:01,47.51,100,
10:00:03,47.52,100,
10:00:04,47.54,200,
10:00:04,47.54,100,
10:00:04,47.55,200,
10:00:04,47.57,200,
10:00:05,47.5548,150,
10:00:06,47.58,100,
10:00:07,47.58,200,
10:00:07,47.5799,300,
10:00:08,47.59,100,
10:00:08,47.59,100,
10:00:08,47.59,100,
10:00:08,47.60,299,
10:00:09,47.61,200,
10:00:09,47.60,300,
10:00:09,47.60,100,
10:00:09,47.60,230,
10:00:09,47.599,100,
10:00:09,47.599,170,
10:00:09,47.60,100,
10:00:09,47.60,100,
10:00:09,47.60,200,
10:00:09,47.61,200,
10:00:09,47.61,200,
10:00:09,47.61,230,
10:00:09,47.61,400,
10:00:09,47.59,200,
10:00:10,47.607,1000,
10:00:15,47.58,100,
10:00:15,47.571,500,
10:00:18,47.57,100,
10:00:18,47.56,230,
10:00:18,47.56,100,
10:00:18,47.57,100,
10:00:18,47.56,100,
10:00:18,47.56,100,
10:00:18,47.59,100,
10:00:20,47.55,170,
10:00:20,47.55,400,
10:00:20,47.55,230,
10:00:24,47.58,230,
10:00:30,47.62,900,
10:00:32,47.6395,210,
10:00:32,47.6399,200,
10:00:33,47.62,100,
10:00:33,47.62,100,
10:00:33,47.62,100,
10:00:33,47.61,220,
10:00:34,47.6199,100,
10:00:34,47.6199,100,
10:00:35,47.6382,500,
10:00:35,47.61,400,
10:00:35,47.60,100,
10:00:35,47.60,230,
10:00:35,47.59,100,
10:00:35,47.59,230,
10:00:35,47.59,230,
10:00:35,47.58,130,
10:00:35,47.58,100,
10:00:35,47.57,100,
10:00:35,47.57,160,
10:00:35,47.5782,351,
10:00:36,47.58,400,
10:00:38,47.5782,1120,
10:00:40,47.56,100,
10:00:43,47.579,1000,
10:00:44,47.554,700,
10:00:46,47.5482,200,
10:00:46,47.55,200,
10:00:46,47.5482,200,
10:00:46,47.5482,100,
10:00:46,47.55,100,
10:00:49,47.5482,118,
10:00:49,47.5482,100,
10:00:49,47.55,118,
10:00:49,47.55,100,
10:00:50,47.55,230,
10:00:53,47.57,230,
10:00:53,47.58,100,
10:00:53,47.58,100,
10:00:55,47.59,100,
10:00:55,47.59,400,
10:00:57,47.566,1200,
10:00:59,47.60,100,
10:01:01,47.6101,1800,
10:01:03,47.626,480,
10:01:07,47.63,400,
10:01:07,47.63,200,
10:01:07,47.63,400,
10:01:07,47.65,100,
10:01:09,47.648,100,
10:01:10,47.646,200,
10:01:10,47.65,100,
10:01:10,47.66,100,
10:01:10,47.67,100,
10:01:10,47.67,230,
10:01:10,47.68,300,
10:01:10,47.67,300,
10:01:10,47.68,400,
10:01:10,47.69,300,
10:01:10,47.68,300,
10:01:10,47.68,200,
10:01:10,47.68,230,
10:01:10,47.68,400,
10:01:10,47.70,100,
10:01:10,47.68,200,
10:01:10,47.68,800,
10:01:10,47.68,100,
10:01:10,47.65,300,
10:01:11,47.67,100,
10:01:11,47.67,200,
10:01:11,47.67,100,
10:01:12,47.6855,500,
10:01:12,47.69,800,
10:01:12,47.6942,200,
10:01:13,47.68,800,
10:01:13,47.6601,200,
10:01:13,47.67,100,
10:01:13,47.68,200,
10:01:13,47.68,200,
10:01:16,47.679,200,
10:01:17,47.679,200,
10:01:19,47.678,2300,
10:01:21,47.6899,177,
10:01:21,47.69,177,
10:01:21,47.69,100,
10:01:21,47.689,200,
10:01:23,47.709,200,
10:01:23,47.69,100,
10:01:24,47.6987,500,
10:01:24,47.70,300,
10:01:24,47.71,100,
10:01:24,47.71,200,
10:01:24,47.71,100,
10:01:24,47.71,100,
10:01:24,47.71,100,
10:01:24,47.71,200,
10:01:25,47.66,100,
10:01:27,47.64,100,
10:01:27,47.67,100,
10:01:27,47.67,100,
10:01:27,47.67,200,
10:01:31,47.6982,100,
10:01:32,47.6911,300,
10:01:33,47.706,100,
10:01:35,47.7082,400,
10:01:42,47.71,200,
10:01:44,47.74,100,
10:01:44,47.73,100,
10:01:45,47.7329,100,
10:01:46,47.71,500,
10:01:46,47.74,100,
10:01:46,47.74,100,
10:01:46,47.73,229,
10:01:46,47.72,101,
10:01:47,47.721,1000,
10:01:47,47.72,230,
10:01:47,47.71,230,
10:01:47,47.71,100,
10:01:47,47.71,200,
10:01:47,47.71,100,
10:01:48,47.6901,200,
10:01:49,47.70,100,
10:01:49,47.70,100,
10:01:49,47.6999,1000,
10:01:52,47.681,800,
10:01:55,47.6982,100,
10:01:55,47.6982,500,
10:01:58,47.72,200,
10:02:03,47.73,100,
10:02:06,47.71,182,
10:02:09,47.6698,500,
10:02:09,47.6789,100,
10:02:16,47.654,500,
10:02:19,47.666,300,
10:02:23,47.6601,500,
10:02:31,47.70,1000,
10:02:31,47.72,100,
10:02:32,47.73,400,
10:02:33,47.7399,200,
10:02:33,47.72,100,
10:02:39,47.719,150,
10:02:46,47.7115,100,
10:02:48,47.69,100,
10:02:49,47.685,4000,
10:02:50,47.7001,200,
10:02:51,47.71,800,
10:02:54,47.69,100,
10:02:55,47.692,100,
10:02:58,47.6858,200,
10:02:59,47.68,300,
10:02:59,47.69,100,
10:02:59,47.67,100,
10:03:00,47.64,100,
10:03:00,47.64,400,
10:03:00,47.66,230,
10:03:00,47.67,100,
10:03:01,47.6699,1000,
10:03:04,47.63,200,
10:03:06,47.58,100,
10:03:06,47.58,400,
10:03:07,47.581,1900,
10:03:11,47.58,200,
10:03:12,47.571,200,
10:03:12,47.571,200,
10:03:13,47.61,130,
10:03:14,47.61,230,
10:03:15,47.5801,1000,
10:03:16,47.5818,200,
10:03:19,47.599,800,
10:03:19,47.57,300,
10:03:19,47.60,100,
10:03:21,47.61,230,
10:03:21,47.5958,1000,
10:03:24,47.589,100,
10:03:24,47.57,200,
10:03:25,47.584,100,
10:03:28,47.56,600,
10:03:34,47.60,500,
10:03:34,47.60,100,
10:03:34,47.60,300,
10:03:38,47.64,100,
10:03:41,47.6482,200,
10:03:43,47.65,500,
10:03:43,47.6472,500,
10:03:44,47.65,800,
10:03:45,47.67,200,
10:03:48,47.67,230,
10:03:55,47.6901,100,
10:03:55,47.70,100,
10:03:58,47.68,150,
10:03:58,47.67,129,
10:04:09,47.6899,1800,
10:04:10,47.69,160,
10:04:11,47.70,100,
10:04:11,47.69,100,
10:04:15,47.68,200,
10:04:20,47.67,700,
10:04:21,47.65,200,
10:04:21,47.65,260,
10:04:21,47.64,600,
10:04:21,47.63,400,
10:04:21,47.64,200,
10:04:23,47.6427,700,
10:04:25,47.644,500,
10:04:26,47.64,600,
10:04:26,47.64,700,
10:04:28,47.63,300,
10:04:28,47.63,100,
10:04:28,47.625,100,
10:04:28,47.62,230,
10:04:28,47.62,200,
10:04:28,47.61,700,
10:04:28,47.60,100,
10:04:28,47.59,100,
10:04:28,47.60,100,
10:04:28,47.61,100,
10:04:28,47.61,800,
10:04:28,47.61,100,
10:04:28,47.61,100,
10:04:30,47.61,100,
10:04:32,47.61,100,
10:04:32,47.62,400,
10:04:32,47.62,1600,
10:04:32,47.62,300,
10:04:33,47.62,800,
10:04:33,47.62,100,
10:04:34,47.64,1100,
10:04:36,47.63,800,
10:04:37,47.64,100,
10:04:39,47.65,700,
10:04:42,47.6699,410,
10:04:43,47.66,200,
10:04:43,47.66,700,
10:04:43,47.65,419,
10:04:45,47.64,700,
10:04:45,47.63,230,
10:04:45,47.63,400,
10:04:45,47.6251,800,
10:04:49,47.64,2300,
10:04:49,47.64,100,
10:04:49,47.64,200,
10:04:50,47.63,200,
10:04:50,47.63,100,
10:04:50,47.65,100,
10:04:53,47.66,581,
10:04:53,47.66,177,
10:04:53,47.66,134,
10:04:54,47.65,700,
10:04:56,47.63,191,
10:04:57,47.644,1000,
10:04:58,47.62,230,
10:05:00,47.63,580,
10:05:02,47.6201,989,
10:05:02,47.65,400,
10:05:06,47.66,400,
10:05:06,47.66,100,
10:05:06,47.66,100,
10:05:08,47.66,189,
10:05:08,47.66,110,
10:05:08,47.66,100,
10:05:13,47.66,200,
10:05:18,47.6601,1000,
10:05:22,47.68,230,
10:05:23,47.68,500,
10:05:23,47.69,100,
10:05:23,47.68,100,
10:05:23,47.72,100,
10:05:24,47.7275,2000,
10:05:26,47.7301,300,
10:05:26,47.73,1400,
10:05:27,47.75,400,
10:05:28,47.7395,500,
10:05:32,47.72,100,
10:05:36,47.73,181,
10:05:36,47.73,500,
10:05:36,47.73,100,
10:05:37,47.711,1000,
10:05:38,47.75,230,
10:05:40,47.75,201,
10:05:40,47.75,199,
10:05:42,47.7684,200,
10:05:43,47.7682,500,
10:05:44,47.77,100,
10:05:45,47.761,100,
10:05:45,47.761,100,
10:05:47,47.7702,100,
10:05:47,47.77,300,
10:05:47,47.77,100,
10:05:51,47.7742,200,
10:05:51,47.77,800,
10:05:52,47.74,100,
10:05:54,47.7005,500,
10:05:57,47.68,100,
10:05:58,47.68,130,
10:05:58,47.68,200,
10:06:04,47.696,500,
10:06:04,47.69,130,
10:06:08,47.70,230,
10:06:10,47.69,100,
10:06:10,47.68,130,
10:06:13,47.67,229,
10:06:14,47.661,500,
10:06:18,47.67,230,
10:06:22,47.65,230,
10:06:23,47.64,800,
10:06:23,47.64,200,
10:06:25,47.63,200,
10:06:25,47.63,230,
10:06:25,47.62,230,
10:06:25,47.62,200,
10:06:25,47.62,100,
10:06:25,47.62,200,
10:06:25,47.62,500,
10:06:25,47.62,230,
10:06:26,47.6218,100,
10:06:26,47.6218,100,
10:06:26,47.6218,100,
10:06:26,47.62,100,
10:06:26,47.6218,100,
10:06:26,47.62,100,
10:06:31,47.60,200,
10:06:31,47.60,200,
10:06:31,47.60,300,
10:06:31,47.60,300,
10:06:31,47.60,500,
10:06:31,47.60,100,
10:06:31,47.60,100,
10:06:31,47.61,100,
10:06:31,47.61,230,
10:06:33,47.5957,100,
10:06:33,47.5901,100,
10:06:33,47.59,100,
10:06:33,47.59,100,
10:06:33,47.59,100,
10:06:40,47.606,100,
10:06:42,47.5801,200,
10:06:42,47.60,101,
10:06:43,47.5901,100,
10:06:43,47.5901,100,
10:06:43,47.59,100,
10:06:44,47.5803,100,
10:06:45,47.58,600,
10:06:47,47.61,400,
10:06:47,47.58,300,
10:06:48,47.5801,200,
10:06:49,47.5855,400,
10:06:55,47.5735,100,
10:06:56,47.56,200,
10:06:56,47.56,200,
10:06:56,47.56,100,
10:07:03,47.5598,1000,
10:07:03,47.56,230,
10:07:03,47.5799,400,
10:07:04,47.55,100,
10:07:04,47.55,230,
10:07:04,47.55,100,
10:07:04,47.56,100,
10:07:08,47.5418,500,
10:07:08,47.56,230,
10:07:08,47.56,100,
10:07:11,47.59,100,
10:07:12,47.60,100,
10:07:12,47.60,200,
10:07:12,47.60,300,
10:07:12,47.60,230,
10:07:12,47.60,300,
10:07:12,47.61,200,
10:07:12,47.62,400,
10:07:14,47.6329,1000,
10:07:16,47.64,600,
10:07:17,47.64,800,
10:07:19,47.64,330,
10:07:19,47.63,100,
10:07:21,47.65,200,
10:07:21,47.66,100,
10:07:23,47.66,230,
10:07:23,47.66,230,
10:07:24,47.67,230,
10:07:33,47.66,100,
10:07:35,47.64,200,
10:07:35,47.64,400,
10:07:35,47.6401,400,
10:07:35,47.63,100,
10:07:35,47.6401,230,
10:07:35,47.6401,100,
10:07:35,47.6301,100,
10:07:35,47.6301,100,
10:07:36,47.66,200,
10:07:40,47.66,230,
10:07:49,47.60,100,
10:07:52,47.616,1000,
10:07:54,47.61,9172,
10:07:55,47.61,100,
10:07:55,47.63,200,
10:07:55,47.65,400,
10:07:55,47.66,200,
10:07:55,47.67,230,
10:07:55,47.67,159,
10:07:56,47.67,100,
10:07:56,47.67,100,
10:07:57,47.67,300,
10:08:09,47.6784,100,
10:08:09,47.67,200,
10:08:09,47.67,100,
10:08:13,47.679,1000,
10:08:17,47.66,230,
10:08:17,47.65,113,
10:08:17,47.65,300,
10:08:18,47.67,230,
10:08:20,47.65,700,
10:08:22,47.63,343,
10:08:22,47.63,100,
10:08:22,47.64,100,
10:08:22,47.65,160,
10:08:28,47.65,700,
10:08:28,47.65,100,
10:08:28,47.65,100,
10:08:28,47.64,100,
10:08:28,47.66,100,
10:08:29,47.65,200,
10:08:29,47.65,400,
10:08:29,47.65,100,
10:08:29,47.65,300,
10:08:30,47.66,100,
10:08:36,47.64,100,
10:08:37,47.63,100,
10:08:37,47.63,300,
10:08:37,47.63,100,
10:08:38,47.62,230,
10:08:38,47.61,200,
10:08:38,47.61,100,
10:08:38,47.61,200,
10:08:38,47.61,300,
10:08:38,47.61,100,
10:08:38,47.61,100,
10:08:38,47.60,150,
10:08:38,47.60,200,
10:08:38,47.59,203,
10:08:39,47.6001,100,
10:08:39,47.6001,300,
10:08:39,47.6001,300,
10:08:40,47.5958,1000,
10:08:48,47.61,369,
10:08:52,47.604,1100,
10:08:53,47.6018,100,
10:08:53,47.6018,100,
10:08:53,47.60,100,
10:08:53,47.60,100,
10:08:58,47.62,230,
10:08:59,47.63,100,
10:09:00,47.68,230,
10:09:02,47.70,100,
10:09:02,47.704,100,
10:09:02,47.70,100,
10:09:02,47.70,100,
10:09:02,47.71,100,
10:09:02,47.71,230,
10:09:02,47.72,400,
10:09:02,47.72,230,
10:09:02,47.72,100,
10:09:02,47.72,100,
10:09:02,47.70,800,
10:09:04,47.73,100,
10:09:05,47.72,1100,
10:09:05,47.74,200,
10:09:06,47.72,700,
10:09:06,47.71,170,
10:09:06,47.7001,200,
10:09:10,47.70,200,
10:09:14,47.69,230,
10:09:15,47.68,700,
10:09:15,47.68,230,
10:09:15,47.67,200,
10:09:15,47.67,300,
10:09:15,47.67,300,
10:09:15,47.67,300,
10:09:15,47.67,300,
10:09:15,47.67,100,
10:09:15,47.67,100,
10:09:15,47.68,100,
10:09:15,47.67,400,
10:09:15,47.67,100,
10:09:15,47.67,200,
10:09:15,47.67,100,
10:09:15,47.67,100,
10:09:15,47.67,230,
10:09:18,47.70,230,
10:09:18,47.68,230,
10:09:18,47.68,100,
10:09:18,47.68,100,
10:09:23,47.67,230,
10:09:25,47.68,100,
10:09:28,47.67,230,
10:09:31,47.66,230,
10:09:31,47.65,200,
10:09:31,47.64,400,
10:09:31,47.64,100,
10:09:31,47.64,100,
10:09:31,47.63,230,
10:09:31,47.63,200,
10:09:34,47.6001,100,
10:09:34,47.6001,100,
10:09:34,47.6053,100,
10:09:34,47.60,100,
10:09:34,47.60,100,
10:09:37,47.601,500,
10:09:38,47.60,100,
10:09:39,47.60,300,
10:09:39,47.60,230,
10:09:42,47.61,230,
10:09:48,47.63,230,
10:09:51,47.63,100,
10:09:51,47.65,101,
10:09:51,47.64,800,
10:09:51,47.64,230,
10:10:00,47.63,789,
10:10:01,47.64,300,
10:10:01,47.63,230,
10:10:01,47.64,100,
10:10:05,47.61,100,
10:10:05,47.61,100,
10:10:05,47.61,200,
10:10:05,47.61,100,
10:10:07,47.61,100,
10:10:07,47.61,230,
10:10:09,47.60,230,
10:10:09,47.61,100,
10:10:11,47.601,1000,
10:10:14,47.6053,100,
10:10:14,47.604,200,
10:10:14,47.60,100,
10:10:14,47.6053,100,
10:10:14,47.6001,200,
10:10:14,47.60,100,
10:10:14,47.6001,100,
10:10:14,47.60,100,
10:10:15,47.60,500,
10:10:19,47.62,230,
10:10:19,47.62,200,
10:10:19,47.63,100,
10:10:19,47.62,100,
10:10:19,47.62,500,
10:10:22,47.6499,200,
10:10:22,47.65,1000,
10:10:28,47.65,900,
10:10:28,47.65,130,
10:10:28,47.65,200,
10:10:28,47.65,100,
10:10:28,47.65,600,
10:10:28,47.65,900,
10:10:28,47.65,900,
10:10:28,47.65,500,
10:10:28,47.65,700,
10:10:28,47.65,900,
10:10:28,47.65,900,
10:10:28,47.65,718,
10:10:30,47.63,100,
10:10:38,47.6454,100,
10:10:38,47.6454,300,
10:10:39,47.6454,300,
10:10:39,47.65,500,
10:10:39,47.65,300,
10:10:39,47.67,230,
10:10:43,47.64,200,
10:10:44,47.66,500,
10:10:50,47.67,204,
10:10:54,47.674,1000,
10:10:56,47.66,101,
10:10:56,47.65,100,
10:11:00,47.64,230,
10:11:01,47.60,100,
10:11:01,47.63,230,
10:11:01,47.63,100,
10:11:03,47.62,230,
10:11:11,47.61,400,
10:11:11,47.61,100,
10:11:18,47.5858,1500,
10:11:19,47.60,100,
10:11:19,47.58,100,
10:11:19,47.587,100,
10:11:19,47.5853,100,
10:11:19,47.58,100,
10:11:20,47.60,230,
10:11:20,47.60,200,
10:11:20,47.61,200,
10:11:25,47.58,200,
10:11:25,47.57,3000,
10:11:33,47.65,300,
10:11:33,47.65,130,
10:11:38,47.63,100,
10:11:43,47.60,750,
10:11:47,47.62,100,
10:11:49,47.62,230,
10:11:56,47.6142,850,
10:11:58,47.616,150,
10:11:59,47.63,700,
10:11:59,47.63,200,
10:11:59,47.62,400,
10:12:02,47.6101,700,
10:12:02,47.62,130,
10:12:11,47.66,100,
10:12:11,47.67,100,
10:12:12,47.68,700,
10:12:13,47.68,100,
10:12:15,47.64,800,
10:12:15,47.65,218,
10:12:29,47.70,100,
10:12:29,47.71,100,
10:12:29,47.72,100,
10:12:30,47.74,170,
10:12:31,47.73,500,
10:12:31,47.73,200,
10:12:31,47.71,230,
10:12:37,47.70,230,
10:12:38,47.71,100,
10:12:44,47.73,200,
10:12:46,47.75,200,
10:12:47,47.7501,200,
10:12:47,47.75,800,
10:12:48,47.74,100,
10:12:49,47.73,200,
10:12:49,47.73,200,
10:12:49,47.73,230,
10:12:54,47.7241,600,
10:12:55,47.72,100,
10:12:55,47.72,100,
10:12:56,47.72,100,
10:12:58,47.71,200,
10:13:04,47.71,100,
10:13:04,47.71,230,
10:13:06,47.72,100,
10:13:06,47.71,230,
10:13:06,47.70,230,
10:13:06,47.70,200,
10:13:08,47.6901,500,
10:13:08,47.69,500,
10:13:09,47.69,100,
10:13:09,47.67,100,
10:13:13,47.72,100,
10:13:13,47.71,200,
10:13:13,47.73,200,
10:13:13,47.74,230,
10:13:13,47.72,170,
10:13:13,47.72,100,
10:13:13,47.71,200,
10:13:13,47.72,230,
10:13:13,47.71,100,
10:13:18,47.71,300,
10:13:18,47.73,230,
10:13:24,47.7299,300,
10:13:25,47.70,130,
10:13:26,47.69,100,
10:13:28,47.71,300,
10:13:28,47.71,100,
10:13:28,47.71,130,
10:13:29,47.70,100,
10:13:32,47.69,100,
10:13:32,47.69,100,
10:13:32,47.70,200,
10:13:32,47.72,200,
10:13:32,47.72,200,
10:13:32,47.72,100,
10:13:32,47.71,130,
10:13:34,47.68,200,
10:13:34,47.68,200,
10:13:41,47.69,100,
10:13:46,47.70,100,
10:13:46,47.70,100,
10:13:56,47.71,230,
10:13:56,47.71,100,
10:13:56,47.72,200,
10:14:02,47.7399,100,
10:14:02,47.73,230,
10:14:06,47.71,230,
10:14:08,47.71,100,
10:14:19,47.7399,200,
10:14:19,47.7399,100,
10:14:19,47.74,100,
10:14:19,47.74,100,
10:14:25,47.7102,200,
10:14:25,47.71,400,
10:14:25,47.71,400,
10:14:25,47.69,200,
10:14:26,47.70,400,
10:14:40,47.66,400,
10:14:40,47.67,230,
10:14:48,47.6611,1500,
10:14:49,47.6799,100,
10:14:49,47.68,100,
10:14:52,47.66,230,
10:14:52,47.63,100,
10:14:52,47.63,230,
10:14:54,47.6227,500,
10:14:57,47.65,100,
10:15:02,47.636,300,
10:15:06,47.63,400,
10:15:06,47.63,100,
10:15:08,47.68,130,
10:15:12,47.71,200,
10:15:12,47.71,200,
10:15:12,47.71,200,
10:15:12,47.71,100,
10:15:14,47.70,230,
10:15:22,47.63,200,
10:15:22,47.61,200,
10:15:22,47.61,100,
10:15:26,47.62,800,
10:15:26,47.62,230,
10:15:26,47.63,300,
10:15:28,47.63,100,
10:15:28,47.62,170,
10:15:28,47.61,100,
10:15:34,47.59,100,
10:15:34,47.59,200,
10:15:34,47.59,230,
10:15:34,47.59,100,
10:15:34,47.5818,100,
10:15:35,47.61,230,
10:15:36,47.64,100,
10:15:36,47.65,100,
10:15:36,47.65,100,
10:15:36,47.6401,100,
10:15:36,47.6401,100,
10:15:36,47.65,200,
10:15:47,47.67,100,
10:15:47,47.67,100,
10:15:47,47.67,100,
10:15:47,47.68,100,
10:15:47,47.70,100,
10:15:47,47.70,100,
10:15:47,47.70,100,
10:15:49,47.68,500,
10:15:50,47.66,800,
10:15:56,47.67,100,
10:15:56,47.67,400,
10:16:01,47.671,100,
10:16:03,47.70,100,
10:16:03,47.70,200,
10:16:04,47.69,400,
10:16:10,47.67,230,
10:16:10,47.6501,700,
10:16:10,47.64,100,
10:16:15,47.67,230,
10:16:29,47.65,200,
10:16:29,47.65,700,
10:16:42,47.66,230,
10:16:43,47.69,100,
10:16:44,47.64,500,
10:17:00,47.67,230,
10:17:04,47.69,200,
10:17:05,47.6915,300,
10:17:18,47.66,230,
10:17:20,47.63,100,
10:17:20,47.63,200,
10:17:20,47.63,300,
10:17:20,47.65,230,
10:17:21,47.67,300,
10:17:23,47.661,500,
10:17:23,47.66,1800,
10:17:26,47.6657,1000,
10:17:30,47.64,230,
10:17:31,47.60,200,
10:17:31,47.60,100,
10:17:32,47.611,400,
10:17:32,47.611,300,
10:17:35,47.61,230,
10:17:35,47.61,200,
10:17:37,47.60,500,
10:17:41,47.60,230,
10:17:41,47.59,200,
10:17:44,47.58,100,
10:17:45,47.57,100,
10:17:46,47.58,230,
10:17:46,47.58,100,
10:17:47,47.571,100,
10:17:47,47.59,300,
10:17:48,47.59,100,
10:17:51,47.6005,2500,
10:17:56,47.60,400,
10:17:59,47.59,700,
10:17:59,47.59,100,
10:18:02,47.62,300,
10:18:05,47.6201,670,
10:18:13,47.55,800,
10:18:13,47.5301,500,
10:18:16,47.53,800,
10:18:16,47.52,150,
10:18:16,47.54,230,
10:18:17,47.50,200,
10:18:18,47.51,200,
10:18:18,47.51,100,
10:18:18,47.52,100,
10:18:19,47.5001,150,
10:18:19,47.51,300,
10:18:19,47.51,400,
10:18:19,47.51,300,
10:18:19,47.51,200,
10:18:19,47.51,100,
10:18:19,47.51,100,
10:18:19,47.51,299,
10:18:19,47.52,800,
10:18:19,47.51,100,
10:18:19,47.51,400,
10:18:19,47.51,300,
10:18:19,47.52,230,
10:18:19,47.52,100,
10:18:19,47.51,200,
10:18:21,47.50,400,
10:18:21,47.49,200,
10:18:21,47.49,100,
10:18:21,47.49,800,
10:18:22,47.51,122,
10:18:25,47.49,300,
10:18:25,47.51,200,
10:18:25,47.51,230,
10:18:25,47.49,400,
10:18:25,47.49,500,
10:18:28,47.49,100,
10:18:28,47.49,100,
10:18:29,47.48,100,
10:18:29,47.48,100,
10:18:32,47.47,100,
10:18:32,47.47,100,
10:18:34,47.4518,100,
10:18:34,47.45,100,
10:18:36,47.44,400,
10:18:36,47.44,230,
10:18:36,47.44,300,
10:18:36,47.44,100,
10:18:36,47.44,230,
10:18:36,47.45,101,
10:18:36,47.45,100,
10:18:36,47.45,300,
10:18:36,47.44,200,
10:18:36,47.42,100,
10:18:36,47.44,300,
10:18:36,47.43,200,
10:18:36,47.43,230,
10:18:36,47.44,100,
10:18:39,47.4602,1000,
10:18:40,47.4501,100,
10:18:40,47.4554,100,
10:18:40,47.4501,100,
10:18:40,47.4553,100,
10:18:40,47.45,100,
10:18:41,47.454,200,
10:18:43,47.46,100,
10:18:43,47.46,200,
10:18:43,47.46,400,
10:18:43,47.44,100,
10:18:47,47.45,230,
10:18:47,47.45,100,
10:18:47,47.44,1805,
10:18:51,47.4187,300,
10:18:55,47.44,100,
10:18:55,47.44,200,
10:18:56,47.43,200,
10:18:56,47.46,100,
10:19:03,47.4899,700,
10:19:03,47.50,300,
10:19:06,47.48,100,
10:19:06,47.50,100,
10:19:07,47.50,800,
10:19:08,47.496,1000,
10:19:10,47.5127,700,
10:19:10,47.50,100,
10:19:14,47.53,100,
10:19:15,47.50,500,
10:19:16,47.51,200,
10:19:17,47.5101,100,
10:19:18,47.5101,700,
10:19:19,47.54,200,
10:19:21,47.52,100,
10:19:23,47.5268,250,
10:19:31,47.53,230,
10:19:31,47.52,100,
10:19:31,47.52,130,
10:19:33,47.4999,100,
10:19:33,47.50,300,
10:19:35,47.50,100,
10:19:37,47.47,100,
10:19:37,47.48,100,
10:19:37,47.48,100,
10:19:37,47.48,230,
10:19:38,47.506,200,
10:19:41,47.4799,250,
10:19:45,47.47,230,
10:19:54,47.4732,300,
10:19:57,47.49,400,
10:19:57,47.48,100,
10:19:59,47.49,100,
10:19:59,47.49,100,
10:20:00,47.50,500,
10:20:00,47.50,200,
10:20:03,47.53,100,
10:20:06,47.48,400,
10:20:06,47.48,100,
10:20:22,47.46,100,
10:20:26,47.44,300,
10:20:27,47.44,230,
10:20:27,47.44,200,
10:20:37,47.49,170,
10:20:46,47.47,230,
10:20:49,47.4799,500,
10:21:02,47.4742,400,
10:21:04,47.48,100,
10:21:04,47.4798,100,
10:21:04,47.48,100,
10:21:10,47.4798,100,
10:21:15,47.44,230,
10:21:15,47.44,100,
10:21:15,47.45,110,
10:21:15,47.45,280,
10:21:18,47.444,2000,
10:21:22,47.4271,200,
10:21:22,47.38,400,
10:21:22,47.3899,100,
10:21:22,47.37,100,
10:21:22,47.37,100,
10:21:22,47.38,200,
10:21:22,47.37,500,
10:21:22,47.36,100,
10:21:22,47.36,100,
10:21:22,47.3952,200,
10:21:23,47.38,100,
10:21:23,47.3801,300,
10:21:25,47.38,1000,
10:21:27,47.40,170,
10:21:29,47.42,200,
10:21:32,47.414,150,
10:21:33,47.4299,1000,
10:21:34,47.42,100,
10:21:34,47.42,300,
10:21:34,47.42,230,
10:21:34,47.41,200,
10:21:34,47.42,100,
10:21:35,47.42,184,
10:21:38,47.418,1500,
10:21:39,47.419,100,
10:21:41,47.42,300,
10:21:45,47.4101,168,
10:21:46,47.4175,2000,
10:21:47,47.41,100,
10:21:47,47.429,100,
10:22:01,47.38,200,
10:22:02,47.37,400,
10:22:05,47.36,500,
10:22:05,47.3448,250,
10:22:11,47.351,200,
10:22:12,47.3599,100,
10:22:15,47.37,108,
10:22:15,47.37,300,
10:22:15,47.37,292,
10:22:15,47.38,100,
10:22:16,47.37,130,
10:22:18,47.3542,900,
10:22:22,47.3642,375,
10:22:23,47.37,348,
10:22:24,47.3673,1000,
10:22:29,47.37,230,
10:22:29,47.36,100,
10:22:29,47.37,100,
10:22:29,47.36,200,
10:22:34,47.34,400,
10:22:40,47.38,100,
10:22:40,47.38,100,
10:22:45,47.36,200,
10:22:45,47.35,330,
10:22:45,47.34,100,
10:22:45,47.36,100,
10:22:45,47.33,100,
10:22:45,47.33,200,
10:22:45,47.34,100,
10:22:45,47.32,100,
10:22:45,47.35,300,
10:22:45,47.33,300,
10:22:45,47.31,100,
10:22:45,47.31,100,
10:22:50,47.33,300,
10:22:55,47.31,100,
10:22:55,47.28,200,
10:22:55,47.2701,600,
10:22:55,47.2727,1400,
10:22:57,47.27,100,
10:22:58,47.30,400,
10:22:59,47.30,200,
10:23:07,47.31,100,
10:23:25,47.336,200,
10:23:28,47.32,376,
10:23:29,47.336,100,
10:23:30,47.30,200,
10:23:30,47.31,138,
10:23:37,47.30,2010,
10:23:40,47.30,800,
10:23:42,47.31,100,
10:23:42,47.31,700,
10:23:47,47.29,200,
10:23:47,47.285,1000,
10:23:48,47.30,300,
10:24:03,47.30,100,
10:24:05,47.30,100,
10:24:14,47.33,100,
10:24:14,47.3298,200,
10:24:14,47.33,100,
10:24:15,47.31,500,
10:24:17,47.29,200,
10:24:29,47.2601,146,
10:24:30,47.25,100,
10:24:30,47.26,100,
10:24:31,47.23,100,
10:24:31,47.26,400,
10:24:31,47.24,100,
10:24:32,47.2158,250,
10:24:32,47.23,300,
10:24:32,47.23,200,
10:24:32,47.22,800,
10:24:32,47.23,200,
10:24:33,47.2301,125,
10:24:35,47.231,1000,
10:24:36,47.23,750,
10:24:36,47.21,1050,
10:24:36,47.21,100,
10:24:36,47.23,200,
10:24:37,47.21,250,
10:24:37,47.21,200,
10:24:39,47.221,100,
10:24:40,47.23,100,
10:24:41,47.224,240,
10:24:44,47.23,100,
10:24:45,47.23,100,
10:24:46,47.21,191,
10:24:48,47.20,480,
10:24:53,47.17,100,
10:24:55,47.1958,1800,
10:24:57,47.194,200,
10:25:02,47.18,100,
10:25:12,47.2242,800,
10:25:14,47.22,200,
10:25:14,47.22,300,
10:25:15,47.23,100,
10:25:15,47.23,230,
10:25:15,47.21,296,
10:25:15,47.2299,400,
10:25:26,47.20,287,
10:25:30,47.22,100,
10:25:30,47.22,700,
10:25:32,47.22,100,
10:25:36,47.18,109,
10:25:36,47.1858,200,
10:25:36,47.19,100,
10:25:36,47.18,100,
10:25:41,47.17,300,
10:25:41,47.15,100,
10:25:44,47.1599,200,
10:25:47,47.151,100,
10:25:49,47.1501,2500,
10:25:49,47.13,3500,
10:25:51,47.15,800,
10:25:51,47.15,100,
10:25:56,47.15,200,
10:25:57,47.15,347,
10:25:57,47.15,100,
10:25:58,47.20,100,
10:25:58,47.20,130,
10:25:58,47.19,300,
10:25:59,47.19,100,
10:25:59,47.19,100,
10:25:59,47.18,200,
10:26:08,47.2199,2500,
10:26:11,47.23,100,
10:26:13,47.2142,1692,
10:26:18,47.24,148,
10:26:18,47.23,100,
10:26:18,47.22,200,
10:26:19,47.22,100,
10:26:22,47.2182,100,
10:26:26,47.21,150,
10:26:28,47.23,400,
10:26:29,47.23,100,
10:26:29,47.23,100,
10:26:29,47.23,100,
10:26:29,47.23,300,
10:26:31,47.2384,300,
10:26:31,47.24,400,
10:26:31,47.24,100,
10:26:34,47.2229,200,
10:26:37,47.2375,1100,
10:26:37,47.24,100,
10:26:37,47.24,700,
10:26:37,47.24,100,
10:26:37,47.24,100,
10:26:37,47.21,400,
10:26:38,47.21,100,
10:26:41,47.22,400,
10:26:41,47.21,300,
10:26:41,47.21,300,
10:26:41,47.21,100,
10:26:41,47.21,300,
10:26:43,47.2199,150,
10:26:49,47.239,100,
10:26:49,47.239,100,
10:26:50,47.238,700,
10:26:55,47.20,1599,
10:27:02,47.201,100,
10:27:02,47.201,100,
10:27:04,47.21,230,
10:27:04,47.22,350,
10:27:08,47.23,200,
10:27:18,47.2201,200,
10:27:28,47.249,300,
10:27:30,47.248,500,
10:27:34,47.256,1000,
10:27:39,47.269,100,
10:27:41,47.269,200,
10:27:41,47.269,200,
10:27:42,47.28,100,
10:27:42,47.28,400,
10:27:42,47.28,100,
10:27:43,47.29,400,
10:27:43,47.29,200,
10:27:43,47.29,200,
10:27:43,47.29,100,
10:27:43,47.29,100,
10:27:43,47.29,100,
10:27:43,47.29,300,
10:27:43,47.29,300,
10:27:43,47.29,300,
10:27:43,47.29,100,
10:27:43,47.29,200,
10:27:43,47.29,100,
10:27:43,47.29,300,
10:27:45,47.28,499,
10:27:48,47.278,600,
10:27:49,47.2799,1000,
10:27:51,47.29,149,
10:27:52,47.28,200,
10:27:52,47.28,100,
10:27:53,47.289,100,
10:27:55,47.2829,100,
10:27:56,47.27,200,
10:27:59,47.25,200,
10:28:00,47.23,130,
10:28:03,47.239,500,
10:28:05,47.21,230,
10:28:05,47.21,100,
10:28:05,47.20,400,
10:28:05,47.21,200,
10:28:05,47.2184,100,
10:28:10,47.19,230,
10:28:13,47.19,100,
10:28:17,47.1999,1000,
10:28:18,47.20,100,
10:28:25,47.23,200,
10:28:27,47.21,200,
10:28:27,47.21,300,
10:28:28,47.2199,788,
10:28:35,47.25,230,
10:28:35,47.25,100,
10:28:42,47.20,300,
10:28:54,47.23,100,
10:28:55,47.24,400,
10:28:55,47.24,151,
10:29:03,47.2509,300,
10:29:06,47.25,230,
10:29:09,47.24,100,
10:29:10,47.24,2400,
10:29:20,47.2558,100,
10:29:32,47.31,100,
10:29:32,47.302,2000,
10:29:32,47.34,400,
10:29:32,47.36,100,
10:29:33,47.35,139,
10:29:33,47.33,100,
10:29:33,47.33,230,
10:29:34,47.3442,1900,
10:29:36,47.33,100,
10:29:36,47.34,100,
10:29:42,47.35,200,
10:29:45,47.35,200,
10:29:54,47.356,1000,
10:29:58,47.40,200,
10:30:01,47.41,200,
10:30:02,47.404,1000,
10:30:05,47.42,600,
10:30:05,47.42,100,
10:30:05,47.42,100,
10:30:05,47.42,800,
10:30:06,47.41,100,
10:30:06,47.41,100,
10:30:06,47.41,100,
10:30:07,47.4199,200,
10:30:09,47.4101,1000,
10:30:10,47.43,100,
10:30:11,47.4201,300,
10:30:11,47.4287,500,
10:30:14,47.41,100,
10:30:14,47.40,131,
10:30:14,47.40,280,
10:30:15,47.41,100,
10:30:15,47.41,100,
10:30:15,47.41,318,
10:30:17,47.36,100,
10:30:17,47.36,100,
10:30:17,47.36,100,
10:30:17,47.36,100,
10:30:17,47.3694,800,
10:30:17,47.35,100,
10:30:17,47.35,100,
10:30:17,47.35,100,
10:30:18,47.3401,1000,
10:30:21,47.30,200,
10:30:21,47.30,400,
10:30:21,47.30,300,
10:30:21,47.2818,400,
10:30:23,47.30,100,
10:30:23,47.30,100,
10:30:25,47.3301,200,
10:30:27,47.31,100,
10:30:27,47.29,100,
10:30:29,47.29,100,
10:30:29,47.30,200,
10:30:31,47.31,100,
10:30:31,47.32,200,
10:30:32,47.35,200,
10:30:36,47.284,212,
10:30:42,47.2972,600,
10:30:44,47.28,500,
10:30:44,47.28,300,
10:30:48,47.29,800,
10:30:48,47.29,170,
10:30:49,47.29,100,
10:30:51,47.28,230,
10:30:51,47.28,100,
10:31:01,47.26,230,
10:31:01,47.24,100,
10:31:02,47.26,200,
10:31:03,47.2418,1000,
10:31:04,47.2501,100,
10:31:04,47.25,100,
10:31:04,47.25,100,
10:31:07,47.24,100,
10:31:07,47.241,100,
10:31:08,47.2363,100,
10:31:08,47.23,100,
10:31:10,47.23,100,
10:31:12,47.2118,100,
10:31:14,47.2001,100,
10:31:15,47.219,100,
10:31:25,47.29,300,
10:31:25,47.29,100,
10:31:27,47.28,2500,
10:31:29,47.30,100,
10:31:34,47.26,230,
10:31:34,47.26,200,
10:31:37,47.26,100,
10:31:37,47.26,230,
10:31:38,47.24,100,
10:31:38,47.24,100,
10:31:38,47.24,200,
10:31:38,47.24,100,
10:31:39,47.24,100,
10:31:39,47.23,230,
10:31:45,47.22,800,
10:32:24,47.31,200,
10:32:24,47.31,100,
10:32:31,47.321,1000,
10:32:35,47.32,800,
10:32:35,47.32,300,
10:32:42,47.30,101,
10:32:44,47.289,600,
10:32:48,47.29,200,
10:32:48,47.28,400,
10:32:49,47.32,400,
10:32:49,47.32,100,
10:32:56,47.31,100,
10:32:57,47.31,800,
10:33:04,47.33,200,
10:33:08,47.33,230,
10:33:12,47.34,100,
10:33:21,47.37,400,
10:33:21,47.38,200,
10:33:26,47.38,230,
10:33:34,47.36,500,
10:33:34,47.36,100,
10:33:34,47.36,300,
10:33:35,47.38,100,
10:33:36,47.3858,1692,
10:33:36,47.36,100,
10:33:42,47.40,230,
10:33:42,47.41,400,
10:33:42,47.43,100,
10:33:47,47.44,100,
10:33:47,47.44,200,
10:33:47,47.44,200,
10:33:47,47.45,130,
10:33:47,47.45,200,
10:33:47,47.45,170,
10:33:47,47.45,100,
10:33:47,47.46,400,
10:33:47,47.46,400,
10:33:47,47.46,100,
10:33:47,47.46,200,
10:33:47,47.47,230,
10:33:47,47.47,100,
10:33:47,47.43,100,
10:33:47,47.47,2000,
10:33:48,47.479,800,
10:33:48,47.47,800,
10:33:48,47.4699,500,
10:33:48,47.47,1299,
10:33:48,47.48,900,
10:33:49,47.45,180,
10:33:49,47.46,200,
10:33:49,47.46,292,
10:33:50,47.48,301,
10:33:52,47.4713,600,
10:33:53,47.46,230,
10:34:00,47.441,300,
10:34:02,47.45,500,
10:34:02,47.45,100,
10:34:02,47.45,100,
10:34:04,47.465,3000,
10:34:06,47.45,100,
10:34:08,47.49,200,
10:34:16,47.47,230,
10:34:20,47.51,500,
10:34:20,47.50,5419,
10:34:20,47.51,100,
10:34:20,47.50,100,
10:34:20,47.52,330,
10:34:20,47.52,230,
10:34:20,47.54,200,
10:34:21,47.54,200,
10:34:22,47.55,300,
10:34:22,47.55,205,
10:34:22,47.54,200,
10:34:29,47.5701,800,
10:34:33,47.57,800,
10:34:33,47.57,100,
10:34:33,47.57,200,
10:34:33,47.57,100,
10:34:33,47.57,200,
10:34:33,47.57,230,
10:34:35,47.5787,650,
10:34:35,47.57,230,
10:34:36,47.56,200,
10:34:39,47.5433,1000,
10:34:41,47.53,100,
10:34:41,47.52,600,
10:34:41,47.51,230,
10:34:41,47.50,300,
10:34:41,47.50,100,
10:34:41,47.50,100,
10:34:41,47.50,100,
10:34:42,47.50,140,
10:34:42,47.49,100,
10:34:43,47.49,200,
10:34:43,47.48,100,
10:34:44,47.49,230,
10:34:47,47.49,100,
10:34:49,47.44,230,
10:34:49,47.42,154,
10:34:49,47.42,146,
10:34:49,47.42,100,
10:34:49,47.42,100,
10:34:50,47.4299,1500,
10:34:59,47.41,100,
10:35:03,47.44,300,
10:35:03,47.44,100,
10:35:04,47.47,100,
10:35:08,47.45,230,
10:35:10,47.44,100,
10:35:12,47.4399,200,
10:35:12,47.44,200,
10:35:12,47.4399,300,
10:35:12,47.44,300,
10:35:12,47.44,200,
10:35:15,47.45,100,
10:35:22,47.45,800,
10:35:26,47.4548,300,
10:35:32,47.48,100,
10:35:33,47.4799,200,
10:35:33,47.4747,200,
10:35:33,47.48,200,
10:35:33,47.4747,200,
10:35:33,47.4799,100,
10:35:33,47.48,100,
10:35:40,47.45,200,
10:35:40,47.44,300,
10:35:40,47.43,100,
10:35:40,47.43,400,
10:35:40,47.42,200,
10:35:40,47.41,300,
10:35:41,47.41,300,
10:35:41,47.41,800,
10:35:41,47.41,300,
10:35:41,47.41,100,
10:35:41,47.4199,175,
10:35:42,47.4001,788,
10:35:42,47.40,100,
10:35:43,47.37,200,
10:35:43,47.37,100,
10:35:45,47.40,200,
10:35:45,47.40,100,
10:35:45,47.40,200,
10:35:45,47.40,100,
10:35:45,47.40,200,
10:35:45,47.40,100,
10:35:48,47.40,100,
10:35:48,47.3999,100,
10:35:48,47.3999,100,
10:35:48,47.3999,100,
10:35:48,47.40,100,
10:35:48,47.40,100,
10:35:48,47.3999,100,
10:35:49,47.34,100,
10:35:51,47.34,400,
10:35:51,47.34,100,
10:35:51,47.34,400,
10:35:51,47.33,100,
10:35:51,47.33,230,
10:35:51,47.33,100,
10:35:52,47.35,130,
10:35:57,47.33,100,
10:35:57,47.33,200,
10:35:57,47.33,100,
10:36:03,47.3499,700,
10:36:04,47.34,100,
10:36:05,47.324,100,
10:36:09,47.33,100,
10:36:17,47.329,200,
10:36:18,47.33,200,
10:36:18,47.33,270,
10:36:18,47.33,230,
10:36:20,47.33,339,
10:36:20,47.34,600,
10:36:22,47.35,230,
10:36:27,47.3501,100,
10:36:27,47.34,1099,
10:36:27,47.39,200,
10:36:51,47.389,1400,
10:37:00,47.35,230,
10:37:08,47.37,100,
10:37:08,47.40,100,
10:37:08,47.40,100,
10:37:10,47.38,230,
10:37:10,47.38,400,
10:37:10,47.38,100,
10:37:15,47.37,230,
10:37:23,47.34,400,
10:37:23,47.34,100,
10:37:23,47.34,1200,
10:37:24,47.34,230,
10:37:24,47.34,400,
10:37:25,47.34,400,
10:37:25,47.34,600,
10:37:28,47.341,1000,
10:37:35,47.30,200,
10:37:35,47.34,300,
10:37:35,47.34,200,
10:37:35,47.291,300,
10:37:35,47.291,400,
10:37:37,47.31,230,
10:37:41,47.34,100,
10:37:41,47.34,700,
10:37:48,47.31,230,
10:37:50,47.33,130,
10:38:04,47.33,600,
10:38:10,47.35,200,
10:38:17,47.36,100,
10:38:19,47.36,100,
10:38:24,47.31,400,
10:38:31,47.3213,375,
10:38:37,47.32,200,
10:38:40,47.314,2700,
10:39:01,47.3027,1000,
10:39:12,47.35,400,
10:39:12,47.36,400,
10:39:12,47.35,100,
10:39:12,47.40,100,
10:39:12,47.40,100,
10:39:12,47.40,100,
10:39:13,47.40,230,
10:39:21,47.38,200,
10:39:22,47.43,1100,
10:39:23,47.43,230,
10:39:23,47.43,200,
10:39:23,47.44,200,
10:39:23,47.46,300,
10:39:23,47.46,200,
10:39:23,47.45,170,
10:39:24,47.45,230,
10:39:25,47.42,100,
10:39:26,47.4501,200,
10:39:26,47.45,400,
10:39:26,47.45,100,
10:39:28,47.45,100,
10:39:29,47.46,330,
10:39:29,47.45,100,
10:39:29,47.45,100,
10:39:32,47.469,1400,
10:39:33,47.4342,1800,
10:39:42,47.45,300,
10:39:45,47.45,100,
10:39:45,47.45,100,
10:39:45,47.45,200,
10:39:45,47.44,300,
10:39:54,47.4401,100,
10:39:54,47.44,100,
10:39:56,47.43,230,
10:39:56,47.42,100,
10:40:06,47.43,100,
10:40:06,47.45,1000,
10:40:06,47.45,270,
10:40:07,47.47,100,
10:40:07,47.47,230,
10:40:08,47.47,100,
10:40:11,47.49,200,
10:40:11,47.51,200,
10:40:11,47.50,100,
10:40:11,47.51,400,
10:40:14,47.52,100,
10:40:14,47.53,830,
10:40:16,47.52,100,
10:40:21,47.52,100,
10:40:21,47.52,100,
10:40:21,47.50,600,
10:40:21,47.50,200,
10:40:22,47.50,200,
10:40:24,47.49,300,
10:40:26,47.47,200,
10:40:26,47.48,230,
10:40:26,47.47,230,
10:40:26,47.47,100,
10:40:27,47.45,100,
10:40:27,47.45,300,
10:40:27,47.45,230,
10:40:27,47.45,800,
10:40:29,47.45,100,
10:40:33,47.443,100,
10:40:34,47.42,100,
10:40:34,47.42,100,
10:40:34,47.41,200,
10:40:34,47.41,100,
10:40:38,47.43,400,
10:40:38,47.43,230,
10:40:38,47.43,170,
10:40:41,47.4358,1000,
10:40:41,47.43,300,
10:40:41,47.43,230,
10:40:56,47.43,800,
10:40:56,47.43,100,
10:40:58,47.4091,100,
10:41:05,47.35,230,
10:41:06,47.36,329,
10:41:06,47.36,230,
10:41:11,47.38,230,
10:41:13,47.41,230,
10:41:19,47.40,230,
10:41:20,47.40,200,
10:41:20,47.40,230,
10:41:26,47.39,100,
10:41:28,47.41,230,
10:41:30,47.40,167,
10:41:38,47.3501,230,
10:41:38,47.34,1000,
10:41:42,47.34,400,
10:41:42,47.3401,100,
10:41:42,47.34,500,
10:41:42,47.3401,500,
10:41:42,47.34,100,
10:41:42,47.34,100,
10:41:42,47.3418,100,
10:41:42,47.34,100,
10:41:42,47.34,500,
10:41:46,47.38,230,
10:41:47,47.38,201,
10:41:55,47.36,230,
10:42:07,47.33,100,
10:42:07,47.33,300,
10:42:07,47.33,400,
10:42:07,47.33,200,
10:42:09,47.34,100,
10:42:12,47.31,200,
10:42:12,47.31,230,
10:42:12,47.31,400,
10:42:12,47.31,100,
10:42:12,47.29,300,
10:42:12,47.30,100,
10:42:14,47.27,100,
10:42:14,47.27,100,
10:42:14,47.29,100,
10:42:16,47.2501,200,
10:42:16,47.2402,100,
10:42:17,47.24,100,
10:42:17,47.25,181,
10:42:19,47.24,100,
10:42:19,47.24,100,
10:42:20,47.29,300,
10:42:20,47.27,181,
10:42:20,47.28,100,
10:42:20,47.28,181,
10:42:20,47.28,300,
10:42:20,47.28,100,
10:42:20,47.28,178,
10:42:20,47.28,200,
10:42:20,47.28,230,
10:42:20,47.30,100,
10:42:20,47.29,100,
10:42:20,47.30,100,
10:42:20,47.31,100,
10:42:20,47.31,200,
10:42:20,47.31,230,
10:42:20,47.32,100,
10:42:20,47.32,200,
10:42:20,47.33,100,
10:42:20,47.33,300,
10:42:20,47.33,200,
10:42:20,47.34,100,
10:42:20,47.34,230,
10:42:20,47.34,100,
10:42:20,47.34,500,
10:42:20,47.34,213,
10:42:20,47.33,100,
10:42:20,47.34,162,
10:42:23,47.35,800,
10:42:23,47.33,300,
10:42:23,47.33,100,
10:42:23,47.33,100,
10:42:24,47.32,800,
10:42:25,47.33,100,
10:42:30,47.31,230,
10:42:31,47.33,100,
10:42:34,47.32,230,
10:42:42,47.33,100,
10:42:50,47.30,100,
10:42:51,47.30,800,
10:43:02,47.36,100,
10:43:03,47.36,230,
10:43:07,47.38,130,
10:43:07,47.38,100,
10:43:18,47.40,200,
10:43:25,47.41,100,
10:43:37,47.44,230,
10:43:38,47.47,100,
10:43:38,47.47,100,
10:43:38,47.49,100,
10:43:38,47.49,184,
10:43:38,47.46,200,
10:43:38,47.47,200,
10:43:39,47.48,100,
10:43:44,47.47,230,
10:43:46,47.4702,200,
10:43:46,47.47,800,
10:43:47,47.47,800,
10:43:47,47.47,230,
10:43:47,47.47,230,
10:43:49,47.445,2000,
10:44:01,47.43,100,
10:44:06,47.40,400,
10:44:13,47.41,200,
10:44:13,47.41,100,
10:44:13,47.40,200,
10:44:15,47.43,100,
10:44:20,47.42,200,
10:44:20,47.42,230,
10:44:20,47.42,100,
10:44:29,47.4258,300,
10:44:55,47.44,400,
10:44:55,47.44,200,
10:45:04,47.45,200,
10:45:04,47.45,230,
10:45:05,47.46,300,
10:45:14,47.45,400,
10:45:15,47.48,100,
10:45:15,47.48,100,
10:45:15,47.48,100,
10:45:15,47.48,100,
10:45:15,47.49,300,
10:45:16,47.48,100,
10:45:17,47.50,600,
10:45:18,47.485,2000,
10:45:18,47.47,230,
10:45:18,47.47,100,
10:45:23,47.44,200,
10:45:23,47.44,230,
10:45:31,47.4599,200,
10:45:35,47.48,200,
10:45:35,47.49,100,
10:45:35,47.49,100,
10:45:35,47.48,100,
10:45:38,47.49,230,
10:45:39,47.50,230,
10:45:39,47.51,130,
10:45:40,47.52,200,
10:45:40,47.5199,500,
10:45:43,47.52,2400,
10:45:45,47.50,230,
10:45:45,47.50,230,
10:45:46,47.48,400,
10:45:54,47.52,100,
10:45:58,47.53,100,
10:46:00,47.52,300,
10:46:02,47.54,900,
10:46:05,47.54,100,
10:46:08,47.549,400,
10:46:10,47.549,1000,
10:46:11,47.55,300,
10:46:11,47.58,100,
10:46:11,47.57,100,
10:46:11,47.59,200,
10:46:11,47.59,100,
10:46:11,47.61,200,
10:46:11,47.58,1100,
10:46:11,47.60,200,
10:46:11,47.60,100,
10:46:11,47.60,100,
10:46:13,47.58,100,
10:46:13,47.58,200,
10:46:13,47.58,230,
10:46:14,47.589,300,
10:46:17,47.59,100,
10:46:18,47.59,100,
10:46:24,47.60,300,
10:46:24,47.60,300,
10:46:24,47.60,300,
10:46:24,47.61,230,
10:46:24,47.60,300,
10:46:25,47.63,200,
10:46:25,47.61,739,
10:46:25,47.6003,200,
10:46:26,47.60,230,
10:46:27,47.61,100,
10:46:27,47.61,100,
10:46:27,47.62,100,
10:46:27,47.62,230,
10:46:31,47.6299,100,
10:46:32,47.62,800,
10:46:32,47.61,400,
10:46:32,47.61,145,
10:46:32,47.61,100,
10:46:32,47.60,300,
10:46:32,47.60,100,
10:46:32,47.59,230,
10:46:32,47.60,230,
10:46:32,47.60,600,
10:46:32,47.61,500,
10:46:32,47.62,190,
10:46:32,47.63,200,
10:46:32,47.6101,400,
10:46:32,47.61,100,
10:46:33,47.6153,100,
10:46:33,47.6153,100,
10:46:33,47.61,100,
10:46:33,47.61,100,
10:46:33,47.64,200,
10:46:35,47.66,300,
10:46:35,47.66,300,
10:46:35,47.66,200,
10:46:35,47.66,100,
10:46:35,47.66,200,
10:46:37,47.66,1600,
10:46:42,47.65,100,
10:46:42,47.65,800,
10:46:43,47.68,100,
10:46:43,47.69,100,
10:46:43,47.69,100,
10:46:43,47.69,200,
10:46:43,47.69,300,
10:46:43,47.70,300,
10:46:43,47.70,200,
10:46:44,47.71,350,
10:46:47,47.69,230,
10:46:47,47.70,100,
10:46:49,47.7073,500,
10:46:50,47.691,200,
10:46:52,47.6832,100,
10:46:53,47.68,100,
10:46:54,47.68,300,
10:46:54,47.68,200,
10:46:54,47.68,100,
10:46:54,47.68,100,
10:46:54,47.68,600,
10:46:57,47.68,100,
10:46:57,47.68,100,
10:46:59,47.66,130,
10:47:00,47.67,100,
10:47:01,47.65,100,
10:47:01,47.66,100,
10:47:01,47.64,100,
10:47:01,47.64,230,
10:47:02,47.65,200,
10:47:02,47.65,230,
10:47:02,47.66,200,
10:47:02,47.66,230,
10:47:02,47.66,400,
10:47:04,47.6722,200,
10:47:04,47.6601,300,
10:47:04,47.6601,100,
10:47:04,47.66,300,
10:47:07,47.6858,500,
10:47:10,47.68,301,
10:47:16,47.66,109,
10:47:17,47.65,1000,
10:47:17,47.65,600,
10:47:17,47.65,1000,
10:47:17,47.65,328,
10:47:17,47.65,400,
10:47:17,47.65,600,
10:47:17,47.65,500,
10:47:17,47.65,631,
10:47:17,47.65,369,
10:47:17,47.65,100,
10:47:17,47.63,100,
10:47:17,47.64,400,
10:47:17,47.63,400,
10:47:17,47.63,230,
10:47:17,47.65,871,
10:47:17,47.63,200,
10:47:17,47.62,130,
10:47:17,47.62,170,
10:47:18,47.62,100,
10:47:18,47.64,130,
10:47:18,47.64,100,
10:47:18,47.62,100,
10:47:18,47.62,200,
10:47:18,47.63,200,
10:47:18,47.63,300,
10:47:20,47.64,100,
10:47:20,47.64,600,
10:47:22,47.64,300,
10:47:26,47.64,400,
10:47:27,47.641,100,
10:47:27,47.641,100,
10:47:35,47.65,100,
10:47:35,47.66,230,
10:47:40,47.6601,300,
10:47:45,47.66,200,
10:47:50,47.67,100,
10:47:51,47.72,100,
10:47:52,47.72,400,
10:47:52,47.72,400,
10:47:52,47.699,100,
10:47:56,47.72,100,
10:47:57,47.6882,500,
10:48:01,47.6918,900,
10:48:02,47.69,800,
10:48:04,47.71,190,
10:48:04,47.72,200,
10:48:08,47.73,200,
10:48:09,47.74,100,
10:48:09,47.74,230,
10:48:09,47.74,130,
10:48:11,47.73,750,
10:48:12,47.71,160,
10:48:12,47.71,230,
10:48:13,47.74,4700,
10:48:14,47.70,130,
10:48:19,47.74,130,
10:48:19,47.74,200,
10:48:19,47.74,230,
10:48:20,47.75,130,
10:48:20,47.75,100,
10:48:20,47.74,200,
10:48:20,47.74,500,
10:48:20,47.74,100,
10:48:20,47.74,400,
10:48:20,47.74,1600,
10:48:20,47.74,100,
10:48:20,47.74,300,
10:48:20,47.74,300,
10:48:20,47.74,100,
10:48:20,47.74,100,
10:48:20,47.76,100,
10:48:20,47.74,900,
10:48:20,47.74,300,
10:48:21,47.78,200,
10:48:21,47.78,100,
10:48:21,47.78,200,
10:48:21,47.78,400,
10:48:21,47.78,400,
10:48:21,47.77,230,
10:48:21,47.78,230,
10:48:21,47.80,230,
10:48:21,47.80,400,
10:48:21,47.80,160,
10:48:21,47.80,100,
10:48:21,47.80,100,
10:48:21,47.78,100,
10:48:21,47.82,100,
10:48:21,47.82,200,
10:48:21,47.80,300,
10:48:21,47.79,200,
10:48:21,47.81,100,
10:48:21,47.81,671,
10:48:21,47.81,230,
10:48:21,47.81,100,
10:48:21,47.82,300,
10:48:21,47.82,100,
10:48:21,47.82,200,
10:48:21,47.82,200,
10:48:21,47.82,300,
10:48:21,47.82,100,
10:48:21,47.82,100,
10:48:21,47.81,100,
10:48:22,47.81,100,
10:48:22,47.81,200,
10:48:22,47.82,300,
10:48:22,47.80,100,
10:48:22,47.80,102,
10:48:22,47.79,177,
10:48:25,47.791,600,
10:48:25,47.82,100,
10:48:25,47.82,300,
10:48:25,47.82,100,
10:48:25,47.83,300,
10:48:25,47.83,600,
10:48:25,47.81,500,
10:48:25,47.8046,100,
10:48:25,47.80,100,
10:48:25,47.8045,100,
10:48:25,47.8045,100,
10:48:25,47.80,100,
10:48:26,47.8001,500,
10:48:26,47.80,1600,
10:48:27,47.801,500,
10:48:27,47.8002,3600,
10:48:28,47.83,400,
10:48:28,47.84,300,
10:48:28,47.83,130,
10:48:28,47.83,500,
10:48:28,47.83,160,
10:48:28,47.84,300,
10:48:28,47.82,274,
10:48:28,47.80,2500,
10:48:29,47.8342,700,
10:48:30,47.8398,300,
10:48:33,47.8301,300,
10:48:33,47.83,600,
10:48:33,47.83,500,
10:48:33,47.83,200,
10:48:33,47.8399,100,
10:48:33,47.8399,100,
10:48:33,47.84,100,
10:48:33,47.84,100,
10:48:38,47.8399,1000,
10:48:38,47.84,200,
10:48:38,47.84,100,
10:48:39,47.8599,100,
10:48:39,47.86,100,
10:48:40,47.86,500,
10:48:43,47.83,105,
10:48:43,47.83,100,
10:48:43,47.83,700,
10:48:43,47.82,4400,
10:48:43,47.82,100,
10:48:43,47.80,100,
10:48:44,47.83,300,
10:48:44,47.82,177,
10:48:44,47.84,300,
10:48:44,47.85,400,
10:48:44,47.84,272,
10:48:45,47.84,100,
10:48:45,47.82,400,
10:48:45,47.82,230,
10:48:45,47.81,230,
10:48:45,47.81,200,
10:48:46,47.78,230,
10:48:46,47.77,100,
10:48:46,47.77,200,
10:48:46,47.77,100,
10:48:46,47.77,400,
10:48:46,47.77,100,
10:48:46,47.76,100,
10:48:46,47.76,100,
10:48:46,47.75,100,
10:48:46,47.74,200,
10:48:46,47.74,200,
10:48:46,47.75,100,
10:48:46,47.74,100,
10:48:47,47.74,200,
10:48:47,47.74,300,
10:48:47,47.7399,683,
10:48:47,47.731,100,
10:48:50,47.75,4000,
10:48:54,47.71,230,
10:48:54,47.70,100,
10:48:54,47.72,300,
10:48:54,47.72,200,
10:48:54,47.71,100,
10:48:54,47.71,594,
10:48:54,47.71,100,
10:49:01,47.75,100,
10:49:04,47.761,500,
10:49:04,47.761,100,
10:49:04,47.76,800,
10:49:06,47.7799,325,
10:49:09,47.7858,200,
10:49:11,47.78,230,
10:49:17,47.82,100,
10:49:17,47.82,100,
10:49:17,47.82,300,
10:49:17,47.82,400,
10:49:17,47.81,400,
10:49:17,47.81,230,
10:49:17,47.80,200,
10:49:17,47.80,400,
10:49:17,47.80,230,
10:49:17,47.80,300,
10:49:17,47.80,200,
10:49:17,47.80,100,
10:49:18,47.79,100,
10:49:18,47.79,300,
10:49:18,47.81,500,
10:49:20,47.79,100,
10:49:22,47.81,100,
10:49:22,47.80,100,
10:49:24,47.82,100,
10:49:24,47.801,200,
10:49:26,47.81,100,
10:49:26,47.81,200,
10:49:26,47.81,200,
10:49:26,47.82,100,
10:49:28,47.8482,200,
10:49:28,47.85,200,
10:49:28,47.794,1350,
10:49:29,47.85,400,
10:49:29,47.8523,200,
10:49:29,47.87,400,
10:49:31,47.8501,1000,
10:49:32,47.859,1000,
10:49:34,47.87,100,
10:49:34,47.8671,650,
10:49:36,47.869,300,
10:49:36,47.869,400,
10:49:41,47.81,100,
10:49:41,47.81,230,
10:49:41,47.81,200,
10:49:41,47.81,469,
10:49:41,47.80,200,
10:49:41,47.8009,275,
10:49:44,47.801,100,
10:49:46,47.77,100,
10:49:46,47.77,230,
10:49:46,47.76,100,
10:49:46,47.76,100,
10:49:46,47.76,600,
10:49:47,47.76,100,
10:49:47,47.75,100,
10:49:47,47.75,100,
10:49:47,47.75,200,
10:49:47,47.74,400,
10:49:47,47.75,100,
10:49:47,47.75,800,
10:49:47,47.76,230,
10:49:47,47.76,200,
10:49:49,47.759,200,
10:49:52,47.77,230,
10:49:55,47.79,100,
10:49:58,47.78,230,
10:50:02,47.78,200,
10:50:02,47.7799,100,
10:50:02,47.79,400,
10:50:02,47.80,2961,
10:50:06,47.7711,530,
10:50:08,47.771,300,
10:50:15,47.78,200,
10:50:15,47.78,400,
10:50:15,47.78,200,
10:50:19,47.78,100,
10:50:22,47.79,230,
10:50:32,47.761,1000,
10:50:32,47.77,200,
10:50:34,47.75,201,
10:50:37,47.74,230,
10:50:38,47.75,230,
10:50:45,47.74,100,
10:51:01,47.76,100,
10:51:08,47.78,130,
10:51:11,47.79,230,
10:51:16,47.7982,100,
10:51:16,47.7982,200,
10:51:16,47.80,100,
10:51:16,47.80,200,
10:51:24,47.74,100,
10:51:24,47.74,140,
10:51:30,47.7216,100,
10:51:31,47.7214,500,
10:51:33,47.71,100,
10:51:33,47.71,399,
10:51:36,47.7271,1000,
10:51:40,47.71,100,
10:51:41,47.722,200,
10:51:44,47.68,100,
10:51:44,47.68,100,
10:51:44,47.68,500,
10:51:44,47.68,100,
10:51:44,47.68,100,
10:51:44,47.68,200,
10:51:44,47.67,100,
10:51:45,47.651,700,
10:51:45,47.67,230,
10:51:46,47.6801,230,
10:51:46,47.661,200,
10:51:48,47.69,269,
10:51:49,47.70,230,
10:51:49,47.68,100,
10:51:49,47.6818,230,
10:51:49,47.6818,230,
10:51:57,47.68,200,
10:51:58,47.661,200,
10:51:58,47.661,200,
10:51:58,47.663,1000,
10:52:01,47.72,100,
10:52:01,47.72,306,
10:52:04,47.7399,100,
10:52:08,47.74,130,
10:52:13,47.73,400,
10:52:13,47.73,400,
10:52:13,47.7354,200,
10:52:13,47.73,500,
10:52:13,47.7354,400,
10:52:13,47.7354,500,
10:52:13,47.73,600,
10:52:13,47.73,700,
10:52:13,47.7354,200,
10:52:13,47.7354,400,
10:52:13,47.7354,100,
10:52:13,47.7354,100,
10:52:13,47.7354,100,
10:52:13,47.73,100,
10:52:22,47.7001,100,
10:52:22,47.7046,100,
10:52:25,47.74,300,
10:52:25,47.74,100,
10:52:27,47.72,230,
10:52:30,47.70,100,
10:52:34,47.71,230,
10:52:34,47.73,100,
10:52:34,47.71,100,
10:52:34,47.74,100,
10:52:34,47.74,100,
10:52:40,47.75,132,
10:52:42,47.77,100,
10:52:47,47.78,200,
10:52:48,47.771,100,
10:52:48,47.77,100,
10:52:48,47.77,100,
10:52:49,47.77,300,
10:52:49,47.77,230,
10:52:52,47.7601,100,
10:52:52,47.76,100,
10:52:56,47.7499,500,
10:52:59,47.71,170,
10:52:59,47.71,100,
10:52:59,47.70,100,
10:52:59,47.70,100,
10:52:59,47.70,100,
10:52:59,47.69,400,
10:53:00,47.67,300,
10:53:04,47.68,230,
10:53:24,47.6913,420,
10:53:32,47.67,200,
10:53:41,47.68,270,
10:53:47,47.69,100,
10:53:52,47.6901,300,
10:54:04,47.725,100,
10:54:07,47.74,100,
10:54:12,47.74,130,
10:54:15,47.7498,100,
10:54:15,47.75,100,
10:54:23,47.7682,100,
10:54:40,47.76,4000,
10:54:41,47.77,100,
10:54:43,47.79,200,
10:54:48,47.82,300,
10:54:48,47.82,100,
10:54:48,47.82,1500,
10:54:48,47.82,300,
10:54:48,47.82,1281,
10:54:48,47.82,100,
10:54:59,47.80,400,
10:54:59,47.80,230,
10:55:02,47.78,100,
10:55:02,47.77,230,
10:55:02,47.78,160,
10:55:02,47.78,170,
10:55:02,47.79,200,
10:55:02,47.78,100,
10:55:05,47.76,100,
10:55:05,47.765,100,
10:55:14,47.80,100,
10:55:17,47.82,230,
10:55:17,47.82,230,
10:55:20,47.8018,1000,
10:55:21,47.82,600,
10:55:21,47.82,300,
10:55:23,47.81,400,
10:55:25,47.81,200,
10:55:26,47.81,700,
10:55:26,47.814,500,
10:55:30,47.811,2000,
10:55:30,47.82,100,
10:55:30,47.82,230,
10:55:30,47.82,100,
10:55:30,47.81,230,
10:55:30,47.82,600,
10:55:30,47.82,600,
10:55:30,47.81,100,
10:55:30,47.82,800,
10:55:31,47.82,130,
10:55:31,47.83,100,
10:55:37,47.8499,300,
10:55:37,47.84,142,
10:55:37,47.85,700,
10:55:39,47.8499,1000,
10:55:41,47.8491,545,
10:55:43,47.84,100,
10:55:44,47.8301,1200,
10:55:44,47.83,300,
10:55:44,47.83,100,
10:55:44,47.83,100,
10:55:44,47.831,200,
10:55:46,47.8282,500,
10:55:58,47.79,100,
10:55:58,47.78,300,
10:56:02,47.7601,150,
10:56:11,47.774,500,
10:56:23,47.80,100,
10:56:26,47.82,118,
10:56:31,47.81,362,
10:56:35,47.81,100,
10:56:41,47.79,100,
10:56:41,47.79,200,
10:56:41,47.79,900,
10:56:41,47.79,100,
10:56:44,47.79,100,
10:56:45,47.7901,800,
10:56:45,47.79,230,
10:56:49,47.81,130,
10:56:56,47.80,230,
10:57:02,47.7832,100,
10:57:04,47.78,100,
10:57:11,47.7901,683,
10:57:29,47.78,100,
10:57:37,47.7999,800,
10:57:40,47.78,400,
10:57:40,47.78,100,
10:57:40,47.78,100,
10:57:40,47.78,100,
10:57:40,47.77,100,
10:57:41,47.7742,1800,
10:57:45,47.76,100,
10:57:46,47.72,230,
10:57:46,47.7102,200,
10:57:46,47.711,1000,
10:57:46,47.71,300,
10:57:49,47.73,200,
10:58:00,47.71,130,
10:58:02,47.72,700,
10:58:03,47.72,230,
10:58:08,47.75,100,
10:58:16,47.77,230,
10:58:18,47.79,400,
10:58:18,47.78,130,
10:58:36,47.78,100,
10:58:49,47.79,230,
10:58:51,47.7901,700,
10:58:56,47.77,200,
10:58:56,47.77,200,
10:58:56,47.79,200,
10:58:56,47.79,230,
10:58:56,47.76,400,
10:58:57,47.76,400,
10:59:11,47.7818,100,
10:59:17,47.78,230,
10:59:19,47.78,500,
10:59:19,47.79,100,
10:59:26,47.78,100,
10:59:36,47.78,100,
10:59:36,47.78,100,
10:59:36,47.78,100,
10:59:45,47.79,200,
10:59:45,47.79,100,
10:59:48,47.75,100,
10:59:48,47.75,200,
10:59:53,47.75,100,
11:00:01,47.7302,200,
11:00:01,47.73,100,
11:00:02,47.73,100,
11:00:02,47.7318,100,
11:00:06,47.73,100,
11:00:12,47.81,220,
11:00:23,47.81,100,
11:00:23,47.81,100,
11:00:23,47.83,100,
11:00:23,47.83,230,
11:00:23,47.83,400,
11:00:23,47.83,430,
11:00:23,47.8442,800,
11:00:24,47.82,400,
11:00:24,47.82,230,
11:00:24,47.81,800,
11:00:24,47.82,300,
11:00:25,47.846,200,
11:00:32,47.8287,300,
11:00:34,47.85,200,
11:00:34,47.85,600,
11:00:39,47.84,400,
11:00:44,47.821,833,
11:00:58,47.83,100,
11:00:58,47.82,200,
11:01:01,47.84,200,
11:01:01,47.84,230,
11:01:01,47.84,100,
11:01:18,47.8301,100,
11:01:18,47.8301,600,
11:01:30,47.85,100,
11:01:36,47.86,150,
11:01:39,47.84,400,
11:01:41,47.81,100,
11:01:42,47.8018,100,
11:01:42,47.80,100,
11:01:42,47.80,100,
11:01:47,47.84,100,
11:02:09,47.8189,1000,
11:02:12,47.81,300,
11:02:18,47.82,400,
11:02:18,47.84,300,
11:02:18,47.84,230,
11:02:18,47.84,100,
11:02:19,47.84,100,
11:02:23,47.83,200,
11:02:28,47.82,100,
11:02:28,47.81,100,
11:02:33,47.74,400,
11:02:45,47.7358,1000,
11:02:53,47.75,141,
11:02:53,47.75,100,
11:02:53,47.7499,100,
11:02:53,47.76,2429,
11:03:00,47.75,300,
11:03:00,47.74,230,
11:03:00,47.75,230,
11:03:00,47.75,100,
11:03:00,47.7501,100,
11:03:05,47.741,100,
11:03:19,47.75,200,
11:03:25,47.75,400,
11:03:25,47.75,500,
11:03:32,47.74,230,
11:03:46,47.72,200,
11:03:52,47.75,300,
11:03:52,47.76,100,
11:03:52,47.76,100,
11:03:57,47.76,400,
11:04:01,47.75,100,
11:04:12,47.73,100,
11:04:12,47.744,1000,
11:04:13,47.7201,5000,
11:04:16,47.73,200,
11:04:16,47.73,300,
11:04:16,47.73,230,
11:04:16,47.7401,230,
11:04:18,47.75,200,
11:04:18,47.75,100,
11:04:18,47.75,230,
11:04:18,47.75,100,
11:04:18,47.75,800,
11:04:25,47.76,700,
11:04:33,47.77,100,
11:04:33,47.76,100,
11:04:33,47.76,200,
11:04:37,47.77,800,
11:04:37,47.77,100,
11:04:38,47.77,400,
11:04:40,47.77,200,
11:04:40,47.77,100,
11:04:40,47.71,200,
11:04:40,47.70,100,
11:04:40,47.70,100,
11:04:40,47.70,100,
11:04:40,47.68,100,
11:04:40,47.68,200,
11:04:40,47.67,100,
11:04:41,47.69,100,
11:04:43,47.69,100,
11:04:45,47.7099,100,
11:04:58,47.68,100,
11:05:05,47.68,230,
11:05:05,47.70,100,
11:05:05,47.71,100,
11:05:15,47.73,100,
11:05:15,47.71,300,
11:05:20,47.74,230,
11:05:34,47.70,2000,
11:05:40,47.72,230,
11:05:41,47.711,400,
11:05:46,47.711,500,
11:06:00,47.71,230,
11:06:09,47.75,400,
11:06:10,47.76,400,
11:06:10,47.78,100,
11:06:10,47.77,100,
11:06:10,47.77,800,
11:06:10,47.78,100,
11:06:10,47.77,100,
11:06:18,47.76,100,
11:06:18,47.76,100,
11:06:28,47.76,200,
11:06:28,47.76,230,
11:06:28,47.77,100,
11:06:28,47.7601,200,
11:06:29,47.74,100,
11:06:33,47.76,230,
11:06:33,47.76,300,
11:06:39,47.7718,400,
11:06:42,47.79,100,
11:06:48,47.79,200,
11:06:52,47.781,200,
11:06:52,47.781,200,
11:06:55,47.78,230,
11:06:55,47.77,114,
11:07:07,47.7799,2000,
11:07:23,47.74,100,
11:07:39,47.754,200,
11:07:41,47.73,200,
11:07:41,47.7301,400,
11:07:44,47.73,100,
11:07:44,47.75,130,
11:07:46,47.75,230,
11:07:46,47.75,229,
11:07:47,47.76,130,
11:07:47,47.78,100,
11:07:49,47.78,100,
11:07:50,47.78,100,
11:07:50,47.78,230,
11:07:52,47.77,170,
11:07:52,47.78,300,
11:07:52,47.77,200,
11:07:52,47.77,230,
11:07:52,47.76,200,
11:08:01,47.75,400,
11:08:01,47.74,200,
11:08:07,47.7532,100,
11:08:26,47.78,300,
11:08:26,47.78,230,
11:08:26,47.78,200,
11:08:27,47.78,100,
11:08:35,47.7727,1300,
11:08:40,47.80,199,
11:08:49,47.7811,1000,
11:08:58,47.80,170,
11:09:09,47.80,100,
11:09:21,47.82,100,
11:09:27,47.811,100,
11:09:28,47.84,230,
11:09:28,47.84,100,
11:09:28,47.84,400,
11:09:28,47.84,400,
11:09:28,47.84,600,
11:09:29,47.84,500,
11:09:30,47.83,300,
11:09:30,47.84,230,
11:09:30,47.83,300,
11:09:30,47.83,200,
11:09:42,47.84,100,
11:09:44,47.85,536,
11:09:46,47.85,464,
11:09:46,47.87,100,
11:09:46,47.86,400,
11:09:48,47.88,200,
11:09:48,47.88,230,
11:09:48,47.90,100,
11:09:48,47.90,100,
11:09:48,47.87,300,
11:09:48,47.88,100,
11:09:48,47.8901,100,
11:09:48,47.90,600,
11:09:48,47.90,100,
11:09:48,47.90,1300,
11:09:48,47.90,100,
11:09:48,47.8995,2000,
11:09:48,47.90,300,
11:09:48,47.862,600,
11:09:50,47.90,100,
11:09:50,47.89,100,
11:09:50,47.89,700,
11:09:51,47.881,100,
11:09:51,47.881,230,
11:09:53,47.90,100,
11:09:53,47.90,400,
11:09:53,47.8901,239,
11:09:53,47.8901,300,
11:09:53,47.89,300,
11:09:53,47.89,400,
11:09:53,47.89,400,
11:09:53,47.8901,400,
11:09:53,47.8901,100,
11:09:54,47.90,100,
11:09:54,47.90,500,
11:09:54,47.90,240,
11:09:54,47.90,610,
11:09:54,47.91,100,
11:09:55,47.92,400,
11:09:55,47.93,365,
11:09:55,47.93,100,
11:09:56,47.91,100,
11:09:56,47.91,100,
11:09:56,47.9211,100,
11:09:56,47.9211,100,
11:09:56,47.9211,200,
11:09:56,47.9211,200,
11:09:56,47.9211,100,
11:09:56,47.91,100,
11:09:57,47.926,400,
11:09:58,47.9271,500,
11:09:59,47.94,200,
11:09:59,47.94,100,
11:09:59,47.94,800,
11:09:59,47.95,100,
11:09:59,47.95,100,
11:09:59,47.94,230,
11:09:59,47.94,230,
11:09:59,47.94,100,
11:10:00,47.96,100,
11:10:00,47.98,300,
11:10:00,47.98,300,
11:10:00,47.95,100,
11:10:00,47.96,200,
11:10:00,47.96,230,
11:10:00,47.98,230,
11:10:00,47.98,160,
11:10:00,47.98,200,
11:10:00,47.98,200,
11:10:00,47.97,300,
11:10:00,47.98,100,
11:10:00,47.97,400,
11:10:00,47.97,300,
11:10:00,47.98,100,
11:10:00,47.96,100,
11:10:00,47.98,200,
11:10:00,47.97,100,
11:10:00,47.98,100,
11:10:00,47.99,100,
11:10:00,47.99,200,
11:10:00,47.99,200,
11:10:00,48,150,
11:10:00,48,120,
11:10:00,48,230,
11:10:00,47.96,200,
11:10:00,47.99,600,
11:10:00,47.98,200,
11:10:00,47.99,100,
11:10:00,47.98,100,
11:10:00,47.99,200,
11:10:00,47.99,200,
11:10:00,47.99,100,
11:10:00,47.99,100,
11:10:00,47.99,100,
11:10:00,48,100,
11:10:00,48,100,
11:10:01,48,100,
11:10:01,47.98,300,
11:10:01,48,100,
11:10:01,48,100,
11:10:03,48,100,
11:10:03,47.99,800,
11:10:03,47.99,160,
11:10:03,47.98,200,
11:10:03,47.98,100,
11:10:05,48,100,
11:10:06,47.9999,390,
11:10:07,47.98,200,
11:10:07,47.98,300,
11:10:07,47.9801,200,
11:10:07,47.98,100,
11:10:07,47.98,100,
11:10:07,47.98,100,
11:10:07,47.98,100,
11:10:07,47.98,100,
11:10:07,47.9801,1000,
11:10:11,47.98,100,
11:10:11,47.98,200,
11:10:11,47.98,400,
11:10:11,47.98,100,
11:10:11,47.98,200,
11:10:11,47.99,100,
11:10:11,47.98,100,
11:10:16,48,310,
11:10:16,47.9973,310,
11:10:16,47.9973,815,
11:10:19,48,1000,
11:10:23,47.9999,1000,
11:10:23,47.97,130,
11:10:23,47.97,230,
11:10:23,47.97,100,
11:10:25,47.99,200,
11:10:28,47.95,230,
11:10:28,47.95,800,
11:10:28,47.97,100,
11:10:38,47.9501,150,
11:10:38,47.97,500,
11:10:38,47.97,230,
11:10:38,47.97,169,
11:10:43,47.99,200,
11:10:47,47.99,199,
11:10:48,47.99,100,
11:10:54,47.99,230,
11:11:01,48,100,
11:11:02,47.99,203,
11:11:05,47.97,300,
11:11:05,47.97,700,
11:11:08,47.96,100,
11:11:09,47.99,500,
11:11:09,47.99,100,
11:11:09,47.9818,100,
11:11:10,47.964,200,
11:11:13,48,338,
11:11:13,48,400,
11:11:13,48,2000,
11:11:17,47.9987,500,
11:11:19,48.01,100,
11:11:19,48.01,128,
11:11:21,48.02,375,
11:11:22,48.0199,100,
11:11:22,48.01,300,
11:11:24,48.01,200,
11:11:24,48.01,230,
11:11:25,48.01,100,
11:11:25,48.01,400,
11:11:25,48.01,100,
11:11:28,48.01,342,
11:11:28,48,100,
11:11:28,48,100,
11:11:30,47.99,200,
11:11:30,47.99,100,
11:11:30,47.99,300,
11:11:30,48.01,200,
11:11:32,48.0198,100,
11:11:32,48.02,100,
11:11:32,48.02,100,
11:11:35,48.01,100,
11:11:35,48,328,
11:11:35,48.02,100,
11:11:37,48.02,131,
11:11:39,48.03,200,
11:11:39,48.03,230,
11:11:39,48.03,100,
11:11:39,48.03,100,
11:11:39,48.02,230,
11:11:39,48.02,100,
11:11:39,48.01,100,
11:11:41,48.03,230,
11:11:45,48.04,130,
11:11:45,48.03,600,
11:11:45,48.02,400,
11:11:45,48.02,230,
11:11:45,48.01,400,
11:11:45,48.01,230,
11:11:45,48.01,160,
11:11:49,48.0199,100,
11:11:49,48.02,100,
11:12:01,48,300,
11:12:01,48.0002,100,
11:12:03,48.03,400,
11:12:03,48.04,100,
11:12:05,48.04,200,
11:12:05,48.0399,200,
11:12:05,48.0399,100,
11:12:05,48.0399,300,
11:12:05,48.0399,400,
11:12:05,48.0399,200,
11:12:05,48.0399,200,
11:12:05,48.0399,300,
11:12:06,48.031,2400,
11:12:06,48.03,2500,
11:12:10,48.03,230,
11:12:10,48.02,200,
11:12:12,48.02,350,
11:12:14,48.0189,100,
11:12:14,48.0189,100,
11:12:14,48.02,100,
11:12:18,48.01,200,
11:12:20,48.03,800,
11:12:28,48.01,230,
11:12:28,48,100,
11:12:28,48,180,
11:12:28,48,100,
11:12:29,48.02,400,
11:12:29,48.0199,400,
11:12:33,48.016,400,
11:12:33,48,100,
11:12:34,48.004,100,
11:12:37,47.9914,600,
11:12:41,48.0199,400,
11:12:44,48.01,100,
11:12:44,48.01,200,
11:12:46,48,100,
11:12:46,48,400,
11:12:48,48,100,
11:12:51,47.99,230,
11:12:58,48.0099,150,
11:13:16,48,800,
11:13:24,47.98,230,
11:13:24,47.96,300,
11:13:24,47.97,100,
11:13:24,47.97,400,
11:13:24,47.98,100,
11:13:24,47.95,100,
11:13:24,47.95,100,
11:13:24,47.95,100,
11:13:26,47.95,1600,
11:13:30,47.9501,100,
11:13:31,47.97,230,
11:13:31,47.98,400,
11:13:33,47.96,200,
11:13:36,47.96,400,
11:13:48,47.99,100,
11:13:48,47.99,300,
11:13:53,47.99,100,
11:13:54,48,500,
11:14:02,48.01,100,
11:14:02,48.01,300,
11:14:02,48.01,100,
11:14:02,47.99,100,
11:14:02,47.99,230,
11:14:02,47.97,100,
11:14:02,47.97,100,
11:14:02,47.97,100,
11:14:07,47.98,300,
11:14:10,48,200,
11:14:10,47.99,230,
11:14:10,48,100,
11:14:12,47.9918,1000,
11:14:17,47.98,230,
11:14:17,47.98,200,
11:14:22,48.01,300,
11:14:22,48.01,100,
11:14:22,48.02,400,
11:14:23,48,100,
11:14:29,48.01,100,
11:14:32,47.9899,100,
11:14:32,47.99,100,
11:14:38,47.99,171,
11:14:43,47.97,230,
11:14:43,47.97,400,
11:14:50,47.98,130,
11:14:54,47.99,100,
11:14:57,48.01,100,
11:14:59,48.01,230,
11:14:59,48.01,300,
11:15:00,48.01,300,
11:15:07,48.0199,400,
11:15:19,48.019,300,
11:15:19,48.019,300,
11:15:21,48.02,500,
11:15:26,48.029,200,
11:15:26,48.029,200,
11:15:31,48,700,
11:15:31,47.99,800,
11:15:54,48.01,130,
11:15:54,48.01,100,
11:15:54,48,327,
11:15:58,48.0042,300,
11:16:02,47.99,100,
11:16:04,47.99,200,
11:16:15,47.99,230,
11:16:15,47.99,400,
11:16:25,47.97,400,
11:16:25,47.97,230,
11:16:25,47.97,1391,
11:16:31,47.9401,2000,
11:16:32,47.92,300,
11:16:32,47.92,200,
11:16:32,47.91,100,
11:16:32,47.91,100,
11:16:32,47.91,100,
11:16:32,47.90,100,
11:16:32,47.9018,100,
11:16:32,47.90,100,
11:16:35,47.93,800,
11:16:35,47.92,700,
11:16:36,47.9211,100,
11:16:38,47.929,1800,
11:16:39,47.91,200,
11:16:39,47.91,300,
11:16:43,47.93,230,
11:16:43,47.94,400,
11:16:43,47.95,200,
11:16:43,47.96,100,
11:16:43,47.96,100,
11:16:52,47.94,100,
11:16:57,47.9501,100,
11:16:57,47.9501,100,
11:16:57,47.95,100,
11:16:57,47.95,100,
11:16:57,47.95,100,
11:16:57,47.95,100,
11:16:58,47.9501,100,
11:16:59,47.963,300,
11:17:02,47.97,100,
11:17:06,47.96,640,
11:17:06,47.96,130,
11:17:09,47.96,651,
11:17:12,47.98,100,
11:17:12,47.99,230,
11:17:12,47.99,400,
11:17:12,48,200,
11:17:12,48,100,
11:17:12,47.99,100,
11:17:12,47.98,300,
11:17:12,48,400,
11:17:13,47.9958,500,
11:17:29,48.01,325,
11:17:29,48.01,100,
11:17:42,48.011,300,
11:17:43,48.01,400,
11:17:44,48.01,800,
11:17:44,48,700,
11:17:45,48.011,800,
11:17:46,48,300,
11:17:46,47.97,400,
11:17:46,47.97,200,
11:17:48,47.981,100,
11:17:48,47.981,100,
11:17:57,47.99,230,
11:17:57,48,230,
11:17:57,48,175,
11:18:06,48,100,
11:18:06,48,424,
11:18:06,48.01,230,
11:18:09,47.99,100,
11:18:09,47.98,230,
11:18:14,47.96,640,
11:18:19,47.94,100,
11:18:19,47.931,300,
11:18:23,47.93,100,
11:18:58,47.98,230,
11:18:59,47.99,100,
11:18:59,48,100,
11:19:01,47.98,230,
11:19:07,47.98,100,
11:19:16,47.97,100,
11:19:16,47.97,470,
11:19:27,47.96,100,
11:19:34,48,100,
11:19:37,48.01,230,
11:19:37,48.02,100,
11:19:38,48.0027,500,
11:19:53,48,200,
11:19:54,47.98,230,
11:20:04,47.98,100,
11:20:04,47.98,200,
11:20:04,47.98,400,
11:20:08,47.9649,240,
11:20:21,48,230,
11:20:27,48,230,
11:20:28,48.02,200,
11:20:30,48.01,800,
11:20:30,47.99,800,
11:20:47,47.98,230,
11:20:47,47.9801,230,
11:20:47,47.98,600,
11:20:49,47.96,100,
11:20:49,47.96,230,
11:21:01,47.96,100,
11:21:01,47.99,100,
11:21:08,48,399,
11:21:17,47.98,300,
11:21:22,47.9802,2000,
11:21:28,47.98,100,
11:21:32,47.97,800,
11:21:41,47.98,300,
11:21:41,47.99,200,
11:21:45,47.98,230,
11:21:50,47.9842,300,
11:21:51,47.97,800,
11:21:57,47.944,200,
11:21:58,47.94,230,
11:21:58,47.92,100,
11:21:58,47.92,200,
11:21:58,47.92,300,
11:21:58,47.93,800,
11:21:58,47.94,100,
11:21:58,47.94,100,
11:21:58,47.94,230,
11:21:58,47.91,300,
11:21:58,47.92,100,
11:21:58,47.92,800,
11:21:58,47.92,200,
11:21:58,47.91,300,
11:21:58,47.91,230,
11:21:58,47.91,600,
11:21:58,47.91,300,
11:21:58,47.91,600,
11:21:58,47.91,100,
11:21:58,47.92,200,
11:21:58,47.91,100,
11:21:58,47.92,300,
11:21:58,47.91,100,
11:21:58,47.91,600,
11:21:58,47.91,300,
11:22:02,47.881,200,
11:22:09,47.909,1800,
11:22:10,47.89,300,
11:22:20,47.91,230,
11:22:24,47.93,100,
11:22:29,47.93,200,
11:22:29,47.92,100,
11:22:29,47.93,100,
11:22:29,47.95,100,
11:22:36,47.93,230,
11:22:36,47.93,100,
11:22:42,47.9101,100,
11:22:50,47.9401,100,
11:22:50,47.94,100,
11:22:50,47.9453,100,
11:22:50,47.94,100,
11:22:50,47.94,100,
11:22:50,47.94,100,
11:22:50,47.94,200,
11:23:12,47.94,200,
11:23:13,47.95,200,
11:23:18,47.96,390,
11:23:18,47.96,100,
11:23:18,47.98,100,
11:23:18,47.99,200,
11:23:22,47.9868,500,
11:23:26,48,390,
11:23:26,48,399,
11:23:29,47.98,400,
11:23:31,47.98,200,
11:23:35,47.95,300,
11:23:38,47.95,400,
11:23:38,47.95,230,
11:23:38,47.95,100,
11:23:45,47.94,100,
11:23:51,47.9349,150,
11:24:12,47.95,100,
11:24:26,47.94,230,
11:24:48,47.94,130,
11:24:48,47.93,230,
11:24:52,47.8826,1000,
11:24:54,47.88,230,
11:24:54,47.88,100,
11:24:54,47.8701,100,
11:24:54,47.87,100,
11:25:03,47.91,230,
11:25:05,47.92,100,
11:25:10,47.909,1000,
11:25:24,47.90,230,
11:25:26,47.91,100,
11:25:26,47.91,200,
11:25:26,47.91,200,
11:25:27,47.91,100,
11:25:32,47.89,230,
11:25:51,47.88,210,
11:25:57,47.85,100,
11:26:03,47.84,100,
11:26:06,47.84,200,
11:26:07,47.84,700,
11:26:08,47.8329,1670,
11:26:08,47.85,400,
11:26:14,47.83,200,
11:26:14,47.83,100,
11:26:14,47.83,100,
11:26:27,47.8601,100,
11:26:27,47.8601,100,
11:26:27,47.8601,200,
11:26:27,47.8601,100,
11:26:27,47.86,100,
11:26:30,47.86,130,
11:26:33,47.88,200,
11:26:43,47.876,1000,
11:26:56,47.88,500,
11:26:56,47.88,230,
11:26:56,47.90,100,
11:27:01,47.94,230,
11:27:01,47.94,230,
11:27:02,47.9344,100,
11:27:06,47.931,100,
11:27:16,47.96,100,
11:27:16,47.97,100,
11:27:19,47.95,230,
11:27:21,47.94,230,
11:27:34,47.98,230,
11:27:34,47.98,400,
11:27:36,47.9601,500,
11:27:36,47.98,100,
11:27:36,47.99,200,
11:27:39,47.98,200,
11:27:41,47.97,100,
11:27:41,47.97,600,
11:27:41,47.97,300,
11:27:41,47.97,100,
11:27:43,47.97,230,
11:27:45,47.979,200,
11:27:58,47.9899,131,
11:28:01,47.9842,900,
11:28:04,47.99,300,
11:28:05,47.96,230,
11:28:11,47.9699,100,
11:28:19,47.99,130,
11:28:22,47.99,230,
11:28:22,48.01,300,
11:28:22,48.01,300,
11:28:22,48,590,
11:28:22,48,300,
11:28:22,48,200,
11:28:22,48.01,230,
11:28:22,48.01,400,
11:28:24,48,599,
11:28:31,47.95,230,
11:28:31,47.94,230,
11:28:39,47.94,230,
11:28:43,47.936,500,
11:28:53,47.97,230,
11:28:56,47.98,199,
11:28:56,47.98,210,
11:28:56,47.98,200,
11:28:56,47.99,230,
11:28:56,47.99,199,
11:28:58,47.9999,3000,
11:29:02,48,101,
11:29:02,48,400,
11:29:02,48,100,
11:29:02,48,100,
11:29:02,48,100,
11:29:02,48,100,
11:29:03,48,100,
11:29:03,48,100,
11:29:03,48,200,
11:29:04,48,230,
11:29:05,47.97,600,
11:29:07,47.9899,200,
11:29:19,47.974,200,
11:29:19,47.97,200,
11:29:19,47.97,200,
11:29:22,47.97,230,
11:29:25,47.9899,500,
11:29:25,47.9899,200,
11:29:25,47.9899,100,
11:29:34,47.9501,100,
11:29:36,47.95,230,
11:29:39,47.9141,1000,
11:29:53,47.95,200,
11:29:53,47.95,200,
11:29:55,47.95,600,
11:29:55,47.95,200,
11:29:55,47.95,300,
11:29:55,47.95,300,
11:29:55,47.94,100,
11:29:55,47.94,130,
11:29:59,47.9558,500,
11:31:01,47.97,100,
11:31:14,47.97,200,
11:31:23,48,230,
11:31:26,47.99,200,
11:31:27,48,170,
11:31:31,48.01,100,
11:31:31,48.01,170,
11:31:31,48.01,400,
11:31:31,48.02,100,
11:31:31,48.03,100,
11:31:31,48.01,100,
11:31:32,48.02,230,
11:31:32,48.03,500,
11:31:32,48.02,300,
11:31:32,48.0299,700,
11:31:37,48.0118,1000,
11:31:38,48.0299,100,
11:31:38,48.029,2000,
11:31:39,48.0299,500,
11:31:39,48.029,1000,
11:31:43,48.05,200,
11:31:43,48.04,100,
11:31:44,48.0371,500,
11:31:46,48.04,1600,
11:31:46,48.06,100,
11:31:47,48.05,200,
11:31:48,48.06,200,
11:31:48,48.07,100,
11:31:48,48.07,220,
11:31:48,48.06,200,
11:31:48,48.07,369,
11:31:49,48.07,400,
11:31:52,48.09,100,
11:31:52,48.09,300,
11:31:52,48.09,300,
11:31:52,48.08,230,
11:31:52,48.08,192,
11:31:52,48.0701,200,
11:31:54,48.10,100,
11:31:54,48.10,200,
11:31:54,48.10,300,
11:31:54,48.10,300,
11:31:54,48.10,100,
11:31:54,48.10,100,
11:31:54,48.08,600,
11:31:54,48.09,400,
11:31:54,48.09,200,
11:31:54,48.0799,600,
11:31:54,48.08,200,
11:31:54,48.08,800,
11:31:54,48.08,1000,
11:31:54,48.08,200,
11:31:54,48.09,300,
11:31:54,48.08,200,
11:31:54,48.09,130,
11:31:54,48.10,200,
11:31:54,48.10,230,
11:31:54,48.0899,200,
11:31:54,48.0831,100,
11:31:55,48.0871,700,
11:31:57,48.08,161,
11:31:58,48.089,500,
11:32:01,48.08,4900,
11:32:04,48.10,200,
11:32:06,48.1087,1000,
11:32:08,48.10,230,
11:32:08,48.09,230,
11:32:08,48.09,500,
11:32:08,48.0999,150,
11:32:11,48.07,100,
11:32:13,48.079,1800,
11:32:19,48.0742,1000,
11:32:31,48.09,100,
11:32:31,48.09,230,
11:32:45,48.07,100,
11:32:45,48.06,230,
11:32:53,48.08,230,
11:32:53,48.08,230,
11:32:53,48.08,400,
11:32:53,48.0699,100,
11:32:53,48.06,100,
11:32:53,48.06,100,
11:32:58,48.08,230,
11:32:58,48.08,400,
11:33:15,48.09,230,
11:33:15,48.09,400,
11:33:15,48.07,800,
11:33:15,48.07,200,
11:33:15,48.07,800,
11:33:22,48.069,300,
11:33:39,48.07,300,
11:33:41,48.08,230,
11:33:50,48.0501,500,
11:33:54,48.05,100,
11:33:54,48.07,200,
11:33:54,48.06,800,
11:33:59,48.03,400,
11:34:03,48.05,100,
11:34:04,48.05,100,
11:34:05,48.05,100,
11:34:09,48.0212,150,
11:34:12,47.9801,2150,
11:34:12,47.98,700,
11:34:12,47.98,100,
11:34:12,47.96,193,
11:34:12,47.96,114,
11:34:12,47.97,100,
11:34:13,47.95,100,
11:34:13,47.95,200,
11:34:13,47.95,300,
11:34:13,47.97,230,
11:34:13,47.9599,100,
11:34:14,47.97,230,
11:34:15,47.96,300,
11:34:22,47.98,230,
11:34:23,47.99,230,
11:34:26,47.96,100,
11:34:27,47.96,146,
11:34:27,47.98,230,
11:34:27,47.99,100,
11:34:28,47.97,100,
11:34:28,47.97,230,
11:34:49,48.02,200,
11:34:49,48.02,400,
11:34:49,48.02,200,
11:34:51,48.02,100,
11:35:03,48,230,
11:35:04,48,700,
11:35:04,48,230,
11:35:07,47.9991,900,
11:35:18,47.98,154,
11:35:19,47.994,1000,
11:35:25,47.99,330,
11:35:31,47.9848,400,
11:35:33,47.99,100,
11:35:40,47.984,625,
11:36:12,48,400,
11:36:12,48,130,
11:36:12,48,500,
11:36:13,48.02,150,
11:36:13,48.02,400,
11:36:18,48.0148,1300,
11:36:33,48.06,100,
11:36:37,48.06,300,
11:36:37,48.06,200,
11:36:41,48.059,100,
11:36:42,48.07,300,
11:36:49,48.06,100,
11:36:56,48.06,230,
11:36:56,48.07,100,
11:36:56,48.08,8678,
11:36:58,48.061,1200,
11:36:59,48.04,100,
11:37:07,48.07,300,
11:37:09,48.0715,100,
11:37:09,48.0799,100,
11:37:09,48.08,100,
11:37:09,48.08,100,
11:37:09,48.0747,100,
11:37:09,48.08,100,
11:37:09,48.08,100,
11:37:14,48.08,200,
11:37:14,48.09,100,
11:37:41,48.09,100,
11:37:41,48.10,100,
11:37:41,48.11,100,
11:37:43,48.11,230,
11:37:58,48.10,300,
11:37:58,48.10,100,
11:38:03,48.10,100,
11:38:04,48.12,100,
11:38:05,48.12,192,
11:38:05,48.13,100,
11:38:06,48.13,1000,
11:38:18,48.1091,250,
11:38:18,48.11,100,
11:38:18,48.11,100,
11:38:18,48.1089,100,
11:38:18,48.1089,100,
11:38:18,48.11,100,
11:38:20,48.0902,100,
11:38:20,48.09,200,
11:38:20,48.09,100,
11:38:24,48.097,500,
11:38:31,48.14,200,
11:38:31,48.14,100,
11:38:33,48.12,160,
11:38:33,48.11,100,
11:38:34,48.12,100,
11:38:35,48.1216,200,
11:38:41,48.091,1000,
11:38:47,48.116,400,
11:38:52,48.1182,100,
11:38:52,48.12,100,
11:38:52,48.12,100,
11:39:07,48.11,610,
11:39:08,48.1101,400,
11:39:14,48.12,800,
11:39:14,48.12,700,
11:39:20,48.13,200,
11:39:21,48.12,800,
11:39:22,48.12,800,
11:39:22,48.13,200,
11:39:23,48.12,100,
11:39:23,48.12,200,
11:39:23,48.13,200,
11:39:27,48.11,100,
11:39:29,48.094,700,
11:39:31,48.08,288,
11:39:31,48.07,230,
11:39:31,48.08,200,
11:39:31,48.06,288,
11:39:31,48.06,100,
11:39:31,48.06,200,
11:39:31,48.06,100,
11:39:35,48.051,100,
11:39:36,48.0518,1000,
11:39:37,48.07,500,
11:39:37,48.07,200,
11:39:37,48.07,200,
11:39:42,48.07,100,
11:39:47,48.08,200,
11:39:49,48.06,200,
11:39:49,48.06,100,
11:39:49,48.0605,700,
11:39:59,48.07,230,
11:39:59,48.09,230,
11:40:00,48.08,1400,
11:40:10,48.10,230,
11:40:21,48.10,300,
11:40:21,48.10,100,
11:40:21,48.10,100,
11:40:21,48.10,230,
11:40:31,48.1218,500,
11:40:38,48.11,100,
11:40:38,48.11,200,
11:40:46,48.121,100,
11:40:52,48.10,200,
11:40:56,48.12,100,
11:41:05,48.11,100,
11:41:05,48.10,200,
11:41:05,48.10,200,
11:41:12,48.13,100,
11:41:17,48.13,199,
11:41:20,48.15,170,
11:41:22,48.15,200,
11:41:23,48.15,100,
11:41:23,48.15,900,
11:41:24,48.15,400,
11:41:26,48.16,100,
11:41:26,48.15,230,
11:41:26,48.16,100,
11:41:26,48.16,400,
11:41:28,48.1695,3100,
11:41:32,48.18,100,
11:41:32,48.18,100,
11:41:35,48.1601,100,
11:41:36,48.16,200,
11:41:36,48.16,200,
11:41:38,48.16,100,
11:41:40,48.16,230,
11:41:40,48.16,600,
11:41:40,48.15,400,
11:41:40,48.15,300,
11:41:40,48.15,300,
11:41:40,48.15,4400,
11:41:44,48.1699,1000,
11:42:04,48.1614,1000,
11:42:05,48.16,100,
11:42:10,48.17,100,
11:42:15,48.18,300,
11:42:15,48.18,230,
11:42:15,48.18,300,
11:42:16,48.18,100,
11:42:16,48.19,300,
11:42:20,48.16,200,
11:42:21,48.15,120,
11:42:21,48.12,300,
11:42:35,48.12,100,
11:42:38,48.13,100,
11:42:41,48.12,200,
11:42:41,48.11,400,
11:42:41,48.12,200,
11:42:45,48.12,200,
11:42:49,48.09,170,
11:42:53,48.101,500,
11:42:59,48.10,200,
11:42:59,48.10,200,
11:42:59,48.10,100,
11:42:59,48.10,200,
11:42:59,48.10,200,
11:42:59,48.091,100,
11:43:08,48.12,230,
11:43:41,48.13,200,
11:43:43,48.13,100,
11:43:53,48.13,130,
11:44:01,48.14,251,
11:44:04,48.15,230,
11:44:09,48.1498,100,
11:44:09,48.15,200,
11:44:12,48.15,100,
11:44:29,48.14,150,
11:44:42,48.15,200,
11:44:42,48.15,100,
11:44:50,48.14,230,
11:44:50,48.14,230,
11:44:50,48.13,100,
11:44:58,48.12,400,
11:44:58,48.12,230,
11:44:58,48.09,300,
11:44:58,48.10,400,
11:44:58,48.09,200,
11:44:58,48.09,230,
11:44:58,48.09,200,
11:44:58,48.09,300,
11:44:58,48.11,200,
11:44:58,48.09,300,
11:44:58,48.11,400,
11:44:58,48.10,300,
11:44:59,48.08,700,
11:44:59,48.07,200,
11:44:59,48.06,200,
11:44:59,48.05,600,
11:44:59,48.05,300,
11:45:00,48.05,100,
11:45:00,48.06,230,
11:45:00,48.06,200,
11:45:00,48.06,170,
11:45:00,48.08,100,
11:45:00,48.09,230,
11:45:00,48.09,230,
11:45:00,48.10,200,
11:45:00,48.11,230,
11:45:00,48.11,200,
11:45:02,48.13,100,
11:45:04,48.11,400,
11:45:08,48.1001,1500,
11:45:09,48.1001,100,
11:45:12,48.12,100,
11:45:12,48.13,400,
11:45:12,48.13,230,
11:45:12,48.14,230,
11:45:12,48.14,200,
11:45:13,48.15,100,
11:45:14,48.1426,1000,
11:45:16,48.15,200,
11:45:18,48.15,200,
11:45:23,48.13,230,
11:45:25,48.12,230,
11:45:25,48.13,200,
11:45:25,48.12,200,
11:45:25,48.13,400,
11:45:25,48.11,300,
11:45:25,48.11,100,
11:45:25,48.11,100,
11:45:27,48.1101,900,
11:45:33,48.1291,300,
11:45:37,48.11,100,
11:45:55,48.1215,500,
11:45:58,48.1218,1782,
11:46:02,48.15,300,
11:46:02,48.15,230,
11:46:03,48.16,230,
11:46:24,48.18,100,
11:46:28,48.17,100,
11:46:28,48.17,100,
11:46:31,48.17,100,
11:46:31,48.17,100,
11:46:40,48.17,230,
11:46:43,48.16,200,
11:46:43,48.16,299,
11:46:50,48.142,3000,
11:46:53,48.14,100,
11:47:03,48.1401,100,
11:47:03,48.14,500,
11:47:19,48.1501,100,
11:47:19,48.15,100,
11:47:19,48.15,100,
11:47:21,48.1518,100,
11:47:22,48.15,900,
11:47:39,48.17,100,
11:47:39,48.17,350,
11:47:47,48.171,100,
11:47:49,48.17,230,
11:47:54,48.181,200,
11:47:54,48.181,100,
11:48:00,48.18,400,
11:48:09,48.15,100,
11:48:11,48.15,100,
11:48:11,48.15,100,
11:48:12,48.14,300,
11:48:21,48.1301,200,
11:48:21,48.12,200,
11:48:21,48.13,200,
11:48:22,48.12,230,
11:48:22,48.12,700,
11:48:22,48.13,800,
11:48:22,48.13,100,
11:48:22,48.14,230,
11:48:22,48.14,300,
11:48:22,48.14,100,
11:48:22,48.14,100,
11:48:22,48.13,800,
11:48:22,48.13,100,
11:48:27,48.14,100,
11:48:27,48.14,100,
11:48:28,48.1542,200,
11:48:37,48.15,200,
11:48:37,48.15,100,
11:48:38,48.13,100,
11:48:38,48.13,300,
11:48:39,48.13,300,
11:49:04,48.15,200,
11:49:04,48.15,400,
11:49:04,48.15,100,
11:49:15,48.14,100,
11:49:16,48.13,300,
