09:30:02,46.65,600,
09:30:02,46.63,100,
09:30:02,46.63,100,
09:30:04,46.61,1900,
09:30:04,46.6013,125,
09:30:04,46.61,100,
09:30:04,46.631,800,
09:30:07,46.631,800,
09:30:08,46.6406,100,
09:30:12,46.649,600,
09:30:17,46.65,900,
09:30:21,46.5999,200,
09:30:21,46.66,100,
09:30:21,46.6291,100,
09:30:21,46.5501,300,
09:30:22,46.65,150,
09:30:22,46.6672,100,
09:30:22,46.67,100,
09:30:22,46.67,100,
09:30:22,46.67,200,
09:30:22,46.59,300,
09:30:22,46.6201,1000,
09:30:22,46.64,1600,
09:30:23,46.6401,300,
09:30:25,46.6499,100,
09:30:25,46.62,275,
09:30:26,46.66,1400,
09:30:44,46.57,100,
09:30:44,46.56,100,
09:30:46,46.5414,200,
09:30:46,46.50,100,
09:30:46,46.50,200,
09:30:46,46.50,355,
09:30:47,46.52,100,
09:30:51,46.50,600,
09:30:51,46.50,500,
09:30:52,46.47,200,
09:30:52,46.47,100,
09:30:52,46.44,100,
09:30:53,46.43,651,
09:30:54,46.4387,200,
09:30:58,46.3801,2000,
09:30:59,46.40,125,
09:31:04,46.39,100,
09:31:05,46.3775,4000,
09:31:09,46.34,100,
09:31:09,46.3386,900,
09:31:11,46.3199,700,
09:31:11,46.2963,200,
09:31:11,46.299,200,
09:31:13,46.298,2900,
09:31:13,46.25,100,
09:31:16,46.31,1000,
09:31:18,46.30,200,
09:31:18,46.30,200,
09:31:18,46.30,200,
09:31:18,46.30,200,
09:31:18,46.30,200,
09:31:18,46.30,200,
09:31:20,46.2752,250,
09:31:21,46.2556,300,
09:31:21,46.24,300,
09:31:21,46.211,100,
09:31:22,46.21,3700,
09:31:25,46.22,800,
09:31:28,46.2299,1800,
09:31:31,46.2298,300,
09:31:32,46.2495,400,
09:31:36,46.26,400,
09:31:36,46.2514,500,
09:31:36,46.2514,100,
09:31:39,46.2385,1000,
09:31:40,46.249,900,
09:31:44,46.30,100,
09:31:44,46.30,300,
09:31:47,46.328,150,
09:31:52,46.2891,300,
09:31:52,46.289,900,
09:31:52,46.288,4000,
09:31:53,46.27,100,
09:31:56,46.24,100,
09:32:02,46.257,100,
09:32:02,46.259,200,
09:32:03,46.20,100,
09:32:14,46.2201,2363,
09:32:20,46.2268,400,
09:32:22,46.21,300,
09:32:22,46.229,100,
09:32:26,46.20,400,
09:32:26,46.20,400,
09:32:28,46.2016,400,
09:32:28,46.20,100,
09:32:28,46.204,150,
09:32:28,46.219,100,
09:32:30,46.22,400,
09:32:31,46.2599,2000,
09:32:32,46.231,200,
09:32:34,46.233,4900,
09:32:34,46.22,100,
09:32:37,46.2505,1192,
09:32:38,46.2348,100,
09:32:40,46.26,500,
09:32:42,46.2399,300,
09:32:43,46.2346,1000,
09:32:46,46.2595,600,
09:32:50,46.23,400,
09:32:51,46.20,100,
09:32:53,46.20,100,
09:32:54,46.20,300,
09:32:54,46.20,700,
09:33:00,46.2197,500,
09:33:02,46.22,100,
09:33:03,46.19,200,
09:33:06,46.16,600,
09:33:12,46.13,400,
09:33:20,46.1099,400,
09:33:22,46.13,100,
09:33:23,46.1297,100,
09:33:23,46.13,100,
09:33:23,46.13,200,
09:33:23,46.13,100,
09:33:23,46.13,100,
09:33:25,46.118,2000,
09:33:28,46.1173,1500,
09:33:29,46.10,100,
09:33:30,46.1299,151,
09:33:34,46.116,1000,
09:33:34,46.1001,170,
09:33:36,46.12,200,
09:33:37,46.10,200,
09:33:39,46.10,100,
09:33:39,46.07,100,
09:33:39,46.05,100,
09:33:40,46.08,1000,
09:33:42,46.04,275,
09:33:44,46.08,200,
09:33:45,46.04,550,
09:33:48,46.0595,200,
09:33:48,46.06,100,
09:33:48,46.06,100,
09:33:48,46.0599,135,
09:33:48,46.06,100,
09:33:53,46.0699,500,
09:33:53,46.04,500,
09:33:53,46.02,200,
09:33:54,46.01,100,
09:33:54,46.0101,100,
09:33:54,46.0241,250,
09:33:56,46.03,200,
09:33:56,46.03,100,
09:33:57,46.029,200,
09:33:57,46.03,100,
09:33:58,46.03,1125,
09:33:58,46,200,
09:33:58,46,1000,
09:33:59,46,100,
09:33:59,46,200,
09:33:59,46.01,100,
09:33:59,46,100,
09:33:59,46.01,200,
09:33:59,46.01,100,
09:34:00,46,200,
09:34:01,46,1000,
09:34:02,46.0299,1000,
09:34:06,45.972,200,
09:34:06,45.972,100,
09:34:06,45.972,200,
09:34:06,45.972,300,
09:34:06,45.97,200,
09:34:07,45.99,2500,
09:34:12,45.99,300,
09:34:12,45.99,100,
09:34:12,45.99,600,
09:34:14,46.0001,100,
09:34:14,46,100,
09:34:14,46.0001,200,
09:34:14,46,200,
09:34:17,46.0001,100,
09:34:18,46.04,200,
09:34:19,46.014,300,
09:34:20,46.04,800,
09:34:20,46.04,300,
09:34:21,46.04,100,
09:34:22,46.01,100,
09:34:22,46,200,
09:34:22,46.01,100,
09:34:23,46,1017,
09:34:23,46.01,100,
09:34:23,46.01,100,
09:34:23,46.02,100,
09:34:26,46.04,1000,
09:34:29,46.08,200,
09:34:34,46.1014,500,
09:34:36,46.0995,1000,
09:34:36,46.099,200,
09:34:37,46.0941,150,
09:34:39,46.12,100,
09:34:39,46.13,100,
09:34:39,46.15,100,
09:34:40,46.128,1800,
09:34:41,46.139,500,
09:34:41,46.139,200,
09:34:41,46.14,200,
09:34:44,46.135,500,
09:34:44,46.1399,550,
09:34:44,46.1001,250,
09:34:44,46.139,900,
09:34:47,46.109,100,
09:34:48,46.10,100,
09:34:49,46.119,500,
09:34:49,46.119,500,
09:34:49,46.117,500,
09:34:50,46.11,100,
09:34:50,46.109,200,
09:34:55,46.119,100,
09:34:56,46.15,300,
09:34:58,46.10,200,
09:34:58,46.1199,2000,
09:35:00,46.109,100,
09:35:01,46.09,200,
09:35:01,46.09,100,
09:35:02,46.10,200,
09:35:02,46.10,300,
09:35:02,46.0999,200,
09:35:09,46.0746,1200,
09:35:12,46.0898,100,
09:35:12,46.099,200,
09:35:12,46.072,150,
09:35:18,46.0899,500,
09:35:20,46.089,300,
09:35:22,46.0782,200,
09:35:23,46.089,3300,
09:35:23,46.089,1700,
09:35:23,46.089,200,
09:35:23,46.089,200,
09:35:24,46.069,100,
09:35:27,46.07,100,
09:35:30,46.048,400,
09:35:38,46.02,100,
09:35:39,46.02,100,
09:35:39,46.02,800,
09:35:43,46.10,100,
09:35:45,46.0946,400,
09:35:47,46.08,100,
09:35:50,46.01,228,
09:35:51,46.0389,250,
09:35:53,46.03,100,
09:35:53,46.02,700,
09:35:56,46.0195,1000,
09:35:58,46.02,100,
09:35:58,46.02,240,
09:36:00,45.97,500,
09:36:01,46.01,500,
09:36:17,45.95,1170,
09:36:19,45.92,100,
09:36:19,45.92,100,
09:36:22,45.9399,500,
09:36:22,45.93,200,
09:36:23,45.9101,200,
09:36:24,45.9395,150,
09:36:26,45.904,4500,
09:36:26,45.90,300,
09:36:26,45.92,200,
09:36:31,45.97,100,
09:36:32,45.99,240,
09:36:32,45.97,150,
09:36:32,45.97,100,
09:36:34,45.988,500,
09:36:35,45.99,400,
09:36:36,46.01,100,
09:36:36,46.02,200,
09:36:36,46.02,100,
09:36:37,46.02,100,
09:36:37,46.02,1210,
09:36:37,46.03,2000,
09:36:38,46.04,150,
09:36:38,46.04,100,
09:36:40,46.069,200,
09:36:41,46.05,800,
09:36:41,46.049,800,
09:36:42,45.99,200,
09:36:42,45.99,200,
09:36:42,45.99,200,
09:36:42,46.03,240,
09:36:42,46.03,800,
09:36:42,45.99,300,
09:36:43,46,100,
09:36:44,46.05,2100,
09:36:45,46.03,100,
09:36:45,46.03,100,
09:36:46,46.029,400,
09:36:48,46.0192,500,
09:36:53,46.01,100,
09:36:53,46.01,500,
09:36:55,46,1006,
09:36:55,46.003,875,
09:36:56,46,100,
09:37:01,45.98,100,
09:37:03,45.9914,1500,
09:37:07,46.03,600,
09:37:14,46.01,100,
09:37:14,46.01,100,
09:37:17,46,100,
09:37:17,45.98,150,
09:37:18,45.9798,100,
09:37:18,45.989,100,
09:37:20,45.9886,300,
09:37:21,45.97,300,
09:37:23,45.96,240,
09:37:23,45.9695,100,
09:37:29,45.95,100,
09:37:38,46.02,1000,
09:37:38,46.02,2400,
09:37:40,46.02,300,
09:37:40,46.0447,300,
09:37:43,46.07,500,
09:37:46,46.09,900,
09:37:48,46.09,400,
09:37:48,46.11,100,
09:37:48,46.11,100,
09:37:48,46.12,100,
09:37:49,46.12,200,
09:37:52,46.16,100,
09:37:53,46.11,400,
09:37:53,46.10,100,
09:37:53,46.10,100,
09:37:53,46.10,100,
09:37:54,46.14,100,
09:37:55,46.15,100,
09:37:55,46.149,100,
09:37:55,46.139,300,
09:37:56,46.138,300,
09:37:56,46.15,1400,
09:37:56,46.139,300,
09:37:56,46.139,300,
09:37:56,46.139,300,
09:37:56,46.139,300,
09:37:56,46.139,300,
09:37:57,46.15,300,
09:37:59,46.1486,200,
09:38:00,46.16,150,
09:38:00,46.16,100,
09:38:00,46.1895,800,
09:38:02,46.184,300,
09:38:02,46.189,100,
09:38:02,46.189,100,
09:38:02,46.17,240,
09:38:02,46.16,300,
09:38:02,46.14,1100,
09:38:03,46.14,100,
09:38:03,46.14,100,
09:38:03,46.142,100,
09:38:03,46.14,400,
09:38:03,46.14,900,
09:38:03,46.188,1000,
09:38:04,46.16,100,
09:38:04,46.1601,200,
09:38:04,46.1601,100,
09:38:04,46.1601,140,
09:38:04,46.15,3960,
09:38:05,46.18,200,
09:38:05,46.18,300,
09:38:06,46.14,100,
09:38:07,46.15,240,
09:38:09,46.14,1000,
09:38:12,46.16,100,
09:38:14,46.13,100,
09:38:14,46.1201,300,
09:38:15,46.09,600,
09:38:16,46.12,100,
09:38:16,46.10,100,
09:38:17,46.08,100,
09:38:17,46.09,400,
09:38:17,46.08,100,
09:38:17,46.07,300,
09:38:17,46.07,100,
09:38:17,46.09,100,
09:38:17,46.07,100,
09:38:17,46.07,800,
09:38:17,46.0895,100,
09:38:17,46.09,100,
09:38:20,46.1099,100,
09:38:25,46.09,200,
09:38:25,46.08,150,
09:38:25,46.09,150,
09:38:28,46.0812,250,
09:38:30,46.10,100,
09:38:30,46.086,100,
09:38:31,46.0701,500,
09:38:32,46.07,100,
09:38:35,46.07,100,
09:38:35,46.08,300,
09:38:35,46.07,300,
09:38:38,46.09,800,
09:38:39,46.10,150,
09:38:39,46.11,100,
09:38:39,46.11,100,
09:38:41,46.09,200,
09:38:43,46.09,100,
09:38:47,46.0714,200,
09:38:47,46.07,200,
09:38:47,46.07,100,
09:38:47,46.0714,100,
09:38:47,46.0714,100,
09:38:47,46.07,100,
09:38:47,46.07,100,
09:38:48,46.09,350,
09:38:54,46.05,400,
09:38:55,46.04,100,
09:38:55,46.04,100,
09:38:55,46.04,100,
09:38:56,46.06,100,
09:38:57,46.068,450,
09:39:01,46.0616,500,
09:39:02,46.02,100,
09:39:02,46.02,100,
09:39:02,46.02,100,
09:39:07,46.0512,150,
09:39:09,46.02,100,
09:39:13,46.04,100,
09:39:18,46.01,240,
09:39:20,46,100,
09:39:20,46,200,
09:39:21,45.99,400,
09:39:25,45.99,150,
09:39:25,45.99,100,
09:39:25,45.98,100,
09:39:25,45.98,150,
09:39:25,45.98,300,
09:39:25,45.97,100,
09:39:25,45.98,260,
09:39:33,45.97,240,
09:39:33,45.97,800,
09:39:35,45.97,400,
09:39:35,46.02,100,
09:39:35,46.01,240,
09:39:35,46.01,100,
09:39:35,46.02,400,
09:39:35,46.01,100,
09:39:35,46.01,500,
09:39:38,45.99,700,
09:39:38,46,100,
09:39:41,45.968,1030,
09:39:43,45.95,310,
09:39:44,45.97,300,
09:39:44,45.95,400,
09:39:44,45.95,510,
09:39:44,45.97,100,
09:39:44,45.92,400,
09:39:44,45.93,220,
09:39:44,45.92,300,
09:39:44,45.92,300,
09:39:44,45.92,100,
09:39:44,45.92,240,
09:39:44,45.92,300,
09:39:46,45.92,100,
09:39:47,45.91,504,
09:39:49,45.90,489,
09:39:52,45.89,600,
09:39:52,45.88,400,
09:39:52,45.90,240,
09:39:53,45.9074,100,
09:39:53,45.909,200,
09:39:54,45.91,150,
09:39:54,45.92,150,
09:39:55,45.9495,350,
09:39:56,45.97,118,
09:39:56,45.98,100,
09:40:00,45.9695,500,
09:40:07,45.9499,3600,
09:40:14,45.918,400,
09:40:16,45.9395,250,
09:40:17,45.915,1400,
09:40:26,45.92,300,
09:40:29,45.90,100,
09:40:29,45.87,300,
09:40:31,45.85,300,
09:40:32,45.82,300,
09:40:32,45.821,500,
09:40:33,45.82,500,
09:40:34,45.81,200,
09:40:34,45.8176,500,
09:40:35,45.822,500,
09:40:35,45.822,4700,
09:40:37,45.82,100,
09:40:37,45.8001,100,
09:40:37,45.80,100,
09:40:38,45.818,530,
09:40:39,45.8144,100,
09:40:39,45.84,300,
09:40:42,45.802,115,
09:40:43,45.82,100,
09:40:43,45.821,500,
09:40:44,45.83,100,
09:40:44,45.83,100,
09:40:44,45.83,100,
09:40:44,45.84,100,
09:40:50,45.8312,250,
09:40:53,45.85,1895,
09:40:54,45.8086,1000,
09:40:54,45.83,100,
09:40:56,45.8299,400,
09:40:56,45.824,200,
09:40:59,45.86,400,
09:40:59,45.86,400,
09:41:01,45.8441,110,
09:41:01,45.83,100,
09:41:01,45.83,100,
09:41:06,45.83,300,
09:41:16,45.8295,200,
09:41:16,45.80,100,
09:41:17,45.81,100,
09:41:24,45.784,400,
09:41:24,45.789,500,
09:41:25,45.79,600,
09:41:26,45.788,1100,
09:41:26,45.75,231,
09:41:26,45.75,100,
09:41:26,45.75,400,
09:41:26,45.75,100,
09:41:26,45.75,200,
09:41:26,45.75,300,
09:41:26,45.75,576,
09:41:26,45.75,413,
09:41:26,45.788,100,
09:41:28,45.75,1507,
09:41:29,45.79,100,
09:41:31,45.7662,500,
09:41:31,45.7501,250,
09:41:32,45.75,1200,
09:41:37,45.7714,750,
09:41:40,45.80,100,
09:41:40,45.80,300,
09:41:41,45.789,400,
09:41:42,45.77,300,
09:41:43,45.77,100,
09:41:48,45.7695,1000,
09:41:53,45.73,100,
09:41:53,45.729,300,
09:41:56,45.718,150,
09:41:56,45.73,200,
09:41:59,45.716,150,
09:41:59,45.719,100,
09:42:04,45.7086,1000,
09:42:04,45.73,300,
09:42:07,45.70,100,
09:42:11,45.7305,1200,
09:42:17,45.76,1000,
09:42:23,45.725,1000,
09:42:25,45.73,100,
09:42:27,45.72,300,
09:42:29,45.7074,500,
09:42:35,45.7231,100,
09:42:35,45.7231,200,
09:42:36,45.73,200,
09:42:44,45.7295,1200,
09:42:48,45.75,100,
09:42:48,45.80,200,
09:42:49,45.7901,290,
09:42:49,45.76,100,
09:42:50,45.79,200,
09:42:50,45.79,200,
09:42:50,45.79,600,
09:42:50,45.79,200,
09:42:50,45.80,100,
09:42:50,45.8098,400,
09:42:50,45.81,100,
09:42:50,45.79,300,
09:42:52,45.81,100,
09:42:58,45.79,189,
09:42:59,45.806,1000,
09:43:05,45.829,100,
09:43:06,45.83,100,
09:43:06,45.829,200,
09:43:06,45.8239,200,
09:43:13,45.7809,380,
09:43:17,45.781,100,
09:43:19,45.808,300,
09:43:20,45.809,300,
09:43:20,45.809,400,
09:43:21,45.788,200,
09:43:24,45.78,150,
09:43:27,45.7698,100,
09:43:28,45.7814,500,
09:43:34,45.8301,100,
09:43:35,45.8441,100,
09:43:35,45.832,100,
09:43:36,45.832,200,
09:43:37,45.832,300,
09:43:39,45.84,200,
09:43:40,45.8188,150,
09:43:47,45.8901,200,
09:43:47,45.899,300,
09:43:47,45.894,500,
09:43:53,45.87,100,
09:43:59,45.90,100,
09:44:00,45.909,100,
09:44:05,45.9246,887,
09:44:05,45.929,600,
09:44:06,45.9114,1000,
09:44:10,45.919,200,
09:44:12,45.90,100,
09:44:12,45.90,100,
09:44:12,45.88,100,
09:44:19,45.8986,300,
09:44:20,45.904,500,
09:44:21,45.898,300,
09:44:26,45.922,200,
09:44:28,45.939,200,
09:44:28,45.939,200,
09:44:32,45.9591,900,
09:44:34,45.95,100,
09:44:34,45.945,800,
09:44:34,45.95,1400,
09:44:36,45.9214,400,
09:44:44,45.94,400,
09:44:50,45.98,240,
09:44:50,45.96,2500,
09:44:53,45.989,100,
09:44:55,45.989,200,
09:44:55,45.989,200,
09:44:57,46.02,2200,
09:44:58,46.029,200,
09:44:58,46.029,100,
09:44:58,46.03,200,
09:45:00,46,400,
09:45:00,45.99,100,
09:45:00,46.01,100,
09:45:00,46.01,200,
09:45:01,45.97,200,
09:45:08,45.99,150,
09:45:11,46.009,200,
09:45:17,46.012,2000,
09:45:17,46.044,275,
09:45:21,46.04,400,
09:45:22,46.07,100,
09:45:24,46.07,100,
09:45:24,46.042,800,
09:45:29,46,400,
09:45:29,46,150,
09:45:29,46.01,200,
09:45:29,46.01,200,
09:45:33,45.99,250,
09:45:34,45.98,100,
09:45:34,45.96,200,
09:45:34,45.97,100,
09:45:34,45.98,150,
09:45:34,45.97,150,
09:45:34,45.96,100,
09:45:34,45.95,240,
09:45:34,45.9405,1000,
09:45:36,45.942,100,
09:45:41,45.97,100,
09:45:41,45.97,300,
09:45:41,45.97,300,
09:45:41,45.95,100,
09:45:42,45.9695,500,
09:45:43,45.94,700,
09:45:43,45.94,304,
09:45:47,45.95,200,
09:45:48,45.93,200,
09:45:48,45.92,300,
09:45:48,45.92,150,
09:45:48,45.92,100,
09:45:50,45.90,600,
09:45:51,45.88,100,
09:45:51,45.88,100,
09:45:51,45.88,100,
09:45:51,45.89,100,
09:45:52,45.90,100,
09:45:52,45.89,200,
09:45:59,45.85,100,
09:45:59,45.85,200,
09:45:59,45.88,600,
09:46:00,45.86,206,
09:46:00,45.86,300,
09:46:00,45.86,200,
09:46:04,45.86,400,
09:46:10,45.8705,1200,
09:46:21,45.90,400,
09:46:21,45.90,200,
09:46:23,45.94,100,
09:46:23,45.96,600,
09:46:26,45.956,200,
09:46:29,45.94,100,
09:46:29,45.94,100,
09:46:30,45.94,100,
09:46:35,45.94,100,
09:46:35,45.89,150,
09:46:35,45.88,300,
09:46:38,45.8897,700,
09:46:44,45.94,110,
09:46:44,45.94,100,
09:46:44,45.94,100,
09:46:45,45.93,100,
09:46:55,45.91,800,
09:46:55,45.91,650,
09:46:55,45.92,150,
09:46:55,45.93,200,
09:46:56,45.92,100,
09:46:56,45.91,150,
09:46:56,45.91,100,
09:46:56,45.91,100,
09:46:56,45.91,450,
09:46:56,45.91,300,
09:46:56,45.90,400,
09:46:56,45.92,150,
09:47:09,45.93,100,
09:47:14,45.96,400,
09:47:17,45.95,100,
09:47:20,45.968,500,
09:47:21,45.968,300,
09:47:22,45.98,100,
09:47:22,45.98,140,
09:47:24,45.99,200,
09:47:26,46.02,100,
09:47:27,46.014,500,
09:47:28,46.01,200,
09:47:30,45.97,150,
09:47:32,45.965,300,
09:47:36,45.96,100,
09:47:36,45.92,300,
09:47:36,45.92,100,
09:47:47,45.95,200,
09:47:52,45.97,100,
09:47:57,45.98,340,
09:47:58,45.98,100,
09:47:59,46,100,
09:48:01,46.02,100,
09:48:01,46.02,200,
09:48:07,46.04,700,
09:48:09,46.03,100,
09:48:10,46.03,200,
09:48:10,46.03,200,
09:48:10,46.03,150,
09:48:15,46.041,100,
09:48:16,46.0595,1000,
09:48:20,46.0595,500,
09:48:21,46.054,2000,
09:48:24,46.06,300,
09:48:26,46.07,100,
09:48:28,46.07,1000,
09:48:28,46.07,299,
09:48:28,46.08,800,
09:48:29,46.07,100,
09:48:29,46.07,240,
09:48:31,46.09,100,
09:48:32,46.0898,111,
09:48:33,46.07,1600,
09:48:33,46.07,200,
09:48:36,46.06,240,
09:48:36,46.06,400,
09:48:38,46.04,100,
09:48:38,46.04,190,
09:48:38,46.02,100,
09:48:38,46.02,100,
09:48:38,46.02,100,
09:48:38,46.03,150,
09:48:39,46.04,700,
09:48:39,46.04,100,
09:48:39,46.02,100,
09:48:39,46.05,11241,
09:48:41,46.02,335,
09:48:44,46.02,240,
09:48:48,46.05,240,
09:48:50,46.048,500,
09:48:55,46.0201,700,
09:49:06,46.03,100,
09:49:06,46.06,700,
09:49:06,46.06,150,
09:49:06,46.05,800,
09:49:07,46.07,400,
09:49:07,46.07,240,
09:49:08,46.08,160,
09:49:11,46.0741,300,
09:49:15,46.08,200,
09:49:17,46.0688,245,
09:49:18,46.0714,300,
09:49:18,46.0714,100,
09:49:18,46.07,300,
09:49:18,46.07,100,
09:49:21,46.06,100,
09:49:21,46.059,100,
09:49:28,46.01,100,
09:49:28,46.011,100,
09:49:28,46.011,100,
09:49:32,45.99,900,
09:49:36,45.95,400,
09:49:36,45.94,100,
09:49:36,45.95,100,
09:49:37,45.9586,177,
09:49:39,45.94,100,
09:49:41,45.97,100,
09:49:41,45.94,150,
09:49:44,45.94,865,
09:49:53,45.92,200,
09:49:56,45.912,500,
09:50:03,45.9395,1000,
09:50:06,45.91,100,
09:50:09,45.89,200,
09:50:09,45.89,800,
09:50:13,45.85,100,
09:50:13,45.85,100,
09:50:13,45.85,300,
09:50:13,45.85,400,
09:50:13,45.83,400,
09:50:14,45.83,150,
09:50:14,45.83,100,
09:50:17,45.82,100,
09:50:17,45.83,600,
09:50:18,45.836,700,
09:50:18,45.83,200,
09:50:25,45.82,1500,
09:50:26,45.82,150,
09:50:26,45.83,700,
09:50:33,45.79,600,
09:50:34,45.82,250,
09:50:35,45.82,100,
09:50:35,45.82,150,
09:50:35,45.83,210,
09:50:40,45.84,1000,
09:50:47,45.81,100,
09:50:49,45.81,100,
09:50:52,45.80,100,
09:50:52,45.80,240,
09:50:53,45.78,200,
09:50:53,45.78,150,
09:50:53,45.79,100,
09:50:53,45.78,100,
09:50:54,45.7899,2000,
09:50:55,45.79,240,
09:50:57,45.771,300,
09:51:02,45.80,100,
09:51:02,45.80,100,
09:51:02,45.7914,500,
09:51:04,45.81,140,
09:51:07,45.81,300,
09:51:08,45.80,100,
09:51:08,45.78,120,
09:51:08,45.77,200,
09:51:08,45.79,150,
09:51:08,45.79,500,
09:51:08,45.76,250,
09:51:08,45.75,100,
09:51:08,45.81,300,
09:51:08,45.81,100,
09:51:08,45.76,100,
09:51:08,45.76,200,
09:51:10,45.82,400,
09:51:10,45.85,100,
09:51:11,45.79,600,
09:51:13,45.90,120,
09:51:13,45.95,100,
09:51:13,45.93,400,
09:51:13,45.93,300,
09:51:13,45.92,100,
09:51:17,45.94,100,
09:51:23,45.97,300,
09:51:23,45.98,100,
09:51:27,45.99,240,
09:51:27,45.99,149,
09:51:27,45.985,100,
09:51:27,45.974,300,
09:51:27,46.02,200,
09:51:30,46.001,100,
09:51:30,46.001,500,
09:51:31,46.039,110,
09:51:33,46.04,100,
09:51:35,46.0503,200,
09:51:35,46.05,100,
09:51:35,46.05,100,
09:51:35,46.05,400,
09:51:36,46.08,300,
09:51:36,46.08,100,
09:51:36,46.082,700,
09:51:36,46.05,800,
09:51:38,46.05,100,
09:51:39,46.06,150,
09:51:41,46.06,1000,
09:51:41,46.06,400,
09:51:42,46.09,200,
09:51:42,46.09,600,
09:51:44,46.08,200,
09:51:44,46.0814,200,
09:51:44,46.0814,200,
09:51:44,46.08,200,
09:51:44,46.08,200,
09:51:45,46.08,800,
09:51:46,46.10,100,
09:51:49,46.0943,500,
09:51:50,46.10,100,
09:51:52,46.07,200,
09:51:52,46.06,300,
09:51:52,46.06,100,
09:51:52,46.06,200,
09:51:52,46.04,200,
09:51:52,46.04,100,
09:51:53,46.08,100,
09:51:54,46.06,300,
09:51:57,46.04,240,
09:52:01,46.04,200,
09:52:01,46.04,200,
09:52:01,46.04,200,
09:52:01,46.04,100,
09:52:03,46.0343,1000,
09:52:07,46.018,100,
09:52:11,45.952,530,
09:52:12,45.966,100,
09:52:14,45.96,1000,
09:52:15,45.978,100,
09:52:17,45.9601,300,
09:52:19,46.019,100,
09:52:41,45.97,100,
09:52:41,45.97,400,
09:52:42,45.99,200,
09:52:45,46.03,370,
09:52:45,46.03,800,
09:52:47,46.06,100,
09:52:51,46.066,2000,
09:52:51,46.05,500,
09:52:55,46.0901,400,
09:52:56,46.08,100,
09:52:56,46.08,200,
09:52:56,46.0801,500,
09:52:57,46.08,100,
09:53:02,46.09,135,
09:53:04,46.10,2000,
09:53:05,46.051,400,
09:53:06,46.09,240,
09:53:06,46.09,270,
09:53:06,46.08,130,
09:53:06,46.06,100,
09:53:08,46.09,270,
09:53:09,46.071,100,
09:53:17,46.07,646,
09:53:17,46.07,100,
09:53:17,46.07,100,
09:53:20,46.07,300,
09:53:20,46.07,200,
09:53:20,46.07,254,
09:53:31,46.0901,100,
09:53:32,46.11,100,
09:53:33,46.16,100,
09:53:36,46.18,100,
09:53:37,46.1641,300,
09:53:39,46.155,500,
09:53:39,46.174,300,
09:53:42,46.1686,1000,
09:53:43,46.171,100,
09:53:43,46.18,400,
09:53:43,46.18,200,
09:53:45,46.19,500,
09:53:47,46.18,1000,
09:53:49,46.18,100,
09:53:49,46.18,100,
09:53:49,46.21,100,
09:53:49,46.21,100,
09:53:49,46.21,1300,
09:53:49,46.22,100,
09:53:49,46.24,150,
09:53:49,46.24,200,
09:53:50,46.25,1700,
09:53:50,46.25,1700,
09:53:51,46.246,1000,
09:53:52,46.23,310,
09:53:52,46.23,150,
09:53:53,46.27,100,
09:53:53,46.26,100,
09:53:55,46.27,3200,
09:53:55,46.29,150,
09:53:56,46.2705,800,
09:53:57,46.2499,120,
09:53:58,46.27,150,
09:53:59,46.29,3600,
09:53:59,46.27,900,
09:53:59,46.29,500,
09:53:59,46.30,500,
09:54:00,46.30,200,
09:54:03,46.294,500,
09:54:03,46.301,100,
09:54:04,46.32,100,
09:54:05,46.32,100,
09:54:06,46.31,400,
09:54:06,46.301,500,
09:54:06,46.301,500,
09:54:07,46.30,400,
09:54:07,46.30,100,
09:54:07,46.30,100,
09:54:10,46.301,180,
09:54:10,46.301,200,
09:54:11,46.30,100,
09:54:11,46.30,100,
09:54:11,46.304,500,
09:54:14,46.31,300,
09:54:15,46.3014,1000,
09:54:18,46.301,900,
09:54:19,46.324,300,
09:54:19,46.3342,250,
09:54:20,46.34,100,
09:54:23,46.37,150,
09:54:26,46.35,100,
09:54:27,46.37,430,
09:54:30,46.37,400,
09:54:31,46.35,240,
09:54:34,46.34,790,
09:54:34,46.34,2910,
09:54:34,46.35,9800,
09:54:35,46.3201,100,
09:54:42,46.35,200,
09:54:42,46.35,100,
09:54:43,46.3414,120,
09:54:47,46.3359,300,
09:54:50,46.31,100,
09:54:50,46.31,100,
09:54:52,46.3199,500,
09:54:54,46.3099,225,
09:54:55,46.296,100,
09:54:55,46.29,100,
09:54:55,46.3028,500,
09:54:57,46.29,100,
09:54:57,46.29,100,
09:54:57,46.29,300,
09:54:57,46.29,300,
09:54:57,46.30,100,
09:54:59,46.33,1025,
09:54:59,46.33,150,
09:54:59,46.33,275,
09:55:01,46.35,150,
09:55:01,46.36,500,
09:55:03,46.39,400,
09:55:03,46.39,150,
09:55:05,46.40,100,
09:55:06,46.391,200,
09:55:07,46.41,200,
09:55:08,46.41,300,
09:55:08,46.43,2149,
09:55:10,46.40,200,
09:55:10,46.41,1000,
09:55:11,46.39,150,
09:55:11,46.37,100,
09:55:12,46.372,400,
09:55:12,46.36,240,
09:55:12,46.36,300,
09:55:12,46.408,500,
09:55:17,46.351,700,
09:55:18,46.34,100,
09:55:18,46.341,300,
09:55:21,46.36,100,
09:55:23,46.40,240,
09:55:23,46.4001,240,
09:55:24,46.42,100,
09:55:24,46.46,200,
09:55:24,46.46,200,
09:55:24,46.46,200,
09:55:24,46.43,200,
09:55:24,46.49,100,
09:55:24,46.49,200,
09:55:24,46.49,100,
09:55:25,46.48,100,
09:55:25,46.50,100,
09:55:25,46.53,900,
09:55:26,46.54,150,
09:55:26,46.53,100,
09:55:26,46.55,100,
09:55:29,46.56,1000,
09:55:29,46.60,400,
09:55:29,46.60,100,
09:55:29,46.61,400,
09:55:29,46.62,400,
09:55:29,46.61,800,
09:55:29,46.60,400,
09:55:29,46.62,100,
09:55:29,46.62,246,
09:55:29,46.56,300,
09:55:29,46.59,100,
09:55:30,46.59,391,
09:55:30,46.5914,150,
09:55:30,46.59,400,
09:55:31,46.5801,100,
09:55:32,46.58,240,
09:55:32,46.59,1000,
09:55:33,46.55,100,
09:55:33,46.55,150,
09:55:34,46.53,100,
09:55:35,46.54,100,
09:55:35,46.539,100,
09:55:35,46.5398,100,
09:55:37,46.538,1100,
09:55:37,46.51,925,
09:55:37,46.51,150,
09:55:37,46.51,100,
09:55:37,46.50,100,
09:55:38,46.49,100,
09:55:38,46.49,400,
09:55:39,46.52,300,
09:55:42,46.49,200,
09:55:43,46.475,3000,
09:55:43,46.4599,100,
09:55:43,46.48,201,
09:55:44,46.44,240,
09:55:44,46.44,100,
09:55:44,46.45,400,
09:55:47,46.4575,2000,
09:55:48,46.456,100,
09:55:48,46.446,1000,
09:55:50,46.48,100,
09:55:51,46.49,100,
09:55:51,46.49,200,
09:55:52,46.47,300,
09:55:57,46.47,200,
09:55:57,46.4699,800,
09:56:00,46.466,500,
09:56:03,46.452,200,
09:56:05,46.4895,1000,
09:56:06,46.51,150,
09:56:06,46.52,200,
09:56:06,46.52,100,
09:56:06,46.52,200,
09:56:06,46.52,150,
09:56:06,46.52,100,
09:56:06,46.52,172,
09:56:06,46.50,240,
09:56:07,46.54,100,
09:56:08,46.56,300,
09:56:10,46.5799,100,
09:56:11,46.5672,600,
09:56:12,46.59,400,
09:56:12,46.59,100,
09:56:12,46.58,120,
09:56:13,46.5814,177,
09:56:14,46.5802,200,
09:56:14,46.54,100,
09:56:14,46.52,200,
09:56:18,46.58,100,
09:56:18,46.58,150,
09:56:24,46.55,800,
09:56:25,46.57,100,
09:56:25,46.57,250,
09:56:27,46.59,400,
09:56:27,46.60,200,
09:56:27,46.60,150,
09:56:29,46.6001,100,
09:56:30,46.60,100,
09:56:31,46.60,400,
09:56:31,46.58,240,
09:56:33,46.604,1000,
09:56:36,46.60,600,
09:56:38,46.56,100,
09:56:39,46.62,700,
09:56:39,46.62,100,
09:56:42,46.59,100,
09:56:42,46.59,100,
09:56:42,46.59,100,
09:56:42,46.59,100,
09:56:42,46.58,400,
09:56:43,46.62,300,
09:56:44,46.63,325,
09:56:48,46.581,3000,
09:56:48,46.581,3000,
09:56:49,46.58,500,
09:56:49,46.58,100,
09:56:50,46.59,200,
09:56:52,46.58,400,
09:56:52,46.55,500,
09:56:52,46.55,100,
09:56:52,46.55,400,
09:56:53,46.51,100,
09:56:53,46.51,100,
09:56:53,46.51,100,
09:56:53,46.5125,2700,
09:56:54,46.49,150,
09:56:54,46.49,200,
09:56:55,46.48,500,
09:56:55,46.49,200,
09:56:56,46.491,200,
09:56:58,46.492,600,
09:57:01,46.50,100,
09:57:02,46.48,165,
09:57:09,46.54,100,
09:57:13,46.5205,200,
09:57:15,46.53,100,
09:57:24,46.521,700,
09:57:25,46.53,500,
09:57:34,46.55,110,
09:57:34,46.55,100,
09:57:44,46.5301,500,
09:57:49,46.58,100,
09:57:50,46.5743,500,
09:58:11,46.511,2000,
09:58:11,46.511,2000,
09:58:12,46.514,2600,
09:58:15,46.5101,100,
09:58:20,46.51,100,
09:58:22,46.50,100,
09:58:22,46.50,350,
09:58:22,46.49,800,
09:58:22,46.491,200,
09:58:22,46.491,200,
09:58:23,46.49,550,
09:58:24,46.49,296,
09:58:24,46.49,204,
09:58:24,46.49,100,
09:58:24,46.49,204,
09:58:25,46.491,1000,
09:58:26,46.45,100,
09:58:26,46.45,100,
09:58:27,46.39,150,
09:58:28,46.38,200,
09:58:28,46.36,100,
09:58:29,46.3605,400,
09:58:30,46.381,200,
09:58:31,46.39,400,
09:58:31,46.4001,10000,
09:58:31,46.39,200,
09:58:31,46.40,400,
09:58:33,46.39,100,
09:58:33,46.39,100,
09:58:33,46.39,100,
09:58:36,46.44,100,
09:58:38,46.42,100,
09:58:38,46.42,100,
09:58:38,46.42,100,
09:58:38,46.43,400,
09:58:44,46.3901,100,
09:58:44,46.43,300,
09:58:46,46.42,100,
09:58:47,46.44,100,
09:58:48,46.424,300,
09:58:50,46.4101,100,
09:58:54,46.41,100,
09:58:56,46.43,100,
09:58:58,46.40,100,
09:58:58,46.42,100,
09:58:58,46.39,100,
09:58:58,46.39,100,
09:58:58,46.39,100,
09:59:00,46.40,100,
09:59:04,46.399,400,
09:59:22,46.4014,300,
09:59:27,46.42,300,
09:59:30,46.44,100,
09:59:30,46.45,400,
09:59:32,46.4688,200,
09:59:33,46.45,800,
09:59:33,46.45,600,
09:59:35,46.53,100,
09:59:35,46.54,100,
09:59:35,46.54,500,
09:59:36,46.45,100,
09:59:36,46.55,100,
09:59:36,46.549,100,
09:59:37,46.53,100,
09:59:40,46.57,2000,
09:59:45,46.53,2000,
09:59:45,46.53,100,
09:59:50,46.49,100,
09:59:52,46.49,200,
09:59:53,46.49,400,
09:59:59,46.53,100,
10:00:04,46.52,200,
10:00:04,46.52,400,
10:00:04,46.52,300,
10:00:04,46.51,100,
10:00:04,46.52,100,
10:00:04,46.55,100,
10:00:04,46.55,200,
10:00:09,46.52,200,
10:00:09,46.51,300,
10:00:12,46.49,800,
10:00:18,46.50,300,
10:00:18,46.50,700,
10:00:23,46.4997,100,
10:00:28,46.50,200,
10:00:32,46.49,400,
10:00:32,46.50,200,
10:00:32,46.50,200,
10:00:32,46.50,200,
10:00:36,46.5095,650,
10:00:45,46.39,100,
10:00:45,46.38,100,
10:00:45,46.38,100,
10:00:45,46.38,100,
10:00:50,46.38,100,
10:00:54,46.32,100,
10:00:54,46.32,200,
10:00:54,46.32,100,
10:00:54,46.32,100,
10:00:56,46.37,100,
10:00:57,46.32,100,
10:01:02,46.45,100,
10:01:04,46.4202,150,
10:01:09,46.43,100,
10:01:16,46.45,100,
10:01:16,46.50,100,
10:01:16,46.50,300,
10:01:16,46.50,100,
10:01:16,46.52,200,
10:01:16,46.53,100,
10:01:16,46.50,350,
10:01:17,46.50,100,
10:01:20,46.4998,800,
10:01:30,46.38,100,
10:01:30,46.38,500,
10:01:36,46.4368,1000,
10:01:44,46.41,100,
10:01:44,46.41,100,
10:01:54,46.44,400,
10:01:54,46.45,400,
10:02:06,46.49,200,
10:02:12,46.50,200,
10:02:15,46.4919,500,
10:02:21,46.56,100,
10:02:22,46.57,800,
10:02:22,46.57,100,
10:02:23,46.59,400,
10:02:24,46.60,200,
10:02:24,46.60,100,
10:02:24,46.61,100,
10:02:25,46.59,400,
10:02:25,46.61,900,
10:02:25,46.58,400,
10:02:26,46.60,100,
10:02:27,46.62,300,
10:02:27,46.61,600,
10:02:28,46.64,300,
10:02:28,46.66,150,
10:02:28,46.66,100,
10:02:28,46.64,100,
10:02:28,46.65,300,
10:02:29,46.645,2000,
10:02:30,46.69,100,
10:02:31,46.656,1000,
10:02:31,46.69,200,
10:02:32,46.69,200,
10:02:32,46.71,200,
10:02:32,46.71,100,
10:02:32,46.73,200,
10:02:32,46.73,360,
10:02:33,46.731,250,
10:02:34,46.74,100,
10:02:34,46.738,900,
10:02:34,46.75,500,
10:02:37,46.75,500,
10:02:37,46.74,100,
10:02:38,46.75,100,
10:02:39,46.7498,100,
10:02:39,46.75,200,
10:02:42,46.71,375,
10:02:42,46.729,1900,
10:02:42,46.719,1900,
10:02:42,46.67,100,
10:02:42,46.67,150,
10:02:43,46.72,3300,
10:02:45,46.72,150,
10:02:45,46.71,200,
10:02:45,46.70,150,
10:02:46,46.681,400,
10:02:49,46.6503,200,
10:02:49,46.65,100,
10:02:49,46.65,400,
10:02:52,46.65,100,
10:02:52,46.65,100,
10:02:53,46.67,300,
10:02:53,46.6814,100,
10:02:53,46.6814,300,
10:02:58,46.6791,600,
10:03:01,46.64,100,
10:03:02,46.641,400,
10:03:02,46.641,500,
10:03:04,46.642,500,
10:03:06,46.64,240,
10:03:06,46.64,100,
10:03:06,46.67,100,
10:03:11,46.72,100,
10:03:13,46.74,500,
10:03:13,46.72,3000,
10:03:14,46.72,240,
10:03:14,46.72,100,
10:03:15,46.74,150,
10:03:16,46.736,1000,
10:03:16,46.7699,100,
10:03:16,46.78,150,
10:03:16,46.78,100,
10:03:17,46.768,200,
10:03:19,46.7567,400,
10:03:20,46.7812,200,
10:03:20,46.7833,1500,
10:03:22,46.81,100,
10:03:23,46.7941,129,
10:03:25,46.81,150,
10:03:28,46.7999,500,
10:03:29,46.81,100,
10:03:32,46.75,100,
10:03:32,46.75,500,
10:03:32,46.7695,1200,
10:03:36,46.72,100,
10:03:40,46.716,1000,
10:03:41,46.72,200,
10:03:42,46.70,400,
10:03:42,46.70,199,
10:03:42,46.70,100,
10:03:45,46.68,125,
10:03:49,46.75,100,
10:03:49,46.77,100,
10:03:49,46.77,100,
10:03:49,46.77,100,
10:03:49,46.77,100,
10:03:49,46.80,200,
10:03:49,46.81,100,
10:03:49,46.81,200,
10:03:49,46.78,100,
10:03:49,46.78,100,
10:03:51,46.82,100,
10:03:53,46.82,240,
10:03:53,46.81,240,
10:03:53,46.7932,1800,
10:03:56,46.81,250,
10:04:01,46.8001,500,
10:04:02,46.82,200,
10:04:03,46.85,100,
10:04:03,46.85,100,
10:04:03,46.88,120,
10:04:03,46.88,399,
10:04:04,46.8991,400,
10:04:05,46.91,400,
10:04:05,46.90,100,
10:04:08,46.86,210,
10:04:10,46.87,240,
10:04:10,46.87,100,
10:04:11,46.8991,200,
10:04:11,46.88,150,
10:04:11,46.88,300,
10:04:11,46.88,100,
10:04:13,46.884,1000,
10:04:14,46.89,100,
10:04:16,46.89,100,
10:04:19,46.80,200,
10:04:19,46.80,800,
10:04:20,46.78,100,
10:04:20,46.77,100,
10:04:20,46.7601,100,
10:04:20,46.78,100,
10:04:20,46.78,100,
10:04:22,46.764,1000,
10:04:24,46.81,100,
10:04:27,46.783,100,
10:04:27,46.781,300,
10:04:27,46.82,2500,
10:04:28,46.782,1100,
10:04:28,46.83,100,
10:04:29,46.83,100,
10:04:29,46.8298,200,
10:04:29,46.83,300,
10:04:29,46.83,100,
10:04:33,46.8286,500,
10:04:34,46.811,100,
10:04:37,46.8101,500,
10:04:37,46.826,900,
10:04:38,46.84,240,
10:04:39,46.82,240,
10:04:43,46.81,100,
10:04:43,46.82,100,
10:04:45,46.77,100,
10:04:48,46.76,100,
10:04:52,46.802,100,
10:04:52,46.8059,100,
10:04:53,46.80,100,
10:04:54,46.84,100,
10:05:03,46.87,130,
10:05:03,46.87,300,
10:05:03,46.87,200,
10:05:03,46.87,100,
10:05:03,46.89,240,
10:05:03,46.90,100,
10:05:03,46.93,100,
10:05:04,46.95,100,
10:05:04,46.92,100,
10:05:04,46.95,100,
10:05:05,46.92,100,
10:05:06,46.92,100,
10:05:06,46.92,100,
10:05:06,46.9425,100,
10:05:08,46.92,140,
10:05:09,46.90,200,
10:05:09,46.90,200,
10:05:11,46.96,650,
10:05:11,47,100,
10:05:11,47,170,
10:05:11,47,100,
10:05:11,47,100,
10:05:11,47,100,
10:05:11,47,100,
10:05:13,46.99,150,
10:05:13,46.99,100,
10:05:14,47,110,
10:05:14,46.991,100,
10:05:16,47,100,
10:05:16,46.99,400,
10:05:16,46.99,100,
10:05:16,46.99,100,
10:05:16,47.008,100,
10:05:16,46.994,200,
10:05:16,46.99,200,
10:05:16,46.99,100,
10:05:17,47.02,150,
10:05:17,47.01,600,
10:05:19,47.07,100,
10:05:19,47.05,100,
10:05:19,47.05,100,
10:05:19,47.04,100,
10:05:19,47.0501,3600,
10:05:20,47.05,240,
10:05:20,47.0567,340,
10:05:21,47.04,150,
10:05:23,47.07,100,
10:05:23,47.07,240,
10:05:23,47.07,100,
10:05:23,47.10,600,
10:05:24,47.095,500,
10:05:24,47.10,190,
10:05:24,47.09,300,
10:05:25,47.0998,100,
10:05:25,47.091,100,
10:05:26,47.10,600,
10:05:26,47.09,2000,
10:05:26,47.09,2400,
10:05:26,47.06,100,
10:05:26,47.06,100,
10:05:26,47.10,240,
10:05:26,47.11,100,
10:05:26,47.12,100,
10:05:26,47.12,100,
10:05:26,47.13,310,
10:05:26,47.10,100,
10:05:26,47.13,170,
10:05:26,47.13,100,
10:05:27,47.10,150,
10:05:27,47.10,800,
10:05:28,47.085,5300,
10:05:29,47.12,100,
10:05:29,47.086,2700,
10:05:30,47.12,1000,
10:05:31,47.14,100,
10:05:32,47.10,100,
10:05:32,47.10,150,
10:05:34,47.12,500,
10:05:34,47.124,300,
10:05:37,47.08,100,
10:05:37,47.07,399,
10:05:39,47.0795,1500,
10:05:42,47.07,700,
10:05:43,47.07,100,
10:05:43,47.07,1100,
10:05:43,47.07,1100,
10:05:43,47.07,1000,
10:05:43,47.07,600,
10:05:43,47.04,400,
10:05:45,47.03,400,
10:05:45,47.0441,400,
10:05:46,47.05,2500,
10:05:49,47.07,701,
10:05:52,47.0488,150,
10:05:54,47.0401,200,
10:05:55,47.07,400,
10:05:55,47.07,1086,
10:05:57,47.0699,200,
10:05:58,47.06,100,
10:05:59,47.035,100,
10:06:03,47.06,202,
10:06:03,47.06,248,
10:06:07,47.04,100,
10:06:11,47.07,200,
10:06:15,47.06,100,
10:06:16,47.10,100,
10:06:16,47.10,300,
10:06:16,47.1059,200,
10:06:17,47.1014,222,
10:06:20,47.1022,150,
10:06:24,47.12,200,
10:06:25,47.12,100,
10:06:27,47.124,1000,
10:06:28,47.1399,2000,
10:06:28,47.14,1170,
10:06:32,47.15,199,
10:06:32,47.16,120,
10:06:32,47.17,100,
10:06:32,47.17,100,
10:06:32,47.17,100,
10:06:33,47.15,200,
10:06:33,47.15,150,
10:06:33,47.16,240,
10:06:33,47.12,100,
10:06:34,47.13,1100,
10:06:34,47.12,400,
10:06:34,47.12,600,
10:06:34,47.15,100,
10:06:35,47.16,400,
10:06:35,47.16,100,
10:06:36,47.169,100,
10:06:36,47.15,100,
10:06:36,47.15,100,
10:06:36,47.15,200,
10:06:38,47.164,800,
10:06:39,47.132,400,
10:06:40,47.17,5100,
10:06:41,47.159,100,
10:06:42,47.1459,150,
10:06:44,47.156,500,
10:06:47,47.1559,300,
10:06:48,47.17,100,
10:06:49,47.179,200,
10:06:50,47.18,375,
10:06:53,47.18,200,
10:06:56,47.1699,100,
10:06:56,47.17,300,
10:06:56,47.17,100,
10:06:56,47.1695,400,
10:06:58,47.17,150,
10:06:58,47.16,100,
10:06:58,47.17,100,
10:06:59,47.12,100,
10:06:59,47.12,100,
10:06:59,47.12,100,
10:06:59,47.12,100,
10:06:59,47.11,400,
10:06:59,47.12,100,
10:06:59,47.12,100,
10:07:00,47.10,230,
10:07:01,47.072,900,
10:07:01,47.09,100,
10:07:01,47.09,507,
10:07:02,47.10,200,
10:07:04,47.0759,150,
10:07:05,47.11,100,
10:07:05,47.11,200,
10:07:05,47.11,300,
10:07:06,47.10,200,
10:07:06,47.09,150,
10:07:06,47.09,400,
10:07:06,47.10,500,
10:07:07,47.081,700,
10:07:07,47.081,800,
10:07:07,47.13,200,
10:07:07,47.082,500,
10:07:09,47.11,240,
10:07:09,47.11,400,
10:07:10,47.102,200,
10:07:10,47.102,200,
10:07:10,47.10,100,
10:07:10,47.10,200,
10:07:10,47.10,200,
10:07:11,47.09,240,
10:07:11,47.09,400,
10:07:12,47.09,100,
10:07:12,47.09,150,
10:07:12,47.09,300,
10:07:13,47.101,100,
10:07:15,47.08,500,
10:07:16,47.098,100,
10:07:18,47.0886,1000,
10:07:21,47.04,100,
10:07:24,47.06,100,
10:07:26,47.02,240,
10:07:26,47.02,400,
10:07:27,47.02,240,
10:07:27,47.03,400,
10:07:27,47.03,150,
10:07:28,47.02,100,
10:07:32,47.0241,200,
10:07:35,47,2500,
10:07:37,47.0001,2000,
10:07:38,47,100,
10:07:38,47,212,
10:07:38,47,150,
10:07:40,47,350,
10:07:40,47,100,
10:07:40,46.98,150,
10:07:40,46.97,100,
10:07:41,46.97,100,
10:07:42,46.942,400,
10:07:44,46.9595,200,
10:07:45,46.9714,500,
10:07:45,46.95,100,
10:07:45,46.95,100,
10:07:45,46.95,100,
10:07:48,46.94,200,
10:07:50,46.91,340,
10:07:50,46.91,120,
10:07:50,46.92,500,
10:07:50,46.92,500,
10:07:50,46.92,400,
10:07:50,46.92,100,
10:07:50,46.92,900,
10:07:50,46.92,100,
10:07:50,46.87,294,
10:07:50,46.88,100,
10:07:50,46.88,150,
10:07:50,46.87,100,
10:07:50,46.86,700,
10:07:50,46.85,200,
10:07:50,46.87,300,
10:07:51,46.87,120,
10:07:51,46.8515,500,
10:07:51,46.85,200,
10:07:52,46.851,500,
10:07:52,46.87,200,
10:07:53,46.87,200,
10:07:53,46.87,100,
10:07:55,46.854,100,
10:07:56,46.89,150,
10:07:56,46.89,800,
10:07:56,46.87,100,
10:08:00,46.91,300,
10:08:00,46.92,100,
10:08:00,46.92,150,
10:08:00,46.92,100,
10:08:04,46.93,100,
10:08:04,46.92,400,
10:08:04,46.89,100,
10:08:07,46.9001,1000,
10:08:11,46.89,240,
10:08:11,46.89,365,
10:08:14,46.88,240,
10:08:14,46.88,160,
10:08:19,46.90,200,
10:08:19,46.90,100,
10:08:19,46.90,200,
10:08:19,46.90,500,
10:08:27,46.91,150,
10:08:27,46.93,100,
10:08:29,46.94,460,
10:08:33,46.93,600,
10:08:34,46.91,240,
10:08:34,46.91,100,
10:08:39,46.88,200,
10:08:39,46.86,240,
10:08:39,46.86,400,
10:08:43,46.84,500,
10:08:53,46.9214,100,
10:08:54,46.91,1000,
10:08:55,46.90,150,
10:09:05,46.9286,690,
10:09:06,46.96,440,
10:09:06,46.97,100,
10:09:08,46.9599,1800,
10:09:11,46.91,100,
10:09:12,46.94,240,
10:09:12,46.94,190,
10:09:12,46.95,150,
10:09:13,46.95,200,
10:09:17,46.918,600,
10:09:18,46.9441,100,
10:09:18,46.93,100,
10:09:20,46.96,226,
10:09:21,46.99,700,
10:09:23,47,900,
10:09:25,47,100,
10:09:28,47,100,
10:09:28,47.03,200,
10:09:29,47.01,800,
10:09:29,47,150,
10:09:29,47.03,200,
10:09:36,46.9229,300,
10:09:41,46.9395,1500,
10:09:41,46.94,116,
10:09:41,46.95,100,
10:09:41,46.9499,300,
10:09:48,46.98,100,
10:09:51,46.9931,200,
10:09:51,46.98,148,
10:09:51,46.95,100,
10:09:52,46.92,150,
10:09:52,46.96,240,
10:09:52,46.97,2060,
10:09:52,46.9309,300,
10:09:55,46.9691,1600,
10:10:02,46.97,100,
10:10:02,46.97,100,
10:10:07,46.93,100,
10:10:10,46.91,600,
10:10:11,46.911,100,
10:10:12,46.9209,300,
10:10:13,46.958,100,
10:10:13,46.958,700,
10:10:15,46.94,350,
10:10:17,46.91,300,
10:10:17,46.91,111,
10:10:22,46.91,300,
10:10:24,46.9101,150,
10:10:27,46.91,400,
10:10:27,46.91,100,
10:10:27,46.91,600,
10:10:27,46.91,525,
10:10:27,46.91,100,
10:10:27,46.91,100,
10:10:27,46.91,100,
10:10:27,46.91,700,
10:10:27,46.91,300,
10:10:27,46.91,560,
10:10:29,46.87,500,
10:10:30,46.81,100,
10:10:30,46.80,100,
10:10:30,46.80,100,
10:10:30,46.80,400,
10:10:30,46.80,400,
10:10:30,46.80,800,
10:10:30,46.80,400,
10:10:31,46.80,500,
10:10:32,46.83,729,
10:10:43,46.8403,100,
10:10:43,46.85,100,
10:10:43,46.8203,100,
10:10:45,46.78,300,
10:10:46,46.80,1000,
10:10:48,46.82,100,
10:10:49,46.78,400,
10:10:51,46.76,100,
10:10:53,46.77,1000,
10:10:53,46.76,100,
10:10:55,46.7599,500,
10:10:56,46.73,400,
10:10:57,46.7384,100,
10:10:57,46.73,300,
10:10:57,46.73,700,
10:10:58,46.73,400,
10:10:58,46.73,400,
10:10:58,46.73,100,
10:10:58,46.74,300,
10:10:58,46.74,200,
10:10:58,46.70,100,
10:10:58,46.70,100,
10:10:58,46.70,100,
10:10:58,46.68,250,
10:10:58,46.70,100,
10:10:58,46.73,100,
10:10:59,46.70,100,
10:10:59,46.68,100,
10:10:59,46.6848,200,
10:11:00,46.70,200,
10:11:00,46.73,200,
10:11:01,46.71,300,
10:11:02,46.73,100,
10:11:03,46.72,150,
10:11:04,46.724,300,
10:11:05,46.71,125,
10:11:06,46.71,400,
10:11:10,46.73,100,
10:11:13,46.74,400,
10:11:14,46.7395,200,
10:11:14,46.722,900,
10:11:18,46.76,100,
10:11:18,46.76,700,
10:11:23,46.76,150,
10:11:23,46.77,200,
10:11:23,46.77,400,
10:11:23,46.78,100,
10:11:23,46.78,580,
10:11:23,46.76,300,
10:11:23,46.76,500,
10:11:23,46.76,200,
10:11:23,46.76,100,
10:11:24,46.76,100,
10:11:25,46.77,100,
10:11:26,46.77,100,
10:11:29,46.762,1000,
10:11:33,46.76,800,
10:11:33,46.80,500,
10:11:34,46.80,100,
10:11:34,46.80,100,
10:11:34,46.80,100,
10:11:34,46.82,125,
10:11:38,46.80,600,
10:11:50,46.8706,100,
10:11:50,46.88,100,
10:11:51,46.91,100,
10:11:51,46.91,100,
10:11:51,46.9095,1200,
10:11:56,46.9699,900,
10:11:57,46.96,100,
10:12:00,46.94,100,
10:12:00,46.96,500,
10:12:00,46.96,500,
10:12:00,46.96,100,
10:12:01,46.97,110,
10:12:01,46.96,250,
10:12:02,46.966,500,
10:12:05,46.9402,100,
10:12:07,46.98,100,
10:12:09,46.9501,500,
10:12:10,46.96,100,
10:12:11,46.94,100,
10:12:11,46.96,100,
10:12:17,46.96,200,
10:12:21,46.90,240,
10:12:22,46.85,100,
10:12:22,46.86,100,
10:12:22,46.86,100,
10:12:22,46.86,100,
10:12:29,46.86,140,
10:12:29,46.85,3000,
10:12:31,46.82,272,
10:12:31,46.80,100,
10:12:31,46.80,100,
10:12:31,46.80,100,
10:12:31,46.80,300,
10:12:31,46.79,473,
10:12:31,46.80,127,
10:12:31,46.79,100,
10:12:31,46.80,100,
10:12:31,46.77,900,
10:12:38,46.80,300,
10:12:38,46.80,100,
10:12:58,46.87,110,
10:12:58,46.87,130,
10:12:58,46.86,300,
10:13:04,46.87,100,
10:13:06,46.85,100,
10:13:06,46.80,100,
10:13:06,46.81,100,
10:13:06,46.79,100,
10:13:06,46.79,100,
10:13:09,46.7871,200,
10:13:10,46.81,400,
10:13:11,46.78,200,
10:13:17,46.78,100,
10:13:17,46.78,100,
10:13:17,46.78,300,
10:13:20,46.80,100,
10:13:20,46.80,700,
10:13:20,46.80,300,
10:13:20,46.81,600,
10:13:20,46.82,2270,
10:13:20,46.80,100,
10:13:20,46.79,200,
10:13:27,46.76,150,
10:13:30,46.76,357,
10:13:31,46.71,100,
10:13:37,46.71,200,
10:13:38,46.67,100,
10:13:38,46.67,100,
10:13:38,46.67,100,
10:13:41,46.68,500,
10:13:44,46.69,500,
10:13:46,46.69,200,
10:13:50,46.709,100,
10:13:56,46.738,900,
10:13:57,46.71,150,
10:14:00,46.74,100,
10:14:22,46.73,200,
10:14:32,46.71,400,
10:14:32,46.71,100,
10:14:32,46.71,300,
10:14:32,46.71,300,
10:14:35,46.71,240,
10:14:35,46.71,100,
10:14:35,46.70,100,
10:14:39,46.73,100,
10:14:41,46.77,400,
10:14:42,46.79,150,
10:14:45,46.7899,770,
10:14:49,46.79,315,
10:15:08,46.8101,100,
10:15:16,46.81,150,
10:15:17,46.80,100,
10:15:17,46.80,150,
10:15:26,46.81,240,
10:15:26,46.81,400,
10:15:32,46.82,100,
10:15:34,46.8105,500,
10:15:35,46.83,600,
10:15:35,46.84,100,
10:15:36,46.8799,100,
10:15:37,46.8871,345,
10:15:39,46.87,100,
10:15:40,46.92,600,
10:15:40,46.92,100,
10:15:40,46.94,100,
10:15:40,46.94,100,
10:15:43,46.9214,1000,
10:15:44,46.93,900,
10:15:46,46.96,300,
10:15:46,46.95,100,
10:15:46,46.95,300,
10:15:46,46.94,300,
10:15:46,46.97,100,
10:15:46,46.99,100,
10:15:46,46.98,100,
10:15:46,46.97,200,
10:15:46,47.04,400,
10:15:47,47,100,
10:15:47,47.01,100,
10:15:47,47.05,575,
10:15:48,47.05,100,
10:15:48,47.07,100,
10:15:48,47.07,300,
10:15:48,47.09,100,
10:15:48,47.09,100,
10:15:50,47.08,100,
10:15:50,47.0743,500,
10:15:50,47.06,360,
10:15:51,47.04,100,
10:15:52,47.0401,200,
10:15:52,47.04,700,
10:15:53,47.048,800,
10:15:53,47.056,200,
10:15:54,47.021,300,
10:15:54,47.021,100,
10:15:55,47.04,211,
10:15:55,47.06,300,
10:15:55,47.06,100,
10:15:55,47.06,100,
10:15:55,47.04,300,
10:15:55,47.04,100,
10:15:55,47.06,100,
10:15:55,47.06,800,
10:15:56,47.06,300,
10:15:56,47.05,140,
10:16:01,47.08,100,
10:16:03,47.09,150,
10:16:03,47.09,100,
10:16:03,47.09,100,
10:16:03,47.10,150,
10:16:03,47.10,400,
10:16:03,47.10,100,
10:16:10,47.12,200,
10:16:10,47.12,400,
10:16:10,47.12,400,
10:16:10,47.09,100,
10:16:11,47.0905,1500,
10:16:11,47.11,200,
10:16:13,47.12,100,
10:16:13,47.12,100,
10:16:14,47.0898,5000,
10:16:16,47.0701,200,
10:16:17,47.06,400,
10:16:17,47.06,100,
10:16:17,47.06,150,
10:16:17,47.0248,200,
10:16:17,47.02,200,
10:16:20,47.04,100,
10:16:20,47.06,100,
10:16:21,47.06,200,
10:16:23,47.049,500,
10:16:23,47.04,150,
10:16:23,47.04,100,
10:16:23,47.04,100,
10:16:26,47,1861,
10:16:32,47.02,100,
10:16:32,47.028,300,
10:16:32,47.03,183,
10:16:32,47.03,100,
10:16:32,47,200,
10:16:32,47,100,
10:16:32,47,100,
10:16:35,47.03,100,
10:16:36,47.05,100,
10:16:36,47.06,200,
10:16:39,46.99,100,
10:16:39,46.99,100,
10:16:40,47,100,
10:16:40,47,100,
10:16:41,47.02,300,
10:16:41,47.02,400,
10:16:46,47.04,500,
10:16:59,47.05,260,
10:17:02,47.046,800,
10:17:04,47.03,310,
10:17:04,47.03,150,
10:17:06,47,1000,
10:17:11,47.028,100,
10:17:11,47.03,100,
10:17:11,47.03,100,
10:17:11,47.03,300,
10:17:16,47.0226,900,
10:17:21,47,2000,
10:17:27,46.9847,100,
10:17:28,46.94,100,
10:17:28,46.92,100,
10:17:29,46.92,100,
10:17:32,46.964,100,
10:17:33,46.96,150,
10:17:42,46.9388,100,
10:17:50,46.96,150,
10:17:55,46.97,100,
10:17:55,46.97,200,
10:17:55,46.97,100,
10:17:56,46.97,100,
10:17:58,46.98,300,
10:17:58,47,200,
10:17:58,47,400,
10:18:02,47,100,
10:18:05,46.98,240,
10:18:05,47,300,
10:18:05,47,100,
10:18:06,47,100,
10:18:08,47.02,300,
10:18:14,46.98,240,
10:18:14,47.01,240,
10:18:16,47.02,300,
10:18:17,47.01,150,
10:18:21,46.9986,130,
10:18:21,47,130,
10:18:21,46.97,500,
10:18:28,46.964,1000,
10:18:29,46.99,240,
10:18:33,47.0201,100,
10:18:38,47,150,
10:18:40,47.02,201,
10:18:40,47.02,335,
10:18:40,47.04,100,
10:18:45,47.01,150,
10:18:45,47.02,100,
10:18:48,46.99,575,
10:18:53,47,100,
10:18:53,47,150,
10:18:55,46.97,100,
10:18:55,46.96,100,
10:19:06,46.9559,100,
10:19:19,46.92,100,
10:19:19,46.94,190,
10:19:19,46.94,400,
10:19:19,46.94,150,
10:19:19,46.94,140,
10:19:26,46.936,565,
10:19:29,47.06,100,
10:19:32,47.0101,350,
10:19:32,47.03,130,
10:19:33,47.02,200,
10:19:33,47.04,100,
10:19:33,47.05,400,
10:19:41,47.0005,400,
10:19:42,47,800,
10:19:42,47,200,
10:19:47,47,300,
10:19:47,46.95,200,
10:19:50,46.92,100,
10:19:50,46.92,137,
10:19:51,46.89,1000,
10:19:51,46.90,100,
10:19:59,46.95,300,
10:19:59,46.96,300,
10:20:03,46.97,150,
10:20:08,46.97,3799,
10:20:12,46.91,100,
10:20:12,46.91,100,
10:20:12,46.912,200,
10:20:12,46.91,100,
10:20:12,46.912,200,
10:20:12,46.912,100,
10:20:12,46.91,100,
10:20:17,46.92,240,
10:20:18,46.89,150,
10:20:18,46.89,316,
10:20:18,46.89,300,
10:20:18,46.89,400,
10:20:18,46.87,300,
10:20:18,46.87,500,
10:20:18,46.87,100,
10:20:18,46.87,500,
10:20:18,46.87,100,
10:20:20,46.86,100,
10:20:20,46.86,100,
10:20:27,46.80,400,
10:20:31,46.80,400,
10:20:32,46.82,100,
10:20:32,46.79,200,
10:20:32,46.79,200,
10:20:34,46.82,100,
10:20:37,46.84,100,
10:20:41,46.86,700,
10:20:46,46.77,800,
10:20:46,46.81,118,
10:20:55,46.80,400,
10:20:56,46.80,400,
10:20:56,46.80,400,
10:20:56,46.791,100,
10:20:56,46.82,200,
10:20:57,46.801,240,
10:20:59,46.801,100,
10:20:59,46.801,400,
10:21:03,46.8286,200,
10:21:07,46.771,149,
10:21:07,46.771,100,
10:21:11,46.80,150,
10:21:14,46.81,900,
10:21:22,46.83,200,
10:21:22,46.81,100,
10:21:23,46.84,300,
10:21:23,46.84,400,
10:21:23,46.83,100,
10:21:23,46.81,300,
10:21:23,46.79,150,
10:21:23,46.79,100,
10:21:27,46.72,200,
10:21:27,46.72,400,
10:21:27,46.72,400,
10:21:28,46.74,100,
10:21:29,46.72,240,
10:21:29,46.71,100,
10:21:30,46.71,110,
10:21:32,46.71,190,
10:21:36,46.7399,500,
10:21:39,46.75,100,
10:21:45,46.7697,100,
10:21:45,46.77,200,
10:21:50,46.77,100,
10:21:50,46.77,100,
10:21:54,46.80,100,
10:21:54,46.80,100,
10:21:55,46.84,200,
10:21:57,46.87,100,
10:21:59,46.90,300,
10:22:07,46.8595,1500,
10:22:08,46.80,200,
10:22:09,46.80,100,
10:22:09,46.81,100,
10:22:16,46.85,100,
10:22:23,46.85,240,
10:22:23,46.85,800,
10:22:23,46.84,150,
10:22:23,46.83,150,
10:22:23,46.82,2730,
10:22:34,46.82,100,
10:22:34,46.82,400,
10:22:38,46.80,400,
10:22:40,46.83,400,
10:22:48,46.90,150,
10:22:50,46.83,1040,
10:22:51,46.8574,1200,
10:22:51,46.86,300,
10:22:51,46.86,499,
10:22:54,46.89,100,
10:23:05,46.85,220,
10:23:05,46.85,180,
10:23:09,46.87,400,
10:23:10,46.8505,1000,
10:23:14,46.89,240,
10:23:14,46.90,300,
10:23:17,46.88,320,
10:23:17,46.88,150,
10:23:18,46.86,240,
10:23:18,46.86,180,
10:23:30,46.91,400,
10:23:30,46.91,100,
10:23:41,46.85,100,
10:23:47,46.8199,200,
10:23:54,46.76,100,
10:23:55,46.7601,100,
10:24:12,46.84,150,
10:24:13,46.84,200,
10:24:13,46.86,100,
10:24:13,46.86,100,
10:24:16,46.83,150,
10:24:18,46.81,100,
10:24:35,46.84,100,
10:24:35,46.83,150,
10:24:37,46.79,150,
10:24:42,46.82,240,
10:24:42,46.84,150,
10:24:42,46.85,100,
10:24:42,46.85,100,
10:24:42,46.85,100,
10:24:55,46.8201,200,
10:24:56,46.85,150,
10:25:04,46.85,240,
10:25:05,46.90,150,
10:25:05,46.91,100,
10:25:05,46.91,100,
10:25:08,46.9198,100,
10:25:11,46.84,700,
10:25:11,46.92,100,
10:25:15,46.80,150,
10:25:15,46.80,100,
10:25:17,46.71,100,
10:25:18,46.74,200,
10:25:23,46.83,200,
10:25:32,46.839,130,
10:25:34,46.84,100,
10:25:39,46.84,100,
10:25:39,46.89,190,
10:25:39,46.89,100,
10:25:39,46.89,100,
10:25:39,46.89,100,
10:25:52,46.8709,200,
10:26:13,46.89,100,
10:26:13,46.89,799,
10:26:13,46.90,300,
10:26:13,46.90,100,
10:26:17,46.90,300,
10:26:17,46.90,300,
10:26:17,46.91,300,
10:26:22,46.93,350,
10:26:22,46.94,300,
10:26:24,46.93,400,
10:26:27,46.932,1200,
10:26:31,46.9599,200,
10:26:33,46.98,100,
10:26:33,46.98,100,
10:26:33,46.99,199,
10:26:33,47,100,
10:26:33,47,300,
10:26:34,46.9999,1000,
10:26:35,47.0101,500,
10:26:36,47.03,200,
10:26:36,47.03,200,
10:26:37,47.0241,100,
10:26:39,47.03,240,
10:26:39,47.03,100,
10:26:40,47.03,200,
10:26:42,47.01,200,
10:26:43,47.0299,100,
10:26:44,47.04,700,
10:26:45,47.0246,1000,
10:26:47,47.05,240,
10:26:48,47.05,400,
10:26:48,47.05,150,
10:26:48,47.04,200,
10:26:49,47.03,100,
10:26:51,47.0502,100,
10:26:51,47.05,200,
10:26:53,47.0499,3600,
10:27:06,47.042,100,
10:27:09,47.048,251,
10:27:09,47.04,100,
10:27:14,47.04,100,
10:27:15,47.04,100,
10:27:25,47.06,1000,
10:27:26,47.03,500,
10:27:26,47.03,150,
10:27:26,46.99,100,
10:27:37,47,150,
10:27:37,47,400,
10:27:37,47.02,100,
10:27:37,47.02,100,
10:27:39,47.04,100,
10:27:39,47.02,150,
10:27:43,46.96,300,
10:27:43,46.98,150,
10:27:53,46.9791,108,
10:27:57,47,260,
10:27:58,47.01,100,
10:27:58,47.02,200,
10:27:58,47.03,100,
10:27:59,47.02,100,
10:28:22,47.06,299,
10:28:23,47.07,100,
10:28:27,47.07,300,
10:28:34,47.05,400,
10:28:40,47.0305,350,
10:28:46,47,160,
10:28:46,47.01,100,
10:28:48,47.02,100,
10:28:48,47.02,140,
10:28:48,47.02,300,
10:28:48,47.02,100,
10:28:51,47.05,240,
10:28:51,47.04,300,
10:29:02,47.0399,600,
10:29:05,47.05,200,
10:29:08,47.05,500,
10:29:09,47.026,700,
10:29:18,47.011,100,
10:29:18,47.011,100,
10:29:27,47.04,100,
10:29:31,47,300,
10:29:33,47,4000,
10:29:39,47.03,100,
10:29:40,47.04,100,
10:29:40,47.06,500,
10:29:40,47.0501,100,
10:29:44,47.03,300,
10:29:58,47.06,100,
10:30:01,47.02,100,
10:30:03,47.04,200,
10:30:03,47.03,300,
10:30:03,47.05,100,
10:30:03,47.05,100,
10:30:07,47.06,240,
10:30:07,47.06,700,
10:30:13,47.06,400,
10:30:17,47.05,150,
10:30:17,47.05,400,
10:30:20,47.02,300,
10:30:22,47.03,100,
10:30:22,47.03,100,
10:30:24,47.06,240,
10:30:28,47.06,100,
10:30:29,47.07,500,
10:30:30,47.04,300,
10:30:31,47.06,100,
10:30:31,47.06,100,
10:30:45,47.04,100,
10:30:46,47.03,240,
10:30:46,47.03,200,
10:30:53,47.04,300,
10:30:53,47.04,100,
10:30:53,47.04,100,
10:30:58,47.04,600,
10:31:00,47.05,590,
10:31:02,47.07,2000,
10:31:02,47.07,2000,
10:31:02,47.07,100,
10:31:04,47.09,100,
10:31:08,47.09,100,
10:31:08,47.09,100,
10:31:08,47.09,100,
10:31:13,47.0999,300,
10:31:14,47.10,200,
10:31:14,47.0998,1100,
10:31:14,47.10,240,
10:31:14,47.10,300,
10:31:14,47.11,200,
10:31:16,47.05,140,
10:31:16,47.05,100,
10:31:18,47.08,150,
10:31:18,47.09,100,
10:31:19,47.05,100,
10:31:21,47.11,300,
10:31:22,47.0902,300,
10:31:25,47.11,100,
10:31:29,47.1399,200,
10:31:29,47.15,100,
10:31:29,47.15,500,
10:31:31,47.14,100,
10:31:33,47.141,663,
10:31:34,47.0901,500,
10:31:36,47.07,100,
10:31:39,47.118,200,
10:31:41,47.13,100,
10:31:46,47.15,100,
10:31:49,47.15,100,
10:31:51,47.13,229,
10:31:51,47.12,100,
10:31:54,47.11,7000,
10:31:56,47.15,121,
10:31:56,47.15,400,
10:31:56,47.16,100,
10:31:59,47.1641,150,
10:31:59,47.17,100,
10:32:00,47.168,3200,
10:32:03,47.12,200,
10:32:04,47.12,500,
10:32:04,47.13,200,
10:32:04,47.14,100,
10:32:04,47.16,800,
10:32:04,47.18,100,
10:32:05,47.18,200,
10:32:08,47.16,300,
10:32:08,47.16,111,
10:32:08,47.1502,200,
10:32:08,47.15,200,
10:32:08,47.15,500,
10:32:09,47.19,100,
10:32:11,47.15,100,
10:32:13,47.19,200,
10:32:13,47.20,200,
10:32:13,47.20,400,
10:32:13,47.19,100,
10:32:13,47.20,100,
10:32:13,47.20,100,
10:32:14,47.20,400,
10:32:14,47.20,100,
10:32:14,47.23,100,
10:32:14,47.23,120,
10:32:14,47.23,233,
10:32:14,47.21,100,
10:32:17,47.20,2000,
10:32:17,47.20,1000,
10:32:17,47.2086,400,
10:32:20,47.20,300,
10:32:24,47.22,100,
10:32:30,47.181,500,
10:32:30,47.18,240,
10:32:39,47.094,200,
10:32:39,47.08,400,
10:32:40,47.12,100,
10:32:40,47.12,169,
10:32:42,47.11,400,
10:32:42,47.10,240,
10:32:43,47.12,100,
10:32:48,47.08,150,
10:32:48,47.08,800,
10:32:48,47.10,400,
10:32:48,47.10,100,
10:32:49,47.08,100,
10:32:52,47.08,150,
10:32:52,47.09,148,
10:32:52,47.07,148,
10:32:53,47.07,200,
10:32:53,47.07,500,
10:32:55,47.09,100,
10:32:55,47.09,100,
10:32:55,47.09,400,
10:32:56,47.07,200,
10:32:56,47.07,150,
10:32:56,47.08,150,
10:32:58,47.10,150,
10:32:58,47.10,300,
10:33:01,47.09,100,
10:33:06,47.14,197,
10:33:06,47.15,100,
10:33:06,47.092,200,
10:33:08,47.18,150,
10:33:08,47.18,148,
10:33:18,47.1699,500,
10:33:19,47.15,400,
10:33:23,47.18,400,
10:33:24,47.19,100,
10:33:27,47.18,100,
10:33:27,47.18,100,
10:33:30,47.20,150,
10:33:31,47.22,100,
10:33:34,47.20,150,
10:33:35,47.18,108,
10:33:35,47.18,240,
10:33:37,47.1853,430,
10:33:45,47.20,150,
10:33:45,47.18,310,
10:33:45,47.18,150,
10:33:50,47.19,143,
10:33:50,47.19,400,
10:33:50,47.20,100,
10:33:52,47.2099,635,
10:33:53,47.19,150,
10:33:59,47.1999,350,
10:34:04,47.18,400,
10:34:09,47.22,200,
10:34:12,47.19,100,
10:34:13,47.17,200,
10:34:16,47.22,100,
10:34:16,47.22,300,
10:34:16,47.25,200,
10:34:16,47.23,200,
10:34:17,47.25,240,
10:34:17,47.28,100,
10:34:17,47.28,100,
10:34:17,47.29,100,
10:34:18,47.2735,300,
10:34:18,47.27,100,
10:34:18,47.27,200,
10:34:18,47.27,240,
10:34:18,47.26,200,
10:34:18,47.26,200,
10:34:23,47.24,200,
10:34:33,47.294,1000,
10:34:35,47.30,200,
10:34:38,47.29,100,
10:34:43,47.28,150,
10:34:43,47.28,400,
10:34:43,47.27,400,
10:34:44,47.26,2167,
10:34:45,47.2702,100,
10:34:45,47.27,400,
10:34:45,47.2798,100,
10:34:47,47.29,100,
10:34:54,47.28,100,
10:34:58,47.30,400,
10:35:01,47.29,150,
10:35:02,47.2986,300,
10:35:04,47.32,100,
10:35:06,47.3199,100,
10:35:06,47.30,400,
10:35:13,47.338,116,
10:35:13,47.338,200,
10:35:16,47.32,150,
10:35:16,47.32,400,
10:35:16,47.31,240,
10:35:17,47.31,100,
10:35:21,47.31,200,
10:35:21,47.33,400,
10:35:21,47.34,149,
10:35:22,47.34,100,
10:35:23,47.34,900,
10:35:26,47.37,100,
10:35:33,47.34,100,
10:35:33,47.371,200,
10:35:36,47.303,100,
10:35:37,47.324,1000,
10:35:40,47.3394,428,
10:35:42,47.34,240,
10:35:42,47.34,200,
10:35:42,47.33,150,
10:35:42,47.32,150,
10:35:43,47.2902,100,
10:35:43,47.29,400,
10:35:44,47.30,100,
10:35:46,47.30,200,
10:35:49,47.3186,100,
10:35:51,47.35,200,
10:35:52,47.36,240,
10:35:53,47.38,100,
10:35:53,47.38,400,
10:35:53,47.3899,500,
10:35:55,47.39,5600,
10:35:56,47.3895,500,
10:35:58,47.39,300,
10:35:58,47.43,100,
10:35:58,47.43,100,
10:35:58,47.43,240,
10:35:59,47.44,300,
10:36:01,47.39,100,
10:36:01,47.39,150,
10:36:01,47.399,2000,
10:36:03,47.37,100,
10:36:03,47.389,150,
10:36:03,47.389,240,
10:36:04,47.37,100,
10:36:04,47.37,100,
10:36:05,47.35,100,
10:36:05,47.35,100,
10:36:05,47.36,200,
10:36:07,47.366,300,
10:36:11,47.39,240,
10:36:13,47.37,200,
10:36:13,47.37,300,
10:36:14,47.3702,300,
10:36:15,47.37,100,
10:36:16,47.3886,600,
10:36:19,47.37,100,
10:36:19,47.37,100,
10:36:21,47.36,100,
10:36:21,47.36,100,
10:36:27,47.3501,100,
10:36:30,47.39,100,
10:36:30,47.39,100,
10:36:30,47.41,100,
10:36:34,47.38,240,
10:36:34,47.37,400,
10:36:36,47.38,800,
10:36:42,47.3706,500,
10:36:42,47.389,200,
10:36:43,47.39,500,
10:36:45,47.39,100,
10:36:48,47.4075,1900,
10:36:49,47.38,100,
10:36:49,47.3854,200,
10:36:49,47.38,200,
10:36:49,47.38,200,
10:36:49,47.38,100,
10:36:54,47.37,100,
10:36:57,47.42,100,
10:37:03,47.40,240,
10:37:03,47.40,100,
10:37:07,47.40,120,
10:37:07,47.40,740,
10:37:20,47.40,200,
10:37:21,47.40,200,
10:37:21,47.40,200,
10:37:24,47.4005,500,
10:37:32,47.40,3000,
10:37:34,47.3928,1000,
10:37:40,47.406,1000,
10:37:40,47.39,360,
10:37:44,47.40,800,
10:37:44,47.42,1300,
10:37:48,47.43,120,
10:37:48,47.43,400,
10:37:49,47.43,300,
10:37:49,47.429,400,
10:37:49,47.43,100,
10:37:49,47.43,800,
10:37:51,47.43,300,
10:37:51,47.43,300,
10:37:52,47.41,2900,
10:37:55,47.4399,1000,
10:37:56,47.4399,1000,
10:38:00,47.46,100,
10:38:06,47.44,200,
10:38:06,47.44,100,
10:38:07,47.44,200,
10:38:09,47.4495,500,
10:38:11,47.46,240,
10:38:11,47.43,100,
10:38:18,47.4501,200,
10:38:28,47.468,1000,
10:38:32,47.47,100,
10:38:35,47.47,240,
10:38:35,47.47,400,
10:38:35,47.48,150,
10:38:35,47.48,200,
10:38:35,47.47,200,
10:38:37,47.47,200,
10:38:37,47.47,300,
10:38:40,47.49,400,
10:38:41,47.48,300,
10:38:41,47.48,100,
10:38:42,47.50,100,
10:38:42,47.50,100,
10:38:42,47.49,150,
10:38:42,47.49,200,
10:38:43,47.486,200,
10:38:45,47.51,100,
10:38:45,47.50,146,
10:38:45,47.51,100,
10:38:46,47.529,100,
10:38:46,47.51,100,
10:38:47,47.45,610,
10:38:48,47.445,100,
10:38:50,47.4457,1000,
10:38:51,47.441,1000,
10:38:51,47.441,1000,
10:38:52,47.44,4500,
10:38:52,47.47,100,
10:38:52,47.47,240,
10:38:53,47.461,100,
10:38:54,47.4795,1200,
10:39:01,47.46,2399,
10:39:04,47.49,100,
10:39:12,47.51,200,
10:39:13,47.52,200,
10:39:15,47.50,100,
10:39:16,47.516,500,
10:39:16,47.49,100,
10:39:20,47.4841,200,
10:39:21,47.46,100,
10:39:23,47.44,100,
10:39:23,47.44,100,
10:39:24,47.4539,400,
10:39:24,47.451,600,
10:39:25,47.451,300,
10:39:25,47.451,400,
10:39:27,47.455,200,
10:39:31,47.44,100,
10:39:31,47.441,100,
10:39:34,47.44,800,
10:39:34,47.44,200,
10:39:36,47.4401,100,
10:39:39,47.43,100,
10:39:39,47.43,200,
10:39:41,47.4341,240,
10:39:42,47.4395,500,
10:39:43,47.42,100,
10:39:43,47.44,2000,
10:39:51,47.43,200,
10:39:51,47.43,150,
10:39:51,47.43,100,
10:39:51,47.42,240,
10:39:51,47.44,400,
10:39:57,47.44,100,
10:40:01,47.414,2000,
10:40:01,47.41,100,
10:40:01,47.41,200,
10:40:01,47.41,200,
10:40:02,47.41,100,
10:40:03,47.43,139,
10:40:03,47.43,100,
10:40:05,47.43,100,
10:40:07,47.4205,200,
10:40:10,47.43,400,
10:40:11,47.43,600,
10:40:13,47.43,100,
10:40:15,47.43,526,
10:40:20,47.43,300,
10:40:21,47.41,100,
10:40:21,47.41,100,
10:40:21,47.41,400,
10:40:21,47.40,100,
10:40:21,47.40,100,
10:40:25,47.40,100,
10:40:25,47.40,100,
10:40:25,47.40,200,
10:40:25,47.40,100,
10:40:26,47.42,100,
10:40:26,47.42,111,
10:40:26,47.4201,200,
10:40:26,47.4201,200,
10:40:26,47.4201,800,
10:40:29,47.42,400,
10:40:31,47.39,100,
10:40:33,47.41,100,
10:40:33,47.41,139,
10:40:37,47.42,100,
10:40:37,47.42,150,
10:40:37,47.42,100,
10:40:37,47.43,200,
10:40:38,47.41,240,
10:40:38,47.41,400,
10:40:40,47.39,215,
10:40:40,47.40,150,
10:40:42,47.39,400,
10:40:47,47.3408,100,
10:40:48,47.35,500,
10:40:48,47.34,150,
10:40:49,47.36,1000,
10:40:49,47.33,120,
10:40:49,47.34,100,
10:40:49,47.3402,500,
10:40:51,47.326,500,
10:40:52,47.342,500,
10:40:55,47.37,100,
10:40:55,47.37,100,
10:40:58,47.36,148,
10:41:00,47.35,600,
10:41:00,47.35,100,
10:41:01,47.34,10000,
10:41:03,47.3541,140,
10:41:05,47.34,150,
10:41:05,47.34,100,
10:41:05,47.34,100,
10:41:05,47.34,100,
10:41:06,47.34,350,
10:41:07,47.35,150,
10:41:10,47.349,500,
10:41:20,47.34,400,
10:41:22,47.34,500,
10:41:23,47.345,500,
10:41:24,47.34,100,
10:41:25,47.34,400,
10:41:31,47.3305,1200,
10:41:37,47.35,240,
10:41:37,47.35,800,
10:41:40,47.35,300,
10:41:41,47.3409,300,
10:41:52,47.39,150,
10:41:52,47.39,400,
10:41:58,47.40,100,
10:42:03,47.44,100,
10:42:06,47.47,100,
10:42:07,47.47,150,
10:42:09,47.4895,400,
10:42:13,47.48,150,
10:42:19,47.468,200,
10:42:19,47.4799,500,
10:42:20,47.46,240,
10:42:20,47.46,100,
10:42:21,47.45,100,
10:42:22,47.42,600,
10:42:30,47.43,100,
10:42:40,47.42,240,
10:42:44,47.40,100,
10:42:47,47.40,100,
10:42:47,47.40,100,
10:42:47,47.39,100,
10:42:47,47.39,100,
10:42:47,47.39,100,
10:42:47,47.39,100,
10:42:47,47.39,100,
10:42:47,47.39,100,
10:42:50,47.43,100,
10:42:50,47.43,150,
10:42:50,47.42,240,
10:42:50,47.42,800,
10:42:52,47.44,212,
10:42:52,47.46,100,
10:42:57,47.46,800,
10:43:01,47.43,250,
10:43:03,47.47,150,
10:43:04,47.49,240,
10:43:06,47.47,100,
10:43:07,47.47,254,
10:43:12,47.50,100,
10:43:12,47.50,400,
10:43:12,47.50,100,
10:43:18,47.5101,100,
10:43:18,47.51,400,
10:43:19,47.51,100,
10:43:19,47.51,100,
10:43:19,47.504,1100,
10:43:22,47.52,400,
10:43:27,47.53,100,
10:43:30,47.5201,150,
10:43:32,47.56,400,
10:43:35,47.551,400,
10:43:36,47.5699,1500,
10:43:37,47.57,200,
10:43:37,47.57,100,
10:43:37,47.554,1100,
10:43:38,47.5871,300,
10:43:38,47.58,100,
10:43:41,47.55,240,
10:43:41,47.54,300,
10:43:41,47.54,300,
10:43:41,47.54,300,
10:43:41,47.54,300,
10:43:42,47.521,150,
10:43:44,47.57,100,
10:43:48,47.59,100,
10:43:48,47.59,100,
10:43:48,47.60,100,
10:43:48,47.59,300,
10:43:48,47.59,100,
10:43:48,47.61,350,
10:43:48,47.61,240,
10:43:48,47.62,100,
10:43:49,47.58,240,
10:43:49,47.58,400,
10:43:49,47.58,100,
10:43:50,47.569,100,
10:43:52,47.5641,200,
10:43:58,47.58,100,
10:43:59,47.57,240,
10:43:59,47.55,240,
10:44:00,47.5465,300,
10:44:01,47.54,100,
10:44:01,47.54,100,
10:44:07,47.54,390,
10:44:08,47.521,300,
10:44:08,47.521,300,
10:44:08,47.54,1000,
10:44:08,47.54,200,
10:44:10,47.52,1100,
10:44:13,47.55,100,
10:44:13,47.56,100,
10:44:13,47.58,100,
10:44:13,47.58,150,
10:44:13,47.56,100,
10:44:14,47.581,100,
10:44:18,47.6143,500,
10:44:18,47.59,100,
10:44:18,47.60,150,
10:44:19,47.57,200,
10:44:21,47.57,240,
10:44:21,47.57,300,
10:44:28,47.61,100,
10:44:28,47.61,100,
10:44:29,47.61,100,
10:44:29,47.61,100,
10:44:35,47.58,100,
10:44:42,47.57,200,
10:44:43,47.54,150,
10:44:43,47.54,700,
10:44:43,47.54,100,
10:44:44,47.57,100,
10:44:49,47.5683,500,
10:44:55,47.63,240,
10:44:56,47.6414,200,
10:44:56,47.6414,200,
10:44:57,47.65,100,
10:44:57,47.6599,100,
10:44:58,47.69,100,
10:44:58,47.70,100,
10:44:58,47.6999,400,
10:44:59,47.70,1900,
10:45:00,47.69,100,
10:45:00,47.69,150,
10:45:00,47.66,100,
10:45:00,47.68,240,
10:45:00,47.68,100,
10:45:03,47.68,200,
10:45:04,47.68,100,
10:45:08,47.70,200,
10:45:13,47.69,100,
10:45:13,47.71,100,
10:45:17,47.69,2400,
10:45:20,47.70,100,
10:45:21,47.6999,600,
10:45:22,47.6841,300,
10:45:24,47.68,100,
10:45:24,47.68,200,
10:45:24,47.68,150,
10:45:26,47.69,100,
10:45:27,47.69,313,
10:45:30,47.70,100,
10:45:39,47.7099,5000,
10:45:40,47.71,240,
10:45:41,47.70,200,
10:45:45,47.73,100,
10:45:50,47.7371,200,
10:45:50,47.73,800,
10:45:51,47.74,249,
10:45:53,47.73,800,
10:45:57,47.77,200,
10:45:57,47.77,240,
10:45:57,47.77,600,
10:45:59,47.77,150,
10:45:59,47.77,400,
10:46:01,47.776,500,
10:46:02,47.79,400,
10:46:04,47.78,150,
10:46:05,47.79,100,
10:46:05,47.789,1500,
10:46:05,47.789,1600,
10:46:07,47.7895,100,
10:46:07,47.788,500,
10:46:08,47.80,200,
10:46:08,47.80,240,
10:46:09,47.799,700,
10:46:09,47.799,700,
10:46:10,47.79,240,
10:46:10,47.80,180,
10:46:13,47.7795,500,
10:46:15,47.80,100,
10:46:15,47.80,400,
10:46:16,47.8001,1000,
10:46:17,47.82,200,
10:46:17,47.83,150,
10:46:17,47.82,100,
10:46:17,47.82,200,
10:46:19,47.8216,200,
10:46:19,47.87,120,
10:46:19,47.87,400,
10:46:20,47.86,200,
10:46:20,47.88,300,
10:46:20,47.88,240,
10:46:20,47.88,800,
10:46:21,47.89,100,
10:46:22,47.87,200,
10:46:23,47.88,100,
10:46:23,47.88,400,
10:46:24,47.89,100,
10:46:24,47.90,100,
10:46:24,47.89,100,
10:46:24,47.90,100,
10:46:28,47.896,200,
10:46:29,47.90,104,
10:46:30,47.90,100,
10:46:30,47.90,115,
10:46:33,47.92,200,
10:46:33,47.91,115,
10:46:34,47.90,240,
10:46:37,47.93,100,
10:46:39,47.95,240,
10:46:39,47.94,240,
10:46:39,47.94,240,
10:46:40,47.93,100,
10:46:40,47.93,100,
10:46:40,47.93,200,
10:46:40,47.92,240,
10:46:40,47.92,100,
10:46:40,47.94,200,
10:46:41,47.936,800,
10:46:41,47.94,150,
10:46:41,47.94,200,
10:46:42,47.96,200,
10:46:43,47.9695,800,
10:46:43,47.936,200,
10:46:44,47.96,300,
10:46:44,47.96,100,
10:46:44,47.9724,600,
10:46:44,47.95,100,
10:46:45,47.96,240,
10:46:45,47.96,800,
10:46:45,47.97,2281,
10:46:46,47.959,100,
10:46:46,47.959,100,
10:46:47,47.97,400,
10:46:50,47.95,1000,
10:46:57,47.9795,1500,
10:46:59,47.95,240,
10:47:00,47.93,100,
10:47:00,47.92,200,
10:47:00,47.91,100,
10:47:00,47.91,100,
10:47:00,47.91,500,
10:47:00,47.91,150,
10:47:00,47.91,240,
10:47:01,47.90,300,
10:47:04,47.92,100,
10:47:05,47.92,140,
10:47:05,47.93,110,
10:47:05,47.94,150,
10:47:06,47.9505,595,
10:47:07,47.93,240,
10:47:07,47.93,200,
10:47:09,47.93,240,
10:47:09,47.93,240,
10:47:09,47.93,200,
10:47:09,47.93,100,
10:47:11,47.95,300,
10:47:14,47.9699,2000,
10:47:15,47.95,240,
10:47:16,47.91,100,
10:47:19,47.92,200,
10:47:20,47.94,1200,
10:47:21,47.935,800,
10:47:28,47.93,100,
10:47:29,47.93,200,
10:47:32,47.928,638,
10:47:36,47.91,100,
10:47:36,47.9005,500,
10:47:38,47.89,3600,
10:47:39,47.8825,200,
10:47:39,47.88,189,
10:47:40,47.88,500,
10:47:40,47.85,500,
10:47:40,47.87,1000,
10:47:41,47.88,100,
10:47:41,47.88,100,
10:47:42,47.90,100,
10:47:43,47.86,100,
10:47:43,47.90,1000,
10:47:45,47.90,240,
10:47:45,47.90,100,
10:47:47,47.881,2100,
10:47:47,47.8801,392,
10:47:50,47.881,500,
10:47:50,47.90,120,
10:47:50,47.90,240,
10:47:50,47.90,150,
10:47:50,47.90,100,
10:47:55,47.886,500,
10:47:59,47.86,125,
10:48:01,47.861,100,
10:48:02,47.86,300,
10:48:03,47.83,100,
10:48:04,47.83,240,
10:48:04,47.83,190,
10:48:04,47.82,100,
10:48:05,47.87,100,
10:48:06,47.87,400,
10:48:07,47.854,1000,
10:48:08,47.87,100,
10:48:09,47.87,100,
10:48:09,47.88,100,
10:48:09,47.8795,300,
10:48:11,47.88,150,
10:48:11,47.88,200,
10:48:11,47.89,200,
10:48:11,47.89,150,
10:48:11,47.8991,1200,
10:48:12,47.88,200,
10:48:12,47.88,200,
10:48:12,47.88,100,
10:48:17,47.8999,100,
10:48:18,47.901,1400,
10:48:18,47.901,800,
10:48:18,47.90,100,
10:48:21,47.9001,2000,
10:48:26,47.92,500,
10:48:27,47.92,100,
10:48:29,47.94,100,
10:48:29,47.95,3100,
10:48:31,47.93,240,
10:48:31,47.93,240,
10:48:35,47.94,400,
10:48:38,47.9357,1100,
10:48:38,47.95,100,
10:48:38,47.95,150,
10:48:38,47.95,400,
10:48:38,47.96,100,
10:48:38,47.96,100,
10:48:38,47.96,240,
10:48:38,47.98,300,
10:48:38,47.97,240,
10:48:38,47.97,100,
10:48:38,47.99,100,
10:48:38,47.98,240,
10:48:38,47.98,100,
10:48:38,48,240,
10:48:38,47.95,200,
10:48:38,48.01,100,
10:48:38,48.01,100,
10:48:38,48.03,100,
10:48:38,48.03,100,
10:48:38,48,100,
10:48:38,48,150,
10:48:38,47.99,100,
10:48:38,48,200,
10:48:39,47.99,200,
10:48:39,48,400,
10:48:39,48,240,
10:48:39,48,100,
10:48:39,48.01,100,
10:48:39,47.98,100,
10:48:39,47.99,240,
10:48:39,47.99,100,
10:48:39,47.99,100,
10:48:39,47.97,100,
10:48:40,48.01,100,
10:48:41,47.96,100,
10:48:42,47.952,500,
10:48:44,47.99,100,
10:48:44,47.99,132,
10:48:44,47.99,100,
10:48:44,47.98,100,
10:48:44,47.98,178,
10:48:44,47.98,240,
10:48:45,47.97,1100,
10:48:45,47.97,240,
10:48:45,47.97,800,
10:48:47,47.99,300,
10:48:47,47.99,100,
10:48:47,48,100,
10:48:47,48.01,100,
10:48:50,47.9814,300,
10:48:53,47.988,2000,
10:48:56,47.996,1000,
10:48:57,47.99,200,
10:48:57,47.98,675,
10:48:58,47.98,100,
10:49:02,47.9889,1000,
10:49:03,48,197,
10:49:03,48.0067,700,
10:49:05,48,5000,
10:49:05,48.02,100,
10:49:14,48.0102,100,
10:49:14,48.01,400,
10:49:18,48.03,500,
10:49:20,48.01,240,
10:49:20,48.01,240,
10:49:20,48.01,100,
10:49:20,48.01,400,
10:49:20,48.02,150,
10:49:20,48.02,400,
10:49:21,48.019,200,
10:49:21,48.019,100,
10:49:23,48.016,4000,
10:49:23,48,150,
10:49:23,48,100,
10:49:23,47.99,100,
10:49:23,47.97,100,
10:49:23,47.97,200,
10:49:23,47.98,150,
10:49:23,47.98,240,
10:49:23,47.98,100,
10:49:23,47.99,800,
10:49:24,47.99,100,
10:49:27,47.97,100,
10:49:37,47.978,300,
10:49:42,47.96,130,
10:49:43,47.97,1000,
10:49:43,47.988,300,
10:49:45,47.98,100,
10:49:50,47.986,100,
10:49:50,47.96,100,
10:49:51,47.91,240,
10:49:51,47.91,201,
10:49:51,47.91,100,
10:49:51,47.90,192,
10:49:51,47.90,100,
10:49:51,47.90,400,
10:49:51,47.90,800,
10:49:57,47.88,800,
10:49:57,47.89,150,
10:49:57,47.89,100,
10:49:58,47.89,100,
10:50:00,47.8899,100,
10:50:00,47.8899,200,
10:50:05,47.90,240,
10:50:06,47.90,100,
10:50:06,47.91,100,
10:50:12,47.9498,500,
10:50:14,47.92,400,
10:50:14,47.92,240,
10:50:14,47.92,100,
10:50:17,47.94,100,
10:50:19,47.96,240,
10:50:19,47.9695,1200,
10:50:21,47.94,251,
10:50:32,47.912,100,
10:50:34,47.91,200,
10:50:34,47.91,240,
10:50:34,47.9162,240,
10:50:35,47.90,150,
10:50:35,47.90,400,
10:50:35,47.89,100,
10:50:35,47.88,100,
10:50:37,47.86,240,
10:50:37,47.84,240,
10:50:37,47.86,150,
10:50:37,47.86,400,
10:50:37,47.86,130,
10:50:38,47.8701,200,
10:50:41,47.8601,500,
10:50:44,47.879,100,
10:50:45,47.84,150,
10:50:47,47.81,150,
10:50:47,47.82,240,
10:50:47,47.84,210,
10:50:47,47.84,240,
10:50:49,47.8202,500,
10:50:52,47.81,240,
10:50:52,47.81,157,
10:50:52,47.82,240,
10:50:52,47.82,800,
10:50:54,47.81,100,
10:50:55,47.8029,285,
10:50:56,47.791,500,
10:50:56,47.82,190,
10:50:56,47.791,600,
10:50:58,47.80,100,
10:50:59,47.78,100,
10:50:59,47.77,100,
10:51:00,47.751,100,
10:51:00,47.7405,200,
10:51:00,47.7457,500,
10:51:06,47.75,100,
10:51:06,47.75,345,
10:51:06,47.75,155,
10:51:06,47.75,195,
10:51:06,47.76,240,
10:51:06,47.76,240,
10:51:06,47.75,150,
10:51:06,47.75,100,
10:51:07,47.76,600,
10:51:09,47.75,300,
10:51:10,47.74,240,
10:51:10,47.74,200,
10:51:10,47.72,400,
10:51:10,47.72,1000,
10:51:11,47.71,370,
10:51:12,47.69,100,
10:51:13,47.694,500,
10:51:15,47.70,500,
10:51:19,47.70,500,
10:51:23,47.682,800,
10:51:26,47.691,300,
10:51:34,47.702,300,
10:51:34,47.702,400,
10:51:34,47.691,100,
10:51:34,47.691,100,
10:51:35,47.71,240,
10:51:37,47.69,240,
10:51:37,47.69,150,
10:51:37,47.70,400,
10:51:42,47.7097,100,
10:51:42,47.71,300,
10:51:47,47.71,260,
10:51:47,47.71,100,
10:51:47,47.72,150,
10:51:47,47.72,100,
10:51:51,47.73,6000,
10:51:56,47.71,400,
10:51:58,47.6957,500,
10:51:58,47.68,240,
10:51:58,47.69,210,
10:52:01,47.6695,400,
10:52:02,47.67,1350,
10:52:06,47.65,100,
10:52:08,47.64,150,
10:52:09,47.652,100,
10:52:09,47.65,100,
10:52:09,47.652,100,
10:52:09,47.65,200,
10:52:09,47.65,200,
10:52:12,47.66,200,
10:52:14,47.67,200,
10:52:16,47.66,112,
10:52:16,47.66,100,
10:52:16,47.66,199,
10:52:16,47.66,200,
10:52:20,47.65,100,
10:52:22,47.65,300,
10:52:27,47.66,100,
10:52:27,47.66,150,
10:52:27,47.66,100,
10:52:29,47.66,800,
10:52:31,47.6574,100,
10:52:31,47.64,100,
10:52:31,47.6454,100,
10:52:31,47.64,100,
10:52:38,47.6686,1500,
10:52:41,47.65,100,
10:52:44,47.66,240,
10:52:44,47.66,800,
10:52:52,47.6795,1000,
10:52:54,47.69,100,
10:52:54,47.69,260,
10:52:54,47.69,300,
10:52:54,47.69,200,
10:52:54,47.69,300,
10:52:55,47.69,100,
10:53:00,47.69,300,
10:53:00,47.69,180,
10:53:00,47.69,400,
10:53:00,47.68,200,
10:53:02,47.69,240,
10:53:02,47.69,240,
10:53:03,47.68,240,
10:53:03,47.68,240,
10:53:03,47.6952,100,
10:53:03,47.70,100,
10:53:04,47.70,100,
10:53:06,47.69,100,
10:53:06,47.69,240,
10:53:11,47.67,100,
10:53:14,47.67,200,
10:53:20,47.67,240,
10:53:20,47.67,600,
10:53:26,47.69,200,
10:53:26,47.69,200,
10:53:26,47.72,100,
10:53:26,47.718,100,
10:53:27,47.69,200,
10:53:29,47.70,100,
10:53:34,47.676,1000,
10:53:37,47.68,200,
10:54:03,47.71,200,
10:54:06,47.7399,200,
10:54:09,47.72,100,
10:54:09,47.72,1000,
10:54:12,47.68,600,
10:54:22,47.67,200,
10:54:22,47.67,500,
10:54:29,47.69,400,
10:54:34,47.6995,200,
10:54:50,47.694,500,
10:55:02,47.67,400,
10:55:10,47.66,600,
10:55:10,47.66,125,
10:55:10,47.67,100,
10:55:12,47.68,400,
10:55:12,47.68,240,
10:55:19,47.6995,200,
10:55:24,47.70,240,
10:55:24,47.70,150,
10:55:24,47.70,800,
10:55:24,47.72,200,
10:55:39,47.72,240,
10:55:39,47.72,240,
10:55:41,47.73,100,
10:55:41,47.73,150,
10:55:41,47.73,100,
10:55:41,47.74,1829,
10:55:41,47.75,100,
10:55:41,47.75,100,
10:55:43,47.76,100,
10:55:45,47.77,300,
10:55:46,47.79,100,
10:55:47,47.7898,100,
10:55:48,47.78,100,
10:55:50,47.78,100,
10:55:50,47.78,100,
10:55:50,47.80,240,
10:55:50,47.79,100,
10:55:50,47.81,800,
10:55:50,47.82,700,
10:55:50,47.80,400,
10:55:51,47.81,100,
10:55:54,47.82,100,
10:55:55,47.83,120,
10:55:55,47.83,400,
10:55:57,47.83,1000,
10:55:59,47.84,200,
10:56:00,47.82,3350,
10:56:07,47.85,100,
10:56:07,47.86,100,
10:56:07,47.85,240,
10:56:08,47.86,100,
10:56:12,47.87,120,
10:56:12,47.87,100,
10:56:16,47.87,100,
10:56:16,47.87,200,
10:56:16,47.87,100,
10:56:18,47.86,100,
10:56:20,47.88,100,
10:56:20,47.868,100,
10:56:21,47.85,240,
10:56:22,47.83,200,
10:56:22,47.84,120,
10:56:22,47.83,135,
10:56:22,47.84,100,
10:56:25,47.85,240,
10:56:31,47.86,100,
10:56:32,47.84,240,
10:56:32,47.84,400,
10:56:32,47.84,150,
10:56:32,47.84,800,
10:56:32,47.86,100,
10:56:32,47.84,400,
10:56:32,47.87,100,
10:56:32,47.86,100,
10:56:32,47.84,100,
10:56:32,47.84,300,
10:56:33,47.84,300,
10:56:38,47.848,100,
10:56:39,47.84,100,
10:56:40,47.86,100,
10:56:41,47.85,100,
10:56:42,47.87,100,
10:56:44,47.91,150,
10:56:44,47.91,100,
10:56:47,47.89,100,
10:56:47,47.89,240,
10:56:47,47.89,400,
10:56:48,47.87,150,
10:56:48,47.85,300,
10:56:52,47.88,100,
10:56:52,47.88,100,
10:57:01,47.8701,1250,
10:57:03,47.87,700,
10:57:04,47.87,200,
10:57:04,47.87,100,
10:57:04,47.87,100,
10:57:04,47.87,400,
10:57:04,47.87,100,
10:57:04,47.87,100,
10:57:07,47.87,100,
10:57:07,47.87,100,
10:57:08,47.87,100,
10:57:22,47.92,400,
10:57:26,47.90,315,
10:57:26,47.90,100,
10:57:29,47.90,200,
10:57:30,47.92,240,
10:57:32,47.92,300,
10:57:32,47.92,100,
10:57:32,47.92,100,
10:57:35,47.92,100,
10:57:41,47.92,200,
10:57:43,47.92,300,
10:57:45,47.91,200,
10:57:46,47.93,100,
10:57:46,47.92,240,
10:57:46,47.92,800,
10:57:51,47.92,240,
10:57:51,47.92,400,
10:57:51,47.91,100,
10:57:52,47.938,700,
10:57:56,47.9243,1000,
10:58:02,47.98,100,
10:58:02,47.968,500,
10:58:04,47.98,150,
10:58:06,47.97,100,
10:58:09,47.96,240,
10:58:10,47.9798,500,
10:58:10,47.98,240,
10:58:10,47.98,800,
10:58:10,47.99,2015,
10:58:13,47.9841,220,
10:58:14,47.986,100,
10:58:17,47.98,300,
10:58:17,47.97,100,
10:58:17,47.97,100,
10:58:17,47.97,150,
10:58:17,47.97,200,
10:58:17,47.96,200,
10:58:17,47.96,240,
10:58:17,47.96,100,
10:58:18,47.95,100,
10:58:18,47.95,140,
10:58:21,47.9599,100,
10:58:23,47.97,300,
10:58:24,47.97,300,
10:58:30,47.9785,5000,
10:58:30,47.95,240,
10:58:30,47.95,100,
10:58:30,47.94,200,
10:58:30,47.94,200,
10:58:30,47.94,100,
10:58:30,47.94,161,
10:58:30,47.94,200,
10:58:33,47.98,100,
10:58:33,47.98,200,
10:58:33,47.98,200,
10:58:33,47.98,240,
10:58:33,47.98,240,
10:58:33,47.98,220,
10:58:34,47.98,200,
10:58:36,47.97,183,
10:58:37,47.97,100,
10:58:43,47.9899,129,
10:58:44,47.99,300,
10:58:45,47.99,150,
10:58:45,48.01,100,
10:58:45,48,100,
10:58:45,48.02,100,
10:58:45,48.02,240,
10:58:45,48.02,100,
10:58:45,48.01,100,
10:58:45,48.03,100,
10:58:47,47.989,100,
10:58:47,48.04,240,
10:58:47,48.04,400,
10:58:47,48.02,200,
10:58:47,47.99,100,
10:58:47,48.04,100,
10:58:48,48.0401,200,
10:58:49,48.055,7063,
10:58:51,48.03,240,
10:58:51,48.03,400,
10:58:51,48.02,161,
10:58:51,48.02,100,
10:58:53,48.0199,200,
10:58:54,48.01,120,
10:58:54,48.01,240,
10:58:54,48.01,100,
10:58:54,48.02,150,
10:58:54,48.02,100,
10:58:54,48.03,100,
10:58:54,48.02,100,
10:58:54,48.03,100,
10:58:54,48.01,100,
10:58:55,48.05,100,
10:58:55,48.05,100,
10:58:55,48.05,100,
10:59:03,48.05,100,
10:59:03,48.03,200,
10:59:05,48.05,400,
10:59:07,48.06,300,
10:59:10,48.04,100,
10:59:11,48.03,100,
10:59:11,48.03,200,
10:59:11,48.03,200,
10:59:11,48.059,200,
10:59:14,48.0405,100,
10:59:16,48.04,100,
10:59:16,48.03,240,
10:59:16,48.03,100,
10:59:17,48.02,300,
10:59:20,48.03,300,
10:59:21,48.02,100,
10:59:22,48.0205,400,
10:59:25,48.03,100,
10:59:27,48.03,800,
10:59:29,48.03,100,
10:59:35,48.0101,100,
10:59:35,48.03,100,
10:59:39,48,100,
10:59:39,48,100,
10:59:39,48.01,100,
10:59:39,48.02,150,
10:59:40,48.0191,1000,
10:59:45,48.01,100,
10:59:45,48.01,300,
10:59:48,47.99,100,
10:59:58,48.0229,400,
11:00:01,48.03,200,
11:00:02,48.05,240,
11:00:04,48.0589,300,
11:00:10,48.0591,600,
11:00:17,48.056,1000,
11:00:17,48.03,150,
11:00:18,48.04,100,
11:00:19,48.02,100,
11:00:19,48,150,
11:00:19,48,100,
11:00:22,48.02,100,
11:00:22,48.02,200,
11:00:23,47.982,250,
11:00:38,47.9875,100,
11:00:38,47.9672,1000,
11:00:41,47.966,1000,
11:00:44,47.96,120,
11:00:48,47.97,100,
11:00:50,47.98,300,
11:00:53,47.96,100,
11:00:55,47.95,100,
11:00:55,47.93,1200,
11:01:06,47.94,300,
11:01:07,47.94,400,
11:01:13,47.93,100,
11:01:22,47.95,170,
11:01:23,47.96,400,
11:01:31,47.95,100,
11:01:32,47.97,100,
11:01:36,47.90,600,
11:01:37,47.9199,500,
11:01:38,47.902,800,
11:01:38,47.90,240,
11:01:38,47.90,100,
11:01:38,47.90,100,
11:01:38,47.902,200,
11:01:38,47.90,100,
11:01:38,47.90,500,
11:01:38,47.90,1550,
11:01:38,47.90,100,
11:01:38,47.90,400,
11:01:40,47.901,100,
11:01:40,47.90,100,
11:01:40,47.89,100,
11:01:41,47.86,500,
11:01:44,47.861,100,
11:01:45,47.87,180,
11:01:45,47.86,100,
11:01:45,47.89,240,
11:01:45,47.90,400,
11:01:46,47.91,780,
11:01:47,47.88,250,
11:01:53,47.89,700,
11:02:02,47.88,100,
11:02:02,47.88,100,
11:02:02,47.88,100,
11:02:02,47.88,240,
11:02:02,47.88,100,
11:02:05,47.88,400,
11:02:05,47.89,150,
11:02:07,47.89,3451,
11:02:09,47.9002,100,
11:02:11,47.93,300,
11:02:11,47.93,240,
11:02:11,47.93,300,
11:02:11,47.92,100,
11:02:11,47.93,5400,
11:02:11,47.93,300,
11:02:13,47.9002,100,
11:02:20,47.904,200,
11:02:24,47.93,217,
11:02:24,47.94,100,
11:02:26,47.95,100,
11:02:27,47.9514,500,
11:02:32,47.948,875,
11:02:36,47.92,200,
11:02:38,47.914,200,
11:02:50,47.9441,250,
11:03:02,47.972,200,
11:03:04,47.96,240,
11:03:04,47.96,400,
11:03:04,47.94,100,
11:03:11,47.9262,700,
11:03:14,47.9002,500,
11:03:17,47.92,100,
11:03:20,47.92,150,
11:03:20,47.92,200,
11:03:28,47.92,17470,
11:03:31,47.96,100,
11:03:33,47.9502,100,
11:03:33,47.958,500,
11:03:39,47.94,100,
11:03:45,47.95,100,
11:03:45,47.95,400,
11:03:45,47.95,100,
11:03:45,47.93,240,
11:03:45,47.93,300,
11:03:45,47.94,240,
11:03:50,47.9312,156,
11:04:05,47.9401,200,
11:04:06,47.96,150,
11:04:06,47.96,400,
11:04:14,47.99,240,
11:04:14,47.98,100,
11:04:22,47.99,400,
11:04:22,47.99,100,
11:04:22,48,400,
11:04:22,48,100,
11:04:24,48,100,
11:04:25,48,100,
11:04:25,47.9879,100,
11:04:25,47.9919,100,
11:04:27,47.99,400,
11:04:29,47.99,150,
11:04:29,47.99,800,
11:04:29,47.98,100,
11:04:29,47.98,100,
11:04:29,47.98,500,
11:04:29,47.99,100,
11:04:29,47.96,100,
11:04:29,47.98,100,
11:04:29,47.96,200,
11:04:29,47.95,1800,
11:04:29,47.95,800,
11:04:29,47.95,100,
11:04:29,47.96,200,
11:04:30,47.93,2000,
11:04:41,47.94,2000,
11:04:41,47.941,1000,
11:04:42,47.941,1100,
11:04:42,47.941,240,
11:04:42,47.942,100,
11:04:46,47.94,100,
11:04:46,47.94,100,
11:04:46,47.915,100,
11:04:46,47.911,400,
11:04:49,47.94,100,
11:04:56,47.94,200,
11:04:58,47.94,240,
11:04:58,47.93,100,
11:04:58,47.93,150,
11:05:04,47.94,200,
11:05:04,47.94,100,
11:05:13,47.93,4000,
11:05:15,47.9583,500,
11:05:19,47.95,509,
11:05:25,47.93,100,
11:05:25,47.93,100,
11:05:25,47.91,100,
11:05:37,47.90,493,
11:05:39,47.87,200,
11:05:39,47.87,100,
11:05:41,47.85,400,
11:05:41,47.85,100,
11:05:42,47.87,100,
11:05:47,47.88,2500,
11:05:56,47.87,100,
11:06:03,47.88,500,
11:06:07,47.87,200,
11:06:08,47.86,200,
11:06:08,47.86,240,
11:06:08,47.86,100,
11:06:11,47.8657,550,
11:06:18,47.88,240,
11:06:26,47.88,100,
11:06:26,47.88,100,
11:06:32,47.8414,4000,
11:06:36,47.8417,1000,
11:06:41,47.83,240,
11:06:41,47.83,400,
11:06:47,47.84,150,
11:06:52,47.83,229,
11:06:52,47.83,121,
11:07:03,47.86,231,
11:07:03,47.86,281,
11:07:03,47.87,240,
11:07:03,47.84,400,
11:07:03,47.84,106,
11:07:04,47.85,100,
11:07:17,47.80,250,
11:07:19,47.8009,900,
11:07:26,47.78,100,
11:07:26,47.77,150,
11:07:26,47.76,100,
11:07:26,47.76,100,
11:07:26,47.76,1000,
11:07:27,47.77,240,
11:07:27,47.77,415,
11:07:27,47.78,195,
11:07:27,47.78,218,
11:07:27,47.78,100,
11:07:28,47.7748,100,
11:07:34,47.75,750,
11:07:40,47.77,100,
11:07:41,47.78,200,
11:07:48,47.718,1000,
11:07:50,47.71,240,
11:07:51,47.701,200,
11:07:51,47.701,200,
11:07:53,47.701,600,
11:07:53,47.70,200,
11:07:54,47.691,300,
11:07:54,47.702,100,
11:07:56,47.72,100,
11:08:01,47.72,300,
11:08:28,47.75,300,
11:08:42,47.74,100,
11:08:52,47.71,150,
11:08:52,47.70,200,
11:08:58,47.67,100,
11:08:58,47.67,358,
11:08:59,47.65,530,
11:09:00,47.66,400,
11:09:00,47.64,100,
11:09:00,47.64,100,
11:09:00,47.65,100,
11:09:00,47.63,100,
11:09:00,47.63,100,
11:09:00,47.63,600,
11:09:00,47.63,100,
11:09:00,47.62,400,
11:09:00,47.66,100,
11:09:00,47.6259,300,
11:09:01,47.62,1530,
11:09:06,47.62,100,
11:09:06,47.64,150,
11:09:06,47.64,100,
11:09:08,47.64,200,
11:09:11,47.6257,1000,
11:09:12,47.64,200,
11:09:12,47.64,200,
11:09:16,47.6201,100,
11:09:18,47.622,300,
11:09:21,47.62,100,
11:09:25,47.64,600,
11:09:25,47.65,200,
11:09:30,47.664,1000,
11:09:30,47.67,150,
11:09:31,47.68,240,
11:09:31,47.68,120,
11:09:31,47.68,100,
11:09:31,47.65,100,
11:09:31,47.68,100,
11:09:33,47.65,300,
11:09:34,47.65,100,
11:09:34,47.6514,100,
11:09:34,47.6514,100,
11:09:34,47.65,100,
11:09:34,47.6514,100,
11:09:37,47.65,100,
11:09:38,47.65,100,
11:09:38,47.6581,100,
11:09:38,47.6581,100,
11:09:38,47.65,100,
11:09:50,47.6986,500,
11:09:59,47.70,220,
11:10:06,47.66,100,
11:10:21,47.65,200,
11:10:43,47.65,400,
11:10:53,47.661,100,
11:10:54,47.681,705,
11:10:57,47.661,600,
11:11:03,47.70,100,
11:11:16,47.70,300,
11:11:24,47.70,2000,
11:11:26,47.68,301,
11:11:35,47.72,150,
11:11:35,47.72,400,
11:11:46,47.71,240,
11:11:50,47.698,629,
11:11:53,47.70,150,
11:11:53,47.70,100,
11:11:59,47.6703,100,
11:11:59,47.67,400,
11:12:03,47.701,400,
11:12:14,47.718,300,
11:12:32,47.65,300,
11:12:32,47.65,240,
11:12:32,47.66,400,
11:12:32,47.64,300,
11:12:32,47.66,100,
11:12:32,47.60,400,
11:12:32,47.61,1000,
11:12:32,47.55,100,
11:12:32,47.54,100,
11:12:32,47.59,123,
11:12:32,47.66,100,
11:12:32,47.66,100,
11:12:32,47.62,200,
11:12:32,47.55,100,
11:12:32,47.54,100,
11:12:32,47.54,300,
11:12:32,47.52,100,
11:12:32,47.53,100,
11:12:33,47.52,100,
11:12:33,47.54,100,
11:12:34,47.53,200,
11:12:42,47.514,500,
11:12:42,47.501,200,
11:12:42,47.501,200,
11:12:42,47.50,200,
11:12:42,47.50,200,
11:12:42,47.50,100,
11:12:43,47.51,300,
11:12:43,47.5005,900,
11:12:44,47.5067,100,
11:12:44,47.50,200,
11:12:44,47.50,100,
11:12:44,47.501,100,
11:12:47,47.50,100,
11:12:48,47.52,100,
11:12:48,47.52,200,
11:12:48,47.519,900,
11:12:48,47.52,100,
11:12:48,47.52,100,
11:12:49,47.50,300,
11:12:50,47.50,450,
11:12:51,47.5002,100,
11:12:51,47.52,4900,
11:13:02,47.53,700,
11:13:06,47.522,900,
11:13:09,47.54,100,
11:13:09,47.55,100,
11:13:24,47.62,300,
11:13:24,47.62,100,
11:13:25,47.62,100,
11:13:25,47.63,800,
11:13:25,47.62,100,
11:13:30,47.62,500,
11:13:30,47.62,200,
11:13:40,47.60,159,
11:13:40,47.60,100,
11:13:40,47.59,400,
11:13:40,47.59,100,
11:13:40,47.59,100,
11:13:40,47.59,100,
11:13:47,47.57,100,
11:13:52,47.551,200,
11:13:52,47.551,200,
11:13:54,47.552,500,
11:14:00,47.503,1900,
11:14:00,47.50,100,
11:14:09,47.501,100,
11:14:09,47.501,200,
11:14:23,47.55,100,
11:14:23,47.55,150,
11:14:28,47.53,100,
11:14:37,47.52,200,
11:14:51,47.53,100,
11:14:53,47.50,100,
11:14:53,47.491,300,
11:14:56,47.481,100,
11:14:56,47.481,125,
11:15:00,47.46,100,
11:15:00,47.46,400,
11:15:00,47.44,300,
11:15:00,47.44,100,
11:15:03,47.43,770,
11:15:04,47.46,400,
11:15:05,47.48,300,
11:15:08,47.472,1000,
11:15:10,47.50,100,
11:15:30,47.478,336,
11:15:33,47.48,200,
11:15:41,47.484,300,
11:15:43,47.4802,800,
11:15:49,47.48,100,
11:15:49,47.48,100,
11:16:06,47.451,400,
11:16:06,47.451,380,
11:16:06,47.461,280,
11:16:06,47.461,240,
11:16:08,47.45,240,
11:16:08,47.45,730,
11:16:08,47.44,300,
11:16:08,47.44,200,
11:16:09,47.47,400,
11:16:09,47.48,100,
11:16:09,47.48,300,
11:16:09,47.49,160,
11:16:12,47.461,150,
11:16:16,47.47,220,
11:16:22,47.50,100,
11:16:24,47.52,100,
11:16:30,47.54,248,
11:16:42,47.54,100,
11:17:00,47.60,100,
11:17:05,47.60,400,
11:17:05,47.60,100,
11:17:05,47.60,100,
11:17:05,47.60,100,
11:17:07,47.60,100,
11:17:11,47.60,500,
11:17:24,47.61,1000,
11:17:29,47.6099,400,
11:17:30,47.61,100,
11:17:30,47.61,100,
11:17:30,47.61,150,
11:17:30,47.61,550,
11:17:30,47.59,150,
11:17:44,47.60,100,
11:17:46,47.63,100,
11:17:58,47.62,200,
11:17:58,47.62,100,
11:18:00,47.638,2000,
11:18:01,47.65,100,
11:18:04,47.64,100,
11:18:15,47.64,150,
11:18:15,47.63,250,
11:18:16,47.63,219,
11:18:24,47.5302,100,
11:18:32,47.55,100,
11:18:35,47.50,300,
11:18:35,47.50,300,
11:18:35,47.51,100,
11:18:35,47.51,100,
11:18:35,47.488,250,
11:18:41,47.47,100,
11:18:41,47.47,240,
11:18:41,47.48,300,
11:18:41,47.48,189,
11:18:41,47.48,400,
11:18:41,47.47,100,
11:18:43,47.50,116,
11:18:48,47.46,311,
11:18:49,47.46,100,
11:18:49,47.42,100,
11:18:49,47.42,100,
11:18:51,47.42,300,
11:18:51,47.42,400,
11:18:51,47.46,200,
11:18:52,47.46,100,
11:18:59,47.43,100,
11:19:01,47.42,100,
11:19:02,47.40,381,
11:19:03,47.40,619,
11:19:05,47.38,100,
11:19:06,47.38,100,
11:19:06,47.38,100,
11:19:06,47.35,100,
11:19:06,47.37,100,
11:19:06,47.37,100,
11:19:06,47.37,100,
11:19:07,47.36,100,
11:19:07,47.39,100,
11:19:11,47.41,650,
11:19:21,47.42,200,
11:19:21,47.42,300,
11:19:43,47.39,399,
11:19:50,47.38,500,
11:19:50,47.38,500,
11:19:50,47.38,400,
11:19:52,47.39,150,
11:19:52,47.39,400,
11:20:01,47.4352,430,
11:20:07,47.39,400,
11:20:07,47.4014,240,
11:20:07,47.4014,230,
11:20:14,47.36,100,
11:20:14,47.36,100,
11:20:18,47.41,100,
11:20:19,47.41,200,
11:20:19,47.41,200,
11:20:36,47.35,100,
11:20:36,47.35,400,
11:20:36,47.35,600,
11:20:40,47.33,200,
11:20:40,47.35,1300,
11:20:41,47.33,112,
11:20:41,47.30,100,
11:20:41,47.3074,241,
11:20:42,47.33,400,
11:20:45,47.352,600,
11:20:46,47.351,100,
11:20:46,47.351,100,
11:20:47,47.35,500,
11:20:57,47.341,100,
11:20:58,47.37,200,
11:20:58,47.379,100,
11:20:58,47.379,100,
11:21:03,47.3691,250,
11:21:20,47.41,100,
11:21:20,47.41,500,
11:21:20,47.41,100,
11:21:20,47.41,100,
11:21:25,47.426,200,
11:21:25,47.4298,100,
11:21:25,47.43,100,
11:21:25,47.43,100,
11:21:31,47.43,100,
11:21:32,47.43,1200,
11:21:32,47.45,100,
11:21:42,47.45,500,
11:21:44,47.45,200,
11:21:45,47.46,400,
11:21:45,47.47,100,
11:21:45,47.47,100,
11:21:45,47.47,100,
11:21:47,47.49,100,
11:21:52,47.49,100,
11:21:52,47.52,100,
11:21:52,47.50,150,
11:21:52,47.51,100,
11:21:53,47.52,100,
11:21:54,47.48,100,
11:21:58,47.454,100,
11:22:08,47.49,100,
11:22:12,47.51,400,
11:22:16,47.53,100,
11:22:16,47.5297,200,
11:22:16,47.53,100,
11:22:16,47.53,100,
11:22:17,47.54,400,
11:22:18,47.55,240,
11:22:18,47.55,400,
11:22:18,47.56,3200,
11:22:19,47.53,100,
11:22:19,47.56,100,
11:22:19,47.58,400,
11:22:20,47.59,300,
11:22:20,47.58,100,
11:22:24,47.57,100,
11:22:29,47.57,100,
11:22:29,47.57,100,
11:22:30,47.57,300,
11:22:30,47.58,300,
11:22:30,47.58,100,
11:22:30,47.58,100,
11:22:34,47.5701,950,
11:22:42,47.5972,500,
11:22:44,47.60,200,
11:22:46,47.60,100,
11:22:46,47.62,100,
11:22:47,47.649,5000,
11:22:50,47.65,100,
11:22:55,47.63,100,
11:22:55,47.6302,100,
11:22:55,47.63,200,
11:23:01,47.66,200,
11:23:04,47.63,219,
11:23:04,47.63,203,
11:23:06,47.6001,750,
11:23:07,47.63,900,
11:23:10,47.62,500,
11:23:10,47.601,300,
11:23:10,47.601,300,
11:23:19,47.61,100,
11:23:22,47.63,200,
11:23:22,47.63,200,
11:23:28,47.62,400,
11:23:30,47.61,100,
11:23:32,47.585,1500,
11:23:35,47.59,100,
11:23:35,47.59,100,
11:23:46,47.60,200,
11:23:46,47.60,100,
11:23:46,47.62,100,
11:23:46,47.62,100,
11:23:46,47.62,100,
11:23:46,47.61,100,
11:23:46,47.61,100,
11:23:46,47.60,100,
11:23:50,47.64,100,
11:23:56,47.63,100,
11:23:56,47.64,360,
11:23:56,47.64,100,
11:23:58,47.6597,100,
11:23:58,47.66,300,
11:24:01,47.66,100,
11:24:01,47.66,100,
11:24:03,47.62,100,
11:24:34,47.63,100,
11:24:46,47.61,500,
11:24:46,47.61,100,
11:24:46,47.63,100,
11:24:46,47.63,100,
11:24:49,47.67,200,
11:24:50,47.67,100,
11:24:50,47.67,100,
11:24:51,47.67,100,
11:24:52,47.67,100,
11:24:54,47.66,100,
11:24:59,47.6445,300,
11:25:00,47.63,240,
11:25:11,47.65,400,
11:25:22,47.67,1000,
11:25:24,47.68,400,
11:25:25,47.69,100,
11:25:25,47.6959,1000,
11:25:28,47.69,130,
11:25:28,47.69,100,
11:25:30,47.70,100,
11:25:30,47.70,500,
11:25:30,47.7041,150,
11:25:32,47.68,150,
11:25:32,47.65,300,
11:25:32,47.65,100,
11:25:32,47.64,100,
11:25:36,47.63,136,
11:25:59,47.6686,800,
11:26:18,47.67,220,
11:26:34,47.7391,325,
11:26:36,47.70,100,
11:26:39,47.69,100,
11:26:39,47.69,100,
11:26:39,47.69,100,
11:26:39,47.69,100,
11:26:39,47.70,240,
11:26:39,47.70,158,
11:26:45,47.74,115,
11:26:47,47.7497,100,
11:26:54,47.735,1000,
11:26:56,47.67,300,
11:26:57,47.70,100,
11:27:12,47.73,1000,
11:27:15,47.71,312,
11:27:15,47.72,200,
11:27:26,47.70,200,
11:27:30,47.69,100,
11:27:33,47.63,400,
11:27:33,47.64,100,
11:27:33,47.64,100,
11:27:33,47.64,100,
11:27:33,47.64,100,
11:27:34,47.64,300,
11:27:40,47.65,100,
11:27:48,47.67,800,
11:27:57,47.6072,500,
11:27:57,47.55,300,
11:27:57,47.57,150,
11:27:57,47.57,400,
11:27:58,47.59,100,
11:27:58,47.59,800,
11:27:59,47.59,150,
11:27:59,47.59,400,
11:28:08,47.608,250,
11:28:12,47.60,400,
11:28:30,47.598,2700,
11:28:40,47.62,240,
11:28:40,47.63,100,
11:28:40,47.63,100,
11:29:21,47.57,100,
11:29:21,47.57,100,
11:29:21,47.57,100,
11:29:49,47.55,200,
11:29:49,47.54,1420,
11:29:56,47.56,100,
11:29:56,47.56,100,
11:29:56,47.56,150,
11:29:56,47.569,510,
11:29:58,47.57,2200,
11:29:58,47.57,7100,
11:29:59,47.5402,100,
11:29:59,47.54,100,
11:29:59,47.54,100,
11:30:59,47.62,4000,
11:31:04,47.55,300,
11:31:04,47.55,500,
11:31:04,47.55,200,
11:31:04,47.55,300,
11:31:05,47.57,1100,
11:31:05,47.5699,1100,
11:31:09,47.58,240,
11:31:09,47.59,100,
11:31:09,47.60,300,
11:31:09,47.64,100,
11:31:09,47.61,100,
11:31:11,47.64,100,
11:31:18,47.64,100,
11:31:20,47.63,100,
11:31:21,47.6399,100,
11:31:24,47.65,179,
11:31:28,47.66,400,
11:31:31,47.6672,1000,
11:31:48,47.66,300,
11:31:48,47.66,100,
11:31:48,47.66,400,
11:31:49,47.65,107,
11:31:49,47.63,400,
11:31:50,47.64,600,
11:31:54,47.63,100,
11:31:56,47.63,240,
11:32:01,47.69,100,
11:32:01,47.69,300,
11:32:03,47.6601,200,
11:32:03,47.66,800,
11:32:05,47.67,240,
11:32:05,47.67,100,
11:32:06,47.68,200,
11:32:06,47.68,200,
11:32:22,47.709,550,
11:32:31,47.7002,100,
11:32:31,47.70,300,
11:32:33,47.70,219,
11:32:45,47.72,4400,
11:32:48,47.73,100,
11:32:48,47.73,100,
11:32:48,47.73,300,
11:32:48,47.73,400,
11:32:48,47.73,300,
11:32:49,47.72,240,
11:32:49,47.72,198,
11:32:56,47.7002,100,
11:32:56,47.70,100,
11:32:56,47.70,200,
11:32:56,47.70,100,
11:32:56,47.68,240,
11:32:56,47.68,150,
11:32:56,47.67,200,
11:32:56,47.67,240,
11:32:57,47.70,200,
11:32:57,47.68,220,
11:32:59,47.68,150,
11:32:59,47.70,100,
11:33:08,47.71,400,
11:33:10,47.71,200,
11:33:23,47.73,300,
11:33:23,47.72,100,
11:33:23,47.73,400,
11:33:23,47.73,600,
11:33:23,47.73,800,
11:33:23,47.73,300,
11:33:37,47.72,140,
11:33:40,47.711,2000,
11:33:44,47.7344,1000,
11:33:47,47.74,400,
11:33:47,47.74,100,
11:33:47,47.74,1200,
11:33:47,47.74,100,
11:33:50,47.72,150,
11:33:55,47.72,200,
11:34:05,47.72,150,
11:34:05,47.72,285,
11:34:13,47.7102,100,
11:34:13,47.71,500,
11:34:14,47.71,285,
11:34:17,47.69,100,
11:34:17,47.70,100,
11:34:17,47.70,100,
11:34:24,47.68,200,
11:34:26,47.696,300,
11:34:40,47.61,400,
11:34:44,47.67,150,
11:34:46,47.67,240,
11:34:50,47.63,100,
11:34:50,47.63,400,
11:34:51,47.61,400,
11:34:52,47.62,300,
11:34:57,47.60,219,
11:34:58,47.56,4000,
11:34:58,47.58,250,
11:34:58,47.58,240,
11:35:19,47.5601,5000,
11:35:24,47.55,150,
11:35:24,47.55,200,
11:35:24,47.55,261,
11:35:29,47.52,100,
11:35:31,47.58,240,
11:35:35,47.574,500,
11:35:37,47.57,150,
11:35:38,47.56,500,
11:35:38,47.56,310,
11:35:38,47.56,300,
11:35:38,47.56,300,
11:35:38,47.54,240,
11:35:40,47.5498,100,
11:36:11,47.60,200,
11:36:44,47.55,150,
11:36:44,47.55,100,
11:36:51,47.54,150,
11:36:52,47.544,1000,
11:37:37,47.56,100,
11:37:37,47.54,150,
11:37:37,47.54,800,
11:37:45,47.56,111,
11:37:49,47.59,800,
11:37:51,47.59,100,
11:37:51,47.59,150,
11:37:51,47.59,274,
11:37:53,47.61,240,
11:38:07,47.65,100,
11:38:07,47.642,100,
11:38:10,47.70,100,
11:38:10,47.71,100,
11:38:10,47.70,200,
11:38:10,47.70,100,
11:38:11,47.71,100,
11:38:17,47.71,240,
11:38:17,47.71,100,
11:38:20,47.70,240,
11:38:20,47.69,100,
11:38:20,47.69,300,
11:38:25,47.696,500,
11:38:33,47.69,100,
11:38:38,47.68,100,
11:38:47,47.69,100,
11:38:51,47.65,100,
11:39:09,47.65,240,
11:39:10,47.65,1400,
11:39:22,47.63,300,
11:39:22,47.63,168,
11:39:22,47.65,100,
11:39:25,47.67,400,
11:39:38,47.67,240,
11:39:40,47.67,100,
11:39:43,47.66,200,
11:39:49,47.638,105,
11:40:00,47.64,150,
11:40:00,47.69,400,
11:40:00,47.68,430,
11:40:00,47.69,400,
11:40:00,47.69,300,
11:40:18,47.70,2000,
11:40:20,47.70,697,
11:40:26,47.73,240,
11:40:26,47.73,300,
11:40:26,47.73,1010,
11:40:35,47.736,1000,
11:40:40,47.72,240,
11:40:40,47.70,100,
11:40:42,47.72,100,
11:40:51,47.68,100,
11:40:52,47.6857,1000,
11:41:11,47.726,200,
11:41:18,47.72,100,
11:41:27,47.72,150,
11:41:30,47.7243,600,
11:41:31,47.73,240,
11:41:32,47.726,400,
11:41:41,47.72,500,
11:41:46,47.70,700,
11:41:46,47.70,100,
11:41:49,47.71,100,
11:41:49,47.71,600,
11:41:49,47.71,300,
11:41:58,47.71,100,
11:42:18,47.70,100,
11:42:18,47.70,100,
11:42:23,47.69,300,
11:42:23,47.69,300,
11:42:23,47.68,100,
11:42:38,47.69,100,
11:42:38,47.69,240,
11:42:38,47.69,100,
11:42:40,47.69,300,
11:42:50,47.684,400,
11:42:50,47.70,150,
11:43:01,47.73,300,
11:43:01,47.73,400,
11:43:01,47.73,100,
11:43:01,47.73,100,
11:43:01,47.73,100,
11:43:01,47.73,100,
11:43:05,47.74,100,
11:43:14,47.75,145,
11:43:31,47.72,100,
11:43:47,47.70,400,
11:43:47,47.70,100,
11:43:48,47.70,400,
11:44:19,47.73,100,
11:44:20,47.74,100,
11:44:28,47.71,150,
11:44:29,47.72,2500,
11:44:35,47.73,100,
11:44:52,47.69,100,
11:45:05,47.70,400,
11:45:05,47.69,100,
11:45:15,47.70,400,
11:45:15,47.71,100,
11:45:17,47.71,150,
11:45:17,47.71,100,
11:45:17,47.70,700,
11:45:17,47.70,150,
11:45:17,47.69,300,
11:45:17,47.71,400,
11:45:18,47.69,1000,
11:45:21,47.71,240,
11:45:22,47.72,240,
11:45:22,47.72,100,
11:45:35,47.74,100,
11:45:35,47.75,150,
11:45:35,47.75,400,
11:45:36,47.75,100,
11:45:36,47.78,400,
11:45:36,47.77,100,
11:45:37,47.77,100,
11:45:37,47.78,400,
11:45:39,47.78,100,
11:45:42,47.79,150,
11:45:43,47.79,100,
11:45:44,47.7704,2000,
11:46:08,47.81,150,
11:46:08,47.81,100,
11:46:15,47.82,100,
11:46:23,47.83,200,
11:46:29,47.828,400,
11:46:33,47.80,150,
11:46:33,47.79,800,
11:46:33,47.79,255,
11:46:33,47.7999,4000,
11:46:51,47.8001,500,
11:46:53,47.81,100,
11:46:53,47.81,200,
11:46:55,47.81,300,
11:46:57,47.79,100,
11:46:57,47.78,100,
11:46:57,47.79,100,
11:46:57,47.81,150,
11:46:57,47.81,100,
11:47:07,47.81,150,
11:47:11,47.83,100,
11:47:13,47.81,300,
11:47:15,47.828,600,
11:47:40,47.81,100,
11:47:40,47.81,100,
11:47:52,47.81,900,
11:47:55,47.8029,100,
11:47:55,47.805,100,
11:47:57,47.84,100,
11:47:57,47.85,100,
11:47:57,47.85,200,
11:48:14,47.83,500,
11:48:24,47.85,100,
11:48:27,47.84,100,
11:48:29,47.83,240,
11:48:43,47.81,100,
11:48:49,47.8401,200,
11:48:49,47.83,100,
11:48:51,47.85,300,
11:49:01,47.85,400,
11:49:11,47.85,499,
11:49:18,47.8301,100,
11:49:18,47.82,400,
11:49:18,47.83,150,
11:49:22,47.81,100,
11:49:25,47.79,200,
11:49:25,47.79,200,
11:49:26,47.80,240,
11:49:32,47.81,150,
11:49:35,47.81,800,
11:49:55,47.83,100,
11:50:22,47.83,300,
11:50:23,47.84,240,
11:50:23,47.8399,685,
11:50:36,47.84,200,
11:50:36,47.84,200,
11:50:37,47.84,200,
11:50:39,47.83,240,
11:50:41,47.806,600,
11:50:45,47.82,100,
11:50:58,47.83,240,
11:51:00,47.849,200,
11:51:00,47.849,200,
11:51:16,47.83,240,
11:51:16,47.81,100,
11:51:24,47.80,200,
11:51:24,47.80,100,
11:51:24,47.80,400,
11:51:24,47.80,200,
11:51:28,47.77,100,
11:51:29,47.76,200,
11:51:31,47.7602,100,
11:51:36,47.7743,500,
11:51:47,47.76,385,
11:52:07,47.75,400,
11:52:09,47.71,100,
11:52:10,47.73,300,
11:52:12,47.7302,500,
11:52:19,47.76,400,
11:52:19,47.76,100,
11:52:19,47.75,100,
11:52:20,47.78,200,
11:52:42,47.78,150,
11:52:42,47.80,200,
11:52:42,47.78,100,
11:53:13,47.79,240,
11:53:13,47.79,800,
11:53:18,47.7903,100,
11:53:18,47.79,500,
11:53:18,47.794,1000,
11:53:19,47.82,100,
11:53:19,47.82,100,
11:53:52,47.8271,200,
11:53:56,47.85,280,
11:54:07,47.86,240,
11:54:07,47.87,100,
11:54:07,47.86,500,
11:54:07,47.86,300,
11:54:07,47.87,200,
11:54:07,47.88,240,
11:54:10,47.89,240,
11:54:11,47.86,100,
11:54:17,47.8743,1000,
11:54:19,47.85,150,
11:54:30,47.84,150,
11:54:34,47.83,150,
11:54:37,47.84,200,
11:54:37,47.84,100,
11:54:55,47.82,166,
11:55:11,47.83,100,
11:55:24,47.81,220,
11:55:27,47.80,100,
11:55:54,47.77,100,
11:56:12,47.761,3600,
11:56:41,47.76,100,
11:56:44,47.78,100,
11:56:44,47.78,400,
11:56:44,47.78,240,
11:56:48,47.7501,500,
11:57:02,47.75,100,
11:57:07,47.73,300,
11:57:14,47.74,240,
11:57:14,47.73,100,
11:57:24,47.71,400,
11:57:29,47.70,189,
11:57:30,47.7052,100,
11:57:30,47.70,100,
11:57:30,47.68,100,
11:57:30,47.68,100,
11:57:33,47.689,200,
11:57:33,47.70,3900,
11:57:34,47.68,100,
11:57:34,47.68,100,
11:57:35,47.685,600,
11:57:38,47.66,3700,
11:57:42,47.68,300,
11:57:49,47.66,100,
11:58:03,47.63,650,
11:58:06,47.65,100,
11:58:09,47.61,100,
11:58:15,47.616,100,
11:58:16,47.64,240,
11:58:16,47.65,6709,
11:58:18,47.65,200,
11:58:18,47.65,200,
11:58:22,47.6157,500,
11:58:23,47.61,150,
11:58:32,47.57,100,
11:58:33,47.57,100,
11:58:33,47.589,100,
11:58:35,47.5605,1000,
11:58:36,47.587,3500,
11:58:39,47.54,100,
11:58:39,47.58,300,
11:58:40,47.609,100,
11:58:54,47.57,200,
11:58:57,47.55,100,
11:59:02,47.56,100,
11:59:06,47.54,100,
11:59:14,47.5202,100,
11:59:14,47.52,300,
11:59:18,47.52,100,
11:59:18,47.52,100,
11:59:19,47.54,100,
11:59:19,47.54,100,
11:59:24,47.52,400,
11:59:24,47.50,240,
11:59:25,47.5049,100,
11:59:30,47.50,200,
11:59:30,47.50,100,
11:59:32,47.52,150,
11:59:33,47.50,100,
11:59:36,47.526,300,
11:59:36,47.52,100,
11:59:54,47.506,200,
11:59:55,47.50,200,
11:59:55,47.50,300,
12:00:01,47.5088,300,
12:00:01,47.53,200,
12:00:01,47.53,400,
12:00:01,47.53,330,
12:00:01,47.53,200,
12:00:10,47.5298,100,
12:00:15,47.53,400,
12:00:15,47.54,240,
12:00:15,47.54,800,
12:00:17,47.56,100,
12:00:17,47.55,149,
12:00:18,47.54,2000,
12:00:18,47.54,100,
12:00:18,47.54,400,
12:00:18,47.54,600,
12:00:18,47.54,500,
12:00:18,47.54,500,
12:00:18,47.54,300,
12:00:18,47.54,300,
12:00:21,47.52,5017,
12:00:21,47.55,150,
12:00:26,47.54,200,
12:00:29,47.5443,200,
12:00:42,47.5202,1000,
12:00:43,47.54,240,
12:00:43,47.54,800,
12:00:51,47.557,800,
12:01:03,47.569,300,
12:01:07,47.54,240,
12:01:08,47.53,100,
12:01:13,47.57,384,
12:01:28,47.6095,500,
12:01:33,47.59,100,
12:01:33,47.59,100,
12:01:41,47.57,224,
12:01:53,47.59,800,
12:01:56,47.59,100,
12:01:57,47.59,150,
12:02:01,47.61,200,
12:02:01,47.61,240,
12:02:06,47.62,2500,
12:02:18,47.60,150,
12:02:18,47.6098,100,
12:02:18,47.61,400,
12:02:36,47.64,200,
12:02:36,47.66,239,
12:02:37,47.63,150,
12:02:39,47.61,150,
12:02:41,47.63,135,
12:02:46,47.63,5000,
12:02:53,47.66,100,
12:02:53,47.66,100,
12:02:53,47.66,500,
12:03:02,47.658,100,
12:03:02,47.658,200,
12:03:02,47.66,100,
12:03:02,47.658,100,
12:03:02,47.66,200,
12:03:09,47.68,300,
12:03:09,47.68,150,
12:03:09,47.68,100,
12:03:11,47.68,240,
12:03:11,47.68,100,
12:03:11,47.67,600,
12:03:25,47.70,345,
12:03:27,47.70,100,
12:03:30,47.7135,100,
12:03:30,47.72,100,
12:03:30,47.72,100,
12:03:32,47.74,100,
12:03:32,47.75,100,
12:03:32,47.75,300,
12:03:33,47.7302,444,
12:03:34,47.72,200,
12:03:34,47.72,150,
12:03:34,47.748,300,
12:03:39,47.7295,1000,
12:03:39,47.729,400,
12:03:42,47.724,1000,
12:03:51,47.7295,500,
12:03:52,47.729,2000,
12:04:11,47.69,200,
12:04:17,47.65,400,
12:04:48,47.64,100,
12:04:49,47.63,100,
12:04:49,47.63,240,
12:04:49,47.61,100,
12:04:51,47.614,1000,
12:05:07,47.6109,925,
12:05:13,47.612,700,
12:05:14,47.65,150,
12:05:30,47.676,700,
12:05:33,47.6714,690,
12:05:33,47.69,200,
12:05:33,47.69,300,
12:05:37,47.71,240,
12:05:37,47.71,300,
12:05:38,47.729,200,
12:05:38,47.72,100,
12:05:48,47.74,240,
12:05:51,47.75,200,
12:05:57,47.77,100,
12:05:59,47.76,100,
12:06:02,47.7799,700,
12:06:02,47.76,150,
12:06:03,47.78,100,
12:06:03,47.7786,100,
12:06:03,47.7786,200,
12:06:03,47.7786,175,
12:06:03,47.7786,200,
12:06:03,47.7786,200,
12:06:04,47.78,117,
12:06:04,47.7786,117,
12:06:04,47.7786,100,
12:06:04,47.7786,100,
12:06:04,47.78,100,
12:06:04,47.78,100,
12:06:04,47.7786,200,
12:06:11,47.80,150,
12:06:12,47.79,100,
12:06:12,47.8118,100,
12:06:12,47.8146,100,
12:06:12,47.82,100,
12:06:12,47.82,100,
12:06:14,47.82,230,
12:06:14,47.82,170,
12:06:14,47.82,100,
12:06:14,47.82,400,
12:06:14,47.82,100,
12:06:14,47.82,100,
12:06:14,47.82,100,
12:06:14,47.83,400,
12:06:14,47.83,150,
12:06:14,47.84,100,
12:06:14,47.84,300,
12:06:14,47.85,140,
12:06:14,47.84,150,
12:06:14,47.85,150,
12:06:14,47.87,136,
12:06:15,47.88,200,
12:06:15,47.89,200,
12:06:16,47.87,130,
12:06:18,47.83,400,
12:06:24,47.85,146,
12:06:24,47.85,254,
12:06:24,47.84,200,
12:06:24,47.84,100,
12:06:25,47.82,100,
12:06:25,47.82,100,
12:06:25,47.82,500,
12:06:25,47.82,100,
12:06:28,47.84,100,
12:06:35,47.8395,500,
12:06:42,47.8389,1000,
12:06:49,47.83,400,
12:06:57,47.86,17420,
12:07:20,47.81,200,
12:07:20,47.81,132,
12:07:20,47.81,168,
12:07:21,47.78,291,
12:07:21,47.78,190,
12:07:21,47.78,100,
12:07:21,47.78,299,
12:07:21,47.76,200,
12:07:21,47.76,200,
12:07:21,47.76,100,
12:07:21,47.7614,200,
12:07:21,47.7614,200,
12:07:21,47.7614,200,
12:07:21,47.76,200,
12:07:21,47.76,100,
12:07:21,47.76,200,
12:07:24,47.744,200,
12:07:29,47.731,100,
12:07:32,47.75,100,
12:07:40,47.75,600,
12:07:47,47.67,240,
12:07:47,47.67,400,
12:07:47,47.65,1000,
12:07:49,47.65,100,
12:07:52,47.61,320,
12:07:52,47.60,100,
12:07:52,47.60,100,
12:07:52,47.61,100,
12:07:52,47.61,400,
12:07:56,47.59,100,
12:07:56,47.59,100,
12:07:57,47.60,100,
12:08:00,47.606,200,
12:08:07,47.60,500,
12:08:10,47.65,200,
12:08:12,47.6359,200,
12:08:13,47.65,100,
12:08:14,47.66,100,
12:08:14,47.634,400,
12:08:15,47.64,150,
12:08:20,47.6195,1000,
12:08:24,47.622,1000,
12:08:32,47.61,200,
12:08:37,47.60,150,
12:08:58,47.60,300,
12:09:02,47.58,200,
12:09:16,47.68,100,
12:09:16,47.67,100,
12:09:24,47.6399,100,
12:09:25,47.6441,100,
12:09:43,47.66,100,
12:10:23,47.63,240,
12:10:23,47.63,299,
12:10:35,47.68,100,
12:10:39,47.71,500,
12:10:53,47.71,200,
12:10:57,47.704,1000,
12:11:12,47.71,400,
12:11:28,47.6805,1800,
12:11:52,47.70,300,
12:12:14,47.76,300,
12:12:46,47.7347,532,
12:13:03,47.73,100,
12:13:03,47.71,150,
12:13:05,47.67,1740,
12:13:45,47.67,100,
12:14:05,47.73,200,
12:14:11,47.71,100,
12:14:11,47.7161,200,
12:14:11,47.7181,100,
12:14:11,47.71,100,
12:14:12,47.7181,100,
12:14:12,47.7397,100,
12:14:12,47.74,300,
12:14:15,47.74,240,
12:14:15,47.74,800,
12:14:15,47.74,500,
12:14:15,47.74,340,
12:14:15,47.75,100,
12:14:15,47.76,100,
12:14:15,47.77,328,
12:14:15,47.76,400,
12:14:15,47.74,100,
12:14:15,47.78,200,
