09:30:00,54.37,200,
09:30:00,54.37,200,
09:30:00,54.38,200,
09:30:00,54.38,100,
09:30:06,54.35,200,
09:30:24,54.42,300,
09:30:24,54.42,300,
09:30:24,54.42,300,
09:30:24,54.41,200,
09:30:24,54.42,200,
09:30:24,54.40,100,
09:30:25,54.40,100,
09:30:27,54.41,100,
09:30:27,54.4027,100,
09:30:27,54.41,100,
09:30:28,54.4346,1900,
09:30:29,54.3699,600,
09:30:35,54.4199,200,
09:30:36,54.4001,500,
09:30:40,54.49,100,
09:30:40,54.49,100,
09:30:45,54.5152,323,
09:30:46,54.5152,200,
09:30:48,54.528,100,
09:30:52,54.58,200,
09:30:53,54.5848,275,
09:30:57,54.55,200,
09:30:57,54.55,100,
09:30:57,54.55,100,
09:30:57,54.55,300,
09:30:58,54.5597,100,
09:30:58,54.56,200,
09:30:58,54.56,200,
09:30:58,54.56,100,
09:30:58,54.56,100,
09:30:58,54.56,100,
09:30:59,54.55,100,
09:30:59,54.55,100,
09:30:59,54.55,900,
09:31:10,54.5418,1000,
09:31:10,54.55,200,
09:31:10,54.55,100,
09:31:10,54.55,100,
09:31:10,54.55,300,
09:31:10,54.55,200,
09:31:10,54.55,300,
09:31:21,54.59,100,
09:31:21,54.60,450,
09:31:22,54.632,500,
09:31:23,54.62,200,
09:31:23,54.621,100,
09:31:23,54.621,200,
09:31:25,54.626,600,
09:31:27,54.61,100,
09:31:27,54.609,100,
09:31:28,54.61,300,
09:31:35,54.62,100,
09:31:35,54.62,300,
09:31:36,54.62,300,
09:31:36,54.61,300,
09:31:36,54.594,664,
09:31:47,54.6998,1000,
09:31:48,54.6608,1000,
09:31:50,54.67,300,
09:31:50,54.68,300,
09:31:50,54.68,300,
09:31:50,54.65,100,
09:31:50,54.67,100,
09:31:50,54.66,100,
09:31:50,54.64,100,
09:31:52,54.67,300,
09:31:56,54.66,300,
09:31:56,54.66,100,
09:31:56,54.66,100,
09:31:56,54.6418,500,
09:32:00,54.6401,400,
09:32:02,54.6495,200,
09:32:04,54.64,300,
09:32:07,54.62,300,
09:32:21,54.6086,200,
09:32:23,54.61,200,
09:32:30,54.62,100,
09:32:31,54.62,100,
09:32:32,54.6499,2000,
09:32:35,54.6245,100,
09:32:48,54.6261,487,
09:32:58,54.593,200,
09:32:59,54.66,300,
09:32:59,54.66,600,
09:32:59,54.64,300,
09:33:04,54.64,300,
09:33:04,54.64,300,
09:33:04,54.64,300,
09:33:04,54.64,300,
09:33:04,54.63,200,
09:33:04,54.63,200,
09:33:04,54.64,100,
09:33:04,54.65,200,
09:33:04,54.65,300,
09:33:04,54.64,300,
09:33:05,54.6501,300,
09:33:09,54.6513,100,
09:33:11,54.70,175,
09:33:15,54.709,100,
09:33:16,54.7128,800,
09:33:16,54.69,700,
09:33:17,54.69,100,
09:33:23,54.72,400,
09:33:23,54.74,300,
09:33:24,54.75,100,
09:33:26,54.74,200,
09:33:26,54.75,100,
09:33:26,54.74,300,
09:33:26,54.74,100,
09:33:26,54.71,100,
09:33:26,54.68,100,
09:33:26,54.69,100,
09:33:27,54.6899,1000,
09:33:33,54.641,925,
09:33:38,54.65,100,
09:33:47,54.55,400,
09:33:47,54.56,100,
09:33:48,54.56,200,
09:33:48,54.55,200,
09:33:48,54.50,100,
09:33:50,54.528,1500,
09:33:51,54.5285,1200,
09:33:51,54.50,100,
09:33:53,54.5255,100,
09:33:53,54.509,300,
09:33:55,54.486,250,
09:33:58,54.5299,915,
09:33:59,54.53,400,
09:33:59,54.5274,2000,
09:34:03,54.502,100,
09:34:08,54.4999,200,
09:34:08,54.50,100,
09:34:15,54.43,200,
09:34:17,54.4662,600,
09:34:27,54.40,200,
09:34:30,54.35,100,
09:34:30,54.35,100,
09:34:30,54.30,100,
09:34:30,54.30,500,
09:34:30,54.30,100,
09:34:30,54.29,200,
09:34:34,54.349,150,
09:34:36,54.3299,100,
09:34:36,54.33,100,
09:34:36,54.33,300,
09:34:41,54.349,1500,
09:34:43,54.34,100,
09:34:54,54.46,124,
09:34:54,54.46,100,
09:34:54,54.44,100,
09:35:02,54.43,100,
09:35:04,54.45,100,
09:35:06,54.43,100,
09:35:13,54.4189,100,
09:35:14,54.40,300,
09:35:14,54.41,100,
09:35:25,54.3101,200,
09:35:25,54.28,100,
09:35:26,54.299,1000,
09:35:27,54.32,400,
09:35:27,54.32,400,
09:35:28,54.30,200,
09:35:28,54.32,100,
09:35:39,54.28,100,
09:35:39,54.27,800,
09:35:39,54.27,100,
09:35:39,54.27,100,
09:35:39,54.26,200,
09:35:39,54.25,100,
09:35:39,54.27,200,
09:35:39,54.27,600,
09:35:39,54.27,100,
09:35:41,54.27,100,
09:35:46,54.23,100,
09:35:46,54.22,200,
09:35:47,54.2115,596,
09:35:48,54.21,200,
09:35:49,54.17,500,
09:36:12,54.20,300,
09:36:13,54.21,100,
09:36:13,54.20,200,
09:36:14,54.23,200,
09:36:17,54.26,100,
09:36:18,54.2739,200,
09:36:31,54.286,1000,
09:36:44,54.26,100,
09:36:44,54.25,100,
09:36:44,54.25,200,
09:36:44,54.25,100,
09:36:44,54.2399,150,
09:36:44,54.24,100,
09:36:49,54.21,100,
09:36:54,54.2299,100,
09:37:03,54.2502,600,
09:37:08,54.2254,250,
09:37:11,54.238,485,
09:37:18,54.25,200,
09:37:33,54.22,100,
09:37:33,54.21,100,
09:37:40,54.2176,1500,
09:37:48,54.2273,1000,
09:37:51,54.21,200,
09:37:51,54.21,200,
09:37:53,54.1999,100,
09:38:00,54.1201,500,
09:38:01,54.11,100,
09:38:01,54.11,200,
09:38:01,54.13,100,
09:38:02,54.13,175,
09:38:03,54.14,100,
09:38:03,54.16,100,
09:38:03,54.16,100,
09:38:03,54.14,100,
09:38:11,54.175,1300,
09:38:13,54.18,100,
09:38:15,54.13,100,
09:38:15,54.13,100,
09:38:15,54.11,100,
09:38:17,54.134,500,
09:38:18,54.10,100,
09:38:18,54.10,300,
09:38:18,54.10,100,
09:38:18,54.11,200,
09:38:18,54.10,200,
09:38:18,54.11,300,
09:38:18,54.09,200,
09:38:18,54.10,200,
09:38:20,54.104,500,
09:38:23,54.10,150,
09:38:24,54.11,200,
09:38:24,54.11,100,
09:38:24,54.11,300,
09:38:24,54.11,800,
09:38:24,54.10,200,
09:38:24,54.10,200,
09:38:24,54.10,300,
09:38:24,54.10,100,
09:38:25,54.1161,2000,
09:38:31,54.08,100,
09:38:31,54.08,300,
09:38:31,54.09,100,
09:38:31,54.09,100,
09:38:31,54.10,300,
09:38:31,54.10,100,
09:38:31,54.07,100,
09:38:31,54.07,200,
09:38:31,54.04,300,
09:38:31,54.06,100,
09:38:31,54.06,100,
09:38:31,54.07,100,
09:38:31,54.07,200,
09:38:33,54.09,100,
09:38:35,54.1696,100,
09:38:35,54.17,200,
09:38:35,54.16,200,
09:38:36,54.17,100,
09:38:39,54.18,100,
09:38:42,54.14,100,
09:38:42,54.14,300,
09:38:42,54.12,100,
09:38:42,54.11,100,
09:38:42,54.13,200,
09:38:42,54.13,100,
09:38:42,54.15,200,
09:38:42,54.12,200,
09:38:45,54.13,300,
09:38:45,54.14,100,
09:38:45,54.14,100,
09:38:50,54.136,1000,
09:38:52,54.18,100,
09:38:59,54.2299,400,
09:38:59,54.23,100,
09:38:59,54.2168,100,
09:38:59,54.2299,100,
09:38:59,54.2219,200,
09:38:59,54.23,100,
09:38:59,54.20,100,
09:38:59,54.20,300,
09:38:59,54.21,300,
09:38:59,54.18,100,
09:38:59,54.18,200,
09:38:59,54.18,100,
09:39:00,54.189,100,
09:39:02,54.187,1300,
09:39:11,54.179,400,
09:39:21,54.2398,800,
09:39:25,54.20,300,
09:39:25,54.21,300,
09:39:25,54.21,300,
09:39:25,54.22,300,
09:39:25,54.22,200,
09:39:25,54.18,300,
09:39:25,54.18,100,
09:39:25,54.20,200,
09:39:25,54.20,200,
09:39:25,54.16,100,
09:39:25,54.18,100,
09:39:25,54.20,300,
09:39:26,54.198,200,
09:39:27,54.198,1000,
09:39:27,54.1999,300,
09:39:27,54.20,100,
09:39:34,54.20,200,
09:39:37,54.209,2100,
09:39:37,54.21,100,
09:39:37,54.21,500,
09:39:37,54.219,100,
09:39:38,54.208,300,
09:39:38,54.208,100,
09:39:38,54.208,100,
09:39:38,54.217,1800,
09:39:38,54.208,100,
09:39:39,54.219,100,
09:39:42,54.2399,200,
09:39:42,54.24,100,
09:39:42,54.2399,100,
09:39:48,54.27,100,
09:39:48,54.26,200,
09:39:50,54.289,200,
09:39:53,54.32,100,
09:39:54,54.32,200,
09:39:54,54.31,100,
09:40:09,54.20,100,
09:40:12,54.20,100,
09:40:14,54.1999,300,
09:40:27,54.1464,143,
09:40:42,54.05,100,
09:40:42,54.05,100,
09:40:45,54.03,500,
09:40:45,54.06,100,
09:40:46,54.06,100,
09:40:48,54.0499,200,
09:40:48,54.05,100,
09:40:52,54.0299,200,
09:40:52,54.03,100,
09:40:52,54.0299,100,
09:40:53,54.059,250,
09:40:59,54.04,100,
09:41:00,54.06,500,
09:41:01,54.04,1150,
09:41:03,54.06,100,
09:41:05,54.0597,100,
09:41:05,54.06,300,
09:41:08,54.049,100,
09:41:12,54.0399,150,
09:41:17,54.0501,100,
09:41:19,54.05,100,
09:41:19,54.06,100,
09:41:19,54.07,100,
09:41:19,54.07,177,
09:41:19,54.04,100,
09:41:19,54.06,200,
09:41:31,54.07,100,
09:41:31,54.07,100,
09:41:48,54.1127,200,
09:41:57,54.05,200,
09:42:02,54.0711,500,
09:42:04,54.089,100,
09:42:06,54.09,300,
09:42:08,54.092,1000,
09:42:13,54.109,300,
09:42:15,54.11,100,
09:42:15,54.11,100,
09:42:15,54.1018,250,
09:42:21,54.11,300,
09:42:21,54.11,100,
09:42:21,54.11,200,
09:42:29,54.13,100,
09:42:29,54.12,100,
09:42:30,54.10,100,
09:42:30,54.10,130,
09:42:47,54.05,300,
09:42:47,54.0499,2000,
09:43:02,54.03,100,
09:43:02,54.03,100,
09:43:02,54.0236,100,
09:43:02,54.03,100,
09:43:10,54.0298,100,
09:43:11,54.0399,200,
09:43:16,54.01,100,
09:43:40,54.049,300,
09:43:40,54.049,400,
09:43:57,54.05,200,
09:43:57,54.05,8576,
09:43:57,54.05,800,
09:43:58,54.05,3400,
09:44:08,54.04,100,
09:44:11,54.04,100,
09:44:17,54.0299,100,
09:44:17,54.03,300,
09:44:30,54.03,100,
09:44:34,54.04,100,
09:44:35,54.05,100,
09:44:35,54.05,100,
09:44:35,54.06,100,
09:44:35,54.06,100,
09:44:35,54.06,100,
09:44:35,54.06,100,
09:44:35,54.06,100,
09:44:35,54.06,100,
09:44:35,54.06,100,
09:44:35,54.06,100,
09:44:35,54.07,100,
09:44:38,54.0701,1000,
09:44:49,54.08,600,
09:44:53,54.062,500,
09:45:10,54.13,100,
09:45:10,54.13,300,
09:45:11,54.15,200,
09:45:12,54.16,100,
09:45:12,54.1523,100,
09:45:12,54.14,100,
09:45:17,54.13,200,
09:45:18,54.12,300,
09:45:28,54.0999,100,
09:45:38,54.089,600,
09:45:38,54.089,600,
09:45:40,54.06,200,
09:45:50,54.12,200,
09:45:51,54.14,100,
09:45:51,54.14,100,
09:45:51,54.14,100,
09:45:58,54.1327,600,
09:46:01,54.10,100,
09:46:02,54.119,500,
09:46:03,54.11,100,
09:46:03,54.12,200,
09:46:03,54.13,100,
09:46:12,54.1099,1000,
09:46:12,54.11,200,
09:46:12,54.11,200,
09:46:12,54.11,200,
09:46:12,54.11,200,
09:46:12,54.11,200,
09:46:13,54.12,100,
09:46:20,54.12,100,
09:46:29,54.1202,700,
09:46:34,54.1273,1100,
09:46:40,54.05,300,
09:46:40,54.05,300,
09:46:40,54.04,100,
09:46:40,54.04,100,
09:46:40,54.04,100,
09:46:40,54.04,100,
09:46:40,54.04,200,
09:46:45,54.06,100,
09:46:53,54.04,100,
09:47:06,54.03,100,
09:47:06,54.05,100,
09:47:11,54.05,100,
09:47:34,54.049,200,
09:47:34,54.049,400,
09:47:35,54.05,100,
09:47:45,54.069,200,
09:47:45,54.069,200,
09:48:05,54.0752,200,
09:48:09,54.11,200,
09:48:11,54.11,200,
09:48:13,54.13,300,
09:48:13,54.15,200,
09:48:13,54.13,200,
09:48:13,54.16,100,
09:48:13,54.16,200,
09:48:13,54.16,100,
09:48:13,54.16,100,
09:48:16,54.1699,900,
09:48:16,54.17,400,
09:48:16,54.1699,300,
09:48:16,54.17,100,
09:48:18,54.20,100,
09:48:18,54.19,300,
09:48:18,54.20,200,
09:48:18,54.18,100,
09:48:19,54.1799,100,
09:48:19,54.18,100,
09:48:19,54.18,100,
09:48:19,54.18,200,
09:48:20,54.18,100,
09:48:20,54.18,1100,
09:48:20,54.1799,300,
09:48:20,54.18,300,
09:48:23,54.114,600,
09:48:28,54.159,100,
09:48:28,54.159,100,
09:48:40,54.18,100,
09:48:51,54.14,200,
09:48:51,54.15,200,
09:48:58,54.1647,400,
09:49:10,54.16,100,
09:49:10,54.158,510,
09:49:15,54.17,100,
09:49:16,54.1611,200,
09:49:17,54.16,100,
09:49:22,54.15,300,
09:49:23,54.14,100,
09:49:24,54.12,100,
09:49:24,54.12,100,
09:49:25,54.118,100,
09:49:31,54.1238,100,
09:49:51,54.1099,250,
09:49:58,54.10,600,
09:49:58,54.10,400,
09:49:58,54.10,900,
09:49:58,54.09,100,
09:49:58,54.08,200,
09:50:04,54.1001,200,
09:50:09,54.15,200,
09:50:09,54.15,100,
09:50:12,54.148,300,
09:50:13,54.15,100,
09:50:13,54.13,500,
09:50:18,54.1499,3000,
09:50:18,54.149,300,
09:50:21,54.13,100,
09:50:25,54.1009,200,
09:50:25,54.101,100,
09:50:28,54.10,200,
09:50:28,54.10,200,
09:50:28,54.10,200,
09:50:28,54.10,200,
09:50:28,54.10,200,
09:50:31,54.10,185,
09:50:36,54.10,200,
09:50:39,54.11,200,
09:50:39,54.12,500,
09:50:39,54.1007,300,
09:50:44,54.1002,300,
09:50:45,54.09,100,
09:50:46,54.11,100,
09:50:50,54.128,500,
09:50:54,54.13,200,
09:50:54,54.13,200,
09:50:56,54.16,400,
09:50:56,54.16,200,
09:50:58,54.16,100,
09:50:59,54.18,2000,
09:51:11,54.10,300,
09:51:11,54.10,100,
09:51:11,54.10,199,
09:51:23,54.11,100,
09:51:31,54.1411,300,
09:51:32,54.18,100,
09:51:32,54.18,600,
09:51:34,54.1609,500,
09:51:39,54.16,100,
09:51:41,54.169,100,
09:51:42,54.168,250,
09:51:51,54.14,300,
09:52:08,54.17,100,
09:52:12,54.14,200,
09:52:14,54.149,400,
09:52:14,54.149,410,
09:52:27,54.16,100,
09:52:35,54.12,200,
09:52:35,54.13,100,
09:52:43,54.23,100,
09:52:43,54.25,100,
09:52:43,54.25,600,
09:52:43,54.24,200,
09:52:43,54.23,100,
09:52:43,54.25,700,
09:52:43,54.25,200,
09:52:43,54.27,200,
09:52:43,54.23,100,
09:52:44,54.2871,500,
09:52:44,54.31,100,
09:52:50,54.2601,1150,
09:52:52,54.29,100,
09:52:52,54.29,200,
09:52:53,54.30,300,
09:52:53,54.30,200,
09:52:53,54.2899,1000,
09:52:53,54.27,200,
09:52:53,54.27,200,
09:52:53,54.27,900,
09:52:53,54.27,200,
09:52:53,54.27,200,
09:52:53,54.27,200,
09:52:53,54.27,200,
09:52:53,54.27,200,
09:52:53,54.27,200,
09:52:53,54.27,200,
09:52:53,54.27,200,
09:52:53,54.27,200,
09:52:55,54.25,100,
09:52:55,54.23,100,
09:52:55,54.211,3600,
09:52:56,54.27,200,
09:52:56,54.22,200,
09:52:56,54.2228,1000,
09:52:58,54.232,200,
09:52:59,54.2327,600,
09:53:02,54.2499,500,
09:53:02,54.2599,100,
09:53:02,54.2599,100,
09:53:02,54.28,200,
09:53:02,54.28,100,
09:53:03,54.272,100,
09:53:03,54.288,300,
09:53:05,54.26,400,
09:53:05,54.25,300,
09:53:05,54.22,200,
09:53:08,54.21,100,
09:53:09,54.19,200,
09:53:10,54.1998,454,
09:53:11,54.20,200,
09:53:11,54.20,200,
09:53:19,54.229,300,
09:53:19,54.23,100,
09:53:19,54.23,100,
09:53:19,54.229,300,
09:53:19,54.23,100,
09:53:19,54.23,200,
09:53:19,54.24,200,
09:53:20,54.248,1000,
09:53:21,54.229,100,
09:53:21,54.23,100,
09:53:21,54.23,200,
09:53:21,54.23,900,
09:53:22,54.229,1000,
09:53:24,54.221,100,
09:54:03,54.22,700,
09:54:03,54.2159,100,
09:54:07,54.16,200,
09:54:12,54.14,100,
09:54:12,54.14,100,
09:54:19,54.18,300,
09:54:19,54.1696,100,
09:54:34,54.2099,300,
09:54:35,54.2097,100,
09:54:36,54.21,400,
09:54:37,54.21,100,
09:54:38,54.238,700,
09:54:57,54.24,100,
09:55:05,54.21,200,
09:55:05,54.21,100,
09:55:05,54.24,200,
09:55:18,54.1699,100,
09:55:18,54.17,200,
09:55:18,54.17,182,
09:55:26,54.19,300,
09:55:30,54.1927,500,
09:55:30,54.21,200,
09:55:31,54.22,200,
09:55:31,54.22,300,
09:55:35,54.22,200,
09:55:39,54.22,200,
09:55:39,54.22,200,
09:55:39,54.22,400,
09:55:39,54.22,100,
09:55:39,54.22,100,
09:55:40,54.229,100,
09:55:40,54.22,200,
09:55:40,54.22,300,
09:55:40,54.22,200,
09:55:41,54.1994,1800,
09:55:45,54.19,100,
09:55:51,54.18,300,
09:55:52,54.168,100,
09:55:52,54.1687,422,
09:55:53,54.16,100,
09:55:54,54.1661,387,
09:56:19,54.169,100,
09:56:25,54.12,200,
09:56:25,54.12,100,
09:56:25,54.12,100,
09:56:25,54.12,100,
09:56:25,54.13,500,
09:56:25,54.12,100,
09:56:26,54.1041,500,
09:56:38,54.0872,500,
09:56:44,54.07,400,
09:56:51,54.05,100,
09:56:51,54.05,300,
09:56:51,54.05,100,
09:56:53,54.05,1000,
09:56:56,54.0399,400,
09:56:57,54.03,300,
09:56:57,54.03,100,
09:56:57,54.03,100,
09:56:59,54.02,100,
09:57:00,54.0416,400,
09:57:02,54.05,200,
09:57:03,54.0674,1000,
09:57:15,54.0747,1000,
09:57:18,54.10,400,
09:57:18,54.09,200,
09:57:25,54.07,100,
09:57:25,54.07,100,
09:57:25,54.089,1100,
09:57:29,54.08,400,
09:57:29,54.08,100,
09:57:33,54.09,600,
09:57:39,54.1074,350,
09:57:40,54.07,200,
09:57:40,54.07,300,
09:57:40,54.06,200,
09:57:40,54.06,100,
09:57:40,54.07,200,
09:57:40,54.07,200,
09:57:40,54.06,700,
09:57:40,54.05,8500,
09:57:58,54.05,100,
09:58:09,54.049,200,
09:58:10,54.01,500,
09:58:17,54.05,200,
09:58:17,54.05,300,
09:58:24,54.07,300,
09:58:24,54.07,300,
09:58:29,54.04,100,
09:58:30,54.06,600,
09:58:30,54.07,1598,
09:58:30,54.07,100,
09:58:32,54.07,300,
09:58:45,54.04,100,
09:58:53,54.04,200,
09:58:57,54.025,100,
09:59:07,54.04,200,
09:59:12,54.0646,500,
09:59:13,54.069,100,
09:59:13,54.062,600,
09:59:18,54.0301,300,
09:59:26,54.058,1000,
09:59:33,54.039,300,
09:59:45,54.059,1000,
09:59:49,54.01,100,
09:59:49,54.01,200,
09:59:49,54.01,100,
09:59:49,54,100,
09:59:49,54,100,
09:59:49,54,300,
09:59:49,54,100,
09:59:49,54,200,
09:59:49,53.99,300,
09:59:49,54.02,300,
09:59:49,54.02,300,
09:59:49,53.99,100,
09:59:49,54.002,300,
09:59:49,54.05,100,
09:59:49,54.025,100,
09:59:49,54.02,200,
09:59:49,54.02,100,
09:59:49,54.02,100,
09:59:49,54.02,400,
09:59:49,54.01,200,
09:59:50,54.02,100,
09:59:51,54.07,500,
09:59:54,54.02,100,
09:59:54,54.02,100,
09:59:54,54.02,200,
09:59:54,54.02,200,
09:59:54,53.99,400,
10:00:01,54.038,200,
10:00:02,53.95,1850,
10:00:02,53.95,100,
10:00:02,53.95,200,
10:00:03,53.9604,500,
10:00:06,53.99,200,
10:00:16,53.9764,125,
10:00:16,53.97,300,
10:00:16,53.95,100,
10:00:16,53.95,100,
10:00:16,53.95,100,
10:00:19,53.9687,450,
10:00:22,53.92,300,
10:00:23,53.9703,300,
10:00:24,53.932,1100,
10:00:31,53.982,200,
10:00:43,53.95,2000,
10:00:43,53.95,200,
10:00:43,53.95,2700,
10:00:47,53.989,100,
10:00:49,53.982,100,
10:00:53,54,200,
10:00:54,54.009,100,
10:01:00,54.01,100,
10:01:00,54.01,100,
10:01:04,54.0195,200,
10:01:08,54.0452,300,
10:01:10,54.022,500,
10:01:13,54.03,200,
10:01:13,54.03,300,
10:01:16,54.05,100,
10:01:19,53.99,100,
10:01:19,53.99,100,
10:01:19,53.99,100,
10:01:19,53.99,100,
10:01:19,53.99,100,
10:01:33,53.9799,200,
10:01:36,53.962,600,
10:01:40,53.95,100,
10:01:41,53.93,300,
10:01:41,53.93,200,
10:01:41,53.93,200,
10:01:41,53.94,100,
10:01:41,53.93,200,
10:01:41,53.9392,100,
10:01:42,53.9459,1000,
10:01:45,53.9499,2578,
10:01:46,53.947,100,
10:01:49,53.914,1000,
10:01:50,53.90,100,
10:01:53,53.8704,300,
10:01:54,53.86,1000,
10:01:57,53.8701,500,
10:01:58,53.91,200,
10:02:09,53.85,400,
10:02:10,53.8696,500,
10:02:11,53.87,2000,
10:02:11,53.86,100,
10:02:11,53.87,300,
10:02:11,53.89,200,
10:02:13,53.87,300,
10:02:14,53.84,100,
10:02:16,53.834,1000,
10:02:18,53.8332,100,
10:02:21,53.83,100,
10:02:21,53.83,100,
10:02:22,53.81,100,
10:02:22,53.8089,100,
10:02:25,53.7899,800,
10:02:26,53.77,300,
10:02:26,53.78,200,
10:02:26,53.7899,200,
10:02:28,53.80,200,
10:02:29,53.7701,424,
10:02:30,53.7701,100,
10:02:44,53.771,190,
10:02:47,53.78,100,
10:03:10,53.78,100,
10:03:11,53.76,200,
10:03:12,53.7501,300,
10:03:14,53.75,100,
10:03:14,53.75,440,
10:03:15,53.73,300,
10:03:15,53.73,100,
10:03:17,53.72,300,
10:03:21,53.722,250,
10:03:21,53.71,100,
10:03:21,53.71,100,
10:03:23,53.701,100,
10:03:29,53.718,100,
10:03:31,53.75,300,
10:03:34,53.75,200,
10:03:40,53.75,600,
10:03:43,53.7573,1150,
10:03:45,53.75,100,
10:03:46,53.75,300,
10:03:53,53.76,100,
10:04:08,53.75,600,
10:04:11,53.765,100,
10:04:21,53.789,2100,
10:04:21,53.789,2100,
10:04:22,53.7874,1000,
10:04:23,53.809,200,
10:04:23,53.808,100,
10:04:23,53.8084,100,
10:04:26,53.81,100,
10:04:33,53.819,500,
10:04:39,53.842,150,
10:04:40,53.85,100,
10:04:47,53.832,1000,
10:04:52,53.81,200,
10:04:52,53.81,300,
10:04:53,53.8089,700,
10:04:57,53.829,700,
10:04:57,53.829,800,
10:04:59,53.821,500,
10:05:00,53.82,100,
10:05:16,53.8201,1000,
10:05:22,53.85,200,
10:05:22,53.85,100,
10:05:22,53.85,100,
10:05:26,53.8674,500,
10:05:29,53.91,900,
10:05:29,53.909,100,
10:05:37,53.899,100,
10:05:40,53.87,100,
10:05:48,53.8699,700,
10:05:59,53.83,300,
10:06:06,53.8452,150,
10:06:10,53.87,300,
10:06:10,53.87,100,
10:06:17,53.8509,306,
10:06:22,53.8901,175,
10:06:25,53.9074,1665,
10:06:34,53.91,100,
10:06:34,53.92,200,
10:06:40,53.901,1500,
10:06:40,53.901,1300,
10:06:42,53.91,600,
10:06:50,53.9001,700,
10:06:57,53.9009,383,
10:07:09,53.914,1000,
10:07:10,53.939,100,
10:07:20,53.9699,2020,
10:07:28,53.98,200,
10:07:31,54.03,522,
10:07:36,53.9709,254,
10:07:39,53.96,100,
10:07:50,53.97,200,
10:07:50,53.95,100,
10:07:50,53.95,100,
10:07:50,53.95,200,
10:07:59,53.94,100,
10:07:59,53.94,600,
10:07:59,53.94,200,
10:07:59,53.94,100,
10:07:59,53.94,100,
10:08:00,53.95,100,
10:08:02,53.98,500,
10:08:03,53.98,100,
10:08:06,53.9904,414,
10:08:11,54.04,100,
10:08:13,54.06,240,
10:08:14,54.06,100,
10:08:15,54.0885,2000,
10:08:16,54.10,200,
10:08:16,54.10,200,
10:08:16,54.10,200,
10:08:16,54.10,300,
10:08:16,54.10,200,
10:08:16,54.10,200,
10:08:16,54.10,100,
10:08:16,54.10,200,
10:08:16,54.10,200,
10:08:16,54.10,200,
10:08:16,54.10,200,
10:08:16,54.10,200,
10:08:16,54.10,200,
10:08:17,54.10,300,
10:08:17,54.10,300,
10:08:17,54.10,100,
10:08:17,54.07,100,
10:08:17,54.07,600,
10:08:17,54.0699,300,
10:08:20,54.02,200,
10:08:29,53.9897,300,
10:08:29,53.99,200,
10:08:29,53.99,100,
10:08:29,53.99,100,
10:08:33,53.9709,466,
10:08:43,53.9979,1650,
10:08:50,53.999,100,
10:08:51,53.97,100,
10:08:51,53.97,300,
10:08:53,53.931,300,
10:09:08,54.002,1000,
10:09:10,54.009,100,
10:09:11,54.0001,200,
10:09:11,54.0099,300,
10:09:11,54.01,300,
10:09:11,54.0099,100,
10:09:11,54.01,100,
10:09:12,53.9952,400,
10:09:15,54.009,1000,
10:09:29,54.04,500,
10:09:37,54.10,100,
10:09:38,54.08,100,
10:09:38,54.0999,100,
10:09:38,54.0929,100,
10:09:38,54.0804,1200,
10:09:39,54.06,200,
10:09:39,54.05,300,
10:09:39,54.05,100,
10:09:40,54.06,100,
10:09:45,54.07,100,
10:09:45,54.058,100,
10:09:46,54.04,1900,
10:09:53,54.051,500,
10:09:55,54.0771,450,
10:10:16,54.0249,500,
10:10:27,54.0311,200,
10:11:00,54.0498,100,
10:11:32,54.0559,500,
10:11:57,54.08,500,
10:12:33,54.02,198,
10:12:34,53.97,1896,
10:12:56,53.99,100,
10:13:36,53.9792,500,
10:14:12,53.88,200,
10:14:12,53.90,1000,
10:14:14,53.87,350,
10:15:40,53.97,100,
10:15:40,53.95,100,
10:15:40,53.95,100,
10:15:40,53.95,100,
10:16:11,53.8733,400,
10:16:25,53.8811,130,
10:16:27,53.87,100,
10:16:39,53.8861,500,
10:16:46,53.85,200,
10:16:54,53.8499,200,
10:16:56,53.82,300,
10:16:58,53.80,200,
10:16:58,53.80,796,
10:16:58,53.80,900,
10:17:00,53.80,500,
10:17:01,53.80,300,
10:17:01,53.80,300,
10:17:02,53.80,100,
10:17:03,53.8001,200,
10:17:06,53.80,900,
10:17:06,53.80,100,
10:17:06,53.80,300,
10:17:06,53.80,323,
10:17:07,53.79,100,
10:17:07,53.80,5281,
10:17:07,53.7889,200,
10:17:08,53.80,200,
10:17:08,53.82,100,
10:17:10,53.82,100,
10:17:28,53.821,100,
10:17:32,53.86,100,
10:18:00,53.92,100,
10:18:12,53.964,500,
10:18:12,53.939,200,
10:18:18,53.95,100,
10:18:23,53.95,100,
10:18:23,53.94,100,
10:18:43,53.92,100,
10:18:48,53.92,100,
10:18:53,53.90,100,
10:18:53,53.89,100,
10:19:12,53.9263,600,
10:19:33,53.9199,1100,
10:19:40,53.979,500,
10:19:44,54,420,
10:19:44,54.02,300,
10:19:45,54.02,200,
10:19:52,54,172,
10:19:52,54,200,
10:19:52,54,100,
10:19:55,53.999,300,
10:19:59,53.99,200,
10:19:59,53.99,600,
10:19:59,54,100,
10:19:59,54.0001,1665,
10:20:04,54.03,100,
10:20:04,54.03,600,
10:20:17,54.04,200,
10:20:17,54.04,100,
10:20:17,54.05,200,
10:20:17,54.05,200,
10:20:17,54.05,400,
10:20:17,54.05,100,
10:20:17,54.05,1420,
10:20:17,54.05,500,
10:20:17,54.05,100,
10:20:17,54.05,500,
10:20:17,54.05,100,
10:20:17,54.05,900,
10:20:17,54.05,500,
10:20:17,54.05,200,
10:20:17,54.04,100,
10:20:18,54.05,100,
10:20:18,54.02,200,
10:20:19,54.048,500,
10:20:19,54.05,1000,
10:20:19,54.05,675,
10:20:19,54.05,600,
10:20:19,54.05,500,
10:20:19,54.05,400,
10:20:19,54.05,500,
10:20:19,54.05,200,
10:20:19,54.05,300,
10:20:19,54.05,1000,
10:20:19,54.05,600,
10:20:19,54.05,600,
10:20:19,54.05,100,
10:20:19,54.05,600,
10:20:20,54.05,5604,
10:20:20,54.07,200,
10:20:20,54.07,100,
10:20:20,54.07,100,
10:20:20,54.07,100,
10:20:20,54.02,100,
10:20:22,54.10,300,
10:20:25,54.12,100,
10:20:25,54.1202,300,
10:20:26,54.12,200,
10:20:26,54.12,200,
10:20:28,54.129,400,
10:20:28,54.129,400,
10:20:30,54.1101,1100,
10:20:32,54.13,100,
10:20:38,54.12,215,
10:20:40,54.10,100,
10:20:40,54.10,100,
10:20:40,54.10,200,
10:20:41,54.1032,1000,
10:20:51,54.18,100,
10:20:53,54.18,200,
10:20:56,54.201,1000,
10:20:59,54.17,125,
10:21:02,54.14,200,
10:21:02,54.14,100,
10:21:04,54.152,1100,
10:21:07,54.21,100,
10:21:07,54.21,200,
10:21:07,54.21,100,
10:21:07,54.20,100,
10:21:07,54.20,185,
10:21:08,54.22,500,
10:21:09,54.23,694,
10:21:10,54.21,100,
10:21:10,54.21,100,
10:21:10,54.2099,416,
10:21:12,54.21,600,
10:21:12,54.21,200,
10:21:13,54.21,100,
10:21:13,54.21,100,
10:21:16,54.2138,100,
10:21:18,54.199,1000,
10:21:22,54.22,100,
10:21:28,54.23,100,
10:21:28,54.23,200,
10:21:28,54.23,100,
10:21:28,54.22,100,
10:21:28,54.24,200,
10:21:29,54.24,100,
10:21:33,54.22,100,
10:21:33,54.20,500,
10:21:44,54.1939,1120,
10:21:49,54.18,500,
10:22:11,54.17,400,
10:22:25,54.1868,300,
10:22:26,54.20,2800,
10:22:26,54.21,100,
10:22:33,54.203,2000,
10:22:34,54.2039,600,
10:22:46,54.2301,500,
10:22:48,54.25,200,
10:22:48,54.25,100,
10:22:48,54.23,800,
10:22:52,54.23,100,
10:23:06,54.22,100,
10:23:15,54.2013,500,
10:23:21,54.24,500,
10:23:34,54.2244,500,
10:24:04,54.2473,1800,
10:24:36,54.246,500,
10:25:02,54.26,100,
10:25:02,54.26,200,
10:25:02,54.26,300,
10:25:03,54.28,200,
10:25:03,54.28,100,
10:25:03,54.30,200,
10:25:03,54.30,100,
10:25:03,54.30,100,
10:25:03,54.30,100,
10:25:03,54.31,100,
10:25:03,54.33,100,
10:25:07,54.339,700,
10:25:07,54.339,500,
10:25:08,54.333,100,
10:25:10,54.339,300,
10:25:10,54.36,200,
10:25:14,54.35,100,
10:25:15,54.34,200,
10:25:20,54.32,100,
10:25:20,54.32,247,
10:25:20,54.29,200,
10:25:20,54.29,200,
10:25:24,54.296,200,
10:25:24,54.28,200,
10:25:24,54.2801,100,
10:25:24,54.28,100,
10:25:36,54.272,500,
10:25:36,54.27,100,
10:25:38,54.30,200,
10:25:40,54.27,300,
10:25:40,54.2763,300,
10:25:40,54.2802,300,
10:25:43,54.30,200,
10:25:43,54.30,300,
10:25:44,54.308,300,
10:25:49,54.302,500,
10:25:52,54.30,700,
10:25:55,54.29,100,
10:26:00,54.2799,1000,
10:26:01,54.25,100,
10:26:05,54.27,300,
10:26:10,54.24,100,
10:26:10,54.22,200,
10:26:14,54.214,1150,
10:26:20,54.212,500,
10:26:35,54.24,100,
10:26:37,54.24,100,
10:26:37,54.25,100,
10:26:40,54.25,100,
10:26:46,54.266,1000,
10:26:46,54.28,100,
10:26:47,54.29,100,
10:26:48,54.29,200,
10:26:48,54.29,100,
10:26:48,54.29,100,
10:26:57,54.28,200,
10:26:59,54.29,200,
10:26:59,54.292,1000,
10:26:59,54.29,300,
10:27:00,54.31,400,
10:27:00,54.2927,500,
10:27:03,54.31,200,
10:27:05,54.33,200,
10:27:08,54.34,100,
10:27:09,54.3411,200,
10:27:09,54.34,100,
10:27:22,54.3301,2000,
10:27:25,54.33,200,
10:27:25,54.33,300,
10:27:27,54.329,300,
10:27:28,54.326,100,
10:27:35,54.35,100,
10:27:35,54.369,150,
10:27:45,54.349,100,
10:27:47,54.35,100,
10:27:55,54.3488,300,
10:27:56,54.3461,300,
10:27:57,54.32,100,
10:28:26,54.30,200,
10:28:26,54.3111,800,
10:28:30,54.3074,100,
10:28:31,54.30,100,
10:28:39,54.3099,100,
10:29:22,54.31,521,
10:29:35,54.261,100,
10:29:36,54.262,3800,
10:30:03,54.29,200,
10:30:12,54.3201,400,
10:30:16,54.35,200,
10:30:17,54.37,300,
10:30:17,54.38,100,
10:30:17,54.38,300,
10:30:17,54.40,400,
10:30:18,54.37,200,
10:30:19,54.41,1000,
10:30:27,54.378,200,
10:30:31,54.38,2500,
10:30:33,54.39,100,
10:30:40,54.352,200,
10:30:46,54.38,100,
10:30:48,54.38,400,
10:30:48,54.38,300,
10:30:50,54.38,100,
10:30:51,54.3609,396,
10:30:57,54.398,300,
10:31:23,54.35,150,
10:31:25,54.344,1000,
10:31:30,54.35,200,
10:31:36,54.35,200,
10:31:39,54.3599,200,
10:31:44,54.29,600,
10:31:54,54.3432,550,
10:31:56,54.359,200,
10:32:08,54.35,300,
10:32:09,54.35,100,
10:32:33,54.35,100,
10:32:44,54.358,100,
10:33:05,54.37,100,
10:33:06,54.39,200,
10:33:06,54.40,600,
10:33:06,54.40,9700,
10:33:06,54.40,200,
10:33:06,54.40,100,
10:33:06,54.40,200,
10:33:09,54.41,100,
10:33:09,54.41,100,
10:33:09,54.41,100,
10:33:09,54.41,600,
10:33:09,54.41,200,
10:33:12,54.46,200,
10:33:12,54.46,300,
10:33:12,54.46,300,
10:33:12,54.45,200,
10:33:13,54.45,200,
10:33:13,54.468,1000,
10:33:19,54.38,200,
10:33:19,54.381,200,
10:33:20,54.3999,200,
10:33:30,54.396,300,
10:33:34,54.3999,200,
10:34:01,54.42,100,
10:34:01,54.42,200,
10:34:01,54.42,200,
10:34:15,54.39,100,
10:34:15,54.39,100,
10:34:26,54.39,300,
10:34:44,54.4032,240,
10:34:52,54.37,300,
10:34:52,54.37,200,
10:34:52,54.38,300,
10:35:22,54.4001,1500,
10:35:44,54.40,100,
10:35:46,54.39,100,
10:35:50,54.428,1000,
10:35:52,54.43,200,
10:35:52,54.43,100,
10:35:52,54.43,900,
10:35:55,54.44,100,
10:36:04,54.45,100,
10:36:04,54.45,400,
10:36:05,54.46,100,
10:36:05,54.45,100,
10:36:08,54.45,100,
10:36:12,54.4352,250,
10:36:20,54.4499,583,
10:36:20,54.44,200,
10:36:21,54.45,100,
10:36:21,54.46,100,
10:36:21,54.46,300,
10:36:21,54.46,100,
10:36:26,54.47,100,
10:36:26,54.48,300,
10:36:26,54.48,600,
10:36:33,54.49,300,
10:36:33,54.49,100,
10:36:34,54.48,300,
10:36:36,54.48,100,
10:36:40,54.46,100,
10:36:41,54.47,400,
10:36:41,54.47,300,
10:36:44,54.47,100,
10:36:58,54.46,100,
10:36:58,54.46,600,
10:37:02,54.488,350,
10:37:21,54.44,111,
10:37:23,54.4599,175,
10:37:23,54.46,100,
10:37:44,54.44,100,
10:37:51,54.43,100,
10:38:16,54.46,200,
10:38:16,54.46,300,
10:38:23,54.4674,200,
10:38:47,54.482,400,
10:38:48,54.49,200,
10:38:48,54.49,200,
10:38:48,54.50,100,
10:38:48,54.52,200,
10:38:48,54.52,100,
10:38:49,54.55,100,
10:38:49,54.55,101,
10:38:49,54.55,672,
10:38:49,54.55,298,
10:38:50,54.544,370,
10:38:57,54.55,100,
10:38:57,54.55,200,
10:38:57,54.55,200,
10:38:57,54.55,200,
10:38:57,54.55,200,
10:38:57,54.56,200,
10:38:57,54.55,100,
10:38:57,54.55,300,
10:38:57,54.55,200,
10:38:58,54.57,100,
10:38:59,54.56,100,
10:38:59,54.57,100,
10:38:59,54.57,300,
10:38:59,54.57,200,
10:38:59,54.57,300,
10:38:59,54.57,200,
10:38:59,54.57,200,
10:38:59,54.57,200,
10:38:59,54.57,300,
10:38:59,54.57,200,
10:38:59,54.57,200,
10:38:59,54.57,200,
10:38:59,54.56,200,
10:38:59,54.56,100,
10:38:59,54.56,600,
10:39:00,54.58,100,
10:39:02,54.58,500,
10:39:08,54.588,750,
10:39:10,54.58,100,
10:39:11,54.58,120,
10:39:14,54.5899,200,
10:39:19,54.586,1000,
10:39:20,54.58,100,
10:39:21,54.562,600,
10:39:26,54.589,1000,
10:39:28,54.59,100,
10:39:28,54.62,200,
10:39:29,54.62,100,
10:39:32,54.5805,1000,
10:39:33,54.57,400,
10:39:33,54.57,100,
10:39:33,54.5678,130,
10:39:35,54.5708,100,
10:39:35,54.58,200,
10:39:35,54.58,100,
10:39:39,54.59,100,
10:39:39,54.59,100,
10:39:41,54.61,3800,
10:39:42,54.61,300,
10:39:42,54.61,300,
10:39:42,54.61,500,
10:39:42,54.61,100,
10:39:42,54.61,100,
10:39:44,54.64,100,
10:39:44,54.62,100,
10:39:44,54.62,100,
10:39:44,54.62,300,
10:39:46,54.62,100,
10:39:46,54.60,100,
10:39:47,54.61,100,
10:39:50,54.64,300,
10:39:50,54.64,100,
10:39:50,54.64,200,
10:39:50,54.64,300,
10:39:50,54.64,200,
10:39:50,54.65,1000,
10:39:50,54.64,400,
10:39:51,54.63,200,
10:39:51,54.63,200,
10:39:51,54.63,300,
10:39:52,54.64,200,
10:39:54,54.64,100,
10:39:59,54.70,100,
10:39:59,54.69,100,
10:40:00,54.6999,300,
10:40:00,54.70,300,
10:40:01,54.6923,300,
10:40:02,54.70,550,
10:40:02,54.72,100,
10:40:03,54.72,100,
10:40:03,54.70,200,
10:40:03,54.70,100,
10:40:03,54.70,243,
10:40:03,54.69,100,
10:40:06,54.70,100,
10:40:08,54.70,200,
10:40:09,54.709,700,
10:40:09,54.709,700,
10:40:10,54.70,400,
10:40:11,54.709,2000,
10:40:11,54.70,100,
10:40:12,54.70,200,
10:40:12,54.70,300,
10:40:12,54.70,100,
10:40:14,54.7099,300,
10:40:14,54.71,300,
10:40:14,54.7099,100,
10:40:15,54.72,100,
10:40:15,54.72,100,
10:40:15,54.72,100,
10:40:15,54.72,200,
10:40:21,54.722,750,
10:40:28,54.72,300,
10:40:32,54.71,100,
10:40:32,54.71,100,
10:40:32,54.71,200,
10:40:35,54.7099,500,
10:40:35,54.71,100,
10:40:36,54.70,400,
10:40:36,54.72,100,
10:40:36,54.72,300,
10:40:36,54.73,200,
10:40:36,54.71,200,
10:40:36,54.74,200,
10:40:36,54.74,100,
10:40:36,54.74,100,
10:40:38,54.72,100,
10:40:39,54.7213,550,
10:40:39,54.72,100,
10:40:44,54.75,100,
10:40:44,54.77,400,
10:40:44,54.77,100,
10:40:44,54.78,300,
10:40:44,54.79,100,
10:40:44,54.7898,100,
10:40:46,54.77,100,
10:40:47,54.79,100,
10:40:47,54.78,200,
10:40:47,54.79,100,
10:40:47,54.80,300,
10:40:47,54.7902,2000,
10:40:48,54.80,300,
10:40:50,54.81,100,
10:40:51,54.82,300,
10:40:51,54.82,200,
10:40:51,54.82,200,
10:40:52,54.82,100,
10:40:54,54.81,100,
10:40:57,54.80,100,
10:41:00,54.7999,400,
10:41:00,54.79,100,
10:41:02,54.81,200,
10:41:02,54.81,100,
10:41:02,54.82,100,
10:41:02,54.80,500,
10:41:02,54.80,100,
10:41:02,54.82,100,
10:41:02,54.82,100,
10:41:02,54.82,100,
10:41:02,54.829,100,
10:41:03,54.81,100,
10:41:04,54.7902,100,
10:41:06,54.8155,100,
10:41:07,54.792,300,
10:41:10,54.8001,200,
10:41:11,54.811,400,
10:41:13,54.81,100,
10:41:13,54.812,4700,
10:41:14,54.80,200,
10:41:14,54.80,300,
10:41:17,54.79,100,
10:41:17,54.79,100,
10:41:17,54.80,200,
10:41:17,54.80,700,
10:41:19,54.8058,100,
10:41:19,54.82,100,
10:41:22,54.818,450,
10:41:26,54.819,550,
10:41:29,54.7902,2500,
10:41:31,54.78,100,
10:41:33,54.741,100,
10:41:33,54.76,1000,
10:41:33,54.78,200,
10:41:33,54.78,100,
10:41:34,54.80,100,
10:41:34,54.80,100,
10:41:36,54.7733,200,
10:41:36,54.81,300,
10:41:37,54.80,100,
10:41:37,54.79,100,
10:41:37,54.78,100,
10:41:38,54.75,110,
10:41:40,54.741,1450,
10:41:40,54.741,1500,
10:41:41,54.741,100,
10:41:41,54.77,200,
10:41:41,54.76,289,
10:41:43,54.78,200,
10:41:43,54.75,100,
10:41:46,54.74,200,
10:41:46,54.74,200,
10:41:46,54.75,200,
10:41:48,54.75,390,
10:41:50,54.78,100,
10:41:50,54.78,300,
10:41:55,54.75,300,
10:41:55,54.741,1400,
10:41:55,54.763,100,
10:41:55,54.75,200,
10:41:56,54.762,300,
10:41:56,54.752,100,
10:41:56,54.75,200,
10:41:56,54.763,200,
10:41:56,54.75,200,
10:41:56,54.752,300,
10:41:56,54.76,100,
10:41:56,54.752,300,
10:41:56,54.742,1400,
10:41:57,54.73,100,
10:41:58,54.71,300,
10:41:58,54.71,100,
10:41:59,54.701,300,
10:41:59,54.701,200,
10:41:59,54.69,300,
10:42:02,54.702,200,
10:42:10,54.74,100,
10:42:16,54.71,100,
10:42:16,54.71,300,
10:42:16,54.71,200,
10:42:18,54.70,500,
10:42:22,54.6974,1000,
10:42:25,54.70,400,
10:42:43,54.75,100,
10:42:43,54.75,203,
10:42:47,54.73,100,
10:42:56,54.70,100,
10:43:08,54.70,200,
10:43:12,54.7198,100,
10:43:12,54.72,300,
10:43:15,54.7174,250,
10:43:19,54.72,200,
10:43:26,54.73,200,
10:43:33,54.76,330,
10:43:35,54.7598,100,
10:43:36,54.7599,500,
10:43:36,54.76,400,
10:43:36,54.7523,200,
10:43:36,54.76,200,
10:43:54,54.741,300,
10:43:57,54.73,100,
10:44:15,54.71,100,
10:44:18,54.70,200,
10:44:21,54.70,300,
10:44:21,54.71,200,
10:44:21,54.71,100,
10:44:21,54.72,100,
10:44:21,54.72,400,
10:44:21,54.71,200,
10:44:27,54.7699,100,
10:44:32,54.7599,200,
10:44:40,54.76,100,
10:44:41,54.76,100,
10:44:41,54.76,100,
10:44:44,54.76,100,
10:44:57,54.78,140,
10:45:01,54.79,100,
10:45:01,54.79,100,
10:45:01,54.7835,100,
10:45:02,54.78,1000,
10:45:02,54.82,200,
10:45:02,54.82,151,
10:45:06,54.79,100,
10:45:26,54.78,200,
10:45:35,54.7799,800,
10:45:59,54.76,100,
10:46:11,54.76,400,
10:46:29,54.72,100,
10:46:31,54.71,400,
10:46:31,54.70,200,
10:46:31,54.70,400,
10:46:32,54.69,100,
10:46:32,54.70,100,
10:46:35,54.72,200,
10:46:35,54.72,200,
10:46:35,54.7165,3611,
10:46:37,54.714,200,
10:46:43,54.7411,100,
10:46:49,54.73,200,
10:46:54,54.71,100,
10:46:59,54.7399,300,
10:47:07,54.75,600,
10:47:08,54.75,100,
10:47:08,54.75,1290,
10:47:08,54.75,300,
10:47:08,54.75,500,
10:47:08,54.75,300,
10:47:08,54.75,500,
10:47:08,54.75,300,
10:47:08,54.75,100,
10:47:08,54.75,100,
10:47:08,54.75,300,
10:47:08,54.75,107,
10:47:16,54.74,200,
10:47:16,54.75,500,
10:47:22,54.76,500,
10:47:26,54.764,1270,
10:47:35,54.73,200,
10:47:35,54.73,600,
10:47:35,54.74,7300,
10:47:43,54.6926,150,
10:47:48,54.71,300,
10:47:48,54.72,200,
10:47:48,54.71,300,
10:48:19,54.75,148,
10:48:19,54.72,200,
10:48:19,54.72,200,
10:48:30,54.71,100,
10:48:32,54.73,200,
10:48:36,54.7299,100,
10:48:53,54.739,1000,
10:49:06,54.74,200,
10:49:12,54.75,573,
10:49:12,54.75,174,
10:49:23,54.752,400,
10:49:40,54.7387,1000,
10:50:06,54.85,400,
10:50:06,54.8499,300,
10:50:06,54.85,100,
10:50:06,54.85,100,
10:50:07,54.87,100,
10:50:08,54.87,200,
10:50:08,54.8564,100,
10:50:09,54.87,200,
10:50:11,54.87,200,
10:50:11,54.87,300,
10:50:11,54.86,100,
10:50:11,54.87,100,
10:50:11,54.86,100,
10:50:11,54.87,300,
10:50:11,54.87,200,
10:50:11,54.86,279,
10:50:12,54.87,100,
10:50:12,54.87,100,
10:50:15,54.8402,200,
10:50:18,54.84,100,
10:50:18,54.84,200,
10:50:20,54.858,1000,
10:50:24,54.8301,100,
10:50:25,54.84,336,
10:50:25,54.84,136,
10:50:25,54.84,200,
10:50:26,54.82,100,
10:50:26,54.81,100,
10:50:26,54.79,200,
10:50:26,54.80,200,
10:50:26,54.80,200,
10:50:26,54.80,200,
10:50:32,54.82,148,
10:50:32,54.82,200,
10:50:47,54.81,100,
10:50:47,54.81,100,
10:50:49,54.8008,500,
10:50:49,54.8299,100,
10:50:49,54.8299,100,
10:50:49,54.83,100,
10:50:49,54.83,100,
10:50:49,54.8299,100,
10:50:49,54.8299,100,
10:50:53,54.828,100,
10:51:02,54.7999,1000,
10:51:12,54.82,200,
10:51:24,54.82,200,
10:51:30,54.82,200,
10:51:31,54.8299,1000,
10:51:34,54.83,100,
10:51:36,54.801,300,
10:52:00,54.82,1999,
10:52:27,54.81,200,
10:52:38,54.81,200,
10:52:51,54.8027,1000,
10:53:14,54.82,300,
10:53:22,54.80,100,
10:53:32,54.7802,2000,
10:53:47,54.792,1000,
10:53:58,54.7614,500,
10:54:02,54.742,500,
10:54:05,54.756,200,
10:54:09,54.7589,350,
10:54:13,54.75,100,
10:54:26,54.7314,1000,
10:54:30,54.71,100,
10:54:31,54.72,200,
10:54:36,54.704,500,
10:54:44,54.7374,1200,
10:54:45,54.70,400,
10:54:46,54.73,100,
10:54:46,54.74,200,
10:54:46,54.74,100,
10:54:48,54.77,300,
10:54:50,54.778,100,
10:54:58,54.759,160,
10:55:13,54.78,300,
10:55:16,54.7726,201,
10:55:21,54.78,100,
10:55:21,54.78,200,
10:55:21,54.78,100,
10:55:33,54.7274,500,
10:55:43,54.67,100,
10:55:44,54.64,200,
10:55:44,54.64,200,
10:55:45,54.65,225,
10:55:50,54.671,128,
10:55:51,54.672,372,
10:55:58,54.691,500,
10:56:01,54.7198,100,
10:56:06,54.711,250,
10:56:33,54.7001,200,
10:56:43,54.72,100,
10:56:50,54.711,100,
10:56:52,54.73,100,
10:57:00,54.75,100,
10:57:00,54.75,100,
10:57:00,54.73,200,
10:57:00,54.7461,500,
10:57:01,54.74,100,
10:57:18,54.70,300,
10:57:18,54.70,300,
10:57:18,54.70,100,
10:57:37,54.74,190,
10:57:49,54.75,200,
10:57:52,54.7687,1900,
10:57:58,54.7671,1458,
10:57:58,54.763,100,
10:57:58,54.7626,142,
10:58:19,54.787,500,
10:58:20,54.78,100,
10:58:20,54.77,100,
10:58:20,54.77,200,
10:58:59,54.7598,250,
10:59:13,54.72,200,
10:59:14,54.74,100,
10:59:14,54.74,100,
10:59:16,54.7295,100,
10:59:20,54.72,100,
10:59:27,54.72,200,
10:59:30,54.72,200,
10:59:52,54.681,100,
10:59:59,54.68,100,
11:00:02,54.7198,700,
11:00:10,54.72,200,
11:00:10,54.73,500,
11:00:21,54.714,200,
11:00:39,54.72,300,
11:00:45,54.74,200,
11:00:45,54.74,300,
11:01:16,54.74,100,
11:01:16,54.74,200,
11:01:29,54.72,100,
11:01:46,54.68,300,
11:01:52,54.6601,250,
11:01:54,54.65,400,
11:02:10,54.686,100,
11:02:16,54.70,200,
11:02:27,54.689,150,
11:02:33,54.6602,100,
11:02:33,54.66,300,
11:03:09,54.72,200,
11:03:09,54.70,195,
11:03:09,54.70,100,
11:03:13,54.72,100,
11:03:26,54.72,200,
11:03:29,54.701,100,
11:03:29,54.701,1600,
11:03:30,54.70,100,
11:03:30,54.70,299,
11:03:30,54.706,400,
11:03:32,54.70,261,
11:03:36,54.681,100,
11:03:51,54.70,100,
11:04:02,54.71,200,
11:04:03,54.72,800,
11:04:25,54.72,400,
11:04:25,54.72,200,
11:04:48,54.73,200,
11:04:59,54.71,200,
11:04:59,54.71,100,
11:04:59,54.71,100,
11:04:59,54.69,400,
11:04:59,54.71,100,
11:04:59,54.71,200,
11:05:01,54.69,200,
11:05:01,54.69,600,
11:05:16,54.69,100,
11:05:16,54.69,600,
11:05:31,54.63,200,
11:05:40,54.62,200,
11:05:40,54.62,100,
11:05:48,54.6249,100,
11:05:50,54.61,600,
11:05:50,54.61,100,
11:05:51,54.6299,400,
11:06:03,54.62,100,
11:06:05,54.632,1000,
11:06:10,54.6611,1000,
11:06:29,54.6956,250,
11:06:35,54.698,500,
11:06:35,54.70,100,
11:06:35,54.71,100,
11:06:51,54.73,700,
11:06:51,54.73,300,
11:06:58,54.6948,100,
11:07:15,54.7489,500,
11:07:39,54.70,100,
11:08:18,54.681,100,
11:08:20,54.681,300,
11:08:22,54.683,100,
11:08:31,54.68,300,
11:09:21,54.60,183,
11:09:21,54.61,100,
11:09:24,54.63,200,
11:09:43,54.65,200,
11:09:49,54.6301,2000,
11:10:02,54.635,200,
11:10:08,54.66,100,
11:10:08,54.66,200,
11:10:08,54.66,100,
11:10:16,54.70,100,
11:10:21,54.6873,500,
11:10:27,54.68,300,
11:10:34,54.72,150,
11:10:51,54.69,100,
11:10:51,54.69,100,
11:11:14,54.69,500,
11:11:14,54.70,100,
11:11:14,54.70,100,
11:11:14,54.70,100,
11:11:43,54.68,100,
11:11:43,54.66,100,
11:12:25,54.691,100,
11:12:28,54.706,1000,
11:12:31,54.69,130,
11:12:31,54.68,200,
11:12:55,54.698,200,
11:13:07,54.7401,100,
11:13:22,54.7402,100,
11:13:22,54.74,100,
11:13:24,54.76,200,
11:13:30,54.77,149,
11:13:30,54.77,100,
11:13:30,54.77,100,
11:13:30,54.77,300,
11:13:32,54.7699,2000,
11:13:34,54.75,100,
11:13:40,54.7899,3700,
11:13:40,54.786,1250,
11:13:45,54.7727,1900,
11:13:56,54.7801,100,
11:13:59,54.81,100,
11:13:59,54.81,100,
11:13:59,54.81,200,
11:13:59,54.81,100,
11:14:00,54.80,132,
11:14:02,54.815,100,
11:14:02,54.81,100,
11:14:02,54.811,100,
11:14:02,54.815,100,
11:14:02,54.8125,100,
11:14:12,54.8001,3000,
11:14:37,54.82,100,
11:14:37,54.82,100,
11:14:39,54.801,150,
11:14:50,54.77,200,
11:14:50,54.77,300,
11:15:09,54.76,239,
11:15:18,54.78,300,
11:15:23,54.799,2000,
11:15:27,54.83,400,
11:15:27,54.83,300,
11:15:27,54.83,400,
11:15:30,54.81,200,
11:15:31,54.8499,150,
11:15:31,54.85,100,
11:15:44,54.84,250,
11:15:45,54.848,271,
11:15:46,54.84,100,
11:15:52,54.8299,500,
11:15:59,54.85,100,
11:15:59,54.85,100,
11:15:59,54.8599,100,
11:15:59,54.86,100,
11:15:59,54.8599,100,
11:16:05,54.84,200,
11:16:06,54.86,100,
11:16:06,54.85,100,
11:16:07,54.86,300,
11:16:11,54.844,1000,
11:16:16,54.80,100,
11:16:16,54.80,100,
11:16:21,54.805,1900,
11:16:34,54.81,800,
11:16:34,54.81,200,
11:16:49,54.7826,500,
11:16:56,54.81,200,
11:17:16,54.85,600,
11:17:16,54.85,200,
11:17:16,54.85,100,
11:17:24,54.81,100,
11:17:24,54.81,100,
11:17:24,54.81,100,
11:17:33,54.8122,100,
11:18:01,54.818,600,
11:18:12,54.79,200,
11:18:12,54.81,200,
11:18:12,54.81,100,
11:18:12,54.81,100,
11:18:25,54.814,600,
11:18:40,54.82,300,
11:18:55,54.85,500,
11:18:55,54.85,165,
11:18:55,54.85,300,
11:19:05,54.88,200,
11:19:07,54.89,100,
11:19:08,54.90,300,
11:19:09,54.94,300,
11:19:09,54.94,100,
11:19:09,54.94,100,
11:19:09,54.95,100,
11:19:09,54.94,200,
11:19:09,54.96,129,
11:19:09,54.9598,100,
11:19:09,54.9598,200,
11:19:09,54.9598,100,
11:19:09,54.9301,1700,
11:19:10,54.94,200,
11:19:13,54.9361,250,
11:19:13,54.916,2378,
11:19:15,54.93,190,
11:19:17,54.912,400,
11:19:17,54.91,300,
11:19:18,54.90,300,
11:19:18,54.9002,200,
11:19:18,54.90,200,
11:19:20,54.91,100,
11:19:20,54.8999,100,
11:19:20,54.91,100,
11:19:20,54.9099,100,
11:19:20,54.91,100,
11:19:20,54.9099,100,
11:19:20,54.9099,100,
11:19:20,54.91,100,
11:19:20,54.91,100,
11:19:21,54.90,100,
11:19:21,54.91,100,
11:19:28,54.928,300,
11:19:32,54.906,800,
11:19:32,54.92,600,
11:19:32,54.92,200,
11:19:32,54.90,200,
11:19:35,54.91,250,
11:19:38,54.909,300,
11:19:52,54.92,100,
11:19:58,54.94,200,
11:19:58,54.9324,400,
11:19:58,54.93,400,
11:19:58,54.93,200,
11:19:58,54.93,400,
11:20:16,54.88,200,
11:20:27,54.88,100,
11:20:30,54.89,100,
11:21:05,54.88,200,
11:21:18,54.94,100,
11:21:46,54.92,400,
11:21:46,54.92,100,
11:22:00,54.91,100,
11:22:05,54.89,200,
11:22:05,54.90,200,
11:22:14,54.92,100,
11:22:14,54.92,300,
11:22:14,54.90,100,
11:22:14,54.9011,200,
11:22:46,54.90,100,
11:22:46,54.91,198,
11:23:06,54.901,1000,
11:23:07,54.9001,300,
11:23:12,54.92,200,
11:23:17,54.90,100,
11:23:20,54.91,100,
11:23:20,54.91,400,
11:23:20,54.92,300,
11:23:21,54.9011,1500,
11:23:23,54.90,200,
11:23:44,54.90,200,
11:23:44,54.90,400,
11:23:51,54.88,100,
11:23:52,54.91,200,
11:24:16,54.90,200,
11:24:38,54.93,1000,
11:24:40,54.9161,5000,
11:24:40,54.92,100,
11:24:54,54.91,100,
11:25:04,54.95,100,
11:25:16,54.96,100,
11:25:16,54.96,100,
11:25:16,54.9599,100,
11:25:16,54.9599,100,
11:25:16,54.96,100,
11:25:16,54.9599,100,
11:25:16,54.96,100,
11:25:16,54.9599,300,
11:25:16,54.9599,300,
11:25:16,54.96,100,
11:25:16,54.96,300,
11:25:16,54.9599,100,
11:25:16,54.9599,100,
11:25:16,54.9599,300,
11:25:16,54.9699,1299,
11:25:16,54.97,500,
11:25:17,54.96,100,
11:25:27,54.98,300,
11:25:27,54.99,3200,
11:25:27,54.99,100,
11:25:27,54.99,300,
11:25:27,54.99,100,
11:25:27,54.99,200,
11:25:27,54.99,883,
11:25:27,54.9901,500,
11:25:27,55,200,
11:25:27,55,767,
11:25:27,55,200,
11:25:27,55,100,
11:25:28,54.99,200,
11:25:29,55,324,
11:25:29,55,100,
11:25:29,54.9913,500,
11:25:29,54.99,100,
11:25:29,54.99,400,
11:25:34,54.98,600,
11:25:36,55,300,
11:25:52,54.98,200,
11:25:59,54.9701,100,
11:26:15,54.96,600,
11:26:15,54.96,100,
11:26:15,54.96,100,
11:26:16,54.9592,3400,
11:26:19,54.9699,1000,
11:26:43,54.94,200,
11:27:01,54.93,100,
11:27:03,54.92,200,
11:27:11,54.948,500,
11:27:13,54.91,110,
11:27:13,54.91,100,
11:27:14,54.90,200,
11:27:14,54.90,600,
11:27:14,54.89,100,
11:27:16,54.88,200,
11:27:16,54.90,300,
11:27:16,54.89,200,
11:27:16,54.89,200,
11:27:16,54.89,100,
11:27:16,54.89,100,
11:27:19,54.91,200,
11:27:20,54.90,100,
11:27:35,54.932,200,
11:27:40,54.95,100,
11:27:40,54.9799,500,
11:27:45,54.96,100,
11:27:46,54.95,200,
11:27:58,54.9511,100,
11:28:09,54.9601,5000,
11:28:59,54.9532,400,
11:29:57,55,100,
11:29:57,55,200,
11:29:57,55,100,
11:31:04,54.98,200,
11:31:10,54.95,1400,
11:31:12,54.95,200,
11:31:34,54.9477,200,
11:31:39,54.921,700,
11:31:52,54.91,100,
11:31:57,54.9061,550,
11:32:06,54.9198,200,
11:32:06,54.92,100,
11:32:06,54.92,200,
11:32:07,54.92,100,
11:32:08,54.91,100,
11:32:30,54.934,1000,
11:32:53,54.99,550,
11:33:04,54.98,100,
11:33:32,54.988,250,
11:33:34,54.97,300,
11:33:43,54.99,300,
11:33:45,54.998,300,
11:34:00,54.98,100,
11:34:00,54.97,100,
11:34:38,54.96,200,
11:34:43,54.98,300,
11:34:47,54.9889,100,
11:34:58,54.9899,400,
11:35:26,55.029,100,
11:35:33,55.04,200,
11:35:33,55.04,100,
11:35:33,55.04,200,
11:35:33,55.04,200,
11:35:34,55.04,200,
11:35:34,55.049,100,
11:35:36,55.046,100,
11:35:43,55.049,100,
11:35:44,55.03,1900,
11:35:53,55.049,100,
11:35:53,55.049,150,
11:36:16,55.05,100,
11:36:18,55.03,300,
11:36:23,55.05,800,
11:36:25,55.05,100,
11:36:25,55.05,250,
11:36:35,55.0637,100,
11:36:36,55.08,100,
11:36:36,55.08,100,
11:36:36,55.08,200,
11:36:36,55.08,100,
11:36:44,55.07,100,
11:36:45,55.086,100,
11:36:59,55.0874,250,
11:37:07,55.05,200,
11:37:34,55.0499,150,
11:37:41,55.07,200,
11:38:06,55.0599,100,
11:38:06,55.0505,100,
11:38:14,55.04,100,
11:38:14,55.06,300,
11:38:14,55.06,200,
11:38:14,55.05,100,
11:38:14,55.07,300,
11:38:14,55.05,600,
11:38:14,55.07,300,
11:38:19,55.09,200,
11:38:20,55.089,100,
11:38:21,55.086,800,
11:38:43,55.05,200,
11:38:43,55.05,200,
11:38:43,55.05,100,
11:38:52,55.02,100,
11:38:52,55.02,200,
11:39:13,55.02,100,
11:39:43,55.08,153,
11:39:50,55.09,200,
11:39:54,55.082,4000,
11:40:21,55.09,200,
11:40:21,55.10,200,
11:40:21,55.10,200,
11:40:21,55.10,181,
11:40:21,55.1294,1000,
11:40:22,55.11,300,
11:40:31,55.118,100,
11:40:33,55.10,200,
11:40:33,55.09,100,
11:40:33,55.09,300,
11:40:35,55.11,100,
11:40:35,55.1099,100,
11:40:51,55.09,4000,
11:40:52,55.08,300,
11:41:01,55.10,200,
11:41:01,55.10,100,
11:41:07,55.1001,500,
11:41:15,55.09,100,
11:41:15,55.09,100,
11:41:22,55.0813,1000,
11:41:29,55.09,181,
11:41:35,55.081,100,
11:41:43,55.11,1000,
11:42:10,55.11,100,
11:42:12,55.11,1500,
11:42:21,55.1128,500,
11:42:41,55.0899,200,
11:43:01,55.08,200,
11:43:01,55.08,200,
11:43:01,55.09,200,
11:43:01,55.11,600,
11:43:09,55.071,200,
11:43:09,55.071,500,
11:43:28,55.0614,810,
11:43:47,55.0601,100,
11:44:14,55.08,200,
11:44:14,55.10,300,
11:44:14,55.10,300,
11:44:14,55.10,300,
11:44:14,55.09,200,
11:44:14,55.09,300,
11:44:14,55.08,300,
11:44:14,55.13,100,
11:44:14,55.14,100,
11:44:14,55.14,100,
11:44:14,55.14,100,
11:44:14,55.13,188,
11:44:14,55.08,200,
11:44:14,55.11,200,
11:44:16,55.12,300,
11:44:16,55.14,100,
11:44:16,55.14,100,
11:44:16,55.14,100,
11:44:16,55.13,400,
11:44:16,55.13,518,
11:44:17,55.17,190,
11:44:17,55.17,300,
11:44:17,55.18,300,
11:44:17,55.18,200,
11:44:17,55.17,100,
11:44:17,55.19,300,
11:44:17,55.18,100,
11:44:17,55.20,100,
11:44:17,55.20,100,
11:44:17,55.20,323,
11:44:17,55.19,298,
11:44:17,55.18,100,
11:44:19,55.13,200,
11:44:21,55.21,250,
11:44:23,55.19,171,
11:44:29,55.2099,100,
11:44:30,55.211,300,
11:44:30,55.22,274,
11:44:30,55.2272,100,
11:44:32,55.23,100,
11:44:32,55.23,200,
11:44:33,55.22,200,
11:44:34,55.22,3267,
11:44:34,55.23,2609,
11:44:34,55.23,100,
11:44:34,55.24,100,
11:44:36,55.2384,200,
11:44:39,55.23,600,
11:44:49,55.2301,100,
11:44:49,55.231,500,
11:44:55,55.24,500,
11:44:57,55.25,200,
11:44:57,55.25,300,
11:44:57,55.25,300,
11:44:57,55.26,200,
11:44:57,55.26,300,
11:44:57,55.28,200,
11:44:57,55.29,300,
11:44:57,55.29,200,
11:44:57,55.29,200,
11:44:57,55.26,200,
11:44:57,55.27,200,
11:44:57,55.27,200,
11:44:57,55.26,200,
11:44:57,55.26,200,
11:44:57,55.26,600,
11:44:57,55.2699,100,
11:44:57,55.2699,100,
11:44:57,55.27,100,
11:44:57,55.27,100,
11:44:58,55.239,500,
11:45:07,55.279,500,
11:45:11,55.27,100,
11:45:11,55.27,100,
11:45:13,55.28,300,
11:45:13,55.28,600,
11:45:15,55.29,402,
11:45:15,55.29,100,
11:45:15,55.29,198,
11:45:15,55.30,200,
11:45:15,55.29,200,
11:45:18,55.2901,870,
11:45:18,55.308,975,
11:45:21,55.31,200,
11:45:23,55.32,100,
11:45:23,55.32,100,
11:45:24,55.3132,400,
11:45:29,55.2703,100,
11:45:29,55.2703,200,
11:45:29,55.2989,150,
11:45:38,55.29,100,
11:45:39,55.30,100,
11:45:39,55.30,200,
11:45:39,55.30,700,
11:45:40,55.30,100,
11:45:40,55.30,400,
11:45:46,55.291,100,
11:45:54,55.30,200,
11:45:55,55.3213,400,
11:45:56,55.3432,100,
11:45:56,55.34,110,
11:46:00,55.358,300,
11:46:06,55.40,100,
11:46:07,55.42,100,
11:46:09,55.4398,203,
11:46:15,55.4201,497,
11:46:18,55.4115,1000,
11:46:19,55.41,301,
11:46:19,55.41,200,
11:46:19,55.40,100,
11:46:21,55.39,200,
11:46:21,55.39,200,
11:46:23,55.39,100,
11:46:25,55.39,125,
11:46:29,55.38,100,
11:46:29,55.38,200,
11:46:41,55.372,600,
11:46:46,55.41,100,
11:46:46,55.42,200,
11:46:46,55.42,200,
11:46:46,55.43,100,
11:46:46,55.44,200,
11:46:46,55.43,100,
11:46:48,55.44,200,
11:46:48,55.44,200,
11:46:48,55.44,194,
11:46:48,55.42,217,
11:46:58,55.411,800,
11:46:58,55.4398,700,
11:47:06,55.45,300,
11:47:08,55.4475,250,
11:47:13,55.46,100,
11:47:13,55.46,104,
11:47:19,55.45,200,
11:47:20,55.45,100,
11:47:20,55.45,100,
11:47:22,55.43,124,
11:47:28,55.4299,8800,
11:47:29,55.43,400,
11:47:29,55.4299,100,
11:47:29,55.43,100,
11:47:29,55.43,100,
11:47:30,55.40,200,
11:47:34,55.43,400,
11:47:34,55.43,300,
11:47:34,55.44,100,
11:47:34,55.43,100,
11:47:35,55.44,900,
11:47:35,55.44,200,
11:47:51,55.40,190,
11:47:51,55.41,100,
11:47:51,55.39,273,
11:47:52,55.391,550,
11:47:56,55.41,200,
11:48:01,55.43,100,
11:48:01,55.44,500,
11:48:07,55.45,299,
11:48:11,55.46,3200,
11:48:11,55.4515,250,
11:48:16,55.45,100,
11:48:16,55.45,100,
11:48:17,55.45,100,
11:48:17,55.4599,500,
11:48:18,55.46,100,
11:48:18,55.4599,100,
11:48:18,55.46,100,
11:48:18,55.45,100,
11:48:22,55.45,100,
11:48:22,55.45,100,
11:48:22,55.46,100,
11:48:24,55.45,100,
11:48:24,55.4401,500,
11:48:26,55.459,900,
11:48:27,55.4434,1000,
11:48:29,55.44,300,
11:48:29,55.44,600,
11:48:31,55.45,300,
11:48:31,55.45,197,
11:48:33,55.44,200,
11:48:37,55.46,200,
11:48:38,55.455,2600,
11:48:43,55.448,100,
11:48:45,55.46,100,
11:48:46,55.46,600,
11:48:57,55.45,200,
11:48:57,55.42,300,
11:49:04,55.459,250,
11:49:27,55.459,100,
11:49:38,55.46,100,
11:49:38,55.48,100,
11:49:38,55.48,100,
11:49:40,55.472,100,
11:49:40,55.48,100,
11:49:40,55.48,100,
11:49:40,55.48,100,
11:49:46,55.49,200,
11:49:48,55.491,100,
11:49:49,55.50,500,
11:49:57,55.50,300,
11:49:57,55.50,300,
11:49:57,55.50,426,
11:49:57,55.50,370,
11:49:57,55.50,100,
11:49:57,55.50,100,
11:49:57,55.50,300,
11:49:57,55.50,300,
11:49:57,55.50,238,
11:50:00,55.52,100,
11:50:01,55.51,1300,
11:50:14,55.50,300,
11:50:14,55.5001,100,
11:50:15,55.50,600,
11:50:17,55.50,200,
11:50:22,55.488,150,
11:50:26,55.43,300,
11:50:26,55.43,481,
11:50:26,55.43,119,
11:50:31,55.421,1000,
11:50:37,55.41,350,
11:50:39,55.44,900,
11:50:39,55.44,300,
11:50:39,55.44,200,
11:50:39,55.43,100,
11:50:39,55.43,100,
11:50:44,55.432,250,
11:50:46,55.447,100,
11:50:50,55.44,100,
11:50:53,55.4499,500,
11:50:53,55.45,300,
11:50:53,55.4499,400,
11:51:00,55.46,199,
11:51:13,55.5004,2000,
11:51:14,55.52,100,
11:51:19,55.53,198,
11:51:20,55.52,100,
11:51:20,55.52,200,
11:51:22,55.54,1000,
11:51:26,55.55,199,
11:51:27,55.55,200,
11:51:27,55.54,301,
11:51:28,55.55,7100,
11:51:29,55.57,300,
11:51:29,55.57,300,
11:51:29,55.58,100,
11:51:29,55.58,200,
11:51:30,55.57,100,
11:51:30,55.57,100,
11:51:30,55.58,200,
11:51:30,55.58,300,
11:51:32,55.57,100,
11:51:34,55.58,200,
11:51:35,55.60,100,
11:51:42,55.5701,2000,
11:51:46,55.58,400,
11:51:46,55.54,125,
11:51:50,55.55,500,
11:51:54,55.5302,100,
11:51:54,55.5302,100,
11:51:54,55.5302,100,
11:51:56,55.53,300,
11:51:56,55.52,130,
11:52:05,55.492,500,
11:52:06,55.4962,100,
11:52:09,55.5122,100,
11:52:16,55.5401,2000,
11:52:28,55.55,419,
11:52:37,55.52,100,
11:52:37,55.52,300,
11:52:37,55.52,200,
11:52:48,55.51,100,
11:52:48,55.51,100,
11:52:48,55.51,200,
11:52:48,55.51,183,
11:52:49,55.54,100,
11:52:58,55.5202,100,
11:52:59,55.524,100,
11:53:02,55.5399,500,
11:53:05,55.539,250,
11:53:07,55.55,200,
11:53:07,55.56,100,
11:53:07,55.55,200,
11:53:07,55.55,200,
11:53:07,55.56,300,
11:53:07,55.55,100,
11:53:07,55.56,100,
11:53:07,55.56,100,
11:53:07,55.56,200,
11:53:08,55.56,183,
11:53:09,55.56,100,
11:53:15,55.60,4300,
11:53:31,55.5672,1000,
11:53:35,55.57,149,
11:53:45,55.598,450,
11:53:46,55.59,100,
11:53:48,55.60,200,
11:53:49,55.61,100,
11:53:49,55.62,100,
11:53:49,55.62,100,
11:53:49,55.62,100,
11:53:55,55.64,100,
11:53:56,55.64,100,
11:53:56,55.64,100,
11:53:56,55.64,100,
11:53:58,55.64,100,
11:53:58,55.64,200,
11:54:00,55.648,500,
11:54:03,55.6494,1000,
11:54:04,55.65,912,
11:54:04,55.66,300,
11:54:04,55.66,100,
11:54:05,55.65,580,
11:54:07,55.6401,5000,
11:54:10,55.6601,100,
11:54:10,55.6699,200,
11:54:12,55.66,100,
11:54:12,55.66,200,
11:54:23,55.6687,100,
11:54:24,55.69,200,
11:54:25,55.68,200,
11:54:27,55.681,100,
11:54:27,55.67,100,
11:54:27,55.672,1000,
11:54:31,55.67,100,
11:54:31,55.67,100,
11:54:37,55.6899,100,
11:54:38,55.65,100,
11:54:39,55.66,200,
11:54:39,55.6426,200,
11:54:41,55.66,500,
11:54:47,55.6542,1100,
11:54:53,55.67,190,
11:54:58,55.66,190,
11:54:58,55.65,300,
11:54:58,55.65,300,
11:54:58,55.65,300,
11:54:58,55.66,100,
11:54:59,55.6574,250,
11:55:17,55.6899,2000,
11:55:34,55.67,300,
11:55:39,55.6852,200,
11:55:47,55.66,100,
11:55:59,55.641,300,
11:56:07,55.622,1000,
11:56:10,55.63,200,
11:56:26,55.5801,200,
11:56:35,55.566,600,
11:56:43,55.5799,200,
11:56:48,55.56,2000,
11:56:55,55.579,100,
11:57:02,55.591,1000,
11:57:06,55.60,200,
11:57:13,55.608,100,
11:57:14,55.61,200,
11:57:34,55.584,1000,
11:57:46,55.59,200,
11:57:46,55.59,300,
11:57:49,55.58,600,
11:57:49,55.58,200,
11:58:23,55.569,500,
11:58:32,55.58,200,
11:58:33,55.57,100,
11:58:33,55.57,100,
11:58:33,55.57,100,
11:58:33,55.5767,100,
11:58:37,55.58,300,
11:58:37,55.60,100,
11:58:37,55.59,300,
11:58:37,55.59,300,
11:59:05,55.59,400,
11:59:07,55.57,400,
11:59:15,55.57,600,
11:59:15,55.57,300,
11:59:15,55.57,200,
11:59:19,55.578,100,
11:59:29,55.553,200,
11:59:37,55.54,100,
11:59:37,55.5401,300,
11:59:37,55.54,300,
11:59:37,55.54,100,
11:59:37,55.54,300,
11:59:37,55.5401,100,
11:59:56,55.54,100,
12:00:05,55.56,100,
12:00:11,55.5799,200,
12:00:14,55.57,100,
12:00:15,55.58,100,
12:00:20,55.58,100,
12:00:32,55.5901,100,
12:00:36,55.60,100,
12:00:53,55.57,600,
12:00:53,55.57,700,
12:00:53,55.57,200,
12:00:56,55.5301,160,
12:00:56,55.53,100,
12:00:56,55.5301,100,
12:00:56,55.558,500,
12:01:02,55.53,100,
12:01:08,55.531,1700,
12:01:17,55.542,200,
12:01:27,55.52,500,
12:01:27,55.52,600,
12:01:27,55.528,500,
12:01:32,55.52,150,
12:01:33,55.51,550,
12:01:33,55.54,100,
12:01:34,55.52,300,
12:01:54,55.53,900,
12:01:57,55.52,100,
12:01:57,55.52,270,
12:02:03,55.51,100,
12:02:03,55.51,200,
12:02:03,55.51,300,
12:02:03,55.51,2600,
12:02:03,55.51,200,
12:02:03,55.51,3200,
12:02:03,55.51,200,
12:02:03,55.51,100,
12:02:03,55.51,100,
12:02:03,55.51,100,
12:02:03,55.51,200,
12:02:03,55.51,100,
12:02:03,55.51,300,
12:02:03,55.50,200,
12:02:03,55.5101,150,
12:02:03,55.51,100,
12:02:03,55.51,100,
12:02:06,55.51,100,
12:02:06,55.53,200,
12:02:06,55.53,300,
12:02:16,55.51,300,
12:02:26,55.51,292,
12:02:37,55.51,100,
12:02:55,55.5101,500,
12:03:07,55.5116,1200,
12:03:25,55.518,500,
12:03:51,55.53,100,
12:03:51,55.53,300,
12:03:53,55.54,200,
12:03:53,55.54,100,
12:04:05,55.5455,100,
12:04:06,55.55,800,
12:04:06,55.55,700,
12:04:08,55.55,100,
12:04:08,55.55,200,
12:04:14,55.51,100,
12:04:14,55.50,300,
12:04:47,55.517,100,
12:04:50,55.50,300,
12:04:50,55.50,300,
12:05:10,55.47,300,
12:05:10,55.47,100,
12:05:18,55.50,900,
12:05:18,55.50,900,
12:05:18,55.50,100,
12:05:18,55.50,100,
12:05:24,55.518,150,
12:05:36,55.494,1332,
12:05:36,55.494,360,
12:05:43,55.4701,200,
12:05:49,55.4898,100,
12:06:05,55.47,122,
12:06:15,55.48,172,
12:06:42,55.52,100,
12:06:47,55.5287,1000,
12:06:48,55.54,200,
12:07:00,55.5201,300,
12:07:39,55.524,100,
12:08:21,55.56,100,
12:08:21,55.56,200,
12:08:21,55.55,100,
12:08:23,55.56,100,
12:08:32,55.60,200,
12:08:32,55.59,100,
12:08:33,55.595,150,
12:08:34,55.60,300,
12:08:34,55.60,100,
12:08:49,55.5839,200,
12:08:54,55.59,100,
12:09:03,55.57,300,
12:09:04,55.56,100,
12:09:06,55.56,2500,
12:09:07,55.56,600,
12:09:31,55.5807,100,
12:09:31,55.57,100,
12:09:48,55.5954,900,
12:10:06,55.57,300,
12:10:07,55.57,200,
12:10:10,55.55,100,
12:10:13,55.56,400,
12:11:03,55.5602,100,
12:11:04,55.59,200,
12:11:04,55.59,100,
12:11:04,55.58,200,
12:11:16,55.60,100,
12:11:18,55.60,1000,
12:11:20,55.60,100,
12:11:29,55.60,100,
12:11:34,55.6199,200,
12:11:45,55.606,1000,
12:12:03,55.57,800,
12:12:03,55.56,200,
12:12:48,55.5783,600,
12:13:07,55.58,100,
12:13:25,55.58,900,
12:13:27,55.58,100,
12:13:31,55.59,100,
12:13:31,55.59,200,
12:13:48,55.60,100,
12:13:56,55.61,300,
12:14:02,55.5901,900,
12:14:33,55.614,500,
12:14:49,55.5899,300,
12:15:11,55.5702,100,
12:15:33,55.583,100,
12:16:00,55.586,200,
12:16:13,55.57,300,
12:16:21,55.5899,700,
12:16:21,55.60,3900,
12:16:35,55.59,200,
12:16:35,55.59,110,
12:16:35,55.60,100,
12:16:35,55.60,100,
12:16:35,55.60,200,
12:16:35,55.60,300,
12:16:35,55.62,300,
12:16:35,55.62,300,
12:16:35,55.61,200,
12:16:35,55.61,300,
12:16:35,55.64,100,
12:16:35,55.59,300,
12:16:35,55.59,300,
12:16:35,55.64,100,
12:16:35,55.64,190,
12:16:35,55.64,100,
12:16:42,55.63,299,
12:16:42,55.63,300,
12:16:42,55.63,300,
12:16:42,55.63,500,
12:16:42,55.63,100,
12:16:42,55.63,100,
12:16:42,55.63,300,
12:16:42,55.63,200,
12:16:42,55.63,300,
12:16:43,55.63,899,
12:16:43,55.63,200,
12:16:43,55.63,300,
12:16:50,55.6504,6625,
12:16:51,55.652,400,
12:16:55,55.6672,600,
12:17:06,55.6787,1825,
12:17:16,55.67,200,
12:17:16,55.67,300,
12:17:16,55.67,2085,
12:17:16,55.67,100,
12:17:16,55.67,200,
12:17:18,55.67,200,
12:17:27,55.668,200,
12:17:33,55.66,500,
12:17:34,55.652,1470,
12:17:58,55.669,600,
12:18:12,55.678,500,
12:18:17,55.6602,100,
12:18:17,55.6602,100,
12:18:28,55.699,100,
12:18:28,55.70,230,
12:18:28,55.71,200,
12:18:29,55.7157,1000,
12:18:37,55.73,200,
12:18:37,55.73,100,
12:18:37,55.71,100,
12:18:37,55.7186,628,
12:18:52,55.70,200,
12:18:57,55.6901,100,
12:18:59,55.71,1821,
12:19:16,55.708,500,
12:19:18,55.70,600,
12:19:18,55.69,200,
12:19:18,55.69,600,
12:19:18,55.69,600,
12:19:18,55.69,300,
12:19:18,55.69,100,
12:19:18,55.69,112,
12:19:18,55.69,400,
12:19:18,55.69,100,
12:19:18,55.68,300,
12:19:18,55.69,100,
12:19:18,55.701,125,
12:19:25,55.7099,100,
12:19:41,55.70,100,
12:20:00,55.71,1600,
12:20:03,55.71,2000,
12:20:03,55.71,100,
12:20:04,55.702,400,
12:20:14,55.71,100,
12:20:22,55.7084,147,
12:20:32,55.71,450,
12:20:57,55.69,100,
12:20:57,55.69,300,
12:21:03,55.70,130,
12:21:12,55.71,599,
12:21:14,55.71,100,
12:21:14,55.71,100,
12:21:14,55.71,799,
12:21:14,55.71,101,
12:21:15,55.7123,200,
12:21:27,55.69,100,
12:21:31,55.6802,100,
12:21:58,55.6904,9800,
12:22:03,55.69,300,
12:22:03,55.69,100,
12:22:05,55.70,100,
12:22:14,55.68,200,
12:22:29,55.67,100,
12:22:47,55.70,199,
12:23:10,55.69,200,
12:23:16,55.69,300,
12:23:21,55.7052,400,
12:23:30,55.6925,500,
12:23:30,55.69,100,
12:23:30,55.69,234,
12:23:30,55.69,300,
12:23:30,55.69,300,
12:23:32,55.70,100,
12:23:32,55.70,200,
12:23:42,55.691,300,
12:23:43,55.69,300,
12:24:05,55.6901,200,
12:24:20,55.69,300,
12:24:20,55.69,300,
12:24:20,55.69,300,
12:24:20,55.69,300,
12:24:20,55.69,100,
12:24:33,55.69,150,
12:24:37,55.692,100,
12:24:48,55.69,200,
12:25:09,55.69,300,
12:25:09,55.69,100,
12:25:58,55.69,100,
12:26:02,55.692,200,
12:26:02,55.69,200,
12:26:24,55.692,300,
12:26:28,55.69,200,
12:26:28,55.69,250,
12:26:28,55.69,100,
12:26:28,55.69,100,
12:26:29,55.69,1000,
12:26:29,55.69,3200,
12:26:29,55.69,1460,
12:26:29,55.70,100,
12:28:36,55.68,200,
12:28:39,55.6838,100,
12:28:56,55.70,100,
12:29:02,55.693,100,
12:29:03,55.67,200,
12:29:03,55.65,3147,
12:29:04,55.66,200,
12:29:06,55.69,100,
12:29:19,55.67,500,
12:29:20,55.69,300,
12:29:20,55.68,100,
12:29:20,55.69,100,
12:29:20,55.69,200,
12:29:27,55.6701,100,
12:29:28,55.69,100,
12:29:34,55.69,900,
12:29:34,55.69,400,
12:29:34,55.69,699,
12:29:45,55.6511,1000,
12:29:45,55.65,200,
12:29:45,55.65,400,
12:29:45,55.6501,2500,
12:29:45,55.65,600,
12:29:45,55.65,200,
12:29:53,55.6694,500,
12:30:09,55.673,189,
12:30:52,55.654,150,
12:30:57,55.6611,100,
12:30:57,55.65,300,
12:30:57,55.65,100,
12:31:01,55.64,100,
12:31:01,55.61,200,
12:31:04,55.592,1000,
12:31:04,55.59,100,
12:31:05,55.59,300,
12:31:07,55.5901,200,
12:31:08,55.61,100,
12:31:08,55.62,100,
12:31:10,55.61,100,
12:31:28,55.5948,195,
12:31:31,55.61,200,
12:31:35,55.60,107,
12:31:43,55.61,100,
12:31:56,55.5899,800,
12:32:02,55.5732,195,
12:32:08,55.57,1700,
12:32:08,55.57,1500,
12:32:08,55.57,100,
12:32:08,55.57,100,
12:32:10,55.59,100,
12:32:11,55.60,200,
12:32:31,55.5848,400,
12:32:43,55.586,1000,
12:33:05,55.60,200,
12:33:05,55.60,400,
12:33:11,55.61,120,
12:33:11,55.59,100,
12:33:18,55.58,200,
12:33:30,55.5808,1000,
12:33:38,55.562,969,
12:33:47,55.57,100,
12:33:47,55.57,100,
12:33:48,55.5787,200,
12:33:50,55.56,100,
12:33:50,55.56,300,
12:33:50,55.55,300,
12:33:50,55.55,300,
12:33:50,55.56,229,
12:33:52,55.55,100,
12:33:53,55.55,100,
12:33:53,55.55,100,
12:34:00,55.5501,700,
12:34:08,55.55,100,
12:34:19,55.57,200,
12:34:19,55.57,100,
12:34:24,55.565,300,
12:34:24,55.57,300,
12:34:29,55.57,100,
12:34:29,55.57,1600,
12:34:30,55.57,300,
12:34:30,55.57,600,
12:34:30,55.57,100,
12:34:30,55.57,399,
12:34:36,55.59,100,
12:34:40,55.59,100,
12:34:43,55.58,200,
12:34:44,55.58,100,
12:34:44,55.58,100,
12:34:54,55.57,100,
12:34:57,55.5899,400,
12:35:23,55.61,200,
12:35:23,55.61,300,
12:35:31,55.61,200,
12:35:37,55.594,200,
12:35:42,55.61,200,
12:35:42,55.61,300,
12:35:42,55.61,200,
12:35:42,55.61,1500,
12:35:42,55.61,1200,
12:35:42,55.61,300,
12:35:51,55.59,100,
12:37:14,55.5848,370,
12:37:21,55.59,100,
12:37:21,55.59,100,
12:37:22,55.609,100,
12:38:08,55.58,125,
12:38:18,55.58,300,
12:38:19,55.5999,2000,
12:38:23,55.61,200,
12:38:23,55.61,300,
12:38:23,55.6098,2600,
12:38:49,55.61,250,
12:38:51,55.66,100,
12:38:51,55.63,100,
12:38:51,55.63,100,
12:38:54,55.64,200,
12:38:54,55.63,100,
12:38:58,55.63,200,
12:38:58,55.63,300,
12:39:00,55.63,100,
12:39:02,55.63,100,
12:39:31,55.67,100,
12:39:32,55.70,100,
12:39:40,55.6901,200,
12:39:42,55.6901,300,
12:39:50,55.70,2000,
12:40:01,55.652,450,
12:40:07,55.67,200,
12:40:07,55.67,200,
12:40:16,55.70,100,
12:40:21,55.6899,200,
12:40:52,55.67,100,
12:40:52,55.67,100,
12:41:13,55.68,200,
12:41:13,55.68,100,
12:41:13,55.68,100,
12:41:13,55.68,510,
12:41:13,55.68,100,
12:41:24,55.6913,100,
12:41:39,55.6999,100,
12:41:45,55.71,100,
12:41:52,55.7098,100,
12:41:52,55.71,500,
12:41:57,55.7011,500,
12:42:04,55.7002,100,
12:42:04,55.7002,200,
12:42:04,55.70,200,
12:42:13,55.70,200,
12:42:42,55.709,300,
12:42:57,55.7002,100,
12:42:58,55.7008,135,
12:43:03,55.7101,100,
12:43:59,55.73,100,
12:44:02,55.71,100,
12:44:02,55.7101,100,
12:44:02,55.7101,100,
12:44:02,55.7101,100,
12:44:02,55.71,1300,
12:44:06,55.74,100,
12:44:11,55.72,100,
12:44:13,55.7202,100,
12:44:15,55.75,100,
12:44:15,55.76,300,
12:44:15,55.76,300,
12:44:15,55.77,223,
12:44:15,55.77,100,
12:44:16,55.75,100,
12:44:16,55.75,300,
12:44:28,55.7799,2000,
12:44:41,55.77,100,
12:44:41,55.77,100,
12:44:43,55.75,100,
12:45:23,55.78,100,
12:45:23,55.78,100,
12:45:23,55.79,220,
12:45:24,55.8199,200,
12:45:27,55.8199,300,
12:45:30,55.8186,300,
12:45:32,55.80,116,
12:45:32,55.80,300,
12:45:32,55.7901,200,
12:45:55,55.8186,1000,
12:46:08,55.82,400,
12:46:26,55.8033,100,
12:46:44,55.80,300,
12:46:59,55.8199,100,
12:46:59,55.8199,100,
12:46:59,55.8199,100,
12:47:00,55.8299,200,
12:47:11,55.8189,1000,
12:47:14,55.816,500,
12:47:32,55.8027,500,
12:47:52,55.77,200,
12:47:52,55.77,600,
12:47:59,55.7801,100,
12:48:00,55.789,100,
12:48:01,55.79,100,
12:48:06,55.7748,100,
12:48:25,55.78,149,
12:48:25,55.7975,1770,
12:49:03,55.79,200,
12:49:06,55.785,100,
12:49:09,55.76,100,
12:49:09,55.77,100,
12:49:09,55.74,300,
12:49:09,55.74,200,
12:49:09,55.74,300,
12:49:09,55.75,100,
12:49:37,55.7226,105,
12:49:57,55.7326,1000,
12:50:00,55.75,200,
12:50:27,55.7527,500,
12:50:36,55.75,100,
12:51:01,55.76,100,
12:51:27,55.77,100,
12:51:39,55.81,200,
12:51:39,55.81,2300,
12:51:39,55.815,100,
12:51:39,55.815,100,
12:51:39,55.80,300,
12:51:39,55.80,300,
12:51:51,55.80,100,
12:52:03,55.83,300,
12:52:03,55.83,400,
12:52:03,55.83,300,
12:52:03,55.82,300,
12:52:09,55.8498,402,
12:52:09,55.86,300,
12:52:16,55.8401,100,
12:52:17,55.8401,200,
12:52:22,55.84,100,
12:52:24,55.839,650,
12:52:24,55.84,250,
12:52:45,55.81,300,
12:53:10,55.8074,200,
12:54:18,55.88,100,
12:54:18,55.88,200,
12:54:18,55.87,109,
12:54:18,55.87,200,
12:54:20,55.87,300,
12:54:21,55.87,100,
12:54:48,55.8699,1885,
12:54:54,55.85,5000,
12:55:28,55.8601,100,
12:55:28,55.8601,100,
12:55:45,55.83,300,
12:55:49,55.8699,100,
12:56:11,55.868,240,
12:56:27,55.86,200,
12:56:28,55.87,100,
12:56:28,55.87,1613,
12:56:34,55.87,100,
12:56:42,55.908,235,
12:56:46,55.91,400,
12:56:48,55.8901,200,
12:56:52,55.87,600,
12:57:02,55.86,100,
12:57:05,55.8999,200,
12:57:07,55.88,300,
12:57:17,55.8701,300,
12:58:09,55.89,10000,
12:58:24,55.899,550,
12:58:57,55.89,155,
12:58:58,55.90,100,
12:58:58,55.90,100,
12:59:00,55.89,200,
12:59:04,55.8902,300,
12:59:28,55.9035,400,
12:59:41,55.901,200,
12:59:49,55.9274,200,
12:59:53,55.939,210,
12:59:55,55.94,100,
12:59:57,55.938,1000,
13:00:16,55.93,500,
13:00:21,55.93,900,
13:00:21,55.93,500,
13:00:21,55.93,900,
13:00:21,55.93,100,
13:00:25,55.94,200,
13:00:29,55.95,100,
13:00:33,55.96,100,
13:00:33,55.95,100,
13:01:01,55.966,500,
13:01:01,55.95,100,
13:01:01,55.95,100,
13:01:04,55.96,200,
13:01:09,55.9674,300,
13:01:15,55.966,100,
13:01:17,55.94,200,
13:01:17,55.95,200,
13:01:17,55.94,100,
13:01:17,55.94,200,
13:01:24,55.9508,250,
13:01:25,55.95,300,
13:01:34,55.9527,1000,
13:01:41,55.9689,1000,
13:01:56,55.951,100,
13:02:03,55.95,100,
13:02:03,55.95,200,
13:02:04,55.95,700,
13:02:12,55.95,1500,
13:02:12,55.94,100,
13:02:12,55.91,100,
13:02:12,55.91,300,
13:02:12,55.92,400,
13:02:12,55.91,100,
13:02:14,55.95,300,
13:02:14,55.95,300,
13:02:15,55.93,200,
13:02:27,55.951,150,
13:02:29,55.95,150,
13:02:34,55.9701,200,
13:02:43,55.97,3000,
13:02:56,55.95,148,
13:03:01,55.9538,400,
13:03:16,55.98,100,
13:03:21,55.971,200,
13:03:21,55.97,3154,
13:03:31,55.9701,200,
13:03:41,55.98,200,
13:03:42,55.98,200,
13:03:56,55.99,100,
13:04:00,56,150,
13:04:04,55.99,2627,
13:04:14,55.97,300,
13:04:14,55.97,100,
13:04:14,55.97,100,
13:04:33,55.982,100,
13:04:35,55.9887,250,
13:04:39,56,123,
13:04:39,56,300,
13:04:39,56,300,
13:04:42,55.999,100,
13:04:56,56,300,
13:05:13,55.992,500,
13:05:26,56,167,
13:05:26,56,100,
13:05:29,56.01,200,
13:05:29,56.01,500,
13:05:34,56.028,500,
13:05:41,56.0201,1750,
13:05:41,56.029,500,
13:06:05,56.0215,1600,
13:06:19,56.0191,600,
13:06:21,56.0002,100,
13:06:24,56,300,
13:06:52,55.9973,1600,
13:07:01,55.9812,120,
13:07:11,55.99,100,
13:07:14,55.98,300,
13:07:14,55.98,300,
13:07:25,56.01,200,
13:07:46,56.012,100,
13:08:04,56.0301,2200,
13:08:20,56.05,100,
13:08:21,56.0486,500,
13:08:22,56.06,100,
13:08:22,56.04,300,
13:08:22,56.0401,200,
13:08:22,56.04,200,
13:08:55,56.03,100,
13:08:55,56.049,600,
13:09:04,56.03,100,
13:09:04,56.03,100,
13:09:04,56.03,300,
13:09:08,56.03,200,
13:09:32,56.01,300,
13:09:32,56.005,200,
13:09:32,56.005,200,
13:09:42,56.0001,640,
13:10:09,56.0101,100,
13:10:11,56.0201,100,
13:10:29,56.021,100,
13:10:37,56.021,100,
13:11:34,56.048,200,
13:11:50,56.05,100,
13:11:50,56.05,200,
13:11:50,56.05,100,
13:11:51,56.04,100,
13:11:51,56.0402,100,
13:12:01,56.032,5000,
13:12:18,56.03,100,
13:12:24,56.03,300,
13:12:24,56.03,100,
13:12:37,56.058,500,
13:12:59,56.042,200,
13:13:26,56.04,300,
13:13:39,56.059,200,
13:14:21,56.05,207,
13:14:34,56.0511,100,
13:14:51,56.0454,350,
13:15:03,56.05,200,
13:15:10,56.04,200,
13:15:10,56.04,200,
13:15:12,56.04,400,
13:15:14,56.04,200,
13:15:30,56.04,100,
13:15:46,56.06,300,
13:15:52,56.06,100,
13:16:13,56.02,100,
13:16:13,56.02,200,
13:16:13,56.02,600,
13:16:13,56.04,200,
13:16:13,56.04,300,
13:16:17,56.001,200,
13:16:18,56,300,
13:16:18,56.001,100,
13:16:18,56.001,100,
13:16:19,56.02,200,
13:16:19,56.02,200,
13:16:19,56.01,100,
13:16:20,56.031,200,
13:16:23,56.06,300,
13:16:24,56.05,100,
13:16:36,56.06,100,
13:16:38,56.07,300,
13:16:38,56.08,300,
13:16:39,56.06,200,
13:16:40,56.05,100,
13:16:40,56.05,100,
13:16:45,56.0788,100,
13:16:56,56.06,300,
13:16:56,56.06,200,
13:16:56,56.09,300,
13:16:58,56.10,100,
13:17:05,56.126,200,
13:17:05,56.11,100,
13:17:10,56.1299,1000,
13:17:14,56.11,100,
13:17:14,56.11,100,
13:17:14,56.10,100,
13:17:14,56.11,100,
13:17:14,56.12,302,
13:17:14,56.12,300,
13:17:15,56.13,100,
13:17:22,56.121,300,
13:17:26,56.12,600,
13:17:26,56.12,900,
13:17:26,56.11,259,
13:17:26,56.11,100,
13:17:29,56.101,200,
13:17:43,56.12,300,
13:17:44,56.1262,1000,
13:17:48,56.11,300,
13:17:48,56.11,200,
13:17:48,56.122,1300,
13:17:51,56.1227,100,
13:18:04,56.12,100,
13:18:04,56.1201,500,
13:18:05,56.12,200,
13:18:05,56.1201,200,
13:18:12,56.1284,100,
13:18:20,56.12,300,
13:18:20,56.13,100,
13:18:29,56.15,100,
13:18:38,56.146,100,
13:18:51,56.1373,500,
13:18:58,56.12,900,
13:18:58,56.13,100,
13:18:58,56.13,100,
13:18:58,56.12,299,
13:18:58,56.12,299,
13:18:58,56.11,600,
13:19:18,56.1243,300,
13:19:24,56.121,100,
13:19:24,56.12,100,
13:19:24,56.12,100,
13:19:28,56.10,200,
13:19:28,56.10,100,
13:19:28,56.10,100,
13:19:30,56.10,200,
13:19:30,56.10,300,
13:19:30,56.1001,400,
13:19:33,56.1001,200,
13:19:34,56.1001,400,
13:19:52,56.05,100,
13:19:53,56.042,1000,
13:19:59,56.03,100,
13:20:02,56.03,300,
13:20:06,56.0518,118,
13:20:40,56.03,121,
13:20:42,56.02,995,
13:21:03,56.06,100,
13:21:03,56.07,300,
13:21:03,56.07,200,
13:21:03,56.07,300,
13:21:03,56.08,100,
13:21:03,56.08,3200,
13:21:03,56.08,300,
13:21:11,56.0698,400,
13:21:37,56.06,100,
13:21:49,56.05,200,
13:21:53,56.08,100,
13:21:53,56.09,116,
13:22:04,56.08,100,
13:22:06,56.065,100,
13:22:26,56.0601,100,
13:23:01,56.05,100,
13:23:01,56.05,100,
13:23:01,56.05,300,
13:23:20,56.039,100,
13:23:21,56.06,500,
13:23:28,56.05,300,
13:23:50,56.046,400,
13:24:12,56.0401,400,
13:24:25,56.059,100,
13:24:27,56.0401,400,
13:24:27,56.04,400,
13:24:27,56.04,200,
13:24:27,56.04,100,
13:25:23,56.0699,160,
13:25:29,56.05,200,
13:25:39,56.05,900,
13:25:39,56.05,200,
13:25:39,56.05,200,
13:25:39,56.05,200,
13:25:39,56.05,300,
13:25:46,56.05,300,
13:25:55,56.07,300,
13:25:55,56.07,200,
13:25:55,56.08,200,
13:25:55,56.08,200,
13:25:58,56.07,100,
13:26:28,56.0327,1000,
13:26:39,56.06,200,
13:26:39,56.06,300,
13:26:39,56.06,100,
13:26:53,56.05,300,
13:26:55,56.03,300,
13:26:56,56.051,300,
13:27:16,56.0527,500,
13:27:28,56.07,300,
13:27:44,56.08,100,
13:28:01,56.0625,100,
13:28:02,56.05,600,
13:28:02,56.04,300,
13:28:04,56.05,900,
13:28:04,56.05,100,
13:28:04,56.05,200,
13:28:04,56.05,400,
13:28:04,56.05,200,
13:28:04,56.05,200,
13:28:04,56.05,200,
13:28:04,56.05,300,
13:28:04,56.05,300,
13:28:09,56.0401,5000,
13:28:23,56.03,2700,
13:28:39,56.03,100,
13:28:39,56.03,100,
13:28:51,56.044,500,
13:28:58,56.06,100,
13:29:05,56.088,1000,
13:29:07,56.08,200,
13:29:07,56.08,200,
13:29:08,56.0899,100,
13:29:19,56.08,500,
13:29:33,56.08,300,
13:29:35,56.05,300,
13:29:35,56.04,100,
13:29:35,56.04,100,
13:29:35,56.03,200,
13:29:35,56.03,300,
13:30:02,56.0402,2500,
13:30:24,56.021,300,
13:30:27,56.03,300,
13:30:49,56.0201,100,
13:30:51,56.0001,500,
13:30:55,56,300,
13:30:55,56.0001,800,
13:30:55,56.0001,900,
13:30:55,56.0001,900,
13:30:56,56,800,
13:31:11,56,100,
13:31:11,56,100,
13:31:12,56,300,
13:31:27,56.01,100,
13:31:27,56.02,300,
13:31:27,56.01,200,
13:31:39,56.0404,500,
13:32:02,56.04,100,
13:32:05,56.041,100,
13:32:32,56.041,600,
13:32:45,56.05,148,
13:32:47,56.06,300,
13:32:47,56.06,100,
13:33:14,56.0599,300,
13:33:15,56.06,300,
13:33:15,56.06,300,
13:33:15,56.06,200,
13:33:15,56.06,200,
13:33:15,56.06,200,
13:33:22,56.07,300,
13:33:34,56.09,200,
13:33:34,56.09,100,
13:33:54,56.10,200,
13:33:59,56.1011,400,
13:34:12,56.11,100,
13:34:14,56.12,300,
13:34:14,56.13,100,
13:34:33,56.148,500,
13:34:33,56.15,100,
13:34:33,56.15,100,
13:34:36,56.1499,300,
13:34:36,56.15,100,
13:34:36,56.15,100,
13:34:38,56.144,200,
13:34:38,56.13,100,
13:34:40,56.1499,200,
13:34:48,56.136,1000,
13:34:48,56.12,300,
13:34:48,56.10,100,
13:35:06,56.09,700,
13:35:06,56.09,300,
13:35:33,56.13,500,
13:35:33,56.1168,500,
13:35:33,56.1107,100,
13:35:33,56.1299,100,
13:35:33,56.13,100,
13:35:52,56.102,1000,
13:36:17,56.10,100,
13:36:27,56.061,100,
13:36:35,56.0703,100,
13:36:54,56.061,100,
13:36:57,56.0601,500,
13:36:58,56.06,200,
13:36:58,56.06,100,
13:36:58,56.041,500,
13:36:58,56.06,200,
13:36:59,56.032,900,
13:37:02,56.02,400,
13:37:03,56.03,199,
13:37:08,56.03,200,
13:37:08,56.03,500,
13:37:13,56.007,2000,
13:37:20,56.022,500,
13:37:20,56.02,100,
13:37:20,56.0054,600,
13:37:23,56.0284,200,
13:37:33,56.02,100,
13:37:37,56.0039,195,
13:37:42,56.0011,1000,
13:37:45,56.02,100,
13:37:45,56.0201,100,
13:37:45,56.02,300,
13:37:50,56.021,200,
13:37:58,56.02,200,
13:38:01,56.03,200,
13:38:23,56,200,
13:38:23,56,100,
13:38:23,56,300,
13:38:33,56,200,
13:38:33,55.99,100,
13:38:33,55.98,100,
13:38:33,55.98,200,
13:38:33,55.98,300,
13:38:33,55.98,300,
13:38:33,55.98,300,
13:38:33,55.9799,500,
13:38:55,56.05,100,
13:38:55,56.05,500,
13:38:55,56.05,300,
13:39:00,56.04,211,
13:39:00,56.022,300,
13:39:01,56.04,100,
13:39:11,56.021,200,
13:39:28,56.041,100,
13:39:56,56.08,100,
13:39:59,56.10,100,
13:40:05,56.11,300,
13:40:07,56.10,200,
13:40:07,56.10,299,
13:40:13,56.0904,100,
13:40:32,56.09,100,
13:40:54,56.0899,500,
13:40:57,56.07,300,
13:41:07,56.05,200,
13:41:09,56.06,200,
13:41:22,56.042,100,
13:41:56,56.0302,400,
13:42:02,56.0213,200,
13:42:11,56.05,200,
13:42:12,56.04,100,
13:42:36,56.04,200,
13:42:36,56.04,200,
13:42:36,56.04,200,
13:42:40,56.0239,275,
13:43:11,56.0284,200,
13:43:16,56.021,200,
13:43:31,56.01,100,
13:43:31,56.02,200,
13:43:31,56.02,300,
13:43:41,56,100,
13:43:41,56,100,
13:43:41,56,100,
13:43:41,56,100,
13:43:50,55.9899,600,
13:44:03,55.98,100,
13:44:03,55.98,100,
13:44:03,55.98,100,
13:44:04,55.9626,100,
13:44:13,55.9601,100,
13:44:14,55.9825,100,
13:44:16,55.981,200,
13:44:18,55.981,100,
13:44:20,55.98,100,
13:44:20,55.98,100,
13:44:24,55.975,100,
13:44:26,55.98,100,
13:44:48,55.96,100,
13:44:51,55.9411,1000,
13:44:51,55.9401,300,
13:44:51,55.94,300,
13:44:51,55.941,100,
13:44:54,55.92,200,
13:44:54,55.91,145,
13:44:57,55.9231,600,
13:45:00,55.921,100,
13:45:01,55.924,200,
13:45:03,55.96,300,
13:45:03,55.96,200,
13:45:11,55.9699,900,
13:45:32,55.95,300,
13:45:32,55.95,100,
13:45:59,55.951,220,
13:46:03,55.96,100,
13:46:15,55.9601,100,
13:46:17,55.96,500,
13:46:17,55.96,100,
13:46:23,55.961,200,
13:46:24,55.97,100,
13:46:24,55.96,100,
13:46:39,55.95,100,
13:46:39,55.95,300,
13:46:53,55.93,200,
13:47:04,55.9272,100,
13:47:04,55.9201,400,
13:47:04,55.92,400,
13:47:14,55.93,100,
13:47:20,55.936,300,
13:47:21,55.937,100,
13:47:28,55.92,100,
13:47:28,55.92,300,
13:47:28,55.92,100,
13:47:30,55.92,100,
13:47:33,55.921,300,
13:47:41,55.9202,2000,
13:47:48,55.90,300,
13:47:52,55.93,100,
13:47:52,55.93,200,
13:47:52,55.93,400,
13:48:07,55.95,200,
13:48:17,55.935,100,
13:48:29,55.96,100,
13:48:29,55.96,100,
13:48:55,55.9601,2800,
13:49:15,55.96,200,
13:49:25,55.941,400,
13:49:30,55.96,200,
13:49:39,55.97,100,
13:49:39,55.96,200,
13:49:39,55.96,200,
13:49:39,55.96,300,
13:49:39,55.96,300,
13:49:39,55.96,300,
13:49:39,55.96,200,
13:49:39,55.96,200,
13:49:40,55.976,100,
13:49:48,55.96,200,
13:49:51,55.98,200,
13:50:01,55.94,200,
13:50:01,55.94,100,
13:50:25,55.942,399,
13:50:54,55.95,200,
13:51:44,55.9799,200,
13:51:52,55.97,100,
13:52:01,55.99,284,
13:52:07,55.99,200,
13:52:07,55.989,200,
13:52:23,55.98,200,
13:52:23,55.98,200,
13:52:23,55.98,300,
13:52:39,55.9868,400,
13:53:14,56.012,1000,
13:53:21,56.0126,1000,
13:53:22,56.028,400,
13:53:31,56.0599,2000,
13:54:52,56.035,125,
13:54:59,56.035,300,
13:54:59,56.03,200,
13:55:00,56.0301,200,
13:55:17,56.031,100,
13:55:22,56.03,100,
13:55:58,56.02,100,
13:56:11,56,400,
13:56:11,56,200,
13:56:22,56.0099,300,
13:56:49,55.97,100,
13:56:49,55.97,100,
13:56:49,55.96,100,
13:56:49,55.97,100,
13:56:49,55.96,100,
13:56:49,55.96,200,
13:56:49,55.96,100,
13:56:49,55.97,100,
13:56:50,55.98,200,
13:56:51,55.98,100,
13:57:04,55.98,600,
13:57:05,55.98,100,
13:57:09,55.96,100,
13:57:20,55.98,100,
13:57:20,56,200,
13:57:21,56.01,200,
13:57:21,56.01,200,
13:57:27,55.99,100,
13:57:27,55.99,100,
13:57:27,55.99,200,
13:57:31,55.95,200,
13:57:51,55.96,100,
13:57:51,55.96,200,
13:57:53,55.93,100,
13:58:06,55.9698,200,
13:58:06,55.9698,500,
13:58:07,55.97,200,
13:58:07,55.97,100,
13:58:30,55.961,100,
13:59:22,55.961,160,
13:59:34,55.97,200,
13:59:34,55.97,200,
13:59:35,55.97,100,
13:59:42,55.98,299,
13:59:54,55.952,524,
13:59:54,55.95,100,
13:59:57,55.97,100,
13:59:57,55.97,100,
14:00:03,55.941,100,
14:00:26,55.98,500,
14:00:26,55.98,100,
14:00:32,55.99,100,
14:00:32,55.99,100,
14:00:33,55.989,500,
14:00:45,56.01,100,
14:00:59,56.01,200,
14:01:38,56.03,200,
14:02:26,56.0189,1000,
14:02:54,56.05,200,
14:02:54,56.05,100,
14:02:59,56.05,200,
14:03:02,56.05,600,
14:03:02,56.05,100,
14:03:02,56.051,100,
14:03:02,56.0525,100,
14:04:16,56.0187,200,
14:04:17,56.04,100,
14:04:17,56.04,200,
14:04:17,56.04,100,
14:04:20,56.03,200,
14:04:29,56.0487,2000,
14:04:30,56.06,100,
14:05:14,56.0283,1250,
14:05:19,56.03,200,
14:05:19,56.03,200,
14:05:34,56.031,800,
14:05:56,56.0399,1000,
14:06:01,56.05,600,
14:06:01,56.06,100,
14:06:04,56.06,200,
14:06:05,56.0519,100,
14:06:22,56.055,200,
14:06:34,56.0402,100,
14:06:34,56.04,200,
14:06:36,56.04,100,
14:06:45,56.03,100,
14:06:46,56.04,200,
14:06:46,56.04,100,
14:06:58,56.04,100,
14:06:58,56.0399,100,
14:07:00,56.05,200,
14:07:15,56.0674,250,
14:07:21,56.07,100,
14:07:26,56.076,1000,
14:07:28,56.07,100,
14:07:30,56.08,3000,
14:07:30,56.08,300,
14:07:33,56.071,100,
14:07:44,56.09,100,
14:07:44,56.09,200,
14:07:44,56.09,100,
14:07:51,56.088,790,
14:08:09,56.10,200,
14:08:10,56.101,100,
14:08:17,56.1097,1000,
14:08:27,56.09,600,
14:08:27,56.09,100,
14:08:41,56.07,100,
14:08:45,56.09,100,
14:08:45,56.09,100,
14:08:48,56.11,100,
14:08:48,56.12,100,
14:08:51,56.11,200,
14:08:57,56.119,100,
14:09:01,56.13,300,
14:09:07,56.14,200,
14:09:07,56.15,300,
14:09:17,56.16,100,
14:09:20,56.16,1950,
14:09:20,56.18,200,
14:09:20,56.18,300,
14:09:23,56.1601,2000,
14:09:24,56.17,200,
14:09:24,56.17,200,
14:09:35,56.16,300,
14:09:35,56.14,200,
14:09:35,56.14,200,
14:09:39,56.17,300,
14:09:47,56.18,200,
14:09:51,56.19,300,
14:09:59,56.1899,150,
14:10:03,56.17,100,
14:10:03,56.17,100,
14:10:18,56.15,100,
14:10:49,56.17,100,
14:10:54,56.15,400,
14:11:00,56.17,300,
14:11:00,56.17,100,
14:11:04,56.16,100,
14:11:10,56.16,100,
14:11:19,56.19,100,
14:11:23,56.178,250,
14:12:03,56.16,100,
14:12:08,56.19,100,
14:12:11,56.19,100,
14:12:16,56.19,200,
14:12:20,56.18,600,
14:12:20,56.18,200,
14:12:25,56.16,200,
14:12:34,56.1987,200,
14:12:42,56.19,100,
14:13:05,56.19,100,
14:13:12,56.182,150,
14:13:29,56.189,100,
14:13:29,56.17,100,
14:13:47,56.1626,300,
14:13:50,56.19,200,
14:14:03,56.18,100,
14:14:17,56.1799,1100,
14:14:20,56.17,300,
14:14:21,56.141,200,
14:14:21,56.141,200,
14:14:23,56.14,200,
14:14:23,56.14,100,
14:14:23,56.14,100,
14:14:27,56.15,100,
14:14:43,56.1208,100,
14:14:45,56.17,200,
14:14:49,56.16,201,
14:14:49,56.15,200,
14:14:51,56.14,222,
14:14:58,56.1599,700,
14:14:58,56.17,100,
14:14:58,56.17,300,
14:14:58,56.17,200,
14:15:07,56.13,100,
14:15:09,56.14,300,
14:15:09,56.15,200,
14:15:09,56.15,300,
14:15:45,56.15,100,
14:15:45,56.14,440,
14:16:10,56.121,200,
14:16:23,56.1273,100,
14:16:23,56.12,300,
14:16:36,56.15,200,
14:16:36,56.15,300,
14:16:36,56.14,100,
14:16:48,56.149,500,
14:17:10,56.14,300,
14:17:10,56.14,160,
14:17:10,56.145,100,
14:18:17,56.141,100,
14:18:28,56.1224,300,
14:18:30,56.125,200,
14:18:31,56.15,300,
14:19:03,56.129,225,
14:19:25,56.12,100,
14:19:32,56.14,100,
14:19:32,56.14,300,
14:19:32,56.15,300,
14:19:32,56.15,200,
14:19:34,56.16,200,
14:19:34,56.16,100,
14:19:34,56.16,100,
14:19:42,56.133,100,
14:19:42,56.136,200,
14:20:26,56.14,200,
14:20:37,56.17,100,
14:20:37,56.17,300,
14:20:37,56.17,100,
14:20:37,56.18,100,
14:20:37,56.17,200,
14:20:37,56.1775,100,
14:20:37,56.175,100,
14:20:37,56.18,200,
14:20:37,56.169,700,
14:20:37,56.169,600,
14:20:37,56.172,100,
14:20:39,56.18,300,
14:20:55,56.19,200,
14:20:55,56.19,300,
14:20:55,56.20,500,
14:20:55,56.20,300,
14:20:55,56.20,200,
14:20:55,56.21,300,
14:20:55,56.21,200,
14:21:01,56.20,100,
14:21:01,56.20,100,
14:21:01,56.19,200,
14:21:01,56.1805,200,
14:21:06,56.20,100,
14:21:13,56.205,400,
14:21:15,56.20,200,
14:21:23,56.21,100,
14:21:25,56.21,300,
14:21:25,56.21,300,
14:21:25,56.21,100,
14:21:56,56.18,200,
14:22:00,56.20,100,
14:22:00,56.20,100,
14:22:07,56.181,100,
14:22:41,56.161,100,
14:22:54,56.17,100,
14:22:56,56.199,100,
14:23:09,56.181,100,
14:23:42,56.18,200,
14:24:28,56.19,100,
14:24:28,56.20,100,
14:24:28,56.20,200,
14:24:33,56.191,150,
14:24:35,56.19,200,
14:24:35,56.19,100,
14:24:35,56.18,200,
14:24:35,56.18,100,
14:24:35,56.18,115,
14:24:35,56.18,100,
14:24:35,56.18,100,
14:24:35,56.17,100,
14:24:35,56.17,400,
14:24:35,56.17,100,
14:24:35,56.17,100,
14:24:35,56.15,100,
14:24:35,56.15,300,
14:24:43,56.13,200,
14:24:43,56.13,200,
14:24:43,56.13,200,
14:25:14,56.13,300,
14:25:14,56.13,600,
14:25:14,56.13,300,
14:25:24,56.121,100,
14:26:13,56.14,100,
14:26:28,56.131,150,
14:26:43,56.14,200,
14:27:22,56.1601,200,
14:27:22,56.16,200,
14:27:22,56.16,300,
14:27:23,56.14,200,
14:27:25,56.1499,200,
14:28:15,56.13,500,
14:28:15,56.13,300,
14:28:16,56.14,200,
14:28:20,56.16,100,
14:28:20,56.16,100,
14:28:20,56.16,200,
14:28:23,56.16,400,
14:28:39,56.14,200,
14:28:39,56.15,100,
14:28:39,56.15,300,
14:28:39,56.14,100,
14:28:49,56.14,300,
14:28:50,56.1601,100,
14:28:55,56.19,100,
14:28:59,56.17,300,
14:28:59,56.17,290,
14:29:09,56.1401,100,
14:29:14,56.12,200,
14:29:37,56.1489,600,
14:29:44,56.1199,300,
14:29:45,56.11,100,
14:29:57,56.15,200,
14:29:57,56.15,100,
14:30:02,56.14,100,
14:30:05,56.16,100,
14:30:10,56.19,100,
14:30:26,56.19,200,
14:30:33,56.181,100,
14:30:35,56.18,100,
14:30:35,56.1789,200,
14:30:38,56.16,200,
14:30:38,56.16,200,
14:30:39,56.17,300,
14:31:05,56.19,100,
14:31:05,56.19,200,
14:31:21,56.20,300,
14:31:21,56.20,200,
14:31:21,56.21,300,
14:31:22,56.21,200,
14:31:26,56.23,500,
14:31:26,56.23,300,
14:31:26,56.22,300,
14:31:26,56.23,200,
14:31:26,56.24,200,
14:31:26,56.23,300,
14:31:26,56.23,100,
14:31:26,56.25,300,
14:31:26,56.25,200,
14:31:26,56.25,300,
14:31:27,56.25,100,
14:31:27,56.25,300,
14:31:27,56.2587,2000,
14:31:27,56.25,300,
14:31:27,56.25,300,
14:31:27,56.25,300,
14:31:27,56.25,300,
14:31:27,56.25,400,
14:31:27,56.24,200,
14:31:27,56.24,300,
14:31:27,56.23,300,
14:31:27,56.23,100,
14:31:31,56.23,300,
14:31:31,56.23,300,
14:31:31,56.23,300,
14:31:31,56.22,200,
14:31:36,56.25,100,
14:31:36,56.25,300,
14:31:37,56.23,222,
14:31:38,56.2401,200,
14:31:38,56.24,100,
14:31:38,56.2401,100,
14:31:38,56.247,100,
14:31:38,56.24,200,
14:31:39,56.24,100,
14:31:39,56.22,300,
14:31:40,56.22,100,
14:31:42,56.2001,700,
14:31:51,56.22,100,
14:31:51,56.24,200,
14:31:52,56.25,100,
14:31:54,56.26,100,
14:31:54,56.28,300,
14:31:55,56.30,4900,
14:31:55,56.28,300,
14:31:55,56.285,200,
14:31:56,56.2692,1700,
14:31:58,56.276,300,
14:31:58,56.2301,1100,
14:31:58,56.212,500,
14:31:59,56.22,100,
14:32:07,56.249,500,
14:32:08,56.24,100,
14:32:15,56.2299,400,
14:32:28,56.24,100,
14:32:33,56.2373,1850,
14:32:38,56.2232,200,
14:32:39,56.24,200,
14:32:39,56.24,400,
14:32:41,56.21,300,
14:32:54,56.23,200,
14:32:57,56.22,100,
14:32:57,56.25,350,
14:32:57,56.24,100,
14:33:05,56.25,100,
14:33:05,56.25,100,
14:33:16,56.25,300,
14:33:16,56.25,300,
14:33:16,56.24,100,
14:33:18,56.28,389,
14:33:24,56.30,200,
14:33:25,56.32,300,
14:33:26,56.32,150,
14:33:27,56.30,200,
14:33:28,56.31,300,
14:33:28,56.301,100,
14:33:30,56.32,500,
14:33:30,56.32,200,
14:33:30,56.33,200,
14:33:35,56.35,663,
14:33:36,56.3301,100,
14:33:36,56.35,100,
14:33:36,56.36,150,
14:33:40,56.34,450,
14:33:42,56.32,300,
14:33:49,56.2999,100,
14:33:49,56.2999,100,
14:33:49,56.3099,300,
14:33:56,56.339,100,
14:34:13,56.33,100,
14:34:18,56.35,300,
14:34:20,56.34,300,
14:34:20,56.33,300,
14:34:20,56.32,200,
14:34:20,56.31,100,
14:34:20,56.31,100,
14:34:20,56.31,400,
14:34:20,56.33,200,
14:34:32,56.30,100,
14:34:32,56.28,200,
14:34:32,56.28,300,
14:34:32,56.29,400,
14:34:32,56.28,200,
14:34:32,56.27,100,
14:34:32,56.27,100,
14:34:35,56.26,100,
14:34:35,56.26,100,
14:34:35,56.279,100,
14:34:37,56.278,760,
14:34:41,56.29,300,
14:34:42,56.31,200,
14:34:42,56.29,100,
14:34:43,56.29,167,
14:34:44,56.27,200,
14:34:44,56.27,600,
14:34:44,56.269,400,
14:34:53,56.27,300,
14:34:53,56.27,100,
14:34:53,56.27,400,
14:34:53,56.27,500,
14:34:56,56.27,840,
14:35:04,56.26,200,
14:35:24,56.30,100,
14:35:30,56.3001,100,
14:35:33,56.31,300,
14:35:33,56.31,300,
14:35:42,56.33,500,
14:35:49,56.33,500,
14:35:50,56.3469,200,
14:35:58,56.34,100,
14:35:58,56.35,110,
14:35:58,56.3499,600,
14:35:58,56.3499,600,
14:35:58,56.3499,700,
14:35:58,56.3499,500,
14:35:58,56.3499,600,
14:36:07,56.36,500,
14:36:23,56.35,200,
14:36:37,56.36,300,
14:36:39,56.37,300,
14:36:46,56.38,100,
14:36:46,56.40,200,
14:36:48,56.40,100,
14:36:48,56.40,100,
14:36:49,56.3968,350,
14:36:53,56.40,100,
14:36:54,56.398,1000,
14:36:56,56.392,242,
14:36:57,56.41,300,
14:36:58,56.40,600,
14:36:58,56.40,600,
14:36:58,56.40,600,
14:36:58,56.40,260,
14:36:58,56.40,600,
14:36:58,56.40,300,
14:36:58,56.40,1000,
14:36:58,56.41,300,
14:36:58,56.40,100,
14:36:58,56.40,100,
14:37:00,56.391,150,
14:37:00,56.41,300,
14:37:09,56.3803,100,
14:37:12,56.41,100,
14:37:12,56.42,100,
14:37:12,56.42,100,
14:37:12,56.41,200,
14:37:14,56.40,100,
14:37:16,56.4087,400,
14:37:19,56.39,100,
14:37:19,56.3999,100,
14:37:19,56.3999,100,
14:37:31,56.392,1000,
14:37:46,56.40,100,
14:37:49,56.41,100,
14:37:57,56.41,100,
14:38:01,56.40,100,
14:38:06,56.38,600,
14:38:23,56.37,100,
14:38:23,56.37,600,
14:38:23,56.38,300,
14:38:23,56.38,100,
14:38:30,56.38,100,
14:38:30,56.38,100,
14:38:50,56.3667,400,
14:38:55,56.39,100,
14:38:55,56.39,100,
14:38:55,56.41,100,
14:38:56,56.41,300,
14:39:02,56.41,300,
14:39:03,56.391,100,
14:39:06,56.39,100,
14:39:06,56.39,200,
14:39:06,56.38,300,
14:39:10,56.3731,200,
14:39:33,56.41,100,
14:39:33,56.41,100,
14:39:42,56.4168,200,
14:39:47,56.40,169,
14:39:47,56.38,100,
14:39:47,56.38,200,
14:39:48,56.37,200,
14:39:48,56.37,200,
14:39:49,56.3738,4231,
14:40:16,56.3789,500,
14:40:22,56.34,536,
14:40:22,56.3211,1000,
14:40:26,56.32,190,
14:40:26,56.31,100,
14:40:26,56.31,100,
14:40:26,56.3001,190,
14:40:26,56.30,200,
14:40:26,56.30,300,
14:40:28,56.30,100,
14:40:28,56.3001,100,
14:40:28,56.30,200,
14:40:30,56.33,100,
14:40:30,56.33,169,
14:40:30,56.35,131,
14:40:30,56.34,100,
14:40:34,56.3428,250,
14:40:48,56.3568,150,
14:41:42,56.3302,100,
14:41:53,56.349,700,
14:42:24,56.33,100,
14:42:32,56.35,100,
14:42:32,56.35,100,
14:42:55,56.37,100,
14:42:55,56.38,224,
14:43:08,56.36,310,
14:43:08,56.355,100,
14:43:18,56.34,2000,
14:43:18,56.34,300,
14:43:18,56.34,600,
14:43:20,56.34,200,
14:43:47,56.32,600,
14:43:47,56.31,200,
14:43:51,56.31,250,
14:43:56,56.3001,100,
14:43:56,56.30,100,
14:44:22,56.31,200,
14:44:22,56.31,300,
14:44:22,56.31,224,
14:44:54,56.36,100,
14:44:54,56.36,600,
14:44:54,56.36,200,
14:44:54,56.36,200,
14:44:56,56.36,100,
14:44:59,56.36,1000,
14:44:59,56.37,500,
14:45:13,56.3702,1000,
14:45:13,56.37,4200,
14:45:23,56.3727,1000,
14:45:23,56.36,100,
14:45:24,56.37,100,
14:45:27,56.38,200,
14:45:27,56.38,131,
14:45:44,56.388,500,
14:45:53,56.39,148,
14:46:07,56.3871,500,
14:46:29,56.39,300,
14:46:29,56.39,100,
14:46:29,56.39,100,
14:46:33,56.38,400,
14:46:33,56.36,250,
14:46:52,56.36,200,
14:46:52,56.36,300,
14:47:08,56.3889,300,
14:47:14,56.40,200,
14:47:16,56.40,100,
14:47:16,56.40,370,
14:47:27,56.41,300,
14:47:27,56.40,240,
14:47:27,56.40,100,
14:47:27,56.40,139,
14:47:33,56.40,300,
14:47:47,56.42,100,
14:47:47,56.43,300,
14:47:48,56.4299,200,
14:47:53,56.42,600,
14:47:53,56.41,200,
14:47:53,56.39,200,
14:47:53,56.39,100,
14:47:54,56.39,200,
14:48:02,56.38,300,
14:48:02,56.38,100,
14:48:08,56.38,399,
14:48:14,56.38,400,
14:48:14,56.38,600,
14:48:14,56.38,200,
14:48:15,56.384,375,
14:48:45,56.37,100,
14:48:45,56.3701,300,
14:48:58,56.37,150,
14:48:58,56.37,300,
14:49:15,56.366,100,
14:49:26,56.34,100,
14:49:27,56.34,300,
14:49:41,56.321,965,
14:50:13,56.3301,400,
14:50:29,56.36,200,
14:50:32,56.344,380,
14:51:06,56.33,100,
14:51:06,56.33,100,
14:51:06,56.33,400,
14:51:06,56.33,292,
14:51:21,56.30,100,
14:51:27,56.27,200,
14:51:35,56.2702,5000,
14:51:48,56.28,100,
14:51:48,56.2769,100,
14:51:48,56.27,100,
14:51:55,56.271,100,
14:51:57,56.272,700,
14:52:03,56.2601,900,
14:52:05,56.2602,100,
14:52:06,56.2601,100,
14:52:06,56.26,100,
14:52:06,56.26,100,
14:52:16,56.25,150,
14:52:16,56.25,600,
14:52:16,56.25,100,
14:52:16,56.24,300,
14:52:16,56.24,300,
14:52:16,56.24,100,
14:52:16,56.23,200,
14:52:16,56.24,200,
14:52:16,56.24,299,
14:52:17,56.24,200,
14:52:17,56.25,400,
14:52:17,56.25,100,
14:53:31,56.2101,100,
14:53:31,56.23,100,
14:53:31,56.23,1000,
14:53:31,56.2298,500,
14:53:33,56.22,100,
14:53:34,56.20,4100,
14:53:35,56.2289,399,
14:53:36,56.21,200,
14:53:36,56.21,100,
14:53:46,56.2172,500,
14:54:02,56.2032,360,
14:54:11,56.201,220,
14:54:20,56.201,100,
14:54:27,56.22,100,
14:54:27,56.22,100,
14:54:27,56.22,600,
14:54:28,56.23,100,
14:54:32,56.2202,400,
14:54:34,56.2399,500,
14:54:58,56.23,100,
14:55:01,56.24,600,
14:55:14,56.2199,299,
14:55:42,56.20,474,
14:56:01,56.20,200,
14:56:31,56.21,300,
14:56:50,56.2101,600,
14:56:54,56.20,100,
14:56:54,56.20,100,
14:56:54,56.20,300,
14:56:55,56.20,1100,
14:57:12,56.22,200,
14:57:25,56.2199,100,
14:57:27,56.23,100,
14:57:27,56.23,200,
14:57:27,56.23,100,
14:57:27,56.22,100,
14:58:11,56.20,100,
14:58:15,56.219,500,
14:58:30,56.22,2500,
14:58:39,56.17,100,
14:58:39,56.1799,200,
14:58:39,56.16,100,
14:58:51,56.1302,100,
14:58:51,56.13,200,
14:58:54,56.13,100,
14:58:55,56.131,100,
14:59:09,56.17,100,
15:00:03,56.13,300,
15:00:05,56.13,100,
15:00:05,56.1301,100,
15:00:10,56.12,200,
15:00:10,56.12,300,
15:00:15,56.134,1000,
15:00:19,56.09,185,
15:00:24,56.08,200,
15:00:24,56.08,200,
15:00:24,56.08,100,
15:00:24,56.08,100,
15:00:25,56.07,100,
15:00:25,56.0701,300,
15:00:25,56.07,100,
15:00:25,56.07,300,
15:00:25,56.07,100,
15:00:25,56.0892,100,
15:00:26,56.073,100,
15:00:28,56.05,3000,
15:00:29,56.07,100,
15:00:29,56.06,200,
15:00:29,56.06,200,
15:00:29,56.06,200,
15:00:29,56.06,200,
15:00:29,56.06,300,
15:00:29,56.06,300,
15:00:30,56.05,200,
15:00:32,56.04,100,
15:00:34,56.03,100,
15:00:34,56.03,200,
15:00:35,56.04,100,
15:00:36,56.04,314,
15:00:38,56.0499,2000,
15:00:45,56.0301,100,
15:00:45,56.03,100,
15:00:45,56.03,600,
15:00:45,56.02,500,
15:00:46,56.01,100,
15:00:48,56.01,300,
15:00:48,56.01,600,
15:00:48,56.01,500,
15:00:48,56.01,100,
15:00:48,56.0101,135,
15:00:48,56.01,200,
15:00:48,56.0101,200,
15:00:48,56.01,100,
15:00:48,56.01,100,
15:00:48,56,2400,
15:00:51,56.02,199,
15:00:51,56.02,300,
15:00:51,56.03,200,
15:00:54,56.0002,700,
15:00:57,56,100,
15:01:06,55.99,100,
15:01:09,56.04,1100,
15:01:09,56.03,700,
15:01:09,56.02,300,
15:01:14,56.04,200,
15:01:20,56.031,500,
15:01:27,56.05,300,
15:01:27,56.05,200,
15:01:33,56.0501,100,
15:01:33,56.05,100,
15:01:33,56.05,100,
15:01:34,56.05,100,
15:01:39,56.05,100,
15:01:40,56.04,250,
15:01:55,56.06,300,
15:01:55,56.06,200,
15:01:57,56.07,100,
15:02:01,56.07,100,
15:02:24,56.10,300,
15:02:24,56.10,300,
15:02:30,56.08,200,
15:02:40,56.09,20000,
15:02:46,56.06,100,
15:02:46,56.06,200,
15:02:51,56.06,100,
15:03:01,56.068,500,
15:03:23,56.0926,400,
15:03:35,56.09,100,
15:03:51,56.12,750,
15:03:55,56.12,100,
15:03:57,56.11,199,
15:03:57,56.11,300,
15:04:21,56.15,2000,
15:04:21,56.1498,1000,
15:04:21,56.15,300,
15:04:22,56.15,300,
15:04:53,56.15,400,
15:04:53,56.15,100,
15:04:57,56.142,271,
15:05:01,56.15,200,
15:05:01,56.15,300,
15:05:21,56.15,400,
15:05:21,56.16,200,
15:05:21,56.16,100,
15:05:21,56.15,100,
15:05:24,56.1699,500,
15:05:31,56.15,100,
15:05:32,56.17,100,
15:05:33,56.17,100,
15:05:33,56.17,100,
15:05:34,56.168,500,
15:05:34,56.17,100,
15:05:39,56.1301,200,
15:06:09,56.142,300,
15:06:33,56.15,100,
15:06:35,56.14,200,
15:06:50,56.13,100,
15:06:57,56.15,200,
15:06:57,56.16,100,
15:06:57,56.16,100,
15:06:57,56.15,300,
15:07:04,56.17,300,
15:07:17,56.1799,100,
15:07:23,56.1711,300,
15:07:35,56.1799,400,
15:07:46,56.1601,500,
15:07:54,56.1711,200,
15:08:38,56.1999,100,
15:08:38,56.20,200,
15:08:38,56.20,400,
15:08:53,56.1701,500,
15:08:55,56.20,100,
15:08:55,56.20,100,
15:08:55,56.20,600,
15:08:55,56.20,150,
15:08:55,56.20,100,
15:09:10,56.192,184,
15:09:18,56.22,100,
15:09:28,56.22,200,
15:09:28,56.22,300,
15:09:34,56.21,400,
15:09:36,56.1945,100,
15:09:39,56.2099,100,
15:10:14,56.1999,100,
15:10:14,56.20,100,
15:10:22,56.1872,100,
15:10:53,56.191,400,
15:11:06,56.19,100,
15:11:26,56.1926,2000,
15:11:51,56.16,200,
15:11:53,56.17,2000,
15:11:53,56.1701,2000,
15:12:10,56.1899,100,
15:12:30,56.18,300,
15:12:30,56.18,100,
15:12:31,56.18,1000,
15:12:40,56.23,200,
15:12:41,56.23,400,
15:12:49,56.24,100,
15:12:51,56.24,100,
15:12:51,56.24,100,
15:13:07,56.24,500,
15:13:23,56.2499,150,
15:13:27,56.25,2000,
15:13:27,56.25,2300,
15:13:27,56.25,1000,
15:13:39,56.2487,500,
15:13:55,56.25,108,
15:13:56,56.258,1000,
15:14:04,56.243,100,
15:14:14,56.25,200,
15:14:19,56.25,100,
15:14:26,56.25,300,
15:14:36,56.2499,400,
15:14:42,56.23,300,
15:14:42,56.23,400,
15:14:43,56.2387,128,
15:14:52,56.23,200,
15:15:00,56.23,100,
15:15:11,56.2101,9350,
15:15:34,56.23,100,
15:15:40,56.23,108,
15:15:58,56.23,100,
15:16:12,56.26,200,
15:16:22,56.25,200,
15:16:22,56.2501,500,
15:16:22,56.2501,100,
15:16:22,56.25,100,
15:16:22,56.25,100,
15:16:22,56.25,100,
15:16:22,56.26,100,
15:16:22,56.25,100,
15:16:22,56.25,100,
15:16:47,56.30,100,
15:16:53,56.30,100,
15:16:53,56.31,280,
15:16:53,56.31,100,
15:16:54,56.32,200,
15:16:59,56.3374,500,
15:17:14,56.31,200,
15:17:25,56.30,200,
15:17:32,56.30,1000,
15:17:55,56.294,100,
15:17:58,56.27,100,
15:17:58,56.27,100,
15:18:57,56.30,100,
15:18:57,56.30,100,
15:19:16,56.303,100,
15:19:26,56.30,400,
15:19:49,56.303,500,
15:19:54,56.3001,100,
15:19:59,56.29,200,
15:20:05,56.30,100,
15:20:17,56.3098,100,
15:20:26,56.31,200,
15:20:33,56.318,100,
15:20:43,56.27,400,
15:20:43,56.27,300,
15:20:43,56.27,200,
15:20:43,56.27,100,
15:20:43,56.27,100,
15:20:43,56.24,100,
15:20:46,56.2301,100,
15:20:46,56.23,100,
15:20:46,56.2301,100,
15:20:47,56.2301,100,
15:20:47,56.23,100,
15:20:47,56.23,500,
15:20:50,56.25,200,
15:20:50,56.26,100,
15:20:55,56.29,200,
15:20:55,56.30,100,
15:20:58,56.32,200,
15:20:58,56.31,200,
15:21:03,56.31,100,
15:21:03,56.31,200,
15:21:03,56.31,200,
15:21:03,56.32,100,
15:21:03,56.32,100,
15:21:03,56.32,300,
15:21:03,56.31,600,
15:21:03,56.31,200,
15:21:03,56.31,300,
15:21:03,56.31,11700,
15:21:06,56.32,2000,
15:21:06,56.32,100,
15:21:06,56.32,108,
15:21:06,56.32,100,
15:21:09,56.34,300,
15:21:09,56.35,200,
15:21:09,56.35,100,
15:21:12,56.34,100,
15:21:12,56.35,300,
15:21:21,56.35,300,
15:21:21,56.36,200,
15:21:21,56.36,300,
15:21:21,56.35,200,
15:21:23,56.34,100,
15:21:24,56.37,100,
15:21:25,56.38,300,
15:21:25,56.39,200,
15:21:25,56.39,200,
15:21:28,56.39,100,
15:21:28,56.39,100,
15:21:28,56.39,300,
15:21:30,56.40,300,
15:21:30,56.41,100,
15:21:32,56.40,600,
15:21:37,56.41,500,
15:21:39,56.39,100,
15:21:43,56.37,300,
15:21:43,56.37,100,
15:21:48,56.37,200,
15:21:48,56.37,200,
15:21:55,56.37,400,
15:22:06,56.35,100,
15:22:11,56.33,1700,
15:22:11,56.3301,1400,
15:22:23,56.33,100,
15:22:57,56.35,100,
15:22:57,56.35,300,
15:22:57,56.35,300,
15:23:00,56.35,100,
15:23:13,56.35,100,
15:23:20,56.34,200,
15:23:29,56.354,200,
15:24:05,56.3303,1000,
15:24:05,56.33,100,
15:24:05,56.33,200,
15:24:05,56.33,100,
15:24:05,56.33,100,
15:24:05,56.33,100,
15:24:05,56.33,100,
15:24:05,56.33,100,
15:24:05,56.33,100,
15:24:05,56.33,100,
15:24:05,56.33,100,
15:24:05,56.33,100,
15:24:05,56.33,100,
15:24:05,56.33,100,
15:24:05,56.33,100,
15:24:05,56.33,100,
15:24:05,56.33,100,
15:24:06,56.33,100,
15:24:06,56.33,100,
15:24:06,56.33,100,
15:24:06,56.33,100,
15:24:06,56.33,100,
15:24:06,56.33,100,
15:24:06,56.33,100,
15:24:06,56.33,100,
15:24:06,56.33,100,
15:24:06,56.33,100,
15:24:06,56.33,100,
15:24:06,56.33,100,
15:24:23,56.33,200,
15:24:24,56.35,100,
15:24:25,56.35,300,
15:24:26,56.36,600,
15:24:27,56.34,100,
15:24:37,56.36,100,
15:24:45,56.36,400,
15:24:45,56.37,250,
15:24:54,56.38,100,
15:24:58,56.37,100,
15:25:07,56.3762,100,
15:25:10,56.38,150,
15:25:10,56.39,200,
15:25:10,56.39,200,
15:25:10,56.39,300,
15:25:10,56.40,200,
15:25:10,56.40,100,
15:25:10,56.40,400,
15:25:10,56.40,100,
15:25:10,56.40,200,
15:25:10,56.40,100,
15:25:10,56.40,100,
15:25:10,56.38,100,
15:25:10,56.41,1000,
15:25:10,56.41,200,
15:25:10,56.42,100,
15:25:10,56.42,600,
15:25:14,56.41,100,
15:25:14,56.41,100,
15:25:15,56.40,100,
15:25:19,56.4001,1000,
15:25:29,56.40,600,
15:25:32,56.39,200,
15:25:32,56.39,200,
15:25:40,56.41,199,
15:25:48,56.42,249,
15:25:52,56.4101,1000,
15:25:52,56.41,400,
15:25:52,56.41,200,
15:25:52,56.41,400,
15:25:52,56.41,200,
15:25:53,56.41,600,
15:25:53,56.40,100,
15:25:53,56.41,100,
15:25:53,56.41,100,
15:25:53,56.40,300,
15:25:53,56.40,100,
15:25:53,56.40,600,
15:25:53,56.41,100,
15:25:53,56.41,600,
15:25:57,56.42,1000,
15:26:05,56.44,200,
15:26:23,56.4399,1000,
15:26:26,56.43,100,
15:26:36,56.43,147,
15:26:37,56.43,100,
15:26:37,56.43,200,
15:26:49,56.44,431,
15:26:49,56.44,299,
15:26:49,56.45,500,
15:26:51,56.46,100,
15:26:53,56.47,200,
15:26:55,56.47,200,
15:26:58,56.4699,100,
15:26:58,56.4699,100,
15:26:59,56.469,117,
15:26:59,56.47,117,
15:27:00,56.468,383,
15:27:02,56.48,300,
15:27:02,56.48,300,
15:27:02,56.49,300,
15:27:05,56.4899,1000,
15:27:06,56.50,100,
15:27:06,56.50,300,
15:27:06,56.50,100,
15:27:06,56.50,500,
15:27:06,56.50,100,
15:27:06,56.50,100,
15:27:06,56.50,100,
15:27:06,56.50,800,
15:27:06,56.50,100,
15:27:09,56.4901,100,
15:27:10,56.50,200,
15:27:11,56.50,100,
15:27:11,56.50,100,
15:27:11,56.50,2000,
15:27:11,56.50,600,
15:27:11,56.50,600,
15:27:11,56.50,300,
15:27:11,56.50,150,
15:27:11,56.50,100,
15:27:11,56.50,100,
15:27:14,56.51,300,
15:27:14,56.51,300,
15:27:17,56.5099,100,
15:27:19,56.50,100,
15:27:19,56.50,300,
15:27:23,56.49,100,
15:27:23,56.50,100,
15:27:25,56.49,200,
15:27:27,56.48,500,
15:27:30,56.49,200,
15:27:30,56.49,300,
15:27:30,56.49,300,
15:27:33,56.48,200,
15:27:36,56.4889,100,
15:27:46,56.50,300,
15:27:46,56.50,200,
15:27:46,56.48,100,
15:27:46,56.48,100,
15:27:46,56.50,200,
15:27:58,56.499,200,
15:28:06,56.50,600,
15:28:06,56.50,200,
15:28:06,56.49,100,
15:28:08,56.499,300,
15:28:15,56.48,200,
15:28:15,56.48,100,
15:28:15,56.48,100,
15:28:15,56.49,100,
15:28:15,56.49,100,
15:28:15,56.48,300,
15:28:20,56.50,300,
15:28:20,56.50,300,
15:28:20,56.50,900,
15:28:30,56.49,200,
15:28:38,56.50,100,
15:28:53,56.506,500,
15:28:56,56.51,100,
15:28:58,56.5089,450,
15:29:14,56.4989,500,
15:29:15,56.49,100,
15:29:16,56.48,100,
15:29:19,56.4801,100,
15:29:28,56.485,700,
15:29:38,56.48,200,
15:29:41,56.471,1200,
15:29:47,56.49,200,
15:29:51,56.49,100,
15:29:53,56.50,100,
15:29:57,56.49,1000,
15:30:11,56.5002,2000,
15:30:36,56.52,200,
15:30:39,56.51,2700,
15:30:40,56.52,200,
15:30:41,56.5211,1000,
15:30:44,56.51,100,
15:30:44,56.51,100,
15:30:44,56.51,100,
15:30:44,56.51,100,
15:30:46,56.5099,499,
15:30:48,56.52,1000,
15:30:55,56.52,100,
15:31:19,56.521,106,
15:31:24,56.52,100,
15:31:37,56.54,100,
15:31:41,56.54,200,
15:31:41,56.55,100,
15:31:41,56.55,200,
15:31:42,56.54,150,
15:31:43,56.55,100,
15:31:43,56.55,100,
15:31:46,56.54,100,
15:31:46,56.54,159,
15:31:50,56.5489,100,
15:31:58,56.54,100,
15:32:04,56.5401,400,
15:32:04,56.54,100,
15:32:06,56.54,100,
15:32:06,56.55,200,
15:32:06,56.55,100,
15:32:09,56.5435,150,
15:32:15,56.54,100,
15:32:15,56.54,100,
15:32:15,56.53,100,
15:32:16,56.54,100,
15:32:16,56.54,100,
15:32:17,56.55,400,
15:32:24,56.54,400,
15:32:31,56.5486,100,
15:32:31,56.53,500,
15:32:32,56.53,100,
15:32:32,56.53,200,
15:32:32,56.56,100,
15:32:32,56.55,210,
15:32:32,56.56,200,
15:32:32,56.56,200,
15:32:32,56.56,200,
15:32:44,56.5487,250,
15:32:47,56.53,241,
15:32:47,56.54,141,
15:32:53,56.54,400,
15:32:53,56.55,300,
15:33:00,56.55,100,
15:33:00,56.55,100,
15:33:00,56.54,100,
15:33:00,56.55,100,
15:33:00,56.53,100,
15:33:00,56.53,100,
15:33:02,56.51,1000,
15:33:12,56.53,100,
15:33:15,56.53,400,
15:33:15,56.52,100,
15:33:15,56.52,100,
15:33:15,56.515,100,
15:33:19,56.52,200,
15:33:46,56.53,100,
15:33:53,56.52,100,
15:33:53,56.51,378,
15:33:56,56.511,100,
15:33:57,56.51,300,
15:34:08,56.5195,100,
15:34:08,56.51,100,
15:34:17,56.53,100,
15:34:25,56.53,200,
15:34:25,56.53,200,
15:34:25,56.53,200,
15:34:25,56.53,200,
15:34:25,56.54,300,
15:34:25,56.54,100,
15:34:25,56.53,300,
15:34:25,56.53,300,
15:34:25,56.55,200,
15:34:26,56.551,100,
15:34:28,56.57,600,
15:34:28,56.57,200,
15:34:28,56.5701,100,
