09:30:00,44.19,300,
09:30:00,44.22,300,
09:30:00,44.24,100,
09:30:00,44.24,100,
09:30:00,44.22,300,
09:30:00,44.27,200,
09:30:01,44.18,100,
09:30:01,44.21,100,
09:30:01,44.15,300,
09:30:01,44.15,300,
09:30:01,44.22,700,
09:30:02,44.1908,200,
09:30:02,44.19,100,
09:30:02,44.11,300,
09:30:02,44.18,100,
09:30:02,44.20,100,
09:30:02,44.03,200,
09:30:02,44.03,200,
09:30:02,44.03,200,
09:30:02,44.03,200,
09:30:02,44.21,100,
09:30:02,44.16,300,
09:30:02,44.03,200,
09:30:02,44.03,200,
09:30:03,44.13,100,
09:30:03,44.19,700,
09:30:03,44.01,100,
09:30:03,44.01,100,
09:30:04,44.09,100,
09:30:04,44.03,200,
09:30:04,44.09,100,
09:30:04,44.17,100,
09:30:04,44.17,200,
09:30:05,44.17,200,
09:30:05,44.17,200,
09:30:06,44.21,100,
09:30:06,44.21,200,
09:30:06,44.21,100,
09:30:06,44.21,100,
09:30:06,44.21,100,
09:30:09,44.32,400,
09:30:10,44.011,500,
09:30:11,44.101,200,
09:30:12,44.101,200,
09:30:14,44.21,100,
09:30:15,44.14,100,
09:30:18,44.18,200,
09:30:20,44.22,200,
09:30:23,44.24,700,
09:30:23,44.23,100,
09:30:23,44.23,100,
09:30:23,44.26,700,
09:30:23,44.27,100,
09:30:23,44.28,700,
09:30:23,44.28,700,
09:30:23,44.29,200,
09:30:23,44.29,300,
09:30:23,44.29,100,
09:30:23,44.30,700,
09:30:23,44.30,300,
09:30:23,44.30,300,
09:30:23,44.30,300,
09:30:23,44.32,100,
09:30:23,44.3105,500,
09:30:24,44.0401,100,
09:30:28,44.01,100,
09:30:28,44.01,600,
09:30:29,44.01,312,
09:30:29,44.01,208,
09:30:31,44.11,216,
09:30:33,44.355,500,
09:30:33,44.31,500,
09:30:35,44.2295,200,
09:30:37,44.28,700,
09:30:38,44.2291,300,
09:30:38,44.23,100,
09:30:38,44.21,100,
09:30:39,44.14,200,
09:30:39,44.14,100,
09:30:39,44.22,500,
09:30:40,44.16,1778,
09:30:41,44.25,100,
09:30:41,44.24,100,
09:30:41,44.25,100,
09:30:41,44.25,300,
09:30:41,44.26,300,
09:30:41,44.25,100,
09:30:41,44.26,140,
09:30:41,44.24,100,
09:30:42,44.2842,200,
09:30:42,44.2845,200,
09:30:42,44.2842,100,
09:30:42,44.28,100,
09:30:42,44.302,500,
09:30:44,44.329,3930,
09:30:45,44.2399,100,
09:30:46,44.22,100,
09:30:46,44.22,100,
09:30:46,44.233,100,
09:30:46,44.23,100,
09:30:46,44.245,100,
09:30:46,44.245,100,
09:30:47,44.2594,500,
09:30:48,44.235,100,
09:30:48,44.24,300,
09:30:48,44.24,300,
09:30:48,44.25,300,
09:30:48,44.26,227,
09:30:49,44.252,500,
09:31:00,44.28,300,
09:31:00,44.29,100,
09:31:00,44.289,200,
09:31:01,44.289,100,
09:31:01,44.289,3300,
09:31:01,44.308,900,
09:31:02,44.2501,356,
09:31:03,44.2841,200,
09:31:03,44.275,100,
09:31:03,44.275,398,
09:31:05,44.2499,1000,
09:31:06,44.285,548,
09:31:07,44.30,800,
09:31:08,44.31,1452,
09:31:08,44.33,200,
09:31:08,44.329,2800,
09:31:08,44.33,300,
09:31:08,44.33,1600,
09:31:09,44.3299,100,
09:31:09,44.3299,100,
09:31:10,44.33,900,
09:31:10,44.325,2300,
09:31:11,44.30,100,
09:31:12,44.2968,100,
09:31:12,44.30,100,
09:31:12,44.2993,100,
09:31:14,44.2399,1700,
09:31:18,44.31,100,
09:31:18,44.3099,100,
09:31:18,44.3099,100,
09:31:22,44.33,400,
09:31:23,44.379,278,
09:31:24,44.3299,1000,
09:31:25,44.3793,420,
09:31:25,44.36,100,
09:31:26,44.36,200,
09:31:28,44.3584,300,
09:31:28,44.36,200,
09:31:30,44.41,100,
09:31:30,44.41,300,
09:31:30,44.41,200,
09:31:30,44.41,100,
09:31:30,44.41,400,
09:31:30,44.41,200,
09:31:30,44.41,200,
09:31:30,44.41,100,
09:31:30,44.41,100,
09:31:30,44.41,100,
09:31:30,44.41,200,
09:31:30,44.41,300,
09:31:30,44.41,300,
09:31:30,44.41,300,
09:31:30,44.41,300,
09:31:30,44.41,100,
09:31:30,44.41,1100,
09:31:30,44.41,200,
09:31:30,44.41,200,
09:31:30,44.41,100,
09:31:30,44.41,100,
09:31:30,44.41,100,
09:31:30,44.41,400,
09:31:30,44.41,100,
09:31:30,44.41,100,
09:31:30,44.41,100,
09:31:30,44.41,100,
09:31:30,44.41,100,
09:31:31,44.41,100,
09:31:31,44.41,700,
09:31:31,44.43,300,
09:31:31,44.43,100,
09:31:32,44.41,300,
09:31:32,44.41,100,
09:31:32,44.41,200,
09:31:32,44.41,200,
09:31:32,44.41,300,
09:31:32,44.41,700,
09:31:32,44.40,100,
09:31:32,44.41,100,
09:31:32,44.41,200,
09:31:33,44.41,100,
09:31:33,44.41,100,
09:31:33,44.41,100,
09:31:33,44.41,100,
09:31:33,44.4195,500,
09:31:33,44.41,100,
09:31:33,44.41,100,
09:31:33,44.41,100,
09:31:33,44.41,400,
09:31:33,44.41,300,
09:31:33,44.41,200,
09:31:33,44.4195,500,
09:31:34,44.41,100,
09:31:34,44.41,100,
09:31:34,44.41,100,
09:31:34,44.41,650,
09:31:35,44.39,300,
09:31:35,44.39,300,
09:31:35,44.39,300,
09:31:36,44.39,100,
09:31:36,44.3993,100,
09:31:38,44.3901,100,
09:31:39,44.39,700,
09:31:39,44.42,100,
09:31:40,44.42,100,
09:31:40,44.42,100,
09:31:40,44.4173,100,
09:31:40,44.42,200,
09:31:40,44.4173,100,
09:31:40,44.4173,100,
09:31:40,44.4173,200,
09:31:40,44.42,200,
09:31:41,44.419,300,
09:31:41,44.419,400,
09:31:41,44.416,100,
09:31:41,44.4159,100,
09:31:41,44.416,100,
09:31:41,44.42,100,
09:31:41,44.42,100,
09:31:44,44.40,100,
09:31:44,44.42,100,
09:31:44,44.42,200,
09:31:44,44.42,400,
09:31:44,44.40,100,
09:31:44,44.40,100,
09:31:45,44.42,300,
09:31:45,44.42,200,
09:31:45,44.42,200,
09:31:45,44.4391,320,
09:31:45,44.46,100,
09:31:46,44.46,100,
09:31:47,44.4599,100,
09:31:48,44.46,101,
09:31:48,44.49,100,
09:31:48,44.50,100,
09:31:48,44.50,100,
09:31:49,44.4999,100,
09:31:49,44.4999,100,
09:31:49,44.4999,100,
09:31:49,44.4575,2000,
09:31:51,44.4501,2000,
09:31:51,44.45,2000,
09:31:51,44.49,300,
09:31:51,44.49,200,
09:31:51,44.4818,1000,
09:31:53,44.49,100,
09:31:53,44.489,150,
09:31:55,44.487,100,
09:31:57,44.56,100,
09:31:59,44.60,100,
09:31:59,44.569,200,
09:32:00,44.5849,100,
09:32:02,44.5899,100,
09:32:03,44.5897,500,
09:32:04,44.57,100,
09:32:04,44.59,100,
09:32:05,44.62,200,
09:32:05,44.60,300,
09:32:06,44.5988,400,
09:32:07,44.59,100,
09:32:08,44.5624,200,
09:32:08,44.561,265,
09:32:09,44.5899,1000,
09:32:10,44.5699,1000,
09:32:10,44.53,300,
09:32:10,44.53,800,
09:32:10,44.53,300,
09:32:10,44.56,5900,
09:32:10,44.55,100,
09:32:10,44.56,300,
09:32:10,44.56,300,
09:32:11,44.57,200,
09:32:11,44.5642,400,
09:32:12,44.56,200,
09:32:12,44.5601,100,
09:32:12,44.5401,300,
09:32:12,44.5401,300,
09:32:12,44.5201,296,
09:32:15,44.54,300,
09:32:16,44.55,100,
09:32:17,44.5301,2000,
09:32:18,44.5116,130,
09:32:19,44.5201,100,
09:32:24,44.55,300,
09:32:24,44.55,300,
09:32:24,44.55,300,
09:32:24,44.55,300,
09:32:24,44.5599,359,
09:32:26,44.5599,500,
09:32:28,44.62,500,
09:32:31,44.62,400,
09:32:32,44.63,100,
09:32:33,44.66,300,
09:32:33,44.66,600,
09:32:33,44.69,100,
09:32:33,44.66,300,
09:32:33,44.69,300,
09:32:35,44.6718,500,
09:32:36,44.6617,100,
09:32:36,44.65,1600,
09:32:36,44.6899,300,
09:32:37,44.65,100,
09:32:38,44.69,100,
09:32:38,44.6499,300,
09:32:38,44.62,300,
09:32:41,44.6232,400,
09:32:42,44.65,300,
09:32:43,44.63,400,
09:32:43,44.63,100,
09:32:46,44.626,450,
09:32:48,44.62,200,
09:32:50,44.6846,1000,
09:32:51,44.62,300,
09:32:52,44.649,1230,
09:32:52,44.62,100,
09:32:52,44.66,400,
09:32:52,44.66,100,
09:32:52,44.682,500,
09:32:52,44.65,200,
09:32:54,44.6499,200,
09:32:56,44.62,300,
09:32:56,44.6099,200,
09:32:57,44.60,500,
09:32:57,44.6299,2000,
09:33:00,44.59,1000,
09:33:01,44.6351,100,
09:33:03,44.67,100,
09:33:04,44.67,100,
09:33:04,44.6625,2300,
09:33:05,44.6507,250,
09:33:06,44.6602,400,
09:33:06,44.66,100,
09:33:08,44.66,200,
09:33:08,44.69,700,
09:33:08,44.68,200,
09:33:08,44.67,100,
09:33:08,44.70,200,
09:33:09,44.71,100,
09:33:09,44.715,300,
09:33:09,44.69,400,
09:33:09,44.69,300,
09:33:10,44.7152,100,
09:33:11,44.69,200,
09:33:11,44.68,200,
09:33:12,44.67,100,
09:33:12,44.67,100,
09:33:12,44.67,100,
09:33:13,44.70,400,
09:33:14,44.6925,2300,
09:33:15,44.6701,100,
09:33:16,44.70,300,
09:33:16,44.69,200,
09:33:16,44.69,200,
09:33:18,44.69,300,
09:33:19,44.69,100,
09:33:19,44.72,100,
09:33:21,44.72,200,
09:33:21,44.73,200,
09:33:21,44.72,100,
09:33:21,44.70,300,
09:33:23,44.6801,125,
09:33:23,44.69,100,
09:33:25,44.688,300,
09:33:25,44.67,100,
09:33:28,44.709,500,
09:33:30,44.672,100,
09:33:31,44.71,300,
09:33:32,44.69,100,
09:33:34,44.71,100,
09:33:34,44.73,200,
09:33:34,44.71,1000,
09:33:36,44.71,100,
09:33:37,44.73,300,
09:33:38,44.74,100,
09:33:38,44.75,100,
09:33:38,44.75,300,
09:33:39,44.7412,200,
09:33:40,44.718,200,
09:33:41,44.75,100,
09:33:41,44.75,100,
09:33:42,44.7508,250,
09:33:42,44.74,100,
09:33:43,44.769,600,
09:33:45,44.731,200,
09:33:45,44.731,300,
09:33:46,44.738,2200,
09:33:46,44.742,100,
09:33:47,44.76,100,
09:33:47,44.76,100,
09:33:48,44.79,200,
09:33:49,44.7505,1000,
09:33:50,44.78,300,
09:33:52,44.778,1000,
09:33:53,44.774,1000,
09:33:53,44.7799,500,
09:33:54,44.78,130,
09:33:56,44.788,100,
09:33:56,44.7845,500,
09:33:57,44.78,100,
09:33:57,44.78,200,
09:33:59,44.76,198,
09:33:59,44.76,1600,
09:33:59,44.76,100,
09:34:01,44.77,300,
09:34:01,44.76,300,
09:34:01,44.7681,100,
09:34:03,44.79,400,
09:34:08,44.771,1000,
09:34:10,44.85,100,
09:34:10,44.81,500,
09:34:10,44.81,200,
09:34:11,44.8382,300,
09:34:12,44.8425,301,
09:34:14,44.844,1000,
09:34:16,44.8477,100,
09:34:17,44.8759,100,
09:34:17,44.88,400,
09:34:17,44.88,100,
09:34:18,44.85,125,
09:34:19,44.88,100,
09:34:19,44.90,100,
09:34:19,44.8748,200,
09:34:20,44.90,100,
09:34:20,44.8999,700,
09:34:20,44.8782,600,
09:34:20,44.898,100,
09:34:21,44.8936,200,
09:34:21,44.8936,100,
09:34:21,44.902,100,
09:34:22,44.8945,350,
09:34:22,44.8945,150,
09:34:24,44.9112,100,
09:34:25,44.8973,200,
09:34:25,44.90,200,
09:34:26,44.93,100,
09:34:26,44.93,300,
09:34:26,44.93,300,
09:34:26,44.93,300,
09:34:26,44.94,186,
09:34:26,44.97,700,
09:34:27,44.965,2300,
09:34:27,44.95,300,
09:34:30,44.9533,500,
09:34:31,44.9104,100,
09:34:31,44.90,400,
09:34:32,44.9663,1900,
09:34:32,44.978,100,
09:34:32,44.98,200,
09:34:32,44.98,100,
09:34:33,44.98,150,
09:34:34,44.98,100,
09:34:34,44.952,300,
09:34:35,44.951,400,
09:34:36,44.9675,2300,
09:34:37,44.98,600,
09:34:38,44.9507,200,
09:34:39,44.98,400,
09:34:39,44.9995,1000,
09:34:41,44.974,500,
09:34:41,44.97,100,
09:34:41,44.9938,100,
09:34:41,45,100,
09:34:42,45,100,
09:34:43,44.9968,100,
09:34:43,44.9968,100,
09:34:43,45,100,
09:34:44,45,495,
09:34:44,45.04,100,
09:34:44,45.0236,250,
09:34:45,45.028,100,
09:34:45,45.028,100,
09:34:45,45.03,100,
09:34:45,45.03,100,
09:34:46,45.0091,500,
09:34:47,44.98,100,
09:34:48,45.0025,2000,
09:34:49,45.0018,1000,
09:34:49,44.98,300,
09:34:50,44.98,1100,
09:34:50,44.9695,1000,
09:34:53,44.989,1000,
09:34:56,44.9701,300,
09:34:56,44.95,1000,
09:34:57,44.94,100,
09:34:57,44.921,100,
09:34:57,44.95,300,
09:34:57,44.94,400,
09:34:59,44.941,100,
09:34:59,45,150,
09:34:59,45.02,300,
09:35:01,45,100,
09:35:01,45.0291,325,
09:35:02,45.028,200,
09:35:04,45.0273,1000,
09:35:06,45.05,400,
09:35:08,45.12,100,
09:35:08,45.12,100,
09:35:08,45.12,300,
09:35:08,45.1325,2300,
09:35:09,45.05,300,
09:35:10,45.06,300,
09:35:10,45.06,300,
09:35:11,45.092,250,
09:35:11,45.0601,300,
09:35:11,45.0601,300,
09:35:11,45.0458,350,
09:35:13,45.0552,600,
09:35:13,45.04,700,
09:35:15,45.04,3069,
09:35:15,45.02,100,
09:35:15,45.04,2000,
09:35:15,45.04,100,
09:35:16,45.034,200,
09:35:16,45.0399,500,
09:35:17,45.0114,150,
09:35:18,45.02,200,
09:35:18,45.02,300,
09:35:18,45.02,100,
09:35:18,45.02,300,
09:35:19,45,150,
09:35:20,45.0004,200,
09:35:21,45,300,
09:35:21,44.992,300,
09:35:22,45.0007,400,
09:35:22,45,100,
09:35:22,45,300,
09:35:22,45.002,300,
09:35:22,45.002,177,
09:35:22,45.0007,100,
09:35:22,45,100,
09:35:22,45,300,
09:35:23,44.98,300,
09:35:23,44.98,400,
09:35:24,44.99,300,
09:35:24,44.9727,1500,
09:35:25,45,300,
09:35:25,44.971,100,
09:35:26,44.986,500,
09:35:28,44.975,100,
09:35:28,44.98,100,
09:35:28,44.98,300,
09:35:28,44.98,125,
09:35:29,44.974,900,
09:35:29,44.9548,100,
09:35:29,44.95,100,
09:35:30,44.96,300,
09:35:30,44.96,300,
09:35:30,44.96,300,
09:35:30,44.96,300,
09:35:31,44.98,100,
09:35:31,44.9801,2300,
09:35:33,44.95,100,
09:35:33,44.95,100,
09:35:34,44.95,100,
09:35:34,44.9409,800,
09:35:34,44.94,300,
09:35:37,44.9301,800,
09:35:37,44.95,100,
09:35:37,44.95,300,
09:35:37,44.96,100,
09:35:37,44.95,100,
09:35:38,44.944,700,
09:35:38,44.94,200,
09:35:38,44.94,100,
09:35:38,44.93,100,
09:35:40,44.9401,100,
09:35:40,44.93,400,
09:35:40,44.936,300,
09:35:42,44.92,100,
09:35:42,44.92,100,
09:35:43,44.92,100,
09:35:43,44.92,200,
09:35:43,44.91,100,
09:35:43,44.9101,100,
09:35:43,44.9101,100,
09:35:43,44.91,3300,
09:35:44,44.90,1000,
09:35:46,44.916,1000,
09:35:47,44.90,200,
09:35:47,44.9045,100,
09:35:47,44.92,200,
09:35:48,44.90,200,
09:35:50,44.8914,120,
09:35:51,44.90,200,
09:35:52,44.90,200,
09:35:53,44.88,200,
09:35:53,44.8841,1300,
09:35:54,44.90,100,
09:35:54,44.91,400,
09:35:54,44.90,200,
09:35:54,44.90,400,
09:35:54,44.90,200,
09:35:54,44.9002,486,
09:35:55,44.881,100,
09:35:56,44.90,400,
09:35:56,44.886,600,
09:35:57,44.862,200,
09:35:58,44.84,100,
09:36:00,44.842,203,
09:36:00,44.8399,200,
09:36:02,44.8232,100,
09:36:02,44.8232,100,
09:36:02,44.82,100,
09:36:02,44.82,100,
09:36:03,44.8255,1500,
09:36:03,44.8201,100,
09:36:03,44.82,100,
09:36:05,44.821,100,
09:36:05,44.821,300,
09:36:06,44.81,100,
09:36:06,44.802,400,
09:36:08,44.84,200,
09:36:08,44.84,300,
09:36:08,44.83,200,
09:36:08,44.83,100,
09:36:09,44.80,500,
09:36:09,44.791,100,
09:36:10,44.78,100,
09:36:11,44.7709,1000,
09:36:13,44.75,100,
09:36:14,44.74,100,
09:36:14,44.7443,200,
09:36:14,44.744,100,
09:36:14,44.744,200,
09:36:14,44.744,100,
09:36:14,44.74,200,
09:36:14,44.74,200,
09:36:14,44.74,100,
09:36:15,44.77,100,
09:36:15,44.77,100,
09:36:15,44.77,100,
09:36:16,44.74,400,
09:36:17,44.75,300,
09:36:17,44.7501,2000,
09:36:18,44.74,160,
09:36:19,44.76,300,
09:36:19,44.76,240,
09:36:19,44.76,300,
09:36:19,44.75,100,
09:36:19,44.75,100,
09:36:19,44.76,800,
09:36:21,44.7101,5000,
09:36:21,44.728,300,
09:36:21,44.71,100,
09:36:23,44.74,100,
09:36:23,44.731,100,
09:36:24,44.7548,100,
09:36:24,44.73,100,
09:36:24,44.7348,100,
09:36:24,44.73,100,
09:36:25,44.76,100,
09:36:25,44.76,240,
09:36:25,44.741,600,
09:36:25,44.741,600,
09:36:26,44.751,100,
09:36:26,44.78,400,
09:36:26,44.74,100,
09:36:27,44.80,100,
09:36:28,44.79,100,
09:36:28,44.7773,600,
09:36:30,44.76,212,
09:36:30,44.73,240,
09:36:30,44.74,240,
09:36:30,44.72,200,
09:36:30,44.74,400,
09:36:31,44.74,200,
09:36:31,44.74,100,
09:36:32,44.731,200,
09:36:32,44.731,200,
09:36:32,44.734,400,
09:36:34,44.78,300,
09:36:34,44.75,400,
09:36:34,44.77,100,
09:36:34,44.78,200,
09:36:35,44.788,100,
09:36:35,44.76,140,
09:36:35,44.7388,200,
09:36:36,44.7591,300,
09:36:38,44.74,400,
09:36:38,44.76,100,
09:36:40,44.71,100,
09:36:42,44.72,100,
09:36:42,44.73,100,
09:36:46,44.7199,200,
09:36:48,44.7118,750,
09:36:51,44.70,100,
09:36:51,44.70,100,
09:36:51,44.70,100,
09:36:51,44.70,133,
09:36:51,44.70,167,
09:36:52,44.65,300,
09:36:52,44.65,200,
09:36:52,44.64,200,
09:36:52,44.64,240,
09:36:52,44.64,100,
09:36:52,44.67,300,
09:36:53,44.6799,500,
09:36:54,44.70,100,
09:36:55,44.64,500,
09:36:56,44.6695,1500,
09:36:57,44.65,390,
09:36:59,44.638,750,
09:37:00,44.676,1000,
09:37:01,44.6799,500,
09:37:01,44.68,120,
09:37:01,44.69,100,
09:37:01,44.69,100,
09:37:01,44.70,100,
09:37:03,44.69,100,
09:37:05,44.67,300,
09:37:06,44.66,260,
09:37:07,44.72,100,
09:37:07,44.73,200,
09:37:07,44.72,200,
09:37:07,44.72,200,
09:37:08,44.674,200,
09:37:11,44.6999,1500,
09:37:16,44.67,200,
09:37:17,44.632,700,
09:37:19,44.62,240,
09:37:19,44.60,240,
09:37:19,44.60,200,
09:37:19,44.60,200,
09:37:19,44.61,240,
09:37:19,44.63,200,
09:37:19,44.63,300,
09:37:21,44.61,100,
09:37:22,44.61,240,
09:37:22,44.63,200,
09:37:28,44.61,100,
09:37:28,44.61,100,
09:37:31,44.60,100,
09:37:31,44.60,200,
09:37:31,44.58,200,
09:37:31,44.59,200,
09:37:33,44.61,100,
09:37:33,44.61,100,
09:37:33,44.61,100,
09:37:34,44.58,100,
09:37:35,44.5755,235,
09:37:37,44.561,200,
09:37:37,44.561,100,
09:37:38,44.58,2400,
09:37:41,44.5601,8600,
09:37:41,44.58,100,
09:37:41,44.578,100,
09:37:41,44.578,100,
09:37:41,44.578,100,
09:37:41,44.578,100,
09:37:41,44.58,100,
09:37:41,44.58,100,
09:37:42,44.54,100,
09:37:42,44.56,100,
09:37:43,44.56,100,
09:37:43,44.56,200,
09:37:43,44.56,100,
09:37:43,44.56,100,
09:37:43,44.571,300,
09:37:43,44.571,300,
09:37:43,44.55,160,
09:37:43,44.54,100,
09:37:45,44.5399,300,
09:37:47,44.50,100,
09:37:47,44.51,100,
09:37:48,44.52,100,
09:37:49,44.52,100,
09:37:49,44.53,100,
09:37:49,44.53,100,
09:37:49,44.53,100,
09:37:49,44.53,240,
09:37:49,44.53,100,
09:37:49,44.54,240,
09:37:49,44.55,140,
09:37:50,44.53,100,
09:37:50,44.56,200,
09:37:50,44.53,140,
09:37:53,44.53,100,
09:37:55,44.54,500,
09:37:57,44.56,100,
09:37:57,44.56,100,
09:37:57,44.56,100,
09:37:57,44.56,500,
09:37:57,44.55,100,
09:37:57,44.55,100,
09:37:57,44.57,200,
09:37:58,44.59,300,
09:37:58,44.59,100,
09:37:58,44.58,400,
09:37:58,44.58,200,
09:37:58,44.58,600,
09:37:58,44.60,100,
09:37:58,44.60,300,
09:37:59,44.56,1000,
09:37:59,44.551,100,
09:38:02,44.558,800,
09:38:02,44.52,300,
09:38:07,44.57,100,
09:38:08,44.5695,1000,
09:38:08,44.564,300,
09:38:09,44.56,300,
09:38:10,44.56,200,
09:38:10,44.56,700,
09:38:10,44.56,200,
09:38:10,44.56,100,
09:38:10,44.56,300,
09:38:10,44.56,100,
09:38:10,44.56,200,
09:38:10,44.56,200,
09:38:10,44.56,100,
09:38:10,44.56,100,
09:38:10,44.56,200,
09:38:12,44.56,300,
09:38:13,44.5609,1100,
09:38:13,44.56,300,
09:38:13,44.56,100,
09:38:13,44.56,400,
09:38:14,44.56,200,
09:38:14,44.56,1000,
09:38:15,44.56,800,
09:38:15,44.56,400,
09:38:18,44.54,270,
09:38:19,44.54,100,
09:38:21,44.52,400,
09:38:22,44.52,300,
09:38:23,44.52,150,
09:38:23,44.518,150,
09:38:24,44.52,125,
09:38:26,44.52,180,
09:38:26,44.51,100,
09:38:26,44.51,700,
09:38:26,44.50,100,
09:38:26,44.50,100,
09:38:27,44.49,180,
09:38:27,44.50,100,
09:38:27,44.50,400,
09:38:27,44.50,100,
09:38:27,44.50,878,
09:38:27,44.50,200,
09:38:30,44.51,180,
09:38:30,44.51,200,
09:38:30,44.51,100,
09:38:30,44.51,200,
09:38:31,44.5512,200,
09:38:32,44.532,192,
09:38:33,44.5597,300,
09:38:35,44.56,400,
09:38:35,44.56,100,
09:38:36,44.59,600,
09:38:36,44.59,100,
09:38:36,44.59,200,
09:38:36,44.60,200,
09:38:36,44.61,300,
09:38:36,44.62,700,
09:38:36,44.62,200,
09:38:36,44.62,100,
09:38:36,44.62,100,
09:38:36,44.63,200,
09:38:36,44.62,200,
09:38:36,44.60,270,
09:38:36,44.59,670,
09:38:36,44.60,300,
09:38:36,44.60,100,
09:38:36,44.60,200,
09:38:36,44.59,700,
09:38:36,44.60,700,
09:38:36,44.60,100,
09:38:36,44.61,200,
09:38:37,44.60,100,
09:38:37,44.60,100,
09:38:37,44.61,500,
09:38:37,44.61,100,
09:38:37,44.63,100,
09:38:37,44.63,100,
09:38:37,44.63,100,
09:38:38,44.63,200,
09:38:39,44.63,100,
09:38:39,44.628,100,
09:38:39,44.628,100,
09:38:39,44.6242,100,
09:38:39,44.61,700,
09:38:40,44.62,200,
09:38:42,44.62,100,
09:38:42,44.63,100,
09:38:42,44.63,100,
09:38:42,44.6393,145,
09:38:43,44.62,400,
09:38:43,44.62,300,
09:38:45,44.63,400,
09:38:45,44.62,100,
09:38:47,44.6399,700,
09:38:47,44.6286,350,
09:38:49,44.65,100,
09:38:50,44.71,100,
09:38:50,44.708,100,
09:38:51,44.7042,100,
09:38:52,44.71,100,
09:38:52,44.7099,1500,
09:38:53,44.708,2000,
09:38:54,44.71,100,
09:38:56,44.709,300,
09:38:56,44.71,100,
09:38:57,44.71,100,
09:38:57,44.71,300,
09:38:57,44.71,100,
09:38:57,44.71,100,
09:38:57,44.72,100,
09:38:58,44.75,100,
09:38:58,44.748,200,
09:38:58,44.748,100,
09:38:58,44.748,100,
09:38:58,44.748,100,
09:38:59,44.75,100,
09:38:59,44.748,200,
09:38:59,44.75,100,
09:38:59,44.748,100,
09:38:59,44.75,100,
09:38:59,44.75,100,
09:38:59,44.748,100,
09:38:59,44.739,100,
09:39:00,44.70,100,
09:39:02,44.72,300,
09:39:05,44.748,600,
09:39:07,44.7288,100,
09:39:11,44.769,100,
09:39:12,44.73,100,
09:39:13,44.77,100,
09:39:13,44.80,100,
09:39:13,44.77,100,
09:39:13,44.80,200,
09:39:13,44.80,200,
09:39:13,44.80,100,
09:39:13,44.79,100,
09:39:15,44.76,100,
09:39:15,44.76,100,
09:39:15,44.76,100,
09:39:17,44.776,4000,
09:39:18,44.82,200,
09:39:21,44.792,260,
09:39:21,44.85,260,
09:39:22,44.88,100,
09:39:23,44.821,500,
09:39:23,44.86,400,
09:39:23,44.86,100,
09:39:23,44.86,200,
09:39:23,44.8599,100,
09:39:23,44.8599,400,
09:39:23,44.86,700,
09:39:23,44.8599,200,
09:39:23,44.8599,1000,
09:39:23,44.8599,700,
09:39:24,44.8728,1500,
09:39:25,44.8768,100,
09:39:25,44.8768,100,
09:39:25,44.88,100,
09:39:25,44.88,100,
09:39:27,44.878,200,
09:39:27,44.88,100,
09:39:27,44.8799,2000,
09:39:30,44.89,800,
09:39:31,44.88,100,
09:39:31,44.93,500,
09:39:35,44.90,100,
09:39:36,44.91,100,
09:39:37,44.92,100,
09:39:37,44.92,300,
09:39:37,44.92,300,
09:39:38,44.93,300,
09:39:38,44.93,100,
09:39:38,44.93,300,
09:39:39,44.9336,500,
09:39:43,44.90,300,
09:39:43,44.88,100,
09:39:44,44.90,2500,
09:39:46,44.8655,1000,
09:39:47,44.904,1000,
09:39:50,44.87,199,
09:39:51,44.85,100,
09:39:53,44.83,100,
09:39:54,44.81,100,
09:39:54,44.81,140,
09:39:54,44.81,200,
09:39:56,44.792,1000,
09:39:57,44.80,300,
09:39:58,44.78,300,
09:39:58,44.7799,300,
09:40:00,44.76,100,
09:40:02,44.74,100,
09:40:02,44.74,240,
09:40:02,44.7393,100,
09:40:05,44.75,300,
09:40:06,44.74,240,
09:40:06,44.74,800,
09:40:09,44.73,320,
09:40:09,44.73,140,
09:40:09,44.73,500,
09:40:09,44.72,500,
09:40:11,44.70,100,
09:40:17,44.65,100,
09:40:18,44.648,500,
09:40:19,44.65,900,
09:40:20,44.6485,100,
09:40:20,44.65,100,
09:40:21,44.65,100,
09:40:21,44.65,100,
09:40:21,44.65,200,
09:40:21,44.65,100,
09:40:21,44.65,100,
09:40:23,44.6599,2000,
09:40:26,44.67,300,
09:40:27,44.6699,300,
09:40:27,44.6799,300,
09:40:27,44.6799,200,
09:40:29,44.634,100,
09:40:29,44.66,100,
09:40:33,44.67,240,
09:40:33,44.7193,200,
09:40:34,44.69,100,
09:40:34,44.69,100,
09:40:34,44.68,160,
09:40:34,44.68,100,
09:40:35,44.73,100,
09:40:35,44.70,100,
09:40:35,44.72,400,
09:40:36,44.70,100,
09:40:36,44.72,300,
09:40:36,44.72,179,
09:40:37,44.7301,200,
09:40:37,44.73,100,
09:40:39,44.7212,300,
09:40:41,44.72,400,
09:40:41,44.72,100,
09:40:42,44.72,100,
09:40:46,44.6991,100,
09:40:46,44.6999,100,
09:40:46,44.6999,300,
09:40:46,44.6999,100,
09:40:46,44.6999,300,
09:40:47,44.70,100,
09:40:47,44.69,300,
09:40:47,44.692,400,
09:40:48,44.70,100,
09:40:48,44.66,400,
09:40:48,44.67,100,
09:40:48,44.67,400,
09:40:48,44.65,100,
09:40:48,44.65,100,
09:40:49,44.67,100,
09:40:49,44.67,100,
09:40:50,44.67,100,
09:40:50,44.6699,100,
09:40:50,44.67,200,
09:40:50,44.668,100,
09:40:50,44.668,100,
09:40:50,44.67,100,
09:40:50,44.67,200,
09:40:50,44.67,111,
09:40:50,44.67,200,
09:40:50,44.67,100,
09:40:52,44.67,100,
09:40:52,44.67,400,
09:40:55,44.65,1975,
09:40:57,44.63,140,
09:40:58,44.65,800,
09:40:58,44.65,100,
09:40:58,44.65,400,
09:41:00,44.6393,100,
09:41:06,44.6382,500,
09:41:11,44.632,2000,
09:41:12,44.66,100,
09:41:14,44.72,160,
09:41:14,44.7301,100,
09:41:15,44.73,140,
09:41:16,44.7299,500,
09:41:19,44.7201,1900,
09:41:25,44.68,200,
09:41:28,44.718,100,
09:41:29,44.72,300,
09:41:29,44.7299,200,
09:41:31,44.71,150,
09:41:40,44.7199,500,
09:41:40,44.72,300,
09:41:42,44.72,500,
09:41:43,44.74,100,
09:41:43,44.75,170,
09:41:43,44.7799,400,
09:41:46,44.7499,500,
09:41:56,44.7299,200,
09:41:56,44.73,300,
09:41:56,44.73,100,
09:41:56,44.73,300,
09:41:58,44.70,100,
09:41:58,44.70,100,
09:41:59,44.70,100,
09:42:07,44.73,300,
09:42:09,44.72,100,
09:42:10,44.7373,1000,
09:42:15,44.7255,500,
09:42:16,44.72,250,
09:42:16,44.72,150,
09:42:17,44.72,100,
09:42:17,44.75,140,
09:42:17,44.74,240,
09:42:17,44.73,100,
09:42:17,44.76,100,
09:42:17,44.76,100,
09:42:21,44.83,100,
09:42:22,44.8401,100,
09:42:30,44.8014,600,
09:42:31,44.84,100,
09:42:31,44.84,300,
09:42:31,44.84,100,
09:42:31,44.84,100,
09:42:31,44.84,100,
09:42:31,44.84,100,
09:42:35,44.874,200,
09:42:36,44.8787,100,
09:42:36,44.88,100,
09:42:37,44.88,140,
09:42:37,44.87,200,
09:42:42,44.8712,100,
09:42:43,44.85,100,
09:42:43,44.85,100,
09:42:44,44.85,100,
09:42:44,44.85,100,
09:42:45,44.869,100,
09:42:45,44.869,100,
09:42:45,44.8693,200,
09:42:48,44.866,700,
09:42:48,44.86,1000,
09:42:51,44.889,400,
09:42:53,44.86,400,
09:42:53,44.87,100,
09:42:53,44.87,100,
09:42:54,44.887,1600,
09:42:56,44.85,100,
09:42:56,44.85,100,
09:42:56,44.8329,300,
09:42:58,44.8227,1000,
09:43:00,44.7905,600,
09:43:03,44.79,100,
09:43:03,44.78,300,
09:43:04,44.7899,400,
09:43:04,44.78,300,
09:43:04,44.78,100,
09:43:04,44.78,300,
09:43:05,44.78,100,
09:43:09,44.7486,100,
09:43:10,44.76,100,
09:43:11,44.76,100,
09:43:11,44.76,100,
09:43:13,44.7599,200,
09:43:13,44.76,200,
09:43:22,44.70,751,
09:43:22,44.69,100,
09:43:22,44.69,100,
09:43:22,44.69,100,
09:43:22,44.69,100,
09:43:22,44.69,100,
09:43:23,44.71,400,
09:43:23,44.71,140,
09:43:23,44.71,150,
09:43:23,44.71,100,
09:43:23,44.71,200,
09:43:25,44.7101,5000,
09:43:26,44.71,100,
09:43:32,44.7101,400,
09:43:32,44.70,100,
09:43:32,44.719,1200,
09:43:32,44.719,700,
09:43:32,44.70,114,
09:43:36,44.72,200,
09:43:41,44.7246,1000,
09:43:50,44.72,800,
09:43:52,44.70,100,
09:43:54,44.72,400,
09:43:57,44.73,186,
09:43:58,44.77,100,
09:44:04,44.77,100,
09:44:04,44.77,100,
09:44:04,44.77,100,
09:44:04,44.76,100,
09:44:08,44.77,100,
09:44:18,44.78,200,
09:44:18,44.778,200,
09:44:20,44.76,800,
09:44:20,44.76,140,
09:44:22,44.76,300,
09:44:24,44.758,100,
09:44:28,44.80,200,
09:44:35,44.78,100,
09:44:36,44.78,100,
09:44:40,44.7899,100,
09:44:41,44.78,240,
09:44:41,44.78,800,
09:44:48,44.80,140,
09:44:48,44.82,100,
09:44:48,44.82,800,
09:44:49,44.80,200,
09:44:50,44.7945,500,
09:44:52,44.7993,100,
09:44:52,44.7585,100,
09:44:52,44.77,100,
09:44:52,44.77,300,
09:44:52,44.77,300,
09:44:52,44.77,100,
09:44:54,44.77,100,
09:44:56,44.77,100,
09:44:56,44.77,400,
09:44:57,44.72,140,
09:44:57,44.72,100,
09:44:57,44.70,100,
09:44:58,44.7101,500,
09:45:01,44.73,100,
09:45:03,44.7486,300,
09:45:04,44.71,180,
09:45:05,44.72,100,
09:45:05,44.7199,300,
09:45:05,44.70,200,
09:45:05,44.702,100,
09:45:05,44.70,100,
09:45:05,44.702,100,
09:45:05,44.70,100,
09:45:05,44.70,200,
09:45:06,44.69,280,
09:45:07,44.69,100,
09:45:07,44.66,100,
09:45:07,44.66,160,
09:45:07,44.66,100,
09:45:09,44.6603,100,
09:45:11,44.71,200,
09:45:11,44.70,100,
09:45:11,44.71,100,
09:45:11,44.70,100,
09:45:11,44.70,400,
09:45:11,44.71,200,
09:45:13,44.72,100,
09:45:17,44.76,100,
09:45:19,44.78,200,
09:45:20,44.80,100,
09:45:24,44.7699,200,
09:45:24,44.77,200,
09:45:24,44.77,100,
09:45:26,44.76,140,
09:45:26,44.76,800,
09:45:26,44.77,300,
09:45:26,44.77,300,
09:45:26,44.77,100,
09:45:27,44.77,100,
09:45:27,44.77,100,
09:45:28,44.77,300,
09:45:28,44.77,100,
09:45:30,44.77,140,
09:45:30,44.77,100,
09:45:30,44.77,300,
09:45:30,44.77,240,
09:45:30,44.77,200,
09:45:30,44.77,100,
09:45:30,44.77,200,
09:45:30,44.77,300,
09:45:33,44.77,100,
09:45:33,44.77,100,
09:45:33,44.77,100,
09:45:33,44.77,200,
09:45:33,44.77,100,
09:45:33,44.77,100,
09:45:33,44.77,100,
09:45:33,44.77,300,
09:45:36,44.7355,1750,
09:45:37,44.72,900,
09:45:41,44.7199,400,
09:45:42,44.72,300,
09:45:46,44.703,110,
09:45:46,44.70,100,
09:45:50,44.72,100,
09:45:50,44.72,100,
09:45:50,44.72,400,
09:45:58,44.75,400,
09:46:00,44.75,279,
09:46:03,44.74,140,
09:46:03,44.74,490,
09:46:03,44.72,100,
09:46:05,44.72,100,
09:46:05,44.72,200,
09:46:08,44.73,800,
09:46:10,44.7345,100,
09:46:10,44.73,155,
09:46:10,44.7345,100,
09:46:12,44.7312,112,
09:46:13,44.7312,250,
09:46:18,44.70,240,
09:46:24,44.7386,200,
09:46:29,44.70,100,
09:46:29,44.69,100,
09:46:31,44.6999,220,
09:46:34,44.65,200,
09:46:34,44.65,200,
09:46:34,44.65,537,
09:46:36,44.62,100,
09:46:37,44.60,500,
09:46:37,44.60,300,
09:46:37,44.60,400,
09:46:38,44.60,100,
09:46:39,44.53,100,
09:46:39,44.57,100,
09:46:39,44.56,240,
09:46:39,44.56,100,
09:46:39,44.56,100,
09:46:39,44.57,4000,
09:46:39,44.57,600,
09:46:39,44.5699,100,
09:46:40,44.57,100,
09:46:41,44.54,100,
09:46:41,44.544,200,
09:46:41,44.5441,200,
09:46:41,44.54,200,
09:46:41,44.54,100,
09:46:41,44.54,100,
09:46:41,44.544,100,
09:46:41,44.5441,100,
09:46:41,44.5601,300,
09:46:45,44.5985,200,
09:46:46,44.62,700,
09:46:49,44.59,100,
09:46:49,44.59,100,
09:46:49,44.59,100,
09:46:50,44.60,100,
09:46:54,44.574,1000,
09:46:58,44.5899,100,
09:47:02,44.56,100,
09:47:02,44.56,140,
09:47:02,44.56,400,
09:47:03,44.59,100,
09:47:03,44.5699,400,
09:47:04,44.56,140,
09:47:04,44.56,300,
09:47:04,44.56,300,
09:47:06,44.58,400,
09:47:07,44.5745,500,
09:47:09,44.55,100,
09:47:09,44.56,140,
09:47:12,44.5899,300,
09:47:14,44.59,400,
09:47:14,44.59,100,
09:47:14,44.59,400,
09:47:15,44.60,100,
09:47:15,44.60,100,
09:47:15,44.59,100,
09:47:15,44.59,700,
09:47:15,44.60,100,
09:47:15,44.59,140,
09:47:16,44.57,300,
09:47:16,44.57,100,
09:47:17,44.60,200,
09:47:19,44.5973,600,
09:47:20,44.59,200,
09:47:20,44.60,300,
09:47:20,44.60,100,
09:47:20,44.60,300,
09:47:21,44.62,200,
09:47:21,44.62,100,
09:47:24,44.614,180,
09:47:25,44.62,100,
09:47:25,44.62,200,
09:47:25,44.64,180,
09:47:25,44.64,700,
09:47:26,44.64,100,
09:47:28,44.6442,200,
09:47:30,44.638,300,
09:47:37,44.6386,500,
09:47:41,44.60,240,
09:47:43,44.61,100,
09:47:48,44.60,100,
09:47:50,44.58,100,
09:47:50,44.58,400,
09:47:50,44.59,340,
09:47:51,44.5786,1000,
09:47:54,44.5673,1200,
09:47:56,44.55,100,
09:47:56,44.5468,130,
09:47:57,44.536,2000,
09:47:59,44.5525,2000,
09:48:01,44.53,300,
09:48:03,44.5299,100,
09:48:06,44.53,1400,
09:48:08,44.53,300,
09:48:08,44.54,200,
09:48:08,44.54,100,
09:48:08,44.54,200,
09:48:08,44.5299,500,
09:48:10,44.5491,600,
09:48:11,44.5425,4600,
09:48:16,44.53,400,
09:48:18,44.5414,200,
09:48:20,44.5368,100,
09:48:21,44.522,100,
09:48:21,44.534,220,
09:48:22,44.53,140,
09:48:24,44.5499,300,
09:48:26,44.53,200,
09:48:26,44.5199,200,
09:48:26,44.52,200,
09:48:26,44.52,300,
09:48:26,44.52,300,
09:48:27,44.55,240,
09:48:27,44.5473,240,
09:48:28,44.55,100,
09:48:30,44.58,200,
09:48:31,44.57,100,
09:48:31,44.59,100,
09:48:31,44.58,1000,
09:48:31,44.59,100,
09:48:31,44.60,200,
09:48:34,44.586,100,
09:48:37,44.6099,100,
09:48:44,44.5895,1000,
09:48:45,44.60,100,
09:48:45,44.60,100,
09:48:49,44.55,100,
09:48:52,44.55,100,
09:48:53,44.55,200,
09:48:53,44.55,100,
09:48:53,44.56,100,
09:48:53,44.56,400,
09:48:53,44.56,100,
09:48:53,44.56,140,
09:48:53,44.55,200,
09:48:53,44.55,800,
09:48:53,44.55,100,
09:48:53,44.55,100,
09:48:53,44.58,100,
09:48:53,44.58,100,
09:48:53,44.58,100,
09:48:53,44.58,100,
09:48:55,44.56,100,
09:48:55,44.56,240,
09:48:58,44.59,203,
09:48:58,44.58,140,
09:48:59,44.57,400,
09:49:03,44.54,200,
09:49:04,44.54,200,
09:49:04,44.54,140,
09:49:07,44.554,600,
09:49:08,44.54,200,
09:49:12,44.541,600,
09:49:16,44.56,300,
09:49:19,44.56,100,
09:49:22,44.53,140,
09:49:22,44.5499,130,
09:49:24,44.55,200,
09:49:24,44.55,200,
09:49:24,44.55,200,
09:49:24,44.55,100,
09:49:24,44.55,100,
09:49:24,44.55,300,
09:49:25,44.5642,200,
09:49:25,44.54,100,
09:49:25,44.54,100,
09:49:25,44.54,100,
09:49:25,44.54,100,
09:49:25,44.54,100,
09:49:25,44.54,100,
09:49:25,44.54,100,
09:49:25,44.53,180,
09:49:25,44.53,120,
09:49:26,44.55,140,
09:49:26,44.55,200,
09:49:26,44.55,100,
09:49:26,44.55,100,
09:49:27,44.55,300,
09:49:27,44.55,100,
09:49:27,44.55,100,
09:49:27,44.55,100,
09:49:27,44.55,100,
09:49:31,44.56,290,
09:49:31,44.5545,500,
09:49:31,44.54,200,
09:49:31,44.54,100,
09:49:31,44.54,100,
09:49:31,44.54,100,
09:49:31,44.54,200,
09:49:31,44.54,200,
09:49:31,44.54,100,
09:49:31,44.54,100,
09:49:31,44.55,100,
09:49:32,44.53,300,
09:49:33,44.51,156,
09:49:33,44.50,140,
09:49:33,44.50,160,
09:49:33,44.51,100,
09:49:35,44.519,100,
09:49:36,44.52,240,
09:49:39,44.51,100,
09:49:40,44.526,180,
09:49:41,44.51,100,
09:49:41,44.5099,100,
09:49:41,44.51,100,
09:49:41,44.51,100,
09:49:42,44.51,300,
09:49:44,44.51,200,
09:49:46,44.51,140,
09:49:48,44.52,100,
09:49:48,44.52,400,
09:49:48,44.52,100,
09:49:48,44.52,100,
09:49:49,44.52,200,
09:49:49,44.5168,100,
09:49:51,44.52,100,
09:49:52,44.53,300,
09:49:57,44.56,700,
09:49:58,44.55,700,
09:49:59,44.53,100,
09:49:59,44.55,500,
09:49:59,44.57,800,
09:49:59,44.57,700,
09:50:00,44.55,100,
09:50:02,44.56,300,
09:50:02,44.56,300,
09:50:02,44.56,100,
09:50:02,44.56,200,
09:50:04,44.589,300,
09:50:04,44.589,350,
09:50:06,44.609,500,
09:50:08,44.59,100,
09:50:10,44.60,670,
09:50:13,44.626,2300,
09:50:14,44.62,100,
09:50:14,44.62,200,
09:50:14,44.62,100,
09:50:17,44.64,100,
09:50:18,44.66,200,
09:50:18,44.66,1000,
09:50:18,44.66,750,
09:50:19,44.6799,2000,
09:50:19,44.68,100,
09:50:19,44.6797,300,
09:50:20,44.68,100,
09:50:20,44.6712,300,
09:50:21,44.6668,100,
09:50:23,44.68,100,
09:50:24,44.68,100,
09:50:24,44.68,200,
09:50:25,44.68,100,
09:50:25,44.68,100,
09:50:25,44.6784,100,
09:50:25,44.68,100,
09:50:25,44.679,100,
09:50:26,44.68,100,
09:50:26,44.68,100,
09:50:27,44.6701,100,
09:50:28,44.67,240,
09:50:28,44.6699,1000,
09:50:31,44.69,150,
09:50:31,44.6907,300,
09:50:32,44.71,200,
09:50:33,44.7199,300,
09:50:35,44.71,100,
09:50:35,44.7099,100,
09:50:35,44.71,100,
09:50:35,44.70,700,
09:50:37,44.70,140,
09:50:38,44.72,140,
09:50:38,44.72,100,
09:50:38,44.7007,100,
09:50:40,44.70,100,
09:50:41,44.73,400,
09:50:41,44.73,100,
09:50:42,44.72,400,
09:50:42,44.738,500,
09:50:44,44.74,240,
09:50:44,44.73,180,
09:50:44,44.76,100,
09:50:44,44.75,100,
09:50:44,44.732,1400,
09:50:44,44.73,185,
09:50:44,44.73,100,
09:50:44,44.71,276,
09:50:44,44.71,240,
09:50:46,44.69,100,
09:50:47,44.6873,1000,
09:50:48,44.67,300,
09:50:48,44.67,200,
09:50:48,44.6672,200,
09:50:48,44.6673,200,
09:50:48,44.67,200,
09:50:50,44.6607,200,
09:50:51,44.68,200,
09:50:51,44.68,200,
09:50:51,44.68,134,
09:50:57,44.699,100,
09:50:58,44.696,500,
09:50:59,44.68,100,
09:51:00,44.6993,200,
09:51:02,44.70,240,
09:51:03,44.69,157,
09:51:03,44.73,140,
09:51:03,44.74,166,
09:51:03,44.72,200,
09:51:03,44.73,100,
09:51:03,44.73,100,
09:51:04,44.75,100,
09:51:06,44.70,140,
09:51:06,44.69,100,
09:51:06,44.71,100,
09:51:06,44.71,100,
09:51:06,44.71,140,
09:51:06,44.71,100,
09:51:06,44.71,300,
09:51:06,44.71,300,
09:51:07,44.726,750,
09:51:07,44.74,400,
09:51:07,44.7248,300,
09:51:08,44.73,300,
09:51:09,44.7299,150,
09:51:10,44.7186,100,
09:51:11,44.64,140,
09:51:11,44.64,400,
09:51:11,44.63,100,
09:51:11,44.63,100,
09:51:11,44.65,100,
09:51:16,44.66,200,
09:51:16,44.66,100,
09:51:16,44.66,100,
09:51:16,44.66,140,
09:51:16,44.66,100,
09:51:18,44.66,300,
09:51:20,44.65,100,
09:51:20,44.65,100,
09:51:20,44.63,100,
09:51:20,44.63,100,
09:51:21,44.62,200,
09:51:21,44.61,100,
09:51:21,44.6165,100,
09:51:21,44.6173,100,
09:51:21,44.62,100,
09:51:21,44.6173,100,
09:51:21,44.62,100,
09:51:23,44.61,600,
09:51:23,44.62,100,
09:51:23,44.63,200,
09:51:25,44.614,100,
09:51:30,44.62,200,
09:51:30,44.62,100,
09:51:30,44.62,100,
09:51:30,44.62,200,
09:51:30,44.59,240,
09:51:30,44.59,260,
09:51:30,44.59,140,
09:51:30,44.60,200,
09:51:30,44.60,100,
09:51:30,44.60,300,
09:51:30,44.60,100,
09:51:30,44.60,300,
09:51:30,44.60,300,
09:51:30,44.60,100,
09:51:36,44.6186,100,
09:51:36,44.6186,100,
09:51:36,44.6186,200,
09:51:36,44.6186,150,
09:51:36,44.62,200,
09:51:38,44.62,100,
09:51:38,44.62,200,
09:51:38,44.62,200,
09:51:38,44.6186,200,
09:51:38,44.6186,200,
09:51:38,44.62,100,
09:51:38,44.60,100,
09:51:38,44.60,100,
09:51:38,44.60,100,
09:51:38,44.60,200,
09:51:38,44.5999,200,
09:51:38,44.5999,200,
09:51:38,44.60,200,
09:51:38,44.60,200,
09:51:38,44.5999,100,
09:51:38,44.5999,100,
09:51:38,44.60,100,
09:51:40,44.58,140,
09:51:40,44.58,100,
09:51:40,44.56,100,
09:51:41,44.5793,100,
09:51:41,44.58,200,
09:51:41,44.58,100,
09:51:42,44.55,100,
09:51:42,44.56,300,
09:51:42,44.57,100,
09:51:48,44.55,100,
09:51:48,44.5493,150,
09:51:51,44.52,2000,
09:51:52,44.54,700,
09:51:54,44.55,700,
09:51:54,44.55,400,
09:51:54,44.55,300,
09:51:54,44.56,100,
09:51:54,44.55,100,
09:51:54,44.59,140,
09:51:54,44.60,600,
09:51:54,44.63,300,
09:51:54,44.63,100,
09:51:54,44.61,300,
09:51:54,44.62,200,
09:51:54,44.62,140,
09:51:54,44.64,100,
09:51:54,44.62,400,
09:51:54,44.62,300,
09:51:54,44.62,140,
09:51:57,44.59,300,
09:51:58,44.57,140,
09:52:00,44.5791,260,
09:52:02,44.56,180,
09:52:03,44.53,200,
09:52:06,44.56,140,
09:52:07,44.57,200,
09:52:07,44.57,100,
09:52:07,44.57,1100,
09:52:07,44.58,100,
09:52:07,44.58,300,
09:52:07,44.58,100,
09:52:08,44.56,140,
09:52:08,44.55,240,
09:52:08,44.55,100,
09:52:12,44.54,100,
09:52:13,44.54,200,
09:52:13,44.54,800,
09:52:13,44.54,100,
09:52:13,44.54,200,
09:52:13,44.5201,100,
09:52:13,44.51,100,
09:52:13,44.51,186,
09:52:13,44.49,100,
09:52:13,44.49,100,
09:52:13,44.47,100,
09:52:13,44.47,160,
09:52:13,44.47,100,
09:52:13,44.47,100,
09:52:13,44.52,100,
09:52:14,44.4715,3000,
09:52:14,44.50,100,
09:52:15,44.49,300,
09:52:15,44.4799,100,
09:52:15,44.47,300,
09:52:15,44.49,203,
09:52:15,44.50,135,
09:52:15,44.50,100,
09:52:15,44.4995,1000,
09:52:15,44.4986,100,
09:52:15,44.4986,100,
09:52:17,44.4827,500,
09:52:17,44.50,100,
09:52:18,44.50,100,
09:52:18,44.475,2000,
09:52:20,44.48,100,
09:52:21,44.4899,1000,
09:52:23,44.46,1000,
09:52:23,44.46,400,
09:52:23,44.45,100,
09:52:23,44.45,100,
09:52:24,44.45,100,
09:52:25,44.4699,700,
09:52:26,44.47,100,
09:52:27,44.47,700,
09:52:27,44.47,300,
09:52:27,44.47,100,
09:52:30,44.47,300,
09:52:30,44.47,400,
09:52:30,44.47,300,
09:52:30,44.47,140,
09:52:30,44.47,100,
09:52:30,44.47,200,
09:52:30,44.47,300,
09:52:32,44.47,100,
09:52:32,44.47,240,
09:52:32,44.47,800,
09:52:33,44.49,200,
09:52:33,44.49,700,
09:52:33,44.50,220,
09:52:33,44.50,100,
09:52:33,44.52,100,
09:52:34,44.51,200,
09:52:36,44.50,500,
09:52:36,44.50,240,
09:52:36,44.47,100,
09:52:36,44.47,240,
09:52:36,44.49,700,
09:52:36,44.49,200,
09:52:36,44.49,200,
09:52:36,44.49,100,
09:52:37,44.51,200,
09:52:37,44.51,200,
09:52:38,44.5001,100,
09:52:42,44.48,514,
09:52:42,44.48,136,
09:52:42,44.48,300,
09:52:42,44.48,186,
09:52:45,44.47,1000,
09:52:45,44.47,240,
09:52:45,44.47,100,
09:52:45,44.47,1400,
09:52:46,44.464,1000,
09:52:48,44.47,100,
09:52:48,44.47,100,
09:52:48,44.47,240,
09:52:48,44.48,140,
09:52:48,44.48,400,
09:52:48,44.4895,100,
09:52:48,44.489,900,
09:52:49,44.47,400,
09:52:49,44.47,100,
09:52:49,44.46,200,
09:52:49,44.46,200,
09:52:49,44.46,100,
09:52:50,44.4699,1000,
09:52:54,44.47,200,
09:52:54,44.47,700,
09:52:55,44.46,240,
09:52:55,44.46,400,
09:52:59,44.4686,200,
09:52:59,44.47,100,
09:53:02,44.4701,100,
09:53:06,44.47,300,
09:53:06,44.47,140,
09:53:06,44.47,500,
09:53:06,44.47,400,
09:53:06,44.44,100,
09:53:06,44.44,100,
09:53:06,44.44,100,
09:53:06,44.44,100,
09:53:06,44.44,100,
09:53:06,44.47,100,
09:53:06,44.45,100,
09:53:06,44.42,100,
09:53:06,44.44,1000,
09:53:08,44.4127,1990,
09:53:11,44.4113,500,
09:53:12,44.40,500,
09:53:12,44.41,100,
09:53:12,44.41,300,
09:53:12,44.41,377,
09:53:13,44.39,200,
09:53:13,44.40,700,
09:53:13,44.41,200,
09:53:13,44.38,200,
09:53:13,44.39,100,
09:53:15,44.40,240,
09:53:15,44.39,100,
09:53:15,44.39,400,
09:53:15,44.37,100,
09:53:15,44.37,140,
09:53:15,44.36,300,
09:53:15,44.36,140,
09:53:15,44.36,100,
09:53:15,44.38,100,
09:53:15,44.36,100,
09:53:15,44.36,100,
09:53:15,44.36,100,
09:53:15,44.38,197,
09:53:16,44.38,200,
09:53:16,44.35,140,
09:53:16,44.35,100,
09:53:17,44.34,300,
09:53:18,44.35,104,
09:53:19,44.35,140,
09:53:20,44.3599,100,
09:53:22,44.34,300,
09:53:22,44.34,100,
09:53:22,44.33,700,
09:53:23,44.3407,400,
09:53:27,44.35,140,
09:53:27,44.36,140,
09:53:27,44.36,200,
09:53:27,44.36,700,
09:53:27,44.3605,1000,
09:53:28,44.37,300,
09:53:29,44.37,300,
09:53:30,44.35,240,
09:53:32,44.35,240,
09:53:32,44.35,200,
09:53:32,44.35,100,
09:53:32,44.35,200,
09:53:33,44.3255,760,
09:53:33,44.34,200,
09:53:34,44.36,100,
09:53:34,44.36,100,
09:53:34,44.36,700,
09:53:34,44.36,100,
09:53:34,44.36,100,
09:53:35,44.38,300,
09:53:35,44.40,100,
09:53:35,44.40,100,
09:53:35,44.40,400,
09:53:35,44.39,500,
09:53:35,44.40,240,
09:53:37,44.3429,100,
09:53:38,44.35,400,
09:53:38,44.35,300,
09:53:39,44.38,200,
09:53:41,44.3501,1300,
09:53:41,44.35,140,
09:53:41,44.35,140,
09:53:41,44.36,700,
09:53:46,44.3699,200,
09:53:47,44.3686,400,
09:53:47,44.35,140,
09:53:49,44.3642,400,
09:53:49,44.37,100,
09:53:49,44.37,100,
09:53:52,44.35,160,
09:53:52,44.35,100,
09:53:52,44.35,100,
09:53:53,44.345,250,
09:53:54,44.339,1300,
09:53:56,44.30,100,
09:53:58,44.32,100,
09:53:59,44.32,100,
09:53:59,44.32,700,
09:53:59,44.33,200,
09:54:00,44.321,100,
09:54:00,44.31,400,
09:54:00,44.32,100,
09:54:00,44.32,240,
09:54:00,44.32,100,
09:54:00,44.32,500,
09:54:00,44.31,140,
09:54:02,44.31,400,
09:54:04,44.32,200,
09:54:10,44.30,200,
09:54:10,44.30,400,
09:54:10,44.30,100,
09:54:10,44.30,200,
09:54:12,44.31,800,
09:54:14,44.32,300,
09:54:14,44.32,194,
09:54:14,44.32,200,
09:54:14,44.32,200,
09:54:20,44.3712,200,
09:54:21,44.38,100,
09:54:21,44.38,200,
09:54:21,44.38,100,
09:54:21,44.3799,200,
09:54:23,44.39,200,
09:54:23,44.38,100,
09:54:25,44.416,200,
09:54:26,44.42,200,
09:54:29,44.41,100,
09:54:29,44.40,100,
09:54:30,44.40,100,
09:54:30,44.40,200,
09:54:30,44.40,100,
09:54:30,44.40,100,
09:54:30,44.40,700,
09:54:32,44.41,800,
09:54:33,44.39,100,
09:54:33,44.39,120,
09:54:33,44.39,100,
09:54:33,44.40,100,
09:54:33,44.40,200,
09:54:33,44.40,100,
09:54:33,44.40,400,
09:54:35,44.43,100,
09:54:35,44.39,400,
09:54:36,44.39,100,
09:54:40,44.408,100,
09:54:40,44.408,451,
09:54:45,44.40,100,
09:54:45,44.40,200,
09:54:45,44.40,300,
09:54:45,44.3936,3700,
09:54:45,44.3914,200,
09:54:46,44.40,100,
09:54:50,44.40,100,
09:54:50,44.40,100,
09:54:54,44.41,300,
09:54:54,44.41,300,
09:54:55,44.41,200,
09:54:58,44.41,240,
09:54:58,44.41,800,
09:54:58,44.42,100,
09:54:58,44.42,300,
09:55:00,44.48,300,
09:55:00,44.48,100,
09:55:01,44.51,100,
09:55:01,44.51,300,
09:55:01,44.51,700,
09:55:01,44.51,100,
09:55:01,44.51,100,
09:55:01,44.51,100,
09:55:01,44.50,240,
09:55:01,44.50,400,
09:55:01,44.47,300,
09:55:01,44.49,100,
09:55:02,44.48,240,
09:55:04,44.479,100,
09:55:05,44.48,100,
09:55:05,44.52,100,
09:55:05,44.52,301,
09:55:06,44.51,240,
09:55:06,44.51,300,
09:55:06,44.50,240,
09:55:06,44.49,100,
09:55:06,44.49,100,
09:55:06,44.49,100,
09:55:07,44.47,240,
09:55:07,44.46,100,
09:55:07,44.46,100,
09:55:07,44.4601,100,
09:55:07,44.46,300,
09:55:07,44.46,100,
09:55:07,44.44,700,
09:55:07,44.44,400,
09:55:07,44.41,100,
09:55:07,44.41,200,
09:55:07,44.43,100,
09:55:07,44.42,200,
09:55:10,44.43,100,
09:55:10,44.47,100,
09:55:10,44.44,100,
09:55:12,44.43,200,
09:55:12,44.43,100,
09:55:12,44.429,500,
09:55:13,44.429,500,
09:55:15,44.42,100,
09:55:16,44.41,100,
09:55:19,44.3899,300,
09:55:20,44.389,300,
09:55:20,44.389,500,
09:55:21,44.40,300,
09:55:21,44.41,300,
09:55:21,44.41,100,
09:55:21,44.40,240,
09:55:21,44.40,300,
09:55:21,44.39,100,
09:55:21,44.39,400,
09:55:21,44.39,240,
09:55:21,44.41,500,
09:55:21,44.41,400,
09:55:21,44.41,240,
09:55:21,44.40,250,
09:55:21,44.40,100,
09:55:21,44.40,250,
09:55:21,44.40,250,
09:55:21,44.40,100,
09:55:21,44.40,100,
09:55:21,44.41,300,
09:55:21,44.41,200,
09:55:21,44.41,100,
09:55:22,44.4113,179,
09:55:25,44.4014,200,
09:55:27,44.40,300,
09:55:27,44.40,600,
09:55:27,44.40,300,
09:55:28,44.41,140,
09:55:28,44.41,800,
09:55:35,44.41,100,
09:55:35,44.41,300,
09:55:35,44.40,800,
09:55:36,44.39,240,
09:55:36,44.39,200,
09:55:36,44.38,240,
09:55:38,44.37,140,
09:55:38,44.37,100,
09:55:38,44.37,200,
09:55:39,44.3601,200,
09:55:39,44.36,200,
09:55:41,44.37,100,
09:55:41,44.37,100,
09:55:42,44.38,700,
09:55:42,44.38,200,
09:55:42,44.38,100,
09:55:43,44.366,100,
09:55:47,44.379,100,
09:55:51,44.37,100,
09:55:51,44.36,300,
09:55:51,44.37,200,
09:55:51,44.37,200,
09:55:51,44.36,240,
09:55:51,44.36,400,
09:55:51,44.36,300,
09:55:51,44.36,300,
09:55:52,44.36,200,
09:55:52,44.36,200,
09:55:52,44.35,400,
09:55:52,44.35,300,
09:55:52,44.34,100,
09:55:53,44.3386,300,
09:55:53,44.32,240,
09:55:53,44.31,100,
09:55:53,44.32,100,
09:55:54,44.32,200,
09:55:55,44.3211,250,
09:55:57,44.31,200,
09:55:57,44.28,100,
09:55:57,44.28,100,
09:55:57,44.29,500,
09:55:57,44.31,100,
09:55:57,44.31,100,
09:55:57,44.30,100,
09:55:57,44.30,218,
09:55:57,44.31,100,
09:55:58,44.30,100,
09:55:58,44.305,100,
09:55:58,44.29,100,
09:55:58,44.28,100,
09:55:58,44.301,300,
09:55:58,44.289,1000,
09:55:58,44.282,200,
09:55:58,44.295,100,
09:55:58,44.28,100,
09:55:58,44.26,300,
09:55:58,44.26,100,
09:55:58,44.265,100,
09:55:58,44.28,100,
09:55:58,44.285,200,
09:55:58,44.28,400,
09:56:00,44.30,1000,
09:56:00,44.2999,2000,
09:56:01,44.285,100,
09:56:01,44.29,100,
09:56:01,44.29,139,
09:56:05,44.28,900,
09:56:09,44.2627,500,
09:56:09,44.28,100,
09:56:12,44.29,160,
09:56:12,44.29,100,
09:56:12,44.29,300,
09:56:12,44.287,400,
09:56:15,44.33,200,
09:56:15,44.33,100,
09:56:15,44.32,100,
09:56:16,44.34,500,
09:56:16,44.34,637,
09:56:16,44.34,200,
09:56:16,44.34,300,
09:56:16,44.34,100,
09:56:17,44.274,1000,
09:56:17,44.34,200,
09:56:17,44.35,100,
09:56:17,44.34,100,
09:56:17,44.35,300,
09:56:17,44.35,100,
09:56:18,44.36,200,
09:56:21,44.34,100,
09:56:21,44.34,100,
09:56:22,44.34,400,
09:56:22,44.35,200,
09:56:22,44.36,200,
09:56:23,44.34,400,
09:56:23,44.34,100,
09:56:23,44.34,100,
09:56:23,44.35,200,
09:56:25,44.38,100,
09:56:25,44.38,100,
09:56:27,44.3658,138,
09:56:28,44.38,700,
09:56:28,44.38,120,
09:56:28,44.38,200,
09:56:28,44.38,100,
09:56:28,44.3799,800,
09:56:28,44.3758,240,
09:56:28,44.3757,100,
09:56:28,44.3758,100,
09:56:28,44.3758,100,
09:56:28,44.3858,100,
09:56:29,44.39,140,
09:56:29,44.39,100,
09:56:29,44.38,300,
09:56:29,44.38,140,
09:56:29,44.38,100,
09:56:29,44.38,100,
09:56:29,44.36,100,
09:56:29,44.38,100,
09:56:29,44.378,100,
09:56:30,44.37,100,
09:56:31,44.37,600,
09:56:35,44.361,500,
09:56:35,44.3325,100,
09:56:36,44.30,600,
09:56:36,44.31,300,
09:56:38,44.32,100,
09:56:41,44.31,100,
09:56:42,44.30,240,
09:56:42,44.30,100,
09:56:45,44.31,200,
09:56:45,44.32,100,
09:56:45,44.31,200,
09:56:45,44.31,400,
09:56:45,44.31,100,
09:56:45,44.32,300,
09:56:45,44.32,400,
09:56:45,44.32,300,
09:56:45,44.3295,500,
09:56:47,44.326,100,
09:56:47,44.32,100,
09:56:49,44.32,300,
09:56:49,44.32,700,
09:56:54,44.30,140,
09:56:59,44.296,800,
09:57:01,44.28,100,
09:57:02,44.28,500,
09:57:02,44.26,232,
09:57:02,44.26,100,
09:57:02,44.26,140,
09:57:02,44.27,100,
09:57:02,44.26,200,
09:57:02,44.26,200,
09:57:04,44.2668,100,
09:57:07,44.25,500,
09:57:07,44.25,100,
09:57:07,44.25,100,
09:57:07,44.2513,490,
09:57:07,44.25,150,
09:57:08,44.2595,1000,
09:57:08,44.24,100,
09:57:08,44.26,700,
09:57:08,44.27,130,
09:57:08,44.26,300,
09:57:09,44.25,200,
09:57:09,44.25,100,
09:57:09,44.24,100,
09:57:10,44.23,300,
09:57:10,44.23,300,
09:57:10,44.23,300,
09:57:10,44.23,100,
09:57:10,44.23,100,
09:57:10,44.23,100,
09:57:14,44.24,100,
09:57:14,44.23,100,
09:57:14,44.23,300,
09:57:14,44.24,100,
09:57:14,44.25,240,
09:57:15,44.25,400,
09:57:15,44.23,100,
09:57:15,44.23,100,
09:57:15,44.23,100,
09:57:15,44.23,100,
09:57:15,44.23,100,
09:57:15,44.23,100,
09:57:15,44.25,100,
09:57:15,44.24,300,
09:57:15,44.21,100,
09:57:15,44.213,100,
09:57:15,44.21,200,
09:57:16,44.215,150,
09:57:16,44.2199,100,
09:57:16,44.23,400,
09:57:16,44.23,300,
09:57:16,44.21,100,
09:57:16,44.23,140,
09:57:16,44.23,100,
09:57:17,44.22,100,
09:57:17,44.19,100,
09:57:17,44.20,200,
09:57:17,44.22,100,
09:57:17,44.22,100,
09:57:19,44.21,150,
09:57:20,44.23,100,
09:57:20,44.20,100,
09:57:21,44.22,300,
09:57:21,44.22,240,
09:57:21,44.22,300,
09:57:24,44.23,180,
09:57:26,44.25,100,
09:57:28,44.25,100,
09:57:28,44.25,100,
09:57:28,44.2499,4900,
09:57:29,44.24,100,
09:57:29,44.26,300,
09:57:31,44.2598,200,
09:57:31,44.2599,1000,
09:57:33,44.26,200,
09:57:33,44.26,140,
09:57:33,44.26,300,
09:57:35,44.256,600,
09:57:36,44.27,100,
09:57:36,44.27,100,
09:57:36,44.27,200,
09:57:38,44.3085,100,
09:57:41,44.30,100,
09:57:50,44.25,100,
09:57:50,44.26,240,
09:57:50,44.26,100,
09:57:50,44.25,100,
09:57:50,44.25,185,
09:57:50,44.26,100,
09:57:50,44.26,100,
09:57:50,44.26,100,
09:57:50,44.26,100,
09:57:52,44.29,1000,
09:57:53,44.27,800,
09:57:53,44.289,100,
09:57:53,44.289,100,
09:57:54,44.27,100,
09:57:59,44.24,300,
09:57:59,44.22,200,
09:58:00,44.24,300,
09:58:00,44.23,300,
09:58:03,44.2245,228,
09:58:04,44.21,500,
09:58:05,44.21,100,
09:58:08,44.22,100,
09:58:08,44.22,100,
09:58:08,44.22,100,
09:58:12,44.22,400,
09:58:12,44.22,200,
09:58:15,44.2499,500,
09:58:16,44.21,100,
09:58:16,44.21,100,
09:58:16,44.21,200,
09:58:20,44.223,2000,
09:58:23,44.21,2000,
09:58:27,44.2327,1000,
09:58:30,44.23,400,
09:58:30,44.23,100,
09:58:30,44.23,100,
09:58:30,44.24,274,
09:58:30,44.25,100,
09:58:30,44.25,200,
09:58:31,44.2107,200,
09:58:35,44.21,100,
09:58:35,44.21,100,
09:58:40,44.24,500,
09:58:40,44.25,100,
09:58:49,44.23,200,
09:58:49,44.23,100,
09:58:50,44.2199,100,
09:58:55,44.2193,100,
09:59:00,44.20,100,
09:59:01,44.22,100,
09:59:03,44.19,100,
09:59:05,44.23,100,
09:59:05,44.25,200,
09:59:05,44.25,100,
09:59:06,44.25,100,
09:59:06,44.25,200,
09:59:06,44.25,100,
09:59:06,44.27,300,
09:59:06,44.26,100,
09:59:06,44.27,300,
09:59:06,44.32,100,
09:59:06,44.30,500,
09:59:06,44.33,100,
09:59:06,44.32,700,
09:59:06,44.31,700,
09:59:06,44.27,400,
09:59:06,44.31,400,
09:59:06,44.28,200,
09:59:06,44.30,300,
09:59:06,44.28,100,
09:59:06,44.33,100,
09:59:06,44.33,300,
09:59:06,44.25,100,
09:59:06,44.29,100,
09:59:06,44.34,100,
09:59:06,44.34,300,
09:59:06,44.34,100,
09:59:06,44.34,200,
09:59:06,44.33,200,
09:59:06,44.32,300,
09:59:06,44.27,100,
09:59:06,44.38,100,
09:59:06,44.31,200,
09:59:06,44.31,100,
09:59:06,44.33,100,
09:59:06,44.32,100,
09:59:07,44.33,100,
09:59:10,44.30,400,
09:59:10,44.30,300,
09:59:10,44.30,300,
09:59:10,44.30,300,
09:59:10,44.28,100,
09:59:10,44.33,100,
09:59:11,44.3125,2300,
09:59:11,44.29,200,
09:59:11,44.32,100,
09:59:11,44.32,100,
09:59:11,44.33,100,
09:59:11,44.33,100,
09:59:11,44.33,100,
09:59:11,44.32,400,
09:59:11,44.33,400,
09:59:11,44.33,600,
09:59:11,44.33,200,
09:59:11,44.34,300,
09:59:11,44.35,100,
09:59:12,44.31,100,
09:59:12,44.35,200,
09:59:12,44.38,200,
09:59:12,44.38,100,
09:59:12,44.38,200,
09:59:13,44.38,200,
09:59:15,44.38,300,
09:59:15,44.40,100,
09:59:16,44.28,100,
09:59:17,44.348,1000,
09:59:17,44.37,100,
09:59:18,44.37,100,
09:59:22,44.3446,700,
09:59:23,44.33,200,
09:59:23,44.33,156,
09:59:24,44.3533,1000,
09:59:26,44.35,150,
09:59:27,44.36,200,
09:59:29,44.36,100,
09:59:29,44.3586,100,
09:59:29,44.3586,100,
09:59:33,44.3397,100,
09:59:35,44.30,100,
09:59:37,44.30,300,
09:59:43,44.3488,500,
09:59:43,44.31,100,
09:59:44,44.31,100,
09:59:45,44.31,300,
09:59:45,44.3593,500,
09:59:46,44.36,200,
09:59:46,44.38,100,
09:59:46,44.38,300,
09:59:46,44.36,100,
09:59:46,44.36,100,
09:59:46,44.36,100,
09:59:46,44.36,100,
09:59:46,44.38,100,
09:59:46,44.36,100,
09:59:46,44.38,100,
09:59:46,44.38,200,
09:59:46,44.37,200,
09:59:46,44.38,204,
09:59:46,44.4047,400,
09:59:46,44.40,100,
09:59:46,44.3812,100,
09:59:46,44.42,100,
09:59:47,44.36,100,
09:59:48,44.45,100,
09:59:49,44.36,100,
09:59:49,44.31,100,
09:59:53,44.5493,1000,
09:59:54,44.50,115,
09:59:56,44.474,100,
09:59:58,44.545,200,
10:00:01,44.53,100,
10:00:01,44.58,100,
10:00:05,44.63,200,
10:00:05,44.63,100,
10:00:05,44.64,200,
10:00:05,44.649,500,
10:00:06,44.6564,500,
10:00:07,44.63,300,
10:00:07,44.65,300,
10:00:08,44.62,300,
10:00:09,44.68,200,
10:00:09,44.68,100,
10:00:09,44.68,200,
10:00:09,44.70,200,
10:00:09,44.72,300,
10:00:09,44.67,300,
10:00:10,44.68,300,
10:00:11,44.6901,100,
10:00:11,44.729,1000,
10:00:12,44.67,300,
10:00:12,44.70,300,
10:00:13,44.69,300,
10:00:13,44.66,2700,
10:00:13,44.69,300,
10:00:13,44.69,100,
10:00:14,44.67,300,
10:00:14,44.6953,300,
10:00:15,44.67,300,
10:00:15,44.67,300,
10:00:16,44.69,300,
10:00:16,44.705,200,
10:00:17,44.6999,100,
10:00:17,44.70,100,
10:00:17,44.695,200,
10:00:19,44.70,100,
10:00:19,44.6991,157,
10:00:19,44.70,100,
10:00:19,44.6917,300,
10:00:20,44.6801,300,
10:00:20,44.726,200,
10:00:20,44.73,300,
10:00:21,44.66,200,
10:00:21,44.66,300,
10:00:21,44.66,200,
10:00:21,44.66,200,
10:00:21,44.70,500,
10:00:23,44.71,100,
10:00:23,44.696,1000,
10:00:23,44.70,100,
10:00:23,44.70,300,
10:00:24,44.7152,200,
10:00:25,44.7114,400,
10:00:27,44.71,100,
10:00:27,44.74,100,
10:00:27,44.74,100,
10:00:27,44.72,200,
10:00:27,44.71,100,
10:00:27,44.72,100,
10:00:28,44.75,200,
10:00:28,44.75,200,
10:00:28,44.74,4000,
10:00:29,44.7893,100,
10:00:29,44.75,100,
10:00:30,44.762,2500,
10:00:31,44.7999,2000,
10:00:31,44.77,100,
10:00:31,44.7893,100,
10:00:31,44.78,200,
10:00:31,44.79,300,
10:00:32,44.80,100,
10:00:32,44.80,300,
10:00:32,44.7999,5000,
10:00:32,44.78,600,
10:00:33,44.77,300,
10:00:33,44.77,300,
10:00:33,44.78,300,
10:00:35,44.7845,900,
10:00:35,44.79,400,
10:00:35,44.78,200,
10:00:35,44.72,100,
10:00:36,44.7801,300,
10:00:36,44.786,100,
10:00:37,44.772,500,
10:00:37,44.7899,100,
10:00:37,44.79,100,
10:00:37,44.77,100,
10:00:40,44.77,100,
10:00:41,44.83,100,
10:00:41,44.83,100,
10:00:41,44.84,100,
10:00:41,44.85,100,
10:00:41,44.85,200,
10:00:41,44.83,100,
10:00:41,44.84,100,
10:00:41,44.84,200,
10:00:41,44.83,100,
10:00:41,44.84,100,
10:00:41,44.799,1100,
10:00:41,44.839,600,
10:00:43,44.83,200,
10:00:43,44.8557,300,
10:00:43,44.8559,100,
10:00:43,44.8559,100,
10:00:43,44.86,100,
10:00:43,44.86,100,
10:00:44,44.84,300,
10:00:44,44.84,1800,
10:00:44,44.84,500,
10:00:44,44.854,200,
10:00:45,44.87,100,
10:00:45,44.8699,100,
10:00:45,44.868,100,
10:00:45,44.868,500,
10:00:45,44.841,400,
10:00:45,44.88,200,
10:00:45,44.85,100,
10:00:46,44.8801,200,
10:00:46,44.8801,200,
10:00:46,44.8801,200,
10:00:47,44.843,3800,
10:00:47,44.88,1000,
10:00:48,44.90,100,
10:00:48,44.91,200,
10:00:48,44.91,200,
10:00:50,44.889,2000,
10:00:50,44.93,100,
10:00:50,44.95,500,
10:00:50,44.95,500,
10:00:51,44.96,100,
10:00:52,44.9699,100,
10:00:53,44.9799,500,
10:00:53,44.9699,100,
10:00:54,44.9699,100,
10:00:54,44.98,100,
10:00:54,44.97,300,
10:00:55,44.98,100,
10:00:55,45,100,
10:00:55,45,100,
10:00:55,44.98,300,
10:00:55,44.972,500,
10:00:55,45,400,
10:00:55,45,272,
10:00:56,45.0099,500,
10:00:56,44.99,800,
10:00:57,45.01,2000,
10:00:58,45.0093,300,
10:00:58,44.98,100,
10:00:59,45.02,700,
10:00:59,45.0199,1000,
10:01:00,45.03,1000,
10:01:00,45,200,
10:01:01,44.98,300,
10:01:01,44.98,300,
10:01:01,44.98,300,
10:01:01,44.98,300,
10:01:01,44.98,200,
10:01:02,45.012,500,
10:01:02,45.0314,1700,
10:01:02,45.03,300,
10:01:02,45.03,300,
10:01:02,45.03,200,
10:01:04,45.05,100,
10:01:04,45.03,100,
10:01:04,45.032,500,
10:01:05,45.03,300,
10:01:07,45.0383,100,
10:01:07,45.05,100,
10:01:07,45.03,200,
10:01:07,45.05,100,
10:01:07,45.03,100,
10:01:07,45.01,100,
10:01:07,45.06,500,
10:01:08,45.0301,1000,
10:01:09,45.04,300,
10:01:11,45.05,271,
10:01:11,45.04,300,
10:01:11,45.05,300,
10:01:13,45.0601,1000,
10:01:13,45.069,100,
10:01:13,45.0614,1000,
10:01:14,45.0699,300,
10:01:15,45.0401,200,
10:01:15,45.07,100,
10:01:16,45.0501,200,
10:01:18,45.068,1000,
10:01:18,45.0301,300,
10:01:18,45.01,3400,
10:01:19,45.0301,120,
10:01:20,45.015,4000,
10:01:21,45.01,400,
10:01:21,45.01,300,
10:01:21,45.01,100,
10:01:22,44.9575,3100,
10:01:22,44.954,1500,
10:01:23,44.9401,400,
10:01:23,44.94,700,
10:01:23,44.942,100,
10:01:23,44.92,100,
10:01:23,44.92,200,
10:01:23,44.92,200,
10:01:24,44.9399,500,
10:01:24,44.98,100,
10:01:24,44.98,100,
10:01:24,44.95,900,
10:01:24,44.9406,1000,
10:01:25,44.92,100,
10:01:26,44.91,600,
10:01:26,44.941,2004,
10:01:27,44.9714,300,
10:01:27,44.9714,100,
10:01:28,44.94,200,
10:01:30,44.9592,100,
10:01:32,44.928,600,
10:01:32,44.90,700,
10:01:32,44.87,500,
10:01:33,44.85,595,
10:01:33,44.8501,1600,
10:01:34,44.88,200,
10:01:34,44.881,200,
10:01:36,44.85,100,
10:01:36,44.8403,100,
10:01:36,44.874,200,
10:01:37,44.8483,300,
10:01:38,44.8599,500,
10:01:38,44.86,300,
10:01:39,44.85,500,
10:01:39,44.84,300,
10:01:39,44.84,200,
10:01:40,44.8175,2000,
10:01:41,44.84,100,
10:01:41,44.837,2500,
10:01:42,44.7901,1918,
10:01:43,44.79,100,
10:01:43,44.79,200,
10:01:43,44.80,100,
10:01:47,44.802,1000,
10:01:48,44.75,100,
10:01:49,44.75,100,
10:01:50,44.79,300,
10:01:50,44.79,300,
10:01:50,44.79,300,
10:01:50,44.79,100,
10:01:50,44.81,504,
10:01:50,44.81,204,
10:01:51,44.7906,1000,
10:01:51,44.775,200,
10:01:52,44.7799,100,
10:01:53,44.746,2000,
10:01:53,44.70,300,
10:01:53,44.7001,700,
10:01:55,44.7263,500,
10:01:59,44.71,100,
10:01:59,44.69,100,
10:02:00,44.75,100,
10:02:00,44.7501,100,
10:02:00,44.7501,100,
10:02:00,44.75,100,
10:02:00,44.75,100,
10:02:04,44.75,300,
10:02:06,44.75,100,
10:02:06,44.77,100,
10:02:07,44.7319,200,
10:02:10,44.79,1000,
10:02:10,44.79,100,
10:02:11,44.79,100,
10:02:11,44.79,100,
10:02:11,44.79,300,
10:02:12,44.81,100,
10:02:12,44.81,100,
10:02:15,44.74,300,
10:02:16,44.72,300,
10:02:16,44.72,100,
10:02:16,44.72,200,
10:02:16,44.72,260,
10:02:16,44.7599,100,
10:02:17,44.77,794,
10:02:26,44.71,100,
10:02:30,44.7097,700,
10:02:30,44.71,300,
10:02:30,44.71,400,
10:02:30,44.71,190,
10:02:31,44.71,100,
10:02:35,44.729,100,
10:02:36,44.74,100,
10:02:41,44.65,200,
10:02:42,44.6401,850,
10:02:44,44.65,300,
10:02:46,44.6599,101,
10:02:46,44.63,100,
10:02:48,44.63,100,
10:02:49,44.58,1000,
10:02:49,44.58,240,
10:02:49,44.57,100,
10:02:49,44.57,100,
10:02:49,44.57,300,
10:02:54,44.53,100,
10:02:54,44.53,140,
10:02:54,44.51,500,
10:02:54,44.51,100,
10:02:54,44.52,800,
10:02:55,44.5015,6000,
10:02:56,44.50,100,
10:02:56,44.48,100,
10:02:56,44.50,200,
10:02:56,44.49,100,
10:02:56,44.52,100,
10:02:57,44.541,100,
10:02:57,44.59,100,
10:02:59,44.543,900,
10:03:00,44.58,100,
10:03:02,44.49,100,
10:03:04,44.50,1900,
10:03:04,44.5006,500,
10:03:11,44.56,100,
10:03:12,44.56,300,
10:03:13,44.56,100,
10:03:14,44.56,100,
10:03:14,44.56,100,
10:03:14,44.57,300,
10:03:14,44.57,140,
10:03:14,44.56,300,
10:03:14,44.56,240,
10:03:14,44.57,300,
10:03:14,44.56,300,
10:03:14,44.56,200,
10:03:16,44.56,100,
10:03:17,44.54,400,
10:03:17,44.54,100,
10:03:17,44.54,500,
10:03:17,44.531,100,
10:03:21,44.5388,350,
10:03:21,44.55,100,
10:03:22,44.57,120,
10:03:22,44.59,300,
10:03:24,44.63,400,
10:03:25,44.6412,300,
10:03:26,44.6299,500,
10:03:28,44.61,140,
10:03:29,44.596,500,
10:03:31,44.57,300,
10:03:31,44.57,100,
10:03:32,44.5895,700,
10:03:34,44.6199,300,
10:03:36,44.63,100,
10:03:39,44.65,240,
10:03:39,44.67,300,
10:03:39,44.67,300,
10:03:39,44.67,297,
10:03:39,44.67,100,
10:03:39,44.67,100,
10:03:39,44.67,100,
10:03:39,44.72,200,
10:03:41,44.6945,100,
10:03:43,44.66,100,
10:03:43,44.73,100,
10:03:43,44.7299,100,
10:03:43,44.73,100,
10:03:43,44.7299,100,
10:03:43,44.73,100,
10:03:46,44.70,100,
10:03:46,44.70,400,
10:03:47,44.714,1000,
10:03:50,44.72,700,
10:03:50,44.72,1000,
10:03:50,44.7299,3000,
10:03:50,44.72,400,
10:03:50,44.72,400,
10:03:52,44.72,670,
10:03:52,44.72,300,
10:03:52,44.72,1300,
10:03:52,44.72,400,
10:03:52,44.72,400,
10:03:52,44.72,200,
10:03:52,44.7299,5000,
10:03:52,44.71,300,
10:03:53,44.71,600,
10:03:59,44.754,200,
10:04:00,44.78,100,
10:04:01,44.7718,500,
10:04:03,44.754,1000,
10:04:08,44.7718,500,
10:04:15,44.7655,500,
10:04:18,44.79,100,
10:04:20,44.80,100,
10:04:20,44.80,200,
10:04:20,44.81,100,
10:04:25,44.8385,1000,
10:04:26,44.80,300,
10:04:26,44.834,500,
10:04:27,44.8395,500,
10:04:28,44.85,100,
10:04:28,44.85,100,
10:04:28,44.85,100,
10:04:28,44.85,100,
10:04:28,44.85,100,
10:04:28,44.85,100,
10:04:28,44.85,200,
10:04:28,44.89,660,
10:04:28,44.89,140,
10:04:28,44.89,300,
10:04:28,44.89,100,
10:04:28,44.88,100,
10:04:28,44.90,200,
10:04:28,44.90,101,
10:04:28,44.85,100,
10:04:28,44.85,200,
10:04:28,44.89,300,
10:04:28,44.85,100,
10:04:28,44.85,100,
10:04:28,44.85,100,
10:04:28,44.86,200,
10:04:31,44.83,200,
10:04:31,44.81,140,
10:04:31,44.81,400,
10:04:31,44.79,100,
10:04:31,44.79,240,
10:04:32,44.83,100,
10:04:33,44.85,100,
10:04:33,44.85,100,
10:04:33,44.85,200,
10:04:33,44.84,100,
10:04:33,44.85,100,
10:04:33,44.85,100,
10:04:33,44.86,300,
10:04:33,44.86,200,
10:04:33,44.91,100,
10:04:33,44.84,100,
10:04:33,44.84,100,
10:04:33,44.89,240,
10:04:33,44.91,100,
10:04:33,44.90,100,
10:04:33,44.90,200,
10:04:33,44.90,460,
10:04:33,44.84,140,
10:04:33,44.84,400,
10:04:33,44.91,1000,
10:04:33,44.92,200,
10:04:33,44.94,200,
10:04:33,44.94,200,
10:04:33,44.94,100,
10:04:33,44.96,100,
10:04:33,44.99,140,
10:04:33,44.97,200,
10:04:33,44.97,200,
10:04:33,44.98,100,
10:04:33,44.99,400,
10:04:33,44.90,100,
10:04:33,44.95,100,
10:04:34,44.9503,700,
10:04:34,44.95,100,
10:04:34,44.95,300,
10:04:34,44.95,100,
10:04:35,44.98,100,
10:04:35,44.97,200,
10:04:35,45,300,
10:04:36,45,550,
10:04:37,44.95,100,
10:04:37,44.95,100,
10:04:39,44.97,100,
10:04:40,45,100,
10:04:40,45,100,
10:04:40,45,100,
10:04:41,45.05,100,
10:04:41,45.05,100,
10:04:41,45,300,
10:04:41,45,200,
10:04:41,45.03,100,
10:04:42,45.0794,500,
10:04:42,45.08,100,
10:04:42,45.0799,100,
10:04:42,45.0799,100,
10:04:42,45.0799,500,
10:04:43,45.08,1000,
10:04:43,45.09,400,
10:04:47,45.04,100,
10:04:47,45.04,131,
10:04:47,45.044,300,
10:04:48,45.06,100,
10:04:49,45.0402,700,
10:04:49,45.04,400,
10:04:50,45.0455,1000,
10:04:53,45.0505,500,
10:04:53,45.0601,1500,
10:04:55,45.08,1000,
10:04:56,45.0793,200,
10:04:58,45.10,200,
10:04:58,45.09,200,
10:04:58,45.10,200,
10:04:58,45.12,200,
10:04:58,45.09,100,
10:04:58,45.12,100,
10:04:58,45.13,100,
10:04:58,45.15,130,
10:04:58,45.16,500,
10:04:58,45.16,100,
10:04:58,45.14,100,
10:04:58,45.18,500,
10:04:58,45.13,140,
10:04:58,45.09,100,
10:04:58,45.10,100,
10:04:58,45.15,100,
10:04:58,45.10,200,
10:04:58,45.1588,8500,
10:04:59,45.16,100,
10:04:59,45.16,700,
10:05:01,45.20,100,
10:05:01,45.20,100,
10:05:02,45.208,100,
10:05:02,45.18,300,
10:05:02,45.18,377,
10:05:02,45.18,113,
10:05:02,45.14,115,
10:05:03,45.14,100,
10:05:03,45.1401,100,
10:05:03,45.14,100,
10:05:03,45.1401,100,
10:05:03,45.14,100,
10:05:04,45.1595,1000,
10:05:04,45.15,100,
10:05:04,45.15,200,
10:05:06,45.15,400,
10:05:06,45.15,300,
10:05:06,45.14,160,
10:05:06,45.14,300,
10:05:06,45.14,100,
10:05:06,45.15,100,
10:05:06,45.13,200,
10:05:06,45.13,240,
10:05:06,45.13,100,
10:05:06,45.13,100,
10:05:06,45.13,100,
10:05:06,45.13,100,
10:05:06,45.13,100,
10:05:06,45.14,100,
10:05:06,45.13,100,
10:05:06,45.12,100,
10:05:06,45.12,100,
10:05:07,45.12,1400,
10:05:07,45.11,300,
10:05:07,45.10,700,
10:05:07,45.10,400,
10:05:07,45.11,400,
10:05:07,45.10,240,
10:05:07,45.10,200,
10:05:07,45.10,100,
10:05:08,45.1032,100,
10:05:09,45.0901,1000,
10:05:10,45.05,400,
10:05:10,45.07,140,
10:05:10,45.07,140,
10:05:11,45.0601,1000,
10:05:11,45.08,100,
10:05:11,45.08,100,
10:05:11,45.08,100,
10:05:11,45.05,100,
10:05:11,45.08,100,
10:05:12,45.05,100,
10:05:14,45.06,100,
10:05:14,45.06,100,
10:05:15,45.0707,100,
10:05:17,45.08,100,
10:05:17,45.04,200,
10:05:19,45.0601,300,
10:05:19,45.0401,1300,
10:05:21,45.0791,250,
10:05:21,45.08,300,
10:05:22,45.0575,2000,
10:05:23,45.0009,225,
10:05:25,45.0394,1000,
10:05:28,45.058,200,
10:05:31,45.0593,100,
10:05:33,45.051,800,
10:05:33,45.05,500,
10:05:35,45.05,2000,
10:05:38,44.9701,5000,
10:05:38,45.01,300,
10:05:38,45,200,
10:05:39,45.011,200,
10:05:39,45.011,100,
10:05:41,45.06,200,
10:05:41,45.06,400,
10:05:41,45.06,200,
10:05:41,45.06,100,
10:05:41,45.0401,800,
10:05:41,45.0401,300,
10:05:41,45.04,800,
10:05:41,45.03,300,
10:05:41,45.03,240,
10:05:43,45.06,140,
10:05:43,45.07,300,
10:05:43,45.07,100,
10:05:44,45.0498,1000,
10:05:45,45.076,250,
10:05:46,45.05,300,
10:05:46,45.05,300,
10:05:46,45.07,100,
10:05:46,45.06,100,
10:05:48,45.0507,100,
10:05:48,45.05,200,
10:05:50,45.05,100,
10:05:52,45.06,300,
10:05:57,45.06,100,
10:05:57,45.06,100,
10:05:58,45.08,100,
10:05:58,45.08,200,
10:05:58,45.08,100,
10:05:58,45.08,100,
10:05:59,45.0601,100,
10:06:01,45.04,140,
10:06:01,45.05,400,
10:06:01,45.10,100,
10:06:01,45.04,100,
10:06:01,45.06,140,
10:06:01,45.06,100,
10:06:01,45.07,400,
10:06:01,45.08,140,
10:06:01,45.08,400,
10:06:01,45.10,200,
10:06:01,45.10,100,
10:06:01,45.10,140,
10:06:01,45.12,100,
10:06:01,45.09,100,
10:06:01,45.09,100,
10:06:02,45.12,200,
10:06:02,45.10,100,
10:06:02,45.06,140,
10:06:02,45.07,120,
10:06:02,45.07,400,
10:06:02,45.07,100,
10:06:04,45.0547,100,
10:06:05,45,100,
10:06:05,45.03,100,
10:06:05,44.99,400,
10:06:05,45.01,100,
10:06:05,45.03,100,
10:06:05,45.01,100,
10:06:05,45.01,100,
10:06:05,45.03,400,
10:06:05,45.03,800,
10:06:05,45.03,302,
10:06:05,45.03,100,
10:06:05,45.03,100,
10:06:06,44.982,250,
10:06:08,45,300,
10:06:08,44.99,400,
10:06:09,45.01,100,
10:06:09,44.97,140,
10:06:09,44.97,400,
10:06:09,44.95,100,
10:06:09,44.95,400,
10:06:09,44.99,700,
10:06:09,44.91,398,
10:06:09,44.92,100,
10:06:10,44.94,240,
10:06:10,44.93,100,
10:06:10,44.90,100,
10:06:10,44.90,100,
10:06:11,44.914,100,
10:06:12,44.86,240,
10:06:12,44.86,400,
10:06:12,44.84,197,
10:06:12,44.85,100,
10:06:12,44.8417,200,
10:06:12,44.83,100,
10:06:12,44.83,100,
10:06:12,44.83,100,
10:06:13,44.90,100,
10:06:15,44.924,1000,
10:06:18,44.97,396,
10:06:18,45,100,
10:06:18,44.97,883,
10:06:22,44.931,100,
10:06:22,44.931,200,
10:06:22,44.96,100,
10:06:22,44.96,100,
10:06:22,44.96,100,
10:06:22,44.96,100,
10:06:22,44.96,100,
10:06:22,44.96,1800,
10:06:22,44.96,100,
10:06:22,44.96,100,
10:06:22,44.96,100,
10:06:22,44.96,100,
10:06:24,44.933,700,
10:06:27,45,1000,
10:06:27,44.96,100,
10:06:29,45.04,100,
10:06:29,45.04,800,
10:06:29,45.05,1800,
10:06:29,45.08,100,
10:06:29,45.08,200,
10:06:29,45.08,200,
10:06:29,45.06,279,
10:06:29,45.08,200,
10:06:29,45.09,140,
10:06:29,45.09,311,
10:06:29,45.08,189,
10:06:29,45.10,300,
10:06:29,45.08,100,
10:06:30,45.08,400,
10:06:30,45.09,100,
10:06:30,45.10,100,
10:06:30,45.10,300,
10:06:30,45.10,100,
10:06:30,45.08,240,
10:06:30,45.10,700,
10:06:32,45.0609,700,
10:06:35,45.0401,200,
10:06:36,45.058,1000,
10:06:36,45.03,256,
10:06:39,45.001,200,
10:06:42,45.006,500,
10:06:42,45,100,
10:06:44,45.0212,100,
10:06:45,45.024,750,
10:07:00,44.992,600,
10:07:03,44.981,100,
10:07:05,44.99,200,
10:07:05,44.99,100,
10:07:07,44.95,300,
10:07:13,44.99,100,
10:07:15,44.9801,100,
10:07:19,44.95,500,
10:07:22,45,100,
10:07:26,45.03,1500,
10:07:29,45,200,
10:07:44,44.9305,700,
10:08:00,44.9446,200,
10:08:03,44.9314,150,
10:08:09,44.96,100,
10:08:16,44.895,200,
10:08:20,44.91,300,
10:08:20,44.908,100,
10:08:21,44.93,500,
10:08:26,44.95,596,
10:08:26,44.95,100,
10:08:26,44.98,100,
10:08:26,44.98,100,
10:08:26,44.96,100,
10:08:26,44.955,100,
10:08:27,44.9605,500,
10:08:30,44.93,100,
10:08:33,44.94,200,
10:08:40,44.9601,400,
10:08:51,44.99,300,
10:08:51,44.99,140,
10:08:51,44.99,300,
10:08:51,45,300,
10:08:51,44.99,200,
10:08:51,45,100,
10:08:51,45,300,
10:08:51,44.99,100,
10:08:51,45,100,
10:08:51,44.99,100,
10:08:51,44.99,100,
10:08:52,44.99,100,
10:08:55,45,100,
10:08:56,44.99,800,
10:08:59,45.06,100,
10:08:59,45.07,400,
10:09:00,45.05,100,
10:09:00,45.05,200,
10:09:00,45.09,200,
10:09:00,45.05,400,
10:09:00,45.05,300,
10:09:01,45.07,800,
10:09:05,45.0791,300,
10:09:06,45.08,140,
10:09:06,45.0895,1000,
10:09:07,45.08,100,
10:09:14,45.0101,1500,
10:09:17,45.04,120,
10:09:17,45.05,100,
10:09:17,45.04,100,
10:09:17,45.06,140,
10:09:17,45.07,100,
10:09:17,45.08,100,
10:09:17,45.08,100,
10:09:17,45.08,100,
10:09:19,45.08,100,
10:09:19,45.09,209,
10:09:19,45.09,800,
10:09:20,45.0945,800,
10:09:21,45.05,100,
10:09:21,45.13,400,
10:09:21,45.13,100,
10:09:21,45.11,100,
10:09:22,45.13,100,
10:09:22,45.1101,800,
10:09:24,45.13,200,
10:09:24,45.10,139,
10:09:24,45.10,400,
10:09:24,45.09,100,
10:09:24,45.09,300,
10:09:24,45.09,140,
10:09:24,45.09,100,
10:09:24,45.09,100,
10:09:24,45.08,300,
10:09:24,45.08,140,
10:09:24,45.07,300,
10:09:24,45.07,140,
10:09:24,45.07,200,
10:09:24,45.05,300,
10:09:24,45.06,300,
10:09:24,45.09,100,
10:09:24,44.99,100,
10:09:24,45.02,300,
10:09:24,45.02,100,
10:09:24,45.02,100,
10:09:24,45.02,200,
10:09:25,45.02,100,
10:09:25,44.98,100,
10:09:25,44.96,100,
10:09:25,45,140,
10:09:25,45,100,
10:09:25,45.02,247,
10:09:26,45.03,400,
10:09:26,45.03,240,
10:09:26,45.04,100,
10:09:26,45.05,240,
10:09:26,45.05,400,
10:09:26,45.04,400,
10:09:26,45.09,100,
10:09:26,45.06,100,
10:09:29,45.05,100,
10:09:31,45.06,100,
10:09:31,45.04,240,
10:09:31,45.0599,200,
10:09:31,45.0599,200,
10:09:31,45.07,400,
10:09:31,45.07,200,
10:09:31,45.07,100,
10:09:31,45.07,200,
10:09:32,45.12,100,
10:09:34,45.12,100,
10:09:34,45.1001,300,
10:09:35,45.07,200,
10:09:37,45.09,100,
10:09:37,45.08,400,
10:09:38,45.12,100,
10:09:39,45.12,400,
10:09:40,45.15,100,
10:09:40,45.15,1000,
10:09:40,45.15,100,
10:09:40,45.15,100,
10:09:40,45.15,100,
10:09:40,45.15,100,
10:09:40,45.17,100,
10:09:40,45.15,100,
10:09:40,45.15,200,
10:09:42,45.12,855,
10:09:44,45.14,300,
10:09:44,45.138,200,
10:09:45,45.139,100,
10:09:45,45.136,800,
10:09:45,45.111,100,
10:09:46,45.15,140,
10:09:46,45.15,200,
10:09:46,45.15,200,
10:09:47,45.1248,100,
10:09:47,45.12,100,
10:09:48,45.13,200,
10:09:48,45.13,100,
10:09:49,45.17,220,
10:09:49,45.17,100,
10:09:51,45.25,100,
10:09:52,45.23,300,
10:09:52,45.23,240,
10:09:52,45.23,200,
10:09:52,45.21,200,
10:09:52,45.21,160,
10:09:52,45.21,200,
10:09:54,45.222,500,
10:09:54,45.25,580,
10:09:54,45.25,100,
10:09:54,45.25,1000,
10:09:54,45.25,950,
10:09:54,45.25,100,
10:09:56,45.25,200,
10:09:56,45.25,253,
10:09:56,45.25,100,
10:09:56,45.26,100,
10:09:56,45.2306,1000,
10:09:58,45.2305,1000,
10:09:58,45.23,240,
10:09:58,45.23,400,
10:09:58,45.2369,140,
10:09:58,45.2368,300,
10:09:58,45.2369,100,
10:09:58,45.2499,100,
10:09:59,45.24,100,
10:09:59,45.24,100,
10:09:59,45.24,100,
10:09:59,45.28,100,
10:10:01,45.23,200,
10:10:02,45.25,100,
10:10:02,45.26,100,
10:10:03,45.2999,950,
10:10:04,45.28,100,
10:10:05,45.30,179,
10:10:06,45.27,500,
10:10:06,45.27,100,
10:10:08,45.272,100,
10:10:09,45.261,100,
10:10:09,45.261,100,
10:10:09,45.26,300,
10:10:09,45.26,140,
10:10:09,45.262,240,
10:10:09,45.262,220,
10:10:10,45.268,500,
10:10:12,45.28,200,
10:10:13,45.27,500,
10:10:13,45.27,300,
10:10:13,45.27,240,
10:10:13,45.26,100,
10:10:13,45.26,160,
10:10:13,45.26,100,
10:10:13,45.26,100,
10:10:13,45.26,100,
10:10:14,45.23,100,
10:10:14,45.23,100,
10:10:14,45.21,100,
10:10:14,45.21,400,
10:10:14,45.21,700,
10:10:14,45.21,100,
10:10:15,45.2252,100,
10:10:15,45.27,250,
10:10:21,45.196,2000,
10:10:23,45.1886,300,
10:10:23,45.1886,100,
10:10:23,45.19,100,
10:10:23,45.1886,200,
10:10:23,45.1886,100,
10:10:23,45.19,200,
10:10:24,45.1602,500,
10:10:25,45.16,100,
10:10:27,45.18,100,
10:10:29,45.1993,300,
10:10:29,45.17,140,
10:10:30,45.14,900,
10:10:33,45.1399,200,
10:10:34,45.11,1200,
10:10:34,45.1275,100,
10:10:35,45.1212,200,
10:10:40,45.0701,100,
10:10:41,45.09,100,
10:10:41,45.095,200,
10:10:42,45.07,221,
10:10:44,45.06,1000,
10:10:45,45.092,500,
10:10:50,45.06,140,
10:10:50,45.0599,100,
10:10:50,45.0599,140,
10:10:50,45.0599,100,
10:10:51,45.06,800,
10:10:51,45.0599,800,
10:10:51,45.0599,100,
10:10:51,45.0599,800,
10:10:52,45.02,400,
10:10:52,45.03,140,
10:10:52,45.03,400,
10:10:52,45.03,100,
10:10:52,45.02,100,
10:10:52,45.03,200,
10:10:52,45.02,1600,
10:10:52,45.03,100,
10:10:52,45.05,100,
10:10:53,45.0686,100,
10:10:53,45.07,100,
10:10:55,45.03,100,
10:10:55,45.048,100,
10:11:01,45.01,100,
10:11:01,44.98,100,
10:11:01,44.97,100,
10:11:01,44.97,203,
10:11:01,44.94,294,
10:11:01,44.96,100,
10:11:01,45,1570,
10:11:01,45,100,
10:11:01,45,130,
10:11:02,44.94,106,
10:11:02,44.97,100,
10:11:03,44.97,200,
10:11:03,44.968,800,
10:11:08,44.9407,300,
10:11:12,44.9699,100,
10:11:16,44.9799,300,
10:11:16,44.98,1400,
10:11:19,44.96,100,
10:11:19,44.98,100,
10:11:22,44.93,800,
10:11:22,44.93,400,
10:11:22,44.90,100,
10:11:22,44.91,800,
10:11:22,44.91,230,
10:11:22,44.93,500,
10:11:22,44.9195,1000,
10:11:23,44.90,197,
10:11:24,44.90,1000,
10:11:26,44.91,100,
10:11:26,44.92,112,
10:11:27,44.93,200,
10:11:33,45,100,
10:11:33,45,100,
10:11:33,45,200,
10:11:34,45,100,
10:11:34,44.99,200,
10:11:37,45.04,700,
10:11:41,45.0399,100,
10:11:47,44.9899,300,
10:11:56,45.01,100,
10:11:56,45.0096,300,
10:12:00,45.01,100,
10:12:00,45.01,100,
10:12:12,44.95,200,
10:12:12,44.9501,300,
10:12:15,44.95,200,
10:12:31,44.9499,900,
10:12:38,44.93,200,
10:12:39,44.95,100,
10:12:42,44.93,240,
10:12:45,44.93,1000,
10:12:50,44.90,100,
10:12:50,44.90,100,
10:12:50,44.90,100,
10:12:59,44.87,400,
10:13:01,44.85,100,
10:13:01,44.85,100,
10:13:07,44.83,100,
10:13:17,44.91,240,
10:13:17,44.92,100,
10:13:17,44.94,100,
10:13:19,44.8805,500,
10:13:21,44.94,100,
10:13:29,44.86,600,
10:13:29,44.87,100,
10:13:29,44.87,100,
10:13:30,44.8582,500,
10:13:36,44.86,400,
10:13:41,44.83,100,
10:13:42,44.82,1000,
10:13:42,44.82,400,
10:13:43,44.838,300,
10:13:43,44.838,200,
10:13:43,44.838,100,
10:13:43,44.84,400,
10:13:43,44.84,200,
10:13:43,44.838,200,
10:13:43,44.838,400,
10:13:46,44.838,300,
10:13:46,44.84,100,
10:13:46,44.84,100,
10:13:49,44.81,400,
10:13:49,44.80,300,
10:13:49,44.80,2500,
10:13:50,44.80,100,
10:13:50,44.78,100,
10:13:50,44.78,300,
10:13:50,44.78,100,
10:13:50,44.80,310,
10:13:51,44.7501,100,
10:13:53,44.79,300,
10:13:54,44.799,100,
10:13:58,44.782,1000,
10:14:00,44.79,100,
10:14:00,44.79,100,
10:14:00,44.79,100,
10:14:01,44.79,100,
10:14:01,44.79,100,
10:14:01,44.79,100,
10:14:01,44.79,100,
10:14:01,44.79,100,
10:14:01,44.79,100,
10:14:01,44.79,100,
10:14:01,44.79,100,
10:14:10,44.86,100,
10:14:10,44.872,2700,
10:14:29,44.8388,100,
10:14:31,44.83,100,
10:14:31,44.82,100,
10:14:32,44.8118,500,
10:14:38,44.7999,200,
10:14:38,44.80,100,
10:14:40,44.77,300,
10:14:40,44.76,400,
10:14:40,44.75,100,
10:14:40,44.75,100,
10:14:40,44.77,1300,
10:14:40,44.77,100,
10:14:40,44.77,100,
10:14:42,44.75,400,
10:14:42,44.77,100,
10:14:42,44.7699,180,
10:14:42,44.77,100,
10:14:42,44.77,100,
10:14:42,44.7591,165,
10:14:47,44.754,820,
10:14:49,44.72,100,
10:14:49,44.71,100,
10:14:49,44.72,300,
10:14:51,44.75,100,
10:14:51,44.75,300,
10:14:54,44.759,130,
10:14:56,44.702,500,
10:14:58,44.73,400,
10:14:59,44.7399,300,
10:14:59,44.75,100,
10:15:01,44.72,100,
10:15:01,44.72,100,
10:15:01,44.72,100,
10:15:01,44.72,100,
10:15:04,44.7299,100,
10:15:04,44.73,100,
10:15:08,44.75,100,
10:15:08,44.75,100,
10:15:11,44.8352,300,
10:15:17,44.7801,260,
10:15:25,44.804,300,
10:15:30,44.7632,400,
10:15:33,44.7899,4350,
10:15:35,44.768,100,
10:15:35,44.77,100,
10:15:39,44.77,800,
10:15:39,44.78,160,
10:15:42,44.7786,100,
10:15:42,44.78,100,
10:15:45,44.77,300,
10:15:45,44.76,700,
10:15:45,44.76,500,
10:15:46,44.79,100,
10:15:46,44.79,400,
10:15:46,44.79,100,
10:15:46,44.79,100,
10:15:46,44.79,100,
10:15:46,44.79,100,
10:15:46,44.79,100,
10:15:46,44.791,100,
10:15:47,44.79,100,
10:15:50,44.82,100,
10:15:53,44.8168,100,
10:15:56,44.8299,200,
10:16:01,44.7995,1000,
10:16:04,44.7849,100,
10:16:08,44.78,400,
10:16:09,44.79,100,
10:16:12,44.75,140,
10:16:12,44.75,100,
10:16:16,44.74,300,
10:16:17,44.7295,800,
10:16:17,44.732,500,
10:16:18,44.7387,400,
10:16:20,44.75,100,
10:16:20,44.75,100,
10:16:24,44.7301,300,
10:16:24,44.77,200,
10:16:24,44.77,300,
10:16:29,44.7799,2024,
10:16:30,44.789,100,
10:16:31,44.82,100,
10:16:31,44.82,100,
10:16:39,44.82,100,
10:16:42,44.83,100,
10:16:42,44.83,100,
10:16:42,44.8299,100,
10:16:42,44.8299,100,
10:16:42,44.83,100,
10:16:42,44.83,100,
10:16:47,44.8301,1000,
10:16:50,44.85,104,
10:16:51,44.878,500,
10:16:55,44.874,900,
10:16:58,44.8759,1000,
10:16:59,44.88,200,
10:16:59,44.88,700,
10:16:59,44.88,200,
10:16:59,44.88,200,
10:17:00,44.879,100,
10:17:01,44.88,300,
10:17:01,44.878,100,
10:17:01,44.878,100,
10:17:01,44.87,400,
10:17:01,44.87,200,
10:17:03,44.8688,400,
10:17:04,44.851,677,
10:17:06,44.8645,1000,
10:17:12,44.85,100,
10:17:12,44.85,100,
10:17:12,44.83,100,
10:17:12,44.85,100,
10:17:14,44.81,100,
10:17:14,44.83,300,
10:17:14,44.83,300,
10:17:21,44.80,140,
10:17:23,44.78,100,
10:17:23,44.79,200,
10:17:31,44.75,250,
10:17:36,44.73,100,
10:17:36,44.73,400,
10:17:37,44.73,100,
10:17:37,44.73,100,
10:17:37,44.73,100,
10:17:37,44.7299,100,
10:17:37,44.729,100,
10:17:38,44.70,100,
10:17:38,44.70,200,
10:17:38,44.70,100,
10:17:40,44.70,100,
10:17:40,44.70,200,
10:17:40,44.70,100,
10:17:40,44.70,150,
10:17:40,44.69,100,
10:17:40,44.69,100,
10:17:40,44.6899,300,
10:17:40,44.6899,100,
10:17:40,44.69,100,
10:17:40,44.69,300,
10:17:40,44.6899,200,
10:17:40,44.6899,300,
10:17:40,44.6899,300,
10:17:40,44.6899,300,
10:17:41,44.69,100,
10:17:44,44.69,100,
10:17:44,44.69,400,
10:17:47,44.69,100,
10:17:47,44.69,200,
10:17:47,44.69,600,
10:17:47,44.69,100,
10:17:47,44.6899,300,
10:17:47,44.6899,100,
10:17:49,44.67,200,
10:17:50,44.65,100,
10:17:51,44.66,100,
10:17:52,44.63,100,
10:17:52,44.63,400,
10:17:52,44.63,100,
10:17:52,44.63,100,
10:17:52,44.64,200,
10:17:52,44.64,200,
10:17:52,44.64,300,
10:17:52,44.63,100,
10:17:52,44.63,100,
10:17:52,44.63,100,
10:17:52,44.63,100,
10:17:52,44.62,100,
10:17:52,44.62,200,
10:17:53,44.62,100,
10:17:55,44.62,100,
10:17:56,44.63,200,
10:17:56,44.63,100,
10:17:57,44.66,100,
10:17:57,44.66,200,
10:17:57,44.68,100,
10:17:57,44.68,200,
10:18:01,44.661,500,
10:18:01,44.69,200,
10:18:02,44.71,200,
10:18:02,44.69,400,
10:18:02,44.67,100,
10:18:04,44.6699,700,
10:18:04,44.67,200,
10:18:04,44.669,100,
10:18:07,44.6658,100,
10:18:10,44.70,100,
10:18:10,44.70,100,
10:18:14,44.6893,200,
10:18:16,44.72,200,
10:18:19,44.67,500,
10:18:19,44.66,100,
10:18:19,44.66,236,
10:18:19,44.65,100,
10:18:19,44.66,100,
10:18:19,44.66,100,
10:18:19,44.66,100,
10:18:19,44.67,100,
10:18:20,44.67,300,
10:18:20,44.65,100,
10:18:20,44.63,100,
10:18:24,44.6386,400,
10:18:28,44.634,800,
10:18:33,44.6392,500,
10:18:40,44.62,400,
10:18:40,44.61,200,
10:18:40,44.62,100,
10:18:40,44.62,100,
10:18:40,44.60,200,
10:18:40,44.62,600,
10:18:40,44.60,100,
10:18:40,44.60,100,
10:18:40,44.60,100,
10:18:40,44.60,100,
10:18:40,44.60,100,
10:18:40,44.58,197,
10:18:40,44.58,100,
10:18:40,44.58,100,
10:18:40,44.58,898,
10:18:40,44.59,100,
10:18:40,44.59,100,
10:18:40,44.59,500,
10:18:40,44.59,100,
10:18:40,44.58,100,
10:18:40,44.57,300,
10:18:41,44.60,400,
10:18:43,44.62,400,
10:18:44,44.57,200,
10:18:52,44.5873,1300,
10:18:52,44.56,100,
10:18:52,44.59,140,
10:18:52,44.60,200,
10:18:53,44.61,100,
10:18:53,44.58,100,
10:18:53,44.61,100,
10:18:53,44.5973,100,
10:18:53,44.6019,100,
10:18:53,44.6019,100,
10:18:53,44.61,100,
10:18:54,44.58,100,
10:18:54,44.58,100,
10:18:54,44.60,600,
10:18:54,44.60,140,
10:18:58,44.62,100,
10:18:58,44.62,100,
10:19:00,44.64,100,
10:19:01,44.64,140,
10:19:01,44.64,100,
10:19:01,44.6201,3300,
10:19:01,44.65,400,
10:19:01,44.65,1100,
10:19:03,44.6388,200,
10:19:08,44.6101,1000,
10:19:15,44.65,1000,
10:19:19,44.6599,500,
10:19:19,44.64,100,
10:19:19,44.64,100,
10:19:20,44.64,100,
10:19:28,44.66,100,
10:19:28,44.66,100,
10:19:29,44.66,100,
10:19:30,44.66,100,
10:19:31,44.64,100,
10:19:31,44.61,2800,
10:19:33,44.66,100,
10:19:40,44.65,600,
10:19:42,44.692,300,
10:19:42,44.692,230,
10:19:52,44.6794,400,
10:19:53,44.61,100,
10:19:53,44.63,200,
10:19:56,44.638,300,
10:19:57,44.64,140,
10:20:02,44.6442,100,
10:20:04,44.6399,200,
10:20:11,44.62,200,
10:20:11,44.60,100,
10:20:11,44.59,100,
10:20:11,44.59,100,
10:20:11,44.59,100,
10:20:11,44.58,297,
10:20:11,44.57,400,
10:20:13,44.59,200,
10:20:14,44.62,300,
10:20:14,44.62,140,
10:20:14,44.61,100,
10:20:16,44.59,200,
10:20:16,44.58,300,
10:20:16,44.59,140,
10:20:16,44.61,300,
10:20:16,44.58,100,
10:20:17,44.61,350,
10:20:18,44.62,800,
10:20:18,44.64,100,
10:20:18,44.64,100,
10:20:20,44.60,100,
10:20:23,44.6175,2000,
10:20:25,44.63,1100,
10:20:25,44.64,100,
10:20:25,44.65,200,
10:20:25,44.65,100,
10:20:25,44.63,100,
10:20:29,44.638,300,
10:20:33,44.61,300,
10:20:33,44.61,100,
10:20:33,44.61,100,
10:20:33,44.60,100,
10:20:37,44.57,100,
10:20:37,44.55,100,
10:20:37,44.55,300,
10:20:37,44.54,100,
10:20:37,44.55,300,
10:20:37,44.55,100,
10:20:37,44.53,398,
10:20:37,44.53,100,
10:20:37,44.55,200,
10:20:37,44.53,100,
10:20:37,44.54,100,
10:20:37,44.53,500,
10:20:37,44.53,100,
10:20:37,44.5299,200,
10:20:39,44.53,600,
10:20:39,44.532,800,
10:20:39,44.53,100,
10:20:39,44.53,200,
10:20:39,44.52,300,
10:20:40,44.52,138,
10:20:40,44.51,200,
10:20:40,44.51,400,
10:20:41,44.51,100,
10:20:42,44.5101,700,
10:20:42,44.50,500,
10:20:42,44.50,400,
10:20:42,44.50,700,
10:20:42,44.50,150,
10:20:42,44.50,300,
10:20:42,44.50,400,
10:20:42,44.50,300,
10:20:42,44.50,400,
10:20:42,44.50,400,
10:20:43,44.50,100,
10:20:43,44.50,700,
10:20:43,44.50,300,
10:20:43,44.50,100,
10:20:43,44.50,700,
10:20:43,44.50,700,
10:20:43,44.50,200,
10:20:43,44.50,400,
10:20:43,44.50,200,
10:20:43,44.50,100,
10:20:43,44.50,200,
10:20:43,44.50,500,
10:20:43,44.50,300,
10:20:43,44.50,100,
10:20:43,44.50,400,
10:20:43,44.50,100,
10:20:43,44.50,300,
10:20:43,44.50,400,
10:20:43,44.50,1100,
10:20:43,44.50,300,
10:20:43,44.50,400,
10:20:43,44.50,100,
10:20:43,44.50,300,
10:20:43,44.50,100,
10:20:43,44.50,982,
10:20:43,44.50,100,
10:20:43,44.50,1100,
10:20:43,44.50,186,
10:20:43,44.50,100,
10:20:43,44.50,432,
10:20:43,44.51,200,
10:20:43,44.51,100,
10:20:43,44.5019,432,
10:20:43,44.50,200,
10:20:43,44.50,100,
10:20:43,44.50,1900,
10:20:44,44.48,180,
10:20:44,44.48,100,
10:20:44,44.48,120,
10:20:46,44.47,140,
10:20:47,44.49,100,
10:20:47,44.4701,500,
10:20:47,44.47,2000,
10:20:47,44.47,2500,
10:20:48,44.46,200,
10:20:48,44.47,160,
10:20:49,44.47,100,
10:20:49,44.47,400,
10:20:51,44.5099,200,
10:20:54,44.51,300,
10:20:54,44.52,300,
10:20:54,44.51,100,
10:20:55,44.52,300,
10:21:00,44.5199,100,
10:21:01,44.5099,500,
10:21:04,44.47,100,
10:21:07,44.47,100,
10:21:10,44.471,100,
10:21:13,44.48,100,
10:21:13,44.48,100,
10:21:13,44.46,100,
10:21:13,44.46,100,
10:21:13,44.46,240,
10:21:15,44.458,100,
10:21:17,44.4513,700,
10:21:18,44.48,100,
10:21:18,44.48,100,
10:21:19,44.48,100,
10:21:19,44.50,140,
10:21:20,44.487,300,
10:21:23,44.48,200,
10:21:29,44.5101,900,
10:21:31,44.4899,800,
10:21:43,44.534,950,
10:21:46,44.56,500,
10:21:46,44.56,100,
10:21:46,44.56,100,
10:21:51,44.529,300,
10:21:51,44.53,100,
10:21:52,44.53,200,
10:21:52,44.53,100,
10:21:56,44.5001,100,
10:21:56,44.50,100,
10:22:00,44.5093,100,
10:22:16,44.55,200,
10:22:18,44.56,100,
10:22:18,44.56,100,
10:22:18,44.56,100,
10:22:21,44.5312,100,
10:22:22,44.548,300,
10:22:23,44.51,200,
10:22:23,44.51,100,
10:22:26,44.52,200,
10:22:27,44.55,100,
10:22:28,44.56,100,
10:22:28,44.5599,300,
10:22:29,44.5409,300,
10:22:29,44.56,100,
10:22:31,44.57,100,
10:22:37,44.548,700,
10:22:38,44.5599,700,
10:22:39,44.5599,130,
10:22:39,44.5599,100,
10:22:39,44.5599,300,
10:22:39,44.5599,300,
10:22:41,44.5797,500,
10:22:41,44.58,229,
10:22:41,44.57,100,
10:22:43,44.5995,1300,
10:22:43,44.55,2200,
10:22:44,44.5718,1000,
10:22:45,44.58,200,
10:22:46,44.594,1000,
10:22:53,44.57,100,
10:22:54,44.559,300,
10:22:54,44.559,400,
10:22:55,44.551,100,
10:22:55,44.56,200,
10:22:55,44.569,600,
10:22:55,44.569,700,
10:22:57,44.5695,1000,
10:22:58,44.559,200,
10:22:58,44.57,291,
10:22:58,44.57,200,
10:22:58,44.57,100,
10:22:58,44.57,200,
10:22:58,44.57,100,
10:22:58,44.57,300,
10:22:59,44.58,200,
10:22:59,44.58,100,
10:22:59,44.55,300,
10:22:59,44.55,100,
10:22:59,44.58,2900,
10:23:01,44.52,136,
10:23:01,44.52,264,
10:23:01,44.50,300,
10:23:01,44.50,100,
10:23:01,44.50,100,
10:23:01,44.49,200,
10:23:01,44.52,100,
10:23:01,44.50,400,
10:23:01,44.50,100,
10:23:04,44.54,100,
10:23:04,44.51,100,
10:23:06,44.52,100,
10:23:06,44.52,100,
10:23:06,44.5471,250,
10:23:13,44.52,140,
10:23:13,44.53,100,
10:23:14,44.52,100,
10:23:14,44.52,140,
10:23:14,44.52,100,
10:23:20,44.5601,200,
10:23:26,44.556,500,
10:23:28,44.58,200,
10:23:30,44.61,100,
10:23:30,44.609,100,
10:23:30,44.59,200,
10:23:31,44.60,100,
10:23:32,44.61,320,
10:23:35,44.591,775,
10:23:37,44.62,900,
10:23:38,44.6353,700,
10:23:39,44.62,500,
10:23:44,44.62,100,
10:23:44,44.6101,1300,
10:23:51,44.639,100,
10:23:51,44.62,300,
10:23:54,44.65,100,
10:23:54,44.65,400,
10:23:55,44.634,1000,
10:23:57,44.61,250,
10:23:57,44.62,500,
10:23:58,44.59,1600,
10:24:06,44.65,140,
10:24:06,44.6499,100,
10:24:06,44.6499,140,
10:24:07,44.64,490,
10:24:07,44.64,300,
10:24:18,44.6395,500,
10:24:26,44.63,220,
10:24:28,44.63,400,
10:24:28,44.6299,100,
10:24:28,44.6299,130,
10:24:37,44.6001,200,
10:24:44,44.5907,200,
10:24:50,44.6295,1000,
10:24:55,44.58,100,
10:25:00,44.57,100,
10:25:00,44.57,100,
10:25:06,44.55,100,
10:25:06,44.55,100,
10:25:07,44.56,479,
10:25:07,44.54,100,
10:25:07,44.56,100,
10:25:07,44.56,300,
10:25:11,44.55,100,
10:25:13,44.5599,200,
10:25:25,44.512,210,
10:25:26,44.54,300,
10:25:26,44.5399,1600,
10:25:32,44.53,300,
10:25:33,44.54,100,
10:25:33,44.54,200,
10:25:36,44.564,500,
10:25:39,44.51,600,
10:25:39,44.51,100,
10:25:41,44.51,900,
10:25:41,44.51,900,
10:25:43,44.50,200,
10:25:44,44.50,100,
10:25:52,44.51,100,
10:25:54,44.51,100,
10:25:59,44.51,200,
10:25:59,44.51,200,
10:25:59,44.51,200,
10:26:03,44.5201,200,
10:26:04,44.5293,100,
10:26:09,44.55,200,
10:26:10,44.5499,100,
10:26:23,44.58,100,
10:26:23,44.58,100,
10:26:25,44.5607,150,
10:26:28,44.58,100,
10:26:30,44.60,100,
10:26:32,44.5797,2000,
10:26:38,44.58,200,
10:26:42,44.54,200,
10:26:46,44.54,400,
10:26:48,44.50,159,
10:26:50,44.51,300,
10:26:50,44.51,100,
10:26:50,44.51,100,
10:26:50,44.51,100,
10:26:50,44.51,300,
10:26:50,44.51,300,
10:26:50,44.51,600,
10:26:50,44.51,200,
10:26:50,44.51,200,
10:26:50,44.50,100,
10:26:51,44.52,300,
10:26:51,44.52,100,
10:26:56,44.519,1000,
10:26:57,44.5101,200,
10:26:59,44.51,300,
10:26:59,44.53,300,
10:27:11,44.5001,270,
10:27:20,44.50,200,
10:27:31,44.50,100,
10:27:31,44.50,100,
10:27:31,44.50,100,
10:27:35,44.50,300,
10:27:35,44.50,300,
10:27:35,44.50,100,
10:27:35,44.50,300,
10:27:36,44.50,300,
10:27:36,44.50,300,
10:27:36,44.50,300,
10:27:36,44.50,300,
10:27:36,44.50,300,
10:27:36,44.50,200,
10:27:36,44.50,300,
10:27:36,44.50,300,
10:27:36,44.50,300,
10:27:36,44.50,300,
10:27:36,44.50,300,
10:27:36,44.50,300,
10:27:36,44.50,300,
10:27:36,44.50,300,
10:27:36,44.50,300,
10:27:36,44.50,200,
10:27:36,44.50,100,
10:27:36,44.50,200,
10:27:36,44.50,100,
10:27:36,44.50,300,
10:27:36,44.50,800,
10:27:36,44.50,200,
10:27:36,44.50,200,
10:27:36,44.50,400,
10:27:36,44.50,100,
10:27:36,44.50,100,
10:27:36,44.50,100,
10:27:36,44.50,900,
10:27:36,44.50,900,
10:27:36,44.50,100,
10:27:36,44.50,200,
10:27:37,44.50,200,
10:27:37,44.50,200,
10:27:37,44.50,100,
10:27:37,44.50,200,
10:27:37,44.48,140,
10:27:37,44.48,200,
10:27:37,44.47,100,
10:27:37,44.47,100,
10:27:37,44.47,100,
10:27:37,44.47,100,
10:27:37,44.47,100,
10:27:37,44.47,300,
10:27:37,44.46,300,
10:27:37,44.45,396,
10:27:37,44.47,300,
10:27:37,44.46,300,
10:27:37,44.46,100,
10:27:37,44.46,300,
10:27:37,44.47,400,
10:27:37,44.45,100,
10:27:37,44.46,100,
10:27:38,44.50,200,
10:27:39,44.47,100,
10:27:39,44.43,300,
10:27:39,44.43,100,
10:27:39,44.42,100,
10:27:39,44.42,100,
10:27:40,44.4229,125,
10:27:40,44.43,300,
10:27:43,44.42,200,
10:27:44,44.411,100,
10:27:44,44.42,100,
10:27:44,44.42,300,
10:27:47,44.41,200,
10:27:47,44.42,100,
10:27:47,44.43,140,
10:27:47,44.43,100,
10:27:48,44.40,100,
10:27:48,44.40,100,
10:27:49,44.41,300,
10:27:51,44.42,100,
10:27:51,44.42,500,
10:27:51,44.43,200,
10:27:56,44.41,2500,
10:27:59,44.40,100,
10:27:59,44.426,900,
10:28:00,44.40,100,
10:28:01,44.4045,500,
10:28:02,44.41,300,
10:28:02,44.41,140,
10:28:02,44.41,200,
10:28:02,44.41,150,
10:28:03,44.42,200,
10:28:03,44.4199,700,
10:28:07,44.42,100,
10:28:07,44.40,200,
10:28:08,44.395,300,
10:28:08,44.381,800,
10:28:09,44.4099,500,
10:28:11,44.38,100,
10:28:11,44.38,800,
10:28:12,44.38,100,
10:28:12,44.38,100,
10:28:12,44.38,572,
10:28:12,44.38,100,
10:28:14,44.3771,150,
10:28:16,44.39,630,
10:28:16,44.39,300,
10:28:16,44.39,2000,
10:28:16,44.39,400,
10:28:17,44.40,300,
10:28:17,44.40,700,
10:28:18,44.41,520,
10:28:18,44.39,400,
10:28:19,44.39,300,
10:28:19,44.3899,400,
10:28:19,44.39,223,
10:28:19,44.39,300,
10:28:19,44.39,223,
10:28:19,44.39,100,
10:28:19,44.38,100,
10:28:21,44.41,200,
10:28:21,44.41,100,
10:28:21,44.41,100,
10:28:21,44.4099,100,
10:28:21,44.4099,200,
10:28:21,44.4099,100,
10:28:25,44.39,400,
10:28:27,44.423,100,
10:28:29,44.43,200,
10:28:35,44.418,300,
10:28:35,44.418,100,
10:28:35,44.42,100,
10:28:37,44.40,100,
10:28:38,44.41,300,
10:28:38,44.41,200,
10:28:38,44.41,100,
10:28:38,44.4099,100,
10:28:38,44.4099,200,
10:28:38,44.4099,200,
10:28:38,44.4099,300,
10:28:38,44.41,300,
10:28:38,44.41,300,
10:28:41,44.40,100,
10:28:42,44.4212,200,
10:28:45,44.40,100,
10:28:45,44.4142,250,
10:28:45,44.4008,500,
10:28:49,44.40,100,
10:28:50,44.43,300,
10:28:53,44.4309,550,
10:28:56,44.432,900,
10:29:05,44.43,300,
10:29:05,44.43,100,
10:29:07,44.4499,500,
10:29:10,44.4499,500,
10:29:11,44.44,100,
10:29:11,44.44,100,
10:29:13,44.42,100,
10:29:13,44.42,100,
10:29:13,44.42,100,
10:29:14,44.42,300,
10:29:14,44.41,300,
10:29:14,44.419,200,
10:29:14,44.418,600,
10:29:15,44.41,300,
10:29:16,44.41,200,
10:29:16,44.41,800,
10:29:16,44.41,100,
10:29:16,44.41,400,
10:29:16,44.41,400,
10:29:16,44.40,100,
10:29:16,44.41,700,
10:29:16,44.41,200,
10:29:16,44.41,400,
10:29:16,44.40,200,
10:29:16,44.41,300,
10:29:16,44.41,300,
10:29:16,44.41,300,
10:29:16,44.41,300,
10:29:16,44.41,300,
10:29:16,44.41,300,
10:29:16,44.41,300,
10:29:16,44.41,300,
10:29:16,44.41,300,
10:29:16,44.41,300,
10:29:16,44.41,300,
10:29:16,44.41,300,
10:29:16,44.41,300,
10:29:16,44.41,300,
10:29:16,44.41,300,
10:29:16,44.41,300,
10:29:16,44.41,300,
10:29:16,44.41,300,
10:29:16,44.41,300,
10:29:16,44.41,300,
10:29:16,44.41,100,
10:29:16,44.41,276,
10:29:16,44.41,400,
10:29:17,44.399,100,
10:29:24,44.38,150,
10:29:24,44.37,2000,
10:29:25,44.361,100,
10:29:26,44.362,800,
10:29:30,44.3691,170,
10:29:31,44.37,200,
10:29:31,44.36,100,
10:29:31,44.36,100,
10:29:31,44.37,100,
10:29:31,44.36,300,
10:29:31,44.37,400,
10:29:31,44.362,200,
10:29:32,44.35,1150,
10:29:32,44.33,4300,
10:29:33,44.34,950,
10:29:33,44.3599,1900,
10:29:36,44.3502,200,
10:29:37,44.38,700,
10:29:37,44.38,200,
10:29:38,44.39,140,
10:29:38,44.38,300,
10:29:38,44.36,200,
10:29:39,44.3799,1589,
10:29:41,44.35,100,
10:29:44,44.3799,100,
10:29:46,44.378,900,
10:29:54,44.36,700,
10:29:54,44.36,500,
10:29:55,44.35,100,
10:29:55,44.35,100,
10:29:56,44.3712,450,
10:29:59,44.38,300,
10:29:59,44.39,700,
10:30:01,44.37,300,
10:30:01,44.37,500,
10:30:01,44.37,700,
10:30:01,44.37,400,
10:30:01,44.37,300,
10:30:01,44.37,100,
10:30:01,44.37,300,
10:30:01,44.37,300,
10:30:01,44.3399,290,
10:30:02,44.33,700,
10:30:03,44.35,100,
10:30:05,44.34,100,
10:30:09,44.32,100,
10:30:09,44.31,250,
10:30:09,44.32,571,
10:30:09,44.32,100,
10:30:09,44.32,300,
10:30:09,44.32,100,
10:30:09,44.32,100,
10:30:10,44.305,500,
10:30:11,44.30,1600,
10:30:13,44.3099,230,
10:30:14,44.3075,1300,
10:30:15,44.30,300,
10:30:16,44.2998,500,
10:30:17,44.29,200,
10:30:17,44.26,400,
10:30:17,44.25,150,
10:30:17,44.28,100,
10:30:17,44.28,100,
10:30:18,44.26,275,
10:30:21,44.25,100,
10:30:21,44.25,100,
10:30:22,44.24,200,
10:30:23,44.22,150,
10:30:23,44.22,7048,
10:30:24,44.25,200,
10:30:24,44.2386,100,
10:30:24,44.2386,100,
10:30:24,44.24,192,
10:30:24,44.24,100,
10:30:26,44.249,1000,
10:30:26,44.25,400,
10:30:26,44.25,200,
10:30:27,44.25,300,
10:30:30,44.25,100,
10:30:31,44.27,300,
10:30:31,44.26,100,
10:30:35,44.25,300,
10:30:37,44.23,700,
10:30:39,44.28,300,
10:30:39,44.29,100,
10:30:41,44.29,100,
10:30:41,44.29,200,
10:30:41,44.30,300,
10:30:41,44.30,200,
10:30:41,44.30,196,
10:30:41,44.27,100,
10:30:41,44.309,400,
10:30:41,44.30,100,
10:30:41,44.30,100,
10:30:44,44.31,500,
10:30:46,44.30,160,
10:30:46,44.30,100,
10:30:46,44.30,400,
10:30:46,44.30,100,
10:30:46,44.30,100,
10:30:49,44.39,100,
10:30:50,44.39,140,
10:30:53,44.37,100,
10:30:55,44.38,200,
10:30:55,44.38,400,
10:30:56,44.38,300,
10:30:59,44.3699,500,
10:31:01,44.35,100,
10:31:04,44.3201,300,
10:31:04,44.3201,200,
10:31:04,44.3201,200,
10:31:04,44.3201,100,
10:31:04,44.3201,100,
10:31:04,44.32,100,
10:31:04,44.35,400,
10:31:04,44.35,8500,
10:31:06,44.35,100,
10:31:10,44.35,100,
10:31:10,44.35,100,
10:31:10,44.35,100,
10:31:12,44.359,400,
10:31:14,44.358,400,
10:31:16,44.3599,300,
10:31:18,44.36,100,
10:31:18,44.36,100,
10:31:22,44.40,100,
10:31:25,44.3801,100,
10:31:25,44.38,100,
10:31:32,44.40,500,
10:31:32,44.40,100,
10:31:35,44.4001,700,
10:31:37,44.4299,200,
10:31:48,44.4298,100,
10:31:49,44.43,100,
10:31:56,44.4292,1000,
10:31:56,44.43,500,
10:31:59,44.44,400,
10:32:02,44.45,100,
10:32:02,44.45,100,
10:32:02,44.45,100,
10:32:02,44.45,100,
10:32:02,44.45,100,
10:32:02,44.4501,100,
10:32:02,44.45,100,
10:32:02,44.4501,100,
10:32:02,44.4501,100,
10:32:02,44.44,250,
10:32:02,44.45,100,
10:32:02,44.45,100,
10:32:12,44.4199,200,
10:32:15,44.38,300,
10:32:18,44.3999,200,
10:32:26,44.40,100,
10:32:30,44.3912,100,
10:32:30,44.40,100,
10:32:32,44.40,700,
10:32:34,44.40,100,
10:32:34,44.40,100,
10:32:35,44.3911,250,
10:32:43,44.40,100,
10:32:47,44.40,100,
10:32:50,44.36,200,
10:32:53,44.36,1200,
10:32:55,44.358,100,
10:32:55,44.33,296,
10:32:55,44.35,100,
10:32:55,44.35,400,
10:32:55,44.35,100,
10:32:55,44.35,315,
10:32:55,44.35,400,
10:32:57,44.35,700,
10:32:57,44.35,185,
10:32:58,44.34,100,
10:32:58,44.34,200,
10:32:58,44.34,400,
10:32:58,44.34,100,
10:32:58,44.34,250,
10:33:00,44.36,100,
10:33:03,44.35,100,
10:33:03,44.34,100,
10:33:03,44.34,100,
10:33:03,44.34,100,
10:33:03,44.34,100,
10:33:06,44.37,3000,
10:33:11,44.36,300,
10:33:11,44.36,100,
10:33:11,44.36,100,
10:33:21,44.3399,700,
10:33:25,44.30,140,
10:33:25,44.30,300,
10:33:25,44.30,100,
10:33:25,44.30,200,
10:33:25,44.28,100,
10:33:25,44.30,200,
10:33:25,44.30,100,
10:33:25,44.30,200,
10:33:25,44.30,100,
10:33:25,44.30,100,
10:33:25,44.30,200,
10:33:25,44.31,100,
10:33:25,44.29,100,
10:33:25,44.30,400,
10:33:25,44.30,200,
10:33:27,44.296,200,
10:33:33,44.25,140,
10:33:33,44.25,400,
10:33:33,44.25,100,
10:33:34,44.25,210,
10:33:40,44.2701,200,
10:33:40,44.30,300,
10:33:41,44.31,100,
10:33:41,44.31,100,
10:33:41,44.30,100,
10:33:41,44.30,100,
10:33:42,44.308,500,
10:33:48,44.3198,700,
10:33:48,44.32,100,
10:33:50,44.30,100,
10:33:55,44.30,300,
10:33:58,44.30,150,
10:33:58,44.294,1000,
10:34:03,44.33,100,
10:34:03,44.33,100,
10:34:03,44.33,100,
10:34:06,44.338,240,
10:34:10,44.3207,110,
10:34:17,44.39,200,
10:34:17,44.3899,200,
10:34:17,44.3899,300,
10:34:17,44.39,300,
10:34:17,44.3899,100,
10:34:19,44.3973,700,
10:34:20,44.40,500,
10:34:20,44.42,100,
10:34:20,44.4142,400,
10:34:20,44.40,100,
10:34:22,44.3842,225,
10:34:35,44.39,100,
10:34:45,44.417,900,
10:34:52,44.43,200,
10:34:57,44.41,284,
10:34:57,44.409,200,
10:34:58,44.41,300,
10:34:59,44.42,100,
10:34:59,44.4173,100,
10:34:59,44.42,100,
10:34:59,44.4173,100,
10:34:59,44.42,100,
10:35:00,44.41,100,
10:35:02,44.4145,600,
10:35:06,44.369,500,
10:35:13,44.40,481,
10:35:14,44.4099,300,
10:35:19,44.39,100,
10:35:20,44.40,700,
10:35:24,44.39,100,
10:35:30,44.42,100,
10:35:31,44.44,100,
10:35:31,44.43,200,
10:35:32,44.4298,300,
10:35:32,44.43,100,
10:35:33,44.43,100,
10:35:33,44.4291,300,
10:35:34,44.44,100,
10:35:34,44.44,600,
10:35:35,44.449,700,
10:35:35,44.449,700,
10:35:36,44.44,100,
10:35:36,44.44,100,
10:35:37,44.44,100,
10:35:37,44.44,100,
10:35:37,44.44,400,
10:35:37,44.44,100,
10:35:44,44.4299,500,
10:35:52,44.409,100,
10:35:55,44.4084,100,
10:35:59,44.41,100,
10:36:00,44.39,500,
10:36:00,44.38,100,
10:36:03,44.3884,100,
10:36:07,44.3899,200,
10:36:15,44.388,100,
10:36:22,44.3891,600,
10:36:22,44.38,100,
10:36:22,44.38,400,
10:36:23,44.37,100,
10:36:23,44.3699,100,
10:36:27,44.3691,600,
10:36:29,44.35,400,
10:36:29,44.35,635,
10:36:29,44.35,200,
10:36:29,44.35,300,
10:36:33,44.31,100,
10:36:34,44.31,200,
10:36:36,44.32,200,
10:36:36,44.31,100,
10:36:38,44.33,100,
10:36:38,44.33,100,
10:36:40,44.3399,1000,
10:36:40,44.34,100,
10:36:42,44.34,100,
10:36:46,44.339,400,
10:36:49,44.3395,1500,
10:36:53,44.30,100,
10:36:53,44.30,100,
10:36:55,44.2973,1200,
10:36:57,44.29,100,
10:36:58,44.30,100,
10:36:58,44.31,400,
10:37:03,44.32,300,
10:37:03,44.3164,1200,
10:37:04,44.3005,1000,
10:37:06,44.31,300,
10:37:09,44.31,100,
10:37:09,44.32,200,
10:37:10,44.3186,200,
10:37:10,44.3186,100,
10:37:10,44.32,100,
10:37:10,44.32,175,
10:37:11,44.3399,240,
10:37:12,44.32,100,
10:37:12,44.31,100,
10:37:13,44.3285,100,
10:37:13,44.329,200,
10:37:15,44.33,900,
10:37:15,44.318,200,
10:37:17,44.32,200,
10:37:17,44.319,288,
10:37:18,44.30,100,
10:37:18,44.30,100,
10:37:18,44.30,300,
10:37:18,44.30,200,
10:37:18,44.30,100,
10:37:18,44.30,200,
10:37:18,44.30,100,
10:37:18,44.30,100,
10:37:18,44.30,100,
10:37:18,44.30,400,
10:37:18,44.30,100,
10:37:18,44.29,140,
10:37:19,44.28,296,
10:37:20,44.30,100,
10:37:21,44.29,100,
10:37:24,44.299,300,
10:37:24,44.299,200,
10:37:25,44.2986,300,
10:37:25,44.2986,100,
10:37:25,44.30,100,
10:37:26,44.2901,300,
10:37:33,44.33,542,
10:37:37,44.339,400,
10:37:37,44.34,100,
10:37:43,44.33,100,
10:37:51,44.3115,100,
10:37:53,44.32,100,
10:37:53,44.32,100,
10:37:53,44.32,100,
10:37:53,44.32,100,
10:37:53,44.32,100,
10:37:53,44.33,300,
10:37:53,44.33,200,
10:37:54,44.31,140,
10:37:54,44.31,100,
10:37:54,44.31,100,
10:37:54,44.31,140,
10:37:54,44.30,100,
10:37:54,44.30,100,
10:37:54,44.31,100,
10:37:54,44.31,100,
10:37:55,44.28,200,
10:37:56,44.26,100,
10:37:56,44.28,100,
10:37:56,44.26,100,
10:37:56,44.26,100,
10:37:56,44.25,100,
10:37:56,44.25,400,
10:37:57,44.26,100,
10:38:00,44.27,200,
10:38:00,44.27,100,
10:38:02,44.27,500,
10:38:02,44.27,100,
10:38:02,44.27,200,
10:38:02,44.27,100,
10:38:02,44.27,300,
10:38:02,44.28,100,
10:38:02,44.2779,100,
10:38:02,44.28,163,
10:38:02,44.2786,100,
10:38:02,44.2787,163,
10:38:04,44.2799,700,
10:38:06,44.28,140,
10:38:20,44.28,700,
10:38:27,44.28,100,
10:38:31,44.2786,500,
10:38:36,44.2787,300,
10:38:38,44.2701,200,
10:38:39,44.27,100,
10:38:42,44.29,100,
10:38:42,44.30,200,
10:38:50,44.277,500,
10:38:58,44.2599,300,
10:39:04,44.25,300,
10:39:04,44.25,100,
10:39:08,44.24,100,
10:39:08,44.25,200,
10:39:08,44.25,200,
10:39:08,44.25,100,
10:39:08,44.25,100,
10:39:08,44.22,100,
10:39:08,44.2399,300,
10:39:09,44.24,100,
10:39:10,44.25,1250,
10:39:12,44.224,700,
10:39:13,44.22,100,
10:39:15,44.2459,600,
10:39:15,44.2255,500,
10:39:17,44.2201,200,
10:39:18,44.20,200,
10:39:20,44.20,400,
10:39:20,44.20,260,
10:39:22,44.21,100,
10:39:22,44.21,100,
10:39:22,44.2099,300,
10:39:22,44.21,700,
10:39:22,44.21,300,
10:39:22,44.21,100,
10:39:22,44.2097,400,
10:39:23,44.20,5000,
10:39:26,44.21,100,
10:39:28,44.21,100,
10:39:28,44.2077,100,
10:39:30,44.21,100,
10:39:30,44.20,200,
10:39:31,44.2001,100,
10:39:31,44.2001,300,
10:39:31,44.2001,500,
10:39:31,44.20,300,
10:39:33,44.2099,100,
10:39:39,44.2001,2300,
10:39:41,44.21,140,
10:39:41,44.21,100,
10:39:41,44.2242,100,
10:39:44,44.2252,300,
10:39:45,44.23,200,
10:39:45,44.23,100,
10:39:46,44.21,400,
10:39:46,44.212,100,
10:39:47,44.212,300,
10:39:47,44.212,100,
10:39:47,44.212,100,
10:39:47,44.21,100,
10:39:47,44.212,100,
10:39:47,44.21,300,
10:39:50,44.2293,112,
10:39:52,44.2101,4700,
10:39:54,44.23,300,
10:39:54,44.23,200,
10:39:54,44.24,300,
10:39:54,44.23,100,
10:39:54,44.25,100,
10:39:54,44.25,200,
10:39:54,44.25,700,
10:40:00,44.26,300,
10:40:00,44.26,700,
10:40:02,44.2587,600,
10:40:05,44.26,100,
10:40:12,44.27,100,
10:40:14,44.28,400,
10:40:14,44.28,100,
10:40:14,44.28,100,
10:40:14,44.28,100,
10:40:14,44.29,100,
10:40:14,44.29,200,
10:40:14,44.29,300,
10:40:14,44.299,1453,
10:40:14,44.299,1500,
10:40:18,44.2995,1000,
10:40:19,44.30,100,
10:40:19,44.2999,100,
10:40:19,44.2999,700,
10:40:19,44.2999,230,
10:40:19,44.2999,300,
10:40:19,44.2999,300,
10:40:19,44.2999,300,
10:40:19,44.2999,300,
10:40:19,44.2999,300,
10:40:20,44.29,100,
10:40:21,44.29,100,
10:40:21,44.299,200,
10:40:21,44.299,200,
10:40:21,44.28,100,
10:40:22,44.28,300,
10:40:22,44.28,100,
10:40:22,44.26,100,
10:40:22,44.296,2300,
10:40:25,44.26,100,
10:40:25,44.2899,300,
10:40:25,44.27,100,
10:40:30,44.2699,4350,
10:40:32,44.2686,1500,
10:40:32,44.2672,300,
10:40:32,44.27,100,
10:40:32,44.27,100,
10:40:32,44.2673,100,
10:40:33,44.269,100,
10:40:33,44.2645,100,
10:40:33,44.27,200,
10:40:33,44.26,100,
10:40:37,44.2684,100,
10:40:41,44.29,100,
10:40:41,44.29,100,
10:40:41,44.29,200,
10:40:41,44.29,100,
10:40:41,44.29,700,
10:40:41,44.28,100,
10:40:41,44.28,200,
10:40:41,44.29,300,
10:40:41,44.29,100,
10:40:41,44.29,100,
10:40:41,44.29,100,
10:40:41,44.28,100,
10:40:41,44.28,100,
10:40:41,44.28,100,
10:40:41,44.28,300,
10:40:42,44.29,700,
10:40:42,44.29,300,
10:40:42,44.29,300,
10:40:42,44.29,300,
10:40:42,44.29,300,
10:40:42,44.28,400,
10:40:42,44.28,300,
10:40:42,44.28,300,
10:40:42,44.28,300,
10:40:42,44.28,300,
10:40:42,44.28,300,
10:40:42,44.27,300,
10:40:44,44.27,300,
10:40:44,44.25,100,
10:40:44,44.26,100,
10:40:44,44.27,100,
10:40:47,44.268,300,
10:40:47,44.27,300,
10:40:48,44.25,200,
10:40:48,44.25,100,
10:40:50,44.27,100,
10:40:50,44.27,100,
10:40:50,44.27,200,
10:40:53,44.23,1100,
10:40:53,44.21,253,
10:40:53,44.23,200,
10:40:53,44.24,200,
10:40:53,44.23,300,
10:40:53,44.238,200,
10:40:53,44.238,100,
10:40:53,44.23,100,
10:40:55,44.2299,300,
10:40:55,44.2299,100,
10:40:55,44.23,100,
10:40:57,44.212,100,
10:40:57,44.23,200,
10:40:57,44.22,140,
10:40:59,44.2214,500,
10:41:02,44.23,200,
10:41:02,44.23,200,
10:41:02,44.2286,200,
10:41:02,44.2286,200,
10:41:08,44.2294,300,
10:41:10,44.22,200,
10:41:13,44.2184,130,
10:41:14,44.20,100,
10:41:14,44.20,200,
10:41:14,44.21,100,
10:41:18,44.21,100,
10:41:18,44.21,100,
10:41:18,44.21,100,
10:41:18,44.21,100,
10:41:21,44.21,223,
10:41:21,44.2086,200,
10:41:21,44.2099,200,
10:41:21,44.2099,300,
10:41:23,44.2099,300,
10:41:27,44.23,275,
10:41:27,44.228,100,
10:41:31,44.25,300,
10:41:31,44.25,100,
10:41:31,44.25,400,
10:41:32,44.23,200,
10:41:32,44.23,100,
