09:30:00,29.25,100,
09:30:00,29.28,100,
09:30:00,29.28,200,
09:30:00,29.28,200,
09:30:00,29.28,100,
09:30:00,29.28,100,
09:30:00,29.26,100,
09:30:00,29.2637,100,
09:30:01,29.24,100,
09:30:02,29.25,100,
09:30:03,29.2402,100,
09:30:04,29.22,200,
09:30:04,29.22,100,
09:30:04,29.21,100,
09:30:04,29.22,100,
09:30:04,29.22,100,
09:30:05,29.26,100,
09:30:05,29.26,102,
09:30:06,29.28,142,
09:30:06,29.2501,100,
09:30:06,29.28,100,
09:30:06,29.28,100,
09:30:06,29.27,200,
09:30:06,29.28,100,
09:30:06,29.27,193,
09:30:06,29.27,100,
09:30:06,29.24,100,
09:30:06,29.23,100,
09:30:06,29.23,100,
09:30:06,29.26,100,
09:30:06,29.2222,270,
09:30:07,29.23,200,
09:30:07,29.23,2000,
09:30:07,29.27,409,
09:30:07,29.27,409,
09:30:07,29.29,100,
09:30:07,29.27,100,
09:30:07,29.26,200,
09:30:07,29.24,200,
09:30:07,29.24,100,
09:30:07,29.24,100,
09:30:07,29.24,100,
09:30:07,29.24,200,
09:30:07,29.24,200,
09:30:08,29.22,100,
09:30:08,29.241,100,
09:30:08,29.269,200,
09:30:09,29.20,100,
09:30:09,29.20,100,
09:30:09,29.20,300,
09:30:09,29.21,100,
09:30:09,29.22,100,
09:30:09,29.22,100,
09:30:09,29.23,100,
09:30:09,29.27,5300,
09:30:10,29.21,100,
09:30:10,29.19,100,
09:30:10,29.251,300,
09:30:11,29.279,200,
09:30:11,29.182,200,
09:30:11,29.1811,100,
09:30:11,29.1816,100,
09:30:11,29.19,200,
09:30:11,29.1972,100,
09:30:11,29.18,100,
09:30:11,29.209,400,
09:30:11,29.21,200,
09:30:11,29.191,100,
09:30:11,29.26,100,
09:30:12,29.18,500,
09:30:12,29.20,100,
09:30:12,29.19,100,
09:30:12,29.18,100,
09:30:14,29.17,100,
09:30:14,29.17,400,
09:30:14,29.18,100,
09:30:14,29.21,300,
09:30:14,29.19,300,
09:30:14,29.18,100,
09:30:14,29.19,200,
09:30:14,29.20,100,
09:30:14,29.19,100,
09:30:14,29.18,100,
09:30:15,29.18,200,
09:30:15,29.16,100,
09:30:15,29.15,100,
09:30:16,29.169,3700,
09:30:16,29.15,500,
09:30:16,29.15,100,
09:30:22,29.21,200,
09:30:22,29.1699,5000,
09:30:23,29.21,350,
09:30:23,29.22,200,
09:30:24,29.13,100,
09:30:24,29.13,100,
09:30:24,29.133,100,
09:30:24,29.1999,100,
09:30:25,29.131,100,
09:30:25,29.131,200,
09:30:26,29.12,200,
09:30:26,29.12,200,
09:30:27,29.12,100,
09:30:27,29.12,100,
09:30:27,29.12,100,
09:30:28,29.12,300,
09:30:28,29.1172,1900,
09:30:30,29.1185,100,
09:30:30,29.11,100,
09:30:30,29.11,100,
09:30:30,29.1101,700,
09:30:33,29.12,301,
09:30:33,29.1264,100,
09:30:33,29.1264,100,
09:30:35,29.128,100,
09:30:35,29.129,200,
09:30:35,29.129,200,
09:30:36,29.129,1900,
09:30:36,29.14,200,
09:30:37,29.122,200,
09:30:37,29.149,200,
09:30:37,29.1492,100,
09:30:37,29.1493,100,
09:30:37,29.1494,100,
09:30:37,29.1499,200,
09:30:37,29.1492,100,
09:30:37,29.149,1700,
09:30:37,29.149,300,
09:30:38,29.1498,1300,
09:30:39,29.1385,100,
09:30:39,29.1396,100,
09:30:39,29.1394,100,
09:30:40,29.15,4900,
09:30:41,29.15,200,
09:30:41,29.14,200,
09:30:42,29.15,100,
09:30:42,29.1411,400,
09:30:45,29.1508,100,
09:30:45,29.1518,200,
09:30:48,29.1201,400,
09:30:50,29.1295,250,
09:30:51,29.11,5000,
09:30:53,29.10,100,
09:30:53,29.12,100,
09:30:53,29.1199,1300,
09:30:57,29.137,500,
09:30:59,29.14,200,
09:30:59,29.15,100,
09:30:59,29.1499,700,
09:31:00,29.15,200,
09:31:00,29.14,300,
09:31:00,29.15,100,
09:31:00,29.14,100,
09:31:00,29.14,100,
09:31:00,29.15,100,
09:31:03,29.10,1000,
09:31:04,29.10,2815,
09:31:04,29.1126,100,
09:31:04,29.1142,100,
09:31:04,29.1098,1000,
09:31:04,29.10,100,
09:31:04,29.10,100,
09:31:04,29.10,100,
09:31:05,29.08,100,
09:31:05,29.08,100,
09:31:05,29.07,100,
09:31:05,29.07,100,
09:31:06,29.128,700,
09:31:06,29.081,100,
09:31:07,29.10,100,
09:31:07,29.11,1100,
09:31:07,29.1096,200,
09:31:07,29.1098,200,
09:31:08,29.09,750,
09:31:10,29.09,1200,
09:31:12,29.087,1000,
09:31:14,29.099,1100,
09:31:14,29.109,1100,
09:31:14,29.099,1700,
09:31:14,29.0985,100,
09:31:14,29.0999,300,
09:31:15,29.08,100,
09:31:15,29.08,100,
09:31:17,29.079,300,
09:31:17,29.079,400,
09:31:17,29.05,120,
09:31:21,29.09,100,
09:31:21,29.09,100,
09:31:21,29.08,100,
09:31:21,29.08,100,
09:31:24,29.0624,300,
09:31:27,29.069,200,
09:31:28,29.09,100,
09:31:28,29.08,100,
09:31:28,29.08,200,
09:31:28,29.08,200,
09:31:28,29.09,100,
09:31:28,29.09,100,
09:31:28,29.06,300,
09:31:28,29.06,100,
09:31:28,29.06,100,
09:31:28,29.05,100,
09:31:28,29.05,100,
09:31:28,29.05,200,
09:31:28,29.05,700,
09:31:28,29.07,300,
09:31:30,29.073,300,
09:31:30,29.06,100,
09:31:31,29.053,100,
09:31:33,29.0608,100,
09:31:33,29.0608,100,
09:31:33,29.0625,100,
09:31:34,29.07,100,
09:31:34,29.08,100,
09:31:38,29.077,100,
09:31:39,29.0999,500,
09:31:42,29.08,100,
09:31:42,29.0554,200,
09:31:42,29.0591,100,
09:31:43,29.04,400,
09:31:43,29.04,200,
09:31:43,29.03,200,
09:31:43,29.05,100,
09:31:43,29.04,100,
09:31:43,29.0478,100,
09:31:43,29.0484,100,
09:31:43,29.0484,100,
09:31:43,29.039,700,
09:31:44,29.04,2600,
09:31:47,29.0591,100,
09:31:47,29.0591,100,
09:31:47,29.059,300,
09:31:48,29.059,100,
09:31:48,29.04,100,
09:31:48,29.05,1500,
09:31:48,29.04,100,
09:31:48,29.04,100,
09:31:48,29.04,100,
09:31:48,29.03,100,
09:31:48,29.03,100,
09:31:48,29.03,300,
09:31:50,29.05,100,
09:31:50,29.05,100,
09:31:51,29.03,100,
09:31:51,29.02,200,
09:31:51,29.02,100,
09:31:51,29.02,100,
09:31:51,29.039,100,
09:31:51,29.011,100,
09:31:52,29.0221,100,
09:31:52,29.024,100,
09:31:52,29.0101,1000,
09:31:53,29.04,100,
09:31:54,29.0288,200,
09:31:54,29.03,200,
09:31:54,29.03,200,
09:31:54,29.03,200,
09:31:54,29.03,100,
09:31:54,29.03,200,
09:31:54,29.0399,393,
09:31:54,29.0206,100,
09:31:54,29.0204,100,
09:31:55,29.02,100,
09:31:55,29.02,100,
09:31:57,29.0192,100,
09:31:58,29.019,200,
09:31:59,29.01,100,
09:31:59,29.0101,222,
09:31:59,29.0101,100,
09:31:59,29.01,140,
09:32:00,29.0254,100,
09:32:00,29.0255,200,
09:32:00,29.013,200,
09:32:01,29.03,100,
09:32:01,29.03,300,
09:32:01,29.03,200,
09:32:01,29.02,100,
09:32:02,29.03,200,
09:32:02,29.03,800,
09:32:03,29.03,100,
09:32:03,29.03,2600,
09:32:04,29.02,100,
09:32:04,29.03,100,
09:32:04,29.03,100,
09:32:07,29.0282,100,
09:32:07,29.029,200,
09:32:07,29.02,100,
09:32:07,29.02,100,
09:32:07,29.01,100,
09:32:07,29.01,200,
09:32:07,29,100,
09:32:07,29,100,
09:32:07,29,200,
09:32:07,29,100,
09:32:07,29,100,
09:32:07,29,100,
09:32:07,29,100,
09:32:07,29,200,
09:32:07,29.01,100,
09:32:07,29.01,154,
09:32:07,29.01,200,
09:32:07,29.01,200,
09:32:07,29.01,200,
09:32:07,29.02,200,
09:32:07,29.02,400,
09:32:07,29,285,
09:32:07,29,3800,
09:32:07,29,578,
09:32:07,29,100,
09:32:07,29,400,
09:32:07,29,400,
09:32:07,29,100,
09:32:07,29,100,
09:32:07,29,1600,
09:32:07,29,702,
09:32:07,29,400,
09:32:07,29,100,
09:32:07,29,723,
09:32:07,29,100,
09:32:07,29,300,
09:32:07,29,260,
09:32:07,29,2000,
09:32:07,28.97,100,
09:32:07,28.97,200,
09:32:07,28.97,100,
09:32:07,28.97,100,
09:32:07,28.99,100,
09:32:07,28.97,300,
09:32:07,28.97,155,
09:32:07,28.97,100,
09:32:07,29,100,
09:32:07,28.96,100,
09:32:09,28.98,100,
09:32:09,28.98,300,
09:32:09,28.98,100,
09:32:09,28.98,100,
09:32:09,28.98,300,
09:32:09,29,100,
09:32:09,29,489,
09:32:09,28.96,230,
09:32:09,29,100,
09:32:09,28.961,3700,
09:32:10,28.9613,100,
09:32:10,28.9607,200,
09:32:11,28.96,180,
09:32:11,28.96,100,
09:32:12,28.961,1300,
09:32:12,28.969,1000,
09:32:14,28.96,100,
09:32:14,28.96,300,
09:32:14,28.96,1000,
09:32:14,28.96,300,
09:32:14,28.96,410,
09:32:15,28.97,300,
09:32:15,28.97,100,
09:32:15,28.97,900,
09:32:15,28.97,200,
09:32:15,28.96,100,
09:32:15,28.95,500,
09:32:15,28.95,300,
09:32:15,28.95,300,
09:32:15,28.94,619,
09:32:15,28.95,100,
09:32:15,28.95,200,
09:32:15,28.94,300,
09:32:15,28.95,100,
09:32:15,28.95,200,
09:32:15,28.95,300,
09:32:15,28.95,100,
09:32:15,28.96,100,
09:32:15,28.96,400,
09:32:15,28.96,300,
09:32:15,28.96,200,
09:32:15,28.96,100,
09:32:15,28.96,200,
09:32:16,28.97,100,
09:32:17,28.9765,200,
09:32:17,28.9772,100,
09:32:18,28.979,600,
09:32:19,28.97,100,
09:32:19,28.97,239,
09:32:19,28.97,200,
09:32:20,28.9705,100,
09:32:21,28.97,100,
09:32:21,28.98,100,
09:32:22,28.97,100,
09:32:22,28.99,100,
09:32:22,28.99,100,
09:32:22,29,100,
09:32:22,29,200,
09:32:23,29,100,
09:32:23,29.01,200,
09:32:23,29.01,100,
09:32:23,29.0099,1100,
09:32:23,29.02,1400,
09:32:23,29.02,1700,
09:32:23,29,100,
09:32:23,29,241,
09:32:23,29,100,
09:32:23,29,300,
09:32:23,29.01,100,
09:32:23,28.99,100,
09:32:23,28.99,100,
09:32:23,28.99,100,
09:32:23,28.99,300,
09:32:23,29.0089,200,
09:32:24,28.999,100,
09:32:25,29,100,
09:32:25,28.99,100,
09:32:25,28.99,100,
09:32:26,28.9944,100,
09:32:27,28.982,500,
09:32:27,28.999,200,
09:32:29,29,100,
09:32:30,29,300,
09:32:33,29.009,200,
09:32:33,29.019,250,
09:32:34,29.001,400,
09:32:35,29.0198,100,
09:32:36,29.017,100,
09:32:36,29,100,
09:32:36,28.9999,100,
09:32:36,29.018,1000,
09:32:38,29.007,100,
09:32:40,28.99,100,
09:32:40,28.99,200,
09:32:42,28.98,100,
09:32:42,28.98,200,
09:32:42,28.98,300,
09:32:42,28.97,100,
09:32:42,28.97,100,
09:32:42,28.97,100,
09:32:42,28.97,100,
09:32:42,28.98,600,
09:32:45,28.9601,400,
09:32:45,28.967,200,
09:32:47,28.9672,1145,
09:32:48,28.9678,500,
09:32:50,28.95,900,
09:32:50,28.969,100,
09:32:50,28.969,900,
09:32:50,28.969,906,
09:32:51,28.94,162,
09:32:51,28.94,300,
09:32:51,28.94,100,
09:32:51,28.95,600,
09:32:51,28.94,300,
09:32:51,28.94,200,
09:32:51,28.94,200,
09:32:51,28.93,100,
09:32:51,28.92,300,
09:32:53,28.953,100,
09:32:54,28.93,100,
09:32:54,28.93,100,
09:32:54,28.94,100,
09:32:54,28.93,100,
09:32:54,28.94,300,
09:32:54,28.92,100,
09:32:55,28.9299,1000,
09:32:56,28.92,100,
09:32:56,28.90,200,
09:32:56,28.90,300,
09:32:56,28.90,200,
09:32:56,28.90,196,
09:32:56,28.89,100,
09:32:56,28.90,300,
09:32:56,28.90,306,
09:32:56,28.90,100,
09:32:56,28.90,300,
09:32:56,28.90,1800,
09:32:56,28.90,106,
09:32:56,28.90,100,
09:32:56,28.90,100,
09:32:56,28.90,1400,
09:32:56,28.89,100,
09:32:56,28.89,200,
09:32:56,28.89,294,
09:32:56,28.89,100,
09:32:57,28.90,100,
09:32:57,28.89,2000,
09:32:59,28.91,100,
09:32:59,28.91,200,
09:32:59,28.91,100,
09:32:59,28.91,1000,
09:32:59,28.91,100,
09:32:59,28.91,800,
09:33:00,28.9028,100,
09:33:00,28.91,100,
09:33:01,28.901,100,
09:33:02,28.921,210,
09:33:03,28.93,100,
09:33:03,28.93,200,
09:33:03,28.9397,100,
09:33:03,28.94,400,
09:33:03,28.94,100,
09:33:03,28.9301,300,
09:33:05,28.9398,1250,
09:33:06,28.94,100,
09:33:06,28.94,200,
09:33:06,28.94,100,
09:33:07,28.91,200,
09:33:07,28.9099,300,
09:33:07,28.9056,1000,
09:33:08,28.93,100,
09:33:09,28.9115,100,
09:33:10,28.94,200,
09:33:10,28.94,800,
09:33:15,28.95,100,
09:33:15,28.96,100,
09:33:15,28.95,100,
09:33:15,28.95,500,
09:33:15,28.95,200,
09:33:15,28.94,100,
09:33:15,28.95,900,
09:33:17,28.9402,2000,
09:33:21,28.9493,600,
09:33:21,28.95,200,
09:33:22,28.947,100,
09:33:22,28.9483,100,
09:33:22,28.9489,100,
09:33:22,28.9491,100,
09:33:22,28.9492,200,
09:33:22,28.9489,100,
09:33:22,28.949,1700,
09:33:22,28.949,1700,
09:33:23,28.95,100,
09:33:23,28.9499,1800,
09:33:23,28.95,122,
09:33:23,28.97,200,
09:33:25,28.9789,1000,
09:33:25,28.949,2000,
09:33:25,28.98,100,
09:33:26,28.98,400,
09:33:26,28.988,1000,
09:33:29,28.9781,100,
09:33:29,28.98,100,
09:33:30,28.979,200,
09:33:31,28.979,1400,
09:33:31,28.9888,200,
09:33:32,28.99,500,
09:33:32,28.99,402,
09:33:32,28.99,200,
09:33:33,28.99,190,
09:33:33,28.99,110,
09:33:33,28.99,700,
09:33:34,28.9811,100,
09:33:35,28.9888,100,
09:33:35,28.9801,290,
09:33:37,28.989,400,
09:33:39,28.94,100,
09:33:39,28.94,100,
09:33:39,28.94,100,
09:33:39,28.939,100,
09:33:43,28.959,100,
09:33:44,28.959,100,
09:33:45,28.959,700,
09:33:45,28.941,100,
09:33:46,28.949,1000,
09:33:47,28.9498,100,
09:33:47,28.9499,100,
09:33:47,28.949,500,
09:33:47,28.95,100,
09:33:48,28.94,200,
09:33:48,28.93,300,
09:33:48,28.94,200,
09:33:48,28.92,200,
09:33:48,28.92,300,
09:33:48,28.92,200,
09:33:48,28.92,300,
09:33:48,28.949,100,
09:33:48,28.92,300,
09:33:48,28.91,300,
09:33:49,28.949,100,
09:33:49,28.949,100,
09:33:49,28.9199,200,
09:33:49,28.949,200,
09:33:49,28.93,400,
09:33:49,28.93,300,
09:33:49,28.93,300,
09:33:49,28.93,300,
09:33:49,28.93,200,
09:33:49,28.93,900,
09:33:49,28.93,100,
09:33:49,28.93,1000,
09:33:49,28.93,276,
09:33:49,28.93,276,
09:33:49,28.93,100,
09:33:50,28.94,300,
09:33:50,28.95,100,
09:33:50,28.95,100,
09:33:50,28.95,100,
09:33:50,28.96,100,
09:33:50,28.96,100,
09:33:50,28.949,200,
09:33:51,28.97,100,
09:33:51,28.97,300,
09:33:51,28.96,252,
09:33:51,28.96,100,
09:33:51,28.96,100,
09:33:51,28.97,200,
09:33:52,28.97,300,
09:33:52,28.97,300,
09:33:52,28.96,100,
09:33:52,28.96,252,
09:33:52,28.97,300,
09:33:52,28.97,600,
09:33:52,28.97,300,
09:33:52,28.97,100,
09:33:52,28.97,300,
09:33:52,28.98,300,
09:33:52,28.98,500,
09:33:52,28.98,100,
09:33:52,28.98,300,
09:33:53,28.97,300,
09:33:53,28.97,300,
09:33:55,28.972,350,
09:33:58,28.978,500,
09:34:00,28.97,100,
09:34:00,28.97,100,
09:34:01,28.962,1000,
09:34:04,28.97,100,
09:34:05,28.97,100,
09:34:05,28.96,100,
09:34:05,28.96,100,
09:34:05,28.97,300,
09:34:05,28.97,100,
09:34:05,28.97,600,
09:34:06,28.95,300,
09:34:06,28.95,300,
09:34:07,28.951,300,
09:34:10,28.94,200,
09:34:10,28.94,100,
09:34:10,28.94,200,
09:34:10,28.93,100,
09:34:10,28.93,100,
09:34:10,28.92,100,
09:34:10,28.92,100,
09:34:10,28.92,100,
09:34:10,28.92,600,
09:34:10,28.93,600,
09:34:10,28.92,200,
09:34:10,28.92,300,
09:34:11,28.9398,1000,
09:34:12,28.93,100,
09:34:18,28.9401,200,
09:34:19,28.93,1000,
09:34:19,28.949,200,
09:34:20,28.95,100,
09:34:21,28.949,100,
09:34:21,28.94,300,
09:34:21,28.94,200,
09:34:23,28.9499,200,
09:34:24,28.95,200,
09:34:25,28.95,100,
09:34:25,28.95,200,
09:34:26,28.9494,5520,
09:34:28,28.949,100,
09:34:29,28.9599,100,
09:34:29,28.9599,145,
09:34:29,28.96,100,
09:34:30,28.95,200,
09:34:31,28.9501,178,
09:34:37,28.96,100,
09:34:38,28.9667,200,
09:34:38,28.969,400,
09:34:38,28.96,200,
09:34:39,28.9589,300,
09:34:40,28.9501,100,
09:34:40,28.97,200,
09:34:43,28.979,100,
09:34:44,28.976,900,
09:34:47,28.98,300,
09:34:47,28.98,200,
09:34:48,28.9795,100,
09:34:48,28.979,300,
09:34:48,28.9833,575,
09:34:49,28.9711,300,
09:34:49,28.9899,100,
09:34:49,28.9899,100,
09:34:49,28.99,500,
09:34:49,28.99,900,
09:34:50,28.99,200,
09:34:50,28.99,900,
09:34:51,28.98,200,
09:34:51,28.9889,100,
09:34:51,28.9898,100,
09:34:51,28.99,240,
09:34:51,29,200,
09:34:51,28.98,100,
09:34:51,28.9775,2000,
09:34:51,28.9889,300,
09:34:52,28.9789,1000,
09:34:52,28.979,100,
09:34:52,28.979,200,
09:34:53,28.99,100,
09:34:53,28.9876,100,
09:34:56,28.989,2900,
09:35:00,28.97,500,
09:35:00,28.97,100,
09:35:00,28.9701,200,
09:35:01,28.98,100,
09:35:02,28.97,100,
09:35:02,28.971,200,
09:35:04,28.973,277,
09:35:04,28.9796,1000,
09:35:06,28.97,200,
09:35:07,28.979,2000,
09:35:10,28.97,100,
09:35:10,28.98,100,
09:35:10,28.98,300,
09:35:13,28.9777,100,
09:35:14,28.989,2000,
09:35:14,28.99,200,
09:35:14,28.99,300,
09:35:15,28.9878,300,
09:35:15,29.02,500,
09:35:16,29.03,100,
09:35:16,29.03,100,
09:35:17,29.0299,100,
09:35:18,29.0199,1400,
09:35:18,29,190,
09:35:18,29,100,
09:35:18,29,100,
09:35:18,29,100,
09:35:18,29,100,
09:35:19,29.0072,100,
09:35:19,29.009,100,
09:35:19,29.029,500,
09:35:19,29,200,
09:35:20,29.029,100,
09:35:21,29.0097,100,
09:35:21,29.0097,100,
09:35:22,29.01,100,
09:35:23,29.0072,500,
09:35:23,29.0088,950,
09:35:25,29,792,
09:35:25,29,2143,
09:35:25,28.99,200,
09:35:25,29,1300,
09:35:25,28.99,100,
09:35:25,29,800,
09:35:25,28.99,100,
09:35:25,28.98,100,
09:35:25,28.98,100,
09:35:25,28.98,200,
09:35:25,28.98,200,
09:35:26,28.98,100,
09:35:26,28.98,100,
09:35:26,28.99,100,
09:35:26,28.99,200,
09:35:26,28.99,100,
09:35:27,28.9898,1000,
09:35:27,28.9889,600,
09:35:28,28.9876,100,
09:35:29,28.99,100,
09:35:29,28.99,100,
09:35:29,28.99,400,
09:35:29,28.99,300,
09:35:29,28.99,500,
09:35:29,28.99,100,
09:35:30,28.989,100,
09:35:30,28.98,100,
09:35:30,28.97,100,
09:35:30,28.97,100,
09:35:30,28.97,100,
09:35:31,28.9897,100,
09:35:31,28.9875,4600,
09:35:31,28.99,200,
09:35:31,28.99,500,
09:35:31,28.99,100,
09:35:32,28.98,100,
09:35:33,28.99,200,
09:35:33,28.98,100,
09:35:33,28.98,100,
09:35:33,28.9899,500,
09:35:33,28.99,300,
09:35:33,28.99,100,
09:35:33,28.99,300,
09:35:33,28.99,100,
09:35:33,28.99,300,
09:35:34,29,100,
09:35:34,29,100,
09:35:34,28.981,135,
09:35:34,28.99,100,
09:35:34,28.9977,100,
09:35:34,28.999,300,
09:35:34,28.9966,100,
09:35:34,28.98,100,
09:35:34,28.98,100,
09:35:35,28.99,100,
09:35:35,28.99,200,
09:35:35,28.98,100,
09:35:35,28.98,500,
09:35:35,28.9886,100,
09:35:35,28.9887,100,
09:35:35,28.9887,100,
09:35:35,28.99,900,
09:35:37,28.979,200,
09:35:37,28.99,2500,
09:35:38,28.98,200,
09:35:38,28.9799,1000,
09:35:38,28.979,400,
09:35:38,28.98,100,
09:35:39,28.9799,650,
09:35:39,28.9788,200,
09:35:39,28.98,200,
09:35:39,28.98,100,
09:35:40,28.9875,2600,
09:35:41,28.9886,200,
09:35:41,28.99,200,
09:35:41,28.99,200,
09:35:41,29,100,
09:35:42,29,200,
09:35:42,29,100,
09:35:42,29,100,
09:35:42,29,600,
09:35:42,28.9979,100,
09:35:42,28.9984,100,
09:35:42,29,100,
09:35:43,28.999,200,
09:35:44,29.01,100,
09:35:44,28.999,450,
09:35:45,28.9999,100,
09:35:45,29,100,
09:35:45,28.9999,100,
09:35:45,29.01,100,
09:35:45,29.01,200,
09:35:45,29.01,100,
09:35:45,29.02,100,
09:35:47,29.01,100,
09:35:47,29,300,
09:35:47,29,300,
09:35:47,29,200,
09:35:47,29,500,
09:35:47,28.99,100,
09:35:47,28.99,100,
09:35:47,29,300,
09:35:47,29,100,
09:35:48,29.01,100,
09:35:48,29.009,100,
09:35:49,29,200,
09:35:49,28.98,100,
09:35:49,28.98,100,
09:35:50,28.986,100,
09:35:50,28.986,100,
09:35:50,28.9795,200,
09:35:50,29.009,100,
09:35:50,28.97,100,
09:35:50,28.96,100,
09:35:50,28.96,300,
09:35:50,28.96,100,
09:35:50,28.9665,1200,
09:35:50,28.97,100,
09:35:50,28.97,100,
09:35:50,28.97,100,
09:35:50,28.97,100,
09:35:50,28.97,300,
09:35:50,28.97,200,
09:35:50,28.98,100,
09:35:50,28.98,500,
09:35:50,28.98,100,
09:35:50,28.98,100,
09:35:50,28.98,100,
09:35:51,28.9799,100,
09:35:51,28.97,100,
09:35:52,28.97,100,
09:35:52,28.9689,600,
09:35:54,28.97,350,
09:35:54,28.9792,200,
09:35:54,28.979,400,
09:35:54,28.97,390,
09:35:55,28.969,150,
09:35:55,28.9799,100,
09:35:55,28.98,500,
09:35:55,28.9799,1100,
09:35:58,28.9898,1500,
09:35:59,28.99,100,
09:36:00,29,100,
09:36:00,29.0083,200,
09:36:01,29.01,1100,
09:36:02,29.01,100,
09:36:02,28.989,1700,
09:36:04,29,100,
09:36:04,29,100,
09:36:04,28.99,100,
09:36:04,28.98,500,
09:36:05,28.98,200,
09:36:05,28.98,100,
09:36:06,28.9799,100,
09:36:06,28.99,100,
09:36:07,28.99,100,
09:36:07,28.9789,500,
09:36:08,28.99,100,
09:36:09,28.99,200,
09:36:09,28.9899,1000,
09:36:10,28.98,100,
09:36:10,28.99,100,
09:36:10,28.99,600,
09:36:10,28.99,100,
09:36:11,28.9815,100,
09:36:13,28.99,3000,
09:36:14,28.98,200,
09:36:14,28.97,100,
09:36:14,28.98,400,
09:36:16,28.971,300,
09:36:16,28.98,100,
09:36:16,28.99,100,
09:36:16,28.99,300,
09:36:16,29,100,
09:36:17,28.99,100,
09:36:17,28.99,100,
09:36:19,29,100,
09:36:19,29,100,
09:36:19,29,500,
09:36:19,28.9999,2500,
09:36:19,29.01,5500,
09:36:19,29,100,
09:36:19,29,100,
09:36:20,29,500,
09:36:20,28.99,300,
09:36:20,28.97,100,
09:36:20,28.97,100,
09:36:21,28.98,300,
09:36:21,28.98,600,
09:36:21,28.98,300,
09:36:22,28.99,100,
09:36:22,28.979,100,
09:36:23,28.9899,2000,
09:36:23,28.99,100,
09:36:23,28.99,100,
09:36:23,28.99,200,
09:36:23,28.98,200,
09:36:23,28.99,500,
09:36:23,28.979,400,
09:36:24,28.98,100,
09:36:25,28.9799,100,
09:36:25,28.98,100,
09:36:26,28.99,100,
09:36:28,28.9885,100,
09:36:28,28.9885,100,
09:36:28,28.989,500,
09:36:28,28.96,100,
09:36:28,28.96,200,
09:36:28,28.96,200,
09:36:28,28.96,100,
09:36:28,28.95,183,
09:36:28,28.95,117,
09:36:28,28.96,100,
09:36:29,28.96,600,
09:36:29,28.96,200,
09:36:32,28.97,100,
09:36:32,28.97,200,
09:36:32,28.961,500,
09:36:33,28.97,100,
09:36:35,28.961,750,
09:36:37,28.9699,100,
09:36:39,28.96,236,
09:36:41,28.959,200,
09:36:42,28.96,500,
09:36:42,28.96,500,
09:36:42,28.96,183,
09:36:42,28.96,100,
09:36:42,28.96,100,
09:36:42,28.96,100,
09:36:44,28.94,100,
09:36:44,28.94,200,
09:36:44,28.94,100,
09:36:44,28.94,100,
09:36:44,28.93,2000,
09:36:44,28.95,400,
09:36:45,28.93,100,
09:36:45,28.9299,1000,
09:36:45,28.9299,100,
09:36:45,28.9299,1000,
09:36:45,28.93,1000,
09:36:45,28.93,700,
09:36:47,28.93,100,
09:36:48,28.919,100,
09:36:49,28.91,100,
09:36:49,28.90,200,
09:36:49,28.90,350,
09:36:49,28.90,100,
09:36:49,28.90,250,
09:36:49,28.90,350,
09:36:49,28.90,100,
09:36:49,28.90,100,
09:36:49,28.90,800,
09:36:49,28.90,550,
09:36:49,28.90,250,
09:36:49,28.90,250,
09:36:49,28.90,1600,
09:36:49,28.90,800,
09:36:49,28.89,200,
09:36:49,28.89,100,
09:36:49,28.88,172,
09:36:49,28.88,100,
09:36:49,28.88,100,
09:36:49,28.89,100,
09:36:49,28.86,650,
09:36:49,28.86,400,
09:36:49,28.85,150,
09:36:49,28.87,220,
09:36:49,28.87,250,
09:36:49,28.87,132,
09:36:49,28.86,100,
09:36:50,28.85,250,
09:36:50,28.84,100,
09:36:50,28.84,200,
09:36:50,28.84,100,
09:36:50,28.84,200,
09:36:50,28.83,1800,
09:36:50,28.83,100,
09:36:50,28.83,100,
09:36:50,28.83,100,
09:36:50,28.83,100,
09:36:50,28.83,100,
09:36:50,28.8301,100,
09:36:51,28.88,5000,
09:36:51,28.84,100,
09:36:51,28.83,493,
09:36:51,28.83,207,
09:36:51,28.83,800,
09:36:51,28.83,100,
09:36:51,28.83,100,
09:36:51,28.82,200,
09:36:51,28.82,400,
09:36:51,28.82,250,
09:36:51,28.81,100,
09:36:51,28.81,100,
09:36:51,28.81,100,
09:36:51,28.80,160,
09:36:51,28.80,340,
09:36:51,28.80,300,
09:36:51,28.79,100,
09:36:51,28.80,300,
09:36:51,28.79,100,
09:36:51,28.79,332,
09:36:51,28.79,600,
09:36:51,28.80,100,
09:36:51,28.80,100,
09:36:51,28.80,500,
09:36:51,28.79,200,
09:36:51,28.78,136,
09:36:51,28.79,150,
09:36:52,28.79,100,
09:36:52,28.79,100,
09:36:52,28.80,1500,
09:36:53,28.8322,500,
09:36:53,28.7801,100,
09:36:54,28.81,1000,
09:36:55,28.7915,500,
09:36:55,28.8089,100,
09:36:56,28.81,100,
09:36:56,28.81,100,
09:36:56,28.81,100,
09:36:57,28.81,172,
09:36:57,28.8015,100,
09:36:59,28.80,100,
09:36:59,28.80,100,
09:36:59,28.79,100,
09:36:59,28.80,100,
09:36:59,28.80,100,
09:36:59,28.80,100,
09:36:59,28.80,200,
09:36:59,28.80,100,
09:37:00,28.80,100,
09:37:01,28.78,100,
09:37:01,28.78,100,
09:37:01,28.78,300,
09:37:01,28.78,100,
09:37:01,28.78,100,
09:37:01,28.78,100,
09:37:01,28.79,200,
09:37:03,28.788,300,
09:37:04,28.77,200,
09:37:04,28.77,600,
09:37:04,28.77,300,
09:37:04,28.77,100,
09:37:04,28.77,400,
09:37:04,28.77,300,
09:37:05,28.77,100,
09:37:05,28.77,100,
09:37:05,28.76,100,
09:37:05,28.75,140,
09:37:05,28.75,150,
09:37:05,28.75,400,
09:37:05,28.75,760,
09:37:05,28.76,100,
09:37:06,28.76,600,
09:37:06,28.77,100,
09:37:07,28.7689,1000,
09:37:07,28.7699,100,
09:37:07,28.77,100,
09:37:07,28.77,100,
09:37:07,28.77,300,
09:37:07,28.77,100,
09:37:07,28.7772,100,
09:37:07,28.7772,100,
09:37:07,28.779,300,
09:37:07,28.753,1000,
09:37:07,28.77,100,
09:37:07,28.77,100,
09:37:08,28.77,100,
09:37:08,28.78,200,
09:37:08,28.78,100,
09:37:08,28.78,100,
09:37:08,28.78,100,
09:37:08,28.78,100,
09:37:09,28.775,500,
09:37:09,28.7701,300,
09:37:09,28.77,100,
09:37:09,28.77,100,
09:37:09,28.78,100,
09:37:09,28.78,200,
09:37:09,28.78,100,
09:37:09,28.78,100,
09:37:09,28.78,100,
09:37:09,28.7799,600,
09:37:09,28.78,100,
09:37:09,28.78,100,
09:37:10,28.79,100,
09:37:10,28.79,200,
09:37:10,28.79,100,
09:37:10,28.79,200,
09:37:10,28.79,100,
09:37:10,28.79,100,
09:37:10,28.79,100,
09:37:10,28.79,500,
09:37:10,28.769,100,
09:37:10,28.78,400,
09:37:12,28.793,150,
09:37:14,28.81,100,
09:37:15,28.809,200,
09:37:15,28.80,100,
09:37:15,28.80,100,
09:37:15,28.80,100,
09:37:15,28.79,400,
09:37:16,28.817,1400,
09:37:16,28.80,100,
09:37:17,28.80,200,
09:37:18,28.81,100,
09:37:19,28.80,500,
09:37:19,28.82,100,
09:37:19,28.82,300,
09:37:19,28.82,195,
09:37:19,28.82,100,
09:37:19,28.8195,200,
09:37:20,28.8399,900,
09:37:20,28.84,200,
09:37:20,28.8215,600,
09:37:20,28.84,100,
09:37:20,28.84,100,
09:37:20,28.84,100,
09:37:20,28.84,100,
09:37:21,28.84,100,
09:37:21,28.85,100,
09:37:21,28.85,300,
09:37:21,28.85,100,
09:37:22,28.839,900,
09:37:22,28.839,1000,
09:37:22,28.848,500,
09:37:23,28.84,100,
09:37:23,28.83,200,
09:37:23,28.8289,100,
09:37:24,28.8299,100,
09:37:24,28.849,2000,
09:37:25,28.859,100,
09:37:25,28.86,300,
09:37:25,28.86,100,
09:37:25,28.86,100,
09:37:25,28.86,100,
09:37:25,28.87,300,
09:37:25,28.88,100,
09:37:25,28.88,200,
09:37:25,28.93,100,
09:37:25,28.91,100,
09:37:25,28.93,100,
09:37:25,28.93,600,
09:37:25,28.92,100,
09:37:25,28.92,100,
09:37:25,28.92,200,
09:37:25,28.92,100,
09:37:25,28.92,100,
09:37:25,28.92,100,
09:37:25,28.93,300,
09:37:25,28.92,100,
09:37:25,28.92,100,
09:37:25,28.92,533,
09:37:25,28.93,300,
09:37:25,28.93,600,
09:37:25,28.93,500,
09:37:25,28.93,200,
09:37:25,28.93,600,
09:37:25,28.93,300,
09:37:25,28.93,500,
09:37:25,28.93,300,
09:37:25,28.9289,100,
09:37:25,28.92,100,
09:37:25,28.92,100,
09:37:26,28.90,100,
09:37:27,28.89,200,
09:37:27,28.8983,100,
09:37:27,28.8997,100,
09:37:27,28.899,700,
09:37:27,28.899,200,
09:37:29,28.89,100,
09:37:29,28.8822,100,
09:37:29,28.882,100,
09:37:29,28.8819,200,
09:37:29,28.8808,100,
09:37:29,28.8891,100,
09:37:30,28.889,300,
09:37:30,28.88,300,
09:37:30,28.88,100,
09:37:30,28.90,100,
09:37:30,28.89,100,
09:37:30,28.89,200,
09:37:30,28.89,200,
09:37:30,28.89,252,
09:37:30,28.89,100,
09:37:30,28.89,100,
09:37:31,28.88,100,
09:37:31,28.88,300,
09:37:32,28.90,500,
09:37:33,28.9199,100,
09:37:33,28.92,100,
09:37:33,28.92,400,
09:37:33,28.9201,100,
09:37:34,28.921,225,
09:37:34,28.91,300,
09:37:34,28.91,100,
09:37:34,28.9001,168,
09:37:35,28.90,100,
09:37:35,28.90,100,
09:37:35,28.91,100,
09:37:35,28.9101,100,
09:37:36,28.9191,100,
09:37:36,28.92,300,
09:37:36,28.92,900,
09:37:36,28.929,300,
09:37:36,28.919,100,
09:37:37,28.92,100,
09:37:37,28.92,100,
09:37:38,28.93,100,
09:37:39,28.921,1000,
09:37:39,28.9201,100,
09:37:39,28.9201,100,
09:37:39,28.93,100,
09:37:39,28.93,100,
09:37:39,28.93,100,
09:37:39,28.93,100,
09:37:39,28.93,284,
09:37:39,28.94,100,
09:37:39,28.94,100,
09:37:39,28.94,400,
09:37:39,28.94,100,
09:37:40,28.92,300,
09:37:41,28.90,200,
09:37:42,28.8878,200,
09:37:42,28.889,300,
09:37:43,28.89,500,
09:37:43,28.90,100,
09:37:44,28.90,100,
09:37:44,28.901,100,
09:37:48,28.9108,100,
09:37:48,28.9108,100,
09:37:48,28.9108,100,
09:37:48,28.9108,200,
09:37:48,28.911,1200,
09:37:49,28.92,100,
09:37:49,28.91,700,
09:37:50,28.9199,100,
09:37:50,28.9185,100,
09:37:53,28.89,100,
09:37:54,28.89,200,
09:38:01,28.919,750,
09:38:09,28.92,800,
09:38:09,28.92,500,
09:38:09,28.92,100,
09:38:10,28.913,114,
09:38:11,28.908,250,
09:38:12,28.8999,500,
09:38:13,28.91,100,
09:38:13,28.91,200,
09:38:13,28.93,1158,
09:38:14,28.9399,600,
09:38:17,28.94,200,
09:38:17,28.94,300,
09:38:17,28.94,200,
09:38:17,28.94,100,
09:38:17,28.94,100,
09:38:17,28.94,100,
09:38:17,28.94,100,
09:38:17,28.94,600,
09:38:17,28.94,234,
09:38:17,28.94,100,
09:38:17,28.94,500,
09:38:18,28.94,100,
09:38:18,28.94,100,
09:38:18,28.93,500,
09:38:18,28.93,2100,
09:38:18,28.93,200,
09:38:18,28.93,100,
09:38:18,28.93,200,
09:38:18,28.92,200,
09:38:18,28.92,100,
09:38:18,28.92,100,
09:38:18,28.92,300,
09:38:18,28.92,100,
09:38:18,28.92,100,
09:38:18,28.92,100,
09:38:18,28.92,100,
09:38:18,28.90,100,
09:38:18,28.88,200,
09:38:18,28.90,100,
09:38:18,28.89,100,
09:38:18,28.89,452,
09:38:18,28.89,148,
09:38:18,28.88,100,
09:38:18,28.88,300,
09:38:18,28.88,300,
09:38:18,28.87,300,
09:38:18,28.86,100,
09:38:18,28.86,100,
09:38:18,28.86,789,
09:38:18,28.86,100,
09:38:18,28.85,100,
09:38:18,28.85,100,
09:38:18,28.85,148,
09:38:18,28.85,100,
09:38:18,28.86,100,
09:38:18,28.85,100,
09:38:18,28.85,100,
09:38:18,28.85,100,
09:38:18,28.85,100,
09:38:18,28.85,400,
09:38:18,28.85,100,
09:38:18,28.85,100,
09:38:18,28.84,100,
09:38:18,28.85,100,
09:38:18,28.85,200,
09:38:18,28.84,100,
09:38:18,28.84,366,
09:38:18,28.82,100,
09:38:18,28.84,300,
09:38:18,28.83,500,
09:38:18,28.83,234,
09:38:18,28.83,300,
09:38:18,28.83,100,
09:38:18,28.83,100,
09:38:18,28.83,100,
09:38:18,28.83,664,
09:38:18,28.82,132,
09:38:18,28.82,300,
09:38:18,28.82,100,
09:38:18,28.82,100,
09:38:18,28.82,100,
09:38:18,28.82,500,
09:38:18,28.81,100,
09:38:18,28.81,200,
09:38:18,28.81,100,
09:38:18,28.81,100,
09:38:18,28.80,195,
09:38:18,28.81,200,
09:38:18,28.80,400,
09:38:18,28.80,200,
09:38:18,28.80,100,
09:38:18,28.80,100,
09:38:18,28.80,200,
09:38:18,28.80,100,
09:38:18,28.81,400,
09:38:19,28.81,100,
09:38:19,28.81,100,
09:38:20,28.939,200,
09:38:21,28.8201,200,
09:38:22,28.83,100,
09:38:23,28.82,200,
09:38:23,28.82,300,
09:38:23,28.82,100,
09:38:24,28.83,100,
09:38:24,28.82,100,
09:38:24,28.82,100,
09:38:24,28.82,100,
09:38:24,28.82,100,
09:38:24,28.82,100,
09:38:24,28.82,100,
09:38:24,28.82,100,
09:38:24,28.8299,100,
09:38:25,28.8189,400,
09:38:26,28.82,100,
09:38:27,28.8189,1000,
09:38:27,28.829,250,
09:38:28,28.81,100,
09:38:28,28.81,100,
09:38:28,28.80,600,
09:38:28,28.78,500,
09:38:28,28.78,200,
09:38:28,28.77,200,
09:38:28,28.77,300,
09:38:28,28.77,334,
09:38:28,28.77,166,
09:38:28,28.78,800,
09:38:28,28.78,500,
09:38:28,28.77,100,
09:38:29,28.809,100,
09:38:29,28.79,100,
09:38:29,28.79,200,
09:38:29,28.79,100,
09:38:30,28.77,400,
09:38:30,28.77,100,
09:38:30,28.77,100,
09:38:30,28.76,284,
09:38:30,28.77,284,
09:38:30,28.77,400,
09:38:30,28.77,100,
09:38:31,28.7799,100,
09:38:32,28.77,200,
09:38:32,28.76,100,
09:38:32,28.7672,100,
09:38:32,28.7672,200,
09:38:32,28.769,400,
09:38:32,28.76,200,
09:38:32,28.769,500,
09:38:33,28.7672,1100,
09:38:34,28.76,100,
09:38:34,28.76,600,
09:38:34,28.75,300,
09:38:34,28.7501,584,
09:38:34,28.75,100,
09:38:34,28.77,200,
09:38:37,28.7499,100,
09:38:37,28.7499,100,
09:38:37,28.75,200,
09:38:37,28.75,1000,
09:38:37,28.7589,100,
09:38:37,28.7589,100,
09:38:37,28.759,100,
09:38:37,28.7591,200,
09:38:37,28.759,4100,
09:38:38,28.75,200,
09:38:38,28.75,100,
09:38:38,28.75,300,
09:38:38,28.75,100,
09:38:38,28.75,100,
09:38:38,28.75,481,
09:38:38,28.75,100,
09:38:38,28.75,300,
09:38:38,28.75,500,
09:38:38,28.74,100,
09:38:38,28.74,100,
09:38:38,28.74,116,
09:38:38,28.74,100,
09:38:38,28.73,100,
09:38:38,28.73,200,
09:38:38,28.73,100,
09:38:38,28.72,200,
09:38:38,28.759,100,
09:38:38,28.71,133,
09:38:38,28.71,100,
09:38:38,28.70,300,
09:38:38,28.70,100,
09:38:38,28.70,100,
09:38:38,28.70,100,
09:38:38,28.7001,300,
09:38:38,28.70,200,
09:38:38,28.7099,100,
09:38:38,28.71,100,
09:38:38,28.70,100,
09:38:38,28.69,100,
09:38:38,28.70,100,
09:38:38,28.70,100,
09:38:38,28.70,200,
09:38:39,28.69,100,
09:38:39,28.72,200,
09:38:39,28.759,200,
09:38:40,28.66,100,
09:38:40,28.6772,100,
09:38:40,28.68,400,
09:38:40,28.6772,100,
09:38:40,28.679,400,
09:38:40,28.66,118,
09:38:40,28.67,100,
09:38:40,28.65,200,
09:38:40,28.759,100,
09:38:41,28.652,115,
09:38:41,28.642,130,
09:38:42,28.63,1000,
09:38:42,28.63,500,
09:38:42,28.6499,100,
09:38:42,28.649,100,
09:38:42,28.64,100,
09:38:43,28.6301,150,
09:38:44,28.64,100,
09:38:45,28.641,100,
09:38:45,28.641,500,
09:38:46,28.6349,100,
09:38:47,28.631,500,
09:38:47,28.641,1800,
09:38:47,28.65,200,
09:38:47,28.65,100,
09:38:48,28.67,100,
09:38:48,28.67,100,
09:38:48,28.6701,100,
09:38:48,28.67,300,
09:38:49,28.65,600,
09:38:49,28.636,100,
09:38:51,28.65,500,
09:38:51,28.65,500,
09:38:51,28.65,200,
09:38:51,28.64,100,
09:38:51,28.64,100,
09:38:51,28.64,100,
09:38:51,28.64,900,
09:38:51,28.64,100,
09:38:51,28.64,100,
09:38:51,28.65,100,
09:38:51,28.65,100,
09:38:51,28.65,500,
09:38:51,28.65,300,
09:38:51,28.65,100,
09:38:51,28.65,100,
09:38:51,28.64,600,
09:38:51,28.64,363,
09:38:51,28.65,400,
09:38:51,28.643,500,
09:38:53,28.64,100,
09:38:53,28.64,300,
09:38:53,28.6399,1000,
09:38:53,28.64,600,
09:38:53,28.648,100,
09:38:53,28.6483,200,
09:38:53,28.649,1300,
09:38:53,28.649,700,
09:38:54,28.649,100,
09:38:54,28.65,100,
09:38:54,28.65,100,
09:38:54,28.65,162,
09:38:54,28.65,6100,
09:38:55,28.66,100,
09:38:55,28.6698,2500,
09:38:57,28.651,600,
09:38:57,28.641,100,
09:38:58,28.6698,400,
09:38:58,28.6698,200,
09:38:58,28.6644,200,
09:38:59,28.6678,100,
09:38:59,28.657,100,
09:39:00,28.6789,1000,
09:39:00,28.66,100,
09:39:01,28.69,200,
09:39:01,28.69,100,
09:39:01,28.69,100,
09:39:01,28.70,100,
09:39:01,28.70,100,
09:39:01,28.69,100,
09:39:01,28.69,600,
09:39:01,28.71,200,
09:39:01,28.71,600,
09:39:01,28.71,500,
09:39:01,28.71,100,
09:39:01,28.71,300,
09:39:04,28.702,100,
09:39:04,28.72,100,
09:39:04,28.73,100,
09:39:04,28.73,300,
09:39:04,28.73,900,
09:39:04,28.73,100,
09:39:04,28.73,100,
09:39:04,28.73,300,
09:39:04,28.73,100,
09:39:04,28.73,500,
09:39:04,28.73,100,
09:39:04,28.73,100,
09:39:04,28.73,100,
09:39:04,28.7389,400,
09:39:07,28.719,200,
09:39:08,28.75,200,
09:39:10,28.75,100,
09:39:11,28.77,200,
09:39:14,28.768,500,
09:39:15,28.76,1100,
09:39:16,28.753,200,
09:39:17,28.7599,100,
09:39:19,28.7728,100,
09:39:21,28.77,100,
09:39:22,28.78,200,
09:39:24,28.78,200,
09:39:24,28.78,100,
09:39:24,28.79,100,
09:39:24,28.79,200,
09:39:25,28.78,250,
09:39:26,28.789,100,
09:39:26,28.789,200,
09:39:26,28.7795,1025,
09:39:26,28.77,200,
09:39:26,28.77,300,
09:39:27,28.76,300,
09:39:27,28.76,100,
09:39:28,28.757,125,
09:39:29,28.77,100,
09:39:29,28.77,100,
09:39:29,28.76,200,
09:39:29,28.77,1000,
09:39:29,28.77,700,
09:39:29,28.77,200,
09:39:29,28.77,200,
09:39:29,28.77,100,
09:39:29,28.78,400,
09:39:31,28.767,200,
09:39:31,28.75,100,
09:39:31,28.75,100,
09:39:31,28.75,100,
09:39:31,28.74,200,
09:39:32,28.74,100,
09:39:32,28.74,100,
09:39:32,28.73,100,
09:39:32,28.73,100,
09:39:32,28.72,100,
09:39:32,28.72,300,
09:39:32,28.72,100,
09:39:32,28.72,100,
09:39:32,28.72,100,
09:39:32,28.71,200,
09:39:32,28.72,100,
09:39:36,28.7399,300,
09:39:38,28.74,100,
09:39:38,28.74,100,
09:39:38,28.74,100,
09:39:38,28.74,252,
09:39:38,28.74,100,
09:39:38,28.74,100,
09:39:38,28.73,500,
09:39:38,28.73,100,
09:39:39,28.70,100,
09:39:39,28.70,100,
09:39:39,28.73,350,
09:39:40,28.72,300,
09:39:40,28.72,100,
09:39:41,28.72,200,
09:39:41,28.72,100,
09:39:41,28.73,5000,
09:39:43,28.72,100,
09:39:44,28.719,100,
09:39:44,28.72,300,
09:39:44,28.7299,200,
09:39:47,28.7228,150,
09:39:48,28.72,100,
09:39:49,28.73,100,
09:39:49,28.7299,200,
09:39:49,28.7299,100,
09:39:49,28.73,100,
09:39:49,28.729,100,
09:39:51,28.7288,100,
09:39:52,28.72,200,
09:39:52,28.73,100,
09:39:52,28.73,100,
09:39:52,28.73,100,
09:39:52,28.7299,400,
09:39:54,28.7285,100,
09:39:56,28.719,300,
09:39:57,28.72,100,
09:39:57,28.72,100,
09:39:57,28.72,100,
09:39:59,28.717,1000,
09:40:01,28.72,190,
09:40:01,28.72,500,
09:40:01,28.72,793,
09:40:01,28.729,300,
09:40:01,28.72,200,
09:40:01,28.71,100,
09:40:01,28.71,100,
09:40:01,28.70,100,
09:40:01,28.71,100,
09:40:01,28.71,500,
09:40:01,28.71,100,
09:40:02,28.72,200,
09:40:03,28.71,500,
09:40:05,28.72,100,
09:40:05,28.72,100,
09:40:05,28.70,192,
09:40:05,28.70,500,
09:40:05,28.71,500,
09:40:05,28.719,1000,
09:40:05,28.68,200,
09:40:07,28.67,200,
09:40:09,28.6689,100,
09:40:09,28.669,100,
09:40:11,28.66,100,
09:40:11,28.66,600,
09:40:11,28.661,275,
09:40:12,28.65,100,
09:40:12,28.65,300,
09:40:12,28.65,100,
09:40:12,28.64,100,
09:40:12,28.64,200,
09:40:12,28.64,200,
09:40:12,28.64,300,
09:40:12,28.64,300,
09:40:12,28.64,100,
09:40:12,28.64,100,
09:40:13,28.64,200,
09:40:13,28.65,200,
09:40:13,28.65,100,
09:40:13,28.66,100,
09:40:13,28.66,200,
09:40:15,28.66,100,
09:40:15,28.66,100,
09:40:15,28.6498,100,
09:40:16,28.65,100,
09:40:17,28.6499,200,
09:40:18,28.64,193,
09:40:18,28.64,100,
09:40:18,28.63,200,
09:40:18,28.63,500,
09:40:18,28.62,300,
09:40:19,28.6235,500,
09:40:20,28.6299,5000,
09:40:20,28.61,100,
09:40:20,28.61,100,
09:40:20,28.61,100,
09:40:20,28.60,100,
09:40:21,28.6198,1000,
09:40:22,28.60,200,
09:40:23,28.619,129,
09:40:23,28.60,500,
09:40:23,28.61,200,
09:40:23,28.62,100,
09:40:23,28.6062,500,
09:40:23,28.62,100,
09:40:25,28.60,1000,
09:40:26,28.609,200,
09:40:26,28.61,1200,
09:40:26,28.62,100,
09:40:26,28.62,300,
09:40:26,28.62,100,
09:40:26,28.62,200,
09:40:26,28.62,100,
09:40:26,28.62,600,
09:40:26,28.62,100,
09:40:26,28.63,100,
09:40:28,28.611,100,
09:40:28,28.6199,1000,
09:40:29,28.61,400,
09:40:29,28.6073,200,
09:40:30,28.609,200,
09:40:30,28.6028,150,
09:40:30,28.57,100,
09:40:30,28.58,100,
09:40:30,28.58,100,
09:40:30,28.58,400,
09:40:30,28.57,100,
09:40:30,28.57,100,
09:40:30,28.57,176,
09:40:30,28.57,100,
09:40:30,28.58,100,
09:40:31,28.589,200,
09:40:31,28.58,100,
09:40:32,28.59,300,
09:40:32,28.5789,100,
09:40:32,28.58,100,
09:40:33,28.56,100,
09:40:33,28.56,100,
09:40:33,28.55,130,
09:40:33,28.55,100,
09:40:33,28.55,100,
09:40:33,28.55,100,
09:40:34,28.55,100,
09:40:34,28.53,100,
09:40:34,28.52,100,
09:40:34,28.52,1000,
09:40:34,28.52,500,
09:40:34,28.52,200,
09:40:34,28.52,100,
09:40:34,28.52,200,
09:40:34,28.52,100,
09:40:34,28.52,200,
09:40:34,28.52,400,
09:40:34,28.52,200,
09:40:34,28.52,100,
09:40:34,28.52,100,
09:40:35,28.53,100,
09:40:35,28.55,4955,
09:40:35,28.54,100,
09:40:35,28.54,200,
09:40:35,28.54,200,
09:40:35,28.5385,100,
09:40:36,28.53,100,
09:40:36,28.53,200,
09:40:36,28.53,200,
09:40:36,28.53,100,
09:40:36,28.53,100,
09:40:36,28.52,100,
09:40:37,28.531,200,
09:40:37,28.51,1000,
09:40:37,28.51,100,
09:40:37,28.51,100,
09:40:38,28.51,1000,
09:40:38,28.5101,100,
09:40:39,28.51,400,
09:40:39,28.51,131,
09:40:39,28.51,600,
09:40:39,28.511,195,
09:40:39,28.511,100,
09:40:39,28.50,140,
09:40:40,28.5001,100,
09:40:40,28.50,100,
09:40:40,28.51,260,
09:40:40,28.50,200,
09:40:40,28.50,100,
09:40:40,28.50,140,
09:40:40,28.50,100,
09:40:41,28.52,500,
09:40:41,28.51,805,
09:40:41,28.50,200,
09:40:41,28.50,100,
09:40:41,28.49,100,
09:40:41,28.51,130,
09:40:41,28.50,200,
09:40:41,28.488,100,
09:40:41,28.49,600,
09:40:41,28.485,100,
09:40:41,28.49,200,
09:40:41,28.49,100,
09:40:41,28.49,12400,
09:40:42,28.48,100,
09:40:42,28.48,100,
09:40:42,28.47,256,
09:40:43,28.479,1000,
09:40:43,28.47,200,
09:40:43,28.47,300,
09:40:43,28.49,700,
09:40:43,28.48,200,
09:40:43,28.48,1000,
09:40:44,28.48,150,
09:40:45,28.471,1000,
09:40:46,28.47,100,
09:40:46,28.47,600,
09:40:46,28.47,100,
09:40:46,28.47,100,
09:40:46,28.46,990,
09:40:47,28.471,100,
09:40:47,28.49,100,
09:40:47,28.50,200,
09:40:47,28.5002,200,
09:40:49,28.50,100,
09:40:52,28.49,100,
09:40:52,28.49,100,
09:40:53,28.49,100,
09:40:53,28.487,1000,
09:40:54,28.49,100,
09:40:54,28.49,100,
09:40:54,28.49,100,
09:40:55,28.48,200,
09:40:55,28.4711,300,
09:40:56,28.4789,1000,
09:40:56,28.48,200,
09:40:56,28.49,500,
09:40:57,28.5028,250,
09:40:57,28.5086,100,
09:40:57,28.5086,100,
09:40:57,28.5093,100,
09:40:57,28.5086,100,
09:40:57,28.509,1500,
09:40:57,28.509,1500,
09:40:57,28.49,100,
09:40:58,28.51,5600,
09:40:58,28.50,400,
09:40:59,28.50,600,
09:40:59,28.50,100,
09:40:59,28.49,5000,
09:40:59,28.49,100,
09:40:59,28.497,500,
09:40:59,28.49,100,
09:40:59,28.49,100,
09:41:00,28.5098,100,
09:41:01,28.52,400,
09:41:01,28.52,100,
09:41:01,28.52,100,
09:41:01,28.52,500,
09:41:01,28.52,100,
09:41:01,28.52,300,
09:41:01,28.52,300,
09:41:01,28.5111,300,
09:41:01,28.50,600,
09:41:02,28.53,200,
09:41:02,28.53,200,
09:41:02,28.53,100,
09:41:02,28.53,200,
09:41:02,28.53,300,
09:41:02,28.53,500,
09:41:02,28.53,100,
09:41:02,28.53,300,
09:41:02,28.521,1000,
09:41:02,28.50,100,
09:41:03,28.50,100,
09:41:03,28.50,100,
09:41:03,28.50,200,
09:41:04,28.50,500,
09:41:05,28.4962,500,
09:41:05,28.4989,100,
09:41:05,28.4999,100,
09:41:06,28.50,100,
09:41:06,28.4999,700,
09:41:07,28.4989,500,
09:41:07,28.51,100,
09:41:08,28.52,100,
09:41:08,28.53,300,
09:41:09,28.52,200,
09:41:10,28.5101,200,
09:41:11,28.511,866,
09:41:11,28.52,100,
09:41:11,28.51,100,
09:41:11,28.52,200,
09:41:12,28.52,500,
09:41:13,28.517,125,
09:41:14,28.502,500,
09:41:14,28.529,300,
09:41:14,28.52,500,
09:41:14,28.53,300,
09:41:15,28.52,100,
09:41:15,28.52,100,
09:41:15,28.52,100,
09:41:15,28.53,100,
09:41:15,28.53,100,
09:41:18,28.5289,1000,
09:41:18,28.5283,200,
09:41:18,28.5291,100,
09:41:18,28.529,1500,
09:41:18,28.529,1600,
09:41:20,28.53,3700,
09:41:20,28.53,1000,
09:41:21,28.52,100,
09:41:22,28.53,200,
09:41:22,28.53,200,
09:41:22,28.53,100,
09:41:23,28.52,100,
09:41:25,28.52,100,
09:41:25,28.52,200,
09:41:26,28.51,100,
09:41:26,28.51,100,
09:41:26,28.503,100,
09:41:27,28.5089,200,
09:41:28,28.5098,2000,
09:41:28,28.509,100,
09:41:29,28.51,100,
09:41:29,28.52,100,
09:41:29,28.52,100,
09:41:29,28.52,700,
09:41:29,28.501,500,
09:41:30,28.52,1100,
09:41:30,28.52,700,
09:41:31,28.5289,400,
09:41:31,28.53,200,
09:41:31,28.53,200,
09:41:31,28.53,200,
09:41:31,28.5299,100,
09:41:31,28.5299,100,
09:41:31,28.5299,100,
09:41:31,28.5299,100,
09:41:31,28.5299,200,
09:41:31,28.5299,100,
09:41:31,28.5299,200,
09:41:31,28.5299,100,
09:41:32,28.54,1700,
09:41:32,28.537,300,
09:41:32,28.53,100,
09:41:32,28.53,100,
09:41:32,28.53,200,
09:41:33,28.53,100,
09:41:33,28.53,100,
09:41:34,28.53,200,
09:41:35,28.537,600,
09:41:37,28.51,400,
09:41:38,28.52,100,
09:41:38,28.52,300,
09:41:38,28.53,300,
09:41:38,28.53,200,
09:41:38,28.53,100,
09:41:38,28.5189,500,
09:41:39,28.52,400,
09:41:39,28.52,100,
09:41:39,28.52,100,
09:41:39,28.52,100,
09:41:40,28.52,100,
09:41:40,28.53,400,
09:41:40,28.53,500,
09:41:40,28.53,900,
09:41:40,28.53,100,
09:41:40,28.53,200,
09:41:40,28.55,100,
09:41:40,28.55,200,
09:41:40,28.55,1100,
09:41:40,28.55,100,
09:41:40,28.55,164,
09:41:41,28.551,400,
09:41:42,28.56,300,
09:41:42,28.56,100,
09:41:42,28.56,200,
09:41:42,28.57,2400,
09:41:44,28.543,200,
09:41:45,28.57,200,
09:41:47,28.55,281,
09:41:47,28.5512,300,
09:41:48,28.5499,200,
09:41:49,28.52,200,
09:41:49,28.53,185,
09:41:49,28.53,100,
09:41:50,28.53,200,
09:41:50,28.53,100,
09:41:51,28.55,100,
09:41:52,28.5315,100,
09:41:54,28.55,100,
09:41:54,28.56,100,
09:41:54,28.56,100,
09:41:57,28.54,100,
09:41:59,28.54,1900,
09:41:59,28.56,100,
09:42:00,28.56,100,
09:42:01,28.561,320,
09:42:02,28.57,200,
09:42:02,28.57,200,
09:42:02,28.57,100,
09:42:02,28.58,200,
09:42:02,28.58,100,
09:42:02,28.58,500,
09:42:02,28.58,400,
09:42:02,28.56,400,
09:42:02,28.56,200,
09:42:02,28.56,100,
09:42:04,28.5699,100,
09:42:08,28.58,100,
09:42:08,28.579,250,
09:42:09,28.59,400,
09:42:11,28.59,200,
09:42:11,28.6089,200,
09:42:12,28.5995,150,
09:42:12,28.60,100,
09:42:12,28.60,100,
09:42:14,28.6076,100,
09:42:14,28.60,6000,
09:42:14,28.61,100,
09:42:14,28.61,100,
09:42:15,28.6199,100,
09:42:16,28.63,200,
09:42:16,28.63,300,
09:42:16,28.63,300,
09:42:16,28.63,200,
09:42:16,28.63,200,
09:42:16,28.63,100,
09:42:16,28.619,100,
09:42:17,28.629,300,
09:42:18,28.6381,200,
09:42:18,28.64,700,
09:42:20,28.629,900,
09:42:21,28.6362,1400,
09:42:23,28.639,270,
09:42:23,28.649,100,
09:42:24,28.6315,100,
09:42:24,28.649,600,
09:42:25,28.6602,2000,
09:42:26,28.67,100,
09:42:26,28.67,100,
09:42:26,28.67,200,
09:42:26,28.67,100,
09:42:26,28.67,100,
09:42:26,28.67,100,
09:42:26,28.67,100,
09:42:26,28.67,100,
09:42:27,28.67,200,
09:42:27,28.67,100,
09:42:27,28.6666,100,
09:42:28,28.67,100,
09:42:28,28.67,200,
09:42:28,28.65,200,
09:42:28,28.64,100,
09:42:28,28.65,100,
09:42:28,28.65,100,
09:42:29,28.64,200,
09:42:29,28.673,1000,
09:42:29,28.6484,100,
09:42:29,28.649,100,
09:42:30,28.64,100,
09:42:30,28.64,100,
09:42:30,28.64,100,
09:42:31,28.6472,1000,
09:42:31,28.649,300,
09:42:35,28.65,200,
09:42:35,28.66,200,
09:42:35,28.69,200,
09:42:35,28.69,100,
09:42:35,28.69,100,
09:42:35,28.69,100,
09:42:35,28.69,100,
09:42:35,28.69,1000,
09:42:35,28.69,100,
09:42:35,28.70,100,
09:42:36,28.71,200,
09:42:36,28.71,100,
09:42:36,28.70,115,
09:42:36,28.70,200,
09:42:37,28.709,300,
09:42:38,28.658,600,
09:42:38,28.71,100,
09:42:38,28.7099,100,
09:42:38,28.649,200,
09:42:39,28.72,300,
09:42:39,28.7288,500,
09:42:41,28.7101,700,
09:42:41,28.73,100,
09:42:42,28.74,100,
09:42:42,28.7389,100,
09:42:42,28.7272,250,
09:42:44,28.75,150,
09:42:44,28.75,300,
09:42:48,28.77,200,
09:42:48,28.77,100,
09:42:48,28.78,1015,
09:42:49,28.7772,333,
09:42:49,28.779,200,
09:42:49,28.779,200,
09:42:49,28.7789,167,
09:42:50,28.7789,100,
09:42:50,28.7783,100,
09:42:50,28.78,250,
09:42:50,28.78,250,
09:42:52,28.78,100,
09:42:52,28.78,100,
09:42:53,28.7972,1500,
09:42:53,28.79,300,
09:42:53,28.80,100,
09:42:54,28.7989,500,
09:42:54,28.809,200,
09:42:54,28.82,300,
09:42:55,28.829,100,
09:42:55,28.829,100,
09:42:56,28.829,1000,
09:42:56,28.8295,150,
09:42:57,28.83,200,
09:42:58,28.84,100,
09:42:58,28.84,200,
09:42:59,28.849,250,
09:43:00,28.83,500,
09:43:00,28.83,600,
09:43:01,28.82,100,
09:43:01,28.82,300,
09:43:01,28.811,300,
09:43:01,28.811,300,
09:43:02,28.83,100,
09:43:02,28.828,800,
09:43:02,28.83,100,
09:43:02,28.81,8100,
09:43:03,28.83,100,
09:43:03,28.83,100,
09:43:05,28.821,1000,
09:43:07,28.8302,1000,
09:43:07,28.85,100,
09:43:08,28.85,500,
09:43:08,28.85,200,
09:43:08,28.85,100,
09:43:08,28.85,100,
09:43:08,28.86,200,
09:43:08,28.85,100,
09:43:08,28.859,100,
09:43:08,28.85,500,
09:43:09,28.8599,200,
09:43:09,28.87,100,
09:43:09,28.87,200,
09:43:09,28.87,200,
09:43:11,28.86,194,
09:43:11,28.86,300,
09:43:11,28.85,100,
09:43:11,28.85,100,
09:43:11,28.85,100,
09:43:11,28.85,100,
09:43:11,28.86,200,
09:43:11,28.86,100,
09:43:11,28.86,100,
09:43:11,28.86,200,
09:43:11,28.86,100,
09:43:11,28.86,100,
09:43:11,28.87,100,
09:43:11,28.86,100,
09:43:11,28.87,300,
09:43:12,28.877,300,
09:43:13,28.8602,3000,
09:43:13,28.85,100,
09:43:13,28.85,100,
09:43:14,28.8501,400,
09:43:14,28.85,200,
09:43:14,28.86,200,
09:43:14,28.85,100,
09:43:14,28.8699,100,
09:43:15,28.87,200,
09:43:15,28.90,400,
09:43:16,28.93,100,
09:43:16,28.94,500,
09:43:17,28.95,100,
09:43:17,28.9499,400,
09:43:17,28.949,600,
09:43:17,28.94,200,
09:43:17,28.94,300,
09:43:17,28.94,200,
09:43:17,28.93,100,
09:43:17,28.93,100,
09:43:17,28.93,100,
09:43:17,28.93,300,
09:43:17,28.93,100,
09:43:17,28.93,217,
09:43:17,28.92,100,
09:43:17,28.92,200,
09:43:18,28.90,100,
09:43:18,28.90,100,
09:43:18,28.90,100,
09:43:18,28.90,200,
09:43:18,28.90,100,
09:43:18,28.90,100,
09:43:18,28.901,100,
09:43:18,28.9072,400,
09:43:18,28.901,100,
09:43:19,28.91,100,
09:43:19,28.91,100,
09:43:19,28.9089,300,
09:43:19,28.91,100,
09:43:19,28.91,200,
09:43:19,28.91,100,
09:43:19,28.90,165,
09:43:20,28.88,300,
09:43:20,28.913,750,
09:43:20,28.901,700,
09:43:21,28.898,100,
09:43:21,28.898,300,
09:43:21,28.89,600,
09:43:21,28.89,100,
09:43:21,28.89,100,
09:43:22,28.90,200,
09:43:22,28.90,300,
09:43:22,28.90,360,
09:43:23,28.889,100,
09:43:23,28.907,100,
09:43:23,28.91,100,
09:43:24,28.92,100,
09:43:24,28.90,1800,
09:43:26,28.89,100,
09:43:26,28.89,100,
09:43:26,28.89,100,
09:43:26,28.89,100,
09:43:26,28.87,100,
09:43:26,28.87,100,
09:43:26,28.90,14000,
09:43:26,28.91,3475,
09:43:28,28.86,300,
09:43:28,28.86,100,
09:43:28,28.86,400,
09:43:28,28.86,100,
09:43:28,28.86,200,
09:43:28,28.8667,1000,
09:43:29,28.861,100,
09:43:32,28.87,100,
09:43:32,28.87,100,
09:43:32,28.87,100,
09:43:32,28.87,100,
09:43:32,28.87,100,
09:43:32,28.86,100,
09:43:33,28.8599,200,
09:43:33,28.868,100,
09:43:34,28.86,100,
09:43:34,28.85,200,
09:43:34,28.85,100,
09:43:34,28.8599,200,
09:43:35,28.85,200,
09:43:35,28.85,200,
09:43:35,28.85,100,
09:43:35,28.8501,1100,
09:43:35,28.86,100,
09:43:36,28.87,200,
09:43:37,28.89,100,
09:43:37,28.88,1000,
09:43:39,28.8899,300,
09:43:41,28.89,100,
09:43:41,28.89,100,
09:43:41,28.89,500,
09:43:41,28.89,600,
09:43:41,28.90,300,
09:43:41,28.91,200,
09:43:41,28.94,100,
09:43:41,28.94,100,
09:43:41,28.94,100,
09:43:41,28.94,600,
09:43:41,28.94,100,
09:43:42,28.96,100,
09:43:42,28.96,800,
09:43:42,28.96,600,
09:43:42,28.96,500,
09:43:42,28.96,200,
09:43:42,28.96,100,
09:43:42,28.96,100,
09:43:42,28.96,1000,
09:43:42,28.96,500,
09:43:42,28.96,300,
09:43:42,28.95,100,
09:43:42,28.95,200,
09:43:42,28.96,200,
09:43:42,28.96,100,
09:43:42,28.96,100,
09:43:42,28.97,743,
09:43:42,28.97,100,
09:43:42,28.97,1000,
09:43:43,28.97,800,
09:43:43,28.97,500,
09:43:43,28.97,998,
09:43:43,28.97,800,
09:43:43,28.97,729,
09:43:43,28.97,247,
09:43:43,28.96,100,
09:43:43,28.97,600,
09:43:44,28.97,1750,
09:43:45,28.95,100,
09:43:45,28.94,100,
09:43:46,28.94,100,
09:43:46,28.96,100,
09:43:47,28.96,100,
09:43:47,28.96,100,
09:43:47,28.96,100,
09:43:47,28.959,300,
09:43:47,28.959,1000,
09:43:49,28.94,100,
09:43:49,28.94,100,
09:43:49,28.95,100,
09:43:49,28.94,100,
09:43:49,28.94,600,
09:43:49,28.95,100,
09:43:49,28.95,200,
09:43:49,28.96,200,
09:43:49,28.96,100,
09:43:49,28.96,100,
09:43:49,28.96,100,
09:43:49,28.98,100,
09:43:49,28.9569,100,
09:43:50,28.97,500,
09:43:50,28.96,6000,
09:43:50,28.94,100,
09:43:51,28.95,100,
09:43:51,28.95,100,
09:43:51,28.95,100,
09:43:51,28.9499,100,
09:43:51,28.9499,100,
09:43:51,28.95,1200,
09:43:51,28.94,100,
09:43:51,28.94,200,
09:43:52,28.94,100,
09:43:53,28.93,100,
09:43:53,28.9301,100,
09:43:53,28.94,500,
09:43:54,28.92,1000,
09:43:54,28.94,100,
09:43:54,28.94,100,
09:43:56,28.939,500,
09:43:58,28.91,100,
09:43:59,28.91,100,
09:43:59,28.92,100,
09:43:59,28.92,100,
09:44:00,28.92,100,
09:44:00,28.9199,220,
09:44:01,28.91,200,
09:44:02,28.8999,100,
09:44:02,28.90,100,
09:44:02,28.9072,300,
09:44:02,28.897,1000,
09:44:03,28.911,100,
09:44:03,28.901,100,
09:44:03,28.91,100,
09:44:04,28.9001,200,
09:44:06,28.909,5000,
09:44:06,28.90,700,
09:44:06,28.893,900,
09:44:06,28.89,181,
09:44:06,28.8822,100,
09:44:06,28.881,100,
09:44:06,28.89,100,
09:44:06,28.891,300,
09:44:07,28.8801,100,
09:44:09,28.88,4000,
09:44:09,28.8805,200,
09:44:11,28.891,100,
09:44:11,28.891,100,
09:44:11,28.891,200,
09:44:11,28.891,100,
09:44:11,28.881,100,
09:44:12,28.881,100,
09:44:13,28.90,792,
09:44:13,28.8901,100,
09:44:13,28.8901,200,
09:44:13,28.8901,100,
09:44:13,28.891,5400,
09:44:13,28.90,208,
09:44:14,28.91,100,
09:44:14,28.91,200,
09:44:14,28.91,600,
09:44:14,28.89,1400,
09:44:15,28.90,300,
09:44:15,28.90,100,
09:44:15,28.90,100,
09:44:15,28.90,100,
09:44:15,28.90,100,
09:44:15,28.90,100,
09:44:15,28.894,100,
09:44:16,28.91,100,
09:44:16,28.91,100,
09:44:16,28.91,100,
09:44:16,28.92,100,
09:44:16,28.92,100,
09:44:16,28.91,100,
09:44:16,28.90,100,
09:44:17,28.901,100,
09:44:17,28.899,1500,
09:44:18,28.909,230,
09:44:19,28.91,100,
09:44:19,28.92,100,
09:44:19,28.91,100,
09:44:19,28.91,100,
09:44:19,28.92,100,
09:44:19,28.92,100,
09:44:19,28.92,600,
09:44:19,28.92,600,
09:44:20,28.92,100,
09:44:20,28.92,100,
09:44:20,28.92,100,
09:44:21,28.9299,200,
09:44:21,28.93,700,
09:44:22,28.92,100,
09:44:22,28.9198,100,
09:44:24,28.91,100,
09:44:25,28.91,100,
09:44:27,28.919,300,
09:44:30,28.93,300,
09:44:30,28.94,100,
09:44:30,28.9301,1000,
09:44:31,28.9211,300,
09:44:32,28.9172,900,
09:44:34,28.9101,1000,
09:44:34,28.92,100,
09:44:35,28.931,300,
09:44:37,28.97,200,
09:44:37,28.97,493,
09:44:37,28.97,200,
09:44:37,28.97,100,
09:44:39,28.981,150,
09:44:39,28.98,200,
09:44:39,28.98,100,
09:44:40,28.97,100,
09:44:40,28.97,100,
09:44:40,28.97,300,
09:44:40,28.97,100,
09:44:40,28.97,200,
09:44:40,28.97,100,
09:44:40,28.951,1100,
09:44:40,28.96,100,
09:44:40,28.97,100,
09:44:40,28.97,200,
09:44:41,28.97,100,
09:44:41,28.97,300,
09:44:41,28.97,500,
09:44:41,28.98,100,
09:44:43,28.971,400,
09:44:43,28.971,400,
09:44:43,28.9711,1000,
09:44:43,28.99,100,
09:44:43,28.99,100,
09:44:43,28.99,100,
09:44:43,28.99,100,
09:44:43,28.99,200,
09:44:45,28.9702,1000,
09:44:47,28.96,120,
09:44:47,28.94,200,
09:44:47,28.94,100,
09:44:48,28.971,200,
09:44:48,28.9689,120,
09:44:48,28.95,200,
09:44:48,28.94,100,
09:44:48,28.947,100,
09:44:50,28.92,200,
09:44:51,28.93,200,
09:44:51,28.93,200,
09:44:51,28.92,200,
09:44:52,28.91,200,
09:44:52,28.91,200,
09:44:52,28.91,100,
09:44:52,28.91,100,
09:44:52,28.91,100,
09:44:52,28.91,134,
09:44:52,28.91,200,
09:44:52,28.91,200,
09:44:52,28.92,100,
09:44:52,28.92,100,
09:44:52,28.92,200,
09:44:52,28.92,100,
09:44:52,28.92,100,
09:44:53,28.9112,100,
09:44:53,28.9111,100,
09:44:53,28.911,100,
09:44:53,28.911,600,
09:44:54,28.91,2100,
09:44:54,28.911,100,
09:44:55,28.9228,180,
09:44:56,28.92,334,
09:44:57,28.92,100,
09:44:57,28.92,100,
09:44:57,28.92,100,
09:44:57,28.92,100,
09:44:57,28.9199,800,
09:44:57,28.9188,250,
09:44:57,28.91,100,
09:45:01,28.90,100,
09:45:01,28.91,200,
09:45:01,28.91,100,
09:45:01,28.90,100,
09:45:01,28.91,100,
09:45:01,28.91,100,
09:45:01,28.915,200,
09:45:01,28.92,100,
09:45:01,28.92,200,
09:45:01,28.92,200,
09:45:01,28.92,700,
09:45:01,28.91,100,
09:45:01,28.90,100,
09:45:01,28.90,300,
09:45:01,28.90,1200,
09:45:01,28.90,100,
09:45:01,28.90,100,
09:45:01,28.90,100,
09:45:01,28.90,100,
09:45:01,28.90,200,
09:45:01,28.91,100,
09:45:02,28.9154,100,
09:45:02,28.92,100,
09:45:02,28.92,100,
09:45:02,28.92,200,
09:45:03,28.909,100,
09:45:03,28.909,400,
09:45:05,28.92,200,
09:45:05,28.92,100,
09:45:05,28.92,100,
09:45:05,28.92,100,
09:45:05,28.92,100,
09:45:05,28.92,500,
09:45:05,28.93,100,
09:45:05,28.93,166,
09:45:05,28.93,134,
09:45:05,28.9299,100,
09:45:07,28.9299,600,
09:45:07,28.9299,500,
09:45:07,28.93,100,
09:45:07,28.93,100,
09:45:07,28.93,200,
09:45:09,28.9201,200,
09:45:11,28.925,100,
09:45:13,28.90,100,
09:45:13,28.90,500,
09:45:15,28.89,150,
09:45:16,28.8928,100,
09:45:16,28.90,100,
09:45:17,28.905,100,
09:45:17,28.8922,130,
09:45:17,28.90,100,
09:45:17,28.9099,200,
09:45:17,28.90,100,
09:45:18,28.917,100,
09:45:18,28.917,500,
09:45:19,28.9098,2000,
09:45:19,28.91,100,
09:45:19,28.91,200,
09:45:19,28.91,200,
09:45:19,28.91,100,
09:45:23,28.9089,1000,
09:45:23,28.905,100,
09:45:23,28.90,100,
09:45:23,28.89,100,
09:45:23,28.89,100,
09:45:23,28.89,1000,
09:45:23,28.89,100,
09:45:24,28.90,1700,
09:45:24,28.90,100,
09:45:24,28.8817,100,
09:45:24,28.8817,100,
09:45:24,28.8814,200,
09:45:24,28.8814,200,
09:45:24,28.8817,100,
09:45:24,28.881,1300,
09:45:25,28.891,1000,
09:45:25,28.90,400,
09:45:25,28.90,400,
09:45:26,28.89,100,
09:45:26,28.895,100,
09:45:26,28.90,150,
09:45:27,28.881,200,
09:45:28,28.92,100,
09:45:28,28.93,100,
09:45:29,28.93,100,
09:45:29,28.93,100,
09:45:29,28.93,100,
09:45:29,28.93,400,
09:45:31,28.925,200,
09:45:31,28.925,100,
09:45:31,28.921,100,
09:45:31,28.921,100,
09:45:32,28.91,200,
09:45:32,28.91,128,
09:45:33,28.921,600,
09:45:34,28.92,100,
09:45:34,28.92,100,
09:45:34,28.92,100,
09:45:34,28.91,100,
09:45:34,28.91,500,
09:45:34,28.91,600,
09:45:34,28.91,100,
09:45:34,28.91,200,
09:45:34,28.90,100,
09:45:34,28.90,100,
09:45:34,28.89,100,
09:45:34,28.89,100,
09:45:35,28.90,100,
09:45:35,28.90,100,
09:45:35,28.90,500,
09:45:35,28.92,100,
09:45:36,28.93,100,
09:45:36,28.93,100,
09:45:36,28.93,100,
09:45:36,28.93,600,
09:45:36,28.93,600,
09:45:38,28.94,100,
09:45:38,28.94,100,
09:45:38,28.939,100,
09:45:40,28.93,100,
09:45:41,28.92,200,
09:45:41,28.92,100,
09:45:41,28.92,100,
09:45:41,28.92,100,
09:45:41,28.92,100,
09:45:41,28.91,100,
09:45:41,28.91,100,
09:45:41,28.91,100,
09:45:41,28.91,100,
09:45:41,28.91,200,
09:45:42,28.909,100,
09:45:45,28.909,125,
09:45:45,28.89,2050,
09:45:46,28.93,100,
09:45:46,28.93,100,
09:45:50,28.92,100,
09:45:50,28.92,100,
09:45:50,28.94,100,
09:45:50,28.94,100,
09:45:50,28.94,100,
09:45:50,28.94,100,
09:45:51,28.939,3500,
09:45:54,28.931,2000,
09:45:54,28.9385,100,
09:45:54,28.93,2000,
09:45:54,28.94,600,
09:45:54,28.94,600,
09:45:55,28.95,192,
09:45:55,28.95,100,
09:45:55,28.95,1000,
09:45:55,28.95,300,
09:45:55,28.95,100,
09:45:55,28.95,300,
09:45:55,28.96,100,
09:45:55,28.97,100,
09:45:55,28.97,100,
09:45:55,28.97,300,
09:45:55,28.98,100,
09:45:55,28.98,100,
09:45:55,28.98,100,
09:45:55,28.98,100,
09:45:55,28.98,100,
09:45:55,28.98,100,
09:45:56,28.98,100,
09:45:56,28.99,100,
09:45:56,28.99,200,
09:45:56,28.99,100,
09:45:56,28.99,1500,
09:45:56,28.99,100,
09:45:56,28.99,100,
09:45:56,28.99,2000,
09:45:56,28.99,100,
09:45:56,28.99,500,
09:45:57,28.9702,7500,
09:45:57,28.99,100,
09:45:57,28.99,264,
09:45:57,28.99,100,
09:45:57,28.99,100,
09:45:57,28.99,100,
09:45:57,28.99,600,
09:45:57,28.99,100,
09:45:57,28.99,100,
09:45:57,28.99,100,
09:45:57,28.99,600,
09:45:57,28.99,364,
09:45:57,28.99,100,
09:45:57,28.99,100,
09:45:57,28.99,100,
09:45:57,28.99,100,
09:45:57,28.99,600,
09:45:57,28.99,100,
09:45:57,28.99,200,
09:45:57,28.99,200,
09:45:57,28.98,100,
09:45:57,28.98,100,
09:45:57,28.98,100,
09:45:57,28.99,100,
09:45:57,28.99,600,
09:45:57,28.98,100,
09:45:57,28.98,100,
09:45:57,28.98,100,
09:45:57,28.99,100,
09:45:57,28.99,100,
09:45:57,28.99,100,
09:45:57,28.99,100,
09:45:57,29,200,
09:45:57,28.99,600,
09:45:58,28.97,100,
09:45:59,28.98,200,
09:45:59,28.99,100,
09:45:59,28.9895,300,
09:45:59,28.99,100,
09:46:00,28.99,100,
09:46:00,28.9983,100,
09:46:00,28.9987,100,
09:46:00,28.9993,200,
09:46:00,29,1000,
09:46:00,28.999,1300,
09:46:00,28.991,138,
09:46:00,29,3400,
09:46:00,29,900,
09:46:00,29,800,
09:46:00,28.99,100,
09:46:00,28.99,100,
09:46:00,28.98,100,
09:46:00,29,1900,
09:46:01,28.97,100,
09:46:02,28.97,100,
09:46:02,28.98,100,
09:46:03,28.9828,1700,
09:46:05,28.9801,900,
09:46:05,28.98,300,
09:46:05,28.97,100,
09:46:05,28.97,100,
09:46:05,28.97,100,
09:46:05,28.97,200,
09:46:05,28.97,200,
09:46:05,28.97,100,
09:46:05,28.97,300,
09:46:05,28.97,200,
09:46:06,28.9799,100,
09:46:06,28.971,200,
09:46:09,28.979,200,
09:46:10,28.97,100,
09:46:10,28.9701,107,
09:46:11,28.95,100,
09:46:11,28.95,200,
09:46:11,28.95,100,
09:46:11,28.95,100,
09:46:11,28.9505,1000,
09:46:12,28.95,500,
09:46:12,28.95,500,
09:46:12,28.95,100,
09:46:12,28.95,264,
09:46:12,28.96,100,
09:46:12,28.96,100,
09:46:13,28.951,200,
09:46:14,28.96,100,
09:46:14,28.96,100,
09:46:16,28.98,100,
09:46:16,28.98,100,
09:46:16,28.98,100,
09:46:16,28.98,100,
09:46:18,28.98,100,
09:46:18,28.9715,100,
09:46:21,28.98,100,
09:46:21,28.98,100,
09:46:21,28.99,100,
09:46:21,28.99,100,
09:46:21,28.99,100,
09:46:21,28.99,1000,
09:46:21,28.99,100,
09:46:21,28.99,100,
09:46:21,28.99,300,
09:46:21,28.979,1000,
09:46:22,28.99,200,
09:46:22,28.99,100,
09:46:22,28.98,100,
09:46:22,28.98,100,
09:46:22,28.98,100,
09:46:22,28.98,200,
09:46:22,28.9825,300,
09:46:23,28.98,200,
09:46:23,28.98,100,
09:46:23,28.985,200,
09:46:23,28.98,100,
09:46:23,28.98,100,
09:46:23,28.99,3700,
09:46:25,28.989,500,
09:46:25,28.99,100,
09:46:25,28.99,100,
09:46:25,28.99,100,
09:46:25,28.99,200,
09:46:25,28.99,1814,
09:46:25,28.99,2386,
09:46:25,28.98,100,
09:46:25,28.995,100,
09:46:25,28.995,100,
09:46:25,28.97,100,
09:46:25,28.98,200,
09:46:25,28.98,100,
09:46:25,28.98,100,
09:46:25,28.98,100,
09:46:27,28.98,100,
09:46:27,28.985,400,
09:46:27,28.989,100,
09:46:28,28.989,100,
09:46:28,28.97,100,
09:46:28,28.97,200,
09:46:28,28.97,100,
09:46:28,28.98,100,
09:46:28,28.98,100,
09:46:28,28.97,100,
09:46:28,28.97,100,
09:46:28,28.96,400,
09:46:28,28.95,100,
09:46:28,28.95,100,
09:46:28,28.95,100,
09:46:28,28.95,100,
09:46:28,28.965,100,
09:46:28,28.965,100,
09:46:28,28.965,100,
09:46:28,28.96,200,
09:46:28,28.96,100,
09:46:28,28.9599,100,
09:46:30,28.959,500,
09:46:31,28.97,100,
09:46:31,28.9625,100,
09:46:31,28.97,100,
09:46:31,28.9625,100,
09:46:31,28.96,300,
09:46:31,28.97,100,
09:46:31,28.97,400,
09:46:33,28.971,1000,
09:46:33,28.971,500,
09:46:36,28.96,100,
09:46:37,28.9605,250,
09:46:39,28.95,100,
09:46:42,28.96,200,
09:46:42,28.96,100,
09:46:42,28.96,100,
09:46:42,28.96,100,
09:46:42,28.96,100,
09:46:42,28.96,200,
09:46:42,28.96,300,
09:46:42,28.95,2300,
09:46:44,28.94,100,
09:46:44,28.95,100,
09:46:44,28.94,100,
09:46:44,28.94,100,
09:46:46,28.935,100,
09:46:46,28.91,100,
09:46:46,28.90,100,
09:46:46,28.91,200,
09:46:46,28.9129,100,
09:46:48,28.9185,100,
09:46:48,28.91,100,
09:46:49,28.92,100,
09:46:51,28.93,500,
09:46:53,28.92,100,
09:46:53,28.91,100,
09:46:53,28.91,100,
09:46:53,28.92,200,
09:46:53,28.92,100,
09:46:53,28.92,100,
09:46:53,28.92,100,
09:46:53,28.92,300,
09:46:53,28.92,200,
09:46:53,28.93,100,
09:46:53,28.93,100,
09:46:53,28.93,100,
09:46:53,28.93,100,
09:46:53,28.94,100,
09:46:53,28.95,100,
09:46:53,28.94,100,
09:46:53,28.94,100,
09:46:53,28.94,100,
09:46:53,28.94,200,
09:46:53,28.95,100,
09:46:53,28.95,100,
09:46:53,28.95,100,
09:46:53,28.95,785,
09:46:53,28.95,500,
09:46:53,28.95,100,
09:46:53,28.95,215,
09:46:53,28.96,100,
09:46:53,28.96,100,
09:46:53,28.96,100,
09:46:53,28.97,100,
09:46:53,28.96,100,
09:46:53,28.96,100,
09:46:53,28.96,100,
09:46:53,28.96,100,
09:46:53,28.95,100,
09:46:53,28.95,100,
09:46:53,28.95,100,
09:46:53,28.95,100,
09:46:53,28.95,100,
09:46:53,28.95,200,
09:46:53,28.95,200,
09:46:53,28.95,100,
09:46:53,28.97,100,
09:46:53,28.97,100,
09:46:53,28.96,100,
09:46:53,28.96,100,
09:46:53,28.95,552,
09:46:53,28.97,300,
09:46:53,28.97,100,
09:46:53,28.96,100,
09:46:53,28.97,300,
09:46:53,28.95,100,
09:46:53,28.95,100,
09:46:53,28.94,100,
09:46:53,28.94,146,
09:46:53,28.95,100,
09:46:53,28.95,100,
09:46:53,28.95,100,
09:46:53,28.95,100,
09:46:53,28.95,100,
09:46:53,28.95,100,
09:46:53,28.96,200,
09:46:54,28.95,100,
09:46:54,28.96,100,
09:46:54,28.96,300,
09:46:54,28.96,100,
09:46:54,28.909,1000,
09:46:54,28.96,200,
09:46:54,28.97,100,
09:46:54,28.97,100,
09:46:54,28.97,100,
09:46:54,28.97,100,
09:46:54,28.96,300,
09:46:54,28.96,100,
09:46:55,28.98,100,
09:46:56,28.9828,400,
09:46:56,28.98,100,
09:46:58,28.9711,1000,
09:46:59,28.99,100,
09:46:59,28.99,100,
09:47:00,28.99,100,
09:47:01,29,100,
09:47:02,28.9901,100,
09:47:02,28.99,100,
09:47:02,28.9901,100,
09:47:03,28.981,116,
09:47:03,29.0068,100,
09:47:03,29.0068,100,
09:47:03,29.0068,100,
09:47:03,29.007,200,
09:47:04,29.01,100,
09:47:04,29.0095,1800,
09:47:06,29.007,1500,
09:47:06,29,200,
09:47:09,28.987,1000,
09:47:13,28.99,100,
09:47:13,28.989,1000,
09:47:16,28.9902,150,
09:47:21,28.99,100,
09:47:21,29,1200,
09:47:21,28.981,3600,
09:47:22,28.981,100,
09:47:24,29,200,
09:47:27,29.0099,400,
09:47:29,28.9978,100,
09:47:29,28.999,200,
09:47:30,28.9989,100,
09:47:30,28.9989,100,
09:47:30,29,150,
09:47:30,28.99,175,
09:47:30,28.99,200,
09:47:30,28.99,100,
09:47:30,28.99,400,
09:47:30,28.9989,400,
09:47:30,28.99,100,
09:47:30,28.99,100,
09:47:31,28.99,100,
09:47:31,28.99,100,
09:47:31,28.98,196,
09:47:32,28.98,100,
09:47:32,28.98,100,
09:47:32,28.97,400,
09:47:33,28.997,100,
09:47:37,28.98,5000,
09:47:40,28.979,100,
09:47:42,28.9882,100,
09:47:42,28.99,100,
09:47:42,28.9899,3100,
09:47:43,28.96,100,
09:47:43,28.96,200,
09:47:43,28.96,100,
09:47:43,28.96,100,
09:47:43,28.96,100,
09:47:43,28.96,600,
09:47:43,28.96,600,
09:47:43,28.96,100,
09:47:43,28.97,200,
09:47:43,28.98,100,
09:47:43,28.97,100,
09:47:43,28.97,100,
09:47:44,28.96,1000,
09:47:45,28.962,1000,
09:47:46,28.964,100,
09:47:46,28.9639,100,
09:47:46,28.9636,100,
09:47:46,28.964,100,
09:47:47,28.9648,5000,
09:47:47,29,100,
09:47:47,29,100,
09:47:49,28.997,1000,
09:47:53,28.9699,1000,
09:47:53,28.9797,100,
09:47:53,28.9798,100,
09:47:53,28.9798,100,
09:47:53,28.98,100,
09:47:53,28.9898,100,
09:47:53,28.989,2250,
09:47:53,28.99,600,
09:47:53,28.99,200,
09:47:54,28.99,1900,
09:47:55,28.99,1877,
09:47:55,28.99,350,
09:48:00,28.99,100,
09:48:00,28.99,100,
09:48:00,28.99,100,
09:48:00,28.99,100,
09:48:00,28.9901,100,
09:48:01,29,3975,
09:48:01,28.9999,200,
09:48:01,29,100,
09:48:01,29,100,
09:48:01,29,100,
09:48:01,29,100,
09:48:02,29.02,100,
09:48:02,29.0198,100,
09:48:03,29.011,100,
09:48:05,29,100,
09:48:05,29,300,
09:48:05,29,200,
09:48:05,29,100,
09:48:05,29,100,
09:48:05,29,200,
09:48:05,29,500,
09:48:05,29.01,200,
09:48:05,29,100,
09:48:05,29,300,
09:48:06,29.04,100,
09:48:06,29.04,400,
09:48:07,29.06,100,
09:48:07,29.06,100,
09:48:07,29.06,300,
09:48:07,29.06,100,
09:48:07,29.06,100,
09:48:07,29.06,600,
09:48:07,29.06,100,
09:48:07,29.06,100,
09:48:07,29.049,100,
09:48:07,29.0654,200,
09:48:07,29.06,100,
09:48:07,29.06,100,
09:48:07,29.04,100,
09:48:07,29.04,100,
09:48:07,29.04,100,
09:48:07,29.04,100,
09:48:07,29.04,600,
09:48:07,29.04,600,
09:48:07,29.04,2800,
09:48:07,29.04,100,
09:48:08,29.05,100,
09:48:08,29.05,100,
09:48:08,29.05,100,
09:48:08,29.05,100,
09:48:08,29.05,500,
09:48:08,29.058,100,
09:48:09,29.06,100,
09:48:09,29.0688,400,
09:48:10,29.069,800,
09:48:10,29.069,200,
09:48:10,29.07,100,
09:48:10,29.07,200,
09:48:10,29.07,100,
09:48:10,29.07,100,
09:48:10,29.06,100,
09:48:10,29.06,100,
09:48:10,29.06,100,
09:48:10,29.06,100,
09:48:10,29.06,200,
09:48:10,29.06,100,
09:48:10,29.06,200,
09:48:10,29.06,200,
09:48:10,29.06,100,
09:48:10,29.06,100,
09:48:10,29.06,100,
09:48:10,29.06,100,
09:48:10,29.06,100,
09:48:10,29.06,100,
09:48:11,29.08,150,
09:48:12,29.07,100,
09:48:12,29.0772,100,
09:48:12,29.079,300,
09:48:12,29.06,800,
09:48:12,29.0589,1500,
09:48:13,29.07,1500,
09:48:13,29.06,100,
09:48:13,29.06,100,
09:48:14,29.06,100,
09:48:14,29.06,600,
09:48:15,29.0528,1100,
09:48:16,29.0515,100,
09:48:17,29.059,1000,
09:48:19,29.06,200,
09:48:19,29.06,200,
09:48:19,29.059,1000,
09:48:19,29.051,600,
09:48:19,29.0598,150,
09:48:20,29.0501,500,
09:48:20,29.05,200,
09:48:21,29.051,4500,
09:48:22,29.051,3200,
09:48:22,29.05,500,
09:48:22,29.05,4100,
09:48:22,29.05,10974,
09:48:22,29.05,200,
09:48:24,29.05,500,
09:48:24,29.043,800,
09:48:24,29.07,100,
09:48:24,29.07,100,
09:48:24,29.07,100,
09:48:24,29.07,100,
09:48:24,29.06,157,
09:48:24,29.06,100,
09:48:24,29.06,100,
09:48:24,29.06,100,
09:48:24,29.06,100,
09:48:24,29.06,100,
09:48:24,29.06,100,
09:48:24,29.06,100,
09:48:24,29.0701,943,
09:48:25,29.06,3057,
09:48:25,29.0611,1000,
09:48:27,29.06,100,
09:48:27,29.06,100,
09:48:27,29.06,100,
09:48:28,29.05,100,
09:48:28,29.03,200,
09:48:28,29.03,300,
09:48:28,29.04,100,
09:48:28,29.05,100,
09:48:29,29.06,100,
09:48:29,29.06,100,
09:48:29,29.06,100,
09:48:29,29.06,100,
09:48:29,29.06,100,
09:48:30,29.06,200,
09:48:30,29.05,100,
09:48:30,29.0599,400,
09:48:30,29.0527,100,
09:48:32,29.06,1000,
09:48:32,29.06,100,
09:48:33,29.06,100,
09:48:33,29.06,200,
09:48:33,29.06,184,
09:48:33,29.06,116,
09:48:34,29.049,100,
09:48:36,29.06,2000,
09:48:37,29.0589,750,
09:48:37,29.06,100,
09:48:41,29,100,
09:48:41,28.99,100,
09:48:41,28.99,100,
09:48:42,28.98,1000,
09:48:43,28.9899,200,
09:48:43,28.99,200,
09:48:43,28.99,600,
09:48:43,29.017,800,
09:48:44,28.98,166,
09:48:45,29,100,
09:48:46,28.98,100,
09:48:47,28.97,200,
09:48:47,28.98,100,
09:48:47,28.98,300,
09:48:47,28.98,100,
09:48:47,28.98,200,
09:48:47,28.98,100,
09:48:48,28.99,100,
09:48:48,28.997,168,
09:48:50,28.99,100,
09:48:50,28.99,100,
09:48:50,28.99,100,
09:48:50,28.99,100,
09:48:51,28.9801,6200,
09:48:53,29.01,100,
09:48:54,29.03,100,
09:48:54,29.03,100,
09:48:54,29.04,200,
09:48:54,29.03,600,
09:48:56,29.029,400,
09:48:58,29,200,
09:48:59,29.0017,100,
09:48:59,29,300,
09:48:59,29,100,
09:48:59,29.01,100,
09:48:59,29,700,
09:49:03,29.001,2000,
09:49:05,29.02,100,
09:49:06,29.0122,100,
09:49:07,29.038,1000,
09:49:07,29.02,100,
09:49:09,29.02,100,
09:49:10,29.02,100,
09:49:10,29.02,100,
09:49:11,29,100,
09:49:11,29.0001,1000,
09:49:13,29.01,100,
09:49:13,29.01,200,
09:49:13,29.01,100,
09:49:13,29.01,100,
09:49:13,29.01,100,
09:49:13,29.01,200,
09:49:13,29.01,100,
09:49:13,29.01,200,
09:49:13,29.02,100,
09:49:13,29.03,100,
09:49:13,29.03,100,
09:49:13,29.03,100,
09:49:13,29.03,100,
09:49:13,29.03,100,
09:49:13,29.03,100,
09:49:14,29.02,100,
09:49:15,29.02,500,
09:49:16,29.029,300,
09:49:16,29.02,100,
09:49:16,29.02,100,
09:49:17,29.03,100,
09:49:19,29.03,100,
09:49:19,29.03,100,
09:49:21,29.04,100,
09:49:21,29.04,100,
09:49:21,29.06,100,
09:49:21,29.06,300,
09:49:22,29.06,200,
09:49:24,29.04,100,
09:49:25,29.07,4000,
09:49:25,29.033,600,
09:49:28,29.0101,1800,
09:49:28,29.017,400,
09:49:29,29.01,100,
09:49:29,29.01,100,
09:49:29,29.009,300,
09:49:31,29.01,200,
09:49:31,29.02,100,
09:49:31,29.002,600,
09:49:32,29.01,12900,
09:49:35,29.04,100,
09:49:35,29.04,600,
09:49:35,29.0493,200,
09:49:35,29.0494,100,
09:49:35,29.0494,100,
09:49:35,29.0495,100,
09:49:35,29.049,2500,
09:49:35,29.04,100,
09:49:35,29.04,100,
09:49:35,29.04,200,
09:49:37,29.04,8100,
09:49:38,29.039,100,
09:49:42,29.0399,2000,
09:49:42,29.0483,100,
09:49:42,29.0483,100,
09:49:42,29.0483,100,
09:49:42,29.0483,100,
09:49:42,29.049,1100,
09:49:42,29.047,4200,
09:49:43,29.037,600,
09:49:44,29.037,100,
09:49:44,29.03,100,
09:49:45,29.0399,100,
09:49:45,29.04,100,
09:49:47,29.05,300,
09:49:48,29.0502,1000,
09:49:48,29.05,200,
09:49:49,29.04,200,
09:49:53,29.039,200,
09:49:53,29.039,200,
09:49:58,29.04,595,
09:49:59,29.04,110,
09:50:01,29.05,100,
09:50:01,29.05,100,
09:50:02,29.05,100,
09:50:02,29.05,100,
09:50:02,29.05,100,
09:50:02,29.05,200,
09:50:02,29.043,200,
09:50:02,29.04,600,
09:50:03,29.039,1400,
09:50:03,29.039,1400,
09:50:04,29.039,2900,
09:50:05,29.039,100,
09:50:13,29.03,100,
09:50:14,29.03,100,
09:50:15,29.022,1000,
09:50:16,29.02,300,
09:50:20,29.0415,100,
09:50:21,29.041,1000,
09:50:22,29.05,300,
09:50:23,29.02,100,
09:50:24,29,100,
09:50:25,28.98,100,
09:50:25,28.98,100,
09:50:25,28.97,100,
09:50:25,28.97,100,
09:50:25,28.97,100,
09:50:25,28.97,100,
09:50:25,28.97,100,
09:50:25,28.97,100,
09:50:25,28.97,100,
09:50:25,28.97,100,
09:50:25,28.97,100,
09:50:25,28.97,100,
09:50:25,28.97,100,
09:50:25,28.97,100,
09:50:25,28.97,100,
09:50:25,28.97,100,
09:50:28,28.9611,400,
09:50:32,28.95,200,
09:50:32,28.95,100,
09:50:32,28.95,100,
09:50:32,28.95,100,
09:50:32,28.95,800,
09:50:32,28.95,500,
09:50:32,28.95,200,
09:50:32,28.95,1222,
09:50:32,28.95,200,
09:50:32,28.94,100,
09:50:32,28.93,100,
09:50:32,28.93,100,
09:50:32,28.93,100,
09:50:32,28.93,128,
09:50:33,28.93,100,
09:50:33,28.94,100,
09:50:33,28.94,100,
09:50:33,28.94,100,
09:50:34,28.94,100,
09:50:36,28.95,100,
09:50:36,28.95,100,
09:50:36,28.95,100,
09:50:36,28.933,500,
09:50:37,28.95,100,
09:50:38,28.95,100,
09:50:38,28.94,800,
09:50:39,28.94,100,
09:50:39,28.94,100,
09:50:39,28.94,100,
09:50:40,28.94,100,
09:50:40,28.953,1000,
09:50:41,28.948,400,
09:50:43,28.951,300,
09:50:45,28.932,100,
09:50:45,28.94,100,
09:50:45,28.9428,900,
09:50:46,28.943,100,
09:50:47,28.93,100,
09:50:47,28.93,100,
09:50:47,28.93,100,
09:50:47,28.94,100,
09:50:50,28.92,200,
09:50:50,28.91,100,
09:50:50,28.9192,100,
09:50:50,28.91,1000,
09:50:50,28.9179,100,
09:50:50,28.911,400,
09:50:51,28.94,100,
09:50:52,28.943,400,
09:50:52,28.95,300,
09:50:53,28.943,1000,
09:50:54,28.97,300,
09:50:55,28.97,200,
09:50:55,28.98,100,
09:50:55,28.98,100,
09:50:55,28.98,300,
09:50:59,28.9502,2000,
09:51:00,28.96,100,
09:51:00,28.967,200,
09:51:03,28.98,300,
09:51:03,28.98,100,
09:51:03,28.98,100,
09:51:03,28.98,100,
09:51:03,28.99,100,
09:51:03,28.99,1500,
09:51:09,28.97,100,
09:51:10,28.9701,100,
09:51:10,28.97,200,
09:51:10,28.99,100,
09:51:10,28.99,100,
09:51:10,28.99,100,
09:51:10,28.99,3200,
09:51:10,28.99,100,
09:51:10,28.99,100,
09:51:10,28.99,100,
09:51:10,28.99,100,
09:51:10,28.99,100,
09:51:10,28.9992,200,
09:51:10,28.9996,100,
09:51:10,28.999,2400,
09:51:10,28.94,600,
09:51:11,28.9828,500,
09:51:11,29,1900,
09:51:12,29.01,100,
09:51:12,29.01,1200,
09:51:12,29.01,100,
09:51:12,29.01,600,
09:51:12,29.01,100,
09:51:12,29,9100,
09:51:12,29.01,201,
09:51:13,29,300,
09:51:13,29.009,300,
09:51:13,29.009,400,
09:51:14,29.0102,500,
09:51:16,29.019,700,
09:51:17,29.013,1050,
09:51:18,29,100,
09:51:18,29.0023,100,
09:51:19,28.98,100,
09:51:19,28.98,600,
09:51:19,28.98,200,
09:51:19,28.98,137,
09:51:19,28.98,126,
09:51:19,28.98,100,
09:51:19,28.98,100,
09:51:19,28.98,100,
09:51:22,28.989,200,
09:51:23,28.99,100,
09:51:23,28.99,100,
09:51:23,28.99,100,
09:51:23,28.99,300,
09:51:23,28.99,100,
09:51:25,28.999,100,
09:51:26,28.999,800,
09:51:33,29.04,600,
09:51:35,29.041,3000,
09:51:37,29.039,200,
09:51:38,29.039,500,
09:51:40,29.0367,100,
09:51:40,29.0377,100,
09:51:40,29.04,126,
09:51:40,29.04,100,
09:51:40,29.04,900,
09:51:42,29.01,100,
09:51:42,29.02,100,
09:51:42,29.02,100,
09:51:42,29.02,200,
09:51:42,29.02,100,
09:51:44,29.02,100,
09:51:44,29.02,200,
09:51:44,29.02,100,
09:51:51,29.05,786,
09:51:51,29.05,100,
09:51:51,29.05,100,
09:51:52,29.05,100,
09:51:54,29.041,500,
09:51:57,29.0488,1000,
09:52:00,29.04,100,
09:52:00,29.04,100,
09:52:00,29.04,100,
09:52:00,29.039,200,
09:52:00,29.039,200,
09:52:04,29.03,200,
09:52:04,29.02,100,
09:52:04,29.03,300,
09:52:04,29.03,100,
09:52:04,29.03,100,
09:52:04,29.0128,300,
09:52:04,29.02,100,
09:52:04,29.03,100,
09:52:06,29.01,100,
09:52:06,29.01,100,
09:52:06,29.01,100,
09:52:06,29.01,200,
09:52:06,29.01,600,
09:52:06,29,300,
09:52:06,29,100,
09:52:06,29,100,
09:52:06,29,200,
09:52:06,28.99,100,
09:52:06,28.99,100,
09:52:06,28.99,100,
09:52:07,28.99,600,
09:52:07,28.97,6580,
09:52:07,28.99,100,
09:52:07,28.99,100,
09:52:07,29,100,
09:52:08,28.99,100,
09:52:08,28.99,300,
09:52:09,28.9925,4000,
09:52:11,29,100,
09:52:11,29,100,
09:52:11,28.999,100,
09:52:14,28.99,100,
09:52:14,28.99,100,
09:52:14,28.99,300,
09:52:14,28.99,100,
09:52:14,28.99,100,
09:52:14,28.99,100,
09:52:14,28.99,100,
09:52:14,28.99,100,
09:52:14,28.99,200,
09:52:18,28.98,100,
09:52:23,29.009,200,
09:52:23,29.001,200,
09:52:25,29.001,1000,
09:52:25,29,200,
09:52:26,29,300,
09:52:27,29.01,100,
09:52:27,29.01,100,
09:52:27,29.01,100,
09:52:27,29.01,1400,
09:52:27,29.01,100,
09:52:28,29,200,
09:52:28,29,160,
09:52:28,28.99,600,
09:52:34,28.97,200,
09:52:35,28.987,100,
09:52:37,28.98,100,
09:52:37,28.97,200,
09:52:37,28.97,100,
09:52:37,28.97,100,
09:52:37,28.97,100,
09:52:37,28.97,100,
09:52:37,28.97,100,
09:52:37,28.95,100,
09:52:37,28.95,100,
09:52:37,28.93,100,
09:52:37,28.93,100,
09:52:37,28.93,100,
09:52:37,28.93,100,
09:52:37,28.93,400,
09:52:37,28.93,800,
09:52:37,28.93,100,
09:52:37,28.92,200,
09:52:37,28.90,100,
09:52:37,28.92,300,
09:52:37,28.89,100,
09:52:37,28.92,100,
09:52:37,28.92,100,
09:52:37,28.92,1000,
09:52:37,28.90,300,
09:52:37,28.92,192,
09:52:37,28.89,300,
09:52:37,28.91,100,
09:52:38,28.90,100,
09:52:38,28.90,100,
09:52:38,28.90,100,
09:52:38,28.89,100,
09:52:38,28.89,100,
09:52:38,28.89,100,
09:52:38,28.89,100,
09:52:38,28.89,100,
09:52:38,28.89,100,
09:52:38,28.89,100,
09:52:38,28.89,100,
09:52:38,28.89,100,
09:52:38,28.89,1800,
09:52:38,28.89,100,
09:52:38,28.89,100,
09:52:38,28.89,100,
09:52:38,28.88,100,
09:52:38,28.88,100,
09:52:38,28.88,500,
09:52:38,28.88,600,
09:52:38,28.88,200,
09:52:38,28.87,100,
09:52:38,28.88,500,
09:52:38,28.87,100,
09:52:38,28.87,100,
09:52:38,28.87,100,
09:52:38,28.87,100,
09:52:38,28.90,500,
09:52:38,28.87,100,
09:52:38,28.87,100,
09:52:38,28.88,100,
09:52:38,28.88,900,
09:52:40,28.90,100,
09:52:40,28.90,200,
09:52:41,28.90,100,
09:52:41,28.89,100,
09:52:41,28.89,100,
09:52:41,28.89,200,
09:52:41,28.89,200,
09:52:41,28.88,100,
09:52:41,28.88,100,
09:52:41,28.88,100,
09:52:41,28.88,100,
09:52:41,28.88,100,
09:52:41,28.89,100,
09:52:42,28.88,200,
09:52:42,28.879,5000,
09:52:42,28.88,100,
09:52:42,28.88,100,
09:52:42,28.87,100,
09:52:42,28.87,100,
09:52:42,28.87,100,
09:52:42,28.8701,100,
09:52:42,28.87,100,
09:52:43,28.86,200,
09:52:43,28.86,100,
09:52:43,28.86,100,
09:52:43,28.86,100,
09:52:43,28.86,100,
09:52:43,28.86,100,
09:52:43,28.859,1202,
09:52:45,28.84,100,
09:52:46,28.853,500,
09:52:47,28.86,200,
09:52:48,28.8479,100,
09:52:48,28.849,100,
09:52:49,28.863,700,
09:52:49,28.85,100,
09:52:49,28.85,100,
09:52:49,28.86,100,
09:52:49,28.86,100,
09:52:50,28.86,100,
09:52:50,28.86,100,
09:52:50,28.85,600,
09:52:51,28.85,100,
09:52:51,28.85,100,
09:52:51,28.84,100,
09:52:51,28.84,200,
09:52:51,28.83,200,
09:52:51,28.81,100,
09:52:51,28.82,100,
09:52:51,28.82,200,
09:52:51,28.81,150,
09:52:51,28.80,100,
09:52:51,28.79,300,
09:52:51,28.79,100,
09:52:51,28.7906,100,
09:52:51,28.791,1500,
09:52:51,28.79,200,
09:52:51,28.79,100,
09:52:51,28.79,100,
09:52:52,28.79,13100,
09:52:52,28.78,100,
09:52:54,28.78,100,
09:52:54,28.78,100,
09:52:54,28.79,2500,
09:52:54,28.77,100,
09:52:54,28.77,200,
09:52:54,28.77,300,
09:52:54,28.77,100,
09:52:54,28.77,100,
09:52:54,28.77,100,
09:52:54,28.75,100,
09:52:54,28.75,250,
09:52:54,28.75,100,
09:52:54,28.75,140,
09:52:54,28.75,100,
09:52:54,28.76,100,
09:52:54,28.75,200,
09:52:55,28.74,180,
09:52:55,28.73,100,
09:52:55,28.73,100,
09:52:55,28.73,100,
09:52:55,28.73,100,
09:52:55,28.73,260,
09:52:55,28.73,100,
09:52:55,28.73,300,
09:52:55,28.73,100,
09:52:55,28.72,100,
09:52:55,28.7101,200,
09:52:55,28.7101,200,
09:52:56,28.70,500,
09:52:56,28.71,100,
09:52:56,28.70,100,
09:52:57,28.69,500,
09:52:57,28.72,100,
09:52:57,28.72,100,
09:52:58,28.72,100,
09:52:59,28.7015,500,
09:53:00,28.701,600,
09:53:00,28.70,100,
09:53:00,28.70,100,
09:53:01,28.71,100,
09:53:01,28.7015,100,
09:53:01,28.703,1000,
09:53:01,28.701,400,
09:53:01,28.71,300,
09:53:02,28.693,200,
09:53:02,28.71,100,
09:53:02,28.71,100,
09:53:02,28.7104,100,
09:53:02,28.72,100,
09:53:02,28.711,400,
09:53:02,28.73,100,
09:53:02,28.7399,100,
09:53:03,28.75,100,
09:53:03,28.74,200,
09:53:03,28.7484,2000,
09:53:03,28.7499,100,
09:53:03,28.75,100,
09:53:03,28.75,300,
09:53:03,28.74,100,
09:53:04,28.715,800,
09:53:04,28.747,400,
09:53:04,28.75,400,
09:53:05,28.76,200,
09:53:05,28.76,200,
09:53:05,28.7599,100,
09:53:05,28.77,200,
09:53:05,28.7689,300,
09:53:07,28.77,4700,
09:53:09,28.751,500,
09:53:09,28.762,158,
09:53:10,28.78,200,
09:53:11,28.78,100,
09:53:11,28.78,200,
09:53:13,28.7864,100,
09:53:13,28.789,100,
09:53:14,28.778,100,
09:53:14,28.76,500,
09:53:14,28.76,407,
09:53:15,28.75,100,
09:53:15,28.75,100,
09:53:15,28.75,100,
09:53:15,28.75,100,
09:53:15,28.789,3000,
09:53:16,28.75,100,
09:53:16,28.75,100,
09:53:16,28.75,100,
09:53:16,28.75,100,
09:53:16,28.75,100,
09:53:16,28.76,100,
09:53:17,28.75,100,
09:53:17,28.75,100,
09:53:17,28.75,100,
09:53:17,28.75,554,
09:53:19,28.759,5000,
09:53:22,28.75,300,
09:53:22,28.75,100,
09:53:22,28.75,100,
09:53:23,28.75,200,
09:53:23,28.75,100,
09:53:25,28.7397,100,
09:53:25,28.7398,100,
09:53:25,28.7499,600,
09:53:27,28.74,100,
09:53:27,28.74,100,
09:53:27,28.74,200,
09:53:28,28.74,100,
09:53:28,28.75,100,
09:53:28,28.75,100,
09:53:28,28.75,160,
09:53:28,28.75,100,
09:53:28,28.75,200,
09:53:32,28.731,700,
09:53:36,28.7601,400,
09:53:37,28.7496,100,
09:53:38,28.731,500,
09:53:39,28.73,1500,
09:53:41,28.74,300,
09:53:46,28.727,400,
09:53:48,28.71,100,
09:53:48,28.70,3100,
09:53:48,28.71,100,
09:53:49,28.7099,100,
09:53:49,28.7099,100,
09:53:49,28.71,100,
09:53:50,28.7194,400,
09:53:57,28.73,100,
09:53:57,28.73,140,
09:53:57,28.73,100,
09:53:57,28.73,184,
09:53:57,28.73,100,
09:53:58,28.72,100,
09:53:58,28.72,200,
09:53:58,28.72,200,
09:53:58,28.72,100,
09:53:58,28.74,5000,
09:54:00,28.70,100,
09:54:01,28.71,200,
09:54:02,28.71,100,
09:54:02,28.72,100,
09:54:02,28.72,100,
09:54:04,28.701,1000,
09:54:05,28.72,100,
09:54:05,28.72,400,
09:54:05,28.72,600,
09:54:05,28.70,100,
09:54:05,28.69,200,
09:54:05,28.69,100,
09:54:05,28.69,100,
09:54:05,28.69,100,
09:54:05,28.69,300,
09:54:05,28.69,100,
09:54:05,28.70,100,
09:54:05,28.68,100,
09:54:05,28.69,131,
09:54:05,28.68,100,
09:54:05,28.68,100,
09:54:06,28.70,100,
09:54:06,28.6999,200,
09:54:09,28.69,100,
09:54:09,28.69,100,
09:54:10,28.689,1000,
09:54:16,28.699,2500,
09:54:17,28.72,100,
09:54:17,28.72,200,
09:54:17,28.72,100,
09:54:17,28.72,100,
09:54:17,28.73,100,
09:54:18,28.72,100,
09:54:18,28.72,100,
09:54:18,28.72,100,
09:54:18,28.721,100,
09:54:20,28.71,100,
09:54:26,28.71,100,
09:54:26,28.71,100,
09:54:26,28.71,100,
09:54:27,28.717,325,
09:54:31,28.70,200,
09:54:31,28.70,200,
09:54:34,28.72,200,
09:54:34,28.72,100,
09:54:34,28.7101,100,
09:54:35,28.7122,100,
09:54:35,28.7127,100,
09:54:35,28.7128,100,
09:54:35,28.7196,1000,
09:54:40,28.72,100,
09:54:40,28.70,150,
09:54:42,28.7001,2800,
09:54:43,28.711,400,
09:54:45,28.69,100,
09:54:45,28.69,100,
09:54:45,28.69,100,
09:54:45,28.6897,100,
09:54:47,28.6898,318,
09:54:48,28.70,100,
09:54:48,28.70,200,
09:54:52,28.70,100,
09:54:52,28.70,100,
09:54:52,28.69,100,
09:54:52,28.69,100,
09:54:52,28.69,100,
09:54:52,28.68,200,
09:54:54,28.6699,100,
09:54:54,28.701,500,
09:54:55,28.667,250,
09:54:55,28.68,100,
09:54:55,28.69,100,
09:54:55,28.70,177,
09:54:55,28.70,313,
09:54:55,28.70,187,
09:54:55,28.70,100,
09:54:55,28.685,100,
09:54:55,28.6848,100,
09:54:56,28.70,100,
09:54:57,28.71,100,
09:54:57,28.71,400,
09:54:58,28.71,100,
09:54:59,28.6725,7000,
09:55:00,28.66,100,
09:55:00,28.66,100,
09:55:00,28.66,100,
09:55:02,28.6599,100,
09:55:04,28.651,400,
09:55:05,28.67,600,
09:55:08,28.67,1700,
09:55:09,28.68,100,
09:55:09,28.68,100,
09:55:12,28.69,100,
09:55:12,28.69,100,
09:55:13,28.6889,100,
09:55:16,28.69,10000,
09:55:16,28.67,100,
09:55:21,28.6501,400,
09:55:21,28.65,100,
09:55:22,28.6593,4500,
09:55:23,28.65,100,
09:55:24,28.6401,1000,
09:55:25,28.6598,5000,
09:55:29,28.6798,2000,
09:55:29,28.66,100,
09:55:36,28.6499,200,
09:55:36,28.65,100,
09:55:36,28.64,100,
09:55:38,28.6489,300,
09:55:40,28.657,1000,
09:55:40,28.643,250,
09:55:41,28.66,500,
09:55:41,28.66,100,
09:55:46,28.657,1000,
09:55:46,28.66,100,
09:55:47,28.65,100,
09:55:47,28.64,3600,
09:55:47,28.64,18948,
09:55:47,28.64,837,
09:55:47,28.64,600,
09:55:47,28.64,100,
09:55:47,28.64,200,
09:55:47,28.64,3200,
09:55:47,28.64,800,
09:55:47,28.64,800,
09:55:47,28.64,300,
09:55:47,28.64,800,
09:55:49,28.64,400,
09:55:50,28.64,100,
09:55:52,28.62,100,
09:55:52,28.61,250,
09:55:52,28.639,700,
09:55:53,28.62,100,
09:55:54,28.621,500,
09:55:55,28.619,100,
09:55:55,28.621,100,
09:55:55,28.619,600,
09:55:55,28.65,100,
09:55:57,28.64,300,
09:55:57,28.65,100,
09:55:57,28.66,100,
09:55:57,28.66,500,
09:55:57,28.66,200,
09:55:57,28.66,100,
09:55:57,28.66,100,
09:55:57,28.66,100,
09:55:57,28.6505,100,
09:55:58,28.6702,500,
09:55:59,28.679,100,
09:55:59,28.679,100,
09:55:59,28.68,100,
09:55:59,28.68,100,
09:56:01,28.67,100,
09:56:01,28.677,100,
09:56:02,28.671,100,
09:56:03,28.67,100,
09:56:04,28.67,200,
09:56:04,28.64,795,
09:56:04,28.671,1800,
09:56:04,28.671,100,
09:56:05,28.671,200,
09:56:06,28.66,300,
09:56:06,28.67,100,
09:56:06,28.67,100,
09:56:06,28.67,100,
09:56:08,28.671,100,
09:56:09,28.65,100,
09:56:10,28.65,300,
09:56:10,28.64,100,
09:56:11,28.64,100,
09:56:13,28.64,376,
09:56:13,28.64,500,
09:56:13,28.63,100,
09:56:13,28.6301,100,
09:56:13,28.63,100,
09:56:13,28.62,800,
09:56:13,28.6226,100,
09:56:13,28.6226,100,
09:56:13,28.62,500,
09:56:14,28.629,200,
09:56:14,28.629,200,
09:56:15,28.6202,100,
09:56:17,28.63,100,
09:56:19,28.61,100,
09:56:19,28.61,100,
09:56:19,28.6172,100,
09:56:21,28.6399,2000,
09:56:21,28.63,100,
09:56:22,28.621,700,
09:56:23,28.63,100,
09:56:24,28.63,495,
09:56:25,28.65,100,
09:56:26,28.65,100,
09:56:26,28.67,100,
09:56:26,28.67,200,
09:56:26,28.67,795,
09:56:26,28.67,200,
09:56:27,28.6689,450,
09:56:28,28.67,500,
09:56:28,28.67,100,
09:56:28,28.67,100,
09:56:28,28.66,100,
09:56:28,28.66,100,
09:56:30,28.671,1000,
09:56:30,28.67,100,
09:56:31,28.68,795,
09:56:31,28.68,100,
09:56:31,28.68,100,
09:56:31,28.68,100,
09:56:31,28.68,100,
09:56:31,28.677,800,
09:56:33,28.66,100,
09:56:33,28.66,100,
09:56:33,28.66,500,
09:56:36,28.65,100,
09:56:38,28.65,100,
09:56:38,28.65,100,
09:56:39,28.64,300,
09:56:39,28.64,535,
09:56:39,28.64,200,
09:56:39,28.65,100,
09:56:39,28.64,700,
09:56:40,28.6489,1500,
09:56:41,28.641,600,
09:56:41,28.64,600,
09:56:41,28.64,500,
09:56:41,28.64,1070,
09:56:41,28.62,200,
09:56:41,28.62,100,
09:56:41,28.62,100,
09:56:42,28.63,140,
09:56:42,28.63,500,
09:56:42,28.64,100,
09:56:42,28.63,100,
09:56:42,28.63,100,
09:56:42,28.63,100,
09:56:42,28.63,100,
09:56:43,28.64,1000,
09:56:44,28.62,100,
09:56:45,28.62,100,
09:56:45,28.63,100,
09:56:47,28.617,200,
09:56:47,28.61,200,
09:56:47,28.61,400,
09:56:47,28.6101,900,
09:56:47,28.61,100,
09:56:47,28.61,100,
09:56:47,28.61,100,
09:56:47,28.61,200,
09:56:47,28.6101,900,
09:56:48,28.62,100,
09:56:48,28.62,100,
09:56:48,28.62,100,
09:56:48,28.63,100,
09:56:51,28.60,100,
09:56:51,28.60,377,
09:56:51,28.60,123,
09:56:52,28.59,500,
09:56:52,28.59,100,
09:56:54,28.59,100,
09:56:54,28.59,140,
09:56:54,28.59,100,
09:56:54,28.60,100,
09:56:54,28.60,100,
09:56:54,28.60,100,
09:56:54,28.601,161,
09:56:55,28.60,100,
09:56:56,28.60,100,
09:56:56,28.60,400,
09:56:56,28.59,100,
09:56:56,28.59,100,
09:56:56,28.599,200,
09:56:57,28.5825,2000,
09:56:58,28.581,400,
09:56:59,28.59,100,
09:56:59,28.58,100,
09:56:59,28.58,100,
09:56:59,28.58,600,
09:56:59,28.58,795,
09:56:59,28.58,200,
09:56:59,28.5999,1000,
09:57:01,28.56,300,
09:57:01,28.57,100,
09:57:01,28.56,200,
09:57:01,28.57,100,
09:57:01,28.57,100,
09:57:01,28.56,700,
09:57:01,28.57,100,
09:57:01,28.57,600,
09:57:01,28.56,750,
09:57:02,28.58,100,
09:57:02,28.58,100,
09:57:03,28.5805,100,
09:57:03,28.581,1600,
09:57:03,28.581,1800,
09:57:04,28.59,100,
09:57:05,28.581,300,
09:57:05,28.581,200,
09:57:06,28.59,100,
09:57:06,28.59,100,
09:57:06,28.59,100,
09:57:07,28.5988,110,
09:57:08,28.589,400,
09:57:08,28.63,100,
09:57:08,28.62,200,
09:57:08,28.63,100,
09:57:08,28.62,100,
09:57:08,28.62,300,
09:57:08,28.62,100,
09:57:08,28.62,400,
09:57:08,28.62,100,
09:57:08,28.62,100,
09:57:10,28.65,1000,
09:57:11,28.64,100,
09:57:11,28.65,300,
09:57:11,28.6472,700,
09:57:11,28.66,100,
09:57:11,28.66,400,
09:57:11,28.65,100,
09:57:11,28.65,100,
09:57:11,28.65,100,
09:57:12,28.6488,100,
09:57:13,28.63,100,
09:57:13,28.6299,200,
09:57:14,28.667,100,
09:57:16,28.61,100,
09:57:16,28.61,100,
09:57:16,28.61,100,
09:57:16,28.61,100,
09:57:16,28.62,100,
09:57:16,28.62,100,
09:57:16,28.62,100,
09:57:16,28.62,100,
09:57:16,28.62,200,
09:57:16,28.62,100,
09:57:16,28.62,100,
09:57:16,28.62,100,
09:57:16,28.62,600,
09:57:16,28.60,100,
09:57:20,28.609,900,
09:57:20,28.6109,100,
09:57:20,28.612,100,
09:57:20,28.6129,100,
09:57:22,28.62,100,
09:57:23,28.64,100,
09:57:23,28.64,100,
09:57:23,28.63,200,
09:57:23,28.62,100,
09:57:25,28.621,100,
09:57:26,28.62,100,
09:57:27,28.62,100,
09:57:27,28.6198,1000,
09:57:27,28.62,100,
09:57:28,28.619,100,
09:57:29,28.63,100,
09:57:29,28.65,300,
09:57:29,28.65,100,
09:57:29,28.65,100,
09:57:29,28.65,100,
09:57:30,28.66,300,
09:57:30,28.6688,100,
09:57:31,28.65,100,
09:57:31,28.64,100,
09:57:31,28.64,100,
09:57:31,28.64,200,
09:57:31,28.64,100,
09:57:31,28.64,100,
09:57:31,28.64,100,
09:57:31,28.63,100,
09:57:31,28.63,300,
09:57:31,28.64,100,
09:57:31,28.64,400,
09:57:31,28.64,100,
09:57:31,28.62,100,
09:57:31,28.62,100,
09:57:31,28.62,100,
09:57:31,28.62,100,
09:57:31,28.62,100,
09:57:31,28.62,100,
09:57:31,28.63,100,
09:57:31,28.63,600,
09:57:31,28.62,100,
09:57:31,28.62,200,
09:57:31,28.62,100,
09:57:31,28.63,100,
09:57:31,28.62,100,
09:57:32,28.62,300,
09:57:32,28.62,300,
09:57:32,28.63,400,
09:57:32,28.62,200,
09:57:32,28.62,100,
09:57:32,28.63,395,
09:57:33,28.63,700,
09:57:34,28.62,252,
09:57:34,28.62,600,
09:57:34,28.62,795,
09:57:35,28.64,100,
09:57:35,28.639,500,
09:57:39,28.6399,100,
09:57:41,28.649,2400,
09:57:42,28.64,100,
09:57:42,28.64,100,
09:57:46,28.63,200,
09:57:46,28.63,795,
09:57:50,28.647,800,
09:57:51,28.6299,100,
09:57:52,28.63,100,
09:57:52,28.63,100,
09:57:52,28.63,100,
09:57:52,28.62,100,
09:57:53,28.637,300,
09:57:53,28.6186,100,
09:57:53,28.619,300,
09:57:55,28.62,200,
09:57:55,28.619,2800,
09:57:56,28.62,300,
09:57:56,28.62,100,
09:57:58,28.62,100,
09:57:58,28.62,100,
09:57:58,28.62,100,
09:57:58,28.62,100,
09:57:58,28.62,100,
09:57:58,28.62,100,
09:57:58,28.62,100,
09:57:58,28.62,100,
09:57:58,28.61,200,
09:57:58,28.61,123,
09:57:58,28.60,200,
09:57:58,28.60,100,
09:57:58,28.60,336,
09:58:00,28.62,795,
09:58:01,28.63,100,
09:58:01,28.67,200,
09:58:01,28.67,100,
09:58:02,28.67,100,
09:58:02,28.66,200,
09:58:04,28.64,100,
09:58:04,28.64,100,
09:58:05,28.6385,100,
09:58:05,28.65,100,
09:58:07,28.649,736,
09:58:08,28.67,100,
09:58:08,28.66,100,
09:58:08,28.649,100,
09:58:08,28.65,100,
09:58:08,28.65,100,
09:58:08,28.65,300,
09:58:08,28.65,600,
09:58:08,28.65,100,
09:58:08,28.66,100,
09:58:08,28.66,600,
09:58:08,28.66,100,
09:58:08,28.66,300,
09:58:08,28.66,500,
09:58:08,28.649,200,
09:58:10,28.66,100,
09:58:11,28.6599,3000,
09:58:11,28.6599,100,
09:58:11,28.659,600,
09:58:12,28.639,700,
09:58:12,28.64,100,
09:58:12,28.649,200,
09:58:12,28.649,200,
09:58:13,28.65,100,
09:58:14,28.649,1000,
09:58:14,28.65,800,
09:58:15,28.64,500,
09:58:16,28.64,100,
09:58:16,28.63,100,
09:58:16,28.63,200,
09:58:16,28.6298,200,
09:58:17,28.629,1000,
09:58:18,28.62,200,
09:58:18,28.62,565,
09:58:18,28.61,100,
09:58:18,28.61,185,
09:58:18,28.61,100,
09:58:19,28.63,1125,
09:58:20,28.619,100,
09:58:20,28.619,100,
09:58:20,28.62,100,
09:58:20,28.63,600,
09:58:22,28.62,100,
09:58:22,28.629,100,
09:58:23,28.62,100,
09:58:23,28.64,800,
09:58:23,28.66,100,
09:58:23,28.66,200,
09:58:23,28.66,100,
09:58:23,28.65,300,
09:58:23,28.65,100,
09:58:23,28.65,500,
09:58:23,28.65,100,
09:58:23,28.65,100,
09:58:23,28.65,600,
09:58:23,28.6566,100,
09:58:24,28.66,200,
09:58:26,28.66,200,
09:58:26,28.669,500,
09:58:26,28.6572,100,
09:58:26,28.659,200,
09:58:27,28.66,1800,
09:58:29,28.6581,100,
09:58:29,28.659,100,
09:58:31,28.65,100,
09:58:32,28.64,400,
09:58:32,28.64,300,
09:58:32,28.65,100,
09:58:34,28.6389,300,
09:58:34,28.65,300,
09:58:34,28.65,100,
09:58:34,28.6388,200,
09:58:34,28.639,700,
09:58:34,28.64,1200,
09:58:35,28.64,1900,
09:58:37,28.64,100,
09:58:38,28.64,100,
09:58:38,28.64,100,
09:58:40,28.6399,100,
09:58:40,28.639,300,
09:58:41,28.6389,600,
09:58:41,28.63,500,
09:58:41,28.63,1800,
09:58:42,28.6299,200,
09:58:42,28.63,100,
09:58:42,28.62,371,
09:58:42,28.62,100,
09:58:44,28.62,795,
09:58:44,28.63,100,
09:58:45,28.629,200,
09:58:46,28.6298,100,
09:58:46,28.6298,200,
09:58:53,28.6199,200,
09:58:53,28.629,200,
09:58:54,28.61,1000,
09:58:54,28.61,100,
09:58:55,28.58,100,
09:58:55,28.58,100,
09:58:55,28.58,100,
09:58:55,28.58,500,
09:58:55,28.58,100,
09:58:55,28.58,823,
09:58:55,28.58,100,
09:58:55,28.58,600,
09:58:55,28.58,100,
09:58:55,28.58,300,
09:58:55,28.58,100,
09:58:55,28.58,100,
09:58:55,28.58,100,
09:58:55,28.58,100,
09:58:55,28.59,100,
09:58:55,28.59,300,
09:58:55,28.58,600,
09:58:55,28.59,100,
09:58:55,28.59,385,
09:58:55,28.59,100,
09:58:55,28.58,900,
09:58:55,28.59,100,
09:58:55,28.59,100,
09:58:55,28.58,100,
09:58:55,28.58,100,
09:58:55,28.58,100,
09:58:55,28.58,100,
09:58:55,28.58,100,
09:58:55,28.58,600,
09:58:55,28.58,600,
09:58:55,28.58,100,
09:58:55,28.59,100,
09:58:55,28.59,100,
09:58:55,28.59,100,
09:58:55,28.59,300,
09:58:55,28.59,100,
09:58:55,28.59,100,
09:58:55,28.59,100,
09:58:56,28.619,1000,
09:58:57,28.59,7777,
09:58:59,28.56,200,
09:58:59,28.53,200,
09:58:59,28.55,100,
09:58:59,28.54,100,
09:58:59,28.55,187,
09:58:59,28.55,313,
09:58:59,28.53,100,
09:58:59,28.53,100,
09:59:00,28.5328,100,
09:59:01,28.54,100,
09:59:02,28.52,500,
09:59:04,28.55,300,
09:59:05,28.56,100,
09:59:05,28.56,100,
09:59:05,28.56,100,
09:59:05,28.56,100,
09:59:05,28.57,100,
09:59:05,28.58,200,
09:59:05,28.523,800,
09:59:05,28.58,300,
09:59:06,28.57,100,
09:59:07,28.61,100,
09:59:07,28.61,300,
09:59:07,28.61,100,
09:59:07,28.61,200,
09:59:07,28.61,100,
09:59:08,28.569,100,
09:59:08,28.569,200,
09:59:08,28.5999,200,
09:59:11,28.5995,1000,
09:59:15,28.60,100,
09:59:15,28.5972,300,
09:59:15,28.599,100,
09:59:17,28.60,100,
09:59:17,28.62,100,
09:59:17,28.61,2000,
09:59:19,28.6354,100,
09:59:19,28.6354,100,
09:59:19,28.6354,100,
09:59:19,28.6364,100,
09:59:20,28.637,160,
09:59:23,28.629,500,
09:59:23,28.637,800,
09:59:27,28.635,200,
09:59:29,28.63,100,
09:59:30,28.62,200,
09:59:30,28.62,200,
09:59:33,28.64,100,
09:59:40,28.61,795,
09:59:40,28.62,100,
09:59:40,28.62,100,
09:59:42,28.6399,100,
09:59:43,28.6399,200,
09:59:44,28.63,500,
09:59:44,28.63,200,
09:59:44,28.62,100,
09:59:47,28.619,200,
09:59:47,28.6098,150,
09:59:50,28.61,385,
09:59:50,28.62,200,
09:59:51,28.64,100,
09:59:51,28.64,200,
09:59:52,28.65,100,
09:59:53,28.63,100,
09:59:54,28.66,200,
09:59:54,28.66,100,
09:59:57,28.67,200,
09:59:57,28.68,105,
09:59:57,28.6898,300,
09:59:57,28.6898,300,
09:59:59,28.67,200,
10:00:01,28.61,100,
10:00:01,28.61,100,
10:00:01,28.61,200,
10:00:01,28.62,100,
10:00:01,28.6101,200,
10:00:01,28.61,200,
10:00:01,28.6101,200,
10:00:02,28.61,100,
10:00:02,28.61,100,
10:00:02,28.61,100,
10:00:02,28.61,100,
10:00:02,28.6101,200,
10:00:02,28.63,100,
10:00:02,28.61,1000,
10:00:04,28.6493,100,
10:00:06,28.66,100,
10:00:07,28.66,100,
10:00:07,28.65,100,
10:00:07,28.65,100,
10:00:07,28.64,100,
10:00:07,28.64,800,
10:00:07,28.64,100,
10:00:07,28.64,100,
10:00:07,28.64,900,
10:00:07,28.64,600,
10:00:07,28.64,100,
10:00:07,28.64,100,
10:00:07,28.64,100,
10:00:07,28.64,100,
10:00:07,28.64,100,
10:00:07,28.64,100,
10:00:07,28.64,100,
10:00:07,28.65,100,
10:00:07,28.65,100,
10:00:07,28.65,100,
10:00:07,28.65,100,
10:00:07,28.65,300,
10:00:07,28.65,200,
10:00:08,28.657,320,
10:00:11,28.623,300,
10:00:12,28.61,100,
10:00:12,28.61,300,
10:00:12,28.61,600,
10:00:12,28.61,100,
10:00:13,28.62,100,
10:00:13,28.62,271,
10:00:13,28.62,100,
10:00:13,28.63,100,
10:00:13,28.63,100,
10:00:13,28.63,600,
10:00:14,28.63,100,
10:00:14,28.63,100,
10:00:14,28.64,500,
10:00:15,28.6398,800,
10:00:16,28.63,100,
10:00:16,28.63,100,
10:00:17,28.64,100,
10:00:19,28.62,100,
10:00:19,28.62,100,
10:00:20,28.63,500,
10:00:20,28.65,100,
10:00:21,28.64,200,
10:00:21,28.64,100,
10:00:21,28.64,100,
10:00:25,28.61,100,
10:00:25,28.61,500,
10:00:25,28.61,100,
10:00:25,28.61,100,
10:00:25,28.60,300,
10:00:25,28.60,200,
10:00:25,28.62,200,
10:00:26,28.59,200,
10:00:27,28.59,100,
10:00:27,28.60,100,
10:00:27,28.60,200,
10:00:28,28.5999,100,
10:00:28,28.61,100,
10:00:28,28.61,100,
10:00:28,28.61,100,
10:00:28,28.60,100,
10:00:29,28.61,1000,
10:00:29,28.61,600,
10:00:29,28.61,200,
10:00:32,28.6078,300,
10:00:33,28.56,100,
10:00:33,28.5699,400,
10:00:34,28.57,100,
10:00:34,28.56,100,
10:00:34,28.56,100,
10:00:34,28.5699,1900,
10:00:36,28.5603,200,
10:00:36,28.5602,100,
10:00:36,28.561,2100,
10:00:37,28.56,100,
10:00:37,28.56,100,
10:00:37,28.56,100,
10:00:37,28.56,100,
10:00:37,28.56,100,
10:00:37,28.56,100,
10:00:37,28.56,100,
10:00:38,28.55,100,
10:00:39,28.567,300,
10:00:39,28.56,100,
10:00:39,28.5599,1000,
10:00:39,28.56,100,
10:00:40,28.59,600,
10:00:40,28.59,100,
10:00:41,28.589,600,
10:00:42,28.59,100,
10:00:42,28.60,100,
10:00:42,28.571,300,
10:00:43,28.59,100,
10:00:43,28.59,100,
10:00:43,28.58,200,
10:00:45,28.5883,100,
10:00:45,28.5885,100,
10:00:45,28.5886,100,
10:00:45,28.5891,200,
10:00:45,28.589,100,
10:00:47,28.5889,200,
10:00:47,28.589,3300,
10:00:50,28.58,100,
10:00:52,28.57,100,
10:00:52,28.5699,100,
10:00:56,28.57,100,
10:00:56,28.5699,100,
10:00:57,28.579,1500,
10:00:57,28.5799,400,
10:00:57,28.56,100,
10:01:00,28.57,100,
10:01:00,28.57,100,
10:01:00,28.57,100,
10:01:00,28.57,100,
10:01:00,28.57,100,
10:01:00,28.57,100,
10:01:02,28.60,124,
10:01:03,28.563,100,
10:01:04,28.61,100,
10:01:04,28.61,100,
10:01:06,28.5899,1000,
10:01:06,28.5899,100,
10:01:07,28.5899,100,
10:01:07,28.5899,100,
10:01:09,28.58,1500,
10:01:11,28.58,100,
10:01:11,28.58,100,
10:01:12,28.58,100,
10:01:12,28.58,100,
10:01:13,28.591,1000,
10:01:17,28.59,100,
10:01:18,28.5996,800,
10:01:19,28.59,100,
10:01:20,28.589,100,
10:01:20,28.5899,100,
10:01:21,28.589,100,
10:01:21,28.59,100,
10:01:22,28.60,300,
10:01:25,28.62,100,
10:01:25,28.629,200,
10:01:25,28.6272,1700,
10:01:27,28.629,300,
10:01:27,28.63,300,
10:01:27,28.64,100,
10:01:27,28.64,100,
10:01:29,28.667,1000,
10:01:32,28.6572,900,
10:01:32,28.67,600,
10:01:32,28.67,200,
10:01:32,28.67,300,
10:01:33,28.67,200,
10:01:33,28.68,900,
10:01:34,28.6589,100,
10:01:34,28.67,100,
10:01:34,28.66,100,
10:01:34,28.66,200,
10:01:34,28.6601,200,
10:01:36,28.669,500,
10:01:37,28.66,200,
10:01:37,28.66,500,
10:01:37,28.67,100,
10:01:39,28.676,100,
10:01:39,28.676,400,
10:01:40,28.69,100,
10:01:40,28.69,400,
10:01:40,28.69,100,
10:01:41,28.699,100,
10:01:41,28.69,100,
10:01:41,28.68,100,
10:01:41,28.697,400,
10:01:42,28.68,100,
10:01:42,28.67,100,
10:01:42,28.67,100,
10:01:42,28.68,100,
10:01:42,28.68,500,
10:01:43,28.6876,100,
10:01:43,28.689,200,
10:01:43,28.68,100,
10:01:43,28.68,100,
10:01:43,28.68,200,
10:01:43,28.68,100,
10:01:43,28.69,100,
10:01:43,28.70,100,
10:01:43,28.71,200,
10:01:43,28.70,1900,
10:01:43,28.70,200,
10:01:44,28.7001,100,
10:01:44,28.70,100,
10:01:44,28.7082,5000,
10:01:45,28.68,300,
10:01:45,28.699,300,
10:01:45,28.66,200,
10:01:45,28.66,100,
10:01:45,28.66,100,
10:01:45,28.66,100,
10:01:45,28.6601,200,
10:01:45,28.6601,200,
10:01:45,28.64,100,
10:01:45,28.64,100,
10:01:45,28.64,100,
10:01:45,28.64,100,
10:01:46,28.642,100,
10:01:47,28.64,100,
10:01:48,28.65,300,
10:01:48,28.639,100,
10:01:49,28.6498,1000,
10:01:50,28.6497,100,
10:01:50,28.649,200,
10:01:50,28.659,2876,
10:01:50,28.659,2800,
10:01:51,28.65,200,
10:01:51,28.66,2000,
10:01:51,28.66,1600,
10:01:53,28.659,200,
10:01:53,28.66,200,
10:01:53,28.659,300,
10:01:53,28.659,100,
10:01:54,28.649,200,
10:01:54,28.6484,100,
10:01:56,28.61,200,
10:01:56,28.61,100,
10:01:57,28.60,595,
10:01:57,28.6099,900,
10:01:57,28.63,100,
10:01:59,28.6089,300,
10:02:00,28.62,100,
10:02:00,28.62,100,
10:02:00,28.62,100,
10:02:02,28.65,200,
10:02:02,28.65,100,
10:02:02,28.65,100,
10:02:02,28.64,100,
10:02:02,28.64,100,
10:02:02,28.64,100,
10:02:02,28.64,100,
10:02:04,28.63,200,
10:02:09,28.67,100,
10:02:10,28.68,100,
10:02:10,28.68,100,
10:02:10,28.69,300,
10:02:11,28.70,100,
10:02:11,28.70,100,
10:02:12,28.67,100,
10:02:13,28.679,300,
10:02:13,28.679,400,
10:02:14,28.66,100,
10:02:14,28.67,200,
10:02:14,28.67,100,
10:02:15,28.68,100,
10:02:15,28.689,1000,
10:02:17,28.65,200,
10:02:19,28.65,100,
10:02:19,28.66,200,
10:02:19,28.66,300,
10:02:19,28.65,100,
10:02:19,28.65,300,
10:02:21,28.6599,500,
10:02:21,28.67,500,
10:02:21,28.64,100,
10:02:22,28.65,300,
10:02:26,28.6788,175,
10:02:28,28.66,200,
10:02:28,28.66,100,
10:02:28,28.66,100,
10:02:28,28.66,100,
10:02:29,28.64,100,
10:02:29,28.64,100,
10:02:29,28.65,300,
10:02:29,28.65,100,
10:02:29,28.65,600,
10:02:32,28.66,795,
10:02:33,28.70,200,
10:02:33,28.70,300,
10:02:34,28.72,300,
10:02:34,28.72,193,
10:02:34,28.72,100,
10:02:34,28.72,300,
10:02:34,28.74,100,
10:02:34,28.74,100,
10:02:34,28.74,300,
10:02:34,28.74,100,
10:02:34,28.73,100,
10:02:34,28.73,200,
10:02:34,28.73,100,
10:02:34,28.73,100,
10:02:34,28.73,100,
10:02:35,28.74,100,
10:02:35,28.72,100,
10:02:35,28.73,100,
10:02:35,28.72,200,
10:02:35,28.69,200,
10:02:35,28.69,100,
10:02:35,28.73,100,
10:02:35,28.73,100,
10:02:35,28.73,100,
10:02:35,28.73,100,
10:02:35,28.72,100,
10:02:35,28.72,100,
10:02:35,28.72,100,
10:02:35,28.72,100,
10:02:35,28.72,100,
10:02:35,28.72,100,
10:02:35,28.72,300,
10:02:35,28.73,100,
10:02:35,28.72,100,
10:02:35,28.73,100,
10:02:35,28.73,100,
10:02:35,28.69,100,
10:02:35,28.71,100,
10:02:35,28.71,100,
10:02:35,28.71,300,
10:02:35,28.71,300,
10:02:35,28.71,100,
10:02:35,28.71,100,
10:02:35,28.70,900,
10:02:35,28.70,100,
10:02:35,28.70,100,
10:02:35,28.70,100,
10:02:35,28.70,100,
10:02:35,28.70,100,
10:02:35,28.70,100,
10:02:35,28.69,300,
10:02:35,28.69,300,
10:02:35,28.69,100,
10:02:35,28.69,100,
10:02:35,28.69,100,
10:02:35,28.69,100,
10:02:35,28.70,400,
10:02:35,28.64,100,
10:02:35,28.62,100,
10:02:35,28.69,100,
10:02:35,28.69,700,
10:02:35,28.69,100,
10:02:35,28.69,700,
10:02:35,28.69,100,
10:02:35,28.69,100,
10:02:35,28.69,100,
10:02:35,28.69,100,
10:02:35,28.68,100,
10:02:35,28.69,107,
10:02:35,28.68,100,
10:02:35,28.68,100,
10:02:35,28.68,100,
10:02:35,28.68,700,
10:02:35,28.68,100,
10:02:35,28.68,100,
10:02:35,28.68,100,
10:02:35,28.67,100,
10:02:35,28.67,100,
10:02:35,28.67,100,
10:02:35,28.66,300,
10:02:35,28.66,100,
10:02:35,28.66,100,
10:02:35,28.66,100,
10:02:35,28.66,100,
10:02:35,28.66,100,
10:02:35,28.66,100,
10:02:35,28.66,400,
10:02:35,28.66,200,
10:02:35,28.66,100,
10:02:35,28.66,400,
10:02:35,28.66,100,
10:02:35,28.65,100,
10:02:35,28.65,100,
10:02:35,28.65,200,
10:02:35,28.65,100,
10:02:35,28.65,100,
10:02:35,28.64,100,
10:02:35,28.65,100,
10:02:35,28.65,393,
10:02:35,28.65,135,
10:02:35,28.64,300,
10:02:35,28.64,300,
10:02:35,28.63,300,
10:02:35,28.63,100,
10:02:35,28.64,100,
10:02:35,28.62,100,
10:02:35,28.62,100,
10:02:35,28.64,100,
10:02:35,28.64,100,
10:02:35,28.64,900,
10:02:35,28.65,100,
10:02:35,28.65,100,
10:02:35,28.65,100,
10:02:35,28.64,100,
10:02:35,28.64,100,
10:02:35,28.64,100,
10:02:35,28.62,100,
10:02:35,28.64,100,
10:02:35,28.64,100,
10:02:35,28.64,100,
10:02:35,28.64,100,
10:02:35,28.64,100,
10:02:35,28.64,100,
10:02:35,28.62,100,
10:02:35,28.62,100,
10:02:35,28.63,100,
10:02:35,28.62,100,
10:02:35,28.62,100,
10:02:35,28.62,100,
10:02:35,28.62,100,
10:02:35,28.61,100,
10:02:35,28.61,200,
10:02:35,28.61,100,
10:02:35,28.61,200,
10:02:35,28.61,100,
10:02:35,28.61,100,
10:02:35,28.61,100,
10:02:35,28.61,200,
10:02:35,28.61,100,
10:02:35,28.61,100,
10:02:35,28.61,100,
10:02:35,28.60,100,
10:02:35,28.6001,1000,
10:02:36,28.59,100,
10:02:36,28.59,100,
10:02:36,28.59,100,
10:02:37,28.60,100,
10:02:38,28.61,500,
10:02:38,28.6172,100,
10:02:38,28.62,100,
10:02:38,28.62,400,
10:02:39,28.6272,100,
10:02:39,28.6278,100,
10:02:39,28.61,300,
10:02:39,28.60,200,
10:02:39,28.59,100,
10:02:39,28.5899,500,
10:02:40,28.59,100,
10:02:40,28.5899,500,
10:02:40,28.58,100,
10:02:40,28.58,100,
10:02:40,28.58,100,
10:02:41,28.57,100,
10:02:41,28.57,1300,
10:02:41,28.57,100,
10:02:41,28.58,100,
10:02:41,28.58,200,
10:02:41,28.56,100,
10:02:41,28.56,100,
10:02:41,28.55,100,
10:02:41,28.55,100,
10:02:41,28.55,5644,
10:02:41,28.55,100,
10:02:41,28.54,100,
10:02:41,28.54,200,
10:02:41,28.53,300,
10:02:41,28.53,300,
10:02:41,28.53,300,
10:02:41,28.55,400,
10:02:41,28.52,100,
10:02:41,28.52,100,
10:02:41,28.52,100,
10:02:41,28.52,100,
10:02:41,28.52,500,
10:02:41,28.52,100,
10:02:41,28.52,100,
