09:30:00,33.18,100,
09:30:00,33.14,100,
09:30:00,33.16,304,
09:30:02,33.16,100,
09:30:02,33.16,200,
09:30:02,33.12,100,
09:30:02,33.15,100,
09:30:02,33.14,100,
09:30:02,33.14,300,
09:30:02,33.14,100,
09:30:02,33.13,100,
09:30:02,33.14,100,
09:30:02,33.1392,100,
09:30:02,33.1374,100,
09:30:02,33.15,200,
09:30:02,33.1392,100,
09:30:02,33.1349,100,
09:30:03,33.12,100,
09:30:03,33.11,100,
09:30:04,33.13,100,
09:30:04,33.12,1200,
09:30:04,33.12,300,
09:30:04,33.12,100,
09:30:05,33.142,100,
09:30:05,33.11,300,
09:30:05,33.11,100,
09:30:06,33.12,100,
09:30:07,33.09,300,
09:30:07,33.1001,100,
09:30:08,33.124,100,
09:30:08,33.08,388,
09:30:08,33.07,300,
09:30:08,33.07,150,
09:30:08,33.131,300,
09:30:09,33.131,100,
09:30:09,33.131,100,
09:30:09,33.07,400,
09:30:09,33.07,400,
09:30:09,33.141,100,
09:30:09,33.131,100,
09:30:09,33.131,1000,
09:30:09,33.131,100,
09:30:09,33.141,300,
09:30:09,33.131,100,
09:30:10,33.07,100,
09:30:10,33.09,100,
09:30:10,33.141,100,
09:30:10,33.1208,200,
09:30:11,33.1098,100,
09:30:12,33.141,100,
09:30:12,33.09,100,
09:30:13,33.099,100,
09:30:14,33.133,100,
09:30:15,33.0708,300,
09:30:15,33.143,150,
09:30:15,33.133,730,
09:30:15,33.0672,100,
09:30:16,33.143,100,
09:30:16,33.152,300,
09:30:16,33.09,100,
09:30:16,33.12,100,
09:30:16,33.143,100,
09:30:16,33.0672,150,
09:30:16,33.10,1300,
09:30:16,33.12,100,
09:30:17,33.11,500,
09:30:17,33.12,100,
09:30:17,33.12,100,
09:30:17,33.13,100,
09:30:17,33.13,100,
09:30:17,33.13,100,
09:30:17,33.06,500,
09:30:17,33.06,704,
09:30:17,33.06,114,
09:30:17,33.109,200,
09:30:17,33.10,100,
09:30:17,33.06,132,
09:30:17,33.10,300,
09:30:17,33.1304,730,
09:30:17,33.13,500,
09:30:17,33.13,500,
09:30:17,33.12,150,
09:30:17,33.12,300,
09:30:17,33.12,300,
09:30:17,33.13,100,
09:30:17,33.12,178,
09:30:17,33.13,300,
09:30:17,33.08,125,
09:30:17,33.08,1200,
09:30:17,33.08,200,
09:30:17,33.08,880,
09:30:17,33.12,200,
09:30:17,33.08,100,
09:30:18,33.07,100,
09:30:18,33.0797,500,
09:30:18,33.0708,100,
09:30:19,33.08,100,
09:30:19,33.09,1000,
09:30:19,33.071,100,
09:30:19,33.093,100,
09:30:19,33.12,200,
09:30:20,33.14,100,
09:30:20,33.14,100,
09:30:20,33.121,100,
09:30:20,33.127,300,
09:30:20,33.1368,500,
09:30:20,33.12,100,
09:30:20,33.12,100,
09:30:20,33.12,100,
09:30:20,33.13,100,
09:30:20,33.13,100,
09:30:21,33.13,1000,
09:30:21,33.1342,1500,
09:30:21,33.15,100,
09:30:21,33.1544,1000,
09:30:22,33.141,100,
09:30:22,33.141,100,
09:30:22,33.13,400,
09:30:22,33.13,500,
09:30:22,33.13,108,
09:30:22,33.139,100,
09:30:22,33.13,100,
09:30:23,33.14,100,
09:30:23,33.1399,300,
09:30:23,33.1399,100,
09:30:23,33.14,300,
09:30:23,33.1399,100,
09:30:25,33.131,1000,
09:30:25,33.15,100,
09:30:25,33.132,100,
09:30:25,33.16,100,
09:30:25,33.15,100,
09:30:25,33.16,100,
09:30:25,33.13,300,
09:30:26,33.1545,100,
09:30:26,33.1421,100,
09:30:26,33.1001,500,
09:30:26,33.16,100,
09:30:26,33.16,100,
09:30:28,33.15,100,
09:30:28,33.15,100,
09:30:29,33.07,200,
09:30:30,33.13,100,
09:30:30,33.0968,500,
09:30:31,33.1293,300,
09:30:31,33.13,100,
09:30:31,33.1501,100,
09:30:31,33.1301,200,
09:30:32,33.12,200,
09:30:33,33.1102,100,
09:30:34,33.159,200,
09:30:36,33.1159,100,
09:30:36,33.11,100,
09:30:36,33.10,100,
09:30:36,33.1001,200,
09:30:37,33.10,100,
09:30:39,33.10,100,
09:30:39,33.10,2026,
09:30:40,33.0954,100,
09:30:40,33.0942,100,
09:30:40,33.105,200,
09:30:40,33.11,100,
09:30:41,33.105,100,
09:30:41,33.0954,100,
09:30:41,33.0916,100,
09:30:41,33.0956,100,
09:30:42,33.106,1000,
09:30:43,33.09,200,
09:30:43,33.0959,600,
09:30:44,33.0856,100,
09:30:44,33.09,204,
09:30:44,33.0805,100,
09:30:44,33.092,100,
09:30:45,33.09,200,
09:30:46,33.101,150,
09:30:47,33.1035,600,
09:30:49,33.1084,950,
09:30:49,33.10,200,
09:30:49,33.10,100,
09:30:50,33.1063,3000,
09:30:50,33.1001,100,
09:30:50,33.101,200,
09:30:50,33.101,200,
09:30:50,33.1084,600,
09:30:52,33.1001,500,
09:30:55,33.15,100,
09:30:56,33.17,100,
09:30:56,33.16,100,
09:30:56,33.151,200,
09:30:56,33.151,200,
09:30:57,33.15,100,
09:30:57,33.13,300,
09:30:57,33.13,100,
09:30:57,33.12,900,
09:30:57,33.12,1900,
09:30:57,33.10,100,
09:30:57,33.10,185,
09:30:58,33.0899,150,
09:30:59,33.06,100,
09:30:59,33.06,100,
09:31:00,33.08,100,
09:31:00,33.09,100,
09:31:00,33.10,100,
09:31:00,33.10,100,
09:31:00,33.10,100,
09:31:00,33.09,100,
09:31:00,33.0799,100,
09:31:01,33.10,100,
09:31:02,33.1152,100,
09:31:03,33.1005,100,
09:31:03,33.101,300,
09:31:03,33.14,100,
09:31:04,33.12,500,
09:31:05,33.13,100,
09:31:07,33.1232,200,
09:31:08,33.1201,300,
09:31:09,33.1293,160,
09:31:10,33.14,100,
09:31:10,33.13,100,
09:31:10,33.13,100,
09:31:11,33.13,100,
09:31:12,33.15,100,
09:31:12,33.14,100,
09:31:12,33.14,100,
09:31:13,33.13,100,
09:31:14,33.1301,800,
09:31:14,33.13,200,
09:31:15,33.1399,3000,
09:31:15,33.134,100,
09:31:16,33.12,100,
09:31:16,33.10,100,
09:31:16,33.09,100,
09:31:16,33.11,100,
09:31:16,33.10,100,
09:31:17,33.0832,1730,
09:31:18,33.09,100,
09:31:20,33.0752,300,
09:31:21,33.0701,100,
09:31:21,33.0708,100,
09:31:22,33.08,100,
09:31:23,33.0701,100,
09:31:24,33.07,200,
09:31:25,33.08,100,
09:31:26,33.09,100,
09:31:26,33.09,100,
09:31:26,33.08,100,
09:31:27,33.07,3112,
09:31:27,33.0748,200,
09:31:28,33.075,217,
09:31:29,33.08,200,
09:31:29,33.10,650,
09:31:30,33.1028,100,
09:31:30,33.1018,100,
09:31:33,33.11,100,
09:31:33,33.11,200,
09:31:33,33.11,283,
09:31:34,33.0902,200,
09:31:34,33.09,100,
09:31:34,33.0902,500,
09:31:34,33.09,100,
09:31:36,33.11,600,
09:31:37,33.10,100,
09:31:37,33.11,119,
09:31:37,33.10,100,
09:31:37,33.11,100,
09:31:37,33.14,300,
09:31:37,33.14,100,
09:31:37,33.14,300,
09:31:37,33.13,100,
09:31:38,33.096,500,
09:31:38,33.17,100,
09:31:38,33.17,100,
09:31:38,33.18,100,
09:31:38,33.17,100,
09:31:40,33.19,100,
09:31:41,33.1818,100,
09:31:41,33.181,180,
09:31:42,33.1901,400,
09:31:43,33.19,100,
09:31:43,33.19,100,
09:31:45,33.1868,1000,
09:31:45,33.17,100,
09:31:46,33.16,100,
09:31:46,33.1628,100,
09:31:46,33.1616,100,
09:31:46,33.151,100,
09:31:49,33.165,100,
09:31:50,33.16,100,
09:31:50,33.17,100,
09:31:50,33.18,200,
09:31:50,33.17,200,
09:31:50,33.17,200,
09:31:51,33.18,200,
09:31:51,33.1701,200,
09:31:51,33.19,100,
09:31:51,33.19,100,
09:31:51,33.19,100,
09:31:51,33.19,100,
09:31:51,33.19,700,
09:31:51,33.1899,100,
09:31:51,33.18,100,
09:31:52,33.18,100,
09:31:53,33.175,265,
09:31:53,33.20,10000,
09:31:53,33.20,400,
09:31:53,33.21,100,
09:31:54,33.21,100,
09:31:55,33.2128,200,
09:31:56,33.201,200,
09:31:56,33.19,100,
09:31:57,33.19,600,
09:31:57,33.217,100,
09:31:58,33.21,500,
09:31:59,33.20,300,
09:31:59,33.21,9200,
09:32:00,33.2258,1000,
09:32:01,33.23,376,
09:32:01,33.25,200,
09:32:01,33.24,200,
09:32:01,33.25,100,
09:32:01,33.237,100,
09:32:02,33.2332,200,
09:32:02,33.23,100,
09:32:03,33.24,100,
09:32:03,33.227,500,
09:32:03,33.2285,600,
09:32:04,33.22,100,
09:32:04,33.22,100,
09:32:04,33.2136,100,
09:32:04,33.2133,100,
09:32:04,33.212,100,
09:32:04,33.211,600,
09:32:05,33.221,200,
09:32:05,33.221,100,
09:32:05,33.221,100,
09:32:06,33.221,100,
09:32:06,33.21,200,
09:32:06,33.221,100,
09:32:07,33.2119,100,
09:32:07,33.2116,100,
09:32:07,33.2106,100,
09:32:07,33.2117,100,
09:32:07,33.211,900,
09:32:07,33.2299,700,
09:32:09,33.22,100,
09:32:09,33.2299,900,
09:32:10,33.24,100,
09:32:12,33.249,100,
09:32:13,33.24,100,
09:32:14,33.258,500,
09:32:16,33.23,100,
09:32:17,33.23,100,
09:32:18,33.231,150,
09:32:20,33.2399,250,
09:32:21,33.22,100,
09:32:21,33.22,100,
09:32:21,33.21,100,
09:32:21,33.21,100,
09:32:21,33.21,100,
09:32:21,33.20,700,
09:32:21,33.238,200,
09:32:21,33.21,100,
09:32:21,33.21,100,
09:32:21,33.20,300,
09:32:22,33.20,180,
09:32:23,33.2002,2000,
09:32:23,33.201,100,
09:32:23,33.23,100,
09:32:25,33.21,100,
09:32:25,33.20,100,
09:32:25,33.24,500,
09:32:25,33.27,500,
09:32:25,33.27,300,
09:32:25,33.26,500,
09:32:25,33.25,500,
09:32:25,33.25,100,
09:32:25,33.24,300,
09:32:25,33.23,300,
09:32:25,33.23,100,
09:32:25,33.22,100,
09:32:25,33.25,100,
09:32:25,33.25,100,
09:32:25,33.24,300,
09:32:25,33.24,200,
09:32:25,33.25,276,
09:32:25,33.25,200,
09:32:25,33.24,500,
09:32:25,33.27,100,
09:32:25,33.27,400,
09:32:25,33.27,100,
09:32:25,33.26,100,
09:32:25,33.26,100,
09:32:25,33.26,100,
09:32:25,33.26,800,
09:32:25,33.26,300,
09:32:25,33.26,100,
09:32:26,33.2501,700,
09:32:28,33.2464,100,
09:32:31,33.26,300,
09:32:32,33.26,100,
09:32:32,33.252,100,
09:32:32,33.2517,100,
09:32:32,33.2515,100,
09:32:32,33.2517,100,
09:32:32,33.25,100,
09:32:32,33.25,100,
09:32:32,33.25,100,
09:32:32,33.25,300,
09:32:34,33.28,200,
09:32:38,33.27,100,
09:32:38,33.28,1600,
09:32:38,33.2899,600,
09:32:38,33.2952,400,
09:32:39,33.26,150,
09:32:40,33.277,100,
09:32:40,33.261,100,
09:32:40,33.2607,100,
09:32:40,33.2603,100,
09:32:40,33.261,100,
09:32:40,33.261,1000,
09:32:40,33.2899,300,
09:32:41,33.289,200,
09:32:42,33.2808,210,
09:32:46,33.30,100,
09:32:47,33.30,200,
09:32:48,33.2994,1500,
09:32:51,33.281,1500,
09:32:53,33.2994,1500,
09:32:54,33.28,100,
09:32:54,33.28,100,
09:32:54,33.30,2000,
09:32:54,33.30,1850,
09:32:54,33.30,5000,
09:32:55,33.273,1500,
09:32:55,33.31,1700,
09:32:56,33.32,100,
09:32:56,33.31,300,
09:32:57,33.31,100,
09:32:58,33.309,1000,
09:33:01,33.3084,375,
09:33:01,33.3101,200,
09:33:02,33.31,300,
09:33:02,33.33,300,
09:33:06,33.33,200,
09:33:06,33.33,600,
09:33:07,33.3232,500,
09:33:07,33.329,380,
09:33:07,33.3228,100,
09:33:08,33.33,380,
09:33:09,33.328,1620,
09:33:10,33.3275,100,
09:33:10,33.3201,100,
09:33:10,33.32,100,
09:33:13,33.3398,600,
09:33:13,33.34,100,
09:33:13,33.3398,700,
09:33:14,33.311,1000,
09:33:15,33.321,100,
09:33:16,33.322,400,
09:33:18,33.339,200,
09:33:19,33.31,500,
09:33:20,33.33,1600,
09:33:20,33.3284,800,
09:33:22,33.3201,100,
09:33:22,33.31,100,
09:33:22,33.31,200,
09:33:22,33.31,200,
09:33:22,33.31,200,
09:33:22,33.31,200,
09:33:22,33.31,200,
09:33:22,33.31,200,
09:33:23,33.31,100,
09:33:24,33.321,500,
09:33:25,33.30,400,
09:33:27,33.30,100,
09:33:28,33.32,2000,
09:33:29,33.30,100,
09:33:29,33.30,100,
09:33:29,33.30,100,
09:33:29,33.30,200,
09:33:29,33.29,200,
09:33:31,33.3072,1000,
09:33:32,33.2948,300,
09:33:34,33.2997,1400,
09:33:34,33.32,100,
09:33:34,33.32,100,
09:33:34,33.32,200,
09:33:34,33.32,300,
09:33:34,33.32,300,
09:33:34,33.33,200,
09:33:35,33.34,100,
09:33:35,33.34,100,
09:33:35,33.3353,100,
09:33:35,33.3338,100,
09:33:35,33.331,300,
09:33:35,33.30,700,
09:33:35,33.30,100,
09:33:35,33.30,400,
09:33:35,33.30,200,
09:33:35,33.29,200,
09:33:35,33.30,700,
09:33:35,33.30,676,
09:33:35,33.32,200,
09:33:36,33.31,100,
09:33:36,33.31,100,
09:33:36,33.31,100,
09:33:36,33.2933,100,
09:33:36,33.2932,100,
09:33:36,33.2938,100,
09:33:36,33.291,600,
09:33:37,33.29,100,
09:33:39,33.281,100,
09:33:39,33.26,100,
09:33:39,33.29,200,
09:33:40,33.28,300,
09:33:40,33.2834,100,
09:33:40,33.2701,100,
09:33:42,33.28,900,
09:33:42,33.2775,2000,
09:33:43,33.2801,100,
09:33:44,33.27,2100,
09:33:44,33.27,300,
09:33:45,33.289,1000,
09:33:45,33.26,100,
09:33:45,33.287,100,
09:33:48,33.252,1000,
09:33:49,33.271,200,
09:33:51,33.2876,500,
09:33:52,33.27,200,
09:33:52,33.27,200,
09:33:52,33.27,100,
09:33:54,33.29,1000,
09:33:55,33.2899,1200,
09:33:55,33.27,300,
09:33:55,33.27,400,
09:33:56,33.272,750,
09:33:59,33.29,300,
09:33:59,33.29,600,
09:33:59,33.31,100,
09:34:00,33.29,200,
09:34:01,33.2828,1000,
09:34:02,33.3069,100,
09:34:03,33.3084,600,
09:34:04,33.27,1500,
09:34:06,33.29,2000,
09:34:07,33.29,300,
09:34:07,33.29,200,
09:34:08,33.2898,200,
09:34:09,33.27,100,
09:34:09,33.27,100,
09:34:09,33.272,500,
09:34:12,33.2772,200,
09:34:15,33.3098,400,
09:34:15,33.31,200,
09:34:15,33.32,300,
09:34:15,33.32,200,
09:34:15,33.33,300,
09:34:15,33.34,100,
09:34:15,33.31,100,
09:34:15,33.38,300,
09:34:15,33.37,100,
09:34:15,33.39,300,
09:34:15,33.39,100,
09:34:15,33.38,100,
09:34:15,33.39,100,
09:34:16,33.38,320,
09:34:17,33.39,140,
09:34:17,33.39,6069,
09:34:17,33.39,250,
09:34:18,33.387,200,
09:34:18,33.37,200,
09:34:18,33.371,500,
09:34:20,33.37,100,
09:34:20,33.37,200,
09:34:20,33.371,200,
09:34:21,33.38,100,
09:34:21,33.39,500,
09:34:21,33.39,200,
09:34:22,33.40,200,
09:34:22,33.41,500,
09:34:22,33.43,300,
09:34:22,33.46,300,
09:34:22,33.47,200,
09:34:22,33.47,200,
09:34:22,33.4536,200,
09:34:24,33.459,400,
09:34:25,33.4598,200,
09:34:26,33.4402,2000,
09:34:26,33.46,100,
09:34:29,33.50,200,
09:34:29,33.50,100,
09:34:30,33.481,1000,
09:34:30,33.48,100,
09:34:32,33.5299,300,
09:34:33,33.5298,5000,
09:34:33,33.47,600,
09:34:33,33.51,100,
09:34:33,33.5152,300,
09:34:35,33.4999,400,
09:34:37,33.50,400,
09:34:37,33.49,100,
09:34:37,33.4901,100,
09:34:37,33.4902,300,
09:34:37,33.47,100,
09:34:39,33.461,100,
09:34:39,33.45,100,
09:34:40,33.4499,400,
09:34:41,33.45,1300,
09:34:43,33.44,150,
09:34:47,33.43,100,
09:34:47,33.43,100,
09:34:49,33.43,100,
09:34:49,33.42,100,
09:34:49,33.4201,100,
09:34:49,33.42,100,
09:34:49,33.4299,200,
09:34:49,33.4299,100,
09:34:49,33.43,200,
09:34:49,33.43,100,
09:34:49,33.4201,200,
09:34:49,33.4398,100,
09:34:51,33.41,100,
09:34:51,33.401,100,
09:34:51,33.39,100,
09:34:53,33.427,200,
09:34:55,33.4199,2800,
09:34:57,33.41,5000,
09:34:57,33.4143,100,
09:34:57,33.4135,100,
09:34:57,33.4132,100,
09:35:00,33.39,200,
09:35:00,33.41,100,
09:35:00,33.41,100,
09:35:00,33.41,100,
09:35:00,33.41,100,
09:35:01,33.4205,100,
09:35:01,33.416,100,
09:35:01,33.4366,100,
09:35:02,33.40,100,
09:35:02,33.41,100,
09:35:03,33.4002,200,
09:35:04,33.4292,300,
09:35:06,33.43,100,
09:35:07,33.439,300,
09:35:07,33.43,100,
09:35:07,33.43,100,
09:35:08,33.44,100,
09:35:09,33.4499,1000,
09:35:09,33.43,100,
09:35:09,33.4301,100,
09:35:09,33.4308,100,
09:35:10,33.438,800,
09:35:11,33.4328,200,
09:35:13,33.42,800,
09:35:13,33.41,100,
09:35:13,33.41,100,
09:35:15,33.439,350,
09:35:15,33.439,1100,
09:35:15,33.43,100,
09:35:15,33.4299,100,
09:35:16,33.4266,5000,
09:35:16,33.4272,200,
09:35:18,33.39,326,
09:35:18,33.39,100,
09:35:18,33.40,300,
09:35:19,33.43,100,
09:35:21,33.3999,200,
09:35:22,33.395,100,
09:35:22,33.40,200,
09:35:22,33.38,600,
09:35:22,33.38,200,
09:35:24,33.3703,100,
09:35:24,33.3703,100,
09:35:24,33.38,100,
09:35:24,33.39,100,
09:35:24,33.3925,2000,
09:35:25,33.408,100,
09:35:26,33.3968,190,
09:35:26,33.3813,100,
09:35:27,33.377,100,
09:35:28,33.383,800,
09:35:28,33.4007,100,
09:35:28,33.401,200,
09:35:29,33.42,100,
09:35:30,33.4072,300,
09:35:31,33.4125,4000,
09:35:32,33.44,100,
09:35:32,33.44,400,
09:35:33,33.4568,500,
09:35:35,33.49,200,
09:35:35,33.48,100,
09:35:35,33.48,100,
09:35:37,33.477,1000,
09:35:38,33.49,100,
09:35:38,33.50,700,
09:35:39,33.48,100,
09:35:39,33.483,1000,
09:35:40,33.47,100,
09:35:40,33.47,100,
09:35:40,33.47,100,
09:35:40,33.47,100,
09:35:41,33.46,100,
09:35:41,33.4681,100,
09:35:41,33.469,200,
09:35:41,33.45,300,
09:35:41,33.45,100,
09:35:41,33.46,300,
09:35:41,33.4558,100,
09:35:42,33.4644,600,
09:35:42,33.459,100,
09:35:43,33.45,100,
09:35:43,33.45,100,
09:35:43,33.46,100,
09:35:43,33.46,300,
09:35:44,33.46,100,
09:35:45,33.459,1200,
09:35:46,33.48,100,
09:35:46,33.48,100,
09:35:46,33.47,2000,
09:35:47,33.499,100,
09:35:48,33.50,100,
09:35:48,33.50,300,
09:35:50,33.50,200,
09:35:51,33.4965,500,
09:35:52,33.4999,200,
09:35:52,33.50,100,
09:35:53,33.50,100,
09:35:53,33.51,100,
09:35:53,33.5084,200,
09:35:55,33.51,100,
09:35:55,33.50,100,
09:35:56,33.4999,100,
09:35:57,33.53,200,
09:35:58,33.54,100,
09:35:58,33.55,100,
09:35:59,33.58,100,
09:36:00,33.5835,674,
09:36:00,33.58,100,
09:36:00,33.59,200,
09:36:00,33.581,100,
09:36:00,33.59,100,
09:36:00,33.59,100,
09:36:00,33.58,100,
09:36:00,33.58,100,
09:36:01,33.58,200,
09:36:01,33.58,200,
09:36:01,33.57,100,
09:36:01,33.59,100,
09:36:01,33.58,1000,
09:36:01,33.58,900,
09:36:01,33.589,1000,
09:36:01,33.589,1000,
09:36:01,33.589,4100,
09:36:01,33.60,100,
09:36:02,33.604,100,
09:36:02,33.6037,100,
09:36:03,33.5872,100,
09:36:03,33.58,100,
09:36:04,33.608,300,
09:36:05,33.61,100,
09:36:05,33.61,100,
09:36:06,33.629,100,
09:36:06,33.6263,2000,
09:36:07,33.62,100,
09:36:07,33.63,100,
09:36:07,33.601,1000,
09:36:07,33.65,100,
09:36:07,33.65,100,
09:36:07,33.65,100,
09:36:07,33.65,100,
09:36:07,33.65,100,
09:36:07,33.65,400,
09:36:07,33.65,100,
09:36:08,33.65,100,
09:36:08,33.65,200,
09:36:08,33.6425,2800,
09:36:09,33.6499,100,
09:36:09,33.649,550,
09:36:10,33.65,550,
09:36:10,33.65,100,
09:36:11,33.64,100,
09:36:11,33.64,100,
09:36:12,33.64,400,
09:36:12,33.62,200,
09:36:14,33.64,100,
09:36:15,33.64,100,
09:36:15,33.623,500,
09:36:17,33.65,917,
09:36:17,33.65,310,
09:36:17,33.65,300,
09:36:17,33.65,2900,
09:36:17,33.66,100,
09:36:18,33.66,100,
09:36:18,33.6616,200,
09:36:19,33.67,150,
09:36:20,33.67,100,
09:36:21,33.6672,200,
09:36:21,33.68,100,
09:36:21,33.68,100,
09:36:21,33.68,200,
09:36:21,33.68,200,
09:36:21,33.68,200,
09:36:22,33.6656,100,
09:36:22,33.6656,100,
09:36:22,33.6799,200,
09:36:24,33.673,100,
09:36:24,33.6718,100,
09:36:24,33.6723,100,
09:36:24,33.678,500,
09:36:25,33.65,775,
09:36:26,33.677,100,
09:36:26,33.659,100,
09:36:26,33.659,600,
09:36:27,33.6599,100,
09:36:27,33.66,100,
09:36:27,33.66,160,
09:36:27,33.66,100,
09:36:27,33.6502,200,
09:36:27,33.659,2100,
09:36:27,33.659,200,
09:36:28,33.6501,200,
09:36:28,33.65,200,
09:36:28,33.65,200,
09:36:28,33.66,2000,
09:36:28,33.659,400,
09:36:28,33.669,1900,
09:36:29,33.64,100,
09:36:29,33.64,100,
09:36:29,33.64,100,
09:36:29,33.60,480,
09:36:29,33.60,100,
09:36:29,33.56,400,
09:36:30,33.54,100,
09:36:30,33.55,100,
09:36:30,33.55,100,
09:36:30,33.56,500,
09:36:30,33.5601,5400,
09:36:31,33.56,280,
09:36:32,33.5516,200,
09:36:33,33.56,100,
09:36:33,33.56,100,
09:36:34,33.5632,800,
09:36:34,33.56,100,
09:36:34,33.58,100,
09:36:34,33.56,250,
09:36:34,33.5619,100,
09:36:35,33.559,100,
09:36:35,33.559,240,
09:36:36,33.577,500,
09:36:37,33.55,100,
09:36:37,33.55,100,
09:36:37,33.5382,100,
09:36:37,33.539,300,
09:36:37,33.5344,100,
09:36:37,33.5305,100,
09:36:40,33.52,100,
09:36:40,33.52,100,
09:36:41,33.531,3000,
09:36:41,33.55,100,
09:36:41,33.55,100,
09:36:41,33.5607,300,
09:36:43,33.553,160,
09:36:44,33.56,100,
09:36:44,33.5651,100,
09:36:44,33.5651,100,
09:36:44,33.5655,100,
09:36:45,33.57,100,
09:36:46,33.541,400,
09:36:47,33.56,100,
09:36:47,33.56,200,
09:36:47,33.56,200,
09:36:48,33.5599,100,
09:36:48,33.56,200,
09:36:49,33.567,1000,
09:36:49,33.55,100,
09:36:49,33.54,200,
09:36:49,33.53,100,
09:36:50,33.54,100,
09:36:50,33.53,100,
09:36:50,33.54,100,
09:36:50,33.53,100,
09:36:50,33.54,100,
09:36:52,33.59,100,
09:36:52,33.60,100,
09:36:52,33.62,424,
09:36:52,33.62,300,
09:36:52,33.62,100,
09:36:52,33.62,100,
09:36:53,33.61,100,
09:36:53,33.62,200,
09:36:53,33.62,200,
09:36:53,33.61,100,
09:36:53,33.62,100,
09:36:53,33.61,300,
09:36:53,33.60,100,
09:36:55,33.61,500,
09:36:55,33.62,100,
09:36:55,33.62,100,
09:36:56,33.623,200,
09:36:56,33.60,200,
09:36:56,33.60,100,
09:36:57,33.59,100,
09:36:57,33.61,100,
09:36:58,33.63,100,
09:36:58,33.593,1000,
09:36:58,33.63,300,
09:36:59,33.629,100,
09:36:59,33.63,100,
09:37:00,33.62,100,
09:37:00,33.62,100,
09:37:00,33.63,200,
09:37:00,33.63,400,
09:37:01,33.626,200,
09:37:01,33.66,100,
09:37:01,33.66,100,
09:37:01,33.67,100,
09:37:01,33.66,100,
09:37:01,33.67,200,
09:37:01,33.6691,100,
09:37:01,33.669,200,
09:37:01,33.669,200,
09:37:02,33.67,100,
09:37:02,33.679,100,
09:37:02,33.679,100,
09:37:03,33.68,200,
09:37:03,33.689,100,
09:37:03,33.68,100,
09:37:03,33.68,200,
09:37:03,33.66,100,
09:37:04,33.666,4400,
09:37:04,33.68,100,
09:37:04,33.69,100,
09:37:05,33.679,100,
09:37:05,33.6899,200,
09:37:05,33.69,100,
09:37:05,33.679,100,
09:37:06,33.70,500,
09:37:06,33.709,100,
09:37:06,33.69,100,
09:37:06,33.69,100,
09:37:06,33.69,100,
09:37:07,33.69,500,
09:37:07,33.70,100,
09:37:07,33.70,100,
09:37:07,33.679,100,
09:37:08,33.71,100,
09:37:08,33.71,100,
09:37:08,33.7065,500,
09:37:09,33.71,100,
09:37:09,33.72,100,
09:37:09,33.719,100,
09:37:09,33.72,200,
09:37:10,33.73,100,
09:37:10,33.7386,100,
09:37:10,33.7372,100,
09:37:10,33.7371,100,
09:37:10,33.739,500,
09:37:10,33.7269,100,
09:37:10,33.7394,1000,
09:37:10,33.73,100,
09:37:11,33.72,100,
09:37:11,33.73,100,
09:37:12,33.72,200,
09:37:12,33.74,100,
09:37:12,33.7399,100,
09:37:12,33.74,100,
09:37:12,33.74,100,
09:37:12,33.73,200,
09:37:13,33.76,100,
09:37:13,33.739,475,
09:37:13,33.76,100,
09:37:13,33.75,277,
09:37:14,33.7668,500,
09:37:14,33.77,100,
09:37:14,33.7699,600,
09:37:14,33.75,100,
09:37:14,33.74,500,
09:37:14,33.74,100,
09:37:14,33.74,100,
09:37:14,33.73,500,
09:37:14,33.73,100,
09:37:14,33.73,100,
09:37:14,33.74,200,
09:37:14,33.72,100,
09:37:14,33.71,500,
09:37:14,33.71,100,
09:37:14,33.71,200,
09:37:14,33.71,100,
09:37:14,33.71,200,
09:37:14,33.71,100,
09:37:14,33.71,200,
09:37:14,33.71,100,
09:37:14,33.71,100,
09:37:14,33.71,200,
09:37:14,33.71,100,
09:37:14,33.71,200,
09:37:14,33.73,200,
09:37:14,33.71,100,
09:37:14,33.71,100,
09:37:14,33.71,200,
09:37:14,33.71,100,
09:37:14,33.71,576,
09:37:14,33.73,100,
09:37:14,33.75,100,
09:37:15,33.73,100,
09:37:15,33.77,100,
09:37:15,33.74,500,
09:37:15,33.7535,500,
09:37:15,33.73,100,
09:37:16,33.7201,100,
09:37:16,33.72,100,
09:37:17,33.739,100,
09:37:17,33.699,300,
09:37:18,33.71,100,
09:37:18,33.6965,500,
09:37:18,33.71,100,
09:37:18,33.71,100,
09:37:18,33.7072,600,
09:37:18,33.6922,4000,
09:37:20,33.71,124,
09:37:20,33.73,100,
09:37:21,33.71,100,
09:37:21,33.71,100,
09:37:21,33.71,100,
09:37:22,33.69,100,
09:37:22,33.67,100,
09:37:23,33.6798,2000,
09:37:24,33.6784,100,
09:37:24,33.6795,100,
09:37:24,33.6795,100,
09:37:24,33.69,100,
09:37:25,33.689,150,
09:37:26,33.683,1000,
09:37:26,33.689,100,
09:37:27,33.69,100,
09:37:27,33.689,1400,
09:37:27,33.70,500,
09:37:29,33.69,1000,
09:37:29,33.69,100,
09:37:29,33.69,100,
09:37:29,33.6899,400,
09:37:29,33.70,100,
09:37:29,33.70,100,
09:37:29,33.72,200,
09:37:30,33.74,100,
09:37:30,33.75,100,
09:37:30,33.75,100,
09:37:30,33.74,100,
09:37:30,33.76,100,
09:37:30,33.77,100,
09:37:30,33.77,100,
09:37:30,33.75,500,
09:37:31,33.77,100,
09:37:31,33.77,100,
09:37:31,33.779,200,
09:37:31,33.742,500,
09:37:31,33.78,100,
09:37:32,33.78,100,
09:37:32,33.78,380,
09:37:32,33.779,100,
09:37:34,33.7791,100,
09:37:34,33.7791,100,
09:37:34,33.79,200,
09:37:34,33.779,400,
09:37:34,33.80,128,
09:37:34,33.81,300,
09:37:34,33.8098,100,
09:37:34,33.79,100,
09:37:34,33.79,100,
09:37:34,33.78,100,
09:37:35,33.79,100,
09:37:35,33.79,100,
09:37:35,33.79,100,
09:37:35,33.80,100,
09:37:35,33.80,100,
09:37:35,33.8083,100,
09:37:35,33.8086,100,
09:37:35,33.8086,100,
09:37:35,33.8086,100,
09:37:35,33.809,1700,
09:37:35,33.809,900,
09:37:35,33.79,100,
09:37:35,33.789,700,
09:37:35,33.7801,700,
09:37:35,33.78,200,
09:37:35,33.7801,600,
09:37:36,33.78,100,
09:37:37,33.779,100,
09:37:37,33.779,150,
09:37:37,33.7799,300,
09:37:37,33.75,100,
09:37:37,33.75,100,
09:37:37,33.75,300,
09:37:38,33.77,100,
09:37:38,33.76,100,
09:37:38,33.76,100,
09:37:38,33.76,100,
09:37:38,33.75,100,
09:37:39,33.73,100,
09:37:39,33.76,100,
09:37:39,33.78,100,
09:37:40,33.78,100,
09:37:40,33.7792,100,
09:37:40,33.756,100,
09:37:41,33.769,300,
09:37:41,33.769,300,
09:37:42,33.77,100,
09:37:42,33.73,100,
09:37:42,33.73,100,
09:37:42,33.73,100,
09:37:42,33.73,179,
09:37:42,33.74,100,
09:37:43,33.7344,400,
09:37:43,33.769,2100,
09:37:43,33.71,100,
09:37:43,33.71,100,
09:37:43,33.7101,100,
09:37:44,33.70,100,
09:37:44,33.68,500,
09:37:44,33.6899,100,
09:37:44,33.67,100,
09:37:44,33.68,100,
09:37:44,33.6768,300,
09:37:44,33.68,200,
09:37:44,33.68,100,
09:37:44,33.68,200,
09:37:44,33.6788,1500,
09:37:45,33.6795,200,
09:37:45,33.6891,100,
09:37:45,33.6894,100,
09:37:45,33.6893,100,
09:37:45,33.689,1000,
09:37:45,33.69,100,
09:37:45,33.70,100,
09:37:45,33.71,100,
09:37:45,33.71,100,
09:37:45,33.71,1200,
09:37:46,33.6901,5000,
09:37:47,33.73,100,
09:37:47,33.73,100,
09:37:47,33.73,200,
09:37:47,33.73,100,
09:37:47,33.73,100,
09:37:47,33.73,300,
09:37:48,33.73,100,
09:37:48,33.7284,200,
09:37:48,33.72,100,
09:37:49,33.72,100,
09:37:49,33.734,1000,
09:37:49,33.72,100,
09:37:50,33.71,100,
09:37:51,33.7395,100,
09:37:51,33.7396,100,
09:37:51,33.7396,100,
09:37:51,33.7341,1900,
09:37:52,33.74,100,
09:37:53,33.74,100,
09:37:53,33.71,100,
09:37:54,33.7199,300,
09:37:54,33.7168,500,
09:37:54,33.73,100,
09:37:54,33.74,100,
09:37:54,33.74,200,
09:37:54,33.75,300,
09:37:54,33.75,1300,
09:37:54,33.75,300,
09:37:54,33.75,500,
09:37:56,33.74,100,
09:37:57,33.70,200,
09:37:57,33.69,300,
09:37:58,33.73,400,
09:37:58,33.731,1400,
09:37:59,33.726,500,
09:38:01,33.7308,200,
09:38:03,33.75,100,
09:38:03,33.7468,300,
09:38:03,33.73,100,
09:38:03,33.73,100,
09:38:05,33.74,100,
09:38:05,33.75,150,
09:38:05,33.77,277,
09:38:05,33.76,100,
09:38:05,33.7608,300,
09:38:05,33.75,100,
09:38:05,33.75,500,
09:38:06,33.75,100,
09:38:06,33.75,100,
09:38:06,33.75,100,
09:38:06,33.73,300,
09:38:06,33.73,100,
09:38:07,33.74,100,
09:38:07,33.76,100,
09:38:07,33.76,100,
09:38:08,33.75,5000,
09:38:08,33.76,100,
09:38:09,33.73,500,
09:38:09,33.72,100,
09:38:09,33.7301,100,
09:38:10,33.74,500,
09:38:10,33.767,100,
09:38:11,33.7392,300,
09:38:11,33.74,100,
09:38:11,33.74,200,
09:38:11,33.75,100,
09:38:11,33.76,200,
09:38:11,33.76,100,
09:38:11,33.76,100,
09:38:11,33.7499,200,
09:38:12,33.74,100,
09:38:12,33.7201,300,
09:38:12,33.7301,700,
09:38:13,33.72,100,
09:38:14,33.70,100,
09:38:14,33.69,100,
09:38:14,33.721,300,
09:38:15,33.6799,200,
09:38:15,33.68,100,
09:38:15,33.6516,500,
09:38:16,33.6701,100,
09:38:16,33.6701,100,
09:38:17,33.68,100,
09:38:17,33.673,200,
09:38:18,33.68,100,
09:38:18,33.6868,500,
09:38:19,33.6801,1500,
09:38:19,33.68,100,
09:38:20,33.68,100,
09:38:20,33.661,500,
09:38:21,33.68,100,
09:38:21,33.67,800,
09:38:22,33.67,100,
09:38:24,33.683,200,
09:38:25,33.65,260,
09:38:25,33.65,100,
09:38:26,33.64,100,
09:38:26,33.65,100,
09:38:28,33.67,100,
09:38:28,33.67,100,
09:38:28,33.669,100,
09:38:28,33.64,500,
09:38:28,33.66,100,
09:38:28,33.66,100,
09:38:29,33.661,1000,
09:38:31,33.70,200,
09:38:31,33.70,100,
09:38:31,33.70,100,
09:38:31,33.67,5000,
09:38:33,33.72,200,
09:38:33,33.73,100,
09:38:33,33.729,300,
09:38:33,33.70,100,
09:38:34,33.68,100,
09:38:34,33.704,1100,
09:38:37,33.71,100,
09:38:38,33.69,300,
09:38:39,33.70,100,
09:38:39,33.699,200,
09:38:42,33.65,100,
09:38:42,33.6598,200,
09:38:43,33.6699,100,
09:38:44,33.70,100,
09:38:44,33.70,100,
09:38:44,33.70,100,
09:38:44,33.70,100,
09:38:44,33.68,180,
09:38:44,33.69,100,
09:38:44,33.69,100,
09:38:47,33.691,200,
09:38:50,33.663,200,
09:38:55,33.6865,550,
09:38:56,33.6963,500,
09:38:57,33.6999,500,
09:38:59,33.67,200,
09:38:59,33.691,100,
09:39:00,33.65,100,
09:39:01,33.67,100,
09:39:03,33.681,100,
09:39:03,33.67,100,
09:39:03,33.66,100,
09:39:03,33.66,500,
09:39:03,33.66,500,
09:39:05,33.667,400,
09:39:06,33.67,100,
09:39:09,33.69,500,
09:39:11,33.70,100,
09:39:11,33.70,519,
09:39:11,33.70,100,
09:39:11,33.71,151,
09:39:12,33.72,100,
09:39:12,33.71,100,
09:39:12,33.71,100,
09:39:12,33.7136,200,
09:39:14,33.7006,1000,
09:39:17,33.7135,500,
09:39:17,33.7005,875,
09:39:21,33.737,200,
09:39:22,33.74,1500,
09:39:24,33.72,200,
09:39:25,33.74,100,
09:39:26,33.727,1000,
09:39:27,33.72,200,
09:39:28,33.7305,500,
09:39:29,33.74,100,
09:39:29,33.7472,700,
09:39:29,33.72,100,
09:39:29,33.731,100,
09:39:29,33.72,100,
09:39:31,33.726,100,
09:39:34,33.72,100,
09:39:34,33.74,100,
09:39:34,33.75,100,
09:39:36,33.7308,150,
09:39:39,33.72,100,
09:39:39,33.72,100,
09:39:39,33.70,100,
09:39:40,33.67,900,
09:39:40,33.66,100,
09:39:40,33.65,100,
09:39:43,33.66,200,
09:39:43,33.66,100,
09:39:44,33.65,100,
09:39:44,33.65,100,
09:39:44,33.62,1900,
09:39:44,33.62,100,
09:39:44,33.62,600,
09:39:44,33.62,200,
09:39:45,33.61,100,
09:39:46,33.59,1100,
09:39:46,33.6014,100,
09:39:46,33.601,100,
09:39:46,33.6014,100,
09:39:46,33.63,100,
09:39:47,33.63,100,
09:39:47,33.65,100,
09:39:47,33.66,100,
09:39:47,33.641,100,
09:39:47,33.641,100,
09:39:48,33.601,500,
09:39:48,33.603,100,
09:39:48,33.63,100,
09:39:48,33.63,100,
09:39:49,33.649,300,
09:39:49,33.64,100,
09:39:50,33.657,320,
09:39:52,33.64,1100,
09:39:52,33.67,100,
09:39:52,33.67,100,
09:39:54,33.70,100,
09:39:57,33.7065,1000,
09:39:58,33.72,200,
09:40:00,33.70,100,
09:40:00,33.70,100,
09:40:00,33.70,100,
09:40:00,33.69,100,
09:40:00,33.70,1000,
09:40:00,33.70,300,
09:40:00,33.70,200,
09:40:00,33.69,100,
09:40:00,33.69,500,
09:40:00,33.67,100,
09:40:00,33.69,300,
09:40:00,33.68,400,
09:40:00,33.68,100,
09:40:00,33.67,100,
09:40:00,33.65,500,
09:40:00,33.65,100,
09:40:00,33.66,100,
09:40:00,33.64,100,
09:40:00,33.65,300,
09:40:00,33.65,100,
09:40:01,33.6503,100,
09:40:02,33.65,300,
09:40:04,33.64,700,
09:40:04,33.64,200,
09:40:04,33.64,200,
09:40:04,33.64,100,
09:40:05,33.62,100,
09:40:05,33.61,200,
09:40:06,33.61,417,
09:40:06,33.59,100,
09:40:08,33.5802,100,
09:40:08,33.56,250,
09:40:08,33.56,100,
09:40:08,33.55,100,
09:40:08,33.55,100,
09:40:08,33.59,100,
09:40:08,33.59,100,
09:40:08,33.58,100,
09:40:09,33.591,400,
09:40:11,33.56,100,
09:40:11,33.57,100,
09:40:11,33.57,1500,
09:40:11,33.561,200,
09:40:11,33.561,200,
09:40:11,33.55,116,
09:40:11,33.55,100,
09:40:12,33.561,2000,
09:40:13,33.59,100,
09:40:13,33.59,100,
09:40:13,33.59,100,
09:40:15,33.57,100,
09:40:15,33.59,300,
09:40:15,33.57,100,
09:40:15,33.56,100,
09:40:15,33.57,100,
09:40:18,33.577,1000,
09:40:19,33.5765,800,
09:40:20,33.571,100,
09:40:21,33.5602,200,
09:40:22,33.50,100,
09:40:22,33.50,100,
09:40:22,33.49,1300,
09:40:22,33.49,100,
09:40:22,33.50,400,
09:40:22,33.50,1400,
09:40:23,33.48,100,
09:40:23,33.48,400,
09:40:23,33.47,100,
09:40:24,33.50,2000,
09:40:24,33.50,100,
09:40:24,33.48,100,
09:40:24,33.50,100,
09:40:24,33.5054,100,
09:40:25,33.51,100,
09:40:25,33.4901,100,
09:40:25,33.51,100,
09:40:25,33.5099,300,
09:40:26,33.5064,100,
09:40:26,33.5083,100,
09:40:26,33.506,100,
09:40:26,33.509,500,
09:40:26,33.49,100,
09:40:26,33.479,954,
09:40:26,33.48,1000,
09:40:26,33.48,100,
09:40:27,33.492,100,
09:40:29,33.50,100,
09:40:29,33.4801,1000,
09:40:29,33.48,100,
09:40:29,33.47,1600,
09:40:29,33.47,300,
09:40:29,33.47,300,
09:40:29,33.47,100,
09:40:29,33.47,100,
09:40:29,33.47,167,
09:40:29,33.47,100,
09:40:29,33.47,100,
09:40:29,33.47,100,
09:40:29,33.47,100,
09:40:30,33.44,100,
09:40:30,33.46,100,
09:40:30,33.46,100,
09:40:30,33.45,100,
09:40:30,33.46,100,
09:40:31,33.45,100,
09:40:33,33.44,700,
09:40:33,33.42,100,
09:40:33,33.42,100,
09:40:33,33.4102,300,
09:40:33,33.4102,300,
09:40:35,33.40,100,
09:40:35,33.39,2300,
09:40:35,33.4001,600,
09:40:36,33.4113,100,
09:40:36,33.4199,100,
09:40:36,33.40,100,
09:40:37,33.391,100,
09:40:39,33.41,100,
09:40:39,33.392,200,
09:40:39,33.40,100,
09:40:42,33.3938,100,
09:40:42,33.3933,100,
09:40:42,33.391,400,
09:40:42,33.391,300,
09:40:43,33.40,100,
09:40:43,33.40,100,
09:40:43,33.41,100,
09:40:45,33.40,1700,
09:40:45,33.403,100,
09:40:45,33.39,100,
09:40:45,33.4093,400,
09:40:47,33.4372,1000,
09:40:47,33.44,100,
09:40:47,33.417,1000,
09:40:48,33.42,100,
09:40:48,33.42,1000,
09:40:48,33.423,100,
09:40:50,33.43,100,
09:40:50,33.43,100,
09:40:50,33.43,500,
09:40:53,33.4206,650,
09:40:53,33.44,100,
09:40:54,33.44,100,
09:40:55,33.42,286,
09:40:55,33.42,289,
09:40:56,33.41,200,
09:40:57,33.37,100,
09:40:57,33.37,100,
09:40:57,33.37,100,
09:40:57,33.36,300,
09:40:59,33.37,100,
09:40:59,33.37,100,
09:40:59,33.37,100,
09:40:59,33.3699,100,
09:40:59,33.38,2900,
09:41:00,33.3794,500,
09:41:00,33.34,100,
09:41:02,33.34,200,
09:41:02,33.33,200,
09:41:02,33.33,100,
09:41:02,33.33,200,
09:41:02,33.33,600,
09:41:02,33.31,100,
09:41:02,33.31,100,
09:41:02,33.3221,100,
09:41:02,33.321,600,
09:41:02,33.339,300,
09:41:03,33.3208,100,
09:41:03,33.321,100,
09:41:03,33.32,100,
09:41:03,33.32,1300,
09:41:04,33.32,100,
09:41:04,33.31,100,
09:41:04,33.30,500,
09:41:04,33.30,100,
09:41:04,33.30,200,
09:41:04,33.30,100,
09:41:04,33.30,100,
09:41:05,33.30,100,
09:41:05,33.30,100,
09:41:05,33.31,200,
09:41:05,33.30,100,
09:41:05,33.31,100,
09:41:05,33.2932,500,
09:41:05,33.2902,1180,
09:41:06,33.30,200,
09:41:07,33.30,900,
09:41:08,33.30,100,
09:41:08,33.3136,100,
09:41:08,33.29,200,
09:41:08,33.29,100,
09:41:09,33.29,200,
09:41:09,33.29,300,
09:41:09,33.30,576,
09:41:09,33.30,576,
09:41:09,33.30,400,
09:41:09,33.30,800,
09:41:09,33.30,124,
09:41:09,33.30,1000,
09:41:10,33.31,100,
09:41:10,33.31,100,
09:41:10,33.30,100,
09:41:10,33.29,300,
09:41:10,33.29,100,
09:41:10,33.29,100,
09:41:10,33.28,100,
09:41:10,33.29,200,
09:41:10,33.30,100,
09:41:11,33.291,100,
09:41:12,33.30,500,
09:41:12,33.29,100,
09:41:13,33.31,500,
09:41:13,33.31,100,
09:41:13,33.31,200,
09:41:13,33.3193,100,
09:41:13,33.293,600,
09:41:14,33.29,100,
09:41:15,33.31,200,
09:41:16,33.35,300,
09:41:16,33.35,340,
09:41:16,33.35,160,
09:41:16,33.3672,1000,
09:41:16,33.37,100,
09:41:17,33.36,100,
09:41:17,33.36,100,
09:41:17,33.36,628,
09:41:17,33.36,100,
09:41:17,33.36,200,
09:41:17,33.36,100,
09:41:17,33.34,200,
09:41:18,33.37,100,
09:41:18,33.38,1600,
09:41:20,33.3635,500,
09:41:21,33.351,900,
09:41:21,33.368,2000,
09:41:22,33.46,100,
09:41:22,33.45,100,
09:41:23,33.44,100,
09:41:23,33.44,100,
09:41:23,33.4401,900,
09:41:26,33.441,1700,
09:41:27,33.4595,400,
09:41:28,33.44,100,
09:41:30,33.451,1000,
09:41:31,33.46,100,
09:41:31,33.46,100,
09:41:31,33.45,100,
09:41:32,33.46,900,
09:41:32,33.46,580,
09:41:32,33.44,100,
09:41:33,33.451,100,
09:41:33,33.486,100,
09:41:33,33.44,100,
09:41:34,33.457,1000,
09:41:34,33.43,100,
09:41:36,33.4375,2000,
09:41:38,33.43,100,
09:41:38,33.42,100,
09:41:38,33.429,100,
09:41:39,33.42,200,
09:41:40,33.427,800,
09:41:40,33.41,100,
09:41:40,33.40,100,
09:41:40,33.4002,100,
09:41:40,33.4002,100,
09:41:40,33.4002,100,
09:41:40,33.40,550,
09:41:40,33.39,100,
09:41:40,33.39,500,
09:41:40,33.40,100,
09:41:40,33.3923,100,
09:41:40,33.40,200,
09:41:40,33.38,300,
09:41:40,33.38,100,
09:41:40,33.38,500,
09:41:40,33.38,2000,
09:41:40,33.36,900,
09:41:41,33.37,100,
09:41:41,33.38,100,
09:41:45,33.363,1000,
09:41:46,33.38,100,
09:41:47,33.35,100,
09:41:47,33.36,100,
09:41:47,33.37,100,
09:41:49,33.3799,100,
09:41:49,33.38,100,
09:41:49,33.3799,100,
09:41:49,33.3799,100,
09:41:50,33.40,200,
09:41:50,33.39,100,
09:41:50,33.44,100,
09:41:50,33.44,300,
09:41:51,33.43,100,
09:41:52,33.47,100,
09:41:55,33.50,100,
09:41:55,33.49,100,
09:41:56,33.4701,800,
09:41:56,33.47,100,
09:41:56,33.47,6800,
09:41:57,33.47,1100,
09:42:00,33.56,200,
09:42:00,33.56,100,
09:42:00,33.54,100,
09:42:00,33.548,500,
09:42:01,33.57,100,
09:42:02,33.55,110,
09:42:02,33.55,200,
09:42:02,33.56,100,
09:42:04,33.5565,500,
09:42:06,33.5532,100,
09:42:06,33.561,200,
09:42:06,33.57,100,
09:42:07,33.55,100,
09:42:07,33.52,100,
09:42:09,33.52,240,
09:42:09,33.52,200,
09:42:09,33.52,200,
09:42:09,33.52,100,
09:42:09,33.52,100,
09:42:09,33.52,100,
09:42:09,33.52,100,
09:42:09,33.52,400,
09:42:09,33.52,200,
09:42:09,33.52,100,
09:42:09,33.52,100,
09:42:09,33.5132,500,
09:42:10,33.531,1100,
09:42:10,33.54,100,
09:42:10,33.54,200,
09:42:11,33.53,200,
09:42:11,33.54,100,
09:42:13,33.5168,200,
09:42:14,33.5125,2000,
09:42:18,33.50,100,
09:42:21,33.50,100,
09:42:21,33.50,100,
09:42:21,33.48,100,
09:42:21,33.48,100,
09:42:21,33.48,100,
09:42:21,33.505,100,
09:42:21,33.50,100,
09:42:22,33.52,100,
09:42:22,33.53,100,
09:42:23,33.51,100,
09:42:24,33.54,100,
09:42:25,33.57,200,
09:42:25,33.57,300,
09:42:26,33.5732,115,
09:42:26,33.59,300,
09:42:26,33.61,480,
09:42:26,33.59,100,
09:42:26,33.61,100,
09:42:26,33.62,100,
09:42:27,33.63,500,
09:42:28,33.61,100,
09:42:28,33.6195,200,
09:42:28,33.61,100,
09:42:28,33.61,100,
09:42:28,33.61,100,
09:42:28,33.61,100,
09:42:28,33.61,200,
09:42:28,33.61,200,
09:42:28,33.61,100,
09:42:28,33.61,100,
09:42:28,33.61,768,
09:42:29,33.6074,300,
09:42:30,33.62,100,
09:42:31,33.61,100,
09:42:31,33.6101,200,
09:42:32,33.62,2000,
09:42:33,33.5906,400,
09:42:34,33.58,100,
09:42:34,33.58,100,
09:42:34,33.5808,300,
09:42:34,33.60,100,
09:42:34,33.60,300,
09:42:35,33.5884,500,
09:42:37,33.58,100,
09:42:38,33.60,100,
09:42:39,33.61,100,
09:42:40,33.6005,100,
09:42:42,33.62,100,
09:42:45,33.64,100,
09:42:45,33.64,100,
09:42:45,33.64,100,
09:42:46,33.63,100,
09:42:46,33.6268,500,
09:42:46,33.63,768,
09:42:46,33.63,100,
09:42:46,33.65,100,
09:42:46,33.65,100,
09:42:47,33.65,100,
09:42:47,33.68,100,
09:42:48,33.6993,100,
09:42:48,33.70,1700,
09:42:48,33.69,100,
09:42:48,33.68,100,
09:42:48,33.68,100,
09:42:49,33.6868,300,
09:42:49,33.69,100,
09:42:50,33.70,100,
09:42:50,33.70,100,
09:42:50,33.69,100,
09:42:50,33.69,100,
09:42:50,33.69,564,
09:42:50,33.67,100,
09:42:50,33.65,100,
09:42:50,33.64,100,
09:42:50,33.63,200,
09:42:50,33.65,100,
09:42:50,33.63,100,
09:42:50,33.62,250,
09:42:50,33.60,100,
09:42:50,33.63,100,
09:42:50,33.64,100,
09:42:51,33.63,100,
09:42:51,33.63,400,
09:42:51,33.63,100,
09:42:51,33.63,464,
09:42:52,33.63,100,
09:42:52,33.61,100,
09:42:52,33.63,100,
09:42:52,33.6299,200,
09:42:52,33.63,100,
09:42:52,33.629,100,
09:42:53,33.62,100,
09:42:53,33.58,100,
09:42:53,33.60,1500,
09:42:54,33.56,164,
09:42:54,33.52,100,
09:42:55,33.51,100,
09:42:55,33.51,100,
09:42:55,33.48,200,
09:42:55,33.48,100,
09:42:55,33.47,100,
09:42:55,33.44,100,
09:42:55,33.45,100,
09:42:55,33.44,100,
09:42:55,33.626,2900,
09:42:56,33.42,100,
09:42:56,33.4192,100,
09:42:56,33.4298,100,
09:42:58,33.44,100,
09:42:58,33.45,200,
09:42:59,33.45,500,
09:43:00,33.50,100,
09:43:00,33.52,300,
09:43:01,33.5103,500,
09:43:01,33.47,100,
09:43:01,33.49,100,
09:43:03,33.50,100,
09:43:03,33.50,100,
09:43:03,33.49,200,
09:43:04,33.4901,5000,
09:43:04,33.50,100,
09:43:05,33.503,200,
09:43:05,33.47,100,
09:43:06,33.4799,400,
09:43:06,33.50,100,
09:43:06,33.4765,1000,
09:43:07,33.45,100,
09:43:07,33.4692,100,
09:43:08,33.48,100,
09:43:08,33.48,200,
09:43:08,33.48,100,
09:43:09,33.50,100,
09:43:09,33.50,100,
09:43:09,33.4999,100,
09:43:12,33.53,100,
09:43:13,33.534,400,
09:43:14,33.50,100,
09:43:14,33.49,100,
09:43:14,33.50,100,
09:43:16,33.55,100,
09:43:16,33.57,100,
09:43:16,33.55,100,
09:43:16,33.56,100,
09:43:17,33.60,100,
09:43:17,33.60,100,
09:43:17,33.59,100,
09:43:18,33.59,1000,
09:43:18,33.58,100,
09:43:19,33.57,764,
09:43:21,33.5293,100,
09:43:21,33.54,100,
09:43:21,33.55,100,
09:43:23,33.58,1000,
09:43:25,33.573,375,
09:43:26,33.59,100,
09:43:26,33.59,100,
09:43:26,33.60,100,
09:43:26,33.59,200,
09:43:27,33.59,100,
09:43:27,33.59,100,
09:43:29,33.57,100,
09:43:30,33.59,100,
09:43:30,33.59,100,
09:43:30,33.60,100,
09:43:31,33.5735,1000,
09:43:32,33.59,100,
09:43:33,33.61,465,
09:43:33,33.61,100,
09:43:34,33.6105,100,
09:43:34,33.6109,100,
09:43:38,33.56,100,
09:43:39,33.57,100,
09:43:41,33.60,100,
09:43:41,33.59,100,
09:43:41,33.58,100,
09:43:42,33.57,200,
09:43:42,33.56,100,
09:43:43,33.53,200,
09:43:43,33.53,100,
09:43:44,33.5299,100,
09:43:45,33.54,100,
09:43:45,33.57,100,
09:43:45,33.59,100,
09:43:45,33.59,100,
09:43:46,33.59,100,
09:43:46,33.59,100,
09:43:47,33.61,500,
09:43:48,33.6099,200,
09:43:49,33.62,100,
09:43:49,33.62,100,
09:43:49,33.63,100,
09:43:51,33.62,800,
09:43:51,33.62,100,
09:43:52,33.593,1000,
09:43:55,33.597,100,
09:44:01,33.54,100,
09:44:01,33.549,100,
09:44:02,33.549,100,
09:44:02,33.51,100,
09:44:02,33.50,700,
09:44:02,33.51,200,
09:44:02,33.48,100,
09:44:03,33.45,100,
09:44:03,33.46,100,
09:44:04,33.48,100,
09:44:04,33.47,100,
09:44:05,33.4792,100,
09:44:05,33.479,200,
09:44:06,33.48,169,
09:44:06,33.49,100,
09:44:07,33.48,4300,
09:44:08,33.51,300,
09:44:08,33.52,100,
09:44:08,33.53,100,
09:44:08,33.53,100,
09:44:08,33.53,100,
09:44:09,33.5368,700,
09:44:09,33.55,100,
09:44:10,33.56,2100,
09:44:10,33.57,100,
09:44:11,33.57,100,
09:44:11,33.58,100,
09:44:11,33.51,100,
09:44:11,33.55,100,
09:44:11,33.57,200,
09:44:11,33.52,100,
09:44:11,33.54,200,
09:44:11,33.50,300,
09:44:11,33.49,100,
09:44:11,33.49,300,
09:44:11,33.50,100,
09:44:11,33.48,100,
09:44:11,33.52,100,
09:44:11,33.51,100,
09:44:11,33.48,300,
09:44:11,33.49,100,
09:44:11,33.49,100,
09:44:11,33.48,100,
09:44:11,33.48,200,
09:44:11,33.47,100,
09:44:11,33.48,100,
09:44:11,33.48,100,
09:44:11,33.48,100,
09:44:11,33.49,100,
09:44:11,33.49,100,
09:44:11,33.49,100,
09:44:11,33.49,100,
09:44:11,33.51,200,
09:44:12,33.50,100,
09:44:12,33.50,100,
09:44:14,33.55,200,
09:44:16,33.56,100,
09:44:16,33.58,100,
09:44:17,33.59,100,
09:44:18,33.60,100,
09:44:18,33.61,100,
09:44:19,33.64,100,
09:44:19,33.66,100,
09:44:19,33.649,250,
09:44:19,33.641,100,
09:44:22,33.65,100,
09:44:22,33.67,100,
09:44:22,33.67,500,
09:44:23,33.67,100,
09:44:23,33.66,400,
09:44:24,33.6632,700,
09:44:25,33.64,100,
09:44:25,33.63,100,
09:44:26,33.63,100,
09:44:35,33.68,100,
09:44:35,33.68,100,
09:44:38,33.68,100,
09:44:42,33.69,250,
09:44:42,33.70,100,
09:44:42,33.70,300,
09:44:42,33.70,1000,
09:44:42,33.70,169,
09:44:42,33.70,831,
09:44:42,33.70,100,
09:44:42,33.71,100,
09:44:42,33.72,100,
09:44:42,33.70,100,
09:44:42,33.72,100,
09:44:44,33.72,100,
09:44:44,33.71,100,
09:44:45,33.7016,100,
09:44:45,33.69,500,
09:44:46,33.68,100,
09:44:46,33.65,100,
09:44:47,33.703,800,
09:44:47,33.6798,100,
09:44:47,33.6798,100,
09:44:47,33.6798,100,
09:44:47,33.68,100,
09:44:50,33.71,100,
09:44:53,33.737,1000,
09:44:54,33.72,200,
09:44:55,33.71,100,
09:44:56,33.66,100,
09:44:56,33.67,100,
09:44:56,33.66,200,
09:44:57,33.67,100,
09:44:57,33.66,100,
09:44:59,33.668,1000,
09:44:59,33.689,800,
09:44:59,33.651,100,
09:44:59,33.67,4800,
09:45:00,33.64,200,
09:45:02,33.64,100,
09:45:04,33.63,100,
09:45:04,33.63,200,
09:45:04,33.63,100,
09:45:04,33.65,100,
09:45:04,33.64,300,
09:45:04,33.63,300,
09:45:04,33.67,100,
09:45:04,33.68,100,
09:45:04,33.67,100,
09:45:04,33.69,100,
09:45:07,33.6865,1300,
09:45:08,33.69,100,
09:45:09,33.70,250,
09:45:09,33.72,300,
09:45:09,33.74,100,
09:45:09,33.74,100,
09:45:09,33.7132,500,
09:45:11,33.7292,140,
09:45:12,33.70,100,
09:45:14,33.699,600,
09:45:16,33.68,100,
09:45:16,33.68,100,
09:45:16,33.67,100,
09:45:16,33.65,200,
09:45:16,33.64,100,
09:45:16,33.64,100,
09:45:16,33.62,100,
09:45:16,33.62,100,
09:45:16,33.63,100,
09:45:16,33.647,300,
09:45:18,33.61,200,
09:45:19,33.61,1300,
09:45:20,33.611,100,
09:45:21,33.615,100,
09:45:22,33.6199,100,
09:45:22,33.6128,100,
09:45:27,33.65,100,
09:45:29,33.653,1000,
09:45:30,33.6484,400,
09:45:32,33.64,100,
09:45:32,33.64,100,
09:45:32,33.667,300,
09:45:33,33.62,100,
09:45:36,33.62,200,
09:45:39,33.5956,900,
09:45:40,33.58,100,
09:45:40,33.58,300,
09:45:40,33.58,500,
09:45:41,33.58,200,
09:45:41,33.56,200,
09:45:41,33.54,100,
09:45:41,33.53,100,
09:45:41,33.53,100,
09:45:41,33.54,100,
09:45:41,33.53,100,
09:45:41,33.53,200,
09:45:41,33.609,100,
09:45:41,33.5399,200,
09:45:42,33.55,100,
09:45:42,33.55,100,
09:45:43,33.5401,100,
09:45:45,33.54,100,
09:45:46,33.51,100,
09:45:46,33.52,100,
09:45:46,33.52,100,
09:45:46,33.51,100,
09:45:46,33.51,100,
09:45:46,33.53,100,
09:45:46,33.49,100,
09:45:46,33.50,100,
09:45:46,33.50,100,
09:45:46,33.50,100,
09:45:46,33.51,200,
09:45:46,33.48,100,
09:45:46,33.50,2100,
09:45:46,33.52,100,
09:45:46,33.51,100,
09:45:47,33.50,100,
09:45:47,33.507,1600,
09:45:49,33.5199,100,
09:45:52,33.579,160,
09:45:52,33.579,100,
09:45:53,33.57,100,
09:45:53,33.576,500,
09:45:54,33.57,100,
09:45:56,33.53,100,
09:46:00,33.5416,400,
09:46:00,33.55,100,
09:46:00,33.55,200,
09:46:00,33.58,100,
09:46:02,33.60,100,
09:46:02,33.60,200,
09:46:03,33.62,100,
09:46:03,33.63,100,
09:46:03,33.63,120,
09:46:04,33.64,100,
09:46:05,33.63,200,
09:46:07,33.61,700,
09:46:07,33.6072,200,
09:46:08,33.58,100,
09:46:11,33.59,100,
09:46:13,33.60,100,
09:46:13,33.60,100,
09:46:14,33.6016,500,
09:46:15,33.61,100,
09:46:15,33.61,100,
09:46:15,33.61,100,
09:46:15,33.62,100,
09:46:16,33.63,100,
09:46:17,33.64,100,
09:46:17,33.64,100,
09:46:18,33.64,100,
09:46:18,33.63,100,
09:46:18,33.62,100,
09:46:18,33.62,100,
09:46:18,33.62,100,
09:46:18,33.62,200,
09:46:19,33.64,100,
09:46:20,33.6301,100,
09:46:20,33.61,100,
09:46:23,33.61,100,
09:46:24,33.613,300,
09:46:26,33.64,100,
09:46:26,33.64,100,
09:46:29,33.62,100,
09:46:29,33.61,100,
09:46:29,33.61,100,
09:46:29,33.59,200,
09:46:29,33.61,100,
09:46:29,33.60,100,
09:46:29,33.62,100,
09:46:30,33.63,100,
09:46:30,33.63,100,
09:46:32,33.63,100,
09:46:32,33.63,100,
09:46:32,33.64,100,
09:46:32,33.65,100,
09:46:32,33.65,100,
09:46:32,33.65,1000,
09:46:32,33.65,100,
09:46:32,33.66,100,
09:46:32,33.66,100,
09:46:32,33.67,100,
09:46:34,33.69,100,
09:46:34,33.69,400,
09:46:34,33.69,100,
09:46:34,33.69,200,
09:46:34,33.69,1400,
09:46:37,33.6897,100,
09:46:37,33.69,100,
09:46:37,33.6897,100,
09:46:37,33.6899,200,
09:46:38,33.70,300,
09:46:40,33.69,100,
09:46:40,33.69,100,
09:46:40,33.69,200,
09:46:41,33.69,100,
09:46:41,33.69,200,
09:46:41,33.69,100,
09:46:42,33.70,500,
09:46:42,33.71,100,
09:46:42,33.71,100,
09:46:48,33.71,200,
09:46:50,33.72,100,
09:46:50,33.72,100,
09:46:50,33.72,100,
09:46:50,33.73,100,
09:46:51,33.75,400,
09:46:52,33.741,100,
09:46:52,33.7427,100,
09:46:53,33.7416,500,
09:46:54,33.71,100,
09:46:54,33.71,100,
09:46:54,33.69,100,
09:46:54,33.71,100,
09:46:55,33.71,100,
09:46:57,33.711,300,
09:46:57,33.711,100,
09:46:57,33.70,400,
09:46:57,33.698,500,
09:46:57,33.69,100,
09:46:59,33.673,500,
09:47:00,33.679,100,
09:47:00,33.69,100,
09:47:00,33.70,100,
09:47:00,33.70,100,
09:47:00,33.70,100,
09:47:00,33.69,100,
09:47:01,33.71,500,
09:47:01,33.69,100,
09:47:01,33.68,100,
09:47:01,33.6807,100,
09:47:01,33.671,100,
09:47:04,33.7058,5000,
09:47:05,33.71,100,
09:47:05,33.71,100,
09:47:05,33.72,100,
09:47:06,33.693,1000,
09:47:08,33.739,200,
09:47:09,33.737,200,
09:47:09,33.7274,100,
09:47:10,33.72,100,
09:47:10,33.70,100,
09:47:14,33.7294,800,
09:47:14,33.74,100,
09:47:14,33.75,100,
09:47:14,33.75,100,
09:47:14,33.75,100,
09:47:14,33.7572,250,
09:47:15,33.71,200,
09:47:15,33.75,100,
09:47:16,33.74,100,
09:47:17,33.7592,100,
09:47:23,33.7301,100,
09:47:25,33.7201,300,
09:47:25,33.72,200,
09:47:26,33.71,100,
09:47:26,33.71,1000,
09:47:26,33.70,700,
09:47:26,33.6884,100,
09:47:28,33.68,900,
09:47:28,33.68,800,
09:47:28,33.68,100,
09:47:28,33.69,100,
09:47:31,33.6999,1000,
09:47:32,33.6927,100,
09:47:32,33.691,100,
09:47:33,33.68,1600,
09:47:35,33.71,200,
09:47:37,33.73,100,
09:47:37,33.73,100,
09:47:37,33.73,200,
09:47:37,33.73,100,
09:47:37,33.73,100,
09:47:37,33.73,100,
09:47:37,33.73,100,
09:47:37,33.73,200,
09:47:37,33.73,100,
09:47:37,33.73,100,
09:47:37,33.73,100,
09:47:37,33.73,100,
09:47:37,33.73,100,
09:47:37,33.73,100,
09:47:37,33.73,100,
09:47:38,33.73,200,
09:47:39,33.703,500,
09:47:39,33.76,100,
09:47:39,33.76,100,
09:47:40,33.7502,100,
09:47:40,33.7501,100,
09:47:41,33.75,100,
09:47:41,33.751,450,
09:47:42,33.751,100,
09:47:42,33.75,100,
09:47:43,33.75,100,
09:47:43,33.75,100,
09:47:43,33.76,100,
09:47:43,33.75,1300,
09:47:43,33.76,200,
09:47:46,33.71,100,
09:47:46,33.68,100,
09:47:46,33.68,100,
09:47:46,33.67,100,
09:47:46,33.67,100,
09:47:46,33.68,100,
09:47:46,33.67,100,
09:47:47,33.67,300,
09:47:47,33.67,100,
09:47:49,33.6565,500,
09:47:49,33.633,100,
09:47:50,33.64,100,
09:47:50,33.651,200,
09:47:51,33.65,800,
09:47:56,33.67,100,
09:47:56,33.63,100,
09:47:57,33.64,100,
09:47:58,33.64,100,
09:48:00,33.651,1000,
09:48:02,33.62,100,
09:48:02,33.61,100,
09:48:02,33.59,100,
09:48:02,33.58,100,
09:48:02,33.58,200,
09:48:02,33.58,100,
09:48:02,33.58,100,
09:48:02,33.60,175,
09:48:03,33.57,380,
09:48:03,33.5701,100,
09:48:03,33.56,100,
09:48:03,33.59,100,
09:48:04,33.57,100,
09:48:04,33.59,100,
09:48:04,33.59,100,
09:48:04,33.59,1060,
09:48:04,33.59,100,
09:48:04,33.59,660,
09:48:04,33.59,100,
09:48:04,33.59,500,
09:48:04,33.63,100,
09:48:04,33.61,100,
09:48:04,33.59,100,
09:48:04,33.61,125,
09:48:04,33.61,100,
09:48:04,33.61,100,
09:48:04,33.62,100,
09:48:04,33.65,100,
09:48:04,33.63,400,
09:48:04,33.65,100,
09:48:04,33.65,100,
09:48:05,33.63,1400,
09:48:05,33.64,100,
09:48:05,33.63,200,
09:48:05,33.60,100,
09:48:05,33.64,500,
09:48:05,33.65,100,
09:48:06,33.595,100,
09:48:06,33.60,100,
09:48:06,33.64,100,
09:48:07,33.595,100,
09:48:07,33.595,1100,
09:48:08,33.64,500,
09:48:09,33.61,100,
09:48:09,33.61,100,
09:48:10,33.61,4500,
09:48:11,33.64,100,
09:48:11,33.66,100,
09:48:12,33.68,100,
09:48:12,33.69,100,
09:48:14,33.67,100,
09:48:14,33.68,100,
09:48:14,33.68,150,
09:48:14,33.69,200,
09:48:15,33.6895,500,
09:48:16,33.70,100,
09:48:17,33.6935,700,
09:48:18,33.703,100,
09:48:24,33.709,1000,
09:48:27,33.74,3000,
09:48:29,33.74,100,
09:48:29,33.75,100,
09:48:29,33.75,100,
09:48:29,33.75,100,
09:48:29,33.75,300,
09:48:29,33.75,600,
09:48:29,33.75,300,
09:48:29,33.75,100,
09:48:29,33.75,100,
09:48:29,33.75,200,
09:48:29,33.75,100,
09:48:29,33.7401,400,
09:48:29,33.75,2100,
09:48:29,33.75,1056,
09:48:29,33.75,200,
09:48:29,33.75,100,
09:48:29,33.75,300,
09:48:29,33.75,300,
09:48:29,33.75,200,
09:48:29,33.75,100,
09:48:29,33.75,100,
09:48:29,33.75,200,
09:48:29,33.75,100,
09:48:29,33.75,200,
09:48:29,33.75,100,
09:48:29,33.75,100,
09:48:29,33.75,100,
09:48:29,33.75,400,
09:48:29,33.75,300,
09:48:29,33.75,100,
09:48:29,33.75,500,
09:48:29,33.75,100,
09:48:29,33.75,100,
09:48:29,33.75,8826,
09:48:29,33.76,100,
09:48:29,33.76,100,
09:48:29,33.76,400,
09:48:29,33.76,200,
09:48:29,33.77,150,
09:48:29,33.78,100,
09:48:29,33.75,100,
09:48:30,33.79,200,
09:48:30,33.81,100,
09:48:30,33.80,300,
09:48:30,33.80,500,
09:48:30,33.80,200,
09:48:30,33.81,100,
09:48:32,33.8299,7300,
09:48:33,33.81,100,
09:48:33,33.81,100,
09:48:33,33.81,100,
09:48:33,33.81,100,
09:48:33,33.82,1000,
09:48:33,33.81,300,
09:48:33,33.81,100,
09:48:33,33.82,100,
09:48:33,33.81,100,
09:48:34,33.80,200,
09:48:34,33.80,100,
09:48:34,33.82,500,
09:48:34,33.8201,500,
09:48:34,33.8102,200,
09:48:34,33.8201,100,
09:48:36,33.8355,149,
09:48:37,33.84,100,
09:48:39,33.85,100,
09:48:39,33.85,100,
09:48:39,33.85,2500,
09:48:39,33.87,100,
09:48:39,33.87,200,
09:48:39,33.87,100,
09:48:39,33.87,100,
09:48:39,33.86,1000,
09:48:39,33.86,100,
09:48:40,33.86,100,
09:48:40,33.87,355,
09:48:40,33.87,100,
09:48:41,33.88,500,
09:48:41,33.88,100,
09:48:41,33.88,100,
09:48:41,33.87,100,
09:48:41,33.87,200,
09:48:42,33.8784,300,
09:48:43,33.89,400,
09:48:43,33.87,500,
09:48:43,33.86,100,
09:48:44,33.85,100,
09:48:44,33.859,100,
09:48:44,33.85,500,
09:48:44,33.84,100,
09:48:44,33.84,424,
09:48:44,33.84,176,
09:48:44,33.86,100,
09:48:45,33.84,100,
09:48:45,33.83,100,
09:48:45,33.81,100,
09:48:46,33.86,300,
09:48:46,33.829,100,
09:48:46,33.83,100,
09:48:47,33.84,100,
09:48:47,33.85,100,
09:48:48,33.83,1800,
09:48:49,33.821,100,
09:48:50,33.83,200,
09:48:50,33.8268,200,
09:48:51,33.81,100,
09:48:51,33.793,400,
09:48:52,33.83,100,
09:48:52,33.8228,100,
09:48:52,33.83,400,
09:48:52,33.83,100,
09:48:52,33.83,112,
09:48:52,33.83,100,
09:48:52,33.84,100,
09:48:52,33.84,100,
09:48:52,33.83,100,
09:48:52,33.84,200,
09:48:52,33.83,200,
09:48:52,33.87,100,
09:48:53,33.85,100,
09:48:53,33.85,100,
09:48:53,33.8501,200,
09:48:53,33.86,100,
09:48:53,33.86,100,
09:48:53,33.8599,318,
09:48:54,33.867,1000,
09:48:55,33.87,500,
09:48:55,33.87,200,
09:48:56,33.85,500,
09:48:56,33.86,100,
09:48:56,33.86,100,
09:48:56,33.85,100,
09:48:56,33.85,100,
09:48:56,33.85,100,
09:48:56,33.86,500,
09:48:57,33.86,300,
09:48:57,33.86,100,
09:48:57,33.85,100,
09:48:57,33.85,100,
09:48:57,33.85,200,
09:48:57,33.854,5000,
09:48:57,33.8528,100,
09:48:59,33.8599,300,
09:49:00,33.86,600,
09:49:00,33.84,100,
09:49:00,33.839,100,
09:49:01,33.839,200,
09:49:02,33.86,700,
09:49:03,33.85,500,
09:49:03,33.84,100,
09:49:03,33.84,100,
09:49:03,33.84,100,
09:49:03,33.84,200,
09:49:03,33.83,100,
09:49:03,33.83,100,
09:49:03,33.84,200,
09:49:03,33.856,150,
09:49:04,33.859,500,
09:49:05,33.8065,1000,
09:49:06,33.80,100,
09:49:06,33.803,1000,
09:49:08,33.7797,100,
09:49:09,33.78,100,
09:49:10,33.763,400,
09:49:11,33.77,100,
09:49:11,33.77,100,
09:49:11,33.77,100,
09:49:11,33.77,100,
09:49:11,33.77,700,
09:49:11,33.76,100,
09:49:11,33.77,100,
09:49:11,33.77,100,
09:49:11,33.77,100,
09:49:11,33.75,100,
09:49:11,33.75,100,
09:49:11,33.76,300,
09:49:11,33.75,100,
09:49:11,33.76,2100,
09:49:12,33.77,600,
09:49:12,33.72,242,
09:49:12,33.72,100,
09:49:12,33.72,100,
09:49:12,33.72,100,
09:49:12,33.71,100,
09:49:13,33.779,200,
09:49:13,33.71,100,
09:49:13,33.69,100,
09:49:13,33.68,100,
09:49:13,33.68,100,
09:49:13,33.68,200,
09:49:14,33.6801,200,
09:49:14,33.71,100,
09:49:14,33.69,100,
09:49:14,33.70,100,
09:49:14,33.70,100,
09:49:14,33.72,100,
09:49:14,33.71,100,
09:49:14,33.71,100,
09:49:14,33.71,100,
09:49:14,33.71,500,
09:49:14,33.71,300,
09:49:14,33.71,100,
09:49:14,33.71,100,
09:49:14,33.73,100,
09:49:14,33.69,100,
09:49:14,33.73,100,
09:49:14,33.73,200,
09:49:14,33.73,100,
09:49:14,33.73,700,
09:49:15,33.75,100,
09:49:15,33.75,100,
09:49:15,33.75,400,
09:49:15,33.73,100,
09:49:15,33.73,100,
09:49:16,33.76,100,
09:49:16,33.76,100,
09:49:16,33.679,300,
09:49:17,33.76,100,
09:49:17,33.77,900,
09:49:18,33.76,100,
09:49:18,33.77,100,
09:49:19,33.75,100,
09:49:19,33.75,100,
09:49:21,33.75,2100,
09:49:21,33.75,100,
09:49:21,33.75,100,
09:49:21,33.77,100,
09:49:21,33.79,100,
09:49:21,33.76,100,
09:49:21,33.78,100,
09:49:21,33.77,100,
09:49:21,33.79,100,
09:49:21,33.76,200,
09:49:21,33.83,400,
09:49:21,33.83,400,
09:49:21,33.84,100,
09:49:22,33.87,500,
09:49:22,33.87,100,
09:49:23,33.85,100,
09:49:23,33.8516,100,
09:49:23,33.8512,100,
09:49:23,33.8611,100,
09:49:24,33.862,3900,
09:49:24,33.84,500,
09:49:24,33.82,100,
09:49:24,33.81,100,
09:49:25,33.82,100,
09:49:25,33.82,100,
09:49:26,33.85,100,
09:49:27,33.8559,100,
09:49:27,33.86,100,
09:49:27,33.87,100,
09:49:27,33.87,100,
09:49:27,33.87,200,
09:49:27,33.87,100,
09:49:27,33.88,700,
09:49:27,33.88,100,
09:49:27,33.89,200,
09:49:27,33.89,300,
09:49:27,33.89,200,
09:49:27,33.89,248,
09:49:28,33.8913,100,
09:49:28,33.83,200,
09:49:29,33.87,100,
09:49:29,33.87,100,
09:49:29,33.85,100,
09:49:29,33.86,100,
09:49:29,33.86,3000,
09:49:29,33.85,100,
09:49:29,33.85,100,
09:49:30,33.86,100,
09:49:30,33.86,100,
09:49:30,33.84,100,
09:49:30,33.8399,200,
09:49:30,33.8465,1000,
09:49:33,33.83,100,
09:49:33,33.83,276,
09:49:34,33.79,100,
09:49:34,33.80,1559,
09:49:34,33.80,100,
09:49:34,33.80,100,
09:49:34,33.80,100,
09:49:34,33.7995,900,
09:49:34,33.80,100,
09:49:34,33.80,100,
09:49:36,33.81,200,
09:49:36,33.81,1000,
09:49:36,33.81,100,
09:49:36,33.8105,600,
09:49:38,33.80,100,
09:49:38,33.82,100,
09:49:38,33.83,100,
09:49:38,33.83,100,
09:49:38,33.83,700,
09:49:39,33.86,100,
09:49:39,33.86,100,
09:49:39,33.85,100,
09:49:39,33.85,100,
09:49:39,33.85,100,
09:49:40,33.86,100,
09:49:40,33.86,100,
09:49:42,33.8604,600,
09:49:43,33.87,100,
09:49:43,33.88,100,
09:49:43,33.8799,200,
09:49:43,33.888,100,
09:49:43,33.89,100,
09:49:43,33.89,100,
09:49:43,33.8775,200,
09:49:43,33.85,100,
09:49:43,33.87,100,
09:49:43,33.87,100,
09:49:43,33.88,100,
09:49:45,33.88,100,
09:49:45,33.89,100,
09:49:45,33.89,1000,
09:49:45,33.8911,100,
09:49:45,33.8928,100,
09:49:47,33.9001,400,
09:49:48,33.91,2000,
09:49:48,33.91,20000,
09:49:48,33.91,2000,
09:49:50,33.91,100,
09:49:52,33.892,400,
09:49:53,33.891,300,
09:49:53,33.90,100,
09:49:54,33.89,100,
09:49:55,33.891,100,
09:49:57,33.89,100,
09:49:57,33.89,100,
09:49:57,33.89,400,
09:49:57,33.88,100,
09:49:57,33.88,100,
09:49:57,33.88,100,
09:49:57,33.85,100,
09:49:57,33.85,100,
09:49:57,33.83,100,
09:49:57,33.84,100,
09:49:57,33.83,100,
09:49:58,33.85,100,
09:49:58,33.83,4900,
09:49:58,33.85,100,
09:49:59,33.88,300,
09:49:59,33.88,100,
09:49:59,33.88,100,
09:49:59,33.87,100,
09:49:59,33.86,100,
09:49:59,33.87,100,
09:49:59,33.85,100,
09:49:59,33.84,300,
09:49:59,33.84,100,
09:49:59,33.83,100,
09:49:59,33.83,100,
09:49:59,33.83,100,
09:49:59,33.83,100,
09:49:59,33.83,100,
09:49:59,33.83,100,
09:49:59,33.82,1374,
09:49:59,33.839,1000,
09:50:00,33.84,100,
09:50:00,33.85,100,
09:50:02,33.85,100,
09:50:02,33.85,100,
09:50:02,33.86,100,
09:50:02,33.87,100,
09:50:02,33.88,200,
09:50:03,33.86,100,
09:50:03,33.87,100,
09:50:04,33.873,1000,
09:50:04,33.88,100,
09:50:06,33.8878,100,
09:50:06,33.89,100,
09:50:07,33.92,100,
09:50:07,33.886,500,
09:50:08,33.93,1000,
09:50:09,33.9435,1000,
09:50:09,33.93,100,
09:50:09,33.93,100,
09:50:09,33.93,200,
09:50:09,33.92,100,
09:50:09,33.91,100,
09:50:09,33.91,300,
09:50:09,33.92,100,
09:50:10,33.9193,100,
09:50:10,33.9193,100,
09:50:10,33.95,2000,
09:50:10,33.919,400,
09:50:12,33.89,100,
09:50:13,33.887,100,
09:50:13,33.88,100,
09:50:15,33.91,100,
09:50:15,33.91,100,
09:50:16,33.873,275,
09:50:17,33.91,100,
09:50:18,33.88,100,
09:50:19,33.88,100,
09:50:19,33.88,100,
09:50:20,33.885,650,
09:50:22,33.871,350,
09:50:25,33.90,1900,
09:50:26,33.9035,1000,
09:50:26,33.89,100,
09:50:28,33.90,100,
09:50:28,33.899,1500,
09:50:29,33.94,100,
09:50:29,33.94,100,
09:50:29,33.94,100,
09:50:30,33.94,100,
09:50:30,33.95,200,
09:50:30,33.94,100,
09:50:30,33.93,100,
09:50:30,33.939,100,
09:50:31,33.928,1000,
09:50:31,33.95,300,
09:50:31,33.95,100,
09:50:32,33.95,100,
09:50:32,33.9492,100,
09:50:32,33.9496,100,
09:50:32,33.95,100,
09:50:33,33.95,100,
09:50:33,33.95,100,
09:50:33,33.96,200,
09:50:34,33.96,500,
09:50:34,33.97,100,
09:50:34,33.97,100,
09:50:34,33.95,200,
09:50:34,33.95,100,
09:50:34,33.95,100,
09:50:34,33.97,100,
09:50:35,33.98,999,
09:50:35,33.95,630,
09:50:35,33.94,100,
09:50:35,33.92,200,
09:50:35,33.92,100,
09:50:35,33.92,100,
09:50:35,33.92,100,
09:50:35,33.92,100,
09:50:36,33.93,192,
09:50:36,33.91,200,
09:50:36,33.9092,100,
09:50:37,33.91,200,
09:50:37,33.91,100,
09:50:37,33.951,200,
09:50:37,33.907,100,
09:50:38,33.9289,100,
09:50:38,33.9288,100,
09:50:38,33.929,700,
09:50:38,33.929,700,
09:50:38,33.917,5000,
09:50:40,33.93,100,
09:50:40,33.93,3900,
09:50:41,33.95,100,
09:50:41,33.95,100,
09:50:41,33.95,100,
09:50:41,33.95,100,
09:50:41,33.94,100,
09:50:43,33.9401,700,
09:50:46,33.9328,300,
09:50:46,33.9313,100,
09:50:46,33.9313,100,
09:50:46,33.9271,100,
09:50:47,33.9372,1000,
09:50:47,33.94,100,
09:50:47,33.9368,1200,
09:50:47,33.939,500,
09:50:47,33.9365,300,
09:50:49,33.919,1000,
09:50:49,33.923,275,
09:50:50,33.90,100,
09:50:50,33.8995,100,
09:50:50,33.881,100,
09:50:50,33.8876,100,
09:50:50,33.889,100,
09:50:51,33.86,100,
09:50:51,33.85,100,
09:50:52,33.86,100,
09:50:52,33.883,900,
09:50:52,33.853,100,
09:50:53,33.90,300,
09:50:55,33.8772,300,
09:50:56,33.8899,2000,
09:50:57,33.9144,1000,
09:50:58,33.872,150,
09:50:59,33.89,1000,
09:50:59,33.89,100,
09:50:59,33.90,100,
09:50:59,33.90,100,
09:50:59,33.899,300,
09:50:59,33.899,100,
09:51:00,33.90,200,
09:51:00,33.90,100,
09:51:02,33.899,200,
09:51:03,33.85,100,
09:51:03,33.8414,1500,
09:51:04,33.857,1000,
09:51:05,33.8736,100,
09:51:05,33.8599,600,
09:51:07,33.85,100,
09:51:07,33.82,100,
09:51:07,33.82,100,
09:51:07,33.81,100,
09:51:07,33.81,100,
09:51:08,33.81,100,
09:51:08,33.879,150,
09:51:08,33.84,100,
09:51:11,33.84,100,
09:51:11,33.84,100,
09:51:11,33.85,100,
09:51:12,33.859,100,
09:51:12,33.8593,100,
09:51:12,33.8593,100,
09:51:12,33.86,100,
09:51:12,33.86,100,
09:51:12,33.869,100,
09:51:12,33.869,100,
09:51:14,33.87,1300,
09:51:14,33.8699,300,
09:51:14,33.87,100,
09:51:15,33.87,100,
09:51:15,33.88,100,
09:51:15,33.89,100,
09:51:15,33.89,100,
09:51:15,33.89,100,
09:51:15,33.90,100,
09:51:15,33.90,100,
09:51:16,33.89,400,
09:51:16,33.8899,100,
09:51:17,33.87,100,
09:51:17,33.90,100,
09:51:18,33.89,100,
09:51:18,33.8875,100,
09:51:18,33.889,200,
09:51:18,33.87,100,
09:51:19,33.88,100,
09:51:22,33.90,100,
09:51:23,33.907,350,
09:51:23,33.90,100,
09:51:25,33.90,100,
09:51:25,33.90,100,
09:51:25,33.91,100,
09:51:26,33.91,540,
09:51:27,33.9184,100,
09:51:28,33.91,100,
09:51:28,33.91,100,
09:51:28,33.91,100,
09:51:28,33.91,100,
09:51:30,33.9165,100,
09:51:31,33.92,100,
09:51:31,33.92,100,
09:51:32,33.93,100,
09:51:32,33.93,100,
09:51:32,33.92,100,
09:51:33,33.9201,1100,
09:51:35,33.92,100,
09:51:35,33.91,100,
09:51:35,33.91,100,
09:51:35,33.91,100,
09:51:35,33.90,100,
09:51:35,33.91,200,
09:51:35,33.89,100,
09:51:36,33.9064,200,
09:51:37,33.87,200,
09:51:38,33.8799,100,
09:51:39,33.86,500,
09:51:40,33.8732,300,
09:51:40,33.8853,100,
09:51:40,33.889,400,
09:51:40,33.88,100,
09:51:41,33.887,185,
09:51:42,33.8972,100,
09:51:42,33.90,100,
09:51:42,33.899,200,
09:51:44,33.899,100,
09:51:44,33.8901,110,
09:51:47,33.91,100,
09:51:48,33.949,100,
09:51:49,33.94,100,
09:51:51,33.9384,100,
09:51:52,33.95,200,
09:51:52,33.95,300,
09:51:52,33.95,100,
09:51:52,33.94,100,
09:51:52,33.949,100,
09:51:53,33.93,100,
09:51:53,33.93,100,
09:51:53,33.92,3900,
09:51:55,33.93,100,
09:51:55,33.92,100,
09:51:55,33.93,100,
09:51:55,33.923,100,
09:51:58,33.89,100,
09:51:59,33.883,200,
09:51:59,33.90,100,
09:51:59,33.91,100,
09:51:59,33.91,100,
09:51:59,33.91,100,
09:51:59,33.91,100,
09:52:03,33.86,100,
09:52:03,33.87,100,
09:52:03,33.86,100,
09:52:03,33.86,100,
09:52:03,33.83,100,
09:52:03,33.85,200,
09:52:04,33.85,100,
09:52:04,33.86,100,
09:52:05,33.87,100,
09:52:05,33.87,528,
09:52:05,33.86,100,
09:52:06,33.85,100,
09:52:06,33.85,100,
09:52:06,33.85,200,
09:52:06,33.86,100,
09:52:06,33.87,100,
09:52:07,33.87,100,
09:52:08,33.8735,500,
09:52:11,33.879,100,
09:52:12,33.86,100,
09:52:12,33.86,100,
09:52:12,33.86,100,
09:52:12,33.86,700,
09:52:12,33.8453,100,
09:52:12,33.8444,100,
09:52:12,33.8443,100,
09:52:13,33.85,3400,
09:52:13,33.84,100,
09:52:13,33.85,100,
09:52:15,33.86,100,
09:52:18,33.86,100,
09:52:18,33.87,100,
09:52:18,33.88,300,
09:52:18,33.88,300,
09:52:18,33.88,1000,
09:52:18,33.8744,100,
09:52:18,33.879,200,
09:52:18,33.8728,200,
09:52:19,33.88,200,
09:52:19,33.88,100,
09:52:19,33.88,300,
09:52:19,33.88,300,
09:52:20,33.8808,200,
09:52:25,33.9001,400,
09:52:25,33.92,200,
09:52:25,33.92,700,
09:52:25,33.92,100,
09:52:25,33.93,200,
09:52:25,33.93,100,
09:52:26,33.94,100,
09:52:26,33.94,100,
09:52:26,33.94,100,
09:52:26,33.94,100,
09:52:26,33.94,100,
09:52:26,33.94,155,
09:52:28,33.9468,250,
09:52:31,33.9301,300,
09:52:31,33.93,100,
09:52:31,33.93,100,
09:52:32,33.92,100,
09:52:35,33.92,2100,
09:52:35,33.9205,1000,
09:52:35,33.90,100,
09:52:35,33.89,100,
09:52:35,33.923,290,
09:52:39,33.8605,500,
09:52:40,33.86,100,
09:52:41,33.85,100,
09:52:41,33.844,200,
09:52:41,33.8202,100,
09:52:41,33.84,100,
09:52:41,33.84,100,
09:52:41,33.8399,100,
09:52:42,33.85,300,
09:52:42,33.83,100,
09:52:42,33.83,100,
09:52:42,33.83,100,
09:52:42,33.83,100,
09:52:43,33.83,100,
09:52:46,33.8599,500,
09:52:48,33.8432,500,
09:52:49,33.8365,1200,
09:52:52,33.8525,3000,
09:52:53,33.86,100,
09:52:55,33.88,100,
09:52:57,33.89,100,
09:52:59,33.89,100,
09:53:00,33.90,200,
09:53:00,33.90,100,
09:53:01,33.90,200,
09:53:04,33.8828,200,
09:53:06,33.88,100,
09:53:07,33.85,200,
09:53:08,33.872,500,
09:53:09,33.85,500,
09:53:10,33.86,100,
09:53:10,33.88,100,
09:53:10,33.87,100,
09:53:10,33.87,100,
09:53:12,33.90,100,
09:53:12,33.91,100,
09:53:15,33.92,100,
09:53:16,33.9093,200,
09:53:16,33.91,100,
09:53:16,33.92,100,
09:53:16,33.91,100,
09:53:16,33.90,200,
09:53:19,33.88,100,
09:53:19,33.88,696,
09:53:19,33.88,100,
09:53:19,33.88,100,
09:53:19,33.88,304,
09:53:19,33.87,100,
09:53:19,33.86,100,
09:53:20,33.88,100,
09:53:20,33.89,100,
09:53:21,33.91,100,
09:53:21,33.91,248,
09:53:21,33.92,100,
09:53:22,33.91,100,
09:53:23,33.91,100,
09:53:24,33.87,100,
09:53:24,33.87,100,
09:53:24,33.87,100,
09:53:24,33.87,100,
09:53:24,33.87,100,
09:53:24,33.88,100,
09:53:25,33.89,100,
09:53:25,33.89,100,
09:53:25,33.88,100,
09:53:27,33.91,100,
09:53:29,33.91,100,
09:53:32,33.90,100,
09:53:33,33.8932,150,
09:53:35,33.89,100,
09:53:35,33.89,100,
09:53:36,33.8792,100,
09:53:37,33.85,100,
09:53:38,33.87,100,
09:53:38,33.88,100,
09:53:43,33.8502,100,
09:53:46,33.86,100,
09:53:48,33.87,100,
09:53:48,33.88,100,
09:53:49,33.861,1000,
09:53:49,33.88,1852,
09:53:49,33.88,400,
09:53:51,33.8701,200,
09:53:51,33.881,100,
09:53:53,33.89,2700,
09:53:54,33.86,100,
09:53:54,33.85,100,
09:53:55,33.84,250,
09:53:56,33.84,100,
09:53:58,33.84,100,
09:53:58,33.84,100,
09:53:58,33.84,1577,
09:53:58,33.84,100,
09:53:58,33.85,100,
09:53:58,33.85,100,
09:53:59,33.8501,100,
09:53:59,33.8501,100,
09:54:01,33.86,100,
09:54:02,33.85,100,
09:54:08,33.8502,100,
09:54:10,33.84,100,
09:54:12,33.83,100,
09:54:12,33.82,200,
09:54:12,33.82,500,
09:54:12,33.82,300,
09:54:12,33.81,203,
09:54:12,33.84,100,
09:54:12,33.81,100,
09:54:12,33.81,100,
09:54:12,33.80,200,
09:54:12,33.80,400,
09:54:12,33.80,162,
09:54:12,33.80,100,
09:54:12,33.80,300,
09:54:12,33.80,100,
09:54:12,33.80,100,
09:54:12,33.80,400,
09:54:12,33.80,400,
09:54:13,33.80,200,
09:54:13,33.80,400,
09:54:13,33.80,100,
09:54:13,33.76,100,
09:54:13,33.76,100,
09:54:13,33.75,200,
09:54:13,33.7601,300,
09:54:14,33.79,200,
09:54:14,33.75,3000,
09:54:15,33.81,100,
09:54:15,33.81,100,
09:54:16,33.8195,100,
09:54:16,33.81,2500,
09:54:18,33.79,100,
09:54:18,33.79,100,
09:54:19,33.81,100,
09:54:20,33.80,100,
09:54:20,33.80,2000,
09:54:21,33.8005,500,
09:54:22,33.7702,100,
09:54:24,33.73,100,
09:54:24,33.73,100,
09:54:24,33.73,100,
09:54:24,33.76,100,
09:54:25,33.73,100,
09:54:25,33.76,1600,
09:54:27,33.732,300,
09:54:27,33.75,400,
09:54:29,33.72,200,
09:54:30,33.721,300,
09:54:30,33.721,300,
09:54:32,33.77,100,
09:54:33,33.72,5000,
09:54:34,33.81,200,
09:54:34,33.81,100,
09:54:34,33.79,100,
09:54:38,33.76,100,
09:54:42,33.76,400,
09:54:42,33.80,100,
09:54:42,33.80,100,
09:54:42,33.80,100,
09:54:42,33.79,100,
09:54:42,33.79,100,
09:54:47,33.7768,100,
09:54:47,33.79,100,
09:54:49,33.77,174,
09:54:49,33.76,500,
09:54:49,33.74,500,
09:54:49,33.70,100,
09:54:49,33.72,100,
09:54:50,33.7032,400,
09:54:51,33.72,500,
09:54:52,33.69,100,
09:54:53,33.69,100,
09:54:53,33.701,500,
09:54:54,33.6901,200,
09:54:54,33.68,1600,
09:54:54,33.69,100,
09:54:54,33.70,100,
09:54:56,33.69,140,
09:54:57,33.7099,100,
09:54:58,33.69,100,
09:55:00,33.699,200,
09:55:01,33.66,100,
09:55:01,33.70,100,
09:55:01,33.68,2100,
09:55:01,33.68,100,
09:55:01,33.68,100,
09:55:01,33.68,100,
09:55:01,33.72,100,
09:55:01,33.72,300,
09:55:01,33.73,300,
09:55:03,33.71,200,
09:55:07,33.69,100,
09:55:11,33.68,100,
09:55:11,33.68,100,
09:55:11,33.68,100,
09:55:11,33.68,150,
09:55:12,33.6732,100,
09:55:13,33.66,100,
09:55:13,33.66,100,
09:55:13,33.6582,100,
09:55:15,33.62,100,
09:55:15,33.61,1000,
09:55:15,33.652,600,
09:55:16,33.62,100,
09:55:16,33.63,100,
09:55:16,33.6199,200,
09:55:16,33.621,400,
09:55:16,33.621,400,
09:55:16,33.63,100,
09:55:16,33.63,500,
09:55:16,33.63,300,
09:55:16,33.62,100,
09:55:18,33.621,1800,
09:55:19,33.6172,100,
09:55:19,33.6172,100,
09:55:19,33.61,100,
09:55:19,33.61,2000,
09:55:19,33.60,300,
09:55:19,33.61,2000,
09:55:20,33.61,200,
09:55:21,33.6101,200,
09:55:22,33.6105,145,
09:55:24,33.6199,200,
09:55:24,33.63,100,
09:55:24,33.619,300,
09:55:26,33.67,100,
09:55:26,33.67,100,
09:55:27,33.661,1700,
09:55:30,33.64,300,
09:55:35,33.6492,300,
09:55:36,33.65,500,
09:55:36,33.64,100,
09:55:36,33.66,100,
09:55:36,33.6601,1000,
09:55:36,33.66,100,
09:55:39,33.6606,1840,
09:55:42,33.665,500,
09:55:45,33.73,100,
09:55:45,33.702,500,
09:55:49,33.739,200,
09:55:49,33.77,100,
09:55:49,33.741,450,
09:55:49,33.77,100,
09:55:50,33.77,100,
09:55:54,33.80,1900,
09:55:55,33.79,100,
09:55:55,33.7899,100,
09:55:56,33.79,100,
09:55:57,33.82,100,
09:55:57,33.82,100,
09:55:58,33.797,400,
09:55:58,33.85,100,
09:55:58,33.86,200,
09:55:58,33.8793,150,
09:55:58,33.8706,100,
09:55:59,33.88,100,
09:55:59,33.8884,400,
09:56:01,33.86,200,
09:56:05,33.82,100,
09:56:07,33.84,100,
09:56:07,33.8337,2000,
09:56:09,33.8435,1000,
09:56:15,33.7835,1000,
09:56:16,33.80,100,
09:56:16,33.81,118,
09:56:16,33.8035,600,
09:56:18,33.80,860,
09:56:18,33.80,100,
09:56:19,33.73,100,
09:56:19,33.74,100,
09:56:19,33.76,100,
09:56:19,33.76,100,
09:56:19,33.76,100,
09:56:21,33.75,200,
09:56:23,33.71,468,
09:56:23,33.71,356,
09:56:23,33.71,100,
09:56:24,33.73,100,
09:56:24,33.733,100,
09:56:26,33.75,100,
09:56:27,33.768,500,
09:56:27,33.75,100,
09:56:28,33.74,100,
09:56:28,33.72,100,
09:56:28,33.73,100,
09:56:28,33.73,100,
09:56:28,33.75,100,
09:56:28,33.75,100,
09:56:30,33.76,100,
09:56:30,33.77,100,
09:56:30,33.76,100,
09:56:30,33.76,100,
09:56:30,33.76,100,
09:56:30,33.74,100,
09:56:30,33.73,100,
09:56:30,33.74,100,
09:56:31,33.75,100,
09:56:33,33.75,100,
09:56:34,33.75,100,
09:56:35,33.7301,300,
09:56:36,33.7399,100,
09:56:39,33.74,253,
09:56:42,33.74,200,
09:56:51,33.737,700,
09:56:57,33.73,100,
09:56:57,33.73,100,
09:56:57,33.73,100,
09:56:57,33.72,200,
09:56:57,33.72,200,
09:56:57,33.73,100,
09:56:57,33.72,100,
09:56:57,33.72,100,
09:56:58,33.74,100,
09:57:00,33.80,100,
09:57:00,33.80,100,
09:57:00,33.80,100,
09:57:00,33.78,100,
09:57:02,33.771,500,
09:57:04,33.827,200,
09:57:10,33.808,100,
09:57:12,33.86,100,
09:57:13,33.867,500,
09:57:15,33.8599,100,
09:57:21,33.8657,100,
09:57:21,33.8657,100,
09:57:21,33.8642,100,
09:57:22,33.867,400,
09:57:22,33.867,1000,
09:57:28,33.8635,500,
09:57:31,33.868,100,
09:57:32,33.8698,200,
09:57:32,33.8501,1000,
09:57:37,33.87,100,
09:57:37,33.86,100,
09:57:39,33.83,100,
09:57:39,33.83,100,
09:57:44,33.84,100,
09:57:44,33.83,100,
09:57:44,33.82,100,
09:57:45,33.80,100,
09:57:47,33.79,100,
09:57:47,33.80,100,
09:57:48,33.81,100,
09:57:48,33.8064,300,
09:57:52,33.803,1000,
09:57:52,33.80,100,
09:57:53,33.79,100,
09:57:55,33.78,100,
09:58:00,33.80,100,
09:58:01,33.80,300,
09:58:08,33.82,300,
09:58:08,33.84,200,
09:58:08,33.88,183,
09:58:09,33.90,2000,
09:58:09,33.92,100,
09:58:10,33.92,100,
09:58:11,33.94,300,
09:58:16,33.9103,700,
09:58:16,33.9103,700,
09:58:17,33.91,100,
09:58:17,33.96,300,
09:58:19,33.957,750,
09:58:25,33.967,100,
09:58:25,33.97,300,
09:58:25,33.98,300,
09:58:27,33.98,100,
09:58:28,34,710,
09:58:28,34,100,
09:58:28,33.98,100,
09:58:28,34,160,
09:58:30,33.9995,176,
09:58:31,33.98,100,
09:58:31,33.97,100,
09:58:31,33.9868,400,
09:58:34,33.98,100,
09:58:34,33.9602,600,
09:58:34,33.96,300,
09:58:36,33.9775,100,
09:58:36,33.979,100,
09:58:37,33.977,1000,
09:58:45,33.9868,500,
09:58:49,33.961,400,
09:58:51,33.9825,500,
09:58:52,33.9885,250,
09:58:54,33.9603,100,
09:58:54,33.9603,100,
09:58:55,33.9792,117,
09:59:02,33.9676,2500,
09:59:07,33.96,4000,
09:59:07,33.99,700,
09:59:09,33.9799,800,
09:59:09,33.98,900,
09:59:09,33.94,500,
09:59:10,33.978,1000,
09:59:11,34,238,
09:59:11,34.0001,150,
09:59:12,34.0195,1000,
09:59:13,34.02,200,
09:59:13,33.97,100,
09:59:13,34.017,400,
09:59:13,34.02,100,
09:59:13,34,100,
09:59:13,34.02,200,
09:59:15,34.03,100,
09:59:16,34.0452,400,
09:59:16,34.0392,250,
09:59:17,34.0458,1000,
09:59:19,34.03,500,
09:59:19,34.049,500,
09:59:20,34.05,500,
09:59:20,34.0201,500,
09:59:22,34.01,100,
09:59:23,34,800,
09:59:29,34.032,1000,
09:59:31,34.0428,150,
09:59:31,34.0498,100,
09:59:31,34.05,100,
09:59:31,34.06,1000,
09:59:33,34.052,100,
09:59:33,34.06,300,
09:59:33,34.07,280,
09:59:37,34.0697,2000,
09:59:39,34.0592,300,
09:59:43,34.075,1000,
09:59:44,34.059,100,
09:59:44,34.033,300,
09:59:45,34.08,100,
09:59:45,34.08,100,
09:59:45,34.0797,2285,
09:59:46,34.077,1500,
09:59:47,34.08,2000,
09:59:48,34.05,100,
09:59:48,34.04,300,
09:59:48,34.04,500,
09:59:49,34.0004,100,
09:59:52,34.04,100,
09:59:59,34.011,400,
10:00:01,34.003,200,
10:00:03,33.9984,300,
10:00:08,34.077,360,
10:00:08,33.96,300,
10:00:08,33.96,100,
10:00:08,33.98,100,
10:00:08,33.95,1000,
10:00:08,33.95,400,
10:00:08,33.999,100,
10:00:08,33.96,100,
10:00:09,33.95,100,
10:00:10,33.95,500,
10:00:10,33.9548,400,
10:00:10,33.95,100,
10:00:10,33.95,200,
10:00:11,33.98,100,
10:00:11,34,100,
10:00:11,34.01,100,
10:00:11,33.99,100,
10:00:12,34,100,
10:00:13,34.02,100,
10:00:13,34.03,100,
10:00:13,34.05,100,
10:00:14,34.02,100,
10:00:14,33.993,1375,
10:00:16,34.0394,641,
10:00:18,34.0203,500,
10:00:19,34.03,100,
10:00:21,34.01,100,
10:00:24,34.0125,2000,
10:00:26,34.001,700,
10:00:27,33.98,100,
10:00:27,33.97,100,
10:00:28,33.96,100,
10:00:30,33.9502,100,
10:00:31,33.94,300,
10:00:32,33.94,100,
10:00:32,33.9499,1000,
10:00:32,33.95,100,
10:00:32,33.96,100,
10:00:33,33.9503,100,
10:00:33,33.951,600,
10:00:33,33.951,600,
10:00:34,33.9415,300,
10:00:35,33.955,100,
10:00:36,34.0193,900,
10:00:37,34,145,
10:00:37,33.99,100,
10:00:38,34.04,582,
10:00:39,34.07,100,
10:00:39,34.07,200,
10:00:39,34.08,100,
10:00:39,34.08,100,
10:00:39,34.09,100,
10:00:39,34.09,100,
10:00:40,34.09,100,
10:00:41,34.10,107,
10:00:41,34.10,893,
10:00:41,34.10,100,
10:00:41,34.10,200,
10:00:41,34.10,100,
10:00:41,34.10,100,
10:00:41,34.10,200,
10:00:41,34.11,100,
10:00:42,34.12,150,
10:00:44,34.111,150,
10:00:45,34.1202,2500,
10:00:46,34.13,100,
10:00:47,34.137,300,
10:00:48,34.12,100,
10:00:48,34.14,200,
10:00:49,34.14,100,
10:00:49,34.13,100,
10:00:50,34.1028,200,
10:00:50,34.109,200,
10:00:50,34.122,400,
10:00:51,34.10,100,
10:00:51,34.10,100,
10:00:51,34.11,100,
10:00:51,34.11,100,
10:00:51,34.13,100,
10:00:52,34.15,100,
10:00:52,34.1301,1000,
10:00:53,34.16,100,
10:00:54,34.13,500,
10:00:54,34.15,100,
10:00:55,34.12,300,
10:00:56,34.123,1000,
10:00:57,34.14,200,
10:00:59,34.113,180,
10:00:59,34.11,100,
10:01:00,34.1201,800,
10:01:03,34.1275,200,
10:01:03,34.1298,100,
10:01:03,34.1165,700,
10:01:03,34.109,100,
10:01:04,34.11,100,
10:01:05,34.12,100,
10:01:07,34.1352,500,
10:01:08,34.117,1000,
10:01:10,34.1399,600,
10:01:11,34.11,100,
10:01:11,34.1102,600,
10:01:12,34.13,100,
10:01:12,34.14,100,
10:01:12,34.14,8100,
10:01:13,34.15,100,
10:01:13,34.1489,100,
10:01:13,34.149,100,
10:01:13,34.16,100,
10:01:13,34.16,100,
10:01:13,34.17,100,
10:01:13,34.17,100,
10:01:13,34.18,100,
10:01:14,34.19,100,
10:01:14,34.19,100,
10:01:14,34.19,300,
10:01:14,34.19,700,
10:01:14,34.20,248,
10:01:14,34.20,500,
10:01:15,34.20,848,
10:01:15,34.19,100,
10:01:17,34.183,900,
10:01:17,34.181,100,
10:01:19,34.15,100,
10:01:20,34.18,100,
10:01:20,34.19,100,
10:01:20,34.19,100,
10:01:20,34.149,100,
10:01:20,34.149,1800,
10:01:20,34.179,100,
10:01:21,34.16,500,
10:01:22,34.1628,300,
10:01:22,34.14,100,
10:01:23,34.16,100,
10:01:24,34.17,100,
10:01:24,34.17,100,
10:01:25,34.17,100,
10:01:25,34.20,200,
10:01:25,34.20,100,
10:01:25,34.19,100,
10:01:25,34.17,100,
10:01:25,34.21,100,
10:01:25,34.18,100,
10:01:25,34.1999,500,
10:01:26,34.189,600,
10:01:26,34.189,600,
10:01:27,34.1863,100,
10:01:27,34.1879,100,
10:01:27,34.1799,100,
10:01:28,34.17,100,
10:01:28,34.18,100,
10:01:29,34.17,100,
10:01:29,34.19,3200,
10:01:31,34.15,300,
10:01:31,34.14,100,
10:01:31,34.14,200,
10:01:32,34.1399,100,
10:01:32,34.15,100,
10:01:32,34.16,600,
10:01:32,34.16,300,
10:01:32,34.14,700,
10:01:35,34.14,100,
10:01:35,34.13,1790,
10:01:38,34.1299,100,
10:01:38,34.1001,100,
10:01:38,34.10,100,
10:01:39,34.08,100,
10:01:39,34.05,100,
10:01:39,34.06,200,
10:01:40,34.0553,100,
10:01:43,34.04,100,
10:01:44,34.041,1000,
10:01:45,34.12,100,
10:01:46,34.09,100,
10:01:46,34.08,500,
10:01:46,34.06,100,
10:01:47,34.059,400,
10:01:48,34.0593,100,
10:01:48,34.0699,2000,
10:01:51,34.0428,100,
10:01:53,34.03,100,
10:01:58,34.0398,700,
10:01:58,34.04,200,
10:01:58,34.04,300,
10:02:01,34.0395,200,
10:02:02,34.0899,500,
10:02:03,34.09,100,
10:02:03,34.08,100,
10:02:04,34.09,100,
10:02:04,34.08,100,
10:02:04,34.08,100,
10:02:04,34.08,100,
10:02:04,34.08,200,
10:02:04,34.09,100,
10:02:04,34.09,100,
10:02:04,34.08,100,
10:02:04,34.0801,1200,
10:02:04,34.0801,700,
10:02:04,34.07,2000,
10:02:09,34.08,100,
10:02:11,34.097,150,
10:02:12,34.1068,200,
10:02:12,34.10,100,
10:02:14,34.1143,500,
10:02:15,34.12,100,
10:02:16,34.1101,1600,
10:02:17,34.14,480,
10:02:18,34.15,100,
10:02:22,34.1135,500,
10:02:23,34.14,555,
10:02:23,34.1386,100,
10:02:23,34.139,200,
10:02:25,34.13,100,
10:02:25,34.13,100,
10:02:25,34.13,500,
10:02:25,34.13,100,
10:02:25,34.13,100,
10:02:25,34.12,100,
10:02:25,34.10,100,
10:02:25,34.07,100,
10:02:25,34.12,100,
10:02:25,34.06,100,
10:02:25,34.12,100,
10:02:25,34.11,300,
10:02:25,34.11,100,
10:02:25,34.11,100,
10:02:25,34.10,100,
10:02:25,34.10,100,
10:02:25,34.08,100,
10:02:25,34.09,500,
10:02:25,34.06,100,
10:02:25,34.06,200,
10:02:25,34.13,200,
10:02:25,34.09,200,
10:02:25,34.10,100,
10:02:25,34.08,2100,
10:02:25,34.08,100,
10:02:26,34.07,100,
10:02:28,34.10,200,
10:02:29,34.1068,100,
10:02:32,34.12,100,
10:02:32,34.12,100,
10:02:33,34.131,2000,
10:02:33,34.1216,100,
10:02:33,34.1293,200,
10:02:34,34.1493,100,
10:02:34,34.14,100,
10:02:34,34.14,100,
10:02:34,34.12,100,
10:02:34,34.11,100,
10:02:38,34.1184,250,
10:02:42,34.0995,100,
10:02:45,34.14,100,
10:02:45,34.14,300,
10:02:45,34.16,100,
10:02:45,34.16,100,
10:02:46,34.16,100,
10:02:46,34.16,100,
10:02:46,34.16,200,
10:02:47,34.16,100,
10:02:48,34.14,100,
10:02:48,34.13,100,
10:02:48,34.14,100,
10:02:52,34.14,102,
10:02:52,34.1302,700,
10:02:52,34.1302,700,
10:02:54,34.1101,200,
10:02:58,34.12,100,
10:02:59,34.1347,100,
10:02:59,34.1357,100,
10:02:59,34.1348,100,
10:02:59,34.1499,300,
10:03:00,34.139,1400,
10:03:00,34.14,100,
10:03:00,34.14,100,
10:03:00,34.149,340,
10:03:00,34.15,5800,
10:03:00,34.13,100,
10:03:01,34.14,200,
10:03:01,34.169,100,
10:03:01,34.17,100,
10:03:01,34.17,100,
10:03:01,34.17,100,
10:03:01,34.17,100,
10:03:01,34.17,1200,
10:03:03,34.121,2000,
10:03:03,34.179,100,
10:03:04,34.18,100,
10:03:05,34.17,100,
10:03:06,34.1876,100,
10:03:07,34.1632,100,
10:03:09,34.177,500,
10:03:10,34.1468,200,
10:03:10,34.12,200,
10:03:12,34.12,100,
10:03:13,34.10,200,
10:03:13,34.10,100,
10:03:15,34.1198,300,
10:03:15,34.1198,300,
10:03:15,34.12,100,
10:03:16,34.1168,200,
10:03:16,34.13,100,
10:03:17,34.12,100,
10:03:17,34.12,376,
10:03:18,34.111,700,
10:03:19,34.0977,100,
10:03:19,34.0974,100,
10:03:19,34.10,100,
10:03:21,34.098,100,
10:03:21,34.099,100,
10:03:21,34.097,400,
10:03:24,34.07,100,
10:03:24,34.04,276,
10:03:25,34.0428,200,
10:03:27,34.05,400,
10:03:28,34.03,200,
10:03:30,34.09,200,
10:03:31,34.08,100,
10:03:31,34.08,100,
10:03:32,34.10,100,
10:03:33,34.10,100,
10:03:35,34.1184,100,
10:03:36,34.10,349,
10:03:36,34.10,200,
10:03:37,34.1101,1000,
10:03:37,34.1101,1000,
10:03:37,34.11,1100,
10:03:38,34.12,500,
10:03:38,34.11,100,
10:03:40,34.1188,100,
10:03:40,34.1192,100,
10:03:40,34.1196,100,
10:03:40,34.119,800,
10:03:40,34.129,1100,
10:03:41,34.1201,100,
10:03:42,34.14,100,
10:03:42,34.14,100,
10:03:42,34.13,1300,
10:03:43,34.1799,400,
10:03:45,34.157,600,
10:03:46,34.1446,100,
10:03:46,34.149,250,
10:03:49,34.15,100,
10:03:49,34.16,100,
10:03:49,34.17,500,
10:03:49,34.16,100,
10:03:49,34.15,100,
10:03:49,34.17,100,
10:03:49,34.16,100,
10:03:50,34.189,200,
10:03:50,34.189,300,
10:03:51,34.20,150,
10:03:52,34.1973,100,
10:03:52,34.1973,100,
10:03:52,34.1973,100,
10:03:52,34.199,100,
10:03:53,34.20,500,
10:03:54,34.1997,100,
10:03:54,34.20,100,
10:03:54,34.183,300,
10:03:54,34.18,1500,
10:03:57,34.17,100,
10:03:57,34.15,100,
10:03:57,34.15,100,
10:03:57,34.15,100,
10:03:57,34.14,100,
10:03:57,34.15,100,
10:03:58,34.1698,2000,
10:04:00,34.16,200,
10:04:02,34.11,100,
10:04:02,34.12,100,
10:04:04,34.09,200,
10:04:05,34.12,100,
10:04:05,34.13,100,
10:04:12,34.1232,400,
10:04:14,34.16,100,
10:04:14,34.16,200,
10:04:15,34.16,100,
10:04:16,34.169,100,
10:04:18,34.15,100,
10:04:18,34.1581,100,
10:04:18,34.1584,100,
10:04:18,34.159,400,
10:04:21,34.159,1000,
10:04:22,34.12,100,
10:04:22,34.11,100,
10:04:22,34.10,100,
10:04:29,34.12,100,
10:04:31,34.1198,416,
10:04:31,34.10,114,
10:04:32,34.09,100,
10:04:32,34.09,100,
10:04:36,34.0502,100,
10:04:37,34.03,250,
10:04:37,34.03,100,
10:04:37,34.01,100,
10:04:37,34.01,100,
10:04:40,34.0214,1800,
10:04:41,34,100,
10:04:41,34,200,
10:04:41,34,200,
10:04:41,34,300,
10:04:41,33.98,100,
10:04:41,33.98,100,
10:04:42,34,100,
10:04:43,34.0074,100,
10:04:44,34.01,100,
10:04:45,34.01,100,
10:04:50,34.02,500,
10:04:52,34.029,100,
10:04:53,34.011,200,
10:04:56,34.04,100,
10:04:56,34.03,135,
10:04:58,34.07,100,
10:05:01,34.07,100,
10:05:03,34.052,200,
10:05:04,34.04,100,
10:05:04,34.04,600,
10:05:05,34.06,100,
10:05:05,34.05,100,
10:05:06,34.10,100,
10:05:06,34.08,100,
10:05:06,34.08,100,
10:05:06,34.10,100,
10:05:08,34.08,100,
10:05:08,34.07,100,
10:05:09,34.04,100,
10:05:10,34.06,100,
10:05:12,34.069,900,
10:05:13,34.0702,300,
10:05:13,34.07,100,
10:05:13,34.06,100,
10:05:13,34.06,100,
10:05:15,34.06,100,
10:05:17,34.05,172,
10:05:18,34.068,150,
10:05:20,34.05,100,
10:05:24,34.0999,200,
10:05:27,34.11,100,
10:05:27,34.14,100,
10:05:27,34.12,197,
10:05:27,34.12,100,
10:05:27,34.14,100,
10:05:27,34.15,100,
10:05:27,34.14,100,
10:05:27,34.15,100,
10:05:27,34.15,100,
10:05:27,34.15,497,
10:05:28,34.15,100,
10:05:28,34.15,100,
10:05:28,34.15,100,
10:05:29,34.1508,100,
10:05:31,34.1606,1500,
10:05:32,34.19,100,
10:05:32,34.18,100,
10:05:34,34.20,600,
10:05:34,34.19,100,
10:05:35,34.17,100,
10:05:38,34.1491,100,
10:05:38,34.149,100,
10:05:39,34.131,800,
10:05:41,34.1499,100,
10:05:43,34.12,100,
10:05:44,34.12,100,
10:05:47,34.1668,400,
10:05:50,34.19,100,
10:05:50,34.20,1800,
10:05:52,34.18,200,
10:05:53,34.1799,100,
10:05:55,34.19,100,
10:05:55,34.19,200,
10:05:55,34.20,500,
10:05:57,34.20,200,
10:05:57,34.20,800,
10:05:57,34.20,400,
10:05:57,34.20,250,
10:05:57,34.20,200,
10:05:58,34.20,1798,
10:05:58,34.20,143,
10:05:58,34.20,800,
10:05:58,34.20,3200,
10:05:58,34.20,200,
10:05:58,34.20,700,
10:05:58,34.20,200,
10:05:58,34.20,400,
10:05:58,34.20,198,
10:05:58,34.20,147,
10:05:58,34.20,200,
10:05:58,34.20,100,
10:05:58,34.20,100,
10:05:58,34.20,100,
10:05:58,34.20,200,
10:05:58,34.20,400,
10:05:58,34.20,300,
10:05:58,34.20,300,
10:05:58,34.20,400,
10:05:58,34.20,200,
10:05:58,34.20,200,
10:05:58,34.20,100,
10:05:58,34.20,500,
10:05:58,34.20,400,
10:05:58,34.20,500,
10:05:58,34.20,700,
10:05:58,34.20,100,
10:05:58,34.20,100,
10:05:58,34.21,100,
10:05:58,34.21,100,
10:05:58,34.22,800,
10:05:59,34.1999,200,
10:05:59,34.181,100,
10:05:59,34.19,100,
10:05:59,34.19,100,
10:05:59,34.19,200,
10:05:59,34.19,100,
10:05:59,34.20,100,
10:05:59,34.20,100,
10:05:59,34.20,100,
10:05:59,34.21,100,
10:05:59,34.21,100,
10:06:00,34.22,100,
10:06:00,34.18,1700,
10:06:02,34.229,200,
10:06:02,34.229,200,
10:06:02,34.20,100,
10:06:03,34.19,2800,
10:06:03,34.228,100,
10:06:06,34.23,100,
10:06:06,34.24,100,
10:06:06,34.24,100,
10:06:07,34.24,100,
10:06:07,34.24,100,
10:06:07,34.2401,268,
10:06:07,34.23,100,
10:06:07,34.23,100,
10:06:07,34.239,100,
10:06:08,34.24,266,
10:06:08,34.2401,400,
10:06:09,34.2436,400,
10:06:09,34.2478,100,
10:06:09,34.249,300,
10:06:09,34.25,200,
10:06:09,34.229,100,
10:06:10,34.24,400,
10:06:12,34.27,100,
10:06:12,34.2699,100,
10:06:12,34.28,100,
10:06:12,34.28,100,
10:06:12,34.29,100,
10:06:13,34.29,100,
10:06:13,34.2998,100,
10:06:13,34.2999,100,
10:06:13,34.299,200,
10:06:14,34.29,100,
10:06:14,34.299,200,
10:06:14,34.29,100,
10:06:14,34.28,100,
10:06:14,34.2868,250,
10:06:15,34.291,600,
10:06:16,34.29,100,
10:06:16,34.29,100,
10:06:16,34.29,100,
10:06:16,34.2835,1000,
10:06:16,34.299,300,
10:06:16,34.28,100,
10:06:17,34.2868,500,
10:06:17,34.2885,100,
10:06:17,34.2889,100,
10:06:17,34.2887,100,
10:06:17,34.289,1000,
10:06:17,34.27,100,
10:06:17,34.27,100,
10:06:17,34.26,200,
10:06:18,34.2828,125,
10:06:20,34.287,150,
10:06:21,34.288,1088,
10:06:21,34.2804,100,
10:06:21,34.281,100,
10:06:22,34.281,800,
10:06:22,34.2987,100,
10:06:22,34.299,300,
10:06:22,34.30,275,
10:06:22,34.31,100,
10:06:22,34.31,800,
10:06:23,34.31,1600,
10:06:24,34.32,400,
10:06:24,34.289,200,
10:06:25,34.2901,100,
10:06:25,34.301,3400,
10:06:25,34.301,100,
10:06:25,34.309,100,
10:06:27,34.2888,100,
10:06:27,34.29,100,
10:06:27,34.29,100,
10:06:27,34.2899,300,
10:06:28,34.307,110,
10:06:28,34.27,700,
10:06:28,34.26,100,
10:06:28,34.26,100,
10:06:28,34.26,200,
10:06:29,34.26,100,
10:06:29,34.26,100,
10:06:29,34.2598,100,
10:06:29,34.26,100,
10:06:29,34.26,100,
10:06:29,34.27,100,
10:06:30,34.30,100,
10:06:30,34.3001,743,
10:06:31,34.251,4500,
10:06:31,34.3036,200,
10:06:32,34.2912,100,
10:06:32,34.291,100,
10:06:32,34.291,600,
10:06:32,34.291,600,
10:06:32,34.29,100,
10:06:32,34.28,100,
10:06:33,34.32,200,
10:06:33,34.32,300,
10:06:33,34.33,100,
10:06:33,34.35,200,
10:06:33,34.35,399,
10:06:34,34.288,100,
10:06:34,34.36,100,
10:06:34,34.36,100,
10:06:35,34.37,100,
10:06:35,34.38,100,
10:06:35,34.37,100,
10:06:37,34.4168,500,
10:06:37,34.4002,100,
10:06:37,34.41,100,
10:06:38,34.41,100,
10:06:38,34.42,100,
10:06:38,34.41,4000,
10:06:39,34.404,750,
10:06:40,34.40,700,
10:06:40,34.418,200,
10:06:40,34.40,100,
10:06:40,34.40,500,
10:06:40,34.42,100,
10:06:40,34.407,500,
10:06:40,34.42,500,
10:06:42,34.44,100,
10:06:42,34.43,100,
10:06:42,34.44,100,
10:06:42,34.44,100,
10:06:42,34.46,100,
10:06:42,34.47,200,
10:06:42,34.46,100,
10:06:42,34.48,100,
10:06:42,34.47,100,
10:06:43,34.49,100,
10:06:43,34.49,800,
10:06:43,34.49,200,
10:06:43,34.48,100,
10:06:43,34.48,428,
10:06:43,34.46,100,
10:06:43,34.461,100,
10:06:44,34.46,100,
10:06:44,34.46,503,
10:06:44,34.44,100,
10:06:45,34.42,100,
10:06:46,34.416,125,
10:06:46,34.44,1900,
10:06:47,34.41,133,
10:06:47,34.39,100,
10:06:48,34.3984,200,
10:06:48,34.41,100,
10:06:48,34.39,100,
10:06:48,34.39,100,
10:06:48,34.38,100,
10:06:48,34.37,500,
10:06:49,34.408,205,
10:06:49,34.408,1000,
10:06:49,34.39,200,
10:06:49,34.389,178,
10:06:50,34.3868,100,
10:06:52,34.363,130,
10:06:53,34.37,150,
10:06:53,34.37,100,
10:06:53,34.37,100,
10:06:53,34.37,100,
10:06:53,34.37,300,
10:06:54,34.3701,2000,
10:06:54,34.3825,1500,
10:06:55,34.38,100,
10:06:55,34.38,100,
10:06:56,34.37,100,
10:06:57,34.37,100,
10:06:57,34.37,400,
10:06:58,34.37,100,
10:06:58,34.3753,100,
10:06:58,34.353,300,
10:06:59,34.37,200,
10:06:59,34.37,200,
10:07:00,34.40,100,
10:07:02,34.43,200,
10:07:02,34.43,100,
10:07:02,34.4272,100,
10:07:02,34.45,100,
10:07:03,34.45,100,
10:07:04,34.447,300,
10:07:06,34.46,100,
10:07:06,34.46,900,
10:07:06,34.46,1000,
10:07:06,34.47,200,
10:07:06,34.47,100,
10:07:07,34.47,100,
10:07:07,34.4632,200,
10:07:07,34.46,200,
10:07:08,34.4799,300,
10:07:08,34.48,100,
10:07:08,34.48,100,
10:07:08,34.49,100,
10:07:08,34.48,100,
10:07:08,34.50,100,
10:07:08,34.50,100,
10:07:08,34.50,200,
10:07:08,34.50,400,
10:07:08,34.50,100,
10:07:08,34.50,250,
10:07:08,34.50,200,
10:07:08,34.50,300,
10:07:09,34.50,100,
10:07:09,34.4999,200,
10:07:09,34.50,350,
10:07:09,34.50,100,
10:07:09,34.4901,800,
10:07:10,34.4903,200,
10:07:10,34.49,100,
10:07:10,34.48,100,
10:07:11,34.499,100,
10:07:11,34.47,303,
10:07:11,34.47,500,
10:07:11,34.46,500,
10:07:11,34.469,100,
10:07:11,34.469,100,
10:07:11,34.47,100,
10:07:12,34.47,100,
10:07:12,34.45,100,
10:07:12,34.45,100,
10:07:12,34.43,300,
10:07:13,34.43,400,
10:07:13,34.47,1700,
10:07:15,34.46,100,
10:07:16,34.46,500,
10:07:16,34.443,850,
10:07:17,34.47,100,
10:07:18,34.46,375,
10:07:18,34.45,500,
10:07:19,34.46,100,
10:07:19,34.46,100,
10:07:20,34.467,100,
10:07:21,34.4672,1000,
10:07:22,34.457,200,
10:07:22,34.44,100,
10:07:22,34.44,100,
10:07:22,34.44,100,
10:07:22,34.43,100,
10:07:22,34.43,300,
10:07:23,34.42,100,
10:07:24,34.43,100,
10:07:25,34.4165,1000,
10:07:25,34.44,100,
10:07:25,34.44,100,
10:07:26,34.43,1000,
10:07:28,34.44,100,
10:07:28,34.43,200,
10:07:29,34.43,100,
10:07:29,34.4208,200,
10:07:29,34.4409,100,
10:07:29,34.441,200,
10:07:30,34.43,100,
10:07:30,34.42,100,
10:07:30,34.42,100,
10:07:30,34.42,100,
10:07:30,34.41,100,
10:07:31,34.401,200,
10:07:31,34.407,1000,
10:07:32,34.40,300,
10:07:32,34.40,300,
10:07:32,34.40,200,
10:07:33,34.42,100,
10:07:33,34.42,100,
10:07:33,34.40,100,
10:07:33,34.40,100,
10:07:34,34.393,100,
10:07:37,34.41,100,
10:07:37,34.43,100,
10:07:37,34.42,100,
10:07:37,34.43,100,
10:07:37,34.43,100,
10:07:37,34.42,100,
10:07:37,34.42,100,
10:07:38,34.44,100,
10:07:39,34.4401,1000,
10:07:40,34.47,100,
10:07:40,34.47,100,
10:07:40,34.48,100,
10:07:41,34.46,100,
10:07:41,34.46,100,
10:07:41,34.45,100,
10:07:41,34.477,100,
10:07:44,34.44,100,
10:07:45,34.47,100,
10:07:45,34.47,100,
10:07:45,34.47,100,
10:07:45,34.48,100,
10:07:45,34.47,100,
10:07:45,34.47,100,
10:07:45,34.47,100,
10:07:45,34.47,100,
10:07:45,34.48,100,
10:07:46,34.4848,388,
10:07:47,34.4801,100,
10:07:48,34.4731,100,
10:07:48,34.471,200,
10:07:49,34.471,200,
10:07:49,34.471,1000,
10:07:50,34.471,2900,
10:07:50,34.48,100,
10:07:50,34.50,503,
10:07:50,34.50,103,
10:07:52,34.499,250,
10:07:53,34.49,100,
10:07:54,34.47,100,
10:07:54,34.47,1000,
10:07:54,34.47,100,
10:07:54,34.4887,100,
10:07:54,34.4888,100,
10:07:54,34.4888,100,
10:07:54,34.489,1100,
10:07:55,34.49,5100,
10:07:55,34.487,1000,
10:07:57,34.4999,100,
10:07:57,34.4981,100,
10:07:57,34.499,200,
10:07:58,34.50,100,
10:07:58,34.50,100,
10:07:58,34.499,500,
10:07:59,34.50,400,
10:07:59,34.499,1500,
10:08:01,34.49,500,
10:08:02,34.4916,100,
10:08:03,34.50,100,
10:08:03,34.53,1000,
10:08:03,34.53,300,
10:08:05,34.539,700,
10:08:05,34.54,500,
10:08:06,34.55,100,
10:08:06,34.55,300,
10:08:06,34.55,300,
10:08:06,34.55,100,
10:08:06,34.55,300,
10:08:07,34.55,100,
10:08:07,34.56,100,
10:08:07,34.56,100,
10:08:07,34.56,400,
10:08:07,34.55,100,
10:08:07,34.55,100,
10:08:08,34.539,800,
10:08:08,34.56,100,
10:08:08,34.56,100,
10:08:08,34.5572,600,
10:08:09,34.55,100,
10:08:09,34.56,100,
10:08:09,34.56,100,
10:08:09,34.56,300,
10:08:10,34.53,100,
10:08:10,34.52,100,
10:08:10,34.52,100,
10:08:10,34.52,100,
10:08:11,34.52,700,
10:08:12,34.5499,100,
10:08:12,34.5485,100,
10:08:12,34.55,100,
10:08:12,34.56,100,
10:08:13,34.55,100,
10:08:13,34.54,100,
10:08:13,34.54,100,
10:08:13,34.54,100,
10:08:13,34.54,100,
10:08:13,34.5351,100,
10:08:13,34.5351,100,
10:08:13,34.5318,100,
10:08:13,34.531,100,
10:08:13,34.534,100,
10:08:13,34.531,1400,
10:08:13,34.56,100,
10:08:14,34.56,1100,
10:08:14,34.56,100,
10:08:14,34.5599,100,
10:08:14,34.56,1300,
10:08:15,34.5291,100,
10:08:15,34.5297,100,
10:08:15,34.5297,100,
10:08:15,34.53,100,
10:08:15,34.53,100,
10:08:15,34.5268,200,
10:08:15,34.55,100,
10:08:16,34.54,100,
10:08:16,34.53,100,
10:08:16,34.52,100,
10:08:16,34.51,100,
10:08:19,34.49,100,
10:08:19,34.49,100,
10:08:19,34.50,330,
10:08:19,34.50,1770,
10:08:19,34.52,1500,
10:08:20,34.5101,300,
10:08:20,34.52,100,
10:08:21,34.50,100,
10:08:21,34.50,100,
10:08:21,34.50,2456,
10:08:21,34.50,200,
10:08:21,34.50,100,
10:08:22,34.5135,900,
10:08:22,34.538,750,
10:08:23,34.5199,200,
10:08:25,34.5163,250,
10:08:25,34.52,100,
10:08:25,34.52,100,
10:08:28,34.529,2000,
10:08:29,34.51,150,
10:08:31,34.53,100,
10:08:31,34.53,100,
10:08:31,34.53,100,
10:08:31,34.5269,300,
10:08:32,34.51,100,
10:08:32,34.51,100,
10:08:32,34.50,13286,
10:08:32,34.52,100,
10:08:33,34.5335,500,
10:08:33,34.52,100,
10:08:33,34.52,100,
10:08:34,34.511,200,
10:08:35,34.513,1200,
10:08:37,34.51,100,
10:08:37,34.52,100,
10:08:37,34.496,200,
10:08:40,34.5307,200,
10:08:41,34.5301,100,
10:08:41,34.539,200,
10:08:42,34.5301,100,
10:08:42,34.5301,100,
10:08:42,34.531,500,
10:08:43,34.53,100,
10:08:43,34.53,100,
10:08:43,34.539,1800,
10:08:48,34.5348,288,
10:08:49,34.52,100,
10:08:49,34.5201,300,
10:08:49,34.5195,100,
10:08:49,34.528,500,
10:08:50,34.5002,100,
10:08:51,34.50,100,
10:08:51,34.50,100,
10:08:51,34.50,200,
10:08:51,34.48,100,
10:08:51,34.48,103,
10:08:51,34.50,100,
10:08:52,34.51,100,
10:08:52,34.51,100,
10:08:52,34.507,700,
10:08:53,34.509,100,
10:08:54,34.52,200,
10:08:54,34.54,100,
10:08:55,34.53,100,
10:08:55,34.52,100,
10:08:55,34.52,100,
10:08:55,34.52,100,
10:08:55,34.52,100,
10:08:58,34.51,100,
10:08:59,34.51,100,
10:09:00,34.5293,100,
10:09:01,34.56,100,
10:09:02,34.56,200,
10:09:02,34.57,200,
10:09:02,34.57,124,
10:09:02,34.57,200,
10:09:02,34.57,676,
10:09:02,34.57,106,
10:09:02,34.57,200,
10:09:02,34.57,300,
10:09:02,34.59,100,
10:09:03,34.58,100,
10:09:03,34.58,100,
10:09:03,34.58,100,
10:09:03,34.58,200,
10:09:04,34.59,100,
10:09:04,34.59,100,
10:09:04,34.59,300,
10:09:04,34.59,100,
10:09:04,34.59,100,
10:09:05,34.583,100,
10:09:05,34.59,100,
10:09:06,34.60,100,
10:09:06,34.60,199,
10:09:06,34.60,100,
10:09:06,34.60,100,
10:09:07,34.6063,2000,
10:09:08,34.607,400,
10:09:08,34.6005,750,
10:09:09,34.61,400,
10:09:09,34.61,400,
10:09:10,34.60,2000,
10:09:11,34.6099,225,
10:09:12,34.61,100,
10:09:13,34.6128,100,
10:09:14,34.62,100,
10:09:14,34.62,100,
10:09:14,34.60,100,
10:09:15,34.6184,100,
10:09:15,34.6185,100,
10:09:15,34.619,600,
10:09:15,34.619,200,
10:09:16,34.611,100,
10:09:16,34.59,100,
10:09:17,34.59,800,
10:09:17,34.59,2750,
10:09:17,34.59,100,
10:09:17,34.59,200,
10:09:17,34.59,400,
10:09:17,34.59,200,
10:09:17,34.59,100,
10:09:17,34.59,933,
10:09:17,34.5835,100,
10:09:17,34.59,100,
10:09:17,34.619,2700,
10:09:17,34.5966,100,
10:09:17,34.5984,100,
10:09:17,34.59,197,
10:09:17,34.59,1500,
10:09:17,34.59,200,
10:09:17,34.59,123,
10:09:17,34.57,100,
10:09:20,34.587,900,
10:09:20,34.5895,100,
10:09:20,34.589,100,
10:09:21,34.60,100,
10:09:21,34.60,100,
10:09:22,34.6002,2000,
10:09:23,34.617,300,
10:09:24,34.61,100,
10:09:24,34.61,100,
10:09:26,34.63,100,
10:09:27,34.631,100,
10:09:27,34.6314,100,
10:09:28,34.6232,200,
10:09:29,34.63,100,
10:09:29,34.638,200,
10:09:30,34.64,100,
10:09:30,34.64,100,
10:09:30,34.65,100,
10:09:30,34.65,400,
10:09:30,34.65,100,
10:09:30,34.65,100,
10:09:30,34.6664,200,
10:09:30,34.67,100,
10:09:30,34.67,100,
10:09:31,34.669,100,
10:09:31,34.669,200,
10:09:32,34.6605,200,
10:09:33,34.6632,1600,
10:09:33,34.669,100,
10:09:33,34.6699,100,
10:09:34,34.66,100,
10:09:34,34.66,100,
10:09:34,34.65,100,
10:09:35,34.667,100,
10:09:35,34.659,200,
10:09:36,34.66,100,
10:09:36,34.66,100,
10:09:36,34.65,100,
10:09:36,34.65,200,
10:09:37,34.65,100,
10:09:38,34.64,300,
10:09:38,34.63,300,
10:09:38,34.63,100,
10:09:38,34.62,100,
10:09:38,34.61,100,
10:09:38,34.619,100,
10:09:38,34.63,100,
10:09:38,34.64,100,
10:09:38,34.64,100,
10:09:39,34.63,100,
10:09:39,34.63,100,
10:09:40,34.621,100,
10:09:41,34.62,100,
10:09:41,34.625,500,
10:09:41,34.63,218,
10:09:43,34.6344,750,
10:09:43,34.65,500,
10:09:43,34.65,100,
10:09:44,34.64,100,
10:09:44,34.6315,100,
10:09:46,34.6579,100,
10:09:46,34.66,100,
10:09:46,34.659,600,
10:09:46,34.65,200,
10:09:47,34.66,2200,
10:09:47,34.6598,100,
10:09:48,34.659,2700,
10:09:48,34.659,2700,
10:09:49,34.6598,2000,
10:09:50,34.66,1900,
10:09:52,34.65,200,
10:09:52,34.65,100,
10:09:52,34.6435,1000,
10:09:54,34.649,500,
10:09:55,34.62,100,
10:09:55,34.62,100,
10:09:55,34.61,100,
10:09:56,34.63,100,
10:09:58,34.6199,100,
10:09:58,34.61,100,
10:09:59,34.609,100,
10:09:59,34.613,200,
10:10:00,34.60,100,
10:10:00,34.60,100,
10:10:00,34.60,447,
10:10:01,34.58,100,
10:10:01,34.58,100,
10:10:01,34.58,100,
10:10:01,34.59,100,
10:10:03,34.58,100,
10:10:03,34.59,1900,
10:10:04,34.58,300,
10:10:05,34.56,1000,
10:10:06,34.5801,300,
10:10:07,34.58,250,
10:10:09,34.5815,100,
10:10:09,34.5811,100,
10:10:09,34.581,100,
10:10:09,34.581,500,
10:10:09,34.5968,500,
10:10:09,34.60,100,
10:10:10,34.60,100,
10:10:10,34.60,100,
10:10:10,34.60,100,
10:10:10,34.61,100,
10:10:10,34.61,400,
10:10:10,34.61,200,
10:10:10,34.61,200,
10:10:10,34.60,100,
10:10:10,34.61,900,
10:10:10,34.60,2009,
10:10:10,34.60,300,
10:10:11,34.61,700,
10:10:11,34.60,7609,
10:10:12,34.61,505,
10:10:12,34.60,100,
10:10:12,34.60,100,
10:10:12,34.60,100,
10:10:12,34.58,100,
10:10:12,34.58,100,
10:10:12,34.61,100,
10:10:13,34.5724,100,
10:10:14,34.607,400,
10:10:15,34.54,300,
10:10:15,34.54,100,
10:10:15,34.54,100,
10:10:15,34.5552,285,
10:10:17,34.54,200,
10:10:17,34.55,100,
10:10:17,34.56,100,
10:10:18,34.5597,300,
10:10:18,34.5599,100,
10:10:18,34.56,100,
10:10:18,34.56,100,
10:10:18,34.56,100,
10:10:18,34.56,100,
10:10:19,34.55,1250,
10:10:19,34.55,400,
10:10:20,34.5332,500,
10:10:20,34.544,100,
10:10:20,34.54,300,
10:10:20,34.54,600,
10:10:20,34.567,250,
10:10:20,34.54,100,
10:10:20,34.55,100,
10:10:21,34.5305,1000,
10:10:21,34.5308,400,
10:10:25,34.56,100,
10:10:26,34.5665,1000,
10:10:26,34.541,500,
10:10:26,34.57,100,
10:10:26,34.57,100,
10:10:28,34.57,600,
10:10:29,34.5716,400,
10:10:30,34.58,100,
10:10:30,34.59,100,
10:10:30,34.59,500,
10:10:30,34.59,2100,
10:10:30,34.60,200,
10:10:30,34.60,200,
10:10:30,34.60,200,
10:10:31,34.63,100,
10:10:31,34.63,100,
10:10:31,34.63,100,
10:10:32,34.6212,100,
10:10:32,34.6212,100,
10:10:34,34.64,241,
10:10:34,34.6399,100,
10:10:34,34.64,100,
10:10:34,34.65,200,
10:10:34,34.65,500,
10:10:34,34.65,100,
10:10:35,34.67,100,
10:10:35,34.67,100,
10:10:35,34.66,100,
10:10:37,34.67,100,
10:10:37,34.66,100,
10:10:37,34.65,100,
10:10:38,34.66,100,
10:10:38,34.66,100,
10:10:38,34.66,100,
10:10:38,34.67,100,
10:10:39,34.6508,275,
10:10:40,34.68,100,
10:10:40,34.68,100,
10:10:40,34.67,100,
10:10:40,34.68,100,
10:10:40,34.68,100,
10:10:40,34.688,100,
10:10:40,34.69,100,
10:10:40,34.688,100,
10:10:40,34.69,2400,
10:10:41,34.6799,300,
10:10:41,34.6799,400,
10:10:41,34.67,100,
10:10:42,34.67,100,
10:10:43,34.67,100,
10:10:43,34.68,100,
10:10:44,34.67,300,
10:10:44,34.66,1000,
10:10:44,34.69,100,
10:10:45,34.68,200,
10:10:45,34.69,200,
10:10:47,34.6999,5000,
10:10:47,34.68,100,
10:10:47,34.67,100,
10:10:48,34.69,100,
10:10:48,34.70,100,
10:10:48,34.687,500,
10:10:49,34.7101,200,
10:10:52,34.74,100,
10:10:52,34.79,100,
10:10:52,34.79,100,
10:10:52,34.78,100,
10:10:53,34.79,100,
10:10:53,34.82,100,
10:10:53,34.81,100,
10:10:53,34.81,100,
10:10:53,34.82,100,
10:10:54,34.83,100,
10:10:54,34.717,200,
10:10:54,34.83,100,
10:10:54,34.82,100,
10:10:54,34.82,400,
10:10:54,34.82,100,
10:10:54,34.82,100,
10:10:54,34.84,100,
10:10:55,34.81,100,
10:10:55,34.82,100,
10:10:56,34.84,100,
10:10:56,34.84,100,
10:10:57,34.83,100,
10:10:59,34.8328,250,
10:11:00,34.85,100,
10:11:00,34.8599,400,
10:11:00,34.87,400,
10:11:01,34.8663,2000,
10:11:02,34.87,100,
10:11:02,34.87,100,
10:11:02,34.87,100,
10:11:02,34.87,100,
10:11:02,34.87,594,
10:11:02,34.867,400,
10:11:02,34.859,250,
10:11:03,34.85,100,
10:11:03,34.83,100,
10:11:03,34.82,100,
10:11:03,34.84,100,
10:11:03,34.83,100,
10:11:05,34.859,3300,
10:11:06,34.849,500,
10:11:06,34.851,100,
10:11:06,34.85,100,
10:11:08,34.8632,100,
10:11:08,34.88,100,
10:11:08,34.8863,600,
10:11:08,34.887,500,
10:11:09,34.8784,100,
10:11:09,34.879,200,
10:11:11,34.857,100,
10:11:12,34.85,2000,
10:11:12,34.8595,100,
10:11:12,34.8501,100,
10:11:12,34.86,100,
10:11:12,34.87,600,
10:11:12,34.85,100,
10:11:12,34.84,100,
10:11:12,34.83,100,
10:11:12,34.82,100,
10:11:13,34.80,100,
10:11:13,34.80,400,
10:11:13,34.80,100,
10:11:13,34.79,100,
10:11:13,34.79,394,
10:11:13,34.80,100,
10:11:13,34.80,100,
10:11:13,34.78,100,
10:11:13,34.7799,200,
10:11:13,34.7706,100,
10:11:13,34.771,400,
10:11:14,34.771,500,
10:11:14,34.79,100,
10:11:14,34.86,2700,
10:11:15,34.771,3200,
10:11:15,34.79,300,
10:11:16,34.7899,100,
10:11:17,34.76,100,
10:11:17,34.7728,100,
10:11:18,34.79,100,
10:11:18,34.79,100,
10:11:18,34.798,100,
10:11:18,34.80,800,
10:11:19,34.78,100,
10:11:20,34.7801,100,
10:11:21,34.783,100,
10:11:21,34.82,1469,
10:11:21,34.81,100,
10:11:21,34.784,100,
10:11:21,34.81,100,
10:11:21,34.81,100,
10:11:21,34.80,100,
10:11:21,34.81,200,
10:11:21,34.80,100,
10:11:21,34.80,100,
10:11:21,34.83,1067,
10:11:21,34.83,100,
10:11:21,34.83,102,
10:11:21,34.83,100,
10:11:21,34.82,100,
10:11:22,34.8318,100,
10:11:22,34.81,100,
10:11:23,34.81,500,
10:11:24,34.783,500,
10:11:26,34.797,300,
10:11:27,34.79,100,
10:11:27,34.78,100,
10:11:27,34.78,100,
10:11:27,34.7799,100,
10:11:27,34.7632,500,
10:11:29,34.75,525,
10:11:29,34.75,100,
10:11:29,34.75,100,
10:11:29,34.75,100,
10:11:29,34.75,100,
10:11:30,34.769,100,
10:11:32,34.75,100,
10:11:32,34.732,100,
10:11:33,34.73,100,
10:11:33,34.72,703,
10:11:33,34.73,100,
10:11:33,34.73,100,
10:11:33,34.73,100,
10:11:33,34.73,100,
10:11:33,34.74,100,
10:11:34,34.74,100,
10:11:35,34.74,100,
10:11:36,34.7301,400,
10:11:36,34.73,2000,
10:11:36,34.76,100,
10:11:37,34.76,900,
10:11:37,34.77,400,
10:11:37,34.78,100,
10:11:38,34.77,100,
10:11:38,34.77,100,
10:11:38,34.77,100,
10:11:38,34.777,100,
10:11:39,34.7716,400,
10:11:39,34.769,100,
10:11:39,34.779,100,
10:11:40,34.78,100,
10:11:41,34.77,100,
10:11:42,34.78,100,
10:11:42,34.779,800,
10:11:42,34.80,100,
10:11:43,34.83,200,
10:11:43,34.83,100,
10:11:44,34.8435,1500,
10:11:46,34.8314,100,
10:11:47,34.84,100,
10:11:48,34.8301,100,
10:11:49,34.86,100,
10:11:51,34.8464,200,
10:11:51,34.85,400,
10:11:52,34.8498,1200,
10:11:52,34.86,1000,
10:11:52,34.8372,100,
10:11:52,34.8354,100,
10:11:52,34.835,100,
10:11:53,34.85,100,
10:11:53,34.85,100,
10:11:53,34.85,100,
10:11:53,34.86,100,
10:11:53,34.86,200,
10:11:53,34.87,100,
10:11:53,34.8684,300,
10:11:53,34.8687,100,
10:11:53,34.869,200,
10:11:54,34.869,3400,
10:11:54,34.85,100,
10:11:54,34.85,100,
10:11:54,34.86,100,
10:11:56,34.8564,100,
10:11:56,34.8564,100,
10:11:56,34.8599,100,
10:11:56,34.85,100,
10:11:56,34.8501,100,
10:11:56,34.86,300,
10:11:57,34.8602,1300,
10:11:57,34.86,376,
10:11:57,34.8795,100,
10:11:57,34.86,500,
10:11:58,34.86,100,
10:11:58,34.85,100,
10:11:58,34.85,2100,
10:11:58,34.82,100,
10:11:58,34.85,100,
10:11:59,34.83,100,
10:12:00,34.868,100,
10:12:00,34.83,100,
10:12:00,34.8107,400,
10:12:00,34.83,100,
10:12:00,34.83,100,
10:12:00,34.83,100,
10:12:00,34.8272,600,
10:12:01,34.82,515,
10:12:01,34.84,100,
10:12:02,34.84,200,
