09:30:00,31.42,100,
09:30:00,31.39,200,
09:30:00,31.44,200,
09:30:00,31.46,300,
09:30:00,31.47,100,
09:30:00,31.45,100,
09:30:00,31.44,100,
09:30:00,31.44,100,
09:30:00,31.44,100,
09:30:01,31.41,200,
09:30:01,31.43,100,
09:30:01,31.44,100,
09:30:02,31.41,100,
09:30:02,31.41,100,
09:30:03,31.44,100,
09:30:03,31.44,200,
09:30:03,31.43,100,
09:30:03,31.41,100,
09:30:03,31.44,100,
09:30:04,31.42,100,
09:30:04,31.39,100,
09:30:04,31.40,100,
09:30:04,31.40,100,
09:30:04,31.39,100,
09:30:04,31.40,100,
09:30:04,31.40,4501,
09:30:04,31.41,300,
09:30:05,31.42,100,
09:30:06,31.43,100,
09:30:06,31.44,100,
09:30:07,31.44,197,
09:30:07,31.44,100,
09:30:07,31.42,100,
09:30:09,31.39,250,
09:30:10,31.43,100,
09:30:10,31.43,100,
09:30:10,31.44,500,
09:30:10,31.44,200,
09:30:10,31.43,200,
09:30:10,31.44,100,
09:30:10,31.43,300,
09:30:10,31.44,100,
09:30:10,31.44,100,
09:30:10,31.47,100,
09:30:10,31.51,100,
09:30:10,31.49,100,
09:30:10,31.42,500,
09:30:11,31.411,500,
09:30:11,31.4226,200,
09:30:11,31.411,400,
09:30:11,31.49,100,
09:30:11,31.411,400,
09:30:11,31.50,100,
09:30:11,31.49,300,
09:30:12,31.411,100,
09:30:12,31.499,450,
09:30:12,31.50,1000,
09:30:15,31.48,100,
09:30:15,31.41,600,
09:30:17,31.441,150,
09:30:17,31.45,100,
09:30:17,31.43,100,
09:30:17,31.43,500,
09:30:17,31.43,400,
09:30:17,31.43,100,
09:30:17,31.42,600,
09:30:17,31.42,100,
09:30:17,31.41,300,
09:30:17,31.41,200,
09:30:17,31.41,100,
09:30:17,31.41,500,
09:30:17,31.40,100,
09:30:17,31.37,300,
09:30:17,31.35,100,
09:30:17,31.35,300,
09:30:17,31.39,100,
09:30:17,31.39,100,
09:30:17,31.38,200,
09:30:17,31.39,100,
09:30:17,31.38,300,
09:30:17,31.37,100,
09:30:17,31.40,100,
09:30:17,31.41,100,
09:30:17,31.41,100,
09:30:17,31.37,100,
09:30:17,31.38,100,
09:30:17,31.38,100,
09:30:17,31.39,200,
09:30:17,31.39,500,
09:30:17,31.36,200,
09:30:17,31.36,100,
09:30:17,31.35,100,
09:30:17,31.39,300,
09:30:19,31.35,100,
09:30:19,31.35,100,
09:30:19,31.36,206,
09:30:22,31.36,100,
09:30:23,31.4801,100,
09:30:23,31.482,355,
09:30:25,31.40,100,
09:30:25,31.37,300,
09:30:27,31.44,100,
09:30:29,31.46,100,
09:30:29,31.4799,200,
09:30:30,31.51,1500,
09:30:31,31.50,200,
09:30:31,31.50,100,
09:30:32,31.51,550,
09:30:32,31.50,900,
09:30:32,31.5002,100,
09:30:32,31.50,1000,
09:30:33,31.505,200,
09:30:33,31.50,100,
09:30:33,31.51,3900,
09:30:34,31.46,100,
09:30:34,31.45,700,
09:30:34,31.45,100,
09:30:35,31.507,700,
09:30:36,31.4472,500,
09:30:37,31.46,100,
09:30:37,31.46,100,
09:30:38,31.47,100,
09:30:38,31.4701,2200,
09:30:39,31.4615,100,
09:30:39,31.4612,100,
09:30:39,31.4706,100,
09:30:41,31.47,300,
09:30:41,31.46,300,
09:30:41,31.46,100,
09:30:41,31.46,2100,
09:30:42,31.487,500,
09:30:42,31.45,100,
09:30:42,31.47,100,
09:30:44,31.452,300,
09:30:45,31.49,100,
09:30:45,31.4816,200,
09:30:46,31.49,100,
09:30:46,31.49,100,
09:30:47,31.489,300,
09:30:50,31.48,100,
09:30:50,31.48,100,
09:30:50,31.47,300,
09:30:50,31.47,200,
09:30:50,31.47,100,
09:30:50,31.47,2600,
09:30:50,31.49,100,
09:30:50,31.49,100,
09:30:50,31.52,100,
09:30:50,31.52,200,
09:30:50,31.52,100,
09:30:51,31.5201,100,
09:30:52,31.55,200,
09:30:52,31.53,200,
09:30:52,31.55,100,
09:30:52,31.5472,1500,
09:30:52,31.54,200,
09:30:52,31.54,400,
09:30:52,31.53,100,
09:30:53,31.49,100,
09:30:53,31.50,100,
09:30:53,31.50,100,
09:30:54,31.52,100,
09:30:56,31.538,400,
09:30:56,31.531,100,
09:30:58,31.54,4000,
09:30:59,31.54,100,
09:30:59,31.57,100,
09:30:59,31.59,100,
09:30:59,31.58,100,
09:30:59,31.59,100,
09:30:59,31.57,100,
09:30:59,31.56,100,
09:31:00,31.55,100,
09:31:00,31.56,100,
09:31:02,31.5392,100,
09:31:02,31.539,800,
09:31:02,31.539,600,
09:31:03,31.5323,100,
09:31:03,31.5256,100,
09:31:03,31.521,100,
09:31:04,31.5399,200,
09:31:05,31.521,200,
09:31:06,31.541,100,
09:31:08,31.529,200,
09:31:12,31.537,200,
09:31:13,31.53,100,
09:31:13,31.52,300,
09:31:14,31.53,200,
09:31:15,31.501,949,
09:31:16,31.54,500,
09:31:17,31.52,2500,
09:31:18,31.53,100,
09:31:19,31.53,100,
09:31:20,31.52,100,
09:31:21,31.516,450,
09:31:22,31.51,300,
09:31:22,31.51,200,
09:31:22,31.52,200,
09:31:22,31.53,100,
09:31:22,31.53,100,
09:31:22,31.53,100,
09:31:23,31.5201,200,
09:31:24,31.5144,1000,
09:31:25,31.51,400,
09:31:26,31.50,100,
09:31:26,31.5101,400,
09:31:28,31.53,100,
09:31:28,31.52,100,
09:31:28,31.52,300,
09:31:30,31.52,100,
09:31:30,31.51,100,
09:31:30,31.51,100,
09:31:31,31.52,100,
09:31:33,31.5201,100,
09:31:35,31.5203,100,
09:31:37,31.53,100,
09:31:37,31.54,100,
09:31:38,31.54,100,
09:31:39,31.56,100,
09:31:39,31.55,100,
09:31:39,31.529,250,
09:31:41,31.57,100,
09:31:41,31.57,100,
09:31:41,31.57,100,
09:31:41,31.57,100,
09:31:42,31.58,200,
09:31:42,31.58,300,
09:31:42,31.59,100,
09:31:44,31.59,100,
09:31:44,31.59,100,
09:31:44,31.59,100,
09:31:44,31.59,100,
09:31:44,31.59,100,
09:31:44,31.60,200,
09:31:44,31.60,200,
09:31:44,31.61,100,
09:31:44,31.61,100,
09:31:44,31.60,200,
09:31:45,31.581,500,
09:31:45,31.6072,500,
09:31:46,31.60,100,
09:31:48,31.609,325,
09:31:50,31.599,100,
09:31:51,31.599,4100,
09:31:51,31.599,100,
09:31:51,31.599,200,
09:31:51,31.599,100,
09:31:52,31.61,100,
09:31:52,31.61,100,
09:31:52,31.63,100,
09:31:52,31.65,100,
09:31:52,31.65,100,
09:31:53,31.66,12000,
09:31:54,31.66,100,
09:31:54,31.66,100,
09:31:55,31.67,200,
09:31:57,31.669,1000,
09:31:57,31.6695,300,
09:31:59,31.659,200,
09:32:00,31.62,100,
09:32:00,31.64,100,
09:32:00,31.64,100,
09:32:02,31.63,100,
09:32:02,31.63,200,
09:32:02,31.62,100,
09:32:04,31.60,200,
09:32:04,31.60,100,
09:32:04,31.59,263,
09:32:04,31.60,100,
09:32:05,31.61,100,
09:32:05,31.61,100,
09:32:05,31.62,300,
09:32:05,31.62,100,
09:32:05,31.62,300,
09:32:05,31.63,100,
09:32:05,31.63,100,
09:32:05,31.63,600,
09:32:05,31.65,100,
09:32:05,31.65,100,
09:32:05,31.63,100,
09:32:05,31.65,100,
09:32:05,31.64,100,
09:32:05,31.64,100,
09:32:05,31.65,300,
09:32:05,31.65,100,
09:32:05,31.66,300,
09:32:05,31.64,100,
09:32:06,31.649,200,
09:32:06,31.649,300,
09:32:06,31.65,1800,
09:32:14,31.63,200,
09:32:15,31.63,100,
09:32:18,31.66,100,
09:32:19,31.67,100,
09:32:19,31.67,100,
09:32:19,31.65,100,
09:32:20,31.64,100,
09:32:20,31.64,100,
09:32:20,31.64,100,
09:32:22,31.641,200,
09:32:22,31.66,600,
09:32:25,31.66,2000,
09:32:27,31.65,100,
09:32:28,31.6616,200,
09:32:28,31.67,200,
09:32:30,31.66,100,
09:32:30,31.66,300,
09:32:30,31.66,100,
09:32:30,31.65,800,
09:32:31,31.677,100,
09:32:33,31.65,100,
09:32:33,31.65,100,
09:32:33,31.6566,100,
09:32:33,31.6569,100,
09:32:33,31.6578,100,
09:32:33,31.659,750,
09:32:33,31.649,3100,
09:32:33,31.649,100,
09:32:33,31.649,200,
09:32:34,31.63,200,
09:32:34,31.649,100,
09:32:34,31.649,100,
09:32:34,31.66,5800,
09:32:35,31.60,100,
09:32:35,31.60,100,
09:32:35,31.60,100,
09:32:36,31.58,100,
09:32:36,31.58,100,
09:32:37,31.59,100,
09:32:37,31.59,100,
09:32:37,31.59,100,
09:32:37,31.59,100,
09:32:37,31.61,100,
09:32:37,31.62,100,
09:32:37,31.61,100,
09:32:37,31.61,100,
09:32:37,31.62,100,
09:32:38,31.63,100,
09:32:39,31.6299,1000,
09:32:39,31.623,300,
09:32:40,31.6384,320,
09:32:41,31.63,11400,
09:32:43,31.6248,500,
09:32:45,31.649,500,
09:32:46,31.66,100,
09:32:46,31.66,100,
09:32:48,31.67,100,
09:32:48,31.63,100,
09:32:48,31.65,100,
09:32:48,31.65,100,
09:32:48,31.65,200,
09:32:49,31.6401,155,
09:32:50,31.6746,100,
09:32:50,31.674,100,
09:32:52,31.68,100,
09:32:52,31.68,100,
09:32:52,31.68,100,
09:32:53,31.67,300,
09:32:53,31.67,100,
09:32:53,31.67,100,
09:32:53,31.67,1400,
09:32:55,31.69,100,
09:32:55,31.69,800,
09:32:55,31.6801,200,
09:32:55,31.69,100,
09:32:57,31.70,100,
09:32:57,31.67,100,
09:32:59,31.689,100,
09:33:00,31.66,700,
09:33:00,31.66,600,
09:33:00,31.6611,100,
09:33:00,31.66,200,
09:33:00,31.6795,1000,
09:33:00,31.679,100,
09:33:00,31.674,100,
09:33:01,31.6743,316,
09:33:01,31.65,100,
09:33:01,31.679,200,
09:33:02,31.6403,100,
09:33:02,31.6401,100,
09:33:03,31.6401,100,
09:33:05,31.66,100,
09:33:06,31.658,1000,
09:33:07,31.64,400,
09:33:08,31.64,200,
09:33:08,31.64,181,
09:33:10,31.63,100,
09:33:10,31.63,100,
09:33:11,31.6191,100,
09:33:11,31.619,100,
09:33:11,31.6272,200,
09:33:13,31.6343,100,
09:33:13,31.61,300,
09:33:13,31.6183,100,
09:33:13,31.6183,100,
09:33:13,31.6199,100,
09:33:13,31.619,600,
09:33:14,31.6001,200,
09:33:15,31.60,100,
09:33:15,31.62,100,
09:33:15,31.62,100,
09:33:16,31.64,300,
09:33:16,31.64,100,
09:33:16,31.64,100,
09:33:19,31.66,200,
09:33:19,31.66,149,
09:33:19,31.66,200,
09:33:20,31.64,100,
09:33:21,31.6268,500,
09:33:26,31.61,100,
09:33:27,31.62,100,
09:33:27,31.65,100,
09:33:29,31.68,100,
09:33:29,31.67,100,
09:33:30,31.69,100,
09:33:30,31.69,100,
09:33:31,31.66,100,
09:33:34,31.6668,500,
09:33:37,31.662,400,
09:33:37,31.662,200,
09:33:37,31.673,100,
09:33:38,31.72,100,
09:33:39,31.71,100,
09:33:39,31.71,100,
09:33:42,31.6644,200,
09:33:44,31.68,100,
09:33:44,31.679,1000,
09:33:45,31.70,100,
09:33:45,31.70,100,
09:33:45,31.70,100,
09:33:45,31.71,300,
09:33:45,31.71,300,
09:33:45,31.72,100,
09:33:45,31.72,100,
09:33:45,31.71,100,
09:33:45,31.72,100,
09:33:46,31.74,100,
09:33:46,31.74,100,
09:33:46,31.74,200,
09:33:47,31.74,100,
09:33:47,31.697,100,
09:33:48,31.73,100,
09:33:52,31.7299,100,
09:33:53,31.7099,500,
09:33:53,31.72,100,
09:33:53,31.7199,300,
09:33:53,31.7199,100,
09:33:53,31.7199,100,
09:33:53,31.7199,100,
09:33:53,31.72,400,
09:33:55,31.70,300,
09:33:55,31.70,100,
09:33:55,31.70,100,
09:33:58,31.70,100,
09:33:59,31.7084,300,
09:34:01,31.70,100,
09:34:02,31.7001,100,
09:34:03,31.709,100,
09:34:03,31.70,100,
09:34:04,31.70,100,
09:34:05,31.72,200,
09:34:05,31.7158,200,
09:34:05,31.7198,5000,
09:34:08,31.7188,200,
09:34:09,31.71,100,
09:34:12,31.7152,200,
09:34:13,31.708,100,
09:34:13,31.709,300,
09:34:13,31.6998,2000,
09:34:14,31.727,300,
09:34:16,31.68,100,
09:34:16,31.68,200,
09:34:16,31.68,400,
09:34:16,31.68,100,
09:34:16,31.7085,100,
09:34:16,31.6964,100,
09:34:16,31.6977,100,
09:34:16,31.699,500,
09:34:17,31.696,100,
09:34:19,31.703,330,
09:34:19,31.69,100,
09:34:19,31.69,100,
09:34:20,31.699,100,
09:34:21,31.73,300,
09:34:22,31.74,100,
09:34:23,31.701,400,
09:34:24,31.747,100,
09:34:25,31.739,100,
09:34:26,31.75,100,
09:34:26,31.733,600,
09:34:30,31.74,800,
09:34:31,31.70,100,
09:34:31,31.70,100,
09:34:31,31.70,100,
09:34:32,31.69,1000,
09:34:37,31.65,100,
09:34:37,31.65,200,
09:34:38,31.676,100,
09:34:39,31.67,100,
09:34:39,31.6699,313,
09:34:40,31.649,1000,
09:34:41,31.66,100,
09:34:41,31.66,300,
09:34:41,31.6468,200,
09:34:43,31.658,400,
09:34:43,31.657,100,
09:34:44,31.66,100,
09:34:45,31.65,248,
09:34:45,31.63,200,
09:34:45,31.63,100,
09:34:45,31.649,100,
09:34:45,31.6332,179,
09:34:45,31.657,100,
09:34:50,31.58,100,
09:34:51,31.59,100,
09:34:52,31.5902,1000,
09:34:52,31.59,100,
09:34:52,31.59,100,
09:34:52,31.59,300,
09:34:53,31.62,100,
09:34:53,31.60,500,
09:34:54,31.6072,1400,
09:34:55,31.59,100,
09:34:56,31.6085,100,
09:34:57,31.64,100,
09:34:57,31.64,100,
09:34:57,31.64,100,
09:34:58,31.6228,1900,
09:34:59,31.63,100,
09:34:59,31.63,100,
09:35:02,31.64,100,
09:35:02,31.64,100,
09:35:02,31.66,100,
09:35:02,31.67,100,
09:35:02,31.67,100,
09:35:03,31.6701,100,
09:35:04,31.69,100,
09:35:04,31.69,250,
09:35:04,31.69,100,
09:35:04,31.69,100,
09:35:04,31.68,300,
09:35:04,31.67,100,
09:35:04,31.67,100,
09:35:04,31.67,100,
09:35:04,31.67,100,
09:35:04,31.66,100,
09:35:04,31.66,100,
09:35:04,31.66,200,
09:35:04,31.66,100,
09:35:04,31.66,300,
09:35:04,31.67,100,
09:35:05,31.68,100,
09:35:05,31.67,100,
09:35:06,31.69,100,
09:35:06,31.69,200,
09:35:07,31.691,1000,
09:35:08,31.689,100,
09:35:09,31.6801,500,
09:35:12,31.67,200,
09:35:13,31.68,100,
09:35:13,31.68,200,
09:35:14,31.71,100,
09:35:14,31.71,100,
09:35:14,31.71,100,
09:35:14,31.71,100,
09:35:14,31.71,100,
09:35:14,31.7101,100,
09:35:15,31.71,100,
09:35:15,31.70,100,
09:35:15,31.70,200,
09:35:16,31.683,1000,
09:35:19,31.72,100,
09:35:19,31.7216,200,
09:35:19,31.76,200,
09:35:19,31.76,100,
09:35:19,31.76,200,
09:35:19,31.77,200,
09:35:19,31.77,100,
09:35:19,31.77,100,
09:35:19,31.76,100,
09:35:21,31.783,500,
09:35:21,31.80,100,
09:35:21,31.80,100,
09:35:21,31.80,200,
09:35:23,31.82,100,
09:35:23,31.82,100,
09:35:25,31.80,200,
09:35:25,31.807,1000,
09:35:27,31.81,100,
09:35:27,31.8089,300,
09:35:27,31.78,100,
09:35:29,31.78,2000,
09:35:29,31.807,2000,
09:35:31,31.77,200,
09:35:32,31.79,100,
09:35:32,31.78,3800,
09:35:33,31.80,100,
09:35:33,31.82,100,
09:35:34,31.8279,100,
09:35:34,31.8283,100,
09:35:34,31.829,500,
09:35:34,31.829,100,
09:35:34,31.81,100,
09:35:35,31.8099,200,
09:35:35,31.8099,100,
09:35:35,31.82,2743,
09:35:36,31.829,900,
09:35:37,31.801,100,
09:35:39,31.7811,100,
09:35:39,31.7811,100,
09:35:39,31.7811,100,
09:35:39,31.78,100,
09:35:43,31.789,200,
09:35:43,31.80,100,
09:35:43,31.80,100,
09:35:43,31.80,100,
09:35:43,31.80,200,
09:35:43,31.81,100,
09:35:46,31.83,100,
09:35:49,31.82,100,
09:35:51,31.83,100,
09:35:51,31.83,200,
09:35:51,31.84,200,
09:35:51,31.84,100,
09:35:51,31.83,100,
09:35:51,31.839,1000,
09:35:52,31.847,125,
09:35:53,31.84,100,
09:35:53,31.84,300,
09:35:54,31.85,260,
09:35:55,31.85,100,
09:35:55,31.8501,100,
09:35:56,31.8599,300,
09:35:56,31.86,100,
09:35:56,31.87,299,
09:35:56,31.87,2300,
09:35:57,31.84,1800,
09:35:57,31.87,100,
09:35:58,31.87,200,
09:35:58,31.851,100,
09:35:59,31.869,100,
09:35:59,31.88,100,
09:36:00,31.878,559,
09:36:01,31.86,100,
09:36:01,31.8499,100,
09:36:02,31.839,200,
09:36:02,31.839,225,
09:36:02,31.84,100,
09:36:03,31.8468,300,
09:36:03,31.839,500,
09:36:04,31.8305,100,
09:36:04,31.837,1300,
09:36:04,31.8398,800,
09:36:05,31.85,200,
09:36:05,31.85,100,
09:36:05,31.85,100,
09:36:05,31.85,100,
09:36:05,31.85,100,
09:36:06,31.839,100,
09:36:07,31.82,100,
09:36:08,31.8095,100,
09:36:08,31.85,200,
09:36:08,31.809,300,
09:36:09,31.8072,500,
09:36:10,31.83,100,
09:36:12,31.8384,200,
09:36:15,31.8201,2400,
09:36:18,31.84,100,
09:36:19,31.831,100,
09:36:20,31.8248,2900,
09:36:21,31.83,100,
09:36:21,31.837,900,
09:36:21,31.83,200,
09:36:25,31.80,100,
09:36:25,31.79,100,
09:36:25,31.79,200,
09:36:25,31.7727,100,
09:36:25,31.7719,100,
09:36:25,31.7703,100,
09:36:25,31.771,600,
09:36:27,31.777,150,
09:36:27,31.75,1000,
09:36:28,31.7688,250,
09:36:28,31.74,2900,
09:36:30,31.75,200,
09:36:33,31.747,150,
09:36:34,31.7272,100,
09:36:34,31.7276,100,
09:36:34,31.73,100,
09:36:34,31.73,100,
09:36:34,31.73,100,
09:36:34,31.74,100,
09:36:34,31.75,100,
09:36:34,31.75,100,
09:36:35,31.75,100,
09:36:35,31.75,200,
09:36:35,31.7402,3860,
09:36:35,31.73,100,
09:36:35,31.73,300,
09:36:35,31.74,100,
09:36:36,31.729,300,
09:36:42,31.7632,270,
09:36:45,31.7328,400,
09:36:47,31.7315,100,
09:36:52,31.7399,500,
09:36:54,31.77,100,
09:36:55,31.77,200,
09:36:56,31.75,200,
09:36:59,31.762,100,
09:36:59,31.77,100,
09:36:59,31.79,100,
09:36:59,31.81,100,
09:37:01,31.84,100,
09:37:01,31.84,100,
09:37:01,31.84,200,
09:37:01,31.85,100,
09:37:01,31.85,100,
09:37:01,31.85,100,
09:37:04,31.8664,100,
09:37:04,31.8666,100,
09:37:07,31.83,200,
09:37:09,31.8572,800,
09:37:13,31.8801,183,
09:37:13,31.8898,5000,
09:37:13,31.89,900,
09:37:15,31.91,100,
09:37:16,31.92,100,
09:37:16,31.92,100,
09:37:16,31.93,3500,
09:37:18,31.9132,500,
09:37:19,31.92,300,
09:37:24,31.88,100,
09:37:24,31.88,100,
09:37:25,31.88,200,
09:37:26,31.89,1500,
09:37:26,31.88,310,
09:37:27,31.88,100,
09:37:27,31.88,100,
09:37:27,31.88,300,
09:37:30,31.889,100,
09:37:30,31.889,100,
09:37:31,31.91,2000,
09:37:32,31.889,200,
09:37:41,31.881,500,
09:37:41,31.87,100,
09:37:41,31.87,100,
09:37:42,31.86,13100,
09:37:42,31.88,100,
09:37:43,31.86,200,
09:37:46,31.85,100,
09:37:47,31.8588,250,
09:37:48,31.84,100,
09:37:50,31.839,300,
09:37:52,31.83,100,
09:37:52,31.83,100,
09:37:54,31.85,400,
09:37:56,31.82,1100,
09:37:56,31.82,300,
09:37:56,31.82,100,
09:38:00,31.89,3100,
09:38:08,31.8972,400,
09:38:09,31.8985,100,
09:38:09,31.94,300,
09:38:09,31.94,100,
09:38:10,31.95,600,
09:38:10,31.95,100,
09:38:14,31.95,100,
09:38:14,31.94,100,
09:38:15,31.93,100,
09:38:15,31.93,100,
09:38:18,31.9501,500,
09:38:18,31.9599,100,
09:38:19,31.96,100,
09:38:19,31.96,100,
09:38:19,31.959,1000,
09:38:19,31.96,300,
09:38:19,31.96,700,
09:38:19,31.97,200,
09:38:20,31.99,300,
09:38:20,31.98,100,
09:38:20,31.98,100,
09:38:20,31.98,100,
09:38:20,31.98,100,
09:38:20,32,100,
09:38:22,31.98,200,
09:38:22,32,750,
09:38:23,32,250,
09:38:23,31.9998,5000,
09:38:23,31.99,100,
09:38:23,32,500,
09:38:24,31.9972,500,
09:38:24,32,1100,
09:38:24,32,1250,
09:38:24,32,200,
09:38:24,32,1000,
09:38:24,32,614,
09:38:24,32,121,
09:38:24,32,1000,
09:38:24,31.98,100,
09:38:25,31.987,100,
09:38:25,31.9978,300,
09:38:25,31.98,300,
09:38:26,31.96,100,
09:38:28,31.96,200,
09:38:28,31.96,100,
09:38:28,31.96,100,
09:38:28,31.96,300,
09:38:28,31.96,200,
09:38:29,31.97,200,
09:38:29,31.98,3800,
09:38:30,31.98,100,
09:38:31,31.9884,500,
09:38:31,31.97,100,
09:38:33,31.98,100,
09:38:34,31.98,400,
09:38:34,31.9775,9600,
09:38:34,31.97,100,
09:38:34,31.979,700,
09:38:34,32,100,
09:38:35,31.97,100,
09:38:36,31.97,100,
09:38:36,31.9789,300,
09:38:36,31.97,100,
09:38:36,31.97,100,
09:38:36,31.97,100,
09:38:36,31.97,300,
09:38:36,31.96,100,
09:38:38,31.9599,200,
09:38:38,31.9599,300,
09:38:38,31.973,1000,
09:38:39,31.9598,300,
09:38:39,31.96,200,
09:38:40,31.9588,1000,
09:38:41,31.9588,400,
09:38:41,31.9705,500,
09:38:42,31.977,100,
09:38:44,31.97,100,
09:38:44,31.98,300,
09:38:44,31.98,100,
09:38:44,31.968,500,
09:38:46,31.94,100,
09:38:48,31.9188,1000,
09:38:49,31.9099,100,
09:38:50,31.9196,100,
09:38:50,31.9096,100,
09:38:50,31.91,100,
09:38:50,31.91,100,
09:38:50,31.92,200,
09:38:52,31.91,100,
09:38:52,31.91,500,
09:38:52,31.91,200,
09:38:52,31.90,800,
09:38:52,31.90,100,
09:38:52,31.93,1900,
09:38:53,31.8995,100,
09:38:55,31.9088,400,
09:38:55,31.89,200,
09:38:56,31.92,100,
09:38:57,31.929,100,
09:38:59,31.89,100,
09:38:59,31.89,100,
09:39:00,31.90,100,
09:39:00,31.93,100,
09:39:00,31.92,200,
09:39:01,31.909,400,
09:39:04,31.93,100,
09:39:05,31.96,100,
09:39:05,31.949,100,
09:39:07,31.9601,200,
09:39:09,31.96,100,
09:39:09,31.96,100,
09:39:14,31.9599,2000,
09:39:14,31.949,100,
09:39:16,31.949,100,
09:39:18,31.94,950,
09:39:18,31.94,100,
09:39:21,31.94,100,
09:39:21,31.94,100,
09:39:23,31.949,100,
09:39:23,31.93,600,
09:39:24,31.9188,1000,
09:39:25,31.929,200,
09:39:26,31.9091,100,
09:39:26,31.909,400,
09:39:26,31.90,200,
09:39:27,31.92,100,
09:39:27,31.92,100,
09:39:27,31.92,600,
09:39:29,31.899,200,
09:39:29,31.88,100,
09:39:29,31.88,200,
09:39:30,31.8848,1000,
09:39:30,31.89,200,
09:39:30,31.89,100,
09:39:32,31.888,500,
09:39:32,31.88,500,
09:39:32,31.88,700,
09:39:32,31.88,700,
09:39:33,31.86,100,
09:39:33,31.8572,1000,
09:39:36,31.85,900,
09:39:37,31.86,600,
09:39:37,31.86,290,
09:39:37,31.86,200,
09:39:37,31.86,100,
09:39:40,31.8492,100,
09:39:41,31.85,3900,
09:39:41,31.86,800,
09:39:42,31.88,100,
09:39:42,31.89,100,
09:39:42,31.89,200,
09:39:42,31.89,600,
09:39:42,31.88,100,
09:39:42,31.88,100,
09:39:42,31.88,100,
09:39:43,31.90,100,
09:39:44,31.9001,300,
09:39:46,31.91,600,
09:39:46,31.91,100,
09:39:46,31.91,100,
09:39:47,31.9081,100,
09:39:48,31.8902,1000,
09:39:48,31.89,500,
09:39:49,31.89,1000,
09:39:53,31.90,400,
09:39:53,31.91,100,
09:39:53,31.91,100,
09:39:53,31.91,300,
09:39:54,31.92,300,
09:39:54,31.92,436,
09:40:00,31.94,100,
09:40:00,31.94,100,
09:40:00,31.9169,313,
09:40:02,31.94,100,
09:40:02,31.94,200,
09:40:02,31.92,100,
09:40:04,31.91,200,
09:40:05,31.92,100,
09:40:08,31.93,100,
09:40:09,31.95,100,
09:40:09,31.9572,1500,
09:40:12,31.97,100,
09:40:12,31.97,200,
09:40:12,31.97,100,
09:40:12,31.9789,300,
09:40:13,31.9528,1500,
09:40:14,31.95,100,
09:40:14,31.94,100,
09:40:15,31.9399,400,
09:40:17,31.921,1000,
09:40:17,31.9199,400,
09:40:19,31.90,200,
09:40:19,31.90,100,
09:40:19,31.90,100,
09:40:19,31.90,100,
09:40:19,31.8901,100,
09:40:20,31.903,650,
09:40:20,31.91,100,
09:40:21,31.90,1000,
09:40:21,31.8832,500,
09:40:21,31.8935,100,
09:40:21,31.8946,200,
09:40:22,31.8968,1200,
09:40:23,31.8899,400,
09:40:23,31.8899,300,
09:40:23,31.89,100,
09:40:23,31.918,150,
09:40:26,31.87,200,
09:40:26,31.87,100,
09:40:26,31.8799,800,
09:40:29,31.84,100,
09:40:29,31.84,300,
09:40:29,31.84,100,
09:40:29,31.84,100,
09:40:29,31.84,300,
09:40:29,31.8399,200,
09:40:29,31.85,900,
09:40:29,31.84,400,
09:40:29,31.84,100,
09:40:31,31.8372,1000,
09:40:32,31.82,100,
09:40:32,31.82,100,
09:40:35,31.82,100,
09:40:35,31.811,100,
09:40:36,31.83,100,
09:40:36,31.82,100,
09:40:36,31.82,100,
09:40:36,31.82,100,
09:40:36,31.82,100,
09:40:36,31.8228,400,
09:40:38,31.8215,100,
09:40:38,31.81,300,
09:40:38,31.83,100,
09:40:38,31.8299,400,
09:40:39,31.83,100,
09:40:39,31.8372,300,
09:40:40,31.84,100,
09:40:40,31.8399,100,
09:40:41,31.833,1925,
09:40:42,31.83,100,
09:40:42,31.85,100,
09:40:42,31.85,100,
09:40:42,31.84,200,
09:40:42,31.85,200,
09:40:42,31.85,100,
09:40:42,31.85,100,
09:40:42,31.85,100,
09:40:42,31.85,1900,
09:40:42,31.85,600,
09:40:43,31.87,142,
09:40:43,31.85,100,
09:40:43,31.85,100,
09:40:43,31.85,100,
09:40:43,31.85,300,
09:40:43,31.85,100,
09:40:43,31.85,100,
09:40:45,31.85,100,
09:40:47,31.851,200,
09:40:49,31.82,100,
09:40:49,31.82,100,
09:40:49,31.82,300,
09:40:49,31.79,100,
09:40:49,31.79,300,
09:40:49,31.79,100,
09:40:49,31.78,100,
09:40:49,31.78,100,
09:40:49,31.79,400,
09:40:49,31.79,100,
09:40:49,31.78,200,
09:40:49,31.77,300,
09:40:49,31.77,200,
09:40:50,31.7714,1000,
09:40:53,31.78,100,
09:40:53,31.7732,100,
09:40:53,31.79,100,
09:40:54,31.79,100,
09:40:54,31.79,100,
09:40:54,31.79,100,
09:40:54,31.7899,200,
09:40:54,31.78,100,
09:40:54,31.78,100,
09:40:54,31.79,100,
09:40:54,31.79,100,
09:40:56,31.77,100,
09:40:56,31.76,400,
09:40:56,31.77,100,
09:40:57,31.78,100,
09:40:57,31.78,100,
09:40:57,31.78,400,
09:40:57,31.78,100,
09:40:59,31.78,100,
09:40:59,31.77,100,
09:40:59,31.7675,1250,
09:40:59,31.77,100,
09:40:59,31.78,100,
09:41:01,31.77,100,
09:41:01,31.76,100,
09:41:01,31.76,138,
09:41:01,31.76,200,
09:41:01,31.76,100,
09:41:01,31.76,100,
09:41:02,31.7599,400,
09:41:03,31.75,120,
09:41:03,31.75,180,
09:41:03,31.7499,300,
09:41:04,31.75,100,
09:41:04,31.75,100,
09:41:04,31.75,100,
09:41:04,31.7499,100,
09:41:07,31.7372,200,
09:41:08,31.7302,200,
09:41:08,31.731,700,
09:41:10,31.76,100,
09:41:10,31.7501,1000,
09:41:11,31.731,200,
09:41:12,31.7728,300,
09:41:13,31.77,400,
09:41:13,31.77,100,
09:41:13,31.77,100,
09:41:13,31.77,600,
09:41:13,31.76,300,
09:41:13,31.76,300,
09:41:13,31.76,100,
09:41:13,31.76,100,
09:41:13,31.76,300,
09:41:13,31.76,100,
09:41:13,31.76,100,
09:41:13,31.76,300,
09:41:13,31.76,300,
09:41:13,31.74,100,
09:41:13,31.73,100,
09:41:13,31.763,500,
09:41:14,31.72,100,
09:41:14,31.71,300,
09:41:14,31.70,100,
09:41:14,31.69,200,
09:41:15,31.70,100,
09:41:15,31.71,100,
09:41:18,31.70,200,
09:41:18,31.70,300,
09:41:18,31.70,364,
09:41:18,31.70,100,
09:41:18,31.70,100,
09:41:18,31.70,300,
09:41:18,31.70,100,
09:41:18,31.69,200,
09:41:18,31.69,100,
09:41:20,31.71,200,
09:41:20,31.71,100,
09:41:21,31.71,100,
09:41:21,31.71,100,
09:41:21,31.72,100,
09:41:21,31.73,100,
09:41:22,31.7298,3000,
09:41:23,31.7157,400,
09:41:24,31.71,100,
09:41:24,31.71,100,
09:41:24,31.71,300,
09:41:24,31.71,100,
09:41:24,31.71,100,
09:41:24,31.71,100,
09:41:24,31.71,600,
09:41:24,31.7194,100,
09:41:26,31.71,258,
09:41:26,31.71,800,
09:41:28,31.73,100,
09:41:28,31.73,100,
09:41:28,31.76,100,
09:41:28,31.76,200,
09:41:28,31.77,100,
09:41:28,31.75,200,
09:41:28,31.7405,970,
09:41:30,31.74,100,
09:41:30,31.74,100,
09:41:32,31.731,300,
09:41:33,31.76,100,
09:41:33,31.78,100,
09:41:33,31.79,400,
09:41:35,31.80,100,
09:41:35,31.753,200,
09:41:35,31.80,100,
09:41:35,31.79,100,
09:41:36,31.80,100,
09:41:36,31.80,200,
09:41:36,31.80,100,
09:41:36,31.80,100,
09:41:36,31.80,100,
09:41:36,31.78,100,
09:41:36,31.77,600,
09:41:36,31.77,600,
09:41:36,31.76,100,
09:41:36,31.76,100,
09:41:36,31.75,100,
09:41:36,31.76,100,
09:41:36,31.75,100,
09:41:36,31.76,200,
09:41:36,31.76,100,
09:41:36,31.75,100,
09:41:37,31.74,100,
09:41:37,31.74,100,
09:41:37,31.74,500,
09:41:37,31.74,200,
09:41:37,31.74,100,
09:41:37,31.74,300,
09:41:37,31.74,100,
09:41:37,31.73,200,
09:41:37,31.73,100,
09:41:37,31.73,100,
09:41:37,31.73,1200,
09:41:37,31.73,100,
09:41:37,31.73,100,
09:41:38,31.7216,300,
09:41:38,31.739,100,
09:41:39,31.73,100,
09:41:40,31.75,100,
09:41:41,31.74,100,
09:41:41,31.75,100,
09:41:41,31.75,100,
09:41:41,31.7572,1000,
09:41:42,31.7588,999,
09:41:43,31.74,100,
09:41:43,31.74,100,
09:41:45,31.7499,800,
09:41:47,31.76,100,
09:41:47,31.77,100,
09:41:47,31.77,100,
09:41:51,31.7922,150,
09:41:53,31.79,200,
09:41:53,31.79,100,
09:41:54,31.80,200,
09:41:55,31.7889,400,
09:41:55,31.81,100,
09:41:55,31.81,100,
09:41:59,31.84,100,
09:41:59,31.84,100,
09:41:59,31.85,100,
09:41:59,31.86,200,
09:41:59,31.86,100,
09:41:59,31.839,200,
09:41:59,31.839,100,
09:42:00,31.8626,100,
09:42:00,31.8626,200,
09:42:00,31.8626,100,
09:42:00,31.839,100,
09:42:00,31.85,100,
09:42:02,31.86,200,
09:42:03,31.87,100,
09:42:03,31.86,100,
09:42:05,31.8584,100,
09:42:05,31.841,5000,
09:42:06,31.8599,1300,
09:42:08,31.87,100,
09:42:08,31.84,100,
09:42:09,31.85,100,
09:42:09,31.85,100,
09:42:09,31.8499,400,
09:42:12,31.849,200,
09:42:14,31.8422,450,
09:42:14,31.843,300,
09:42:16,31.8484,100,
09:42:17,31.86,100,
09:42:22,31.85,200,
09:42:22,31.84,100,
09:42:22,31.84,300,
09:42:22,31.84,100,
09:42:22,31.8384,400,
09:42:24,31.8391,100,
09:42:24,31.839,300,
09:42:25,31.86,200,
09:42:25,31.87,100,
09:42:25,31.87,100,
09:42:27,31.84,100,
09:42:27,31.86,100,
09:42:27,31.855,200,
09:42:29,31.87,100,
09:42:30,31.88,100,
09:42:30,31.91,100,
09:42:30,31.91,100,
09:42:30,31.91,600,
09:42:30,31.9174,2800,
09:42:32,31.91,100,
09:42:32,31.91,200,
09:42:32,31.91,100,
09:42:32,31.90,2671,
09:42:33,31.90,100,
09:42:33,31.90,100,
09:42:35,31.893,100,
09:42:35,31.8984,120,
09:42:38,31.9028,200,
09:42:40,31.88,200,
09:42:40,31.88,100,
09:42:40,31.88,100,
09:42:40,31.89,100,
09:42:43,31.8799,800,
09:42:44,31.8699,200,
09:42:46,31.8685,100,
09:42:46,31.8684,250,
09:42:48,31.869,2000,
09:42:51,31.887,1000,
09:42:52,31.88,100,
09:42:52,31.88,600,
09:42:53,31.88,300,
09:42:54,31.88,100,
09:42:54,31.8701,3000,
09:42:54,31.88,100,
09:42:57,31.89,100,
09:42:57,31.90,300,
09:42:58,31.93,100,
09:42:58,31.93,100,
09:42:58,31.93,100,
09:42:59,31.93,200,
09:42:59,31.93,100,
09:43:00,31.93,100,
09:43:00,31.92,200,
09:43:01,31.93,100,
09:43:01,31.93,100,
09:43:01,31.93,300,
09:43:01,31.93,100,
09:43:01,31.93,700,
09:43:01,31.93,200,
09:43:02,31.95,500,
09:43:02,31.95,200,
09:43:02,31.96,100,
09:43:02,31.943,700,
09:43:04,31.95,100,
09:43:04,31.96,200,
09:43:04,31.97,300,
09:43:04,31.96,100,
09:43:04,31.96,600,
09:43:07,31.959,100,
09:43:10,31.96,2000,
09:43:10,31.96,200,
09:43:10,31.95,100,
09:43:12,31.97,1500,
09:43:12,31.97,1700,
09:43:12,31.95,100,
09:43:14,31.9599,400,
09:43:15,31.93,110,
09:43:15,31.93,100,
09:43:15,31.93,1500,
09:43:15,31.97,100,
09:43:16,31.969,100,
09:43:16,31.9693,100,
09:43:16,31.969,500,
09:43:16,31.969,500,
09:43:18,31.97,200,
09:43:18,31.97,3500,
09:43:18,31.97,100,
09:43:20,31.97,200,
09:43:20,31.97,100,
09:43:20,31.96,300,
09:43:20,31.96,100,
09:43:21,31.94,100,
09:43:21,31.95,100,
09:43:21,31.97,1000,
09:43:22,31.9481,100,
09:43:22,31.949,200,
09:43:24,31.949,500,
09:43:25,31.93,100,
09:43:25,31.9394,100,
09:43:25,31.94,100,
09:43:25,31.94,200,
09:43:25,31.94,100,
09:43:25,31.94,200,
09:43:26,31.94,100,
09:43:26,31.94,100,
09:43:26,31.93,9900,
09:43:27,31.929,100,
09:43:27,31.96,100,
09:43:28,31.97,200,
09:43:29,31.99,100,
09:43:29,31.99,300,
09:43:29,31.99,100,
09:43:29,31.99,290,
09:43:29,31.98,100,
09:43:29,31.97,100,
09:43:29,31.97,100,
09:43:29,31.96,100,
09:43:29,31.96,100,
09:43:29,31.94,100,
09:43:29,31.93,500,
09:43:29,31.93,100,
09:43:29,31.92,100,
09:43:29,31.92,100,
09:43:29,31.92,100,
09:43:29,31.92,100,
09:43:29,31.92,100,
09:43:29,31.92,100,
09:43:29,31.92,100,
09:43:29,31.93,100,
09:43:29,31.93,300,
09:43:29,31.93,400,
09:43:29,31.93,100,
09:43:29,31.93,200,
09:43:29,31.92,100,
09:43:29,31.98,200,
09:43:29,31.94,100,
09:43:29,31.92,100,
09:43:29,31.97,200,
09:43:29,31.92,100,
09:43:29,31.92,100,
09:43:29,31.92,100,
09:43:29,31.92,100,
09:43:29,31.91,300,
09:43:29,31.91,200,
09:43:29,31.91,100,
09:43:29,31.91,200,
09:43:29,31.91,100,
09:43:29,31.91,200,
09:43:29,31.91,100,
09:43:29,31.91,400,
09:43:29,31.91,100,
09:43:29,31.91,100,
09:43:29,31.91,100,
09:43:29,31.91,200,
09:43:29,31.91,100,
09:43:29,31.91,100,
09:43:29,31.92,100,
09:43:30,31.92,200,
09:43:30,31.93,300,
09:43:30,31.94,100,
09:43:33,31.91,100,
09:43:33,31.9172,200,
09:43:33,31.9184,100,
09:43:33,31.9197,100,
09:43:33,31.9185,100,
09:43:33,31.919,1500,
09:43:34,31.92,300,
09:43:34,31.93,100,
09:43:34,31.92,100,
09:43:35,31.9092,100,
09:43:35,31.90,100,
09:43:35,31.90,100,
09:43:35,31.88,600,
09:43:36,31.92,2200,
09:43:36,31.869,150,
09:43:36,31.86,200,
09:43:36,31.84,100,
09:43:36,31.84,200,
09:43:36,31.84,100,
09:43:38,31.86,100,
09:43:40,31.8828,100,
09:43:41,31.90,100,
09:43:41,31.89,100,
09:43:42,31.88,100,
09:43:42,31.88,100,
09:43:42,31.89,300,
09:43:42,31.893,900,
09:43:45,31.88,200,
09:43:47,31.91,100,
09:43:47,31.91,282,
09:43:48,31.92,100,
09:43:48,31.92,100,
09:43:48,31.92,100,
09:43:48,31.92,100,
09:43:51,31.921,200,
09:43:52,31.95,300,
09:43:53,31.96,6000,
09:43:53,31.96,100,
09:43:53,31.94,100,
09:43:53,31.94,100,
09:43:53,31.94,100,
09:43:57,31.96,200,
09:43:57,31.97,100,
09:43:57,31.97,100,
09:43:58,31.97,100,
09:44:00,31.9928,140,
09:44:03,32,250,
09:44:05,32,100,
09:44:05,32,225,
09:44:06,32.009,1083,
09:44:08,32.0172,500,
09:44:09,32.02,200,
09:44:09,32.02,100,
09:44:09,32.02,100,
09:44:09,32,800,
09:44:10,32.01,100,
09:44:10,32.0002,2000,
09:44:11,32,100,
09:44:11,31.99,100,
09:44:11,32,100,
09:44:11,31.98,100,
09:44:11,31.97,100,
09:44:11,31.97,100,
09:44:11,31.97,100,
09:44:11,31.96,100,
09:44:11,31.97,100,
09:44:13,31.9695,385,
09:44:18,31.93,100,
09:44:18,31.92,1900,
09:44:20,31.93,100,
09:44:20,31.94,100,
09:44:20,31.94,100,
09:44:21,31.92,100,
09:44:22,31.92,100,
09:44:22,31.9199,200,
09:44:26,31.90,100,
09:44:28,31.91,1500,
09:44:29,31.89,100,
09:44:29,31.89,600,
09:44:30,31.89,100,
09:44:32,31.90,400,
09:44:32,31.91,100,
09:44:32,31.9128,1000,
09:44:36,31.917,550,
09:44:36,31.92,100,
09:44:36,31.94,600,
09:44:37,31.95,100,
09:44:37,31.95,100,
09:44:37,31.96,200,
09:44:37,31.96,100,
09:44:37,31.95,100,
09:44:37,31.95,100,
09:44:37,31.95,100,
09:44:37,31.95,100,
09:44:40,31.96,100,
09:44:41,31.98,100,
09:44:42,31.971,355,
09:44:42,31.97,100,
09:44:42,31.97,100,
09:44:43,31.98,100,
09:44:43,31.98,100,
09:44:44,31.99,100,
09:44:44,31.99,300,
09:44:44,31.99,600,
09:44:46,31.99,200,
09:44:48,31.993,1000,
09:44:49,32,100,
09:44:49,31.99,100,
09:44:49,31.99,100,
09:44:49,32,100,
09:44:49,32,100,
09:44:49,31.99,100,
09:44:49,31.99,600,
09:44:49,32,250,
09:44:49,31.99,100,
09:44:49,31.99,600,
09:44:49,31.9872,1900,
09:44:50,31.98,100,
09:44:50,31.98,100,
09:44:50,31.98,100,
09:44:50,31.98,100,
09:44:50,31.98,100,
09:44:50,31.98,100,
09:44:50,31.97,100,
09:44:50,31.97,100,
09:44:50,31.97,100,
09:44:50,31.97,200,
09:44:50,31.97,300,
09:44:50,31.96,300,
09:44:50,31.96,200,
09:44:51,31.96,100,
09:44:51,31.96,100,
09:44:52,31.9599,300,
09:44:52,31.96,100,
09:44:52,31.9599,200,
09:44:54,31.95,100,
09:44:55,31.93,1500,
09:45:00,31.9363,100,
09:45:00,31.9364,100,
09:45:00,31.94,100,
09:45:00,31.94,100,
09:45:00,31.9364,100,
09:45:00,31.9399,100,
09:45:02,31.9399,2200,
09:45:02,31.95,100,
09:45:04,31.97,100,
09:45:04,31.97,200,
09:45:04,31.98,100,
09:45:04,31.97,600,
09:45:05,31.98,100,
09:45:05,31.98,200,
09:45:05,31.98,100,
09:45:05,31.98,100,
09:45:05,31.96,100,
09:45:05,31.96,100,
09:45:05,31.97,100,
09:45:06,31.98,100,
09:45:07,32,100,
09:45:08,32.02,200,
09:45:08,32.02,100,
09:45:10,32.0202,3000,
09:45:11,32.03,300,
09:45:11,32.03,100,
09:45:11,32.03,100,
09:45:11,32.03,100,
09:45:11,32.03,100,
09:45:12,32.01,100,
09:45:12,31.99,100,
09:45:12,32.02,100,
09:45:12,32.01,100,
09:45:12,32.01,100,
09:45:12,32.01,100,
09:45:12,32,100,
09:45:12,32,100,
09:45:12,32,100,
09:45:12,32,100,
09:45:12,32,500,
09:45:12,31.98,100,
09:45:12,31.99,100,
09:45:12,31.99,300,
09:45:12,31.98,200,
09:45:12,31.99,300,
09:45:12,32.01,100,
09:45:12,32.01,100,
09:45:12,31.98,100,
09:45:13,31.99,100,
09:45:13,31.99,100,
09:45:13,31.9984,200,
09:45:15,31.999,200,
09:45:16,31.9972,1400,
09:45:16,31.999,100,
09:45:16,31.9999,400,
09:45:16,32,100,
09:45:16,32,300,
09:45:17,32.02,100,
09:45:19,32.02,300,
09:45:19,32.02,600,
09:45:21,32.0381,100,
09:45:21,32.039,300,
09:45:24,32.02,100,
09:45:24,32.04,100,
09:45:26,32.0272,100,
09:45:27,32.04,300,
09:45:27,32.05,200,
09:45:28,32.05,100,
09:45:28,32.06,100,
09:45:29,32.07,400,
09:45:30,32.041,1000,
09:45:30,32.06,200,
09:45:31,32.07,200,
09:45:31,32.07,100,
09:45:31,32.07,300,
09:45:31,32.07,600,
09:45:31,32.07,100,
09:45:31,32.07,1000,
09:45:31,32.069,200,
09:45:32,32.04,100,
09:45:32,32.04,100,
09:45:32,32.05,100,
09:45:32,32.05,100,
09:45:32,32.05,200,
09:45:32,32.06,100,
09:45:32,32.06,100,
09:45:32,32.06,100,
09:45:32,32.07,200,
09:45:32,32.07,100,
09:45:34,32.06,100,
09:45:34,32.039,500,
09:45:35,32.0295,300,
09:45:36,32.03,200,
09:45:37,32.02,500,
09:45:38,32.01,100,
09:45:38,32.01,100,
09:45:38,32.01,200,
09:45:38,32.01,100,
09:45:40,32.01,200,
09:45:43,32.049,600,
09:45:43,32.049,400,
09:45:43,32.04,116,
09:45:43,32.04,200,
09:45:44,32.05,200,
09:45:44,32.06,100,
09:45:44,32.06,200,
09:45:45,32.07,100,
09:45:45,32.07,200,
09:45:45,32.07,216,
09:45:45,32.07,100,
09:45:46,32.08,1000,
09:45:46,32.08,100,
09:45:46,32.08,100,
09:45:46,32.0799,200,
09:45:46,32.08,250,
09:45:47,32.07,100,
09:45:49,32.077,1000,
09:45:51,32.08,100,
09:45:51,32.08,100,
09:45:51,32.08,100,
09:45:52,32.087,3000,
09:45:52,32.06,100,
09:45:54,32.05,1500,
09:45:55,32.08,100,
09:45:56,32.07,100,
09:45:57,32.05,100,
09:45:58,32.04,561,
09:45:58,32.04,100,
09:45:58,32.02,100,
09:45:58,32.02,100,
09:45:59,32.02,100,
09:46:00,32.03,100,
09:46:00,32.04,100,
09:46:00,32.029,200,
09:46:00,32.049,500,
09:46:01,32.029,100,
09:46:01,32.029,200,
09:46:02,32.0484,200,
09:46:02,32.05,100,
09:46:04,32.04,100,
09:46:04,32.06,100,
09:46:05,32.0672,200,
09:46:06,32.069,100,
09:46:06,32.0601,100,
09:46:06,32.07,200,
09:46:06,32.07,100,
09:46:07,32.059,100,
09:46:07,32.07,1260,
09:46:08,32.07,100,
09:46:10,32.0799,1000,
09:46:12,32.08,100,
09:46:12,32.08,100,
09:46:13,32.0882,100,
09:46:13,32.089,100,
09:46:14,32.089,230,
09:46:14,32.08,100,
09:46:15,32.0872,300,
09:46:16,32.09,300,
09:46:16,32.10,2000,
09:46:17,32.099,100,
09:46:19,32.10,300,
09:46:20,32.0914,1000,
09:46:21,32.10,100,
09:46:22,32.109,300,
09:46:22,32.109,300,
09:46:22,32.12,100,
09:46:22,32.13,1500,
09:46:22,32.12,500,
09:46:24,32.14,100,
09:46:24,32.14,100,
09:46:24,32.1372,1000,
09:46:24,32.14,100,
09:46:24,32.14,100,
09:46:24,32.14,100,
09:46:27,32.149,100,
09:46:28,32.15,100,
09:46:28,32.1572,200,
09:46:29,32.16,100,
09:46:29,32.17,100,
09:46:29,32.17,300,
09:46:29,32.17,300,
09:46:29,32.17,234,
09:46:29,32.18,105,
09:46:29,32.18,100,
09:46:29,32.18,200,
09:46:30,32.18,100,
09:46:30,32.17,100,
09:46:30,32.1789,100,
09:46:30,32.179,900,
09:46:30,32.18,300,
09:46:30,32.18,100,
09:46:30,32.1827,200,
09:46:31,32.189,1061,
09:46:31,32.18,1061,
09:46:31,32.15,200,
09:46:31,32.179,300,
09:46:32,32.18,366,
09:46:32,32.18,200,
09:46:32,32.179,100,
09:46:32,32.19,100,
09:46:33,32.179,200,
09:46:33,32.17,100,
09:46:33,32.179,1200,
09:46:33,32.18,100,
09:46:34,32.18,2000,
09:46:36,32.18,100,
09:46:36,32.19,100,
09:46:36,32.19,300,
09:46:36,32.19,600,
09:46:36,32.19,600,
09:46:36,32.19,274,
09:46:36,32.18,100,
09:46:36,32.18,100,
09:46:36,32.17,100,
09:46:36,32.16,100,
09:46:36,32.159,100,
09:46:37,32.159,700,
09:46:37,32.159,600,
09:46:37,32.16,100,
09:46:37,32.16,100,
09:46:37,32.20,1900,
09:46:38,32.16,400,
09:46:38,32.16,300,
09:46:38,32.16,216,
09:46:38,32.20,1800,
09:46:38,32.13,100,
09:46:38,32.13,300,
09:46:38,32.13,100,
09:46:38,32.13,300,
09:46:38,32.14,100,
09:46:38,32.14,100,
09:46:39,32.14,100,
09:46:39,32.1401,400,
09:46:39,32.13,100,
09:46:39,32.13,100,
09:46:39,32.129,600,
09:46:39,32.14,100,
09:46:39,32.129,700,
09:46:39,32.149,1900,
09:46:40,32.14,100,
09:46:41,32.1452,100,
09:46:41,32.13,100,
09:46:41,32.13,300,
09:46:41,32.13,100,
09:46:41,32.13,100,
09:46:41,32.13,100,
09:46:41,32.13,100,
09:46:41,32.13,100,
09:46:41,32.13,100,
09:46:41,32.13,100,
09:46:41,32.12,100,
09:46:41,32.12,100,
09:46:41,32.12,150,
09:46:41,32.12,150,
09:46:41,32.12,150,
09:46:41,32.11,300,
09:46:41,32.13,100,
09:46:41,32.13,100,
09:46:41,32.13,100,
09:46:42,32.13,100,
09:46:42,32.1295,100,
09:46:42,32.13,100,
09:46:42,32.1248,3300,
09:46:44,32.13,100,
09:46:45,32.1285,100,
09:46:45,32.1398,100,
09:46:45,32.1398,100,
09:46:46,32.1299,600,
09:46:47,32.12,300,
09:46:47,32.137,250,
09:46:47,32.121,500,
09:46:47,32.121,400,
09:46:47,32.12,500,
09:46:49,32.13,800,
09:46:51,32.13,100,
09:46:53,32.15,100,
09:46:53,32.159,500,
09:46:53,32.1699,100,
09:46:53,32.169,1300,
09:46:54,32.169,100,
09:46:54,32.169,600,
09:46:54,32.18,100,
09:46:54,32.16,1200,
09:46:54,32.18,100,
09:46:54,32.19,100,
09:46:54,32.18,100,
09:46:55,32.18,100,
09:46:55,32.18,100,
09:46:55,32.17,100,
09:46:55,32.17,100,
09:46:55,32.17,600,
09:46:56,32.18,100,
09:46:56,32.19,300,
09:46:56,32.18,100,
09:46:59,32.18,100,
09:46:59,32.17,1900,
09:47:00,32.1774,400,
09:47:01,32.17,100,
09:47:03,32.1584,200,
09:47:04,32.1444,1000,
09:47:06,32.131,2000,
09:47:07,32.15,100,
09:47:07,32.15,100,
09:47:07,32.16,100,
09:47:07,32.15,300,
09:47:08,32.15,192,
09:47:09,32.16,100,
09:47:09,32.1584,500,
09:47:10,32.1501,1000,
09:47:12,32.1672,1000,
09:47:12,32.1575,100,
09:47:12,32.159,200,
09:47:13,32.15,108,
09:47:14,32.16,100,
09:47:14,32.17,100,
09:47:14,32.16,100,
09:47:14,32.17,300,
09:47:14,32.179,258,
09:47:14,32.179,300,
09:47:15,32.18,2200,
09:47:16,32.178,531,
09:47:17,32.17,100,
09:47:17,32.17,100,
09:47:18,32.1799,1400,
09:47:18,32.17,600,
09:47:18,32.16,200,
09:47:18,32.16,267,
09:47:18,32.16,190,
09:47:19,32.16,190,
09:47:19,32.15,200,
09:47:20,32.16,100,
09:47:20,32.15,100,
09:47:20,32.163,300,
09:47:23,32.1601,2000,
09:47:23,32.17,300,
09:47:23,32.1783,100,
09:47:23,32.179,700,
09:47:23,32.17,100,
09:47:24,32.17,200,
09:47:24,32.18,100,
09:47:24,32.18,1000,
09:47:26,32.18,5000,
09:47:26,32.16,200,
09:47:26,32.16,300,
09:47:28,32.13,100,
09:47:28,32.13,100,
09:47:28,32.15,200,
09:47:29,32.13,100,
09:47:31,32.13,100,
09:47:31,32.13,200,
09:47:32,32.11,100,
09:47:32,32.11,200,
09:47:32,32.10,100,
09:47:32,32.11,100,
09:47:33,32.11,1000,
09:47:34,32.109,200,
09:47:34,32.1115,1000,
09:47:34,32.11,100,
09:47:37,32.10,100,
09:47:37,32.1028,200,
09:47:37,32.11,100,
09:47:38,32.129,800,
09:47:38,32.129,900,
09:47:39,32.13,100,
09:47:39,32.14,100,
09:47:39,32.1372,300,
09:47:39,32.14,300,
09:47:39,32.13,2500,
09:47:41,32.17,100,
09:47:42,32.17,100,
09:47:43,32.16,300,
09:47:45,32.1712,1180,
09:47:47,32.1777,100,
09:47:47,32.179,100,
09:47:47,32.17,100,
09:47:48,32.16,100,
09:47:49,32.159,100,
09:47:49,32.18,300,
09:47:49,32.20,100,
09:47:49,32.20,200,
09:47:49,32.20,200,
09:47:50,32.157,100,
09:47:50,32.19,200,
09:47:50,32.19,100,
09:47:50,32.19,100,
09:47:50,32.19,100,
09:47:50,32.18,100,
09:47:50,32.16,300,
09:47:52,32.16,100,
09:47:52,32.16,100,
09:47:52,32.16,200,
09:47:52,32.16,100,
09:47:52,32.16,100,
09:47:53,32.17,100,
09:47:53,32.18,155,
09:47:53,32.19,100,
09:47:53,32.19,300,
09:47:54,32.22,100,
09:47:55,32.22,100,
09:47:55,32.24,100,
09:47:55,32.24,100,
09:47:55,32.25,100,
09:47:55,32.24,100,
09:47:55,32.26,100,
09:47:55,32.26,100,
09:47:55,32.27,100,
09:47:55,32.27,300,
09:47:55,32.27,100,
09:47:55,32.27,608,
09:47:55,32.27,100,
09:47:55,32.27,700,
09:47:55,32.27,1400,
09:47:55,32.27,200,
09:47:55,32.28,100,
09:47:56,32.30,100,
09:47:56,32.30,200,
09:47:56,32.30,200,
09:47:56,32.31,100,
09:47:56,32.30,200,
09:47:57,32.29,100,
09:47:57,32.30,100,
09:47:57,32.30,100,
09:47:57,32.31,100,
09:47:57,32.31,100,
09:47:57,32.31,100,
09:47:57,32.31,200,
09:47:57,32.31,100,
09:47:57,32.3005,100,
09:47:57,32.32,100,
09:47:57,32.29,100,
09:47:58,32.29,100,
09:47:59,32.26,100,
09:47:59,32.26,100,
09:47:59,32.26,100,
09:48:00,32.269,1500,
09:48:02,32.2798,4000,
09:48:02,32.28,100,
09:48:02,32.28,300,
09:48:02,32.28,100,
09:48:03,32.28,600,
09:48:03,32.28,100,
09:48:03,32.28,100,
09:48:03,32.28,390,
09:48:03,32.279,1000,
09:48:04,32.28,100,
09:48:05,32.30,100,
09:48:05,32.31,200,
09:48:06,32.31,100,
09:48:06,32.31,100,
09:48:06,32.31,100,
09:48:06,32.31,100,
09:48:06,32.32,100,
09:48:06,32.32,700,
09:48:06,32.32,100,
09:48:06,32.32,300,
09:48:06,32.32,100,
09:48:06,32.34,100,
09:48:06,32.34,600,
09:48:06,32.34,100,
09:48:06,32.34,159,
09:48:07,32.34,100,
09:48:07,32.34,600,
09:48:07,32.34,100,
09:48:07,32.34,600,
09:48:07,32.35,13100,
09:48:07,32.34,200,
09:48:07,32.34,600,
09:48:07,32.32,100,
09:48:07,32.33,100,
09:48:07,32.32,100,
09:48:07,32.3154,100,
09:48:07,32.32,100,
09:48:07,32.33,100,
09:48:07,32.33,200,
09:48:07,32.33,100,
09:48:07,32.33,200,
09:48:07,32.34,300,
09:48:07,32.34,100,
09:48:07,32.34,100,
09:48:08,32.33,100,
09:48:08,32.33,100,
09:48:08,32.33,100,
09:48:09,32.34,100,
09:48:09,32.33,100,
09:48:09,32.33,100,
09:48:09,32.33,100,
09:48:10,32.343,1000,
09:48:10,32.33,100,
09:48:10,32.329,100,
09:48:11,32.32,100,
09:48:11,32.33,100,
09:48:11,32.337,200,
09:48:13,32.31,100,
09:48:13,32.31,300,
09:48:14,32.3099,200,
09:48:14,32.31,100,
09:48:14,32.31,100,
09:48:14,32.3099,700,
09:48:14,32.31,100,
09:48:15,32.30,1000,
09:48:16,32.31,100,
09:48:16,32.30,100,
09:48:16,32.30,100,
09:48:16,32.30,400,
09:48:16,32.31,759,
09:48:16,32.2999,100,
09:48:16,32.2993,100,
09:48:16,32.30,200,
09:48:16,32.30,100,
09:48:16,32.31,100,
09:48:16,32.31,100,
09:48:16,32.31,400,
09:48:16,32.31,600,
09:48:16,32.31,400,
09:48:17,32.309,1200,
09:48:17,32.29,200,
09:48:18,32.29,100,
09:48:21,32.2895,1500,
09:48:21,32.29,100,
09:48:22,32.2884,200,
09:48:23,32.29,100,
09:48:23,32.29,100,
09:48:23,32.29,100,
09:48:23,32.29,100,
09:48:23,32.30,300,
09:48:23,32.29,100,
09:48:24,32.29,200,
09:48:24,32.27,100,
09:48:25,32.287,700,
09:48:26,32.2732,100,
09:48:26,32.27,100,
09:48:26,32.27,100,
09:48:26,32.27,100,
09:48:26,32.27,100,
09:48:27,32.28,100,
09:48:27,32.28,100,
09:48:28,32.25,100,
09:48:28,32.2599,800,
09:48:29,32.27,200,
09:48:29,32.27,300,
09:48:30,32.2708,100,
09:48:31,32.261,3100,
09:48:33,32.30,200,
09:48:33,32.29,100,
09:48:34,32.31,100,
09:48:34,32.31,600,
09:48:34,32.31,100,
09:48:34,32.31,2000,
09:48:35,32.301,1000,
09:48:36,32.31,100,
09:48:36,32.30,2000,
09:48:37,32.30,100,
09:48:38,32.29,425,
09:48:38,32.29,100,
09:48:41,32.29,100,
09:48:41,32.30,100,
09:48:41,32.29,100,
09:48:41,32.30,100,
09:48:42,32.30,1000,
09:48:42,32.31,100,
09:48:42,32.30,300,
09:48:42,32.32,100,
09:48:42,32.32,100,
09:48:42,32.32,100,
09:48:42,32.3099,300,
09:48:43,32.3143,300,
09:48:43,32.3143,100,
09:48:43,32.30,100,
09:48:43,32.30,100,
09:48:43,32.289,800,
09:48:43,32.3001,210,
09:48:44,32.3072,300,
09:48:44,32.32,100,
09:48:44,32.33,100,
09:48:44,32.32,100,
09:48:44,32.32,100,
09:48:44,32.32,100,
09:48:44,32.32,100,
09:48:45,32.3288,200,
09:48:45,32.3085,100,
09:48:45,32.32,100,
09:48:45,32.32,100,
09:48:46,32.31,100,
09:48:47,32.33,600,
09:48:47,32.34,200,
09:48:47,32.3312,700,
09:48:48,32.33,100,
09:48:49,32.339,100,
09:48:49,32.31,100,
09:48:49,32.31,100,
09:48:50,32.30,100,
09:48:50,32.30,100,
09:48:50,32.30,100,
09:48:50,32.30,100,
09:48:50,32.2988,100,
09:48:50,32.30,100,
09:48:50,32.2999,400,
09:48:50,32.30,100,
09:48:51,32.30,100,
09:48:51,32.29,600,
09:48:51,32.28,100,
09:48:51,32.29,100,
09:48:52,32.2732,200,
09:48:55,32.288,150,
09:48:55,32.27,100,
09:48:55,32.27,200,
09:48:55,32.27,300,
09:48:56,32.2799,200,
09:48:56,32.28,100,
09:48:58,32.28,100,
09:48:59,32.26,100,
09:49:00,32.2516,200,
09:49:01,32.28,100,
09:49:02,32.2628,1500,
09:49:02,32.269,100,
09:49:03,32.263,1000,
09:49:04,32.26,100,
09:49:06,32.29,100,
09:49:07,32.32,100,
09:49:07,32.33,100,
09:49:07,32.33,100,
09:49:08,32.32,100,
09:49:09,32.33,100,
09:49:09,32.33,200,
09:49:09,32.31,100,
09:49:09,32.31,100,
09:49:09,32.32,460,
09:49:09,32.32,100,
09:49:11,32.33,300,
09:49:11,32.32,100,
09:49:11,32.32,100,
09:49:11,32.32,100,
09:49:11,32.32,100,
09:49:11,32.32,100,
09:49:12,32.31,100,
09:49:12,32.30,100,
09:49:12,32.30,100,
09:49:12,32.30,200,
09:49:12,32.29,100,
09:49:12,32.29,300,
09:49:12,32.29,100,
09:49:12,32.30,100,
09:49:12,32.30,190,
09:49:12,32.30,100,
09:49:13,32.31,100,
09:49:14,32.3072,100,
09:49:14,32.3077,100,
09:49:14,32.309,400,
09:49:15,32.307,500,
09:49:19,32.26,100,
09:49:20,32.2528,600,
09:49:20,32.259,200,
09:49:20,32.25,1000,
09:49:20,32.25,150,
09:49:20,32.24,100,
09:49:21,32.2522,300,
09:49:21,32.26,100,
09:49:22,32.26,100,
09:49:22,32.25,100,
09:49:22,32.2502,3000,
09:49:23,32.253,100,
09:49:26,32.24,100,
09:49:26,32.24,100,
09:49:27,32.2214,1900,
09:49:28,32.22,100,
09:49:28,32.21,100,
09:49:29,32.20,592,
09:49:29,32.19,100,
09:49:29,32.19,100,
09:49:29,32.1952,2000,
09:49:29,32.222,1000,
09:49:29,32.2088,300,
09:49:31,32.191,1000,
09:49:32,32.20,100,
09:49:32,32.2172,400,
09:49:33,32.22,100,
09:49:33,32.2277,100,
09:49:33,32.2279,100,
09:49:33,32.2297,100,
09:49:33,32.229,1500,
09:49:33,32.229,1600,
09:49:33,32.2201,1000,
09:49:35,32.2206,1000,
09:49:35,32.24,100,
09:49:35,32.24,239,
09:49:35,32.24,100,
09:49:35,32.24,100,
09:49:35,32.23,100,
09:49:35,32.23,100,
09:49:35,32.2278,300,
09:49:36,32.227,300,
09:49:39,32.2583,100,
09:49:39,32.2596,100,
09:49:39,32.259,700,
09:49:39,32.259,700,
09:49:40,32.251,400,
09:49:40,32.25,100,
09:49:40,32.26,100,
09:49:40,32.26,100,
09:49:40,32.26,200,
09:49:40,32.26,300,
09:49:42,32.2572,1000,
09:49:42,32.25,300,
09:49:42,32.25,2000,
09:49:42,32.25,100,
09:49:43,32.2487,100,
09:49:43,32.2488,100,
09:49:43,32.249,1300,
09:49:43,32.25,100,
09:49:44,32.2578,300,
09:49:45,32.249,1200,
09:49:46,32.241,300,
09:49:47,32.24,100,
09:49:48,32.253,405,
09:49:49,32.249,135,
09:49:49,32.2416,200,
09:49:56,32.22,100,
09:49:56,32.21,600,
09:49:57,32.211,1000,
09:49:57,32.21,300,
09:49:57,32.21,100,
09:49:58,32.20,300,
09:49:59,32.20,160,
09:49:59,32.19,100,
09:49:59,32.19,100,
09:49:59,32.18,200,
09:49:59,32.18,200,
09:49:59,32.18,100,
09:50:00,32.213,200,
09:50:00,32.18,1000,
09:50:00,32.18,500,
09:50:00,32.18,100,
09:50:00,32.18,100,
09:50:00,32.17,200,
09:50:00,32.17,300,
09:50:00,32.17,100,
09:50:00,32.16,200,
09:50:01,32.15,100,
09:50:01,32.17,100,
09:50:01,32.17,100,
09:50:01,32.17,100,
09:50:01,32.17,100,
09:50:01,32.17,200,
09:50:03,32.1801,300,
09:50:04,32.18,100,
09:50:04,32.17,200,
09:50:05,32.19,100,
09:50:06,32.18,400,
09:50:07,32.20,100,
09:50:08,32.21,100,
09:50:08,32.21,100,
09:50:08,32.21,100,
09:50:08,32.21,300,
09:50:09,32.183,300,
09:50:09,32.21,100,
09:50:09,32.21,400,
09:50:10,32.21,100,
09:50:13,32.21,4900,
09:50:14,32.20,100,
09:50:15,32.21,100,
09:50:15,32.2099,300,
09:50:15,32.22,100,
09:50:15,32.22,600,
09:50:16,32.23,100,
09:50:17,32.22,100,
09:50:17,32.2191,100,
09:50:18,32.219,100,
09:50:18,32.22,100,
09:50:18,32.23,100,
09:50:18,32.23,100,
09:50:19,32.2199,100,
09:50:19,32.219,700,
09:50:19,32.24,100,
09:50:19,32.24,100,
09:50:19,32.24,100,
09:50:19,32.24,100,
09:50:19,32.24,100,
09:50:19,32.24,100,
09:50:19,32.24,100,
09:50:19,32.24,100,
09:50:19,32.24,100,
09:50:20,32.24,100,
09:50:20,32.24,300,
09:50:20,32.23,100,
09:50:20,32.23,100,
09:50:20,32.23,300,
09:50:20,32.22,100,
09:50:20,32.23,100,
09:50:20,32.23,300,
09:50:20,32.23,200,
09:50:21,32.26,100,
09:50:24,32.30,100,
09:50:24,32.30,100,
09:50:24,32.30,100,
09:50:24,32.30,300,
09:50:25,32.2828,170,
09:50:26,32.30,100,
09:50:27,32.29,100,
09:50:27,32.29,100,
09:50:27,32.29,100,
09:50:27,32.29,100,
09:50:29,32.28,100,
09:50:30,32.281,300,
09:50:33,32.25,100,
09:50:33,32.25,300,
09:50:33,32.25,100,
09:50:37,32.25,100,
09:50:38,32.25,100,
09:50:38,32.25,100,
09:50:41,32.27,100,
09:50:41,32.29,100,
09:50:41,32.29,100,
09:50:42,32.31,400,
09:50:42,32.31,100,
09:50:43,32.319,500,
09:50:43,32.31,100,
09:50:43,32.31,100,
09:50:43,32.31,100,
09:50:43,32.31,200,
09:50:43,32.31,100,
09:50:44,32.32,100,
09:50:44,32.3101,200,
09:50:44,32.34,200,
09:50:44,32.34,300,
09:50:44,32.34,200,
09:50:44,32.34,100,
09:50:44,32.35,100,
09:50:44,32.36,300,
09:50:44,32.36,300,
09:50:44,32.37,100,
09:50:44,32.37,499,
09:50:44,32.37,100,
09:50:44,32.37,100,
09:50:44,32.37,100,
09:50:44,32.3795,100,
09:50:44,32.3798,100,
09:50:44,32.3796,100,
09:50:44,32.379,150,
09:50:44,32.379,800,
09:50:45,32.38,200,
09:50:45,32.3999,100,
09:50:45,32.3916,200,
09:50:46,32.38,450,
09:50:46,32.397,200,
09:50:47,32.38,100,
09:50:48,32.39,200,
09:50:48,32.39,5000,
09:50:48,32.39,190,
09:50:49,32.399,1700,
09:50:50,32.3799,1400,
09:50:50,32.37,150,
09:50:50,32.38,100,
09:50:50,32.37,100,
09:50:51,32.38,100,
09:50:51,32.39,100,
09:50:51,32.39,300,
09:50:51,32.39,500,
09:50:51,32.39,100,
09:50:51,32.40,199,
09:50:51,32.39,400,
09:50:51,32.39,100,
09:50:51,32.39,300,
09:50:52,32.40,101,
09:50:52,32.40,300,
09:50:52,32.40,400,
09:50:52,32.3999,400,
09:50:52,32.379,500,
09:50:53,32.39,100,
09:50:54,32.3901,100,
09:50:54,32.40,100,
09:50:54,32.399,1000,
09:50:55,32.39,100,
09:50:55,32.3915,100,
09:50:55,32.38,100,
09:50:55,32.37,100,
09:50:55,32.37,300,
09:50:56,32.3872,1000,
09:50:57,32.3885,100,
09:50:58,32.38,100,
09:50:58,32.38,100,
09:50:58,32.38,100,
09:50:59,32.38,100,
09:50:59,32.39,300,
09:50:59,32.39,100,
09:50:59,32.40,100,
09:50:59,32.39,100,
09:51:00,32.397,700,
09:51:01,32.3815,100,
09:51:04,32.39,100,
09:51:05,32.37,100,
09:51:05,32.36,100,
09:51:05,32.36,1000,
09:51:05,32.36,300,
09:51:06,32.3392,100,
09:51:06,32.3392,100,
09:51:06,32.3301,100,
09:51:06,32.34,100,
09:51:06,32.35,100,
09:51:07,32.36,300,
09:51:08,32.3401,100,
09:51:08,32.3401,100,
09:51:08,32.35,100,
09:51:08,32.35,100,
09:51:09,32.3401,3500,
09:51:11,32.33,200,
09:51:12,32.3201,700,
09:51:13,32.32,600,
09:51:13,32.32,100,
09:51:13,32.33,600,
09:51:13,32.33,100,
09:51:14,32.3101,2000,
09:51:15,32.3172,1800,
09:51:15,32.31,500,
09:51:15,32.30,1100,
09:51:16,32.29,100,
09:51:16,32.30,100,
09:51:17,32.31,100,
09:51:17,32.31,300,
09:51:17,32.31,100,
09:51:17,32.31,100,
09:51:17,32.31,200,
09:51:18,32.32,100,
09:51:18,32.30,100,
09:51:18,32.30,100,
09:51:18,32.30,300,
09:51:18,32.30,100,
09:51:18,32.30,1600,
09:51:19,32.31,100,
09:51:19,32.31,100,
09:51:19,32.31,100,
09:51:19,32.31,100,
09:51:19,32.31,100,
09:51:20,32.3114,1000,
09:51:21,32.3144,1500,
09:51:22,32.2899,1200,
09:51:22,32.30,100,
09:51:24,32.292,300,
09:51:25,32.31,100,
09:51:25,32.30,200,
09:51:27,32.28,100,
09:51:28,32.23,100,
09:51:28,32.25,100,
09:51:28,32.23,100,
09:51:28,32.2124,3000,
09:51:28,32.22,100,
09:51:30,32.22,1200,
09:51:30,32.213,1000,
09:51:30,32.229,2000,
09:51:30,32.23,100,
09:51:30,32.23,400,
09:51:31,32.2316,100,
09:51:33,32.22,100,
09:51:34,32.23,100,
09:51:35,32.22,100,
09:51:35,32.23,100,
09:51:35,32.2301,100,
09:51:35,32.24,100,
09:51:36,32.23,100,
09:51:37,32.23,100,
09:51:37,32.22,300,
09:51:37,32.2299,200,
09:51:37,32.22,100,
09:51:37,32.23,100,
09:51:37,32.2299,100,
09:51:37,32.22,1200,
09:51:37,32.22,100,
09:51:38,32.23,100,
09:51:38,32.25,100,
09:51:38,32.25,100,
09:51:38,32.26,100,
09:51:38,32.26,300,
09:51:38,32.26,300,
09:51:38,32.26,300,
09:51:38,32.27,300,
09:51:38,32.26,100,
09:51:38,32.27,100,
09:51:38,32.27,100,
09:51:38,32.28,100,
09:51:38,32.27,200,
09:51:38,32.29,100,
09:51:38,32.29,100,
09:51:38,32.28,100,
09:51:38,32.29,100,
09:51:38,32.29,100,
09:51:38,32.29,100,
09:51:38,32.28,600,
09:51:38,32.28,100,
09:51:38,32.29,100,
09:51:38,32.27,100,
09:51:38,32.27,100,
09:51:38,32.27,100,
09:51:38,32.29,100,
09:51:38,32.27,100,
09:51:38,32.27,100,
09:51:38,32.28,100,
09:51:39,32.28,100,
09:51:40,32.27,100,
09:51:40,32.2799,600,
09:51:40,32.28,100,
09:51:41,32.26,100,
09:51:41,32.26,100,
09:51:41,32.2601,100,
09:51:43,32.238,300,
09:51:45,32.23,100,
09:51:45,32.23,100,
09:51:46,32.24,100,
09:51:46,32.24,100,
09:51:47,32.24,100,
09:51:47,32.24,100,
09:51:48,32.2499,300,
09:51:48,32.22,100,
09:51:48,32.22,100,
09:51:49,32.22,300,
09:51:49,32.22,100,
09:51:49,32.21,100,
09:51:50,32.1912,100,
09:51:51,32.22,100,
09:51:51,32.2116,200,
09:51:51,32.21,100,
09:51:51,32.20,100,
09:51:51,32.20,200,
09:51:51,32.20,100,
09:51:53,32.2087,100,
09:51:54,32.20,200,
09:51:54,32.2099,100,
09:51:54,32.207,1000,
09:51:55,32.217,1000,
09:51:56,32.2299,500,
09:51:58,32.211,1000,
09:51:58,32.21,100,
09:51:58,32.2268,500,
09:51:58,32.21,5000,
09:51:59,32.23,100,
09:52:01,32.25,100,
09:52:07,32.25,100,
09:52:07,32.24,100,
09:52:08,32.28,100,
09:52:08,32.28,200,
09:52:11,32.29,100,
09:52:13,32.27,200,
09:52:13,32.26,100,
09:52:13,32.26,100,
09:52:16,32.2728,600,
09:52:16,32.30,100,
09:52:16,32.30,150,
09:52:16,32.30,100,
09:52:16,32.28,200,
09:52:16,32.30,100,
09:52:16,32.29,200,
09:52:18,32.27,100,
09:52:22,32.251,250,
09:52:22,32.24,100,
09:52:23,32.25,100,
09:52:26,32.2444,500,
09:52:28,32.20,100,
09:52:29,32.18,200,
09:52:29,32.18,200,
09:52:29,32.18,500,
09:52:29,32.18,2000,
09:52:29,32.18,300,
09:52:29,32.19,100,
09:52:29,32.1999,1600,
09:52:29,32.19,200,
09:52:29,32.19,100,
09:52:30,32.19,100,
09:52:31,32.189,100,
09:52:31,32.19,100,
09:52:33,32.18,760,
09:52:34,32.17,200,
09:52:34,32.18,100,
09:52:34,32.18,100,
09:52:34,32.18,100,
09:52:34,32.18,100,
09:52:34,32.19,100,
09:52:34,32.19,400,
09:52:34,32.20,300,
09:52:34,32.20,100,
09:52:34,32.20,100,
09:52:34,32.18,200,
09:52:34,32.21,100,
09:52:34,32.20,100,
09:52:34,32.18,200,
09:52:36,32.23,100,
09:52:36,32.23,100,
09:52:37,32.2299,100,
09:52:37,32.23,100,
09:52:37,32.23,400,
09:52:37,32.23,100,
09:52:38,32.24,300,
09:52:39,32.2302,100,
09:52:39,32.2301,100,
09:52:39,32.2304,500,
09:52:40,32.223,700,
09:52:40,32.24,100,
09:52:41,32.24,100,
09:52:43,32.21,100,
09:52:43,32.21,200,
09:52:43,32.234,250,
09:52:44,32.2199,400,
09:52:45,32.2088,100,
09:52:45,32.23,100,
09:52:45,32.23,100,
09:52:45,32.23,100,
09:52:47,32.2295,200,
09:52:51,32.23,100,
09:52:51,32.23,100,
09:52:51,32.23,200,
09:52:52,32.22,100,
09:52:52,32.21,100,
09:52:52,32.20,300,
09:52:52,32.20,400,
09:52:52,32.20,100,
09:52:52,32.20,100,
09:52:52,32.20,400,
09:52:52,32.19,100,
09:52:52,32.19,100,
09:52:52,32.20,200,
09:52:52,32.19,100,
09:52:52,32.20,100,
09:52:53,32.19,100,
09:52:53,32.19,100,
09:52:53,32.20,100,
09:52:56,32.1602,100,
09:52:56,32.1602,100,
09:52:56,32.16,100,
09:52:58,32.17,339,
09:52:58,32.163,500,
09:53:01,32.1701,300,
09:53:01,32.19,100,
09:53:01,32.161,1000,
09:53:02,32.19,100,
09:53:04,32.1856,1000,
09:53:06,32.18,100,
09:53:07,32.16,300,
09:53:08,32.18,191,
09:53:10,32.17,100,
09:53:11,32.18,100,
09:53:11,32.18,100,
09:53:13,32.16,100,
09:53:14,32.1699,1300,
09:53:18,32.14,100,
09:53:18,32.14,100,
09:53:18,32.15,1000,
09:53:18,32.15,300,
09:53:18,32.11,100,
09:53:18,32.11,100,
09:53:18,32.11,300,
09:53:18,32.11,100,
09:53:18,32.11,300,
09:53:19,32.10,300,
09:53:20,32.10,600,
09:53:20,32.11,100,
09:53:20,32.12,100,
09:53:22,32.13,100,
09:53:22,32.13,100,
09:53:24,32.111,800,
09:53:25,32.1298,5000,
09:53:26,32.0928,1000,
09:53:26,32.11,100,
09:53:28,32.0832,150,
09:53:29,32.10,100,
09:53:31,32.07,400,
09:53:31,32.06,300,
09:53:31,32.06,100,
09:53:31,32.06,100,
09:53:31,32.08,2000,
09:53:31,32.0607,100,
09:53:32,32.06,100,
09:53:32,32.0601,200,
09:53:32,32.0532,640,
09:53:33,32.06,100,
09:53:33,32.06,100,
09:53:33,32.06,180,
09:53:34,32.06,100,
09:53:34,32.06,100,
09:53:36,32.08,265,
09:53:36,32.0686,1000,
09:53:36,32.07,100,
09:53:36,32.061,250,
09:53:38,32.0699,1300,
09:53:39,32.05,1100,
09:53:39,32.05,1200,
09:53:39,32.03,100,
09:53:39,32.05,100,
09:53:42,32.05,300,
09:53:42,32.05,500,
09:53:42,32.04,100,
09:53:42,32.0456,1000,
09:53:46,32.03,100,
09:53:46,32.03,100,
09:53:47,32.043,100,
09:53:47,32.06,100,
09:53:47,32.07,100,
09:53:47,32.07,200,
09:53:47,32.07,700,
09:53:48,32.07,100,
09:53:48,32.07,200,
09:53:48,32.07,200,
09:53:50,32.06,100,
09:53:50,32.0608,100,
09:53:50,32.0608,100,
09:53:50,32.0646,100,
09:53:52,32.07,100,
09:53:52,32.08,100,
09:53:53,32.10,100,
09:53:53,32.10,800,
09:53:53,32.11,1000,
09:53:53,32.11,100,
09:53:54,32.12,100,
09:53:54,32.12,100,
09:53:54,32.11,100,
09:53:56,32.11,100,
09:54:01,32.11,100,
09:54:01,32.12,100,
09:54:04,32.18,100,
09:54:04,32.18,100,
09:54:04,32.118,1300,
09:54:10,32.1899,1600,
09:54:10,32.16,100,
09:54:10,32.15,100,
09:54:10,32.15,200,
09:54:11,32.14,200,
09:54:11,32.15,100,
09:54:14,32.121,100,
09:54:14,32.121,400,
09:54:14,32.121,200,
09:54:16,32.12,3700,
09:54:17,32.13,100,
09:54:17,32.13,100,
09:54:21,32.1599,300,
09:54:22,32.16,500,
09:54:22,32.16,200,
09:54:22,32.16,100,
09:54:22,32.16,100,
09:54:22,32.16,300,
09:54:22,32.16,100,
09:54:22,32.16,200,
09:54:22,32.16,200,
09:54:22,32.17,100,
09:54:24,32.15,100,
09:54:26,32.15,300,
09:54:26,32.17,100,
09:54:29,32.1805,200,
09:54:33,32.20,100,
09:54:36,32.20,100,
09:54:37,32.2001,400,
09:54:38,32.207,1000,
09:54:41,32.1999,100,
09:54:42,32.20,100,
09:54:42,32.1999,200,
09:54:44,32.16,100,
09:54:44,32.17,100,
09:54:46,32.15,100,
09:54:46,32.16,100,
09:54:46,32.16,464,
09:54:46,32.16,100,
09:54:46,32.14,100,
09:54:50,32.1495,500,
09:54:52,32.141,100,
09:54:54,32.1599,1000,
09:54:56,32.16,100,
09:54:58,32.201,200,
09:54:59,32.201,100,
09:54:59,32.19,960,
09:55:00,32.191,100,
09:55:01,32.21,100,
09:55:01,32.20,100,
09:55:02,32.22,100,
09:55:02,32.22,100,
09:55:02,32.23,100,
09:55:02,32.23,100,
09:55:02,32.22,100,
09:55:02,32.22,100,
09:55:02,32.22,100,
09:55:02,32.22,100,
09:55:02,32.22,100,
09:55:02,32.21,100,
09:55:02,32.21,200,
09:55:03,32.21,100,
09:55:04,32.18,100,
09:55:04,32.17,100,
09:55:04,32.18,100,
09:55:04,32.19,100,
09:55:05,32.199,200,
09:55:07,32.18,100,
09:55:07,32.19,100,
09:55:08,32.22,100,
09:55:08,32.24,100,
09:55:10,32.20,600,
09:55:11,32.18,100,
09:55:12,32.18,100,
09:55:12,32.18,100,
09:55:12,32.17,100,
09:55:13,32.19,100,
09:55:13,32.18,100,
09:55:13,32.17,100,
09:55:14,32.18,100,
09:55:16,32.1799,600,
09:55:18,32.1872,100,
09:55:23,32.20,500,
09:55:23,32.21,100,
09:55:26,32.20,5000,
09:55:28,32.19,100,
09:55:28,32.19,100,
09:55:28,32.19,100,
09:55:28,32.19,100,
09:55:32,32.1772,1000,
09:55:35,32.18,100,
09:55:39,32.19,300,
09:55:46,32.19,1800,
09:55:49,32.1898,100,
09:55:50,32.20,100,
09:55:50,32.20,100,
09:55:50,32.19,100,
09:55:51,32.1885,100,
09:55:57,32.15,100,
09:55:57,32.15,100,
09:55:58,32.1488,400,
09:55:58,32.1499,100,
09:55:58,32.1499,100,
09:55:58,32.16,100,
09:55:58,32.16,100,
09:55:58,32.15,100,
09:55:58,32.15,100,
09:55:58,32.15,100,
09:55:58,32.14,100,
09:55:58,32.14,216,
09:55:59,32.16,100,
09:56:01,32.13,100,
09:56:04,32.13,249,
09:56:04,32.13,300,
09:56:04,32.14,100,
09:56:05,32.13,100,
09:56:05,32.13,100,
09:56:08,32.16,100,
09:56:11,32.15,100,
09:56:12,32.15,100,
09:56:17,32.11,200,
09:56:17,32.1084,300,
09:56:18,32.07,200,
09:56:19,32.07,100,
09:56:19,32.07,100,
09:56:23,32.0999,1000,
09:56:23,32.099,1000,
09:56:24,32.11,100,
09:56:24,32.11,600,
09:56:24,32.11,100,
09:56:24,32.10,200,
09:56:25,32.09,100,
09:56:27,32.0985,100,
09:56:28,32.11,100,
09:56:30,32.0968,100,
09:56:34,32.0999,1000,
09:56:34,32.08,350,
09:56:35,32.06,300,
09:56:35,32.05,100,
09:56:35,32.05,100,
09:56:35,32.05,100,
09:56:37,32.05,100,
09:56:38,32.07,100,
09:56:38,32.058,300,
09:56:39,32.0603,100,
09:56:39,32.061,100,
09:56:39,32.0701,300,
09:56:41,32.10,100,
09:56:41,32.061,700,
09:56:44,32.08,100,
09:56:45,32.08,100,
09:56:45,32.09,100,
09:56:49,32.0132,250,
09:56:50,32.01,3000,
09:56:51,32.02,100,
09:56:51,32.02,600,
09:56:53,32.02,100,
09:56:53,32.0298,7264,
09:56:55,32.029,200,
09:56:55,32.029,100,
09:56:56,32.03,164,
09:56:59,32.0315,100,
09:56:59,32.031,100,
09:57:00,32.031,400,
09:57:02,32.0212,400,
09:57:02,32,100,
09:57:03,32,1300,
09:57:03,32,100,
09:57:03,31.999,100,
09:57:03,31.999,300,
09:57:04,32,200,
09:57:04,32,600,
09:57:04,32,800,
09:57:05,31.999,2300,
09:57:07,31.98,100,
09:57:07,31.98,400,
09:57:08,31.98,100,
09:57:08,31.97,5000,
09:57:10,31.98,250,
09:57:11,31.9889,300,
09:57:11,31.97,200,
09:57:12,31.9616,500,
09:57:13,31.97,100,
09:57:13,31.97,100,
09:57:17,31.951,1000,
09:57:22,31.96,484,
09:57:22,31.96,200,
09:57:22,31.96,100,
09:57:22,31.96,100,
09:57:22,31.96,100,
09:57:22,31.95,100,
09:57:22,31.95,200,
09:57:23,31.94,4700,
09:57:23,31.9401,200,
09:57:23,31.9416,100,
09:57:23,31.9412,100,
09:57:23,31.9417,100,
09:57:23,31.9413,100,
09:57:23,31.941,1400,
09:57:23,31.951,1400,
09:57:26,31.94,100,
09:57:26,31.94,100,
09:57:26,31.92,100,
09:57:26,31.91,5000,
09:57:28,31.93,100,
09:57:29,31.94,100,
09:57:30,31.94,100,
09:57:30,31.9312,250,
09:57:31,31.931,200,
09:57:31,31.931,100,
09:57:31,31.93,100,
09:57:31,31.93,100,
09:57:31,31.93,100,
09:57:33,31.9267,500,
09:57:33,31.92,100,
09:57:36,31.90,100,
09:57:36,31.90,200,
09:57:36,31.91,100,
09:57:36,31.91,100,
09:57:36,31.9056,500,
09:57:36,31.9028,100,
09:57:36,31.91,100,
09:57:36,31.901,200,
09:57:37,31.91,100,
09:57:37,31.9099,200,
09:57:37,31.9032,500,
09:57:38,31.90,200,
09:57:39,31.91,300,
09:57:39,31.89,100,
09:57:39,31.90,100,
09:57:39,31.89,800,
09:57:39,31.89,500,
09:57:39,31.89,100,
09:57:39,31.89,200,
09:57:39,31.88,300,
09:57:39,31.89,100,
09:57:39,31.90,200,
09:57:39,31.87,100,
09:57:39,31.86,200,
09:57:39,31.8612,300,
09:57:39,31.86,2200,
09:57:39,31.85,200,
09:57:40,31.84,100,
09:57:41,31.851,1000,
09:57:41,31.85,1100,
09:57:41,31.91,200,
09:57:41,31.857,930,
09:57:42,31.83,100,
09:57:42,31.83,600,
09:57:42,31.82,700,
09:57:42,31.82,100,
09:57:42,31.80,500,
09:57:42,31.82,300,
09:57:43,31.8228,100,
09:57:43,31.821,200,
09:57:44,31.84,100,
09:57:44,31.85,100,
09:57:45,31.85,151,
09:57:46,31.84,312,
09:57:47,31.86,100,
09:57:47,31.85,200,
09:57:47,31.86,100,
09:57:48,31.83,100,
09:57:51,31.8001,100,
09:57:51,31.81,100,
09:57:51,31.81,100,
09:57:52,31.8299,600,
09:57:53,31.8201,400,
09:57:53,31.82,100,
09:57:53,31.82,100,
09:57:53,31.82,600,
09:57:53,31.82,200,
09:57:54,31.8112,200,
09:57:56,31.8107,100,
09:57:56,31.8106,100,
09:57:56,31.8107,100,
09:57:57,31.81,100,
09:57:57,31.81,200,
09:57:58,31.80,300,
09:57:58,31.80,100,
09:57:58,31.7919,100,
09:57:58,31.7986,1000,
09:57:58,31.79,300,
09:57:58,31.79,150,
09:57:58,31.80,100,
09:57:58,31.79,100,
09:57:59,31.7928,1300,
09:58:00,31.79,100,
09:58:00,31.77,300,
09:58:01,31.77,100,
09:58:01,31.7615,100,
09:58:01,31.761,200,
09:58:03,31.79,100,
09:58:03,31.7701,700,
09:58:03,31.79,200,
09:58:03,31.79,100,
09:58:03,31.79,300,
09:58:03,31.79,100,
09:58:03,31.79,100,
09:58:03,31.79,500,
09:58:04,31.7899,300,
09:58:05,31.81,100,
09:58:05,31.81,100,
09:58:05,31.79,104,
09:58:05,31.781,100,
09:58:06,31.82,100,
09:58:06,31.821,5000,
09:58:06,31.8107,100,
09:58:06,31.81,100,
09:58:06,31.811,300,
09:58:06,31.811,400,
09:58:06,31.811,800,
09:58:06,31.83,200,
09:58:07,31.81,100,
09:58:07,31.81,500,
09:58:08,31.821,400,
09:58:09,31.81,100,
09:58:09,31.81,200,
09:58:09,31.81,100,
09:58:10,31.82,700,
09:58:10,31.8105,400,
09:58:12,31.8112,325,
09:58:13,31.83,100,
09:58:14,31.8201,100,
09:58:14,31.8399,1100,
09:58:14,31.82,500,
09:58:14,31.82,100,
09:58:14,31.82,300,
09:58:14,31.82,400,
09:58:19,31.83,100,
09:58:19,31.83,300,
09:58:21,31.821,200,
09:58:21,31.7899,100,
09:58:22,31.77,100,
09:58:23,31.78,100,
09:58:23,31.77,220,
09:58:24,31.80,100,
09:58:24,31.787,100,
09:58:25,31.82,100,
09:58:25,31.80,200,
09:58:25,31.79,100,
09:58:25,31.79,100,
09:58:25,31.78,300,
09:58:25,31.79,100,
09:58:25,31.79,100,
09:58:25,31.79,100,
09:58:25,31.79,100,
09:58:25,31.79,900,
09:58:25,31.79,1300,
09:58:25,31.79,100,
09:58:25,31.79,100,
09:58:26,31.7828,150,
09:58:26,31.77,1000,
09:58:27,31.80,300,
09:58:27,31.80,100,
09:58:27,31.82,100,
09:58:27,31.82,100,
09:58:28,31.7845,100,
09:58:29,31.76,100,
09:58:29,31.76,200,
09:58:29,31.7499,100,
09:58:29,31.73,254,
09:58:29,31.7252,3800,
09:58:30,31.72,900,
09:58:30,31.72,150,
09:58:30,31.71,100,
09:58:30,31.71,100,
09:58:30,31.72,300,
09:58:30,31.72,300,
09:58:30,31.71,300,
09:58:30,31.72,300,
09:58:30,31.71,300,
09:58:30,31.72,1000,
09:58:30,31.71,100,
09:58:30,31.7016,500,
09:58:31,31.723,100,
09:58:31,31.73,100,
09:58:31,31.72,200,
09:58:32,31.74,100,
09:58:33,31.72,100,
09:58:33,31.72,1800,
09:58:33,31.7201,400,
09:58:33,31.7201,100,
09:58:33,31.721,100,
09:58:35,31.7312,100,
09:58:35,31.731,200,
09:58:36,31.73,100,
09:58:36,31.78,100,
09:58:36,31.77,100,
09:58:36,31.76,100,
09:58:36,31.77,100,
09:58:36,31.79,100,
09:58:36,31.77,2000,
09:58:36,31.7898,1000,
09:58:36,31.79,400,
09:58:37,31.7899,300,
09:58:38,31.7899,400,
09:58:39,31.81,100,
09:58:39,31.81,100,
09:58:39,31.80,200,
09:58:40,31.7901,100,
09:58:40,31.791,400,
09:58:41,31.79,300,
09:58:41,31.79,200,
09:58:41,31.7901,630,
09:58:42,31.7828,455,
09:58:42,31.793,100,
09:58:46,31.7801,400,
09:58:46,31.76,800,
09:58:46,31.76,1600,
09:58:48,31.7799,400,
09:58:50,31.7899,100,
09:58:50,31.79,100,
09:58:50,31.79,250,
09:58:51,31.7897,1000,
09:58:54,31.7728,400,
09:58:54,31.773,100,
09:58:56,31.7715,100,
09:58:56,31.79,100,
09:58:56,31.83,100,
09:58:57,31.83,300,
09:58:57,31.83,600,
09:58:57,31.83,100,
09:58:58,31.8399,2000,
09:58:58,31.84,100,
09:58:58,31.8399,1800,
09:58:59,31.831,100,
09:58:59,31.83,100,
09:58:59,31.83,1700,
09:58:59,31.84,100,
09:58:59,31.84,100,
09:59:00,31.81,200,
09:59:00,31.84,100,
09:59:00,31.84,1000,
09:59:00,31.84,100,
09:59:01,31.83,100,
09:59:01,31.8299,100,
09:59:01,31.8299,100,
09:59:01,31.8299,100,
09:59:01,31.8299,100,
09:59:01,31.8299,100,
09:59:02,31.8143,400,
09:59:04,31.8355,5000,
09:59:04,31.82,550,
09:59:06,31.7932,157,
09:59:07,31.79,100,
09:59:07,31.79,100,
09:59:09,31.77,100,
09:59:09,31.76,300,
09:59:09,31.76,100,
09:59:11,31.79,300,
09:59:11,31.79,375,
09:59:13,31.79,800,
09:59:13,31.80,100,
09:59:13,31.80,300,
09:59:13,31.80,200,
09:59:14,31.83,400,
09:59:14,31.83,900,
09:59:14,31.84,100,
09:59:15,31.84,300,
09:59:15,31.8358,700,
09:59:16,31.8322,4900,
09:59:17,31.839,1000,
09:59:19,31.838,100,
09:59:19,31.8397,400,
09:59:19,31.83,100,
09:59:20,31.81,100,
09:59:21,31.83,100,
09:59:23,31.82,100,
09:59:28,31.81,200,
09:59:28,31.81,100,
09:59:32,31.80,100,
09:59:32,31.80,100,
09:59:32,31.80,600,
09:59:33,31.78,1000,
09:59:36,31.783,500,
09:59:36,31.78,450,
09:59:39,31.81,100,
09:59:39,31.82,600,
09:59:43,31.83,100,
09:59:43,31.83,100,
09:59:43,31.83,100,
09:59:46,31.84,200,
09:59:46,31.85,100,
09:59:46,31.85,100,
09:59:46,31.8378,200,
09:59:46,31.85,300,
09:59:48,31.83,400,
09:59:48,31.83,600,
09:59:48,31.83,900,
09:59:53,31.84,100,
09:59:53,31.85,100,
09:59:53,31.82,100,
09:59:53,31.82,100,
09:59:54,31.83,100,
09:59:54,31.83,100,
09:59:55,31.83,100,
09:59:55,31.83,100,
09:59:55,31.83,100,
09:59:55,31.8225,900,
09:59:56,31.83,100,
09:59:56,31.83,100,
09:59:56,31.83,200,
09:59:56,31.83,200,
09:59:56,31.84,600,
09:59:56,31.84,100,
09:59:57,31.812,300,
09:59:57,31.81,100,
09:59:58,31.81,100,
09:59:59,31.8143,250,
09:59:59,31.81,100,
09:59:59,31.80,1100,
10:00:01,31.78,400,
10:00:01,31.78,100,
10:00:01,31.78,100,
10:00:02,31.77,200,
10:00:02,31.781,800,
10:00:03,31.7699,100,
10:00:03,31.78,1200,
10:00:04,31.7545,100,
10:00:05,31.76,100,
10:00:05,31.77,100,
10:00:05,31.77,100,
10:00:05,31.77,100,
10:00:07,31.7512,1000,
10:00:08,31.75,100,
10:00:08,31.75,100,
10:00:09,31.76,500,
10:00:10,31.74,101,
10:00:10,31.74,100,
10:00:12,31.74,2600,
10:00:14,31.75,100,
10:00:14,31.75,100,
10:00:15,31.76,100,
10:00:17,31.76,100,
10:00:17,31.76,100,
10:00:17,31.76,100,
10:00:17,31.76,100,
10:00:17,31.75,100,
10:00:18,31.75,100,
10:00:19,31.75,100,
10:00:20,31.72,100,
10:00:20,31.73,116,
10:00:20,31.74,100,
10:00:20,31.77,100,
10:00:21,31.79,100,
10:00:21,31.773,200,
10:00:23,31.82,312,
10:00:25,31.85,100,
10:00:25,31.8188,275,
10:00:25,31.84,100,
10:00:27,31.8534,100,
10:00:27,31.8528,100,
10:00:27,31.8521,100,
10:00:27,31.8507,100,
10:00:27,31.8532,100,
10:00:27,31.851,1000,
10:00:27,31.89,100,
10:00:27,31.89,100,
10:00:28,31.8899,1000,
10:00:28,31.90,100,
10:00:28,31.90,300,
10:00:28,31.90,200,
10:00:29,31.88,100,
10:00:29,31.90,300,
10:00:29,31.90,100,
10:00:29,31.92,266,
10:00:30,31.89,100,
10:00:30,31.89,100,
10:00:30,31.88,100,
10:00:30,31.89,254,
10:00:32,31.8802,100,
10:00:33,31.8972,250,
10:00:33,31.87,500,
10:00:34,31.887,100,
10:00:36,31.89,100,
10:00:37,31.87,100,
10:00:37,31.87,100,
10:00:37,31.89,100,
10:00:37,31.8868,300,
10:00:38,31.89,100,
10:00:38,31.89,100,
10:00:39,31.859,1900,
10:00:40,31.9099,1000,
10:00:41,31.90,100,
10:00:41,31.8995,150,
10:00:43,31.91,250,
10:00:44,31.90,400,
10:00:44,31.90,100,
10:00:44,31.90,100,
10:00:44,31.90,100,
10:00:44,31.93,100,
10:00:45,31.93,312,
10:00:45,31.93,100,
10:00:46,31.94,100,
10:00:46,31.913,180,
10:00:49,31.93,100,
10:00:50,31.93,100,
10:00:50,31.93,100,
10:00:50,31.91,100,
10:00:50,31.91,300,
10:00:50,31.91,400,
10:00:50,31.91,200,
10:00:50,31.93,100,
10:00:51,31.937,500,
10:00:51,31.92,500,
10:00:51,31.92,300,
10:00:51,31.92,200,
10:00:52,31.92,100,
10:00:52,31.93,100,
10:00:52,31.93,100,
10:00:53,31.92,200,
10:00:53,31.93,100,
10:00:54,31.9299,100,
10:00:54,31.93,100,
10:00:54,31.9299,300,
10:00:54,31.92,300,
10:00:55,31.921,400,
10:00:55,31.91,1400,
10:00:55,31.9101,200,
10:00:56,31.92,100,
10:00:56,31.9101,200,
10:00:57,31.9199,500,
10:00:57,31.91,100,
10:00:57,31.91,114,
10:00:58,31.919,500,
10:00:58,31.90,100,
10:00:58,31.901,200,
10:00:59,31.93,500,
10:01:01,31.86,300,
10:01:01,31.83,300,
10:01:01,31.82,100,
10:01:03,31.849,200,
10:01:03,31.85,100,
10:01:03,31.85,100,
10:01:03,31.86,100,
10:01:03,31.8599,300,
10:01:03,31.86,100,
10:01:03,31.88,200,
10:01:04,31.88,100,
10:01:05,31.88,100,
10:01:05,31.87,100,
10:01:05,31.88,100,
10:01:05,31.89,100,
10:01:05,31.88,100,
10:01:05,31.89,100,
10:01:08,31.90,300,
10:01:08,31.91,100,
10:01:13,31.893,500,
10:01:14,31.8957,100,
10:01:16,31.8912,1000,
10:01:17,31.88,100,
10:01:17,31.88,300,
10:01:17,31.88,100,
10:01:17,31.88,100,
10:01:17,31.87,100,
10:01:17,31.88,500,
10:01:17,31.87,300,
10:01:17,31.87,100,
10:01:17,31.87,100,
10:01:17,31.89,400,
10:01:17,31.86,100,
10:01:17,31.85,100,
10:01:17,31.82,100,
10:01:17,31.82,100,
10:01:17,31.82,100,
10:01:17,31.82,100,
10:01:17,31.82,100,
10:01:17,31.82,100,
10:01:17,31.82,100,
10:01:17,31.82,100,
10:01:17,31.82,100,
10:01:17,31.82,100,
10:01:17,31.82,200,
10:01:17,31.82,100,
10:01:18,31.81,100,
10:01:18,31.81,100,
10:01:18,31.81,100,
10:01:18,31.81,100,
10:01:20,31.82,200,
10:01:20,31.82,100,
10:01:20,31.82,500,
10:01:20,31.81,473,
10:01:21,31.8201,100,
10:01:22,31.82,700,
10:01:23,31.86,100,
10:01:23,31.86,100,
10:01:25,31.847,200,
10:01:25,31.85,100,
10:01:27,31.87,100,
10:01:27,31.87,100,
10:01:27,31.87,100,
10:01:27,31.88,200,
10:01:28,31.89,500,
10:01:28,31.90,100,
10:01:28,31.8999,500,
10:01:29,31.88,100,
10:01:30,31.88,200,
10:01:30,31.88,100,
10:01:31,31.8799,100,
10:01:31,31.88,500,
10:01:34,31.85,500,
10:01:34,31.86,100,
10:01:34,31.86,100,
10:01:35,31.851,100,
10:01:40,31.88,500,
10:01:41,31.88,900,
10:01:41,31.88,100,
10:01:41,31.89,100,
10:01:42,31.86,300,
10:01:45,31.859,500,
10:01:45,31.86,100,
10:01:46,31.85,100,
10:01:48,31.861,1000,
10:01:48,31.87,100,
10:01:49,31.87,400,
10:01:49,31.88,100,
10:01:50,31.88,500,
10:01:50,31.89,100,
10:01:50,31.89,400,
10:01:50,31.89,900,
10:01:54,31.88,149,
10:01:55,31.88,100,
10:01:55,31.87,100,
10:01:59,31.87,100,
10:01:59,31.87,100,
10:02:00,31.86,300,
10:02:00,31.86,100,
10:02:00,31.8608,100,
10:02:00,31.8627,100,
10:02:00,31.8644,100,
10:02:02,31.85,100,
10:02:03,31.85,100,
10:02:03,31.86,100,
10:02:03,31.86,100,
10:02:04,31.85,100,
10:02:06,31.86,100,
10:02:06,31.86,100,
10:02:06,31.87,100,
10:02:06,31.87,200,
10:02:06,31.87,100,
10:02:06,31.87,100,
10:02:06,31.87,300,
10:02:06,31.87,100,
10:02:07,31.88,100,
10:02:07,31.89,100,
10:02:10,31.92,100,
10:02:10,31.92,144,
10:02:10,31.93,100,
10:02:10,31.93,200,
10:02:10,31.93,100,
10:02:11,31.94,100,
10:02:11,31.90,100,
10:02:11,31.91,100,
10:02:11,31.91,100,
10:02:12,31.9215,100,
10:02:13,31.9016,700,
10:02:14,31.92,100,
10:02:14,31.92,100,
10:02:14,31.9257,250,
10:02:15,31.93,378,
10:02:16,31.9499,150,
10:02:17,31.95,200,
10:02:18,31.93,100,
10:02:20,31.93,100,
10:02:20,31.94,2000,
10:02:20,31.94,100,
10:02:20,31.94,200,
10:02:20,31.94,100,
10:02:20,31.94,100,
10:02:20,31.94,700,
10:02:21,31.91,100,
10:02:21,31.91,600,
10:02:21,31.91,100,
10:02:21,31.91,300,
10:02:21,31.90,300,
10:02:21,31.91,100,
10:02:21,31.91,100,
10:02:21,31.91,300,
10:02:21,31.92,100,
10:02:21,31.91,100,
10:02:21,31.91,100,
10:02:21,31.92,100,
10:02:21,31.92,200,
10:02:21,31.93,100,
10:02:22,31.90,100,
10:02:22,31.91,100,
10:02:22,31.91,100,
10:02:22,31.91,100,
10:02:22,31.91,100,
10:02:22,31.91,100,
10:02:22,31.9285,500,
10:02:23,31.91,100,
10:02:23,31.91,100,
10:02:23,31.92,100,
10:02:23,31.92,100,
10:02:24,31.91,300,
10:02:25,31.9172,1000,
10:02:26,31.909,100,
10:02:26,31.89,100,
10:02:26,31.87,100,
10:02:26,31.9189,300,
10:02:28,31.871,100,
10:02:28,31.871,100,
10:02:31,31.873,100,
10:02:33,31.86,200,
10:02:34,31.84,400,
10:02:35,31.8599,100,
10:02:36,31.8601,300,
10:02:39,31.898,250,
10:02:40,31.91,100,
10:02:40,31.92,100,
10:02:40,31.92,143,
10:02:40,31.91,200,
10:02:41,31.91,100,
10:02:41,31.91,1100,
10:02:41,31.92,100,
10:02:41,31.92,100,
10:02:41,31.91,100,
10:02:41,31.91,100,
10:02:41,31.91,200,
10:02:42,31.90,100,
10:02:43,31.91,500,
10:02:43,31.92,4900,
10:02:43,31.93,300,
10:02:43,31.93,1000,
10:02:43,31.94,100,
10:02:44,31.94,100,
10:02:44,31.93,100,
10:02:44,31.91,100,
10:02:48,31.96,100,
10:02:48,31.96,200,
10:02:48,31.96,100,
10:02:48,31.97,100,
10:02:48,31.96,200,
10:02:48,31.96,100,
10:02:48,31.96,300,
10:02:49,31.98,100,
10:02:49,31.9799,5000,
10:02:49,31.9716,100,
10:02:50,31.98,200,
10:02:50,31.98,100,
10:02:50,31.98,100,
10:02:52,31.98,200,
10:02:53,31.95,100,
10:02:54,31.9412,1000,
10:02:55,31.95,650,
10:02:56,31.95,100,
10:02:56,31.95,100,
10:02:56,31.96,700,
10:02:57,31.96,100,
10:02:57,31.95,300,
10:02:57,31.95,100,
10:02:57,31.95,100,
10:02:57,31.95,100,
10:02:59,31.95,100,
10:02:59,31.9499,200,
10:03:03,31.95,300,
10:03:04,31.91,300,
10:03:04,31.9112,1000,
10:03:05,31.91,100,
10:03:07,31.91,700,
10:03:10,31.907,150,
10:03:10,31.89,100,
10:03:10,31.89,100,
10:03:10,31.89,100,
10:03:10,31.89,100,
10:03:10,31.89,600,
10:03:10,31.89,300,
10:03:10,31.89,1100,
10:03:10,31.89,200,
10:03:10,31.87,100,
10:03:10,31.87,600,
10:03:10,31.88,100,
10:03:10,31.88,100,
10:03:11,31.89,100,
10:03:11,31.89,100,
10:03:12,31.92,100,
10:03:12,31.92,500,
10:03:12,31.93,300,
10:03:12,31.93,1200,
10:03:12,31.93,900,
10:03:12,31.93,100,
10:03:12,31.93,100,
10:03:12,31.94,100,
10:03:12,31.94,100,
10:03:12,31.94,200,
10:03:12,31.94,100,
10:03:12,31.94,200,
10:03:12,31.94,100,
10:03:12,31.94,100,
10:03:12,31.94,100,
10:03:12,31.94,100,
10:03:12,31.94,300,
10:03:12,31.94,300,
10:03:12,31.94,300,
10:03:12,31.94,100,
10:03:12,31.94,600,
10:03:12,31.94,600,
10:03:12,31.95,2700,
10:03:13,31.93,100,
10:03:14,31.93,300,
10:03:14,31.91,100,
10:03:14,31.92,100,
10:03:14,31.91,100,
10:03:14,31.92,500,
10:03:17,31.9172,1000,
10:03:19,31.9098,100,
10:03:19,31.9074,1500,
10:03:20,31.90,100,
10:03:21,31.88,133,
10:03:21,31.87,100,
10:03:21,31.86,100,
10:03:23,31.86,300,
10:03:25,31.85,100,
10:03:25,31.85,100,
10:03:26,31.84,150,
10:03:32,31.8599,100,
10:03:35,31.86,100,
10:03:36,31.8399,500,
10:03:36,31.8395,900,
10:03:36,31.8399,500,
10:03:37,31.83,100,
10:03:38,31.8228,1050,
10:03:39,31.83,200,
10:03:40,31.83,200,
10:03:40,31.83,300,
10:03:40,31.82,100,
10:03:40,31.79,500,
10:03:40,31.80,500,
10:03:40,31.79,100,
10:03:41,31.78,2000,
10:03:42,31.7714,100,
10:03:42,31.7709,100,
10:03:42,31.7707,100,
10:03:42,31.77,100,
10:03:42,31.77,100,
10:03:42,31.771,800,
10:03:42,31.77,900,
10:03:43,31.78,100,
10:03:43,31.781,100,
10:03:44,31.81,100,
10:03:45,31.8201,300,
10:03:45,31.8202,500,
10:03:45,31.8202,400,
10:03:46,31.84,100,
10:03:46,31.84,100,
10:03:47,31.85,300,
10:03:50,31.84,300,
10:03:53,31.84,1000,
10:03:55,31.85,100,
10:03:56,31.84,200,
10:03:56,31.84,100,
10:03:58,31.841,400,
10:03:58,31.841,500,
10:04:01,31.82,300,
10:04:03,31.80,200,
10:04:03,31.78,600,
10:04:03,31.78,100,
10:04:05,31.78,100,
10:04:07,31.8014,1000,
10:04:11,31.79,100,
10:04:11,31.783,100,
10:04:13,31.82,100,
10:04:13,31.82,292,
10:04:14,31.83,100,
10:04:14,31.83,200,
10:04:14,31.83,500,
10:04:16,31.83,100,
10:04:17,31.79,100,
10:04:17,31.79,100,
10:04:18,31.80,100,
10:04:21,31.80,100,
10:04:21,31.80,300,
10:04:21,31.79,100,
10:04:21,31.79,100,
10:04:21,31.79,100,
10:04:21,31.79,100,
10:04:21,31.79,100,
10:04:21,31.79,100,
10:04:23,31.79,100,
10:04:23,31.79,200,
10:04:24,31.80,200,
10:04:24,31.779,700,
10:04:25,31.75,300,
10:04:25,31.76,400,
10:04:25,31.779,300,
10:04:26,31.7799,1000,
10:04:27,31.79,400,
10:04:27,31.773,500,
10:04:27,31.79,500,
10:04:27,31.80,100,
10:04:29,31.7899,400,
10:04:31,31.79,100,
10:04:31,31.79,100,
10:04:32,31.79,100,
10:04:32,31.79,200,
10:04:32,31.7899,100,
10:04:33,31.77,400,
10:04:33,31.77,100,
10:04:34,31.78,100,
10:04:35,31.78,100,
10:04:35,31.78,100,
10:04:35,31.77,100,
10:04:35,31.76,200,
10:04:36,31.76,100,
10:04:36,31.76,100,
10:04:39,31.77,100,
10:04:39,31.77,100,
10:04:41,31.7772,135,
10:04:43,31.76,400,
10:04:46,31.75,100,
10:04:46,31.75,100,
10:04:46,31.75,100,
10:04:46,31.75,100,
10:04:46,31.75,749,
10:04:47,31.74,100,
10:04:51,31.71,300,
10:04:53,31.74,100,
10:04:53,31.75,100,
10:04:53,31.75,100,
10:04:54,31.75,500,
10:04:55,31.74,100,
10:04:55,31.74,100,
10:04:55,31.75,200,
10:04:55,31.74,100,
10:04:58,31.76,200,
10:04:58,31.77,100,
10:04:58,31.77,100,
10:05:00,31.76,100,
10:05:00,31.7601,700,
10:05:00,31.77,200,
10:05:01,31.76,200,
10:05:02,31.74,100,
10:05:03,31.769,1000,
10:05:04,31.80,100,
10:05:04,31.80,300,
10:05:04,31.80,400,
10:05:04,31.79,100,
10:05:04,31.79,100,
10:05:05,31.79,500,
10:05:08,31.80,200,
10:05:09,31.7974,250,
10:05:11,31.77,100,
10:05:12,31.75,100,
10:05:13,31.74,100,
10:05:13,31.74,100,
10:05:13,31.74,100,
10:05:13,31.74,300,
10:05:13,31.74,100,
10:05:13,31.74,300,
10:05:13,31.74,300,
10:05:13,31.74,200,
10:05:13,31.74,100,
10:05:14,31.779,1500,
10:05:15,31.739,200,
10:05:17,31.73,200,
10:05:17,31.74,100,
10:05:17,31.74,600,
10:05:17,31.72,100,
10:05:18,31.70,100,
10:05:18,31.70,100,
10:05:21,31.6998,4000,
10:05:23,31.6914,1000,
10:05:23,31.69,200,
10:05:24,31.71,100,
10:05:24,31.7044,1000,
10:05:24,31.6816,500,
10:05:26,31.672,100,
10:05:26,31.67,100,
10:05:28,31.69,100,
10:05:32,31.691,300,
10:05:32,31.70,400,
10:05:35,31.699,100,
10:05:35,31.70,200,
10:05:36,31.72,100,
10:05:36,31.72,100,
10:05:37,31.72,100,
10:05:38,31.71,100,
10:05:38,31.73,100,
10:05:39,31.73,300,
10:05:39,31.74,600,
10:05:40,31.75,200,
10:05:40,31.76,600,
10:05:40,31.77,500,
10:05:40,31.75,100,
10:05:40,31.75,100,
10:05:40,31.75,100,
10:05:41,31.74,100,
10:05:44,31.72,100,
10:05:47,31.77,1962,
10:05:48,31.77,100,
10:05:48,31.77,100,
10:05:49,31.77,100,
10:05:52,31.78,600,
10:05:52,31.79,1000,
10:05:53,31.80,100,
10:05:53,31.80,100,
10:05:53,31.80,100,
10:05:57,31.81,800,
10:05:57,31.81,100,
10:05:57,31.81,300,
10:05:57,31.81,100,
10:05:57,31.80,600,
10:05:57,31.81,100,
10:05:57,31.81,161,
10:05:57,31.81,239,
10:05:57,31.80,100,
10:05:59,31.79,200,
10:05:59,31.79,500,
10:05:59,31.79,400,
10:06:00,31.79,600,
10:06:00,31.79,100,
10:06:03,31.78,300,
10:06:03,31.77,500,
10:06:03,31.79,100,
10:06:03,31.79,100,
10:06:03,31.80,100,
10:06:03,31.79,100,
10:06:10,31.7732,100,
10:06:10,31.78,100,
10:06:10,31.78,100,
10:06:10,31.78,100,
10:06:11,31.7628,690,
10:06:12,31.7599,300,
10:06:13,31.74,100,
10:06:17,31.78,100,
10:06:19,31.7899,100,
10:06:21,31.79,2100,
10:06:21,31.79,600,
10:06:26,31.81,100,
10:06:26,31.80,100,
10:06:27,31.81,135,
10:06:27,31.83,200,
10:06:27,31.84,200,
10:06:27,31.84,100,
10:06:27,31.83,100,
10:06:27,31.83,100,
10:06:27,31.84,200,
10:06:27,31.84,100,
10:06:27,31.84,100,
10:06:27,31.84,100,
10:06:27,31.84,100,
10:06:28,31.84,100,
10:06:29,31.8556,200,
10:06:30,31.85,300,
10:06:30,31.85,200,
10:06:30,31.85,100,
10:06:31,31.8429,100,
10:06:31,31.8454,100,
10:06:33,31.83,100,
10:06:33,31.82,200,
10:06:34,31.83,400,
10:06:36,31.819,100,
10:06:37,31.79,100,
10:06:37,31.79,300,
10:06:37,31.80,100,
10:06:37,31.781,300,
10:06:38,31.79,100,
10:06:38,31.79,1000,
10:06:38,31.79,2000,
10:06:38,31.79,200,
10:06:40,31.78,100,
10:06:40,31.78,100,
10:06:40,31.78,100,
10:06:40,31.78,100,
10:06:40,31.78,300,
10:06:40,31.78,100,
10:06:48,31.77,100,
10:06:50,31.787,100,
10:06:52,31.82,300,
10:06:53,31.8328,500,
10:06:54,31.82,100,
10:06:57,31.84,100,
10:06:57,31.84,100,
10:06:58,31.8505,400,
10:06:59,31.86,1000,
10:07:01,31.82,100,
10:07:01,31.82,100,
10:07:05,31.80,100,
10:07:05,31.80,100,
10:07:05,31.79,100,
10:07:05,31.79,200,
10:07:05,31.77,200,
10:07:05,31.77,300,
10:07:05,31.77,100,
10:07:05,31.77,100,
10:07:05,31.77,100,
10:07:05,31.77,100,
10:07:05,31.77,300,
10:07:05,31.77,100,
10:07:05,31.77,100,
10:07:05,31.77,100,
10:07:05,31.77,300,
10:07:05,31.76,100,
10:07:05,31.76,100,
10:07:05,31.76,100,
10:07:05,31.76,100,
10:07:05,31.76,100,
10:07:05,31.76,100,
10:07:05,31.76,100,
10:07:05,31.76,200,
10:07:05,31.76,100,
10:07:05,31.76,200,
10:07:05,31.75,197,
10:07:05,31.76,100,
10:07:05,31.75,103,
10:07:07,31.7385,100,
10:07:07,31.7328,200,
10:07:09,31.76,100,
10:07:09,31.76,100,
10:07:09,31.7599,400,
10:07:10,31.76,100,
10:07:15,31.72,100,
10:07:15,31.737,190,
10:07:17,31.72,100,
10:07:17,31.72,100,
10:07:17,31.72,100,
10:07:17,31.72,400,
10:07:21,31.73,100,
10:07:22,31.7202,100,
10:07:23,31.73,200,
10:07:24,31.717,100,
10:07:26,31.74,100,
10:07:29,31.75,100,
10:07:29,31.75,100,
10:07:31,31.7772,400,
10:07:31,31.77,100,
10:07:33,31.76,100,
10:07:33,31.76,100,
10:07:33,31.76,600,
10:07:33,31.76,300,
10:07:35,31.761,300,
10:07:37,31.76,200,
10:07:38,31.76,100,
10:07:38,31.75,100,
10:07:40,31.77,100,
10:07:40,31.77,100,
10:07:46,31.73,500,
10:07:46,31.73,100,
10:07:46,31.73,300,
10:07:46,31.75,100,
10:07:46,31.73,100,
10:07:49,31.69,100,
10:07:49,31.69,100,
10:07:50,31.69,100,
10:07:50,31.69,100,
10:07:50,31.69,500,
10:07:51,31.6999,100,
10:07:52,31.72,1800,
10:07:56,31.71,500,
10:07:59,31.71,100,
10:07:59,31.72,100,
10:08:00,31.73,100,
10:08:00,31.73,200,
10:08:00,31.74,200,
10:08:01,31.73,243,
10:08:01,31.74,200,
10:08:05,31.709,3500,
10:08:06,31.71,9300,
10:08:06,31.69,100,
10:08:08,31.689,1600,
10:08:09,31.68,100,
10:08:10,31.69,100,
10:08:15,31.68,100,
10:08:17,31.6743,100,
10:08:17,31.6725,100,
10:08:18,31.67,600,
10:08:18,31.66,100,
10:08:18,31.66,100,
10:08:18,31.66,100,
10:08:20,31.67,300,
10:08:21,31.69,100,
10:08:23,31.71,100,
10:08:24,31.70,100,
10:08:24,31.70,100,
10:08:25,31.70,100,
10:08:27,31.71,500,
10:08:28,31.7112,1000,
10:08:29,31.73,300,
10:08:31,31.72,100,
10:08:33,31.72,100,
10:08:34,31.70,200,
10:08:36,31.70,200,
10:08:40,31.75,100,
10:08:40,31.75,270,
10:08:42,31.77,500,
10:08:42,31.78,200,
10:08:42,31.78,100,
10:08:42,31.78,100,
10:08:43,31.79,118,
10:08:43,31.79,100,
10:08:43,31.79,567,
10:08:43,31.79,346,
10:08:43,31.80,100,
10:08:43,31.80,100,
10:08:44,31.79,200,
10:08:45,31.80,100,
10:08:45,31.80,100,
10:08:45,31.80,200,
10:08:46,31.83,387,
10:08:46,31.84,600,
10:08:46,31.84,100,
10:08:46,31.83,100,
10:08:46,31.83,100,
10:08:50,31.85,100,
10:08:51,31.8404,100,
10:08:51,31.8317,100,
10:08:51,31.8317,100,
10:08:51,31.831,1000,
10:08:51,31.831,500,
10:08:52,31.84,200,
10:08:52,31.85,100,
10:08:53,31.83,100,
10:08:54,31.81,100,
10:08:54,31.82,100,
10:08:54,31.82,300,
10:08:54,31.82,100,
10:08:55,31.82,500,
10:08:55,31.84,400,
10:08:58,31.87,200,
10:08:59,31.87,200,
10:08:59,31.87,100,
10:08:59,31.88,100,
10:08:59,31.8716,100,
10:08:59,31.86,100,
10:09:00,31.87,100,
10:09:00,31.86,5300,
10:09:01,31.8554,100,
10:09:01,31.8554,100,
10:09:01,31.8555,100,
10:09:02,31.8412,1000,
10:09:03,31.83,100,
10:09:03,31.82,100,
10:09:03,31.83,200,
10:09:03,31.81,100,
10:09:03,31.81,300,
10:09:03,31.82,100,
10:09:04,31.81,100,
10:09:04,31.8098,1800,
10:09:04,31.81,100,
10:09:05,31.82,1000,
10:09:07,31.81,200,
10:09:16,31.85,100,
10:09:16,31.87,100,
10:09:16,31.86,100,
10:09:16,31.87,200,
10:09:16,31.87,100,
10:09:16,31.87,100,
10:09:17,31.90,100,
10:09:18,31.872,100,
10:09:18,31.9072,100,
10:09:19,31.9005,800,
10:09:20,31.90,1700,
10:09:21,31.89,100,
10:09:22,31.89,100,
10:09:25,31.87,100,
10:09:25,31.88,100,
10:09:25,31.88,100,
10:09:25,31.87,100,
10:09:25,31.86,521,
10:09:25,31.8601,1479,
10:09:26,31.89,100,
10:09:27,31.89,100,
10:09:27,31.89,1800,
10:09:28,31.89,300,
10:09:28,31.90,100,
10:09:34,31.91,100,
10:09:34,31.92,197,
10:09:34,31.91,100,
10:09:34,31.91,100,
10:09:34,31.92,500,
10:09:34,31.90,500,
10:09:34,31.9301,300,
10:09:35,31.94,100,
10:09:36,31.9495,200,
10:09:36,31.94,900,
10:09:36,31.95,100,
10:09:36,31.96,100,
10:09:36,31.96,300,
10:09:36,31.96,300,
10:09:36,31.96,200,
10:09:37,31.9315,100,
10:09:37,31.95,100,
10:09:37,31.9402,2500,
10:09:39,31.94,205,
10:09:40,31.90,1300,
10:09:41,31.9101,3000,
10:09:44,31.91,100,
10:09:44,31.90,100,
10:09:46,31.889,250,
10:09:47,31.93,100,
10:09:47,31.93,200,
10:09:48,31.90,100,
10:09:49,31.8999,100,
10:09:51,31.89,200,
10:09:51,31.89,100,
10:09:55,31.91,100,
10:09:55,31.91,100,
10:10:01,31.893,200,
10:10:06,31.887,100,
10:10:07,31.88,100,
10:10:07,31.88,200,
10:10:08,31.88,200,
10:10:08,31.88,100,
10:10:09,31.88,200,
10:10:09,31.88,100,
10:10:09,31.89,100,
10:10:09,31.89,500,
10:10:09,31.89,500,
10:10:09,31.89,279,
10:10:12,31.91,200,
10:10:13,31.91,100,
10:10:14,31.92,100,
10:10:15,31.92,3000,
10:10:16,31.93,664,
10:10:16,31.93,500,
10:10:19,31.93,100,
10:10:22,31.89,100,
10:10:22,31.89,100,
10:10:22,31.90,100,
10:10:23,31.90,100,
10:10:23,31.90,100,
10:10:23,31.8828,100,
10:10:23,31.8814,100,
10:10:23,31.881,400,
10:10:24,31.89,100,
10:10:24,31.89,100,
10:10:24,31.88,500,
10:10:24,31.89,100,
10:10:24,31.89,100,
10:10:24,31.89,300,
10:10:24,31.89,100,
10:10:24,31.88,100,
10:10:24,31.90,100,
10:10:24,31.91,600,
10:10:24,31.90,400,
10:10:25,31.90,200,
10:10:25,31.881,1200,
10:10:28,31.89,100,
10:10:28,31.89,100,
10:10:28,31.89,100,
10:10:28,31.89,100,
10:10:28,31.89,600,
10:10:28,31.90,600,
10:10:28,31.90,500,
10:10:28,31.90,400,
10:10:28,31.90,300,
10:10:28,31.90,100,
10:10:29,31.89,100,
10:10:29,31.89,600,
10:10:29,31.89,100,
10:10:29,31.89,100,
10:10:31,31.90,100,
10:10:32,31.90,700,
10:10:33,31.89,100,
10:10:33,31.899,100,
10:10:33,31.89,100,
10:10:34,31.93,100,
10:10:34,31.93,600,
10:10:35,31.94,400,
10:10:35,31.94,500,
10:10:35,31.94,400,
10:10:36,31.94,100,
10:10:37,31.94,100,
10:10:37,31.94,100,
10:10:38,31.94,100,
10:10:38,31.94,100,
10:10:39,31.93,100,
10:10:40,31.94,100,
10:10:41,31.9428,100,
10:10:43,31.95,100,
10:10:43,31.95,100,
10:10:43,31.95,100,
10:10:45,31.9474,1300,
10:10:49,31.9464,100,
10:10:49,31.9474,100,
10:10:49,31.949,300,
10:10:50,31.95,300,
10:10:50,31.97,100,
10:10:50,31.97,100,
10:10:51,31.9812,1000,
10:10:52,31.99,100,
10:10:52,32,100,
10:10:52,32,100,
10:10:52,32,100,
10:10:53,32,115,
10:10:53,32,300,
10:10:53,32.01,100,
10:10:54,32.02,100,
10:10:54,32.02,100,
10:10:54,32.02,100,
10:10:54,32.02,300,
10:10:54,32.02,300,
10:10:54,32.019,200,
10:10:55,32.01,100,
10:10:56,32.0072,100,
10:10:57,32.007,140,
10:10:58,32.01,100,
10:10:58,32.01,100,
10:10:58,32.009,2900,
10:10:58,32.01,3300,
10:11:00,32.0112,1000,
10:11:01,32.01,200,
10:11:01,32,100,
10:11:01,31.99,100,
10:11:01,32.0184,200,
10:11:02,32.03,300,
10:11:02,32.04,300,
10:11:03,32.06,200,
10:11:03,32.06,100,
10:11:05,32.0512,100,
10:11:05,32.0512,100,
10:11:05,32.0501,1000,
10:11:05,32.05,100,
10:11:05,32.05,100,
10:11:05,32.05,100,
10:11:05,32.0501,100,
10:11:05,32.0501,100,
10:11:05,32.05,100,
10:11:05,32.04,100,
10:11:05,32.04,100,
10:11:05,32.04,100,
10:11:05,32.04,100,
10:11:05,32.05,300,
10:11:06,32.03,114,
10:11:06,32.04,100,
10:11:06,32.03,100,
10:11:06,32.04,200,
10:11:07,32,500,
10:11:08,31.989,100,
10:11:08,32,100,
10:11:08,32,100,
10:11:08,32.01,300,
10:11:10,32.01,612,
10:11:11,32,100,
10:11:13,31.96,100,
10:11:14,31.9505,800,
10:11:14,31.96,100,
10:11:14,31.96,100,
10:11:14,31.96,300,
10:11:14,31.95,100,
10:11:14,31.94,100,
10:11:14,31.94,300,
10:11:14,31.96,600,
10:11:14,31.96,100,
10:11:14,31.96,11100,
10:11:17,31.93,300,
10:11:17,31.93,100,
10:11:17,31.94,100,
10:11:17,31.94,200,
10:11:17,31.94,300,
10:11:17,31.94,100,
10:11:17,31.9399,1400,
10:11:18,31.9495,300,
10:11:18,31.95,100,
10:11:19,31.9398,100,
10:11:19,31.95,298,
10:11:19,31.94,100,
10:11:20,31.92,300,
10:11:20,31.92,300,
10:11:21,31.95,500,
10:11:24,31.96,100,
10:11:24,31.96,100,
10:11:24,31.96,100,
10:11:24,31.96,100,
10:11:24,31.95,4000,
10:11:24,31.98,100,
10:11:27,31.94,100,
10:11:27,31.94,200,
10:11:28,31.90,158,
10:11:28,31.91,342,
10:11:29,31.91,100,
10:11:29,31.9099,1300,
10:11:30,31.89,200,
10:11:30,31.89,100,
10:11:34,31.9084,700,
10:11:34,31.9084,500,
10:11:35,31.89,100,
10:11:35,31.89,300,
10:11:35,31.88,100,
10:11:35,31.89,200,
10:11:36,31.87,100,
10:11:36,31.87,200,
10:11:36,31.87,100,
10:11:36,31.86,200,
10:11:36,31.85,100,
10:11:38,31.85,197,
10:11:39,31.85,100,
10:11:39,31.84,100,
10:11:39,31.85,242,
10:11:41,31.8303,100,
10:11:41,31.8303,100,
10:11:41,31.83,200,
10:11:41,31.82,200,
10:11:44,31.85,100,
10:11:44,31.85,100,
10:11:44,31.85,100,
10:11:47,31.83,100,
10:11:47,31.83,100,
10:11:47,31.82,300,
10:11:48,31.81,100,
10:11:48,31.82,100,
10:11:48,31.8195,400,
10:11:49,31.821,1000,
10:11:49,31.83,1500,
10:11:50,31.80,867,
10:11:50,31.8083,100,
10:11:50,31.8083,100,
10:11:50,31.80,100,
10:11:50,31.8083,100,
10:11:50,31.809,600,
10:11:52,31.80,200,
10:11:52,31.80,100,
10:11:52,31.809,100,
10:11:52,31.78,500,
10:11:53,31.77,500,
10:11:56,31.83,2000,
10:11:57,31.8243,200,
10:11:59,31.82,500,
10:12:00,31.83,100,
10:12:00,31.82,100,
10:12:13,31.78,100,
10:12:13,31.80,100,
10:12:13,31.80,100,
10:12:13,31.80,200,
10:12:13,31.81,100,
10:12:14,31.79,100,
10:12:21,31.7865,100,
10:12:26,31.80,300,
10:12:27,31.82,100,
10:12:28,31.79,100,
10:12:29,31.78,100,
10:12:29,31.78,100,
10:12:29,31.78,100,
10:12:32,31.79,100,
10:12:32,31.79,100,
10:12:38,31.75,100,
10:12:40,31.75,600,
10:12:43,31.74,100,
10:12:45,31.7312,1000,
10:12:46,31.73,300,
10:12:46,31.72,200,
10:12:49,31.71,100,
10:12:49,31.72,200,
10:12:49,31.72,100,
10:12:53,31.75,600,
10:12:53,31.75,300,
10:12:53,31.75,600,
10:12:53,31.77,100,
10:12:53,31.7502,2500,
10:12:53,31.77,100,
10:12:54,31.7712,1000,
10:12:55,31.7799,100,
10:12:56,31.779,1700,
10:12:57,31.75,100,
10:12:58,31.777,500,
10:12:59,31.77,100,
10:12:59,31.77,200,
10:13:01,31.77,400,
10:13:04,31.75,300,
10:13:04,31.75,100,
10:13:05,31.76,100,
10:13:05,31.76,100,
10:13:05,31.76,100,
10:13:10,31.75,100,
10:13:12,31.7184,660,
10:13:13,31.70,700,
10:13:13,31.70,1300,
10:13:13,31.70,200,
10:13:14,31.66,100,
10:13:14,31.66,100,
10:13:14,31.66,300,
10:13:14,31.65,100,
10:13:14,31.64,100,
10:13:14,31.64,300,
10:13:14,31.63,300,
10:13:14,31.62,1287,
10:13:14,31.62,1040,
10:13:15,31.61,100,
10:13:15,31.60,550,
10:13:16,31.59,200,
10:13:16,31.59,700,
10:13:16,31.5814,1100,
10:13:16,31.60,455,
10:13:16,31.59,100,
10:13:16,31.58,300,
10:13:17,31.5716,389,
10:13:17,31.5728,200,
10:13:17,31.611,400,
10:13:17,31.57,258,
10:13:17,31.56,246,
10:13:17,31.55,100,
10:13:17,31.56,100,
10:13:18,31.55,106,
10:13:18,31.55,300,
10:13:18,31.5428,200,
10:13:18,31.53,200,
10:13:19,31.5715,100,
10:13:19,31.573,330,
10:13:20,31.5225,5000,
10:13:21,31.5202,100,
10:13:21,31.52,100,
10:13:21,31.5201,100,
10:13:21,31.521,2500,
10:13:22,31.53,100,
10:13:22,31.531,200,
10:13:23,31.52,4700,
10:13:23,31.53,100,
10:13:23,31.53,500,
10:13:23,31.53,471,
10:13:23,31.53,212,
10:13:23,31.54,100,
10:13:23,31.54,100,
10:13:23,31.54,145,
10:13:23,31.55,100,
10:13:24,31.55,200,
10:13:24,31.55,200,
10:13:24,31.57,100,
10:13:25,31.5411,300,
10:13:25,31.579,1000,
10:13:25,31.58,100,
10:13:26,31.57,100,
10:13:26,31.5701,100,
10:13:27,31.58,100,
10:13:27,31.56,13100,
10:13:29,31.57,300,
10:13:29,31.57,100,
10:13:30,31.55,100,
10:13:31,31.551,1000,
10:13:31,31.5616,500,
10:13:33,31.5599,100,
10:13:33,31.57,100,
10:13:33,31.56,300,
10:13:35,31.55,100,
10:13:36,31.54,300,
10:13:36,31.54,100,
10:13:41,31.58,100,
10:13:42,31.60,100,
10:13:43,31.591,1000,
10:13:43,31.58,100,
10:13:44,31.58,7000,
10:13:49,31.61,100,
10:13:51,31.58,100,
10:13:52,31.58,400,
10:13:52,31.561,100,
10:13:53,31.597,750,
10:13:55,31.563,1200,
10:13:56,31.553,100,
10:13:57,31.5695,100,
10:13:57,31.5699,100,
10:13:57,31.5698,100,
10:13:59,31.56,157,
10:13:59,31.56,157,
10:13:59,31.54,100,
10:13:59,31.54,100,
10:14:00,31.536,100,
10:14:00,31.5395,800,
10:14:01,31.54,100,
10:14:01,31.54,100,
10:14:01,31.54,200,
10:14:01,31.55,15705,
10:14:01,31.561,350,
10:14:02,31.55,200,
10:14:02,31.54,100,
10:14:03,31.54,700,
10:14:04,31.55,100,
10:14:04,31.55,100,
10:14:05,31.57,300,
10:14:05,31.57,100,
10:14:05,31.57,100,
10:14:05,31.57,300,
10:14:05,31.57,300,
10:14:05,31.57,100,
10:14:05,31.5699,100,
10:14:05,31.5699,100,
10:14:05,31.5699,100,
10:14:05,31.5699,100,
10:14:05,31.5699,300,
10:14:09,31.57,100,
10:14:10,31.5794,100,
10:14:13,31.56,100,
10:14:13,31.56,100,
10:14:13,31.56,100,
10:14:13,31.54,100,
10:14:13,31.55,100,
10:14:13,31.54,200,
10:14:13,31.55,100,
10:14:16,31.56,100,
10:14:16,31.58,100,
10:14:16,31.59,100,
10:14:16,31.59,100,
10:14:17,31.581,200,
10:14:18,31.58,100,
10:14:18,31.58,100,
10:14:22,31.55,100,
10:14:22,31.54,100,
10:14:22,31.54,100,
10:14:22,31.54,100,
10:14:22,31.55,100,
10:14:22,31.56,100,
10:14:23,31.5501,2000,
10:14:26,31.55,200,
10:14:26,31.56,100,
10:14:26,31.569,700,
10:14:26,31.57,100,
10:14:27,31.553,100,
10:14:29,31.58,300,
10:14:30,31.59,100,
10:14:30,31.59,100,
10:14:30,31.58,100,
10:14:30,31.59,100,
10:14:32,31.59,149,
10:14:32,31.59,100,
10:14:32,31.59,100,
10:14:32,31.58,100,
10:14:33,31.59,100,
10:14:33,31.58,100,
10:14:35,31.58,100,
10:14:36,31.5783,100,
10:14:36,31.58,100,
10:14:36,31.58,200,
10:14:38,31.58,100,
10:14:38,31.58,100,
10:14:40,31.56,200,
10:14:40,31.5595,600,
10:14:42,31.54,100,
10:14:42,31.54,325,
10:14:43,31.539,1000,
10:14:44,31.52,125,
10:14:45,31.51,700,
10:14:45,31.51,175,
10:14:45,31.51,300,
10:14:45,31.50,600,
10:14:45,31.50,1500,
10:14:45,31.50,384,
10:14:46,31.51,100,
10:14:46,31.529,300,
10:14:47,31.53,100,
10:14:47,31.50,200,
10:14:47,31.56,103,
10:14:47,31.57,200,
10:14:47,31.58,200,
10:14:47,31.58,100,
10:14:49,31.58,200,
10:14:50,31.59,100,
10:14:50,31.58,100,
10:14:52,31.57,350,
10:14:52,31.58,100,
10:14:55,31.59,300,
10:14:55,31.58,100,
10:14:55,31.58,100,
10:14:55,31.58,100,
10:14:55,31.58,100,
10:14:55,31.58,100,
10:14:55,31.58,300,
10:14:55,31.5616,500,
10:14:59,31.59,100,
10:14:59,31.59,100,
10:14:59,31.59,200,
10:14:59,31.60,300,
10:14:59,31.59,100,
10:14:59,31.59,100,
10:14:59,31.60,100,
10:14:59,31.60,100,
10:14:59,31.59,200,
10:15:00,31.57,300,
10:15:01,31.56,100,
10:15:05,31.57,100,
10:15:09,31.5872,200,
10:15:10,31.58,300,
10:15:13,31.59,100,
10:15:13,31.59,100,
10:15:13,31.59,100,
10:15:15,31.58,300,
10:15:20,31.57,100,
10:15:20,31.56,100,
10:15:29,31.5501,1900,
10:15:30,31.553,100,
10:15:30,31.60,100,
10:15:30,31.61,100,
10:15:31,31.63,200,
10:15:33,31.63,100,
10:15:33,31.62,100,
10:15:34,31.609,200,
10:15:35,31.63,2000,
10:15:38,31.5884,100,
10:15:40,31.60,100,
10:15:44,31.601,150,
10:15:44,31.5926,2900,
10:15:47,31.6084,210,
10:15:49,31.618,1400,
10:15:50,31.61,100,
10:15:52,31.6385,100,
10:15:58,31.6002,100,
10:15:59,31.62,4000,
10:16:03,31.68,100,
10:16:03,31.68,100,
10:16:03,31.68,600,
10:16:03,31.68,100,
10:16:06,31.6868,100,
10:16:09,31.673,100,
10:16:11,31.68,500,
10:16:12,31.70,100,
10:16:12,31.70,200,
10:16:12,31.70,100,
10:16:12,31.70,100,
10:16:12,31.70,100,
10:16:12,31.71,100,
10:16:12,31.71,100,
10:16:12,31.71,300,
10:16:12,31.72,100,
10:16:12,31.72,100,
10:16:14,31.711,100,
10:16:14,31.711,200,
10:16:14,31.711,100,
10:16:18,31.71,100,
10:16:18,31.71,100,
10:16:20,31.719,157,
10:16:20,31.70,192,
10:16:21,31.6719,100,
10:16:23,31.67,100,
10:16:23,31.69,100,
10:16:27,31.70,100,
10:16:28,31.702,1000,
10:16:29,31.737,200,
10:16:30,31.6901,900,
10:16:35,31.679,1000,
10:16:37,31.6699,500,
10:16:39,31.65,100,
10:16:39,31.63,300,
10:16:39,31.63,100,
10:16:39,31.63,100,
10:16:39,31.64,100,
10:16:39,31.64,100,
10:16:39,31.64,188,
10:16:44,31.633,400,
10:16:45,31.68,100,
10:16:45,31.681,300,
10:16:45,31.68,100,
10:16:45,31.6801,303,
10:16:46,31.67,100,
10:16:47,31.6601,300,
10:16:47,31.67,1006,
10:16:47,31.681,100,
10:16:47,31.68,100,
10:16:48,31.68,100,
10:16:53,31.66,200,
10:16:58,31.64,100,
10:16:58,31.62,100,
10:17:01,31.621,1000,
10:17:02,31.59,100,
10:17:02,31.60,212,
10:17:03,31.60,100,
10:17:05,31.588,700,
10:17:07,31.59,100,
10:17:12,31.60,100,
10:17:13,31.621,100,
10:17:15,31.64,100,
10:17:16,31.66,100,
10:17:16,31.67,200,
10:17:16,31.67,100,
10:17:16,31.67,100,
10:17:16,31.67,100,
10:17:16,31.67,100,
10:17:16,31.67,200,
10:17:16,31.68,300,
10:17:17,31.71,206,
10:17:17,31.73,100,
10:17:17,31.72,100,
10:17:17,31.72,100,
10:17:17,31.71,100,
10:17:17,31.71,100,
10:17:17,31.71,100,
10:17:17,31.72,200,
10:17:26,31.7816,700,
10:17:27,31.80,100,
10:17:27,31.80,100,
10:17:29,31.78,267,
10:17:29,31.7795,600,
10:17:31,31.75,200,
10:17:32,31.76,100,
10:17:33,31.7573,2000,
10:17:35,31.751,500,
10:17:35,31.759,100,
10:17:36,31.76,100,
10:17:37,31.78,100,
10:17:37,31.7799,700,
10:17:38,31.77,500,
10:17:39,31.79,100,
10:17:40,31.79,300,
10:17:40,31.77,300,
10:17:41,31.79,600,
10:17:43,31.77,100,
10:17:43,31.75,20000,
10:17:43,31.75,100,
10:17:44,31.73,100,
10:17:44,31.73,100,
10:17:58,31.76,100,
10:17:58,31.76,100,
10:17:58,31.755,100,
10:17:59,31.7399,100,
10:18:01,31.78,100,
10:18:01,31.78,200,
10:18:01,31.78,200,
10:18:01,31.79,200,
10:18:01,31.79,222,
10:18:02,31.80,100,
10:18:02,31.80,300,
10:18:02,31.83,100,
10:18:02,31.84,297,
10:18:03,31.84,100,
10:18:03,31.84,203,
10:18:03,31.85,100,
10:18:03,31.84,100,
10:18:04,31.84,100,
10:18:05,31.88,100,
10:18:05,31.87,100,
10:18:08,31.8599,300,
10:18:10,31.87,100,
10:18:10,31.87,100,
10:18:10,31.90,100,
10:18:10,31.88,100,
10:18:10,31.88,400,
10:18:10,31.9001,100,
10:18:11,31.91,200,
10:18:11,31.9268,500,
10:18:12,31.909,300,
10:18:13,31.91,200,
10:18:13,31.92,100,
10:18:13,31.92,100,
10:18:13,31.92,300,
10:18:13,31.91,100,
10:18:13,31.91,100,
10:18:13,31.92,100,
10:18:13,31.92,200,
10:18:13,31.91,100,
10:18:13,31.92,200,
10:18:13,31.92,200,
10:18:13,31.92,200,
10:18:13,31.92,100,
10:18:13,31.92,100,
10:18:14,31.94,100,
10:18:14,31.93,100,
10:18:14,31.92,100,
10:18:14,31.909,100,
10:18:14,31.9312,1000,
10:18:14,31.93,100,
10:18:15,31.9212,1500,
10:18:16,31.92,200,
10:18:16,31.91,100,
10:18:16,31.91,100,
10:18:16,31.90,200,
10:18:16,31.90,100,
10:18:16,31.90,200,
10:18:20,31.90,300,
10:18:20,31.90,100,
10:18:20,31.90,100,
10:18:20,31.90,300,
10:18:20,31.90,100,
10:18:20,31.90,700,
10:18:20,31.90,100,
10:18:21,31.90,1400,
10:18:21,31.89,200,
10:18:29,31.85,100,
10:18:29,31.86,100,
10:18:29,31.86,200,
10:18:31,31.839,600,
10:18:33,31.84,3200,
10:18:35,31.83,200,
10:18:38,31.81,200,
10:18:39,31.80,100,
10:18:39,31.80,600,
10:18:40,31.79,200,
10:18:41,31.79,100,
10:18:42,31.7999,100,
10:18:45,31.81,281,
10:18:48,31.811,1800,
10:18:48,31.81,100,
10:18:56,31.81,200,
10:18:57,31.83,100,
10:18:57,31.85,100,
10:19:02,31.8656,300,
10:19:04,31.88,100,
10:19:04,31.88,100,
10:19:04,31.88,100,
10:19:04,31.88,309,
10:19:04,31.88,100,
10:19:04,31.881,100,
10:19:04,31.87,100,
10:19:05,31.8699,1000,
10:19:06,31.89,300,
10:19:08,31.88,300,
10:19:09,31.87,600,
10:19:09,31.89,100,
10:19:09,31.89,100,
10:19:09,31.88,100,
10:19:09,31.88,100,
10:19:11,31.88,100,
10:19:12,31.89,100,
10:19:12,31.90,8700,
10:19:13,31.86,100,
10:19:14,31.85,100,
10:19:15,31.86,100,
10:19:15,31.86,100,
10:19:15,31.85,100,
10:19:15,31.85,100,
10:19:15,31.85,500,
10:19:15,31.85,100,
10:19:15,31.85,300,
10:19:15,31.86,100,
10:19:15,31.86,100,
10:19:15,31.85,100,
10:19:15,31.85,100,
10:19:15,31.85,252,
10:19:15,31.86,200,
10:19:15,31.85,100,
10:19:15,31.85,100,
10:19:16,31.86,100,
10:19:21,31.8816,200,
10:19:22,31.89,100,
10:19:22,31.89,100,
10:19:25,31.87,100,
10:19:27,31.85,200,
10:19:29,31.83,100,
10:19:29,31.83,100,
10:19:30,31.84,100,
10:19:32,31.86,100,
10:19:32,31.86,200,
10:19:34,31.85,100,
10:19:34,31.85,200,
10:19:34,31.85,200,
10:19:34,31.85,351,
10:19:35,31.888,200,
10:19:38,31.85,100,
10:19:38,31.861,280,
10:19:44,31.86,100,
10:19:46,31.85,100,
10:19:51,31.81,100,
10:19:51,31.80,100,
10:19:51,31.80,100,
10:19:51,31.801,200,
10:19:52,31.81,100,
10:19:52,31.801,100,
10:19:53,31.79,100,
10:19:53,31.801,100,
10:19:54,31.801,100,
10:19:54,31.81,200,
10:19:56,31.83,100,
10:19:56,31.83,300,
10:19:56,31.83,100,
10:19:56,31.84,100,
10:19:57,31.84,100,
10:19:59,31.8374,3203,
10:20:00,31.85,100,
10:20:00,31.85,200,
10:20:01,31.88,100,
10:20:03,31.89,100,
10:20:03,31.90,200,
10:20:03,31.90,100,
10:20:03,31.90,100,
10:20:03,31.90,100,
