09:30:00,30.73,250,
09:30:00,30.73,100,
09:30:00,30.73,150,
09:30:00,30.73,450,
09:30:00,30.73,200,
09:30:00,30.72,200,
09:30:00,30.73,200,
09:30:00,30.73,500,
09:30:00,30.73,300,
09:30:00,30.74,900,
09:30:01,30.73,300,
09:30:01,30.73,300,
09:30:01,30.74,200,
09:30:02,30.7597,2000,
09:30:04,30.76,200,
09:30:09,30.75,300,
09:30:09,30.75,100,
09:30:11,30.7385,100,
09:30:12,30.77,100,
09:30:14,30.78,100,
09:30:16,30.75,100,
09:30:19,30.77,100,
09:30:19,30.76,300,
09:30:20,30.75,2700,
09:30:20,30.77,180,
09:30:20,30.7699,162,
09:30:21,30.75,100,
09:30:21,30.763,100,
09:30:21,30.777,100,
09:30:22,30.75,100,
09:30:22,30.7505,100,
09:30:22,30.7505,100,
09:30:22,30.75,100,
09:30:25,30.7498,100,
09:30:25,30.7499,100,
09:30:26,30.7402,200,
09:30:26,30.7402,300,
09:30:27,30.74,1600,
09:30:28,30.7599,300,
09:30:28,30.76,200,
09:30:29,30.75,200,
09:30:29,30.75,100,
09:30:30,30.75,300,
09:30:32,30.773,1000,
09:30:32,30.77,100,
09:30:32,30.7709,100,
09:30:32,30.7706,100,
09:30:32,30.77,1000,
09:30:32,30.77,100,
09:30:32,30.773,200,
09:30:33,30.77,100,
09:30:34,30.74,300,
09:30:34,30.75,100,
09:30:35,30.7519,100,
09:30:35,30.773,100,
09:30:37,30.7494,1500,
09:30:38,30.7499,4000,
09:30:39,30.7444,500,
09:30:41,30.7392,100,
09:30:42,30.74,200,
09:30:42,30.75,100,
09:30:42,30.75,100,
09:30:43,30.77,100,
09:30:43,30.751,250,
09:30:44,30.757,400,
09:30:47,30.747,300,
09:30:48,30.7444,380,
09:30:51,30.7232,100,
09:30:53,30.70,100,
09:30:54,30.6852,100,
09:30:54,30.6884,800,
09:30:58,30.6872,1400,
09:31:00,30.6885,100,
09:31:02,30.67,300,
09:31:02,30.67,100,
09:31:03,30.6584,195,
09:31:04,30.65,200,
09:31:04,30.66,11389,
09:31:05,30.651,175,
09:31:09,30.64,100,
09:31:10,30.6314,825,
09:31:11,30.64,500,
09:31:11,30.6399,100,
09:31:11,30.65,6700,
09:31:11,30.6321,100,
09:31:14,30.65,200,
09:31:16,30.67,400,
09:31:17,30.64,100,
09:31:17,30.6326,100,
09:31:17,30.6326,100,
09:31:17,30.6325,100,
09:31:18,30.6308,200,
09:31:19,30.65,100,
09:31:20,30.641,200,
09:31:20,30.67,100,
09:31:23,30.6655,100,
09:31:25,30.69,101,
09:31:26,30.68,500,
09:31:26,30.6852,100,
09:31:28,30.6679,1000,
09:31:29,30.67,400,
09:31:30,30.68,500,
09:31:30,30.688,500,
09:31:34,30.7101,600,
09:31:34,30.7102,1200,
09:31:34,30.7244,100,
09:31:37,30.75,100,
09:31:37,30.74,100,
09:31:38,30.74,100,
09:31:40,30.75,100,
09:31:42,30.7256,900,
09:31:42,30.7219,100,
09:31:42,30.7201,200,
09:31:42,30.7201,300,
09:31:47,30.724,1700,
09:31:47,30.73,100,
09:31:48,30.74,500,
09:31:49,30.74,200,
09:31:49,30.75,1700,
09:31:50,30.747,400,
09:31:51,30.74,800,
09:31:51,30.74,800,
09:31:51,30.74,300,
09:31:53,30.7401,100,
09:31:54,30.7401,100,
09:31:57,30.751,100,
09:31:57,30.77,100,
09:31:57,30.77,100,
09:32:02,30.757,300,
09:32:04,30.7744,350,
09:32:04,30.777,100,
09:32:05,30.77,300,
09:32:06,30.7776,100,
09:32:06,30.7783,100,
09:32:06,30.7782,100,
09:32:06,30.7799,100,
09:32:09,30.78,100,
09:32:12,30.7601,380,
09:32:13,30.76,200,
09:32:13,30.76,100,
09:32:13,30.76,100,
09:32:14,30.778,100,
09:32:16,30.76,200,
09:32:17,30.75,100,
09:32:18,30.76,400,
09:32:18,30.7599,700,
09:32:18,30.77,100,
09:32:18,30.77,100,
09:32:18,30.77,200,
09:32:18,30.77,300,
09:32:18,30.78,400,
09:32:18,30.77,100,
09:32:18,30.77,100,
09:32:18,30.7795,500,
09:32:19,30.78,100,
09:32:19,30.80,100,
09:32:20,30.80,400,
09:32:20,30.80,200,
09:32:20,30.80,100,
09:32:20,30.80,100,
09:32:20,30.80,300,
09:32:20,30.7999,1000,
09:32:20,30.80,113,
09:32:21,30.7972,200,
09:32:21,30.80,200,
09:32:21,30.80,100,
09:32:21,30.80,100,
09:32:21,30.80,200,
09:32:23,30.7944,500,
09:32:25,30.7944,500,
09:32:26,30.799,416,
09:32:27,30.78,110,
09:32:29,30.80,400,
09:32:29,30.80,300,
09:32:29,30.7999,200,
09:32:30,30.799,100,
09:32:31,30.78,1900,
09:32:35,30.781,100,
09:32:36,30.77,157,
09:32:36,30.77,300,
09:32:36,30.76,1300,
09:32:36,30.76,400,
09:32:37,30.78,500,
09:32:37,30.7799,800,
09:32:37,30.79,380,
09:32:40,30.76,200,
09:32:40,30.763,100,
09:32:41,30.75,300,
09:32:42,30.7499,900,
09:32:42,30.75,800,
09:32:43,30.75,100,
09:32:43,30.75,600,
09:32:43,30.7499,100,
09:32:43,30.7499,200,
09:32:43,30.7499,600,
09:32:43,30.7499,600,
09:32:43,30.75,600,
09:32:44,30.7499,600,
09:32:44,30.75,600,
09:32:46,30.747,500,
09:32:46,30.74,100,
09:32:46,30.77,100,
09:32:47,30.77,300,
09:32:52,30.7698,200,
09:32:52,30.7698,100,
09:32:54,30.75,400,
09:32:54,30.7598,100,
09:32:55,30.76,300,
09:32:57,30.74,1000,
09:32:59,30.7444,500,
09:33:03,30.749,400,
09:33:05,30.73,100,
09:33:08,30.7472,1300,
09:33:10,30.7611,100,
09:33:10,30.74,10000,
09:33:12,30.761,500,
09:33:13,30.77,500,
09:33:16,30.789,600,
09:33:20,30.79,100,
09:33:26,30.79,100,
09:33:26,30.79,200,
09:33:28,30.7832,500,
09:33:29,30.7968,800,
09:33:29,30.80,100,
09:33:30,30.7898,100,
09:33:30,30.7898,1000,
09:33:31,30.789,600,
09:33:34,30.7815,100,
09:33:36,30.781,200,
09:33:40,30.789,1000,
09:33:42,30.787,1000,
09:33:43,30.7756,400,
09:33:44,30.773,100,
09:33:45,30.7998,100,
09:33:46,30.80,1000,
09:33:47,30.7994,100,
09:33:47,30.799,200,
09:33:49,30.80,100,
09:33:50,30.799,100,
09:33:50,30.78,200,
09:33:50,30.78,100,
09:33:51,30.79,300,
09:33:53,30.80,100,
09:33:53,30.80,100,
09:33:54,30.799,2100,
09:33:55,30.81,200,
09:33:56,30.8126,100,
09:33:58,30.8199,100,
09:33:59,30.8198,100,
09:33:59,30.80,100,
09:33:59,30.799,600,
09:34:00,30.817,300,
09:34:00,30.80,7700,
09:34:01,30.82,300,
09:34:01,30.8254,100,
09:34:06,30.8244,400,
09:34:07,30.827,100,
09:34:09,30.82,200,
09:34:09,30.8199,500,
09:34:09,30.83,4200,
09:34:11,30.817,500,
09:34:12,30.8084,200,
09:34:15,30.8267,100,
09:34:18,30.827,100,
09:34:20,30.83,100,
09:34:20,30.82,200,
09:34:20,30.82,100,
09:34:20,30.82,100,
09:34:22,30.82,400,
09:34:22,30.8172,200,
09:34:23,30.83,200,
09:34:23,30.83,100,
09:34:23,30.83,100,
09:34:23,30.8299,1000,
09:34:23,30.83,100,
09:34:26,30.83,100,
09:34:26,30.83,200,
09:34:26,30.83,200,
09:34:26,30.83,500,
09:34:26,30.8299,200,
09:34:26,30.83,300,
09:34:26,30.8299,100,
09:34:26,30.8299,200,
09:34:27,30.829,2000,
09:34:28,30.81,100,
09:34:28,30.81,200,
09:34:28,30.82,100,
09:34:28,30.82,100,
09:34:28,30.82,100,
09:34:29,30.8099,100,
09:34:29,30.8099,100,
09:34:29,30.8099,100,
09:34:29,30.81,100,
09:34:35,30.803,1000,
09:34:35,30.80,400,
09:34:35,30.80,120,
09:34:35,30.82,200,
09:34:36,30.7998,100,
09:34:36,30.79,100,
09:34:38,30.7892,100,
09:34:38,30.7877,100,
09:34:38,30.7874,100,
09:34:40,30.79,100,
09:34:40,30.78,300,
09:34:40,30.77,100,
09:34:41,30.787,300,
09:34:42,30.76,600,
09:34:42,30.76,300,
09:34:44,30.7615,100,
09:34:46,30.75,200,
09:34:46,30.75,200,
09:34:46,30.75,100,
09:34:46,30.73,100,
09:34:46,30.73,100,
09:34:46,30.73,515,
09:34:47,30.769,300,
09:34:47,30.70,200,
09:34:48,30.70,100,
09:34:49,30.7199,200,
09:34:49,30.72,100,
09:34:50,30.71,100,
09:34:50,30.7099,200,
09:34:51,30.7001,1000,
09:34:52,30.7101,1200,
09:34:53,30.70,488,
09:34:54,30.719,100,
09:34:57,30.719,500,
09:34:59,30.7444,1000,
09:35:00,30.72,600,
09:35:03,30.73,200,
09:35:03,30.73,100,
09:35:03,30.71,100,
09:35:03,30.71,100,
09:35:05,30.71,100,
09:35:06,30.73,100,
09:35:07,30.72,100,
09:35:07,30.72,200,
09:35:07,30.72,100,
09:35:07,30.73,100,
09:35:07,30.7299,100,
09:35:11,30.71,100,
09:35:11,30.71,200,
09:35:11,30.70,100,
09:35:16,30.69,100,
09:35:18,30.66,200,
09:35:18,30.66,300,
09:35:19,30.6695,500,
09:35:19,30.6786,100,
09:35:19,30.679,100,
09:35:19,30.6793,100,
09:35:19,30.679,900,
09:35:19,30.65,700,
09:35:21,30.6431,200,
09:35:21,30.6429,100,
09:35:21,30.6406,100,
09:35:21,30.6434,100,
09:35:21,30.6428,100,
09:35:21,30.641,1600,
09:35:21,30.653,700,
09:35:21,30.6401,500,
09:35:22,30.657,100,
09:35:22,30.6471,200,
09:35:23,30.6568,299,
09:35:23,30.64,100,
09:35:23,30.64,100,
09:35:25,30.66,100,
09:35:25,30.66,200,
09:35:26,30.6601,300,
09:35:27,30.6701,1000,
09:35:28,30.681,100,
09:35:28,30.70,100,
09:35:28,30.70,100,
09:35:28,30.70,100,
09:35:28,30.70,100,
09:35:28,30.70,100,
09:35:28,30.70,100,
09:35:28,30.70,100,
09:35:28,30.70,100,
09:35:28,30.70,100,
09:35:28,30.70,100,
09:35:28,30.70,100,
09:35:28,30.70,100,
09:35:28,30.70,110,
09:35:29,30.67,2000,
09:35:29,30.693,1000,
09:35:30,30.681,200,
09:35:31,30.73,214,
09:35:31,30.73,200,
09:35:33,30.75,800,
09:35:34,30.75,2000,
09:35:35,30.76,100,
09:35:38,30.767,300,
09:35:40,30.73,100,
09:35:47,30.73,100,
09:35:48,30.731,900,
09:35:49,30.73,100,
09:35:52,30.73,100,
09:35:58,30.72,100,
09:35:59,30.729,200,
09:36:00,30.70,300,
09:36:00,30.699,100,
09:36:03,30.71,100,
09:36:05,30.711,100,
09:36:06,30.70,700,
09:36:09,30.66,514,
09:36:10,30.66,187,
09:36:10,30.6599,1000,
09:36:11,30.65,100,
09:36:11,30.65,200,
09:36:13,30.64,100,
09:36:13,30.64,100,
09:36:13,30.64,100,
09:36:13,30.64,100,
09:36:13,30.64,200,
09:36:13,30.64,100,
09:36:13,30.64,200,
09:36:13,30.64,300,
09:36:13,30.64,300,
09:36:13,30.64,200,
09:36:17,30.64,1200,
09:36:17,30.63,200,
09:36:17,30.63,100,
09:36:17,30.63,100,
09:36:20,30.63,200,
09:36:20,30.63,100,
09:36:21,30.62,100,
09:36:21,30.61,200,
09:36:21,30.60,200,
09:36:21,30.60,100,
09:36:23,30.5899,1500,
09:36:23,30.5814,1000,
09:36:23,30.58,100,
09:36:23,30.58,100,
09:36:23,30.58,500,
09:36:23,30.601,100,
09:36:23,30.58,100,
09:36:24,30.60,100,
09:36:24,30.601,200,
09:36:24,30.58,100,
09:36:26,30.57,200,
09:36:27,30.57,200,
09:36:27,30.57,200,
09:36:27,30.5746,100,
09:36:28,30.5799,100,
09:36:30,30.579,200,
09:36:34,30.5916,100,
09:36:34,30.60,100,
09:36:35,30.62,100,
09:36:36,30.59,300,
09:36:37,30.5999,2000,
09:36:38,30.571,200,
09:36:39,30.5772,1000,
09:36:42,30.55,200,
09:36:42,30.55,300,
09:36:44,30.541,2000,
09:36:47,30.55,100,
09:36:47,30.54,100,
09:36:48,30.52,100,
09:36:48,30.52,200,
09:36:48,30.51,484,
09:36:48,30.51,100,
09:36:48,30.51,200,
09:36:48,30.51,300,
09:36:49,30.51,100,
09:36:49,30.53,500,
09:36:50,30.51,400,
09:36:51,30.531,200,
09:36:54,30.548,200,
09:36:54,30.548,500,
09:36:55,30.56,100,
09:36:55,30.5699,300,
09:36:56,30.59,100,
09:36:56,30.59,100,
09:36:56,30.59,200,
09:36:56,30.59,600,
09:36:56,30.59,600,
09:36:57,30.562,150,
09:36:58,30.57,100,
09:36:58,30.56,100,
09:37:00,30.56,100,
09:37:01,30.5401,100,
09:37:06,30.557,1250,
09:37:08,30.56,233,
09:37:08,30.5599,2000,
09:37:10,30.5401,100,
09:37:10,30.54,100,
09:37:10,30.54,100,
09:37:11,30.53,100,
09:37:11,30.53,100,
09:37:11,30.53,100,
09:37:12,30.541,100,
09:37:12,30.532,960,
09:37:12,30.541,200,
09:37:12,30.534,1900,
09:37:12,30.541,100,
09:37:12,30.541,100,
09:37:15,30.53,7500,
09:37:17,30.5101,100,
09:37:18,30.523,300,
09:37:18,30.50,150,
09:37:18,30.50,100,
09:37:18,30.50,130,
09:37:18,30.50,500,
09:37:18,30.49,200,
09:37:19,30.45,100,
09:37:20,30.44,300,
09:37:20,30.45,100,
09:37:20,30.44,100,
09:37:20,30.41,807,
09:37:20,30.41,800,
09:37:20,30.44,200,
09:37:20,30.40,200,
09:37:20,30.40,600,
09:37:20,30.40,190,
09:37:20,30.37,300,
09:37:20,30.39,100,
09:37:20,30.39,100,
09:37:20,30.38,100,
09:37:20,30.39,100,
09:37:20,30.40,200,
09:37:21,30.39,200,
09:37:21,30.38,600,
09:37:21,30.39,1000,
09:37:21,30.38,300,
09:37:21,30.3805,500,
09:37:21,30.39,100,
09:37:21,30.40,200,
09:37:22,30.40,100,
09:37:22,30.391,100,
09:37:22,30.41,300,
09:37:22,30.40,100,
09:37:22,30.41,100,
09:37:22,30.41,100,
09:37:24,30.41,100,
09:37:24,30.391,100,
09:37:24,30.391,300,
09:37:25,30.41,300,
09:37:26,30.401,200,
09:37:26,30.42,190,
09:37:26,30.42,100,
09:37:26,30.43,800,
09:37:26,30.42,200,
09:37:27,30.428,200,
09:37:27,30.401,1600,
09:37:27,30.43,100,
09:37:28,30.42,600,
09:37:28,30.41,100,
09:37:31,30.42,100,
09:37:31,30.42,400,
09:37:31,30.42,200,
09:37:33,30.41,100,
09:37:33,30.41,100,
09:37:33,30.44,500,
09:37:33,30.40,100,
09:37:33,30.39,1100,
09:37:34,30.3975,100,
09:37:34,30.3979,100,
09:37:34,30.399,400,
09:37:34,30.39,100,
09:37:35,30.38,500,
09:37:36,30.399,1500,
09:37:37,30.40,100,
09:37:37,30.4001,200,
09:37:39,30.44,100,
09:37:42,30.449,400,
09:37:43,30.4272,500,
09:37:46,30.42,100,
09:37:48,30.41,300,
09:37:48,30.41,100,
09:37:48,30.41,100,
09:37:49,30.4108,200,
09:37:51,30.3794,100,
09:37:51,30.379,100,
09:37:53,30.3799,2100,
09:37:54,30.37,400,
09:37:54,30.379,2000,
09:37:54,30.377,100,
09:37:55,30.361,200,
09:37:55,30.361,200,
09:37:56,30.38,100,
09:37:56,30.3799,300,
09:37:56,30.37,100,
09:37:57,30.38,200,
09:37:58,30.38,600,
09:37:58,30.39,300,
09:38:00,30.38,100,
09:38:00,30.38,100,
09:38:00,30.38,200,
09:38:01,30.4068,150,
09:38:02,30.40,100,
09:38:02,30.40,300,
09:38:02,30.389,1200,
09:38:03,30.3901,700,
09:38:03,30.397,1500,
09:38:05,30.3999,2500,
09:38:06,30.391,200,
09:38:06,30.38,3600,
09:38:07,30.397,100,
09:38:09,30.386,100,
09:38:10,30.38,100,
09:38:11,30.38,200,
09:38:12,30.38,900,
09:38:12,30.3709,100,
09:38:12,30.371,100,
09:38:13,30.36,200,
09:38:13,30.36,100,
09:38:13,30.37,300,
09:38:13,30.37,100,
09:38:13,30.3599,100,
09:38:14,30.37,100,
09:38:14,30.37,100,
09:38:14,30.3699,500,
09:38:15,30.36,100,
09:38:15,30.36,600,
09:38:16,30.37,100,
09:38:16,30.37,100,
09:38:16,30.38,1200,
09:38:16,30.36,100,
09:38:18,30.34,100,
09:38:18,30.30,490,
09:38:18,30.30,290,
09:38:18,30.30,190,
09:38:18,30.30,100,
09:38:18,30.30,100,
09:38:18,30.31,300,
09:38:19,30.31,100,
09:38:19,30.304,1350,
09:38:20,30.302,200,
09:38:20,30.3102,500,
09:38:20,30.31,200,
09:38:21,30.33,100,
09:38:21,30.34,1300,
09:38:21,30.34,300,
09:38:21,30.34,100,
09:38:21,30.322,300,
09:38:21,30.317,500,
09:38:22,30.341,200,
09:38:22,30.341,700,
09:38:22,30.34,100,
09:38:23,30.33,100,
09:38:23,30.34,100,
09:38:23,30.3395,500,
09:38:24,30.3465,200,
09:38:24,30.3404,100,
09:38:24,30.341,200,
09:38:24,30.34,100,
09:38:24,30.3401,100,
09:38:24,30.33,1700,
09:38:25,30.33,100,
09:38:27,30.347,200,
09:38:27,30.329,900,
09:38:27,30.321,100,
09:38:28,30.329,100,
09:38:28,30.33,100,
09:38:28,30.311,300,
09:38:30,30.33,300,
09:38:30,30.319,100,
09:38:31,30.313,1250,
09:38:31,30.311,200,
09:38:31,30.31,700,
09:38:32,30.3112,350,
09:38:32,30.31,100,
09:38:33,30.313,500,
09:38:34,30.319,190,
09:38:34,30.30,200,
09:38:34,30.30,100,
09:38:34,30.30,100,
09:38:35,30.30,100,
09:38:35,30.3016,100,
09:38:36,30.26,100,
09:38:36,30.26,750,
09:38:36,30.27,250,
09:38:37,30.2628,500,
09:38:37,30.2696,100,
09:38:37,30.27,100,
09:38:37,30.27,100,
09:38:37,30.2699,200,
09:38:37,30.2699,100,
09:38:37,30.27,100,
09:38:38,30.2601,2500,
09:38:38,30.2868,750,
09:38:39,30.2602,2000,
09:38:41,30.2502,250,
09:38:41,30.27,100,
09:38:43,30.263,300,
09:38:45,30.28,100,
09:38:46,30.27,500,
09:38:46,30.2701,100,
09:38:47,30.28,100,
09:38:47,30.29,200,
09:38:48,30.29,100,
09:38:48,30.30,100,
09:38:49,30.30,100,
09:38:49,30.31,100,
09:38:49,30.31,100,
09:38:50,30.2995,200,
09:38:50,30.29,100,
09:38:51,30.2799,200,
09:38:51,30.279,100,
09:38:51,30.28,100,
09:38:51,30.28,100,
09:38:52,30.29,100,
09:38:52,30.277,500,
09:38:53,30.30,200,
09:38:54,30.282,1000,
09:38:58,30.2928,300,
09:39:00,30.2915,100,
09:39:00,30.3002,100,
09:39:03,30.30,200,
09:39:03,30.31,1000,
09:39:04,30.28,500,
09:39:04,30.28,300,
09:39:05,30.27,662,
09:39:05,30.27,500,
09:39:07,30.27,263,
09:39:07,30.27,100,
09:39:08,30.28,100,
09:39:08,30.263,100,
09:39:10,30.289,100,
09:39:12,30.2944,300,
09:39:13,30.283,150,
09:39:15,30.32,807,
09:39:15,30.3472,100,
09:39:16,30.35,100,
09:39:16,30.35,100,
09:39:16,30.35,100,
09:39:16,30.35,300,
09:39:16,30.35,200,
09:39:16,30.35,100,
09:39:16,30.35,400,
09:39:16,30.35,400,
09:39:17,30.3478,300,
09:39:17,30.3228,1000,
09:39:18,30.35,100,
09:39:18,30.35,500,
09:39:18,30.35,100,
09:39:18,30.35,100,
09:39:18,30.329,100,
09:39:19,30.321,100,
09:39:19,30.35,300,
09:39:19,30.36,300,
09:39:20,30.3699,1000,
09:39:22,30.36,100,
09:39:22,30.369,1000,
09:39:23,30.37,400,
09:39:23,30.3585,500,
09:39:23,30.37,200,
09:39:23,30.37,100,
09:39:23,30.3672,500,
09:39:23,30.37,100,
09:39:23,30.3699,300,
09:39:24,30.36,100,
09:39:24,30.36,200,
09:39:24,30.37,200,
09:39:24,30.36,100,
09:39:24,30.37,100,
09:39:25,30.35,271,
09:39:25,30.35,100,
09:39:25,30.37,1710,
09:39:26,30.3408,400,
09:39:26,30.34,100,
09:39:26,30.34,100,
09:39:27,30.35,100,
09:39:27,30.33,100,
09:39:27,30.3264,100,
09:39:28,30.354,108,
09:39:29,30.35,100,
09:39:29,30.35,100,
09:39:29,30.3499,400,
09:39:31,30.327,100,
09:39:31,30.33,100,
09:39:33,30.3299,100,
09:39:35,30.30,100,
09:39:35,30.30,200,
09:39:35,30.30,400,
09:39:35,30.3285,100,
09:39:36,30.299,500,
09:39:37,30.291,1000,
09:39:37,30.31,100,
09:39:37,30.31,500,
09:39:37,30.31,200,
09:39:38,30.3099,1000,
09:39:39,30.31,100,
09:39:39,30.31,100,
09:39:40,30.30,500,
09:39:40,30.30,100,
09:39:40,30.31,200,
09:39:40,30.33,200,
09:39:41,30.32,100,
09:39:41,30.32,100,
09:39:41,30.31,100,
09:39:42,30.301,200,
09:39:43,30.32,100,
09:39:43,30.32,100,
09:39:43,30.32,100,
09:39:43,30.32,100,
09:39:43,30.3199,800,
09:39:44,30.33,100,
09:39:44,30.33,200,
09:39:44,30.33,200,
09:39:44,30.33,100,
09:39:44,30.33,100,
09:39:44,30.33,300,
09:39:44,30.32,100,
09:39:45,30.3199,200,
09:39:46,30.311,100,
09:39:47,30.31,287,
09:39:47,30.32,100,
09:39:50,30.3189,100,
09:39:50,30.30,100,
09:39:52,30.3099,100,
09:39:54,30.3098,100,
09:39:55,30.31,500,
09:39:58,30.30,8000,
09:39:58,30.2815,100,
09:39:58,30.30,300,
09:39:58,30.30,100,
09:39:58,30.30,500,
09:39:58,30.30,300,
09:39:59,30.3006,3200,
09:40:00,30.31,100,
09:40:00,30.329,100,
09:40:01,30.28,500,
09:40:01,30.281,500,
09:40:03,30.29,300,
09:40:03,30.2964,100,
09:40:04,30.291,155,
09:40:05,30.31,100,
09:40:05,30.3099,200,
09:40:06,30.31,100,
09:40:06,30.31,500,
09:40:06,30.32,500,
09:40:06,30.32,100,
09:40:06,30.3095,1600,
09:40:07,30.32,500,
09:40:07,30.321,400,
09:40:07,30.33,100,
09:40:08,30.32,200,
09:40:08,30.32,200,
09:40:08,30.3199,1000,
09:40:10,30.322,2700,
09:40:10,30.31,100,
09:40:10,30.321,900,
09:40:10,30.31,600,
09:40:11,30.32,250,
09:40:11,30.33,100,
09:40:11,30.33,400,
09:40:12,30.32,200,
09:40:12,30.33,300,
09:40:12,30.32,400,
09:40:13,30.32,100,
09:40:13,30.32,500,
09:40:14,30.33,100,
09:40:14,30.33,600,
09:40:14,30.34,300,
09:40:14,30.34,100,
09:40:14,30.33,100,
09:40:14,30.32,100,
09:40:14,30.33,100,
09:40:14,30.3299,600,
09:40:14,30.32,1000,
09:40:15,30.33,100,
09:40:15,30.3299,300,
09:40:15,30.34,100,
09:40:15,30.33,100,
09:40:15,30.34,100,
09:40:15,30.33,300,
09:40:15,30.33,100,
09:40:15,30.33,100,
09:40:15,30.33,100,
09:40:15,30.33,200,
09:40:15,30.33,100,
09:40:15,30.33,100,
09:40:15,30.3215,100,
09:40:16,30.319,100,
09:40:16,30.35,100,
09:40:16,30.34,100,
09:40:16,30.34,500,
09:40:16,30.34,100,
09:40:17,30.33,100,
09:40:18,30.34,100,
09:40:19,30.33,100,
09:40:19,30.348,1000,
09:40:19,30.349,500,
09:40:21,30.3479,100,
09:40:21,30.349,300,
09:40:22,30.347,500,
09:40:23,30.34,377,
09:40:23,30.34,123,
09:40:24,30.33,100,
09:40:25,30.3284,200,
09:40:25,30.32,100,
09:40:26,30.32,100,
09:40:28,30.33,100,
09:40:28,30.3299,300,
09:40:29,30.33,100,
09:40:30,30.3316,300,
09:40:32,30.34,100,
09:40:32,30.34,100,
09:40:33,30.34,100,
09:40:34,30.3399,2000,
09:40:40,30.31,350,
09:40:40,30.30,500,
09:40:40,30.30,100,
09:40:40,30.30,170,
09:40:40,30.328,1000,
09:40:40,30.328,200,
09:40:41,30.31,200,
09:40:42,30.32,100,
09:40:42,30.32,100,
09:40:42,30.32,100,
09:40:42,30.34,100,
09:40:42,30.33,100,
09:40:42,30.34,100,
09:40:42,30.34,200,
09:40:43,30.36,100,
09:40:43,30.36,100,
09:40:43,30.36,800,
09:40:43,30.36,100,
09:40:43,30.36,100,
09:40:43,30.36,300,
09:40:43,30.36,300,
09:40:44,30.36,400,
09:40:46,30.347,1000,
09:40:46,30.357,500,
09:40:46,30.33,100,
09:40:49,30.33,300,
09:40:49,30.31,400,
09:40:49,30.31,200,
09:40:49,30.31,100,
09:40:49,30.31,200,
09:40:49,30.32,100,
09:40:49,30.3299,800,
09:40:49,30.33,200,
09:40:50,30.3294,100,
09:40:50,30.33,200,
09:40:51,30.33,800,
09:40:51,30.33,200,
09:40:51,30.34,200,
09:40:51,30.3384,300,
09:40:51,30.34,100,
09:40:51,30.34,300,
09:40:51,30.34,200,
09:40:51,30.34,232,
09:40:57,30.36,100,
09:40:57,30.36,100,
09:40:57,30.36,100,
09:40:57,30.37,100,
09:40:57,30.37,100,
09:41:01,30.35,300,
09:41:02,30.35,100,
09:41:02,30.35,100,
09:41:02,30.35,100,
09:41:04,30.355,102,
09:41:05,30.35,100,
09:41:05,30.35,100,
09:41:06,30.34,100,
09:41:06,30.33,4698,
09:41:07,30.359,500,
09:41:07,30.3495,200,
09:41:10,30.35,500,
09:41:10,30.35,100,
09:41:10,30.35,100,
09:41:10,30.35,100,
09:41:10,30.35,100,
09:41:10,30.35,100,
09:41:10,30.35,600,
09:41:10,30.36,500,
09:41:10,30.36,300,
09:41:10,30.36,100,
09:41:10,30.36,100,
09:41:10,30.35,100,
09:41:12,30.33,400,
09:41:12,30.33,100,
09:41:12,30.33,800,
09:41:12,30.33,600,
09:41:12,30.31,100,
09:41:12,30.32,100,
09:41:12,30.32,100,
09:41:12,30.31,100,
09:41:12,30.31,100,
09:41:13,30.32,100,
09:41:13,30.32,100,
09:41:14,30.32,200,
09:41:14,30.32,100,
09:41:14,30.31,100,
09:41:15,30.3294,1000,
09:41:18,30.3399,100,
09:41:19,30.34,300,
09:41:19,30.34,100,
09:41:19,30.35,300,
09:41:19,30.36,284,
09:41:22,30.35,200,
09:41:22,30.3528,300,
09:41:24,30.38,100,
09:41:24,30.3799,100,
09:41:24,30.38,100,
09:41:26,30.37,100,
09:41:26,30.3699,300,
09:41:27,30.3805,100,
09:41:28,30.40,100,
09:41:28,30.40,100,
09:41:28,30.40,100,
09:41:28,30.39,390,
09:41:28,30.37,100,
09:41:28,30.37,100,
09:41:29,30.39,300,
09:41:29,30.39,1800,
09:41:29,30.41,200,
09:41:30,30.41,100,
09:41:31,30.43,200,
09:41:31,30.43,100,
09:41:31,30.41,100,
09:41:31,30.42,100,
09:41:32,30.42,100,
09:41:32,30.42,200,
09:41:32,30.42,200,
09:41:33,30.4172,900,
09:41:34,30.416,100,
09:41:34,30.42,300,
09:41:35,30.42,300,
09:41:36,30.43,100,
09:41:36,30.425,100,
09:41:36,30.4194,1000,
09:41:38,30.43,100,
09:41:39,30.417,500,
09:41:42,30.38,200,
09:41:42,30.39,100,
09:41:42,30.3899,1400,
09:41:44,30.40,200,
09:41:44,30.40,2000,
09:41:45,30.3802,100,
09:41:45,30.3802,100,
09:41:46,30.40,100,
09:41:46,30.40,100,
09:41:47,30.3999,300,
09:41:47,30.40,200,
09:41:47,30.40,100,
09:41:47,30.40,100,
09:41:48,30.40,100,
09:41:48,30.40,100,
09:41:48,30.40,500,
09:41:48,30.40,300,
09:41:48,30.40,300,
09:41:48,30.3999,2300,
09:41:49,30.38,100,
09:41:49,30.389,200,
09:41:49,30.39,100,
09:41:49,30.39,100,
09:41:49,30.39,100,
09:41:50,30.389,2500,
09:41:51,30.40,300,
09:41:51,30.40,100,
09:41:51,30.41,100,
09:41:51,30.42,400,
09:41:51,30.42,100,
09:41:51,30.43,2000,
09:41:52,30.389,300,
09:41:53,30.43,100,
09:41:53,30.43,600,
09:41:54,30.44,200,
09:41:54,30.44,100,
09:41:54,30.4399,500,
09:41:57,30.44,500,
09:41:57,30.44,100,
09:41:57,30.44,600,
09:41:58,30.447,200,
09:41:59,30.4399,2500,
09:42:00,30.45,500,
09:42:00,30.45,500,
09:42:00,30.45,100,
09:42:00,30.45,600,
09:42:00,30.45,300,
09:42:00,30.45,500,
09:42:00,30.45,100,
09:42:01,30.4301,1090,
09:42:02,30.42,100,
09:42:02,30.4201,400,
09:42:02,30.42,100,
09:42:03,30.42,100,
09:42:03,30.41,100,
09:42:03,30.41,100,
09:42:03,30.40,100,
09:42:03,30.41,200,
09:42:03,30.39,100,
09:42:03,30.39,100,
09:42:03,30.39,600,
09:42:04,30.3999,200,
09:42:04,30.40,100,
09:42:05,30.399,500,
09:42:06,30.42,200,
09:42:07,30.39,100,
09:42:07,30.3869,150,
09:42:07,30.38,2500,
09:42:08,30.39,300,
09:42:10,30.39,100,
09:42:10,30.39,100,
09:42:10,30.389,200,
09:42:12,30.37,100,
09:42:12,30.36,100,
09:42:13,30.379,777,
09:42:13,30.39,200,
09:42:17,30.37,100,
09:42:18,30.38,100,
09:42:18,30.38,100,
09:42:19,30.383,740,
09:42:19,30.3901,3300,
09:42:19,30.39,100,
09:42:19,30.38,100,
09:42:19,30.38,200,
09:42:19,30.38,100,
09:42:19,30.38,200,
09:42:20,30.3886,1000,
09:42:24,30.36,100,
09:42:25,30.34,200,
09:42:25,30.35,100,
09:42:25,30.35,500,
09:42:25,30.35,100,
09:42:25,30.36,100,
09:42:25,30.36,100,
09:42:25,30.36,100,
09:42:25,30.35,5000,
09:42:25,30.36,400,
09:42:25,30.36,800,
09:42:25,30.36,1000,
09:42:25,30.35,100,
09:42:25,30.35,100,
09:42:25,30.35,200,
09:42:25,30.36,100,
09:42:25,30.35,200,
09:42:25,30.35,100,
09:42:25,30.34,300,
09:42:25,30.34,100,
09:42:25,30.389,100,
09:42:27,30.35,100,
09:42:27,30.341,500,
09:42:29,30.34,100,
09:42:29,30.35,200,
09:42:29,30.36,1000,
09:42:29,30.35,100,
09:42:29,30.36,1500,
09:42:31,30.33,200,
09:42:32,30.36,100,
09:42:32,30.36,100,
09:42:32,30.36,100,
09:42:32,30.3616,300,
09:42:33,30.36,100,
09:42:33,30.35,100,
09:42:33,30.35,100,
09:42:35,30.3687,100,
09:42:35,30.37,100,
09:42:35,30.37,200,
09:42:35,30.37,200,
09:42:36,30.351,600,
09:42:38,30.357,100,
09:42:39,30.36,100,
09:42:40,30.36,100,
09:42:40,30.36,200,
09:42:40,30.36,100,
09:42:45,30.36,200,
09:42:45,30.36,200,
09:42:45,30.35,200,
09:42:45,30.36,200,
09:42:45,30.34,100,
09:42:45,30.35,200,
09:42:47,30.35,200,
09:42:47,30.347,500,
09:42:52,30.3518,100,
09:42:54,30.37,300,
09:42:57,30.3599,300,
09:42:57,30.36,100,
09:42:57,30.36,1200,
09:42:59,30.35,300,
09:42:59,30.36,100,
09:42:59,30.35,100,
09:43:00,30.36,100,
09:43:00,30.36,100,
09:43:00,30.36,100,
09:43:00,30.37,100,
09:43:01,30.3568,150,
09:43:04,30.35,100,
09:43:04,30.35,100,
09:43:07,30.367,100,
09:43:07,30.3572,1000,
09:43:08,30.34,100,
09:43:08,30.34,500,
09:43:08,30.35,100,
09:43:11,30.35,200,
09:43:11,30.33,100,
09:43:12,30.33,400,
09:43:12,30.33,600,
09:43:12,30.32,100,
09:43:12,30.32,500,
09:43:12,30.32,100,
09:43:12,30.32,100,
09:43:12,30.31,100,
09:43:12,30.32,200,
09:43:13,30.34,100,
09:43:13,30.35,100,
09:43:14,30.34,100,
09:43:14,30.3305,1000,
09:43:14,30.3301,100,
09:43:14,30.33,100,
09:43:14,30.33,100,
09:43:14,30.32,100,
09:43:16,30.32,200,
09:43:17,30.3205,1000,
09:43:17,30.33,100,
09:43:17,30.33,100,
09:43:17,30.33,100,
09:43:17,30.323,500,
09:43:22,30.3354,200,
09:43:22,30.3358,100,
09:43:22,30.3358,100,
09:43:22,30.3375,100,
09:43:22,30.34,100,
09:43:22,30.35,200,
09:43:22,30.36,100,
09:43:22,30.35,100,
09:43:22,30.36,100,
09:43:23,30.39,200,
09:43:23,30.35,100,
09:43:28,30.39,100,
09:43:31,30.391,1000,
09:43:31,30.39,200,
09:43:33,30.38,100,
09:43:33,30.3757,100,
09:43:34,30.3772,380,
09:43:35,30.3876,100,
09:43:35,30.3881,100,
09:43:35,30.389,300,
09:43:36,30.3795,350,
09:43:37,30.38,100,
09:43:38,30.3885,400,
09:43:38,30.389,400,
09:43:40,30.38,780,
09:43:44,30.378,1400,
09:43:46,30.37,700,
09:43:49,30.3702,100,
09:43:49,30.37,200,
09:43:49,30.364,100,
09:43:49,30.37,100,
09:43:49,30.37,100,
09:43:50,30.3784,170,
09:43:55,30.35,100,
09:43:56,30.37,100,
09:44:03,30.37,100,
09:44:07,30.39,100,
09:44:14,30.38,100,
09:44:20,30.3899,200,
09:44:20,30.3888,200,
09:44:27,30.39,200,
09:44:29,30.40,100,
09:44:29,30.40,300,
09:44:29,30.40,100,
09:44:30,30.41,400,
09:44:30,30.41,400,
09:44:30,30.41,100,
09:44:30,30.41,700,
09:44:30,30.40,200,
09:44:30,30.42,300,
09:44:30,30.42,100,
09:44:30,30.42,200,
09:44:30,30.42,200,
09:44:30,30.42,100,
09:44:30,30.42,7300,
09:44:31,30.42,500,
09:44:31,30.42,200,
09:44:32,30.44,100,
09:44:33,30.44,100,
09:44:33,30.44,100,
09:44:33,30.45,100,
09:44:33,30.47,100,
09:44:34,30.47,100,
09:44:34,30.48,100,
09:44:34,30.49,100,
09:44:34,30.49,2000,
09:44:34,30.49,100,
09:44:34,30.49,200,
09:44:34,30.49,500,
09:44:34,30.49,200,
09:44:34,30.48,100,
09:44:34,30.49,100,
09:44:34,30.49,200,
09:44:35,30.45,700,
09:44:35,30.50,900,
09:44:35,30.49,100,
09:44:35,30.489,100,
09:44:35,30.439,900,
09:44:37,30.50,200,
09:44:37,30.51,100,
09:44:37,30.51,100,
09:44:37,30.51,100,
09:44:37,30.5103,100,
09:44:37,30.51,100,
09:44:37,30.519,300,
09:44:39,30.518,200,
09:44:40,30.51,100,
09:44:40,30.51,100,
09:44:40,30.51,400,
09:44:40,30.51,100,
09:44:40,30.51,100,
09:44:40,30.51,100,
09:44:40,30.51,100,
09:44:43,30.5072,100,
09:44:43,30.509,100,
09:44:43,30.51,600,
09:44:43,30.52,270,
09:44:44,30.51,300,
09:44:44,30.50,100,
09:44:44,30.50,200,
09:44:44,30.4901,100,
09:44:44,30.519,200,
09:44:44,30.52,230,
09:44:44,30.4901,100,
09:44:45,30.519,230,
09:44:45,30.509,500,
09:44:47,30.47,100,
09:44:47,30.47,200,
09:44:47,30.47,200,
09:44:47,30.47,200,
09:44:49,30.45,100,
09:44:49,30.47,100,
09:44:49,30.479,500,
09:44:50,30.47,400,
09:44:51,30.46,200,
09:44:51,30.46,200,
09:44:51,30.47,500,
09:44:51,30.47,100,
09:44:52,30.46,100,
09:44:53,30.451,600,
09:44:53,30.4582,100,
09:44:53,30.4579,200,
09:44:53,30.4548,100,
09:44:53,30.4581,100,
09:44:55,30.47,300,
09:44:57,30.45,200,
09:44:57,30.45,100,
09:44:57,30.45,100,
09:44:57,30.45,300,
09:44:57,30.45,200,
09:44:58,30.45,100,
09:44:58,30.45,100,
09:44:58,30.45,100,
09:45:00,30.45,200,
09:45:00,30.44,300,
09:45:00,30.44,300,
09:45:01,30.45,100,
09:45:01,30.4484,300,
09:45:02,30.45,100,
09:45:02,30.4501,100,
09:45:05,30.44,200,
09:45:05,30.46,100,
09:45:05,30.4599,300,
09:45:06,30.4572,400,
09:45:06,30.44,200,
09:45:07,30.41,100,
09:45:07,30.41,200,
09:45:07,30.41,200,
09:45:07,30.41,200,
09:45:07,30.41,100,
09:45:07,30.41,100,
09:45:08,30.43,200,
09:45:08,30.43,100,
09:45:10,30.43,300,
09:45:10,30.43,100,
09:45:10,30.43,100,
09:45:14,30.43,500,
09:45:14,30.43,100,
09:45:14,30.43,800,
09:45:14,30.43,100,
09:45:14,30.43,200,
09:45:14,30.43,500,
09:45:14,30.43,200,
09:45:14,30.43,400,
09:45:14,30.42,100,
09:45:14,30.42,100,
09:45:14,30.42,100,
09:45:16,30.43,100,
09:45:17,30.3989,100,
09:45:18,30.39,100,
09:45:19,30.37,300,
09:45:19,30.37,400,
09:45:19,30.36,200,
09:45:19,30.35,120,
09:45:19,30.35,300,
09:45:19,30.34,145,
09:45:19,30.34,800,
09:45:19,30.34,455,
09:45:19,30.34,300,
09:45:19,30.33,300,
09:45:19,30.34,450,
09:45:19,30.34,100,
09:45:19,30.33,100,
09:45:19,30.33,100,
09:45:19,30.33,100,
09:45:19,30.345,500,
09:45:19,30.3328,500,
09:45:19,30.33,200,
09:45:20,30.409,2900,
09:45:20,30.31,300,
09:45:20,30.30,200,
09:45:20,30.30,200,
09:45:20,30.39,100,
09:45:21,30.3099,3000,
09:45:24,30.29,100,
09:45:24,30.30,200,
09:45:24,30.29,100,
09:45:24,30.301,1000,
09:45:25,30.29,100,
09:45:25,30.2975,5000,
09:45:26,30.2955,100,
09:45:26,30.29,100,
09:45:26,30.29,200,
09:45:26,30.2985,100,
09:45:28,30.29,100,
09:45:28,30.289,100,
09:45:29,30.29,100,
09:45:31,30.28,200,
09:45:31,30.28,600,
09:45:31,30.28,658,
09:45:31,30.28,100,
09:45:33,30.27,100,
09:45:33,30.2785,100,
09:45:33,30.2792,200,
09:45:33,30.279,700,
09:45:33,30.27,100,
09:45:36,30.273,500,
09:45:36,30.273,300,
09:45:36,30.27,100,
09:45:36,30.26,300,
09:45:36,30.26,1500,
09:45:37,30.2615,100,
09:45:37,30.25,100,
09:45:37,30.25,100,
09:45:37,30.2572,1000,
09:45:37,30.25,275,
09:45:37,30.25,1000,
09:45:37,30.25,392,
09:45:37,30.25,233,
09:45:37,30.24,200,
09:45:37,30.24,600,
09:45:38,30.26,700,
09:45:38,30.22,300,
09:45:38,30.271,200,
09:45:38,30.21,100,
09:45:38,30.20,1300,
09:45:38,30.20,100,
09:45:39,30.20,400,
09:45:39,30.19,200,
09:45:41,30.20,100,
09:45:41,30.19,6900,
09:45:42,30.1801,100,
09:45:42,30.198,100,
09:45:42,30.191,300,
09:45:44,30.19,100,
09:45:44,30.1901,200,
09:45:44,30.19,100,
09:45:44,30.1902,2000,
09:45:45,30.201,100,
09:45:45,30.21,500,
09:45:45,30.2002,300,
09:45:46,30.22,100,
09:45:46,30.22,100,
09:45:46,30.22,400,
09:45:47,30.218,100,
09:45:47,30.22,200,
09:45:47,30.22,100,
09:45:48,30.209,500,
09:45:48,30.211,300,
09:45:49,30.21,250,
09:45:49,30.21,100,
09:45:50,30.21,100,
09:45:50,30.21,100,
09:45:52,30.21,100,
09:45:53,30.21,100,
09:45:53,30.21,200,
09:45:53,30.21,200,
09:45:53,30.21,100,
09:45:54,30.2294,800,
09:45:55,30.24,100,
09:45:59,30.2501,200,
09:45:59,30.2501,100,
09:45:59,30.259,100,
09:46:01,30.25,2000,
09:46:02,30.28,100,
09:46:02,30.28,100,
09:46:03,30.2701,100,
09:46:03,30.279,100,
09:46:04,30.26,100,
09:46:05,30.24,100,
09:46:05,30.2428,600,
09:46:06,30.249,100,
09:46:06,30.249,300,
09:46:07,30.25,100,
09:46:08,30.249,100,
09:46:08,30.2415,100,
09:46:13,30.26,200,
09:46:13,30.26,100,
09:46:14,30.25,100,
09:46:14,30.25,100,
09:46:15,30.25,100,
09:46:15,30.25,100,
09:46:15,30.25,500,
09:46:15,30.25,100,
09:46:15,30.25,500,
09:46:15,30.25,600,
09:46:15,30.25,200,
09:46:15,30.25,4530,
09:46:17,30.251,500,
09:46:17,30.25,500,
09:46:17,30.25,100,
09:46:17,30.25,400,
09:46:17,30.24,100,
09:46:17,30.25,858,
09:46:17,30.25,200,
09:46:17,30.2484,600,
09:46:17,30.25,100,
09:46:17,30.2499,400,
09:46:18,30.2485,100,
09:46:20,30.2468,300,
09:46:22,30.2405,500,
09:46:25,30.2216,500,
09:46:26,30.2399,800,
09:46:26,30.24,100,
09:46:27,30.229,100,
09:46:27,30.2295,307,
09:46:29,30.229,300,
09:46:29,30.25,100,
09:46:30,30.25,100,
09:46:30,30.25,100,
09:46:32,30.259,100,
09:46:34,30.2599,100,
09:46:40,30.2456,800,
09:46:41,30.243,100,
09:46:41,30.27,100,
09:46:42,30.27,100,
09:46:42,30.27,200,
09:46:42,30.27,100,
09:46:42,30.27,500,
09:46:43,30.28,117,
09:46:43,30.28,100,
09:46:45,30.2654,100,
09:46:45,30.2663,100,
09:46:45,30.271,100,
09:46:46,30.26,100,
09:46:46,30.27,400,
09:46:46,30.27,100,
09:46:46,30.27,100,
09:46:46,30.27,300,
09:46:46,30.26,100,
09:46:46,30.27,100,
09:46:47,30.261,200,
09:46:47,30.253,600,
09:46:49,30.252,500,
09:46:49,30.2498,200,
09:46:50,30.2498,100,
09:46:52,30.22,100,
09:46:52,30.21,100,
09:46:52,30.19,100,
09:46:52,30.19,100,
09:46:52,30.19,100,
09:46:52,30.19,100,
09:46:52,30.18,100,
09:46:52,30.18,100,
09:46:52,30.18,100,
09:46:53,30.1916,500,
09:46:53,30.20,100,
09:46:56,30.1999,100,
09:46:57,30.23,100,
09:46:57,30.23,100,
09:46:57,30.23,100,
09:46:57,30.23,200,
09:46:57,30.22,300,
09:46:59,30.2388,600,
09:46:59,30.223,480,
09:46:59,30.22,100,
09:47:02,30.21,100,
09:47:02,30.21,100,
09:47:02,30.20,100,
09:47:04,30.1769,400,
09:47:05,30.16,100,
09:47:07,30.1505,830,
09:47:07,30.17,100,
09:47:07,30.17,300,
09:47:07,30.16,100,
09:47:07,30.17,300,
09:47:07,30.17,500,
09:47:07,30.17,200,
09:47:07,30.17,100,
09:47:07,30.16,200,
09:47:07,30.17,600,
09:47:07,30.16,100,
09:47:07,30.15,100,
09:47:07,30.15,100,
09:47:07,30.15,100,
09:47:08,30.15,300,
09:47:08,30.15,600,
09:47:08,30.15,500,
09:47:08,30.14,100,
09:47:08,30.13,100,
09:47:08,30.12,250,
09:47:08,30.12,250,
09:47:08,30.13,100,
09:47:08,30.13,180,
09:47:09,30.13,100,
09:47:09,30.11,100,
09:47:09,30.11,100,
09:47:09,30.11,100,
09:47:09,30.10,500,
09:47:09,30.131,2000,
09:47:09,30.10,100,
09:47:09,30.10,100,
09:47:09,30.10,100,
09:47:09,30.10,100,
09:47:09,30.10,300,
09:47:09,30.10,100,
09:47:09,30.10,100,
09:47:09,30.09,300,
09:47:10,30.12,100,
09:47:10,30.10,1500,
09:47:11,30.11,100,
09:47:11,30.10,500,
09:47:13,30.12,400,
09:47:13,30.12,102,
09:47:14,30.112,845,
09:47:15,30.13,100,
09:47:15,30.13,100,
09:47:15,30.13,1300,
09:47:15,30.121,500,
09:47:16,30.1254,100,
09:47:17,30.12,100,
09:47:17,30.12,100,
09:47:17,30.12,100,
09:47:18,30.1205,1300,
09:47:18,30.13,200,
09:47:18,30.14,100,
09:47:18,30.13,300,
09:47:18,30.1299,300,
09:47:18,30.13,1400,
09:47:19,30.127,323,
09:47:20,30.12,200,
09:47:20,30.11,1000,
09:47:21,30.1016,200,
09:47:22,30.12,500,
09:47:22,30.13,100,
09:47:23,30.13,100,
09:47:23,30.12,400,
09:47:23,30.08,150,
09:47:24,30.1296,100,
09:47:24,30.12,100,
09:47:24,30.12,100,
09:47:25,30.11,100,
09:47:25,30.11,100,
09:47:25,30.111,100,
09:47:25,30.111,200,
09:47:26,30.129,700,
09:47:26,30.113,600,
09:47:27,30.1199,1000,
09:47:27,30.11,400,
09:47:29,30.113,100,
09:47:29,30.111,100,
09:47:29,30.12,100,
09:47:29,30.11,500,
09:47:29,30.117,200,
09:47:30,30.13,300,
09:47:30,30.13,100,
09:47:30,30.13,100,
09:47:30,30.13,100,
09:47:30,30.13,100,
09:47:30,30.13,200,
09:47:30,30.12,130,
09:47:30,30.121,800,
09:47:30,30.1222,2000,
09:47:31,30.12,2600,
09:47:31,30.13,100,
09:47:32,30.131,700,
09:47:32,30.1399,100,
09:47:33,30.1501,400,
09:47:34,30.15,100,
09:47:35,30.131,400,
09:47:36,30.131,100,
09:47:37,30.12,100,
09:47:37,30.12,100,
09:47:37,30.1216,500,
09:47:39,30.1101,2000,
09:47:39,30.11,400,
09:47:39,30.11,400,
09:47:39,30.11,100,
09:47:39,30.11,500,
09:47:39,30.11,300,
09:47:39,30.11,500,
09:47:39,30.11,300,
09:47:39,30.11,100,
09:47:39,30.11,100,
09:47:39,30.11,100,
09:47:39,30.11,100,
09:47:40,30.11,100,
09:47:41,30.10,100,
09:47:41,30.10,100,
09:47:42,30.0997,400,
09:47:42,30.0999,100,
09:47:43,30.10,300,
09:47:44,30.099,100,
09:47:46,30.0999,100,
09:47:46,30.10,1700,
09:47:48,30.09,100,
09:47:48,30.09,100,
09:47:48,30.09,100,
09:47:48,30.09,100,
09:47:48,30.09,1000,
09:47:49,30.113,247,
09:47:49,30.0926,2090,
09:47:50,30.12,100,
09:47:50,30.12,100,
09:47:50,30.1199,2100,
09:47:50,30.119,300,
09:47:50,30.11,300,
09:47:51,30.11,100,
09:47:51,30.11,100,
09:47:51,30.11,100,
09:47:53,30.1108,100,
09:47:53,30.13,100,
09:47:53,30.13,300,
09:47:54,30.13,100,
09:47:54,30.112,100,
09:47:55,30.14,200,
09:47:56,30.13,100,
09:47:56,30.139,200,
09:47:57,30.12,100,
09:47:57,30.1201,200,
09:47:57,30.13,100,
09:47:57,30.13,100,
09:47:57,30.13,300,
09:47:57,30.13,300,
09:47:57,30.14,300,
09:47:57,30.14,100,
09:47:57,30.14,100,
09:47:57,30.14,100,
09:47:57,30.14,200,
09:47:57,30.14,100,
09:47:57,30.14,100,
09:47:57,30.15,300,
09:47:59,30.1199,800,
09:48:00,30.12,100,
09:48:01,30.1101,300,
09:48:02,30.119,250,
09:48:03,30.11,100,
09:48:03,30.12,100,
09:48:04,30.1199,2500,
09:48:04,30.10,200,
09:48:04,30.10,100,
09:48:04,30.10,100,
09:48:04,30.11,900,
09:48:05,30.09,300,
09:48:05,30.08,100,
09:48:05,30.08,100,
09:48:05,30.08,100,
09:48:05,30.08,100,
09:48:05,30.07,100,
09:48:05,30.07,100,
09:48:05,30.06,200,
09:48:05,30.108,1000,
09:48:06,30.07,4800,
09:48:06,30.07,100,
09:48:07,30.06,800,
09:48:08,30.06,100,
09:48:08,30.06,300,
09:48:08,30.06,600,
09:48:10,30.07,100,
09:48:10,30.06,1160,
09:48:11,30.06,800,
09:48:11,30.06,800,
09:48:12,30.06,100,
09:48:12,30.06,100,
09:48:12,30.06,100,
09:48:12,30.06,400,
09:48:12,30.06,400,
09:48:13,30.06,500,
09:48:14,30.05,100,
09:48:14,30.04,100,
09:48:14,30.04,200,
09:48:14,30.04,100,
09:48:14,30.03,200,
09:48:14,30.03,100,
09:48:14,30.03,105,
09:48:14,30.0378,100,
09:48:14,30.05,100,
09:48:15,30.041,100,
09:48:15,30.041,100,
09:48:15,30.05,100,
09:48:15,30.0499,1900,
09:48:15,30.0416,100,
09:48:16,30.0308,300,
09:48:16,30.0428,400,
09:48:17,30.01,100,
09:48:17,30,300,
09:48:17,30.01,100,
09:48:17,30,1600,
09:48:17,30,350,
09:48:17,30,1000,
09:48:17,30,200,
09:48:17,30,200,
09:48:17,30,400,
09:48:17,30,100,
09:48:17,29.99,200,
09:48:17,29.99,100,
09:48:17,29.99,300,
09:48:17,29.99,100,
09:48:17,29.99,400,
09:48:17,30,300,
09:48:17,29.99,500,
09:48:17,30,100,
09:48:17,30,100,
09:48:17,30,100,
09:48:17,30,100,
09:48:17,30.043,100,
09:48:17,30,100,
09:48:17,30,1000,
09:48:17,29.99,300,
09:48:17,30,1100,
09:48:18,30.033,100,
09:48:18,29.9999,100,
09:48:19,29.9928,135,
09:48:19,30,175,
09:48:19,30,1725,
09:48:20,29.99,300,
09:48:20,30,100,
09:48:20,30.01,100,
09:48:20,30.03,100,
09:48:20,30,400,
09:48:21,30.0327,100,
09:48:22,30.04,100,
09:48:22,30.04,100,
09:48:22,29.993,1500,
09:48:22,30.038,500,
09:48:22,30.0273,100,
09:48:22,30.031,285,
09:48:22,30.03,100,
09:48:23,30.03,700,
09:48:23,30.03,150,
09:48:24,30.04,100,
09:48:24,30.04,100,
09:48:25,30.06,300,
09:48:26,30.07,100,
09:48:28,30.0772,500,
09:48:28,30.07,100,
09:48:28,30.06,100,
09:48:28,30.079,300,
09:48:30,30.0744,500,
09:48:31,30.06,100,
09:48:32,30.06,200,
09:48:32,30.06,600,
09:48:34,30.0501,100,
09:48:34,30.04,300,
09:48:35,30.03,100,
09:48:36,30.03,100,
09:48:37,30.03,100,
09:48:37,30.03,100,
09:48:37,30.03,100,
09:48:37,30.03,100,
09:48:37,30.02,100,
09:48:38,30.0205,500,
09:48:38,30.021,100,
09:48:39,30.0274,3900,
09:48:40,30.01,250,
09:48:40,30.029,500,
09:48:42,30.0226,2000,
09:48:43,30.039,1500,
09:48:46,30.0208,100,
09:48:46,30.0209,100,
09:48:46,30.021,1500,
09:48:46,30.021,1600,
09:48:46,30.03,100,
09:48:46,30.0299,500,
09:48:46,30.02,400,
09:48:47,30.04,100,
09:48:47,30.04,200,
09:48:47,30.04,100,
09:48:48,30.0201,1000,
09:48:50,30.046,600,
09:48:52,30.0274,2000,
09:48:52,30.041,300,
09:48:52,30.05,100,
09:48:53,30.05,100,
09:48:53,30.05,200,
09:48:53,30.05,100,
09:48:53,30.05,200,
09:48:53,30.05,300,
09:48:53,30.041,400,
09:48:55,30.06,427,
09:48:55,30.06,100,
09:48:55,30.06,100,
09:48:57,30.06,100,
09:48:58,30.0574,4000,
09:48:58,30.06,400,
09:48:58,30.06,400,
09:48:58,30.069,200,
09:48:59,30.07,100,
09:48:59,30.08,100,
09:48:59,30.08,100,
09:48:59,30.08,200,
09:48:59,30.08,100,
09:48:59,30.08,100,
09:48:59,30.09,200,
09:48:59,30.09,100,
09:48:59,30.09,100,
09:48:59,30.09,200,
09:48:59,30.09,200,
09:48:59,30.09,100,
09:48:59,30.14,100,
09:49:00,30.13,100,
09:49:00,30.16,500,
09:49:00,30.17,400,
09:49:00,30.17,100,
09:49:00,30.17,100,
09:49:00,30.17,500,
09:49:00,30.17,200,
09:49:00,30.18,200,
09:49:01,30.18,200,
09:49:01,30.18,200,
09:49:01,30.18,200,
09:49:01,30.18,200,
09:49:01,30.18,100,
09:49:01,30.20,200,
09:49:01,30.20,200,
09:49:02,30.1905,200,
09:49:02,30.197,500,
09:49:03,30.19,2000,
09:49:03,30.19,200,
09:49:03,30.18,100,
09:49:03,30.19,100,
09:49:03,30.19,100,
09:49:03,30.19,2100,
09:49:03,30.19,300,
09:49:04,30.21,200,
09:49:04,30.21,100,
09:49:04,30.21,100,
09:49:04,30.21,100,
09:49:04,30.21,100,
09:49:04,30.21,100,
09:49:04,30.2099,900,
09:49:04,30.20,100,
09:49:04,30.20,100,
09:49:04,30.20,100,
09:49:04,30.20,100,
09:49:04,30.18,100,
09:49:04,30.18,100,
09:49:04,30.19,200,
09:49:06,30.21,200,
09:49:08,30.20,200,
09:49:08,30.20,300,
09:49:09,30.2105,1000,
09:49:09,30.23,100,
09:49:09,30.23,200,
09:49:09,30.23,100,
09:49:09,30.23,300,
09:49:09,30.22,100,
09:49:10,30.229,200,
09:49:10,30.229,200,
09:49:10,30.23,100,
09:49:11,30.24,100,
09:49:11,30.25,500,
09:49:11,30.25,100,
09:49:11,30.25,100,
09:49:11,30.27,100,
09:49:11,30.26,100,
09:49:11,30.27,100,
09:49:11,30.27,100,
09:49:11,30.27,200,
09:49:11,30.27,200,
09:49:11,30.24,1100,
09:49:11,30.28,100,
09:49:11,30.23,100,
09:49:12,30.27,100,
09:49:12,30.26,200,
09:49:12,30.25,100,
09:49:12,30.25,2400,
09:49:13,30.2402,100,
09:49:14,30.25,100,
09:49:14,30.25,200,
09:49:14,30.26,100,
09:49:15,30.25,100,
09:49:16,30.2625,100,
09:49:17,30.25,1700,
09:49:17,30.26,400,
09:49:18,30.261,100,
09:49:18,30.2601,100,
09:49:18,30.26,500,
09:49:19,30.27,200,
09:49:19,30.27,100,
09:49:19,30.27,100,
09:49:19,30.27,2100,
09:49:19,30.27,100,
09:49:19,30.27,300,
09:49:19,30.27,500,
09:49:20,30.28,2800,
09:49:20,30.28,150,
09:49:21,30.27,100,
09:49:21,30.2726,3000,
09:49:21,30.27,100,
09:49:21,30.27,4800,
09:49:23,30.285,1000,
09:49:24,30.2807,100,
09:49:24,30.28,100,
09:49:25,30.2801,400,
09:49:25,30.281,900,
09:49:25,30.2886,1400,
09:49:25,30.28,100,
09:49:26,30.28,600,
09:49:26,30.281,600,
09:49:26,30.28,100,
09:49:26,30.28,600,
09:49:26,30.28,100,
09:49:26,30.27,200,
09:49:26,30.27,100,
09:49:26,30.27,300,
09:49:26,30.281,200,
09:49:26,30.28,600,
09:49:27,30.281,100,
09:49:27,30.29,100,
09:49:27,30.29,300,
09:49:27,30.30,100,
09:49:27,30.30,100,
09:49:28,30.3203,350,
09:49:29,30.33,200,
09:49:29,30.33,100,
09:49:29,30.33,300,
09:49:29,30.33,100,
09:49:29,30.33,100,
09:49:29,30.32,200,
09:49:29,30.32,200,
09:49:29,30.32,100,
09:49:30,30.3206,1500,
09:49:31,30.33,200,
09:49:32,30.3314,100,
09:49:33,30.3312,100,
09:49:33,30.323,400,
09:49:34,30.3482,3000,
09:49:34,30.36,200,
09:49:35,30.343,800,
09:49:35,30.34,400,
09:49:35,30.38,800,
09:49:36,30.38,400,
09:49:36,30.38,100,
09:49:36,30.38,100,
09:49:36,30.38,200,
09:49:36,30.38,100,
09:49:38,30.38,800,
09:49:38,30.3801,300,
09:49:38,30.38,100,
09:49:39,30.3884,192,
09:49:40,30.40,100,
09:49:40,30.40,150,
09:49:41,30.3913,100,
09:49:41,30.3908,100,
09:49:41,30.39,100,
09:49:42,30.41,300,
09:49:42,30.42,100,
09:49:42,30.42,100,
09:49:42,30.41,200,
09:49:42,30.41,100,
09:49:42,30.41,100,
09:49:42,30.41,100,
09:49:42,30.4172,1000,
09:49:42,30.41,300,
09:49:42,30.41,600,
09:49:43,30.4006,1000,
09:49:44,30.40,100,
09:49:44,30.4002,100,
09:49:44,30.40,100,
09:49:44,30.40,200,
09:49:44,30.40,100,
09:49:44,30.40,100,
09:49:45,30.40,100,
09:49:45,30.41,100,
09:49:45,30.41,100,
09:49:45,30.41,100,
09:49:45,30.41,100,
09:49:47,30.42,1000,
09:49:47,30.42,100,
09:49:47,30.42,800,
09:49:47,30.42,100,
09:49:47,30.41,100,
09:49:47,30.41,300,
09:49:47,30.41,100,
09:49:47,30.41,100,
09:49:48,30.4201,200,
09:49:48,30.402,1000,
09:49:48,30.43,200,
09:49:48,30.43,100,
09:49:48,30.4284,500,
09:49:48,30.41,100,
09:49:49,30.41,200,
09:49:49,30.4101,500,
09:49:49,30.41,200,
09:49:49,30.42,100,
09:49:49,30.4101,1000,
09:49:50,30.40,400,
09:49:50,30.40,200,
09:49:51,30.39,100,
09:49:51,30.417,500,
09:49:52,30.3972,1000,
09:49:53,30.404,750,
09:49:53,30.3912,100,
09:49:53,30.39,800,
09:49:53,30.39,100,
09:49:53,30.39,200,
09:49:53,30.39,300,
09:49:53,30.39,700,
09:49:54,30.382,200,
09:49:54,30.391,200,
09:49:55,30.40,300,
09:49:56,30.39,100,
09:49:56,30.39,100,
09:49:56,30.39,100,
09:49:56,30.39,1700,
09:49:56,30.391,500,
09:49:56,30.391,100,
09:49:56,30.391,200,
09:49:56,30.391,100,
09:49:58,30.36,200,
09:49:58,30.37,100,
09:49:59,30.38,100,
09:50:00,30.3632,300,
09:50:01,30.38,100,
09:50:03,30.363,500,
09:50:05,30.341,600,
09:50:06,30.35,100,
09:50:06,30.35,100,
09:50:08,30.34,100,
09:50:08,30.3493,165,
09:50:10,30.3502,100,
09:50:10,30.351,300,
09:50:11,30.3373,100,
09:50:12,30.3556,120,
09:50:12,30.35,100,
09:50:12,30.35,200,
09:50:12,30.35,100,
09:50:12,30.35,100,
09:50:12,30.35,1000,
09:50:13,30.35,100,
09:50:13,30.35,100,
09:50:13,30.36,100,
09:50:13,30.36,100,
09:50:14,30.36,100,
09:50:14,30.36,200,
09:50:14,30.36,100,
09:50:14,30.36,200,
09:50:14,30.3509,100,
09:50:14,30.3509,100,
09:50:14,30.351,400,
09:50:15,30.361,300,
09:50:16,30.36,400,
09:50:16,30.361,100,
09:50:20,30.36,100,
09:50:20,30.36,100,
09:50:21,30.33,100,
09:50:21,30.35,200,
09:50:21,30.33,200,
09:50:22,30.34,100,
09:50:22,30.35,100,
09:50:22,30.35,100,
09:50:22,30.37,100,
09:50:22,30.37,100,
09:50:22,30.37,100,
09:50:22,30.37,200,
09:50:22,30.36,100,
09:50:24,30.337,400,
09:50:26,30.35,100,
09:50:26,30.36,200,
09:50:26,30.36,2100,
09:50:26,30.37,100,
09:50:26,30.36,600,
09:50:26,30.35,100,
09:50:26,30.36,200,
09:50:26,30.341,1000,
09:50:29,30.357,100,
09:50:38,30.401,777,
09:50:40,30.4048,100,
09:50:41,30.39,100,
09:50:41,30.381,200,
09:50:41,30.399,100,
09:50:42,30.3852,100,
09:50:42,30.381,200,
09:50:42,30.383,100,
09:50:45,30.3911,100,
09:50:45,30.3911,100,
09:50:45,30.3901,100,
09:50:45,30.38,400,
09:50:46,30.3972,1900,
09:50:48,30.387,100,
09:50:53,30.37,300,
09:50:53,30.361,100,
09:50:53,30.38,300,
09:50:57,30.368,100,
09:50:59,30.34,200,
09:51:00,30.351,750,
09:51:00,30.3352,100,
09:51:00,30.3374,200,
09:51:00,30.3381,100,
09:51:02,30.3399,234,
09:51:06,30.31,100,
09:51:09,30.34,300,
09:51:11,30.333,100,
09:51:11,30.3656,400,
09:51:13,30.38,2900,
09:51:13,30.363,100,
09:51:17,30.3923,100,
09:51:19,30.3972,1000,
09:51:20,30.391,200,
09:51:20,30.37,100,
09:51:24,30.2901,300,
09:51:25,30.2901,300,
09:51:25,30.29,200,
09:51:26,30.30,1000,
09:51:28,30.30,1600,
09:51:28,30.29,100,
09:51:28,30.30,600,
09:51:28,30.30,100,
09:51:29,30.30,100,
09:51:29,30.30,100,
09:51:30,30.31,100,
09:51:31,30.33,200,
09:51:37,30.32,100,
09:51:37,30.31,100,
09:51:38,30.311,100,
09:51:39,30.311,600,
09:51:40,30.35,200,
09:51:42,30.3495,500,
09:51:44,30.34,100,
09:51:45,30.35,100,
09:51:45,30.37,100,
09:51:45,30.37,200,
09:51:45,30.37,300,
09:51:45,30.37,500,
09:51:46,30.3485,100,
09:51:54,30.36,300,
09:51:54,30.3672,150,
09:51:55,30.3685,100,
09:52:02,30.361,1000,
09:52:06,30.379,300,
09:52:07,30.3612,100,
09:52:08,30.3768,500,
09:52:08,30.3667,100,
09:52:08,30.3667,100,
09:52:08,30.365,200,
09:52:08,30.361,100,
09:52:08,30.361,200,
09:52:09,30.361,200,
09:52:11,30.3401,500,
09:52:14,30.33,300,
09:52:14,30.33,100,
09:52:14,30.33,100,
09:52:14,30.33,100,
09:52:16,30.332,1400,
09:52:16,30.36,100,
09:52:23,30.38,100,
09:52:23,30.39,100,
09:52:27,30.372,1000,
09:52:31,30.348,100,
09:52:31,30.348,100,
09:52:32,30.3463,200,
09:52:32,30.35,100,
09:52:32,30.36,100,
09:52:32,30.36,100,
09:52:32,30.36,100,
09:52:32,30.36,100,
09:52:32,30.36,200,
09:52:32,30.36,200,
09:52:32,30.37,100,
09:52:32,30.37,200,
09:52:32,30.37,100,
09:52:32,30.36,100,
09:52:32,30.37,100,
09:52:32,30.37,500,
09:52:32,30.37,200,
09:52:32,30.34,100,
09:52:37,30.3399,100,
09:52:37,30.34,100,
09:52:38,30.321,1300,
09:52:43,30.35,100,
09:52:49,30.32,300,
09:52:49,30.32,200,
09:52:49,30.32,200,
09:52:49,30.31,600,
09:52:51,30.32,100,
09:52:54,30.348,1000,
09:52:55,30.36,100,
09:52:56,30.36,100,
09:52:59,30.353,350,
09:53:00,30.35,100,
09:53:06,30.322,400,
09:53:08,30.31,100,
09:53:08,30.30,300,
09:53:08,30.30,300,
09:53:08,30.30,200,
09:53:09,30.29,200,
09:53:09,30.2899,700,
09:53:10,30.29,100,
09:53:13,30.3199,1000,
09:53:17,30.29,200,
09:53:17,30.29,100,
09:53:18,30.29,100,
09:53:18,30.29,100,
09:53:18,30.29,100,
09:53:18,30.29,100,
09:53:18,30.28,329,
09:53:22,30.28,300,
09:53:23,30.28,100,
09:53:30,30.25,250,
09:53:31,30.28,100,
09:53:31,30.28,100,
09:53:31,30.28,200,
09:53:31,30.28,200,
09:53:32,30.28,100,
09:53:41,30.27,500,
09:53:41,30.27,263,
09:53:45,30.26,100,
09:53:48,30.261,4600,
09:53:52,30.2715,245,
09:53:53,30.28,100,
09:53:53,30.28,200,
09:53:53,30.28,100,
09:53:58,30.2599,100,
09:53:59,30.27,100,
09:54:05,30.25,983,
09:54:07,30.24,100,
09:54:07,30.25,300,
09:54:07,30.25,100,
09:54:11,30.251,100,
09:54:12,30.26,700,
09:54:12,30.26,200,
09:54:13,30.26,700,
09:54:13,30.26,400,
09:54:13,30.26,100,
09:54:16,30.24,100,
09:54:16,30.24,100,
09:54:16,30.24,100,
09:54:16,30.24,200,
09:54:16,30.23,200,
09:54:17,30.231,100,
09:54:17,30.23,100,
09:54:17,30.23,100,
09:54:18,30.2401,100,
09:54:19,30.26,100,
09:54:23,30.26,400,
09:54:27,30.24,100,
09:54:32,30.20,340,
09:54:32,30.22,100,
09:54:33,30.20,100,
09:54:34,30.20,100,
09:54:34,30.20,200,
09:54:34,30.20,200,
09:54:34,30.20,100,
09:54:34,30.20,100,
09:54:36,30.21,100,
09:54:36,30.19,100,
09:54:41,30.1908,350,
09:54:51,30.199,100,
09:54:51,30.20,110,
09:54:57,30.2407,100,
09:54:57,30.25,600,
09:54:57,30.24,200,
09:55:00,30.258,500,
09:55:04,30.20,990,
09:55:05,30.18,100,
09:55:08,30.1728,200,
09:55:09,30.1808,100,
09:55:09,30.17,300,
09:55:10,30.171,200,
09:55:10,30.1708,105,
09:55:15,30.188,1500,
09:55:16,30.16,100,
09:55:16,30.15,300,
09:55:18,30.139,100,
09:55:19,30.14,100,
09:55:21,30.141,150,
09:55:23,30.14,100,
09:55:27,30.14,211,
09:55:27,30.15,200,
09:55:27,30.14,100,
09:55:28,30.13,300,
09:55:30,30.122,500,
09:55:31,30.14,100,
09:55:31,30.15,100,
09:55:31,30.15,200,
09:55:31,30.15,100,
09:55:31,30.15,100,
09:55:33,30.14,500,
09:55:34,30.1407,277,
09:55:35,30.1499,250,
09:55:36,30.14,100,
09:55:36,30.1401,100,
09:55:37,30.15,100,
09:55:37,30.15,100,
09:55:37,30.13,100,
09:55:38,30.1344,300,
09:55:39,30.14,500,
09:55:41,30.1002,600,
09:55:41,30.1002,600,
09:55:41,30.1116,197,
09:55:43,30.10,100,
09:55:43,30.09,100,
09:55:43,30.09,2100,
09:55:43,30.09,100,
09:55:43,30.09,200,
09:55:43,30.09,100,
09:55:44,30.10,100,
09:55:44,30.11,100,
09:55:44,30.12,100,
09:55:45,30.1228,655,
09:55:51,30.12,100,
09:55:55,30.13,200,
09:55:56,30.12,100,
09:55:57,30.1095,1000,
09:55:58,30.11,600,
09:56:02,30.11,100,
09:56:02,30.11,100,
09:56:02,30.09,2000,
09:56:03,30.08,200,
09:56:03,30.09,100,
09:56:03,30.08,300,
09:56:03,30.08,100,
09:56:03,30.08,100,
09:56:04,30.07,200,
09:56:04,30.06,1100,
09:56:04,30.0699,100,
09:56:04,30.06,100,
09:56:07,30.07,200,
09:56:07,30.06,200,
09:56:10,30.061,300,
09:56:11,30.07,500,
09:56:11,30.09,100,
09:56:11,30.07,100,
09:56:12,30.071,100,
09:56:12,30.071,600,
09:56:13,30.079,100,
09:56:14,30.09,400,
09:56:14,30.10,100,
09:56:14,30.10,300,
09:56:14,30.11,100,
09:56:14,30.10,200,
09:56:15,30.11,100,
09:56:15,30.1099,100,
09:56:15,30.11,100,
09:56:16,30.101,100,
09:56:16,30.10,100,
09:56:18,30.101,100,
09:56:18,30.099,600,
09:56:19,30.10,600,
09:56:19,30.099,900,
09:56:20,30.11,100,
09:56:20,30.12,100,
09:56:20,30.11,100,
09:56:20,30.13,100,
09:56:20,30.12,300,
09:56:20,30.1136,450,
09:56:20,30.13,100,
09:56:20,30.13,100,
09:56:20,30.13,100,
09:56:20,30.12,100,
09:56:20,30.12,100,
09:56:20,30.12,100,
09:56:23,30.11,100,
09:56:24,30.13,100,
09:56:24,30.13,100,
09:56:24,30.13,100,
09:56:24,30.13,100,
09:56:24,30.13,500,
09:56:24,30.14,100,
09:56:24,30.14,100,
09:56:24,30.14,100,
09:56:24,30.14,100,
09:56:27,30.13,300,
09:56:28,30.1201,100,
09:56:29,30.1295,1000,
09:56:30,30.1274,2200,
09:56:30,30.11,100,
09:56:31,30.1289,300,
09:56:33,30.103,100,
09:56:33,30.10,700,
09:56:33,30.09,100,
09:56:35,30.1094,100,
09:56:35,30.11,100,
09:56:37,30.121,200,
09:56:40,30.12,100,
09:56:40,30.13,200,
09:56:40,30.12,100,
09:56:40,30.12,100,
09:56:40,30.12,200,
09:56:42,30.14,200,
09:56:42,30.14,100,
09:56:44,30.1493,100,
09:56:44,30.1494,100,
09:56:44,30.1494,100,
09:56:44,30.149,1200,
09:56:45,30.15,100,
09:56:45,30.15,100,
09:56:46,30.15,4700,
09:56:47,30.15,100,
09:56:47,30.13,100,
09:56:49,30.16,500,
09:56:50,30.1415,100,
09:56:52,30.155,1000,
09:56:54,30.14,200,
09:56:55,30.15,100,
09:56:58,30.147,200,
09:57:00,30.1196,500,
09:57:00,30.11,100,
09:57:01,30.11,100,
09:57:02,30.0926,3470,
09:57:03,30.0997,200,
09:57:05,30.08,200,
09:57:05,30.07,400,
09:57:07,30.09,3000,
09:57:09,30.07,120,
09:57:09,30.07,100,
09:57:09,30.07,700,
09:57:09,30.07,100,
09:57:09,30.05,100,
09:57:11,30.061,500,
09:57:13,30.09,100,
09:57:14,30.12,100,
09:57:18,30.12,100,
09:57:18,30.12,100,
09:57:19,30.1095,200,
09:57:19,30.1099,100,
09:57:19,30.1172,200,
09:57:20,30.1201,100,
09:57:20,30.12,100,
09:57:22,30.11,550,
09:57:26,30.119,200,
09:57:26,30.119,200,
09:57:27,30.11,300,
09:57:27,30.11,600,
09:57:27,30.11,300,
09:57:28,30.111,200,
09:57:28,30.12,1500,
09:57:30,30.123,1000,
09:57:37,30.15,100,
09:57:39,30.16,200,
09:57:39,30.16,400,
09:57:39,30.18,100,
09:57:39,30.19,200,
09:57:41,30.21,300,
09:57:41,30.22,6500,
09:57:42,30.22,300,
09:57:42,30.22,131,
09:57:42,30.22,431,
09:57:42,30.22,200,
09:57:42,30.23,200,
09:57:45,30.2184,500,
09:57:46,30.237,1250,
09:57:49,30.222,500,
09:57:52,30.249,100,
09:57:52,30.251,200,
09:57:53,30.26,300,
09:57:53,30.26,177,
09:57:53,30.26,2000,
09:57:53,30.25,300,
09:57:53,30.25,100,
09:57:53,30.24,300,
09:57:53,30.24,100,
09:57:53,30.24,100,
09:57:53,30.24,100,
09:57:53,30.24,100,
09:57:55,30.25,1000,
09:57:55,30.248,900,
09:57:56,30.26,300,
09:57:56,30.26,100,
09:57:56,30.26,100,
09:57:56,30.26,174,
09:57:57,30.27,100,
09:57:57,30.27,100,
09:57:59,30.27,100,
09:58:01,30.26,800,
09:58:02,30.26,100,
09:58:02,30.255,1000,
09:58:04,30.2501,100,
09:58:05,30.2525,3700,
09:58:10,30.28,1200,
09:58:10,30.2768,100,
09:58:11,30.279,100,
09:58:16,30.29,500,
09:58:21,30.2599,200,
09:58:22,30.27,100,
09:58:22,30.27,1000,
09:58:23,30.2656,100,
09:58:24,30.2654,2000,
09:58:29,30.26,100,
09:58:35,30.277,800,
09:58:39,30.2801,125,
09:58:41,30.2726,2900,
09:58:46,30.2699,1000,
09:58:49,30.2798,100,
09:58:55,30.22,200,
09:58:55,30.251,300,
09:58:58,30.233,200,
09:59:02,30.25,200,
09:59:03,30.25,100,
09:59:09,30.26,500,
09:59:09,30.26,100,
09:59:14,30.26,400,
09:59:28,30.2384,1000,
09:59:35,30.23,300,
09:59:38,30.23,600,
09:59:41,30.23,212,
09:59:50,30.23,300,
09:59:50,30.23,100,
09:59:50,30.23,100,
09:59:52,30.24,100,
09:59:52,30.25,200,
09:59:55,30.2344,300,
09:59:57,30.23,139,
09:59:59,30.23,100,
09:59:59,30.25,100,
10:00:01,30.2736,500,
10:00:10,30.2544,100,
10:00:15,30.24,100,
10:00:15,30.24,100,
10:00:20,30.258,200,
10:00:29,30.219,100,
10:00:32,30.2056,100,
10:00:33,30.203,100,
10:00:40,30.18,107,
10:00:40,30.18,100,
10:00:40,30.17,100,
10:00:44,30.17,100,
10:00:45,30.171,300,
10:00:47,30.20,100,
10:00:48,30.22,300,
10:00:48,30.22,300,
10:00:48,30.22,100,
10:00:48,30.22,100,
10:00:48,30.25,200,
10:00:48,30.25,100,
10:00:48,30.25,100,
10:00:48,30.25,100,
10:00:48,30.25,100,
10:00:48,30.25,100,
10:00:48,30.25,100,
10:00:48,30.25,200,
10:00:48,30.25,100,
10:00:53,30.2699,200,
10:00:58,30.27,300,
10:00:59,30.28,100,
10:01:00,30.30,100,
10:01:00,30.30,200,
10:01:01,30.31,200,
10:01:01,30.32,300,
10:01:02,30.33,100,
10:01:02,30.33,100,
10:01:02,30.33,4400,
10:01:03,30.307,200,
10:01:03,30.33,100,
10:01:03,30.34,100,
10:01:03,30.34,200,
10:01:03,30.34,100,
10:01:03,30.34,300,
10:01:03,30.34,200,
10:01:03,30.34,100,
10:01:03,30.34,500,
10:01:04,30.3399,2500,
10:01:04,30.33,100,
10:01:05,30.33,200,
10:01:06,30.31,100,
10:01:09,30.318,1000,
10:01:11,30.319,100,
10:01:14,30.339,200,
10:01:14,30.34,100,
10:01:14,30.34,200,
10:01:14,30.339,100,
10:01:15,30.34,600,
10:01:15,30.33,100,
10:01:16,30.33,200,
10:01:19,30.349,250,
10:01:20,30.3444,1000,
10:01:21,30.3498,100,
10:01:23,30.349,500,
10:01:26,30.347,320,
10:01:29,30.348,100,
10:01:29,30.3499,100,
10:01:30,30.33,300,
10:01:30,30.30,100,
10:01:30,30.30,200,
10:01:30,30.30,100,
10:01:30,30.30,200,
10:01:30,30.30,100,
10:01:30,30.30,100,
10:01:30,30.30,100,
10:01:30,30.29,100,
10:01:30,30.30,100,
10:01:30,30.31,200,
10:01:30,30.28,100,
10:01:31,30.29,100,
10:01:31,30.28,100,
10:01:31,30.28,100,
10:01:31,30.29,1300,
10:01:31,30.29,100,
10:01:31,30.29,100,
10:01:32,30.343,1250,
10:01:32,30.2916,150,
10:01:33,30.27,300,
10:01:33,30.28,200,
10:01:34,30.27,139,
10:01:35,30.299,200,
10:01:35,30.2829,100,
10:01:35,30.2839,100,
10:01:35,30.2864,100,
10:01:35,30.2799,100,
10:01:35,30.2838,100,
10:01:36,30.29,100,
10:01:36,30.29,100,
10:01:36,30.29,200,
10:01:37,30.28,1000,
10:01:38,30.271,100,
10:01:46,30.287,100,
10:01:49,30.28,100,
10:01:49,30.30,300,
10:01:49,30.30,500,
10:01:50,30.27,100,
10:01:50,30.30,100,
10:01:50,30.30,100,
10:01:52,30.28,200,
10:01:56,30.2886,100,
10:01:56,30.2891,100,
10:01:56,30.27,600,
10:01:56,30.27,155,
10:01:57,30.26,174,
10:01:58,30.2634,200,
10:02:00,30.28,5150,
10:02:01,30.261,700,
10:02:02,30.26,7700,
10:02:03,30.28,4800,
10:02:04,30.28,100,
10:02:05,30.277,200,
10:02:07,30.28,100,
10:02:08,30.30,600,
10:02:08,30.267,250,
10:02:09,30.30,100,
10:02:15,30.29,200,
10:02:15,30.29,100,
10:02:16,30.29,100,
10:02:16,30.30,600,
10:02:20,30.299,200,
10:02:24,30.2999,1600,
10:02:24,30.30,2100,
10:02:24,30.30,200,
10:02:27,30.297,500,
10:02:28,30.297,250,
10:02:34,30.3094,100,
10:02:34,30.3094,100,
10:02:34,30.309,1900,
10:02:34,30.309,1900,
10:02:36,30.31,6400,
10:02:36,30.30,600,
10:02:36,30.30,100,
10:02:37,30.2999,100,
10:02:41,30.27,300,
10:02:41,30.27,300,
10:02:45,30.29,100,
10:02:45,30.29,200,
10:02:45,30.29,100,
10:02:45,30.30,100,
10:02:45,30.2984,300,
10:02:52,30.31,100,
10:02:55,30.32,100,
10:02:59,30.32,100,
10:03:01,30.3298,200,
10:03:02,30.33,100,
10:03:02,30.3299,200,
10:03:03,30.311,3200,
10:03:05,30.33,300,
10:03:05,30.33,300,
10:03:07,30.32,200,
10:03:07,30.32,100,
10:03:07,30.32,600,
10:03:07,30.31,100,
10:03:07,30.31,100,
10:03:07,30.339,500,
10:03:09,30.3299,100,
10:03:09,30.322,1700,
10:03:10,30.31,100,
10:03:10,30.32,100,
10:03:10,30.32,100,
10:03:15,30.36,100,
10:03:15,30.36,100,
10:03:15,30.36,100,
10:03:15,30.37,100,
10:03:15,30.36,100,
10:03:15,30.38,200,
10:03:15,30.38,100,
10:03:15,30.38,100,
10:03:15,30.36,200,
10:03:18,30.36,100,
10:03:18,30.37,100,
10:03:20,30.363,1000,
10:03:21,30.37,200,
10:03:21,30.36,100,
10:03:21,30.36,200,
10:03:21,30.3601,500,
10:03:22,30.3689,300,
10:03:25,30.3699,200,
10:03:29,30.3559,100,
10:03:30,30.36,100,
10:03:30,30.36,200,
10:03:32,30.37,200,
10:03:34,30.37,200,
10:03:35,30.361,1500,
10:03:38,30.37,100,
10:03:39,30.37,500,
10:03:39,30.37,100,
10:03:44,30.39,600,
10:03:44,30.39,100,
10:03:45,30.39,200,
10:03:45,30.40,100,
10:03:45,30.40,200,
10:03:47,30.39,100,
10:03:47,30.40,300,
10:03:49,30.381,100,
10:03:51,30.37,100,
10:03:51,30.36,200,
10:03:51,30.36,100,
10:03:51,30.36,100,
10:03:52,30.40,100,
10:03:52,30.38,100,
10:03:52,30.38,100,
10:03:53,30.389,200,
10:03:54,30.41,100,
10:03:55,30.3946,100,
10:03:55,30.3915,100,
10:03:55,30.3913,100,
10:03:55,30.3911,100,
10:03:56,30.40,100,
10:03:56,30.40,100,
10:03:56,30.40,100,
10:03:56,30.39,500,
10:03:56,30.40,100,
10:03:56,30.3995,600,
10:03:57,30.39,500,
10:04:02,30.387,500,
10:04:03,30.3899,197,
10:04:05,30.39,100,
10:04:08,30.399,800,
10:04:09,30.40,1000,
10:04:11,30.39,100,
10:04:15,30.389,200,
10:04:15,30.397,500,
10:04:16,30.39,100,
10:04:18,30.383,200,
10:04:19,30.35,200,
10:04:19,30.35,100,
10:04:19,30.35,680,
10:04:20,30.35,100,
10:04:20,30.35,100,
10:04:23,30.38,600,
10:04:31,30.378,100,
10:04:33,30.37,100,
10:04:36,30.3872,100,
10:04:38,30.38,1000,
10:04:42,30.39,100,
10:04:43,30.39,100,
10:04:43,30.388,600,
10:04:43,30.3899,100,
10:04:43,30.389,200,
10:04:43,30.39,400,
10:04:43,30.39,100,
10:04:43,30.39,100,
10:04:43,30.39,100,
10:04:44,30.40,100,
10:04:44,30.40,100,
10:04:44,30.398,788,
10:04:48,30.392,100,
10:04:49,30.41,103,
10:04:49,30.42,100,
10:04:49,30.43,100,
10:04:49,30.43,100,
10:04:49,30.42,200,
10:04:49,30.43,300,
10:04:49,30.43,500,
10:04:49,30.43,100,
10:04:49,30.43,280,
10:04:49,30.43,220,
10:04:49,30.44,200,
10:04:49,30.44,500,
10:04:49,30.43,200,
10:04:49,30.43,100,
10:04:49,30.44,436,
10:04:49,30.44,100,
10:04:49,30.43,100,
10:04:49,30.45,100,
10:04:49,30.45,100,
10:04:49,30.45,100,
10:04:49,30.45,100,
10:04:49,30.45,100,
10:04:49,30.45,100,
10:04:51,30.45,1000,
10:04:52,30.40,2000,
10:04:54,30.46,100,
10:04:54,30.47,300,
10:04:55,30.46,200,
10:04:56,30.4511,300,
10:04:56,30.471,500,
10:04:56,30.47,100,
10:04:56,30.46,100,
10:04:56,30.4501,300,
10:04:57,30.4599,100,
10:04:58,30.47,100,
10:04:58,30.46,100,
10:04:58,30.46,300,
10:04:58,30.45,100,
10:04:58,30.461,4580,
10:04:58,30.44,300,
10:04:59,30.44,400,
10:04:59,30.449,1760,
10:05:00,30.45,100,
10:05:00,30.45,200,
10:05:00,30.4503,159,
10:05:01,30.4577,100,
10:05:01,30.4572,300,
10:05:01,30.4599,100,
10:05:02,30.46,300,
10:05:02,30.47,100,
10:05:02,30.47,200,
10:05:02,30.47,400,
10:05:03,30.45,100,
10:05:05,30.4698,1500,
10:05:05,30.45,100,
10:05:05,30.45,100,
10:05:05,30.44,100,
10:05:05,30.44,100,
10:05:05,30.44,100,
10:05:05,30.44,100,
10:05:05,30.44,2100,
10:05:05,30.44,100,
10:05:05,30.44,100,
10:05:05,30.44,300,
10:05:07,30.4499,350,
10:05:07,30.46,550,
10:05:10,30.44,200,
10:05:10,30.4399,500,
10:05:10,30.44,100,
10:05:10,30.44,100,
10:05:10,30.44,100,
10:05:10,30.44,100,
10:05:10,30.44,100,
10:05:10,30.44,300,
10:05:11,30.44,100,
10:05:12,30.4472,100,
10:05:13,30.4402,100,
10:05:15,30.4416,300,
10:05:16,30.45,300,
10:05:18,30.44,100,
10:05:18,30.43,100,
10:05:19,30.44,100,
10:05:21,30.43,100,
10:05:24,30.45,600,
10:05:24,30.4503,100,
10:05:24,30.45,100,
10:05:24,30.46,100,
10:05:24,30.46,100,
10:05:24,30.4415,100,
10:05:24,30.44,100,
10:05:24,30.44,100,
10:05:24,30.44,100,
10:05:26,30.45,100,
10:05:27,30.45,100,
10:05:28,30.458,700,
10:05:29,30.4608,100,
10:05:29,30.47,100,
10:05:29,30.47,100,
10:05:30,30.4501,100,
10:05:30,30.455,100,
10:05:30,30.45,100,
10:05:31,30.46,100,
10:05:31,30.46,100,
10:05:31,30.46,100,
10:05:31,30.46,100,
10:05:31,30.46,500,
10:05:31,30.46,900,
10:05:31,30.46,300,
10:05:31,30.46,200,
10:05:31,30.46,100,
10:05:31,30.461,100,
10:05:31,30.44,100,
10:05:31,30.44,100,
10:05:31,30.44,100,
10:05:33,30.45,300,
10:05:33,30.45,100,
10:05:33,30.45,100,
10:05:33,30.45,100,
10:05:33,30.45,100,
10:05:34,30.44,100,
10:05:34,30.44,100,
10:05:34,30.447,200,
10:05:37,30.46,100,
10:05:40,30.459,300,
10:05:43,30.467,100,
10:05:43,30.4559,100,
10:05:43,30.4564,100,
10:05:49,30.45,100,
10:05:50,30.451,500,
10:05:53,30.468,200,
10:05:54,30.47,250,
10:05:55,30.50,100,
10:05:55,30.50,200,
10:05:55,30.50,100,
10:05:56,30.50,500,
10:05:56,30.50,1950,
10:05:56,30.50,100,
10:05:56,30.50,100,
10:05:56,30.5099,100,
10:05:57,30.52,200,
10:05:57,30.52,200,
10:05:57,30.52,200,
10:05:57,30.53,100,
10:05:57,30.53,100,
10:05:57,30.53,100,
10:05:57,30.53,100,
10:05:57,30.53,100,
10:05:57,30.53,200,
10:05:57,30.53,100,
10:05:57,30.53,133,
10:05:57,30.53,100,
10:05:57,30.53,100,
10:05:57,30.53,100,
10:05:57,30.53,300,
10:05:57,30.53,200,
10:05:57,30.53,300,
10:05:57,30.52,100,
10:05:57,30.53,200,
10:05:58,30.52,197,
10:05:58,30.51,100,
10:05:58,30.51,100,
10:05:58,30.51,100,
10:05:58,30.51,500,
10:05:59,30.51,400,
10:05:59,30.508,100,
10:06:00,30.50,100,
10:06:00,30.4999,300,
10:06:00,30.49,100,
10:06:00,30.49,100,
10:06:00,30.49,100,
10:06:00,30.49,100,
10:06:01,30.49,100,
10:06:01,30.49,100,
10:06:01,30.49,100,
10:06:01,30.48,100,
10:06:02,30.48,100,
10:06:02,30.499,2500,
10:06:06,30.47,100,
10:06:06,30.47,100,
10:06:07,30.45,300,
10:06:07,30.45,100,
10:06:07,30.45,100,
10:06:07,30.45,300,
10:06:08,30.47,100,
10:06:11,30.46,8700,
10:06:11,30.46,8100,
10:06:18,30.44,200,
10:06:20,30.45,100,
10:06:20,30.45,200,
10:06:20,30.4448,2000,
10:06:21,30.43,100,
10:06:23,30.439,1000,
10:06:25,30.439,500,
10:06:26,30.4299,100,
10:06:27,30.4293,100,
10:06:27,30.43,100,
10:06:27,30.42,10000,
10:06:28,30.43,200,
10:06:28,30.429,100,
10:06:28,30.439,500,
10:06:29,30.429,200,
10:06:29,30.429,100,
10:06:32,30.421,4600,
10:06:33,30.40,100,
10:06:34,30.40,100,
10:06:35,30.39,100,
10:06:35,30.4026,100,
10:06:37,30.3902,1500,
10:06:38,30.3801,5000,
10:06:39,30.36,100,
10:06:39,30.36,100,
10:06:40,30.36,100,
10:06:41,30.3658,100,
10:06:41,30.3616,500,
10:06:43,30.3432,500,
10:06:44,30.363,1000,
10:06:45,30.3516,200,
10:06:46,30.347,130,
10:06:49,30.36,100,
10:06:51,30.36,100,
10:06:52,30.35,100,
10:06:55,30.3599,100,
10:06:56,30.352,1000,
10:06:59,30.3715,100,
10:07:01,30.3798,300,
10:07:01,30.3798,300,
10:07:04,30.3701,500,
10:07:13,30.38,100,
10:07:13,30.38,1700,
10:07:15,30.36,200,
10:07:15,30.36,100,
10:07:15,30.36,500,
10:07:15,30.36,100,
10:07:15,30.36,300,
10:07:15,30.36,200,
10:07:18,30.351,100,
10:07:20,30.35,1800,
10:07:20,30.36,200,
10:07:20,30.36,100,
10:07:20,30.36,100,
10:07:20,30.35,100,
10:07:20,30.35,100,
10:07:20,30.36,200,
10:07:23,30.3805,1000,
10:07:24,30.372,400,
10:07:24,30.42,100,
10:07:24,30.42,300,
10:07:25,30.429,700,
10:07:26,30.43,200,
10:07:26,30.43,200,
10:07:26,30.43,100,
10:07:29,30.43,100,
10:07:29,30.43,100,
10:07:29,30.4202,100,
10:07:29,30.44,100,
10:07:34,30.43,100,
10:07:35,30.4301,100,
10:07:38,30.44,300,
10:07:38,30.45,300,
10:07:38,30.45,100,
10:07:38,30.45,100,
10:07:38,30.431,2500,
10:07:38,30.46,100,
10:07:38,30.47,100,
10:07:47,30.43,100,
10:07:47,30.43,100,
10:07:47,30.43,100,
10:07:47,30.43,600,
10:07:47,30.43,600,
10:07:49,30.44,100,
10:07:54,30.41,100,
10:07:59,30.41,100,
10:08:03,30.37,100,
10:08:04,30.38,100,
10:08:04,30.3774,2400,
10:08:07,30.38,100,
10:08:07,30.38,100,
10:08:10,30.38,100,
10:08:10,30.3799,200,
10:08:11,30.36,100,
10:08:13,30.3488,100,
10:08:15,30.38,100,
10:08:15,30.38,100,
10:08:18,30.37,100,
10:08:20,30.40,100,
10:08:20,30.40,200,
10:08:22,30.39,100,
10:08:22,30.39,107,
10:08:29,30.4099,3000,
10:08:31,30.41,548,
10:08:31,30.42,100,
10:08:31,30.42,100,
10:08:33,30.4102,200,
10:08:33,30.4201,200,
10:08:33,30.42,100,
10:08:33,30.41,100,
10:08:36,30.46,100,
10:08:39,30.46,100,
10:08:42,30.44,300,
10:08:42,30.45,130,
10:08:42,30.43,100,
10:08:44,30.432,100,
10:08:49,30.42,100,
10:08:49,30.418,753,
10:08:51,30.41,100,
10:08:51,30.41,100,
10:08:52,30.42,100,
10:08:52,30.42,100,
10:08:52,30.41,100,
10:08:52,30.40,820,
10:08:54,30.39,100,
10:08:55,30.39,200,
10:08:57,30.41,300,
10:08:57,30.41,100,
10:08:57,30.41,200,
10:08:57,30.41,100,
10:09:00,30.3899,1000,
10:09:05,30.39,100,
10:09:05,30.39,100,
10:09:05,30.39,100,
10:09:05,30.39,100,
10:09:10,30.37,100,
10:09:10,30.36,2693,
10:09:11,30.36,100,
10:09:19,30.40,357,
10:09:19,30.40,100,
10:09:19,30.40,600,
10:09:19,30.42,100,
10:09:20,30.43,100,
10:09:22,30.44,110,
10:09:28,30.42,100,
10:09:28,30.42,500,
10:09:29,30.42,300,
10:09:31,30.42,100,
10:09:31,30.42,100,
10:09:33,30.4201,700,
10:09:41,30.43,100,
10:09:44,30.45,100,
10:09:44,30.45,100,
10:09:44,30.45,100,
10:09:46,30.4401,200,
10:09:46,30.45,100,
10:09:48,30.4599,200,
10:09:48,30.4599,200,
10:09:48,30.46,100,
10:09:49,30.4499,200,
10:09:49,30.45,100,
10:09:49,30.4499,100,
10:09:52,30.45,100,
10:09:57,30.4428,100,
10:09:58,30.4415,100,
10:10:07,30.44,200,
10:10:09,30.41,100,
10:10:09,30.40,100,
10:10:09,30.40,100,
10:10:09,30.40,300,
10:10:09,30.41,600,
10:10:09,30.41,200,
10:10:09,30.41,100,
10:10:09,30.41,100,
10:10:09,30.4046,100,
10:10:09,30.4046,100,
10:10:09,30.4012,200,
10:10:12,30.40,100,
10:10:12,30.3999,600,
10:10:14,30.40,100,
10:10:14,30.41,100,
10:10:14,30.40,200,
10:10:16,30.38,300,
10:10:25,30.38,100,
10:10:28,30.40,100,
10:10:30,30.40,300,
10:10:31,30.429,1700,
10:10:31,30.429,1700,
10:10:34,30.42,200,
10:10:34,30.42,200,
10:10:34,30.42,100,
10:10:35,30.45,100,
10:10:35,30.45,100,
10:10:35,30.45,100,
10:10:37,30.47,291,
10:10:40,30.48,100,
10:10:40,30.48,200,
10:10:40,30.48,100,
10:10:41,30.487,300,
10:10:47,30.44,100,
10:10:47,30.44,200,
10:10:49,30.49,100,
10:10:49,30.49,100,
10:10:49,30.49,300,
10:10:52,30.49,200,
10:10:53,30.499,250,
10:10:55,30.50,200,
10:11:00,30.53,300,
10:11:00,30.53,100,
10:11:00,30.52,100,
10:11:00,30.52,200,
10:11:01,30.50,100,
10:11:01,30.50,300,
10:11:01,30.50,100,
10:11:02,30.50,200,
10:11:02,30.49,100,
10:11:02,30.49,100,
10:11:02,30.49,300,
10:11:02,30.50,100,
10:11:04,30.51,100,
10:11:04,30.51,100,
10:11:05,30.51,100,
10:11:06,30.5001,1000,
10:11:07,30.53,1200,
10:11:08,30.53,200,
10:11:08,30.54,100,
10:11:08,30.55,100,
10:11:08,30.5015,100,
10:11:08,30.57,300,
10:11:09,30.57,200,
10:11:09,30.57,400,
10:11:09,30.57,600,
10:11:10,30.59,100,
10:11:10,30.5899,300,
10:11:12,30.59,100,
10:11:13,30.60,800,
10:11:13,30.59,300,
10:11:13,30.59,100,
10:11:14,30.59,400,
10:11:14,30.5795,200,
10:11:14,30.59,100,
10:11:14,30.59,500,
10:11:15,30.597,400,
10:11:16,30.60,300,
10:11:16,30.60,100,
10:11:16,30.5999,1000,
10:11:17,30.60,300,
10:11:17,30.60,600,
10:11:17,30.59,100,
10:11:18,30.5972,600,
10:11:18,30.609,250,
10:11:18,30.61,250,
10:11:18,30.607,600,
10:11:19,30.59,2300,
10:11:19,30.60,700,
10:11:19,30.60,300,
10:11:19,30.60,100,
10:11:20,30.60,100,
10:11:21,30.5874,1200,
10:11:22,30.5799,1800,
10:11:22,30.58,100,
10:11:22,30.58,100,
10:11:22,30.58,100,
10:11:22,30.5799,100,
10:11:22,30.576,600,
10:11:22,30.56,200,
10:11:22,30.56,100,
10:11:22,30.5601,650,
10:11:24,30.58,100,
10:11:24,30.58,100,
10:11:24,30.58,200,
10:11:24,30.58,100,
10:11:24,30.58,100,
10:11:25,30.563,100,
10:11:25,30.58,100,
10:11:26,30.60,500,
10:11:26,30.60,300,
10:11:27,30.61,100,
10:11:27,30.62,100,
10:11:27,30.62,800,
10:11:27,30.62,100,
10:11:27,30.61,200,
10:11:27,30.61,100,
10:11:27,30.62,100,
10:11:27,30.63,100,
10:11:27,30.63,200,
10:11:27,30.65,100,
10:11:27,30.65,100,
10:11:27,30.65,100,
10:11:27,30.65,100,
10:11:27,30.65,100,
10:11:27,30.65,200,
10:11:27,30.65,100,
10:11:27,30.66,700,
10:11:27,30.66,400,
10:11:27,30.66,500,
10:11:28,30.6899,200,
10:11:28,30.69,200,
10:11:28,30.68,100,
10:11:28,30.68,100,
10:11:28,30.68,100,
10:11:28,30.68,100,
10:11:29,30.69,300,
10:11:29,30.69,192,
10:11:29,30.70,600,
10:11:29,30.68,100,
10:11:29,30.70,300,
10:11:29,30.69,100,
10:11:29,30.69,100,
10:11:29,30.69,100,
10:11:29,30.6901,900,
10:11:29,30.68,200,
10:11:30,30.68,200,
10:11:30,30.679,100,
10:11:30,30.683,1700,
10:11:30,30.69,100,
10:11:30,30.69,100,
10:11:30,30.69,100,
10:11:30,30.69,100,
10:11:30,30.69,1100,
10:11:30,30.69,100,
10:11:30,30.69,100,
10:11:31,30.70,100,
10:11:32,30.6872,100,
10:11:32,30.70,100,
10:11:32,30.70,100,
10:11:32,30.6999,600,
10:11:32,30.682,1900,
10:11:33,30.689,300,
10:11:33,30.682,491,
10:11:33,30.70,100,
10:11:33,30.681,300,
10:11:34,30.70,300,
10:11:34,30.70,200,
10:11:34,30.70,300,
10:11:34,30.70,200,
10:11:35,30.717,700,
10:11:35,30.72,100,
10:11:35,30.72,100,
10:11:36,30.73,100,
10:11:36,30.73,100,
10:11:36,30.73,100,
10:11:36,30.73,100,
10:11:36,30.73,200,
10:11:36,30.73,300,
10:11:36,30.73,100,
10:11:36,30.73,3500,
10:11:36,30.73,700,
10:11:36,30.73,100,
10:11:36,30.73,100,
10:11:37,30.71,100,
10:11:38,30.72,100,
10:11:38,30.72,100,
10:11:38,30.72,100,
10:11:38,30.72,500,
10:11:39,30.728,500,
10:11:39,30.72,100,
10:11:39,30.72,100,
10:11:39,30.72,100,
10:11:39,30.72,100,
10:11:39,30.72,100,
10:11:39,30.7115,100,
10:11:40,30.72,100,
10:11:41,30.72,100,
10:11:41,30.728,100,
10:11:42,30.72,200,
10:11:42,30.72,100,
10:11:42,30.73,100,
10:11:42,30.73,100,
10:11:43,30.71,300,
10:11:43,30.72,100,
10:11:44,30.72,100,
10:11:44,30.7201,900,
10:11:44,30.71,100,
10:11:44,30.7174,1700,
10:11:45,30.72,200,
10:11:45,30.721,100,
10:11:47,30.72,100,
10:11:47,30.72,100,
10:11:47,30.73,100,
10:11:48,30.74,250,
10:11:48,30.72,200,
10:11:48,30.727,1300,
10:11:48,30.74,800,
10:11:48,30.74,100,
10:11:48,30.74,400,
10:11:48,30.74,600,
10:11:49,30.7301,1000,
10:11:49,30.7301,1000,
10:11:50,30.74,200,
10:11:50,30.74,100,
10:11:50,30.74,100,
10:11:50,30.74,100,
10:11:50,30.7316,250,
10:11:51,30.7316,200,
10:11:51,30.7399,100,
10:11:51,30.74,200,
10:11:51,30.74,800,
10:11:52,30.75,800,
10:11:52,30.75,200,
10:11:54,30.74,500,
10:11:54,30.75,300,
10:11:54,30.76,100,
10:11:57,30.77,1000,
10:11:57,30.77,100,
10:11:57,30.77,100,
10:11:58,30.76,100,
10:11:59,30.78,100,
10:11:59,30.79,100,
10:11:59,30.7704,100,
10:11:59,30.77,200,
10:11:59,30.761,1000,
10:12:00,30.78,100,
10:12:00,30.77,100,
10:12:02,30.78,100,
10:12:02,30.78,100,
10:12:02,30.77,500,
10:12:02,30.77,100,
10:12:02,30.77,300,
10:12:02,30.77,500,
10:12:02,30.77,100,
10:12:02,30.77,100,
10:12:02,30.77,100,
10:12:02,30.76,100,
10:12:02,30.79,200,
10:12:02,30.78,100,
10:12:02,30.78,100,
10:12:02,30.78,100,
10:12:02,30.79,100,
10:12:02,30.79,100,
10:12:02,30.79,100,
10:12:03,30.76,400,
10:12:03,30.76,100,
10:12:03,30.76,600,
10:12:03,30.77,300,
10:12:03,30.77,200,
10:12:05,30.7607,100,
10:12:05,30.761,2100,
10:12:05,30.76,500,
10:12:05,30.76,100,
10:12:05,30.76,100,
10:12:05,30.76,100,
10:12:05,30.76,100,
10:12:06,30.75,3800,
10:12:06,30.75,500,
10:12:06,30.75,500,
10:12:06,30.75,100,
10:12:07,30.7456,100,
10:12:07,30.76,100,
10:12:07,30.76,100,
10:12:08,30.753,100,
10:12:09,30.7501,200,
10:12:09,30.74,100,
10:12:09,30.742,500,
10:12:09,30.75,100,
10:12:10,30.74,100,
10:12:11,30.7501,2500,
10:12:13,30.75,100,
10:12:13,30.74,100,
10:12:16,30.77,100,
10:12:17,30.778,100,
10:12:17,30.78,100,
10:12:17,30.78,100,
10:12:17,30.7799,200,
10:12:17,30.7799,100,
10:12:17,30.7799,100,
10:12:17,30.7799,100,
10:12:18,30.77,100,
10:12:18,30.77,100,
10:12:18,30.77,100,
10:12:18,30.763,200,
10:12:19,30.76,100,
10:12:20,30.74,100,
10:12:20,30.75,100,
10:12:20,30.74,100,
10:12:20,30.73,300,
10:12:20,30.73,100,
10:12:20,30.74,600,
10:12:20,30.73,100,
10:12:20,30.73,300,
10:12:20,30.75,100,
10:12:20,30.73,100,
10:12:20,30.75,300,
10:12:20,30.75,100,
10:12:20,30.74,100,
10:12:20,30.75,100,
10:12:20,30.75,100,
10:12:20,30.74,100,
10:12:20,30.74,100,
10:12:20,30.74,100,
10:12:22,30.74,200,
10:12:22,30.74,100,
10:12:22,30.74,100,
10:12:22,30.74,100,
10:12:22,30.74,600,
10:12:22,30.74,1600,
10:12:22,30.74,600,
10:12:22,30.74,200,
10:12:24,30.749,400,
10:12:24,30.74,200,
10:12:24,30.74,100,
10:12:25,30.74,100,
10:12:25,30.74,100,
10:12:25,30.7301,1200,
10:12:26,30.729,100,
10:12:26,30.73,100,
10:12:26,30.74,100,
10:12:27,30.7301,100,
10:12:27,30.74,600,
10:12:27,30.729,300,
10:12:31,30.7315,100,
10:12:31,30.73,100,
10:12:31,30.73,100,
10:12:34,30.71,100,
10:12:34,30.73,100,
10:12:34,30.7304,100,
10:12:34,30.7303,100,
10:12:34,30.73,100,
10:12:34,30.73,100,
10:12:36,30.73,1000,
10:12:38,30.73,1000,
10:12:39,30.723,900,
10:12:39,30.731,1000,
10:12:41,30.73,100,
10:12:44,30.75,300,
10:12:44,30.75,300,
10:12:45,30.74,100,
10:12:48,30.75,200,
10:12:48,30.76,300,
10:12:48,30.76,100,
10:12:48,30.77,765,
10:12:49,30.76,100,
10:12:49,30.7601,300,
10:12:50,30.75,600,
10:12:50,30.76,600,
10:12:51,30.767,200,
10:12:52,30.76,300,
10:12:52,30.76,300,
10:12:53,30.75,200,
10:12:53,30.7593,1200,
10:12:54,30.75,9000,
10:12:54,30.75,100,
10:12:55,30.76,100,
10:12:55,30.76,100,
10:12:57,30.743,300,
10:13:00,30.78,1000,
10:13:00,30.76,500,
10:13:01,30.78,1300,
10:13:01,30.78,100,
10:13:01,30.78,200,
10:13:01,30.78,300,
10:13:02,30.7799,5000,
10:13:03,30.778,1000,
10:13:04,30.77,600,
10:13:04,30.77,200,
10:13:05,30.78,100,
10:13:05,30.78,100,
10:13:05,30.78,100,
10:13:05,30.7798,1200,
10:13:05,30.7701,300,
10:13:06,30.79,100,
10:13:06,30.7805,700,
10:13:07,30.79,200,
10:13:08,30.79,100,
10:13:11,30.80,100,
10:13:11,30.789,100,
10:13:11,30.789,100,
10:13:12,30.787,700,
10:13:12,30.7905,168,
10:13:14,30.78,100,
10:13:14,30.79,100,
10:13:15,30.7899,200,
10:13:15,30.80,2300,
10:13:15,30.80,100,
10:13:16,30.80,100,
10:13:17,30.80,770,
10:13:18,30.80,4700,
10:13:18,30.797,230,
10:13:18,30.8101,200,
10:13:18,30.81,100,
10:13:18,30.8101,900,
10:13:18,30.81,100,
10:13:18,30.81,100,
10:13:18,30.81,200,
10:13:19,30.83,100,
10:13:19,30.83,150,
10:13:19,30.83,100,
10:13:19,30.84,100,
10:13:19,30.84,100,
10:13:19,30.835,200,
10:13:19,30.85,300,
10:13:19,30.85,600,
10:13:19,30.85,100,
10:13:19,30.86,100,
10:13:19,30.86,100,
10:13:20,30.87,100,
10:13:20,30.87,100,
10:13:20,30.8699,100,
10:13:21,30.839,500,
10:13:22,30.8698,300,
10:13:22,30.87,100,
10:13:22,30.8698,300,
10:13:22,30.87,100,
10:13:22,30.87,100,
10:13:22,30.86,1000,
10:13:22,30.87,200,
10:13:22,30.87,100,
10:13:22,30.87,300,
10:13:22,30.86,400,
10:13:22,30.88,5300,
10:13:23,30.87,4600,
10:13:24,30.868,1000,
10:13:24,30.868,100,
10:13:25,30.86,200,
10:13:25,30.85,100,
10:13:26,30.8593,100,
10:13:26,30.859,500,
10:13:26,30.859,600,
10:13:27,30.85,200,
10:13:27,30.861,750,
10:13:29,30.85,200,
10:13:29,30.85,100,
10:13:29,30.8301,200,
10:13:29,30.84,200,
10:13:29,30.85,100,
10:13:29,30.85,270,
10:13:30,30.85,500,
10:13:33,30.8599,400,
10:13:33,30.853,1000,
10:13:34,30.85,300,
10:13:34,30.84,100,
10:13:36,30.856,1000,
10:13:37,30.86,100,
10:13:37,30.87,100,
10:13:40,30.87,100,
10:13:40,30.87,100,
10:13:40,30.87,100,
10:13:40,30.87,100,
10:13:40,30.87,100,
10:13:41,30.88,200,
10:13:41,30.88,200,
10:13:41,30.89,100,
10:13:41,30.89,100,
10:13:41,30.89,100,
10:13:41,30.89,100,
10:13:41,30.89,200,
10:13:41,30.89,100,
10:13:41,30.89,100,
10:13:41,30.89,400,
10:13:41,30.87,100,
10:13:41,30.89,600,
10:13:41,30.89,200,
10:13:43,30.8601,1100,
10:13:45,30.85,200,
10:13:45,30.87,100,
10:13:46,30.8616,100,
10:13:50,30.8705,600,
10:13:52,30.88,300,
10:13:52,30.89,200,
10:13:52,30.89,100,
10:13:52,30.89,1700,
10:13:52,30.89,1100,
10:13:52,30.89,1100,
10:13:52,30.89,600,
10:13:52,30.90,100,
10:13:52,30.90,800,
10:13:52,30.90,200,
10:13:52,30.90,1900,
10:13:52,30.90,500,
10:13:52,30.90,100,
10:13:52,30.89,100,
10:13:52,30.89,200,
10:13:53,30.8901,200,
10:13:54,30.90,2000,
10:13:55,30.90,2000,
10:13:55,30.897,1000,
10:13:55,30.889,600,
10:13:55,30.88,100,
10:13:55,30.88,100,
10:13:55,30.88,100,
10:13:56,30.889,1100,
10:13:56,30.90,750,
10:13:57,30.89,3700,
10:13:57,30.89,3000,
10:13:58,30.8899,1000,
10:13:59,30.90,200,
10:13:59,30.90,600,
10:13:59,30.90,2000,
10:13:59,30.90,100,
10:13:59,30.90,100,
10:13:59,30.90,3300,
10:13:59,30.90,3700,
10:14:00,30.88,400,
10:14:00,30.88,100,
10:14:00,30.88,100,
10:14:01,30.88,300,
10:14:03,30.89,500,
10:14:03,30.89,100,
10:14:04,30.871,100,
10:14:05,30.87,100,
10:14:05,30.87,100,
10:14:05,30.87,200,
10:14:05,30.8701,900,
10:14:06,30.8701,100,
10:14:07,30.8774,100,
10:14:08,30.8778,100,
10:14:08,30.88,100,
10:14:09,30.879,100,
10:14:09,30.88,100,
10:14:09,30.89,700,
10:14:10,30.88,100,
10:14:10,30.89,1800,
10:14:10,30.87,200,
10:14:11,30.8656,1000,
10:14:11,30.88,200,
10:14:12,30.88,1000,
10:14:13,30.879,200,
10:14:13,30.8899,100,
10:14:14,30.89,100,
10:14:14,30.89,100,
10:14:15,30.88,100,
10:14:15,30.90,100,
10:14:15,30.8999,100,
10:14:15,30.8999,700,
10:14:15,30.8999,100,
10:14:16,30.88,200,
10:14:16,30.88,100,
10:14:16,30.88,100,
10:14:16,30.87,100,
10:14:16,30.88,200,
10:14:17,30.8866,100,
10:14:17,30.8866,100,
10:14:17,30.8873,100,
10:14:17,30.889,600,
10:14:19,30.90,200,
10:14:19,30.90,100,
10:14:19,30.90,100,
10:14:19,30.8999,4400,
10:14:20,30.8901,600,
10:14:20,30.8901,400,
10:14:21,30.89,100,
10:14:21,30.89,100,
10:14:29,30.8402,2100,
10:14:30,30.84,100,
10:14:30,30.84,100,
10:14:30,30.849,500,
10:14:30,30.843,300,
10:14:31,30.8232,500,
10:14:33,30.84,200,
10:14:33,30.85,100,
10:14:33,30.84,100,
10:14:37,30.8777,100,
10:14:37,30.8782,100,
10:14:38,30.87,100,
10:14:38,30.87,100,
10:14:40,30.87,100,
10:14:40,30.8772,100,
10:14:40,30.879,100,
10:14:41,30.87,100,
10:14:41,30.86,600,
10:14:41,30.86,100,
10:14:41,30.86,100,
10:14:41,30.86,100,
10:14:41,30.87,100,
10:14:43,30.8444,4000,
10:14:47,30.8201,1500,
10:14:49,30.83,100,
10:14:51,30.8328,1000,
10:14:55,30.838,300,
10:14:57,30.83,300,
10:14:59,30.83,400,
10:15:00,30.87,100,
10:15:00,30.87,100,
10:15:00,30.87,100,
10:15:00,30.87,100,
10:15:02,30.852,1700,
10:15:02,30.89,100,
10:15:03,30.90,200,
10:15:03,30.8936,400,
10:15:06,30.9098,100,
10:15:07,30.90,100,
10:15:07,30.90,100,
10:15:07,30.9068,500,
10:15:07,30.91,293,
10:15:08,30.902,500,
10:15:08,30.91,400,
10:15:09,30.91,100,
10:15:10,30.909,500,
10:15:12,30.9085,100,
10:15:12,30.9085,100,
10:15:13,30.9092,100,
10:15:13,30.9092,100,
10:15:13,30.90,500,
10:15:13,30.90,100,
10:15:15,30.9072,100,
10:15:15,30.909,100,
10:15:17,30.90,100,
10:15:17,30.91,450,
10:15:17,30.88,2100,
10:15:17,30.88,100,
10:15:17,30.88,100,
10:15:17,30.88,100,
10:15:18,30.88,100,
10:15:18,30.899,200,
10:15:20,30.8899,1600,
10:15:20,30.8899,1300,
10:15:20,30.8896,200,
10:15:20,30.889,400,
10:15:21,30.8746,100,
10:15:22,30.879,110,
10:15:22,30.87,300,
10:15:22,30.87,100,
10:15:23,30.8648,2000,
10:15:24,30.87,100,
10:15:26,30.86,100,
10:15:26,30.86,100,
10:15:26,30.86,100,
10:15:26,30.86,100,
10:15:26,30.86,100,
10:15:26,30.85,1000,
10:15:26,30.85,100,
10:15:26,30.85,100,
10:15:26,30.85,500,
10:15:26,30.85,100,
10:15:26,30.85,100,
10:15:26,30.85,1800,
10:15:26,30.85,300,
10:15:27,30.85,100,
10:15:28,30.851,500,
10:15:28,30.86,100,
10:15:28,30.86,100,
10:15:28,30.86,530,
10:15:28,30.86,100,
10:15:28,30.86,100,
10:15:28,30.86,300,
10:15:28,30.85,900,
10:15:29,30.85,100,
10:15:29,30.85,100,
10:15:29,30.85,100,
10:15:29,30.83,100,
10:15:29,30.84,200,
10:15:29,30.84,4600,
10:15:31,30.859,1000,
10:15:36,30.8442,400,
10:15:36,30.83,100,
10:15:36,30.84,100,
10:15:36,30.84,100,
10:15:37,30.8356,100,
10:15:37,30.831,100,
10:15:39,30.8302,3000,
10:15:40,30.843,1000,
10:15:41,30.84,100,
10:15:42,30.8468,250,
10:15:44,30.8416,300,
10:15:46,30.84,100,
10:15:46,30.85,200,
10:15:48,30.84,100,
10:15:48,30.86,160,
10:15:48,30.86,200,
10:15:49,30.8672,900,
10:15:51,30.8552,100,
10:15:55,30.84,100,
10:15:55,30.8489,300,
10:15:56,30.8494,100,
10:15:56,30.8498,100,
10:15:56,30.8499,100,
10:15:56,30.849,2000,
10:15:56,30.83,100,
10:15:56,30.8299,100,
10:15:57,30.839,200,
10:15:58,30.831,800,
10:15:59,30.82,820,
10:15:59,30.8215,100,
10:16:00,30.80,100,
10:16:01,30.8105,500,
10:16:01,30.804,150,
10:16:02,30.8199,400,
10:16:02,30.82,100,
10:16:02,30.82,100,
10:16:03,30.8199,200,
10:16:03,30.82,100,
10:16:03,30.811,2100,
10:16:04,30.813,200,
10:16:06,30.8005,200,
10:16:06,30.8005,400,
10:16:07,30.82,100,
10:16:07,30.84,100,
10:16:08,30.8301,500,
10:16:10,30.833,1000,
10:16:13,30.81,100,
10:16:14,30.81,100,
10:16:14,30.8112,100,
10:16:14,30.8109,100,
10:16:14,30.811,500,
10:16:15,30.81,100,
10:16:15,30.81,100,
10:16:15,30.82,100,
10:16:16,30.84,100,
10:16:16,30.83,100,
10:16:16,30.83,100,
10:16:16,30.813,1000,
10:16:19,30.839,100,
10:16:20,30.831,2300,
10:16:21,30.831,2300,
10:16:21,30.8301,200,
10:16:21,30.83,100,
10:16:22,30.831,500,
10:16:22,30.83,3100,
10:16:25,30.83,100,
10:16:30,30.80,200,
10:16:31,30.7919,100,
10:16:31,30.791,200,
10:16:34,30.7916,200,
10:16:36,30.81,100,
10:16:36,30.81,100,
10:16:36,30.81,100,
10:16:36,30.81,100,
10:16:36,30.81,2100,
10:16:36,30.82,100,
10:16:40,30.812,600,
10:16:41,30.84,100,
10:16:46,30.833,1000,
10:16:51,30.86,100,
10:16:52,30.8584,500,
10:16:55,30.86,200,
10:16:58,30.85,3800,
10:16:58,30.843,200,
10:17:00,30.83,100,
10:17:00,30.83,100,
10:17:00,30.8374,100,
10:17:03,30.8299,300,
10:17:05,30.8328,500,
10:17:07,30.82,100,
10:17:09,30.8368,200,
10:17:14,30.83,100,
10:17:18,30.8316,100,
10:17:18,30.8312,100,
10:17:18,30.8309,200,
10:17:18,30.83,100,
10:17:18,30.831,800,
10:17:19,30.83,2200,
10:17:19,30.84,100,
10:17:20,30.83,5400,
10:17:23,30.86,100,
10:17:23,30.86,100,
10:17:24,30.84,2200,
10:17:24,30.8308,100,
10:17:24,30.831,167,
10:17:27,30.83,100,
10:17:27,30.83,100,
10:17:31,30.87,100,
10:17:35,30.90,100,
10:17:38,30.89,100,
10:17:38,30.8832,200,
10:17:41,30.88,300,
10:17:46,30.873,990,
10:17:46,30.89,2200,
10:17:46,30.889,1000,
10:17:47,30.89,100,
10:17:48,30.8816,500,
10:17:50,30.889,2100,
10:17:54,30.8814,100,
10:17:54,30.881,200,
10:17:55,30.887,1000,
10:17:59,30.8872,500,
10:17:59,30.88,200,
10:17:59,30.88,100,
10:18:00,30.87,100,
10:18:00,30.87,300,
10:18:01,30.87,2000,
10:18:03,30.8501,200,
10:18:03,30.8504,100,
10:18:03,30.851,1300,
10:18:04,30.8599,200,
10:18:04,30.8599,200,
10:18:04,30.85,2000,
10:18:05,30.857,325,
10:18:10,30.8416,300,
10:18:13,30.8448,100,
10:18:15,30.87,300,
10:18:23,30.8605,1000,
10:18:28,30.859,2000,
10:18:28,30.85,100,
10:18:29,30.85,100,
10:18:31,30.84,100,
10:18:32,30.8475,100,
10:18:35,30.85,200,
10:18:36,30.833,100,
10:18:37,30.85,1000,
10:18:39,30.8672,200,
10:18:43,30.881,500,
10:18:44,30.8844,800,
10:18:46,30.887,300,
10:18:48,30.90,200,
10:18:48,30.90,100,
10:18:48,30.90,100,
10:18:48,30.90,200,
10:18:48,30.90,100,
10:18:48,30.90,100,
10:18:49,30.90,3816,
10:18:50,30.9097,100,
10:18:50,30.9098,100,
10:18:50,30.9099,100,
10:18:50,30.9098,100,
10:18:51,30.91,100,
10:18:51,30.91,100,
10:18:51,30.92,100,
10:18:53,30.8901,2000,
10:18:55,30.89,100,
10:18:55,30.90,100,
10:18:55,30.887,1000,
10:18:56,30.90,100,
10:18:56,30.89,100,
10:18:56,30.89,100,
10:18:56,30.89,100,
10:18:56,30.88,200,
10:19:00,30.8928,300,
10:19:01,30.88,100,
10:19:02,30.8794,500,
10:19:03,30.8915,100,
10:19:03,30.87,100,
10:19:04,30.88,100,
10:19:04,30.88,100,
10:19:04,30.88,100,
10:19:04,30.89,100,
10:19:04,30.89,100,
10:19:04,30.89,200,
10:19:08,30.8856,100,
10:19:09,30.8872,300,
10:19:12,30.90,100,
10:19:12,30.90,100,
10:19:16,30.911,500,
10:19:16,30.91,100,
10:19:18,30.92,100,
10:19:22,30.919,600,
10:19:22,30.919,100,
10:19:22,30.91,100,
10:19:22,30.911,1700,
10:19:26,30.911,300,
10:19:28,30.92,890,
10:19:28,30.94,100,
10:19:28,30.94,300,
10:19:28,30.95,100,
10:19:28,30.95,300,
10:19:28,30.95,100,
10:19:28,30.95,300,
10:19:28,30.95,100,
10:19:29,30.95,500,
10:19:29,30.95,200,
10:19:30,30.97,100,
10:19:30,30.98,100,
10:19:30,30.98,100,
10:19:30,30.98,100,
10:19:30,30.98,300,
10:19:30,30.98,300,
10:19:30,30.98,300,
10:19:30,30.98,1393,
10:19:32,30.97,100,
10:19:33,30.95,100,
10:19:34,30.94,100,
10:19:34,30.969,1900,
10:19:34,30.967,100,
10:19:35,30.9399,1000,
10:19:35,30.94,100,
10:19:37,30.9575,5000,
10:19:37,30.94,2500,
10:19:40,30.97,100,
10:19:41,30.957,100,
10:19:42,30.9654,100,
10:19:42,30.9663,100,
10:19:42,30.9684,200,
10:19:43,30.959,200,
10:19:43,30.957,700,
10:19:44,30.969,1000,
10:19:44,30.97,100,
10:19:44,30.97,477,
10:19:46,30.96,100,
10:19:46,30.969,300,
10:19:48,30.96,200,
10:19:48,30.96,100,
10:19:48,30.9584,800,
10:19:48,30.9588,600,
10:19:49,30.9585,100,
10:19:49,30.96,100,
10:19:50,30.9744,100,
10:19:51,30.9799,100,
10:19:52,30.98,100,
10:19:52,30.9701,100,
10:19:52,30.97,100,
10:19:52,30.97,100,
10:19:52,30.97,400,
10:19:53,30.95,300,
10:19:53,30.95,500,
10:19:55,30.97,100,
10:19:56,30.967,1000,
10:19:57,30.9699,400,
10:19:57,30.95,100,
10:20:00,30.9696,1000,
10:20:02,30.9528,1000,
10:20:02,30.95,100,
10:20:03,30.9456,930,
10:20:05,30.956,1000,
10:20:07,30.96,100,
10:20:10,30.94,100,
10:20:11,30.95,100,
10:20:11,30.95,100,
10:20:11,30.95,100,
10:20:12,30.94,435,
10:20:14,30.936,145,
10:20:14,30.9199,200,
10:20:14,30.92,200,
10:20:18,30.911,100,
10:20:20,30.913,700,
10:20:22,30.9101,400,
10:20:25,30.92,100,
10:20:25,30.92,100,
10:20:25,30.93,100,
10:20:25,30.93,100,
10:20:25,30.93,900,
10:20:25,30.93,100,
10:20:25,30.93,895,
10:20:28,30.919,200,
10:20:31,30.931,200,
10:20:40,30.9384,600,
10:20:44,30.91,300,
10:20:45,30.91,200,
10:20:48,30.90,1550,
10:20:48,30.90,250,
10:20:49,30.901,300,
10:20:50,30.89,100,
10:20:50,30.8886,1000,
10:20:52,30.8799,500,
10:20:55,30.88,100,
10:20:55,30.88,400,
10:20:55,30.87,1000,
10:20:56,30.87,100,
10:20:58,30.873,725,
10:20:59,30.871,275,
10:21:02,30.85,100,
10:21:02,30.85,100,
10:21:02,30.85,300,
10:21:03,30.8498,100,
10:21:04,30.85,100,
10:21:04,30.841,500,
10:21:06,30.85,100,
10:21:06,30.85,370,
10:21:06,30.86,200,
10:21:06,30.86,100,
10:21:06,30.86,300,
10:21:07,30.86,195,
10:21:09,30.8616,299,
10:21:10,30.88,100,
10:21:10,30.89,100,
10:21:10,30.8895,500,
10:21:11,30.871,300,
10:21:11,30.89,100,
10:21:11,30.89,100,
10:21:11,30.89,100,
10:21:15,30.8872,400,
10:21:17,30.849,500,
10:21:17,30.83,100,
10:21:18,30.8307,400,
10:21:19,30.833,500,
10:21:19,30.83,100,
10:21:19,30.82,300,
10:21:19,30.82,130,
10:21:19,30.82,100,
10:21:20,30.821,100,
10:21:20,30.821,100,
10:21:22,30.80,1300,
10:21:23,30.821,1700,
10:21:24,30.81,100,
10:21:24,30.81,100,
10:21:26,30.803,600,
10:21:27,30.81,100,
10:21:28,30.81,2000,
10:21:29,30.82,100,
10:21:29,30.82,600,
10:21:31,30.82,200,
10:21:31,30.807,1000,
10:21:32,30.85,100,
10:21:32,30.8474,1200,
10:21:32,30.813,500,
10:21:34,30.85,200,
10:21:34,30.8474,300,
10:21:35,30.8301,500,
10:21:35,30.84,2000,
10:21:37,30.85,100,
10:21:37,30.85,100,
10:21:37,30.85,100,
10:21:38,30.84,100,
10:21:38,30.84,100,
10:21:38,30.83,100,
10:21:38,30.84,100,
10:21:40,30.8302,1000,
10:21:41,30.843,1000,
10:21:44,30.81,100,
10:21:44,30.81,100,
10:21:44,30.81,600,
10:21:47,30.8201,500,
10:21:49,30.8101,200,
10:21:50,30.809,500,
10:21:51,30.81,100,
10:21:51,30.82,100,
10:21:51,30.81,500,
10:21:51,30.81,100,
10:21:51,30.81,100,
10:21:51,30.81,100,
10:21:51,30.80,100,
10:21:51,30.80,100,
10:21:51,30.81,100,
10:21:52,30.8195,100,
10:21:52,30.83,100,
10:21:52,30.83,100,
10:21:54,30.8102,300,
10:21:54,30.8102,200,
10:21:55,30.8099,100,
10:21:55,30.81,100,
10:21:55,30.83,1400,
10:21:58,30.82,100,
10:21:58,30.82,100,
10:21:58,30.82,100,
10:21:58,30.82,200,
10:21:58,30.82,100,
10:21:58,30.82,200,
10:21:58,30.82,600,
10:22:00,30.84,100,
10:22:00,30.85,641,
10:22:03,30.8304,100,
10:22:03,30.831,2100,
10:22:04,30.8356,400,
10:22:05,30.8415,100,
10:22:06,30.839,100,
10:22:07,30.87,100,
10:22:11,30.8878,300,
10:22:12,30.881,500,
10:22:17,30.88,100,
10:22:22,30.8872,260,
10:22:24,30.90,100,
10:22:24,30.90,100,
10:22:24,30.90,100,
10:22:24,30.90,200,
10:22:24,30.90,300,
10:22:24,30.90,100,
10:22:24,30.91,200,
10:22:24,30.91,100,
10:22:24,30.91,100,
10:22:24,30.91,200,
10:22:24,30.91,300,
10:22:24,30.91,200,
10:22:24,30.91,200,
10:22:24,30.9099,600,
10:22:24,30.91,100,
10:22:24,30.91,200,
10:22:24,30.91,665,
10:22:24,30.91,165,
10:22:25,30.92,300,
10:22:25,30.92,100,
10:22:25,30.92,100,
10:22:25,30.92,100,
10:22:25,30.9293,300,
10:22:27,30.911,200,
10:22:28,30.92,100,
10:22:29,30.91,108,
10:22:33,30.93,300,
10:22:33,30.93,200,
10:22:33,30.93,400,
10:22:33,30.93,100,
10:22:33,30.93,100,
10:22:34,30.9344,900,
10:22:37,30.93,1000,
10:22:37,30.92,100,
10:22:37,30.92,100,
10:22:37,30.92,100,
10:22:38,30.94,100,
10:22:39,30.94,100,
10:22:44,30.941,500,
10:22:44,30.95,600,
10:22:45,30.96,4200,
10:22:46,30.95,100,
10:22:46,30.95,100,
10:22:47,30.96,10000,
10:22:47,30.94,100,
10:22:47,30.94,300,
10:22:47,30.94,200,
10:22:47,30.93,100,
10:22:47,30.93,100,
10:22:47,30.93,100,
10:22:47,30.93,200,
10:22:47,30.93,200,
10:22:47,30.93,300,
10:22:47,30.93,100,
10:22:47,30.93,300,
10:22:47,30.93,100,
10:22:52,30.92,1200,
10:22:55,30.94,100,
10:22:55,30.94,100,
10:22:55,30.94,200,
10:22:55,30.94,100,
10:22:55,30.94,100,
10:22:57,30.947,600,
10:22:59,30.94,100,
10:22:59,30.93,300,
10:23:00,30.93,100,
10:23:01,30.93,100,
10:23:01,30.93,700,
10:23:01,30.93,100,
10:23:01,30.93,600,
10:23:02,30.93,100,
10:23:02,30.933,1000,
10:23:02,30.94,200,
10:23:06,30.95,300,
10:23:06,30.95,100,
10:23:06,30.95,200,
10:23:10,30.97,500,
10:23:12,30.953,800,
10:23:13,30.98,300,
10:23:13,30.98,100,
10:23:13,30.98,200,
10:23:13,30.98,400,
10:23:13,30.98,200,
10:23:13,30.98,200,
10:23:13,30.98,200,
10:23:13,30.968,300,
10:23:14,30.9708,300,
10:23:15,30.98,1057,
10:23:19,30.95,600,
10:23:21,30.94,1500,
10:23:21,30.92,200,
10:23:21,30.92,100,
10:23:21,30.92,100,
10:23:22,30.9084,100,
10:23:28,30.908,100,
10:23:30,30.892,1000,
10:23:41,30.88,100,
10:23:46,30.87,200,
10:23:46,30.83,1287,
10:23:47,30.84,120,
10:23:47,30.83,250,
10:23:49,30.8499,1000,
10:23:54,30.8199,100,
10:23:54,30.8172,200,
10:23:54,30.84,100,
10:23:55,30.8401,100,
10:23:58,30.839,1000,
10:24:04,30.8302,2000,
10:24:06,30.8315,100,
10:24:07,30.85,300,
10:24:09,30.89,100,
10:24:09,30.90,100,
10:24:11,30.88,100,
10:24:11,30.88,100,
10:24:16,30.899,120,
10:24:17,30.8804,100,
10:24:18,30.90,100,
10:24:19,30.909,100,
10:24:19,30.909,200,
10:24:20,30.9072,100,
10:24:24,30.9107,200,
10:24:24,30.91,100,
10:24:26,30.92,300,
10:24:26,30.92,100,
10:24:26,30.92,100,
10:24:26,30.92,100,
10:24:26,30.92,100,
10:24:26,30.91,100,
10:24:26,30.91,100,
10:24:26,30.91,200,
10:24:26,30.92,100,
10:24:26,30.92,100,
10:24:26,30.93,100,
10:24:26,30.91,100,
10:24:26,30.93,100,
10:24:26,30.93,300,
10:24:26,30.93,300,
10:24:26,30.91,200,
10:24:26,30.95,100,
10:24:26,30.93,200,
10:24:26,30.91,100,
10:24:26,30.94,100,
10:24:26,30.94,100,
10:24:26,30.94,100,
10:24:26,30.94,600,
10:24:26,30.95,100,
10:24:26,30.95,200,
10:24:26,30.92,200,
10:24:26,30.95,700,
10:24:26,30.95,100,
10:24:27,30.944,500,
10:24:27,30.95,1066,
10:24:28,30.909,800,
10:24:28,30.95,700,
10:24:28,30.96,200,
10:24:29,30.97,100,
10:24:32,30.96,206,
10:24:33,30.96,400,
10:24:34,30.97,100,
10:24:34,30.979,400,
10:24:35,30.98,100,
10:24:35,30.98,100,
10:24:35,30.98,1000,
10:24:39,30.99,1783,
10:24:39,30.98,100,
10:24:39,30.97,100,
10:24:44,30.987,300,
10:24:44,30.98,100,
10:24:44,30.98,100,
10:24:49,30.98,100,
10:24:51,30.988,500,
10:24:53,30.99,200,
10:24:55,30.99,100,
10:24:55,30.98,100,
10:24:55,30.98,100,
10:24:55,30.98,100,
10:25:00,30.95,500,
10:25:02,30.9568,333,
10:25:03,30.93,100,
10:25:04,30.93,100,
10:25:11,30.923,1000,
10:25:15,30.90,100,
10:25:15,30.91,150,
10:25:15,30.89,300,
10:25:17,30.90,100,
10:25:20,30.9208,300,
10:25:25,30.9201,200,
10:25:27,30.92,300,
10:25:31,30.89,100,
10:25:37,30.87,2000,
10:25:37,30.87,400,
10:25:37,30.86,100,
10:25:37,30.86,920,
10:25:38,30.84,162,
10:25:40,30.8316,800,
10:25:42,30.85,100,
10:25:43,30.87,100,
10:25:43,30.87,350,
10:25:43,30.87,100,
10:25:45,30.88,100,
10:25:50,30.8788,2000,
10:25:53,30.86,100,
10:25:58,30.84,100,
10:26:00,30.832,1000,
10:26:02,30.8332,100,
10:26:10,30.88,100,
10:26:11,30.8975,500,
10:26:13,30.871,100,
10:26:16,30.887,100,
10:26:17,30.874,1000,
10:26:20,30.88,100,
10:26:22,30.8945,100,
10:26:30,30.88,200,
10:26:31,30.87,300,
10:26:32,30.867,1000,
10:26:37,30.8602,3000,
10:26:42,30.83,300,
10:26:43,30.831,539,
10:26:44,30.83,711,
10:26:44,30.831,711,
10:26:46,30.811,100,
10:26:47,30.813,300,
10:26:47,30.81,100,
10:26:47,30.80,300,
10:26:47,30.80,500,
10:26:47,30.80,100,
10:26:47,30.7984,300,
10:26:48,30.7914,1000,
10:26:49,30.813,1000,
10:26:50,30.78,100,
10:26:50,30.7801,300,
10:26:50,30.78,200,
10:26:51,30.7836,100,
10:26:51,30.78,200,
10:26:51,30.783,500,
10:26:52,30.78,500,
10:26:52,30.7801,100,
10:26:53,30.78,100,
10:26:53,30.783,1000,
10:26:54,30.77,100,
10:26:54,30.77,150,
10:26:54,30.77,100,
10:26:54,30.77,300,
10:26:54,30.77,100,
10:26:54,30.77,600,
10:26:54,30.783,950,
10:26:55,30.78,100,
10:26:55,30.78,200,
10:26:55,30.78,100,
10:26:55,30.78,300,
10:26:56,30.76,200,
10:26:56,30.76,300,
10:26:56,30.76,500,
10:26:56,30.75,200,
10:26:56,30.75,100,
10:26:56,30.75,100,
10:26:56,30.75,300,
10:26:56,30.75,200,
10:26:56,30.75,100,
10:26:56,30.75,200,
10:26:58,30.771,100,
10:26:58,30.77,100,
10:26:59,30.7502,500,
10:26:59,30.7502,500,
10:27:00,30.75,1000,
10:27:01,30.76,500,
10:27:03,30.77,300,
10:27:04,30.773,100,
10:27:05,30.76,2000,
10:27:07,30.77,100,
10:27:09,30.77,100,
10:27:09,30.76,100,
10:27:11,30.74,150,
10:27:12,30.74,1900,
10:27:12,30.73,3100,
10:27:14,30.75,200,
10:27:14,30.75,100,
10:27:14,30.75,100,
10:27:14,30.75,100,
10:27:14,30.76,100,
10:27:15,30.7546,100,
10:27:19,30.76,200,
10:27:19,30.75,100,
10:27:19,30.75,200,
10:27:19,30.75,500,
10:27:21,30.75,1900,
10:27:22,30.76,100,
10:27:22,30.76,200,
10:27:22,30.76,100,
10:27:22,30.76,100,
10:27:22,30.76,200,
10:27:25,30.76,100,
10:27:25,30.76,100,
10:27:26,30.75,200,
10:27:26,30.75,200,
10:27:28,30.75,100,
10:27:28,30.7501,5000,
10:27:30,30.7454,100,
10:27:30,30.7459,100,
10:27:30,30.7465,100,
10:27:30,30.7467,100,
10:27:32,30.7415,100,
10:27:34,30.74,1000,
10:27:34,30.731,300,
10:27:34,30.731,400,
10:27:37,30.74,300,
10:27:37,30.74,1300,
10:27:37,30.74,600,
10:27:37,30.74,120,
10:27:37,30.74,160,
10:27:37,30.74,300,
10:27:37,30.74,120,
10:27:37,30.74,200,
10:27:37,30.74,200,
10:27:38,30.74,200,
10:27:38,30.74,200,
10:27:38,30.74,300,
10:27:38,30.74,100,
10:27:38,30.74,600,
10:27:38,30.74,300,
10:27:38,30.74,100,
10:27:38,30.74,1000,
10:27:38,30.73,100,
10:27:38,30.73,100,
10:27:38,30.73,100,
10:27:38,30.73,100,
10:27:38,30.73,100,
10:27:40,30.733,300,
10:27:42,30.74,205,
10:27:42,30.74,300,
10:27:42,30.74,1000,
10:27:42,30.74,300,
10:27:46,30.75,100,
10:27:46,30.75,100,
10:27:46,30.75,100,
10:27:46,30.76,100,
10:27:46,30.76,200,
10:27:50,30.779,300,
10:27:53,30.77,100,
10:27:53,30.76,100,
10:27:54,30.7697,100,
10:27:54,30.7698,100,
10:27:58,30.75,200,
10:27:59,30.74,350,
10:28:02,30.7499,300,
10:28:06,30.72,100,
10:28:06,30.73,100,
10:28:06,30.73,100,
10:28:06,30.73,100,
10:28:12,30.72,300,
10:28:12,30.72,600,
10:28:12,30.72,600,
10:28:16,30.72,300,
10:28:16,30.73,10700,
10:28:16,30.72,300,
10:28:16,30.72,100,
10:28:16,30.72,100,
10:28:16,30.72,600,
10:28:17,30.71,400,
10:28:17,30.7105,400,
10:28:20,30.711,1000,
10:28:22,30.72,300,
10:28:22,30.72,200,
10:28:22,30.72,1500,
10:28:23,30.7115,500,
10:28:34,30.732,400,
10:28:44,30.722,300,
10:28:46,30.71,100,
10:28:48,30.711,200,
10:28:49,30.72,100,
10:28:49,30.72,100,
10:28:49,30.73,100,
10:28:49,30.72,1000,
10:28:50,30.702,600,
10:28:56,30.74,300,
10:28:58,30.74,200,
10:29:04,30.74,100,
10:29:05,30.7312,100,
10:29:05,30.7304,200,
10:29:07,30.732,300,
10:29:08,30.732,200,
10:29:09,30.75,100,
10:29:15,30.7615,100,
10:29:19,30.7602,1000,
10:29:19,30.76,100,
10:29:19,30.76,1000,
10:29:20,30.78,900,
10:29:24,30.78,600,
10:29:24,30.78,700,
10:29:24,30.79,200,
10:29:24,30.79,100,
10:29:25,30.777,130,
10:29:28,30.79,100,
10:29:28,30.79,200,
10:29:40,30.74,100,
10:29:42,30.7399,300,
10:29:51,30.76,100,
10:29:51,30.77,100,
10:29:51,30.77,100,
10:29:51,30.75,100,
10:29:51,30.78,100,
10:29:51,30.78,100,
10:29:51,30.77,100,
10:29:51,30.78,100,
10:29:51,30.78,100,
10:29:54,30.76,100,
10:29:58,30.76,400,
10:29:59,30.76,100,
10:30:02,30.7868,500,
10:30:04,30.777,250,
10:30:12,30.804,150,
10:30:13,30.80,100,
10:30:14,30.80,5000,
10:30:15,30.8099,3300,
10:30:17,30.782,200,
10:30:19,30.80,100,
10:30:20,30.799,800,
10:30:25,30.7985,100,
10:30:26,30.79,100,
10:30:26,30.79,100,
10:30:26,30.79,100,
10:30:26,30.7899,2000,
10:30:26,30.78,200,
10:30:31,30.8199,5000,
10:30:35,30.82,100,
10:30:38,30.81,600,
10:30:39,30.80,100,
10:30:43,30.83,300,
10:30:44,30.84,2000,
10:30:47,30.84,230,
10:30:48,30.85,100,
10:30:48,30.85,100,
10:30:48,30.85,100,
10:30:50,30.86,400,
10:30:50,30.87,100,
10:30:50,30.857,1000,
10:30:51,30.859,500,
10:30:57,30.88,100,
10:30:57,30.88,600,
10:30:58,30.90,300,
10:30:58,30.90,200,
10:30:58,30.89,100,
10:30:58,30.88,100,
10:30:59,30.90,25000,
10:31:02,30.86,100,
10:31:05,30.86,100,
10:31:05,30.86,100,
10:31:10,30.849,1000,
10:31:11,30.8698,100,
10:31:11,30.87,100,
10:31:15,30.8898,4300,
10:31:18,30.89,500,
10:31:19,30.8979,100,
10:31:19,30.899,300,
10:31:19,30.8984,400,
10:31:24,30.90,100,
10:31:26,30.91,200,
10:31:26,30.92,100,
10:31:36,30.8601,250,
10:31:38,30.87,100,
10:31:38,30.87,100,
10:31:40,30.88,600,
10:31:44,30.85,300,
10:31:45,30.84,100,
10:31:51,30.84,100,
10:31:55,30.82,100,
10:31:55,30.82,300,
10:32:06,30.803,1000,
10:32:06,30.8001,200,
10:32:08,30.809,300,
10:32:09,30.77,200,
10:32:09,30.77,300,
10:32:09,30.77,100,
10:32:09,30.77,100,
10:32:09,30.77,100,
10:32:09,30.78,200,
10:32:09,30.77,100,
10:32:09,30.77,100,
10:32:09,30.77,200,
10:32:11,30.7578,100,
10:32:11,30.759,200,
10:32:11,30.76,300,
10:32:13,30.73,300,
10:32:14,30.70,200,
10:32:14,30.72,200,
10:32:15,30.69,100,
10:32:15,30.68,100,
10:32:15,30.69,300,
10:32:16,30.67,600,
10:32:16,30.681,100,
10:32:16,30.67,4500,
10:32:17,30.67,100,
10:32:17,30.68,100,
10:32:17,30.6716,197,
10:32:17,30.6725,5900,
10:32:17,30.66,1000,
10:32:17,30.65,100,
10:32:18,30.68,3500,
10:32:18,30.671,180,
10:32:18,30.6715,100,
10:32:20,30.65,2000,
10:32:20,30.65,500,
10:32:20,30.67,100,
10:32:20,30.67,100,
10:32:20,30.643,100,
10:32:21,30.66,100,
10:32:21,30.66,100,
10:32:29,30.69,100,
10:32:29,30.69,100,
10:32:30,30.70,100,
10:32:30,30.70,100,
10:32:31,30.68,100,
10:32:34,30.6807,200,
10:32:38,30.68,100,
10:32:38,30.68,290,
10:32:39,30.674,100,
10:32:40,30.688,1188,
10:32:42,30.683,300,
10:32:45,30.64,191,
10:32:45,30.62,244,
10:32:47,30.6292,200,
10:32:47,30.64,100,
10:32:48,30.62,100,
10:32:48,30.62,600,
10:32:48,30.62,100,
10:32:48,30.62,160,
10:32:49,30.63,100,
10:32:50,30.6316,600,
10:32:50,30.62,18000,
10:32:56,30.633,1000,
10:32:57,30.62,100,
10:32:57,30.62,200,
10:32:57,30.60,157,
10:33:00,30.60,1000,
10:33:00,30.573,100,
10:33:00,30.5736,100,
10:33:00,30.5734,100,
10:33:00,30.5754,100,
10:33:00,30.58,100,
10:33:00,30.58,100,
10:33:00,30.5805,400,
10:33:01,30.60,100,
10:33:01,30.60,100,
10:33:01,30.60,100,
10:33:01,30.59,100,
10:33:01,30.59,100,
10:33:02,30.59,100,
10:33:03,30.589,1000,
10:33:04,30.59,1000,
10:33:05,30.60,200,
10:33:05,30.60,200,
10:33:05,30.60,100,
10:33:05,30.60,100,
10:33:05,30.60,100,
10:33:05,30.59,1500,
10:33:06,30.61,100,
10:33:06,30.61,100,
10:33:07,30.61,100,
10:33:09,30.6102,200,
10:33:09,30.6102,200,
10:33:09,30.61,100,
10:33:09,30.60,300,
10:33:10,30.58,100,
10:33:12,30.58,200,
10:33:12,30.5772,100,
10:33:12,30.5779,100,
10:33:12,30.579,400,
10:33:12,30.579,200,
10:33:12,30.57,300,
10:33:13,30.5699,300,
