09:30:00,27.13,100,
09:30:00,27.12,100,
09:30:00,27.12,100,
09:30:00,27.12,200,
09:30:00,27.1301,200,
09:30:01,27.13,200,
09:30:01,27.14,100,
09:30:01,27.13,100,
09:30:01,27.12,100,
09:30:01,27.12,100,
09:30:01,27.12,600,
09:30:01,27.13,200,
09:30:02,27.14,200,
09:30:02,27.15,200,
09:30:02,27.12,100,
09:30:03,27.13,231,
09:30:03,27.13,201,
09:30:03,27.12,400,
09:30:03,27.12,100,
09:30:03,27.12,200,
09:30:03,27.10,300,
09:30:03,27.11,100,
09:30:03,27.11,300,
09:30:03,27.11,100,
09:30:03,27.13,100,
09:30:03,27.13,100,
09:30:03,27.13,100,
09:30:03,27.11,100,
09:30:03,27.11,100,
09:30:03,27.11,100,
09:30:03,27.11,200,
09:30:03,27.10,900,
09:30:03,27.10,300,
09:30:03,27.09,100,
09:30:03,27.09,200,
09:30:03,27.09,100,
09:30:03,27.09,300,
09:30:03,27.09,1000,
09:30:03,27.11,100,
09:30:03,27.11,100,
09:30:03,27.10,100,
09:30:03,27.09,2100,
09:30:03,27.09,100,
09:30:04,27.10,300,
09:30:04,27.08,900,
09:30:04,27.08,200,
09:30:04,27.08,300,
09:30:04,27.08,300,
09:30:04,27.08,300,
09:30:04,27.08,300,
09:30:04,27.10,200,
09:30:04,27.10,200,
09:30:04,27.08,300,
09:30:04,27.10,100,
09:30:04,27.09,100,
09:30:04,27.09,100,
09:30:04,27.09,100,
09:30:04,27.08,100,
09:30:04,27.08,100,
09:30:05,27.08,100,
09:30:05,27.07,200,
09:30:05,27.08,300,
09:30:05,27.08,100,
09:30:05,27.07,600,
09:30:05,27.08,278,
09:30:05,27.13,500,
09:30:05,27.10,100,
09:30:05,27.13,1000,
09:30:05,27.13,100,
09:30:05,27.12,800,
09:30:05,27.12,1020,
09:30:05,27.08,100,
09:30:06,27.13,100,
09:30:06,27.09,200,
09:30:06,27.09,300,
09:30:06,27.09,300,
09:30:06,27.09,300,
09:30:06,27.10,100,
09:30:06,27.10,100,
09:30:06,27.1215,100,
09:30:06,27.13,100,
09:30:06,27.0801,100,
09:30:06,27.08,100,
09:30:07,27.12,100,
09:30:07,27.13,100,
09:30:07,27.13,200,
09:30:08,27.13,200,
09:30:08,27.13,200,
09:30:08,27.12,100,
09:30:08,27.12,200,
09:30:09,27.12,100,
09:30:09,27.15,100,
09:30:09,27.15,100,
09:30:09,27.15,300,
09:30:09,27.15,300,
09:30:09,27.15,100,
09:30:09,27.15,100,
09:30:10,27.13,100,
09:30:10,27.14,800,
09:30:10,27.1215,100,
09:30:10,27.14,200,
09:30:10,27.14,300,
09:30:10,27.14,200,
09:30:10,27.15,100,
09:30:10,27.15,200,
09:30:10,27.14,100,
09:30:10,27.14,200,
09:30:10,27.14,200,
09:30:10,27.14,200,
09:30:11,27.13,100,
09:30:11,27.13,100,
09:30:11,27.13,100,
09:30:11,27.14,300,
09:30:11,27.10,110,
09:30:11,27.13,300,
09:30:11,27.12,100,
09:30:12,27.10,200,
09:30:12,27.10,200,
09:30:12,27.071,105,
09:30:12,27.10,400,
09:30:12,27.16,200,
09:30:12,27.10,125,
09:30:12,27.15,100,
09:30:13,27.17,100,
09:30:13,27.17,100,
09:30:13,27.17,100,
09:30:13,27.16,100,
09:30:13,27.14,100,
09:30:14,27.15,100,
09:30:14,27.16,100,
09:30:15,27.08,100,
09:30:15,27.18,125,
09:30:15,27.18,200,
09:30:15,27.17,300,
09:30:16,27.1257,200,
09:30:17,27.08,200,
09:30:17,27.1712,100,
09:30:17,27.1655,100,
09:30:17,27.1655,100,
09:30:17,27.1619,100,
09:30:17,27.13,100,
09:30:17,27.17,190,
09:30:17,27.17,1541,
09:30:17,27.18,500,
09:30:17,27.17,1400,
09:30:18,27.18,800,
09:30:18,27.16,100,
09:30:18,27.16,100,
09:30:18,27.15,100,
09:30:18,27.181,100,
09:30:19,27.07,7324,
09:30:20,27.16,100,
09:30:20,27.147,535,
09:30:22,27.0701,200,
09:30:22,27.17,200,
09:30:22,27.18,100,
09:30:23,27.1718,100,
09:30:23,27.1717,100,
09:30:23,27.1711,100,
09:30:23,27.171,100,
09:30:23,27.1604,100,
09:30:23,27.17,100,
09:30:24,27.17,200,
09:30:24,27.17,100,
09:30:24,27.15,100,
09:30:24,27.15,100,
09:30:24,27.15,100,
09:30:24,27.1499,1100,
09:30:24,27.14,300,
09:30:24,27.13,100,
09:30:24,27.13,300,
09:30:25,27.13,300,
09:30:25,27.12,100,
09:30:25,27.12,300,
09:30:25,27.164,100,
09:30:25,27.1275,4900,
09:30:25,27.163,300,
09:30:26,27.11,200,
09:30:26,27.11,100,
09:30:26,27.11,100,
09:30:26,27.12,100,
09:30:26,27.12,200,
09:30:26,27.12,200,
09:30:26,27.12,300,
09:30:27,27.12,100,
09:30:27,27.1285,100,
09:30:28,27.11,10000,
09:30:29,27.11,200,
09:30:30,27.117,200,
09:30:32,27.1005,500,
09:30:33,27.11,100,
09:30:33,27.11,100,
09:30:33,27.11,200,
09:30:34,27.112,100,
09:30:35,27.1298,100,
09:30:39,27.1199,800,
09:30:40,27.13,100,
09:30:41,27.13,100,
09:30:41,27.13,100,
09:30:42,27.129,250,
09:30:44,27.15,200,
09:30:44,27.15,200,
09:30:44,27.17,100,
09:30:45,27.13,900,
09:30:45,27.1385,100,
09:30:46,27.13,1900,
09:30:47,27.13,100,
09:30:48,27.1404,100,
09:30:48,27.1402,100,
09:30:48,27.1305,100,
09:30:48,27.1307,100,
09:30:48,27.123,200,
09:30:48,27.1218,100,
09:30:49,27.13,200,
09:30:49,27.13,800,
09:30:49,27.13,200,
09:30:50,27.138,400,
09:30:50,27.13,100,
09:30:50,27.13,100,
09:30:50,27.13,100,
09:30:50,27.13,100,
09:30:50,27.13,300,
09:30:50,27.1299,300,
09:30:52,27.11,100,
09:30:54,27.11,100,
09:30:54,27.11,100,
09:30:55,27.1199,1000,
09:30:56,27.1012,100,
09:30:56,27.1006,100,
09:30:56,27.1002,100,
09:30:56,27.1002,100,
09:30:56,27.101,1000,
09:30:57,27.101,100,
09:30:58,27.11,100,
09:30:58,27.11,100,
09:30:58,27.101,200,
09:30:58,27.101,100,
09:30:59,27.1199,300,
09:31:00,27.1308,100,
09:31:00,27.1343,200,
09:31:00,27.1354,200,
09:31:00,27.1308,100,
09:31:00,27.12,100,
09:31:00,27.12,100,
09:31:01,27.12,300,
09:31:01,27.12,3300,
09:31:01,27.13,200,
09:31:02,27.14,100,
09:31:02,27.1399,100,
09:31:03,27.12,100,
09:31:03,27.13,200,
09:31:03,27.12,100,
09:31:03,27.13,200,
09:31:04,27.12,100,
09:31:04,27.13,300,
09:31:05,27.14,200,
09:31:06,27.13,200,
09:31:09,27.12,100,
09:31:10,27.127,1200,
09:31:10,27.1201,300,
09:31:10,27.12,100,
09:31:10,27.12,200,
09:31:10,27.12,800,
09:31:11,27.11,100,
09:31:12,27.119,3000,
09:31:13,27.10,100,
09:31:13,27.10,100,
09:31:14,27.11,200,
09:31:16,27.10,300,
09:31:17,27.1072,100,
09:31:20,27.10,100,
09:31:20,27.10,1200,
09:31:24,27.106,250,
09:31:25,27.102,170,
09:31:26,27.08,300,
09:31:26,27.08,100,
09:31:26,27.08,100,
09:31:26,27.08,200,
09:31:28,27.098,1000,
09:31:28,27.07,200,
09:31:28,27.093,200,
09:31:30,27.0799,100,
09:31:31,27.077,250,
09:31:34,27.07,300,
09:31:36,27.079,500,
09:31:37,27.08,100,
09:31:37,27.08,100,
09:31:38,27.08,100,
09:31:39,27.09,100,
09:31:39,27.09,300,
09:31:39,27.09,200,
09:31:39,27.0878,300,
09:31:39,27.0801,277,
09:31:40,27.08,100,
09:31:40,27.07,200,
09:31:40,27.07,200,
09:31:40,27.087,500,
09:31:40,27.08,200,
09:31:41,27.06,100,
09:31:41,27.06,100,
09:31:42,27.06,100,
09:31:42,27.06,200,
09:31:43,27.069,100,
09:31:46,27.06,100,
09:31:46,27.06,100,
09:31:46,27.067,500,
09:31:47,27.0601,288,
09:31:48,27.05,300,
09:31:48,27.05,200,
09:31:48,27.05,200,
09:31:50,27.05,300,
09:31:50,27.05,200,
09:31:50,27.05,200,
09:31:51,27.05,300,
09:31:53,27.04,100,
09:31:53,27.0401,300,
09:31:53,27.04,200,
09:31:53,27.0401,200,
09:31:54,27.0406,100,
09:31:54,27.0405,100,
09:31:54,27.0405,100,
09:31:54,27.04,600,
09:31:54,27.03,190,
09:31:55,27.0301,100,
09:31:55,27.0301,200,
09:31:55,27.03,200,
09:31:55,27.048,300,
09:31:56,27.0396,1500,
09:31:57,27.02,200,
09:31:57,27.0201,100,
09:31:57,27.02,100,
09:31:58,27.0299,1500,
09:31:59,27.03,200,
09:31:59,27.04,100,
09:31:59,27.04,200,
09:31:59,27.04,100,
09:31:59,27.0301,500,
09:32:00,27.02,100,
09:32:00,27.02,100,
09:32:00,27.0283,100,
09:32:00,27.02,100,
09:32:00,27.02,200,
09:32:00,27.02,100,
09:32:00,27.04,300,
09:32:00,27.04,100,
09:32:00,27.03,100,
09:32:00,27.0301,300,
09:32:00,27.03,200,
09:32:00,27.0301,200,
09:32:01,27.05,255,
09:32:01,27.05,100,
09:32:01,27.04,100,
09:32:01,27.05,200,
09:32:01,27.05,300,
09:32:01,27.0501,200,
09:32:01,27.05,200,
09:32:02,27.06,200,
09:32:02,27.05,300,
09:32:03,27.059,350,
09:32:04,27.05,200,
09:32:04,27.05,300,
09:32:04,27.05,600,
09:32:05,27.04,100,
09:32:05,27.05,200,
09:32:05,27.03,100,
09:32:05,27.03,100,
09:32:05,27.03,100,
09:32:05,27.01,100,
09:32:05,27.01,400,
09:32:05,27.01,141,
09:32:05,27.03,600,
09:32:05,27.02,100,
09:32:05,27.02,200,
09:32:06,27.019,100,
09:32:07,27.02,100,
09:32:07,27.013,200,
09:32:09,27.01,300,
09:32:09,27.01,100,
09:32:09,27.01,100,
09:32:09,27,100,
09:32:09,27,100,
09:32:09,27,100,
09:32:09,27,100,
09:32:09,27,100,
09:32:09,27.005,100,
09:32:09,27.01,100,
09:32:09,27,100,
09:32:09,27.0109,100,
09:32:09,27.01,100,
09:32:09,27.01,500,
09:32:09,27.01,200,
09:32:10,27.01,200,
09:32:12,27.0101,200,
09:32:13,27.01,241,
09:32:13,27.01,200,
09:32:13,27.01,200,
09:32:14,27.01,200,
09:32:14,27.0101,100,
09:32:14,27.0101,100,
09:32:15,27,100,
09:32:15,27,100,
09:32:17,27.02,100,
09:32:17,27.02,100,
09:32:17,27.02,100,
09:32:17,27.02,1600,
09:32:17,27.02,1700,
09:32:17,27.01,300,
09:32:18,27,200,
09:32:19,27.01,500,
09:32:20,27,200,
09:32:20,27,200,
09:32:20,27,662,
09:32:21,27,450,
09:32:21,27,153,
09:32:21,27,100,
09:32:21,27,300,
09:32:21,27,1400,
09:32:21,27,300,
09:32:21,27,300,
09:32:21,27,300,
09:32:21,27,590,
09:32:21,27,1873,
09:32:21,27,458,
09:32:21,27,3627,
09:32:21,27,710,
09:32:21,26.985,370,
09:32:21,26.99,900,
09:32:21,26.99,200,
09:32:22,26.9954,100,
09:32:22,26.9959,100,
09:32:22,26.996,100,
09:32:22,26.99,300,
09:32:22,26.99,100,
09:32:23,27,182,
09:32:23,26.982,1200,
09:32:24,26.9899,500,
09:32:24,26.98,300,
09:32:24,26.98,200,
09:32:24,26.98,200,
09:32:25,26.9801,100,
09:32:25,26.99,300,
09:32:25,26.99,200,
09:32:25,26.98,200,
09:32:26,26.9888,1000,
09:32:26,26.98,300,
09:32:26,26.989,150,
09:32:27,26.98,3605,
09:32:28,26.98,120,
09:32:28,26.98,100,
09:32:28,26.98,300,
09:32:29,26.987,1002,
09:32:29,26.9885,100,
09:32:29,26.9701,300,
09:32:31,26.973,100,
09:32:32,26.98,100,
09:32:33,26.9822,100,
09:32:34,26.99,300,
09:32:34,26.99,100,
09:32:34,26.99,200,
09:32:34,26.99,100,
09:32:35,26.994,100,
09:32:35,27,200,
09:32:35,27,300,
09:32:36,27,100,
09:32:36,26.9972,800,
09:32:36,26.99,300,
09:32:37,26.9989,300,
09:32:38,26.98,100,
09:32:39,26.98,300,
09:32:40,26.9701,100,
09:32:40,26.997,500,
09:32:42,26.98,200,
09:32:43,26.98,100,
09:32:44,26.97,982,
09:32:44,26.97,100,
09:32:44,26.98,300,
09:32:45,26.983,500,
09:32:46,27,100,
09:32:46,26.98,200,
09:32:46,26.98,100,
09:32:46,26.98,100,
09:32:46,26.984,393,
09:32:47,26.997,400,
09:32:48,26.98,200,
09:32:48,26.9801,100,
09:32:48,26.98,100,
09:32:49,26.96,100,
09:32:50,26.9635,100,
09:32:50,26.979,100,
09:32:51,26.97,100,
09:32:51,26.97,700,
09:32:52,26.9696,100,
09:32:52,26.9782,100,
09:32:52,26.9784,100,
09:32:52,26.9785,100,
09:32:52,26.9792,200,
09:32:52,26.9784,100,
09:32:52,26.979,1100,
09:32:53,26.979,5000,
09:32:55,26.96,100,
09:32:55,26.9618,100,
09:32:55,26.9615,100,
09:32:55,26.9611,100,
09:32:56,26.95,200,
09:32:56,26.95,100,
09:32:56,26.95,500,
09:32:57,26.9573,100,
09:32:57,26.9574,100,
09:32:58,26.94,100,
09:32:58,26.95,500,
09:32:58,26.94,100,
09:32:58,26.939,100,
09:32:58,26.941,300,
09:32:59,26.95,100,
09:33:00,26.9508,100,
09:33:00,26.9389,300,
09:33:03,26.95,200,
09:33:04,26.949,200,
09:33:05,26.949,200,
09:33:06,26.96,100,
09:33:07,26.959,200,
09:33:08,26.9603,100,
09:33:08,26.96,100,
09:33:08,26.9601,100,
09:33:08,26.9601,100,
09:33:08,26.97,190,
09:33:09,26.97,200,
09:33:10,26.9475,4700,
09:33:10,26.95,200,
09:33:10,26.95,100,
09:33:10,26.95,200,
09:33:10,26.949,100,
09:33:10,26.95,1000,
09:33:10,26.95,200,
09:33:11,26.95,100,
09:33:11,26.9628,900,
09:33:12,26.969,100,
09:33:13,26.96,800,
09:33:14,26.97,200,
09:33:14,26.96,100,
09:33:14,26.97,200,
09:33:14,26.95,100,
09:33:14,26.95,200,
09:33:14,26.95,100,
09:33:15,26.953,500,
09:33:15,26.959,100,
09:33:16,26.96,100,
09:33:16,26.97,100,
09:33:16,26.96,200,
09:33:16,26.97,100,
09:33:17,26.96,100,
09:33:18,26.959,100,
09:33:20,26.9501,200,
09:33:21,26.95,100,
09:33:21,26.959,100,
09:33:21,26.959,200,
09:33:22,26.958,600,
09:33:24,26.95,600,
09:33:24,26.95,100,
09:33:25,26.959,200,
09:33:25,26.9585,100,
09:33:25,26.9589,700,
09:33:26,26.9496,100,
09:33:26,26.9499,100,
09:33:26,26.9499,100,
09:33:26,26.94,100,
09:33:26,26.949,1000,
09:33:27,26.949,500,
09:33:28,26.948,1200,
09:33:28,26.9397,100,
09:33:28,26.939,3500,
09:33:28,26.939,3200,
09:33:28,26.939,500,
09:33:28,26.94,100,
09:33:28,26.94,700,
09:33:30,26.9499,500,
09:33:30,26.949,200,
09:33:30,26.95,100,
09:33:31,26.949,200,
09:33:31,26.948,100,
09:33:31,26.949,170,
09:33:32,26.949,100,
09:33:32,26.949,200,
09:33:32,26.94,100,
09:33:32,26.93,300,
09:33:33,26.92,100,
09:33:33,26.92,100,
09:33:34,26.90,100,
09:33:34,26.92,1300,
09:33:34,26.919,200,
09:33:34,26.91,200,
09:33:34,26.90,100,
09:33:34,26.919,200,
09:33:34,26.909,100,
09:33:35,26.90,100,
09:33:35,26.91,500,
09:33:35,26.91,300,
09:33:35,26.91,100,
09:33:35,26.909,100,
09:33:35,26.909,100,
09:33:36,26.909,1000,
09:33:36,26.90,100,
09:33:36,26.90,200,
09:33:36,26.90,100,
09:33:36,26.88,175,
09:33:36,26.88,100,
09:33:37,26.89,100,
09:33:37,26.89,200,
09:33:37,26.879,100,
09:33:38,26.909,200,
09:33:40,26.86,100,
09:33:41,26.872,200,
09:33:42,26.868,100,
09:33:42,26.869,400,
09:33:44,26.8698,500,
09:33:45,26.86,200,
09:33:45,26.86,200,
09:33:45,26.858,100,
09:33:45,26.858,100,
09:33:46,26.8693,100,
09:33:46,26.8696,100,
09:33:46,26.869,2900,
09:33:46,26.869,3000,
09:33:47,26.87,200,
09:33:47,26.87,100,
09:33:47,26.87,500,
09:33:47,26.86,300,
09:33:48,26.87,1200,
09:33:48,26.86,200,
09:33:48,26.86,700,
09:33:48,26.86,100,
09:33:48,26.87,100,
09:33:48,26.869,100,
09:33:48,26.859,200,
09:33:49,26.85,100,
09:33:49,26.86,300,
09:33:49,26.86,300,
09:33:49,26.859,500,
09:33:49,26.859,500,
09:33:50,26.855,400,
09:33:50,26.86,110,
09:33:51,26.87,300,
09:33:51,26.86,100,
09:33:53,26.86,100,
09:33:54,26.85,200,
09:33:56,26.87,200,
09:33:56,26.871,600,
09:33:57,26.8699,200,
09:33:57,26.87,200,
09:33:57,26.8699,1000,
09:33:57,26.868,100,
09:33:57,26.87,100,
09:33:57,26.86,100,
09:33:57,26.86,400,
09:33:57,26.87,390,
09:33:58,26.85,100,
09:33:58,26.85,300,
09:33:58,26.851,1100,
09:34:00,26.856,100,
09:34:00,26.8567,200,
09:34:00,26.8569,100,
09:34:00,26.8569,100,
09:34:00,26.858,100,
09:34:00,26.85,2700,
09:34:00,26.8502,100,
09:34:01,26.85,300,
09:34:02,26.84,200,
09:34:02,26.84,400,
09:34:02,26.84,100,
09:34:02,26.84,200,
09:34:02,26.84,200,
09:34:02,26.84,200,
09:34:02,26.8498,100,
09:34:03,26.8489,100,
09:34:03,26.8401,200,
09:34:04,26.84,200,
09:34:04,26.84,300,
09:34:04,26.84,200,
09:34:04,26.8475,8300,
09:34:05,26.849,1700,
09:34:06,26.847,100,
09:34:07,26.85,100,
09:34:09,26.8499,200,
09:34:09,26.86,200,
09:34:12,26.89,200,
09:34:12,26.89,600,
09:34:12,26.91,100,
09:34:12,26.91,300,
09:34:13,26.93,300,
09:34:13,26.9346,100,
09:34:14,26.92,100,
09:34:14,26.91,200,
09:34:14,26.91,200,
09:34:14,26.91,100,
09:34:14,26.92,100,
09:34:14,26.92,300,
09:34:14,26.92,100,
09:34:14,26.92,200,
09:34:16,26.9224,400,
09:34:17,26.911,100,
09:34:18,26.9028,500,
09:34:18,26.923,1000,
09:34:19,26.903,100,
09:34:19,26.903,100,
09:34:20,26.90,100,
09:34:21,26.89,200,
09:34:21,26.88,200,
09:34:21,26.907,100,
09:34:23,26.9099,300,
09:34:26,26.901,400,
09:34:28,26.89,200,
09:34:29,26.88,200,
09:34:29,26.87,100,
09:34:29,26.87,100,
09:34:29,26.86,300,
09:34:29,26.88,100,
09:34:29,26.88,100,
09:34:32,26.889,400,
09:34:33,26.906,200,
09:34:34,26.91,1000,
09:34:36,26.89,200,
09:34:40,26.90,300,
09:34:42,26.90,300,
09:34:43,26.91,300,
09:34:43,26.91,300,
09:34:43,26.91,500,
09:34:44,26.90,100,
09:34:44,26.909,100,
09:34:46,26.928,200,
09:34:48,26.92,100,
09:34:49,26.9099,9400,
09:34:50,26.908,100,
09:34:50,26.903,1000,
09:34:50,26.9089,500,
09:34:52,26.90,5000,
09:34:52,26.907,100,
09:34:53,26.90,1600,
09:34:53,26.90,300,
09:34:53,26.90,200,
09:34:53,26.90,300,
09:34:53,26.8999,1520,
09:34:54,26.90,100,
09:34:54,26.90,500,
09:34:56,26.89,2000,
09:34:57,26.90,100,
09:34:57,26.90,200,
09:34:57,26.90,300,
09:34:57,26.90,200,
09:34:58,26.90,300,
09:34:59,26.907,200,
09:35:01,26.92,400,
09:35:01,26.92,100,
09:35:01,26.92,300,
09:35:01,26.92,400,
09:35:01,26.92,300,
09:35:01,26.92,500,
09:35:01,26.92,300,
09:35:01,26.92,100,
09:35:01,26.92,400,
09:35:03,26.92,100,
09:35:03,26.9178,300,
09:35:03,26.92,100,
09:35:03,26.92,100,
09:35:03,26.92,500,
09:35:03,26.91,200,
09:35:03,26.90,100,
09:35:03,26.92,100,
09:35:03,26.92,600,
09:35:03,26.92,200,
09:35:04,26.93,200,
09:35:04,26.93,100,
09:35:04,26.93,100,
09:35:05,26.94,200,
09:35:05,26.95,200,
09:35:05,26.96,100,
09:35:05,26.96,100,
09:35:05,26.96,100,
09:35:06,26.97,100,
09:35:06,26.97,100,
09:35:06,26.97,300,
09:35:07,26.968,500,
09:35:08,26.96,100,
09:35:08,26.96,200,
09:35:08,26.97,300,
09:35:09,26.961,300,
09:35:09,26.96,300,
09:35:09,26.95,3900,
09:35:10,26.969,100,
09:35:10,26.96,100,
09:35:10,26.967,1000,
09:35:10,26.97,300,
09:35:10,26.9699,1600,
09:35:11,26.96,400,
09:35:11,26.95,300,
09:35:11,26.94,200,
09:35:11,26.967,1500,
09:35:11,26.93,100,
09:35:11,26.93,200,
09:35:13,26.949,300,
09:35:13,26.9499,100,
09:35:13,26.9499,100,
09:35:14,26.9462,1000,
09:35:15,26.94,100,
09:35:15,26.92,200,
09:35:15,26.92,100,
09:35:15,26.91,200,
09:35:16,26.91,200,
09:35:16,26.949,200,
09:35:16,26.92,200,
09:35:16,26.93,100,
09:35:16,26.93,200,
09:35:16,26.93,100,
09:35:16,26.93,100,
09:35:16,26.93,100,
09:35:16,26.93,400,
09:35:16,26.93,300,
09:35:17,26.949,2190,
09:35:18,26.91,100,
09:35:18,26.91,100,
09:35:18,26.91,200,
09:35:18,26.90,300,
09:35:18,26.90,100,
09:35:18,26.90,100,
09:35:18,26.89,100,
09:35:19,26.922,300,
09:35:20,26.889,500,
09:35:21,26.89,200,
09:35:21,26.89,100,
09:35:21,26.89,200,
09:35:21,26.90,100,
09:35:25,26.89,300,
09:35:25,26.89,100,
09:35:25,26.89,400,
09:35:26,26.899,200,
09:35:26,26.90,200,
09:35:26,26.90,100,
09:35:26,26.90,100,
09:35:28,26.9015,100,
09:35:29,26.889,250,
09:35:30,26.92,200,
09:35:32,26.909,700,
09:35:33,26.928,500,
09:35:36,26.92,200,
09:35:36,26.92,300,
09:35:36,26.92,500,
09:35:36,26.92,200,
09:35:36,26.92,700,
09:35:36,26.92,100,
09:35:36,26.92,100,
09:35:36,26.92,100,
09:35:36,26.92,100,
09:35:38,26.936,500,
09:35:40,26.92,200,
09:35:40,26.92,100,
09:35:40,26.92,100,
09:35:40,26.92,300,
09:35:40,26.93,100,
09:35:41,26.911,600,
09:35:42,26.91,100,
09:35:47,26.93,200,
09:35:51,26.95,100,
09:35:52,26.959,200,
09:35:53,26.96,400,
09:35:54,26.97,497,
09:35:54,26.97,2403,
09:35:55,26.97,100,
09:35:56,26.9799,2000,
09:35:56,26.98,100,
09:35:56,26.98,200,
09:35:56,26.98,200,
09:35:57,26.9798,600,
09:35:58,26.969,200,
09:35:58,26.969,300,
09:35:59,27,500,
09:36:01,26.97,100,
09:36:02,26.949,300,
09:36:02,26.949,400,
09:36:04,26.95,300,
09:36:04,26.95,500,
09:36:05,26.96,150,
09:36:05,26.96,300,
09:36:06,26.9589,150,
09:36:07,26.949,300,
09:36:08,26.948,1000,
09:36:09,26.9472,500,
09:36:09,26.93,100,
09:36:10,26.943,800,
09:36:10,26.949,100,
09:36:12,26.9429,100,
09:36:14,26.949,100,
09:36:17,26.97,200,
09:36:21,26.979,200,
09:36:22,26.98,100,
09:36:22,26.96,100,
09:36:23,26.94,100,
09:36:24,26.95,500,
09:36:24,26.95,100,
09:36:24,26.95,100,
09:36:25,26.943,100,
09:36:26,26.93,350,
09:36:26,26.948,600,
09:36:27,26.935,2800,
09:36:29,26.9322,400,
09:36:31,26.949,100,
09:36:31,26.949,200,
09:36:31,26.9427,100,
09:36:31,26.9425,100,
09:36:31,26.9412,100,
09:36:32,26.933,100,
09:36:34,26.9202,5000,
09:36:35,26.9499,100,
09:36:36,26.9372,200,
09:36:40,26.95,100,
09:36:45,26.949,100,
09:36:47,26.94,200,
09:36:47,26.95,1000,
09:36:48,26.95,100,
09:36:50,26.969,200,
09:36:50,26.969,200,
09:36:50,26.968,200,
09:36:52,26.95,100,
09:36:52,26.9498,5000,
09:36:52,26.94,600,
09:36:53,26.95,100,
09:36:53,26.95,100,
09:36:53,26.95,300,
09:36:53,26.95,200,
09:36:56,26.95,100,
09:36:56,26.95,200,
09:36:56,26.95,300,
09:36:59,26.95,200,
09:36:59,26.95,400,
09:37:00,26.95,210,
09:37:02,26.94,260,
09:37:04,26.94,200,
09:37:05,26.9485,100,
09:37:05,26.9164,100,
09:37:05,26.913,200,
09:37:05,26.9154,100,
09:37:05,26.9205,900,
09:37:06,26.9174,100,
09:37:06,26.9164,100,
09:37:06,26.9164,100,
09:37:06,26.9162,100,
09:37:06,26.92,600,
09:37:06,26.92,600,
09:37:07,26.9174,100,
09:37:07,26.919,200,
09:37:11,26.93,200,
09:37:11,26.93,100,
09:37:11,26.93,200,
09:37:11,26.93,500,
09:37:13,26.9472,500,
09:37:13,26.95,100,
09:37:13,26.95,100,
09:37:13,26.94,100,
09:37:13,26.94,100,
09:37:13,26.94,100,
09:37:13,26.92,100,
09:37:13,26.92,100,
09:37:13,26.92,100,
09:37:13,26.92,200,
09:37:13,26.93,100,
09:37:13,26.93,200,
09:37:13,26.92,100,
09:37:14,26.92,200,
09:37:16,26.9199,100,
09:37:17,26.927,100,
09:37:22,26.94,100,
09:37:22,26.94,200,
09:37:22,26.94,100,
09:37:22,26.94,100,
09:37:22,26.94,100,
09:37:22,26.94,200,
09:37:22,26.94,400,
09:37:22,26.94,500,
09:37:22,26.94,100,
09:37:23,26.936,500,
09:37:23,26.95,200,
09:37:23,26.95,200,
09:37:23,26.95,500,
09:37:23,26.9599,100,
09:37:23,26.9599,100,
09:37:23,26.959,7044,
09:37:23,26.94,100,
09:37:23,26.95,100,
09:37:23,26.95,100,
09:37:23,26.95,100,
09:37:24,26.96,17400,
09:37:24,26.94,100,
09:37:24,26.94,150,
09:37:24,26.95,100,
09:37:26,26.96,100,
09:37:26,26.95,100,
09:37:26,26.95,100,
09:37:27,26.951,100,
09:37:27,26.959,100,
09:37:29,26.959,100,
09:37:30,26.9572,250,
09:37:30,26.959,100,
09:37:33,26.97,200,
09:37:33,26.97,200,
09:37:33,26.97,100,
09:37:34,26.9799,570,
09:37:34,26.98,450,
09:37:36,26.98,500,
09:37:36,26.99,7200,
09:37:37,26.98,110,
09:37:40,26.9883,100,
09:37:40,26.9883,100,
09:37:40,26.9883,100,
09:37:40,26.9883,100,
09:37:40,26.989,1510,
09:37:41,26.98,300,
09:37:41,27,200,
09:37:41,27,100,
09:37:41,26.979,200,
09:37:42,26.9999,300,
09:37:43,26.99,100,
09:37:46,26.9672,100,
09:37:47,26.97,200,
09:37:47,26.97,100,
09:37:47,26.9699,1000,
09:37:48,26.969,100,
09:37:49,26.97,100,
09:37:49,26.98,100,
09:37:49,26.99,100,
09:37:50,26.9995,100,
09:37:51,26.999,200,
09:37:51,26.97,100,
09:37:53,26.9898,1000,
09:37:53,26.98,100,
09:37:56,26.9899,100,
09:37:58,27,400,
09:37:59,26.99,1100,
09:38:01,26.998,100,
09:38:01,26.9987,100,
09:38:06,27.0017,100,
09:38:06,27.0017,100,
09:38:06,27.0017,100,
09:38:06,27.0012,100,
09:38:06,27.0011,100,
09:38:06,27.001,1200,
09:38:06,27.01,100,
09:38:09,27.008,100,
09:38:09,27.02,100,
09:38:09,27.01,100,
09:38:09,27.01,200,
09:38:11,26.98,200,
09:38:11,26.9872,700,
09:38:12,26.99,100,
09:38:13,26.99,500,
09:38:13,26.9899,850,
09:38:13,26.99,100,
09:38:13,26.99,100,
09:38:14,27,1000,
09:38:15,26.9899,100,
09:38:16,26.999,100,
09:38:17,26.9899,100,
09:38:19,26.999,100,
09:38:24,27.01,100,
09:38:27,27.03,200,
09:38:29,27.0376,100,
09:38:29,27.0378,100,
09:38:29,27.0384,200,
09:38:30,27.05,100,
09:38:30,27.06,100,
09:38:30,27.06,200,
09:38:30,27.06,100,
09:38:30,27.06,100,
09:38:30,27.038,540,
09:38:31,27.059,100,
09:38:32,27.06,100,
09:38:32,27.0601,100,
09:38:32,27.0582,100,
09:38:33,27.059,100,
09:38:33,27.04,200,
09:38:34,27.05,100,
09:38:35,27.05,200,
09:38:35,27.06,200,
09:38:35,27.06,900,
09:38:35,27.06,300,
09:38:35,27.07,200,
09:38:35,27.07,2900,
09:38:36,27.049,100,
09:38:36,27.06,800,
09:38:39,27.0699,200,
09:38:41,27.08,500,
09:38:42,27.07,100,
09:38:42,27.06,300,
09:38:42,27.06,100,
09:38:42,27.06,100,
09:38:42,27.06,600,
09:38:42,27.07,300,
09:38:42,27.07,300,
09:38:42,27.07,100,
09:38:42,27.07,200,
09:38:42,27.06,600,
09:38:42,27.06,100,
09:38:42,27.06,100,
09:38:42,27.06,1100,
09:38:42,27.06,300,
09:38:42,27.06,1000,
09:38:43,27.03,100,
09:38:43,27.03,100,
09:38:43,27.01,100,
09:38:43,26.99,900,
09:38:43,26.99,100,
09:38:43,26.99,100,
09:38:43,26.99,100,
09:38:43,26.99,200,
09:38:44,26.99,200,
09:38:44,26.97,200,
09:38:44,26.96,100,
09:38:44,26.95,850,
09:38:44,26.9501,200,
09:38:44,26.95,1150,
09:38:44,26.94,100,
09:38:44,26.93,300,
09:38:44,26.93,300,
09:38:45,26.90,1000,
09:38:45,26.91,100,
09:38:45,26.91,100,
09:38:45,26.90,100,
09:38:45,26.91,200,
09:38:46,26.92,100,
09:38:47,26.9285,100,
09:38:47,26.94,200,
09:38:47,26.9399,400,
09:38:47,26.939,400,
09:38:47,26.93,100,
09:38:49,26.9383,100,
09:38:49,26.939,100,
09:38:49,26.9396,200,
09:38:49,26.939,700,
09:38:54,26.9299,2900,
09:38:54,26.93,100,
09:38:54,26.93,100,
09:38:55,26.93,200,
09:38:56,26.939,100,
09:38:56,26.94,100,
09:38:58,26.9399,500,
09:39:01,26.95,200,
09:39:02,26.96,100,
09:39:02,26.9692,100,
09:39:02,26.9675,4500,
09:39:03,26.9601,1700,
09:39:03,26.9601,900,
09:39:03,26.96,700,
09:39:03,26.96,100,
09:39:03,26.96,300,
09:39:03,26.96,500,
09:39:03,26.96,100,
09:39:03,26.95,287,
09:39:03,26.95,300,
09:39:05,26.959,100,
09:39:12,26.966,250,
09:39:14,26.99,200,
09:39:14,26.99,500,
09:39:14,26.99,100,
09:39:15,27,100,
09:39:15,27,100,
09:39:16,27,100,
09:39:19,26.99,100,
09:39:19,27,100,
09:39:19,27,200,
09:39:19,27,300,
09:39:23,27.002,300,
09:39:27,27.019,100,
09:39:28,27.0228,900,
09:39:28,27.0215,100,
09:39:29,27.02,100,
09:39:32,27.027,100,
09:39:32,27.01,100,
09:39:33,27.0299,2800,
09:39:38,27.0083,100,
09:39:38,27.009,200,
09:39:40,27.0072,100,
09:39:41,26.999,900,
09:39:41,26.999,800,
09:39:45,26.99,100,
09:39:46,26.9802,200,
09:39:46,26.9802,100,
09:39:48,26.97,100,
09:39:49,26.97,100,
09:39:49,26.97,100,
09:39:50,26.98,200,
09:39:51,26.9799,500,
09:39:53,26.99,100,
09:39:53,26.99,300,
09:39:54,26.983,1000,
09:39:58,26.99,300,
09:39:58,27,100,
09:39:58,27,100,
09:40:00,27.02,200,
09:40:00,26.983,500,
09:40:00,27.02,100,
09:40:00,27.02,300,
09:40:01,27.01,200,
09:40:01,27.01,100,
09:40:01,27.01,200,
09:40:03,27.003,500,
09:40:07,27.02,100,
09:40:08,27.01,100,
09:40:10,26.99,100,
09:40:11,27,200,
09:40:11,27,100,
09:40:11,27,100,
09:40:11,27.01,100,
09:40:11,27.0088,200,
09:40:12,27.01,300,
09:40:12,27.01,100,
09:40:14,27,100,
09:40:14,27.01,100,
09:40:14,27.0099,100,
09:40:14,27,300,
09:40:14,27,100,
09:40:14,27,100,
09:40:14,26.9884,200,
09:40:14,26.989,1300,
09:40:14,26.989,1300,
09:40:15,26.99,100,
09:40:17,26.97,100,
09:40:17,26.97,100,
09:40:18,26.95,1800,
09:40:18,26.95,900,
09:40:18,26.94,400,
09:40:18,26.93,100,
09:40:18,26.93,100,
09:40:18,26.93,600,
09:40:18,26.93,100,
09:40:18,26.93,100,
09:40:18,26.93,100,
09:40:18,26.93,1000,
09:40:20,26.9246,100,
09:40:20,26.9244,100,
09:40:20,26.9238,200,
09:40:20,26.9206,200,
09:40:20,26.9246,100,
09:40:20,26.94,200,
09:40:21,26.939,200,
09:40:21,26.922,1000,
09:40:22,26.94,100,
09:40:22,26.94,100,
09:40:22,26.96,100,
09:40:22,26.96,100,
09:40:22,26.96,100,
09:40:22,26.96,100,
09:40:22,26.96,191,
09:40:24,26.969,100,
09:40:24,26.963,500,
09:40:25,26.97,100,
09:40:27,26.967,600,
09:40:28,26.93,190,
09:40:28,26.94,100,
09:40:29,26.93,100,
09:40:31,26.95,100,
09:40:31,26.95,200,
09:40:31,26.95,100,
09:40:32,26.95,100,
09:40:32,26.96,100,
09:40:32,26.96,100,
09:40:32,26.94,100,
09:40:32,26.93,200,
09:40:35,26.9385,100,
09:40:37,26.92,400,
09:40:40,26.93,100,
09:40:40,26.9201,100,
09:40:49,26.9299,800,
09:40:51,26.9228,100,
09:40:53,26.92,200,
09:40:54,26.911,4300,
09:40:56,26.92,100,
09:40:56,26.92,200,
09:41:00,26.93,100,
09:41:00,26.93,100,
09:41:03,26.93,500,
09:41:03,26.93,100,
09:41:03,26.93,100,
09:41:04,26.93,200,
09:41:07,26.92,100,
09:41:08,26.93,100,
09:41:11,26.92,100,
09:41:15,26.92,100,
09:41:16,26.919,200,
09:41:17,26.9278,140,
09:41:17,26.92,100,
09:41:17,26.92,200,
09:41:17,26.92,200,
09:41:17,26.91,200,
09:41:17,26.91,100,
09:41:19,26.9272,400,
09:41:21,26.927,500,
09:41:23,26.93,100,
09:41:23,26.93,200,
09:41:23,26.93,100,
09:41:23,26.94,300,
09:41:26,26.9387,100,
09:41:26,26.9399,2200,
09:41:27,26.937,270,
09:41:28,26.9399,1100,
09:41:31,26.938,1500,
09:41:35,26.95,249,
09:41:36,26.933,1000,
09:41:37,26.94,100,
09:41:39,26.92,200,
09:41:39,26.947,400,
09:41:43,26.93,100,
09:41:43,26.93,100,
09:41:43,26.93,100,
09:41:44,26.94,100,
09:41:44,26.94,100,
09:41:44,26.939,700,
09:41:46,26.91,200,
09:41:46,26.92,100,
09:41:46,26.91,100,
09:41:49,26.92,100,
09:41:53,26.90,200,
09:41:53,26.90,100,
09:41:53,26.90,200,
09:41:56,26.90,100,
09:41:56,26.90,100,
09:41:56,26.90,102,
09:41:57,26.89,1000,
09:41:57,26.891,1000,
09:41:59,26.89,100,
09:41:59,26.89,100,
09:42:02,26.89,100,
09:42:03,26.89,200,
09:42:05,26.889,300,
09:42:05,26.889,300,
09:42:05,26.89,300,
09:42:06,26.8999,200,
09:42:06,26.8999,200,
09:42:07,26.8822,300,
09:42:07,26.89,200,
09:42:07,26.89,100,
09:42:12,26.9002,100,
09:42:21,26.88,300,
09:42:21,26.88,100,
09:42:25,26.881,300,
09:42:30,26.9004,500,
09:42:34,26.92,300,
09:42:39,26.93,100,
09:42:39,26.93,100,
09:42:39,26.93,200,
09:42:39,26.93,200,
09:42:39,26.93,100,
09:42:39,26.93,500,
09:42:42,26.94,600,
09:42:42,26.94,300,
09:42:46,26.9399,100,
09:42:48,26.9399,100,
09:42:50,26.93,100,
09:42:50,26.9299,400,
09:42:52,26.92,500,
09:42:55,26.9201,3000,
09:42:56,26.94,100,
09:42:58,26.92,100,
09:42:58,26.92,200,
09:42:58,26.93,400,
09:42:59,26.93,100,
09:42:59,26.93,100,
09:42:59,26.93,100,
09:43:01,26.937,500,
09:43:03,26.9389,250,
09:43:06,26.941,770,
09:43:10,26.9499,100,
09:43:13,26.95,300,
09:43:16,26.957,150,
09:43:17,26.96,100,
09:43:18,26.9693,500,
09:43:18,26.969,200,
09:43:19,26.959,100,
09:43:20,26.9685,100,
09:43:20,26.97,1100,
09:43:24,26.98,100,
09:43:25,26.976,500,
09:43:29,26.98,100,
09:43:29,26.98,300,
09:43:29,26.98,100,
09:43:29,26.98,100,
09:43:29,26.98,100,
09:43:29,26.98,200,
09:43:30,26.98,300,
09:43:30,26.98,100,
09:43:30,26.98,100,
09:43:30,26.985,100,
09:43:32,27,100,
09:43:32,27,600,
09:43:38,26.9802,2000,
09:43:39,26.98,100,
09:43:41,26.97,200,
09:43:43,26.98,100,
09:43:43,26.98,100,
09:43:43,26.98,100,
09:43:43,26.98,100,
09:43:43,26.98,100,
09:43:47,26.986,100,
09:43:49,26.98,300,
09:44:01,26.9594,100,
09:44:01,26.959,200,
09:44:01,26.96,100,
09:44:01,26.96,100,
09:44:02,26.96,500,
09:44:02,26.96,100,
09:44:02,26.9599,200,
09:44:03,26.97,100,
09:44:05,26.9685,100,
09:44:10,26.952,300,
09:44:13,26.9506,200,
09:44:20,26.947,100,
09:44:22,26.94,1500,
09:44:22,26.94,3200,
09:44:24,26.9528,200,
09:44:39,26.97,100,
09:44:49,26.972,1500,
09:44:52,26.9672,1000,
09:44:58,26.96,200,
09:45:01,26.91,200,
09:45:01,26.90,100,
09:45:02,26.90,100,
09:45:02,26.90,200,
09:45:02,26.90,100,
09:45:02,26.90,500,
09:45:02,26.89,200,
09:45:02,26.89,200,
09:45:02,26.89,100,
09:45:02,26.89,100,
09:45:02,26.89,100,
09:45:02,26.89,200,
09:45:02,26.91,400,
09:45:03,26.93,100,
09:45:03,26.93,100,
09:45:03,26.92,100,
09:45:03,26.92,100,
09:45:03,26.92,100,
09:45:03,26.92,100,
09:45:04,26.903,400,
09:45:05,26.92,100,
09:45:05,26.90,200,
09:45:07,26.901,800,
09:45:07,26.9093,100,
09:45:08,26.9096,100,
09:45:08,26.9097,100,
09:45:08,26.9097,100,
09:45:08,26.9097,100,
09:45:08,26.91,200,
09:45:08,26.91,300,
09:45:09,26.91,100,
09:45:09,26.91,200,
09:45:09,26.90,100,
09:45:09,26.91,100,
09:45:10,26.91,100,
09:45:10,26.8992,200,
09:45:10,26.891,100,
09:45:12,26.90,100,
09:45:12,26.90,200,
09:45:13,26.88,100,
09:45:13,26.88,200,
09:45:13,26.88,300,
09:45:13,26.88,100,
09:45:15,26.8872,250,
09:45:17,26.87,140,
09:45:18,26.8609,100,
09:45:18,26.8609,100,
09:45:18,26.897,100,
09:45:18,26.86,365,
09:45:19,26.86,200,
09:45:19,26.85,300,
09:45:20,26.86,100,
09:45:20,26.8601,600,
09:45:20,26.8601,100,
09:45:21,26.85,100,
09:45:21,26.85,300,
09:45:21,26.85,100,
09:45:22,26.8662,125,
09:45:23,26.86,100,
09:45:23,26.86,100,
09:45:24,26.86,125,
09:45:27,26.91,200,
09:45:28,26.883,500,
09:45:28,26.89,100,
09:45:29,26.8901,300,
09:45:32,26.89,100,
09:45:35,26.92,100,
09:45:35,26.92,100,
09:45:36,26.91,100,
09:45:36,26.91,100,
09:45:36,26.91,200,
09:45:36,26.91,100,
09:45:36,26.91,100,
09:45:36,26.91,300,
09:45:36,26.91,100,
09:45:36,26.92,100,
09:45:37,26.93,100,
09:45:37,26.93,100,
09:45:37,26.93,100,
09:45:37,26.93,200,
09:45:37,26.93,100,
09:45:37,26.93,100,
09:45:37,26.92,100,
09:45:38,26.9196,100,
09:45:38,26.9196,100,
09:45:38,26.9196,200,
09:45:38,26.92,100,
09:45:38,26.92,100,
09:45:39,26.92,100,
09:45:42,26.9302,100,
09:45:43,26.95,100,
09:45:43,26.95,100,
09:45:43,26.95,200,
09:45:43,26.9572,125,
09:45:43,26.959,100,
09:45:44,26.959,200,
09:45:46,26.93,100,
09:45:47,26.92,400,
09:45:47,26.92,100,
09:45:47,26.92,600,
09:45:49,26.9261,1500,
09:45:49,26.93,100,
09:45:49,26.93,100,
09:45:49,26.93,100,
09:45:49,26.93,100,
09:45:49,26.93,100,
09:45:49,26.94,100,
09:45:49,26.96,100,
09:45:49,26.96,100,
09:45:49,26.96,100,
09:45:49,26.97,200,
09:45:49,26.931,215,
09:45:50,26.98,500,
09:45:50,26.9892,200,
09:45:51,26.98,100,
09:45:51,26.97,900,
09:45:52,26.96,100,
09:45:53,26.94,300,
09:45:53,26.94,100,
09:45:54,26.95,100,
09:45:55,26.95,100,
09:45:56,26.95,200,
09:45:56,26.939,200,
09:45:58,26.9399,300,
09:45:58,26.9399,400,
09:45:58,26.939,200,
09:46:04,26.93,100,
09:46:04,26.93,200,
09:46:04,26.933,500,
09:46:08,26.95,200,
09:46:08,26.95,100,
09:46:08,26.9499,1900,
09:46:12,26.95,100,
09:46:13,26.94,425,
09:46:13,26.94,100,
09:46:14,26.94,100,
09:46:14,26.94,100,
09:46:14,26.94,300,
09:46:14,26.94,100,
09:46:14,26.94,100,
09:46:14,26.94,100,
09:46:14,26.94,100,
09:46:14,26.94,100,
09:46:14,26.94,300,
09:46:14,26.94,100,
09:46:14,26.94,100,
09:46:14,26.94,100,
09:46:14,26.94,600,
09:46:14,26.95,100,
09:46:14,26.95,100,
09:46:14,26.95,100,
09:46:14,26.95,100,
09:46:14,26.95,200,
09:46:14,26.96,100,
09:46:15,26.96,200,
09:46:15,26.96,100,
09:46:20,26.97,200,
09:46:20,26.97,200,
09:46:23,26.97,500,
09:46:24,26.97,300,
09:46:24,26.97,100,
09:46:24,26.97,100,
09:46:25,26.98,100,
09:46:25,26.977,100,
09:46:26,26.99,600,
09:46:26,26.99,300,
09:46:28,26.9901,1000,
09:46:29,26.9999,950,
09:46:29,26.99,100,
09:46:29,26.99,100,
09:46:29,26.99,600,
09:46:29,26.99,100,
09:46:29,26.99,300,
09:46:29,27,300,
09:46:29,26.9963,100,
09:46:29,26.9966,200,
09:46:29,26.9992,200,
09:46:30,27,100,
09:46:30,27,200,
09:46:30,27,260,
09:46:30,27,185,
09:46:30,26.9999,200,
09:46:31,26.9999,1200,
09:46:31,27.0099,400,
09:46:32,27.0099,900,
09:46:33,27,300,
09:46:33,27,100,
09:46:34,27,200,
09:46:34,27.01,100,
09:46:34,26.999,350,
09:46:37,26.999,100,
09:46:37,26.99,100,
09:46:37,26.99,200,
09:46:37,26.99,600,
09:46:38,26.9989,300,
09:46:39,27.01,100,
09:46:39,27.02,200,
09:46:39,27.02,100,
09:46:40,27.03,200,
09:46:40,27.04,100,
09:46:40,27.04,100,
09:46:40,27.04,300,
09:46:40,27.04,300,
09:46:40,27.04,100,
09:46:40,27.04,100,
09:46:40,27.04,200,
09:46:43,27.03,200,
09:46:46,27.02,100,
09:46:51,27.02,200,
09:46:57,27.02,100,
09:46:57,27.01,300,
09:46:58,27.01,100,
09:46:59,27.0089,200,
09:47:00,27.01,100,
09:47:00,27.01,100,
09:47:01,27,100,
09:47:01,27,200,
09:47:01,27.01,200,
09:47:06,26.9998,400,
09:47:08,27,100,
09:47:13,26.993,400,
09:47:15,26.99,200,
09:47:16,26.99,100,
09:47:16,26.99,200,
09:47:16,26.99,300,
09:47:19,26.99,100,
09:47:19,26.99,100,
09:47:19,26.99,100,
09:47:19,26.99,200,
09:47:20,26.99,200,
09:47:20,27,100,
09:47:21,27,100,
09:47:21,27,100,
09:47:22,27.001,2000,
09:47:24,27.01,300,
09:47:26,27.01,300,
09:47:26,27.01,200,
09:47:28,27,200,
09:47:33,27.0099,250,
09:47:35,26.99,100,
09:47:35,27,200,
09:47:39,27,500,
09:47:39,26.9999,100,
09:47:45,27.03,200,
09:47:45,27.04,100,
09:47:45,27.04,100,
09:47:45,27.04,200,
09:47:45,27.04,100,
09:47:45,27.04,200,
09:47:46,27.03,200,
09:47:47,27.0272,1700,
09:47:47,27.02,100,
09:47:47,27.02,100,
09:47:47,27.02,200,
09:47:47,27.02,100,
09:47:49,27.0278,300,
09:47:50,27.02,200,
09:47:50,27.02,100,
09:47:50,27.02,100,
09:47:50,27.02,100,
09:47:50,27.02,100,
09:47:50,27.02,500,
09:47:50,27.02,100,
09:47:50,27.02,100,
09:47:50,27.02,100,
09:47:50,27.0201,200,
09:47:51,27.031,900,
09:47:55,27.0237,100,
09:47:55,27.0235,100,
09:47:55,27.0235,100,
09:47:56,27.023,140,
09:47:59,27.0399,1000,
09:48:00,27.0235,100,
09:48:00,27.0205,800,
09:48:02,27.0483,100,
09:48:02,27.0486,100,
09:48:02,27.0486,100,
09:48:02,27.0493,200,
09:48:02,27.049,800,
09:48:03,27.0391,200,
09:48:03,27.0383,100,
09:48:03,27.039,400,
09:48:04,27.05,1000,
09:48:05,27.048,1000,
09:48:06,27.05,500,
09:48:07,27.045,1000,
09:48:07,27.03,300,
09:48:09,27.04,1000,
09:48:09,27.03,100,
09:48:09,27.03,100,
09:48:09,27.03,200,
09:48:14,27.032,500,
09:48:14,27.04,100,
09:48:15,27.04,200,
09:48:15,27.04,100,
09:48:21,27.0304,1000,
09:48:28,27.02,100,
09:48:28,27.02,100,
09:48:28,27.02,100,
09:48:28,27.02,295,
09:48:30,27.0372,200,
09:48:32,27.04,200,
09:48:33,27.039,500,
09:48:34,27.0315,100,
09:48:39,27.04,200,
09:48:49,27.04,200,
09:48:57,27.04,100,
09:48:57,27.04,200,
09:48:57,27.0401,200,
09:48:59,27.0401,1000,
09:49:00,27.0499,900,
09:49:01,27.04,100,
09:49:02,27.04,200,
09:49:02,27.04,100,
09:49:04,27.033,300,
09:49:09,27,200,
09:49:09,27,300,
09:49:09,27,500,
09:49:09,27,100,
09:49:09,27,125,
09:49:09,26.99,100,
09:49:09,26.99,300,
09:49:09,26.99,100,
09:49:09,26.98,100,
09:49:10,26.98,100,
09:49:10,26.98,600,
09:49:10,26.98,200,
09:49:13,26.987,150,
09:49:15,27,100,
09:49:15,27,100,
09:49:15,27,600,
09:49:15,27,100,
09:49:15,26.9902,300,
09:49:16,27,100,
09:49:16,27,100,
09:49:16,27,100,
09:49:22,27.01,200,
09:49:22,27.01,100,
09:49:22,27.01,200,
09:49:24,27.02,100,
09:49:28,27.0246,100,
09:49:29,27.0201,100,
09:49:29,27.02,200,
09:49:29,27.02,100,
09:49:29,27.02,100,
09:49:29,27.02,100,
09:49:29,27.02,100,
09:49:29,27.02,100,
09:49:29,27.01,100,
09:49:30,27.0201,100,
09:49:35,27.03,100,
09:49:36,27.0202,4500,
09:49:36,27.02,300,
09:49:36,27.022,5000,
09:49:37,27.028,1000,
09:49:39,27.019,100,
09:49:40,27.02,1500,
09:49:47,27.03,300,
09:49:48,27.03,300,
09:49:49,27.0228,1100,
09:49:53,27.02,300,
09:49:53,27.02,100,
09:49:53,27,100,
09:49:53,27.02,200,
09:49:53,27,100,
09:49:53,27,100,
09:49:53,26.98,100,
09:49:54,26.97,100,
09:49:54,26.98,600,
09:49:54,26.98,200,
09:49:54,26.98,100,
09:49:55,27,1000,
09:49:55,27,100,
09:49:55,27,100,
09:49:55,27,458,
09:49:55,27,100,
09:49:56,27,100,
09:49:56,26.992,1000,
09:50:00,27,100,
09:50:00,27.0063,100,
09:50:00,27.0066,200,
09:50:00,27.0072,100,
09:50:00,27.0078,100,
09:50:00,27.0077,100,
09:50:00,26.9902,100,
09:50:00,26.9902,100,
09:50:03,26.99,100,
09:50:03,27,100,
09:50:04,27.01,200,
09:50:04,27.01,300,
09:50:04,27.01,100,
09:50:04,27.01,100,
09:50:04,27.01,100,
09:50:04,27.01,100,
09:50:04,27.01,600,
09:50:05,26.981,1000,
09:50:06,27,100,
09:50:11,27,100,
09:50:12,27.01,100,
09:50:12,26.99,100,
09:50:13,27,100,
09:50:13,27.01,200,
09:50:13,27.01,200,
09:50:13,27,100,
09:50:13,27,600,
09:50:13,27,239,
09:50:19,26.95,250,
09:50:26,26.953,500,
09:50:27,26.94,100,
09:50:27,26.92,100,
09:50:28,26.92,300,
09:50:28,26.92,500,
09:50:28,26.92,300,
09:50:28,26.92,100,
09:50:28,26.92,300,
09:50:28,26.92,100,
09:50:28,26.92,500,
09:50:30,26.9146,100,
09:50:30,26.9146,100,
09:50:30,26.9137,100,
09:50:30,26.9136,100,
09:50:30,26.9146,100,
09:50:30,26.91,100,
09:50:32,26.92,100,
09:50:32,26.93,300,
09:50:32,26.93,100,
09:50:32,26.94,300,
09:50:32,26.939,100,
09:50:32,26.93,100,
09:50:32,26.93,200,
09:50:38,26.93,100,
09:50:38,26.93,100,
09:50:38,26.92,100,
09:50:38,26.92,100,
09:50:38,26.92,100,
09:50:38,26.92,200,
09:50:38,26.92,600,
09:50:44,26.9402,2000,
09:50:48,26.93,100,
09:50:50,26.9394,550,
09:50:52,26.93,200,
09:50:52,26.93,100,
09:50:53,26.92,2500,
09:50:54,26.93,100,
09:50:54,26.93,200,
09:50:54,26.93,200,
09:50:54,26.93,100,
09:50:55,26.93,100,
09:50:55,26.93,424,
09:50:58,26.92,100,
09:50:58,26.92,100,
09:50:58,26.92,110,
09:50:58,26.92,600,
09:50:59,26.93,700,
09:50:59,26.93,100,
09:51:00,26.93,100,
09:51:00,26.93,300,
09:51:00,26.9331,100,
09:51:00,26.9353,100,
09:51:00,26.9353,100,
09:51:00,26.9369,100,
09:51:02,26.93,100,
09:51:02,26.93,100,
09:51:02,26.94,100,
09:51:02,26.94,200,
09:51:02,26.94,100,
09:51:02,26.94,100,
09:51:05,26.95,200,
09:51:06,26.95,100,
09:51:06,26.94,200,
09:51:08,26.948,150,
09:51:10,26.92,176,
09:51:10,26.92,100,
09:51:10,26.92,600,
09:51:16,26.9228,100,
09:51:17,26.94,600,
09:51:17,26.94,300,
09:51:17,26.9215,100,
09:51:18,26.93,200,
09:51:19,26.9272,300,
09:51:19,26.92,100,
09:51:20,26.92,100,
09:51:20,26.92,100,
09:51:20,26.92,100,
09:51:21,26.92,100,
09:51:22,26.9398,200,
09:51:22,26.9284,2000,
09:51:25,26.9372,600,
09:51:27,26.9385,100,
09:51:29,26.938,300,
09:51:31,26.94,200,
09:51:31,26.9478,250,
09:51:33,26.95,100,
09:51:33,26.9489,300,
09:51:34,26.94,200,
09:51:35,26.94,500,
09:51:35,26.94,200,
09:51:35,26.94,200,
09:51:36,26.94,100,
09:51:38,26.941,500,
09:51:44,26.943,100,
09:51:46,26.90,100,
09:51:48,26.91,200,
09:51:48,26.92,100,
09:51:48,26.93,800,
09:51:49,26.93,800,
09:51:50,26.93,200,
09:51:50,26.93,100,
09:51:50,26.93,400,
09:51:50,26.93,200,
09:51:50,26.92,200,
09:51:52,26.93,100,
09:51:52,26.9385,100,
09:51:53,26.94,100,
09:51:53,26.95,3800,
09:51:55,26.95,100,
09:51:55,26.9594,100,
09:51:57,26.96,100,
09:51:57,26.97,100,
09:51:57,26.97,100,
09:51:57,26.97,366,
09:51:57,26.97,200,
09:51:57,26.97,600,
09:51:58,26.97,100,
09:52:00,26.96,900,
09:52:00,26.96,100,
09:52:00,26.96,100,
09:52:01,26.94,200,
09:52:01,26.94,100,
09:52:01,26.94,100,
09:52:01,26.94,100,
09:52:03,26.9499,200,
09:52:05,26.96,100,
09:52:05,26.96,100,
09:52:05,26.96,100,
09:52:05,26.96,300,
09:52:05,26.96,100,
09:52:06,26.95,100,
09:52:10,26.96,100,
09:52:11,26.959,500,
09:52:13,26.96,200,
09:52:14,26.97,100,
09:52:18,26.97,100,
09:52:18,26.97,500,
09:52:18,26.97,100,
09:52:18,26.97,100,
09:52:18,26.97,200,
09:52:18,26.97,300,
09:52:18,26.97,100,
09:52:18,26.97,100,
09:52:18,26.97,100,
09:52:18,26.96,100,
09:52:18,26.96,200,
09:52:18,26.96,100,
09:52:19,26.95,100,
09:52:22,26.958,100,
09:52:24,26.97,300,
09:52:28,26.9728,1000,
09:52:31,26.98,200,
09:52:31,26.98,100,
09:52:31,26.98,400,
09:52:31,26.98,100,
09:52:32,26.97,100,
09:52:33,26.98,100,
09:52:33,26.98,100,
09:52:34,26.99,100,
09:52:34,26.99,200,
09:52:36,26.99,100,
09:52:38,26.9854,200,
09:52:38,26.9858,100,
09:52:38,26.9862,100,
09:52:38,26.9862,100,
09:52:38,26.9898,200,
09:52:42,26.996,150,
09:52:43,26.98,100,
09:52:43,26.98,100,
09:52:43,26.98,100,
09:52:43,26.98,100,
09:52:43,26.98,100,
09:52:43,26.98,600,
09:52:43,26.98,100,
09:52:43,26.98,700,
09:52:47,26.98,200,
09:52:47,26.98,200,
09:52:50,26.9889,300,
09:52:50,26.9885,100,
09:52:50,26.97,2700,
09:52:51,26.988,150,
09:52:51,26.98,200,
09:53:06,26.989,2000,
09:53:15,26.987,500,
09:53:20,26.9824,1000,
09:53:22,26.9828,300,
09:53:23,26.9885,100,
09:53:27,27.01,300,
09:53:27,27.01,100,
09:53:27,27.01,200,
09:53:27,27.02,300,
09:53:27,27.01,200,
09:53:29,27.02,100,
09:53:29,27.02,100,
09:53:31,27.02,200,
09:53:31,27.02,100,
09:53:31,27.0194,100,
09:53:31,27.019,300,
09:53:31,27.019,300,
09:53:32,27.02,100,
09:53:33,27.019,1100,
09:53:36,27.026,100,
09:53:37,27.01,100,
09:53:37,27.0089,400,
09:53:39,27.0072,400,
09:53:39,27.01,100,
09:53:39,27.0089,400,
09:53:40,27.01,100,
09:53:40,27.0095,175,
09:53:48,27,300,
09:53:49,27,100,
09:53:51,26.981,100,
09:53:53,26.98,100,
09:53:54,26.98,1800,
09:53:57,26.98,100,
09:53:57,26.978,100,
09:53:58,26.98,100,
09:53:59,26.98,500,
09:54:00,26.98,600,
09:54:02,26.98,200,
09:54:03,26.98,100,
09:54:07,26.97,1000,
09:54:09,26.97,200,
09:54:09,26.977,500,
09:54:10,26.97,1800,
09:54:13,26.9615,100,
09:54:16,26.96,200,
09:54:18,26.963,200,
09:54:22,26.9799,184,
09:54:25,26.96,100,
09:54:34,26.95,150,
09:54:34,26.95,100,
09:54:37,26.9498,1000,
09:54:44,26.93,100,
09:54:48,26.939,500,
09:54:49,26.95,100,
09:54:51,26.97,4000,
09:54:53,26.94,100,
09:54:53,26.94,100,
09:54:53,26.94,400,
09:54:54,26.949,100,
09:55:00,26.93,400,
09:55:02,26.919,200,
09:55:02,26.919,100,
09:55:02,26.92,490,
09:55:02,26.92,600,
09:55:04,26.92,120,
09:55:06,26.9185,100,
09:55:06,26.912,500,
09:55:11,26.91,100,
09:55:12,26.90,100,
09:55:12,26.9001,300,
09:55:12,26.917,500,
09:55:12,26.90,3000,
09:55:12,26.90,102,
09:55:12,26.90,200,
09:55:12,26.90,100,
09:55:12,26.90,100,
09:55:13,26.90,200,
09:55:13,26.90,300,
09:55:13,26.90,300,
09:55:13,26.90,100,
09:55:13,26.90,200,
09:55:14,26.90,800,
09:55:14,26.90,700,
09:55:14,26.90,2600,
09:55:14,26.90,200,
09:55:14,26.90,1700,
09:55:14,26.90,200,
09:55:14,26.90,3897,
09:55:14,26.89,199,
09:55:14,26.88,500,
09:55:14,26.88,300,
09:55:14,26.89,100,
09:55:14,26.89,100,
09:55:14,26.8899,1600,
09:55:15,26.90,400,
09:55:16,26.88,200,
09:55:16,26.89,100,
09:55:16,26.889,600,
09:55:19,26.89,300,
09:55:19,26.89,300,
09:55:19,26.89,100,
09:55:19,26.89,200,
09:55:19,26.89,100,
09:55:19,26.89,200,
09:55:19,26.89,100,
09:55:19,26.89,300,
09:55:19,26.89,100,
09:55:19,26.89,600,
09:55:19,26.88,200,
09:55:19,26.88,508,
09:55:19,26.88,100,
09:55:19,26.88,100,
09:55:19,26.88,600,
09:55:19,26.88,200,
09:55:21,26.888,100,
09:55:21,26.90,100,
09:55:22,26.91,200,
09:55:22,26.91,100,
09:55:22,26.91,200,
09:55:24,26.90,250,
09:55:25,26.90,200,
09:55:26,26.907,300,
09:55:27,26.89,200,
09:55:30,26.90,100,
09:55:30,26.90,100,
09:55:30,26.90,200,
09:55:30,26.90,200,
09:55:30,26.90,100,
09:55:30,26.90,100,
09:55:30,26.90,100,
09:55:30,26.91,100,
09:55:30,26.91,242,
09:55:30,26.91,100,
09:55:33,26.90,100,
09:55:33,26.892,1000,
09:55:37,26.93,150,
09:55:39,26.93,700,
09:55:42,26.9072,1000,
09:55:46,26.929,100,
09:55:48,26.94,3400,
09:55:50,26.9389,100,
09:55:51,26.93,100,
09:55:54,26.92,300,
09:55:54,26.92,100,
09:55:57,26.9394,1000,
09:55:58,26.9301,500,
09:56:00,26.93,200,
09:56:07,26.9172,600,
09:56:07,26.91,100,
09:56:09,26.9189,300,
09:56:09,26.92,200,
09:56:12,26.923,500,
09:56:18,26.921,200,
09:56:20,26.92,100,
09:56:20,26.92,100,
09:56:20,26.92,1100,
09:56:25,26.929,300,
09:56:27,26.949,100,
09:56:27,26.96,1500,
09:56:28,26.96,590,
09:56:30,26.96,200,
09:56:32,26.97,186,
09:56:32,26.97,600,
09:56:36,26.963,400,
09:56:37,26.9681,100,
09:56:37,26.969,200,
09:56:37,26.9699,100,
09:56:39,26.97,300,
09:56:40,26.9799,600,
09:56:41,26.98,800,
09:56:41,26.98,576,
09:56:41,26.98,2600,
09:56:41,26.98,400,
09:56:41,26.98,1700,
09:56:41,26.98,200,
09:56:41,26.98,724,
09:56:42,26.9785,100,
09:56:44,26.9872,500,
09:56:54,27,500,
09:56:55,26.9998,300,
09:56:56,26.98,100,
09:57:02,26.9701,1800,
09:57:04,26.9702,100,
09:57:04,26.9702,100,
09:57:04,26.9702,100,
09:57:04,26.9702,100,
09:57:04,26.9702,100,
09:57:04,26.97,200,
09:57:06,26.978,1500,
09:57:13,26.9799,500,
09:57:14,26.9772,100,
09:57:14,26.9782,100,
09:57:14,26.979,400,
09:57:15,26.98,200,
09:57:16,26.98,134,
09:57:16,26.98,266,
09:57:16,26.98,100,
09:57:24,26.989,2000,
09:57:28,26.99,200,
09:57:30,26.9986,100,
09:57:30,26.9986,100,
09:57:30,26.9987,100,
09:57:30,26.999,700,
09:57:33,27.01,100,
09:57:34,27.01,100,
09:57:35,27.02,100,
09:57:35,27.02,200,
09:57:35,27.02,300,
09:57:37,27.01,100,
09:57:37,27.0198,200,
09:57:37,27.019,200,
09:57:37,27.03,300,
09:57:37,27.03,300,
09:57:37,27.03,200,
09:57:37,27.03,100,
09:57:37,27.03,100,
09:57:37,27.02,100,
09:57:37,27.02,200,
09:57:37,27.02,100,
09:57:37,27.01,300,
09:57:38,27,600,
09:57:39,27.01,2200,
09:57:42,27.02,100,
09:57:43,27.02,100,
09:57:43,27.03,100,
09:57:43,27.0299,2000,
09:57:48,27.02,100,
09:57:49,27.027,500,
09:57:50,27.01,100,
09:57:52,27.019,600,
09:57:57,27.02,300,
09:57:57,27.0199,500,
09:57:57,27.0199,500,
09:57:57,27.017,1000,
09:57:58,27.0092,100,
09:58:00,27.01,300,
09:58:01,27.01,103,
09:58:06,27.02,100,
09:58:06,27.02,100,
09:58:06,27.02,2900,
09:58:06,27.02,2507,
09:58:06,27.02,5600,
09:58:06,27.02,127,
09:58:07,27.0199,1100,
09:58:07,27.0199,900,
09:58:08,27.01,100,
09:58:08,27.01,300,
09:58:08,27.01,425,
09:58:08,27.01,100,
09:58:08,27.01,100,
09:58:10,27.01,400,
09:58:10,27.01,100,
09:58:10,27.01,100,
09:58:10,27.01,500,
09:58:10,27.01,100,
09:58:13,27,100,
09:58:13,27,200,
09:58:13,26.99,100,
09:58:13,26.96,100,
09:58:13,26.98,100,
09:58:13,26.98,100,
09:58:13,26.96,200,
09:58:13,26.97,100,
09:58:13,26.97,100,
09:58:13,26.98,200,
09:58:13,26.99,100,
09:58:14,26.99,100,
09:58:14,26.99,100,
09:58:14,26.98,100,
09:58:14,26.98,100,
09:58:14,26.98,100,
09:58:14,26.97,100,
09:58:14,26.97,100,
09:58:14,26.96,100,
09:58:14,26.96,100,
09:58:14,26.96,100,
09:58:14,26.97,300,
09:58:14,26.97,200,
09:58:14,26.97,100,
09:58:14,26.97,100,
09:58:14,26.97,300,
09:58:14,26.95,100,
09:58:18,26.989,100,
09:58:18,26.98,100,
09:58:18,26.97,100,
09:58:18,26.97,100,
09:58:18,26.97,100,
09:58:18,26.97,300,
09:58:18,26.97,500,
09:58:18,26.97,100,
09:58:18,26.97,100,
09:58:18,26.97,200,
09:58:18,26.98,100,
09:58:19,26.96,100,
09:58:19,26.97,900,
09:58:19,26.95,100,
09:58:19,26.97,100,
09:58:19,26.97,100,
09:58:19,26.96,100,
09:58:19,26.98,100,
09:58:21,27.02,500,
09:58:21,27.02,200,
09:58:22,27.0288,100,
09:58:22,27.029,200,
09:58:25,27.04,200,
09:58:25,27.04,200,
09:58:25,27.06,100,
09:58:25,27.05,200,
09:58:25,27.05,200,
09:58:25,27.05,100,
09:58:25,27.06,100,
09:58:25,27.06,200,
09:58:25,27.06,300,
09:58:25,27.06,300,
09:58:27,27.08,100,
09:58:27,27.08,100,
09:58:27,27.08,100,
09:58:27,27.08,300,
09:58:27,27.08,300,
09:58:27,27.08,200,
09:58:27,27.06,100,
09:58:27,27.07,100,
09:58:27,27.08,300,
09:58:27,27.08,100,
09:58:27,27.07,100,
09:58:27,27.06,100,
09:58:27,27.06,100,
09:58:27,27.06,200,
09:58:27,27.06,100,
09:58:27,27.06,100,
09:58:27,27.06,200,
09:58:27,27.06,200,
09:58:27,27.05,390,
09:58:27,27.05,210,
09:58:27,27.03,100,
09:58:27,27.05,200,
09:58:27,27.04,100,
09:58:27,27.04,100,
09:58:27,27.04,200,
09:58:27,27.04,200,
09:58:27,27.04,100,
09:58:27,27.03,100,
09:58:27,27.03,100,
09:58:27,27.04,100,
09:58:27,27.02,100,
09:58:27,27.02,100,
09:58:27,27.02,100,
09:58:27,27.079,610,
09:58:28,27.05,100,
09:58:28,27.048,200,
09:58:30,27.056,100,
09:58:33,27.0682,100,
09:58:33,27.069,100,
09:58:33,27.063,210,
09:58:34,27.07,200,
09:58:34,27.08,581,
09:58:35,27.08,200,
09:58:35,27.08,200,
09:58:35,27.0799,1000,
09:58:36,27.09,100,
09:58:36,27.09,100,
09:58:36,27.09,124,
09:58:36,27.09,290,
09:58:36,27.10,100,
09:58:36,27.10,100,
09:58:36,27.10,100,
09:58:36,27.10,100,
09:58:36,27.10,800,
09:58:36,27.10,866,
09:58:36,27.10,500,
09:58:36,27.069,119,
09:58:38,27.099,200,
09:58:38,27.09,200,
09:58:38,27.09,100,
09:58:38,27.09,100,
09:58:38,27.09,100,
09:58:38,27.08,100,
09:58:38,27.08,100,
09:58:39,27.08,200,
09:58:39,27.09,200,
09:58:39,27.09,100,
09:58:39,27.09,100,
09:58:39,27.09,100,
09:58:39,27.09,100,
09:58:39,27.09,200,
09:58:39,27.09,100,
09:58:39,27.09,100,
09:58:39,27.09,100,
09:58:39,27.09,200,
09:58:40,27.10,200,
09:58:40,27.10,134,
09:58:40,27.0999,250,
09:58:41,27.08,100,
09:58:41,27.0801,627,
09:58:42,27.09,200,
09:58:42,27.089,100,
09:58:43,27.082,1500,
09:58:45,27.08,100,
09:58:46,27.0872,1000,
09:58:46,27.09,200,
09:58:48,27.09,100,
09:58:50,27.10,1100,
09:58:50,27.0999,100,
09:58:51,27.082,500,
09:58:54,27.09,366,
09:58:54,27.09,100,
09:58:54,27.09,157,
09:58:54,27.07,100,
09:58:55,27.0656,500,
09:58:56,27.08,100,
09:58:56,27.062,1700,
09:59:02,27.10,100,
09:59:02,27.10,300,
09:59:02,27.10,100,
09:59:03,27.12,100,
09:59:03,27.11,100,
09:59:03,27.11,300,
09:59:03,27.11,100,
09:59:03,27.11,300,
09:59:03,27.13,650,
09:59:03,27.13,100,
09:59:03,27.12,100,
09:59:03,27.12,100,
09:59:06,27.139,250,
09:59:07,27.131,500,
09:59:07,27.14,300,
09:59:07,27.15,100,
09:59:07,27.15,100,
09:59:07,27.15,500,
09:59:07,27.15,100,
09:59:08,27.137,450,
09:59:08,27.16,100,
09:59:08,27.1621,320,
09:59:09,27.17,600,
09:59:10,27.159,800,
09:59:10,27.159,700,
09:59:11,27.159,1700,
09:59:12,27.16,1500,
09:59:14,27.1599,100,
09:59:15,27.16,100,
09:59:16,27.169,400,
09:59:16,27.169,300,
09:59:19,27.168,200,
09:59:19,27.15,100,
09:59:19,27.15,100,
09:59:19,27.15,400,
09:59:19,27.15,100,
09:59:19,27.15,100,
09:59:20,27.169,1000,
09:59:21,27.1203,100,
09:59:21,27.147,100,
09:59:22,27.121,500,
09:59:23,27.149,100,
09:59:23,27.12,500,
09:59:26,27.123,500,
09:59:26,27.149,200,
09:59:27,27.13,100,
09:59:27,27.13,500,
09:59:27,27.13,500,
09:59:30,27.131,2700,
09:59:31,27.131,300,
09:59:31,27.13,200,
09:59:31,27.109,100,
09:59:32,27.147,200,
09:59:32,27.11,100,
09:59:34,27.107,800,
09:59:36,27.14,200,
09:59:40,27.1398,400,
09:59:40,27.1398,200,
09:59:41,27.13,100,
09:59:41,27.13,100,
09:59:41,27.13,200,
09:59:42,27.14,100,
09:59:42,27.14,100,
09:59:42,27.15,100,
09:59:42,27.14,600,
09:59:42,27.15,200,
09:59:42,27.16,100,
09:59:42,27.16,100,
09:59:42,27.17,400,
09:59:42,27.17,100,
09:59:44,27.1502,570,
09:59:44,27.16,130,
09:59:47,27.1714,160,
09:59:48,27.15,100,
09:59:48,27.1545,1000,
09:59:50,27.13,400,
09:59:50,27.13,100,
09:59:50,27.18,1000,
09:59:54,27.13,500,
09:59:54,27.13,500,
09:59:54,27.13,100,
09:59:54,27.13,100,
09:59:54,27.12,100,
09:59:54,27.12,100,
09:59:54,27.10,100,
09:59:54,27.10,100,
09:59:54,27.10,100,
09:59:54,27.13,1000,
09:59:58,27.133,500,
09:59:58,27.129,1700,
09:59:59,27.14,6400,
10:00:01,27.07,200,
10:00:04,27.059,185,
10:00:04,27.0404,100,
10:00:05,27.06,100,
10:00:07,27.06,100,
10:00:11,27.06,100,
10:00:11,27.07,100,
10:00:11,27.069,150,
10:00:12,27.07,100,
10:00:12,27.07,100,
10:00:12,27.07,100,
10:00:12,27.07,100,
10:00:12,27.069,5000,
10:00:14,27.07,9000,
10:00:17,27.06,100,
10:00:17,27.06,100,
10:00:17,27.06,100,
10:00:17,27.07,500,
10:00:17,27.07,100,
10:00:18,27.07,100,
10:00:26,27.08,100,
10:00:26,27.079,100,
10:00:27,27.07,100,
10:00:27,27.07,100,
10:00:27,27.07,100,
10:00:27,27.07,100,
10:00:27,27.07,100,
10:00:27,27.07,100,
10:00:28,27.079,100,
10:00:28,27.09,1500,
10:00:28,27.0813,100,
10:00:30,27.08,100,
10:00:34,27.09,100,
10:00:35,27.0899,100,
10:00:35,27.0899,100,
10:00:35,27.09,100,
10:00:37,27.08,1100,
10:00:40,27.09,100,
10:00:40,27.09,100,
10:00:40,27.086,1000,
10:00:42,27.0809,100,
10:00:42,27.07,1696,
10:00:42,27.07,100,
10:00:42,27.07,100,
10:00:43,27.08,100,
10:00:46,27.079,100,
10:00:46,27.079,200,
10:00:48,27.0799,100,
10:00:58,27.07,500,
10:01:01,27.06,200,
10:01:01,27.06,200,
10:01:01,27.06,100,
10:01:01,27.06,100,
10:01:02,27.0799,100,
10:01:05,27.07,200,
10:01:05,27.08,300,
10:01:05,27.08,200,
10:01:05,27.07,100,
10:01:06,27.0791,100,
10:01:06,27.079,200,
10:01:11,27.07,200,
10:01:13,27.06,100,
10:01:13,27.06,100,
10:01:17,27.07,200,
10:01:17,27.06,100,
10:01:17,27.06,100,
10:01:17,27.06,100,
10:01:17,27.0695,100,
10:01:17,27.0696,100,
10:01:18,27.07,100,
10:01:22,27.079,100,
10:01:27,27.0556,700,
10:01:29,27.05,1000,
10:01:30,27.0502,6999,
10:01:34,27.02,300,
10:01:34,27.04,1200,
10:01:34,27.04,100,
10:01:34,27.03,300,
10:01:34,27.03,100,
10:01:34,27.03,1000,
10:01:34,27.02,200,
10:01:34,27.02,100,
10:01:34,27.02,100,
10:01:34,27.02,100,
10:01:34,27.02,200,
10:01:34,27.02,100,
10:01:34,27.02,300,
10:01:34,27.02,100,
10:01:34,27.02,300,
10:01:34,27.02,200,
10:01:34,27.02,100,
10:01:34,27.02,100,
10:01:34,27.02,100,
10:01:34,27.01,1300,
10:01:34,27.01,700,
10:01:34,27.01,100,
10:01:34,27.01,400,
10:01:34,27.01,100,
10:01:34,27.01,200,
10:01:34,27.01,100,
10:01:34,27,100,
10:01:34,27,100,
10:01:34,27,200,
10:01:34,27,100,
10:01:34,27,100,
10:01:34,27.01,100,
10:01:34,27.01,100,
10:01:34,27.01,100,
10:01:35,27.0003,100,
10:01:35,26.98,380,
10:01:35,26.98,380,
10:01:35,26.9746,100,
10:01:35,26.974,100,
10:01:35,26.9841,200,
10:01:35,26.99,100,
10:01:35,26.99,100,
10:01:35,26.99,100,
10:01:35,26.99,100,
10:01:35,27.01,1000,
10:01:36,26.97,100,
10:01:37,26.9728,300,
10:01:37,26.972,100,
10:01:38,26.971,4000,
10:01:38,26.97,100,
10:01:39,26.97,100,
10:01:40,26.97,100,
10:01:40,26.97,100,
10:01:40,26.97,100,
10:01:42,26.96,875,
10:01:42,26.97,200,
10:01:46,26.9889,100,
10:01:48,26.9833,100,
10:01:48,26.99,100,
10:01:49,26.99,100,
10:01:52,26.983,400,
10:01:54,26.99,100,
10:02:05,26.99,500,
10:02:08,26.998,1000,
10:02:08,26.98,900,
10:02:09,26.997,172,
10:02:13,26.989,400,
10:02:17,26.99,100,
10:02:17,26.9893,100,
10:02:17,26.989,300,
10:02:18,27,100,
10:02:18,27,100,
10:02:18,27,100,
10:02:18,27,100,
10:02:19,27.0008,200,
10:02:20,26.99,100,
10:02:20,26.99,100,
10:02:20,26.99,100,
10:02:20,26.99,100,
10:02:20,26.99,100,
10:02:20,26.99,100,
10:02:20,26.99,100,
10:02:22,26.989,200,
10:02:22,26.99,100,
10:02:23,26.98,100,
10:02:23,26.98,100,
10:02:26,26.98,200,
10:02:28,26.978,500,
10:02:29,26.97,100,
10:02:29,26.97,200,
10:02:29,26.979,100,
10:02:36,26.97,100,
10:02:38,26.96,100,
10:02:38,26.95,100,
10:02:38,26.95,1700,
10:02:38,26.95,186,
10:02:38,26.95,100,
10:02:38,26.95,314,
10:02:41,26.95,3486,
10:02:41,26.95,100,
10:02:41,26.95,200,
10:02:41,26.95,200,
10:02:41,26.95,1300,
10:02:41,26.95,100,
10:02:41,26.95,1400,
10:02:41,26.95,900,
10:02:41,26.9501,500,
10:02:42,26.96,600,
10:02:42,26.96,100,
10:02:42,26.96,100,
10:02:42,26.96,100,
10:02:42,26.96,100,
10:02:42,26.96,100,
10:02:42,26.96,200,
10:02:42,26.96,100,
10:02:43,26.95,700,
10:02:43,26.95,100,
10:02:43,26.952,1000,
10:02:44,26.95,2200,
10:02:45,26.958,500,
10:02:45,26.95,1000,
10:02:45,26.95,300,
10:02:45,26.9572,1100,
10:02:47,26.95,210,
10:02:47,26.95,590,
10:02:47,26.95,190,
10:02:47,26.95,800,
10:02:48,26.95,100,
10:02:48,26.95,100,
10:02:49,26.9598,147,
10:02:49,26.95,100,
10:02:49,26.95,100,
10:02:49,26.95,200,
10:02:49,26.95,300,
10:02:49,26.95,300,
10:02:49,26.95,600,
10:02:51,26.97,100,
10:02:51,26.97,100,
10:02:51,26.97,100,
10:02:51,26.97,100,
10:02:51,26.9762,100,
10:02:52,26.968,200,
10:02:54,26.9677,100,
10:02:54,26.969,191,
10:02:54,26.95,100,
10:02:54,26.95,100,
10:02:54,26.95,200,
10:02:54,26.95,700,
10:02:54,26.95,900,
10:02:54,26.95,100,
10:02:54,26.95,934,
10:02:54,26.95,100,
10:02:54,26.95,100,
10:02:54,26.95,200,
10:02:55,26.969,591,
10:02:56,26.95,900,
10:02:56,26.95,963,
10:02:56,26.95,1037,
10:02:56,26.95,800,
10:02:56,26.95,300,
10:02:56,26.95,200,
10:02:57,26.95,300,
10:02:57,26.95,100,
10:02:57,26.95,734,
10:02:57,26.95,900,
10:02:57,26.95,2166,
10:02:57,26.95,100,
10:02:57,26.95,865,
10:02:57,26.95,300,
10:02:58,26.93,100,
10:02:58,26.95,100,
10:02:58,26.95,1735,
10:02:58,26.95,100,
10:02:58,26.95,900,
10:02:58,26.95,100,
10:02:58,26.95,100,
10:02:58,26.95,899,
10:02:58,26.95,1500,
10:02:58,26.95,800,
10:02:58,26.95,1900,
10:02:58,26.95,800,
10:02:58,26.95,300,
10:02:58,26.95,1300,
10:02:58,26.95,400,
10:02:58,26.95,700,
10:02:58,26.95,100,
10:02:58,26.95,599,
10:02:58,26.94,200,
10:02:58,26.94,138,
10:02:58,26.94,100,
10:02:58,26.94,100,
10:02:58,26.94,200,
10:02:58,26.94,100,
10:02:58,26.94,300,
10:02:58,26.94,800,
10:02:58,26.94,300,
10:02:58,26.94,100,
10:02:58,26.94,300,
10:02:58,26.93,100,
10:02:58,26.93,357,
10:02:58,26.94,100,
10:02:58,26.93,100,
10:02:58,26.93,343,
10:02:58,26.93,100,
10:02:58,26.93,100,
10:02:58,26.93,200,
10:02:58,26.93,300,
10:02:58,26.94,300,
10:02:58,26.94,100,
10:02:58,26.94,100,
10:02:59,26.95,300,
10:02:59,26.95,100,
10:02:59,26.95,500,
10:02:59,26.95,100,
10:02:59,26.94,800,
10:02:59,26.9496,100,
10:02:59,26.9497,100,
10:03:00,26.933,900,
10:03:00,26.9499,1091,
10:03:00,26.94,600,
10:03:00,26.93,200,
10:03:00,26.93,100,
10:03:01,26.969,1000,
10:03:02,26.99,100,
10:03:02,26.99,100,
10:03:03,26.98,100,
10:03:03,26.98,100,
10:03:03,26.98,100,
10:03:03,26.98,100,
10:03:03,26.98,100,
10:03:03,26.98,100,
10:03:03,26.98,200,
10:03:04,26.99,100,
10:03:04,26.99,200,
10:03:04,26.96,100,
10:03:05,26.99,100,
10:03:05,26.99,200,
10:03:05,26.99,200,
10:03:05,26.99,100,
10:03:05,26.99,100,
10:03:05,26.99,100,
10:03:06,26.99,100,
10:03:11,26.9999,800,
10:03:19,27,300,
10:03:19,27,100,
10:03:19,26.9999,2000,
10:03:26,26.9805,200,
10:03:31,27,1700,
10:03:31,27.01,100,
10:03:31,27.01,500,
10:03:31,27.01,100,
10:03:32,27.01,100,
10:03:32,27.01,100,
10:03:32,27.01,100,
10:03:32,27.01,100,
10:03:36,27.03,400,
10:03:36,27.02,100,
10:03:36,27.02,100,
10:03:36,27.0378,400,
10:03:41,27,100,
10:03:41,27,100,
10:03:41,27,100,
10:03:42,27.0199,400,
10:03:43,27.0189,300,
10:03:43,27.02,100,
10:03:43,27.0185,100,
10:03:44,27.01,100,
10:03:46,26.9993,100,
10:03:46,26.9983,100,
10:03:46,26.9999,900,
10:03:48,27.01,100,
10:03:48,27.02,100,
10:03:50,27.02,106,
10:03:52,27.02,100,
10:03:55,27.049,1000,
10:03:55,27.01,100,
10:03:55,27.01,100,
10:03:55,27.01,100,
10:03:55,27.01,100,
10:03:55,27.01,200,
10:03:56,27.02,100,
10:03:57,27.0089,400,
10:03:58,27.02,100,
10:03:58,27.02,100,
10:03:58,27.02,200,
10:03:58,27.02,100,
10:03:58,27.02,100,
10:04:00,27.02,100,
10:04:05,27.02,100,
10:04:05,27.02,300,
10:04:05,27.02,300,
10:04:05,27.03,100,
10:04:05,27.04,100,
10:04:05,27.04,600,
10:04:05,27.04,100,
10:04:07,27.05,100,
10:04:07,27.05,500,
10:04:08,27.07,100,
10:04:08,27.06,100,
10:04:08,27.07,100,
10:04:08,27.05,300,
10:04:09,27.08,100,
10:04:15,27.03,200,
10:04:16,27.03,100,
10:04:17,27.05,100,
10:04:19,27.04,100,
10:04:20,27.05,200,
10:04:21,27.03,200,
10:04:21,27.03,100,
10:04:27,27.02,200,
10:04:27,27,200,
10:04:28,27.01,300,
10:04:28,27,500,
10:04:28,27,200,
10:04:28,27.01,100,
10:04:31,27.01,100,
10:04:31,27.018,200,
10:04:31,27,100,
10:04:33,26.9928,1300,
10:04:34,26.99,200,
10:04:36,26.999,100,
10:04:38,26.99,200,
10:04:40,26.99,500,
10:04:40,26.99,300,
10:04:40,26.99,200,
10:04:40,26.99,1100,
10:04:41,26.982,300,
10:04:49,26.9824,100,
10:04:49,26.9826,100,
10:04:49,26.9815,300,
10:04:49,26.9804,200,
10:04:49,26.98,300,
10:04:55,27,100,
10:04:56,26.9996,100,
10:04:56,26.9996,100,
10:04:58,27,300,
10:04:59,27.0199,100,
10:04:59,27.0199,100,
10:04:59,27.0147,100,
10:05:09,26.99,300,
10:05:10,26.98,100,
10:05:11,26.9701,2000,
10:05:20,26.98,200,
10:05:21,26.98,200,
10:05:24,26.97,100,
10:05:24,26.97,100,
10:05:24,26.96,200,
10:05:27,27,100,
10:05:28,26.999,100,
10:05:28,27.01,2100,
10:05:30,27.03,200,
10:05:33,27.003,650,
10:05:33,27.0375,200,
10:05:33,27.0383,200,
10:05:33,27.039,400,
10:05:35,27.008,300,
10:05:36,27.02,600,
10:05:41,27.0292,100,
10:05:42,27.02,100,
10:05:42,27.01,100,
10:05:43,27.0193,500,
10:05:48,27.0275,1200,
10:05:48,27.02,100,
10:05:48,27.02,100,
10:05:50,27.028,600,
10:05:51,27.028,4600,
10:05:54,27.02,1000,
10:05:55,27.028,300,
10:06:01,27.02,100,
10:06:01,27.02,100,
10:06:01,27.02,100,
10:06:01,27.02,100,
10:06:05,27.0177,100,
10:06:05,27.0189,100,
10:06:05,27.02,100,
10:06:05,27.02,100,
10:06:08,27.0184,100,
10:06:08,27.02,300,
10:06:09,27,100,
10:06:09,27,100,
10:06:09,27,600,
10:06:09,26.99,100,
10:06:09,26.99,100,
10:06:09,27,600,
10:06:09,26.99,100,
10:06:09,26.99,100,
10:06:09,26.99,100,
10:06:09,26.99,100,
10:06:09,26.99,200,
10:06:09,26.98,100,
10:06:09,26.99,100,
10:06:09,26.98,200,
10:06:10,26.9899,300,
10:06:14,27,600,
10:06:14,27.01,100,
10:06:15,27.019,250,
10:06:16,27.01,100,
10:06:16,27.01,100,
10:06:16,27.02,1000,
10:06:16,27.01,500,
10:06:20,26.999,100,
10:06:22,26.99,100,
10:06:27,27.01,100,
10:06:27,27.01,100,
10:06:29,27.012,180,
10:06:32,27,800,
10:06:38,27,100,
10:06:40,27.02,200,
10:06:42,27.01,100,
10:06:45,27.02,100,
10:06:46,27.03,100,
10:06:46,27.03,100,
10:06:46,27.03,100,
10:06:46,27.03,100,
10:06:46,27.03,100,
10:06:46,27.03,800,
10:06:46,27.03,100,
10:06:46,27.02,100,
10:06:46,27.02,100,
10:06:46,27.02,200,
10:06:46,27.02,100,
10:06:46,27.02,100,
10:06:46,27.02,100,
10:06:46,27.02,100,
10:06:46,27.02,600,
10:06:46,27.01,39100,
10:06:46,27.02,100,
10:06:47,27.028,100,
10:06:48,27.018,100,
10:06:48,27.01,200,
10:06:48,27.01,100,
10:06:54,27.01,100,
10:06:54,27.01,100,
10:06:54,27.0188,100,
10:06:54,27.0188,100,
10:06:54,27.0197,150,
10:06:54,27.019,600,
10:06:55,27.017,1750,
10:07:00,27.04,200,
10:07:00,27.04,600,
10:07:01,27.0354,100,
10:07:01,27.0354,100,
10:07:01,27.04,300,
10:07:01,27.0399,200,
10:07:06,27.02,100,
10:07:09,27.02,100,
10:07:09,27.02,100,
10:07:09,27.02,200,
10:07:09,27.02,100,
10:07:09,27.02,100,
10:07:10,27.01,200,
10:07:17,27.013,250,
10:07:23,27.017,100,
10:07:26,27.01,100,
10:07:28,27.0097,100,
10:07:28,27.0097,100,
10:07:28,27.0098,200,
10:07:28,27.01,300,
10:07:28,27.0189,200,
10:07:28,27.019,1386,
10:07:29,27.02,100,
10:07:30,27.02,2510,
10:07:32,27.01,100,
10:07:32,27.01,300,
10:07:32,27.01,300,
10:07:32,27.01,200,
10:07:32,27.01,100,
10:07:34,27.01,400,
10:07:34,27.01,100,
10:07:36,27.02,500,
10:07:36,27.02,200,
10:07:39,27.0001,400,
10:07:39,27,200,
10:07:39,27,200,
10:07:39,26.99,100,
10:07:39,26.99,300,
10:07:39,26.99,400,
10:07:43,27,100,
10:07:43,27,100,
10:07:43,26.99,100,
10:07:43,26.98,100,
10:07:43,26.98,100,
10:07:43,26.98,300,
10:07:43,26.98,300,
10:07:43,26.98,100,
10:07:43,26.98,100,
10:07:45,26.99,100,
10:07:45,26.99,100,
10:07:45,26.99,100,
10:07:45,26.99,300,
10:07:45,27,100,
10:07:53,26.982,1000,
10:07:57,27,100,
10:07:57,27,100,
10:07:57,26.99,100,
10:07:57,27,100,
10:07:57,26.99,200,
10:07:57,26.99,100,
10:07:57,26.99,100,
10:07:57,26.99,200,
10:08:01,26.9999,100,
10:08:01,27,100,
10:08:01,27,100,
10:08:01,27,100,
10:08:01,27.007,800,
10:08:02,27.0099,100,
10:08:05,27.01,100,
10:08:05,27.01,300,
10:08:05,27.01,300,
10:08:05,27.01,100,
10:08:05,27.01,100,
10:08:05,27.02,300,
10:08:05,27.02,300,
10:08:05,27.02,100,
10:08:05,27.02,100,
10:08:05,27.02,300,
10:08:05,27.02,100,
10:08:05,27.02,300,
10:08:05,27.02,300,
10:08:05,27.03,100,
10:08:05,27.03,300,
10:08:05,27.03,300,
10:08:05,27.03,100,
10:08:05,27.03,200,
10:08:05,27.04,200,
10:08:05,27.03,100,
10:08:07,27.05,200,
10:08:08,27.03,1345,
10:08:09,27.0412,100,
10:08:09,27.0411,100,
10:08:09,27.0411,100,
10:08:09,27.041,1300,
10:08:09,27.041,1300,
10:08:09,27.04,100,
10:08:09,27.04,100,
10:08:10,27.0362,100,
10:08:11,27.04,1000,
10:08:11,27.04,300,
10:08:14,27.05,500,
10:08:15,27.0566,7000,
10:08:16,27.0592,100,
10:08:18,27.06,100,
10:08:19,27.06,500,
10:08:20,27.059,100,
10:08:21,27.07,100,
10:08:21,27.07,100,
10:08:21,27.07,100,
10:08:21,27.06,100,
10:08:21,27.07,100,
10:08:21,27.07,600,
10:08:21,27.06,100,
10:08:22,27.059,500,
10:08:22,27.04,100,
10:08:22,27.05,100,
10:08:22,27.04,100,
10:08:22,27.04,100,
10:08:22,27.04,100,
10:08:22,27.04,200,
10:08:22,27.04,200,
10:08:22,27.03,100,
10:08:22,27.03,600,
10:08:22,27.03,200,
10:08:27,27.07,200,
10:08:31,27.0695,200,
10:08:33,27.0699,500,
10:08:36,27.05,700,
10:08:36,27.04,100,
10:08:47,27.05,100,
10:08:47,27.05,100,
10:08:47,27.05,200,
10:08:53,27.0524,100,
10:08:56,27.03,100,
10:08:56,27.03,500,
10:08:56,27.03,100,
10:08:59,27.02,100,
10:09:00,27.028,500,
10:09:03,27.03,100,
10:09:03,27.03,200,
10:09:05,27.0289,500,
10:09:10,27.01,100,
10:09:10,27,200,
10:09:10,26.98,300,
10:09:10,26.99,200,
10:09:10,26.98,300,
10:09:10,26.98,300,
10:09:10,26.98,100,
10:09:12,26.98,200,
10:09:13,26.9712,200,
10:09:13,26.9708,100,
10:09:13,26.9706,100,
10:09:13,26.9708,100,
10:09:15,26.97,300,
10:09:17,26.97,100,
10:09:18,26.971,250,
10:09:19,26.98,300,
10:09:20,26.99,100,
10:09:21,26.9968,100,
10:09:28,26.99,100,
10:09:28,26.99,300,
10:09:28,26.99,100,
10:09:28,26.99,300,
10:09:28,26.99,100,
10:09:28,26.99,100,
10:09:28,26.99,200,
10:09:28,26.99,200,
10:09:28,26.9996,100,
10:09:32,27,200,
10:09:38,27,100,
10:09:38,27,100,
10:09:38,27,100,
10:09:38,27,100,
10:09:38,27,100,
10:09:38,27,200,
10:09:38,26.98,100,
10:09:38,26.98,300,
10:09:38,26.98,100,
10:09:38,26.99,100,
10:09:39,27.01,100,
10:09:39,27.01,300,
10:09:39,27.01,100,
10:09:39,27.01,100,
10:09:40,27.0101,100,
10:09:40,27.03,200,
10:09:44,27.05,100,
10:09:44,27.05,200,
10:09:44,27.05,100,
10:09:49,27.05,466,
10:09:49,27.05,100,
10:09:50,27.0299,900,
10:09:56,27.036,1000,
10:09:59,27.02,200,
10:10:00,27.01,100,
10:10:00,27.02,100,
10:10:00,27.02,100,
10:10:00,27.01,100,
10:10:00,27.01,100,
10:10:00,27.01,100,
10:10:00,27,100,
10:10:00,27,200,
10:10:01,26.99,200,
10:10:04,26.9881,100,
10:10:04,26.989,200,
10:10:04,26.99,200,
10:10:04,26.9999,100,
10:10:04,27,600,
10:10:04,27,200,
10:10:04,27,300,
10:10:04,27,300,
10:10:05,27,100,
10:10:05,26.989,2600,
10:10:06,26.9983,200,
10:10:06,26.9985,100,
10:10:06,26.999,800,
10:10:08,27,100,
10:10:08,27,100,
10:10:08,27,600,
10:10:08,27,200,
10:10:08,27,300,
10:10:08,27,100,
10:10:08,27,200,
10:10:08,27,100,
10:10:08,27,400,
10:10:08,27,200,
10:10:08,27,100,
10:10:08,27,100,
10:10:10,27,400,
10:10:10,27,100,
10:10:10,27,100,
10:10:20,27.0011,350,
10:10:21,26.99,177,
10:10:33,26.98,100,
10:10:33,26.98,100,
10:10:33,26.97,2300,
10:10:39,26.9888,250,
10:10:41,26.97,100,
10:10:41,26.97,100,
10:10:41,26.97,200,
10:10:41,26.97,300,
10:10:41,26.97,700,
10:10:41,26.97,100,
10:10:41,26.97,200,
10:10:41,26.96,300,
10:10:41,26.96,100,
10:10:41,26.96,100,
10:10:42,26.96,1900,
10:10:45,26.979,1500,
10:10:46,26.969,860,
10:10:48,26.9699,500,
10:10:49,26.9986,100,
10:10:49,26.9995,100,
10:10:49,27,400,
10:10:49,26.9999,900,
10:10:51,26.99,200,
10:10:51,26.9901,300,
10:10:51,26.999,100,
10:10:53,27,500,
10:11:05,26.99,100,
10:11:05,26.99,100,
10:11:05,26.99,100,
10:11:10,26.97,200,
10:11:10,26.97,100,
10:11:10,26.98,100,
10:11:10,26.98,100,
10:11:10,26.98,600,
10:11:10,26.98,100,
10:11:10,26.98,100,
10:11:10,26.98,500,
10:11:10,26.989,2000,
10:11:11,26.9901,1500,
10:11:11,26.99,300,
10:11:11,26.99,100,
10:11:12,26.9985,100,
10:11:14,26.999,1000,
10:11:18,26.97,100,
10:11:18,26.97,100,
10:11:18,26.96,100,
10:11:18,26.96,100,
10:11:18,26.96,200,
10:11:18,26.96,200,
10:11:18,26.959,100,
10:11:19,26.96,100,
10:11:20,26.951,1500,
10:11:23,26.97,100,
10:11:28,26.97,400,
10:11:28,26.97,200,
10:11:28,26.97,200,
10:11:28,26.97,600,
10:11:29,26.97,400,
10:11:31,26.963,100,
10:11:31,26.963,100,
10:11:37,26.98,200,
10:11:39,26.9791,100,
10:11:39,26.979,400,
10:11:47,26.95,600,
10:11:47,26.95,300,
10:11:47,26.95,100,
10:11:47,26.95,100,
10:11:47,26.95,300,
10:11:47,26.95,100,
10:11:49,26.952,400,
10:11:50,26.95,600,
10:11:53,26.96,300,
10:11:54,26.9505,400,
10:11:55,26.96,100,
10:11:56,26.968,500,
10:11:56,26.959,100,
10:11:59,26.968,100,
10:12:00,26.951,170,
10:12:00,26.968,500,
10:12:04,26.98,1000,
10:12:05,26.99,100,
10:12:05,27.03,200,
10:12:06,27.0298,100,
10:12:06,27.03,300,
10:12:06,27.03,100,
10:12:06,27.0337,100,
10:12:06,27.0363,200,
10:12:09,27.04,300,
10:12:10,27.02,100,
10:12:10,27.02,100,
10:12:10,27.02,100,
10:12:10,27.02,100,
10:12:10,27.02,100,
10:12:10,27.02,100,
10:12:10,27.02,500,
10:12:12,27.02,100,
10:12:13,27.02,100,
10:12:14,27,100,
10:12:14,27,100,
10:12:15,26.99,100,
10:12:15,26.97,100,
10:12:15,26.98,100,
10:12:15,26.98,100,
10:12:15,26.98,100,
10:12:15,26.98,100,
10:12:15,26.98,100,
10:12:15,26.97,100,
10:12:15,26.97,100,
10:12:15,26.97,100,
10:12:15,26.97,400,
10:12:15,26.98,100,
10:12:16,26.98,100,
10:12:19,26.96,200,
10:12:19,26.97,200,
10:12:19,26.96,100,
10:12:19,26.96,100,
10:12:19,26.96,100,
10:12:19,26.96,100,
10:12:19,26.96,300,
10:12:19,26.96,300,
10:12:20,26.95,200,
10:12:20,26.9546,100,
10:12:23,26.97,300,
10:12:28,26.98,100,
10:12:28,26.98,100,
10:12:32,26.9786,100,
10:12:32,26.9787,100,
10:12:32,26.979,700,
10:12:33,26.97,150,
10:12:33,27,200,
10:12:33,26.99,100,
10:12:36,26.9982,100,
10:12:36,26.9982,100,
10:12:40,27,209,
10:12:41,27,100,
10:12:41,27.009,1000,
10:12:45,27.0001,300,
10:12:45,27.02,600,
10:12:45,27.0089,100,
10:12:47,27.0178,300,
10:12:47,27.019,200,
10:12:47,27.02,100,
10:12:47,27.019,200,
10:12:50,27.01,200,
10:12:50,27.01,100,
10:12:51,27.01,700,
10:12:51,27.0135,200,
10:12:51,27.0168,200,
10:12:52,27.01,100,
10:12:52,26.99,100,
10:12:52,26.99,100,
10:12:52,26.99,100,
10:12:52,26.99,100,
10:12:52,26.99,100,
10:12:52,26.99,100,
10:12:52,26.99,100,
10:12:52,26.98,100,
10:12:52,26.99,100,
10:12:56,26.99,100,
10:13:02,26.992,300,
10:13:04,26.99,300,
10:13:04,26.99,100,
10:13:04,26.99,100,
10:13:04,26.99,100,
10:13:04,26.99,100,
10:13:04,26.99,100,
10:13:04,26.99,100,
10:13:04,26.99,300,
10:13:06,26.99,100,
10:13:06,26.99,100,
10:13:10,27.02,100,
10:13:10,27.02,100,
10:13:10,27.02,100,
10:13:10,27.02,200,
10:13:10,27.02,100,
10:13:10,27.02,600,
10:13:10,27.02,323,
10:13:14,26.999,1000,
10:13:14,27,100,
10:13:31,27.02,200,
10:13:34,27.03,200,
10:13:35,27.04,200,
10:13:35,27.05,100,
10:13:35,27.05,100,
10:13:35,27.05,100,
10:13:35,27.05,300,
10:13:35,27.05,600,
10:13:35,27.05,100,
10:13:35,27.05,500,
10:13:36,27.04,100,
10:13:36,27.04,100,
10:13:36,27.03,200,
10:13:36,27.03,100,
10:13:36,27.03,100,
10:13:36,27.02,100,
10:13:36,27.02,100,
10:13:36,27.03,100,
10:13:36,27.03,100,
10:13:36,27.03,600,
10:13:36,27.03,300,
10:13:36,27.03,200,
10:13:36,27.03,200,
10:13:39,27.0172,300,
10:13:41,27.01,600,
10:13:41,27.01,100,
10:13:41,27.01,100,
10:13:41,27,100,
10:13:41,27,200,
10:13:41,27,433,
10:13:41,26.99,100,
10:13:41,27.0185,100,
10:13:43,26.9925,100,
10:13:43,27,200,
10:13:43,27,200,
10:13:46,27.02,100,
10:13:46,27.02,200,
10:13:46,27.02,100,
10:13:46,27.02,100,
10:13:46,27.02,100,
10:13:46,27.02,2400,
10:13:46,27.019,1600,
10:13:46,27.019,1600,
10:13:48,27.02,2600,
10:13:51,27.03,200,
10:13:51,27.03,200,
10:13:51,27.02,100,
10:13:51,27.02,200,
10:13:51,27.02,300,
10:13:52,27.02,600,
10:13:52,27.02,100,
10:13:52,27.02,100,
10:13:52,27.02,100,
10:13:52,27.03,100,
10:13:52,27.03,100,
10:13:52,27.03,100,
10:13:52,27.02,100,
10:13:53,27.02,100,
10:13:53,27.02,100,
10:13:59,27.02,300,
10:14:01,27.019,200,
10:14:03,27.01,200,
10:14:04,27,100,
10:14:04,27,200,
10:14:04,26.98,100,
10:14:04,26.98,100,
10:14:06,26.989,150,
10:14:06,27.0089,100,
10:14:06,27.009,100,
10:14:06,27.009,400,
10:14:06,27.01,300,
10:14:10,27.02,100,
10:14:10,27.02,100,
10:14:10,27.02,200,
10:14:10,27.02,100,
10:14:11,27.0272,1600,
10:14:11,27.03,100,
10:14:13,27.0275,100,
10:14:15,27.0123,100,
10:14:15,27.01,200,
10:14:15,27.01,100,
10:14:15,27.01,100,
10:14:15,27.01,100,
10:14:15,27.01,200,
10:14:16,27.01,100,
10:14:16,27.01,100,
10:14:17,27,500,
10:14:18,26.99,100,
10:14:18,26.99,100,
10:14:18,26.99,100,
10:14:18,26.99,100,
10:14:18,26.99,200,
10:14:18,26.99,432,
10:14:18,27,100,
10:14:18,27,600,
10:14:18,26.997,100,
10:14:33,27.019,122,
10:14:36,27,100,
10:14:36,27,100,
10:14:40,27.02,100,
10:14:42,27.0301,500,
10:14:42,27.0301,600,
10:14:43,27.021,3000,
10:14:44,27.02,100,
10:15:06,27.0315,400,
10:15:07,27.032,1000,
10:15:14,27.03,100,
10:15:17,27.03,100,
10:15:19,27.0396,200,
10:15:24,27.04,100,
10:15:27,27.04,200,
10:15:27,27.04,100,
10:15:31,27.07,600,
10:15:31,27.07,200,
10:15:33,27.07,100,
10:15:33,27.06,200,
10:15:36,27.08,500,
10:15:40,27.0793,900,
10:15:41,27.0785,100,
10:15:43,27.0798,1000,
10:15:44,27.079,400,
10:15:45,27.08,100,
10:15:47,27.09,410,
10:15:48,27.09,100,
10:15:50,27.089,100,
10:15:51,27.08,400,
10:15:51,27.0878,400,
10:15:51,27.07,100,
10:15:51,27.07,100,
10:15:53,27.069,400,
10:15:55,27.06,100,
10:15:55,27.078,500,
10:15:56,27.0578,100,
10:15:56,27.059,300,
10:15:56,27.05,100,
10:15:56,27.05,150,
10:15:56,27.05,410,
10:15:57,27.0599,1300,
10:15:58,27.059,1000,
10:15:58,27.05,100,
10:15:58,27.05,100,
10:15:58,27.05,200,
10:15:59,27.05,100,
10:15:59,27.05,100,
10:16:00,27.059,200,
10:16:01,27.06,100,
10:16:01,27.06,300,
10:16:01,27.0504,100,
10:16:01,27.0502,100,
10:16:01,27.0502,100,
10:16:01,27.0501,200,
10:16:02,27.0525,4500,
10:16:04,27.06,300,
10:16:04,27.06,100,
10:16:06,27.06,100,
10:16:07,27.04,100,
10:16:07,27.03,200,
10:16:08,27.04,100,
10:16:08,27.0401,100,
10:16:08,27.051,120,
10:16:09,27.04,4000,
10:16:09,27.05,100,
10:16:09,27.05,100,
10:16:10,27.04,200,
10:16:10,27.039,1000,
10:16:11,27.02,200,
10:16:11,27.02,100,
10:16:11,27.02,200,
10:16:12,27.02,200,
10:16:12,27.02,100,
10:16:13,27.026,200,
10:16:16,27.0389,200,
10:16:17,27.03,200,
10:16:21,27.039,800,
10:16:22,27.0299,150,
10:16:23,27.02,123,
10:16:24,27.02,300,
10:16:32,27.02,200,
10:16:33,27.02,100,
10:16:34,27.01,100,
10:16:34,27,200,
10:16:34,26.99,100,
10:16:34,26.99,100,
10:16:36,26.9998,100,
10:16:43,27.02,2000,
10:16:48,27.05,200,
10:16:51,27.04,100,
10:16:51,27.04,500,
10:16:51,27.04,100,
10:16:51,27.04,100,
10:16:51,27.04,600,
10:16:55,27.038,600,
10:16:57,27.057,150,
10:17:00,27.069,200,
10:17:00,27.0628,1000,
10:17:03,27.066,1500,
10:17:03,27.04,100,
10:17:03,27.04,500,
10:17:03,27.04,100,
10:17:06,27.05,100,
10:17:06,27.05,100,
10:17:06,27.05,100,
10:17:13,27.049,1410,
10:17:14,27.0498,100,
10:17:19,27.06,200,
10:17:22,27.05,1800,
10:17:23,27.04,200,
10:17:28,27.0501,100,
10:17:32,27.0501,1000,
10:17:35,27.0686,100,
10:17:35,27.0687,100,
10:17:38,27.06,300,
10:17:38,27.05,100,
10:17:39,27.0597,200,
10:17:39,27.0594,100,
10:17:39,27.059,2100,
10:17:39,27.059,1300,
10:17:39,27.06,3600,
10:17:48,27.0501,300,
10:17:50,27.06,200,
10:17:51,27.05,100,
10:17:52,27.06,100,
10:17:57,27.06,100,
10:17:57,27.059,200,
10:17:57,27.059,3300,
10:17:58,27.0501,300,
10:18:00,27.052,1000,
10:18:01,27.04,100,
10:18:05,27.0506,100,
10:18:08,27.06,100,
10:18:09,27.0684,100,
10:18:11,27.08,200,
10:18:11,27.08,1400,
10:18:11,27.085,600,
10:18:14,27.08,300,
10:18:20,27.0501,100,
10:18:22,27.07,500,
10:18:25,27.04,200,
10:18:25,27.04,100,
10:18:25,27.04,100,
10:18:25,27.04,100,
10:18:25,27.04,200,
10:18:26,27.0378,100,
10:18:27,27.04,100,
10:18:27,27.04,100,
10:18:33,27.069,300,
10:18:37,27.05,223,
10:18:40,27.032,2000,
10:18:41,27.05,100,
10:18:41,27.05,200,
10:18:41,27.05,300,
10:18:41,27.05,200,
10:18:43,27.06,200,
10:18:47,27.0533,100,
10:18:57,27.061,300,
10:19:01,27.05,575,
10:19:08,27.033,500,
10:19:09,27.0375,2000,
10:19:12,27.04,200,
10:19:12,27.03,100,
10:19:12,27.03,100,
10:19:12,27.022,1410,
10:19:16,27.04,100,
10:19:16,27.04,100,
10:19:16,27.04,100,
10:19:16,27.04,100,
10:19:16,27.04,600,
10:19:17,27.048,1000,
10:19:22,27.0471,100,
10:19:22,27.0485,100,
10:19:22,27.0485,100,
10:19:22,27.0477,100,
10:19:22,27.049,1600,
10:19:22,27.049,500,
10:19:24,27.05,7600,
10:19:30,27.03,100,
10:19:39,27.04,100,
10:19:47,27.05,200,
10:19:47,27.05,100,
10:19:47,27.05,200,
10:19:56,27.05,200,
10:19:56,27.04,5300,
10:19:58,27.0586,100,
10:19:58,27.0587,100,
10:19:58,27.0587,100,
10:19:58,27.0595,300,
10:19:58,27.059,1000,
10:20:08,27.05,165,
10:20:08,27.04,100,
10:20:08,27.04,100,
10:20:08,27.049,100,
10:20:11,27.0444,500,
10:20:14,27.03,300,
10:20:14,27.03,200,
10:20:14,27.04,200,
10:20:20,27.049,400,
10:20:26,27.0599,200,
10:20:29,27.07,500,
10:20:29,27.07,200,
10:20:29,27.07,100,
10:20:30,27.0898,100,
10:20:34,27.074,300,
10:20:37,27.0844,1500,
10:20:47,27.0678,100,
10:20:47,27.07,100,
10:20:47,27.0675,100,
10:20:47,27.0699,100,
10:20:51,27.06,300,
10:20:53,27.05,100,
10:20:53,27.05,100,
10:20:57,27.04,100,
10:20:58,27.05,500,
10:20:58,27.0399,100,
10:20:58,27.04,100,
10:20:58,27.04,100,
10:20:58,27.04,100,
10:21:02,27.031,500,
10:21:05,27.03,100,
10:21:06,27.04,100,
10:21:06,27.05,100,
10:21:07,27.0325,5100,
10:21:10,27.0377,100,
10:21:10,27.0385,100,
10:21:10,27.039,400,
10:21:12,27.04,300,
10:21:12,27.04,2200,
10:21:13,27.039,1000,
10:21:13,27.03,100,
10:21:14,27.03,100,
10:21:14,27.03,100,
10:21:14,27.03,100,
10:21:17,27.02,12000,
10:21:20,27.028,200,
10:21:25,27.02,185,
10:21:25,27.01,300,
10:21:25,27.01,100,
10:21:25,27,100,
10:21:25,27,200,
10:21:25,27,100,
10:21:25,27,100,
10:21:25,27,1500,
10:21:25,27,300,
10:21:25,27,100,
10:21:25,27,100,
10:21:25,27,100,
10:21:25,27,100,
10:21:25,27.014,100,
10:21:26,27.0098,202,
10:21:26,27,200,
10:21:26,27,400,
10:21:27,27.01,100,
10:21:27,27.0001,100,
10:21:29,27.01,500,
10:21:31,27.0102,2000,
10:21:35,27.01,300,
10:21:39,27.01,100,
10:21:39,27.01,100,
10:21:39,27.01,100,
10:21:40,27.01,100,
10:21:43,27.01,100,
10:21:43,27.01,100,
10:21:48,27.01,200,
10:21:55,27.011,200,
10:22:01,27,200,
10:22:01,26.9916,100,
10:22:01,26.9913,200,
10:22:01,26.991,100,
10:22:01,26.9917,100,
10:22:01,26.991,1800,
10:22:01,26.991,500,
10:22:03,26.99,2600,
10:22:04,26.99,100,
10:22:04,26.99,200,
10:22:04,26.99,200,
10:22:04,26.99,100,
10:22:04,26.9899,200,
10:22:04,26.9872,300,
10:22:04,26.9841,100,
10:22:04,26.9823,100,
10:22:08,26.99,300,
10:22:08,26.9808,100,
10:22:08,26.9803,100,
10:22:08,26.9801,200,
10:22:08,26.981,900,
10:22:09,26.9898,1000,
10:22:11,26.99,1000,
10:22:16,26.9872,300,
10:22:22,27,100,
10:22:22,27,100,
10:22:22,27,500,
10:22:27,27.01,500,
10:22:27,27.02,100,
10:22:27,27.02,100,
10:22:27,27.02,100,
10:22:27,27.02,200,
10:22:27,27.0296,100,
10:22:27,27.0296,100,
10:22:27,27.0297,100,
10:22:27,27.0297,100,
10:22:27,27.0299,300,
10:22:27,27.03,200,
10:22:28,27.04,100,
10:22:28,27.03,300,
10:22:29,27.03,100,
10:22:29,27.0285,100,
10:22:30,27.02,200,
10:22:30,27.02,100,
10:22:30,27.02,100,
10:22:32,27.03,300,
10:22:32,27.03,200,
10:22:33,27.032,1500,
10:22:33,27.02,100,
10:22:33,27.02,100,
10:22:33,27.02,100,
10:22:33,27.02,100,
10:22:33,27.01,200,
10:22:33,27.01,100,
10:22:33,27.01,100,
10:22:33,27.01,300,
10:22:33,27.02,100,
10:22:33,27.02,194,
10:22:33,27.02,200,
10:22:34,27.01,100,
10:22:34,27.01,400,
10:22:34,27,100,
10:22:34,27,100,
10:22:40,27.007,500,
10:22:44,27.0154,100,
10:23:00,26.998,300,
10:23:03,26.9846,100,
10:23:03,26.9837,100,
10:23:03,26.9836,100,
10:23:03,26.9846,100,
10:23:03,26.98,200,
10:23:06,27,100,
10:23:06,27,100,
10:23:06,27,200,
10:23:06,27,100,
10:23:11,27,100,
10:23:17,27.02,100,
10:23:17,27.0201,100,
10:23:17,27.02,1000,
10:23:17,27.03,100,
10:23:17,27.04,100,
10:23:17,27.04,300,
10:23:18,27.04,100,
10:23:18,27.04,100,
10:23:18,27.04,100,
10:23:18,27.03,200,
10:23:18,27.03,100,
10:23:23,27.02,100,
10:23:23,27.02,100,
10:23:23,27.02,200,
10:23:23,27.02,200,
10:23:23,27.02,100,
10:23:23,27.02,100,
10:23:23,27.02,100,
10:23:23,27.02,100,
10:23:23,27.02,384,
10:23:23,27.01,100,
10:23:23,27.01,100,
10:23:23,27.01,100,
10:23:23,27.02,100,
10:23:23,27.02,100,
10:23:23,27.02,100,
10:23:23,27.02,100,
10:23:24,27.02,100,
10:23:25,27.02,100,
10:23:27,27.03,200,
10:23:27,27.03,600,
10:23:27,27.04,100,
10:23:27,27.04,200,
10:23:29,27.01,100,
10:23:29,27.01,100,
10:23:29,27.01,300,
10:23:33,27.01,410,
10:23:33,27.01,500,
10:23:33,27.02,100,
10:23:33,27.03,100,
10:23:35,27.03,156,
10:23:37,27.02,100,
10:23:38,27.019,200,
10:23:40,27.02,100,
10:23:40,27.0199,300,
10:23:42,27.0199,3000,
10:23:42,27.01,100,
10:23:42,27.01,100,
10:23:45,27.033,200,
10:23:45,27.0348,100,
10:23:45,27.0353,100,
10:23:45,27.0355,100,
10:23:45,27.0355,100,
10:23:50,27.03,100,
10:23:50,27.038,1000,
10:23:55,27.05,100,
10:23:55,27.0592,100,
10:23:57,27.06,100,
10:23:58,27.05,100,
10:23:58,27.05,100,
10:23:58,27.05,200,
10:23:58,27.05,200,
10:23:58,27.05,100,
10:23:58,27.05,100,
10:23:58,27.05,100,
10:23:58,27.03,200,
10:23:58,27.04,100,
10:23:58,27.04,600,
10:23:58,27.04,100,
10:23:58,27.04,100,
10:23:58,27.04,100,
10:23:58,27.04,100,
10:23:58,27.04,100,
10:23:58,27.04,100,
10:23:58,27.04,200,
10:23:58,27.04,300,
10:24:02,27.0589,1000,
10:24:07,27.0599,700,
10:24:09,27.06,300,
10:24:09,27.06,100,
10:24:11,27.08,100,
10:24:11,27.08,100,
10:24:11,27.08,100,
10:24:12,27.08,100,
10:24:12,27.08,100,
10:24:12,27.08,100,
10:24:12,27.08,600,
10:24:13,27.08,500,
10:24:14,27.088,300,
10:24:15,27.0801,250,
10:24:16,27.088,1000,
10:24:21,27.0717,100,
10:24:21,27.071,1500,
10:24:21,27.08,100,
10:24:21,27.08,100,
10:24:21,27.09,100,
10:24:21,27.09,100,
10:24:21,27.09,100,
10:24:21,27.09,100,
10:24:21,27.09,100,
10:24:21,27.09,200,
10:24:21,27.09,200,
10:24:21,27.09,100,
10:24:21,27.09,200,
10:24:21,27.0865,100,
10:24:21,27.08,100,
10:24:21,27.08,100,
10:24:22,27.087,500,
10:24:24,27.081,172,
10:24:25,27.09,100,
10:24:25,27.09,100,
10:24:27,27.09,100,
10:24:31,27.0999,500,
10:24:33,27.10,1300,
10:24:37,27.08,100,
10:24:38,27.091,800,
10:24:41,27.0772,1400,
10:24:48,27.086,100,
10:24:48,27.0899,100,
10:24:51,27.0899,100,
10:24:52,27.0899,100,
10:24:55,27.086,400,
10:24:59,27.09,247,
10:25:00,27.10,100,
10:25:00,27.09,1700,
10:25:00,27.10,100,
10:25:01,27.095,100,
10:25:02,27.10,100,
10:25:04,27.099,1000,
10:25:05,27.0999,100,
10:25:07,27.10,300,
10:25:08,27.09,100,
10:25:08,27.07,100,
10:25:09,27.08,200,
10:25:17,27.06,150,
10:25:19,27.06,100,
10:25:19,27.06,100,
10:25:19,27.06,100,
10:25:19,27.06,200,
10:25:20,27.07,100,
10:25:21,27.08,200,
10:25:25,27.08,100,
10:25:25,27.0799,200,
10:25:25,27.0799,800,
10:25:27,27.08,200,
10:25:28,27.06,300,
10:25:28,27.088,1200,
10:25:31,27.07,100,
10:25:31,27.07,100,
10:25:31,27.0698,600,
10:25:31,27.07,100,
10:25:33,27.07,100,
10:25:36,27.068,750,
10:25:40,27.081,600,
10:25:40,27.08,4200,
10:25:46,27.088,200,
10:25:47,27.08,300,
10:25:47,27.08,300,
10:25:47,27.08,300,
10:25:47,27.08,500,
10:25:47,27.08,100,
10:25:47,27.08,100,
10:25:47,27.08,300,
10:25:47,27.08,300,
10:25:47,27.09,100,
10:25:47,27.09,100,
10:25:56,27.09,100,
10:25:59,27.10,5000,
10:26:00,27.09,100,
10:26:00,27.09,100,
10:26:00,27.0899,400,
10:26:01,27.09,100,
10:26:01,27.09,100,
10:26:01,27.0899,100,
10:26:01,27.0899,100,
10:26:01,27.0899,600,
10:26:10,27.091,1000,
10:26:15,27.12,200,
10:26:20,27.13,100,
10:26:20,27.12,100,
10:26:21,27.12,900,
10:26:22,27.121,900,
10:26:22,27.121,4100,
10:26:23,27.13,650,
10:26:24,27.13,500,
10:26:24,27.13,400,
10:26:25,27.1346,100,
10:26:27,27.14,100,
10:26:27,27.14,100,
10:26:27,27.14,100,
10:26:27,27.1346,100,
10:26:28,27.15,100,
10:26:28,27.138,100,
10:26:31,27.1002,600,
10:26:33,27.1099,100,
10:26:37,27.12,260,
10:26:38,27.129,2000,
10:26:39,27.12,200,
10:26:40,27.12,100,
10:26:42,27.112,800,
10:26:43,27.117,400,
10:26:46,27.09,200,
10:26:46,27.10,185,
10:26:46,27.10,100,
10:26:46,27.09,100,
10:26:47,27.1028,1000,
10:26:49,27.12,1000,
10:26:51,27.13,200,
10:26:51,27.13,100,
10:26:51,27.13,600,
10:26:51,27.129,800,
10:26:55,27.13,100,
10:26:56,27.10,200,
10:26:56,27.10,600,
10:26:56,27.10,100,
10:26:56,27.10,200,
10:27:01,27.106,1500,
10:27:01,27.1099,100,
10:27:03,27.14,184,
10:27:03,27.14,100,
10:27:05,27.1302,100,
10:27:06,27.132,400,
10:27:12,27.136,100,
10:27:14,27.1378,600,
10:27:14,27.137,100,
10:27:18,27.14,200,
10:27:18,27.14,300,
10:27:22,27.137,100,
10:27:40,27.141,300,
10:27:41,27.15,400,
10:27:44,27.15,100,
10:27:45,27.147,300,
10:27:47,27.16,200,
10:27:47,27.159,900,
10:27:47,27.159,300,
10:27:48,27.15,300,
10:27:48,27.15,100,
10:27:48,27.15,2300,
10:27:48,27.149,100,
10:27:49,27.158,400,
10:27:49,27.159,200,
10:27:49,27.159,2300,
10:27:53,27.15,300,
10:27:53,27.14,300,
10:27:55,27.1489,300,
10:27:58,27.1402,1100,
10:28:00,27.14,200,
10:28:00,27.1461,100,
10:28:00,27.1486,100,
10:28:00,27.15,400,
10:28:00,27.15,300,
10:28:01,27.1499,200,
10:28:04,27.159,300,
10:28:05,27.15,100,
10:28:05,27.15,200,
10:28:05,27.15,3000,
10:28:05,27.15,200,
10:28:05,27.14,100,
10:28:06,27.14,100,
10:28:09,27.1399,150,
10:28:09,27.1302,100,
10:28:11,27.1385,100,
10:28:20,27.1511,100,
10:28:22,27.16,900,
10:28:24,27.16,500,
10:28:26,27.17,200,
10:28:26,27.17,300,
10:28:26,27.17,100,
10:28:26,27.17,100,
10:28:28,27.167,400,
10:28:28,27.20,810,
10:28:29,27.22,800,
10:28:29,27.22,300,
10:28:29,27.2199,290,
10:28:29,27.22,400,
10:28:29,27.22,100,
10:28:29,27.2101,590,
10:28:29,27.21,100,
10:28:29,27.209,100,
10:28:31,27.2199,100,
10:28:31,27.219,1200,
10:28:31,27.219,400,
10:28:31,27.22,400,
10:28:31,27.2199,800,
10:28:31,27.219,100,
10:28:31,27.21,200,
10:28:31,27.21,100,
10:28:31,27.21,120,
10:28:32,27.209,100,
10:28:32,27.20,700,
10:28:34,27.20,1000,
10:28:35,27.20,300,
10:28:36,27.202,300,
10:28:36,27.202,100,
10:28:36,27.20,2000,
10:28:36,27.202,400,
10:28:37,27.23,100,
10:28:39,27.24,100,
10:28:40,27.25,307,
10:28:40,27.23,100,
10:28:40,27.23,100,
10:28:42,27.24,100,
10:28:43,27.221,1000,
10:28:43,27.229,200,
10:28:43,27.23,100,
10:28:44,27.228,400,
10:28:45,27.24,100,
10:28:46,27.229,200,
10:28:46,27.241,400,
10:28:46,27.239,1000,
10:28:48,27.24,200,
10:28:49,27.241,4000,
10:28:50,27.26,300,
10:28:50,27.2699,100,
10:28:50,27.2672,425,
10:28:50,27.2687,200,
10:28:50,27.269,700,
10:28:50,27.269,700,
10:28:50,27.2644,550,
10:28:51,27.269,300,
10:28:52,27.28,100,
10:28:52,27.267,400,
10:28:52,27.27,3600,
10:28:53,27.252,1100,
10:28:53,27.289,800,
10:28:54,27.28,100,
10:28:55,27.2896,100,
10:28:55,27.289,200,
10:28:55,27.29,100,
10:28:56,27.30,300,
10:28:57,27.30,330,
10:28:57,27.292,1700,
10:28:58,27.299,330,
10:28:58,27.294,200,
10:28:58,27.30,200,
10:29:00,27.279,200,
10:29:01,27.279,100,
10:29:01,27.278,500,
10:29:01,27.28,300,
10:29:01,27.28,100,
10:29:02,27.273,535,
10:29:02,27.29,300,
10:29:02,27.2801,600,
10:29:03,27.29,100,
10:29:03,27.2875,4700,
10:29:03,27.29,200,
10:29:03,27.2899,100,
10:29:04,27.29,200,
10:29:04,27.29,100,
10:29:04,27.29,1300,
10:29:04,27.29,100,
10:29:04,27.29,100,
10:29:05,27.27,800,
10:29:05,27.29,100,
10:29:05,27.30,100,
10:29:05,27.30,100,
10:29:05,27.30,100,
10:29:06,27.30,700,
10:29:06,27.30,970,
10:29:09,27.31,100,
10:29:10,27.32,1000,
10:29:12,27.32,300,
10:29:12,27.301,200,
10:29:13,27.32,100,
10:29:13,27.3204,100,
10:29:13,27.3204,100,
10:29:13,27.3201,800,
10:29:13,27.32,100,
10:29:13,27.3225,2300,
10:29:13,27.321,100,
10:29:13,27.32,200,
10:29:14,27.327,1000,
10:29:15,27.321,2000,
10:29:17,27.33,100,
10:29:17,27.33,100,
10:29:17,27.33,200,
10:29:17,27.33,500,
10:29:17,27.33,800,
10:29:17,27.34,200,
10:29:20,27.35,700,
10:29:22,27.332,4600,
10:29:23,27.35,100,
10:29:23,27.341,200,
10:29:24,27.35,100,
10:29:24,27.35,100,
10:29:24,27.35,100,
10:29:24,27.3312,500,
10:29:25,27.3302,2000,
10:29:25,27.339,400,
10:29:26,27.339,400,
10:29:26,27.347,100,
10:29:26,27.34,100,
10:29:26,27.34,100,
10:29:26,27.34,100,
10:29:27,27.3301,100,
10:29:28,27.33,400,
10:29:28,27.33,200,
10:29:29,27.323,500,
10:29:30,27.329,200,
10:29:30,27.329,300,
10:29:30,27.3201,100,
10:29:30,27.339,1500,
10:29:31,27.3199,700,
10:29:31,27.33,575,
10:29:31,27.3299,100,
10:29:31,27.33,2900,
10:29:32,27.313,1000,
10:29:33,27.319,200,
10:29:33,27.31,300,
10:29:34,27.31,100,
10:29:34,27.31,200,
10:29:35,27.32,1300,
10:29:35,27.317,100,
10:29:36,27.311,900,
10:29:38,27.3199,100,
10:29:39,27.32,768,
10:29:39,27.32,100,
10:29:39,27.32,100,
10:29:39,27.32,200,
10:29:39,27.32,600,
10:29:41,27.3196,100,
10:29:41,27.309,100,
10:29:42,27.31,200,
10:29:42,27.301,5000,
10:29:44,27.31,100,
10:29:44,27.3172,1000,
10:29:47,27.31,500,
10:29:47,27.3285,100,
10:29:49,27.33,300,
10:29:50,27.33,100,
10:29:50,27.32,100,
10:29:50,27.3201,2000,
10:29:52,27.32,100,
10:29:52,27.32,100,
10:29:52,27.33,100,
10:29:52,27.33,100,
10:29:52,27.34,300,
10:29:52,27.34,300,
10:29:52,27.34,100,
10:29:52,27.34,100,
10:29:52,27.34,300,
10:29:52,27.33,100,
10:29:53,27.33,100,
10:29:54,27.33,100,
10:29:54,27.33,100,
10:29:56,27.34,200,
10:29:56,27.339,100,
10:29:59,27.3472,800,
10:30:02,27.349,150,
10:30:02,27.35,700,
10:30:02,27.35,100,
10:30:02,27.35,300,
10:30:02,27.35,100,
10:30:02,27.35,500,
10:30:02,27.35,100,
10:30:02,27.34,200,
10:30:02,27.34,100,
10:30:02,27.34,100,
10:30:02,27.35,100,
10:30:02,27.349,200,
10:30:02,27.35,400,
10:30:02,27.33,100,
10:30:02,27.33,100,
10:30:02,27.32,100,
10:30:02,27.32,100,
10:30:02,27.32,200,
10:30:02,27.32,100,
10:30:02,27.32,100,
10:30:02,27.35,100,
10:30:02,27.35,100,
10:30:02,27.33,100,
10:30:03,27.36,868,
10:30:05,27.349,200,
10:30:05,27.34,100,
10:30:05,27.34,200,
10:30:06,27.34,200,
10:30:07,27.34,300,
10:30:10,27.3389,1000,
10:30:10,27.33,100,
10:30:11,27.34,100,
10:30:12,27.33,500,
10:30:14,27.3402,300,
10:30:14,27.342,500,
10:30:15,27.3301,100,
10:30:15,27.3301,900,
10:30:19,27.3312,300,
10:30:19,27.33,200,
10:30:19,27.32,500,
10:30:19,27.3172,800,
10:30:19,27.31,100,
10:30:20,27.3101,100,
10:30:20,27.31,860,
10:30:21,27.3185,100,
10:30:22,27.3111,250,
10:30:23,27.33,200,
10:30:24,27.3204,200,
10:30:25,27.34,100,
10:30:25,27.34,100,
10:30:25,27.34,300,
10:30:25,27.34,100,
10:30:26,27.33,400,
10:30:26,27.33,100,
10:30:26,27.329,200,
10:30:29,27.32,100,
10:30:29,27.32,100,
10:30:29,27.32,100,
10:30:29,27.33,200,
10:30:29,27.33,100,
10:30:30,27.33,100,
10:30:30,27.33,100,
10:30:30,27.32,200,
10:30:30,27.32,200,
10:30:31,27.32,2000,
10:30:32,27.33,300,
10:30:33,27.332,250,
10:30:36,27.328,1000,
10:30:38,27.3001,100,
10:30:38,27.30,100,
10:30:38,27.3048,1000,
10:30:39,27.31,200,
10:30:40,27.30,200,
10:30:41,27.30,2000,
10:30:43,27.30,100,
10:30:44,27.293,1000,
10:30:44,27.3098,1350,
10:30:44,27.311,201,
10:30:47,27.303,500,
10:30:49,27.317,100,
10:30:53,27.3072,200,
10:30:55,27.3085,100,
10:30:56,27.30,150,
10:30:56,27.298,1000,
10:30:58,27.3012,1000,
10:30:58,27.32,100,
10:31:00,27.30,100,
10:31:01,27.2975,200,
10:31:01,27.297,100,
10:31:02,27.29,100,
10:31:06,27.29,200,
10:31:06,27.29,300,
10:31:06,27.28,500,
10:31:07,27.2898,570,
10:31:07,27.29,100,
10:31:08,27.29,100,
10:31:08,27.29,700,
10:31:08,27.29,100,
10:31:08,27.29,100,
10:31:08,27.29,100,
10:31:08,27.29,100,
10:31:08,27.30,400,
10:31:08,27.30,200,
10:31:11,27.2901,700,
10:31:11,27.28,2300,
10:31:12,27.29,100,
10:31:12,27.28,100,
10:31:12,27.28,100,
10:31:12,27.29,100,
10:31:12,27.29,100,
10:31:12,27.29,600,
10:31:12,27.29,100,
10:31:12,27.29,200,
10:31:13,27.31,100,
10:31:13,27.31,100,
10:31:13,27.31,100,
10:31:13,27.31,300,
10:31:13,27.31,100,
10:31:13,27.32,100,
10:31:13,27.32,100,
10:31:13,27.32,300,
10:31:14,27.32,144,
10:31:14,27.293,300,
10:31:15,27.326,100,
10:31:15,27.3262,100,
10:31:15,27.3271,300,
10:31:15,27.326,100,
10:31:16,27.33,500,
10:31:18,27.32,100,
10:31:18,27.32,100,
10:31:19,27.3102,1000,
10:31:22,27.31,100,
10:31:25,27.30,100,
10:31:26,27.30,2000,
10:31:26,27.30,100,
10:31:32,27.2711,100,
10:31:34,27.28,425,
10:31:35,27.28,100,
10:31:36,27.2801,100,
10:31:41,27.28,112,
10:31:41,27.28,200,
10:31:44,27.279,1000,
10:31:47,27.2701,3000,
10:31:50,27.272,1500,
10:31:56,27.27,100,
10:31:56,27.271,200,
10:31:56,27.28,200,
10:32:01,27.26,100,
10:32:01,27.27,1000,
10:32:02,27.2602,100,
10:32:02,27.2701,200,
10:32:06,27.29,2000,
10:32:07,27.30,142,
10:32:07,27.30,142,
10:32:07,27.30,100,
10:32:09,27.2919,5000,
10:32:13,27.28,200,
10:32:15,27.279,320,
10:32:19,27.28,400,
10:32:20,27.29,300,
10:32:20,27.29,100,
10:32:20,27.29,100,
10:32:22,27.29,200,
10:32:23,27.28,300,
10:32:23,27.26,100,
10:32:23,27.26,100,
10:32:23,27.26,300,
10:32:23,27.26,100,
10:32:23,27.25,100,
10:32:28,27.26,100,
10:32:28,27.25,200,
10:32:29,27.23,100,
10:32:29,27.23,200,
10:32:29,27.23,200,
10:32:29,27.23,100,
10:32:29,27.23,100,
10:32:30,27.2589,300,
10:32:33,27.221,1000,
10:32:34,27.23,100,
10:32:34,27.24,100,
10:32:34,27.24,100,
10:32:36,27.24,100,
10:32:36,27.24,100,
10:32:39,27.23,100,
10:32:39,27.23,100,
10:32:40,27.231,400,
10:32:43,27.25,200,
10:32:43,27.25,400,
10:32:43,27.26,100,
10:32:43,27.26,168,
10:32:43,27.26,100,
10:32:43,27.26,100,
10:32:43,27.27,100,
10:32:45,27.26,300,
10:32:46,27.25,200,
10:32:46,27.25,100,
10:32:46,27.25,200,
10:32:47,27.26,100,
10:32:48,27.247,230,
10:32:49,27.26,100,
10:32:49,27.2783,100,
10:32:49,27.2783,100,
10:32:49,27.2783,100,
10:32:49,27.2783,100,
10:32:49,27.279,1600,
10:32:49,27.27,200,
10:32:49,27.2701,200,
10:32:49,27.27,200,
10:32:49,27.26,100,
10:32:49,27.27,100,
10:32:49,27.27,100,
10:32:49,27.27,100,
10:32:49,27.27,100,
10:32:49,27.27,100,
10:32:49,27.27,600,
10:32:49,27.27,100,
10:32:49,27.27,200,
10:32:49,27.27,100,
10:32:50,27.28,7100,
10:32:51,27.27,200,
10:32:51,27.27,100,
10:32:54,27.2672,150,
10:32:55,27.27,100,
10:32:56,27.269,690,
10:32:56,27.26,100,
10:33:01,27.26,100,
10:33:01,27.2511,100,
10:33:02,27.27,100,
10:33:03,27.27,200,
10:33:04,27.25,100,
10:33:06,27.25,400,
10:33:09,27.26,100,
10:33:11,27.26,100,
10:33:11,27.26,100,
10:33:11,27.25,100,
10:33:11,27.25,100,
10:33:17,27.25,100,
10:33:17,27.25,4000,
10:33:21,27.2472,500,
10:33:24,27.2401,500,
10:33:26,27.249,1000,
10:33:28,27.27,200,
10:33:28,27.27,200,
10:33:28,27.27,100,
10:33:28,27.27,100,
10:33:31,27.26,200,
10:33:31,27.26,100,
10:33:31,27.26,100,
10:33:31,27.2698,7000,
10:33:31,27.2699,300,
10:33:31,27.27,100,
10:33:31,27.27,200,
10:33:32,27.2699,100,
10:33:32,27.2699,100,
10:33:32,27.2683,100,
10:33:32,27.2683,100,
10:33:32,27.269,300,
10:33:40,27.28,300,
10:33:40,27.271,300,
10:33:40,27.30,100,
10:33:40,27.30,100,
10:33:41,27.29,100,
10:33:42,27.2999,100,
10:33:43,27.2988,100,
10:33:43,27.2988,100,
10:33:43,27.299,400,
10:33:43,27.299,200,
10:33:46,27.2789,1500,
10:33:50,27.269,1000,
10:33:55,27.269,590,
10:33:56,27.269,300,
10:33:58,27.2878,300,
10:34:01,27.28,100,
10:34:01,27.28,300,
10:34:04,27.28,1400,
10:34:07,27.28,100,
10:34:07,27.28,300,
10:34:07,27.28,200,
10:34:07,27.28,100,
10:34:07,27.28,200,
10:34:08,27.279,300,
10:34:11,27.269,150,
10:34:13,27.26,150,
10:34:15,27.26,100,
10:34:15,27.26,100,
10:34:15,27.27,100,
10:34:15,27.27,400,
10:34:16,27.26,500,
10:34:16,27.26,200,
10:34:16,27.26,160,
10:34:30,27.28,7000,
10:34:31,27.29,300,
10:34:32,27.282,150,
10:34:43,27.27,100,
10:34:43,27.27,100,
10:34:46,27.27,200,
10:34:46,27.27,100,
10:34:46,27.27,100,
10:34:46,27.27,100,
10:34:46,27.27,100,
10:34:51,27.28,200,
10:34:51,27.28,100,
10:34:51,27.29,300,
10:34:51,27.29,100,
10:34:51,27.29,300,
10:34:51,27.29,100,
10:34:51,27.29,300,
10:34:51,27.29,100,
10:34:51,27.28,100,
10:34:58,27.2789,200,
10:35:04,27.28,100,
10:35:04,27.29,100,
10:35:05,27.289,100,
10:35:06,27.287,100,
10:35:18,27.2999,2000,
10:35:23,27.27,100,
10:35:23,27.27,300,
10:35:23,27.27,100,
10:35:23,27.27,100,
10:35:29,27.2888,733,
10:35:30,27.30,200,
10:35:31,27.31,100,
10:35:31,27.32,100,
10:35:35,27.32,200,
10:35:35,27.33,500,
10:35:35,27.35,100,
10:35:36,27.35,100,
10:35:36,27.35,100,
10:35:36,27.35,100,
10:35:36,27.35,100,
10:35:36,27.35,100,
10:35:37,27.35,300,
10:35:37,27.35,100,
10:35:37,27.35,100,
10:35:37,27.35,600,
10:35:37,27.36,1200,
10:35:37,27.3693,100,
10:35:37,27.3697,100,
10:35:37,27.3697,100,
10:35:37,27.369,800,
10:35:38,27.369,400,
10:35:39,27.36,100,
10:35:39,27.36,100,
10:35:39,27.36,300,
10:35:39,27.36,100,
10:35:39,27.36,100,
10:35:39,27.36,100,
10:35:39,27.36,100,
10:35:39,27.35,200,
10:35:39,27.36,100,
10:35:39,27.36,100,
10:35:39,27.36,401,
10:35:39,27.36,100,
10:35:39,27.36,100,
10:35:39,27.36,100,
10:35:39,27.3647,300,
10:35:39,27.367,100,
10:35:40,27.3606,100,
10:35:40,27.3606,100,
10:35:40,27.3604,100,
10:35:40,27.361,1100,
10:35:40,27.36,100,
10:35:40,27.36,100,
10:35:41,27.3572,425,
10:35:42,27.358,300,
10:35:43,27.33,100,
10:35:43,27.33,200,
10:35:43,27.33,100,
10:35:43,27.33,600,
10:35:45,27.36,1000,
10:35:46,27.35,100,
10:35:46,27.351,300,
10:35:47,27.36,100,
10:35:47,27.36,590,
10:35:47,27.37,1490,
10:35:48,27.35,100,
10:35:48,27.35,100,
10:35:48,27.35,300,
10:35:48,27.35,200,
10:35:48,27.35,100,
10:35:49,27.3459,100,
10:35:49,27.346,100,
10:35:49,27.346,100,
10:35:49,27.346,100,
10:35:49,27.34,200,
10:35:49,27.34,100,
10:35:49,27.34,100,
10:35:49,27.35,100,
10:35:50,27.35,100,
10:35:50,27.35,100,
10:35:50,27.35,100,
10:35:50,27.35,100,
10:35:51,27.36,100,
10:35:52,27.37,100,
10:35:52,27.37,100,
10:35:53,27.36,500,
10:35:53,27.38,100,
10:35:53,27.35,1000,
10:35:54,27.38,100,
10:35:54,27.38,100,
10:35:54,27.38,300,
10:35:54,27.38,200,
10:35:54,27.40,730,
10:35:54,27.40,100,
10:35:54,27.40,100,
10:35:54,27.40,300,
10:35:54,27.40,100,
10:35:54,27.40,100,
10:35:54,27.40,100,
10:35:54,27.40,100,
10:35:54,27.39,100,
10:35:55,27.41,100,
10:35:55,27.41,100,
10:35:56,27.4117,100,
10:35:56,27.4117,100,
10:35:56,27.4117,100,
10:35:56,27.4116,100,
10:35:56,27.411,1300,
10:35:56,27.411,200,
10:35:56,27.42,100,
10:35:56,27.43,200,
10:35:57,27.4208,300,
10:35:57,27.421,900,
10:35:57,27.43,100,
10:35:57,27.43,200,
10:35:57,27.41,18400,
10:35:58,27.44,100,
10:35:58,27.43,200,
10:35:58,27.429,100,
10:35:59,27.4388,1000,
10:35:59,27.4291,100,
10:35:59,27.4291,100,
10:35:59,27.429,400,
10:36:00,27.42,100,
10:36:01,27.425,1000,
10:36:01,27.42,100,
10:36:01,27.42,366,
10:36:01,27.42,100,
10:36:01,27.42,100,
10:36:01,27.43,300,
10:36:01,27.4299,400,
10:36:01,27.4299,300,
10:36:01,27.42,100,
10:36:01,27.42,100,
10:36:01,27.4111,1000,
10:36:03,27.411,900,
10:36:04,27.42,100,
10:36:04,27.43,300,
10:36:04,27.43,200,
10:36:04,27.42,100,
10:36:04,27.42,100,
10:36:04,27.42,200,
10:36:04,27.43,100,
10:36:04,27.43,100,
10:36:04,27.43,300,
10:36:04,27.43,100,
10:36:04,27.43,100,
10:36:04,27.44,200,
10:36:04,27.44,100,
10:36:04,27.44,200,
10:36:04,27.44,100,
10:36:04,27.44,200,
10:36:04,27.44,100,
10:36:04,27.44,300,
10:36:04,27.44,100,
10:36:04,27.45,100,
10:36:04,27.45,1900,
10:36:04,27.45,100,
10:36:04,27.45,100,
10:36:04,27.47,421,
10:36:04,27.47,900,
10:36:04,27.47,100,
10:36:04,27.47,300,
10:36:04,27.48,300,
10:36:04,27.48,100,
10:36:04,27.48,100,
10:36:04,27.48,200,
10:36:04,27.48,100,
10:36:04,27.48,100,
10:36:04,27.48,100,
10:36:04,27.48,122,
10:36:05,27.49,100,
10:36:05,27.49,557,
10:36:05,27.48,100,
10:36:06,27.47,300,
10:36:07,27.47,100,
10:36:07,27.48,100,
10:36:07,27.48,100,
10:36:07,27.47,100,
10:36:07,27.4689,400,
10:36:08,27.46,100,
10:36:08,27.45,565,
10:36:10,27.47,100,
10:36:12,27.478,600,
10:36:12,27.4788,1000,
10:36:13,27.478,1000,
10:36:14,27.4601,100,
10:36:14,27.4601,400,
10:36:14,27.45,100,
10:36:14,27.45,200,
10:36:14,27.45,300,
10:36:14,27.45,100,
10:36:14,27.45,100,
10:36:14,27.45,100,
10:36:15,27.48,300,
10:36:16,27.475,6800,
10:36:17,27.4801,350,
10:36:17,27.48,800,
10:36:18,27.473,100,
10:36:18,27.489,1000,
10:36:18,27.4811,1000,
10:36:19,27.49,100,
10:36:19,27.50,200,
10:36:19,27.50,200,
10:36:19,27.50,500,
10:36:20,27.492,100,
10:36:20,27.4919,100,
10:36:20,27.4918,100,
10:36:21,27.4901,200,
10:36:21,27.49,100,
10:36:21,27.49,100,
10:36:21,27.49,100,
10:36:21,27.49,100,
10:36:21,27.49,1000,
10:36:22,27.50,100,
10:36:23,27.50,1500,
10:36:23,27.50,1000,
10:36:23,27.50,100,
10:36:24,27.497,1500,
10:36:25,27.51,100,
10:36:25,27.5099,806,
10:36:26,27.492,1000,
10:36:27,27.498,150,
10:36:28,27.4995,100,
10:36:28,27.4996,100,
10:36:28,27.4995,100,
10:36:28,27.50,100,
10:36:30,27.4911,500,
10:36:30,27.492,100,
10:36:32,27.49,100,
10:36:32,27.495,100,
10:36:32,27.50,300,
10:36:32,27.50,100,
10:36:32,27.50,100,
10:36:32,27.50,200,
10:36:32,27.50,100,
10:36:33,27.50,100,
10:36:33,27.50,100,
10:36:34,27.50,100,
10:36:34,27.5075,600,
10:36:34,27.498,4600,
10:36:35,27.49,1000,
10:36:38,27.51,100,
10:36:38,27.509,100,
10:36:39,27.507,1000,
10:36:41,27.50,100,
10:36:41,27.50,200,
10:36:41,27.50,100,
10:36:42,27.50,200,
10:36:43,27.51,100,
10:36:43,27.51,100,
10:36:43,27.5101,100,
10:36:43,27.5101,100,
10:36:43,27.51,100,
10:36:44,27.52,200,
10:36:44,27.5211,1000,
10:36:44,27.50,200,
10:36:45,27.5028,1600,
10:36:45,27.5215,100,
10:36:45,27.5011,400,
10:36:45,27.509,190,
10:36:46,27.5101,800,
10:36:46,27.5128,100,
10:36:46,27.511,300,
10:36:46,27.511,1500,
10:36:48,27.51,2600,
10:36:48,27.517,700,
10:36:51,27.51,100,
10:36:51,27.51,100,
10:36:51,27.49,100,
10:36:52,27.50,100,
10:36:53,27.50,300,
10:36:53,27.50,300,
10:36:53,27.50,300,
