09:30:00,38.97,100,
09:30:00,39,100,
09:30:01,38.98,100,
09:30:01,38.99,300,
09:30:01,38.99,200,
09:30:01,38.99,400,
09:30:01,38.99,200,
09:30:01,38.97,100,
09:30:01,38.98,100,
09:30:01,38.9899,2200,
09:30:01,38.99,200,
09:30:01,38.95,118,
09:30:02,38.99,200,
09:30:02,38.99,2700,
09:30:02,39.02,100,
09:30:02,39.03,100,
09:30:03,39,100,
09:30:03,38.98,100,
09:30:03,38.98,100,
09:30:03,38.99,100,
09:30:03,39,100,
09:30:05,39,300,
09:30:05,39,200,
09:30:05,39,200,
09:30:05,39,200,
09:30:05,39,200,
09:30:05,39,100,
09:30:05,39,200,
09:30:05,39,200,
09:30:05,39,200,
09:30:05,39,100,
09:30:05,39,300,
09:30:05,39,100,
09:30:06,38.94,100,
09:30:06,38.93,300,
09:30:07,38.96,100,
09:30:07,38.99,100,
09:30:07,38.98,100,
09:30:07,39,300,
09:30:07,38.98,100,
09:30:07,39.01,200,
09:30:07,39.01,100,
09:30:07,39.03,100,
09:30:08,38.96,100,
09:30:09,38.95,100,
09:30:09,38.94,100,
09:30:09,38.95,100,
09:30:09,38.95,100,
09:30:09,38.93,200,
09:30:09,38.92,200,
09:30:10,38.9869,1000,
09:30:10,38.92,200,
09:30:11,38.93,100,
09:30:14,38.93,100,
09:30:14,38.92,500,
09:30:14,38.92,500,
09:30:14,38.91,200,
09:30:14,38.91,200,
09:30:14,38.91,100,
09:30:14,38.89,200,
09:30:14,38.89,100,
09:30:15,38.93,100,
09:30:15,38.9397,300,
09:30:15,38.99,100,
09:30:15,38.9122,200,
09:30:15,38.99,100,
09:30:17,39.02,100,
09:30:20,39.01,230,
09:30:21,38.95,400,
09:30:21,39.04,100,
09:30:21,38.93,2700,
09:30:22,38.925,1700,
09:30:23,39.02,100,
09:30:24,39.0298,800,
09:30:24,39.03,500,
09:30:24,39.011,200,
09:30:24,39.0303,125,
09:30:25,39,200,
09:30:26,38.99,200,
09:30:26,38.99,100,
09:30:27,39.01,500,
09:30:28,38.98,100,
09:30:28,38.98,100,
09:30:29,38.9436,100,
09:30:32,38.9401,100,
09:30:32,38.93,400,
09:30:35,39.01,300,
09:30:35,38.90,400,
09:30:35,39,300,
09:30:36,39.016,900,
09:30:37,38.98,100,
09:30:37,39.019,100,
09:30:40,39.004,500,
09:30:43,38.99,100,
09:30:43,38.98,200,
09:30:43,38.97,100,
09:30:43,38.98,200,
09:30:43,38.97,300,
09:30:43,39,100,
09:30:43,38.99,100,
09:30:43,38.99,300,
09:30:43,38.96,200,
09:30:44,38.98,100,
09:30:44,38.99,200,
09:30:48,38.98,100,
09:30:48,38.9348,300,
09:30:53,38.9397,250,
09:30:54,38.936,200,
09:30:59,38.94,100,
09:31:00,38.92,300,
09:31:00,38.92,100,
09:31:00,38.92,200,
09:31:00,38.91,200,
09:31:00,38.90,100,
09:31:00,38.9216,1000,
09:31:00,38.9272,100,
09:31:00,38.9285,100,
09:31:01,38.9299,100,
09:31:02,38.9301,100,
09:31:02,38.9301,4200,
09:31:02,38.93,200,
09:31:03,38.923,100,
09:31:05,38.93,100,
09:31:08,38.93,100,
09:31:09,38.95,900,
09:31:11,38.93,100,
09:31:11,38.94,100,
09:31:11,38.92,300,
09:31:11,38.94,100,
09:31:11,38.94,100,
09:31:11,38.94,100,
09:31:11,38.94,100,
09:31:13,38.94,100,
09:31:13,38.94,100,
09:31:13,38.94,200,
09:31:13,38.94,100,
09:31:14,38.9219,100,
09:31:14,38.9201,100,
09:31:15,38.95,100,
09:31:15,38.93,100,
09:31:17,38.94,100,
09:31:17,38.93,100,
09:31:17,38.91,100,
09:31:18,38.9198,100,
09:31:18,38.9198,100,
09:31:21,38.87,100,
09:31:21,38.8654,100,
09:31:21,38.8611,100,
09:31:24,38.876,500,
09:31:24,38.8701,1012,
09:31:24,38.87,288,
09:31:24,38.871,1900,
09:31:27,38.8884,540,
09:31:28,38.87,100,
09:31:31,38.8799,100,
09:31:32,38.8614,1000,
09:31:32,38.8614,100,
09:31:34,38.8707,1000,
09:31:36,38.863,500,
09:31:37,38.8802,100,
09:31:39,38.87,600,
09:31:41,38.881,300,
09:31:41,38.90,200,
09:31:41,38.90,100,
09:31:42,38.8784,100,
09:31:42,38.871,100,
09:31:42,38.90,100,
09:31:42,38.87,3600,
09:31:45,38.8832,200,
09:31:49,38.86,100,
09:31:49,38.8699,205,
09:31:51,38.85,500,
09:31:52,38.87,100,
09:31:52,38.85,100,
09:31:52,38.85,100,
09:31:52,38.85,790,
09:31:53,38.82,100,
09:31:53,38.82,100,
09:31:53,38.82,200,
09:31:53,38.80,100,
09:31:53,38.80,100,
09:31:53,38.80,1000,
09:31:53,38.80,600,
09:31:53,38.80,1200,
09:31:53,38.80,300,
09:31:53,38.80,100,
09:31:54,38.80,100,
09:31:54,38.80,100,
09:31:54,38.80,100,
09:31:54,38.81,100,
09:31:54,38.7908,100,
09:31:54,38.7903,100,
09:31:55,38.8101,200,
09:31:55,38.8015,400,
09:31:57,38.79,800,
09:31:58,38.7612,200,
09:31:59,38.76,100,
09:32:00,38.76,100,
09:32:00,38.75,100,
09:32:00,38.7577,100,
09:32:01,38.74,100,
09:32:02,38.76,100,
09:32:02,38.74,100,
09:32:02,38.741,100,
09:32:03,38.746,800,
09:32:03,38.71,100,
09:32:03,38.7002,100,
09:32:04,38.70,100,
09:32:04,38.744,700,
09:32:04,38.742,100,
09:32:05,38.7122,2900,
09:32:06,38.723,300,
09:32:07,38.711,100,
09:32:07,38.7201,165,
09:32:09,38.7042,1000,
09:32:10,38.738,105,
09:32:12,38.74,100,
09:32:13,38.68,100,
09:32:17,38.67,100,
09:32:17,38.67,100,
09:32:18,38.6723,100,
09:32:18,38.70,100,
09:32:19,38.666,200,
09:32:20,38.6999,400,
09:32:20,38.71,100,
09:32:21,38.7088,500,
09:32:22,38.71,200,
09:32:25,38.721,100,
09:32:26,38.7209,100,
09:32:26,38.72,100,
09:32:26,38.715,2900,
09:32:27,38.71,100,
09:32:27,38.711,100,
09:32:27,38.713,800,
09:32:27,38.701,200,
09:32:27,38.701,200,
09:32:29,38.721,300,
09:32:29,38.721,300,
09:32:29,38.75,100,
09:32:30,38.711,100,
09:32:31,38.731,100,
09:32:31,38.76,200,
09:32:32,38.81,100,
09:32:34,38.7701,185,
09:32:37,38.73,100,
09:32:37,38.73,100,
09:32:37,38.70,200,
09:32:37,38.70,100,
09:32:37,38.67,100,
09:32:37,38.67,100,
09:32:37,38.67,100,
09:32:37,38.65,100,
09:32:37,38.66,100,
09:32:37,38.65,100,
09:32:37,38.63,300,
09:32:37,38.60,200,
09:32:37,38.60,200,
09:32:37,38.61,100,
09:32:37,38.57,100,
09:32:37,38.58,100,
09:32:38,38.5901,100,
09:32:38,38.5703,2000,
09:32:39,38.60,100,
09:32:39,38.571,130,
09:32:40,38.60,100,
09:32:40,38.60,100,
09:32:40,38.618,300,
09:32:40,38.571,300,
09:32:42,38.556,100,
09:32:43,38.6071,300,
09:32:44,38.6197,2300,
09:32:49,38.6503,100,
09:32:50,38.64,100,
09:32:52,38.667,500,
09:32:52,38.6484,500,
09:32:52,38.64,100,
09:32:53,38.66,100,
09:32:53,38.68,100,
09:32:54,38.651,100,
09:32:54,38.6501,900,
09:32:54,38.661,100,
09:32:56,38.66,100,
09:32:56,38.6603,150,
09:32:57,38.67,300,
09:32:57,38.68,100,
09:32:57,38.70,200,
09:33:00,38.70,100,
09:33:00,38.6708,100,
09:33:01,38.6401,700,
09:33:05,38.6401,100,
09:33:05,38.64,100,
09:33:07,38.62,100,
09:33:07,38.59,100,
09:33:08,38.62,100,
09:33:11,38.61,500,
09:33:13,38.6128,900,
09:33:14,38.62,200,
09:33:14,38.6199,300,
09:33:14,38.6199,300,
09:33:14,38.62,300,
09:33:14,38.64,100,
09:33:16,38.64,200,
09:33:17,38.6424,100,
09:33:19,38.659,150,
09:33:21,38.657,100,
09:33:23,38.611,400,
09:33:23,38.6101,100,
09:33:25,38.59,100,
09:33:25,38.612,300,
09:33:27,38.58,100,
09:33:27,38.58,100,
09:33:34,38.569,2000,
09:33:35,38.53,300,
09:33:35,38.53,100,
09:33:35,38.52,100,
09:33:35,38.52,100,
09:33:35,38.52,100,
09:33:36,38.58,200,
09:33:36,38.55,100,
09:33:41,38.55,100,
09:33:44,38.55,900,
09:33:45,38.553,200,
09:33:46,38.551,700,
09:33:46,38.5415,100,
09:33:51,38.5401,300,
09:33:52,38.53,1650,
09:33:54,38.51,100,
09:33:55,38.51,100,
09:33:55,38.5188,200,
09:33:56,38.51,300,
09:33:59,38.51,327,
09:34:00,38.511,927,
09:34:01,38.5153,100,
09:34:01,38.5175,100,
09:34:01,38.5001,195,
09:34:02,38.50,470,
09:34:02,38.50,600,
09:34:02,38.4801,100,
09:34:04,38.5253,100,
09:34:04,38.529,200,
09:34:04,38.528,800,
09:34:04,38.50,100,
09:34:07,38.48,200,
09:34:08,38.501,100,
09:34:09,38.50,100,
09:34:11,38.5001,250,
09:34:11,38.52,100,
09:34:11,38.53,100,
09:34:14,38.5102,250,
09:34:15,38.50,100,
09:34:15,38.50,100,
09:34:16,38.49,100,
09:34:17,38.5012,400,
09:34:24,38.48,100,
09:34:24,38.50,200,
09:34:24,38.47,100,
09:34:26,38.466,100,
09:34:27,38.4633,100,
09:34:27,38.461,100,
09:34:27,38.461,200,
09:34:31,38.49,137,
09:34:33,38.54,600,
09:34:34,38.511,100,
09:34:34,38.51,100,
09:34:36,38.539,2000,
09:34:40,38.52,100,
09:34:40,38.52,160,
09:34:40,38.52,100,
09:34:41,38.52,100,
09:34:41,38.5201,100,
09:34:41,38.52,100,
09:34:42,38.52,100,
09:34:42,38.52,100,
09:34:42,38.52,100,
09:34:47,38.51,100,
09:34:47,38.5101,1000,
09:34:51,38.54,100,
09:34:53,38.54,348,
09:34:54,38.51,100,
09:34:56,38.511,400,
09:34:58,38.52,10000,
09:35:00,38.48,200,
09:35:00,38.48,153,
09:35:00,38.4627,100,
09:35:00,38.4668,100,
09:35:01,38.4599,400,
09:35:02,38.4568,826,
09:35:04,38.44,500,
09:35:10,38.44,100,
09:35:12,38.451,200,
09:35:12,38.45,200,
09:35:13,38.45,100,
09:35:13,38.45,100,
09:35:13,38.45,100,
09:35:13,38.45,100,
09:35:13,38.46,1800,
09:35:15,38.45,200,
09:35:16,38.44,100,
09:35:17,38.4321,100,
09:35:17,38.456,200,
09:35:20,38.42,100,
09:35:20,38.4219,100,
09:35:20,38.421,100,
09:35:21,38.42,150,
09:35:23,38.4105,100,
09:35:23,38.411,552,
09:35:24,38.411,100,
09:35:25,38.411,200,
09:35:26,38.41,100,
09:35:26,38.41,100,
09:35:26,38.41,100,
09:35:26,38.40,170,
09:35:27,38.417,1000,
09:35:27,38.413,100,
09:35:28,38.421,100,
09:35:28,38.43,400,
09:35:30,38.41,100,
09:35:32,38.401,400,
09:35:33,38.404,200,
09:35:33,38.40,100,
09:35:33,38.39,100,
09:35:33,38.39,100,
09:35:35,38.38,100,
09:35:35,38.36,100,
09:35:35,38.36,100,
09:35:35,38.36,100,
09:35:37,38.361,100,
09:35:42,38.38,100,
09:35:42,38.38,100,
09:35:44,38.38,100,
09:35:44,38.38,100,
09:35:46,38.3812,200,
09:35:48,38.39,100,
09:35:48,38.40,100,
09:35:48,38.38,100,
09:35:49,38.40,200,
09:35:50,38.413,640,
09:35:53,38.40,100,
09:35:53,38.413,100,
09:35:57,38.40,500,
09:35:58,38.38,100,
09:35:58,38.40,100,
09:35:59,38.4101,100,
09:36:00,38.42,400,
09:36:00,38.42,200,
09:36:00,38.41,100,
09:36:00,38.4064,300,
09:36:01,38.3901,100,
09:36:04,38.40,100,
09:36:05,38.36,300,
09:36:05,38.36,300,
09:36:05,38.36,100,
09:36:06,38.3512,300,
09:36:06,38.35,300,
09:36:07,38.369,200,
09:36:07,38.367,150,
09:36:08,38.351,300,
09:36:11,38.36,100,
09:36:11,38.36,100,
09:36:11,38.36,100,
09:36:11,38.36,100,
09:36:11,38.36,100,
09:36:11,38.36,100,
09:36:11,38.38,200,
09:36:11,38.38,200,
09:36:12,38.3716,100,
09:36:13,38.37,100,
09:36:14,38.37,100,
09:36:14,38.3701,1500,
09:36:15,38.377,1000,
09:36:15,38.38,100,
09:36:15,38.39,700,
09:36:15,38.39,100,
09:36:15,38.37,100,
09:36:18,38.36,100,
09:36:20,38.38,100,
09:36:20,38.3701,500,
09:36:20,38.3701,100,
09:36:21,38.37,2500,
09:36:23,38.37,1000,
09:36:24,38.369,200,
09:36:24,38.362,370,
09:36:25,38.37,100,
09:36:25,38.37,300,
09:36:26,38.3801,100,
09:36:29,38.3712,100,
09:36:29,38.3701,100,
09:36:29,38.3599,100,
09:36:29,38.36,300,
09:36:30,38.352,1500,
09:36:32,38.35,100,
09:36:32,38.34,100,
09:36:32,38.34,200,
09:36:32,38.33,100,
09:36:32,38.34,100,
09:36:32,38.34,100,
09:36:33,38.31,100,
09:36:33,38.31,100,
09:36:34,38.32,100,
09:36:34,38.32,100,
09:36:34,38.31,100,
09:36:34,38.31,100,
09:36:35,38.30,430,
09:36:36,38.314,1000,
09:36:37,38.301,500,
09:36:40,38.26,100,
09:36:41,38.25,100,
09:36:41,38.24,100,
09:36:41,38.2432,200,
09:36:42,38.23,700,
09:36:43,38.241,100,
09:36:44,38.24,100,
09:36:44,38.24,100,
09:36:46,38.25,100,
09:36:46,38.25,300,
09:36:46,38.24,100,
09:36:46,38.25,300,
09:36:46,38.25,100,
09:36:47,38.25,500,
09:36:47,38.25,100,
09:36:47,38.25,300,
09:36:48,38.2401,200,
09:36:48,38.24,100,
09:36:50,38.27,200,
09:36:51,38.2918,100,
09:36:51,38.2957,100,
09:36:51,38.30,100,
09:36:53,38.32,100,
09:36:53,38.31,428,
09:36:55,38.29,100,
09:36:57,38.299,5000,
09:36:58,38.22,100,
09:37:00,38.2137,100,
09:37:00,38.2137,100,
09:37:00,38.2199,100,
09:37:01,38.21,100,
09:37:02,38.20,200,
09:37:02,38.20,600,
09:37:02,38.17,100,
09:37:02,38.18,100,
09:37:03,38.16,100,
09:37:03,38.16,500,
09:37:04,38.15,100,
09:37:05,38.14,1600,
09:37:05,38.1402,100,
09:37:05,38.14,100,
09:37:05,38.1428,1000,
09:37:05,38.13,100,
09:37:05,38.12,100,
09:37:06,38.10,150,
09:37:06,38.16,100,
09:37:07,38.17,100,
09:37:08,38.15,100,
09:37:08,38.14,2750,
09:37:11,38.13,100,
09:37:11,38.13,100,
09:37:11,38.111,100,
09:37:12,38.12,100,
09:37:13,38.113,800,
09:37:14,38.11,300,
09:37:15,38.11,100,
09:37:15,38.113,115,
09:37:16,38.12,100,
09:37:16,38.12,100,
09:37:16,38.11,100,
09:37:17,38.1101,700,
09:37:17,38.11,100,
09:37:17,38.11,100,
09:37:17,38.11,200,
09:37:17,38.11,100,
09:37:18,38.1056,900,
09:37:18,38.11,100,
09:37:19,38.111,100,
09:37:19,38.10,1700,
09:37:19,38.111,100,
09:37:19,38.113,300,
09:37:21,38.12,100,
09:37:21,38.18,100,
09:37:21,38.15,100,
09:37:21,38.15,100,
09:37:21,38.16,100,
09:37:21,38.15,200,
09:37:21,38.17,100,
09:37:21,38.18,100,
09:37:21,38.16,100,
09:37:21,38.16,100,
09:37:22,38.16,100,
09:37:22,38.18,100,
09:37:22,38.18,100,
09:37:22,38.18,100,
09:37:22,38.18,100,
09:37:22,38.18,100,
09:37:22,38.20,100,
09:37:22,38.20,200,
09:37:22,38.20,100,
09:37:23,38.20,100,
09:37:23,38.1984,500,
09:37:23,38.21,100,
09:37:24,38.22,100,
09:37:25,38.183,500,
09:37:25,38.229,100,
09:37:26,38.19,100,
09:37:26,38.17,100,
09:37:27,38.16,100,
09:37:27,38.17,300,
09:37:27,38.18,100,
09:37:28,38.189,100,
09:37:28,38.1936,100,
09:37:29,38.20,100,
09:37:30,38.187,600,
09:37:30,38.15,100,
09:37:32,38.12,100,
09:37:32,38.1101,110,
09:37:35,38.14,100,
09:37:35,38.16,200,
09:37:35,38.1502,200,
09:37:36,38.1452,160,
09:37:39,38.14,180,
09:37:39,38.14,100,
09:37:39,38.132,300,
09:37:42,38.13,200,
09:37:42,38.1701,200,
09:37:43,38.17,100,
09:37:44,38.17,100,
09:37:44,38.15,100,
09:37:44,38.16,100,
09:37:44,38.13,100,
09:37:44,38.12,100,
09:37:44,38.0834,100,
09:37:45,38.08,100,
09:37:45,38.09,100,
09:37:46,38.0801,100,
09:37:46,38.08,100,
09:37:46,38.08,650,
09:37:46,38.08,100,
09:37:46,38.09,100,
09:37:46,38.08,100,
09:37:46,38.08,500,
09:37:46,38.08,100,
09:37:46,38.08,200,
09:37:46,38.09,100,
09:37:47,38.08,100,
09:37:47,38.07,100,
09:37:48,38.0602,100,
09:37:48,38.08,100,
09:37:48,38.078,200,
09:37:50,38.09,100,
09:37:50,38.08,100,
09:37:52,38.137,200,
09:37:53,38.10,100,
09:37:53,38.09,100,
09:37:54,38.053,1000,
09:37:55,38.116,900,
09:37:55,38.053,120,
09:37:57,38.0364,325,
09:37:57,38.03,200,
09:37:57,38.03,300,
09:37:58,38.051,300,
09:37:58,38.051,100,
09:37:58,38.051,100,
09:37:59,38.04,100,
09:38:00,38.05,100,
09:38:01,38.063,200,
09:38:01,38.0722,100,
09:38:01,38.0728,100,
09:38:01,38.0632,200,
09:38:02,38.0601,100,
09:38:03,38.0705,900,
09:38:07,38.053,1100,
09:38:07,38.02,200,
09:38:08,38.0168,125,
09:38:09,38.02,300,
09:38:09,38,650,
09:38:10,38.019,3000,
09:38:13,38,200,
09:38:13,38.0012,100,
09:38:15,38.01,100,
09:38:15,38.001,1000,
09:38:16,38.002,1000,
09:38:16,38.01,100,
09:38:17,38.0098,6000,
09:38:18,38,100,
09:38:18,38.01,100,
09:38:18,38.0001,100,
09:38:19,38,100,
09:38:19,38,225,
09:38:19,38.03,1845,
09:38:19,38.03,2000,
09:38:20,38.01,100,
09:38:20,37.99,100,
09:38:20,37.98,100,
09:38:20,37.98,200,
09:38:20,37.94,100,
09:38:21,37.93,100,
09:38:21,37.9399,1000,
09:38:21,37.91,100,
09:38:21,37.90,100,
09:38:21,37.90,100,
09:38:21,37.89,100,
09:38:21,37.90,100,
09:38:22,37.89,2300,
09:38:22,37.88,100,
09:38:22,37.89,200,
09:38:22,37.88,300,
09:38:22,37.89,100,
09:38:22,37.88,500,
09:38:22,37.88,100,
09:38:22,37.88,100,
09:38:22,37.91,100,
09:38:22,37.90,100,
09:38:22,37.88,500,
09:38:22,37.87,800,
09:38:22,37.87,500,
09:38:22,37.87,100,
09:38:22,37.87,100,
09:38:22,37.87,100,
09:38:23,37.883,550,
09:38:23,37.90,100,
09:38:23,37.91,100,
09:38:24,37.9032,200,
09:38:24,37.94,100,
09:38:24,37.903,300,
09:38:25,37.9284,995,
09:38:25,37.901,300,
09:38:25,37.9301,200,
09:38:25,37.9302,100,
09:38:27,37.98,100,
09:38:27,37.95,500,
09:38:28,37.96,100,
09:38:28,37.97,100,
09:38:28,37.96,100,
09:38:29,37.9599,500,
09:38:29,37.93,100,
09:38:30,37.9212,100,
09:38:30,37.943,300,
09:38:33,37.90,100,
09:38:33,37.90,100,
09:38:33,37.89,100,
09:38:33,37.89,100,
09:38:33,37.89,400,
09:38:35,37.86,100,
09:38:35,37.86,100,
09:38:35,37.85,100,
09:38:35,37.85,500,
09:38:35,37.87,300,
09:38:35,37.87,100,
09:38:35,37.88,100,
09:38:35,37.90,100,
09:38:35,37.9002,100,
09:38:36,37.89,100,
09:38:37,37.857,300,
09:38:37,37.8712,800,
09:38:38,37.8611,100,
09:38:38,37.87,300,
09:38:39,37.8754,100,
09:38:39,37.87,100,
09:38:39,37.8699,600,
09:38:39,37.861,100,
09:38:40,37.861,100,
09:38:40,37.85,100,
09:38:40,37.84,100,
09:38:40,37.861,100,
09:38:41,37.86,100,
09:38:41,37.86,100,
09:38:42,37.86,100,
09:38:43,37.85,500,
09:38:43,37.89,100,
09:38:43,37.86,200,
09:38:43,37.86,100,
09:38:43,37.86,100,
09:38:43,37.83,100,
09:38:44,37.8432,200,
09:38:44,37.85,100,
09:38:44,37.84,100,
09:38:44,37.83,100,
09:38:44,37.82,100,
09:38:44,37.82,100,
09:38:44,37.81,100,
09:38:44,37.81,500,
09:38:44,37.81,200,
09:38:44,37.81,300,
09:38:44,37.82,100,
09:38:44,37.80,100,
09:38:44,37.80,100,
09:38:45,37.79,200,
09:38:45,37.79,100,
09:38:45,37.79,200,
09:38:46,37.79,200,
09:38:46,37.79,100,
09:38:46,37.81,100,
09:38:46,37.81,200,
09:38:46,37.81,100,
09:38:46,37.81,500,
09:38:46,37.81,100,
09:38:46,37.81,100,
09:38:47,37.75,100,
09:38:48,37.7632,450,
09:38:48,37.78,100,
09:38:48,37.81,100,
09:38:49,37.8082,100,
09:38:49,37.809,300,
09:38:49,37.80,100,
09:38:49,37.81,4100,
09:38:50,37.82,100,
09:38:50,37.82,100,
09:38:50,37.83,400,
09:38:50,37.83,100,
09:38:50,37.83,100,
09:38:50,37.83,100,
09:38:51,37.83,100,
09:38:52,37.812,130,
09:38:53,37.81,100,
09:38:53,37.8099,300,
09:38:54,37.78,100,
09:38:54,37.75,100,
09:38:54,37.76,100,
09:38:56,37.761,200,
09:38:56,37.761,100,
09:38:57,37.79,100,
09:38:57,37.79,100,
09:38:57,37.78,100,
09:38:57,37.78,100,
09:38:57,37.77,300,
09:38:58,37.78,100,
09:38:58,37.77,100,
09:39:01,37.7624,1500,
09:39:01,37.7684,100,
09:39:01,37.77,100,
09:39:01,37.77,100,
09:39:01,37.78,100,
09:39:01,37.79,100,
09:39:01,37.81,200,
09:39:01,37.83,100,
09:39:01,37.82,100,
09:39:01,37.79,100,
09:39:01,37.80,100,
09:39:02,37.76,200,
09:39:02,37.76,100,
09:39:03,37.79,100,
09:39:03,37.80,100,
09:39:03,37.83,200,
09:39:03,37.80,100,
09:39:03,37.81,100,
09:39:03,37.8099,100,
09:39:05,37.80,100,
09:39:05,37.81,100,
09:39:05,37.82,100,
09:39:06,37.80,100,
09:39:06,37.80,100,
09:39:06,37.7956,100,
09:39:06,37.7999,100,
09:39:07,37.782,100,
09:39:07,37.792,100,
09:39:08,37.75,100,
09:39:08,37.74,100,
09:39:08,37.77,100,
09:39:10,37.768,700,
09:39:10,37.83,5000,
09:39:11,37.77,100,
09:39:11,37.76,100,
09:39:13,37.7601,100,
09:39:13,37.808,1000,
09:39:14,37.81,100,
09:39:14,37.81,100,
09:39:14,37.82,100,
09:39:14,37.8377,100,
09:39:14,37.8397,100,
09:39:15,37.84,100,
09:39:15,37.84,100,
09:39:15,37.8401,100,
09:39:16,37.85,4200,
09:39:17,37.8468,425,
09:39:18,37.86,100,
09:39:19,37.84,4900,
09:39:19,37.86,200,
09:39:19,37.86,100,
09:39:19,37.86,100,
09:39:19,37.86,100,
09:39:19,37.86,100,
09:39:20,37.86,100,
09:39:20,37.86,100,
09:39:20,37.85,100,
09:39:21,37.85,100,
09:39:21,37.85,100,
09:39:21,37.86,100,
09:39:21,37.86,100,
09:39:21,37.84,100,
09:39:23,37.83,100,
09:39:23,37.83,155,
09:39:25,37.84,100,
09:39:25,37.81,100,
09:39:25,37.80,100,
09:39:25,37.78,100,
09:39:25,37.77,100,
09:39:25,37.76,1800,
09:39:25,37.78,100,
09:39:25,37.80,100,
09:39:25,37.813,100,
09:39:27,37.829,400,
09:39:27,37.829,400,
09:39:28,37.803,200,
09:39:32,37.8001,500,
09:39:34,37.82,100,
09:39:34,37.805,150,
09:39:34,37.81,100,
09:39:34,37.82,100,
09:39:34,37.82,600,
09:39:34,37.82,100,
09:39:34,37.82,100,
09:39:34,37.82,100,
09:39:34,37.82,100,
09:39:34,37.82,400,
09:39:34,37.82,400,
09:39:34,37.83,200,
09:39:34,37.83,100,
09:39:34,37.83,300,
09:39:34,37.83,100,
09:39:34,37.83,200,
09:39:34,37.82,100,
09:39:35,37.82,100,
09:39:35,37.81,300,
09:39:35,37.81,100,
09:39:35,37.82,415,
09:39:35,37.82,200,
09:39:35,37.82,100,
09:39:35,37.82,100,
09:39:35,37.81,250,
09:39:35,37.80,100,
09:39:36,37.8099,100,
09:39:39,37.80,100,
09:39:42,37.799,100,
09:39:46,37.809,200,
09:39:46,37.803,100,
09:39:46,37.80,2000,
09:39:49,37.8174,100,
09:39:50,37.82,100,
09:39:51,37.8201,1100,
09:39:51,37.84,100,
09:39:51,37.84,100,
09:39:51,37.82,100,
09:39:51,37.82,100,
09:39:51,37.83,100,
09:39:51,37.82,200,
09:39:51,37.82,400,
09:39:51,37.82,100,
09:39:51,37.81,100,
09:39:51,37.809,300,
09:39:52,37.84,100,
09:39:52,37.807,300,
09:39:52,37.809,200,
09:39:53,37.83,100,
09:39:54,37.8697,100,
09:39:54,37.869,200,
09:39:55,37.88,1200,
09:39:58,37.871,400,
09:39:58,37.8797,200,
09:39:59,37.82,100,
09:40:00,37.8256,300,
09:40:01,37.78,100,
09:40:02,37.7999,100,
09:40:02,37.80,100,
09:40:04,37.79,100,
09:40:05,37.80,100,
09:40:05,37.80,100,
09:40:06,37.86,100,
09:40:06,37.85,100,
09:40:08,37.87,100,
09:40:08,37.87,100,
09:40:10,37.8899,100,
09:40:10,37.87,1000,
09:40:11,37.87,100,
09:40:11,37.87,100,
09:40:11,37.8751,100,
09:40:12,37.89,100,
09:40:12,37.89,700,
09:40:12,37.89,700,
09:40:13,37.876,500,
09:40:14,37.88,300,
09:40:14,37.88,100,
09:40:15,37.89,100,
09:40:16,37.90,200,
09:40:17,37.89,100,
09:40:19,37.898,500,
09:40:19,37.89,100,
09:40:19,37.89,100,
09:40:19,37.879,100,
09:40:20,37.89,500,
09:40:22,37.87,200,
09:40:22,37.87,225,
09:40:23,37.87,200,
09:40:26,37.84,100,
09:40:26,37.83,100,
09:40:26,37.83,100,
09:40:26,37.84,100,
09:40:27,37.81,400,
09:40:28,37.78,100,
09:40:28,37.77,800,
09:40:30,37.79,100,
09:40:31,37.7901,100,
09:40:31,37.79,500,
09:40:32,37.79,100,
09:40:33,37.77,100,
09:40:35,37.79,100,
09:40:36,37.79,100,
09:40:36,37.79,100,
09:40:37,37.794,160,
09:40:39,37.8399,100,
09:40:40,37.82,150,
09:40:40,37.82,100,
09:40:40,37.81,100,
09:40:40,37.82,100,
09:40:42,37.82,100,
09:40:45,37.79,100,
09:40:46,37.78,100,
09:40:46,37.812,795,
09:40:48,37.79,100,
09:40:51,37.77,2500,
09:40:51,37.779,400,
09:40:53,37.76,100,
09:40:53,37.76,100,
09:40:53,37.76,100,
09:40:54,37.7772,500,
09:40:59,37.76,300,
09:40:59,37.763,200,
09:40:59,37.75,1200,
09:40:59,37.75,300,
09:40:59,37.75,200,
09:40:59,37.75,1500,
09:40:59,37.75,700,
09:40:59,37.75,100,
09:40:59,37.75,100,
09:41:00,37.755,200,
09:41:00,37.7562,100,
09:41:01,37.7588,750,
09:41:01,37.74,100,
09:41:02,37.72,100,
09:41:03,37.70,100,
09:41:03,37.7007,100,
09:41:03,37.68,100,
09:41:04,37.6692,100,
09:41:04,37.6692,100,
09:41:04,37.6605,300,
09:41:05,37.65,750,
09:41:05,37.6532,100,
09:41:06,37.67,100,
09:41:07,37.66,100,
09:41:09,37.6473,100,
09:41:10,37.6313,200,
09:41:10,37.631,300,
09:41:10,37.63,100,
09:41:11,37.59,150,
09:41:15,37.6401,800,
09:41:16,37.673,700,
09:41:16,37.6701,100,
09:41:17,37.6698,100,
09:41:25,37.65,500,
09:41:26,37.66,100,
09:41:26,37.66,300,
09:41:30,37.64,100,
09:41:34,37.65,100,
09:41:34,37.646,100,
09:41:35,37.65,100,
09:41:35,37.65,300,
09:41:38,37.64,100,
09:41:38,37.64,100,
09:41:38,37.64,100,
09:41:39,37.65,100,
09:41:39,37.66,100,
09:41:39,37.64,100,
09:41:42,37.65,100,
09:41:43,37.649,200,
09:41:44,37.65,100,
09:41:46,37.6872,100,
09:41:46,37.70,200,
09:41:47,37.72,500,
09:41:48,37.70,500,
09:41:48,37.70,200,
09:41:48,37.71,100,
09:41:48,37.71,100,
09:41:50,37.7199,200,
09:41:50,37.7115,100,
09:41:52,37.7292,100,
09:41:52,37.729,600,
09:41:52,37.729,600,
09:41:52,37.69,100,
09:41:52,37.68,300,
09:41:52,37.70,200,
09:41:52,37.64,100,
09:41:52,37.63,100,
09:41:52,37.63,100,
09:41:53,37.727,500,
09:41:53,37.73,3300,
09:41:53,37.64,100,
09:41:53,37.66,100,
09:41:55,37.6605,125,
09:41:55,37.69,100,
09:41:55,37.69,200,
09:41:55,37.72,100,
09:41:55,37.73,100,
09:41:55,37.72,100,
09:41:55,37.7272,1000,
09:41:56,37.7299,100,
09:41:57,37.73,100,
09:41:57,37.75,200,
09:41:57,37.75,300,
09:41:57,37.75,2000,
09:41:58,37.7314,1000,
09:42:00,37.721,100,
09:42:01,37.71,100,
09:42:02,37.736,100,
09:42:02,37.66,100,
09:42:02,37.66,100,
09:42:02,37.67,100,
09:42:04,37.67,16485,
09:42:07,37.66,100,
09:42:08,37.66,100,
09:42:09,37.61,100,
09:42:10,37.61,500,
09:42:10,37.61,100,
09:42:10,37.61,100,
09:42:11,37.6476,1000,
09:42:12,37.66,100,
09:42:12,37.66,4100,
09:42:12,37.66,100,
09:42:12,37.66,1200,
09:42:12,37.66,200,
09:42:12,37.66,100,
09:42:12,37.66,200,
09:42:12,37.66,600,
09:42:12,37.66,100,
09:42:12,37.66,600,
09:42:12,37.66,100,
09:42:12,37.66,200,
09:42:12,37.66,100,
09:42:12,37.66,100,
09:42:12,37.66,100,
09:42:12,37.66,300,
09:42:12,37.66,200,
09:42:13,37.66,100,
09:42:14,37.64,100,
09:42:15,37.66,100,
09:42:17,37.644,500,
09:42:19,37.6332,100,
09:42:22,37.6099,200,
09:42:23,37.60,100,
09:42:23,37.60,100,
09:42:23,37.60,100,
09:42:26,37.60,100,
09:42:27,37.59,100,
09:42:27,37.59,100,
09:42:27,37.59,325,
09:42:27,37.59,100,
09:42:27,37.59,100,
09:42:27,37.57,587,
09:42:29,37.6295,550,
09:42:29,37.63,100,
09:42:31,37.63,100,
09:42:32,37.66,140,
09:42:32,37.66,200,
09:42:32,37.66,200,
09:42:32,37.66,100,
09:42:32,37.66,100,
09:42:32,37.66,200,
09:42:33,37.66,500,
09:42:35,37.66,200,
09:42:35,37.66,100,
09:42:36,37.6632,400,
09:42:37,37.6675,1000,
09:42:38,37.6607,100,
09:42:38,37.66,200,
09:42:38,37.67,100,
09:42:42,37.66,100,
09:42:44,37.64,100,
09:42:47,37.614,560,
09:42:48,37.63,100,
09:42:50,37.646,100,
09:42:51,37.61,100,
09:42:51,37.60,300,
09:42:51,37.60,300,
09:42:52,37.62,100,
09:42:52,37.63,100,
09:42:52,37.68,100,
09:42:52,37.68,100,
09:42:52,37.68,200,
09:42:52,37.68,200,
09:42:52,37.69,100,
09:42:52,37.69,100,
09:42:53,37.68,100,
09:42:55,37.65,1150,
09:42:55,37.65,200,
09:42:56,37.68,100,
09:42:56,37.70,100,
09:42:56,37.70,100,
09:42:56,37.69,100,
09:42:56,37.68,100,
09:42:59,37.69,100,
09:42:59,37.69,100,
09:42:59,37.6936,200,
09:43:00,37.6699,100,
09:43:03,37.63,100,
09:43:05,37.649,100,
09:43:07,37.62,100,
09:43:08,37.57,200,
09:43:08,37.621,500,
09:43:08,37.623,100,
09:43:09,37.5702,2000,
09:43:10,37.57,200,
09:43:10,37.57,100,
09:43:11,37.5688,1000,
09:43:11,37.5595,300,
09:43:13,37.5699,100,
09:43:14,37.58,100,
09:43:15,37.59,100,
09:43:15,37.61,100,
09:43:16,37.61,100,
09:43:17,37.592,500,
09:43:19,37.60,100,
09:43:20,37.62,100,
09:43:20,37.60,265,
09:43:27,37.56,100,
09:43:27,37.56,100,
09:43:30,37.58,100,
09:43:30,37.58,100,
09:43:30,37.59,100,
09:43:30,37.59,100,
09:43:30,37.60,100,
09:43:34,37.57,100,
09:43:34,37.58,100,
09:43:36,37.57,100,
09:43:38,37.5888,310,
09:43:39,37.59,400,
09:43:46,37.579,800,
09:43:46,37.579,800,
09:43:47,37.55,100,
09:43:47,37.55,270,
09:43:47,37.55,100,
09:43:47,37.55,100,
09:43:47,37.5584,200,
09:43:47,37.54,100,
09:43:47,37.5364,300,
09:43:47,37.58,2600,
09:43:48,37.5299,100,
09:43:49,37.5314,1000,
09:43:50,37.55,100,
09:43:50,37.5588,300,
09:43:51,37.54,100,
09:43:52,37.55,100,
09:43:53,37.5499,600,
09:43:53,37.552,1150,
09:43:54,37.569,100,
09:43:56,37.5389,100,
09:43:56,37.5393,100,
09:43:56,37.539,600,
09:43:56,37.52,100,
09:43:56,37.51,100,
09:43:56,37.51,100,
09:43:56,37.51,100,
09:43:56,37.51,200,
09:43:56,37.54,1900,
09:43:58,37.53,100,
09:43:58,37.54,100,
09:43:58,37.5301,100,
09:43:58,37.55,100,
09:43:58,37.55,100,
09:43:58,37.55,100,
09:43:58,37.56,200,
09:43:58,37.55,100,
09:43:58,37.56,100,
09:43:59,37.5282,100,
09:44:00,37.55,100,
09:44:01,37.5368,200,
09:44:02,37.57,100,
09:44:02,37.57,100,
09:44:03,37.5915,100,
09:44:03,37.5909,100,
09:44:04,37.619,100,
09:44:05,37.616,500,
09:44:07,37.6489,100,
09:44:07,37.65,1500,
09:44:08,37.6492,100,
09:44:08,37.6455,100,
09:44:08,37.6501,100,
09:44:08,37.66,2800,
09:44:08,37.619,3300,
09:44:08,37.619,3400,
09:44:08,37.61,1150,
09:44:09,37.6164,100,
09:44:10,37.6199,500,
09:44:10,37.6099,100,
09:44:11,37.65,1000,
09:44:12,37.6592,100,
09:44:12,37.659,1200,
09:44:13,37.6212,300,
09:44:14,37.66,800,
09:44:16,37.6299,500,
09:44:17,37.65,100,
09:44:17,37.64,100,
09:44:17,37.64,100,
09:44:17,37.66,500,
09:44:20,37.6291,100,
09:44:20,37.63,100,
09:44:22,37.62,100,
09:44:22,37.6201,500,
09:44:22,37.61,100,
09:44:22,37.6201,200,
09:44:24,37.59,100,
09:44:26,37.57,100,
09:44:26,37.57,100,
09:44:26,37.59,100,
09:44:26,37.552,100,
09:44:28,37.6099,100,
09:44:28,37.59,300,
09:44:28,37.60,100,
09:44:32,37.59,100,
09:44:32,37.58,100,
09:44:32,37.58,100,
09:44:32,37.60,100,
09:44:32,37.60,100,
09:44:32,37.57,100,
09:44:33,37.57,100,
09:44:33,37.5699,300,
09:44:34,37.56,100,
09:44:34,37.56,100,
09:44:35,37.5236,100,
09:44:35,37.5265,100,
09:44:35,37.5109,100,
09:44:35,37.51,500,
09:44:36,37.5216,200,
09:44:36,37.521,250,
09:44:37,37.53,100,
09:44:37,37.51,400,
09:44:37,37.51,500,
09:44:38,37.51,100,
09:44:38,37.51,1000,
09:44:38,37.51,128,
09:44:38,37.559,800,
09:44:38,37.559,600,
09:44:38,37.56,200,
09:44:38,37.51,400,
09:44:39,37.5498,100,
09:44:39,37.5364,200,
09:44:40,37.54,100,
09:44:40,37.5467,500,
09:44:41,37.52,100,
09:44:41,37.5299,100,
09:44:41,37.53,1400,
09:44:44,37.56,100,
09:44:45,37.55,100,
09:44:45,37.5501,100,
09:44:46,37.55,100,
09:44:46,37.55,100,
09:44:46,37.55,100,
09:44:47,37.569,400,
09:44:47,37.569,100,
09:44:54,37.52,100,
09:44:55,37.53,100,
09:44:55,37.53,100,
09:44:55,37.55,200,
09:44:57,37.56,100,
09:44:57,37.56,200,
09:45:00,37.57,100,
09:45:01,37.59,100,
09:45:01,37.59,100,
09:45:02,37.60,100,
09:45:02,37.58,100,
09:45:02,37.58,100,
09:45:02,37.58,200,
09:45:03,37.58,200,
09:45:03,37.59,100,
09:45:05,37.58,100,
09:45:08,37.57,100,
09:45:10,37.5302,200,
09:45:12,37.53,300,
09:45:15,37.56,100,
09:45:17,37.55,200,
09:45:17,37.53,100,
09:45:20,37.60,100,
09:45:22,37.6033,400,
09:45:23,37.629,100,
09:45:23,37.63,1500,
09:45:23,37.6159,100,
09:45:23,37.6124,100,
09:45:24,37.62,100,
09:45:24,37.6299,1000,
09:45:26,37.65,100,
09:45:28,37.59,100,
09:45:28,37.59,100,
09:45:35,37.6401,1000,
09:45:36,37.66,100,
09:45:36,37.66,100,
09:45:36,37.67,100,
09:45:36,37.67,100,
09:45:36,37.68,100,
09:45:36,37.68,100,
09:45:36,37.68,100,
09:45:36,37.68,300,
09:45:37,37.68,100,
09:45:37,37.65,100,
09:45:38,37.6599,100,
09:45:38,37.66,100,
09:45:39,37.6597,100,
09:45:43,37.6988,110,
09:45:44,37.6901,100,
09:45:44,37.6901,100,
09:45:44,37.6983,100,
09:45:44,37.699,100,
09:45:45,37.6883,100,
09:45:45,37.689,500,
09:45:45,37.689,600,
09:45:46,37.69,100,
09:45:47,37.70,500,
09:45:48,37.72,100,
09:45:48,37.72,100,
09:45:49,37.72,100,
09:45:50,37.72,100,
09:45:50,37.728,100,
09:45:50,37.72,100,
09:45:50,37.72,100,
09:45:51,37.7399,100,
09:45:53,37.729,100,
09:45:53,37.7299,100,
09:45:54,37.73,100,
09:45:54,37.7301,100,
09:45:56,37.749,4000,
09:45:59,37.75,100,
09:45:59,37.749,2000,
09:45:59,37.7501,400,
09:45:59,37.77,100,
09:45:59,37.7572,200,
09:46:00,37.749,100,
09:46:00,37.7672,1000,
09:46:01,37.7584,200,
09:46:02,37.759,300,
09:46:03,37.73,500,
09:46:03,37.73,100,
09:46:03,37.73,100,
09:46:04,37.74,100,
09:46:05,37.76,100,
09:46:05,37.759,200,
09:46:05,37.759,200,
09:46:09,37.73,1000,
09:46:10,37.74,100,
09:46:10,37.74,100,
09:46:10,37.74,100,
09:46:10,37.74,100,
09:46:10,37.75,100,
09:46:10,37.77,150,
09:46:11,37.77,200,
09:46:11,37.77,100,
09:46:11,37.80,100,
09:46:12,37.83,100,
09:46:12,37.84,100,
09:46:13,37.8101,100,
09:46:13,37.81,100,
09:46:14,37.80,100,
09:46:15,37.789,100,
09:46:15,37.799,100,
09:46:17,37.793,300,
09:46:18,37.80,100,
09:46:19,37.8162,1000,
09:46:19,37.8122,200,
09:46:20,37.81,100,
09:46:20,37.80,300,
09:46:20,37.78,100,
09:46:20,37.77,100,
09:46:20,37.7568,125,
09:46:23,37.7697,100,
09:46:23,37.769,300,
09:46:24,37.7798,5000,
09:46:26,37.79,260,
09:46:27,37.774,200,
09:46:27,37.75,100,
09:46:27,37.75,100,
09:46:27,37.773,100,
09:46:30,37.7499,100,
09:46:30,37.73,100,
09:46:30,37.759,200,
09:46:32,37.76,100,
09:46:32,37.76,100,
09:46:32,37.76,100,
09:46:33,37.76,150,
09:46:34,37.73,100,
09:46:34,37.7384,210,
09:46:35,37.75,500,
09:46:36,37.737,250,
09:46:38,37.78,100,
09:46:40,37.7688,100,
09:46:40,37.769,700,
09:46:40,37.769,300,
09:46:45,37.80,100,
09:46:45,37.80,100,
09:46:45,37.7806,300,
09:46:48,37.7832,100,
09:46:48,37.80,200,
09:46:49,37.7912,900,
09:46:53,37.81,100,
09:46:54,37.804,600,
09:46:57,37.839,100,
09:46:57,37.82,100,
09:46:57,37.80,100,
09:46:57,37.80,100,
09:46:59,37.7904,100,
09:46:59,37.79,100,
09:46:59,37.79,100,
09:46:59,37.7901,100,
09:47:00,37.7887,100,
09:47:00,37.789,400,
09:47:01,37.78,100,
09:47:01,37.7512,1000,
09:47:02,37.769,100,
09:47:03,37.7699,200,
09:47:03,37.7699,100,
09:47:05,37.7712,100,
09:47:05,37.7686,1000,
09:47:06,37.76,150,
09:47:06,37.7601,300,
09:47:06,37.7691,100,
09:47:06,37.769,720,
09:47:07,37.7632,175,
09:47:09,37.763,500,
09:47:10,37.75,100,
09:47:10,37.75,100,
09:47:10,37.7586,400,
09:47:11,37.75,3600,
09:47:12,37.80,2000,
09:47:12,37.80,200,
09:47:14,37.7638,100,
09:47:14,37.7636,100,
09:47:15,37.7673,100,
09:47:15,37.7689,100,
09:47:15,37.769,500,
09:47:18,37.77,600,
09:47:18,37.753,800,
09:47:23,37.7599,500,
09:47:24,37.79,102,
09:47:25,37.7975,100,
09:47:25,37.799,100,
09:47:27,37.788,1018,
09:47:28,37.7888,500,
09:47:28,37.79,400,
09:47:29,37.78,300,
09:47:29,37.78,100,
09:47:36,37.796,1000,
09:47:41,37.7888,100,
09:47:41,37.7894,200,
09:47:42,37.789,2000,
09:47:42,37.79,2500,
09:47:45,37.83,200,
09:47:47,37.8268,100,
09:47:50,37.82,100,
09:47:51,37.80,100,
09:47:51,37.81,100,
09:47:53,37.8278,100,
09:47:53,37.8278,100,
09:47:53,37.829,300,
09:47:55,37.83,3000,
09:47:56,37.819,100,
09:47:57,37.83,100,
09:47:57,37.8275,3900,
09:47:58,37.829,100,
09:47:58,37.81,100,
09:47:58,37.80,100,
09:48:01,37.7628,800,
09:48:05,37.777,1000,
09:48:10,37.79,100,
09:48:11,37.80,1700,
09:48:13,37.8288,1000,
09:48:16,37.79,100,
09:48:17,37.80,100,
09:48:17,37.80,100,
09:48:17,37.80,100,
09:48:17,37.80,100,
09:48:19,37.8099,600,
09:48:20,37.81,100,
09:48:20,37.81,100,
09:48:20,37.83,100,
09:48:20,37.83,1800,
09:48:21,37.82,100,
09:48:22,37.85,300,
09:48:22,37.85,200,
09:48:22,37.85,650,
09:48:22,37.87,100,
09:48:23,37.87,100,
09:48:23,37.86,100,
09:48:24,37.8602,3000,
09:48:26,37.85,200,
09:48:28,37.8702,200,
09:48:29,37.87,100,
09:48:31,37.8776,100,
09:48:32,37.882,100,
09:48:32,37.87,100,
09:48:32,37.887,500,
09:48:35,37.8784,200,
09:48:38,37.859,600,
09:48:38,37.868,200,
09:48:38,37.869,660,
09:48:38,37.869,700,
09:48:39,37.87,1600,
09:48:39,37.859,800,
09:48:39,37.86,300,
09:48:39,37.869,700,
09:48:39,37.869,700,
09:48:40,37.859,100,
09:48:41,37.852,100,
09:48:41,37.8701,300,
09:48:43,37.8785,100,
09:48:43,37.879,300,
09:48:45,37.879,600,
09:48:45,37.879,500,
09:48:45,37.879,100,
09:48:46,37.879,100,
09:48:48,37.892,1000,
09:48:49,37.902,100,
09:48:49,37.9092,100,
09:48:49,37.909,700,
09:48:50,37.90,200,
09:48:50,37.8944,200,
09:48:51,37.91,100,
09:48:51,37.91,200,
09:48:52,37.9172,100,
09:48:52,37.92,100,
09:48:55,37.95,100,
09:48:55,37.949,100,
09:48:55,37.969,100,
09:48:55,37.969,300,
09:48:56,37.95,400,
09:48:56,37.95,400,
09:48:57,37.949,100,
09:48:57,37.949,100,
09:48:58,37.949,100,
09:48:58,37.96,288,
09:48:59,37.97,100,
09:49:00,37.9698,400,
09:49:00,37.9698,300,
09:49:01,37.9698,100,
09:49:02,37.9699,500,
09:49:03,37.963,200,
09:49:05,37.9621,100,
09:49:06,37.9454,100,
09:49:07,37.94,100,
09:49:07,37.9401,700,
09:49:07,37.93,1000,
09:49:07,37.949,900,
09:49:07,37.949,900,
09:49:08,37.95,800,
09:49:08,37.94,100,
09:49:10,37.933,500,
09:49:13,37.95,100,
09:49:14,37.95,100,
09:49:14,37.95,200,
09:49:15,37.959,900,
09:49:16,37.9472,500,
09:49:16,37.96,100,
09:49:16,37.96,100,
09:49:16,37.97,100,
09:49:16,37.97,100,
09:49:16,37.97,100,
09:49:18,37.99,100,
09:49:18,37.99,100,
09:49:18,37.99,100,
09:49:18,37.99,100,
09:49:18,37.99,100,
09:49:18,37.9899,600,
09:49:18,37.98,200,
09:49:19,37.98,200,
09:49:19,37.98,100,
09:49:19,37.97,200,
09:49:20,37.979,150,
09:49:20,37.9799,100,
09:49:21,37.98,1970,
09:49:21,37.9685,100,
09:49:21,37.9674,100,
09:49:22,38,390,
09:49:22,37.9999,900,
09:49:23,37.98,100,
09:49:24,37.999,100,
09:49:25,37.993,300,
09:49:25,38,100,
09:49:25,38,100,
09:49:26,37.989,100,
09:49:27,37.989,100,
09:49:27,38.01,200,
09:49:27,38.0198,100,
09:49:27,38.0198,100,
09:49:28,38.02,200,
09:49:28,38.04,100,
09:49:28,37.989,100,
09:49:28,38.04,100,
09:49:28,38.05,100,
09:49:28,38.04,100,
09:49:28,38.04,100,
09:49:29,38.06,100,
09:49:29,38.06,100,
09:49:30,38.058,400,
09:49:30,38.0588,100,
09:49:30,38.059,300,
09:49:30,38.059,100,
09:49:31,38.06,500,
09:49:31,38.0599,900,
09:49:31,38.069,100,
09:49:33,38.05,100,
09:49:34,38.0436,100,
09:49:34,38.021,750,
09:49:35,38.045,2500,
09:49:36,38.0399,100,
09:49:37,38.041,1560,
09:49:38,38.02,600,
09:49:41,38.0381,100,
09:49:41,38.039,200,
09:49:41,38.04,500,
09:49:42,38.02,100,
09:49:42,38.09,100,
09:49:42,38.10,300,
09:49:42,38.08,100,
09:49:42,38.09,100,
09:49:42,38.11,190,
09:49:43,38.13,100,
09:49:43,38.13,100,
09:49:44,38.1401,300,
09:49:44,38.15,100,
09:49:44,38.15,100,
09:49:44,38.16,100,
09:49:44,38.14,100,
09:49:44,38.14,100,
09:49:45,38.14,100,
09:49:46,38.1384,300,
09:49:46,38.11,100,
09:49:46,38.11,100,
09:49:46,38.1272,1560,
09:49:47,38.10,100,
09:49:47,38.10,100,
09:49:47,38.10,100,
09:49:47,38.1001,1300,
09:49:47,38.11,100,
09:49:50,38.053,300,
09:49:51,38.06,5000,
09:49:51,38.07,100,
09:49:52,38.07,100,
09:49:52,38.08,100,
09:49:52,38.08,100,
09:49:52,38.08,100,
09:49:52,38.09,100,
09:49:52,38.09,100,
09:49:52,38.09,100,
09:49:53,38.08,100,
09:49:53,38.0799,500,
09:49:55,38.092,1018,
09:49:56,38.11,100,
09:49:56,38.12,100,
09:49:56,38.12,100,
09:49:56,38.1298,2000,
09:49:57,38.09,1200,
09:49:58,38.15,100,
09:49:58,38.149,1420,
09:50:01,38.156,300,
09:50:03,38.1438,300,
09:50:06,38.1228,100,
09:50:06,38.121,100,
09:50:06,38.1312,1000,
09:50:07,38.12,4200,
09:50:07,38.12,500,
09:50:08,38.13,200,
09:50:09,38.149,2200,
09:50:09,38.11,100,
09:50:09,38.1003,200,
09:50:09,38.101,1000,
09:50:10,38.14,100,
09:50:10,38.1399,800,
09:50:10,38.10,5500,
09:50:12,38.1328,1000,
09:50:12,38.13,100,
09:50:12,38.12,100,
09:50:13,38.1101,1000,
09:50:13,38.13,275,
09:50:14,38.12,250,
09:50:14,38.12,100,
09:50:15,38.1212,500,
09:50:16,38.12,100,
09:50:18,38.11,100,
09:50:19,38.1198,1000,
09:50:20,38.10,200,
09:50:20,38.10,100,
09:50:20,38.1001,1560,
09:50:22,38.12,160,
09:50:23,38.14,100,
09:50:23,38.14,100,
09:50:23,38.13,100,
09:50:23,38.13,100,
09:50:24,38.16,100,
09:50:24,38.15,100,
09:50:24,38.15,100,
09:50:24,38.15,100,
09:50:24,38.15,100,
09:50:24,38.15,200,
09:50:24,38.15,100,
09:50:24,38.15,100,
09:50:24,38.14,100,
09:50:25,38.126,200,
09:50:27,38.151,500,
09:50:29,38.15,100,
09:50:30,38.14,500,
09:50:30,38.15,100,
09:50:32,38.14,100,
09:50:32,38.14,300,
09:50:33,38.12,100,
09:50:33,38.12,100,
09:50:33,38.119,100,
09:50:33,38.13,100,
09:50:33,38.13,100,
09:50:33,38.14,100,
09:50:34,38.13,4000,
09:50:34,38.13,1400,
09:50:35,38.1217,100,
09:50:35,38.1212,200,
09:50:35,38.121,700,
09:50:35,38.11,100,
09:50:36,38.119,100,
09:50:36,38.119,100,
09:50:36,38.111,100,
09:50:37,38.1228,1000,
09:50:37,38.111,100,
09:50:38,38.13,100,
09:50:38,38.12,100,
09:50:39,38.14,100,
09:50:40,38.141,800,
09:50:40,38.141,800,
09:50:42,38.1302,100,
09:50:42,38.1302,200,
09:50:43,38.1595,100,
09:50:43,38.16,240,
09:50:43,38.13,100,
09:50:43,38.14,500,
09:50:43,38.13,100,
09:50:43,38.139,100,
09:50:44,38.1399,300,
09:50:44,38.1356,1000,
09:50:45,38.1219,100,
09:50:45,38.1216,200,
09:50:45,38.121,600,
09:50:45,38.1278,100,
09:50:48,38.13,150,
09:50:49,38.10,500,
09:50:50,38.0995,500,
09:50:51,38.05,100,
09:50:51,38.05,100,
09:50:51,38.06,100,
09:50:52,38.02,100,
09:50:52,38.021,1200,
09:50:52,38.021,1000,
09:50:54,38.04,100,
09:50:54,38.03,100,
09:50:54,38.05,100,
09:50:55,38.04,2000,
09:50:56,38.03,300,
09:50:57,38.04,100,
09:50:57,38.0307,200,
09:50:57,38.0356,1000,
09:50:57,38.031,2000,
09:50:59,38.0302,200,
09:50:59,38.031,1300,
09:51:00,38.031,300,
09:51:02,38.0199,200,
09:51:03,38.0248,500,
09:51:04,38.028,500,
09:51:06,38.0008,200,
09:51:06,38.001,1900,
09:51:07,38.008,500,
09:51:07,38.036,200,
09:51:07,38.02,100,
09:51:09,38.005,100,
09:51:09,37.98,1000,
09:51:11,37.9528,1000,
09:51:13,37.99,100,
09:51:14,37.981,700,
09:51:14,37.981,800,
09:51:16,37.97,261,
09:51:16,37.97,100,
09:51:16,37.97,200,
09:51:16,37.95,100,
09:51:17,37.95,100,
09:51:17,37.96,100,
09:51:17,37.96,100,
09:51:17,37.98,100,
09:51:18,37.951,100,
09:51:19,37.95,100,
09:51:19,37.95,100,
09:51:19,37.95,100,
09:51:21,37.941,200,
09:51:21,37.941,300,
09:51:21,37.9598,1000,
09:51:23,37.94,100,
09:51:23,37.94,100,
09:51:23,37.94,100,
09:51:23,37.94,100,
09:51:23,37.93,100,
09:51:23,37.92,100,
09:51:23,37.92,400,
09:51:23,37.92,100,
09:51:23,37.92,100,
09:51:23,37.93,300,
09:51:23,37.931,100,
09:51:24,37.9416,210,
09:51:30,37.949,100,
09:51:33,37.94,100,
09:51:33,37.92,100,
09:51:34,37.9272,1000,
09:51:36,37.92,102,
09:51:38,37.90,600,
09:51:39,37.891,100,
09:51:39,37.91,100,
09:51:42,37.90,100,
09:51:42,37.90,300,
09:51:42,37.88,100,
09:51:44,37.8532,125,
09:51:45,37.87,100,
09:51:46,37.8716,450,
09:51:48,37.871,1300,
09:51:48,37.871,1200,
09:51:50,37.881,1000,
09:51:57,37.91,100,
09:51:58,37.92,100,
09:51:58,37.92,100,
09:52:03,37.93,200,
09:52:03,37.94,500,
09:52:03,37.9299,400,
09:52:03,37.96,3300,
09:52:03,37.95,100,
09:52:04,37.98,100,
09:52:04,37.9799,100,
09:52:09,37.977,200,
09:52:16,37.92,100,
09:52:16,37.92,200,
09:52:16,37.91,100,
09:52:16,37.91,100,
09:52:16,37.89,100,
09:52:16,37.88,100,
09:52:16,37.88,100,
09:52:16,37.88,100,
09:52:16,37.88,100,
09:52:16,37.87,100,
09:52:19,37.871,200,
09:52:21,37.88,100,
09:52:25,37.87,100,
09:52:27,37.87,100,
09:52:28,37.88,100,
09:52:28,37.88,100,
09:52:29,37.853,300,
09:52:30,37.92,100,
09:52:30,37.91,200,
09:52:30,37.92,200,
09:52:30,37.94,100,
09:52:31,37.9317,100,
09:52:31,37.931,600,
09:52:31,37.92,100,
09:52:31,37.92,100,
09:52:31,37.90,100,
09:52:31,37.91,100,
09:52:31,37.91,100,
09:52:31,37.91,100,
09:52:32,37.92,100,
09:52:33,37.93,200,
09:52:37,37.93,200,
09:52:37,37.93,100,
09:52:37,37.93,100,
09:52:41,37.91,200,
09:52:52,37.86,100,
09:52:53,37.85,100,
09:52:58,37.8428,100,
09:52:58,37.841,500,
09:52:58,37.841,300,
09:53:02,37.8299,200,
09:53:08,37.8212,100,
09:53:08,37.821,400,
09:53:08,37.821,300,
09:53:10,37.82,100,
09:53:12,37.84,100,
09:53:13,37.84,100,
09:53:14,37.8498,100,
09:53:15,37.88,100,
09:53:15,37.88,100,
09:53:20,37.8899,700,
09:53:21,37.87,100,
09:53:21,37.88,100,
09:53:21,37.88,100,
09:53:21,37.86,300,
09:53:21,37.86,200,
09:53:21,37.86,100,
09:53:21,37.86,100,
09:53:21,37.86,100,
09:53:21,37.85,100,
09:53:21,37.85,100,
09:53:21,37.83,100,
09:53:21,37.83,100,
09:53:21,37.83,100,
09:53:21,37.84,100,
09:53:21,37.84,200,
09:53:22,37.84,100,
09:53:24,37.8099,200,
09:53:24,37.79,300,
09:53:24,37.771,1400,
09:53:24,37.771,1500,
09:53:26,37.77,100,
09:53:26,37.76,400,
09:53:26,37.78,100,
09:53:26,37.78,100,
09:53:26,37.78,100,
09:53:29,37.807,100,
09:53:30,37.8102,2000,
09:53:31,37.81,100,
09:53:31,37.82,100,
09:53:31,37.82,100,
09:53:31,37.82,100,
09:53:32,37.84,100,
09:53:32,37.83,100,
09:53:32,37.83,100,
09:53:32,37.83,100,
09:53:33,37.7837,100,
09:53:37,37.761,100,
09:53:39,37.76,900,
09:53:39,37.76,100,
09:53:39,37.75,100,
09:53:39,37.75,318,
09:53:41,37.75,200,
09:53:41,37.72,100,
09:53:41,37.72,100,
09:53:41,37.72,100,
09:53:42,37.71,6400,
09:53:43,37.72,100,
09:53:44,37.74,2000,
09:53:47,37.74,100,
09:53:47,37.74,100,
09:53:47,37.70,500,
09:53:48,37.7098,2500,
09:53:52,37.691,100,
09:53:52,37.691,100,
09:53:52,37.691,200,
09:53:54,37.6916,500,
09:53:57,37.72,100,
09:53:57,37.7201,700,
09:54:02,37.71,100,
09:54:03,37.719,100,
09:54:04,37.71,200,
09:54:04,37.71,100,
09:54:05,37.71,100,
09:54:05,37.72,200,
09:54:06,37.72,100,
09:54:11,37.73,100,
09:54:11,37.73,100,
09:54:12,37.75,100,
09:54:12,37.77,500,
09:54:13,37.7901,484,
09:54:13,37.79,100,
09:54:13,37.79,100,
09:54:13,37.79,100,
09:54:17,37.81,100,
09:54:18,37.817,182,
09:54:19,37.83,100,
09:54:19,37.83,200,
09:54:20,37.82,100,
09:54:23,37.8145,100,
09:54:23,37.82,20000,
09:54:25,37.811,100,
09:54:25,37.82,100,
09:54:27,37.817,350,
09:54:28,37.81,100,
09:54:31,37.79,100,
09:54:32,37.791,100,
09:54:36,37.83,100,
09:54:36,37.86,100,
09:54:38,37.88,200,
09:54:38,37.88,200,
09:54:38,37.86,100,
09:54:41,37.86,175,
09:54:42,37.859,300,
09:54:45,37.89,500,
09:54:45,37.89,200,
09:54:45,37.91,100,
09:54:45,37.90,200,
09:54:46,37.91,100,
09:54:46,37.90,100,
09:54:47,37.88,100,
09:54:49,37.8999,300,
09:54:50,37.88,200,
09:54:52,37.88,100,
09:54:52,37.8799,100,
09:54:54,37.877,1000,
09:54:55,37.86,200,
09:54:55,37.87,100,
09:54:55,37.87,100,
09:54:55,37.87,100,
09:54:55,37.87,100,
09:54:55,37.88,300,
09:54:55,37.88,100,
09:54:55,37.88,300,
09:54:57,37.89,100,
09:54:57,37.86,100,
09:55:00,37.89,100,
09:55:00,37.87,100,
09:55:01,37.85,200,
09:55:02,37.85,100,
09:55:03,37.86,100,
09:55:03,37.85,100,
09:55:03,37.85,100,
09:55:03,37.85,100,
09:55:03,37.86,200,
09:55:03,37.84,100,
09:55:03,37.84,100,
09:55:03,37.84,100,
09:55:03,37.84,100,
09:55:09,37.843,500,
09:55:14,37.87,100,
09:55:16,37.8736,125,
09:55:22,37.88,100,
09:55:25,37.9012,1000,
09:55:25,37.9001,500,
09:55:27,37.9068,500,
09:55:29,37.9101,600,
09:55:31,37.8599,395,
09:55:32,37.859,100,
09:55:32,37.917,100,
09:55:34,37.87,100,
09:55:35,37.8899,100,
09:55:35,37.91,100,
09:55:35,37.91,300,
09:55:38,37.91,100,
09:55:38,37.9099,200,
09:55:43,37.879,100,
09:55:45,37.94,100,
09:55:45,37.879,400,
09:55:47,37.89,100,
09:55:48,37.92,100,
09:55:55,37.89,100,
09:55:58,37.88,200,
09:55:59,37.86,100,
09:55:59,37.84,1000,
09:56:04,37.8499,500,
09:56:05,37.83,100,
09:56:07,37.85,200,
09:56:13,37.8012,200,
09:56:17,37.81,200,
09:56:17,37.78,100,
09:56:20,37.77,100,
09:56:20,37.75,100,
09:56:20,37.741,1100,
09:56:21,37.74,1900,
09:56:22,37.73,400,
09:56:25,37.72,100,
09:56:27,37.72,200,
09:56:28,37.74,100,
09:56:29,37.741,100,
09:56:29,37.75,100,
09:56:33,37.78,100,
09:56:34,37.73,100,
09:56:39,37.76,100,
09:56:42,37.76,100,
09:56:44,37.75,100,
09:56:45,37.74,100,
09:56:48,37.76,400,
09:56:53,37.74,100,
09:56:53,37.73,100,
09:56:54,37.74,904,
09:56:54,37.7052,150,
09:56:54,37.739,100,
09:56:56,37.71,200,
09:56:58,37.70,100,
09:56:58,37.70,200,
09:57:01,37.709,1000,
09:57:03,37.729,300,
09:57:05,37.70,100,
09:57:05,37.70,200,
09:57:05,37.70,200,
09:57:05,37.70,200,
09:57:05,37.69,100,
09:57:05,37.68,655,
09:57:13,37.7001,1200,
09:57:19,37.704,100,
09:57:24,37.7099,500,
09:57:38,37.66,100,
09:57:39,37.66,100,
09:57:39,37.674,200,
09:57:39,37.65,200,
09:57:40,37.66,300,
09:57:40,37.66,100,
09:57:42,37.669,2000,
09:57:45,37.6532,100,
09:57:51,37.673,100,
09:57:52,37.71,100,
09:57:52,37.71,100,
09:57:53,37.7199,900,
09:57:53,37.7199,900,
09:57:54,37.693,200,
09:57:56,37.73,100,
09:57:56,37.7228,800,
09:57:57,37.729,400,
09:57:57,37.71,200,
09:57:57,37.729,4800,
09:57:59,37.73,100,
09:58:00,37.723,100,
09:58:04,37.72,100,
09:58:04,37.7202,1800,
09:58:05,37.70,100,
09:58:07,37.73,200,
09:58:09,37.7368,500,
09:58:12,37.724,500,
09:58:19,37.75,100,
09:58:22,37.74,100,
09:58:22,37.74,100,
09:58:22,37.75,100,
09:58:22,37.75,300,
09:58:28,37.81,100,
09:58:31,37.7598,2500,
09:58:33,37.7637,200,
09:58:33,37.75,100,
09:58:37,37.78,100,
09:58:39,37.79,1000,
09:58:43,37.80,100,
09:58:47,37.841,100,
09:58:48,37.841,3200,
09:58:48,37.841,100,
09:58:49,37.841,100,
09:58:51,37.8772,1000,
09:58:54,37.85,100,
09:58:55,37.87,100,
09:58:57,37.87,200,
09:59:00,37.8812,1000,
09:59:02,37.8805,1500,
09:59:04,37.8805,100,
09:59:04,37.87,100,
09:59:04,37.8728,940,
09:59:06,37.86,100,
09:59:08,37.88,100,
09:59:09,37.89,100,
09:59:09,37.8899,1900,
09:59:09,37.8899,800,
09:59:10,37.9012,300,
09:59:18,37.95,100,
09:59:23,37.96,100,
09:59:26,37.98,100,
09:59:31,38,100,
09:59:31,38,400,
09:59:32,38.01,100,
09:59:32,38.01,300,
09:59:32,38.01,100,
09:59:32,38.01,100,
09:59:32,38.03,400,
09:59:32,38.04,400,
09:59:32,38.05,300,
09:59:32,38.04,100,
09:59:32,38.04,100,
09:59:32,38.04,100,
09:59:34,37.987,400,
09:59:34,38.04,100,
09:59:37,38.029,200,
09:59:37,38.029,300,
09:59:39,38.0385,100,
09:59:40,38.029,300,
09:59:41,38.04,1000,
09:59:41,38.04,100,
09:59:43,38.029,700,
09:59:43,38.03,2900,
09:59:44,38.03,100,
09:59:47,38.01,100,
09:59:48,38.021,200,
09:59:48,38.021,100,
09:59:49,38.02,100,
09:59:50,38.05,100,
09:59:50,38.05,100,
09:59:50,38.05,100,
09:59:50,38.06,100,
09:59:50,38.07,200,
09:59:50,38.07,100,
09:59:50,38.07,100,
09:59:52,38.07,100,
09:59:55,38.097,200,
09:59:57,38.10,100,
09:59:57,38.08,100,
09:59:58,38.11,100,
10:00:01,38.11,100,
10:00:04,38.111,1000,
10:00:06,38.0801,100,
10:00:07,38.093,300,
10:00:07,38.11,100,
10:00:07,38.1101,100,
10:00:07,38.1101,100,
10:00:07,38.10,860,
10:00:07,38.1001,300,
10:00:08,38.1101,400,
10:00:08,38.111,100,
10:00:09,38.11,800,
10:00:10,38.10,100,
10:00:10,38.10,100,
10:00:13,38.107,1500,
10:00:13,38.17,100,
10:00:14,38.1602,100,
10:00:14,38.1584,250,
10:00:16,38.15,100,
10:00:18,38.1501,200,
10:00:18,38.14,180,
10:00:19,38.156,300,
10:00:20,38.12,100,
10:00:21,38.127,400,
10:00:21,38.1062,1000,
10:00:22,38.11,500,
10:00:24,38.1212,1000,
10:00:28,38.121,1000,
10:00:28,38.15,100,
10:00:28,38.15,300,
10:00:28,38.138,250,
10:00:32,38.12,100,
10:00:32,38.111,100,
10:00:34,38.123,400,
10:00:34,38.127,600,
10:00:36,38.10,100,
10:00:37,38.0869,100,
10:00:39,38.03,200,
10:00:40,38.03,100,
10:00:42,38.0244,100,
10:00:42,38.0228,500,
10:00:43,38,100,
10:00:44,38,225,
10:00:47,37.9932,100,
10:00:49,38,400,
10:00:49,38.01,200,
10:00:49,38.006,1000,
10:00:50,38.0001,100,
10:00:50,37.99,3400,
10:00:53,37.9699,1200,
10:00:55,37.953,400,
10:00:55,37.971,100,
10:01:02,37.9601,200,
10:01:02,37.96,100,
10:01:02,37.96,100,
10:01:03,37.931,600,
10:01:03,37.90,100,
10:01:03,37.91,200,
10:01:04,37.93,3000,
10:01:05,37.87,100,
10:01:05,37.88,300,
10:01:06,37.8708,100,
10:01:08,37.86,100,
10:01:09,37.831,300,
10:01:09,37.831,200,
10:01:12,37.8402,750,
10:01:13,37.89,100,
10:01:16,37.92,100,
10:01:16,37.92,100,
10:01:17,37.94,100,
10:01:17,37.93,100,
10:01:19,37.93,265,
10:01:21,37.93,100,
10:01:25,37.95,100,
10:01:27,37.94,100,
10:01:27,37.94,100,
10:01:30,37.90,100,
10:01:31,37.91,100,
10:01:35,37.94,100,
10:01:35,37.94,100,
10:01:35,37.94,100,
10:01:37,37.957,100,
10:01:38,37.89,100,
10:01:38,37.89,100,
10:01:44,37.96,100,
10:01:51,37.95,100,
10:02:00,37.88,100,
10:02:01,37.88,100,
10:02:06,37.8863,350,
10:02:07,37.887,300,
10:02:08,37.8799,100,
10:02:10,37.90,200,
10:02:12,37.91,300,
10:02:12,37.92,200,
10:02:12,37.93,100,
10:02:12,37.94,100,
10:02:12,37.939,100,
10:02:12,37.96,200,
10:02:13,37.95,100,
10:02:13,37.898,150,
10:02:14,37.95,100,
10:02:15,37.92,100,
10:02:17,37.96,100,
10:02:18,37.92,100,
10:02:22,37.9572,900,
10:02:23,37.96,100,
10:02:25,37.93,100,
10:02:31,37.911,500,
10:02:32,37.88,100,
10:02:35,37.90,100,
10:02:44,37.88,200,
10:02:45,37.87,100,
10:02:46,37.84,100,
10:02:46,37.84,100,
10:02:47,37.85,100,
10:02:48,37.83,100,
10:02:49,37.8499,200,
10:02:49,37.87,150,
10:02:52,37.8799,1500,
10:02:52,37.86,100,
10:02:53,37.80,300,
10:02:54,37.84,100,
10:02:58,37.847,800,
10:03:00,37.83,100,
10:03:04,37.85,400,
10:03:04,37.867,100,
10:03:07,37.84,100,
10:03:11,37.85,300,
10:03:13,37.85,200,
10:03:13,37.84,100,
10:03:13,37.85,100,
10:03:13,37.86,100,
10:03:13,37.86,100,
10:03:13,37.87,100,
10:03:16,37.90,100,
10:03:16,37.90,100,
10:03:16,37.879,2000,
10:03:18,37.92,100,
10:03:18,37.92,100,
10:03:19,37.91,150,
10:03:19,37.921,100,
10:03:25,37.9505,200,
10:03:26,37.959,700,
10:03:27,37.9572,900,
10:03:29,37.94,100,
10:03:29,37.94,100,
10:03:29,37.93,200,
10:03:30,37.93,3200,
10:03:33,37.97,200,
10:03:34,37.98,100,
10:03:34,37.99,100,
10:03:34,37.98,100,
10:03:34,37.98,100,
10:03:35,37.96,200,
10:03:35,37.97,100,
10:03:35,37.97,100,
10:03:36,37.98,100,
10:03:37,37.962,393,
10:03:39,37.94,100,
10:03:40,37.94,100,
10:03:42,37.93,600,
10:03:42,37.93,992,
10:03:42,37.94,200,
10:03:42,37.94,100,
10:03:42,37.95,100,
10:03:46,37.95,100,
10:03:48,37.93,4000,
10:03:48,37.93,650,
10:03:50,37.93,1100,
10:03:50,37.93,2108,
10:03:50,37.93,200,
10:03:50,37.92,100,
10:03:59,37.88,100,
10:04:00,37.88,100,
10:04:02,37.91,100,
10:04:03,37.88,1000,
10:04:08,37.8499,1700,
10:04:09,37.83,100,
10:04:09,37.83,283,
10:04:09,37.81,100,
10:04:10,37.81,100,
10:04:10,37.81,100,
10:04:10,37.82,100,
10:04:10,37.79,100,
10:04:11,37.78,100,
10:04:12,37.81,100,
10:04:12,37.81,100,
10:04:12,37.79,100,
10:04:13,37.77,5000,
10:04:25,37.84,200,
10:04:26,37.81,100,
10:04:27,37.79,100,
10:04:27,37.78,100,
10:04:27,37.79,500,
10:04:27,37.79,100,
10:04:28,37.7972,700,
10:04:29,37.78,100,
10:04:30,37.74,100,
10:04:31,37.77,100,
10:04:34,37.7399,100,
10:04:34,37.7399,100,
10:04:34,37.74,100,
10:04:34,37.73,600,
10:04:34,37.73,400,
10:04:34,37.73,100,
10:04:34,37.73,200,
10:04:37,37.753,200,
10:04:39,37.77,100,
10:04:40,37.78,200,
10:04:43,37.796,200,
10:04:46,37.80,100,
10:04:50,37.78,300,
10:04:50,37.78,100,
10:04:50,37.78,100,
10:04:50,37.78,100,
10:04:50,37.79,100,
10:04:50,37.79,100,
10:04:50,37.78,100,
10:04:50,37.77,100,
10:04:50,37.75,100,
10:04:50,37.72,100,
10:04:50,37.72,100,
10:04:50,37.77,100,
10:04:50,37.79,100,
10:04:50,37.77,100,
10:04:50,37.7377,4000,
10:04:53,37.7332,100,
10:04:53,37.72,100,
10:04:55,37.70,100,
10:04:57,37.7274,100,
10:04:58,37.74,2800,
10:04:58,37.74,100,
10:04:58,37.71,100,
10:05:01,37.72,100,
10:05:01,37.72,200,
10:05:01,37.719,600,
10:05:01,37.719,400,
10:05:03,37.7399,1000,
10:05:04,37.73,200,
10:05:04,37.72,200,
10:05:04,37.72,200,
10:05:04,37.72,200,
10:05:04,37.72,200,
10:05:04,37.747,400,
10:05:05,37.72,100,
10:05:05,37.72,200,
10:05:05,37.72,500,
10:05:05,37.72,400,
10:05:05,37.72,100,
10:05:05,37.72,1200,
10:05:07,37.72,1000,
10:05:09,37.72,100,
10:05:09,37.72,300,
10:05:09,37.72,100,
10:05:10,37.736,300,
10:05:12,37.72,100,
10:05:13,37.729,100,
10:05:14,37.729,100,
10:05:17,37.74,100,
10:05:20,37.76,100,
10:05:20,37.77,212,
10:05:20,37.789,100,
10:05:20,37.789,1300,
10:05:20,37.769,100,
10:05:22,37.80,200,
10:05:25,37.82,400,
10:05:25,37.81,100,
10:05:29,37.78,700,
10:05:32,37.77,100,
10:05:32,37.77,100,
10:05:35,37.78,100,
10:05:35,37.77,200,
10:05:39,37.75,100,
10:05:42,37.76,100,
10:05:47,37.7998,100,
10:05:54,37.77,100,
10:05:54,37.75,100,
10:05:55,37.74,100,
10:05:55,37.74,100,
10:05:56,37.7499,300,
10:06:01,37.7199,3000,
10:06:01,37.71,500,
10:06:03,37.7111,100,
10:06:03,37.711,200,
10:06:05,37.70,500,
10:06:06,37.7199,500,
10:06:07,37.7025,1925,
10:06:07,37.70,400,
10:06:08,37.70,200,
10:06:08,37.6899,400,
10:06:09,37.68,100,
10:06:09,37.68,200,
10:06:09,37.67,100,
10:06:09,37.67,200,
10:06:10,37.66,6400,
10:06:11,37.663,400,
10:06:12,37.65,500,
10:06:14,37.62,100,
10:06:14,37.62,200,
10:06:14,37.62,100,
10:06:14,37.6125,5000,
10:06:15,37.6034,100,
10:06:15,37.601,1000,
10:06:17,37.60,4200,
10:06:18,37.60,100,
10:06:18,37.60,100,
10:06:18,37.60,100,
10:06:18,37.59,100,
10:06:18,37.59,100,
10:06:18,37.588,100,
10:06:19,37.59,100,
10:06:19,37.58,700,
10:06:19,37.58,200,
10:06:20,37.58,10840,
10:06:20,37.58,1500,
10:06:22,37.55,100,
10:06:22,37.541,400,
10:06:23,37.541,300,
10:06:23,37.54,100,
10:06:23,37.54,100,
10:06:25,37.56,100,
10:06:25,37.5699,200,
10:06:25,37.5632,400,
10:06:26,37.531,300,
10:06:29,37.571,150,
10:06:34,37.58,100,
10:06:34,37.59,100,
10:06:38,37.576,100,
10:06:38,37.57,750,
10:06:40,37.59,200,
10:06:40,37.60,100,
10:06:40,37.62,100,
10:06:41,37.63,300,
10:06:41,37.639,4700,
10:06:44,37.62,100,
10:06:44,37.62,100,
10:06:46,37.589,200,
10:06:46,37.5899,100,
10:06:49,37.5984,500,
10:06:52,37.60,2000,
10:06:52,37.61,100,
10:06:52,37.61,100,
10:06:52,37.61,100,
10:06:55,37.62,200,
10:06:56,37.618,700,
10:06:56,37.63,100,
10:06:56,37.63,100,
10:06:57,37.6201,900,
10:06:57,37.6246,100,
10:07:00,37.68,100,
10:07:03,37.6612,530,
10:07:04,37.65,200,
10:07:04,37.65,100,
10:07:04,37.65,100,
10:07:04,37.64,100,
10:07:05,37.6301,100,
10:07:05,37.62,100,
10:07:05,37.6201,200,
10:07:05,37.63,100,
10:07:05,37.6399,100,
10:07:06,37.65,100,
10:07:08,37.63,200,
10:07:10,37.6099,200,
10:07:10,37.61,100,
10:07:15,37.58,100,
10:07:15,37.58,100,
10:07:17,37.61,100,
10:07:19,37.61,100,
10:07:19,37.6099,500,
10:07:20,37.60,200,
10:07:32,37.58,100,
10:07:33,37.54,100,
10:07:33,37.53,100,
10:07:35,37.557,500,
10:07:38,37.55,100,
10:07:38,37.56,100,
10:07:38,37.55,200,
10:07:38,37.54,100,
10:07:38,37.55,200,
10:07:38,37.55,100,
10:07:38,37.55,100,
10:07:38,37.54,100,
10:07:39,37.51,100,
10:07:39,37.51,100,
10:07:39,37.5196,100,
10:07:40,37.50,200,
10:07:41,37.50,400,
10:07:42,37.51,100,
10:07:42,37.52,100,
10:07:42,37.52,100,
10:07:43,37.51,100,
10:07:43,37.51,500,
10:07:46,37.55,1000,
10:07:46,37.534,300,
10:07:48,37.54,100,
10:07:53,37.5305,100,
10:07:54,37.55,200,
10:07:54,37.55,400,
10:07:54,37.55,500,
10:07:54,37.55,100,
10:07:56,37.569,3000,
10:07:57,37.5847,100,
10:07:57,37.5801,100,
10:07:59,37.57,100,
10:08:00,37.57,100,
10:08:01,37.5802,200,
10:08:01,37.5802,310,
10:08:02,37.5799,1100,
10:08:06,37.5968,400,
10:08:06,37.60,300,
10:08:07,37.6054,100,
10:08:09,37.5801,100,
10:08:09,37.58,100,
10:08:10,37.58,100,
10:08:10,37.59,200,
10:08:10,37.59,100,
10:08:10,37.60,200,
10:08:10,37.60,300,
10:08:10,37.60,100,
10:08:10,37.60,100,
10:08:10,37.60,100,
10:08:10,37.60,100,
10:08:10,37.59,200,
10:08:10,37.59,100,
10:08:10,37.60,100,
10:08:12,37.62,100,
10:08:12,37.62,100,
10:08:12,37.6199,500,
10:08:16,37.65,100,
10:08:16,37.65,100,
10:08:16,37.65,300,
10:08:17,37.67,100,
10:08:17,37.67,100,
10:08:18,37.67,2200,
10:08:19,37.6499,200,
10:08:21,37.6199,400,
10:08:24,37.6168,300,
10:08:24,37.59,100,
10:08:24,37.5901,100,
10:08:24,37.5901,100,
10:08:26,37.58,100,
10:08:26,37.57,100,
10:08:28,37.56,100,
10:08:28,37.5741,100,
10:08:31,37.57,100,
10:08:31,37.5799,1000,
10:08:32,37.56,100,
10:08:32,37.56,100,
10:08:33,37.55,100,
10:08:35,37.57,100,
10:08:37,37.60,100,
10:08:41,37.6001,133,
10:08:44,37.59,100,
10:08:47,37.58,100,
10:08:48,37.58,200,
10:08:50,37.569,100,
10:08:50,37.567,300,
10:08:53,37.589,6000,
10:08:55,37.60,700,
10:08:58,37.60,1000,
10:08:59,37.6299,1100,
10:09:00,37.6201,200,
10:09:00,37.61,100,
10:09:00,37.6125,1100,
10:09:06,37.61,100,
10:09:06,37.61,200,
10:09:07,37.5832,150,
10:09:07,37.58,100,
10:09:07,37.58,100,
10:09:08,37.59,100,
10:09:09,37.58,100,
10:09:09,37.58,100,
10:09:13,37.55,400,
10:09:14,37.5556,1100,
10:09:14,37.559,100,
10:09:14,37.55,100,
10:09:14,37.559,400,
10:09:15,37.559,100,
10:09:17,37.55,100,
10:09:17,37.53,1000,
10:09:17,37.54,200,
10:09:17,37.54,100,
10:09:18,37.5365,100,
10:09:18,37.5344,500,
10:09:21,37.538,100,
10:09:27,37.53,100,
10:09:27,37.53,100,
10:09:29,37.522,200,
10:09:39,37.576,350,
10:09:39,37.5701,300,
10:09:39,37.56,100,
10:09:39,37.55,100,
10:09:39,37.55,100,
10:09:42,37.55,193,
10:09:47,37.54,100,
10:09:50,37.54,100,
10:09:51,37.53,100,
10:10:01,37.54,200,
10:10:01,37.51,100,
10:10:01,37.52,100,
10:10:02,37.5148,100,
10:10:05,37.50,300,
10:10:05,37.50,300,
10:10:05,37.50,200,
10:10:05,37.50,300,
10:10:05,37.51,100,
10:10:06,37.55,300,
10:10:08,37.553,400,
10:10:10,37.59,100,
10:10:11,37.61,100,
10:10:11,37.6095,1600,
10:10:11,37.6101,300,
10:10:15,37.5968,200,
10:10:15,37.59,200,
10:10:15,37.58,100,
10:10:18,37.58,200,
10:10:18,37.58,100,
10:10:18,37.57,100,
10:10:18,37.57,100,
10:10:19,37.57,100,
10:10:20,37.58,1000,
10:10:20,37.5774,100,
10:10:21,37.579,200,
10:10:21,37.58,100,
10:10:21,37.569,1000,
10:10:22,37.57,200,
10:10:24,37.5884,100,
10:10:25,37.5788,500,
10:10:26,37.59,100,
10:10:29,37.60,100,
10:10:29,37.60,100,
10:10:29,37.59,100,
10:10:29,37.58,100,
10:10:29,37.60,100,
10:10:29,37.60,100,
10:10:33,37.60,400,
10:10:33,37.609,100,
10:10:33,37.609,100,
10:10:35,37.619,500,
10:10:35,37.63,500,
10:10:37,37.619,100,
10:10:38,37.63,2500,
10:10:39,37.618,300,
10:10:39,37.59,100,
10:10:40,37.5701,100,
10:10:41,37.5716,228,
10:11:00,37.63,300,
10:11:04,37.6101,100,
10:11:05,37.60,200,
10:11:06,37.59,200,
10:11:07,37.569,100,
10:11:08,37.57,500,
10:11:09,37.57,1000,
10:11:13,37.57,100,
10:11:16,37.58,100,
10:11:16,37.5799,200,
10:11:17,37.59,100,
10:11:17,37.58,100,
10:11:18,37.577,200,
10:11:21,37.5864,120,
10:11:23,37.59,100,
10:11:24,37.59,100,
10:11:29,37.599,100,
10:11:32,37.64,100,
10:11:33,37.64,200,
10:11:33,37.64,200,
10:11:33,37.6399,1000,
10:11:33,37.64,100,
10:11:33,37.64,800,
10:11:33,37.6399,800,
10:11:34,37.6399,100,
10:11:35,37.646,100,
10:11:36,37.62,100,
10:11:36,37.62,100,
10:11:36,37.61,100,
10:11:36,37.5902,3000,
10:11:41,37.57,100,
10:11:45,37.56,100,
10:11:45,37.56,100,
10:11:45,37.5572,1000,
10:11:46,37.59,100,
10:11:46,37.59,100,
10:11:46,37.59,226,
10:11:47,37.61,100,
10:11:48,37.61,100,
10:11:48,37.61,100,
10:11:49,37.619,500,
10:11:49,37.619,500,
10:11:49,37.6039,100,
10:11:50,37.619,2500,
10:11:54,37.593,100,
10:11:56,37.61,100,
10:11:57,37.579,100,
10:11:59,37.579,175,
10:12:01,37.58,100,
10:12:01,37.59,100,
10:12:01,37.5899,300,
10:12:03,37.56,100,
10:12:03,37.56,100,
10:12:04,37.56,100,
10:12:07,37.58,100,
10:12:09,37.5988,600,
10:12:12,37.61,100,
10:12:12,37.61,100,
10:12:12,37.61,100,
10:12:13,37.6099,1700,
10:12:14,37.60,100,
10:12:14,37.60,100,
10:12:14,37.59,100,
10:12:14,37.59,100,
10:12:14,37.58,100,
10:12:15,37.56,100,
10:12:16,37.55,100,
10:12:18,37.56,100,
10:12:19,37.55,100,
10:12:19,37.55,100,
10:12:19,37.55,200,
10:12:19,37.54,100,
10:12:19,37.55,100,
10:12:19,37.52,100,
10:12:20,37.51,100,
10:12:20,37.50,100,
10:12:21,37.54,100,
10:12:22,37.55,100,
10:12:23,37.512,500,
10:12:24,37.5505,100,
10:12:26,37.5484,100,
10:12:28,37.551,100,
10:12:31,37.53,100,
10:12:34,37.50,500,
10:12:34,37.5001,4700,
10:12:34,37.50,800,
10:12:35,37.50,125,
10:12:35,37.49,100,
10:12:35,37.49,100,
10:12:35,37.48,100,
10:12:35,37.48,100,
10:12:35,37.47,26600,
10:12:36,37.47,100,
10:12:36,37.48,100,
10:12:36,37.47,1000,
10:12:37,37.47,100,
10:12:38,37.47,3500,
10:12:38,37.471,4000,
10:12:39,37.4712,290,
10:12:40,37.47,100,
10:12:40,37.45,100,
10:12:41,37.46,200,
10:12:41,37.463,192,
10:12:41,37.46,10600,
10:12:42,37.45,100,
10:12:42,37.45,200,
10:12:42,37.473,400,
10:12:45,37.4732,100,
10:12:45,37.471,150,
10:12:45,37.471,200,
10:12:46,37.485,4100,
10:12:46,37.471,100,
10:12:50,37.473,800,
10:12:52,37.4516,500,
10:12:53,37.44,100,
10:12:55,37.44,3000,
10:12:56,37.47,100,
10:12:56,37.47,100,
10:12:58,37.472,100,
10:12:59,37.442,150,
10:13:00,37.46,900,
10:13:03,37.479,300,
10:13:03,37.47,100,
10:13:03,37.4701,200,
10:13:03,37.47,100,
10:13:03,37.47,100,
10:13:03,37.47,300,
10:13:03,37.47,100,
10:13:03,37.47,300,
10:13:04,37.477,300,
10:13:04,37.50,200,
10:13:05,37.48,200,
10:13:05,37.481,1600,
10:13:05,37.481,1600,
10:13:05,37.499,1000,
10:13:05,37.499,1000,
10:13:06,37.50,100,
10:13:06,37.50,400,
10:13:06,37.48,200,
10:13:06,37.48,100,
10:13:06,37.47,658,
10:13:07,37.50,7000,
10:13:07,37.48,100,
10:13:07,37.48,2500,
10:13:09,37.49,100,
10:13:11,37.49,100,
10:13:13,37.4732,100,
10:13:15,37.459,1600,
10:13:20,37.4763,120,
10:13:21,37.48,100,
10:13:24,37.4699,1000,
10:13:29,37.48,100,
10:13:29,37.47,100,
10:13:29,37.47,100,
10:13:29,37.46,100,
10:13:29,37.45,100,
10:13:29,37.44,100,
10:13:29,37.44,100,
10:13:29,37.44,100,
10:13:30,37.42,100,
10:13:30,37.41,100,
10:13:32,37.43,100,
10:13:32,37.44,400,
10:13:32,37.44,300,
10:13:32,37.44,100,
10:13:32,37.43,100,
10:13:32,37.43,100,
10:13:32,37.41,100,
10:13:32,37.41,600,
10:13:32,37.40,315,
10:13:32,37.40,100,
10:13:32,37.40,300,
10:13:32,37.40,1000,
10:13:32,37.40,125,
10:13:32,37.40,100,
10:13:33,37.429,100,
10:13:33,37.40,141,
10:13:33,37.40,343,
10:13:33,37.40,100,
10:13:33,37.40,200,
10:13:33,37.40,200,
10:13:33,37.39,100,
10:13:33,37.38,200,
10:13:33,37.39,100,
10:13:33,37.39,100,
10:13:33,37.39,100,
10:13:33,37.40,100,
10:13:33,37.40,100,
10:13:33,37.40,100,
10:13:33,37.38,100,
10:13:33,37.38,800,
10:13:33,37.38,100,
10:13:33,37.38,100,
10:13:33,37.37,300,
10:13:33,37.38,100,
10:13:33,37.37,100,
10:13:33,37.37,200,
10:13:33,37.37,1000,
10:13:33,37.37,200,
10:13:34,37.37,700,
10:13:34,37.37,200,
10:13:34,37.40,100,
10:13:34,37.3795,500,
10:13:34,37.37,100,
10:13:34,37.3601,200,
10:13:34,37.36,100,
10:13:35,37.3799,100,
10:13:35,37.37,1800,
10:13:36,37.373,200,
10:13:37,37.373,300,
10:13:37,37.361,400,
10:13:38,37.361,300,
10:13:38,37.37,100,
10:13:38,37.371,4600,
10:13:38,37.3783,100,
10:13:39,37.37,1000,
10:13:39,37.371,100,
10:13:39,37.371,200,
10:13:40,37.371,100,
10:13:42,37.371,200,
10:13:42,37.37,100,
10:13:46,37.389,500,
10:13:46,37.42,100,
10:13:47,37.4199,100,
10:13:47,37.41,200,
10:13:47,37.4201,300,
10:13:49,37.47,100,
10:13:49,37.47,100,
10:13:49,37.47,100,
10:13:56,37.4828,500,
10:13:56,37.4601,500,
10:13:56,37.4516,300,
10:13:58,37.46,100,
10:13:59,37.468,200,
10:14:03,37.4867,300,
10:14:03,37.48,284,
10:14:03,37.4886,1000,
10:14:08,37.5025,3000,
10:14:09,37.52,1000,
10:14:09,37.52,100,
10:14:09,37.4986,100,
10:14:13,37.50,100,
10:14:14,37.5099,100,
10:14:17,37.49,100,
10:14:17,37.497,800,
10:14:20,37.49,100,
10:14:23,37.50,100,
10:14:23,37.48,100,
10:14:25,37.473,100,
10:14:25,37.49,100,
10:14:26,37.43,100,
10:14:26,37.43,100,
10:14:26,37.479,2000,
10:14:27,37.43,100,
10:14:27,37.44,100,
10:14:27,37.44,100,
10:14:29,37.44,100,
10:14:30,37.458,100,
10:14:33,37.47,200,
10:14:35,37.50,100,
10:14:35,37.50,337,
10:14:35,37.51,100,
10:14:37,37.51,200,
10:14:38,37.52,100,
10:14:39,37.52,100,
10:14:40,37.52,100,
10:14:40,37.52,100,
10:14:41,37.52,100,
10:14:43,37.52,100,
10:14:43,37.52,100,
10:14:48,37.54,250,
10:14:51,37.47,100,
10:14:51,37.49,100,
10:14:52,37.50,200,
10:14:52,37.50,100,
10:14:52,37.50,200,
10:14:52,37.50,1600,
10:14:54,37.50,1000,
10:14:56,37.50,200,
10:14:57,37.51,1000,
10:14:59,37.5005,300,
10:15:00,37.50,100,
10:15:00,37.50,300,
10:15:01,37.50,200,
10:15:01,37.50,200,
10:15:01,37.50,100,
10:15:03,37.473,500,
10:15:06,37.4728,600,
10:15:06,37.47,100,
10:15:06,37.4701,500,
10:15:07,37.49,100,
10:15:10,37.501,100,
10:15:11,37.49,200,
10:15:14,37.4825,2000,
10:15:17,37.4916,100,
10:15:19,37.479,100,
10:15:20,37.48,300,
10:15:23,37.4916,100,
10:15:31,37.53,100,
10:15:31,37.53,400,
10:15:31,37.53,100,
10:15:33,37.5101,100,
10:15:34,37.51,800,
10:15:35,37.56,100,
10:15:35,37.56,100,
10:15:35,37.57,400,
10:15:38,37.55,100,
10:15:39,37.56,100,
10:15:43,37.54,500,
10:15:45,37.57,100,
10:15:48,37.59,400,
10:15:48,37.60,400,
10:15:48,37.60,100,
10:15:48,37.60,100,
10:15:48,37.60,350,
10:15:49,37.553,500,
10:15:50,37.59,100,
10:15:50,37.5901,1000,
10:15:51,37.5956,1000,
10:15:52,37.58,100,
10:15:52,37.58,100,
10:15:54,37.5888,1000,
10:15:59,37.6201,200,
10:16:00,37.6225,3700,
10:16:01,37.63,100,
10:16:01,37.63,400,
10:16:01,37.64,400,
10:16:01,37.66,100,
10:16:01,37.66,400,
10:16:01,37.67,100,
10:16:01,37.68,100,
10:16:01,37.68,100,
10:16:01,37.66,100,
10:16:01,37.66,100,
10:16:03,37.70,200,
10:16:03,37.6999,200,
10:16:03,37.7016,200,
10:16:04,37.72,400,
10:16:04,37.73,100,
10:16:04,37.73,200,
10:16:05,37.72,100,
10:16:06,37.73,100,
10:16:06,37.72,700,
10:16:06,37.73,100,
10:16:07,37.7301,100,
10:16:11,37.715,2000,
10:16:16,37.75,1000,
10:16:16,37.77,100,
10:16:16,37.77,100,
10:16:16,37.76,1700,
10:16:17,37.78,100,
10:16:17,37.76,100,
10:16:17,37.76,100,
10:16:17,37.77,100,
10:16:19,37.76,100,
10:16:20,37.765,5000,
10:16:21,37.73,1200,
10:16:22,37.75,100,
10:16:22,37.75,100,
10:16:22,37.75,100,
10:16:22,37.77,150,
10:16:23,37.76,300,
10:16:23,37.7699,3000,
10:16:24,37.77,500,
10:16:27,37.769,100,
10:16:28,37.768,1400,
10:16:28,37.789,200,
10:16:29,37.787,1300,
10:16:31,37.76,345,
10:16:32,37.73,250,
10:16:32,37.7228,600,
10:16:33,37.73,200,
10:16:33,37.73,900,
10:16:33,37.7301,2900,
10:16:34,37.75,100,
10:16:34,37.76,200,
10:16:34,37.76,100,
10:16:34,37.76,100,
10:16:34,37.76,100,
10:16:34,37.76,100,
10:16:35,37.73,100,
10:16:35,37.72,100,
10:16:35,37.72,100,
10:16:35,37.72,100,
10:16:35,37.739,1000,
10:16:36,37.71,1200,
10:16:39,37.7001,1300,
10:16:39,37.70,100,
10:16:39,37.68,1200,
10:16:40,37.70,100,
10:16:40,37.709,300,
10:16:40,37.709,200,
10:16:47,37.7101,100,
10:16:47,37.72,350,
10:16:50,37.72,100,
10:16:51,37.73,100,
10:16:51,37.724,315,
10:16:51,37.7299,350,
10:16:51,37.74,3335,
10:16:51,37.71,100,
10:16:51,37.71,100,
10:16:51,37.71,100,
10:16:51,37.71,100,
10:16:51,37.72,100,
10:16:51,37.72,100,
10:16:51,37.72,100,
10:16:51,37.70,100,
10:16:51,37.70,200,
10:16:51,37.70,200,
10:16:51,37.70,200,
10:16:51,37.69,100,
10:16:51,37.70,100,
10:16:51,37.69,100,
10:16:52,37.69,100,
10:16:52,37.69,200,
10:16:52,37.69,100,
10:16:52,37.70,100,
10:16:52,37.71,100,
10:16:52,37.70,100,
10:16:56,37.7195,200,
10:16:57,37.71,100,
10:17:03,37.70,100,
10:17:06,37.6801,1000,
10:17:09,37.68,500,
10:17:11,37.63,3200,
10:17:11,37.62,100,
10:17:11,37.61,100,
10:17:12,37.66,100,
10:17:13,37.61,200,
10:17:17,37.63,100,
10:17:17,37.65,100,
10:17:17,37.6501,300,
10:17:17,37.64,100,
10:17:17,37.64,100,
10:17:18,37.63,100,
10:17:18,37.63,100,
10:17:18,37.64,100,
10:17:19,37.6498,2800,
10:17:26,37.643,100,
10:17:28,37.65,100,
10:17:29,37.6395,100,
10:17:29,37.6388,300,
10:17:29,37.61,100,
10:17:37,37.619,1500,
10:17:38,37.61,100,
10:17:39,37.6088,700,
10:17:43,37.602,200,
10:17:44,37.61,100,
10:17:46,37.628,500,
10:17:48,37.6366,6000,
10:17:48,37.627,900,
10:17:51,37.66,100,
10:17:52,37.65,100,
10:17:52,37.64,100,
10:17:53,37.64,100,
10:17:55,37.6668,800,
10:17:58,37.64,100,
10:17:59,37.66,200,
10:17:59,37.66,300,
10:17:59,37.66,100,
10:17:59,37.66,100,
10:18:00,37.68,100,
10:18:05,37.697,300,
10:18:08,37.687,580,
10:18:11,37.69,100,
10:18:13,37.69,100,
10:18:13,37.69,100,
10:18:16,37.6846,100,
10:18:17,37.70,100,
10:18:18,37.673,1000,
10:18:21,37.62,100,
10:18:21,37.63,100,
10:18:30,37.61,200,
10:18:34,37.61,100,
10:18:36,37.57,100,
10:18:37,37.59,100,
10:18:37,37.58,200,
10:18:37,37.54,200,
10:18:37,37.54,100,
10:18:38,37.53,200,
10:18:38,37.53,100,
10:18:38,37.52,100,
10:18:38,37.52,100,
10:18:38,37.52,100,
10:18:38,37.51,100,
10:18:38,37.51,100,
10:18:38,37.51,100,
10:18:38,37.51,100,
10:18:38,37.50,100,
10:18:40,37.52,500,
10:18:40,37.52,200,
10:18:41,37.5201,100,
10:18:43,37.5002,100,
10:18:45,37.53,100,
10:18:46,37.5046,100,
10:18:49,37.50,100,
10:18:50,37.52,100,
10:18:51,37.52,200,
10:18:51,37.52,100,
10:18:56,37.5064,100,
10:18:58,37.50,300,
10:18:58,37.50,200,
10:18:59,37.502,100,
10:19:03,37.4916,100,
10:19:12,37.44,1000,
10:19:12,37.4421,100,
10:19:13,37.43,100,
10:19:13,37.43,100,
10:19:13,37.43,100,
10:19:13,37.42,1900,
10:19:14,37.43,100,
10:19:14,37.43,100,
10:19:17,37.4215,100,
10:19:18,37.4522,2000,
10:19:19,37.51,500,
10:19:20,37.5437,100,
10:19:21,37.54,100,
10:19:21,37.527,800,
10:19:22,37.53,100,
10:19:22,37.51,100,
10:19:30,37.51,100,
10:19:32,37.50,100,
10:19:34,37.49,100,
10:19:35,37.47,100,
10:19:35,37.45,100,
10:19:35,37.45,100,
10:19:35,37.45,100,
10:19:35,37.43,100,
10:19:35,37.42,100,
10:19:35,37.42,100,
10:19:35,37.4299,1500,
10:19:36,37.41,100,
10:19:36,37.41,100,
10:19:38,37.41,100,
10:19:38,37.41,600,
10:19:39,37.429,300,
10:19:41,37.42,100,
10:19:41,37.42,100,
10:19:43,37.41,100,
10:19:43,37.41,100,
10:19:43,37.41,100,
10:19:43,37.40,100,
10:19:43,37.41,200,
10:19:43,37.41,200,
10:19:43,37.40,100,
10:19:43,37.40,100,
10:19:43,37.41,200,
10:19:43,37.41,100,
10:19:43,37.41,100,
10:19:43,37.41,105,
10:19:43,37.39,100,
10:19:43,37.37,100,
10:19:43,37.38,100,
10:19:43,37.41,100,
10:19:43,37.40,100,
10:19:43,37.40,748,
10:19:43,37.40,100,
10:19:43,37.40,200,
10:19:44,37.3897,100,
10:19:45,37.381,270,
10:19:47,37.37,100,
10:19:47,37.37,100,
10:19:49,37.3599,500,
10:19:51,37.37,100,
10:19:52,37.37,300,
10:19:52,37.37,200,
10:19:53,37.37,600,
10:19:53,37.37,900,
10:19:53,37.37,500,
10:19:53,37.37,200,
10:19:55,37.35,100,
10:19:55,37.35,100,
10:19:55,37.35,1000,
10:19:55,37.35,100,
10:19:55,37.35,200,
10:19:55,37.35,200,
10:19:55,37.35,200,
10:19:55,37.35,200,
10:19:55,37.35,200,
10:19:55,37.35,1600,
10:19:56,37.341,4000,
10:19:56,37.35,100,
10:19:57,37.35,100,
10:19:58,37.345,1000,
10:20:00,37.33,100,
10:20:00,37.33,400,
10:20:01,37.3299,900,
10:20:02,37.33,200,
10:20:03,37.35,100,
10:20:03,37.37,100,
10:20:03,37.323,1000,
10:20:04,37.3723,100,
10:20:05,37.377,250,
10:20:06,37.37,100,
10:20:06,37.36,100,
10:20:08,37.37,1100,
10:20:09,37.3872,1000,
10:20:11,37.41,100,
10:20:11,37.40,100,
10:20:11,37.40,100,
10:20:17,37.41,1300,
10:20:18,37.4301,100,
10:20:19,37.43,100,
10:20:21,37.44,100,
10:20:25,37.45,100,
10:20:25,37.4499,200,
10:20:30,37.456,250,
10:20:33,37.4295,150,
10:20:33,37.4199,1500,
10:20:35,37.42,100,
10:20:36,37.44,100,
10:20:41,37.444,100,
10:20:42,37.46,250,
10:20:43,37.4583,100,
10:20:43,37.46,878,
10:20:44,37.46,100,
10:20:44,37.47,100,
10:20:44,37.47,100,
10:20:47,37.45,100,
10:20:47,37.46,275,
10:20:47,37.46,100,
10:20:47,37.46,100,
10:20:49,37.47,200,
10:20:49,37.47,100,
10:20:50,37.473,400,
10:20:51,37.471,200,
10:20:53,37.4512,100,
10:20:56,37.411,100,
10:20:57,37.42,100,
10:20:58,37.43,100,
10:21:05,37.436,3100,
10:21:09,37.42,479,
10:21:13,37.4301,400,
10:21:15,37.4174,100,
10:21:17,37.41,100,
10:21:18,37.40,100,
10:21:24,37.4125,5500,
10:21:27,37.401,100,
10:21:27,37.3999,100,
10:21:27,37.3999,100,
10:21:31,37.3672,1000,
10:21:32,37.39,200,
10:21:33,37.38,500,
10:21:33,37.373,100,
10:21:39,37.35,100,
10:21:39,37.34,300,
10:21:39,37.34,100,
10:21:39,37.33,100,
10:21:39,37.33,100,
10:21:39,37.33,100,
10:21:39,37.33,600,
10:21:39,37.33,200,
10:21:40,37.34,100,
10:21:40,37.32,500,
10:21:42,37.35,250,
10:21:44,37.35,100,
10:21:48,37.34,100,
10:21:48,37.35,100,
10:21:49,37.37,100,
10:21:49,37.35,100,
10:21:49,37.35,100,
10:21:49,37.33,100,
10:21:49,37.33,100,
10:21:49,37.32,100,
10:21:49,37.32,100,
10:21:49,37.32,200,
10:21:49,37.32,200,
10:21:49,37.32,200,
10:21:49,37.32,100,
10:21:49,37.32,200,
10:21:49,37.32,100,
10:21:49,37.32,100,
10:21:49,37.32,300,
10:21:49,37.32,100,
10:21:49,37.32,200,
10:21:49,37.32,100,
10:21:50,37.3269,100,
10:21:50,37.33,100,
10:21:50,37.3299,100,
10:21:52,37.34,100,
10:21:54,37.3399,100,
10:21:56,37.3399,100,
10:21:59,37.3299,300,
10:22:01,37.32,500,
10:22:01,37.32,100,
10:22:03,37.319,2000,
10:22:04,37.33,100,
10:22:06,37.33,100,
10:22:09,37.3399,500,
10:22:12,37.3468,200,
10:22:15,37.3401,400,
10:22:16,37.3484,360,
10:22:17,37.3499,400,
10:22:17,37.33,100,
10:22:17,37.33,100,
10:22:17,37.31,100,
10:22:17,37.32,100,
10:22:17,37.31,100,
10:22:18,37.31,150,
10:22:18,37.30,100,
10:22:19,37.3064,200,
10:22:19,37.32,100,
10:22:19,37.33,300,
10:22:19,37.33,100,
10:22:19,37.33,100,
10:22:20,37.34,100,
10:22:22,37.3132,175,
10:22:24,37.339,250,
10:22:26,37.33,400,
10:22:29,37.31,100,
10:22:35,37.312,169,
10:22:37,37.36,300,
10:22:39,37.37,100,
10:22:39,37.37,100,
10:22:43,37.43,200,
10:22:43,37.43,200,
10:22:45,37.42,3000,
10:22:48,37.40,150,
10:22:49,37.42,100,
10:22:50,37.43,100,
10:22:50,37.431,200,
10:22:50,37.431,100,
10:22:51,37.40,100,
10:22:52,37.39,1400,
10:22:53,37.41,200,
10:22:54,37.411,400,
10:22:56,37.44,100,
10:22:56,37.44,100,
10:22:56,37.43,100,
10:22:56,37.43,100,
10:22:56,37.43,100,
10:22:56,37.42,200,
10:22:59,37.44,100,
10:22:59,37.44,100,
10:23:00,37.43,300,
10:23:02,37.4472,1000,
10:23:03,37.446,300,
10:23:03,37.447,1000,
10:23:05,37.4402,100,
10:23:06,37.447,100,
10:23:07,37.46,1000,
10:23:08,37.47,150,
10:23:08,37.47,100,
10:23:09,37.49,100,
10:23:10,37.48,100,
10:23:10,37.48,100,
10:23:10,37.46,100,
10:23:14,37.44,100,
10:23:14,37.45,100,
10:23:16,37.46,200,
10:23:17,37.47,100,
10:23:18,37.4601,500,
10:23:30,37.43,100,
10:23:32,37.4388,100,
10:23:34,37.42,100,
10:23:34,37.40,100,
10:23:34,37.40,100,
10:23:34,37.40,100,
10:23:36,37.362,500,
10:23:36,37.35,100,
10:23:37,37.35,100,
10:23:39,37.36,100,
10:23:39,37.36,100,
10:23:39,37.37,100,
10:23:39,37.37,100,
10:23:39,37.37,100,
10:23:39,37.37,100,
10:23:39,37.38,100,
10:23:39,37.38,100,
10:23:39,37.37,300,
10:23:39,37.38,300,
10:23:39,37.38,300,
10:23:39,37.39,100,
10:23:39,37.39,100,
10:23:39,37.39,100,
10:23:51,37.4199,100,
10:23:55,37.41,100,
10:23:55,37.40,100,
10:23:57,37.37,200,
10:23:57,37.37,100,
10:23:57,37.37,300,
10:23:57,37.37,100,
10:24:02,37.38,100,
10:24:02,37.3799,700,
10:24:02,37.3852,100,
10:24:03,37.3798,100,
10:24:10,37.40,1500,
10:24:10,37.41,100,
10:24:12,37.43,100,
10:24:14,37.45,100,
10:24:15,37.44,200,
10:24:17,37.40,100,
10:24:24,37.41,100,
10:24:25,37.38,100,
10:24:28,37.36,100,
10:24:31,37.37,200,
10:24:31,37.37,600,
10:24:31,37.37,200,
10:24:32,37.3555,100,
10:24:37,37.35,100,
10:24:38,37.37,100,
10:24:41,37.392,500,
10:24:45,37.36,500,
10:24:49,37.36,100,
10:24:49,37.35,100,
10:24:49,37.35,200,
10:24:49,37.35,200,
10:24:51,37.359,400,
10:24:53,37.37,100,
10:24:58,37.3501,200,
10:25:00,37.38,100,
10:25:03,37.38,100,
10:25:05,37.39,100,
10:25:07,37.39,175,
10:25:11,37.39,100,
10:25:11,37.39,100,
10:25:15,37.377,100,
10:25:15,37.39,100,
10:25:17,37.41,100,
10:25:17,37.4101,400,
10:25:17,37.40,1400,
10:25:18,37.4175,700,
10:25:18,37.416,472,
10:25:20,37.4198,500,
10:25:25,37.44,100,
10:25:26,37.45,100,
10:25:26,37.4501,300,
10:25:26,37.44,900,
10:25:28,37.431,155,
10:25:29,37.4512,200,
10:25:34,37.4384,100,
10:25:38,37.42,100,
10:25:41,37.43,800,
10:25:42,37.423,550,
10:25:44,37.43,300,
10:25:44,37.43,200,
10:25:44,37.43,100,
10:25:44,37.41,100,
10:25:44,37.40,300,
10:25:44,37.38,600,
10:25:44,37.38,100,
10:25:44,37.38,100,
10:25:44,37.38,100,
10:25:45,37.399,100,
10:25:46,37.3699,100,
10:25:46,37.36,200,
10:25:49,37.38,100,
10:25:50,37.36,100,
10:25:50,37.36,100,
10:25:55,37.379,200,
10:25:55,37.3728,800,
10:25:57,37.38,2000,
10:26:02,37.34,100,
10:26:03,37.32,600,
10:26:03,37.32,200,
10:26:03,37.333,1000,
10:26:03,37.331,500,
10:26:04,37.30,100,
10:26:04,37.30,345,
10:26:04,37.30,200,
10:26:04,37.29,100,
10:26:04,37.30,100,
10:26:04,37.29,100,
10:26:04,37.30,100,
10:26:04,37.29,100,
10:26:04,37.31,200,
10:26:05,37.2714,100,
10:26:05,37.271,1500,
10:26:06,37.284,100,
10:26:06,37.30,100,
10:26:06,37.27,800,
10:26:07,37.28,100,
10:26:07,37.279,100,
10:26:07,37.27,1000,
10:26:07,37.282,500,
10:26:07,37.28,200,
10:26:07,37.2898,100,
10:26:08,37.2999,200,
10:26:09,37.2895,300,
10:26:09,37.287,300,
10:26:10,37.29,900,
10:26:13,37.291,100,
10:26:14,37.30,500,
10:26:15,37.29,300,
10:26:15,37.29,100,
10:26:15,37.29,100,
10:26:15,37.30,100,
10:26:15,37.29,100,
10:26:15,37.29,100,
10:26:15,37.3099,100,
10:26:18,37.3416,500,
10:26:19,37.3401,400,
10:26:20,37.341,100,
10:26:21,37.35,200,
10:26:23,37.39,100,
10:26:27,37.357,179,
10:26:28,37.37,100,
10:26:31,37.38,200,
10:26:33,37.37,200,
10:26:37,37.3901,300,
10:26:40,37.40,100,
10:26:41,37.40,1000,
10:26:50,37.46,1000,
10:26:51,37.4402,2000,
10:26:51,37.4401,100,
10:26:52,37.4499,900,
10:26:52,37.46,100,
10:26:55,37.469,400,
10:26:56,37.4356,100,
10:26:56,37.4499,500,
10:26:57,37.42,1700,
10:27:00,37.46,100,
10:27:02,37.4675,3000,
10:27:04,37.467,200,
10:27:06,37.461,500,
10:27:07,37.461,100,
10:27:07,37.461,100,
10:27:11,37.47,100,
10:27:11,37.47,200,
10:27:12,37.50,100,
10:27:13,37.50,100,
10:27:15,37.52,200,
10:27:18,37.52,100,
10:27:19,37.528,1000,
10:27:19,37.52,100,
10:27:20,37.54,300,
10:27:22,37.521,600,
10:27:22,37.54,100,
10:27:22,37.54,100,
10:27:23,37.53,706,
10:27:23,37.54,100,
10:27:23,37.54,100,
10:27:23,37.54,100,
10:27:23,37.54,100,
10:27:23,37.55,100,
10:27:23,37.54,100,
10:27:23,37.54,100,
10:27:24,37.53,100,
10:27:24,37.541,800,
10:27:24,37.541,100,
10:27:27,37.5199,100,
10:27:30,37.52,100,
10:27:33,37.5172,1000,
10:27:36,37.51,100,
10:27:38,37.509,100,
10:27:39,37.49,100,
10:27:42,37.504,1500,
10:27:44,37.50,100,
10:27:44,37.50,500,
10:27:44,37.50,300,
10:27:44,37.50,100,
10:27:44,37.50,100,
10:27:44,37.50,200,
10:27:44,37.50,100,
10:27:44,37.5188,300,
10:27:46,37.5122,3000,
10:27:47,37.51,100,
10:27:48,37.501,500,
10:27:48,37.501,100,
10:27:49,37.517,300,
10:27:50,37.53,350,
10:27:50,37.55,100,
10:27:50,37.5428,1000,
10:27:53,37.52,100,
10:27:55,37.54,100,
10:27:57,37.51,100,
10:27:57,37.54,100,
10:27:57,37.53,100,
10:27:57,37.53,100,
10:27:57,37.54,100,
10:27:57,37.55,100,
10:27:57,37.56,100,
10:27:57,37.56,200,
10:27:57,37.57,100,
10:27:57,37.57,100,
10:27:57,37.57,100,
10:27:57,37.58,200,
10:27:58,37.58,100,
10:27:58,37.58,100,
10:27:58,37.58,100,
10:27:59,37.59,100,
10:28:00,37.59,100,
10:28:00,37.57,100,
10:28:00,37.57,100,
10:28:00,37.57,100,
10:28:00,37.56,1400,
10:28:01,37.60,100,
10:28:01,37.60,100,
10:28:01,37.60,100,
10:28:01,37.61,100,
10:28:01,37.61,200,
10:28:01,37.62,200,
10:28:01,37.62,100,
10:28:01,37.62,100,
10:28:01,37.62,100,
10:28:01,37.60,200,
10:28:01,37.59,300,
10:28:01,37.60,200,
10:28:04,37.611,1000,
10:28:05,37.62,600,
10:28:06,37.64,200,
10:28:07,37.62,100,
10:28:07,37.61,100,
10:28:07,37.61,500,
10:28:07,37.61,100,
10:28:07,37.61,200,
10:28:07,37.5899,100,
10:28:07,37.5899,100,
10:28:08,37.59,100,
10:28:09,37.56,200,
10:28:13,37.578,200,
10:28:13,37.5788,200,
10:28:15,37.59,100,
10:28:15,37.59,100,
10:28:16,37.5688,300,
10:28:17,37.55,100,
10:28:19,37.558,400,
10:28:21,37.54,100,
10:28:25,37.567,300,
10:28:26,37.5784,100,
10:28:29,37.55,100,
10:28:29,37.55,100,
10:28:32,37.56,100,
10:28:32,37.56,100,
10:28:32,37.56,100,
10:28:32,37.55,100,
10:28:32,37.55,100,
10:28:34,37.5532,300,
10:28:38,37.57,100,
10:28:38,37.57,200,
10:28:38,37.57,100,
10:28:38,37.59,100,
10:28:38,37.58,100,
10:28:38,37.59,100,
10:28:38,37.59,200,
10:28:39,37.61,100,
10:28:39,37.60,100,
10:28:39,37.60,100,
10:28:40,37.60,100,
10:28:40,37.60,100,
10:28:40,37.61,100,
10:28:40,37.61,100,
10:28:40,37.61,200,
10:28:41,37.5995,100,
10:28:42,37.60,100,
10:28:42,37.59,100,
10:28:42,37.58,100,
10:28:42,37.593,250,
10:28:45,37.589,100,
10:28:46,37.573,300,
10:28:47,37.55,100,
10:28:47,37.55,100,
10:28:47,37.55,100,
10:28:48,37.52,100,
10:28:48,37.52,100,
10:28:48,37.52,100,
10:28:56,37.54,100,
10:28:56,37.53,100,
10:29:00,37.52,100,
10:29:01,37.54,100,
10:29:01,37.52,2000,
10:29:01,37.52,2000,
10:29:10,37.52,100,
10:29:15,37.58,200,
10:29:16,37.57,100,
10:29:17,37.58,200,
10:29:20,37.56,100,
10:29:21,37.58,200,
10:29:23,37.54,200,
10:29:23,37.55,100,
10:29:24,37.54,3200,
10:29:25,37.547,500,
10:29:25,37.55,100,
10:29:27,37.55,100,
10:29:27,37.55,500,
10:29:29,37.5793,100,
10:29:29,37.579,400,
10:29:31,37.58,3200,
10:29:36,37.55,1000,
10:29:37,37.5401,500,
10:29:40,37.551,3000,
10:29:44,37.57,100,
10:29:46,37.60,100,
10:29:46,37.60,100,
10:29:48,37.63,100,
10:29:48,37.62,100,
10:29:49,37.613,510,
10:29:52,37.5805,1000,
10:29:53,37.5699,200,
10:29:54,37.59,100,
10:29:55,37.567,300,
10:29:58,37.582,1000,
10:30:03,37.64,100,
10:30:04,37.62,100,
10:30:04,37.63,100,
10:30:04,37.63,100,
10:30:04,37.61,100,
10:30:04,37.61,100,
10:30:06,37.647,652,
10:30:07,37.631,250,
10:30:07,37.6698,6000,
10:30:08,37.67,100,
10:30:10,37.67,100,
10:30:12,37.66,300,
10:30:12,37.65,300,
10:30:12,37.64,100,
10:30:12,37.64,100,
10:30:13,37.668,1300,
10:30:13,37.6402,200,
10:30:13,37.6401,100,
10:30:13,37.67,2000,
10:30:14,37.6422,100,
10:30:16,37.64,100,
10:30:19,37.6199,200,
10:30:21,37.63,100,
10:30:21,37.6384,400,
10:30:23,37.63,200,
10:30:25,37.615,5500,
10:30:26,37.60,200,
10:30:26,37.60,200,
10:30:26,37.60,100,
10:30:26,37.60,100,
10:30:27,37.5905,400,
10:30:27,37.60,100,
10:30:27,37.60,100,
10:30:28,37.62,2000,
10:30:30,37.581,400,
10:30:31,37.581,5600,
10:30:34,37.58,100,
10:30:34,37.588,445,
10:30:35,37.57,200,
10:30:38,37.5595,1500,
10:30:39,37.551,2600,
10:30:39,37.558,1088,
10:30:40,37.56,100,
10:30:40,37.58,100,
10:30:41,37.59,200,
10:30:43,37.61,100,
10:30:44,37.60,100,
10:30:44,37.60,200,
10:30:44,37.60,100,
10:30:48,37.5799,200,
10:30:53,37.54,100,
10:30:54,37.5456,300,
10:30:55,37.56,200,
10:31:00,37.56,100,
10:31:03,37.5505,200,
10:31:08,37.54,4700,
10:31:08,37.54,665,
10:31:08,37.54,100,
10:31:08,37.54,135,
10:31:08,37.54,200,
10:31:08,37.54,200,
10:31:08,37.54,200,
10:31:08,37.51,200,
10:31:08,37.50,100,
10:31:08,37.50,100,
10:31:08,37.49,100,
10:31:08,37.49,100,
10:31:09,37.4804,100,
10:31:09,37.4999,250,
10:31:10,37.48,200,
10:31:11,37.48,200,
10:31:12,37.49,100,
10:31:12,37.50,2000,
10:31:13,37.4702,100,
10:31:19,37.50,100,
10:31:19,37.50,100,
10:31:20,37.5001,200,
10:31:23,37.50,100,
10:31:23,37.50,200,
10:31:25,37.4999,100,
10:31:26,37.52,100,
10:31:29,37.51,100,
10:31:33,37.53,100,
10:31:33,37.53,100,
10:31:33,37.53,100,
10:31:41,37.5356,1000,
10:31:42,37.52,100,
10:31:46,37.52,100,
10:31:47,37.51,100,
10:31:47,37.51,200,
10:31:53,37.50,200,
10:31:56,37.52,100,
10:31:57,37.50,100,
10:31:58,37.47,100,
10:31:58,37.47,200,
10:31:58,37.47,100,
10:32:00,37.45,700,
10:32:03,37.4701,100,
10:32:03,37.47,900,
10:32:04,37.50,100,
10:32:04,37.50,100,
10:32:07,37.4872,1000,
10:32:07,37.487,300,
10:32:16,37.50,100,
10:32:16,37.50,100,
10:32:19,37.54,200,
10:32:22,37.5384,700,
10:32:28,37.518,200,
10:32:35,37.51,100,
10:32:42,37.48,200,
10:32:43,37.47,100,
10:32:43,37.48,100,
10:32:48,37.518,200,
10:32:50,37.51,100,
10:33:02,37.4999,1600,
10:33:05,37.49,3000,
10:33:05,37.47,1000,
10:33:06,37.50,800,
10:33:11,37.4899,400,
10:33:11,37.49,100,
10:33:11,37.49,100,
10:33:11,37.49,100,
10:33:12,37.49,100,
10:33:17,37.45,100,
10:33:19,37.467,400,
10:33:26,37.48,100,
10:33:26,37.48,200,
10:33:33,37.46,100,
10:33:34,37.441,800,
10:33:34,37.441,700,
10:33:36,37.4495,1000,
10:33:41,37.4788,1000,
10:33:47,37.50,200,
10:33:48,37.49,100,
10:33:51,37.50,200,
10:33:52,37.50,100,
10:33:52,37.51,100,
10:33:52,37.50,200,
10:33:52,37.51,100,
10:33:55,37.53,100,
10:33:55,37.5301,400,
10:33:56,37.53,100,
10:33:59,37.527,150,
10:34:06,37.53,100,
10:34:06,37.52,100,
10:34:07,37.5368,425,
10:34:15,37.51,100,
10:34:18,37.50,200,
10:34:18,37.50,100,
10:34:18,37.50,100,
10:34:18,37.49,200,
10:34:18,37.49,100,
10:34:22,37.51,100,
10:34:31,37.56,100,
10:34:32,37.57,100,
10:34:32,37.57,100,
10:34:35,37.53,100,
10:34:35,37.53,100,
10:34:35,37.53,100,
10:34:37,37.53,123,
10:34:37,37.54,100,
10:34:41,37.5372,1000,
10:34:48,37.52,600,
10:34:48,37.52,200,
10:34:51,37.51,100,
10:34:52,37.53,100,
10:34:59,37.56,100,
10:34:59,37.5601,100,
10:35:04,37.54,100,
10:35:04,37.56,200,
10:35:05,37.58,200,
10:35:06,37.5999,2000,
10:35:13,37.589,200,
10:35:16,37.60,100,
10:35:19,37.589,150,
10:35:30,37.601,200,
10:35:30,37.62,100,
10:35:30,37.62,100,
10:35:32,37.62,100,
10:35:37,37.57,100,
10:35:37,37.58,500,
10:35:37,37.58,100,
10:35:37,37.58,100,
10:35:37,37.57,100,
10:35:37,37.58,100,
10:35:40,37.52,200,
10:35:42,37.529,100,
10:35:44,37.53,100,
10:35:47,37.532,400,
10:35:49,37.5139,100,
10:35:49,37.5086,1000,
10:35:52,37.52,100,
10:35:52,37.52,100,
10:35:52,37.52,100,
10:35:54,37.51,100,
10:35:54,37.51,100,
10:35:56,37.5036,265,
10:35:58,37.57,100,
10:35:58,37.56,100,
10:35:58,37.56,100,
10:36:00,37.56,1000,
10:36:00,37.57,100,
10:36:09,37.54,100,
10:36:16,37.5172,1000,
10:36:18,37.52,100,
10:36:22,37.53,100,
10:36:29,37.49,200,
10:36:30,37.49,100,
10:36:30,37.48,100,
10:36:31,37.46,100,
10:36:32,37.46,100,
10:36:32,37.4698,100,
10:36:32,37.47,100,
10:36:32,37.45,1000,
10:36:34,37.50,100,
10:36:37,37.4699,200,
10:36:41,37.4716,200,
10:36:44,37.46,200,
10:36:44,37.46,100,
10:36:48,37.4356,900,
10:36:54,37.47,100,
10:36:58,37.4385,370,
10:37:00,37.44,300,
10:37:04,37.44,100,
10:37:07,37.4386,100,
10:37:07,37.3999,100,
10:37:08,37.40,100,
10:37:11,37.40,100,
10:37:14,37.417,400,
10:37:20,37.426,1500,
10:37:23,37.40,100,
10:37:30,37.4028,1700,
10:37:35,37.39,200,
10:37:36,37.3884,400,
10:37:38,37.3999,500,
10:37:42,37.4332,450,
10:37:43,37.44,100,
10:37:43,37.4399,500,
10:37:44,37.41,100,
10:37:45,37.417,1000,
10:37:47,37.42,100,
10:37:47,37.42,100,
10:37:49,37.4044,1000,
10:37:59,37.46,100,
10:37:59,37.46,350,
10:37:59,37.46,200,
10:38:00,37.50,150,
10:38:00,37.4901,400,
10:38:02,37.498,250,
10:38:03,37.4899,100,
10:38:05,37.46,100,
10:38:12,37.43,100,
10:38:13,37.45,100,
10:38:16,37.43,300,
10:38:16,37.44,100,
10:38:24,37.4299,3500,
10:38:28,37.459,500,
10:38:48,37.437,100,
10:38:53,37.43,300,
10:38:53,37.43,100,
10:38:53,37.43,100,
10:38:53,37.41,500,
10:38:53,37.41,150,
10:38:58,37.4232,300,
10:39:01,37.42,1600,
10:39:03,37.41,100,
10:39:05,37.41,100,
10:39:05,37.40,100,
10:39:05,37.39,200,
10:39:05,37.40,200,
10:39:05,37.38,100,
10:39:05,37.39,100,
10:39:06,37.39,100,
10:39:06,37.40,100,
10:39:06,37.39,100,
10:39:06,37.38,100,
10:39:06,37.41,600,
10:39:06,37.37,100,
10:39:06,37.38,100,
10:39:12,37.35,100,
10:39:13,37.35,100,
10:39:13,37.35,100,
10:39:13,37.33,300,
10:39:13,37.34,100,
10:39:13,37.34,1400,
10:39:14,37.37,100,
10:39:14,37.37,300,
10:39:14,37.37,100,
10:39:14,37.37,100,
10:39:14,37.37,100,
10:39:14,37.37,200,
10:39:16,37.369,1000,
10:39:19,37.3488,100,
10:39:19,37.3699,200,
10:39:19,37.37,100,
10:39:21,37.36,300,
10:39:22,37.357,300,
10:39:23,37.37,100,
10:39:29,37.39,100,
10:39:36,37.41,400,
10:39:39,37.41,100,
10:39:40,37.4156,400,
10:39:41,37.42,100,
10:39:41,37.43,150,
10:39:42,37.41,100,
10:39:43,37.44,100,
10:39:43,37.43,200,
10:39:43,37.46,100,
10:39:43,37.46,100,
10:39:43,37.46,100,
10:39:43,37.46,100,
10:39:43,37.47,100,
10:39:44,37.48,100,
10:39:44,37.48,200,
10:39:45,37.48,200,
10:39:48,37.4946,100,
10:39:48,37.49,100,
10:39:50,37.48,100,
10:39:50,37.49,100,
10:39:50,37.4899,300,
10:39:50,37.49,300,
10:39:51,37.47,100,
10:39:51,37.4699,1700,
10:39:51,37.47,1700,
10:39:51,37.4699,1600,
10:39:51,37.46,100,
10:39:53,37.453,800,
10:39:55,37.45,100,
10:39:55,37.46,500,
10:39:55,37.46,500,
10:40:00,37.48,200,
10:40:04,37.49,100,
10:40:05,37.497,175,
10:40:08,37.43,100,
10:40:08,37.43,100,
10:40:08,37.43,100,
10:40:08,37.43,100,
10:40:11,37.4364,150,
10:40:15,37.4208,100,
10:40:15,37.43,100,
10:40:15,37.43,200,
10:40:18,37.43,100,
10:40:18,37.45,100,
10:40:27,37.39,100,
10:40:27,37.38,100,
10:40:27,37.38,100,
10:40:27,37.39,200,
10:40:27,37.37,100,
10:40:27,37.37,100,
10:40:27,37.38,100,
10:40:27,37.37,100,
10:40:27,37.37,100,
10:40:27,37.37,100,
10:40:27,37.37,100,
10:40:32,37.38,100,
10:40:32,37.38,100,
10:40:32,37.39,100,
10:40:33,37.4014,1100,
10:40:33,37.41,100,
10:40:34,37.39,800,
10:40:34,37.39,100,
10:40:37,37.40,100,
10:40:37,37.39,100,
10:40:38,37.4085,670,
10:40:41,37.3795,300,
10:40:43,37.39,200,
10:40:48,37.40,1000,
10:40:48,37.41,100,
10:40:52,37.41,100,
10:40:54,37.42,100,
10:40:54,37.43,100,
10:40:55,37.42,200,
10:40:59,37.40,100,
10:41:02,37.39,100,
10:41:04,37.4398,100,
10:41:04,37.4201,300,
10:41:05,37.42,100,
10:41:05,37.42,100,
10:41:09,37.4301,125,
10:41:12,37.45,100,
10:41:14,37.45,100,
10:41:14,37.43,100,
10:41:24,37.44,100,
10:41:24,37.43,100,
10:41:26,37.4301,300,
10:41:30,37.447,500,
10:41:32,37.44,100,
10:41:32,37.42,100,
10:41:32,37.43,100,
10:41:32,37.42,100,
10:41:32,37.42,400,
10:41:32,37.42,100,
10:41:32,37.41,100,
10:41:32,37.39,100,
10:41:32,37.39,100,
10:41:32,37.40,100,
10:41:32,37.40,1400,
10:41:32,37.423,160,
10:41:35,37.388,100,
10:41:38,37.399,275,
10:41:38,37.40,100,
10:41:52,37.3984,200,
10:41:56,37.3912,200,
10:42:01,37.37,100,
10:42:01,37.36,200,
10:42:01,37.36,150,
10:42:01,37.36,100,
10:42:01,37.36,100,
10:42:01,37.36,100,
10:42:01,37.35,100,
10:42:01,37.35,100,
10:42:02,37.3454,100,
10:42:02,37.35,200,
10:42:04,37.35,100,
10:42:05,37.37,100,
10:42:05,37.37,100,
10:42:05,37.37,100,
10:42:09,37.3412,105,
10:42:16,37.4112,100,
10:42:17,37.43,100,
10:42:17,37.44,100,
10:42:17,37.44,100,
10:42:18,37.44,100,
10:42:18,37.43,100,
10:42:18,37.43,100,
10:42:21,37.4586,1000,
10:42:22,37.43,600,
10:42:22,37.45,100,
10:42:26,37.44,100,
10:42:28,37.45,100,
10:42:28,37.42,100,
10:42:28,37.42,100,
10:42:32,37.39,100,
10:42:32,37.39,300,
10:42:32,37.39,100,
10:42:32,37.39,100,
10:42:32,37.39,100,
10:42:32,37.38,100,
10:42:35,37.41,100,
10:42:38,37.40,1000,
10:42:41,37.396,200,
10:42:44,37.36,100,
10:42:48,37.36,100,
10:42:48,37.369,200,
10:42:49,37.3699,200,
10:42:50,37.368,400,
10:42:51,37.357,800,
10:42:52,37.33,100,
10:42:52,37.32,100,
10:42:54,37.32,1564,
10:42:55,37.3497,520,
10:43:00,37.3312,100,
10:43:02,37.35,100,
10:43:09,37.37,100,
10:43:10,37.38,100,
10:43:10,37.38,100,
10:43:10,37.38,100,
10:43:10,37.37,100,
10:43:11,37.35,100,
10:43:11,37.35,100,
10:43:12,37.35,100,
10:43:15,37.40,1200,
10:43:17,37.41,100,
10:43:22,37.37,1000,
10:43:24,37.4071,100,
10:43:28,37.403,800,
10:43:28,37.38,100,
10:43:30,37.389,100,
10:43:30,37.389,200,
10:43:32,37.388,600,
10:43:37,37.41,100,
10:43:39,37.41,100,
10:43:41,37.40,100,
10:43:45,37.4229,100,
10:43:46,37.42,100,
10:43:47,37.42,100,
10:43:47,37.42,100,
10:43:57,37.38,100,
10:43:57,37.40,100,
10:43:57,37.40,200,
10:44:02,37.42,100,
10:44:02,37.42,100,
10:44:03,37.417,300,
10:44:03,37.38,100,
10:44:10,37.39,100,
10:44:10,37.39,100,
10:44:12,37.38,200,
10:44:12,37.38,200,
10:44:14,37.3944,1000,
10:44:14,37.38,100,
10:44:36,37.347,300,
10:44:45,37.33,100,
10:44:56,37.34,100,
10:44:58,37.32,100,
10:45:05,37.33,200,
10:45:07,37.35,100,
10:45:10,37.3512,1000,
10:45:12,37.36,600,
10:45:12,37.41,100,
10:45:12,37.4056,1000,
10:45:13,37.4136,100,
10:45:13,37.40,100,
10:45:13,37.3904,100,
10:45:16,37.4001,100,
10:45:17,37.39,100,
10:45:17,37.40,100,
10:45:17,37.40,100,
10:45:23,37.44,100,
10:45:23,37.44,150,
10:45:23,37.4441,100,
10:45:23,37.44,100,
10:45:23,37.43,100,
10:45:24,37.45,1000,
10:45:31,37.43,250,
10:45:33,37.43,100,
10:45:33,37.42,100,
10:45:37,37.416,200,
10:45:45,37.36,100,
10:45:48,37.35,100,
10:45:51,37.36,100,
10:45:58,37.32,100,
10:45:58,37.33,100,
10:46:04,37.3399,300,
10:46:05,37.34,200,
10:46:06,37.34,100,
10:46:12,37.33,100,
10:46:13,37.32,100,
10:46:13,37.32,200,
10:46:13,37.32,555,
10:46:13,37.32,100,
10:46:13,37.32,200,
10:46:15,37.33,100,
10:46:21,37.37,100,
10:46:21,37.36,100,
10:46:21,37.36,100,
10:46:21,37.35,100,
10:46:21,37.3501,900,
10:46:21,37.35,3300,
10:46:27,37.3799,2400,
10:46:29,37.39,100,
10:46:31,37.378,130,
10:46:31,37.371,1000,
10:46:33,37.35,700,
10:46:33,37.35,100,
10:46:33,37.35,100,
10:46:42,37.37,500,
10:46:42,37.37,100,
10:46:42,37.37,100,
10:46:43,37.38,200,
10:46:46,37.36,100,
10:46:47,37.3616,300,
10:46:51,37.39,100,
10:46:54,37.388,500,
10:47:00,37.41,100,
10:47:06,37.43,5800,
10:47:07,37.44,400,
10:47:07,37.45,400,
10:47:07,37.45,100,
10:47:07,37.46,100,
10:47:07,37.44,100,
10:47:07,37.47,400,
10:47:08,37.48,400,
10:47:08,37.49,100,
10:47:10,37.48,300,
10:47:13,37.49,100,
10:47:13,37.50,100,
10:47:13,37.50,100,
10:47:13,37.477,750,
10:47:15,37.49,100,
10:47:16,37.50,100,
10:47:16,37.49,100,
10:47:16,37.48,100,
10:47:17,37.4743,100,
10:47:22,37.45,200,
10:47:22,37.45,123,
10:47:23,37.48,100,
10:47:25,37.472,1000,
10:47:30,37.468,128,
10:47:34,37.4686,100,
10:47:34,37.469,200,
10:47:34,37.45,100,
10:47:35,37.467,600,
10:47:37,37.48,100,
10:47:38,37.48,100,
10:47:40,37.477,700,
10:47:51,37.50,700,
10:47:51,37.4972,1000,
10:47:53,37.50,1400,
10:47:56,37.52,600,
10:47:56,37.52,200,
10:47:57,37.529,400,
10:47:57,37.529,500,
10:47:58,37.52,100,
10:47:58,37.52,100,
10:48:01,37.513,300,
10:48:08,37.50,100,
10:48:08,37.50,100,
10:48:09,37.509,700,
10:48:13,37.4899,100,
10:48:14,37.4999,200,
10:48:18,37.501,100,
10:48:20,37.4901,1300,
10:48:27,37.48,200,
10:48:28,37.4702,3000,
10:48:28,37.50,100,
10:48:29,37.50,900,
10:48:31,37.49,100,
10:48:35,37.50,100,
10:48:36,37.50,100,
10:48:39,37.50,100,
10:48:39,37.51,100,
10:48:39,37.51,100,
10:48:39,37.51,100,
10:48:39,37.51,700,
10:48:39,37.52,200,
10:48:39,37.52,100,
10:48:39,37.52,300,
10:48:39,37.51,200,
10:48:39,37.53,100,
10:48:39,37.53,100,
10:48:39,37.53,100,
10:48:39,37.50,100,
10:48:39,37.50,100,
10:48:39,37.50,100,
10:48:39,37.51,100,
10:48:40,37.54,100,
10:48:41,37.54,100,
10:48:43,37.54,100,
10:48:46,37.5346,100,
10:48:51,37.53,500,
10:48:51,37.51,100,
10:48:55,37.51,100,
10:49:04,37.5444,500,
10:49:09,37.47,100,
10:49:10,37.47,100,
10:49:12,37.48,100,
10:49:20,37.5101,100,
10:49:20,37.5101,100,
10:49:22,37.49,300,
10:49:24,37.5146,100,
10:49:34,37.52,100,
10:49:34,37.52,100,
10:49:34,37.52,100,
10:49:34,37.52,100,
10:49:34,37.52,200,
10:49:34,37.52,100,
10:49:35,37.52,200,
10:49:35,37.52,100,
10:49:35,37.52,100,
10:49:35,37.51,100,
10:49:35,37.5102,1844,
10:49:40,37.467,100,
10:49:41,37.47,100,
10:49:46,37.50,500,
10:49:50,37.49,311,
10:49:57,37.472,1000,
10:50:06,37.53,900,
10:50:09,37.54,200,
10:50:10,37.56,100,
10:50:10,37.57,100,
10:50:10,37.57,300,
10:50:10,37.57,400,
10:50:10,37.57,300,
10:50:10,37.57,300,
10:50:10,37.57,200,
10:50:10,37.58,100,
10:50:10,37.58,200,
10:50:10,37.58,101,
10:50:10,37.59,203,
10:50:10,37.59,200,
10:50:12,37.59,100,
10:50:12,37.59,100,
10:50:12,37.59,100,
10:50:12,37.58,2560,
10:50:14,37.57,100,
10:50:15,37.56,2800,
10:50:16,37.579,100,
10:50:16,37.577,800,
10:50:18,37.5556,100,
10:50:18,37.549,300,
10:50:18,37.549,300,
10:50:24,37.53,100,
10:50:24,37.53,100,
10:50:24,37.54,100,
10:50:24,37.557,510,
10:50:24,37.56,200,
10:50:26,37.57,200,
10:50:26,37.56,100,
10:50:35,37.527,250,
10:50:41,37.55,100,
10:50:41,37.55,100,
10:50:41,37.56,100,
10:50:41,37.56,100,
10:50:41,37.55,100,
10:50:41,37.52,100,
10:50:41,37.52,100,
10:50:41,37.49,100,
10:50:41,37.52,100,
10:50:41,37.52,200,
10:50:41,37.51,100,
10:50:41,37.52,100,
10:50:41,37.51,100,
10:50:41,37.51,200,
10:50:41,37.51,100,
10:50:41,37.51,200,
10:50:41,37.50,100,
10:50:41,37.49,100,
10:50:41,37.49,100,
10:50:42,37.48,100,
10:50:48,37.4613,100,
10:50:51,37.4699,150,
10:50:59,37.4688,200,
10:51:03,37.45,300,
10:51:03,37.43,100,
10:51:07,37.444,300,
10:51:13,37.47,100,
10:51:22,37.41,100,
10:51:33,37.46,1000,
10:51:34,37.4612,1000,
10:51:42,37.467,650,
10:51:43,37.46,100,
10:51:47,37.4512,134,
10:51:55,37.47,100,
10:51:55,37.449,100,
10:51:55,37.449,125,
10:51:57,37.469,300,
10:51:57,37.469,1900,
10:52:02,37.44,200,
10:52:03,37.42,1900,
10:52:03,37.41,100,
10:52:04,37.41,100,
10:52:04,37.43,100,
10:52:04,37.43,200,
10:52:08,37.42,100,
10:52:08,37.41,100,
10:52:08,37.40,100,
10:52:08,37.40,300,
10:52:08,37.39,100,
10:52:08,37.38,100,
10:52:08,37.3705,1000,
10:52:10,37.37,100,
10:52:10,37.38,476,
10:52:12,37.3999,100,
10:52:12,37.372,300,
10:52:12,37.37,100,
10:52:13,37.36,100,
10:52:13,37.36,100,
10:52:13,37.38,100,
10:52:13,37.38,100,
10:52:13,37.37,100,
10:52:15,37.377,200,
10:52:17,37.42,300,
10:52:18,37.42,100,
10:52:20,37.436,200,
10:52:21,37.46,100,
10:52:21,37.46,1100,
10:52:21,37.46,300,
10:52:21,37.45,100,
10:52:24,37.45,100,
10:52:24,37.45,100,
10:52:24,37.43,100,
10:52:28,37.45,100,
10:52:29,37.41,150,
10:52:29,37.42,100,
10:52:30,37.45,100,
10:52:36,37.444,238,
10:52:39,37.429,300,
10:52:39,37.429,300,
10:52:40,37.43,100,
10:52:40,37.43,100,
10:52:40,37.44,100,
10:52:43,37.46,100,
10:52:52,37.47,100,
10:52:52,37.47,100,
10:52:52,37.47,100,
10:52:55,37.48,100,
10:52:56,37.46,100,
10:52:57,37.4672,1000,
10:53:11,37.44,100,
10:53:12,37.439,100,
10:53:19,37.41,100,
10:53:19,37.41,200,
10:53:19,37.41,200,
10:53:20,37.39,100,
10:53:20,37.39,100,
10:53:20,37.40,100,
10:53:20,37.41,100,
10:53:20,37.41,100,
10:53:26,37.42,100,
10:53:26,37.40,100,
10:53:30,37.42,100,
10:53:30,37.42,100,
10:53:30,37.41,100,
10:53:45,37.40,500,
10:54:01,37.47,100,
10:54:02,37.479,200,
10:54:02,37.479,300,
10:54:06,37.48,100,
10:54:06,37.48,450,
10:54:11,37.47,100,
10:54:18,37.49,2125,
10:54:27,37.52,100,
10:54:27,37.49,100,
10:54:27,37.49,100,
10:54:30,37.5275,1700,
10:54:34,37.521,107,
10:54:36,37.5272,1000,
10:54:37,37.5224,600,
10:54:38,37.5299,100,
10:54:43,37.54,100,
10:54:44,37.56,100,
10:54:44,37.56,200,
10:54:45,37.559,100,
10:54:50,37.5679,100,
10:54:50,37.569,200,
10:54:51,37.54,200,
10:54:58,37.58,100,
10:55:02,37.57,100,
10:55:04,37.57,100,
10:55:05,37.576,106,
10:55:11,37.58,100,
10:55:12,37.5728,1000,
10:55:13,37.57,500,
10:55:17,37.57,100,
10:55:17,37.571,100,
10:55:18,37.57,100,
10:55:19,37.565,2000,
10:55:21,37.561,100,
10:55:24,37.577,900,
10:55:31,37.579,100,
10:55:34,37.58,100,
10:55:34,37.58,100,
10:55:36,37.62,100,
10:55:36,37.62,100,
10:55:37,37.63,100,
10:55:38,37.62,100,
10:55:38,37.6201,100,
10:55:41,37.6299,100,
10:55:42,37.628,500,
10:55:42,37.62,200,
10:55:53,37.63,100,
10:55:54,37.64,100,
10:55:54,37.63,100,
10:55:54,37.63,100,
10:55:55,37.63,200,
10:55:57,37.64,100,
10:56:00,37.6201,100,
10:56:03,37.65,2000,
10:56:11,37.64,100,
10:56:11,37.62,100,
10:56:14,37.6101,100,
10:56:16,37.61,1000,
10:56:19,37.63,200,
10:56:24,37.597,200,
10:56:30,37.60,1200,
10:56:37,37.64,100,
10:56:37,37.64,100,
10:56:37,37.65,100,
10:56:37,37.65,100,
10:56:37,37.61,100,
10:56:37,37.61,200,
10:56:43,37.6428,1000,
10:56:45,37.62,100,
10:56:46,37.643,510,
10:56:47,37.65,100,
10:56:52,37.647,200,
10:56:58,37.64,100,
10:57:02,37.631,100,
10:57:10,37.65,920,
10:57:10,37.66,100,
10:57:11,37.66,100,
10:57:17,37.669,100,
10:57:17,37.669,100,
10:57:19,37.67,1600,
10:57:21,37.66,100,
10:57:27,37.6798,3000,
10:57:31,37.676,600,
10:57:35,37.6784,500,
10:57:35,37.66,100,
10:57:37,37.64,100,
10:57:38,37.63,100,
10:57:38,37.6212,775,
10:57:40,37.61,100,
10:57:40,37.61,700,
10:57:40,37.61,100,
10:57:41,37.58,1681,
10:57:43,37.609,1000,
10:57:50,37.5984,100,
10:58:01,37.64,100,
10:58:01,37.64,200,
10:58:04,37.6419,100,
10:58:07,37.66,400,
10:58:07,37.66,200,
10:58:10,37.645,3000,
10:58:11,37.6272,600,
10:58:12,37.64,100,
10:58:18,37.633,200,
10:58:19,37.647,100,
10:58:19,37.61,100,
10:58:21,37.63,100,
10:58:21,37.63,100,
10:58:23,37.64,100,
10:58:39,37.58,100,
10:58:42,37.57,1500,
10:58:44,37.60,3000,
10:58:48,37.618,1500,
10:58:49,37.60,100,
10:58:50,37.64,100,
10:58:51,37.65,100,
10:58:51,37.64,100,
10:58:55,37.6699,1700,
10:58:55,37.66,100,
10:58:59,37.66,600,
10:59:00,37.65,100,
10:59:06,37.66,100,
10:59:06,37.65,200,
10:59:07,37.68,1000,
10:59:07,37.68,500,
10:59:07,37.69,400,
10:59:07,37.70,100,
10:59:08,37.69,110,
10:59:08,37.70,200,
10:59:09,37.67,200,
10:59:13,37.70,100,
10:59:13,37.6875,3700,
10:59:14,37.70,100,
10:59:14,37.69,100,
10:59:15,37.68,100,
10:59:15,37.68,100,
10:59:16,37.671,100,
10:59:20,37.70,400,
10:59:23,37.69,100,
10:59:25,37.698,250,
10:59:26,37.65,100,
10:59:26,37.66,100,
10:59:29,37.67,100,
10:59:31,37.68,600,
10:59:31,37.667,200,
10:59:34,37.69,100,
10:59:35,37.699,100,
10:59:35,37.70,100,
10:59:35,37.70,100,
10:59:42,37.6968,200,
10:59:43,37.72,100,
10:59:43,37.71,100,
10:59:43,37.72,200,
10:59:43,37.71,100,
10:59:43,37.71,340,
10:59:47,37.71,100,
10:59:50,37.72,100,
10:59:52,37.7194,100,
10:59:52,37.719,200,
10:59:55,37.70,100,
10:59:58,37.7172,800,
10:59:58,37.72,400,
10:59:59,37.70,100,
