09:30:00,25.53,700,
09:30:00,25.54,100,
09:30:00,25.54,800,
09:30:00,25.54,400,
09:30:00,25.54,100,
09:30:00,25.54,800,
09:30:01,25.54,700,
09:30:01,25.53,400,
09:30:01,25.53,400,
09:30:01,25.55,200,
09:30:01,25.55,100,
09:30:01,25.54,300,
09:30:02,25.55,100,
09:30:02,25.55,100,
09:30:03,25.57,100,
09:30:03,25.57,100,
09:30:03,25.57,500,
09:30:03,25.57,100,
09:30:03,25.58,900,
09:30:03,25.58,200,
09:30:03,25.58,100,
09:30:03,25.58,500,
09:30:03,25.61,100,
09:30:03,25.62,100,
09:30:04,25.62,100,
09:30:04,25.61,100,
09:30:04,25.61,300,
09:30:04,25.61,100,
09:30:05,25.63,100,
09:30:06,25.56,200,
09:30:07,25.64,100,
09:30:08,25.63,1000,
09:30:08,25.63,300,
09:30:10,25.60,100,
09:30:10,25.56,1350,
09:30:12,25.62,704,
09:30:13,25.6498,3000,
09:30:16,25.57,300,
09:30:16,25.6398,100,
09:30:16,25.6299,200,
09:30:17,25.56,100,
09:30:17,25.58,400,
09:30:17,25.57,400,
09:30:17,25.57,100,
09:30:17,25.57,300,
09:30:17,25.57,200,
09:30:17,25.57,300,
09:30:17,25.56,200,
09:30:17,25.58,100,
09:30:17,25.58,400,
09:30:17,25.57,400,
09:30:17,25.57,100,
09:30:17,25.60,200,
09:30:17,25.60,300,
09:30:17,25.61,100,
09:30:17,25.61,100,
09:30:17,25.61,100,
09:30:18,25.6071,100,
09:30:19,25.59,100,
09:30:20,25.56,100,
09:30:20,25.61,600,
09:30:20,25.6085,100,
09:30:20,25.6372,500,
09:30:23,25.62,300,
09:30:23,25.6389,400,
09:30:24,25.59,100,
09:30:25,25.61,100,
09:30:25,25.60,200,
09:30:25,25.59,100,
09:30:25,25.58,200,
09:30:25,25.58,400,
09:30:25,25.57,100,
09:30:30,25.5589,1500,
09:30:32,25.5695,1000,
09:30:33,25.5598,400,
09:30:39,25.5899,200,
09:30:41,25.57,100,
09:30:45,25.58,100,
09:30:49,25.59,300,
09:30:49,25.60,100,
09:30:51,25.60,300,
09:30:51,25.60,100,
09:30:51,25.60,300,
09:30:51,25.60,300,
09:30:51,25.60,100,
09:30:51,25.60,700,
09:30:52,25.603,100,
09:30:56,25.6189,450,
09:31:00,25.6388,1000,
09:31:00,25.6308,100,
09:31:00,25.6308,100,
09:31:00,25.61,300,
09:31:00,25.61,100,
09:31:01,25.6144,1150,
09:31:02,25.61,100,
09:31:02,25.6278,150,
09:31:02,25.617,100,
09:31:05,25.60,100,
09:31:05,25.60,1000,
09:31:05,25.60,200,
09:31:06,25.5902,100,
09:31:07,25.58,100,
09:31:07,25.58,100,
09:31:07,25.59,350,
09:31:07,25.58,105,
09:31:07,25.58,300,
09:31:07,25.58,700,
09:31:11,25.59,500,
09:31:14,25.5999,188,
09:31:14,25.5978,400,
09:31:15,25.59,400,
09:31:31,25.582,342,
09:31:47,25.598,250,
09:31:51,25.58,100,
09:31:59,25.57,400,
09:32:00,25.60,100,
09:32:06,25.57,100,
09:32:11,25.58,100,
09:32:11,25.58,300,
09:32:13,25.59,700,
09:32:13,25.59,400,
09:32:13,25.59,100,
09:32:13,25.59,100,
09:32:13,25.58,100,
09:32:13,25.58,100,
09:32:14,25.5889,100,
09:32:18,25.60,300,
09:32:23,25.59,100,
09:32:23,25.59,200,
09:32:23,25.59,200,
09:32:23,25.60,100,
09:32:23,25.60,400,
09:32:23,25.60,300,
09:32:33,25.63,500,
09:32:37,25.629,1500,
09:32:41,25.6193,1200,
09:32:43,25.6398,100,
09:32:44,25.66,100,
09:32:44,25.66,100,
09:32:44,25.6688,1000,
09:32:46,25.6499,100,
09:32:47,25.65,976,
09:32:49,25.6798,2000,
09:32:50,25.68,248,
09:32:52,25.691,100,
09:32:52,25.6999,300,
09:32:53,25.6912,433,
09:32:55,25.7098,400,
09:32:55,25.71,100,
09:32:55,25.71,200,
09:32:55,25.72,100,
09:32:57,25.72,100,
09:32:57,25.72,100,
09:32:57,25.72,200,
09:32:57,25.72,300,
09:32:59,25.72,200,
09:33:00,25.72,100,
09:33:00,25.7195,4000,
09:33:01,25.71,100,
09:33:01,25.727,100,
09:33:01,25.72,200,
09:33:05,25.7199,1000,
09:33:09,25.7198,2000,
09:33:10,25.7186,1200,
09:33:15,25.72,100,
09:33:16,25.7199,100,
09:33:19,25.7107,1000,
09:33:20,25.7193,500,
09:33:21,25.73,400,
09:33:21,25.73,200,
09:33:21,25.73,300,
09:33:21,25.73,300,
09:33:21,25.738,100,
09:33:22,25.73,100,
09:33:22,25.7311,100,
09:33:22,25.7304,100,
09:33:22,25.7302,100,
09:33:22,25.7305,100,
09:33:22,25.73,100,
09:33:22,25.7362,500,
09:33:22,25.74,300,
09:33:22,25.75,500,
09:33:22,25.78,100,
09:33:22,25.74,100,
09:33:22,25.76,300,
09:33:22,25.75,300,
09:33:22,25.75,600,
09:33:22,25.76,300,
09:33:22,25.75,100,
09:33:22,25.78,100,
09:33:22,25.77,500,
09:33:22,25.7489,400,
09:33:22,25.79,100,
09:33:22,25.79,200,
09:33:22,25.79,200,
09:33:22,25.80,700,
09:33:22,25.80,100,
09:33:22,25.78,100,
09:33:22,25.78,600,
09:33:22,25.80,300,
09:33:22,25.81,300,
09:33:22,25.80,100,
09:33:22,25.78,600,
09:33:22,25.79,200,
09:33:22,25.77,200,
09:33:22,25.77,1400,
09:33:23,25.7886,1000,
09:33:25,25.81,100,
09:33:25,25.83,100,
09:33:26,25.7978,500,
09:33:27,25.8275,2000,
09:33:27,25.83,250,
09:33:28,25.85,200,
09:33:28,25.85,282,
09:33:29,25.8589,1000,
09:33:29,25.8575,2100,
09:33:30,25.8685,100,
09:33:30,25.86,400,
09:33:30,25.87,500,
09:33:30,25.88,300,
09:33:30,25.92,152,
09:33:30,25.93,100,
09:33:30,25.94,100,
09:33:30,25.95,300,
09:33:30,25.95,400,
09:33:30,25.96,400,
09:33:30,25.96,1400,
09:33:30,25.97,100,
09:33:30,25.97,300,
09:33:30,25.98,100,
09:33:30,25.99,100,
09:33:30,25.97,500,
09:33:30,25.8589,400,
09:33:31,25.9741,100,
09:33:31,25.9774,100,
09:33:31,25.9774,100,
09:33:31,25.9774,100,
09:33:31,25.9795,1900,
09:33:31,25.99,100,
09:33:31,25.99,100,
09:33:31,25.99,100,
09:33:31,25.9889,200,
09:33:32,25.9889,500,
09:33:33,25.9893,1000,
09:33:36,25.9701,900,
09:33:37,25.98,200,
09:33:37,25.98,100,
09:33:37,25.99,100,
09:33:37,25.988,400,
09:33:37,25.9793,1000,
09:33:38,25.9799,700,
09:33:39,25.94,200,
09:33:39,25.9385,250,
09:33:40,25.95,100,
09:33:40,25.95,100,
09:33:40,25.95,100,
09:33:40,25.96,100,
09:33:40,25.98,200,
09:33:41,25.9415,100,
09:33:42,25.99,300,
09:33:42,25.9802,100,
09:33:43,25.98,100,
09:33:43,25.98,4500,
09:33:44,25.9799,200,
09:33:44,25.97,200,
09:33:44,25.97,176,
09:33:44,25.97,100,
09:33:44,25.97,500,
09:33:44,25.97,111,
09:33:44,26,100,
09:33:45,25.97,200,
09:33:45,25.97,300,
09:33:45,25.97,700,
09:33:45,25.9614,500,
09:33:48,25.9671,200,
09:33:48,25.9693,1230,
09:33:49,25.9602,1000,
09:33:50,25.96,500,
09:33:50,25.9602,2000,
09:33:51,25.96,200,
09:33:51,25.97,100,
09:33:51,25.96,200,
09:33:51,25.96,200,
09:33:51,25.95,100,
09:33:53,25.9485,350,
09:33:54,25.9401,200,
09:33:54,25.9485,100,
09:33:55,25.93,400,
09:33:55,25.93,399,
09:33:55,25.93,100,
09:33:55,25.92,300,
09:33:55,25.93,2000,
09:33:56,25.94,100,
09:33:56,25.95,100,
09:33:56,25.95,200,
09:33:57,25.9407,700,
09:33:58,25.9302,1440,
09:33:58,25.911,1000,
09:33:59,25.902,500,
09:34:00,25.9431,100,
09:34:00,25.9437,100,
09:34:01,25.9193,200,
09:34:01,25.91,100,
09:34:01,25.91,400,
09:34:01,25.91,100,
09:34:01,25.92,200,
09:34:01,25.92,100,
09:34:01,25.92,100,
09:34:01,25.90,600,
09:34:02,25.90,500,
09:34:02,25.89,100,
09:34:02,25.88,200,
09:34:03,25.8702,100,
09:34:03,25.8714,1200,
09:34:04,25.8614,700,
09:34:05,25.8586,500,
09:34:07,25.8412,500,
09:34:09,25.8493,200,
09:34:10,25.8788,100,
09:34:12,25.86,100,
09:34:14,25.88,100,
09:34:14,25.88,600,
09:34:16,25.8875,2500,
09:34:18,25.8878,400,
09:34:18,25.8712,250,
09:34:20,25.90,300,
09:34:20,25.90,100,
09:34:20,25.93,100,
09:34:20,25.92,300,
09:34:21,25.9293,300,
09:34:24,25.9076,400,
09:34:29,25.85,100,
09:34:29,25.85,100,
09:34:29,25.841,500,
09:34:31,25.8201,100,
09:34:32,25.85,100,
09:34:35,25.8295,3000,
09:34:36,25.82,100,
09:34:36,25.82,100,
09:34:36,25.81,100,
09:34:36,25.80,100,
09:34:36,25.81,400,
09:34:36,25.7902,200,
09:34:36,25.81,100,
09:34:41,25.8212,250,
09:34:42,25.835,3000,
09:34:47,25.83,400,
09:34:47,25.83,100,
09:34:47,25.84,724,
09:34:47,25.84,200,
09:34:47,25.84,900,
09:34:47,25.84,100,
09:34:47,25.84,100,
09:34:48,25.8395,200,
09:34:48,25.83,100,
09:34:48,25.83,100,
09:34:49,25.813,100,
09:34:52,25.83,600,
09:34:52,25.83,600,
09:34:52,25.83,800,
09:34:52,25.831,1000,
09:34:53,25.84,100,
09:34:53,25.84,100,
09:34:53,25.83,100,
09:34:58,25.8486,500,
09:35:00,25.83,200,
09:35:00,25.842,100,
09:35:00,25.8445,100,
09:35:00,25.8454,100,
09:35:01,25.85,200,
09:35:02,25.86,100,
09:35:03,25.8625,100,
09:35:05,25.8699,100,
09:35:06,25.87,100,
09:35:06,25.86,200,
09:35:07,25.867,100,
09:35:07,25.877,100,
09:35:09,25.878,200,
09:35:10,25.88,125,
09:35:10,25.88,300,
09:35:10,25.88,175,
09:35:11,25.89,300,
09:35:12,25.897,100,
09:35:13,25.88,400,
09:35:15,25.88,1800,
09:35:15,25.88,500,
09:35:15,25.88,100,
09:35:15,25.88,400,
09:35:15,25.88,1000,
09:35:15,25.88,100,
09:35:15,25.87,600,
09:35:15,25.88,100,
09:35:15,25.88,100,
09:35:15,25.88,100,
09:35:15,25.88,325,
09:35:15,25.88,300,
09:35:15,25.88,300,
09:35:15,25.87,700,
09:35:15,25.87,100,
09:35:18,25.842,900,
09:35:22,25.85,100,
09:35:23,25.86,200,
09:35:26,25.84,100,
09:35:26,25.84,100,
09:35:30,25.84,500,
09:35:32,25.84,100,
09:35:34,25.83,100,
09:35:34,25.85,100,
09:35:34,25.85,100,
09:35:36,25.8571,100,
09:35:36,25.85,297,
09:35:37,25.8578,400,
09:35:39,25.8599,5000,
09:35:42,25.82,100,
09:35:42,25.83,2900,
09:35:44,25.80,100,
09:35:44,25.80,100,
09:35:46,25.7901,1000,
09:35:50,25.8107,300,
09:35:50,25.82,200,
09:35:52,25.8015,400,
09:35:53,25.801,1700,
09:35:55,25.81,200,
09:35:57,25.81,100,
09:35:57,25.81,100,
09:35:57,25.819,500,
09:36:00,25.81,100,
09:36:04,25.7703,7000,
09:36:07,25.81,2500,
09:36:08,25.80,100,
09:36:08,25.78,3200,
09:36:10,25.77,100,
09:36:10,25.78,500,
09:36:10,25.79,100,
09:36:10,25.79,100,
09:36:10,25.80,300,
09:36:10,25.81,300,
09:36:11,25.81,200,
09:36:12,25.804,100,
09:36:12,25.8037,100,
09:36:13,25.81,100,
09:36:13,25.81,200,
09:36:13,25.8172,1000,
09:36:15,25.7893,500,
09:36:16,25.77,100,
09:36:16,25.77,500,
09:36:18,25.791,1300,
09:36:19,25.80,700,
09:36:19,25.81,100,
09:36:19,25.81,300,
09:36:19,25.81,200,
09:36:19,25.8076,500,
09:36:22,25.8076,200,
09:36:22,25.82,100,
09:36:22,25.8124,100,
09:36:23,25.82,100,
09:36:23,25.82,300,
09:36:23,25.82,100,
09:36:23,25.82,100,
09:36:27,25.8156,1000,
09:36:31,25.81,100,
09:36:35,25.791,200,
09:36:36,25.79,1000,
09:36:36,25.78,100,
09:36:36,25.78,100,
09:36:36,25.78,100,
09:36:36,25.78,700,
09:36:36,25.78,100,
09:36:36,25.78,100,
09:36:36,25.79,100,
09:36:36,25.79,100,
09:36:37,25.7725,400,
09:36:43,25.7799,2500,
09:36:46,25.78,100,
09:36:46,25.78,100,
09:36:46,25.79,200,
09:36:46,25.79,300,
09:36:46,25.79,390,
09:36:46,25.79,100,
09:36:47,25.80,1000,
09:36:47,25.80,1400,
09:36:47,25.80,2300,
09:36:47,25.80,150,
09:36:47,25.82,200,
09:36:47,25.82,100,
09:36:48,25.81,100,
09:36:49,25.80,100,
09:36:49,25.80,100,
09:36:49,25.79,100,
09:36:49,25.79,100,
09:36:49,25.79,200,
09:36:50,25.8111,200,
09:36:50,25.79,100,
09:36:51,25.779,700,
09:36:54,25.791,575,
09:36:56,25.7701,900,
09:36:57,25.7899,500,
09:36:57,25.78,300,
09:36:58,25.7615,100,
09:36:58,25.7885,100,
09:37:00,25.7889,200,
09:37:02,25.78,100,
09:37:02,25.78,100,
09:37:02,25.78,100,
09:37:13,25.82,100,
09:37:13,25.8201,200,
09:37:13,25.8116,100,
09:37:13,25.81,2900,
09:37:15,25.7995,2000,
09:37:19,25.77,100,
09:37:19,25.77,100,
09:37:19,25.77,100,
09:37:24,25.8001,100,
09:37:24,25.80,100,
09:37:24,25.8001,100,
09:37:24,25.80,1500,
09:37:24,25.80,100,
09:37:24,25.80,100,
09:37:25,25.8062,500,
09:37:27,25.809,500,
09:37:31,25.8089,182,
09:37:32,25.78,100,
09:37:33,25.79,150,
09:37:40,25.7915,100,
09:37:45,25.76,100,
09:37:45,25.77,300,
09:37:45,25.77,100,
09:37:45,25.77,100,
09:37:45,25.76,100,
09:37:46,25.77,600,
09:37:49,25.7707,1000,
09:37:56,25.78,100,
09:37:56,25.79,600,
09:37:56,25.79,100,
09:37:56,25.78,200,
09:37:58,25.7801,200,
09:37:59,25.79,100,
09:38:02,25.82,200,
09:38:09,25.8315,200,
09:38:10,25.84,100,
09:38:10,25.8499,3000,
09:38:11,25.8401,200,
09:38:12,25.8389,1000,
09:38:12,25.8398,2500,
09:38:17,25.8371,100,
09:38:17,25.82,100,
09:38:18,25.8273,1000,
09:38:18,25.83,300,
09:38:18,25.83,100,
09:38:18,25.83,300,
09:38:18,25.83,100,
09:38:19,25.84,100,
09:38:23,25.8399,100,
09:38:23,25.8393,600,
09:38:24,25.8424,400,
09:38:26,25.85,100,
09:38:26,25.8499,300,
09:38:27,25.848,1300,
09:38:27,25.83,100,
09:38:27,25.83,100,
09:38:27,25.83,100,
09:38:28,25.8393,1000,
09:38:30,25.8229,200,
09:38:32,25.83,200,
09:38:33,25.84,100,
09:38:33,25.8399,200,
09:38:39,25.81,100,
09:38:39,25.8099,200,
09:38:40,25.81,100,
09:38:40,25.81,100,
09:38:48,25.808,400,
09:38:56,25.82,100,
09:39:00,25.828,200,
09:39:00,25.81,100,
09:39:01,25.81,100,
09:39:02,25.81,100,
09:39:04,25.8099,600,
09:39:10,25.81,100,
09:39:14,25.82,100,
09:39:14,25.818,400,
09:39:17,25.8085,100,
09:39:22,25.81,100,
09:39:26,25.8089,200,
09:39:34,25.8188,1000,
09:39:42,25.8038,2000,
09:39:46,25.79,100,
09:39:46,25.7899,300,
09:39:47,25.7807,500,
09:39:49,25.79,100,
09:39:56,25.811,275,
09:39:56,25.81,100,
09:39:59,25.8138,200,
09:40:01,25.84,200,
09:40:01,25.84,100,
09:40:05,25.8495,2400,
09:40:11,25.8511,100,
09:40:12,25.86,300,
09:40:12,25.86,100,
09:40:12,25.86,100,
09:40:12,25.86,100,
09:40:12,25.86,100,
09:40:18,25.85,400,
09:40:20,25.87,100,
09:40:20,25.87,100,
09:40:21,25.87,500,
09:40:21,25.86,700,
09:40:22,25.86,100,
09:40:22,25.86,100,
09:40:22,25.8572,950,
09:40:23,25.86,100,
09:40:23,25.857,100,
09:40:28,25.87,100,
09:40:28,25.8698,400,
09:40:29,25.88,300,
09:40:30,25.9099,900,
09:40:30,25.89,100,
09:40:30,25.89,100,
09:40:30,25.89,100,
09:40:30,25.89,100,
09:40:30,25.89,100,
09:40:30,25.89,300,
09:40:30,25.89,200,
09:40:30,25.88,100,
09:40:31,25.85,100,
09:40:31,25.85,100,
09:40:31,25.85,100,
09:40:31,25.85,239,
09:40:32,25.85,600,
09:40:32,25.86,100,
09:40:35,25.84,100,
09:40:35,25.86,100,
09:40:35,25.86,100,
09:40:41,25.8659,400,
09:40:44,25.863,100,
09:40:46,25.8999,1000,
09:40:48,25.9188,500,
09:40:48,25.9044,900,
09:40:49,25.90,300,
09:40:49,25.90,100,
09:40:49,25.90,100,
09:40:49,25.91,800,
09:40:49,25.92,1000,
09:40:49,25.92,100,
09:40:49,25.92,200,
09:40:50,25.91,700,
09:40:50,25.9001,100,
09:40:50,25.90,100,
09:40:54,25.8998,2500,
09:40:57,25.90,100,
09:40:57,25.89,100,
09:40:57,25.90,100,
09:40:57,25.90,100,
09:40:57,25.90,100,
09:40:57,25.90,100,
09:40:58,25.9099,126,
09:40:59,25.90,100,
09:40:59,25.9072,1100,
09:41:06,25.8785,150,
09:41:09,25.8714,1500,
09:41:12,25.89,100,
09:41:12,25.89,100,
09:41:12,25.90,200,
09:41:12,25.90,100,
09:41:14,25.90,300,
09:41:24,25.90,200,
09:41:24,25.89,400,
09:41:24,25.88,600,
09:41:24,25.88,100,
09:41:27,25.85,100,
09:41:28,25.85,100,
09:41:28,25.85,100,
09:41:28,25.86,100,
09:41:28,25.86,100,
09:41:28,25.86,150,
09:41:28,25.86,100,
09:41:28,25.86,400,
09:41:29,25.8605,3000,
09:41:32,25.88,200,
09:41:32,25.88,100,
09:41:32,25.88,200,
09:41:38,25.8876,100,
09:41:40,25.8889,1000,
09:41:41,25.87,100,
09:41:41,25.87,100,
09:41:47,25.8704,200,
09:41:54,25.8501,900,
09:41:57,25.86,100,
09:42:02,25.8785,165,
09:42:03,25.88,100,
09:42:03,25.88,100,
09:42:03,25.88,100,
09:42:04,25.88,100,
09:42:04,25.88,100,
09:42:05,25.8701,600,
09:42:09,25.8941,200,
09:42:13,25.90,200,
09:42:19,25.90,700,
09:42:26,25.9001,900,
09:42:29,25.9002,300,
09:42:31,25.91,100,
09:42:31,25.93,100,
09:42:31,25.93,100,
09:42:31,25.93,100,
09:42:32,25.92,100,
09:42:33,25.9238,300,
09:42:34,25.9211,500,
09:42:34,25.91,200,
09:42:34,25.91,800,
09:42:36,25.91,600,
09:42:36,25.91,200,
09:42:37,25.901,1000,
09:42:38,25.9076,400,
09:42:44,25.89,100,
09:42:45,25.8871,400,
09:42:47,25.8899,200,
09:42:51,25.89,100,
09:42:51,25.8899,573,
09:42:51,25.90,5427,
09:42:53,25.90,100,
09:42:53,25.9001,100,
09:42:53,25.9001,100,
09:42:53,25.90,100,
09:42:53,25.90,100,
09:42:53,25.90,100,
09:42:53,25.9001,113,
09:42:53,25.90,100,
09:42:53,25.9001,100,
09:42:54,25.9001,2000,
09:42:58,25.9002,3000,
09:43:03,25.892,1100,
09:43:06,25.9015,100,
09:43:06,25.90,100,
09:43:06,25.90,100,
09:43:06,25.90,100,
09:43:06,25.90,600,
09:43:06,25.91,100,
09:43:06,25.91,300,
09:43:06,25.9199,780,
09:43:13,25.90,100,
09:43:18,25.92,776,
09:43:18,25.92,324,
09:43:24,25.9198,600,
09:43:30,25.912,1750,
09:43:30,25.9089,125,
09:43:33,25.9102,1000,
09:43:36,25.90,200,
09:43:39,25.9188,270,
09:43:50,25.93,300,
09:43:50,25.93,100,
09:43:50,25.93,100,
09:43:50,25.93,700,
09:43:50,25.93,300,
09:43:50,25.93,200,
09:43:52,25.8838,200,
09:43:54,25.8892,800,
09:43:55,25.89,100,
09:43:55,25.89,100,
09:43:57,25.89,200,
09:43:57,25.89,150,
09:43:57,25.89,100,
09:43:58,25.91,100,
09:43:58,25.91,300,
09:43:58,25.91,100,
09:44:00,25.901,200,
09:44:01,25.90,100,
09:44:01,25.90,100,
09:44:01,25.90,100,
09:44:01,25.90,1110,
09:44:05,25.89,100,
09:44:07,25.8946,100,
09:44:10,25.8901,200,
09:44:12,25.92,100,
09:44:13,25.94,1000,
09:44:15,25.9511,500,
09:44:20,25.95,100,
09:44:22,25.94,300,
09:44:22,25.95,100,
09:44:22,25.95,100,
09:44:22,25.95,100,
09:44:22,25.95,100,
09:44:26,25.9501,100,
09:44:28,25.959,120,
09:44:29,25.97,100,
09:44:29,25.97,100,
09:44:30,25.96,2100,
09:44:30,25.96,100,
09:44:30,25.96,100,
09:44:30,25.96,600,
09:44:30,25.93,200,
09:44:30,25.93,100,
09:44:30,25.93,100,
09:44:30,25.93,100,
09:44:30,25.93,202,
09:44:30,25.926,400,
09:44:30,25.92,100,
09:44:32,25.92,100,
09:44:32,25.92,100,
09:44:32,25.92,300,
09:44:32,25.92,100,
09:44:33,25.9386,500,
09:44:34,25.94,100,
09:44:34,25.94,100,
09:44:34,25.94,100,
09:44:34,25.95,100,
09:44:35,25.97,348,
09:44:36,25.951,1500,
09:44:37,25.95,700,
09:44:41,25.94,100,
09:44:43,25.9462,2000,
09:44:46,25.9686,500,
09:44:51,25.961,500,
09:44:53,25.969,600,
09:44:53,25.9607,500,
09:44:54,25.97,400,
09:44:56,25.96,300,
09:44:58,25.9599,500,
09:45:00,25.9672,500,
09:45:00,25.97,200,
09:45:00,25.97,100,
09:45:01,25.9762,100,
09:45:02,25.98,482,
09:45:03,25.989,300,
09:45:04,25.9886,800,
09:45:06,26,950,
09:45:06,26,100,
09:45:10,25.9905,369,
09:45:10,26,2300,
09:45:10,25.9985,300,
09:45:11,25.99,100,
09:45:11,25.99,100,
09:45:11,25.99,100,
09:45:11,25.9999,400,
09:45:11,26,400,
09:45:11,25.9986,700,
09:45:12,25.99,100,
09:45:12,25.999,500,
09:45:13,26,100,
09:45:13,26,300,
09:45:15,26.0175,3861,
09:45:16,26.0026,200,
09:45:16,26.01,100,
09:45:16,26.01,400,
09:45:16,26.01,400,
09:45:16,26.01,600,
09:45:16,26.02,100,
09:45:16,26.02,100,
09:45:16,26.02,100,
09:45:17,26.03,300,
09:45:17,26.03,300,
09:45:17,26.03,200,
09:45:17,26.03,100,
09:45:17,26.03,200,
09:45:17,26.03,500,
09:45:17,26.03,100,
09:45:17,26.02,200,
09:45:17,26.0201,700,
09:45:17,26.05,100,
09:45:17,26.05,100,
09:45:17,26.05,300,
09:45:17,26.05,100,
09:45:17,26.05,200,
09:45:17,26.05,200,
09:45:17,26.05,200,
09:45:19,26.0499,900,
09:45:21,26.06,100,
09:45:22,26.0693,1000,
09:45:22,26.05,100,
09:45:23,26.04,100,
09:45:23,26.04,100,
09:45:24,26.059,200,
09:45:27,26.05,100,
09:45:27,26.06,100,
09:45:30,26.0302,2000,
09:45:33,26.0315,200,
09:45:33,26.0314,100,
09:45:33,26.03,200,
09:45:35,26.022,500,
09:45:35,26.04,100,
09:45:36,26.02,2800,
09:45:38,26.0372,1600,
09:45:39,26.0392,2000,
09:45:40,26.03,325,
09:45:42,26.0372,500,
09:45:43,26.037,100,
09:45:43,26.05,500,
09:45:44,26.06,100,
09:45:44,26.06,100,
09:45:44,26.06,400,
09:45:44,26.06,100,
09:45:44,26.06,600,
09:45:44,26.06,100,
09:45:44,26.06,100,
09:45:44,26.06,600,
09:45:44,26.06,200,
09:45:44,26.05,100,
09:45:44,26.05,100,
09:45:44,26.05,300,
09:45:45,26.07,100,
09:45:46,26.061,250,
09:45:46,26.0701,2500,
09:45:47,26.06,100,
09:45:47,26.0689,169,
09:45:48,26.0938,100,
09:45:48,26.09,100,
09:45:48,26.09,100,
09:45:48,26.09,200,
09:45:48,26.09,200,
09:45:48,26.088,250,
09:45:49,26.0855,100,
09:45:49,26.0855,100,
09:45:49,26.0858,100,
09:45:50,26.08,100,
09:45:50,26.08,100,
09:45:50,26.089,4000,
09:45:51,26.0899,1000,
09:45:51,26.09,100,
09:45:51,26.10,100,
09:45:51,26.11,300,
09:45:51,26.11,200,
09:45:52,26.0905,2000,
09:45:55,26.11,100,
09:45:55,26.12,150,
09:45:55,26.1175,3000,
09:45:56,26.13,100,
09:45:56,26.13,100,
09:45:56,26.13,100,
09:45:56,26.1227,100,
09:45:56,26.122,100,
09:45:56,26.1219,100,
09:45:56,26.1219,100,
09:45:56,26.1205,3900,
09:45:56,26.13,100,
09:45:56,26.1212,3233,
09:45:57,26.1201,1300,
09:45:57,26.10,200,
09:45:57,26.10,100,
09:45:57,26.10,100,
09:45:57,26.10,100,
09:45:57,26.10,100,
09:45:58,26.1072,1000,
09:46:00,26.101,100,
09:46:01,26.12,100,
09:46:02,26.1108,300,
09:46:02,26.12,100,
09:46:03,26.11,100,
09:46:03,26.11,100,
09:46:04,26.12,100,
09:46:04,26.12,100,
09:46:04,26.12,100,
09:46:04,26.13,200,
09:46:04,26.13,100,
09:46:04,26.13,100,
09:46:04,26.13,200,
09:46:06,26.15,100,
09:46:06,26.1485,350,
09:46:07,26.1307,1200,
09:46:08,26.1475,300,
09:46:09,26.1301,1000,
09:46:10,26.1293,500,
09:46:11,26.13,100,
09:46:11,26.13,100,
09:46:11,26.13,100,
09:46:11,26.13,100,
09:46:11,26.13,200,
09:46:12,26.1301,100,
09:46:12,26.12,200,
09:46:12,26.11,164,
09:46:13,26.10,300,
09:46:16,26.1098,2200,
09:46:17,26.1089,200,
09:46:19,26.1007,500,
09:46:19,26.1098,5000,
09:46:21,26.0915,500,
09:46:21,26.1093,900,
09:46:22,26.0998,200,
09:46:23,26.10,100,
09:46:23,26.09,100,
09:46:24,26.10,200,
09:46:24,26.0901,900,
09:46:24,26.09,100,
09:46:24,26.09,300,
09:46:24,26.11,200,
09:46:24,26.11,100,
09:46:24,26.11,100,
09:46:24,26.11,4400,
09:46:25,26.1038,500,
09:46:27,26.1005,2000,
09:46:29,26.1185,150,
09:46:30,26.11,100,
09:46:30,26.1099,1600,
09:46:31,26.1185,134,
09:46:31,26.12,100,
09:46:32,26.11,100,
09:46:33,26.1115,100,
09:46:34,26.1201,200,
09:46:34,26.12,252,
09:46:34,26.1171,290,
09:46:35,26.12,190,
09:46:35,26.12,100,
09:46:35,26.1285,100,
09:46:35,26.1189,500,
09:46:36,26.10,100,
09:46:38,26.105,3000,
09:46:40,26.11,100,
09:46:40,26.1001,300,
09:46:42,26.10,200,
09:46:42,26.10,180,
09:46:42,26.10,100,
09:46:42,26.09,100,
09:46:44,26.1085,400,
09:46:44,26.11,100,
09:46:44,26.1099,200,
09:46:45,26.0975,100,
09:46:45,26.10,182,
09:46:46,26.1099,100,
09:46:46,26.10,100,
09:46:46,26.11,100,
09:46:47,26.092,1000,
09:46:50,26.10,300,
09:46:51,26.10,100,
09:46:52,26.10,100,
09:46:52,26.10,100,
09:46:52,26.12,100,
09:46:53,26.11,100,
09:46:53,26.10,800,
09:46:58,26.09,200,
09:46:58,26.09,100,
09:46:59,26.12,145,
09:47:00,26.1101,1000,
09:47:01,26.1224,1500,
09:47:05,26.109,200,
09:47:06,26.11,185,
09:47:08,26.1185,400,
09:47:11,26.12,100,
09:47:13,26.11,100,
09:47:14,26.12,300,
09:47:14,26.11,1000,
09:47:14,26.1199,100,
09:47:14,26.13,300,
09:47:14,26.13,100,
09:47:14,26.13,100,
09:47:14,26.13,700,
09:47:14,26.14,100,
09:47:16,26.1397,100,
09:47:16,26.1397,100,
09:47:16,26.1398,100,
09:47:16,26.1397,100,
09:47:16,26.13,100,
09:47:16,26.13,100,
09:47:16,26.13,100,
09:47:16,26.1301,100,
09:47:16,26.1301,100,
09:47:16,26.1301,100,
09:47:16,26.1301,100,
09:47:16,26.1301,600,
09:47:16,26.13,600,
09:47:16,26.13,100,
09:47:16,26.13,200,
09:47:17,26.12,100,
09:47:17,26.1288,1700,
09:47:17,26.1386,1000,
09:47:19,26.11,804,
09:47:19,26.11,200,
09:47:19,26.1185,100,
09:47:19,26.11,100,
09:47:21,26.0915,200,
09:47:22,26.09,100,
09:47:24,26.0801,200,
09:47:25,26.0899,175,
09:47:28,26.091,100,
09:47:31,26.11,200,
09:47:31,26.1099,500,
09:47:31,26.11,100,
09:47:33,26.10,100,
09:47:33,26.10,400,
09:47:33,26.09,600,
09:47:33,26.095,1200,
09:47:33,26.0815,250,
09:47:34,26.089,200,
09:47:36,26.07,700,
09:47:37,26.0776,150,
09:47:40,26.08,100,
09:47:40,26.08,100,
09:47:41,26.0792,100,
09:47:45,26.08,100,
09:47:48,26.0875,6000,
09:47:48,26.088,1000,
09:47:49,26.08,100,
09:47:49,26.0701,370,
09:47:50,26.07,600,
09:47:50,26.07,100,
09:47:55,26.07,175,
09:47:55,26.07,300,
09:47:55,26.07,100,
09:47:55,26.07,100,
09:47:55,26.06,100,
09:47:55,26.05,3000,
09:47:55,26.05,500,
09:47:55,26.04,100,
09:47:55,26.04,400,
09:47:55,26.04,100,
09:47:55,26.04,600,
09:47:55,26.04,100,
09:47:55,26.04,100,
09:47:55,26.04,200,
09:47:55,26.04,300,
09:47:56,26.0303,100,
09:47:56,26.03,100,
09:47:56,26.0301,100,
09:47:56,26.03,100,
09:47:56,26.0311,200,
09:47:58,26.07,100,
09:47:59,26.0514,1500,
09:47:59,26.05,5000,
09:48:01,26.0522,150,
09:48:01,26.0528,100,
09:48:01,26.0528,100,
09:48:01,26.051,400,
09:48:05,26.069,700,
09:48:05,26.0601,100,
09:48:05,26.0728,100,
09:48:05,26.0723,100,
09:48:05,26.071,300,
09:48:07,26.07,100,
09:48:11,26.0778,400,
09:48:12,26.0502,200,
09:48:13,26.0515,100,
09:48:14,26.0716,100,
09:48:14,26.0717,100,
09:48:14,26.071,800,
09:48:15,26.071,900,
09:48:16,26.0789,200,
09:48:18,26.0511,100,
09:48:19,26.05,100,
09:48:23,26.0675,2000,
09:48:29,26.02,100,
09:48:31,26.0328,1500,
09:48:32,26.03,200,
09:48:32,26.03,100,
09:48:33,26.041,300,
09:48:34,26.0322,500,
09:48:36,26.0401,3600,
09:48:39,26.0529,200,
09:48:41,26.05,100,
09:48:41,26.0499,1000,
09:48:42,26.049,200,
09:48:43,26.05,100,
09:48:48,26.0584,100,
09:48:50,26.0525,225,
09:48:50,26.057,100,
09:48:52,26.0595,3000,
09:48:54,26.05,100,
09:48:54,26.04,700,
09:48:56,26.04,100,
09:48:56,26.04,100,
09:48:56,26.04,100,
09:48:57,26.03,100,
09:49:01,26.04,100,
09:49:01,26.03,3700,
09:49:03,26.03,500,
09:49:05,26,200,
09:49:05,25.9917,100,
09:49:05,25.9917,100,
09:49:05,25.9917,100,
09:49:05,25.991,1300,
09:49:05,25.991,500,
09:49:06,26,500,
09:49:06,26.001,100,
09:49:06,26.0002,3000,
09:49:06,26.01,200,
09:49:07,26.0101,200,
09:49:07,26.001,200,
09:49:07,26.001,300,
09:49:09,26.03,100,
09:49:09,26.03,200,
09:49:09,26.03,100,
09:49:09,26.03,100,
09:49:10,26.03,200,
09:49:10,26.03,100,
09:49:10,26.03,800,
09:49:12,26.03,200,
09:49:12,26.03,100,
09:49:12,26.04,300,
09:49:12,26.04,100,
09:49:12,26.032,200,
09:49:12,26.05,300,
09:49:12,26.0499,370,
09:49:13,26.0499,230,
09:49:14,26.0511,500,
09:49:19,26.04,200,
09:49:19,26.04,200,
09:49:19,26.0322,500,
09:49:20,26.04,100,
09:49:20,26.04,300,
09:49:20,26.04,100,
09:49:20,26.04,100,
09:49:21,26.0429,300,
09:49:24,26.031,300,
09:49:27,26.03,300,
09:49:27,26.03,100,
09:49:30,26.03,100,
09:49:30,26.03,100,
09:49:34,26.049,300,
09:49:38,26.05,100,
09:49:43,26.05,125,
09:49:43,26.05,100,
09:49:44,26.05,100,
09:49:44,26.0429,400,
09:49:49,26.04,100,
09:49:57,26.0598,3500,
09:50:00,26.0565,100,
09:50:00,26.0563,100,
09:50:00,26.0599,100,
09:50:00,26.0599,100,
09:50:00,26.06,100,
09:50:01,26.05,100,
09:50:03,26.05,100,
09:50:03,26.05,100,
09:50:04,26.06,800,
09:50:04,26.059,750,
09:50:06,26.05,2640,
09:50:07,26.061,150,
09:50:10,26.061,500,
09:50:11,26.061,1600,
09:50:15,26.0772,800,
09:50:15,26.07,100,
09:50:15,26.07,600,
09:50:17,26.07,100,
09:50:17,26.07,100,
09:50:17,26.08,100,
09:50:18,26.08,100,
09:50:19,26.09,500,
09:50:22,26.089,600,
09:50:23,26.0815,153,
09:50:24,26.0801,900,
09:50:25,26.08,800,
09:50:28,26.089,100,
09:50:30,26.09,400,
09:50:37,26.0975,300,
09:50:42,26.0989,500,
09:50:47,26.09,100,
09:50:50,26.082,1000,
09:50:52,26.0901,300,
09:50:54,26.08,700,
09:50:55,26.0829,300,
09:50:58,26.089,400,
09:50:59,26.09,219,
09:51:00,26.09,100,
09:51:02,26.0977,100,
09:51:02,26.0979,100,
09:51:02,26.0979,100,
09:51:02,26.0982,200,
09:51:02,26.10,100,
09:51:04,26.10,100,
09:51:04,26.10,200,
09:51:05,26.09,100,
09:51:05,26.09,100,
09:51:05,26.09,100,
09:51:05,26.09,100,
09:51:05,26.11,100,
09:51:05,26.11,100,
09:51:05,26.11,100,
09:51:05,26.11,200,
09:51:05,26.11,200,
09:51:05,26.1099,300,
09:51:07,26.12,100,
09:51:08,26.1185,300,
09:51:09,26.1162,1000,
09:51:10,26.12,200,
09:51:10,26.1175,4000,
09:51:13,26.12,100,
09:51:13,26.12,100,
09:51:13,26.12,100,
09:51:13,26.12,100,
09:51:13,26.12,200,
09:51:16,26.12,100,
09:51:16,26.111,200,
09:51:17,26.12,1800,
09:51:19,26.1199,2000,
09:51:20,26.13,100,
09:51:20,26.13,100,
09:51:20,26.13,100,
09:51:20,26.14,400,
09:51:21,26.1488,200,
09:51:22,26.15,400,
09:51:22,26.15,100,
09:51:22,26.15,200,
09:51:23,26.16,200,
09:51:24,26.1571,200,
09:51:24,26.1599,1000,
09:51:25,26.17,100,
09:51:25,26.18,100,
09:51:25,26.17,100,
09:51:25,26.17,600,
09:51:25,26.17,700,
09:51:27,26.1602,2000,
09:51:30,26.1601,500,
09:51:32,26.17,200,
09:51:32,26.17,100,
09:51:33,26.1625,5000,
09:51:33,26.1615,100,
09:51:33,26.1615,100,
09:51:33,26.1602,5500,
09:51:35,26.1699,1906,
09:51:36,26.1684,2000,
09:51:36,26.1602,300,
09:51:37,26.1611,100,
09:51:38,26.161,300,
09:51:38,26.1611,1000,
09:51:39,26.18,100,
09:51:39,26.169,500,
09:51:41,26.18,100,
09:51:42,26.19,2000,
09:51:43,26.1701,300,
09:51:43,26.1701,200,
09:51:44,26.17,200,
09:51:44,26.17,500,
09:51:45,26.17,200,
09:51:45,26.17,100,
09:51:45,26.17,200,
09:51:45,26.1611,400,
09:51:46,26.1685,300,
09:51:46,26.1607,1250,
09:51:47,26.17,500,
09:51:47,26.18,100,
09:51:47,26.18,200,
09:51:48,26.18,200,
09:51:48,26.18,400,
09:51:48,26.18,100,
09:51:48,26.171,500,
09:51:48,26.17,700,
09:51:48,26.171,500,
09:51:48,26.17,700,
09:51:49,26.1727,100,
09:51:49,26.1727,100,
09:51:49,26.1705,500,
09:51:49,26.1611,500,
09:51:50,26.17,500,
09:51:51,26.17,600,
09:51:51,26.1799,3800,
09:51:51,26.1715,200,
09:51:54,26.1742,100,
09:51:54,26.1739,100,
09:51:54,26.1738,100,
09:51:54,26.1705,200,
09:51:57,26.18,100,
09:51:59,26.1721,100,
09:51:59,26.171,400,
09:52:00,26.179,1000,
09:52:01,26.179,250,
09:52:05,26.1571,400,
09:52:06,26.1585,100,
09:52:07,26.1299,100,
09:52:07,26.1202,100,
09:52:07,26.12,400,
09:52:08,26.1211,1000,
09:52:08,26.1285,100,
09:52:09,26.1315,100,
09:52:10,26.14,100,
09:52:11,26.14,100,
09:52:11,26.14,100,
09:52:12,26.149,5000,
09:52:12,26.14,100,
09:52:13,26.14,100,
09:52:13,26.14,100,
09:52:13,26.14,100,
09:52:13,26.14,100,
09:52:16,26.1228,1000,
09:52:18,26.124,200,
09:52:20,26.1199,2000,
09:52:21,26.1122,400,
09:52:23,26.12,100,
09:52:23,26.12,100,
09:52:23,26.12,100,
09:52:24,26.12,300,
09:52:25,26.1214,1000,
09:52:26,26.1438,1000,
09:52:28,26.12,400,
09:52:28,26.12,300,
09:52:31,26.142,100,
09:52:32,26.1311,100,
09:52:34,26.14,700,
09:52:34,26.13,100,
09:52:35,26.14,100,
09:52:38,26.16,100,
09:52:38,26.16,100,
09:52:39,26.1689,120,
09:52:40,26.1501,400,
09:52:40,26.14,100,
09:52:43,26.1371,200,
09:52:44,26.1325,300,
09:52:44,26.14,100,
09:52:44,26.14,100,
09:52:44,26.14,100,
09:52:45,26.13,290,
09:52:45,26.13,200,
09:52:50,26.1159,200,
09:52:55,26.13,100,
09:52:55,26.13,100,
09:52:55,26.13,100,
09:52:57,26.14,234,
09:52:57,26.14,100,
09:52:57,26.14,100,
09:52:58,26.149,500,
09:52:58,26.1478,234,
09:52:59,26.1476,400,
09:52:59,26.1316,100,
09:52:59,26.1313,100,
09:52:59,26.131,1200,
09:52:59,26.131,700,
09:53:02,26.14,500,
09:53:03,26.1328,260,
09:53:03,26.14,100,
09:53:03,26.14,100,
09:53:05,26.1311,400,
09:53:05,26.15,100,
09:53:06,26.1585,400,
09:53:07,26.15,100,
09:53:08,26.1389,200,
09:53:10,26.131,1000,
09:53:10,26.11,500,
09:53:11,26.1185,100,
09:53:14,26.12,100,
09:53:14,26.13,100,
09:53:14,26.13,100,
09:53:14,26.13,100,
09:53:14,26.13,300,
09:53:14,26.14,100,
09:53:14,26.14,300,
09:53:14,26.14,100,
09:53:14,26.15,300,
09:53:14,26.15,300,
09:53:14,26.15,200,
09:53:14,26.15,100,
09:53:14,26.15,300,
09:53:15,26.16,100,
09:53:15,26.17,100,
09:53:16,26.18,100,
09:53:16,26.18,100,
09:53:16,26.18,100,
09:53:16,26.18,300,
09:53:17,26.18,100,
09:53:17,26.18,400,
09:53:17,26.18,100,
09:53:17,26.18,100,
09:53:17,26.18,600,
09:53:18,26.1899,400,
09:53:18,26.1899,400,
09:53:18,26.19,1251,
09:53:19,26.18,100,
09:53:19,26.18,400,
09:53:19,26.17,600,
09:53:23,26.17,700,
09:53:26,26.16,400,
09:53:26,26.16,300,
09:53:26,26.1515,100,
09:53:28,26.1585,100,
09:53:28,26.15,100,
09:53:28,26.15,500,
09:53:28,26.15,100,
09:53:29,26.15,200,
09:53:33,26.1601,100,
09:53:37,26.17,100,
09:53:38,26.1789,100,
09:53:38,26.18,1000,
09:53:38,26.161,825,
09:53:40,26.1811,1000,
09:53:43,26.19,100,
09:53:43,26.19,100,
09:53:43,26.18,700,
09:53:44,26.17,1000,
09:53:44,26.18,100,
09:53:45,26.16,100,
09:53:47,26.16,600,
09:53:47,26.1585,200,
09:53:51,26.14,100,
09:53:51,26.1429,200,
09:53:53,26.122,1250,
09:53:56,26.1301,1000,
09:53:56,26.13,100,
09:53:56,26.13,600,
09:53:56,26.13,900,
09:53:57,26.12,300,
09:54:04,26.1489,800,
09:54:07,26.15,500,
09:54:08,26.1415,211,
09:54:14,26.15,250,
09:54:17,26.161,100,
09:54:18,26.1585,150,
09:54:19,26.161,300,
09:54:23,26.15,140,
09:54:24,26.15,100,
09:54:26,26.148,236,
09:54:30,26.15,100,
09:54:32,26.1572,800,
09:54:33,26.15,100,
09:54:36,26.17,100,
09:54:36,26.1611,500,
09:54:36,26.1795,1000,
09:54:38,26.16,200,
09:54:40,26.16,500,
09:54:41,26.18,200,
09:54:45,26.19,200,
09:54:46,26.19,100,
09:54:47,26.1893,500,
09:54:50,26.20,100,
09:54:50,26.20,100,
09:54:51,26.20,500,
09:54:51,26.1902,2000,
09:54:52,26.20,100,
09:54:52,26.1907,1000,
09:54:53,26.1901,900,
09:54:53,26.20,100,
09:54:53,26.20,100,
09:54:53,26.1907,100,
09:54:53,26.191,300,
09:54:54,26.20,200,
09:54:55,26.1998,632,
09:54:55,26.20,168,
09:54:56,26.20,100,
09:54:57,26.20,200,
09:54:57,26.20,100,
09:54:59,26.1971,350,
09:55:00,26.20,722,
09:55:01,26.21,700,
09:55:02,26.2085,100,
09:55:03,26.22,800,
09:55:03,26.23,100,
09:55:04,26.23,400,
09:55:04,26.23,100,
09:55:04,26.23,100,
09:55:04,26.23,700,
09:55:04,26.23,400,
09:55:04,26.23,100,
09:55:06,26.23,100,
09:55:08,26.2357,500,
09:55:10,26.2301,3000,
09:55:11,26.24,100,
09:55:13,26.231,200,
09:55:15,26.2301,877,
09:55:15,26.2399,600,
09:55:17,26.2399,100,
09:55:17,26.2399,300,
09:55:18,26.23,100,
09:55:18,26.2201,800,
09:55:19,26.2101,200,
09:55:19,26.211,300,
09:55:20,26.2107,1300,
09:55:22,26.2172,800,
09:55:23,26.21,700,
09:55:23,26.21,400,
09:55:23,26.21,100,
09:55:23,26.21,600,
09:55:25,26.21,100,
09:55:25,26.21,200,
09:55:25,26.21,100,
09:55:26,26.21,400,
09:55:26,26.22,100,
09:55:26,26.22,200,
09:55:26,26.22,280,
09:55:30,26.2299,200,
09:55:31,26.23,4800,
09:55:31,26.23,300,
09:55:31,26.23,100,
09:55:31,26.23,1100,
09:55:32,26.2385,100,
09:55:33,26.23,100,
09:55:35,26.23,100,
09:55:36,26.23,300,
09:55:36,26.23,100,
09:55:37,26.22,180,
09:55:37,26.22,480,
09:55:37,26.22,100,
09:55:37,26.22,300,
09:55:37,26.22,500,
09:55:37,26.22,100,
09:55:37,26.22,155,
09:55:37,26.22,500,
09:55:37,26.22,400,
09:55:37,26.22,300,
09:55:37,26.22,300,
09:55:37,26.22,300,
09:55:37,26.22,200,
09:55:37,26.22,100,
09:55:37,26.22,200,
09:55:37,26.22,200,
09:55:37,26.22,188,
09:55:37,26.22,300,
09:55:37,26.2115,150,
09:55:39,26.2189,500,
09:55:39,26.22,300,
09:55:44,26.211,330,
09:55:45,26.2193,1000,
09:55:46,26.24,150,
09:55:48,26.25,1500,
09:55:50,26.2314,1000,
09:55:50,26.24,300,
09:55:50,26.24,100,
09:55:50,26.24,200,
09:55:52,26.25,500,
09:55:52,26.2411,250,
09:55:55,26.249,1000,
09:55:56,26.231,500,
09:55:56,26.2393,500,
09:55:57,26.239,700,
09:55:59,26.2301,2000,
09:56:01,26.2305,659,
09:56:01,26.24,100,
09:56:01,26.24,300,
09:56:01,26.239,150,
09:56:05,26.24,200,
09:56:05,26.25,400,
09:56:06,26.25,100,
09:56:07,26.2402,500,
09:56:09,26.2315,100,
09:56:10,26.23,345,
09:56:10,26.23,500,
09:56:10,26.2129,100,
09:56:11,26.22,300,
09:56:11,26.22,100,
09:56:11,26.22,700,
09:56:11,26.22,100,
09:56:12,26.21,550,
09:56:12,26.2101,1600,
09:56:16,26.2285,250,
09:56:16,26.23,100,
09:56:21,26.23,100,
09:56:22,26.2388,500,
09:56:25,26.23,700,
09:56:26,26.25,100,
09:56:26,26.25,100,
09:56:27,26.23,1200,
09:56:30,26.24,100,
09:56:31,26.25,100,
09:56:31,26.246,200,
09:56:31,26.25,1800,
09:56:32,26.25,500,
09:56:33,26.2401,2500,
09:56:34,26.249,200,
09:56:35,26.249,125,
09:56:35,26.24,357,
09:56:37,26.25,300,
09:56:39,26.24,2500,
09:56:43,26.25,200,
09:56:45,26.25,300,
09:56:47,26.24,100,
09:56:47,26.24,100,
09:56:47,26.23,200,
09:56:47,26.23,286,
09:56:47,26.23,114,
09:56:49,26.2312,500,
09:56:51,26.2498,500,
09:56:53,26.25,300,
09:56:54,26.25,500,
09:56:54,26.25,200,
09:56:54,26.25,100,
09:56:56,26.25,100,
09:56:58,26.2407,700,
09:56:59,26.24,500,
09:56:59,26.24,100,
09:56:59,26.24,100,
09:56:59,26.24,300,
09:56:59,26.24,100,
09:56:59,26.24,100,
09:56:59,26.24,300,
09:56:59,26.24,400,
09:56:59,26.24,300,
09:56:59,26.24,400,
09:57:00,26.25,2500,
09:57:00,26.24,100,
09:57:00,26.24,100,
09:57:00,26.249,800,
09:57:00,26.23,200,
09:57:00,26.23,100,
09:57:00,26.23,175,
09:57:04,26.2228,1000,
09:57:04,26.23,1500,
09:57:05,26.2293,1000,
09:57:05,26.2202,200,
09:57:10,26.22,100,
09:57:10,26.22,100,
09:57:11,26.22,100,
09:57:11,26.22,100,
09:57:11,26.22,100,
09:57:11,26.2185,300,
09:57:12,26.2288,100,
09:57:13,26.23,100,
09:57:14,26.221,1000,
09:57:15,26.22,400,
09:57:16,26.22,2500,
09:57:19,26.219,1200,
09:57:22,26.211,400,
09:57:24,26.2185,100,
09:57:24,26.2185,300,
09:57:28,26.2111,200,
09:57:30,26.2201,1000,
09:57:31,26.2229,200,
09:57:32,26.21,119,
09:57:33,26.21,381,
09:57:34,26.2085,210,
09:57:36,26.20,700,
09:57:36,26.1997,5000,
09:57:38,26.1922,250,
09:57:43,26.191,500,
09:57:49,26.1993,1000,
09:57:50,26.17,1906,
09:57:50,26.17,100,
09:57:51,26.17,100,
09:57:51,26.17,100,
09:57:51,26.1602,2000,
09:57:52,26.18,100,
09:57:52,26.18,100,
09:57:52,26.18,100,
09:57:52,26.17,300,
09:57:52,26.17,100,
09:57:52,26.17,100,
09:57:52,26.17,100,
09:57:52,26.17,100,
09:57:52,26.16,300,
09:57:52,26.16,100,
09:57:52,26.16,100,
09:57:52,26.16,100,
09:57:52,26.16,600,
09:57:52,26.17,100,
09:57:52,26.17,100,
09:57:52,26.17,300,
09:57:52,26.17,100,
09:57:52,26.17,200,
09:57:52,26.18,100,
09:57:52,26.18,200,
09:57:52,26.18,300,
09:57:52,26.18,190,
09:57:52,26.17,100,
09:57:54,26.1615,250,
09:57:56,26.1601,350,
09:57:57,26.16,100,
09:57:57,26.15,400,
09:57:58,26.141,700,
09:57:58,26.15,100,
09:57:58,26.15,100,
09:57:58,26.15,600,
09:57:59,26.1407,1000,
09:58:00,26.1415,300,
09:58:01,26.1502,2500,
09:58:01,26.1315,100,
09:58:03,26.159,200,
09:58:03,26.1503,100,
09:58:04,26.1626,380,
09:58:06,26.15,2000,
09:58:09,26.14,5000,
09:58:12,26.12,100,
09:58:13,26.12,100,
09:58:16,26.1222,500,
09:58:19,26.12,200,
09:58:19,26.12,100,
09:58:19,26.12,100,
09:58:19,26.12,100,
09:58:19,26.1117,100,
09:58:19,26.1117,100,
09:58:19,26.111,300,
09:58:20,26.12,100,
09:58:21,26.1201,100,
09:58:21,26.1207,1500,
09:58:24,26.15,200,
09:58:24,26.15,100,
09:58:29,26.14,700,
09:58:34,26.12,500,
09:58:39,26.14,27000,
09:58:40,26.14,200,
09:58:40,26.14,100,
09:58:40,26.13,900,
09:58:40,26.13,100,
09:58:40,26.13,100,
09:58:40,26.13,100,
09:58:40,26.13,100,
09:58:40,26.13,100,
09:58:40,26.14,400,
09:58:40,26.13,663,
09:58:40,26.12,100,
09:58:40,26.13,200,
09:58:40,26.10,100,
09:58:40,26.10,300,
09:58:40,26.10,2000,
09:58:41,26.11,100,
09:58:41,26.11,800,
09:58:42,26.11,250,
09:58:42,26.11,1000,
09:58:44,26.0901,200,
09:58:44,26.09,100,
09:58:44,26.09,300,
09:58:44,26.0911,1500,
09:58:45,26.10,100,
09:58:45,26.10,100,
09:58:45,26.10,100,
09:58:45,26.0915,100,
09:58:47,26.09,100,
09:58:47,26.09,100,
09:58:47,26.09,200,
09:58:47,26.08,500,
09:58:47,26.099,300,
09:58:48,26.09,100,
09:58:48,26.09,100,
09:58:48,26.09,300,
09:58:51,26.091,100,
09:58:51,26.091,100,
09:58:53,26.0825,200,
09:58:56,26.08,140,
09:58:58,26.09,4000,
09:58:59,26.0801,100,
09:59:04,26.09,2500,
09:59:05,26.0985,100,
09:59:08,26.07,100,
09:59:12,26.07,539,
09:59:12,26.07,239,
09:59:12,26.07,100,
09:59:12,26.07,200,
09:59:12,26.07,100,
09:59:12,26.07,2000,
09:59:12,26.07,400,
09:59:12,26.08,200,
09:59:12,26.08,100,
09:59:12,26.08,100,
09:59:12,26.08,100,
09:59:12,26.08,200,
09:59:12,26.08,200,
09:59:14,26.09,100,
09:59:14,26.0905,500,
09:59:17,26.10,500,
09:59:19,26.10,100,
09:59:20,26.101,400,
09:59:21,26.11,100,
09:59:22,26.12,950,
09:59:24,26.11,200,
09:59:24,26.11,100,
09:59:24,26.11,200,
09:59:25,26.09,100,
09:59:28,26.11,100,
09:59:29,26.1007,1000,
09:59:30,26.1007,800,
09:59:32,26.1002,7500,
09:59:34,26.10,700,
09:59:39,26.0911,300,
09:59:40,26.09,200,
09:59:42,26.0993,1200,
09:59:43,26.099,500,
09:59:44,26.10,500,
09:59:46,26.1185,300,
09:59:46,26.12,300,
09:59:49,26.121,400,
09:59:54,26.14,700,
09:59:54,26.14,100,
09:59:55,26.15,500,
09:59:55,26.16,100,
09:59:57,26.16,2800,
10:00:03,26.15,300,
10:00:03,26.15,100,
10:00:04,26.14,100,
10:00:04,26.14,100,
10:00:04,26.14,300,
10:00:05,26.159,100,
10:00:09,26.1599,200,
10:00:10,26.16,100,
10:00:15,26.1475,2000,
10:00:17,26.14,100,
10:00:17,26.15,3000,
10:00:18,26.1488,600,
10:00:18,26.149,100,
10:00:19,26.1493,100,
10:00:19,26.1493,100,
10:00:19,26.1493,100,
10:00:19,26.1493,100,
10:00:19,26.15,100,
10:00:20,26.14,100,
10:00:23,26.1438,300,
10:00:26,26.15,100,
10:00:28,26.1598,100,
10:00:28,26.158,900,
10:00:30,26.1707,1495,
10:00:31,26.1797,100,
10:00:31,26.1798,100,
10:00:31,26.18,100,
10:00:33,26.1811,100,
10:00:35,26.18,100,
10:00:35,26.1801,100,
10:00:35,26.1828,500,
10:00:35,26.18,350,
10:00:35,26.18,1000,
10:00:35,26.18,200,
10:00:35,26.18,100,
10:00:35,26.18,100,
10:00:35,26.18,100,
10:00:37,26.18,100,
10:00:37,26.18,100,
10:00:37,26.18,100,
10:00:37,26.18,100,
10:00:37,26.1701,900,
10:00:38,26.17,100,
10:00:38,26.17,100,
10:00:38,26.17,100,
10:00:39,26.1715,100,
10:00:43,26.18,1400,
10:00:44,26.15,200,
10:00:44,26.15,100,
10:00:48,26.1699,400,
10:00:50,26.17,100,
10:00:51,26.17,100,
10:00:51,26.18,100,
10:00:51,26.1799,100,
10:00:51,26.179,400,
10:00:51,26.18,100,
10:00:51,26.18,300,
10:00:51,26.18,100,
10:00:51,26.18,600,
10:00:51,26.18,100,
10:00:51,26.18,100,
10:00:51,26.18,200,
10:00:51,26.1701,700,
10:00:52,26.19,2900,
10:00:53,26.17,200,
10:00:53,26.17,345,
10:00:53,26.17,100,
10:00:53,26.17,100,
10:00:53,26.17,100,
10:00:53,26.17,100,
10:00:53,26.17,100,
10:00:53,26.17,100,
10:00:53,26.16,200,
10:00:53,26.16,200,
10:00:53,26.16,400,
10:00:53,26.16,300,
10:00:53,26.16,100,
10:00:53,26.16,100,
10:00:56,26.1699,2300,
10:00:58,26.17,200,
10:01:00,26.179,100,
10:01:02,26.1785,200,
10:01:03,26.19,100,
10:01:03,26.19,100,
10:01:04,26.23,500,
10:01:05,26.22,100,
10:01:05,26.22,100,
10:01:05,26.22,100,
10:01:05,26.22,200,
10:01:06,26.21,100,
10:01:07,26.19,100,
10:01:07,26.1901,100,
10:01:09,26.19,100,
10:01:10,26.1801,500,
10:01:10,26.18,100,
10:01:10,26.1889,100,
10:01:11,26.18,100,
10:01:11,26.18,100,
10:01:12,26.17,100,
10:01:13,26.19,300,
10:01:15,26.17,100,
10:01:15,26.173,480,
10:01:16,26.18,100,
10:01:16,26.18,300,
10:01:16,26.18,100,
10:01:16,26.17,200,
10:01:16,26.17,100,
10:01:16,26.17,100,
10:01:16,26.16,100,
10:01:17,26.17,200,
10:01:18,26.18,100,
10:01:18,26.18,100,
10:01:18,26.19,105,
10:01:18,26.19,400,
10:01:19,26.19,100,
10:01:19,26.19,100,
10:01:20,26.19,100,
10:01:20,26.1815,100,
10:01:23,26.18,100,
10:01:26,26.18,200,
10:01:26,26.18,100,
10:01:26,26.18,100,
10:01:32,26.1899,100,
10:01:33,26.18,300,
10:01:36,26.1799,500,
10:01:36,26.1799,300,
10:01:37,26.18,100,
10:01:37,26.1711,600,
10:01:38,26.18,500,
10:01:42,26.1899,3500,
10:01:46,26.1901,100,
10:01:47,26.1989,100,
10:01:52,26.20,100,
10:01:52,26.20,100,
10:01:52,26.20,4000,
10:02:01,26.19,100,
10:02:01,26.19,600,
10:02:01,26.19,3100,
10:02:04,26.2012,140,
10:02:08,26.20,100,
10:02:08,26.1985,300,
10:02:09,26.1999,800,
10:02:09,26.20,2400,
10:02:12,26.2086,1000,
10:02:13,26.20,800,
10:02:13,26.19,100,
10:02:13,26.19,100,
10:02:13,26.19,200,
10:02:13,26.19,100,
10:02:14,26.18,700,
10:02:15,26.1796,100,
10:02:15,26.1798,100,
10:02:15,26.1799,500,
10:02:15,26.18,100,
10:02:16,26.16,400,
10:02:17,26.1741,200,
10:02:19,26.16,100,
10:02:19,26.16,100,
10:02:19,26.16,100,
10:02:19,26.16,100,
10:02:20,26.14,100,
10:02:20,26.14,300,
10:02:23,26.1412,200,
10:02:23,26.141,278,
10:02:23,26.14,400,
10:02:25,26.1607,700,
10:02:26,26.18,1900,
10:02:27,26.17,100,
10:02:27,26.1711,500,
10:02:29,26.16,100,
10:02:29,26.16,100,
10:02:29,26.16,200,
10:02:29,26.16,100,
10:02:29,26.16,196,
10:02:30,26.1616,2000,
10:02:32,26.15,2400,
10:02:35,26.15,100,
10:02:35,26.15,700,
10:02:35,26.15,300,
10:02:36,26.1499,300,
10:02:37,26.1688,200,
10:02:38,26.17,100,
10:02:38,26.17,100,
10:02:39,26.17,276,
10:02:42,26.16,100,
10:02:42,26.1698,200,
10:02:46,26.15,2200,
10:02:46,26.15,100,
10:02:52,26.15,800,
10:02:52,26.15,100,
10:02:55,26.15,600,
10:02:55,26.15,100,
10:02:57,26.1498,100,
10:03:03,26.158,400,
10:03:06,26.1401,700,
10:03:07,26.1499,500,
10:03:11,26.14,100,
10:03:14,26.141,261,
10:03:15,26.1411,270,
10:03:17,26.141,200,
10:03:19,26.15,200,
10:03:22,26.159,300,
10:03:23,26.15,100,
10:03:24,26.15,500,
10:03:29,26.1599,2700,
10:03:31,26.15,100,
10:03:32,26.145,3300,
10:03:35,26.15,100,
10:03:36,26.14,800,
10:03:38,26.1322,800,
10:03:39,26.1401,100,
10:03:39,26.14,100,
10:03:41,26.1401,240,
10:03:41,26.13,100,
10:03:43,26.1301,900,
10:03:44,26.16,100,
10:03:44,26.16,200,
10:03:44,26.16,300,
10:03:46,26.17,100,
10:03:46,26.17,100,
10:03:46,26.17,300,
10:03:46,26.17,100,
10:03:46,26.17,100,
10:03:51,26.1699,2800,
10:03:52,26.1601,2000,
10:03:56,26.16,100,
10:03:56,26.16,100,
10:03:56,26.16,600,
10:03:58,26.16,2000,
10:04:02,26.16,480,
10:04:05,26.16,500,
10:04:05,26.15,220,
10:04:08,26.13,100,
10:04:11,26.1312,1282,
10:04:12,26.131,1400,
10:04:15,26.12,200,
10:04:22,26.15,876,
10:04:22,26.15,100,
10:04:25,26.149,751,
10:04:28,26.1471,225,
10:04:32,26.151,416,
10:04:33,26.16,300,
10:04:33,26.16,100,
10:04:33,26.17,100,
10:04:33,26.17,100,
10:04:37,26.16,200,
10:04:39,26.16,100,
10:04:40,26.16,100,
10:04:40,26.1601,245,
10:04:42,26.15,200,
10:04:42,26.15,1000,
10:04:42,26.15,900,
10:04:43,26.16,100,
10:04:47,26.14,100,
10:04:50,26.14,100,
10:04:50,26.13,400,
10:04:51,26.13,100,
10:04:51,26.13,100,
10:04:51,26.13,100,
10:04:52,26.1398,2850,
10:05:01,26.13,2500,
10:05:03,26.12,100,
10:05:07,26.121,200,
10:05:17,26.12,100,
10:05:17,26.12,100,
10:05:17,26.12,200,
10:05:18,26.14,800,
10:05:19,26.16,200,
10:05:19,26.16,500,
10:05:22,26.16,100,
10:05:29,26.15,1000,
10:05:32,26.16,100,
10:05:32,26.16,100,
10:05:32,26.16,200,
10:05:32,26.16,100,
10:05:32,26.16,100,
10:05:32,26.16,400,
10:05:35,26.1472,1000,
10:05:36,26.16,100,
10:05:36,26.16,300,
10:05:36,26.1599,100,
10:05:36,26.1599,200,
10:05:36,26.16,100,
10:05:37,26.1599,100,
10:05:38,26.16,400,
10:05:40,26.16,100,
10:05:40,26.16,100,
10:05:41,26.1528,100,
10:05:41,26.1527,100,
10:05:41,26.151,400,
10:05:42,26.15,100,
10:05:42,26.1501,200,
10:05:47,26.17,400,
10:05:48,26.18,300,
10:05:48,26.179,300,
10:05:48,26.18,100,
10:05:48,26.18,333,
10:05:48,26.18,100,
10:05:50,26.17,100,
10:05:50,26.17,100,
10:05:50,26.17,700,
10:05:50,26.17,600,
10:05:50,26.17,400,
10:05:50,26.17,100,
10:05:50,26.17,100,
10:05:52,26.1793,1000,
10:06:04,26.17,100,
10:06:04,26.17,100,
10:06:04,26.17,100,
10:06:04,26.18,100,
10:06:04,26.18,100,
10:06:04,26.171,100,
10:06:04,26.1707,100,
10:06:04,26.171,2800,
10:06:04,26.171,2400,
10:06:06,26.1675,125,
10:06:08,26.17,100,
10:06:08,26.17,100,
10:06:08,26.17,600,
10:06:09,26.18,100,
10:06:09,26.18,500,
10:06:09,26.18,100,
10:06:10,26.188,200,
10:06:14,26.1611,500,
10:06:15,26.18,100,
10:06:16,26.1878,335,
10:06:17,26.19,1250,
10:06:18,26.1878,265,
10:06:18,26.198,400,
10:06:26,26.19,200,
10:06:28,26.1807,1200,
10:06:30,26.19,100,
10:06:31,26.19,100,
10:06:35,26.179,1350,
10:06:36,26.18,100,
10:06:36,26.18,100,
10:06:36,26.18,100,
10:06:36,26.18,900,
10:06:36,26.1799,100,
10:06:39,26.19,200,
10:06:39,26.19,100,
10:06:39,26.19,100,
10:06:39,26.19,100,
10:06:39,26.19,100,
10:06:41,26.189,144,
10:06:43,26.19,100,
10:06:43,26.19,100,
10:06:43,26.19,800,
10:06:43,26.19,300,
10:06:44,26.18,100,
10:06:45,26.181,100,
10:06:45,26.1802,100,
10:06:45,26.18,200,
10:06:45,26.17,100,
10:06:45,26.17,200,
10:06:45,26.17,300,
10:06:45,26.17,100,
10:06:45,26.17,100,
10:06:46,26.18,2500,
10:06:48,26.18,100,
10:06:48,26.18,100,
10:06:48,26.18,100,
10:06:48,26.18,100,
10:06:50,26.1699,1000,
10:06:52,26.15,100,
10:06:52,26.15,800,
10:06:52,26.15,100,
10:06:52,26.16,100,
10:06:52,26.16,100,
10:06:52,26.16,100,
10:06:53,26.16,100,
10:07:01,26.17,1500,
10:07:05,26.1692,100,
10:07:06,26.178,500,
10:07:06,26.1709,100,
10:07:08,26.18,500,
10:07:13,26.14,2700,
10:07:14,26.158,100,
10:07:21,26.15,500,
10:07:21,26.15,350,
10:07:22,26.14,100,
10:07:23,26.15,400,
10:07:23,26.15,300,
10:07:26,26.1599,200,
10:07:26,26.15,100,
10:07:26,26.1507,1500,
10:07:28,26.1307,1230,
10:07:31,26.1315,350,
10:07:33,26.14,200,
10:07:33,26.14,100,
10:07:36,26.1314,1000,
10:07:38,26.1392,1000,
10:07:39,26.148,300,
10:07:40,26.12,400,
10:07:40,26.12,100,
10:07:40,26.15,1000,
10:07:42,26.1101,100,
10:07:42,26.11,100,
10:07:43,26.11,700,
10:07:45,26.10,100,
10:07:45,26.10,100,
10:07:46,26.1007,500,
10:07:47,26.1001,100,
10:07:48,26.0901,100,
10:07:48,26.09,100,
10:07:48,26.08,200,
10:07:48,26.08,300,
10:07:48,26.08,700,
10:07:50,26.09,400,
10:07:50,26.09,700,
10:07:50,26.09,100,
10:07:50,26.09,100,
10:07:50,26.10,100,
10:07:50,26.10,200,
10:07:51,26.1019,100,
10:07:51,26.1011,100,
10:07:55,26.1007,1000,
10:07:57,26.10,100,
10:07:58,26.11,100,
10:07:58,26.109,775,
10:07:58,26.11,600,
10:08:00,26.10,300,
10:08:01,26.0808,100,
10:08:01,26.0806,100,
10:08:01,26.08,2500,
10:08:02,26.0815,100,
10:08:05,26.06,600,
10:08:05,26.05,300,
10:08:05,26.05,300,
10:08:06,26.061,600,
10:08:06,26.06,100,
10:08:07,26.06,7000,
10:08:07,26.06,100,
10:08:09,26.05,1250,
10:08:09,26.06,100,
10:08:09,26.05,800,
10:08:09,26.05,300,
10:08:09,26.05,100,
10:08:09,26.05,700,
10:08:09,26.04,300,
10:08:09,26.04,1500,
10:08:09,26.04,100,
10:08:09,26.0415,400,
10:08:10,26.0407,900,
10:08:11,26.0499,100,
10:08:12,26.05,100,
10:08:13,26.0402,2000,
10:08:15,26.07,100,
10:08:15,26.06,100,
10:08:15,26.06,1600,
10:08:15,26.0602,1500,
10:08:15,26.0513,100,
10:08:16,26.05,100,
10:08:17,26.07,200,
10:08:19,26.0502,100,
10:08:22,26.05,200,
10:08:24,26.05,200,
10:08:24,26.059,1350,
10:08:25,26.059,500,
10:08:29,26.05,700,
10:08:29,26.05,900,
10:08:29,26.05,100,
10:08:29,26.0401,500,
10:08:32,26.04,300,
10:08:33,26.0498,2000,
10:08:36,26.04,200,
10:08:36,26.04,300,
10:08:37,26.0395,500,
10:08:38,26.02,700,
10:08:38,26,800,
10:08:38,26,200,
10:08:38,26,100,
10:08:38,26,250,
10:08:39,26.01,100,
10:08:39,26.01,100,
10:08:40,26.03,200,
10:08:40,26.0228,800,
10:08:42,26.0211,300,
10:08:42,26.02,200,
10:08:43,26.02,200,
10:08:43,26,120,
10:08:43,26.0001,100,
10:08:44,26.0128,500,
10:08:44,26.0105,100,
10:08:44,26.0107,1900,
10:08:44,26.01,100,
10:08:44,26.01,200,
10:08:46,26.0111,500,
10:08:46,26,150,
10:08:46,26.01,100,
10:08:46,26.01,690,
10:08:46,26.01,100,
10:08:47,26.0028,300,
10:08:47,26.0025,1700,
10:08:48,26.0011,100,
10:08:51,26.01,300,
10:08:55,26.0107,1500,
10:08:56,26.001,100,
10:08:57,26.0011,1000,
10:08:59,26.01,100,
10:08:59,26,400,
10:08:59,26.0001,1000,
10:09:05,26.0015,300,
10:09:06,26,2500,
10:09:07,26,100,
10:09:10,26,100,
10:09:10,26,200,
10:09:10,26,410,
10:09:10,26,100,
10:09:10,25.99,219,
10:09:10,25.98,100,
10:09:10,25.98,100,
10:09:10,25.98,100,
10:09:10,25.9799,100,
10:09:10,25.9799,100,
10:09:10,25.9799,100,
10:09:10,25.9799,100,
10:09:10,25.9799,100,
10:09:10,25.97,700,
10:09:10,25.96,3300,
10:09:10,25.9699,300,
10:09:11,25.958,200,
10:09:12,26,500,
10:09:12,25.961,100,
10:09:12,25.96,200,
10:09:12,25.96,700,
10:09:12,25.96,100,
10:09:13,25.961,200,
10:09:13,25.9625,2000,
10:09:13,25.96,300,
10:09:13,25.96,100,
10:09:14,25.952,500,
10:09:15,25.96,1945,
10:09:15,25.9889,300,
10:09:17,25.99,100,
10:09:17,25.99,100,
10:09:17,25.99,267,
10:09:18,25.9849,100,
10:09:19,25.98,100,
10:09:19,25.98,600,
10:09:19,25.98,100,
10:09:21,25.98,2510,
10:09:21,26,100,
10:09:22,26,300,
10:09:22,26,200,
10:09:24,25.99,300,
10:09:26,25.98,200,
10:09:26,25.98,100,
10:09:26,25.98,200,
10:09:26,25.971,1100,
10:09:26,25.971,1100,
10:09:27,25.9889,200,
10:09:29,25.9893,500,
10:09:29,25.98,700,
10:09:30,25.9711,100,
10:09:30,25.9885,100,
10:09:31,25.98,100,
10:09:31,25.97,1200,
10:09:32,25.97,200,
10:09:32,25.9701,300,
10:09:33,25.98,2500,
10:09:37,25.97,500,
10:09:39,25.962,1000,
10:09:39,25.9707,500,
10:09:41,25.98,340,
10:09:41,25.98,200,
10:09:41,25.9762,967,
10:09:42,25.98,100,
10:09:42,25.98,300,
10:09:43,25.97,400,
10:09:44,25.98,100,
10:09:44,25.97,200,
10:09:48,26,1454,
10:09:48,26,100,
10:09:48,26,100,
10:09:48,26,200,
10:09:48,26,100,
10:09:50,25.99,200,
10:09:50,25.99,100,
10:09:50,25.9901,100,
10:09:50,25.9901,100,
10:09:50,25.9901,512,
10:09:53,26,250,
10:09:54,25.99,100,
10:09:54,25.99,100,
10:09:54,25.99,100,
10:09:54,25.99,100,
10:09:54,25.99,100,
10:09:54,25.99,100,
10:09:54,25.99,100,
10:09:56,26,200,
10:09:57,26,1800,
10:09:58,25.99,100,
10:09:58,26,1500,
10:09:58,26,300,
10:09:58,26,400,
10:09:58,26,200,
10:09:58,26,300,
10:09:58,26,3300,
10:09:58,26,300,
10:10:00,26,1030,
10:10:00,26,1200,
10:10:00,26,6800,
10:10:00,26,1000,
10:10:00,26,1000,
10:10:00,26,4300,
10:10:00,26,17992,
10:10:00,26,200,
10:10:00,26,600,
10:10:00,26,100,
10:10:00,26,750,
10:10:00,26,3900,
10:10:00,26,700,
10:10:00,26,300,
10:10:00,26,669,
10:10:00,26,300,
10:10:00,26,300,
10:10:00,26,200,
10:10:01,26,100,
10:10:03,25.9898,100,
10:10:05,25.97,100,
10:10:05,25.97,100,
10:10:05,25.97,100,
10:10:07,25.978,100,
10:10:09,25.971,2100,
10:10:12,25.97,100,
10:10:12,25.97,100,
10:10:12,25.97,500,
10:10:12,25.97,300,
10:10:12,25.97,200,
10:10:12,25.98,1800,
10:10:15,25.9999,400,
10:10:16,25.99,100,
10:10:16,25.99,200,
10:10:16,25.99,100,
10:10:17,25.99,700,
10:10:19,25.9896,100,
10:10:19,25.9898,100,
10:10:19,25.99,100,
10:10:19,25.99,100,
10:10:19,25.99,100,
10:10:19,25.99,100,
10:10:19,25.9991,100,
10:10:19,25.9991,100,
10:10:19,25.999,2700,
10:10:21,26,1200,
10:10:23,25.99,100,
10:10:23,25.99,100,
10:10:24,25.9898,200,
10:10:24,25.989,500,
10:10:31,25.98,100,
10:10:32,25.9801,200,
10:10:40,25.989,900,
10:10:41,25.97,100,
10:10:41,25.97,100,
10:10:49,25.989,200,
10:10:51,25.99,200,
10:11:00,26.01,200,
10:11:00,26.02,300,
10:11:02,26.01,100,
10:11:04,26.0186,500,
10:11:06,26.0198,100,
10:11:08,26.02,100,
10:11:12,26.02,300,
10:11:13,26.0198,1000,
10:11:18,26,100,
10:11:23,26.0029,250,
10:11:27,26.0099,200,
10:11:29,26.0101,400,
10:11:44,26.0099,1700,
10:11:44,26,100,
10:11:44,26,100,
10:11:44,26,100,
10:11:45,26.02,3300,
10:11:46,26.0195,500,
10:11:55,26.02,4000,
10:11:57,26.03,100,
10:11:58,26.05,225,
10:11:59,26.04,700,
10:11:59,26.03,106,
10:12:00,26.049,975,
10:12:01,26.01,100,
10:12:06,26.009,6000,
10:12:10,26.03,100,
10:12:10,26.03,100,
10:12:10,26.03,200,
10:12:14,26.04,100,
10:12:14,26.04,300,
10:12:14,26.04,100,
10:12:24,26.0301,1000,
10:12:32,26.0299,100,
10:12:38,26.03,100,
10:12:38,26.0298,100,
10:12:38,26.0298,100,
10:12:38,26.03,100,
10:12:38,26.03,100,
10:12:44,26.0493,1000,
10:12:47,26.0399,1000,
10:12:48,26.03,200,
10:12:48,26.03,700,
10:12:52,26.0295,2400,
10:12:54,26.03,700,
10:13:04,26.03,100,
10:13:08,26.04,276,
10:13:08,26.05,800,
10:13:10,26.0511,190,
10:13:13,26.059,800,
10:13:13,26.059,800,
10:13:15,26.06,2700,
10:13:19,26.059,500,
10:13:27,26.0598,2000,
10:13:28,26.06,300,
10:13:28,26.08,100,
10:13:28,26.0701,700,
10:13:28,26.07,100,
10:13:34,26.0689,160,
10:13:34,26.06,176,
10:13:34,26.06,100,
10:13:39,26.0312,200,
10:13:41,26.0393,1000,
10:13:44,26.042,100,
10:13:47,26.05,100,
10:13:47,26.04,100,
10:13:47,26.04,152,
10:13:47,26.04,100,
10:13:49,26.0675,300,
10:13:51,26.06,100,
10:13:54,26.0543,1000,
10:13:55,26.0601,2500,
10:14:00,26.0689,100,
10:14:00,26.07,100,
10:14:02,26.079,400,
10:14:06,26.0705,130,
10:14:09,26.07,100,
10:14:13,26.0771,300,
10:14:18,26.08,300,
10:14:23,26.10,100,
10:14:26,26.0903,100,
10:14:26,26.0903,100,
10:14:26,26.0903,100,
10:14:26,26.0903,100,
10:14:27,26.0901,1200,
10:14:30,26.10,600,
10:14:30,26.10,600,
10:14:32,26.09,100,
10:14:32,26.09,360,
10:14:32,26.09,100,
10:14:33,26.0905,300,
10:14:35,26.10,287,
10:14:38,26.1101,100,
10:14:38,26.11,100,
10:14:40,26.119,300,
10:14:40,26.119,400,
10:14:41,26.1101,100,
10:14:44,26.119,100,
10:14:44,26.11,100,
10:14:44,26.10,200,
10:14:46,26.0999,200,
10:14:48,26.0998,1000,
10:14:50,26.1011,500,
10:14:52,26.12,1300,
10:14:52,26.11,100,
10:14:52,26.11,100,
10:14:53,26.1085,100,
10:14:54,26.12,100,
10:14:55,26.1199,200,
10:15:00,26.1287,200,
10:15:00,26.1291,100,
10:15:00,26.1292,100,
10:15:00,26.1293,100,
10:15:00,26.129,900,
10:15:06,26.14,1700,
10:15:06,26.14,400,
10:15:06,26.14,1300,
10:15:06,26.14,300,
10:15:06,26.14,100,
10:15:06,26.14,200,
10:15:12,26.1511,1000,
10:15:17,26.16,100,
10:15:18,26.16,100,
10:15:18,26.1511,300,
10:15:18,26.17,100,
10:15:18,26.17,100,
10:15:18,26.17,100,
10:15:18,26.16,400,
10:15:18,26.17,100,
10:15:18,26.17,100,
10:15:18,26.17,700,
10:15:18,26.17,100,
10:15:18,26.17,300,
10:15:19,26.1772,100,
10:15:19,26.179,200,
10:15:24,26.169,750,
10:15:26,26.1693,1000,
10:15:29,26.16,100,
10:15:30,26.1671,200,
10:15:31,26.1741,300,
10:15:32,26.17,100,
10:15:33,26.169,1700,
10:15:34,26.18,100,
10:15:34,26.17,200,
10:15:37,26.1707,500,
10:15:41,26.1601,300,
10:15:42,26.169,300,
10:15:43,26.17,100,
10:15:43,26.18,1400,
10:15:47,26.171,200,
10:15:54,26.20,100,
10:15:54,26.20,100,
10:15:54,26.20,300,
10:15:54,26.20,500,
10:15:57,26.19,200,
10:15:57,26.19,300,
10:15:57,26.19,233,
10:15:57,26.19,600,
10:15:57,26.19,300,
10:15:59,26.1991,100,
10:15:59,26.1993,100,
10:15:59,26.1994,100,
10:15:59,26.1993,100,
10:15:59,26.1993,100,
10:15:59,26.199,800,
10:16:00,26.20,200,
10:16:01,26.199,200,
10:16:01,26.20,100,
10:16:03,26.20,450,
10:16:03,26.1911,450,
10:16:07,26.21,400,
10:16:07,26.21,500,
10:16:09,26.21,700,
10:16:09,26.21,100,
10:16:10,26.2072,1000,
10:16:10,26.21,100,
10:16:12,26.21,200,
10:16:13,26.20,100,
10:16:14,26.20,950,
10:16:15,26.191,500,
10:16:15,26.18,100,
10:16:15,26.1801,400,
10:16:22,26.18,100,
10:16:22,26.19,600,
10:16:22,26.19,100,
10:16:23,26.21,100,
10:16:24,26.22,200,
10:16:24,26.22,200,
10:16:24,26.2266,100,
10:16:24,26.227,100,
10:16:24,26.2274,200,
10:16:24,26.2275,100,
10:16:24,26.229,823,
10:16:24,26.23,2500,
10:16:24,26.2011,200,
10:16:25,26.221,1000,
10:16:26,26.221,800,
10:16:28,26.23,100,
10:16:28,26.22,100,
10:16:28,26.23,100,
10:16:28,26.24,100,
10:16:28,26.25,230,
10:16:28,26.25,1200,
10:16:28,26.26,100,
10:16:28,26.27,100,
10:16:28,26.27,100,
10:16:28,26.27,100,
10:16:28,26.27,100,
10:16:28,26.25,13852,
10:16:28,26.27,100,
10:16:28,26.27,100,
10:16:30,26.27,100,
10:16:30,26.28,928,
10:16:30,26.28,300,
10:16:30,26.27,100,
10:16:30,26.2628,100,
10:16:30,26.261,100,
10:16:30,26.2789,100,
10:16:31,26.2772,600,
10:16:32,26.2708,100,
10:16:32,26.2702,100,
10:16:32,26.2708,100,
10:16:32,26.27,300,
10:16:32,26.27,100,
10:16:32,26.27,100,
10:16:32,26.28,3000,
10:16:33,26.279,100,
10:16:34,26.29,200,
10:16:34,26.29,100,
10:16:34,26.29,700,
10:16:34,26.30,1000,
10:16:34,26.30,200,
10:16:34,26.30,2000,
10:16:35,26.30,500,
10:16:35,26.30,976,
10:16:35,26.31,300,
10:16:35,26.31,600,
10:16:36,26.319,400,
10:16:36,26.30,5000,
10:16:37,26.30,100,
10:16:37,26.33,664,
10:16:38,26.33,100,
10:16:39,26.33,268,
10:16:39,26.33,1100,
10:16:39,26.33,400,
10:16:39,26.34,236,
10:16:39,26.34,264,
10:16:39,26.35,776,
10:16:39,26.35,100,
10:16:39,26.35,200,
10:16:39,26.3401,600,
10:16:39,26.3401,600,
10:16:40,26.3599,200,
10:16:40,26.36,200,
10:16:40,26.36,200,
10:16:40,26.36,100,
10:16:40,26.36,400,
10:16:40,26.3599,200,
10:16:40,26.36,600,
10:16:40,26.36,100,
10:16:40,26.36,600,
10:16:40,26.34,100,
10:16:40,26.3695,100,
10:16:40,26.37,100,
10:16:40,26.37,100,
10:16:40,26.37,100,
10:16:40,26.37,100,
10:16:40,26.36,100,
10:16:40,26.37,600,
10:16:40,26.37,100,
10:16:40,26.37,100,
10:16:40,26.37,400,
10:16:40,26.3695,4600,
10:16:40,26.36,400,
10:16:40,26.36,100,
10:16:40,26.36,100,
10:16:40,26.36,100,
10:16:40,26.37,300,
10:16:40,26.369,600,
10:16:41,26.341,250,
10:16:41,26.379,100,
10:16:41,26.37,100,
10:16:41,26.37,200,
10:16:41,26.37,100,
10:16:43,26.38,100,
10:16:43,26.38,275,
10:16:43,26.40,100,
10:16:43,26.39,100,
10:16:43,26.39,300,
10:16:43,26.39,300,
10:16:43,26.39,100,
10:16:43,26.40,535,
10:16:43,26.39,100,
10:16:43,26.40,671,
10:16:43,26.40,712,
10:16:43,26.40,800,
10:16:43,26.40,100,
10:16:43,26.40,400,
10:16:43,26.40,100,
10:16:43,26.40,100,
10:16:43,26.40,100,
10:16:43,26.39,278,
10:16:43,26.40,200,
10:16:43,26.40,100,
10:16:43,26.40,200,
10:16:43,26.40,100,
10:16:43,26.40,100,
10:16:43,26.40,200,
10:16:43,26.40,200,
10:16:43,26.40,200,
10:16:43,26.3785,100,
10:16:43,26.39,100,
10:16:43,26.39,200,
10:16:43,26.39,100,
10:16:43,26.39,200,
10:16:44,26.38,100,
10:16:44,26.38,100,
10:16:44,26.38,100,
10:16:44,26.38,100,
10:16:44,26.38,100,
10:16:45,26.40,1473,
10:16:47,26.39,1000,
10:16:47,26.38,100,
10:16:47,26.38,400,
10:16:47,26.38,100,
10:16:47,26.38,176,
10:16:47,26.38,100,
10:16:47,26.38,200,
10:16:47,26.38,100,
10:16:47,26.38,600,
10:16:47,26.3745,100,
10:16:47,26.38,224,
10:16:47,26.3745,100,
10:16:47,26.3743,100,
10:16:47,26.3745,100,
10:16:47,26.38,100,
10:16:47,26.38,600,
10:16:47,26.37,100,
10:16:47,26.37,100,
10:16:47,26.37,100,
10:16:47,26.37,100,
10:16:47,26.37,100,
10:16:47,26.37,400,
10:16:47,26.37,100,
10:16:47,26.37,400,
10:16:47,26.37,100,
10:16:47,26.37,100,
10:16:47,26.37,100,
10:16:47,26.37,401,
10:16:48,26.37,224,
10:16:48,26.36,300,
10:16:48,26.37,100,
10:16:49,26.37,300,
10:16:49,26.37,700,
10:16:49,26.37,100,
10:16:49,26.37,100,
10:16:49,26.361,200,
10:16:49,26.36,100,
10:16:49,26.3601,700,
10:16:50,26.36,300,
10:16:50,26.3611,100,
10:16:51,26.37,100,
10:16:51,26.361,400,
10:16:52,26.37,100,
10:16:52,26.37,300,
10:16:52,26.38,300,
10:16:53,26.39,366,
10:16:53,26.39,400,
10:16:53,26.39,400,
10:16:53,26.39,100,
10:16:53,26.39,534,
10:16:53,26.4141,200,
10:16:54,26.381,1200,
10:16:54,26.409,100,
10:16:55,26.40,100,
10:16:55,26.40,100,
10:16:55,26.40,200,
10:16:55,26.40,100,
10:16:56,26.4099,5000,
10:16:56,26.40,100,
10:16:56,26.4001,200,
10:16:56,26.39,100,
10:16:56,26.39,100,
10:16:56,26.39,100,
10:16:56,26.39,100,
10:16:57,26.40,100,
10:16:57,26.39,100,
10:16:57,26.39,100,
10:16:58,26.3862,1400,
10:16:59,26.40,100,
10:17:00,26.39,100,
10:17:00,26.4038,400,
10:17:01,26.4015,100,
10:17:02,26.4011,600,
10:17:02,26.41,200,
10:17:02,26.41,800,
10:17:03,26.4195,2000,
10:17:04,26.42,100,
10:17:04,26.4199,200,
10:17:05,26.41,200,
10:17:05,26.4101,100,
10:17:05,26.41,200,
10:17:05,26.4101,400,
10:17:06,26.42,100,
10:17:06,26.4185,200,
10:17:07,26.43,200,
10:17:09,26.43,700,
10:17:09,26.4385,120,
10:17:10,26.4272,1000,
10:17:11,26.43,100,
10:17:11,26.4288,100,
10:17:11,26.429,200,
10:17:11,26.44,1000,
10:17:11,26.44,100,
10:17:11,26.44,100,
10:17:11,26.44,100,
10:17:11,26.44,100,
10:17:11,26.44,164,
10:17:12,26.47,100,
10:17:12,26.421,1700,
10:17:12,26.48,800,
10:17:12,26.48,200,
10:17:12,26.48,400,
10:17:12,26.48,290,
10:17:12,26.48,100,
10:17:13,26.48,100,
10:17:13,26.4855,100,
10:17:13,26.4868,100,
10:17:13,26.4868,100,
10:17:13,26.4805,150,
10:17:13,26.4895,1925,
10:17:14,26.4899,100,
10:17:14,26.4898,2000,
10:17:15,26.4884,100,
10:17:15,26.4886,100,
10:17:15,26.489,400,
10:17:15,26.48,700,
10:17:17,26.47,400,
10:17:17,26.47,100,
10:17:17,26.4699,100,
10:17:18,26.46,400,
10:17:18,26.46,100,
10:17:18,26.4601,300,
10:17:18,26.4601,100,
10:17:18,26.4601,100,
10:17:18,26.4601,100,
10:17:18,26.4601,400,
10:17:18,26.471,1000,
10:17:20,26.4611,300,
10:17:21,26.47,200,
10:17:21,26.46,300,
10:17:21,26.46,200,
10:17:21,26.45,100,
10:17:21,26.45,300,
10:17:21,26.44,300,
10:17:21,26.43,100,
10:17:21,26.44,400,
10:17:21,26.43,324,
10:17:21,26.43,100,
10:17:21,26.43,100,
10:17:22,26.45,100,
10:17:22,26.46,100,
10:17:22,26.4607,500,
10:17:22,26.4615,100,
10:17:22,26.46,100,
10:17:22,26.4612,100,
10:17:22,26.4601,200,
10:17:22,26.4601,1500,
10:17:22,26.46,100,
10:17:22,26.4601,800,
10:17:23,26.46,100,
10:17:23,26.46,100,
10:17:24,26.469,250,
10:17:25,26.4611,300,
10:17:26,26.47,300,
10:17:26,26.4646,100,
10:17:26,26.47,1200,
10:17:27,26.47,100,
10:17:27,26.47,100,
10:17:27,26.47,600,
10:17:27,26.47,333,
10:17:30,26.46,200,
10:17:31,26.4672,600,
10:17:31,26.47,100,
10:17:32,26.4602,2000,
10:17:33,26.461,500,
10:17:36,26.46,100,
10:17:37,26.461,200,
10:17:37,26.4601,200,
10:17:37,26.46,200,
10:17:37,26.4601,975,
10:17:40,26.4515,200,
10:17:42,26.45,675,
10:17:43,26.459,1000,
10:17:43,26.44,100,
10:17:43,26.44,400,
10:17:44,26.44,1000,
10:17:44,26.44,800,
10:17:45,26.4401,200,
10:17:45,26.44,200,
10:17:45,26.441,1500,
10:17:46,26.44,528,
10:17:48,26.45,1000,
10:17:48,26.4498,1000,
10:17:48,26.45,500,
10:17:48,26.45,100,
10:17:48,26.45,100,
10:17:48,26.45,100,
10:17:48,26.45,700,
10:17:49,26.44,2200,
10:17:54,26.4337,1500,
10:17:55,26.4315,200,
10:17:56,26.44,200,
10:17:57,26.4378,4000,
10:17:58,26.4397,100,
10:17:58,26.44,100,
10:17:59,26.43,100,
10:18:02,26.42,100,
10:18:04,26.4389,100,
10:18:05,26.4311,250,
10:18:05,26.439,100,
10:18:07,26.45,100,
10:18:08,26.45,100,
10:18:08,26.45,100,
10:18:09,26.451,200,
10:18:10,26.45,100,
10:18:11,26.45,100,
10:18:11,26.45,100,
10:18:11,26.45,200,
10:18:11,26.45,100,
10:18:11,26.45,200,
10:18:11,26.45,100,
10:18:11,26.45,100,
10:18:12,26.4503,200,
10:18:12,26.45,405,
10:18:13,26.44,230,
10:18:13,26.451,100,
10:18:14,26.42,100,
10:18:14,26.42,300,
10:18:15,26.42,900,
10:18:15,26.4201,300,
10:18:15,26.41,100,
10:18:15,26.41,100,
10:18:15,26.401,4800,
10:18:15,26.401,4900,
10:18:16,26.40,100,
10:18:17,26.402,1000,
10:18:18,26.40,4352,
10:18:20,26.3938,200,
10:18:21,26.401,130,
10:18:23,26.401,500,
10:18:28,26.3928,900,
10:18:29,26.39,100,
10:18:29,26.38,700,
10:18:30,26.37,100,
10:18:30,26.3801,200,
10:18:31,26.39,100,
10:18:31,26.39,100,
10:18:31,26.39,100,
10:18:31,26.389,900,
10:18:33,26.389,500,
10:18:34,26.38,200,
10:18:34,26.38,100,
10:18:35,26.362,200,
10:18:35,26.38,100,
10:18:37,26.36,500,
10:18:37,26.3701,500,
10:18:37,26.3701,500,
10:18:37,26.3701,500,
10:18:38,26.3701,550,
10:18:41,26.38,100,
10:18:42,26.38,100,
10:18:42,26.3706,400,
10:18:43,26.3802,195,
10:18:49,26.39,100,
10:18:49,26.39,100,
10:18:49,26.39,300,
10:18:51,26.38,600,
10:18:54,26.3822,100,
10:18:55,26.3872,300,
10:18:56,26.40,100,
10:18:56,26.40,100,
10:18:56,26.40,300,
10:18:56,26.40,100,
10:18:56,26.40,100,
10:18:56,26.39,200,
10:18:56,26.3811,200,
10:18:59,26.3907,700,
10:19:01,26.40,100,
10:19:03,26.40,500,
10:19:06,26.409,2050,
10:19:07,26.39,100,
10:19:07,26.39,100,
10:19:07,26.39,100,
10:19:07,26.39,700,
10:19:07,26.39,100,
10:19:10,26.389,400,
10:19:14,26.3885,200,
10:19:14,26.3811,500,
10:19:16,26.38,100,
10:19:16,26.38,200,
10:19:16,26.38,100,
10:19:20,26.388,100,
10:19:20,26.39,300,
10:19:20,26.39,100,
10:19:20,26.3801,200,
10:19:24,26.40,100,
10:19:24,26.40,200,
10:19:24,26.41,100,
10:19:24,26.41,200,
10:19:24,26.41,100,
10:19:24,26.40,100,
10:19:24,26.40,100,
10:19:24,26.40,100,
10:19:24,26.40,100,
10:19:24,26.40,500,
10:19:28,26.3801,100,
10:19:28,26.38,100,
10:19:28,26.38,100,
10:19:31,26.3829,200,
10:19:32,26.381,158,
10:19:33,26.3899,100,
10:19:33,26.38,200,
10:19:35,26.36,350,
10:19:35,26.36,100,
10:19:35,26.35,700,
10:19:35,26.34,244,
10:19:37,26.34,100,
10:19:37,26.34,700,
10:19:38,26.3322,200,
10:19:40,26.34,100,
10:19:40,26.35,100,
10:19:40,26.35,100,
10:19:40,26.35,700,
10:19:40,26.36,100,
10:19:40,26.3311,200,
10:19:41,26.3402,2000,
10:19:41,26.341,150,
10:19:43,26.33,100,
10:19:43,26.33,100,
10:19:45,26.3329,100,
10:19:49,26.33,100,
10:19:49,26.32,800,
10:19:49,26.33,200,
10:19:49,26.33,100,
10:19:50,26.33,300,
10:19:50,26.3328,1900,
10:19:54,26.3437,400,
10:19:56,26.34,400,
10:19:59,26.3501,1700,
10:19:59,26.3515,250,
10:20:02,26.38,300,
10:20:02,26.38,100,
10:20:02,26.38,100,
10:20:02,26.38,100,
10:20:02,26.38,100,
10:20:02,26.37,600,
10:20:03,26.3695,2300,
10:20:04,26.36,200,
10:20:04,26.36,300,
10:20:07,26.36,200,
10:20:07,26.36,100,
10:20:07,26.36,100,
10:20:07,26.36,600,
10:20:08,26.3615,200,
10:20:13,26.38,600,
10:20:15,26.38,800,
10:20:15,26.38,100,
10:20:15,26.379,379,
10:20:15,26.37,100,
10:20:18,26.38,100,
10:20:20,26.37,200,
10:20:21,26.3772,500,
10:20:23,26.37,500,
10:20:25,26.37,100,
10:20:25,26.37,100,
10:20:26,26.36,1000,
10:20:37,26.3607,500,
10:20:38,26.37,100,
10:20:38,26.37,500,
10:20:40,26.37,300,
10:20:41,26.3701,300,
10:20:41,26.37,100,
10:20:41,26.37,100,
10:20:41,26.3628,200,
10:20:42,26.3612,325,
10:20:44,26.3614,500,
10:20:46,26.362,300,
10:20:50,26.39,200,
10:20:53,26.38,100,
10:20:53,26.3901,300,
10:20:54,26.3907,500,
10:20:55,26.391,100,
10:20:55,26.38,420,
10:21:00,26.38,100,
10:21:00,26.38,100,
10:21:02,26.3901,700,
10:21:04,26.3714,1000,
10:21:05,26.389,100,
10:21:05,26.3894,100,
10:21:05,26.3895,100,
10:21:05,26.3895,100,
10:21:05,26.3894,100,
10:21:06,26.38,100,
10:21:08,26.37,100,
10:21:12,26.37,1200,
10:21:16,26.3999,300,
10:21:17,26.39,100,
10:21:22,26.401,200,
10:21:23,26.41,100,
10:21:24,26.40,400,
10:21:24,26.41,300,
10:21:25,26.40,100,
10:21:25,26.40,100,
10:21:25,26.40,100,
10:21:25,26.407,500,
10:21:26,26.409,111,
10:21:28,26.40,536,
10:21:32,26.4089,100,
10:21:34,26.40,100,
10:21:34,26.4001,300,
10:21:36,26.40,4300,
10:21:38,26.41,250,
10:21:38,26.41,100,
10:21:45,26.40,100,
10:21:47,26.401,900,
10:21:48,26.41,600,
10:21:49,26.40,313,
10:21:49,26.401,100,
10:21:52,26.409,200,
10:21:58,26.40,413,
10:21:58,26.3928,1000,
10:21:59,26.39,200,
10:22:01,26.397,300,
10:22:03,26.39,200,
10:22:03,26.39,700,
10:22:04,26.39,100,
10:22:05,26.39,100,
10:22:06,26.40,600,
10:22:08,26.3801,100,
10:22:11,26.3901,1000,
10:22:18,26.3989,500,
10:22:24,26.3801,100,
10:22:29,26.39,164,
10:22:33,26.4025,6200,
10:22:37,26.407,301,
10:22:38,26.40,100,
10:22:38,26.40,100,
10:22:39,26.40,400,
10:22:39,26.41,100,
10:22:39,26.41,100,
10:22:39,26.40,100,
10:22:39,26.40,100,
10:22:39,26.40,300,
10:22:39,26.40,100,
10:22:39,26.40,900,
10:22:39,26.40,700,
10:22:39,26.40,800,
10:22:40,26.41,100,
10:22:43,26.419,500,
10:22:47,26.399,102,
10:22:48,26.40,200,
10:22:48,26.40,700,
10:22:49,26.41,100,
10:22:49,26.4157,1300,
10:22:51,26.42,2000,
10:22:57,26.42,200,
10:22:57,26.42,200,
10:23:00,26.41,400,
10:23:02,26.40,400,
10:23:03,26.40,400,
10:23:03,26.40,200,
10:23:03,26.41,100,
10:23:04,26.41,100,
10:23:10,26.41,100,
10:23:10,26.42,100,
10:23:10,26.4199,500,
10:23:13,26.4128,600,
10:23:14,26.43,200,
10:23:14,26.43,100,
10:23:14,26.43,100,
10:23:14,26.43,200,
10:23:14,26.43,100,
10:23:14,26.4111,400,
10:23:15,26.45,179,
10:23:18,26.4299,300,
10:23:18,26.4299,300,
10:23:21,26.41,500,
10:23:21,26.41,300,
10:23:21,26.41,100,
10:23:21,26.41,100,
10:23:21,26.40,100,
10:23:22,26.391,1000,
10:23:25,26.401,500,
10:23:28,26.4001,100,
10:23:31,26.40,100,
10:23:31,26.40,400,
10:23:31,26.3995,9000,
10:23:34,26.3907,200,
10:23:36,26.40,495,
10:23:37,26.3911,695,
10:23:37,26.4099,300,
10:23:39,26.4002,2000,
10:23:43,26.42,400,
10:23:48,26.422,200,
10:23:52,26.4211,300,
10:23:56,26.42,400,
10:23:56,26.42,700,
10:23:58,26.4198,200,
10:23:59,26.42,100,
10:24:06,26.4196,600,
10:24:07,26.42,300,
10:24:10,26.403,250,
10:24:15,26.43,1300,
10:24:15,26.43,100,
10:24:15,26.43,100,
10:24:15,26.43,100,
10:24:15,26.43,100,
10:24:15,26.43,100,
10:24:15,26.43,100,
10:24:17,26.4203,100,
10:24:17,26.421,200,
10:24:18,26.4201,100,
10:24:18,26.42,100,
10:24:21,26.42,116,
10:24:21,26.42,700,
10:24:21,26.42,700,
10:24:24,26.4289,1000,
10:24:25,26.4189,400,
10:24:25,26.42,100,
10:24:25,26.42,300,
10:24:25,26.43,600,
10:24:27,26.4201,2300,
10:24:27,26.43,100,
10:24:28,26.43,100,
10:24:29,26.43,400,
10:24:29,26.43,100,
10:24:30,26.4301,300,
10:24:30,26.44,100,
10:24:30,26.44,100,
10:24:30,26.45,200,
10:24:30,26.45,500,
10:24:30,26.45,800,
10:24:32,26.441,100,
10:24:34,26.447,300,
10:24:35,26.45,100,
10:24:35,26.441,100,
10:24:35,26.4489,1000,
10:24:36,26.45,100,
10:24:37,26.441,1200,
10:24:41,26.4599,2400,
10:24:41,26.46,2400,
10:24:41,26.45,100,
10:24:41,26.45,200,
10:24:43,26.46,300,
10:24:43,26.45,100,
10:24:43,26.45,100,
10:24:43,26.45,300,
10:24:46,26.461,105,
10:24:49,26.4602,300,
10:24:50,26.46,100,
10:24:50,26.46,700,
10:24:50,26.46,300,
10:24:51,26.4572,800,
10:24:52,26.4585,100,
10:24:53,26.45,400,
10:24:55,26.4412,100,
10:24:57,26.46,100,
10:24:57,26.46,100,
10:24:58,26.47,6900,
10:25:01,26.47,100,
10:25:01,26.4795,400,
10:25:02,26.48,300,
10:25:02,26.471,100,
10:25:04,26.48,700,
10:25:04,26.48,100,
10:25:04,26.49,100,
10:25:04,26.49,200,
10:25:04,26.49,110,
10:25:04,26.49,100,
10:25:05,26.4811,1000,
10:25:06,26.49,100,
10:25:06,26.4811,110,
10:25:06,26.4811,225,
10:25:07,26.48,500,
10:25:08,26.48,100,
10:25:08,26.489,218,
10:25:09,26.48,175,
10:25:09,26.47,200,
10:25:09,26.47,100,
10:25:09,26.47,100,
10:25:09,26.47,100,
10:25:09,26.47,100,
10:25:09,26.47,300,
10:25:09,26.47,400,
10:25:09,26.47,100,
10:25:11,26.47,700,
10:25:12,26.46,1600,
10:25:13,26.4807,100,
10:25:14,26.481,500,
10:25:15,26.481,200,
10:25:15,26.481,100,
10:25:16,26.4899,4900,
10:25:18,26.49,100,
10:25:18,26.49,100,
10:25:18,26.49,100,
10:25:20,26.4823,100,
10:25:21,26.481,200,
10:25:21,26.50,800,
10:25:22,26.4965,100,
10:25:23,26.4901,100,
10:25:23,26.48,600,
10:25:26,26.49,800,
10:25:26,26.49,700,
10:25:26,26.48,500,
10:25:26,26.4601,300,
10:25:27,26.48,200,
10:25:27,26.48,100,
10:25:27,26.48,100,
10:25:27,26.49,700,
10:25:28,26.4896,100,
10:25:29,26.489,100,
10:25:31,26.4889,100,
10:25:31,26.4887,100,
10:25:31,26.489,300,
10:25:32,26.484,250,
10:25:33,26.489,200,
10:25:33,26.4801,180,
10:25:34,26.49,100,
10:25:35,26.481,500,
10:25:35,26.49,100,
10:25:35,26.489,1700,
10:25:37,26.49,100,
10:25:37,26.49,100,
10:25:37,26.49,600,
10:25:38,26.4812,100,
10:25:39,26.50,200,
10:25:39,26.50,200,
10:25:39,26.50,100,
10:25:40,26.5001,300,
10:25:40,26.50,100,
10:25:40,26.50,100,
10:25:40,26.50,1100,
10:25:40,26.50,100,
10:25:40,26.50,700,
10:25:41,26.49,697,
10:25:43,26.48,100,
10:25:43,26.48,100,
10:25:43,26.48,800,
10:25:45,26.4872,100,
10:25:45,26.4878,100,
10:25:45,26.488,100,
10:25:45,26.489,600,
10:25:46,26.48,100,
10:25:46,26.48,800,
10:25:46,26.48,600,
10:25:47,26.49,300,
10:25:50,26.499,300,
10:25:50,26.49,700,
10:25:51,26.491,200,
10:25:51,26.49,600,
10:25:52,26.5011,100,
10:25:53,26.50,100,
10:25:54,26.5028,100,
10:25:54,26.5084,100,
10:25:54,26.5085,100,
10:25:54,26.5085,100,
10:25:54,26.5085,100,
10:25:54,26.509,1800,
10:25:54,26.509,800,
10:25:54,26.501,1700,
10:25:55,26.509,2600,
10:25:55,26.50,300,
10:25:55,26.49,700,
10:25:55,26.49,200,
10:25:56,26.5011,400,
10:25:57,26.4896,100,
10:25:57,26.489,900,
10:25:57,26.489,900,
10:25:58,26.48,300,
10:25:58,26.47,400,
10:25:58,26.4889,300,
10:25:59,26.472,500,
10:26:01,26.4772,1200,
10:26:01,26.47,400,
10:26:01,26.47,100,
10:26:01,26.47,100,
10:26:01,26.47,595,
10:26:02,26.4611,250,
10:26:03,26.48,100,
10:26:05,26.483,300,
10:26:05,26.49,100,
10:26:05,26.4905,100,
10:26:05,26.4904,100,
10:26:05,26.4904,100,
10:26:05,26.4908,100,
10:26:05,26.4809,200,
10:26:05,26.481,2300,
10:26:05,26.481,2000,
10:26:06,26.483,100,
10:26:07,26.481,400,
10:26:08,26.48,9300,
10:26:08,26.50,200,
10:26:09,26.49,200,
10:26:09,26.4902,1300,
10:26:12,26.50,100,
10:26:13,26.499,200,
10:26:16,26.493,500,
10:26:17,26.50,600,
10:26:19,26.499,2000,
10:26:19,26.51,100,
10:26:19,26.52,100,
10:26:19,26.52,200,
10:26:19,26.50,3700,
10:26:19,26.52,323,
10:26:20,26.5111,1000,
10:26:20,26.53,500,
10:26:20,26.54,100,
10:26:20,26.54,100,
10:26:20,26.54,100,
10:26:20,26.54,100,
10:26:20,26.53,211,
10:26:21,26.53,400,
10:26:21,26.5301,1200,
10:26:21,26.53,100,
10:26:21,26.53,411,
10:26:21,26.53,100,
10:26:21,26.53,100,
10:26:21,26.53,300,
10:26:21,26.53,535,
10:26:21,26.52,400,
10:26:21,26.53,100,
10:26:21,26.53,100,
10:26:21,26.53,100,
10:26:22,26.53,100,
10:26:22,26.53,600,
10:26:22,26.54,100,
10:26:22,26.54,100,
10:26:22,26.54,100,
10:26:22,26.55,153,
10:26:22,26.55,500,
10:26:23,26.55,300,
10:26:24,26.54,100,
10:26:24,26.54,400,
10:26:25,26.55,100,
10:26:25,26.55,200,
10:26:25,26.55,200,
10:26:25,26.5499,700,
10:26:25,26.543,200,
10:26:26,26.559,3800,
10:26:26,26.5511,100,
10:26:27,26.55,300,
10:26:27,26.55,300,
10:26:27,26.55,100,
10:26:27,26.55,100,
10:26:27,26.56,100,
10:26:27,26.57,4613,
10:26:28,26.56,200,
10:26:28,26.5504,1000,
10:26:28,26.56,2000,
10:26:29,26.563,600,
10:26:31,26.5699,200,
10:26:31,26.5681,100,
10:26:31,26.569,300,
10:26:31,26.561,2000,
10:26:33,26.5606,1350,
10:26:34,26.561,3000,
10:26:35,26.55,500,
10:26:36,26.54,100,
10:26:36,26.549,200,
10:26:37,26.539,100,
10:26:37,26.5502,100,
10:26:37,26.549,500,
10:26:37,26.57,200,
10:26:37,26.567,700,
10:26:38,26.569,100,
10:26:38,26.569,200,
10:26:38,26.56,100,
10:26:39,26.539,100,
10:26:39,26.5633,200,
10:26:40,26.569,100,
10:26:40,26.57,100,
10:26:41,26.569,100,
10:26:42,26.56,700,
10:26:42,26.55,400,
10:26:43,26.569,377,
10:26:45,26.56,200,
10:26:47,26.5598,300,
10:26:48,26.56,100,
10:26:52,26.5571,200,
10:26:53,26.56,200,
10:26:54,26.551,300,
10:26:54,26.558,1700,
10:26:57,26.5571,100,
10:26:57,26.5572,500,
10:26:57,26.55,100,
10:26:57,26.55,100,
10:26:57,26.55,100,
10:26:57,26.55,100,
10:26:57,26.55,100,
10:26:57,26.55,1200,
10:26:57,26.55,600,
10:26:57,26.55,200,
10:26:57,26.55,100,
10:26:57,26.55,200,
10:26:58,26.553,400,
10:26:58,26.5501,100,
10:27:00,26.5573,100,
10:27:01,26.56,342,
10:27:01,26.551,900,
10:27:04,26.5798,4000,
10:27:05,26.57,100,
10:27:05,26.57,700,
10:27:05,26.57,100,
10:27:05,26.58,600,
10:27:05,26.57,100,
10:27:05,26.57,100,
10:27:05,26.57,100,
10:27:05,26.57,100,
10:27:05,26.57,600,
10:27:05,26.57,700,
10:27:06,26.58,200,
10:27:06,26.58,100,
10:27:06,26.5799,100,
10:27:07,26.5885,100,
10:27:08,26.58,100,
10:27:09,26.5798,5000,
10:27:11,26.58,100,
10:27:13,26.5767,200,
10:27:15,26.58,100,
10:27:15,26.58,100,
10:27:15,26.59,200,
10:27:15,26.59,100,
10:27:15,26.59,300,
10:27:15,26.59,100,
10:27:15,26.59,100,
10:27:15,26.59,100,
10:27:15,26.59,100,
10:27:15,26.59,100,
10:27:15,26.60,100,
10:27:16,26.60,1600,
10:27:16,26.60,100,
10:27:16,26.60,1400,
10:27:16,26.60,1200,
10:27:16,26.60,500,
10:27:16,26.60,1200,
10:27:16,26.60,400,
10:27:16,26.60,100,
10:27:16,26.60,400,
10:27:16,26.60,100,
10:27:16,26.60,300,
10:27:16,26.59,100,
10:27:18,26.5801,500,
10:27:19,26.5885,100,
10:27:21,26.60,570,
10:27:22,26.59,525,
10:27:23,26.598,430,
10:27:23,26.58,10000,
10:27:23,26.58,700,
10:27:25,26.58,100,
10:27:25,26.58,100,
10:27:27,26.5702,2000,
10:27:30,26.5888,500,
10:27:31,26.59,100,
10:27:31,26.60,500,
10:27:31,26.60,300,
10:27:31,26.60,100,
10:27:31,26.60,700,
10:27:31,26.60,200,
10:27:31,26.60,130,
10:27:31,26.60,102,
10:27:31,26.61,100,
10:27:31,26.61,200,
10:27:32,26.62,300,
10:27:32,26.62,200,
10:27:32,26.62,100,
10:27:33,26.612,100,
10:27:33,26.6119,100,
10:27:33,26.6101,200,
10:27:33,26.6194,200,
10:27:33,26.619,300,
10:27:33,26.6101,100,
10:27:34,26.63,1000,
10:27:35,26.62,500,
10:27:36,26.6298,2000,
10:27:38,26.61,800,
10:27:39,26.611,500,
10:27:40,26.619,400,
10:27:40,26.6115,100,
10:27:41,26.60,227,
10:27:44,26.5989,400,
10:27:50,26.59,500,
10:27:51,26.57,100,
10:27:51,26.57,100,
10:27:51,26.57,500,
10:27:51,26.57,1000,
10:27:52,26.57,100,
10:27:52,26.57,100,
10:27:53,26.5778,200,
10:27:55,26.5601,300,
10:27:58,26.5562,600,
10:27:59,26.56,100,
10:27:59,26.56,100,
10:28:00,26.55,700,
10:28:01,26.54,100,
10:28:01,26.5399,3900,
10:28:01,26.539,200,
10:28:01,26.539,200,
10:28:02,26.561,200,
10:28:02,26.53,165,
10:28:03,26.537,400,
10:28:04,26.521,400,
10:28:07,26.53,100,
10:28:08,26.54,101,
10:28:09,26.55,200,
10:28:09,26.55,100,
10:28:09,26.55,100,
10:28:09,26.55,100,
10:28:09,26.5499,500,
10:28:12,26.5401,200,
10:28:13,26.54,300,
10:28:13,26.5301,100,
10:28:14,26.5301,900,
10:28:15,26.5492,100,
10:28:15,26.5488,100,
10:28:16,26.56,1711,
10:28:18,26.56,3900,
10:28:19,26.54,1000,
10:28:19,26.54,400,
10:28:19,26.533,200,
10:28:22,26.531,500,
10:28:24,26.532,150,
10:28:25,26.56,100,
10:28:25,26.56,100,
10:28:27,26.55,100,
10:28:28,26.55,100,
10:28:28,26.5511,100,
10:28:28,26.5515,100,
10:28:30,26.55,500,
10:28:31,26.5572,1000,
10:28:32,26.5504,1000,
10:28:34,26.5562,400,
10:28:34,26.5578,300,
10:28:36,26.56,100,
10:28:38,26.551,100,
10:28:39,26.5611,1000,
10:28:43,26.569,500,
10:28:45,26.5515,100,
10:28:46,26.561,123,
10:28:47,26.56,100,
10:28:50,26.569,200,
10:28:51,26.561,500,
10:28:54,26.5602,200,
10:28:57,26.57,800,
10:28:59,26.5607,800,
10:29:02,26.567,400,
10:29:02,26.56,200,
10:29:02,26.56,200,
10:29:04,26.5685,100,
10:29:04,26.55,100,
10:29:05,26.53,100,
10:29:08,26.54,400,
10:29:08,26.54,700,
10:29:08,26.54,100,
10:29:08,26.53,400,
10:29:08,26.53,100,
10:29:08,26.53,100,
10:29:08,26.53,100,
10:29:08,26.53,100,
10:29:08,26.53,200,
10:29:08,26.53,300,
10:29:08,26.53,300,
10:29:08,26.53,500,
10:29:08,26.53,500,
10:29:08,26.53,100,
10:29:08,26.53,5000,
10:29:08,26.53,5000,
10:29:10,26.54,100,
10:29:12,26.53,400,
10:29:12,26.53,400,
10:29:14,26.54,300,
10:29:16,26.5311,500,
10:29:17,26.57,100,
10:29:21,26.55,325,
10:29:24,26.557,1005,
10:29:27,26.5506,100,
10:29:29,26.57,100,
10:29:31,26.5528,100,
10:29:36,26.55,700,
10:29:36,26.537,150,
10:29:42,26.52,500,
10:29:42,26.52,100,
10:29:42,26.52,1000,
10:29:44,26.54,100,
10:29:44,26.53,100,
10:29:45,26.54,100,
10:29:47,26.532,377,
10:29:47,26.5322,200,
10:29:51,26.55,100,
10:29:52,26.54,200,
10:29:52,26.54,400,
10:29:52,26.54,100,
10:29:52,26.54,2000,
10:29:53,26.5501,250,
10:29:54,26.55,100,
10:29:54,26.55,100,
10:29:54,26.55,600,
10:29:54,26.55,100,
10:29:55,26.54,400,
10:29:56,26.549,100,
10:29:56,26.5425,2700,
10:29:57,26.55,100,
10:29:57,26.55,300,
10:29:59,26.55,300,
10:29:59,26.55,100,
10:29:59,26.55,200,
10:29:59,26.54,100,
10:29:59,26.54,100,
10:30:01,26.532,300,
10:30:02,26.543,500,
10:30:08,26.559,200,
10:30:11,26.5511,400,
10:30:11,26.5689,1000,
10:30:13,26.56,300,
10:30:14,26.561,2000,
10:30:16,26.57,100,
10:30:18,26.5777,100,
10:30:18,26.579,100,
10:30:21,26.579,200,
10:30:29,26.581,1500,
10:30:31,26.59,100,
10:30:31,26.59,100,
10:30:31,26.59,100,
10:30:31,26.60,200,
10:30:31,26.59,100,
10:30:34,26.583,100,
10:30:38,26.58,100,
10:30:38,26.58,5000,
10:30:38,26.5899,5000,
10:30:38,26.589,1700,
10:30:38,26.589,1800,
10:30:40,26.589,108,
10:30:40,26.589,200,
10:30:41,26.57,200,
10:30:41,26.587,1100,
10:30:44,26.5601,2000,
10:30:48,26.58,400,
10:30:48,26.58,100,
10:30:49,26.58,100,
10:30:49,26.571,400,
10:30:52,26.56,200,
10:30:52,26.55,600,
10:30:52,26.54,113,
10:30:52,26.54,303,
10:30:52,26.53,100,
10:30:52,26.53,330,
10:30:55,26.56,100,
10:30:56,26.563,1000,
10:30:59,26.5601,700,
10:31:04,26.58,100,
10:31:08,26.577,100,
10:31:11,26.561,200,
10:31:15,26.56,400,
10:31:17,26.571,205,
10:31:18,26.55,200,
10:31:19,26.56,1368,
10:31:23,26.543,200,
10:31:27,26.53,263,
10:31:29,26.5401,3000,
10:31:31,26.5489,193,
10:31:32,26.541,500,
10:31:38,26.541,1000,
10:31:44,26.54,100,
10:31:46,26.5398,1000,
10:31:49,26.53,400,
10:31:52,26.52,253,
10:31:53,26.529,200,
10:31:59,26.538,200,
10:32:00,26.53,100,
10:32:00,26.53,100,
10:32:02,26.55,100,
10:32:02,26.55,153,
10:32:07,26.54,100,
10:32:07,26.54,100,
10:32:07,26.54,100,
10:32:07,26.54,100,
10:32:07,26.54,100,
10:32:07,26.54,100,
10:32:09,26.5476,200,
10:32:12,26.53,300,
10:32:22,26.5488,1500,
10:32:23,26.53,1700,
10:32:23,26.53,9200,
10:32:24,26.5305,400,
10:32:29,26.52,400,
10:32:30,26.52,200,
10:32:30,26.5206,200,
10:32:30,26.52,100,
10:32:30,26.521,100,
10:32:30,26.52,400,
10:32:30,26.52,200,
10:32:31,26.5117,100,
10:32:31,26.511,1700,
10:32:31,26.511,1900,
10:32:32,26.51,3500,
10:32:35,26.51,600,
10:32:35,26.5122,100,
10:32:35,26.51,8700,
10:32:35,26.513,300,
10:32:36,26.5111,193,
10:32:37,26.5117,100,
10:32:37,26.511,1200,
10:32:37,26.511,1100,
10:32:38,26.5115,100,
10:32:39,26.5129,100,
10:32:41,26.51,100,
10:32:44,26.511,100,
10:32:46,26.51,100,
10:32:46,26.51,100,
10:32:46,26.521,800,
10:32:47,26.50,500,
10:32:47,26.50,300,
10:32:47,26.50,100,
10:32:48,26.50,100,
10:32:48,26.50,500,
10:32:52,26.501,300,
10:32:52,26.501,300,
10:32:52,26.5011,500,
10:32:53,26.50,100,
10:32:53,26.49,100,
10:32:53,26.501,1800,
10:32:55,26.4901,900,
10:32:55,26.49,700,
10:32:56,26.48,100,
10:32:57,26.5004,100,
10:32:57,26.50,200,
10:32:57,26.50,100,
10:32:58,26.49,5000,
10:32:58,26.491,200,
10:32:58,26.491,200,
10:32:59,26.4922,400,
10:33:01,26.491,100,
10:33:02,26.491,300,
10:33:04,26.50,100,
10:33:04,26.50,1000,
10:33:04,26.51,100,
10:33:04,26.50,200,
10:33:04,26.50,100,
10:33:04,26.50,100,
10:33:04,26.5099,100,
10:33:06,26.5016,100,
10:33:06,26.5016,100,
10:33:06,26.50,100,
10:33:07,26.50,200,
10:33:07,26.5011,400,
10:33:10,26.4901,100,
10:33:11,26.491,100,
10:33:12,26.491,200,
10:33:16,26.491,200,
10:33:18,26.50,600,
10:33:20,26.50,1000,
10:33:23,26.4999,135,
10:33:28,26.4921,100,
10:33:28,26.491,200,
10:33:29,26.50,280,
10:33:29,26.51,100,
10:33:29,26.52,120,
10:33:30,26.5202,142,
10:33:32,26.52,700,
10:33:33,26.5199,2790,
10:33:35,26.511,2000,
10:33:38,26.5112,100,
10:33:38,26.511,700,
10:33:38,26.511,700,
10:33:40,26.51,100,
10:33:40,26.51,100,
10:33:40,26.51,300,
10:33:40,26.5101,250,
10:33:41,26.511,500,
10:33:42,26.5111,300,
10:33:43,26.5101,200,
10:33:48,26.52,100,
10:33:48,26.52,100,
10:33:50,26.529,240,
10:33:52,26.529,100,
10:34:08,26.55,100,
10:34:08,26.55,100,
10:34:08,26.55,100,
10:34:08,26.55,100,
10:34:08,26.55,100,
10:34:08,26.55,100,
10:34:08,26.57,200,
10:34:08,26.57,100,
10:34:08,26.57,100,
10:34:08,26.57,700,
10:34:08,26.57,100,
10:34:08,26.57,100,
10:34:08,26.56,100,
10:34:08,26.56,100,
10:34:08,26.56,205,
10:34:08,26.56,200,
10:34:08,26.56,600,
10:34:08,26.56,300,
10:34:09,26.55,100,
10:34:10,26.55,800,
10:34:17,26.54,400,
10:34:19,26.51,100,
10:34:19,26.52,100,
10:34:19,26.51,200,
10:34:19,26.51,100,
10:34:19,26.50,100,
10:34:19,26.50,100,
10:34:19,26.50,200,
10:34:19,26.50,100,
10:34:20,26.5016,100,
10:34:20,26.50,400,
10:34:24,26.507,1000,
10:34:25,26.50,100,
10:34:30,26.509,300,
10:34:34,26.52,100,
10:34:34,26.52,200,
10:34:34,26.52,100,
10:34:34,26.52,100,
10:34:34,26.52,100,
10:34:34,26.52,100,
10:34:34,26.52,300,
10:34:34,26.5111,200,
10:34:35,26.52,400,
10:34:35,26.52,100,
10:34:35,26.52,100,
10:34:35,26.52,400,
10:34:36,26.51,100,
10:34:37,26.51,300,
10:34:37,26.51,400,
10:34:39,26.50,100,
10:34:39,26.50,100,
10:34:39,26.50,100,
10:34:39,26.50,100,
10:34:39,26.5099,700,
10:34:39,26.51,100,
10:34:39,26.51,100,
10:34:44,26.528,1000,
10:34:45,26.52,100,
10:34:47,26.54,100,
10:34:48,26.53,700,
10:34:48,26.52,200,
10:34:59,26.53,400,
10:35:03,26.52,100,
10:35:03,26.523,200,
10:35:05,26.529,300,
10:35:06,26.51,300,
10:35:06,26.51,100,
10:35:06,26.52,100,
10:35:06,26.52,100,
10:35:06,26.52,100,
10:35:06,26.52,100,
10:35:08,26.53,100,
10:35:08,26.52,100,
10:35:11,26.52,200,
10:35:12,26.5101,400,
10:35:14,26.513,200,
10:35:18,26.5289,1850,
10:35:23,26.52,100,
10:35:30,26.52,400,
10:35:39,26.52,100,
10:35:39,26.52,100,
10:35:39,26.52,100,
10:35:39,26.52,400,
10:35:39,26.52,400,
10:35:42,26.52,100,
10:35:42,26.53,100,
10:35:43,26.53,100,
10:35:43,26.53,200,
10:35:44,26.54,600,
10:35:45,26.5311,150,
10:35:47,26.55,560,
10:35:47,26.55,300,
10:35:50,26.55,400,
10:35:55,26.57,300,
10:36:04,26.5789,100,
10:36:06,26.5701,400,
10:36:06,26.57,100,
10:36:06,26.57,100,
10:36:06,26.57,400,
10:36:06,26.57,100,
10:36:06,26.56,270,
10:36:08,26.5699,3000,
10:36:12,26.58,1200,
10:36:17,26.5899,6000,
10:36:20,26.5801,500,
10:36:21,26.58,300,
10:36:21,26.58,321,
10:36:21,26.58,100,
10:36:24,26.57,300,
10:36:26,26.59,100,
10:36:26,26.59,3049,
10:36:26,26.59,1900,
10:36:26,26.59,551,
10:36:31,26.60,101,
10:36:31,26.5999,101,
10:36:31,26.60,200,
10:36:33,26.60,100,
10:36:34,26.60,150,
10:36:34,26.60,100,
10:36:34,26.60,100,
10:36:34,26.60,150,
10:36:34,26.61,300,
10:36:34,26.62,100,
10:36:34,26.61,100,
10:36:34,26.63,100,
10:36:34,26.63,100,
10:36:34,26.63,300,
10:36:34,26.63,100,
10:36:34,26.63,100,
10:36:34,26.62,100,
10:36:34,26.62,100,
10:36:34,26.62,100,
10:36:35,26.61,196,
10:36:35,26.61,200,
10:36:35,26.61,100,
10:36:35,26.62,100,
10:36:36,26.6185,500,
10:36:40,26.61,100,
10:36:40,26.61,100,
10:36:40,26.61,100,
10:36:40,26.61,100,
10:36:40,26.61,100,
10:36:40,26.61,243,
10:36:40,26.60,100,
10:36:41,26.61,1158,
10:36:41,26.6099,3000,
10:36:47,26.61,100,
10:36:47,26.61,100,
10:36:48,26.61,100,
10:36:48,26.61,504,
10:36:49,26.60,300,
10:36:50,26.62,500,
10:36:51,26.6202,1600,
10:36:51,26.63,100,
10:36:51,26.63,100,
10:36:51,26.62,500,
10:36:52,26.6289,400,
10:36:52,26.64,100,
10:36:52,26.64,200,
10:36:52,26.64,100,
10:36:53,26.65,200,
10:36:53,26.65,900,
10:36:53,26.65,400,
10:36:53,26.65,400,
10:36:53,26.65,400,
10:36:53,26.65,100,
10:36:54,26.62,1000,
10:36:54,26.65,300,
10:36:54,26.65,100,
10:36:54,26.65,200,
10:36:54,26.65,100,
10:36:54,26.65,100,
10:36:54,26.65,700,
10:36:54,26.65,300,
10:36:55,26.655,547,
10:36:55,26.66,153,
10:36:55,26.65,100,
10:36:55,26.65,100,
10:36:55,26.65,100,
10:36:55,26.65,250,
10:36:55,26.65,100,
10:36:55,26.65,300,
10:36:55,26.64,100,
10:36:55,26.64,100,
10:36:55,26.63,100,
10:36:55,26.63,700,
10:36:55,26.63,100,
10:36:55,26.63,100,
10:36:55,26.63,100,
10:36:56,26.63,300,
10:36:57,26.647,800,
10:36:59,26.639,400,
10:37:00,26.65,440,
10:37:00,26.64,100,
10:37:00,26.64,100,
10:37:01,26.63,1000,
10:37:01,26.64,100,
10:37:05,26.629,2000,
10:37:05,26.61,700,
10:37:05,26.61,100,
10:37:05,26.61,239,
10:37:05,26.61,100,
10:37:05,26.60,100,
10:37:05,26.60,350,
10:37:05,26.60,600,
10:37:05,26.60,100,
10:37:05,26.60,150,
10:37:05,26.60,100,
10:37:05,26.61,100,
10:37:07,26.6028,500,
10:37:09,26.61,300,
10:37:09,26.6011,500,
10:37:09,26.61,400,
10:37:12,26.627,1000,
10:37:13,26.62,100,
10:37:13,26.61,100,
10:37:20,26.6237,100,
10:37:22,26.623,1000,
10:37:22,26.6301,400,
10:37:22,26.6301,100,
10:37:22,26.64,400,
10:37:22,26.64,100,
10:37:22,26.64,100,
10:37:22,26.64,100,
10:37:24,26.639,2500,
10:37:24,26.639,2500,
10:37:25,26.649,100,
10:37:28,26.647,150,
10:37:34,26.6685,200,
10:37:37,26.65,595,
10:37:38,26.6606,1000,
10:37:38,26.66,150,
10:37:39,26.6501,700,
10:37:39,26.65,200,
10:37:39,26.65,400,
10:37:39,26.65,100,
10:37:40,26.65,100,
10:37:41,26.66,6500,
10:37:42,26.67,200,
10:37:42,26.6601,500,
10:37:43,26.6601,100,
10:37:43,26.65,400,
10:37:43,26.66,700,
10:37:43,26.65,100,
10:37:43,26.65,100,
10:37:43,26.65,200,
10:37:43,26.6601,1000,
10:37:48,26.659,1000,
10:37:51,26.66,100,
10:37:51,26.66,100,
10:37:51,26.66,100,
10:37:51,26.66,100,
10:37:51,26.66,100,
10:37:51,26.65,1000,
10:37:52,26.67,100,
10:37:52,26.67,100,
10:37:52,26.66,100,
10:37:57,26.66,100,
10:37:58,26.65,700,
10:37:58,26.65,100,
10:37:58,26.65,744,
10:37:58,26.65,700,
10:37:58,26.65,580,
10:37:59,26.6685,100,
10:37:59,26.65,100,
10:38:00,26.65,100,
10:38:02,26.646,150,
10:38:07,26.65,700,
10:38:07,26.65,100,
10:38:07,26.65,100,
10:38:10,26.64,4800,
10:38:12,26.64,300,
10:38:12,26.64,100,
10:38:12,26.65,100,
10:38:13,26.66,100,
10:38:13,26.65,100,
10:38:13,26.64,100,
10:38:14,26.64,300,
10:38:14,26.64,200,
10:38:14,26.64,100,
10:38:14,26.64,200,
10:38:14,26.64,100,
10:38:18,26.623,120,
10:38:23,26.63,100,
10:38:24,26.6301,1000,
10:38:26,26.639,200,
10:38:27,26.639,5000,
10:38:29,26.64,100,
10:38:30,26.6324,100,
10:38:32,26.64,100,
10:38:33,26.66,300,
10:38:33,26.66,100,
10:38:35,26.659,235,
10:38:42,26.653,185,
10:38:42,26.65,100,
10:38:43,26.63,100,
10:38:47,26.6299,400,
10:38:49,26.6289,300,
10:38:49,26.6289,400,
10:38:58,26.638,500,
10:39:04,26.6301,500,
10:39:04,26.63,100,
10:39:05,26.6311,400,
10:39:07,26.6228,600,
10:39:09,26.6211,400,
10:39:10,26.613,200,
10:39:10,26.61,280,
10:39:10,26.60,400,
10:39:12,26.6099,1034,
10:39:14,26.61,100,
10:39:14,26.60,100,
10:39:15,26.601,500,
10:39:15,26.60,100,
10:39:21,26.60,100,
10:39:21,26.60,100,
10:39:21,26.60,800,
10:39:21,26.60,100,
10:39:21,26.60,9300,
10:39:21,26.60,100,
10:39:24,26.6001,500,
10:39:25,26.61,100,
10:39:25,26.6101,1000,
10:39:28,26.6001,1000,
10:39:29,26.61,100,
10:39:31,26.6101,200,
10:39:32,26.628,1000,
10:39:36,26.61,200,
10:39:36,26.61,100,
10:39:36,26.61,100,
10:39:36,26.61,100,
10:39:36,26.61,400,
10:39:36,26.61,500,
10:39:36,26.60,100,
10:39:38,26.6012,100,
10:39:42,26.601,100,
10:39:43,26.61,100,
10:39:47,26.6201,1000,
10:39:50,26.64,300,
10:39:54,26.637,1000,
10:39:56,26.6201,1000,
10:39:59,26.62,300,
10:40:00,26.611,1500,
10:40:00,26.619,100,
10:40:01,26.619,3300,
10:40:04,26.613,1000,
10:40:06,26.6201,500,
10:40:06,26.62,440,
10:40:08,26.61,100,
10:40:08,26.6128,1000,
10:40:09,26.6111,400,
10:40:09,26.6198,250,
10:40:12,26.6102,2000,
10:40:15,26.611,100,
10:40:15,26.611,100,
10:40:15,26.619,1000,
10:40:15,26.60,4800,
10:40:19,26.6101,931,
10:40:21,26.6111,1250,
10:40:24,26.60,100,
10:40:24,26.60,100,
10:40:24,26.60,100,
10:40:25,26.5912,1500,
10:40:27,26.61,400,
10:40:28,26.6178,400,
10:40:30,26.60,100,
10:40:30,26.607,100,
10:40:35,26.6271,300,
10:40:36,26.623,200,
10:40:42,26.6015,250,
10:40:45,26.601,200,
10:40:48,26.5922,300,
10:40:51,26.59,195,
10:40:52,26.59,400,
10:40:52,26.59,400,
10:40:54,26.57,100,
10:40:57,26.57,100,
10:41:08,26.581,800,
10:41:08,26.59,100,
10:41:08,26.58,4468,
10:41:10,26.60,200,
10:41:13,26.60,300,
10:41:13,26.601,500,
10:41:14,26.5708,100,
10:41:14,26.57,200,
10:41:14,26.5711,100,
10:41:14,26.57,100,
10:41:14,26.571,2500,
10:41:14,26.561,2000,
10:41:14,26.57,100,
10:41:14,26.58,100,
10:41:14,26.58,200,
10:41:14,26.57,500,
10:41:15,26.60,4000,
10:41:15,26.56,2000,
10:41:15,26.56,300,
10:41:15,26.55,1700,
10:41:15,26.55,2600,
10:41:15,26.55,300,
10:41:15,26.55,130,
10:41:15,26.55,100,
10:41:15,26.55,700,
10:41:16,26.541,600,
10:41:16,26.541,700,
10:41:16,26.54,100,
10:41:17,26.5401,1000,
10:41:17,26.54,3000,
10:41:17,26.54,2800,
10:41:19,26.55,400,
10:41:20,26.55,200,
10:41:20,26.55,200,
10:41:20,26.55,100,
10:41:20,26.55,100,
10:41:22,26.55,100,
10:41:22,26.55,100,
10:41:22,26.54,600,
10:41:22,26.54,400,
10:41:22,26.54,100,
10:41:22,26.54,100,
10:41:22,26.54,800,
10:41:22,26.54,300,
10:41:22,26.54,500,
10:41:22,26.54,300,
10:41:22,26.55,2000,
10:41:22,26.54,400,
10:41:22,26.54,220,
10:41:22,26.54,100,
10:41:22,26.54,100,
10:41:22,26.54,100,
10:41:22,26.54,100,
10:41:24,26.5401,1000,
10:41:25,26.54,351,
10:41:25,26.54,200,
10:41:25,26.54,100,
10:41:25,26.53,300,
10:41:25,26.53,500,
10:41:25,26.541,300,
10:41:25,26.52,400,
10:41:25,26.52,100,
10:41:25,26.52,1100,
10:41:25,26.52,100,
10:41:25,26.52,700,
10:41:25,26.52,300,
10:41:25,26.51,315,
10:41:25,26.52,100,
10:41:27,26.52,200,
10:41:27,26.5399,500,
10:41:28,26.533,200,
10:41:29,26.56,100,
10:41:29,26.56,200,
10:41:29,26.56,300,
10:41:29,26.56,100,
10:41:30,26.57,100,
10:41:31,26.58,236,
10:41:31,26.58,100,
10:41:31,26.58,200,
10:41:31,26.58,700,
10:41:31,26.58,300,
10:41:31,26.58,100,
10:41:31,26.58,200,
10:41:33,26.571,300,
10:41:33,26.56,200,
10:41:34,26.56,300,
10:41:34,26.56,100,
10:41:34,26.56,100,
10:41:34,26.56,100,
10:41:34,26.56,600,
10:41:36,26.56,900,
10:41:36,26.571,125,
10:41:39,26.58,100,
10:41:39,26.58,100,
10:41:39,26.58,268,
10:41:39,26.5701,600,
10:41:39,26.571,1000,
10:41:42,26.5712,260,
10:41:48,26.5601,300,
10:41:48,26.57,100,
10:41:48,26.57,100,
10:41:48,26.57,100,
10:41:48,26.57,100,
10:41:48,26.57,100,
10:41:48,26.58,300,
10:41:48,26.58,100,
10:41:48,26.58,100,
10:41:48,26.58,100,
10:41:48,26.58,400,
10:41:48,26.58,100,
10:41:48,26.58,100,
10:41:48,26.58,100,
10:41:54,26.5502,100,
10:41:55,26.56,100,
10:41:55,26.56,100,
10:41:56,26.57,100,
10:41:58,26.5631,400,
10:41:58,26.58,100,
10:41:58,26.57,100,
10:41:58,26.57,700,
10:41:58,26.57,400,
10:41:58,26.57,100,
10:41:58,26.57,900,
10:41:58,26.56,100,
10:41:58,26.56,700,
10:41:58,26.56,200,
10:41:58,26.57,100,
10:41:58,26.57,300,
10:42:01,26.5799,800,
10:42:03,26.57,100,
10:42:03,26.56,100,
10:42:04,26.563,500,
10:42:05,26.55,300,
10:42:05,26.55,100,
10:42:05,26.53,600,
10:42:05,26.54,100,
10:42:05,26.52,200,
10:42:05,26.52,100,
10:42:05,26.52,200,
10:42:05,26.52,100,
10:42:05,26.52,200,
10:42:05,26.53,100,
10:42:05,26.53,100,
10:42:05,26.53,200,
10:42:05,26.53,100,
10:42:05,26.53,200,
10:42:05,26.53,100,
10:42:05,26.53,200,
10:42:05,26.53,100,
10:42:05,26.53,100,
10:42:05,26.54,200,
10:42:06,26.54,300,
10:42:06,26.54,100,
10:42:06,26.54,100,
10:42:07,26.56,200,
10:42:07,26.56,300,
10:42:07,26.55,100,
10:42:07,26.55,100,
10:42:07,26.55,100,
10:42:08,26.56,100,
10:42:08,26.56,100,
10:42:08,26.56,100,
10:42:08,26.56,200,
10:42:08,26.56,200,
10:42:08,26.56,100,
10:42:11,26.552,400,
10:42:12,26.551,100,
10:42:13,26.56,100,
10:42:14,26.57,100,
10:42:16,26.573,700,
10:42:17,26.5801,1800,
10:42:19,26.599,1600,
10:42:20,26.59,300,
10:42:20,26.58,100,
10:42:21,26.5731,100,
10:42:24,26.573,500,
10:42:24,26.577,100,
10:42:26,26.5717,100,
10:42:33,26.57,400,
10:42:33,26.57,700,
10:42:35,26.56,487,
10:42:36,26.5601,100,
10:42:38,26.5612,100,
10:42:40,26.56,200,
10:42:42,26.5685,100,
10:42:48,26.57,100,
10:42:48,26.57,100,
10:42:56,26.5315,100,
10:42:58,26.54,100,
10:43:00,26.531,150,
10:43:06,26.52,400,
10:43:06,26.52,100,
10:43:06,26.51,100,
10:43:07,26.518,140,
10:43:09,26.511,200,
10:43:10,26.531,2000,
10:43:12,26.532,200,
10:43:14,26.531,300,
10:43:18,26.5441,100,
10:43:18,26.5438,100,
10:43:18,26.5437,100,
10:43:20,26.5391,100,
10:43:20,26.5392,100,
10:43:20,26.5393,100,
10:43:20,26.54,100,
10:43:24,26.54,100,
10:43:24,26.54,300,
10:43:24,26.54,100,
10:43:24,26.54,100,
10:43:24,26.54,100,
10:43:24,26.54,100,
10:43:24,26.54,100,
10:43:24,26.54,200,
10:43:24,26.54,100,
10:43:24,26.53,200,
10:43:24,26.53,100,
10:43:24,26.54,100,
10:43:24,26.539,1000,
10:43:25,26.55,100,
10:43:26,26.54,200,
10:43:30,26.53,100,
10:43:30,26.53,400,
10:43:30,26.53,100,
10:43:30,26.54,200,
10:43:30,26.54,100,
10:43:30,26.53,300,
10:43:30,26.53,800,
10:43:39,26.54,800,
10:43:44,26.53,650,
10:43:47,26.53,100,
10:43:47,26.53,100,
10:43:47,26.53,200,
10:43:51,26.537,1500,
10:43:52,26.54,252,
10:43:52,26.54,300,
10:43:52,26.56,200,
10:43:52,26.55,100,
10:43:52,26.56,366,
10:43:52,26.56,100,
10:43:53,26.56,100,
10:43:55,26.5648,400,
10:44:00,26.56,100,
10:44:05,26.5602,200,
10:44:05,26.57,500,
10:44:05,26.57,100,
10:44:05,26.57,266,
10:44:05,26.58,100,
10:44:05,26.59,100,
10:44:05,26.59,100,
10:44:05,26.59,100,
10:44:05,26.59,100,
10:44:08,26.581,310,
10:44:15,26.5762,200,
10:44:17,26.59,300,
10:44:18,26.60,100,
10:44:18,26.60,200,
10:44:18,26.60,200,
10:44:21,26.5804,150,
10:44:23,26.60,100,
10:44:23,26.591,500,
10:44:23,26.60,100,
10:44:23,26.60,100,
10:44:26,26.599,400,
10:44:27,26.59,500,
10:44:29,26.59,4000,
10:44:30,26.58,100,
10:44:30,26.5801,400,
10:44:34,26.58,100,
10:44:35,26.5899,6000,
10:44:35,26.59,300,
10:44:35,26.59,100,
10:44:36,26.59,400,
10:44:36,26.59,600,
10:44:36,26.59,100,
10:44:36,26.58,300,
10:44:43,26.58,300,
10:44:43,26.58,500,
10:44:43,26.58,300,
10:44:44,26.57,600,
10:44:44,26.57,300,
10:44:44,26.57,100,
10:44:44,26.57,400,
10:44:44,26.57,100,
10:44:44,26.57,500,
10:44:44,26.57,100,
10:44:49,26.573,600,
10:44:50,26.57,100,
10:44:50,26.56,100,
10:44:50,26.56,100,
10:44:50,26.56,100,
10:44:50,26.56,100,
10:44:50,26.56,100,
10:44:50,26.56,600,
10:44:50,26.57,100,
10:44:52,26.57,100,
10:44:52,26.57,200,
10:44:52,26.57,100,
10:44:52,26.57,100,
10:44:52,26.57,1200,
10:44:55,26.59,300,
10:44:55,26.59,300,
10:44:55,26.59,100,
10:44:55,26.59,100,
10:44:55,26.59,100,
10:44:55,26.59,200,
10:44:56,26.58,100,
10:44:57,26.5701,200,
10:44:59,26.59,100,
10:44:59,26.59,100,
10:44:59,26.59,100,
10:44:59,26.59,100,
10:45:08,26.60,1400,
10:45:10,26.609,200,
10:45:10,26.61,100,
10:45:13,26.5902,1000,
10:45:15,26.5975,1900,
10:45:15,26.5975,7000,
10:45:19,26.607,500,
10:45:20,26.6022,100,
10:45:20,26.6021,100,
10:45:20,26.601,400,
10:45:26,26.61,511,
10:45:28,26.61,700,
10:45:28,26.60,100,
10:45:30,26.601,800,
10:45:31,26.6102,150,
10:45:33,26.61,100,
10:45:33,26.6191,100,
10:45:33,26.6192,100,
10:45:33,26.619,1500,
10:45:33,26.619,1100,
10:45:35,26.61,464,
10:45:38,26.6101,500,
10:45:46,26.61,3500,
10:45:49,26.6102,100,
10:45:52,26.61,400,
10:45:52,26.61,400,
10:45:52,26.61,200,
10:45:52,26.61,100,
10:45:52,26.61,500,
10:45:52,26.611,200,
10:45:52,26.611,100,
10:45:53,26.611,800,
10:45:55,26.61,1400,
10:45:56,26.61,800,
10:45:56,26.611,500,
10:45:56,26.61,100,
10:45:59,26.613,200,
10:46:02,26.61,3500,
10:46:05,26.61,100,
10:46:05,26.61,700,
10:46:06,26.61,100,
10:46:07,26.6009,100,
10:46:07,26.6008,100,
10:46:07,26.6008,100,
10:46:07,26.601,1300,
10:46:07,26.601,700,
10:46:08,26.59,100,
10:46:08,26.60,100,
10:46:08,26.60,200,
10:46:08,26.59,100,
10:46:08,26.59,100,
10:46:08,26.59,100,
10:46:08,26.59,100,
10:46:08,26.59,600,
10:46:08,26.59,100,
10:46:09,26.5801,200,
10:46:10,26.60,100,
10:46:14,26.58,100,
10:46:14,26.58,100,
10:46:14,26.59,100,
10:46:19,26.6116,100,
10:46:19,26.611,200,
10:46:19,26.62,100,
10:46:19,26.62,100,
10:46:19,26.62,700,
10:46:19,26.62,200,
10:46:21,26.6199,2500,
10:46:21,26.6106,100,
10:46:21,26.611,200,
10:46:22,26.6044,500,
10:46:24,26.60,100,
10:46:24,26.60,100,
10:46:25,26.61,100,
10:46:25,26.61,600,
10:46:28,26.592,500,
10:46:28,26.58,300,
10:46:35,26.572,500,
10:46:43,26.57,3000,
10:46:44,26.58,400,
10:46:44,26.58,400,
10:46:44,26.58,100,
10:46:44,26.58,100,
10:46:44,26.58,100,
10:46:45,26.5843,500,
10:46:49,26.581,100,
10:46:51,26.5706,200,
10:46:51,26.571,800,
10:46:53,26.57,400,
10:46:53,26.56,100,
10:46:53,26.5514,100,
10:46:53,26.5513,100,
10:46:53,26.5515,100,
10:46:53,26.551,400,
10:46:53,26.551,1000,
10:46:55,26.5514,100,
10:46:55,26.5525,100,
10:46:55,26.551,1000,
10:46:55,26.551,900,
10:46:59,26.56,700,
10:47:01,26.5517,100,
10:47:01,26.551,200,
10:47:03,26.58,100,
10:47:04,26.57,200,
10:47:04,26.57,100,
10:47:04,26.57,100,
10:47:04,26.57,100,
10:47:04,26.57,100,
10:47:04,26.57,100,
10:47:06,26.577,200,
10:47:08,26.5701,100,
10:47:12,26.55,100,
10:47:12,26.55,100,
10:47:16,26.55,100,
10:47:16,26.55,100,
10:47:16,26.551,3900,
10:47:16,26.541,100,
10:47:16,26.541,2200,
10:47:16,26.54,600,
10:47:19,26.5398,400,
10:47:19,26.53,100,
10:47:19,26.53,700,
10:47:19,26.53,300,
10:47:19,26.53,300,
10:47:20,26.531,100,
10:47:20,26.531,400,
10:47:21,26.53,700,
10:47:21,26.521,100,
10:47:22,26.531,700,
10:47:22,26.531,1200,
10:47:22,26.531,900,
10:47:27,26.54,100,
10:47:27,26.531,500,
10:47:28,26.53,100,
10:47:28,26.53,300,
10:47:29,26.5301,1000,
10:47:30,26.53,400,
10:47:31,26.531,1000,
10:47:34,26.54,100,
10:47:35,26.5389,300,
10:47:43,26.533,200,
10:47:46,26.52,200,
10:47:51,26.52,200,
10:47:51,26.52,600,
10:47:51,26.52,200,
10:47:53,26.52,800,
10:47:53,26.52,100,
10:47:53,26.5201,100,
10:47:53,26.521,200,
10:47:53,26.521,300,
10:47:54,26.5101,200,
10:47:54,26.511,1000,
10:47:54,26.511,250,
10:47:57,26.51,300,
10:47:57,26.5242,400,
10:47:58,26.521,400,
10:47:58,26.52,300,
10:48:01,26.5212,500,
10:48:04,26.52,100,
10:48:08,26.52,100,
10:48:14,26.53,1000,
10:48:14,26.53,800,
10:48:14,26.53,200,
