09:30:00,28,1160,
09:30:00,28,500,
09:30:00,28,200,
09:30:00,28,1492,
09:30:01,27.99,100,
09:30:01,28,400,
09:30:01,28,320,
09:30:01,28,100,
09:30:01,28,675,
09:30:01,28,900,
09:30:01,28,900,
09:30:01,28,100,
09:30:01,28,400,
09:30:01,28,2000,
09:30:01,28,900,
09:30:01,28.01,220,
09:30:01,28,115,
09:30:01,28.01,100,
09:30:02,28,500,
09:30:02,28,360,
09:30:03,28.01,1100,
09:30:03,28.01,400,
09:30:03,28.01,100,
09:30:03,28.01,100,
09:30:03,28,300,
09:30:03,28,100,
09:30:03,28,100,
09:30:04,28.03,200,
09:30:04,28.03,900,
09:30:04,28.03,100,
09:30:04,28.03,500,
09:30:04,28.03,200,
09:30:04,28.05,100,
09:30:04,28.05,1400,
09:30:04,28.05,100,
09:30:05,28.05,100,
09:30:05,28.05,200,
09:30:05,28.07,300,
09:30:05,28.07,200,
09:30:05,28.07,100,
09:30:05,28.07,100,
09:30:05,28.08,500,
09:30:06,28.08,400,
09:30:07,28.06,400,
09:30:08,28.05,100,
09:30:09,28.04,316,
09:30:11,28.05,100,
09:30:15,28.075,100,
09:30:16,28.06,100,
09:30:17,28.0389,1500,
09:30:18,28.0885,100,
09:30:19,28.0885,100,
09:30:19,28.04,300,
09:30:19,28.05,200,
09:30:20,28.05,200,
09:30:20,28.04,200,
09:30:22,28.05,100,
09:30:23,28.06,3000,
09:30:25,28.06,232,
09:30:27,28.0411,660,
09:30:28,28.08,200,
09:30:29,28.08,200,
09:30:30,28.09,800,
09:30:30,28.09,100,
09:30:30,28.09,500,
09:30:30,28.09,200,
09:30:30,28.09,214,
09:30:30,28.09,300,
09:30:30,28.10,600,
09:30:30,28.0328,100,
09:30:31,28.0389,600,
09:30:31,28.11,100,
09:30:31,28.11,200,
09:30:31,28.0472,400,
09:30:31,28.12,500,
09:30:31,28.06,1700,
09:30:31,28.05,300,
09:30:32,28.11,1020,
09:30:32,28.11,200,
09:30:32,28.11,100,
09:30:32,28.11,100,
09:30:32,28.11,3680,
09:30:32,28.12,400,
09:30:32,28.0485,1000,
09:30:33,28.12,200,
09:30:33,28.04,100,
09:30:33,28.06,200,
09:30:33,28.13,400,
09:30:33,28.13,100,
09:30:34,28.06,100,
09:30:34,28.0472,500,
09:30:34,28.08,891,
09:30:34,28.06,150,
09:30:34,28.0511,200,
09:30:34,28.13,300,
09:30:35,28.13,1400,
09:30:35,28.13,100,
09:30:35,28.05,100,
09:30:35,28.059,100,
09:30:35,28.08,450,
09:30:35,28.08,200,
09:30:36,28.0789,300,
09:30:36,28.10,100,
09:30:36,28.13,900,
09:30:36,28.08,200,
09:30:36,28.08,1071,
09:30:36,28.12,700,
09:30:36,28.14,100,
09:30:36,28.1089,300,
09:30:36,28.12,1400,
09:30:36,28.11,400,
09:30:37,28.13,200,
09:30:37,28.1195,1900,
09:30:37,28.13,100,
09:30:37,28.13,100,
09:30:37,28.1281,200,
09:30:37,28.1266,100,
09:30:37,28.1269,100,
09:30:37,28.1299,120,
09:30:37,28.13,100,
09:30:37,28.13,260,
09:30:38,28.13,200,
09:30:38,28.137,750,
09:30:38,28.137,300,
09:30:38,28.132,300,
09:30:39,28.13,200,
09:30:40,28.13,100,
09:30:40,28.13,100,
09:30:40,28.11,200,
09:30:41,28.11,100,
09:30:41,28.11,200,
09:30:41,28.11,400,
09:30:41,28.11,400,
09:30:42,28.1089,600,
09:30:43,28.111,100,
09:30:43,28.111,200,
09:30:43,28.12,200,
09:30:43,28.12,3200,
09:30:44,28.1101,200,
09:30:44,28.117,400,
09:30:44,28.13,100,
09:30:45,28.10,900,
09:30:45,28.10,600,
09:30:45,28.1028,100,
09:30:46,28.10,900,
09:30:46,28.11,100,
09:30:46,28.0395,300,
09:30:47,28.10,400,
09:30:47,28.103,710,
09:30:47,28.1028,100,
09:30:47,28.1098,2000,
09:30:48,28.103,275,
09:30:49,28.0405,1800,
09:30:49,28.0405,500,
09:30:50,28.1288,1200,
09:30:50,28.1005,1000,
09:30:51,28.08,1000,
09:30:51,28.13,1202,
09:30:51,28.13,198,
09:30:52,28.13,137,
09:30:52,28.14,300,
09:30:53,28.1395,1000,
09:30:53,28.127,250,
09:30:53,28.12,200,
09:30:53,28.13,2900,
09:30:53,28.11,500,
09:30:54,28.1199,4000,
09:30:54,28.12,1500,
09:30:54,28.1002,100,
09:30:55,28.1098,1000,
09:30:55,28.1375,1150,
09:30:56,28.137,1500,
09:30:56,28.138,500,
09:30:57,28.133,100,
09:30:58,28.1111,1000,
09:30:58,28.111,100,
09:30:58,28.10,1800,
09:30:59,28.113,1700,
09:31:00,28.1075,100,
09:31:01,28.11,200,
09:31:02,28.1102,100,
09:31:02,28.11,15000,
09:31:03,28.116,1000,
09:31:03,28.10,100,
09:31:03,28.0772,700,
09:31:05,28.07,100,
09:31:05,28.07,100,
09:31:05,28.0789,300,
09:31:05,28.063,1000,
09:31:05,28.078,1500,
09:31:06,28.073,1000,
09:31:06,28.0605,200,
09:31:06,28.069,200,
09:31:06,28.07,100,
09:31:07,28.07,600,
09:31:07,28.07,400,
09:31:07,28.07,500,
09:31:07,28.07,300,
09:31:08,28.0684,3000,
09:31:08,28.07,200,
09:31:08,28.07,200,
09:31:08,28.069,2900,
09:31:09,28.0695,300,
09:31:09,28.08,400,
09:31:11,28.09,200,
09:31:11,28.10,200,
09:31:11,28.10,300,
09:31:11,28.10,200,
09:31:11,28.10,400,
09:31:12,28.11,100,
09:31:12,28.11,300,
09:31:12,28.11,400,
09:31:12,28.11,400,
09:31:12,28.11,400,
09:31:12,28.11,400,
09:31:13,28.11,200,
09:31:13,28.1035,750,
09:31:13,28.12,500,
09:31:13,28.1298,100,
09:31:13,28.1299,200,
09:31:13,28.1297,100,
09:31:13,28.129,4400,
09:31:13,28.1298,300,
09:31:13,28.0915,100,
09:31:13,28.11,100,
09:31:14,28.13,1000,
09:31:15,28.11,100,
09:31:15,28.11,200,
09:31:15,28.11,100,
09:31:15,28.11,100,
09:31:15,28.10,1700,
09:31:17,28.11,900,
09:31:17,28.11,1800,
09:31:17,28.1001,200,
09:31:17,28.09,400,
09:31:17,28.09,100,
09:31:17,28.09,200,
09:31:17,28.09,200,
09:31:17,28.09,300,
09:31:17,28.10,3500,
09:31:18,28.09,200,
09:31:18,28.10,200,
09:31:18,28.10,300,
09:31:19,28.0895,400,
09:31:19,28.0788,100,
09:31:19,28.079,500,
09:31:19,28.079,500,
09:31:20,28.0795,200,
09:31:20,28.099,400,
09:31:20,28.0799,200,
09:31:20,28.07,100,
09:31:21,28.099,100,
09:31:21,28.079,100,
09:31:22,28.0785,100,
09:31:23,28.0901,500,
09:31:23,28.12,200,
09:31:23,28.099,375,
09:31:23,28.12,793,
09:31:24,28.14,100,
09:31:25,28.13,100,
09:31:25,28.1301,200,
09:31:26,28.1302,1000,
09:31:26,28.132,655,
09:31:27,28.1472,250,
09:31:27,28.1493,1000,
09:31:28,28.1317,200,
09:31:28,28.1305,1700,
09:31:29,28.1353,200,
09:31:29,28.1359,100,
09:31:29,28.137,100,
09:31:29,28.1392,200,
09:31:29,28.1201,100,
09:31:30,28.123,100,
09:31:30,28.1362,1000,
09:31:33,28.13,100,
09:31:33,28.13,100,
09:31:35,28.1305,200,
09:31:35,28.1301,200,
09:31:35,28.131,600,
09:31:35,28.131,100,
09:31:35,28.135,100,
09:31:35,28.135,300,
09:31:36,28.135,300,
09:31:36,28.13,520,
09:31:36,28.135,100,
09:31:36,28.139,100,
09:31:38,28.14,100,
09:31:38,28.13,200,
09:31:39,28.1288,1000,
09:31:40,28.13,100,
09:31:40,28.1299,300,
09:31:40,28.1295,100,
09:31:42,28.14,570,
09:31:42,28.14,150,
09:31:43,28.1395,200,
09:31:43,28.1339,200,
09:31:43,28.1316,100,
09:31:43,28.1317,100,
09:31:43,28.1312,100,
09:31:43,28.13,300,
09:31:44,28.131,150,
09:31:45,28.14,200,
09:31:45,28.14,430,
09:31:45,28.13,100,
09:31:46,28.13,100,
09:31:46,28.13,100,
09:31:46,28.1296,100,
09:31:47,28.1298,1000,
09:31:51,28.1211,100,
09:31:52,28.1205,720,
09:31:54,28.125,410,
09:31:54,28.1376,100,
09:31:54,28.1378,100,
09:31:54,28.1378,100,
09:31:54,28.129,300,
09:31:55,28.125,410,
09:31:55,28.1388,300,
09:31:55,28.14,100,
09:31:55,28.13,100,
09:31:56,28.13,500,
09:31:57,28.1293,1600,
09:31:57,28.1289,300,
09:32:00,28.1363,100,
09:32:01,28.12,1000,
09:32:02,28.10,100,
09:32:02,28.10,200,
09:32:02,28.10,100,
09:32:02,28.10,100,
09:32:03,28.10,500,
09:32:04,28.1083,100,
09:32:04,28.109,300,
09:32:05,28.10,100,
09:32:05,28.10,100,
09:32:05,28.10,400,
09:32:07,28.109,300,
09:32:08,28.10,100,
09:32:08,28.10,300,
09:32:08,28.10,300,
09:32:08,28.0928,100,
09:32:10,28.10,500,
09:32:10,28.10,200,
09:32:10,28.109,200,
09:32:10,28.1011,100,
09:32:10,28.09,100,
09:32:10,28.09,100,
09:32:10,28.09,100,
09:32:10,28.08,16180,
09:32:11,28.109,1000,
09:32:12,28.109,2500,
09:32:12,28.1095,100,
09:32:13,28.1098,500,
09:32:13,28.1101,1400,
09:32:14,28.11,100,
09:32:15,28.12,200,
09:32:15,28.12,100,
09:32:15,28.12,200,
09:32:15,28.13,100,
09:32:16,28.1311,170,
09:32:17,28.1301,100,
09:32:18,28.1315,100,
09:32:19,28.14,329,
09:32:20,28.1385,200,
09:32:20,28.1385,200,
09:32:20,28.1388,100,
09:32:20,28.1397,200,
09:32:20,28.1398,100,
09:32:20,28.1395,2000,
09:32:21,28.1301,3000,
09:32:22,28.13,100,
09:32:24,28.1311,180,
09:32:25,28.139,1000,
09:32:25,28.14,152,
09:32:25,28.14,848,
09:32:25,28.14,821,
09:32:25,28.14,179,
09:32:25,28.14,627,
09:32:25,28.15,500,
09:32:26,28.15,624,
09:32:26,28.15,100,
09:32:27,28.1428,200,
09:32:27,28.141,300,
09:32:27,28.15,300,
09:32:27,28.15,176,
09:32:28,28.15,348,
09:32:28,28.15,100,
09:32:28,28.15,450,
09:32:28,28.143,1000,
09:32:29,28.1405,500,
09:32:29,28.15,400,
09:32:29,28.15,193,
09:32:29,28.1501,100,
09:32:29,28.17,800,
09:32:30,28.15,100,
09:32:30,28.17,100,
09:32:30,28.17,100,
09:32:30,28.17,200,
09:32:30,28.17,100,
09:32:30,28.19,100,
09:32:30,28.19,100,
09:32:30,28.1899,200,
09:32:31,28.18,100,
09:32:31,28.18,100,
09:32:31,28.18,100,
09:32:31,28.18,400,
09:32:31,28.1884,100,
09:32:32,28.19,200,
09:32:32,28.20,1700,
09:32:33,28.17,1100,
09:32:33,28.20,475,
09:32:33,28.20,100,
09:32:33,28.20,100,
09:32:33,28.20,100,
09:32:33,28.20,325,
09:32:33,28.1902,2000,
09:32:34,28.191,200,
09:32:34,28.1975,700,
09:32:34,28.199,1600,
09:32:35,28.20,150,
09:32:35,28.20,485,
09:32:35,28.20,100,
09:32:35,28.1926,100,
09:32:35,28.191,200,
09:32:36,28.20,200,
09:32:36,28.21,300,
09:32:36,28.218,800,
09:32:37,28.23,100,
09:32:37,28.23,100,
09:32:37,28.23,200,
09:32:37,28.23,100,
09:32:37,28.22,200,
09:32:37,28.199,100,
09:32:37,28.21,300,
09:32:38,28.2246,100,
09:32:38,28.2246,100,
09:32:38,28.2236,100,
09:32:38,28.2214,200,
09:32:38,28.23,100,
09:32:39,28.213,100,
09:32:39,28.229,400,
09:32:39,28.23,200,
09:32:40,28.24,200,
09:32:40,28.25,150,
09:32:40,28.25,1000,
09:32:40,28.25,100,
09:32:40,28.25,1000,
09:32:40,28.25,200,
09:32:40,28.24,560,
09:32:40,28.246,100,
09:32:40,28.24,300,
09:32:40,28.24,100,
09:32:40,28.24,100,
09:32:40,28.231,100,
09:32:41,28.23,200,
09:32:41,28.23,100,
09:32:41,28.2302,6283,
09:32:41,28.2311,250,
09:32:41,28.2475,100,
09:32:41,28.2479,100,
09:32:41,28.25,100,
09:32:41,28.2495,150,
09:32:41,28.25,1000,
09:32:42,28.249,500,
09:32:42,28.2499,2000,
09:32:42,28.249,4000,
09:32:42,28.25,800,
09:32:42,28.25,200,
09:32:42,28.25,800,
09:32:43,28.25,100,
09:32:44,28.2401,700,
09:32:45,28.249,100,
09:32:45,28.24,300,
09:32:45,28.25,900,
09:32:46,28.241,1000,
09:32:46,28.23,100,
09:32:46,28.2301,300,
09:32:47,28.2301,2000,
09:32:47,28.231,100,
09:32:47,28.2305,800,
09:32:48,28.2399,100,
09:32:48,28.239,100,
09:32:48,28.237,500,
09:32:48,28.23,100,
09:32:49,28.23,200,
09:32:49,28.23,100,
09:32:49,28.23,1950,
09:32:49,28.24,500,
09:32:50,28.2531,100,
09:32:50,28.2514,200,
09:32:50,28.2505,500,
09:32:51,28.25,100,
09:32:51,28.2501,708,
09:32:51,28.249,1935,
09:32:51,28.249,100,
09:32:51,28.2595,525,
09:32:52,28.259,100,
09:32:52,28.26,500,
09:32:53,28.26,200,
09:32:53,28.2578,100,
09:32:55,28.26,100,
09:32:55,28.26,100,
09:32:55,28.27,100,
09:32:55,28.27,300,
09:32:55,28.28,150,
09:32:55,28.29,100,
09:32:55,28.29,200,
09:32:55,28.30,100,
09:32:55,28.30,300,
09:32:55,28.30,900,
09:32:55,28.31,300,
09:32:55,28.30,100,
09:32:55,28.31,100,
09:32:55,28.3099,200,
09:32:56,28.257,300,
09:32:56,28.305,100,
09:32:56,28.30,300,
09:32:56,28.30,3000,
09:32:57,28.309,800,
09:32:57,28.309,200,
09:32:58,28.30,200,
09:32:58,28.309,200,
09:32:58,28.3072,400,
09:32:59,28.30,1000,
09:33:00,28.31,100,
09:33:00,28.309,100,
09:33:00,28.314,1000,
09:33:00,28.329,5000,
09:33:00,28.33,100,
09:33:00,28.32,100,
09:33:00,28.33,200,
09:33:00,28.33,200,
09:33:00,28.33,100,
09:33:00,28.33,100,
09:33:01,28.33,200,
09:33:01,28.3288,100,
09:33:01,28.33,100,
09:33:01,28.3298,500,
09:33:01,28.3305,100,
09:33:02,28.34,200,
09:33:03,28.35,500,
09:33:03,28.329,850,
09:33:03,28.35,500,
09:33:03,28.35,300,
09:33:03,28.3556,100,
09:33:03,28.359,300,
09:33:04,28.37,100,
09:33:04,28.3643,200,
09:33:04,28.35,400,
09:33:04,28.35,600,
09:33:04,28.353,100,
09:33:05,28.367,100,
09:33:05,28.367,100,
09:33:05,28.369,150,
09:33:05,28.37,280,
09:33:06,28.35,400,
09:33:07,28.3685,100,
09:33:07,28.3698,100,
09:33:07,28.3699,100,
09:33:07,28.3699,100,
09:33:07,28.3699,100,
09:33:08,28.369,400,
09:33:08,28.361,100,
09:33:08,28.37,500,
09:33:08,28.37,200,
09:33:09,28.353,500,
09:33:09,28.379,200,
09:33:09,28.379,100,
09:33:09,28.3799,100,
09:33:09,28.37,900,
09:33:10,28.36,100,
09:33:10,28.36,100,
09:33:11,28.369,500,
09:33:11,28.369,500,
09:33:11,28.379,710,
09:33:11,28.37,300,
09:33:11,28.38,100,
09:33:11,28.38,100,
09:33:11,28.38,100,
09:33:11,28.38,100,
09:33:11,28.38,1900,
09:33:11,28.3799,100,
09:33:11,28.3799,100,
09:33:11,28.3799,100,
09:33:11,28.3799,1100,
09:33:11,28.38,1100,
09:33:12,28.36,100,
09:33:12,28.364,200,
09:33:12,28.37,100,
09:33:13,28.36,100,
09:33:13,28.377,100,
09:33:13,28.3799,170,
09:33:13,28.3592,100,
09:33:13,28.3592,100,
09:33:13,28.3592,100,
09:33:14,28.3546,200,
09:33:14,28.3595,200,
09:33:14,28.3556,800,
09:33:15,28.37,500,
09:33:15,28.369,100,
09:33:15,28.369,200,
09:33:16,28.353,100,
09:33:16,28.35,100,
09:33:16,28.35,100,
09:33:16,28.35,100,
09:33:17,28.3511,1500,
09:33:18,28.35,100,
09:33:18,28.37,400,
09:33:18,28.3586,100,
09:33:18,28.359,300,
09:33:19,28.3599,495,
09:33:20,28.3513,100,
09:33:20,28.3512,100,
09:33:20,28.3512,100,
09:33:20,28.3512,100,
09:33:21,28.36,100,
09:33:21,28.3649,100,
09:33:21,28.369,400,
09:33:21,28.3599,200,
09:33:21,28.359,100,
09:33:21,28.37,400,
09:33:21,28.36,100,
09:33:21,28.359,400,
09:33:21,28.3644,590,
09:33:22,28.369,200,
09:33:23,28.359,400,
09:33:23,28.359,100,
09:33:23,28.359,100,
09:33:24,28.363,1000,
09:33:24,28.3395,100,
09:33:24,28.339,300,
09:33:24,28.34,100,
09:33:25,28.3356,500,
09:33:26,28.33,200,
09:33:26,28.33,100,
09:33:26,28.33,100,
09:33:26,28.339,100,
09:33:26,28.322,100,
09:33:26,28.32,1000,
09:33:26,28.3455,100,
09:33:26,28.349,300,
09:33:27,28.35,400,
09:33:27,28.3488,200,
09:33:28,28.34,200,
09:33:29,28.34,135,
09:33:29,28.333,200,
09:33:29,28.3346,100,
09:33:29,28.3345,200,
09:33:30,28.35,250,
09:33:31,28.3697,100,
09:33:32,28.3601,1000,
09:33:32,28.362,200,
09:33:33,28.3504,100,
09:33:33,28.351,300,
09:33:33,28.36,100,
09:33:34,28.36,100,
09:33:34,28.36,200,
09:33:35,28.3689,200,
09:33:35,28.369,300,
09:33:35,28.3699,100,
09:33:35,28.367,250,
09:33:36,28.367,500,
09:33:36,28.35,400,
09:33:37,28.359,200,
09:33:37,28.359,100,
09:33:38,28.3528,1000,
09:33:38,28.36,100,
09:33:38,28.36,200,
09:33:38,28.35,300,
09:33:38,28.3601,1500,
09:33:39,28.36,100,
09:33:39,28.36,100,
09:33:39,28.35,100,
09:33:39,28.3511,1000,
09:33:41,28.35,100,
09:33:41,28.359,100,
09:33:41,28.35,100,
09:33:41,28.359,200,
09:33:42,28.359,300,
09:33:42,28.35,100,
09:33:43,28.3595,200,
09:33:44,28.35,100,
09:33:44,28.35,100,
09:33:44,28.353,800,
09:33:44,28.36,1000,
09:33:44,28.3528,1000,
09:33:45,28.3589,400,
09:33:46,28.35,300,
09:33:46,28.35,400,
09:33:47,28.36,150,
09:33:49,28.3505,100,
09:33:50,28.36,400,
09:33:51,28.3699,3600,
09:33:51,28.3611,1000,
09:33:51,28.3689,300,
09:33:52,28.36,157,
09:33:52,28.37,2400,
09:33:52,28.37,8200,
09:33:53,28.353,1000,
09:33:53,28.363,700,
09:33:54,28.35,1000,
09:33:54,28.35,10000,
09:33:55,28.3443,300,
09:33:56,28.334,750,
09:33:59,28.33,100,
09:33:59,28.349,400,
09:34:00,28.346,100,
09:34:00,28.3464,100,
09:34:00,28.333,300,
09:34:01,28.341,100,
09:34:01,28.34,300,
09:34:02,28.33,100,
09:34:02,28.3328,100,
09:34:02,28.33,900,
09:34:03,28.3289,1000,
09:34:03,28.3201,2800,
09:34:03,28.34,3000,
09:34:03,28.342,500,
09:34:05,28.3312,1500,
09:34:05,28.321,100,
09:34:05,28.33,300,
09:34:06,28.321,2000,
09:34:08,28.3489,100,
09:34:08,28.3492,200,
09:34:08,28.3491,100,
09:34:09,28.33,700,
09:34:10,28.3312,500,
09:34:10,28.35,380,
09:34:11,28.35,200,
09:34:11,28.35,6500,
09:34:12,28.3502,250,
09:34:12,28.351,200,
09:34:12,28.3518,100,
09:34:12,28.3517,100,
09:34:12,28.3599,100,
09:34:12,28.33,5000,
09:34:14,28.3508,100,
09:34:14,28.3506,100,
09:34:14,28.351,500,
09:34:15,28.351,1000,
09:34:15,28.3572,1000,
09:34:15,28.3501,400,
09:34:17,28.3599,400,
09:34:18,28.351,300,
09:34:18,28.351,2400,
09:34:19,28.3511,300,
09:34:20,28.36,100,
09:34:20,28.36,140,
09:34:21,28.37,100,
09:34:21,28.37,100,
09:34:21,28.37,100,
09:34:21,28.37,300,
09:34:21,28.37,400,
09:34:21,28.37,200,
09:34:21,28.37,100,
09:34:22,28.3728,200,
09:34:23,28.367,100,
09:34:23,28.35,100,
09:34:23,28.3572,300,
09:34:24,28.35,200,
09:34:24,28.35,500,
09:34:24,28.35,100,
09:34:25,28.3499,1000,
09:34:25,28.362,100,
09:34:27,28.349,199,
09:34:27,28.347,1000,
09:34:27,28.35,100,
09:34:28,28.35,100,
09:34:29,28.3495,200,
09:34:29,28.34,300,
09:34:29,28.34,100,
09:34:29,28.349,3000,
09:34:30,28.342,1000,
09:34:30,28.3301,400,
09:34:31,28.3305,1000,
09:34:34,28.34,250,
09:34:35,28.342,1000,
09:34:35,28.35,100,
09:34:37,28.35,200,
09:34:38,28.3489,1000,
09:34:38,28.3402,4000,
09:34:39,28.348,200,
09:34:40,28.347,870,
09:34:40,28.34,1200,
09:34:40,28.35,300,
09:34:41,28.36,300,
09:34:41,28.35,300,
09:34:41,28.35,200,
09:34:41,28.37,100,
09:34:41,28.347,170,
09:34:41,28.37,300,
09:34:41,28.37,400,
09:34:41,28.3699,300,
09:34:41,28.3699,400,
09:34:41,28.3699,200,
09:34:41,28.36,100,
09:34:41,28.362,100,
09:34:41,28.3617,100,
09:34:41,28.3607,200,
09:34:42,28.3601,200,
09:34:42,28.3695,1900,
09:34:42,28.3601,300,
09:34:42,28.365,1200,
09:34:43,28.37,300,
09:34:43,28.37,200,
09:34:43,28.37,100,
09:34:43,28.37,400,
09:34:43,28.37,100,
09:34:43,28.3699,400,
09:34:43,28.3699,200,
09:34:43,28.3699,100,
09:34:44,28.3685,100,
09:34:44,28.378,300,
09:34:44,28.38,100,
09:34:44,28.38,200,
09:34:45,28.38,350,
09:34:45,28.38,100,
09:34:46,28.38,200,
09:34:46,28.3604,200,
09:34:46,28.361,400,
09:34:47,28.36,3800,
09:34:48,28.363,300,
09:34:50,28.367,100,
09:34:51,28.3695,200,
09:34:51,28.37,800,
09:34:51,28.37,100,
09:34:51,28.37,800,
09:34:52,28.361,200,
09:34:53,28.364,6000,
09:34:54,28.38,1000,
09:34:55,28.36,100,
09:34:56,28.3689,250,
09:34:57,28.36,300,
09:34:57,28.36,200,
09:34:57,28.3601,930,
09:34:58,28.3595,500,
09:34:59,28.35,100,
09:34:59,28.3501,400,
09:35:00,28.367,200,
09:35:00,28.33,200,
09:35:01,28.34,100,
09:35:01,28.3306,100,
09:35:01,28.33,100,
09:35:02,28.341,200,
09:35:03,28.34,1000,
09:35:04,28.3411,1500,
09:35:04,28.341,200,
09:35:05,28.3495,150,
09:35:05,28.35,500,
09:35:06,28.3499,850,
09:35:06,28.3425,3000,
09:35:07,28.342,100,
09:35:08,28.341,300,
09:35:09,28.34,100,
09:35:09,28.34,100,
09:35:09,28.35,100,
09:35:09,28.35,855,
09:35:09,28.37,200,
09:35:09,28.38,400,
09:35:09,28.38,600,
09:35:09,28.38,700,
09:35:09,28.38,300,
09:35:09,28.38,100,
09:35:09,28.38,100,
09:35:09,28.38,400,
09:35:09,28.38,200,
09:35:09,28.38,100,
09:35:09,28.37,500,
09:35:09,28.37,100,
09:35:09,28.37,400,
09:35:10,28.3795,1000,
09:35:10,28.37,100,
09:35:10,28.361,250,
09:35:13,28.3606,100,
09:35:13,28.36,100,
09:35:13,28.3601,300,
09:35:13,28.35,100,
09:35:13,28.351,100,
09:35:13,28.351,100,
09:35:13,28.36,100,
09:35:13,28.351,2400,
09:35:14,28.34,200,
09:35:14,28.34,100,
09:35:14,28.33,1700,
09:35:15,28.35,101,
09:35:15,28.35,100,
09:35:15,28.3529,100,
09:35:16,28.35,300,
09:35:17,28.341,100,
09:35:17,28.3406,100,
09:35:17,28.3356,200,
09:35:17,28.3354,100,
09:35:17,28.331,487,
09:35:18,28.33,300,
09:35:19,28.33,2613,
09:35:19,28.331,100,
09:35:21,28.3403,100,
09:35:21,28.3403,100,
09:35:21,28.3316,100,
09:35:21,28.3306,200,
09:35:21,28.331,1000,
09:35:22,28.34,200,
09:35:22,28.35,500,
09:35:22,28.341,300,
09:35:22,28.33,200,
09:35:22,28.33,100,
09:35:24,28.3503,200,
09:35:24,28.351,400,
09:35:24,28.36,100,
09:35:24,28.37,100,
09:35:24,28.37,200,
09:35:24,28.37,100,
09:35:25,28.36,100,
09:35:25,28.3509,100,
09:35:25,28.351,550,
09:35:25,28.35,100,
09:35:25,28.3595,1000,
09:35:27,28.35,750,
09:35:27,28.35,1150,
09:35:27,28.3527,100,
09:35:27,28.351,300,
09:35:28,28.3506,1100,
09:35:28,28.351,1000,
09:35:28,28.36,500,
09:35:28,28.3502,200,
09:35:28,28.351,700,
09:35:28,28.351,700,
09:35:29,28.3501,400,
09:35:29,28.341,100,
09:35:30,28.341,100,
09:35:32,28.3422,100,
09:35:32,28.341,200,
09:35:33,28.36,200,
09:35:33,28.35,100,
09:35:33,28.35,100,
09:35:33,28.35,100,
09:35:33,28.37,100,
09:35:33,28.37,100,
09:35:33,28.37,100,
09:35:33,28.37,400,
09:35:33,28.38,100,
09:35:33,28.38,100,
09:35:33,28.38,100,
09:35:33,28.38,100,
09:35:33,28.38,100,
09:35:33,28.37,200,
09:35:33,28.39,100,
09:35:33,28.39,100,
09:35:33,28.38,100,
09:35:33,28.38,100,
09:35:33,28.38,200,
09:35:33,28.3701,700,
09:35:33,28.35,1000,
09:35:33,28.3735,100,
09:35:34,28.3711,600,
09:35:35,28.3695,100,
09:35:36,28.363,200,
09:35:37,28.36,200,
09:35:37,28.36,100,
09:35:37,28.37,100,
09:35:37,28.351,500,
09:35:37,28.35,700,
09:35:38,28.3501,750,
09:35:39,28.37,100,
09:35:39,28.37,100,
09:35:39,28.37,100,
09:35:39,28.366,500,
09:35:41,28.3801,100,
09:35:41,28.39,300,
09:35:41,28.3807,100,
09:35:41,28.3805,100,
09:35:41,28.39,500,
09:35:41,28.39,1000,
09:35:42,28.39,100,
09:35:42,28.39,100,
09:35:42,28.39,100,
09:35:42,28.39,100,
09:35:42,28.39,2300,
09:35:42,28.381,100,
09:35:42,28.39,200,
09:35:42,28.38,300,
09:35:42,28.38,300,
09:35:42,28.38,100,
09:35:42,28.381,100,
09:35:43,28.381,100,
09:35:44,28.381,1120,
09:35:44,28.3875,4100,
09:35:44,28.39,300,
09:35:46,28.381,200,
09:35:46,28.3823,100,
09:35:46,28.381,450,
09:35:47,28.40,100,
09:35:47,28.40,1000,
09:35:47,28.40,2000,
09:35:47,28.41,100,
09:35:47,28.41,100,
09:35:47,28.41,100,
09:35:47,28.41,200,
09:35:47,28.42,600,
09:35:47,28.45,200,
09:35:47,28.4015,100,
09:35:47,28.44,600,
09:35:47,28.43,100,
09:35:47,28.43,100,
09:35:47,28.43,200,
09:35:47,28.45,240,
09:35:47,28.44,100,
09:35:47,28.45,400,
09:35:47,28.4012,100,
09:35:47,28.4017,100,
09:35:47,28.4117,200,
09:35:47,28.4101,200,
09:35:47,28.45,200,
09:35:47,28.45,160,
09:35:47,28.46,100,
09:35:47,28.46,100,
09:35:47,28.4012,100,
09:35:47,28.411,1200,
09:35:47,28.46,100,
09:35:47,28.46,100,
09:35:47,28.4699,200,
09:35:48,28.47,150,
09:35:48,28.47,200,
09:35:49,28.411,200,
09:35:49,28.4559,200,
09:35:49,28.4566,100,
09:35:49,28.4528,1000,
09:35:50,28.4603,100,
09:35:50,28.461,200,
09:35:50,28.4699,100,
09:35:51,28.46,100,
09:35:51,28.46,100,
09:35:51,28.46,100,
09:35:51,28.46,100,
09:35:51,28.46,100,
09:35:51,28.45,100,
09:35:52,28.43,100,
09:35:52,28.42,200,
09:35:52,28.44,1000,
09:35:54,28.43,100,
09:35:54,28.43,100,
09:35:54,28.43,300,
09:35:54,28.4311,105,
09:35:54,28.43,200,
09:35:54,28.431,200,
09:35:55,28.431,200,
09:35:55,28.42,100,
09:35:55,28.42,100,
09:35:55,28.42,100,
09:35:55,28.42,100,
09:35:55,28.42,100,
09:35:55,28.42,100,
09:35:56,28.4189,200,
09:35:57,28.39,900,
09:35:58,28.39,200,
09:35:59,28.3811,500,
09:35:59,28.3725,3000,
09:35:59,28.37,200,
09:35:59,28.37,800,
09:35:59,28.38,100,
09:35:59,28.38,200,
09:36:00,28.3828,300,
09:36:00,28.3859,100,
09:36:00,28.3811,500,
09:36:00,28.381,200,
09:36:00,28.381,200,
09:36:00,28.3701,100,
09:36:01,28.3799,100,
09:36:01,28.388,200,
09:36:02,28.3972,400,
09:36:02,28.41,100,
09:36:02,28.41,100,
09:36:02,28.41,100,
09:36:02,28.41,200,
09:36:03,28.381,200,
09:36:05,28.38,100,
09:36:05,28.39,200,
09:36:06,28.3728,100,
09:36:06,28.371,100,
09:36:07,28.371,2000,
09:36:07,28.38,500,
09:36:07,28.38,300,
09:36:07,28.38,100,
09:36:09,28.4101,300,
09:36:11,28.4202,100,
09:36:11,28.42,100,
09:36:11,28.421,200,
09:36:12,28.428,300,
09:36:12,28.4285,100,
09:36:12,28.42,500,
09:36:12,28.42,200,
09:36:12,28.421,100,
09:36:12,28.4199,300,
09:36:15,28.40,700,
09:36:15,28.39,100,
09:36:16,28.409,150,
09:36:16,28.38,100,
09:36:17,28.40,200,
09:36:17,28.41,100,
09:36:17,28.41,100,
09:36:18,28.43,100,
09:36:18,28.43,100,
09:36:18,28.43,300,
09:36:18,28.4372,400,
09:36:19,28.423,850,
09:36:19,28.4228,900,
09:36:21,28.4215,100,
09:36:22,28.42,100,
09:36:22,28.4201,200,
09:36:24,28.4224,1400,
09:36:25,28.42,100,
09:36:25,28.42,100,
09:36:25,28.42,100,
09:36:27,28.419,800,
09:36:27,28.419,800,
09:36:27,28.421,200,
09:36:27,28.419,1500,
09:36:27,28.421,100,
09:36:27,28.4105,200,
09:36:28,28.421,100,
09:36:28,28.419,2100,
09:36:28,28.42,7600,
09:36:28,28.421,100,
09:36:28,28.411,100,
09:36:28,28.411,400,
09:36:28,28.421,100,
09:36:29,28.41,200,
09:36:30,28.411,100,
09:36:30,28.411,100,
09:36:30,28.4111,300,
09:36:31,28.42,100,
09:36:33,28.4299,2000,
09:36:33,28.411,1000,
09:36:34,28.428,850,
09:36:34,28.43,1126,
09:36:34,28.46,140,
09:36:34,28.46,100,
09:36:34,28.428,200,
09:36:35,28.4495,200,
09:36:35,28.4495,300,
09:36:36,28.437,100,
09:36:37,28.443,300,
09:36:37,28.4401,250,
09:36:38,28.4315,100,
09:36:39,28.4499,1000,
09:36:39,28.4405,345,
09:36:40,28.447,100,
09:36:40,28.442,1000,
09:36:40,28.45,500,
09:36:41,28.446,200,
09:36:41,28.4452,700,
09:36:42,28.45,200,
09:36:42,28.4411,100,
09:36:42,28.447,1000,
09:36:43,28.451,500,
09:36:43,28.44,1900,
09:36:44,28.43,500,
09:36:44,28.4385,100,
09:36:44,28.4386,100,
09:36:44,28.4387,100,
09:36:44,28.439,700,
09:36:44,28.439,200,
09:36:44,28.439,300,
09:36:45,28.44,100,
09:36:46,28.431,150,
09:36:46,28.44,300,
09:36:46,28.44,6200,
09:36:47,28.45,200,
09:36:47,28.45,100,
09:36:47,28.45,300,
09:36:47,28.46,600,
09:36:50,28.4651,100,
09:36:51,28.4672,1000,
09:36:52,28.461,5000,
09:36:52,28.48,100,
09:36:55,28.471,125,
09:36:55,28.461,1000,
09:36:56,28.47,1000,
09:36:56,28.47,800,
09:36:56,28.47,100,
09:36:56,28.47,100,
09:36:56,28.47,100,
09:36:56,28.46,100,
09:36:56,28.4601,300,
09:36:56,28.4795,910,
09:36:58,28.479,800,
09:36:58,28.467,120,
09:36:59,28.4789,500,
09:36:59,28.4701,100,
09:37:00,28.48,176,
09:37:00,28.49,100,
09:37:00,28.50,160,
09:37:00,28.50,160,
09:37:00,28.50,100,
09:37:00,28.50,185,
09:37:00,28.50,485,
09:37:00,28.50,523,
09:37:00,28.50,162,
09:37:00,28.50,200,
09:37:00,28.4901,250,
09:37:00,28.4998,200,
09:37:00,28.50,100,
09:37:00,28.50,1000,
09:37:00,28.50,600,
09:37:00,28.50,400,
09:37:00,28.50,300,
09:37:00,28.50,100,
09:37:00,28.50,100,
09:37:00,28.50,100,
09:37:00,28.50,207,
09:37:00,28.50,1000,
09:37:00,28.50,300,
09:37:01,28.477,500,
09:37:01,28.51,300,
09:37:02,28.52,350,
09:37:02,28.52,100,
09:37:03,28.5101,200,
09:37:04,28.519,400,
09:37:04,28.517,950,
09:37:04,28.509,200,
09:37:04,28.51,200,
09:37:04,28.51,2000,
09:37:04,28.51,200,
09:37:06,28.52,100,
09:37:06,28.52,100,
09:37:06,28.52,200,
09:37:06,28.51,500,
09:37:06,28.4999,1000,
09:37:07,28.4998,100,
09:37:07,28.517,100,
09:37:08,28.48,900,
09:37:09,28.48,200,
09:37:09,28.47,700,
09:37:09,28.4898,600,
09:37:10,28.4872,150,
09:37:10,28.473,600,
09:37:11,28.4902,2700,
09:37:12,28.50,300,
09:37:12,28.50,200,
09:37:12,28.50,400,
09:37:13,28.4899,1000,
09:37:13,28.489,840,
09:37:14,28.49,100,
09:37:14,28.5094,100,
09:37:14,28.5094,100,
09:37:14,28.5095,200,
09:37:14,28.5093,100,
09:37:14,28.509,2200,
09:37:15,28.51,900,
09:37:15,28.51,100,
09:37:15,28.51,100,
09:37:15,28.51,500,
09:37:15,28.51,100,
09:37:16,28.51,200,
09:37:16,28.507,500,
09:37:16,28.51,440,
09:37:19,28.503,1000,
09:37:21,28.49,100,
09:37:22,28.50,200,
09:37:24,28.4899,300,
09:37:24,28.4899,300,
09:37:25,28.4828,300,
09:37:25,28.4824,200,
09:37:26,28.47,200,
09:37:26,28.47,100,
09:37:26,28.47,100,
09:37:27,28.47,100,
09:37:27,28.47,200,
09:37:27,28.47,200,
09:37:27,28.47,100,
09:37:28,28.453,500,
09:37:28,28.467,500,
09:37:28,28.458,282,
09:37:30,28.4599,100,
09:37:30,28.45,100,
09:37:30,28.45,100,
09:37:30,28.45,200,
09:37:30,28.45,100,
09:37:30,28.4501,600,
09:37:31,28.4598,2500,
09:37:31,28.45,250,
09:37:32,28.45,200,
09:37:32,28.45,300,
09:37:32,28.4411,1000,
09:37:32,28.449,100,
09:37:33,28.44,100,
09:37:33,28.44,300,
09:37:33,28.45,100,
09:37:33,28.45,200,
09:37:33,28.45,400,
09:37:33,28.45,300,
09:37:33,28.46,100,
09:37:33,28.46,100,
09:37:33,28.46,100,
09:37:33,28.46,100,
09:37:33,28.47,400,
09:37:34,28.449,200,
09:37:34,28.45,100,
09:37:34,28.45,200,
09:37:34,28.45,100,
09:37:34,28.442,100,
09:37:34,28.44,100,
09:37:34,28.44,100,
09:37:34,28.44,100,
09:37:34,28.44,100,
09:37:34,28.44,224,
09:37:34,28.44,200,
09:37:34,28.44,100,
09:37:34,28.44,576,
09:37:34,28.44,484,
09:37:35,28.44,4900,
09:37:37,28.4738,100,
09:37:38,28.4728,1000,
09:37:38,28.4701,200,
09:37:38,28.4706,200,
09:37:39,28.4711,1000,
09:37:40,28.478,400,
09:37:40,28.473,500,
09:37:40,28.46,3000,
09:37:42,28.4602,5000,
09:37:42,28.4615,100,
09:37:43,28.47,100,
09:37:45,28.47,395,
09:37:45,28.49,100,
09:37:45,28.49,100,
09:37:45,28.49,100,
09:37:45,28.48,100,
09:37:46,28.4801,100,
09:37:46,28.4801,100,
09:37:46,28.477,130,
09:37:47,28.461,600,
09:37:50,28.4699,500,
09:37:50,28.46,100,
09:37:50,28.4601,100,
09:37:52,28.461,700,
09:37:53,28.4601,200,
09:37:53,28.4601,200,
09:37:53,28.46,100,
09:37:53,28.46,100,
09:37:53,28.46,100,
09:37:53,28.46,100,
09:37:53,28.46,100,
09:37:55,28.48,200,
09:37:55,28.4556,1000,
09:37:57,28.46,165,
09:37:59,28.4701,100,
09:38:00,28.4728,100,
09:38:00,28.4718,100,
09:38:01,28.49,100,
09:38:01,28.50,100,
09:38:05,28.4724,1075,
09:38:06,28.47,300,
09:38:06,28.47,200,
09:38:06,28.47,100,
09:38:06,28.47,100,
09:38:06,28.47,100,
09:38:06,28.48,300,
09:38:06,28.48,700,
09:38:07,28.48,100,
09:38:07,28.48,100,
09:38:07,28.4799,500,
09:38:08,28.47,100,
09:38:10,28.48,100,
09:38:10,28.48,100,
09:38:10,28.4828,150,
09:38:10,28.4828,100,
09:38:12,28.49,8000,
09:38:15,28.48,150,
09:38:16,28.49,100,
09:38:16,28.473,500,
09:38:17,28.49,100,
09:38:17,28.49,100,
09:38:17,28.49,100,
09:38:18,28.4872,400,
09:38:18,28.489,100,
09:38:19,28.49,112,
09:38:20,28.46,100,
09:38:21,28.48,400,
09:38:22,28.49,100,
09:38:22,28.48,100,
09:38:22,28.473,100,
09:38:22,28.47,100,
09:38:22,28.47,100,
09:38:23,28.483,200,
09:38:23,28.46,100,
09:38:25,28.471,200,
09:38:25,28.45,200,
09:38:25,28.45,100,
09:38:28,28.45,100,
09:38:28,28.45,100,
09:38:29,28.4525,2700,
09:38:30,28.4501,1000,
09:38:32,28.4584,1000,
09:38:32,28.45,800,
09:38:34,28.44,100,
09:38:35,28.4372,300,
09:38:36,28.437,600,
09:38:37,28.43,200,
09:38:37,28.43,1000,
09:38:38,28.42,200,
09:38:38,28.42,200,
09:38:39,28.43,100,
09:38:39,28.43,8000,
09:38:40,28.42,200,
09:38:40,28.42,2000,
09:38:40,28.42,3100,
09:38:40,28.421,200,
09:38:40,28.423,300,
09:38:42,28.41,200,
09:38:42,28.40,200,
09:38:42,28.4003,200,
09:38:43,28.411,300,
09:38:43,28.40,880,
09:38:43,28.40,3100,
09:38:44,28.413,368,
09:38:44,28.40,100,
09:38:44,28.38,300,
09:38:44,28.37,100,
09:38:44,28.37,100,
09:38:44,28.37,100,
09:38:44,28.36,100,
09:38:44,28.35,200,
09:38:45,28.36,300,
09:38:45,28.3527,100,
09:38:45,28.3545,100,
09:38:45,28.35,100,
09:38:45,28.35,100,
09:38:45,28.35,100,
09:38:45,28.3579,100,
09:38:45,28.3574,100,
09:38:45,28.37,100,
09:38:45,28.37,200,
09:38:45,28.37,100,
09:38:45,28.37,100,
09:38:45,28.38,700,
09:38:46,28.3613,100,
09:38:46,28.361,600,
09:38:46,28.353,380,
09:38:46,28.361,600,
09:38:46,28.409,100,
09:38:46,28.35,1000,
09:38:46,28.36,900,
09:38:47,28.362,500,
09:38:47,28.35,150,
09:38:48,28.3711,500,
09:38:48,28.371,100,
09:38:49,28.36,1300,
09:38:49,28.373,800,
09:38:50,28.3811,100,
09:38:52,28.381,100,
09:38:52,28.38,100,
09:38:52,28.38,300,
09:38:53,28.381,100,
09:38:53,28.3804,100,
09:38:53,28.38,100,
09:38:53,28.37,250,
09:38:53,28.3701,250,
09:38:54,28.37,500,
09:38:54,28.38,300,
09:38:54,28.38,900,
09:38:54,28.38,100,
09:38:54,28.3771,2000,
09:38:55,28.38,500,
09:38:55,28.381,200,
09:38:56,28.381,100,
09:38:56,28.387,650,
09:38:57,28.38,500,
09:38:58,28.41,500,
09:38:59,28.40,100,
09:38:59,28.40,100,
09:38:59,28.40,100,
09:38:59,28.40,100,
09:38:59,28.4001,100,
09:38:59,28.39,500,
09:39:00,28.37,2912,
09:39:00,28.3772,150,
09:39:00,28.38,200,
09:39:00,28.38,100,
09:39:00,28.37,200,
09:39:01,28.377,132,
09:39:03,28.3772,400,
09:39:04,28.3756,700,
09:39:05,28.39,200,
09:39:05,28.39,100,
09:39:05,28.38,100,
09:39:05,28.41,200,
09:39:05,28.40,400,
09:39:05,28.40,100,
09:39:05,28.40,100,
09:39:05,28.39,200,
09:39:05,28.40,100,
09:39:05,28.40,200,
09:39:05,28.40,100,
09:39:05,28.40,200,
09:39:05,28.40,1200,
09:39:05,28.40,100,
09:39:05,28.41,100,
09:39:05,28.39,100,
09:39:07,28.3928,100,
09:39:07,28.3926,100,
09:39:07,28.39,100,
09:39:07,28.39,100,
09:39:07,28.39,100,
09:39:07,28.391,625,
09:39:08,28.3946,100,
09:39:08,28.3946,100,
09:39:08,28.3946,200,
09:39:09,28.40,500,
09:39:09,28.39,100,
09:39:09,28.39,300,
09:39:09,28.39,100,
09:39:09,28.39,300,
09:39:10,28.39,100,
09:39:10,28.39,200,
09:39:10,28.40,400,
09:39:12,28.4003,100,
09:39:12,28.40,500,
09:39:12,28.39,100,
09:39:12,28.40,300,
09:39:14,28.4195,500,
09:39:15,28.4105,100,
09:39:15,28.41,253,
09:39:16,28.3901,100,
09:39:18,28.40,100,
09:39:19,28.4101,100,
09:39:19,28.413,1000,
09:39:21,28.4199,100,
09:39:26,28.41,150,
09:39:27,28.40,436,
09:39:27,28.40,900,
09:39:28,28.401,100,
09:39:29,28.408,400,
09:39:29,28.402,300,
09:39:30,28.41,100,
09:39:30,28.41,100,
09:39:30,28.41,100,
09:39:30,28.41,100,
09:39:30,28.41,100,
09:39:30,28.41,100,
09:39:30,28.41,100,
09:39:30,28.41,100,
09:39:30,28.41,100,
09:39:30,28.41,400,
09:39:30,28.42,100,
09:39:30,28.41,100,
09:39:30,28.42,100,
09:39:30,28.42,100,
09:39:30,28.42,100,
09:39:30,28.4175,100,
09:39:31,28.44,400,
09:39:31,28.43,395,
09:39:32,28.4401,100,
09:39:32,28.45,2000,
09:39:33,28.41,400,
09:39:34,28.411,100,
09:39:34,28.4101,1100,
09:39:35,28.441,500,
09:39:35,28.43,100,
09:39:38,28.411,320,
09:39:38,28.40,100,
09:39:39,28.40,300,
09:39:40,28.40,724,
09:39:40,28.388,500,
09:39:42,28.3899,100,
09:39:43,28.39,100,
09:39:44,28.38,100,
09:39:44,28.38,100,
09:39:44,28.37,300,
09:39:44,28.37,180,
09:39:44,28.3705,100,
09:39:44,28.371,200,
09:39:46,28.3772,800,
09:39:46,28.37,500,
09:39:46,28.36,300,
09:39:46,28.36,300,
09:39:46,28.36,200,
09:39:46,28.36,200,
09:39:46,28.379,500,
09:39:47,28.373,400,
09:39:47,28.37,100,
09:39:47,28.37,200,
09:39:47,28.37,100,
09:39:49,28.37,100,
09:39:49,28.39,100,
09:39:49,28.39,100,
09:39:49,28.39,300,
09:39:49,28.39,100,
09:39:49,28.39,100,
09:39:49,28.39,100,
09:39:49,28.38,200,
09:39:49,28.3872,200,
09:39:49,28.38,500,
09:39:49,28.38,100,
09:39:49,28.38,100,
09:39:49,28.38,100,
09:39:49,28.38,500,
09:39:49,28.39,200,
09:39:49,28.39,100,
09:39:50,28.40,8100,
09:39:50,28.39,200,
09:39:50,28.40,100,
09:39:50,28.40,200,
09:39:50,28.40,100,
09:39:50,28.41,500,
09:39:54,28.419,100,
09:39:56,28.411,300,
09:39:57,28.4001,4300,
09:39:57,28.40,200,
09:39:58,28.4001,100,
09:39:59,28.408,100,
09:39:59,28.42,100,
09:39:59,28.41,100,
09:40:01,28.45,100,
09:40:01,28.45,300,
09:40:01,28.45,200,
09:40:01,28.45,600,
09:40:02,28.44,500,
09:40:02,28.434,100,
09:40:03,28.4322,100,
09:40:03,28.4322,100,
09:40:03,28.431,400,
09:40:04,28.431,100,
09:40:04,28.431,100,
09:40:04,28.4306,100,
09:40:04,28.43,200,
09:40:04,28.431,200,
09:40:04,28.43,250,
09:40:04,28.43,100,
09:40:05,28.431,100,
09:40:05,28.431,200,
09:40:05,28.431,100,
09:40:05,28.431,100,
09:40:05,28.431,200,
09:40:05,28.431,800,
09:40:05,28.431,100,
09:40:05,28.431,200,
09:40:05,28.431,200,
09:40:05,28.431,100,
09:40:05,28.43,800,
09:40:05,28.431,500,
09:40:06,28.44,500,
09:40:07,28.431,200,
09:40:08,28.431,600,
09:40:09,28.4399,100,
09:40:09,28.44,100,
09:40:09,28.45,300,
09:40:09,28.45,200,
09:40:09,28.45,100,
09:40:09,28.45,100,
09:40:09,28.45,100,
09:40:11,28.449,1900,
09:40:11,28.4581,300,
09:40:14,28.45,100,
09:40:14,28.45,100,
09:40:14,28.45,100,
09:40:14,28.4501,800,
09:40:16,28.455,100,
09:40:16,28.455,100,
09:40:17,28.44,100,
09:40:18,28.4489,1500,
09:40:19,28.46,200,
09:40:19,28.4599,200,
09:40:19,28.46,200,
09:40:20,28.451,400,
09:40:21,28.48,400,
09:40:22,28.48,500,
09:40:23,28.49,300,
09:40:23,28.48,100,
09:40:23,28.48,500,
09:40:23,28.49,300,
09:40:23,28.49,100,
09:40:23,28.49,100,
09:40:23,28.49,100,
09:40:23,28.452,1000,
09:40:24,28.4899,100,
09:40:25,28.4809,100,
09:40:25,28.4809,100,
09:40:25,28.481,100,
09:40:25,28.4899,500,
09:40:26,28.481,100,
09:40:26,28.487,100,
09:40:26,28.4888,1500,
09:40:27,28.4899,1100,
09:40:28,28.49,100,
09:40:28,28.49,200,
09:40:28,28.49,100,
09:40:28,28.49,477,
09:40:28,28.49,800,
09:40:28,28.49,100,
09:40:29,28.4611,100,
09:40:29,28.4695,700,
09:40:31,28.4695,600,
09:40:32,28.461,200,
09:40:33,28.4604,100,
09:40:33,28.4603,100,
09:40:34,28.4659,100,
09:40:34,28.4664,100,
09:40:34,28.4673,200,
09:40:34,28.4659,100,
09:40:35,28.461,100,
09:40:35,28.46,200,
09:40:35,28.4599,100,
09:40:36,28.46,100,
09:40:36,28.47,100,
09:40:36,28.47,100,
09:40:37,28.48,300,
09:40:37,28.48,100,
09:40:37,28.48,100,
09:40:37,28.4801,1600,
09:40:38,28.48,500,
09:40:38,28.48,100,
09:40:41,28.49,100,
09:40:41,28.483,200,
09:40:42,28.4899,100,
09:40:43,28.48,500,
09:40:43,28.47,100,
09:40:43,28.47,200,
09:40:45,28.479,2000,
09:40:47,28.48,500,
09:40:47,28.47,1400,
09:40:47,28.471,100,
09:40:49,28.4805,300,
09:40:50,28.488,100,
09:40:50,28.487,750,
09:40:52,28.4989,300,
09:40:55,28.48,400,
09:40:55,28.48,100,
09:40:55,28.48,400,
09:40:55,28.48,100,
09:40:56,28.487,200,
09:40:56,28.48,500,
09:40:56,28.48,100,
09:40:56,28.48,100,
09:40:58,28.48,100,
09:40:59,28.48,100,
09:40:59,28.49,100,
09:40:59,28.49,100,
09:41:00,28.49,100,
09:41:00,28.495,300,
09:41:01,28.50,100,
09:41:01,28.50,100,
09:41:01,28.50,500,
09:41:01,28.50,100,
09:41:01,28.50,100,
09:41:02,28.4999,200,
09:41:02,28.488,200,
09:41:02,28.4901,700,
09:41:02,28.4995,352,
09:41:03,28.50,370,
09:41:05,28.498,500,
09:41:05,28.50,200,
09:41:05,28.491,500,
09:41:06,28.4989,900,
09:41:07,28.49,100,
09:41:08,28.491,180,
09:41:08,28.49,175,
09:41:08,28.4999,100,
09:41:08,28.4999,100,
09:41:08,28.50,100,
09:41:09,28.491,175,
09:41:09,28.50,925,
09:41:09,28.50,400,
09:41:11,28.4999,100,
09:41:12,28.49,100,
09:41:12,28.49,400,
09:41:14,28.48,10000,
09:41:18,28.4985,100,
09:41:20,28.49,2000,
09:41:22,28.49,100,
09:41:27,28.4872,250,
09:41:29,28.483,250,
09:41:33,28.49,300,
09:41:33,28.48,1500,
09:41:34,28.48,200,
09:41:36,28.48,300,
09:41:36,28.48,100,
09:41:38,28.48,262,
09:41:39,28.489,500,
09:41:40,28.4825,1500,
09:41:41,28.489,100,
09:41:42,28.489,3200,
09:41:44,28.472,300,
09:41:44,28.4699,2200,
09:41:45,28.46,100,
09:41:45,28.45,100,
09:41:45,28.45,790,
09:41:45,28.4441,100,
09:41:45,28.4689,300,
09:41:46,28.44,100,
09:41:46,28.4401,600,
09:41:46,28.43,900,
09:41:46,28.43,900,
09:41:47,28.41,100,
09:41:47,28.413,500,
09:41:48,28.4211,1500,
09:41:50,28.41,800,
09:41:50,28.423,1000,
09:41:52,28.4188,2000,
09:41:54,28.39,4500,
09:41:55,28.4172,500,
09:41:55,28.41,100,
09:41:56,28.4185,100,
09:41:56,28.413,850,
09:41:58,28.38,100,
09:41:58,28.3801,300,
09:41:59,28.3805,2500,
09:42:00,28.39,200,
09:42:00,28.40,100,
09:42:00,28.3889,100,
09:42:02,28.41,900,
09:42:03,28.413,200,
09:42:04,28.427,200,
09:42:05,28.417,1000,
09:42:06,28.411,4400,
09:42:08,28.411,100,
09:42:08,28.411,350,
09:42:09,28.42,100,
09:42:10,28.419,100,
09:42:10,28.42,100,
09:42:10,28.419,100,
09:42:11,28.43,300,
09:42:12,28.42,100,
09:42:14,28.421,300,
09:42:19,28.43,270,
09:42:24,28.42,100,
09:42:24,28.42,300,
09:42:25,28.401,100,
09:42:25,28.41,200,
09:42:25,28.41,400,
09:42:26,28.418,100,
09:42:26,28.4195,2200,
09:42:27,28.412,190,
09:42:27,28.42,200,
09:42:27,28.42,100,
09:42:28,28.41,100,
09:42:28,28.411,222,
09:42:30,28.411,100,
09:42:31,28.41,100,
09:42:32,28.40,500,
09:42:35,28.401,500,
09:42:40,28.392,100,
09:42:43,28.3811,1000,
09:42:45,28.381,4000,
09:42:46,28.3789,300,
09:42:47,28.37,100,
09:42:47,28.3705,200,
09:42:50,28.3801,200,
09:42:51,28.38,100,
09:42:53,28.388,500,
09:42:54,28.381,3000,
09:42:57,28.35,100,
09:42:57,28.35,100,
09:42:57,28.35,100,
09:42:59,28.3798,100,
09:42:59,28.38,200,
09:42:59,28.3847,100,
09:42:59,28.389,200,
09:42:59,28.369,100,
09:42:59,28.3785,200,
09:42:59,28.3794,100,
09:42:59,28.3795,200,
09:42:59,28.379,1000,
09:42:59,28.37,600,
09:43:00,28.39,5200,
09:43:02,28.363,400,
09:43:02,28.37,100,
09:43:02,28.3705,100,
09:43:03,28.3889,100,
09:43:03,28.389,200,
09:43:04,28.37,100,
09:43:05,28.36,100,
09:43:06,28.36,100,
09:43:06,28.3665,185,
09:43:10,28.3628,600,
09:43:12,28.3611,400,
09:43:12,28.36,1000,
09:43:14,28.3689,1000,
09:43:17,28.35,100,
09:43:17,28.359,100,
09:43:17,28.351,500,
09:43:20,28.3575,2200,
09:43:20,28.36,100,
09:43:23,28.389,400,
09:43:23,28.39,100,
09:43:23,28.39,100,
09:43:27,28.40,400,
09:43:27,28.40,200,
09:43:27,28.40,400,
09:43:27,28.40,200,
09:43:28,28.41,100,
09:43:29,28.41,100,
09:43:29,28.41,100,
09:43:31,28.397,100,
09:43:32,28.39,500,
09:43:33,28.3889,1300,
09:43:37,28.3872,140,
09:43:39,28.39,100,
09:43:39,28.39,100,
09:43:39,28.39,100,
09:43:39,28.38,100,
09:43:39,28.38,100,
09:43:42,28.3711,1000,
09:43:45,28.377,400,
09:43:47,28.3865,200,
09:43:48,28.3705,200,
09:43:49,28.37,200,
09:43:49,28.39,100,
09:43:50,28.38,200,
09:43:53,28.373,100,
09:43:54,28.38,200,
09:43:55,28.37,800,
09:43:58,28.36,200,
09:44:02,28.376,140,
09:44:03,28.36,300,
09:44:03,28.36,300,
09:44:03,28.36,100,
09:44:03,28.36,200,
09:44:03,28.36,100,
09:44:06,28.37,100,
09:44:08,28.36,600,
09:44:08,28.3689,300,
09:44:09,28.36,200,
09:44:09,28.361,200,
09:44:09,28.36,100,
09:44:10,28.36,100,
09:44:10,28.34,100,
09:44:10,28.34,500,
09:44:10,28.34,100,
09:44:10,28.34,100,
09:44:11,28.3499,100,
09:44:12,28.361,200,
09:44:14,28.35,500,
09:44:15,28.343,164,
09:44:19,28.341,1500,
09:44:19,28.33,500,
09:44:20,28.331,300,
09:44:21,28.321,200,
09:44:22,28.3328,1000,
09:44:23,28.3351,5000,
09:44:24,28.33,200,
09:44:27,28.33,100,
09:44:28,28.321,500,
09:44:29,28.3201,2000,
09:44:30,28.34,4750,
09:44:31,28.34,100,
09:44:31,28.34,100,
09:44:31,28.34,100,
09:44:31,28.34,100,
09:44:34,28.3488,100,
09:44:37,28.3401,1000,
09:44:37,28.3406,100,
09:44:37,28.3405,100,
09:44:38,28.3462,500,
09:44:38,28.35,100,
09:44:38,28.35,500,
09:44:38,28.35,250,
09:44:40,28.35,100,
09:44:40,28.35,100,
09:44:40,28.35,100,
09:44:40,28.35,100,
09:44:42,28.353,500,
09:44:43,28.40,375,
09:44:43,28.40,750,
09:44:43,28.42,324,
09:44:43,28.42,400,
09:44:43,28.42,500,
09:44:43,28.42,100,
09:44:43,28.42,400,
09:44:49,28.418,1200,
09:44:50,28.4299,1000,
09:44:52,28.43,100,
09:44:53,28.42,100,
09:44:53,28.42,1700,
09:44:54,28.42,100,
09:44:58,28.38,200,
09:44:58,28.3887,100,
09:44:58,28.3887,100,
09:44:58,28.3887,100,
09:45:01,28.3911,100,
09:45:01,28.39,7100,
09:45:01,28.40,100,
09:45:01,28.40,100,
09:45:01,28.40,100,
09:45:01,28.40,700,
09:45:01,28.40,100,
09:45:01,28.40,700,
09:45:03,28.41,200,
09:45:03,28.41,100,
09:45:04,28.41,100,
09:45:04,28.41,100,
09:45:04,28.4105,500,
09:45:08,28.4199,500,
09:45:08,28.42,100,
09:45:08,28.41,100,
09:45:08,28.41,100,
09:45:08,28.42,200,
09:45:08,28.4185,200,
09:45:08,28.4188,100,
09:45:08,28.419,500,
09:45:08,28.41,100,
09:45:08,28.4189,1500,
09:45:08,28.42,482,
09:45:09,28.415,100,
09:45:09,28.415,100,
09:45:09,28.42,200,
09:45:11,28.42,100,
09:45:11,28.42,100,
09:45:11,28.41,100,
09:45:11,28.41,600,
09:45:11,28.41,500,
09:45:12,28.41,100,
09:45:12,28.41,200,
09:45:12,28.41,500,
09:45:12,28.41,100,
09:45:12,28.41,500,
09:45:12,28.41,100,
09:45:13,28.41,100,
09:45:13,28.41,100,
09:45:15,28.418,500,
09:45:16,28.415,100,
09:45:16,28.415,100,
09:45:18,28.415,100,
09:45:18,28.419,400,
09:45:19,28.4111,1500,
09:45:20,28.42,200,
09:45:20,28.4189,600,
09:45:21,28.4111,500,
09:45:24,28.419,100,
09:45:29,28.4101,175,
09:45:31,28.41,670,
09:45:32,28.411,100,
09:45:33,28.415,100,
09:45:33,28.43,300,
09:45:36,28.4205,1000,
09:45:37,28.419,100,
09:45:38,28.42,100,
09:45:38,28.42,100,
09:45:38,28.42,100,
09:45:39,28.42,2000,
09:45:40,28.427,100,
09:45:43,28.43,800,
09:45:43,28.43,100,
09:45:43,28.43,100,
09:45:43,28.43,100,
09:45:43,28.425,200,
09:45:43,28.43,100,
09:45:43,28.44,100,
09:45:43,28.44,100,
09:45:43,28.43,100,
09:45:43,28.44,100,
09:45:43,28.44,100,
09:45:43,28.44,300,
09:45:43,28.43,200,
09:45:43,28.43,100,
09:45:43,28.44,100,
09:45:43,28.4411,1000,
09:45:43,28.44,100,
09:45:43,28.44,200,
09:45:44,28.44,500,
09:45:44,28.44,100,
09:45:44,28.44,300,
09:45:44,28.43,100,
09:45:44,28.43,100,
09:45:44,28.43,100,
09:45:44,28.44,100,
09:45:45,28.44,100,
09:45:47,28.4202,3000,
09:45:48,28.438,200,
09:45:49,28.42,100,
09:45:49,28.42,100,
09:45:49,28.42,600,
09:45:49,28.42,600,
09:45:49,28.429,100,
09:45:52,28.427,500,
09:45:53,28.38,200,
09:45:53,28.38,100,
09:45:54,28.3789,1000,
09:45:55,28.375,100,
09:45:56,28.3701,100,
09:45:57,28.378,300,
09:45:58,28.38,400,
09:45:58,28.38,100,
09:45:58,28.375,100,
09:46:01,28.3795,500,
09:46:02,28.3711,1500,
09:46:02,28.37,1100,
09:46:04,28.375,100,
09:46:09,28.36,100,
09:46:12,28.363,100,
09:46:13,28.36,100,
09:46:13,28.36,200,
09:46:13,28.33,672,
09:46:13,28.34,400,
09:46:13,28.32,300,
09:46:13,28.32,500,
09:46:13,28.32,100,
09:46:14,28.31,1800,
09:46:14,28.31,500,
09:46:14,28.31,300,
09:46:14,28.31,200,
09:46:14,28.3128,1000,
09:46:14,28.31,200,
09:46:14,28.31,400,
09:46:14,28.31,700,
09:46:14,28.31,100,
09:46:14,28.31,700,
09:46:14,28.31,100,
09:46:15,28.3111,150,
09:46:15,28.31,200,
09:46:15,28.31,200,
09:46:15,28.31,200,
09:46:16,28.3199,200,
09:46:16,28.31,200,
09:46:16,28.31,200,
09:46:17,28.3111,300,
09:46:17,28.311,100,
09:46:19,28.316,200,
09:46:20,28.31,100,
09:46:21,28.3189,300,
09:46:22,28.313,150,
09:46:23,28.32,100,
09:46:23,28.33,100,
09:46:23,28.33,100,
09:46:25,28.319,5000,
09:46:28,28.32,100,
09:46:28,28.32,100,
09:46:29,28.3182,200,
09:46:29,28.319,300,
09:46:29,28.32,500,
09:46:29,28.32,100,
09:46:29,28.32,500,
09:46:29,28.32,100,
09:46:29,28.32,100,
09:46:29,28.32,900,
09:46:33,28.3189,200,
09:46:33,28.30,100,
09:46:33,28.30,400,
09:46:33,28.30,300,
09:46:33,28.30,100,
09:46:33,28.30,4800,
09:46:34,28.2901,150,
09:46:34,28.30,500,
09:46:35,28.29,100,
09:46:37,28.293,100,
09:46:39,28.2905,200,
09:46:40,28.2901,870,
09:46:40,28.291,1700,
09:46:41,28.28,100,
09:46:41,28.28,570,
09:46:41,28.28,100,
09:46:43,28.281,500,
09:46:44,28.2811,100,
09:46:44,28.29,100,
09:46:44,28.2811,500,
09:46:45,28.28,100,
09:46:45,28.28,300,
09:46:45,28.28,100,
09:46:45,28.28,100,
09:46:46,28.27,300,
09:46:46,28.27,200,
09:46:48,28.27,100,
09:46:48,28.27,1000,
09:46:48,28.27,300,
09:46:51,28.27,1700,
09:46:52,28.2728,500,
09:46:54,28.2701,300,
09:46:55,28.2711,300,
09:46:55,28.27,200,
09:46:59,28.273,400,
09:47:00,28.2792,100,
09:47:00,28.2793,100,
09:47:00,28.2793,100,
09:47:00,28.2794,100,
09:47:00,28.2795,4050,
09:47:02,28.28,6000,
09:47:03,28.2789,1500,
09:47:04,28.27,300,
09:47:06,28.277,400,
09:47:07,28.28,100,
09:47:07,28.2805,200,
09:47:08,28.30,400,
09:47:08,28.30,200,
09:47:08,28.30,200,
09:47:08,28.30,100,
09:47:08,28.30,100,
09:47:08,28.30,100,
09:47:09,28.30,700,
09:47:09,28.33,100,
09:47:09,28.32,300,
09:47:09,28.3365,100,
09:47:10,28.33,100,
09:47:10,28.33,100,
09:47:12,28.3111,100,
09:47:13,28.3199,250,
09:47:16,28.29,200,
09:47:16,28.299,1000,
09:47:19,28.30,151,
09:47:19,28.299,120,
09:47:20,28.30,2300,
09:47:20,28.3001,600,
09:47:21,28.299,200,
09:47:21,28.31,929,
09:47:25,28.3099,500,
09:47:28,28.308,1000,
09:47:30,28.30,100,
09:47:31,28.30,100,
09:47:34,28.301,100,
09:47:34,28.31,100,
09:47:35,28.31,100,
09:47:36,28.309,100,
09:47:37,28.303,100,
09:47:38,28.3015,400,
09:47:40,28.32,200,
09:47:40,28.32,100,
09:47:43,28.3105,411,
09:47:43,28.32,100,
09:47:43,28.32,200,
09:47:43,28.32,500,
09:47:43,28.32,100,
09:47:44,28.33,100,
09:47:45,28.31,10000,
09:47:48,28.337,181,
09:47:49,28.338,1000,
09:47:54,28.33,100,
09:47:55,28.3276,100,
09:47:55,28.3276,100,
09:47:55,28.33,200,
09:47:55,28.3274,100,
09:47:55,28.3202,400,
09:47:56,28.33,800,
09:47:57,28.35,100,
09:47:57,28.35,150,
09:47:59,28.34,200,
09:48:03,28.34,100,
09:48:03,28.34,200,
09:48:03,28.329,200,
09:48:04,28.33,100,
09:48:04,28.34,400,
09:48:05,28.34,200,
09:48:05,28.33,300,
09:48:07,28.31,300,
09:48:07,28.31,100,
09:48:07,28.31,200,
09:48:09,28.312,100,
09:48:11,28.311,125,
09:48:14,28.32,200,
09:48:14,28.3198,100,
09:48:17,28.3201,500,
09:48:17,28.31,200,
09:48:17,28.31,100,
09:48:17,28.31,100,
09:48:17,28.31,100,
09:48:17,28.30,100,
09:48:17,28.30,100,
09:48:17,28.30,300,
09:48:18,28.32,100,
09:48:21,28.31,400,
09:48:21,28.31,200,
09:48:22,28.31,100,
09:48:24,28.3011,500,
09:48:26,28.309,1000,
09:48:27,28.2989,1500,
09:48:30,28.30,200,
09:48:32,28.2976,300,
09:48:33,28.32,400,
09:48:33,28.31,100,
09:48:38,28.3143,300,
09:48:40,28.29,300,
09:48:43,28.3011,500,
09:48:44,28.31,200,
09:48:46,28.31,100,
09:48:46,28.31,100,
09:48:47,28.301,1000,
09:48:49,28.29,300,
09:48:49,28.301,150,
09:48:49,28.30,100,
09:48:49,28.30,200,
09:48:52,28.2999,500,
09:48:53,28.282,400,
09:48:56,28.281,1000,
09:48:56,28.2808,100,
09:48:58,28.2815,100,
09:48:59,28.27,300,
09:48:59,28.27,100,
09:49:00,28.2701,100,
09:49:01,28.28,100,
09:49:01,28.28,100,
09:49:01,28.28,100,
09:49:01,28.28,200,
09:49:04,28.2701,500,
09:49:09,28.288,100,
09:49:11,28.26,800,
09:49:12,28.261,400,
09:49:12,28.2612,1000,
09:49:15,28.263,400,
09:49:15,28.2898,5000,
09:49:18,28.2701,150,
09:49:19,28.26,100,
09:49:19,28.25,300,
09:49:20,28.2611,100,
09:49:21,28.25,1300,
09:49:23,28.26,2000,
09:49:24,28.25,300,
09:49:25,28.25,200,
09:49:25,28.2401,100,
09:49:25,28.2401,100,
09:49:25,28.2401,100,
09:49:27,28.242,1000,
09:49:27,28.24,600,
09:49:29,28.254,1000,
09:49:30,28.253,1000,
09:49:32,28.2589,300,
09:49:34,28.22,100,
09:49:35,28.221,100,
09:49:36,28.221,200,
09:49:37,28.22,200,
09:49:37,28.22,700,
09:49:37,28.22,3078,
09:49:38,28.22,100,
09:49:38,28.22,200,
09:49:38,28.21,800,
09:49:39,28.21,100,
09:49:39,28.21,9078,
09:49:40,28.21,125,
09:49:40,28.2157,100,
09:49:41,28.2021,100,
09:49:41,28.20,100,
09:49:41,28.201,150,
09:49:41,28.20,170,
09:49:41,28.211,200,
09:49:41,28.20,500,
09:49:41,28.2201,250,
09:49:41,28.212,1200,
09:49:42,28.22,500,
09:49:42,28.22,100,
09:49:42,28.2128,100,
09:49:42,28.211,200,
09:49:43,28.2137,100,
09:49:43,28.2124,200,
09:49:43,28.2145,100,
09:49:43,28.211,247,
09:49:44,28.2132,100,
09:49:44,28.211,500,
09:49:46,28.2128,100,
09:49:46,28.211,200,
09:49:47,28.227,400,
09:49:47,28.22,300,
09:49:47,28.21,200,
09:49:47,28.211,100,
09:49:48,28.22,150,
09:49:48,28.2115,100,
09:49:48,28.211,1500,
09:49:49,28.211,100,
09:49:50,28.21,100,
09:49:50,28.21,100,
09:49:50,28.20,125,
09:49:51,28.217,500,
09:49:52,28.2005,670,
09:49:53,28.211,600,
09:49:53,28.21,100,
09:49:53,28.21,100,
09:49:53,28.21,100,
09:49:54,28.20,125,
09:49:54,28.20,300,
09:49:54,28.22,300,
09:49:56,28.20,1000,
09:49:56,28.22,100,
09:49:56,28.22,100,
09:49:56,28.22,100,
09:49:56,28.22,100,
09:49:56,28.22,100,
09:49:59,28.24,100,
09:49:59,28.24,100,
09:49:59,28.24,500,
09:49:59,28.24,400,
09:49:59,28.24,400,
09:49:59,28.2314,100,
09:49:59,28.2311,100,
09:49:59,28.2309,100,
09:49:59,28.2305,200,
09:49:59,28.23,100,
09:49:59,28.23,200,
09:49:59,28.23,100,
09:50:00,28.2201,100,
09:50:02,28.2395,1000,
09:50:03,28.238,400,
09:50:04,28.25,200,
09:50:04,28.25,200,
09:50:04,28.25,100,
09:50:04,28.25,600,
09:50:04,28.26,100,
09:50:04,28.252,3000,
09:50:06,28.25,100,
09:50:06,28.25,100,
09:50:06,28.25,900,
09:50:09,28.26,172,
09:50:10,28.2599,100,
09:50:13,28.26,100,
09:50:13,28.28,100,
09:50:13,28.28,100,
09:50:13,28.28,100,
09:50:13,28.28,100,
09:50:13,28.28,100,
09:50:13,28.28,100,
09:50:14,28.25,1000,
09:50:14,28.28,100,
09:50:15,28.29,800,
09:50:15,28.29,1400,
09:50:15,28.29,100,
09:50:15,28.29,924,
09:50:15,28.29,400,
09:50:15,28.29,200,
09:50:15,28.29,300,
09:50:15,28.29,100,
09:50:15,28.30,200,
09:50:15,28.30,400,
09:50:15,28.30,100,
09:50:15,28.30,100,
09:50:15,28.30,400,
09:50:15,28.31,100,
09:50:15,28.31,200,
09:50:15,28.31,300,
09:50:15,28.31,500,
09:50:15,28.30,100,
09:50:15,28.30,300,
09:50:16,28.3289,100,
09:50:17,28.33,400,
09:50:17,28.33,100,
09:50:17,28.33,100,
09:50:17,28.33,100,
09:50:17,28.3211,400,
09:50:18,28.321,900,
09:50:20,28.311,100,
09:50:20,28.32,100,
09:50:21,28.31,200,
09:50:22,28.3124,100,
09:50:22,28.311,200,
09:50:22,28.31,100,
09:50:22,28.31,200,
09:50:22,28.31,300,
09:50:23,28.32,350,
09:50:25,28.32,100,
09:50:25,28.29,200,
09:50:25,28.29,100,
09:50:26,28.28,100,
09:50:26,28.28,200,
09:50:26,28.28,4600,
09:50:26,28.28,6600,
09:50:26,28.29,100,
09:50:26,28.29,100,
09:50:27,28.317,125,
09:50:30,28.2889,500,
09:50:31,28.29,100,
09:50:31,28.31,100,
09:50:31,28.31,100,
09:50:31,28.3001,800,
09:50:32,28.2811,100,
09:50:33,28.319,2064,
09:50:34,28.31,100,
09:50:35,28.302,300,
09:50:35,28.311,100,
09:50:35,28.3101,100,
09:50:35,28.3101,100,
09:50:36,28.301,418,
09:50:36,28.319,2000,
09:50:37,28.3209,100,
09:50:37,28.3207,100,
09:50:38,28.321,100,
09:50:40,28.31,500,
09:50:42,28.301,100,
09:50:42,28.301,200,
09:50:43,28.30,100,
09:50:44,28.2965,200,
09:50:46,28.2985,100,
09:50:48,28.32,200,
09:50:49,28.32,1000,
09:50:50,28.31,100,
09:50:50,28.31,100,
09:50:50,28.31,500,
09:50:51,28.29,200,
09:50:51,28.29,300,
09:50:52,28.26,100,
09:50:52,28.26,100,
09:50:52,28.26,500,
09:50:52,28.26,100,
09:50:52,28.26,300,
09:50:52,28.26,100,
09:50:52,28.26,100,
09:50:54,28.261,300,
09:50:54,28.261,300,
09:50:54,28.2699,200,
09:50:57,28.2799,100,
09:50:57,28.29,1000,
09:50:58,28.28,500,
09:50:58,28.27,200,
09:50:58,28.27,100,
09:50:58,28.27,300,
09:50:58,28.27,200,
09:50:58,28.27,100,
09:50:58,28.27,400,
09:50:58,28.27,200,
09:50:58,28.27,100,
09:51:00,28.287,600,
09:51:03,28.271,100,
09:51:03,28.2698,700,
09:51:06,28.267,860,
09:51:06,28.27,100,
09:51:06,28.27,100,
09:51:06,28.27,100,
09:51:06,28.27,100,
09:51:06,28.27,100,
09:51:06,28.27,200,
09:51:06,28.27,100,
09:51:12,28.28,100,
09:51:13,28.27,100,
09:51:13,28.27,100,
09:51:16,28.2701,2000,
09:51:17,28.2789,100,
09:51:19,28.27,100,
09:51:19,28.27,100,
09:51:20,28.261,750,
09:51:23,28.25,200,
09:51:31,28.25,100,
09:51:33,28.2499,1400,
09:51:37,28.2399,600,
09:51:39,28.231,100,
09:51:40,28.232,100,
09:51:40,28.231,200,
09:51:42,28.25,200,
09:51:42,28.2511,600,
09:51:45,28.25,100,
09:51:45,28.25,200,
09:51:45,28.24,200,
09:51:46,28.2399,600,
09:51:46,28.24,500,
09:51:50,28.23,100,
09:51:50,28.23,200,
09:51:53,28.2299,600,
09:51:54,28.22,100,
09:51:54,28.22,200,
09:51:54,28.22,500,
09:51:54,28.22,500,
09:51:54,28.22,100,
09:51:54,28.22,500,
09:51:54,28.227,275,
09:51:57,28.237,100,
09:51:58,28.23,700,
09:52:01,28.25,400,
09:52:03,28.243,500,
09:52:06,28.2501,1812,
09:52:06,28.25,100,
09:52:09,28.259,5000,
09:52:12,28.252,500,
09:52:18,28.27,400,
09:52:18,28.28,100,
09:52:18,28.28,100,
09:52:18,28.29,100,
09:52:18,28.29,100,
09:52:18,28.29,100,
09:52:18,28.29,100,
09:52:18,28.29,100,
09:52:19,28.27,100,
09:52:24,28.26,291,
09:52:24,28.26,300,
09:52:24,28.26,500,
09:52:24,28.26,300,
09:52:25,28.2695,800,
09:52:30,28.261,145,
09:52:33,28.2811,1000,
09:52:36,28.2889,1500,
09:52:36,28.2805,100,
09:52:38,28.30,200,
09:52:41,28.3072,300,
09:52:45,28.318,410,
09:52:45,28.32,100,
09:52:45,28.32,12000,
09:52:47,28.31,100,
09:52:47,28.3101,400,
09:52:47,28.3101,400,
09:52:47,28.31,100,
09:52:47,28.3102,2000,
09:52:49,28.3115,100,
09:52:52,28.31,200,
09:52:55,28.3098,1000,
09:52:55,28.29,500,
09:53:01,28.27,200,
09:53:01,28.27,100,
09:53:01,28.27,100,
09:53:03,28.273,1000,
09:53:04,28.2605,200,
09:53:04,28.261,2000,
09:53:04,28.269,100,
09:53:06,28.26,2900,
09:53:06,28.27,300,
09:53:06,28.26,100,
09:53:07,28.269,200,
09:53:07,28.25,100,
09:53:07,28.24,100,
09:53:07,28.25,100,
09:53:07,28.25,100,
09:53:09,28.249,5400,
09:53:10,28.241,700,
09:53:10,28.241,605,
09:53:16,28.2525,200,
09:53:19,28.25,300,
09:53:20,28.2688,310,
09:53:20,28.25,500,
09:53:20,28.25,100,
09:53:20,28.25,200,
09:53:20,28.25,300,
09:53:26,28.27,100,
09:53:26,28.27,100,
09:53:26,28.26,100,
09:53:26,28.26,100,
09:53:26,28.26,500,
09:53:26,28.26,300,
09:53:26,28.26,100,
09:53:26,28.26,100,
09:53:26,28.26,300,
09:53:27,28.26,300,
09:53:27,28.26,300,
09:53:27,28.26,500,
09:53:28,28.25,300,
09:53:28,28.25,500,
09:53:28,28.25,100,
09:53:28,28.25,500,
09:53:28,28.25,100,
09:53:30,28.25,200,
09:53:30,28.242,1100,
09:53:32,28.26,141,
09:53:35,28.2602,200,
09:53:36,28.27,100,
09:53:36,28.27,100,
09:53:37,28.2689,1500,
09:53:39,28.26,100,
09:53:45,28.28,100,
09:53:46,28.27,300,
09:53:50,28.30,300,
09:53:52,28.299,100,
09:53:55,28.30,500,
09:53:55,28.2965,100,
09:53:56,28.30,600,
09:53:56,28.30,1300,
09:53:56,28.30,500,
09:53:56,28.30,224,
09:53:56,28.30,600,
09:53:56,28.31,100,
09:53:56,28.31,100,
09:53:56,28.31,100,
09:53:56,28.31,100,
09:53:56,28.31,100,
09:53:56,28.31,727,
09:53:56,28.30,100,
09:53:56,28.31,100,
09:53:56,28.32,100,
09:53:56,28.32,106,
09:53:56,28.32,100,
09:53:56,28.32,100,
09:53:56,28.32,200,
09:53:56,28.30,400,
09:53:56,28.30,1000,
09:53:59,28.32,200,
09:53:59,28.32,200,
09:54:00,28.31,100,
09:54:00,28.3123,200,
09:54:00,28.3133,100,
09:54:03,28.314,100,
09:54:03,28.32,300,
09:54:05,28.3199,5000,
09:54:08,28.32,100,
09:54:08,28.32,1000,
09:54:08,28.32,100,
09:54:08,28.32,100,
09:54:10,28.32,1500,
09:54:14,28.3111,150,
09:54:15,28.32,100,
09:54:15,28.32,2000,
09:54:18,28.30,3000,
09:54:22,28.28,100,
09:54:26,28.30,100,
09:54:26,28.30,100,
09:54:26,28.30,100,
09:54:26,28.30,100,
09:54:29,28.33,100,
09:54:29,28.33,100,
09:54:29,28.33,100,
09:54:29,28.32,100,
09:54:30,28.34,100,
09:54:30,28.35,100,
09:54:30,28.35,100,
09:54:30,28.35,100,
09:54:30,28.34,100,
09:54:30,28.34,100,
09:54:30,28.36,100,
09:54:30,28.36,100,
09:54:30,28.36,100,
09:54:30,28.35,200,
09:54:33,28.34,180,
09:54:34,28.35,900,
09:54:35,28.34,300,
09:54:35,28.36,100,
09:54:36,28.3585,100,
09:54:36,28.359,250,
09:54:36,28.36,300,
09:54:37,28.36,650,
09:54:37,28.36,1000,
09:54:37,28.37,900,
09:54:37,28.37,900,
09:54:38,28.37,200,
09:54:38,28.37,400,
09:54:38,28.37,300,
09:54:38,28.38,200,
09:54:40,28.3799,4000,
09:54:40,28.37,100,
09:54:40,28.37,100,
09:54:41,28.38,100,
09:54:41,28.39,100,
09:54:41,28.39,100,
09:54:41,28.40,100,
09:54:41,28.40,300,
09:54:41,28.40,100,
09:54:41,28.40,200,
09:54:41,28.40,1000,
09:54:41,28.40,100,
09:54:41,28.40,200,
09:54:41,28.40,100,
09:54:41,28.41,200,
09:54:41,28.41,100,
09:54:41,28.41,100,
09:54:42,28.40,730,
09:54:42,28.40,100,
09:54:42,28.40,100,
09:54:42,28.40,100,
09:54:42,28.40,270,
09:54:42,28.40,100,
09:54:42,28.40,200,
09:54:42,28.3972,500,
09:54:43,28.4001,100,
09:54:45,28.41,500,
09:54:45,28.39,400,
09:54:45,28.406,400,
09:54:46,28.38,500,
09:54:46,28.38,500,
09:54:47,28.379,100,
09:54:47,28.379,100,
09:54:47,28.38,300,
09:54:48,28.3792,100,
09:54:48,28.3792,100,
09:54:48,28.3795,100,
09:54:48,28.3799,100,
09:54:48,28.379,2800,
09:54:48,28.379,2800,
09:54:49,28.382,300,
09:54:49,28.371,100,
09:54:49,28.38,100,
09:54:49,28.38,100,
09:54:49,28.39,100,
09:54:49,28.39,100,
09:54:49,28.39,100,
09:54:49,28.3994,100,
09:54:49,28.3995,100,
09:54:49,28.3994,100,
09:54:49,28.3995,100,
09:54:49,28.399,1600,
09:54:50,28.4099,100,
09:54:51,28.40,100,
09:54:51,28.40,200,
09:54:51,28.41,11400,
09:54:51,28.41,100,
09:54:53,28.409,100,
09:54:53,28.40,100,
09:54:53,28.40,100,
09:54:53,28.4059,100,
09:54:53,28.39,100,
09:54:53,28.39,500,
09:54:53,28.38,200,
09:54:53,28.38,100,
09:54:53,28.38,900,
09:54:53,28.38,200,
09:54:53,28.38,300,
09:54:53,28.38,100,
09:54:53,28.38,100,
09:54:53,28.38,500,
09:54:53,28.38,100,
09:54:54,28.4085,4000,
09:54:56,28.37,100,
09:54:56,28.38,100,
09:54:57,28.37,300,
09:54:58,28.38,100,
09:54:58,28.38,100,
09:54:58,28.38,100,
09:54:58,28.3795,200,
09:54:59,28.37,100,
09:54:59,28.37,100,
09:54:59,28.37,100,
09:54:59,28.37,100,
09:54:59,28.36,100,
09:54:59,28.36,300,
09:54:59,28.36,300,
09:54:59,28.36,100,
09:54:59,28.36,100,
09:54:59,28.36,100,
09:55:00,28.37,100,
09:55:02,28.3789,400,
09:55:04,28.38,100,
09:55:04,28.38,100,
09:55:04,28.38,200,
09:55:04,28.38,1700,
09:55:04,28.3799,1600,
09:55:07,28.36,200,
09:55:08,28.37,300,
09:55:08,28.37,100,
09:55:08,28.38,300,
09:55:09,28.40,100,
09:55:09,28.40,200,
09:55:10,28.383,1000,
09:55:11,28.3805,500,
09:55:11,28.3811,100,
09:55:12,28.40,200,
09:55:12,28.41,100,
09:55:14,28.419,100,
09:55:14,28.419,300,
09:55:14,28.419,300,
09:55:16,28.4195,100,
09:55:17,28.4189,1000,
09:55:18,28.4146,100,
09:55:18,28.4139,200,
09:55:18,28.4136,100,
09:55:18,28.4121,200,
09:55:19,28.41,400,
09:55:20,28.4111,500,
09:55:20,28.44,500,
09:55:20,28.45,100,
09:55:20,28.44,100,
09:55:20,28.44,100,
09:55:20,28.45,100,
09:55:21,28.45,100,
09:55:21,28.45,100,
09:55:21,28.45,100,
09:55:21,28.45,100,
09:55:21,28.45,100,
09:55:22,28.45,100,
09:55:22,28.45,100,
09:55:22,28.45,100,
09:55:22,28.45,100,
09:55:22,28.45,100,
09:55:22,28.45,100,
09:55:22,28.45,100,
09:55:22,28.45,800,
09:55:22,28.45,100,
09:55:22,28.45,500,
09:55:22,28.4599,880,
09:55:23,28.459,100,
09:55:23,28.459,200,
09:55:23,28.50,100,
09:55:24,28.48,3700,
09:55:24,28.48,100,
09:55:24,28.48,400,
09:55:24,28.51,100,
09:55:24,28.48,200,
09:55:24,28.48,100,
09:55:24,28.49,100,
09:55:24,28.50,200,
09:55:24,28.50,100,
09:55:24,28.50,275,
09:55:24,28.50,100,
09:55:24,28.50,100,
09:55:24,28.51,390,
09:55:24,28.51,190,
09:55:24,28.51,300,
09:55:24,28.52,100,
09:55:24,28.52,200,
09:55:24,28.52,275,
09:55:24,28.52,100,
09:55:24,28.52,275,
09:55:24,28.52,200,
09:55:24,28.52,500,
09:55:24,28.5199,300,
09:55:24,28.51,100,
09:55:24,28.51,100,
09:55:24,28.51,100,
09:55:25,28.449,100,
09:55:25,28.5195,880,
09:55:25,28.519,100,
09:55:26,28.5295,1000,
09:55:26,28.53,400,
09:55:26,28.53,100,
09:55:26,28.53,100,
09:55:26,28.53,100,
09:55:26,28.53,200,
09:55:26,28.53,100,
09:55:26,28.53,200,
09:55:26,28.53,200,
09:55:26,28.53,100,
09:55:26,28.53,100,
09:55:26,28.53,100,
09:55:26,28.529,1100,
09:55:26,28.52,100,
09:55:26,28.52,100,
09:55:26,28.52,100,
09:55:26,28.51,100,
09:55:26,28.51,100,
09:55:26,28.51,100,
09:55:26,28.50,200,
09:55:26,28.50,200,
09:55:26,28.509,300,
09:55:27,28.50,100,
09:55:27,28.50,300,
09:55:27,28.50,100,
09:55:28,28.519,162,
09:55:28,28.51,200,
09:55:28,28.52,1000,
09:55:28,28.51,300,
09:55:28,28.5086,100,
09:55:28,28.5088,100,
09:55:28,28.5089,100,
09:55:28,28.509,1300,
09:55:28,28.509,1400,
09:55:28,28.509,300,
09:55:29,28.4995,100,
09:55:30,28.49,100,
09:55:30,28.49,100,
09:55:30,28.49,100,
09:55:30,28.49,100,
09:55:30,28.49,2000,
09:55:30,28.49,100,
09:55:30,28.49,100,
09:55:30,28.49,100,
09:55:30,28.4889,500,
09:55:31,28.493,900,
09:55:31,28.4885,100,
09:55:31,28.4887,100,
09:55:31,28.4887,100,
09:55:31,28.4891,100,
09:55:31,28.489,738,
09:55:31,28.4808,100,
09:55:31,28.4805,100,
09:55:31,28.4804,100,
09:55:31,28.481,100,
09:55:31,28.481,700,
09:55:31,28.508,200,
09:55:31,28.489,1000,
09:55:34,28.48,5400,
09:55:34,28.483,200,
09:55:34,28.49,300,
09:55:34,28.49,100,
09:55:34,28.49,100,
09:55:34,28.49,100,
09:55:35,28.50,200,
09:55:35,28.50,355,
09:55:35,28.50,100,
09:55:35,28.50,300,
09:55:37,28.50,500,
09:55:37,28.499,500,
09:55:38,28.49,3100,
09:55:38,28.49,100,
09:55:38,28.49,1100,
09:55:38,28.48,100,
09:55:38,28.49,500,
09:55:39,28.49,100,
09:55:39,28.49,100,
09:55:39,28.49,100,
09:55:39,28.49,1100,
09:55:39,28.49,900,
09:55:40,28.48,200,
09:55:41,28.49,100,
09:55:41,28.49,200,
09:55:41,28.49,300,
09:55:41,28.50,300,
09:55:43,28.487,100,
09:55:43,28.499,200,
09:55:44,28.5001,200,
09:55:45,28.50,100,
09:55:45,28.49,100,
09:55:45,28.47,100,
09:55:45,28.47,100,
09:55:46,28.507,1000,
09:55:46,28.47,100,
09:55:46,28.46,900,
09:55:48,28.47,100,
09:55:48,28.47,100,
09:55:48,28.47,100,
09:55:48,28.48,200,
09:55:48,28.478,2600,
09:55:48,28.48,100,
09:55:48,28.48,200,
09:55:48,28.48,300,
09:55:48,28.48,200,
09:55:48,28.49,100,
09:55:48,28.49,100,
09:55:48,28.49,200,
09:55:48,28.49,100,
09:55:48,28.4801,700,
09:55:49,28.461,963,
09:55:49,28.498,500,
09:55:50,28.49,100,
09:55:50,28.49,100,
09:55:50,28.49,200,
09:55:50,28.4816,100,
09:55:50,28.4804,100,
09:55:50,28.481,600,
09:55:51,28.48,100,
09:55:52,28.48,100,
09:55:52,28.48,100,
09:55:52,28.48,100,
09:55:52,28.488,800,
09:55:53,28.48,3400,
09:55:54,28.4699,1600,
09:55:54,28.4699,1600,
09:55:54,28.46,268,
09:55:54,28.46,100,
09:55:55,28.43,100,
09:55:55,28.43,500,
09:55:55,28.43,100,
09:55:55,28.43,100,
09:55:55,28.43,100,
09:55:55,28.472,350,
09:55:55,28.44,100,
09:55:55,28.44,100,
09:55:55,28.44,100,
09:55:55,28.44,100,
09:55:55,28.44,100,
09:55:55,28.44,100,
09:55:55,28.43,800,
09:55:55,28.43,100,
09:55:55,28.43,100,
09:55:55,28.43,300,
09:55:55,28.43,200,
09:55:57,28.44,100,
09:55:58,28.44,500,
09:55:58,28.44,400,
09:55:58,28.44,500,
09:55:58,28.44,100,
09:55:58,28.44,100,
09:55:58,28.44,100,
09:55:58,28.448,1000,
09:56:00,28.43,100,
09:56:00,28.43,100,
09:56:00,28.43,100,
09:56:00,28.43,200,
09:56:00,28.44,100,
09:56:00,28.44,100,
09:56:00,28.44,100,
09:56:00,28.44,100,
09:56:00,28.44,100,
09:56:00,28.44,100,
09:56:00,28.44,100,
09:56:00,28.43,100,
09:56:01,28.42,1490,
09:56:01,28.431,100,
09:56:01,28.431,100,
09:56:01,28.431,100,
09:56:01,28.43,100,
09:56:01,28.43,200,
09:56:01,28.43,100,
09:56:02,28.431,100,
09:56:07,28.43,500,
09:56:07,28.42,100,
09:56:07,28.42,100,
09:56:08,28.43,900,
09:56:09,28.4395,100,
09:56:10,28.4395,200,
09:56:11,28.4501,100,
09:56:11,28.43,100,
09:56:15,28.449,2000,
09:56:15,28.43,200,
09:56:16,28.433,300,
09:56:18,28.4495,250,
09:56:19,28.447,500,
09:56:21,28.46,100,
09:56:21,28.48,200,
09:56:22,28.45,184,
09:56:26,28.46,100,
09:56:26,28.46,100,
09:56:26,28.46,100,
09:56:26,28.46,100,
09:56:26,28.46,200,
09:56:26,28.46,100,
09:56:26,28.47,100,
09:56:26,28.47,100,
09:56:26,28.47,200,
09:56:26,28.46,100,
09:56:26,28.46,100,
09:56:26,28.45,100,
09:56:26,28.45,100,
09:56:26,28.45,100,
09:56:26,28.45,100,
09:56:26,28.45,100,
09:56:26,28.43,100,
09:56:26,28.43,200,
09:56:26,28.43,100,
09:56:26,28.43,100,
09:56:26,28.43,100,
09:56:26,28.43,200,
09:56:26,28.43,100,
09:56:28,28.479,300,
09:56:31,28.437,100,
09:56:34,28.43,3200,
09:56:34,28.43,100,
09:56:35,28.41,100,
09:56:35,28.41,100,
09:56:35,28.41,100,
09:56:36,28.42,100,
09:56:36,28.43,100,
09:56:36,28.45,100,
09:56:36,28.44,100,
09:56:36,28.44,200,
09:56:36,28.44,100,
09:56:36,28.44,100,
09:56:36,28.44,600,
09:56:37,28.4406,100,
09:56:37,28.4409,100,
09:56:37,28.441,600,
09:56:37,28.441,425,
09:56:39,28.4699,400,
09:56:41,28.47,100,
09:56:41,28.47,100,
09:56:41,28.47,100,
09:56:44,28.4501,1000,
09:56:46,28.48,898,
09:56:47,28.458,600,
09:56:49,28.483,400,
09:56:50,28.4701,500,
09:56:53,28.49,100,
09:56:53,28.49,800,
09:56:56,28.49,100,
09:56:56,28.48,100,
09:56:56,28.48,100,
09:56:56,28.48,100,
09:56:56,28.48,100,
09:56:56,28.48,500,
09:56:56,28.48,100,
09:56:56,28.48,300,
09:56:58,28.4895,1200,
09:56:58,28.48,300,
09:56:58,28.47,200,
09:56:58,28.47,100,
09:56:59,28.48,4252,
09:56:59,28.4805,100,
09:57:01,28.4528,250,
09:57:05,28.4508,200,
09:57:05,28.4595,400,
09:57:07,28.43,100,
09:57:07,28.42,100,
09:57:07,28.42,100,
09:57:07,28.42,100,
09:57:08,28.43,200,
09:57:08,28.43,100,
09:57:08,28.44,2700,
09:57:08,28.42,800,
09:57:10,28.4295,150,
09:57:10,28.44,100,
09:57:10,28.44,200,
09:57:10,28.44,100,
09:57:10,28.45,100,
09:57:10,28.44,100,
09:57:10,28.45,100,
09:57:14,28.4694,100,
09:57:14,28.4698,100,
09:57:14,28.47,100,
09:57:14,28.47,100,
09:57:15,28.4664,2100,
09:57:15,28.4628,100,
09:57:16,28.4601,200,
09:57:16,28.4601,300,
09:57:19,28.46,300,
09:57:21,28.46,100,
09:57:21,28.46,100,
09:57:21,28.46,341,
09:57:21,28.46,100,
09:57:22,28.4601,138,
09:57:23,28.46,100,
09:57:23,28.47,1100,
09:57:24,28.4698,1000,
09:57:26,28.47,100,
09:57:27,28.47,100,
09:57:27,28.46,500,
09:57:27,28.46,200,
09:57:27,28.46,100,
09:57:27,28.46,100,
09:57:27,28.46,100,
09:57:27,28.46,2050,
09:57:27,28.46,100,
09:57:27,28.46,200,
09:57:27,28.46,100,
09:57:27,28.47,200,
09:57:31,28.47,100,
09:57:31,28.48,100,
09:57:31,28.48,100,
09:57:31,28.48,100,
09:57:31,28.48,100,
09:57:31,28.48,200,
09:57:31,28.48,100,
09:57:31,28.4759,100,
09:57:35,28.49,200,
09:57:35,28.49,200,
09:57:41,28.49,100,
09:57:43,28.482,100,
09:57:44,28.45,5000,
09:57:47,28.4772,100,
09:57:50,28.475,2000,
09:57:50,28.48,100,
09:57:50,28.48,200,
09:57:51,28.48,100,
09:57:52,28.479,1000,
09:57:52,28.479,1400,
09:57:52,28.48,1400,
09:57:53,28.4795,100,
09:57:54,28.48,1700,
09:57:54,28.49,100,
09:57:54,28.49,100,
09:57:54,28.49,400,
09:57:54,28.50,100,
09:57:54,28.50,100,
09:57:54,28.50,300,
09:57:54,28.50,200,
09:57:54,28.48,100,
09:57:55,28.4811,500,
09:57:55,28.49,100,
09:57:55,28.49,1500,
09:57:55,28.49,100,
09:57:55,28.49,100,
09:57:55,28.49,100,
09:57:55,28.483,200,
09:57:57,28.4875,2000,
09:57:57,28.4889,1500,
09:57:58,28.48,100,
09:57:58,28.48,100,
09:57:58,28.47,100,
09:57:58,28.47,300,
09:57:58,28.47,100,
09:57:58,28.47,100,
09:57:58,28.47,200,
09:57:58,28.47,500,
09:58:00,28.4711,250,
09:58:02,28.473,100,
09:58:04,28.4789,150,
09:58:07,28.49,200,
09:58:07,28.49,200,
09:58:07,28.49,100,
09:58:07,28.49,300,
09:58:07,28.49,100,
09:58:07,28.49,100,
09:58:07,28.4989,1000,
09:58:09,28.49,100,
09:58:09,28.48,100,
09:58:09,28.48,400,
09:58:09,28.48,400,
09:58:09,28.48,200,
09:58:12,28.48,300,
09:58:12,28.49,100,
09:58:12,28.49,400,
09:58:12,28.49,100,
09:58:12,28.49,100,
09:58:12,28.50,100,
09:58:15,28.4989,500,
09:58:16,28.493,1000,
09:58:17,28.50,1500,
09:58:17,28.50,200,
09:58:18,28.52,100,
09:58:19,28.52,100,
09:58:19,28.53,500,
09:58:19,28.53,200,
09:58:19,28.53,100,
09:58:19,28.53,100,
09:58:19,28.53,100,
09:58:19,28.54,180,
09:58:19,28.52,4800,
09:58:19,28.54,100,
09:58:19,28.499,1846,
09:58:19,28.50,1846,
09:58:20,28.54,100,
09:58:20,28.53,200,
09:58:20,28.53,100,
09:58:20,28.53,100,
09:58:20,28.56,100,
09:58:20,28.55,100,
09:58:20,28.56,148,
09:58:20,28.56,100,
09:58:20,28.56,200,
09:58:21,28.56,100,
09:58:21,28.56,200,
09:58:21,28.56,200,
09:58:21,28.56,400,
09:58:21,28.56,100,
09:58:21,28.56,200,
09:58:21,28.56,200,
09:58:21,28.56,300,
09:58:23,28.5685,200,
09:58:24,28.55,124,
09:58:24,28.5478,200,
09:58:24,28.5481,200,
09:58:24,28.5498,100,
09:58:24,28.5499,300,
09:58:24,28.5499,200,
09:58:25,28.5485,100,
09:58:25,28.5485,100,
09:58:25,28.5491,100,
09:58:25,28.55,100,
09:58:25,28.549,700,
09:58:25,28.55,100,
09:58:26,28.55,7800,
09:58:26,28.55,500,
09:58:26,28.5401,100,
09:58:26,28.54,300,
09:58:26,28.547,500,
09:58:27,28.5499,2000,
09:58:28,28.53,100,
09:58:28,28.53,100,
09:58:28,28.53,100,
09:58:28,28.53,100,
09:58:28,28.53,200,
09:58:28,28.53,100,
09:58:28,28.53,100,
09:58:28,28.54,100,
09:58:28,28.53,700,
09:58:28,28.53,200,
09:58:28,28.53,100,
09:58:28,28.53,100,
09:58:28,28.53,100,
09:58:28,28.53,100,
09:58:28,28.53,400,
09:58:28,28.53,300,
09:58:28,28.53,2350,
09:58:28,28.55,200,
09:58:28,28.54,700,
09:58:28,28.53,100,
09:58:28,28.53,100,
09:58:28,28.53,200,
09:58:28,28.53,100,
09:58:29,28.53,500,
09:58:29,28.541,400,
09:58:29,28.52,100,
09:58:29,28.52,100,
09:58:29,28.52,100,
09:58:29,28.52,200,
09:58:29,28.52,300,
09:58:29,28.52,100,
09:58:29,28.52,200,
09:58:29,28.52,500,
09:58:29,28.557,100,
09:58:29,28.52,200,
09:58:29,28.52,200,
09:58:29,28.529,200,
09:58:29,28.53,100,
09:58:29,28.53,100,
09:58:29,28.53,100,
09:58:29,28.53,100,
09:58:30,28.5212,1000,
09:58:32,28.54,500,
09:58:32,28.523,1450,
09:58:33,28.5311,350,
09:58:36,28.5262,1500,
09:58:37,28.53,100,
09:58:37,28.53,100,
09:58:38,28.5228,100,
09:58:38,28.53,300,
09:58:39,28.5211,300,
09:58:40,28.53,100,
09:58:45,28.54,150,
09:58:46,28.557,5000,
09:58:47,28.5695,1000,
09:58:47,28.5689,1500,
09:58:48,28.5601,700,
09:58:48,28.5601,100,
09:58:48,28.5601,700,
09:58:48,28.569,1200,
09:58:50,28.569,1000,
09:58:50,28.569,300,
09:58:50,28.566,300,
09:58:51,28.58,150,
09:58:51,28.59,100,
09:58:51,28.59,100,
09:58:51,28.59,291,
09:58:51,28.59,1400,
09:58:51,28.59,200,
09:58:51,28.5875,100,
09:58:51,28.5875,100,
09:58:51,28.579,600,
09:58:52,28.571,1700,
09:58:52,28.5799,200,
09:58:53,28.572,850,
09:58:53,28.5681,100,
09:58:53,28.5681,100,
09:58:53,28.5674,100,
09:58:53,28.5671,200,
09:58:53,28.5601,200,
09:58:54,28.5601,600,
09:58:54,28.561,900,
09:58:55,28.577,300,
09:58:56,28.57,100,
09:58:56,28.57,200,
09:58:56,28.57,100,
09:58:56,28.57,100,
09:58:56,28.57,100,
09:58:56,28.57,100,
09:58:56,28.57,100,
09:58:56,28.57,200,
09:58:56,28.59,100,
09:58:56,28.57,200,
09:58:56,28.59,400,
09:58:56,28.59,300,
09:58:56,28.59,200,
09:58:56,28.59,200,
09:58:56,28.59,200,
09:58:57,28.5872,1000,
09:58:57,28.5895,800,
09:58:58,28.59,16000,
09:58:59,28.581,2500,
09:58:59,28.58,100,
09:58:59,28.57,500,
09:58:59,28.57,600,
09:58:59,28.57,100,
09:58:59,28.57,100,
09:58:59,28.57,100,
09:58:59,28.57,300,
09:58:59,28.57,200,
09:59:00,28.5791,100,
09:59:00,28.58,200,
09:59:00,28.5798,100,
09:59:00,28.59,100,
09:59:00,28.59,100,
09:59:01,28.59,200,
09:59:01,28.60,100,
09:59:01,28.59,100,
09:59:01,28.59,100,
09:59:01,28.59,100,
09:59:01,28.59,100,
09:59:01,28.5995,175,
09:59:01,28.59,400,
09:59:01,28.587,1000,
09:59:02,28.60,100,
09:59:02,28.60,200,
09:59:02,28.60,500,
09:59:02,28.6001,900,
09:59:04,28.60,200,
09:59:04,28.5998,100,
09:59:04,28.5999,100,
09:59:04,28.60,100,
09:59:04,28.60,200,
09:59:04,28.61,400,
09:59:04,28.61,100,
09:59:04,28.61,2800,
09:59:04,28.61,8100,
09:59:05,28.5956,1200,
09:59:05,28.61,500,
09:59:05,28.62,200,
09:59:06,28.609,1000,
09:59:06,28.64,200,
09:59:07,28.6301,100,
09:59:08,28.61,1000,
09:59:08,28.63,500,
09:59:08,28.63,100,
09:59:09,28.6311,500,
09:59:10,28.6301,1250,
09:59:10,28.65,150,
09:59:10,28.64,100,
09:59:10,28.64,100,
09:59:10,28.65,100,
09:59:10,28.65,100,
09:59:10,28.64,200,
09:59:11,28.6499,200,
09:59:12,28.65,100,
09:59:12,28.65,200,
09:59:12,28.65,100,
09:59:13,28.6495,100,
09:59:14,28.6401,300,
09:59:14,28.64,200,
09:59:14,28.65,200,
09:59:15,28.6485,100,
09:59:15,28.63,361,
09:59:15,28.63,100,
09:59:15,28.61,100,
09:59:15,28.62,500,
09:59:16,28.61,100,
09:59:16,28.61,100,
09:59:16,28.60,200,
09:59:16,28.60,500,
09:59:16,28.64,400,
09:59:17,28.638,300,
09:59:17,28.623,250,
09:59:17,28.639,400,
09:59:17,28.6001,100,
09:59:17,28.60,300,
09:59:17,28.60,200,
09:59:19,28.5901,500,
09:59:22,28.60,500,
09:59:22,28.609,600,
09:59:22,28.609,600,
09:59:22,28.59,1000,
09:59:23,28.609,3400,
09:59:23,28.6001,100,
09:59:23,28.6001,100,
09:59:24,28.6095,400,
09:59:24,28.59,500,
09:59:25,28.58,125,
09:59:25,28.57,100,
09:59:25,28.57,100,
09:59:25,28.57,200,
09:59:25,28.57,100,
09:59:25,28.58,100,
09:59:25,28.57,100,
09:59:26,28.58,100,
09:59:26,28.57,100,
09:59:26,28.57,200,
09:59:26,28.572,1900,
09:59:26,28.57,100,
09:59:26,28.57,200,
09:59:28,28.5735,200,
09:59:30,28.5738,1800,
09:59:30,28.57,100,
09:59:30,28.57,200,
09:59:30,28.57,100,
09:59:30,28.57,100,
09:59:30,28.57,200,
09:59:30,28.57,500,
09:59:30,28.57,400,
09:59:31,28.5601,100,
09:59:32,28.57,100,
09:59:32,28.569,100,
09:59:32,28.57,200,
09:59:32,28.56,100,
09:59:32,28.56,100,
09:59:32,28.56,200,
09:59:32,28.56,100,
09:59:32,28.56,100,
09:59:32,28.56,100,
09:59:33,28.57,140,
09:59:36,28.56,100,
09:59:36,28.57,160,
09:59:38,28.569,200,
09:59:39,28.561,500,
09:59:39,28.57,200,
09:59:39,28.5695,3000,
09:59:40,28.563,800,
09:59:42,28.55,100,
09:59:42,28.55,676,
09:59:42,28.54,100,
09:59:43,28.5411,1500,
09:59:44,28.543,750,
09:59:44,28.5301,200,
09:59:45,28.5395,500,
09:59:45,28.53,124,
09:59:45,28.53,200,
09:59:45,28.53,300,
09:59:46,28.5299,900,
09:59:46,28.52,500,
09:59:46,28.52,100,
09:59:46,28.52,100,
09:59:46,28.52,100,
09:59:46,28.52,100,
09:59:46,28.52,124,
09:59:46,28.53,100,
09:59:46,28.53,100,
09:59:46,28.53,100,
09:59:46,28.53,100,
09:59:46,28.53,200,
09:59:46,28.54,100,
09:59:46,28.54,100,
09:59:46,28.54,100,
09:59:46,28.55,200,
09:59:47,28.522,1500,
09:59:48,28.52,100,
09:59:48,28.5215,100,
09:59:50,28.52,290,
09:59:51,28.54,3710,
09:59:53,28.527,350,
09:59:56,28.5472,400,
09:59:58,28.55,500,
09:59:58,28.54,100,
09:59:58,28.54,740,
09:59:58,28.53,500,
09:59:58,28.53,200,
09:59:58,28.53,300,
09:59:58,28.53,100,
09:59:58,28.53,500,
09:59:58,28.53,100,
09:59:58,28.53,100,
09:59:59,28.52,500,
09:59:59,28.52,100,
09:59:59,28.52,100,
09:59:59,28.52,100,
09:59:59,28.52,400,
10:00:02,28.5405,300,
10:00:03,28.54,135,
10:00:05,28.53,1000,
10:00:05,28.5372,250,
10:00:07,28.531,300,
10:00:08,28.5502,250,
10:00:08,28.57,200,
10:00:08,28.57,700,
10:00:08,28.57,3000,
10:00:09,28.57,200,
10:00:09,28.551,500,
10:00:10,28.57,100,
10:00:13,28.5695,150,
10:00:16,28.56,100,
10:00:16,28.56,100,
10:00:16,28.56,100,
10:00:16,28.56,100,
10:00:16,28.57,100,
10:00:16,28.57,300,
10:00:16,28.57,100,
10:00:16,28.57,100,
10:00:16,28.57,100,
10:00:16,28.56,100,
10:00:16,28.57,100,
10:00:17,28.579,100,
10:00:17,28.571,100,
10:00:17,28.58,900,
10:00:17,28.59,800,
10:00:17,28.59,100,
10:00:17,28.60,100,
10:00:17,28.60,300,
10:00:17,28.60,400,
10:00:17,28.60,600,
10:00:17,28.60,200,
10:00:17,28.60,400,
10:00:17,28.571,100,
10:00:18,28.61,100,
10:00:18,28.61,100,
10:00:18,28.61,100,
10:00:18,28.61,100,
10:00:18,28.577,100,
10:00:19,28.62,400,
10:00:19,28.62,100,
10:00:20,28.6151,3000,
10:00:21,28.6172,1200,
10:00:22,28.611,1000,
10:00:22,28.61,500,
10:00:27,28.5895,1000,
10:00:27,28.58,100,
10:00:27,28.55,100,
10:00:27,28.55,100,
10:00:27,28.55,100,
10:00:27,28.55,300,
10:00:27,28.5689,300,
10:00:28,28.5499,500,
10:00:28,28.5411,100,
10:00:29,28.53,100,
10:00:29,28.52,300,
10:00:29,28.52,100,
10:00:32,28.54,100,
10:00:32,28.53,100,
10:00:32,28.53,100,
10:00:32,28.53,300,
10:00:32,28.54,100,
10:00:32,28.54,100,
10:00:32,28.54,100,
10:00:32,28.54,200,
10:00:33,28.53,200,
10:00:34,28.54,300,
10:00:34,28.55,100,
10:00:34,28.55,100,
10:00:34,28.55,100,
10:00:35,28.5459,100,
10:00:35,28.5459,100,
10:00:35,28.5461,100,
10:00:35,28.5464,100,
10:00:36,28.5499,200,
10:00:36,28.5499,100,
10:00:38,28.56,400,
10:00:39,28.557,100,
10:00:39,28.56,124,
10:00:39,28.5601,100,
10:00:42,28.5589,100,
10:00:43,28.57,100,
10:00:44,28.578,1000,
10:00:46,28.58,100,
10:00:46,28.58,100,
10:00:46,28.58,100,
10:00:46,28.5772,780,
10:00:47,28.5701,100,
10:00:48,28.57,100,
10:00:51,28.58,100,
10:00:54,28.581,400,
10:00:55,28.58,100,
10:00:55,28.58,200,
10:00:55,28.59,119,
10:00:56,28.581,1500,
10:00:57,28.582,100,
10:00:59,28.61,100,
10:00:59,28.61,100,
10:00:59,28.61,300,
10:00:59,28.61,300,
10:00:59,28.61,200,
10:00:59,28.60,1100,
10:00:59,28.60,300,
10:00:59,28.60,200,
10:01:00,28.61,200,
10:01:03,28.61,100,
10:01:03,28.61,500,
10:01:03,28.59,100,
10:01:03,28.58,300,
10:01:03,28.58,100,
10:01:06,28.578,1000,
10:01:07,28.59,200,
10:01:07,28.59,100,
10:01:07,28.59,100,
10:01:07,28.59,100,
10:01:07,28.59,100,
10:01:07,28.59,200,
10:01:07,28.59,200,
10:01:08,28.60,100,
10:01:08,28.60,407,
10:01:08,28.60,100,
10:01:08,28.60,200,
10:01:08,28.60,100,
10:01:08,28.60,100,
10:01:10,28.62,2050,
10:01:10,28.64,300,
10:01:11,28.64,100,
10:01:12,28.633,100,
10:01:12,28.65,700,
10:01:12,28.64,100,
10:01:12,28.65,500,
10:01:12,28.65,1400,
10:01:12,28.65,500,
10:01:12,28.65,709,
10:01:12,28.65,1500,
10:01:12,28.65,309,
10:01:12,28.66,200,
10:01:12,28.66,100,
10:01:12,28.65,100,
10:01:12,28.65,300,
10:01:12,28.65,100,
10:01:12,28.65,500,
10:01:12,28.65,200,
10:01:14,28.66,100,
10:01:15,28.6511,500,
10:01:16,28.651,350,
10:01:16,28.64,300,
10:01:17,28.652,1000,
10:01:18,28.6336,100,
10:01:18,28.63,179,
10:01:18,28.61,100,
10:01:20,28.63,100,
10:01:20,28.6301,200,
10:01:23,28.63,100,
10:01:23,28.63,100,
10:01:23,28.63,200,
10:01:23,28.6168,200,
10:01:24,28.639,2000,
10:01:24,28.612,200,
10:01:25,28.6204,400,
10:01:25,28.6213,100,
10:01:25,28.6211,100,
10:01:25,28.6211,100,
10:01:25,28.621,100,
10:01:25,28.62,100,
10:01:25,28.6201,100,
10:01:25,28.62,200,
10:01:25,28.6201,500,
10:01:26,28.612,175,
10:01:27,28.61,200,
10:01:28,28.6072,300,
10:01:28,28.6085,100,
10:01:29,28.6002,2000,
10:01:29,28.608,699,
10:01:30,28.5905,150,
10:01:31,28.59,200,
10:01:31,28.5999,200,
10:01:32,28.5988,100,
10:01:34,28.599,350,
10:01:34,28.57,100,
10:01:34,28.57,100,
10:01:34,28.57,200,
10:01:34,28.57,100,
10:01:34,28.569,500,
10:01:36,28.563,200,
10:01:36,28.57,100,
10:01:39,28.59,200,
10:01:41,28.582,250,
10:01:41,28.572,200,
10:01:42,28.5699,1200,
10:01:42,28.57,100,
10:01:42,28.5699,6000,
10:01:44,28.569,100,
10:01:44,28.567,1200,
10:01:45,28.59,600,
10:01:46,28.589,725,
10:01:47,28.60,1930,
10:01:52,28.59,200,
10:01:53,28.5799,100,
10:01:54,28.5728,300,
10:01:55,28.5411,200,
10:01:55,28.55,100,
10:01:56,28.578,1000,
10:01:56,28.55,100,
10:01:57,28.5501,100,
10:01:57,28.53,800,
10:01:59,28.551,100,
10:01:59,28.5537,100,
10:02:01,28.5501,500,
10:02:08,28.5789,700,
10:02:09,28.59,100,
10:02:09,28.59,200,
10:02:11,28.59,300,
10:02:13,28.571,250,
10:02:14,28.5876,400,
10:02:16,28.56,200,
10:02:20,28.5598,4000,
10:02:22,28.5605,150,
10:02:26,28.561,150,
10:02:27,28.569,1000,
10:02:29,28.5605,710,
10:02:30,28.58,100,
10:02:30,28.59,200,
10:02:30,28.59,400,
10:02:38,28.60,1000,
10:02:38,28.58,900,
10:02:41,28.601,100,
10:02:43,28.59,100,
10:02:46,28.57,200,
10:02:46,28.58,100,
10:02:46,28.58,100,
10:02:46,28.58,100,
10:02:46,28.58,100,
10:02:46,28.58,100,
10:02:47,28.58,100,
10:02:47,28.58,100,
10:02:47,28.58,100,
10:02:48,28.60,100,
10:02:48,28.60,100,
10:02:49,28.6001,100,
10:02:49,28.60,140,
10:02:49,28.59,700,
10:02:50,28.59,100,
10:02:51,28.60,100,
10:02:53,28.59,1000,
10:02:56,28.59,401,
10:02:56,28.60,200,
10:02:59,28.5905,1000,
10:03:02,28.60,100,
10:03:03,28.60,1800,
10:03:03,28.62,300,
10:03:03,28.62,200,
10:03:03,28.62,100,
10:03:03,28.62,100,
10:03:03,28.63,112,
10:03:03,28.63,100,
10:03:03,28.63,100,
10:03:03,28.63,100,
10:03:04,28.6363,100,
10:03:04,28.6392,100,
10:03:04,28.6392,100,
10:03:04,28.639,700,
10:03:05,28.65,3165,
10:03:05,28.64,100,
10:03:05,28.64,500,
10:03:05,28.64,100,
10:03:05,28.64,100,
10:03:05,28.64,2000,
10:03:05,28.64,100,
10:03:05,28.63,200,
10:03:06,28.64,2900,
10:03:12,28.6499,200,
10:03:12,28.65,100,
10:03:12,28.65,200,
10:03:13,28.641,1500,
10:03:14,28.643,500,
10:03:15,28.65,200,
10:03:15,28.65,300,
10:03:17,28.66,100,
10:03:18,28.66,250,
10:03:18,28.66,200,
10:03:18,28.67,300,
10:03:18,28.67,300,
10:03:18,28.66,300,
10:03:18,28.66,200,
10:03:18,28.66,100,
10:03:18,28.66,100,
10:03:18,28.65,100,
10:03:18,28.64,100,
10:03:19,28.64,100,
10:03:19,28.64,224,
10:03:20,28.64,100,
10:03:22,28.64,200,
10:03:22,28.64,381,
10:03:22,28.65,200,
10:03:22,28.65,100,
10:03:22,28.65,100,
10:03:22,28.65,100,
10:03:22,28.65,244,
10:03:22,28.66,100,
10:03:22,28.66,200,
10:03:22,28.66,200,
10:03:22,28.66,100,
10:03:22,28.66,100,
10:03:23,28.66,427,
10:03:23,28.6638,800,
10:03:26,28.66,200,
10:03:26,28.65,500,
10:03:28,28.66,100,
10:03:28,28.67,100,
10:03:28,28.67,100,
10:03:28,28.67,100,
10:03:28,28.67,100,
10:03:28,28.68,100,
10:03:28,28.66,100,
10:03:29,28.652,195,
10:03:30,28.66,100,
10:03:30,28.66,100,
10:03:30,28.66,100,
10:03:30,28.65,200,
10:03:30,28.6599,200,
10:03:32,28.63,100,
10:03:32,28.63,100,
10:03:32,28.63,200,
10:03:32,28.64,1000,
10:03:32,28.63,100,
10:03:32,28.62,200,
10:03:33,28.64,500,
10:03:34,28.6299,200,
10:03:34,28.63,200,
10:03:34,28.63,100,
10:03:36,28.6285,100,
10:03:36,28.60,2000,
10:03:37,28.60,500,
10:03:37,28.60,100,
10:03:41,28.62,500,
10:03:44,28.6443,300,
10:03:45,28.646,300,
10:03:48,28.6288,300,
10:03:49,28.61,100,
10:03:49,28.61,100,
10:03:49,28.60,200,
10:03:52,28.587,300,
10:03:54,28.60,300,
10:03:54,28.62,100,
10:03:54,28.62,100,
10:03:55,28.61,300,
10:03:57,28.62,100,
10:03:57,28.62,100,
10:03:57,28.61,100,
10:03:57,28.61,100,
10:03:57,28.61,100,
10:03:57,28.61,100,
10:03:59,28.62,100,
10:04:01,28.615,2000,
10:04:02,28.61,100,
10:04:04,28.61,718,
10:04:05,28.61,100,
10:04:05,28.62,100,
10:04:05,28.62,100,
10:04:08,28.636,500,
10:04:08,28.63,100,
10:04:09,28.61,100,
10:04:10,28.60,100,
10:04:11,28.6288,1500,
10:04:13,28.60,1000,
10:04:18,28.6105,1100,
10:04:19,28.612,1000,
10:04:20,28.613,200,
10:04:21,28.6189,1500,
10:04:25,28.63,300,
10:04:25,28.63,100,
10:04:25,28.63,100,
10:04:25,28.63,100,
10:04:27,28.61,144,
10:04:29,28.612,350,
10:04:29,28.60,100,
10:04:30,28.6085,100,
10:04:32,28.629,200,
10:04:32,28.628,100,
10:04:36,28.64,100,
10:04:38,28.639,100,
10:04:38,28.631,100,
10:04:42,28.61,100,
10:04:44,28.5801,200,
10:04:44,28.59,200,
10:04:45,28.581,1000,
10:04:46,28.58,500,
10:04:46,28.58,1000,
10:04:47,28.581,500,
10:04:49,28.587,1500,
10:04:51,28.5805,200,
10:04:53,28.59,200,
10:04:54,28.6295,100,
10:04:55,28.64,122,
10:04:57,28.6362,250,
10:04:57,28.63,200,
10:04:57,28.63,100,
10:04:57,28.63,100,
10:04:57,28.63,100,
10:04:58,28.6299,100,
10:05:00,28.64,135,
10:05:02,28.64,200,
10:05:02,28.65,200,
10:05:02,28.65,100,
10:05:02,28.65,100,
10:05:02,28.66,100,
10:05:02,28.66,200,
10:05:02,28.66,100,
10:05:03,28.642,1625,
10:05:05,28.6599,200,
10:05:07,28.651,300,
10:05:07,28.65,400,
10:05:07,28.65,400,
10:05:07,28.65,100,
10:05:08,28.66,200,
10:05:09,28.65,200,
10:05:09,28.65,100,
10:05:09,28.65,100,
10:05:09,28.66,100,
10:05:09,28.66,200,
10:05:09,28.66,200,
10:05:09,28.66,200,
10:05:09,28.66,100,
10:05:11,28.6412,700,
10:05:11,28.648,1000,
10:05:14,28.646,400,
10:05:14,28.6301,100,
10:05:15,28.64,100,
10:05:16,28.65,400,
10:05:17,28.648,500,
10:05:19,28.63,500,
10:05:19,28.62,100,
10:05:19,28.62,100,
10:05:23,28.62,100,
10:05:25,28.601,500,
10:05:25,28.591,250,
10:05:27,28.5911,750,
10:05:28,28.583,1000,
10:05:29,28.5799,1500,
10:05:30,28.581,100,
10:05:30,28.581,200,
10:05:30,28.5899,100,
10:05:31,28.5899,100,
10:05:31,28.5799,200,
10:05:33,28.585,100,
10:05:35,28.573,300,
10:05:38,28.59,500,
10:05:38,28.60,1000,
10:05:38,28.58,5200,
10:05:38,28.59,100,
10:05:39,28.5895,400,
10:05:43,28.573,1000,
10:05:44,28.59,600,
10:05:44,28.5986,100,
10:05:44,28.5986,100,
10:05:44,28.5986,100,
10:05:44,28.599,400,
10:05:45,28.57,100,
10:05:45,28.59,100,
10:05:46,28.599,375,
10:05:46,28.597,100,
10:05:48,28.61,100,
10:05:48,28.61,100,
10:05:51,28.6198,6000,
10:05:54,28.6248,870,
10:05:55,28.63,200,
10:05:58,28.601,2400,
10:05:59,28.601,220,
10:06:06,28.607,200,
10:06:10,28.61,100,
10:06:10,28.6111,230,
10:06:18,28.593,200,
10:06:18,28.59,400,
10:06:18,28.59,100,
10:06:18,28.60,100,
10:06:19,28.62,556,
10:06:19,28.62,100,
10:06:19,28.62,100,
10:06:19,28.62,200,
10:06:19,28.63,100,
10:06:22,28.6289,500,
10:06:28,28.627,700,
10:06:33,28.5872,300,
10:06:36,28.58,200,
10:06:36,28.56,100,
10:06:37,28.56,100,
10:06:37,28.57,1000,
10:06:38,28.5699,100,
10:06:41,28.5699,100,
10:06:43,28.5695,1000,
10:06:44,28.5611,1500,
10:06:48,28.58,100,
10:06:48,28.59,4000,
10:06:50,28.59,253,
10:06:51,28.582,600,
10:06:51,28.5872,200,
10:06:54,28.58,500,
10:06:58,28.58,100,
10:06:58,28.5828,1000,
10:07:03,28.56,1000,
10:07:05,28.56,140,
10:07:08,28.5601,200,
10:07:08,28.563,400,
10:07:10,28.5612,2000,
10:07:11,28.5611,1000,
10:07:11,28.56,350,
10:07:12,28.58,400,
10:07:12,28.58,200,
10:07:12,28.56,2500,
10:07:14,28.5699,1000,
10:07:17,28.57,400,
10:07:19,28.58,100,
10:07:19,28.58,100,
10:07:19,28.58,100,
10:07:21,28.5825,1000,
10:07:21,28.59,100,
10:07:22,28.5901,200,
10:07:22,28.5901,300,
10:07:23,28.581,100,
10:07:23,28.59,300,
10:07:23,28.5915,100,
10:07:23,28.5915,100,
10:07:24,28.59,100,
10:07:24,28.59,100,
10:07:26,28.5989,1500,
10:07:26,28.5928,300,
10:07:28,28.5999,3000,
10:07:30,28.5811,140,
10:07:32,28.57,100,
10:07:33,28.569,5000,
10:07:44,28.563,100,
10:07:45,28.56,2830,
10:07:45,28.56,100,
10:07:47,28.54,100,
10:07:48,28.52,118,
10:07:48,28.52,785,
10:07:48,28.51,800,
10:07:48,28.52,100,
10:07:48,28.52,200,
10:07:48,28.52,100,
10:07:48,28.5102,3000,
10:07:49,28.5301,500,
10:07:49,28.53,100,
10:07:49,28.52,1900,
10:07:49,28.52,100,
10:07:49,28.52,100,
10:07:49,28.52,200,
10:07:49,28.52,150,
10:07:49,28.52,100,
10:07:49,28.52,250,
10:07:49,28.51,100,
10:07:49,28.51,100,
10:07:49,28.51,100,
10:07:49,28.51,100,
10:07:49,28.51,200,
10:07:50,28.5198,200,
10:07:51,28.533,1000,
10:07:54,28.513,1000,
10:07:54,28.5111,1500,
10:07:57,28.52,580,
10:07:57,28.54,100,
10:07:57,28.54,100,
10:07:57,28.54,200,
10:07:57,28.54,400,
10:07:57,28.5411,500,
10:07:58,28.54,100,
10:07:59,28.5412,200,
10:07:59,28.541,100,
10:07:59,28.541,500,
10:07:59,28.53,2156,
10:08:00,28.534,350,
10:08:00,28.5587,200,
10:08:00,28.5595,2600,
10:08:01,28.55,300,
10:08:05,28.5336,100,
10:08:12,28.56,400,
10:08:12,28.56,300,
10:08:18,28.53,100,
10:08:18,28.5211,500,
10:08:18,28.52,100,
10:08:18,28.53,100,
10:08:21,28.521,600,
10:08:21,28.52,900,
10:08:24,28.54,100,
10:08:24,28.55,300,
10:08:24,28.55,100,
10:08:24,28.55,200,
10:08:24,28.55,100,
10:08:24,28.55,100,
10:08:24,28.55,100,
10:08:24,28.55,100,
10:08:24,28.54,100,
10:08:31,28.5211,600,
10:08:33,28.53,100,
10:08:36,28.5327,100,
10:08:36,28.531,200,
10:08:36,28.54,100,
10:08:36,28.55,100,
10:08:36,28.55,100,
10:08:36,28.55,100,
10:08:36,28.55,550,
10:08:36,28.55,200,
10:08:36,28.56,100,
10:08:36,28.56,100,
10:08:36,28.56,200,
10:08:36,28.56,100,
10:08:36,28.56,100,
10:08:36,28.55,100,
10:08:41,28.52,100,
10:08:41,28.52,200,
10:08:42,28.5101,500,
10:08:44,28.52,800,
10:08:46,28.51,100,
10:08:46,28.52,100,
10:08:46,28.52,200,
10:08:49,28.5199,500,
10:08:49,28.52,300,
10:08:50,28.5196,200,
10:08:51,28.49,300,
10:08:51,28.50,900,
10:08:52,28.50,160,
10:08:52,28.50,500,
10:08:53,28.51,100,
10:08:53,28.51,100,
10:08:53,28.51,100,
10:08:53,28.51,200,
10:08:53,28.52,200,
10:08:54,28.491,500,
10:08:54,28.5102,300,
10:08:55,28.5113,100,
10:08:55,28.511,100,
10:08:55,28.511,400,
10:08:55,28.52,200,
10:08:56,28.5101,300,
10:08:56,28.511,1200,
10:08:56,28.51,2400,
10:08:57,28.517,300,
10:08:59,28.511,150,
10:09:00,28.5305,645,
10:09:03,28.5235,175,
10:09:05,28.511,250,
10:09:06,28.50,300,
10:09:08,28.5214,100,
10:09:08,28.5214,100,
10:09:08,28.5213,300,
10:09:08,28.5213,100,
10:09:08,28.5213,200,
10:09:08,28.5204,100,
10:09:08,28.521,1700,
10:09:08,28.5285,100,
10:09:09,28.511,100,
10:09:10,28.53,100,
10:09:12,28.5225,100,
10:09:16,28.5213,100,
10:09:16,28.5213,100,
10:09:16,28.521,200,
10:09:17,28.521,100,
10:09:17,28.521,100,
10:09:17,28.53,900,
10:09:18,28.521,200,
10:09:18,28.521,300,
10:09:18,28.521,300,
10:09:22,28.5272,700,
10:09:22,28.53,100,
10:09:22,28.53,100,
10:09:22,28.54,300,
10:09:22,28.54,170,
10:09:22,28.54,300,
10:09:22,28.54,100,
10:09:22,28.54,200,
10:09:22,28.54,100,
10:09:22,28.54,200,
10:09:22,28.53,2000,
10:09:22,28.53,200,
10:09:22,28.53,1000,
10:09:23,28.539,1000,
10:09:27,28.541,400,
10:09:30,28.54,200,
10:09:34,28.5302,100,
10:09:35,28.54,100,
10:09:35,28.55,250,
10:09:35,28.55,100,
10:09:35,28.56,200,
10:09:35,28.56,200,
10:09:35,28.56,100,
10:09:35,28.57,100,
10:09:35,28.57,100,
10:09:35,28.57,100,
10:09:35,28.57,100,
10:09:35,28.57,200,
10:09:35,28.57,100,
10:09:36,28.58,100,
10:09:36,28.58,200,
10:09:36,28.58,100,
10:09:36,28.531,1000,
10:09:38,28.5702,250,
10:09:40,28.58,100,
10:09:40,28.58,300,
10:09:41,28.571,500,
10:09:42,28.5705,500,
10:09:43,28.5727,200,
10:09:43,28.571,300,
10:09:44,28.571,1700,
10:09:44,28.58,200,
10:09:50,28.5689,900,
10:09:50,28.57,200,
10:09:51,28.57,200,
10:09:51,28.58,500,
10:09:51,28.57,100,
10:09:51,28.57,100,
10:09:51,28.57,400,
10:09:53,28.5701,100,
10:09:54,28.57,100,
10:09:56,28.57,500,
10:09:56,28.57,100,
10:09:56,28.57,100,
10:09:56,28.58,100,
10:09:56,28.58,100,
10:09:56,28.58,200,
10:09:56,28.58,200,
10:09:56,28.58,100,
10:09:56,28.59,100,
10:09:56,28.59,100,
10:09:56,28.57,200,
10:09:56,28.58,100,
10:09:56,28.58,100,
10:09:58,28.5705,520,
10:10:00,28.57,200,
10:10:01,28.60,123,
10:10:03,28.5915,100,
10:10:03,28.591,200,
10:10:06,28.591,100,
10:10:06,28.591,1200,
10:10:07,28.5915,100,
10:10:07,28.591,200,
10:10:07,28.60,100,
10:10:09,28.59,300,
10:10:09,28.59,100,
10:10:09,28.59,500,
10:10:11,28.5695,200,
10:10:15,28.569,400,
10:10:16,28.56,100,
10:10:16,28.5601,100,
10:10:19,28.5605,200,
10:10:24,28.57,100,
10:10:33,28.5401,3000,
10:10:33,28.54,400,
10:10:36,28.53,200,
10:10:36,28.53,500,
10:10:37,28.55,100,
10:10:37,28.55,100,
10:10:38,28.56,200,
10:10:38,28.5704,100,
10:10:38,28.571,100,
10:10:39,28.571,200,
10:10:40,28.571,100,
10:10:45,28.5702,100,
10:10:46,28.58,300,
10:10:46,28.58,900,
10:10:46,28.59,300,
10:10:46,28.60,100,
10:10:46,28.60,300,
10:10:46,28.60,100,
10:10:46,28.60,200,
10:10:46,28.61,200,
10:10:46,28.61,200,
10:10:46,28.61,100,
10:10:46,28.61,100,
10:10:46,28.61,100,
10:10:46,28.61,100,
10:10:46,28.61,100,
10:10:46,28.61,200,
10:10:46,28.61,100,
10:10:46,28.61,100,
10:10:46,28.62,100,
10:10:47,28.62,500,
10:10:50,28.63,543,
10:10:50,28.63,200,
10:10:50,28.63,200,
10:10:50,28.63,200,
10:10:51,28.62,100,
10:10:51,28.62,100,
10:10:51,28.62,100,
10:10:51,28.617,850,
10:10:51,28.621,100,
10:10:51,28.621,100,
10:10:52,28.621,100,
10:10:54,28.621,100,
10:10:54,28.621,100,
10:10:55,28.6111,1500,
10:10:57,28.61,6000,
10:11:00,28.609,2000,
10:11:02,28.62,400,
10:11:02,28.62,400,
10:11:02,28.62,100,
10:11:02,28.62,300,
10:11:04,28.629,500,
10:11:06,28.63,500,
10:11:07,28.63,357,
10:11:07,28.64,100,
10:11:07,28.64,100,
10:11:07,28.64,100,
10:11:07,28.65,500,
10:11:07,28.65,200,
10:11:08,28.65,1000,
10:11:09,28.6495,900,
10:11:09,28.6495,296,
10:11:10,28.6472,550,
10:11:11,28.6485,100,
10:11:16,28.64,100,
10:11:16,28.62,500,
10:11:18,28.616,150,
10:11:22,28.61,500,
10:11:24,28.60,500,
10:11:27,28.591,1000,
10:11:33,28.5901,500,
10:11:36,28.617,300,
10:11:42,28.63,100,
10:11:42,28.64,122,
10:11:45,28.638,1000,
10:11:46,28.63,100,
10:11:47,28.63,300,
10:11:58,28.63,100,
10:11:58,28.63,200,
10:11:59,28.64,200,
10:11:59,28.64,100,
10:11:59,28.64,200,
10:11:59,28.63,300,
10:12:04,28.6101,300,
10:12:04,28.61,2200,
10:12:09,28.612,1000,
10:12:11,28.62,1000,
10:12:11,28.62,100,
10:12:11,28.62,200,
10:12:11,28.62,100,
10:12:13,28.6189,300,
10:12:13,28.63,100,
10:12:13,28.63,200,
10:12:16,28.6302,2600,
10:12:17,28.64,300,
10:12:17,28.63,200,
10:12:17,28.63,300,
10:12:17,28.62,500,
10:12:20,28.62,1700,
10:12:24,28.63,300,
10:12:28,28.63,100,
10:12:29,28.64,1000,
10:12:32,28.64,400,
10:12:33,28.647,800,
10:12:34,28.649,200,
10:12:35,28.64,600,
10:12:36,28.61,100,
10:12:36,28.61,100,
10:12:36,28.61,100,
10:12:36,28.61,100,
10:12:36,28.61,100,
10:12:36,28.61,100,
10:12:37,28.6088,100,
10:12:37,28.60,500,
10:12:40,28.58,100,
10:12:40,28.57,200,
10:12:41,28.5711,1500,
10:12:43,28.57,1294,
10:12:44,28.58,100,
10:12:44,28.5799,100,
10:12:44,28.5799,100,
10:12:45,28.58,100,
10:12:45,28.58,100,
10:12:45,28.58,100,
10:12:48,28.58,100,
10:12:48,28.583,800,
10:12:49,28.59,100,
10:12:52,28.58,230,
10:12:55,28.591,2000,
10:12:55,28.59,100,
10:12:55,28.59,100,
10:12:55,28.59,200,
10:13:01,28.6005,750,
10:13:03,28.6146,100,
10:13:03,28.6101,100,
10:13:04,28.611,200,
10:13:06,28.60,200,
10:13:07,28.57,200,
10:13:09,28.5712,300,
10:13:13,28.588,400,
10:13:15,28.5711,400,
10:13:21,28.59,400,
10:13:25,28.591,1000,
10:13:29,28.59,1100,
10:13:29,28.60,100,
10:13:30,28.5949,3000,
10:13:30,28.59,100,
10:13:30,28.59,100,
10:13:30,28.59,100,
10:13:30,28.59,100,
10:13:31,28.5819,100,
10:13:31,28.581,400,
10:13:31,28.59,200,
10:13:32,28.58,100,
10:13:34,28.5802,2000,
10:13:40,28.583,120,
10:13:42,28.59,100,
10:13:42,28.59,100,
10:13:46,28.583,1000,
10:13:51,28.561,200,
10:13:51,28.561,300,
10:13:55,28.56,400,
10:13:55,28.5405,1396,
10:13:58,28.522,100,
10:13:59,28.5209,200,
10:13:59,28.521,300,
10:14:01,28.523,850,
10:14:03,28.5201,400,
10:14:05,28.54,200,
10:14:05,28.54,100,
10:14:05,28.54,200,
10:14:05,28.54,100,
10:14:05,28.55,100,
10:14:05,28.55,100,
10:14:06,28.5472,1000,
10:14:07,28.54,1000,
10:14:10,28.5401,1000,
10:14:15,28.531,100,
10:14:17,28.531,200,
10:14:21,28.5362,300,
10:14:23,28.54,100,
10:14:23,28.55,300,
10:14:23,28.55,100,
10:14:23,28.55,200,
10:14:23,28.55,100,
10:14:24,28.5628,1000,
10:14:27,28.56,500,
10:14:28,28.57,125,
10:14:28,28.57,300,
10:14:29,28.57,100,
10:14:31,28.5911,500,
10:14:31,28.59,100,
10:14:31,28.58,100,
10:14:31,28.58,500,
10:14:32,28.57,100,
10:14:33,28.571,600,
10:14:35,28.5888,200,
10:14:36,28.59,400,
10:14:36,28.59,100,
10:14:36,28.59,500,
10:14:36,28.59,100,
10:14:36,28.59,100,
10:14:36,28.59,400,
10:14:36,28.59,100,
10:14:36,28.59,200,
10:14:38,28.59,500,
10:14:40,28.5938,300,
10:14:46,28.597,850,
10:14:50,28.59,100,
10:14:50,28.59,200,
10:14:50,28.59,100,
10:14:50,28.59,100,
10:14:50,28.59,100,
10:14:51,28.5502,3000,
10:14:52,28.57,100,
10:14:54,28.5805,100,
10:14:57,28.54,100,
10:14:57,28.54,100,
10:14:57,28.54,100,
10:14:57,28.54,200,
10:14:57,28.54,100,
10:14:59,28.53,100,
10:14:59,28.53,200,
10:14:59,28.53,100,
10:15:01,28.54,500,
10:15:01,28.54,100,
10:15:04,28.5395,100,
10:15:07,28.553,400,
10:15:08,28.57,100,
10:15:08,28.57,100,
10:15:19,28.60,1000,
10:15:20,28.599,225,
10:15:21,28.6192,100,
10:15:21,28.6193,100,
10:15:21,28.62,3000,
10:15:21,28.62,100,
10:15:22,28.6159,100,
10:15:22,28.6164,100,
10:15:23,28.603,200,
10:15:24,28.602,900,
10:15:27,28.6298,2000,
10:15:31,28.64,100,
10:15:31,28.64,500,
10:15:31,28.63,100,
10:15:32,28.6298,2000,
10:15:32,28.63,100,
10:15:32,28.63,800,
10:15:34,28.62,1600,
10:15:34,28.631,100,
10:15:34,28.629,3500,
10:15:38,28.65,400,
10:15:38,28.65,200,
10:15:38,28.65,300,
10:15:38,28.65,200,
10:15:38,28.65,400,
10:15:39,28.641,1000,
10:15:39,28.65,100,
10:15:40,28.65,300,
10:15:40,28.65,1000,
10:15:41,28.65,200,
10:15:41,28.66,100,
10:15:41,28.65,1000,
10:15:42,28.66,200,
10:15:42,28.66,100,
10:15:43,28.66,1000,
10:15:43,28.67,100,
10:15:43,28.67,200,
10:15:45,28.65,100,
10:15:45,28.66,1300,
10:15:46,28.66,100,
10:15:48,28.6505,500,
10:15:48,28.64,400,
10:15:49,28.6398,6000,
10:15:52,28.638,100,
10:15:52,28.6402,100,
10:15:52,28.6402,100,
10:15:52,28.641,2400,
10:15:55,28.64,1500,
10:15:57,28.66,100,
10:15:57,28.6601,600,
10:15:58,28.66,368,
10:16:00,28.66,340,
10:16:02,28.662,200,
10:16:03,28.67,200,
10:16:03,28.69,200,
10:16:03,28.69,100,
10:16:03,28.68,1000,
10:16:03,28.68,200,
10:16:03,28.68,100,
10:16:03,28.68,100,
10:16:03,28.69,100,
10:16:03,28.69,100,
10:16:03,28.69,100,
10:16:03,28.69,100,
10:16:03,28.69,100,
10:16:04,28.70,800,
10:16:04,28.70,112,
10:16:04,28.70,100,
10:16:04,28.70,100,
10:16:04,28.70,100,
10:16:04,28.70,148,
10:16:04,28.71,100,
10:16:04,28.68,200,
10:16:04,28.70,1000,
10:16:04,28.7087,200,
10:16:04,28.7001,500,
10:16:05,28.7099,500,
10:16:06,28.709,200,
10:16:06,28.70,112,
10:16:06,28.69,100,
10:16:06,28.69,100,
10:16:06,28.69,500,
10:16:06,28.69,100,
10:16:07,28.6999,200,
10:16:07,28.6931,880,
10:16:08,28.6989,700,
10:16:09,28.70,100,
10:16:10,28.69,100,
10:16:11,28.69,200,
10:16:13,28.687,300,
10:16:13,28.69,100,
10:16:15,28.68,500,
10:16:16,28.689,100,
10:16:16,28.6885,100,
10:16:16,28.689,2900,
10:16:16,28.677,200,
10:16:19,28.6798,5000,
10:16:22,28.6611,1000,
10:16:24,28.67,300,
10:16:24,28.67,100,
10:16:24,28.67,100,
10:16:25,28.68,100,
10:16:28,28.6899,2000,
10:16:29,28.6805,500,
10:16:29,28.68,1000,
10:16:31,28.70,100,
10:16:31,28.70,100,
10:16:31,28.70,200,
10:16:31,28.70,100,
10:16:31,28.70,100,
10:16:33,28.68,100,
10:16:33,28.68,100,
10:16:33,28.68,100,
10:16:33,28.708,1000,
10:16:34,28.68,2200,
10:16:35,28.698,851,
10:16:37,28.689,100,
10:16:37,28.699,1590,
10:16:38,28.692,500,
10:16:41,28.698,1000,
10:16:46,28.699,3000,
10:16:46,28.698,500,
10:16:47,28.69,100,
10:16:47,28.68,100,
10:16:47,28.68,100,
10:16:47,28.69,100,
10:16:47,28.69,100,
10:16:47,28.69,100,
10:16:47,28.69,100,
10:16:47,28.69,200,
10:16:47,28.69,100,
10:16:47,28.6989,300,
10:16:47,28.699,1400,
10:16:51,28.681,800,
10:16:52,28.697,500,
10:16:55,28.6872,800,
10:16:57,28.689,500,
10:16:57,28.6811,350,
10:16:59,28.65,100,
10:16:59,28.65,100,
10:16:59,28.64,200,
10:16:59,28.64,100,
10:17:00,28.65,200,
10:17:00,28.64,100,
10:17:00,28.64,100,
10:17:00,28.64,100,
10:17:00,28.65,100,
10:17:00,28.65,100,
10:17:00,28.65,500,
10:17:00,28.6401,100,
10:17:00,28.64,400,
10:17:00,28.64,100,
10:17:01,28.639,500,
10:17:04,28.642,500,
10:17:08,28.6659,100,
10:17:08,28.669,200,
10:17:10,28.668,200,
10:17:10,28.67,100,
10:17:10,28.67,500,
10:17:12,28.6905,900,
10:17:14,28.6999,640,
10:17:15,28.6991,100,
10:17:16,28.6912,1000,
10:17:16,28.68,100,
10:17:17,28.68,100,
10:17:17,28.68,800,
10:17:17,28.68,100,
10:17:17,28.69,100,
10:17:17,28.69,100,
10:17:17,28.69,100,
10:17:17,28.6995,200,
10:17:18,28.70,500,
10:17:18,28.69,1000,
10:17:19,28.699,1300,
10:17:20,28.6811,450,
10:17:23,28.69,100,
10:17:24,28.69,200,
10:17:25,28.673,700,
10:17:28,28.67,100,
10:17:29,28.681,1700,
10:17:30,28.6689,500,
10:17:37,28.688,500,
10:17:39,28.687,100,
10:17:41,28.6799,2000,
10:17:42,28.679,350,
10:17:44,28.69,231,
10:17:47,28.683,850,
10:17:47,28.69,100,
10:17:48,28.6943,100,
10:17:50,28.697,100,
10:17:52,28.70,500,
10:17:59,28.70,100,
10:18:01,28.7059,200,
10:18:01,28.7059,100,
10:18:01,28.706,100,
10:18:01,28.7064,100,
10:18:01,28.7059,100,
10:18:01,28.7095,400,
10:18:04,28.71,500,
10:18:05,28.7099,500,
10:18:06,28.72,100,
10:18:06,28.7162,100,
10:18:09,28.718,600,
10:18:10,28.71,500,
10:18:10,28.713,139,
10:18:12,28.719,1900,
10:18:14,28.72,400,
10:18:15,28.7175,100,
10:18:15,28.719,200,
10:18:18,28.7105,100,
10:18:18,28.71,500,
10:18:18,28.70,100,
10:18:18,28.6937,100,
10:18:18,28.6936,100,
10:18:18,28.6912,200,
10:18:22,28.6802,3500,
10:18:22,28.69,100,
10:18:22,28.70,100,
10:18:22,28.70,200,
10:18:27,28.7089,100,
10:18:27,28.709,100,
10:18:27,28.709,400,
10:18:31,28.709,100,
10:18:31,28.709,100,
10:18:31,28.709,100,
10:18:31,28.709,700,
10:18:32,28.71,100,
10:18:32,28.71,100,
10:18:34,28.693,200,
10:18:37,28.693,600,
10:18:38,28.6901,300,
10:18:40,28.6911,1500,
10:18:46,28.65,1100,
10:18:46,28.693,700,
10:18:46,28.64,100,
10:18:47,28.64,100,
10:18:47,28.64,100,
10:18:47,28.65,100,
10:18:47,28.65,100,
10:18:48,28.643,300,
10:18:50,28.64,6000,
10:18:52,28.67,4200,
10:18:54,28.68,100,
10:18:54,28.68,200,
10:18:55,28.68,200,
10:18:56,28.66,100,
10:18:56,28.66,100,
10:18:56,28.66,100,
10:18:56,28.66,100,
10:18:56,28.66,100,
10:18:56,28.67,100,
10:19:07,28.69,100,
10:19:09,28.6902,1000,
10:19:12,28.699,100,
10:19:12,28.699,100,
10:19:15,28.7011,200,
10:19:17,28.70,100,
10:19:22,28.7005,500,
10:19:23,28.70,200,
10:19:23,28.71,300,
10:19:23,28.71,100,
10:19:23,28.71,200,
10:19:23,28.71,200,
10:19:23,28.71,300,
10:19:23,28.72,200,
10:19:24,28.72,300,
10:19:28,28.701,275,
10:19:29,28.72,1290,
10:19:30,28.712,1000,
10:19:34,28.7089,300,
10:19:37,28.72,100,
10:19:37,28.701,325,
10:19:38,28.702,675,
10:19:39,28.73,200,
10:19:39,28.73,300,
10:19:40,28.73,100,
