09:30:00,21.66,1000,
09:30:05,21.65,100,
09:30:06,21.65,100,
09:30:10,21.65,300,
09:30:10,21.65,300,
09:30:14,21.65,100,
09:30:16,21.64,1000,
09:30:17,21.64,600,
09:30:18,21.645,100,
09:30:18,21.6358,100,
09:30:19,21.63,100,
09:30:19,21.641,200,
09:30:20,21.64,1500,
09:30:21,21.649,2000,
09:30:23,21.639,200,
09:30:24,21.64,300,
09:30:26,21.66,1900,
09:30:27,21.63,100,
09:30:28,21.62,500,
09:30:31,21.665,333,
09:30:31,21.66,200,
09:30:31,21.65,100,
09:30:37,21.6301,100,
09:30:41,21.6605,1800,
09:30:46,21.68,300,
09:30:46,21.655,400,
09:30:47,21.65,2000,
09:30:56,21.63,1000,
09:30:56,21.63,200,
09:30:59,21.63,500,
09:31:02,21.64,300,
09:31:02,21.65,300,
09:31:04,21.632,500,
09:31:04,21.63,1000,
09:31:07,21.65,100,
09:31:08,21.641,300,
09:31:08,21.65,1300,
09:31:10,21.642,500,
09:31:12,21.64,342,
09:31:16,21.6372,1000,
09:31:19,21.6401,600,
09:31:20,21.64,800,
09:31:20,21.65,300,
09:31:20,21.64,300,
09:31:28,21.63,100,
09:31:30,21.63,100,
09:31:30,21.63,300,
09:31:30,21.62,600,
09:31:30,21.6201,100,
09:31:30,21.6201,600,
09:31:34,21.60,400,
09:31:35,21.5909,100,
09:31:35,21.59,100,
09:31:35,21.59,258,
09:31:35,21.59,100,
09:31:35,21.60,1800,
09:31:35,21.61,300,
09:31:37,21.6099,200,
09:31:40,21.61,100,
09:31:40,21.61,300,
09:31:40,21.61,300,
09:31:45,21.601,100,
09:31:45,21.60,200,
09:31:45,21.60,900,
09:31:45,21.6072,1000,
09:31:48,21.61,600,
09:31:48,21.62,300,
09:31:48,21.61,500,
09:31:51,21.60,100,
09:31:53,21.61,1000,
09:31:53,21.61,100,
09:31:54,21.611,100,
09:31:55,21.607,1000,
09:31:55,21.62,300,
09:31:56,21.62,387,
09:31:58,21.63,100,
09:31:59,21.65,500,
09:31:59,21.64,500,
09:31:59,21.64,2000,
09:31:59,21.64,500,
09:32:00,21.64,600,
09:32:01,21.62,100,
09:32:04,21.65,11900,
09:32:07,21.651,1000,
09:32:11,21.65,500,
09:32:14,21.63,100,
09:32:16,21.62,100,
09:32:19,21.601,199,
09:32:21,21.60,300,
09:32:21,21.60,300,
09:32:23,21.61,100,
09:32:23,21.62,700,
09:32:24,21.61,300,
09:32:24,21.61,1900,
09:32:25,21.60,200,
09:32:31,21.61,600,
09:32:31,21.60,100,
09:32:38,21.5901,100,
09:32:43,21.61,300,
09:32:43,21.611,200,
09:32:45,21.62,300,
09:32:48,21.6199,300,
09:32:48,21.6199,400,
09:32:48,21.6199,300,
09:32:48,21.6101,1000,
09:32:49,21.63,700,
09:32:51,21.63,300,
09:32:51,21.63,700,
09:32:51,21.63,1700,
09:32:51,21.6201,200,
09:32:52,21.631,800,
09:32:57,21.6101,100,
09:33:02,21.62,300,
09:33:02,21.62,200,
09:33:02,21.62,200,
09:33:03,21.62,200,
09:33:03,21.61,100,
09:33:03,21.6172,500,
09:33:06,21.6299,100,
09:33:09,21.6201,1590,
09:33:09,21.63,900,
09:33:10,21.629,100,
09:33:10,21.629,800,
09:33:11,21.6272,1600,
09:33:16,21.629,100,
09:33:17,21.64,300,
09:33:17,21.64,200,
09:33:17,21.64,456,
09:33:17,21.64,200,
09:33:17,21.629,300,
09:33:19,21.6493,400,
09:33:19,21.649,300,
09:33:22,21.66,900,
09:33:22,21.66,300,
09:33:26,21.65,300,
09:33:26,21.64,400,
09:33:26,21.65,300,
09:33:30,21.66,100,
09:33:33,21.64,100,
09:33:33,21.66,100,
09:33:33,21.65,1000,
09:33:33,21.66,700,
09:33:33,21.66,300,
09:33:33,21.66,300,
09:33:33,21.66,200,
09:33:35,21.656,400,
09:33:36,21.65,500,
09:33:36,21.65,1300,
09:33:36,21.64,700,
09:33:36,21.64,100,
09:33:39,21.6293,100,
09:33:40,21.63,300,
09:33:40,21.63,100,
09:33:40,21.63,100,
09:33:40,21.63,1000,
09:33:43,21.65,100,
09:33:43,21.649,400,
09:33:44,21.65,300,
09:33:45,21.65,100,
09:33:47,21.65,100,
09:33:48,21.66,700,
09:33:48,21.66,1000,
09:33:48,21.66,100,
09:33:48,21.67,700,
09:33:50,21.69,300,
09:33:50,21.69,100,
09:33:50,21.69,300,
09:33:50,21.69,900,
09:33:50,21.69,800,
09:33:50,21.69,1000,
09:33:50,21.70,600,
09:33:50,21.69,300,
09:33:50,21.70,1500,
09:33:50,21.70,220,
09:33:50,21.68,600,
09:33:51,21.70,300,
09:33:53,21.69,200,
09:33:53,21.70,100,
09:33:54,21.692,1200,
09:33:54,21.70,142,
09:33:56,21.699,200,
09:33:57,21.70,100,
09:33:58,21.71,260,
09:33:59,21.69,100,
09:33:59,21.72,700,
09:34:00,21.7165,500,
09:34:02,21.72,400,
09:34:07,21.7301,200,
09:34:08,21.73,1600,
09:34:09,21.739,300,
09:34:09,21.73,100,
09:34:11,21.728,2000,
09:34:11,21.739,100,
09:34:15,21.7072,1100,
09:34:17,21.70,1000,
09:34:19,21.7174,5000,
09:34:21,21.719,200,
09:34:21,21.7112,2000,
09:34:22,21.72,100,
09:34:22,21.719,200,
09:34:23,21.71,2000,
09:34:23,21.72,100,
09:34:23,21.7199,100,
09:34:25,21.699,700,
09:34:26,21.699,900,
09:34:29,21.72,200,
09:34:30,21.72,200,
09:34:31,21.7178,900,
09:34:31,21.719,1300,
09:34:31,21.719,300,
09:34:32,21.7199,100,
09:34:32,21.7199,100,
09:34:38,21.7141,334,
09:34:41,21.71,300,
09:34:47,21.72,200,
09:34:51,21.7128,1300,
09:34:52,21.7201,700,
09:34:54,21.74,200,
09:34:54,21.74,300,
09:34:54,21.75,400,
09:34:57,21.7472,900,
09:34:58,21.759,100,
09:34:59,21.77,400,
09:34:59,21.75,200,
09:35:01,21.77,200,
09:35:05,21.75,200,
09:35:05,21.74,200,
09:35:10,21.76,500,
09:35:12,21.76,800,
09:35:12,21.77,200,
09:35:12,21.77,300,
09:35:12,21.77,300,
09:35:14,21.76,200,
09:35:15,21.77,800,
09:35:17,21.7675,2408,
09:35:18,21.7687,592,
09:35:20,21.7605,500,
09:35:24,21.7699,170,
09:35:24,21.75,100,
09:35:27,21.77,500,
09:35:27,21.768,300,
09:35:27,21.768,100,
09:35:27,21.77,200,
09:35:27,21.77,100,
09:35:27,21.7699,200,
09:35:28,21.78,100,
09:35:28,21.78,1000,
09:35:28,21.78,300,
09:35:28,21.78,200,
09:35:28,21.78,200,
09:35:28,21.78,300,
09:35:28,21.78,300,
09:35:28,21.78,800,
09:35:28,21.78,300,
09:35:28,21.78,100,
09:35:28,21.78,100,
09:35:28,21.78,700,
09:35:29,21.769,750,
09:35:29,21.78,100,
09:35:29,21.78,800,
09:35:29,21.78,300,
09:35:29,21.77,400,
09:35:29,21.78,300,
09:35:29,21.77,100,
09:35:29,21.77,1400,
09:35:29,21.77,100,
09:35:30,21.77,100,
09:35:30,21.77,100,
09:35:31,21.78,300,
09:35:31,21.7775,2157,
09:35:31,21.77,300,
09:35:31,21.78,200,
09:35:31,21.78,200,
09:35:31,21.777,1000,
09:35:32,21.779,1200,
09:35:33,21.7772,1000,
09:35:34,21.77,13870,
09:35:37,21.80,100,
09:35:38,21.80,400,
09:35:38,21.78,500,
09:35:39,21.7895,1350,
09:35:40,21.781,100,
09:35:40,21.785,100,
09:35:41,21.789,2020,
09:35:44,21.79,3000,
09:35:45,21.77,700,
09:35:45,21.79,100,
09:35:49,21.80,500,
09:35:49,21.80,150,
09:35:49,21.8093,200,
09:35:50,21.8062,1000,
09:35:55,21.81,200,
09:35:55,21.8029,200,
09:35:58,21.8005,1000,
09:35:59,21.819,100,
09:36:04,21.8199,500,
09:36:07,21.809,600,
09:36:10,21.80,900,
09:36:10,21.7999,300,
09:36:10,21.7999,100,
09:36:10,21.80,300,
09:36:10,21.80,100,
09:36:10,21.80,200,
09:36:11,21.7999,500,
09:36:13,21.78,200,
09:36:13,21.779,7000,
09:36:13,21.779,8700,
09:36:13,21.7728,1500,
09:36:14,21.7701,100,
09:36:16,21.7772,800,
09:36:17,21.76,200,
09:36:18,21.77,100,
09:36:19,21.779,100,
09:36:20,21.779,100,
09:36:20,21.759,300,
09:36:22,21.779,100,
09:36:23,21.779,2700,
09:36:24,21.77,700,
09:36:25,21.76,100,
09:36:26,21.81,100,
09:36:28,21.7699,300,
09:36:38,21.77,100,
09:36:38,21.77,100,
09:36:38,21.76,200,
09:36:38,21.77,100,
09:36:39,21.76,200,
09:36:39,21.751,800,
09:36:39,21.77,200,
09:36:39,21.77,100,
09:36:40,21.7701,1000,
09:36:44,21.7741,335,
09:36:50,21.76,100,
09:36:50,21.76,300,
09:36:50,21.76,1300,
09:36:51,21.75,200,
09:36:54,21.7428,1000,
09:36:58,21.75,200,
09:37:00,21.76,100,
09:37:05,21.764,300,
09:37:05,21.74,100,
09:37:11,21.739,200,
09:37:14,21.78,249,
09:37:21,21.7595,1000,
09:37:22,21.7599,800,
09:37:25,21.7701,300,
09:37:33,21.7999,500,
09:37:36,21.7799,100,
09:37:36,21.78,100,
09:37:44,21.80,100,
09:37:46,21.8072,1000,
09:37:48,21.808,2000,
09:37:49,21.82,100,
09:37:50,21.81,200,
09:37:56,21.82,100,
09:37:57,21.82,800,
09:38:05,21.839,1250,
09:38:06,21.827,300,
09:38:08,21.8399,500,
09:38:10,21.8399,400,
09:38:11,21.83,200,
09:38:12,21.8301,200,
09:38:14,21.837,300,
09:38:17,21.847,1000,
09:38:19,21.85,200,
09:38:20,21.86,300,
09:38:22,21.87,100,
09:38:22,21.8699,100,
09:38:23,21.876,400,
09:38:24,21.88,268,
09:38:24,21.8799,268,
09:38:24,21.89,800,
09:38:24,21.89,700,
09:38:25,21.8899,800,
09:38:25,21.89,800,
09:38:26,21.889,250,
09:38:27,21.89,300,
09:38:27,21.88,300,
09:38:27,21.88,300,
09:38:27,21.88,300,
09:38:27,21.88,300,
09:38:27,21.89,300,
09:38:27,21.885,300,
09:38:28,21.88,100,
09:38:28,21.88,1000,
09:38:28,21.89,100,
09:38:28,21.89,100,
09:38:28,21.89,100,
09:38:28,21.89,200,
09:38:28,21.89,200,
09:38:28,21.89,200,
09:38:29,21.8885,200,
09:38:29,21.8885,1000,
09:38:29,21.889,2000,
09:38:29,21.889,1600,
09:38:29,21.89,100,
09:38:29,21.89,300,
09:38:29,21.89,100,
09:38:29,21.89,200,
09:38:29,21.89,100,
09:38:33,21.8895,500,
09:38:33,21.86,398,
09:38:33,21.88,300,
09:38:33,21.88,400,
09:38:33,21.87,400,
09:38:35,21.876,100,
09:38:35,21.879,200,
09:38:37,21.86,300,
09:38:37,21.87,400,
09:38:37,21.865,300,
09:38:37,21.86,300,
09:38:37,21.87,300,
09:38:37,21.87,200,
09:38:38,21.85,700,
09:38:38,21.87,300,
09:38:38,21.879,1700,
09:38:38,21.84,100,
09:38:38,21.86,200,
09:38:38,21.86,100,
09:38:38,21.86,200,
09:38:38,21.86,300,
09:38:38,21.86,300,
09:38:38,21.86,200,
09:38:38,21.86,100,
09:38:38,21.84,200,
09:38:38,21.865,300,
09:38:39,21.8599,500,
09:38:40,21.859,200,
09:38:40,21.8528,1350,
09:38:41,21.86,300,
09:38:42,21.86,100,
09:38:42,21.859,1000,
09:38:42,21.857,100,
09:38:42,21.87,100,
09:38:42,21.87,300,
09:38:42,21.87,300,
09:38:42,21.8625,2000,
09:38:43,21.87,200,
09:38:43,21.87,100,
09:38:44,21.87,300,
09:38:44,21.87,100,
09:38:44,21.87,700,
09:38:47,21.85,100,
09:38:48,21.85,200,
09:38:49,21.849,200,
09:38:49,21.85,200,
09:38:50,21.84,100,
09:38:50,21.85,100,
09:38:50,21.84,600,
09:38:50,21.849,100,
09:38:53,21.857,500,
09:38:53,21.8401,1710,
09:38:54,21.859,100,
09:38:55,21.87,13231,
09:38:57,21.86,435,
09:38:57,21.87,2600,
09:38:59,21.8775,2000,
09:39:00,21.88,300,
09:39:00,21.889,200,
09:39:02,21.889,100,
09:39:02,21.89,362,
09:39:02,21.89,100,
09:39:03,21.89,300,
09:39:03,21.89,1000,
09:39:05,21.8899,900,
09:39:05,21.88,100,
09:39:05,21.90,500,
09:39:06,21.89,300,
09:39:06,21.91,1000,
09:39:06,21.91,100,
09:39:06,21.91,100,
09:39:06,21.91,200,
09:39:06,21.91,100,
09:39:10,21.93,100,
09:39:11,21.93,1000,
09:39:11,21.938,1000,
09:39:15,21.9676,800,
09:39:15,21.969,1000,
09:39:20,21.943,1400,
09:39:22,21.93,100,
09:39:25,21.9179,800,
09:39:25,21.919,1000,
09:39:25,21.93,100,
09:39:25,21.93,100,
09:39:25,21.93,100,
09:39:25,21.93,100,
09:39:25,21.93,200,
09:39:26,21.94,600,
09:39:27,21.92,200,
09:39:27,21.91,400,
09:39:31,21.93,100,
09:39:32,21.95,100,
09:39:35,21.96,269,
09:39:35,21.96,152,
09:39:37,21.9799,1000,
09:39:41,21.981,100,
09:39:41,21.99,600,
09:39:41,21.979,200,
09:39:42,21.981,200,
09:39:43,21.9872,500,
09:39:44,21.99,800,
09:39:44,21.989,1700,
09:39:44,21.9875,4000,
09:39:44,21.989,600,
09:39:46,21.9872,1000,
09:39:48,21.99,200,
09:39:48,21.99,331,
09:39:48,21.99,100,
09:39:48,21.9982,100,
09:39:49,22,150,
09:39:49,21.9999,350,
09:39:50,21.999,500,
09:39:51,22.01,100,
09:39:51,22.01,500,
09:39:51,22.01,100,
09:39:51,22,100,
09:39:51,22,200,
09:39:51,21.99,100,
09:39:53,21.989,1000,
09:39:54,21.9876,600,
09:39:55,21.989,700,
09:39:55,21.9771,100,
09:39:56,21.979,700,
09:39:56,21.988,2000,
09:39:57,21.9714,325,
09:39:58,21.9801,100,
09:39:59,21.981,4240,
09:39:59,21.9995,1000,
09:40:01,21.9999,200,
09:40:01,22.01,2500,
09:40:02,22,100,
09:40:02,22,100,
09:40:02,22,100,
09:40:02,22.0072,1000,
09:40:03,21.9926,600,
09:40:04,21.999,100,
09:40:04,21.9905,1000,
09:40:05,21.999,400,
09:40:06,21.99,100,
09:40:09,22.006,200,
09:40:09,22,100,
09:40:10,21.99,600,
09:40:11,22.0001,150,
09:40:11,21.99,850,
09:40:12,22.01,100,
09:40:16,22.008,100,
09:40:17,22.009,2000,
09:40:24,22.02,100,
09:40:24,22.02,300,
09:40:24,22.02,700,
09:40:24,22.02,450,
09:40:24,22.02,550,
09:40:24,22.02,400,
09:40:24,22.02,400,
09:40:26,22.0299,5000,
09:40:26,22.0201,200,
09:40:26,22.01,3600,
09:40:29,22.019,200,
09:40:30,22.02,500,
09:40:30,22.02,300,
09:40:30,22.03,400,
09:40:30,22.02,400,
09:40:31,22.019,200,
09:40:32,22.02,100,
09:40:36,22.02,200,
09:40:37,22.0299,300,
09:40:38,22.021,600,
09:40:39,22.0228,1400,
09:40:41,22.028,100,
09:40:46,22.02,264,
09:40:51,22.03,100,
09:40:51,22.03,100,
09:40:51,22.03,300,
09:40:51,22.03,100,
09:40:51,22.03,100,
09:40:53,22.03,100,
09:40:56,22.0201,1500,
09:40:59,22.0301,500,
09:40:59,22.03,100,
09:41:02,22.03,200,
09:41:02,22.021,475,
09:41:02,22.021,225,
09:41:04,22.0299,1000,
09:41:09,22.0001,100,
09:41:10,22,300,
09:41:10,22,400,
09:41:10,21.99,400,
09:41:10,21.99,300,
09:41:10,21.98,157,
09:41:10,21.98,700,
09:41:10,21.99,100,
09:41:11,21.99,500,
09:41:11,21.99,100,
09:41:11,21.98,300,
09:41:11,21.97,2000,
09:41:11,21.97,800,
09:41:11,21.97,100,
09:41:12,21.97,100,
09:41:12,21.9601,500,
09:41:12,21.96,1800,
09:41:13,21.96,100,
09:41:14,21.96,100,
09:41:14,21.95,770,
09:41:17,21.95,2000,
09:41:18,21.96,1000,
09:41:20,21.95,100,
09:41:21,21.9499,300,
09:41:22,21.94,100,
09:41:22,21.94,100,
09:41:22,21.94,700,
09:41:22,21.94,10000,
09:41:23,21.94,500,
09:41:23,21.94,300,
09:41:23,21.94,300,
09:41:24,21.94,200,
09:41:24,21.94,200,
09:41:24,21.94,200,
09:41:25,21.94,620,
09:41:25,21.94,300,
09:41:25,21.9401,1100,
09:41:25,21.9401,300,
09:41:25,21.9401,100,
09:41:26,21.94,500,
09:41:26,21.94,1000,
09:41:26,21.94,1100,
09:41:26,21.94,1100,
09:41:26,21.94,900,
09:41:26,21.9401,500,
09:41:26,21.94,500,
09:41:26,21.94,300,
09:41:26,21.94,200,
09:41:26,21.94,200,
09:41:26,21.94,500,
09:41:26,21.94,400,
09:41:26,21.9427,400,
09:41:26,21.9427,500,
09:41:26,21.943,100,
09:41:26,21.9427,200,
09:41:26,21.94,300,
09:41:26,21.9427,200,
09:41:26,21.949,500,
09:41:26,21.94,100,
09:41:26,21.93,300,
09:41:26,21.92,1600,
09:41:27,21.929,100,
09:41:27,21.92,100,
09:41:27,21.92,400,
09:41:27,21.92,100,
09:41:27,21.92,600,
09:41:27,21.92,100,
09:41:27,21.92,300,
09:41:27,21.92,300,
09:41:27,21.9221,300,
09:41:30,21.923,100,
09:41:30,21.9201,200,
09:41:30,21.9201,400,
09:41:30,21.9201,300,
09:41:30,21.9201,300,
09:41:30,21.9201,200,
09:41:30,21.9201,200,
09:41:30,21.92,200,
09:41:30,21.93,100,
09:41:30,21.92,650,
09:41:30,21.91,300,
09:41:30,21.91,300,
09:41:31,21.91,100,
09:41:32,21.911,100,
09:41:33,21.91,100,
09:41:34,21.921,300,
09:41:34,21.921,300,
09:41:35,21.9301,1000,
09:41:35,21.93,300,
09:41:35,21.93,100,
09:41:36,21.94,400,
09:41:36,21.94,300,
09:41:36,21.94,100,
09:41:36,21.9313,200,
09:41:36,21.94,300,
09:41:36,21.935,300,
09:41:36,21.94,100,
09:41:36,21.935,200,
09:41:36,21.94,100,
09:41:36,21.9402,1000,
09:41:36,21.95,100,
09:41:36,21.94,300,
09:41:36,21.95,300,
09:41:37,21.94,300,
09:41:37,21.9499,100,
09:41:37,21.9499,300,
09:41:39,21.94,200,
09:41:39,21.94,300,
09:41:39,21.95,300,
09:41:40,21.94,700,
09:41:40,21.94,100,
09:41:40,21.94,100,
09:41:40,21.94,100,
09:41:40,21.95,300,
09:41:40,21.949,300,
09:41:40,21.945,300,
09:41:40,21.945,300,
09:41:40,21.95,300,
09:41:41,21.96,200,
09:41:41,21.95,100,
09:41:41,21.95,100,
09:41:41,21.96,100,
09:41:41,21.96,200,
09:41:41,21.96,100,
09:41:41,21.96,300,
09:41:41,21.96,1200,
09:41:41,21.95,100,
09:41:41,21.96,300,
09:41:41,21.955,300,
09:41:41,21.96,200,
09:41:43,21.95,1500,
09:41:43,21.95,1700,
09:41:43,21.95,300,
09:41:45,21.95,100,
09:41:46,21.9401,1100,
09:41:46,21.93,700,
09:41:47,21.93,100,
09:41:47,21.93,2000,
09:41:47,21.9372,600,
09:41:48,21.9399,1000,
09:41:49,21.9387,323,
09:41:54,21.9301,5699,
09:41:56,21.9307,100,
09:41:56,21.9307,300,
09:41:56,21.9307,100,
09:41:56,21.93,300,
09:41:56,21.93,200,
09:41:56,21.9307,100,
09:41:56,21.93,200,
09:41:56,21.93,100,
09:41:56,21.9307,100,
09:41:56,21.9307,100,
09:41:57,21.9307,100,
09:42:00,21.93,100,
09:42:00,21.95,100,
09:42:00,21.95,100,
09:42:00,21.96,500,
09:42:00,21.95,100,
09:42:00,21.96,100,
09:42:00,21.96,200,
09:42:02,21.9499,2700,
09:42:06,21.937,500,
09:42:07,21.90,200,
09:42:07,21.89,500,
09:42:09,21.90,4000,
09:42:09,21.9075,2867,
09:42:10,21.9085,1600,
09:42:12,21.88,900,
09:42:12,21.88,900,
09:42:12,21.88,100,
09:42:13,21.87,300,
09:42:13,21.8599,300,
09:42:13,21.8501,100,
09:42:13,21.85,100,
09:42:13,21.85,100,
09:42:13,21.8501,100,
09:42:13,21.85,100,
09:42:14,21.8715,3000,
09:42:14,21.86,400,
09:42:14,21.86,200,
09:42:14,21.86,800,
09:42:14,21.8601,600,
09:42:14,21.8601,800,
09:42:14,21.8601,600,
09:42:14,21.8601,200,
09:42:14,21.86,500,
09:42:14,21.86,200,
09:42:14,21.86,400,
09:42:14,21.8601,200,
09:42:14,21.8601,200,
09:42:15,21.8601,400,
09:42:17,21.8671,400,
09:42:19,21.8601,400,
09:42:23,21.8601,200,
09:42:24,21.8571,300,
09:42:27,21.841,1700,
09:42:28,21.84,100,
09:42:29,21.8501,2700,
09:42:30,21.85,200,
09:42:32,21.8301,400,
09:42:32,21.83,500,
09:42:32,21.83,800,
09:42:32,21.83,200,
09:42:32,21.8301,500,
09:42:32,21.8301,720,
09:42:32,21.83,400,
09:42:32,21.8301,400,
09:42:32,21.83,500,
09:42:32,21.8301,100,
09:42:32,21.83,300,
09:42:32,21.83,100,
09:42:33,21.833,500,
09:42:34,21.87,100,
09:42:36,21.88,100,
09:42:37,21.8772,1000,
09:42:43,21.88,400,
09:42:44,21.89,100,
09:42:45,21.90,300,
09:42:45,21.90,900,
09:42:45,21.90,200,
09:42:48,21.9095,1000,
09:42:56,21.86,200,
09:42:56,21.87,304,
09:42:58,21.862,100,
09:42:58,21.8699,800,
09:42:58,21.879,2200,
09:42:58,21.879,1900,
09:43:00,21.88,4500,
09:43:00,21.86,200,
09:43:01,21.86,325,
09:43:03,21.85,600,
09:43:03,21.8501,300,
09:43:06,21.859,700,
09:43:09,21.83,100,
09:43:09,21.82,100,
09:43:11,21.85,100,
09:43:14,21.8601,300,
09:43:14,21.86,300,
09:43:14,21.8601,200,
09:43:14,21.8601,300,
09:43:14,21.86,300,
09:43:14,21.86,300,
09:43:20,21.84,100,
09:43:22,21.8393,135,
09:43:24,21.8372,900,
09:43:34,21.8105,500,
09:43:41,21.8199,200,
09:43:43,21.8001,600,
09:43:43,21.80,300,
09:43:43,21.8001,200,
09:43:43,21.8001,200,
09:43:43,21.8001,100,
09:43:43,21.80,100,
09:43:43,21.80,200,
09:43:43,21.80,200,
09:43:43,21.80,200,
09:43:44,21.802,200,
09:43:45,21.8072,1000,
09:43:50,21.8085,2000,
09:43:51,21.80,200,
09:43:54,21.78,1000,
09:43:55,21.7899,100,
09:43:55,21.7899,300,
09:43:55,21.79,100,
09:44:00,21.76,435,
09:44:03,21.764,2000,
09:44:08,21.76,500,
09:44:11,21.764,100,
09:44:16,21.75,100,
09:44:16,21.75,100,
09:44:16,21.75,300,
09:44:16,21.75,200,
09:44:16,21.74,500,
09:44:18,21.759,250,
09:44:19,21.71,269,
09:44:19,21.71,1800,
09:44:19,21.72,200,
09:44:19,21.71,100,
09:44:19,21.71,100,
09:44:20,21.71,100,
09:44:20,21.72,300,
09:44:20,21.72,100,
09:44:22,21.722,100,
09:44:22,21.72,100,
09:44:22,21.722,100,
09:44:22,21.72,100,
09:44:24,21.721,400,
09:44:26,21.72,100,
09:44:26,21.72,900,
09:44:28,21.71,269,
09:44:28,21.71,300,
09:44:28,21.70,3500,
09:44:31,21.69,100,
09:44:33,21.6906,500,
09:44:33,21.692,2300,
09:44:36,21.6987,495,
09:44:38,21.679,400,
09:44:40,21.69,300,
09:44:42,21.66,300,
09:44:42,21.66,100,
09:44:42,21.66,300,
09:44:42,21.66,200,
09:44:42,21.66,500,
09:44:43,21.65,100,
09:44:43,21.65,300,
09:44:43,21.65,100,
09:44:43,21.65,200,
09:44:43,21.65,100,
09:44:43,21.65,100,
09:44:43,21.65,200,
09:44:43,21.66,101,
09:44:43,21.65,100,
09:44:43,21.65,100,
09:44:43,21.65,100,
09:44:43,21.65,100,
09:44:43,21.65,100,
09:44:43,21.65,100,
09:44:43,21.65,100,
09:44:43,21.65,100,
09:44:45,21.6793,200,
09:44:47,21.67,300,
09:44:51,21.654,2999,
09:44:53,21.6699,100,
09:44:53,21.67,200,
09:44:53,21.6695,1000,
09:44:55,21.68,400,
09:44:58,21.6799,500,
09:44:59,21.66,200,
09:44:59,21.66,1800,
09:45:03,21.64,100,
09:45:03,21.64,469,
09:45:03,21.64,500,
09:45:03,21.64,269,
09:45:03,21.64,100,
09:45:03,21.64,200,
09:45:03,21.64,100,
09:45:03,21.64,100,
09:45:03,21.63,100,
09:45:03,21.63,100,
09:45:03,21.64,600,
09:45:05,21.64,300,
09:45:06,21.65,100,
09:45:06,21.65,300,
09:45:06,21.6499,900,
09:45:07,21.64,500,
09:45:08,21.6205,2000,
09:45:09,21.621,700,
09:45:10,21.623,1100,
09:45:12,21.6301,500,
09:45:14,21.6301,200,
09:45:16,21.66,900,
09:45:16,21.63,100,
09:45:18,21.641,200,
09:45:24,21.68,100,
09:45:25,21.6799,100,
09:45:26,21.71,100,
09:45:26,21.71,100,
09:45:26,21.72,300,
09:45:26,21.70,200,
09:45:27,21.701,500,
09:45:27,21.73,100,
09:45:27,21.73,100,
09:45:27,21.71,100,
09:45:27,21.71,1000,
09:45:27,21.71,200,
09:45:27,21.709,900,
09:45:28,21.71,6300,
09:45:31,21.6999,400,
09:45:36,21.7186,400,
09:45:38,21.7199,2700,
09:45:39,21.718,1700,
09:45:40,21.72,100,
09:45:40,21.73,300,
09:45:40,21.73,100,
09:45:40,21.73,300,
09:45:40,21.73,1027,
09:45:42,21.7072,1000,
09:45:43,21.70,200,
09:45:44,21.6899,500,
09:45:44,21.69,200,
09:45:44,21.69,600,
09:45:44,21.69,300,
09:45:44,21.69,100,
09:45:44,21.69,100,
09:45:44,21.69,200,
09:45:45,21.6886,500,
09:45:46,21.6999,810,
09:45:48,21.70,200,
09:45:53,21.70,100,
09:45:54,21.7172,300,
09:45:58,21.7199,1000,
09:45:59,21.718,200,
09:45:59,21.718,300,
09:46:00,21.72,200,
09:46:04,21.74,300,
09:46:04,21.74,100,
09:46:04,21.74,200,
09:46:06,21.73,10000,
09:46:09,21.749,1500,
09:46:09,21.7401,200,
09:46:09,21.748,1500,
09:46:14,21.74,600,
09:46:15,21.7396,500,
09:46:16,21.749,900,
09:46:16,21.7399,800,
09:46:16,21.7399,200,
09:46:16,21.74,100,
09:46:16,21.74,200,
09:46:16,21.7399,100,
09:46:16,21.7399,100,
09:46:16,21.74,800,
09:46:16,21.74,100,
09:46:16,21.74,200,
09:46:16,21.74,100,
09:46:21,21.749,1000,
09:46:23,21.77,200,
09:46:24,21.759,1000,
09:46:28,21.78,900,
09:46:28,21.7995,500,
09:46:28,21.81,100,
09:46:28,21.80,100,
09:46:29,21.7815,1000,
09:46:30,21.79,100,
09:46:31,21.799,500,
09:46:31,21.7999,200,
09:46:31,21.8099,200,
09:46:33,21.808,500,
09:46:34,21.822,1000,
09:46:35,21.8399,700,
09:46:36,21.85,3300,
09:46:36,21.839,200,
09:46:36,21.84,150,
09:46:38,21.81,350,
09:46:39,21.80,100,
09:46:39,21.789,1000,
09:46:42,21.798,100,
09:46:42,21.798,100,
09:46:42,21.80,100,
09:46:42,21.80,100,
09:46:42,21.784,2000,
09:46:43,21.80,620,
09:46:44,21.79,100,
09:46:44,21.7999,200,
09:46:45,21.799,5000,
09:46:48,21.81,400,
09:46:49,21.8099,200,
09:46:50,21.7999,1000,
09:46:52,21.79,280,
09:46:53,21.809,300,
09:46:53,21.809,350,
09:46:54,21.809,400,
09:47:03,21.80,100,
09:47:05,21.80,1800,
09:47:05,21.80,100,
09:47:05,21.80,100,
09:47:06,21.8001,200,
09:47:06,21.80,400,
09:47:06,21.7901,200,
09:47:06,21.79,1000,
09:47:07,21.79,100,
09:47:07,21.80,100,
09:47:07,21.7899,100,
09:47:12,21.7915,100,
09:47:14,21.81,600,
09:47:14,21.8072,1000,
09:47:18,21.8075,3400,
09:47:21,21.7998,500,
09:47:33,21.782,1000,
09:47:37,21.78,100,
09:47:37,21.78,100,
09:47:37,21.78,900,
09:47:37,21.79,900,
09:47:37,21.80,500,
09:47:37,21.79,500,
09:47:37,21.80,3100,
09:47:43,21.808,1000,
09:47:48,21.8399,2700,
09:47:51,21.8372,1000,
09:47:53,21.85,300,
09:47:53,21.85,300,
09:47:53,21.84,300,
09:47:53,21.84,400,
09:47:53,21.84,100,
09:47:54,21.839,250,
09:47:56,21.84,300,
09:47:59,21.87,100,
09:48:00,21.88,100,
09:48:01,21.8801,200,
09:48:01,21.8801,200,
09:48:03,21.86,500,
09:48:06,21.867,1400,
09:48:06,21.87,1000,
09:48:09,21.8694,1500,
09:48:09,21.851,100,
09:48:13,21.8699,200,
09:48:15,21.84,200,
09:48:15,21.8399,200,
09:48:15,21.8399,846,
09:48:17,21.85,200,
09:48:26,21.8199,200,
09:48:26,21.83,800,
09:48:26,21.81,200,
09:48:28,21.83,500,
09:48:34,21.83,100,
09:48:36,21.85,400,
09:48:37,21.85,200,
09:48:38,21.8401,1000,
09:48:39,21.85,500,
09:48:39,21.86,100,
09:48:39,21.86,1200,
09:48:40,21.86,100,
09:48:43,21.8472,1000,
09:48:45,21.82,500,
09:48:49,21.83,500,
09:48:51,21.83,100,
09:48:52,21.8472,1000,
09:48:54,21.8472,1000,
09:48:55,21.85,400,
09:48:55,21.85,100,
09:48:56,21.8501,100,
09:49:00,21.851,1000,
09:49:11,21.87,1000,
09:49:14,21.8599,500,
09:49:16,21.89,3000,
09:49:18,21.89,1000,
09:49:20,21.899,300,
09:49:21,21.90,900,
09:49:21,21.898,1100,
09:49:22,21.91,100,
09:49:22,21.9099,269,
09:49:22,21.92,431,
09:49:22,21.91,100,
09:49:23,21.89,100,
09:49:24,21.889,1500,
09:49:27,21.88,100,
09:49:27,21.88,100,
09:49:28,21.87,100,
09:49:28,21.88,200,
09:49:28,21.88,100,
09:49:28,21.87,100,
09:49:31,21.88,200,
09:49:31,21.88,300,
09:49:31,21.88,200,
09:49:31,21.88,200,
09:49:31,21.88,1000,
09:49:31,21.88,200,
09:49:33,21.8699,200,
09:49:36,21.877,1000,
09:49:37,21.88,100,
09:49:41,21.88,300,
09:49:43,21.8899,200,
09:49:43,21.90,300,
09:49:43,21.90,200,
09:49:45,21.86,150,
09:49:45,21.867,1000,
09:49:47,21.90,300,
09:49:47,21.90,100,
09:49:56,21.879,100,
09:49:57,21.871,500,
09:50:00,21.85,300,
09:50:03,21.8606,1000,
09:50:06,21.869,500,
09:50:08,21.8599,100,
09:50:09,21.8599,500,
09:50:09,21.86,100,
09:50:11,21.86,100,
09:50:11,21.86,200,
09:50:13,21.85,100,
09:50:13,21.85,100,
09:50:15,21.85,100,
09:50:16,21.85,100,
09:50:16,21.85,100,
09:50:19,21.84,200,
09:50:22,21.8299,250,
09:50:24,21.8201,1000,
09:50:26,21.85,900,
09:50:26,21.85,200,
09:50:27,21.85,400,
09:50:32,21.81,400,
09:50:39,21.8271,100,
09:50:52,21.7901,200,
09:50:55,21.78,100,
09:50:55,21.78,100,
09:50:55,21.79,100,
09:50:55,21.80,400,
09:50:56,21.79,100,
09:50:56,21.79,900,
09:50:56,21.7901,100,
09:50:56,21.7812,300,
09:50:57,21.78,500,
09:50:58,21.77,800,
09:50:58,21.77,100,
09:50:58,21.77,200,
09:50:58,21.77,500,
09:50:58,21.77,100,
09:50:58,21.77,400,
09:50:58,21.77,400,
09:50:58,21.77,200,
09:51:01,21.752,500,
09:51:03,21.77,900,
09:51:04,21.76,200,
09:51:05,21.74,100,
09:51:05,21.75,200,
09:51:05,21.75,200,
09:51:05,21.751,100,
09:51:07,21.751,2000,
09:51:18,21.78,416,
09:51:24,21.79,100,
09:51:24,21.79,600,
09:51:27,21.80,400,
09:51:27,21.80,1800,
09:51:29,21.81,100,
09:51:29,21.81,200,
09:51:30,21.83,300,
09:51:30,21.83,300,
09:51:30,21.8301,260,
09:51:33,21.85,2400,
09:51:34,21.839,200,
09:51:34,21.84,100,
09:51:34,21.84,200,
09:51:35,21.8371,300,
09:51:38,21.8495,777,
09:51:39,21.8468,200,
09:51:46,21.8399,200,
09:51:55,21.8372,500,
09:51:59,21.8701,1000,
09:52:00,21.88,300,
09:52:02,21.8795,200,
09:52:08,21.89,100,
09:52:08,21.89,100,
09:52:08,21.90,300,
09:52:08,21.90,100,
09:52:08,21.91,300,
09:52:08,21.91,100,
09:52:08,21.91,100,
09:52:08,21.91,200,
09:52:08,21.90,100,
09:52:08,21.90,100,
09:52:08,21.90,100,
09:52:08,21.90,200,
09:52:08,21.90,100,
09:52:08,21.90,400,
09:52:08,21.90,100,
09:52:08,21.91,200,
09:52:08,21.91,100,
09:52:11,21.94,1000,
09:52:12,21.93,800,
09:52:13,21.93,100,
09:52:17,21.9405,1000,
09:52:19,21.97,900,
09:52:19,21.97,269,
09:52:25,21.9601,2400,
09:52:25,21.9571,333,
09:52:27,21.9599,460,
09:52:29,21.9401,1000,
09:52:29,21.9471,200,
09:52:29,21.949,400,
09:52:29,21.94,150,
09:52:31,21.949,1200,
09:52:35,21.94,200,
09:52:36,21.96,100,
09:52:40,21.9799,230,
09:52:41,21.96,900,
09:52:41,21.96,400,
09:52:41,21.96,300,
09:52:42,21.96,100,
09:52:42,21.98,400,
09:52:45,21.9799,200,
09:52:45,21.9799,200,
09:52:47,21.97,100,
09:52:49,21.9899,500,
09:52:52,21.94,200,
09:52:53,21.94,200,
09:52:54,21.9593,300,
09:52:55,21.958,1000,
09:53:00,21.9685,1000,
09:53:01,21.97,400,
09:53:01,21.97,500,
09:53:01,21.97,500,
09:53:01,21.97,100,
09:53:02,21.96,100,
09:53:02,21.97,100,
09:53:02,21.9799,1200,
09:53:03,21.9799,1300,
09:53:04,21.99,100,
09:53:05,21.9775,2000,
09:53:07,21.99,269,
09:53:07,22,2500,
09:53:07,22,2800,
09:53:08,21.9899,200,
09:53:08,21.99,400,
09:53:13,22,100,
09:53:13,22,270,
09:53:14,22.02,100,
09:53:14,22.02,100,
09:53:14,22.03,800,
09:53:16,22.022,400,
09:53:18,22.01,100,
09:53:22,22.03,100,
09:53:22,22.0399,400,
09:53:23,22.03,100,
09:53:26,22.02,100,
09:53:26,22.02,200,
09:53:26,22,394,
09:53:27,22,500,
09:53:31,22,200,
09:53:31,21.9999,100,
09:53:31,21.9928,1700,
09:53:32,21.99,1600,
09:53:34,21.98,252,
09:53:37,21.9928,500,
09:53:42,21.99,200,
09:53:42,21.9999,6900,
09:53:44,21.97,200,
09:53:48,22,2000,
09:53:52,21.986,500,
09:53:58,21.9699,500,
09:53:58,21.9601,900,
09:54:04,21.971,500,
09:54:04,22,100,
09:54:04,22,100,
09:54:04,22,300,
09:54:04,22,100,
09:54:06,21.97,100,
09:54:08,21.9799,100,
09:54:09,21.973,850,
09:54:18,21.95,100,
09:54:18,21.95,300,
09:54:18,21.94,150,
09:54:18,21.95,1000,
09:54:20,21.95,100,
09:54:22,21.95,200,
09:54:22,21.95,100,
09:54:22,21.95,100,
09:54:22,21.95,400,
09:54:24,21.96,3000,
09:54:26,21.95,100,
09:54:27,21.94,500,
09:54:27,21.93,100,
09:54:28,21.94,100,
09:54:28,21.94,100,
09:54:28,21.94,300,
09:54:28,21.94,100,
09:54:28,21.9399,100,
09:54:28,21.94,100,
09:54:28,21.9399,100,
09:54:28,21.9399,200,
09:54:29,21.93,200,
09:54:29,21.93,100,
09:54:29,21.94,100,
09:54:29,21.95,100,
09:54:29,21.9567,500,
09:54:31,21.936,500,
09:54:31,21.959,500,
09:54:32,21.96,200,
09:54:32,21.96,300,
09:54:40,21.97,100,
09:54:40,21.97,400,
09:54:45,21.95,300,
09:54:45,21.95,300,
09:54:45,21.95,900,
09:54:46,21.969,1000,
09:54:47,21.97,100,
09:54:52,21.97,100,
09:54:56,21.97,100,
09:55:00,21.97,100,
09:55:00,21.97,100,
09:55:00,21.97,100,
09:55:03,21.99,200,
09:55:04,21.977,1000,
09:55:04,22,100,
09:55:06,22,100,
09:55:08,22.02,200,
09:55:10,22.04,100,
09:55:10,22.04,200,
09:55:10,22.027,1500,
09:55:10,22.04,200,
09:55:11,22.03,900,
09:55:11,22.02,100,
09:55:13,22.01,1700,
09:55:14,22.019,2000,
09:55:16,22.016,1000,
09:55:20,22.0299,800,
09:55:22,22.023,500,
09:55:27,21.98,300,
09:55:27,21.98,300,
09:55:27,21.98,900,
09:55:27,21.98,300,
09:55:27,21.98,100,
09:55:29,21.99,500,
09:55:30,21.98,200,
09:55:30,21.98,334,
09:55:33,22,100,
09:55:33,21.999,700,
09:55:33,21.999,700,
09:55:35,22,150,
09:55:35,22,300,
09:55:36,22,100,
09:55:36,21.9999,200,
09:55:40,21.98,227,
09:55:41,21.98,100,
09:55:41,21.98,200,
09:55:41,21.98,300,
09:55:41,21.98,200,
09:55:41,21.9799,300,
09:55:47,21.98,700,
09:55:48,21.9501,1000,
09:55:49,21.9501,1000,
09:55:51,21.94,200,
09:55:51,21.94,500,
09:55:51,21.94,100,
09:55:51,21.94,130,
09:55:51,21.94,100,
09:55:51,21.94,300,
09:55:51,21.94,100,
09:55:52,21.9399,1000,
09:55:52,21.94,3600,
09:55:55,21.92,800,
09:55:57,21.94,100,
09:55:58,21.921,500,
09:55:59,21.94,700,
09:56:01,21.93,400,
09:56:03,21.93,100,
09:56:09,21.93,100,
09:56:09,21.9396,300,
09:56:09,21.9301,4300,
09:56:10,21.93,600,
09:56:11,21.939,200,
09:56:12,21.90,100,
09:56:14,21.93,100,
09:56:14,21.93,400,
09:56:15,21.9225,2000,
09:56:15,21.92,400,
09:56:15,21.9251,100,
09:56:17,21.94,600,
09:56:18,21.9215,2000,
09:56:23,21.92,300,
09:56:23,21.92,300,
09:56:23,21.92,300,
09:56:25,21.92,100,
09:56:27,21.9201,500,
09:56:29,21.921,2500,
09:56:31,21.9307,375,
09:56:32,21.92,100,
09:56:44,21.9401,100,
09:56:47,21.94,200,
09:56:47,21.94,1000,
09:56:50,21.93,100,
09:56:50,21.93,293,
09:56:51,21.93,293,
09:56:54,21.92,100,
09:56:54,21.90,100,
09:56:54,21.90,900,
09:56:55,21.91,100,
09:56:55,21.91,100,
09:56:58,21.92,500,
09:56:58,21.92,300,
09:56:59,21.9056,1500,
09:56:59,21.90,200,
09:57:00,21.91,287,
09:57:03,21.91,300,
09:57:05,21.9101,2000,
09:57:14,21.94,200,
09:57:21,21.98,100,
09:57:29,21.9899,100,
09:57:31,21.997,1000,
09:57:36,21.98,1000,
09:57:39,21.9501,1000,
09:57:39,21.9615,3000,
09:57:41,21.956,300,
09:57:42,21.94,400,
09:57:47,21.93,100,
09:57:47,21.93,100,
09:57:47,21.93,100,
09:57:47,21.93,300,
09:57:49,21.93,100,
09:57:49,21.93,438,
09:57:49,21.93,291,
09:57:49,21.94,200,
09:57:50,21.93,335,
09:57:54,21.9372,1000,
09:57:58,21.95,100,
09:57:58,21.93,100,
09:58:01,21.92,167,
09:58:01,21.911,300,
09:58:04,21.914,300,
09:58:05,21.95,171,
09:58:05,21.95,200,
09:58:05,21.95,1400,
09:58:06,21.9407,300,
09:58:12,21.96,226,
09:58:13,21.962,2900,
09:58:16,21.958,2000,
09:58:20,21.99,100,
09:58:20,21.99,100,
09:58:20,21.99,100,
09:58:22,21.96,100,
09:58:23,21.9799,400,
09:58:27,21.95,200,
09:58:28,21.94,100,
09:58:28,21.94,100,
09:58:29,21.92,300,
09:58:29,21.92,300,
09:58:29,21.92,500,
09:58:29,21.92,500,
09:58:29,21.92,570,
09:58:29,21.92,100,
09:58:29,21.93,300,
09:58:29,21.93,300,
09:58:29,21.93,300,
09:58:30,21.90,100,
09:58:30,21.90,100,
09:58:30,21.90,300,
09:58:30,21.90,100,
09:58:30,21.90,300,
09:58:30,21.91,100,
09:58:30,21.91,100,
09:58:32,21.9171,336,
09:58:36,21.89,300,
09:58:36,21.88,100,
09:58:37,21.89,100,
09:58:37,21.89,600,
09:58:41,21.94,200,
09:58:41,21.94,400,
09:58:41,21.94,100,
09:58:41,21.94,300,
09:58:41,21.9399,200,
09:58:41,21.95,1900,
09:58:42,21.94,300,
09:58:50,21.91,100,
09:58:50,21.92,100,
09:58:50,21.94,100,
09:58:50,21.93,827,
09:58:53,21.9115,2500,
09:59:00,21.93,100,
09:59:02,21.95,300,
09:59:04,21.9401,5000,
09:59:10,21.94,100,
09:59:13,21.96,100,
09:59:14,21.96,100,
09:59:15,21.95,100,
09:59:17,21.9428,1000,
09:59:20,21.95,100,
09:59:31,21.9499,200,
09:59:31,21.949,500,
09:59:34,21.9401,1800,
09:59:36,21.91,483,
09:59:36,21.91,283,
09:59:37,21.90,100,
09:59:37,21.90,100,
09:59:40,21.918,300,
09:59:42,21.91,100,
09:59:47,21.9105,500,
09:59:48,21.92,800,
09:59:52,21.901,300,
09:59:52,21.918,300,
09:59:53,21.9295,750,
09:59:56,21.9101,200,
09:59:56,21.9101,100,
09:59:56,21.91,100,
09:59:56,21.91,200,
09:59:59,21.9099,100,
10:00:01,21.93,300,
10:00:09,21.93,100,
10:00:10,21.93,300,
10:00:11,21.93,300,
10:00:13,21.9228,1000,
10:00:18,21.91,400,
10:00:22,21.88,300,
10:00:22,21.88,200,
10:00:22,21.87,100,
10:00:22,21.87,500,
10:00:22,21.87,163,
10:00:22,21.87,900,
10:00:22,21.87,300,
10:00:22,21.87,400,
10:00:22,21.904,434,
10:00:22,21.87,2000,
10:00:22,21.86,300,
10:00:23,21.8605,600,
10:00:26,21.88,1700,
10:00:27,21.88,5000,
10:00:30,21.8701,100,
10:00:30,21.87,100,
10:00:34,21.86,100,
10:00:34,21.85,282,
10:00:34,21.85,100,
10:00:34,21.86,100,
10:00:35,21.86,100,
10:00:35,21.8601,100,
10:00:36,21.87,200,
10:00:39,21.8601,3000,
10:00:39,21.8401,400,
10:00:39,21.84,100,
10:00:39,21.8401,100,
10:00:39,21.84,100,
10:00:39,21.84,400,
10:00:43,21.851,2000,
10:00:47,21.86,1000,
10:00:49,21.8709,800,
10:00:49,21.871,1200,
10:00:49,21.871,1200,
10:00:50,21.871,4400,
10:00:50,21.8701,500,
10:00:51,21.871,200,
10:00:52,21.871,300,
10:01:03,21.851,2900,
10:01:03,21.851,2900,
10:01:04,21.85,100,
10:01:05,21.85,100,
10:01:16,21.8799,2200,
10:01:16,21.85,100,
10:01:16,21.8501,100,
10:01:16,21.85,100,
10:01:16,21.8501,100,
10:01:16,21.85,100,
10:01:23,21.84,300,
10:01:23,21.84,1000,
10:01:24,21.86,100,
10:01:25,21.87,263,
10:01:28,21.89,600,
10:01:34,21.8701,200,
10:01:41,21.8599,800,
10:01:43,21.88,100,
10:01:43,21.856,200,
10:01:47,21.88,200,
10:01:52,21.88,2000,
10:01:57,21.91,374,
10:01:58,21.8899,750,
10:02:12,21.95,100,
10:02:12,21.95,100,
10:02:18,21.99,100,
10:02:18,21.989,400,
10:02:20,21.95,100,
10:02:20,21.94,200,
10:02:20,21.95,200,
10:02:20,21.989,200,
10:02:22,21.959,799,
10:02:23,21.96,100,
10:02:23,21.97,150,
10:02:26,21.98,100,
10:02:27,21.99,500,
10:02:29,21.98,100,
10:02:29,21.97,200,
10:02:33,21.99,200,
10:02:33,21.99,200,
10:02:34,21.9699,1200,
10:02:35,21.97,300,
10:02:36,21.99,1800,
10:02:38,21.9901,200,
10:02:39,21.99,200,
10:02:46,21.9999,200,
10:02:51,22,350,
10:02:53,22,100,
10:02:56,22.01,100,
10:02:57,22.0099,250,
10:02:58,22.01,100,
10:02:58,22.01,1400,
10:03:01,22.0199,250,
10:03:02,22.001,100,
10:03:04,22.01,100,
10:03:05,22.001,300,
10:03:08,22.0099,1000,
10:03:11,22.0099,300,
10:03:11,22.0099,100,
10:03:11,22.02,1200,
10:03:12,22.02,400,
10:03:12,22.02,300,
10:03:13,22,100,
10:03:14,22,200,
10:03:20,22.009,100,
10:03:20,21.9965,100,
10:03:20,21.9999,300,
10:03:20,22.01,300,
10:03:26,21.95,100,
10:03:26,21.94,262,
10:03:27,21.9372,1000,
10:03:30,21.91,100,
10:03:31,21.91,100,
10:03:32,21.95,600,
10:03:34,21.949,100,
10:03:34,21.948,1600,
10:03:40,21.95,200,
10:03:40,21.95,100,
10:03:41,21.97,1100,
10:03:46,21.95,100,
10:03:57,21.96,100,
10:04:02,21.9299,200,
10:04:05,21.93,2000,
10:04:05,21.90,700,
10:04:05,21.90,100,
10:04:05,21.89,400,
10:04:05,21.90,700,
10:04:05,21.89,100,
10:04:05,21.90,100,
10:04:05,21.90,200,
10:04:05,21.93,4000,
10:04:07,21.89,300,
10:04:10,21.91,100,
10:04:10,21.91,300,
10:04:10,21.91,900,
10:04:13,21.885,337,
10:04:15,21.87,400,
10:04:15,21.87,300,
10:04:21,21.88,200,
10:04:23,21.8602,1000,
10:04:26,21.86,200,
10:04:26,21.86,300,
10:04:26,21.86,300,
10:04:26,21.85,300,
10:04:27,21.84,500,
10:04:27,21.84,300,
10:04:27,21.84,100,
10:04:27,21.84,300,
10:04:27,21.84,300,
10:04:27,21.84,100,
10:04:27,21.84,300,
10:04:28,21.83,100,
10:04:28,21.83,800,
10:04:28,21.83,1800,
10:04:30,21.84,300,
10:04:32,21.84,100,
10:04:36,21.82,100,
10:04:37,21.8201,500,
10:04:38,21.81,363,
10:04:38,21.80,1000,
10:04:39,21.8026,7300,
10:04:39,21.80,600,
10:04:39,21.8015,6000,
10:04:40,21.8015,1100,
10:04:40,21.81,300,
10:04:42,21.80,300,
10:04:42,21.8001,200,
10:04:44,21.81,100,
10:04:44,21.82,400,
10:04:44,21.8101,5370,
10:04:45,21.82,400,
10:04:46,21.82,100,
10:04:47,21.81,800,
10:04:47,21.82,400,
10:04:49,21.81,1000,
10:04:49,21.81,336,
10:04:49,21.82,200,
10:04:50,21.82,300,
10:04:53,21.8301,400,
10:04:58,21.83,2800,
10:05:00,21.81,100,
10:05:03,21.80,200,
10:05:04,21.79,100,
10:05:05,21.80,100,
10:05:06,21.79,300,
10:05:06,21.79,300,
10:05:07,21.78,300,
10:05:07,21.78,100,
10:05:07,21.77,200,
10:05:07,21.77,100,
10:05:07,21.77,200,
10:05:07,21.77,300,
10:05:07,21.77,100,
10:05:07,21.77,400,
10:05:07,21.78,200,
10:05:07,21.76,350,
10:05:08,21.7607,200,
10:05:08,21.78,100,
10:05:08,21.78,300,
10:05:08,21.78,400,
10:05:09,21.78,600,
10:05:09,21.78,300,
10:05:09,21.78,200,
10:05:09,21.78,100,
10:05:09,21.78,100,
10:05:09,21.77,600,
10:05:09,21.77,300,
10:05:09,21.77,100,
10:05:09,21.77,100,
10:05:10,21.78,100,
10:05:10,21.78,300,
10:05:10,21.79,700,
10:05:12,21.7801,300,
10:05:12,21.7801,200,
10:05:12,21.77,100,
10:05:12,21.77,100,
10:05:17,21.7701,8100,
10:05:19,21.77,100,
10:05:19,21.76,269,
10:05:20,21.769,500,
10:05:23,21.77,100,
10:05:23,21.77,200,
10:05:23,21.75,200,
10:05:25,21.74,500,
10:05:27,21.73,200,
10:05:27,21.7299,600,
10:05:27,21.73,100,
10:05:28,21.73,100,
10:05:29,21.75,100,
10:05:29,21.7599,1000,
10:05:30,21.74,200,
10:05:30,21.74,300,
10:05:30,21.7401,200,
10:05:30,21.7401,400,
10:05:30,21.7401,1300,
10:05:30,21.74,1000,
10:05:30,21.74,100,
10:05:30,21.74,1300,
10:05:30,21.7401,300,
10:05:30,21.74,300,
10:05:30,21.7401,200,
10:05:30,21.7401,1100,
10:05:30,21.7401,300,
10:05:30,21.7401,200,
10:05:30,21.74,500,
10:05:30,21.7401,400,
10:05:30,21.7401,100,
10:05:30,21.7401,600,
10:05:30,21.74,200,
10:05:31,21.77,100,
10:05:31,21.77,250,
10:05:31,21.77,300,
10:05:32,21.77,500,
10:05:32,21.77,100,
10:05:32,21.76,100,
10:05:32,21.7601,100,
10:05:32,21.76,100,
10:05:32,21.7601,100,
10:05:32,21.7601,100,
10:05:34,21.77,300,
10:05:35,21.76,100,
10:05:35,21.76,100,
10:05:36,21.78,100,
10:05:40,21.79,200,
10:05:40,21.79,200,
10:05:47,21.82,200,
10:05:49,21.84,300,
10:05:51,21.8301,1000,
10:05:58,21.82,800,
10:06:01,21.84,100,
10:06:03,21.84,100,
10:06:05,21.8401,200,
10:06:09,21.85,100,
10:06:12,21.8395,1000,
10:06:14,21.80,400,
10:06:18,21.8005,1000,
10:06:20,21.84,700,
10:06:22,21.859,100,
10:06:23,21.87,700,
10:06:23,21.862,200,
10:06:24,21.87,100,
10:06:24,21.87,400,
10:06:24,21.87,500,
10:06:26,21.85,400,
10:06:26,21.85,100,
10:06:28,21.84,800,
10:06:28,21.84,300,
10:06:28,21.84,200,
10:06:30,21.85,2000,
10:06:30,21.85,300,
10:06:31,21.84,200,
10:06:32,21.841,200,
10:06:34,21.8444,1000,
10:06:38,21.82,100,
10:06:38,21.8274,5000,
10:06:40,21.83,137,
10:06:41,21.85,100,
10:06:42,21.83,400,
10:06:43,21.8102,1000,
10:06:54,21.81,200,
10:06:59,21.823,500,
10:07:06,21.82,400,
10:07:12,21.81,500,
10:07:13,21.80,500,
10:07:13,21.80,300,
10:07:20,21.82,200,
10:07:20,21.81,300,
10:07:21,21.82,1000,
10:07:26,21.80,500,
10:07:29,21.80,1000,
10:07:34,21.79,100,
10:07:36,21.80,300,
10:07:37,21.79,300,
10:07:51,21.79,200,
10:07:54,21.81,111,
10:07:54,21.81,100,
10:07:54,21.81,273,
10:07:54,21.82,200,
10:07:54,21.81,100,
10:07:54,21.82,273,
10:07:57,21.78,100,
10:07:57,21.7809,1000,
10:07:57,21.781,5100,
10:07:57,21.78,500,
10:07:59,21.7805,1000,
10:08:00,21.81,273,
10:08:01,21.809,200,
10:08:02,21.809,2400,
10:08:04,21.7999,2000,
10:08:06,21.80,100,
10:08:06,21.80,400,
10:08:07,21.8001,300,
10:08:13,21.7871,339,
10:08:14,21.78,200,
10:08:15,21.80,600,
10:08:18,21.79,100,
10:08:20,21.789,1000,
10:08:23,21.792,2000,
10:08:37,21.73,1000,
10:08:41,21.75,200,
10:08:41,21.75,900,
10:08:41,21.75,100,
10:08:41,21.75,1000,
10:08:42,21.74,1000,
10:08:42,21.74,300,
10:08:42,21.74,300,
10:08:42,21.74,100,
10:08:43,21.7593,1000,
10:08:45,21.75,2400,
10:08:52,21.74,700,
10:08:54,21.75,300,
10:08:57,21.76,700,
10:09:01,21.77,100,
10:09:01,21.77,1000,
10:09:01,21.77,100,
10:09:01,21.77,100,
10:09:05,21.80,100,
10:09:10,21.82,200,
10:09:11,21.81,800,
10:09:11,21.81,328,
10:09:11,21.81,1800,
10:09:12,21.82,273,
10:09:13,21.81,300,
10:09:14,21.8399,5000,
10:09:17,21.83,1000,
10:09:18,21.82,500,
10:09:19,21.83,180,
10:09:19,21.8347,200,
10:09:24,21.81,100,
10:09:32,21.81,200,
10:09:32,21.81,400,
10:09:37,21.8099,500,
10:09:38,21.82,400,
10:09:39,21.82,273,
10:09:46,21.83,248,
10:09:46,21.83,100,
10:09:46,21.83,100,
10:09:58,21.84,100,
10:10:02,21.82,100,
10:10:02,21.82,200,
10:10:05,21.85,200,
10:10:06,21.85,100,
10:10:13,21.85,300,
10:10:13,21.85,100,
10:10:13,21.85,100,
10:10:14,21.85,300,
10:10:14,21.85,100,
10:10:14,21.86,5400,
10:10:38,21.87,100,
10:10:41,21.8899,1000,
10:10:42,21.88,500,
10:10:50,21.877,1450,
10:10:52,21.88,200,
10:10:52,21.88,100,
10:10:52,21.88,100,
10:10:52,21.88,273,
10:10:52,21.89,100,
10:10:52,21.90,100,
10:10:52,21.91,600,
10:10:52,21.90,274,
10:10:54,21.90,200,
10:10:54,21.8999,500,
10:10:57,21.91,100,
10:10:59,21.92,200,
10:10:59,21.92,113,
10:10:59,21.9199,200,
10:10:59,21.93,1100,
10:11:00,21.8999,1000,
10:11:05,21.8999,1000,
10:11:09,21.90,100,
10:11:09,21.90,300,
10:11:16,21.88,200,
10:11:16,21.88,500,
10:11:17,21.88,500,
10:11:17,21.88,100,
10:11:17,21.89,398,
10:11:17,21.89,500,
10:11:17,21.88,400,
10:11:17,21.88,200,
10:11:17,21.88,400,
10:11:22,21.8772,500,
10:11:23,21.8699,1000,
10:11:38,21.881,5000,
10:11:40,21.88,227,
10:11:40,21.87,100,
10:11:44,21.8272,500,
10:11:44,21.82,100,
10:11:44,21.82,100,
10:11:44,21.82,270,
10:11:51,21.839,1000,
10:11:55,21.83,300,
10:11:55,21.83,100,
10:11:55,21.83,100,
10:11:55,21.8275,4400,
10:11:56,21.82,172,
10:11:59,21.81,800,
10:11:59,21.81,100,
10:12:03,21.829,1000,
10:12:07,21.83,200,
10:12:09,21.80,100,
10:12:13,21.80,124,
10:12:14,21.81,339,
10:12:16,21.82,100,
10:12:20,21.80,100,
10:12:21,21.79,300,
10:12:21,21.79,300,
10:12:23,21.78,500,
10:12:24,21.77,270,
10:12:24,21.77,300,
10:12:25,21.76,270,
10:12:25,21.76,400,
10:12:29,21.7901,100,
10:12:29,21.79,500,
10:12:34,21.7907,100,
10:12:39,21.79,124,
10:12:39,21.7893,200,
10:12:42,21.77,400,
10:12:46,21.79,400,
10:12:46,21.79,100,
10:12:51,21.791,400,
10:12:51,21.791,500,
10:12:53,21.791,1000,
10:12:55,21.81,161,
10:12:55,21.81,200,
10:13:09,21.7829,150,
10:13:14,21.84,100,
10:13:14,21.84,271,
10:13:14,21.84,300,
10:13:14,21.84,300,
10:13:25,21.85,300,
10:13:29,21.849,3500,
10:13:33,21.8213,600,
10:13:34,21.83,400,
10:13:34,21.83,1000,
10:13:34,21.83,836,
10:13:34,21.83,100,
10:13:34,21.83,200,
10:13:34,21.83,100,
10:13:37,21.8389,450,
10:13:40,21.8528,1000,
10:13:42,21.86,100,
10:13:42,21.86,400,
10:13:42,21.86,100,
10:13:42,21.85,100,
10:13:42,21.85,200,
10:13:49,21.86,100,
10:13:50,21.86,1000,
10:13:53,21.859,1000,
10:13:54,21.82,100,
10:13:58,21.84,100,
10:13:58,21.84,100,
10:14:02,21.82,100,
10:14:03,21.83,271,
10:14:10,21.85,200,
10:14:12,21.85,200,
10:14:14,21.832,915,
10:14:17,21.821,500,
10:14:19,21.82,100,
10:14:20,21.82,100,
10:14:26,21.86,200,
10:14:30,21.89,200,
10:14:30,21.89,101,
10:14:33,21.899,600,
10:14:35,21.89,100,
10:14:42,21.8867,800,
10:14:44,21.89,100,
10:14:47,21.89,500,
10:14:51,21.90,200,
10:14:51,21.8999,200,
10:14:51,21.8999,3500,
10:14:55,21.89,300,
10:15:00,21.889,2000,
10:15:01,21.8701,500,
10:15:02,21.89,700,
10:15:04,21.899,300,
10:15:04,21.90,100,
10:15:04,21.90,256,
10:15:05,21.92,200,
10:15:05,21.93,100,
10:15:05,21.899,2900,
10:15:06,21.93,269,
10:15:12,21.9199,200,
10:15:12,21.93,600,
10:15:15,21.929,600,
10:15:15,21.92,200,
10:15:15,21.92,200,
10:15:17,21.94,100,
10:15:17,21.94,700,
10:15:25,21.91,100,
10:15:28,21.94,100,
10:15:28,21.94,1000,
10:15:40,21.91,300,
10:15:51,21.939,250,
10:15:51,21.937,500,
10:15:59,21.95,139,
10:16:00,21.9601,200,
10:16:00,21.9601,300,
10:16:01,21.96,100,
10:16:06,21.9452,1000,
10:16:17,21.9601,3000,
10:16:19,21.96,300,
10:16:32,21.94,100,
10:16:32,21.9401,100,
10:16:32,21.93,1300,
10:16:36,21.9499,1000,
10:16:38,21.9477,500,
10:16:41,21.935,100,
10:16:44,21.93,100,
10:16:44,21.93,200,
10:16:54,21.91,200,
10:16:56,21.90,200,
10:16:56,21.90,200,
10:16:56,21.90,100,
10:17:03,21.90,100,
10:17:03,21.90,300,
10:17:03,21.90,300,
10:17:03,21.90,100,
10:17:03,21.91,300,
10:17:03,21.91,100,
10:17:03,21.91,300,
10:17:03,21.91,300,
10:17:05,21.92,400,
10:17:09,21.91,500,
10:17:18,21.911,500,
10:17:28,21.85,100,
10:17:28,21.86,296,
10:17:28,21.86,500,
10:17:28,21.86,100,
10:17:28,21.86,300,
10:17:29,21.86,600,
10:17:30,21.851,1010,
10:17:31,21.8605,1363,
10:17:32,21.84,200,
10:17:34,21.82,100,
10:17:34,21.82,300,
10:17:39,21.83,200,
10:17:39,21.8301,200,
10:17:40,21.82,100,
10:17:41,21.80,100,
10:17:42,21.80,300,
10:17:42,21.80,200,
10:17:48,21.81,200,
10:17:48,21.8101,300,
10:17:48,21.80,600,
10:17:49,21.79,300,
10:17:50,21.78,1400,
10:17:50,21.78,200,
10:17:51,21.799,1138,
10:17:53,21.79,100,
10:17:53,21.79,300,
10:17:53,21.79,100,
10:17:53,21.78,100,
10:17:53,21.78,100,
10:17:53,21.78,400,
10:17:53,21.78,500,
10:17:53,21.78,100,
10:17:53,21.78,100,
10:17:53,21.78,200,
10:17:53,21.78,100,
10:17:54,21.7701,1000,
10:17:54,21.77,100,
10:17:54,21.77,100,
10:17:54,21.77,100,
10:17:54,21.77,900,
10:17:54,21.77,200,
10:17:54,21.77,200,
10:17:55,21.76,200,
10:17:57,21.7528,500,
10:18:00,21.75,500,
10:18:03,21.761,500,
10:18:06,21.74,5000,
10:18:09,21.74,100,
10:18:09,21.747,100,
10:18:09,21.7407,100,
10:18:09,21.74,100,
10:18:09,21.7407,100,
10:18:09,21.74,100,
10:18:09,21.74,800,
10:18:10,21.76,200,
10:18:12,21.78,200,
10:18:13,21.7705,1000,
10:18:13,21.7795,1000,
10:18:17,21.78,600,
10:18:17,21.78,300,
10:18:18,21.78,100,
10:18:25,21.7671,341,
10:18:35,21.77,1000,
10:18:35,21.77,100,
10:18:35,21.77,400,
10:18:35,21.77,1800,
10:18:37,21.769,600,
10:18:38,21.78,100,
10:18:39,21.769,200,
10:18:40,21.76,900,
10:18:41,21.7499,100,
10:18:42,21.74,100,
10:18:42,21.74,500,
10:18:42,21.74,200,
10:18:50,21.79,700,
10:18:50,21.78,600,
10:18:50,21.78,100,
10:18:50,21.78,200,
10:18:50,21.77,100,
10:18:57,21.761,600,
10:18:57,21.761,600,
10:19:00,21.761,2200,
10:19:08,21.78,700,
10:19:11,21.78,300,
10:19:12,21.781,1000,
10:19:20,21.78,200,
10:19:22,21.77,100,
10:19:22,21.77,100,
10:19:22,21.77,100,
10:19:26,21.79,100,
10:19:27,21.81,200,
10:19:27,21.8199,200,
10:19:27,21.825,300,
10:19:28,21.81,100,
10:19:34,21.79,100,
10:19:34,21.78,264,
10:19:34,21.78,264,
10:19:47,21.79,100,
10:19:52,21.80,100,
10:19:54,21.81,100,
10:19:54,21.81,100,
10:19:54,21.81,700,
10:19:55,21.819,100,
10:19:55,21.819,200,
10:19:57,21.85,100,
10:19:59,21.85,300,
10:19:59,21.85,200,
10:20:00,21.86,257,
10:20:00,21.86,200,
10:20:00,21.86,100,
10:20:00,21.8501,1900,
10:20:01,21.86,100,
10:20:03,21.85,300,
10:20:03,21.86,100,
10:20:07,21.84,400,
10:20:08,21.85,1000,
10:20:08,21.85,100,
10:20:08,21.85,144,
10:20:08,21.85,200,
10:20:09,21.84,100,
10:20:13,21.83,100,
10:20:29,21.82,100,
10:20:38,21.79,900,
10:20:43,21.79,200,
10:20:46,21.78,254,
10:20:47,21.79,100,
10:20:47,21.7901,900,
10:20:48,21.79,200,
10:20:54,21.79,288,
10:20:54,21.79,200,
10:20:56,21.81,100,
10:20:58,21.81,200,
10:20:58,21.81,800,
10:21:20,21.85,100,
10:21:20,21.85,100,
10:21:22,21.87,100,
10:21:23,21.87,1000,
10:21:23,21.87,250,
10:21:30,21.88,700,
10:21:32,21.86,200,
10:21:32,21.86,400,
10:21:36,21.851,3900,
10:21:36,21.86,400,
10:21:36,21.87,100,
10:21:36,21.87,200,
10:21:36,21.87,100,
10:21:38,21.88,200,
10:21:38,21.89,100,
10:21:38,21.9199,300,
10:21:39,21.91,100,
10:21:39,21.91,100,
10:21:40,21.90,400,
10:21:40,21.90,100,
10:21:41,21.89,100,
10:21:43,21.89,200,
10:21:46,21.90,200,
10:21:49,21.88,200,
10:21:51,21.8972,1000,
10:21:56,21.90,100,
10:21:58,21.91,100,
10:21:58,21.9099,100,
10:21:59,21.90,500,
10:22:01,21.902,2000,
10:22:04,21.86,200,
10:22:09,21.85,100,
10:22:14,21.89,100,
10:22:22,21.88,100,
10:22:26,21.87,100,
10:22:28,21.87,240,
10:22:34,21.84,100,
10:22:40,21.89,100,
10:22:43,21.91,200,
10:22:45,21.92,243,
10:22:46,21.91,200,
10:22:47,21.9011,400,
10:22:47,21.9001,3000,
10:22:51,21.92,100,
10:22:55,21.8969,100,
10:22:55,21.899,200,
10:22:56,21.90,100,
10:22:58,21.93,100,
10:22:58,21.93,200,
10:22:58,21.9395,500,
10:23:06,21.93,100,
10:23:08,21.90,200,
10:23:12,21.909,100,
10:23:13,21.909,1300,
10:23:15,21.8999,500,
10:23:19,21.91,100,
10:23:28,21.89,100,
10:23:29,21.88,1100,
10:23:29,21.87,600,
10:23:29,21.87,100,
10:23:29,21.88,100,
10:23:29,21.88,240,
10:23:30,21.8601,400,
10:23:32,21.8402,500,
10:23:34,21.83,213,
10:23:34,21.8399,100,
10:23:40,21.849,200,
10:23:41,21.83,200,
10:23:42,21.82,500,
10:23:46,21.83,100,
10:23:48,21.849,1500,
10:23:54,21.87,100,
10:23:54,21.87,400,
10:23:57,21.87,500,
10:23:57,21.87,100,
10:23:57,21.87,200,
10:24:10,21.89,200,
10:24:11,21.90,100,
10:24:15,21.91,200,
10:24:15,21.91,250,
10:24:15,21.91,400,
10:24:15,21.91,100,
10:24:15,21.91,100,
10:24:15,21.91,200,
10:24:15,21.91,250,
10:24:15,21.91,500,
10:24:18,21.91,169,
10:24:18,21.901,700,
10:24:26,21.88,100,
10:24:26,21.88,200,
10:24:26,21.88,100,
10:24:27,21.8895,200,
10:24:32,21.84,100,
10:24:32,21.84,100,
10:24:32,21.84,200,
10:24:32,21.84,100,
10:24:32,21.84,100,
10:24:32,21.84,900,
10:24:32,21.84,100,
10:24:32,21.84,300,
10:24:32,21.84,200,
10:24:32,21.84,200,
10:24:32,21.85,100,
10:24:32,21.85,300,
10:24:32,21.86,100,
10:24:37,21.84,200,
10:24:37,21.84,119,
10:24:37,21.84,100,
10:24:48,21.86,700,
10:25:00,21.90,200,
10:25:00,21.90,200,
10:25:00,21.90,319,
10:25:00,21.90,250,
10:25:00,21.90,100,
10:25:00,21.90,300,
10:25:00,21.90,100,
10:25:00,21.89,100,
10:25:00,21.89,100,
10:25:07,21.8732,100,
10:25:07,21.88,400,
10:25:07,21.88,200,
10:25:07,21.88,700,
10:25:08,21.89,300,
10:25:09,21.89,100,
10:25:12,21.89,300,
10:25:12,21.89,500,
10:25:13,21.90,200,
10:25:17,21.91,200,
10:25:22,21.888,580,
10:25:25,21.87,100,
10:25:26,21.84,200,
10:25:32,21.83,100,
10:25:32,21.83,100,
10:25:32,21.83,397,
10:25:32,21.83,197,
10:25:32,21.83,200,
10:25:35,21.83,1000,
10:25:36,21.83,100,
10:25:38,21.85,100,
10:25:44,21.83,100,
10:25:44,21.83,1000,
10:25:44,21.8299,500,
10:25:47,21.84,100,
10:25:47,21.83,100,
10:25:51,21.849,400,
10:25:52,21.849,1600,
10:25:54,21.86,100,
10:25:54,21.86,300,
10:26:02,21.84,200,
10:26:02,21.83,200,
10:26:02,21.83,500,
10:26:02,21.83,300,
10:26:02,21.84,100,
10:26:03,21.85,200,
10:26:05,21.85,100,
10:26:09,21.8599,1000,
10:26:09,21.87,100,
10:26:10,21.87,200,
10:26:16,21.87,100,
10:26:17,21.87,100,
10:26:21,21.89,300,
10:26:21,21.89,100,
10:26:21,21.89,300,
10:26:21,21.89,700,
10:26:21,21.89,235,
10:26:21,21.89,200,
10:26:21,21.89,300,
10:26:23,21.90,165,
10:26:23,21.90,100,
10:26:23,21.90,200,
10:26:26,21.91,100,
10:26:30,21.93,200,
10:26:30,21.94,200,
10:26:30,21.94,200,
10:26:30,21.95,170,
10:26:33,21.94,100,
10:26:33,21.94,169,
10:26:33,21.94,169,
10:26:35,21.93,238,
10:26:35,21.93,300,
10:26:35,21.93,488,
10:26:46,21.929,1000,
10:26:48,21.9099,100,
10:26:58,21.889,100,
10:27:02,21.87,300,
10:27:02,21.87,300,
10:27:03,21.86,300,
10:27:03,21.85,100,
10:27:04,21.87,200,
10:27:07,21.85,100,
10:27:07,21.85,100,
10:27:07,21.85,400,
10:27:07,21.85,400,
10:27:13,21.89,100,
10:27:13,21.90,100,
10:27:13,21.89,200,
10:27:14,21.88,100,
10:27:19,21.883,550,
10:27:24,21.92,100,
10:27:24,21.92,100,
10:27:33,21.89,100,
10:27:42,21.85,100,
10:27:48,21.8199,200,
10:27:49,21.81,300,
10:27:49,21.81,200,
10:27:49,21.81,238,
10:27:50,21.81,100,
10:27:50,21.8105,500,
10:27:56,21.83,100,
10:27:59,21.81,200,
10:27:59,21.81,900,
10:27:59,21.81,300,
10:27:59,21.81,100,
10:27:59,21.81,200,
10:27:59,21.81,488,
10:28:00,21.80,100,
10:28:00,21.80,100,
10:28:00,21.80,500,
10:28:06,21.7801,300,
10:28:06,21.79,300,
10:28:06,21.79,100,
10:28:06,21.79,200,
10:28:06,21.79,200,
10:28:07,21.79,300,
10:28:08,21.82,200,
10:28:14,21.83,100,
10:28:14,21.83,1000,
10:28:17,21.82,617,
10:28:17,21.83,400,
10:28:29,21.80,100,
10:28:29,21.80,1000,
10:28:29,21.81,200,
10:28:35,21.8205,500,
10:28:35,21.82,1000,
10:28:35,21.81,400,
10:28:35,21.81,100,
10:28:36,21.81,100,
10:28:46,21.824,300,
10:28:51,21.8045,300,
10:29:01,21.80,100,
10:29:01,21.79,500,
10:29:01,21.79,100,
10:29:01,21.79,100,
10:29:01,21.79,200,
10:29:01,21.79,200,
10:29:01,21.79,300,
10:29:02,21.80,100,
10:29:04,21.79,1928,
10:29:04,21.78,100,
10:29:04,21.78,300,
10:29:04,21.78,200,
10:29:05,21.77,200,
10:29:05,21.79,300,
10:29:07,21.761,500,
10:29:10,21.7514,1000,
10:29:11,21.75,100,
10:29:12,21.76,300,
10:29:16,21.75,1300,
10:29:16,21.75,100,
10:29:16,21.75,250,
10:29:16,21.75,500,
10:29:16,21.74,100,
10:29:16,21.74,400,
10:29:16,21.74,400,
10:29:20,21.75,100,
10:29:22,21.739,150,
10:29:22,21.75,200,
10:29:22,21.75,159,
10:29:22,21.75,400,
10:29:23,21.7407,100,
10:29:24,21.7501,200,
10:29:24,21.74,700,
10:29:24,21.75,200,
10:29:24,21.75,100,
10:29:24,21.75,100,
10:29:37,21.73,100,
10:29:37,21.73,500,
10:29:37,21.73,300,
10:29:37,21.73,100,
10:29:38,21.72,200,
10:29:38,21.72,295,
10:29:38,21.72,195,
10:29:38,21.72,205,
10:29:38,21.72,300,
10:29:38,21.72,200,
10:29:38,21.72,1000,
10:29:38,21.72,700,
10:29:39,21.71,500,
10:29:39,21.71,500,
10:29:39,21.70,774,
10:29:39,21.70,300,
10:29:39,21.71,200,
10:29:39,21.71,1000,
10:29:39,21.71,200,
10:29:39,21.71,400,
10:29:40,21.72,2100,
10:29:40,21.70,1000,
10:29:40,21.70,100,
10:29:40,21.70,100,
10:29:40,21.70,200,
10:29:40,21.70,726,
10:29:40,21.69,900,
10:29:40,21.6901,500,
10:29:42,21.71,200,
10:29:42,21.70,100,
10:29:43,21.72,300,
10:29:43,21.69,500,
10:29:49,21.72,200,
10:29:49,21.721,700,
10:29:50,21.7007,214,
10:29:50,21.72,300,
10:29:51,21.71,100,
10:29:51,21.71,100,
10:29:51,21.72,1000,
10:29:51,21.72,200,
10:29:51,21.72,200,
10:29:52,21.7112,300,
10:29:52,21.71,300,
10:29:52,21.712,1600,
10:29:54,21.71,300,
10:29:56,21.70,200,
10:29:56,21.70,100,
10:29:56,21.70,300,
10:29:57,21.69,275,
10:29:58,21.71,2290,
10:29:59,21.6901,300,
10:29:59,21.69,100,
10:29:59,21.6915,3000,
10:30:03,21.70,500,
10:30:06,21.70,250,
10:30:06,21.70,200,
10:30:07,21.70,100,
10:30:10,21.70,250,
10:30:15,21.69,100,
10:30:15,21.69,200,
10:30:15,21.68,400,
10:30:15,21.68,400,
10:30:15,21.68,200,
10:30:15,21.68,400,
10:30:15,21.68,300,
10:30:15,21.68,200,
10:30:15,21.67,400,
10:30:15,21.68,100,
10:30:15,21.68,200,
10:30:15,21.68,400,
10:30:15,21.68,142,
10:30:15,21.68,200,
10:30:15,21.68,100,
10:30:16,21.6799,200,
10:30:17,21.67,200,
10:30:17,21.67,200,
10:30:17,21.67,100,
10:30:17,21.67,100,
10:30:17,21.67,200,
10:30:19,21.678,2000,
10:30:19,21.67,100,
10:30:19,21.67,300,
10:30:20,21.66,200,
10:30:20,21.65,300,
10:30:22,21.65,300,
10:30:22,21.66,100,
10:30:23,21.66,200,
10:30:27,21.66,100,
10:30:27,21.66,100,
10:30:28,21.66,100,
10:30:29,21.67,200,
10:30:29,21.68,700,
10:30:29,21.67,100,
10:30:29,21.67,100,
10:30:30,21.67,100,
10:30:30,21.66,100,
10:30:30,21.66,300,
10:30:30,21.66,200,
10:30:30,21.66,900,
10:30:30,21.66,100,
10:30:30,21.66,100,
10:30:30,21.66,400,
10:30:30,21.66,400,
10:30:30,21.66,200,
10:30:30,21.6601,400,
10:30:30,21.6601,200,
10:30:31,21.65,1000,
10:30:36,21.67,100,
10:30:36,21.6699,300,
10:30:36,21.6699,100,
10:30:36,21.68,2200,
10:30:42,21.67,200,
10:30:42,21.67,300,
10:30:42,21.67,200,
10:30:42,21.67,1800,
10:30:42,21.67,100,
10:30:42,21.67,300,
10:30:46,21.6601,1150,
10:30:47,21.66,450,
10:30:52,21.66,1000,
10:30:52,21.66,100,
10:31:08,21.6696,1000,
10:31:08,21.67,200,
10:31:09,21.67,200,
10:31:15,21.67,300,
10:31:15,21.67,200,
10:31:15,21.67,100,
10:31:15,21.67,100,
10:31:16,21.67,1000,
10:31:16,21.66,300,
10:31:16,21.66,100,
10:31:16,21.66,300,
10:31:16,21.65,100,
10:31:20,21.66,700,
10:31:20,21.66,300,
10:31:20,21.66,200,
10:31:20,21.66,200,
10:31:20,21.66,400,
10:31:20,21.66,100,
10:31:23,21.6593,200,
10:31:24,21.66,200,
10:31:28,21.68,200,
10:31:29,21.68,100,
10:31:32,21.67,100,
10:31:32,21.67,200,
10:31:32,21.67,300,
10:31:32,21.67,100,
10:31:32,21.66,400,
10:31:32,21.66,100,
10:31:32,21.66,200,
10:31:32,21.68,100,
10:31:34,21.66,500,
10:31:38,21.65,100,
10:31:38,21.65,1000,
10:31:38,21.65,100,
10:31:38,21.65,400,
10:31:39,21.63,100,
10:31:41,21.63,100,
10:31:42,21.6301,200,
10:31:42,21.63,200,
10:31:42,21.63,424,
10:31:42,21.6225,4000,
10:31:43,21.63,200,
10:31:46,21.637,500,
10:31:53,21.6229,100,
10:31:55,21.64,100,
10:31:55,21.64,800,
10:31:55,21.64,900,
10:31:55,21.64,100,
10:31:55,21.64,100,
10:31:55,21.64,200,
10:31:55,21.64,600,
10:31:58,21.6428,1200,
10:32:00,21.65,100,
10:32:01,21.65,200,
10:32:03,21.64,100,
10:32:05,21.65,1000,
10:32:05,21.65,800,
10:32:05,21.65,300,
10:32:05,21.65,100,
10:32:05,21.65,200,
10:32:05,21.65,200,
10:32:08,21.64,209,
10:32:08,21.64,200,
10:32:09,21.64,100,
10:32:09,21.64,200,
10:32:09,21.64,200,
10:32:10,21.642,1000,
10:32:12,21.64,300,
10:32:12,21.64,100,
10:32:19,21.64,100,
10:32:20,21.63,100,
10:32:20,21.6301,500,
10:32:22,21.64,100,
10:32:26,21.64,600,
10:32:26,21.64,200,
10:32:28,21.6399,2000,
10:32:29,21.62,100,
10:32:29,21.62,200,
10:32:31,21.60,250,
10:32:31,21.61,179,
10:32:31,21.60,500,
10:32:31,21.61,200,
10:32:31,21.60,300,
10:32:31,21.60,200,
10:32:32,21.60,450,
10:32:32,21.61,140,
10:32:32,21.5801,100,
10:32:32,21.59,255,
10:32:33,21.5807,135,
10:32:34,21.58,100,
10:32:34,21.57,100,
10:32:34,21.57,100,
10:32:34,21.57,254,
10:32:34,21.58,300,
10:32:34,21.57,300,
10:32:34,21.575,580,
10:32:34,21.575,320,
10:32:35,21.57,300,
10:32:36,21.5801,300,
10:32:36,21.5801,200,
10:32:37,21.581,925,
10:32:40,21.59,100,
10:32:40,21.59,300,
10:32:40,21.59,1000,
10:32:45,21.58,269,
10:32:49,21.57,1000,
10:32:52,21.55,100,
10:32:52,21.55,100,
10:32:52,21.54,734,
10:32:53,21.55,900,
10:32:53,21.55,100,
10:32:53,21.5499,300,
10:32:53,21.54,200,
10:32:55,21.546,1000,
10:32:56,21.54,100,
10:32:57,21.5401,5000,
10:32:58,21.53,395,
10:32:59,21.54,200,
10:32:59,21.55,200,
10:33:00,21.55,200,
10:33:00,21.55,100,
10:33:05,21.549,1000,
10:33:09,21.5299,100,
10:33:10,21.53,600,
10:33:13,21.53,200,
10:33:16,21.50,4000,
10:33:17,21.5001,200,
10:33:18,21.52,100,
10:33:19,21.51,100,
10:33:19,21.51,200,
10:33:20,21.51,300,
10:33:21,21.51,100,
10:33:21,21.51,125,
10:33:21,21.5259,300,
10:33:23,21.5101,200,
10:33:28,21.50,550,
10:33:28,21.501,550,
10:33:28,21.50,100,
10:33:29,21.501,350,
10:33:34,21.5172,1000,
10:33:34,21.49,100,
10:33:34,21.49,100,
10:33:34,21.51,100,
10:33:34,21.51,1000,
10:33:34,21.50,300,
10:33:34,21.50,200,
10:33:34,21.50,269,
10:33:34,21.50,900,
10:33:34,21.50,200,
10:33:34,21.49,268,
10:33:34,21.49,300,
10:33:34,21.49,200,
10:33:34,21.49,900,
10:33:34,21.49,400,
10:33:34,21.47,300,
10:33:34,21.47,200,
10:33:34,21.47,600,
10:33:34,21.48,300,
10:33:34,21.48,200,
10:33:34,21.48,100,
10:33:34,21.48,500,
10:33:34,21.47,200,
10:33:34,21.47,300,
10:33:34,21.47,100,
10:33:35,21.47,200,
10:33:35,21.47,200,
10:33:35,21.4701,100,
10:33:35,21.4701,200,
10:33:35,21.47,800,
10:33:35,21.47,200,
10:33:35,21.48,117,
10:33:35,21.48,100,
10:33:35,21.48,100,
10:33:35,21.49,117,
10:33:35,21.49,200,
10:33:35,21.50,300,
10:33:35,21.50,200,
10:33:35,21.51,200,
10:33:35,21.50,300,
10:33:36,21.4956,500,
10:33:37,21.50,200,
10:33:38,21.4901,100,
10:33:38,21.48,800,
10:33:40,21.49,100,
10:33:40,21.49,200,
10:33:40,21.4901,200,
10:33:40,21.49,200,
10:33:40,21.49,200,
10:33:40,21.49,100,
10:33:40,21.4901,100,
10:33:40,21.49,300,
10:33:41,21.4925,2500,
10:33:43,21.50,100,
10:33:46,21.4994,1000,
10:33:51,21.50,300,
10:33:55,21.48,200,
10:33:55,21.48,1000,
10:33:58,21.49,243,
10:33:58,21.49,200,
10:33:58,21.49,300,
10:33:58,21.49,1000,
10:33:58,21.48,200,
10:33:58,21.48,217,
10:33:58,21.48,183,
10:34:00,21.48,300,
10:34:01,21.46,100,
10:34:02,21.46,100,
10:34:02,21.46,100,
10:34:03,21.4701,2000,
10:34:05,21.45,125,
10:34:07,21.4601,100,
10:34:08,21.47,100,
10:34:12,21.47,800,
10:34:13,21.465,800,
10:34:13,21.47,200,
10:34:13,21.4695,400,
10:34:15,21.4701,160,
10:34:15,21.47,160,
10:34:15,21.4701,100,
10:34:15,21.47,100,
10:34:16,21.47,200,
10:34:16,21.47,1000,
10:34:18,21.47,100,
10:34:18,21.47,400,
10:34:18,21.47,100,
10:34:20,21.469,200,
10:34:22,21.48,400,
10:34:23,21.48,100,
10:34:25,21.49,14000,
10:34:28,21.48,1000,
10:34:29,21.48,100,
10:34:29,21.48,500,
10:34:29,21.49,500,
10:34:29,21.49,2000,
10:34:29,21.49,300,
10:34:29,21.49,300,
10:34:29,21.49,1000,
10:34:29,21.48,200,
10:34:29,21.49,239,
10:34:29,21.49,1000,
10:34:29,21.49,100,
10:34:29,21.49,1800,
10:34:29,21.49,900,
10:34:29,21.49,200,
10:34:29,21.49,200,
10:34:29,21.49,100,
10:34:29,21.49,300,
10:34:29,21.49,200,
10:34:29,21.49,200,
10:34:30,21.49,1200,
10:34:30,21.49,1000,
10:34:30,21.49,2000,
10:34:31,21.499,900,
10:34:33,21.48,300,
10:34:34,21.49,100,
10:34:40,21.508,150,
10:34:40,21.508,1200,
10:34:41,21.51,100,
10:34:41,21.51,100,
10:34:43,21.50,100,
10:34:43,21.50,100,
10:34:43,21.49,300,
10:34:43,21.49,900,
10:34:43,21.49,100,
10:34:44,21.50,1000,
10:34:49,21.5101,2500,
10:34:51,21.5199,921,
10:34:52,21.51,800,
10:34:52,21.51,100,
10:34:53,21.519,2500,
10:34:58,21.5101,100,
10:34:58,21.5101,100,
10:34:58,21.5101,100,
10:35:00,21.52,200,
10:35:04,21.5199,500,
10:35:12,21.50,100,
10:35:13,21.504,500,
10:35:14,21.5085,5000,
10:35:14,21.50,100,
10:35:19,21.50,6700,
10:35:19,21.50,200,
10:35:23,21.5095,500,
10:35:28,21.51,900,
10:35:30,21.5029,100,
10:35:37,21.504,100,
10:35:41,21.502,2246,
10:35:42,21.50,200,
10:35:42,21.50,561,
10:35:43,21.4899,200,
10:35:44,21.49,100,
10:35:44,21.50,100,
10:35:44,21.50,500,
10:35:44,21.50,500,
10:35:44,21.50,200,
10:35:44,21.50,1500,
10:35:47,21.49,1000,
10:35:47,21.49,200,
10:35:47,21.49,1000,
10:35:47,21.49,1000,
10:35:47,21.49,100,
10:35:47,21.49,200,
10:35:47,21.49,200,
10:35:47,21.49,100,
10:35:47,21.49,200,
10:35:47,21.49,200,
10:35:47,21.49,2800,
10:35:47,21.49,1900,
10:35:47,21.49,400,
10:35:47,21.49,2400,
10:35:47,21.49,600,
10:35:47,21.49,1200,
10:35:47,21.49,1700,
10:35:47,21.49,1300,
10:35:47,21.49,500,
10:35:47,21.49,400,
10:35:47,21.49,1200,
10:35:47,21.49,200,
10:35:47,21.49,1200,
10:35:47,21.49,29597,
10:35:47,21.49,300,
10:35:47,21.50,222,
10:35:47,21.49,200,
10:35:47,21.50,200,
10:35:47,21.50,400,
10:35:47,21.50,200,
10:35:47,21.50,100,
10:35:47,21.50,100,
10:35:47,21.50,200,
10:35:47,21.50,500,
10:35:48,21.50,100,
10:35:48,21.50,300,
10:35:48,21.50,300,
10:35:48,21.50,300,
10:35:48,21.49,800,
10:35:48,21.49,200,
10:35:48,21.49,200,
10:35:49,21.49,100,
10:35:49,21.486,200,
10:35:50,21.49,200,
10:35:55,21.4901,200,
10:36:00,21.48,1000,
10:36:00,21.48,300,
10:36:00,21.48,100,
10:36:05,21.50,200,
10:36:05,21.50,100,
10:36:05,21.50,300,
10:36:05,21.50,300,
10:36:07,21.50,500,
10:36:07,21.49,500,
10:36:07,21.50,100,
10:36:09,21.49,269,
10:36:13,21.49,100,
10:36:14,21.4807,200,
10:36:14,21.49,178,
10:36:18,21.48,200,
10:36:19,21.48,100,
10:36:19,21.48,1000,
10:36:19,21.48,300,
10:36:19,21.49,100,
10:36:20,21.49,300,
10:36:20,21.49,800,
10:36:22,21.48,300,
10:36:22,21.48,100,
10:36:22,21.48,200,
10:36:25,21.49,200,
10:36:26,21.48,200,
10:36:28,21.4805,1000,
10:36:31,21.48,600,
10:36:31,21.48,300,
10:36:31,21.4772,870,
10:36:34,21.4701,500,
10:36:37,21.48,100,
10:36:37,21.48,400,
10:36:38,21.47,300,
10:36:46,21.4699,500,
10:36:47,21.4605,1000,
10:36:48,21.47,800,
10:36:49,21.467,500,
10:36:51,21.47,1000,
10:36:51,21.45,300,
10:36:52,21.44,200,
10:36:54,21.4598,280,
10:36:56,21.44,415,
10:36:56,21.44,720,
10:36:57,21.43,100,
10:36:57,21.4301,300,
10:36:57,21.43,100,
10:36:58,21.44,100,
10:36:59,21.44,500,
10:37:01,21.42,300,
10:37:03,21.42,200,
10:37:04,21.4107,100,
10:37:08,21.43,5000,
10:37:08,21.43,104,
10:37:08,21.43,200,
10:37:10,21.4301,500,
10:37:12,21.4201,1000,
10:37:20,21.421,1000,
10:37:23,21.424,1000,
10:37:25,21.44,100,
10:37:25,21.44,1000,
10:37:25,21.44,200,
10:37:26,21.4499,2500,
10:37:26,21.44,200,
10:37:27,21.44,200,
10:37:27,21.45,200,
10:37:27,21.45,100,
10:37:27,21.45,1600,
10:37:27,21.45,400,
10:37:27,21.45,100,
10:37:27,21.45,100,
10:37:27,21.45,100,
10:37:27,21.4501,200,
10:37:32,21.46,200,
10:37:32,21.4599,300,
10:37:32,21.4599,200,
10:37:32,21.4599,500,
10:37:34,21.46,200,
10:37:34,21.46,400,
10:37:34,21.46,100,
10:37:36,21.47,400,
10:37:36,21.47,300,
10:37:37,21.47,300,
10:37:39,21.4701,4950,
10:37:40,21.47,200,
10:37:40,21.47,200,
10:37:40,21.47,500,
10:37:40,21.47,200,
10:37:40,21.47,100,
10:37:40,21.47,300,
10:37:40,21.47,100,
10:37:42,21.47,100,
10:37:42,21.47,100,
10:37:46,21.49,200,
10:37:46,21.49,200,
10:37:46,21.49,800,
10:37:47,21.50,100,
10:37:47,21.4999,100,
10:37:47,21.50,100,
10:37:48,21.50,800,
10:37:48,21.50,100,
10:37:48,21.50,200,
10:37:48,21.49,200,
10:37:48,21.48,100,
10:37:51,21.50,300,
10:37:51,21.50,500,
10:37:51,21.50,200,
10:37:52,21.50,100,
10:37:56,21.48,100,
10:37:57,21.49,100,
10:37:57,21.49,300,
10:37:57,21.49,425,
10:37:59,21.489,800,
10:38:01,21.4899,100,
10:38:01,21.49,100,
10:38:01,21.49,500,
10:38:06,21.4901,200,
10:38:09,21.4899,100,
10:38:09,21.49,100,
10:38:09,21.49,100,
10:38:10,21.49,350,
10:38:14,21.4899,700,
10:38:17,21.4828,500,
10:38:18,21.49,500,
10:38:23,21.4895,500,
10:38:24,21.489,300,
10:38:26,21.489,300,
10:38:29,21.48,267,
10:38:31,21.49,100,
10:38:33,21.4899,200,
10:38:33,21.49,600,
10:38:34,21.49,100,
10:38:34,21.49,100,
10:38:35,21.489,1100,
10:38:36,21.49,200,
10:38:36,21.4899,100,
10:38:46,21.50,100,
10:38:46,21.50,100,
10:38:47,21.50,300,
10:38:47,21.50,100,
10:38:47,21.50,100,
10:38:47,21.50,200,
10:38:47,21.50,100,
10:38:47,21.50,300,
10:38:51,21.52,1000,
10:38:53,21.519,750,
10:38:55,21.52,200,
10:38:55,21.52,100,
10:38:55,21.54,100,
10:38:56,21.51,100,
10:38:56,21.52,200,
10:38:56,21.52,100,
10:38:56,21.52,100,
10:38:56,21.52,200,
10:38:56,21.52,200,
10:38:56,21.52,200,
10:38:56,21.51,300,
10:38:56,21.51,200,
10:38:56,21.52,700,
10:38:56,21.52,300,
10:38:56,21.52,100,
10:38:56,21.52,200,
10:38:57,21.53,200,
10:38:57,21.53,200,
10:38:57,21.53,200,
10:38:57,21.53,200,
10:38:58,21.52,300,
10:38:58,21.52,200,
10:38:58,21.527,500,
10:39:01,21.52,200,
10:39:02,21.52,107,
10:39:02,21.52,300,
10:39:03,21.539,200,
10:39:07,21.53,103,
10:39:11,21.539,1000,
10:39:11,21.54,400,
10:39:11,21.54,800,
10:39:11,21.54,100,
10:39:11,21.55,200,
10:39:11,21.56,200,
10:39:13,21.56,100,
10:39:13,21.56,1000,
10:39:15,21.55,100,
10:39:15,21.55,300,
10:39:15,21.55,900,
10:39:15,21.55,200,
10:39:15,21.55,300,
10:39:16,21.55,300,
10:39:16,21.5599,100,
10:39:16,21.5599,100,
10:39:16,21.56,100,
10:39:16,21.55,200,
10:39:22,21.5405,1000,
10:39:29,21.55,400,
10:39:29,21.55,100,
10:39:31,21.5572,500,
10:39:33,21.5498,100,
10:39:33,21.549,200,
10:39:34,21.5491,200,
10:39:34,21.549,300,
10:39:35,21.549,200,
10:39:35,21.5499,100,
10:39:35,21.55,100,
10:39:35,21.5499,100,
10:39:35,21.55,100,
10:39:35,21.5499,100,
10:39:35,21.55,100,
10:39:37,21.5499,800,
10:39:37,21.5499,600,
10:39:37,21.55,600,
10:39:37,21.5499,1200,
10:39:37,21.5499,1000,
10:39:37,21.55,1200,
10:39:39,21.5501,700,
10:39:44,21.54,310,
10:39:48,21.5353,100,
10:40:01,21.55,100,
10:40:01,21.5499,100,
10:40:01,21.5499,100,
10:40:01,21.55,100,
10:40:01,21.55,100,
10:40:01,21.55,100,
10:40:01,21.55,300,
10:40:01,21.55,400,
10:40:01,21.5499,400,
10:40:01,21.55,300,
10:40:01,21.55,100,
10:40:01,21.5499,100,
10:40:01,21.54,200,
10:40:03,21.539,500,
10:40:08,21.53,100,
10:40:10,21.53,100,
10:40:13,21.52,200,
10:40:14,21.53,500,
10:40:15,21.52,100,
10:40:15,21.52,262,
10:40:18,21.5101,500,
10:40:35,21.52,259,
10:40:39,21.53,6000,
10:40:43,21.5201,100,
10:41:01,21.50,100,
10:41:02,21.50,100,
10:41:03,21.50,148,
10:41:03,21.50,258,
10:41:10,21.51,200,
10:41:13,21.50,200,
10:41:13,21.50,400,
10:41:13,21.50,700,
10:41:13,21.50,200,
10:41:13,21.5001,200,
10:41:13,21.50,100,
10:41:14,21.50,200,
10:41:23,21.50,100,
10:41:25,21.50,200,
10:41:29,21.499,200,
10:41:32,21.50,100,
10:41:32,21.51,400,
10:41:33,21.50,100,
10:41:33,21.50,800,
10:41:33,21.50,100,
10:41:33,21.50,160,
10:41:33,21.50,200,
10:41:33,21.50,100,
10:41:34,21.50,300,
10:41:34,21.50,100,
10:41:34,21.50,100,
10:41:35,21.49,1200,
10:41:35,21.49,500,
10:41:35,21.49,200,
10:41:35,21.49,200,
10:41:35,21.48,100,
10:41:35,21.48,100,
10:41:35,21.49,1200,
10:41:35,21.48,100,
10:41:35,21.48,700,
10:41:35,21.48,292,
10:41:35,21.48,400,
10:41:35,21.48,400,
10:41:36,21.47,300,
10:41:36,21.47,200,
10:41:36,21.47,300,
10:41:38,21.47,200,
10:41:38,21.49,600,
10:41:40,21.47,900,
10:41:40,21.47,100,
10:41:44,21.46,200,
10:41:45,21.45,100,
10:41:45,21.44,100,
10:41:45,21.44,900,
10:41:45,21.44,200,
10:41:45,21.44,100,
10:41:45,21.45,100,
10:41:45,21.45,241,
10:41:45,21.45,159,
10:41:47,21.4499,1700,
10:41:48,21.45,500,
10:41:49,21.421,100,
10:41:50,21.42,1200,
10:41:51,21.42,100,
10:41:53,21.42,200,
10:41:53,21.42,300,
10:41:59,21.43,100,
10:41:59,21.43,500,
10:42:00,21.43,100,
10:42:00,21.43,100,
10:42:00,21.43,100,
10:42:00,21.4299,100,
10:42:00,21.43,100,
10:42:00,21.4299,200,
10:42:00,21.43,200,
10:42:00,21.43,200,
10:42:00,21.43,100,
10:42:00,21.4299,200,
10:42:00,21.43,100,
10:42:00,21.4299,100,
10:42:00,21.4299,120,
10:42:03,21.43,1000,
10:42:03,21.43,100,
10:42:03,21.43,258,
10:42:03,21.43,1000,
10:42:03,21.43,200,
10:42:03,21.43,261,
10:42:03,21.43,900,
10:42:04,21.43,300,
10:42:04,21.43,200,
10:42:06,21.42,100,
10:42:06,21.42,200,
10:42:06,21.4201,300,
10:42:06,21.42,300,
10:42:06,21.4201,300,
10:42:06,21.42,300,
10:42:07,21.42,100,
10:42:07,21.42,100,
10:42:07,21.42,261,
10:42:11,21.42,100,
10:42:11,21.42,100,
10:42:13,21.43,200,
10:42:13,21.4299,1000,
10:42:14,21.429,200,
10:42:14,21.429,200,
10:42:15,21.429,200,
10:42:20,21.45,200,
10:42:20,21.45,100,
10:42:20,21.45,200,
10:42:21,21.45,200,
10:42:24,21.48,200,
10:42:25,21.4899,400,
10:42:37,21.49,100,
10:42:37,21.49,1000,
10:42:37,21.49,200,
10:42:44,21.47,200,
10:42:47,21.46,100,
10:42:47,21.458,200,
10:42:50,21.451,3000,
10:42:55,21.4401,200,
10:42:59,21.45,100,
10:42:59,21.45,100,
10:42:59,21.45,100,
10:42:59,21.45,200,
10:42:59,21.45,200,
10:43:09,21.452,100,
10:43:16,21.46,100,
10:43:16,21.46,900,
10:43:18,21.451,200,
10:43:22,21.47,200,
10:43:24,21.48,300,
10:43:24,21.48,100,
10:43:24,21.48,400,
10:43:30,21.47,200,
10:43:35,21.463,500,
10:43:44,21.46,100,
10:43:44,21.46,400,
10:43:44,21.46,200,
10:43:45,21.462,100,
10:43:45,21.47,200,
10:43:50,21.50,100,
10:43:51,21.50,100,
10:43:51,21.51,400,
10:43:51,21.51,400,
10:43:51,21.51,400,
10:43:51,21.51,200,
10:43:51,21.51,100,
10:43:53,21.51,100,
10:43:54,21.518,100,
10:43:54,21.518,200,
10:43:54,21.51,400,
10:43:54,21.51,200,
10:43:54,21.5101,3500,
10:44:00,21.52,300,
10:44:03,21.53,300,
10:44:03,21.53,248,
10:44:03,21.53,200,
10:44:03,21.529,1000,
10:44:05,21.52,100,
10:44:05,21.51,200,
10:44:05,21.50,100,
10:44:05,21.50,500,
10:44:05,21.50,500,
10:44:19,21.47,200,
10:44:19,21.47,100,
10:44:19,21.47,103,
10:44:19,21.48,100,
10:44:26,21.4699,600,
10:44:27,21.47,200,
10:44:27,21.47,147,
10:44:27,21.47,200,
10:44:29,21.49,243,
10:44:39,21.51,400,
10:44:39,21.51,100,
10:44:39,21.51,100,
10:44:39,21.51,200,
10:44:40,21.52,200,
10:44:41,21.51,900,
10:44:47,21.52,200,
10:44:47,21.5186,500,
10:44:50,21.5199,1000,
10:44:56,21.5399,1200,
10:44:59,21.539,500,
10:45:01,21.53,100,
10:45:01,21.53,1750,
10:45:02,21.5199,700,
10:45:02,21.53,7449,
10:45:08,21.53,100,
10:45:10,21.5295,1000,
10:45:17,21.53,200,
10:45:21,21.54,100,
10:45:21,21.5399,100,
10:45:21,21.54,100,
10:45:21,21.5399,100,
10:45:21,21.5399,100,
10:45:24,21.54,100,
10:45:24,21.538,100,
10:45:24,21.538,100,
10:45:24,21.538,100,
10:45:24,21.54,100,
10:45:24,21.54,500,
10:45:31,21.53,300,
10:45:32,21.53,300,
10:45:33,21.53,250,
10:45:33,21.53,428,
10:45:33,21.53,100,
10:45:47,21.5099,100,
10:45:47,21.5099,500,
10:45:47,21.5099,300,
10:45:47,21.5099,100,
10:45:47,21.5099,100,
10:45:47,21.51,400,
10:45:47,21.51,500,
10:45:47,21.51,100,
10:45:47,21.51,200,
10:45:48,21.50,300,
10:45:48,21.50,200,
10:45:48,21.50,200,
10:45:48,21.50,100,
10:45:48,21.51,100,
10:45:49,21.5028,900,
10:45:54,21.52,100,
10:45:54,21.5199,100,
10:45:54,21.52,300,
10:45:54,21.5199,100,
10:45:54,21.5199,300,
10:45:54,21.5199,100,
10:45:54,21.52,300,
10:45:54,21.5199,200,
10:45:54,21.52,200,
10:45:54,21.5199,200,
10:45:54,21.52,200,
10:45:54,21.51,400,
10:45:55,21.51,100,
10:45:56,21.52,300,
10:46:02,21.53,200,
10:46:12,21.526,400,
10:46:15,21.53,200,
10:46:16,21.55,230,
10:46:17,21.56,200,
10:46:17,21.56,200,
10:46:17,21.56,200,
10:46:17,21.56,200,
10:46:17,21.57,100,
10:46:19,21.57,100,
10:46:19,21.57,200,
10:46:19,21.57,600,
10:46:19,21.57,100,
10:46:19,21.57,200,
10:46:19,21.5601,2500,
10:46:20,21.58,2500,
10:46:21,21.56,350,
10:46:21,21.56,300,
10:46:21,21.56,200,
10:46:26,21.544,300,
10:46:31,21.56,560,
10:46:31,21.56,200,
10:46:36,21.56,100,
10:46:42,21.5599,300,
10:46:42,21.57,4832,
10:46:49,21.5795,1000,
10:46:51,21.59,100,
10:46:51,21.59,1000,
10:46:51,21.59,100,
10:46:51,21.59,100,
10:46:51,21.59,200,
10:46:51,21.60,100,
10:46:51,21.59,100,
10:46:51,21.59,500,
10:46:51,21.59,117,
10:46:51,21.59,100,
10:46:51,21.59,500,
10:46:55,21.59,100,
10:46:55,21.59,100,
10:46:55,21.59,100,
10:46:55,21.5886,100,
10:46:55,21.59,100,
10:46:55,21.59,100,
10:47:03,21.586,142,
10:47:03,21.58,200,
10:47:03,21.58,100,
10:47:03,21.58,300,
10:47:03,21.58,600,
10:47:05,21.59,100,
10:47:05,21.59,100,
10:47:05,21.59,100,
10:47:09,21.59,100,
10:47:09,21.58,300,
10:47:11,21.58,100,
10:47:11,21.58,100,
10:47:11,21.58,200,
10:47:11,21.58,200,
10:47:11,21.58,500,
10:47:11,21.58,250,
10:47:15,21.58,300,
10:47:17,21.58,300,
10:47:28,21.58,100,
10:47:31,21.5795,900,
10:47:38,21.5899,3000,
10:47:38,21.58,100,
10:47:38,21.581,160,
10:47:39,21.581,300,
10:47:41,21.581,100,
10:47:41,21.57,100,
10:47:44,21.5699,900,
10:47:44,21.57,100,
10:47:44,21.57,300,
10:47:45,21.57,300,
10:47:45,21.57,100,
10:47:45,21.5601,500,
10:47:47,21.566,300,
10:47:51,21.57,200,
10:47:51,21.5686,200,
10:47:51,21.57,500,
10:47:51,21.572,300,
10:47:52,21.572,270,
10:47:52,21.57,300,
10:47:55,21.5801,200,
10:47:56,21.5701,200,
10:47:59,21.56,100,
10:47:59,21.55,100,
10:47:59,21.56,900,
10:47:59,21.56,370,
10:48:00,21.566,300,
10:48:02,21.58,200,
10:48:02,21.5799,200,
10:48:02,21.58,300,
10:48:02,21.58,200,
10:48:02,21.58,200,
10:48:02,21.5799,200,
10:48:02,21.58,200,
10:48:03,21.56,200,
10:48:06,21.57,100,
10:48:09,21.5686,300,
10:48:27,21.5701,3000,
10:48:28,21.57,200,
10:48:33,21.5699,4900,
10:48:58,21.58,900,
10:49:01,21.5799,700,
10:49:05,21.579,470,
10:49:10,21.58,200,
10:49:10,21.578,200,
10:49:10,21.578,200,
10:49:10,21.578,100,
10:49:10,21.58,100,
10:49:10,21.578,100,
10:49:15,21.577,1000,
10:49:18,21.58,100,
10:49:21,21.58,100,
10:49:30,21.58,310,
10:49:43,21.60,250,
10:49:44,21.60,111,
10:49:44,21.60,800,
10:49:44,21.60,200,
10:49:47,21.607,1700,
10:49:49,21.5901,100,
10:49:51,21.60,200,
10:49:51,21.60,800,
10:49:53,21.609,1900,
10:49:53,21.5956,750,
10:49:58,21.5886,100,
10:49:58,21.59,100,
10:49:59,21.5871,125,
10:50:01,21.58,200,
10:50:02,21.5813,2900,
10:50:05,21.57,200,
10:50:07,21.5629,490,
10:50:11,21.57,200,
10:50:16,21.57,400,
10:50:18,21.5701,300,
10:50:20,21.5785,5000,
10:50:24,21.57,100,
10:50:24,21.56,6000,
10:50:36,21.55,100,
10:50:40,21.5525,3420,
10:50:43,21.55,200,
10:50:43,21.55,100,
10:50:43,21.55,500,
10:50:46,21.54,500,
10:50:46,21.53,2800,
10:50:48,21.53,227,
10:50:49,21.5301,300,
10:50:49,21.5301,200,
10:50:49,21.5301,200,
10:50:52,21.52,343,
10:50:54,21.5005,1000,
10:50:56,21.511,200,
10:50:57,21.519,1000,
10:50:59,21.50,100,
10:51:00,21.50,1300,
10:51:02,21.50,100,
10:51:03,21.50,100,
10:51:04,21.52,100,
10:51:07,21.51,100,
10:51:07,21.5199,500,
10:51:10,21.5201,500,
10:51:25,21.53,400,
10:51:25,21.53,400,
10:51:25,21.53,300,
10:51:25,21.53,300,
10:51:25,21.53,400,
10:51:25,21.53,100,
10:51:25,21.53,100,
10:51:25,21.53,3000,
10:51:25,21.53,1800,
10:51:25,21.52,100,
10:51:25,21.52,100,
10:51:29,21.515,400,
10:51:48,21.54,200,
10:51:56,21.54,100,
10:51:56,21.54,200,
10:52:04,21.578,100,
10:52:07,21.59,100,
10:52:07,21.60,100,
10:52:09,21.591,1000,
10:52:13,21.60,100,
10:52:13,21.60,400,
10:52:13,21.60,100,
10:52:13,21.60,300,
10:52:13,21.60,200,
10:52:13,21.60,600,
10:52:13,21.60,100,
10:52:13,21.60,1000,
10:52:14,21.61,200,
10:52:15,21.60,100,
10:52:15,21.604,200,
10:52:22,21.602,600,
10:52:23,21.61,100,
10:52:23,21.6099,100,
10:52:23,21.61,100,
10:52:23,21.6099,100,
10:52:23,21.6099,100,
10:52:23,21.61,300,
10:52:23,21.6099,300,
10:52:24,21.61,100,
10:52:24,21.61,800,
10:52:24,21.61,200,
10:52:28,21.58,100,
10:52:29,21.58,100,
10:52:33,21.5701,300,
10:52:54,21.58,100,
10:53:10,21.5772,1000,
10:53:22,21.60,200,
10:53:25,21.62,200,
10:53:27,21.62,100,
10:53:27,21.63,200,
10:53:27,21.63,300,
10:53:27,21.63,500,
10:53:27,21.63,200,
10:53:27,21.6299,2300,
10:53:27,21.64,2100,
10:53:28,21.6299,200,
10:53:29,21.62,100,
10:53:29,21.62,1000,
10:53:29,21.62,1100,
10:53:30,21.62,200,
10:53:36,21.63,100,
10:53:36,21.63,100,
10:53:36,21.63,200,
10:53:45,21.62,250,
10:53:46,21.61,100,
10:53:46,21.61,300,
10:53:46,21.61,200,
10:53:47,21.61,200,
10:53:47,21.61,100,
10:53:47,21.61,200,
10:53:48,21.6199,500,
10:53:52,21.62,200,
10:53:52,21.62,200,
10:53:54,21.617,600,
10:53:55,21.619,100,
10:53:55,21.619,100,
10:53:58,21.62,200,
10:53:59,21.6101,300,
10:53:59,21.61,100,
10:54:09,21.61,200,
10:54:11,21.62,100,
10:54:11,21.62,500,
10:54:13,21.618,200,
10:54:17,21.6199,200,
10:54:17,21.62,100,
10:54:20,21.6171,345,
10:54:29,21.61,273,
10:54:29,21.61,200,
10:54:36,21.612,500,
10:54:39,21.61,200,
10:54:39,21.61,500,
10:54:39,21.61,200,
10:54:49,21.60,100,
10:54:49,21.60,200,
10:54:54,21.59,100,
10:54:55,21.59,200,
10:54:58,21.60,200,
10:55:01,21.60,200,
10:55:01,21.60,100,
10:55:05,21.61,200,
10:55:09,21.62,230,
10:55:09,21.62,200,
10:55:09,21.6199,300,
10:55:10,21.6199,900,
10:55:10,21.63,270,
10:55:16,21.64,200,
10:55:16,21.64,100,
10:55:16,21.65,100,
10:55:16,21.65,100,
10:55:16,21.66,400,
10:55:16,21.66,100,
10:55:16,21.67,100,
10:55:17,21.66,600,
10:55:21,21.648,1000,
10:55:27,21.62,100,
10:55:27,21.62,100,
10:55:28,21.6299,300,
10:55:33,21.619,1000,
10:55:40,21.5993,250,
10:55:42,21.60,800,
10:55:43,21.60,200,
10:55:49,21.5971,200,
10:55:56,21.60,200,
10:55:56,21.60,222,
10:55:56,21.60,300,
10:55:59,21.62,200,
10:55:59,21.63,200,
10:55:59,21.6277,200,
10:56:00,21.62,100,
10:56:05,21.6328,1000,
10:56:05,21.62,100,
10:56:05,21.62,300,
10:56:05,21.62,200,
10:56:06,21.61,100,
10:56:06,21.61,200,
10:56:06,21.61,100,
10:56:06,21.61,100,
10:56:08,21.64,200,
10:56:23,21.63,281,
10:56:23,21.63,250,
10:56:23,21.63,600,
10:56:27,21.62,200,
10:56:27,21.62,250,
10:56:27,21.62,200,
10:56:27,21.62,250,
10:56:33,21.63,200,
10:56:33,21.63,100,
10:56:33,21.64,231,
10:56:33,21.65,100,
10:56:35,21.65,200,
10:56:37,21.65,100,
10:56:37,21.64,200,
10:56:40,21.65,200,
10:56:45,21.6501,150,
10:56:56,21.64,300,
10:56:56,21.64,200,
10:56:56,21.64,300,
10:56:57,21.63,100,
10:57:09,21.629,500,
10:57:11,21.62,170,
10:57:15,21.617,1000,
10:57:20,21.64,100,
10:57:20,21.63,200,
10:57:20,21.63,200,
10:57:20,21.63,100,
10:57:22,21.62,100,
10:57:22,21.64,200,
10:57:22,21.64,200,
10:57:24,21.60,200,
10:57:25,21.60,100,
10:57:25,21.6005,800,
10:57:28,21.5928,1000,
10:57:30,21.59,400,
10:57:30,21.58,300,
10:57:30,21.58,1000,
10:57:30,21.58,200,
10:57:30,21.58,100,
10:57:30,21.58,200,
10:57:32,21.60,100,
10:57:32,21.60,100,
10:57:32,21.60,200,
10:57:32,21.60,300,
10:57:32,21.59,150,
10:57:37,21.597,500,
10:57:38,21.60,100,
10:57:42,21.58,100,
10:57:43,21.58,100,
10:57:43,21.58,400,
10:57:45,21.58,100,
10:57:45,21.58,100,
10:57:45,21.59,200,
10:57:59,21.58,100,
10:57:59,21.58,300,
10:57:59,21.5701,200,
10:58:04,21.57,448,
10:58:04,21.57,200,
10:58:04,21.57,100,
10:58:06,21.56,200,
10:58:06,21.56,250,
10:58:06,21.56,500,
10:58:06,21.56,200,
10:58:08,21.56,6000,
10:58:10,21.55,100,
10:58:15,21.57,300,
10:58:15,21.57,200,
10:58:21,21.5601,2000,
10:58:22,21.56,169,
10:58:22,21.56,200,
10:58:30,21.5512,1500,
10:58:33,21.56,5000,
10:58:37,21.5706,156,
10:58:45,21.56,100,
10:58:45,21.56,100,
10:58:45,21.56,100,
10:58:45,21.55,200,
10:58:45,21.55,200,
10:58:45,21.55,100,
10:58:45,21.55,200,
10:58:48,21.5665,5600,
10:59:06,21.59,200,
10:59:16,21.59,100,
10:59:16,21.587,100,
10:59:28,21.6195,500,
10:59:33,21.61,100,
10:59:34,21.61,250,
10:59:34,21.61,100,
10:59:41,21.6093,100,
10:59:43,21.62,700,
10:59:45,21.6205,1000,
10:59:45,21.629,700,
10:59:48,21.629,500,
10:59:50,21.62,100,
10:59:50,21.62,100,
10:59:50,21.62,200,
10:59:50,21.62,200,
10:59:50,21.62,100,
10:59:53,21.62,100,
10:59:53,21.62,100,
11:00:01,21.61,1000,
11:00:01,21.61,400,
11:00:02,21.61,100,
11:00:02,21.61,100,
11:00:05,21.63,200,
11:00:09,21.62,100,
11:00:09,21.6133,300,
11:00:12,21.62,100,
11:00:12,21.62,500,
11:00:22,21.619,900,
11:00:22,21.619,2500,
11:00:22,21.619,600,
11:00:25,21.62,100,
11:00:25,21.62,300,
11:00:28,21.62,100,
11:00:28,21.62,100,
11:00:28,21.62,200,
11:00:29,21.6195,563,
11:00:29,21.62,215,
11:00:29,21.62,900,
11:00:29,21.62,100,
11:00:29,21.619,1500,
11:00:31,21.6172,1000,
11:00:32,21.61,100,
11:00:32,21.59,100,
11:00:32,21.59,300,
11:00:32,21.60,300,
11:00:32,21.59,100,
11:00:32,21.59,300,
11:00:32,21.59,100,
11:00:32,21.59,300,
11:00:32,21.59,200,
11:00:33,21.59,100,
11:00:35,21.5875,3000,
11:00:38,21.58,230,
11:00:38,21.57,100,
11:00:38,21.57,100,
11:00:38,21.58,300,
11:00:38,21.58,100,
11:00:44,21.57,5000,
11:00:47,21.57,500,
11:00:47,21.57,100,
11:00:48,21.56,900,
11:00:51,21.5686,1000,
11:00:57,21.58,200,
11:01:03,21.58,150,
11:01:06,21.592,1700,
11:01:16,21.5795,200,
11:01:16,21.579,200,
11:01:23,21.58,11552,
11:01:44,21.599,100,
11:01:46,21.619,200,
11:01:46,21.619,200,
11:01:49,21.6099,500,
11:01:53,21.62,200,
11:02:02,21.62,200,
11:02:02,21.62,400,
11:02:06,21.62,100,
11:02:06,21.62,100,
11:02:10,21.61,100,
11:02:15,21.60,200,
11:02:15,21.60,100,
11:02:15,21.6001,200,
11:02:16,21.6099,100,
11:02:16,21.61,100,
11:02:16,21.61,200,
11:02:25,21.60,200,
11:02:29,21.61,100,
11:02:29,21.61,100,
11:02:32,21.62,100,
11:02:32,21.62,300,
11:02:32,21.62,300,
11:02:32,21.63,232,
11:02:33,21.64,100,
11:02:34,21.66,200,
11:02:35,21.66,715,
11:02:35,21.66,215,
11:02:35,21.6601,300,
11:02:35,21.65,100,
11:02:35,21.65,300,
11:02:35,21.65,100,
11:02:35,21.64,800,
11:02:35,21.64,100,
11:02:35,21.64,5300,
11:02:35,21.649,2270,
11:02:35,21.649,2300,
11:02:35,21.65,100,
11:02:35,21.65,200,
11:02:37,21.649,300,
11:02:40,21.6386,100,
11:02:40,21.6386,100,
11:02:40,21.64,100,
11:02:41,21.6595,1000,
11:02:45,21.649,1100,
11:02:46,21.64,200,
11:02:46,21.64,100,
11:02:46,21.64,200,
11:02:46,21.64,400,
11:02:46,21.6399,400,
11:02:46,21.6399,200,
11:02:46,21.6399,100,
11:02:46,21.64,200,
11:02:46,21.6399,200,
11:02:46,21.6399,200,
11:02:46,21.6399,100,
11:02:46,21.6399,100,
11:02:46,21.64,100,
11:02:46,21.6399,200,
11:02:49,21.64,400,
11:02:49,21.639,700,
11:02:52,21.65,100,
11:02:53,21.626,450,
11:02:53,21.629,400,
11:02:56,21.63,100,
11:02:56,21.63,100,
11:02:56,21.63,200,
11:03:04,21.62,100,
11:03:04,21.62,400,
11:03:04,21.62,100,
11:03:04,21.62,100,
11:03:04,21.61,100,
11:03:04,21.61,200,
11:03:05,21.59,250,
11:03:05,21.60,100,
11:03:06,21.59,103,
11:03:06,21.60,100,
11:03:11,21.59,400,
11:03:12,21.60,100,
11:03:12,21.60,200,
11:03:36,21.62,100,
11:03:36,21.6186,100,
11:03:36,21.62,100,
11:03:36,21.62,100,
11:03:38,21.63,100,
11:03:38,21.63,400,
11:03:41,21.62,200,
11:03:54,21.59,200,
11:03:54,21.59,200,
11:04:03,21.60,100,
11:04:04,21.60,200,
11:04:06,21.6189,1300,
11:04:06,21.62,200,
11:04:06,21.62,100,
11:04:06,21.6194,5300,
11:04:07,21.60,100,
11:04:15,21.64,900,
11:04:15,21.6399,900,
11:04:15,21.65,7000,
11:04:16,21.65,231,
11:04:18,21.65,100,
11:04:18,21.65,100,
11:04:20,21.64,200,
11:04:20,21.64,100,
11:04:21,21.6489,500,
11:04:21,21.6494,2700,
11:04:24,21.64,200,
11:04:26,21.6399,4500,
11:04:26,21.65,400,
11:04:26,21.65,100,
11:04:26,21.65,200,
11:04:26,21.65,900,
11:04:26,21.65,200,
11:04:26,21.65,200,
11:04:26,21.65,100,
11:04:26,21.65,200,
11:04:26,21.65,100,
11:04:26,21.65,300,
11:04:26,21.65,100,
11:04:26,21.65,200,
11:04:26,21.65,700,
11:04:26,21.65,300,
11:04:26,21.65,300,
11:04:26,21.65,300,
11:04:26,21.66,100,
11:04:26,21.66,1300,
11:04:27,21.66,200,
11:04:27,21.66,1300,
11:04:27,21.66,200,
11:04:27,21.66,200,
11:04:27,21.66,300,
11:04:27,21.66,200,
11:04:27,21.66,3400,
11:04:27,21.66,900,
11:04:27,21.65,100,
11:04:27,21.66,15000,
11:04:30,21.6601,423,
11:04:36,21.653,1000,
11:04:37,21.65,200,
11:04:39,21.6499,200,
11:04:39,21.66,300,
11:04:39,21.66,200,
11:04:39,21.66,300,
11:04:39,21.66,1000,
11:04:39,21.65,100,
11:04:44,21.66,100,
11:04:46,21.67,200,
11:04:46,21.66,200,
11:04:46,21.66,300,
11:04:46,21.66,600,
11:04:46,21.66,100,
11:04:46,21.66,400,
11:04:46,21.66,300,
11:04:46,21.68,300,
11:04:50,21.666,100,
11:04:50,21.669,200,
11:04:52,21.668,1000,
11:04:52,21.6572,1000,
11:04:53,21.658,300,
11:04:53,21.658,100,
11:04:53,21.66,100,
11:04:56,21.66,100,
11:05:04,21.68,100,
11:05:07,21.69,100,
11:05:13,21.6701,100,
11:05:17,21.68,100,
11:05:17,21.68,100,
11:05:18,21.68,200,
11:05:18,21.6786,100,
11:05:20,21.6762,1500,
11:05:22,21.67,100,
11:05:24,21.6786,100,
11:05:24,21.6786,100,
11:05:25,21.6899,8100,
11:05:34,21.6599,100,
11:05:34,21.66,900,
11:05:35,21.65,100,
11:05:35,21.64,200,
11:05:35,21.64,300,
11:05:35,21.65,200,
11:05:36,21.65,100,
11:05:41,21.64,100,
11:05:48,21.62,200,
11:05:48,21.62,200,
11:05:48,21.62,200,
11:05:48,21.62,200,
11:05:48,21.62,200,
11:05:48,21.63,100,
11:05:48,21.63,100,
11:05:51,21.62,133,
11:05:51,21.62,200,
11:05:51,21.62,115,
11:05:59,21.62,300,
11:05:59,21.63,150,
11:06:01,21.62,100,
11:06:03,21.63,100,
11:06:05,21.61,100,
11:06:06,21.61,100,
11:06:06,21.61,200,
11:06:08,21.62,100,
11:06:11,21.61,100,
11:06:11,21.608,100,
11:06:11,21.61,300,
11:06:11,21.61,300,
11:06:11,21.608,200,
11:06:11,21.608,200,
11:06:13,21.63,596,
11:06:13,21.63,100,
11:06:13,21.63,200,
11:06:13,21.63,104,
11:06:15,21.64,800,
11:06:20,21.64,113,
11:06:20,21.64,100,
11:06:20,21.64,100,
11:06:20,21.64,100,
11:06:24,21.64,100,
11:06:24,21.64,900,
11:06:28,21.63,100,
11:06:36,21.63,217,
11:06:36,21.63,100,
11:06:36,21.63,300,
11:06:36,21.63,300,
11:06:44,21.65,100,
11:06:49,21.64,200,
11:07:02,21.63,200,
11:07:02,21.63,100,
11:07:03,21.6399,165,
11:07:11,21.66,100,
11:07:13,21.64,100,
11:07:15,21.6401,500,
11:07:19,21.62,200,
11:07:21,21.62,100,
11:07:24,21.62,117,
11:07:27,21.64,200,
11:07:34,21.6348,3000,
11:07:38,21.63,200,
11:07:48,21.65,100,
11:07:48,21.66,178,
11:07:48,21.6501,500,
11:07:48,21.651,100,
11:07:53,21.67,300,
11:07:53,21.66,200,
11:07:53,21.67,400,
11:07:53,21.67,200,
11:07:54,21.69,100,
11:07:55,21.69,100,
11:07:55,21.6901,200,
11:08:03,21.67,100,
11:08:18,21.69,100,
11:08:22,21.69,100,
11:08:22,21.6899,300,
11:08:22,21.6899,200,
11:08:22,21.70,1200,
11:08:25,21.6901,500,
11:08:31,21.6599,100,
11:08:31,21.6599,100,
11:08:31,21.66,100,
11:08:31,21.66,200,
11:08:31,21.66,100,
11:08:31,21.6599,200,
11:08:31,21.6599,100,
11:08:31,21.6599,100,
11:08:31,21.66,400,
11:08:31,21.6599,200,
11:08:33,21.6593,375,
11:08:34,21.66,600,
11:08:45,21.68,100,
11:08:55,21.6895,1000,
11:08:58,21.67,300,
11:08:58,21.67,200,
11:08:58,21.67,400,
11:09:02,21.68,300,
11:09:17,21.67,224,
11:09:26,21.69,1000,
11:09:26,21.69,200,
11:09:28,21.69,100,
11:09:28,21.6899,200,
11:09:28,21.69,200,
11:09:28,21.6899,100,
11:09:28,21.69,100,
11:09:28,21.69,200,
11:09:28,21.69,100,
11:09:28,21.69,100,
11:09:33,21.699,700,
11:09:33,21.699,700,
11:09:38,21.71,373,
11:09:39,21.72,100,
11:09:40,21.73,2000,
11:09:43,21.74,100,
11:09:43,21.74,731,
11:09:43,21.74,300,
11:09:43,21.74,169,
11:09:43,21.74,200,
11:09:43,21.74,200,
11:09:44,21.7399,1000,
11:09:46,21.739,700,
11:09:46,21.75,100,
11:09:46,21.73,100,
11:09:46,21.73,100,
11:09:46,21.73,900,
11:09:46,21.73,500,
11:09:51,21.7275,2200,
11:09:52,21.73,100,
11:09:53,21.72,400,
11:09:57,21.71,100,
11:09:57,21.71,100,
11:09:58,21.709,100,
11:09:59,21.70,100,
11:09:59,21.70,400,
11:09:59,21.70,676,
11:09:59,21.70,100,
11:09:59,21.71,100,
11:10:00,21.70,400,
11:10:09,21.69,225,
11:10:09,21.69,200,
11:10:10,21.6899,1000,
11:10:15,21.67,200,
11:10:15,21.67,700,
11:10:15,21.67,200,
11:10:15,21.67,500,
11:10:15,21.67,400,
11:10:15,21.67,300,
11:10:15,21.67,400,
11:10:16,21.66,200,
11:10:17,21.67,100,
11:10:17,21.68,200,
11:10:18,21.67,400,
11:10:26,21.6772,600,
11:10:36,21.67,500,
11:10:36,21.67,100,
11:10:41,21.6801,1000,
11:10:43,21.6601,1000,
11:10:44,21.67,200,
11:10:45,21.67,100,
11:10:46,21.68,100,
11:10:46,21.68,200,
11:10:46,21.68,668,
11:10:46,21.68,300,
11:10:47,21.69,100,
11:10:47,21.69,600,
11:10:47,21.69,100,
11:10:48,21.69,100,
11:10:48,21.69,200,
11:10:48,21.69,200,
11:10:49,21.69,200,
11:10:49,21.69,300,
11:10:49,21.68,100,
11:10:49,21.68,100,
11:10:49,21.67,100,
11:10:51,21.68,100,
11:10:53,21.68,100,
11:10:53,21.68,700,
11:10:54,21.67,125,
11:10:54,21.67,200,
11:10:54,21.6713,125,
11:11:00,21.6601,3000,
11:11:12,21.67,500,
11:11:14,21.67,100,
11:11:14,21.67,100,
11:11:14,21.67,300,
11:11:17,21.67,100,
11:11:19,21.68,100,
11:11:23,21.68,300,
11:11:24,21.68,200,
11:11:29,21.66,100,
11:11:33,21.67,100,
11:11:44,21.65,300,
11:11:44,21.65,200,
11:11:44,21.65,100,
11:11:54,21.6505,1000,
11:11:58,21.652,2000,
11:12:03,21.6614,350,
11:12:12,21.63,200,
11:12:13,21.63,307,
11:12:14,21.64,8100,
11:12:14,21.64,100,
11:12:17,21.64,400,
11:12:19,21.63,100,
11:12:32,21.64,400,
11:12:35,21.66,100,
11:12:35,21.66,130,
11:12:35,21.66,200,
11:12:35,21.66,200,
11:12:35,21.66,500,
11:12:35,21.66,200,
11:12:38,21.68,500,
11:12:38,21.68,100,
11:12:44,21.65,100,
11:12:49,21.67,700,
11:12:50,21.67,100,
11:13:15,21.6701,2000,
11:13:30,21.66,200,
11:13:31,21.65,8600,
11:13:35,21.66,800,
11:13:35,21.66,100,
11:13:36,21.67,300,
11:13:44,21.66,400,
11:13:56,21.65,200,
11:13:56,21.64,1000,
11:14:11,21.64,230,
11:14:12,21.63,100,
11:14:12,21.63,500,
11:14:12,21.63,500,
11:14:12,21.63,150,
11:14:13,21.62,100,
11:14:13,21.62,300,
11:14:13,21.62,300,
11:14:14,21.62,100,
11:14:14,21.62,300,
11:14:14,21.61,100,
11:14:14,21.60,100,
11:14:14,21.61,400,
11:14:14,21.60,100,
11:14:14,21.61,100,
11:14:14,21.60,100,
11:14:14,21.60,100,
11:14:14,21.60,900,
11:14:14,21.60,300,
11:14:14,21.60,197,
11:14:14,21.60,100,
11:14:14,21.60,300,
11:14:14,21.60,484,
11:14:14,21.61,300,
11:14:14,21.60,400,
11:14:14,21.61,300,
11:14:14,21.59,200,
11:14:14,21.60,100,
11:14:14,21.61,300,
11:14:14,21.61,100,
11:14:16,21.5801,5000,
11:14:16,21.59,100,
11:14:16,21.59,1000,
11:14:16,21.59,200,
11:14:16,21.5899,200,
11:14:16,21.60,200,
11:14:17,21.61,300,
11:14:18,21.62,300,
11:14:22,21.61,100,
11:14:23,21.61,100,
11:14:23,21.61,126,
11:14:23,21.61,100,
11:14:23,21.60,200,
11:14:23,21.60,100,
11:14:23,21.6001,300,
11:14:23,21.60,500,
11:14:23,21.60,300,
11:14:23,21.60,300,
11:14:23,21.6099,100,
11:14:24,21.62,100,
11:14:24,21.62,100,
11:14:24,21.62,200,
11:14:24,21.63,200,
11:14:24,21.63,300,
11:14:24,21.63,200,
11:14:24,21.63,1000,
11:14:24,21.63,300,
11:14:24,21.63,300,
11:14:25,21.63,201,
11:14:25,21.63,400,
11:14:26,21.642,380,
11:14:28,21.63,200,
11:14:32,21.65,100,
11:14:39,21.62,100,
11:14:39,21.63,100,
11:14:39,21.62,100,
11:14:40,21.62,800,
11:14:43,21.64,1000,
11:14:48,21.64,100,
11:14:48,21.64,199,
11:14:48,21.63,200,
11:14:49,21.63,100,
11:14:52,21.63,100,
11:14:53,21.63,200,
11:14:59,21.6156,1500,
11:15:05,21.64,300,
11:15:07,21.6205,1340,
11:15:07,21.63,400,
11:15:13,21.63,300,
11:15:14,21.63,400,
11:15:28,21.6271,150,
11:15:32,21.629,1100,
11:15:32,21.629,1200,
11:15:34,21.629,1600,
11:15:43,21.58,1111,
11:15:53,21.584,300,
11:15:54,21.57,100,
11:16:04,21.5799,100,
11:16:05,21.5799,100,
11:16:05,21.57,100,
11:16:05,21.57,100,
11:16:05,21.57,100,
11:16:05,21.57,100,
11:16:05,21.574,142,
11:16:05,21.57,100,
11:16:05,21.57,100,
11:16:05,21.57,150,
11:16:05,21.57,200,
11:16:05,21.57,200,
11:16:05,21.57,300,
11:16:05,21.57,200,
11:16:07,21.58,100,
11:16:07,21.58,100,
11:16:07,21.58,200,
11:16:07,21.58,3300,
11:16:09,21.57,300,
11:16:10,21.59,200,
11:16:24,21.5784,1000,
11:16:35,21.572,2000,
11:16:44,21.571,170,
11:16:48,21.56,100,
11:16:48,21.56,300,
11:16:48,21.56,100,
11:16:48,21.56,800,
11:16:48,21.56,300,
11:16:48,21.56,100,
11:16:51,21.56,300,
11:17:01,21.55,500,
11:17:01,21.55,100,
11:17:01,21.55,100,
11:17:01,21.55,300,
11:17:01,21.55,100,
11:17:01,21.55,400,
11:17:01,21.55,300,
11:17:01,21.55,100,
11:17:01,21.55,300,
11:17:01,21.55,300,
11:17:01,21.54,400,
11:17:01,21.54,100,
11:17:01,21.54,300,
11:17:01,21.54,300,
11:17:01,21.54,300,
11:17:01,21.54,100,
11:17:01,21.53,300,
11:17:01,21.53,200,
11:17:01,21.54,150,
11:17:01,21.54,450,
11:17:01,21.54,500,
11:17:01,21.54,200,
11:17:01,21.54,200,
11:17:01,21.54,100,
11:17:01,21.54,300,
11:17:01,21.53,300,
11:17:01,21.53,100,
11:17:01,21.5407,300,
11:17:02,21.53,300,
11:17:02,21.53,300,
11:17:02,21.53,200,
11:17:02,21.53,200,
11:17:02,21.53,200,
11:17:02,21.53,200,
11:17:02,21.531,800,
11:17:02,21.531,870,
11:17:02,21.531,5000,
11:17:03,21.55,100,
11:17:03,21.56,147,
11:17:03,21.56,900,
11:17:03,21.56,200,
11:17:03,21.56,300,
11:17:03,21.55,100,
11:17:03,21.55,300,
11:17:03,21.55,300,
11:17:05,21.533,1450,
11:17:13,21.54,200,
11:17:14,21.54,100,
11:17:18,21.55,500,
11:17:21,21.5302,1500,
11:17:23,21.53,300,
11:17:23,21.53,100,
11:17:23,21.53,100,
11:17:24,21.54,300,
11:17:24,21.54,300,
11:17:24,21.54,300,
11:17:24,21.54,100,
11:17:24,21.54,300,
11:17:29,21.57,3000,
11:17:29,21.56,100,
11:17:30,21.57,300,
11:17:30,21.57,150,
11:17:41,21.59,400,
11:17:41,21.59,300,
11:17:41,21.59,150,
11:17:45,21.58,200,
11:17:48,21.57,100,
11:17:50,21.58,500,
11:17:55,21.5799,200,
11:17:56,21.57,100,
11:17:59,21.57,200,
11:18:01,21.56,100,
11:18:01,21.56,300,
11:18:07,21.56,100,
11:18:07,21.56,100,
11:18:16,21.5599,500,
11:18:23,21.568,3000,
11:18:29,21.58,200,
11:18:38,21.58,200,
11:18:42,21.57,400,
11:18:42,21.57,400,
11:18:43,21.58,229,
11:18:47,21.58,200,
11:18:49,21.58,500,
11:19:03,21.58,1500,
11:19:03,21.59,100,
11:19:13,21.62,100,
11:19:14,21.63,100,
11:19:15,21.62,100,
11:19:16,21.62,462,
11:19:16,21.61,200,
11:19:16,21.6287,600,
11:19:23,21.612,4000,
11:19:33,21.62,191,
11:19:33,21.60,200,
11:19:34,21.5972,1000,
11:19:40,21.592,2000,
11:19:43,21.599,350,
11:19:54,21.58,100,
11:19:54,21.58,100,
11:20:00,21.592,1000,
11:20:05,21.63,100,
11:20:06,21.63,100,
11:20:09,21.63,100,
11:20:09,21.63,200,
11:20:18,21.61,300,
11:20:24,21.64,500,
11:20:28,21.63,200,
11:20:31,21.63,100,
11:20:41,21.64,200,
11:20:41,21.64,400,
11:20:46,21.6229,200,
11:20:56,21.6407,300,
11:21:14,21.61,150,
11:21:25,21.63,133,
11:21:25,21.63,200,
11:21:25,21.63,300,
11:21:25,21.64,200,
11:21:25,21.64,900,
11:21:25,21.64,200,
11:21:25,21.64,100,
11:21:26,21.6186,500,
11:21:30,21.59,100,
11:21:30,21.59,300,
11:21:30,21.59,400,
11:21:30,21.60,100,
11:21:32,21.61,100,
11:21:32,21.61,200,
11:21:39,21.607,1685,
11:21:52,21.58,200,
11:21:52,21.58,400,
11:22:01,21.58,200,
11:22:01,21.58,100,
11:22:01,21.58,500,
11:22:01,21.58,200,
11:22:11,21.57,300,
11:22:11,21.56,300,
11:22:11,21.56,500,
11:22:12,21.57,100,
11:22:12,21.57,100,
11:22:19,21.5699,300,
11:22:19,21.58,300,
11:22:19,21.58,100,
11:22:34,21.55,300,
11:22:36,21.55,100,
11:22:49,21.5501,100,
11:22:50,21.557,1200,
11:22:51,21.54,200,
11:22:55,21.57,200,
11:22:56,21.569,200,
11:22:56,21.578,1500,
11:22:59,21.583,800,
11:23:11,21.5801,300,
11:23:11,21.579,100,
11:23:20,21.561,6000,
11:23:23,21.59,200,
11:23:23,21.59,500,
11:23:24,21.60,100,
11:23:26,21.59,100,
11:23:31,21.60,400,
11:23:59,21.62,100,
11:24:06,21.64,100,
11:24:06,21.63,100,
11:24:06,21.62,102,
11:24:07,21.623,200,
11:24:07,21.621,300,
11:24:08,21.63,100,
11:24:09,21.621,3100,
11:24:21,21.61,100,
11:24:21,21.61,500,
11:24:21,21.61,100,
11:24:21,21.61,100,
11:24:33,21.6338,1000,
11:24:36,21.65,200,
11:24:36,21.65,1700,
11:24:36,21.67,100,
11:24:36,21.67,100,
11:24:36,21.68,400,
11:24:39,21.68,100,
11:24:39,21.68,100,
11:24:39,21.68,300,
11:24:39,21.68,300,
11:24:39,21.68,215,
11:24:39,21.68,200,
11:24:39,21.68,1800,
11:24:41,21.67,396,
11:24:41,21.67,100,
11:24:41,21.6699,300,
11:24:41,21.6699,100,
11:24:41,21.6699,396,
11:24:50,21.66,200,
11:24:52,21.651,400,
11:24:53,21.652,1000,
11:24:59,21.6399,200,
11:25:02,21.65,200,
11:25:08,21.6572,1000,
11:25:13,21.65,200,
11:25:13,21.65,500,
11:25:13,21.65,300,
11:25:13,21.65,500,
11:25:15,21.63,200,
11:25:15,21.63,217,
11:25:18,21.63,100,
11:25:35,21.6401,6000,
11:25:41,21.624,497,
11:25:50,21.6444,1000,
11:26:06,21.66,100,
11:26:11,21.6499,1000,
11:26:20,21.6501,500,
11:26:24,21.64,1800,
11:26:25,21.64,200,
11:26:26,21.65,400,
11:26:26,21.6499,8100,
11:26:33,21.66,100,
11:26:33,21.67,100,
11:26:33,21.67,100,
11:26:33,21.67,100,
11:26:33,21.66,200,
11:26:47,21.6629,450,
11:26:54,21.65,200,
11:26:54,21.649,500,
11:26:55,21.6499,2300,
11:26:55,21.65,200,
11:26:55,21.65,200,
11:26:55,21.65,100,
11:26:56,21.65,11800,
11:26:58,21.66,100,
11:27:02,21.68,400,
11:27:06,21.69,100,
11:27:06,21.69,400,
11:27:15,21.69,200,
11:27:15,21.68,200,
11:27:20,21.6871,300,
11:27:22,21.68,100,
11:27:22,21.6601,660,
11:27:24,21.6699,6000,
11:27:28,21.67,200,
11:27:28,21.67,174,
11:27:32,21.6886,500,
11:27:33,21.68,100,
11:27:33,21.68,400,
11:27:34,21.67,200,
11:27:43,21.6714,225,
11:27:47,21.66,300,
11:27:57,21.64,200,
11:27:57,21.64,500,
11:27:57,21.64,200,
11:28:00,21.63,300,
11:28:00,21.63,500,
11:28:00,21.63,100,
11:28:00,21.63,200,
11:28:04,21.64,300,
11:28:06,21.633,1151,
11:28:07,21.6499,200,
11:28:09,21.631,1000,
11:28:19,21.6486,775,
11:28:41,21.64,1000,
11:28:41,21.64,500,
11:28:41,21.64,200,
11:28:41,21.64,100,
11:28:41,21.64,700,
11:28:56,21.66,200,
11:29:02,21.663,400,
11:29:24,21.64,100,
11:29:35,21.6493,300,
11:29:42,21.65,100,
11:29:42,21.6501,300,
11:29:42,21.65,100,
11:29:45,21.65,100,
11:29:48,21.65,300,
11:29:54,21.64,100,
11:29:54,21.641,200,
11:29:57,21.653,500,
11:31:00,21.70,100,
11:31:00,21.70,100,
11:31:00,21.70,500,
11:31:00,21.6999,200,
11:31:00,21.71,100,
11:31:00,21.71,300,
11:31:00,21.71,600,
11:31:00,21.71,900,
11:31:07,21.6972,600,
11:31:08,21.70,500,
11:31:08,21.70,100,
11:31:08,21.70,100,
11:31:08,21.70,500,
11:31:10,21.70,200,
11:31:19,21.7175,3600,
11:31:20,21.72,1000,
11:31:20,21.72,500,
11:31:20,21.72,500,
11:31:20,21.7199,300,
11:31:20,21.7199,1000,
11:31:23,21.7199,200,
11:31:23,21.7199,200,
11:31:23,21.72,200,
11:31:23,21.7199,200,
11:31:23,21.7199,200,
11:31:23,21.72,200,
11:31:24,21.71,100,
11:31:24,21.71,100,
11:31:24,21.70,200,
11:31:26,21.71,300,
11:31:27,21.70,100,
11:31:27,21.71,100,
11:31:27,21.71,300,
11:31:29,21.71,100,
11:31:30,21.72,100,
11:31:32,21.7228,700,
11:31:33,21.7215,800,
11:31:33,21.73,200,
11:31:34,21.72,100,
11:31:34,21.72,100,
11:31:41,21.7213,800,
11:31:41,21.721,3100,
11:31:41,21.721,3100,
11:31:44,21.72,500,
11:31:45,21.701,400,
11:31:49,21.7272,1000,
11:31:56,21.728,100,
11:31:56,21.728,100,
11:31:56,21.728,100,
11:31:56,21.73,100,
11:31:56,21.73,100,
11:31:57,21.73,100,
11:32:02,21.71,100,
11:32:06,21.7212,100,
11:32:06,21.721,100,
11:32:06,21.73,200,
11:32:08,21.73,200,
11:32:08,21.73,100,
11:32:09,21.73,100,
11:32:18,21.748,200,
11:32:18,21.748,100,
11:32:18,21.75,100,
11:32:18,21.75,100,
11:32:18,21.75,100,
11:32:21,21.75,100,
11:32:21,21.76,300,
11:32:21,21.76,1000,
11:32:21,21.76,100,
11:32:21,21.75,500,
11:32:21,21.76,500,
11:32:21,21.76,200,
11:32:21,21.76,300,
11:32:21,21.76,100,
11:32:21,21.76,100,
11:32:21,21.78,200,
11:32:21,21.79,298,
11:32:21,21.79,602,
11:32:21,21.79,102,
11:32:21,21.78,200,
11:32:21,21.79,500,
11:32:21,21.78,500,
11:32:21,21.78,500,
11:32:21,21.78,300,
11:32:22,21.80,600,
11:32:22,21.80,100,
11:32:22,21.80,100,
11:32:22,21.80,200,
11:32:22,21.80,300,
11:32:22,21.81,150,
11:32:22,21.81,248,
11:32:22,21.79,200,
11:32:23,21.76,2500,
11:32:24,21.799,925,
11:32:27,21.7925,2000,
11:32:27,21.799,200,
11:32:28,21.80,269,
11:32:28,21.81,100,
11:32:28,21.81,200,
11:32:28,21.81,100,
11:32:29,21.79,800,
11:32:29,21.8001,1000,
11:32:29,21.798,1300,
11:32:30,21.80,400,
11:32:30,21.80,200,
11:32:31,21.81,800,
11:32:36,21.8199,200,
11:32:38,21.817,1000,
11:32:39,21.82,1500,
11:32:39,21.81,294,
11:32:41,21.82,100,
11:32:41,21.82,100,
11:32:41,21.82,368,
11:32:41,21.82,100,
11:32:41,21.82,200,
11:32:42,21.8172,1000,
11:32:42,21.821,200,
11:32:44,21.821,1200,
11:32:45,21.83,300,
11:32:45,21.83,500,
11:32:46,21.81,100,
11:32:47,21.82,200,
11:32:47,21.82,100,
11:32:47,21.82,300,
11:32:47,21.82,200,
11:32:47,21.82,1000,
11:32:47,21.82,200,
11:32:47,21.819,3000,
11:32:52,21.82,100,
11:32:53,21.79,100,
11:32:53,21.80,100,
11:32:53,21.7997,200,
11:32:54,21.82,200,
11:32:56,21.79,200,
11:32:56,21.78,300,
11:32:57,21.787,1380,
11:33:02,21.79,300,
11:33:02,21.79,200,
11:33:02,21.79,200,
11:33:02,21.79,200,
11:33:02,21.79,200,
11:33:02,21.79,200,
11:33:02,21.79,400,
11:33:02,21.79,100,
11:33:02,21.79,200,
11:33:02,21.79,1700,
11:33:02,21.79,200,
11:33:03,21.79,700,
11:33:03,21.79,100,
11:33:09,21.79,100,
11:33:09,21.79,200,
11:33:10,21.79,400,
11:33:10,21.79,1300,
11:33:10,21.79,300,
11:33:17,21.82,100,
11:33:17,21.82,500,
11:33:18,21.82,300,
11:33:18,21.82,100,
11:33:18,21.819,1000,
11:33:21,21.83,100,
11:33:21,21.83,400,
11:33:21,21.8372,1600,
11:33:22,21.83,500,
11:33:23,21.835,300,
11:33:30,21.8399,3500,
11:33:32,21.8341,300,
11:33:36,21.8168,6000,
11:33:38,21.82,100,
11:33:38,21.8187,500,
11:33:44,21.82,100,
11:33:44,21.83,900,
11:33:44,21.83,100,
11:33:51,21.81,100,
11:33:51,21.81,200,
11:33:51,21.80,200,
11:33:52,21.8001,300,
11:33:53,21.81,100,
11:33:53,21.81,200,
11:33:56,21.81,100,
11:33:58,21.81,400,
11:33:58,21.81,100,
11:33:58,21.81,100,
11:33:58,21.81,300,
