09:30:00,18.80,1800,
09:30:00,18.80,100,
09:30:00,18.80,3294,
09:30:00,18.79,147,
09:30:00,18.79,1200,
09:30:00,18.76,800,
09:30:00,18.76,100,
09:30:00,18.78,100,
09:30:00,18.75,1000,
09:30:00,18.78,100,
09:30:00,18.74,1600,
09:30:00,18.72,400,
09:30:00,18.76,700,
09:30:00,18.76,1800,
09:30:00,18.76,300,
09:30:00,18.76,200,
09:30:00,18.77,100,
09:30:00,18.76,200,
09:30:02,18.7405,100,
09:30:02,18.7402,100,
09:30:03,18.79,800,
09:30:03,18.76,200,
09:30:03,18.76,200,
09:30:03,18.76,800,
09:30:03,18.80,600,
09:30:03,18.80,200,
09:30:03,18.80,100,
09:30:03,18.80,1000,
09:30:03,18.79,600,
09:30:03,18.79,1000,
09:30:03,18.79,600,
09:30:03,18.79,200,
09:30:03,18.80,100,
09:30:03,18.82,500,
09:30:03,18.82,100,
09:30:03,18.82,600,
09:30:05,18.81,600,
09:30:05,18.81,1000,
09:30:05,18.78,700,
09:30:05,18.76,100,
09:30:05,18.74,300,
09:30:05,18.74,100,
09:30:05,18.74,300,
09:30:05,18.74,300,
09:30:05,18.73,100,
09:30:05,18.72,100,
09:30:06,18.73,100,
09:30:06,18.73,100,
09:30:06,18.73,200,
09:30:06,18.73,800,
09:30:06,18.73,500,
09:30:06,18.75,200,
09:30:06,18.76,100,
09:30:06,18.76,100,
09:30:06,18.75,100,
09:30:06,18.75,100,
09:30:07,18.77,200,
09:30:07,18.78,200,
09:30:09,18.7386,1000,
09:30:11,18.78,100,
09:30:12,18.75,100,
09:30:13,18.74,200,
09:30:13,18.74,200,
09:30:14,18.78,100,
09:30:15,18.82,100,
09:30:18,18.7795,1000,
09:30:19,18.741,2500,
09:30:21,18.77,1000,
09:30:21,18.741,2500,
09:30:21,18.80,200,
09:30:21,18.80,100,
09:30:21,18.80,100,
09:30:21,18.80,100,
09:30:22,18.82,100,
09:30:22,18.80,100,
09:30:22,18.80,100,
09:30:26,18.77,500,
09:30:26,18.771,200,
09:30:27,18.82,200,
09:30:30,18.77,250,
09:30:30,18.83,100,
09:30:30,18.77,2000,
09:30:33,18.8199,800,
09:30:35,18.83,100,
09:30:35,18.83,100,
09:30:35,18.83,100,
09:30:35,18.83,100,
09:30:35,18.83,100,
09:30:39,18.8368,2192,
09:30:40,18.8385,100,
09:30:42,18.8385,100,
09:30:43,18.837,900,
09:30:51,18.83,100,
09:30:52,18.831,100,
09:30:52,18.83,100,
09:30:52,18.83,100,
09:30:56,18.8295,1949,
09:30:58,18.8301,1000,
09:30:59,18.825,160,
09:30:59,18.83,12100,
09:31:00,18.83,1000,
09:31:02,18.8307,100,
09:31:02,18.831,700,
09:31:06,18.83,100,
09:31:08,18.83,1000,
09:31:08,18.84,200,
09:31:12,18.865,125,
09:31:12,18.86,300,
09:31:12,18.8605,425,
09:31:19,18.88,1000,
09:31:20,18.8755,500,
09:31:22,18.87,100,
09:31:24,18.88,100,
09:31:30,18.887,1000,
09:31:31,18.895,1000,
09:31:31,18.90,10000,
09:31:34,18.889,1000,
09:31:35,18.89,200,
09:31:36,18.8905,400,
09:31:39,18.897,500,
09:31:40,18.87,100,
09:31:40,18.87,100,
09:31:40,18.87,200,
09:31:40,18.8795,1000,
09:31:44,18.88,100,
09:31:45,18.871,2000,
09:31:52,18.87,500,
09:31:52,18.87,100,
09:32:00,18.87,400,
09:32:00,18.87,100,
09:32:05,18.863,100,
09:32:05,18.87,200,
09:32:10,18.87,1400,
09:32:10,18.87,400,
09:32:10,18.87,200,
09:32:12,18.8601,1000,
09:32:12,18.871,100,
09:32:12,18.871,100,
09:32:12,18.871,900,
09:32:18,18.87,500,
09:32:21,18.873,600,
09:32:26,18.88,900,
09:32:27,18.87,100,
09:32:31,18.87,500,
09:32:33,18.8601,1000,
09:32:38,18.88,100,
09:32:38,18.88,100,
09:32:38,18.88,3100,
09:32:41,18.88,100,
09:32:41,18.88,100,
09:32:41,18.88,100,
09:32:42,18.88,100,
09:32:43,18.88,100,
09:32:43,18.89,399,
09:32:43,18.881,201,
09:32:44,18.891,399,
09:32:45,18.887,550,
09:32:47,18.887,500,
09:32:47,18.8815,100,
09:32:47,18.8815,100,
09:32:49,18.88,950,
09:32:49,18.8801,15700,
09:32:52,18.8875,4000,
09:32:56,18.89,1700,
09:32:57,18.887,1500,
09:33:02,18.91,100,
09:33:02,18.9071,300,
09:33:10,18.91,300,
09:33:10,18.91,800,
09:33:10,18.91,100,
09:33:12,18.9093,150,
09:33:17,18.907,500,
09:33:20,18.909,2700,
09:33:21,18.907,1000,
09:33:22,18.91,100,
09:33:23,18.91,500,
09:33:27,18.917,1000,
09:33:29,18.89,100,
09:33:29,18.89,800,
09:33:29,18.8954,100,
09:33:33,18.899,300,
09:33:33,18.899,300,
09:33:36,18.92,200,
09:33:43,18.91,2900,
09:33:45,18.91,100,
09:33:52,18.91,200,
09:33:54,18.9162,250,
09:33:56,18.9101,500,
09:34:02,18.9199,100,
09:34:02,18.92,200,
09:34:02,18.92,100,
09:34:02,18.92,100,
09:34:04,18.93,1000,
09:34:10,18.9499,200,
09:34:12,18.95,100,
09:34:12,18.95,200,
09:34:13,18.949,327,
09:34:13,18.9499,300,
09:34:14,18.949,600,
09:34:14,18.949,600,
09:34:15,18.95,100,
09:34:17,18.95,600,
09:34:17,18.95,200,
09:34:17,18.95,2500,
09:34:17,18.9401,500,
09:34:19,18.95,100,
09:34:19,18.94,100,
09:34:19,18.94,400,
09:34:20,18.94,600,
09:34:20,18.947,600,
09:34:25,18.933,700,
09:34:25,18.929,100,
09:34:25,18.9261,2000,
09:34:26,18.929,500,
09:34:30,18.926,100,
09:34:34,18.93,100,
09:34:35,18.9299,5000,
09:34:41,18.93,300,
09:34:42,18.93,100,
09:34:42,18.93,100,
09:34:42,18.93,100,
09:34:42,18.93,100,
09:34:42,18.93,100,
09:34:45,18.93,100,
09:34:47,18.93,200,
09:34:52,18.93,1200,
09:34:59,18.93,200,
09:35:00,18.93,200,
09:35:00,18.93,200,
09:35:00,18.93,100,
09:35:02,18.94,200,
09:35:02,18.94,700,
09:35:02,18.94,100,
09:35:02,18.94,100,
09:35:02,18.94,500,
09:35:04,18.93,200,
09:35:06,18.93,100,
09:35:06,18.93,100,
09:35:11,18.95,100,
09:35:12,18.94,100,
09:35:14,18.94,1900,
09:35:14,18.94,100,
09:35:14,18.92,800,
09:35:14,18.92,600,
09:35:14,18.92,200,
09:35:16,18.92,200,
09:35:16,18.92,100,
09:35:20,18.93,100,
09:35:20,18.93,200,
09:35:20,18.93,100,
09:35:20,18.93,600,
09:35:20,18.93,346,
09:35:20,18.94,200,
09:35:20,18.94,100,
09:35:20,18.94,100,
09:35:20,18.94,100,
09:35:20,18.95,200,
09:35:20,18.95,500,
09:35:20,18.95,100,
09:35:20,18.95,700,
09:35:20,18.95,100,
09:35:20,18.95,600,
09:35:20,18.94,700,
09:35:24,18.92,200,
09:35:25,18.91,100,
09:35:25,18.91,800,
09:35:25,18.91,600,
09:35:25,18.91,100,
09:35:25,18.91,100,
09:35:25,18.91,100,
09:35:25,18.91,100,
09:35:25,18.91,5000,
09:35:26,18.91,300,
09:35:27,18.92,200,
09:35:27,18.91,100,
09:35:27,18.91,100,
09:35:27,18.91,300,
09:35:27,18.91,3600,
09:35:27,18.9146,100,
09:35:27,18.914,600,
09:35:28,18.92,600,
09:35:30,18.9199,5000,
09:35:30,18.92,200,
09:35:30,18.92,200,
09:35:30,18.92,1700,
09:35:31,18.89,600,
09:35:31,18.89,600,
09:35:31,18.89,1200,
09:35:31,18.89,200,
09:35:32,18.911,2200,
09:35:34,18.88,200,
09:35:34,18.88,200,
09:35:34,18.88,500,
09:35:36,18.87,200,
09:35:37,18.85,200,
09:35:37,18.85,200,
09:35:37,18.8401,2000,
09:35:37,18.83,200,
09:35:38,18.83,200,
09:35:39,18.8229,195,
09:35:42,18.83,200,
09:35:46,18.83,100,
09:35:46,18.83,200,
09:35:47,18.8399,1000,
09:35:47,18.84,300,
09:35:47,18.84,200,
09:35:48,18.84,500,
09:35:50,18.85,100,
09:35:57,18.85,200,
09:36:01,18.8501,2000,
09:36:03,18.85,200,
09:36:05,18.87,100,
09:36:06,18.87,1000,
09:36:08,18.87,100,
09:36:10,18.866,250,
09:36:16,18.866,100,
09:36:17,18.89,200,
09:36:17,18.89,100,
09:36:18,18.8999,120,
09:36:20,18.88,100,
09:36:20,18.88,100,
09:36:23,18.88,100,
09:36:28,18.88,100,
09:36:28,18.88,100,
09:36:29,18.88,700,
09:36:31,18.88,100,
09:36:39,18.885,125,
09:36:54,18.89,100,
09:37:02,18.89,200,
09:37:08,18.89,5000,
09:37:11,18.89,100,
09:37:11,18.89,100,
09:37:23,18.87,150,
09:37:26,18.87,300,
09:37:31,18.87,200,
09:37:31,18.87,300,
09:37:36,18.8505,560,
09:38:00,18.88,300,
09:38:02,18.87,100,
09:38:02,18.87,600,
09:38:02,18.87,1100,
09:38:03,18.869,4400,
09:38:09,18.851,500,
09:38:09,18.85,200,
09:38:09,18.85,700,
09:38:09,18.85,5200,
09:38:09,18.85,100,
09:38:09,18.85,300,
09:38:09,18.85,200,
09:38:09,18.84,200,
09:38:09,18.84,100,
09:38:09,18.84,300,
09:38:09,18.83,100,
09:38:09,18.83,200,
09:38:09,18.83,500,
09:38:09,18.83,100,
09:38:09,18.83,100,
09:38:09,18.83,100,
09:38:09,18.83,100,
09:38:13,18.84,400,
09:38:13,18.84,200,
09:38:16,18.834,200,
09:38:20,18.8399,2000,
09:38:30,18.82,600,
09:38:35,18.81,100,
09:38:36,18.80,100,
09:38:36,18.80,500,
09:38:36,18.80,200,
09:38:40,18.77,500,
09:38:41,18.77,100,
09:38:41,18.76,1000,
09:38:42,18.781,2000,
09:38:42,18.791,250,
09:38:45,18.779,4000,
09:38:50,18.7898,200,
09:38:52,18.7963,100,
09:38:59,18.79,10000,
09:39:01,18.79,600,
09:39:01,18.7883,100,
09:39:01,18.7883,100,
09:39:01,18.789,900,
09:39:03,18.79,22500,
09:39:03,18.78,100,
09:39:03,18.78,300,
09:39:03,18.78,200,
09:39:03,18.78,300,
09:39:03,18.78,1200,
09:39:03,18.78,1400,
09:39:04,18.78,100,
09:39:06,18.779,200,
09:39:09,18.78,200,
09:39:09,18.78,200,
09:39:09,18.78,2700,
09:39:09,18.77,300,
09:39:10,18.77,300,
09:39:12,18.773,600,
09:39:14,18.77,150,
09:39:14,18.77,200,
09:39:14,18.77,100,
09:39:17,18.78,100,
09:39:19,18.773,1000,
09:39:22,18.7798,100,
09:39:29,18.78,1500,
09:39:31,18.78,150,
09:39:32,18.7859,100,
09:39:35,18.7778,100,
09:39:40,18.7701,500,
09:39:41,18.7671,200,
09:39:43,18.77,100,
09:39:43,18.77,2500,
09:39:43,18.77,200,
09:39:44,18.77,100,
09:39:50,18.78,1000,
09:39:51,18.77,800,
09:39:51,18.77,200,
09:39:51,18.76,200,
09:39:51,18.76,250,
09:39:52,18.7501,300,
09:39:52,18.75,500,
09:39:53,18.74,6000,
09:39:53,18.7499,1000,
09:39:54,18.7433,2000,
09:39:56,18.74,300,
09:39:56,18.75,100,
09:39:56,18.75,300,
09:39:56,18.76,300,
09:39:56,18.76,100,
09:39:56,18.76,100,
09:39:56,18.76,400,
09:39:56,18.76,100,
09:39:56,18.76,100,
09:39:56,18.76,700,
09:39:58,18.763,537,
09:39:58,18.77,100,
09:39:59,18.7701,2000,
09:40:00,18.77,800,
09:40:00,18.77,1200,
09:40:03,18.763,1000,
09:40:07,18.76,100,
09:40:09,18.767,500,
09:40:10,18.761,5000,
09:40:15,18.764,100,
09:40:15,18.7639,100,
09:40:15,18.7636,100,
09:40:15,18.7611,1000,
09:40:15,18.7633,100,
09:40:16,18.764,400,
09:40:18,18.77,800,
09:40:23,18.7693,400,
09:40:25,18.77,500,
09:40:33,18.761,2500,
09:40:38,18.755,1900,
09:40:39,18.75,200,
09:40:39,18.75,200,
09:40:40,18.75,300,
09:40:41,18.743,530,
09:40:42,18.75,100,
09:40:42,18.7456,100,
09:40:42,18.7461,600,
09:40:45,18.75,200,
09:40:45,18.75,100,
09:40:45,18.75,100,
09:40:45,18.75,100,
09:40:45,18.75,100,
09:40:45,18.75,100,
09:40:45,18.75,400,
09:40:45,18.75,7100,
09:40:45,18.75,11500,
09:40:47,18.749,5000,
09:40:48,18.75,1869,
09:40:50,18.74,500,
09:40:50,18.74,300,
09:40:50,18.74,200,
09:40:54,18.747,1000,
09:40:55,18.7498,1000,
09:40:56,18.7401,700,
09:40:56,18.74,800,
09:40:56,18.74,100,
09:41:00,18.747,250,
09:41:05,18.7318,200,
09:41:05,18.73,200,
09:41:08,18.74,300,
09:41:08,18.74,400,
09:41:11,18.74,400,
09:41:14,18.73,600,
09:41:15,18.72,500,
09:41:15,18.72,1400,
09:41:16,18.7108,100,
09:41:17,18.71,300,
09:41:17,18.71,600,
09:41:17,18.71,500,
09:41:17,18.71,100,
09:41:17,18.70,100,
09:41:17,18.70,1000,
09:41:17,18.69,200,
09:41:17,18.69,100,
09:41:18,18.711,3500,
09:41:18,18.6905,1000,
09:41:19,18.6905,500,
09:41:19,18.70,300,
09:41:19,18.70,100,
09:41:19,18.70,100,
09:41:19,18.70,100,
09:41:19,18.70,100,
09:41:19,18.70,100,
09:41:19,18.7021,800,
09:41:19,18.7021,100,
09:41:19,18.7021,100,
09:41:19,18.7021,100,
09:41:19,18.7021,300,
09:41:19,18.705,200,
09:41:20,18.69,1000,
09:41:22,18.70,200,
09:41:22,18.70,100,
09:41:22,18.70,400,
09:41:22,18.71,300,
09:41:22,18.71,500,
09:41:22,18.71,300,
09:41:22,18.71,100,
09:41:22,18.71,100,
09:41:22,18.72,500,
09:41:22,18.72,100,
09:41:22,18.72,300,
09:41:23,18.73,300,
09:41:24,18.74,200,
09:41:24,18.74,300,
09:41:26,18.74,200,
09:41:26,18.74,300,
09:41:34,18.7229,310,
09:41:34,18.72,100,
09:41:35,18.717,1000,
09:41:38,18.7299,800,
09:41:44,18.719,2000,
09:41:45,18.72,500,
09:41:45,18.72,100,
09:41:45,18.71,100,
09:41:45,18.71,100,
09:41:47,18.723,1000,
09:41:51,18.723,1200,
09:41:56,18.711,400,
09:41:57,18.72,100,
09:41:59,18.72,1114,
09:42:04,18.719,200,
09:42:05,18.719,400,
09:42:05,18.73,500,
09:42:05,18.71,200,
09:42:06,18.7115,2000,
09:42:06,18.719,2000,
09:42:08,18.71,100,
09:42:10,18.70,200,
09:42:11,18.69,200,
09:42:11,18.69,300,
09:42:11,18.69,400,
09:42:11,18.69,600,
09:42:11,18.68,100,
09:42:11,18.68,300,
09:42:12,18.68,2000,
09:42:14,18.68,100,
09:42:15,18.68,100,
09:42:16,18.68,500,
09:42:16,18.67,300,
09:42:16,18.67,1000,
09:42:18,18.69,500,
09:42:18,18.70,100,
09:42:19,18.7038,400,
09:42:21,18.699,300,
09:42:21,18.699,250,
09:42:25,18.693,1000,
09:42:26,18.70,200,
09:42:27,18.70,400,
09:42:28,18.693,1000,
09:42:30,18.69,100,
09:42:31,18.68,200,
09:42:33,18.68,150,
09:42:35,18.69,300,
09:42:35,18.69,500,
09:42:35,18.69,200,
09:42:35,18.6901,200,
09:42:35,18.6901,500,
09:42:35,18.6901,300,
09:42:36,18.70,2000,
09:42:46,18.6905,600,
09:42:49,18.687,1000,
09:42:54,18.683,1000,
09:42:58,18.672,1000,
09:42:59,18.68,100,
09:42:59,18.68,100,
09:42:59,18.673,300,
09:43:03,18.6899,100,
09:43:03,18.69,100,
09:43:04,18.6801,2000,
09:43:06,18.6801,400,
09:43:06,18.68,100,
09:43:07,18.68,2000,
09:43:07,18.68,1700,
09:43:09,18.69,400,
09:43:09,18.69,200,
09:43:10,18.69,1300,
09:43:16,18.69,600,
09:43:20,18.696,400,
09:43:22,18.697,500,
09:43:24,18.69,400,
09:43:25,18.69,300,
09:43:25,18.69,300,
09:43:26,18.70,1300,
09:43:26,18.70,400,
09:43:28,18.68,500,
09:43:35,18.6899,200,
09:43:36,18.68,500,
09:43:37,18.673,350,
09:43:38,18.69,100,
09:43:38,18.69,100,
09:43:38,18.69,100,
09:43:38,18.69,1200,
09:43:39,18.68,300,
09:43:46,18.68,260,
09:43:47,18.68,300,
09:43:47,18.6799,1000,
09:43:48,18.68,200,
09:43:48,18.68,360,
09:43:49,18.688,300,
09:43:51,18.69,100,
09:43:51,18.69,500,
09:43:51,18.693,300,
09:43:54,18.6915,100,
09:43:54,18.6999,5000,
09:43:55,18.69,200,
09:43:57,18.68,500,
09:43:59,18.6886,100,
09:43:59,18.6887,100,
09:43:59,18.6889,100,
09:43:59,18.6889,200,
09:43:59,18.689,1500,
09:44:00,18.70,400,
09:44:00,18.70,100,
09:44:03,18.7081,100,
09:44:03,18.709,300,
09:44:03,18.70,100,
09:44:07,18.706,100,
09:44:12,18.70,1500,
09:44:13,18.71,800,
09:44:14,18.7199,2400,
09:44:14,18.71,700,
09:44:15,18.71,800,
09:44:15,18.71,400,
09:44:19,18.71,100,
09:44:19,18.71,100,
09:44:20,18.719,300,
09:44:21,18.7198,500,
09:44:24,18.71,400,
09:44:24,18.71,500,
09:44:26,18.71,200,
09:44:27,18.71,500,
09:44:30,18.6999,350,
09:44:32,18.69,100,
09:44:32,18.69,100,
09:44:32,18.69,100,
09:44:32,18.69,100,
09:44:32,18.69,200,
09:44:32,18.69,100,
09:44:32,18.69,1900,
09:44:33,18.7179,100,
09:44:33,18.719,300,
09:44:34,18.71,700,
09:44:34,18.71,800,
09:44:41,18.72,600,
09:44:43,18.72,200,
09:44:45,18.72,125,
09:44:47,18.73,400,
09:44:47,18.73,125,
09:44:47,18.74,300,
09:44:47,18.75,300,
09:44:47,18.75,300,
09:44:47,18.75,1000,
09:44:48,18.7498,500,
09:44:48,18.749,700,
09:44:50,18.7572,100,
09:44:50,18.759,100,
09:44:50,18.75,100,
09:44:52,18.76,100,
09:44:52,18.76,100,
09:44:53,18.758,500,
09:44:54,18.75,300,
09:44:54,18.75,300,
09:44:54,18.74,300,
09:44:57,18.748,100,
09:44:59,18.749,1200,
09:45:00,18.76,100,
09:45:01,18.76,400,
09:45:01,18.76,4200,
09:45:01,18.76,400,
09:45:03,18.75,300,
09:45:03,18.75,300,
09:45:03,18.75,400,
09:45:03,18.75,100,
09:45:03,18.75,200,
09:45:03,18.74,400,
09:45:03,18.75,100,
09:45:04,18.754,150,
09:45:07,18.7499,200,
09:45:07,18.74,500,
09:45:07,18.74,900,
09:45:07,18.74,1100,
09:45:10,18.74,200,
09:45:21,18.73,300,
09:45:25,18.7305,1000,
09:45:25,18.74,400,
09:45:29,18.74,300,
09:45:29,18.74,200,
09:45:32,18.7493,200,
09:45:33,18.75,500,
09:45:33,18.75,200,
09:45:33,18.75,500,
09:45:45,18.733,800,
09:45:47,18.75,300,
09:45:49,18.743,500,
09:45:49,18.76,200,
09:45:50,18.76,500,
09:45:50,18.76,200,
09:45:50,18.76,300,
09:45:50,18.76,200,
09:45:52,18.74,100,
09:45:52,18.74,100,
09:45:53,18.74,200,
09:45:53,18.74,100,
09:45:55,18.75,100,
09:45:55,18.75,700,
09:45:56,18.76,1500,
09:45:58,18.75,500,
09:45:58,18.7593,1000,
09:45:59,18.7598,400,
09:46:02,18.751,100,
09:46:04,18.755,100,
09:46:04,18.755,100,
09:46:16,18.75,300,
09:46:19,18.771,100,
09:46:19,18.77,200,
09:46:20,18.76,100,
09:46:20,18.7626,300,
09:46:20,18.7626,400,
09:46:25,18.7799,100,
09:46:26,18.78,100,
09:46:27,18.7682,100,
09:46:27,18.7683,100,
09:46:27,18.77,400,
09:46:27,18.77,400,
09:46:27,18.77,400,
09:46:27,18.77,400,
09:46:29,18.77,200,
09:46:29,18.77,900,
09:46:29,18.77,200,
09:46:29,18.77,350,
09:46:34,18.77,100,
09:46:37,18.78,100,
09:46:37,18.78,300,
09:46:37,18.78,100,
09:46:37,18.78,100,
09:46:37,18.79,100,
09:46:37,18.79,100,
09:46:38,18.78,800,
09:46:38,18.78,100,
09:46:38,18.78,600,
09:46:38,18.78,100,
09:46:38,18.78,100,
09:46:38,18.78,100,
09:46:38,18.78,2600,
09:46:38,18.78,100,
09:46:38,18.79,2000,
09:46:38,18.78,8900,
09:46:38,18.79,500,
09:46:38,18.79,600,
09:46:38,18.79,800,
09:46:38,18.79,900,
09:46:38,18.79,700,
09:46:38,18.79,800,
09:46:44,18.79,200,
09:46:44,18.79,1800,
09:46:44,18.79,1700,
09:46:44,18.79,200,
09:46:49,18.805,1500,
09:46:50,18.82,300,
09:46:50,18.82,100,
09:46:50,18.82,500,
09:46:50,18.83,200,
09:46:50,18.829,100,
09:46:51,18.816,400,
09:46:51,18.8299,200,
09:46:51,18.8293,300,
09:46:52,18.8285,3000,
09:46:53,18.83,200,
09:46:53,18.825,1200,
09:46:53,18.825,300,
09:46:56,18.81,100,
09:46:57,18.809,300,
09:47:00,18.807,500,
09:47:00,18.809,100,
09:47:00,18.8001,400,
09:47:02,18.809,200,
09:47:02,18.809,200,
09:47:03,18.82,133,
09:47:03,18.82,134,
09:47:03,18.8199,9300,
09:47:03,18.82,1433,
09:47:05,18.8185,100,
09:47:05,18.8112,100,
09:47:18,18.81,25000,
09:47:20,18.8293,400,
09:47:24,18.82,400,
09:47:24,18.82,600,
09:47:24,18.82,100,
09:47:24,18.81,100,
09:47:24,18.81,950,
09:47:25,18.83,100,
09:47:25,18.829,2000,
09:47:26,18.837,500,
09:47:29,18.84,600,
09:47:29,18.836,100,
09:47:33,18.84,200,
09:47:35,18.84,500,
09:47:38,18.869,4000,
09:47:40,18.84,700,
09:47:41,18.85,100,
09:47:41,18.85,100,
09:47:52,18.8401,500,
09:48:02,18.85,100,
09:48:05,18.8599,820,
09:48:05,18.85,200,
09:48:05,18.85,300,
09:48:09,18.84,300,
09:48:09,18.84,200,
09:48:15,18.82,600,
09:48:15,18.80,200,
09:48:16,18.8093,100,
09:48:17,18.80,400,
09:48:17,18.81,100,
09:48:21,18.81,500,
09:48:21,18.81,300,
09:48:23,18.80,200,
09:48:23,18.80,200,
09:48:26,18.80,1000,
09:48:26,18.80,500,
09:48:27,18.81,200,
09:48:33,18.83,110,
09:48:36,18.829,2000,
09:48:40,18.827,1000,
09:48:41,18.8093,100,
09:48:43,18.81,400,
09:48:46,18.82,400,
09:48:49,18.8186,1000,
09:48:57,18.8201,5000,
09:49:01,18.8201,800,
09:49:06,18.8099,200,
09:49:06,18.81,100,
09:49:08,18.80,400,
09:49:09,18.809,1000,
09:49:13,18.81,300,
09:49:13,18.8001,400,
09:49:13,18.80,100,
09:49:15,18.81,300,
09:49:18,18.81,100,
09:49:18,18.81,1700,
09:49:19,18.81,3300,
09:49:22,18.8171,450,
09:49:27,18.8201,1000,
09:49:49,18.83,200,
09:49:55,18.8314,200,
09:49:55,18.83,300,
09:50:00,18.839,3900,
09:50:02,18.84,300,
09:50:03,18.85,400,
09:50:03,18.85,800,
09:50:03,18.85,400,
09:50:03,18.85,100,
09:50:05,18.86,100,
09:50:05,18.86,661,
09:50:05,18.86,100,
09:50:07,18.86,700,
09:50:09,18.86,7000,
09:50:12,18.8517,100,
09:50:12,18.8514,200,
09:50:12,18.851,1315,
09:50:13,18.8575,2500,
09:50:20,18.851,5000,
09:50:24,18.8801,500,
09:50:29,18.88,100,
09:50:38,18.87,100,
09:50:39,18.8705,400,
09:50:39,18.87,200,
09:50:39,18.87,300,
09:50:39,18.87,1800,
09:50:39,18.87,300,
09:50:39,18.87,500,
09:50:39,18.87,500,
09:50:39,18.87,1400,
09:50:41,18.87,300,
09:50:41,18.87,500,
09:50:44,18.8705,1000,
09:50:48,18.8899,150,
09:50:51,18.89,100,
09:50:51,18.89,400,
09:50:53,18.90,300,
09:50:54,18.8988,200,
09:50:54,18.8988,200,
09:50:54,18.8988,200,
09:50:54,18.90,300,
09:50:54,18.90,200,
09:50:54,18.90,200,
09:50:55,18.90,500,
09:50:55,18.89,2800,
09:50:56,18.89,1500,
09:50:59,18.899,5000,
09:51:03,18.8965,3000,
09:51:06,18.90,229,
09:51:09,18.8999,1500,
09:51:09,18.90,200,
09:51:11,18.896,125,
09:51:13,18.90,1000,
09:51:13,18.91,100,
09:51:13,18.91,300,
09:51:13,18.92,100,
09:51:13,18.92,1060,
09:51:17,18.917,1300,
09:51:20,18.917,1000,
09:51:22,18.917,500,
09:51:24,18.9251,100,
09:51:24,18.9202,100,
09:51:28,18.93,300,
09:51:29,18.93,10000,
09:51:32,18.92,100,
09:51:33,18.929,100,
09:51:37,18.9277,500,
09:51:40,18.92,3500,
09:51:43,18.929,200,
09:51:44,18.92,1000,
09:51:45,18.92,170,
09:51:45,18.92,100,
09:51:47,18.91,265,
09:51:50,18.90,1500,
09:51:50,18.90,1100,
09:51:50,18.90,500,
09:51:51,18.901,500,
09:51:54,18.91,100,
09:51:54,18.91,6000,
09:51:58,18.91,275,
09:51:58,18.91,300,
09:51:58,18.91,500,
09:51:59,18.90,100,
09:52:05,18.92,700,
09:52:07,18.909,400,
09:52:07,18.91,200,
09:52:10,18.911,2000,
09:52:13,18.91,800,
09:52:13,18.91,500,
09:52:13,18.91,300,
09:52:13,18.91,662,
09:52:13,18.91,100,
09:52:13,18.92,500,
09:52:13,18.91,100,
09:52:13,18.92,400,
09:52:13,18.93,700,
09:52:13,18.93,300,
09:52:13,18.93,600,
09:52:13,18.93,100,
09:52:13,18.93,100,
09:52:13,18.93,100,
09:52:13,18.93,100,
09:52:13,18.93,100,
09:52:13,18.93,100,
09:52:13,18.9279,100,
09:52:13,18.929,100,
09:52:17,18.91,600,
09:52:17,18.9129,200,
09:52:23,18.91,1000,
09:52:24,18.91,200,
09:52:25,18.92,100,
09:52:25,18.91,100,
09:52:25,18.92,200,
09:52:25,18.92,100,
09:52:25,18.92,100,
09:52:26,18.9272,100,
09:52:32,18.92,1100,
09:52:32,18.92,200,
09:52:32,18.92,100,
09:52:32,18.92,200,
09:52:34,18.91,600,
09:52:34,18.911,3300,
09:52:36,18.90,200,
09:52:39,18.90,200,
09:52:44,18.91,500,
09:52:47,18.91,400,
09:52:47,18.91,200,
09:52:55,18.91,500,
09:53:10,18.9025,500,
09:53:14,18.901,2500,
09:53:14,18.901,200,
09:53:17,18.91,100,
09:53:25,18.90,3000,
09:53:25,18.89,300,
09:53:25,18.907,1500,
09:53:25,18.88,100,
09:53:25,18.8701,200,
09:53:25,18.87,100,
09:53:28,18.87,300,
09:53:28,18.87,200,
09:53:29,18.8532,200,
09:53:30,18.85,600,
09:53:31,18.86,300,
09:53:32,18.85,500,
09:53:32,18.85,200,
09:53:32,18.85,100,
09:53:32,18.85,2000,
09:53:35,18.849,1000,
09:53:36,18.84,2000,
09:53:36,18.84,100,
09:53:36,18.83,100,
09:53:36,18.83,400,
09:53:38,18.83,200,
09:53:38,18.835,2650,
09:53:39,18.84,100,
09:53:39,18.83,100,
09:53:39,18.835,100,
09:53:40,18.843,300,
09:53:43,18.83,100,
09:53:44,18.833,232,
09:53:45,18.84,100,
09:53:49,18.84,100,
09:53:53,18.83,325,
09:53:53,18.83,400,
09:53:53,18.83,200,
09:53:55,18.84,500,
09:53:57,18.85,100,
09:53:58,18.8571,100,
09:53:59,18.85,600,
09:53:59,18.85,321,
09:53:59,18.84,800,
09:53:59,18.84,100,
09:53:59,18.84,700,
09:53:59,18.84,300,
09:53:59,18.84,300,
09:53:59,18.84,100,
09:53:59,18.84,1800,
09:53:59,18.84,300,
09:53:59,18.84,2700,
09:53:59,18.84,600,
09:53:59,18.83,300,
09:53:59,18.83,200,
09:53:59,18.83,100,
09:53:59,18.83,300,
09:53:59,18.83,300,
09:53:59,18.82,300,
09:53:59,18.82,100,
09:53:59,18.82,100,
09:53:59,18.82,100,
09:54:02,18.82,100,
09:54:02,18.82,300,
09:54:05,18.813,781,
09:54:06,18.80,500,
09:54:08,18.81,100,
09:54:08,18.80,100,
09:54:11,18.81,100,
09:54:12,18.80,300,
09:54:12,18.80,500,
09:54:13,18.81,200,
09:54:14,18.8057,7500,
09:54:21,18.80,100,
09:54:23,18.79,500,
09:54:26,18.80,100,
09:54:27,18.7893,4000,
09:54:32,18.79,1000,
09:54:33,18.79,100,
09:54:34,18.79,300,
09:54:34,18.79,300,
09:54:38,18.79,3000,
09:54:39,18.79,200,
09:54:39,18.79,500,
09:54:41,18.79,500,
09:54:49,18.79,200,
09:54:52,18.80,300,
09:54:55,18.80,100,
09:55:13,18.77,3100,
09:55:15,18.76,400,
09:55:15,18.76,300,
09:55:16,18.75,1000,
09:55:17,18.75,1000,
09:55:17,18.75,400,
09:55:17,18.75,1400,
09:55:17,18.75,4500,
09:55:18,18.75,500,
09:55:24,18.76,109,
09:55:25,18.78,1600,
09:55:25,18.78,1800,
09:55:25,18.78,100,
09:55:25,18.78,600,
09:55:25,18.78,400,
09:55:25,18.78,600,
09:55:25,18.78,800,
09:55:25,18.78,100,
09:55:26,18.78,600,
09:55:36,18.78,200,
09:55:36,18.78,300,
09:55:36,18.7799,4300,
09:55:40,18.78,300,
09:55:40,18.78,400,
09:55:40,18.78,400,
09:55:50,18.7618,100,
09:55:50,18.761,100,
09:55:55,18.77,200,
09:56:00,18.76,500,
09:56:04,18.75,3000,
09:56:05,18.76,3458,
09:56:05,18.76,2700,
09:56:05,18.76,300,
09:56:05,18.76,200,
09:56:05,18.76,342,
09:56:05,18.77,1200,
09:56:10,18.77,100,
09:56:16,18.78,100,
09:56:16,18.78,400,
09:56:16,18.78,500,
09:56:18,18.79,300,
09:56:24,18.809,2000,
09:56:25,18.80,100,
09:56:25,18.80,500,
09:56:25,18.80,100,
09:56:25,18.80,100,
09:56:25,18.80,100,
09:56:25,18.80,100,
09:56:26,18.80,300,
09:56:26,18.80,100,
09:56:26,18.80,500,
09:56:27,18.80,200,
09:56:35,18.81,100,
09:56:35,18.81,600,
09:56:36,18.82,400,
09:56:36,18.82,200,
09:56:36,18.82,400,
09:56:36,18.82,500,
09:56:36,18.82,900,
09:56:36,18.817,670,
09:56:37,18.82,300,
09:56:40,18.82,100,
09:56:40,18.827,1000,
09:56:42,18.82,2200,
09:56:42,18.82,200,
09:56:42,18.82,300,
09:56:42,18.82,700,
09:56:42,18.82,200,
09:56:49,18.82,100,
09:56:49,18.82,500,
09:56:55,18.81,478,
09:56:59,18.787,500,
09:57:00,18.78,500,
09:57:10,18.78,100,
09:57:12,18.779,500,
09:57:33,18.787,1500,
09:58:00,18.82,1000,
09:58:02,18.817,600,
09:58:11,18.81,500,
09:58:12,18.8185,100,
09:58:12,18.8185,100,
09:58:12,18.8188,100,
09:58:12,18.8189,1300,
09:58:12,18.819,2000,
09:58:14,18.82,8300,
09:58:18,18.82,200,
09:58:27,18.82,350,
09:58:38,18.82,200,
09:58:38,18.817,500,
09:58:42,18.8007,400,
09:58:48,18.81,500,
09:58:49,18.82,300,
09:58:50,18.819,250,
09:58:53,18.81,300,
09:58:58,18.81,100,
09:59:00,18.82,100,
09:59:00,18.82,500,
09:59:03,18.82,400,
09:59:03,18.82,400,
09:59:03,18.82,100,
09:59:04,18.8199,750,
09:59:12,18.82,1000,
09:59:16,18.84,100,
09:59:16,18.84,200,
09:59:16,18.84,100,
09:59:16,18.84,300,
09:59:16,18.84,200,
09:59:16,18.84,200,
09:59:17,18.85,100,
09:59:17,18.86,300,
09:59:17,18.86,100,
09:59:17,18.86,100,
09:59:19,18.87,100,
09:59:21,18.86,200,
09:59:26,18.86,200,
09:59:26,18.86,100,
09:59:27,18.85,200,
09:59:32,18.86,100,
09:59:32,18.86,300,
09:59:33,18.85,100,
09:59:42,18.866,200,
09:59:43,18.869,2400,
09:59:43,18.87,100,
09:59:43,18.87,900,
09:59:45,18.861,1000,
09:59:50,18.86,500,
09:59:53,18.8699,500,
10:00:06,18.86,5000,
10:00:13,18.87,2000,
10:00:17,18.86,100,
10:00:22,18.88,1000,
10:00:22,18.88,200,
10:00:24,18.88,200,
10:00:27,18.87,500,
10:00:27,18.88,100,
10:00:27,18.88,100,
10:00:27,18.869,240,
10:00:28,18.87,300,
10:00:28,18.87,500,
10:00:28,18.87,100,
10:00:28,18.87,300,
10:00:32,18.89,100,
10:00:32,18.889,200,
10:00:34,18.8814,1000,
10:00:40,18.90,1500,
10:00:40,18.91,100,
10:00:40,18.91,500,
10:00:41,18.92,500,
10:00:45,18.92,500,
10:00:47,18.9299,1000,
10:00:49,18.93,100,
10:00:50,18.923,1270,
10:00:51,18.9399,300,
10:00:53,18.93,300,
10:00:53,18.93,300,
10:00:53,18.93,900,
10:00:53,18.93,300,
10:00:53,18.93,200,
10:00:53,18.93,300,
10:00:55,18.921,500,
10:00:56,18.93,600,
10:00:57,18.929,100,
10:00:57,18.929,100,
10:00:58,18.921,2858,
10:00:59,18.93,400,
10:01:03,18.94,100,
10:01:04,18.94,200,
10:01:04,18.949,100,
10:01:04,18.9465,4000,
10:01:05,18.947,100,
10:01:05,18.9474,100,
10:01:05,18.95,600,
10:01:05,18.96,200,
10:01:05,18.96,200,
10:01:05,18.96,200,
10:01:05,18.96,200,
10:01:05,18.96,100,
10:01:05,18.9609,100,
10:01:05,18.9605,500,
10:01:05,18.961,900,
10:01:07,18.95,200,
10:01:07,18.9462,620,
10:01:07,18.94,100,
10:01:08,18.93,500,
10:01:08,18.93,200,
10:01:08,18.94,100,
10:01:09,18.939,100,
10:01:10,18.9387,100,
10:01:10,18.9387,400,
10:01:10,18.9387,100,
10:01:11,18.94,100,
10:01:14,18.94,2600,
10:01:14,18.937,500,
10:01:14,18.94,200,
10:01:14,18.94,100,
10:01:14,18.97,200,
10:01:14,18.97,100,
10:01:14,18.97,200,
10:01:14,18.97,200,
10:01:14,18.97,490,
10:01:14,18.97,100,
10:01:14,18.97,100,
10:01:14,18.97,200,
10:01:15,18.97,200,
10:01:16,18.9385,100,
10:01:17,18.95,200,
10:01:18,18.96,1500,
10:01:19,18.9572,200,
10:01:20,18.96,2000,
10:01:23,18.957,1000,
10:01:25,18.9624,100,
10:01:27,18.969,5000,
10:01:31,18.96,300,
10:01:31,18.96,1000,
10:01:36,18.96,100,
10:01:37,18.9609,800,
10:01:38,18.96,200,
10:01:39,18.96,3000,
10:01:41,18.954,277,
10:01:54,18.97,200,
10:01:55,18.97,300,
10:01:56,18.97,500,
10:01:59,18.963,1000,
10:02:00,18.9699,200,
10:02:02,18.97,300,
10:02:05,18.977,500,
10:02:06,18.96,100,
10:02:06,18.9699,1000,
10:02:06,18.97,2000,
10:02:08,18.96,2000,
10:02:10,18.9599,2000,
10:02:13,18.956,300,
10:02:15,18.955,900,
10:02:15,18.9515,100,
10:02:16,18.95,1300,
10:02:19,18.96,100,
10:02:23,18.96,700,
10:02:24,18.957,1000,
10:02:25,18.95,100,
10:02:29,18.96,500,
10:02:32,18.95,100,
10:02:37,18.95,1300,
10:02:41,18.947,1000,
10:02:46,18.945,100,
10:02:46,18.95,300,
10:02:46,18.9529,293,
10:02:46,18.95,300,
10:02:46,18.95,200,
10:02:46,18.95,100,
10:02:46,18.95,100,
10:02:46,18.95,300,
10:02:46,18.95,400,
10:02:49,18.94,100,
10:02:52,18.94,300,
10:02:53,18.95,300,
10:02:53,18.95,100,
10:02:54,18.94,1000,
10:02:57,18.9499,1000,
10:02:59,18.9415,100,
10:02:59,18.95,4000,
10:03:01,18.943,1000,
10:03:01,18.9491,1900,
10:03:08,18.95,1600,
10:03:13,18.96,5000,
10:03:13,18.95,1000,
10:03:13,18.95,5000,
10:03:15,18.95,300,
10:03:15,18.95,300,
10:03:15,18.95,100,
10:03:15,18.95,521,
10:03:17,18.94,1000,
10:03:19,18.94,300,
10:03:20,18.94,100,
10:03:20,18.94,600,
10:03:21,18.95,100,
10:03:21,18.95,300,
10:03:21,18.95,600,
10:03:21,18.95,500,
10:03:21,18.94,100,
10:03:22,18.95,200,
10:03:28,18.9585,3000,
10:03:31,18.97,500,
10:03:31,18.97,200,
10:03:31,18.961,700,
10:03:37,18.98,1200,
10:03:42,18.97,100,
10:03:48,18.967,600,
10:03:50,18.99,1053,
10:03:53,18.98,200,
10:03:53,18.98,300,
10:03:53,18.98,400,
10:03:53,18.9875,2900,
10:03:53,18.98,200,
10:03:53,18.98,400,
10:03:54,18.971,700,
10:03:57,18.9894,100,
10:03:58,18.99,1000,
10:04:00,18.99,800,
10:04:00,18.99,100,
10:04:00,18.99,200,
10:04:03,18.9899,6000,
10:04:05,18.98,838,
10:04:05,18.98,200,
10:04:06,19,100,
10:04:09,18.99,500,
10:04:09,19,5000,
10:04:10,18.987,800,
10:04:10,18.988,200,
10:04:10,18.989,100,
10:04:11,18.987,1000,
10:04:13,19,1000,
10:04:14,18.99,500,
10:04:15,18.9995,1560,
10:04:17,19,205,
10:04:17,19.0099,400,
10:04:17,19.0054,300,
10:04:19,19.003,1000,
10:04:21,19.006,157,
10:04:24,19.01,800,
10:04:24,19.01,800,
10:04:25,19.006,400,
10:04:26,19.0095,1000,
10:04:27,19.0071,200,
10:04:31,19.01,100,
10:04:33,19.01,600,
10:04:35,19.01,5000,
10:04:36,19.0199,2500,
10:04:40,19.0199,3000,
10:04:40,19.017,400,
10:04:41,19.01,1000,
10:04:41,19.01,200,
10:04:41,19.01,200,
10:04:41,19.01,500,
10:04:41,19.01,200,
10:04:42,19.01,500,
10:04:42,19.01,200,
10:04:42,19.01,200,
10:04:42,19.01,250,
10:04:42,19.01,400,
10:04:42,19.01,300,
10:04:42,19.01,100,
10:04:42,19.01,100,
10:04:42,19.01,100,
10:04:46,19.018,400,
10:04:48,19.009,200,
10:04:48,19.01,300,
10:04:48,19.009,200,
10:04:48,19.0107,400,
10:04:51,19.009,1300,
10:04:51,19.0105,1000,
10:04:52,19.02,1000,
10:04:52,19.02,100,
10:04:52,19.03,300,
10:04:52,19.02,450,
10:04:52,19.02,100,
10:04:52,19.03,500,
10:04:52,19.03,600,
10:04:52,19.03,600,
10:04:52,19.03,100,
10:04:52,19.03,600,
10:04:52,19.03,100,
10:04:52,19.03,200,
10:04:52,19.03,300,
10:04:52,19.02,100,
10:04:53,19.04,200,
10:04:53,19.04,700,
10:04:55,19.0305,1000,
10:04:57,19.0399,2650,
10:04:57,19.04,300,
10:04:58,19.05,500,
10:04:58,19.05,200,
10:04:58,19.05,500,
10:04:58,19.05,600,
10:04:58,19.05,500,
10:04:58,19.05,100,
10:04:58,19.05,200,
10:04:59,19.06,100,
10:05:01,19.0689,100,
10:05:01,19.069,100,
10:05:01,19.07,300,
10:05:01,19.07,2500,
10:05:01,19.07,100,
10:05:01,19.07,100,
10:05:01,19.08,100,
10:05:01,19.08,111,
10:05:01,19.07,100,
10:05:02,19.07,100,
10:05:02,19.06,2600,
10:05:03,19.06,700,
10:05:03,19.06,100,
10:05:03,19.06,300,
10:05:03,19.06,100,
10:05:03,19.06,400,
10:05:03,19.06,100,
10:05:03,19.06,100,
10:05:07,19.06,3700,
10:05:07,19.06,200,
10:05:08,19.05,300,
10:05:08,19.05,300,
10:05:08,19.05,1400,
10:05:08,19.03,100,
10:05:08,19.03,100,
10:05:08,19.03,150,
10:05:08,19.059,1000,
10:05:09,19.0307,300,
10:05:10,19.0306,100,
10:05:10,19.036,100,
10:05:11,19.0398,200,
10:05:11,19.0398,300,
10:05:11,19.0385,100,
10:05:11,19.039,300,
10:05:13,19.04,100,
10:05:13,19.039,1300,
10:05:17,19.04,300,
10:05:22,19.04,125,
10:05:22,19.04,1800,
10:05:22,19.04,375,
10:05:24,19.04,400,
10:05:25,19.039,200,
10:05:25,19.039,100,
10:05:27,19.04,600,
10:05:27,19.04,500,
10:05:27,19.04,500,
10:05:31,19.047,1000,
10:05:33,19.041,6000,
10:05:33,19.03,200,
10:05:33,19.03,200,
10:05:39,19.037,500,
10:05:40,19.0325,5000,
10:05:43,19.031,2000,
10:05:44,19.05,400,
10:05:44,19.05,200,
10:05:46,19.04,400,
10:05:46,19.04,500,
10:05:49,19.03,500,
10:05:49,19.03,200,
10:05:50,19.0316,1000,
10:05:51,19.0399,178,
10:05:53,19.05,1000,
10:05:54,19.04,100,
10:05:58,19.0325,7400,
10:06:00,19.0401,395,
10:06:01,19.05,100,
10:06:01,19.05,100,
10:06:01,19.05,700,
10:06:01,19.05,1800,
10:06:06,19.0502,200,
10:06:07,19.06,200,
10:06:07,19.06,100,
10:06:07,19.06,1100,
10:06:10,19.063,400,
10:06:13,19.06,10000,
10:06:13,19.07,200,
10:06:13,19.07,200,
10:06:13,19.07,100,
10:06:14,19.0795,1560,
10:06:15,19.07,100,
10:06:16,19.08,400,
10:06:16,19.08,400,
10:06:16,19.079,500,
10:06:17,19.08,300,
10:06:17,19.09,500,
10:06:18,19.079,1500,
10:06:18,19.0884,523,
10:06:18,19.09,300,
10:06:19,19.09,500,
10:06:19,19.09,500,
10:06:22,19.09,700,
10:06:23,19.08,1000,
10:06:24,19.08,1650,
10:06:25,19.08,100,
10:06:26,19.0899,200,
10:06:26,19.09,100,
10:06:26,19.09,100,
10:06:27,19.0885,7500,
10:06:28,19.0729,100,
10:06:28,19.07,100,
10:06:29,19.07,100,
10:06:33,19.067,500,
10:06:34,19.0799,100,
10:06:35,19.08,500,
10:06:36,19.07,600,
10:06:36,19.077,1000,
10:06:40,19.06,500,
10:06:41,19.07,2000,
10:06:46,19.06,300,
10:06:46,19.05,100,
10:06:46,19.05,200,
10:06:46,19.05,100,
10:06:49,19.047,500,
10:06:53,19.05,200,
10:06:54,19.05,500,
10:06:54,19.0499,100,
10:06:55,19.05,1400,
10:06:59,19.0671,100,
10:07:03,19.06,200,
10:07:07,19.067,100,
10:07:09,19.057,500,
10:07:10,19.05,100,
10:07:12,19.05,500,
10:07:13,19.0599,1000,
10:07:15,19.053,1500,
10:07:18,19.06,400,
10:07:20,19.0605,1560,
10:07:22,19.067,500,
10:07:23,19.06,510,
10:07:24,19.07,100,
10:07:27,19.0601,6000,
10:07:30,19.066,157,
10:07:30,19.05,100,
10:07:33,19.047,1000,
10:07:35,19.04,3300,
10:07:35,19.035,133,
10:07:40,19.04,300,
10:07:48,19.043,350,
10:07:48,19.0484,200,
10:07:52,19.05,100,
10:07:55,19.04,300,
10:07:56,19.045,1000,
10:08:02,19.04,200,
10:08:04,19.03,10000,
10:08:12,19.039,500,
10:08:13,19.04,100,
10:08:13,19.04,100,
10:08:13,19.041,8300,
10:08:13,19.041,1000,
10:08:15,19.04,2500,
10:08:20,19.0302,1000,
10:08:21,19.04,300,
10:08:23,19.04,300,
10:08:29,19.0495,1000,
10:08:31,19.047,1000,
10:08:35,19.0407,300,
10:08:36,19.03,200,
10:08:37,19.0495,1000,
10:08:41,19.04,100,
10:08:51,19.03,978,
10:08:51,19.03,300,
10:08:51,19.03,200,
10:08:51,19.02,100,
10:08:51,19.021,1600,
10:08:51,19.0299,400,
10:08:51,19.02,200,
10:08:51,19.02,300,
10:08:51,19.02,200,
10:08:52,19.01,240,
10:08:52,19.01,523,
10:08:52,19.01,100,
10:08:52,19.01,100,
10:08:53,19.01,5000,
10:08:53,19.01,400,
10:08:54,19,394,
10:08:54,19.02,200,
10:08:56,19.02,400,
10:08:56,19.0101,3000,
10:08:57,19.0101,6000,
10:09:02,19,200,
10:09:02,19,144,
10:09:02,18.99,100,
10:09:02,18.98,1200,
10:09:02,18.98,100,
10:09:02,18.98,1500,
10:09:02,18.98,100,
10:09:03,18.9838,250,
10:09:05,18.98,2000,
10:09:08,18.984,400,
10:09:08,18.98,100,
10:09:11,18.983,900,
10:09:12,18.98,900,
10:09:13,18.9737,5000,
10:09:16,18.97,100,
10:09:16,18.97,1800,
10:09:16,18.96,600,
10:09:16,18.96,1000,
10:09:16,18.96,700,
10:09:16,18.9517,500,
10:09:16,18.951,700,
10:09:17,18.953,1200,
10:09:17,18.951,100,
10:09:20,18.96,100,
10:09:21,18.9625,100,
10:09:22,18.96,300,
10:09:22,18.96,900,
10:09:24,18.9528,300,
10:09:24,18.951,400,
10:09:25,18.95,4567,
10:09:30,18.959,1000,
10:09:30,18.96,1000,
10:09:31,18.95,300,
10:09:34,18.94,300,
10:09:38,18.941,2000,
10:09:39,18.96,400,
10:09:42,18.96,400,
10:09:44,18.97,500,
10:09:44,18.98,300,
10:09:49,18.9817,100,
10:09:49,18.9814,100,
10:09:49,18.9814,100,
10:09:49,18.981,300,
10:09:53,18.98,300,
10:09:55,18.99,300,
10:09:57,18.99,600,
10:09:57,18.99,400,
10:09:59,18.99,400,
10:10:08,18.992,360,
10:10:10,18.99,100,
10:10:10,18.99,300,
10:10:14,18.99,700,
10:10:21,18.9999,133,
10:10:21,18.987,1500,
10:10:26,18.99,200,
10:10:26,18.99,1400,
10:10:26,18.9828,100,
10:10:26,18.981,160,
10:10:30,18.98,300,
10:10:32,18.99,100,
10:10:39,19,1000,
10:10:39,19,1100,
10:10:40,19.01,100,
10:10:41,19.02,500,
10:10:41,19.02,1300,
10:10:49,19.03,500,
10:10:52,19.023,1000,
10:10:53,19.027,1500,
10:10:56,19.03,400,
10:10:57,19.04,200,
10:10:57,19.04,400,
10:10:57,19.039,1800,
10:11:00,19.04,100,
10:11:00,19.05,1000,
10:11:01,19.04,3400,
10:11:02,19.04,500,
10:11:03,19.0485,100,
10:11:03,19.04,200,
10:11:03,19.04,400,
10:11:03,19.04,150,
10:11:03,19.04,100,
10:11:04,19.0307,185,
10:11:06,19.0353,250,
10:11:07,19.03,384,
10:11:07,19.03,100,
10:11:09,19.03,300,
10:11:10,19.039,100,
10:11:15,19.04,280,
10:11:21,19.03,100,
10:11:25,19.03,1000,
10:11:30,19.01,500,
10:11:38,19,175,
10:11:41,19.01,1350,
10:11:41,19.01,100,
10:11:51,19.019,5000,
10:11:59,19.01,600,
10:11:59,19.01,1050,
10:11:59,19.01,300,
10:12:03,19.01,300,
10:12:03,19.01,200,
10:12:03,19.01,200,
10:12:06,19.01,500,
10:12:13,19.02,300,
10:12:14,19.03,300,
10:12:14,19.03,200,
10:12:16,19.04,200,
10:12:24,19.05,1500,
10:12:28,19.043,500,
10:12:30,19.05,100,
10:12:30,19.05,4198,
10:12:30,19.06,300,
10:12:30,19.06,500,
10:12:30,19.06,1439,
10:12:30,19.06,300,
10:12:31,19.06,3000,
10:12:35,19.03,200,
10:12:35,19.03,200,
10:12:35,19.03,400,
10:12:35,19.03,200,
10:12:35,19.03,500,
10:12:36,19.04,200,
10:12:36,19.04,500,
10:12:37,19.0375,300,
10:12:45,19.037,500,
10:12:56,19.05,300,
10:13:01,19.0671,300,
10:13:02,19.0527,100,
10:13:02,19.051,200,
10:13:03,19.05,200,
10:13:16,19.04,3394,
10:13:16,19.04,200,
10:13:19,19.033,1000,
10:13:21,19.04,100,
10:13:21,19.04,300,
10:13:21,19.04,300,
10:13:21,19.04,200,
10:13:23,19.06,100,
10:13:23,19.06,100,
10:13:23,19.06,300,
10:13:23,19.06,300,
10:13:23,19.06,300,
10:13:23,19.06,500,
10:13:23,19.06,100,
10:13:24,19.06,200,
10:13:24,19.06,1050,
10:13:24,19.05,100,
10:13:25,19.05,300,
10:13:27,19.06,300,
10:13:29,19.04,300,
10:13:29,19.03,200,
10:13:29,19.02,200,
10:13:29,19.02,200,
10:13:31,19.03,100,
10:13:36,19.0399,1000,
10:13:45,19.0393,300,
10:13:49,19.05,500,
10:13:51,19.05,100,
10:14:14,19.02,100,
10:14:14,19.02,100,
10:14:14,19.02,200,
10:14:14,19.02,100,
10:14:14,19.02,100,
10:14:14,19.02,1000,
10:14:14,19.02,300,
10:14:14,19.02,100,
10:14:14,19.03,200,
10:14:17,19.03,200,
10:14:20,19.03,300,
10:14:22,19.02,500,
10:14:22,19.02,300,
10:14:27,19.0193,200,
10:14:28,19.0193,300,
10:14:33,19.02,500,
10:14:33,19.02,150,
10:14:40,19.02,100,
10:14:40,19.01,1200,
10:14:40,19.01,1000,
10:14:40,19.01,100,
10:14:47,19.0101,375,
10:14:50,19.02,100,
10:14:50,19.02,1000,
10:14:50,19.02,100,
10:14:50,19.02,500,
10:14:51,19.02,400,
10:15:03,19.02,400,
10:15:03,19.02,100,
10:15:10,19.02,400,
10:15:23,19.01,200,
10:15:30,19.01,300,
10:15:35,19,325,
10:15:37,19.001,1675,
10:15:38,19.01,200,
10:15:45,19.0099,100,
10:15:47,19,123,
10:15:47,19,600,
10:15:47,19,300,
10:15:47,19,200,
10:15:47,19,1400,
10:15:47,19,1350,
10:15:47,19,300,
10:15:47,19,1350,
10:15:47,19,400,
10:15:47,19,100,
10:15:48,19,100,
10:15:50,19,3000,
10:15:53,19.0099,400,
10:15:56,19.01,600,
10:16:01,18.99,400,
10:16:01,18.98,100,
10:16:01,18.98,300,
10:16:01,18.98,200,
10:16:03,18.98,100,
10:16:05,18.99,100,
10:16:05,18.99,500,
10:16:05,18.99,1200,
10:16:05,18.99,630,
10:16:12,18.9801,500,
10:16:13,18.987,1000,
10:16:16,18.989,2000,
10:16:18,18.977,1500,
10:16:24,18.98,500,
10:16:26,18.97,100,
10:16:30,18.96,100,
10:16:30,18.96,100,
10:16:30,18.96,100,
10:16:30,18.96,200,
10:16:30,18.96,300,
10:16:30,18.96,300,
10:16:30,18.96,300,
10:16:30,18.96,500,
10:16:32,18.97,300,
10:16:32,18.96,100,
10:16:42,18.9699,500,
10:16:55,18.9681,500,
10:16:57,18.9671,300,
10:17:04,18.95,300,
10:17:06,18.9599,100,
10:17:06,18.9599,100,
10:17:09,18.94,100,
10:17:11,18.96,2800,
10:17:11,18.96,2000,
10:17:15,18.98,100,
10:17:19,18.97,100,
10:17:19,18.97,100,
10:17:19,18.97,300,
10:17:19,18.97,400,
10:17:19,18.97,1100,
10:17:25,18.97,600,
10:17:25,18.97,200,
10:17:25,18.97,1000,
10:17:36,18.983,100,
10:17:43,18.9799,2000,
10:17:55,18.98,100,
10:17:56,18.98,300,
10:17:57,18.99,100,
10:17:57,18.99,1200,
10:17:57,18.99,200,
10:18:06,18.99,600,
10:18:08,18.98,2500,
10:18:08,18.98,400,
10:18:08,18.98,100,
10:18:10,18.9701,200,
10:18:10,18.9701,200,
10:18:10,18.98,400,
10:18:19,18.9801,100,
10:18:27,18.98,9000,
10:18:33,18.97,100,
10:18:41,18.9799,1000,
10:18:42,18.971,1800,
10:18:42,18.971,1800,
10:18:45,18.965,500,
10:19:03,18.96,300,
10:19:03,18.96,100,
10:19:06,18.9405,1500,
10:19:11,18.9401,1000,
10:19:15,18.94,400,
10:19:15,18.94,400,
10:19:21,18.95,800,
10:19:21,18.95,4100,
10:19:34,18.95,2500,
10:19:39,18.93,300,
10:19:39,18.92,400,
10:19:39,18.92,100,
10:19:39,18.92,100,
10:19:39,18.92,100,
10:19:39,18.92,100,
10:19:39,18.92,500,
10:19:39,18.92,100,
10:19:39,18.94,600,
10:19:39,18.91,500,
10:19:39,18.91,100,
10:19:39,18.91,400,
10:19:39,18.91,200,
10:19:39,18.91,400,
10:19:39,18.91,500,
10:19:39,18.91,400,
10:19:39,18.9039,100,
10:19:39,18.9035,600,
10:19:39,18.9034,700,
10:19:39,18.90,600,
10:19:39,18.90,300,
10:19:39,18.90,1300,
10:19:39,18.90,1500,
10:19:39,18.90,100,
10:19:39,18.88,500,
10:19:40,18.89,500,
10:19:40,18.89,300,
10:19:40,18.89,500,
10:19:40,18.8946,1000,
10:19:40,18.8937,100,
10:19:40,18.8946,100,
10:19:40,18.8942,100,
10:19:40,18.91,500,
10:19:41,18.90,100,
10:19:41,18.90,148,
10:19:41,18.90,4000,
10:19:41,18.90,100,
10:19:41,18.90,100,
10:19:41,18.90,600,
10:19:42,18.91,300,
10:19:42,18.91,2000,
10:19:42,18.91,400,
10:19:43,18.91,300,
10:19:43,18.91,500,
10:19:43,18.9111,500,
10:19:43,18.911,600,
10:19:45,18.911,300,
10:19:47,18.9114,200,
10:19:47,18.9114,100,
10:19:47,18.9113,100,
10:19:48,18.91,277,
10:19:51,18.92,100,
10:19:51,18.917,1000,
10:20:01,18.93,100,
10:20:01,18.93,800,
10:20:01,18.93,100,
10:20:02,18.93,500,
10:20:02,18.939,200,
10:20:05,18.93,200,
10:20:06,18.93,100,
10:20:08,18.93,500,
10:20:09,18.9246,200,
10:20:10,18.92,100,
10:20:14,18.9146,200,
10:20:20,18.9117,300,
10:20:20,18.911,700,
10:20:23,18.93,100,
10:20:26,18.93,2000,
10:20:26,18.92,100,
10:20:26,18.92,100,
10:20:26,18.9201,500,
10:20:29,18.94,200,
10:20:29,18.94,100,
10:20:29,18.94,423,
10:20:30,18.94,1000,
10:20:34,18.95,300,
10:20:36,18.96,300,
10:20:42,18.96,100,
10:20:43,18.9699,1000,
10:20:45,18.96,100,
10:20:45,18.96,300,
10:20:45,18.96,283,
10:20:45,18.96,200,
10:20:54,18.96,300,
10:20:54,18.96,400,
10:21:02,18.97,100,
10:21:02,18.97,500,
10:21:02,18.97,500,
10:21:03,18.967,1000,
10:21:07,18.98,200,
10:21:10,18.99,1500,
10:21:12,18.98,400,
10:21:12,18.98,1800,
10:21:12,18.98,1600,
10:21:12,18.98,267,
10:21:12,18.97,1800,
10:21:14,18.97,400,
10:21:19,18.988,175,
10:21:24,18.98,300,
10:21:25,18.98,1000,
10:21:26,18.97,200,
10:21:28,18.97,500,
10:21:30,18.98,1451,
10:21:30,18.98,100,
10:21:30,18.98,400,
10:21:30,18.98,1536,
10:21:30,18.98,200,
10:21:30,18.98,164,
10:21:31,18.99,210,
10:21:31,18.99,1400,
10:21:31,18.99,190,
10:21:31,18.99,300,
10:21:37,18.99,500,
10:21:45,18.99,1800,
10:21:46,18.99,500,
10:21:48,18.999,400,
10:21:49,19,200,
10:21:49,19,1200,
10:21:49,19,690,
10:21:49,19,700,
10:21:49,19,300,
10:21:50,19,400,
10:21:52,19.0168,100,
10:21:52,19.0168,200,
10:21:52,19.0169,100,
10:21:52,19.0175,600,
10:21:52,19.0176,200,
10:21:52,19.0168,100,
10:21:52,19.0173,100,
10:21:52,19.0195,6300,
10:21:53,19.01,600,
10:21:53,19.01,1800,
10:21:58,19.01,100,
10:21:58,19.01,300,
10:21:58,19.01,100,
10:21:58,19.01,400,
10:21:58,19.01,200,
10:21:58,19.01,500,
10:22:02,19,100,
10:22:02,19,400,
10:22:02,19,400,
10:22:03,19,600,
10:22:03,19,1200,
10:22:05,19.01,200,
10:22:06,19.01,300,
10:22:09,19.01,400,
10:22:09,19.01,300,
10:22:11,19.01,250,
10:22:11,19.01,300,
10:22:11,19.01,700,
10:22:20,19,500,
10:22:24,19.01,100,
10:22:30,19,354,
10:22:30,19,200,
10:22:30,19,700,
10:22:30,19,346,
10:22:40,19.01,800,
10:22:41,19.02,100,
10:22:41,19.03,400,
10:22:41,19.03,300,
10:22:41,19.03,400,
10:22:41,19.04,100,
10:22:41,19.04,100,
10:22:41,19.04,500,
10:22:41,19.04,100,
10:22:41,19.04,100,
10:22:41,19.04,100,
10:22:41,19.04,100,
10:22:41,19.04,100,
10:22:42,19.04,285,
10:22:42,19.04,3615,
10:22:42,19.04,600,
10:22:42,19.003,1000,
10:22:44,19.037,600,
10:22:44,19.03,200,
10:22:44,19.03,200,
10:22:44,19.03,100,
10:22:51,19.03,577,
10:22:53,19.03,100,
10:22:57,19.023,1000,
10:23:00,19.029,600,
10:23:05,19.027,1500,
10:23:13,19.033,1000,
10:23:14,19.0332,1200,
10:23:14,19.0332,2800,
10:23:14,19.0332,200,
10:23:14,19.0325,100,
10:23:14,19.0318,200,
10:23:14,19.0325,100,
10:23:14,19.0324,100,
10:23:14,19.03,250,
10:23:14,19.03,250,
10:23:14,19.0305,3700,
10:23:22,19.05,100,
10:23:22,19.05,193,
10:23:22,19.05,2000,
10:23:22,19.05,500,
10:23:23,19.06,300,
10:23:23,19.05,1000,
10:23:23,19.06,500,
10:23:26,19.059,2000,
10:23:27,19.06,500,
10:23:27,19.06,200,
10:23:27,19.06,400,
10:23:27,19.06,400,
10:23:27,19.06,100,
10:23:29,19.057,500,
10:23:31,19.0505,1560,
10:23:33,19.057,1000,
10:23:37,19.047,500,
10:23:39,19.05,1900,
10:23:41,19.05,300,
10:23:41,19.05,400,
10:23:47,19.057,500,
10:23:48,19.06,200,
10:23:49,19.057,1500,
10:23:54,19.05,100,
10:23:54,19.05,200,
10:23:55,19.05,100,
10:24:07,19.06,1000,
10:24:09,19.06,400,
10:24:10,19.0599,200,
10:24:15,19.06,8000,
10:24:18,19.06,500,
10:24:18,19.06,400,
10:24:18,19.06,1200,
10:24:18,19.06,100,
10:24:23,19.0699,6000,
10:24:26,19.0665,100,
10:24:26,19.0669,200,
10:24:28,19.06,100,
10:24:28,19.05,100,
10:24:29,19.05,200,
10:24:29,19.03,100,
10:24:29,19.03,100,
10:24:29,19.03,400,
10:24:29,19.03,100,
10:24:29,19.02,300,
10:24:29,19.02,500,
10:24:29,19.02,1500,
10:24:29,19.02,100,
10:24:29,19.02,1200,
10:24:30,19.02,700,
10:24:30,19.02,500,
10:24:30,19.02,600,
10:24:32,19.003,1000,
10:24:42,19.017,1500,
10:24:56,19.03,100,
10:24:59,19.037,300,
10:25:13,19.0299,500,
10:25:14,19.03,900,
10:25:24,19.0215,2000,
10:25:35,19.02,500,
10:25:35,19.02,200,
10:25:35,19.02,100,
10:25:35,19.026,200,
10:25:38,19.03,800,
10:25:41,19.03,100,
10:25:44,19.03,1500,
10:25:47,19.02,100,
10:25:47,19.02,100,
10:25:47,19.02,300,
10:25:47,19.02,200,
10:25:50,19.0286X,100,
10:25:51,19.0101,6000,
10:25:59,19.03,100,
10:26:03,19.02,2000,
10:26:03,19.02,300,
10:26:03,19.02,700,
10:26:03,19.02,600,
10:26:03,19.02,2600,
10:26:03,19.02,200,
10:26:03,19.02,200,
10:26:03,19.02,100,
10:26:29,19.011,2000,
10:26:34,19.03,100,
10:26:44,19.03,100,
10:26:44,19.03,100,
10:26:44,19.03,1109,
10:26:44,19.03,909,
10:26:44,19.03,500,
10:26:44,19.03,691,
10:27:00,19.04,1500,
10:27:11,19.033,1500,
10:27:14,19.03,4700,
10:27:14,19.03,200,
10:27:21,19.03,1800,
10:27:21,19.03,400,
10:27:25,19.04,200,
10:27:25,19.04,100,
10:27:30,19.05,100,
10:27:30,19.05,5700,
10:27:30,19.0505,500,
10:27:33,19.0493,300,
10:27:43,19.05,2000,
10:27:44,19.05,100,
10:27:49,19.057,500,
10:27:52,19.057,664,
10:28:05,19.06,5000,
10:28:19,19.0483,400,
10:28:22,19.041,3000,
10:28:24,19.04,1800,
10:28:24,19.04,100,
10:28:36,19.04,300,
10:28:45,19.0301,100,
10:28:49,19.037,1050,
10:28:51,19.03,100,
10:28:51,19.03,200,
10:28:51,19.03,400,
10:28:51,19.03,200,
10:29:10,19.039,460,
10:29:13,19.03,100,
10:29:13,19.03,850,
10:29:13,19.0338,500,
10:29:20,19.036,255,
10:29:31,19.03,400,
10:29:31,19.03,300,
10:29:35,19.037,1000,
10:29:38,19.03,1800,
10:29:38,19.03,3900,
10:29:38,19.03,100,
10:29:38,19.03,200,
10:29:40,19.03,600,
10:29:40,19.03,1375,
10:29:40,19.03,100,
10:29:40,19.03,300,
10:29:40,19.03,400,
10:29:40,19.03,200,
10:29:40,19.03,600,
10:29:42,19.04,300,
10:29:44,19.042,100,
10:29:46,19.0483,1700,
10:29:46,19.049,1800,
10:29:47,19.0406,100,
10:29:55,19.0102,300,
10:29:55,19.011,400,
10:29:55,19.01,200,
10:29:56,19.019,300,
10:29:57,19.02,800,
10:30:05,19.04,300,
10:30:05,19.04,200,
10:30:06,19.04,123,
10:30:09,19.0305,750,
10:30:11,19.03,500,
10:30:14,19.03,223,
10:30:21,19.05,300,
10:30:21,19.05,26300,
10:30:23,19.07,9800,
10:30:27,19.0799,1500,
10:30:28,19.07,300,
10:30:29,19.07,100,
10:30:30,19.07,1200,
10:30:34,19.08,1173,
10:30:34,19.08,700,
10:30:34,19.09,800,
10:30:34,19.10,100,
10:30:35,19.10,350,
10:30:35,19.10,300,
10:30:35,19.10,100,
10:30:36,19.10,4100,
10:30:36,19.10,1000,
10:30:36,19.10,900,
10:30:36,19.0986,1000,
10:30:37,19.11,1000,
10:30:37,19.12,100,
10:30:37,19.12,1100,
10:30:37,19.12,1100,
10:30:37,19.1188,200,
10:30:37,19.119,1400,
10:30:37,19.12,100,
10:30:37,19.12,100,
10:30:37,19.12,100,
10:30:37,19.12,300,
10:30:37,19.12,300,
10:30:37,19.119,1400,
10:30:37,19.10,1872,
10:30:37,19.11,500,
10:30:37,19.11,100,
10:30:38,19.10,1000,
10:30:38,19.10,1000,
10:30:38,19.12,400,
10:30:38,19.1181,2000,
10:30:38,19.12,300,
10:30:38,19.12,100,
10:30:39,19.10,500,
10:30:39,19.11,200,
10:30:39,19.12,100,
10:30:39,19.12,839,
10:30:40,19.12,2339,
10:30:40,19.12,200,
10:30:41,19.13,2017,
10:30:41,19.129,1800,
10:30:42,19.1293,400,
10:30:42,19.13,483,
10:30:42,19.13,500,
10:30:42,19.13,400,
10:30:43,19.13,500,
10:30:43,19.129,400,
10:30:43,19.128,1241,
10:30:44,19.12,300,
10:30:44,19.12,300,
10:30:44,19.12,200,
10:30:44,19.12,100,
10:30:44,19.12,1200,
10:30:45,19.12,200,
10:30:45,19.129,100,
10:30:45,19.1299,500,
10:30:45,19.129,1600,
10:30:45,19.1262,200,
10:30:46,19.1185,2000,
10:30:46,19.13,200,
10:30:47,19.1288,300,
10:30:48,19.12,100,
10:30:48,19.12,200,
10:30:48,19.12,500,
10:30:49,19.12,300,
10:30:49,19.12,400,
10:30:49,19.12,100,
10:30:49,19.12,200,
10:30:50,19.12,100,
10:30:51,19.12,134,
10:30:51,19.12,100,
10:30:52,19.117,1000,
10:30:52,19.12,100,
10:30:54,19.12,300,
10:30:55,19.12,100,
10:30:56,19.1115,3000,
10:30:57,19.1245,300,
10:30:59,19.13,200,
10:30:59,19.137,600,
10:30:59,19.139,300,
10:31:00,19.139,250,
10:31:01,19.12,300,
10:31:02,19.137,600,
10:31:02,19.12,100,
10:31:02,19.12,500,
10:31:05,19.12,800,
10:31:05,19.12,200,
10:31:07,19.1299,6000,
10:31:09,19.1201,1000,
10:31:10,19.13,100,
10:31:10,19.13,100,
10:31:10,19.13,100,
10:31:10,19.12,300,
10:31:10,19.12,100,
10:31:10,19.12,1000,
10:31:11,19.125,200,
10:31:13,19.13,200,
10:31:14,19.1262,262,
10:31:14,19.13,100,
10:31:14,19.14,600,
10:31:14,19.14,100,
10:31:15,19.13,100,
10:31:15,19.13,200,
10:31:15,19.1301,1000,
10:31:15,19.13,100,
10:31:19,19.12,1800,
10:31:19,19.12,100,
10:31:19,19.1201,5000,
10:31:19,19.12,100,
10:31:19,19.12,200,
10:31:19,19.12,2100,
10:31:20,19.12,100,
10:31:20,19.12,100,
10:31:20,19.12,500,
10:31:20,19.12,100,
10:31:20,19.12,1190,
10:31:20,19.12,200,
10:31:21,19.13,116,
10:31:21,19.13,200,
10:31:22,19.13,100,
10:31:23,19.123,742,
10:31:26,19.114,400,
10:31:28,19.11,108,
10:31:30,19.11,200,
10:31:30,19.1199,800,
10:31:32,19.12,200,
10:31:38,19.11,100,
10:31:38,19.11,1500,
10:31:44,19.12,700,
10:31:44,19.12,220,
10:31:44,19.12,380,
10:31:52,19.127,1000,
10:31:56,19.12,200,
10:31:56,19.12,400,
10:32:04,19.13,100,
10:32:08,19.12,100,
10:32:10,19.12,100,
10:32:11,19.12,1000,
10:32:11,19.13,2000,
10:32:11,19.13,200,
10:32:16,19.1399,10000,
10:32:17,19.1295,1560,
10:32:22,19.12,200,
10:32:22,19.13,200,
10:32:30,19.139,2000,
10:32:38,19.137,800,
10:32:38,19.14,100,
10:32:38,19.14,100,
10:32:38,19.14,100,
10:32:39,19.13,700,
10:32:40,19.13,200,
10:32:40,19.13,100,
10:32:41,19.13,200,
10:32:41,19.13,200,
10:32:45,19.1386,700,
10:32:49,19.13,100,
10:32:49,19.13,200,
10:32:50,19.12,500,
10:32:50,19.12,300,
10:32:50,19.12,1800,
10:32:50,19.12,1013,
10:32:50,19.12,600,
10:32:50,19.12,600,
10:32:57,19.13,1600,
10:32:57,19.121,5000,
10:32:57,19.128,300,
10:33:02,19.14,200,
10:33:04,19.1273,100,
10:33:04,19.129,100,
10:33:07,19.13,200,
10:33:07,19.12,300,
10:33:09,19.121,1400,
10:33:11,19.12,5600,
10:33:11,19.12,187,
10:33:12,19.121,2000,
10:33:13,19.11,600,
10:33:15,19.12,100,
10:33:17,19.12,100,
10:33:18,19.117,1000,
10:33:20,19.11,200,
10:33:20,19.11,387,
10:33:21,19.1071,300,
10:33:27,19.1001,1000,
10:33:35,19.113,1000,
10:33:42,19.11,600,
10:33:45,19.117,200,
10:33:49,19.11,300,
10:33:51,19.1095,500,
10:34:02,19.10,300,
10:34:02,19.10,680,
10:34:02,19.10,500,
10:34:04,19.10,475,
10:34:04,19.10,925,
10:34:08,19.109,500,
10:34:12,19.11,750,
10:34:14,19.106,100,
10:34:16,19.12,600,
10:34:18,19.11,500,
10:34:18,19.11,300,
10:34:18,19.11,500,
10:34:20,19.11,500,
10:34:20,19.11,100,
10:34:20,19.11,1000,
10:34:27,19.114,400,
10:34:29,19.11,600,
10:34:29,19.11,400,
10:34:29,19.11,100,
10:34:30,19.11,100,
10:34:33,19.12,300,
10:34:35,19.11,2600,
10:34:35,19.119,2000,
10:34:38,19.117,500,
10:34:39,19.11,800,
10:34:42,19.11,100,
10:34:48,19.12,1000,
10:34:54,19.11,700,
10:34:54,19.11,100,
10:34:54,19.11,100,
10:35:08,19.12,200,
10:35:12,19.127,500,
10:35:15,19.1299,330,
10:35:19,19.13,100,
10:35:19,19.13,500,
10:35:20,19.14,300,
10:35:20,19.14,100,
10:35:23,19.14,100,
10:35:23,19.14,100,
10:35:23,19.14,100,
10:35:28,19.14,1800,
10:35:32,19.14,100,
10:35:35,19.1386,100,
10:35:40,19.14,4500,
10:35:40,19.14,406,
10:35:40,19.14,332,
10:35:40,19.14,494,
10:35:40,19.15,100,
10:35:40,19.15,200,
10:35:40,19.15,1500,
10:35:40,19.15,500,
10:35:40,19.15,400,
10:35:40,19.15,300,
10:35:40,19.15,300,
10:35:40,19.15,100,
10:35:42,19.1599,1000,
10:35:42,19.1501,7800,
10:35:43,19.16,500,
10:35:44,19.1515,100,
10:35:44,19.1515,100,
10:35:45,19.157,500,
10:35:47,19.1505,1560,
10:35:49,19.16,100,
10:35:50,19.16,300,
10:35:51,19.16,100,
10:35:51,19.16,100,
10:35:52,19.15,500,
10:35:52,19.15,200,
10:35:53,19.1571,100,
10:35:55,19.16,200,
10:35:55,19.16,100,
10:35:55,19.16,200,
10:35:58,19.1695,800,
10:36:00,19.16,600,
10:36:00,19.16,200,
10:36:05,19.1601,1200,
10:36:05,19.16,600,
10:36:05,19.17,2000,
10:36:08,19.1695,500,
10:36:10,19.166,350,
10:36:10,19.17,300,
10:36:10,19.17,100,
10:36:10,19.17,600,
10:36:10,19.17,300,
10:36:10,19.17,300,
10:36:10,19.17,500,
10:36:12,19.17,133,
10:36:12,19.17,300,
10:36:14,19.17,300,
10:36:16,19.179,4000,
10:36:16,19.17,100,
10:36:17,19.177,1000,
10:36:19,19.176,100,
10:36:24,19.1695,600,
10:36:24,19.1697,100,
10:36:24,19.169,900,
10:36:24,19.16,100,
10:36:24,19.16,100,
10:36:24,19.16,1600,
10:36:24,19.16,400,
10:36:24,19.16,500,
10:36:25,19.168,500,
10:36:26,19.16,400,
10:36:26,19.16,910,
10:36:26,19.16,300,
10:36:26,19.16,200,
10:36:26,19.16,300,
10:36:26,19.15,2000,
10:36:26,19.15,300,
10:36:26,19.15,500,
10:36:26,19.15,1000,
10:36:26,19.169,500,
10:36:29,19.15,1500,
10:36:30,19.1495,1000,
10:36:33,19.146,250,
10:36:45,19.15,500,
10:36:45,19.15,200,
10:36:45,19.15,169,
10:36:45,19.158,500,
10:36:46,19.14,3900,
10:36:46,19.14,700,
10:36:46,19.14,800,
10:36:46,19.14,400,
10:36:49,19.149,1000,
10:36:55,19.1499,300,
10:36:59,19.1401,300,
10:37:01,19.15,200,
10:37:01,19.15,100,
10:37:03,19.14,3145,
10:37:03,19.14,200,
10:37:05,19.13,600,
10:37:07,19.13,500,
10:37:09,19.13,100,
10:37:11,19.13,1000,
10:37:13,19.1305,1000,
10:37:15,19.14,2500,
10:37:17,19.14,100,
10:37:18,19.14,869,
10:37:18,19.14,400,
10:37:18,19.14,300,
10:37:18,19.14,331,
10:37:20,19.14,100,
10:37:20,19.14,200,
10:37:27,19.14,1400,
10:37:34,19.1395,500,
10:37:37,19.14,100,
10:37:37,19.13,1000,
10:37:41,19.149,100,
10:37:52,19.1405,500,
10:37:59,19.16,300,
10:37:59,19.16,400,
10:38:00,19.15,100,
10:38:00,19.15,100,
10:38:00,19.15,400,
10:38:05,19.1584,100,
10:38:05,19.1584,400,
10:38:05,19.159,800,
10:38:10,19.15,100,
10:38:10,19.1586,300,
10:38:10,19.15,100,
10:38:12,19.1599,1000,
10:38:13,19.15,1000,
10:38:14,19.15,300,
10:38:18,19.141,500,
10:38:19,19.142,500,
10:38:23,19.1499,500,
10:38:23,19.1499,1000,
10:38:23,19.15,500,
10:38:26,19.15,500,
10:38:27,19.14,300,
10:38:27,19.14,200,
10:38:27,19.14,200,
10:38:27,19.14,400,
10:38:27,19.13,200,
10:38:27,19.13,400,
10:38:27,19.13,600,
10:38:27,19.13,300,
10:38:27,19.13,800,
10:38:28,19.13,500,
10:38:34,19.1301,6000,
10:38:36,19.14,400,
10:38:36,19.14,800,
10:38:36,19.14,400,
10:38:36,19.14,300,
10:38:36,19.14,300,
10:38:36,19.14,300,
10:38:36,19.15,400,
10:38:36,19.15,500,
10:38:36,19.15,200,
10:38:36,19.15,100,
10:38:36,19.15,4800,
10:38:36,19.15,1200,
10:38:38,19.1471,250,
10:38:49,19.147,300,
10:38:51,19.149,2500,
10:38:53,19.1499,100,
10:38:53,19.15,100,
10:38:53,19.1495,1000,
10:39:01,19.15,500,
10:39:04,19.1401,6000,
10:39:05,19.14,1000,
10:39:07,19.15,1439,
10:39:07,19.16,500,
10:39:07,19.16,300,
10:39:07,19.16,400,
10:39:07,19.16,400,
10:39:07,19.16,400,
10:39:07,19.16,400,
10:39:07,19.16,300,
10:39:07,19.16,100,
10:39:07,19.16,400,
10:39:07,19.16,400,
10:39:08,19.17,2500,
10:39:08,19.17,300,
10:39:08,19.17,1200,
10:39:09,19.18,300,
10:39:09,19.18,700,
10:39:09,19.18,300,
10:39:09,19.18,300,
10:39:09,19.18,100,
10:39:09,19.18,500,
10:39:09,19.18,100,
10:39:09,19.18,300,
10:39:09,19.18,300,
10:39:09,19.18,500,
10:39:11,19.18,100,
10:39:11,19.18,500,
10:39:11,19.18,200,
10:39:11,19.18,1800,
10:39:11,19.18,300,
10:39:11,19.18,500,
10:39:11,19.17,300,
10:39:11,19.17,300,
10:39:11,19.17,1800,
10:39:11,19.17,200,
10:39:12,19.19,300,
10:39:16,19.17,100,
10:39:16,19.17,300,
10:39:16,19.17,300,
10:39:16,19.17,245,
10:39:16,19.17,645,
10:39:16,19.18,200,
10:39:16,19.18,110,
10:39:16,19.18,200,
10:39:16,19.18,100,
10:39:16,19.18,300,
10:39:17,19.19,300,
10:39:18,19.19,700,
10:39:20,19.18,246,
10:39:21,19.177,1315,
10:39:22,19.179,2500,
10:39:22,19.1797,100,
10:39:22,19.179,500,
10:39:24,19.18,1500,
10:39:28,19.1799,100,
10:39:29,19.18,400,
10:39:30,19.179,100,
10:39:32,19.1729,400,
10:39:34,19.179,300,
10:39:37,19.18,1000,
10:39:45,19.1886,300,
10:39:45,19.19,300,
10:39:48,19.18,100,
10:39:48,19.18,200,
10:39:49,19.18,200,
10:39:51,19.173,600,
10:39:51,19.1792,300,
10:39:51,19.179,300,
10:39:52,19.18,300,
10:39:52,19.18,300,
10:39:52,19.18,200,
10:39:56,19.17,200,
10:39:56,19.17,1800,
10:39:57,19.17,300,
10:40:05,19.179,500,
10:40:05,19.18,300,
10:40:07,19.1793,300,
10:40:10,19.18,300,
10:40:11,19.18,100,
10:40:11,19.18,231,
10:40:13,19.17,300,
10:40:13,19.17,400,
10:40:13,19.17,100,
10:40:13,19.17,500,
10:40:13,19.176,300,
10:40:13,19.179,100,
10:40:21,19.18,100,
10:40:21,19.18,500,
10:40:22,19.189,2300,
10:40:24,19.173,500,
10:40:31,19.1701,500,
10:40:32,19.1771,261,
10:40:39,19.16,1000,
10:40:40,19.17,300,
10:40:52,19.18,400,
10:40:52,19.18,600,
10:40:52,19.18,800,
10:40:52,19.18,100,
10:40:55,19.18,300,
10:40:55,19.18,500,
10:41:00,19.18,500,
10:41:05,19.19,600,
10:41:05,19.19,250,
10:41:08,19.19,200,
10:41:09,19.19,300,
10:41:09,19.19,200,
10:41:09,19.19,400,
10:41:12,19.1971,250,
10:41:13,19.19,100,
10:41:16,19.1886,200,
10:41:21,19.187,1000,
10:41:21,19.18,500,
10:41:29,19.18,100,
10:41:29,19.18,100,
10:41:33,19.18,500,
10:41:33,19.18,300,
10:41:33,19.18,400,
10:41:36,19.1815,2000,
10:41:41,19.18,990,
10:41:41,19.18,18610,
10:41:45,19.18,400,
10:41:46,19.19,500,
10:41:49,19.189,5000,
10:41:52,19.1801,4000,
10:41:53,19.189,100,
10:41:55,19.19,400,
10:41:55,19.19,3300,
10:42:01,19.1986,100,
10:42:01,19.1986,100,
10:42:01,19.1987,600,
10:42:01,19.1989,400,
10:42:01,19.199,1700,
10:42:01,19.1925,100,
10:42:03,19.19,301,
10:42:04,19.19,1300,
10:42:07,19.19,2000,
10:42:10,19.19,800,
10:42:11,19.19,100,
10:42:12,19.1899,200,
10:42:17,19.18,500,
10:42:17,19.18,200,
10:42:21,19.184,200,
10:42:22,19.18,200,
10:42:22,19.18,210,
10:42:22,19.18,1190,
10:42:22,19.18,1600,
10:42:22,19.18,800,
10:42:22,19.18,300,
10:42:22,19.17,100,
10:42:22,19.17,100,
10:42:24,19.16,193,
10:42:25,19.152,250,
10:42:25,19.15,250,
10:42:27,19.15,1500,
10:42:27,19.15,1000,
10:42:34,19.151,600,
10:42:38,19.16,700,
10:42:42,19.159,2000,
10:42:48,19.15,700,
10:42:48,19.15,200,
10:42:49,19.151,700,
10:42:49,19.15,300,
10:42:49,19.15,800,
10:42:49,19.15,200,
10:42:53,19.15,400,
10:42:54,19.1571,265,
10:42:58,19.154,200,
10:43:07,19.15,3200,
10:43:07,19.15,100,
10:43:07,19.15,700,
10:43:07,19.15,600,
10:43:07,19.15,1900,
10:43:07,19.15,500,
10:43:08,19.14,5201,
10:43:09,19.1401,1500,
10:43:09,19.14,100,
10:43:09,19.14,100,
10:43:12,19.13,1500,
10:43:15,19.13,250,
10:43:16,19.13,100,
10:43:16,19.1301,900,
10:43:16,19.14,200,
10:43:24,19.14,300,
10:43:26,19.1307,350,
10:43:30,19.1325,2000,
10:43:33,19.14,400,
10:43:35,19.14,100,
10:43:37,19.143,500,
10:43:40,19.13,5600,
10:43:42,19.1315,100,
10:43:42,19.1315,100,
10:43:42,19.1314,200,
10:43:42,19.131,1285,
10:43:53,19.1475,5800,
10:43:54,19.143,700,
10:44:07,19.13,700,
10:44:07,19.13,600,
10:44:07,19.13,600,
10:44:07,19.13,500,
10:44:07,19.13,100,
10:44:07,19.13,300,
10:44:07,19.13,100,
10:44:07,19.13,100,
10:44:07,19.13,1900,
10:44:07,19.12,249,
10:44:07,19.13,100,
10:44:07,19.13,988,
10:44:07,19.13,400,
10:44:07,19.12,251,
10:44:07,19.12,149,
10:44:07,19.13,400,
10:44:08,19.12,600,
10:44:10,19.13,400,
10:44:10,19.13,300,
10:44:10,19.13,2200,
10:44:11,19.13,300,
10:44:11,19.14,200,
10:44:12,19.1356,500,
10:44:22,19.13,200,
10:44:23,19.13,500,
10:44:25,19.12,100,
10:44:35,19.11,100,
10:44:35,19.12,300,
10:44:36,19.1115,7200,
10:44:37,19.12,954,
10:44:37,19.12,200,
10:44:37,19.12,100,
10:44:38,19.12,400,
10:44:43,19.1101,500,
10:44:45,19.12,254,
10:44:45,19.12,1000,
10:44:45,19.12,100,
10:44:45,19.12,100,
10:44:47,19.12,200,
10:44:47,19.12,100,
10:44:48,19.123,500,
10:44:51,19.12,100,
10:44:53,19.13,200,
10:45:02,19.114,100,
10:45:04,19.11,1200,
10:45:04,19.11,800,
10:45:05,19.11,1200,
10:45:05,19.11,100,
10:45:05,19.11,600,
10:45:05,19.11,100,
10:45:05,19.11,100,
10:45:06,19.11,2600,
10:45:09,19.11,200,
10:45:12,19.1107,147,
10:45:15,19.114,200,
10:45:20,19.1132,2300,
10:45:21,19.1188,100,
10:45:21,19.119,300,
10:45:21,19.11,100,
10:45:21,19.1093,100,
10:45:21,19.1094,100,
10:45:21,19.1097,1000,
10:45:21,19.109,3300,
10:45:21,19.109,2000,
10:45:21,19.1115,100,
10:45:22,19.10,1002,
10:45:23,19.12,19300,
10:45:23,19.10,400,
10:45:23,19.11,1200,
10:45:26,19.11,700,
10:45:26,19.12,2000,
10:45:30,19.1201,2315,
10:45:31,19.12,100,
10:45:37,19.1209,800,
10:45:37,19.12,600,
10:45:37,19.12,200,
10:45:37,19.1225,500,
10:45:46,19.12,100,
10:45:46,19.12,500,
10:45:48,19.123,1500,
10:45:55,19.116,100,
10:46:02,19.11,300,
10:46:04,19.113,1000,
10:46:18,19.11,100,
10:46:26,19.11,1800,
10:46:40,19.1007,400,
10:46:52,19.101,2000,
10:47:04,19.11,100,
10:47:04,19.10,300,
10:47:05,19.1001,200,
10:47:07,19.103,500,
10:47:09,19.10,200,
10:47:09,19.10,1000,
10:47:09,19.09,250,
10:47:10,19.0907,200,
10:47:11,19.09,850,
10:47:15,19.10,1000,
10:47:25,19.113,500,
10:47:34,19.11,400,
10:47:39,19.113,1000,
10:47:46,19.109,500,
10:48:01,19.103,1000,
10:48:06,19.1171,250,
10:48:14,19.1101,8000,
10:48:25,19.1195,1560,
10:48:29,19.12,1500,
10:48:31,19.14,1000,
10:48:34,19.1376,1500,
10:48:34,19.13,100,
10:48:34,19.13,100,
10:48:34,19.13,250,
10:48:34,19.13,500,
10:48:35,19.137,1000,
10:48:36,19.137,1000,
10:48:40,19.13,3000,
10:48:46,19.13,900,
10:49:03,19.13,100,
10:49:05,19.13,23500,
10:49:06,19.13,200,
10:49:36,19.14,1500,
10:49:45,19.14,400,
10:49:45,19.14,100,
10:49:45,19.14,100,
10:49:52,19.1301,1000,
10:50:01,19.14,100,
10:50:10,19.13,300,
10:50:10,19.13,300,
10:50:10,19.1301,8000,
10:50:10,19.13,2100,
10:50:10,19.13,100,
10:50:10,19.13,200,
10:50:17,19.1201,500,
10:50:17,19.12,100,
10:50:18,19.12,146,
10:50:18,19.12,500,
10:50:18,19.12,626,
10:50:18,19.12,300,
10:50:18,19.12,300,
10:50:18,19.12,874,
10:50:18,19.11,100,
10:50:18,19.11,300,
10:50:18,19.11,200,
10:50:18,19.12,400,
10:50:19,19.123,1000,
10:50:19,19.10,1100,
10:50:19,19.10,700,
10:50:19,19.10,200,
10:50:32,19.11,300,
10:50:34,19.11,1000,
10:50:34,19.11,100,
10:50:41,19.103,500,
10:50:48,19.11,600,
10:50:56,19.1105,1000,
10:50:58,19.10,1000,
10:51:02,19.1001,4000,
10:51:05,19.10,200,
10:51:09,19.09,1000,
10:51:11,19.10,100,
10:51:11,19.10,100,
10:51:11,19.10,100,
10:51:11,19.10,399,
10:51:11,19.10,100,
10:51:12,19.10,900,
10:51:12,19.10,100,
10:51:12,19.09,100,
10:51:12,19.0811,100,
10:51:12,19.09,2000,
10:51:12,19.0809,1000,
10:51:12,19.081,200,
10:51:13,19.081,350,
10:51:13,19.0803,200,
10:51:13,19.0803,100,
10:51:13,19.081,1700,
10:51:15,19.08,1800,
10:51:18,19.0728,300,
10:51:18,19.071,400,
10:51:19,19.08,200,
10:51:19,19.08,500,
10:51:19,19.08,100,
10:51:21,19.08,500,
10:51:21,19.07,500,
10:51:21,19.07,1650,
10:51:21,19.07,401,
10:51:22,19.08,300,
10:51:25,19.073,500,
10:51:25,19.071,600,
10:51:25,19.07,300,
10:51:25,19.07,200,
10:51:25,19.07,100,
10:51:25,19.07,400,
10:51:25,19.07,600,
10:51:25,19.07,1050,
10:51:26,19.0628,300,
10:51:26,19.061,300,
10:51:28,19.071,200,
10:51:29,19.06,400,
10:51:29,19.0506,1600,
10:51:29,19.0505,600,
10:51:29,19.05,236,
10:51:29,19.05,500,
10:51:29,19.051,400,
10:51:29,19.051,1700,
10:51:29,19.05,100,
10:51:30,19.051,1600,
10:51:33,19.0501,1000,
10:51:34,19.051,500,
10:51:34,19.051,500,
10:51:36,19.06,100,
10:51:38,19.05,500,
10:51:38,19.041,1700,
10:51:38,19.041,100,
10:51:38,19.041,1600,
10:51:38,19.041,400,
10:51:38,19.04,500,
10:51:38,19.0328,200,
10:51:38,19.031,300,
10:51:40,19.03,100,
10:51:40,19.02,1060,
10:51:42,19.0201,500,
10:51:42,19.03,600,
10:51:42,19.03,100,
10:51:42,19.04,100,
10:51:42,19.04,500,
10:51:42,19.04,200,
10:51:42,19.04,1000,
10:51:44,19.043,500,
10:51:45,19.043,500,
10:51:45,19.04,1500,
10:51:47,19.04,1600,
10:51:47,19.04,200,
10:51:50,19.04,500,
10:51:51,19.0401,500,
10:52:03,19.04,100,
10:52:09,19.0401,600,
10:52:09,19.04,300,
10:52:14,19.04,10000,
10:52:20,19.03,1000,
10:52:22,19.04,100,
10:52:22,19.04,100,
10:52:22,19.04,200,
10:52:22,19.04,900,
10:52:22,19.0405,100,
10:52:23,19.04,8800,
10:52:25,19.04,1200,
10:52:26,19.04,500,
10:52:28,19.04,300,
10:52:28,19.04,500,
10:52:29,19.05,100,
10:52:29,19.05,500,
10:52:29,19.05,100,
10:52:29,19.05,3000,
10:52:30,19.05,100,
10:52:30,19.05,100,
10:52:30,19.05,100,
10:52:30,19.05,100,
10:52:31,19.05,300,
10:52:31,19.05,210,
10:52:31,19.05,1000,
10:52:40,19.0499,4000,
10:52:40,19.04,300,
10:52:55,19.0437,100,
10:52:58,19.043,500,
10:52:59,19.03,800,
10:53:00,19.03,1200,
10:53:00,19.03,400,
10:53:00,19.03,200,
10:53:00,19.03,400,
10:53:03,19.0215,200,
10:53:03,19.021,600,
10:53:06,19.03,100,
10:53:09,19.0207,400,
10:53:12,19.02,100,
10:53:14,19.0275,4000,
10:53:20,19.02,800,
10:53:23,19.0101,500,
10:53:26,19.01,250,
10:53:26,19.01,9050,
10:53:27,19.0129,200,
10:53:30,19.01,500,
10:53:31,19.01,100,
10:53:34,19.011,950,
10:53:34,19.01,1000,
10:53:34,19.01,1200,
10:53:34,19.01,200,
10:53:34,19.01,100,
10:53:34,19.01,100,
10:53:34,19.01,1700,
10:53:34,19.01,400,
10:53:35,19.01,950,
10:53:36,19.011,1050,
10:53:36,19,4000,
10:53:36,19.0001,4000,
10:53:39,19.003,750,
10:53:39,19,100,
10:53:40,19,100,
10:53:40,19,500,
10:53:41,19,200,
10:53:41,19,300,
10:53:43,19,500,
10:53:43,19.001,1800,
10:53:43,19,1545,
10:53:45,19.0001,2000,
10:53:45,19.01,400,
10:53:45,19.01,1200,
10:53:46,19.011,400,
10:53:46,19.011,300,
10:53:53,19.0107,400,
10:53:54,19.02,700,
10:54:00,19.0299,525,
10:54:01,19.03,400,
10:54:01,19.04,1000,
10:54:01,19.04,300,
10:54:01,19.04,100,
10:54:01,19.04,980,
10:54:01,19.04,1190,
10:54:03,19.039,5000,
10:54:05,19.04,100,
10:54:05,19.04,500,
10:54:05,19.04,100,
10:54:06,19.041,3900,
10:54:11,19.034,300,
10:54:24,19.04,200,
10:54:35,19.04,300,
10:54:35,19.04,500,
10:54:39,19.0393,100,
10:54:40,19.0399,200,
10:54:40,19.04,200,
10:54:46,19.03,1000,
10:54:50,19.02,10000,
10:54:59,19.03,3000,
10:55:00,19.03,300,
10:55:17,19.03,2400,
10:55:20,19.05,100,
10:55:27,19.057,1200,
10:55:36,19.0486,250,
10:55:38,19.049,200,
10:55:44,19.0502,100,
10:55:47,19.05,200,
10:55:48,19.05,500,
10:55:48,19.05,400,
10:55:48,19.05,100,
10:55:48,19.05,100,
10:55:48,19.05,400,
10:55:48,19.06,519,
10:55:48,19.06,100,
10:55:48,19.05,500,
10:55:48,19.05,400,
10:55:48,19.06,100,
10:55:48,19.06,100,
10:55:48,19.06,100,
10:55:57,19.07,10000,
10:56:00,19.06,1800,
10:56:03,19.05,9700,
10:56:03,19.06,500,
10:56:04,19.06,1400,
10:56:14,19.0601,3500,
10:56:14,19.06,1900,
10:56:27,19.069,100,
10:56:33,19.0695,1000,
10:56:35,19.05,150,
10:56:43,19.04,300,
10:56:43,19.04,200,
10:56:44,19.04,300,
10:56:48,19.05,500,
10:56:49,19.04,1000,
10:56:50,19.05,500,
10:56:56,19.06,400,
10:57:01,19.06,300,
10:57:11,19.05,1000,
10:57:11,19.053,100,
10:57:11,19.053,200,
10:57:26,19.06,5000,
10:57:30,19.06,300,
10:57:30,19.06,500,
10:57:34,19.053,1000,
10:57:54,19.06,7087,
10:57:54,19.07,1000,
10:57:59,19.073,500,
10:58:03,19.07,768,
10:58:11,19.0799,1000,
10:58:15,19.07,3600,
10:58:18,19.08,900,
10:58:18,19.08,200,
10:58:22,19.099,1000,
10:58:24,19.10,1000,
10:58:39,19.10,200,
10:58:39,19.10,200,
10:58:41,19.0999,4000,
10:58:42,19.09,500,
10:58:45,19.10,300,
10:58:46,19.1095,1560,
10:58:48,19.11,755,
10:58:51,19.1001,785,
10:58:56,19.1071,300,
10:59:01,19.103,500,
10:59:01,19.1017,900,
10:59:01,19.101,800,
10:59:03,19.10,500,
10:59:06,19.10,700,
10:59:06,19.10,1200,
10:59:06,19.10,2100,
10:59:09,19.107,500,
10:59:09,19.10,900,
10:59:09,19.10,900,
10:59:09,19.09,500,
10:59:10,19.09,100,
10:59:11,19.085,1000,
10:59:14,19.10,200,
10:59:16,19.10,300,
10:59:29,19.093,200,
10:59:34,19.09,100,
10:59:34,19.09,1190,
10:59:40,19.08,1300,
10:59:41,19.073,100,
10:59:41,19.08,400,
10:59:56,19.08,400,
11:00:03,19.081,2400,
11:00:08,19.07,100,
11:00:13,19.0705,1560,
11:00:36,19.09,100,
11:00:36,19.09,200,
11:00:36,19.09,100,
11:00:36,19.089,2000,
11:00:41,19.08,300,
11:00:48,19.07,100,
11:00:50,19.061,800,
11:00:51,19.07,1200,
11:00:53,19.07,1400,
11:00:53,19.07,1300,
11:01:01,19.0799,2000,
11:01:04,19.08,1300,
11:01:10,19.06,400,
11:01:10,19.06,385,
11:01:10,19.06,1800,
11:01:11,19.05,12000,
11:01:14,19.05,900,
11:01:30,19.06,3388,
11:01:30,19.06,1300,
11:01:42,19.0586,500,
11:01:47,19.043,500,
11:02:14,19.05,300,
11:02:17,19.05,200,
11:02:28,19.06,100,
11:02:28,19.06,800,
11:02:43,19.06,100,
11:02:43,19.06,400,
11:02:44,19.08,100,
11:02:44,19.08,4000,
11:02:44,19.08,100,
11:02:44,19.08,100,
11:02:44,19.08,300,
11:02:44,19.08,500,
11:02:44,19.08,100,
11:02:44,19.08,400,
11:02:44,19.08,1000,
11:02:44,19.08,1500,
11:02:44,19.08,300,
11:02:44,19.08,2500,
11:02:44,19.08,500,
11:02:44,19.08,100,
11:02:44,19.08,100,
11:02:44,19.08,500,
11:02:44,19.08,100,
11:02:44,19.08,1000,
11:02:45,19.09,500,
11:02:45,19.09,1000,
11:02:48,19.09,400,
11:03:03,19.09,100,
11:03:14,19.09,200,
11:03:14,19.0916,200,
11:03:14,19.0916,100,
11:03:14,19.0916,100,
11:03:14,19.0914,3500,
11:03:14,19.0916,100,
11:03:14,19.09,300,
11:03:14,19.09,400,
11:03:14,19.09,100,
11:03:14,19.09,100,
11:03:14,19.09,200,
11:03:14,19.09,400,
11:03:17,19.09,300,
11:03:17,19.09,100,
11:03:41,19.10,100,
11:03:41,19.10,100,
11:03:41,19.10,600,
11:03:41,19.10,700,
11:03:41,19.10,600,
11:03:41,19.10,5000,
11:03:41,19.10,400,
11:03:46,19.10,300,
11:03:46,19.10,300,
11:03:46,19.10,500,
11:03:46,19.10,200,
11:03:46,19.09,100,
11:03:46,19.09,100,
11:04:07,19.1093,100,
11:04:10,19.12,230,
11:04:10,19.12,700,
11:04:10,19.13,100,
11:04:10,19.13,300,
11:04:10,19.13,200,
11:04:10,19.13,100,
11:04:10,19.13,137,
11:04:10,19.13,700,
11:04:10,19.12,100,
11:04:10,19.14,100,
11:04:10,19.13,150,
11:04:11,19.15,200,
11:04:11,19.147,1000,
11:04:12,19.15,3900,
11:04:13,19.14,300,
11:04:13,19.14,200,
11:04:23,19.1333,100,
11:04:32,19.15,100,
11:04:33,19.1599,8750,
11:04:34,19.1501,500,
11:04:36,19.14,400,
11:04:36,19.1495,800,
11:04:41,19.13,300,
11:04:49,19.1493,100,
11:04:54,19.13,200,
11:05:01,19.14,100,
11:05:01,19.14,200,
11:05:11,19.13,200,
11:05:22,19.14,100,
11:05:29,19.133,1000,
11:05:38,19.14,300,
11:05:38,19.14,700,
11:05:38,19.13,500,
11:05:38,19.13,400,
11:05:47,19.1095,800,
11:05:48,19.11,700,
11:05:49,19.10,1000,
11:05:56,19.10,8000,
11:05:56,19.10,200,
11:06:07,19.103,1000,
11:06:10,19.11,500,
11:06:13,19.12,475,
11:06:18,19.123,1000,
11:06:23,19.113,500,
11:06:27,19.12,100,
11:06:41,19.11,100,
11:06:41,19.11,200,
11:06:42,19.10,100,
11:06:43,19.0954,300,
11:06:54,19.09,1800,
11:07:04,19.082,1000,
11:07:04,19.08,1000,
11:07:05,19.08,1400,
11:07:07,19.08,200,
11:07:10,19.08,200,
11:07:14,19.083,1000,
11:07:20,19.08,200,
11:07:20,19.085,100,
11:07:20,19.08,100,
11:07:24,19.09,500,
11:07:30,19.08,200,
11:07:35,19.09,500,
11:07:55,19.0705,1000,
11:08:16,19.07,300,
11:08:22,19.08,1800,
11:08:22,19.10,700,
11:08:25,19.10,1800,
11:08:27,19.10,280,
11:08:32,19.1075,1000,
11:08:42,19.1099,300,
11:08:42,19.11,100,
11:08:52,19.12,1500,
11:08:58,19.12,400,
11:08:58,19.12,1300,
11:09:01,19.12,100,
11:09:01,19.12,100,
11:09:33,19.14,100,
11:09:34,19.14,500,
11:09:34,19.15,196,
11:09:34,19.15,300,
11:09:34,19.15,114,
11:09:34,19.15,500,
11:09:34,19.15,100,
11:09:34,19.15,100,
11:09:34,19.15,100,
11:09:34,19.15,100,
11:09:34,19.15,100,
11:09:34,19.15,500,
11:09:44,19.15,187,
11:09:44,19.15,395,
11:09:44,19.15,300,
11:09:58,19.15,500,
11:09:58,19.15,4000,
11:09:58,19.14,300,
11:09:58,19.14,300,
11:09:58,19.14,300,
11:09:59,19.14,500,
11:09:59,19.14,400,
11:10:00,19.14,200,
11:10:00,19.14,100,
11:10:07,19.1229,400,
11:10:08,19.13,500,
11:10:08,19.13,100,
11:10:08,19.13,100,
11:10:08,19.13,100,
11:10:09,19.13,300,
11:10:11,19.12,300,
11:10:13,19.117,1700,
11:10:28,19.11,1000,
11:10:32,19.10,100,
11:10:35,19.10,300,
11:10:50,19.11,111,
11:10:54,19.11,289,
11:11:01,19.12,191,
11:11:01,19.12,1190,
11:11:04,19.13,200,
11:11:05,19.14,200,
11:11:05,19.15,253,
11:11:09,19.16,1000,
11:11:11,19.16,111,
11:11:20,19.16,800,
11:11:20,19.16,300,
11:11:20,19.16,1200,
11:11:20,19.16,100,
11:11:20,19.16,339,
11:11:20,19.16,361,
11:11:20,19.17,400,
11:11:20,19.17,100,
11:11:21,19.16,100,
11:11:22,19.16,200,
11:11:22,19.16,1200,
11:11:22,19.16,500,
11:11:23,19.16,200,
11:11:28,19.152,200,
11:11:35,19.15,4000,
11:11:35,19.15,500,
11:11:41,19.1301,250,
11:11:52,19.133,1500,
11:11:53,19.13,100,
11:11:54,19.12,509,
11:11:54,19.12,300,
11:11:59,19.1189,1500,
11:12:00,19.11,600,
11:12:01,19.10,787,
11:12:02,19.10,300,
11:12:02,19.10,200,
11:12:02,19.10,400,
11:12:04,19.093,1000,
11:12:10,19.10,200,
11:12:10,19.10,300,
11:12:10,19.10,1400,
11:12:10,19.10,100,
11:12:10,19.10,300,
11:12:15,19.10,100,
11:12:18,19.12,200,
11:12:25,19.1105,800,
11:12:30,19.11,100,
11:12:34,19.11,290,
11:12:34,19.11,300,
11:12:34,19.11,280,
11:12:34,19.11,300,
11:12:34,19.11,210,
11:12:44,19.09,5000,
11:12:44,19.09,200,
11:12:46,19.0901,200,
11:13:18,19.1099,8000,
11:13:20,19.10,700,
11:13:55,19.107,100,
11:14:08,19.1286,600,
11:14:20,19.11,100,
11:14:20,19.10,800,
11:14:20,19.10,200,
11:14:20,19.10,400,
11:14:20,19.10,1800,
11:14:20,19.10,300,
11:14:20,19.10,200,
11:14:20,19.10,100,
11:14:39,19.09,474,
11:14:39,19.09,300,
11:14:39,19.09,838,
11:14:39,19.09,100,
11:14:44,19.09,950,
11:14:44,19.08,500,
11:14:44,19.08,300,
11:14:47,19.0707,400,
11:14:51,19.0701,200,
11:14:58,19.08,500,
11:15:02,19.0807,300,
11:15:06,19.09,200,
11:15:07,19.10,221,
11:15:23,19.08,500,
11:15:23,19.07,200,
11:15:23,19.06,300,
11:15:23,19.06,1300,
11:15:23,19.06,1200,
11:15:23,19.06,800,
11:15:23,19.06,100,
11:15:26,19.051,500,
11:15:26,19.051,500,
11:15:29,19.051,500,
11:15:30,19.04,150,
11:15:31,19.05,300,
11:15:31,19.05,150,
11:15:31,19.05,500,
11:15:32,19.05,100,
11:15:32,19.06,400,
11:15:32,19.06,100,
11:15:32,19.06,300,
11:15:32,19.06,300,
11:15:32,19.06,500,
11:15:32,19.055,100,
11:15:32,19.06,100,
11:15:41,19.08,100,
11:15:41,19.08,3900,
11:15:41,19.08,500,
11:15:41,19.08,100,
11:15:41,19.08,100,
11:15:50,19.091,2000,
11:16:04,19.10,200,
11:16:23,19.10,100,
11:16:24,19.11,100,
11:16:29,19.1006,300,
11:16:29,19.1005,200,
11:16:30,19.106,200,
11:16:45,19.11,500,
11:16:49,19.1012,1000,
11:16:54,19.112,300,
11:16:55,19.112,200,
11:16:55,19.10,100,
11:17:01,19.11,100,
11:17:07,19.11,100,
11:17:25,19.10,400,
11:17:31,19.09,500,
11:17:33,19.0899,100,
11:17:50,19.10,100,
11:17:52,19.11,100,
11:18:12,19.12,200,
11:18:24,19.13,100,
11:18:47,19.13,500,
11:19:05,19.11,200,
11:19:12,19.1199,5000,
11:19:28,19.1001,1000,
11:19:28,19.10,400,
11:19:49,19.11,100,
11:19:56,19.12,1000,
11:20:02,19.129,500,
11:20:15,19.12,200,
11:20:15,19.11,300,
11:20:16,19.11,500,
11:20:16,19.11,200,
11:20:16,19.11,100,
11:20:16,19.11,400,
11:20:17,19.12,100,
11:20:20,19.117,700,
11:20:31,19.12,300,
11:20:41,19.14,900,
11:20:41,19.14,500,
11:20:47,19.15,500,
11:20:53,19.13,200,
11:21:04,19.13,500,
11:21:04,19.13,300,
11:21:10,19.1262,600,
11:21:17,19.13,600,
11:21:23,19.13,2400,
11:21:24,19.13,350,
11:21:28,19.14,100,
11:21:30,19.14,2000,
11:21:47,19.149,1000,
11:21:47,19.14,400,
11:21:49,19.14,300,
11:21:49,19.14,500,
11:21:49,19.14,400,
11:22:03,19.15,2200,
11:22:03,19.16,196,
11:22:03,19.17,200,
11:22:03,19.16,100,
11:22:03,19.16,100,
11:22:05,19.17,1300,
11:22:05,19.17,100,
11:22:05,19.17,100,
11:22:05,19.17,100,
11:22:06,19.17,300,
11:22:06,19.177,500,
11:22:09,19.18,200,
11:22:09,19.18,200,
11:22:09,19.18,100,
11:22:09,19.18,300,
11:22:09,19.19,2000,
11:22:10,19.19,1000,
11:22:10,19.19,500,
11:22:10,19.20,200,
11:22:10,19.20,800,
11:22:11,19.20,500,
11:22:12,19.20,300,
11:22:14,19.19,400,
11:22:14,19.19,400,
11:22:14,19.19,100,
11:22:14,19.18,100,
11:22:14,19.18,500,
11:22:14,19.18,300,
11:22:21,19.189,2600,
11:22:21,19.19,200,
11:22:21,19.20,300,
11:22:21,19.20,5000,
11:22:21,19.20,200,
11:22:21,19.20,700,
11:22:21,19.21,400,
11:22:21,19.21,300,
11:22:21,19.21,100,
11:22:21,19.21,1300,
11:22:21,19.21,1204,
11:22:21,19.21,100,
11:22:21,19.21,595,
11:22:21,19.21,700,
11:22:21,19.22,200,
11:22:21,19.22,100,
11:22:21,19.22,1000,
11:22:21,19.22,700,
11:22:21,19.23,1200,
11:22:21,19.23,600,
11:22:21,19.23,100,
11:22:21,19.23,300,
11:22:21,19.23,198,
11:22:21,19.24,700,
11:22:22,19.24,600,
11:22:22,19.2397,200,
11:22:22,19.21,200,
11:22:23,19.24,600,
11:22:23,19.24,700,
11:22:23,19.21,400,
11:22:24,19.25,1500,
11:22:24,19.2475,3200,
11:22:26,19.237,500,
11:22:26,19.2485,100,
11:22:27,19.25,700,
11:22:27,19.2493,200,
11:22:28,19.247,1000,
11:22:29,19.25,350,
11:22:31,19.25,288,
11:22:31,19.25,100,
11:22:31,19.25,500,
11:22:31,19.25,500,
11:22:31,19.25,100,
11:22:31,19.25,100,
11:22:31,19.241,2600,
11:22:31,19.26,700,
11:22:31,19.26,566,
11:22:31,19.26,100,
11:22:31,19.26,100,
11:22:31,19.26,100,
11:22:31,19.26,300,
11:22:32,19.26,500,
11:22:32,19.26,100,
11:22:32,19.26,500,
11:22:32,19.27,1000,
11:22:32,19.27,800,
11:22:32,19.27,1800,
11:22:32,19.27,591,
11:22:32,19.27,400,
11:22:32,19.27,300,
11:22:32,19.25,10000,
11:22:32,19.27,317,
11:22:32,19.27,183,
11:22:32,19.27,400,
11:22:33,19.26,1000,
11:22:34,19.27,300,
11:22:34,19.27,500,
11:22:34,19.2699,400,
11:22:36,19.26,250,
11:22:39,19.261,5500,
11:22:39,19.2601,720,
11:22:40,19.26,300,
11:22:40,19.26,300,
11:22:40,19.26,300,
11:22:40,19.26,100,
11:22:42,19.26,100,
11:22:42,19.26,500,
11:22:44,19.26,100,
11:22:45,19.257,1947,
11:22:47,19.251,1000,
11:22:51,19.2575,2800,
11:22:51,19.2501,2500,
11:22:52,19.25,300,
11:22:52,19.25,400,
11:22:52,19.25,100,
11:22:52,19.25,100,
11:22:52,19.25,100,
11:22:52,19.25,300,
11:22:52,19.25,100,
11:22:52,19.25,500,
11:22:52,19.25,300,
11:22:52,19.25,400,
11:22:52,19.24,200,
11:22:52,19.24,202,
11:22:52,19.23,100,
11:22:56,19.23,1600,
11:22:56,19.23,100,
11:22:58,19.2301,1400,
11:22:58,19.23,400,
11:23:09,19.23,300,
11:23:09,19.23,500,
11:23:14,19.25,1700,
11:23:18,19.25,800,
11:23:18,19.25,200,
11:23:19,19.24,200,
11:23:19,19.24,200,
11:23:20,19.25,5000,
11:23:30,19.26,100,
11:23:31,19.257,500,
11:23:34,19.26,500,
11:23:34,19.26,100,
11:23:34,19.25,500,
11:23:35,19.2425,6400,
11:23:36,19.255,200,
11:23:38,19.2495,1500,
11:23:46,19.23,300,
11:23:46,19.213,1000,
11:23:50,19.21,300,
11:23:50,19.21,200,
11:23:51,19.201,2000,
11:23:57,19.21,700,
11:24:02,19.207,300,
11:24:08,19.2193,250,
11:24:35,19.2154,1600,
11:24:41,19.22,100,
11:24:41,19.22,200,
11:24:41,19.22,100,
11:24:41,19.22,300,
11:24:41,19.22,300,
11:24:41,19.22,200,
11:24:45,19.21,400,
11:24:49,19.21,500,
11:24:49,19.2129,175,
11:24:51,19.21,1600,
11:24:51,19.20,200,
11:24:51,19.20,500,
11:24:51,19.20,100,
11:24:51,19.20,300,
11:24:51,19.20,400,
11:24:51,19.20,100,
11:24:51,19.20,900,
11:24:51,19.20,525,
11:24:53,19.21,100,
11:24:53,19.21,100,
11:24:56,19.21,300,
11:24:56,19.21,600,
11:24:56,19.21,500,
11:24:56,19.21,300,
11:25:01,19.21,700,
11:25:01,19.21,200,
11:25:01,19.21,100,
11:25:01,19.21,100,
11:25:09,19.21,500,
11:25:09,19.21,500,
11:25:10,19.21,1000,
11:25:17,19.2001,300,
11:25:17,19.21,100,
11:25:18,19.22,300,
11:25:19,19.22,700,
11:25:23,19.2105,500,
11:25:26,19.21,200,
11:25:29,19.21,300,
11:25:29,19.21,400,
11:25:38,19.22,100,
11:25:38,19.2386,600,
11:25:42,19.2301,300,
11:25:44,19.236,200,
11:25:45,19.23,400,
11:25:55,19.22,100,
11:25:55,19.22,100,
11:25:55,19.22,200,
11:25:55,19.22,100,
11:25:55,19.22,100,
11:25:55,19.22,1000,
11:25:55,19.22,100,
11:26:05,19.23,100,
11:26:05,19.23,100,
11:26:05,19.23,300,
11:26:06,19.239,113,
11:26:15,19.24,500,
11:26:23,19.23,200,
11:26:30,19.227,500,
11:26:39,19.24,550,
11:26:43,19.23,200,
11:26:43,19.23,200,
11:26:53,19.229,3000,
11:27:00,19.22,300,
11:27:02,19.22,100,
11:27:02,19.22,400,
11:27:02,19.22,400,
11:27:02,19.22,400,
11:27:02,19.2201,7600,
11:27:02,19.22,400,
11:27:02,19.22,800,
11:27:02,19.22,100,
11:27:13,19.22,200,
11:27:15,19.22,500,
11:27:17,19.2199,500,
11:27:17,19.2101,2400,
11:27:18,19.20,100,
11:27:18,19.20,200,
11:27:18,19.2001,200,
11:27:18,19.20,100,
11:27:20,19.22,200,
11:27:21,19.204,400,
11:27:23,19.193,1600,
11:27:33,19.194,300,
11:27:37,19.20,200,
11:27:37,19.20,500,
11:27:37,19.21,300,
11:27:37,19.21,100,
11:27:37,19.21,100,
11:27:37,19.21,500,
11:27:45,19.22,200,
11:27:45,19.22,200,
11:27:47,19.23,300,
11:27:47,19.23,200,
11:27:47,19.23,100,
11:27:49,19.24,100,
11:27:52,19.2395,1000,
11:27:57,19.23,100,
11:28:06,19.24,500,
11:28:10,19.2305,800,
11:28:18,19.2195,1000,
11:28:25,19.21,100,
11:28:25,19.21,100,
11:28:25,19.21,100,
11:28:25,19.21,100,
11:28:25,19.21,100,
11:28:25,19.21,100,
11:28:25,19.21,200,
11:28:26,19.21,100,
11:28:26,19.21,300,
11:28:26,19.21,100,
11:28:30,19.21,600,
11:28:31,19.22,100,
11:28:50,19.24,500,
11:28:51,19.239,1500,
11:28:54,19.231,1000,
11:29:02,19.23,200,
11:29:05,19.23,238,
11:29:05,19.23,100,
11:29:05,19.23,500,
11:29:05,19.23,1400,
11:29:05,19.23,300,
11:29:11,19.2399,1000,
11:29:21,19.221,133,
11:29:37,19.23,100,
11:29:37,19.23,400,
11:29:37,19.23,300,
11:29:37,19.23,500,
11:29:37,19.23,800,
11:29:37,19.24,100,
11:29:37,19.24,1100,
11:29:37,19.24,400,
11:29:37,19.24,200,
11:29:40,19.25,100,
11:29:49,19.24,300,
11:29:50,19.24,400,
11:29:59,19.237,100,
11:31:02,19.237,500,
11:31:18,19.21,200,
11:31:26,19.22,300,
11:31:59,19.211,600,
11:32:07,19.20,300,
11:32:09,19.20,1500,
11:32:09,19.20,100,
11:32:09,19.20,400,
11:32:09,19.20,100,
11:32:12,19.19,125,
11:32:14,19.19,100,
11:32:14,19.19,300,
11:32:16,19.1905,1500,
11:32:19,19.19,300,
11:32:20,19.18,300,
11:32:20,19.18,100,
11:32:21,19.1601,8000,
11:32:21,19.16,400,
11:32:22,19.17,1000,
11:32:26,19.164,200,
11:32:29,19.166,100,
11:32:30,19.145,400,
11:32:31,19.1462,400,
11:32:32,19.15,400,
11:32:32,19.15,500,
11:32:32,19.15,800,
11:32:34,19.16,100,
11:32:36,19.16,100,
11:32:38,19.16,300,
11:32:38,19.16,200,
11:32:38,19.16,300,
11:32:38,19.17,100,
11:32:38,19.17,250,
11:32:38,19.17,300,
11:32:38,19.17,100,
11:32:52,19.16,200,
11:33:17,19.16,400,
11:33:20,19.16,600,
11:33:20,19.16,100,
11:33:26,19.17,200,
11:33:26,19.18,300,
11:33:28,19.161,300,
11:33:29,19.18,100,
11:33:36,19.1825,4100,
11:33:37,19.1815,100,
11:33:42,19.19,400,
11:33:42,19.19,100,
11:33:45,19.19,1600,
11:34:03,19.1801,300,
11:34:14,19.20,100,
11:34:16,19.20,100,
11:34:21,19.21,100,
11:34:26,19.21,400,
11:34:34,19.21,100,
11:34:34,19.2101,300,
11:34:34,19.22,1300,
11:34:42,19.22,24600,
11:34:44,19.2101,1000,
11:34:51,19.21,2800,
11:34:51,19.21,2000,
11:34:51,19.21,700,
11:34:51,19.21,300,
11:34:51,19.21,1500,
11:34:51,19.21,100,
11:34:51,19.21,200,
11:34:51,19.21,100,
11:34:51,19.21,1000,
11:34:51,19.21,300,
11:34:51,19.21,500,
11:34:51,19.21,400,
11:34:51,19.2199,100,
11:34:54,19.22,100,
11:34:54,19.22,300,
11:34:55,19.21,300,
11:35:00,19.2107,200,
11:35:01,19.21,1000,
11:35:03,19.22,600,
11:35:12,19.22,8200,
11:35:32,19.2171,250,
11:35:36,19.21,100,
11:35:46,19.21,200,
11:35:55,19.22,100,
11:36:05,19.21,100,
11:36:07,19.22,100,
11:36:07,19.22,100,
11:36:07,19.22,100,
11:36:07,19.2299,3100,
11:36:08,19.22,300,
11:36:09,19.21,100,
11:36:13,19.21,100,
11:36:22,19.21,200,
11:36:22,19.22,100,
11:36:23,19.22,100,
11:36:43,19.21,300,
11:36:50,19.21,300,
11:37:24,19.21,200,
11:37:24,19.21,200,
11:37:24,19.21,100,
11:37:24,19.21,100,
11:37:34,19.22,800,
11:37:34,19.22,900,
11:37:34,19.22,1200,
11:37:34,19.22,500,
11:37:35,19.22,100,
11:37:39,19.22,500,
11:37:42,19.22,100,
11:37:48,19.221,1000,
11:37:51,19.23,200,
11:37:51,19.23,500,
11:37:51,19.23,500,
11:37:56,19.24,100,
11:37:57,19.23,1200,
11:37:57,19.23,300,
11:37:58,19.21,100,
11:38:06,19.20,100,
11:38:06,19.21,200,
11:38:06,19.21,300,
11:38:07,19.21,200,
11:38:21,19.21,100,
11:38:21,19.21,200,
11:38:21,19.21,778,
11:38:21,19.21,200,
11:38:21,19.21,1000,
11:38:27,19.2101,500,
11:38:34,19.20,100,
11:38:47,19.20,300,
11:38:47,19.20,300,
11:38:48,19.194,100,
11:38:55,19.20,200,
11:38:55,19.20,400,
11:38:55,19.20,200,
11:38:57,19.20,100,
11:39:02,19.20,100,
11:39:18,19.1899,2000,
11:39:25,19.17,200,
11:39:25,19.17,1000,
11:39:28,19.16,200,
11:39:33,19.1599,4000,
11:39:36,19.15,400,
11:39:38,19.15,300,
11:39:40,19.15,100,
11:39:40,19.15,200,
11:39:41,19.15,1400,
11:39:41,19.15,100,
11:39:41,19.15,200,
11:39:41,19.15,300,
11:39:41,19.15,300,
11:39:41,19.15,100,
11:39:41,19.15,300,
11:39:41,19.15,7800,
11:39:41,19.15,1200,
11:39:41,19.15,400,
11:39:41,19.15,400,
11:39:41,19.15,400,
11:39:41,19.15,100,
11:39:43,19.146,104,
11:39:43,19.14,500,
11:39:44,19.14,100,
11:39:44,19.13,400,
11:39:44,19.13,300,
11:39:44,19.13,500,
11:39:44,19.13,300,
11:39:44,19.13,500,
11:39:44,19.12,400,
11:39:44,19.12,600,
11:39:44,19.11,100,
11:39:44,19.12,300,
11:39:44,19.12,500,
11:39:44,19.13,100,
11:39:44,19.13,100,
11:39:44,19.13,200,
11:39:44,19.13,300,
11:39:44,19.13,600,
11:39:44,19.13,100,
11:39:44,19.13,100,
11:39:44,19.13,300,
11:39:44,19.14,100,
11:39:45,19.13,300,
11:39:45,19.13,400,
11:39:46,19.131,5000,
11:39:51,19.13,100,
11:39:51,19.13,200,
11:40:00,19.14,100,
11:40:00,19.14,100,
11:40:00,19.14,200,
11:40:00,19.14,400,
11:40:00,19.15,200,
11:40:00,19.16,300,
11:40:00,19.16,100,
11:40:00,19.16,700,
11:40:00,19.16,220,
11:40:00,19.16,100,
11:40:00,19.16,100,
11:40:00,19.16,1800,
11:40:03,19.15,1400,
11:40:03,19.15,134,
11:40:03,19.15,100,
11:40:03,19.15,100,
11:40:03,19.15,100,
11:40:03,19.15,200,
11:40:03,19.15,300,
11:40:03,19.15,586,
11:40:03,19.15,800,
11:40:03,19.15,500,
11:40:14,19.15,600,
11:40:14,19.15,2000,
11:40:15,19.14,300,
11:40:15,19.14,1600,
11:40:15,19.14,175,
11:40:15,19.14,200,
11:40:15,19.14,200,
11:40:15,19.14,514,
11:40:15,19.14,300,
11:40:15,19.14,300,
11:40:15,19.14,514,
11:40:15,19.14,300,
11:40:15,19.13,100,
11:40:15,19.13,300,
11:40:15,19.13,500,
11:40:15,19.13,100,
11:40:15,19.13,181,
11:40:15,19.13,100,
11:40:15,19.13,300,
11:40:15,19.13,500,
11:40:15,19.13,162,
11:40:15,19.13,488,
11:40:15,19.13,700,
11:40:15,19.13,100,
11:40:15,19.13,400,
11:40:15,19.13,400,
11:40:15,19.13,200,
11:40:15,19.13,400,
11:40:15,19.15,2600,
11:40:15,19.13,400,
11:40:15,19.13,600,
11:40:16,19.13,100,
11:40:17,19.13,100,
11:40:26,19.13,1400,
11:40:26,19.13,600,
11:40:26,19.13,500,
11:40:29,19.1394,200,
11:40:43,19.12,500,
11:40:43,19.12,700,
11:40:44,19.129,150,
11:40:44,19.12,100,
11:40:44,19.12,500,
11:40:44,19.1138,600,
11:40:44,19.12,200,
11:40:44,19.12,500,
11:40:44,19.129,2000,
11:40:48,19.13,9000,
11:40:52,19.129,100,
11:40:52,19.11,800,
11:40:52,19.11,500,
11:40:52,19.11,300,
11:40:55,19.12,100,
11:40:55,19.12,3000,
11:40:55,19.12,200,
11:40:56,19.12,100,
11:40:56,19.12,300,
11:40:56,19.12,300,
11:40:56,19.12,400,
11:40:56,19.12,100,
11:40:57,19.12,200,
11:40:57,19.12,700,
11:40:57,19.12,500,
11:41:00,19.11,300,
11:41:00,19.11,100,
11:41:00,19.11,100,
11:41:00,19.11,277,
11:41:00,19.11,300,
11:41:00,19.11,246,
11:41:00,19.11,100,
11:41:03,19.1071,200,
11:41:11,19.12,100,
11:41:11,19.12,300,
11:41:11,19.12,300,
11:41:11,19.12,300,
11:41:21,19.14,100,
11:41:27,19.15,500,
11:41:31,19.16,500,
11:41:34,19.157,300,
11:41:41,19.1595,1000,
11:41:43,19.15,200,
11:41:43,19.15,100,
11:41:43,19.15,100,
11:41:49,19.144,1000,
11:42:02,19.157,1000,
11:42:03,19.15,7404,
11:42:09,19.15,100,
11:42:09,19.15,200,
11:42:14,19.1562,233,
11:42:16,19.156,300,
11:42:20,19.16,600,
11:42:40,19.17,200,
11:42:40,19.17,500,
11:42:40,19.18,100,
11:42:59,19.16,100,
11:43:08,19.16,600,
11:43:08,19.16,700,
11:43:08,19.16,500,
11:43:08,19.16,100,
11:43:14,19.16,400,
11:43:14,19.16,300,
11:43:14,19.16,400,
11:43:14,19.16,300,
11:43:15,19.16,300,
11:43:15,19.16,156,
11:43:15,19.16,400,
11:43:15,19.16,500,
11:43:19,19.17,300,
11:43:19,19.17,300,
11:43:19,19.17,1000,
11:43:22,19.175,200,
11:43:31,19.1699,500,
11:43:36,19.1699,200,
11:43:36,19.17,200,
11:43:36,19.17,100,
11:43:41,19.171,200,
11:43:42,19.18,200,
11:43:42,19.18,200,
11:43:42,19.18,300,
11:43:50,19.17,400,
11:43:59,19.173,300,
11:44:01,19.17,4000,
11:44:01,19.17,400,
11:44:04,19.1699,100,
11:44:05,19.17,500,
11:44:53,19.15,300,
11:44:53,19.14,400,
11:44:56,19.14,475,
11:44:58,19.13,1100,
11:45:01,19.14,100,
11:45:04,19.13,100,
11:45:04,19.1345,3000,
11:45:04,19.1345,900,
11:45:12,19.14,500,
11:45:15,19.14,400,
11:45:24,19.14,200,
11:45:24,19.14,400,
11:45:24,19.13,100,
11:45:24,19.14,200,
11:45:24,19.14,200,
11:45:27,19.14,200,
11:45:27,19.14,100,
11:45:27,19.14,400,
11:45:27,19.13,1000,
11:45:27,19.13,300,
11:45:27,19.14,600,
11:45:27,19.14,2600,
11:45:31,19.1201,600,
11:45:39,19.13,300,
11:45:44,19.14,600,
11:45:45,19.14,200,
11:45:45,19.14,600,
11:45:45,19.14,200,
11:45:45,19.15,100,
11:45:45,19.15,200,
11:45:45,19.15,700,
11:45:45,19.15,300,
11:45:45,19.15,300,
11:45:45,19.15,300,
11:45:45,19.15,1000,
11:45:45,19.15,500,
11:45:45,19.15,300,
11:45:48,19.15,200,
11:45:48,19.15,172,
11:45:49,19.14,200,
11:45:49,19.14,300,
11:45:49,19.14,300,
11:45:49,19.14,200,
11:45:58,19.14,400,
11:46:00,19.14,300,
11:46:00,19.14,300,
11:46:01,19.14,200,
11:46:11,19.14,200,
11:46:13,19.14,100,
11:46:26,19.16,100,
11:46:30,19.15,200,
11:46:35,19.15,300,
11:46:37,19.133,1315,
11:46:52,19.1399,1500,
11:47:02,19.13,100,
11:47:02,19.12,200,
11:47:03,19.11,400,
11:47:03,19.11,500,
11:47:03,19.11,1300,
11:47:03,19.11,100,
11:47:03,19.11,300,
11:47:10,19.1001,500,
11:47:12,19.10,300,
11:47:12,19.09,1200,
11:47:13,19.10,100,
11:47:14,19.10,600,
11:47:14,19.10,100,
11:47:18,19.10,200,
11:47:24,19.11,500,
11:47:24,19.12,900,
11:47:24,19.12,400,
11:47:24,19.12,500,
11:47:24,19.12,300,
11:47:24,19.12,300,
11:47:30,19.12,300,
11:47:30,19.12,100,
11:47:30,19.12,600,
11:47:32,19.12,300,
11:47:32,19.12,269,
11:47:32,19.12,200,
11:47:32,19.11,200,
11:47:34,19.12,200,
11:47:34,19.12,500,
11:47:35,19.13,700,
11:47:51,19.1301,500,
11:48:16,19.136,100,
11:48:40,19.12,200,
11:48:40,19.11,200,
11:48:40,19.1195,3900,
11:48:56,19.12,200,
11:48:57,19.1199,200,
11:49:00,19.12,500,
11:49:02,19.1225,2900,
11:49:09,19.12,200,
11:49:12,19.12,225,
11:49:12,19.12,100,
11:49:23,19.131,200,
11:49:28,19.127,1000,
11:49:41,19.1201,200,
11:49:50,19.126,200,
11:49:56,19.13,3000,
11:49:58,19.125,500,
11:50:03,19.13,700,
11:50:11,19.13,300,
11:50:11,19.14,300,
11:50:11,19.14,100,
11:50:23,19.137,500,
11:50:26,19.1375,100,
11:50:30,19.14,200,
11:50:40,19.14,1000,
11:50:47,19.14,100,
11:50:48,19.14,500,
11:50:49,19.15,100,
11:50:50,19.14,194,
11:50:52,19.13,100,
11:50:52,19.13,5455,
11:51:00,19.11,400,
11:51:02,19.11,500,
11:51:05,19.10,3000,
11:51:06,19.09,300,
11:51:06,19.09,100,
11:51:11,19.08,2100,
11:51:11,19.08,600,
11:51:11,19.08,200,
11:51:11,19.08,500,
11:51:12,19.07,700,
11:51:13,19.07,1000,
11:51:13,19.07,200,
11:51:14,19.07,3000,
11:51:17,19.0517,580,
11:51:17,19.051,600,
11:51:18,19.053,640,
11:51:18,19.051,2100,
11:51:19,19.06,500,
11:51:19,19.06,300,
11:51:20,19.0538,500,
11:51:23,19.04,396,
11:51:23,19.04,400,
11:51:24,19.03,400,
11:51:24,19.04,1600,
11:51:24,19.04,100,
11:51:24,19.04,100,
11:51:24,19.04,400,
11:51:24,19.04,300,
11:51:26,19.04,300,
11:51:27,19.044,400,
11:51:36,19.0471,300,
11:51:37,19.04,200,
11:51:37,19.04,500,
11:51:38,19.0499,3000,
11:51:45,19.04,142,
11:51:52,19.04,5000,
11:51:57,19.0301,500,
11:52:00,19.03,10000,
11:52:05,19.03,442,
11:52:05,19.03,200,
11:52:08,19.03,500,
11:52:09,19.02,1060,
11:52:10,19.03,395,
11:52:13,19.03,500,
11:52:18,19.04,100,
11:52:22,19.04,500,
11:52:26,19.04,600,
11:52:26,19.04,300,
11:52:28,19.04,400,
11:52:32,19.04,200,
11:52:34,19.04,400,
11:52:34,19.04,400,
11:52:34,19.04,300,
11:52:38,19.05,100,
11:52:44,19.04,100,
11:52:44,19.04,200,
11:52:44,19.04,300,
11:53:03,19.0401,200,
11:53:03,19.041,300,
11:53:03,19.041,300,
11:53:12,19.04,100,
11:53:14,19.0495,1000,
11:53:22,19.05,400,
11:53:22,19.05,400,
11:53:22,19.05,200,
11:53:22,19.05,800,
11:53:22,19.05,500,
11:53:22,19.05,300,
11:53:22,19.05,800,
11:53:22,19.05,300,
11:53:23,19.07,200,
11:53:23,19.07,300,
11:53:23,19.07,300,
11:53:23,19.07,200,
11:53:23,19.07,400,
11:53:23,19.08,400,
11:53:23,19.08,400,
11:53:23,19.07,100,
11:53:23,19.08,100,
11:53:23,19.07,100,
11:53:23,19.08,100,
11:53:27,19.09,100,
11:53:27,19.09,402,
11:53:27,19.09,400,
11:53:27,19.09,500,
11:53:27,19.09,800,
11:53:27,19.08,400,
11:53:28,19.08,380,
11:53:39,19.09,400,
11:53:42,19.089,600,
11:53:42,19.08,200,
11:53:42,19.08,300,
11:53:43,19.08,600,
11:53:43,19.071,130,
11:53:52,19.08,202,
11:53:52,19.08,100,
11:53:53,19.09,1000,
11:53:54,19.081,200,
11:53:54,19.081,2400,
11:54:00,19.08,300,
11:54:20,19.09,300,
11:54:27,19.08,200,
11:54:31,19.09,500,
11:54:31,19.09,100,
11:54:31,19.08,200,
11:54:31,19.08,1000,
11:54:40,19.081,2000,
11:55:00,19.0799,2400,
11:55:00,19.08,900,
11:55:03,19.073,1000,
11:55:17,19.0744,500,
11:55:18,19.07,200,
11:55:18,19.07,400,
11:55:23,19.07,100,
11:55:32,19.06,100,
11:55:37,19.05,6300,
11:55:40,19.06,100,
11:55:43,19.069,2000,
11:56:08,19.08,300,
11:56:09,19.08,200,
11:56:21,19.0877,2100,
11:56:23,19.08,300,
11:56:23,19.0801,2000,
11:56:34,19.079,1000,
11:56:38,19.0886,1500,
11:56:43,19.08,500,
11:56:43,19.081,300,
11:56:44,19.081,200,
11:56:45,19.081,1100,
11:56:50,19.08,600,
11:56:52,19.09,100,
11:56:52,19.09,100,
11:56:59,19.097,1000,
11:57:10,19.09,500,
11:57:19,19.10,100,
11:57:24,19.11,100,
11:57:24,19.1171,100,
11:57:27,19.12,400,
11:57:27,19.12,400,
11:57:27,19.123,1900,
11:57:40,19.12,200,
11:57:40,19.13,1000,
11:57:40,19.13,300,
11:57:40,19.13,900,
11:57:40,19.13,100,
11:57:40,19.13,100,
11:57:40,19.13,100,
11:57:40,19.13,100,
11:57:45,19.12,200,
11:57:45,19.125,600,
11:57:45,19.11,100,
11:57:45,19.11,100,
11:58:15,19.127,200,
11:58:21,19.113,1000,
11:58:33,19.1199,8750,
11:58:43,19.1193,300,
11:59:05,19.127,500,
11:59:14,19.126,100,
11:59:20,19.12,200,
11:59:24,19.117,500,
11:59:34,19.12,1242,
11:59:40,19.12,100,
11:59:40,19.12,300,
11:59:44,19.1195,1000,
11:59:54,19.11,100,
11:59:54,19.11,800,
11:59:55,19.1109,1500,
12:00:13,19.12,300,
12:00:13,19.12,400,
12:00:16,19.14,133,
12:00:16,19.14,1733,
12:00:19,19.13,100,
12:00:22,19.1286,400,
12:00:23,19.13,600,
12:00:29,19.13,100,
12:00:31,19.1299,2000,
12:00:34,19.14,300,
12:00:34,19.15,100,
12:00:40,19.14,500,
12:00:49,19.14,260,
12:00:51,19.15,100,
12:00:51,19.15,100,
12:00:51,19.15,200,
12:00:52,19.16,500,
12:00:52,19.16,300,
12:00:55,19.16,1000,
12:00:55,19.17,300,
12:00:55,19.17,300,
12:00:55,19.17,1000,
12:00:56,19.17,500,
12:00:59,19.18,200,
12:00:59,19.18,1000,
12:01:01,19.18,200,
12:01:01,19.18,200,
12:01:06,19.18,10000,
12:01:08,19.1766,2400,
12:01:09,19.18,200,
12:01:09,19.18,300,
12:01:09,19.18,300,
12:01:09,19.18,500,
12:01:09,19.18,200,
12:01:09,19.18,800,
12:01:09,19.18,100,
12:01:09,19.19,600,
12:01:09,19.19,300,
12:01:09,19.20,200,
12:01:09,19.20,300,
12:01:09,19.20,200,
12:01:09,19.20,400,
12:01:09,19.20,998,
12:01:09,19.20,500,
12:01:09,19.20,100,
12:01:09,19.20,100,
12:01:09,19.20,100,
12:01:09,19.20,500,
12:01:09,19.20,100,
12:01:09,19.20,100,
12:01:09,19.20,600,
12:01:09,19.20,300,
12:01:09,19.20,200,
12:01:09,19.20,400,
12:01:11,19.21,500,
12:01:11,19.21,600,
12:01:12,19.21,100,
12:01:12,19.21,100,
12:01:16,19.20,500,
12:01:16,19.20,300,
12:01:17,19.20,200,
12:01:19,19.21,500,
12:01:19,19.21,200,
12:01:21,19.2125,5300,
12:01:21,19.22,400,
12:01:21,19.22,300,
12:01:21,19.22,200,
12:01:21,19.22,800,
12:01:21,19.22,239,
12:01:21,19.22,700,
12:01:21,19.22,100,
12:01:21,19.22,1900,
12:01:21,19.22,161,
12:01:21,19.22,700,
12:01:21,19.22,400,
12:01:21,19.22,600,
12:01:21,19.22,100,
12:01:21,19.22,100,
12:01:21,19.22,2000,
12:01:21,19.22,400,
12:01:21,19.22,100,
12:01:21,19.22,100,
12:01:21,19.22,200,
12:01:21,19.22,200,
12:01:21,19.21,100,
12:01:21,19.21,400,
12:01:21,19.22,100,
12:01:22,19.22,2600,
12:01:28,19.227,1000,
12:01:28,19.2289,100,
12:01:31,19.229,500,
12:01:44,19.22,500,
12:01:45,19.2201,500,
12:01:47,19.227,1000,
12:01:52,19.22,200,
12:01:52,19.22,500,
12:01:52,19.22,600,
12:01:52,19.22,800,
12:01:52,19.22,100,
12:01:52,19.22,400,
12:01:52,19.22,300,
12:01:52,19.22,3800,
12:01:52,19.22,200,
12:01:52,19.22,100,
12:01:52,19.2201,6349,
12:01:52,19.2193,400,
12:01:56,19.22,300,
12:01:56,19.22,200,
12:01:56,19.22,1400,
12:01:56,19.21,100,
12:01:56,19.21,200,
12:01:56,19.21,800,
12:01:56,19.21,100,
12:01:56,19.21,100,
12:01:56,19.20,200,
12:01:56,19.20,100,
12:01:57,19.20,500,
12:01:57,19.20,200,
12:01:57,19.20,300,
12:01:57,19.20,300,
12:01:57,19.20,200,
12:01:57,19.20,600,
12:01:57,19.20,400,
12:01:57,19.19,100,
12:01:57,19.19,300,
12:01:57,19.19,200,
12:01:57,19.19,800,
12:01:57,19.19,100,
12:01:57,19.19,200,
12:01:57,19.19,200,
12:01:58,19.18,100,
12:01:58,19.18,100,
12:01:58,19.18,100,
12:01:58,19.187,400,
12:02:03,19.15,200,
12:02:03,19.15,100,
12:02:05,19.153,1000,
12:02:07,19.147,600,
12:02:15,19.17,2400,
12:02:15,19.17,100,
12:02:15,19.17,1400,
12:02:15,19.17,2600,
12:02:16,19.167,500,
12:02:18,19.16,100,
12:02:18,19.16,600,
12:02:18,19.16,100,
12:02:18,19.16,300,
12:02:22,19.16,100,
12:02:22,19.16,500,
12:02:27,19.157,400,
12:02:37,19.16,100,
12:03:10,19.15,1000,
12:03:20,19.16,267,
12:03:32,19.15,400,
12:03:34,19.143,500,
12:03:43,19.151,651,
12:03:48,19.16,400,
12:03:55,19.15,346,
12:03:55,19.15,100,
12:03:55,19.12,300,
12:03:56,19.11,400,
12:03:56,19.11,400,
12:03:57,19.12,1000,
12:04:00,19.10,1000,
12:04:02,19.10,100,
12:04:03,19.10,100,
12:04:04,19.10,400,
12:04:04,19.10,400,
12:04:04,19.10,300,
12:04:04,19.10,100,
12:04:05,19.09,300,
12:04:05,19.09,200,
12:04:06,19.08,300,
12:04:09,19.09,300,
12:04:09,19.09,300,
12:04:09,19.09,700,
12:04:09,19.09,1200,
12:04:09,19.09,700,
12:04:09,19.09,1200,
12:04:09,19.09,200,
12:04:12,19.10,100,
12:04:12,19.10,100,
12:04:18,19.109,500,
12:04:18,19.12,100,
12:04:18,19.12,100,
12:04:18,19.12,200,
12:04:18,19.12,100,
12:04:19,19.12,200,
12:04:19,19.12,300,
12:04:19,19.12,146,
12:04:19,19.12,100,
12:04:19,19.12,100,
12:04:19,19.12,100,
12:04:21,19.1201,1000,
12:04:24,19.12,400,
12:04:26,19.12,1000,
12:04:31,19.13,100,
12:04:33,19.13,400,
12:04:33,19.13,400,
12:04:33,19.13,100,
12:04:33,19.13,100,
12:04:54,19.13,100,
12:05:02,19.1201,500,
12:05:23,19.12,300,
12:05:23,19.12,200,
12:05:28,19.1225,2000,
12:05:52,19.11,200,
12:05:57,19.123,1000,
12:06:14,19.12,100,
12:06:14,19.1201,1500,
12:07:01,19.1244,130,
12:07:22,19.13,4000,
12:07:26,19.12,200,
12:07:26,19.12,800,
12:07:26,19.12,100,
12:07:37,19.123,500,
12:08:13,19.13,100,
12:08:15,19.12,400,
12:08:27,19.11,100,
12:08:38,19.11,100,
12:08:50,19.1086,100,
12:08:50,19.11,200,
12:08:52,19.103,700,
12:08:54,19.103,537,
12:08:58,19.10,400,
12:09:13,19.1086,200,
12:09:13,19.1086,100,
12:09:26,19.12,400,
12:09:26,19.11,100,
12:09:28,19.1029,200,
12:09:30,19.11,400,
12:09:34,19.10,100,
12:09:34,19.10,125,
12:09:34,19.10,200,
12:09:37,19.08,300,
12:09:38,19.08,500,
12:09:39,19.08,300,
12:09:41,19.09,200,
12:09:41,19.0886,200,
12:09:43,19.084,250,
12:09:48,19.09,300,
12:09:48,19.09,2500,
12:09:48,19.09,200,
12:09:49,19.08,14000,
12:10:00,19.0905,1069,
12:10:07,19.10,500,
12:10:08,19.10,100,
12:10:13,19.11,100,
12:10:27,19.10,200,
12:10:42,19.09,200,
12:10:51,19.11,400,
12:10:51,19.11,500,
12:10:51,19.11,100,
12:10:51,19.11,100,
12:11:21,19.1155,250,
12:11:34,19.1001,1000,
12:11:46,19.1099,3000,
12:11:47,19.09,300,
12:12:02,19.093,1500,
12:12:05,19.09,100,
12:12:07,19.09,100,
12:12:18,19.0801,2000,
12:12:27,19.06,1500,
12:12:29,19.05,100,
12:12:34,19.05,400,
12:12:34,19.05,400,
12:12:34,19.05,100,
12:12:34,19.05,100,
12:12:34,19.05,600,
12:12:34,19.05,200,
12:12:35,19.04,1000,
12:12:40,19.05,400,
12:12:40,19.05,300,
12:12:40,19.05,300,
12:12:40,19.05,200,
12:12:40,19.05,300,
12:12:41,19.05,100,
12:12:41,19.0586,300,
12:12:41,19.06,300,
12:12:42,19.06,300,
12:12:42,19.06,200,
12:12:42,19.06,400,
12:12:49,19.05,10000,
12:12:53,19.061,200,
12:12:53,19.061,200,
12:12:58,19.06,5000,
12:13:07,19.051,200,
12:13:10,19.05,300,
12:13:10,19.05,100,
12:13:29,19.05,900,
12:13:31,19.04,2000,
12:13:31,19.04,100,
12:13:33,19.04,2600,
12:13:35,19.04,500,
12:13:37,19.03,900,
12:13:37,19.03,300,
12:13:38,19.01,1300,
12:13:42,19.011,1000,
12:13:48,19.04,500,
12:13:51,19.04,300,
12:13:51,19.03,100,
12:13:53,19.0362,233,
12:13:53,19.04,200,
12:13:53,19.04,200,
12:13:53,19.04,300,
12:13:54,19.04,100,
12:14:02,19.04,300,
12:14:21,19.0401,8750,
12:14:23,19.047,1000,
12:14:47,19.03,200,
12:14:47,19.03,100,
12:14:47,19.025,100,
12:14:48,19.03,186,
12:14:48,19.03,114,
12:14:52,19.03,101,
12:14:54,19.03,399,
12:15:01,19.03,300,
12:15:02,19.03,100,
12:15:03,19.0299,100,
12:15:04,19.02,250,
12:15:09,19.02,200,
12:15:10,19.02,500,
12:15:11,19.02,1000,
12:15:21,19.0101,3000,
12:15:21,19.01,1600,
12:15:25,19.01,1200,
12:15:28,19.01,200,
12:15:28,19.01,3600,
12:15:28,19.01,325,
12:15:28,19.01,125,
12:15:29,19.01,100,
12:15:31,19.015,100,
12:15:31,19.02,100,
12:15:31,19.02,200,
12:15:35,19.025,100,
12:15:40,19.0275,200,
12:15:40,19.03,1200,
12:15:40,19.03,209,
12:15:40,19.03,300,
12:15:40,19.03,400,
12:15:41,19.023,450,
12:15:43,19.03,300,
12:15:43,19.03,300,
12:15:43,19.025,100,
12:15:43,19.0201,300,
12:15:47,19.025,100,
12:15:53,19.025,100,
12:15:54,19.03,100,
12:15:54,19.03,945,
12:15:54,19.03,255,
12:15:54,19.03,245,
12:15:54,19.03,500,
12:15:54,19.03,145,
12:15:55,19.03,100,
