09:30:00,18.16,300,
09:30:02,18.17,100,
09:30:02,18.18,300,
09:30:03,18.17,1200,
09:30:06,18.17,600,
09:30:12,18.18,200,
09:30:12,18.18,100,
09:30:20,18.19,200,
09:30:22,18.1701,3000,
09:30:24,18.1835,500,
09:30:29,18.1799,1200,
09:30:30,18.195,300,
09:30:34,18.1999,100,
09:30:35,18.20,300,
09:30:40,18.2001,200,
09:30:40,18.20,700,
09:30:43,18.2001,250,
09:30:44,18.201,100,
09:30:50,18.201,100,
09:30:51,18.2075,3000,
09:30:53,18.191,200,
09:30:55,18.181,1900,
09:30:57,18.18,400,
09:31:00,18.18,200,
09:31:08,18.1815,2600,
09:31:11,18.19,700,
09:31:13,18.1899,400,
09:31:13,18.19,400,
09:31:13,18.19,400,
09:31:13,18.1899,4000,
09:31:14,18.20,801,
09:31:22,18.1895,1000,
09:31:31,18.19,100,
09:31:32,18.20,600,
09:31:32,18.2026,1500,
09:31:35,18.19,100,
09:31:51,18.1899,200,
09:31:54,18.17,700,
09:31:54,18.17,600,
09:31:55,18.168,500,
09:31:57,18.17,100,
09:31:59,18.1605,500,
09:32:01,18.177,200,
09:32:10,18.1201,1000,
09:32:14,18.13,100,
09:32:15,18.13,100,
09:32:16,18.13,100,
09:32:17,18.1333,1000,
09:32:27,18.15,9800,
09:32:27,18.13,200,
09:32:27,18.13,600,
09:32:27,18.13,200,
09:32:35,18.14,100,
09:32:35,18.14,200,
09:32:35,18.14,800,
09:32:35,18.14,200,
09:32:38,18.13,3000,
09:32:38,18.13,300,
09:32:38,18.12,100,
09:32:39,18.12,600,
09:32:39,18.12,200,
09:32:40,18.111,500,
09:32:42,18.1174,1102,
09:32:44,18.1174,500,
09:32:50,18.13,515,
09:32:50,18.13,215,
09:32:52,18.14,100,
09:32:55,18.14,100,
09:33:03,18.151,1000,
09:33:04,18.159,7100,
09:33:05,18.1674,1000,
09:33:07,18.17,800,
09:33:13,18.20,100,
09:33:13,18.20,300,
09:33:13,18.20,800,
09:33:13,18.191,100,
09:33:14,18.19,150,
09:33:16,18.20,100,
09:33:16,18.1999,1000,
09:33:19,18.198,500,
09:33:19,18.199,300,
09:33:30,18.1999,300,
09:33:38,18.219,1500,
09:33:40,18.198,300,
09:33:40,18.199,300,
09:33:40,18.229,100,
09:33:41,18.23,600,
09:33:43,18.239,1700,
09:33:43,18.23,400,
09:33:43,18.23,800,
09:33:45,18.239,100,
09:33:46,18.239,300,
09:33:46,18.239,300,
09:33:46,18.2395,100,
09:33:47,18.249,900,
09:33:47,18.241,400,
09:33:48,18.27,100,
09:33:48,18.279,300,
09:33:52,18.27,200,
09:33:52,18.269,500,
09:33:53,18.26,400,
09:33:54,18.26,280,
09:33:54,18.26,300,
09:33:54,18.2647,1000,
09:33:55,18.259,200,
09:33:59,18.26,600,
09:33:59,18.26,300,
09:34:00,18.2501,400,
09:34:00,18.259,100,
09:34:03,18.27,100,
09:34:04,18.269,200,
09:34:04,18.2685,2600,
09:34:05,18.29,3558,
09:34:06,18.28,600,
09:34:09,18.28,100,
09:34:10,18.279,700,
09:34:10,18.279,600,
09:34:11,18.27,500,
09:34:11,18.28,100,
09:34:11,18.28,100,
09:34:12,18.279,700,
09:34:14,18.2701,500,
09:34:14,18.2799,1200,
09:34:14,18.2774,1000,
09:34:15,18.2785,800,
09:34:17,18.281,300,
09:34:17,18.289,100,
09:34:18,18.28,400,
09:34:18,18.28,200,
09:34:18,18.271,2100,
09:34:18,18.2799,1000,
09:34:19,18.28,800,
09:34:21,18.289,779,
09:34:21,18.28,200,
09:34:22,18.289,200,
09:34:23,18.279,600,
09:34:23,18.279,700,
09:34:25,18.269,100,
09:34:26,18.2601,500,
09:34:27,18.2699,200,
09:34:28,18.26,100,
09:34:29,18.269,260,
09:34:31,18.27,300,
09:34:33,18.26,200,
09:34:36,18.269,200,
09:34:37,18.27,600,
09:34:37,18.27,500,
09:34:40,18.26,200,
09:34:40,18.25,1400,
09:34:43,18.25,300,
09:34:45,18.25,200,
09:34:46,18.2475,4600,
09:34:47,18.24,1000,
09:34:48,18.2485,400,
09:34:50,18.241,200,
09:34:54,18.25,100,
09:35:00,18.25,700,
09:35:05,18.25,100,
09:35:06,18.249,6700,
09:35:06,18.25,300,
09:35:07,18.25,500,
09:35:08,18.25,200,
09:35:08,18.25,100,
09:35:08,18.25,100,
09:35:08,18.25,600,
09:35:09,18.25,100,
09:35:09,18.25,200,
09:35:09,18.25,200,
09:35:10,18.241,500,
09:35:12,18.25,200,
09:35:16,18.2501,400,
09:35:20,18.27,300,
09:35:28,18.299,200,
09:35:28,18.30,200,
09:35:28,18.2901,600,
09:35:31,18.30,400,
09:35:32,18.28,150,
09:35:33,18.2831,150,
09:35:37,18.28,1100,
09:35:37,18.28,900,
09:35:37,18.28,700,
09:35:37,18.28,700,
09:35:39,18.279,100,
09:35:41,18.279,200,
09:35:41,18.289,1400,
09:35:42,18.28,200,
09:35:43,18.279,600,
09:35:44,18.2899,1000,
09:35:46,18.289,700,
09:35:50,18.289,100,
09:35:52,18.281,200,
09:35:52,18.28,200,
09:35:57,18.289,300,
09:35:57,18.2801,1000,
09:35:57,18.281,1700,
09:35:59,18.2899,700,
09:36:02,18.281,300,
09:36:02,18.2899,5000,
09:36:05,18.2799,10000,
09:36:11,18.2595,500,
09:36:12,18.251,300,
09:36:13,18.251,100,
09:36:14,18.26,100,
09:36:19,18.26,100,
09:36:21,18.2647,1000,
09:36:22,18.25,600,
09:36:22,18.25,700,
09:36:22,18.25,100,
09:36:22,18.25,200,
09:36:22,18.25,900,
09:36:22,18.25,100,
09:36:22,18.25,700,
09:36:22,18.25,400,
09:36:22,18.25,300,
09:36:22,18.25,600,
09:36:24,18.22,600,
09:36:25,18.2337,200,
09:36:29,18.221,100,
09:36:31,18.201,500,
09:36:31,18.201,8000,
09:36:32,18.2063,300,
09:36:38,18.21,100,
09:36:41,18.20,100,
09:36:42,18.1999,1000,
09:36:43,18.191,100,
09:36:49,18.199,300,
09:36:49,18.209,3000,
09:36:49,18.19,200,
09:36:49,18.19,500,
09:36:49,18.19,300,
09:36:49,18.20,400,
09:36:49,18.20,400,
09:36:50,18.199,200,
09:36:50,18.191,100,
09:36:52,18.17,1200,
09:37:02,18.14,100,
09:37:04,18.14,100,
09:37:05,18.1401,2000,
09:37:07,18.1401,600,
09:37:15,18.1695,1700,
09:37:20,18.1695,1000,
09:37:24,18.1899,200,
09:37:32,18.169,100,
09:37:35,18.151,300,
09:37:35,18.16,500,
09:37:35,18.16,600,
09:37:39,18.151,800,
09:37:40,18.15,1700,
09:37:41,18.152,1000,
09:37:47,18.159,1000,
09:37:48,18.1565,1000,
09:37:50,18.159,400,
09:37:53,18.15,1000,
09:37:53,18.16,2000,
09:37:53,18.16,100,
09:37:53,18.16,200,
09:37:53,18.16,300,
09:37:53,18.17,400,
09:37:53,18.17,600,
09:37:53,18.16,200,
09:37:53,18.16,300,
09:37:53,18.16,100,
09:37:53,18.16,200,
09:37:53,18.17,200,
09:37:53,18.17,600,
09:37:53,18.17,100,
09:37:53,18.16,300,
09:37:53,18.17,200,
09:37:54,18.17,200,
09:37:54,18.17,200,
09:37:54,18.17,300,
09:37:54,18.19,300,
09:37:55,18.1931,200,
09:37:55,18.20,300,
09:37:55,18.20,300,
09:37:55,18.20,125,
09:37:55,18.20,100,
09:37:55,18.20,100,
09:37:55,18.20,800,
09:37:55,18.20,200,
09:37:55,18.19,600,
09:37:55,18.19,539,
09:37:55,18.19,800,
09:37:55,18.20,800,
09:37:55,18.20,300,
09:37:55,18.20,500,
09:37:55,18.20,400,
09:37:55,18.19,800,
09:37:55,18.19,100,
09:37:55,18.19,1261,
09:37:55,18.19,100,
09:37:55,18.19,100,
09:37:55,18.21,600,
09:37:56,18.20,200,
09:37:56,18.201,100,
09:37:58,18.211,200,
09:38:02,18.22,300,
09:38:02,18.22,375,
09:38:02,18.22,300,
09:38:02,18.22,241,
09:38:02,18.22,300,
09:38:02,18.24,100,
09:38:02,18.25,100,
09:38:03,18.259,100,
09:38:05,18.2501,200,
09:38:11,18.23,100,
09:38:13,18.221,200,
09:38:23,18.21,200,
09:38:26,18.22,100,
09:38:26,18.22,200,
09:38:29,18.2069,275,
09:38:34,18.21,100,
09:38:34,18.21,100,
09:38:38,18.23,300,
09:38:38,18.24,331,
09:38:39,18.24,100,
09:38:39,18.231,700,
09:38:39,18.2494,2400,
09:38:42,18.25,499,
09:38:42,18.25,500,
09:38:42,18.25,400,
09:38:42,18.2499,300,
09:38:43,18.25,300,
09:38:44,18.251,100,
09:38:44,18.25,300,
09:38:45,18.25,100,
09:38:47,18.2599,500,
09:38:48,18.249,100,
09:38:57,18.23,300,
09:38:57,18.23,200,
09:38:57,18.23,100,
09:38:57,18.23,200,
09:38:57,18.23,100,
09:38:57,18.23,200,
09:38:57,18.23,200,
09:38:57,18.22,400,
09:38:57,18.23,100,
09:38:59,18.249,100,
09:39:02,18.25,300,
09:39:03,18.27,200,
09:39:04,18.2699,1000,
09:39:12,18.2599,1000,
09:39:13,18.26,300,
09:39:13,18.27,900,
09:39:25,18.249,100,
09:39:31,18.2399,500,
09:39:31,18.231,300,
09:39:31,18.23,100,
09:39:32,18.23,300,
09:39:34,18.24,200,
09:39:35,18.24,100,
09:39:35,18.24,100,
09:39:45,18.2301,500,
09:39:50,18.23,100,
09:39:50,18.23,100,
09:39:50,18.23,200,
09:39:50,18.23,300,
09:39:53,18.23,100,
09:40:00,18.2069,200,
09:40:01,18.209,100,
09:40:01,18.21,100,
09:40:10,18.20,100,
09:40:23,18.19,100,
09:40:23,18.198,100,
09:40:24,18.19,600,
09:40:28,18.171,700,
09:40:30,18.169,1300,
09:40:31,18.17,200,
09:40:31,18.17,300,
09:40:31,18.161,200,
09:40:31,18.17,500,
09:40:36,18.17,203,
09:40:39,18.169,100,
09:40:39,18.18,100,
09:40:39,18.18,100,
09:40:39,18.17,200,
09:40:40,18.17,100,
09:40:46,18.18,100,
09:40:46,18.181,300,
09:40:52,18.17,300,
09:40:56,18.19,100,
09:40:56,18.19,600,
09:40:59,18.181,100,
09:41:01,18.19,100,
09:41:02,18.199,100,
09:41:02,18.199,260,
09:41:14,18.16,100,
09:41:15,18.15,700,
09:41:17,18.151,500,
09:41:18,18.151,100,
09:41:18,18.15,120,
09:41:18,18.151,200,
09:41:19,18.15,520,
09:41:19,18.15,680,
09:41:23,18.22,300,
09:41:25,18.22,100,
09:41:28,18.20,100,
09:41:30,18.20,300,
09:41:31,18.2001,200,
09:41:34,18.21,100,
09:41:37,18.209,100,
09:41:39,18.229,100,
09:41:40,18.22,100,
09:41:42,18.22,100,
09:41:49,18.2126,1000,
09:41:50,18.22,300,
09:41:51,18.22,300,
09:41:52,18.221,300,
09:41:52,18.221,300,
09:41:55,18.209,100,
09:41:57,18.20,100,
09:41:58,18.209,200,
09:41:59,18.209,100,
09:41:59,18.201,700,
09:42:00,18.209,100,
09:42:03,18.20,300,
09:42:07,18.20,428,
09:42:08,18.201,700,
09:42:10,18.191,300,
09:42:13,18.20,100,
09:42:27,18.20,200,
09:42:30,18.22,327,
09:42:30,18.22,500,
09:42:30,18.22,500,
09:42:30,18.22,800,
09:42:30,18.22,100,
09:42:30,18.22,100,
09:42:30,18.22,100,
09:42:30,18.22,100,
09:42:39,18.24,200,
09:42:39,18.24,100,
09:42:40,18.25,300,
09:42:40,18.25,100,
09:42:40,18.25,300,
09:42:40,18.25,300,
09:42:40,18.25,200,
09:42:41,18.25,300,
09:42:41,18.27,500,
09:42:45,18.279,100,
09:42:49,18.28,400,
09:42:49,18.27,200,
09:42:49,18.27,600,
09:42:49,18.27,100,
09:42:49,18.27,1600,
09:42:49,18.27,300,
09:42:49,18.2801,1300,
09:42:49,18.28,100,
09:42:49,18.28,300,
09:42:49,18.28,400,
09:42:51,18.28,100,
09:42:52,18.2866,2000,
09:42:53,18.29,5000,
09:42:53,18.29,1200,
09:42:53,18.29,500,
09:42:56,18.289,500,
09:42:56,18.29,500,
09:42:58,18.28,450,
09:42:59,18.289,5000,
09:43:02,18.288,8000,
09:43:07,18.261,100,
09:43:07,18.269,500,
09:43:08,18.269,300,
09:43:08,18.27,200,
09:43:12,18.2499,3000,
09:43:13,18.25,100,
09:43:15,18.2537,200,
09:43:19,18.27,100,
09:43:19,18.27,246,
09:43:19,18.27,300,
09:43:19,18.27,508,
09:43:19,18.27,300,
09:43:28,18.25,270,
09:43:41,18.29,1500,
09:43:46,18.279,100,
09:43:46,18.279,3000,
09:43:53,18.2899,1000,
09:43:55,18.28,100,
09:44:01,18.2701,150,
09:44:06,18.259,2723,
09:44:06,18.259,700,
09:44:07,18.26,200,
09:44:08,18.259,100,
09:44:10,18.26,300,
09:44:12,18.26,400,
09:44:12,18.26,400,
09:44:14,18.27,200,
09:44:14,18.27,200,
09:44:16,18.2699,1300,
09:44:21,18.27,300,
09:44:21,18.27,100,
09:44:21,18.27,100,
09:44:21,18.27,300,
09:44:27,18.2701,100,
09:44:28,18.27,300,
09:44:29,18.26,300,
09:44:30,18.26,100,
09:44:32,18.2501,400,
09:44:35,18.26,100,
09:44:35,18.26,100,
09:44:38,18.23,300,
09:44:57,18.26,200,
09:45:00,18.28,300,
09:45:03,18.29,417,
09:45:04,18.30,100,
09:45:07,18.329,500,
09:45:07,18.33,300,
09:45:08,18.329,100,
09:45:08,18.34,2000,
09:45:08,18.329,760,
09:45:09,18.34,1040,
09:45:11,18.3399,3000,
09:45:11,18.329,200,
09:45:15,18.3301,100,
09:45:18,18.331,200,
09:45:20,18.34,340,
09:45:20,18.3399,340,
09:45:20,18.3399,100,
09:45:20,18.34,200,
09:45:21,18.349,3300,
09:45:21,18.349,1400,
09:45:23,18.35,300,
09:45:23,18.35,1000,
09:45:23,18.35,7000,
09:45:24,18.35,346,
09:45:24,18.35,100,
09:45:25,18.349,500,
09:45:25,18.349,800,
09:45:25,18.349,800,
09:45:29,18.35,100,
09:45:29,18.3401,2500,
09:45:35,18.3399,500,
09:45:36,18.33,254,
09:45:36,18.32,300,
09:45:36,18.3201,700,
09:45:37,18.31,1000,
09:45:38,18.3174,1000,
09:45:39,18.3199,100,
09:45:40,18.329,200,
09:45:40,18.33,142,
09:45:41,18.339,200,
09:45:43,18.339,100,
09:45:50,18.33,100,
09:45:51,18.321,700,
09:45:53,18.329,100,
09:45:53,18.3201,900,
09:45:55,18.329,100,
09:45:55,18.3299,1000,
09:45:57,18.319,300,
09:45:58,18.31,300,
09:45:59,18.31,300,
09:45:59,18.31,100,
09:46:01,18.315,100,
09:46:03,18.31,338,
09:46:05,18.32,600,
09:46:05,18.32,300,
09:46:05,18.32,200,
09:46:05,18.32,500,
09:46:05,18.32,500,
09:46:05,18.32,300,
09:46:05,18.32,100,
09:46:05,18.32,300,
09:46:06,18.33,945,
09:46:08,18.31,200,
09:46:09,18.319,400,
09:46:10,18.311,300,
09:46:15,18.311,600,
09:46:17,18.31,300,
09:46:22,18.31,100,
09:46:23,18.30,100,
09:46:27,18.29,100,
09:46:29,18.281,200,
09:46:32,18.2901,1000,
09:46:37,18.30,300,
09:46:39,18.299,200,
09:46:40,18.2911,1000,
09:46:48,18.29,300,
09:46:51,18.2899,100,
09:46:54,18.28,200,
09:46:54,18.28,250,
09:46:54,18.279,300,
09:46:56,18.275,275,
09:46:59,18.28,200,
09:47:00,18.251,400,
09:47:00,18.25,1200,
09:47:00,18.25,500,
09:47:00,18.24,500,
09:47:00,18.24,300,
09:47:00,18.231,2325,
09:47:00,18.23,700,
09:47:00,18.231,2100,
09:47:01,18.22,100,
09:47:02,18.23,545,
09:47:02,18.24,100,
09:47:02,18.251,100,
09:47:02,18.231,400,
09:47:03,18.23,100,
09:47:03,18.241,175,
09:47:03,18.231,100,
09:47:04,18.24,100,
09:47:10,18.2399,1000,
09:47:12,18.211,785,
09:47:13,18.22,300,
09:47:15,18.20,100,
09:47:15,18.21,600,
09:47:15,18.21,300,
09:47:15,18.21,215,
09:47:15,18.21,200,
09:47:15,18.21,200,
09:47:15,18.21,100,
09:47:15,18.19,700,
09:47:15,18.19,200,
09:47:15,18.19,204,
09:47:15,18.19,400,
09:47:15,18.19,300,
09:47:15,18.19,400,
09:47:15,18.19,200,
09:47:15,18.19,208,
09:47:16,18.20,300,
09:47:16,18.20,200,
09:47:16,18.21,400,
09:47:16,18.21,400,
09:47:17,18.21,100,
09:47:17,18.21,200,
09:47:17,18.21,100,
09:47:18,18.21,400,
09:47:18,18.21,200,
09:47:20,18.2096,420,
09:47:22,18.1999,1000,
09:47:24,18.1918,1000,
09:47:26,18.19,100,
09:47:27,18.181,600,
09:47:28,18.19,100,
09:47:30,18.19,400,
09:47:30,18.18,400,
09:47:30,18.18,100,
09:47:32,18.191,100,
09:47:33,18.20,100,
09:47:33,18.20,600,
09:47:35,18.21,200,
09:47:36,18.22,100,
09:47:38,18.21,100,
09:47:43,18.20,700,
09:47:43,18.20,100,
09:47:43,18.20,300,
09:47:43,18.20,200,
09:47:44,18.20,300,
09:47:44,18.20,300,
09:47:44,18.20,300,
09:47:44,18.20,300,
09:47:49,18.20,200,
09:47:49,18.1999,600,
09:47:52,18.2031,100,
09:47:53,18.20,100,
09:47:54,18.1905,1000,
09:47:54,18.1901,800,
09:48:04,18.19,300,
09:48:06,18.2005,1000,
09:48:08,18.21,400,
09:48:14,18.23,200,
09:48:16,18.2226,1000,
09:48:19,18.22,300,
09:48:19,18.211,100,
09:48:20,18.2101,500,
09:48:20,18.219,100,
09:48:21,18.22,200,
09:48:21,18.219,100,
09:48:22,18.20,300,
09:48:22,18.19,200,
09:48:28,18.1999,5000,
09:48:33,18.1853,1300,
09:48:34,18.18,300,
09:48:34,18.171,500,
09:48:38,18.17,100,
09:48:41,18.179,500,
09:48:42,18.1774,1095,
09:48:45,18.17,600,
09:48:45,18.17,200,
09:48:45,18.17,500,
09:48:45,18.1718,100,
09:48:51,18.163,2500,
09:48:52,18.1518,1000,
09:48:53,18.16,100,
09:48:53,18.161,400,
09:48:54,18.15,200,
09:48:54,18.16,212,
09:48:54,18.16,300,
09:48:54,18.15,346,
09:48:54,18.15,300,
09:48:54,18.15,3000,
09:48:54,18.15,200,
09:48:54,18.16,400,
09:48:54,18.151,200,
09:48:54,18.16,100,
09:48:55,18.16,200,
09:48:55,18.1574,1000,
09:48:55,18.1501,3000,
09:48:58,18.151,300,
09:48:59,18.17,200,
09:48:59,18.17,100,
09:48:59,18.17,3700,
09:49:00,18.15,300,
09:49:00,18.15,100,
09:49:03,18.151,200,
09:49:03,18.155,2800,
09:49:04,18.153,100,
09:49:04,18.1511,200,
09:49:06,18.17,200,
09:49:08,18.151,300,
09:49:12,18.151,300,
09:49:17,18.1689,500,
09:49:20,18.16,100,
09:49:21,18.16,207,
09:49:21,18.1611,100,
09:49:24,18.16,200,
09:49:25,18.17,100,
09:49:25,18.17,300,
09:49:25,18.17,300,
09:49:26,18.1701,200,
09:49:28,18.161,200,
09:49:28,18.1684,5000,
09:49:31,18.16,500,
09:49:31,18.16,210,
09:49:36,18.17,100,
09:49:36,18.161,200,
09:49:39,18.1685,100,
09:49:45,18.16,1900,
09:49:45,18.16,100,
09:49:45,18.16,500,
09:49:52,18.155,100,
09:49:54,18.15,100,
09:49:54,18.158,500,
09:50:02,18.151,100,
09:50:16,18.1599,2000,
09:50:18,18.151,400,
09:50:18,18.151,300,
09:50:24,18.1505,100,
09:50:24,18.151,100,
09:50:24,18.15,8000,
09:50:26,18.1585,2000,
09:50:31,18.141,2900,
09:50:31,18.14,300,
09:50:35,18.14,200,
09:50:35,18.149,794,
09:50:36,18.15,300,
09:50:36,18.15,300,
09:50:40,18.1499,200,
09:50:40,18.15,100,
09:50:40,18.15,300,
09:50:40,18.15,1500,
09:50:42,18.14,400,
09:50:42,18.13,1300,
09:50:43,18.1201,100,
09:50:43,18.12,176,
09:50:43,18.12,100,
09:50:43,18.12,200,
09:50:43,18.12,170,
09:50:43,18.12,1170,
09:50:43,18.111,200,
09:50:43,18.111,1000,
09:50:45,18.111,200,
09:50:45,18.111,550,
09:50:46,18.12,100,
09:50:46,18.12,100,
09:50:46,18.1199,500,
09:50:46,18.12,900,
09:50:47,18.12,150,
09:50:49,18.127,2000,
09:50:50,18.101,400,
09:50:50,18.101,1700,
09:50:50,18.10,100,
09:50:50,18.101,600,
09:50:51,18.10,4000,
09:50:51,18.101,400,
09:50:52,18.10,200,
09:50:52,18.10,100,
09:50:52,18.10,200,
09:50:52,18.1001,100,
09:50:52,18.10,200,
09:50:53,18.10,300,
09:50:53,18.1001,200,
09:50:53,18.1021,800,
09:50:53,18.1021,100,
09:50:53,18.1021,200,
09:50:53,18.1021,150,
09:50:53,18.1021,100,
09:50:53,18.09,200,
09:50:53,18.0901,100,
09:50:53,18.091,200,
09:50:54,18.10,500,
09:50:54,18.10,300,
09:50:54,18.105,542,
09:50:54,18.10,1000,
09:50:54,18.101,200,
09:50:54,18.101,100,
09:50:54,18.101,100,
09:50:54,18.101,100,
09:50:54,18.10,300,
09:50:55,18.1001,1200,
09:50:55,18.101,200,
09:50:56,18.101,385,
09:50:56,18.10,100,
09:50:57,18.10,225,
09:50:57,18.10,400,
09:50:57,18.0926,500,
09:50:58,18.10,100,
09:50:58,18.10,300,
09:50:58,18.09,200,
09:51:00,18.0999,1000,
09:51:01,18.101,500,
09:51:03,18.101,200,
09:51:03,18.101,1700,
09:51:05,18.101,100,
09:51:09,18.11,100,
09:51:14,18.12,119,
09:51:14,18.12,130,
09:51:15,18.129,5500,
09:51:15,18.129,5600,
09:51:22,18.12,300,
09:51:24,18.1101,4000,
09:51:25,18.119,400,
09:51:27,18.1101,120,
09:51:29,18.111,1100,
09:51:33,18.109,400,
09:51:35,18.0974,1500,
09:51:35,18.08,800,
09:51:38,18.08,200,
09:51:38,18.07,700,
09:51:38,18.07,300,
09:51:38,18.0701,2846,
09:51:38,18.07,440,
09:51:38,18.07,1000,
09:51:39,18.08,100,
09:51:45,18.061,500,
09:51:45,18.061,1500,
09:51:49,18.07,100,
09:51:50,18.0718,120,
09:51:54,18.0799,600,
09:51:54,18.07,100,
09:51:56,18.079,959,
09:51:57,18.079,100,
09:51:57,18.071,900,
09:51:59,18.071,100,
09:51:59,18.07,100,
09:52:00,18.0605,225,
09:52:01,18.07,100,
09:52:01,18.07,100,
09:52:01,18.07,500,
09:52:01,18.07,500,
09:52:02,18.0674,1500,
09:52:05,18.061,200,
09:52:06,18.06,600,
09:52:07,18.07,400,
09:52:07,18.07,500,
09:52:09,18.069,300,
09:52:09,18.069,400,
09:52:13,18.0699,100,
09:52:16,18.0632,5000,
09:52:19,18.061,700,
09:52:29,18.0643,200,
09:52:34,18.0789,700,
09:52:34,18.07,400,
09:52:35,18.0684,1000,
09:52:37,18.051,300,
09:52:37,18.05,125,
09:52:37,18.0553,500,
09:52:37,18.0518,1300,
09:52:39,18.061,100,
09:52:42,18.05,12500,
09:52:42,18.05,1400,
09:52:42,18.05,1000,
09:52:42,18.05,300,
09:52:43,18.04,100,
09:52:43,18.04,300,
09:52:54,18.0418,200,
09:52:54,18.04,100,
09:52:56,18.04,200,
09:52:57,18.03,200,
09:52:58,18.0318,1000,
09:53:00,18.04,100,
09:53:00,18.04,250,
09:53:01,18.04,400,
09:53:03,18.0401,3000,
09:53:03,18.041,100,
09:53:04,18.041,300,
09:53:05,18.04,10000,
09:53:05,18.041,600,
09:53:06,18.0418,100,
09:53:06,18.049,1000,
09:53:09,18.041,300,
09:53:11,18.0499,3000,
09:53:11,18.041,100,
09:53:12,18.05,1000,
09:53:12,18.041,600,
09:53:14,18.05,200,
09:53:14,18.05,500,
09:53:15,18.059,300,
09:53:16,18.051,100,
09:53:17,18.04,100,
09:53:17,18.04,400,
09:53:17,18.04,500,
09:53:17,18.0301,190,
09:53:17,18.03,900,
09:53:18,18.039,1700,
09:53:22,18.04,300,
09:53:23,18.041,200,
09:53:27,18.0469,100,
09:53:28,18.04,200,
09:53:32,18.0408,2400,
09:53:35,18.0495,200,
09:53:36,18.041,100,
09:53:40,18.04,600,
09:53:40,18.04,300,
09:53:40,18.04,300,
09:53:45,18.0467,500,
09:53:50,18.05,100,
09:53:50,18.05,100,
09:53:50,18.05,600,
09:53:53,18.051,100,
09:53:58,18.0595,260,
09:54:00,18.0595,150,
09:54:06,18.06,206,
09:54:07,18.06,550,
09:54:07,18.0699,320,
09:54:07,18.061,300,
09:54:09,18.079,400,
09:54:10,18.078,100,
09:54:11,18.07,100,
09:54:11,18.07,300,
09:54:11,18.0699,428,
09:54:11,18.0699,200,
09:54:12,18.07,400,
09:54:12,18.07,100,
09:54:13,18.07,400,
09:54:13,18.069,100,
09:54:17,18.07,200,
09:54:17,18.079,400,
09:54:19,18.0774,1200,
09:54:20,18.0799,100,
09:54:22,18.08,100,
09:54:27,18.0799,1000,
09:54:30,18.069,600,
09:54:30,18.069,700,
09:54:34,18.071,1000,
09:54:39,18.0701,2000,
09:54:54,18.07,300,
09:54:54,18.07,300,
09:54:54,18.07,300,
09:54:54,18.07,100,
09:54:58,18.071,1700,
09:55:05,18.071,250,
09:55:05,18.071,300,
09:55:05,18.07,800,
09:55:06,18.0701,200,
09:55:08,18.07,500,
09:55:08,18.07,100,
09:55:15,18.06,300,
09:55:19,18.07,100,
09:55:26,18.0589,900,
09:55:27,18.059,700,
09:55:29,18.07,300,
09:55:30,18.061,700,
09:55:36,18.09,200,
09:55:36,18.09,100,
09:55:36,18.0899,100,
09:55:36,18.0995,4400,
09:55:38,18.081,200,
09:55:39,18.09,379,
09:55:39,18.09,300,
09:55:39,18.09,221,
09:55:39,18.099,300,
09:55:39,18.081,100,
09:55:41,18.09,200,
09:55:46,18.10,200,
09:55:46,18.09,100,
09:55:51,18.11,200,
09:55:51,18.1078,1700,
09:55:52,18.109,200,
09:55:53,18.109,100,
09:55:54,18.10,300,
09:55:55,18.099,300,
09:55:56,18.0999,150,
09:55:57,18.0999,450,
09:55:57,18.0999,200,
09:55:57,18.0999,100,
09:55:57,18.10,450,
09:55:57,18.0999,250,
09:55:58,18.0999,480,
09:55:58,18.0999,400,
09:55:58,18.0999,480,
09:55:58,18.09,100,
09:55:58,18.10,320,
09:55:58,18.10,320,
09:55:59,18.09,200,
09:55:59,18.09,100,
09:55:59,18.10,100,
09:55:59,18.09,100,
09:56:00,18.0899,400,
09:56:02,18.089,300,
09:56:02,18.089,400,
09:56:02,18.09,100,
09:56:02,18.09,1300,
09:56:07,18.091,100,
09:56:11,18.0901,3000,
09:56:11,18.0999,200,
09:56:13,18.10,200,
09:56:15,18.10,250,
09:56:23,18.09,350,
09:56:23,18.08,100,
09:56:23,18.10,100,
09:56:26,18.101,500,
09:56:26,18.1099,2500,
09:56:29,18.11,100,
09:56:32,18.1026,575,
09:56:35,18.13,100,
09:56:35,18.1205,2200,
09:56:38,18.119,700,
09:56:40,18.119,150,
09:56:40,18.119,500,
09:56:53,18.1199,3800,
09:56:54,18.12,100,
09:56:54,18.12,300,
09:56:54,18.129,700,
09:56:56,18.12,100,
09:57:00,18.1195,500,
09:57:11,18.1101,3000,
09:57:22,18.11,200,
09:57:23,18.11,300,
09:57:23,18.11,200,
09:57:35,18.1101,1000,
09:57:36,18.119,400,
09:57:40,18.10,200,
09:57:40,18.10,200,
09:57:45,18.1105,100,
09:57:51,18.111,300,
09:57:58,18.11,200,
09:58:03,18.12,300,
09:58:09,18.1299,200,
09:58:21,18.119,100,
09:58:22,18.119,100,
09:58:36,18.11,400,
09:58:54,18.11,200,
09:59:00,18.17,100,
09:59:00,18.17,200,
09:59:00,18.16,300,
09:59:00,18.16,500,
09:59:00,18.16,600,
09:59:02,18.16,1500,
09:59:02,18.16,1300,
09:59:02,18.16,1500,
09:59:02,18.16,1500,
09:59:02,18.16,1500,
09:59:02,18.16,1500,
09:59:03,18.16,300,
09:59:06,18.16,400,
09:59:09,18.159,1400,
09:59:25,18.151,700,
09:59:25,18.151,700,
09:59:30,18.15,600,
09:59:31,18.151,200,
09:59:34,18.16,1000,
09:59:36,18.159,100,
09:59:36,18.16,1500,
09:59:36,18.16,1500,
09:59:36,18.16,200,
09:59:36,18.16,1300,
09:59:38,18.151,500,
09:59:42,18.17,585,
09:59:42,18.17,100,
09:59:43,18.17,600,
09:59:43,18.17,100,
09:59:47,18.16,100,
09:59:50,18.151,150,
09:59:51,18.16,300,
09:59:51,18.16,100,
09:59:53,18.16,300,
10:00:04,18.1466,2400,
10:00:13,18.151,200,
10:00:13,18.151,200,
10:00:21,18.149,175,
10:00:23,18.14,300,
10:00:23,18.14,100,
10:00:23,18.13,600,
10:00:23,18.13,200,
10:00:23,18.12,300,
10:00:23,18.12,200,
10:00:28,18.1169,300,
10:00:28,18.11,200,
10:00:30,18.119,100,
10:00:30,18.101,100,
10:00:32,18.09,300,
10:00:32,18.09,700,
10:00:32,18.09,100,
10:00:34,18.101,100,
10:00:36,18.071,800,
10:00:37,18.081,500,
10:00:37,18.08,500,
10:00:45,18.07,100,
10:00:46,18.079,200,
10:00:48,18.09,100,
10:00:49,18.079,100,
10:00:55,18.09,900,
10:00:56,18.09,200,
10:00:57,18.08,100,
10:00:57,18.08,100,
10:00:57,18.08,271,
10:00:58,18.08,200,
10:01:00,18.07,200,
10:01:14,18.081,100,
10:01:20,18.0899,900,
10:01:21,18.09,400,
10:01:22,18.09,100,
10:01:25,18.08,141,
10:01:30,18.08,100,
10:01:43,18.09,100,
10:01:43,18.09,238,
10:01:43,18.09,245,
10:01:43,18.08,200,
10:01:43,18.08,300,
10:01:43,18.08,700,
10:01:43,18.09,300,
10:01:43,18.09,200,
10:01:43,18.09,100,
10:01:43,18.089,238,
10:01:43,18.089,100,
10:01:44,18.11,100,
10:01:45,18.12,100,
10:01:45,18.12,300,
10:01:45,18.12,300,
10:01:45,18.12,100,
10:01:45,18.12,100,
10:01:45,18.12,199,
10:01:45,18.12,100,
10:01:45,18.12,100,
10:01:48,18.14,100,
10:01:48,18.1499,100,
10:01:49,18.15,100,
10:01:57,18.14,300,
10:02:02,18.16,300,
10:02:09,18.161,100,
10:02:11,18.17,2600,
10:02:11,18.16,200,
10:02:11,18.16,400,
10:02:15,18.159,900,
10:02:17,18.17,10000,
10:02:27,18.1799,500,
10:02:31,18.189,200,
10:02:35,18.1901,100,
10:02:35,18.20,600,
10:02:35,18.20,200,
10:02:35,18.20,200,
10:02:35,18.20,211,
10:02:35,18.20,300,
10:02:35,18.20,300,
10:02:35,18.21,246,
10:02:35,18.21,300,
10:02:35,18.21,100,
10:02:35,18.20,400,
10:02:35,18.20,200,
10:02:35,18.21,500,
10:02:35,18.21,900,
10:02:37,18.20,300,
10:02:39,18.199,200,
10:02:40,18.19,200,
10:02:41,18.19,1000,
10:02:43,18.19,200,
10:02:46,18.1869,300,
10:02:48,18.18,716,
10:02:48,18.18,116,
10:02:48,18.17,300,
10:02:48,18.17,600,
10:02:49,18.179,100,
10:02:50,18.179,300,
10:02:51,18.1699,100,
10:02:51,18.169,200,
10:02:52,18.16,100,
10:02:53,18.1599,200,
10:02:55,18.15,100,
10:02:57,18.159,200,
10:03:01,18.15,100,
10:03:03,18.151,300,
10:03:06,18.15,100,
10:03:10,18.159,300,
10:03:17,18.16,300,
10:03:18,18.16,100,
10:03:26,18.1618,1500,
10:03:27,18.161,300,
10:03:31,18.161,800,
10:03:31,18.161,900,
10:03:36,18.169,100,
10:03:43,18.149,500,
10:03:43,18.14,200,
10:03:43,18.13,1300,
10:03:44,18.1105,570,
10:03:48,18.1265,700,
10:03:58,18.129,300,
10:04:00,18.15,200,
10:04:01,18.129,100,
10:04:02,18.141,200,
10:04:06,18.159,100,
10:04:11,18.149,200,
10:04:15,18.149,1300,
10:04:16,18.1469,300,
10:04:34,18.13,600,
10:04:35,18.139,400,
10:04:37,18.1374,1000,
10:04:38,18.13,100,
10:04:38,18.13,200,
10:04:38,18.13,400,
10:04:42,18.1201,183,
10:04:44,18.129,400,
10:04:48,18.1218,200,
10:04:55,18.10,200,
10:04:55,18.10,3000,
10:04:57,18.10,1400,
10:05:04,18.09,600,
10:05:09,18.091,200,
10:05:19,18.08,200,
10:05:19,18.08,200,
10:05:19,18.07,1400,
10:05:19,18.07,200,
10:05:22,18.061,200,
10:05:28,18.069,400,
10:05:36,18.05,100,
10:05:39,18.0505,1000,
10:05:40,18.06,100,
10:05:41,18.0426,1102,
10:05:43,18.041,100,
10:05:48,18.0426,500,
10:05:50,18.0499,400,
10:05:53,18.05,100,
10:05:53,18.0599,300,
10:05:53,18.06,400,
10:05:54,18.07,100,
10:05:54,18.07,300,
10:05:54,18.07,199,
10:05:55,18.054,1100,
10:05:55,18.053,400,
10:05:57,18.081,200,
10:05:57,18.081,200,
10:05:59,18.071,200,
10:06:04,18.069,700,
10:06:05,18.0601,1000,
10:06:06,18.051,300,
10:06:08,18.061,100,
10:06:16,18.05,141,
10:06:16,18.0501,300,
10:06:27,18.045,100,
10:06:29,18.0482,1000,
10:06:32,18.04,300,
10:06:37,18.0343,100,
10:06:42,18.03,100,
10:06:42,18.02,600,
10:06:42,18.02,200,
10:06:42,18.02,300,
10:06:42,18.03,200,
10:06:42,18.02,300,
10:06:42,18.02,200,
10:06:42,18.021,200,
10:06:44,18.0201,500,
10:06:45,18.02,100,
10:06:50,18.02,100,
10:06:50,18.02,300,
10:06:54,18.04,177,
10:06:54,18.04,223,
10:06:54,18.03,600,
10:06:58,18.0301,500,
10:07:00,18.039,300,
10:07:00,18.031,300,
10:07:02,18.031,1000,
10:07:02,18.04,300,
10:07:02,18.04,300,
10:07:02,18.06,200,
10:07:02,18.04,300,
10:07:02,18.04,900,
10:07:02,18.05,248,
10:07:02,18.05,500,
10:07:03,18.04,100,
10:07:03,18.0401,200,
10:07:03,18.0401,200,
10:07:03,18.0401,300,
10:07:04,18.0401,400,
10:07:05,18.049,200,
10:07:05,18.041,200,
10:07:06,18.0495,1000,
10:07:07,18.049,1000,
10:07:16,18.0401,300,
10:07:16,18.0301,300,
10:07:16,18.02,200,
10:07:16,18.02,100,
10:07:16,18.02,200,
10:07:16,18.02,100,
10:07:16,18.02,1000,
10:07:20,18.0215,2600,
10:07:23,18.0218,1000,
10:07:27,18.02,100,
10:07:28,18.01,100,
10:07:29,18.0131,200,
10:07:38,18,200,
10:07:38,18.001,100,
10:07:38,18.001,300,
10:07:38,18,800,
10:07:38,18.001,100,
10:07:38,18.001,100,
10:07:40,18.009,700,
10:07:40,18,300,
10:07:42,18.005,1000,
10:07:46,18.0005,500,
10:07:49,18,800,
10:07:49,18,1000,
10:07:49,18,125,
10:07:51,18.001,900,
10:07:53,18.001,400,
10:07:57,18,1500,
10:07:57,18,600,
10:07:57,17.991,400,
10:07:59,17.99,100,
10:07:59,17.99,1400,
10:07:59,17.99,100,
10:07:59,17.9901,500,
10:07:59,17.9901,400,
10:08:00,17.99,500,
10:08:02,17.9932,4800,
10:08:03,17.991,700,
10:08:08,17.999,100,
10:08:08,18,200,
10:08:10,17.999,5300,
10:08:11,18.03,100,
10:08:21,18.03,200,
10:08:22,18.04,200,
10:08:24,18.04,100,
10:08:37,18.029,300,
10:08:37,18.029,315,
10:08:45,18.05,458,
10:09:07,18.05,100,
10:09:07,18.05,600,
10:09:07,18.05,200,
10:09:07,18.05,300,
10:09:07,18.05,300,
10:09:07,18.05,392,
10:09:07,18.05,100,
10:09:07,18.07,203,
10:09:07,18.07,300,
10:09:08,18.10,400,
10:09:08,18.10,200,
10:09:08,18.10,700,
10:09:08,18.10,400,
10:09:10,18.10,100,
10:09:10,18.10,200,
10:09:10,18.10,599,
10:09:10,18.091,200,
10:09:10,18.10,600,
10:09:12,18.10,200,
10:09:14,18.109,300,
10:09:17,18.10,300,
10:09:18,18.0901,240,
10:09:22,18.099,200,
10:09:25,18.0931,285,
10:09:26,18.099,1000,
10:09:26,18.09,400,
10:09:30,18.0799,300,
10:09:50,18.084,7000,
10:09:56,18.0899,100,
10:09:59,18.09,100,
10:09:59,18.10,200,
10:09:59,18.09,300,
10:10:00,18.09,100,
10:10:00,18.09,900,
10:10:04,18.079,100,
10:10:07,18.0701,300,
10:10:18,18.061,3000,
10:10:18,18.06,200,
10:10:28,18.05,200,
10:10:28,18.05,400,
10:10:39,18.05,600,
10:10:39,18.05,500,
10:10:39,18.05,400,
10:10:39,18.05,247,
10:10:39,18.05,200,
10:10:41,18.05,200,
10:10:42,18.06,200,
10:10:42,18.08,200,
10:10:42,18.07,200,
10:10:44,18.0601,3000,
10:10:52,18.061,100,
10:11:09,18.05,100,
10:11:09,18.06,500,
10:11:09,18.05,800,
10:11:09,18.05,100,
10:11:09,18.05,100,
10:11:09,18.05,100,
10:11:14,18.05,100,
10:11:15,18.05,100,
10:11:15,18.05,300,
10:11:15,18.05,500,
10:11:15,18.05,100,
10:11:23,18.04,300,
10:11:24,18.0369,200,
10:11:31,18.05,200,
10:11:31,18.05,424,
10:11:35,18.0418,500,
10:11:40,18.06,100,
10:11:41,18.08,100,
10:11:47,18.0726,1500,
10:11:55,18.089,700,
10:11:56,18.088,100,
10:12:04,18.0518,200,
10:12:05,18.059,400,
10:12:28,18.07,100,
10:12:36,18.059,300,
10:12:38,18.057,100,
10:12:38,18.057,100,
10:12:42,18.0507,165,
10:12:52,18.051,100,
10:12:52,18.0501,100,
10:13:01,18.061,700,
10:13:03,18.0623,300,
10:13:17,18.07,300,
10:13:23,18.0663,325,
10:13:23,18.061,150,
10:13:25,18.09,300,
10:13:25,18.09,269,
10:13:25,18.09,299,
10:13:28,18.11,100,
10:13:32,18.13,200,
10:13:32,18.131,400,
10:13:41,18.1226,1000,
10:13:44,18.121,1000,
10:13:47,18.13,200,
10:13:59,18.12,700,
10:14:00,18.12,600,
10:14:16,18.16,6430,
10:14:18,18.16,100,
10:14:21,18.17,100,
10:14:21,18.1699,200,
10:14:26,18.169,1000,
10:14:27,18.179,200,
10:14:30,18.16,100,
10:14:30,18.169,500,
10:14:32,18.1599,4000,
10:14:32,18.169,300,
10:14:33,18.17,100,
10:14:33,18.17,100,
10:14:33,18.17,100,
10:14:33,18.16,600,
10:14:33,18.17,400,
10:14:33,18.17,100,
10:14:33,18.17,100,
10:14:33,18.18,300,
10:14:33,18.19,100,
10:14:33,18.18,100,
10:14:33,18.18,200,
10:14:33,18.18,400,
10:14:36,18.185,3000,
10:14:38,18.189,400,
10:14:39,18.181,400,
10:14:44,18.1901,200,
10:14:44,18.19,100,
10:14:46,18.199,300,
10:14:46,18.20,300,
10:14:47,18.19,100,
10:14:47,18.19,100,
10:14:47,18.19,100,
10:14:49,18.18,700,
10:14:55,18.17,200,
10:15:01,18.18,300,
10:15:04,18.189,2700,
10:15:05,18.189,100,
10:15:07,18.18,200,
10:15:07,18.19,500,
10:15:07,18.19,200,
10:15:07,18.19,300,
10:15:07,18.19,100,
10:15:07,18.189,2900,
10:15:12,18.189,2600,
10:15:12,18.189,600,
10:15:14,18.189,500,
10:15:14,18.189,400,
10:15:14,18.19,1000,
10:15:15,18.19,400,
10:15:15,18.199,500,
10:15:18,18.19,100,
10:15:18,18.19,300,
10:15:19,18.199,600,
10:15:20,18.19,6430,
10:15:22,18.1999,4800,
10:15:31,18.20,400,
10:15:34,18.1999,400,
10:15:34,18.1918,1000,
10:15:34,18.20,400,
10:15:38,18.21,600,
10:15:40,18.2199,1200,
10:15:42,18.21,200,
10:15:44,18.219,1000,
10:15:52,18.22,200,
10:15:55,18.2099,200,
10:15:55,18.21,200,
10:16:01,18.21,300,
10:16:01,18.21,800,
10:16:01,18.21,600,
10:16:01,18.20,200,
10:16:01,18.211,100,
10:16:02,18.201,100,
10:16:04,18.209,100,
10:16:04,18.209,200,
10:16:09,18.1982,500,
10:16:10,18.20,300,
10:16:10,18.20,200,
10:16:10,18.21,600,
10:16:10,18.21,200,
10:16:10,18.21,100,
10:16:12,18.22,200,
10:16:15,18.21,900,
10:16:27,18.21,600,
10:16:27,18.22,100,
10:16:28,18.2015,300,
10:16:28,18.202,1500,
10:16:35,18.211,1000,
10:16:44,18.22,1000,
10:16:44,18.219,1000,
10:16:45,18.22,4600,
10:16:54,18.23,300,
10:16:54,18.23,200,
10:16:55,18.23,400,
10:16:55,18.23,200,
10:16:55,18.23,5000,
10:16:55,18.22,25400,
10:16:59,18.231,700,
10:16:59,18.231,765,
10:17:02,18.23,300,
10:17:02,18.229,300,
10:17:13,18.21,1500,
10:17:22,18.21,100,
10:17:25,18.21,700,
10:17:27,18.19,100,
10:17:27,18.19,200,
10:17:27,18.19,200,
10:17:27,18.19,100,
10:17:34,18.1974,1700,
10:17:34,18.191,700,
10:17:39,18.181,500,
10:17:42,18.19,100,
10:17:42,18.19,600,
10:17:46,18.19,1000,
10:17:48,18.19,200,
10:17:51,18.181,100,
10:18:07,18.18,100,
10:18:07,18.18,200,
10:18:07,18.171,400,
10:18:30,18.17,4500,
10:18:30,18.17,1800,
10:18:30,18.17,200,
10:18:30,18.17,200,
10:18:30,18.17,300,
10:18:43,18.161,100,
10:18:43,18.161,100,
10:18:44,18.15,1400,
10:18:45,18.168,500,
10:18:45,18.14,11000,
10:18:45,18.14,1400,
10:18:46,18.14,200,
10:18:52,18.1401,1400,
10:18:53,18.1401,200,
10:19:09,18.15,1500,
10:19:09,18.15,700,
10:19:09,18.151,5800,
10:19:09,18.151,700,
10:19:10,18.15,200,
10:19:11,18.15,200,
10:19:12,18.15,7500,
10:19:16,18.141,1300,
10:19:16,18.15,200,
10:19:16,18.15,200,
10:19:19,18.15,300,
10:19:19,18.16,200,
10:19:19,18.16,400,
10:19:19,18.15,700,
10:19:20,18.15,200,
10:19:22,18.15,400,
10:19:28,18.16,200,
10:19:32,18.151,1900,
10:19:36,18.16,200,
10:19:47,18.15,100,
10:19:54,18.149,2000,
10:19:55,18.14,1000,
10:19:55,18.14,200,
10:19:56,18.1325,2800,
10:20:02,18.12,200,
10:20:09,18.11,400,
10:20:10,18.1101,500,
10:20:14,18.11,800,
10:20:14,18.11,100,
10:20:21,18.1025,2000,
10:20:25,18.12,100,
10:20:30,18.12,200,
10:20:52,18.1399,750,
10:21:00,18.1326,675,
10:21:22,18.1301,1400,
10:21:32,18.121,200,
10:21:41,18.1326,1000,
10:21:43,18.131,500,
10:21:55,18.17,200,
10:22:01,18.1801,1100,
10:22:02,18.1815,2600,
10:22:08,18.1574,1000,
10:22:12,18.16,200,
10:22:24,18.1418,200,
10:22:26,18.15,100,
10:22:26,18.15,200,
10:22:28,18.15,100,
10:22:28,18.15,100,
10:22:28,18.15,100,
10:22:28,18.15,100,
10:22:28,18.15,200,
10:22:28,18.15,100,
10:22:28,18.15,100,
10:22:28,18.15,100,
10:22:37,18.1601,500,
10:22:42,18.16,30000,
10:22:46,18.17,100,
10:22:46,18.17,100,
10:22:46,18.17,100,
10:22:46,18.17,400,
10:22:46,18.17,300,
10:22:46,18.17,100,
10:22:46,18.17,100,
10:22:46,18.17,200,
10:22:46,18.17,100,
10:22:46,18.18,100,
10:22:46,18.18,200,
10:22:48,18.17,1000,
10:22:51,18.178,1300,
10:22:58,18.16,100,
10:22:59,18.17,1000,
10:23:07,18.1599,200,
10:23:07,18.17,199,
10:23:07,18.17,301,
10:23:07,18.16,100,
10:23:09,18.18,200,
10:23:13,18.17,100,
10:23:13,18.17,500,
10:23:13,18.17,300,
10:23:13,18.17,200,
10:23:14,18.1795,100,
10:23:15,18.18,200,
10:23:15,18.19,200,
10:23:15,18.19,100,
10:23:15,18.18,200,
10:23:15,18.18,200,
10:23:16,18.189,100,
10:23:24,18.17,800,
10:23:34,18.1799,100,
10:23:36,18.1701,600,
10:23:40,18.18,100,
10:23:40,18.18,100,
10:23:53,18.16,100,
10:23:53,18.16,100,
10:23:54,18.16,700,
10:23:57,18.16,100,
10:24:18,18.18,300,
10:24:18,18.18,300,
10:24:18,18.18,100,
10:24:22,18.1745,1200,
10:24:29,18.16,200,
10:24:29,18.16,200,
10:24:42,18.159,600,
10:24:42,18.157,300,
10:24:45,18.151,300,
10:25:11,18.139,100,
10:25:18,18.121,2000,
10:25:23,18.14,200,
10:25:37,18.15,100,
10:25:50,18.1501,4000,
10:25:53,18.15,800,
10:26:00,18.16,310,
10:26:13,18.16,200,
10:26:30,18.169,1500,
10:26:42,18.151,300,
10:27:02,18.18,200,
10:27:03,18.19,100,
10:27:03,18.19,300,
10:27:03,18.19,200,
10:27:06,18.19,200,
10:27:10,18.18,300,
10:27:10,18.18,100,
10:27:10,18.18,200,
10:27:16,18.19,200,
10:27:16,18.21,300,
10:27:16,18.21,200,
10:27:16,18.21,200,
10:27:16,18.21,200,
10:27:16,18.20,100,
10:27:17,18.22,300,
10:27:17,18.22,201,
10:27:17,18.22,2175,
10:27:31,18.23,500,
10:27:32,18.211,1740,
10:27:33,18.211,360,
10:27:44,18.24,1000,
10:27:44,18.25,1000,
10:27:45,18.22,10000,
10:27:48,18.269,800,
10:27:52,18.27,100,
10:27:52,18.27,200,
10:27:53,18.2699,500,
10:27:54,18.26,1400,
10:27:54,18.25,1800,
10:27:56,18.25,100,
10:27:58,18.259,800,
10:27:58,18.25,800,
10:27:58,18.25,199,
10:27:58,18.25,500,
10:27:59,18.2501,400,
10:28:05,18.25,100,
10:28:10,18.26,100,
10:28:15,18.27,100,
10:28:16,18.2601,860,
10:28:17,18.26,450,
10:28:17,18.25,200,
10:28:18,18.2569,100,
10:28:21,18.268,500,
10:28:23,18.2695,250,
10:28:27,18.26,2500,
10:28:33,18.247,200,
10:28:36,18.25,300,
10:28:36,18.24,800,
10:28:40,18.231,100,
10:28:43,18.241,450,
10:28:45,18.24,100,
10:28:45,18.24,200,
10:28:48,18.24,300,
10:28:48,18.24,200,
10:28:50,18.2499,200,
10:28:57,18.25,300,
10:28:58,18.241,400,
10:29:03,18.2499,1580,
10:29:07,18.249,200,
10:29:09,18.249,475,
10:29:17,18.259,200,
10:29:20,18.249,700,
10:29:20,18.249,700,
10:29:33,18.2469,200,
10:29:45,18.25,1700,
10:29:45,18.25,6300,
10:29:48,18.25,900,
10:29:49,18.249,200,
10:29:49,18.249,200,
10:29:52,18.24,200,
10:29:53,18.24,200,
10:29:55,18.24,100,
10:30:01,18.23,200,
10:30:01,18.23,500,
10:30:03,18.229,1000,
10:30:04,18.22,100,
10:30:16,18.25,100,
10:30:18,18.26,420,
10:30:18,18.259,900,
10:30:22,18.25,100,
10:30:40,18.28,950,
10:30:42,18.271,1400,
10:30:43,18.271,1500,
10:30:43,18.279,200,
10:30:46,18.279,100,
10:30:50,18.261,1200,
10:30:52,18.271,200,
10:30:52,18.27,300,
10:30:55,18.279,200,
10:30:58,18.28,100,
10:30:58,18.28,400,
10:31:02,18.2701,500,
10:31:16,18.25,1800,
10:31:28,18.268,500,
10:31:33,18.2769,100,
10:31:38,18.2782,300,
10:31:38,18.2782,700,
10:31:42,18.2601,2200,
10:31:49,18.267,400,
10:31:50,18.26,100,
10:31:53,18.2667,1000,
10:31:55,18.2626,1300,
10:31:55,18.2615,200,
10:31:58,18.2699,100,
10:32:01,18.27,1000,
10:32:04,18.29,100,
10:32:05,18.30,100,
10:32:05,18.30,200,
10:32:07,18.2978,2000,
10:32:07,18.299,400,
10:32:07,18.298,400,
10:32:07,18.30,100,
10:32:07,18.30,100,
10:32:10,18.301,1000,
10:32:13,18.30,200,
10:32:13,18.30,1100,
10:32:16,18.2982,760,
10:32:25,18.299,2000,
10:32:29,18.295,2000,
10:32:37,18.299,300,
10:32:42,18.30,100,
10:32:43,18.2999,5300,
10:32:46,18.3082,500,
10:32:47,18.308,1200,
10:32:47,18.31,200,
10:32:48,18.309,600,
10:32:50,18.3099,450,
10:32:51,18.30,200,
10:32:51,18.30,200,
10:32:51,18.30,1000,
10:32:55,18.30,1200,
10:32:55,18.30,100,
10:32:55,18.30,200,
10:32:55,18.30,200,
10:33:03,18.29,1400,
10:33:04,18.29,100,
10:33:07,18.282,500,
10:33:09,18.28,500,
10:33:16,18.283,125,
10:33:27,18.32,1000,
10:33:27,18.31,600,
10:33:31,18.318,1000,
10:33:37,18.3175,3000,
10:33:37,18.313,250,
10:33:43,18.29,1800,
10:33:50,18.2999,100,
10:33:50,18.2999,100,
10:33:50,18.30,200,
10:33:52,18.298,500,
10:33:58,18.291,3900,
10:33:58,18.30,400,
10:34:03,18.3005,600,
10:34:07,18.3026,1800,
10:34:17,18.31,400,
10:34:18,18.32,100,
10:34:18,18.31,100,
10:34:19,18.33,400,
10:34:19,18.33,600,
10:34:19,18.33,800,
10:34:19,18.34,300,
10:34:19,18.32,200,
10:34:19,18.33,1000,
10:34:19,18.34,300,
10:34:19,18.34,600,
10:34:20,18.34,1200,
10:34:20,18.34,100,
10:34:20,18.34,1400,
10:34:21,18.34,1200,
10:34:21,18.34,300,
10:34:23,18.3399,2000,
10:34:25,18.33,300,
10:34:25,18.33,100,
10:34:28,18.322,950,
10:34:29,18.31,100,
10:34:39,18.3074,1000,
10:34:46,18.321,900,
10:34:49,18.329,6000,
10:34:51,18.3299,600,
10:34:55,18.31,100,
10:34:56,18.31,243,
10:34:56,18.31,3000,
10:34:57,18.32,200,
10:35:00,18.3199,10500,
10:35:02,18.319,100,
10:35:13,18.302,500,
10:35:25,18.301,1000,
10:35:26,18.3074,500,
10:35:34,18.33,100,
10:35:35,18.3205,500,
10:35:39,18.323,200,
10:35:39,18.324,1200,
10:35:40,18.32,300,
10:35:40,18.32,850,
10:35:40,18.32,200,
10:35:40,18.32,200,
10:35:40,18.32,3000,
10:35:40,18.32,600,
10:35:40,18.30,200,
10:35:40,18.30,300,
10:35:40,18.32,400,
10:35:40,18.31,100,
10:35:42,18.32,200,
10:35:42,18.319,100,
10:35:44,18.319,200,
10:35:44,18.32,700,
10:35:44,18.32,2000,
10:35:44,18.32,200,
10:35:45,18.3282,300,
10:35:54,18.3269,400,
10:36:04,18.323,250,
10:36:05,18.34,100,
10:36:05,18.33,100,
10:36:05,18.33,100,
10:36:05,18.33,600,
10:36:05,18.33,700,
10:36:05,18.32,200,
10:36:05,18.32,350,
10:36:05,18.34,100,
10:36:05,18.33,700,
10:36:05,18.34,300,
10:36:05,18.34,100,
10:36:11,18.34,203,
10:36:11,18.34,540,
10:36:11,18.34,140,
10:36:12,18.34,500,
10:36:12,18.34,200,
10:36:16,18.331,2000,
10:36:22,18.339,1000,
10:36:29,18.35,242,
10:36:29,18.35,100,
10:36:29,18.36,300,
10:36:29,18.37,242,
10:36:29,18.37,200,
10:36:29,18.36,600,
10:36:29,18.36,100,
10:36:29,18.37,100,
10:36:29,18.369,400,
10:36:29,18.37,10000,
10:36:36,18.36,100,
10:36:36,18.35,384,
10:36:36,18.35,100,
10:36:36,18.35,200,
10:36:37,18.368,500,
10:36:40,18.349,400,
10:36:42,18.3488,150,
10:36:44,18.35,100,
10:36:46,18.36,100,
10:36:46,18.358,200,
10:36:46,18.36,100,
10:36:46,18.36,385,
10:36:46,18.36,200,
10:36:46,18.3501,5200,
10:36:47,18.36,100,
10:36:47,18.36,100,
10:36:47,18.36,260,
10:36:47,18.36,260,
10:36:47,18.36,100,
10:36:48,18.3569,400,
10:36:48,18.36,100,
10:36:48,18.36,100,
10:36:48,18.36,100,
10:36:48,18.35,100,
10:36:48,18.35,100,
10:36:49,18.358,200,
10:37:00,18.36,100,
10:37:00,18.36,100,
10:37:00,18.36,200,
10:37:00,18.36,300,
10:37:02,18.35,100,
10:37:03,18.35,200,
10:37:04,18.3401,7700,
10:37:07,18.34,400,
10:37:07,18.34,200,
10:37:07,18.34,200,
10:37:07,18.34,100,
10:37:13,18.349,200,
10:37:19,18.33,500,
10:37:19,18.33,500,
10:37:27,18.34,200,
10:37:37,18.348,1000,
10:37:38,18.3401,400,
10:37:38,18.33,100,
10:37:41,18.34,100,
10:37:41,18.34,700,
10:37:41,18.34,100,
10:37:46,18.3301,4000,
10:38:00,18.3399,1000,
10:38:04,18.33,200,
10:38:10,18.3295,1000,
10:38:10,18.32,1000,
10:38:15,18.33,100,
10:38:16,18.312,500,
10:38:22,18.3365,1000,
10:38:25,18.331,1000,
10:38:27,18.34,100,
10:38:27,18.34,100,
10:38:27,18.34,200,
10:38:28,18.33,2000,
10:38:32,18.33,100,
10:38:32,18.33,100,
10:38:34,18.321,100,
10:38:43,18.3201,4000,
10:39:07,18.33,100,
10:39:13,18.3301,500,
10:39:19,18.33,100,
10:39:21,18.331,400,
10:39:32,18.34,100,
10:39:32,18.34,100,
10:39:32,18.34,100,
10:39:32,18.34,200,
10:39:32,18.34,100,
10:39:32,18.34,100,
10:39:32,18.34,200,
10:39:32,18.34,1450,
10:39:32,18.34,300,
10:39:32,18.34,300,
10:39:37,18.34,100,
10:39:37,18.331,1465,
10:39:37,18.33,350,
10:39:37,18.341,100,
10:39:38,18.339,500,
10:39:38,18.34,100,
10:39:41,18.34,200,
10:39:43,18.35,200,
10:39:44,18.36,200,
10:39:44,18.36,100,
10:39:45,18.35,3000,
10:39:46,18.35,800,
10:39:47,18.369,500,
10:39:58,18.35,200,
10:40:04,18.359,900,
10:40:04,18.358,300,
10:40:07,18.351,500,
10:40:15,18.3493,1420,
10:40:21,18.3389,1000,
10:40:31,18.34,100,
10:40:34,18.35,300,
10:40:39,18.349,600,
10:41:01,18.34,100,
10:41:03,18.35,2000,
10:41:04,18.35,300,
10:41:04,18.35,300,
10:41:05,18.3499,2898,
10:41:09,18.3495,150,
10:41:13,18.368,300,
10:41:17,18.351,577,
10:41:20,18.341,300,
10:41:22,18.342,100,
10:41:25,18.36,200,
10:41:25,18.37,8400,
10:41:28,18.37,3000,
10:41:33,18.354,1700,
10:41:33,18.3526,800,
10:41:33,18.353,200,
10:41:43,18.34,200,
10:41:43,18.34,200,
10:41:46,18.3499,100,
10:41:58,18.35,500,
10:42:02,18.34,100,
10:42:11,18.341,1000,
10:42:40,18.3499,2000,
10:42:46,18.33,200,
10:42:47,18.3399,2165,
10:43:11,18.33,100,
10:43:14,18.3301,200,
10:43:17,18.33,300,
10:43:25,18.3301,500,
10:43:34,18.33,400,
10:43:34,18.33,200,
10:43:34,18.3299,100,
10:43:50,18.32,900,
10:43:53,18.321,1800,
10:44:02,18.3201,2300,
10:44:07,18.3299,250,
10:44:12,18.32,100,
10:44:12,18.32,100,
10:44:13,18.31,300,
10:44:14,18.32,200,
10:44:19,18.305,1500,
10:44:19,18.3099,3618,
10:44:24,18.311,200,
10:44:28,18.31,200,
10:44:30,18.31,100,
10:44:39,18.31,200,
10:44:39,18.31,300,
10:44:39,18.31,100,
10:44:46,18.3001,300,
10:44:55,18.3001,500,
10:44:57,18.301,1000,
10:45:02,18.31,100,
10:45:02,18.31,200,
10:45:05,18.32,1600,
10:45:12,18.33,100,
10:45:15,18.32,200,
10:45:15,18.32,539,
10:45:30,18.32,100,
10:45:30,18.32,200,
10:45:30,18.32,700,
10:45:36,18.31,100,
10:45:45,18.3199,125,
10:45:47,18.319,4890,
10:45:50,18.31,1200,
10:45:51,18.311,100,
10:46:08,18.31,100,
10:46:09,18.33,100,
10:46:09,18.32,200,
10:46:09,18.3199,200,
10:46:11,18.33,200,
10:46:11,18.33,600,
10:46:11,18.33,100,
10:46:11,18.33,600,
10:46:19,18.33,200,
10:46:24,18.36,1700,
10:46:24,18.36,300,
10:46:24,18.36,300,
10:46:26,18.359,100,
10:46:32,18.3425,2000,
10:46:40,18.36,600,
10:46:48,18.37,444,
10:46:50,18.378,400,
10:46:50,18.38,400,
10:46:53,18.378,4600,
10:46:54,18.37,300,
10:46:57,18.38,300,
10:46:57,18.38,300,
10:46:59,18.37,100,
10:47:08,18.37,500,
10:47:20,18.36,100,
10:47:22,18.36,100,
10:47:26,18.37,900,
10:47:45,18.379,100,
10:47:47,18.38,1400,
10:47:48,18.3699,250,
10:47:51,18.3795,120,
10:47:54,18.3782,1000,
10:47:58,18.37,100,
10:48:08,18.38,299,
10:48:08,18.38,300,
10:48:09,18.389,100,
10:48:11,18.389,1000,
10:48:13,18.389,100,
10:48:14,18.3801,500,
10:48:17,18.39,250,
10:48:17,18.39,600,
10:48:17,18.39,200,
10:48:17,18.39,300,
10:48:17,18.39,800,
10:48:22,18.388,1700,
10:48:23,18.3889,300,
10:48:25,18.39,100,
10:48:25,18.39,600,
10:48:29,18.3726,1000,
10:48:33,18.37,100,
10:48:42,18.37,100,
10:48:46,18.3682,100,
10:48:54,18.36,800,
10:48:54,18.369,1900,
10:49:03,18.3695,400,
10:49:05,18.362,500,
10:49:06,18.361,127,
10:49:07,18.36,200,
10:49:11,18.36,100,
10:49:14,18.361,100,
10:49:24,18.36,1000,
10:49:25,18.3599,800,
10:49:28,18.351,400,
10:49:50,18.37,100,
10:50:02,18.37,200,
10:50:05,18.389,400,
10:50:14,18.39,300,
10:50:14,18.39,200,
10:50:14,18.39,400,
10:50:14,18.3901,300,
10:50:14,18.40,800,
10:50:14,18.40,900,
10:50:14,18.40,100,
10:50:14,18.40,900,
10:50:14,18.40,200,
10:50:15,18.40,200,
10:50:15,18.40,200,
10:50:15,18.40,1000,
10:50:17,18.399,200,
10:50:17,18.40,200,
10:50:20,18.40,900,
10:50:26,18.401,5600,
10:50:32,18.407,400,
10:50:38,18.39,1800,
10:50:38,18.39,200,
10:50:44,18.40,400,
10:50:56,18.382,500,
10:50:57,18.3801,200,
10:51:01,18.389,5100,
10:51:01,18.389,400,
10:51:01,18.39,200,
10:51:01,18.39,400,
10:51:01,18.39,600,
10:51:01,18.3901,300,
10:51:01,18.39,300,
10:51:01,18.39,100,
10:51:01,18.38,100,
10:51:02,18.40,4700,
10:51:07,18.39,300,
10:51:11,18.39,300,
10:51:11,18.39,100,
10:51:11,18.39,200,
10:51:11,18.39,200,
10:51:31,18.41,2165,
10:51:31,18.43,200,
10:51:34,18.43,100,
10:51:34,18.43,200,
10:51:35,18.44,100,
10:51:36,18.44,300,
10:51:38,18.42,100,
10:51:38,18.421,200,
10:51:40,18.4274,500,
10:51:41,18.429,500,
10:51:41,18.421,200,
10:51:43,18.4226,500,
10:51:43,18.42,100,
10:51:43,18.4201,2100,
10:51:43,18.42,100,
10:51:43,18.43,200,
10:51:43,18.43,500,
10:51:43,18.43,100,
10:51:47,18.42,200,
10:51:49,18.4182,1000,
10:51:49,18.4199,259,
10:51:50,18.4199,199,
10:51:50,18.4199,199,
10:51:51,18.4199,300,
10:51:54,18.4282,1000,
10:51:56,18.42,100,
10:51:56,18.424,200,
10:52:02,18.416,400,
10:52:09,18.43,100,
10:52:10,18.4274,1000,
10:52:18,18.4299,2000,
10:52:22,18.4299,3000,
10:52:26,18.429,130,
10:52:26,18.43,200,
10:52:27,18.42,100,
10:52:34,18.4218,1200,
10:52:36,18.429,100,
10:52:40,18.4269,200,
10:52:41,18.42,100,
10:52:45,18.43,1700,
10:52:49,18.4299,5000,
10:52:54,18.42,100,
10:52:57,18.419,5600,
10:53:00,18.4137,200,
10:53:06,18.4199,2000,
10:53:14,18.42,300,
10:53:15,18.41,100,
10:53:15,18.41,100,
10:53:15,18.41,100,
10:53:17,18.4001,2000,
10:53:21,18.395,300,
10:53:21,18.395,300,
10:53:21,18.40,300,
10:53:21,18.40,300,
10:53:21,18.395,100,
10:53:23,18.41,100,
10:53:23,18.41,200,
10:53:23,18.41,100,
10:53:23,18.41,200,
10:53:26,18.43,300,
10:53:26,18.43,346,
10:53:29,18.42,100,
10:53:29,18.421,1250,
10:53:33,18.4105,1193,
10:53:48,18.415,900,
10:53:50,18.4199,5000,
10:54:11,18.42,200,
10:54:23,18.41,4000,
10:54:29,18.41,300,
10:54:29,18.42,15000,
10:54:44,18.411,500,
10:54:50,18.411,1200,
10:55:07,18.4301,2200,
10:55:19,18.43,100,
10:55:23,18.439,133,
10:55:28,18.44,100,
10:55:30,18.4375,3000,
10:55:41,18.43,300,
10:55:43,18.4251,500,
10:55:44,18.4201,500,
10:55:52,18.43,200,
10:55:57,18.4205,100,
10:56:01,18.4215,2600,
10:56:03,18.422,900,
10:56:03,18.4215,100,
10:56:10,18.42,400,
10:56:10,18.42,1000,
10:56:10,18.411,400,
10:56:12,18.4199,200,
10:56:16,18.42,200,
10:56:18,18.421,200,
10:56:18,18.421,200,
10:56:23,18.43,100,
10:56:29,18.4218,375,
10:56:33,18.421,1000,
10:56:44,18.4295,1000,
10:56:54,18.4226,1000,
10:56:54,18.42,200,
10:56:54,18.42,100,
10:56:55,18.41,3000,
10:56:55,18.415,100,
10:57:03,18.41,2500,
10:57:21,18.41,100,
10:57:21,18.41,1400,
10:57:22,18.42,1000,
10:57:25,18.40,1900,
10:57:27,18.40,500,
10:57:29,18.41,100,
10:57:33,18.41,100,
10:57:36,18.40,600,
10:57:36,18.40,100,
10:57:41,18.40,2150,
10:57:50,18.38,400,
10:57:54,18.392,500,
10:58:06,18.382,1000,
10:58:06,18.382,1700,
10:58:07,18.391,400,
10:58:08,18.40,700,
10:58:08,18.40,200,
10:58:08,18.40,500,
10:58:09,18.4099,3000,
10:58:15,18.40,800,
10:58:15,18.40,100,
10:58:15,18.40,700,
10:58:16,18.40,200,
10:58:16,18.402,1600,
10:58:17,18.40,100,
10:58:17,18.41,700,
10:58:21,18.4105,550,
10:58:24,18.42,200,
10:58:24,18.42,700,
10:58:26,18.43,200,
10:58:27,18.421,400,
10:58:42,18.4199,400,
10:58:45,18.40,100,
10:58:54,18.402,500,
10:59:08,18.39,3000,
10:59:17,18.40,300,
10:59:21,18.40,700,
10:59:21,18.3999,100,
10:59:22,18.42,300,
10:59:22,18.41,200,
10:59:22,18.41,200,
10:59:41,18.41,500,
10:59:46,18.42,100,
10:59:46,18.42,311,
10:59:46,18.42,400,
10:59:51,18.4182,1000,
11:00:02,18.42,100,
11:00:02,18.41,500,
11:00:02,18.41,200,
11:00:02,18.41,200,
11:00:07,18.42,300,
11:00:07,18.42,100,
11:00:12,18.411,800,
11:00:12,18.42,900,
11:00:12,18.42,1800,
11:00:21,18.417,400,
11:00:26,18.4199,1000,
11:00:32,18.4101,4000,
11:00:42,18.4101,3000,
11:00:43,18.41,1800,
11:00:43,18.41,200,
11:00:43,18.41,206,
11:00:44,18.4101,2000,
11:00:47,18.40,300,
11:00:49,18.391,1000,
11:00:51,18.3901,1700,
11:00:52,18.40,300,
11:00:57,18.3901,300,
11:00:59,18.39,200,
11:00:59,18.38,100,
11:01:01,18.3899,543,
11:01:02,18.37,1000,
11:01:03,18.371,100,
11:01:05,18.38,500,
11:01:05,18.37,300,
11:01:05,18.37,1100,
11:01:06,18.371,900,
11:01:08,18.3711,300,
11:01:18,18.3775,2000,
11:01:19,18.37,200,
11:01:19,18.36,400,
11:01:21,18.36,100,
11:01:24,18.36,300,
11:01:24,18.36,900,
11:01:25,18.365,100,
11:01:26,18.3601,3000,
11:01:30,18.3635,2000,
11:01:32,18.37,300,
11:01:33,18.36,600,
11:01:33,18.36,200,
11:01:35,18.36,100,
11:01:41,18.361,300,
11:01:46,18.38,100,
11:01:49,18.39,100,
11:01:50,18.39,1000,
11:01:50,18.39,300,
11:01:50,18.39,700,
11:01:51,18.39,123,
11:01:54,18.39,100,
11:01:55,18.3826,1100,
11:01:56,18.39,100,
11:01:58,18.38,100,
11:01:58,18.38,300,
11:01:58,18.39,300,
11:01:58,18.39,326,
11:01:58,18.39,300,
11:01:58,18.39,174,
11:01:58,18.39,300,
11:02:02,18.38,200,
11:02:02,18.38,100,
11:02:14,18.361,300,
11:02:18,18.377,2500,
11:02:27,18.36,300,
11:02:29,18.35,8000,
11:02:30,18.35,700,
11:02:38,18.351,100,
11:02:40,18.35,500,
11:02:42,18.3589,100,
11:02:48,18.36,100,
11:02:48,18.36,300,
11:02:48,18.36,274,
11:02:48,18.36,100,
11:02:48,18.36,100,
11:02:48,18.37,100,
11:02:49,18.37,100,
11:02:49,18.37,100,
11:02:49,18.37,162,
11:02:49,18.37,200,
11:02:49,18.38,200,
11:02:49,18.37,100,
11:02:49,18.38,300,
11:02:49,18.37,100,
11:02:51,18.3799,1500,
11:02:51,18.361,100,
11:02:51,18.36,100,
11:03:01,18.35,800,
11:03:05,18.36,100,
11:03:06,18.3505,300,
11:03:09,18.3526,1000,
11:03:15,18.3501,300,
11:03:18,18.34,2480,
11:03:23,18.34,1400,
11:03:28,18.34,100,
11:03:35,18.3401,700,
11:03:45,18.3318,1000,
11:03:48,18.331,1000,
11:03:56,18.3301,283,
11:03:56,18.33,100,
11:03:57,18.32,3000,
11:03:59,18.3299,2000,
11:04:00,18.322,300,
11:04:02,18.321,200,
11:04:10,18.3295,1000,
11:04:16,18.3202,100,
11:04:21,18.321,300,
11:04:21,18.321,200,
11:04:21,18.33,200,
11:04:21,18.321,900,
11:04:24,18.32,100,
11:04:25,18.3299,1000,
11:04:25,18.33,2000,
11:04:25,18.33,200,
11:04:25,18.33,371,
11:04:25,18.33,900,
11:04:27,18.33,100,
11:04:32,18.3201,700,
11:04:33,18.322,1900,
11:04:37,18.33,100,
11:04:37,18.33,400,
11:04:37,18.32,400,
11:04:39,18.329,270,
11:04:47,18.32,1400,
11:04:48,18.3199,400,
11:04:48,18.32,100,
11:04:48,18.32,200,
11:04:48,18.32,200,
11:04:48,18.31,5800,
11:04:55,18.3299,5000,
11:04:55,18.32,200,
11:04:57,18.33,1000,
11:04:57,18.34,200,
11:04:57,18.34,700,
11:04:57,18.34,400,
11:04:57,18.34,900,
11:04:57,18.34,200,
11:04:57,18.34,200,
11:05:22,18.34,100,
11:05:25,18.3382,760,
11:05:26,18.33,14000,
11:05:32,18.3399,300,
11:05:51,18.3399,20000,
11:05:55,18.3382,102,
11:06:09,18.31,1400,
11:06:09,18.30,2500,
11:06:10,18.31,500,
11:06:14,18.30,195,
11:06:15,18.30,300,
11:06:15,18.3031,300,
11:06:16,18.3005,200,
11:06:20,18.30,346,
11:06:20,18.30,300,
11:06:20,18.291,130,
11:06:21,18.30,600,
11:06:24,18.2918,1000,
11:06:24,18.30,700,
11:06:25,18.295,100,
11:06:27,18.291,300,
11:06:27,18.291,700,
11:06:28,18.30,100,
11:06:28,18.30,100,
11:06:29,18.3199,100,
11:06:37,18.31,300,
11:06:37,18.3118,500,
11:06:44,18.32,200,
11:06:57,18.31,400,
11:07:04,18.2955,100,
11:07:12,18.30,3000,
11:07:12,18.30,100,
11:07:13,18.301,100,
11:07:16,18.30,300,
11:07:23,18.305,1000,
11:07:27,18.3099,1000,
11:07:27,18.30,2800,
11:07:31,18.31,200,
11:07:35,18.301,1000,
11:07:46,18.308,1200,
11:07:46,18.30,377,
11:07:47,18.281,300,
11:07:48,18.29,400,
11:07:48,18.29,100,
11:07:48,18.29,100,
11:07:48,18.28,300,
11:07:53,18.28,500,
11:07:55,18.28,4000,
11:07:56,18.28,200,
11:07:56,18.28,700,
11:07:56,18.27,200,
11:07:57,18.27,400,
11:07:57,18.261,2700,
11:07:57,18.27,5000,
11:07:58,18.27,100,
11:07:58,18.27,100,
11:07:58,18.28,100,
11:07:58,18.27,200,
11:07:58,18.27,200,
11:07:59,18.2601,300,
11:08:00,18.25,1000,
11:08:01,18.26,100,
11:08:01,18.2599,300,
11:08:03,18.261,500,
11:08:03,18.25,500,
11:08:08,18.27,100,
11:08:08,18.27,100,
11:08:10,18.2601,200,
11:08:11,18.251,300,
11:08:13,18.2599,100,
11:08:17,18.251,200,
11:08:18,18.25,100,
11:08:18,18.25,100,
11:08:18,18.25,100,
11:08:18,18.26,300,
11:08:18,18.2599,600,
11:08:18,18.25,100,
11:08:19,18.25,850,
11:08:20,18.26,100,
11:08:20,18.26,300,
11:08:21,18.2501,900,
11:08:30,18.27,100,
11:08:35,18.2895,500,
11:08:52,18.289,5600,
11:09:05,18.29,100,
11:09:07,18.2999,3100,
11:09:08,18.2985,200,
11:09:11,18.29,100,
11:09:16,18.29,100,
11:09:36,18.2825,2850,
11:09:46,18.2774,1000,
11:09:46,18.271,400,
11:09:47,18.28,200,
11:09:52,18.28,200,
11:09:52,18.28,1300,
11:10:09,18.30,100,
11:10:25,18.3089,250,
11:10:28,18.30,500,
11:10:30,18.31,300,
11:10:30,18.31,1300,
11:10:43,18.34,100,
11:10:45,18.34,100,
11:10:45,18.34,100,
11:10:54,18.3499,500,
11:11:03,18.33,100,
11:11:04,18.3282,1000,
11:11:17,18.34,300,
11:11:17,18.34,100,
11:11:35,18.34,300,
11:11:37,18.339,200,
11:11:40,18.33,300,
11:11:44,18.3289,1500,
11:11:46,18.31,600,
11:11:51,18.32,200,
11:11:51,18.32,400,
11:11:52,18.32,100,
11:12:00,18.31,249,
11:12:02,18.32,200,
11:12:02,18.32,100,
11:12:02,18.32,600,
11:12:09,18.34,300,
11:12:09,18.34,100,
11:12:09,18.34,300,
11:12:17,18.34,1000,
11:12:23,18.33,200,
11:12:28,18.34,4000,
11:12:33,18.3226,1000,
11:12:34,18.329,1000,
11:12:49,18.33,500,
11:12:52,18.36,100,
11:12:55,18.3501,1000,
11:12:55,18.35,300,
11:12:56,18.36,100,
11:12:56,18.36,400,
11:12:57,18.36,100,
11:12:57,18.36,200,
11:12:58,18.36,100,
11:12:58,18.36,100,
11:13:02,18.36,100,
11:13:02,18.36,100,
11:13:03,18.36,200,
11:13:03,18.36,200,
11:13:03,18.36,200,
11:13:03,18.36,300,
11:13:03,18.36,100,
11:13:03,18.36,1400,
11:13:03,18.35,200,
11:13:04,18.36,200,
11:13:04,18.36,100,
11:13:04,18.36,100,
11:13:05,18.36,700,
11:13:05,18.36,1334,
11:13:05,18.3575,8300,
11:13:07,18.3585,200,
11:13:07,18.358,1300,
11:13:17,18.34,200,
11:13:17,18.35,11700,
11:13:17,18.35,200,
11:13:19,18.3501,100,
11:13:19,18.35,100,
11:13:30,18.36,300,
11:13:32,18.37,200,
11:13:39,18.3605,1000,
11:13:40,18.35,1300,
11:13:52,18.369,250,
11:14:12,18.36,1200,
11:14:16,18.38,100,
11:14:16,18.38,100,
11:14:16,18.38,100,
11:14:17,18.39,200,
11:14:17,18.39,200,
11:14:20,18.3801,1500,
11:14:21,18.37,100,
11:14:26,18.37,100,
11:14:27,18.3669,200,
11:14:37,18.3889,400,
11:14:41,18.39,1000,
11:14:46,18.408,1000,
11:14:52,18.4082,1000,
11:14:52,18.4001,300,
11:15:01,18.417,200,
11:15:13,18.399,7000,
11:15:16,18.391,300,
11:15:17,18.41,200,
11:15:24,18.3993,100,
11:15:25,18.392,543,
11:15:38,18.399,100,
11:15:44,18.3995,500,
11:15:56,18.39,100,
11:16:03,18.3833,4000,
11:16:15,18.3831,200,
11:16:16,18.381,1000,
11:16:41,18.3701,100,
11:16:51,18.35,100,
11:16:52,18.35,100,
11:16:52,18.3499,2500,
11:17:05,18.36,100,
11:17:17,18.36,600,
11:17:25,18.341,570,
11:17:37,18.36,3800,
11:18:10,18.3599,2000,
11:18:21,18.3569,150,
11:18:21,18.3599,1700,
11:18:25,18.36,200,
11:18:26,18.38,500,
11:18:28,18.40,300,
11:18:28,18.41,200,
11:18:28,18.41,200,
11:18:28,18.42,500,
11:18:33,18.40,100,
11:18:44,18.40,200,
11:18:44,18.40,200,
11:19:10,18.41,106,
11:19:10,18.42,272,
11:19:12,18.42,215,
11:19:28,18.41,200,
11:19:33,18.41,500,
11:19:38,18.4099,300,
11:19:50,18.40,400,
11:19:55,18.41,200,
11:20:06,18.4018,1000,
11:20:14,18.40,800,
11:20:16,18.41,600,
11:20:16,18.41,200,
11:20:19,18.40,600,
11:20:19,18.40,100,
11:20:34,18.398,500,
11:20:40,18.393,100,
11:20:52,18.38,2400,
11:20:54,18.39,200,
11:21:16,18.404,100,
11:21:25,18.40,4300,
11:21:26,18.4001,2000,
11:21:34,18.41,400,
11:21:35,18.4082,850,
11:21:36,18.41,100,
11:21:36,18.42,100,
11:21:36,18.41,100,
11:21:44,18.411,450,
11:21:45,18.41,100,
11:21:46,18.4174,1800,
11:21:59,18.419,700,
11:22:05,18.41,100,
11:22:06,18.41,200,
11:22:11,18.40,100,
11:22:36,18.38,400,
11:22:36,18.38,700,
11:22:38,18.37,200,
11:22:39,18.39,100,
11:22:52,18.3801,2000,
11:23:06,18.3823,1700,
11:23:07,18.38,1200,
11:23:11,18.3801,1200,
11:23:20,18.40,100,
11:23:21,18.3982,150,
11:23:46,18.381,2000,
11:23:46,18.381,2000,
11:24:08,18.3701,2000,
11:24:10,18.3705,250,
11:24:14,18.38,100,
11:24:19,18.38,300,
11:24:19,18.38,200,
11:24:19,18.38,100,
11:24:36,18.3701,2000,
11:24:37,18.3711,1000,
11:24:38,18.37,800,
11:24:38,18.37,600,
11:24:42,18.38,300,
11:24:42,18.38,700,
11:24:50,18.38,100,
11:24:52,18.37,600,
11:24:52,18.37,600,
11:24:52,18.37,100,
11:25:03,18.37,100,
11:25:15,18.38,200,
11:25:15,18.371,900,
11:25:22,18.38,200,
11:25:22,18.38,700,
11:25:26,18.3701,130,
11:25:30,18.3701,500,
11:25:37,18.3599,1500,
11:25:38,18.36,100,
11:25:38,18.36,100,
11:25:47,18.36,1000,
11:25:48,18.35,200,
11:25:56,18.3501,1000,
11:26:06,18.35,200,
11:26:08,18.36,100,
11:26:14,18.38,2800,
11:26:19,18.38,200,
11:26:29,18.379,500,
11:26:46,18.36,1200,
11:26:55,18.3701,2000,
11:27:09,18.3618,200,
11:27:10,18.37,300,
11:27:23,18.3799,1100,
11:27:26,18.38,200,
11:27:26,18.38,200,
11:27:29,18.39,1200,
11:27:29,18.3895,400,
11:27:31,18.38,1200,
11:27:48,18.38,200,
11:27:48,18.38,100,
11:27:52,18.38,100,
11:28:02,18.38,100,
11:28:02,18.38,300,
11:28:02,18.38,400,
11:28:05,18.381,715,
11:28:08,18.381,1885,
11:28:09,18.38,500,
11:28:12,18.39,1200,
11:28:12,18.39,600,
11:28:12,18.39,200,
11:28:12,18.39,100,
11:28:13,18.38,600,
11:28:13,18.38,2300,
11:28:13,18.38,800,
11:28:23,18.38,2900,
11:28:24,18.39,600,
11:28:24,18.39,200,
11:28:25,18.3805,150,
11:28:29,18.39,139,
11:28:29,18.40,100,
11:28:29,18.40,800,
11:28:32,18.40,1200,
11:28:38,18.40,600,
11:28:53,18.409,200,
11:28:54,18.40,346,
11:28:54,18.40,100,
11:28:54,18.40,300,
11:28:54,18.40,200,
11:28:54,18.40,1000,
11:28:54,18.40,200,
11:28:56,18.39,700,
11:28:56,18.39,300,
11:28:56,18.39,400,
11:28:57,18.39,100,
11:29:02,18.41,200,
11:29:11,18.42,200,
11:29:11,18.41,600,
11:29:19,18.411,900,
11:29:24,18.4199,1000,
11:29:26,18.4174,500,
11:29:29,18.42,200,
11:29:30,18.4131,200,
11:29:33,18.41,200,
11:29:36,18.43,800,
11:29:36,18.43,200,
11:29:36,18.42,100,
11:29:36,18.43,100,
11:29:55,18.44,300,
11:29:55,18.44,400,
11:29:55,18.44,200,
11:29:55,18.44,700,
11:29:56,18.4495,1000,
11:29:59,18.45,300,
11:31:01,18.41,1400,
11:31:01,18.41,200,
11:31:01,18.41,3000,
11:31:09,18.402,500,
11:31:24,18.3801,161,
11:31:25,18.385,100,
11:31:26,18.38,700,
11:31:32,18.37,600,
11:31:32,18.3799,2000,
11:31:35,18.38,100,
11:31:35,18.38,100,
11:31:44,18.377,300,
11:31:48,18.37,300,
11:31:49,18.37,200,
11:31:50,18.38,300,
11:31:54,18.3701,1000,
11:31:58,18.37,300,
11:31:59,18.37,200,
11:31:59,18.37,100,
11:32:10,18.37,200,
11:32:11,18.3611,155,
11:32:11,18.369,100,
11:32:11,18.369,300,
11:32:21,18.3699,1000,
11:32:32,18.38,600,
11:32:32,18.38,1400,
11:33:03,18.37,2000,
11:33:11,18.36,600,
11:33:26,18.3699,1500,
11:33:28,18.36,100,
11:33:28,18.36,300,
11:33:29,18.37,100,
11:33:39,18.3726,1095,
11:33:43,18.37,200,
11:33:44,18.37,100,
11:33:44,18.3699,400,
11:33:46,18.379,600,
11:33:46,18.371,360,
11:33:47,18.37,940,
11:34:11,18.37,100,
11:34:20,18.37,4200,
11:34:21,18.37,2000,
11:34:21,18.37,2200,
11:34:25,18.36,100,
11:34:34,18.36,2800,
11:34:39,18.361,500,
11:34:43,18.36,800,
11:34:44,18.351,100,
11:34:50,18.35,1300,
11:34:54,18.352,500,
11:34:57,18.36,100,
11:34:57,18.36,1700,
11:34:57,18.36,200,
11:34:57,18.37,200,
11:34:57,18.37,100,
11:34:57,18.3701,400,
11:34:58,18.37,100,
11:35:08,18.371,1900,
11:35:10,18.37,400,
11:35:10,18.37,100,
11:35:22,18.36,1900,
11:35:22,18.36,200,
11:35:25,18.35,100,
11:35:25,18.35,300,
11:35:26,18.35,300,
11:35:29,18.34,300,
11:35:29,18.34,300,
11:35:29,18.34,1000,
11:35:29,18.33,500,
11:35:30,18.3301,2000,
11:35:38,18.34,600,
11:35:38,18.34,100,
11:35:40,18.35,200,
11:35:43,18.35,450,
11:35:54,18.343,200,
11:35:57,18.36,100,
11:35:58,18.35,200,
11:35:58,18.35,200,
11:36:05,18.351,300,
11:36:08,18.36,200,
11:36:14,18.3505,100,
11:36:22,18.3516,2000,
11:36:41,18.34,200,
11:36:44,18.34,100,
11:36:57,18.35,1000,
11:37:00,18.34,1200,
11:37:04,18.3426,1000,
11:37:09,18.345,2245,
11:37:10,18.351,300,
11:37:12,18.349,100,
11:37:15,18.349,1500,
11:37:16,18.3318,1000,
11:37:18,18.35,600,
11:37:18,18.36,100,
11:37:19,18.36,200,
11:37:26,18.35,600,
11:37:26,18.35,200,
11:37:36,18.351,1500,
11:37:38,18.35,200,
11:37:42,18.359,100,
11:37:56,18.36,100,
11:37:56,18.36,100,
11:37:57,18.351,2000,
11:37:57,18.37,100,
11:38:01,18.37,1800,
11:38:02,18.3615,1000,
11:38:07,18.361,200,
11:38:07,18.3799,1000,
11:38:17,18.351,100,
11:38:24,18.351,400,
11:38:34,18.35,200,
11:38:34,18.35,100,
11:38:34,18.35,500,
11:38:36,18.36,100,
11:38:40,18.36,100,
11:38:43,18.38,100,
11:38:51,18.3682,1000,
11:39:06,18.35,100,
11:39:06,18.35,300,
11:39:12,18.35,200,
11:39:17,18.34,200,
11:39:17,18.34,511,
11:39:17,18.34,100,
11:39:17,18.34,100,
11:39:17,18.35,100,
11:39:22,18.35,100,
11:39:30,18.35,400,
11:39:41,18.35,100,
11:39:41,18.35,100,
11:39:41,18.35,1900,
11:39:46,18.36,100,
11:39:50,18.36,100,
11:40:00,18.36,300,
11:40:01,18.36,100,
11:40:01,18.36,300,
11:40:01,18.36,100,
11:40:11,18.35,300,
11:40:36,18.36,100,
11:40:39,18.37,246,
11:40:40,18.37,100,
11:40:50,18.38,110,
11:40:56,18.39,100,
11:40:58,18.38,100,
11:40:58,18.38,400,
11:41:01,18.38,600,
11:41:19,18.40,500,
11:41:22,18.40,100,
11:41:22,18.40,100,
11:41:25,18.39,150,
11:41:31,18.41,100,
11:41:36,18.401,1000,
11:41:46,18.41,200,
11:42:29,18.39,1700,
11:42:29,18.39,3000,
11:42:31,18.39,200,
11:42:41,18.40,300,
11:42:42,18.391,1200,
11:42:48,18.39,200,
11:42:57,18.40,200,
11:43:14,18.3999,300,
11:43:24,18.4037,200,
11:43:36,18.39,400,
11:43:36,18.39,800,
11:43:36,18.39,3000,
11:43:46,18.39,1900,
11:44:06,18.391,1500,
11:44:25,18.38,1800,
11:44:29,18.38,100,
11:44:30,18.38,200,
11:44:30,18.38,100,
11:44:30,18.38,1000,
11:44:30,18.3799,200,
11:44:50,18.38,4800,
11:44:50,18.3899,200,
11:44:53,18.40,550,
11:44:53,18.40,1250,
11:44:58,18.40,200,
11:44:58,18.40,200,
11:45:18,18.41,120,
11:45:27,18.41,100,
11:45:28,18.42,600,
11:45:28,18.43,900,
11:45:28,18.43,200,
11:45:28,18.42,400,
11:45:29,18.42,200,
11:45:29,18.42,100,
11:45:35,18.41,100,
11:45:55,18.40,100,
11:46:04,18.40,200,
11:46:07,18.4169,400,
11:46:22,18.40,100,
11:46:41,18.39,500,
11:46:56,18.3926,1500,
11:47:23,18.38,100,
11:47:27,18.371,100,
11:47:28,18.371,100,
11:47:36,18.36,3400,
11:47:37,18.36,700,
11:47:39,18.36,100,
11:47:39,18.36,600,
11:47:39,18.37,500,
11:47:54,18.37,200,
11:47:57,18.37,200,
11:47:57,18.37,100,
11:47:58,18.37,100,
11:47:58,18.37,100,
11:48:06,18.37,100,
11:48:15,18.37,100,
11:48:21,18.36,300,
11:48:26,18.3518,1000,
11:48:31,18.35,100,
11:48:32,18.36,100,
11:48:33,18.36,100,
11:48:33,18.37,500,
11:48:33,18.36,200,
11:48:33,18.37,100,
11:48:33,18.37,233,
11:48:33,18.37,300,
11:48:33,18.37,200,
11:48:33,18.37,200,
11:48:33,18.37,233,
11:48:33,18.37,100,
11:48:34,18.3701,200,
11:48:34,18.37,100,
11:48:50,18.37,437,
11:48:51,18.36,371,
11:48:51,18.36,371,
11:48:51,18.36,240,
11:48:52,18.36,350,
11:48:53,18.36,100,
11:48:56,18.36,300,
11:48:57,18.359,5000,
11:49:13,18.35,100,
11:49:17,18.36,200,
11:49:18,18.36,200,
11:49:21,18.351,100,
11:49:29,18.36,300,
11:49:29,18.36,4400,
11:49:32,18.368,2500,
11:49:37,18.37,500,
11:49:39,18.36,200,
11:49:40,18.36,1700,
11:50:01,18.3721,100,
11:50:06,18.37,400,
11:50:06,18.37,200,
11:50:10,18.371,100,
11:50:15,18.36,300,
11:50:28,18.36,100,
11:50:28,18.36,800,
11:50:34,18.3675,4000,
11:50:42,18.36,300,
11:50:44,18.36,214,
11:50:45,18.36,400,
11:50:45,18.36,900,
11:50:45,18.37,100,
11:50:45,18.36,100,
11:50:53,18.36,100,
11:51:10,18.36,100,
11:51:12,18.37,200,
11:51:25,18.37,100,
11:51:25,18.3699,300,
11:51:27,18.37,100,
11:51:27,18.37,100,
11:51:27,18.37,1500,
11:51:39,18.37,500,
11:51:39,18.37,300,
11:51:39,18.37,200,
11:51:44,18.38,800,
11:51:44,18.39,200,
11:51:44,18.39,200,
11:51:44,18.39,300,
11:51:44,18.39,200,
11:51:44,18.38,200,
11:51:44,18.38,200,
11:51:44,18.39,161,
11:51:44,18.39,200,
11:51:44,18.38,800,
11:51:44,18.38,1400,
11:51:51,18.39,200,
11:51:51,18.38,800,
11:51:51,18.38,200,
11:51:51,18.38,300,
11:51:54,18.389,500,
11:52:20,18.38,800,
11:52:20,18.38,961,
11:52:20,18.38,200,
11:52:23,18.38,1200,
11:52:23,18.38,100,
11:52:23,18.38,200,
11:52:30,18.3801,2000,
11:53:10,18.381,100,
11:53:21,18.3815,2000,
11:54:03,18.39,100,
11:54:05,18.39,400,
11:54:05,18.39,100,
11:54:05,18.39,400,
11:54:05,18.39,400,
11:54:06,18.39,700,
11:54:06,18.39,300,
11:54:06,18.40,189,
11:54:06,18.40,189,
11:54:06,18.40,244,
11:54:06,18.40,245,
11:54:06,18.39,100,
11:54:06,18.40,300,
11:54:12,18.39,200,
11:54:22,18.397,100,
11:54:41,18.3869,300,
11:55:06,18.37,100,
11:55:06,18.36,200,
11:55:06,18.36,500,
11:55:06,18.36,200,
11:55:06,18.36,300,
11:55:07,18.37,200,
11:55:38,18.3675,2000,
11:55:55,18.369,100,
11:56:06,18.35,13941,
11:56:10,18.352,185,
11:56:18,18.3799,750,
11:56:32,18.36,100,
11:56:33,18.37,200,
11:56:43,18.36,800,
11:56:43,18.36,3100,
11:56:48,18.37,200,
11:56:48,18.37,400,
11:56:48,18.37,300,
11:56:48,18.37,100,
11:56:48,18.37,300,
11:57:01,18.37,100,
11:57:01,18.37,1800,
11:57:03,18.37,200,
11:57:12,18.37,200,
11:57:12,18.37,300,
11:57:22,18.38,200,
11:57:46,18.36,100,
11:57:59,18.36,100,
11:58:00,18.36,600,
11:58:22,18.3695,600,
11:58:24,18.36,200,
11:58:24,18.36,300,
11:58:38,18.36,168,
11:58:38,18.36,266,
11:58:38,18.36,266,
11:58:41,18.36,200,
11:58:56,18.3599,9800,
11:58:57,18.36,100,
11:58:57,18.36,200,
11:58:57,18.36,200,
11:59:00,18.36,200,
11:59:19,18.36,1700,
11:59:53,18.365,700,
12:00:03,18.3501,200,
12:00:06,18.36,200,
12:00:06,18.36,600,
12:00:06,18.36,400,
12:00:10,18.351,300,
12:00:11,18.35,1400,
12:00:11,18.341,1000,
12:00:14,18.35,300,
12:00:19,18.341,200,
12:00:20,18.35,200,
12:00:23,18.34,1700,
12:00:31,18.34,1600,
12:00:35,18.34,200,
12:00:35,18.34,1400,
12:00:35,18.33,300,
12:00:35,18.33,100,
12:00:35,18.33,100,
12:00:38,18.33,200,
12:00:38,18.33,200,
12:00:38,18.33,850,
12:00:40,18.33,200,
12:00:41,18.331,100,
12:00:49,18.33,2150,
12:00:56,18.3305,500,
12:01:01,18.33,1400,
12:01:07,18.33,200,
12:01:07,18.33,400,
12:01:08,18.33,2561,
12:01:08,18.33,5800,
12:01:08,18.32,600,
12:01:10,18.3218,200,
12:01:11,18.32,1400,
12:01:11,18.32,800,
12:01:11,18.32,100,
12:01:12,18.32,200,
12:01:13,18.31,600,
12:01:15,18.31,1200,
12:01:18,18.3199,1000,
12:01:20,18.32,100,
12:01:21,18.32,300,
12:01:33,18.31,1800,
12:01:34,18.305,100,
12:01:36,18.30,500,
12:01:37,18.301,500,
12:01:40,18.31,200,
12:01:40,18.31,200,
12:01:41,18.303,400,
12:01:45,18.30,100,
12:01:56,18.31,200,
12:01:56,18.31,200,
12:01:56,18.3011,500,
12:01:58,18.30,100,
12:02:00,18.30,800,
12:02:00,18.30,300,
12:02:00,18.30,500,
12:02:00,18.30,100,
12:02:02,18.30,100,
12:02:02,18.30,185,
12:02:04,18.29,2300,
12:02:04,18.29,100,
12:02:05,18.2901,200,
12:02:05,18.29,191,
12:02:05,18.30,200,
12:02:06,18.30,800,
12:02:06,18.30,200,
12:02:07,18.3011,500,
12:02:08,18.3001,2200,
12:02:14,18.3095,1000,
12:02:21,18.30,100,
12:02:21,18.30,1400,
12:02:23,18.30,800,
12:02:26,18.30,2000,
12:02:38,18.3026,700,
12:02:47,18.30,800,
12:02:51,18.30,1000,
12:02:51,18.30,800,
12:02:52,18.30,100,
12:02:54,18.30,500,
12:02:54,18.30,200,
12:02:54,18.30,200,
12:02:57,18.30,300,
12:02:57,18.30,100,
12:02:57,18.30,200,
12:03:00,18.3029,1500,
12:03:04,18.30,1800,
12:03:05,18.302,1600,
12:03:06,18.30,100,
12:03:06,18.30,100,
12:03:06,18.30,100,
12:03:06,18.30,200,
12:03:07,18.29,525,
12:03:10,18.30,2000,
12:03:22,18.29,300,
12:03:27,18.29,1400,
12:03:27,18.29,1600,
12:03:27,18.29,200,
12:03:28,18.29,200,
12:03:28,18.29,100,
12:03:28,18.29,100,
12:03:35,18.29,200,
12:03:53,18.30,600,
12:03:53,18.30,182,
12:03:56,18.29,100,
12:03:56,18.29,100,
12:04:02,18.2801,2000,
12:04:03,18.28,650,
12:04:13,18.31,100,
12:04:13,18.29,600,
12:04:13,18.30,200,
12:04:13,18.30,200,
12:04:17,18.291,2000,
12:04:28,18.29,200,
12:04:30,18.30,300,
12:04:32,18.32,900,
12:04:32,18.31,800,
12:04:33,18.3115,400,
12:04:46,18.31,1000,
12:04:56,18.30,1800,
12:04:58,18.31,500,
12:05:03,18.291,400,
12:05:03,18.30,300,
12:05:05,18.30,100,
12:05:05,18.2901,2000,
12:05:17,18.31,100,
12:05:21,18.3099,500,
12:05:53,18.30,800,
12:06:00,18.2905,100,
12:06:07,18.29,200,
12:06:07,18.29,1400,
12:06:09,18.29,100,
12:06:09,18.2911,1500,
12:06:16,18.29,1400,
12:06:19,18.29,1200,
12:06:19,18.29,100,
12:06:19,18.29,100,
12:06:20,18.2818,160,
12:06:22,18.28,800,
12:06:37,18.281,100,
12:06:43,18.29,100,
12:06:53,18.28,100,
12:06:57,18.27,1000,
12:07:04,18.272,800,
12:07:05,18.28,800,
12:07:12,18.28,1600,
12:07:12,18.28,3000,
12:07:13,18.30,1000,
12:07:13,18.30,900,
12:07:16,18.3199,2000,
12:07:22,18.3482,500,
12:07:50,18.33,100,
12:07:50,18.33,300,
12:07:50,18.33,100,
12:07:50,18.33,100,
12:07:50,18.33,100,
12:08:35,18.329,700,
12:09:01,18.33,100,
12:09:01,18.33,200,
12:09:01,18.33,900,
12:09:01,18.33,200,
12:09:01,18.33,200,
12:09:04,18.35,100,
12:09:06,18.35,100,
12:09:08,18.36,200,
12:09:16,18.3501,3000,
12:09:26,18.3516,1000,
12:09:32,18.358,300,
12:09:34,18.36,100,
12:09:49,18.35,300,
12:09:49,18.35,1500,
12:09:49,18.35,100,
12:09:49,18.35,500,
12:09:49,18.35,300,
12:09:55,18.37,100,
12:09:55,18.36,800,
12:09:55,18.36,1000,
12:09:55,18.37,400,
12:09:55,18.37,200,
12:09:55,18.37,1000,
12:09:55,18.36,1400,
12:09:55,18.38,1000,
12:09:56,18.351,200,
12:09:56,18.351,100,
12:09:56,18.38,300,
12:09:56,18.39,300,
12:09:56,18.39,322,
12:09:56,18.39,200,
12:09:56,18.39,300,
12:09:56,18.39,300,
12:09:57,18.38,100,
12:10:01,18.3726,1000,
12:10:23,18.37,100,
12:10:23,18.37,200,
12:10:24,18.3674,500,
12:10:28,18.3599,500,
12:10:40,18.36,100,
12:10:40,18.36,200,
12:10:40,18.36,100,
12:10:42,18.361,350,
12:10:49,18.37,3300,
12:11:01,18.37,208,
12:11:02,18.37,400,
12:11:05,18.37,100,
12:11:18,18.37,500,
12:11:18,18.37,300,
12:11:24,18.36,100,
12:11:32,18.35,100,
12:11:41,18.355,1200,
12:12:15,18.3801,200,
12:12:24,18.381,100,
12:12:34,18.3801,100,
12:12:34,18.3801,100,
12:12:34,18.3801,100,
12:12:39,18.381,200,
12:13:20,18.381,700,
12:13:28,18.381,100,
12:13:39,18.3801,300,
12:13:47,18.39,200,
12:13:47,18.39,600,
12:13:56,18.38,200,
12:13:59,18.38,100,
12:13:59,18.38,800,
12:14:27,18.3801,8100,
12:14:58,18.40,600,
12:14:58,18.40,100,
12:14:58,18.40,1700,
12:15:00,18.41,100,
12:15:00,18.41,100,
12:15:00,18.41,1400,
12:15:02,18.412,500,
12:15:12,18.4101,4000,
12:15:18,18.41,800,
12:15:18,18.41,200,
12:15:18,18.42,400,
12:15:18,18.41,1000,
12:15:34,18.40,800,
12:15:46,18.39,100,
12:16:06,18.40,100,
12:16:33,18.40,300,
12:16:41,18.405,350,
12:16:56,18.39,226,
12:17:05,18.38,1000,
12:17:12,18.39,200,
12:18:25,18.39,100,
12:18:25,18.39,2000,
12:18:25,18.39,1000,
12:18:45,18.39,276,
12:19:48,18.38,300,
12:20:14,18.38,100,
12:20:23,18.39,400,
12:20:23,18.39,200,
12:20:34,18.39,100,
12:21:02,18.39,268,
12:21:13,18.38,200,
12:21:13,18.38,200,
12:21:50,18.37,100,
12:21:56,18.36,400,
12:22:21,18.36,100,
12:22:36,18.37,100,
12:22:38,18.3612,5000,
12:22:50,18.3701,600,
12:22:54,18.38,100,
12:23:12,18.371,300,
12:23:53,18.39,100,
12:24:00,18.381,800,
12:24:03,18.38,3000,
12:24:29,18.40,1200,
12:24:42,18.40,1085,
12:24:57,18.399,200,
12:24:58,18.40,100,
12:24:58,18.40,300,
12:24:58,18.40,400,
12:24:59,18.41,100,
12:25:11,18.401,100,
12:25:15,18.41,300,
12:25:16,18.41,200,
12:25:17,18.41,2200,
12:25:17,18.4118,400,
12:25:17,18.41,100,
12:25:17,18.41,100,
12:25:20,18.42,100,
12:25:20,18.42,100,
12:25:26,18.4201,500,
12:25:30,18.43,500,
12:25:30,18.43,13200,
12:25:45,18.4099,190,
12:25:47,18.41,200,
12:25:47,18.41,100,
12:26:06,18.419,1700,
12:26:08,18.411,500,
12:26:44,18.4099,6000,
12:26:58,18.40,900,
12:26:58,18.4118,900,
12:26:58,18.41,200,
12:27:28,18.4201,100,
12:27:31,18.42,800,
12:27:34,18.4201,850,
12:27:51,18.4099,4000,
12:27:55,18.40,275,
12:28:02,18.41,200,
12:28:15,18.411,3300,
12:28:19,18.411,200,
12:28:23,18.42,200,
12:28:31,18.411,300,
12:28:37,18.4118,1000,
12:29:06,18.419,3000,
12:29:22,18.42,100,
12:29:28,18.4231,400,
12:29:32,18.42,100,
12:29:35,18.42,300,
12:29:44,18.42,100,
12:29:53,18.42,200,
12:30:11,18.405,5900,
12:30:29,18.40,500,
12:31:24,18.392,900,
12:32:02,18.40,100,
12:32:49,18.4082,500,
12:33:19,18.39,100,
12:33:19,18.39,100,
12:33:20,18.3999,100,
12:33:52,18.39,200,
12:33:52,18.39,100,
12:34:14,18.3999,100,
12:34:35,18.381,200,
12:35:12,18.3805,1200,
12:35:27,18.38,10000,
12:35:37,18.40,600,
12:35:37,18.41,200,
12:35:37,18.41,100,
12:35:37,18.40,200,
12:35:37,18.40,100,
12:35:51,18.3905,500,
12:36:01,18.39,200,
12:36:01,18.39,1800,
12:36:01,18.39,3000,
12:36:10,18.382,500,
12:37:26,18.3801,2500,
12:37:48,18.3815,200,
12:38:13,18.39,200,
12:39:05,18.3863,300,
12:39:19,18.37,8000,
12:39:30,18.3718,200,
12:39:38,18.3745,500,
12:40:24,18.3869,317,
12:40:49,18.371,500,
12:41:14,18.37,1400,
12:41:15,18.37,200,
12:41:16,18.361,200,
12:41:21,18.3669,313,
12:41:59,18.37,100,
12:42:01,18.37,600,
12:42:53,18.37,100,
12:43:20,18.3669,164,
12:43:28,18.37,400,
12:43:41,18.3618,300,
12:44:04,18.361,200,
12:44:07,18.36,1400,
12:44:07,18.35,300,
12:44:07,18.35,1800,
12:44:07,18.35,3000,
12:44:08,18.34,300,
12:44:08,18.34,10739,
12:44:11,18.3426,1200,
12:44:14,18.341,400,
12:44:29,18.331,100,
12:44:45,18.35,300,
12:44:45,18.35,100,
12:44:45,18.3599,300,
12:45:11,18.35,100,
12:45:30,18.3501,1000,
12:45:30,18.35,200,
12:45:30,18.35,300,
12:45:30,18.35,295,
12:45:30,18.35,295,
12:45:31,18.3501,200,
12:45:33,18.35,385,
12:45:34,18.34,200,
12:45:40,18.35,2800,
12:45:50,18.34,100,
12:45:54,18.3318,1000,
12:45:56,18.34,100,
12:45:58,18.331,100,
12:46:24,18.34,300,
12:46:32,18.34,1000,
12:46:46,18.3401,300,
12:47:14,18.34,1400,
12:47:21,18.35,200,
12:47:21,18.35,100,
12:47:21,18.35,900,
12:47:21,18.35,200,
12:47:29,18.345,800,
12:47:32,18.35,100,
12:47:42,18.35,600,
12:48:02,18.34,1800,
12:48:03,18.34,100,
12:48:03,18.35,200,
12:48:03,18.34,1000,
12:48:05,18.34,2000,
12:48:06,18.34,200,
12:48:29,18.341,250,
12:48:33,18.3499,400,
12:48:43,18.351,100,
12:48:43,18.351,200,
12:48:43,18.351,1800,
12:48:43,18.351,300,
12:48:44,18.351,500,
12:48:44,18.351,500,
12:48:47,18.36,100,
12:48:47,18.36,200,
12:48:47,18.36,900,
12:49:02,18.351,800,
12:49:04,18.3575,2350,
12:49:11,18.3507,400,
12:49:31,18.351,200,
12:50:09,18.34,200,
12:50:10,18.331,1200,
12:50:15,18.34,600,
12:50:15,18.34,200,
12:50:15,18.34,1000,
12:50:15,18.34,1100,
12:50:18,18.35,600,
12:50:23,18.35,1800,
12:50:49,18.3426,1200,
12:51:02,18.35,400,
12:51:02,18.35,100,
12:51:11,18.35,100,
12:51:13,18.351,100,
12:51:35,18.3501,1500,
12:51:47,18.368,750,
12:52:02,18.35,100,
12:52:27,18.35,1800,
12:52:27,18.35,900,
12:52:30,18.35,500,
12:52:30,18.35,300,
12:52:31,18.35,100,
12:52:31,18.35,200,
12:53:01,18.338,500,
12:53:07,18.33,200,
12:53:07,18.33,500,
12:53:07,18.33,1400,
12:53:35,18.35,100,
12:53:35,18.35,100,
12:53:38,18.35,100,
12:54:06,18.35,100,
12:55:15,18.37,300,
12:55:15,18.37,100,
12:55:37,18.391,900,
12:55:39,18.39,400,
12:55:39,18.38,200,
12:55:43,18.38,300,
12:55:43,18.38,100,
12:55:43,18.38,253,
12:55:53,18.382,500,
12:56:01,18.38,100,
12:56:29,18.39,6200,
12:56:29,18.39,700,
12:56:51,18.3899,2000,
12:58:33,18.36,600,
12:59:24,18.351,200,
12:59:26,18.35,1000,
12:59:37,18.35,900,
12:59:37,18.34,200,
12:59:37,18.341,100,
12:59:43,18.35,200,
12:59:54,18.3511,400,
12:59:54,18.35,100,
12:59:55,18.36,1000,
12:59:56,18.36,100,
12:59:56,18.36,200,
13:00:25,18.38,300,
13:00:25,18.37,1600,
13:00:25,18.37,200,
13:00:49,18.3601,1000,
13:01:15,18.38,400,
13:01:22,18.386,100,
13:01:23,18.387,100,
13:01:23,18.387,200,
13:01:27,18.37,500,
13:01:29,18.3701,4000,
13:01:38,18.39,100,
13:01:38,18.39,200,
13:01:38,18.40,100,
13:01:38,18.40,200,
13:01:47,18.42,100,
13:01:47,18.42,750,
13:01:51,18.42,400,
13:01:53,18.428,500,
13:01:56,18.42,100,
13:01:58,18.42,100,
13:01:58,18.4199,300,
13:02:01,18.43,100,
13:02:05,18.43,500,
13:02:06,18.43,999,
13:02:08,18.4469,273,
13:02:09,18.44,100,
13:02:09,18.44,100,
13:02:24,18.46,200,
13:02:24,18.45,100,
13:02:24,18.45,500,
13:02:31,18.45,100,
13:02:40,18.44,100,
13:02:41,18.44,200,
13:02:44,18.43,600,
13:02:44,18.43,100,
13:02:44,18.44,200,
13:02:44,18.44,100,
13:02:44,18.43,300,
13:02:44,18.43,200,
13:02:44,18.43,100,
13:02:51,18.441,100,
13:02:52,18.44,500,
13:02:52,18.44,1300,
13:02:59,18.43,1200,
13:03:00,18.4301,100,
13:03:10,18.4399,1100,
13:03:11,18.43,100,
13:03:21,18.421,300,
13:03:21,18.4299,2000,
13:03:21,18.42,300,
13:03:21,18.42,200,
13:03:22,18.411,200,
13:03:26,18.421,100,
13:03:30,18.40,200,
13:03:30,18.40,159,
13:03:31,18.391,700,
13:03:32,18.3999,100,
13:04:01,18.40,500,
13:04:05,18.4005,300,
13:04:09,18.41,100,
13:04:15,18.419,1500,
13:04:29,18.41,200,
13:04:34,18.41,100,
13:04:35,18.40,9961,
13:04:36,18.42,4000,
13:04:54,18.418,700,
13:05:00,18.42,200,
13:05:20,18.41,200,
13:05:28,18.4199,2000,
13:06:06,18.419,150,
13:06:36,18.41,100,
13:06:48,18.4005,250,
13:07:10,18.40,100,
13:07:41,18.40,250,
13:08:07,18.40,100,
13:09:01,18.40,1000,
13:09:08,18.4001,100,
13:09:23,18.401,200,
13:09:30,18.39,100,
13:10:03,18.392,500,
13:10:24,18.3925,3400,
13:10:48,18.399,1000,
13:10:57,18.3999,800,
13:11:21,18.39,100,
13:12:44,18.4101,7000,
13:13:00,18.4299,100,
13:13:23,18.4118,500,
13:13:24,18.42,200,
13:13:42,18.43,300,
13:13:44,18.42,200,
13:14:18,18.41,1000,
13:14:28,18.421,100,
13:14:30,18.4205,1400,
13:14:59,18.421,1500,
13:15:21,18.438,500,
13:15:33,18.48,200,
13:15:33,18.46,200,
13:15:33,18.45,800,
13:15:33,18.45,200,
13:15:33,18.45,100,
13:15:33,18.45,100,
13:15:33,18.45,1150,
13:15:33,18.46,500,
13:15:33,18.46,300,
13:15:33,18.47,1000,
13:15:33,18.46,100,
13:15:33,18.46,200,
13:15:33,18.47,200,
13:15:33,18.47,100,
13:15:33,18.47,312,
13:15:33,18.46,313,
13:15:33,18.48,678,
13:15:33,18.49,100,
13:15:33,18.48,200,
13:15:33,18.49,200,
13:15:33,18.49,180,
13:15:33,18.48,161,
13:15:33,18.48,800,
13:15:33,18.46,200,
13:15:33,18.47,500,
13:15:33,18.49,500,
13:15:35,18.4899,1627,
13:15:36,18.47,1000,
13:15:37,18.48,100,
13:15:37,18.48,120,
13:15:37,18.4801,100,
13:15:37,18.48,200,
13:15:42,18.47,400,
13:15:45,18.469,500,
13:15:51,18.4769,300,
13:15:58,18.4895,1700,
13:16:00,18.4782,100,
13:16:06,18.4874,500,
13:16:13,18.49,800,
13:16:14,18.4801,100,
13:16:15,18.4799,500,
13:16:17,18.4699,100,
13:16:25,18.4701,100,
13:16:40,18.4782,500,
13:17:00,18.47,100,
13:17:00,18.4701,200,
13:17:00,18.47,100,
13:17:01,18.47,100,
13:17:15,18.479,1300,
13:17:19,18.461,1000,
13:17:19,18.461,1000,
13:17:25,18.47,100,
13:17:29,18.461,100,
13:17:33,18.479,200,
13:17:36,18.47,200,
13:17:38,18.479,100,
13:17:47,18.4605,100,
13:18:00,18.47,1700,
13:18:04,18.47,200,
13:18:06,18.48,200,
13:18:24,18.48,100,
13:18:28,18.4774,1500,
13:18:46,18.48,200,
13:18:53,18.4701,100,
13:18:57,18.4801,6000,
13:19:00,18.48,800,
13:19:12,18.49,200,
13:19:12,18.49,100,
13:19:13,18.4831,400,
13:19:14,18.49,900,
13:19:15,18.49,100,
13:19:22,18.49,30000,
13:19:33,18.49,300,
13:19:33,18.48,1400,
13:19:34,18.50,100,
13:19:35,18.49,300,
13:19:35,18.49,400,
13:19:36,18.50,500,
13:19:36,18.49,200,
13:19:39,18.4895,500,
13:19:39,18.49,2000,
13:19:39,18.50,234,
13:19:39,18.50,100,
13:19:44,18.50,900,
13:19:45,18.499,4000,
13:19:46,18.499,1000,
13:19:51,18.50,400,
13:19:53,18.49,3000,
13:19:53,18.49,100,
13:19:53,18.49,1800,
13:19:53,18.50,100,
13:19:53,18.50,300,
13:19:57,18.50,1300,
13:19:57,18.50,1500,
13:19:57,18.50,2500,
13:19:57,18.50,900,
13:19:57,18.50,8800,
13:19:57,18.50,300,
13:19:57,18.50,1400,
13:19:57,18.50,2400,
13:19:57,18.50,200,
13:19:57,18.50,800,
13:19:57,18.50,700,
13:19:57,18.50,1500,
13:19:57,18.50,600,
13:19:57,18.50,800,
13:19:57,18.50,900,
13:19:57,18.50,1000,
13:19:57,18.50,700,
13:19:57,18.50,600,
13:19:57,18.50,1500,
13:19:57,18.50,200,
13:19:57,18.50,700,
13:19:57,18.50,500,
13:19:57,18.50,700,
13:19:57,18.50,700,
13:19:57,18.50,900,
13:19:57,18.50,400,
13:19:57,18.50,600,
13:19:57,18.50,700,
13:19:57,18.50,700,
13:19:57,18.50,500,
13:19:57,18.50,700,
13:19:57,18.50,600,
13:19:57,18.50,700,
13:19:57,18.50,700,
13:19:57,18.50,400,
13:19:57,18.50,600,
13:19:57,18.50,600,
13:19:57,18.50,3300,
13:19:57,18.50,2300,
13:19:57,18.50,900,
13:19:57,18.50,300,
13:19:57,18.50,1400,
13:19:57,18.50,200,
13:19:57,18.50,5500,
13:19:59,18.52,2400,
13:19:59,18.51,600,
13:19:59,18.51,100,
13:19:59,18.52,200,
13:19:59,18.52,286,
13:20:00,18.51,600,
13:20:00,18.5199,1500,
13:20:01,18.53,346,
13:20:01,18.52,500,
13:20:01,18.52,1000,
13:20:02,18.5299,500,
13:20:09,18.5226,1700,
13:20:14,18.51,200,
13:20:14,18.51,120,
13:20:14,18.51,200,
13:20:15,18.51,1200,
13:20:17,18.5199,200,
13:20:21,18.51,1000,
13:20:22,18.51,100,
13:20:22,18.51,600,
13:20:29,18.5101,100,
13:20:30,18.51,700,
13:20:35,18.51,300,
13:20:35,18.50,1000,
13:20:36,18.50,600,
13:20:58,18.50,500,
13:21:00,18.503,400,
13:21:40,18.4899,7000,
13:21:40,18.50,100,
13:21:40,18.50,100,
13:21:40,18.50,100,
13:21:49,18.4901,1000,
13:22:09,18.491,155,
13:22:25,18.4955,300,
13:22:58,18.50,100,
13:23:01,18.491,300,
13:23:06,18.49,100,
13:23:06,18.49,400,
13:23:06,18.49,100,
13:23:06,18.4801,100,
13:23:07,18.48,200,
13:23:07,18.4701,2500,
13:23:27,18.471,3000,
13:23:48,18.47,200,
13:24:03,18.471,500,
13:24:12,18.4695,1000,
13:24:14,18.47,230,
13:24:19,18.48,100,
13:24:19,18.48,100,
13:24:19,18.48,100,
13:24:24,18.48,100,
13:24:30,18.4799,2500,
13:24:38,18.48,100,
13:25:00,18.472,500,
13:25:11,18.4805,400,
13:25:22,18.4901,100,
13:25:22,18.49,100,
13:25:22,18.4918,1000,
13:25:22,18.4901,100,
13:25:37,18.4901,150,
13:25:54,18.4994,1000,
13:26:01,18.50,200,
13:26:33,18.4801,500,
13:26:33,18.48,100,
13:27:02,18.4901,1500,
13:27:18,18.49,161,
13:27:36,18.4801,900,
13:27:55,18.487,300,
13:28:16,18.50,200,
13:28:23,18.4805,650,
13:29:08,18.4801,5000,
13:29:36,18.4905,250,
13:29:40,18.499,900,
13:29:43,18.499,100,
13:29:46,18.49,200,
13:29:52,18.49,200,
13:29:53,18.49,200,
13:29:58,18.481,100,
13:30:10,18.4735,240,
13:30:33,18.481,200,
13:30:36,18.481,100,
13:30:41,18.485,500,
13:30:46,18.498,500,
13:30:48,18.49,100,
13:31:11,18.50,600,
13:31:19,18.50,300,
13:31:38,18.499,800,
13:31:40,18.499,100,
13:31:40,18.50,500,
13:31:50,18.491,100,
13:31:52,18.50,200,
13:31:52,18.50,4475,
13:31:58,18.5099,100,
13:32:02,18.52,130,
13:32:11,18.52,130,
13:32:11,18.52,970,
13:32:18,18.5125,100,
13:32:19,18.52,100,
13:32:19,18.52,150,
13:32:20,18.52,100,
13:32:25,18.5126,1500,
13:32:30,18.511,100,
13:32:38,18.501,200,
13:32:42,18.5018,600,
13:32:54,18.53,100,
13:32:57,18.511,200,
13:33:03,18.50,1800,
13:33:12,18.50,300,
13:33:24,18.5101,400,
13:33:25,18.51,100,
13:33:25,18.51,100,
13:33:33,18.5001,100,
13:34:10,18.5175,2200,
13:34:12,18.5201,800,
13:34:37,18.5218,100,
13:34:38,18.5201,400,
13:34:55,18.5101,1810,
13:35:11,18.5199,100,
13:35:11,18.52,100,
13:35:17,18.52,200,
13:35:27,18.52,100,
13:35:34,18.53,200,
13:35:40,18.53,500,
13:35:47,18.54,100,
13:35:48,18.5301,200,
13:35:53,18.53,100,
13:36:04,18.52,1000,
13:36:04,18.521,1000,
13:36:25,18.55,200,
13:36:25,18.54,500,
13:36:25,18.54,1000,
13:36:28,18.55,300,
13:36:28,18.5599,100,
13:36:32,18.5582,1000,
13:36:33,18.55,200,
13:36:41,18.549,100,
13:36:50,18.559,1000,
13:36:56,18.54,300,
13:36:56,18.54,200,
13:36:56,18.54,200,
13:37:00,18.55,100,
13:37:00,18.55,200,
13:37:00,18.5482,300,
13:37:02,18.55,200,
13:37:02,18.55,800,
13:37:02,18.55,200,
13:37:04,18.542,1810,
13:37:13,18.549,200,
13:37:15,18.541,177,
13:37:16,18.55,100,
13:37:17,18.541,400,
13:37:17,18.54,200,
13:37:17,18.54,1467,
13:37:21,18.5301,500,
13:37:40,18.539,5600,
13:37:47,18.535,300,
13:37:55,18.53,100,
13:37:55,18.53,400,
13:37:55,18.53,1000,
13:37:55,18.53,1000,
13:37:55,18.53,200,
13:37:55,18.53,3000,
13:37:55,18.53,400,
13:37:55,18.53,200,
13:37:55,18.53,620,
13:37:55,18.53,400,
13:37:55,18.53,1700,
13:37:55,18.53,500,
13:37:55,18.53,100,
13:37:55,18.53,100,
13:37:55,18.53,100,
13:37:55,18.53,600,
13:37:56,18.52,1800,
13:37:56,18.52,200,
13:37:59,18.53,498,
13:37:59,18.54,100,
13:37:59,18.54,400,
13:37:59,18.54,103,
13:38:00,18.54,298,
13:38:00,18.54,300,
13:38:20,18.548,2000,
13:38:29,18.548,545,
13:38:35,18.5445,300,
13:38:41,18.529,250,
13:38:41,18.529,300,
13:38:49,18.5225,2500,
13:39:00,18.5399,1100,
13:39:00,18.54,200,
13:39:23,18.53,200,
13:39:23,18.53,500,
13:39:23,18.53,300,
13:40:12,18.5278,400,
13:40:22,18.5301,100,
13:40:23,18.53,800,
13:40:29,18.549,100,
13:40:51,18.55,9700,
13:41:14,18.531,5600,
13:41:17,18.53,700,
13:41:18,18.52,200,
13:41:18,18.52,200,
13:41:18,18.52,100,
13:41:20,18.521,500,
13:41:26,18.521,1000,
13:41:31,18.52,1200,
13:41:31,18.51,100,
13:41:34,18.511,1000,
13:41:43,18.521,200,
13:41:47,18.5101,400,
13:42:05,18.5149,600,
13:42:15,18.48,100,
13:42:20,18.49,1000,
13:42:20,18.49,1000,
13:42:39,18.4826,1500,
13:42:44,18.46,2000,
13:42:53,18.4701,3000,
13:42:59,18.49,100,
13:42:59,18.48,3400,
13:43:09,18.4901,100,
13:43:09,18.49,100,
13:43:24,18.495,1888,
13:43:35,18.485,2000,
13:43:47,18.50,2174,
13:44:23,18.48,10000,
13:44:59,18.491,750,
13:45:03,18.49,500,
13:45:28,18.48,100,
13:45:28,18.48,2400,
13:45:34,18.47,100,
13:45:34,18.47,100,
13:45:35,18.4726,1500,
13:45:47,18.471,5700,
13:45:51,18.48,300,
13:45:51,18.49,100,
13:45:51,18.48,800,
13:45:59,18.48,1150,
13:46:07,18.481,300,
13:46:14,18.48,200,
13:46:33,18.4701,290,
13:46:33,18.47,200,
13:46:36,18.4626,800,
13:46:43,18.4626,1000,
13:46:55,18.47,200,
13:47:03,18.4601,900,
13:47:05,18.461,100,
13:47:20,18.47,200,
13:47:24,18.4712,380,
13:47:35,18.4701,400,
13:47:38,18.471,1000,
13:47:56,18.47,200,
13:47:56,18.47,200,
13:47:56,18.47,200,
13:47:56,18.48,3000,
13:47:56,18.48,1000,
13:47:56,18.48,300,
13:47:56,18.48,200,
13:48:02,18.47,300,
13:48:08,18.48,300,
13:48:46,18.451,100,
13:48:47,18.4514,300,
13:48:48,18.461,1700,
13:48:48,18.461,1700,
13:48:48,18.461,1600,
13:48:50,18.461,100,
13:48:51,18.45,500,
13:48:51,18.45,215,
13:48:58,18.46,100,
13:49:14,18.46,357,
13:49:19,18.46,200,
13:49:26,18.45,200,
13:49:33,18.4435,500,
13:49:37,18.44,100,
13:49:37,18.44,200,
13:49:38,18.44,200,
13:49:38,18.44,200,
13:49:38,18.44,200,
13:49:53,18.45,200,
13:50:02,18.458,4380,
13:50:59,18.45,200,
13:51:16,18.44,700,
13:51:18,18.4499,2500,
13:51:20,18.44,300,
13:51:21,18.4301,300,
13:51:23,18.433,150,
13:51:38,18.441,100,
13:51:38,18.441,400,
13:51:50,18.44,500,
13:51:50,18.44,100,
13:51:53,18.44,300,
13:52:08,18.44,100,
13:52:08,18.44,100,
13:52:09,18.44,100,
13:52:09,18.44,100,
13:52:11,18.45,100,
13:52:41,18.4401,1636,
13:53:00,18.47,300,
13:53:03,18.4699,200,
13:53:31,18.4682,100,
13:53:39,18.46,600,
13:53:45,18.4689,400,
13:53:51,18.47,1000,
13:53:53,18.48,200,
13:53:53,18.48,600,
13:54:05,18.48,200,
13:54:23,18.47,200,
13:54:34,18.47,699,
13:54:40,18.47,1371,
13:54:42,18.468,200,
13:54:51,18.47,270,
13:55:11,18.46,100,
13:55:11,18.4601,200,
13:55:21,18.4599,1000,
13:55:49,18.46,100,
13:55:49,18.451,300,
13:55:55,18.46,700,
13:56:00,18.452,500,
13:56:39,18.4599,1530,
13:56:56,18.46,100,
13:57:07,18.4418,1100,
13:57:24,18.44,700,
13:57:24,18.431,800,
13:57:24,18.43,1100,
13:57:26,18.4201,800,
13:57:27,18.427,200,
13:57:44,18.4245,500,
13:57:48,18.4189,500,
13:57:48,18.401,400,
13:57:50,18.41,200,
13:57:51,18.41,100,
13:57:54,18.41,100,
13:57:54,18.41,500,
13:57:54,18.4101,4500,
13:58:05,18.43,300,
13:58:26,18.45,100,
13:58:28,18.46,100,
13:58:28,18.46,100,
13:58:28,18.46,100,
13:58:39,18.4526,500,
13:58:49,18.4405,150,
13:58:55,18.4405,600,
13:59:03,18.45,10000,
13:59:12,18.48,200,
13:59:13,18.479,700,
13:59:24,18.463,1000,
13:59:36,18.46,608,
13:59:43,18.4699,350,
13:59:53,18.451,300,
13:59:54,18.452,200,
14:00:04,18.41,100,
14:00:04,18.41,1000,
14:00:04,18.40,200,
14:00:06,18.39,100,
14:00:07,18.38,200,
14:00:07,18.38,1400,
14:00:07,18.37,100,
14:00:07,18.37,198,
14:00:07,18.36,200,
14:00:07,18.35,100,
14:00:07,18.35,100,
14:00:07,18.35,1400,
14:00:07,18.35,100,
14:00:08,18.3501,1000,
14:00:09,18.361,300,
14:00:09,18.3501,1000,
14:00:09,18.36,300,
14:00:09,18.36,100,
14:00:09,18.36,300,
14:00:09,18.36,500,
14:00:09,18.36,200,
14:00:09,18.36,100,
14:00:09,18.36,100,
14:00:09,18.36,100,
14:00:09,18.3501,1000,
14:00:10,18.35,400,
14:00:10,18.35,1800,
14:00:10,18.35,1500,
14:00:10,18.36,400,
14:00:10,18.35,8800,
14:00:10,18.37,300,
14:00:10,18.37,400,
14:00:11,18.3526,800,
14:00:11,18.3831,400,
14:00:11,18.39,300,
14:00:13,18.354,500,
14:00:14,18.3701,695,
14:00:15,18.38,200,
14:00:15,18.37,200,
14:00:15,18.38,200,
14:00:15,18.38,900,
14:00:15,18.37,200,
14:00:15,18.36,200,
14:00:15,18.36,900,
14:00:15,18.36,200,
14:00:16,18.36,300,
14:00:16,18.36,200,
14:00:16,18.35,400,
14:00:16,18.35,1000,
14:00:17,18.35,100,
14:00:17,18.35,1800,
14:00:17,18.35,400,
14:00:17,18.35,200,
14:00:17,18.34,100,
14:00:17,18.34,300,
14:00:17,18.34,2400,
14:00:17,18.34,200,
14:00:17,18.34,400,
14:00:17,18.34,1400,
14:00:17,18.34,1000,
14:00:17,18.34,400,
14:00:17,18.34,3000,
14:00:17,18.35,100,
14:00:17,18.35,300,
14:00:17,18.341,500,
14:00:17,18.34,3000,
14:00:17,18.34,400,
14:00:17,18.34,200,
14:00:17,18.33,2000,
14:00:17,18.331,300,
14:00:17,18.331,357,
14:00:17,18.331,1400,
14:00:17,18.331,900,
14:00:17,18.331,400,
14:00:17,18.34,200,
14:00:18,18.341,200,
14:00:18,18.34,500,
14:00:18,18.34,200,
14:00:19,18.3501,500,
14:00:19,18.36,200,
14:00:19,18.351,400,
14:00:21,18.35,400,
14:00:23,18.351,2700,
14:00:23,18.351,100,
14:00:24,18.36,200,
14:00:24,18.38,100,
14:00:24,18.38,200,
14:00:25,18.3845,500,
14:00:26,18.39,300,
14:00:26,18.39,200,
14:00:26,18.39,100,
14:00:26,18.39,100,
14:00:26,18.40,300,
14:00:26,18.39,700,
14:00:27,18.42,100,
14:00:27,18.42,300,
14:00:28,18.43,100,
14:00:28,18.421,400,
14:00:34,18.43,200,
14:00:37,18.43,100,
14:00:43,18.44,200,
14:00:43,18.44,200,
14:00:44,18.44,200,
14:00:44,18.45,100,
14:00:45,18.46,200,
14:00:45,18.46,200,
14:00:46,18.4695,1000,
14:00:48,18.48,100,
14:00:48,18.49,300,
14:00:48,18.49,300,
14:00:48,18.50,125,
14:00:48,18.50,100,
14:00:48,18.49,200,
14:00:48,18.489,200,
14:00:48,18.489,200,
14:00:49,18.49,1200,
14:00:49,18.49,100,
14:00:51,18.50,100,
14:00:51,18.488,1000,
14:00:53,18.49,200,
14:00:53,18.49,100,
14:00:55,18.49,100,
14:00:55,18.49,100,
14:00:56,18.4899,500,
14:00:57,18.481,270,
14:00:57,18.489,1500,
14:00:57,18.4855,1200,
14:00:59,18.489,900,
14:01:00,18.489,3217,
14:01:01,18.50,200,
14:01:06,18.497,200,
14:01:06,18.50,100,
14:01:06,18.49,300,
14:01:07,18.48,100,
14:01:07,18.50,300,
14:01:07,18.50,300,
14:01:07,18.49,600,
14:01:11,18.4899,600,
14:01:12,18.482,1580,
14:01:12,18.482,2500,
14:01:12,18.49,1700,
14:01:14,18.50,200,
14:01:16,18.52,500,
14:01:17,18.519,100,
14:01:18,18.52,900,
14:01:18,18.52,100,
14:01:18,18.52,300,
14:01:18,18.52,100,
14:01:20,18.5299,1500,
14:01:21,18.53,100,
14:01:21,18.5201,200,
14:01:23,18.509,200,
14:01:26,18.51,200,
14:01:28,18.52,200,
14:01:30,18.529,2400,
14:01:31,18.51,400,
14:01:31,18.52,100,
14:01:33,18.51,400,
14:01:40,18.49,100,
14:01:41,18.49,200,
14:01:42,18.4889,1000,
14:01:42,18.48,1200,
14:01:42,18.49,1000,
14:01:42,18.48,2700,
14:01:46,18.483,500,
14:01:47,18.47,1300,
14:01:51,18.4651,600,
14:01:54,18.467,400,
14:01:57,18.4469,100,
14:02:00,18.445,150,
14:02:02,18.449,100,
14:02:07,18.44,800,
14:02:17,18.4399,600,
14:02:17,18.44,200,
14:02:17,18.4399,300,
14:02:21,18.469,100,
14:02:22,18.47,200,
14:02:23,18.47,200,
14:02:23,18.47,200,
14:02:27,18.48,200,
14:02:27,18.48,100,
14:02:27,18.48,400,
14:02:27,18.48,200,
14:02:27,18.48,200,
14:02:27,18.48,300,
14:02:27,18.49,400,
14:02:30,18.489,1400,
14:02:34,18.49,100,
14:02:34,18.49,200,
14:02:34,18.49,3000,
14:02:34,18.49,100,
14:02:34,18.49,400,
14:02:34,18.49,200,
14:02:34,18.48,600,
14:02:35,18.50,150,
14:02:36,18.488,500,
14:02:39,18.509,300,
14:02:39,18.5075,1100,
14:02:41,18.51,100,
14:02:42,18.51,900,
14:02:42,18.51,200,
14:02:42,18.51,3000,
14:02:43,18.52,100,
14:02:43,18.52,200,
14:02:43,18.52,100,
14:02:43,18.52,200,
14:02:44,18.529,700,
14:02:45,18.52,500,
14:02:45,18.511,200,
14:02:47,18.53,200,
14:02:48,18.52,100,
14:02:51,18.521,100,
14:02:52,18.539,100,
14:02:52,18.54,100,
14:02:55,18.5499,400,
14:02:56,18.5482,1000,
14:02:57,18.55,400,
14:02:57,18.5482,760,
14:03:03,18.56,500,
14:03:04,18.56,700,
14:03:04,18.57,146,
14:03:04,18.57,100,
14:03:04,18.57,300,
14:03:04,18.58,346,
14:03:04,18.58,246,
14:03:04,18.58,200,
14:03:04,18.56,307,
14:03:04,18.57,100,
14:03:04,18.58,300,
14:03:05,18.58,100,
14:03:05,18.58,400,
14:03:06,18.56,3500,
14:03:06,18.59,400,
14:03:07,18.57,300,
14:03:08,18.5795,200,
14:03:10,18.58,1500,
14:03:10,18.58,1000,
14:03:10,18.579,400,
14:03:12,18.58,2000,
14:03:12,18.58,500,
14:03:12,18.58,100,
14:03:12,18.579,700,
14:03:12,18.58,100,
14:03:13,18.58,100,
14:03:13,18.58,200,
14:03:13,18.589,200,
14:03:14,18.59,200,
14:03:15,18.579,100,
14:03:18,18.5899,600,
14:03:18,18.59,600,
14:03:18,18.5899,300,
14:03:18,18.59,700,
14:03:19,18.589,1000,
14:03:19,18.5899,1000,
14:03:19,18.5899,798,
14:03:20,18.5831,200,
14:03:21,18.589,200,
14:03:21,18.59,500,
14:03:21,18.589,1000,
14:03:21,18.589,100,
14:03:22,18.5899,2000,
14:03:22,18.58,300,
14:03:22,18.58,200,
14:03:24,18.581,2700,
14:03:25,18.5999,100,
14:03:25,18.60,500,
14:03:26,18.59,1000,
14:03:27,18.599,292,
14:03:27,18.60,900,
14:03:27,18.60,700,
14:03:27,18.60,219,
14:03:28,18.60,1200,
14:03:28,18.60,300,
14:03:28,18.62,12700,
14:03:28,18.62,900,
14:03:28,18.62,19175,
14:03:28,18.62,100,
14:03:29,18.619,300,
14:03:29,18.61,400,
14:03:29,18.62,346,
14:03:29,18.61,200,
14:03:30,18.62,9400,
14:03:30,18.609,200,
14:03:30,18.598,700,
14:03:30,18.609,200,
14:03:31,18.615,1100,
14:03:32,18.619,400,
14:03:32,18.61,4800,
14:03:32,18.61,200,
14:03:32,18.61,900,
14:03:32,18.61,100,
14:03:32,18.62,400,
14:03:32,18.63,400,
14:03:32,18.63,100,
14:03:32,18.63,300,
14:03:32,18.64,500,
14:03:32,18.64,200,
14:03:32,18.63,245,
14:03:32,18.6399,400,
14:03:32,18.6399,1000,
14:03:33,18.649,300,
14:03:33,18.639,100,
14:03:33,18.639,100,
14:03:33,18.639,300,
14:03:33,18.649,700,
14:03:33,18.65,250,
14:03:33,18.639,100,
14:03:33,18.649,300,
14:03:33,18.65,300,
14:03:33,18.64,100,
14:03:34,18.65,300,
14:03:35,18.62,100,
14:03:35,18.62,100,
14:03:35,18.62,100,
14:03:35,18.6229,140,
14:03:35,18.6299,1000,
14:03:36,18.61,900,
14:03:36,18.63,1400,
14:03:36,18.61,100,
14:03:37,18.6001,760,
14:03:39,18.62,200,
14:03:41,18.639,300,
14:03:41,18.63,200,
14:03:43,18.629,100,
14:03:44,18.629,200,
14:03:44,18.6199,1000,
14:03:46,18.619,1700,
14:03:46,18.61,400,
14:03:46,18.61,400,
14:03:46,18.62,200,
14:03:46,18.62,200,
14:03:46,18.62,800,
14:03:46,18.62,300,
14:03:46,18.62,300,
14:03:46,18.6299,300,
14:03:47,18.6199,1000,
14:03:48,18.62,100,
14:03:48,18.65,300,
14:03:48,18.65,300,
14:03:48,18.65,300,
14:03:48,18.65,100,
14:03:49,18.64,500,
14:03:49,18.64,200,
14:03:49,18.64,500,
14:03:50,18.6401,2000,
14:03:52,18.65,200,
14:03:52,18.65,270,
14:03:52,18.659,450,
14:03:52,18.65,200,
14:03:52,18.66,300,
14:03:53,18.659,1380,
14:03:55,18.6501,300,
14:03:55,18.65,300,
14:03:55,18.66,300,
14:03:55,18.655,100,
14:03:56,18.659,100,
14:03:56,18.66,200,
14:03:57,18.66,400,
14:03:57,18.66,2000,
14:03:57,18.6699,5500,
14:03:57,18.66,2000,
14:03:57,18.67,900,
14:03:57,18.651,1400,
14:03:58,18.66,400,
14:03:58,18.66,400,
14:04:00,18.68,165,
14:04:00,18.68,100,
14:04:00,18.66,100,
14:04:01,18.679,200,
14:04:01,18.679,188,
14:04:01,18.6601,100,
14:04:01,18.66,100,
14:04:01,18.67,100,
14:04:01,18.669,200,
14:04:02,18.65,200,
14:04:03,18.659,100,
14:04:03,18.669,100,
14:04:03,18.651,3000,
14:04:04,18.6599,3000,
14:04:04,18.66,100,
14:04:05,18.66,200,
14:04:05,18.66,100,
14:04:05,18.66,100,
14:04:06,18.652,700,
14:04:06,18.6682,300,
14:04:06,18.66,600,
14:04:06,18.66,100,
14:04:07,18.6685,2600,
14:04:09,18.6699,1100,
14:04:09,18.68,540,
14:04:09,18.6799,4460,
14:04:10,18.679,100,
14:04:11,18.679,3000,
14:04:11,18.6747,800,
14:04:14,18.6699,100,
14:04:14,18.669,900,
14:04:15,18.669,800,
14:04:15,18.66,400,
14:04:15,18.6601,100,
14:04:15,18.66,400,
14:04:15,18.659,300,
14:04:15,18.659,200,
14:04:18,18.66,4885,
14:04:18,18.6599,3000,
14:04:18,18.65,981,
14:04:19,18.6501,500,
14:04:21,18.6599,200,
14:04:21,18.658,500,
14:04:22,18.6599,1300,
14:04:22,18.6401,200,
14:04:24,18.63,100,
14:04:25,18.6201,1000,
14:04:26,18.62,200,
14:04:26,18.61,300,
14:04:26,18.61,1500,
14:04:26,18.61,200,
14:04:26,18.61,100,
14:04:26,18.62,100,
14:04:26,18.62,100,
14:04:27,18.62,600,
14:04:27,18.62,200,
14:04:27,18.62,100,
14:04:28,18.6299,100,
14:04:28,18.6275,4000,
14:04:30,18.626,100,
14:04:30,18.627,200,
14:04:30,18.627,300,
14:04:30,18.614,1000,
14:04:31,18.62,100,
14:04:34,18.61,500,
14:04:34,18.6018,300,
14:04:35,18.61,300,
14:04:35,18.6175,2700,
14:04:37,18.60,200,
14:04:37,18.60,100,
14:04:38,18.6099,1900,
14:04:39,18.6095,1000,
14:04:40,18.601,1000,
14:04:42,18.61,200,
14:04:42,18.62,100,
14:04:46,18.62,300,
14:04:47,18.60,400,
14:04:48,18.60,100,
14:04:51,18.5974,500,
14:04:54,18.5805,100,
14:04:54,18.60,300,
14:04:56,18.5901,192,
14:04:58,18.5899,600,
14:04:59,18.589,1500,
14:05:01,18.6001,1100,
14:05:01,18.6001,700,
14:05:01,18.6001,1000,
14:05:02,18.61,300,
14:05:02,18.61,200,
14:05:04,18.6111,200,
14:05:04,18.61,300,
14:05:04,18.6174,500,
14:05:06,18.6101,100,
14:05:06,18.61,100,
14:05:06,18.6118,1000,
14:05:07,18.62,251,
14:05:07,18.61,100,
14:05:08,18.61,1200,
14:05:08,18.61,400,
14:05:08,18.61,300,
14:05:08,18.61,200,
14:05:08,18.61,700,
14:05:08,18.62,100,
14:05:08,18.62,173,
14:05:08,18.63,200,
14:05:10,18.63,1200,
14:05:12,18.621,1500,
14:05:13,18.622,1800,
14:05:15,18.612,800,
14:05:17,18.62,100,
14:05:17,18.62,100,
14:05:21,18.64,200,
14:05:21,18.639,200,
14:05:21,18.65,1400,
14:05:21,18.65,2200,
14:05:22,18.639,300,
14:05:22,18.639,200,
14:05:22,18.6474,1075,
14:05:24,18.65,400,
14:05:24,18.65,100,
14:05:25,18.65,900,
14:05:26,18.649,300,
14:05:26,18.65,200,
14:05:26,18.64,300,
14:05:26,18.6499,200,
14:05:26,18.6477,200,
14:05:26,18.6445,100,
14:05:27,18.649,200,
14:05:29,18.649,100,
14:05:31,18.64,3700,
14:05:32,18.65,100,
14:05:33,18.6547,500,
14:05:35,18.6595,100,
14:05:38,18.65,200,
14:05:38,18.65,200,
14:05:38,18.65,300,
14:05:39,18.657,300,
14:05:40,18.65,200,
14:05:40,18.65,300,
14:05:41,18.6495,1000,
14:05:41,18.6401,200,
14:05:42,18.6499,200,
14:05:42,18.649,1800,
14:05:43,18.63,900,
14:05:43,18.63,200,
14:05:44,18.61,800,
14:05:45,18.60,200,
14:05:45,18.59,200,
14:05:45,18.59,400,
14:05:45,18.59,400,
14:05:45,18.59,400,
14:05:46,18.57,400,
14:05:46,18.58,150,
14:05:46,18.56,900,
14:05:46,18.57,200,
14:05:46,18.57,300,
14:05:46,18.57,300,
14:05:46,18.57,100,
14:05:48,18.56,200,
14:05:49,18.57,200,
14:05:49,18.5699,100,
14:05:50,18.57,100,
14:05:50,18.57,100,
14:05:51,18.562,480,
14:05:52,18.58,200,
14:05:52,18.58,300,
14:05:55,18.5799,100,
14:05:57,18.569,100,
14:05:58,18.5699,100,
14:06:00,18.56,233,
14:06:01,18.57,300,
14:06:01,18.57,200,
14:06:03,18.60,200,
14:06:03,18.60,200,
14:06:05,18.616,300,
14:06:08,18.6189,250,
14:06:08,18.619,1000,
14:06:09,18.61,400,
14:06:10,18.61,900,
14:06:10,18.62,1800,
14:06:10,18.61,1500,
14:06:12,18.606,500,
14:06:13,18.6095,500,
14:06:18,18.58,300,
14:06:19,18.589,300,
14:06:21,18.59,200,
14:06:21,18.59,200,
14:06:25,18.58,39200,
14:06:28,18.59,200,
14:06:28,18.59,300,
14:06:28,18.609,100,
14:06:31,18.599,200,
14:06:33,18.59,100,
14:06:36,18.58,200,
14:06:38,18.58,200,
14:06:38,18.58,300,
14:06:40,18.57,1200,
14:06:41,18.57,100,
14:06:41,18.58,300,
14:06:43,18.5931,492,
14:06:44,18.59,100,
14:06:44,18.60,100,
14:06:44,18.60,300,
14:06:44,18.60,1300,
14:06:45,18.61,100,
14:06:46,18.61,200,
14:06:46,18.61,300,
14:06:46,18.60,300,
14:06:48,18.62,1000,
14:06:48,18.62,1200,
14:06:48,18.63,200,
14:06:48,18.65,200,
14:06:48,18.65,300,
14:06:48,18.65,300,
14:06:49,18.65,200,
14:06:49,18.6115,1000,
14:06:49,18.649,100,
14:06:49,18.64,100,
14:06:51,18.649,300,
14:06:51,18.65,300,
14:06:52,18.65,300,
14:06:52,18.64,100,
14:06:53,18.65,200,
14:06:53,18.65,100,
14:06:53,18.66,100,
14:06:56,18.6601,100,
14:06:57,18.66,2800,
14:06:58,18.669,2500,
14:06:58,18.669,1000,
14:06:58,18.6674,500,
14:06:59,18.66,200,
14:07:01,18.67,200,
14:07:03,18.67,200,
14:07:03,18.67,300,
14:07:04,18.67,300,
14:07:04,18.66,100,
14:07:06,18.6701,100,
14:07:07,18.671,5600,
14:07:07,18.68,100,
14:07:09,18.68,300,
