09:30:00,14.78,599,
09:30:00,14.78,100,
09:30:00,14.78,100,
09:30:00,14.78,400,
09:30:03,14.76,387,
09:30:04,14.76,600,
09:30:06,14.76,600,
09:30:10,14.77,400,
09:30:10,14.77,400,
09:30:18,14.77,500,
09:30:27,14.75,102,
09:30:34,14.75,400,
09:30:35,14.779,1700,
09:30:37,14.751,815,
09:30:37,14.7685,5000,
09:30:38,14.779,1700,
09:30:39,14.78,15500,
09:30:43,14.76,100,
09:30:43,14.76,100,
09:30:43,14.76,400,
09:30:43,14.76,600,
09:30:44,14.7742,700,
09:30:44,14.76,200,
09:30:45,14.7501,937,
09:30:46,14.7513,1500,
09:30:47,14.78,600,
09:30:47,14.78,300,
09:30:47,14.78,100,
09:30:47,14.78,300,
09:30:47,14.78,200,
09:30:47,14.78,600,
09:30:47,14.78,1200,
09:30:47,14.78,300,
09:30:55,14.78,300,
09:30:55,14.78,200,
09:30:55,14.78,100,
09:30:55,14.78,200,
09:30:59,14.778,1000,
09:31:02,14.78,600,
09:31:02,14.78,600,
09:31:04,14.7883,1500,
09:31:08,14.7823,200,
09:31:08,14.78,100,
09:31:10,14.79,100,
09:31:10,14.79,200,
09:31:10,14.7901,400,
09:31:11,14.80,4000,
09:31:15,14.80,400,
09:31:18,14.7913,1000,
09:31:23,14.799,300,
09:31:26,14.81,400,
09:31:26,14.81,2300,
09:31:28,14.808,400,
09:31:33,14.8186,600,
09:31:35,14.81,800,
09:31:35,14.81,300,
09:31:37,14.82,1000,
09:31:38,14.82,300,
09:31:39,14.8113,1500,
09:31:45,14.809,100,
09:31:48,14.8087,1000,
09:31:53,14.81,100,
09:31:58,14.80,400,
09:31:58,14.80,100,
09:31:58,14.80,100,
09:31:58,14.7994,700,
09:32:01,14.80,600,
09:32:01,14.80,100,
09:32:01,14.7972,600,
09:32:02,14.807,300,
09:32:03,14.799,100,
09:32:03,14.80,100,
09:32:03,14.80,100,
09:32:04,14.799,800,
09:32:04,14.798,800,
09:32:09,14.7999,3000,
09:32:19,14.80,100,
09:32:19,14.80,167,
09:32:19,14.80,167,
09:32:25,14.79,100,
09:32:25,14.78,100,
09:32:25,14.78,100,
09:32:38,14.79,300,
09:32:38,14.7882,100,
09:32:41,14.79,100,
09:32:41,14.79,100,
09:32:41,14.80,800,
09:32:41,14.7901,1500,
09:33:00,14.795,100,
09:33:00,14.78,400,
09:33:00,14.79,100,
09:33:08,14.7701,474,
09:33:12,14.78,100,
09:33:20,14.77,100,
09:33:21,14.7799,5000,
09:33:26,14.76,1000,
09:33:32,14.75,100,
09:33:33,14.76,400,
09:33:36,14.76,100,
09:33:36,14.76,400,
09:33:36,14.76,100,
09:33:36,14.76,400,
09:33:36,14.76,200,
09:33:39,14.77,200,
09:33:40,14.78,400,
09:33:40,14.78,500,
09:33:41,14.77,100,
09:33:42,14.77,200,
09:33:44,14.77,600,
09:33:44,14.77,200,
09:33:44,14.77,300,
09:33:50,14.768,745,
09:33:53,14.76,500,
09:33:57,14.7608,2000,
09:33:58,14.76,1000,
09:34:03,14.77,400,
09:34:03,14.77,667,
09:34:10,14.78,1500,
09:34:16,14.78,200,
09:34:18,14.78,200,
09:34:18,14.78,200,
09:34:18,14.78,200,
09:34:18,14.79,400,
09:34:20,14.772,300,
09:34:20,14.77,300,
09:34:21,14.79,100,
09:34:24,14.79,1500,
09:34:26,14.79,400,
09:34:26,14.79,400,
09:34:26,14.79,200,
09:34:29,14.798,1000,
09:34:39,14.80,2000,
09:34:39,14.80,300,
09:34:39,14.80,100,
09:34:43,14.80,1000,
09:34:46,14.8001,200,
09:34:48,14.80,900,
09:34:49,14.80,500,
09:34:49,14.79,200,
09:34:56,14.81,500,
09:34:56,14.81,300,
09:34:56,14.81,200,
09:34:57,14.8001,900,
09:34:59,14.80,100,
09:34:59,14.80,500,
09:35:00,14.81,500,
09:35:04,14.8092,208,
09:35:13,14.8017,1000,
09:35:17,14.81,300,
09:35:18,14.81,300,
09:35:18,14.81,200,
09:35:18,14.81,114,
09:35:18,14.81,100,
09:35:18,14.81,400,
09:35:18,14.82,400,
09:35:19,14.82,100,
09:35:24,14.81,100,
09:35:26,14.8092,500,
09:35:28,14.81,100,
09:35:30,14.8099,500,
09:35:30,14.8083,300,
09:35:35,14.81,100,
09:35:41,14.82,300,
09:35:42,14.82,1500,
09:35:42,14.82,2200,
09:35:42,14.82,100,
09:35:42,14.82,200,
09:35:42,14.82,1100,
09:35:42,14.82,200,
09:35:44,14.82,400,
09:35:45,14.81,171,
09:35:45,14.81,200,
09:35:45,14.81,1100,
09:35:45,14.81,100,
09:35:45,14.81,200,
09:35:45,14.82,100,
09:35:45,14.81,200,
09:35:47,14.8099,100,
09:35:51,14.80,800,
09:35:54,14.80,100,
09:35:54,14.80,500,
09:35:54,14.80,600,
09:35:54,14.80,100,
09:35:54,14.80,100,
09:35:54,14.80,200,
09:35:54,14.80,100,
09:35:54,14.80,700,
09:35:55,14.80,500,
09:35:55,14.80,600,
09:35:56,14.80,100,
09:35:56,14.80,600,
09:35:56,14.791,2000,
09:36:02,14.80,1000,
09:36:02,14.792,1000,
09:36:04,14.80,100,
09:36:06,14.80,800,
09:36:09,14.80,500,
09:36:09,14.80,100,
09:36:10,14.79,100,
09:36:10,14.79,600,
09:36:16,14.79,100,
09:36:17,14.789,950,
09:36:20,14.78,11870,
09:36:23,14.77,100,
09:36:23,14.76,200,
09:36:24,14.76,102,
09:36:24,14.76,1000,
09:36:24,14.76,300,
09:36:26,14.752,400,
09:36:28,14.77,100,
09:36:28,14.77,2200,
09:36:28,14.77,200,
09:36:28,14.77,200,
09:36:28,14.77,300,
09:36:28,14.77,100,
09:36:28,14.77,200,
09:36:28,14.77,1900,
09:36:28,14.77,1300,
09:36:29,14.77,100,
09:36:30,14.77,400,
09:36:30,14.77,114,
09:36:30,14.77,200,
09:36:30,14.77,200,
09:36:31,14.77,200,
09:36:36,14.78,500,
09:36:36,14.78,200,
09:36:36,14.78,400,
09:36:36,14.78,600,
09:36:39,14.78,200,
09:36:39,14.78,200,
09:36:39,14.78,200,
09:36:39,14.78,200,
09:36:39,14.78,100,
09:36:40,14.7899,200,
09:36:43,14.7899,100,
09:36:52,14.79,100,
09:36:52,14.79,200,
09:36:52,14.79,1400,
09:36:52,14.79,100,
09:36:52,14.79,2320,
09:36:52,14.79,2400,
09:36:52,14.79,100,
09:36:52,14.79,400,
09:36:52,14.79,100,
09:36:52,14.79,500,
09:36:52,14.79,100,
09:36:52,14.79,100,
09:36:52,14.79,400,
09:36:52,14.79,100,
09:36:56,14.79,2300,
09:36:56,14.79,1000,
09:36:56,14.79,1500,
09:36:56,14.80,700,
09:36:57,14.80,100,
09:37:00,14.7999,2000,
09:37:03,14.80,200,
09:37:04,14.80,100,
09:37:08,14.80,800,
09:37:12,14.7917,1000,
09:37:18,14.8099,1400,
09:37:26,14.803,400,
09:37:30,14.80,200,
09:37:30,14.80,400,
09:37:30,14.80,100,
09:37:35,14.80,100,
09:37:35,14.80,500,
09:37:39,14.80,400,
09:37:39,14.80,100,
09:37:39,14.80,600,
09:37:40,14.80,100,
09:37:40,14.80,400,
09:37:50,14.79,2200,
09:37:50,14.79,100,
09:37:50,14.7999,1000,
09:37:55,14.79,200,
09:38:10,14.7999,100,
09:38:12,14.80,100,
09:38:12,14.80,400,
09:38:12,14.80,100,
09:38:14,14.801,600,
09:38:14,14.793,400,
09:38:18,14.808,300,
09:38:27,14.804,200,
09:38:30,14.81,300,
09:38:35,14.81,100,
09:38:40,14.8299,1000,
09:38:40,14.83,1000,
09:38:45,14.8182,1000,
09:38:49,14.8183,400,
09:38:51,14.81,100,
09:38:53,14.81,200,
09:38:53,14.82,300,
09:38:57,14.8075,2500,
09:38:57,14.809,110,
09:38:59,14.8099,100,
09:39:02,14.8099,170,
09:39:02,14.803,400,
09:39:04,14.81,900,
09:39:04,14.81,100,
09:39:05,14.8184,1950,
09:39:06,14.818,400,
09:39:12,14.812,300,
09:39:21,14.82,200,
09:39:22,14.83,100,
09:39:25,14.82,100,
09:39:30,14.82,388,
09:39:30,14.82,200,
09:39:32,14.819,2000,
09:39:39,14.819,1000,
09:39:50,14.81,300,
09:39:54,14.809,3500,
09:39:57,14.8042,200,
09:39:57,14.81,100,
09:39:57,14.81,200,
09:39:58,14.811,100,
09:39:59,14.81,9500,
09:40:00,14.82,500,
09:40:00,14.82,1600,
09:40:00,14.82,400,
09:40:00,14.82,200,
09:40:00,14.82,100,
09:40:00,14.82,200,
09:40:01,14.82,100,
09:40:02,14.8208,300,
09:40:02,14.821,300,
09:40:02,14.821,300,
09:40:15,14.83,600,
09:40:15,14.83,600,
09:40:15,14.84,1800,
09:40:17,14.83,300,
09:40:17,14.8301,700,
09:40:17,14.83,600,
09:40:18,14.83,500,
09:40:18,14.83,400,
09:40:18,14.83,2300,
09:40:23,14.82,2300,
09:40:23,14.82,600,
09:40:23,14.82,531,
09:40:23,14.82,100,
09:40:23,14.82,100,
09:40:23,14.82,100,
09:40:23,14.82,100,
09:40:23,14.82,200,
09:40:23,14.82,100,
09:40:23,14.82,133,
09:40:23,14.82,100,
09:40:29,14.83,100,
09:40:29,14.83,400,
09:40:34,14.83,130,
09:40:45,14.828,100,
09:40:54,14.828,500,
09:40:58,14.83,200,
09:41:03,14.8205,200,
09:41:13,14.8266,200,
09:41:24,14.812,1800,
09:41:25,14.81,10000,
09:41:40,14.81,100,
09:41:40,14.801,700,
09:41:40,14.81,500,
09:41:40,14.81,600,
09:41:40,14.8099,100,
09:41:40,14.8099,100,
09:41:40,14.8099,2300,
09:41:41,14.81,6800,
09:41:41,14.81,500,
09:41:42,14.80,9900,
09:41:42,14.8101,6000,
09:41:43,14.8183,1000,
09:41:44,14.82,300,
09:41:44,14.82,100,
09:41:44,14.82,200,
09:41:44,14.82,2300,
09:41:44,14.82,100,
09:41:46,14.82,100,
09:41:47,14.83,300,
09:41:50,14.84,200,
09:41:50,14.84,600,
09:41:51,14.85,3000,
09:41:52,14.85,200,
09:41:53,14.85,300,
09:41:54,14.8401,1100,
09:41:55,14.85,100,
09:41:56,14.84,102,
09:41:56,14.84,600,
09:41:56,14.85,498,
09:41:56,14.84,1198,
09:41:56,14.84,500,
09:41:57,14.8499,200,
09:42:01,14.8483,1000,
09:42:02,14.85,100,
09:42:02,14.85,200,
09:42:04,14.85,200,
09:42:04,14.85,400,
09:42:04,14.86,600,
09:42:10,14.86,200,
09:42:10,14.86,286,
09:42:10,14.86,100,
09:42:10,14.86,200,
09:42:11,14.8682,1500,
09:42:11,14.86,2100,
09:42:12,14.858,1300,
09:42:14,14.87,300,
09:42:14,14.87,500,
09:42:16,14.87,100,
09:42:16,14.87,700,
09:42:16,14.87,200,
09:42:16,14.87,200,
09:42:16,14.87,400,
09:42:16,14.87,100,
09:42:16,14.87,400,
09:42:18,14.869,300,
09:42:18,14.87,300,
09:42:22,14.8782,300,
09:42:24,14.88,500,
09:42:25,14.8716,4000,
09:42:29,14.88,100,
09:42:29,14.88,100,
09:42:29,14.88,1900,
09:42:29,14.88,100,
09:42:29,14.88,900,
09:42:29,14.88,100,
09:42:30,14.89,1000,
09:42:30,14.88,2000,
09:42:31,14.88,200,
09:42:31,14.87,500,
09:42:31,14.87,600,
09:42:31,14.87,500,
09:42:31,14.87,500,
09:42:31,14.87,100,
09:42:31,14.87,500,
09:42:33,14.89,300,
09:42:35,14.88,500,
09:42:35,14.88,400,
09:42:35,14.88,100,
09:42:37,14.89,1700,
09:42:41,14.88,100,
09:42:41,14.88,1300,
09:42:41,14.88,100,
09:42:41,14.88,1000,
09:42:41,14.88,1000,
09:42:41,14.88,1000,
09:42:41,14.88,100,
09:42:41,14.88,200,
09:42:41,14.88,800,
09:42:41,14.88,100,
09:42:41,14.88,900,
09:42:41,14.88,200,
09:42:45,14.88,200,
09:42:45,14.8799,3000,
09:42:46,14.88,200,
09:42:47,14.88,200,
09:42:48,14.89,100,
09:42:49,14.8713,1100,
09:42:51,14.872,200,
09:42:51,14.872,400,
09:42:52,14.88,100,
09:42:52,14.88,200,
09:42:52,14.88,600,
09:42:52,14.88,1100,
09:42:52,14.89,1400,
09:42:52,14.89,200,
09:42:57,14.88,400,
09:42:57,14.88,230,
09:42:58,14.89,150,
09:43:00,14.88,200,
09:43:03,14.8717,1347,
09:43:06,14.8799,1000,
09:43:15,14.8775,2500,
09:43:18,14.88,11100,
09:43:19,14.8713,1000,
09:43:20,14.87,1900,
09:43:20,14.86,300,
09:43:21,14.87,350,
09:43:21,14.87,100,
09:43:21,14.87,200,
09:43:21,14.87,200,
09:43:21,14.88,600,
09:43:23,14.879,200,
09:43:25,14.87,100,
09:43:25,14.87,600,
09:43:25,14.87,600,
09:43:25,14.87,200,
09:43:27,14.88,1000,
09:43:27,14.869,100,
09:43:32,14.879,500,
09:43:33,14.88,400,
09:43:33,14.88,400,
09:43:33,14.88,2899,
09:43:33,14.88,2300,
09:43:33,14.88,400,
09:43:33,14.88,1400,
09:43:33,14.88,200,
09:43:33,14.88,100,
09:43:33,14.89,100,
09:43:33,14.878,750,
09:43:34,14.89,600,
09:43:37,14.88,2100,
09:43:37,14.88,100,
09:43:37,14.88,1000,
09:43:37,14.88,1600,
09:43:37,14.88,200,
09:43:38,14.88,150,
09:43:39,14.873,100,
09:43:42,14.868,1500,
09:43:45,14.87,301,
09:43:45,14.87,499,
09:43:45,14.87,100,
09:43:45,14.87,200,
09:43:45,14.87,100,
09:43:45,14.869,100,
09:43:51,14.87,600,
09:43:57,14.87,500,
09:44:00,14.87,200,
09:44:00,14.87,500,
09:44:09,14.87,1499,
09:44:09,14.87,200,
09:44:11,14.879,200,
09:44:12,14.878,323,
09:44:15,14.87,10000,
09:44:24,14.8715,5000,
09:44:26,14.87,500,
09:44:26,14.87,200,
09:44:27,14.878,600,
09:44:27,14.88,400,
09:44:30,14.86,13200,
09:44:31,14.869,300,
09:44:33,14.8683,500,
09:44:34,14.861,900,
09:44:38,14.87,223,
09:44:38,14.87,100,
09:44:38,14.88,126,
09:44:38,14.88,800,
09:44:43,14.8601,1775,
09:44:45,14.87,100,
09:44:45,14.87,100,
09:44:45,14.868,700,
09:44:47,14.87,200,
09:44:47,14.87,200,
09:44:48,14.877,200,
09:44:51,14.88,300,
09:44:51,14.8882,100,
09:44:52,14.88,200,
09:45:02,14.88,100,
09:45:02,14.8792,1150,
09:45:02,14.88,1150,
09:45:03,14.87,100,
09:45:09,14.8701,5000,
09:45:14,14.87,1700,
09:45:14,14.8701,1600,
09:45:14,14.87,1600,
09:45:16,14.8701,100,
09:45:18,14.87,200,
09:45:21,14.8601,500,
09:45:21,14.8601,4500,
09:45:28,14.86,100,
09:45:34,14.85,1000,
09:45:36,14.851,1000,
09:45:37,14.86,500,
09:45:51,14.86,200,
09:45:51,14.87,200,
09:45:51,14.87,874,
09:45:51,14.87,100,
09:45:51,14.87,250,
09:45:51,14.87,200,
09:45:51,14.87,100,
09:45:54,14.86,300,
09:45:59,14.86,402,
09:45:59,14.86,2000,
09:46:10,14.8592,1000,
09:46:15,14.85,400,
09:46:17,14.8587,1000,
09:46:22,14.8584,400,
09:46:23,14.85,100,
09:46:23,14.85,1000,
09:46:24,14.85,200,
09:46:30,14.859,100,
09:46:32,14.85,300,
09:46:32,14.85,700,
09:46:42,14.8501,1000,
09:46:47,14.86,400,
09:46:47,14.86,200,
09:46:47,14.86,200,
09:46:53,14.86,200,
09:46:53,14.86,200,
09:46:54,14.85,100,
09:46:54,14.85,100,
09:46:55,14.85,100,
09:46:55,14.85,1672,
09:46:57,14.854,1000,
09:47:02,14.85,100,
09:47:10,14.8492,1800,
09:47:18,14.8408,500,
09:47:22,14.85,500,
09:47:24,14.84,100,
09:47:24,14.8301,400,
09:47:27,14.83,100,
09:47:30,14.83,100,
09:47:30,14.83,500,
09:47:31,14.839,500,
09:47:31,14.83,500,
09:47:32,14.831,977,
09:47:39,14.832,200,
09:47:43,14.838,1000,
09:47:47,14.83,200,
09:47:49,14.83,200,
09:47:49,14.83,200,
09:47:49,14.83,900,
09:47:49,14.83,200,
09:47:49,14.81,2200,
09:47:49,14.82,500,
09:47:49,14.82,400,
09:47:49,14.82,800,
09:47:49,14.82,900,
09:47:49,14.82,100,
09:47:49,14.81,200,
09:47:49,14.81,300,
09:47:49,14.81,600,
09:47:49,14.83,100,
09:47:49,14.81,200,
09:47:49,14.81,500,
09:47:49,14.83,100,
09:47:49,14.83,100,
09:47:49,14.83,2000,
09:47:49,14.82,100,
09:47:49,14.82,100,
09:47:49,14.83,100,
09:47:49,14.83,200,
09:47:49,14.82,100,
09:47:49,14.82,100,
09:47:49,14.82,200,
09:47:49,14.81,100,
09:47:49,14.81,386,
09:47:50,14.82,100,
09:47:50,14.82,800,
09:47:50,14.82,214,
09:47:52,14.821,2500,
09:47:52,14.82,1000,
09:47:52,14.821,100,
09:47:56,14.8201,1300,
09:48:01,14.823,300,
09:48:07,14.83,100,
09:48:07,14.822,400,
09:48:20,14.8201,300,
09:48:24,14.83,500,
09:48:24,14.83,200,
09:48:25,14.83,1200,
09:48:31,14.8299,1000,
09:48:34,14.83,500,
09:48:35,14.83,100,
09:48:40,14.821,300,
09:48:42,14.82,200,
09:48:47,14.82,40000,
09:48:51,14.8025,500,
09:48:52,14.80,3900,
09:48:53,14.81,100,
09:48:53,14.81,100,
09:48:54,14.80,400,
09:49:01,14.81,1300,
09:49:01,14.81,300,
09:49:03,14.811,800,
09:49:04,14.811,700,
09:49:12,14.8101,500,
09:49:19,14.8113,6700,
09:49:20,14.812,100,
09:49:20,14.8115,5000,
09:49:22,14.82,400,
09:49:22,14.83,300,
09:49:25,14.821,1000,
09:49:27,14.82,100,
09:49:34,14.82,200,
09:49:34,14.82,400,
09:49:38,14.82,100,
09:49:38,14.82,600,
09:49:43,14.83,100,
09:49:49,14.8385,5000,
09:49:49,14.84,1000,
09:49:49,14.84,800,
09:49:52,14.8399,1100,
09:49:52,14.84,600,
09:49:53,14.83,100,
09:49:53,14.8334,200,
09:49:53,14.8399,400,
09:50:07,14.831,1000,
09:50:10,14.8303,400,
09:50:11,14.82,600,
09:50:11,14.82,900,
09:50:12,14.8299,2200,
09:50:18,14.8183,100,
09:50:19,14.81,100,
09:50:21,14.81,100,
09:50:21,14.80,900,
09:50:21,14.80,150,
09:50:21,14.80,500,
09:50:22,14.81,500,
09:50:22,14.81,447,
09:50:25,14.81,100,
09:50:31,14.81,100,
09:50:38,14.8118,1500,
09:50:42,14.811,1100,
09:50:47,14.80,100,
09:50:47,14.79,100,
09:50:49,14.7915,5000,
09:50:52,14.7901,2000,
09:51:00,14.7901,3358,
09:51:01,14.80,3000,
09:51:04,14.80,177,
09:51:04,14.7999,500,
09:51:05,14.80,100,
09:51:07,14.80,100,
09:51:16,14.7983,1000,
09:51:17,14.80,600,
09:51:19,14.80,500,
09:51:21,14.81,500,
09:51:21,14.81,100,
09:51:21,14.81,1300,
09:51:22,14.811,400,
09:51:22,14.811,100,
09:51:22,14.81,100,
09:51:22,14.811,100,
09:51:22,14.811,400,
09:51:26,14.8199,2000,
09:51:31,14.82,100,
09:51:42,14.82,100,
09:52:16,14.8299,300,
09:52:28,14.83,135,
09:52:39,14.83,1200,
09:52:39,14.83,100,
09:52:40,14.84,200,
09:52:42,14.84,500,
09:52:42,14.83,2400,
09:52:47,14.84,300,
09:52:52,14.84,100,
09:52:56,14.8413,920,
09:52:58,14.84,500,
09:53:11,14.847,300,
09:53:23,14.85,550,
09:53:23,14.85,1514,
09:53:23,14.85,200,
09:53:36,14.85,100,
09:53:37,14.8599,600,
09:53:37,14.8599,100,
09:53:37,14.86,100,
09:53:40,14.8601,2000,
09:53:43,14.86,100,
09:53:44,14.85,300,
09:53:44,14.85,500,
09:53:56,14.84,1385,
09:53:59,14.84,14800,
09:54:00,14.8499,800,
09:54:00,14.85,300,
09:54:00,14.85,600,
09:54:01,14.84,3200,
09:54:21,14.85,100,
09:54:21,14.86,200,
09:54:21,14.86,100,
09:54:21,14.86,200,
09:54:26,14.85,100,
09:54:31,14.8455,500,
09:54:31,14.8483,1500,
09:54:34,14.86,400,
09:54:44,14.8487,1500,
09:55:00,14.8417,444,
09:55:06,14.83,100,
09:55:06,14.82,400,
09:55:06,14.82,200,
09:55:09,14.82,200,
09:55:13,14.8275,100,
09:55:23,14.82,200,
09:55:23,14.81,200,
09:55:24,14.8195,130,
09:55:27,14.82,200,
09:55:28,14.83,200,
09:55:32,14.83,200,
09:55:33,14.82,200,
09:55:38,14.83,200,
09:55:42,14.8301,2246,
09:55:57,14.84,100,
09:55:57,14.84,300,
09:55:57,14.84,115,
09:55:57,14.84,200,
09:55:57,14.84,400,
09:55:59,14.838,500,
09:56:03,14.841,300,
09:56:14,14.84,1320,
09:56:26,14.84,20000,
09:56:28,14.83,200,
09:56:32,14.82,200,
09:56:34,14.83,400,
09:56:37,14.83,200,
09:56:42,14.82,200,
09:56:49,14.82,200,
09:56:59,14.82,2000,
09:57:02,14.8108,5000,
09:57:09,14.82,200,
09:57:10,14.81,100,
09:57:11,14.82,200,
09:57:23,14.818,1000,
09:57:36,14.81,500,
09:57:37,14.80,100,
09:57:37,14.80,600,
09:57:37,14.808,1600,
09:57:38,14.80,301,
09:57:43,14.7983,500,
09:57:49,14.79,100,
09:57:50,14.78,1400,
09:57:50,14.78,1300,
09:57:50,14.781,1400,
09:57:50,14.77,300,
09:57:50,14.77,135,
09:57:50,14.78,500,
09:57:50,14.78,100,
09:57:50,14.78,200,
09:57:50,14.78,100,
09:57:50,14.78,100,
09:57:50,14.78,1100,
09:57:50,14.78,1000,
09:57:52,14.77,800,
09:57:52,14.78,300,
09:57:52,14.78,1200,
09:57:52,14.78,200,
09:57:55,14.7818,1000,
09:57:56,14.78,100,
09:57:56,14.78,100,
09:57:56,14.78,1400,
09:57:57,14.78,400,
09:57:57,14.78,8000,
09:57:58,14.781,800,
09:58:00,14.78,900,
09:58:04,14.7801,2000,
09:58:14,14.78,100,
09:58:21,14.7899,900,
09:58:26,14.7917,500,
09:58:27,14.791,700,
09:58:29,14.79,100,
09:58:33,14.7885,5000,
09:58:36,14.7801,3000,
09:58:45,14.79,100,
09:58:45,14.79,100,
09:58:45,14.791,700,
09:58:48,14.79,100,
09:58:48,14.79,100,
09:58:58,14.77,100,
09:59:10,14.772,800,
09:59:10,14.7715,5000,
09:59:10,14.772,1100,
09:59:11,14.775,1000,
09:59:15,14.78,1600,
09:59:16,14.79,200,
09:59:20,14.799,500,
09:59:23,14.791,300,
09:59:26,14.79,100,
09:59:32,14.79,1160,
09:59:34,14.79,500,
09:59:34,14.79,600,
09:59:35,14.79,100,
09:59:40,14.80,3000,
09:59:42,14.7992,340,
09:59:43,14.79,500,
09:59:47,14.795,200,
09:59:58,14.80,400,
10:00:03,14.80,100,
10:00:11,14.79,500,
10:00:11,14.79,100,
10:00:13,14.79,400,
10:00:13,14.79,1100,
10:00:16,14.80,600,
10:00:16,14.80,300,
10:00:16,14.80,800,
10:00:16,14.7917,1000,
10:00:16,14.79,500,
10:00:16,14.79,900,
10:00:17,14.791,400,
10:00:17,14.791,100,
10:00:17,14.791,100,
10:00:17,14.791,100,
10:00:17,14.791,200,
10:00:17,14.791,100,
10:00:20,14.7813,500,
10:00:32,14.798,1500,
10:00:35,14.782,1000,
10:00:46,14.78,100,
10:00:48,14.78,200,
10:00:49,14.78,600,
10:00:50,14.772,500,
10:00:52,14.78,100,
10:00:54,14.7801,200,
10:01:00,14.79,500,
10:01:00,14.7901,1000,
10:01:11,14.79,100,
10:01:15,14.80,700,
10:01:15,14.80,400,
10:01:15,14.80,100,
10:01:16,14.80,200,
10:01:24,14.80,300,
10:01:26,14.80,4000,
10:01:28,14.82,200,
10:01:32,14.81,200,
10:01:36,14.80,100,
10:01:38,14.81,7600,
10:01:41,14.8075,2000,
10:01:51,14.80,200,
10:02:01,14.79,700,
10:02:01,14.79,200,
10:02:01,14.79,300,
10:02:05,14.79,200,
10:02:05,14.78,200,
10:02:09,14.7899,100,
10:02:12,14.78,200,
10:02:14,14.771,2000,
10:02:20,14.77,200,
10:02:20,14.77,291,
10:02:20,14.77,200,
10:02:20,14.77,200,
10:02:20,14.77,100,
10:02:29,14.7702,130,
10:02:32,14.78,100,
10:02:32,14.78,300,
10:02:32,14.7759,300,
10:02:33,14.7701,1000,
10:02:33,14.7701,900,
10:02:33,14.7701,1000,
10:02:45,14.7783,100,
10:02:49,14.77,200,
10:02:49,14.76,320,
10:02:49,14.76,320,
10:02:49,14.76,320,
10:02:49,14.77,600,
10:02:50,14.7705,500,
10:02:56,14.76,600,
10:02:56,14.77,100,
10:02:59,14.769,9300,
10:03:05,14.7525,2000,
10:03:10,14.7501,300,
10:03:14,14.76,800,
10:03:14,14.76,320,
10:03:14,14.76,100,
10:03:14,14.76,100,
10:03:14,14.76,400,
10:03:14,14.76,400,
10:03:16,14.77,338,
10:03:17,14.762,500,
10:03:19,14.76,200,
10:03:19,14.76,200,
10:03:23,14.77,200,
10:03:27,14.78,200,
10:03:29,14.798,400,
10:03:35,14.79,100,
10:03:39,14.7899,600,
10:03:39,14.7821,200,
10:03:39,14.7899,800,
10:03:41,14.78,200,
10:03:45,14.7799,200,
10:03:45,14.78,100,
10:03:45,14.778,400,
10:04:05,14.78,400,
10:04:08,14.78,200,
10:04:09,14.79,1000,
10:04:09,14.79,100,
10:04:09,14.78,2300,
10:04:09,14.78,600,
10:04:09,14.78,200,
10:04:12,14.79,400,
10:04:15,14.79,100,
10:04:17,14.7985,500,
10:04:25,14.80,200,
10:04:25,14.80,400,
10:04:33,14.80,100,
10:04:41,14.79,100,
10:04:41,14.80,500,
10:04:48,14.7801,1000,
10:04:50,14.79,600,
10:04:53,14.799,5000,
10:05:06,14.785,225,
10:05:10,14.80,900,
10:05:10,14.80,2500,
10:05:10,14.80,600,
10:05:10,14.79,100,
10:05:10,14.79,200,
10:05:18,14.80,100,
10:05:27,14.80,100,
10:05:31,14.79,500,
10:05:32,14.791,3000,
10:05:50,14.79,700,
10:05:50,14.79,148,
10:06:04,14.79,200,
10:06:16,14.80,4000,
10:06:23,14.80,100,
10:06:27,14.8198,855,
10:06:30,14.82,100,
10:06:31,14.83,300,
10:06:32,14.83,1500,
10:06:32,14.82,1700,
10:06:32,14.82,400,
10:06:32,14.82,1300,
10:06:32,14.82,2751,
10:06:33,14.82,500,
10:06:33,14.82,500,
10:06:33,14.82,200,
10:06:38,14.84,114,
10:06:47,14.8313,200,
10:06:49,14.84,200,
10:06:49,14.84,400,
10:06:54,14.83,400,
10:06:54,14.83,1500,
10:06:54,14.83,600,
10:06:55,14.84,200,
10:07:03,14.83,200,
10:07:07,14.8213,500,
10:07:11,14.82,1300,
10:07:28,14.80,30000,
10:07:35,14.80,200,
10:07:37,14.81,500,
10:07:42,14.809,909,
10:07:50,14.7992,500,
10:07:58,14.79,100,
10:08:23,14.80,100,
10:08:27,14.799,300,
10:08:46,14.799,1500,
10:08:48,14.799,1800,
10:08:50,14.79,200,
10:08:52,14.79,2300,
10:08:52,14.79,9004,
10:08:53,14.78,200,
10:08:55,14.78,600,
10:09:00,14.782,1200,
10:09:10,14.7801,400,
10:09:15,14.7701,1000,
10:09:19,14.78,200,
10:09:20,14.79,200,
10:09:20,14.80,100,
10:09:20,14.80,200,
10:09:22,14.80,500,
10:09:26,14.7913,100,
10:09:31,14.80,100,
10:09:39,14.808,1000,
10:09:44,14.80,200,
10:09:51,14.80,200,
10:10:09,14.80,200,
10:10:11,14.81,100,
10:10:12,14.82,200,
10:10:15,14.82,200,
10:10:21,14.82,100,
10:10:24,14.81,200,
10:10:27,14.808,500,
10:10:35,14.80,200,
10:10:37,14.795,2900,
10:10:46,14.79,200,
10:10:52,14.80,500,
10:11:08,14.80,200,
10:11:12,14.80,200,
10:11:12,14.80,200,
10:11:15,14.791,2400,
10:11:27,14.80,149,
10:11:31,14.79,200,
10:11:35,14.80,100,
10:11:36,14.8001,2900,
10:11:39,14.81,500,
10:11:42,14.80,200,
10:11:42,14.80,100,
10:11:42,14.80,100,
10:11:48,14.79,100,
10:11:48,14.79,200,
10:11:56,14.79,400,
10:12:09,14.79,200,
10:12:13,14.79,200,
10:12:16,14.79,200,
10:12:18,14.80,200,
10:12:21,14.81,200,
10:12:32,14.81,200,
10:12:39,14.828,1000,
10:12:42,14.83,3000,
10:12:43,14.829,1300,
10:12:45,14.829,3900,
10:12:53,14.8287,400,
10:13:04,14.83,200,
10:13:06,14.84,400,
10:13:06,14.84,114,
10:13:12,14.83,100,
10:13:12,14.83,200,
10:13:15,14.83,100,
10:13:24,14.82,16000,
10:13:39,14.83,100,
10:13:40,14.83,200,
10:13:40,14.83,200,
10:13:47,14.83,675,
10:13:47,14.84,600,
10:13:47,14.84,284,
10:13:48,14.84,100,
10:13:48,14.84,200,
10:13:48,14.84,200,
10:13:48,14.85,200,
10:13:49,14.85,200,
10:13:49,14.85,400,
10:13:49,14.85,400,
10:13:49,14.85,500,
10:13:49,14.85,100,
10:13:49,14.85,100,
10:13:49,14.85,100,
10:13:53,14.84,200,
10:13:57,14.84,400,
10:14:03,14.85,100,
10:14:09,14.848,1500,
10:14:13,14.8499,3000,
10:14:18,14.8482,1025,
10:14:26,14.85,1000,
10:14:29,14.83,400,
10:14:29,14.83,500,
10:14:45,14.83,200,
10:14:56,14.84,200,
10:14:56,14.84,100,
10:14:57,14.84,1000,
10:15:00,14.84,100,
10:15:14,14.8418,100,
10:15:18,14.8401,200,
10:15:24,14.8383,300,
10:15:28,14.837,100,
10:15:32,14.8301,2100,
10:15:33,14.831,300,
10:15:33,14.83,9900,
10:15:37,14.839,1500,
10:15:45,14.8301,5000,
10:15:51,14.832,100,
10:15:54,14.84,200,
10:15:55,14.84,100,
10:16:16,14.83,400,
10:16:18,14.82,900,
10:16:18,14.82,1800,
10:16:18,14.822,1380,
10:16:38,14.83,400,
10:16:39,14.83,100,
10:17:07,14.83,133,
10:17:08,14.82,1800,
10:17:20,14.8218,120,
10:18:13,14.82,200,
10:18:22,14.81,100,
10:18:27,14.81,100,
10:18:35,14.805,1000,
10:18:40,14.802,1000,
10:18:46,14.81,200,
10:18:46,14.81,100,
10:18:51,14.8187,950,
10:18:57,14.811,300,
10:18:57,14.811,300,
10:18:58,14.81,200,
10:18:58,14.81,500,
10:19:09,14.81,200,
10:19:09,14.82,119,
10:19:15,14.82,900,
10:19:35,14.83,200,
10:19:37,14.822,1000,
10:19:37,14.83,200,
10:19:47,14.83,500,
10:19:47,14.83,300,
10:20:02,14.83,200,
10:20:17,14.83,1000,
10:20:24,14.83,200,
10:20:25,14.83,200,
10:20:41,14.8198,300,
10:20:45,14.818,1800,
10:20:58,14.8175,2000,
10:21:08,14.82,200,
10:21:28,14.822,1000,
10:21:30,14.83,620,
10:21:34,14.8301,5000,
10:22:00,14.83,100,
10:22:03,14.83,200,
10:22:06,14.8399,5000,
10:22:10,14.831,1500,
10:22:10,14.838,120,
10:22:13,14.831,1500,
10:22:30,14.82,100,
10:22:31,14.82,800,
10:22:31,14.83,200,
10:22:33,14.8101,2100,
10:22:35,14.80,100,
10:22:39,14.81,500,
10:23:01,14.8125,2710,
10:23:31,14.81,100,
10:23:35,14.81,200,
10:23:43,14.79,100,
10:23:49,14.791,2500,
10:23:52,14.792,1600,
10:23:53,14.78,1000,
10:23:56,14.79,100,
10:23:56,14.79,175,
10:23:56,14.79,200,
10:24:04,14.7908,420,
10:24:04,14.7925,800,
10:24:04,14.798,500,
10:24:07,14.8001,2500,
10:24:08,14.80,100,
10:24:08,14.80,100,
10:24:10,14.797,300,
10:24:11,14.78,100,
10:24:12,14.7738,1500,
10:24:20,14.77,800,
10:24:24,14.771,300,
10:24:25,14.77,500,
10:24:25,14.772,200,
10:24:29,14.77,400,
10:24:29,14.76,675,
10:24:33,14.762,1400,
10:24:34,14.78,500,
10:24:34,14.78,200,
10:24:38,14.79,198,
10:24:43,14.79,800,
10:24:50,14.78,500,
10:24:50,14.78,200,
10:24:53,14.777,300,
10:25:00,14.7815,3000,
10:25:13,14.78,200,
10:25:13,14.77,1200,
10:25:13,14.77,500,
10:25:22,14.78,200,
10:25:22,14.78,3000,
10:25:22,14.78,600,
10:25:22,14.79,200,
10:25:22,14.79,1900,
10:25:22,14.78,600,
10:25:22,14.79,700,
10:25:22,14.79,700,
10:25:22,14.79,15100,
10:25:22,14.79,3000,
10:25:22,14.78,600,
10:25:22,14.78,900,
10:25:22,14.78,100,
10:25:22,14.78,3000,
10:25:22,14.78,600,
10:25:22,14.78,700,
10:25:22,14.78,100,
10:25:22,14.78,100,
10:25:22,14.78,600,
10:25:22,14.78,400,
10:25:22,14.78,2300,
10:25:22,14.78,1400,
10:25:22,14.78,1400,
10:25:22,14.78,500,
10:25:22,14.78,2000,
10:25:22,14.78,3100,
10:25:22,14.78,1400,
10:25:22,14.78,600,
10:25:22,14.78,100,
10:25:22,14.78,100,
10:25:22,14.78,100,
10:25:22,14.78,100,
10:25:22,14.78,100,
10:25:22,14.78,100,
10:25:22,14.78,100,
10:25:22,14.78,100,
10:25:22,14.79,600,
10:25:22,14.79,200,
10:25:22,14.79,2300,
10:25:22,14.79,400,
10:25:22,14.79,200,
10:25:22,14.79,1400,
10:25:22,14.79,100,
10:25:23,14.78,100,
10:25:24,14.778,600,
10:25:24,14.7785,2000,
10:25:24,14.779,1500,
10:25:24,14.79,200,
10:25:24,14.79,100,
10:25:24,14.79,400,
10:25:24,14.79,400,
10:25:24,14.79,700,
10:25:24,14.79,500,
10:25:24,14.778,400,
10:25:25,14.79,100,
10:25:26,14.79,2500,
10:25:30,14.78,700,
10:25:34,14.79,200,
10:25:34,14.79,100,
10:25:35,14.79,100,
10:25:43,14.79,1600,
10:25:47,14.7918,300,
10:25:48,14.795,2700,
10:25:48,14.795,100,
10:25:48,14.795,100,
10:25:48,14.795,100,
10:25:48,14.795,100,
10:25:48,14.795,100,
10:25:49,14.795,100,
10:25:51,14.80,100,
10:25:52,14.795,1200,
10:25:53,14.79,200,
10:26:04,14.79,200,
10:26:07,14.7808,3985,
10:26:10,14.79,1900,
10:26:11,14.78,1600,
10:26:17,14.79,700,
10:26:18,14.79,700,
10:26:18,14.79,2300,
10:26:18,14.79,200,
10:26:18,14.80,200,
10:26:21,14.80,200,
10:26:21,14.81,600,
10:26:21,14.81,600,
10:26:21,14.81,200,
10:26:21,14.81,700,
10:26:25,14.81,15700,
10:26:27,14.808,400,
10:26:27,14.809,1500,
10:26:27,14.8085,5000,
10:26:30,14.80,900,
10:26:47,14.81,200,
10:26:51,14.8125,500,
10:26:54,14.81,500,
10:27:01,14.8113,2000,
10:27:05,14.811,245,
10:27:08,14.80,100,
10:27:08,14.81,100,
10:27:10,14.802,2100,
10:27:16,14.801,100,
10:27:23,14.801,5000,
10:27:29,14.80,200,
10:27:29,14.80,600,
10:27:29,14.80,500,
10:27:29,14.80,300,
10:27:29,14.80,100,
10:27:29,14.79,100,
10:27:29,14.79,1400,
10:27:29,14.79,200,
10:27:29,14.79,2000,
10:27:29,14.79,100,
10:27:29,14.79,200,
10:27:29,14.79,400,
10:27:29,14.79,100,
10:27:29,14.78,700,
10:27:29,14.78,700,
10:27:29,14.78,200,
10:27:29,14.78,500,
10:27:29,14.78,700,
10:27:29,14.78,100,
10:27:29,14.78,400,
10:27:29,14.78,100,
10:27:29,14.78,100,
10:27:29,14.78,100,
10:27:30,14.79,600,
10:27:30,14.79,100,
10:27:30,14.79,600,
10:27:30,14.79,600,
10:27:30,14.79,600,
10:27:30,14.79,600,
10:27:31,14.78,4300,
10:27:31,14.79,200,
10:27:31,14.79,100,
10:27:31,14.79,700,
10:27:31,14.79,200,
10:27:31,14.79,400,
10:27:31,14.79,200,
10:27:31,14.79,100,
10:27:31,14.79,300,
10:27:31,14.79,200,
10:27:31,14.79,200,
10:27:31,14.79,200,
10:27:31,14.79,400,
10:27:31,14.79,400,
10:27:31,14.79,200,
10:27:31,14.79,700,
10:27:31,14.79,100,
10:27:31,14.78,5000,
10:27:35,14.79,200,
10:27:35,14.78,200,
10:27:35,14.78,600,
10:27:35,14.78,1600,
10:27:35,14.78,600,
10:27:35,14.78,300,
10:27:40,14.781,1300,
10:27:49,14.781,5000,
10:27:57,14.78,100,
10:27:57,14.78,100,
10:27:57,14.78,200,
10:28:07,14.79,700,
10:28:14,14.781,990,
10:28:14,14.781,2960,
10:28:18,14.79,200,
10:28:18,14.79,100,
10:28:18,14.79,100,
10:28:24,14.80,1500,
10:28:24,14.7915,1900,
10:28:25,14.7912,1400,
10:28:30,14.80,200,
10:28:35,14.7901,800,
10:28:46,14.7992,400,
10:28:54,14.79,100,
10:29:23,14.798,200,
10:29:26,14.791,1000,
10:29:34,14.7815,5000,
10:29:43,14.79,100,
10:29:43,14.80,400,
10:29:43,14.80,200,
10:29:51,14.801,100,
10:29:59,14.8001,300,
10:30:04,14.80,100,
10:30:31,14.80,100,
10:30:31,14.7999,200,
10:30:34,14.81,200,
10:30:35,14.811,5000,
10:30:36,14.81,153,
10:30:53,14.81,200,
10:30:54,14.81,3000,
10:31:11,14.812,500,
10:31:30,14.81,200,
10:31:39,14.82,206,
10:31:39,14.82,200,
10:31:39,14.82,394,
10:31:39,14.83,100,
10:31:39,14.83,600,
10:31:39,14.83,600,
10:31:39,14.83,100,
10:31:39,14.82,100,
10:31:39,14.83,100,
10:31:39,14.818,2600,
10:31:39,14.819,1500,
10:31:46,14.82,200,
10:31:53,14.83,10000,
10:32:01,14.8299,400,
10:32:01,14.8299,600,
10:32:01,14.8299,200,
10:32:02,14.83,200,
10:32:03,14.83,100,
10:32:03,14.83,800,
10:32:03,14.83,100,
10:32:05,14.831,4800,
10:32:08,14.838,3000,
10:32:19,14.83,200,
10:32:24,14.83,1885,
10:32:24,14.83,298,
10:32:24,14.84,500,
10:32:41,14.8385,150,
10:32:57,14.83,2000,
10:32:57,14.83,200,
10:32:59,14.83,615,
10:32:59,14.83,200,
10:32:59,14.83,400,
10:32:59,14.83,400,
10:32:59,14.83,600,
10:32:59,14.83,400,
10:32:59,14.84,201,
10:33:00,14.84,1000,
10:33:03,14.85,600,
10:33:04,14.85,300,
10:33:04,14.85,300,
10:33:04,14.85,300,
10:33:22,14.84,200,
10:33:27,14.8317,1000,
10:33:38,14.838,500,
10:33:58,14.83,200,
10:34:07,14.82,200,
10:34:11,14.81,100,
10:34:13,14.82,153,
10:34:13,14.82,300,
10:34:20,14.828,100,
10:34:26,14.8215,700,
10:34:48,14.83,500,
10:34:48,14.83,500,
10:34:48,14.83,400,
10:34:48,14.83,200,
10:34:48,14.83,400,
10:34:48,14.83,200,
10:34:48,14.83,200,
10:34:48,14.83,200,
10:35:00,14.84,900,
10:35:03,14.84,600,
10:35:03,14.84,200,
10:35:10,14.84,200,
10:35:14,14.85,1500,
10:35:23,14.8401,4986,
10:35:32,14.841,1000,
10:35:35,14.84,200,
10:35:39,14.84,306,
10:35:46,14.8399,1200,
10:35:57,14.838,200,
10:36:02,14.84,200,
10:36:08,14.85,400,
10:36:11,14.85,200,
10:36:11,14.85,800,
10:36:12,14.85,100,
10:36:15,14.85,300,
10:36:15,14.8517,1000,
10:36:17,14.851,700,
10:36:17,14.851,100,
10:36:18,14.858,1420,
10:36:18,14.8587,300,
10:36:24,14.86,294,
10:36:24,14.86,500,
10:36:24,14.86,500,
10:36:24,14.87,114,
10:36:25,14.87,365,
10:36:25,14.87,400,
10:36:25,14.87,635,
10:36:35,14.87,270,
10:36:35,14.87,500,
10:36:36,14.861,100,
10:36:38,14.87,200,
10:36:43,14.88,1000,
10:36:43,14.8722,5700,
10:36:43,14.8797,1000,
10:36:47,14.88,200,
10:36:47,14.88,100,
10:36:49,14.88,400,
10:36:49,14.88,100,
10:36:49,14.88,100,
10:36:49,14.88,300,
10:36:49,14.88,700,
10:36:50,14.887,300,
10:36:52,14.88,600,
10:36:53,14.87,200,
10:36:54,14.87,136,
10:36:57,14.868,200,
10:36:59,14.87,500,
10:37:11,14.87,385,
10:37:11,14.87,500,
10:37:11,14.88,100,
10:37:11,14.88,200,
10:37:11,14.88,400,
10:37:11,14.88,500,
10:37:11,14.89,201,
10:37:12,14.8675,2000,
10:37:14,14.88,100,
10:37:22,14.87,200,
10:37:23,14.87,600,
10:37:23,14.87,200,
10:37:23,14.87,700,
10:37:26,14.87,200,
10:37:26,14.87,364,
10:37:26,14.87,600,
10:37:26,14.87,600,
10:37:29,14.88,700,
10:37:29,14.88,300,
10:37:40,14.87,100,
10:37:41,14.87,164,
10:37:45,14.868,200,
10:37:58,14.87,400,
10:37:58,14.87,100,
10:38:01,14.87,500,
10:38:06,14.8717,1000,
10:38:14,14.8717,500,
10:38:30,14.8799,5000,
10:38:44,14.88,1000,
10:38:45,14.879,1000,
10:38:53,14.87,200,
10:39:01,14.85,1300,
10:39:07,14.86,100,
10:39:19,14.8599,2000,
10:39:25,14.8508,2200,
10:39:32,14.85,200,
10:39:40,14.85,200,
10:39:40,14.85,800,
10:39:40,14.85,800,
10:39:40,14.85,199,
10:39:49,14.86,200,
10:39:52,14.8582,200,
10:40:21,14.87,800,
10:40:21,14.88,553,
10:40:21,14.88,415,
10:40:21,14.88,132,
10:40:21,14.88,500,
10:40:21,14.88,200,
10:40:21,14.88,900,
10:40:25,14.89,900,
10:40:25,14.89,1000,
10:40:25,14.89,400,
10:40:26,14.89,200,
10:40:31,14.89,200,
10:40:31,14.90,800,
10:40:31,14.90,900,
10:40:32,14.90,200,
10:40:32,14.90,501,
10:40:32,14.90,400,
10:40:32,14.90,500,
10:40:35,14.90,800,
10:40:35,14.892,800,
10:40:35,14.8913,1300,
10:40:46,14.89,500,
10:40:48,14.89,1000,
10:40:49,14.88,1000,
10:40:49,14.88,900,
10:40:49,14.88,100,
10:40:51,14.88,800,
10:40:53,14.88,100,
10:40:53,14.88,200,
10:40:57,14.882,900,
10:41:00,14.88,100,
10:41:13,14.87,100,
10:41:21,14.88,199,
10:41:26,14.89,885,
10:41:26,14.89,200,
10:41:28,14.89,200,
10:41:28,14.89,200,
10:41:38,14.88,100,
10:41:39,14.88,198,
10:41:39,14.88,200,
10:41:53,14.87,100,
10:41:57,14.86,100,
10:41:57,14.87,200,
10:41:57,14.86,200,
10:41:57,14.86,400,
10:41:57,14.86,200,
10:42:13,14.87,103,
10:42:13,14.87,200,
10:42:14,14.88,900,
10:42:17,14.87,100,
10:42:20,14.87,900,
10:42:27,14.87,200,
10:42:27,14.87,100,
10:42:32,14.86,300,
10:42:35,14.87,600,
10:42:35,14.8683,1500,
10:42:41,14.87,200,
10:42:47,14.87,100,
10:42:48,14.878,5000,
10:42:54,14.879,3000,
10:42:56,14.88,200,
10:43:00,14.89,16000,
10:43:09,14.888,5000,
10:43:21,14.888,1000,
10:43:26,14.8899,290,
10:43:32,14.88,1700,
10:43:32,14.88,900,
10:43:34,14.88,2300,
10:43:34,14.878,200,
10:43:34,14.878,500,
10:43:41,14.88,100,
10:43:44,14.88,200,
10:43:44,14.88,400,
10:43:54,14.871,790,
10:43:56,14.8713,1300,
10:43:56,14.8715,5000,
10:43:58,14.8782,500,
10:44:09,14.87,700,
10:44:10,14.8792,207,
10:44:21,14.88,200,
10:44:26,14.88,200,
10:44:34,14.88,200,
10:44:46,14.8799,284,
10:45:01,14.87,3000,
10:45:09,14.879,400,
10:45:09,14.879,300,
10:45:09,14.88,801,
10:45:14,14.87,17300,
10:45:16,14.8715,5000,
10:45:16,14.871,1500,
10:45:16,14.872,2600,
10:45:24,14.8718,100,
10:45:34,14.8701,300,
10:45:34,14.8701,300,
10:45:34,14.8749,100,
10:45:34,14.8797,800,
10:45:39,14.88,400,
10:45:45,14.87,400,
10:45:58,14.879,800,
10:45:59,14.88,100,
10:45:59,14.89,100,
10:45:59,14.8887,570,
10:46:16,14.88,100,
10:46:24,14.8883,150,
10:46:38,14.88,200,
10:46:40,14.88,400,
10:46:40,14.89,900,
10:46:50,14.88,100,
10:46:57,14.87,169,
10:46:58,14.87,500,
10:46:58,14.87,2581,
10:46:58,14.87,400,
10:46:58,14.87,500,
10:47:11,14.87,100,
10:47:11,14.87,500,
10:47:15,14.87,500,
10:47:15,14.87,1000,
10:47:15,14.87,200,
10:47:18,14.872,1800,
10:47:26,14.87,500,
10:47:33,14.8601,800,
10:47:40,14.8615,3500,
10:47:58,14.86,800,
10:48:10,14.863,150,
10:48:20,14.87,200,
10:48:43,14.89,200,
10:48:47,14.88,1000,
10:48:47,14.88,1000,
10:48:47,14.88,700,
10:48:47,14.88,100,
10:48:47,14.88,100,
10:48:54,14.87,691,
10:48:57,14.87,500,
10:49:06,14.89,199,
10:49:08,14.89,100,
10:49:17,14.89,200,
10:49:24,14.889,1500,
10:49:33,14.8701,100,
10:49:35,14.8701,400,
10:49:46,14.8731,3367,
10:49:53,14.8683,100,
10:49:54,14.87,200,
10:49:54,14.87,200,
10:50:00,14.88,200,
10:50:04,14.8801,900,
10:50:14,14.87,500,
10:50:14,14.87,200,
10:50:15,14.8708,5000,
10:50:21,14.88,100,
10:50:25,14.8855,1000,
10:50:36,14.88,400,
10:50:40,14.871,3500,
10:50:41,14.88,200,
10:50:55,14.89,100,
10:50:55,14.89,100,
10:51:05,14.90,600,
10:51:10,14.90,114,
10:51:11,14.90,500,
10:51:18,14.8985,500,
10:51:24,14.90,170,
10:51:28,14.90,600,
10:51:36,14.8987,1000,
10:51:36,14.90,1000,
10:51:46,14.90,1000,
10:51:48,14.89,500,
10:51:48,14.89,200,
10:51:48,14.89,150,
10:51:49,14.90,3000,
10:51:56,14.89,200,
10:51:56,14.89,200,
10:52:01,14.89,1000,
10:52:10,14.898,1800,
10:52:19,14.8987,1300,
10:52:24,14.8982,1500,
10:52:25,14.89,200,
10:52:25,14.89,100,
10:52:48,14.88,200,
10:53:02,14.87,300,
10:53:03,14.87,300,
10:53:04,14.872,210,
10:53:10,14.87,100,
10:53:19,14.873,200,
10:53:23,14.875,400,
10:53:26,14.87,500,
10:53:33,14.87,200,
10:53:40,14.863,200,
10:53:45,14.87,100,
10:53:45,14.87,100,
10:53:45,14.87,100,
10:53:46,14.87,200,
10:53:58,14.869,300,
10:54:39,14.85,1100,
10:54:39,14.85,200,
10:54:40,14.85,900,
10:54:40,14.84,670,
10:54:40,14.85,200,
10:54:55,14.86,200,
10:54:58,14.863,150,
10:55:01,14.86,200,
10:55:02,14.86,200,
10:55:29,14.85,3500,
10:55:41,14.85,500,
10:55:44,14.85,200,
10:55:45,14.84,300,
10:55:45,14.84,1000,
10:55:47,14.84,1050,
10:55:49,14.8325,2000,
10:55:50,14.83,114,
10:55:54,14.84,200,
10:56:00,14.8482,1000,
10:56:08,14.8483,100,
10:56:16,14.85,1000,
10:56:32,14.8401,1000,
10:56:43,14.84,100,
10:56:51,14.84,500,
10:56:52,14.83,700,
10:56:52,14.82,200,
10:56:52,14.82,1000,
10:56:55,14.822,1000,
10:56:58,14.8217,440,
10:57:06,14.811,300,
10:57:07,14.81,500,
10:57:12,14.81,114,
10:57:25,14.81,700,
10:57:25,14.81,200,
10:57:26,14.81,800,
10:57:26,14.81,800,
10:57:26,14.81,2300,
10:57:34,14.811,100,
10:57:34,14.812,1700,
10:57:45,14.80,200,
10:57:47,14.81,800,
10:57:47,14.81,500,
10:57:47,14.81,200,
10:57:47,14.81,400,
10:57:47,14.82,200,
10:57:47,14.82,500,
10:57:56,14.82,300,
10:57:56,14.82,200,
10:57:56,14.82,800,
10:57:57,14.83,1583,
10:58:04,14.82,3000,
10:58:11,14.8292,475,
10:58:19,14.82,150,
10:58:37,14.82,100,
10:58:44,14.82,500,
10:58:52,14.8201,300,
10:58:52,14.82,100,
10:58:52,14.8201,100,
10:58:55,14.829,500,
10:59:05,14.82,200,
10:59:05,14.82,200,
10:59:05,14.82,800,
10:59:27,14.8199,100,
10:59:41,14.8162,100,
10:59:43,14.82,200,
10:59:43,14.82,800,
10:59:43,14.82,100,
10:59:44,14.82,500,
10:59:46,14.81,1800,
10:59:50,14.82,400,
10:59:50,14.82,200,
10:59:51,14.83,100,
10:59:52,14.82,600,
10:59:55,14.83,400,
10:59:56,14.831,1600,
10:59:58,14.831,100,
11:00:01,14.8475,2000,
11:00:09,14.8492,2000,
11:00:35,14.85,100,
11:00:51,14.85,179,
11:00:59,14.86,800,
11:01:01,14.87,1000,
11:01:02,14.87,11400,
11:01:13,14.87,100,
11:01:13,14.87,200,
11:01:14,14.88,1000,
11:01:20,14.8785,6200,
11:01:21,14.88,8000,
11:01:41,14.86,100,
11:01:46,14.86,100,
11:01:46,14.86,112,
11:01:46,14.86,100,
11:01:46,14.86,100,
11:01:53,14.85,400,
11:01:59,14.86,100,
11:02:09,14.87,286,
11:02:09,14.87,114,
11:02:09,14.87,100,
11:02:12,14.8681,100,
11:02:29,14.868,1000,
11:02:29,14.86,200,
11:02:32,14.868,1695,
11:02:35,14.85,500,
11:02:35,14.85,100,
11:02:35,14.85,700,
11:02:35,14.85,1300,
11:03:11,14.8413,1000,
11:03:15,14.84,200,
11:03:34,14.83,100,
11:03:38,14.838,500,
11:03:42,14.82,1000,
11:04:11,14.83,200,
11:04:22,14.84,200,
11:04:28,14.845,200,
11:04:50,14.84,100,
11:05:05,14.83,1300,
11:05:07,14.84,200,
11:05:07,14.84,799,
11:05:07,14.84,1000,
11:05:09,14.8482,270,
11:05:20,14.85,100,
11:05:28,14.868,4000,
11:05:47,14.87,200,
11:05:57,14.87,100,
11:05:59,14.877,125,
11:06:07,14.86,200,
11:06:11,14.85,100,
11:06:31,14.8483,500,
11:06:31,14.833,1400,
11:06:50,14.838,1000,
11:06:54,14.8383,202,
11:06:56,14.82,400,
11:06:56,14.82,300,
11:06:56,14.81,200,
11:06:58,14.81,300,
11:07:01,14.80,1700,
11:07:01,14.80,100,
11:07:01,14.80,100,
11:07:01,14.80,100,
11:07:03,14.80,100,
11:07:07,14.80,224,
11:07:10,14.80,500,
11:07:10,14.80,400,
11:07:11,14.80,1100,
11:07:12,14.80,100,
11:07:13,14.8001,2000,
11:07:21,14.80,100,
11:07:23,14.80,1900,
11:07:23,14.80,1100,
11:07:27,14.79,100,
11:07:28,14.7918,100,
11:07:30,14.79,300,
11:07:48,14.78,600,
11:07:58,14.78,1000,
11:08:06,14.7838,700,
11:08:13,14.80,400,
11:08:13,14.80,200,
11:08:13,14.7985,6500,
11:08:16,14.79,400,
11:08:23,14.7983,500,
11:08:25,14.7934,350,
11:08:38,14.7901,1000,
11:08:44,14.78,1000,
11:08:50,14.79,700,
11:08:53,14.79,200,
11:09:01,14.78,100,
11:09:07,14.7883,1000,
11:09:14,14.789,2100,
11:09:16,14.7738,1000,
11:09:17,14.777,300,
11:09:29,14.773,200,
11:10:06,14.77,200,
11:10:14,14.77,5000,
11:10:22,14.77,100,
11:10:23,14.771,6000,
11:10:29,14.78,400,
11:10:29,14.78,2200,
11:10:29,14.78,200,
11:10:29,14.78,100,
11:10:29,14.78,1400,
11:10:29,14.78,700,
11:10:33,14.77,100,
11:10:35,14.77,100,
11:10:35,14.77,200,
11:10:47,14.772,1700,
11:10:57,14.78,100,
11:10:57,14.78,200,
11:11:05,14.7701,931,
11:11:26,14.7701,1375,
11:11:38,14.779,200,
11:11:48,14.78,400,
11:11:49,14.78,200,
11:11:49,14.79,600,
11:11:49,14.79,600,
11:11:49,14.79,600,
11:11:49,14.79,200,
11:12:11,14.79,200,
11:12:12,14.79,400,
11:12:12,14.7802,2000,
11:12:17,14.79,12000,
11:12:37,14.7801,200,
11:13:04,14.79,1000,
11:13:04,14.79,2300,
11:13:04,14.79,300,
11:13:04,14.79,200,
11:13:20,14.7892,600,
11:13:38,14.788,940,
11:14:00,14.7817,1000,
11:14:07,14.79,100,
11:14:20,14.79,200,
11:14:35,14.79,100,
11:14:35,14.78,200,
11:14:38,14.7882,500,
11:14:47,14.79,200,
11:14:54,14.78,200,
11:14:54,14.77,100,
11:14:54,14.77,100,
11:14:54,14.77,100,
11:14:55,14.77,500,
11:14:55,14.77,700,
11:15:02,14.76,100,
11:15:02,14.76,200,
11:15:06,14.765,1200,
11:15:14,14.77,100,
11:15:14,14.77,200,
11:15:15,14.77,200,
11:15:16,14.77,100,
11:15:16,14.77,100,
11:15:20,14.769,2000,
11:15:25,14.77,100,
11:15:30,14.7635,240,
11:15:31,14.77,100,
11:15:40,14.768,1400,
11:15:45,14.77,100,
11:15:45,14.77,100,
11:15:45,14.77,100,
11:15:48,14.761,6200,
11:15:50,14.76,1400,
11:15:51,14.76,5000,
11:16:04,14.76,100,
11:16:09,14.759,197,
11:16:09,14.76,900,
11:16:14,14.76,100,
11:16:32,14.76,900,
11:16:48,14.759,300,
11:16:48,14.759,400,
11:16:50,14.76,100,
11:16:50,14.76,400,
11:16:50,14.76,500,
11:16:56,14.76,1800,
11:17:04,14.76,178,
11:17:06,14.761,178,
11:17:10,14.7592,500,
11:17:14,14.76,400,
11:17:14,14.76,500,
11:17:15,14.7501,450,
11:17:17,14.76,400,
11:17:17,14.77,200,
11:17:25,14.7601,200,
11:17:27,14.77,500,
11:17:36,14.777,150,
11:17:37,14.77,100,
11:17:41,14.77,200,
11:18:00,14.762,1000,
11:18:09,14.769,3000,
11:18:38,14.7615,2100,
11:18:39,14.762,1000,
11:18:48,14.77,200,
11:18:48,14.77,200,
11:19:00,14.778,500,
11:19:08,14.77,100,
11:19:08,14.77,200,
11:19:12,14.76,100,
11:19:19,14.76,300,
11:19:27,14.76,200,
11:19:28,14.76,200,
11:19:28,14.76,200,
11:19:28,14.76,200,
11:19:28,14.76,600,
11:19:28,14.76,600,
11:19:28,14.7699,2300,
11:19:30,14.76,200,
11:19:36,14.7675,2000,
11:19:57,14.7617,520,
11:20:09,14.768,1200,
11:20:21,14.76,3000,
11:20:36,14.77,150,
11:20:40,14.76,300,
11:20:40,14.76,600,
11:20:40,14.76,400,
11:20:40,14.77,600,
11:20:42,14.761,586,
11:20:42,14.76,800,
11:20:45,14.7699,2000,
11:20:46,14.77,400,
11:20:52,14.77,200,
11:20:57,14.778,100,
11:21:19,14.7783,1500,
11:21:22,14.7701,2800,
11:21:33,14.78,200,
11:21:33,14.79,900,
11:21:39,14.78,200,
11:22:04,14.78,500,
11:22:04,14.79,3000,
11:22:04,14.79,600,
11:22:04,14.79,600,
11:22:04,14.79,600,
11:22:04,14.79,300,
11:22:04,14.79,600,
11:22:04,14.79,2800,
11:22:04,14.78,114,
11:22:06,14.78,115,
11:22:06,14.78,285,
11:22:15,14.778,1650,
11:22:24,14.77,3000,
11:22:39,14.77,500,
11:22:42,14.7699,3970,
11:22:42,14.77,485,
11:22:48,14.7699,600,
11:22:48,14.77,200,
11:22:48,14.7699,100,
11:22:48,14.7655,300,
11:22:49,14.77,200,
11:22:57,14.779,150,
11:23:02,14.77,600,
11:23:10,14.77,200,
11:23:36,14.762,500,
11:24:02,14.77,100,
11:24:02,14.77,200,
11:24:02,14.77,400,
11:24:02,14.77,1800,
11:24:11,14.77,100,
11:24:11,14.78,100,
11:24:31,14.78,100,
11:24:35,14.7899,1000,
11:24:51,14.7814,150,
11:24:51,14.78,200,
11:24:52,14.78,600,
11:24:59,14.7837,9300,
11:25:05,14.78,500,
11:25:05,14.78,100,
11:25:08,14.779,300,
11:25:08,14.779,300,
11:25:09,14.779,100,
11:25:09,14.779,400,
11:25:18,14.771,4000,
11:25:22,14.78,200,
11:25:26,14.78,600,
11:25:39,14.79,100,
11:25:41,14.7899,3000,
11:25:57,14.79,200,
11:26:16,14.797,100,
11:26:31,14.79,800,
11:26:31,14.78,400,
11:26:31,14.78,500,
11:26:34,14.77,200,
11:26:37,14.78,100,
11:26:37,14.78,100,
11:26:52,14.78,100,
11:26:53,14.78,200,
11:26:53,14.78,500,
11:27:14,14.78,400,
11:27:14,14.78,100,
11:27:39,14.7799,6200,
11:27:54,14.78,500,
11:27:58,14.78,300,
11:27:58,14.79,200,
11:28:04,14.783,300,
11:28:16,14.781,5000,
11:28:20,14.795,2900,
11:28:24,14.79,600,
11:28:27,14.80,102,
11:28:27,14.80,100,
11:28:27,14.80,100,
11:28:27,14.81,500,
11:28:27,14.81,200,
11:28:27,14.81,1000,
11:28:27,14.7999,1400,
11:28:27,14.7999,900,
11:28:27,14.80,500,
11:28:31,14.80,600,
11:28:36,14.7915,4000,
11:28:45,14.80,100,
11:28:45,14.80,200,
11:28:48,14.81,500,
11:29:07,14.812,1800,
11:29:08,14.81,700,
11:29:08,14.81,100,
11:29:10,14.80,900,
11:29:10,14.811,100,
11:29:11,14.81,500,
11:29:11,14.81,100,
11:29:32,14.8162,300,
11:29:33,14.81,200,
11:29:46,14.807,200,
11:29:57,14.80,100,
11:30:59,14.82,100,
11:30:59,14.81,500,
11:31:07,14.82,600,
11:31:07,14.82,100,
11:31:32,14.81,100,
11:32:12,14.8182,500,
11:32:13,14.82,100,
11:32:15,14.82,500,
11:32:18,14.81,1900,
11:32:24,14.811,400,
11:32:26,14.8199,4500,
11:32:43,14.81,6200,
11:32:50,14.81,200,
11:33:04,14.811,100,
11:33:06,14.81,200,
11:33:12,14.8001,300,
11:33:37,14.801,3000,
11:33:40,14.8034,138,
11:34:12,14.81,100,
11:34:16,14.81,1500,
11:34:16,14.81,200,
11:34:16,14.81,200,
11:34:19,14.807,200,
11:34:23,14.80,600,
11:34:23,14.80,500,
11:34:37,14.8099,1000,
11:34:48,14.80,100,
11:34:57,14.79,600,
11:35:03,14.7913,1000,
11:35:12,14.80,200,
11:35:12,14.80,200,
11:35:20,14.81,199,
11:36:23,14.81,1030,
11:36:25,14.81,100,
11:36:28,14.81,200,
11:36:49,14.808,1000,
11:37:13,14.80,200,
11:37:19,14.797,200,
11:37:27,14.80,700,
11:37:27,14.80,700,
11:37:27,14.80,700,
11:37:37,14.79,600,
11:37:38,14.7994,2500,
11:37:42,14.78,2000,
11:37:53,14.79,500,
11:38:16,14.79,100,
11:38:39,14.80,1300,
11:39:22,14.79,200,
11:39:32,14.79,1000,
11:39:55,14.79,100,
11:40:08,14.78,100,
11:40:12,14.78,200,
11:40:18,14.77,100,
11:40:19,14.77,100,
11:40:20,14.76,1000,
11:40:21,14.77,100,
11:40:59,14.7713,1200,
11:41:03,14.77,800,
11:41:03,14.77,600,
11:41:03,14.77,250,
11:41:08,14.7701,1400,
11:41:16,14.771,1100,
11:41:16,14.771,1100,
11:41:20,14.778,1000,
11:41:41,14.78,300,
11:41:48,14.77,100,
11:42:14,14.78,400,
11:42:14,14.78,200,
11:42:14,14.78,100,
11:42:24,14.78,400,
11:42:29,14.78,200,
11:43:35,14.77,100,
11:43:46,14.77,307,
11:43:46,14.77,207,
11:43:46,14.77,193,
11:44:04,14.7696,1156,
11:44:20,14.767,200,
11:44:23,14.77,400,
11:44:40,14.77,300,
11:45:16,14.77,100,
11:45:34,14.78,300,
11:45:34,14.78,200,
11:45:35,14.779,100,
11:45:35,14.779,300,
11:45:35,14.779,100,
11:46:06,14.78,1300,
11:46:06,14.78,200,
11:46:06,14.78,250,
11:46:06,14.78,1000,
11:46:07,14.79,1000,
11:46:07,14.79,200,
11:46:13,14.79,500,
11:47:05,14.782,567,
11:47:08,14.79,1000,
11:47:08,14.79,200,
11:47:13,14.80,866,
11:47:14,14.79,700,
11:47:14,14.79,200,
11:47:22,14.7987,600,
11:47:22,14.7901,100,
11:47:36,14.79,200,
11:47:45,14.79,1000,
11:48:27,14.7899,7750,
11:48:56,14.79,1000,
11:49:00,14.79,100,
11:49:02,14.789,800,
11:49:03,14.78,200,
11:50:07,14.78,300,
11:50:07,14.78,1200,
11:50:07,14.78,2300,
11:50:09,14.78,100,
11:50:22,14.78,100,
11:50:30,14.77,100,
11:52:32,14.779,200,
11:52:38,14.7799,200,
11:53:05,14.77,800,
11:53:34,14.77,500,
11:53:34,14.77,100,
11:54:11,14.77,100,
11:54:39,14.7692,1000,
11:54:57,14.769,2000,
11:55:48,14.76,100,
11:55:54,14.77,100,
11:55:54,14.77,100,
11:55:54,14.77,500,
11:55:54,14.77,500,
11:56:02,14.775,2200,
11:56:03,14.78,9900,
11:56:19,14.77,100,
11:56:19,14.77,300,
11:56:55,14.77,300,
11:57:22,14.76,100,
11:57:28,14.77,300,
11:57:48,14.77,100,
11:57:54,14.769,100,
11:58:07,14.7683,300,
11:58:59,14.77,700,
11:59:07,14.76,100,
11:59:43,14.77,2300,
11:59:43,14.77,700,
11:59:45,14.77,800,
11:59:45,14.77,100,
11:59:47,14.77,400,
11:59:51,14.7699,100,
12:00:01,14.76,500,
12:00:01,14.76,700,
12:00:23,14.7613,600,
12:00:25,14.77,100,
12:00:25,14.77,400,
12:00:25,14.77,200,
12:00:25,14.77,300,
12:00:25,14.77,400,
12:00:42,14.767,400,
12:00:53,14.76,100,
12:01:01,14.77,337,
12:01:01,14.77,100,
12:01:02,14.77,500,
12:01:09,14.77,326,
12:01:13,14.76,300,
12:01:34,14.7683,400,
12:01:38,14.75,100,
12:01:38,14.75,700,
12:01:38,14.75,500,
12:01:38,14.75,100,
12:01:38,14.75,500,
12:01:47,14.7513,1100,
12:01:54,14.7582,825,
12:01:54,14.76,600,
12:01:54,14.76,500,
12:01:54,14.76,500,
12:01:54,14.76,617,
12:01:54,14.76,300,
12:01:54,14.76,500,
12:01:54,14.76,100,
12:01:54,14.76,1600,
12:01:55,14.7585,4000,
12:02:21,14.76,200,
12:02:22,14.76,300,
12:02:30,14.753,200,
12:02:43,14.7501,3500,
12:02:44,14.76,100,
12:02:44,14.76,500,
12:02:45,14.7687,1500,
12:02:48,14.76,100,
12:02:53,14.76,200,
12:02:56,14.76,100,
12:02:58,14.76,100,
12:03:42,14.7599,500,
12:04:03,14.758,500,
12:04:09,14.76,100,
12:04:09,14.76,100,
12:04:20,14.76,100,
12:04:21,14.768,600,
12:04:27,14.7699,2000,
12:04:38,14.76,200,
12:04:38,14.76,300,
12:05:01,14.76,800,
12:05:01,14.76,800,
12:05:21,14.7687,1100,
12:05:42,14.76,200,
12:05:53,14.76,400,
12:06:00,14.76,400,
12:06:00,14.76,200,
12:06:06,14.76,175,
12:06:11,14.76,100,
12:06:28,14.7699,1000,
12:06:40,14.769,400,
12:07:01,14.7699,1000,
12:07:13,14.7694,1600,
12:07:22,14.769,200,
12:07:56,14.76,100,
12:08:16,14.77,100,
12:08:20,14.77,600,
12:08:26,14.769,1000,
12:08:28,14.769,100,
12:08:31,14.769,300,
12:08:33,14.768,100,
12:09:04,14.769,100,
12:09:13,14.77,100,
12:09:18,14.77,200,
12:09:24,14.7782,1000,
12:09:35,14.77,100,
12:09:43,14.77,100,
12:10:02,14.78,200,
12:10:02,14.78,2300,
12:10:13,14.788,1800,
12:10:15,14.79,200,
12:10:15,14.79,1500,
12:11:06,14.78,200,
12:11:20,14.78,500,
12:11:20,14.78,400,
12:11:27,14.78,100,
12:11:27,14.78,200,
12:11:48,14.78,100,
12:12:10,14.7787,1200,
12:12:12,14.78,200,
12:12:29,14.7883,190,
12:12:46,14.789,2000,
12:12:49,14.79,9900,
12:13:09,14.78,100,
12:13:10,14.79,100,
12:13:10,14.79,100,
12:13:15,14.79,500,
12:13:18,14.80,3000,
12:13:18,14.80,200,
12:13:26,14.79,400,
12:13:26,14.79,100,
12:13:36,14.79,200,
12:14:13,14.7813,700,
12:14:21,14.79,100,
12:14:21,14.79,600,
12:14:28,14.79,1900,
12:14:31,14.79,600,
12:14:37,14.797,200,
12:14:49,14.79,1700,
12:14:52,14.78,100,
12:14:56,14.79,40000,
12:15:07,14.7882,200,
12:15:41,14.7899,100,
12:15:41,14.7899,100,
12:15:41,14.79,100,
12:15:44,14.79,950,
12:15:52,14.7899,100,
12:15:52,14.785,100,
12:15:52,14.79,200,
12:15:52,14.7899,100,
12:15:52,14.79,100,
12:15:59,14.79,200,
12:15:59,14.7883,1200,
12:15:59,14.79,100,
12:16:14,14.7882,1000,
12:16:32,14.7898,350,
12:16:47,14.79,200,
12:17:01,14.7801,400,
12:17:17,14.7808,3970,
12:17:37,14.7801,1930,
12:18:03,14.78,200,
12:18:07,14.77,100,
12:18:07,14.77,300,
12:18:07,14.77,400,
12:18:07,14.77,300,
12:18:56,14.78,500,
12:18:56,14.78,200,
12:19:33,14.79,200,
12:19:54,14.79,200,
12:19:54,14.79,200,
12:20:10,14.79,7000,
12:20:31,14.782,2000,
12:21:00,14.7899,100,
12:21:47,14.79,400,
12:21:47,14.79,100,
12:21:47,14.79,100,
12:21:47,14.79,700,
12:21:59,14.8099,1000,
12:22:09,14.80,100,
12:22:09,14.80,500,
12:22:10,14.7999,5200,
12:22:10,14.80,700,
12:22:10,14.80,200,
12:22:12,14.798,300,
12:22:22,14.8062,200,
12:22:23,14.80,100,
12:23:39,14.80,100,
12:24:07,14.81,100,
12:24:07,14.81,200,
12:24:08,14.83,3436,
12:24:26,14.818,1800,
12:24:45,14.81,200,
12:24:47,14.818,400,
12:24:53,14.81,5000,
12:24:54,14.8182,1000,
12:24:56,14.81,200,
12:25:19,14.81,100,
12:25:22,14.811,500,
12:25:28,14.81,200,
12:25:40,14.81,100,
12:25:45,14.8099,199,
12:25:51,14.80,500,
12:25:53,14.8025,2000,
12:26:17,14.81,200,
12:26:17,14.81,700,
12:26:17,14.8003,100,
12:26:44,14.81,4000,
12:26:52,14.8008,300,
12:27:28,14.8099,200,
12:27:39,14.8082,1000,
12:27:47,14.809,1000,
12:27:47,14.81,2500,
12:28:09,14.8001,2000,
12:28:22,14.80,919,
12:28:22,14.80,200,
12:28:23,14.80,100,
12:28:24,14.80,200,
12:28:24,14.7983,500,
12:28:24,14.7987,400,
12:28:38,14.79,500,
12:28:44,14.791,200,
12:28:47,14.792,1200,
12:28:55,14.7918,900,
12:29:08,14.791,150,
12:29:31,14.79,500,
12:29:42,14.79,100,
12:29:57,14.80,300,
12:29:57,14.7983,1000,
12:30:04,14.80,500,
12:30:14,14.79,200,
12:30:23,14.78,100,
12:30:23,14.79,299,
12:30:34,14.7999,200,
12:30:41,14.799,300,
12:30:58,14.79,1300,
12:31:17,14.7915,5000,
12:31:51,14.80,300,
12:31:53,14.81,200,
12:31:53,14.81,800,
12:31:53,14.81,700,
12:31:53,14.81,1000,
12:31:53,14.801,500,
12:31:54,14.81,277,
12:32:03,14.81,200,
12:32:06,14.81,100,
12:32:14,14.82,1000,
12:32:15,14.81,200,
12:32:15,14.81,100,
12:32:18,14.8082,200,
12:32:29,14.81,1500,
12:32:39,14.8099,150,
12:32:40,14.81,500,
12:32:52,14.81,500,
12:32:52,14.81,300,
12:32:52,14.81,1750,
12:32:52,14.81,250,
12:32:52,14.81,1700,
12:32:52,14.81,1600,
12:32:59,14.81,300,
12:33:38,14.81,500,
12:33:42,14.81,500,
12:33:49,14.81,200,
12:34:08,14.81,100,
12:34:08,14.82,300,
12:34:08,14.82,800,
12:34:10,14.81,100,
12:34:14,14.811,500,
12:34:23,14.81,100,
12:34:48,14.81,100,
12:34:48,14.81,110,
12:35:35,14.80,100,
12:35:50,14.80,500,
12:36:05,14.81,100,
12:36:05,14.81,100,
12:36:05,14.81,100,
12:36:05,14.81,100,
12:36:30,14.8083,1000,
12:36:49,14.80,100,
12:36:55,14.8085,2000,
12:36:56,14.81,600,
12:37:04,14.7992,2000,
12:37:05,14.79,300,
12:37:05,14.79,100,
12:37:06,14.7814,1000,
12:37:09,14.79,300,
12:37:09,14.7869,200,
12:37:23,14.79,100,
12:37:23,14.79,100,
12:37:23,14.78,100,
12:37:23,14.7899,100,
12:37:33,14.78,100,
12:37:35,14.79,400,
12:37:35,14.79,800,
12:37:35,14.79,800,
12:37:35,14.79,400,
12:37:35,14.79,800,
12:37:42,14.791,100,
12:37:42,14.791,200,
12:38:05,14.791,1000,
12:38:06,14.79,300,
12:39:02,14.79,100,
12:39:33,14.783,200,
12:39:54,14.78,400,
12:39:54,14.78,100,
12:39:56,14.78,800,
12:39:58,14.78,800,
12:40:05,14.78,800,
12:40:15,14.78,2300,
12:40:15,14.78,800,
12:40:15,14.78,1200,
12:40:15,14.78,800,
12:40:16,14.78,900,
12:40:29,14.78,300,
12:40:29,14.78,900,
12:40:50,14.7782,1000,
12:41:02,14.78,100,
12:41:17,14.779,2000,
12:41:17,14.78,2100,
12:41:17,14.78,600,
12:41:17,14.78,100,
12:41:17,14.78,100,
12:41:18,14.78,15000,
12:41:23,14.78,200,
12:41:31,14.78,800,
12:41:31,14.78,1800,
12:41:31,14.78,200,
12:41:31,14.78,200,
12:41:31,14.78,1600,
12:41:31,14.78,300,
12:41:31,14.78,1700,
12:41:31,14.78,1800,
12:41:31,14.78,1600,
12:41:31,14.78,400,
12:41:31,14.78,400,
12:42:38,14.78,100,
12:42:48,14.78,10000,
12:42:57,14.78,100,
12:42:57,14.78,200,
12:43:26,14.77,400,
12:43:26,14.77,1000,
12:43:35,14.77,300,
12:43:35,14.77,100,
12:43:53,14.77,350,
12:43:55,14.7696,1500,
12:43:57,14.761,700,
12:44:00,14.76,6000,
12:44:10,14.77,300,
12:44:12,14.77,100,
12:44:21,14.7782,500,
12:44:32,14.78,20000,
12:45:04,14.78,300,
12:45:15,14.78,200,
12:45:16,14.78,100,
12:46:01,14.78,100,
12:46:20,14.785,100,
12:46:22,14.7882,300,
12:46:45,14.7899,100,
12:47:49,14.78,100,
12:47:50,14.77,100,
12:47:51,14.78,400,
12:47:51,14.78,200,
12:47:51,14.772,3000,
12:47:53,14.778,2400,
12:48:19,14.77,600,
12:48:19,14.77,100,
12:48:19,14.77,400,
12:48:19,14.77,300,
12:48:19,14.77,200,
12:48:20,14.76,200,
12:48:21,14.7601,100,
12:48:25,14.769,300,
12:48:38,14.76,1000,
12:48:38,14.76,600,
12:48:45,14.762,1000,
12:48:55,14.77,500,
12:48:56,14.769,300,
12:49:02,14.77,100,
12:49:06,14.77,100,
12:49:06,14.78,4500,
12:49:07,14.78,800,
12:49:07,14.78,1100,
12:49:07,14.78,400,
12:49:08,14.77,100,
12:49:11,14.77,200,
12:49:15,14.77,200,
12:49:21,14.77,200,
12:49:27,14.7718,500,
12:49:30,14.77,300,
12:49:42,14.77,100,
12:49:50,14.76,500,
12:49:50,14.76,1100,
12:50:36,14.77,300,
12:51:15,14.76,600,
12:51:15,14.76,300,
12:51:22,14.7683,200,
12:51:27,14.77,800,
12:51:28,14.7617,400,
12:52:01,14.761,300,
12:52:07,14.76,114,
12:52:26,14.755,214,
12:52:29,14.7596,1421,
12:53:03,14.7599,100,
12:53:03,14.76,100,
12:53:10,14.75,100,
12:53:26,14.76,136,
12:53:36,14.75,100,
12:53:51,14.7508,1000,
12:54:07,14.75,1100,
12:54:16,14.75,1600,
12:54:16,14.75,1300,
12:54:16,14.75,1500,
12:54:17,14.75,1750,
12:54:17,14.75,100,
12:54:17,14.75,100,
12:54:17,14.74,300,
12:54:18,14.7401,2100,
12:54:18,14.7401,2000,
12:54:19,14.74,8000,
12:54:34,14.749,100,
12:54:52,14.74,600,
12:54:54,14.74,100,
12:55:08,14.7401,200,
12:55:14,14.74,950,
12:55:19,14.741,3000,
12:55:34,14.75,300,
12:55:37,14.745,1000,
12:56:14,14.75,300,
12:56:47,14.7501,4000,
12:57:34,14.75,300,
12:57:34,14.74,200,
12:57:35,14.7483,100,
12:57:49,14.75,3000,
12:58:04,14.7482,406,
12:58:17,14.74,100,
12:58:21,14.74,100,
12:58:21,14.74,400,
12:58:22,14.73,5000,
12:58:22,14.73,5880,
12:58:22,14.73,320,
12:58:23,14.73,900,
12:58:28,14.73,8301,
12:58:36,14.7308,2000,
12:58:52,14.74,1000,
12:59:07,14.731,2000,
12:59:28,14.74,500,
12:59:31,14.73,100,
12:59:36,14.74,10000,
12:59:57,14.73,100,
13:00:02,14.73,40000,
13:00:05,14.73,200,
13:00:05,14.72,250,
13:00:05,14.7201,100,
13:00:05,14.7218,1500,
13:00:07,14.72,1000,
13:00:12,14.728,2000,
13:00:17,14.72,100,
13:00:37,14.721,400,
13:00:43,14.72,400,
13:00:49,14.7287,520,
13:00:51,14.72,1100,
13:00:51,14.72,1100,
13:01:10,14.723,400,
13:01:19,14.721,4000,
13:02:18,14.73,300,
13:02:18,14.73,100,
13:02:18,14.73,3000,
13:02:25,14.7201,200,
13:02:37,14.72,200,
13:02:40,14.728,400,
13:02:45,14.7282,200,
13:02:52,14.728,1000,
13:03:19,14.72,2000,
13:03:19,14.72,400,
13:03:19,14.72,353,
13:03:20,14.71,200,
13:03:20,14.71,100,
13:03:22,14.72,10000,
13:03:27,14.71,100,
13:03:32,14.71,100,
13:03:34,14.71,100,
13:03:34,14.71,200,
13:03:46,14.71,300,
13:04:00,14.72,1000,
13:04:04,14.719,100,
13:04:08,14.71,400,
13:04:08,14.71,4100,
13:04:45,14.7117,1000,
13:05:09,14.7185,5000,
13:05:14,14.71,300,
13:06:04,14.70,333,
13:06:04,14.70,1427,
13:06:04,14.70,7573,
13:06:04,14.70,300,
13:06:04,14.701,500,
13:06:04,14.70,1000,
13:06:04,14.70,500,
13:06:04,14.70,100,
13:06:04,14.70,500,
13:06:05,14.70,225,
13:06:05,14.702,550,
13:06:07,14.70,1900,
13:06:10,14.701,100,
13:06:10,14.702,700,
13:06:20,14.7087,200,
13:06:28,14.7099,1000,
13:06:32,14.7001,4000,
13:06:32,14.70,1800,
13:06:46,14.708,700,
13:06:57,14.70,1100,
13:06:58,14.70,100,
13:07:08,14.7016,400,
13:07:08,14.7022,500,
13:07:13,14.701,100,
13:07:48,14.7092,2000,
13:07:56,14.71,10000,
13:08:01,14.709,1100,
13:08:07,14.702,1000,
13:08:22,14.7092,300,
13:08:37,14.70,100,
13:08:48,14.705,100,
13:08:55,14.70,100,
13:09:17,14.707,250,
13:09:17,14.70,100,
13:09:32,14.70,1000,
13:10:14,14.70,1000,
13:10:23,14.70,100,
13:10:37,14.71,600,
13:11:09,14.69,450,
13:11:09,14.69,500,
13:11:09,14.69,6000,
13:11:09,14.70,1600,
13:11:09,14.69,400,
13:11:09,14.69,410,
13:11:10,14.6915,500,
13:11:10,14.70,100,
13:11:11,14.691,2000,
13:11:14,14.69,500,
13:11:14,14.69,1000,
13:11:33,14.68,300,
13:11:35,14.68,6000,
13:11:36,14.6883,1000,
13:11:37,14.6807,1700,
13:11:37,14.68,350,
13:11:47,14.68,2600,
13:11:51,14.6802,200,
13:11:58,14.6883,1000,
13:11:59,14.69,450,
13:12:11,14.689,183,
13:12:31,14.68,300,
13:12:45,14.68,100,
13:12:47,14.688,800,
13:13:00,14.6835,1300,
13:13:19,14.6801,3000,
13:13:22,14.69,100,
13:13:23,14.69,1100,
13:13:24,14.69,900,
13:13:24,14.69,155,
13:13:24,14.69,300,
13:13:24,14.68,1100,
13:13:26,14.69,5000,
13:13:33,14.69,200,
13:13:33,14.69,1100,
13:13:33,14.6999,1600,
13:13:36,14.69,100,
13:13:36,14.69,300,
13:13:41,14.68,400,
13:13:41,14.69,1000,
13:13:44,14.69,5000,
13:13:47,14.68,1400,
13:13:54,14.68,700,
13:13:54,14.68,345,
13:13:54,14.68,845,
13:13:54,14.68,3000,
13:13:55,14.6717,300,
13:13:56,14.6798,100,
13:13:56,14.67,4450,
13:13:56,14.67,16300,
13:14:06,14.6783,1000,
13:14:20,14.679,6200,
13:14:24,14.67,1600,
13:14:29,14.6701,450,
13:14:30,14.6601,4400,
13:14:30,14.66,351,
13:14:32,14.66,400,
13:14:32,14.66,200,
13:14:32,14.66,28200,
13:14:36,14.66,1500,
13:14:47,14.66,100,
13:14:56,14.661,150,
13:14:59,14.67,600,
13:15:02,14.67,1200,
13:15:02,14.67,1200,
13:15:02,14.67,1200,
13:15:02,14.67,1100,
13:15:02,14.67,1200,
13:15:02,14.67,1045,
13:15:02,14.67,200,
13:15:02,14.66,100,
13:15:13,14.6687,1000,
13:15:26,14.66,600,
13:15:26,14.6617,1000,
13:15:32,14.6617,1000,
13:15:34,14.66,1700,
13:15:34,14.65,100,
13:15:34,14.65,270,
13:15:34,14.651,500,
13:15:35,14.6517,130,
13:15:35,14.65,130,
13:15:35,14.65,2000,
13:15:35,14.65,200,
13:15:35,14.65,1980,
13:15:40,14.65,660,
13:15:43,14.6583,1000,
13:15:45,14.65,600,
13:15:53,14.66,600,
13:15:53,14.66,600,
13:15:53,14.66,200,
13:15:56,14.668,500,
13:16:14,14.6675,2000,
13:16:16,14.66,400,
13:16:16,14.66,300,
13:16:16,14.66,500,
13:16:24,14.66,100,
13:16:24,14.66,400,
13:16:24,14.66,200,
13:16:45,14.6599,5000,
13:16:52,14.6517,256,
13:17:01,14.66,3500,
13:17:09,14.66,1700,
13:17:15,14.65,100,
13:17:17,14.66,900,
13:17:20,14.658,500,
13:17:23,14.651,2200,
13:17:26,14.65,800,
13:17:26,14.65,4300,
13:17:34,14.651,1100,
13:17:35,14.651,100,
13:18:10,14.6501,626,
13:18:14,14.65,1000,
13:18:14,14.65,400,
13:18:17,14.65,400,
13:18:23,14.66,250,
13:18:32,14.66,300,
13:18:58,14.6599,500,
13:19:07,14.65,100,
13:19:20,14.658,1000,
13:19:24,14.651,1500,
13:19:24,14.6513,2000,
13:19:47,14.658,500,
13:19:59,14.651,1440,
13:20:00,14.65,1000,
13:20:05,14.652,1900,
13:20:08,14.66,2400,
13:20:08,14.66,700,
13:20:08,14.66,100,
13:20:30,14.6555,150,
13:20:33,14.66,600,
13:20:38,14.65,1200,
13:20:38,14.65,1000,
13:20:41,14.66,600,
13:20:49,14.655,200,
13:20:58,14.6583,250,
13:20:59,14.659,500,
13:21:03,14.658,1000,
13:21:09,14.66,100,
13:21:09,14.66,1100,
13:21:09,14.67,2000,
13:21:13,14.67,300,
13:21:19,14.6792,500,
13:21:28,14.6782,1000,
13:21:29,14.679,2000,
13:21:33,14.6787,200,
13:21:35,14.679,3000,
13:21:55,14.6792,6000,
13:22:06,14.6775,2000,
13:22:08,14.677,200,
13:22:11,14.67,400,
13:22:13,14.67,110,
13:22:13,14.67,300,
13:22:32,14.6787,2000,
13:22:43,14.68,1385,
13:22:43,14.68,1100,
13:22:43,14.68,350,
13:22:43,14.68,300,
13:22:47,14.689,1000,
13:22:50,14.69,500,
13:22:50,14.69,200,
13:22:53,14.682,1000,
13:23:02,14.68,100,
13:23:02,14.68,100,
13:23:04,14.6782,500,
13:23:30,14.679,1000,
13:23:39,14.68,400,
13:23:42,14.68,200,
13:23:50,14.6704,250,
13:23:57,14.6763,150,
13:24:00,14.6799,1000,
13:24:06,14.6775,2100,
13:24:08,14.67,100,
13:24:18,14.68,15490,
13:24:24,14.6725,2000,
13:24:31,14.68,200,
13:24:31,14.68,100,
13:24:36,14.67,100,
13:25:12,14.6783,500,
13:25:12,14.68,200,
13:25:12,14.68,100,
13:25:34,14.6717,800,
13:25:37,14.68,500,
13:25:37,14.68,200,
13:25:56,14.67,300,
13:25:56,14.67,200,
13:26:03,14.67,100,
13:26:09,14.67,500,
13:26:09,14.67,1400,
13:26:27,14.67,1000,
13:27:30,14.6613,400,
13:27:31,14.669,200,
13:27:34,14.67,100,
13:27:47,14.66,100,
13:27:50,14.6699,100,
13:28:06,14.662,600,
13:28:08,14.669,400,
13:28:08,14.67,135,
13:28:11,14.669,1000,
13:28:22,14.6699,400,
13:28:22,14.6699,800,
13:28:35,14.6613,1000,
13:28:52,14.66,200,
13:29:17,14.66,500,
13:29:17,14.663,300,
13:29:27,14.67,200,
13:29:30,14.66,300,
13:29:45,14.67,3000,
13:30:03,14.67,300,
13:30:03,14.67,100,
13:30:03,14.66,100,
13:30:06,14.67,1000,
13:30:08,14.66,100,
13:30:12,14.65,5576,
13:30:12,14.65,400,
13:30:12,14.65,1600,
13:30:12,14.65,300,
13:30:12,14.64,500,
13:30:12,14.64,3000,
13:30:12,14.64,5000,
13:30:15,14.6425,2000,
13:30:23,14.65,100,
13:30:23,14.65,200,
13:30:23,14.65,100,
13:30:23,14.65,1480,
13:30:23,14.65,2000,
13:30:34,14.65,200,
13:30:43,14.6417,1000,
13:31:06,14.64,1150,
13:31:12,14.6402,500,
13:31:18,14.64,300,
13:31:23,14.63,1500,
13:31:23,14.63,120,
13:31:23,14.63,300,
13:31:24,14.6317,1000,
13:31:31,14.6385,300,
13:31:35,14.6319,600,
13:31:39,14.631,1000,
13:31:39,14.6301,225,
13:31:41,14.63,900,
13:31:41,14.63,900,
13:31:50,14.63,2900,
13:31:56,14.64,100,
13:32:03,14.64,100,
13:32:03,14.64,500,
13:32:03,14.64,100,
13:32:03,14.64,100,
13:32:05,14.64,600,
13:32:05,14.64,100,
13:32:05,14.64,300,
13:32:07,14.65,300,
13:32:11,14.65,300,
13:32:19,14.6436,300,
13:32:32,14.6483,250,
13:32:33,14.648,115,
13:32:35,14.6467,773,
13:32:38,14.649,800,
13:32:39,14.642,1300,
13:32:41,14.65,700,
13:32:41,14.65,100,
13:32:41,14.65,700,
13:32:57,14.66,2000,
13:33:01,14.6583,1500,
13:33:15,14.66,200,
13:33:25,14.67,500,
13:33:27,14.6675,4400,
13:33:31,14.67,100,
13:33:31,14.67,100,
13:33:33,14.669,5000,
13:33:36,14.67,300,
13:33:36,14.67,499,
13:33:39,14.669,1500,
13:33:52,14.67,750,
13:34:09,14.6699,1700,
13:34:23,14.669,100,
13:34:23,14.669,100,
13:34:24,14.662,200,
13:34:35,14.6699,200,
13:34:35,14.669,700,
13:35:08,14.67,100,
13:35:15,14.67,100,
13:35:18,14.669,500,
13:35:18,14.669,500,
13:35:23,14.6699,150,
13:35:24,14.68,10200,
13:35:24,14.67,100,
13:35:25,14.67,100,
13:35:41,14.6682,200,
13:35:42,14.67,200,
13:35:42,14.67,200,
13:35:42,14.6675,2300,
13:35:45,14.669,1950,
13:35:48,14.67,600,
13:36:24,14.68,300,
13:36:25,14.68,500,
13:37:06,14.68,300,
13:37:06,14.68,500,
13:37:18,14.689,3000,
13:37:19,14.6875,1800,
13:37:21,14.688,2200,
13:37:21,14.6887,2000,
13:37:26,14.6883,1050,
13:37:53,14.689,400,
13:37:54,14.6887,100,
13:38:03,14.69,1100,
13:38:03,14.69,100,
13:38:03,14.69,600,
13:38:03,14.69,600,
13:38:03,14.69,1300,
13:38:03,14.69,500,
13:38:03,14.69,800,
13:38:03,14.69,1000,
13:38:04,14.70,800,
13:38:05,14.6987,1500,
13:38:14,14.69,1000,
13:38:23,14.6999,6000,
13:38:43,14.70,500,
13:38:50,14.70,2300,
13:38:50,14.71,100,
13:38:50,14.71,1000,
13:38:50,14.71,3000,
13:38:53,14.70,1000,
13:38:53,14.70,2100,
13:38:53,14.70,1950,
13:38:53,14.70,400,
13:38:53,14.70,500,
13:39:02,14.70,1300,
13:39:08,14.71,1100,
13:39:08,14.71,1000,
13:39:08,14.71,250,
13:39:08,14.71,100,
13:39:08,14.7041,100,
13:39:13,14.71,114,
13:39:34,14.7099,600,
13:39:34,14.71,200,
13:39:34,14.71,400,
13:39:36,14.71,200,
13:39:36,14.71,2300,
13:39:36,14.7099,600,
13:39:36,14.705,200,
13:39:42,14.7099,100,
13:39:43,14.72,2100,
13:39:43,14.72,400,
13:39:43,14.72,1000,
13:39:46,14.72,130,
13:39:54,14.7192,1000,
13:40:00,14.72,131,
13:40:01,14.719,500,
13:40:06,14.72,431,
13:40:06,14.72,600,
13:40:06,14.72,100,
13:40:07,14.73,600,
13:40:15,14.73,300,
13:40:19,14.74,1800,
13:40:21,14.7396,300,
13:40:23,14.73,300,
13:40:23,14.73,300,
13:40:23,14.73,300,
13:40:28,14.729,100,
13:40:36,14.73,299,
13:40:41,14.7383,1000,
13:40:43,14.73,100,
13:40:52,14.74,3400,
13:40:55,14.7325,2000,
13:41:07,14.731,2000,
13:41:25,14.73,5000,
13:41:34,14.74,2000,
13:41:37,14.732,100,
13:41:47,14.74,200,
13:41:47,14.74,100,
13:41:47,14.74,500,
13:41:48,14.74,800,
13:41:48,14.74,100,
13:41:54,14.74,101,
13:42:00,14.75,252,
13:42:00,14.75,2400,
13:42:00,14.75,800,
13:42:00,14.75,500,
13:42:00,14.75,700,
13:42:00,14.75,414,
13:42:01,14.76,1000,
13:42:23,14.76,900,
13:42:26,14.76,500,
13:42:37,14.762,500,
13:42:50,14.76,500,
13:42:51,14.77,100,
13:42:58,14.762,1650,
13:43:03,14.7699,200,
13:43:03,14.7683,700,
13:43:03,14.77,100,
13:43:08,14.77,200,
13:43:16,14.7606,1500,
13:43:19,14.76,100,
13:43:20,14.76,100,
13:43:23,14.7617,1000,
13:43:28,14.7685,3200,
13:43:30,14.76,400,
13:43:30,14.76,200,
13:43:51,14.76,3500,
13:43:51,14.76,100,
13:43:51,14.76,1500,
13:43:51,14.75,200,
13:43:51,14.75,200,
13:43:52,14.75,900,
13:43:53,14.7498,1000,
13:43:59,14.74,6000,
13:44:06,14.741,700,
13:44:06,14.741,900,
13:44:07,14.741,100,
13:44:14,14.74,202,
13:44:14,14.74,698,
13:44:19,14.731,2500,
13:44:27,14.73,100,
13:44:31,14.739,300,
13:44:33,14.74,800,
13:44:34,14.74,16000,
13:44:43,14.7413,6000,
13:45:07,14.74,650,
13:45:07,14.74,450,
13:45:07,14.74,200,
13:45:16,14.748,800,
13:45:31,14.7499,200,
13:45:32,14.75,100,
13:45:34,14.748,100,
13:45:43,14.751,600,
13:45:43,14.751,700,
13:45:47,14.75,100,
13:45:47,14.75,200,
13:45:56,14.7587,1000,
13:46:07,14.75,19000,
13:46:27,14.75,200,
13:46:28,14.748,1500,
13:46:47,14.7403,300,
13:47:05,14.7499,300,
13:47:18,14.74,100,
13:47:39,14.74,100,
13:47:46,14.749,1000,
13:47:58,14.741,400,
13:47:58,14.741,700,
13:48:13,14.747,240,
13:48:50,14.741,100,
13:48:50,14.741,100,
13:49:01,14.75,100,
13:49:01,14.76,100,
13:49:02,14.751,200,
13:49:10,14.7501,600,
13:49:13,14.76,650,
13:49:13,14.76,200,
13:49:17,14.77,1900,
13:49:29,14.78,200,
13:49:29,14.77,3300,
13:49:33,14.7799,2000,
13:49:40,14.771,3000,
13:49:44,14.77,200,
13:50:01,14.7615,8800,
13:50:05,14.76,2660,
13:50:05,14.76,100,
13:50:12,14.7592,5000,
13:50:19,14.754,130,
13:50:45,14.7517,1500,
13:50:47,14.7515,3000,
13:50:50,14.751,1400,
13:51:11,14.75,200,
13:51:16,14.751,200,
13:51:25,14.756,5000,
13:51:27,14.75,173,
13:51:55,14.7483,200,
13:51:56,14.742,1000,
13:51:58,14.742,3300,
13:51:58,14.741,1500,
13:52:13,14.7408,1950,
13:52:17,14.7425,2000,
13:52:44,14.741,3000,
13:53:02,14.7483,100,
13:53:29,14.741,2500,
13:53:29,14.741,2500,
13:53:48,14.74,100,
13:54:30,14.74,100,
13:54:31,14.73,700,
13:54:48,14.74,10000,
13:54:59,14.74,200,
13:54:59,14.74,1500,
13:54:59,14.74,100,
13:55:00,14.74,300,
13:55:14,14.7475,2000,
13:55:26,14.75,100,
13:55:26,14.75,200,
13:55:32,14.75,100,
13:56:07,14.7585,2000,
13:56:12,14.76,100,
13:56:23,14.751,1000,
13:56:24,14.76,100,
13:56:50,14.76,200,
13:56:50,14.76,100,
13:56:50,14.76,400,
13:56:50,14.76,1000,
13:56:50,14.76,400,
13:56:50,14.76,400,
13:56:53,14.76,200,
13:56:53,14.7625,601,
13:56:53,14.7625,2199,
13:57:02,14.7625,500,
13:57:02,14.76,2400,
13:57:09,14.77,10000,
13:57:21,14.7699,500,
13:57:32,14.77,100,
13:57:35,14.778,200,
13:57:41,14.771,2200,
13:57:41,14.77,300,
13:57:41,14.7782,800,
13:57:50,14.78,400,
13:58:00,14.78,301,
13:58:01,14.78,400,
13:58:09,14.77,100,
13:58:14,14.778,1000,
13:58:18,14.77,1800,
13:58:19,14.77,200,
13:58:19,14.76,400,
13:58:19,14.77,500,
13:58:19,14.77,100,
13:58:19,14.77,100,
13:58:19,14.77,100,
13:58:19,14.77,800,
13:58:19,14.77,100,
13:58:19,14.77,644,
13:58:19,14.77,900,
13:58:19,14.77,100,
13:58:19,14.77,100,
13:58:19,14.77,500,
13:58:21,14.77,200,
13:58:23,14.77,850,
13:58:23,14.77,300,
13:58:23,14.77,100,
13:58:23,14.77,151,
13:58:23,14.78,100,
13:58:23,14.78,100,
13:58:24,14.78,200,
13:58:24,14.78,1500,
13:58:26,14.779,1000,
13:58:47,14.778,1500,
13:58:56,14.772,1000,
13:59:08,14.78,10000,
13:59:12,14.77,100,
13:59:13,14.77,185,
13:59:36,14.77,100,
13:59:37,14.78,1315,
13:59:51,14.77,100,
13:59:57,14.76,30966,
14:00:05,14.76,600,
14:00:07,14.761,500,
14:00:07,14.761,500,
14:00:16,14.7601,1100,
14:00:16,14.76,277,
14:00:16,14.76,900,
14:00:17,14.7613,600,
14:00:26,14.76,100,
14:00:28,14.761,100,
14:00:29,14.76,500,
14:00:29,14.76,600,
14:00:40,14.75,100,
14:00:40,14.76,300,
14:00:41,14.76,600,
14:00:44,14.751,400,
14:00:53,14.76,300,
14:01:01,14.751,600,
14:01:01,14.75,100,
14:01:03,14.75,100,
14:01:04,14.75,100,
14:01:08,14.75,600,
14:01:26,14.75,200,
14:01:43,14.75,100,
14:01:44,14.757,140,
14:01:50,14.75,600,
14:02:19,14.74,800,
14:02:20,14.74,100,
14:02:27,14.74,100,
14:02:27,14.74,1100,
14:02:27,14.74,200,
14:02:32,14.73,1000,
14:02:33,14.73,400,
14:02:36,14.7317,1180,
14:02:49,14.731,400,
14:02:51,14.732,100,
14:03:27,14.74,100,
14:03:42,14.74,200,
14:04:20,14.7301,200,
14:04:20,14.7301,100,
14:04:32,14.74,550,
14:04:32,14.74,400,
14:04:32,14.735,300,
14:04:32,14.74,1200,
14:04:55,14.74,200,
14:05:14,14.7483,1000,
14:05:21,14.7401,2500,
14:05:43,14.7401,2330,
14:05:43,14.74,400,
14:05:47,14.741,300,
14:05:50,14.749,400,
14:06:26,14.7483,500,
14:06:53,14.75,100,
14:07:02,14.76,500,
14:07:04,14.76,200,
14:07:05,14.76,500,
14:07:13,14.75,10900,
14:07:22,14.7599,200,
14:07:34,14.75,10100,
14:07:47,14.75,100,
14:07:54,14.7575,2222,
14:07:57,14.75,10100,
14:08:14,14.76,200,
14:08:19,14.751,1900,
14:08:21,14.751,100,
14:08:35,14.75,100,
14:08:39,14.755,500,
14:08:45,14.7517,900,
14:08:45,14.75,500,
14:08:56,14.7483,500,
14:09:10,14.7487,340,
14:10:09,14.7499,2500,
14:10:44,14.7401,2500,
14:10:49,14.75,500,
14:10:52,14.75,200,
14:11:15,14.75,200,
14:11:39,14.75,200,
14:11:50,14.7493,400,
14:11:56,14.75,432,
14:11:57,14.75,100,
14:11:58,14.75,100,
14:11:59,14.75,100,
14:12:00,14.75,100,
14:12:14,14.75,100,
14:12:14,14.75,200,
14:12:16,14.75,200,
14:12:21,14.75,100,
14:12:50,14.75,200,
14:12:50,14.75,100,
14:12:57,14.748,1000,
14:12:59,14.74,550,
14:12:59,14.74,100,
14:13:03,14.73,400,
14:13:09,14.74,535,
14:13:38,14.73,200,
14:13:42,14.72,200,
14:14:00,14.73,499,
14:14:00,14.73,100,
14:14:00,14.73,200,
14:14:20,14.7301,400,
14:14:26,14.73,100,
14:14:46,14.7301,120,
14:14:57,14.7301,2200,
14:14:57,14.73,1700,
14:15:04,14.73,205,
14:15:18,14.73,10000,
14:15:39,14.7299,3000,
14:15:48,14.73,199,
14:15:57,14.738,1000,
14:16:28,14.73,1200,
14:16:28,14.73,200,
14:16:28,14.73,1000,
14:16:33,14.71,1000,
14:16:39,14.71,300,
14:16:57,14.70,700,
14:16:59,14.71,1000,
14:17:10,14.71,100,
14:17:10,14.71,100,
14:17:15,14.711,2000,
14:17:30,14.72,5000,
14:18:06,14.7196,3400,
14:18:08,14.719,100,
14:18:08,14.72,200,
14:18:09,14.71,100,
14:18:09,14.72,1000,
14:18:13,14.7199,300,
14:18:13,14.72,100,
14:18:13,14.7199,400,
14:18:17,14.7192,5000,
14:19:17,14.7101,100,
14:19:51,14.71,100,
14:20:00,14.711,1000,
14:20:18,14.72,160,
14:20:20,14.71,400,
14:20:20,14.71,100,
14:20:38,14.70,10000,
14:21:20,14.71,100,
14:21:20,14.71,1600,
14:21:20,14.71,200,
14:21:35,14.71,100,
14:21:37,14.72,200,
14:21:37,14.72,650,
14:21:39,14.72,101,
14:21:43,14.72,500,
14:22:08,14.73,500,
14:22:08,14.73,500,
14:22:19,14.73,1200,
14:22:19,14.73,500,
14:22:43,14.7296,250,
14:23:10,14.73,100,
14:23:10,14.73,600,
14:23:20,14.73,100,
14:23:28,14.738,1276,
14:24:27,14.7399,1100,
14:24:27,14.74,300,
14:24:27,14.7399,400,
14:24:51,14.74,400,
14:24:51,14.74,600,
14:24:51,14.74,600,
14:24:51,14.74,200,
14:24:51,14.74,100,
14:24:51,14.74,100,
14:25:01,14.74,100,
14:25:28,14.7492,3000,
14:26:17,14.75,100,
14:26:17,14.75,800,
14:26:20,14.76,100,
14:26:22,14.76,800,
14:26:22,14.76,100,
14:26:22,14.76,2300,
14:26:22,14.76,800,
14:26:23,14.76,100,
14:26:25,14.76,500,
14:26:31,14.767,100,
14:26:46,14.7675,2800,
14:26:55,14.76,5000,
14:27:22,14.7601,200,
14:27:27,14.77,100,
14:27:28,14.769,2000,
14:27:48,14.76,200,
14:27:57,14.76,200,
14:28:16,14.761,5000,
14:28:17,14.769,100,
14:28:29,14.76,200,
14:28:40,14.752,1000,
14:28:48,14.76,1000,
14:29:10,14.75,500,
14:29:10,14.7582,1800,
14:29:37,14.7508,2800,
14:29:50,14.7518,500,
14:30:03,14.75,1900,
14:30:03,14.75,1500,
14:30:06,14.74,500,
14:30:06,14.74,600,
14:30:06,14.74,100,
14:30:08,14.732,1800,
14:30:18,14.74,509,
14:30:18,14.74,159,
14:30:18,14.74,200,
14:30:18,14.74,2000,
14:30:21,14.74,100,
14:30:30,14.74,1600,
14:30:41,14.74,100,
14:31:45,14.74,100,
14:31:45,14.74,509,
14:32:19,14.733,250,
14:33:58,14.73,500,
14:34:31,14.73,100,
14:34:41,14.738,1000,
14:35:03,14.7383,1000,
14:35:23,14.73,100,
14:35:40,14.74,1199,
14:35:40,14.74,100,
14:35:40,14.74,100,
14:35:59,14.74,100,
14:36:00,14.73,500,
14:36:12,14.73,200,
14:36:22,14.721,125,
14:36:22,14.721,200,
14:36:23,14.7225,1600,
14:36:38,14.7283,408,
14:37:19,14.72,100,
14:37:23,14.73,100,
14:37:41,14.74,500,
14:37:56,14.7499,615,
14:38:11,14.748,500,
14:38:36,14.75,200,
14:39:08,14.76,100,
14:39:20,14.7675,2800,
14:39:58,14.76,500,
14:40:01,14.77,500,
14:40:03,14.77,100,
14:40:41,14.77,260,
14:40:54,14.77,100,
14:40:58,14.7613,2000,
14:41:06,14.7685,3000,
14:41:54,14.77,1568,
14:41:54,14.77,100,
14:41:54,14.77,432,
14:41:58,14.78,300,
14:42:00,14.78,200,
14:42:08,14.78,1800,
14:42:14,14.78,200,
14:42:17,14.77,500,
14:42:25,14.78,500,
14:42:26,14.78,2000,
14:42:33,14.78,100,
14:42:35,14.779,100,
14:42:35,14.779,1358,
14:42:38,14.787,300,
14:42:43,14.79,100,
14:42:55,14.78,500,
14:42:56,14.789,500,
14:42:59,14.79,500,
14:43:07,14.7899,2800,
14:43:08,14.79,1800,
14:43:08,14.79,500,
14:43:08,14.79,900,
14:43:09,14.80,900,
14:43:09,14.80,600,
14:43:09,14.80,600,
14:43:11,14.798,400,
14:43:11,14.799,100,
14:43:13,14.7915,2000,
14:43:14,14.80,478,
14:43:14,14.80,600,
14:43:14,14.80,150,
14:43:14,14.80,178,
14:43:22,14.7983,1000,
14:43:35,14.80,500,
14:43:36,14.81,600,
14:43:37,14.8182,1000,
14:43:38,14.82,300,
14:43:50,14.8199,100,
14:43:52,14.8101,4000,
14:43:53,14.81,100,
14:43:53,14.81,300,
14:43:53,14.81,400,
14:43:53,14.81,300,
14:43:59,14.82,500,
14:43:59,14.82,600,
14:43:59,14.82,2300,
14:43:59,14.82,1900,
14:43:59,14.82,900,
14:44:05,14.81,100,
14:44:14,14.81,400,
14:44:19,14.81,1250,
14:44:19,14.81,1400,
14:44:24,14.81,300,
14:44:29,14.80,200,
14:44:41,14.799,240,
14:44:53,14.799,100,
14:44:59,14.7999,4000,
14:45:01,14.80,300,
14:45:01,14.81,1301,
14:45:01,14.8001,2100,
14:45:06,14.80,100,
14:45:06,14.801,100,
14:45:08,14.80,100,
14:45:11,14.7908,2000,
14:45:17,14.79,100,
14:45:20,14.80,10500,
14:45:22,14.79,200,
14:45:38,14.799,300,
14:45:38,14.7917,600,
14:45:42,14.7985,2000,
14:45:49,14.7882,1000,
14:45:57,14.7888,1000,
14:46:08,14.789,300,
14:46:19,14.789,300,
14:46:25,14.78,3400,
14:46:31,14.78,100,
14:46:31,14.78,500,
14:46:31,14.78,100,
14:46:31,14.78,3000,
14:46:31,14.78,100,
14:46:31,14.78,100,
14:46:36,14.78,1000,
14:46:37,14.78,200,
14:46:42,14.79,100,
14:46:58,14.78,100,
14:46:58,14.78,100,
14:47:02,14.78,3000,
14:47:10,14.77,100,
14:47:20,14.7718,200,
14:47:24,14.78,200,
14:47:24,14.78,400,
14:47:38,14.7887,2000,
14:47:42,14.79,500,
14:47:42,14.79,200,
14:47:42,14.79,300,
14:47:42,14.79,400,
14:47:43,14.79,900,
14:47:45,14.79,300,
14:48:13,14.80,100,
14:48:26,14.7986,1500,
14:48:35,14.79,500,
14:48:56,14.80,100,
14:48:56,14.80,400,
14:48:56,14.80,100,
14:49:02,14.798,900,
14:49:06,14.796,3795,
14:49:08,14.79,200,
14:49:08,14.799,100,
14:49:23,14.7801,100,
14:49:24,14.7883,100,
14:49:31,14.78,100,
14:50:10,14.79,200,
14:50:10,14.79,1000,
14:50:10,14.79,300,
14:50:10,14.79,1100,
14:50:19,14.80,700,
14:50:35,14.81,100,
14:50:35,14.81,200,
14:50:43,14.8102,1000,
14:51:08,14.81,100,
14:51:18,14.81,100,
14:51:18,14.81,300,
14:51:23,14.8099,3525,
14:51:33,14.80,400,
14:51:33,14.80,1000,
14:51:42,14.80,700,
14:51:42,14.80,100,
14:51:48,14.799,100,
14:51:49,14.7918,500,
14:51:51,14.793,250,
14:51:59,14.7999,300,
14:52:04,14.80,1999,
14:52:04,14.80,300,
14:52:14,14.80,300,
14:52:17,14.80,100,
14:52:20,14.799,400,
14:52:23,14.7913,1500,
14:52:26,14.79,500,
14:52:27,14.79,100,
14:52:27,14.7899,100,
14:52:28,14.78,1000,
14:52:34,14.789,400,
14:52:42,14.789,400,
14:52:46,14.78,100,
14:52:58,14.78,700,
14:53:03,14.79,100,
14:53:06,14.80,100,
14:53:06,14.80,500,
14:53:09,14.792,1800,
14:53:27,14.799,500,
14:53:39,14.7917,1200,
14:53:50,14.79,100,
14:54:10,14.79,100,
14:54:10,14.79,300,
14:54:10,14.79,600,
14:54:31,14.79,100,
14:54:40,14.79,400,
14:54:51,14.79,600,
14:54:51,14.79,300,
14:54:59,14.78,200,
14:55:10,14.78,200,
14:55:11,14.7701,500,
14:55:46,14.77,100,
14:55:51,14.78,400,
14:55:54,14.7738,900,
14:55:54,14.7782,100,
14:56:10,14.7783,600,
14:56:16,14.7798,200,
14:56:27,14.77,100,
14:56:36,14.771,2000,
14:56:56,14.77,300,
14:56:56,14.77,165,
14:57:03,14.76,1000,
14:57:32,14.7613,1000,
14:57:43,14.762,1000,
14:57:48,14.76,400,
14:57:48,14.76,600,
14:58:06,14.77,365,
14:58:06,14.77,200,
14:58:51,14.7699,500,
14:58:57,14.77,1000,
14:59:09,14.77,100,
14:59:09,14.78,800,
14:59:13,14.78,200,
14:59:44,14.79,400,
14:59:44,14.79,200,
14:59:44,14.79,100,
14:59:50,14.78,100,
14:59:51,14.79,1500,
14:59:56,14.80,100,
15:00:03,14.79,100,
15:00:03,14.79,300,
15:00:16,14.783,101,
15:00:25,14.788,1800,
15:00:25,14.78,1400,
15:00:41,14.7782,1000,
15:01:10,14.7892,5000,
15:01:30,14.79,400,
15:01:34,14.782,1800,
15:01:43,14.7887,1000,
15:01:54,14.787,400,
15:02:06,14.79,500,
15:02:16,14.79,300,
15:02:16,14.7885,7800,
15:02:16,14.7899,300,
15:02:16,14.79,1500,
15:02:20,14.79,100,
15:02:28,14.79,700,
15:02:33,14.79,200,
15:02:33,14.79,600,
15:02:35,14.79,300,
15:03:04,14.79,100,
15:03:06,14.79,200,
15:03:12,14.79,100,
15:03:41,14.79,300,
15:03:45,14.80,500,
15:03:52,14.80,200,
15:03:57,14.80,1700,
15:03:57,14.80,7900,
15:04:07,14.8018,400,
15:04:11,14.80,100,
15:04:11,14.80,600,
15:04:15,14.7985,600,
15:04:15,14.7999,200,
15:04:15,14.7999,600,
15:04:15,14.7914,100,
15:04:15,14.7999,200,
15:04:19,14.799,3000,
15:04:27,14.80,30000,
15:04:30,14.80,600,
15:04:30,14.80,200,
15:04:42,14.799,300,
15:04:45,14.79,1700,
15:04:45,14.79,1000,
15:04:54,14.79,100,
15:04:54,14.79,100,
15:04:57,14.79,100,
15:05:00,14.79,300,
15:05:05,14.79,100,
15:05:16,14.798,400,
15:05:33,14.79,403,
15:05:37,14.7999,850,
15:06:18,14.7999,200,
15:06:19,14.79,200,
15:06:35,14.80,100,
15:06:36,14.80,100,
15:06:37,14.7983,1000,
15:06:41,14.80,300,
15:06:46,14.791,110,
15:06:46,14.7925,1890,
15:07:04,14.80,1640,
15:07:04,14.80,300,
15:07:04,14.80,260,
15:07:22,14.799,200,
15:07:25,14.79,1400,
15:07:33,14.79,500,
15:07:49,14.797,200,
15:07:52,14.7999,1000,
15:08:21,14.7999,1000,
15:08:29,14.79,100,
15:08:44,14.80,500,
15:08:57,14.79,1000,
15:09:34,14.79,100,
15:09:40,14.80,1000,
15:09:53,14.79,700,
15:09:53,14.79,550,
15:09:53,14.79,700,
15:09:53,14.79,100,
15:09:54,14.79,100,
15:10:05,14.79,160,
15:10:05,14.79,1300,
15:10:07,14.79,2200,
15:10:07,14.79,997,
15:10:07,14.79,503,
15:10:07,14.79,100,
15:10:16,14.79,100,
15:10:22,14.80,100,
15:10:22,14.80,100,
15:10:23,14.81,186,
15:10:34,14.8101,1500,
15:10:37,14.8199,1200,
15:10:40,14.82,500,
15:10:40,14.82,5000,
15:10:41,14.83,500,
15:10:54,14.8285,2000,
15:10:54,14.83,500,
15:11:04,14.83,300,
15:11:04,14.84,300,
15:11:04,14.84,400,
15:11:05,14.839,300,
15:11:05,14.84,400,
15:11:06,14.84,160,
15:11:06,14.83,100,
15:11:06,14.83,300,
15:11:06,14.839,200,
15:11:08,14.83,114,
15:11:09,14.839,500,
15:11:09,14.84,3000,
15:11:13,14.83,200,
15:11:13,14.8299,1000,
15:11:16,14.8275,400,
15:11:16,14.8279,700,
15:11:24,14.82,365,
15:11:24,14.82,100,
15:11:24,14.82,300,
15:11:25,14.81,400,
15:11:31,14.82,300,
15:11:39,14.83,1000,
15:11:43,14.829,300,
15:11:47,14.81,801,
15:11:47,14.815,300,
15:11:57,14.82,500,
15:11:57,14.82,300,
15:11:57,14.8282,153,
15:12:00,14.82,100,
15:12:00,14.82,500,
15:12:10,14.829,3000,
15:12:11,14.82,800,
15:12:23,14.82,100,
15:12:23,14.82,300,
15:12:24,14.8102,500,
15:12:35,14.81,100,
15:12:35,14.81,2000,
15:12:35,14.80,8000,
15:12:35,14.81,400,
15:12:35,14.81,900,
15:12:36,14.81,500,
15:12:37,14.80,6750,
15:12:39,14.81,400,
15:12:40,14.802,1000,
15:12:43,14.81,100,
15:12:44,14.8183,500,
15:12:56,14.82,185,
15:13:04,14.82,286,
15:13:09,14.8199,100,
15:13:10,14.82,200,
15:13:14,14.8217,1000,
15:13:15,14.82,100,
15:13:15,14.82,2700,
15:13:15,14.82,100,
15:13:15,14.82,500,
15:13:17,14.82,900,
15:13:17,14.82,100,
15:13:18,14.82,139,
15:13:18,14.82,300,
15:13:18,14.82,2300,
15:13:23,14.8299,100,
15:13:39,14.83,300,
15:13:53,14.8222,4000,
15:13:56,14.829,900,
15:13:58,14.83,500,
15:14:07,14.838,1000,
15:14:12,14.8315,4000,
15:14:18,14.83,500,
15:14:22,14.83,155,
15:14:22,14.83,100,
15:14:26,14.825,100,
15:14:28,14.8296,600,
15:14:34,14.8275,2000,
15:14:38,14.82,300,
15:14:46,14.8292,4000,
15:15:02,14.8282,100,
15:15:09,14.83,200,
15:15:09,14.83,100,
15:15:09,14.83,100,
15:15:09,14.83,3388,
15:15:09,14.83,1212,
15:15:09,14.83,158,
15:15:09,14.83,108,
15:15:09,14.83,200,
15:15:09,14.83,500,
15:15:09,14.83,400,
15:15:09,14.83,100,
15:15:12,14.83,600,
15:15:15,14.83,400,
15:15:15,14.83,200,
15:15:15,14.83,400,
15:15:15,14.829,300,
15:15:16,14.828,400,
15:15:24,14.83,800,
15:15:26,14.83,100,
15:15:26,14.8283,1000,
15:15:28,14.821,100,
15:15:31,14.82,100,
15:15:31,14.82,500,
15:15:40,14.81,200,
15:15:45,14.81,300,
15:15:50,14.81,300,
15:15:52,14.80,300,
15:15:55,14.81,300,
15:17:02,14.83,906,
15:17:02,14.83,700,
15:17:05,14.83,100,
15:17:20,14.83,1049,
15:17:20,14.83,4000,
15:17:23,14.825,200,
15:17:39,14.8255,1900,
15:17:48,14.82,1000,
15:17:48,14.82,1800,
15:17:49,14.8201,400,
15:17:54,14.83,267,
15:17:54,14.84,900,
15:17:54,14.84,1900,
15:17:54,14.84,300,
15:17:54,14.84,1800,
15:17:54,14.84,1099,
15:17:54,14.84,700,
15:17:57,14.84,300,
15:17:58,14.84,500,
15:17:58,14.84,300,
15:17:58,14.84,400,
15:17:58,14.84,900,
15:17:58,14.84,300,
15:17:58,14.84,100,
15:17:58,14.84,100,
15:17:58,14.84,335,
15:17:58,14.84,1800,
15:17:58,14.84,1800,
15:17:58,14.84,1800,
15:17:58,14.84,300,
15:18:03,14.84,100,
15:18:09,14.84,900,
15:18:09,14.84,300,
15:18:09,14.84,1000,
15:18:09,14.84,100,
15:18:09,14.84,700,
15:18:09,14.84,600,
15:18:26,14.85,250,
15:18:28,14.85,7536,
15:18:29,14.849,250,
15:18:35,14.85,1900,
15:18:35,14.85,1064,
15:18:35,14.85,564,
15:18:35,14.85,1500,
15:18:35,14.85,400,
15:18:35,14.85,1500,
15:18:35,14.85,200,
15:18:36,14.85,2464,
15:18:36,14.85,1000,
15:18:36,14.85,900,
15:18:36,14.85,1000,
15:18:36,14.85,1800,
15:18:36,14.85,600,
15:18:45,14.8475,200,
15:18:48,14.84,100,
15:18:48,14.84,300,
15:18:53,14.841,2000,
15:19:05,14.84,1200,
15:19:13,14.8399,100,
15:19:15,14.8383,1200,
15:19:15,14.84,200,
15:19:15,14.8301,2000,
15:19:16,14.84,1000,
15:19:16,14.84,1600,
15:19:16,14.8399,100,
15:19:16,14.84,1000,
15:19:23,14.84,100,
15:19:35,14.84,475,
15:19:42,14.84,100,
15:19:42,14.84,500,
15:19:42,14.84,100,
15:19:42,14.84,100,
15:19:42,14.84,100,
15:19:42,14.84,100,
15:19:42,14.84,5700,
15:19:42,14.85,900,
15:19:42,14.85,1686,
15:19:42,14.85,1000,
15:19:42,14.85,100,
15:19:50,14.8517,1000,
15:19:58,14.85,100,
15:19:58,14.85,100,
15:19:59,14.852,500,
15:20:05,14.849,1200,
15:20:09,14.8417,500,
15:20:24,14.85,300,
15:20:32,14.86,300,
15:20:32,14.86,500,
15:20:33,14.86,100,
15:20:34,14.86,300,
15:20:36,14.86,114,
15:20:39,14.859,100,
15:20:40,14.86,100,
15:20:41,14.86,100,
15:20:41,14.858,1400,
15:20:45,14.87,500,
15:20:47,14.88,114,
15:20:47,14.8798,1000,
15:20:52,14.88,1200,
15:20:54,14.8799,100,
15:20:54,14.8799,200,
15:20:54,14.8799,400,
15:20:54,14.8799,200,
15:20:54,14.88,100,
15:20:57,14.879,200,
15:20:58,14.88,1600,
15:20:58,14.88,385,
15:20:59,14.879,200,
15:20:59,14.879,200,
15:21:00,14.89,100,
15:21:01,14.8899,200,
15:21:01,14.89,200,
15:21:01,14.8899,100,
15:21:01,14.89,100,
15:21:01,14.89,100,
15:21:04,14.88,850,
15:21:05,14.88,155,
15:21:06,14.88,400,
15:21:06,14.88,100,
15:21:06,14.88,100,
15:21:07,14.88,1500,
15:21:07,14.8799,500,
15:21:08,14.88,285,
15:21:08,14.877,336,
15:21:12,14.8817,1000,
15:21:13,14.88,300,
15:21:13,14.88,500,
15:21:16,14.8715,5000,
15:21:17,14.87,559,
15:21:17,14.87,700,
15:21:20,14.86,2000,
15:21:20,14.8683,300,
15:21:25,14.8601,500,
15:21:30,14.8608,1500,
15:21:36,14.8603,1600,
15:21:51,14.86,100,
15:21:53,14.86,100,
15:21:55,14.86,300,
15:21:57,14.85,100,
15:21:57,14.85,300,
15:21:57,14.85,100,
15:22:01,14.85,300,
15:22:04,14.8517,1200,
15:22:07,14.85,100,
15:22:12,14.8585,1377,
15:22:12,14.85,100,
15:22:13,14.85,100,
15:22:19,14.85,100,
15:22:23,14.84,800,
15:22:25,14.84,100,
15:22:25,14.8463,100,
15:22:26,14.84,500,
15:22:27,14.84,900,
15:22:29,14.831,2000,
15:22:30,14.8301,2500,
15:22:33,14.84,299,
15:22:33,14.84,300,
15:22:35,14.85,901,
15:22:35,14.839,300,
15:22:35,14.839,299,
15:22:36,14.839,300,
15:22:41,14.84,800,
15:22:42,14.85,200,
15:22:42,14.85,600,
15:22:46,14.8481,200,
15:22:52,14.85,600,
15:22:52,14.85,100,
15:22:54,14.85,500,
15:22:56,14.841,1984,
15:23:05,14.8405,1000,
15:23:07,14.85,300,
15:23:08,14.8575,800,
15:23:09,14.86,1700,
15:23:27,14.8502,1500,
15:23:41,14.8501,2000,
15:23:43,14.85,100,
15:23:43,14.85,200,
15:23:43,14.85,300,
15:23:43,14.85,100,
15:23:43,14.85,300,
15:23:43,14.85,1600,
15:23:43,14.85,350,
15:23:43,14.851,499,
15:23:43,14.851,2000,
15:23:44,14.85,6400,
15:23:45,14.851,800,
15:23:47,14.86,300,
15:23:47,14.86,500,
15:23:48,14.86,100,
15:23:48,14.86,700,
15:23:48,14.8578,800,
15:23:48,14.86,300,
15:23:48,14.8577,200,
15:23:54,14.858,1000,
15:24:02,14.851,800,
15:24:02,14.851,800,
15:24:04,14.8402,500,
15:24:11,14.85,600,
15:24:16,14.85,300,
15:24:16,14.85,300,
15:24:23,14.8513,500,
15:24:29,14.858,500,
15:24:39,14.858,961,
15:24:40,14.85,300,
15:24:41,14.8413,1000,
15:24:46,14.8408,1000,
15:25:06,14.84,100,
15:25:06,14.84,100,
15:25:12,14.832,1000,
15:25:23,14.84,600,
15:25:26,14.84,13300,
15:25:27,14.84,600,
15:25:27,14.84,200,
15:25:27,14.84,400,
15:25:45,14.8308,2450,
15:25:53,14.84,300,
15:25:55,14.84,100,
15:25:56,14.84,100,
15:26:10,14.8401,1500,
15:26:15,14.85,300,
15:26:21,14.85,950,
15:26:32,14.8401,3000,
15:26:33,14.84,100,
15:26:33,14.84,100,
15:26:33,14.84,300,
15:26:33,14.84,100,
15:26:40,14.8383,1000,
15:26:41,14.839,100,
15:26:43,14.84,400,
15:27:08,14.843,100,
15:27:17,14.8401,2500,
15:27:18,14.85,300,
15:27:19,14.85,100,
15:27:27,14.852,2100,
15:27:30,14.86,900,
15:27:33,14.86,1500,
15:27:34,14.86,300,
15:27:37,14.86,4000,
15:27:40,14.86,300,
15:27:43,14.861,500,
15:27:56,14.86,100,
15:27:59,14.86,800,
15:27:59,14.86,700,
15:27:59,14.86,400,
15:28:00,14.86,800,
15:28:00,14.86,800,
15:28:02,14.8617,400,
15:28:13,14.861,400,
15:28:13,14.861,400,
15:28:16,14.86,100,
15:28:16,14.86,2872,
15:28:16,14.86,1200,
15:28:17,14.85,100,
15:28:17,14.85,300,
15:28:17,14.84,100,
15:28:17,14.848,1000,
15:28:39,14.84,300,
15:28:52,14.84,220,
15:28:52,14.84,100,
15:28:52,14.84,800,
15:29:08,14.8301,3000,
15:29:09,14.84,800,
15:29:12,14.832,800,
15:29:13,14.84,200,
15:29:18,14.85,3500,
15:29:18,14.84,4600,
15:29:27,14.8482,1000,
15:29:29,14.85,200,
15:29:31,14.85,100,
15:30:07,14.85,300,
15:30:07,14.85,200,
15:30:07,14.85,200,
15:30:21,14.8499,1000,
15:30:26,14.85,400,
15:30:26,14.85,100,
15:30:26,14.85,100,
15:30:26,14.85,100,
15:30:26,14.85,800,
15:30:26,14.855,200,
15:30:37,14.86,262,
15:30:37,14.86,500,
15:30:43,14.87,254,
15:30:48,14.868,100,
15:31:01,14.87,800,
15:31:26,14.86,600,
15:31:26,14.86,200,
15:31:30,14.86,851,
15:31:36,14.86,100,
15:31:51,14.85,100,
15:31:51,14.85,200,
15:32:11,14.85,100,
15:32:11,14.85,100,
15:32:11,14.85,200,
15:32:12,14.85,100,
15:32:24,14.858,500,
15:32:35,14.86,149,
15:32:47,14.86,800,
15:32:52,14.86,200,
15:32:54,14.86,100,
15:32:54,14.85,400,
15:32:55,14.85,100,
15:33:03,14.858,250,
15:33:08,14.86,200,
15:33:08,14.8563,100,
15:33:08,14.8657,200,
15:33:17,14.8699,500,
15:33:18,14.8699,100,
15:33:18,14.87,100,
15:33:18,14.8683,1200,
15:33:23,14.87,150,
15:33:23,14.8669,100,
15:33:25,14.87,120,
15:33:57,14.87,2000,
15:33:57,14.8701,900,
15:33:57,14.8799,100,
15:33:59,14.8755,588,
15:34:22,14.87,800,
15:34:22,14.87,100,
15:34:22,14.87,100,
15:34:22,14.87,1600,
15:34:22,14.87,200,
15:34:22,14.87,700,
15:34:22,14.87,253,
15:34:26,14.87,400,
15:34:26,14.87,200,
15:34:26,14.87,300,
15:34:26,14.87,500,
15:34:26,14.87,100,
15:34:26,14.87,1347,
15:34:32,14.8702,150,
15:34:33,14.88,300,
15:34:33,14.88,2800,
15:34:35,14.88,100,
15:34:42,14.89,100,
15:34:57,14.889,864,
15:34:58,14.89,864,
15:35:02,14.89,200,
15:35:10,14.89,100,
15:35:10,14.89,200,
15:35:16,14.888,700,
15:35:26,14.8883,500,
15:35:31,14.8801,3000,
15:36:03,14.88,300,
15:36:03,14.88,200,
15:36:04,14.8808,800,
15:36:11,14.88,100,
15:36:18,14.8844,230,
15:36:20,14.8801,2000,
15:36:22,14.882,2100,
15:36:24,14.882,1100,
15:36:24,14.882,3300,
15:36:28,14.887,120,
15:36:39,14.8914,1000,
15:36:54,14.895,100,
15:37:03,14.90,100,
15:37:04,14.891,200,
15:37:06,14.89,500,
15:37:13,14.90,200,
15:37:13,14.90,300,
15:37:15,14.8987,500,
15:37:15,14.90,1000,
15:37:15,14.90,254,
15:37:18,14.91,300,
15:37:20,14.90,500,
15:37:21,14.908,300,
15:37:24,14.91,300,
15:37:25,14.9087,100,
15:37:26,14.90,300,
15:37:27,14.90,500,
15:37:30,14.91,100,
15:37:30,14.91,592,
15:37:30,14.91,100,
15:37:30,14.91,100,
15:37:30,14.91,1500,
15:37:31,14.91,100,
15:37:31,14.91,200,
15:37:38,14.91,300,
15:37:38,14.91,100,
15:37:38,14.91,500,
15:37:38,14.91,400,
15:37:38,14.91,200,
15:37:40,14.9086,100,
15:37:43,14.908,400,
15:37:45,14.91,1900,
15:37:50,14.9004,200,
15:37:52,14.90,500,
15:37:54,14.907,100,
15:37:55,14.901,2740,
15:38:01,14.9008,900,
15:38:08,14.91,1250,
15:38:14,14.901,1300,
15:38:14,14.91,400,
15:38:15,14.90,9900,
15:38:17,14.91,800,
15:38:17,14.91,1400,
15:38:17,14.91,800,
15:38:17,14.91,400,
15:38:17,14.91,1600,
15:38:17,14.91,1600,
15:38:17,14.91,200,
15:38:17,14.91,100,
15:38:19,14.911,800,
15:38:19,14.92,800,
15:38:21,14.92,400,
15:38:32,14.9183,1000,
15:38:32,14.92,200,
15:38:32,14.92,300,
15:38:38,14.91,300,
15:38:38,14.91,300,
15:38:38,14.91,6300,
15:38:39,14.901,700,
15:38:39,14.901,1500,
15:38:40,14.9098,200,
15:38:42,14.91,800,
15:38:44,14.91,800,
15:38:44,14.91,200,
15:38:44,14.91,100,
15:38:44,14.91,2000,
15:38:44,14.91,600,
15:38:46,14.91,100,
15:38:46,14.91,800,
15:38:46,14.91,500,
15:38:51,14.9197,1000,
15:38:55,14.92,500,
15:39:00,14.92,254,
15:39:00,14.92,800,
15:39:01,14.911,300,
15:39:04,14.91,2300,
15:39:04,14.9108,700,
15:39:05,14.911,2600,
15:39:06,14.911,2000,
15:39:07,14.91,300,
15:39:08,14.91,100,
15:39:08,14.91,100,
15:39:10,14.91,100,
15:39:10,14.91,1300,
15:39:10,14.91,100,
15:39:11,14.92,100,
15:39:13,14.92,900,
15:39:15,14.93,250,
15:39:15,14.93,900,
15:39:15,14.93,300,
15:39:18,14.92,200,
15:39:21,14.93,500,
15:39:25,14.9275,1000,
15:39:30,14.92,300,
15:39:31,14.9101,1100,
15:39:34,14.911,400,
15:39:36,14.912,400,
15:39:45,14.92,200,
15:39:45,14.911,2100,
15:39:46,14.92,950,
15:39:49,14.9265,100,
15:39:57,14.93,1800,
15:39:59,14.92,350,
15:39:59,14.92,600,
15:39:59,14.92,200,
15:40:01,14.922,580,
15:40:04,14.91,300,
15:40:11,14.9108,3000,
15:40:14,14.92,400,
15:40:14,14.92,100,
15:40:20,14.9182,250,
15:40:32,14.9301,200,
15:40:35,14.93,100,
15:40:36,14.93,400,
15:40:36,14.93,200,
15:40:37,14.94,500,
15:40:37,14.94,300,
15:40:38,14.9365,2000,
15:40:39,14.94,348,
15:40:40,14.94,100,
15:40:40,14.94,100,
15:40:40,14.94,200,
15:40:40,14.94,100,
15:40:52,14.938,715,
15:40:52,14.9318,200,
15:40:55,14.94,2000,
15:40:55,14.95,254,
15:40:56,14.95,150,
15:40:56,14.95,1900,
15:40:56,14.95,1570,
15:40:56,14.96,100,
15:40:56,14.96,600,
15:40:56,14.96,300,
15:40:56,14.96,200,
15:40:56,14.96,800,
15:40:56,14.95,800,
15:40:57,14.95,700,
15:40:58,14.95,236,
15:40:58,14.96,440,
15:40:58,14.95,100,
15:40:59,14.95,509,
15:40:59,14.95,291,
15:41:01,14.95,200,
15:41:02,14.95,800,
15:41:05,14.9482,500,
15:41:07,14.941,800,
15:41:07,14.95,300,
15:41:07,14.941,4200,
15:41:11,14.95,500,
15:41:12,14.95,100,
15:41:13,14.941,250,
15:41:15,14.941,300,
15:41:15,14.95,800,
15:41:19,14.945,750,
15:41:22,14.941,300,
15:41:23,14.94,800,
15:41:23,14.9417,100,
15:41:23,14.9419,200,
15:41:25,14.94,100,
15:41:26,14.942,500,
15:41:30,14.943,100,
15:41:31,14.94,200,
15:41:33,14.941,300,
15:41:34,14.9417,1000,
15:41:40,14.941,300,
15:41:42,14.95,400,
15:41:49,14.94,100,
15:41:50,14.94,2900,
15:41:50,14.94,100,
15:41:50,14.935,100,
15:41:53,14.9399,4000,
15:42:00,14.93,900,
15:42:05,14.9301,7500,
15:42:06,14.93,100,
15:42:07,14.931,200,
15:42:11,14.94,500,
15:42:12,14.94,800,
15:42:16,14.94,905,
15:42:16,14.94,100,
15:42:16,14.94,233,
15:42:20,14.94,100,
15:42:22,14.93,100,
15:42:23,14.9302,1000,
15:42:27,14.93,200,
15:42:27,14.93,1600,
15:42:33,14.93,262,
15:42:33,14.93,400,
15:42:33,14.93,300,
15:42:35,14.9398,750,
15:42:36,14.93,175,
15:42:36,14.93,500,
15:42:39,14.93,100,
15:42:41,14.92,200,
15:42:41,14.922,2600,
15:42:43,14.92,300,
15:42:44,14.921,100,
15:42:52,14.92,300,
15:42:56,14.93,3400,
15:42:57,14.9222,1500,
15:42:58,14.92,500,
15:42:58,14.92,100,
15:42:58,14.92,700,
15:43:13,14.92,668,
15:43:13,14.92,300,
15:43:15,14.91,100,
15:43:26,14.92,1000,
15:43:30,14.92,3800,
15:43:30,14.92,3700,
15:43:37,14.94,100,
15:43:37,14.94,400,
15:43:37,14.94,100,
15:43:37,14.93,300,
15:43:37,14.94,800,
15:43:37,14.94,300,
15:43:43,14.939,3100,
15:43:43,14.9387,500,
15:43:49,14.937,120,
15:43:49,14.94,800,
15:43:51,14.94,300,
15:43:51,14.95,200,
15:43:51,14.946,250,
15:43:53,14.94,300,
15:43:53,14.93,400,
15:43:53,14.93,900,
15:43:53,14.93,300,
15:43:54,14.93,100,
15:43:54,14.93,300,
15:44:01,14.9313,200,
15:44:02,14.93,100,
15:44:02,14.93,100,
15:44:03,14.93,100,
15:44:03,14.93,500,
15:44:03,14.93,100,
15:44:11,14.9301,4000,
15:44:12,14.9313,325,
15:44:39,14.93,300,
15:44:39,14.93,100,
15:44:40,14.93,100,
15:44:45,14.93,200,
15:44:45,14.93,100,
15:44:50,14.92,900,
15:45:00,14.93,200,
15:45:00,14.93,200,
15:45:05,14.93,100,
15:45:12,14.93,200,
15:45:22,14.9283,1000,
15:45:30,14.931,1500,
15:45:31,14.931,300,
15:45:31,14.931,300,
15:45:31,14.931,1200,
15:45:33,14.94,254,
15:45:43,14.93,500,
15:45:47,14.94,400,
15:45:59,14.95,100,
15:45:59,14.95,500,
15:45:59,14.95,200,
15:45:59,14.95,500,
15:45:59,14.95,100,
15:46:01,14.95,225,
15:46:01,14.95,225,
15:46:06,14.9499,1000,
15:46:09,14.941,400,
15:46:14,14.94,225,
15:46:20,14.9383,1000,
15:46:25,14.932,1000,
15:46:26,14.9356,1000,
15:46:30,14.94,200,
15:46:30,14.94,300,
15:46:33,14.94,100,
15:46:34,14.9387,100,
15:46:37,14.94,200,
15:46:43,14.948,200,
15:46:46,14.941,800,
15:46:47,14.942,200,
15:46:48,14.93,200,
15:46:50,14.9299,300,
15:46:50,14.9299,100,
15:46:50,14.9283,1000,
15:47:00,14.92,300,
15:47:00,14.92,1600,
15:47:00,14.92,300,
15:47:00,14.92,175,
15:47:00,14.92,225,
15:47:02,14.9101,185,
15:47:03,14.92,984,
15:47:03,14.92,100,
15:47:03,14.92,300,
15:47:05,14.921,2400,
15:47:10,14.928,450,
15:47:14,14.92,100,
15:47:15,14.911,200,
15:47:16,14.912,100,
15:47:17,14.91,100,
15:47:17,14.92,300,
15:47:17,14.92,200,
15:47:18,14.92,116,
15:47:20,14.921,200,
15:47:22,14.9203,1000,
15:47:29,14.92,200,
15:47:33,14.92,100,
15:47:37,14.93,800,
15:47:37,14.92,200,
15:47:37,14.91,400,
15:47:37,14.92,100,
15:47:39,14.921,300,
15:47:40,14.93,200,
15:47:40,14.93,200,
15:47:40,14.93,100,
15:47:40,14.93,1000,
15:47:40,14.93,100,
15:47:40,14.93,400,
15:47:40,14.921,200,
15:47:41,14.921,300,
15:47:43,14.93,500,
15:47:43,14.93,200,
15:47:43,14.93,300,
15:47:44,14.9382,500,
15:47:54,14.94,300,
15:47:56,14.94,100,
15:47:56,14.94,2000,
15:48:04,14.941,500,
15:48:08,14.941,300,
15:48:16,14.94,1000,
15:48:17,14.95,300,
15:48:22,14.94,100,
15:48:23,14.941,500,
15:48:26,14.95,800,
15:48:26,14.95,500,
15:48:27,14.95,200,
15:48:27,14.95,100,
15:48:31,14.95,100,
15:48:31,14.95,500,
15:48:31,14.95,100,
15:48:31,14.95,1600,
15:48:31,14.95,100,
15:48:31,14.95,1749,
15:48:31,14.95,2000,
15:48:31,14.948,800,
15:48:31,14.949,1000,
15:48:34,14.948,1000,
15:48:37,14.95,500,
15:48:40,14.95,900,
15:48:40,14.95,100,
15:48:41,14.9499,100,
15:48:41,14.95,100,
15:48:41,14.95,100,
15:48:43,14.95,100,
15:48:50,14.95,1398,
15:48:50,14.95,200,
15:49:00,14.96,400,
15:49:00,14.96,800,
15:49:00,14.96,300,
15:49:00,14.96,1798,
15:49:00,14.96,600,
15:49:00,14.96,100,
15:49:00,14.96,200,
15:49:00,14.96,100,
15:49:00,14.97,754,
15:49:00,14.97,100,
15:49:00,14.97,400,
15:49:00,14.97,100,
15:49:00,14.96,100,
15:49:00,14.97,600,
15:49:00,14.97,200,
15:49:00,14.97,500,
15:49:00,14.96,100,
15:49:00,14.97,100,
15:49:00,14.97,805,
15:49:01,14.965,100,
15:49:01,14.97,200,
15:49:01,14.97,600,
15:49:01,14.97,200,
15:49:01,14.97,1000,
15:49:03,14.97,100,
15:49:03,14.962,400,
15:49:04,14.96,100,
15:49:06,14.97,100,
15:49:06,14.97,400,
15:49:06,14.97,200,
15:49:10,14.97,200,
15:49:11,14.962,200,
15:49:14,14.969,1000,
15:49:16,14.961,100,
15:49:17,14.97,200,
15:49:21,14.96,200,
15:49:21,14.96,600,
15:49:21,14.96,100,
15:49:22,14.95,100,
15:49:22,14.9501,500,
15:49:23,14.95,300,
15:49:24,14.96,200,
15:49:24,14.96,300,
15:49:24,14.96,200,
15:49:24,14.96,200,
15:49:24,14.96,100,
15:49:24,14.96,100,
15:49:27,14.96,100,
15:49:32,14.96,1300,
15:49:32,14.96,650,
15:49:32,14.96,200,
15:49:32,14.96,500,
15:49:34,14.952,2000,
15:49:38,14.9501,5000,
15:49:41,14.96,800,
15:49:43,14.9501,100,
15:49:44,14.96,500,
15:49:44,14.96,1300,
15:49:47,14.96,100,
15:49:48,14.96,600,
15:49:48,14.9599,2000,
15:49:49,14.951,1300,
15:49:49,14.963,100,
15:49:49,14.961,200,
15:49:50,14.961,100,
15:49:50,14.961,100,
15:49:50,14.95,1200,
15:49:50,14.95,800,
15:49:57,14.95,400,
15:50:00,14.9518,300,
15:50:05,14.9583,1670,
15:50:11,14.9517,1000,
15:50:11,14.95,300,
15:50:11,14.95,3000,
15:50:11,14.95,100,
15:50:11,14.95,100,
15:50:11,14.95,500,
15:50:11,14.95,100,
15:50:14,14.948,1000,
15:50:14,14.95,300,
15:50:14,14.95,150,
15:50:14,14.96,2500,
15:50:14,14.96,1300,
15:50:14,14.96,2400,
15:50:14,14.96,905,
15:50:14,14.96,1200,
15:50:14,14.96,1600,
15:50:14,14.96,600,
15:50:14,14.96,150,
15:50:14,14.96,200,
15:50:14,14.96,6000,
15:50:14,14.96,1200,
15:50:14,14.9582,300,
15:50:15,14.9538,1500,
15:50:17,14.953,425,
15:50:17,14.96,1000,
15:50:21,14.951,700,
15:50:23,14.96,600,
15:50:29,14.95,400,
15:50:29,14.95,100,
15:50:30,14.9481,200,
15:50:33,14.94,100,
15:50:33,14.94,1600,
15:50:33,14.94,200,
15:50:37,14.94,300,
15:50:37,14.935,1200,
15:50:38,14.94,1900,
15:50:38,14.94,1500,
15:50:38,14.94,5000,
15:50:39,14.9485,500,
15:50:41,14.948,500,
15:50:44,14.941,500,
15:50:45,14.94,100,
15:50:45,14.9396,1000,
15:50:47,14.939,580,
15:50:53,14.94,300,
15:51:02,14.9487,2695,
15:51:03,14.9487,2200,
15:51:03,14.9487,200,
15:51:08,14.95,1200,
15:51:08,14.95,950,
15:51:14,14.9401,3500,
15:51:19,14.9402,800,
15:51:23,14.94,100,
15:51:23,14.94,700,
15:51:23,14.94,600,
15:51:23,14.94,100,
15:51:23,14.9301,100,
15:51:23,14.9301,100,
15:51:23,14.9301,100,
15:51:23,14.9301,100,
15:51:24,14.93,100,
15:51:24,14.9301,100,
15:51:24,14.93,100,
15:51:26,14.93,500,
15:51:28,14.934,2300,
15:51:35,14.9302,1200,
15:51:35,14.93,200,
15:51:37,14.93,100,
15:51:37,14.93,500,
15:51:37,14.93,500,
15:51:38,14.92,300,
15:51:46,14.9201,2000,
15:51:47,14.93,200,
15:51:49,14.9283,1800,
15:51:50,14.92,800,
15:51:50,14.92,100,
15:51:50,14.92,500,
15:51:50,14.92,100,
15:51:50,14.92,1600,
15:51:50,14.92,1600,
15:51:50,14.92,1600,
15:51:50,14.92,1600,
15:51:50,14.92,100,
15:51:50,14.92,100,
15:51:50,14.92,600,
15:51:50,14.928,100,
15:51:53,14.9117,1200,
15:51:56,14.92,900,
15:51:58,14.92,300,
15:51:58,14.92,100,
15:51:58,14.92,300,
15:51:58,14.92,200,
15:52:05,14.921,1000,
15:52:21,14.93,100,
15:52:21,14.93,300,
15:52:21,14.93,400,
15:52:23,14.94,300,
15:52:23,14.94,500,
15:52:28,14.9399,2000,
15:52:31,14.9301,351,
15:52:35,14.931,1300,
15:52:35,14.938,500,
15:52:35,14.931,1200,
15:52:41,14.931,1100,
15:52:45,14.931,100,
15:52:45,14.9398,140,
