09:30:00,21.49,300,
09:30:00,21.49,300,
09:30:00,21.49,300,
09:30:00,21.50,300,
09:30:00,21.51,300,
09:30:00,21.52,300,
09:30:00,21.53,200,
09:30:00,21.53,300,
09:30:01,21.53,300,
09:30:01,21.53,300,
09:30:02,21.53,300,
09:30:02,21.55,300,
09:30:02,21.55,300,
09:30:04,21.55,100,
09:30:05,21.56,300,
09:30:05,21.56,200,
09:30:06,21.59,200,
09:30:06,21.60,300,
09:30:06,21.60,300,
09:30:06,21.60,300,
09:30:06,21.60,700,
09:30:06,21.57,300,
09:30:06,21.55,100,
09:30:06,21.56,800,
09:30:07,21.56,100,
09:30:07,21.55,300,
09:30:07,21.55,300,
09:30:08,21.54,300,
09:30:08,21.54,300,
09:30:08,21.55,300,
09:30:08,21.55,300,
09:30:10,21.53,100,
09:30:12,21.595,100,
09:30:12,21.548,1000,
09:30:12,21.60,100,
09:30:13,21.545,800,
09:30:13,21.5299,360,
09:30:13,21.55,100,
09:30:14,21.55,100,
09:30:14,21.55,200,
09:30:14,21.57,300,
09:30:15,21.59,300,
09:30:15,21.58,100,
09:30:15,21.58,200,
09:30:15,21.58,300,
09:30:16,21.5799,300,
09:30:19,21.5301,100,
09:30:19,21.5301,100,
09:30:19,21.60,800,
09:30:19,21.60,125,
09:30:19,21.5301,100,
09:30:20,21.59,300,
09:30:24,21.60,300,
09:30:25,21.60,300,
09:30:25,21.60,100,
09:30:25,21.60,100,
09:30:25,21.60,100,
09:30:27,21.6099,500,
09:30:27,21.6099,2000,
09:30:28,21.61,100,
09:30:29,21.62,100,
09:30:30,21.62,800,
09:30:30,21.5999,1200,
09:30:31,21.63,100,
09:30:32,21.6299,400,
09:30:33,21.627,300,
09:30:36,21.65,180,
09:30:37,21.64,300,
09:30:39,21.648,750,
09:30:41,21.6401,200,
09:30:41,21.64,1300,
09:30:41,21.64,600,
09:30:42,21.6399,2000,
09:30:42,21.63,100,
09:30:42,21.62,100,
09:30:42,21.62,300,
09:30:42,21.6399,2000,
09:30:44,21.6195,1000,
09:30:45,21.627,350,
09:30:47,21.6199,4000,
09:30:48,21.61,100,
09:30:50,21.62,100,
09:30:50,21.62,300,
09:30:50,21.62,100,
09:30:50,21.63,100,
09:30:50,21.61,300,
09:30:50,21.62,100,
09:30:50,21.62,300,
09:30:50,21.6299,200,
09:30:50,21.6299,500,
09:30:51,21.628,300,
09:30:56,21.6299,200,
09:30:57,21.61,300,
09:30:57,21.62,300,
09:30:57,21.62,300,
09:30:59,21.6299,2000,
09:31:02,21.6401,500,
09:31:03,21.6425,2000,
09:31:04,21.67,300,
09:31:06,21.65,300,
09:31:06,21.657,100,
09:31:07,21.65,300,
09:31:08,21.6529,500,
09:31:09,21.658,1000,
09:31:10,21.6701,1500,
09:31:12,21.6771,300,
09:31:12,21.672,1000,
09:31:12,21.68,300,
09:31:13,21.68,100,
09:31:14,21.6699,100,
09:31:14,21.6699,200,
09:31:14,21.6699,100,
09:31:14,21.6699,200,
09:31:14,21.6699,100,
09:31:14,21.6699,100,
09:31:14,21.68,3200,
09:31:15,21.67,100,
09:31:15,21.67,200,
09:31:15,21.68,300,
09:31:15,21.688,1000,
09:31:16,21.68,300,
09:31:16,21.68,100,
09:31:16,21.6701,4000,
09:31:18,21.667,200,
09:31:20,21.6601,200,
09:31:21,21.66,300,
09:31:22,21.6501,400,
09:31:23,21.6591,150,
09:31:26,21.65,200,
09:31:26,21.65,200,
09:31:26,21.65,100,
09:31:27,21.64,500,
09:31:30,21.65,300,
09:31:31,21.63,600,
09:31:31,21.64,100,
09:31:31,21.64,100,
09:31:31,21.64,100,
09:31:31,21.64,100,
09:31:31,21.6375,3800,
09:31:31,21.6399,100,
09:31:35,21.6299,500,
09:31:36,21.61,299,
09:31:37,21.62,300,
09:31:37,21.62,2800,
09:31:39,21.60,300,
09:31:42,21.6001,100,
09:31:42,21.60,100,
09:31:43,21.61,200,
09:31:43,21.61,300,
09:31:48,21.605,4000,
09:31:49,21.60,300,
09:31:50,21.6001,100,
09:31:50,21.60,100,
09:31:50,21.6011,100,
09:31:50,21.60,100,
09:31:51,21.5905,450,
09:31:51,21.61,300,
09:31:51,21.601,500,
09:31:52,21.60,100,
09:31:55,21.61,100,
09:31:56,21.62,200,
09:31:56,21.62,300,
09:31:56,21.62,300,
09:31:56,21.6129,100,
09:31:59,21.619,300,
09:31:59,21.619,300,
09:31:59,21.62,300,
09:31:59,21.6199,300,
09:31:59,21.6199,100,
09:31:59,21.6199,100,
09:31:59,21.6199,100,
09:32:00,21.6199,100,
09:32:00,21.62,300,
09:32:00,21.6175,1300,
09:32:00,21.624,100,
09:32:02,21.6258,100,
09:32:02,21.6205,200,
09:32:03,21.625,2000,
09:32:03,21.63,300,
09:32:04,21.6301,500,
09:32:05,21.64,300,
09:32:06,21.64,100,
09:32:06,21.64,100,
09:32:06,21.64,100,
09:32:06,21.64,300,
09:32:06,21.63,100,
09:32:06,21.63,300,
09:32:06,21.63,600,
09:32:06,21.63,400,
09:32:07,21.6301,200,
09:32:07,21.6301,100,
09:32:07,21.6301,200,
09:32:07,21.63,200,
09:32:08,21.6389,1000,
09:32:08,21.6311,200,
09:32:08,21.63,200,
09:32:08,21.6311,300,
09:32:08,21.63,300,
09:32:09,21.638,500,
09:32:10,21.61,5000,
09:32:12,21.63,300,
09:32:12,21.629,400,
09:32:15,21.629,900,
09:32:18,21.6571,100,
09:32:22,21.65,100,
09:32:23,21.66,100,
09:32:23,21.659,100,
09:32:23,21.6515,6600,
09:32:25,21.651,100,
09:32:26,21.6501,100,
09:32:26,21.65,100,
09:32:26,21.65,100,
09:32:27,21.65,100,
09:32:27,21.658,500,
09:32:33,21.6782,500,
09:32:36,21.673,200,
09:32:38,21.6799,5000,
09:32:42,21.672,500,
09:32:42,21.67,100,
09:32:42,21.67,1200,
09:32:45,21.6699,800,
09:32:46,21.664,3000,
09:32:53,21.6799,300,
09:32:53,21.67,205,
09:32:55,21.67,300,
09:32:56,21.66,3000,
09:32:56,21.66,600,
09:32:56,21.6701,200,
09:32:57,21.6599,500,
09:33:02,21.6599,100,
09:33:08,21.66,100,
09:33:11,21.6501,5000,
09:33:12,21.6501,5000,
09:33:15,21.6782,100,
09:33:16,21.67,300,
09:33:21,21.67,400,
09:33:21,21.6642,924,
09:33:24,21.678,4000,
09:33:28,21.6601,5000,
09:33:30,21.669,200,
09:33:32,21.66,100,
09:33:35,21.65,200,
09:33:37,21.669,100,
09:33:37,21.669,100,
09:33:38,21.6601,5000,
09:33:39,21.66,100,
09:33:41,21.67,100,
09:33:41,21.669,200,
09:33:41,21.679,6600,
09:33:43,21.68,3000,
09:33:43,21.6671,100,
09:33:43,21.6788,700,
09:33:43,21.679,2400,
09:33:43,21.679,2400,
09:33:45,21.6699,1000,
09:33:46,21.666,500,
09:33:47,21.66,100,
09:33:47,21.66,600,
09:33:47,21.66,300,
09:33:50,21.65,1750,
09:33:54,21.659,200,
09:33:57,21.659,431,
09:33:59,21.66,200,
09:34:00,21.67,300,
09:34:00,21.67,400,
09:34:03,21.68,100,
09:34:07,21.6729,1000,
09:34:07,21.679,100,
09:34:14,21.68,100,
09:34:14,21.68,100,
09:34:16,21.6867,500,
09:34:16,21.69,400,
09:34:16,21.70,100,
09:34:16,21.70,200,
09:34:18,21.69,300,
09:34:20,21.70,100,
09:34:21,21.709,100,
09:34:24,21.70,300,
09:34:24,21.69,100,
09:34:25,21.6978,100,
09:34:25,21.699,200,
09:34:25,21.6901,1400,
09:34:25,21.69,1400,
09:34:25,21.69,1800,
09:34:25,21.6901,450,
09:34:25,21.6901,1250,
09:34:25,21.69,450,
09:34:25,21.69,1250,
09:34:27,21.6993,700,
09:34:27,21.70,300,
09:34:27,21.699,2900,
09:34:28,21.70,5400,
09:34:28,21.6982,200,
09:34:28,21.6982,100,
09:34:28,21.70,200,
09:34:28,21.70,100,
09:34:29,21.683,6000,
09:34:31,21.70,200,
09:34:34,21.699,1000,
09:34:34,21.70,500,
09:34:34,21.70,200,
09:34:34,21.699,2000,
09:34:36,21.70,100,
09:34:37,21.6927,1662,
09:34:40,21.699,500,
09:34:42,21.699,800,
09:34:43,21.691,200,
09:34:44,21.71,300,
09:34:44,21.6999,160,
09:34:45,21.709,300,
09:34:48,21.6929,200,
09:34:51,21.71,100,
09:34:51,21.704,100,
09:34:52,21.7005,300,
09:34:54,21.719,300,
09:34:54,21.719,200,
09:34:55,21.719,200,
09:34:56,21.72,300,
09:34:56,21.719,3000,
09:34:56,21.719,2000,
09:34:57,21.7125,2500,
09:34:59,21.712,500,
09:35:00,21.719,100,
09:35:01,21.719,200,
09:35:01,21.719,650,
09:35:03,21.74,300,
09:35:03,21.74,100,
09:35:03,21.75,200,
09:35:03,21.749,100,
09:35:03,21.75,100,
09:35:04,21.7482,200,
09:35:04,21.75,200,
09:35:04,21.7482,200,
09:35:04,21.75,200,
09:35:04,21.7401,9750,
09:35:07,21.75,300,
09:35:08,21.7471,250,
09:35:09,21.759,800,
09:35:10,21.759,800,
09:35:11,21.769,100,
09:35:12,21.769,2400,
09:35:14,21.7671,200,
09:35:15,21.7505,500,
09:35:16,21.77,100,
09:35:16,21.7689,300,
09:35:16,21.7689,200,
09:35:16,21.7689,100,
09:35:16,21.77,200,
09:35:16,21.77,200,
09:35:17,21.759,250,
09:35:17,21.76,200,
09:35:19,21.759,100,
09:35:19,21.7501,500,
09:35:19,21.7501,2000,
09:35:21,21.7495,200,
09:35:21,21.75,100,
09:35:22,21.74,700,
09:35:22,21.739,400,
09:35:22,21.739,300,
09:35:23,21.7395,100,
09:35:24,21.7499,500,
09:35:26,21.7323,100,
09:35:26,21.74,300,
09:35:26,21.74,200,
09:35:26,21.74,300,
09:35:26,21.74,300,
09:35:26,21.74,100,
09:35:26,21.74,300,
09:35:26,21.74,300,
09:35:26,21.7399,300,
09:35:26,21.7399,100,
09:35:26,21.7399,300,
09:35:26,21.7399,200,
09:35:26,21.7399,300,
09:35:26,21.7399,300,
09:35:26,21.7399,300,
09:35:26,21.7399,100,
09:35:26,21.7399,300,
09:35:27,21.7382,200,
09:35:29,21.72,100,
09:35:29,21.72,300,
09:35:29,21.7267,100,
09:35:29,21.72,400,
09:35:31,21.74,100,
09:35:31,21.74,100,
09:35:31,21.739,200,
09:35:32,21.7215,3000,
09:35:33,21.72,100,
09:35:33,21.72,200,
09:35:36,21.741,700,
09:35:36,21.741,700,
09:35:36,21.74,100,
09:35:39,21.7401,200,
09:35:39,21.739,300,
09:35:41,21.72,500,
09:35:42,21.73,100,
09:35:43,21.728,100,
09:35:45,21.73,100,
09:35:45,21.73,100,
09:35:45,21.73,100,
09:35:45,21.73,500,
09:35:45,21.73,300,
09:35:45,21.73,600,
09:35:45,21.73,200,
09:35:45,21.73,100,
09:35:45,21.73,100,
09:35:45,21.73,200,
09:35:45,21.73,300,
09:35:51,21.7229,500,
09:35:52,21.74,100,
09:35:54,21.73,1400,
09:35:54,21.73,100,
09:35:54,21.7301,200,
09:35:54,21.7301,100,
09:35:54,21.7301,1400,
09:35:54,21.7301,200,
09:35:54,21.73,700,
09:35:54,21.7301,700,
09:35:54,21.73,300,
09:35:54,21.7301,300,
09:35:54,21.7301,100,
09:35:54,21.7301,600,
09:35:54,21.7301,100,
09:35:54,21.73,100,
09:35:55,21.746,700,
09:35:55,21.74,300,
09:35:56,21.749,1600,
09:35:56,21.749,1600,
09:35:57,21.73,100,
09:35:58,21.75,5300,
09:35:58,21.7499,100,
09:35:58,21.75,200,
09:36:00,21.75,300,
09:36:00,21.76,200,
09:36:01,21.746,500,
09:36:02,21.7501,2000,
09:36:03,21.7501,100,
09:36:03,21.73,300,
09:36:03,21.73,200,
09:36:04,21.74,300,
09:36:04,21.752,1000,
09:36:04,21.7335,100,
09:36:05,21.7425,2000,
09:36:09,21.74,300,
09:36:09,21.74,100,
09:36:09,21.74,200,
09:36:09,21.74,300,
09:36:09,21.74,100,
09:36:09,21.74,300,
09:36:10,21.739,700,
09:36:10,21.739,600,
09:36:11,21.73,200,
09:36:12,21.73,200,
09:36:12,21.72,100,
09:36:12,21.72,100,
09:36:12,21.72,600,
09:36:12,21.72,700,
09:36:12,21.73,100,
09:36:12,21.72,100,
09:36:14,21.72,300,
09:36:15,21.71,300,
09:36:15,21.71,300,
09:36:16,21.712,200,
09:36:17,21.71,100,
09:36:17,21.7082,100,
09:36:17,21.7082,100,
09:36:17,21.71,100,
09:36:17,21.7082,100,
09:36:17,21.7082,100,
09:36:17,21.71,100,
09:36:17,21.71,200,
09:36:17,21.7082,100,
09:36:17,21.70,100,
09:36:17,21.69,100,
09:36:19,21.70,300,
09:36:19,21.70,300,
09:36:19,21.7018,150,
09:36:22,21.67,6200,
09:36:23,21.66,500,
09:36:23,21.67,100,
09:36:24,21.66,600,
09:36:26,21.66,400,
09:36:28,21.65,100,
09:36:28,21.65,500,
09:36:28,21.65,100,
09:36:29,21.66,300,
09:36:33,21.6599,100,
09:36:33,21.66,400,
09:36:33,21.66,100,
09:36:33,21.66,300,
09:36:34,21.6611,925,
09:36:35,21.67,1100,
09:36:35,21.67,300,
09:36:36,21.67,100,
09:36:37,21.662,500,
09:36:37,21.6618,500,
09:36:37,21.66,700,
09:36:37,21.66,600,
09:36:37,21.66,700,
09:36:40,21.69,100,
09:36:40,21.69,300,
09:36:40,21.69,400,
09:36:43,21.697,2000,
09:36:46,21.6962,425,
09:36:48,21.6911,100,
09:36:48,21.6999,100,
09:36:48,21.70,100,
09:36:48,21.6999,100,
09:36:48,21.6999,250,
09:36:48,21.70,100,
09:36:49,21.6901,300,
09:36:51,21.6901,200,
09:36:52,21.692,1200,
09:36:56,21.71,700,
09:36:56,21.71,500,
09:37:00,21.705,100,
09:37:01,21.71,500,
09:37:01,21.71,500,
09:37:02,21.71,100,
09:37:02,21.7094,400,
09:37:03,21.71,100,
09:37:03,21.71,100,
09:37:03,21.708,100,
09:37:03,21.708,100,
09:37:04,21.707,300,
09:37:04,21.70,600,
09:37:04,21.7001,600,
09:37:16,21.738,300,
09:37:17,21.74,100,
09:37:19,21.742,1000,
09:37:22,21.732,1500,
09:37:23,21.7318,1000,
09:37:26,21.73,100,
09:37:27,21.72,300,
09:37:29,21.71,100,
09:37:30,21.71,600,
09:37:30,21.70,300,
09:37:30,21.71,200,
09:37:32,21.69,100,
09:37:37,21.699,100,
09:37:40,21.686,850,
09:37:49,21.6701,1000,
09:37:52,21.696,750,
09:37:57,21.65,900,
09:38:02,21.64,100,
09:38:02,21.63,100,
09:38:02,21.64,300,
09:38:03,21.63,200,
09:38:03,21.63,300,
09:38:04,21.639,2000,
09:38:05,21.6342,900,
09:38:08,21.6399,300,
09:38:08,21.64,300,
09:38:09,21.6401,600,
09:38:11,21.65,300,
09:38:13,21.643,200,
09:38:13,21.6599,4000,
09:38:18,21.63,200,
09:38:22,21.653,250,
09:38:25,21.6548,350,
09:38:25,21.662,1000,
09:38:29,21.6471,500,
09:38:29,21.65,200,
09:38:29,21.65,400,
09:38:29,21.65,200,
09:38:29,21.65,300,
09:38:29,21.65,300,
09:38:29,21.65,100,
09:38:29,21.65,100,
09:38:30,21.6499,300,
09:38:30,21.6499,400,
09:38:30,21.6499,200,
09:38:30,21.6499,300,
09:38:30,21.6499,300,
09:38:30,21.6499,100,
09:38:31,21.65,400,
09:38:31,21.65,700,
09:38:36,21.63,250,
09:38:36,21.63,700,
09:38:36,21.63,13000,
09:38:40,21.644,1000,
09:38:41,21.6529,1000,
09:38:55,21.63,100,
09:38:55,21.63,100,
09:38:56,21.63,700,
09:38:57,21.63,5908,
09:39:01,21.6482,500,
09:39:02,21.64,100,
09:39:02,21.6401,2400,
09:39:07,21.64,1000,
09:39:14,21.65,100,
09:39:18,21.66,300,
09:39:19,21.67,300,
09:39:19,21.67,100,
09:39:20,21.67,300,
09:39:24,21.689,200,
09:39:24,21.689,200,
09:39:26,21.70,600,
09:39:26,21.70,200,
09:39:26,21.7001,100,
09:39:26,21.7001,100,
09:39:26,21.70,100,
09:39:26,21.7001,100,
09:39:26,21.7001,100,
09:39:26,21.6999,500,
09:39:27,21.70,200,
09:39:27,21.70,300,
09:39:28,21.706,1600,
09:39:30,21.72,100,
09:39:30,21.71,100,
09:39:30,21.72,600,
09:39:30,21.72,100,
09:39:30,21.72,300,
09:39:30,21.71,100,
09:39:30,21.71,100,
09:39:31,21.7175,1000,
09:39:33,21.7197,200,
09:39:33,21.719,700,
09:39:33,21.719,700,
09:39:34,21.71,300,
09:39:36,21.71,135,
09:39:41,21.72,300,
09:39:42,21.7082,570,
09:39:43,21.72,100,
09:39:47,21.6982,300,
09:39:53,21.70,100,
09:39:53,21.70,300,
09:39:58,21.67,200,
09:39:58,21.67,200,
09:39:58,21.67,100,
09:39:58,21.682,500,
09:39:59,21.6801,500,
09:39:59,21.68,500,
09:39:59,21.6801,1100,
09:39:59,21.68,1100,
09:40:01,21.70,300,
09:40:01,21.70,100,
09:40:01,21.70,800,
09:40:04,21.7011,500,
09:40:06,21.72,300,
09:40:06,21.72,200,
09:40:06,21.72,400,
09:40:07,21.715,2000,
09:40:10,21.74,600,
09:40:12,21.7399,100,
09:40:12,21.74,100,
09:40:12,21.7399,100,
09:40:12,21.74,100,
09:40:12,21.74,100,
09:40:15,21.75,400,
09:40:15,21.7471,460,
09:40:16,21.749,300,
09:40:17,21.7499,800,
09:40:17,21.749,500,
09:40:17,21.748,300,
09:40:19,21.76,300,
09:40:19,21.76,500,
09:40:19,21.75,500,
09:40:19,21.76,200,
09:40:19,21.76,500,
09:40:19,21.76,100,
09:40:20,21.76,300,
09:40:20,21.77,100,
09:40:22,21.76,100,
09:40:22,21.7625,100,
09:40:26,21.77,100,
09:40:26,21.77,100,
09:40:26,21.77,10000,
09:40:26,21.769,300,
09:40:27,21.77,175,
09:40:27,21.77,100,
09:40:27,21.769,200,
09:40:27,21.769,200,
09:40:29,21.78,100,
09:40:29,21.78,100,
09:40:29,21.79,500,
09:40:30,21.78,300,
09:40:30,21.78,350,
09:40:30,21.78,1236,
09:40:32,21.78,100,
09:40:32,21.78,100,
09:40:32,21.78,300,
09:40:34,21.77,400,
09:40:35,21.78,500,
09:40:37,21.78,100,
09:40:37,21.77,100,
09:40:37,21.77,200,
09:40:37,21.76,300,
09:40:38,21.74,1000,
09:40:39,21.7415,1000,
09:40:41,21.7415,2000,
09:40:42,21.72,100,
09:40:42,21.7201,200,
09:40:43,21.7201,250,
09:40:46,21.719,100,
09:40:48,21.7201,700,
09:40:51,21.7099,1000,
09:40:53,21.701,100,
09:40:53,21.701,100,
09:40:57,21.6905,1000,
09:40:58,21.68,2000,
09:41:01,21.69,235,
09:41:05,21.71,100,
09:41:05,21.71,100,
09:41:08,21.70,600,
09:41:08,21.71,400,
09:41:08,21.71,100,
09:41:08,21.71,1500,
09:41:15,21.69,100,
09:41:15,21.69,100,
09:41:15,21.6899,100,
09:41:15,21.6899,100,
09:41:15,21.69,100,
09:41:16,21.69,100,
09:41:16,21.69,800,
09:41:18,21.67,800,
09:41:18,21.67,100,
09:41:21,21.67,100,
09:41:21,21.67,600,
09:41:21,21.68,300,
09:41:21,21.68,100,
09:41:25,21.651,1100,
09:41:28,21.6675,2000,
09:41:29,21.67,100,
09:41:35,21.6505,1000,
09:41:38,21.66,640,
09:41:42,21.65,100,
09:41:42,21.65,200,
09:41:43,21.6401,100,
09:41:45,21.63,200,
09:41:47,21.62,1200,
09:41:50,21.6267,100,
09:41:51,21.62,2000,
09:41:51,21.6193,400,
09:41:51,21.6199,4400,
09:41:52,21.613,200,
09:41:53,21.611,300,
09:41:53,21.6101,5000,
09:41:54,21.6101,5000,
09:41:55,21.60,100,
09:41:55,21.59,300,
09:41:55,21.58,150,
09:41:55,21.58,850,
09:41:55,21.5801,500,
09:41:59,21.5942,200,
09:42:03,21.58,100,
09:42:04,21.57,100,
09:42:07,21.57,100,
09:42:07,21.5801,157,
09:42:07,21.581,100,
09:42:07,21.58,200,
09:42:07,21.58,395,
09:42:13,21.57,100,
09:42:15,21.56,100,
09:42:15,21.56,500,
09:42:18,21.5503,800,
09:42:19,21.55,136,
09:42:20,21.5599,100,
09:42:20,21.5599,450,
09:42:27,21.5871,500,
09:42:29,21.61,500,
09:42:29,21.61,100,
09:42:31,21.574,200,
09:42:40,21.6001,400,
09:42:42,21.61,100,
09:42:47,21.61,300,
09:42:47,21.6089,300,
09:42:47,21.61,100,
09:42:47,21.61,100,
09:42:47,21.6089,100,
09:42:47,21.6089,100,
09:42:47,21.61,100,
09:42:47,21.61,300,
09:42:47,21.61,100,
09:42:47,21.61,100,
09:42:49,21.6142,500,
09:42:51,21.6082,500,
09:42:52,21.606,1000,
09:42:55,21.6071,1000,
09:43:00,21.62,400,
09:43:00,21.63,315,
09:43:00,21.63,185,
09:43:00,21.63,500,
09:43:04,21.643,6600,
09:43:07,21.65,2000,
09:43:07,21.65,100,
09:43:11,21.6742,500,
09:43:12,21.66,500,
09:43:16,21.665,2000,
09:43:25,21.61,200,
09:43:26,21.61,300,
09:43:26,21.61,200,
09:43:26,21.61,200,
09:43:30,21.61,10000,
09:43:32,21.5818,100,
09:43:32,21.58,100,
09:43:34,21.58,150,
09:43:34,21.582,850,
09:43:43,21.60,100,
09:43:44,21.59,100,
09:43:44,21.59,100,
09:43:44,21.5885,550,
09:43:51,21.59,7488,
09:43:53,21.5771,500,
09:43:53,21.5671,1000,
09:43:55,21.5642,338,
09:43:59,21.54,100,
09:44:02,21.53,2220,
09:44:04,21.5242,200,
09:44:08,21.52,100,
09:44:15,21.5518,100,
09:44:15,21.5518,100,
09:44:15,21.55,100,
09:44:15,21.55,100,
09:44:17,21.5585,250,
09:44:28,21.521,300,
09:44:31,21.51,100,
09:44:31,21.5118,100,
09:44:31,21.51,165,
09:44:31,21.512,1000,
09:44:31,21.51,200,
09:44:31,21.512,400,
09:44:33,21.50,300,
09:44:33,21.50,300,
09:44:34,21.50,300,
09:44:34,21.50,800,
09:44:34,21.50,300,
09:44:34,21.50,300,
09:44:34,21.50,1000,
09:44:38,21.50,1000,
09:44:38,21.50,500,
09:44:38,21.50,1000,
09:44:41,21.50,200,
09:44:41,21.50,200,
09:44:41,21.49,1000,
09:44:42,21.49,100,
09:44:42,21.49,100,
09:44:44,21.492,600,
09:44:44,21.49,100,
09:44:44,21.50,180,
09:44:46,21.518,1000,
09:44:47,21.52,250,
09:44:49,21.54,200,
09:44:49,21.55,200,
09:44:49,21.55,200,
09:44:49,21.55,300,
09:44:49,21.55,300,
09:44:49,21.55,300,
09:44:49,21.55,300,
09:44:49,21.5401,100,
09:44:49,21.54,800,
09:44:49,21.53,100,
09:44:50,21.55,100,
09:44:52,21.54,250,
09:44:52,21.55,200,
09:44:52,21.54,100,
09:44:52,21.55,300,
09:44:52,21.54,200,
09:44:52,21.55,500,
09:44:52,21.56,600,
09:44:52,21.56,299,
09:44:52,21.56,401,
09:44:52,21.56,100,
09:44:52,21.57,600,
09:44:52,21.56,800,
09:44:52,21.57,100,
09:44:52,21.57,700,
09:44:52,21.58,600,
09:44:52,21.58,200,
09:44:52,21.58,800,
09:44:52,21.57,100,
09:44:52,21.57,300,
09:44:53,21.57,100,
09:44:53,21.58,200,
09:44:53,21.58,1200,
09:44:53,21.58,200,
09:44:53,21.57,100,
09:44:54,21.5771,100,
09:44:55,21.56,101,
09:44:55,21.56,200,
09:44:57,21.59,100,
09:44:58,21.60,300,
09:44:58,21.60,300,
09:44:58,21.60,100,
09:44:58,21.60,100,
09:44:58,21.60,100,
09:44:58,21.60,500,
09:44:58,21.60,300,
09:44:58,21.60,150,
09:44:58,21.60,300,
09:44:58,21.61,300,
09:45:00,21.61,500,
09:45:01,21.60,100,
09:45:02,21.60,800,
09:45:03,21.62,500,
09:45:03,21.61,100,
09:45:03,21.61,200,
09:45:03,21.61,500,
09:45:03,21.62,300,
09:45:03,21.62,200,
09:45:03,21.61,300,
09:45:03,21.61,100,
09:45:03,21.62,300,
09:45:03,21.62,200,
09:45:03,21.62,300,
09:45:03,21.63,300,
09:45:03,21.64,600,
09:45:03,21.64,100,
09:45:03,21.65,200,
09:45:03,21.62,100,
09:45:05,21.602,500,
09:45:05,21.63,300,
09:45:05,21.63,200,
09:45:07,21.64,300,
09:45:07,21.64,3300,
09:45:07,21.64,1400,
09:45:10,21.65,350,
09:45:10,21.65,300,
09:45:11,21.65,100,
09:45:11,21.649,350,
09:45:14,21.65,500,
09:45:16,21.65,100,
09:45:17,21.653,120,
09:45:17,21.68,100,
09:45:17,21.68,100,
09:45:17,21.68,200,
09:45:19,21.69,100,
09:45:20,21.687,100,
09:45:20,21.68,200,
09:45:21,21.6799,500,
09:45:21,21.679,100,
09:45:22,21.70,200,
09:45:22,21.678,700,
09:45:23,21.70,800,
09:45:26,21.681,5000,
09:45:29,21.6895,100,
09:45:32,21.672,1500,
09:45:35,21.6799,150,
09:45:35,21.6799,100,
09:45:43,21.68,100,
09:45:44,21.6975,3000,
09:45:47,21.70,300,
09:45:47,21.70,100,
09:45:49,21.72,400,
09:45:49,21.72,200,
09:45:49,21.73,400,
09:45:50,21.73,200,
09:45:51,21.72,100,
09:45:51,21.72,200,
09:45:58,21.74,200,
09:45:58,21.75,100,
09:45:58,21.75,200,
09:45:58,21.75,500,
09:45:58,21.75,100,
09:45:58,21.75,100,
09:45:59,21.7401,2000,
09:46:03,21.75,1900,
09:46:04,21.7458,1000,
09:46:06,21.74,100,
09:46:06,21.74,200,
09:46:06,21.74,300,
09:46:06,21.74,500,
09:46:06,21.74,300,
09:46:06,21.74,100,
09:46:07,21.74,200,
09:46:07,21.74,300,
09:46:08,21.73,900,
09:46:08,21.73,100,
09:46:10,21.74,200,
09:46:10,21.7405,1000,
09:46:10,21.73,100,
09:46:11,21.72,500,
09:46:11,21.72,100,
09:46:11,21.72,300,
09:46:11,21.7201,100,
09:46:13,21.733,200,
09:46:14,21.7382,100,
09:46:14,21.7382,100,
09:46:14,21.74,300,
09:46:19,21.73,100,
09:46:19,21.73,200,
09:46:20,21.73,100,
09:46:20,21.73,100,
09:46:21,21.73,100,
09:46:22,21.7101,300,
09:46:22,21.71,100,
09:46:23,21.737,100,
09:46:24,21.69,100,
09:46:25,21.69,161,
09:46:25,21.68,100,
09:46:25,21.67,218,
09:46:25,21.67,100,
09:46:25,21.66,300,
09:46:25,21.66,300,
09:46:27,21.67,100,
09:46:27,21.6601,700,
09:46:29,21.66,100,
09:46:30,21.64,200,
09:46:34,21.6499,200,
09:46:35,21.65,200,
09:46:35,21.65,100,
09:46:36,21.66,200,
09:46:37,21.65,100,
09:46:40,21.645,130,
09:46:43,21.65,100,
09:46:43,21.65,100,
09:46:43,21.65,100,
09:46:45,21.65,100,
09:46:47,21.66,200,
09:46:48,21.65,200,
09:46:48,21.67,100,
09:46:57,21.65,125,
09:46:58,21.65,344,
09:46:58,21.65,300,
09:46:58,21.65,344,
09:46:58,21.65,300,
09:47:01,21.6329,500,
09:47:02,21.65,100,
09:47:04,21.63,100,
09:47:04,21.6229,100,
09:47:08,21.62,990,
09:47:09,21.64,100,
09:47:18,21.66,275,
09:47:18,21.65,500,
09:47:21,21.66,100,
09:47:22,21.67,200,
09:47:22,21.66,200,
09:47:22,21.66,300,
09:47:22,21.67,200,
09:47:22,21.67,100,
09:47:22,21.68,100,
09:47:25,21.6782,130,
09:47:25,21.68,130,
09:47:26,21.68,200,
09:47:30,21.69,400,
09:47:32,21.69,200,
09:47:35,21.6933,1000,
09:47:47,21.69,200,
09:47:52,21.70,100,
09:47:53,21.70,100,
09:47:53,21.70,200,
09:47:56,21.71,100,
09:47:57,21.719,400,
09:47:58,21.72,200,
09:47:59,21.719,3700,
09:48:02,21.71,200,
09:48:02,21.71,200,
09:48:02,21.71,100,
09:48:07,21.72,100,
09:48:14,21.73,100,
09:48:14,21.74,200,
09:48:18,21.75,100,
09:48:18,21.75,200,
09:48:18,21.75,200,
09:48:19,21.74,200,
09:48:19,21.73,200,
09:48:24,21.71,200,
09:48:27,21.7199,5000,
09:48:33,21.6989,300,
09:48:35,21.68,200,
09:48:35,21.68,100,
09:48:35,21.68,100,
09:48:37,21.6601,2500,
09:48:45,21.67,100,
09:48:46,21.6781,500,
09:48:47,21.68,300,
09:48:47,21.68,100,
09:48:50,21.682,1000,
09:48:53,21.6795,100,
09:48:58,21.69,100,
09:49:01,21.69,100,
09:49:05,21.69,100,
09:49:12,21.69,200,
09:49:17,21.6899,300,
09:49:17,21.6899,200,
09:49:17,21.6899,100,
09:49:17,21.6899,100,
09:49:17,21.6899,100,
09:49:17,21.6899,100,
09:49:17,21.69,400,
09:49:17,21.69,100,
09:49:17,21.69,200,
09:49:17,21.69,200,
09:49:17,21.69,100,
09:49:17,21.69,100,
09:49:17,21.69,100,
09:49:20,21.688,500,
09:49:22,21.69,100,
09:49:22,21.6994,3000,
09:49:29,21.70,200,
09:49:32,21.6999,2000,
09:49:33,21.70,100,
09:49:38,21.707,200,
09:49:40,21.70,155,
09:49:49,21.71,300,
09:49:50,21.69,100,
09:49:50,21.69,100,
09:49:50,21.69,100,
09:49:52,21.68,100,
09:49:52,21.68,100,
09:49:52,21.68,200,
09:49:52,21.68,100,
09:49:52,21.68,300,
09:49:52,21.68,100,
09:49:52,21.68,300,
09:49:52,21.68,600,
09:49:52,21.68,100,
09:49:56,21.6701,200,
09:49:56,21.67,200,
09:49:56,21.66,2000,
09:49:56,21.66,200,
09:49:56,21.66,100,
09:49:56,21.66,200,
09:49:56,21.66,200,
09:49:58,21.6629,200,
09:50:00,21.67,100,
09:50:00,21.68,200,
09:50:07,21.68,600,
09:50:09,21.6805,600,
09:50:10,21.70,200,
09:50:10,21.70,200,
09:50:11,21.71,100,
09:50:12,21.72,200,
09:50:12,21.73,959,
09:50:13,21.72,300,
09:50:15,21.72,100,
09:50:15,21.7282,1000,
09:50:16,21.73,100,
09:50:16,21.73,100,
09:50:16,21.75,100,
09:50:16,21.75,250,
09:50:18,21.7501,400,
09:50:18,21.7501,100,
09:50:18,21.75,100,
09:50:18,21.75,100,
09:50:18,21.7501,100,
09:50:18,21.75,100,
09:50:18,21.75,100,
09:50:18,21.759,300,
09:50:18,21.759,300,
09:50:18,21.77,200,
09:50:19,21.7799,200,
09:50:19,21.78,200,
09:50:20,21.7575,2100,
09:50:21,21.7718,500,
09:50:21,21.7718,100,
09:50:21,21.77,100,
09:50:21,21.77,100,
09:50:21,21.77,500,
09:50:21,21.77,100,
09:50:21,21.77,100,
09:50:21,21.78,100,
09:50:21,21.77,100,
09:50:21,21.77,200,
09:50:21,21.77,500,
09:50:21,21.77,200,
09:50:21,21.77,100,
09:50:21,21.77,100,
09:50:21,21.77,100,
09:50:21,21.78,300,
09:50:21,21.77,100,
09:50:21,21.78,200,
09:50:21,21.79,300,
09:50:21,21.79,200,
09:50:21,21.80,100,
09:50:21,21.80,500,
09:50:21,21.79,100,
09:50:21,21.78,100,
09:50:22,21.78,200,
09:50:24,21.7799,600,
09:50:25,21.78,200,
09:50:26,21.7829,1150,
09:50:26,21.78,200,
09:50:26,21.78,200,
09:50:26,21.79,600,
09:50:26,21.79,200,
09:50:26,21.79,100,
09:50:26,21.78,300,
09:50:26,21.80,600,
09:50:26,21.79,100,
09:50:26,21.79,200,
09:50:26,21.79,500,
09:50:26,21.80,200,
09:50:26,21.80,2000,
09:50:26,21.81,400,
09:50:26,21.81,100,
09:50:26,21.81,900,
09:50:26,21.81,600,
09:50:26,21.81,300,
09:50:26,21.81,100,
09:50:26,21.81,100,
09:50:26,21.83,100,
09:50:26,21.81,200,
09:50:26,21.81,100,
09:50:26,21.81,300,
09:50:26,21.81,400,
09:50:26,21.84,100,
09:50:26,21.84,100,
09:50:26,21.80,950,
09:50:26,21.81,400,
09:50:26,21.82,300,
09:50:26,21.83,800,
09:50:26,21.80,300,
09:50:26,21.788,1000,
09:50:26,21.84,200,
09:50:27,21.8235,500,
09:50:28,21.83,800,
09:50:28,21.83,100,
09:50:29,21.838,1000,
09:50:30,21.83,200,
09:50:30,21.82,300,
09:50:30,21.82,500,
09:50:30,21.82,300,
09:50:32,21.82,100,
09:50:32,21.82,300,
09:50:32,21.83,100,
09:50:32,21.84,200,
09:50:32,21.84,100,
09:50:33,21.84,200,
09:50:33,21.84,200,
09:50:33,21.84,100,
09:50:33,21.83,200,
09:50:34,21.84,100,
09:50:34,21.84,100,
09:50:34,21.84,200,
09:50:34,21.84,200,
09:50:35,21.8499,100,
09:50:35,21.8499,100,
09:50:35,21.847,350,
09:50:35,21.8499,2000,
09:50:35,21.85,100,
09:50:37,21.8599,800,
09:50:38,21.86,100,
09:50:38,21.8505,400,
09:50:39,21.859,600,
09:50:39,21.859,100,
09:50:39,21.8515,3000,
09:50:39,21.859,200,
09:50:41,21.86,100,
09:50:41,21.86,100,
09:50:41,21.86,500,
09:50:41,21.86,200,
09:50:41,21.86,300,
09:50:41,21.86,300,
09:50:41,21.86,100,
09:50:41,21.8599,500,
09:50:41,21.8599,100,
09:50:41,21.8599,100,
09:50:41,21.8599,200,
09:50:41,21.8599,300,
09:50:41,21.8599,200,
09:50:41,21.8599,500,
09:50:41,21.8599,100,
09:50:41,21.8599,100,
09:50:41,21.8599,500,
09:50:41,21.859,500,
09:50:41,21.859,3000,
09:50:42,21.8782,100,
09:50:43,21.87,100,
09:50:43,21.87,100,
09:50:43,21.87,100,
09:50:44,21.88,200,
09:50:44,21.869,100,
09:50:45,21.86,200,
09:50:45,21.86,100,
09:50:49,21.87,100,
09:50:49,21.87,200,
09:50:49,21.87,200,
09:50:49,21.8718,300,
09:50:50,21.878,1200,
09:50:51,21.87,100,
09:50:52,21.87,100,
09:50:54,21.8805,1000,
09:50:54,21.89,100,
09:50:54,21.89,100,
09:50:55,21.8899,1000,
09:50:55,21.89,300,
09:50:55,21.89,600,
09:50:55,21.89,800,
09:50:55,21.90,100,
09:50:55,21.91,100,
09:50:55,21.90,200,
09:50:55,21.8901,200,
09:50:55,21.89,200,
09:50:56,21.90,10000,
09:50:56,21.90,180,
09:50:56,21.90,200,
09:50:56,21.90,100,
09:50:56,21.90,100,
09:50:57,21.89,200,
09:50:58,21.91,100,
09:50:59,21.90,200,
09:51:03,21.909,200,
09:51:03,21.909,300,
09:51:04,21.92,200,
09:51:05,21.913,220,
09:51:09,21.91,100,
09:51:09,21.92,300,
09:51:09,21.909,200,
09:51:09,21.909,200,
09:51:11,21.90,100,
09:51:11,21.90,200,
09:51:11,21.90,300,
09:51:11,21.90,200,
09:51:11,21.90,100,
09:51:12,21.90,200,
09:51:14,21.8999,100,
09:51:14,21.91,100,
09:51:14,21.90,300,
09:51:14,21.91,200,
09:51:14,21.92,100,
09:51:14,21.91,400,
09:51:15,21.92,200,
09:51:15,21.92,200,
09:51:17,21.919,100,
09:51:17,21.912,1000,
09:51:18,21.90,100,
09:51:25,21.90,300,
09:51:26,21.919,100,
09:51:26,21.919,200,
09:51:27,21.9199,379,
09:51:28,21.93,400,
09:51:30,21.93,100,
09:51:32,21.94,200,
09:51:32,21.93,300,
09:51:32,21.9301,600,
09:51:32,21.9301,300,
09:51:32,21.9301,100,
09:51:32,21.9301,400,
09:51:32,21.93,400,
09:51:32,21.9301,500,
09:51:32,21.9301,100,
09:51:32,21.93,600,
09:51:32,21.9301,600,
09:51:32,21.9301,100,
09:51:32,21.9301,400,
09:51:32,21.93,400,
09:51:32,21.93,100,
09:51:37,21.94,600,
09:51:37,21.939,100,
09:51:38,21.94,500,
09:51:41,21.94,100,
09:51:42,21.94,200,
09:51:42,21.9379,200,
09:51:42,21.94,200,
09:51:42,21.9379,200,
09:51:42,21.94,200,
09:51:42,21.9379,100,
09:51:42,21.94,100,
09:51:42,21.94,300,
09:51:43,21.9418,500,
09:51:43,21.9411,300,
09:51:44,21.9475,1400,
09:51:44,21.95,100,
09:51:45,21.95,200,
09:51:46,21.9499,200,
09:51:46,21.94,200,
09:51:46,21.94,300,
09:51:46,21.9389,100,
09:51:46,21.95,150,
09:51:46,21.95,150,
09:51:47,21.949,300,
09:51:48,21.949,100,
09:51:49,21.9489,300,
09:51:51,21.93,200,
09:51:51,21.92,100,
09:51:51,21.92,300,
09:51:51,21.91,100,
09:51:51,21.92,200,
09:51:52,21.94,300,
09:51:52,21.93,200,
09:51:52,21.9299,300,
09:51:53,21.9399,1000,
09:51:54,21.93,200,
09:51:55,21.94,100,
09:51:55,21.94,200,
09:51:56,21.92,1300,
09:51:56,21.92,300,
09:51:58,21.92,100,
09:51:59,21.912,1000,
09:52:00,21.92,100,
09:52:01,21.9118,167,
09:52:01,21.92,100,
09:52:01,21.9191,200,
09:52:02,21.91,150,
09:52:02,21.91,300,
09:52:02,21.91,100,
09:52:04,21.91,100,
09:52:06,21.91,100,
09:52:06,21.91,400,
09:52:06,21.91,600,
09:52:06,21.9101,400,
09:52:06,21.9101,800,
09:52:06,21.91,800,
09:52:06,21.9101,1000,
09:52:06,21.91,400,
09:52:06,21.9101,200,
09:52:06,21.9101,1000,
09:52:06,21.9101,100,
09:52:06,21.9101,100,
09:52:06,21.91,200,
09:52:07,21.9129,200,
09:52:09,21.91,100,
09:52:09,21.91,100,
09:52:11,21.911,1200,
09:52:13,21.9115,3550,
09:52:14,21.929,300,
09:52:14,21.929,400,
09:52:14,21.929,900,
09:52:23,21.95,100,
09:52:23,21.938,200,
09:52:27,21.9499,100,
09:52:27,21.9499,500,
09:52:30,21.96,100,
09:52:38,21.97,500,
09:52:38,21.969,100,
09:52:39,21.96,100,
09:52:39,21.98,100,
09:52:39,21.9782,200,
09:52:39,21.9782,200,
09:52:39,21.9782,100,
09:52:39,21.9782,100,
09:52:39,21.98,100,
09:52:39,21.9782,100,
09:52:39,21.98,600,
09:52:40,21.9799,100,
09:52:40,21.9799,200,
09:52:40,21.98,100,
09:52:40,21.9799,100,
09:52:40,21.9799,200,
09:52:40,21.98,200,
09:52:41,21.97,1650,
09:52:44,21.9695,400,
09:52:44,21.96,200,
09:52:44,21.96,3000,
09:52:44,21.96,200,
09:52:44,21.95,100,
09:52:44,21.94,100,
09:52:44,21.94,200,
09:52:44,21.93,100,
09:52:45,21.94,300,
09:52:45,21.93,100,
09:52:45,21.93,200,
09:52:45,21.93,100,
09:52:46,21.9301,2000,
09:52:47,21.939,422,
09:52:47,21.939,900,
09:52:49,21.929,500,
09:52:49,21.929,500,
09:52:55,21.9132,2000,
09:52:55,21.9299,300,
09:52:58,21.93,100,
09:53:03,21.92,200,
09:53:05,21.902,1000,
09:53:06,21.92,100,
09:53:06,21.92,100,
09:53:06,21.9001,100,
09:53:06,21.90,100,
09:53:08,21.9005,500,
09:53:09,21.902,500,
09:53:12,21.90,100,
09:53:12,21.9001,300,
09:53:14,21.8971,500,
09:53:17,21.89,6499,
09:53:21,21.8703,700,
09:53:24,21.8601,800,
09:53:26,21.861,2000,
09:53:26,21.87,200,
09:53:27,21.89,100,
09:53:27,21.8782,300,
09:53:32,21.87,200,
09:53:32,21.871,200,
09:53:32,21.8789,100,
09:53:32,21.88,100,
09:53:32,21.8789,100,
09:53:32,21.8789,100,
09:53:32,21.88,100,
09:53:32,21.88,100,
09:53:32,21.879,3000,
09:53:34,21.8799,199,
09:53:36,21.88,100,
09:53:36,21.88,100,
09:53:45,21.87,600,
09:53:45,21.86,300,
09:53:47,21.852,1000,
09:53:48,21.8418,100,
09:53:48,21.8418,500,
09:53:48,21.84,300,
09:53:48,21.84,100,
09:53:50,21.8442,500,
09:53:53,21.85,100,
09:53:54,21.86,200,
09:53:55,21.85,100,
09:54:00,21.8529,500,
09:54:00,21.87,200,
09:54:00,21.87,200,
09:54:00,21.87,100,
09:54:00,21.87,100,
09:54:00,21.87,300,
09:54:02,21.859,1000,
09:54:03,21.88,200,
09:54:05,21.89,116,
09:54:05,21.89,300,
09:54:12,21.8999,500,
09:54:13,21.8982,100,
09:54:13,21.90,300,
09:54:13,21.90,100,
09:54:18,21.89,100,
09:54:20,21.88,100,
09:54:30,21.87,100,
09:54:30,21.87,100,
09:54:30,21.86,100,
09:54:34,21.86,100,
09:54:34,21.85,100,
09:54:36,21.85,200,
09:54:38,21.8499,500,
09:54:40,21.84,200,
09:54:40,21.84,400,
09:54:50,21.84,100,
09:54:50,21.81,425,
09:54:50,21.847,200,
09:54:50,21.82,200,
09:54:51,21.83,300,
09:54:51,21.83,200,
09:54:52,21.84,100,
09:54:52,21.84,200,
09:54:53,21.84,100,
09:54:55,21.8398,250,
09:54:56,21.84,100,
09:54:57,21.84,800,
09:55:01,21.861,200,
09:55:01,21.861,100,
09:55:02,21.861,100,
09:55:03,21.87,100,
09:55:03,21.88,100,
09:55:03,21.89,200,
09:55:03,21.89,200,
09:55:11,21.9082,100,
09:55:12,21.90,7500,
09:55:15,21.9095,1000,
09:55:19,21.89,200,
09:55:21,21.871,5000,
09:55:24,21.886,100,
09:55:34,21.8882,153,
09:55:40,21.91,100,
09:55:41,21.90,2250,
09:55:53,21.94,1900,
09:55:54,21.93,200,
09:55:57,21.927,100,
09:55:57,21.92,100,
09:56:00,21.92,100,
09:56:01,21.93,200,
09:56:02,21.92,1000,
09:56:03,21.921,1000,
09:56:03,21.95,353,
09:56:03,21.96,100,
09:56:03,21.96,100,
09:56:03,21.96,600,
09:56:03,21.97,600,
09:56:03,21.97,300,
09:56:04,21.98,200,
09:56:04,21.9801,100,
09:56:04,21.98,100,
09:56:04,21.98,200,
09:56:04,21.98,200,
09:56:04,21.98,600,
09:56:04,21.98,200,
09:56:05,21.9796,100,
09:56:06,21.97,100,
09:56:06,21.97,200,
09:56:07,21.97,100,
09:56:07,21.97,200,
09:56:07,21.9775,1880,
09:56:08,21.9799,200,
09:56:08,21.98,700,
09:56:08,21.97,100,
09:56:08,21.978,1000,
09:56:10,21.9601,100,
09:56:10,21.96,200,
09:56:11,21.96,300,
09:56:11,21.96,100,
09:56:13,21.97,100,
09:56:14,21.971,100,
09:56:17,21.98,100,
09:56:17,21.98,100,
09:56:17,21.9878,800,
09:56:19,21.9711,100,
09:56:19,21.971,170,
09:56:21,21.9699,1000,
09:56:26,21.968,200,
09:56:27,21.969,200,
09:56:30,21.95,100,
09:56:33,21.94,100,
09:56:36,21.95,200,
09:56:38,21.94,100,
09:56:40,21.93,200,
09:56:44,21.9311,100,
09:56:45,21.931,1000,
09:56:45,21.931,1000,
09:56:48,21.93,300,
09:56:51,21.9305,250,
09:56:51,21.94,4300,
09:56:56,21.95,200,
09:56:59,21.9499,1000,
09:56:59,21.96,200,
09:56:59,21.951,200,
09:57:00,21.952,300,
09:57:00,21.95,100,
09:57:00,21.96,100,
09:57:00,21.9501,600,
09:57:00,21.9501,100,
09:57:00,21.95,500,
09:57:00,21.9501,100,
09:57:00,21.9501,200,
09:57:00,21.9501,300,
09:57:00,21.9501,700,
09:57:00,21.95,600,
09:57:00,21.9501,400,
09:57:00,21.9501,600,
09:57:00,21.9501,100,
09:57:00,21.9501,100,
09:57:00,21.95,100,
09:57:00,21.95,300,
09:57:00,21.96,100,
09:57:03,21.977,100,
09:57:04,21.99,100,
09:57:05,21.9701,300,
09:57:06,21.971,1000,
09:57:06,21.9825,3200,
09:57:06,21.99,100,
09:57:07,21.99,100,
09:57:07,21.99,100,
09:57:07,21.9882,100,
09:57:07,21.9882,100,
09:57:07,21.9882,100,
09:57:08,21.98,3000,
09:57:08,21.97,100,
09:57:09,21.96,100,
09:57:10,21.97,155,
09:57:10,21.98,100,
09:57:10,21.98,100,
09:57:10,21.98,200,
09:57:10,21.98,300,
09:57:10,21.98,300,
09:57:10,21.98,100,
09:57:11,21.97,100,
09:57:11,21.97,525,
09:57:11,21.96,100,
09:57:12,21.9601,600,
09:57:14,21.9629,900,
09:57:16,21.97,100,
09:57:16,21.97,100,
09:57:16,21.98,4200,
09:57:24,21.95,100,
09:57:25,21.95,200,
09:57:25,21.9499,500,
09:57:25,21.9301,100,
09:57:25,21.93,800,
09:57:26,21.94,100,
09:57:27,21.931,300,
09:57:27,21.931,300,
09:57:29,21.93,500,
09:57:33,21.92,200,
09:57:36,21.912,500,
09:57:38,21.91,100,
09:57:39,21.908,800,
09:57:41,21.8998,3000,
09:57:42,21.886,275,
09:57:46,21.87,1000,
09:57:51,21.872,1000,
09:57:55,21.8995,250,
09:57:56,21.891,2700,
09:57:56,21.891,2700,
09:57:56,21.91,100,
09:57:56,21.91,200,
09:57:56,21.891,200,
09:57:56,21.90,500,
09:57:57,21.89,1500,
09:57:59,21.91,100,
09:57:59,21.9171,1500,
09:58:03,21.929,100,
09:58:03,21.93,200,
09:58:09,21.92,100,
09:58:11,21.93,2300,
09:58:16,21.911,1600,
09:58:16,21.911,1481,
09:58:17,21.91,100,
09:58:17,21.91,100,
09:58:17,21.91,1200,
09:58:17,21.92,500,
09:58:18,21.91,500,
09:58:18,21.92,100,
09:58:18,21.9199,100,
09:58:18,21.9199,200,
09:58:18,21.9199,100,
09:58:18,21.9199,100,
09:58:18,21.92,100,
09:58:18,21.9199,100,
09:58:18,21.93,7600,
09:58:23,21.93,100,
09:58:27,21.921,300,
09:58:27,21.921,200,
09:58:28,21.92,150,
09:58:28,21.9201,100,
09:58:28,21.92,200,
09:58:28,21.92,200,
09:58:28,21.92,100,
09:58:30,21.921,200,
09:58:30,21.921,200,
09:58:30,21.922,700,
09:58:38,21.93,1200,
09:58:38,21.93,100,
09:58:38,21.93,100,
09:58:39,21.9201,100,
09:58:39,21.92,300,
09:58:39,21.92,100,
09:58:48,21.9299,300,
09:58:48,21.9299,200,
09:58:50,21.92,300,
09:58:57,21.938,500,
09:58:58,21.93,100,
09:58:58,21.931,900,
09:59:00,21.93,1200,
09:59:00,21.93,4300,
09:59:02,21.931,2000,
09:59:03,21.931,2000,
09:59:06,21.9311,500,
09:59:06,21.93,100,
09:59:06,21.93,100,
09:59:06,21.9311,100,
09:59:06,21.93,100,
09:59:06,21.93,100,
09:59:07,21.9375,2265,
09:59:12,21.93,1000,
09:59:12,21.93,100,
09:59:12,21.92,600,
09:59:12,21.911,1400,
09:59:13,21.91,100,
09:59:15,21.909,4000,
09:59:15,21.90,300,
09:59:15,21.90,100,
09:59:15,21.90,100,
09:59:15,21.9018,100,
09:59:15,21.9018,200,
09:59:15,21.9018,100,
09:59:15,21.90,100,
09:59:15,21.9018,100,
09:59:17,21.90,5000,
09:59:20,21.9099,1000,
09:59:21,21.88,100,
09:59:21,21.89,300,
09:59:21,21.89,200,
09:59:27,21.878,600,
09:59:28,21.88,100,
09:59:28,21.88,278,
09:59:29,21.8899,2222,
09:59:31,21.87,300,
09:59:35,21.86,200,
09:59:35,21.85,100,
09:59:36,21.86,1400,
09:59:40,21.855,1000,
09:59:41,21.85,200,
09:59:41,21.85,100,
09:59:41,21.86,300,
09:59:41,21.86,200,
09:59:41,21.86,200,
09:59:41,21.86,300,
09:59:46,21.86,100,
09:59:46,21.86,400,
09:59:46,21.86,100,
09:59:46,21.86,300,
09:59:46,21.86,200,
09:59:46,21.86,200,
09:59:46,21.86,200,
09:59:46,21.86,100,
09:59:46,21.86,300,
09:59:52,21.88,100,
09:59:52,21.88,200,
09:59:56,21.88,100,
09:59:58,21.89,300,
10:00:01,21.95,700,
10:00:01,21.95,600,
10:00:01,21.96,100,
10:00:03,21.93,300,
10:00:03,21.954,1000,
10:00:03,21.92,100,
10:00:07,21.95,100,
10:00:07,21.95,200,
10:00:09,21.9442,500,
10:00:10,21.96,500,
10:00:11,21.95,100,
10:00:11,21.95,300,
10:00:11,21.95,100,
10:00:11,21.95,100,
10:00:23,21.91,200,
10:00:27,21.90,200,
10:00:30,21.8818,500,
10:00:31,21.88,100,
10:00:39,21.871,100,
10:00:39,21.872,200,
10:00:42,21.8701,100,
10:00:42,21.87,100,
10:00:42,21.87,100,
10:00:44,21.8582,100,
10:00:44,21.851,200,
10:00:44,21.855,2000,
10:00:46,21.85,400,
10:00:48,21.8629,500,
10:00:51,21.852,1000,
10:00:55,21.86,100,
10:00:56,21.85,200,
10:00:56,21.85,100,
10:00:57,21.851,2222,
10:01:02,21.83,100,
10:01:03,21.8301,100,
10:01:03,21.8364,100,
10:01:03,21.831,100,
10:01:03,21.84,300,
10:01:03,21.83,600,
10:01:05,21.8301,200,
10:01:06,21.8218,1000,
10:01:07,21.8301,200,
10:01:07,21.84,100,
10:01:08,21.83,100,
10:01:08,21.8301,200,
10:01:09,21.8301,200,
10:01:09,21.8301,2000,
10:01:13,21.841,200,
10:01:13,21.841,200,
10:01:18,21.83,500,
10:01:26,21.8601,1000,
10:01:30,21.864,1000,
10:01:35,21.88,200,
10:01:35,21.88,100,
10:01:35,21.8799,100,
10:01:35,21.8799,500,
10:01:43,21.86,200,
10:01:43,21.86,400,
10:01:46,21.8554,3000,
10:02:03,21.858,1000,
10:02:06,21.851,300,
10:02:06,21.85,300,
10:02:07,21.85,100,
10:02:09,21.851,200,
10:02:09,21.858,1000,
10:02:12,21.8589,200,
10:02:12,21.8589,200,
10:02:15,21.853,200,
10:02:19,21.85,100,
10:02:19,21.83,100,
10:02:20,21.821,100,
10:02:21,21.83,100,
10:02:24,21.8118,100,
10:02:24,21.81,900,
10:02:24,21.80,1500,
10:02:24,21.8002,100,
10:02:26,21.80,100,
10:02:27,21.80,1000,
10:02:29,21.80,100,
10:02:29,21.80,100,
10:02:30,21.80,200,
10:02:30,21.8001,100,
10:02:30,21.80,300,
10:02:32,21.8011,100,
10:02:35,21.821,100,
10:02:36,21.8229,1500,
10:02:36,21.83,200,
10:02:37,21.8401,500,
10:02:40,21.85,100,
10:02:42,21.8432,100,
10:02:42,21.841,100,
10:02:42,21.852,600,
10:02:44,21.8582,100,
10:02:44,21.8582,100,
10:02:44,21.86,100,
10:02:44,21.86,100,
10:02:45,21.86,100,
10:02:45,21.86,100,
10:02:46,21.8571,1500,
10:02:48,21.858,500,
10:02:51,21.868,1000,
10:02:52,21.86,100,
10:02:52,21.85,178,
10:02:54,21.85,200,
10:02:55,21.8487,350,
10:02:56,21.853,100,
10:03:01,21.8471,800,
10:03:01,21.84,200,
10:03:03,21.82,100,
10:03:05,21.82,100,
10:03:07,21.83,200,
10:03:11,21.84,100,
10:03:17,21.8395,500,
10:03:18,21.82,100,
10:03:18,21.82,100,
10:03:18,21.82,100,
10:03:18,21.82,100,
10:03:18,21.81,600,
10:03:18,21.81,100,
10:03:19,21.8199,700,
10:03:23,21.82,200,
10:03:24,21.82,100,
10:03:24,21.82,100,
10:03:26,21.83,100,
10:03:36,21.82,100,
10:03:36,21.81,100,
10:03:36,21.81,100,
10:03:38,21.81,100,
10:03:40,21.803,3000,
10:03:40,21.811,228,
10:03:40,21.811,100,
10:03:42,21.818,2000,
10:03:45,21.82,100,
10:03:49,21.8201,100,
10:03:49,21.82,400,
10:03:50,21.82,100,
10:03:54,21.81,100,
10:03:56,21.80,100,
10:03:57,21.7918,1000,
10:03:57,21.79,100,
10:03:57,21.80,100,
10:03:58,21.8001,300,
10:03:58,21.8001,300,
10:03:59,21.8001,100,
10:04:01,21.80,400,
10:04:02,21.80,900,
10:04:08,21.80,100,
10:04:09,21.79,300,
10:04:12,21.7871,100,
10:04:13,21.7829,500,
10:04:15,21.7811,100,
10:04:15,21.781,150,
10:04:15,21.781,150,
10:04:19,21.7801,4700,
10:04:20,21.78,100,
10:04:20,21.78,100,
10:04:20,21.77,100,
10:04:21,21.79,300,
10:04:21,21.78,180,
10:04:21,21.78,1200,
10:04:21,21.78,100,
10:04:21,21.78,100,
10:04:21,21.781,200,
10:04:21,21.782,400,
10:04:26,21.76,400,
10:04:27,21.761,100,
10:04:28,21.76,100,
10:04:28,21.76,100,
10:04:28,21.75,500,
10:04:28,21.75,400,
10:04:28,21.75,100,
10:04:29,21.74,100,
10:04:29,21.73,100,
10:04:29,21.73,600,
10:04:29,21.73,100,
10:04:29,21.73,100,
10:04:29,21.7335,100,
10:04:29,21.731,200,
10:04:30,21.74,700,
10:04:30,21.75,100,
10:04:30,21.75,500,
10:04:30,21.732,100,
10:04:31,21.75,2000,
10:04:31,21.75,100,
10:04:31,21.75,350,
10:04:32,21.75,800,
10:04:34,21.76,100,
10:04:35,21.7515,100,
10:04:35,21.751,1700,
10:04:36,21.75,800,
10:04:36,21.75,4300,
10:04:40,21.76,100,
10:04:41,21.75,100,
10:04:44,21.751,200,
10:04:44,21.751,200,
10:04:45,21.75,400,
10:04:45,21.75,100,
10:04:45,21.75,261,
10:04:45,21.75,200,
10:04:45,21.75,200,
10:04:45,21.741,300,
10:04:45,21.741,300,
10:04:46,21.741,100,
10:04:48,21.741,900,
10:04:48,21.73,500,
10:04:48,21.73,1200,
10:04:48,21.73,200,
10:04:50,21.7218,500,
10:04:50,21.70,300,
10:04:51,21.70,200,
10:04:52,21.71,100,
10:04:52,21.72,100,
10:04:54,21.72,150,
10:04:54,21.73,100,
10:04:54,21.73,100,
10:04:54,21.73,100,
10:04:54,21.73,400,
10:04:54,21.73,100,
10:04:54,21.731,400,
10:04:54,21.73,500,
10:04:55,21.731,4300,
10:04:55,21.74,100,
10:04:55,21.74,300,
10:04:55,21.75,300,
10:04:55,21.75,300,
10:04:55,21.75,300,
10:04:56,21.76,200,
10:04:56,21.76,100,
10:04:57,21.75,100,
10:04:57,21.75,200,
10:04:58,21.75,400,
10:04:58,21.75,2600,
10:04:58,21.75,600,
10:05:00,21.75,100,
10:05:00,21.74,300,
10:05:00,21.751,100,
10:05:03,21.751,200,
10:05:09,21.7499,100,
10:05:09,21.7482,100,
10:05:09,21.7482,100,
10:05:09,21.75,200,
10:05:10,21.741,100,
10:05:12,21.749,5000,
10:05:13,21.7499,1000,
10:05:21,21.76,100,
10:05:23,21.76,100,
10:05:33,21.75,100,
10:05:33,21.75,100,
10:05:33,21.75,100,
10:05:33,21.74,200,
10:05:33,21.74,1200,
10:05:35,21.73,100,
10:05:38,21.75,300,
10:05:38,21.75,200,
10:05:38,21.76,200,
10:05:38,21.77,100,
10:05:40,21.78,200,
10:05:41,21.77,100,
10:05:47,21.7799,1300,
10:05:47,21.78,100,
10:05:51,21.79,600,
10:05:52,21.78,600,
10:05:52,21.78,100,
10:05:52,21.78,200,
10:05:52,21.78,100,
10:05:57,21.77,100,
10:05:57,21.76,200,
10:05:57,21.76,100,
10:05:58,21.7616,100,
10:06:01,21.76,100,
10:06:01,21.7618,100,
10:06:01,21.76,100,
10:06:01,21.76,100,
10:06:05,21.731,100,
10:06:05,21.731,100,
10:06:06,21.73,600,
10:06:06,21.72,600,
10:06:06,21.72,400,
10:06:06,21.732,500,
10:06:11,21.75,100,
10:06:11,21.75,100,
10:06:11,21.75,100,
10:06:11,21.75,100,
10:06:11,21.75,200,
10:06:12,21.74,100,
10:06:15,21.72,100,
10:06:15,21.72,100,
10:06:17,21.72,100,
10:06:17,21.72,200,
10:06:17,21.72,199,
10:06:17,21.72,200,
10:06:17,21.73,247,
10:06:18,21.73,100,
10:06:18,21.72,500,
10:06:19,21.72,1000,
10:06:20,21.7394,500,
10:06:24,21.71,100,
10:06:27,21.74,600,
10:06:31,21.74,100,
10:06:31,21.73,3100,
10:06:38,21.75,200,
10:06:45,21.75,200,
10:06:45,21.75,100,
10:06:46,21.76,800,
10:06:46,21.76,100,
10:06:51,21.77,100,
10:06:57,21.78,200,
10:06:57,21.789,300,
10:06:57,21.789,300,
10:06:58,21.7875,2200,
10:07:00,21.78,1000,
10:07:09,21.7871,200,
10:07:09,21.7899,100,
10:07:09,21.79,100,
10:07:10,21.7895,450,
10:07:11,21.78,200,
10:07:12,21.78,100,
10:07:16,21.78,200,
10:07:24,21.76,200,
10:07:24,21.76,100,
10:07:24,21.768,300,
10:07:33,21.77,100,
10:07:37,21.7789,100,
10:07:40,21.78,100,
10:07:40,21.78,100,
10:07:40,21.78,500,
10:07:51,21.7701,500,
10:07:54,21.77,200,
10:07:54,21.77,120,
10:07:59,21.77,100,
10:07:59,21.77,100,
10:08:00,21.777,200,
10:08:11,21.7599,400,
10:08:11,21.7582,200,
10:08:11,21.7582,100,
10:08:14,21.75,100,
10:08:29,21.73,500,
10:08:29,21.73,100,
10:08:29,21.73,200,
10:08:29,21.73,100,
10:08:29,21.73,100,
10:08:29,21.73,100,
10:08:29,21.73,100,
10:08:29,21.72,300,
10:08:30,21.72,100,
10:08:30,21.72,100,
10:08:30,21.72,100,
10:08:34,21.722,500,
10:08:36,21.72,200,
10:08:42,21.74,200,
10:08:46,21.73,200,
10:08:46,21.71,100,
10:08:49,21.71,200,
10:08:49,21.71,300,
10:08:53,21.70,5000,
10:08:56,21.69,4850,
10:08:56,21.69,100,
10:08:56,21.69,600,
10:08:56,21.69,200,
10:08:56,21.69,300,
10:08:57,21.68,600,
10:08:57,21.69,100,
10:08:59,21.69,200,
10:09:01,21.693,400,
10:09:02,21.68,100,
10:09:04,21.68,100,
10:09:04,21.68,200,
10:09:04,21.6799,200,
10:09:04,21.6799,200,
10:09:04,21.68,200,
10:09:04,21.68,200,
10:09:04,21.6799,200,
10:09:04,21.6799,200,
10:09:06,21.66,200,
10:09:06,21.66,100,
10:09:07,21.65,100,
10:09:07,21.6501,100,
10:09:07,21.65,200,
10:09:07,21.65,300,
10:09:07,21.65,100,
10:09:07,21.65,200,
10:09:07,21.65,100,
10:09:07,21.65,300,
10:09:07,21.64,100,
10:09:08,21.641,800,
10:09:08,21.6499,100,
10:09:08,21.65,100,
10:09:08,21.65,100,
10:09:08,21.65,200,
10:09:08,21.65,100,
10:09:09,21.63,100,
10:09:09,21.6301,200,
10:09:09,21.641,5400,
10:09:12,21.6318,100,
10:09:12,21.62,100,
10:09:12,21.62,200,
10:09:12,21.62,100,
10:09:12,21.61,100,
10:09:12,21.62,300,
10:09:13,21.60,500,
10:09:13,21.61,655,
10:09:13,21.60,100,
10:09:13,21.61,500,
10:09:13,21.61,100,
10:09:16,21.611,2000,
10:09:16,21.62,600,
10:09:16,21.62,200,
10:09:16,21.62,700,
10:09:16,21.62,476,
10:09:16,21.62,700,
10:09:16,21.63,300,
10:09:16,21.63,100,
10:09:17,21.64,100,
10:09:18,21.645,137,
10:09:18,21.6329,500,
10:09:21,21.6375,1700,
10:09:22,21.65,200,
10:09:22,21.66,100,
10:09:22,21.66,600,
10:09:22,21.66,200,
10:09:23,21.67,200,
10:09:24,21.67,200,
10:09:25,21.678,500,
10:09:26,21.66,100,
10:09:30,21.65,200,
10:09:32,21.6405,1000,
10:09:34,21.64,500,
10:09:37,21.65,100,
10:09:37,21.65,200,
10:09:37,21.66,100,
10:09:39,21.658,1000,
10:09:42,21.66,800,
10:09:42,21.66,311,
10:09:42,21.66,100,
10:09:42,21.66,300,
10:09:44,21.66,100,
10:09:46,21.6511,1000,
10:09:48,21.66,100,
10:09:52,21.6529,500,
10:09:56,21.6601,100,
10:10:01,21.669,500,
10:10:01,21.64,100,
10:10:01,21.64,200,
10:10:01,21.6325,7000,
10:10:10,21.6329,500,
10:10:15,21.63,200,
10:10:15,21.64,200,
10:10:18,21.63,100,
10:10:19,21.62,100,
10:10:19,21.61,700,
10:10:19,21.5829,1000,
10:10:20,21.59,200,
10:10:21,21.5929,550,
10:10:22,21.59,900,
10:10:22,21.60,200,
10:10:23,21.61,200,
10:10:23,21.6099,100,
10:10:25,21.59,100,
10:10:25,21.6025,2000,
10:10:28,21.5801,1000,
10:10:29,21.58,800,
10:10:29,21.5801,2800,
10:10:30,21.58,400,
10:10:30,21.58,100,
10:10:30,21.58,500,
10:10:30,21.58,178,
10:10:30,21.58,200,
10:10:33,21.5874,136,
10:10:33,21.5874,172,
10:10:33,21.59,100,
10:10:33,21.58,100,
10:10:33,21.58,600,
10:10:35,21.5671,1000,
10:10:37,21.5799,105,
10:10:43,21.58,200,
10:10:45,21.58,400,
10:10:46,21.5871,1500,
10:10:47,21.58,100,
10:10:54,21.57,200,
10:10:57,21.58,750,
10:10:57,21.58,600,
10:10:57,21.58,600,
10:10:57,21.58,300,
10:10:57,21.58,600,
10:10:57,21.58,100,
10:10:57,21.5818,500,
10:11:00,21.59,300,
10:11:07,21.581,100,
10:11:08,21.59,100,
10:11:08,21.5882,300,
10:11:08,21.5882,400,
10:11:11,21.60,700,
10:11:11,21.60,100,
10:11:11,21.60,2900,
10:11:11,21.60,300,
10:11:11,21.60,300,
10:11:11,21.60,900,
10:11:11,21.60,100,
10:11:12,21.60,1200,
10:11:12,21.60,600,
10:11:12,21.60,100,
10:11:12,21.60,1000,
10:11:12,21.60,300,
10:11:12,21.60,100,
10:11:22,21.60,100,
10:11:23,21.60,100,
10:11:23,21.60,300,
10:11:23,21.60,100,
10:11:23,21.60,399,
10:11:24,21.60,100,
10:11:25,21.5999,200,
10:11:25,21.60,100,
10:11:25,21.61,300,
10:11:25,21.60,400,
10:11:31,21.599,2500,
10:11:37,21.598,500,
10:11:38,21.60,100,
10:11:38,21.60,400,
10:11:38,21.60,100,
10:11:38,21.60,400,
10:11:38,21.60,200,
10:11:38,21.60,400,
10:11:41,21.60,100,
10:11:42,21.5999,300,
10:11:43,21.60,100,
10:11:43,21.598,1000,
10:11:46,21.598,600,
10:11:47,21.61,100,
10:11:48,21.6171,400,
10:11:50,21.6199,6000,
10:11:53,21.60,100,
10:12:00,21.60,100,
10:12:00,21.60,200,
10:12:04,21.598,500,
10:12:04,21.5999,1000,
10:12:07,21.5999,2000,
10:12:08,21.60,100,
10:12:08,21.60,700,
10:12:08,21.60,400,
10:12:09,21.59,100,
10:12:10,21.5899,100,
10:12:10,21.5999,200,
10:12:11,21.58,100,
10:12:16,21.58,100,
10:12:18,21.59,200,
10:12:18,21.60,100,
10:12:19,21.591,4888,
10:12:20,21.59,100,
10:12:25,21.59,100,
10:12:25,21.59,100,
10:12:31,21.58,100,
10:12:33,21.58,200,
10:12:33,21.58,100,
10:12:35,21.57,100,
10:12:36,21.55,200,
10:12:37,21.5725,2400,
10:12:38,21.56,100,
10:12:43,21.55,200,
10:12:47,21.54,900,
10:12:47,21.54,1000,
10:12:48,21.55,200,
10:12:48,21.56,200,
10:12:49,21.5601,200,
10:12:49,21.56,200,
10:12:49,21.56,300,
10:12:49,21.5618,300,
10:12:49,21.5618,100,
10:12:49,21.56,100,
10:12:49,21.56,200,
10:12:49,21.5605,500,
10:12:49,21.56,100,
10:12:50,21.55,100,
10:12:50,21.55,100,
10:12:50,21.55,100,
10:12:50,21.54,710,
10:12:50,21.54,100,
10:12:50,21.55,200,
10:12:50,21.55,300,
10:12:54,21.56,100,
10:12:54,21.56,200,
10:12:54,21.5501,100,
10:12:55,21.55,100,
10:12:55,21.5501,100,
10:12:55,21.55,300,
10:12:55,21.5501,100,
10:12:55,21.55,100,
10:12:55,21.5501,100,
10:12:55,21.55,100,
10:12:55,21.559,200,
10:12:55,21.56,100,
10:12:55,21.56,100,
10:12:55,21.56,100,
10:12:55,21.56,100,
10:12:56,21.56,200,
10:12:58,21.561,1005,
10:12:58,21.552,300,
10:12:59,21.5501,200,
10:12:59,21.5501,2000,
10:13:01,21.5525,2000,
10:13:03,21.54,100,
10:13:04,21.552,100,
10:13:12,21.5499,500,
10:13:12,21.54,100,
10:13:12,21.54,100,
10:13:12,21.5418,200,
10:13:13,21.541,1100,
10:13:18,21.53,400,
10:13:21,21.53,400,
10:13:21,21.53,700,
10:13:21,21.53,100,
10:13:21,21.5299,600,
10:13:22,21.53,100,
10:13:23,21.524,600,
10:13:23,21.5205,1200,
10:13:25,21.52,100,
10:13:26,21.51,100,
10:13:26,21.51,100,
10:13:30,21.51,100,
10:13:34,21.512,500,
10:13:38,21.52,100,
10:13:40,21.51,351,
10:13:40,21.5121,351,
10:13:40,21.51,600,
10:13:40,21.5123,500,
10:13:40,21.51,100,
10:13:40,21.50,450,
10:13:41,21.51,100,
10:13:41,21.5129,700,
10:13:43,21.54,100,
10:13:44,21.54,1000,
10:13:46,21.55,500,
10:13:48,21.5485,2000,
10:13:50,21.54,200,
10:13:55,21.5399,1000,
10:13:58,21.54,100,
10:14:05,21.5425,9600,
10:14:06,21.542,400,
10:14:10,21.55,200,
10:14:12,21.54,200,
10:14:12,21.55,100,
10:14:12,21.55,100,
10:14:12,21.5499,600,
10:14:12,21.55,600,
10:14:12,21.54,100,
10:14:12,21.54,100,
10:14:14,21.5311,1000,
10:14:15,21.55,100,
10:14:15,21.55,700,
10:14:19,21.5387,300,
10:14:19,21.538,900,
10:14:22,21.5399,100,
10:14:23,21.54,100,
10:14:26,21.54,200,
10:14:27,21.53,200,
10:14:27,21.52,100,
10:14:27,21.52,1000,
10:14:27,21.52,100,
10:14:27,21.52,200,
10:14:27,21.52,100,
10:14:27,21.52,400,
10:14:28,21.52,100,
10:14:33,21.53,100,
10:14:34,21.54,100,
10:14:34,21.521,100,
10:14:34,21.54,100,
10:14:34,21.54,300,
10:14:38,21.53,100,
10:14:42,21.56,100,
10:14:43,21.57,200,
10:14:45,21.5795,250,
10:14:46,21.5795,400,
10:14:48,21.57,100,
10:14:48,21.57,200,
10:14:48,21.57,200,
10:14:48,21.5699,1200,
10:14:48,21.5699,200,
10:14:48,21.58,200,
10:14:49,21.578,400,
10:14:50,21.5782,300,
10:14:52,21.58,100,
10:14:52,21.58,300,
10:14:52,21.59,100,
10:14:52,21.5801,300,
10:14:52,21.58,1400,
10:14:52,21.58,100,
10:14:52,21.58,200,
10:14:52,21.58,300,
10:14:52,21.58,100,
10:14:52,21.58,200,
10:14:52,21.5819,100,
10:14:52,21.5801,200,
10:14:52,21.5822,200,
10:14:52,21.5801,300,
10:14:52,21.5801,100,
10:14:52,21.5801,1400,
10:14:52,21.5801,3000,
10:14:55,21.58,100,
10:14:55,21.57,100,
10:14:58,21.58,200,
10:14:58,21.58,200,
10:15:00,21.58,100,
10:15:01,21.57,100,
10:15:02,21.57,100,
10:15:02,21.57,100,
10:15:02,21.5682,100,
10:15:02,21.5682,100,
10:15:02,21.5682,200,
10:15:02,21.57,100,
10:15:02,21.57,100,
10:15:02,21.57,100,
10:15:02,21.5682,100,
10:15:02,21.5695,200,
10:15:04,21.562,200,
10:15:04,21.5601,900,
10:15:04,21.56,200,
10:15:06,21.56,100,
10:15:07,21.5599,2000,
10:15:07,21.55,2900,
10:15:10,21.55,100,
10:15:12,21.54,600,
10:15:12,21.54,200,
10:15:13,21.55,100,
10:15:13,21.55,599,
10:15:13,21.56,100,
10:15:13,21.56,100,
10:15:13,21.5582,100,
10:15:13,21.5582,200,
10:15:13,21.5582,100,
10:15:13,21.56,400,
10:15:15,21.5415,2000,
10:15:16,21.5505,400,
10:15:19,21.552,720,
10:15:27,21.5699,300,
10:15:27,21.58,600,
10:15:27,21.58,300,
10:15:27,21.58,100,
10:15:27,21.58,100,
10:15:29,21.57,100,
10:15:31,21.569,100,
10:15:31,21.569,1000,
10:15:33,21.5511,100,
10:15:33,21.5511,100,
10:15:33,21.55,100,
10:15:34,21.56,200,
10:15:39,21.55,100,
10:15:42,21.56,300,
10:15:42,21.56,300,
10:15:48,21.55,2000,
10:15:48,21.54,200,
10:15:48,21.54,100,
10:15:49,21.54,200,
10:15:49,21.55,200,
10:15:49,21.55,800,
10:15:58,21.5499,1500,
10:15:58,21.55,100,
10:16:00,21.56,200,
10:16:03,21.58,300,
10:16:03,21.5799,300,
10:16:03,21.59,4400,
10:16:05,21.59,200,
10:16:06,21.59,100,
10:16:06,21.59,100,
10:16:07,21.5901,100,
10:16:07,21.5901,100,
10:16:07,21.5901,100,
10:16:09,21.59,200,
10:16:09,21.59,300,
10:16:09,21.59,700,
10:16:09,21.59,200,
10:16:09,21.59,500,
10:16:09,21.58,100,
10:16:09,21.59,200,
10:16:09,21.59,100,
10:16:09,21.59,100,
10:16:09,21.59,500,
10:16:09,21.59,100,
10:16:09,21.59,200,
10:16:09,21.5901,5400,
10:16:11,21.60,300,
10:16:13,21.598,500,
10:16:17,21.59,100,
10:16:17,21.5901,200,
10:16:17,21.5901,200,
10:16:17,21.5901,100,
10:16:17,21.59,200,
10:16:17,21.5901,200,
10:16:17,21.5901,200,
10:16:17,21.59,200,
10:16:19,21.593,454,
10:16:22,21.60,100,
10:16:22,21.60,600,
10:16:22,21.61,100,
10:16:22,21.61,100,
10:16:24,21.62,300,
10:16:24,21.62,100,
10:16:25,21.61,200,
10:16:29,21.61,10000,
10:16:33,21.62,100,
10:16:36,21.6211,300,
10:16:42,21.61,100,
10:16:43,21.6089,100,
10:16:43,21.61,100,
10:16:45,21.61,100,
10:16:45,21.62,100,
10:16:45,21.62,100,
10:16:45,21.62,100,
10:16:45,21.62,100,
10:16:45,21.62,3000,
10:16:45,21.62,300,
10:16:45,21.62,100,
10:16:45,21.62,100,
10:16:45,21.62,100,
10:16:45,21.62,100,
10:16:45,21.62,500,
10:16:45,21.62,3000,
10:16:45,21.62,300,
10:16:45,21.63,2250,
10:16:45,21.62,200,
10:16:47,21.6101,200,
10:16:49,21.62,100,
10:16:49,21.6125,2000,
10:16:55,21.62,200,
10:17:00,21.63,200,
10:17:01,21.61,100,
10:17:01,21.61,300,
10:17:01,21.61,200,
10:17:01,21.61,600,
10:17:04,21.619,300,
10:17:07,21.618,200,
10:17:16,21.6199,3000,
10:17:17,21.61,100,
10:17:17,21.6082,500,
10:17:18,21.61,100,
10:17:23,21.595,200,
10:17:23,21.59,100,
10:17:23,21.58,100,
10:17:23,21.58,100,
10:17:26,21.5825,2000,
10:17:28,21.57,1000,
10:17:36,21.5882,200,
10:17:44,21.5801,1000,
10:17:49,21.60,100,
10:17:49,21.60,100,
10:17:51,21.61,200,
10:17:51,21.61,200,
10:17:59,21.61,200,
10:17:59,21.6025,100,
10:17:59,21.601,400,
10:18:01,21.60,4300,
10:18:12,21.6005,500,
10:18:13,21.59,200,
10:18:13,21.591,1500,
10:18:14,21.5989,2000,
10:18:16,21.5985,2000,
10:18:22,21.59,500,
10:18:32,21.578,1770,
10:18:34,21.5601,2000,
10:18:36,21.56,200,
10:18:46,21.55,100,
10:18:49,21.53,200,
10:18:53,21.53,700,
10:18:53,21.53,300,
10:19:02,21.523,150,
10:19:04,21.522,1000,
10:19:08,21.52,100,
10:19:10,21.53,200,
10:19:10,21.53,100,
10:19:10,21.53,200,
10:19:10,21.53,500,
10:19:10,21.53,100,
10:19:10,21.53,100,
10:19:14,21.53,250,
10:19:15,21.54,100,
10:19:22,21.53,1000,
10:19:26,21.54,100,
10:19:28,21.54,100,
10:19:34,21.5475,4000,
10:19:35,21.5401,2000,
10:19:52,21.5598,2000,
10:19:58,21.55,100,
10:20:02,21.539,1076,
10:20:03,21.51,700,
10:20:05,21.528,100,
10:20:11,21.52,300,
10:20:11,21.52,600,
10:20:11,21.52,100,
10:20:11,21.52,180,
10:20:11,21.52,100,
10:20:11,21.52,100,
10:20:11,21.52,100,
10:20:11,21.51,100,
10:20:11,21.52,200,
10:20:11,21.52,400,
10:20:12,21.51,200,
10:20:13,21.50,100,
10:20:13,21.50,300,
10:20:14,21.50,450,
10:20:14,21.49,200,
10:20:14,21.49,100,
10:20:14,21.49,300,
10:20:14,21.49,100,
10:20:14,21.49,100,
10:20:14,21.49,100,
10:20:14,21.48,200,
10:20:14,21.48,200,
10:20:14,21.47,100,
10:20:14,21.47,100,
10:20:15,21.46,100,
10:20:15,21.46,200,
10:20:15,21.46,100,
10:20:15,21.45,400,
10:20:15,21.45,100,
10:20:15,21.45,100,
10:20:15,21.45,200,
10:20:15,21.45,100,
10:20:15,21.45,100,
10:20:15,21.45,100,
10:20:15,21.45,300,
10:20:15,21.455,140,
10:20:16,21.46,600,
10:20:16,21.47,200,
10:20:16,21.49,1000,
10:20:16,21.46,700,
10:20:16,21.48,100,
10:20:17,21.45,150,
10:20:17,21.48,200,
10:20:17,21.47,800,
10:20:17,21.45,200,
10:20:17,21.48,370,
10:20:17,21.47,300,
10:20:17,21.47,200,
10:20:17,21.47,600,
10:20:17,21.47,100,
10:20:17,21.47,100,
10:20:18,21.47,300,
10:20:18,21.47,100,
10:20:18,21.4618,200,
10:20:18,21.46,200,
10:20:18,21.4618,400,
10:20:18,21.46,400,
10:20:18,21.46,300,
10:20:19,21.46,100,
10:20:19,21.46,200,
10:20:19,21.4501,100,
10:20:19,21.4501,1800,
10:20:19,21.45,400,
10:20:19,21.45,300,
10:20:19,21.45,100,
10:20:19,21.4501,200,
10:20:19,21.45,200,
10:20:19,21.45,400,
10:20:19,21.4501,400,
10:20:19,21.4501,200,
10:20:19,21.45,200,
10:20:19,21.4501,100,
10:20:19,21.45,100,
10:20:19,21.45,400,
10:20:19,21.45,200,
10:20:20,21.46,100,
10:20:20,21.46,100,
10:20:21,21.47,100,
10:20:21,21.47,200,
10:20:21,21.4729,1000,
10:20:26,21.4705,1000,
10:20:26,21.4755,600,
10:20:26,21.47,1500,
10:20:29,21.472,1000,
10:20:30,21.49,100,
10:20:30,21.484,300,
10:20:30,21.49,300,
10:20:30,21.4872,100,
10:20:30,21.4873,100,
10:20:30,21.4873,200,
10:20:30,21.4873,200,
10:20:30,21.49,100,
10:20:30,21.49,200,
10:20:30,21.4873,200,
10:20:30,21.49,200,
10:20:30,21.49,800,
10:20:34,21.4825,2400,
10:20:35,21.4871,1000,
10:20:36,21.49,100,
10:20:36,21.49,300,
10:20:36,21.49,100,
10:20:36,21.49,100,
10:20:36,21.49,100,
10:20:36,21.49,300,
10:20:36,21.48,300,
10:20:36,21.48,200,
10:20:36,21.48,200,
10:20:36,21.47,100,
10:20:36,21.47,100,
10:20:36,21.47,100,
10:20:37,21.48,100,
10:20:37,21.48,100,
10:20:37,21.48,300,
10:20:37,21.48,300,
10:20:37,21.48,1200,
10:20:37,21.48,200,
10:20:37,21.48,500,
10:20:37,21.48,100,
10:20:37,21.47,300,
10:20:37,21.47,400,
10:20:37,21.47,800,
10:20:37,21.47,400,
10:20:37,21.47,400,
10:20:37,21.47,100,
10:20:37,21.48,300,
10:20:37,21.48,100,
10:20:37,21.47,100,
10:20:37,21.47,600,
10:20:37,21.47,100,
10:20:37,21.47,100,
10:20:37,21.49,375,
10:20:37,21.47,700,
10:20:37,21.47,325,
10:20:38,21.48,200,
10:20:38,21.49,100,
10:20:38,21.47,100,
10:20:39,21.50,300,
10:20:41,21.51,400,
10:20:41,21.51,162,
10:20:43,21.5001,300,
10:20:46,21.5099,2000,
10:20:53,21.51,2350,
10:20:55,21.521,700,
10:20:55,21.52,1000,
10:20:57,21.53,100,
10:20:59,21.53,200,
10:21:03,21.5285,2000,
10:21:05,21.54,100,
10:21:05,21.54,100,
10:21:06,21.54,100,
10:21:06,21.54,600,
10:21:06,21.54,400,
10:21:06,21.54,200,
10:21:06,21.54,200,
10:21:06,21.54,500,
10:21:06,21.53,200,
10:21:20,21.525,128,
10:21:22,21.52,100,
10:21:22,21.52,400,
10:21:24,21.52,100,
10:21:30,21.53,100,
10:21:35,21.5399,300,
10:21:35,21.54,100,
10:21:42,21.54,100,
10:21:47,21.53,200,
10:21:48,21.54,100,
10:21:48,21.54,100,
10:21:48,21.5399,100,
10:21:49,21.55,300,
10:21:49,21.5499,300,
10:21:49,21.5499,300,
10:21:49,21.5499,300,
10:21:49,21.55,300,
10:21:49,21.5499,100,
10:21:49,21.5499,100,
10:21:49,21.55,200,
10:21:49,21.55,100,
10:21:51,21.55,100,
10:21:52,21.54,200,
10:21:53,21.5329,200,
10:22:01,21.538,350,
10:22:05,21.53,200,
10:22:09,21.52,100,
10:22:09,21.52,340,
10:22:11,21.5201,100,
10:22:11,21.52,150,
10:22:11,21.52,100,
10:22:12,21.53,100,
10:22:14,21.54,100,
10:22:14,21.54,100,
10:22:15,21.55,200,
10:22:16,21.55,200,
10:22:20,21.55,100,
10:22:27,21.54,100,
10:22:32,21.5589,400,
10:22:37,21.559,2200,
10:22:38,21.56,300,
10:22:41,21.56,200,
10:22:41,21.56,100,
10:22:41,21.56,900,
10:22:41,21.5599,200,
10:22:43,21.5582,1500,
10:22:44,21.55,366,
10:22:48,21.5599,100,
10:22:50,21.5625,1700,
10:23:00,21.5699,6000,
10:23:03,21.57,300,
10:23:03,21.57,100,
10:23:03,21.57,500,
10:23:03,21.57,100,
10:23:04,21.58,212,
10:23:06,21.59,300,
10:23:06,21.60,600,
10:23:08,21.5982,400,
10:23:08,21.60,335,
10:23:12,21.61,500,
10:23:14,21.618,200,
10:23:17,21.605,700,
10:23:19,21.61,100,
10:23:22,21.6282,500,
10:23:23,21.62,100,
10:23:24,21.62,200,
10:23:28,21.62,100,
10:23:30,21.62,200,
10:23:31,21.6199,2000,
10:23:33,21.6101,200,
10:23:33,21.61,600,
10:23:33,21.61,400,
10:23:33,21.6101,100,
10:23:33,21.61,200,
10:23:33,21.6101,1600,
10:23:35,21.619,1000,
10:23:36,21.62,100,
10:23:44,21.61,334,
10:23:50,21.608,250,
10:23:54,21.6071,500,
10:23:55,21.60,300,
10:23:55,21.6099,500,
10:23:56,21.61,100,
10:23:59,21.6099,300,
10:24:00,21.61,105,
10:24:00,21.59,200,
10:24:00,21.59,230,
10:24:00,21.58,100,
10:24:00,21.58,300,
10:24:00,21.58,200,
10:24:00,21.58,300,
10:24:00,21.58,300,
10:24:01,21.57,300,
10:24:01,21.57,180,
10:24:01,21.58,100,
10:24:01,21.57,200,
10:24:01,21.57,100,
10:24:01,21.57,300,
10:24:02,21.5729,300,
10:24:02,21.58,100,
10:24:02,21.5799,100,
10:24:02,21.58,100,
10:24:02,21.58,200,
10:24:02,21.5799,200,
10:24:02,21.58,200,
10:24:02,21.5799,100,
10:24:02,21.5799,100,
10:24:02,21.58,100,
10:24:02,21.58,600,
10:24:03,21.58,1500,
10:24:08,21.56,200,
10:24:09,21.56,100,
10:24:11,21.562,100,
10:24:20,21.5699,200,
10:24:20,21.5699,100,
10:24:26,21.5695,1000,
10:24:28,21.57,200,
10:24:29,21.58,100,
10:24:39,21.59,100,
10:24:43,21.60,100,
10:24:43,21.5999,400,
10:24:43,21.60,700,
10:24:43,21.5999,5000,
10:24:47,21.5999,5000,
10:24:52,21.597,6600,
10:24:54,21.57,100,
10:24:55,21.57,100,
10:24:55,21.57,600,
10:24:55,21.57,300,
10:24:55,21.57,300,
10:24:55,21.57,200,
10:24:59,21.58,200,
10:25:02,21.58,2000,
10:25:02,21.58,8000,
10:25:02,21.58,600,
10:25:02,21.579,600,
10:25:11,21.6001,200,
10:25:11,21.60,200,
10:25:11,21.6001,600,
10:25:11,21.60,600,
10:25:11,21.60,200,
10:25:12,21.6082,100,
10:25:23,21.60,1300,
10:25:24,21.61,100,
10:25:24,21.61,100,
10:25:24,21.6099,200,
10:25:24,21.6099,200,
10:25:24,21.6099,200,
10:25:24,21.61,200,
10:25:24,21.61,200,
10:25:26,21.61,1000,
10:25:29,21.61,100,
10:25:29,21.61,200,
10:25:29,21.61,200,
10:25:29,21.61,100,
10:25:29,21.61,200,
10:25:29,21.6082,100,
10:25:30,21.60,200,
10:25:34,21.61,100,
10:25:39,21.62,1000,
10:25:39,21.63,400,
10:25:42,21.65,200,
10:25:42,21.65,200,
10:25:42,21.67,100,
10:25:42,21.67,100,
10:25:44,21.6601,300,
10:25:44,21.6601,200,
10:25:44,21.65,100,
10:25:46,21.67,1690,
10:25:50,21.66,100,
10:25:51,21.6501,5000,
10:25:51,21.65,200,
10:25:55,21.66,200,
10:25:55,21.6582,200,
10:25:55,21.66,300,
10:25:56,21.66,100,
10:25:56,21.659,1300,
10:25:56,21.659,1400,
10:25:56,21.659,100,
10:25:59,21.65,10000,
10:26:00,21.65,200,
10:26:03,21.6499,1500,
10:26:04,21.6499,100,
10:26:04,21.65,100,
10:26:08,21.65,2000,
10:26:10,21.67,100,
10:26:11,21.66,200,
10:26:11,21.66,200,
10:26:11,21.66,300,
10:26:11,21.66,1200,
10:26:11,21.66,300,
10:26:11,21.66,100,
10:26:11,21.66,200,
10:26:11,21.66,900,
10:26:12,21.67,100,
10:26:17,21.66,300,
10:26:19,21.68,100,
10:26:20,21.68,130,
10:26:20,21.68,200,
10:26:23,21.6701,4000,
10:26:26,21.671,5000,
10:26:27,21.68,100,
10:26:29,21.6699,100,
10:26:29,21.6699,100,
10:26:29,21.6699,100,
10:26:29,21.67,100,
10:26:29,21.678,1100,
10:26:31,21.66,300,
10:26:40,21.63,100,
10:26:40,21.63,100,
10:26:40,21.63,100,
10:26:41,21.657,300,
10:26:41,21.64,1000,
10:26:46,21.65,100,
10:26:47,21.6505,1500,
10:26:49,21.66,200,
10:26:53,21.6801,200,
10:26:53,21.6801,100,
10:26:53,21.6801,200,
10:26:55,21.6799,100,
10:26:55,21.6799,100,
10:26:55,21.68,100,
10:26:55,21.6799,100,
10:26:56,21.679,550,
10:26:58,21.69,200,
10:26:58,21.69,200,
10:26:58,21.70,200,
10:26:58,21.70,100,
10:27:01,21.69,100,
10:27:01,21.69,200,
10:27:01,21.69,300,
10:27:02,21.6882,200,
10:27:02,21.69,200,
10:27:02,21.69,200,
10:27:02,21.69,200,
10:27:02,21.6882,100,
10:27:02,21.69,100,
10:27:02,21.6882,200,
10:27:05,21.681,1000,
10:27:05,21.68,200,
10:27:08,21.68,3000,
10:27:12,21.6675,2100,
10:27:12,21.67,100,
10:27:12,21.67,400,
10:27:15,21.6699,2200,
10:27:19,21.67,100,
10:27:28,21.6601,100,
10:27:31,21.66,200,
10:27:32,21.65,200,
10:27:34,21.64,100,
10:27:42,21.65,100,
10:27:44,21.66,100,
10:27:44,21.66,100,
10:27:47,21.66,200,
10:27:47,21.66,200,
10:27:51,21.65,100,
10:27:56,21.66,500,
10:27:58,21.65,500,
10:27:58,21.6501,100,
10:27:58,21.6501,200,
10:27:58,21.6501,500,
10:27:58,21.6501,300,
10:27:58,21.6501,100,
10:27:58,21.6501,400,
10:27:58,21.65,100,
10:27:58,21.66,100,
10:27:58,21.66,100,
10:27:58,21.66,600,
10:28:01,21.66,100,
10:28:03,21.65,100,
10:28:11,21.6401,1100,
10:28:11,21.64,100,
10:28:12,21.63,200,
10:28:14,21.632,1000,
10:28:17,21.63,100,
10:28:17,21.62,400,
10:28:29,21.62,200,
10:28:35,21.62,200,
10:28:41,21.6201,4000,
10:28:51,21.62,100,
10:28:51,21.6072,300,
10:28:51,21.609,300,
10:28:53,21.60,800,
10:28:53,21.61,1000,
10:28:53,21.60,300,
10:28:53,21.60,300,
10:28:55,21.5718,1000,
10:28:56,21.57,100,
10:28:59,21.562,2200,
10:29:02,21.5601,1690,
10:29:02,21.56,100,
10:29:02,21.56,200,
10:29:03,21.56,200,
10:29:05,21.5518,1200,
10:29:09,21.56,100,
10:29:09,21.56,100,
10:29:12,21.56,200,
10:29:12,21.56,100,
10:29:16,21.56,100,
10:29:16,21.56,100,
10:29:16,21.5599,200,
10:29:16,21.56,200,
10:29:16,21.5599,100,
10:29:16,21.56,200,
10:29:16,21.56,100,
10:29:16,21.56,500,
10:29:16,21.5599,100,
10:29:16,21.5599,100,
10:29:16,21.5599,100,
10:29:16,21.5599,100,
10:29:29,21.542,1000,
10:29:32,21.5571,1000,
10:29:35,21.56,300,
10:29:35,21.56,100,
10:29:35,21.56,3000,
10:29:35,21.56,200,
10:29:35,21.55,200,
10:29:35,21.55,400,
10:29:35,21.55,100,
10:29:37,21.56,200,
10:29:37,21.56,100,
10:29:40,21.5501,200,
10:29:40,21.5501,100,
10:29:40,21.5501,200,
10:29:40,21.55,100,
10:29:40,21.5501,200,
10:29:40,21.5501,100,
10:29:40,21.55,100,
10:29:41,21.5599,100,
10:29:41,21.55,300,
10:29:48,21.559,1000,
10:29:51,21.57,200,
10:29:56,21.5595,500,
10:29:57,21.56,550,
10:30:01,21.53,600,
10:30:01,21.53,1500,
10:30:01,21.53,1300,
10:30:01,21.53,800,
10:30:01,21.53,1200,
10:30:01,21.53,1200,
10:30:01,21.53,1500,
10:30:01,21.53,1500,
10:30:01,21.53,1500,
10:30:01,21.53,1500,
10:30:01,21.53,1500,
10:30:01,21.53,1300,
10:30:01,21.53,1100,
10:30:01,21.53,1500,
10:30:01,21.53,1300,
10:30:01,21.53,1200,
10:30:01,21.53,1200,
10:30:01,21.53,1500,
10:30:01,21.53,600,
10:30:01,21.53,600,
10:30:01,21.53,1300,
10:30:01,21.53,700,
10:30:01,21.53,6690,
10:30:01,21.53,100,
10:30:03,21.54,200,
10:30:04,21.54,100,
10:30:04,21.54,400,
10:30:05,21.54,300,
10:30:05,21.54,300,
10:30:05,21.54,200,
10:30:07,21.54,300,
10:30:13,21.53,100,
10:30:13,21.53,200,
10:30:13,21.53,700,
10:30:13,21.53,200,
10:30:13,21.53,200,
10:30:13,21.53,300,
10:30:13,21.53,300,
10:30:13,21.53,300,
10:30:13,21.53,700,
10:30:13,21.53,200,
10:30:13,21.53,200,
10:30:13,21.53,2500,
10:30:13,21.53,700,
10:30:13,21.53,200,
10:30:13,21.53,1800,
10:30:13,21.53,500,
10:30:13,21.53,200,
10:30:13,21.53,300,
10:30:13,21.53,600,
10:30:13,21.53,300,
10:30:13,21.53,700,
10:30:13,21.53,400,
10:30:13,21.53,300,
10:30:13,21.53,200,
10:30:13,21.53,1300,
10:30:13,21.53,500,
10:30:13,21.53,579,
10:30:13,21.53,721,
10:30:13,21.53,200,
10:30:13,21.53,200,
10:30:16,21.52,200,
10:30:16,21.51,240,
10:30:16,21.5118,240,
10:30:16,21.5118,100,
10:30:17,21.52,100,
10:30:17,21.51,200,
10:30:17,21.51,200,
10:30:17,21.51,300,
10:30:17,21.51,100,
10:30:17,21.51,100,
10:30:17,21.51,100,
10:30:17,21.512,1100,
10:30:17,21.50,1000,
10:30:17,21.50,100,
10:30:18,21.50,100,
10:30:24,21.5099,1000,
10:30:25,21.50,300,
10:30:26,21.4918,100,
10:30:27,21.50,100,
10:30:27,21.50,100,
10:30:28,21.49,100,
10:30:30,21.50,300,
10:30:34,21.5095,1200,
10:30:35,21.51,299,
10:30:38,21.518,396,
10:30:41,21.5171,1000,
10:30:44,21.52,100,
10:30:50,21.52,250,
10:30:50,21.52,200,
10:30:50,21.512,500,
10:31:06,21.5199,500,
10:31:11,21.51,2400,
10:31:11,21.51,300,
10:31:16,21.51,390,
10:31:16,21.4971,500,
10:31:19,21.48,200,
10:31:19,21.47,200,
10:31:19,21.47,100,
10:31:19,21.4601,100,
10:31:19,21.46,100,
10:31:19,21.46,200,
10:31:20,21.47,300,
10:31:20,21.48,100,
10:31:20,21.48,100,
10:31:21,21.481,300,
10:31:21,21.481,400,
10:31:23,21.481,1000,
10:31:26,21.46,100,
10:31:29,21.451,200,
10:31:32,21.45,400,
10:31:35,21.46,100,
10:31:39,21.47,100,
10:31:41,21.4701,1500,
10:31:45,21.4771,1000,
10:31:48,21.48,300,
10:31:50,21.48,200,
10:31:51,21.47,100,
10:31:54,21.49,100,
10:31:55,21.49,200,
10:31:57,21.48,200,
10:31:57,21.48,600,
10:31:57,21.48,500,
10:31:57,21.48,100,
10:31:57,21.48,200,
10:31:57,21.48,300,
10:31:57,21.48,300,
10:31:57,21.48,300,
10:31:57,21.48,300,
10:31:57,21.48,300,
10:31:57,21.48,300,
10:31:58,21.469,600,
10:31:58,21.469,600,
10:31:59,21.469,3200,
10:32:01,21.4682,300,
10:32:03,21.47,100,
10:32:06,21.4684,100,
10:32:06,21.4695,500,
10:32:06,21.47,200,
10:32:07,21.4771,1000,
10:32:12,21.47,199,
10:32:13,21.46,100,
10:32:13,21.46,100,
10:32:21,21.472,500,
10:32:27,21.49,300,
10:32:27,21.49,300,
10:32:29,21.4901,1000,
10:32:29,21.49,200,
10:32:29,21.4848,100,
10:32:35,21.50,300,
10:32:35,21.499,100,
10:32:35,21.489,100,
10:32:36,21.50,3800,
10:32:36,21.49,300,
10:32:36,21.48,200,
10:32:36,21.47,200,
10:32:36,21.47,200,
10:32:36,21.47,100,
10:32:42,21.478,700,
10:32:56,21.46,200,
10:32:59,21.46,100,
10:32:59,21.46,100,
10:32:59,21.4618,100,
10:32:59,21.4618,100,
10:32:59,21.4618,100,
10:33:01,21.47,100,
10:33:01,21.47,500,
10:33:01,21.4699,500,
10:33:01,21.4699,400,
10:33:03,21.463,100,
10:33:05,21.47,100,
10:33:05,21.48,200,
10:33:08,21.50,100,
10:33:08,21.50,300,
10:33:08,21.50,300,
10:33:08,21.50,200,
10:33:08,21.49,100,
10:33:08,21.49,100,
10:33:08,21.491,600,
10:33:09,21.49,3000,
10:33:11,21.489,600,
10:33:11,21.489,600,
10:33:15,21.49,100,
10:33:17,21.492,200,
10:33:18,21.499,151,
10:33:19,21.50,100,
10:33:19,21.50,200,
10:33:19,21.50,100,
10:33:20,21.509,2500,
10:33:21,21.501,700,
10:33:25,21.5029,200,
10:33:26,21.5001,100,
10:33:27,21.51,300,
10:33:27,21.51,200,
10:33:27,21.51,600,
10:33:27,21.52,1000,
10:33:27,21.52,100,
10:33:27,21.52,100,
10:33:27,21.529,800,
10:33:27,21.529,800,
10:33:29,21.52,100,
10:33:32,21.53,100,
10:33:32,21.529,100,
10:33:33,21.5299,100,
10:33:35,21.529,300,
10:33:37,21.5282,100,
10:33:38,21.52,100,
10:33:38,21.52,300,
10:33:38,21.52,100,
10:33:38,21.52,100,
10:33:39,21.50,200,
10:33:39,21.50,200,
10:33:39,21.49,200,
10:33:39,21.499,200,
10:33:41,21.499,4300,
10:33:43,21.50,300,
10:33:43,21.50,100,
10:33:45,21.50,200,
10:33:54,21.493,100,
10:33:54,21.49,400,
10:33:54,21.49,300,
10:33:54,21.49,1800,
10:33:54,21.49,300,
10:34:07,21.47,300,
10:34:16,21.4759,100,
10:34:16,21.479,100,
10:34:21,21.46,600,
10:34:21,21.46,100,
10:34:24,21.46,400,
10:34:25,21.46,200,
10:34:25,21.46,100,
10:34:25,21.46,100,
10:34:25,21.46,600,
10:34:26,21.46,100,
10:34:27,21.46,1500,
10:34:27,21.46,100,
10:34:32,21.45,300,
10:34:32,21.45,100,
10:34:32,21.45,200,
10:34:32,21.45,945,
10:34:32,21.44,1000,
10:34:32,21.44,2000,
10:34:32,21.4401,2000,
10:34:34,21.451,100,
10:34:35,21.45,500,
10:34:35,21.45,100,
10:34:35,21.45,500,
10:34:37,21.45,100,
10:34:39,21.45,100,
10:34:39,21.45,300,
10:34:39,21.45,100,
10:34:42,21.442,200,
10:34:48,21.43,300,
10:34:49,21.43,100,
10:34:49,21.4201,300,
10:34:49,21.42,600,
10:34:49,21.4201,100,
10:34:49,21.42,200,
10:34:49,21.42,300,
10:34:49,21.42,300,
10:34:49,21.42,300,
10:34:49,21.42,200,
10:34:49,21.41,500,
10:34:50,21.42,200,
10:34:50,21.42,100,
10:34:50,21.40,1000,
10:34:51,21.406,300,
10:34:51,21.40,100,
10:34:51,21.40,100,
10:34:51,21.39,1150,
10:34:51,21.3901,1000,
10:34:51,21.39,200,
10:34:51,21.39,100,
10:34:52,21.39,200,
10:34:53,21.3918,500,
10:34:53,21.40,300,
10:34:53,21.40,300,
10:34:53,21.40,500,
10:34:54,21.39,100,
10:34:54,21.402,200,
10:34:54,21.40,100,
10:34:54,21.39,300,
10:34:54,21.38,400,
10:34:55,21.39,100,
10:34:56,21.3919,1175,
10:34:57,21.38,292,
10:34:57,21.3911,1500,
10:34:57,21.39,100,
10:34:57,21.39,200,
10:34:57,21.38,200,
10:34:57,21.37,300,
10:34:57,21.37,200,
10:34:57,21.37,300,
10:34:57,21.36,100,
10:34:57,21.37,300,
10:34:57,21.36,300,
10:34:57,21.37,200,
10:34:57,21.36,600,
10:34:58,21.36,300,
10:34:58,21.36,200,
10:34:58,21.36,3500,
10:34:58,21.36,100,
10:34:58,21.37,100,
10:34:58,21.37,100,
10:34:58,21.37,100,
10:34:59,21.37,500,
10:34:59,21.37,400,
10:34:59,21.37,100,
10:34:59,21.37,200,
10:35:00,21.37,100,
10:35:00,21.37,100,
10:35:01,21.3697,300,
10:35:01,21.369,400,
10:35:03,21.38,3000,
10:35:03,21.368,1000,
10:35:03,21.37,4000,
10:35:04,21.36,300,
10:35:06,21.362,1550,
10:35:08,21.35,200,
10:35:09,21.3505,200,
10:35:10,21.36,400,
10:35:12,21.359,3000,
10:35:12,21.35,200,
10:35:12,21.35,400,
10:35:12,21.34,200,
10:35:12,21.34,100,
10:35:12,21.33,100,
10:35:12,21.33,200,
10:35:12,21.33,100,
10:35:12,21.33,100,
10:35:12,21.33,200,
10:35:12,21.33,100,
10:35:12,21.32,200,
10:35:12,21.32,500,
10:35:12,21.32,100,
10:35:12,21.32,291,
10:35:12,21.31,100,
10:35:12,21.32,200,
10:35:12,21.33,100,
10:35:12,21.32,200,
10:35:12,21.32,2000,
10:35:12,21.33,200,
10:35:12,21.34,200,
10:35:12,21.34,100,
10:35:12,21.34,100,
10:35:12,21.3299,200,
10:35:12,21.34,200,
10:35:12,21.335,3300,
10:35:13,21.34,125,
10:35:13,21.34,100,
10:35:13,21.34,300,
10:35:14,21.33,500,
10:35:14,21.33,200,
10:35:14,21.3301,5800,
10:35:14,21.33,100,
10:35:15,21.33,700,
10:35:15,21.33,100,
10:35:15,21.33,300,
10:35:17,21.33,1700,
10:35:17,21.33,1350,
10:35:17,21.32,500,
10:35:21,21.3329,250,
10:35:22,21.3399,200,
10:35:22,21.3399,300,
10:35:22,21.34,300,
10:35:22,21.3399,300,
10:35:22,21.34,300,
10:35:22,21.34,200,
10:35:22,21.3399,300,
10:35:22,21.3399,100,
10:35:22,21.3399,100,
10:35:22,21.34,100,
10:35:23,21.34,300,
10:35:24,21.3311,500,
10:35:25,21.33,200,
10:35:25,21.329,300,
10:35:27,21.321,5000,
10:35:27,21.33,200,
10:35:27,21.34,100,
10:35:27,21.34,600,
10:35:27,21.34,100,
10:35:27,21.34,200,
10:35:27,21.34,100,
10:35:27,21.34,100,
10:35:27,21.34,100,
10:35:27,21.34,100,
10:35:27,21.34,100,
10:35:27,21.34,300,
10:35:27,21.34,100,
10:35:27,21.34,100,
10:35:28,21.33,1077,
10:35:28,21.3325,2000,
10:35:31,21.33,100,
10:35:33,21.34,200,
10:35:33,21.34,250,
10:35:33,21.33,1000,
10:35:35,21.3499,1000,
10:35:36,21.34,200,
10:35:36,21.32,200,
10:35:36,21.32,200,
10:35:36,21.32,400,
10:35:36,21.32,100,
10:35:37,21.31,200,
10:35:37,21.31,500,
10:35:37,21.30,200,
10:35:38,21.31,300,
10:35:38,21.31,400,
10:35:38,21.31,200,
10:35:39,21.30,200,
10:35:39,21.33,500,
10:35:39,21.31,900,
10:35:39,21.3129,567,
10:35:42,21.32,1000,
10:35:42,21.32,200,
10:35:42,21.319,300,
10:35:42,21.319,1000,
10:35:42,21.3145,100,
10:35:42,21.3144,100,
10:35:45,21.319,200,
10:35:46,21.31,100,
10:35:46,21.31,200,
10:35:46,21.31,200,
10:35:46,21.31,600,
10:35:46,21.31,200,
10:35:46,21.31,400,
10:35:47,21.32,200,
10:35:47,21.32,100,
10:35:47,21.3129,200,
10:35:49,21.32,100,
10:35:49,21.32,100,
10:35:50,21.32,100,
10:35:50,21.32,200,
10:35:50,21.32,200,
10:35:52,21.3101,100,
10:35:56,21.32,100,
10:35:56,21.319,1500,
10:35:56,21.319,900,
10:35:57,21.319,500,
10:35:57,21.319,100,
10:35:58,21.31,100,
10:35:59,21.3155,200,
10:35:59,21.32,100,
10:35:59,21.319,3100,
10:35:59,21.3101,4000,
10:36:01,21.31,300,
10:36:01,21.31,100,
10:36:03,21.31,100,
10:36:04,21.31,100,
10:36:05,21.30,139,
10:36:05,21.30,100,
10:36:05,21.30,100,
10:36:05,21.3001,9000,
10:36:07,21.31,200,
10:36:07,21.31,200,
10:36:10,21.33,100,
10:36:10,21.33,300,
10:36:10,21.33,200,
10:36:10,21.32,230,
10:36:12,21.34,2100,
10:36:12,21.33,2100,
10:36:12,21.329,100,
10:36:13,21.34,100,
10:36:13,21.3382,200,
10:36:13,21.3382,100,
10:36:13,21.34,200,
10:36:13,21.34,100,
10:36:18,21.34,100,
10:36:18,21.34,200,
10:36:18,21.3401,200,
10:36:18,21.34,100,
10:36:18,21.3401,200,
10:36:18,21.34,200,
10:36:18,21.3401,300,
10:36:18,21.338,100,
10:36:18,21.339,1700,
10:36:18,21.339,1100,
10:36:19,21.34,100,
10:36:19,21.34,400,
10:36:19,21.34,200,
10:36:19,21.34,600,
10:36:20,21.3387,600,
10:36:20,21.339,700,
10:36:20,21.34,200,
10:36:21,21.339,400,
10:36:21,21.331,100,
10:36:21,21.33,100,
10:36:21,21.33,100,
10:36:21,21.33,100,
10:36:21,21.33,100,
10:36:21,21.33,225,
10:36:21,21.33,100,
10:36:21,21.33,100,
10:36:21,21.33,100,
10:36:21,21.33,120,
10:36:21,21.33,200,
10:36:23,21.3372,200,
10:36:23,21.339,300,
10:36:24,21.34,1000,
10:36:24,21.33,4000,
10:36:24,21.32,100,
10:36:25,21.3205,700,
10:36:27,21.3282,200,
10:36:27,21.3282,100,
10:36:27,21.3282,100,
10:36:27,21.33,100,
10:36:27,21.3282,200,
10:36:27,21.33,100,
10:36:27,21.33,100,
10:36:28,21.3299,4000,
10:36:30,21.329,200,
10:36:30,21.323,100,
10:36:30,21.329,4300,
10:36:30,21.33,300,
10:36:30,21.33,200,
10:36:32,21.32,1200,
10:36:32,21.32,300,
10:36:32,21.32,700,
10:36:32,21.32,300,
10:36:32,21.32,100,
10:36:32,21.33,200,
10:36:32,21.33,100,
10:36:32,21.3289,100,
10:36:32,21.3289,200,
10:36:32,21.33,893,
10:36:34,21.33,300,
10:36:37,21.33,100,
10:36:40,21.3399,5000,
10:36:44,21.339,1500,
10:36:44,21.339,1500,
10:36:45,21.331,1000,
10:36:47,21.3399,100,
10:36:48,21.34,100,
10:36:48,21.34,100,
10:36:48,21.331,100,
10:36:50,21.34,200,
10:36:50,21.34,200,
10:36:57,21.338,400,
10:37:01,21.3399,148,
10:37:01,21.34,300,
10:37:01,21.339,600,
10:37:03,21.34,400,
10:37:04,21.329,100,
10:37:05,21.3225,3000,
10:37:11,21.33,10000,
10:37:17,21.32,600,
10:37:17,21.31,100,
10:37:17,21.31,600,
10:37:17,21.31,200,
10:37:17,21.32,500,
10:37:18,21.317,150,
10:37:18,21.319,100,
10:37:19,21.31,100,
10:37:19,21.31,100,
10:37:19,21.30,200,
10:37:19,21.31,300,
10:37:19,21.31,200,
10:37:20,21.31,100,
10:37:20,21.31,200,
10:37:20,21.3168,100,
10:37:20,21.319,100,
10:37:27,21.3135,3000,
10:37:28,21.32,200,
10:37:28,21.32,300,
10:37:28,21.32,200,
10:37:28,21.32,100,
10:37:34,21.32,150,
10:37:34,21.32,100,
10:37:34,21.3275,200,
10:37:34,21.329,600,
10:37:35,21.31,250,
10:37:36,21.326,800,
10:37:38,21.329,100,
10:37:38,21.33,100,
10:37:38,21.33,400,
10:37:41,21.33,200,
10:37:47,21.34,300,
10:37:47,21.339,400,
10:37:48,21.33,100,
10:37:52,21.3399,160,
10:38:01,21.3395,500,
10:38:04,21.33,100,
10:38:11,21.32,200,
10:38:11,21.319,100,
10:38:14,21.31,100,
10:38:14,21.30,100,
10:38:15,21.30,200,
10:38:15,21.29,300,
10:38:15,21.29,200,
10:38:17,21.28,300,
10:38:18,21.29,100,
10:38:18,21.29,200,
10:38:18,21.29,200,
10:38:18,21.29,100,
10:38:18,21.29,500,
10:38:18,21.29,100,
10:38:18,21.29,100,
10:38:18,21.29,100,
10:38:18,21.28,200,
10:38:18,21.28,100,
10:38:21,21.28,200,
10:38:21,21.28,350,
10:38:21,21.27,300,
10:38:21,21.27,200,
10:38:21,21.26,300,
10:38:21,21.2815,3000,
10:38:22,21.26,100,
10:38:22,21.26,200,
10:38:22,21.26,100,
10:38:22,21.27,300,
10:38:23,21.2701,2000,
10:38:24,21.27,250,
10:38:24,21.2718,400,
10:38:24,21.27,200,
10:38:24,21.27,400,
10:38:24,21.27,1500,
10:38:26,21.28,100,
10:38:34,21.2729,100,
10:38:39,21.27,200,
10:38:41,21.28,300,
10:38:41,21.28,200,
10:38:44,21.2782,200,
10:38:44,21.28,200,
10:38:44,21.2782,200,
10:38:44,21.28,200,
10:38:44,21.2782,100,
10:38:44,21.28,100,
10:38:44,21.279,100,
10:38:45,21.27,2000,
10:38:45,21.28,400,
10:38:45,21.29,100,
10:38:47,21.28,100,
10:38:47,21.2799,1100,
10:38:53,21.28,100,
10:38:54,21.27,100,
10:38:54,21.27,200,
10:38:58,21.2695,200,
10:38:59,21.27,200,
10:38:59,21.27,100,
10:38:59,21.27,100,
10:38:59,21.27,200,
10:39:00,21.27,100,
10:39:00,21.27,100,
10:39:00,21.27,100,
10:39:00,21.27,1000,
10:39:00,21.27,200,
10:39:00,21.26,600,
10:39:00,21.26,100,
10:39:00,21.27,300,
10:39:03,21.251,200,
10:39:03,21.25,300,
10:39:04,21.25,150,
10:39:05,21.26,100,
10:39:05,21.26,200,
10:39:05,21.25,100,
10:39:07,21.24,100,
10:39:09,21.25,100,
10:39:10,21.24,100,
10:39:10,21.24,300,
10:39:10,21.2401,300,
10:39:10,21.2401,500,
10:39:10,21.2401,1500,
10:39:12,21.242,600,
10:39:12,21.24,5000,
10:39:13,21.2499,200,
10:39:13,21.25,100,
10:39:13,21.2499,200,
10:39:13,21.25,300,
10:39:13,21.2499,300,
10:39:13,21.2499,200,
10:39:13,21.2499,100,
10:39:13,21.25,200,
10:39:13,21.25,100,
10:39:13,21.25,200,
10:39:13,21.24,100,
10:39:13,21.24,200,
10:39:13,21.2304,100,
10:39:14,21.2429,300,
10:39:17,21.2418,100,
10:39:17,21.2418,100,
10:39:17,21.2418,100,
10:39:17,21.24,100,
10:39:17,21.24,100,
10:39:21,21.2425,2000,
10:39:21,21.25,200,
10:39:21,21.26,300,
10:39:22,21.25,500,
10:39:22,21.26,100,
10:39:22,21.26,600,
10:39:22,21.25,100,
10:39:22,21.25,200,
10:39:22,21.25,200,
10:39:23,21.24,100,
10:39:24,21.2405,505,
10:39:25,21.25,100,
10:39:25,21.25,500,
10:39:25,21.2501,400,
10:39:25,21.25,400,
10:39:25,21.2501,800,
10:39:25,21.25,800,
10:39:26,21.2595,1000,
10:39:32,21.25,600,
10:39:32,21.25,200,
10:39:32,21.25,400,
10:39:32,21.24,600,
10:39:32,21.24,100,
10:39:32,21.24,100,
10:39:32,21.24,100,
10:39:32,21.249,300,
10:39:33,21.247,220,
10:39:36,21.242,700,
10:39:41,21.25,300,
10:39:41,21.2505,750,
10:39:45,21.2559,200,
10:39:45,21.259,300,
10:39:46,21.259,400,
10:39:46,21.26,200,
10:39:46,21.26,100,
10:39:48,21.259,100,
10:39:48,21.2675,700,
10:39:49,21.2668,200,
10:39:49,21.269,200,
10:39:51,21.268,600,
10:39:51,21.269,700,
10:39:51,21.269,1700,
10:39:51,21.269,200,
10:39:53,21.2501,100,
10:39:53,21.26,100,
10:39:53,21.26,100,
10:39:53,21.2573,100,
10:39:53,21.2573,200,
10:39:53,21.2573,100,
10:39:53,21.2573,100,
10:39:53,21.26,100,
10:39:53,21.26,200,
10:39:56,21.259,1700,
10:39:56,21.259,1700,
10:39:58,21.26,100,
10:39:58,21.26,200,
10:39:58,21.25,100,
10:39:58,21.25,700,
10:39:58,21.25,100,
10:39:58,21.25,300,
10:39:58,21.25,900,
10:39:58,21.25,300,
10:39:58,21.25,700,
10:39:58,21.25,300,
10:39:58,21.25,100,
10:40:01,21.24,100,
10:40:01,21.22,100,
10:40:01,21.23,200,
10:40:01,21.22,600,
10:40:01,21.21,100,
10:40:01,21.21,200,
10:40:01,21.22,300,
10:40:01,21.20,100,
10:40:01,21.20,100,
10:40:02,21.20,2000,
10:40:02,21.20,2600,
10:40:02,21.20,750,
10:40:02,21.2071,370,
10:40:02,21.21,400,
10:40:02,21.21,800,
10:40:03,21.21,3000,
10:40:03,21.21,100,
10:40:03,21.20,422,
10:40:03,21.21,1400,
10:40:03,21.20,1078,
10:40:04,21.20,100,
10:40:04,21.20,300,
10:40:04,21.20,200,
10:40:04,21.20,300,
10:40:06,21.219,5000,
10:40:07,21.19,200,
10:40:07,21.19,180,
10:40:07,21.20,100,
10:40:07,21.191,100,
10:40:07,21.19,100,
10:40:07,21.19,375,
10:40:07,21.19,200,
10:40:07,21.19,225,
10:40:09,21.21,2000,
10:40:09,21.19,300,
10:40:10,21.18,187,
10:40:10,21.18,200,
10:40:11,21.1818,1000,
10:40:12,21.189,5000,
10:40:12,21.18,100,
10:40:12,21.181,100,
10:40:13,21.18,100,
10:40:13,21.18,100,
10:40:13,21.17,200,
10:40:14,21.17,400,
10:40:14,21.17,200,
10:40:14,21.17,200,
10:40:14,21.18,200,
10:40:14,21.179,100,
10:40:15,21.188,1000,
10:40:15,21.173,200,
10:40:16,21.179,100,
10:40:16,21.18,116,
10:40:16,21.19,200,
10:40:16,21.19,200,
10:40:18,21.20,300,
10:40:18,21.193,100,
10:40:18,21.21,100,
10:40:18,21.20,300,
10:40:18,21.20,100,
10:40:20,21.20,200,
10:40:22,21.209,100,
10:40:25,21.2075,300,
10:40:25,21.21,100,
10:40:27,21.202,800,
10:40:28,21.21,100,
10:40:29,21.2095,300,
10:40:29,21.209,700,
10:40:29,21.209,700,
10:40:31,21.21,100,
10:40:32,21.22,100,
10:40:32,21.219,900,
10:40:33,21.219,100,
10:40:39,21.22,100,
10:40:39,21.219,1300,
10:40:39,21.219,600,
10:40:39,21.219,700,
10:40:39,21.22,200,
10:40:39,21.22,100,
10:40:39,21.22,300,
10:40:39,21.22,200,
10:40:39,21.22,200,
10:40:39,21.22,100,
10:40:39,21.22,200,
10:40:39,21.22,100,
10:40:39,21.22,200,
10:40:39,21.22,100,
10:40:39,21.22,200,
10:40:39,21.219,200,
10:40:39,21.2282,300,
10:40:39,21.2282,100,
10:40:39,21.23,100,
10:40:39,21.219,300,
10:40:41,21.22,200,
10:40:42,21.22,100,
10:40:46,21.23,800,
10:40:46,21.24,100,
10:40:46,21.23,300,
10:40:46,21.23,100,
10:40:48,21.2201,200,
10:40:51,21.2271,1100,
10:40:51,21.23,100,
10:40:51,21.23,100,
10:40:51,21.24,2700,
10:40:51,21.23,100,
10:40:51,21.229,100,
10:40:57,21.24,100,
10:40:57,21.24,100,
10:40:58,21.24,100,
10:40:59,21.248,600,
10:40:59,21.249,1700,
10:40:59,21.249,800,
10:41:00,21.249,200,
10:41:02,21.2429,700,
10:41:03,21.24,100,
10:41:03,21.2401,100,
10:41:03,21.2401,200,
10:41:03,21.23,4050,
10:41:04,21.24,100,
10:41:05,21.24,200,
10:41:05,21.239,400,
10:41:05,21.239,300,
10:41:05,21.24,100,
10:41:05,21.24,100,
10:41:06,21.25,100,
10:41:06,21.25,100,
10:41:08,21.2475,2000,
10:41:12,21.2489,300,
10:41:12,21.2489,100,
10:41:12,21.2489,100,
10:41:12,21.2489,100,
10:41:12,21.2489,100,
10:41:12,21.25,100,
10:41:12,21.25,100,
10:41:13,21.249,1200,
10:41:13,21.249,1200,
10:41:15,21.249,500,
10:41:18,21.25,300,
10:41:18,21.25,200,
10:41:18,21.25,100,
10:41:18,21.2499,100,
10:41:18,21.2499,100,
10:41:18,21.2499,200,
10:41:18,21.26,2600,
10:41:18,21.2599,5000,
10:41:18,21.26,2400,
10:41:18,21.26,300,
10:41:19,21.259,200,
10:41:21,21.245,900,
10:41:21,21.26,300,
10:41:21,21.26,100,
10:41:21,21.26,300,
10:41:21,21.26,100,
10:41:21,21.26,100,
10:41:21,21.26,100,
10:41:21,21.26,300,
10:41:21,21.26,200,
10:41:21,21.2601,200,
10:41:23,21.26,200,
10:41:24,21.26,300,
10:41:24,21.26,100,
10:41:24,21.259,200,
10:41:24,21.27,700,
10:41:24,21.26,100,
10:41:24,21.259,100,
10:41:24,21.259,200,
10:41:25,21.27,2700,
10:41:27,21.2673,100,
10:41:27,21.269,100,
10:41:27,21.26,100,
10:41:27,21.26,400,
10:41:29,21.2599,500,
10:41:30,21.25,100,
10:41:30,21.25,300,
10:41:30,21.26,100,
10:41:30,21.25,800,
10:41:31,21.259,200,
10:41:32,21.2582,200,
10:41:34,21.25,100,
10:41:34,21.25,300,
10:41:36,21.249,200,
10:41:36,21.24,300,
10:41:36,21.24,300,
10:41:37,21.248,1000,
10:41:37,21.239,200,
10:41:37,21.239,300,
10:41:38,21.239,700,
10:41:38,21.24,200,
10:41:38,21.24,200,
10:41:38,21.24,300,
10:41:38,21.24,400,
10:41:38,21.24,2000,
10:41:39,21.239,100,
10:41:41,21.25,300,
10:41:44,21.26,200,
10:41:44,21.26,200,
10:41:45,21.26,200,
10:41:47,21.2599,100,
10:41:51,21.26,200,
10:41:51,21.25,100,
10:41:51,21.25,700,
10:41:51,21.25,100,
10:41:51,21.25,100,
10:41:51,21.25,100,
10:41:51,21.25,300,
10:41:51,21.25,200,
10:41:51,21.25,100,
10:41:51,21.25,100,
10:41:51,21.25,500,
10:41:51,21.25,100,
10:41:51,21.2499,4000,
10:41:52,21.25,200,
10:41:52,21.25,100,
10:41:52,21.25,300,
10:41:55,21.26,100,
10:42:00,21.26,200,
10:42:00,21.26,400,
10:42:00,21.268,400,
10:42:03,21.25,100,
10:42:04,21.259,3000,
10:42:07,21.25,500,
10:42:09,21.25,100,
10:42:12,21.2599,1200,
10:42:13,21.26,300,
10:42:13,21.26,100,
10:42:14,21.27,100,
10:42:15,21.2699,200,
10:42:16,21.27,200,
10:42:16,21.29,200,
10:42:16,21.289,100,
10:42:20,21.29,1000,
10:42:22,21.28,100,
10:42:26,21.28,100,
10:42:26,21.28,300,
10:42:26,21.27,100,
10:42:29,21.2729,800,
10:42:31,21.28,100,
10:42:40,21.28,100,
10:42:47,21.27,186,
10:42:47,21.28,200,
10:42:49,21.27,300,
10:42:49,21.27,300,
10:42:52,21.2871,400,
10:42:54,21.30,200,
10:42:57,21.308,1500,
10:42:58,21.309,200,
10:42:58,21.309,200,
10:43:03,21.3089,1000,
10:43:07,21.309,100,
10:43:08,21.309,100,
10:43:08,21.31,300,
10:43:08,21.31,200,
10:43:12,21.3085,2000,
10:43:14,21.3001,2000,
10:43:15,21.30,300,
10:43:16,21.30,100,
10:43:16,21.2901,2600,
10:43:16,21.29,100,
10:43:16,21.30,100,
10:43:19,21.29,600,
10:43:19,21.29,300,
10:43:19,21.29,200,
10:43:19,21.2901,200,
10:43:19,21.28,100,
10:43:20,21.29,100,
10:43:21,21.29,200,
10:43:21,21.29,500,
10:43:21,21.299,300,
10:43:21,21.299,300,
10:43:22,21.29,300,
10:43:24,21.2889,1000,
10:43:29,21.29,300,
10:43:32,21.30,300,
10:43:35,21.30,300,
10:43:35,21.299,1300,
10:43:37,21.30,4300,
10:43:39,21.299,300,
10:43:44,21.29,100,
10:43:45,21.29,100,
10:43:46,21.29,2566,
10:43:47,21.28,400,
10:43:49,21.27,100,
10:43:50,21.28,100,
10:43:50,21.27,200,
10:43:51,21.26,200,
10:43:51,21.2556,132,
10:43:51,21.25,400,
10:43:55,21.24,200,
10:43:55,21.24,100,
10:43:57,21.24,200,
10:43:57,21.24,100,
10:43:59,21.2495,250,
10:44:06,21.2271,1000,
10:44:07,21.23,100,
10:44:09,21.23,200,
10:44:09,21.23,100,
10:44:09,21.23,300,
10:44:09,21.24,8500,
10:44:10,21.23,100,
10:44:10,21.23,300,
10:44:10,21.23,200,
10:44:13,21.221,1200,
10:44:16,21.2201,2000,
10:44:21,21.20,3445,
10:44:23,21.20,100,
10:44:24,21.209,1800,
10:44:24,21.209,1600,
10:44:25,21.21,10888,
10:44:25,21.21,300,
10:44:25,21.21,200,
10:44:25,21.21,100,
10:44:25,21.21,300,
10:44:25,21.21,299,
10:44:25,21.21,300,
10:44:25,21.21,100,
10:44:26,21.21,300,
10:44:26,21.21,200,
10:44:26,21.21,200,
10:44:29,21.22,100,
10:44:29,21.22,100,
10:44:31,21.23,100,
10:44:31,21.23,300,
10:44:31,21.23,200,
10:44:31,21.23,2000,
10:44:32,21.23,200,
10:44:34,21.23,200,
10:44:34,21.23,200,
10:44:35,21.21,200,
10:44:43,21.2001,10000,
10:44:43,21.21,100,
10:44:43,21.21,100,
10:44:43,21.21,700,
10:44:44,21.2132,200,
10:44:49,21.2125,2000,
10:44:49,21.21,100,
10:44:49,21.2101,100,
10:44:50,21.211,700,
10:44:51,21.2101,100,
10:44:52,21.20,100,
10:44:52,21.20,300,
10:44:54,21.21,200,
10:44:54,21.21,200,
10:44:56,21.2101,100,
10:44:57,21.218,1500,
10:44:58,21.21,100,
10:44:58,21.20,200,
10:44:58,21.20,200,
10:44:58,21.20,100,
10:44:58,21.211,2000,
10:44:59,21.19,100,
10:44:59,21.19,300,
10:44:59,21.19,100,
10:44:59,21.20,900,
10:44:59,21.17,100,
10:44:59,21.17,600,
10:44:59,21.18,200,
10:44:59,21.18,100,
10:45:00,21.16,100,
10:45:00,21.15,300,
10:45:00,21.15,100,
10:45:00,21.15,100,
10:45:00,21.15,400,
10:45:00,21.15,100,
10:45:00,21.15,100,
10:45:00,21.151,3600,
10:45:00,21.151,3500,
10:45:00,21.15,8800,
10:45:01,21.18,133,
10:45:01,21.15,500,
10:45:03,21.15,100,
10:45:03,21.14,200,
10:45:04,21.153,150,
10:45:04,21.15,100,
10:45:04,21.14,1000,
10:45:05,21.14,2300,
10:45:06,21.141,200,
10:45:06,21.141,100,
10:45:08,21.14,100,
10:45:10,21.143,300,
10:45:10,21.1425,2000,
10:45:11,21.15,300,
10:45:11,21.15,200,
10:45:12,21.1418,100,
10:45:12,21.1418,100,
10:45:12,21.14,100,
10:45:12,21.14,100,
10:45:13,21.142,500,
10:45:13,21.15,199,
10:45:22,21.168,500,
10:45:22,21.16,100,
10:45:23,21.1601,300,
10:45:23,21.1695,200,
10:45:30,21.16,200,
10:45:30,21.1599,100,
10:45:30,21.16,100,
10:45:31,21.16,100,
10:45:31,21.15,100,
10:45:31,21.15,100,
10:45:35,21.16,200,
10:45:35,21.16,300,
10:45:35,21.16,300,
10:45:35,21.16,100,
10:45:35,21.16,100,
10:45:35,21.17,300,
10:45:37,21.16,100,
10:45:37,21.16,300,
10:45:39,21.1571,1900,
10:45:39,21.16,300,
10:45:42,21.16,200,
10:45:42,21.16,400,
10:45:45,21.1599,2000,
10:45:46,21.15,100,
10:45:48,21.16,100,
10:45:48,21.16,100,
10:45:48,21.16,100,
10:45:48,21.16,200,
10:45:49,21.15,100,
10:45:49,21.1675,4000,
10:45:50,21.17,100,
10:45:52,21.18,300,
10:45:58,21.18,200,
10:45:58,21.18,100,
10:45:58,21.18,200,
10:45:59,21.18,200,
10:45:59,21.18,100,
10:46:00,21.1818,100,
10:46:00,21.1818,100,
10:46:00,21.18,100,
10:46:01,21.189,5000,
10:46:02,21.18,200,
10:46:02,21.19,200,
10:46:02,21.18,100,
10:46:02,21.18,500,
10:46:02,21.19,100,
10:46:02,21.19,200,
10:46:04,21.18,200,
10:46:04,21.18,200,
10:46:04,21.18,100,
10:46:04,21.18,100,
10:46:04,21.17,100,
10:46:04,21.17,230,
10:46:04,21.16,100,
10:46:04,21.16,300,
10:46:04,21.16,200,
10:46:07,21.169,5000,
10:46:08,21.1699,5000,
10:46:10,21.15,100,
10:46:10,21.1599,1400,
10:46:12,21.1599,200,
10:46:17,21.16,100,
10:46:17,21.16,100,
10:46:20,21.17,100,
10:46:20,21.17,100,
10:46:20,21.17,100,
10:46:20,21.17,100,
10:46:20,21.17,200,
10:46:20,21.17,200,
10:46:20,21.17,100,
10:46:22,21.17,300,
10:46:23,21.17,100,
10:46:24,21.18,399,
10:46:28,21.1895,200,
10:46:28,21.189,1300,
10:46:28,21.19,100,
10:46:28,21.19,100,
10:46:28,21.19,300,
10:46:29,21.18,600,
10:46:30,21.18,100,
10:46:30,21.18,1300,
10:46:31,21.18,200,
10:46:31,21.18,100,
10:46:31,21.18,100,
10:46:31,21.18,100,
10:46:31,21.18,100,
10:46:31,21.19,200,
10:46:31,21.19,300,
10:46:31,21.19,300,
10:46:31,21.18,200,
10:46:31,21.19,200,
10:46:32,21.19,600,
10:46:32,21.19,300,
10:46:32,21.19,200,
10:46:32,21.19,200,
10:46:33,21.20,2800,
10:46:33,21.20,100,
10:46:33,21.20,200,
10:46:33,21.20,300,
10:46:33,21.20,400,
10:46:33,21.20,100,
10:46:33,21.20,400,
10:46:34,21.21,200,
10:46:34,21.21,100,
10:46:34,21.21,1200,
10:46:34,21.21,200,
10:46:34,21.21,1000,
10:46:34,21.21,100,
10:46:35,21.21,300,
10:46:36,21.209,1000,
10:46:36,21.209,1200,
10:46:36,21.209,1200,
10:46:36,21.20,200,
10:46:36,21.19,100,
10:46:36,21.21,100,
10:46:36,21.21,199,
10:46:37,21.209,1200,
10:46:37,21.209,100,
10:46:38,21.22,100,
10:46:39,21.22,200,
10:46:39,21.21,100,
10:46:40,21.2295,1000,
10:46:40,21.24,100,
10:46:42,21.249,600,
10:46:42,21.249,200,
10:46:43,21.249,1300,
10:46:43,21.249,300,
10:46:46,21.23,100,
10:46:46,21.23,350,
10:46:47,21.2299,3000,
10:46:48,21.22,200,
10:46:48,21.23,600,
10:46:48,21.23,200,
10:46:48,21.23,400,
10:46:48,21.23,199,
10:46:48,21.23,399,
10:46:55,21.24,400,
10:46:55,21.24,100,
10:46:55,21.25,100,
10:46:55,21.25,100,
10:46:55,21.25,100,
10:46:55,21.25,400,
10:46:55,21.25,100,
10:46:56,21.25,300,
10:46:56,21.26,100,
10:46:57,21.24,100,
10:46:58,21.2333,1900,
10:46:58,21.2301,500,
10:46:59,21.25,100,
10:47:00,21.2401,100,
10:47:00,21.2401,300,
10:47:00,21.24,200,
10:47:05,21.249,100,
10:47:06,21.24,200,
10:47:06,21.2499,200,
10:47:07,21.24,100,
10:47:07,21.24,200,
10:47:09,21.23,200,
10:47:09,21.2289,200,
10:47:11,21.22,1500,
10:47:20,21.2219,500,
10:47:21,21.229,500,
10:47:21,21.229,500,
10:47:21,21.23,100,
10:47:21,21.23,300,
10:47:21,21.24,200,
10:47:31,21.24,100,
10:47:33,21.26,300,
10:47:33,21.26,100,
10:47:33,21.26,300,
10:47:33,21.26,200,
10:47:33,21.26,600,
10:47:33,21.26,300,
10:47:33,21.26,200,
10:47:33,21.26,200,
10:47:35,21.2595,600,
10:47:35,21.25,100,
10:47:38,21.26,100,
10:47:38,21.259,200,
10:47:44,21.2501,500,
10:47:55,21.28,800,
10:47:55,21.28,700,
10:47:59,21.2629,1000,
10:48:00,21.26,100,
10:48:06,21.2899,1000,
10:48:07,21.27,200,
10:48:07,21.2671,1000,
10:48:12,21.2601,100,
10:48:15,21.27,100,
10:48:16,21.268,1000,
10:48:20,21.28,100,
10:48:22,21.28,400,
10:48:23,21.28,700,
10:48:23,21.28,200,
10:48:23,21.28,200,
10:48:23,21.28,500,
10:48:25,21.279,100,
10:48:31,21.295,300,
10:48:32,21.2999,500,
10:48:38,21.29,600,
10:48:40,21.2899,515,
10:48:41,21.289,100,
10:48:42,21.29,300,
10:48:43,21.2899,200,
10:48:47,21.28,200,
10:48:52,21.28,100,
10:48:54,21.28,300,
10:48:54,21.29,200,
10:48:54,21.29,100,
10:48:54,21.29,200,
10:48:54,21.29,100,
10:49:02,21.2701,150,
10:49:02,21.2701,200,
10:49:02,21.27,100,
10:49:04,21.268,100,
10:49:05,21.26,100,
10:49:05,21.25,200,
10:49:05,21.25,100,
10:49:05,21.25,1200,
10:49:05,21.25,200,
10:49:09,21.26,100,
10:49:09,21.26,100,
10:49:09,21.26,400,
10:49:09,21.26,100,
10:49:10,21.26,200,
10:49:10,21.25,100,
10:49:10,21.25,200,
10:49:10,21.25,200,
10:49:10,21.25,100,
10:49:14,21.26,100,
10:49:15,21.2691,100,
10:49:15,21.269,100,
10:49:28,21.24,100,
10:49:28,21.25,200,
10:49:28,21.25,100,
10:49:30,21.25,200,
10:49:30,21.25,300,
10:49:36,21.25,400,
10:49:41,21.26,100,
10:49:41,21.26,100,
10:49:45,21.25,100,
10:49:51,21.25,100,
10:49:52,21.25,100,
10:49:56,21.2305,1000,
10:49:58,21.231,2000,
10:49:59,21.24,100,
10:50:00,21.24,588,
10:50:05,21.24,300,
10:50:05,21.24,100,
10:50:05,21.24,200,
10:50:05,21.24,100,
10:50:05,21.24,600,
10:50:06,21.23,100,
10:50:06,21.23,100,
10:50:07,21.22,100,
10:50:07,21.22,200,
10:50:07,21.22,100,
10:50:08,21.23,4900,
10:50:10,21.22,200,
10:50:10,21.22,200,
10:50:10,21.22,300,
10:50:11,21.2201,200,
10:50:16,21.222,300,
10:50:20,21.21,100,
10:50:20,21.21,100,
10:50:22,21.21,100,
10:50:25,21.209,300,
10:50:25,21.209,400,
10:50:25,21.20,200,
10:50:25,21.20,100,
10:50:26,21.19,100,
10:50:26,21.19,200,
10:50:26,21.19,600,
10:50:26,21.1999,5000,
10:50:31,21.19,600,
10:50:33,21.17,200,
10:50:33,21.17,199,
10:50:35,21.19,100,
10:50:35,21.1871,1100,
10:50:38,21.19,200,
10:50:40,21.20,200,
10:50:42,21.20,100,
10:50:43,21.19,100,
10:50:43,21.2083,200,
10:50:43,21.209,1000,
10:50:43,21.209,1000,
10:50:45,21.20,200,
10:50:46,21.2033,3000,
10:50:46,21.2099,100,
10:50:46,21.21,200,
10:50:46,21.21,200,
10:50:46,21.21,300,
10:50:46,21.21,300,
10:50:46,21.209,300,
10:50:49,21.21,100,
10:50:49,21.21,200,
10:50:49,21.2168,200,
10:50:49,21.219,500,
10:50:53,21.2199,3800,
10:50:58,21.22,10000,
10:51:05,21.21,100,
10:51:05,21.20,100,
10:51:05,21.20,200,
10:51:16,21.20,1000,
10:51:16,21.19,100,
10:51:19,21.19,100,
10:51:20,21.19,100,
10:51:22,21.18,100,
10:51:22,21.19,100,
10:51:22,21.19,300,
10:51:22,21.18,400,
10:51:22,21.18,500,
10:51:22,21.18,100,
10:51:23,21.20,100,
10:51:26,21.199,100,
10:51:27,21.1982,1500,
10:51:31,21.2075,2000,
10:51:35,21.20,300,
10:51:35,21.20,200,
10:51:45,21.20,2000,
10:51:52,21.21,300,
10:51:52,21.21,100,
10:51:54,21.2071,1000,
10:51:56,21.21,100,
10:51:56,21.209,1000,
10:51:56,21.209,700,
10:51:58,21.209,100,
10:51:58,21.209,200,
10:52:00,21.20,100,
10:52:01,21.2082,1000,
10:52:05,21.20,200,
10:52:05,21.19,200,
10:52:07,21.20,3000,
10:52:11,21.19,200,
10:52:16,21.20,600,
10:52:16,21.20,300,
10:52:16,21.20,3000,
10:52:16,21.19,900,
10:52:16,21.20,600,
10:52:18,21.20,100,
10:52:18,21.20,100,
10:52:24,21.21,300,
10:52:24,21.21,300,
10:52:24,21.21,200,
10:52:24,21.21,100,
10:52:24,21.20,200,
10:52:24,21.21,100,
10:52:24,21.20,200,
10:52:24,21.21,300,
10:52:24,21.20,300,
10:52:24,21.20,300,
10:52:24,21.21,300,
10:52:24,21.21,300,
10:52:24,21.20,300,
10:52:24,21.20,300,
10:52:24,21.20,300,
10:52:24,21.2099,100,
10:52:24,21.22,1200,
10:52:29,21.23,100,
10:52:29,21.229,300,
10:52:29,21.23,100,
10:52:29,21.23,100,
10:52:29,21.23,300,
10:52:31,21.23,100,
10:52:32,21.2384,5000,
10:52:35,21.2382,200,
10:52:35,21.239,1100,
10:52:37,21.239,1100,
10:52:38,21.2301,3000,
10:52:42,21.239,1700,
10:52:42,21.239,1700,
10:52:43,21.24,200,
10:52:43,21.24,100,
10:52:45,21.26,100,
10:52:45,21.259,831,
10:52:49,21.2499,5000,
10:52:49,21.25,200,
10:52:49,21.25,200,
10:52:49,21.25,100,
10:52:49,21.25,100,
10:52:49,21.25,100,
10:52:49,21.25,100,
10:52:49,21.25,300,
10:52:49,21.249,100,
10:52:49,21.249,200,
10:52:49,21.249,100,
10:52:49,21.249,100,
10:52:49,21.26,900,
10:52:50,21.25,200,
10:52:52,21.249,200,
10:52:52,21.249,100,
10:52:55,21.26,100,
10:53:03,21.249,200,
10:53:03,21.249,300,
10:53:04,21.249,4300,
10:53:05,21.25,200,
10:53:08,21.2599,5000,
10:53:10,21.26,300,
10:53:10,21.26,300,
10:53:10,21.26,200,
10:53:10,21.27,100,
10:53:10,21.269,1000,
10:53:10,21.269,500,
10:53:13,21.26,130,
10:53:13,21.25,100,
10:53:20,21.2582,600,
10:53:31,21.2582,1000,
10:53:36,21.25,100,
10:53:40,21.25,100,
10:53:41,21.25,200,
10:53:41,21.25,200,
10:53:41,21.25,100,
10:53:42,21.24,100,
10:53:43,21.249,100,
10:53:43,21.249,300,
10:53:43,21.249,200,
10:53:43,21.249,400,
10:53:43,21.249,100,
10:53:43,21.249,200,
10:53:44,21.249,400,
10:53:44,21.24,100,
10:53:54,21.25,200,
10:53:54,21.25,300,
10:53:54,21.25,100,
10:53:54,21.25,300,
10:53:55,21.26,200,
10:53:55,21.26,300,
10:53:56,21.27,100,
10:53:56,21.27,200,
10:53:59,21.261,900,
10:53:59,21.261,1000,
10:54:01,21.2671,1000,
10:54:01,21.268,1000,
10:54:02,21.26,100,
10:54:02,21.26,100,
10:54:03,21.258,100,
10:54:03,21.26,200,
10:54:03,21.259,300,
10:54:03,21.2599,8300,
10:54:10,21.2599,1850,
10:54:18,21.25,100,
10:54:27,21.2495,200,
10:54:28,21.24,200,
10:54:28,21.23,300,
10:54:28,21.23,200,
10:54:28,21.23,200,
10:54:28,21.23,200,
10:54:28,21.23,200,
10:54:28,21.23,400,
10:54:28,21.23,100,
10:54:28,21.23,1200,
10:54:30,21.2301,100,
10:54:30,21.24,200,
10:54:34,21.24,300,
10:54:34,21.24,100,
10:54:35,21.24,600,
10:54:47,21.23,15000,
10:54:59,21.23,200,
10:55:04,21.24,400,
10:55:04,21.239,200,
10:55:05,21.239,200,
10:55:07,21.23,100,
10:55:08,21.24,100,
10:55:08,21.24,200,
10:55:08,21.2399,100,
10:55:08,21.2399,200,
10:55:08,21.2399,100,
10:55:08,21.24,100,
10:55:12,21.25,100,
10:55:12,21.25,300,
10:55:12,21.25,200,
10:55:12,21.25,100,
10:55:12,21.25,1200,
10:55:12,21.25,200,
10:55:12,21.25,500,
10:55:12,21.2499,200,
10:55:12,21.25,500,
10:55:12,21.2499,100,
10:55:12,21.25,400,
10:55:12,21.25,230,
10:55:12,21.2499,200,
10:55:12,21.2499,100,
10:55:12,21.2499,100,
10:55:12,21.2499,100,
10:55:12,21.2499,200,
10:55:18,21.24,100,
10:55:18,21.24,100,
10:55:22,21.24,100,
10:55:22,21.24,400,
10:55:23,21.24,100,
10:55:25,21.25,500,
10:55:25,21.2399,100,
10:55:25,21.2399,400,
10:55:27,21.24,200,
10:55:27,21.24,300,
10:55:28,21.25,100,
10:55:28,21.25,100,
10:55:31,21.25,200,
10:55:35,21.247,300,
10:55:41,21.248,300,
10:55:45,21.24,100,
10:55:47,21.248,300,
10:55:54,21.22,300,
10:55:54,21.22,300,
10:55:55,21.21,100,
10:55:55,21.20,100,
10:55:55,21.21,100,
10:55:55,21.20,100,
10:55:55,21.20,400,
10:55:55,21.20,600,
10:55:55,21.21,200,
10:55:55,21.21,100,
10:55:55,21.21,200,
10:55:58,21.21,100,
10:55:58,21.21,300,
10:55:58,21.21,100,
10:55:58,21.2125,2000,
10:56:01,21.212,1000,
10:56:06,21.2101,1500,
10:56:06,21.22,100,
10:56:16,21.23,200,
10:56:16,21.23,200,
10:56:21,21.24,100,
10:56:22,21.24,100,
10:56:22,21.24,100,
10:56:26,21.2318,1000,
10:56:29,21.24,200,
10:56:32,21.248,1000,
10:56:38,21.2371,400,
10:56:39,21.2399,500,
10:56:44,21.23,200,
10:56:50,21.23,200,
10:56:59,21.22,200,
10:57:01,21.21,200,
10:57:01,21.20,200,
10:57:01,21.20,200,
10:57:01,21.20,400,
10:57:01,21.20,100,
10:57:02,21.20,200,
10:57:05,21.20,15000,
10:57:05,21.20,1500,
10:57:05,21.19,100,
10:57:07,21.199,2300,
10:57:07,21.199,2400,
10:57:07,21.19,200,
10:57:07,21.20,500,
10:57:08,21.20,2500,
10:57:22,21.19,200,
10:57:27,21.189,100,
10:57:28,21.189,100,
10:57:28,21.19,107,
10:57:29,21.188,200,
10:57:35,21.20,100,
10:57:45,21.21,200,
10:57:45,21.21,200,
10:57:49,21.212,500,
