09:30:00,16.02,4000,
09:30:01,16.0199,3000,
09:30:01,16.01,800,
09:30:04,16.02,300,
09:30:04,16.02,600,
09:30:04,16.02,200,
09:30:04,16.03,600,
09:30:06,16.04,300,
09:30:13,16.03,200,
09:30:21,16.0301,300,
09:30:27,16.06,200,
09:30:36,16.05,300,
09:30:37,16.03,100,
09:30:47,16.04,100,
09:30:49,16.0446,300,
09:30:49,16.032,600,
09:30:50,16.05,100,
09:30:52,16.04,900,
09:30:53,16.0554,1500,
09:30:54,16.0301,1000,
09:30:56,16.053,200,
09:30:57,16.05,200,
09:30:57,16.05,100,
09:30:58,16.0554,400,
09:30:59,16.0699,1000,
09:31:01,16.061,300,
09:31:02,16.079,2000,
09:31:02,16.0701,2000,
09:31:03,16.0701,290,
09:31:04,16.08,600,
09:31:04,16.08,300,
09:31:09,16.09,100,
09:31:15,16.1197,1400,
09:31:19,16.1201,3000,
09:31:20,16.129,6500,
09:31:23,16.12,200,
09:31:23,16.12,500,
09:31:23,16.12,500,
09:31:23,16.12,300,
09:31:27,16.1083,500,
09:31:27,16.11,100,
09:31:27,16.119,3200,
09:31:27,16.119,3300,
09:31:30,16.12,7100,
09:31:33,16.1103,300,
09:31:34,16.1128,4000,
09:31:38,16.11,100,
09:31:40,16.1056,3444,
09:31:45,16.0817,800,
09:31:49,16.09,100,
09:31:52,16.08,200,
09:31:52,16.08,800,
09:31:57,16.08,100,
09:32:10,16.055,500,
09:32:13,16.0699,2000,
09:32:14,16.065,3500,
09:32:14,16.06,550,
09:32:17,16.063,100,
09:32:18,16.0599,700,
09:32:18,16.0599,200,
09:32:20,16.0599,100,
09:32:21,16.06,1600,
09:32:22,16.0693,100,
09:32:24,16.06,200,
09:32:25,16.07,100,
09:32:26,16.07,100,
09:32:26,16.061,200,
09:32:27,16.0699,700,
09:32:30,16.06,200,
09:32:30,16.0601,300,
09:32:33,16.0798,800,
09:32:34,16.07,900,
09:32:37,16.07,500,
09:32:37,16.07,1600,
09:32:38,16.09,500,
09:32:38,16.09,500,
09:32:38,16.09,200,
09:32:38,16.09,200,
09:32:38,16.10,345,
09:32:38,16.11,700,
09:32:38,16.11,300,
09:32:38,16.11,200,
09:32:39,16.1001,200,
09:32:39,16.12,3000,
09:32:39,16.13,500,
09:32:40,16.14,500,
09:32:40,16.14,300,
09:32:40,16.14,400,
09:32:40,16.13,1600,
09:32:40,16.13,200,
09:32:40,16.13,500,
09:32:40,16.13,100,
09:32:41,16.131,100,
09:32:41,16.13,100,
09:32:42,16.11,200,
09:32:42,16.11,400,
09:32:42,16.11,600,
09:32:42,16.11,200,
09:32:42,16.11,400,
09:32:42,16.10,200,
09:32:42,16.10,300,
09:32:42,16.12,500,
09:32:42,16.12,800,
09:32:42,16.12,400,
09:32:42,16.12,3000,
09:32:42,16.11,400,
09:32:42,16.11,200,
09:32:42,16.11,400,
09:32:42,16.10,100,
09:32:42,16.10,500,
09:32:42,16.10,100,
09:32:42,16.10,100,
09:32:42,16.10,1600,
09:32:42,16.09,1200,
09:32:43,16.0854,2000,
09:32:47,16.07,100,
09:32:47,16.07,500,
09:32:49,16.08,1200,
09:32:50,16.11,200,
09:32:50,16.11,300,
09:32:50,16.11,400,
09:32:50,16.11,500,
09:32:50,16.12,1600,
09:32:50,16.11,300,
09:32:50,16.12,200,
09:32:50,16.13,800,
09:32:50,16.13,100,
09:32:51,16.12,400,
09:32:51,16.11,100,
09:32:53,16.107,100,
09:32:54,16.08,500,
09:32:54,16.08,400,
09:32:54,16.0701,1000,
09:32:57,16.0899,900,
09:32:58,16.08,100,
09:32:59,16.08,200,
09:32:59,16.08,100,
09:33:02,16.07,100,
09:33:02,16.07,100,
09:33:05,16.061,220,
09:33:06,16.07,100,
09:33:06,16.07,100,
09:33:21,16.0603,400,
09:33:29,16.06,500,
09:33:33,16.052,150,
09:33:36,16.05,100,
09:33:36,16.05,300,
09:33:36,16.05,400,
09:33:36,16.05,200,
09:33:36,16.05,1600,
09:33:37,16.05,200,
09:33:37,16.05,400,
09:33:38,16.05,12557,
09:33:38,16.04,100,
09:33:39,16.04,100,
09:33:40,16.04,2000,
09:33:40,16.04,800,
09:33:40,16.04,100,
09:33:41,16.04,300,
09:33:41,16.04,500,
09:33:46,16.0317,1000,
09:33:49,16.02,100,
09:33:49,16.02,900,
09:34:01,16.02,600,
09:34:01,16.02,400,
09:34:01,16.02,600,
09:34:01,16.02,300,
09:34:01,16.02,800,
09:34:01,16.03,400,
09:34:08,16.01,100,
09:34:08,16.01,100,
09:34:08,16.01,100,
09:34:10,16.0054,3000,
09:34:12,16,200,
09:34:13,16,1200,
09:34:13,16,100,
09:34:13,16,1400,
09:34:14,15.9803,1000,
09:34:25,15.97,236,
09:34:25,15.97,500,
09:34:25,15.97,400,
09:34:25,15.97,100,
09:34:26,15.9698,3000,
09:34:32,15.95,100,
09:34:32,15.9499,600,
09:34:34,15.96,200,
09:34:34,15.96,200,
09:34:35,15.97,100,
09:34:37,15.97,100,
09:34:42,15.9654,2000,
09:34:44,15.97,100,
09:34:53,15.9799,400,
09:34:56,15.97,250,
09:34:57,15.98,300,
09:34:57,15.971,250,
09:35:02,15.97,800,
09:35:03,15.9699,5000,
09:35:05,15.97,500,
09:35:13,15.9736,100,
09:35:17,15.98,100,
09:35:25,15.979,100,
09:35:26,15.97,400,
09:35:29,15.979,100,
09:35:29,15.979,600,
09:35:30,15.9756,2223,
09:35:39,15.979,200,
09:35:39,15.979,300,
09:35:42,15.98,200,
09:35:42,15.98,100,
09:35:45,15.99,3000,
09:35:45,15.99,164,
09:35:45,15.99,500,
09:35:48,15.98,600,
09:35:48,15.98,100,
09:35:48,15.98,100,
09:35:50,15.9899,500,
09:35:55,15.9899,100,
09:36:01,15.9899,1500,
09:36:04,15.99,100,
09:36:06,15.995,7700,
09:36:07,15.99,100,
09:36:08,15.9899,2000,
09:36:28,15.98,100,
09:36:36,15.9699,3000,
09:36:41,15.96,200,
09:36:42,15.95,100,
09:36:42,15.94,100,
09:36:42,15.962,100,
09:36:42,15.9201,100,
09:36:42,15.9201,100,
09:36:42,15.9236,125,
09:36:43,15.9201,300,
09:36:44,15.92,616,
09:36:44,15.92,3084,
09:36:46,15.93,308,
09:36:46,15.93,200,
09:36:46,15.93,500,
09:36:46,15.93,200,
09:36:50,15.9221,1000,
09:36:54,15.93,200,
09:36:54,15.93,100,
09:36:55,15.94,100,
09:36:55,15.94,300,
09:37:00,15.949,100,
09:37:00,15.949,100,
09:37:01,15.949,1000,
09:37:01,15.949,1000,
09:37:03,15.94,200,
09:37:07,15.95,100,
09:37:07,15.95,200,
09:37:07,15.95,200,
09:37:08,15.959,300,
09:37:10,15.95,100,
09:37:10,15.9599,4000,
09:37:11,15.95,100,
09:37:21,15.9599,200,
09:37:24,15.963,310,
09:37:26,15.98,200,
09:37:29,15.97,100,
09:37:32,15.97,300,
09:37:32,15.97,100,
09:37:34,15.96,100,
09:37:34,15.96,100,
09:37:34,15.96,100,
09:37:35,15.96,100,
09:37:37,15.97,3100,
09:37:49,15.9683,800,
09:37:52,15.979,300,
09:37:52,15.979,400,
09:37:54,15.97,100,
09:37:55,15.97,600,
09:38:04,15.96,100,
09:38:07,15.96,100,
09:38:16,15.961,100,
09:38:18,15.961,1654,
09:38:25,15.96,100,
09:38:38,15.9554,5000,
09:38:56,15.94,400,
09:38:57,15.94,500,
09:38:57,15.93,300,
09:38:57,15.93,100,
09:39:05,15.9299,2000,
09:39:13,15.92,200,
09:39:16,15.92,100,
09:39:19,15.9199,500,
09:39:20,15.91,600,
09:39:20,15.90,1000,
09:39:21,15.9054,8900,
09:39:21,15.90,100,
09:39:21,15.90,100,
09:39:21,15.90,200,
09:39:21,15.9001,200,
09:39:21,15.90,200,
09:39:26,15.9099,100,
09:39:28,15.91,100,
09:39:33,15.9007,175,
09:39:34,15.909,2700,
09:39:34,15.91,200,
09:39:34,15.91,100,
09:39:34,15.919,1300,
09:39:34,15.919,2000,
09:39:36,15.91,300,
09:39:36,15.91,600,
09:39:36,15.91,100,
09:39:36,15.91,200,
09:39:37,15.92,189,
09:39:38,15.9117,1200,
09:39:40,15.911,100,
09:39:43,15.911,500,
09:39:47,15.94,100,
09:39:49,15.9399,100,
09:39:50,15.93,600,
09:39:51,15.9299,100,
09:39:51,15.93,100,
09:39:52,15.93,100,
09:39:58,15.94,100,
09:39:58,15.94,100,
09:39:58,15.93,100,
09:40:00,15.92,200,
09:40:00,15.92,200,
09:40:00,15.92,100,
09:40:02,15.92,300,
09:40:04,15.93,100,
09:40:06,15.93,100,
09:40:15,15.92,800,
09:40:15,15.92,300,
09:40:15,15.93,100,
09:40:18,15.94,100,
09:40:20,15.97,500,
09:40:33,15.99,149,
09:40:35,15.98,600,
09:40:35,15.99,100,
09:40:37,16.009,500,
09:40:37,16.009,500,
09:40:38,16.0001,2000,
09:40:39,16,100,
09:40:41,16.0099,2000,
09:40:43,15.99,100,
09:40:43,15.99,300,
09:40:45,15.99,100,
09:40:45,16,9700,
09:40:46,15.9999,700,
09:40:47,15.999,200,
09:40:48,16,100,
09:40:48,15.999,200,
09:40:48,15.999,300,
09:40:50,15.99,200,
09:40:50,15.99,100,
09:40:50,15.99,100,
09:40:50,15.99,300,
09:40:55,15.98,100,
09:41:01,15.98,600,
09:41:01,15.98,200,
09:41:02,15.9899,500,
09:41:07,15.9801,7000,
09:41:09,15.98,100,
09:41:10,15.97,100,
09:41:14,15.9699,200,
09:41:18,15.9699,700,
09:41:28,15.969,1000,
09:41:39,15.98,100,
09:41:39,15.9783,800,
09:41:44,15.9899,600,
09:41:45,15.9912,3000,
09:41:46,15.99,100,
09:41:46,15.99,100,
09:41:46,16,100,
09:41:47,16.0092,4000,
09:41:49,15.9965,3000,
09:41:52,16,100,
09:42:00,16.02,600,
09:42:00,16.02,100,
09:42:00,16.03,200,
09:42:00,16.03,800,
09:42:00,16.03,200,
09:42:00,16.0101,125,
09:42:03,16.0001,300,
09:42:09,16.02,700,
09:42:13,16.02,300,
09:42:13,16.02,230,
09:42:13,16.02,300,
09:42:15,16.02,200,
09:42:15,16.02,500,
09:42:15,16.0146,2000,
09:42:18,16,2000,
09:42:18,16.005,700,
09:42:20,16,100,
09:42:26,16,100,
09:42:26,16,300,
09:42:28,15.999,437,
09:42:31,15.99,100,
09:42:35,16,500,
09:42:37,15.984,1500,
09:42:46,16,700,
09:42:46,16,500,
09:42:46,16,1700,
09:42:51,16,800,
09:42:51,16,200,
09:42:51,16,300,
09:42:52,15.9992,700,
09:43:04,16,100,
09:43:14,15.9925,3000,
09:43:16,16,300,
09:43:16,15.99,200,
09:43:16,15.99,100,
09:43:16,16,100,
09:43:23,15.98,200,
09:43:25,15.99,100,
09:43:35,15.99,100,
09:43:37,15.99,100,
09:43:37,15.99,200,
09:43:37,15.99,1600,
09:43:37,16.01,200,
09:43:39,16.0146,3000,
09:43:43,16.0201,100,
09:44:00,16.04,100,
09:44:03,16.0383,1000,
09:44:04,16.05,557,
09:44:07,16.05,1600,
09:44:08,16.05,100,
09:44:09,16.05,100,
09:44:11,16.05,100,
09:44:12,16.0499,100,
09:44:13,16.0499,400,
09:44:13,16.05,100,
09:44:16,16.051,500,
09:44:16,16.051,600,
09:44:17,16.0599,2900,
09:44:17,16.06,5200,
09:44:17,16.05,2700,
09:44:18,16.06,100,
09:44:21,16.0559,500,
09:44:24,16.05,100,
09:44:24,16.05,100,
09:44:24,16.0554,500,
09:44:25,16.05,1000,
09:44:33,16.06,100,
09:44:33,16.06,100,
09:44:36,16.06,1600,
09:44:36,16.05,100,
09:44:37,16.058,600,
09:44:40,16.049,100,
09:44:43,16.047,100,
09:44:46,16.04,200,
09:44:47,16.03,100,
09:44:48,16.01,100,
09:44:49,16.01,100,
09:44:49,16.02,100,
09:44:51,16.02,500,
09:44:52,16.02,100,
09:44:55,16.01,100,
09:45:01,16,300,
09:45:01,16,200,
09:45:01,16,200,
09:45:06,15.99,300,
09:45:07,15.98,100,
09:45:08,15.999,3000,
09:45:10,15.979,183,
09:45:15,15.96,1500,
09:45:21,15.95,100,
09:45:21,15.95,100,
09:45:21,15.96,200,
09:45:21,15.95,100,
09:45:22,15.95,163,
09:45:29,15.94,100,
09:45:38,15.941,100,
09:45:40,15.96,100,
09:45:40,15.95,100,
09:45:40,15.96,200,
09:45:40,15.97,100,
09:45:40,15.97,100,
09:45:40,15.97,300,
09:45:40,15.96,100,
09:45:40,15.96,1600,
09:45:41,15.96,1500,
09:45:41,15.97,100,
09:45:43,15.963,100,
09:45:49,15.978,500,
09:45:54,15.9746,3000,
09:45:56,15.99,100,
09:45:58,15.98,200,
09:45:58,15.98,710,
09:46:01,15.97,100,
09:46:01,15.96,600,
09:46:02,15.96,100,
09:46:02,15.96,944,
09:46:02,15.97,800,
09:46:04,15.978,600,
09:46:08,15.97,500,
09:46:13,15.97,100,
09:46:19,15.9654,5000,
09:46:26,15.961,200,
09:46:29,15.96,100,
09:46:33,15.95,100,
09:46:33,15.95,400,
09:46:43,15.945,700,
09:46:46,15.949,100,
09:46:48,15.95,800,
09:46:48,15.95,1500,
09:46:49,15.96,100,
09:46:51,15.95,800,
09:46:55,15.94,7700,
09:46:58,15.94,1600,
09:46:59,15.94,4400,
09:47:03,15.9254,2000,
09:47:06,15.93,100,
09:47:06,15.93,700,
09:47:07,15.94,100,
09:47:07,15.94,300,
09:47:07,15.94,100,
09:47:20,15.939,900,
09:47:20,15.94,500,
09:47:21,15.94,100,
09:47:21,15.94,100,
09:47:22,15.94,800,
09:47:22,15.94,300,
09:47:22,15.94,200,
09:47:23,15.941,500,
09:47:24,15.94,335,
09:47:24,15.94,500,
09:47:24,15.94,100,
09:47:24,15.95,100,
09:47:25,15.95,200,
09:47:26,15.9501,100,
09:47:29,15.96,200,
09:47:29,15.96,800,
09:47:30,15.97,200,
09:47:30,15.97,800,
09:47:30,15.97,100,
09:47:31,15.98,200,
09:47:31,15.98,100,
09:47:31,16,100,
09:47:34,15.98,100,
09:47:34,15.98,100,
09:47:34,15.98,100,
09:47:34,15.97,100,
09:47:36,15.9799,100,
09:47:39,15.96,100,
09:47:41,15.958,300,
09:47:44,15.96,100,
09:47:45,15.95,100,
09:47:45,15.95,200,
09:47:50,15.948,300,
09:47:57,15.93,100,
09:47:59,15.93,100,
09:47:59,15.93,200,
09:48:05,15.92,100,
09:48:10,15.9159,1000,
09:48:14,15.91,200,
09:48:17,15.909,1700,
09:48:17,15.901,500,
09:48:18,15.90,100,
09:48:19,15.90,900,
09:48:22,15.90,200,
09:48:23,15.8946,1500,
09:48:23,15.89,1500,
09:48:23,15.91,5000,
09:48:23,15.90,4500,
09:48:25,15.89,500,
09:48:25,15.89,2200,
09:48:25,15.89,200,
09:48:25,15.89,5000,
09:48:25,15.89,1100,
09:48:27,15.88,300,
09:48:27,15.88,100,
09:48:31,15.89,100,
09:48:31,15.89,100,
09:48:31,15.88,800,
09:48:32,15.88,500,
09:48:32,15.88,100,
09:48:34,15.88,300,
09:48:34,15.89,100,
09:48:34,15.88,500,
09:48:35,15.88,4000,
09:48:36,15.88,200,
09:48:38,15.8899,100,
09:48:39,15.88,200,
09:48:42,15.876,4000,
09:48:44,15.87,100,
09:48:44,15.87,200,
09:48:44,15.87,400,
09:48:44,15.87,200,
09:48:46,15.88,300,
09:48:47,15.88,100,
09:48:56,15.8817,900,
09:48:56,15.88,200,
09:48:56,15.88,100,
09:48:57,15.87,131,
09:48:57,15.87,200,
09:48:57,15.87,569,
09:48:57,15.86,11500,
09:48:57,15.87,100,
09:48:57,15.87,400,
09:48:57,15.87,200,
09:48:57,15.87,200,
09:48:57,15.87,100,
09:48:57,15.87,100,
09:48:57,15.86,7800,
09:49:00,15.87,100,
09:49:01,15.869,1300,
09:49:02,15.869,200,
09:49:02,15.87,200,
09:49:02,15.87,100,
09:49:04,15.87,100,
09:49:05,15.87,200,
09:49:09,15.87,100,
09:49:09,15.87,500,
09:49:09,15.87,100,
09:49:13,15.86,200,
09:49:13,15.86,200,
09:49:13,15.86,100,
09:49:13,15.86,100,
09:49:13,15.86,400,
09:49:13,15.85,5500,
09:49:13,15.85,3000,
09:49:13,15.85,8000,
09:49:13,15.85,200,
09:49:13,15.85,100,
09:49:14,15.85,200,
09:49:14,15.85,100,
09:49:14,15.8501,200,
09:49:14,15.85,300,
09:49:15,15.85,18970,
09:49:15,15.85,100,
09:49:18,15.84,300,
09:49:20,15.84,500,
09:49:23,15.84,1000,
09:49:24,15.84,1100,
09:49:24,15.84,100,
09:49:24,15.84,200,
09:49:24,15.84,100,
09:49:24,15.84,700,
09:49:24,15.8307,1000,
09:49:25,15.84,200,
09:49:25,15.84,200,
09:49:25,15.84,300,
09:49:25,15.841,500,
09:49:26,15.831,2000,
09:49:26,15.85,200,
09:49:26,15.85,200,
09:49:26,15.85,400,
09:49:26,15.85,200,
09:49:26,15.85,100,
09:49:27,15.85,200,
09:49:28,15.85,200,
09:49:28,15.85,500,
09:49:28,15.85,200,
09:49:28,15.85,200,
09:49:28,15.85,300,
09:49:29,15.86,100,
09:49:29,15.86,200,
09:49:30,15.86,800,
09:49:30,15.86,100,
09:49:31,15.86,3000,
09:49:32,15.86,800,
09:49:32,15.85,100,
09:49:34,15.84,100,
09:49:37,15.84,100,
09:49:37,15.8399,200,
09:49:37,15.83,300,
09:49:41,15.82,700,
09:49:41,15.839,1000,
09:49:42,15.82,300,
09:49:43,15.83,200,
09:49:44,15.82,800,
09:49:44,15.811,200,
09:49:47,15.81,200,
09:49:47,15.80,1300,
09:49:47,15.81,100,
09:49:47,15.80,200,
09:49:47,15.801,480,
09:49:48,15.801,300,
09:49:48,15.801,400,
09:49:48,15.80,200,
09:49:50,15.8001,500,
09:49:51,15.80,1800,
09:49:52,15.81,100,
09:49:54,15.81,200,
09:49:54,15.81,200,
09:49:54,15.81,100,
09:49:54,15.81,100,
09:49:54,15.81,100,
09:49:56,15.8199,500,
09:49:58,15.82,200,
09:49:58,15.811,100,
09:49:59,15.82,100,
09:49:59,15.82,100,
09:50:02,15.82,500,
09:50:03,15.82,100,
09:50:05,15.828,1500,
09:50:05,15.82,100,
09:50:05,15.82,100,
09:50:06,15.82,200,
09:50:06,15.82,100,
09:50:06,15.81,700,
09:50:07,15.82,200,
09:50:07,15.82,100,
09:50:07,15.82,100,
09:50:08,15.82,100,
09:50:08,15.82,500,
09:50:09,15.8199,100,
09:50:09,15.82,500,
09:50:09,15.82,100,
09:50:09,15.82,100,
09:50:09,15.8199,100,
09:50:09,15.8199,100,
09:50:10,15.82,500,
09:50:10,15.82,100,
09:50:10,15.82,200,
09:50:10,15.82,800,
09:50:11,15.8159,1000,
09:50:13,15.8154,1100,
09:50:13,15.81,200,
09:50:13,15.80,200,
09:50:13,15.80,200,
09:50:13,15.80,400,
09:50:13,15.80,300,
09:50:15,15.81,100,
09:50:17,15.8001,500,
09:50:17,15.81,100,
09:50:17,15.81,800,
09:50:17,15.82,100,
09:50:17,15.82,100,
09:50:17,15.811,100,
09:50:18,15.82,400,
09:50:18,15.82,400,
09:50:22,15.82,100,
09:50:22,15.81,200,
09:50:22,15.81,200,
09:50:22,15.811,600,
09:50:23,15.81,1800,
09:50:23,15.81,200,
09:50:23,15.80,100,
09:50:23,15.80,200,
09:50:23,15.80,100,
09:50:24,15.811,1800,
09:50:28,15.795,100,
09:50:28,15.79,100,
09:50:28,15.7901,100,
09:50:29,15.79,500,
09:50:32,15.779,300,
09:50:35,15.7701,400,
09:50:35,15.7799,2800,
09:50:35,15.78,100,
09:50:35,15.78,200,
09:50:35,15.789,200,
09:50:35,15.78,100,
09:50:35,15.78,200,
09:50:35,15.78,300,
09:50:36,15.7799,1000,
09:50:38,15.77,400,
09:50:38,15.77,200,
09:50:38,15.77,500,
09:50:38,15.76,800,
09:50:39,15.7699,700,
09:50:46,15.76,200,
09:50:46,15.77,9000,
09:50:46,15.76,100,
09:50:46,15.76,500,
09:50:50,15.7501,350,
09:50:50,15.75,500,
09:50:50,15.7501,500,
09:50:50,15.7501,350,
09:50:51,15.76,200,
09:50:51,15.76,400,
09:50:53,15.761,285,
09:50:53,15.762,785,
09:50:55,15.77,2000,
09:50:55,15.77,500,
09:50:57,15.77,100,
09:50:57,15.77,200,
09:50:57,15.77,200,
09:50:58,15.7744,2000,
09:50:59,15.78,200,
09:50:59,15.78,1000,
09:50:59,15.78,1075,
09:51:01,15.78,100,
09:51:02,15.771,100,
09:51:02,15.771,100,
09:51:02,15.78,1075,
09:51:02,15.78,1075,
09:51:02,15.779,2900,
09:51:03,15.78,100,
09:51:03,15.7701,4000,
09:51:03,15.78,200,
09:51:03,15.78,430,
09:51:03,15.78,370,
09:51:07,15.78,200,
09:51:07,15.78,150,
09:51:07,15.78,200,
09:51:07,15.78,200,
09:51:10,15.78,100,
09:51:12,15.7799,3000,
09:51:13,15.77,100,
09:51:13,15.78,200,
09:51:14,15.7746,3500,
09:51:16,15.7798,2000,
09:51:17,15.78,131,
09:51:17,15.7899,2100,
09:51:20,15.79,200,
09:51:23,15.80,200,
09:51:27,15.808,500,
09:51:29,15.818,1500,
09:51:31,15.82,200,
09:51:32,15.82,100,
09:51:32,15.82,200,
09:51:32,15.82,100,
09:51:33,15.82,300,
09:51:33,15.82,1500,
09:51:33,15.82,200,
09:51:33,15.82,200,
09:51:34,15.82,200,
09:51:34,15.82,1600,
09:51:38,15.8175,2000,
09:51:41,15.813,150,
09:51:42,15.819,5000,
09:51:46,15.82,1600,
09:51:47,15.82,1000,
09:51:48,15.83,100,
09:51:48,15.83,100,
09:51:48,15.83,100,
09:51:48,15.8299,100,
09:51:49,15.82,300,
09:51:49,15.82,100,
09:51:49,15.82,200,
09:51:49,15.82,100,
09:51:50,15.82,6500,
09:51:51,15.82,200,
09:51:51,15.828,500,
09:51:52,15.82,585,
09:51:52,15.82,100,
09:51:52,15.82,115,
09:51:52,15.82,200,
09:51:52,15.82,300,
09:51:52,15.82,400,
09:51:53,15.81,100,
09:51:53,15.81,100,
09:51:53,15.827,250,
09:52:00,15.82,300,
09:52:03,15.8199,800,
09:52:06,15.817,200,
09:52:06,15.82,100,
09:52:06,15.82,100,
09:52:07,15.83,200,
09:52:07,15.83,200,
09:52:08,15.82,850,
09:52:08,15.82,600,
09:52:08,15.82,300,
09:52:08,15.82,200,
09:52:08,15.82,200,
09:52:08,15.82,200,
09:52:08,15.81,100,
09:52:08,15.81,200,
09:52:08,15.81,200,
09:52:08,15.81,200,
09:52:08,15.82,129,
09:52:12,15.81,100,
09:52:12,15.81,300,
09:52:12,15.81,200,
09:52:12,15.81,385,
09:52:12,15.81,100,
09:52:12,15.81,200,
09:52:13,15.81,500,
09:52:13,15.81,200,
09:52:14,15.8001,4000,
09:52:27,15.8001,1000,
09:52:30,15.81,1000,
09:52:37,15.80,100,
09:52:37,15.7999,100,
09:52:38,15.80,100,
09:52:41,15.799,3000,
09:52:42,15.79,100,
09:52:42,15.79,200,
09:52:47,15.78,200,
09:52:47,15.78,170,
09:52:52,15.78,150,
09:52:54,15.7825,2499,
09:52:55,15.78,200,
09:52:57,15.77,1200,
09:53:04,15.7717,500,
09:53:06,15.78,171,
09:53:09,15.79,200,
09:53:10,15.80,200,
09:53:10,15.81,300,
09:53:11,15.80,200,
09:53:12,15.7901,600,
09:53:12,15.79,200,
09:53:14,15.78,200,
09:53:16,15.78,900,
09:53:16,15.78,200,
09:53:16,15.78,500,
09:53:17,15.78,200,
09:53:17,15.78,100,
09:53:21,15.78,1000,
09:53:26,15.7799,5000,
09:53:28,15.763,225,
09:53:29,15.75,800,
09:53:29,15.75,500,
09:53:30,15.74,100,
09:53:31,15.75,200,
09:53:32,15.75,100,
09:53:32,15.76,5000,
09:53:33,15.76,200,
09:53:33,15.753,100,
09:53:33,15.76,200,
09:53:33,15.76,200,
09:53:35,15.76,100,
09:53:35,15.77,13188,
09:53:38,15.76,600,
09:53:38,15.76,200,
09:53:38,15.76,200,
09:53:41,15.76,1500,
09:53:41,15.76,100,
09:53:44,15.77,200,
09:53:44,15.77,315,
09:53:50,15.77,200,
09:53:51,15.77,200,
09:53:51,15.77,500,
09:53:51,15.77,300,
09:53:51,15.77,200,
09:53:51,15.77,1600,
09:53:52,15.77,100,
09:53:52,15.77,370,
09:53:57,15.78,185,
09:53:57,15.7899,2400,
09:54:01,15.79,200,
09:54:01,15.79,800,
09:54:01,15.80,200,
09:54:01,15.80,100,
09:54:05,15.80,200,
09:54:05,15.809,100,
09:54:06,15.80,200,
09:54:06,15.80,200,
09:54:06,15.80,1600,
09:54:06,15.79,100,
09:54:06,15.79,200,
09:54:06,15.79,800,
09:54:06,15.78,300,
09:54:06,15.78,200,
09:54:06,15.79,500,
09:54:06,15.78,200,
09:54:06,15.81,9900,
09:54:08,15.78,200,
09:54:08,15.78,100,
09:54:16,15.7799,100,
09:54:16,15.78,100,
09:54:20,15.78,200,
09:54:29,15.779,300,
09:54:30,15.77,600,
09:54:30,15.77,300,
09:54:30,15.77,300,
09:54:30,15.77,200,
09:54:30,15.77,400,
09:54:32,15.7699,1000,
09:54:36,15.7699,1700,
09:54:36,15.77,1700,
09:54:36,15.7699,1600,
09:54:36,15.7699,1000,
09:54:36,15.77,200,
09:54:37,15.77,200,
09:54:37,15.77,200,
09:54:37,15.77,800,
09:54:37,15.77,1200,
09:54:37,15.77,200,
09:54:37,15.77,500,
09:54:40,15.78,200,
09:54:40,15.78,100,
09:54:40,15.78,100,
09:54:42,15.80,100,
09:54:42,15.79,700,
09:54:42,15.80,200,
09:54:43,15.80,200,
09:54:44,15.8017,1000,
09:54:44,15.8075,361,
09:54:45,15.799,100,
09:54:45,15.799,139,
09:54:45,15.80,100,
09:54:45,15.80,500,
09:54:45,15.80,200,
09:54:45,15.799,500,
09:54:45,15.799,200,
09:54:48,15.80,100,
09:54:50,15.8101,400,
09:54:54,15.81,200,
09:54:56,15.81,200,
09:54:58,15.81,200,
09:55:00,15.819,100,
09:55:03,15.819,500,
09:55:05,15.82,10000,
09:55:06,15.81,300,
09:55:06,15.81,500,
09:55:06,15.81,200,
09:55:06,15.81,1600,
09:55:09,15.80,300,
09:55:09,15.80,200,
09:55:09,15.80,200,
09:55:09,15.799,300,
09:55:15,15.80,200,
09:55:15,15.80,1600,
09:55:16,15.80,200,
09:55:16,15.80,1600,
09:55:16,15.7975,200,
09:55:19,15.79,100,
09:55:21,15.798,1000,
09:55:24,15.80,100,
09:55:25,15.79,200,
09:55:25,15.79,200,
09:55:25,15.78,300,
09:55:25,15.78,500,
09:55:25,15.78,200,
09:55:25,15.79,1300,
09:55:25,15.79,200,
09:55:26,15.79,100,
09:55:26,15.78,300,
09:55:26,15.78,200,
09:55:29,15.7799,2500,
09:55:30,15.78,100,
09:55:34,15.78,200,
09:55:34,15.78,500,
09:55:39,15.78,147,
09:55:39,15.7859,1300,
09:55:42,15.79,200,
09:55:43,15.79,100,
09:55:43,15.79,600,
09:55:43,15.79,100,
09:55:43,15.79,200,
09:55:43,15.78,200,
09:55:48,15.79,200,
09:55:53,15.80,500,
09:55:53,15.80,800,
09:55:53,15.818,1000,
09:55:54,15.82,100,
09:55:55,15.83,200,
09:55:55,15.83,350,
09:55:55,15.83,350,
09:55:57,15.83,600,
09:55:57,15.84,100,
09:55:58,15.84,200,
09:55:58,15.8399,9000,
09:55:59,15.85,300,
09:55:59,15.85,100,
09:55:59,15.84,300,
09:55:59,15.84,600,
09:55:59,15.84,300,
09:55:59,15.84,1600,
09:55:59,15.85,200,
09:55:59,15.86,300,
09:55:59,15.84,3000,
09:55:59,15.84,200,
09:55:59,15.85,800,
09:55:59,15.85,200,
09:55:59,15.85,700,
09:55:59,15.85,1100,
09:55:59,15.85,1600,
09:55:59,15.84,1000,
09:55:59,15.86,200,
09:55:59,15.87,100,
09:55:59,15.87,800,
09:55:59,15.87,100,
09:55:59,15.87,200,
09:56:00,15.86,600,
09:56:00,15.859,300,
09:56:00,15.859,300,
09:56:00,15.84,300,
09:56:00,15.85,100,
09:56:00,15.85,600,
09:56:00,15.85,200,
09:56:00,15.84,100,
09:56:00,15.84,300,
09:56:00,15.84,600,
09:56:00,15.83,800,
09:56:00,15.83,300,
09:56:00,15.82,200,
09:56:00,15.81,100,
09:56:00,15.81,200,
09:56:00,15.81,100,
09:56:00,15.81,200,
09:56:00,15.81,200,
09:56:00,15.81,200,
09:56:01,15.82,200,
09:56:01,15.83,200,
09:56:01,15.8299,9600,
09:56:02,15.83,800,
09:56:02,15.83,1000,
09:56:02,15.84,300,
09:56:02,15.83,300,
09:56:03,15.83,100,
09:56:03,15.83,500,
09:56:03,15.82,300,
09:56:04,15.82,200,
09:56:04,15.82,200,
09:56:06,15.819,200,
09:56:06,15.819,100,
09:56:06,15.828,1000,
09:56:06,15.819,100,
09:56:07,15.82,400,
09:56:07,15.82,200,
09:56:09,15.817,140,
09:56:09,15.82,200,
09:56:09,15.82,300,
09:56:11,15.82,200,
09:56:11,15.82,700,
09:56:14,15.81,100,
09:56:15,15.8183,380,
09:56:17,15.81,140,
09:56:17,15.81,300,
09:56:22,15.809,500,
09:56:24,15.809,300,
09:56:24,15.809,300,
09:56:24,15.80,150,
09:56:26,15.8083,700,
09:56:27,15.8099,5000,
09:56:31,15.809,100,
09:56:32,15.80,100,
09:56:32,15.80,700,
09:56:32,15.80,500,
09:56:32,15.80,200,
09:56:33,15.80,500,
09:56:35,15.79,800,
09:56:36,15.792,500,
09:56:39,15.80,100,
09:56:39,15.7999,1000,
09:56:41,15.80,200,
09:56:44,15.80,800,
09:56:44,15.80,300,
09:56:44,15.80,200,
09:56:46,15.80,200,
09:56:47,15.80,200,
09:56:47,15.80,800,
09:56:49,15.81,300,
09:56:49,15.81,200,
09:56:51,15.81,500,
09:56:54,15.82,200,
09:57:00,15.83,100,
09:57:02,15.82,100,
09:57:02,15.8205,300,
09:57:03,15.83,400,
09:57:03,15.83,100,
09:57:13,15.8499,2000,
09:57:21,15.8499,100,
09:57:26,15.88,100,
09:57:26,15.88,100,
09:57:29,15.8893,7000,
09:57:29,15.88,300,
09:57:29,15.88,100,
09:57:31,15.89,100,
09:57:31,15.89,200,
09:57:31,15.89,400,
09:57:31,15.89,100,
09:57:31,15.89,800,
09:57:33,15.90,100,
09:57:37,15.90,100,
09:57:38,15.91,200,
09:57:38,15.91,200,
09:57:38,15.91,200,
09:57:40,15.91,200,
09:57:41,15.91,450,
09:57:42,15.902,1500,
09:57:47,15.901,1800,
09:57:47,15.91,600,
09:57:48,15.90,200,
09:57:48,15.9099,900,
09:57:48,15.91,1000,
09:57:48,15.9099,4000,
09:57:48,15.91,300,
09:57:49,15.91,400,
09:57:54,15.9001,3500,
09:57:57,15.91,200,
09:57:57,15.91,1200,
09:57:58,15.92,200,
09:57:58,15.9201,4500,
09:58:01,15.919,500,
09:58:01,15.919,500,
09:58:03,15.919,200,
09:58:06,15.912,1000,
09:58:08,15.92,300,
09:58:12,15.9225,200,
09:58:12,15.9201,9600,
09:58:12,15.92,100,
09:58:13,15.9244,2000,
09:58:14,15.92,100,
09:58:14,15.9201,8000,
09:58:15,15.92,2000,
09:58:16,15.93,100,
09:58:17,15.92,500,
09:58:17,15.92,200,
09:58:20,15.91,200,
09:58:21,15.90,200,
09:58:29,15.91,600,
09:58:29,15.91,500,
09:58:29,15.91,200,
09:58:29,15.91,300,
09:58:31,15.9101,400,
09:58:41,15.9199,800,
09:58:41,15.92,536,
09:58:43,15.91,600,
09:58:43,15.91,200,
09:58:48,15.91,200,
09:58:55,15.90,200,
09:58:56,15.8946,200,
09:58:57,15.90,600,
09:58:57,15.90,200,
09:58:57,15.90,500,
09:58:57,15.90,1600,
09:59:00,15.902,1500,
09:59:01,15.90,200,
09:59:04,15.91,6900,
09:59:05,15.91,600,
09:59:05,15.91,200,
09:59:05,15.91,800,
09:59:09,15.92,2055,
09:59:11,15.92,100,
09:59:11,15.92,700,
09:59:11,15.929,1000,
09:59:11,15.929,1000,
09:59:14,15.94,200,
09:59:14,15.94,700,
09:59:14,15.94,600,
09:59:14,15.95,200,
09:59:14,15.95,500,
09:59:14,15.95,1100,
09:59:14,15.95,500,
09:59:14,15.95,431,
09:59:14,15.95,369,
09:59:14,15.95,269,
09:59:14,15.95,400,
09:59:14,15.95,631,
09:59:14,15.95,100,
09:59:15,15.95,10000,
09:59:16,15.95,200,
09:59:16,15.95,800,
09:59:16,15.95,331,
09:59:16,15.95,200,
09:59:16,15.95,100,
09:59:16,15.95,1000,
09:59:16,15.95,200,
09:59:16,15.95,100,
09:59:16,15.95,200,
09:59:16,15.95,100,
09:59:16,15.95,200,
09:59:17,15.94,200,
09:59:20,15.93,300,
09:59:23,15.94,400,
09:59:24,15.942,500,
09:59:26,15.94,200,
09:59:27,15.947,415,
09:59:29,15.9346,1000,
09:59:30,15.9301,5000,
09:59:31,15.93,200,
09:59:33,15.93,200,
09:59:33,15.93,900,
09:59:33,15.93,200,
09:59:33,15.9383,1000,
09:59:55,15.9301,1000,
09:59:56,15.94,200,
10:00:01,15.95,600,
10:00:01,15.95,1000,
10:00:07,15.94,1000,
10:00:07,15.95,200,
10:00:07,15.95,600,
10:00:07,15.95,300,
10:00:10,15.95,300,
10:00:10,15.95,200,
10:00:10,15.95,400,
10:00:13,15.9454,300,
10:00:13,15.94,200,
10:00:15,15.93,9900,
10:00:17,15.94,1500,
10:00:17,15.94,400,
10:00:17,15.94,200,
10:00:17,15.94,100,
10:00:22,15.933,200,
10:00:27,15.95,100,
10:00:27,15.94,800,
10:00:27,15.94,300,
10:00:27,15.95,200,
10:00:27,15.95,200,
10:00:27,15.95,600,
10:00:27,15.95,600,
10:00:27,15.96,600,
10:00:27,15.96,500,
10:00:34,15.95,200,
10:00:35,15.94,500,
10:00:35,15.94,900,
10:00:35,15.94,800,
10:00:35,15.94,200,
10:00:35,15.94,800,
10:00:37,15.9399,2400,
10:00:37,15.9399,2300,
10:00:37,15.9399,2000,
10:00:37,15.935,300,
10:00:44,15.939,2000,
10:00:44,15.939,600,
10:00:46,15.94,5100,
10:00:52,15.93,800,
10:00:52,15.93,200,
10:00:52,15.92,200,
10:00:52,15.92,200,
10:00:52,15.92,300,
10:00:52,15.92,600,
10:00:52,15.92,400,
10:00:52,15.92,1600,
10:00:52,15.92,400,
10:00:57,15.9171,4000,
10:00:59,15.92,250,
10:00:59,15.92,250,
10:01:08,15.92,200,
10:01:12,15.91,200,
10:01:18,15.90,300,
10:01:20,15.90,1600,
10:01:26,15.89,1500,
10:01:27,15.89,100,
10:01:27,15.89,100,
10:01:27,15.89,100,
10:01:27,15.89,100,
10:01:27,15.89,100,
10:01:28,15.8999,6000,
10:01:32,15.90,100,
10:01:32,15.90,100,
10:01:32,15.90,500,
10:01:32,15.90,200,
10:01:32,15.90,700,
10:01:34,15.909,100,
10:01:35,15.91,200,
10:01:37,15.9044,7000,
10:01:42,15.91,200,
10:01:44,15.92,200,
10:01:49,15.922,1500,
10:01:53,15.94,200,
10:01:55,15.94,300,
10:01:55,15.93,100,
10:01:56,15.93,100,
10:02:28,15.93,200,
10:02:28,15.93,200,
10:02:42,15.92,100,
10:02:42,15.92,100,
10:02:45,15.9199,500,
10:02:48,15.91,200,
10:02:48,15.91,200,
10:02:54,15.90,100,
10:03:16,15.90,100,
10:03:29,15.91,200,
10:03:31,15.90,200,
10:03:32,15.89,100,
10:03:32,15.89,100,
10:03:32,15.89,200,
10:03:32,15.89,200,
10:03:34,15.90,200,
10:03:38,15.90,300,
10:03:38,15.90,200,
10:03:38,15.90,400,
10:03:38,15.8905,130,
10:03:39,15.90,1200,
10:03:39,15.90,100,
10:04:03,15.90,200,
10:04:03,15.90,100,
10:04:05,15.89,100,
10:04:05,15.89,100,
10:04:05,15.89,400,
10:04:09,15.89,200,
10:04:09,15.89,100,
10:04:14,15.8899,1700,
10:04:18,15.89,200,
10:04:22,15.90,300,
10:04:23,15.90,300,
10:04:24,15.90,300,
10:04:26,15.90,800,
10:04:26,15.89,200,
10:04:26,15.89,600,
10:04:26,15.89,700,
10:04:29,15.89,300,
10:04:36,15.89,200,
10:04:45,15.90,10000,
10:04:51,15.91,100,
10:04:53,15.91,100,
10:05:04,15.91,100,
10:05:05,15.91,200,
10:05:05,15.91,200,
10:05:16,15.91,200,
10:05:17,15.9101,300,
10:05:18,15.92,400,
10:05:18,15.92,200,
10:05:18,15.92,200,
10:05:19,15.92,700,
10:05:21,15.93,600,
10:05:21,15.93,200,
10:05:21,15.93,800,
10:05:21,15.93,100,
10:05:21,15.93,150,
10:05:24,15.94,200,
10:05:24,15.94,200,
10:05:27,15.94,200,
10:05:48,15.93,200,
10:05:50,15.92,700,
10:05:50,15.92,200,
10:05:55,15.91,100,
10:05:55,15.91,199,
10:06:00,15.9007,500,
10:06:01,15.9046,300,
10:06:12,15.91,200,
10:06:21,15.9101,2000,
10:06:22,15.92,300,
10:06:22,15.92,200,
10:06:22,15.92,400,
10:06:28,15.911,500,
10:06:39,15.92,200,
10:06:46,15.92,300,
10:06:47,15.921,1000,
10:06:48,15.92,100,
10:06:48,15.92,400,
10:06:48,15.92,200,
10:06:51,15.9259,500,
10:07:04,15.92,200,
10:07:12,15.91,150,
10:07:21,15.9101,10000,
10:07:27,15.9156,3000,
10:07:40,15.90,200,
10:07:44,15.89,200,
10:07:44,15.89,300,
10:07:44,15.88,100,
10:07:45,15.8892,1700,
10:07:56,15.89,150,
10:08:03,15.89,200,
10:08:07,15.8901,1000,
10:08:14,15.90,200,
10:08:24,15.92,200,
10:08:28,15.9254,2000,
10:08:35,15.929,2000,
10:08:45,15.94,400,
10:08:55,15.94,600,
10:08:55,15.93,485,
10:09:07,15.94,3200,
10:09:07,15.94,100,
10:09:07,15.94,200,
10:09:19,15.9499,500,
10:09:19,15.9499,100,
10:09:22,15.9599,1000,
10:09:28,15.9601,1000,
10:09:33,15.9683,500,
10:09:34,15.96,200,
10:09:39,15.96,700,
10:09:39,15.96,800,
10:09:39,15.96,600,
10:09:41,15.968,1000,
10:09:42,15.969,500,
10:09:42,15.97,500,
10:09:42,15.97,400,
10:09:44,15.969,100,
10:09:52,15.9699,1000,
10:09:54,15.96,1000,
10:09:55,15.96,200,
10:10:07,15.95,500,
10:10:08,15.94,200,
10:10:09,15.939,400,
10:10:17,15.94,200,
10:10:17,15.95,1200,
10:10:17,15.95,200,
10:10:20,15.9599,1000,
10:10:25,15.9599,500,
10:10:49,15.96,200,
10:10:50,15.969,300,
10:10:50,15.969,200,
10:10:52,15.97,200,
10:10:53,15.989,1500,
10:10:54,15.99,600,
10:10:54,15.99,600,
10:11:00,16,300,
10:11:01,15.9902,100,
10:11:07,16,800,
10:11:07,16,500,
10:11:07,16.01,100,
10:11:07,16.01,200,
10:11:08,16.01,200,
10:11:10,16.01,300,
10:11:11,16.01,200,
10:11:18,16.0017,1000,
10:11:21,16.01,200,
10:11:24,16.0101,2000,
10:11:29,16.02,400,
10:11:32,16,100,
10:11:33,16,100,
10:11:35,15.991,5000,
10:11:37,16.01,200,
10:11:37,16.008,250,
10:11:38,16.0001,5000,
10:11:45,16,4200,
10:11:45,16,2100,
10:11:47,16,400,
10:11:47,16,200,
10:11:51,16.01,100,
10:11:53,16.01,120,
10:11:54,16.009,100,
10:11:54,16.009,100,
10:11:57,16.0099,800,
10:12:02,16.009,641,
10:12:04,16.01,200,
10:12:05,16.01,100,
10:12:06,16.01,300,
10:12:06,16.01,136,
10:12:06,16.01,500,
10:12:07,16,100,
10:12:08,16,400,
10:12:09,16.0001,5500,
10:12:13,16,600,
10:12:13,16,200,
10:12:13,15.99,100,
10:12:13,15.99,100,
10:12:13,15.99,100,
10:12:13,15.99,800,
10:12:13,15.99,200,
10:12:13,15.99,200,
10:12:13,15.99,300,
10:12:13,16,100,
10:12:13,16,100,
10:12:15,15.98,200,
10:12:15,15.99,100,
10:12:15,15.98,100,
10:12:15,15.99,1200,
10:12:15,15.99,600,
10:12:15,15.99,800,
10:12:15,15.99,1000,
10:12:17,15.981,3000,
10:12:25,16,200,
10:12:27,16,300,
10:12:27,16,200,
10:12:27,16,200,
10:12:29,16,300,
10:12:36,16,300,
10:12:40,15.99,100,
10:12:40,15.99,1200,
10:12:47,15.988,1000,
10:12:47,15.98,200,
10:12:59,15.97,200,
10:13:04,15.9617,500,
10:13:09,15.97,100,
10:13:09,15.97,402,
10:13:24,15.9641,600,
10:13:26,15.97,200,
10:13:26,15.9754,2600,
10:13:33,15.96,1001,
10:13:33,15.96,499,
10:13:36,15.96,300,
10:13:41,15.9656,6000,
10:13:47,15.962,500,
10:13:51,15.96,200,
10:13:55,15.95,100,
10:13:55,15.95,100,
10:13:56,15.95,200,
10:13:56,15.94,5000,
10:14:17,15.97,200,
10:14:17,15.9793,3900,
10:14:20,15.98,200,
10:14:30,15.98,200,
10:14:35,15.99,200,
10:14:37,16.01,100,
10:14:37,16.01,300,
10:14:37,16.01,500,
10:14:37,16.01,800,
10:14:37,16.01,200,
10:14:37,16.01,1000,
10:14:37,16,300,
10:14:37,16.01,100,
10:14:37,16.01,400,
10:14:37,16.02,100,
10:14:37,16.02,500,
10:14:37,16.02,200,
10:14:37,16.02,300,
10:14:37,16.02,200,
10:14:37,16.02,1600,
10:14:37,16,500,
10:14:37,16.03,400,
10:14:37,16.02,100,
10:14:37,16.02,1000,
10:14:37,16.02,100,
10:14:37,16.03,200,
10:14:37,16.02,200,
10:14:37,16.02,100,
10:14:37,16.03,200,
10:14:37,16.02,100,
10:14:37,16.02,600,
10:14:40,16.02,100,
10:14:40,16.02,600,
10:14:40,16.02,600,
10:14:40,16.02,200,
10:14:42,16.0005,1200,
10:14:48,15.9999,1500,
10:15:05,15.9983,130,
10:15:05,15.9975,2000,
10:15:10,15.99,200,
10:15:10,15.9901,200,
10:15:10,15.99,300,
10:15:13,15.99,100,
10:15:13,15.99,100,
10:15:15,15.99,166,
10:15:15,15.99,167,
10:15:21,15.99,100,
10:15:21,15.99,200,
10:15:25,16,100,
10:15:25,16,800,
10:15:25,16,200,
10:15:25,16,300,
10:15:25,16,200,
10:15:25,15.99,101,
10:15:25,15.99,900,
10:15:25,15.99,200,
10:15:28,15.9983,1200,
10:15:39,15.99,100,
10:15:48,15.9899,666,
10:15:59,15.98,200,
10:16:06,15.97,100,
10:16:07,15.97,200,
10:16:17,15.96,100,
10:16:27,15.958,400,
10:16:34,15.96,200,
10:16:39,15.967,150,
10:16:39,15.96,200,
10:16:42,15.95,200,
10:16:44,15.94,100,
10:16:44,15.94,200,
10:16:46,15.94,1000,
10:16:51,15.95,200,
10:16:51,15.959,500,
10:16:53,15.9501,100,
10:16:53,15.95,100,
10:16:53,15.95,100,
10:16:53,15.9501,100,
10:17:00,15.9501,100,
10:17:00,15.9501,100,
10:17:02,15.9501,800,
10:17:17,15.9599,200,
10:17:19,15.94,200,
10:17:20,15.9299,100,
10:17:21,15.94,200,
10:17:27,15.94,900,
10:17:27,15.94,400,
10:17:30,15.941,2000,
10:17:43,15.94,300,
10:17:43,15.94,700,
10:17:43,15.94,200,
10:17:43,15.94,700,
10:17:45,15.9401,200,
10:17:52,15.9401,200,
10:17:52,15.9401,100,
10:17:53,15.94,101,
10:17:54,15.94,400,
10:17:54,15.94,200,
10:18:11,15.9397,1225,
10:18:24,15.93,1200,
10:18:24,15.93,200,
10:18:25,15.92,100,
10:18:26,15.92,200,
10:18:26,15.92,300,
10:18:27,15.92,5000,
10:18:29,15.91,100,
10:18:30,15.90,100,
10:18:30,15.90,500,
10:18:30,15.90,500,
10:18:31,15.90,200,
10:18:31,15.90,200,
10:18:32,15.91,200,
10:18:34,15.89,300,
10:18:34,15.89,200,
10:18:34,15.89,100,
10:18:34,15.89,300,
10:18:34,15.90,400,
10:18:37,15.8901,2000,
10:18:38,15.90,200,
10:18:38,15.90,500,
10:18:40,15.90,200,
10:18:42,15.90,199,
10:18:42,15.90,800,
10:18:42,15.90,101,
10:18:42,15.90,1400,
10:18:53,15.8956,6000,
10:18:57,15.8817,1000,
10:18:59,15.89,200,
10:19:09,15.90,200,
10:19:10,15.91,200,
10:19:11,15.91,200,
10:19:11,15.91,200,
10:19:11,15.91,200,
10:19:16,15.91,200,
10:19:21,15.92,200,
10:19:32,15.9299,3600,
10:19:38,15.92,400,
10:19:47,15.91,100,
10:19:47,15.91,300,
10:19:47,15.9101,700,
10:19:47,15.9101,100,
10:19:53,15.919,3500,
10:20:02,15.9199,1400,
10:20:10,15.92,400,
10:20:10,15.92,100,
10:20:10,15.92,100,
10:20:10,15.92,200,
10:20:10,15.92,300,
10:20:10,15.92,100,
10:20:10,15.92,300,
10:20:11,15.92,300,
10:20:12,15.9259,1000,
10:20:17,15.92,400,
10:20:17,15.92,200,
10:20:17,15.92,400,
10:20:17,15.91,100,
10:20:17,15.92,300,
10:20:17,15.92,200,
10:20:17,15.92,600,
10:20:17,15.91,200,
10:20:17,15.92,1300,
10:20:17,15.91,300,
10:20:17,15.91,400,
10:20:17,15.91,200,
10:20:18,15.92,100,
10:20:19,15.92,200,
10:20:19,15.93,800,
10:20:20,15.9201,100,
10:20:28,15.92,100,
10:20:41,15.93,1000,
10:20:41,15.93,500,
10:20:44,15.93,500,
10:20:44,15.93,1600,
10:20:56,15.93,200,
10:20:58,15.94,100,
10:21:01,15.9401,500,
10:21:12,15.94,200,
10:21:12,15.94,200,
10:21:14,15.93,200,
10:21:24,15.928,500,
10:21:33,15.92,100,
10:21:33,15.91,100,
10:21:33,15.91,100,
10:21:33,15.92,800,
10:21:33,15.92,200,
10:21:33,15.91,300,
10:21:33,15.91,100,
10:21:33,15.91,200,
10:21:33,15.91,100,
10:21:33,15.91,200,
10:21:39,15.92,100,
10:21:40,15.92,300,
10:21:51,15.93,200,
10:21:57,15.93,100,
10:22:08,15.92,100,
10:22:20,15.92,300,
10:22:39,15.92,100,
10:22:44,15.92,200,
10:23:03,15.9299,1000,
10:23:33,15.93,1000,
10:23:38,15.92,400,
10:23:42,15.91,200,
10:23:47,15.90,100,
10:23:48,15.90,100,
10:23:53,15.89,200,
10:23:53,15.89,100,
10:23:58,15.90,100,
10:24:01,15.90,100,
10:24:02,15.90,200,
10:24:06,15.88,400,
10:24:06,15.88,100,
10:24:06,15.87,600,
10:24:06,15.87,200,
10:24:07,15.88,200,
10:24:13,15.89,13000,
10:24:18,15.88,300,
10:24:29,15.88,200,
10:24:37,15.89,180,
10:24:37,15.89,180,
10:24:37,15.89,180,
10:24:46,15.88,100,
10:24:46,15.87,100,
10:24:46,15.87,200,
10:25:03,15.8717,300,
10:25:13,15.87,100,
10:25:13,15.8699,4200,
10:25:15,15.87,200,
10:25:22,15.8794,500,
10:25:26,15.8759,1000,
10:25:43,15.88,1100,
10:25:52,15.87,100,
10:25:52,15.87,100,
10:25:52,15.87,400,
10:25:52,15.87,400,
10:25:55,15.87,100,
10:25:55,15.87,250,
10:25:58,15.8601,100,
10:25:59,15.87,100,
10:26:00,15.87,200,
10:26:11,15.86,300,
10:26:11,15.86,200,
10:26:11,15.87,100,
10:26:11,15.87,200,
10:26:12,15.85,200,
10:26:17,15.88,200,
10:26:19,15.89,100,
10:26:19,15.89,100,
10:26:22,15.8901,400,
10:26:25,15.89,100,
10:26:29,15.89,100,
10:26:29,15.89,200,
10:26:29,15.89,1300,
10:26:29,15.89,200,
10:26:31,15.89,100,
10:26:34,15.89,200,
10:26:36,15.88,300,
10:26:36,15.88,100,
10:26:36,15.88,800,
10:26:36,15.879,100,
10:26:40,15.8899,5700,
10:27:03,15.88,100,
10:27:03,15.88,100,
10:27:03,15.88,100,
10:27:25,15.89,200,
10:27:25,15.90,200,
10:27:45,15.9099,5000,
10:27:48,15.9256,7000,
10:27:50,15.93,100,
10:27:50,15.93,100,
10:27:57,15.92,200,
10:27:59,15.92,200,
10:27:59,15.92,200,
10:28:07,15.9141,1000,
10:28:11,15.92,100,
10:28:20,15.9283,300,
10:28:27,15.9399,2000,
10:28:28,15.93,200,
10:28:30,15.93,200,
10:28:30,15.93,200,
10:28:43,15.93,200,
10:28:43,15.939,2000,
10:28:44,15.929,200,
10:28:46,15.93,1000,
10:28:46,15.929,100,
10:28:48,15.925,500,
10:28:52,15.93,100,
10:28:52,15.93,200,
10:28:54,15.9354,2000,
10:28:59,15.94,500,
10:28:59,15.94,300,
10:28:59,15.94,200,
10:28:59,15.94,300,
10:29:17,15.9354,600,
10:29:20,15.9446,6700,
10:29:24,15.95,200,
10:29:26,15.94,200,
10:29:30,15.939,300,
10:29:35,15.94,100,
10:29:35,15.94,100,
10:29:35,15.94,100,
10:29:57,15.94,200,
10:29:59,15.9417,1330,
10:30:03,15.95,1000,
10:30:03,15.95,200,
10:30:10,15.9501,200,
10:30:23,15.95,200,
10:30:23,15.95,600,
10:30:28,15.94,200,
10:30:37,15.94,100,
10:30:40,15.94,200,
10:31:08,15.95,200,
10:31:17,15.95,200,
10:31:20,15.95,200,
10:31:31,15.9499,500,
10:31:37,15.95,200,
10:31:46,15.97,100,
10:31:46,15.97,200,
10:31:46,15.97,800,
10:31:51,15.97,200,
10:31:55,15.9646,5100,
10:32:25,15.99,500,
10:32:37,16,200,
10:32:42,15.99,200,
10:32:44,15.997,125,
10:32:44,15.9899,500,
10:33:00,15.9883,1350,
10:33:07,16,12000,
10:33:12,15.9946,2000,
10:33:20,15.997,125,
10:33:25,15.99,200,
10:33:26,15.99,400,
10:33:26,15.9899,500,
10:33:34,15.9899,1000,
10:33:35,15.98,200,
10:33:44,15.97,200,
10:33:48,15.97,1700,
10:34:01,15.9799,500,
10:34:01,15.98,600,
10:34:01,15.98,400,
10:34:05,15.979,1500,
10:34:09,15.98,200,
10:34:09,15.98,200,
10:34:11,15.972,400,
10:34:11,15.972,100,
10:34:22,15.9725,2600,
10:34:29,15.971,2000,
10:34:29,15.98,200,
10:34:29,15.98,200,
10:34:39,15.98,200,
10:34:39,15.98,600,
10:34:39,15.98,800,
10:34:50,15.979,200,
10:34:50,15.979,200,
10:34:51,15.98,200,
10:35:00,15.98,200,
10:35:00,15.98,600,
10:35:00,15.98,200,
10:35:00,15.98,300,
10:35:04,15.9799,200,
10:35:12,15.97,100,
10:35:14,15.97,200,
10:35:17,15.98,2000,
10:35:18,15.96,200,
10:35:19,15.96,200,
10:35:22,15.9503,1000,
10:35:23,15.9517,600,
10:35:27,15.96,10000,
10:35:29,15.95,100,
10:35:50,15.9217,1500,
10:35:51,15.93,1200,
10:35:51,15.93,100,
10:35:58,15.93,1600,
10:36:08,15.93,200,
10:36:08,15.93,600,
10:36:27,15.94,100,
10:36:29,15.95,10000,
10:36:48,15.95,100,
10:36:54,15.9483,1700,
10:37:29,15.95,600,
10:37:29,15.95,200,
10:37:31,15.95,200,
10:37:31,15.95,300,
10:37:31,15.95,300,
10:37:32,15.95,200,
10:37:33,15.95,200,
10:37:50,15.95,200,
10:37:53,15.96,200,
10:37:53,15.97,1000,
10:37:53,15.97,300,
10:38:00,15.97,300,
10:38:02,15.9699,100,
10:38:25,15.98,300,
10:38:26,15.99,400,
10:38:31,15.9901,3000,
10:38:44,16,20000,
10:38:51,15.99,152,
10:39:00,15.9854,4000,
10:39:04,15.9983,500,
10:39:13,15.98,200,
10:39:14,15.98,12800,
10:39:31,15.99,200,
10:39:40,15.98,200,
10:39:40,15.98,281,
10:39:53,15.99,500,
10:39:55,15.99,200,
10:40:16,16,200,
10:40:17,16.01,200,
10:40:22,16.01,500,
10:40:27,16.03,8000,
10:40:28,16.021,1100,
10:40:28,16.021,1200,
10:40:29,16.02,200,
10:40:29,16.02,1100,
10:40:29,16.02,200,
10:40:30,16.02,800,
10:40:31,16.03,100,
10:40:31,16.03,400,
10:40:31,16.03,1933,
10:40:31,16.03,600,
10:40:32,16.03,2200,
10:40:34,16.03,200,
10:40:38,16.029,2000,
10:40:39,16.02,400,
10:40:41,16.029,3000,
10:40:43,16.02,1000,
10:40:50,16.02,200,
10:40:50,16.02,3100,
10:40:50,16.02,500,
10:40:54,16.02,200,
10:40:54,16.02,200,
10:40:59,16.028,500,
10:41:06,16.02,1200,
10:41:06,16.01,200,
10:41:06,16.01,200,
10:41:07,16.01,100,
10:41:09,16.0199,2000,
10:41:11,16.01,400,
10:41:11,16.01,800,
10:41:11,16.01,200,
10:41:18,16.0017,1700,
10:41:19,16.01,100,
10:41:19,16.02,500,
10:41:27,16.01,200,
10:41:27,16,1600,
10:41:36,16.0097,300,
10:41:40,16.01,200,
10:41:42,16.0083,400,
10:41:46,16.01,100,
10:41:47,16.01,200,
10:41:47,16.01,200,
10:41:50,16.01,200,
10:41:57,16.02,200,
10:42:00,16.02,200,
10:42:03,16.0185,3000,
10:42:09,16.008,400,
10:42:09,16.0085,6500,
10:42:14,15.99,300,
10:42:14,15.99,200,
10:42:14,15.99,200,
10:42:14,15.99,400,
10:42:19,15.9999,1000,
10:42:20,16,200,
10:42:28,16.01,200,
10:42:29,16.01,200,
10:42:32,16,200,
10:42:33,15.9999,4000,
10:42:38,16,200,
10:42:38,16,200,
10:42:52,16,200,
10:42:58,16,200,
10:43:02,16,500,
10:43:02,16,400,
10:43:08,16.01,200,
10:43:17,16.01,200,
10:43:17,16.01,200,
10:43:17,16.019,2500,
10:43:21,16.01,100,
10:43:25,16.01,200,
10:43:28,16.02,200,
10:43:29,16.019,2500,
10:43:30,16.0199,100,
10:43:33,16.01,200,
10:43:37,15.9901,500,
10:44:01,16.01,200,
10:44:06,16.02,100,
10:44:07,16.0246,1400,
10:44:08,16.01,200,
10:44:09,16.022,400,
10:44:13,16,100,
10:44:13,16,600,
10:44:13,16,100,
10:44:13,16,800,
10:44:13,16,500,
10:44:13,16,100,
10:44:13,16,300,
10:44:13,16,100,
10:44:13,16,100,
10:44:13,16,100,
10:44:13,16,200,
10:44:13,16.0099,6700,
10:44:23,16.01,100,
10:44:26,16.0164,250,
10:44:33,16.0215,4000,
10:44:54,16.03,400,
10:44:54,16.0254,4700,
10:44:56,16.04,200,
10:44:56,16.04,100,
10:44:56,16.0399,1000,
10:44:57,16.05,100,
10:44:57,16.05,600,
10:44:57,16.05,800,
10:45:01,16.05,500,
10:45:01,16.05,700,
10:45:01,16.05,100,
10:45:02,16.05,200,
10:45:02,16.05,200,
10:45:03,16.05,200,
10:45:05,16.0483,500,
10:45:09,16.05,1300,
10:45:09,16.05,800,
10:45:09,16.05,400,
10:45:10,16.05,250,
10:45:10,16.05,1000,
10:45:10,16.05,1000,
10:45:15,16.05,100,
10:45:16,16.05,800,
10:45:23,16.059,500,
10:45:23,16.0599,1000,
10:45:24,16.06,500,
10:45:24,16.06,200,
10:45:30,16.059,2000,
10:45:33,16.06,500,
10:45:35,16.06,500,
10:45:46,16.07,400,
10:45:47,16.07,200,
10:45:53,16.063,400,
10:45:55,16.06,200,
10:45:55,16.06,200,
10:45:55,16.06,200,
10:45:55,16.05,500,
10:45:55,16.051,1100,
10:45:55,16.06,200,
10:45:55,16.06,200,
10:45:55,16.06,200,
10:45:55,16.06,100,
10:45:57,16.06,700,
10:45:59,16.06,100,
10:46:01,16.05,200,
10:46:04,16.06,300,
10:46:04,16.07,200,
10:46:04,16.06,300,
10:46:04,16.07,300,
10:46:04,16.07,400,
10:46:04,16.07,1200,
10:46:04,16.07,200,
10:46:04,16.06,1200,
10:46:04,16.06,1200,
10:46:04,16.06,200,
10:46:04,16.07,600,
10:46:04,16.07,200,
10:46:04,16.07,400,
10:46:04,16.06,200,
10:46:04,16.06,200,
10:46:05,16.06,400,
10:46:05,16.08,200,
10:46:05,16.06,200,
10:46:05,16.08,200,
10:46:05,16.09,600,
10:46:05,16.09,200,
10:46:05,16.09,500,
10:46:05,16.09,800,
10:46:05,16.08,100,
10:46:05,16.08,100,
10:46:05,16.08,400,
10:46:07,16.08,300,
10:46:07,16.08,400,
10:46:12,16.08,250,
10:46:16,16.0792,2050,
10:46:18,16.079,3000,
10:46:22,16.0701,9000,
10:46:24,16.0701,800,
10:46:25,16.0799,300,
10:46:25,16.0799,11200,
10:46:29,16.0754,671,
10:46:35,16.07,2500,
10:46:36,16.0783,300,
10:46:50,16.08,200,
10:46:50,16.08,800,
10:46:53,16.08,200,
10:46:56,16.088,250,
10:46:59,16.0883,200,
10:46:59,16.0883,195,
10:47:15,16.07,200,
10:47:16,16.06,200,
10:47:21,16.0525,2100,
10:47:23,16.06,200,
10:47:24,16.0599,12000,
10:47:26,16.05,200,
10:47:26,16.04,600,
10:47:26,16.04,200,
10:47:27,16.0375,4600,
10:47:32,16.04,200,
10:47:32,16.04,200,
10:47:33,16.03,400,
10:47:33,16.03,800,
10:47:42,16.03,200,
10:47:49,16.03,100,
10:47:49,16.03,100,
10:47:51,16.033,100,
10:47:51,16.029,1300,
10:47:52,16.03,200,
10:47:54,16.0299,2000,
10:47:56,16.02,200,
10:48:01,16.019,2700,
10:48:05,16.01,100,
10:48:12,16.011,2000,
10:48:15,16.0101,3000,
10:48:20,16.02,200,
10:48:23,16.02,200,
10:48:24,16.02,800,
10:48:34,16.0192,300,
10:48:42,16.019,500,
10:48:49,16.02,200,
10:48:55,16.0254,1124,
10:48:56,16.02,200,
10:48:57,16.01,200,
10:49:00,16.01,200,
10:49:03,16.02,500,
10:49:24,16.01,300,
10:49:24,16.01,200,
10:49:24,16.01,300,
10:49:44,16.01,300,
10:49:59,16.01,200,
10:50:05,16.03,200,
10:50:09,16.0392,500,
10:50:23,16.03,400,
10:50:23,16.03,200,
10:50:23,16.03,600,
10:50:40,16.0354,1000,
10:50:47,16.03,1000,
10:50:53,16.03,200,
10:51:03,16.0493,200,
10:51:07,16.0485,6500,
10:51:07,16.048,300,
10:51:07,16.048,400,
10:51:08,16.045,1000,
10:51:24,16.048,900,
10:51:27,16.04,200,
10:51:27,16.04,400,
10:51:27,16.04,300,
10:51:28,16.0393,200,
10:51:48,16.04,200,
10:51:49,16.05,100,
10:51:55,16.06,100,
10:52:00,16.0501,8000,
10:52:25,16.0554,7500,
10:52:27,16.0585,5000,
10:52:31,16.05,300,
10:52:31,16.05,200,
10:52:49,16.05,100,
10:52:53,16.0501,500,
10:52:55,16.05,200,
10:53:39,16.048,100,
10:53:42,16.05,700,
10:53:52,16.06,100,
10:53:57,16.0501,2000,
10:54:05,16.06,200,
10:54:07,16.06,600,
10:54:09,16.06,200,
10:54:27,16.07,500,
10:54:33,16.063,100,
10:54:42,16.0615,225,
10:54:45,16.06,100,
10:54:54,16.05,200,
10:55:05,16.05,100,
10:55:07,16.06,100,
10:55:15,16.06,100,
10:55:37,16.0601,150,
10:55:40,16.07,200,
10:55:48,16.09,100,
10:55:57,16.0999,9000,
10:56:00,16.09,600,
10:56:00,16.09,1100,
10:56:00,16.09,700,
10:56:00,16.09,300,
10:56:00,16.09,100,
10:56:03,16.08,100,
10:56:03,16.08,100,
10:56:07,16.082,100,
10:56:08,16.09,200,
10:56:16,16.09,100,
10:56:16,16.09,100,
10:56:18,16.089,100,
10:56:18,16.089,200,
10:56:19,16.089,100,
10:56:19,16.089,200,
10:56:21,16.09,200,
10:56:21,16.08,500,
10:56:24,16.079,2000,
10:56:27,16.08,100,
10:56:32,16.09,200,
10:56:35,16.09,200,
10:56:35,16.09,200,
10:56:40,16.099,1903,
10:56:43,16.10,1500,
10:56:45,16.09,200,
10:56:55,16.08,200,
10:57:14,16.07,200,
10:57:16,16.06,600,
10:57:16,16.06,100,
10:57:17,16.06,200,
10:57:17,16.0615,5000,
10:57:31,16.063,100,
10:57:32,16.06,400,
10:57:32,16.06,200,
10:57:40,16.0617,1700,
10:57:41,16.07,200,
10:57:43,16.08,200,
10:57:48,16.08,200,
10:57:49,16.072,1500,
10:57:54,16.07,200,
10:57:54,16.08,200,
10:58:06,16.07,200,
10:58:06,16.07,200,
10:58:11,16.0606,1202,
10:58:19,16.07,200,
10:58:20,16.06,200,
10:58:20,16.06,200,
10:58:21,16.06,200,
10:58:23,16.06,200,
10:58:25,16.057,400,
10:58:27,16.05,1100,
10:58:27,16.05,600,
10:58:27,16.05,600,
10:58:27,16.05,200,
10:58:28,16.05,600,
10:58:28,16.05,200,
10:58:28,16.0401,2000,
10:58:32,16.04,300,
10:58:32,16.04,200,
10:58:32,16.03,200,
10:58:33,16.03,400,
10:58:51,16.02,500,
10:58:51,16.02,200,
10:58:52,16.02,1890,
10:58:54,16.03,200,
10:58:59,16.04,200,
10:59:00,16.0474,1500,
10:59:01,16.043,251,
10:59:09,16.0483,1000,
10:59:30,16.04,100,
10:59:33,16.03,400,
10:59:33,16.03,300,
10:59:37,16.04,100,
10:59:37,16.04,200,
10:59:37,16.04,800,
10:59:37,16.04,3000,
10:59:37,16.04,300,
10:59:39,16.04,200,
10:59:58,16.02,200,
10:59:59,16.02,200,
11:00:07,16.0254,500,
11:00:11,16.02,300,
11:00:15,16.0201,4000,
11:00:37,16.02,200,
11:00:37,16.02,200,
11:00:37,16.02,200,
11:00:40,16.03,200,
11:00:41,16.03,300,
11:00:49,16.03,1200,
11:00:49,16.03,100,
11:00:52,16.022,700,
11:01:00,16.03,200,
11:01:00,16.04,200,
11:01:08,16.05,200,
11:01:09,16.06,200,
11:01:17,16.07,200,
11:01:17,16.07,200,
11:01:17,16.07,300,
11:01:17,16.07,100,
11:01:17,16.08,200,
11:01:25,16.09,200,
11:01:25,16.09,800,
11:01:25,16.09,200,
11:01:30,16.09,200,
11:01:30,16.09,700,
11:01:30,16.09,800,
11:01:30,16.09,1200,
11:01:30,16.09,600,
11:01:30,16.09,200,
11:01:30,16.09,200,
11:01:30,16.10,600,
11:01:30,16.10,200,
11:01:30,16.10,100,
11:01:30,16.10,200,
11:01:30,16.10,300,
11:01:30,16.10,500,
11:01:31,16.0925,2000,
11:01:32,16.09,200,
11:01:35,16.10,200,
11:01:35,16.10,400,
11:01:38,16.09,400,
11:01:47,16.10,400,
11:01:47,16.10,1200,
11:01:47,16.10,3000,
11:01:47,16.10,400,
11:01:47,16.10,200,
11:01:47,16.10,1600,
11:01:47,16.10,300,
11:01:47,16.10,400,
11:01:47,16.11,200,
11:01:47,16.11,200,
11:01:47,16.11,400,
11:01:47,16.11,500,
11:01:47,16.11,200,
11:01:47,16.12,100,
11:01:47,16.12,400,
11:01:47,16.12,200,
11:01:47,16.10,3000,
11:01:47,16.10,1000,
11:01:48,16.12,500,
11:01:51,16.111,200,
11:01:51,16.111,200,
11:01:53,16.11,400,
11:01:53,16.11,300,
11:01:55,16.1103,231,
11:01:55,16.12,200,
11:01:55,16.12,1600,
11:01:55,16.12,1000,
11:01:56,16.12,200,
11:01:56,16.12,200,
11:01:56,16.12,300,
11:01:56,16.12,1600,
11:01:59,16.1183,200,
11:02:06,16.1092,1700,
11:02:09,16.11,200,
11:02:13,16.108,1200,
11:02:16,16.10,1200,
11:02:16,16.10,200,
11:02:22,16.107,370,
11:02:23,16.10,200,
11:02:25,16.091,600,
11:02:25,16.09,200,
11:02:25,16.091,100,
11:02:26,16.091,100,
11:02:28,16.091,200,
11:02:29,16.09,200,
11:02:40,16.082,1000,
11:03:16,16.10,400,
11:03:16,16.09,500,
11:03:16,16.09,900,
11:03:16,16.09,200,
11:03:16,16.09,200,
11:03:16,16.10,100,
11:03:16,16.10,200,
11:03:27,16.1083,1000,
11:03:30,16.11,250,
11:03:30,16.1077,1450,
11:03:32,16.11,100,
11:03:37,16.1083,1700,
11:03:50,16.11,200,
11:03:53,16.1117,1000,
11:04:03,16.1183,763,
11:04:06,16.12,200,
11:04:06,16.12,200,
11:04:08,16.119,4000,
11:04:10,16.12,100,
11:04:11,16.12,100,
11:04:14,16.13,100,
11:04:14,16.13,600,
11:04:14,16.13,800,
11:04:20,16.139,2500,
11:04:20,16.1399,600,
11:04:26,16.1375,2000,
11:04:28,16.14,11000,
11:04:31,16.13,100,
11:04:36,16.1201,5000,
11:04:38,16.12,130,
11:04:38,16.12,200,
11:04:39,16.13,500,
11:04:43,16.14,400,
11:04:43,16.14,200,
11:04:43,16.13,200,
11:04:49,16.12,100,
11:04:56,16.13,200,
11:04:56,16.13,1300,
11:04:56,16.13,1200,
11:04:56,16.13,100,
11:04:57,16.1399,1000,
11:04:58,16.13,100,
11:05:00,16.13,200,
11:05:04,16.12,100,
11:05:08,16.12,200,
11:05:12,16.12,1500,
11:05:14,16.11,200,
11:05:21,16.1087,200,
11:05:30,16.11,200,
11:05:32,16.11,5000,
11:05:32,16.10,200,
11:05:33,16.10,200,
11:05:33,16.10,200,
11:05:35,16.0983,1000,
11:05:38,16.10,200,
11:05:51,16.11,3300,
11:05:55,16.1099,100,
11:06:15,16.0999,500,
11:06:15,16.09,200,
11:06:20,16.081,2000,
11:06:28,16.08,300,
11:06:28,16.08,200,
11:06:31,16.08,200,
11:06:31,16.09,200,
11:06:31,16.09,600,
11:06:31,16.09,800,
11:06:31,16.09,200,
11:06:33,16.09,200,
11:06:34,16.09,200,
11:06:36,16.0997,1000,
11:06:37,16.09,530,
11:06:39,16.0883,1000,
11:06:46,16.0899,2000,
11:07:00,16.10,200,
11:07:01,16.109,100,
11:07:02,16.11,200,
11:07:03,16.12,300,
11:07:09,16.12,200,
11:07:26,16.11,200,
11:07:42,16.11,200,
11:08:08,16.11,250,
11:08:29,16.1101,100,
11:08:41,16.103,440,
11:08:52,16.10,100,
11:08:53,16.10,200,
11:08:53,16.10,400,
11:08:54,16.10,400,
11:08:54,16.10,1400,
11:08:55,16.10,500,
11:08:57,16.10,200,
11:08:57,16.10,950,
11:08:57,16.10,200,
11:08:57,16.10,200,
11:09:03,16.11,200,
11:09:05,16.117,200,
11:09:10,16.12,200,
11:09:22,16.11,200,
11:09:23,16.11,200,
11:09:28,16.11,100,
11:09:31,16.12,2000,
11:09:32,16.12,100,
11:09:35,16.121,8900,
11:09:38,16.122,1900,
11:09:39,16.13,100,
11:09:40,16.13,200,
11:09:42,16.12,200,
11:09:43,16.12,200,
11:09:47,16.119,800,
11:09:53,16.11,200,
11:09:53,16.11,200,
11:09:55,16.11,200,
11:10:01,16.10,1600,
11:10:02,16.11,200,
11:10:06,16.10,200,
11:10:06,16.11,300,
11:10:06,16.11,200,
11:10:08,16.10,400,
11:10:10,16.10,500,
11:10:10,16.10,200,
11:10:10,16.10,100,
11:10:13,16.11,200,
11:10:20,16.1001,470,
11:10:31,16.11,100,
11:11:08,16.11,200,
11:11:26,16.11,14000,
11:11:44,16.11,1300,
11:11:44,16.11,200,
11:11:47,16.118,200,
11:11:52,16.1117,1000,
11:11:52,16.12,100,
11:11:59,16.1193,372,
11:12:07,16.11,100,
11:12:27,16.101,600,
11:12:31,16.1054,1000,
11:12:33,16.101,400,
11:12:35,16.10,100,
11:12:36,16.10,200,
11:12:39,16.101,100,
11:12:42,16.11,400,
11:12:54,16.10,200,
11:12:55,16.10,100,
11:12:57,16.10,750,
11:13:06,16.09,200,
11:13:06,16.09,300,
11:13:07,16.0817,1000,
11:13:08,16.09,200,
11:13:09,16.09,100,
11:13:09,16.09,100,
11:13:19,16.08,200,
11:13:19,16.09,100,
11:13:21,16.09,200,
11:13:21,16.09,200,
11:13:21,16.09,200,
11:13:21,16.091,200,
11:13:27,16.097,100,
11:13:53,16.09,200,
11:13:57,16.08,200,
11:13:57,16.08,300,
11:13:58,16.081,4200,
11:14:00,16.08,5200,
11:14:05,16.0799,1300,
11:14:13,16.08,200,
11:14:33,16.07,100,
11:14:47,16.07,1000,
11:14:47,16.07,600,
11:14:47,16.07,100,
11:14:47,16.07,100,
11:14:47,16.07,200,
11:14:47,16.08,100,
11:14:47,16.07,100,
11:14:49,16.075,100,
11:14:54,16.0601,2000,
11:14:55,16.06,200,
11:14:55,16.06,100,
11:14:56,16.06,100,
11:15:03,16.06,300,
11:15:05,16.06,200,
11:15:10,16.06,200,
11:15:19,16.0605,1400,
11:15:31,16.06,100,
11:15:41,16.06,200,
11:15:54,16.0555,3300,
11:15:56,16.06,200,
11:16:04,16.0608,1000,
11:16:05,16.06,100,
11:16:05,16.06,200,
11:16:12,16.05,200,
11:16:12,16.04,100,
11:16:12,16.05,100,
11:16:12,16.04,200,
11:16:12,16.055,1000,
11:16:13,16.055,1000,
11:16:13,16.04,200,
11:16:14,16.05,900,
11:16:15,16.04,1700,
11:16:20,16.04,200,
11:16:20,16.04,100,
11:16:20,16.04,100,
11:16:20,16.04,100,
11:16:23,16.0499,500,
11:16:29,16.03,500,
11:16:30,16.0301,1000,
11:16:39,16.031,300,
11:16:41,16.03,100,
11:16:41,16.03,200,
11:16:41,16.03,500,
11:16:47,16.02,100,
11:16:47,16.02,200,
11:16:48,16.02,200,
11:16:48,16.02,1200,
11:16:48,16.02,100,
11:16:48,16.02,200,
11:16:48,16.02,186,
11:16:48,16.02,200,
11:16:48,16.02,200,
11:16:53,16.03,200,
11:16:57,16.031,500,
11:16:59,16.04,100,
11:16:59,16.04,100,
11:16:59,16.04,100,
11:16:59,16.04,100,
11:16:59,16.03,100,
11:16:59,16.03,100,
11:17:04,16.031,500,
11:17:04,16.031,500,
11:17:06,16.04,200,
11:17:06,16.04,100,
11:17:11,16.0399,2000,
11:17:26,16.03,200,
11:17:46,16.03,200,
11:17:46,16.02,100,
11:17:46,16.02,500,
11:17:46,16.02,200,
11:17:47,16.0199,4000,
11:18:22,16.02,200,
11:18:54,16.02,200,
11:18:54,16.021,100,
11:18:54,16.021,200,
11:19:13,16.02,200,
11:19:16,16.02,200,
11:19:21,16.0146,600,
11:19:21,16.02,100,
11:19:21,16.011,3000,
11:19:27,16.02,100,
11:19:27,16.02,200,
11:19:32,16.01,2000,
11:19:42,16.0101,4000,
11:19:49,16.02,200,
11:20:03,16.0155,5000,
11:20:11,16.03,200,
11:20:33,16.03,200,
11:20:48,16.03,200,
11:20:53,16.04,100,
11:20:59,16.03,200,
11:20:59,16.03,100,
11:21:23,16.0246,1000,
11:21:28,16.0203,300,
11:21:49,16.03,200,
11:22:03,16.03,200,
11:22:11,16.03,200,
11:22:21,16.0201,200,
11:22:22,16.03,100,
11:22:35,16.04,200,
11:22:41,16.04,900,
11:22:41,16.04,500,
11:22:41,16.04,300,
11:22:47,16.03,200,
11:22:47,16.03,300,
11:22:55,16.02,300,
11:23:03,16.02,200,
11:23:04,16.02,300,
11:23:23,16.02,100,
11:23:23,16.02,100,
11:23:31,16.0254,7000,
11:23:37,16.028,1432,
11:23:41,16.0299,3865,
11:23:58,16.02,800,
11:23:58,16.02,200,
11:24:07,16.01,100,
11:24:32,16.02,800,
11:24:32,16.02,200,
11:24:38,16.02,200,
11:24:43,16.02,200,
11:24:47,16.018,400,
11:24:47,16.018,300,
11:24:47,16.018,400,
11:24:48,16.02,100,
11:24:59,16.0254,1333,
11:25:16,16.02,100,
11:25:16,16.02,200,
11:25:16,16.028,1000,
11:25:26,16.01,100,
11:25:31,16.0199,2500,
11:25:37,16.02,100,
11:25:54,16.03,200,
11:25:58,16.03,300,
11:26:00,16.0305,1000,
11:26:11,16.03,200,
11:26:13,16.03,200,
11:26:26,16.05,100,
11:26:30,16.06,200,
11:26:31,16.07,500,
11:26:32,16.0701,1100,
11:26:35,16.07,100,
11:26:49,16.05,200,
11:27:00,16.05,200,
11:27:08,16.05,1000,
11:27:19,16.05,200,
11:27:23,16.0595,1800,
11:27:32,16.0599,500,
11:27:45,16.0505,1250,
11:27:49,16.058,700,
11:27:56,16.052,300,
11:28:10,16.05,2000,
11:28:33,16.05,300,
11:29:02,16.05,200,
11:29:14,16.041,300,
11:29:14,16.041,310,
11:29:16,16.041,2800,
11:29:58,16.04,200,
11:29:58,16.0346,500,
11:29:59,16.03,200,
11:31:00,15.98,100,
11:31:00,15.98,200,
11:31:02,15.97,1700,
11:31:03,15.97,200,
11:31:03,15.97,600,
11:31:03,15.97,200,
11:31:04,15.97,3000,
11:31:07,15.9701,1000,
11:31:13,15.979,5000,
11:31:14,15.95,7000,
11:31:15,15.96,200,
11:31:16,15.9605,503,
11:31:33,15.9583,1000,
11:31:40,15.94,100,
11:31:40,15.94,200,
11:31:43,15.94,200,
11:31:48,15.95,200,
11:31:48,15.9599,1800,
11:31:57,15.9503,500,
11:32:00,15.96,1600,
11:32:00,15.96,200,
11:32:01,15.96,200,
11:32:02,15.958,1000,
11:32:05,15.95,800,
11:32:05,15.95,200,
11:32:06,15.94,300,
11:32:10,15.9399,2900,
11:32:11,15.94,800,
11:32:13,15.95,200,
11:32:25,15.95,500,
11:32:36,15.97,400,
11:32:36,15.97,600,
11:32:36,15.97,200,
11:32:36,15.97,400,
11:32:36,15.97,200,
11:32:36,15.96,200,
11:32:40,15.9699,700,
11:32:55,15.9653,1700,
11:33:01,15.97,200,
11:33:01,15.97,200,
11:33:01,15.97,600,
11:33:10,15.96,200,
11:33:35,15.96,700,
11:33:35,15.96,1600,
11:33:37,15.97,200,
11:33:37,15.97,200,
11:33:41,15.9801,300,
11:33:45,15.9854,1000,
11:34:04,15.98,392,
11:34:04,15.98,200,
11:34:25,15.98,200,
11:34:25,15.98,100,
11:34:34,15.99,200,
11:34:50,16,1000,
11:34:55,15.98,200,
11:35:12,15.98,200,
11:35:33,15.98,200,
11:35:38,15.98,3000,
11:36:22,15.9792,1500,
11:36:41,15.98,200,
11:36:55,15.9899,800,
11:37:05,15.99,192,
11:37:05,15.99,100,
11:37:19,15.9999,1540,
11:37:25,15.99,100,
11:37:32,15.998,700,
11:37:40,16,200,
11:37:42,16,200,
11:37:46,16,100,
11:38:16,16,200,
11:38:35,15.997,100,
11:38:44,16,200,
11:39:00,15.9901,1000,
11:39:38,15.997,400,
11:40:00,15.99,200,
11:40:35,15.971,7000,
11:40:48,15.96,200,
11:40:49,15.95,200,
11:40:51,15.95,200,
11:40:56,15.95,200,
11:41:11,15.96,100,
11:41:11,15.97,200,
11:41:21,15.9746,1500,
11:41:38,15.97,200,
11:41:54,15.97,200,
11:41:54,15.97,200,
11:42:03,15.96,400,
11:42:10,15.96,200,
11:42:13,15.97,800,
11:42:34,15.98,200,
11:42:44,15.98,100,
11:43:09,15.98,500,
11:43:09,15.98,100,
11:43:09,15.98,700,
11:43:09,15.98,100,
11:43:10,15.98,100,
11:43:14,15.998,600,
11:43:16,15.99,200,
11:43:24,15.9899,5000,
11:43:32,15.98,200,
11:43:33,15.98,200,
11:44:11,15.972,1000,
11:44:18,15.97,16600,
11:44:18,15.96,1000,
11:44:18,15.96,200,
11:44:18,15.96,700,
11:44:18,15.96,100,
11:44:28,15.9499,8500,
11:44:38,15.942,100,
11:45:07,15.94,100,
11:45:10,15.94,200,
11:45:11,15.95,800,
11:45:11,15.95,200,
11:45:24,15.96,200,
11:45:30,15.96,200,
11:45:33,15.96,300,
11:45:33,15.96,200,
11:45:42,15.95,200,
11:45:50,15.95,1000,
11:45:50,15.95,200,
11:46:15,15.9499,5000,
11:46:23,15.95,200,
11:46:47,15.969,1000,
11:46:57,15.97,200,
11:46:58,15.97,200,
11:46:58,15.97,200,
11:47:02,15.97,1600,
11:47:03,15.96,200,
11:47:03,15.97,100,
11:47:03,15.97,100,
11:47:16,15.96,200,
11:47:18,15.97,100,
11:47:22,15.97,200,
11:47:22,15.97,800,
11:47:22,15.97,200,
11:47:22,15.97,100,
11:47:33,15.97,200,
11:47:45,15.96,200,
11:47:52,15.96,200,
11:47:59,15.97,100,
11:48:10,15.98,200,
11:48:14,15.98,200,
11:48:22,15.98,200,
11:48:28,16,200,
11:48:29,16.0064,150,
11:48:34,16,500,
11:48:35,16,200,
11:48:35,16,400,
11:48:44,16.0083,200,
11:48:45,16,200,
11:48:46,16,800,
11:48:46,16,200,
11:49:01,16,100,
11:49:02,16,500,
11:49:08,16,100,
11:49:08,16,172,
11:49:08,16,200,
11:49:08,16,400,
11:49:18,16.01,100,
11:49:18,16.01,200,
11:49:18,16.01,400,
11:49:22,16.01,200,
11:49:32,16.01,200,
11:49:46,16.01,200,
11:49:46,16.01,100,
11:49:57,16,100,
11:50:05,16,100,
11:50:13,16.01,200,
11:50:19,16.01,200,
11:50:38,16,200,
11:51:14,16.01,200,
11:51:19,16.02,200,
11:51:19,16.02,100,
11:51:27,16.011,1000,
11:51:32,16.01,800,
11:51:48,16,200,
11:51:48,16,200,
11:51:53,16.01,1600,
11:51:53,16.01,600,
11:51:58,16.02,200,
11:51:59,16.02,100,
11:52:01,16.02,200,
11:52:02,16.02,200,
11:52:08,16.01,200,
11:52:10,16,100,
11:52:19,16.01,200,
11:52:32,16.01,200,
11:52:42,16.01,200,
11:52:48,16.02,200,
11:52:54,16.0199,300,
11:52:56,16.01,100,
11:53:23,16.01,200,
11:53:51,16.0099,200,
11:53:52,16.01,100,
11:54:02,16.0201,200,
11:54:06,16.01,600,
11:54:14,16.01,200,
11:54:27,16.01,200,
11:54:43,16.01,100,
11:54:44,16.01,200,
11:54:46,16.02,200,
11:54:54,16.02,200,
11:55:04,16.0245,500,
11:55:17,16.03,200,
11:55:30,16.03,200,
11:55:33,16.03,1200,
11:55:38,16.03,200,
11:55:42,16.0282,100,
11:55:58,16.03,200,
11:55:58,16.03,200,
11:56:00,16.04,300,
11:56:00,16.04,400,
11:56:00,16.04,100,
11:56:16,16.04,200,
11:56:19,16.04,200,
11:56:20,16.04,200,
11:56:26,16.04,700,
11:56:33,16.04,200,
11:56:54,16.04,400,
11:56:54,16.04,700,
11:56:58,16.04,200,
11:57:02,16.04,200,
11:57:04,16.0495,498,
11:57:32,16.06,500,
11:57:48,16.05,200,
11:57:52,16.05,300,
11:58:06,16.06,100,
11:58:06,16.06,200,
11:58:06,16.06,200,
11:58:10,16.06,100,
11:58:12,16.06,100,
11:58:21,16.0517,1700,
11:58:38,16.06,200,
11:58:47,16.07,600,
11:58:47,16.07,200,
11:58:51,16.079,700,
11:58:52,16.07,200,
11:58:52,16.07,100,
11:58:55,16.08,1017,
11:59:16,16.07,200,
11:59:22,16.069,300,
11:59:30,16.06,200,
11:59:32,16.06,2800,
11:59:42,16.06,200,
11:59:51,16.042,1432,
11:59:54,16.05,200,
12:00:01,16.05,1200,
12:00:01,16.05,200,
12:00:16,16.06,200,
12:00:24,16.06,3800,
12:00:31,16.068,1000,
12:00:32,16.06,200,
12:00:43,16.049,4670,
12:01:02,16.05,515,
12:01:02,16.05,200,
12:01:38,16.06,200,
12:01:40,16.0634,200,
12:01:45,16.07,200,
12:02:22,16.069,300,
12:02:24,16.06,200,
12:02:28,16.05,200,
12:02:34,16.05,500,
12:02:34,16.05,500,
12:02:37,16.06,200,
12:02:43,16.06,400,
12:02:49,16.0599,1000,
12:03:00,16.05,200,
12:03:09,16.0436,425,
12:03:35,16.05,200,
12:03:46,16.05,200,
12:03:48,16.049,400,
12:03:49,16.0475,2200,
12:04:14,16.04,200,
12:04:15,16.03,200,
12:04:35,16.04,320,
12:04:35,16.04,200,
12:04:37,16.06,300,
12:04:56,16.05,200,
12:05:02,16.0499,100,
12:05:17,16.05,200,
12:05:28,16.05,200,
12:05:44,16.06,200,
12:05:55,16.06,200,
12:05:55,16.0623,8000,
12:06:09,16.06,800,
12:06:09,16.06,200,
12:06:09,16.07,400,
12:06:11,16.06,400,
12:06:13,16.06,125,
12:06:16,16.0501,8700,
12:06:36,16.06,200,
12:06:59,16.06,200,
12:07:31,16.052,1110,
12:08:04,16.07,100,
12:08:05,16.07,200,
12:08:13,16.07,200,
12:08:26,16.07,200,
12:08:27,16.08,600,
12:08:27,16.09,600,
12:08:28,16.09,200,
12:08:31,16.08,100,
12:08:37,16.0705,1305,
12:08:39,16.08,100,
12:08:50,16.08,900,
12:08:55,16.09,100,
12:08:56,16.088,200,
12:08:58,16.088,100,
12:09:12,16.0801,400,
12:09:50,16.082,1500,
12:09:50,16.09,300,
12:09:50,16.09,300,
12:09:50,16.09,200,
12:09:55,16.08,400,
12:09:56,16.08,200,
12:10:01,16.0725,2000,
12:10:08,16.08,3000,
12:10:13,16.0797,250,
12:10:16,16.077,300,
12:10:45,16.0705,500,
12:10:47,16.07,300,
12:10:47,16.07,800,
12:10:52,16.06,200,
12:10:53,16.06,200,
12:10:53,16.06,270,
12:11:04,16.08,200,
12:11:05,16.079,200,
12:11:07,16.0801,100,
12:11:20,16.072,300,
12:11:24,16.07,200,
12:12:06,16.07,200,
12:12:27,16.08,200,
12:12:46,16.07,400,
12:12:46,16.07,200,
12:13:10,16.07,300,
12:13:13,16.07,200,
12:13:26,16.07,200,
12:13:55,16.07,100,
12:13:59,16.07,100,
12:13:59,16.069,100,
12:14:04,16.08,400,
12:14:50,16.0799,5000,
12:14:53,16.07,700,
12:14:53,16.07,200,
12:15:38,16.07,400,
12:15:48,16.07,200,
12:16:18,16.07,200,
12:16:40,16.0684,200,
12:16:57,16.08,200,
12:16:58,16.09,200,
12:16:58,16.09,100,
12:17:01,16.10,100,
12:17:05,16.0999,100,
12:17:05,16.10,100,
12:17:09,16.09,600,
12:17:10,16.08,1000,
12:17:32,16.0875,4000,
12:17:37,16.1001,1500,
12:17:50,16.10,200,
12:17:52,16.10,100,
12:17:52,16.10,400,
12:17:52,16.10,200,
12:17:58,16.10,200,
12:17:59,16.1085,1000,
12:18:13,16.10,200,
12:18:26,16.10,600,
12:18:26,16.11,1400,
12:18:32,16.098,1000,
12:18:36,16.09,200,
12:19:00,16.09,100,
12:19:06,16.08,200,
12:19:14,16.08,200,
12:19:23,16.09,100,
12:19:23,16.09,200,
12:19:23,16.10,8300,
12:19:25,16.09,200,
12:19:27,16.08,200,
12:19:40,16.0885,2400,
12:19:50,16.088,1000,
12:19:59,16.10,116,
12:20:12,16.10,116,
12:20:22,16.0999,500,
12:20:33,16.10,200,
12:20:35,16.10,600,
12:20:35,16.10,300,
12:20:42,16.09,100,
12:20:57,16.10,300,
12:21:00,16.098,1000,
12:21:16,16.1095,1000,
12:21:29,16.1001,240,
12:21:47,16.108,500,
12:21:49,16.11,200,
12:21:51,16.12,500,
12:21:52,16.10,300,
12:21:52,16.10,600,
12:21:53,16.10,18100,
12:22:04,16.09,200,
12:22:06,16.10,400,
12:22:09,16.10,3000,
12:22:24,16.10,200,
12:22:32,16.10,200,
12:22:48,16.0999,500,
12:23:24,16.0999,200,
12:23:37,16.10,200,
12:23:42,16.10,300,
12:23:44,16.09,200,
12:23:47,16.08,725,
12:23:57,16.081,2500,
12:23:57,16.081,3000,
12:24:13,16.0825,100,
12:24:18,16.089,3000,
12:24:27,16.09,200,
12:24:34,16.09,200,
12:24:36,16.10,200,
12:24:45,16.11,700,
12:24:45,16.11,200,
12:25:08,16.109,3000,
12:25:28,16.10,200,
12:25:29,16.09,2600,
12:25:48,16.0925,3000,
12:26:56,16.0999,1000,
12:27:02,16.10,200,
12:27:55,16.10,200,
12:28:12,16.092,1000,
12:28:22,16.10,200,
12:28:39,16.09,200,
12:29:00,16.081,3000,
12:29:01,16.09,200,
12:29:01,16.10,200,
12:29:04,16.11,100,
12:29:04,16.11,200,
12:29:11,16.12,1300,
12:29:11,16.12,100,
12:29:12,16.13,200,
12:29:12,16.13,770,
12:29:12,16.13,700,
12:29:12,16.1201,100,
12:29:26,16.14,700,
12:29:26,16.14,500,
12:29:26,16.14,100,
12:29:26,16.15,312,
12:29:26,16.15,400,
12:29:31,16.14,251,
12:29:31,16.14,200,
12:29:31,16.13,299,
12:29:31,16.13,599,
12:29:32,16.13,300,
12:29:32,16.13,200,
12:29:32,16.13,559,
12:29:36,16.137,100,
12:29:45,16.14,454,
12:29:45,16.1399,200,
12:29:45,16.1399,200,
12:29:45,16.15,1292,
12:29:53,16.14,454,
12:29:53,16.14,800,
12:29:59,16.14,454,
12:29:59,16.15,200,
12:30:08,16.15,200,
12:30:09,16.15,100,
12:30:13,16.15,454,
12:30:15,16.141,5000,
12:30:35,16.14,200,
12:30:45,16.13,200,
12:30:47,16.13,200,
12:30:47,16.14,200,
12:30:47,16.14,200,
12:30:47,16.14,800,
12:30:56,16.15,100,
12:31:10,16.1515,5000,
12:31:21,16.15,300,
12:31:24,16.16,100,
12:31:29,16.15,200,
12:31:29,16.15,200,
12:31:29,16.15,600,
12:31:33,16.1499,100,
12:31:43,16.1586,300,
12:31:44,16.15,200,
12:31:48,16.14,100,
12:31:48,16.14,200,
12:31:52,16.1399,1000,
12:32:01,16.15,200,
12:32:20,16.16,200,
12:32:20,16.16,100,
12:32:21,16.169,1000,
12:32:24,16.16,100,
12:32:24,16.168,1000,
12:32:27,16.17,1000,
12:32:28,16.16,300,
12:32:35,16.16,200,
12:32:35,16.16,1600,
12:32:35,16.16,200,
12:32:36,16.16,200,
12:32:39,16.16,1600,
12:32:39,16.16,515,
12:32:39,16.16,200,
12:32:39,16.17,100,
12:32:39,16.17,200,
12:32:39,16.17,1800,
12:32:39,16.17,200,
12:32:46,16.1683,300,
12:32:50,16.16,200,
12:32:50,16.16,100,
12:33:02,16.1515,5000,
12:33:07,16.153,250,
12:33:23,16.15,200,
12:33:25,16.151,100,
12:33:28,16.1499,1000,
12:33:40,16.1401,5000,
12:33:54,16.14,200,
12:34:10,16.142,1000,
12:34:43,16.14,200,
12:34:57,16.1301,3000,
12:35:05,16.14,100,
12:35:07,16.14,800,
12:35:11,16.14,1600,
12:35:37,16.14,100,
12:35:37,16.14,700,
12:35:38,16.14,500,
12:35:39,16.16,1600,
12:35:39,16.17,200,
12:35:39,16.17,200,
12:35:39,16.17,600,
12:35:39,16.17,200,
12:35:39,16.17,1100,
12:35:40,16.17,200,
12:35:40,16.17,600,
12:35:40,16.17,1600,
12:35:40,16.17,600,
12:35:40,16.17,420,
12:35:41,16.17,200,
12:35:43,16.18,200,
12:35:44,16.17,331,
12:35:47,16.16,200,
12:35:52,16.16,200,
12:35:52,16.16,200,
12:36:00,16.16,200,
12:36:01,16.15,1269,
12:36:01,16.15,200,
12:36:01,16.15,600,
12:36:01,16.14,612,
12:36:01,16.14,200,
12:36:02,16.1401,400,
12:36:07,16.1413,600,
12:36:10,16.14,400,
12:36:12,16.14,200,
12:36:12,16.14,600,
12:36:13,16.14,300,
12:36:18,16.14,200,
12:36:20,16.1397,1000,
12:36:25,16.14,200,
12:36:37,16.14,200,
12:36:45,16.15,550,
12:36:45,16.15,200,
12:36:45,16.15,250,
12:36:45,16.15,200,
12:36:46,16.148,500,
12:37:04,16.1506,200,
12:37:13,16.16,200,
12:37:13,16.16,200,
12:37:17,16.1701,500,
12:37:23,16.17,200,
12:37:34,16.168,700,
12:37:35,16.16,200,
12:37:43,16.16,243,
12:37:43,16.16,200,
12:37:56,16.16,200,
12:37:56,16.16,200,
12:37:56,16.15,200,
12:37:59,16.14,200,
12:37:59,16.14,200,
12:38:02,16.14,200,
12:38:07,16.13,200,
12:38:07,16.13,600,
12:38:07,16.13,100,
12:38:07,16.12,200,
12:38:07,16.11,1000,
12:38:07,16.11,1200,
12:38:07,16.11,200,
12:38:07,16.10,169,
12:38:07,16.10,1200,
12:38:07,16.10,200,
12:38:08,16.10,100,
12:38:08,16.10,1000,
12:38:11,16.11,159,
12:38:12,16.11,200,
12:38:12,16.11,200,
12:38:12,16.12,700,
12:38:12,16.12,800,
12:38:12,16.13,300,
12:38:12,16.13,200,
12:38:12,16.13,300,
12:38:13,16.13,700,
12:38:13,16.12,400,
12:38:13,16.13,300,
12:38:14,16.13,100,
12:38:27,16.13,1028,
12:38:33,16.13,287,
12:38:33,16.13,313,
12:38:33,16.13,200,
12:38:33,16.13,572,
12:38:33,16.13,300,
12:38:35,16.13,200,
12:38:35,16.13,400,
12:38:39,16.127,330,
12:38:51,16.12,100,
12:38:51,16.12,800,
12:38:51,16.12,100,
12:38:57,16.1101,3000,
12:38:57,16.11,200,
12:39:04,16.10,1870,
12:39:08,16.091,400,
12:39:10,16.092,300,
12:39:11,16.10,200,
12:39:22,16.09,200,
12:39:22,16.09,100,
12:39:27,16.0817,350,
12:39:50,16.08,200,
12:39:50,16.08,200,
12:39:58,16.09,200,
12:40:45,16.092,1000,
12:41:21,16.09,200,
12:41:40,16.0917,1000,
12:42:04,16.07,200,
12:42:07,16.08,300,
12:42:19,16.0817,300,
12:42:49,16.093,100,
12:43:26,16.0901,300,
12:43:51,16.10,100,
12:43:51,16.10,200,
12:44:08,16.11,1200,
12:44:10,16.1101,200,
12:44:40,16.11,100,
12:44:42,16.11,100,
12:44:42,16.11,100,
12:44:51,16.13,100,
12:44:51,16.13,200,
12:44:51,16.13,100,
12:44:51,16.13,100,
12:44:53,16.12,300,
12:44:55,16.12,100,
12:44:58,16.1275,2920,
12:45:01,16.13,200,
12:45:01,16.13,100,
12:45:05,16.13,200,
12:45:17,16.119,136,
12:45:28,16.1283,500,
12:45:47,16.13,200,
12:45:50,16.139,1860,
12:45:53,16.13,100,
12:45:53,16.13,200,
12:46:02,16.12,200,
12:46:13,16.13,100,
12:46:27,16.13,200,
12:46:28,16.13,200,
12:46:53,16.12,200,
12:47:46,16.11,300,
12:48:33,16.10,10000,
12:49:18,16.11,100,
12:49:34,16.11,100,
12:50:00,16.12,500,
12:50:00,16.12,200,
12:50:03,16.12,300,
12:50:29,16.12,200,
12:50:39,16.11,200,
12:50:40,16.09,1700,
12:50:41,16.08,300,
12:50:43,16.09,100,
12:50:43,16.09,300,
12:50:53,16.11,200,
12:51:07,16.11,300,
12:51:12,16.1017,1000,
12:51:23,16.11,600,
12:51:23,16.11,400,
12:51:23,16.11,300,
12:51:32,16.1001,133,
12:51:50,16.102,500,
12:51:51,16.11,200,
12:51:51,16.11,1200,
12:51:51,16.11,400,
12:52:01,16.11,200,
12:52:25,16.11,200,
12:52:29,16.11,300,
12:52:45,16.1199,600,
12:53:00,16.117,100,
12:53:09,16.11,300,
12:53:11,16.112,1000,
12:53:27,16.11,400,
12:53:41,16.112,400,
12:53:46,16.11,200,
12:54:12,16.1117,1860,
12:54:25,16.12,200,
12:54:36,16.12,400,
12:54:38,16.12,100,
12:54:44,16.121,1000,
12:55:09,16.1115,4000,
12:55:31,16.12,200,
12:55:31,16.12,200,
12:55:45,16.12,100,
12:56:12,16.118,500,
12:56:18,16.10,200,
12:56:29,16.1001,1435,
12:56:56,16.098,500,
12:57:17,16.11,600,
12:57:46,16.11,200,
12:57:56,16.101,1000,
12:57:57,16.11,200,
12:58:01,16.11,200,
12:58:45,16.11,700,
12:58:49,16.111,1300,
12:58:57,16.11,200,
12:58:58,16.09,1700,
12:58:59,16.10,100,
12:59:00,16.10,300,
12:59:00,16.10,415,
12:59:15,16.10,200,
12:59:20,16.10,200,
12:59:47,16.1017,1400,
13:00:14,16.11,100,
13:00:14,16.11,185,
13:00:14,16.11,200,
13:00:25,16.11,200,
13:00:25,16.111,400,
13:00:27,16.111,300,
13:00:35,16.12,100,
13:00:39,16.1283,1000,
13:00:48,16.1299,200,
13:00:54,16.13,100,
13:00:54,16.13,200,
13:00:58,16.1286,2000,
13:01:05,16.121,2000,
13:01:05,16.121,2000,
13:01:05,16.121,1298,
13:01:09,16.1217,1200,
13:01:09,16.12,100,
13:01:22,16.12,200,
13:01:30,16.123,100,
13:02:03,16.13,100,
13:02:32,16.13,100,
13:03:03,16.13,600,
13:03:08,16.13,400,
13:03:28,16.15,400,
13:03:28,16.15,200,
13:03:28,16.14,100,
13:03:28,16.14,700,
13:03:28,16.14,1600,
13:03:28,16.14,200,
13:03:28,16.15,2400,
13:03:33,16.141,2100,
13:03:48,16.1483,200,
13:03:49,16.15,500,
13:03:49,16.15,300,
13:03:49,16.15,200,
13:03:50,16.15,300,
13:03:53,16.15,100,
13:04:20,16.15,200,
13:04:41,16.15,200,
13:05:10,16.1417,1700,
13:05:18,16.14,200,
13:05:19,16.1399,1100,
13:06:01,16.1499,250,
13:06:08,16.15,600,
13:06:08,16.15,200,
13:06:11,16.15,100,
13:06:19,16.15,100,
13:06:19,16.15,200,
13:06:28,16.14,200,
13:06:38,16.15,200,
13:06:51,16.148,1600,
13:07:17,16.1499,100,
13:07:34,16.149,3000,
13:07:44,16.15,200,
13:07:44,16.15,100,
13:07:44,16.15,200,
13:07:53,16.1501,1000,
13:07:59,16.15,200,
13:08:20,16.1499,1700,
13:08:20,16.15,200,
13:08:20,16.15,1000,
13:08:20,16.15,300,
13:08:20,16.16,2200,
13:08:20,16.15,2900,
13:08:23,16.16,200,
13:08:30,16.16,100,
13:08:30,16.16,100,
13:08:36,16.17,100,
13:08:49,16.169,1500,
13:08:51,16.17,1500,
13:08:53,16.16,200,
13:09:03,16.16,100,
13:09:16,16.15,200,
13:09:31,16.1499,200,
13:10:07,16.142,600,
13:10:16,16.15,100,
13:10:29,16.141,3100,
13:10:29,16.14,100,
13:10:29,16.14,300,
13:10:29,16.14,300,
13:10:30,16.148,110,
13:10:34,16.14,200,
13:10:36,16.13,300,
13:10:42,16.1299,100,
13:10:50,16.13,200,
13:10:54,16.14,100,
13:11:43,16.1486,5100,
13:11:46,16.148,300,
13:12:28,16.148,1000,
13:12:36,16.15,100,
13:12:46,16.16,200,
13:13:00,16.16,100,
13:13:00,16.16,400,
13:13:06,16.16,16500,
13:13:46,16.15,900,
13:13:53,16.14,200,
13:13:53,16.14,200,
13:14:13,16.13,200,
13:14:23,16.14,200,
13:14:38,16.14,200,
13:15:29,16.13,200,
13:15:29,16.12,100,
13:15:34,16.132,1500,
13:15:38,16.14,1000,
13:15:38,16.14,200,
13:16:17,16.13,200,
13:16:32,16.1107,300,
13:16:48,16.12,200,
13:16:48,16.12,200,
13:17:29,16.1101,2000,
13:17:42,16.118,6000,
13:17:43,16.118,700,
13:17:46,16.119,2400,
13:17:55,16.118,1000,
13:18:13,16.111,200,
13:18:18,16.11,100,
13:18:18,16.11,200,
13:18:18,16.11,100,
13:18:18,16.11,200,
13:18:18,16.11,200,
13:18:18,16.11,500,
13:18:18,16.11,100,
13:18:18,16.10,1700,
13:18:32,16.10,200,
13:18:32,16.10,200,
13:18:32,16.10,400,
13:18:36,16.10,200,
13:19:04,16.103,400,
13:19:17,16.1001,3000,
13:19:23,16.1183,400,
13:19:23,16.12,100,
13:19:52,16.11,100,
13:20:05,16.108,2000,
13:20:20,16.10,100,
13:20:20,16.10,300,
13:20:21,16.10,300,
13:20:23,16.10,500,
13:20:23,16.10,100,
13:20:25,16.10,400,
13:20:25,16.09,1000,
13:20:25,16.09,100,
13:20:31,16.0917,1700,
13:20:34,16.09,300,
13:20:34,16.09,200,
13:20:34,16.09,100,
13:20:34,16.09,200,
13:20:34,16.09,200,
13:20:34,16.09,200,
13:20:34,16.09,100,
13:20:38,16.09,100,
13:20:38,16.0901,100,
13:20:39,16.0901,200,
13:20:40,16.0901,200,
13:20:40,16.0901,100,
13:20:40,16.0902,304,
13:20:41,16.0975,3400,
13:20:41,16.10,200,
13:20:42,16.10,200,
13:20:47,16.11,161,
13:20:47,16.11,500,
13:20:47,16.11,300,
13:20:47,16.11,200,
13:20:51,16.11,200,
13:20:54,16.10,200,
13:21:03,16.11,200,
13:21:04,16.11,200,
13:21:08,16.12,200,
13:21:09,16.12,200,
13:21:15,16.12,200,
13:21:26,16.12,200,
13:21:39,16.12,200,
13:22:00,16.13,200,
13:22:17,16.12,200,
13:22:26,16.12,200,
13:22:31,16.13,1600,
13:22:31,16.13,100,
13:22:37,16.13,200,
13:22:42,16.12,200,
13:22:55,16.11,200,
13:22:55,16.11,200,
13:23:26,16.12,300,
13:23:26,16.12,200,
13:23:33,16.11,200,
13:23:41,16.11,200,
13:24:01,16.11,200,
13:24:15,16.12,200,
13:25:24,16.11,200,
13:25:34,16.1083,800,
13:26:01,16.10,200,
13:26:02,16.11,200,
13:26:36,16.12,1000,
13:26:45,16.11,200,
13:26:46,16.111,200,
13:26:47,16.111,200,
13:26:58,16.092,200,
13:27:14,16.10,200,
13:27:14,16.0999,200,
13:27:15,16.11,400,
13:27:15,16.1099,200,
13:27:15,16.1099,1100,
13:27:15,16.1099,100,
13:27:24,16.1056,2800,
13:27:59,16.11,400,
13:27:59,16.11,800,
13:27:59,16.11,400,
13:27:59,16.11,200,
13:28:05,16.11,400,
13:28:05,16.11,200,
13:28:05,16.10,100,
13:28:05,16.10,400,
13:28:08,16.09,601,
13:28:24,16.0817,1700,
13:28:49,16.09,200,
13:29:12,16.09,200,
13:29:16,16.0901,2400,
13:29:18,16.10,200,
13:30:14,16.07,200,
13:30:14,16.07,100,
13:30:20,16.07,600,
13:30:29,16.062,1500,
13:30:35,16.06,8000,
13:30:44,16.06,400,
13:30:44,16.06,100,
13:31:00,16.05,1800,
13:31:03,16.06,400,
13:31:03,16.06,300,
13:31:03,16.07,100,
13:31:03,16.07,200,
13:31:03,16.07,300,
13:31:05,16.07,200,
13:31:05,16.05,2500,
13:31:12,16.07,200,
13:31:42,16.0617,300,
13:31:44,16.07,200,
13:32:32,16.06,200,
13:32:32,16.06,100,
13:32:32,16.06,100,
13:32:32,16.06,300,
13:32:32,16.06,400,
13:32:32,16.06,400,
13:32:32,16.06,200,
13:32:32,16.06,300,
13:32:33,16.0683,1800,
13:32:41,16.06,300,
13:32:53,16.04,100,
13:32:53,16.04,100,
13:32:53,16.04,120,
13:33:05,16.05,300,
13:33:05,16.05,200,
13:33:05,16.05,200,
13:33:06,16.04,200,
13:33:21,16.05,200,
13:33:21,16.05,200,
13:33:22,16.06,200,
13:33:23,16.06,200,
13:33:29,16.06,100,
13:34:07,16.0517,1800,
13:34:14,16.06,300,
13:34:17,16.0617,400,
13:34:32,16.069,1500,
13:34:40,16.0699,5000,
13:34:40,16.068,1000,
13:35:50,16.07,1700,
13:36:20,16.0699,900,
13:36:41,16.0701,2000,
13:37:00,16.07,200,
13:37:10,16.07,200,
13:37:56,16.07,200,
13:37:56,16.07,200,
13:38:22,16.07,200,
13:38:29,16.0883,1700,
13:39:57,16.08,200,
13:40:13,16.0799,100,
13:40:20,16.08,200,
13:40:20,16.08,500,
13:40:20,16.08,200,
13:40:45,16.08,600,
13:40:48,16.089,100,
13:40:54,16.09,800,
13:40:55,16.09,200,
13:40:55,16.09,800,
13:41:47,16.0817,334,
13:43:35,16.09,200,
13:43:35,16.09,219,
13:44:18,16.1004,500,
13:44:30,16.10,200,
13:44:30,16.09,200,
13:44:44,16.09,100,
13:44:45,16.09,100,
13:44:48,16.09,300,
13:44:49,16.10,574,
13:45:00,16.0999,500,
13:45:11,16.09,200,
13:45:15,16.09,100,
13:45:54,16.08,200,
13:45:58,16.0701,100,
13:46:02,16.0701,4000,
13:46:17,16.07,400,
13:46:17,16.07,100,
13:46:21,16.063,300,
13:47:01,16.0667,500,
13:47:12,16.068,400,
13:47:21,16.07,200,
13:47:24,16.0699,5000,
13:48:09,16.07,200,
13:48:26,16.0799,100,
13:48:37,16.082,1000,
13:48:46,16.08,200,
13:49:31,16.09,200,
13:49:42,16.10,200,
13:49:43,16.10,200,
13:49:48,16.10,1600,
13:49:58,16.102,600,
13:50:05,16.10,100,
13:50:05,16.10,200,
13:50:32,16.10,200,
13:50:32,16.10,200,
13:50:45,16.10,300,
13:50:45,16.10,200,
13:50:47,16.10,100,
13:51:00,16.10,200,
13:51:04,16.105,100,
13:51:06,16.1025,1300,
13:51:39,16.105,100,
13:51:44,16.10,100,
13:52:02,16.09,200,
13:53:32,16.08,300,
13:53:45,16.08,300,
13:54:11,16.08,200,
13:55:06,16.08,200,
13:55:10,16.08,200,
13:55:24,16.09,200,
13:55:33,16.0999,2000,
13:56:01,16.10,3225,
13:56:15,16.09,100,
13:57:03,16.08,100,
13:57:48,16.0817,1000,
13:58:21,16.089,1200,
13:58:23,16.09,1200,
13:59:28,16.08,200,
13:59:46,16.07,100,
13:59:46,16.07,100,
14:00:03,16.079,2872,
14:00:19,16.07,100,
14:00:27,16.06,300,
14:00:41,16.06,300,
14:00:44,16.06,200,
14:00:50,16.06,200,
14:00:50,16.06,600,
14:00:50,16.06,200,
14:00:53,16.06,200,
14:01:00,16.06,100,
14:01:00,16.05,200,
14:01:20,16.0501,500,
14:01:21,16.06,100,
14:01:29,16.06,200,
14:01:35,16.0501,500,
14:01:36,16.06,100,
14:01:37,16.06,200,
14:01:37,16.06,100,
14:01:59,16.06,239,
14:02:04,16.058,1800,
14:02:16,16.06,100,
14:02:23,16.07,139,
14:02:29,16.078,1000,
14:02:32,16.0685,3700,
14:02:51,16.07,150,
14:02:59,16.0699,5000,
14:04:06,16.0601,100,
14:04:06,16.0601,100,
14:04:07,16.06,100,
14:04:07,16.05,300,
14:04:07,16.05,400,
14:04:07,16.05,400,
14:04:08,16.05,160,
14:04:08,16.05,100,
14:04:08,16.05,100,
14:04:10,16.05,100,
14:04:11,16.05,100,
14:04:12,16.05,2900,
14:04:30,16.04,1150,
14:04:38,16.0401,450,
14:04:38,16.0499,600,
14:04:42,16.05,200,
14:04:50,16.04,100,
14:04:50,16.04,300,
14:04:59,16.04,1400,
14:05:02,16.04,200,
14:05:04,16.04,1300,
14:05:06,16.04,6000,
14:05:06,16.04,1800,
14:05:06,16.04,1800,
14:05:06,16.04,1600,
14:05:06,16.04,1576,
14:05:06,16.04,3000,
14:05:09,16.04,200,
14:05:10,16.041,200,
14:05:11,16.041,100,
14:05:11,16.041,200,
14:05:17,16.04,100,
14:05:19,16.04,2799,
14:05:38,16.0299,400,
14:05:56,16.0275,2000,
14:06:28,16.03,200,
14:06:29,16.03,100,
14:06:52,16.03,100,
14:06:53,16.0201,8000,
14:07:18,16.0201,176,
14:07:20,16.03,200,
14:08:08,16.01,3000,
14:08:24,16.02,200,
14:08:24,16.02,200,
14:08:54,16.0299,300,
14:09:13,16.03,100,
14:09:36,16.0279,200,
14:09:47,16.025,100,
14:09:58,16.0285,5000,
14:10:20,16.021,500,
14:10:30,16.0201,500,
14:10:47,16.02,200,
14:10:59,16.01,400,
14:10:59,16,3181,
14:10:59,16,100,
14:10:59,16.001,1500,
14:10:59,16,2950,
14:10:59,16,3400,
14:11:01,16.001,550,
14:11:03,16.0001,158,
14:11:07,16.01,2500,
14:11:14,16.001,3000,
14:11:23,15.995,100,
14:11:25,16,200,
14:11:27,16,100,
14:11:27,16,200,
14:11:27,16,800,
14:11:28,15.99,200,
14:11:46,16,200,
14:11:46,16,200,
14:12:02,16.002,400,
14:12:04,16,200,
14:12:31,15.99,200,
14:12:31,15.99,500,
14:12:44,15.9817,498,
14:13:02,15.9845,1000,
14:13:08,15.9875,2000,
14:13:29,15.99,500,
14:13:29,15.99,200,
14:13:29,15.99,200,
14:13:49,16.0001,400,
14:14:14,16.01,200,
14:14:29,16.01,100,
14:14:36,16.02,500,
14:14:36,16.02,200,
14:14:37,16.02,100,
14:14:38,16.01,200,
14:14:42,16.0199,500,
14:15:35,16.01,100,
14:15:47,16.0007,400,
14:15:57,16,200,
14:15:58,15.99,200,
14:16:33,16,200,
14:17:08,16,200,
14:17:41,16.0001,100,
14:18:27,15.99,100,
14:18:29,15.99,300,
14:18:59,15.98,400,
14:18:59,15.98,100,
14:18:59,15.97,500,
14:19:03,15.951,2000,
14:19:03,15.96,300,
14:19:08,15.96,100,
14:19:12,15.96,100,
14:19:27,15.95,1000,
14:19:30,15.942,100,
14:19:31,15.95,200,
14:19:35,15.9425,2000,
14:19:41,15.94,100,
14:19:47,15.93,1700,
14:19:56,15.93,200,
14:19:56,15.93,600,
14:19:58,15.93,200,
14:20:00,15.92,100,
14:20:06,15.921,100,
14:20:06,15.9262,100,
14:20:09,15.93,100,
14:20:09,15.93,100,
14:20:12,15.94,200,
14:20:23,15.94,200,
14:20:31,15.94,200,
14:20:39,15.95,200,
14:20:39,15.9467,2130,
14:20:40,15.9487,1200,
14:20:42,15.952,200,
14:20:44,15.949,200,
14:20:44,15.949,200,
14:20:47,15.95,200,
14:20:51,15.95,200,
14:20:52,15.95,100,
14:20:52,15.94,1100,
14:20:52,15.94,300,
14:20:52,15.94,200,
14:20:53,15.95,300,
14:21:08,15.932,1000,
14:21:25,15.935,100,
14:21:42,15.94,200,
14:21:46,15.94,300,
14:21:46,15.94,200,
14:21:48,15.94,200,
14:21:48,15.938,100,
14:21:50,15.938,200,
14:21:55,15.95,200,
14:22:01,15.94,200,
14:22:01,15.94,300,
14:22:03,15.938,1000,
14:22:07,15.94,200,
14:22:09,15.94,200,
14:22:13,15.94,200,
14:22:21,15.94,200,
14:22:21,15.9399,200,
14:22:26,15.94,200,
14:22:26,15.94,300,
14:22:27,15.941,100,
14:22:27,15.941,100,
14:22:28,15.941,200,
14:22:29,15.941,300,
14:22:35,15.94,200,
14:23:04,15.941,2100,
14:23:05,15.94,300,
14:23:07,15.94,200,
14:23:11,15.9489,2000,
14:23:37,15.948,600,
14:23:45,15.95,1800,
14:23:52,15.9417,100,
14:23:57,15.949,300,
14:24:09,15.95,19000,
14:24:18,15.9483,200,
14:24:20,15.94,600,
14:25:11,15.95,600,
14:25:12,15.95,300,
14:25:24,15.9499,1000,
14:25:40,15.949,200,
14:25:50,15.949,200,
14:25:56,15.95,200,
14:26:10,15.949,100,
14:26:11,15.95,400,
14:26:11,15.95,300,
14:26:16,15.9474,1000,
14:26:19,15.9499,3100,
14:26:57,15.9415,2000,
14:27:03,15.9401,400,
14:27:10,15.94,400,
14:27:14,15.9487,200,
14:27:18,15.95,1344,
14:27:18,15.95,2673,
14:27:31,15.95,100,
14:27:31,15.95,200,
14:28:17,15.95,100,
14:28:38,15.93,300,
14:28:40,15.93,200,
14:29:08,15.93,1400,
14:29:08,15.93,100,
14:29:08,15.93,1100,
14:29:08,15.92,400,
14:29:08,15.92,200,
14:29:08,15.92,100,
14:29:08,15.92,300,
14:29:09,15.93,400,
14:29:13,15.93,400,
14:29:30,15.922,1000,
14:29:32,15.93,200,
14:29:32,15.93,1000,
14:29:32,15.93,200,
14:29:32,15.93,500,
14:29:34,15.94,200,
14:29:37,15.939,1200,
14:29:39,15.939,300,
14:29:39,15.939,200,
14:29:45,15.94,200,
14:30:16,15.94,200,
14:30:22,15.93,600,
14:30:22,15.93,200,
14:30:36,15.92,100,
14:30:36,15.92,300,
14:31:12,15.9283,1000,
14:31:43,15.92,100,
14:31:43,15.92,184,
14:31:44,15.91,200,
14:31:44,15.91,1000,
14:31:44,15.91,500,
14:31:44,15.90,1700,
14:31:44,15.9001,5000,
14:31:44,15.9001,1500,
14:31:45,15.90,600,
14:31:46,15.901,600,
14:31:51,15.91,200,
14:32:12,15.9199,1700,
14:32:17,15.92,3000,
14:32:29,15.92,200,
14:32:38,15.92,100,
14:32:44,15.92,200,
14:32:44,15.92,100,
14:33:00,15.9285,2000,
14:33:04,15.92,600,
14:33:04,15.92,200,
14:33:04,15.92,200,
14:33:04,15.92,200,
14:33:04,15.92,100,
14:33:14,15.91,200,
14:33:14,15.91,200,
14:33:38,15.91,300,
14:33:48,15.92,300,
14:33:48,15.92,100,
14:33:48,15.92,300,
14:33:52,15.92,200,
14:33:58,15.9299,3500,
14:34:06,15.92,100,
14:34:13,15.919,3300,
14:34:17,15.92,100,
14:34:17,15.92,200,
14:34:25,15.92,700,
14:34:25,15.92,200,
14:34:54,15.91,100,
14:35:00,15.9175,4000,
14:35:06,15.919,1700,
14:35:13,15.919,3000,
14:35:14,15.92,400,
14:35:15,15.919,200,
14:35:20,15.93,200,
14:35:21,15.929,1700,
14:35:23,15.93,200,
14:35:23,15.935,400,
14:35:23,15.939,1200,
14:35:25,15.935,500,
14:35:36,15.95,200,
14:35:37,15.95,1600,
14:35:37,15.95,1200,
14:35:37,15.95,200,
14:35:39,15.94,2500,
14:35:40,15.949,5000,
14:35:42,15.94,200,
14:35:42,15.94,600,
14:35:53,15.939,1000,
14:36:02,15.94,300,
14:36:02,15.94,2500,
14:36:02,15.94,100,
14:36:02,15.94,200,
14:36:03,15.94,900,
14:36:04,15.94,600,
14:36:04,15.94,100,
14:36:04,15.94,200,
14:36:07,15.938,1000,
14:36:11,15.93,100,
14:36:12,15.93,800,
14:36:12,15.93,100,
14:36:15,15.9299,1000,
14:36:39,15.9299,200,
14:36:41,15.9299,500,
14:36:45,15.929,400,
14:36:56,15.93,200,
14:37:01,15.943,200,
14:37:02,15.94,100,
14:37:05,15.94,600,
14:37:05,15.94,200,
14:37:05,15.95,3000,
14:37:05,15.95,6000,
14:37:05,15.95,8000,
14:37:05,15.95,6000,
14:37:05,15.95,500,
14:37:05,15.95,300,
14:37:05,15.95,200,
14:37:05,15.96,300,
14:37:05,15.96,600,
14:37:05,15.96,300,
14:37:05,15.95,400,
14:37:05,15.95,200,
14:37:06,15.938,400,
14:37:06,15.9385,6500,
14:37:06,15.938,300,
14:37:09,15.9599,200,
14:37:10,15.96,100,
14:37:10,15.96,100,
14:37:12,15.96,200,
14:37:12,15.96,1200,
14:37:18,15.95,200,
14:38:02,15.94,200,
14:38:03,15.94,3000,
14:38:03,15.94,100,
14:38:03,15.94,1200,
14:38:03,15.94,1600,
14:38:03,15.94,200,
14:38:03,15.94,1200,
14:38:03,15.94,300,
14:38:03,15.94,200,
14:38:03,15.95,59159,
14:38:07,15.94,800,
14:38:21,15.93,100,
14:38:21,15.93,200,
14:38:54,15.9301,3500,
14:38:59,15.9201,3500,
14:39:03,15.92,800,
14:39:35,15.93,200,
14:39:35,15.9299,100,
14:39:35,15.9299,100,
14:40:19,15.925,100,
14:40:19,15.925,100,
14:40:19,15.925,100,
14:40:32,15.921,3500,
14:41:38,15.93,200,
14:41:47,15.9375,2000,
14:41:58,15.93,200,
14:41:58,15.94,17900,
14:41:58,15.94,900,
14:41:58,15.939,2000,
14:41:59,15.94,9900,
14:42:00,15.938,100,
14:42:00,15.938,300,
14:42:00,15.938,100,
14:42:00,15.938,300,
14:42:04,15.94,300,
14:42:04,15.94,100,
14:42:05,15.93,567,
14:42:05,15.93,300,
14:42:05,15.93,200,
14:42:05,15.93,400,
14:42:05,15.93,100,
14:42:06,15.93,1500,
14:42:06,15.93,200,
14:42:06,15.93,200,
14:42:06,15.93,200,
14:42:06,15.93,900,
14:42:06,15.93,4933,
14:42:09,15.93,200,
14:42:12,15.9399,217,
14:42:59,15.938,1432,
14:43:05,15.94,200,
14:43:05,15.95,200,
14:43:25,15.94,600,
14:43:26,15.945,100,
14:43:46,15.9499,4000,
14:43:57,15.949,1600,
14:44:20,15.94,400,
14:44:20,15.94,1400,
14:44:20,15.94,3000,
14:44:20,15.94,900,
14:44:46,15.93,200,
14:44:46,15.93,400,
14:44:52,15.9299,500,
14:45:11,15.93,6277,
14:45:19,15.92,200,
14:45:23,15.92,200,
14:45:42,15.93,200,
14:45:46,15.929,1400,
14:45:51,15.92,200,
14:46:10,15.92,200,
14:46:23,15.92,200,
14:46:24,15.92,200,
14:46:24,15.92,500,
14:46:42,15.928,500,
14:46:48,15.92,100,
14:46:56,15.92,200,
14:46:56,15.91,400,
14:46:57,15.9101,100,
14:46:57,15.91,100,
14:47:19,15.919,100,
14:47:31,15.9162,490,
14:47:41,15.9138,1300,
14:47:53,15.92,475,
14:48:03,15.91,400,
14:48:11,15.92,400,
14:48:11,15.92,100,
14:48:23,15.919,1100,
14:48:49,15.91,1200,
14:48:49,15.91,200,
14:48:51,15.91,200,
14:49:44,15.9129,500,
14:50:13,15.9183,1000,
14:50:19,15.919,100,
14:50:32,15.919,1000,
14:50:44,15.91,200,
14:50:54,15.91,320,
14:50:54,15.91,120,
14:50:54,15.90,300,
14:50:58,15.90,200,
14:50:58,15.90,400,
14:51:13,15.91,200,
14:51:57,15.90,140,
14:52:15,15.901,400,
14:52:17,15.9099,3000,
14:52:22,15.90,500,
14:52:32,15.891,2500,
14:52:36,15.90,200,
14:52:36,15.895,100,
14:52:36,15.90,100,
14:52:36,15.90,100,
14:52:36,15.90,100,
14:52:36,15.90,100,
14:52:36,15.90,100,
14:52:38,15.90,100,
14:52:38,15.8989,10000,
14:52:40,15.89,100,
14:52:42,15.89,700,
14:52:42,15.89,100,
14:53:03,15.91,400,
14:53:03,15.91,200,
14:53:03,15.91,800,
14:53:03,15.91,1300,
14:53:05,15.92,100,
14:53:05,15.92,200,
14:53:05,15.92,200,
14:53:05,15.92,140,
14:53:13,15.92,200,
14:53:33,15.9197,500,
14:53:37,15.9161,100,
14:53:38,15.92,600,
14:53:38,15.92,200,
14:53:43,15.9269,500,
14:53:43,15.93,200,
14:53:43,15.9277,400,
14:53:43,15.93,400,
14:53:44,15.928,900,
14:53:44,15.928,1200,
14:54:00,15.93,100,
14:54:02,15.92,700,
14:54:02,15.92,100,
14:54:15,15.923,100,
14:54:22,15.929,400,
14:54:23,15.929,1000,
14:54:24,15.929,700,
14:54:39,15.93,200,
14:54:42,15.929,2000,
14:54:57,15.93,800,
14:55:04,15.94,200,
14:55:36,15.94,200,
14:55:36,15.945,400,
14:55:36,15.95,198,
14:55:38,15.95,302,
14:55:39,15.95,200,
14:55:39,15.94,300,
14:55:39,15.94,200,
14:55:40,15.945,100,
14:55:40,15.945,100,
14:55:40,15.945,100,
14:55:40,15.945,100,
14:55:57,15.95,200,
14:55:57,15.95,400,
14:56:01,15.96,100,
14:56:04,15.96,2400,
14:56:07,15.97,200,
14:56:07,15.97,198,
14:56:07,15.97,1100,
14:56:08,15.97,200,
14:56:09,15.961,3000,
14:56:13,15.96,624,
14:56:13,15.96,200,
14:56:13,15.96,800,
14:56:14,15.96,1000,
14:56:14,15.95,100,
14:56:35,15.9417,300,
14:56:35,15.95,138,
14:56:40,15.95,200,
14:56:42,15.9525,4000,
14:56:45,15.96,100,
14:56:50,15.9685,4700,
14:56:56,15.96,1400,
14:56:56,15.96,200,
14:56:57,15.97,100,
14:56:57,15.97,1100,
14:56:59,15.959,1400,
14:57:17,15.98,100,
14:57:18,15.98,800,
14:57:29,15.9795,1000,
14:57:30,15.99,4900,
14:57:34,15.9801,1000,
14:57:36,15.988,1400,
14:57:38,15.9885,2000,
14:57:38,15.98,200,
14:57:39,15.98,100,
14:57:39,15.98,100,
14:57:39,15.98,100,
14:57:42,15.9783,1700,
14:57:48,15.979,300,
14:57:49,15.979,200,
14:57:54,15.979,5000,
14:58:01,15.98,800,
14:58:04,15.97,200,
14:58:05,15.96,100,
14:58:05,15.96,478,
14:58:05,15.96,100,
14:58:33,15.9517,1700,
14:58:56,15.96,300,
14:58:58,15.97,1100,
14:58:58,15.97,100,
14:58:58,15.97,800,
14:58:59,15.97,800,
14:58:59,15.97,200,
14:58:59,15.969,800,
14:59:00,15.969,100,
14:59:00,15.969,100,
14:59:00,15.969,1300,
14:59:00,15.969,300,
14:59:00,15.969,100,
14:59:22,15.9674,800,
14:59:35,15.968,500,
14:59:49,15.96,300,
14:59:59,15.96,1000,
14:59:59,15.96,300,
15:00:25,16,29600,
15:00:34,15.9999,250,
15:00:35,15.99,300,
15:00:55,15.981,5000,
15:01:00,15.99,1500,
15:01:00,15.99,300,
15:01:01,15.989,300,
15:01:01,15.989,1500,
15:01:02,15.989,200,
15:01:18,15.994,1200,
15:01:20,16,600,
15:01:20,15.9999,7000,
15:01:21,16,100,
15:01:21,16.0099,1700,
15:01:30,16.001,5000,
15:01:39,16.001,850,
15:01:54,16,100,
15:01:54,16,300,
15:01:54,15.99,500,
15:01:56,16,100,
15:02:01,16.001,5000,
15:02:04,16,300,
15:02:08,15.99,300,
15:02:12,15.99,1000,
15:02:13,15.99,900,
15:02:13,15.99,200,
15:02:16,15.99,400,
15:02:16,15.99,300,
15:02:16,15.99,100,
15:02:19,15.981,5000,
15:02:36,15.992,1432,
15:02:47,16,1600,
15:02:49,16.01,100,
15:02:52,16.0025,200,
15:02:52,16,200,
15:03:04,16,400,
15:03:04,16,300,
15:03:06,15.9999,1000,
15:03:06,16,100,
15:03:07,16,400,
15:03:09,16,200,
15:03:09,16,100,
15:03:16,16,400,
15:03:18,16,300,
15:03:24,16.01,600,
15:03:24,16.01,1600,
15:03:24,16.01,400,
15:03:38,16.01,300,
15:03:48,16,300,
15:04:21,16.001,3500,
15:04:25,16.01,300,
15:04:25,16.0083,600,
15:04:52,16,200,
15:05:01,16,300,
15:05:22,15.99,300,
15:05:31,15.98,1200,
15:05:38,15.98,300,
15:05:42,15.981,1500,
15:05:51,15.98,178,
15:05:51,15.98,100,
15:05:53,15.98,13416,
15:06:00,15.97,300,
15:06:11,15.97,300,
15:06:11,15.97,800,
15:06:11,15.97,2769,
15:06:11,15.97,300,
15:06:15,15.98,8000,
15:06:19,15.982,550,
15:06:24,15.98,100,
15:06:32,15.9601,400,
15:06:43,15.962,400,
15:07:05,15.96,100,
15:07:11,15.96,300,
15:07:11,15.96,300,
15:07:11,15.96,100,
15:07:11,15.96,700,
15:07:12,15.96,200,
15:07:12,15.96,100,
15:07:14,15.962,800,
15:07:25,15.97,330,
15:07:42,15.97,300,
15:07:57,15.9575,300,
15:08:01,15.95,200,
15:08:02,15.95,200,
15:08:05,15.95,300,
15:08:13,15.957,470,
15:08:15,15.9599,3000,
15:09:23,15.96,300,
15:09:45,15.95,100,
15:09:53,15.95,700,
15:09:54,15.95,300,
15:10:06,15.95,200,
15:10:06,15.95,1100,
15:10:26,15.94,200,
15:10:30,15.92,200,
15:10:37,15.9213,700,
15:10:43,15.93,300,
15:10:43,15.93,300,
15:10:43,15.93,2500,
15:10:52,15.94,300,
15:10:52,15.94,800,
15:10:52,15.93,100,
15:10:57,15.94,300,
15:11:05,15.94,200,
15:11:05,15.94,400,
15:11:21,15.93,200,
15:11:22,15.938,1500,
15:11:28,15.93,100,
15:11:37,15.93,400,
15:11:39,15.935,100,
15:12:09,15.93,100,
15:12:39,15.91,1000,
15:12:48,15.91,200,
15:13:00,15.90,300,
15:13:03,15.90,100,
15:13:11,15.89,100,
15:13:13,15.89,1800,
15:13:14,15.89,300,
15:13:26,15.892,225,
15:13:30,15.90,100,
15:13:34,15.89,300,
15:13:39,15.88,500,
15:13:40,15.88,200,
15:13:41,15.882,500,
15:13:41,15.882,300,
15:13:44,15.88,100,
15:13:45,15.88,700,
15:13:45,15.88,200,
15:13:45,15.88,200,
15:13:50,15.88,200,
15:13:52,15.88,100,
15:13:52,15.88,300,
15:13:56,15.8713,1800,
15:14:00,15.89,300,
15:14:03,15.8919,1200,
15:14:23,15.88,2500,
15:14:28,15.88,300,
15:14:28,15.87,100,
15:14:35,15.8783,900,
15:14:37,15.86,5800,
15:14:39,15.87,100,
15:14:39,15.87,200,
15:14:39,15.87,1000,
15:14:39,15.87,100,
15:14:39,15.88,5800,
15:15:03,15.87,300,
15:15:09,15.86,100,
15:15:09,15.86,100,
15:15:09,15.85,1860,
15:15:10,15.8501,4000,
15:15:10,15.85,700,
15:15:10,15.855,100,
15:15:10,15.855,100,
15:15:10,15.85,100,
15:15:10,15.85,100,
15:15:10,15.85,100,
15:15:10,15.85,1000,
15:15:11,15.855,100,
15:15:11,15.855,100,
15:15:11,15.85,7100,
15:15:11,15.85,100,
15:15:11,15.85,100,
15:15:11,15.85,100,
15:15:11,15.85,100,
15:15:11,15.86,100,
15:15:11,15.855,100,
15:15:11,15.85,100,
15:15:11,15.85,100,
15:15:11,15.85,100,
15:15:13,15.85,100,
15:15:13,15.85,100,
15:15:17,15.8501,3750,
15:15:23,15.86,400,
15:15:25,15.86,200,
15:15:42,15.85,800,
15:15:46,15.857,100,
15:15:55,15.85,1300,
15:16:16,15.853,200,
15:16:18,15.85,1100,
15:16:24,15.85,100,
15:16:48,15.84,100,
15:16:48,15.84,100,
15:16:54,15.83,1000,
15:16:55,15.82,5000,
15:17:01,15.83,200,
15:17:07,15.83,200,
15:17:13,15.84,100,
15:17:13,15.83,200,
15:17:14,15.822,600,
15:17:17,15.82,400,
15:17:23,15.8317,100,
15:17:33,15.83,600,
15:17:33,15.83,200,
15:17:37,15.83,2500,
15:17:37,15.83,200,
15:17:37,15.83,700,
15:17:38,15.8399,3700,
15:17:38,15.83,100,
15:17:38,15.83,100,
15:17:39,15.83,600,
15:17:40,15.83,200,
15:17:42,15.82,100,
15:17:42,15.82,200,
15:17:43,15.83,200,
15:17:44,15.83,200,
15:17:50,15.8299,500,
15:17:51,15.8201,251,
15:17:51,15.82,151,
15:17:53,15.82,300,
15:17:57,15.82,15000,
15:17:59,15.8117,150,
15:18:00,15.82,200,
15:18:01,15.82,300,
15:18:01,15.82,100,
15:18:07,15.8162,450,
15:18:13,15.82,600,
15:18:13,15.82,700,
15:18:13,15.82,700,
15:18:13,15.82,800,
15:18:15,15.8359,500,
15:18:15,15.84,200,
15:18:16,15.84,800,
15:18:16,15.84,300,
15:18:21,15.8345,1000,
15:18:27,15.84,200,
15:18:38,15.85,500,
15:18:38,15.85,200,
15:18:38,15.86,200,
15:18:38,15.842,900,
15:18:39,15.85,200,
15:18:39,15.85,100,
15:18:54,15.85,200,
15:18:54,15.85,300,
15:18:59,15.8499,5000,
15:19:07,15.84,100,
15:19:16,15.84,100,
15:19:16,15.84,200,
15:19:19,15.84,464,
15:19:19,15.84,200,
15:19:19,15.84,100,
15:19:27,15.83,200,
15:19:35,15.8199,600,
15:19:35,15.82,200,
15:19:42,15.83,200,
15:19:43,15.83,100,
15:19:50,15.839,1700,
15:19:50,15.839,2000,
15:19:51,15.839,200,
15:19:59,15.832,200,
15:20:02,15.83,200,
15:20:02,15.838,291,
15:20:10,15.82,200,
15:20:18,15.82,100,
15:20:37,15.81,200,
15:20:37,15.81,300,
15:20:37,15.80,500,
15:20:37,15.81,600,
15:20:37,15.81,1200,
15:20:37,15.81,200,
15:20:39,15.81,2800,
15:20:44,15.801,333,
15:20:45,15.80,700,
15:20:47,15.80,867,
15:20:48,15.80,627,
15:20:50,15.802,133,
15:20:55,15.81,200,
15:20:55,15.81,100,
15:21:00,15.804,1000,
15:21:02,15.809,1700,
15:21:12,15.809,5000,
15:21:12,15.81,100,
15:21:12,15.81,1100,
15:21:14,15.8165,100,
15:21:16,15.82,200,
15:21:17,15.828,1000,
15:21:17,15.828,900,
15:21:21,15.8101,300,
15:21:27,15.83,300,
15:21:27,15.83,200,
15:21:27,15.83,500,
15:21:38,15.83,100,
15:22:02,15.84,600,
15:22:02,15.84,200,
15:22:06,15.84,1800,
15:22:10,15.83,200,
15:22:17,15.83,200,
15:22:25,15.84,200,
15:22:30,15.842,600,
15:22:44,15.85,100,
15:22:45,15.85,100,
15:22:45,15.85,100,
15:22:45,15.85,900,
15:22:45,15.85,200,
15:22:48,15.849,200,
15:22:51,15.85,100,
15:22:51,15.85,500,
15:22:53,15.858,1000,
15:22:54,15.83,300,
15:22:58,15.84,500,
15:23:03,15.84,300,
15:23:03,15.84,170,
15:23:09,15.83,200,
15:23:16,15.84,1400,
15:23:16,15.84,2500,
15:23:28,15.85,200,
15:23:45,15.8499,100,
15:23:49,15.85,200,
15:23:49,15.85,700,
15:23:49,15.85,300,
15:23:52,15.8599,100,
15:23:56,15.85,100,
15:24:03,15.85,200,
15:24:17,15.85,800,
15:24:17,15.85,170,
15:24:22,15.85,200,
15:24:34,15.84,200,
15:24:50,15.85,200,
15:24:51,15.85,200,
15:25:01,15.86,1100,
15:25:02,15.855,100,
15:25:03,15.849,200,
15:25:07,15.85,200,
15:25:30,15.8502,100,
15:25:32,15.85,100,
15:25:41,15.84,200,
15:25:45,15.84,200,
15:26:06,15.84,200,
15:26:17,15.85,100,
15:26:22,15.8501,1000,
15:26:32,15.86,3400,
15:26:43,15.86,3400,
15:26:56,15.868,500,
15:27:05,15.86,200,
15:27:17,15.85,200,
15:27:24,15.84,100,
15:27:24,15.84,800,
15:27:24,15.84,200,
15:27:36,15.84,200,
15:27:39,15.83,200,
15:27:42,15.84,100,
15:27:42,15.84,500,
15:27:42,15.84,200,
15:27:42,15.85,896,
15:27:43,15.84,200,
15:27:43,15.84,492,
15:27:57,15.8393,200,
15:28:08,15.8399,250,
15:28:16,15.8401,5000,
15:28:29,15.8417,500,
15:28:44,15.852,1000,
15:28:59,15.85,200,
15:29:06,15.84,200,
15:29:06,15.84,200,
15:29:07,15.841,5000,
15:29:13,15.841,2400,
15:29:15,15.841,2600,
15:29:21,15.841,700,
15:29:29,15.831,5000,
15:29:39,15.83,200,
15:29:42,15.83,200,
15:29:47,15.83,400,
15:29:47,15.83,400,
15:29:48,15.83,600,
15:29:49,15.831,5000,
15:29:53,15.83,500,
15:29:53,15.83,200,
15:30:11,15.837,350,
15:30:22,15.84,200,
15:30:33,15.84,200,
15:30:35,15.84,200,
15:30:37,15.848,1480,
15:30:38,15.84,100,
15:30:45,15.8301,6600,
15:31:02,15.84,200,
15:31:03,15.833,214,
15:31:07,15.8399,100,
15:31:17,15.83,300,
15:31:38,15.8213,500,
15:31:41,15.83,100,
15:31:45,15.82,200,
15:31:50,15.81,100,
15:31:59,15.82,200,
15:32:03,15.827,200,
15:32:27,15.83,200,
15:32:27,15.8399,220,
15:32:46,15.848,1500,
15:32:46,15.86,100,
15:32:46,15.86,100,
15:32:47,15.87,310,
15:32:47,15.87,100,
15:32:48,15.852,590,
15:32:50,15.85,200,
15:32:50,15.852,100,
15:32:51,15.85,200,
15:32:54,15.86,200,
15:33:05,15.85,200,
15:33:07,15.84,200,
15:33:13,15.84,200,
15:33:33,15.85,200,
15:33:37,15.84,200,
15:33:42,15.84,200,
15:34:14,15.835,100,
15:34:14,15.83,200,
15:34:31,15.84,500,
15:34:31,15.84,200,
15:34:31,15.85,1800,
15:34:31,15.8375,200,
15:34:31,15.838,200,
15:34:31,15.8372,200,
15:35:08,15.83,200,
15:35:10,15.84,200,
15:35:14,15.84,100,
15:35:19,15.84,100,
15:35:23,15.84,800,
15:35:23,15.83,100,
15:35:23,15.83,800,
15:35:23,15.83,100,
15:35:23,15.83,200,
15:35:35,15.84,100,
15:35:43,15.835,100,
15:35:50,15.837,200,
15:36:09,15.83,200,
15:36:17,15.821,300,
15:36:28,15.83,100,
15:36:30,15.83,200,
15:36:30,15.83,1600,
15:36:43,15.82,200,
15:36:56,15.8199,570,
15:36:57,15.811,100,
15:37:03,15.82,200,
15:37:07,15.82,5355,
15:38:02,15.82,200,
15:38:26,15.81,100,
15:38:28,15.801,723,
15:38:28,15.80,723,
15:38:29,15.808,1000,
15:38:47,15.80,100,
15:38:47,15.80,600,
15:38:47,15.799,100,
15:38:47,15.80,200,
15:38:49,15.79,100,
15:38:50,15.8175,2000,
15:39:32,15.81,100,
15:39:33,15.81,300,
15:39:33,15.81,200,
15:39:36,15.82,100,
15:39:47,15.818,650,
15:39:55,15.8199,100,
15:40:10,15.81,100,
15:40:11,15.81,100,
15:40:16,15.81,200,
15:40:19,15.805,400,
15:40:23,15.812,1395,
15:40:55,15.8199,500,
15:40:55,15.82,200,
15:41:29,15.82,300,
15:41:29,15.82,200,
15:41:29,15.82,200,
15:41:29,15.82,400,
15:41:30,15.815,100,
15:41:37,15.809,329,
15:41:39,15.81,100,
15:41:40,15.809,1600,
15:41:46,15.81,100,
15:41:46,15.81,100,
15:41:52,15.81,200,
15:41:57,15.81,200,
15:42:11,15.83,100,
15:42:16,15.83,100,
15:42:25,15.8297,1000,
15:42:31,15.83,3000,
15:42:39,15.82,200,
15:42:44,15.8197,738,
15:42:50,15.818,2400,
15:43:02,15.81,1500,
15:43:02,15.82,1500,
15:43:05,15.82,100,
15:43:20,15.832,2000,
15:43:21,15.84,200,
15:43:23,15.84,200,
15:43:23,15.84,800,
15:43:23,15.83,100,
15:43:24,15.8201,890,
15:43:36,15.82,100,
15:43:42,15.81,200,
15:43:49,15.8175,2000,
15:43:52,15.819,2000,
15:43:55,15.82,9900,
15:43:57,15.82,200,
15:44:00,15.82,100,
15:44:31,15.83,100,
15:44:39,15.82,100,
15:44:41,15.82,800,
15:44:43,15.819,1900,
15:44:51,15.82,200,
15:44:59,15.8283,500,
15:45:01,15.83,100,
15:45:03,15.83,400,
15:45:09,15.84,100,
15:45:09,15.83,200,
15:45:09,15.83,200,
15:45:09,15.83,200,
15:45:09,15.83,200,
15:45:09,15.83,100,
15:45:09,15.83,100,
15:45:09,15.83,200,
15:45:09,15.83,900,
15:45:09,15.83,100,
15:45:09,15.83,100,
15:45:10,15.83,300,
15:45:13,15.84,100,
15:45:21,15.83,200,
15:45:26,15.83,200,
15:45:27,15.829,500,
15:45:35,15.829,700,
15:45:35,15.829,400,
15:45:36,15.829,300,
15:45:43,15.83,300,
15:45:43,15.83,200,
15:45:43,15.83,100,
15:45:43,15.83,500,
15:45:44,15.83,100,
15:45:44,15.829,2000,
15:45:48,15.83,200,
15:45:55,15.84,100,
15:45:56,15.84,200,
15:46:02,15.85,200,
15:46:08,15.85,200,
15:46:08,15.85,210,
15:46:08,15.85,1200,
15:46:08,15.85,100,
15:46:09,15.8483,292,
15:46:10,15.848,200,
15:46:15,15.85,200,
15:46:15,15.85,100,
15:46:15,15.85,1100,
15:46:15,15.85,100,
15:46:48,15.84,100,
15:46:48,15.84,700,
15:46:56,15.838,300,
15:47:05,15.83,100,
