09:30:00,15.93,300,
09:30:00,15.94,400,
09:30:00,15.94,200,
09:30:00,15.94,400,
09:30:01,15.94,300,
09:30:02,15.94,3900,
09:30:02,15.94,800,
09:30:05,15.9499,500,
09:30:10,15.96,125,
09:30:10,15.96,400,
09:30:10,15.96,200,
09:30:10,15.96,200,
09:30:11,15.96,150,
09:30:21,15.9717,800,
09:30:22,15.95,6875,
09:30:26,15.9301,3000,
09:30:29,15.9757,187,
09:30:29,15.971,500,
09:30:29,15.971,400,
09:30:29,15.9499,3000,
09:30:29,15.96,300,
09:30:30,15.97,800,
09:30:30,15.97,100,
09:30:30,15.974,100,
09:30:30,15.978,500,
09:30:32,15.9587,7000,
09:30:32,15.9787,1000,
09:30:36,15.9604,300,
09:30:37,15.9787,100,
09:30:39,15.96,202,
09:30:45,15.94,500,
09:30:48,15.94,100,
09:30:49,15.9499,2000,
09:30:57,15.948,1000,
09:31:00,15.95,700,
09:31:00,15.95,404,
09:31:06,15.9499,2000,
09:31:07,15.945,600,
09:31:09,15.948,1000,
09:31:16,15.9599,4350,
09:31:19,15.9599,2000,
09:31:22,15.959,113,
09:31:29,15.9401,1380,
09:31:37,15.95,1000,
09:31:38,15.9517,100,
09:31:39,15.95,100,
09:31:39,15.95,1600,
09:31:42,15.957,270,
09:31:50,15.98,100,
09:31:50,15.989,100,
09:31:51,15.979,100,
09:31:52,16,500,
09:31:52,16,400,
09:31:52,16,300,
09:31:52,16,394,
09:31:54,16.008,500,
09:31:55,16.01,10000,
09:31:57,16,300,
09:31:57,16.003,400,
09:32:00,15.988,500,
09:32:03,15.989,600,
09:32:04,15.99,100,
09:32:06,15.9801,100,
09:32:07,15.98,100,
09:32:10,15.97,100,
09:32:14,15.9508,5000,
09:32:17,15.95,100,
09:32:18,15.94,100,
09:32:18,15.94,1000,
09:32:21,15.933,150,
09:32:27,15.9283,660,
09:32:33,15.93,100,
09:32:36,15.93,100,
09:32:39,15.92,200,
09:32:39,15.924,1400,
09:32:48,15.9375,2500,
09:32:50,15.92,100,
09:32:50,15.92,214,
09:32:50,15.92,100,
09:32:51,15.92,120,
09:32:51,15.93,100,
09:32:52,15.93,100,
09:32:52,15.93,100,
09:32:53,15.92,100,
09:33:01,15.91,500,
09:33:03,15.91,100,
09:33:05,15.9199,5000,
09:33:08,15.89,300,
09:33:09,15.89,270,
09:33:17,15.89,300,
09:33:17,15.89,200,
09:33:17,15.89,200,
09:33:18,15.89,300,
09:33:18,15.88,100,
09:33:18,15.882,900,
09:33:22,15.89,100,
09:33:25,15.88,1000,
09:33:26,15.8883,400,
09:33:33,15.8875,2200,
09:33:35,15.86,3000,
09:33:36,15.86,205,
09:33:36,15.86,200,
09:33:36,15.85,254,
09:33:36,15.86,300,
09:33:36,15.86,300,
09:33:36,15.86,1600,
09:33:36,15.86,400,
09:33:36,15.86,1300,
09:33:36,15.86,100,
09:33:36,15.86,500,
09:33:36,15.8601,200,
09:33:37,15.85,100,
09:33:37,15.8699,400,
09:33:38,15.85,900,
09:33:39,15.86,800,
09:33:39,15.86,596,
09:33:39,15.85,100,
09:33:40,15.87,100,
09:33:40,15.8699,2200,
09:33:40,15.87,1000,
09:33:42,15.8638,1500,
09:33:44,15.8699,135,
09:33:44,15.88,200,
09:33:48,15.88,500,
09:33:48,15.88,220,
09:33:48,15.88,500,
09:33:52,15.8885,2000,
09:33:54,15.882,888,
09:33:55,15.89,100,
09:33:58,15.90,1700,
09:33:58,15.909,700,
09:33:58,15.909,2800,
09:34:00,15.909,300,
09:34:01,15.91,8600,
09:34:02,15.91,100,
09:34:03,15.9183,1000,
09:34:05,15.91,400,
09:34:05,15.91,1300,
09:34:05,15.909,200,
09:34:09,15.91,100,
09:34:12,15.918,1000,
09:34:18,15.92,300,
09:34:18,15.92,100,
09:34:18,15.89,100,
09:34:18,15.90,400,
09:34:18,15.90,200,
09:34:18,15.90,700,
09:34:20,15.89,100,
09:34:20,15.899,400,
09:34:31,15.882,400,
09:34:33,15.896,320,
09:34:37,15.889,500,
09:34:38,15.88,100,
09:34:41,15.875,300,
09:34:43,15.88,500,
09:34:43,15.88,400,
09:34:43,15.88,600,
09:34:53,15.889,200,
09:34:57,15.90,300,
09:35:04,15.91,1600,
09:35:05,15.92,100,
09:35:08,15.92,400,
09:35:08,15.9199,100,
09:35:09,15.9287,200,
09:35:17,15.939,700,
09:35:17,15.939,716,
09:35:19,15.939,700,
09:35:24,15.93,100,
09:35:25,15.93,200,
09:35:25,15.93,300,
09:35:25,15.9299,300,
09:35:25,15.93,200,
09:35:25,15.93,100,
09:35:25,15.93,100,
09:35:29,15.9295,700,
09:35:33,15.929,100,
09:35:33,15.92,100,
09:35:34,15.93,800,
09:35:42,15.92,1200,
09:35:42,15.92,5800,
09:35:49,15.93,400,
09:35:49,15.93,500,
09:35:50,15.93,200,
09:35:52,15.93,400,
09:35:53,15.93,1500,
09:35:53,15.93,700,
09:35:53,15.93,500,
09:35:53,15.93,200,
09:35:53,15.93,900,
09:35:53,15.93,700,
09:35:53,15.93,100,
09:35:53,15.92,400,
09:35:53,15.92,400,
09:35:53,15.92,400,
09:35:53,15.93,600,
09:35:55,15.929,1200,
09:35:55,15.93,100,
09:35:55,15.929,200,
09:35:58,15.9399,100,
09:35:59,15.9301,1000,
09:36:07,15.9383,1000,
09:36:14,15.9301,7000,
09:36:29,15.93,200,
09:36:29,15.93,400,
09:36:30,15.9201,200,
09:36:33,15.939,200,
09:36:33,15.94,3000,
09:36:33,15.94,500,
09:36:33,15.94,800,
09:36:33,15.94,200,
09:36:36,15.9483,1000,
09:36:38,15.95,200,
09:36:38,15.95,300,
09:36:43,15.959,100,
09:36:43,15.959,200,
09:36:48,15.97,100,
09:36:51,15.98,100,
09:36:52,15.97,100,
09:36:52,15.97,700,
09:36:52,15.97,100,
09:36:52,15.97,200,
09:36:52,15.97,200,
09:36:52,15.97,100,
09:36:54,15.96,100,
09:36:54,15.97,400,
09:36:54,15.97,300,
09:36:54,15.97,298,
09:36:55,15.98,500,
09:36:55,15.9717,1000,
09:36:55,15.98,100,
09:36:55,15.9799,100,
09:36:56,15.98,100,
09:36:56,15.98,100,
09:36:56,15.979,300,
09:36:58,15.98,100,
09:36:59,15.979,100,
09:37:00,15.98,1700,
09:37:00,15.98,1600,
09:37:04,15.979,100,
09:37:07,15.98,100,
09:37:07,15.98,100,
09:37:08,15.9799,2900,
09:37:10,15.979,200,
09:37:11,15.979,2000,
09:37:15,15.9799,4000,
09:37:19,15.9799,300,
09:37:19,15.97,400,
09:37:20,15.97,1000,
09:37:20,15.96,600,
09:37:20,15.96,600,
09:37:20,15.96,200,
09:37:20,15.95,1300,
09:37:21,15.949,300,
09:37:21,15.95,500,
09:37:22,15.962,100,
09:37:23,15.96,400,
09:37:23,15.96,2000,
09:37:27,15.9699,100,
09:37:27,15.9699,100,
09:37:27,15.96,436,
09:37:27,15.96,436,
09:37:27,15.96,500,
09:37:28,15.968,500,
09:37:29,15.9687,700,
09:37:30,15.95,100,
09:37:32,15.95,200,
09:37:32,15.95,2100,
09:37:34,15.96,100,
09:37:34,15.96,100,
09:37:48,15.97,1500,
09:37:48,15.97,300,
09:37:51,15.97,100,
09:37:52,15.9687,700,
09:37:58,15.98,600,
09:38:10,15.9775,2000,
09:38:12,15.97,500,
09:38:12,15.97,2000,
09:38:14,15.98,600,
09:38:18,15.9799,2590,
09:38:20,15.979,600,
09:38:22,15.98,1800,
09:38:22,15.979,200,
09:38:22,15.9743,1800,
09:38:24,15.9883,770,
09:38:31,15.99,100,
09:38:33,15.98,200,
09:38:35,15.989,400,
09:38:36,15.98,900,
09:38:36,15.98,712,
09:38:41,15.9899,1565,
09:38:41,15.99,1100,
09:38:44,15.99,300,
09:38:45,15.9899,100,
09:38:46,15.981,3547,
09:38:48,15.99,1719,
09:38:48,15.99,381,
09:38:48,15.98,300,
09:38:48,15.98,100,
09:38:48,15.98,2000,
09:38:48,15.98,500,
09:38:49,15.9717,1000,
09:38:53,15.97,300,
09:38:53,15.97,200,
09:38:53,15.97,400,
09:38:53,15.97,400,
09:38:55,15.96,100,
09:38:55,15.971,200,
09:38:59,15.96,500,
09:39:02,15.95,500,
09:39:02,15.95,100,
09:39:02,15.95,100,
09:39:02,15.95,1600,
09:39:03,15.959,100,
09:39:11,15.95,1000,
09:39:11,15.95,1000,
09:39:12,15.95,300,
09:39:13,15.95,2171,
09:39:13,15.949,300,
09:39:13,15.949,1300,
09:39:13,15.949,600,
09:39:16,15.948,500,
09:39:20,15.94,300,
09:39:22,15.94,100,
09:39:22,15.94,100,
09:39:24,15.95,500,
09:39:26,15.95,1000,
09:39:26,15.95,3000,
09:39:28,15.949,700,
09:39:29,15.96,168,
09:39:29,15.96,1600,
09:39:31,15.97,900,
09:39:31,15.97,400,
09:39:31,15.97,1600,
09:39:32,15.979,100,
09:39:33,15.97,100,
09:39:34,15.971,1250,
09:39:36,15.98,800,
09:39:37,15.99,100,
09:39:41,15.99,154,
09:39:43,15.99,300,
09:39:43,15.99,200,
09:39:43,15.99,500,
09:39:43,15.99,300,
09:39:43,15.99,400,
09:39:43,15.99,400,
09:39:43,15.99,300,
09:39:43,15.99,400,
09:39:43,15.99,200,
09:39:43,15.99,200,
09:39:43,15.99,500,
09:39:43,15.99,400,
09:39:44,15.99,100,
09:39:44,15.99,400,
09:39:46,15.989,200,
09:39:47,15.99,2100,
09:39:47,15.99,100,
09:39:49,15.999,300,
09:39:49,16,5600,
09:39:50,15.99,800,
09:39:51,15.99,400,
09:39:51,15.9887,1000,
09:39:52,15.98,400,
09:39:53,15.98,100,
09:39:58,15.99,10000,
09:40:00,15.99,200,
09:40:01,15.99,100,
09:40:01,15.99,800,
09:40:02,16,100,
09:40:02,16,1000,
09:40:03,16.0099,1200,
09:40:05,16.01,400,
09:40:05,16.01,500,
09:40:08,16.0001,3000,
09:40:09,16.02,2000,
09:40:09,16.03,1000,
09:40:12,16.03,100,
09:40:12,16.03,300,
09:40:12,16.03,100,
09:40:12,16.03,100,
09:40:12,16.03,1000,
09:40:12,16.03,501,
09:40:12,16.03,100,
09:40:14,16.0299,300,
09:40:14,16.03,100,
09:40:14,16.03,100,
09:40:15,16.0283,1000,
09:40:16,16.029,100,
09:40:16,16.0299,141,
09:40:17,16.03,141,
09:40:17,16.03,2100,
09:40:17,16.04,100,
09:40:17,16.03,1200,
09:40:19,16.039,1300,
09:40:19,16.039,1300,
09:40:19,16.04,100,
09:40:19,16.04,300,
09:40:19,16.0399,600,
09:40:19,16.0385,1000,
09:40:20,16.0399,1800,
09:40:20,16.0313,800,
09:40:21,16.03,300,
09:40:21,16.03,500,
09:40:21,16.0384,700,
09:40:23,16.03,100,
09:40:24,16.02,100,
09:40:24,16.01,100,
09:40:27,16.01,1000,
09:40:27,16.01,100,
09:40:28,16.02,800,
09:40:28,16.02,2100,
09:40:28,16.02,100,
09:40:28,16.0299,1000,
09:40:33,16.029,100,
09:40:33,16.029,100,
09:40:34,16.03,2200,
09:40:34,16.03,200,
09:40:34,16.03,400,
09:40:34,16.03,2100,
09:40:34,16.03,300,
09:40:34,16.03,100,
09:40:34,16.03,200,
09:40:34,16.03,400,
09:40:34,16.03,200,
09:40:34,16.03,500,
09:40:34,16.0275,3000,
09:40:34,16.03,1000,
09:40:34,16.03,100,
09:40:35,16.03,200,
09:40:37,16.035,2400,
09:40:37,16.0313,1500,
09:40:38,16.035,1400,
09:40:40,16.03,200,
09:40:40,16.03,100,
09:40:40,16.021,300,
09:40:41,16.0283,1000,
09:40:49,16.028,500,
09:40:54,16.02,300,
09:40:55,16.029,100,
09:40:57,16.025,555,
09:41:03,16.04,100,
09:41:03,16.049,300,
09:41:03,16.049,200,
09:41:03,16.05,300,
09:41:03,16.049,100,
09:41:03,16.0499,250,
09:41:04,16.049,200,
09:41:05,16.05,1500,
09:41:07,16.0465,500,
09:41:08,16.05,1743,
09:41:09,16.07,1146,
09:41:09,16.07,800,
09:41:10,16.06,400,
09:41:12,16.0608,5000,
09:41:13,16.068,1000,
09:41:15,16.0787,200,
09:41:16,16.07,100,
09:41:16,16.07,100,
09:41:17,16.0615,3000,
09:41:18,16.06,100,
09:41:19,16.051,400,
09:41:19,16.051,400,
09:41:19,16.0592,250,
09:41:19,16.06,1000,
09:41:19,16.059,2000,
09:41:21,16.06,100,
09:41:21,16.06,200,
09:41:21,16.06,800,
09:41:21,16.0599,800,
09:41:21,16.0599,200,
09:41:21,16.0599,300,
09:41:21,16.0599,1400,
09:41:21,16.0501,200,
09:41:22,16.059,300,
09:41:22,16.059,100,
09:41:23,16.06,700,
09:41:25,16.068,1000,
09:41:27,16.06,100,
09:41:27,16.06,199,
09:41:27,16.06,700,
09:41:27,16.06,100,
09:41:28,16.06,100000,
09:41:31,16.06,1500,
09:41:31,16.06,100,
09:41:31,16.06,200,
09:41:32,16.07,400,
09:41:33,16.06,300,
09:41:34,16.06,400,
09:41:34,16.06,1700,
09:41:34,16.06,1700,
09:41:34,16.06,500,
09:41:34,16.07,700,
09:41:34,16.06,1000,
09:41:35,16.06,119,
09:41:35,16.06,300,
09:41:35,16.06,100,
09:41:37,16.068,1000,
09:41:37,16.07,1000,
09:41:40,16.061,5000,
09:41:41,16.0683,325,
09:41:42,16.07,1618,
09:41:43,16.068,212,
09:41:43,16.07,1288,
09:41:45,16.07,14863,
09:41:45,16.08,100,
09:41:46,16.0799,100,
09:41:46,16.0763,100,
09:41:47,16.0799,500,
09:41:49,16.07,100,
09:41:49,16.0785,6000,
09:41:49,16.0669,100,
09:41:49,16.0699,100,
09:41:49,16.0715,5000,
09:41:52,16.06,21200,
09:41:53,16.067,150,
09:41:55,16.069,2000,
09:41:57,16.07,100,
09:41:57,16.0615,3000,
09:41:58,16.07,200,
09:42:01,16.07,100,
09:42:01,16.06,300,
09:42:02,16.06,101,
09:42:05,16.06,600,
09:42:05,16.06,100,
09:42:05,16.0572,300,
09:42:05,16.0583,260,
09:42:07,16.06,400,
09:42:07,16.06,100,
09:42:07,16.06,200,
09:42:07,16.052,1000,
09:42:08,16.0599,100,
09:42:08,16.06,500,
09:42:08,16.06,300,
09:42:09,16.0699,1000,
09:42:09,16.06,100,
09:42:10,16.06,100,
09:42:11,16.06,200,
09:42:13,16.057,200,
09:42:14,16.04,200,
09:42:16,16.0401,1000,
09:42:17,16.0483,500,
09:42:19,16.0413,300,
09:42:20,16.05,100,
09:42:20,16.05,100,
09:42:22,16.06,1500,
09:42:22,16.06,6100,
09:42:22,16.06,300,
09:42:22,16.06,400,
09:42:22,16.06,1700,
09:42:22,16.06,1200,
09:42:22,16.069,2000,
09:42:24,16.06,100,
09:42:25,16.067,250,
09:42:28,16.05,700,
09:42:29,16.05,200,
09:42:29,16.05,100,
09:42:29,16.06,600,
09:42:29,16.06,200,
09:42:31,16.0525,3200,
09:42:34,16.06,400,
09:42:36,16.05,100,
09:42:36,16.05,400,
09:42:37,16.05,421,
09:42:43,16.0415,6000,
09:42:45,16.05,200,
09:42:47,16.05,200,
09:42:53,16.052,1500,
09:42:53,16.059,200,
09:42:53,16.05,500,
09:42:53,16.05,200,
09:42:54,16.05,1719,
09:42:54,16.05,800,
09:42:54,16.05,1254,
09:42:55,16.051,1600,
09:43:00,16.051,4800,
09:43:00,16.051,5000,
09:43:01,16.051,1200,
09:43:01,16.0515,400,
09:43:02,16.0501,100,
09:43:03,16.06,100,
09:43:03,16.06,300,
09:43:11,16.06,100,
09:43:11,16.06,400,
09:43:11,16.06,100,
09:43:11,16.07,100,
09:43:11,16.07,200,
09:43:16,16.08,500,
09:43:19,16.089,500,
09:43:23,16.09,200,
09:43:23,16.09,200,
09:43:23,16.09,200,
09:43:28,16.09,500,
09:43:29,16.089,500,
09:43:29,16.08,100,
09:43:30,16.07,200,
09:43:30,16.07,100,
09:43:30,16.0601,600,
09:43:31,16.07,100,
09:43:31,16.08,800,
09:43:31,16.0717,1000,
09:43:34,16.0799,5000,
09:43:38,16.078,250,
09:43:39,16.08,1300,
09:43:44,16.071,100,
09:43:44,16.071,100,
09:43:49,16.08,300,
09:43:49,16.08,500,
09:43:49,16.08,1120,
09:43:51,16.0799,1000,
09:43:54,16.09,200,
09:43:55,16.09,2100,
09:43:57,16.0901,5000,
09:44:00,16.09,254,
09:44:00,16.08,400,
09:44:01,16.09,700,
09:44:01,16.09,400,
09:44:02,16.091,200,
09:44:02,16.0799,1200,
09:44:05,16.077,100,
09:44:06,16.0683,700,
09:44:08,16.07,100,
09:44:08,16.07,100,
09:44:09,16.0683,1000,
09:44:11,16.062,1000,
09:44:12,16.08,200,
09:44:12,16.08,200,
09:44:12,16.08,300,
09:44:12,16.0799,9650,
09:44:13,16.078,700,
09:44:13,16.078,1400,
09:44:16,16.08,500,
09:44:16,16.08,500,
09:44:19,16.08,100,
09:44:19,16.0899,300,
09:44:19,16.08,200,
09:44:19,16.09,100,
09:44:19,16.08,100,
09:44:19,16.09,100,
09:44:29,16.10,200,
09:44:29,16.098,1000,
09:44:29,16.09,100,
09:44:30,16.09,450,
09:44:30,16.08,155,
09:44:30,16.08,200,
09:44:32,16.08,100,
09:44:32,16.08,100,
09:44:32,16.08,100,
09:44:34,16.088,350,
09:44:40,16.089,278,
09:44:44,16.08,900,
09:44:44,16.08,500,
09:44:45,16.08,700,
09:44:51,16.08,100,
09:44:53,16.088,878,
09:44:53,16.089,122,
09:44:56,16.08,400,
09:44:56,16.09,500,
09:44:56,16.0799,400,
09:44:57,16.08,300,
09:45:03,16.0837,3000,
09:45:16,16.09,100,
09:45:16,16.09,100,
09:45:19,16.11,800,
09:45:19,16.11,600,
09:45:20,16.11,1500,
09:45:22,16.12,1000,
09:45:24,16.11,100,
09:45:24,16.1199,1000,
09:45:24,16.12,100,
09:45:25,16.1199,100,
09:45:26,16.118,400,
09:45:26,16.12,400,
09:45:27,16.1186,1245,
09:45:27,16.11,100,
09:45:27,16.11,200,
09:45:28,16.1101,200,
09:45:28,16.11,500,
09:45:29,16.1115,6000,
09:45:32,16.1199,500,
09:45:32,16.12,500,
09:45:32,16.1199,200,
09:45:32,16.1183,1600,
09:45:32,16.12,10900,
09:45:32,16.12,2100,
09:45:32,16.12,254,
09:45:34,16.12,100,
09:45:34,16.12,4400,
09:45:34,16.12,499,
09:45:35,16.1101,400,
09:45:35,16.11,100,
09:45:35,16.11,100,
09:45:37,16.1001,1000,
09:45:38,16.11,600,
09:45:38,16.11,700,
09:45:38,16.12,500,
09:45:39,16.11,100,
09:45:40,16.11,100,
09:45:44,16.11,100,
09:45:46,16.1001,4000,
09:45:48,16.1001,100,
09:45:49,16.10,100,
09:45:51,16.10,100,
09:45:53,16.10,300,
09:45:53,16.10,5000,
09:45:55,16.10,100,
09:45:56,16.11,100,
09:45:57,16.10,200,
09:45:57,16.0999,400,
09:45:58,16.10,200,
09:45:59,16.10,700,
09:45:59,16.10,100,
09:46:02,16.099,1000,
09:46:02,16.102,1000,
09:46:02,16.10,100,
09:46:04,16.10,100,
09:46:04,16.10,300,
09:46:04,16.10,2600,
09:46:04,16.10,500,
09:46:04,16.10,300,
09:46:09,16.10,300,
09:46:10,16.1017,1000,
09:46:20,16.10,100,
09:46:20,16.10,100,
09:46:23,16.10,100,
09:46:23,16.09,100,
09:46:23,16.09,200,
09:46:23,16.09,300,
09:46:24,16.0999,700,
09:46:26,16.098,500,
09:46:30,16.09,100,
09:46:30,16.09,400,
09:46:30,16.09,400,
09:46:30,16.09,500,
09:46:30,16.09,200,
09:46:30,16.0883,600,
09:46:32,16.081,500,
09:46:33,16.0801,100,
09:46:34,16.0899,1000,
09:46:37,16.07,10100,
09:46:38,16.07,200,
09:46:38,16.0625,2000,
09:46:39,16.0613,200,
09:46:39,16.06,100,
09:46:39,16.05,600,
09:46:39,16.06,200,
09:46:39,16.06,400,
09:46:39,16.06,100,
09:46:39,16.0501,3000,
09:46:41,16.05,5000,
09:46:41,16.05,419,
09:46:41,16.05,400,
09:46:43,16.05,100,
09:46:46,16.0601,2000,
09:46:50,16.072,500,
09:46:51,16.0713,400,
09:46:54,16.07,100,
09:46:57,16.07,100,
09:47:00,16.07,202,
09:47:02,16.07,100,
09:47:04,16.07,800,
09:47:05,16.07,1100,
09:47:05,16.0799,200,
09:47:05,16.0799,100,
09:47:05,16.0799,100,
09:47:10,16.0713,1000,
09:47:11,16.0704,700,
09:47:14,16.078,1000,
09:47:24,16.0787,1000,
09:47:29,16.06,500,
09:47:29,16.061,1500,
09:47:36,16.0699,200,
09:47:38,16.05,100,
09:47:40,16.0401,1200,
09:47:42,16.04,20000,
09:47:46,16.0435,500,
09:47:48,16.0401,300,
09:47:49,16.0499,1000,
09:47:52,16.04,100,
09:47:54,16.0404,600,
09:48:01,16.0587,200,
09:48:05,16.052,450,
09:48:15,16.0599,4330,
09:48:21,16.05,500,
09:48:23,16.0501,200,
09:48:23,16.05,400,
09:48:32,16.059,600,
09:48:32,16.06,17300,
09:48:32,16.059,900,
09:48:36,16.06,400,
09:48:36,16.06,100,
09:48:38,16.06,800,
09:48:38,16.06,800,
09:48:41,16.06,400,
09:48:47,16.05,500,
09:48:47,16.05,100,
09:48:49,16.0413,500,
09:48:51,16.04,100,
09:49:00,16.02,100,
09:49:02,16.022,500,
09:49:12,16.0493,8500,
09:49:15,16.05,100,
09:49:21,16.06,100,
09:49:23,16.062,400,
09:49:23,16.06,100,
09:49:23,16.06,1500,
09:49:24,16.06,100,
09:49:24,16.06,500,
09:49:24,16.06,100,
09:49:28,16.05,300,
09:49:28,16.05,100,
09:49:28,16.05,300,
09:49:28,16.05,400,
09:49:33,16.04,100,
09:49:36,16.04,100,
09:49:41,16.0487,500,
09:49:43,16.04,300,
09:49:50,16.02,145,
09:49:50,16.029,300,
09:49:53,16.0199,500,
09:49:54,16.02,400,
09:49:54,16.02,200,
09:49:58,16.02,400,
09:50:00,16.0201,3900,
09:50:02,16.032,500,
09:50:05,16.04,100,
09:50:14,16.05,100,
09:50:14,16.06,900,
09:50:14,16.06,300,
09:50:14,16.06,1900,
09:50:17,16.06,100,
09:50:21,16.06,100,
09:50:26,16.0693,2500,
09:50:29,16.0625,100,
09:50:30,16.06,100,
09:50:35,16.05,100,
09:50:35,16.05,500,
09:50:37,16.04,100,
09:50:40,16.0401,300,
09:50:47,16.046,100,
09:50:52,16.03,100,
09:50:53,16.02,1000,
09:50:54,16.0383,700,
09:50:57,16.03,10400,
09:50:57,16.02,600,
09:50:57,16.02,100,
09:51:00,16.02,200,
09:51:00,16.02,100,
09:51:01,16.02,100,
09:51:02,16.028,500,
09:51:06,16.02,100,
09:51:09,16.02,600,
09:51:09,16.02,100,
09:51:09,16.02,200,
09:51:10,16.02,100,
09:51:14,16.02,100,
09:51:20,16.029,350,
09:51:20,16.021,100,
09:51:20,16.02,6100,
09:51:21,16.02,900,
09:51:29,16.0201,500,
09:51:37,16.0201,7000,
09:51:48,16.0317,500,
09:51:51,16.02,500,
09:51:51,16.02,638,
09:51:53,16.02,100,
09:51:58,16.02,1100,
09:51:58,16.03,100,
09:52:01,16.03,100,
09:52:04,16.0301,100,
09:52:11,16.029,500,
09:52:14,16.02,500,
09:52:17,16.02,1000,
09:52:27,16.0199,930,
09:52:30,16.02,2062,
09:52:30,16.02,100,
09:52:31,16.03,100,
09:52:32,16.04,200,
09:52:34,16.03,300,
09:52:37,16.02,1200,
09:52:37,16.02,200,
09:52:38,16.0213,100,
09:52:38,16.023,230,
09:52:39,16.03,200,
09:52:39,16.04,585,
09:52:40,16.0278,200,
09:52:40,16.0378,585,
09:52:41,16.022,600,
09:52:41,16.04,600,
09:52:41,16.04,200,
09:52:50,16.032,250,
09:52:53,16.04,600,
09:52:53,16.04,100,
09:52:55,16.04,10000,
09:53:11,16.0399,1500,
09:53:13,16.05,1200,
09:53:17,16.05,500,
09:53:23,16.0492,500,
09:53:30,16.05,300,
09:53:31,16.05,200,
09:53:31,16.05,500,
09:53:35,16.06,100,
09:53:36,16.07,200,
09:53:36,16.07,200,
09:53:41,16.077,100,
09:53:44,16.0675,2000,
09:53:46,16.06,800,
09:53:46,16.06,500,
09:53:46,16.06,500,
09:53:48,16.0599,2413,
09:53:57,16.06,100,
09:53:57,16.06,500,
09:54:07,16.06,100,
09:54:08,16.06,100,
09:54:08,16.06,800,
09:54:11,16.07,100,
09:54:21,16.078,100,
09:54:26,16.06,100,
09:54:27,16.0492,500,
09:54:29,16.04,100,
09:55:00,16.04,100,
09:55:01,16.04,100,
09:55:03,16.039,100,
09:55:03,16.049,400,
09:55:03,16.045,400,
09:55:06,16.03,300,
09:55:06,16.03,200,
09:55:11,16.03,2100,
09:55:11,16.04,4300,
09:55:16,16.03,100,
09:55:16,16.03,200,
09:55:16,16.03,300,
09:55:16,16.03,800,
09:55:20,16.01,1500,
09:55:20,16,2590,
09:55:21,16,3000,
09:55:23,16,600,
09:55:23,16,1000,
09:55:25,16.01,100,
09:55:25,16.01,100,
09:55:27,16.002,1500,
09:55:30,16.02,100,
09:55:34,16.028,400,
09:55:36,16.02,300,
09:55:36,16.02,100,
09:55:39,16.02,500,
09:55:41,16.019,300,
09:55:41,16.019,300,
09:55:43,16.01,400,
09:55:47,16.0015,5000,
09:55:47,16.002,200,
09:55:49,16.0013,800,
09:55:50,16.0025,2000,
09:55:56,16.0017,1000,
09:55:57,16.01,100,
09:55:57,16.011,300,
09:56:22,16.01,200,
09:56:27,16.003,270,
09:56:27,16,329,
09:56:30,16,100,
09:56:34,15.9917,1000,
09:56:39,15.992,500,
09:56:40,15.98,200,
09:56:41,15.971,100,
09:56:41,15.971,100,
09:56:42,15.981,300,
09:56:42,15.972,900,
09:56:42,15.982,700,
09:56:43,15.9785,3900,
09:56:44,15.9701,5000,
09:56:45,15.972,200,
09:56:45,15.9717,600,
09:56:48,15.972,1000,
09:56:49,15.9701,2000,
09:56:58,15.9799,500,
09:56:59,15.98,100,
09:57:07,15.97,100,
09:57:08,15.96,300,
09:57:18,15.97,100,
09:57:24,15.979,2200,
09:57:24,15.9701,700,
09:57:33,15.972,750,
09:57:35,15.9701,1300,
09:57:38,15.97,100,
09:57:40,15.9696,100,
09:57:43,15.96,200,
09:57:45,15.95,730,
09:57:45,15.95,750,
09:57:47,15.95,200,
09:57:47,15.94,500,
09:57:47,15.94,1500,
09:57:47,15.94,500,
09:57:47,15.94,1000,
09:57:47,15.94,500,
09:57:47,15.95,500,
09:57:47,15.95,1000,
09:57:47,15.95,200,
09:57:47,15.95,100,
09:57:47,15.9401,100,
09:57:47,15.9457,300,
09:57:47,15.94,100,
09:57:47,15.95,200,
09:57:48,15.951,300,
09:57:48,15.94,100,
09:57:48,15.94,200,
09:57:48,15.9443,100,
09:57:53,15.9499,200,
09:58:03,15.949,500,
09:58:05,15.93,100,
09:58:06,15.94,100,
09:58:06,15.94,400,
09:58:06,15.94,347,
09:58:07,15.93,1200,
09:58:07,15.932,400,
09:58:07,15.9313,800,
09:58:10,15.94,600,
09:58:14,15.93,400,
09:58:14,15.92,152,
09:58:20,15.93,119,
09:58:20,15.93,700,
09:58:23,15.94,100,
09:58:23,15.9356,300,
09:58:23,15.93,100,
09:58:23,15.9327,100,
09:58:23,15.93,100,
09:58:24,15.931,1500,
09:58:25,15.94,100,
09:58:25,15.95,500,
09:58:25,15.95,1300,
09:58:25,15.95,400,
09:58:26,15.95,100,
09:58:28,15.95,281,
09:58:28,15.95,400,
09:58:28,15.9501,100,
09:58:28,15.9513,500,
09:58:30,15.95,100,
09:58:33,15.96,1200,
09:58:33,15.96,100,
09:58:34,15.97,200,
09:58:34,15.96,100,
09:58:34,15.97,100,
09:58:34,15.97,100,
09:58:34,15.97,399,
09:58:34,15.97,300,
09:58:34,15.97,100,
09:58:36,15.97,100,
09:58:43,15.96,100,
09:58:47,15.96,700,
09:58:47,15.97,300,
09:58:48,15.97,500,
09:58:48,15.97,600,
09:58:48,15.97,100,
09:58:48,15.98,700,
09:58:51,15.98,300,
09:58:51,15.98,200,
09:58:51,15.98,500,
09:58:51,15.98,100,
09:58:53,15.97,600,
09:58:53,15.98,400,
09:58:53,15.98,100,
09:58:53,15.98,600,
09:58:53,15.99,500,
09:58:53,15.99,100,
09:58:53,15.99,200,
09:58:53,15.99,100,
09:58:53,15.99,1200,
09:58:53,15.99,100,
09:58:53,15.99,100,
09:58:53,15.99,100,
09:58:53,15.99,100,
09:58:53,15.98,2000,
09:58:53,15.99,600,
09:58:54,15.99,200,
09:58:56,15.9908,500,
09:58:58,15.99,100,
09:58:58,15.99,300,
09:58:58,15.99,100,
09:58:58,15.99,200,
09:58:58,16.01,500,
09:58:58,16,200,
09:58:58,16,100,
09:58:58,16.01,300,
09:59:03,16,100,
09:59:03,16,600,
09:59:03,16,200,
09:59:03,16,1700,
09:59:03,16,100,
09:59:04,16,600,
09:59:04,16,200,
09:59:04,16,100,
09:59:04,16,200,
09:59:04,16,500,
09:59:04,16,100,
09:59:06,16.01,300,
09:59:06,16.01,519,
09:59:06,16.01,300,
09:59:09,16.02,2000,
09:59:10,16.0199,100,
09:59:11,16.02,100,
09:59:11,16.03,100,
09:59:11,16.03,100,
09:59:11,16.03,1246,
09:59:11,16.03,100,
09:59:17,16.02,100,
09:59:23,16.02,100,
09:59:32,16.03,100,
09:59:33,16.02,1000,
09:59:35,16.03,500,
09:59:37,16.0201,2000,
09:59:39,16.02,400,
09:59:39,16.02,600,
09:59:39,16.02,100,
09:59:43,16.01,200,
09:59:43,16.01,200,
09:59:43,16.01,200,
09:59:43,16.01,100,
09:59:43,16.01,400,
09:59:45,16.018,500,
09:59:45,16.01,500,
09:59:50,16.01,100,
09:59:54,16.01,100,
09:59:58,16.001,3500,
09:59:58,16.001,3500,
09:59:58,16.001,1800,
10:00:01,16.01,1700,
10:00:01,16.01,200,
10:00:01,16.01,100,
10:00:01,16.01,100,
10:00:01,16.01,10900,
10:00:01,16.01,600,
10:00:01,16.01,120,
10:00:01,16.01,200,
10:00:01,16.01,1500,
10:00:01,16.01,200,
10:00:01,16.01,500,
10:00:01,16.01,100,
10:00:01,16,400,
10:00:01,16.01,18000,
10:00:07,16.001,800,
10:00:07,16.01,200,
10:00:08,16.0101,3400,
10:00:09,16.02,1219,
10:00:09,16.02,100,
10:00:14,16.03,100,
10:00:18,16.038,500,
10:00:18,16.03,156,
10:00:20,16.0287,1200,
10:00:22,16.03,100,
10:00:22,16.03,200,
10:00:22,16.03,200,
10:00:23,16.0283,1000,
10:00:24,16.022,1000,
10:00:25,16.03,1200,
10:00:29,16.02,100,
10:00:30,16.02,300,
10:00:30,16.02,100,
10:00:30,16.03,600,
10:00:30,16.03,100,
10:00:30,16.03,200,
10:00:36,16.03,200,
10:00:37,16.03,100,
10:00:39,16.021,5500,
10:00:39,16.021,2000,
10:00:39,16.02,200,
10:00:39,16.02,400,
10:00:39,16.02,400,
10:00:39,16.02,200,
10:00:39,16.02,1456,
10:00:39,16.02,200,
10:00:39,16.02,400,
10:00:39,16.02,200,
10:00:39,16.02,200,
10:00:39,16.02,100,
10:00:39,16.01,18100,
10:00:40,16.02,300,
10:00:40,16.02,100,
10:00:41,16,100,
10:00:41,15.99,400,
10:00:45,15.991,400,
10:00:46,16,500,
10:00:47,15.99,100,
10:00:47,15.99,300,
10:00:47,15.99,100,
10:00:47,15.99,100,
10:00:47,15.99,400,
10:00:47,15.99,100,
10:00:47,15.99,300,
10:00:47,15.99,1800,
10:00:48,15.98,100,
10:00:48,15.98,600,
10:00:48,15.98,100,
10:00:48,15.98,100,
10:00:50,15.98,100,
10:00:50,15.97,100,
10:00:50,15.97,400,
10:00:50,15.97,600,
10:00:50,15.97,1382,
10:00:50,15.97,100,
10:00:50,15.97,500,
10:00:50,15.97,300,
10:00:50,15.97,2300,
10:00:50,15.97,700,
10:00:50,15.97,200,
10:00:50,15.97,200,
10:00:50,15.97,300,
10:00:51,15.96,400,
10:00:52,15.95,200,
10:00:53,15.95,400,
10:00:53,15.95,500,
10:00:56,15.94,100,
10:00:56,15.94,119,
10:00:57,15.94,200,
10:00:59,15.96,300,
10:00:59,15.96,100,
10:01:07,15.95,100,
10:01:07,15.95,300,
10:01:07,15.95,300,
10:01:09,15.95,100,
10:01:11,15.94,600,
10:01:12,15.93,600,
10:01:13,15.93,200,
10:01:13,15.93,400,
10:01:14,15.93,381,
10:01:17,15.94,100,
10:01:19,15.95,100,
10:01:24,15.95,400,
10:01:24,15.95,700,
10:01:24,15.95,200,
10:01:24,15.94,100,
10:01:26,15.93,100,
10:01:27,15.939,100,
10:01:35,15.95,100,
10:01:35,15.95,100,
10:01:35,15.95,100,
10:01:39,15.9508,1000,
10:01:40,15.96,100,
10:01:41,15.96,100,
10:01:42,15.95,100,
10:01:42,15.95,200,
10:01:43,15.9417,1000,
10:01:45,15.949,900,
10:01:45,15.95,37400,
10:01:49,15.95,700,
10:01:49,15.95,400,
10:01:55,15.96,300,
10:02:01,15.95,100,
10:02:02,15.95,100,
10:02:07,15.97,100,
10:02:07,15.98,100,
10:02:08,15.98,700,
10:02:08,15.98,1618,
10:02:08,15.98,800,
10:02:10,15.9799,250,
10:02:10,15.97,919,
10:02:10,15.97,300,
10:02:12,15.97,100,
10:02:17,15.97,600,
10:02:17,15.97,200,
10:02:17,15.97,500,
10:02:18,15.97,900,
10:02:21,15.96,200,
10:02:21,15.96,200,
10:02:21,15.96,400,
10:02:21,15.96,800,
10:02:21,15.959,2800,
10:02:24,15.95,200,
10:02:27,15.952,300,
10:02:28,15.96,100,
10:02:30,15.978,1600,
10:02:32,15.97,400,
10:02:32,15.97,100,
10:02:32,15.97,382,
10:02:38,15.95,100,
10:02:39,15.96,100,
10:02:47,15.96,100,
10:02:50,15.95,300,
10:02:52,15.95,100,
10:02:52,15.94,100,
10:02:53,15.94,100,
10:02:57,15.95,219,
10:02:59,15.97,100,
10:03:00,15.9799,2500,
10:03:01,15.97,181,
10:03:01,15.97,800,
10:03:03,15.978,500,
10:03:06,15.978,1000,
10:03:08,15.96,400,
10:03:12,15.95,200,
10:03:12,15.95,300,
10:03:12,15.95,100,
10:03:13,15.95,400,
10:03:14,15.94,600,
10:03:17,15.95,100,
10:03:24,15.95,700,
10:03:25,15.95,1000,
10:03:35,15.9517,800,
10:03:38,15.95,386,
10:03:39,15.94,100,
10:03:43,15.95,100,
10:03:49,15.9599,400,
10:04:11,15.9565,4800,
10:04:11,15.9565,200,
10:04:17,15.96,100,
10:04:17,15.97,200,
10:04:19,15.97,200,
10:04:27,15.97,187,
10:04:27,15.97,783,
10:04:39,15.9796,3500,
10:04:43,15.9799,2500,
10:04:44,15.979,2700,
10:04:44,15.979,4800,
10:04:52,15.98,400,
10:05:02,15.9908,135,
10:05:04,15.9875,1600,
10:05:05,15.99,700,
10:05:05,15.99,800,
10:05:05,15.99,400,
10:05:05,15.99,900,
10:05:05,15.99,900,
10:05:08,15.98,1599,
10:05:12,15.99,400,
10:05:16,15.99,100,
10:05:22,15.9999,3000,
10:05:24,15.99,100,
10:05:30,15.9792,720,
10:05:31,15.98,100,
10:05:37,15.981,100,
10:05:40,15.987,300,
10:05:45,15.98,400,
10:05:45,15.98,400,
10:05:45,15.98,3000,
10:05:53,15.9808,3000,
10:06:00,15.98,500,
10:06:02,15.99,400,
10:06:03,15.982,100,
10:06:06,15.99,100,
10:06:09,16,800,
10:06:11,15.9999,100,
10:06:14,16,400,
10:06:21,16,100,
10:06:32,16.01,400,
10:06:32,16.01,414,
10:06:32,16.01,100,
10:06:32,16.01,100,
10:06:32,16.01,300,
10:06:32,16.01,200,
10:06:32,16.01,386,
10:06:32,16.009,600,
10:06:33,16.009,700,
10:06:34,16.02,500,
10:06:34,16.01,100,
10:06:36,16.02,105,
10:06:36,16.02,500,
10:06:36,16.02,300,
10:06:38,16.01,600,
10:06:38,16.01,200,
10:06:39,16.01,100,
10:06:39,16.01,100,
10:06:39,16.01,100,
10:06:39,16.01,100,
10:06:39,16.01,300,
10:06:39,16.01,100,
10:06:39,16.01,100,
10:06:39,16.01,100,
10:06:39,16,100,
10:06:45,16,100,
10:06:50,16,100,
10:06:55,15.99,100,
10:06:59,15.99,300,
10:06:59,15.99,400,
10:06:59,15.99,700,
10:07:02,15.99,4000,
10:07:04,15.99,600,
10:07:19,15.9983,1000,
10:07:24,15.98,200,
10:07:24,15.98,9365,
10:07:35,15.97,100,
10:07:46,15.951,2000,
10:07:49,15.9525,2000,
10:07:50,15.94,400,
10:07:52,15.94,100,
10:07:55,15.942,1000,
10:07:58,15.96,100,
10:08:01,15.96,100,
10:08:03,15.95,100,
10:08:09,15.939,1000,
10:08:09,15.939,300,
10:08:11,15.93,1000,
10:08:13,15.94,100,
10:08:15,15.9417,500,
10:08:37,15.96,100,
10:08:41,15.9601,200,
10:08:41,15.9601,100,
10:08:45,15.9665,6000,
10:08:47,15.96,100,
10:08:47,15.959,400,
10:08:50,15.95,100,
10:08:53,15.94,100,
10:08:57,15.94,100,
10:08:57,15.9417,300,
10:08:58,15.94,1600,
10:09:02,15.93,1000,
10:09:03,15.94,400,
10:09:04,15.939,100,
10:09:04,15.939,100,
10:09:11,15.95,500,
10:09:19,15.96,100,
10:09:21,15.97,100,
10:09:22,15.97,100,
10:09:24,15.9699,2000,
10:09:25,15.96,200,
10:09:26,15.97,100,
10:09:27,15.97,700,
10:09:28,15.98,500,
10:09:28,15.98,100,
10:09:29,15.99,100,
10:09:30,15.99,100,
10:09:37,15.98,100,
10:09:40,15.978,1000,
10:09:50,15.9792,3000,
10:10:04,15.97,100,
10:10:04,15.96,100,
10:10:04,15.95,200,
10:10:04,15.95,400,
10:10:04,15.95,100,
10:10:08,15.9599,300,
10:10:17,15.9408,1500,
10:10:24,15.94,100,
10:10:30,15.94,199,
10:10:30,15.94,700,
10:10:44,15.94,199,
10:10:44,15.94,300,
10:10:54,15.93,500,
10:10:54,15.93,100,
10:10:54,15.92,105,
10:10:54,15.91,200,
10:10:54,15.92,400,
10:10:56,15.91,100,
10:10:56,15.91,900,
10:10:56,15.92,100,
10:10:58,15.91,100,
10:10:58,15.90,825,
10:10:59,15.9001,100,
10:10:59,15.90,1000,
10:11:01,15.90,1000,
10:11:04,15.91,3041,
10:11:04,15.91,400,
10:11:05,15.91,250,
10:11:06,15.91,1600,
10:11:06,15.91,100,
10:11:07,15.912,1500,
10:11:07,15.90,200,
10:11:07,15.90,400,
10:11:08,15.90,254,
10:11:08,15.90,100,
10:11:10,15.90,1000,
10:11:10,15.8901,100,
10:11:11,15.89,200,
10:11:11,15.89,200,
10:11:11,15.89,200,
10:11:11,15.89,300,
10:11:13,15.8817,1000,
10:11:13,15.88,600,
10:11:13,15.88,300,
10:11:13,15.891,2000,
10:11:14,15.88,400,
10:11:14,15.88,100,
10:11:15,15.889,1300,
10:11:15,15.89,100,
10:11:22,15.90,300,
10:11:23,15.90,200,
10:11:24,15.88,100,
10:11:24,15.89,400,
10:11:24,15.89,100,
10:11:24,15.89,400,
10:11:24,15.89,100,
10:11:29,15.8826,200,
10:11:34,15.898,250,
10:11:35,15.91,100,
10:11:35,15.91,100,
10:11:37,15.90,200,
10:11:37,15.90,100,
10:11:37,15.90,100,
10:11:39,15.90,100,
10:11:43,15.902,1000,
10:11:49,15.90,344,
10:11:52,15.91,100,
10:11:57,15.9131,100,
10:11:57,15.9101,100,
10:11:57,15.9101,100,
10:11:59,15.91,600,
10:12:01,15.9001,100,
10:12:01,15.90,100,
10:12:01,15.918,500,
10:12:03,15.90,500,
10:12:03,15.89,100,
10:12:03,15.89,100,
10:12:04,15.88,100,
10:12:04,15.88,200,
10:12:04,15.88,346,
10:12:08,15.88,197,
10:12:08,15.88,100,
10:12:09,15.87,100,
10:12:12,15.8701,100,
10:12:13,15.875,350,
10:12:13,15.871,2000,
10:12:13,15.871,3300,
10:12:15,15.87,100,
10:12:16,15.88,204,
10:12:16,15.88,197,
10:12:17,15.8801,200,
10:12:17,15.88,200,
10:12:17,15.8801,100,
10:12:17,15.88,100,
10:12:22,15.871,1000,
10:12:25,15.88,100,
10:12:28,15.8883,1000,
10:12:38,15.88,100,
10:12:38,15.88,400,
10:12:38,15.88,100,
10:12:41,15.8713,590,
10:12:41,15.87,100,
10:12:41,15.87,100,
10:12:49,15.8785,500,
10:12:52,15.87,300,
10:12:52,15.8701,700,
10:12:52,15.87,600,
10:12:58,15.8701,150,
10:12:58,15.8701,100,
10:13:00,15.86,1600,
10:13:00,15.86,100,
10:13:00,15.85,5000,
10:13:00,15.85,5200,
10:13:00,15.85,100,
10:13:01,15.8513,200,
10:13:04,15.851,250,
10:13:04,15.85,250,
10:13:05,15.85,1500,
10:13:07,15.85,300,
10:13:07,15.858,1001,
10:13:08,15.85,700,
10:13:08,15.85,700,
10:13:08,15.85,100,
10:13:08,15.85,175,
10:13:08,15.85,125,
10:13:09,15.84,300,
10:13:09,15.84,100,
10:13:09,15.85,400,
10:13:10,15.84,100,
10:13:11,15.85,100,
10:13:11,15.85,268,
10:13:12,15.85,100,
10:13:14,15.85,100,
10:13:14,15.85,100,
10:13:17,15.86,500,
10:13:17,15.86,100,
10:13:17,15.86,500,
10:13:17,15.86,100,
10:13:17,15.87,100,
10:13:17,15.88,100,
10:13:17,15.89,202,
10:13:17,15.89,100,
10:13:17,15.88,100,
10:13:18,15.88,100,
10:13:18,15.89,225,
10:13:18,15.90,100,
10:13:18,15.90,800,
10:13:18,15.89,100,
10:13:18,15.90,400,
10:13:19,15.90,700,
10:13:19,15.88,100,
10:13:19,15.88,100,
10:13:19,15.91,100,
10:13:19,15.91,547,
10:13:19,15.91,100,
10:13:20,15.91,200,
10:13:20,15.91,400,
10:13:20,15.91,100,
10:13:21,15.92,400,
10:13:21,15.92,100,
10:13:21,15.91,100,
10:13:21,15.92,400,
10:13:21,15.92,200,
10:13:21,15.91,100,
10:13:22,15.91,100,
10:13:22,15.91,400,
10:13:22,15.91,800,
10:13:22,15.91,100,
10:13:23,15.90,118,
10:13:23,15.90,400,
10:13:23,15.90,100,
10:13:23,15.90,500,
10:13:23,15.89,200,
10:13:23,15.89,100,
10:13:23,15.90,400,
10:13:23,15.90,100,
10:13:23,15.90,200,
10:13:23,15.90,1600,
10:13:23,15.8901,5000,
10:13:25,15.90,100,
10:13:26,15.92,800,
10:13:26,15.92,800,
10:13:26,15.93,100,
10:13:27,15.94,100,
10:13:27,15.94,100,
10:13:27,15.93,100,
10:13:29,15.94,100,
10:13:29,15.94,100,
10:13:30,15.94,100,
10:13:32,15.9417,600,
10:13:34,15.94,100,
10:13:34,15.94,100,
10:13:34,15.943,400,
10:13:35,15.9401,500,
10:13:36,15.95,400,
10:13:36,15.95,137,
10:13:36,15.95,100,
10:13:38,15.95,100,
10:13:41,15.96,200,
10:13:41,15.96,145,
10:13:42,15.9687,2000,
10:13:42,15.98,719,
10:13:42,15.98,800,
10:13:44,15.97,400,
10:13:44,15.97,100,
10:13:47,15.95,200,
10:13:49,15.95,157,
10:13:49,15.95,400,
10:13:49,15.95,500,
10:13:49,15.95,700,
10:13:52,15.96,5000,
10:13:55,15.9625,2000,
10:13:56,15.97,100,
10:13:56,15.98,400,
10:13:56,15.98,819,
10:13:56,15.98,500,
10:13:57,15.98,600,
10:13:58,15.99,919,
10:13:58,15.98,300,
10:13:58,15.98,1719,
10:13:58,15.99,500,
10:13:58,15.971,1000,
10:13:59,16,1329,
10:14:00,16,2000,
10:14:00,16,700,
10:14:00,16,1000,
10:14:00,16.01,800,
10:14:00,16.01,2000,
10:14:02,16.01,943,
10:14:02,16.01,100,
10:14:04,16.002,100,
10:14:05,16,266,
10:14:05,16.0015,3000,
10:14:10,15.98,100,
10:14:11,15.96,100,
10:14:12,15.9683,1000,
10:14:13,15.968,500,
10:14:16,15.97,398,
10:14:16,15.97,134,
10:14:19,15.9601,800,
10:14:19,15.9601,1200,
10:14:19,15.9646,300,
10:14:21,15.9686,400,
10:14:28,15.96,300,
10:14:30,15.95,100,
10:14:32,15.93,100,
10:14:33,15.94,219,
10:14:33,15.94,800,
10:14:36,15.95,200,
10:14:36,15.95,100,
10:14:36,15.96,100,
10:14:37,15.96,100,
10:14:37,15.95,100,
10:14:39,15.94,100,
10:14:41,15.93,500,
10:14:43,15.93,100,
10:14:46,15.94,183,
10:14:46,15.94,600,
10:14:47,15.95,100,
10:14:49,15.95,100,
10:14:51,15.94,850,
10:14:51,15.9501,100,
10:14:53,15.94,100,
10:14:53,15.94,100,
10:14:53,15.94,400,
10:14:54,15.93,300,
10:14:54,15.93,156,
10:14:54,15.92,400,
10:14:54,15.92,100,
10:14:55,15.92,500,
10:14:57,15.925,900,
10:15:01,15.921,300,
10:15:01,15.921,2700,
10:15:02,15.92,300,
10:15:03,15.91,600,
10:15:03,15.91,100,
10:15:05,15.91,300,
10:15:05,15.91,800,
10:15:05,15.91,100,
10:15:06,15.91,6600,
10:15:07,15.91,6700,
10:15:08,15.902,500,
10:15:10,15.92,100,
10:15:14,15.93,300,
10:15:15,15.9399,1000,
10:15:18,15.92,100,
10:15:19,15.9201,1044,
10:15:23,15.93,300,
10:15:28,15.92,100,
10:15:34,15.9185,2000,
10:15:35,15.9087,600,
10:15:38,15.91,5000,
10:15:38,15.89,300,
10:15:42,15.89,100,
10:15:43,15.89,100,
10:15:47,15.892,500,
10:15:53,15.891,500,
10:15:58,15.9075,3000,
10:16:06,15.91,100,
10:16:08,15.90,100,
10:16:08,15.9108,100,
10:16:12,15.9013,3400,
10:16:13,15.9013,800,
10:16:13,15.902,600,
10:16:13,15.901,1500,
10:16:17,15.91,100,
10:16:17,15.91,500,
10:16:24,15.92,100,
10:16:27,15.92,200,
10:16:35,15.93,100,
10:16:38,15.9404,1000,
10:16:39,15.95,100,
10:16:40,15.95,1080,
10:16:40,15.96,100,
10:16:41,15.95,100,
10:16:44,15.94,200,
10:16:44,15.94,200,
10:16:44,15.94,100,
10:16:44,15.94,100,
10:16:44,15.93,400,
10:16:44,15.93,600,
10:16:44,15.93,100,
10:16:46,15.928,1000,
10:17:02,15.93,100,
10:17:02,15.9394,500,
10:17:08,15.93,200,
10:17:16,15.9101,100,
10:17:16,15.91,500,
10:17:19,15.91,100,
10:17:20,15.91,100,
10:17:25,15.92,700,
10:17:33,15.93,800,
10:17:35,15.93,100,
10:17:37,15.93,900,
10:17:37,15.93,120,
10:17:37,15.93,100,
10:17:41,15.93,100,
10:17:46,15.91,400,
10:17:48,15.92,100,
10:17:58,15.9285,5000,
10:17:58,15.93,100,
10:17:59,15.94,200,
10:17:59,15.94,100,
10:18:00,15.94,3500,
10:18:01,15.9383,500,
10:18:07,15.9299,3750,
10:18:08,15.92,100,
10:18:21,15.91,100,
10:18:22,15.90,500,
10:18:41,15.9099,2000,
10:18:53,15.90,100,
10:18:59,15.91,100,
10:18:59,15.9101,100,
10:18:59,15.9063,600,
10:18:59,15.91,200,
10:18:59,15.91,400,
10:19:05,15.8975,3000,
10:19:06,15.90,100,
10:19:12,15.90,100,
10:19:26,15.90,312,
10:19:26,15.90,100,
10:19:27,15.90,300,
10:19:28,15.8999,668,
10:19:33,15.91,200,
10:19:37,15.90,200,
10:19:37,15.90,200,
10:19:37,15.90,100,
10:19:38,15.899,500,
10:19:48,15.90,100,
10:19:52,15.91,100,
10:19:52,15.91,400,
10:19:52,15.91,100,
10:19:52,15.92,1381,
10:19:52,15.92,100,
10:19:53,15.9294,500,
10:20:02,15.92,100,
10:20:08,15.91,200,
10:20:09,15.90,600,
10:20:14,15.90,200,
10:20:18,15.9083,100,
10:20:28,15.90,800,
10:20:28,15.89,100,
10:20:28,15.89,400,
10:20:28,15.89,100,
10:20:35,15.90,100,
10:20:46,15.90,700,
10:20:50,15.898,500,
10:21:02,15.89,100,
10:21:02,15.89,300,
10:21:02,15.89,800,
10:21:05,15.891,3750,
10:21:17,15.89,400,
10:21:26,15.89,100,
10:21:27,15.89,900,
10:21:27,15.89,300,
10:21:30,15.89,400,
10:21:30,15.88,500,
10:21:30,15.88,300,
10:21:30,15.88,119,
10:21:35,15.89,100,
10:21:35,15.89,300,
10:21:39,15.88,500,
10:21:46,15.89,300,
10:21:49,15.89,100,
10:21:54,15.8983,500,
10:21:55,15.89,100,
10:21:58,15.89,100,
10:22:00,15.89,100,
10:22:07,15.8999,400,
10:22:20,15.89,100,
10:22:21,15.87,200,
10:22:21,15.87,800,
10:22:22,15.87,900,
10:22:22,15.87,400,
10:22:22,15.87,254,
10:22:22,15.87,500,
10:22:22,15.87,200,
10:22:22,15.87,100,
10:22:27,15.88,3000,
10:22:27,15.8799,2700,
10:22:29,15.88,200,
10:22:35,15.86,819,
10:22:35,15.86,800,
10:22:35,15.86,500,
10:22:36,15.86,100,
10:22:38,15.86,100,
10:22:39,15.8501,200,
10:22:41,15.853,100,
10:22:45,15.8517,1000,
10:22:46,15.8501,1000,
10:22:48,15.8501,2500,
10:22:52,15.8583,1000,
10:22:56,15.85,36800,
10:22:59,15.87,100,
10:23:04,15.8783,500,
10:23:07,15.88,100,
10:23:08,15.88,100,
10:23:17,15.877,400,
10:23:19,15.88,100,
10:23:26,15.88,300,
10:23:26,15.88,100,
10:23:28,15.885,100,
10:23:28,15.885,100,
10:23:29,15.88,100,
10:23:29,15.88,100,
10:23:34,15.88,420,
10:23:34,15.88,400,
10:23:34,15.88,100,
10:23:34,15.88,3000,
10:23:34,15.88,500,
10:23:34,15.88,3000,
10:23:34,15.88,100,
10:23:34,15.88,1600,
10:23:34,15.87,200,
10:23:34,15.88,100,
10:23:34,15.88,200,
10:23:34,15.88,2100,
10:23:34,15.88,3000,
10:23:34,15.88,3000,
10:23:34,15.88,100,
10:23:34,15.88,1600,
10:23:34,15.88,199,
10:23:34,15.88,199,
10:23:34,15.88,600,
10:23:38,15.88,100,
10:23:41,15.88,800,
10:23:53,15.88,940,
10:23:56,15.87,100,
10:23:56,15.87,100,
10:23:56,15.8737,100,
10:24:12,15.86,100,
10:24:13,15.86,200,
10:24:14,15.8601,200,
10:24:23,15.87,400,
10:24:36,15.86,1000,
10:24:44,15.88,1200,
10:24:45,15.8887,800,
10:24:47,15.88,1700,
10:24:49,15.8783,200,
10:24:53,15.87,200,
10:24:53,15.87,100,
10:24:56,15.8783,190,
10:24:59,15.87,100,
10:25:02,15.8699,3000,
10:25:05,15.86,200,
10:25:05,15.86,500,
10:25:10,15.8599,200,
10:25:18,15.85,500,
10:25:20,15.858,350,
10:25:26,15.852,150,
10:25:28,15.85,230,
10:25:31,15.84,519,
10:25:31,15.84,800,
10:25:31,15.84,600,
10:25:31,15.84,100,
10:25:31,15.83,119,
10:25:31,15.83,700,
10:25:31,15.83,600,
10:25:31,15.83,100,
10:25:31,15.82,400,
10:25:31,15.83,254,
10:25:31,15.83,141,
10:25:31,15.8301,100,
10:25:31,15.83,1000,
10:25:32,15.838,1001,
10:25:34,15.8385,3000,
10:25:36,15.83,100,
10:25:37,15.8217,1500,
10:25:38,15.82,1000,
10:25:38,15.823,100,
10:25:38,15.82,200,
10:25:38,15.823,100,
10:25:39,15.83,500,
10:25:39,15.8221,1000,
10:25:40,15.82,125,
10:25:47,15.8283,1500,
10:25:49,15.82,100,
10:25:50,15.81,200,
10:25:50,15.81,400,
10:25:50,15.81,500,
10:25:50,15.82,100,
10:25:50,15.812,1200,
10:25:54,15.81,254,
10:25:59,15.812,100,
10:26:01,15.81,130,
10:26:01,15.805,470,
10:26:02,15.80,100,
10:26:02,15.80,475,
10:26:02,15.811,250,
10:26:02,15.80,135,
10:26:04,15.80,1530,
10:26:08,15.802,300,
10:26:12,15.80,2675,
10:26:12,15.80,450,
10:26:13,15.81,100,
10:26:15,15.80,100,
10:26:16,15.80,20000,
10:26:17,15.81,800,
10:26:17,15.81,500,
10:26:18,15.8017,267,
10:26:18,15.8017,733,
10:26:20,15.8017,200,
10:26:21,15.81,100,
10:26:23,15.819,600,
10:26:28,15.8166,1000,
10:26:30,15.82,200,
10:26:33,15.81,1200,
10:26:33,15.81,100,
10:26:33,15.81,900,
10:26:33,15.81,300,
10:26:35,15.8117,600,
10:26:36,15.81,3200,
10:26:44,15.83,900,
10:26:46,15.83,1220,
10:26:46,15.83,3181,
10:26:47,15.83,100,
10:26:47,15.83,100,
10:26:47,15.83,118,
10:26:50,15.82,100,
10:26:57,15.82,100,
10:26:57,15.82,100,
10:27:00,15.82,200,
10:27:00,15.82,300,
10:27:01,15.82,100,
10:27:02,15.82,100,
10:27:06,15.8101,200,
10:27:09,15.818,1000,
10:27:12,15.812,500,
10:27:19,15.8185,3000,
10:27:22,15.81,100,
10:27:22,15.81,300,
10:27:22,15.81,100,
10:27:22,15.81,1600,
10:27:22,15.81,254,
10:27:29,15.8121,200,
10:27:29,15.819,1500,
10:27:29,15.818,1300,
10:27:31,15.818,400,
10:27:32,15.817,150,
10:27:34,15.82,500,
10:27:34,15.82,400,
10:27:40,15.8199,200,
10:27:40,15.8199,100,
10:27:41,15.819,300,
10:27:46,15.8199,800,
10:27:48,15.818,500,
10:27:54,15.81,300,
10:27:56,15.82,1700,
10:27:58,15.82,1000,
10:28:00,15.82,100,
10:28:01,15.82,200,
10:28:04,15.8296,500,
10:28:08,15.8201,400,
10:28:11,15.83,100,
10:28:12,15.83,500,
10:28:12,15.83,200,
10:28:12,15.83,1000,
10:28:12,15.83,100,
10:28:15,15.829,400,
10:28:15,15.822,1000,
10:28:16,15.82,100,
10:28:16,15.82,300,
10:28:16,15.82,2500,
10:28:16,15.82,400,
10:28:16,15.82,1900,
10:28:16,15.82,1900,
10:28:16,15.82,2000,
10:28:16,15.82,1200,
10:28:16,15.82,1400,
10:28:16,15.82,1800,
10:28:16,15.82,1800,
10:28:16,15.82,1700,
10:28:16,15.82,1700,
10:28:16,15.82,1900,
10:28:16,15.82,1200,
10:28:16,15.82,1000,
10:28:16,15.82,2846,
10:28:17,15.82,100,
10:28:19,15.8187,125,
10:28:27,15.81,11000,
10:28:37,15.82,500,
10:28:37,15.82,500,
10:28:42,15.818,1500,
10:28:47,15.82,600,
10:28:49,15.81,400,
10:28:54,15.808,600,
10:29:00,15.81,500,
10:29:03,15.808,500,
10:29:06,15.80,400,
10:29:10,15.81,500,
10:29:15,15.801,435,
10:29:15,15.80,565,
10:29:23,15.81,200,
10:29:25,15.809,100,
10:29:25,15.809,100,
10:29:25,15.81,500,
10:29:34,15.82,2000,
10:29:36,15.82,1619,
10:29:36,15.82,1400,
10:29:40,15.82,100,
10:29:40,15.82,200,
10:29:41,15.82,200,
10:29:42,15.82,200,
10:29:49,15.82,400,
10:29:49,15.819,100,
10:29:51,15.825,550,
10:29:54,15.81,150,
10:29:54,15.81,100,
10:29:54,15.811,3000,
10:29:54,15.8099,5111,
10:29:57,15.8088,200,
10:29:58,15.80,400,
10:29:58,15.80,1100,
10:29:58,15.80,262,
10:29:58,15.80,300,
10:29:58,15.80,500,
10:29:58,15.78,700,
10:29:58,15.80,100,
10:29:58,15.80,128,
10:29:58,15.80,1000,
10:29:58,15.78,1000,
10:29:59,15.7801,2000,
10:29:59,15.78,300,
10:30:03,15.78,300,
10:30:04,15.78,410,
10:30:04,15.77,325,
10:30:04,15.78,800,
10:30:05,15.78,1600,
10:30:06,15.78,100,
10:30:06,15.77,500,
10:30:07,15.77,360,
10:30:07,15.78,600,
10:30:09,15.7616,100,
10:30:13,15.76,254,
10:30:13,15.76,146,
10:30:13,15.76,350,
10:30:13,15.75,190,
10:30:13,15.75,300,
10:30:13,15.75,500,
10:30:13,15.75,254,
10:30:14,15.75,200,
10:30:14,15.75,300,
10:30:15,15.75,200,
10:30:15,15.75,300,
10:30:15,15.75,150,
10:30:15,15.76,1000,
10:30:15,15.7501,150,
10:30:15,15.75,500,
10:30:15,15.76,100,
10:30:16,15.75,200,
10:30:16,15.75,300,
10:30:16,15.75,150,
10:30:17,15.76,100,
10:30:17,15.76,554,
10:30:17,15.76,155,
10:30:19,15.7617,1100,
10:30:21,15.762,300,
10:30:21,15.7599,1000,
10:30:22,15.75,930,
10:30:23,15.7517,400,
10:30:23,15.7583,600,
10:30:24,15.752,400,
10:30:26,15.75,240,
10:30:27,15.759,100,
10:30:28,15.759,100,
10:30:29,15.7552,500,
10:30:34,15.75,1719,
10:30:36,15.75,150,
10:30:37,15.75,450,
10:30:39,15.752,1500,
10:30:44,15.76,750,
10:30:45,15.7501,7500,
10:30:47,15.75,3400,
10:30:47,15.7583,400,
10:30:55,15.7556,200,
10:30:57,15.751,300,
10:30:57,15.75,700,
10:31:00,15.75,200,
10:31:03,15.75,1000,
10:31:03,15.751,310,
10:31:03,15.751,300,
10:31:03,15.76,500,
10:31:03,15.76,500,
10:31:03,15.76,300,
10:31:03,15.76,100,
10:31:06,15.75,200,
10:31:06,15.75,2000,
10:31:10,15.7527,3000,
10:31:12,15.758,500,
10:31:12,15.76,300,
10:31:12,15.759,1000,
10:31:14,15.759,800,
10:31:15,15.76,2000,
10:31:15,15.75,100,
10:31:15,15.759,300,
10:31:16,15.76,121,
10:31:16,15.76,100,
10:31:17,15.76,100,
10:31:21,15.763,125,
10:31:24,15.769,300,
10:31:24,15.769,300,
10:31:24,15.78,100,
10:31:27,15.782,500,
10:31:35,15.7899,2000,
10:31:36,15.79,2000,
10:31:36,15.80,200,
10:31:39,15.79,200,
10:31:39,15.79,2000,
10:31:39,15.79,500,
10:31:42,15.80,100,
10:31:42,15.81,400,
10:31:42,15.81,200,
10:31:44,15.81,400,
10:31:44,15.82,10000,
10:31:45,15.813,400,
10:31:46,15.81,363,
10:31:47,15.81,100,
10:31:48,15.80,600,
10:31:48,15.80,300,
10:31:54,15.792,500,
10:31:59,15.7975,300,
10:32:00,15.80,100,
10:32:03,15.818,200,
10:32:03,15.8104,500,
10:32:06,15.818,200,
10:32:07,15.8183,200,
10:32:11,15.82,100,
10:32:12,15.83,400,
10:32:12,15.84,100,
10:32:15,15.83,200,
10:32:15,15.83,100,
10:32:16,15.839,500,
10:32:16,15.839,100,
10:32:18,15.84,100,
10:32:18,15.84,300,
10:32:18,15.84,100,
10:32:22,15.84,100,
10:32:22,15.839,300,
10:32:22,15.839,300,
10:32:24,15.832,700,
10:32:24,15.84,800,
10:32:30,15.84,400,
10:32:32,15.84,2100,
10:32:33,15.85,500,
10:32:37,15.85,100,
10:32:39,15.849,1500,
10:32:43,15.8417,1200,
10:32:47,15.83,100,
10:32:47,15.83,100,
10:32:49,15.8283,1000,
10:33:03,15.8301,1500,
10:33:06,15.838,1000,
10:33:10,15.83,100,
10:33:10,15.825,1500,
10:33:11,15.82,300,
10:33:12,15.82,100,
10:33:12,15.8299,4000,
10:33:20,15.8283,500,
10:33:28,15.83,500,
10:33:28,15.83,100,
10:33:28,15.83,2100,
10:33:28,15.83,500,
10:33:37,15.83,600,
10:33:37,15.83,100,
10:33:37,15.83,400,
10:34:00,15.827,150,
10:34:08,15.83,400,
10:34:08,15.83,500,
10:34:09,15.821,100,
10:34:27,15.828,1000,
10:34:41,15.8287,1000,
10:34:42,15.83,100,
10:34:55,15.83,300,
10:34:56,15.83,265,
10:34:56,15.829,500,
10:34:58,15.829,100,
10:34:59,15.829,500,
10:35:05,15.8201,3400,
10:35:05,15.83,100,
10:35:09,15.83,200,
10:35:17,15.8399,2000,
10:35:21,15.83,100,
10:35:26,15.83,600,
10:35:26,15.83,600,
10:35:26,15.83,100,
10:35:31,15.83,200,
10:35:31,15.83,100,
10:35:31,15.83,200,
10:35:31,15.83,100,
10:35:31,15.83,200,
10:35:36,15.8383,1000,
10:35:38,15.83,200,
10:35:43,15.8365,1700,
10:35:45,15.831,3000,
10:35:46,15.84,200,
10:35:46,15.8392,1000,
10:35:54,15.831,1500,
10:36:00,15.838,500,
10:36:04,15.82,100,
10:36:04,15.82,400,
10:36:04,15.82,100,
10:36:04,15.82,100,
10:36:10,15.81,300,
10:36:15,15.819,100,
10:36:15,15.815,100,
10:36:17,15.81,100,
10:36:19,15.8183,330,
10:36:20,15.81,100,
10:36:20,15.81,400,
10:36:20,15.81,100,
10:36:23,15.80,100,
10:36:29,15.80,600,
10:36:35,15.80,100,
10:36:35,15.80,300,
10:36:35,15.80,100,
10:36:35,15.80,300,
10:36:35,15.80,100,
10:36:38,15.80,1100,
10:36:38,15.80,1000,
10:36:39,15.81,100,
10:36:41,15.80,200,
10:36:41,15.80,100,
10:36:42,15.808,435,
10:36:44,15.81,100,
10:36:48,15.803,400,
10:37:00,15.8083,170,
10:37:04,15.80,900,
10:37:10,15.80,100,
10:37:10,15.80,900,
10:37:15,15.8099,5500,
10:37:20,15.8087,500,
10:37:22,15.80,200,
10:37:30,15.81,400,
10:37:30,15.81,1119,
10:37:30,15.82,100,
10:37:30,15.82,200,
10:37:30,15.82,100,
10:37:31,15.808,1000,
10:37:31,15.82,300,
10:37:34,15.82,100,
10:37:35,15.82,200,
10:37:37,15.82,100,
10:37:38,15.82,1900,
10:37:42,15.828,600,
10:37:42,15.82,400,
10:37:47,15.82,100,
10:38:00,15.82,100,
10:38:05,15.83,100,
10:38:05,15.83,200,
10:38:11,15.82,100,
10:38:16,15.8192,100,
10:38:18,15.8193,300,
10:38:21,15.82,500,
10:38:21,15.83,600,
10:38:21,15.83,300,
10:38:27,15.83,200,
10:38:28,15.838,100,
10:38:30,15.8399,600,
10:38:36,15.84,150,
10:38:36,15.84,500,
10:38:36,15.84,200,
10:38:38,15.85,100,
10:38:38,15.85,100,
10:38:38,15.85,1300,
10:38:39,15.8499,100,
10:38:39,15.8499,100,
10:38:39,15.8499,100,
10:38:39,15.8499,100,
10:38:42,15.842,600,
10:38:53,15.8492,5000,
10:38:58,15.84,300,
10:38:58,15.84,100,
10:38:58,15.84,500,
10:38:58,15.84,1300,
10:38:58,15.84,300,
10:38:58,15.84,135,
10:39:00,15.8383,960,
10:39:11,15.8386,1000,
10:39:12,15.83,100,
10:39:12,15.83,100,
10:39:12,15.839,3700,
10:39:13,15.83,1000,
10:39:13,15.83,300,
10:39:13,15.83,300,
10:39:33,15.828,1000,
10:39:36,15.82,400,
10:39:36,15.83,800,
10:39:36,15.83,200,
10:39:48,15.822,500,
10:39:49,15.829,800,
10:40:00,15.82,100,
10:40:01,15.82,100,
10:40:05,15.81,1300,
10:40:11,15.82,100,
10:40:11,15.82,600,
10:40:14,15.8283,500,
10:40:20,15.83,100,
10:40:21,15.8399,2000,
10:40:23,15.83,300,
10:40:26,15.84,200,
10:40:30,15.8399,300,
10:40:30,15.8399,400,
10:40:30,15.83,100,
10:40:33,15.838,740,
10:40:34,15.84,300,
10:40:45,15.838,300,
10:40:59,15.84,100,
10:41:04,15.8399,1500,
10:41:06,15.84,100,
10:41:28,15.84,200,
10:41:38,15.8383,750,
10:41:46,15.832,500,
10:41:47,15.8383,500,
10:41:59,15.83,100,
10:42:09,15.82,1500,
10:42:09,15.83,100,
10:42:10,15.82,300,
10:42:10,15.82,400,
10:42:10,15.82,100,
10:42:10,15.82,100,
10:42:20,15.82,365,
10:42:24,15.819,100,
10:42:29,15.82,200,
10:42:30,15.82,1000,
10:42:31,15.818,400,
10:42:33,15.82,100,
10:42:42,15.82,200,
10:42:53,15.84,100,
10:42:55,15.832,350,
10:42:56,15.84,159,
10:43:08,15.84,100,
10:43:22,15.8299,117,
10:43:30,15.83,100,
10:43:31,15.83,700,
10:43:31,15.83,400,
10:43:33,15.83,500,
10:43:40,15.838,186,
10:43:49,15.833,200,
10:43:54,15.8383,750,
10:43:58,15.837,414,
10:44:18,15.84,100,
10:44:21,15.8301,200,
10:44:24,15.84,500,
10:44:24,15.84,100,
10:44:34,15.838,1000,
10:44:37,15.8317,1025,
10:44:44,15.8399,1100,
10:44:44,15.8399,1000,
10:44:51,15.8383,200,
10:44:52,15.8399,300,
10:44:56,15.83,300,
10:45:46,15.828,1200,
10:45:50,15.83,2100,
10:45:52,15.84,727,
10:45:57,15.84,835,
10:45:57,15.84,200,
10:45:58,15.84,4000,
10:45:58,15.84,400,
10:45:58,15.84,600,
10:45:58,15.84,1200,
10:45:58,15.84,3081,
10:45:58,15.84,700,
10:45:59,15.849,200,
10:45:59,15.849,227,
10:45:59,15.85,227,
10:45:59,15.85,200,
10:46:03,15.85,100,
10:46:03,15.8499,1600,
10:46:03,15.85,473,
10:46:03,15.85,800,
10:46:03,15.85,200,
10:46:03,15.85,200,
10:46:12,15.85,650,
10:46:13,15.86,400,
10:46:14,15.859,400,
10:46:14,15.85,100,
10:46:15,15.859,200,
10:46:16,15.858,200,
10:46:23,15.85,500,
10:46:23,15.85,100,
10:46:23,15.85,400,
10:46:23,15.85,300,
10:46:26,15.8599,500,
10:46:30,15.85,600,
10:46:30,15.85,700,
10:46:31,15.85,100,
10:46:31,15.85,800,
10:46:31,15.85,1200,
10:46:31,15.85,1100,
10:46:31,15.85,100,
10:46:32,15.85,100,
10:46:41,15.8462,500,
10:46:52,15.849,100,
10:46:52,15.849,700,
10:46:52,15.849,600,
10:46:52,15.849,100,
10:47:13,15.842,500,
10:47:27,15.85,271,
10:47:27,15.85,100,
10:47:27,15.85,1129,
10:47:31,15.85,100,
10:47:40,15.86,100,
10:47:41,15.87,1500,
10:47:41,15.87,500,
10:47:42,15.87,200,
10:47:47,15.87,100,
10:47:47,15.86,400,
10:47:49,15.8699,187,
10:47:52,15.8675,2000,
10:47:59,15.869,500,
10:47:59,15.87,400,
10:48:00,15.87,100,
10:48:01,15.869,1500,
10:48:06,15.88,1000,
10:48:06,15.8787,200,
10:48:07,15.87,248,
10:48:16,15.8792,500,
10:48:19,15.8708,2000,
10:48:24,15.88,200,
10:48:27,15.89,100,
10:48:28,15.89,254,
10:48:29,15.89,200,
10:48:29,15.8983,1000,
10:48:30,15.8983,240,
10:48:34,15.90,500,
10:48:36,15.909,100,
10:48:38,15.909,100,
10:48:39,15.90,100,
10:48:40,15.91,20000,
10:48:43,15.908,600,
10:48:43,15.91,600,
10:48:45,15.90,1500,
10:48:45,15.90,100,
10:48:46,15.91,100,
10:48:55,15.909,100,
10:48:58,15.908,500,
10:49:01,15.91,1000,
10:49:04,15.9199,10000,
10:49:04,15.908,945,
10:49:07,15.91,100,
10:49:07,15.90,200,
10:49:09,15.91,600,
10:49:12,15.9184,100,
10:49:12,15.92,100,
10:49:16,15.92,135,
10:49:17,15.9179,600,
10:49:18,15.92,800,
10:49:18,15.92,100,
10:49:18,15.91,100,
10:49:20,15.9172,100,
10:49:20,15.92,100,
10:49:20,15.9199,100,
10:49:20,15.9199,100,
10:49:22,15.92,100,
10:49:24,15.92,1718,
10:49:24,15.92,254,
10:49:24,15.92,500,
10:49:24,15.92,300,
10:49:24,15.92,6200,
10:49:25,15.93,200,
10:49:25,15.93,1100,
10:49:26,15.93,200,
10:49:26,15.93,100,
10:49:26,15.93,300,
10:49:27,15.93,100,
10:49:28,15.929,300,
10:49:28,15.93,200,
10:49:28,15.922,1000,
10:49:31,15.9217,200,
10:49:31,15.93,400,
10:49:31,15.929,400,
10:49:32,15.93,500,
10:49:32,15.93,500,
10:49:33,15.93,100,
10:49:34,15.938,700,
10:49:34,15.938,300,
10:49:36,15.92,100,
10:49:36,15.92,400,
10:49:42,15.915,2000,
10:49:43,15.919,400,
10:49:43,15.91,400,
10:49:43,15.91,600,
10:49:43,15.91,2000,
10:49:44,15.91,1000,
10:49:44,15.91,1600,
10:49:44,15.91,400,
10:49:45,15.90,100,
10:49:45,15.90,100,
10:49:47,15.91,100,
10:49:48,15.92,100,
10:49:48,15.93,5300,
10:49:51,15.92,100,
10:50:07,15.91,600,
10:50:08,15.92,200,
10:50:08,15.92,600,
10:50:10,15.92,100,
10:50:15,15.92,1119,
10:50:17,15.92,100,
10:50:20,15.93,500,
10:50:20,15.9283,1000,
10:50:25,15.93,100,
10:50:26,15.9301,1000,
10:50:29,15.93,100,
10:50:41,15.92,100,
10:50:44,15.9217,900,
10:50:46,15.93,300,
10:50:46,15.93,300,
10:50:46,15.93,1500,
10:50:46,15.93,400,
10:50:46,15.93,200,
10:50:46,15.93,100,
10:50:46,15.93,500,
10:50:46,15.93,1900,
10:50:47,15.93,100,
10:50:47,15.93,1000,
10:50:47,15.93,1100,
10:50:47,15.93,900,
10:50:47,15.93,1100,
10:50:49,15.93,962,
10:50:49,15.93,400,
10:50:49,15.93,738,
10:50:49,15.93,200,
10:50:49,15.93,100,
10:50:57,15.93,200,
10:51:02,15.93,101,
10:51:02,15.93,300,
10:51:02,15.93,100,
10:51:04,15.932,1000,
10:51:08,15.9399,500,
10:51:08,15.9315,100,
10:51:09,15.94,419,
10:51:09,15.94,500,
10:51:10,15.9372,500,
10:51:15,15.939,1200,
10:51:18,15.94,100,
10:51:18,15.95,200,
10:51:20,15.95,10000,
10:51:22,15.9599,600,
10:51:22,15.96,901,
10:51:23,15.958,901,
10:51:24,15.95,500,
10:51:24,15.95,300,
10:51:25,15.95,100,
10:51:25,15.95,100,
10:51:25,15.95,1100,
10:51:25,15.95,100,
10:51:25,15.95,208,
10:51:25,15.95,700,
10:51:27,15.95,200,
10:51:27,15.95,100,
10:51:28,15.95,500,
10:51:30,15.95,100,
10:51:30,15.95,200,
10:51:31,15.95,6000,
10:51:32,15.95,100,
10:51:32,15.95,100,
10:51:35,15.95,100,
10:51:35,15.95,100,
10:51:35,15.95,100,
10:51:36,15.95,1000,
10:51:36,15.95,291,
10:51:36,15.95,500,
10:51:36,15.95,400,
10:51:36,15.95,200,
10:51:41,15.9683,800,
10:51:42,15.96,254,
10:51:42,15.951,100,
10:51:42,15.96,200,
10:51:42,15.96,200,
10:51:42,15.96,300,
10:51:43,15.967,300,
10:51:44,15.969,200,
10:51:46,15.967,300,
10:51:47,15.96,100,
10:51:49,15.959,700,
10:51:51,15.96,100,
10:51:51,15.96,200,
10:51:52,15.96,10000,
10:51:53,15.96,100,
10:51:55,15.96,319,
10:51:55,15.96,500,
10:51:55,15.96,225,
10:51:57,15.96,100,
10:51:57,15.96,1500,
10:51:57,15.96,100,
10:51:58,15.959,200,
10:51:58,15.95,200,
10:51:59,15.97,320,
10:51:59,15.96,100,
10:51:59,15.96,700,
10:52:01,15.969,300,
10:52:02,15.97,100,
10:52:06,15.9615,3000,
10:52:08,15.97,1719,
10:52:11,15.969,100,
10:52:11,15.9699,100,
10:52:12,15.97,120,
10:52:13,15.969,700,
10:52:17,15.965,300,
10:52:17,15.9615,5000,
10:52:17,15.962,2600,
10:52:17,15.969,800,
10:52:20,15.96,100,
10:52:20,15.96,500,
10:52:20,15.96,100,
10:52:20,15.96,100,
10:52:20,15.9601,100,
10:52:20,15.97,200,
10:52:22,15.9683,100,
10:52:23,15.9683,200,
10:52:28,15.969,2100,
10:52:28,15.97,900,
10:52:30,15.96,1000,
10:52:30,15.96,2982,
10:52:30,15.96,400,
10:52:30,15.96,320,
10:52:31,15.961,3000,
10:52:35,15.968,250,
10:52:35,15.96,200,
10:52:41,15.962,1000,
10:52:46,15.967,145,
10:52:47,15.962,500,
10:52:48,15.97,500,
10:52:52,15.962,1500,
10:52:58,15.97,100,
10:52:58,15.97,900,
10:53:05,15.97,500,
10:53:07,15.97,1000,
10:53:08,15.97,1000,
10:53:09,15.97,1800,
10:53:13,15.9704,500,
10:53:15,15.97,500,
10:53:20,15.979,1500,
10:53:20,15.98,100,
10:53:20,15.98,200,
10:53:24,15.9701,3900,
10:53:26,15.97,100,
10:53:37,15.97,500,
10:53:37,15.97,1600,
10:53:37,15.97,800,
10:53:39,15.9601,400,
10:53:41,15.968,700,
10:53:42,15.9575,1000,
10:53:46,15.96,300,
10:53:47,15.97,100,
10:53:53,15.968,500,
10:53:58,15.97,297,
10:53:58,15.97,700,
10:53:58,15.97,100,
10:53:58,15.97,199,
10:53:58,15.97,400,
10:53:58,15.9701,100,
10:53:58,15.9701,600,
10:53:58,15.9701,384,
10:53:58,15.9701,199,
10:53:58,15.9701,120,
10:53:58,15.9701,700,
10:54:00,15.9717,500,
10:54:00,15.98,1400,
10:54:01,15.98,2000,
10:54:09,15.979,100,
10:54:14,15.97,103,
10:54:16,15.97,2000,
10:54:44,15.97,100,
10:54:49,15.98,100,
10:54:51,15.98,1250,
10:54:51,15.9801,2000,
10:54:53,15.981,3000,
10:54:56,15.9701,600,
10:54:56,15.9701,3000,
10:54:56,15.9701,100,
10:54:56,15.9701,100,
10:54:56,15.9701,2000,
10:54:56,15.9701,200,
10:54:56,15.9701,100,
10:54:56,15.97,400,
10:54:56,15.97,100,
10:55:00,15.96,100,
10:55:08,15.94,700,
10:55:08,15.93,2600,
10:55:09,15.93,100,
10:55:09,15.92,200,
10:55:09,15.92,100,
10:55:09,15.92,500,
10:55:09,15.92,300,
10:55:09,15.92,1300,
10:55:09,15.92,100,
10:55:09,15.92,100,
10:55:09,15.92,700,
10:55:09,15.92,100,
10:55:09,15.93,100,
10:55:09,15.93,400,
10:55:09,15.93,400,
10:55:10,15.91,200,
10:55:10,15.91,100,
10:55:10,15.91,2100,
10:55:10,15.91,400,
10:55:11,15.92,100,
10:55:11,15.901,2000,
10:55:11,15.93,100,
10:55:11,15.93,500,
10:55:11,15.93,100,
10:55:11,15.93,700,
10:55:12,15.93,600,
10:55:12,15.93,600,
10:55:12,15.93,3800,
10:55:15,15.93,500,
10:55:16,15.92,500,
10:55:18,15.9201,5000,
10:55:19,15.94,100,
10:55:19,15.94,737,
10:55:19,15.94,1600,
10:55:19,15.95,500,
10:55:25,15.95,100,
10:55:25,15.95,600,
10:55:26,15.95,100,
10:55:26,15.95,100,
10:55:26,15.95,100,
10:55:26,15.96,200,
10:55:26,15.97,100,
10:55:27,15.98,500,
10:55:28,15.99,600,
10:55:29,15.97,1000,
10:55:30,15.98,200,
10:55:30,15.98,318,
10:55:32,15.982,1000,
10:55:33,15.97,519,
10:55:33,15.97,100,
10:55:34,15.98,200,
10:55:36,15.97,100,
10:55:41,15.9601,2000,
10:55:46,15.96,200,
10:55:46,15.96,200,
10:55:46,15.96,400,
10:55:46,15.96,100,
10:55:50,15.96,317,
10:55:53,15.962,1000,
10:56:01,15.96,100,
10:56:01,15.95,500,
10:56:04,15.9599,3000,
10:56:16,15.95,500,
10:56:20,15.95,100,
10:56:23,15.94,500,
10:56:23,15.94,100,
10:56:27,15.94,500,
10:56:27,15.94,500,
10:56:29,15.9315,5200,
10:56:43,15.95,100,
10:56:45,15.95,400,
10:56:46,15.95,100,
10:57:06,15.96,100,
10:57:17,15.977,220,
10:57:18,15.97,100,
10:57:23,15.96,100,
10:57:26,15.969,100,
10:57:29,15.968,400,
10:57:33,15.9683,900,
10:57:44,15.95,200,
10:57:44,15.95,100,
10:57:44,15.95,400,
10:57:50,15.96,100,
10:57:51,15.97,300,
10:57:51,15.9699,300,
10:57:51,15.9699,300,
10:57:51,15.9699,300,
10:57:51,15.9699,100,
10:57:51,15.97,100,
10:57:51,15.97,100,
10:57:51,15.97,100,
10:57:51,15.9699,100,
10:57:51,15.9699,100,
10:57:51,15.9699,120,
10:57:53,15.9699,100,
10:57:53,15.97,2740,
10:57:53,15.9608,5000,
10:57:56,15.96,500,
10:58:08,15.98,100,
10:58:20,15.98,100,
10:58:20,15.98,100,
10:58:23,15.99,500,
10:58:23,15.99,750,
10:58:34,15.99,500,
10:58:38,15.982,600,
10:58:41,15.99,100,
10:58:42,15.9901,200,
10:58:47,16,100,
10:58:49,15.9984,200,
10:58:49,15.9984,400,
10:58:50,16,10000,
10:58:56,15.99,400,
10:58:59,15.99,240,
10:58:59,15.9917,1000,
10:59:00,16,100,
10:59:02,16,411,
10:59:02,16,200,
10:59:03,16.0083,300,
10:59:03,16,200,
10:59:03,16,600,
10:59:05,16,1100,
10:59:05,16,700,
10:59:05,16,100,
10:59:05,16,2000,
10:59:09,16.0017,400,
10:59:11,16.008,500,
10:59:12,16.01,100,
10:59:20,16,100,
10:59:22,16,100,
10:59:22,16,1000,
10:59:22,16,1000,
10:59:22,16,1000,
10:59:23,16,100,
10:59:23,16,100,
10:59:24,16,100,
10:59:26,16,400,
10:59:31,15.99,100,
10:59:44,15.9925,2000,
10:59:45,15.9999,1000,
10:59:49,15.99,400,
10:59:49,15.99,100,
10:59:53,15.99,1100,
10:59:53,15.99,400,
10:59:55,16,100,
10:59:55,16.01,200,
10:59:55,16.01,100,
10:59:55,16.01,1700,
10:59:59,16.0017,300,
11:00:01,16.001,1500,
11:00:03,16.01,800,
11:00:03,16.02,100,
11:00:07,16.0199,2000,
11:00:07,16.0183,250,
11:00:08,16.02,354,
11:00:08,16.02,100,
11:00:10,16.03,100,
11:00:14,16.028,1640,
11:00:14,16.028,1000,
11:00:18,16.03,254,
11:00:19,16.04,200,
11:00:19,16.0283,100,
11:00:19,16.04,300,
11:00:23,16.0361,1000,
11:00:24,16.03,100,
11:00:29,16.02,611,
11:00:31,16.02,100,
11:00:37,16.01,100,
11:00:37,16.0185,2000,
11:00:44,16.008,500,
11:00:46,16.0025,1200,
11:00:50,16,200,
11:00:50,16,100,
11:00:53,15.99,400,
11:00:59,16,1200,
11:00:59,16,400,
11:01:03,16.0099,900,
11:01:10,16.02,100,
11:01:10,16.02,400,
11:01:10,16.01,100,
11:01:10,16.01,400,
11:01:10,16.01,100,
11:01:14,16.0117,880,
11:01:21,16.01,100,
11:01:22,16.0004,665,
11:01:35,16.0199,1000,
11:01:41,16.0125,600,
11:01:56,16.012,1640,
11:01:58,16.02,400,
11:02:00,16.02,500,
11:02:04,16.01,500,
11:02:04,16.01,100,
11:02:07,16.01,200,
11:02:08,16.02,100,
11:02:10,16.01,100,
11:02:10,16.0117,660,
11:02:17,16.029,2400,
11:02:19,16.01,100,
11:02:19,16.01,200,
11:02:19,16.01,400,
11:02:33,16.0117,1000,
11:02:36,16.02,262,
11:02:40,16.0301,1000,
11:02:48,16.04,200,
11:02:56,16.0301,2500,
11:02:58,16.03,100,
11:03:02,16.02,200,
11:03:03,16.0299,1000,
11:03:11,16.022,1000,
11:03:12,16.03,700,
11:03:15,16.03,500,
11:03:16,16.039,400,
11:03:16,16.039,450,
11:03:18,16.04,500,
11:03:18,16.04,1200,
11:03:19,16.04,100,
11:03:20,16.0478,1000,
11:03:32,16.05,750,
11:03:32,16.05,1000,
11:03:35,16.04,500,
11:03:35,16.04,100,
11:03:35,16.04,300,
11:03:36,16.04,100,
11:03:36,16.04,600,
11:03:37,16.04,100,
11:03:42,16.04,100,
11:03:42,16.04,100,
11:03:42,16.04,600,
11:03:42,16.04,100,
11:03:42,16.04,100,
11:03:42,16.04,100,
11:03:42,16.04,254,
11:03:42,16.04,500,
11:03:43,16.04,100,
11:03:43,16.04,100,
11:03:44,16.04,100,
11:03:44,16.04,100,
11:03:44,16.042,500,
11:03:50,16.0475,4000,
11:03:59,16.049,4000,
11:04:00,16.04,100,
11:04:00,16.04,100,
11:04:02,16.04,10230,
11:04:08,16.0487,1200,
11:04:11,16.05,500,
11:04:11,16.05,17992,
11:04:12,16.05,400,
11:04:14,16.04,194,
11:04:17,16.04,100,
11:04:22,16.03,100,
11:04:22,16.03,100,
11:04:22,16.0301,1000,
11:04:24,16.0275,3000,
11:04:26,16.031,3000,
11:04:31,16.0304,467,
11:04:36,16.03,100,
11:04:39,16.0201,2000,
11:04:46,16.02,100,
11:04:58,16.01,10000,
11:05:00,16.0101,5000,
11:05:01,16.02,600,
11:05:03,16.02,100,
11:05:11,16.0199,500,
11:05:12,16.01,400,
11:05:14,16.0001,2000,
11:05:16,16.0017,300,
11:05:18,16.0001,1575,
11:05:22,16,210,
11:05:22,16,100,
11:05:22,15.99,100,
11:05:24,15.9901,1631,
11:05:44,15.9901,1400,
11:05:47,16.0099,755,
11:05:53,16.0087,300,
11:05:53,16,400,
11:05:53,16,400,
11:05:53,16,200,
11:05:53,16,600,
11:05:54,16,10000,
11:05:56,16,100,
11:06:08,16.0017,300,
11:06:09,16.0001,5000,
11:06:23,16.01,100,
11:06:30,16.0083,400,
11:06:47,16,100,
11:07:05,15.9828,500,
11:07:18,15.98,15100,
11:07:25,15.9899,100,
11:07:26,15.981,600,
11:07:27,15.981,100,
11:07:30,15.981,1300,
11:07:31,15.98,200,
11:07:31,15.98,100,
11:07:31,15.98,400,
11:07:31,15.98,200,
11:07:31,15.98,1200,
11:07:32,15.97,2390,
11:07:32,15.97,1004,
11:07:34,15.98,100,
11:07:36,15.981,800,
11:07:39,15.9887,1000,
11:07:45,15.98,200,
11:07:47,15.98,119,
11:07:49,15.98,400,
11:07:49,15.98,500,
11:07:52,15.98,100,
11:08:00,15.972,1000,
11:08:01,15.96,1300,
11:08:06,15.961,2400,
11:08:33,15.97,100,
11:08:36,15.97,100,
11:08:41,15.97,100,
11:08:59,15.97,100,
11:09:05,15.97,400,
11:09:28,15.97,100,
11:09:31,15.97,100,
11:09:54,15.98,100,
11:09:58,15.99,400,
11:09:58,15.99,400,
11:10:11,15.99,400,
11:10:15,15.9992,200,
11:10:19,15.99,100,
11:10:19,15.98,400,
11:10:34,15.9899,400,
11:10:56,15.9801,1000,
11:11:05,15.9817,1000,
11:11:18,15.9601,5000,
11:11:22,15.97,100,
11:11:29,15.9799,200,
11:11:35,15.97,400,
11:11:37,15.9617,200,
11:11:51,15.97,100,
11:12:14,15.97,900,
11:12:32,15.97,100,
11:12:32,15.9717,200,
11:12:33,15.97,100,
11:13:03,15.97,100,
11:13:11,15.97,100,
11:13:39,15.98,14000,
11:14:04,15.97,100,
11:14:36,15.972,500,
11:14:42,15.97,199,
11:14:42,15.97,100,
11:14:42,15.97,199,
11:14:51,15.96,100,
11:14:52,15.95,100,
11:14:52,15.94,100,
11:14:55,15.94,100,
11:14:58,15.94,219,
11:15:00,15.93,600,
11:15:17,15.9383,1000,
11:15:30,15.92,945,
11:15:34,15.93,200,
11:15:35,15.94,100,
11:15:36,15.9275,3200,
11:15:44,15.941,100,
11:15:45,15.942,1300,
11:15:52,15.93,15600,
11:16:01,15.95,100,
11:16:10,15.96,100,
11:16:17,15.95,200,
11:16:25,15.95,776,
11:16:38,15.9501,500,
11:16:41,15.95,500,
11:16:57,15.95,100,
11:17:16,15.97,450,
11:17:16,15.97,100,
11:17:17,15.9699,100,
11:17:17,15.97,100,
11:17:31,15.97,200,
11:17:31,15.97,100,
11:17:37,15.98,100,
11:17:40,15.98,100,
11:18:03,15.98,228,
11:18:03,15.98,384,
11:18:03,15.98,263,
11:18:03,15.98,100,
11:18:06,15.98,400,
11:18:14,15.98,100,
11:18:18,15.98,100,
11:18:20,15.98,600,
11:18:20,15.98,600,
11:18:42,15.97,1000,
11:19:11,15.97,100,
11:19:11,15.97,319,
11:19:11,15.97,350,
11:19:14,15.95,500,
11:19:14,15.95,700,
11:19:15,15.95,338,
11:19:15,15.95,300,
11:19:24,15.9501,2500,
11:19:35,15.96,1000,
11:19:48,15.95,1900,
11:19:48,15.95,1100,
11:19:48,15.95,2200,
11:19:48,15.95,2200,
11:19:48,15.95,700,
11:19:48,15.95,1300,
11:19:48,15.94,100,
11:19:48,15.95,274,
11:20:01,15.93,400,
11:20:01,15.93,500,
11:20:01,15.93,100,
11:20:06,15.93,100,
11:20:07,15.94,800,
11:20:07,15.94,100,
11:20:09,15.94,300,
11:20:09,15.94,100,
11:20:09,15.94,600,
11:20:14,15.94,300,
11:20:14,15.94,100,
11:20:20,15.94,500,
11:20:20,15.94,100,
11:20:20,15.94,400,
11:20:20,15.94,100,
11:20:40,15.9399,4000,
11:20:51,15.9393,2300,
11:21:04,15.9317,500,
11:21:10,15.932,500,
11:21:19,15.93,200,
11:21:19,15.93,400,
11:21:40,15.92,36500,
11:21:44,15.92,500,
11:21:44,15.92,300,
11:21:44,15.92,400,
11:21:44,15.92,400,
11:21:44,15.92,600,
11:21:44,15.92,300,
11:21:44,15.92,1100,
11:21:45,15.9203,1000,
11:22:02,15.9201,900,
11:22:02,15.93,100,
11:22:12,15.94,100,
11:22:12,15.94,100,
11:22:12,15.94,400,
11:22:22,15.9499,130,
11:22:38,15.9583,300,
11:22:43,15.95,100,
11:22:43,15.95,600,
11:22:43,15.95,600,
11:22:43,15.95,300,
11:22:43,15.95,100,
11:22:54,15.945,100,
11:22:54,15.949,100,
11:22:55,15.9475,2700,
11:22:56,15.95,100,
11:23:05,15.97,3799,
11:23:06,15.9699,400,
11:23:11,15.96,100,
11:23:28,15.96,100,
11:23:28,15.96,400,
11:23:43,15.9699,600,
11:23:44,15.97,100,
11:23:54,15.97,100,
11:23:55,15.97,100,
11:23:59,15.97,100,
11:24:01,15.98,800,
11:24:10,15.989,1215,
11:24:12,15.98,100,
11:24:12,15.97,600,
11:24:14,15.98,400,
11:24:14,15.98,300,
11:24:53,15.9783,200,
11:25:00,15.98,1100,
11:25:00,15.98,100,
11:25:00,15.98,400,
11:25:04,15.99,300,
11:25:04,15.99,500,
11:25:05,15.9899,1150,
11:25:18,15.99,319,
11:25:18,15.99,500,
11:25:18,15.99,408,
11:25:18,16,400,
11:25:18,16,200,
11:25:18,16,400,
11:25:18,16,700,
11:25:18,16,500,
11:25:18,16,600,
11:25:19,16,100,
11:25:23,15.9983,300,
11:25:26,15.99,1600,
11:25:36,15.98,199,
11:25:36,15.98,100,
11:25:36,15.98,100,
11:25:36,15.98,900,
11:25:36,15.98,200,
11:25:36,15.98,400,
11:25:36,15.98,900,
11:25:39,15.97,400,
11:25:39,15.97,303,
11:25:47,15.9783,200,
11:25:47,15.98,700,
11:25:56,15.99,100,
11:25:57,15.99,100,
11:26:00,15.99,300,
11:26:16,15.99,400,
11:26:27,15.9883,100,
11:26:30,15.989,1000,
11:26:41,15.9892,2580,
11:26:51,15.98,200,
11:26:51,15.98,198,
11:26:51,15.98,200,
11:26:51,15.97,600,
11:26:53,15.96,100,
11:26:53,15.95,500,
11:26:53,15.95,100,
11:26:53,15.95,100,
11:26:53,15.95,600,
11:26:53,15.95,400,
11:26:54,15.96,1100,
11:26:54,15.96,500,
11:26:58,15.93,100,
11:26:58,15.94,100,
11:26:58,15.94,600,
11:26:58,15.94,500,
11:26:58,15.94,100,
11:26:58,15.94,100,
11:27:00,15.94,100,
11:27:10,15.94,100,
11:27:22,15.94,100,
11:27:48,15.9499,1000,
11:28:08,15.94,200,
11:28:08,15.94,203,
11:28:08,15.94,100,
11:28:08,15.93,300,
11:28:08,15.93,800,
11:28:08,15.93,400,
11:28:08,15.93,400,
11:28:08,15.93,400,
11:28:09,15.93,200,
11:28:09,15.93,100,
11:28:12,15.93,100,
11:28:13,15.92,200,
11:28:13,15.92,400,
11:28:13,15.91,4500,
11:28:15,15.92,100,
11:28:15,15.92,100,
11:28:16,15.9299,100,
11:28:22,15.92,100,
11:28:26,15.91,500,
11:28:28,15.912,350,
11:28:31,15.92,700,
11:28:31,15.92,2000,
11:28:32,15.92,1500,
11:28:32,15.92,9708,
11:28:32,15.92,100,
11:28:33,15.92,400,
11:28:33,15.92,400,
11:28:33,15.92,200,
11:28:51,15.91,100,
11:28:52,15.91,219,
11:28:52,15.91,400,
11:28:52,15.91,400,
11:28:52,15.912,1200,
11:28:52,15.91,1600,
11:28:52,15.9001,200,
11:28:52,15.90,200,
11:28:52,15.90,1550,
11:28:56,15.9001,1000,
11:28:58,15.901,1000,
11:29:00,15.91,100,
11:29:01,15.90,200,
11:29:03,15.92,100,
11:29:06,15.92,100,
11:29:10,15.91,500,
11:29:10,15.91,100,
11:29:11,15.91,200,
11:29:12,15.90,254,
11:29:30,15.90,400,
11:29:43,15.908,400,
11:29:43,15.908,1600,
11:29:44,15.89,400,
11:29:44,15.90,400,
11:29:44,15.90,100,
11:29:44,15.89,100,
11:29:44,15.89,1200,
11:29:44,15.89,100,
11:29:44,15.89,1300,
11:29:47,15.89,10000,
11:29:47,15.89,2500,
11:29:51,15.89,400,
11:29:51,15.89,600,
11:29:55,15.89,1000,
11:29:55,15.89,100,
11:29:55,15.89,2000,
11:29:55,15.89,2000,
11:29:59,15.89,150,
11:31:01,15.8608,5000,
11:31:07,15.87,100,
11:31:08,15.87,300,
11:31:08,15.87,100,
11:31:08,15.87,600,
11:31:16,15.86,500,
11:31:16,15.86,500,
11:31:18,15.86,500,
11:31:19,15.859,800,
11:31:19,15.859,300,
11:31:19,15.859,100,
11:31:23,15.86,469,
11:31:24,15.8699,300,
11:31:25,15.86,1000,
11:31:33,15.87,900,
11:31:33,15.87,300,
11:31:34,15.87,6200,
11:31:35,15.87,500,
11:31:35,15.87,700,
11:31:35,15.87,500,
11:31:35,15.87,1000,
11:31:39,15.87,100,
11:31:57,15.871,500,
11:31:57,15.871,500,
11:31:59,15.8717,300,
11:31:59,15.87,100,
11:31:59,15.86,400,
11:31:59,15.86,100,
11:32:00,15.86,400,
11:32:01,15.86,100,
11:32:08,15.86,619,
11:32:08,15.86,300,
11:32:08,15.86,500,
11:32:10,15.86,500,
11:32:10,15.86,113,
11:32:19,15.87,100,
11:32:40,15.877,300,
11:33:37,15.88,100,
11:34:01,15.8885,5000,
11:34:12,15.89,184,
11:34:17,15.89,100,
11:34:19,15.89,100,
11:34:21,15.89,200,
11:34:36,15.89,100,
11:34:43,15.90,20000,
11:34:47,15.8999,600,
11:34:52,15.89,100,
11:34:54,15.90,4000,
11:35:11,15.8999,500,
11:35:13,15.899,200,
11:35:23,15.8983,1000,
11:35:23,15.899,100,
11:35:41,15.8801,3000,
11:35:56,15.8899,120,
11:36:14,15.8817,100,
11:36:14,15.8817,500,
11:36:20,15.89,100,
11:36:20,15.89,300,
11:36:24,15.89,1700,
11:36:24,15.89,700,
11:36:24,15.89,100,
11:36:24,15.89,900,
11:36:24,15.89,600,
11:37:04,15.8875,200,
11:37:04,15.8875,1000,
11:37:11,15.8897,3300,
11:37:12,15.88,1000,
11:37:12,15.88,100,
11:37:20,15.88,100,
11:37:41,15.88,10000,
11:37:55,15.88,600,
11:37:59,15.8701,5000,
11:38:07,15.87,100,
11:38:07,15.8683,400,
11:38:09,15.87,100,
11:38:23,15.8625,2000,
11:38:27,15.87,1000,
11:38:27,15.87,100,
11:38:27,15.87,100,
11:38:27,15.87,100,
11:38:27,15.87,1000,
11:38:32,15.878,1500,
11:38:41,15.87,1000,
11:39:06,15.88,100,
11:39:15,15.89,100,
11:39:37,15.8983,400,
11:39:45,15.89,300,
11:39:48,15.89,1000,
11:39:48,15.89,300,
11:39:48,15.89,600,
11:39:59,15.889,100,
11:40:08,15.88,400,
11:40:08,15.88,600,
11:40:08,15.88,300,
11:40:47,15.8883,1200,
11:41:12,15.89,100,
11:41:53,15.888,1000,
11:41:57,15.88,500,
11:42:35,15.888,1000,
11:44:02,15.88,100,
11:44:10,15.885,250,
11:44:19,15.8808,1825,
11:44:19,15.8808,5300,
11:44:30,15.8883,1000,
11:44:41,15.88,2800,
11:44:45,15.89,399,
11:44:45,15.89,399,
11:45:17,15.88,300,
11:45:32,15.88,200,
11:45:37,15.879,200,
11:45:38,15.879,180,
11:46:12,15.8799,1500,
11:46:36,15.89,100,
11:46:36,15.89,300,
11:46:39,15.89,500,
11:46:39,15.90,100,
11:46:39,15.90,200,
11:46:44,15.90,600,
11:46:47,15.90,100,
11:46:50,15.90,100,
11:46:56,15.91,600,
11:47:01,15.92,100,
11:47:04,15.92,100,
11:47:17,15.92,200,
11:47:17,15.93,300,
11:47:20,15.92,100,
11:47:20,15.92,100,
11:47:20,15.92,200,
11:47:31,15.91,400,
11:47:31,15.91,500,
11:47:31,15.91,300,
11:47:31,15.9201,100,
11:47:32,15.919,400,
11:47:32,15.9175,800,
11:47:36,15.9192,7000,
11:47:44,15.92,700,
11:47:44,15.92,300,
11:47:44,15.92,100,
11:47:44,15.93,100,
11:47:53,15.938,1000,
11:47:59,15.94,600,
11:47:59,15.94,1400,
11:47:59,15.94,300,
11:47:59,15.94,200,
11:48:01,15.9483,1300,
11:48:03,15.939,100,
11:48:03,15.939,400,
11:48:05,15.939,1300,
11:48:07,15.9383,1260,
11:48:17,15.94,200,
11:48:17,15.94,100,
11:48:19,15.9399,2000,
11:48:22,15.939,200,
11:48:26,15.9399,500,
11:48:31,15.93,600,
11:48:31,15.93,100,
11:48:57,15.929,500,
11:49:07,15.93,200,
11:50:36,15.92,100,
11:50:37,15.91,1300,
11:50:55,15.92,100,
11:50:55,15.92,400,
11:50:56,15.92,500,
11:50:56,15.92,100,
11:50:56,15.92,100,
11:52:08,15.92,100,
11:52:08,15.92,100,
11:52:08,15.93,800,
11:52:09,15.93,100,
11:52:12,15.93,2755,
11:52:12,15.93,3000,
11:52:13,15.93,100,
11:52:31,15.93,100,
11:52:39,15.929,270,
11:53:11,15.93,250,
11:53:15,15.92,200,
11:53:15,15.92,300,
11:53:23,15.9201,5000,
11:53:44,15.9283,300,
11:54:00,15.93,600,
11:54:00,15.93,600,
11:54:12,15.92,100,
11:54:12,15.92,200,
11:54:12,15.92,400,
11:54:12,15.92,600,
11:54:23,15.9183,100,
11:54:32,15.92,200,
11:54:32,15.92,100,
11:54:45,15.92,100,
11:54:57,15.92,100,
11:55:45,15.92,1050,
11:55:45,15.919,350,
11:55:49,15.92,300,
11:56:06,15.918,634,
11:56:16,15.91,100,
11:56:34,15.91,100,
11:56:48,15.91,700,
11:57:18,15.91,100,
11:57:22,15.92,300,
11:57:22,15.92,100,
11:57:27,15.92,300,
11:57:29,15.93,100,
11:57:38,15.94,300,
11:57:45,15.938,500,
11:57:46,15.93,20400,
11:57:49,15.93,200,
11:57:49,15.93,100,
11:57:50,15.93,500,
11:57:52,15.92,1200,
11:57:54,15.9299,100,
11:57:58,15.93,100,
11:58:12,15.928,100,
11:58:32,15.9225,200,
11:58:44,15.93,700,
11:58:49,15.92,100,
11:58:55,15.919,600,
11:58:55,15.919,600,
11:58:58,15.92,100,
11:58:58,15.92,200,
11:59:09,15.911,150,
11:59:20,15.919,200,
11:59:21,15.919,100,
11:59:29,15.92,1000,
11:59:34,15.92,618,
11:59:34,15.92,700,
11:59:34,15.92,1000,
11:59:34,15.92,100,
11:59:34,15.92,200,
11:59:38,15.92,500,
11:59:38,15.92,100,
11:59:55,15.9299,400,
12:00:25,15.93,100,
12:00:37,15.93,100,
12:00:40,15.93,100,
12:00:40,15.93,600,
12:00:48,15.93,100,
12:00:48,15.92,100,
12:00:48,15.92,100,
12:00:49,15.93,100,
12:01:08,15.929,200,
12:01:09,15.928,520,
12:02:05,15.92,1519,
12:02:08,15.91,10000,
12:02:24,15.922,500,
12:02:34,15.92,200,
12:03:00,15.921,1500,
12:03:03,15.92,1519,
12:03:08,15.92,100,
12:03:08,15.92,700,
12:03:08,15.92,200,
12:03:08,15.9199,300,
12:03:08,15.9199,200,
12:03:08,15.9199,100,
12:03:08,15.9199,100,
12:03:08,15.9199,600,
12:03:08,15.92,100,
12:03:17,15.92,100,
12:03:19,15.92,118,
12:03:21,15.912,500,
12:03:30,15.92,100,
12:03:30,15.92,100,
12:03:30,15.927,100,
12:03:44,15.9208,500,
12:04:48,15.92,400,
12:04:57,15.91,400,
12:05:03,15.93,500,
12:05:03,15.93,319,
12:05:03,15.93,400,
12:05:03,15.93,100,
12:05:25,15.9183,1000,
12:05:36,15.92,100,
12:05:42,15.92,300,
12:05:48,15.92,100,
12:05:57,15.922,200,
12:06:16,15.9201,100,
12:06:31,15.92,300,
12:06:31,15.92,600,
12:07:05,15.929,100,
12:07:10,15.92,100,
12:07:34,15.91,100,
12:07:34,15.91,1140,
12:07:38,15.908,2200,
12:08:00,15.90,1800,
12:08:00,15.90,100,
12:08:02,15.89,100,
12:08:07,15.8925,2000,
12:08:11,15.90,200,
12:08:43,15.9001,100,
12:08:43,15.9001,100,
12:08:46,15.89,8400,
12:08:55,15.8917,625,
12:09:30,15.8801,2000,
12:09:34,15.88,400,
12:09:34,15.88,400,
12:09:34,15.87,2580,
12:09:37,15.872,700,
12:09:38,15.88,100,
12:09:51,15.8799,600,
12:09:53,15.879,1900,
12:09:53,15.88,1300,
12:09:53,15.88,100,
12:09:55,15.879,100,
12:09:55,15.879,300,
12:09:55,15.879,300,
12:09:55,15.879,100,
12:09:55,15.879,100,
12:10:17,15.8817,200,
12:10:19,15.88,500,
12:10:19,15.88,700,
12:10:19,15.87,3100,
12:10:22,15.879,1200,
12:10:25,15.8785,500,
12:10:25,15.88,100,
12:11:33,15.8896,8900,
12:11:38,15.885,100,
12:11:44,15.8899,200,
12:12:12,15.8887,500,
12:13:14,15.89,1000,
12:13:14,15.89,600,
12:13:18,15.90,100,
12:13:26,15.8999,5000,
12:13:41,15.8999,100,
12:13:48,15.8999,200,
12:14:35,15.8917,1000,
12:15:54,15.90,200,
12:15:54,15.90,200,
12:15:56,15.90,100,
12:15:56,15.90,100,
12:15:56,15.90,400,
12:15:59,15.90,100,
12:16:05,15.9013,1000,
12:16:21,15.9099,620,
12:17:19,15.91,500,
12:17:40,15.908,1700,
12:17:55,15.9099,5000,
12:18:22,15.901,1680,
12:18:31,15.91,100,
12:18:32,15.92,100,
12:18:32,15.92,100,
12:18:48,15.92,100,
12:18:48,15.92,500,
12:19:00,15.91,100,
12:19:02,15.90,100,
12:20:06,15.90,300,
12:20:12,15.91,500,
12:20:14,15.90,200,
12:20:14,15.90,500,
12:20:14,15.90,1000,
12:20:54,15.91,100,
12:21:07,15.90,400,
12:21:07,15.9001,250,
12:21:15,15.90,100,
12:22:01,15.896,350,
12:22:15,15.90,500,
12:22:32,15.893,200,
12:22:33,15.90,249,
12:22:33,15.90,100,
12:22:33,15.91,1000,
12:22:37,15.91,100,
12:22:37,15.91,400,
12:22:37,15.91,500,
12:22:46,15.91,100,
12:22:47,15.909,100,
12:23:20,15.915,628,
12:23:23,15.91,100,
12:23:23,15.91,100,
12:23:51,15.90,300,
12:24:11,15.90,200,
12:24:30,15.92,300,
12:24:31,15.92,100,
12:25:19,15.92,100,
12:25:52,15.9199,1800,
12:26:09,15.92,400,
12:26:09,15.92,300,
12:26:28,15.92,100,
12:27:10,15.92,100,
12:27:10,15.92,100,
12:27:10,15.9199,400,
12:27:35,15.9115,6000,
12:27:45,15.91,500,
12:27:47,15.912,100,
12:27:52,15.9017,1000,
12:28:14,15.90,100,
12:28:35,15.9075,2000,
12:28:39,15.902,1700,
12:29:08,15.90,200,
12:29:17,15.902,100,
12:29:36,15.9001,200,
12:29:46,15.90,100,
12:29:47,15.90,400,
12:30:05,15.90,600,
12:31:14,15.895,138,
12:32:03,15.90,100,
12:32:03,15.90,100,
12:32:19,15.91,400,
12:32:19,15.91,100,
12:32:20,15.91,100,
12:33:07,15.9035,500,
12:33:20,15.901,2000,
12:34:34,15.9085,1000,
12:35:22,15.91,100,
12:35:34,15.92,900,
12:35:37,15.93,100,
12:35:37,15.925,300,
12:37:02,15.93,100,
12:37:12,15.9317,400,
12:37:30,15.93,700,
12:37:38,15.93,100,
12:38:24,15.92,1400,
12:38:24,15.92,100,
12:38:31,15.91,100,
12:38:39,15.92,100,
12:38:54,15.91,100,
12:38:54,15.911,200,
12:38:57,15.911,100,
12:39:00,15.91,100,
12:39:53,15.92,100,
12:39:53,15.92,100,
12:40:03,15.92,500,
12:40:33,15.917,375,
12:40:45,15.91,200,
12:40:54,15.91,2300,
12:40:54,15.91,1300,
12:41:34,15.92,125,
12:42:02,15.91,600,
12:42:10,15.901,200,
12:42:12,15.902,100,
12:42:15,15.91,500,
12:42:48,15.90,100,
12:43:39,15.89,303,
12:43:39,15.8923,222,
12:43:54,15.89,100,
12:44:57,15.90,500,
12:44:57,15.90,100,
12:44:59,15.90,582,
12:45:03,15.90,100,
12:45:27,15.90,100,
12:45:33,15.90,100,
12:46:13,15.91,100,
12:47:40,15.9199,500,
12:47:55,15.92,1500,
12:48:03,15.921,1000,
12:48:08,15.92,100,
12:48:14,15.9192,1500,
12:48:54,15.912,400,
12:49:02,15.91,100,
12:49:30,15.917,185,
12:49:58,15.91,1800,
12:49:58,15.91,100,
12:50:01,15.91,600,
12:50:02,15.91,600,
12:50:02,15.91,600,
12:50:03,15.911,600,
12:50:03,15.911,200,
12:50:03,15.911,400,
12:50:03,15.911,600,
12:50:03,15.911,200,
12:50:03,15.911,300,
12:50:04,15.911,100,
12:50:06,15.91,100,
12:50:06,15.911,200,
12:50:07,15.911,100,
12:50:39,15.91,200,
12:50:43,15.91,100,
12:51:01,15.90,800,
12:51:01,15.90,600,
12:52:06,15.92,100,
12:52:46,15.92,419,
12:52:46,15.92,100,
12:53:20,15.92,100,
12:53:32,15.918,500,
12:53:46,15.9181,200,
12:54:11,15.92,100,
12:54:11,15.9199,1181,
12:55:04,15.9299,100,
12:55:17,15.92,500,
12:55:34,15.928,500,
12:55:55,15.923,370,
12:55:57,15.928,400,
12:55:57,15.928,1900,
12:56:07,15.9285,5000,
12:57:07,15.9201,3000,
12:57:38,15.92,1619,
12:57:38,15.91,200,
12:57:38,15.92,581,
12:57:39,15.91,200,
12:57:39,15.91,100,
12:57:46,15.91,100,
12:57:46,15.91,400,
12:57:47,15.91,281,
12:57:47,15.91,100,
12:57:57,15.9101,300,
12:58:02,15.91,800,
12:58:08,15.91,500,
12:58:13,15.91,100,
12:58:39,15.9001,3750,
12:58:55,15.902,250,
12:58:55,15.902,750,
12:58:57,15.91,100,
12:59:00,15.92,500,
12:59:00,15.92,100,
12:59:01,15.91,500,
12:59:06,15.92,200,
12:59:06,15.92,200,
12:59:15,15.92,300,
12:59:17,15.9125,1600,
12:59:23,15.9293,200,
12:59:26,15.9283,100,
12:59:34,15.918,1000,
12:59:44,15.919,200,
12:59:46,15.92,100,
12:59:52,15.928,1000,
13:00:04,15.9101,145,
13:00:08,15.92,100,
13:00:37,15.929,2570,
13:00:52,15.92,100,
13:01:13,15.929,400,
13:01:13,15.929,400,
13:01:19,15.929,800,
13:01:19,15.929,800,
13:01:30,15.9217,1000,
13:01:38,15.92,100,
13:03:33,15.9217,900,
13:04:36,15.9299,300,
13:05:15,15.9101,400,
13:05:51,15.94,100,
13:05:51,15.94,100,
13:05:52,15.9492,2500,
13:05:55,15.95,250,
13:05:58,15.95,500,
13:05:59,15.94,100,
13:06:01,15.94,300,
13:06:05,15.949,100,
13:06:18,15.9487,1000,
13:06:22,15.9499,1000,
13:06:35,15.94,100,
13:07:02,15.95,3000,
13:07:07,15.95,200,
13:07:07,15.95,400,
13:07:08,15.95,200,
13:07:08,15.95,400,
13:07:10,15.95,100,
13:07:14,15.9499,200,
13:07:14,15.94,400,
13:07:14,15.94,500,
13:07:14,15.94,400,
13:07:14,15.94,1200,
13:07:32,15.95,5600,
13:07:32,15.95,1100,
13:07:32,15.95,100,
13:07:32,15.95,189,
13:07:32,15.95,500,
13:07:33,15.9587,1600,
13:07:38,15.96,500,
13:07:49,15.9584,400,
13:07:58,15.959,300,
13:08:06,15.96,36000,
13:08:07,15.95,100,
13:08:07,15.95,600,
13:08:12,15.959,100,
13:08:24,15.9599,500,
13:08:29,15.9575,2000,
13:08:56,15.96,400,
13:08:56,15.96,200,
13:08:56,15.96,500,
13:08:56,15.96,200,
13:08:57,15.96,500,
13:08:57,15.96,2924,
13:08:58,15.96,789,
13:09:23,15.9525,3600,
13:09:54,15.96,200,
13:09:58,15.9501,500,
13:10:02,15.95,200,
13:10:02,15.95,200,
13:10:08,15.9525,3200,
13:10:22,15.95,10000,
13:10:24,15.95,100,
13:10:55,15.95,2500,
13:10:55,15.95,500,
13:11:13,15.95,3900,
13:11:13,15.95,100,
13:11:13,15.96,289,
13:11:17,15.95,400,
13:11:17,15.95,1900,
13:11:17,15.95,200,
13:11:17,15.95,200,
13:11:27,15.95,600,
13:11:39,15.959,500,
13:11:44,15.9548,400,
13:11:55,15.95,119,
13:11:55,15.95,1200,
13:11:56,15.95,100,
13:12:14,15.94,400,
13:12:14,15.94,100,
13:12:28,15.94,100,
13:12:28,15.95,100,
13:12:28,15.94,100,
13:12:37,15.94,100,
13:12:50,15.9399,100,
13:12:50,15.94,100,
13:13:09,15.94,100,
13:13:33,15.95,750,
13:13:42,15.95,200,
13:14:30,15.942,1300,
13:15:02,15.9417,1000,
13:16:22,15.95,250,
13:16:44,15.94,100,
13:16:47,15.94,200,
13:16:53,15.94,100,
13:16:53,15.94,100,
13:16:53,15.94,100,
13:16:53,15.94,100,
13:16:53,15.94,600,
13:16:53,15.94,600,
13:16:53,15.94,2100,
13:16:53,15.94,600,
13:16:53,15.94,3000,
13:16:53,15.94,1800,
13:16:53,15.94,100,
13:16:55,15.93,100,
13:17:03,15.93,100,
13:17:16,15.9383,200,
13:18:00,15.9383,100,
13:18:01,15.93,300,
13:18:05,15.921,500,
13:18:19,15.92,2100,
13:18:19,15.92,800,
13:18:19,15.92,400,
13:19:06,15.921,1100,
13:19:12,15.93,300,
13:19:46,15.93,300,
13:20:17,15.94,600,
13:20:17,15.94,1000,
13:20:17,15.94,100,
13:20:17,15.94,300,
13:20:17,15.94,100,
13:20:17,15.94,800,
13:20:53,15.95,400,
13:20:53,15.95,106,
13:20:54,15.958,1000,
13:21:23,15.959,1200,
13:21:36,15.953,245,
13:21:47,15.959,200,
13:21:57,15.952,1000,
13:22:17,15.9575,2000,
13:22:19,15.96,100,
13:22:19,15.96,100,
13:22:19,15.9599,1800,
13:22:34,15.96,200,
13:22:56,15.96,100,
13:22:57,15.96,100,
13:23:10,15.96,100,
13:23:29,15.96,500,
13:24:15,15.968,1700,
13:24:15,15.969,1500,
13:24:17,15.97,2100,
13:24:24,15.9683,1000,
13:24:24,15.97,100,
13:24:24,15.97,200,
13:24:29,15.968,1100,
13:24:29,15.968,2200,
13:25:09,15.97,2830,
13:25:09,15.96,150,
13:25:18,15.96,800,
13:25:21,15.9599,1000,
13:25:50,15.96,100,
13:26:17,15.9608,2000,
13:26:42,15.96,100,
13:26:42,15.96,600,
13:27:54,15.96,100,
13:28:06,15.9683,400,
13:28:26,15.96,1000,
13:28:27,15.968,1200,
13:28:29,15.968,2200,
13:29:05,15.96,100,
13:29:16,15.97,2200,
13:29:45,15.97,1000,
13:29:46,15.97,1500,
13:29:59,15.98,25000,
13:30:01,15.98,200,
13:30:03,15.99,100,
13:30:07,15.98,100,
13:30:07,15.98,500,
13:30:07,15.99,300,
13:30:07,15.99,100,
13:30:25,15.98,1500,
13:30:34,15.98,20000,
13:30:36,15.98,100,
13:30:38,15.98,1400,
13:30:39,15.98,600,
13:30:39,15.98,100,
13:30:39,15.98,400,
13:30:39,15.98,1400,
13:30:39,15.98,800,
13:30:40,15.98,100,
13:30:40,15.98,300,
13:30:40,15.99,200,
13:30:40,15.98,100,
13:30:44,15.99,300,
13:30:45,16,1000,
13:30:45,15.99,400,
13:30:59,15.99,100,
13:30:59,15.99,1800,
13:31:01,15.99,500,
13:31:02,15.99,300,
13:31:02,15.9917,700,
13:31:06,16,4550,
13:31:06,15.999,450,
13:31:15,15.998,400,
13:31:17,16,118,
13:31:17,16,646,
13:31:17,16,257,
13:31:19,16,800,
13:31:24,15.999,5000,
13:31:29,15.9984,500,
13:31:41,15.9999,400,
13:31:44,16,100,
13:31:47,16.0008,5000,
13:31:54,16.009,500,
13:31:55,16.01,2600,
13:31:58,16,100,
13:31:59,16,700,
13:32:01,15.99,200,
13:32:01,15.99,100,
13:32:01,16,100,
13:32:04,15.999,100,
13:32:04,15.999,100,
13:32:05,16,850,
13:32:06,15.999,5700,
13:32:07,16,300,
13:32:07,16,1650,
13:32:07,16.01,100,
13:32:07,16.0048,5000,
13:32:09,16.0199,2000,
13:32:13,16.02,300,
13:32:13,16.02,100,
13:32:13,16.02,100,
13:32:13,16.02,800,
13:32:18,16.019,200,
13:32:18,16.019,100,
13:32:22,16.019,2000,
13:32:23,16.02,100,
13:32:26,16.03,200,
13:32:26,16.03,200,
13:32:26,16.03,300,
13:32:26,16.03,200,
13:32:26,16.03,100,
13:32:26,16.03,797,
13:32:26,16.03,1249,
13:32:26,16.03,1000,
13:32:26,16.03,400,
13:32:26,16.03,200,
13:32:27,16.025,100,
13:32:27,16.021,100,
13:32:27,16.021,200,
13:32:27,16.02,500,
13:32:27,16.03,100,
13:32:35,16.0235,600,
13:32:36,16.03,500,
13:32:36,16.03,100,
13:32:38,16.03,1100,
13:32:38,16.03,1300,
13:32:39,16.03,400,
13:32:39,16.03,600,
13:32:41,16.029,1000,
13:32:42,16.029,300,
13:32:42,16.029,300,
13:32:56,16.0317,1000,
13:33:01,16.039,100,
13:33:03,16.04,100,
13:33:03,16.039,100,
13:33:03,16.03,100,
13:33:05,16.039,500,
13:33:06,16.03,100,
13:33:07,16.039,300,
13:33:08,16.04,400,
13:33:10,16.04,700,
13:33:10,16.04,200,
13:33:10,16.04,200,
13:33:17,16.03,100,
13:33:17,16.03,700,
13:33:18,16.0299,5000,
13:33:20,16.03,299,
13:33:20,16.03,700,
13:33:20,16.03,200,
13:33:20,16.03,100,
13:33:20,16.03,100,
13:33:20,16.03,100,
13:33:20,16.03,700,
13:33:21,16.0399,500,
13:33:29,16.03,100,
13:33:34,16.0387,300,
13:33:39,16.03,100,
13:33:39,16.03,100,
13:33:40,16.04,499,
13:33:46,16.039,400,
13:33:46,16.039,5000,
13:33:50,16.0399,5000,
13:33:51,16.032,1000,
13:33:56,16.0401,685,
13:34:05,16.0435,1000,
13:34:08,16.07,1100,
13:34:08,16.05,500,
13:34:09,16.06,200,
13:34:10,16.06,100,
13:34:10,16.06,70000,
13:34:15,16.0639,200,
13:34:15,16.0601,700,
13:34:15,16.06,500,
13:34:15,16.06,200,
13:34:15,16.06,100,
13:34:15,16.0674,100,
13:34:15,16.0601,100,
13:34:15,16.069,550,
13:34:20,16.06,200,
13:34:21,16.0699,125,
13:34:24,16.0683,1000,
13:34:27,16.069,4225,
13:34:33,16.062,800,
13:34:37,16.069,1160,
13:34:39,16.06,100,
13:34:39,16.05,300,
13:34:39,16.05,107,
13:34:53,16.05,100,
13:35:07,16.06,100,
13:35:09,16.0675,1900,
13:35:10,16.07,1000,
13:35:22,16.0683,500,
13:35:38,16.07,1000,
13:35:41,16.07,200,
13:35:41,16.07,200,
13:35:41,16.07,1719,
13:35:42,16.062,1000,
13:35:44,16.08,125,
13:35:50,16.0783,1000,
13:35:53,16.0701,140,
13:35:53,16.07,100,
13:35:53,16.0701,100,
13:35:57,16.079,100,
13:36:02,16.08,300,
13:36:02,16.08,200,
13:36:02,16.08,100,
13:36:07,16.082,500,
13:36:08,16.08,600,
13:36:10,16.08,100,
13:36:14,16.0801,100,
13:36:18,16.0783,500,
13:36:19,16.079,500,
13:36:20,16.08,205,
13:36:31,16.08,300,
13:36:34,16.0701,100,
13:36:34,16.0725,100,
13:36:34,16.07,100,
13:36:34,16.0701,100,
13:36:35,16.07,692,
13:36:35,16.07,700,
13:36:37,16.0625,1600,
13:36:39,16.061,1000,
13:36:53,16.07,100,
13:37:00,16.07,300,
13:37:01,16.0638,400,
13:37:08,16.07,100,
13:37:25,16.0701,1000,
13:37:25,16.07,800,
13:37:25,16.0701,3000,
13:37:25,16.07,100,
13:37:30,16.06,100,
13:37:41,16.0601,400,
13:37:43,16.0699,2500,
13:37:49,16.0687,500,
13:38:03,16.07,100,
13:38:04,16.069,700,
13:38:04,16.069,100,
13:38:10,16.0783,300,
13:38:20,16.0787,1000,
13:38:22,16.08,100,
13:38:28,16.08,100,
13:38:28,16.08,100,
13:38:43,16.09,100,
13:38:43,16.088,100,
13:38:48,16.08,500,
13:38:48,16.08,200,
13:38:48,16.08,500,
13:38:48,16.08,400,
13:38:54,16.0783,200,
13:38:58,16.08,100,
13:39:00,16.0883,100,
13:39:01,16.08,10000,
13:39:07,16.08,100,
13:39:10,16.07,1500,
13:39:10,16.07,400,
13:39:10,16.0808,4900,
13:39:17,16.08,200,
13:39:19,16.08,100,
13:39:23,16.0893,2500,
13:39:28,16.089,900,
13:39:31,16.0817,1000,
13:39:46,16.0787,2000,
13:40:07,16.0892,2000,
13:40:19,16.09,350,
13:40:23,16.0901,500,
13:40:26,16.09,600,
13:40:26,16.09,200,
13:40:28,16.09,2000,
13:40:41,16.0801,2000,
13:40:52,16.08,100,
13:40:55,16.0801,100,
13:41:02,16.09,100,
13:41:02,16.0999,300,
13:41:05,16.09,100,
13:41:13,16.0801,400,
13:41:15,16.09,100,
13:41:17,16.09,100,
13:41:22,16.09,500,
13:41:22,16.10,1219,
13:41:22,16.10,200,
13:41:22,16.10,400,
13:41:22,16.10,400,
13:41:22,16.10,200,
13:41:22,16.10,299,
13:41:22,16.10,100,
13:41:22,16.11,500,
13:41:29,16.10,100,
13:41:29,16.10,500,
13:41:29,16.10,125,
13:41:29,16.10,1175,
13:41:29,16.10,100,
13:41:29,16.10,1719,
13:41:32,16.0901,100,
13:41:32,16.0901,300,
13:41:32,16.0901,100,
13:41:33,16.09,600,
13:41:33,16.09,900,
13:41:36,16.0804,1000,
13:41:40,16.08,200,
13:41:40,16.08,300,
13:41:40,16.08,100,
13:41:42,16.08,100,
13:41:49,16.0885,1245,
13:41:55,16.09,100,
13:41:55,16.09,200,
13:41:58,16.09,819,
13:41:58,16.09,600,
13:42:01,16.081,930,
13:42:11,16.0883,1000,
13:42:20,16.0917,1000,
13:42:34,16.10,770,
13:42:35,16.10,169,
13:42:37,16.10,700,
13:42:40,16.11,1000,
13:42:45,16.0917,1700,
13:42:46,16.10,200,
13:42:47,16.10,400,
13:42:50,16.10,400,
13:42:51,16.1055,1000,
13:42:55,16.09,500,
13:42:55,16.09,500,
13:42:55,16.09,1000,
13:42:55,16.09,100,
13:42:55,16.1001,100,
13:42:55,16.10,100,
13:42:55,16.0988,1000,
13:42:55,16.10,600,
13:42:55,16.10,500,
13:42:55,16.10,500,
13:42:55,16.10,500,
13:42:55,16.10,1825,
13:42:58,16.099,200,
13:42:59,16.099,200,
13:43:10,16.10,2000,
13:43:10,16.10,500,
13:43:16,16.098,1000,
13:43:18,16.0901,300,
13:43:19,16.0901,2000,
13:43:25,16.091,2500,
13:43:37,16.10,500,
13:43:47,16.09,100,
13:43:55,16.10,2000,
13:44:07,16.09,400,
13:44:22,16.09,600,
13:44:22,16.09,100,
13:44:42,16.08,300,
13:44:42,16.0813,700,
13:44:49,16.0899,1000,
13:45:05,16.09,100,
13:45:10,16.10,100,
13:45:16,16.10,200,
13:45:18,16.10,300,
13:45:25,16.1087,800,
13:45:30,16.092,300,
13:45:31,16.099,5000,
13:45:34,16.10,200,
13:45:45,16.10,10000,
13:45:57,16.0813,800,
13:45:59,16.09,1700,
13:45:59,16.09,400,
13:45:59,16.09,200,
13:46:00,16.09,300,
13:46:00,16.09,100,
13:46:06,16.0941,400,
13:46:15,16.09,200,
13:46:17,16.10,100,
13:46:17,16.10,100,
13:46:17,16.10,500,
13:46:17,16.10,400,
13:46:17,16.11,500,
13:46:17,16.11,1000,
13:46:17,16.11,300,
13:46:17,16.11,747,
13:46:17,16.11,753,
13:46:19,16.11,16900,
13:46:20,16.11,300,
13:46:30,16.1101,3000,
13:46:32,16.11,400,
13:46:34,16.119,1000,
13:46:39,16.111,1000,
13:46:40,16.111,5400,
13:46:41,16.11,200,
13:46:41,16.11,100,
13:46:41,16.11,400,
13:46:44,16.1001,500,
13:46:51,16.10,100,
13:46:52,16.10,100,
13:46:52,16.10,100,
13:46:55,16.11,100,
13:46:58,16.1199,500,
13:47:02,16.11,500,
13:47:05,16.1199,2500,
13:47:05,16.12,300,
13:47:12,16.11,500,
13:47:37,16.112,1000,
13:47:40,16.119,2355,
13:47:41,16.12,530,
13:47:49,16.11,600,
13:47:49,16.11,100,
13:47:52,16.10,100,
13:47:54,16.10,750,
13:47:57,16.10,700,
13:47:57,16.10,1400,
13:47:57,16.0999,5800,
13:48:03,16.0917,100,
13:48:04,16.10,100,
13:48:04,16.0999,100,
13:48:04,16.0999,100,
13:48:04,16.10,100,
13:48:04,16.10,900,
13:48:04,16.10,200,
13:48:07,16.101,500,
13:48:07,16.10,500,
13:48:07,16.10,500,
13:48:07,16.101,500,
13:48:10,16.11,400,
13:48:16,16.11,100,
13:48:21,16.1099,100,
13:48:21,16.11,100,
13:48:21,16.1099,100,
13:48:21,16.11,100,
13:48:21,16.1099,100,
13:48:31,16.107,220,
13:48:34,16.1001,5000,
13:48:40,16.109,400,
13:48:46,16.10,1000,
13:48:51,16.11,100,
13:48:52,16.11,400,
13:48:53,16.11,100,
13:49:01,16.11,200,
13:49:04,16.10,100,
13:49:04,16.10,100,
13:49:07,16.0999,1000,
13:49:19,16.09,800,
13:49:28,16.09,400,
13:49:31,16.09,1000,
13:49:31,16.091,1000,
13:49:34,16.09,600,
13:49:38,16.09,500,
13:49:41,16.0992,2000,
13:49:46,16.09,100,
13:49:53,16.0801,3000,
13:49:56,16.09,100,
13:49:58,16.09,200,
13:49:58,16.09,500,
13:49:59,16.0901,2000,
13:50:06,16.0901,1000,
13:50:08,16.092,500,
13:50:13,16.10,100,
13:50:18,16.1001,600,
13:50:18,16.101,1300,
13:50:18,16.09,600,
13:50:18,16.09,100,
13:50:32,16.0825,3000,
13:50:48,16.09,1000,
13:50:48,16.10,300,
13:50:48,16.10,500,
13:50:48,16.10,100,
13:50:48,16.10,600,
13:50:48,16.10,400,
13:50:48,16.10,500,
13:50:49,16.09,100,
13:51:04,16.08,350,
13:51:04,16.09,400,
13:51:04,16.09,450,
13:51:04,16.09,1469,
13:51:04,16.09,1400,
13:51:04,16.09,900,
13:51:04,16.09,400,
13:51:04,16.09,300,
13:51:04,16.09,800,
13:51:05,16.099,200,
13:51:09,16.08,100,
13:51:09,16.08,100,
13:51:13,16.0801,700,
13:51:13,16.0808,2000,
13:51:13,16.08,200,
13:51:13,16.08,100,
13:51:13,16.09,100,
13:51:13,16.09,100,
13:51:13,16.0801,100,
13:51:31,16.09,400,
13:51:31,16.09,300,
13:51:31,16.09,300,
13:51:52,16.08,100,
13:51:52,16.0701,1400,
13:51:52,16.0701,100,
13:51:52,16.0701,100,
13:51:52,16.0701,100,
13:51:54,16.0796,150,
13:52:00,16.07,500,
13:52:01,16.07,1700,
13:52:01,16.07,600,
13:52:01,16.07,1800,
13:52:02,16.07,1000,
13:52:04,16.07,200,
13:52:04,16.07,400,
13:52:04,16.07,200,
13:52:06,16.07,500,
13:52:06,16.07,100,
13:52:06,16.08,400,
13:52:06,16.08,800,
13:52:06,16.08,700,
13:52:06,16.08,300,
13:52:06,16.09,100,
13:52:06,16.09,700,
13:52:13,16.08,100,
13:52:13,16.08,100,
13:52:13,16.08,100,
13:52:20,16.08,100,
13:52:20,16.0801,100,
13:52:20,16.0801,100,
13:52:20,16.0801,100,
13:52:26,16.08,200,
13:52:30,16.07,300,
13:52:30,16.07,100,
13:52:38,16.062,800,
13:52:44,16.06,200,
13:52:44,16.06,200,
13:52:44,16.06,400,
13:52:44,16.06,800,
13:52:45,16.06,100,
13:52:45,16.06,100,
13:52:46,16.0601,200,
13:52:48,16.06,400,
13:52:48,16.06,200,
13:52:48,16.06,100,
13:52:48,16.06,250,
13:52:48,16.06,200,
13:52:48,16.06,800,
13:52:48,16.06,100,
13:52:48,16.06,400,
13:52:48,16.06,100,
13:52:48,16.06,200,
13:52:48,16.06,100,
13:52:48,16.05,200,
13:52:50,16.06,1100,
13:52:52,16.0601,1000,
13:52:53,16.07,100,
13:52:53,16.07,200,
13:52:55,16.08,100,
13:52:57,16.07,100,
13:53:00,16.06,100,
13:53:20,16.06,500,
13:53:28,16.07,100,
13:53:28,16.07,300,
13:53:28,16.07,100,
13:53:28,16.07,700,
13:53:28,16.08,1700,
13:53:28,16.08,300,
13:53:41,16.078,1000,
13:54:05,16.08,100,
13:54:05,16.08,200,
13:54:05,16.08,667,
13:54:05,16.08,100,
13:54:05,16.08,300,
13:54:05,16.08,500,
13:54:06,16.08,120,
13:54:26,16.08,600,
13:54:26,16.0899,10000,
13:54:46,16.08,100,
13:54:47,16.082,300,
13:54:53,16.08,100,
13:54:54,16.0899,600,
13:55:03,16.08,200,
13:55:11,16.08,300,
13:55:11,16.08,400,
13:55:13,16.0775,400,
13:55:13,16.0775,500,
13:55:15,16.07,400,
13:55:15,16.07,500,
13:55:15,16.07,200,
13:55:16,16.06,3400,
13:55:17,16.06,800,
13:55:21,16.06,500,
13:55:21,16.06,400,
13:55:21,16.06,400,
13:55:21,16.05,100,
13:55:21,16.06,100,
13:55:23,16.0501,100,
13:55:23,16.05,100,
13:55:23,16.0538,100,
13:55:24,16.05,10000,
13:55:30,16.04,100,
13:55:30,16.04,100,
13:55:32,16.04,1243,
13:56:00,16.04,400,
13:56:05,16.041,100,
13:56:06,16.04,800,
13:56:06,16.04,500,
13:56:08,16.03,4100,
13:56:08,16.03,100,
13:56:09,16.03,100,
13:56:09,16.03,300,
13:56:09,16.031,1000,
13:56:10,16.03,2570,
13:56:13,16.02,300,
13:56:13,16.02,199,
13:56:13,16.02,100,
13:56:13,16.02,200,
13:56:13,16.02,100,
13:56:13,16.01,500,
13:56:13,16.01,300,
13:56:13,16.01,199,
13:56:13,16.02,100,
13:56:13,16.0199,400,
13:56:13,16.02,1300,
13:56:13,16.02,800,
13:56:14,16.011,100,
13:56:14,16.02,100,
13:56:14,16.02,100,
13:56:14,16.02,157,
13:56:14,16.02,400,
13:56:14,16.02,300,
13:56:14,16.01,150,
13:56:15,16.021,100,
13:56:16,16.0201,6000,
13:56:18,16.021,1000,
13:56:27,16.021,800,
13:56:28,16.02,800,
13:56:28,16.02,2100,
13:56:28,16.02,1000,
13:56:28,16.02,400,
13:56:28,16.02,600,
13:56:28,16.02,200,
13:56:28,16.02,600,
13:56:28,16.011,2000,
13:56:34,16,600,
13:56:37,16.01,400,
13:56:41,16,400,
13:56:41,16,100,
13:56:41,16,3300,
13:56:42,16.001,400,
13:56:42,16.001,357,
13:56:44,15.99,500,
13:56:45,15.9915,4500,
13:56:46,15.991,5000,
13:56:46,15.99,16900,
13:56:46,16,200,
13:56:46,16,400,
13:56:46,16,212,
13:56:46,16,800,
13:56:47,16,400,
13:56:49,16,150,
13:56:49,16,100,
13:56:51,16,500,
13:56:51,16.01,700,
13:56:51,16.01,200,
13:56:51,16,800,
13:56:51,16,100,
13:56:58,16.01,600,
13:57:10,16.0099,100,
13:57:10,16.0075,400,
13:57:36,16.0001,5000,
13:57:56,16.002,1000,
13:58:06,16.01,500,
13:58:06,16.01,100,
13:58:09,16.02,200,
13:58:09,16.02,800,
13:58:09,16.02,2000,
13:58:09,16.02,400,
13:58:26,16.02,400,
13:58:27,16.0201,270,
13:58:36,16.02,100,
13:58:36,16.01,200,
13:58:36,16.01,200,
13:58:36,16.02,800,
13:58:56,16.02,1300,
13:58:56,16.02,800,
13:58:59,16.01,100,
13:58:59,16.01,600,
13:58:59,16.01,100,
13:59:08,16.02,2500,
14:00:01,16.01,100,
14:00:02,16.01,100,
14:00:08,16,600,
14:00:08,16,1800,
14:00:08,16,200,
14:00:17,16,100,
14:00:23,16.008,200,
14:00:44,16.001,500,
14:00:54,16.0099,100,
14:00:54,16.01,400,
14:00:54,16.01,700,
14:00:54,16.01,400,
14:00:54,16.01,400,
14:00:54,16.01,300,
14:00:54,16.002,1100,
14:01:01,16.01,600,
14:01:01,16.01,400,
14:01:01,16.01,300,
14:01:09,16.02,400,
14:01:09,16.02,300,
14:01:16,16.0192,2500,
14:01:36,16.02,1700,
14:01:36,16.02,800,
14:01:36,16.02,300,
14:01:36,16.02,937,
14:01:36,16.02,200,
14:01:52,16.0183,1000,
14:01:54,16.02,2000,
14:01:54,16.02,100,
14:01:54,16.02,300,
14:01:54,16.02,300,
14:01:54,16.02,100,
14:01:54,16.02,8560,
14:02:27,16.028,1500,
14:02:29,16.04,600,
14:02:32,16.04,1000,
14:02:38,16.031,100,
14:02:45,16.0392,2000,
14:02:51,16.03,100,
14:03:17,16.021,2107,
14:03:57,16.02,100,
14:04:06,16.01,100,
14:04:22,16.0017,625,
14:04:23,16,100,
14:04:23,16,1800,
14:04:23,16,300,
14:04:23,16,3000,
14:04:26,16,600,
14:04:27,16,400,
14:04:38,16.008,1664,
14:05:08,16.01,100,
14:05:11,16.02,1100,
14:05:39,16.0199,1500,
14:05:53,16.01,1600,
14:06:03,16.01,400,
14:06:06,16.0101,200,
14:06:06,16.0101,400,
14:06:10,16.01,100,
14:06:29,16.009,1000,
14:06:45,16.001,1400,
14:07:32,16,20000,
14:07:41,16.0099,200,
14:07:59,16.0083,200,
14:08:11,16,300,
14:08:14,16,300,
14:08:14,16,400,
14:08:14,16,400,
14:08:14,16,142,
14:08:16,16.0001,7000,
14:08:17,16,142,
14:08:17,16,200,
14:08:17,16,400,
14:08:18,15.995,1200,
14:08:18,15.995,100,
14:08:18,15.995,100,
14:08:18,15.995,100,
14:08:18,15.99,500,
14:08:18,15.99,100,
14:08:18,15.99,100,
14:08:18,15.99,100,
14:08:18,15.99,100,
14:08:18,15.99,200,
14:08:21,15.99,2100,
14:08:26,15.9987,1000,
14:08:44,16,100,
14:08:44,16,1200,
14:08:49,16.0017,750,
14:09:39,16.008,500,
14:10:14,16.01,100,
14:10:22,16.0083,700,
14:10:59,16,200,
14:10:59,16,213,
14:10:59,16,600,
14:10:59,15.99,100,
14:11:00,16,100,
14:11:12,15.9935,400,
14:11:23,15.9901,2000,
14:11:53,16,100,
14:11:53,16,100,
14:12:11,16.01,350,
14:12:14,16.01,500,
14:12:17,16,100,
14:12:17,16,100,
14:12:20,15.9917,1000,
14:12:28,16,100,
14:12:37,16.01,1257,
14:12:37,16.02,100,
14:12:39,16.01,100,
14:12:44,16.01,500,
14:12:49,16.02,100,
14:12:49,16.02,100,
14:12:49,16.02,500,
14:12:49,16.02,100,
14:13:07,16.03,169,
14:13:07,16.03,700,
14:13:07,16.03,331,
14:13:07,16.03,500,
14:13:07,16.03,600,
14:13:07,16.03,2000,
14:13:07,16.03,100,
14:13:09,16.03,200,
14:13:21,16.02,300,
14:13:21,16.02,300,
14:13:21,16.02,10000,
14:13:24,16.019,2000,
14:13:38,16.02,2800,
14:13:59,16.01,25400,
14:14:25,16.0183,100,
14:14:44,16.01,100,
14:14:44,16.01,1200,
14:14:44,16.01,400,
14:14:44,16.01,200,
14:14:48,16.01,200,
14:14:54,16.01,206,
14:15:07,16.01,519,
14:15:07,16.01,700,
14:15:09,16.02,1000,
14:15:21,16.02,1000,
14:15:25,16.01,100,
14:15:36,16.01,200,
14:15:38,16.01,500,
14:15:38,16.01,100,
14:15:38,16.01,600,
14:15:38,16.01,800,
14:15:46,16.01,100,
14:15:47,16.01,100,
14:16:24,16,200,
14:16:36,16,100,
14:16:41,16,331,
14:16:43,16.01,500,
14:17:21,16.008,100,
14:17:29,16.005,300,
14:17:42,16.008,900,
14:17:57,16.0099,2000,
14:18:04,16,100,
14:18:16,15.9914,250,
14:18:22,15.99,454,
14:18:22,15.99,100,
14:18:26,15.98,600,
14:18:44,15.98,500,
14:18:49,15.98,500,
14:18:53,15.98,200,
14:18:53,15.98,100,
14:19:00,15.9875,2000,
14:19:21,15.99,100,
14:19:42,15.99,100,
14:20:02,15.9925,100,
14:20:02,15.9925,1200,
14:20:06,15.9999,2500,
14:20:27,15.999,6000,
14:20:55,15.99,500,
14:20:55,15.99,596,
14:21:04,15.98,196,
14:21:04,15.98,100,
14:21:04,15.98,100,
14:21:17,15.97,19298,
14:21:29,15.98,300,
14:21:36,15.98,459,
14:22:18,15.98,100,
14:22:28,15.98,101,
14:22:28,15.99,800,
14:22:28,15.99,200,
14:22:28,15.99,300,
14:22:40,15.97,15400,
14:23:36,15.97,100,
14:23:40,15.98,400,
14:23:40,15.98,100,
14:23:40,15.98,200,
14:23:40,15.98,1700,
14:23:40,15.98,300,
14:23:42,15.98,100,
14:23:45,15.97,500,
14:23:45,15.97,100,
14:23:46,15.9601,100,
14:23:49,15.962,970,
14:23:53,15.97,1300,
14:23:53,15.97,100,
14:24:07,15.971,1500,
14:24:11,15.97,100,
14:24:14,15.96,719,
14:24:14,15.96,600,
14:24:14,15.96,500,
14:24:14,15.95,400,
14:24:14,15.95,919,
14:24:15,15.95,200,
14:24:16,15.95,1000,
14:24:20,15.94,600,
14:24:20,15.95,100,
14:24:23,15.94,8000,
14:24:23,15.95,200,
14:24:23,15.95,100,
14:24:25,15.95,600,
14:24:25,15.95,282,
14:24:25,15.95,600,
14:24:26,15.95,100,
14:24:26,15.95,1600,
14:24:31,15.942,1000,
14:24:37,15.941,2000,
14:24:48,15.95,600,
14:24:48,15.95,500,
14:24:48,15.95,100,
14:24:52,15.9499,100,
14:25:10,15.94,200,
14:25:10,15.94,200,
14:25:21,15.95,300,
14:25:49,15.93,800,
14:25:49,15.93,100,
14:25:52,15.932,800,
14:26:01,15.93,400,
14:26:01,15.9301,100,
