09:30:00,24.0703,300,
09:30:01,24.07,100,
09:30:01,24.08,100,
09:30:01,24.07,100,
09:30:01,24.0996,300,
09:30:01,24.10,576,
09:30:02,24.09,200,
09:30:02,24.08,200,
09:30:02,24.08,100,
09:30:02,24.07,100,
09:30:02,24.07,100,
09:30:03,24.09,100,
09:30:03,24.09,100,
09:30:03,24.07,200,
09:30:03,24.07,250,
09:30:03,24.08,200,
09:30:03,24.0735,200,
09:30:03,24.07,100,
09:30:03,24.07,300,
09:30:03,24.07,100,
09:30:03,24.0734,100,
09:30:03,24.08,150,
09:30:03,24.08,100,
09:30:03,24.07,100,
09:30:03,24.08,100,
09:30:03,24.08,100,
09:30:03,24.09,200,
09:30:04,24.0753,200,
09:30:04,24.0703,100,
09:30:04,24.0765,100,
09:30:04,24.08,200,
09:30:04,24.08,200,
09:30:04,24.10,200,
09:30:04,24.09,200,
09:30:04,24.09,100,
09:30:04,24.10,300,
09:30:04,24.10,200,
09:30:04,24.09,200,
09:30:04,24.08,100,
09:30:05,24.07,900,
09:30:05,24.09,100,
09:30:05,24.08,200,
09:30:05,24.08,800,
09:30:05,24.09,100,
09:30:05,24.08,100,
09:30:05,24.08,289,
09:30:06,24.08,100,
09:30:06,24.08,100,
09:30:06,24.08,100,
09:30:06,24.071,150,
09:30:06,24.071,309,
09:30:06,24.071,500,
09:30:07,24.071,250,
09:30:07,24.071,100,
09:30:07,24.071,2000,
09:30:07,24.071,200,
09:30:07,24.071,300,
09:30:07,24.09,200,
09:30:07,24.071,200,
09:30:08,24.071,200,
09:30:08,24.071,500,
09:30:08,24.071,100,
09:30:08,24.071,100,
09:30:08,24.071,500,
09:30:08,24.071,200,
09:30:08,24.09,396,
09:30:08,24.09,200,
09:30:08,24.10,300,
09:30:08,24.10,100,
09:30:08,24.10,100,
09:30:08,24.10,200,
09:30:09,24.10,302,
09:30:10,24.09,100,
09:30:10,24.09,200,
09:30:10,24.09,100,
09:30:10,24.09,656,
09:30:10,24.08,100,
09:30:10,24.08,200,
09:30:10,24.09,1300,
09:30:11,24.10,300,
09:30:11,24.10,400,
09:30:11,24.10,200,
09:30:13,24.07,100,
09:30:13,24.08,400,
09:30:14,24.087,125,
09:30:15,24.06,200,
09:30:15,24.06,200,
09:30:15,24.07,800,
09:30:15,24.07,100,
09:30:15,24.07,100,
09:30:16,24.08,290,
09:30:17,24.07,892,
09:30:18,24.06,500,
09:30:18,24.06,800,
09:30:18,24.0806,100,
09:30:19,24.08,300,
09:30:20,24.0911,100,
09:30:20,24.09,300,
09:30:20,24.09,300,
09:30:21,24.08,200,
09:30:21,24.08,500,
09:30:21,24.08,200,
09:30:21,24.06,300,
09:30:21,24.0912,400,
09:30:22,24.065,200,
09:30:22,24.065,500,
09:30:22,24.065,500,
09:30:22,24.065,400,
09:30:22,24.065,200,
09:30:22,24.08,12600,
09:30:23,24.092,100,
09:30:23,24.072,1000,
09:30:24,24.097,200,
09:30:25,24.0878,500,
09:30:25,24.07,100,
09:30:25,24.08,100,
09:30:25,24.08,500,
09:30:26,24.04,200,
09:30:26,24.03,200,
09:30:26,24.04,200,
09:30:26,24.07,400,
09:30:27,24.06,300,
09:30:27,24.08,1000,
09:30:27,24.08,250,
09:30:27,24.08,200,
09:30:27,24.08,390,
09:30:27,24.03,100,
09:30:27,24.093,200,
09:30:28,24.07,500,
09:30:29,24.02,100,
09:30:30,24.06,100,
09:30:30,24.02,100,
09:30:30,24.08,200,
09:30:30,24.08,750,
09:30:30,24.08,113,
09:30:30,24.08,300,
09:30:30,24.0978,1100,
09:30:30,24.084,111,
09:30:31,24.08,200,
09:30:31,24.0411,100,
09:30:31,24.08,200,
09:30:31,24.08,100,
09:30:31,24.08,100,
09:30:31,24.093,450,
09:30:31,24.06,100,
09:30:31,24.043,133,
09:30:31,24.049,3800,
09:30:32,24.05,104,
09:30:32,24.04,200,
09:30:32,24.04,100,
09:30:32,24.04,100,
09:30:32,24.04,100,
09:30:32,24.04,100,
09:30:32,24.0299,400,
09:30:33,24.03,200,
09:30:33,24.03,100,
09:30:33,24.04,200,
09:30:33,24.023,200,
09:30:34,24.03,200,
09:30:34,24.0499,6000,
09:30:35,24.04,650,
09:30:35,24.05,400,
09:30:35,24.05,400,
09:30:36,24.05,100,
09:30:37,24.043,288,
09:30:37,24.04,585,
09:30:37,24.04,300,
09:30:37,24.05,100,
09:30:37,24.05,200,
09:30:38,24.04,100,
09:30:38,24.03,100,
09:30:38,24.03,400,
09:30:38,24.03,200,
09:30:38,24.03,200,
09:30:38,24.03,1300,
09:30:38,24.03,700,
09:30:38,24.03,100,
09:30:38,24.03,200,
09:30:38,24.03,200,
09:30:39,24.03,200,
09:30:39,24.03,100,
09:30:41,24.0278,500,
09:30:42,24.0801,300,
09:30:43,24.028,300,
09:30:44,24.05,800,
09:30:47,24.03,150,
09:30:49,24.03,100,
09:30:50,24.029,300,
09:30:51,24.0301,600,
09:30:51,24.02,200,
09:30:52,24.03,500,
09:30:52,24.027,291,
09:30:53,24.03,100,
09:30:55,24.03,300,
09:30:55,24.03,192,
09:30:55,24.029,200,
09:30:55,24.02,200,
09:30:55,24.02,200,
09:30:57,24.027,300,
09:30:58,24.0201,500,
09:30:58,24.03,800,
09:30:59,24.02,100,
09:30:59,24.02,100,
09:31:01,24.029,3000,
09:31:01,24.0295,100,
09:31:01,24.027,500,
09:31:03,24.03,100,
09:31:04,24.02,3000,
09:31:07,24.028,1500,
09:31:09,24.0299,3400,
09:31:10,24.02,250,
09:31:10,24.02,500,
09:31:13,24.037,1000,
09:31:14,24.028,200,
09:31:17,24.023,100,
09:31:18,24.02,400,
09:31:18,24.02,300,
09:31:19,24.017,1000,
09:31:20,24.02,180,
09:31:20,24.022,500,
09:31:21,24.016,300,
09:31:22,24.027,300,
09:31:23,24.01,500,
09:31:25,24.012,3000,
09:31:26,24.019,100,
09:31:27,24.01,100,
09:31:27,24.01,100,
09:31:28,24.0199,200,
09:31:30,24.0101,1020,
09:31:30,24.01,100,
09:31:31,24.02,100,
09:31:32,24.01,500,
09:31:32,24.017,1000,
09:31:33,24.01,200,
09:31:34,24.0175,100,
09:31:34,24.02,100,
09:31:36,24.02,200,
09:31:36,24.02,192,
09:31:37,24.02,258,
09:31:37,24.017,100,
09:31:37,24.018,5000,
09:31:38,24.017,400,
09:31:38,24.01,100,
09:31:38,24.01,200,
09:31:38,24.01,325,
09:31:41,24.017,900,
09:31:42,24.019,100,
09:31:44,24.01,100,
09:31:44,24.01,100,
09:31:44,24.02,200,
09:31:44,24.0198,343,
09:31:46,24.02,300,
09:31:48,24.02,100,
09:31:48,24.02,200,
09:31:48,24.02,200,
09:31:48,24.02,598,
09:31:49,24.027,600,
09:31:50,24.029,200,
09:31:50,24.02,200,
09:31:50,24.029,300,
09:31:50,24.023,300,
09:31:51,24.0252,300,
09:31:52,24.0222,1500,
09:31:52,24.03,400,
09:31:53,24.04,1300,
09:31:54,24.039,600,
09:31:54,24.06,200,
09:31:55,24.07,300,
09:31:55,24.08,1000,
09:31:56,24.07,105,
09:31:56,24.07,895,
09:31:56,24.0589,200,
09:31:57,24.059,600,
09:31:57,24.06,300,
09:32:00,24.053,200,
09:32:00,24.07,302,
09:32:00,24.08,100,
09:32:00,24.07,200,
09:32:00,24.08,400,
09:32:00,24.06,100,
09:32:00,24.07,200,
09:32:01,24.068,3600,
09:32:01,24.07,800,
09:32:03,24.057,300,
09:32:03,24.058,500,
09:32:04,24.05,100,
09:32:04,24.05,400,
09:32:08,24.048,1000,
09:32:08,24.04,1400,
09:32:09,24.05,402,
09:32:09,24.05,200,
09:32:09,24.06,1200,
09:32:09,24.033,100,
09:32:12,24.04,11400,
09:32:13,24.04,400,
09:32:13,24.0389,600,
09:32:15,24.0499,1000,
09:32:17,24.048,500,
09:32:18,24.0456,1000,
09:32:19,24.03,200,
09:32:19,24.03,100,
09:32:19,24.03,100,
09:32:20,24.033,300,
09:32:21,24.0299,500,
09:32:24,24.03,500,
09:32:26,24.02,1100,
09:32:29,24.0298,100,
09:32:30,24.039,200,
09:32:32,24.0324,200,
09:32:34,24.033,300,
09:32:36,24.05,100,
09:32:39,24.03,100,
09:32:39,24.0301,200,
09:32:39,24.0298,500,
09:32:41,24.04,4100,
09:32:41,24.02,200,
09:32:42,24.0198,600,
09:32:44,24.02,501,
09:32:47,24.0199,100,
09:32:47,24.02,100,
09:32:47,24.0199,100,
09:32:47,24.0199,100,
09:32:47,24.02,100,
09:32:49,24,460,
09:32:49,24,200,
09:32:49,24,200,
09:32:49,24,180,
09:32:49,24,500,
09:32:49,24,980,
09:32:49,24,100,
09:32:49,24,100,
09:32:49,24,100,
09:32:49,24,300,
09:32:49,24,100,
09:32:50,24,225,
09:32:50,24,500,
09:32:50,24.004,100,
09:32:50,24,700,
09:32:50,24.0001,6000,
09:32:50,24,895,
09:32:50,24,200,
09:32:50,24,145,
09:32:50,24,2700,
09:32:51,24,145,
09:32:51,24,100,
09:32:52,24.0099,200,
09:32:53,24,168,
09:32:53,24,104,
09:32:53,24.005,200,
09:32:53,24.0015,100,
09:32:54,24.0038,100,
09:32:54,24.0033,200,
09:32:54,24,1900,
09:32:54,24,200,
09:32:54,24,200,
09:32:54,24,800,
09:32:55,24,100,
09:32:56,24.009,200,
09:32:56,24,500,
09:32:56,24,100,
09:32:56,24,196,
09:32:56,24,507,
09:32:56,24,607,
09:32:56,24,104,
09:32:56,24,100,
09:32:56,24,100,
09:32:56,24,500,
09:32:57,24.009,200,
09:32:58,24.002,2800,
09:32:58,24.009,300,
09:32:58,24,200,
09:32:59,24.01,1000,
09:32:59,24.01,100,
09:32:59,24.01,100,
09:32:59,24.009,100,
09:32:59,24.019,100,
09:33:01,24.0183,100,
09:33:01,24.019,200,
09:33:05,24.018,2000,
09:33:06,24.011,400,
09:33:07,24.02,1000,
09:33:07,24.02,100,
09:33:07,24.0196,100,
09:33:07,24.0197,100,
09:33:07,24.02,100,
09:33:07,24.0197,100,
09:33:07,24.02,200,
09:33:07,24.0196,100,
09:33:07,24.02,100,
09:33:07,24.02,100,
09:33:07,24.02,200,
09:33:09,24.01,200,
09:33:09,24.02,300,
09:33:10,24.029,200,
09:33:10,24.0278,1000,
09:33:13,24.0202,200,
09:33:14,24.0194,100,
09:33:15,24.0178,500,
09:33:17,24.02,1000,
09:33:19,24.011,4220,
09:33:19,24.012,500,
09:33:21,24.019,200,
09:33:21,24.019,100,
09:33:21,24.0191,100,
09:33:21,24.0191,100,
09:33:21,24.019,500,
09:33:21,24.02,200,
09:33:22,24.03,10000,
09:33:22,24.011,500,
09:33:23,24.013,118,
09:33:24,24.0281,100,
09:33:25,24.0278,700,
09:33:25,24.027,100,
09:33:25,24.0222,500,
09:33:26,24.03,200,
09:33:27,24.0287,100,
09:33:27,24.0288,200,
09:33:27,24.0295,200,
09:33:27,24.029,200,
09:33:28,24.03,199,
09:33:29,24.03,700,
09:33:29,24.03,600,
09:33:33,24.04,100,
09:33:34,24.04,999,
09:33:34,24.04,201,
09:33:34,24.04,244,
09:33:37,24.0499,200,
09:33:38,24.05,100,
09:33:38,24.05,765,
09:33:39,24.049,100,
09:33:41,24.0475,100,
09:33:41,24.05,100,
09:33:43,24.05,100,
09:33:45,24.04,200,
09:33:45,24.04,200,
09:33:45,24.04,100,
09:33:48,24.049,300,
09:33:48,24.049,400,
09:33:49,24.0416,3000,
09:33:49,24.04,200,
09:33:49,24.04,100,
09:33:49,24.04,100,
09:33:51,24.0597,100,
09:33:52,24.06,100,
09:33:52,24.069,100,
09:33:53,24.07,200,
09:33:54,24.0583,100,
09:33:54,24.0589,100,
09:33:54,24.05,200,
09:33:56,24.058,100,
09:33:57,24.04,100,
09:33:59,24.0411,700,
09:33:59,24.04,100,
09:33:59,24.03,5700,
09:34:00,24.02,497,
09:34:00,24.02,502,
09:34:01,24.02,1000,
09:34:02,24.019,100,
09:34:04,24.0193,100,
09:34:04,24.019,400,
09:34:06,24.01,100,
09:34:06,24.01,100,
09:34:06,24.02,100,
09:34:06,24.0101,100,
09:34:06,24.0101,100,
09:34:06,24.0199,100,
09:34:06,24.02,200,
09:34:08,24.026,500,
09:34:10,24.0273,100,
09:34:10,24.0275,100,
09:34:10,24.029,300,
09:34:11,24.02,100,
09:34:12,24.01,200,
09:34:12,24.01,300,
09:34:13,24.01,598,
09:34:16,24.019,100,
09:34:17,24.019,100,
09:34:19,24,300,
09:34:19,24,100,
09:34:20,24.009,100,
09:34:21,24.01,1000,
09:34:22,24.009,200,
09:34:22,24,200,
09:34:22,24,100,
09:34:22,24,100,
09:34:22,24,100,
09:34:23,24.001,450,
09:34:24,24,200,
09:34:24,24.0097,100,
09:34:24,24.0098,100,
09:34:24,24.0098,100,
09:34:24,24.0099,200,
09:34:24,24.009,1700,
09:34:24,24.009,1700,
09:34:25,24,200,
09:34:25,24,1100,
09:34:27,24.0001,1000,
09:34:27,24.018,750,
09:34:28,24.01,500,
09:34:29,24,100,
09:34:29,24.0099,369,
09:34:29,24.01,600,
09:34:32,24.01,650,
09:34:32,24.01,100,
09:34:33,24.01,569,
09:34:34,24.009,100,
09:34:35,24.01,100,
09:34:36,24.01,100,
09:34:36,24.009,200,
09:34:38,24.009,100,
09:34:39,24.0122,1385,
09:34:40,24.0001,588,
09:34:43,24.028,200,
09:34:43,24.0284,100,
09:34:44,24.029,400,
09:34:44,24.029,100,
09:34:44,24.02,300,
09:34:48,24.03,400,
09:34:48,24.03,400,
09:34:48,24.03,500,
09:34:48,24.03,300,
09:34:50,24.02,999,
09:34:51,24.02,500,
09:34:55,24.01,100,
09:34:55,24.01,300,
09:34:55,24.01,300,
09:34:55,24.01,100,
09:34:55,24,100,
09:34:55,24,100,
09:34:56,24.019,300,
09:34:59,24,595,
09:35:00,24.01,300,
09:35:00,24.02,300,
09:35:00,24.01,200,
09:35:00,24.01,200,
09:35:00,24.01,600,
09:35:00,24.01,300,
09:35:00,24,200,
09:35:00,24,698,
09:35:00,23.99,200,
09:35:00,23.99,200,
09:35:00,24,600,
09:35:00,24,300,
09:35:00,24,100,
09:35:00,23.99,100,
09:35:00,23.99,100,
09:35:00,23.99,100,
09:35:00,23.99,100,
09:35:00,23.99,800,
09:35:00,23.99,600,
09:35:00,23.98,100,
09:35:00,23.97,100,
09:35:00,23.97,500,
09:35:00,23.97,300,
09:35:00,23.97,400,
09:35:00,23.97,100,
09:35:00,23.97,300,
09:35:01,23.9774,100,
09:35:01,23.979,100,
09:35:01,23.98,300,
09:35:02,23.98,1000,
09:35:02,23.98,100,
09:35:02,24,1000,
09:35:02,23.99,150,
09:35:02,23.99,600,
09:35:02,23.99,200,
09:35:03,23.99,2900,
09:35:04,23.97,100,
09:35:05,23.9799,100,
09:35:05,23.97,100,
09:35:05,23.97,600,
09:35:08,23.97,300,
09:35:08,23.97,500,
09:35:08,23.97,300,
09:35:08,23.9722,500,
09:35:09,23.97,300,
09:35:09,23.961,200,
09:35:09,23.961,100,
09:35:10,23.97,200,
09:35:10,23.96,300,
09:35:10,23.9799,4000,
09:35:11,23.97,300,
09:35:12,23.98,600,
09:35:12,23.98,100,
09:35:14,23.981,3600,
09:35:14,23.983,400,
09:35:15,23.97,900,
09:35:15,23.97,1000,
09:35:16,23.96,100,
09:35:16,23.96,784,
09:35:16,23.96,384,
09:35:16,23.96,500,
09:35:17,23.95,100,
09:35:17,23.95,100,
09:35:17,23.95,100,
09:35:17,23.95,100,
09:35:17,23.95,100,
09:35:17,23.95,100,
09:35:17,23.963,800,
09:35:18,23.96,1300,
09:35:18,23.96,199,
09:35:18,23.96,100,
09:35:18,23.96,300,
09:35:19,23.9601,200,
09:35:20,23.95,100,
09:35:20,23.95,100,
09:35:20,23.95,100,
09:35:20,23.95,100,
09:35:20,23.95,1633,
09:35:20,23.95,900,
09:35:20,23.95,667,
09:35:20,23.94,100,
09:35:20,23.94,163,
09:35:20,23.94,600,
09:35:20,23.94,100,
09:35:20,23.94,300,
09:35:20,23.94,300,
09:35:20,23.94,500,
09:35:21,23.94,100,
09:35:21,23.93,180,
09:35:21,23.93,820,
09:35:21,23.93,800,
09:35:21,23.93,100,
09:35:21,23.93,100,
09:35:21,23.93,100,
09:35:22,23.93,300,
09:35:22,23.92,100,
09:35:22,23.92,100,
09:35:22,23.91,200,
09:35:22,23.93,100,
09:35:22,23.909,300,
09:35:22,23.90,150,
09:35:22,23.90,100,
09:35:23,23.91,200,
09:35:23,23.91,400,
09:35:23,23.913,100,
09:35:23,23.909,100,
09:35:24,23.90,500,
09:35:24,23.90,2109,
09:35:25,23.9101,200,
09:35:25,23.915,1890,
09:35:25,23.91,400,
09:35:25,23.91,200,
09:35:26,23.9001,500,
09:35:26,23.902,300,
09:35:26,23.919,500,
09:35:26,23.90,200,
09:35:26,23.90,300,
09:35:26,23.90,500,
09:35:26,23.90,100,
09:35:26,23.90,400,
09:35:26,23.90,1000,
09:35:26,23.90,360,
09:35:27,23.9001,300,
09:35:27,23.903,800,
09:35:28,23.8987,100,
09:35:28,23.90,100,
09:35:28,23.8987,200,
09:35:28,23.8987,200,
09:35:28,23.90,1240,
09:35:28,23.90,400,
09:35:28,23.90,100,
09:35:28,23.90,600,
09:35:28,23.90,1000,
09:35:29,23.903,200,
09:35:29,23.90,200,
09:35:30,23.91,300,
09:35:30,23.91,200,
09:35:30,23.90,300,
09:35:31,23.90,100,
09:35:31,23.90,300,
09:35:32,23.91,700,
09:35:33,23.9101,300,
09:35:33,23.903,235,
09:35:33,23.91,400,
09:35:35,23.93,240,
09:35:36,23.917,100,
09:35:36,23.93,500,
09:35:36,23.93,300,
09:35:36,23.93,600,
09:35:38,23.92,300,
09:35:38,23.92,100,
09:35:38,23.92,600,
09:35:38,23.92,200,
09:35:38,23.924,1500,
09:35:40,23.93,300,
09:35:40,23.92,100,
09:35:40,23.92,200,
09:35:40,23.92,500,
09:35:40,23.91,100,
09:35:40,23.91,100,
09:35:42,23.911,300,
09:35:43,23.92,100,
09:35:43,23.91,200,
09:35:44,23.913,600,
09:35:45,23.9197,100,
09:35:45,23.9102,1500,
09:35:46,23.92,300,
09:35:46,23.93,247,
09:35:47,23.92,200,
09:35:48,23.924,900,
09:35:48,23.93,600,
09:35:48,23.93,1200,
09:35:48,23.933,100,
09:35:51,23.923,400,
09:35:54,23.94,100,
09:35:54,23.94,200,
09:35:54,23.94,100,
09:35:54,23.94,1000,
09:35:54,23.94,300,
09:35:54,23.937,300,
09:35:57,23.933,1400,
09:35:57,23.947,1000,
09:36:00,23.95,828,
09:36:00,23.948,500,
09:36:00,23.94,300,
09:36:01,23.95,300,
09:36:02,23.95,300,
09:36:03,23.957,200,
09:36:03,23.9571,200,
09:36:03,23.959,100,
09:36:07,23.9652,104,
09:36:07,23.9698,100,
09:36:07,23.9698,100,
09:36:07,23.9698,200,
09:36:07,23.97,100,
09:36:08,23.9662,1000,
09:36:08,23.96,100,
09:36:08,23.96,300,
09:36:10,23.979,1500,
09:36:12,23.968,1000,
09:36:13,23.97,300,
09:36:13,23.96,200,
09:36:13,23.96,200,
09:36:13,23.96,100,
09:36:15,23.977,183,
09:36:15,23.954,230,
09:36:16,23.95,300,
09:36:17,23.96,100,
09:36:17,23.96,100,
09:36:17,23.9599,1700,
09:36:18,23.959,2000,
09:36:20,23.98,100,
09:36:20,23.9799,200,
09:36:21,23.969,1000,
09:36:27,23.973,200,
09:36:28,23.9798,100,
09:36:28,23.979,800,
09:36:28,23.979,800,
09:36:28,23.9897,200,
09:36:29,23.98,100,
09:36:30,23.97,843,
09:36:30,23.97,500,
09:36:30,23.97,457,
09:36:30,23.97,200,
09:36:30,23.96,100,
09:36:30,23.96,100,
09:36:30,23.97,300,
09:36:30,23.96,100,
09:36:30,23.96,600,
09:36:30,23.96,100,
09:36:30,23.96,400,
09:36:30,23.96,100,
09:36:30,23.986,205,
09:36:32,23.9565,410,
09:36:32,23.95,1000,
09:36:32,23.95,400,
09:36:32,23.94,300,
09:36:33,23.95,100,
09:36:33,23.9499,100,
09:36:33,23.953,100,
09:36:34,23.94,100,
09:36:35,23.9385,100,
09:36:35,23.939,200,
09:36:36,23.95,100,
09:36:36,23.9499,200,
09:36:36,23.95,100,
09:36:37,23.95,200,
09:36:38,23.94,100,
09:36:39,23.949,100,
09:36:39,23.948,200,
09:36:41,23.949,100,
09:36:42,23.95,100,
09:36:42,23.949,400,
09:36:42,23.94,300,
09:36:42,23.94,100,
09:36:42,23.94,100,
09:36:42,23.94,300,
09:36:42,23.94,100,
09:36:42,23.94,200,
09:36:47,23.95,100,
09:36:47,23.95,200,
09:36:48,23.949,100,
09:36:48,23.95,100,
09:36:49,23.95,200,
09:36:49,23.96,200,
09:36:49,23.96,600,
09:36:49,23.96,1500,
09:36:49,23.96,500,
09:36:49,23.97,200,
09:36:49,23.97,600,
09:36:51,23.98,1300,
09:36:51,23.98,600,
09:36:51,23.98,400,
09:36:52,23.98,799,
09:36:53,23.9865,1000,
09:36:54,23.98,276,
09:36:54,23.98,100,
09:36:54,23.98,200,
09:36:56,23.9892,200,
09:36:56,23.9895,200,
09:36:56,23.9896,100,
09:36:56,23.99,200,
09:36:56,23.99,200,
09:36:56,23.999,100,
09:36:57,23.9999,500,
09:36:57,23.989,200,
09:36:57,24,100,
09:36:57,23.99,100,
09:36:57,23.989,200,
09:36:57,23.9801,1200,
09:36:57,23.997,1000,
09:36:58,23.989,200,
09:36:58,23.9966,100,
09:36:58,23.9966,200,
09:36:58,23.9986,200,
09:36:58,23.999,1100,
09:36:58,23.999,160,
09:36:58,23.98,300,
09:36:58,23.98,200,
09:36:58,23.98,200,
09:36:58,23.98,600,
09:36:58,23.98,300,
09:37:00,24,5200,
09:37:01,23.98,300,
09:37:01,23.98,100,
09:37:01,23.9799,200,
09:37:02,23.98,1000,
09:37:02,23.989,100,
09:37:03,23.99,300,
09:37:03,23.99,100,
09:37:03,23.99,100,
09:37:03,23.99,1300,
09:37:03,23.99,100,
09:37:03,23.99,900,
09:37:03,23.99,300,
09:37:03,23.99,400,
09:37:05,24,2705,
09:37:05,24,300,
09:37:05,24,305,
09:37:06,24.0074,200,
09:37:06,24,100,
09:37:06,24.02,400,
09:37:06,23.991,5000,
09:37:07,24.01,200,
09:37:09,24.0099,100,
09:37:11,24,300,
09:37:12,24.008,700,
09:37:12,24.004,400,
09:37:13,24.02,100,
09:37:13,24.02,200,
09:37:15,24.001,200,
09:37:16,24.016,500,
09:37:16,24,200,
09:37:16,24,100,
09:37:16,24,100,
09:37:18,24.0195,100,
09:37:18,24.0195,100,
09:37:18,24.01,200,
09:37:18,24.02,100,
09:37:18,24.01,300,
09:37:18,24.01,600,
09:37:18,24.02,200,
09:37:18,24.02,100,
09:37:18,24.02,100,
09:37:18,24.03,100,
09:37:18,24.03,800,
09:37:18,24.01,100,
09:37:19,24.0087,100,
09:37:19,24.009,300,
09:37:20,24.017,300,
09:37:21,24.022,1000,
09:37:22,24.011,1000,
09:37:24,24.0278,500,
09:37:24,24.026,250,
09:37:25,24.03,300,
09:37:27,24.02,200,
09:37:28,24.01,100,
09:37:28,24.01,200,
09:37:28,24.01,100,
09:37:28,24.01,100,
09:37:28,24.02,1000,
09:37:30,24.02,200,
09:37:31,24.007,400,
09:37:32,24,100,
09:37:32,24,200,
09:37:32,24,200,
09:37:32,24.0098,500,
09:37:33,24.01,200,
09:37:33,24.001,9000,
09:37:34,24.0199,500,
09:37:37,24.017,1200,
09:37:39,24.02,200,
09:37:40,24.02,200,
09:37:40,24.027,250,
09:37:41,24.0199,100,
09:37:42,24.02,200,
09:37:42,24.019,400,
09:37:43,24.017,300,
09:37:43,24.017,200,
09:37:45,24.0267,100,
09:37:46,24.03,100,
09:37:47,24.029,200,
09:37:49,24.028,1000,
09:37:51,24.0278,700,
09:37:52,24.02,500,
09:37:52,24.01,200,
09:37:52,24.01,192,
09:37:52,24.01,200,
09:37:52,24,200,
09:37:52,24,700,
09:37:52,24.0289,500,
09:37:53,23.9995,400,
09:37:53,23.98,200,
09:37:54,24,700,
09:37:55,23.992,300,
09:37:55,24,100,
09:37:55,23.997,100,
09:37:56,23.9898,200,
09:37:57,23.97,625,
09:37:58,23.99,100,
09:37:58,23.99,300,
09:37:58,23.99,300,
09:37:58,23.99,100,
09:37:58,23.99,600,
09:37:59,23.99,286,
09:38:04,23.988,500,
09:38:06,23.9898,100,
09:38:06,23.9899,100,
09:38:06,23.99,100,
09:38:07,23.9802,2300,
09:38:10,23.983,500,
09:38:11,23.99,300,
09:38:13,23.992,500,
09:38:18,23.99,200,
09:38:18,23.99,100,
09:38:18,23.99,600,
09:38:18,24,500,
09:38:18,24,300,
09:38:18,24.0099,100,
09:38:18,23.997,210,
09:38:19,23.99,200,
09:38:20,24,953,
09:38:20,24,600,
09:38:23,24.019,200,
09:38:23,24.018,3000,
09:38:25,24.0102,1000,
09:38:25,24.019,6100,
09:38:25,24.019,200,
09:38:25,24.019,2900,
09:38:27,24.02,300,
09:38:27,24.03,200,
09:38:27,24.03,300,
09:38:29,24.0377,100,
09:38:29,24.039,200,
09:38:30,24.0378,200,
09:38:30,24.039,200,
09:38:30,24.04,300,
09:38:30,24.04,200,
09:38:30,24.04,200,
09:38:30,24.033,100,
09:38:31,24.0399,500,
09:38:31,24.04,900,
09:38:31,24.04,800,
09:38:33,24.031,250,
09:38:34,24.0299,100,
09:38:35,24.031,5000,
09:38:35,24.0218,200,
09:38:35,24.0215,100,
09:38:35,24.0215,100,
09:38:39,24.04,2800,
09:38:39,24.04,200,
09:38:39,24.04,200,
09:38:39,24.03,300,
09:38:39,24.03,100,
09:38:39,24.03,100,
09:38:40,24.04,827,
09:38:40,24.04,600,
09:38:40,24.04,300,
09:38:40,24.05,100,
09:38:40,24.05,100,
09:38:41,24.0499,100,
09:38:42,24.04,600,
09:38:42,24.03,100,
09:38:42,24.03,200,
09:38:44,24.0299,200,
09:38:44,24.03,100,
09:38:45,24.023,1000,
09:38:48,24.028,100,
09:38:49,24.0362,1500,
09:38:49,24.039,3000,
09:38:50,24.0399,500,
09:38:51,24.041,150,
09:38:51,24.04,300,
09:38:52,24.039,100,
09:38:53,24.0399,200,
09:38:55,24.039,1000,
09:38:55,24.032,250,
09:38:56,24.05,225,
09:38:57,24.06,1000,
09:38:58,24.0605,1000,
09:38:58,24.0678,1000,
09:38:59,24.07,5000,
09:39:00,24.069,100,
09:39:01,24.08,2000,
09:39:01,24.07,1400,
09:39:01,24.07,1300,
09:39:02,24.0762,1000,
09:39:02,24.08,300,
09:39:04,24.081,1000,
09:39:06,24.08,200,
09:39:06,24.0785,100,
09:39:06,24.079,1200,
09:39:06,24.079,1200,
09:39:07,24.076,3000,
09:39:08,24.08,2000,
09:39:08,24.08,200,
09:39:10,24.09,1000,
09:39:10,24.09,300,
09:39:10,24.09,100,
09:39:10,24.09,1000,
09:39:10,24.09,400,
09:39:10,24.09,900,
09:39:10,24.09,500,
09:39:10,24.09,300,
09:39:12,24.08,200,
09:39:12,24.09,100,
09:39:12,24.08,100,
09:39:13,24.09,400,
09:39:15,24.07,100,
09:39:17,24.06,1000,
09:39:17,24.088,900,
09:39:17,24.069,600,
09:39:18,24.079,300,
09:39:18,24.08,500,
09:39:19,24.071,300,
09:39:19,24.071,2700,
09:39:23,24.08,200,
09:39:23,24.08,100,
09:39:23,24.08,6505,
09:39:23,24.08,100,
09:39:24,24.07,100,
09:39:25,24.08,100,
09:39:26,24.08,600,
09:39:27,24.08,500,
09:39:29,24.08,200,
09:39:29,24.08,5854,
09:39:29,24.08,100,
09:39:30,24.089,100,
09:39:31,24.08,100,
09:39:31,24.07,100,
09:39:31,24.07,300,
09:39:31,24.07,100,
09:39:31,24.07,100,
09:39:31,24.07,100,
09:39:31,24.07,100,
09:39:32,24.0799,2075,
09:39:34,24.073,1000,
09:39:35,24.078,200,
09:39:35,24.07,1000,
09:39:35,24.0636,100,
09:39:35,24.0746,200,
09:39:35,24.0746,100,
09:39:35,24.0742,100,
09:39:35,24.0739,100,
09:39:35,24.0741,100,
09:39:36,24.0705,700,
09:39:36,24.0794,100,
09:39:36,24.0794,100,
09:39:37,24.07,400,
09:39:37,24.07,100,
09:39:38,24.0798,1250,
09:39:38,24.063,1150,
09:39:40,24.069,350,
09:39:42,24.0602,4200,
09:39:42,24.067,200,
09:39:43,24.0699,5000,
09:39:44,24.068,250,
09:39:46,24.0795,200,
09:39:46,24.0795,100,
09:39:46,24.0795,100,
09:39:46,24.0722,1000,
09:39:46,24.08,200,
09:39:47,24.10,200,
09:39:47,24.10,500,
09:39:47,24.09,200,
09:39:47,24.09,200,
09:39:49,24.093,1000,
09:39:50,24.0999,300,
09:39:51,24.1024,1000,
09:39:52,24.109,100,
09:39:52,24.1092,200,
09:39:52,24.109,785,
09:39:52,24.108,125,
09:39:53,24.11,100,
09:39:53,24.1096,400,
09:39:53,24.11,400,
09:39:56,24.09,200,
09:39:56,24.092,1500,
09:39:57,24.11,3100,
09:39:57,24.10,1900,
09:39:58,24.099,700,
09:39:58,24.08,200,
09:39:58,24.08,1000,
09:39:58,24.08,200,
09:39:58,24.08,100,
09:39:59,24.0862,500,
09:39:59,24.08,500,
09:40:00,24.08,300,
09:40:00,24.09,100,
09:40:00,24.09,100,
09:40:00,24.0899,1300,
09:40:00,24.0801,250,
09:40:01,24.0893,200,
09:40:01,24.0893,100,
09:40:01,24.08,300,
09:40:01,24.09,100,
09:40:01,24.0899,100,
09:40:01,24.09,100,
09:40:02,24.09,100,
09:40:03,24.09,300,
09:40:03,24.09,100,
09:40:04,24.0978,500,
09:40:04,24.09,600,
09:40:04,24.09,100,
09:40:04,24.091,300,
09:40:04,24.091,300,
09:40:05,24.09,100,
09:40:05,24.09,200,
09:40:07,24.0983,100,
09:40:07,24.0983,200,
09:40:07,24.0984,100,
09:40:07,24.0983,100,
09:40:07,24.099,1200,
09:40:07,24.099,1480,
09:40:07,24.099,100,
09:40:08,24.10,200,
09:40:08,24.10,200,
09:40:08,24.10,100,
09:40:08,24.10,300,
09:40:08,24.10,200,
09:40:09,24.09,300,
09:40:09,24.09,100,
09:40:10,24.10,100,
09:40:10,24.09,100,
09:40:10,24.09,300,
09:40:10,24.09,200,
09:40:10,24.08,235,
09:40:12,24.083,1200,
09:40:14,24.09,300,
09:40:14,24.09,1200,
09:40:14,24.10,600,
09:40:14,24.08,300,
09:40:14,24.09,100,
09:40:14,24.08,2000,
09:40:14,24.09,100,
09:40:14,24.10,100,
09:40:14,24.09,101,
09:40:14,24.10,600,
09:40:14,24.10,200,
09:40:14,24.10,100,
09:40:14,24.10,100,
09:40:14,24.10,2000,
09:40:14,24.09,300,
09:40:14,24.09,900,
09:40:14,24.09,100,
09:40:14,24.10,1500,
09:40:14,24.10,300,
09:40:14,24.10,201,
09:40:14,24.09,300,
09:40:14,24.09,1800,
09:40:14,24.09,200,
09:40:14,24.10,600,
09:40:14,24.10,300,
09:40:14,24.10,300,
09:40:14,24.11,100,
09:40:14,24.1002,200,
09:40:15,24.083,1200,
09:40:15,24.11,600,
09:40:16,24.12,300,
09:40:16,24.12,2000,
09:40:16,24.12,500,
09:40:16,24.1089,600,
09:40:16,24.1189,600,
09:40:18,24.11,300,
09:40:18,24.10,100,
09:40:19,24.10,100,
09:40:19,24.10,100,
09:40:20,24.10,142,
09:40:20,24.10,100,
09:40:20,24.09,200,
09:40:20,24.09,100,
09:40:20,24.09,100,
09:40:20,24.09,100,
09:40:20,24.09,200,
09:40:20,24.09,100,
09:40:20,24.09,200,
09:40:20,24.09,100,
09:40:20,24.09,100,
09:40:21,24.098,3000,
09:40:21,24.10,100,
09:40:22,24.10,10000,
09:40:23,24.09,100,
09:40:23,24.0905,1100,
09:40:24,24.09,100,
09:40:24,24.09,200,
09:40:25,24.09,100,
09:40:25,24.089,100,
09:40:25,24.10,100,
09:40:25,24.10,200,
09:40:25,24.10,200,
09:40:25,24.10,400,
09:40:25,24.0999,4400,
09:40:26,24.097,100,
09:40:27,24.089,100,
09:40:27,24.08,100,
09:40:27,24.08,600,
09:40:27,24.08,300,
09:40:27,24.08,100,
09:40:27,24.08,100,
09:40:28,24.09,100,
09:40:28,24.09,200,
09:40:28,24.09,200,
09:40:28,24.097,180,
09:40:28,24.09,300,
09:40:29,24.09,508,
09:40:30,24.0962,400,
09:40:31,24.097,290,
09:40:33,24.0995,200,
09:40:34,24.0878,500,
09:40:34,24.0899,100,
09:40:36,24.089,470,
09:40:38,24.08,200,
09:40:38,24.08,400,
09:40:38,24.07,100,
09:40:38,24.07,300,
09:40:38,24.0822,650,
09:40:39,24.0799,100,
09:40:43,24.088,415,
09:40:43,24.08,200,
09:40:43,24.08,300,
09:40:43,24.08,100,
09:40:43,24.08,100,
09:40:43,24.081,100,
09:40:44,24.08,1700,
09:40:44,24.08,100,
09:40:44,24.08,100,
09:40:44,24.08,100,
09:40:44,24.08,300,
09:40:44,24.08,500,
09:40:46,24.0878,500,
09:40:47,24.087,500,
09:40:47,24.09,300,
09:40:53,24.09,100,
09:40:53,24.09,100,
09:40:53,24.09,100,
09:40:53,24.09,100,
09:40:54,24.10,200,
09:40:54,24.11,100,
09:40:55,24.10,200,
09:40:55,24.10,200,
09:40:55,24.10,100,
09:40:55,24.09,100,
09:40:55,24.11,3100,
09:40:57,24.10,200,
09:40:58,24.12,1400,
09:40:58,24.11,400,
09:40:58,24.11,100,
09:40:59,24.11,500,
09:40:59,24.11,100,
09:40:59,24.1099,200,
09:40:59,24.12,200,
09:41:00,24.1096,200,
09:41:00,24.11,200,
09:41:00,24.111,500,
09:41:01,24.11,400,
09:41:01,24.11,400,
09:41:01,24.11,100,
09:41:01,24.11,300,
09:41:01,24.12,100,
09:41:02,24.1195,100,
09:41:05,24.1199,100,
09:41:07,24.11,300,
09:41:07,24.1199,300,
09:41:07,24.101,470,
09:41:08,24.10,200,
09:41:08,24.10,200,
09:41:08,24.11,100,
09:41:09,24.11,1000,
09:41:10,24.12,100,
09:41:10,24.1199,700,
09:41:11,24.12,100,
09:41:11,24.12,200,
09:41:11,24.12,100,
09:41:11,24.12,100,
09:41:16,24.12,100,
09:41:16,24.12,100,
09:41:16,24.12,100,
09:41:16,24.1199,800,
09:41:16,24.118,500,
09:41:18,24.117,100,
09:41:22,24.12,200,
09:41:22,24.12,600,
09:41:24,24.13,300,
09:41:24,24.12,100,
09:41:24,24.12,100,
09:41:24,24.12,300,
09:41:26,24.13,400,
09:41:27,24.13,300,
09:41:27,24.13,1300,
09:41:27,24.1383,200,
09:41:27,24.139,1000,
09:41:27,24.139,400,
09:41:27,24.1301,100,
09:41:28,24.14,2800,
09:41:28,24.14,200,
09:41:29,24.14,1000,
09:41:29,24.14,100,
09:41:30,24.15,100,
09:41:32,24.1499,100,
09:41:32,24.15,250,
09:41:33,24.149,100,
09:41:33,24.149,1000,
09:41:34,24.15,200,
09:41:34,24.15,300,
09:41:34,24.15,100,
09:41:34,24.15,100,
09:41:36,24.1422,1000,
09:41:36,24.15,200,
09:41:37,24.15,100,
09:41:37,24.15,100,
09:41:37,24.1499,2400,
09:41:38,24.16,275,
09:41:39,24.159,100,
09:41:40,24.14,100,
09:41:41,24.15,100,
09:41:41,24.15,200,
09:41:42,24.13,500,
09:41:42,24.13,100,
09:41:43,24.1338,600,
09:41:43,24.14,800,
09:41:43,24.14,800,
09:41:44,24.13,100,
09:41:44,24.13,200,
09:41:44,24.13,100,
09:41:45,24.14,100,
09:41:51,24.15,200,
09:41:51,24.15,100,
09:41:51,24.159,4200,
09:41:52,24.16,5000,
09:41:54,24.15,1000,
09:41:54,24.15,1900,
09:41:58,24.149,200,
09:41:58,24.149,100,
09:41:59,24.15,100,
09:41:59,24.1499,200,
09:42:01,24.149,500,
09:42:01,24.149,500,
09:42:02,24.1499,100,
09:42:03,24.15,100,
09:42:03,24.1499,200,
09:42:05,24.1499,100,
09:42:06,24.16,100,
09:42:06,24.1401,1600,
09:42:07,24.143,100,
09:42:07,24.142,4000,
09:42:07,24.1587,100,
09:42:08,24.159,100,
09:42:10,24.16,100,
09:42:10,24.1599,300,
09:42:10,24.156,1000,
09:42:12,24.151,2000,
09:42:16,24.15,600,
09:42:17,24.16,100,
09:42:17,24.1599,200,
09:42:18,24.1599,100,
09:42:18,24.1502,400,
09:42:20,24.16,100,
09:42:20,24.16,600,
09:42:21,24.163,400,
09:42:21,24.17,500,
09:42:21,24.17,100,
09:42:21,24.18,300,
09:42:21,24.18,100,
09:42:22,24.189,100,
09:42:23,24.185,200,
09:42:25,24.1999,100,
09:42:25,24.20,100,
09:42:25,24.199,100,
09:42:25,24.199,500,
09:42:26,24.19,800,
09:42:26,24.199,100,
09:42:26,24.20,165,
09:42:27,24.20,200,
09:42:28,24.189,100,
09:42:29,24.1808,100,
09:42:29,24.1808,100,
09:42:29,24.1807,200,
09:42:29,24.181,100,
09:42:31,24.18,11200,
09:42:35,24.188,400,
09:42:37,24.183,1000,
09:42:37,24.17,300,
09:42:38,24.17,100,
09:42:38,24.17,100,
09:42:38,24.1699,400,
09:42:39,24.17,500,
09:42:39,24.17,200,
09:42:39,24.19,100,
09:42:39,24.19,100,
09:42:39,24.1899,400,
09:42:41,24.168,200,
09:42:42,24.19,100,
09:42:42,24.1899,200,
09:42:46,24.19,100,
09:42:47,24.20,100,
09:42:47,24.199,500,
09:42:48,24.19,200,
09:42:48,24.19,200,
09:42:48,24.19,100,
09:42:48,24.19,100,
09:42:49,24.20,500,
09:42:49,24.20,600,
09:42:51,24.191,1000,
09:42:51,24.198,1950,
09:42:52,24.19,200,
09:42:55,24.198,250,
09:42:55,24.19,300,
09:42:55,24.18,100,
09:42:56,24.19,100,
09:42:56,24.19,200,
09:42:56,24.19,600,
09:42:58,24.1801,100,
09:43:01,24.20,100,
09:43:01,24.198,300,
09:43:03,24.19,100,
09:43:04,24.197,500,
09:43:05,24.18,300,
09:43:05,24.18,200,
09:43:05,24.18,600,
09:43:05,24.18,300,
09:43:05,24.18,100,
09:43:05,24.18,400,
09:43:06,24.181,200,
09:43:06,24.18,100,
09:43:08,24.181,900,
09:43:08,24.179,500,
09:43:10,24.18,100,
09:43:12,24.18,200,
09:43:12,24.18,100,
09:43:13,24.171,500,
09:43:13,24.173,500,
09:43:16,24.17,400,
09:43:17,24.18,200,
09:43:17,24.1794,200,
09:43:17,24.1796,100,
09:43:18,24.179,200,
09:43:18,24.18,200,
09:43:20,24.18,2179,
09:43:20,24.18,200,
09:43:20,24.18,400,
09:43:20,24.18,100,
09:43:25,24.1879,100,
09:43:25,24.189,100,
09:43:27,24.17,100,
09:43:28,24.18,238,
09:43:29,24.179,1400,
09:43:29,24.1777,100,
09:43:29,24.179,500,
09:43:34,24.16,290,
09:43:34,24.16,200,
09:43:34,24.16,100,
09:43:34,24.16,600,
09:43:34,24.16,350,
09:43:34,24.15,200,
09:43:34,24.15,100,
09:43:34,24.15,292,
09:43:34,24.15,208,
09:43:34,24.15,2000,
09:43:35,24.15,300,
09:43:36,24.157,300,
09:43:39,24.14,3700,
09:43:43,24.15,200,
09:43:43,24.15,100,
09:43:43,24.1522,500,
09:43:44,24.15,500,
09:43:45,24.1594,200,
09:43:45,24.16,100,
09:43:45,24.17,100,
09:43:46,24.157,300,
09:43:47,24.141,2000,
09:43:47,24.1701,500,
09:43:48,24.18,700,
09:43:48,24.18,400,
09:43:50,24.18,300,
09:43:53,24.17,300,
09:43:53,24.17,100,
09:43:53,24.17,100,
09:43:53,24.17,100,
09:43:53,24.16,100,
09:43:53,24.16,300,
09:43:53,24.16,100,
09:43:54,24.16,390,
09:43:56,24.15,100,
09:43:58,24.16,100,
09:43:58,24.16,100,
09:43:58,24.16,100,
09:43:58,24.1602,150,
09:44:02,24.16,115,
09:44:02,24.162,300,
09:44:08,24.177,100,
09:44:11,24.167,400,
09:44:12,24.15,300,
09:44:20,24.17,400,
09:44:26,24.158,100,
09:44:27,24.15,300,
09:44:29,24.1599,100,
09:44:29,24.15,100,
09:44:31,24.144,145,
09:44:31,24.14,100,
09:44:33,24.149,100,
09:44:33,24.13,1300,
09:44:33,24.13,100,
09:44:33,24.1399,1000,
09:44:35,24.131,100,
09:44:35,24.131,200,
09:44:35,24.131,700,
09:44:37,24.1399,200,
09:44:38,24.132,625,
09:44:39,24.12,100,
09:44:39,24.12,100,
09:44:42,24.1101,4000,
09:44:44,24.10,100,
09:44:45,24.1022,1800,
09:44:46,24.10,100,
09:44:46,24.1015,100,
09:44:50,24.103,1000,
09:44:50,24.1001,100,
09:44:50,24.10,200,
09:44:50,24.101,1700,
09:44:50,24.102,1500,
09:44:51,24.10,200,
09:44:51,24.10,100,
09:44:51,24.10,200,
09:44:51,24.10,200,
09:44:51,24.11,500,
09:44:51,24.10,100,
09:44:52,24.10,200,
09:44:53,24.1001,1400,
09:44:53,24.10,4300,
09:44:56,24.10,100,
09:44:56,24.10,300,
09:44:59,24.107,200,
09:45:01,24.091,300,
09:45:01,24.091,350,
09:45:01,24.09,300,
09:45:02,24.092,300,
09:45:03,24.087,100,
09:45:05,24.09,300,
09:45:05,24.09,100,
09:45:05,24.09,600,
09:45:05,24.09,100,
09:45:05,24.09,100,
09:45:05,24.09,100,
09:45:05,24.09,300,
09:45:05,24.09,900,
09:45:05,24.10,600,
09:45:05,24.10,584,
09:45:05,24.10,600,
09:45:05,24.10,100,
09:45:05,24.10,500,
09:45:05,24.10,300,
09:45:05,24.10,300,
09:45:05,24.10,400,
09:45:05,24.10,1300,
09:45:05,24.10,200,
09:45:05,24.10,1600,
09:45:05,24.10,100,
09:45:05,24.10,300,
09:45:05,24.109,250,
09:45:06,24.10,1485,
09:45:07,24.10,200,
09:45:07,24.10,100,
09:45:07,24.10,100,
09:45:10,24.10,200,
09:45:10,24.10,100,
09:45:10,24.09,200,
09:45:10,24.09,100,
09:45:13,24.08,100,
09:45:13,24.08,100,
09:45:13,24.08,100,
09:45:13,24.08,100,
09:45:13,24.08,200,
09:45:13,24.07,400,
09:45:13,24.08,300,
09:45:13,24.07,100,
09:45:13,24.07,200,
09:45:13,24.07,200,
09:45:13,24.07,200,
09:45:13,24.07,100,
09:45:13,24.07,100,
09:45:13,24.08,700,
09:45:19,24.08,100,
09:45:19,24.08,308,
09:45:20,24.0901,250,
09:45:20,24.09,100,
09:45:20,24.09,100,
09:45:20,24.09,100,
09:45:20,24.09,100,
09:45:20,24.09,100,
09:45:21,24.081,200,
09:45:21,24.0899,100,
09:45:21,24.09,100,
09:45:22,24.09,500,
09:45:23,24.09,100,
09:45:23,24.09,200,
09:45:24,24.0838,137,
09:45:28,24.097,200,
09:45:31,24.0998,500,
09:45:32,24.09,100,
09:45:32,24.09,100,
09:45:32,24.09,200,
09:45:32,24.09,100,
09:45:32,24.09,600,
09:45:32,24.09,100,
09:45:32,24.099,1000,
09:45:37,24.10,111,
09:45:39,24.093,103,
09:45:43,24.11,100,
09:45:45,24.107,450,
09:45:51,24.12,900,
09:45:51,24.13,1000,
09:45:53,24.1398,100,
09:45:53,24.1399,100,
09:45:53,24.1399,100,
09:45:53,24.1399,100,
09:45:54,24.1362,100,
09:45:56,24.14,744,
09:46:00,24.1399,200,
09:46:05,24.16,2000,
09:46:05,24.16,15000,
09:46:07,24.141,300,
09:46:07,24.141,400,
09:46:09,24.15,200,
09:46:09,24.15,200,
09:46:12,24.13,1300,
09:46:12,24.14,200,
09:46:12,24.15,200,
09:46:15,24.147,400,
09:46:18,24.138,1000,
09:46:20,24.14,400,
09:46:20,24.1498,100,
09:46:20,24.1498,200,
09:46:20,24.15,100,
09:46:20,24.15,1300,
09:46:20,24.159,400,
09:46:20,24.14,300,
09:46:20,24.149,2000,
09:46:21,24.149,700,
09:46:21,24.16,3000,
09:46:21,24.14,100,
09:46:21,24.14,100,
09:46:21,24.14,100,
09:46:21,24.14,100,
09:46:21,24.14,200,
09:46:21,24.14,600,
09:46:22,24.1409,100,
09:46:23,24.149,100,
09:46:25,24.143,125,
09:46:26,24.15,100,
09:46:26,24.149,129,
09:46:27,24.1499,100,
09:46:27,24.1499,100,
09:46:28,24.14,3000,
09:46:29,24.13,300,
09:46:31,24.1362,200,
09:46:32,24.1364,200,
09:46:32,24.1364,100,
09:46:34,24.1299,200,
09:46:35,24.13,200,
09:46:36,24.121,2000,
09:46:39,24.128,500,
09:46:43,24.1202,6000,
09:46:45,24.1201,2394,
09:46:50,24.1401,1300,
09:46:53,24.14,100,
09:46:53,24.1378,500,
09:46:56,24.14,1300,
09:47:03,24.1422,500,
09:47:05,24.14,100,
09:47:05,24.14,100,
09:47:06,24.13,100,
09:47:09,24.133,1000,
09:47:12,24.14,100,
09:47:12,24.14,200,
09:47:12,24.14,100,
09:47:12,24.14,100,
09:47:12,24.14,100,
09:47:12,24.13,900,
09:47:12,24.13,100,
09:47:12,24.13,400,
09:47:12,24.13,200,
09:47:12,24.13,200,
09:47:12,24.13,1000,
09:47:14,24.13,900,
09:47:14,24.13,100,
09:47:14,24.13,2000,
09:47:14,24.13,200,
09:47:14,24.13,100,
09:47:14,24.13,100,
09:47:14,24.12,200,
09:47:15,24.14,500,
09:47:15,24.10,100,
09:47:15,24.10,100,
09:47:16,24.10,100,
09:47:19,24.10,800,
09:47:19,24.11,900,
09:47:19,24.11,100,
09:47:24,24.10,100,
09:47:24,24.11,400,
09:47:24,24.10,100,
09:47:24,24.10,100,
09:47:27,24.109,1000,
09:47:37,24.09,100,
09:47:37,24.09,100,
09:47:37,24.09,600,
09:47:40,24.099,400,
09:47:41,24.09,400,
09:47:42,24.10,1300,
09:47:44,24.09,100,
09:47:44,24.09,100,
09:47:44,24.09,100,
09:47:44,24.09,159,
09:47:44,24.09,700,
09:47:44,24.08,100,
09:47:44,24.08,200,
09:47:44,24.08,100,
09:47:44,24.08,100,
09:47:44,24.08,134,
09:47:45,24.09,100,
09:47:45,24.09,900,
09:47:46,24.09,400,
09:47:47,24.09,220,
09:47:47,24.09,100,
09:47:47,24.08,300,
09:47:51,24.081,1000,
09:47:54,24.08,100,
09:47:54,24.08,100,
09:47:54,24.08,100,
09:47:54,24.08,500,
09:47:56,24.0801,1000,
09:47:57,24.08,600,
09:47:57,24.08,100,
09:47:57,24.08,500,
09:47:58,24.083,800,
09:48:01,24.08,100,
09:48:02,24.07,100,
09:48:02,24.07,300,
09:48:02,24.07,100,
09:48:02,24.07,3900,
09:48:02,24.07,100,
09:48:02,24.07,200,
09:48:02,24.07,200,
09:48:06,24.08,100,
09:48:06,24.085,800,
09:48:10,24.09,7184,
09:48:11,24.09,200,
09:48:11,24.10,100,
09:48:11,24.10,100,
09:48:11,24.10,1300,
09:48:13,24.083,1000,
09:48:15,24.13,100,
09:48:15,24.13,800,
09:48:15,24.1299,300,
09:48:15,24.13,100,
09:48:16,24.13,300,
09:48:16,24.11,100,
09:48:16,24.11,100,
09:48:18,24.111,4700,
09:48:20,24.101,100,
09:48:22,24.103,1100,
09:48:23,24.11,100,
09:48:23,24.109,400,
09:48:24,24.12,125,
09:48:30,24.119,1000,
09:48:37,24.12,100,
09:48:37,24.12,100,
09:48:37,24.1199,100,
09:48:43,24.11,100,
09:48:46,24.1102,3500,
09:48:47,24.12,200,
09:48:47,24.12,100,
09:48:47,24.12,100,
09:48:47,24.12,700,
09:48:47,24.12,300,
09:48:48,24.1185,100,
09:48:49,24.11,300,
09:48:49,24.11,100,
09:48:54,24.10,500,
09:48:58,24.0902,100,
09:48:59,24.10,200,
09:48:59,24.10,200,
09:48:59,24.10,300,
09:48:59,24.10,100,
09:49:01,24.098,1000,
09:49:03,24.107,500,
09:49:07,24.11,300,
09:49:09,24.11,200,
09:49:09,24.11,100,
09:49:11,24.106,100,
09:49:14,24.1149,100,
09:49:19,24.1102,1000,
09:49:21,24.12,500,
09:49:21,24.13,100,
09:49:21,24.13,100,
09:49:23,24.13,200,
09:49:23,24.13,500,
09:49:23,24.13,500,
09:49:26,24.12,200,
09:49:26,24.12,100,
09:49:26,24.119,400,
09:49:27,24.12,100,
09:49:27,24.119,500,
09:49:28,24.13,300,
09:49:29,24.124,400,
09:49:32,24.111,900,
09:49:39,24.12,100,
09:49:40,24.11,400,
09:49:41,24.11,600,
09:49:41,24.11,1100,
09:49:41,24.10,300,
09:49:41,24.11,200,
09:49:41,24.10,100,
09:49:41,24.11,1700,
09:49:41,24.09,100,
09:49:41,24.09,200,
09:49:41,24.09,100,
09:49:41,24.09,300,
09:49:42,24.08,498,
09:49:42,24.08,702,
09:49:42,24.08,100,
09:49:43,24.09,100,
09:49:43,24.09,100,
09:49:43,24.09,200,
09:49:43,24.09,100,
09:49:43,24.09,200,
09:49:43,24.09,100,
09:49:47,24.08,100,
09:49:47,24.08,100,
09:49:47,24.08,152,
09:49:47,24.08,100,
09:49:48,24.07,100,
09:49:48,24.07,370,
09:49:48,24.07,630,
09:49:48,24.07,100,
09:49:48,24.07,200,
09:49:48,24.08,100,
09:49:48,24.08,200,
09:49:49,24.0798,400,
09:49:49,24.08,800,
09:49:52,24.087,200,
09:50:02,24.12,100,
09:50:02,24.12,200,
09:50:02,24.11,100,
09:50:02,24.11,100,
09:50:02,24.11,100,
09:50:02,24.11,200,
09:50:02,24.10,100,
09:50:02,24.10,100,
09:50:02,24.11,100,
09:50:02,24.11,100,
09:50:02,24.11,100,
09:50:02,24.10,100,
09:50:02,24.11,100,
09:50:02,24.11,600,
09:50:02,24.11,100,
09:50:02,24.11,200,
09:50:05,24.13,200,
09:50:07,24.13,216,
09:50:07,24.13,100,
09:50:08,24.129,1000,
09:50:09,24.12,100,
09:50:11,24.127,225,
09:50:16,24.128,200,
09:50:17,24.13,100,
09:50:17,24.13,100,
09:50:19,24.12,200,
09:50:22,24.1198,1000,
09:50:29,24.109,1000,
09:50:30,24.10,400,
09:50:30,24.10,657,
09:50:30,24.09,100,
09:50:30,24.09,148,
09:50:30,24.09,100,
09:50:30,24.09,100,
09:50:30,24.09,200,
09:50:30,24.10,500,
09:50:30,24.101,120,
09:50:32,24.0799,720,
09:50:32,24.0722,200,
09:50:34,24.0799,200,
09:50:35,24.071,2000,
09:50:35,24.07,600,
09:50:38,24.088,100,
09:50:40,24.0824,400,
09:50:41,24.087,1000,
09:50:48,24.079,100,
09:50:50,24.0725,100,
09:50:51,24.07,691,
09:50:51,24.07,600,
09:50:51,24.07,1148,
09:50:51,24.06,300,
09:50:51,24.06,1000,
09:50:51,24.06,100,
09:50:51,24.06,300,
09:50:51,24.06,100,
09:50:51,24.06,600,
09:50:51,24.06,150,
09:50:51,24.06,300,
09:50:51,24.06,100,
09:50:51,24.05,300,
09:50:51,24.05,100,
09:50:51,24.05,200,
09:50:51,24.05,100,
09:50:51,24.05,100,
09:50:51,24.05,100,
09:50:51,24.05,600,
09:50:51,24.04,300,
09:50:51,24.04,300,
09:50:51,24.04,100,
09:50:51,24.03,200,
09:50:51,24.03,300,
09:50:51,24.03,900,
09:50:51,24.03,100,
09:50:51,24.03,500,
09:50:51,24.03,100,
09:50:51,24.03,100,
09:50:51,24.03,300,
09:50:51,24.02,200,
09:50:51,24.03,100,
09:50:52,24.04,2495,
09:50:53,24.02,200,
09:50:53,24.01,100,
09:50:53,24.01,100,
09:50:53,24.01,781,
09:50:53,24.01,300,
09:50:53,24.01,100,
09:50:53,24.01,100,
09:50:53,24.01,100,
09:50:53,24.02,600,
09:50:53,24.02,100,
09:50:53,24.02,500,
09:50:53,24.02,300,
09:50:53,24.02,1000,
09:50:53,24.02,300,
09:50:53,24.02,213,
09:50:54,24.02,200,
09:50:54,24.02,100,
09:50:54,24.02,900,
09:50:54,24.02,600,
09:50:54,24.02,2000,
09:50:55,24.02,2000,
09:50:56,24.03,1600,
09:50:56,24.03,6500,
09:50:56,24.018,1000,
09:50:56,24.03,100,
09:50:56,24.03,100,
09:50:58,24.021,7500,
09:50:59,24.04,100,
09:50:59,24.04,100,
09:51:01,24.04,100,
09:51:04,24.03,100,
09:51:04,24.03,300,
09:51:04,24.03,400,
09:51:08,24.02,200,
09:51:10,24.028,200,
09:51:16,24.023,1400,
09:51:22,24.03,100,
09:51:23,24.026,500,
09:51:32,24.01,100,
09:51:33,24.01,2373,
09:51:33,24.01,300,
09:51:33,24.01,3519,
09:51:33,24,100,
09:51:33,24,200,
09:51:33,24,200,
09:51:33,24,200,
09:51:33,24,100,
09:51:33,24,100,
09:51:33,24,300,
09:51:35,24,389,
09:51:35,24,289,
09:51:37,24.01,100,
09:51:37,24.01,100,
09:51:37,24.01,200,
09:51:37,24.01,600,
09:51:38,24.02,100,
09:51:38,24.02,300,
09:51:38,24.02,100,
09:51:38,24.028,350,
09:51:39,24.01,300,
09:51:39,24,700,
09:51:42,24.0121,200,
09:51:42,24.013,100,
09:51:42,24.0151,100,
09:51:43,24.017,200,
09:51:46,24.007,500,
09:51:46,24.017,600,
09:51:50,24.02,100,
09:51:50,24.02,300,
09:51:50,24.02,200,
09:51:55,24.02,200,
09:51:55,24.02,100,
09:51:55,24.02,200,
09:51:55,24.02,100,
09:51:56,24.01,200,
09:51:59,24.01,1500,
09:52:07,24.01,200,
09:52:09,24.017,1000,
09:52:10,24.01,200,
09:52:10,24.01,500,
09:52:14,24.02,100,
09:52:14,24.02,100,
09:52:14,24.02,100,
09:52:14,24.02,100,
09:52:14,24.0199,200,
09:52:14,24.0198,300,
09:52:14,24.019,600,
09:52:19,24.02,100,
09:52:19,24.02,500,
09:52:19,24.03,200,
09:52:19,24.05,200,
09:52:20,24.05,200,
09:52:21,24.06,100,
09:52:21,24.06,272,
09:52:22,24.049,1100,
09:52:23,24.0599,4000,
09:52:24,24.061,5000,
09:52:25,24.059,200,
09:52:26,24.0675,100,
09:52:26,24.069,300,
09:52:28,24.084,400,
09:52:28,24.07,300,
09:52:28,24.07,100,
09:52:28,24.07,798,
09:52:30,24.066,100,
09:52:33,24.09,400,
09:52:36,24.08,100,
09:52:39,24.0607,100,
09:52:39,24.0605,100,
09:52:39,24.0604,200,
09:52:39,24.061,1400,
09:52:39,24.061,500,
09:52:42,24.06,9900,
09:52:46,24.077,1000,
09:52:46,24.05,400,
09:52:46,24.05,100,
09:52:46,24.05,600,
09:52:46,24.05,200,
09:52:46,24.05,300,
09:52:47,24.06,100,
09:52:47,24.06,300,
09:52:47,24.06,700,
09:52:47,24.06,100,
09:52:47,24.06,1300,
09:52:47,24.06,200,
09:52:47,24.06,200,
09:52:47,24.07,3500,
09:52:53,24.07,100,
09:52:53,24.07,100,
09:52:58,24.07,150,
09:53:01,24.05,372,
09:53:03,24.0462,1000,
09:53:08,24.0501,1000,
09:53:14,24.04,200,
09:53:16,24.039,100,
09:53:19,24.05,100,
09:53:19,24.05,100,
09:53:19,24.05,200,
09:53:19,24.06,200,
09:53:19,24.06,11000,
09:53:28,24.07,100,
09:53:28,24.0696,1300,
09:53:31,24.069,4000,
09:53:32,24.06,200,
09:53:32,24.06,100,
09:53:32,24.06,100,
09:53:32,24.06,400,
09:53:35,24.05,100,
09:53:35,24.04,200,
09:53:35,24.04,100,
09:53:36,24.043,180,
09:53:41,24.04,200,
09:53:41,24.04,100,
09:53:41,24.04,200,
09:53:41,24.04,200,
09:53:41,24.03,152,
09:53:45,24.04,100,
09:53:45,24.04,200,
09:53:46,24.043,200,
09:53:48,24.0378,600,
09:53:50,24.0389,800,
09:53:50,24.0385,100,
09:53:52,24.0583,100,
09:53:52,24.059,400,
09:53:52,24.059,100,
09:53:53,24.039,1000,
09:53:53,24.06,500,
09:53:55,24.07,200,
09:53:56,24.07,100,
09:53:56,24.07,200,
09:53:56,24.08,8480,
09:53:56,24.08,5100,
09:53:57,24.07,200,
09:53:57,24.07,200,
09:53:57,24.07,100,
09:54:00,24.0604,1600,
09:54:01,24.07,200,
09:54:01,24.07,1300,
09:54:01,24.0785,200,
09:54:01,24.0785,200,
09:54:01,24.079,700,
09:54:01,24.0748,200,
09:54:06,24.08,200,
09:54:06,24.08,100,
09:54:06,24.08,100,
09:54:06,24.08,400,
09:54:06,24.08,300,
09:54:06,24.08,100,
09:54:06,24.08,200,
09:54:06,24.08,600,
09:54:06,24.07,100,
09:54:06,24.0701,100,
09:54:07,24.08,100,
09:54:08,24.0886,200,
09:54:08,24.0887,700,
09:54:08,24.0887,100,
09:54:08,24.089,1600,
09:54:08,24.089,1700,
09:54:10,24.087,500,
09:54:12,24.09,300,
09:54:12,24.09,400,
09:54:12,24.09,100,
09:54:12,24.09,100,
09:54:12,24.09,100,
09:54:12,24.09,6100,
09:54:13,24.083,1400,
09:54:15,24.08,400,
09:54:18,24.09,100,
09:54:18,24.09,100,
09:54:18,24.09,100,
09:54:19,24.081,2000,
09:54:20,24.09,100,
09:54:21,24.10,549,
09:54:21,24.1099,100,
09:54:25,24.10,200,
09:54:25,24.099,300,
09:54:27,24.11,8119,
09:54:29,24.10,1000,
09:54:32,24.09,200,
09:54:32,24.097,600,
09:54:34,24.09,300,
09:54:34,24.07,200,
09:54:34,24.07,100,
09:54:34,24.09,1100,
09:54:34,24.0795,200,
09:54:34,24.0798,100,
09:54:34,24.079,100,
09:54:35,24.08,200,
09:54:35,24.088,2000,
09:54:37,24.079,100,
09:54:44,24.1144,200,
09:54:45,24.12,200,
09:54:47,24.1141,200,
09:54:50,24.10,14000,
09:54:51,24.12,100,
09:54:51,24.12,100,
09:54:51,24.1199,400,
09:54:52,24.11,600,
09:54:52,24.11,800,
09:54:52,24.11,100,
09:54:52,24.12,100,
09:54:53,24.12,100,
09:54:53,24.1199,300,
09:54:54,24.117,200,
09:54:55,24.09,100,
09:54:55,24.10,100,
09:54:55,24.10,800,
09:54:59,24.107,1300,
09:54:59,24.109,3000,
09:55:01,24.08,292,
09:55:01,24.07,100,
09:55:01,24.07,300,
09:55:01,24.06,100,
09:55:01,24.06,600,
09:55:01,24.07,1300,
09:55:01,24.0799,100,
09:55:01,24.0797,200,
09:55:02,24.08,100,
09:55:02,24.08,200,
09:55:02,24.081,400,
09:55:03,24.087,125,
09:55:05,24.09,500,
09:55:06,24.08,100,
09:55:12,24.07,200,
09:55:18,24.08,100,
09:55:18,24.08,100,
09:55:19,24.074,200,
09:55:23,24.07,100,
09:55:25,24.069,200,
09:55:34,24.07,200,
09:55:34,24.07,200,
09:55:35,24.07,381,
09:55:35,24.063,100,
09:55:38,24.067,600,
09:55:41,24.08,100,
09:55:41,24.08,100,
09:55:41,24.08,300,
09:55:41,24.08,100,
09:55:44,24.084,400,
09:55:53,24.08,100,
09:55:54,24.08,700,
09:55:54,24.08,1200,
09:55:58,24.0799,100,
09:56:06,24.05,175,
09:56:06,24.05,100,
09:56:06,24.05,100,
09:56:06,24.04,272,
09:56:06,24.04,100,
09:56:06,24.04,300,
09:56:06,24.04,100,
09:56:06,24.04,100,
09:56:06,24.04,100,
09:56:06,24.04,400,
09:56:06,24.05,243,
09:56:06,24.04,2500,
09:56:08,24.03,500,
09:56:13,24.04,400,
09:56:22,24.06,200,
09:56:24,24.05,100,
09:56:24,24.05,200,
09:56:24,24.05,200,
09:56:24,24.04,300,
09:56:26,24.049,200,
09:56:28,24.04,300,
09:56:28,24.03,100,
09:56:29,24.03,300,
09:56:29,24.03,100,
09:56:31,24.02,200,
09:56:31,24.02,100,
09:56:32,24.028,1300,
09:56:32,24.0265,100,
09:56:38,24.049,5000,
09:56:47,24.05,1000,
09:56:52,24.078,100,
09:56:53,24.099,300,
09:56:57,24.096,200,
09:57:02,24.10,100,
09:57:02,24.10,200,
09:57:06,24.0878,200,
09:57:06,24.09,100,
09:57:14,24.1056,1000,
09:57:31,24.09,200,
09:57:39,24.0956,1000,
09:57:46,24.09,300,
09:57:47,24.1088,2400,
09:57:47,24.11,200,
09:57:47,24.11,300,
09:57:47,24.11,200,
09:57:53,24.10,100,
09:57:53,24.10,100,
09:57:53,24.10,300,
09:58:00,24.09,200,
09:58:00,24.09,1300,
09:58:00,24.09,100,
09:58:01,24.089,300,
09:58:01,24.089,300,
09:58:04,24.0899,900,
09:58:08,24.087,200,
09:58:09,24.08,100,
09:58:09,24.08,300,
09:58:09,24.08,100,
09:58:12,24.07,300,
09:58:13,24.07,400,
09:58:14,24.073,250,
09:58:24,24.07,100,
09:58:28,24.06,100,
09:58:28,24.06,400,
09:58:33,24.06,200,
09:58:33,24.06,400,
09:58:33,24.0601,900,
09:58:36,24.06,100,
09:58:36,24.05,100,
09:58:36,24.05,300,
09:58:42,24.0497,200,
09:58:42,24.0499,200,
09:58:42,24.05,200,
09:58:47,24.06,500,
09:58:50,24.05,300,
09:59:03,24.04,100,
09:59:06,24.039,150,
09:59:06,24.03,100,
09:59:09,24.037,1400,
09:59:12,24.0299,100,
09:59:15,24.02,350,
09:59:17,24.024,125,
09:59:27,24.0199,1000,
09:59:29,24.01,700,
09:59:32,24.0199,100,
09:59:33,24.0122,3500,
09:59:34,24.01,200,
09:59:35,24.01,1100,
09:59:35,24.01,300,
09:59:35,24,100,
09:59:35,24,100,
09:59:35,24,246,
09:59:35,24,300,
09:59:35,24,300,
09:59:35,24,446,
09:59:35,24,100,
09:59:35,24,420,
09:59:35,24,3500,
09:59:35,24,400,
09:59:35,24.01,200,
09:59:35,24.01,100,
09:59:36,24.01,100,
09:59:38,24.0089,200,
09:59:39,24.009,250,
09:59:40,24.028,300,
09:59:42,24.028,260,
09:59:42,24.02,300,
09:59:44,24.028,133,
09:59:46,24.0299,100,
09:59:51,24.0112,180,
09:59:52,24.01,100,
09:59:52,24.01,100,
10:00:01,23.99,200,
10:00:01,23.97,500,
10:00:01,23.98,100,
10:00:02,23.9639,100,
10:00:02,23.9638,100,
10:00:03,23.98,400,
10:00:03,23.977,700,
10:00:04,23.969,500,
10:00:05,23.96,100,
10:00:05,23.96,250,
10:00:05,23.96,300,
10:00:05,23.96,300,
10:00:05,23.96,200,
10:00:05,23.96,1700,
10:00:05,23.96,500,
10:00:05,23.96,600,
10:00:05,23.95,200,
10:00:06,23.95,250,
10:00:06,23.9599,100,
10:00:06,23.95,1000,
10:00:07,23.95,100,
10:00:07,23.96,172,
10:00:07,23.96,100,
10:00:07,23.96,1000,
10:00:09,23.95,7900,
10:00:09,23.95,500,
10:00:11,23.9624,100,
10:00:12,23.959,100,
10:00:12,23.959,200,
10:00:12,23.97,300,
10:00:13,23.97,750,
10:00:18,23.967,1100,
10:00:27,23.961,1000,
10:00:27,23.959,200,
10:00:27,23.959,300,
10:00:29,23.9598,400,
10:00:31,23.96,700,
10:00:32,23.9687,100,
10:00:32,23.9687,200,
10:00:32,23.969,900,
10:00:33,23.959,300,
10:00:33,23.96,100,
10:00:34,23.95,3000,
10:00:34,23.95,500,
10:00:34,23.95,250,
10:00:34,23.95,1000,
10:00:34,23.95,725,
10:00:34,23.95,3600,
10:00:34,23.95,100,
10:00:34,23.95,100,
10:00:34,23.95,265,
10:00:34,23.95,200,
10:00:34,23.95,1100,
10:00:34,23.95,1400,
10:00:34,23.95,500,
10:00:34,23.95,300,
10:00:34,23.95,475,
10:00:34,23.95,303,
10:00:34,23.95,750,
10:00:34,23.95,135,
10:00:36,23.9411,200,
10:00:36,23.94,100,
10:00:36,23.95,100,
10:00:36,23.95,400,
10:00:36,23.95,200,
10:00:36,23.95,300,
10:00:36,23.95,600,
10:00:37,23.9601,600,
10:00:40,23.9611,1000,
10:00:41,23.9689,200,
10:00:42,23.96,300,
10:00:42,23.96,300,
10:00:43,23.9599,400,
10:00:44,23.958,2400,
10:00:45,23.953,200,
10:00:46,23.96,100,
10:00:46,23.96,100,
10:00:46,23.951,200,
10:00:46,23.9585,100,
10:00:46,23.94,200,
10:00:46,23.94,100,
10:00:48,23.951,1600,
10:00:51,23.9599,600,
10:00:52,23.95,300,
10:00:52,23.96,12100,
10:00:52,23.96,100,
10:00:53,23.96,200,
10:00:53,23.95,100,
10:00:53,23.95,300,
10:00:53,23.95,100,
10:00:54,23.959,100,
10:00:54,23.952,100,
10:00:55,23.959,500,
10:01:00,23.959,200,
10:01:03,23.96,100,
10:01:03,23.95,200,
10:01:05,23.95,150,
10:01:08,23.957,1000,
10:01:12,23.96,200,
10:01:12,23.97,100,
10:01:12,23.952,1000,
10:01:12,23.99,100,
10:01:12,23.99,100,
10:01:12,23.99,1300,
10:01:12,23.99,100,
10:01:12,23.99,100,
10:01:13,23.959,200,
10:01:14,24.02,100,
10:01:15,24.03,200,
10:01:15,24.03,100,
10:01:15,24.0144,800,
10:01:15,24.03,300,
10:01:15,24.0299,1600,
10:01:15,24.02,100,
10:01:15,24.03,100,
10:01:21,24.0298,2500,
10:01:26,24.03,800,
10:01:26,24.02,100,
10:01:26,24.02,200,
10:01:26,24.02,100,
10:01:26,24.02,300,
10:01:26,24.02,101,
10:01:26,24.02,300,
10:01:26,24.02,200,
10:01:26,24.02,299,
10:01:26,24.02,401,
10:01:26,24.01,200,
10:01:26,24.01,100,
10:01:26,24.01,300,
10:01:26,24.01,300,
10:01:26,24.03,100,
10:01:26,23.98,200,
10:01:26,24,300,
10:01:26,24,100,
10:01:26,24,100,
10:01:26,24,500,
10:01:26,24,100,
10:01:26,24,100,
10:01:26,24,1000,
10:01:26,23.99,200,
10:01:26,23.99,100,
10:01:26,23.99,500,
10:01:26,23.99,100,
10:01:26,23.99,100,
10:01:26,23.99,100,
10:01:26,23.99,100,
10:01:26,23.99,100,
10:01:26,23.99,100,
10:01:26,23.99,100,
10:01:26,23.99,100,
10:01:26,23.99,100,
10:01:26,23.99,100,
10:01:26,23.99,100,
10:01:26,23.99,300,
10:01:26,23.99,200,
10:01:26,23.98,100,
10:01:26,23.98,100,
10:01:26,23.98,100,
10:01:26,23.98,100,
10:01:26,23.98,200,
10:01:26,23.98,100,
10:01:26,23.98,200,
10:01:26,23.98,100,
10:01:26,23.99,1200,
10:01:26,23.99,500,
10:01:26,23.98,300,
10:01:26,23.98,200,
10:01:26,23.97,100,
10:01:26,23.97,200,
10:01:26,23.97,100,
10:01:26,23.97,100,
10:01:26,23.97,100,
10:01:26,23.97,100,
10:01:26,23.97,100,
10:01:26,23.97,100,
10:01:26,23.97,100,
10:01:26,23.97,100,
10:01:26,23.97,100,
10:01:26,23.97,100,
10:01:26,23.9789,500,
10:01:27,23.98,100,
10:01:30,23.973,150,
10:01:31,23.99,755,
10:01:37,23.98,200,
10:01:37,23.97,100,
10:01:37,23.98,100,
10:01:39,23.9989,100,
10:01:41,23.9988,600,
10:01:44,23.98,123,
10:01:44,23.98,177,
10:01:44,23.98,200,
10:01:44,23.98,400,
10:01:44,23.98,1000,
10:01:44,23.98,100,
10:01:44,23.98,700,
10:01:44,23.99,100,
10:01:44,23.97,500,
10:01:46,23.977,300,
10:01:50,23.9788,201,
10:01:51,23.96,1000,
10:01:52,23.97,100,
10:01:52,23.97,200,
10:01:55,23.9689,100,
10:01:55,23.97,100,
10:01:55,23.97,100,
10:01:57,23.97,1000,
10:01:58,23.96,200,
10:01:58,23.96,200,
10:01:58,23.95,300,
10:01:58,23.95,490,
10:01:59,23.96,200,
10:02:01,23.9589,700,
10:02:01,23.9598,100,
10:02:01,23.96,1300,
10:02:01,23.96,100,
10:02:01,23.96,200,
10:02:01,23.96,100,
10:02:01,23.96,300,
10:02:02,23.96,100,
10:02:02,23.96,200,
10:02:02,23.95,500,
10:02:02,23.95,1090,
10:02:02,23.95,310,
10:02:02,23.95,190,
10:02:02,23.95,200,
10:02:03,23.9589,100,
10:02:05,23.95,2750,
10:02:08,23.94,500,
10:02:11,23.95,100,
10:02:11,23.95,100,
10:02:11,23.9499,300,
10:02:13,23.95,100,
10:02:13,23.95,400,
10:02:13,23.95,400,
10:02:13,23.95,1300,
10:02:13,23.9499,200,
10:02:16,23.95,1000,
10:02:20,23.953,300,
10:02:21,23.95,300,
10:02:23,23.95,200,
10:02:24,23.95,700,
10:02:24,23.951,200,
10:02:25,23.959,500,
10:02:27,23.9589,750,
10:02:27,23.96,100,
10:02:27,23.96,100,
10:02:27,23.9565,600,
10:02:28,23.96,3400,
10:02:28,23.95,600,
10:02:28,23.94,900,
10:02:28,23.94,200,
10:02:28,23.94,100,
10:02:31,23.9478,500,
10:02:32,23.95,100,
10:02:32,23.95,100,
10:02:33,23.943,110,
10:02:36,23.94,100,
10:02:36,23.94,100,
10:02:36,23.9372,600,
10:02:36,23.941,200,
10:02:36,23.9398,100,
10:02:36,23.9398,100,
10:02:36,23.94,200,
10:02:36,23.93,200,
10:02:36,23.93,600,
10:02:37,23.92,250,
10:02:37,23.91,443,
10:02:37,23.91,200,
10:02:38,23.92,500,
10:02:38,23.92,500,
10:02:38,23.92,500,
10:02:38,23.91,1000,
10:02:38,23.91,1000,
10:02:38,23.91,187,
10:02:38,23.91,100,
10:02:38,23.91,2000,
10:02:38,23.91,600,
10:02:39,23.92,200,
10:02:39,23.91,1550,
10:02:39,23.92,100,
10:02:39,23.92,400,
10:02:39,23.91,1000,
10:02:43,23.93,100,
10:02:44,23.92,400,
10:02:44,23.92,500,
10:02:45,23.92,400,
10:02:45,23.91,3349,
10:02:46,23.92,100,
10:02:46,23.92,200,
10:02:51,23.931,2100,
10:02:54,23.95,100,
10:02:56,23.944,200,
10:02:57,23.95,200,
10:02:57,23.933,200,
10:03:00,23.94,100,
10:03:01,23.9211,500,
10:03:04,23.9211,1085,
10:03:07,23.92,500,
10:03:08,23.92,200,
10:03:10,23.921,200,
10:03:12,23.91,198,
10:03:12,23.91,500,
10:03:14,23.917,1100,
10:03:22,23.933,200,
10:03:25,23.9462,100,
10:03:26,23.957,500,
10:03:28,23.954,300,
10:03:30,23.9311,638,
10:03:30,23.94,400,
10:03:33,23.94,100,
10:03:33,23.94,100,
10:03:33,23.93,200,
10:03:36,23.927,100,
10:03:38,23.9111,1000,
10:03:42,23.91,800,
10:03:42,23.92,1300,
10:03:43,23.92,100,
10:03:43,23.92,100,
10:03:43,23.92,100,
10:03:46,23.927,700,
10:03:47,23.93,100,
10:03:48,23.927,1000,
10:03:52,23.9252,1500,
10:03:55,23.93,100,
10:03:57,23.924,200,
10:03:59,23.91,247,
10:03:59,23.91,100,
10:03:59,23.9185,100,
10:03:59,23.91,200,
10:04:00,23.91,200,
10:04:00,23.91,353,
10:04:00,23.90,200,
10:04:01,23.911,500,
10:04:01,23.9189,1300,
10:04:03,23.916,500,
10:04:05,23.93,200,
10:04:07,23.94,100,
10:04:13,23.959,200,
10:04:18,23.94,300,
10:04:18,23.94,100,
10:04:18,23.94,100,
10:04:18,23.94,300,
10:04:22,23.9398,100,
10:04:25,23.932,450,
10:04:27,23.9387,100,
10:04:27,23.9387,100,
10:04:27,23.939,700,
10:04:28,23.9376,100,
10:04:28,23.9378,200,
10:04:28,23.94,100,
10:04:28,23.93,200,
10:04:29,23.94,2800,
10:04:31,23.9359,200,
10:04:31,23.936,100,
10:04:32,23.939,100,
10:04:32,23.9397,100,
10:04:34,23.93,100,
10:04:34,23.93,200,
10:04:34,23.93,200,
10:04:34,23.93,900,
10:04:34,23.93,2800,
10:04:34,23.92,200,
10:04:34,23.92,300,
10:04:36,23.93,200,
10:04:37,23.9211,300,
10:04:37,23.91,100,
10:04:37,23.91,1000,
10:04:37,23.91,100,
10:04:37,23.91,100,
10:04:37,23.91,100,
10:04:38,23.90,300,
10:04:38,23.90,200,
10:04:38,23.90,100,
10:04:38,23.90,300,
10:04:38,23.90,580,
10:04:38,23.90,200,
10:04:38,23.90,402,
10:04:38,23.90,902,
10:04:38,23.90,275,
10:04:38,23.90,327,
10:04:38,23.90,302,
10:04:38,23.90,200,
10:04:38,23.90,3652,
10:04:38,23.90,250,
10:04:38,23.90,100,
10:04:38,23.90,300,
10:04:38,23.90,100,
10:04:38,23.89,500,
10:04:38,23.89,100,
10:04:38,23.89,100,
10:04:38,23.89,500,
10:04:38,23.90,200,
10:04:38,23.90,500,
10:04:38,23.89,200,
10:04:38,23.89,400,
10:04:38,23.89,100,
10:04:38,23.89,100,
10:04:38,23.90,100,
10:04:39,23.89,100,
10:04:39,23.89,200,
10:04:39,23.917,200,
10:04:39,23.89,400,
10:04:39,23.8998,300,
10:04:40,23.8901,100,
10:04:40,23.90,100,
10:04:41,23.87,100,
10:04:41,23.88,1400,
10:04:41,23.88,800,
10:04:41,23.88,300,
10:04:42,23.87,200,
10:04:42,23.87,110,
10:04:42,23.87,100,
10:04:42,23.86,200,
10:04:42,23.86,400,
10:04:42,23.86,110,
10:04:42,23.86,100,
10:04:42,23.86,200,
10:04:42,23.86,100,
10:04:42,23.86,100,
10:04:42,23.86,100,
10:04:42,23.893,500,
10:04:42,23.855,500,
10:04:42,23.85,200,
10:04:42,23.86,100,
10:04:42,23.86,100,
10:04:42,23.86,100,
10:04:42,23.85,200,
10:04:42,23.85,141,
10:04:42,23.89,2500,
10:04:42,23.86,5180,
10:04:42,23.855,500,
10:04:43,23.86,100,
10:04:43,23.86,155,
10:04:43,23.85,100,
10:04:43,23.85,100,
10:04:43,23.85,400,
10:04:44,23.8521,200,
10:04:44,23.8505,2300,
10:04:44,23.859,200,
10:04:44,23.85,498,
10:04:44,23.85,100,
10:04:44,23.85,200,
10:04:44,23.851,150,
10:04:45,23.85,200,
10:04:45,23.85,200,
10:04:45,23.85,100,
10:04:45,23.85,200,
10:04:45,23.85,166,
10:04:45,23.85,2000,
10:04:45,23.85,1050,
10:04:45,23.85,200,
10:04:45,23.853,1100,
10:04:45,23.85,415,
10:04:45,23.85,100,
10:04:45,23.85,100,
10:04:46,23.85,100,
10:04:46,23.85,100,
10:04:46,23.86,800,
10:04:46,23.859,1000,
10:04:46,23.859,300,
10:04:47,23.85,100,
10:04:47,23.85,100,
10:04:47,23.85,100,
10:04:47,23.85,100,
10:04:47,23.85,100,
10:04:47,23.85,100,
10:04:47,23.85,200,
10:04:47,23.85,200,
10:04:47,23.84,1277,
10:04:48,23.84,100,
10:04:48,23.849,200,
10:04:48,23.849,100,
10:04:49,23.84,200,
10:04:50,23.85,100,
10:04:50,23.85,1300,
10:04:50,23.85,667,
10:04:50,23.851,900,
10:04:50,23.86,200,
10:04:51,23.85,1700,
10:04:52,23.859,100,
10:04:52,23.86,200,
10:04:52,23.8572,1000,
10:04:54,23.853,350,
10:04:55,23.86,100,
10:04:55,23.86,200,
10:04:55,23.86,1000,
10:04:55,23.86,400,
10:04:57,23.8411,1500,
10:04:58,23.8405,100,
10:04:58,23.8498,1000,
10:04:58,23.848,1000,
10:04:58,23.84,100,
10:04:58,23.84,100,
10:04:59,23.85,5000,
10:05:00,23.84,100,
10:05:00,23.84,1000,
10:05:00,23.83,600,
10:05:00,23.82,300,
10:05:00,23.82,300,
10:05:00,23.82,200,
10:05:00,23.82,218,
10:05:00,23.82,300,
10:05:00,23.82,200,
10:05:00,23.82,100,
10:05:00,23.848,250,
10:05:00,23.83,100,
10:05:00,23.841,100,
10:05:01,23.843,1000,
10:05:02,23.8498,100,
10:05:03,23.85,200,
10:05:04,23.85,200,
10:05:04,23.85,200,
10:05:04,23.85,200,
10:05:04,23.85,8100,
10:05:04,23.8401,100,
10:05:04,23.85,200,
10:05:05,23.84,100,
10:05:05,23.84,700,
10:05:05,23.84,3400,
10:05:06,23.85,100,
10:05:07,23.849,100,
10:05:08,23.86,100,
10:05:08,23.85,200,
10:05:08,23.86,100,
10:05:09,23.867,550,
10:05:10,23.8689,900,
10:05:10,23.8697,100,
10:05:10,23.8697,200,
10:05:10,23.869,2200,
10:05:10,23.87,3500,
10:05:11,23.869,200,
10:05:12,23.863,500,
10:05:12,23.869,300,
10:05:14,23.8754,2000,
10:05:16,23.863,500,
10:05:20,23.87,400,
10:05:21,23.88,100,
10:05:21,23.8799,100,
10:05:21,23.88,100,
10:05:21,23.879,100,
10:05:21,23.89,100,
10:05:21,23.8869,200,
10:05:21,23.8872,100,
10:05:21,23.889,500,
10:05:21,23.872,400,
10:05:24,23.88,100,
10:05:24,23.8799,200,
10:05:25,23.879,1000,
10:05:28,23.90,100,
10:05:28,23.90,100,
10:05:28,23.90,600,
10:05:28,23.89,100,
10:05:28,23.89,100,
10:05:34,23.8999,100,
10:05:35,23.9022,800,
10:05:39,23.90,7200,
10:05:42,23.9001,100,
10:05:42,23.9002,500,
10:05:42,23.89,100,
10:05:42,23.91,1300,
10:05:42,23.93,100,
10:05:42,23.93,1000,
10:05:42,23.93,500,
10:05:42,23.93,100,
10:05:42,23.93,200,
10:05:42,23.93,100,
10:05:42,23.93,100,
10:05:42,23.93,100,
10:05:43,23.91,1000,
10:05:43,23.938,300,
10:05:43,23.94,100,
10:05:44,23.93,200,
10:05:44,23.93,100,
10:05:44,23.93,100,
10:05:45,23.92,200,
10:05:45,23.92,150,
10:05:46,23.937,1000,
10:05:47,23.93,1300,
10:05:47,23.9201,200,
10:05:47,23.9299,1000,
10:05:47,23.9292,200,
10:05:47,23.9292,100,
10:05:47,23.929,1100,
10:05:47,23.9292,100,
10:05:48,23.92,100,
10:05:48,23.93,300,
10:05:49,23.939,400,
10:05:50,23.9044,1000,
10:05:51,23.92,400,
10:05:51,23.924,1000,
10:05:51,23.9291,100,
10:05:51,23.929,300,
10:05:51,23.92,200,
10:05:51,23.92,200,
10:05:52,23.921,400,
10:05:52,23.9227,200,
10:05:52,23.926,100,
10:05:52,23.911,200,
10:05:55,23.9195,150,
10:05:55,23.92,200,
10:05:55,23.92,1300,
10:05:55,23.93,200,
10:05:55,23.93,100,
10:06:00,23.9201,500,
10:06:02,23.927,300,
10:06:02,23.92,200,
10:06:03,23.929,1000,
10:06:03,23.929,300,
10:06:10,23.921,3000,
10:06:12,23.92,400,
10:06:13,23.9235,550,
10:06:13,23.922,150,
10:06:14,23.929,700,
10:06:14,23.929,600,
10:06:15,23.93,100,
10:06:15,23.9278,500,
10:06:17,23.92,152,
10:06:17,23.92,300,
10:06:17,23.92,100,
10:06:17,23.92,100,
10:06:18,23.929,200,
10:06:18,23.929,100,
10:06:19,23.929,600,
10:06:20,23.92,100,
10:06:22,23.922,250,
10:06:26,23.92,100,
10:06:28,23.928,100,
10:06:30,23.92,2000,
10:06:31,23.911,200,
10:06:32,23.9302,2000,
10:06:34,23.939,600,
10:06:34,23.939,700,
10:06:37,23.932,660,
10:06:37,23.933,1500,
10:06:37,23.939,500,
10:06:40,23.938,2000,
10:06:41,23.93,300,
10:06:41,23.93,200,
10:06:41,23.93,800,
10:06:41,23.93,600,
10:06:42,23.9189,500,
10:06:43,23.9199,400,
10:06:43,23.92,100,
10:06:43,23.92,1000,
10:06:44,23.92,100,
10:06:44,23.9199,200,
10:06:45,23.9111,1000,
10:06:53,23.919,2800,
10:06:53,23.919,2800,
10:06:53,23.89,100,
10:06:53,23.89,200,
10:06:53,23.89,200,
10:06:53,23.89,200,
10:06:53,23.90,100,
10:06:55,23.89,300,
10:06:55,23.92,1600,
10:06:58,23.8904,1000,
10:07:08,23.91,100,
10:07:08,23.909,300,
10:07:11,23.90,1300,
10:07:12,23.90,600,
10:07:15,23.91,100,
10:07:15,23.91,100,
10:07:15,23.91,100,
10:07:15,23.91,150,
10:07:15,23.91,100,
10:07:15,23.91,154,
10:07:15,23.91,600,
10:07:16,23.9138,700,
10:07:22,23.909,600,
10:07:22,23.909,3800,
10:07:24,23.91,100,
10:07:24,23.89,200,
10:07:24,23.89,100,
10:07:24,23.89,100,
10:07:24,23.89,200,
10:07:24,23.89,100,
10:07:24,23.89,100,
10:07:25,23.90,300,
10:07:25,23.90,2900,
10:07:27,23.89,200,
10:07:27,23.89,145,
10:07:27,23.8899,200,
10:07:32,23.90,200,
10:07:34,23.89,100,
10:07:34,23.89,100,
10:07:34,23.89,400,
10:07:34,23.89,600,
10:07:34,23.89,200,
10:07:34,23.89,200,
10:07:34,23.89,100,
10:07:34,23.89,100,
10:07:34,23.89,300,
10:07:34,23.881,250,
10:07:34,23.882,150,
10:07:34,23.88,200,
10:07:35,23.88,250,
10:07:38,23.90,100,
10:07:38,23.90,200,
10:07:38,23.90,100,
10:07:38,23.8995,1200,
10:07:39,23.8942,200,
10:07:40,23.8911,1000,
10:07:41,23.90,100,
10:07:45,23.8988,300,
10:07:45,23.8988,300,
10:07:46,23.8987,200,
10:07:46,23.8997,100,
10:07:46,23.899,100,
10:07:47,23.90,100,
10:07:47,23.91,100,
10:07:47,23.91,100,
10:07:47,23.91,600,
10:07:47,23.92,100,
10:07:47,23.92,200,
10:07:47,23.92,100,
10:07:47,23.9199,1300,
10:07:49,23.91,1000,
10:07:52,23.88,200,
10:07:52,23.907,200,
10:07:53,23.889,250,
10:07:56,23.883,300,
10:07:56,23.8892,900,
10:07:56,23.89,100,
10:07:56,23.8892,100,
10:07:56,23.889,600,
10:07:57,23.89,1300,
10:07:58,23.889,100,
10:08:03,23.8988,200,
10:08:03,23.8991,100,
10:08:03,23.89,100,
10:08:03,23.89,200,
10:08:04,23.892,800,
10:08:05,23.899,300,
10:08:06,23.8999,100,
10:08:06,23.90,100,
10:08:06,23.90,900,
10:08:06,23.90,200,
10:08:07,23.90,100,
10:08:08,23.90,200,
10:08:08,23.90,254,
10:08:10,23.88,100,
10:08:10,23.88,100,
10:08:10,23.88,150,
10:08:11,23.8899,100,
10:08:14,23.8889,210,
10:08:14,23.8802,500,
10:08:15,23.87,300,
10:08:15,23.87,200,
10:08:15,23.87,100,
10:08:15,23.87,300,
10:08:15,23.87,300,
10:08:15,23.87,3100,
10:08:15,23.87,300,
10:08:15,23.87,1000,
10:08:15,23.87,4000,
10:08:15,23.87,1200,
10:08:15,23.87,2500,
10:08:15,23.86,310,
10:08:15,23.86,100,
10:08:15,23.86,300,
10:08:15,23.86,100,
10:08:15,23.86,100,
10:08:15,23.86,410,
10:08:15,23.86,290,
10:08:17,23.87,100,
10:08:19,23.89,100,
10:08:19,23.89,100,
10:08:19,23.8899,400,
10:08:19,23.88,100,
10:08:19,23.88,100,
10:08:23,23.89,100,
10:08:23,23.89,100,
10:08:23,23.89,100,
10:08:25,23.891,200,
10:08:27,23.91,700,
10:08:27,23.91,600,
10:08:31,23.92,1500,
10:08:36,23.91,100,
10:08:36,23.9095,300,
10:08:39,23.90,100,
10:08:43,23.90,1000,
10:08:44,23.908,800,
10:08:44,23.909,200,
10:08:48,23.909,100,
10:08:50,23.9078,200,
10:08:50,23.909,200,
10:08:51,23.9045,100,
10:08:52,23.90,700,
10:08:52,23.91,1100,
10:08:52,23.91,300,
10:08:52,23.90,200,
10:08:52,23.90,200,
10:08:52,23.90,600,
10:08:52,23.908,2400,
10:08:53,23.90,100,
10:08:53,23.90,200,
10:08:54,23.91,200,
10:08:54,23.91,4400,
10:08:58,23.90,200,
10:09:02,23.907,2000,
10:09:04,23.91,100,
10:09:07,23.92,100,
10:09:21,23.89,1300,
10:09:23,23.90,300,
10:09:25,23.89,200,
10:09:25,23.89,200,
10:09:28,23.89,100,
10:09:28,23.89,100,
10:09:28,23.8899,600,
10:09:29,23.89,100,
10:09:29,23.8899,100,
10:09:31,23.882,2400,
10:09:39,23.8898,100,
10:09:41,23.891,152,
10:09:41,23.891,200,
10:09:44,23.891,1196,
10:09:49,23.90,600,
10:09:51,23.92,529,
10:09:51,23.92,150,
10:09:59,23.923,500,
10:10:00,23.92,500,
10:10:00,23.92,100,
10:10:05,23.917,200,
10:10:06,23.919,4000,
10:10:08,23.93,3100,
10:10:08,23.929,1900,
10:10:12,23.94,100,
10:10:12,23.94,100,
10:10:12,23.9372,600,
10:10:14,23.937,250,
10:10:15,23.94,100,
10:10:15,23.94,100,
10:10:15,23.9398,600,
10:10:15,23.93,144,
10:10:15,23.94,100,
10:10:17,23.93,200,
10:10:17,23.93,300,
10:10:17,23.93,300,
10:10:19,23.9302,3000,
10:10:24,23.93,100,
10:10:29,23.92,1300,
10:10:30,23.9299,100,
10:10:30,23.9284,2000,
10:10:30,23.93,100,
10:10:30,23.93,100,
10:10:30,23.929,600,
10:10:32,23.90,200,
10:10:32,23.90,500,
10:10:32,23.90,100,
10:10:32,23.90,400,
10:10:32,23.90,100,
10:10:32,23.90,100,
10:10:32,23.90,300,
10:10:32,23.90,100,
10:10:34,23.898,100,
10:10:34,23.899,300,
10:10:34,23.89,100,
10:10:34,23.89,200,
10:10:35,23.90,1300,
10:10:35,23.90,400,
10:10:42,23.91,300,
10:10:42,23.91,100,
10:10:44,23.95,100,
10:10:45,23.95,600,
10:10:45,23.95,4454,
10:10:45,23.95,100,
10:10:45,23.96,100,
10:10:45,23.96,600,
10:10:45,23.96,300,
10:10:46,23.96,100,
10:10:46,23.97,299,
10:10:46,23.97,300,
10:10:47,23.97,1600,
10:10:47,23.97,100,
10:10:48,23.9772,100,
10:10:48,23.979,200,
10:10:49,23.9586,200,
10:10:49,23.9587,100,
10:10:49,23.959,100,
10:10:49,23.96,100,
10:10:49,23.96,100,
10:10:49,23.959,100,
10:10:49,23.959,600,
10:10:50,23.9489,1900,
10:10:50,23.9478,100,
10:10:50,23.9489,200,
10:10:50,23.949,100,
10:10:50,23.9498,100,
10:10:51,23.949,1500,
10:10:54,23.9498,200,
10:10:56,23.93,200,
10:10:56,23.93,100,
10:10:56,23.93,100,
10:10:56,23.93,156,
10:10:56,23.93,300,
10:10:56,23.93,200,
10:10:56,23.93,200,
10:10:56,23.9384,100,
10:10:56,23.92,200,
10:10:56,23.949,500,
10:10:56,23.93,100,
10:10:56,23.93,100,
10:10:56,23.93,100,
10:10:57,23.921,200,
10:10:57,23.921,200,
10:10:59,23.9362,1000,
10:11:00,23.95,100,
10:11:00,23.95,100,
10:11:02,23.9388,500,
10:11:05,23.94,200,
10:11:06,23.95,100,
10:11:06,23.95,100,
10:11:06,23.9498,600,
10:11:08,23.94,100,
10:11:09,23.93,300,
10:11:09,23.93,300,
10:11:09,23.93,200,
10:11:09,23.93,200,
10:11:09,23.93,200,
10:11:09,23.93,200,
10:11:09,23.93,600,
10:11:09,23.93,100,
10:11:09,23.93,200,
10:11:09,23.93,100,
10:11:09,23.94,100,
10:11:10,23.9499,100,
10:11:10,23.9499,100,
10:11:15,23.94,300,
10:11:15,23.95,100,
10:11:15,23.95,100,
10:11:15,23.95,100,
10:11:15,23.9499,800,
10:11:16,23.95,100,
10:11:17,23.94,100,
10:11:17,23.93,600,
10:11:17,23.93,355,
10:11:18,23.9399,2000,
10:11:19,23.9389,400,
10:11:19,23.939,100,
10:11:20,23.938,200,
10:11:20,23.93,145,
10:11:21,23.93,100,
10:11:23,23.929,2000,
10:11:23,23.9287,200,
10:11:23,23.929,800,
10:11:23,23.929,900,
10:11:24,23.929,2000,
10:11:29,23.93,200,
10:11:29,23.93,200,
10:11:29,23.93,400,
10:11:29,23.93,200,
10:11:29,23.9299,2300,
10:11:32,23.93,200,
10:11:32,23.93,100,
10:11:36,23.9289,900,
10:11:36,23.93,900,
10:11:37,23.93,100,
10:11:37,23.929,100,
10:11:39,23.92,200,
10:11:39,23.92,100,
10:11:39,23.91,200,
10:11:39,23.91,523,
10:11:39,23.92,900,
10:11:41,23.92,900,
10:11:42,23.94,2000,
10:11:45,23.92,400,
10:11:47,23.9122,1900,
10:11:49,23.91,100,
10:11:50,23.89,1000,
10:11:50,23.89,100,
10:11:50,23.89,100,
10:11:54,23.91,200,
10:11:57,23.904,500,
10:11:59,23.90,100,
10:12:02,23.88,400,
10:12:02,23.88,400,
10:12:02,23.88,100,
10:12:02,23.88,100,
10:12:02,23.88,100,
10:12:03,23.87,200,
10:12:03,23.87,100,
10:12:03,23.88,200,
10:12:03,23.89,100,
10:12:03,23.89,300,
10:12:03,23.89,200,
10:12:03,23.88,200,
10:12:09,23.8756,800,
10:12:11,23.8705,565,
10:12:11,23.8798,100,
10:12:11,23.88,100,
10:12:11,23.88,300,
10:12:12,23.88,300,
10:12:12,23.88,100,
10:12:12,23.8835,300,
10:12:13,23.89,270,
10:12:15,23.8899,100,
10:12:22,23.8887,200,
10:12:22,23.8887,200,
10:12:22,23.8899,200,
10:12:22,23.88,200,
10:12:22,23.88,100,
10:12:23,23.889,300,
10:12:24,23.889,900,
10:12:24,23.889,900,
10:12:24,23.889,500,
10:12:25,23.89,100,
10:12:26,23.89,100,
10:12:29,23.8998,100,
10:12:32,23.8998,100,
10:12:32,23.90,1300,
10:12:32,23.90,300,
10:12:32,23.90,100,
10:12:35,23.90,200,
10:12:37,23.9055,400,
10:12:45,23.90,100,
10:12:46,23.9002,750,
10:12:47,23.907,100,
10:12:48,23.91,100,
10:12:53,23.91,100,
10:12:54,23.90,200,
10:12:56,23.90,100,
10:12:56,23.89,300,
10:12:58,23.889,400,
10:12:58,23.90,100,
10:12:58,23.90,100,
10:12:58,23.90,100,
10:12:58,23.8977,1200,
10:13:02,23.90,100,
10:13:03,23.90,200,
10:13:03,23.90,400,
10:13:09,23.924,375,
10:13:10,23.93,200,
10:13:10,23.93,100,
10:13:11,23.93,500,
10:13:12,23.92,500,
10:13:15,23.922,100,
10:13:16,23.92,100,
10:13:22,23.92,1000,
10:13:24,23.92,100,
10:13:24,23.914,300,
10:13:27,23.91,200,
10:13:27,23.91,200,
10:13:29,23.92,500,
10:13:29,23.93,600,
10:13:31,23.9401,200,
10:13:36,23.95,1000,
10:13:40,23.95,100,
10:13:48,23.9378,1300,
10:13:56,23.92,100,
10:13:56,23.92,798,
10:13:57,23.911,1000,
10:13:59,23.923,100,
10:13:59,23.94,129,
10:14:03,23.92,700,
10:14:03,23.93,100,
10:14:03,23.93,200,
10:14:03,23.93,100,
10:14:07,23.94,100,
10:14:07,23.94,200,
10:14:08,23.94,100,
10:14:09,23.93,100,
10:14:09,23.93,200,
10:14:09,23.93,100,
10:14:12,23.93,200,
10:14:12,23.93,100,
10:14:12,23.93,297,
10:14:13,23.93,100,
10:14:13,23.93,100,
10:14:13,23.93,100,
10:14:13,23.94,100,
10:14:15,23.94,500,
10:14:16,23.92,300,
10:14:16,23.92,400,
10:14:16,23.92,100,
10:14:16,23.91,200,
10:14:16,23.91,1000,
10:14:16,23.91,100,
10:14:16,23.91,100,
10:14:18,23.93,200,
10:14:18,23.93,400,
10:14:18,23.92,1300,
10:14:18,23.93,300,
10:14:18,23.93,100,
10:14:18,23.93,200,
10:14:18,23.9376,100,
10:14:18,23.9376,100,
10:14:18,23.9378,200,
10:14:18,23.9378,100,
10:14:18,23.939,2000,
10:14:18,23.939,2100,
10:14:20,23.939,200,
10:14:20,23.9391,200,
10:14:20,23.939,100,
10:14:20,23.939,2500,
10:14:20,23.9399,165,
10:14:21,23.94,400,
10:14:21,23.912,1500,
10:14:23,23.938,100,
10:14:23,23.93,500,
10:14:27,23.919,1800,
10:14:28,23.92,300,
10:14:28,23.9198,900,
10:14:29,23.92,100,
10:14:30,23.92,200,
10:14:30,23.91,100,
10:14:30,23.91,200,
10:14:30,23.91,100,
10:14:30,23.92,100,
10:14:31,23.911,150,
10:14:33,23.9176,200,
10:14:33,23.919,300,
10:14:38,23.90,250,
10:14:38,23.90,200,
10:14:40,23.90,100,
10:14:40,23.91,200,
10:14:40,23.91,150,
10:14:40,23.92,100,
10:14:46,23.929,300,
10:14:50,23.9299,100,
10:14:56,23.93,200,
10:14:56,23.93,1000,
10:14:56,23.94,300,
10:14:58,23.94,100,
10:14:58,23.9372,300,
10:15:00,23.93,500,
10:15:00,23.929,100,
10:15:02,23.91,100,
10:15:02,23.9098,375,
10:15:04,23.91,200,
10:15:04,23.91,100,
10:15:04,23.91,100,
10:15:04,23.9099,1800,
10:15:04,23.919,100,
10:15:09,23.9023,100,
10:15:09,23.9023,200,
10:15:09,23.9024,100,
10:15:09,23.90,200,
10:15:15,23.90,300,
10:15:15,23.90,100,
10:15:15,23.90,600,
10:15:16,23.9097,150,
10:15:17,23.89,300,
10:15:17,23.90,500,
10:15:17,23.90,100,
10:15:17,23.89,200,
10:15:17,23.89,100,
10:15:17,23.89,156,
10:15:17,23.89,200,
10:15:17,23.89,100,
10:15:18,23.88,800,
10:15:20,23.88,300,
10:15:29,23.8881,100,
10:15:29,23.8881,100,
10:15:29,23.889,500,
10:15:35,23.90,100,
10:15:37,23.8911,200,
10:15:41,23.91,100,
10:15:41,23.91,200,
10:15:41,23.91,100,
10:15:41,23.91,100,
10:15:41,23.91,700,
10:15:41,23.91,200,
10:15:41,23.91,1300,
10:15:42,23.92,500,
10:15:42,23.92,400,
10:15:42,23.92,300,
10:15:42,23.9299,100,
10:15:42,23.9299,100,
10:15:42,23.93,100,
10:15:42,23.94,100,
10:15:42,23.94,100,
10:15:42,23.94,200,
10:15:43,23.92,1800,
10:15:43,23.92,400,
10:15:43,23.92,100,
10:15:43,23.92,100,
10:15:44,23.944,200,
10:15:45,23.94,100,
10:15:48,23.9493,200,
10:15:48,23.95,100,
10:15:48,23.95,100,
10:15:48,23.95,300,
10:15:51,23.9499,200,
10:15:51,23.9499,100,
10:15:53,23.96,200,
10:15:53,23.96,600,
10:15:55,23.96,400,
10:15:59,23.939,200,
10:15:59,23.939,900,
10:15:59,23.931,100,
10:16:00,23.94,100,
10:16:00,23.94,100,
10:16:02,23.938,1500,
10:16:02,23.94,100,
10:16:09,23.94,100,
10:16:20,23.91,300,
10:16:20,23.90,300,
10:16:20,23.89,300,
10:16:20,23.89,100,
10:16:20,23.89,200,
10:16:20,23.89,200,
10:16:20,23.89,110,
10:16:20,23.89,100,
10:16:20,23.89,100,
10:16:20,23.89,100,
10:16:21,23.90,200,
10:16:21,23.90,300,
10:16:21,23.90,300,
10:16:21,23.90,200,
10:16:21,23.8999,2000,
10:16:23,23.90,110,
10:16:32,23.9098,100,
10:16:32,23.9099,100,
10:16:33,23.909,600,
10:16:35,23.9064,100,
10:16:35,23.9065,200,
10:16:35,23.9069,200,
10:16:35,23.91,500,
10:16:35,23.91,200,
10:16:35,23.91,300,
10:16:36,23.89,200,
10:16:36,23.89,300,
10:16:36,23.89,100,
10:16:36,23.89,400,
10:16:48,23.90,100,
10:16:48,23.89,200,
10:16:48,23.89,100,
10:16:48,23.89,200,
10:16:48,23.8978,1200,
10:16:51,23.89,100,
10:16:59,23.90,200,
10:17:00,23.91,200,
10:17:01,23.92,11982,
10:17:11,23.90,100,
10:17:11,23.90,200,
10:17:22,23.89,1200,
10:17:22,23.91,100,
10:17:22,23.91,200,
10:17:22,23.91,1900,
10:17:22,23.91,900,
10:17:22,23.91,900,
10:17:22,23.91,3300,
10:17:27,23.90,200,
10:17:27,23.90,100,
10:17:27,23.90,100,
10:17:29,23.90,300,
10:17:30,23.897,132,
10:17:34,23.87,300,
10:17:35,23.8778,1000,
10:17:36,23.879,1500,
10:17:42,23.8763,100,
10:17:43,23.8789,100,
10:17:47,23.88,100,
10:17:47,23.88,100,
10:17:47,23.88,300,
10:17:48,23.8871,200,
10:17:48,23.889,500,
10:17:56,23.89,200,
10:17:58,23.90,400,
10:18:08,23.89,300,
10:18:13,23.90,100,
10:18:18,23.90,200,
10:18:18,23.90,100,
10:18:18,23.899,500,
10:18:24,23.903,300,
10:18:25,23.9001,400,
10:18:27,23.9089,300,
10:18:29,23.90,100,
10:18:29,23.8996,300,
10:18:32,23.89,100,
10:18:37,23.8999,700,
10:18:42,23.92,300,
10:18:42,23.92,100,
10:18:42,23.913,1500,
10:18:48,23.9102,600,
10:18:51,23.91,270,
10:18:51,23.9099,500,
10:18:59,23.90,100,
10:19:03,23.8899,300,
10:19:04,23.89,100,
10:19:04,23.8899,200,
10:19:09,23.89,100,
10:19:09,23.89,200,
10:19:12,23.91,300,
10:19:12,23.91,600,
10:19:12,23.91,300,
10:19:12,23.9099,1100,
10:19:14,23.92,100,
10:19:15,23.9134,100,
10:19:19,23.90,700,
10:19:22,23.9288,100,
10:19:29,23.9202,150,
10:19:30,23.923,1000,
10:19:34,23.94,1300,
10:19:34,23.94,300,
10:19:34,23.9399,300,
10:19:34,23.9398,200,
10:19:39,23.941,1180,
10:19:40,23.95,1000,
10:19:46,23.938,300,
10:19:48,23.94,100,
10:19:48,23.9372,300,
10:19:50,23.94,500,
10:19:53,23.94,600,
10:19:55,23.939,600,
10:20:01,23.9299,100,
10:20:04,23.923,500,
10:20:18,23.93,100,
10:20:18,23.9269,200,
10:20:18,23.92,200,
10:20:18,23.91,100,
10:20:18,23.91,100,
10:20:18,23.91,200,
10:20:19,23.9178,1000,
10:20:22,23.9085,1000,
10:20:24,23.908,500,
10:20:30,23.92,317,
10:20:33,23.93,150,
10:20:34,23.9299,100,
10:20:34,23.926,375,
10:20:36,23.92,600,
10:20:36,23.92,1100,
10:20:36,23.91,100,
10:20:36,23.91,700,
10:20:37,23.92,700,
10:20:37,23.93,10000,
10:20:46,23.923,700,
10:20:47,23.931,100,
10:20:51,23.92,200,
10:20:51,23.92,100,
10:20:51,23.91,100,
10:20:51,23.91,200,
10:20:51,23.91,200,
10:20:51,23.92,100,
10:20:54,23.93,100,
10:20:54,23.9299,400,
10:20:57,23.93,200,
10:21:01,23.94,900,
10:21:04,23.93,400,
10:21:07,23.9399,140,
10:21:08,23.94,1200,
10:21:12,23.95,100,
10:21:12,23.96,100,
10:21:15,23.97,2100,
10:21:15,23.97,1300,
10:21:16,23.969,500,
10:21:16,23.97,1000,
10:21:18,23.9699,1000,
10:21:18,23.97,348,
10:21:18,23.97,400,
10:21:19,23.979,1000,
10:21:19,23.98,1000,
10:21:19,23.97,300,
10:21:19,23.97,100,
10:21:20,23.9764,200,
10:21:20,23.979,100,
10:21:22,23.961,200,
10:21:22,23.961,300,
10:21:25,23.95,100,
10:21:25,23.958,3300,
10:21:25,23.96,100,
10:21:26,23.96,400,
10:21:28,23.953,1500,
10:21:31,23.97,700,
10:21:33,23.97,2000,
10:21:36,23.951,100,
10:21:36,23.96,100,
10:21:36,23.96,400,
10:21:36,23.96,120,
10:21:36,23.96,100,
10:21:37,23.97,300,
10:21:37,23.961,100,
10:21:41,23.97,300,
10:21:41,23.98,100,
10:21:42,23.98,100,
10:21:42,23.98,100,
10:21:43,23.98,100,
10:21:44,23.98,100,
10:21:46,23.98,200,
10:21:47,23.98,100,
10:21:47,23.98,200,
10:21:47,23.98,1900,
10:21:48,23.97,100,
10:21:48,23.97,100,
10:21:48,23.9699,400,
10:21:48,23.97,300,
10:21:48,23.97,700,
10:21:49,23.97,100,
10:21:49,23.97,100,
10:21:49,23.97,100,
10:21:49,23.97,500,
10:21:49,23.97,100,
10:21:52,23.99,100,
10:21:52,23.99,430,
10:21:52,24,200,
10:21:52,24,100,
10:21:54,23.98,100,
10:21:55,23.988,5000,
10:21:56,23.98,100,
10:21:56,23.98,100,
10:21:56,23.98,100,
10:21:56,23.98,100,
10:21:56,23.9799,1000,
10:22:02,23.9711,250,
10:22:02,23.98,200,
10:22:03,23.9762,1000,
10:22:04,23.98,100,
10:22:06,23.97,200,
10:22:06,23.96,100,
10:22:06,23.96,200,
10:22:06,23.96,100,
10:22:06,23.96,100,
10:22:07,23.96,208,
10:22:07,23.979,1500,
10:22:09,23.97,1900,
10:22:12,23.97,1234,
10:22:13,23.96,1000,
10:22:18,23.9811,750,
10:22:20,23.99,500,
10:22:22,23.99,286,
10:22:22,23.99,1167,
10:22:25,23.987,400,
10:22:25,23.98,100,
10:22:25,23.98,200,
10:22:25,23.98,300,
10:22:25,23.97,100,
10:22:26,23.9762,1500,
10:22:30,23.99,300,
10:22:30,23.99,1100,
10:22:30,23.99,200,
10:22:30,23.99,2694,
10:22:32,23.9989,800,
10:22:33,24,200,
10:22:33,24,110,
10:22:34,23.99,300,
10:22:34,23.99,100,
10:22:34,23.98,100,
10:22:35,23.99,303,
10:22:36,24,100,
10:22:37,23.989,4000,
10:22:42,24.008,3375,
10:22:46,24.01,100,
10:22:46,24.01,100,
10:22:52,23.999,5500,
10:22:53,23.992,2000,
10:22:56,24,1000,
10:22:59,23.9901,400,
10:23:00,23.9902,1400,
10:23:05,24.006,500,
10:23:06,24,6100,
10:23:07,24.0089,200,
10:23:08,24.0086,200,
10:23:08,24.01,600,
10:23:08,24.01,400,
10:23:08,24.01,400,
10:23:09,24.0072,200,
10:23:10,24.009,200,
10:23:10,24.009,700,
10:23:10,24.01,500,
10:23:11,24,100,
10:23:11,23.99,200,
10:23:11,23.99,300,
10:23:11,23.99,100,
10:23:13,23.98,600,
10:23:14,23.98,100,
10:23:17,23.98,1100,
10:23:17,23.98,100,
10:23:19,23.98,100,
10:23:21,23.98,1154,
10:23:22,23.99,1000,
10:23:24,23.9799,200,
10:23:26,23.98,1000,
10:23:26,23.99,100,
10:23:30,23.98,400,
10:23:31,23.99,100,
10:23:31,23.99,200,
10:23:31,23.99,100,
10:23:31,23.9854,1200,
10:23:41,23.9779,100,
10:23:41,23.979,200,
10:23:43,23.96,200,
10:23:43,23.96,400,
10:23:43,23.97,1800,
10:23:43,23.97,6200,
10:23:43,23.95,1000,
10:23:44,23.95,100,
10:23:44,23.9501,400,
10:23:49,23.966,200,
10:23:56,23.97,300,
10:23:56,23.98,600,
10:23:56,23.98,200,
10:23:56,23.98,200,
10:23:56,23.98,600,
10:23:56,23.97,500,
10:23:56,23.97,500,
10:23:56,23.97,100,
10:23:56,23.97,100,
10:23:56,23.97,100,
10:23:56,23.97,600,
10:23:56,23.98,200,
10:23:56,23.9782,100,
10:23:56,23.979,400,
10:24:01,23.9689,100,
10:24:01,23.9689,100,
10:24:02,23.97,5000,
10:24:04,23.96,300,
10:24:04,23.96,300,
10:24:04,23.96,1100,
10:24:04,23.95,500,
10:24:04,23.94,300,
10:24:04,23.95,200,
10:24:04,23.95,200,
10:24:04,23.94,100,
10:24:04,23.95,100,
10:24:04,23.95,100,
10:24:06,23.95,100,
10:24:11,23.97,1300,
10:24:12,23.96,200,
10:24:12,23.96,100,
10:24:12,23.96,100,
10:24:12,23.96,100,
10:24:12,23.96,100,
10:24:12,23.96,200,
10:24:12,23.957,200,
10:24:13,23.96,100,
10:24:13,23.9598,300,
10:24:17,23.9599,100,
10:24:17,23.959,1000,
10:24:18,23.96,100,
10:24:19,23.96,200,
10:24:20,23.953,550,
10:24:21,23.96,600,
10:24:21,23.96,100,
10:24:21,23.95,100,
10:24:21,23.95,100,
10:24:21,23.95,100,
10:24:21,23.95,500,
10:24:22,23.951,100,
10:24:24,23.95,100,
10:24:24,23.95,500,
10:24:28,23.96,100,
10:24:28,23.96,100,
10:24:28,23.96,1300,
10:24:28,23.97,300,
10:24:30,23.96,100,
10:24:32,23.96,100,
10:24:32,23.96,7000,
10:24:34,23.966,500,
10:24:38,23.96,1000,
10:24:39,23.97,300,
10:24:41,23.97,700,
10:24:43,23.98,200,
10:24:45,23.99,1300,
10:24:45,24,200,
10:24:45,24,2600,
10:24:45,24,1400,
10:24:45,24,4000,
10:24:45,24,100,
10:24:45,24,200,
10:24:45,24,100,
10:24:45,24,988,
10:24:45,24,3783,
10:24:45,24,400,
10:24:45,24,1200,
10:24:45,24,100,
10:24:45,23.99,100,
10:24:45,23.99,100,
10:24:45,23.99,100,
10:24:45,23.99,200,
10:24:45,23.99,300,
10:24:45,23.99,100,
10:24:45,23.99,400,
10:24:45,23.98,200,
10:24:45,23.98,100,
10:24:45,23.98,156,
10:24:45,23.98,100,
10:24:45,23.98,300,
10:24:45,23.98,600,
10:24:45,23.97,100,
10:24:45,23.97,200,
10:24:45,23.97,100,
10:24:45,23.97,1800,
10:24:47,23.9794,200,
10:24:47,23.9797,100,
10:24:47,23.98,100,
10:24:47,23.98,100,
10:24:47,23.98,100,
10:24:47,23.9785,100,
10:24:50,23.99,200,
10:24:52,23.98,500,
10:24:52,23.97,200,
10:24:54,23.97,100,
10:24:54,23.9699,200,
10:24:56,23.98,172,
10:25:00,23.972,400,
10:25:01,23.97,500,
10:25:01,23.97,100,
10:25:03,23.97,100,
10:25:03,23.97,100,
10:25:03,23.97,200,
10:25:03,23.9699,1200,
10:25:04,23.9672,100,
10:25:04,23.969,100,
10:25:05,23.969,500,
10:25:06,23.9681,100,
10:25:06,23.9681,100,
10:25:07,23.9689,800,
10:25:08,23.9685,100,
10:25:08,23.9685,100,
10:25:12,23.9811,100,
10:25:20,23.988,300,
10:25:23,23.98,300,
10:25:25,23.9702,1000,
10:25:33,23.9683,100,
10:25:33,23.9683,100,
10:25:33,23.9684,100,
10:25:35,23.97,895,
10:25:35,23.96,100,
10:25:36,23.96,300,
10:25:36,23.95,300,
10:25:36,23.94,100,
10:25:36,23.95,256,
10:25:36,23.95,998,
10:25:36,23.95,746,
10:25:36,23.94,209,
10:25:36,23.94,100,
10:25:36,23.94,200,
10:25:36,23.94,500,
10:25:36,23.94,200,
10:25:36,23.94,100,
10:25:36,23.94,100,
10:25:36,23.93,100,
10:25:36,23.93,100,
10:25:36,23.93,100,
10:25:36,23.93,200,
10:25:36,23.93,400,
10:25:36,23.93,600,
10:25:36,23.94,100,
10:25:37,23.94,100,
10:25:37,23.94,100,
10:25:37,23.94,100,
10:25:37,23.94,100,
10:25:37,23.93,300,
10:25:37,23.93,100,
10:25:42,23.949,2000,
10:25:45,23.9578,500,
10:25:53,23.95,100,
10:25:53,23.94,100,
10:25:53,23.94,691,
10:25:53,23.94,609,
10:25:53,23.95,300,
10:25:54,23.93,200,
10:25:54,23.93,100,
10:25:54,23.93,500,
10:25:54,23.93,1000,
10:25:54,23.92,200,
10:25:55,23.92,100,
10:25:59,23.93,100,
10:26:00,23.93,477,
10:26:00,23.94,100,
10:26:03,23.9299,260,
10:26:08,23.9492,200,
10:26:08,23.95,1213,
10:26:08,23.95,100,
10:26:08,23.95,200,
10:26:08,23.95,200,
10:26:08,23.96,100,
10:26:08,23.96,1200,
10:26:08,23.96,100,
10:26:08,23.96,100,
10:26:08,23.96,100,
10:26:08,23.96,200,
10:26:08,23.96,600,
10:26:11,23.949,1400,
10:26:11,23.9791,100,
10:26:11,23.979,100,
10:26:11,23.98,100,
10:26:11,23.98,200,
10:26:11,23.98,200,
10:26:15,23.9778,1000,
10:26:16,23.9761,200,
10:26:17,23.98,500,
10:26:17,23.98,100,
10:26:21,24,100,
10:26:21,24,200,
10:26:22,23.99,100,
10:26:22,23.99,600,
10:26:22,23.99,100,
10:26:22,23.99,100,
10:26:22,23.99,100,
10:26:22,23.99,200,
10:26:23,24,100,
10:26:23,24,100,
10:26:23,23.9999,100,
10:26:26,24,100,
10:26:26,24,100,
10:26:26,24,100,
10:26:26,24,200,
10:26:26,23.9977,900,
10:26:27,23.98,106,
10:26:27,23.98,300,
10:26:32,23.97,100,
10:26:32,23.97,300,
10:26:32,23.97,100,
10:26:35,23.98,100,
10:26:35,23.98,400,
10:26:35,23.98,100,
10:26:35,23.98,300,
10:26:35,23.98,300,
10:26:35,23.99,100,
10:26:35,23.99,300,
10:26:35,23.99,100,
10:26:35,23.99,100,
10:26:35,23.99,200,
10:26:35,23.99,100,
10:26:36,24,100,
10:26:36,23.99,200,
10:26:36,23.99,100,
10:26:40,24.007,100,
10:26:41,24,660,
10:26:45,24.01,200,
10:26:45,24.01,200,
10:26:45,24.01,200,
10:26:45,24.01,600,
10:26:49,24.0199,1100,
10:26:49,24.0199,190,
10:26:50,24.029,125,
10:26:53,24.021,5000,
10:26:54,24.04,200,
10:26:54,24.0399,1000,
10:26:54,24.03,100,
10:26:54,24.03,100,
10:26:57,24.036,600,
10:26:59,24.031,3000,
10:27:03,24.04,100,
10:27:03,24.04,100,
10:27:04,24.0389,500,
10:27:08,24.04,200,
10:27:08,24.0378,1500,
10:27:08,24.039,500,
10:27:11,24.05,100,
10:27:11,24.05,100,
10:27:12,24.038,400,
10:27:13,24.04,100,
10:27:13,24.04,100,
10:27:13,24.03,100,
10:27:13,24.03,200,
10:27:13,24.02,100,
10:27:13,24.02,100,
10:27:13,24.02,100,
10:27:13,24.02,100,
10:27:13,24.02,100,
10:27:13,24.02,100,
10:27:13,24.01,100,
10:27:13,24.01,259,
10:27:13,24.01,300,
10:27:13,24.01,110,
10:27:13,24.01,200,
10:27:13,24,100,
10:27:13,24,100,
10:27:13,24,200,
10:27:13,24,110,
10:27:13,24.01,600,
10:27:13,24,300,
10:27:13,24,600,
10:27:13,24,100,
10:27:13,24,100,
10:27:13,24,100,
10:27:13,24,100,
10:27:13,24,100,
10:27:13,24,100,
10:27:13,23.99,100,
10:27:13,23.99,200,
10:27:13,23.99,200,
10:27:16,23.99,110,
10:27:16,24,200,
10:27:16,24,200,
10:27:16,24,100,
10:27:16,24,1000,
10:27:16,24,200,
10:27:16,24,800,
10:27:16,24,200,
10:27:16,24,500,
10:27:16,24,100,
10:27:16,24,110,
10:27:16,24,100,
10:27:16,24.01,221,
10:27:16,24,200,
10:27:16,24.01,100,
10:27:16,24.01,100,
10:27:17,24.011,200,
10:27:21,24.02,100,
10:27:21,24.0201,300,
10:27:22,24.02,193,
10:27:22,24.02,100,
10:27:23,24.029,100,
10:27:24,24.01,100,
10:27:24,24.01,200,
10:27:24,24.01,100,
10:27:25,24.01,10200,
10:27:27,24.0138,1000,
10:27:30,24.019,200,
10:27:32,23.9917,200,
10:27:32,23.9914,200,
10:27:32,23.9913,100,
10:27:32,23.9904,200,
10:27:32,23.9911,100,
10:27:32,23.991,1500,
10:27:34,24,110,
10:27:35,23.999,100,
10:27:36,24.001,1900,
10:27:39,24,100,
10:27:39,24,100,
10:27:39,24,679,
10:27:39,24,1000,
10:27:39,23.99,400,
10:27:39,23.98,200,
10:27:39,23.98,172,
10:27:39,23.98,100,
10:27:39,23.98,100,
10:27:39,23.97,100,
10:27:41,24,100,
10:27:41,24,100,
10:27:41,24,100,
10:27:44,24,100,
10:27:44,24,279,
10:27:44,24,400,
10:27:49,24.0122,100,
10:27:50,24.016,700,
10:27:52,24.001,600,
10:27:56,23.99,100,
10:27:56,23.98,200,
10:27:56,23.98,100,
10:27:56,24,300,
10:27:56,23.97,100,
10:27:56,23.9925,300,
10:27:56,23.977,100,
10:27:59,24.005,100,
10:28:01,23.98,172,
10:28:01,23.9799,993,
10:28:08,23.97,100,
10:28:11,23.99,100,
10:28:12,23.99,100,
10:28:12,23.99,100,
10:28:14,23.98,200,
10:28:14,23.98,700,
10:28:14,23.98,100,
10:28:14,23.98,100,
10:28:14,23.98,300,
10:28:14,23.9799,3200,
10:28:21,23.9799,300,
10:28:21,23.9897,100,
10:28:21,23.99,1300,
10:28:22,24,700,
10:28:29,23.99,100,
10:28:29,23.99,200,
10:28:29,23.99,100,
10:28:29,23.99,100,
10:28:29,23.99,300,
10:28:29,23.99,100,
10:28:29,23.99,200,
10:28:29,23.99,300,
10:28:29,23.98,400,
10:28:29,23.97,400,
10:28:29,23.99,600,
10:28:29,23.99,200,
10:28:29,23.9825,250,
10:28:32,23.961,500,
10:28:35,23.9699,265,
10:28:35,23.963,750,
10:28:37,23.97,100,
10:28:42,23.99,100,
10:28:42,23.98,1100,
10:28:42,23.99,100,
10:28:42,23.99,100,
10:28:45,23.994,300,
10:28:56,23.99,100,
10:28:56,23.9899,300,
10:28:58,23.98,320,
10:29:00,23.99,100,
10:29:00,23.99,200,
10:29:01,24,100,
10:29:01,24,100,
10:29:06,24,100,
10:29:06,24,100,
10:29:06,24,100,
10:29:16,23.99,100,
10:29:16,23.99,100,
10:29:19,24,100,
10:29:19,24,200,
10:29:19,24,100,
10:29:19,24,100,
10:29:22,24,200,
10:29:22,24.01,450,
10:29:36,24.0199,100,
10:29:40,24,11500,
10:29:44,24.011,5000,
10:29:50,24.01,200,
10:29:54,24.0099,370,
10:29:58,23.993,1000,
10:30:01,24.01,500,
10:30:05,24.01,2800,
10:30:10,24,100,
10:30:15,24,1000,
10:30:16,23.98,150,
10:30:42,24.02,100,
10:30:42,24.02,100,
10:30:42,24.02,1000,
10:30:42,24.03,100,
10:30:43,24.02,200,
10:30:47,24.04,200,
10:30:47,24.05,200,
10:30:47,24.05,100,
10:30:47,24.05,200,
10:30:47,24.05,100,
10:30:47,24.05,100,
10:30:47,24.05,300,
10:30:47,24.05,500,
10:30:47,24.05,100,
10:30:47,24.05,100,
10:30:47,24.04,100,
10:30:47,24.0495,800,
10:30:48,24.04,300,
10:30:48,24.04,100,
10:30:48,24.04,200,
10:30:53,24.05,100,
10:30:56,24.05,600,
10:30:58,24.043,1500,
10:31:00,24.0401,150,
10:31:06,24.05,150,
10:31:07,24.047,200,
10:31:09,24.05,100,
10:31:14,24.03,100,
10:31:14,24.03,390,
10:31:15,24.029,2000,
10:31:18,24.02,100,
10:31:19,24.029,100,
10:31:23,24.0256,1500,
10:31:26,24.0146,200,
10:31:26,24.0146,100,
10:31:26,24.0112,200,
10:31:26,24.0146,100,
10:31:33,24.0322,1000,
10:31:39,24.05,100,
10:31:39,24.05,6700,
10:31:42,24.05,100,
10:31:42,24.05,100,
10:31:45,24.05,1000,
10:31:45,24.051,800,
10:31:45,24.051,700,
10:31:46,24.05,12800,
10:31:46,24.06,700,
10:31:47,24.06,300,
10:31:47,24.06,600,
10:31:49,24.0598,200,
10:31:53,24.0478,1900,
10:31:54,24.041,100,
10:31:55,24.0499,400,
10:31:55,24.0499,100,
10:32:00,24.0411,1000,
10:32:02,24.0499,200,
10:32:03,24.0495,250,
10:32:07,24.0404,100,
10:32:07,24.041,2600,
10:32:07,24.05,100,
10:32:08,24.0489,100,
10:32:11,24.05,100,
10:32:12,24.0599,200,
10:32:12,24.05,400,
10:32:15,24.042,1000,
10:32:18,24.04,600,
10:32:18,24.04,100,
10:32:18,24.04,100,
10:32:26,24.0465,170,
10:32:27,24.0498,500,
10:32:29,24.0496,100,
10:32:29,24.0497,100,
10:32:29,24.0496,100,
10:32:29,24.0499,600,
10:32:29,24.05,100,
10:32:29,24.05,100,
10:32:29,24.049,300,
10:32:31,24.05,100,
10:32:31,24.05,200,
10:32:31,24.05,100,
10:32:31,24.05,400,
10:32:33,24.042,100,
10:32:34,24.05,200,
10:32:37,24.0469,200,
10:32:38,24.05,1000,
10:32:39,24.05,200,
10:32:39,24.05,1000,
10:32:40,24.05,100,
10:32:42,24.049,1000,
10:32:43,24.05,300,
10:32:43,24.05,300,
10:32:43,24.05,600,
10:32:43,24.05,100,
10:32:43,24.05,600,
10:32:43,24.05,2000,
10:32:43,24.05,900,
10:32:44,24.05,500,
10:32:46,24.0417,100,
10:32:46,24.0417,100,
10:32:46,24.0413,100,
10:32:46,24.041,700,
10:32:46,24.04,100,
10:32:46,24.04,100,
10:32:47,24.05,100,
10:32:47,24.05,100,
10:32:48,24.05,200,
10:32:48,24.05,100,
10:32:48,24.05,600,
10:32:50,24.03,100,
10:32:53,24.03,500,
10:32:56,24.029,100,
10:32:57,24.03,100,
10:33:00,24.05,2000,
10:33:07,24.0395,500,
10:33:08,24.0302,100,
10:33:12,24.0395,1000,
10:33:14,24.03,100,
10:33:14,24.028,550,
10:33:17,24.029,100,
10:33:18,24.02,200,
10:33:20,24.03,100,
10:33:20,24.0299,300,
10:33:21,24.03,100,
10:33:32,24.02,2000,
10:33:34,24,1000,
10:33:34,24,168,
10:33:42,24.02,100,
10:33:48,24.026,100,
10:33:55,24.0104,700,
10:33:57,24.0111,100,
10:33:57,24.0111,100,
10:33:57,24.011,300,
10:33:57,24.011,3200,
10:33:58,24.0195,100,
10:33:58,24.0195,200,
10:33:58,24.0196,100,
10:34:09,24.0298,100,
10:34:15,24.01,1400,
10:34:18,24.02,200,
10:34:20,24.0198,2500,
10:34:26,24,100,
10:34:27,23.9999,1000,
10:34:27,23.9908,200,
10:34:27,23.991,400,
10:34:28,23.991,200,
10:34:28,24,200,
10:34:28,24,200,
10:34:29,24,1100,
10:34:35,24.009,100,
10:34:37,24.01,100,
10:34:42,24.0198,1000,
10:34:45,24.03,100,
10:34:45,24.03,300,
10:34:47,24.02,100,
10:34:47,24.02,300,
10:34:48,24.02,300,
10:34:50,24.02,200,
10:34:50,24.02,300,
10:34:52,24.02,400,
10:35:07,24,200,
10:35:07,23.99,440,
10:35:07,23.98,500,
10:35:07,23.98,200,
10:35:07,23.97,200,
10:35:07,23.97,100,
10:35:07,23.98,100,
10:35:10,23.9899,1000,
10:35:12,23.987,1500,
10:35:13,23.989,500,
10:35:14,23.9898,100,
10:35:16,23.9888,200,
10:35:24,23.9789,100,
10:35:28,23.9622,1500,
10:35:32,23.957,2975,
10:35:35,23.9601,200,
10:35:36,23.9635,1000,
10:35:36,23.95,100,
10:35:36,23.94,300,
10:35:36,23.94,100,
10:35:38,23.931,1000,
10:35:38,23.94,100,
10:35:39,23.931,300,
10:35:39,23.93,300,
10:35:50,23.9325,100,
10:35:50,23.931,200,
10:35:57,23.93,100,
10:35:57,23.934,1000,
10:36:01,23.95,300,
10:36:01,23.95,300,
10:36:01,23.95,500,
10:36:03,23.95,100,
10:36:04,23.957,400,
10:36:05,23.93,100,
10:36:05,23.93,300,
10:36:05,23.93,100,
10:36:05,23.93,200,
10:36:07,23.9299,200,
10:36:07,23.93,100,
10:36:12,23.921,300,
10:36:13,23.92,100,
10:36:13,23.9144,100,
10:36:13,23.914,200,
10:36:15,23.91,1000,
10:36:15,23.91,200,
10:36:15,23.91,1300,
10:36:15,23.9189,100,
10:36:16,23.92,100,
10:36:20,23.9285,100,
10:36:20,23.9299,2400,
10:36:21,23.93,500,
10:36:24,23.93,100,
10:36:24,23.93,200,
10:36:24,23.93,100,
10:36:24,23.93,900,
10:36:26,23.93,100,
10:36:30,23.9399,100,
10:36:34,23.938,180,
10:36:45,23.9299,603,
10:37:01,23.931,1000,
10:37:03,23.93,100,
10:37:07,23.929,100,
10:37:09,23.93,5800,
10:37:18,23.93,100,
10:37:19,23.929,1000,
10:37:26,23.956,100,
10:37:28,23.95,755,
10:37:35,23.948,500,
10:37:37,23.9363,100,
10:37:42,23.94,100,
10:37:42,23.94,100,
10:37:43,23.93,100,
10:37:45,23.93,100,
10:37:47,23.939,300,
10:38:01,23.9599,1400,
10:38:02,23.9522,500,
10:38:03,23.96,200,
10:38:03,23.96,200,
10:38:03,23.96,900,
10:38:03,23.96,500,
10:38:13,23.94,200,
10:38:13,23.94,100,
10:38:13,23.94,100,
10:38:24,23.9499,142,
10:38:28,23.9599,100,
10:38:34,23.9515,100,
10:38:41,23.959,100,
10:38:45,23.9565,100,
10:38:47,23.9567,200,
10:38:47,23.9567,200,
10:38:47,23.9567,100,
10:38:49,23.957,200,
10:38:50,23.97,300,
10:38:51,23.98,100,
10:38:52,23.959,200,
10:38:52,23.988,625,
10:38:53,23.98,200,
10:38:59,23.97,200,
10:39:00,23.9676,500,
10:39:04,23.979,200,
10:39:04,23.98,5000,
10:39:04,23.979,182,
10:39:06,23.97,200,
10:39:06,23.97,800,
10:39:06,23.97,500,
10:39:06,23.97,500,
10:39:07,23.97,600,
10:39:10,23.969,400,
10:39:10,23.961,1100,
10:39:10,23.961,1100,
10:39:13,23.967,1400,
10:39:16,23.968,200,
10:39:17,23.98,600,
10:39:17,23.98,100,
10:39:17,23.98,100,
10:39:17,23.98,100,
10:39:18,23.9882,100,
10:39:18,23.989,100,
10:39:23,23.98,200,
10:39:25,23.97,100,
10:39:25,23.9699,100,
10:39:33,23.9678,1000,
10:39:35,23.9611,350,
10:39:40,23.968,250,
10:39:41,23.97,200,
10:39:41,23.97,200,
10:39:41,23.97,100,
10:39:41,23.97,200,
10:39:41,23.97,400,
10:39:41,23.97,900,
10:39:41,23.9799,300,
10:39:44,23.9702,200,
10:39:45,23.98,300,
10:39:45,23.98,200,
10:39:45,23.98,500,
10:39:49,23.9889,1000,
10:39:54,23.9898,100,
10:39:57,23.971,200,
10:39:57,23.9709,100,
10:39:57,23.9703,200,
10:39:57,23.9708,100,
10:39:57,23.971,2000,
10:39:57,23.9755,200,
10:39:58,23.97,10800,
10:40:07,23.977,200,
10:40:10,23.977,100,
10:40:15,23.95,100,
10:40:15,23.95,100,
10:40:19,23.949,4154,
10:40:22,23.94,100,
10:40:25,23.94,10000,
10:40:28,23.94,200,
10:40:29,23.93,4900,
10:40:29,23.93,1000,
10:40:31,23.93,998,
10:40:32,23.93,1000,
10:40:34,23.93,200,
10:40:34,23.93,200,
10:40:34,23.93,200,
10:40:34,23.93,100,
10:40:34,23.93,400,
10:40:34,23.93,300,
10:40:34,23.93,700,
10:40:34,23.93,200,
10:40:34,23.93,1000,
10:40:34,23.93,700,
10:40:34,23.93,1523,
10:40:34,23.93,200,
10:40:34,23.92,300,
10:40:34,23.92,100,
10:40:34,23.92,100,
10:40:34,23.92,200,
10:40:34,23.92,151,
10:40:34,23.92,200,
10:40:35,23.92,3000,
10:40:41,23.91,100,
10:40:41,23.91,100,
10:40:41,23.91,1243,
10:40:41,23.92,100,
10:40:41,23.92,100,
10:40:41,23.9199,100,
10:40:41,23.92,100,
10:40:42,23.911,200,
10:40:42,23.91,100,
10:40:44,23.917,1500,
10:40:44,23.91,100,
10:40:44,23.91,100,
10:40:45,23.92,100,
10:40:48,23.9198,500,
10:40:49,23.9189,220,
10:40:52,23.9185,100,
10:40:52,23.9187,100,
10:40:52,23.919,1600,
10:40:52,23.919,1700,
10:40:57,23.91,100,
10:40:57,23.91,100,
10:40:57,23.91,100,
10:40:57,23.91,100,
10:40:57,23.91,200,
10:41:01,23.919,1000,
10:41:09,23.919,200,
10:41:10,23.91,200,
10:41:10,23.91,100,
10:41:14,23.917,400,
10:41:14,23.9089,1000,
10:41:14,23.90,100,
10:41:14,23.90,100,
10:41:14,23.9001,500,
10:41:15,23.90,100,
10:41:15,23.90,100,
10:41:15,23.9001,500,
10:41:19,23.9089,430,
10:41:23,23.903,350,
10:41:25,23.9089,100,
10:41:26,23.90,100,
10:41:26,23.90,100,
10:41:26,23.90,350,
10:41:26,23.90,650,
10:41:26,23.90,100,
10:41:26,23.90,150,
10:41:30,23.91,100,
10:41:30,23.91,500,
10:41:30,23.91,100,
10:41:37,23.91,500,
10:41:38,23.91,150,
10:41:38,23.91,100,
10:41:38,23.91,200,
10:41:41,23.911,1400,
10:41:46,23.92,1200,
10:41:51,23.9238,500,
10:41:56,23.922,152,
10:42:04,23.9068,100,
10:42:09,23.90,100,
10:42:09,23.90,300,
10:42:09,23.90,200,
10:42:09,23.90,100,
10:42:09,23.90,100,
10:42:09,23.90,1000,
10:42:09,23.90,1000,
10:42:09,23.90,1000,
10:42:09,23.90,1000,
10:42:09,23.90,1000,
10:42:10,23.90,500,
10:42:12,23.909,1000,
10:42:13,23.90,100,
10:42:13,23.90,1000,
10:42:13,23.90,1000,
10:42:13,23.90,100,
10:42:13,23.90,1000,
10:42:13,23.90,200,
10:42:13,23.90,100,
10:42:13,23.90,100,
10:42:13,23.89,300,
10:42:14,23.90,500,
10:42:14,23.89,300,
10:42:14,23.8927,100,
10:42:16,23.89,255,
10:42:16,23.89,293,
10:42:16,23.89,100,
10:42:23,23.8983,100,
10:42:23,23.8985,200,
10:42:23,23.8987,100,
10:42:23,23.8987,100,
10:42:23,23.899,2000,
10:42:23,23.899,2100,
10:42:23,23.9089,100,
10:42:27,23.8981,100,
10:42:28,23.89,107,
10:42:28,23.899,200,
10:42:30,23.8978,1000,
10:42:32,23.89,400,
10:42:32,23.89,700,
10:42:32,23.89,1000,
10:42:32,23.89,300,
10:42:32,23.89,1000,
10:42:32,23.89,100,
10:42:32,23.89,1000,
10:42:34,23.90,1300,
10:42:34,23.90,500,
10:42:35,23.91,200,
10:42:44,23.91,200,
10:42:44,23.91,200,
10:42:44,23.91,100,
10:42:45,23.91,100,
10:42:45,23.91,100,
10:42:47,23.90,300,
10:42:47,23.90,100,
10:42:47,23.90,100,
10:42:50,23.9096,200,
10:42:50,23.9096,100,
10:42:50,23.9096,100,
10:42:50,23.91,100,
10:42:50,23.91,100,
10:42:50,23.91,100,
10:42:50,23.91,100,
10:42:50,23.91,200,
10:42:50,23.91,100,
10:42:50,23.91,998,
10:42:50,23.91,800,
10:42:50,23.91,300,
10:42:50,23.91,293,
10:42:50,23.91,400,
10:42:50,23.91,300,
10:42:51,23.9111,1000,
10:42:51,23.92,4700,
10:42:53,23.92,300,
10:42:53,23.92,100,
10:42:53,23.93,100,
10:43:07,23.9383,100,
10:43:07,23.939,300,
10:43:08,23.937,200,
10:43:17,23.93,300,
10:43:18,23.92,600,
10:43:18,23.9279,100,
10:43:18,23.929,1500,
10:43:25,23.92,100,
10:43:26,23.92,100,
10:43:26,23.92,100,
10:43:27,23.92,800,
10:43:27,23.921,100,
10:43:29,23.9289,500,
10:43:38,23.91,100,
10:43:38,23.91,200,
10:43:38,23.91,200,
10:43:38,23.91,100,
10:43:38,23.91,100,
10:43:38,23.90,400,
10:43:38,23.90,600,
10:43:44,23.909,250,
10:43:46,23.909,100,
10:43:48,23.90,100,
10:43:48,23.90,200,
10:43:48,23.90,10000,
10:43:48,23.90,400,
10:43:48,23.89,200,
10:43:48,23.89,100,
10:43:48,23.89,100,
10:43:48,23.89,200,
10:43:48,23.89,100,
10:43:48,23.89,200,
10:43:48,23.88,100,
10:43:48,23.89,100,
10:43:48,23.90,6000,
10:43:51,23.891,500,
10:44:04,23.90,100,
10:44:05,23.9022,1000,
10:44:14,23.918,1000,
10:44:20,23.9085,100,
10:44:26,23.93,100,
10:44:26,23.93,100,
10:44:26,23.9299,100,
10:44:26,23.9299,100,
10:44:26,23.9298,4600,
10:44:29,23.9294,200,
10:44:29,23.9294,200,
10:44:30,23.93,100,
10:44:31,23.9354,200,
10:44:31,23.9354,200,
10:44:32,23.94,100,
10:44:32,23.94,400,
10:44:38,23.93,100,
10:44:38,23.93,300,
10:44:38,23.93,100,
10:44:38,23.93,200,
10:44:38,23.9205,500,
10:44:45,23.937,1200,
10:44:47,23.93,200,
10:44:47,23.93,300,
10:44:47,23.93,200,
10:44:47,23.93,100,
10:44:49,23.929,1000,
10:44:50,23.93,400,
10:44:50,23.93,100,
10:44:50,23.93,100,
10:44:50,23.93,100,
10:44:50,23.9299,2100,
10:44:50,23.9289,1000,
10:44:51,23.9263,200,
10:44:51,23.9295,500,
10:44:51,23.929,1300,
10:44:51,23.929,1100,
10:44:52,23.93,200,
10:44:55,23.92,360,
10:44:58,23.93,800,
10:44:58,23.93,400,
10:44:58,23.93,100,
10:44:58,23.93,300,
10:44:58,23.93,200,
10:44:58,23.9298,2100,
10:45:00,23.93,300,
10:45:02,23.92,500,
10:45:10,23.919,100,
10:45:10,23.919,100,
10:45:11,23.91,100,
10:45:13,23.90,768,
10:45:13,23.90,100,
10:45:20,23.91,200,
10:45:20,23.91,100,
10:45:20,23.91,100,
10:45:20,23.91,200,
10:45:24,23.901,500,
10:45:29,23.90,300,
10:45:29,23.90,100,
10:45:35,23.909,100,
10:45:41,23.903,100,
10:45:46,23.91,600,
10:45:46,23.91,300,
10:45:46,23.91,200,
10:45:46,23.9099,500,
10:45:47,23.90,400,
10:45:47,23.90,100,
10:45:50,23.91,200,
10:45:50,23.91,100,
10:45:50,23.9099,500,
10:46:13,23.88,200,
10:46:14,23.88,100,
10:46:14,23.89,100,
10:46:15,23.8837,100,
10:46:15,23.8821,200,
10:46:15,23.88,500,
10:46:15,23.88,799,
10:46:15,23.89,100,
10:46:16,23.88,700,
10:46:16,23.8898,2000,
10:46:21,23.88,700,
10:46:24,23.88,1000,
10:46:24,23.889,1500,
10:46:26,23.881,400,
10:46:33,23.8801,800,
10:46:38,23.8801,100,
10:46:42,23.89,400,
10:46:42,23.89,300,
10:46:42,23.89,348,
10:46:42,23.89,1100,
10:46:42,23.89,700,
10:46:51,23.891,750,
10:46:56,23.89,200,
10:47:05,23.88,100,
10:47:07,23.881,500,
10:47:09,23.88,100,
10:47:09,23.88,1150,
10:47:10,23.88,500,
10:47:11,23.889,100,
10:47:15,23.89,100,
10:47:15,23.89,100,
10:47:17,23.8956,500,
10:47:19,23.89,100,
10:47:19,23.89,200,
10:47:19,23.89,200,
10:47:20,23.8991,100,
10:47:20,23.8991,200,
10:47:20,23.8991,100,
10:47:20,23.90,100,
10:47:20,23.899,200,
10:47:21,23.899,200,
10:47:21,23.899,100,
10:47:22,23.899,1200,
10:47:23,23.899,100,
10:47:23,23.899,200,
10:47:24,23.891,1800,
10:47:24,23.8981,100,
10:47:24,23.899,400,
10:47:27,23.8982,100,
10:47:33,23.88,951,
10:47:33,23.88,100,
10:47:35,23.88,149,
10:47:35,23.88,400,
10:47:44,23.8878,1000,
10:47:46,23.88,100,
