09:30:00,18.17,300,
09:30:00,18.17,400,
09:30:00,18.17,400,
09:30:00,18.17,100,
09:30:00,18.17,300,
09:30:02,18.1788,117,
09:30:03,18.17,100,
09:30:03,18.16,300,
09:30:06,18.16,100,
09:30:06,18.17,300,
09:30:06,18.18,100,
09:30:06,18.18,601,
09:30:06,18.18,399,
09:30:06,18.18,100,
09:30:06,18.18,1200,
09:30:06,18.20,2000,
09:30:06,18.19,2000,
09:30:06,18.19,300,
09:30:06,18.20,600,
09:30:06,18.20,400,
09:30:06,18.22,300,
09:30:06,18.21,1200,
09:30:06,18.21,1500,
09:30:06,18.21,300,
09:30:06,18.21,500,
09:30:06,18.20,300,
09:30:06,18.20,900,
09:30:06,18.20,500,
09:30:06,18.20,500,
09:30:07,18.195,200,
09:30:07,18.20,1197,
09:30:10,18.20,200,
09:30:10,18.20,900,
09:30:10,18.21,285,
09:30:11,18.21,500,
09:30:11,18.20,600,
09:30:12,18.189,200,
09:30:13,18.21,300,
09:30:13,18.21,1500,
09:30:13,18.205,200,
09:30:13,18.21,300,
09:30:14,18.21,200,
09:30:15,18.191,100,
09:30:16,18.19,200,
09:30:16,18.208,1000,
09:30:19,18.205,219,
09:30:19,18.1958,950,
09:30:19,18.209,5000,
09:30:20,18.19,200,
09:30:20,18.1611,450,
09:30:21,18.19,600,
09:30:21,18.183,200,
09:30:22,18.195,900,
09:30:23,18.193,300,
09:30:25,18.19,1600,
09:30:26,18.1901,600,
09:30:28,18.18,400,
09:30:28,18.18,300,
09:30:30,18.1901,1000,
09:30:31,18.17,500,
09:30:31,18.17,1800,
09:30:31,18.17,800,
09:30:31,18.18,700,
09:30:32,18.173,300,
09:30:37,18.17,1000,
09:30:38,18.18,300,
09:30:38,18.1799,700,
09:30:41,18.17,17610,
09:30:41,18.18,300,
09:30:41,18.18,800,
09:30:45,18.19,1200,
09:30:45,18.19,1200,
09:30:45,18.19,1200,
09:30:45,18.19,1600,
09:30:47,18.188,500,
09:30:48,18.19,200,
09:30:51,18.189,300,
09:30:53,18.18,600,
09:30:53,18.17,100,
09:30:53,18.189,500,
09:30:54,18.18,100,
09:30:56,18.19,400,
09:30:56,18.18,100,
09:30:56,18.18,200,
09:30:56,18.18,300,
09:30:56,18.18,300,
09:30:56,18.17,100,
09:30:56,18.17,400,
09:30:56,18.17,300,
09:30:56,18.17,100,
09:30:56,18.17,300,
09:30:56,18.17,300,
09:30:57,18.16,300,
09:30:57,18.15,1700,
09:30:59,18.1401,1000,
09:30:59,18.15,300,
09:30:59,18.15,1200,
09:31:02,18.14,300,
09:31:02,18.13,800,
09:31:04,18.1301,100,
09:31:04,18.13,200,
09:31:05,18.131,100,
09:31:05,18.131,2000,
09:31:05,18.13,3800,
09:31:07,18.14,200,
09:31:07,18.14,500,
09:31:07,18.14,400,
09:31:08,18.13,400,
09:31:08,18.13,300,
09:31:08,18.13,100,
09:31:08,18.13,400,
09:31:08,18.13,300,
09:31:08,18.13,400,
09:31:08,18.1329,1700,
09:31:09,18.133,150,
09:31:11,18.15,500,
09:31:11,18.15,200,
09:31:11,18.16,3000,
09:31:11,18.15,300,
09:31:11,18.15,485,
09:31:11,18.15,300,
09:31:11,18.16,1200,
09:31:11,18.16,1200,
09:31:11,18.16,200,
09:31:11,18.16,1600,
09:31:11,18.16,3000,
09:31:11,18.16,300,
09:31:11,18.16,100,
09:31:11,18.17,300,
09:31:11,18.17,800,
09:31:11,18.16,300,
09:31:11,18.16,600,
09:31:11,18.17,3000,
09:31:11,18.15,400,
09:31:11,18.18,100,
09:31:11,18.18,1200,
09:31:11,18.18,146,
09:31:11,18.18,1000,
09:31:11,18.18,200,
09:31:11,18.19,500,
09:31:11,18.142,500,
09:31:11,18.18,500,
09:31:11,18.19,200,
09:31:11,18.19,100,
09:31:12,18.147,100,
09:31:12,18.1999,500,
09:31:13,18.19,1200,
09:31:13,18.19,300,
09:31:13,18.19,200,
09:31:13,18.19,100,
09:31:13,18.19,400,
09:31:13,18.19,200,
09:31:13,18.19,463,
09:31:14,18.1905,1250,
09:31:15,18.19,300,
09:31:15,18.19,300,
09:31:15,18.19,1500,
09:31:15,18.18,400,
09:31:16,18.187,220,
09:31:18,18.17,1200,
09:31:18,18.18,600,
09:31:19,18.1799,2900,
09:31:20,18.17,1100,
09:31:20,18.16,400,
09:31:21,18.17,500,
09:31:21,18.17,400,
09:31:22,18.17,100,
09:31:23,18.17,1400,
09:31:24,18.16,500,
09:31:24,18.16,300,
09:31:26,18.17,400,
09:31:26,18.17,200,
09:31:28,18.1699,3000,
09:31:30,18.167,100,
09:31:32,18.17,200,
09:31:32,18.17,100,
09:31:32,18.17,600,
09:31:32,18.17,100,
09:31:33,18.17,200,
09:31:33,18.17,400,
09:31:33,18.16,100,
09:31:35,18.18,400,
09:31:38,18.168,1000,
09:31:38,18.1675,3000,
09:31:40,18.1671,1000,
09:31:41,18.16,1200,
09:31:41,18.16,400,
09:31:41,18.16,400,
09:31:41,18.16,300,
09:31:41,18.15,700,
09:31:41,18.15,200,
09:31:43,18.1598,2100,
09:31:44,18.1599,300,
09:31:45,18.1601,750,
09:31:46,18.15,100,
09:31:47,18.1529,300,
09:31:48,18.1501,500,
09:31:49,18.1599,2000,
09:31:50,18.16,300,
09:31:50,18.16,400,
09:31:50,18.16,100,
09:31:53,18.1662,1000,
09:31:53,18.169,200,
09:31:54,18.16,300,
09:31:57,18.1615,1000,
09:32:00,18.1695,1600,
09:32:01,18.1501,1300,
09:32:02,18.16,400,
09:32:04,18.16,900,
09:32:04,18.16,300,
09:32:04,18.16,500,
09:32:04,18.16,100,
09:32:05,18.1701,1400,
09:32:05,18.158,1000,
09:32:07,18.18,778,
09:32:07,18.18,578,
09:32:07,18.19,500,
09:32:08,18.19,200,
09:32:08,18.19,200,
09:32:09,18.20,200,
09:32:09,18.20,100,
09:32:10,18.20,100,
09:32:10,18.20,100,
09:32:11,18.20,100,
09:32:11,18.20,100,
09:32:13,18.2093,100,
09:32:14,18.21,537,
09:32:14,18.2199,100,
09:32:14,18.208,1000,
09:32:16,18.20,500,
09:32:17,18.22,1200,
09:32:18,18.219,800,
09:32:18,18.20,300,
09:32:19,18.1925,2000,
09:32:20,18.19,600,
09:32:20,18.18,2200,
09:32:21,18.1899,200,
09:32:25,18.19,900,
09:32:25,18.19,200,
09:32:25,18.18,900,
09:32:25,18.18,300,
09:32:25,18.18,800,
09:32:25,18.18,142,
09:32:25,18.18,100,
09:32:27,18.1757,252,
09:32:28,18.18,100,
09:32:31,18.1725,3000,
09:32:31,18.1801,455,
09:32:33,18.1899,1000,
09:32:34,18.19,600,
09:32:34,18.19,200,
09:32:37,18.19,245,
09:32:37,18.1975,4400,
09:32:40,18.2001,200,
09:32:40,18.20,100,
09:32:41,18.2018,1000,
09:32:41,18.20,100,
09:32:41,18.20,600,
09:32:42,18.21,400,
09:32:42,18.20,2000,
09:32:42,18.20,400,
09:32:43,18.2001,200,
09:32:44,18.1901,700,
09:32:44,18.1999,100,
09:32:46,18.20,100,
09:32:47,18.20,400,
09:32:48,18.191,838,
09:32:48,18.19,2000,
09:32:49,18.19,900,
09:32:49,18.18,200,
09:32:54,18.1729,700,
09:32:55,18.17,100,
09:32:55,18.17,600,
09:32:56,18.18,300,
09:32:57,18.16,900,
09:32:57,18.15,200,
09:32:58,18.15,100,
09:32:58,18.1501,100,
09:32:59,18.1605,450,
09:33:00,18.162,690,
09:33:02,18.16,100,
09:33:04,18.1629,900,
09:33:08,18.166,250,
09:33:09,18.16,100,
09:33:10,18.16,300,
09:33:11,18.1671,1000,
09:33:11,18.16,300,
09:33:11,18.16,300,
09:33:11,18.16,100,
09:33:12,18.16,500,
09:33:15,18.152,317,
09:33:15,18.15,500,
09:33:18,18.151,300,
09:33:18,18.14,300,
09:33:19,18.14,288,
09:33:20,18.14,200,
09:33:21,18.141,400,
09:33:23,18.13,200,
09:33:23,18.13,300,
09:33:24,18.13,300,
09:33:27,18.123,200,
09:33:29,18.13,100,
09:33:29,18.13,300,
09:33:30,18.121,6000,
09:33:33,18.16,300,
09:33:33,18.136,225,
09:33:33,18.1601,100,
09:33:36,18.15,100,
09:33:36,18.15,600,
09:33:36,18.15,100,
09:33:36,18.15,600,
09:33:39,18.15,300,
09:33:39,18.15,300,
09:33:41,18.15,1200,
09:33:41,18.15,1500,
09:33:42,18.1575,2000,
09:33:43,18.14,100,
09:33:43,18.13,340,
09:33:43,18.13,600,
09:33:44,18.12,4210,
09:33:44,18.1371,1101,
09:33:45,18.143,126,
09:33:46,18.1229,600,
09:33:47,18.12,300,
09:33:48,18.13,100,
09:33:48,18.12,400,
09:33:48,18.12,100,
09:33:49,18.123,200,
09:33:52,18.13,100,
09:33:52,18.13,200,
09:33:54,18.122,1100,
09:33:57,18.12,300,
09:33:57,18.12,200,
09:33:58,18.13,300,
09:33:59,18.13,400,
09:34:01,18.14,200,
09:34:01,18.14,100,
09:34:01,18.14,200,
09:34:03,18.145,2000,
09:34:06,18.14,200,
09:34:06,18.1401,600,
09:34:10,18.13,2500,
09:34:12,18.1301,100,
09:34:15,18.1301,450,
09:34:16,18.14,1400,
09:34:16,18.149,4061,
09:34:16,18.1418,600,
09:34:17,18.14,400,
09:34:17,18.14,800,
09:34:18,18.14,1300,
09:34:18,18.13,500,
09:34:19,18.13,200,
09:34:19,18.13,300,
09:34:20,18.1201,2500,
09:34:20,18.13,800,
09:34:21,18.121,1000,
09:34:22,18.13,300,
09:34:22,18.1301,300,
09:34:22,18.1387,100,
09:34:22,18.1301,100,
09:34:27,18.132,1000,
09:34:27,18.14,400,
09:34:28,18.14,300,
09:34:29,18.14,200,
09:34:31,18.13,400,
09:34:33,18.138,200,
09:34:33,18.14,300,
09:34:38,18.15,1000,
09:34:41,18.15,100,
09:34:41,18.15,500,
09:34:42,18.16,300,
09:34:42,18.159,2000,
09:34:43,18.16,300,
09:34:44,18.169,300,
09:34:44,18.169,3100,
09:34:45,18.161,200,
09:34:46,18.169,200,
09:34:48,18.18,900,
09:34:48,18.18,300,
09:34:52,18.21,300,
09:34:52,18.21,1000,
09:34:53,18.2001,400,
09:34:53,18.20,900,
09:34:53,18.20,1100,
09:34:53,18.20,300,
09:34:53,18.19,3000,
09:34:53,18.19,2000,
09:34:53,18.19,500,
09:34:53,18.19,100,
09:34:53,18.19,500,
09:34:53,18.19,142,
09:34:53,18.1901,100,
09:34:54,18.183,200,
09:34:57,18.189,300,
09:34:59,18.18,300,
09:34:59,18.18,800,
09:35:01,18.19,100,
09:35:01,18.19,300,
09:35:01,18.19,2000,
09:35:01,18.20,600,
09:35:01,18.20,300,
09:35:01,18.20,400,
09:35:02,18.1975,2000,
09:35:03,18.20,100,
09:35:03,18.20,300,
09:35:03,18.20,100,
09:35:03,18.20,500,
09:35:06,18.212,1700,
09:35:06,18.21,500,
09:35:06,18.2101,800,
09:35:06,18.22,200,
09:35:07,18.22,200,
09:35:07,18.21,3000,
09:35:07,18.22,2000,
09:35:07,18.21,1000,
09:35:07,18.21,2000,
09:35:07,18.21,1000,
09:35:07,18.21,2000,
09:35:07,18.21,300,
09:35:07,18.21,2500,
09:35:08,18.21,100,
09:35:08,18.22,1500,
09:35:08,18.22,500,
09:35:08,18.22,300,
09:35:08,18.22,200,
09:35:08,18.23,100,
09:35:08,18.23,200,
09:35:09,18.23,250,
09:35:09,18.23,450,
09:35:09,18.22,200,
09:35:10,18.22,200,
09:35:11,18.23,2000,
09:35:11,18.23,200,
09:35:12,18.23,200,
09:35:13,18.23,300,
09:35:15,18.221,2000,
09:35:15,18.2201,3900,
09:35:19,18.22,100,
09:35:21,18.228,500,
09:35:22,18.228,400,
09:35:25,18.22,900,
09:35:26,18.2275,2000,
09:35:27,18.24,300,
09:35:27,18.25,200,
09:35:27,18.25,200,
09:35:29,18.25,100,
09:35:29,18.24,2300,
09:35:29,18.24,300,
09:35:29,18.24,600,
09:35:29,18.24,100,
09:35:30,18.25,400,
09:35:30,18.25,300,
09:35:31,18.245,1000,
09:35:32,18.24,400,
09:35:32,18.24,1100,
09:35:32,18.24,1100,
09:35:32,18.24,100,
09:35:32,18.24,100,
09:35:32,18.25,1643,
09:35:33,18.23,100,
09:35:36,18.248,1000,
09:35:39,18.24,200,
09:35:39,18.24,100,
09:35:39,18.2371,500,
09:35:39,18.2399,1000,
09:35:42,18.225,2000,
09:35:42,18.2375,9300,
09:35:43,18.23,100,
09:35:43,18.21,200,
09:35:44,18.238,300,
09:35:44,18.21,200,
09:35:44,18.21,300,
09:35:45,18.2125,3000,
09:35:45,18.2105,500,
09:35:46,18.21,800,
09:35:46,18.21,300,
09:35:47,18.21,200,
09:35:47,18.20,200,
09:35:48,18.20,200,
09:35:48,18.219,200,
09:35:54,18.2001,1000,
09:35:54,18.20,800,
09:35:55,18.20,3000,
09:35:55,18.20,1400,
09:35:55,18.20,800,
09:35:55,18.2099,1000,
09:35:56,18.2033,300,
09:35:58,18.20,200,
09:35:58,18.20,140,
09:35:58,18.20,300,
09:35:58,18.20,100,
09:35:58,18.20,500,
09:35:58,18.20,3000,
09:35:58,18.2001,1700,
09:35:58,18.20,1200,
09:35:58,18.2001,500,
09:36:00,18.20,1800,
09:36:00,18.20,200,
09:36:00,18.22,700,
09:36:00,18.21,300,
09:36:00,18.22,200,
09:36:00,18.22,500,
09:36:00,18.22,180,
09:36:01,18.22,800,
09:36:01,18.22,3000,
09:36:01,18.21,300,
09:36:02,18.23,300,
09:36:03,18.2295,1000,
09:36:03,18.24,100,
09:36:04,18.25,200,
09:36:04,18.25,100,
09:36:05,18.25,100,
09:36:05,18.2499,100,
09:36:05,18.24,800,
09:36:06,18.24,200,
09:36:06,18.24,700,
09:36:07,18.25,400,
09:36:08,18.25,260,
09:36:08,18.25,100,
09:36:09,18.26,500,
09:36:09,18.26,400,
09:36:09,18.26,400,
09:36:09,18.26,1100,
09:36:09,18.2601,4000,
09:36:10,18.27,970,
09:36:11,18.27,260,
09:36:11,18.26,500,
09:36:11,18.27,500,
09:36:11,18.27,1300,
09:36:11,18.27,200,
09:36:12,18.27,100,
09:36:12,18.27,197,
09:36:12,18.27,197,
09:36:12,18.2601,200,
09:36:12,18.27,100,
09:36:12,18.27,197,
09:36:12,18.26,100,
09:36:13,18.2699,1000,
09:36:13,18.2695,200,
09:36:13,18.27,100,
09:36:15,18.268,1000,
09:36:16,18.25,200,
09:36:16,18.25,100,
09:36:16,18.25,100,
09:36:16,18.26,200,
09:36:16,18.26,100,
09:36:17,18.26,1000,
09:36:17,18.26,280,
09:36:17,18.26,200,
09:36:17,18.26,600,
09:36:17,18.27,200,
09:36:17,18.26,100,
09:36:17,18.26,2000,
09:36:17,18.27,300,
09:36:17,18.27,200,
09:36:17,18.27,2800,
09:36:17,18.27,9000,
09:36:17,18.27,3000,
09:36:17,18.26,100,
09:36:17,18.26,100,
09:36:17,18.28,100,
09:36:20,18.29,300,
09:36:20,18.2899,1200,
09:36:20,18.28,400,
09:36:21,18.287,300,
09:36:21,18.28,700,
09:36:22,18.28,100,
09:36:22,18.28,3000,
09:36:24,18.29,300,
09:36:25,18.29,200,
09:36:25,18.28,300,
09:36:25,18.28,500,
09:36:25,18.28,1000,
09:36:26,18.27,100,
09:36:26,18.27,400,
09:36:26,18.27,100,
09:36:26,18.277,400,
09:36:27,18.26,250,
09:36:27,18.27,1000,
09:36:29,18.26,300,
09:36:30,18.261,1500,
09:36:30,18.263,155,
09:36:32,18.27,100,
09:36:33,18.26,300,
09:36:33,18.26,200,
09:36:33,18.26,100,
09:36:33,18.27,200,
09:36:33,18.26,100,
09:36:33,18.26,200,
09:36:34,18.26,1000,
09:36:34,18.27,200,
09:36:38,18.2701,400,
09:36:40,18.267,150,
09:36:40,18.26,200,
09:36:41,18.2611,600,
09:36:44,18.2615,2000,
09:36:45,18.278,300,
09:36:46,18.28,100,
09:36:47,18.2899,100,
09:36:47,18.2899,100,
09:36:49,18.2811,300,
09:36:49,18.29,140,
09:36:49,18.29,3420,
09:36:49,18.29,300,
09:36:49,18.29,600,
09:36:51,18.29,200,
09:36:54,18.289,2000,
09:36:54,18.28,7600,
09:36:56,18.2707,2300,
09:36:56,18.2701,200,
09:37:11,18.2695,500,
09:37:13,18.25,500,
09:37:13,18.25,100,
09:37:15,18.258,1000,
09:37:15,18.23,200,
09:37:15,18.24,100,
09:37:15,18.23,100,
09:37:20,18.2301,1300,
09:37:21,18.24,400,
09:37:21,18.243,300,
09:37:23,18.27,197,
09:37:23,18.27,100,
09:37:23,18.27,100,
09:37:23,18.27,100,
09:37:25,18.27,200,
09:37:27,18.27,100,
09:37:27,18.27,100,
09:37:27,18.27,100,
09:37:28,18.27,100,
09:37:28,18.27,100,
09:37:28,18.27,100,
09:37:28,18.27,100,
09:37:28,18.26,100,
09:37:28,18.26,267,
09:37:28,18.27,100,
09:37:28,18.27,100,
09:37:29,18.27,100,
09:37:29,18.27,100,
09:37:29,18.2701,2000,
09:37:30,18.27,1100,
09:37:33,18.2671,1000,
09:37:35,18.27,300,
09:37:35,18.27,1400,
09:37:38,18.28,400,
09:37:38,18.28,200,
09:37:39,18.2701,1110,
09:37:42,18.26,200,
09:37:42,18.2501,700,
09:37:42,18.25,100,
09:37:42,18.25,200,
09:37:43,18.26,200,
09:37:43,18.2515,5000,
09:37:43,18.25,100,
09:37:45,18.24,100,
09:37:45,18.2401,200,
09:37:45,18.24,500,
09:37:46,18.2471,500,
09:37:47,18.25,100,
09:37:48,18.2475,3000,
09:37:50,18.25,1900,
09:37:54,18.25,200,
09:37:55,18.25,100,
09:37:55,18.25,400,
09:37:57,18.259,200,
09:37:58,18.24,200,
09:37:58,18.24,1000,
09:37:58,18.24,1600,
09:37:58,18.2401,500,
09:37:58,18.24,600,
09:37:59,18.24,200,
09:38:03,18.2485,2000,
09:38:03,18.24,300,
09:38:03,18.23,2200,
09:38:03,18.23,300,
09:38:03,18.23,100,
09:38:04,18.22,100,
09:38:04,18.22,600,
09:38:05,18.2153,3000,
09:38:17,18.2301,2400,
09:38:17,18.2301,1100,
09:38:17,18.2301,9800,
09:38:18,18.24,1000,
09:38:18,18.239,5000,
09:38:18,18.232,500,
09:38:21,18.27,500,
09:38:22,18.26,300,
09:38:24,18.24,500,
09:38:25,18.23,700,
09:38:31,18.23,200,
09:38:38,18.20,200,
09:38:39,18.20,400,
09:38:42,18.203,250,
09:38:43,18.21,200,
09:38:43,18.20,500,
09:38:43,18.20,300,
09:38:43,18.19,400,
09:38:43,18.19,600,
09:38:44,18.19,600,
09:38:44,18.19,300,
09:38:45,18.197,100,
09:38:46,18.20,100,
09:38:46,18.18,300,
09:38:47,18.19,100,
09:38:48,18.172,200,
09:38:49,18.1805,750,
09:38:49,18.19,300,
09:38:49,18.19,100,
09:38:49,18.19,250,
09:38:50,18.20,300,
09:38:50,18.20,300,
09:38:50,18.20,450,
09:38:50,18.20,250,
09:38:50,18.20,100,
09:38:50,18.20,200,
09:38:50,18.20,200,
09:38:50,18.20,100,
09:38:51,18.20,100,
09:38:57,18.17,300,
09:38:57,18.16,200,
09:39:00,18.17,200,
09:39:00,18.162,600,
09:39:02,18.1702,500,
09:39:03,18.172,500,
09:39:08,18.185,400,
09:39:09,18.19,100,
09:39:10,18.1805,600,
09:39:18,18.188,500,
09:39:20,18.18,200,
09:39:20,18.18,100,
09:39:23,18.18,100,
09:39:24,18.187,440,
09:39:25,18.19,517,
09:39:25,18.20,200,
09:39:25,18.20,100,
09:39:25,18.20,100,
09:39:25,18.20,100,
09:39:25,18.20,100,
09:39:25,18.19,100,
09:39:27,18.1901,200,
09:39:27,18.20,200,
09:39:27,18.19,300,
09:39:29,18.19,200,
09:39:30,18.1999,450,
09:39:32,18.19,200,
09:39:33,18.1968,248,
09:39:34,18.18,250,
09:39:35,18.188,100,
09:39:38,18.17,100,
09:39:39,18.1825,2000,
09:39:40,18.17,400,
09:39:40,18.17,200,
09:39:42,18.161,500,
09:39:44,18.167,200,
09:39:44,18.1601,900,
09:39:44,18.16,200,
09:39:44,18.16,800,
09:39:44,18.1601,100,
09:39:45,18.169,6500,
09:39:48,18.162,1000,
09:39:52,18.163,300,
09:39:54,18.1529,500,
09:39:54,18.1575,2000,
09:39:56,18.1501,500,
09:39:56,18.15,100,
09:39:59,18.1405,1000,
09:40:04,18.152,1000,
09:40:09,18.1599,600,
09:40:09,18.157,100,
09:40:09,18.14,400,
09:40:10,18.14,878,
09:40:13,18.13,500,
09:40:14,18.1225,2000,
09:40:15,18.12,1215,
09:40:15,18.12,300,
09:40:15,18.121,3891,
09:40:16,18.13,600,
09:40:16,18.12,3891,
09:40:16,18.129,200,
09:40:19,18.131,6000,
09:40:20,18.1301,200,
09:40:20,18.1301,1000,
09:40:20,18.1301,100,
09:40:21,18.13,383,
09:40:22,18.14,200,
09:40:22,18.13,300,
09:40:22,18.14,300,
09:40:22,18.14,100,
09:40:22,18.14,100,
09:40:26,18.1429,500,
09:40:27,18.15,200,
09:40:27,18.1501,200,
09:40:27,18.1501,100,
09:40:29,18.153,200,
09:40:31,18.1401,700,
09:40:33,18.15,300,
09:40:39,18.148,1000,
09:40:43,18.15,200,
09:40:43,18.16,100,
09:40:43,18.16,100,
09:40:44,18.17,1500,
09:40:44,18.16,100,
09:40:47,18.17,100,
09:40:47,18.18,100,
09:40:55,18.182,400,
09:40:55,18.1601,2500,
09:40:55,18.16,400,
09:40:58,18.1671,650,
09:41:02,18.167,100,
09:41:03,18.17,100,
09:41:03,18.18,100,
09:41:08,18.17,100,
09:41:10,18.19,200,
09:41:14,18.18,200,
09:41:15,18.1705,500,
09:41:18,18.1605,300,
09:41:20,18.16,100,
09:41:24,18.1599,6000,
09:41:26,18.15,100,
09:41:26,18.15,200,
09:41:26,18.15,100,
09:41:26,18.15,300,
09:41:27,18.16,600,
09:41:27,18.16,300,
09:41:28,18.17,200,
09:41:28,18.17,600,
09:41:28,18.17,600,
09:41:28,18.17,500,
09:41:28,18.17,1100,
09:41:28,18.17,100,
09:41:28,18.17,800,
09:41:28,18.18,500,
09:41:28,18.18,500,
09:41:28,18.18,600,
09:41:28,18.18,1300,
09:41:28,18.18,200,
09:41:28,18.19,300,
09:41:28,18.18,600,
09:41:28,18.18,500,
09:41:28,18.19,300,
09:41:28,18.19,500,
09:41:28,18.19,300,
09:41:28,18.20,1600,
09:41:28,18.20,300,
09:41:28,18.20,1200,
09:41:28,18.20,400,
09:41:28,18.1995,1000,
09:41:30,18.19,400,
09:41:30,18.19,200,
09:41:30,18.19,100,
09:41:31,18.19,100,
09:41:31,18.19,600,
09:41:32,18.19,200,
09:41:33,18.19,400,
09:41:33,18.19,100,
09:41:33,18.18,100,
09:41:33,18.18,1100,
09:41:33,18.18,400,
09:41:33,18.18,500,
09:41:33,18.18,200,
09:41:33,18.18,400,
09:41:33,18.18,100,
09:41:33,18.18,200,
09:41:33,18.19,100,
09:41:33,18.19,300,
09:41:33,18.19,3000,
09:41:33,18.19,100,
09:41:33,18.20,200,
09:41:33,18.20,200,
09:41:33,18.20,800,
09:41:33,18.20,900,
09:41:33,18.18,200,
09:41:33,18.20,700,
09:41:33,18.20,600,
09:41:33,18.19,200,
09:41:33,18.19,100,
09:41:33,18.19,300,
09:41:33,18.19,100,
09:41:33,18.19,200,
09:41:34,18.20,100,
09:41:38,18.2015,2300,
09:41:38,18.20,300,
09:41:38,18.20,200,
09:41:38,18.20,400,
09:41:38,18.19,300,
09:41:38,18.19,800,
09:41:38,18.19,400,
09:41:40,18.20,600,
09:41:40,18.21,500,
09:41:41,18.20,100,
09:41:43,18.20,100,
09:41:45,18.21,400,
09:41:46,18.2029,600,
09:41:49,18.21,100,
09:41:51,18.21,1000,
09:41:55,18.2025,2000,
09:41:55,18.21,300,
09:41:55,18.209,2000,
09:41:58,18.2201,100,
09:42:00,18.22,600,
09:42:01,18.22,800,
09:42:07,18.218,200,
09:42:07,18.2101,150,
09:42:08,18.21,300,
09:42:12,18.2005,100,
09:42:13,18.2098,2000,
09:42:19,18.2025,2000,
09:42:25,18.209,1600,
09:42:28,18.20,1000,
09:42:31,18.21,100,
09:42:31,18.21,100,
09:42:34,18.2199,1000,
09:42:37,18.2011,300,
09:42:41,18.2099,1000,
09:42:41,18.21,400,
09:42:42,18.22,100,
09:42:49,18.208,1000,
09:42:52,18.2071,500,
09:42:56,18.20,559,
09:43:02,18.18,400,
09:43:05,18.18,100,
09:43:05,18.1701,1300,
09:43:05,18.17,1200,
09:43:05,18.16,200,
09:43:05,18.16,200,
09:43:07,18.16,200,
09:43:07,18.162,200,
09:43:08,18.16,400,
09:43:08,18.16,100,
09:43:10,18.17,100,
09:43:10,18.18,300,
09:43:10,18.18,500,
09:43:11,18.17,500,
09:43:14,18.18,100,
09:43:14,18.1805,1000,
09:43:18,18.1871,1000,
09:43:23,18.19,100,
09:43:25,18.181,300,
09:43:34,18.20,2600,
09:43:36,18.1905,1500,
09:43:56,18.21,100,
09:43:57,18.22,600,
09:43:58,18.21,100,
09:43:58,18.21,300,
09:43:59,18.21,200,
09:44:09,18.22,200,
09:44:13,18.203,100,
09:44:15,18.21,300,
09:44:16,18.22,100,
09:44:16,18.22,600,
09:44:17,18.22,200,
09:44:17,18.23,200,
09:44:20,18.23,100,
09:44:20,18.23,800,
09:44:21,18.21,500,
09:44:25,18.2102,300,
09:44:26,18.23,1900,
09:44:26,18.23,300,
09:44:27,18.22,100,
09:44:27,18.22,100,
09:44:27,18.23,300,
09:44:27,18.23,100,
09:44:28,18.23,200,
09:44:31,18.223,400,
09:44:33,18.19,200,
09:44:33,18.19,400,
09:44:33,18.19,300,
09:44:33,18.19,100,
09:44:33,18.19,200,
09:44:33,18.19,1100,
09:44:33,18.19,100,
09:44:33,18.18,100,
09:44:34,18.19,1000,
09:44:34,18.19,1600,
09:44:34,18.21,100,
09:44:34,18.21,300,
09:44:37,18.1995,1500,
09:44:39,18.21,300,
09:44:40,18.22,300,
09:44:40,18.22,200,
09:44:40,18.2199,200,
09:44:43,18.2175,2000,
09:44:46,18.22,1000,
09:44:47,18.21,200,
09:44:47,18.21,200,
09:44:54,18.21,1000,
09:44:58,18.2093,250,
09:45:07,18.22,200,
09:45:08,18.2299,2000,
09:45:11,18.23,100,
09:45:11,18.2301,6000,
09:45:12,18.24,3000,
09:45:16,18.238,1000,
09:45:17,18.24,100,
09:45:18,18.2355,100,
09:45:19,18.2399,400,
09:45:20,18.25,1100,
09:45:22,18.2305,500,
09:45:22,18.24,200,
09:45:24,18.23,100,
09:45:31,18.23,375,
09:45:32,18.23,100,
09:45:32,18.23,200,
09:45:32,18.23,100,
09:45:32,18.23,100,
09:45:36,18.23,174,
09:45:36,18.23,1426,
09:45:37,18.22,200,
09:45:37,18.22,100,
09:45:42,18.22,600,
09:45:45,18.24,600,
09:45:45,18.24,300,
09:45:45,18.24,100,
09:45:45,18.25,100,
09:45:45,18.24,100,
09:45:45,18.25,1500,
09:45:45,18.25,700,
09:45:45,18.25,200,
09:45:45,18.25,100,
09:45:46,18.25,600,
09:45:46,18.25,1000,
09:45:46,18.249,500,
09:45:47,18.2415,3000,
09:45:48,18.25,100,
09:45:49,18.25,100,
09:45:50,18.25,200,
09:45:50,18.2571,500,
09:45:52,18.2502,500,
09:45:52,18.25,1600,
09:45:55,18.244,400,
09:45:59,18.24,100,
09:46:06,18.25,200,
09:46:09,18.25,1000,
09:46:10,18.253,400,
09:46:10,18.26,1000,
09:46:10,18.26,100,
09:46:14,18.27,600,
09:46:14,18.2601,700,
09:46:18,18.26,300,
09:46:18,18.26,189,
09:46:18,18.257,300,
09:46:18,18.25,200,
09:46:18,18.25,100,
09:46:19,18.25,200,
09:46:19,18.26,100,
09:46:19,18.26,200,
09:46:23,18.25,1300,
09:46:23,18.25,600,
09:46:31,18.2571,825,
09:46:32,18.26,300,
09:46:34,18.26,100,
09:46:34,18.26,300,
09:46:34,18.266,1000,
09:46:35,18.26,300,
09:46:36,18.2799,100,
09:46:37,18.27,200,
09:46:38,18.26,100,
09:46:41,18.261,2100,
09:46:43,18.27,500,
09:46:43,18.26,19600,
09:46:44,18.261,2200,
09:46:45,18.27,600,
09:46:45,18.27,100,
09:46:46,18.261,300,
09:46:49,18.2771,1300,
09:46:50,18.2706,370,
09:46:51,18.278,400,
09:46:53,18.27,100,
09:46:53,18.261,100,
09:46:53,18.27,297,
09:46:55,18.268,300,
09:46:56,18.27,200,
09:46:58,18.27,600,
09:46:58,18.28,200,
09:46:58,18.27,200,
09:46:58,18.27,100,
09:46:58,18.27,200,
09:47:07,18.28,200,
09:47:07,18.28,200,
09:47:10,18.28,1300,
09:47:10,18.281,400,
09:47:10,18.281,100,
09:47:11,18.29,700,
09:47:11,18.29,100,
09:47:11,18.29,400,
09:47:11,18.29,500,
09:47:12,18.287,300,
09:47:14,18.288,1200,
09:47:19,18.2823,500,
09:47:19,18.29,197,
09:47:19,18.29,100,
09:47:20,18.2901,1525,
09:47:22,18.299,200,
09:47:22,18.30,200,
09:47:25,18.2871,1000,
09:47:28,18.288,800,
09:47:29,18.29,100,
09:47:29,18.29,200,
09:47:29,18.29,200,
09:47:32,18.2871,560,
09:47:33,18.29,100,
09:47:33,18.29,200,
09:47:34,18.287,200,
09:47:38,18.288,400,
09:47:38,18.27,200,
09:47:40,18.2885,2500,
09:47:41,18.266,8250,
09:47:42,18.27,100,
09:47:44,18.26,100,
09:47:44,18.2701,100,
09:47:48,18.2605,1000,
09:47:48,18.27,200,
09:47:48,18.27,200,
09:47:48,18.27,800,
09:47:48,18.27,200,
09:47:48,18.28,100,
09:47:48,18.28,100,
09:47:48,18.28,300,
09:47:49,18.2705,100,
09:47:54,18.27,100,
09:47:54,18.28,100,
09:47:56,18.278,186,
09:47:59,18.2871,1100,
09:48:01,18.29,1000,
09:48:04,18.29,900,
09:48:04,18.29,700,
09:48:04,18.29,100,
09:48:04,18.29,400,
09:48:04,18.29,100,
09:48:05,18.30,400,
09:48:05,18.30,300,
09:48:05,18.30,199,
09:48:05,18.30,400,
09:48:05,18.30,200,
09:48:05,18.30,470,
09:48:05,18.31,100,
09:48:06,18.35,200,
09:48:06,18.35,200,
09:48:06,18.34,200,
09:48:06,18.35,300,
09:48:06,18.35,200,
09:48:06,18.35,500,
09:48:06,18.35,121,
09:48:06,18.35,400,
09:48:06,18.35,115,
09:48:07,18.35,1100,
09:48:07,18.34,100,
09:48:07,18.34,300,
09:48:07,18.34,1000,
09:48:07,18.338,1000,
09:48:08,18.35,600,
09:48:09,18.34,100,
09:48:09,18.34,100,
09:48:09,18.34,300,
09:48:11,18.342,300,
09:48:11,18.35,200,
09:48:11,18.36,500,
09:48:11,18.35,800,
09:48:11,18.3505,100,
09:48:12,18.35,500,
09:48:13,18.356,100,
09:48:14,18.3505,1000,
09:48:14,18.35,300,
09:48:14,18.34,400,
09:48:14,18.34,200,
09:48:14,18.34,800,
09:48:14,18.34,600,
09:48:14,18.34,200,
09:48:16,18.343,300,
09:48:16,18.34,200,
09:48:16,18.34,300,
09:48:16,18.34,300,
09:48:16,18.34,200,
09:48:16,18.34,200,
09:48:16,18.3411,200,
09:48:20,18.36,100,
09:48:20,18.36,1200,
09:48:20,18.36,200,
09:48:20,18.37,197,
09:48:20,18.37,100,
09:48:22,18.37,7060,
09:48:23,18.368,1800,
09:48:23,18.37,100,
09:48:23,18.37,700,
09:48:24,18.38,100,
09:48:25,18.37,300,
09:48:25,18.37,200,
09:48:25,18.37,120,
09:48:25,18.37,600,
09:48:28,18.351,400,
09:48:28,18.35,7400,
09:48:29,18.3571,600,
09:48:30,18.3502,310,
09:48:30,18.3499,400,
09:48:31,18.3515,2000,
09:48:32,18.3475,2800,
09:48:33,18.341,200,
09:48:33,18.348,300,
09:48:34,18.3499,1000,
09:48:35,18.3499,1400,
09:48:37,18.3415,2600,
09:48:38,18.3401,500,
09:48:40,18.345,100,
09:48:40,18.35,100,
09:48:43,18.3499,100,
09:48:44,18.3446,950,
09:48:44,18.33,300,
09:48:44,18.33,360,
09:48:45,18.3395,1300,
09:48:47,18.34,100,
09:48:47,18.34,200,
09:48:49,18.333,200,
09:48:50,18.35,2600,
09:48:51,18.34,210,
09:48:51,18.33,200,
09:48:58,18.3378,2000,
09:48:59,18.34,100,
09:49:02,18.3401,300,
09:49:03,18.341,200,
09:49:04,18.3401,4000,
09:49:06,18.3401,215,
09:49:07,18.3499,1000,
09:49:08,18.35,2500,
09:49:08,18.35,360,
09:49:08,18.36,300,
09:49:09,18.36,100,
09:49:09,18.36,200,
09:49:09,18.36,800,
09:49:10,18.351,100,
09:49:11,18.36,100,
09:49:12,18.37,200,
09:49:12,18.37,100,
09:49:13,18.37,400,
09:49:16,18.369,6500,
09:49:17,18.3699,1000,
09:49:24,18.3599,1000,
09:49:25,18.358,300,
09:49:26,18.35,100,
09:49:28,18.357,440,
09:49:30,18.3401,500,
09:49:31,18.35,100,
09:49:34,18.348,300,
09:49:37,18.3405,1200,
09:49:38,18.35,100,
09:49:43,18.3578,1000,
09:49:43,18.351,300,
09:49:46,18.33,250,
09:49:48,18.345,1600,
09:49:49,18.348,272,
09:49:50,18.35,600,
09:49:54,18.3405,1700,
09:49:54,18.35,425,
09:49:56,18.3512,225,
09:49:56,18.3599,3000,
09:50:01,18.36,100,
09:50:01,18.36,200,
09:50:02,18.3601,1180,
09:50:05,18.3675,6700,
09:50:05,18.3615,2600,
09:50:05,18.3685,2600,
09:50:08,18.36,1830,
09:50:11,18.36,100,
09:50:12,18.36,2000,
09:50:14,18.351,300,
09:50:14,18.36,200,
09:50:15,18.38,600,
09:50:15,18.38,600,
09:50:15,18.38,600,
09:50:15,18.38,600,
09:50:15,18.38,600,
09:50:15,18.38,600,
09:50:15,18.3711,1800,
09:50:17,18.38,600,
09:50:17,18.38,600,
09:50:19,18.3754,500,
09:50:20,18.37,100,
09:50:20,18.37,100,
09:50:21,18.3601,500,
09:50:22,18.38,500,
09:50:24,18.36,100,
09:50:25,18.362,1000,
09:50:28,18.37,200,
09:50:28,18.37,200,
09:50:32,18.362,1000,
09:50:32,18.37,200,
09:50:32,18.37,200,
09:50:34,18.37,200,
09:50:34,18.37,300,
09:50:34,18.37,200,
09:50:36,18.3705,1000,
09:50:37,18.37,322,
09:50:37,18.37,200,
09:50:37,18.37,697,
09:50:37,18.3622,1200,
09:50:38,18.37,100,
09:50:38,18.37,100,
09:50:38,18.37,200,
09:50:38,18.3715,2000,
09:50:38,18.37,100,
09:50:38,18.37,100,
09:50:39,18.37,500,
09:50:39,18.37,200,
09:50:39,18.37,600,
09:50:41,18.36,250,
09:50:43,18.36,156,
09:50:43,18.36,1600,
09:50:43,18.36,600,
09:50:43,18.36,600,
09:50:43,18.36,294,
09:50:43,18.36,600,
09:50:44,18.37,100,
09:50:44,18.37,100,
09:50:44,18.37,200,
09:50:44,18.37,100,
09:50:44,18.37,500,
09:50:44,18.37,200,
09:50:44,18.37,200,
09:50:45,18.371,400,
09:50:45,18.37,300,
09:50:45,18.37,1600,
09:50:45,18.3701,1600,
09:50:45,18.3701,300,
09:50:45,18.3625,100,
09:50:49,18.37,200,
09:50:49,18.37,400,
09:50:50,18.37,300,
09:50:50,18.37,100,
09:50:53,18.38,500,
09:50:53,18.38,200,
09:50:53,18.38,300,
09:50:53,18.38,100,
09:50:56,18.3701,100,
09:50:58,18.37,200,
09:50:58,18.36,100,
09:50:58,18.361,100,
09:51:01,18.36,100,
09:51:02,18.36,100,
09:51:02,18.369,100,
09:51:04,18.36,1100,
09:51:04,18.36,300,
09:51:04,18.36,600,
09:51:05,18.36,100,
09:51:05,18.36,100,
09:51:06,18.35,600,
09:51:06,18.35,4500,
09:51:10,18.36,100,
09:51:10,18.35,300,
09:51:11,18.35,577,
09:51:14,18.36,100,
09:51:18,18.36,100,
09:51:18,18.36,3000,
09:51:18,18.351,5900,
09:51:18,18.351,500,
09:51:20,18.353,200,
09:51:21,18.36,100,
09:51:21,18.36,400,
09:51:21,18.36,100,
09:51:21,18.36,631,
09:51:23,18.36,100,
09:51:26,18.3601,2600,
09:51:32,18.3601,100,
09:51:32,18.36,100,
09:51:32,18.3601,100,
09:51:34,18.3698,100,
09:51:34,18.37,100,
09:51:34,18.37,300,
09:51:35,18.369,100,
09:51:36,18.37,516,
09:51:36,18.37,200,
09:51:36,18.37,100,
09:51:36,18.361,200,
09:51:42,18.36,200,
09:51:42,18.36,100,
09:51:42,18.36,1600,
09:51:44,18.3601,200,
09:51:46,18.38,600,
09:51:46,18.38,100,
09:51:46,18.38,400,
09:51:47,18.38,2000,
09:51:48,18.3799,2000,
09:51:50,18.38,300,
09:51:50,18.38,4000,
09:51:50,18.38,100,
09:51:50,18.38,200,
09:51:50,18.38,500,
09:51:50,18.38,400,
09:51:50,18.381,200,
09:51:50,18.381,1500,
09:51:53,18.41,200,
09:51:53,18.40,100,
09:51:53,18.39,300,
09:51:55,18.3901,200,
09:51:58,18.40,500,
09:51:58,18.40,300,
09:52:00,18.401,100,
09:52:00,18.41,100,
09:52:02,18.41,100,
09:52:04,18.401,300,
09:52:05,18.41,300,
09:52:05,18.4099,1500,
09:52:05,18.4099,1700,
09:52:05,18.40,600,
09:52:05,18.40,600,
09:52:06,18.401,2200,
09:52:06,18.401,2200,
09:52:08,18.401,400,
09:52:08,18.401,200,
09:52:09,18.41,400,
09:52:09,18.41,100,
09:52:09,18.42,100,
09:52:09,18.41,600,
09:52:09,18.41,700,
09:52:09,18.41,1000,
09:52:09,18.41,400,
09:52:09,18.41,300,
09:52:09,18.41,200,
09:52:09,18.41,120,
09:52:11,18.41,900,
09:52:12,18.401,100,
09:52:13,18.41,180,
09:52:14,18.4105,1000,
09:52:17,18.42,1000,
09:52:19,18.41,200,
09:52:20,18.4182,350,
09:52:21,18.41,200,
09:52:23,18.40,100,
09:52:23,18.41,200,
09:52:26,18.40,100,
09:52:26,18.401,100,
09:52:27,18.3999,100,
09:52:28,18.40,1100,
09:52:28,18.40,700,
09:52:28,18.40,185,
09:52:28,18.40,676,
09:52:28,18.42,200,
09:52:28,18.41,200,
09:52:29,18.41,3000,
09:52:30,18.40,100,
09:52:31,18.4001,5000,
09:52:34,18.401,100,
09:52:36,18.4001,500,
09:52:38,18.409,4000,
09:52:38,18.42,100,
09:52:40,18.411,450,
09:52:41,18.41,200,
09:52:41,18.41,400,
09:52:41,18.41,800,
09:52:41,18.41,100,
09:52:45,18.4195,400,
09:52:46,18.40,300,
09:52:50,18.409,100,
09:52:51,18.40,100,
09:52:52,18.40,100,
09:52:52,18.40,100,
09:52:55,18.4095,1500,
09:52:56,18.4001,2500,
09:52:56,18.401,300,
09:52:57,18.41,100,
09:52:58,18.4098,2000,
09:52:59,18.401,100,
09:53:02,18.401,200,
09:53:04,18.393,200,
09:53:05,18.3901,1000,
09:53:07,18.391,400,
09:53:07,18.40,200,
09:53:08,18.391,300,
09:53:11,18.3818,1300,
09:53:18,18.37,200,
09:53:18,18.37,300,
09:53:18,18.37,300,
09:53:18,18.37,300,
09:53:18,18.37,200,
09:53:18,18.37,1600,
09:53:21,18.36,200,
09:53:21,18.36,300,
09:53:21,18.36,700,
09:53:21,18.36,341,
09:53:21,18.36,200,
09:53:21,18.36,159,
09:53:21,18.36,300,
09:53:21,18.35,1000,
09:53:23,18.36,200,
09:53:23,18.36,150,
09:53:23,18.35,800,
09:53:25,18.35,200,
09:53:25,18.35,1300,
09:53:25,18.35,3000,
09:53:26,18.351,3600,
09:53:26,18.351,500,
09:53:26,18.35,1050,
09:53:26,18.35,1700,
09:53:27,18.36,200,
09:53:27,18.36,200,
09:53:27,18.36,600,
09:53:27,18.36,600,
09:53:27,18.36,500,
09:53:28,18.37,200,
09:53:29,18.36,500,
09:53:29,18.351,100,
09:53:29,18.37,100,
09:53:29,18.36,300,
09:53:29,18.36,100,
09:53:29,18.36,600,
09:53:32,18.361,2400,
09:53:32,18.36,300,
09:53:32,18.36,200,
09:53:32,18.36,300,
09:53:34,18.3699,300,
09:53:34,18.36,100,
09:53:35,18.38,400,
09:53:35,18.38,100,
09:53:35,18.37,500,
09:53:35,18.37,100,
09:53:35,18.38,200,
09:53:35,18.38,200,
09:53:35,18.37,100,
09:53:36,18.3818,500,
09:53:39,18.38,200,
09:53:39,18.371,500,
09:53:40,18.3701,300,
09:53:41,18.381,200,
09:53:41,18.37,300,
09:53:41,18.381,200,
09:53:43,18.3799,125,
09:53:44,18.371,1700,
09:53:44,18.371,200,
09:53:45,18.371,100,
09:53:46,18.371,100,
09:53:47,18.371,500,
09:53:47,18.371,1083,
09:53:47,18.38,100,
09:53:47,18.38,200,
09:53:47,18.38,1500,
09:53:48,18.38,200,
09:53:48,18.38,100,
09:53:48,18.38,200,
09:53:48,18.38,100,
09:53:48,18.38,100,
09:53:48,18.38,500,
09:53:48,18.3801,500,
09:53:48,18.3801,100,
09:53:49,18.39,100,
09:53:51,18.38,100,
09:53:51,18.3801,200,
09:53:51,18.3801,300,
09:53:51,18.38,600,
09:53:51,18.38,300,
09:53:52,18.38,100,
09:53:52,18.38,700,
09:53:52,18.38,200,
09:53:52,18.38,100,
09:53:52,18.38,300,
09:53:52,18.39,200,
09:53:52,18.39,100,
09:53:53,18.389,3000,
09:53:57,18.38,100,
09:53:57,18.38,600,
09:53:59,18.38,200,
09:54:00,18.39,100,
09:54:00,18.38,100,
09:54:00,18.38,300,
09:54:02,18.383,200,
09:54:02,18.381,200,
09:54:03,18.38,100,
09:54:06,18.38,100,
09:54:07,18.37,300,
09:54:07,18.37,700,
09:54:07,18.37,200,
09:54:07,18.37,523,
09:54:07,18.37,100,
09:54:08,18.371,200,
09:54:08,18.371,100,
09:54:08,18.371,100,
09:54:08,18.371,200,
09:54:10,18.38,100,
09:54:11,18.38,100,
09:54:11,18.38,500,
09:54:11,18.38,100,
09:54:11,18.38,800,
09:54:11,18.38,600,
09:54:11,18.38,600,
09:54:11,18.38,200,
09:54:11,18.38,800,
09:54:11,18.38,200,
09:54:11,18.38,300,
09:54:13,18.3818,100,
09:54:14,18.38,200,
09:54:14,18.38,100,
09:54:14,18.38,100,
09:54:15,18.3765,300,
09:54:15,18.37,100,
09:54:21,18.355,700,
09:54:21,18.35,100,
09:54:21,18.35,100,
09:54:21,18.33,200,
09:54:22,18.34,146,
09:54:22,18.34,654,
09:54:23,18.35,500,
09:54:23,18.332,500,
09:54:24,18.351,100,
09:54:26,18.35,100,
09:54:26,18.35,200,
09:54:27,18.35,100,
09:54:28,18.35,200,
09:54:28,18.35,100,
09:54:28,18.36,200,
09:54:28,18.36,600,
09:54:29,18.35,800,
09:54:34,18.341,200,
09:54:34,18.34,100,
09:54:34,18.34,160,
09:54:35,18.341,200,
09:54:35,18.33,100,
09:54:35,18.33,200,
09:54:35,18.33,100,
09:54:35,18.33,400,
09:54:36,18.33,100,
09:54:36,18.32,7000,
09:54:36,18.33,1600,
09:54:36,18.33,100,
09:54:36,18.33,100,
09:54:36,18.32,500,
09:54:37,18.31,1000,
09:54:37,18.3171,1090,
09:54:39,18.31,100,
09:54:39,18.3125,2000,
09:54:40,18.312,300,
09:54:41,18.31,100,
09:54:42,18.32,100,
09:54:42,18.32,200,
09:54:45,18.33,200,
09:54:48,18.332,750,
09:54:49,18.3302,500,
09:54:50,18.3301,600,
09:54:53,18.3375,2170,
09:54:56,18.327,400,
09:54:59,18.3295,1000,
09:55:04,18.3302,1000,
09:55:07,18.35,100,
09:55:07,18.36,1008,
09:55:07,18.3501,1000,
09:55:08,18.35,200,
09:55:08,18.341,200,
09:55:08,18.351,200,
09:55:17,18.3315,5000,
09:55:19,18.34,100,
09:55:19,18.34,200,
09:55:21,18.3301,1200,
09:55:23,18.35,100,
09:55:23,18.36,300,
09:55:23,18.36,100,
09:55:24,18.36,100,
09:55:26,18.36,200,
09:55:27,18.36,200,
09:55:27,18.3482,1000,
09:55:32,18.34,300,
09:55:32,18.34,1300,
09:55:32,18.34,400,
09:55:32,18.3401,500,
09:55:35,18.35,100,
09:55:35,18.35,100,
09:55:35,18.35,100,
09:55:37,18.35,100,
09:55:37,18.35,145,
09:55:37,18.35,200,
09:55:37,18.35,200,
09:55:37,18.35,645,
09:55:38,18.35,300,
09:55:38,18.35,20000,
09:55:38,18.35,400,
09:55:40,18.36,700,
09:55:40,18.36,400,
09:55:40,18.36,100,
09:55:40,18.36,100,
09:55:41,18.35,200,
09:55:41,18.35,100,
09:55:41,18.34,4000,
09:55:44,18.34,100,
09:55:44,18.34,300,
09:55:44,18.34,300,
09:55:48,18.3401,5000,
09:55:51,18.3401,300,
09:55:51,18.34,400,
09:55:51,18.34,600,
09:55:53,18.3401,500,
09:55:53,18.3401,200,
09:55:54,18.34,200,
09:55:54,18.34,1900,
09:55:54,18.34,200,
09:55:54,18.33,1600,
09:55:54,18.33,600,
09:55:54,18.33,1900,
09:55:54,18.33,200,
09:55:54,18.33,400,
09:55:54,18.33,800,
09:55:54,18.33,200,
09:55:54,18.33,1000,
09:55:54,18.33,800,
09:55:54,18.33,100,
09:55:54,18.32,600,
09:55:54,18.32,300,
09:55:54,18.32,600,
09:55:54,18.32,900,
09:55:54,18.32,200,
09:55:54,18.32,300,
09:55:54,18.32,600,
09:55:54,18.32,700,
09:55:54,18.32,200,
09:55:54,18.31,600,
09:55:54,18.31,200,
09:55:54,18.31,500,
09:55:54,18.31,300,
09:55:54,18.31,300,
09:55:54,18.31,2000,
09:55:54,18.31,500,
09:55:54,18.31,1000,
09:55:54,18.31,200,
09:55:55,18.32,400,
09:55:55,18.32,200,
09:55:55,18.32,200,
09:55:55,18.32,700,
09:55:55,18.32,100,
09:55:56,18.32,400,
09:55:58,18.34,180,
09:55:58,18.343,400,
09:56:02,18.35,300,
09:56:02,18.35,400,
09:56:02,18.351,1000,
09:56:04,18.36,100,
09:56:06,18.36,100,
09:56:06,18.36,200,
09:56:06,18.36,100,
09:56:07,18.3601,100,
09:56:07,18.36,400,
09:56:11,18.36,900,
09:56:11,18.361,200,
09:56:21,18.359,150,
09:56:23,18.35,300,
09:56:23,18.35,100,
09:56:25,18.35,400,
09:56:25,18.35,200,
09:56:25,18.35,1000,
09:56:26,18.3471,1200,
09:56:28,18.348,300,
09:56:29,18.35,100,
09:56:30,18.35,200,
09:56:30,18.34,200,
09:56:30,18.34,1000,
09:56:30,18.34,100,
09:56:33,18.349,290,
09:56:35,18.341,300,
09:56:38,18.348,100,
09:56:44,18.34,300,
09:56:50,18.341,300,
09:56:50,18.341,400,
09:56:53,18.347,350,
09:56:55,18.3499,300,
09:56:59,18.34,1700,
09:57:01,18.331,1900,
09:57:02,18.3389,136,
09:57:02,18.33,100,
09:57:03,18.3305,900,
09:57:05,18.331,1150,
09:57:05,18.331,2000,
09:57:10,18.34,400,
09:57:11,18.34,400,
09:57:11,18.34,200,
09:57:11,18.34,259,
09:57:11,18.34,441,
09:57:11,18.35,400,
09:57:13,18.35,300,
09:57:13,18.35,800,
09:57:14,18.34,199,
09:57:16,18.3329,1000,
09:57:22,18.33,100,
09:57:22,18.33,200,
09:57:26,18.33,200,
09:57:28,18.30,1000,
09:57:28,18.29,250,
09:57:28,18.29,1000,
09:57:29,18.31,100,
09:57:29,18.31,300,
09:57:29,18.30,300,
09:57:29,18.30,1500,
09:57:29,18.29,400,
09:57:29,18.31,5000,
09:57:29,18.315,500,
09:57:30,18.32,200,
09:57:32,18.32,300,
09:57:32,18.32,200,
09:57:32,18.32,800,
09:57:32,18.32,200,
09:57:32,18.31,100,
09:57:34,18.32,100,
09:57:34,18.317,300,
09:57:35,18.3105,1500,
09:57:35,18.33,100,
09:57:35,18.32,100,
09:57:36,18.33,200,
09:57:43,18.3329,5500,
09:57:48,18.33,100,
09:57:48,18.33,1900,
09:57:48,18.33,100,
09:57:48,18.32,100,
09:57:48,18.32,667,
09:57:49,18.33,200,
09:57:49,18.33,100,
09:57:49,18.33,100,
09:57:51,18.33,100,
09:57:51,18.33,100,
09:57:51,18.33,400,
09:57:52,18.32,100,
09:58:03,18.33,40000,
09:58:05,18.33,100,
09:58:05,18.33,300,
09:58:05,18.331,100,
09:58:05,18.3371,500,
09:58:06,18.33,1000,
09:58:13,18.321,200,
09:58:14,18.3299,500,
09:58:18,18.321,200,
09:58:19,18.33,800,
09:58:19,18.33,100,
09:58:19,18.33,100,
09:58:19,18.33,200,
09:58:20,18.321,100,
09:58:22,18.32,100,
09:58:22,18.31,1346,
09:58:25,18.3201,2500,
09:58:25,18.3283,150,
09:58:29,18.31,200,
09:58:29,18.31,1900,
09:58:29,18.30,300,
09:58:29,18.30,600,
09:58:30,18.3001,2000,
09:58:30,18.30,400,
09:58:34,18.30,100,
09:58:34,18.29,400,
09:58:34,18.30,800,
09:58:34,18.30,200,
09:58:34,18.30,100,
09:58:34,18.3001,100,
09:58:34,18.30,100,
09:58:34,18.301,100,
09:58:35,18.31,200,
09:58:35,18.31,100,
09:58:35,18.29,300,
09:58:35,18.29,100,
09:58:36,18.313,200,
09:58:40,18.30,100,
09:58:40,18.301,100,
09:58:43,18.3095,283,
09:58:44,18.30,200,
09:58:44,18.30,300,
09:58:45,18.301,700,
09:58:49,18.302,900,
09:58:49,18.3015,6500,
09:58:49,18.30,400,
09:58:49,18.30,500,
09:58:54,18.31,100,
09:58:54,18.31,200,
09:58:54,18.30,100,
09:58:54,18.30,700,
09:58:54,18.31,200,
09:58:57,18.3018,570,
09:58:58,18.31,200,
09:58:58,18.31,1000,
09:59:01,18.32,100,
09:59:03,18.31,100,
09:59:06,18.3199,100,
09:59:09,18.313,206,
09:59:14,18.31,300,
09:59:14,18.31,308,
09:59:14,18.31,400,
09:59:14,18.31,400,
09:59:15,18.30,200,
09:59:15,18.30,200,
09:59:15,18.30,100,
09:59:15,18.30,100,
09:59:21,18.30,200,
09:59:23,18.28,100,
09:59:30,18.285,500,
09:59:33,18.29,100,
09:59:34,18.29,100,
09:59:38,18.29,100,
09:59:39,18.29,200,
09:59:48,18.293,100,
09:59:51,18.30,500,
09:59:51,18.30,100,
09:59:52,18.31,4300,
09:59:52,18.30,513,
09:59:52,18.3001,1600,
09:59:52,18.30,500,
09:59:53,18.31,100,
09:59:55,18.3005,200,
09:59:59,18.30,100,
09:59:59,18.30,100,
09:59:59,18.30,200,
10:00:01,18.34,100,
10:00:02,18.35,100,
10:00:02,18.34,1000,
10:00:03,18.349,900,
10:00:03,18.35,300,
10:00:03,18.35,100,
10:00:04,18.3501,2000,
10:00:06,18.35,9200,
10:00:06,18.352,500,
10:00:13,18.35,400,
10:00:13,18.35,1500,
10:00:14,18.34,130,
10:00:15,18.34,300,
10:00:16,18.35,200,
10:00:16,18.35,300,
10:00:16,18.35,300,
10:00:18,18.348,100,
10:00:20,18.3432,300,
10:00:20,18.3432,300,
10:00:21,18.3433,100,
10:00:21,18.349,3000,
10:00:23,18.34,100,
10:00:27,18.33,100,
10:00:33,18.332,250,
10:00:37,18.34,200,
10:00:37,18.34,300,
10:00:37,18.34,300,
10:00:43,18.347,150,
10:00:44,18.35,400,
10:00:44,18.34,100,
10:00:45,18.3425,2825,
10:00:52,18.33,100,
10:00:53,18.33,200,
10:00:56,18.33,200,
10:00:56,18.33,300,
10:00:56,18.33,100,
10:00:57,18.33,100,
10:00:57,18.33,300,
10:01:00,18.3271,1000,
10:01:06,18.34,700,
10:01:06,18.33,500,
10:01:12,18.329,600,
10:01:16,18.33,500,
10:01:21,18.32,500,
10:01:24,18.3201,100,
10:01:25,18.32,800,
10:01:30,18.31,2000,
10:01:31,18.31,300,
10:01:31,18.31,800,
10:01:31,18.30,295,
10:01:36,18.31,200,
10:01:37,18.31,100,
10:01:38,18.31,100,
10:01:38,18.32,200,
10:01:39,18.301,200,
10:01:44,18.3201,1400,
10:01:48,18.32,100,
10:01:48,18.32,300,
10:01:48,18.32,800,
10:01:54,18.31,100,
10:01:54,18.318,100,
10:01:58,18.31,200,
10:01:58,18.31,200,
10:02:00,18.313,150,
10:02:01,18.31,100,
10:02:08,18.32,100,
10:02:08,18.32,100,
10:02:08,18.32,100,
10:02:08,18.32,100,
10:02:08,18.31,100,
10:02:08,18.31,200,
10:02:10,18.31,200,
10:02:13,18.31,500,
10:02:13,18.31,300,
10:02:18,18.32,100,
10:02:18,18.32,100,
10:02:18,18.32,100,
10:02:19,18.3324,200,
10:02:20,18.32,100,
10:02:21,18.32,800,
10:02:21,18.32,300,
10:02:21,18.32,100,
10:02:23,18.33,828,
10:02:23,18.33,100,
10:02:28,18.3118,1000,
10:02:29,18.31,600,
10:02:29,18.31,100,
10:02:29,18.31,100,
10:02:30,18.3018,128,
10:02:33,18.302,183,
10:02:33,18.31,100,
10:02:33,18.31,100,
10:02:33,18.301,817,
10:02:35,18.33,400,
10:02:35,18.34,200,
10:02:36,18.33,300,
10:02:39,18.32,100,
10:02:39,18.33,1800,
10:02:39,18.33,200,
10:02:39,18.33,100,
10:02:40,18.32,100,
10:02:40,18.32,900,
10:02:40,18.32,100,
10:02:40,18.31,100,
10:02:40,18.31,100,
10:02:40,18.31,100,
10:02:46,18.30,150,
10:02:47,18.30,100,
10:02:47,18.30,100,
10:02:51,18.30,100,
10:02:51,18.30,300,
10:02:51,18.29,100,
10:02:51,18.29,200,
10:02:51,18.29,300,
10:02:51,18.29,150,
10:02:51,18.27,500,
10:02:53,18.28,500,
10:02:54,18.29,400,
10:02:55,18.29,100,
10:02:58,18.29,100,
10:02:58,18.29,100,
10:02:58,18.291,100,
10:03:00,18.2999,100,
10:03:03,18.30,100,
10:03:04,18.30,200,
10:03:04,18.29,400,
10:03:04,18.29,100,
10:03:09,18.28,100,
10:03:11,18.27,100,
10:03:12,18.263,150,
10:03:12,18.26,100,
10:03:12,18.2625,100,
10:03:12,18.2601,100,
10:03:12,18.261,500,
10:03:15,18.25,1200,
10:03:15,18.25,200,
10:03:15,18.25,900,
10:03:15,18.245,500,
10:03:15,18.2499,300,
10:03:17,18.2405,800,
10:03:17,18.25,300,
10:03:18,18.24,400,
10:03:19,18.2502,825,
10:03:21,18.251,155,
10:03:21,18.251,100,
10:03:30,18.26,300,
10:03:32,18.25,100,
10:03:35,18.25,100,
10:03:40,18.25,200,
10:03:40,18.25,200,
10:03:41,18.251,200,
10:03:42,18.2501,100,
10:03:43,18.2511,500,
10:03:46,18.26,100,
10:03:47,18.2601,100,
10:03:48,18.261,100,
10:03:48,18.24,400,
10:03:48,18.24,200,
10:03:48,18.24,100,
10:03:52,18.25,200,
10:03:52,18.2518,1000,
10:03:52,18.26,400,
10:03:56,18.2585,6000,
10:03:58,18.23,100,
10:03:58,18.23,100,
10:03:58,18.23,100,
10:03:58,18.23,300,
10:03:58,18.23,100,
10:03:58,18.23,200,
10:03:58,18.23,500,
10:03:58,18.22,100,
10:03:58,18.22,900,
10:03:58,18.22,1000,
10:03:59,18.221,500,
10:04:00,18.21,1200,
10:04:01,18.22,200,
10:04:01,18.2201,100,
10:04:02,18.221,700,
10:04:02,18.221,2000,
10:04:03,18.21,100,
10:04:03,18.21,500,
10:04:03,18.21,300,
10:04:03,18.21,200,
10:04:03,18.21,100,
10:04:03,18.211,100,
10:04:03,18.211,2900,
10:04:03,18.211,100,
10:04:03,18.21,600,
10:04:03,18.201,400,
10:04:03,18.201,900,
10:04:03,18.201,1000,
10:04:03,18.21,1000,
10:04:04,18.21,200,
10:04:04,18.22,100,
10:04:05,18.22,100,
10:04:05,18.22,200,
10:04:06,18.22,200,
10:04:06,18.22,100,
10:04:06,18.2101,600,
10:04:08,18.2199,2000,
10:04:08,18.20,100,
10:04:08,18.21,200,
10:04:08,18.21,200,
10:04:09,18.20,3000,
10:04:10,18.211,3000,
10:04:11,18.216,9500,
10:04:14,18.22,200,
10:04:14,18.211,100,
10:04:15,18.23,200,
10:04:15,18.22,900,
10:04:15,18.22,200,
10:04:15,18.22,800,
10:04:15,18.22,200,
10:04:15,18.22,500,
10:04:15,18.22,200,
10:04:15,18.21,300,
10:04:18,18.2118,1000,
10:04:21,18.211,100,
10:04:21,18.2001,100,
10:04:22,18.2001,100,
10:04:22,18.2001,100,
10:04:25,18.2095,500,
10:04:25,18.20,100,
10:04:26,18.191,100,
10:04:28,18.1901,1200,
10:04:29,18.19,100,
10:04:34,18.19,500,
10:04:34,18.20,1000,
10:04:35,18.22,400,
10:04:35,18.22,100,
10:04:36,18.2101,100,
10:04:37,18.21,200,
10:04:37,18.2071,500,
10:04:43,18.2005,1000,
10:04:46,18.22,100,
10:04:47,18.21,100,
10:04:47,18.21,100,
10:04:47,18.211,800,
10:04:48,18.22,200,
10:04:51,18.2082,1000,
10:04:53,18.201,300,
10:04:53,18.20,750,
10:04:53,18.20,300,
10:04:54,18.2002,100,
10:04:55,18.20,100,
10:04:55,18.20,100,
10:04:55,18.20,100,
10:04:55,18.20,100,
10:04:56,18.20,8400,
10:04:57,18.208,500,
10:05:01,18.201,200,
10:05:01,18.21,900,
10:05:01,18.21,100,
10:05:01,18.22,200,
10:05:01,18.22,100,
10:05:03,18.22,200,
10:05:03,18.22,600,
10:05:06,18.218,500,
10:05:07,18.211,300,
10:05:10,18.22,100,
10:05:11,18.2201,950,
10:05:12,18.222,950,
10:05:13,18.22,100,
10:05:13,18.22,200,
10:05:13,18.23,300,
10:05:13,18.22,100,
10:05:13,18.2171,1000,
10:05:17,18.23,200,
10:05:18,18.2211,400,
10:05:19,18.23,200,
10:05:22,18.24,200,
10:05:25,18.24,100,
10:05:25,18.24,100,
10:05:27,18.25,600,
10:05:27,18.25,100,
10:05:27,18.25,2000,
10:05:27,18.25,500,
10:05:27,18.25,1800,
10:05:27,18.25,200,
10:05:27,18.25,1000,
10:05:28,18.25,400,
10:05:28,18.25,500,
10:05:35,18.245,4200,
10:05:36,18.25,100,
10:05:36,18.26,400,
10:05:39,18.26,100,
10:05:45,18.26,200,
10:05:45,18.258,500,
10:05:45,18.251,100,
10:05:46,18.25,475,
10:05:46,18.25,475,
10:05:46,18.25,100,
10:05:50,18.2523,500,
10:05:51,18.2675,3025,
10:05:51,18.26,100,
10:05:51,18.27,600,
10:05:51,18.258,500,
10:05:54,18.258,500,
10:05:57,18.26,1000,
10:05:57,18.2538,1000,
10:06:00,18.26,300,
10:06:02,18.25,100,
10:06:02,18.2518,400,
10:06:06,18.231,500,
10:06:09,18.22,100,
10:06:12,18.21,100,
10:06:16,18.22,150,
10:06:16,18.21,200,
10:06:16,18.22,300,
10:06:16,18.21,200,
10:06:16,18.21,1600,
10:06:16,18.21,900,
10:06:16,18.20,100,
10:06:16,18.20,200,
10:06:16,18.20,100,
10:06:18,18.21,200,
10:06:21,18.22,200,
10:06:35,18.2202,200,
10:06:35,18.23,500,
10:06:39,18.222,1000,
10:06:44,18.221,100,
10:06:47,18.22,400,
10:06:47,18.22,485,
10:06:47,18.21,200,
10:06:50,18.2199,1000,
10:06:54,18.2201,800,
10:07:03,18.2211,1200,
10:07:04,18.22,200,
10:07:08,18.2329,1000,
10:07:08,18.2398,800,
10:07:08,18.2398,4300,
10:07:08,18.24,400,
10:07:09,18.23,3000,
10:07:09,18.231,200,
10:07:16,18.241,100,
10:07:23,18.2395,1000,
10:07:24,18.24,900,
10:07:24,18.25,200,
10:07:24,18.25,300,
10:07:24,18.238,1000,
10:07:24,18.25,300,
10:07:27,18.25,200,
10:07:27,18.25,100,
10:07:27,18.25,250,
10:07:27,18.25,350,
10:07:27,18.24,100,
10:07:27,18.24,200,
10:07:27,18.24,300,
10:07:27,18.24,300,
10:07:27,18.24,200,
10:07:27,18.24,900,
10:07:27,18.24,546,
10:07:28,18.24,400,
10:07:28,18.23,395,
10:07:28,18.23,1000,
10:07:29,18.24,200,
10:07:29,18.24,200,
10:07:34,18.23,100,
10:07:34,18.23,100,
10:07:40,18.22,1300,
10:07:41,18.217,1500,
10:07:46,18.22,100,
10:07:46,18.221,500,
10:07:48,18.221,2400,
10:07:59,18.2399,2200,
10:08:06,18.24,112,
10:08:09,18.25,300,
10:08:12,18.25,600,
10:08:12,18.25,704,
10:08:12,18.25,100,
10:08:12,18.24,550,
10:08:12,18.24,1300,
10:08:12,18.24,3000,
10:08:12,18.24,300,
10:08:12,18.24,200,
10:08:12,18.24,500,
10:08:12,18.24,100,
10:08:17,18.23,199,
10:08:17,18.23,550,
10:08:17,18.23,200,
10:08:18,18.24,200,
10:08:19,18.24,100,
10:08:22,18.26,200,
10:08:22,18.25,300,
10:08:22,18.25,200,
10:08:25,18.25,1000,
10:08:26,18.25,200,
10:08:26,18.25,100,
10:08:27,18.25,200,
10:08:27,18.24,100,
10:08:27,18.24,100,
10:08:27,18.24,100,
10:08:27,18.24,200,
10:08:27,18.24,100,
10:08:27,18.24,155,
10:08:28,18.24,200,
10:08:30,18.24,100,
10:08:31,18.24,100,
10:08:39,18.244,300,
10:08:42,18.24,100,
10:08:45,18.24,2400,
10:08:46,18.24,100,
10:08:51,18.236,400,
10:09:00,18.25,700,
10:09:01,18.24,200,
10:09:04,18.2389,500,
10:09:05,18.24,200,
10:09:07,18.23,1000,
10:09:08,18.22,100,
10:09:09,18.21,100,
10:09:14,18.20,300,
10:09:14,18.20,100,
10:09:15,18.20,100,
10:09:19,18.2001,3642,
10:09:19,18.19,400,
10:09:21,18.18,270,
10:09:22,18.181,270,
10:09:22,18.20,300,
10:09:22,18.1925,9990,
10:09:25,18.19,3500,
10:09:25,18.19,252,
10:09:25,18.19,1000,
10:09:25,18.19,150,
10:09:25,18.19,100,
10:09:27,18.18,180,
10:09:27,18.18,180,
10:09:27,18.18,180,
10:09:28,18.193,180,
10:09:34,18.2099,5000,
10:09:35,18.2182,500,
10:09:37,18.2105,150,
10:09:39,18.2098,1500,
10:09:44,18.21,200,
10:09:45,18.2129,500,
10:09:52,18.21,100,
10:09:52,18.21,150,
10:10:01,18.21,500,
10:10:04,18.2089,100,
10:10:08,18.20,300,
10:10:08,18.20,625,
10:10:08,18.20,200,
10:10:17,18.21,230,
10:10:17,18.21,170,
10:10:26,18.23,200,
10:10:26,18.23,100,
10:10:31,18.232,100,
10:10:35,18.24,200,
10:10:38,18.25,100,
10:10:38,18.25,100,
10:10:38,18.25,100,
10:10:38,18.25,744,
10:10:38,18.25,100,
10:10:38,18.25,300,
10:10:42,18.2399,2570,
10:10:44,18.24,100,
10:10:51,18.228,500,
10:10:52,18.23,1000,
10:10:53,18.23,2400,
10:10:55,18.23,100,
10:11:03,18.25,200,
10:11:03,18.25,300,
10:11:03,18.25,200,
10:11:03,18.25,500,
10:11:03,18.25,200,
10:11:04,18.25,100,
10:11:04,18.25,100,
10:11:04,18.25,100,
10:11:05,18.25,100,
10:11:13,18.23,200,
10:11:22,18.22,100,
10:11:22,18.22,600,
10:11:22,18.22,100,
10:11:22,18.21,200,
10:11:22,18.22,2000,
10:11:31,18.22,5000,
10:11:33,18.22,200,
10:11:33,18.22,300,
10:11:35,18.22,285,
10:11:41,18.23,300,
10:11:41,18.23,200,
10:11:41,18.23,100,
10:11:43,18.23,200,
10:11:47,18.205,100,
10:11:54,18.21,100,
10:11:58,18.21,300,
10:12:10,18.203,300,
10:12:14,18.21,200,
10:12:25,18.217,250,
10:12:26,18.21,200,
10:12:31,18.21,200,
10:12:32,18.21,100,
10:12:32,18.21,200,
10:12:34,18.2199,300,
10:12:49,18.202,1000,
10:12:50,18.20,299,
10:12:50,18.20,100,
10:12:51,18.1929,500,
10:12:53,18.191,300,
10:13:00,18.19,100,
10:13:00,18.1901,2000,
10:13:05,18.20,550,
10:13:07,18.201,2000,
10:13:09,18.20,600,
10:13:09,18.20,100,
10:13:09,18.20,200,
10:13:11,18.19,100,
10:13:12,18.19,400,
10:13:13,18.1999,2000,
10:13:14,18.19,1500,
10:13:14,18.19,2600,
10:13:14,18.19,2000,
10:13:14,18.19,400,
10:13:14,18.19,600,
10:13:14,18.19,400,
10:13:14,18.19,200,
10:13:14,18.19,1500,
10:13:14,18.19,600,
10:13:15,18.19,100,
10:13:16,18.19,200,
10:13:17,18.20,700,
10:13:17,18.20,100,
10:13:22,18.20,200,
10:13:23,18.19,100,
10:13:23,18.19,325,
10:13:23,18.19,225,
10:13:23,18.18,400,
10:13:23,18.18,100,
10:13:23,18.18,200,
10:13:25,18.1702,1000,
10:13:26,18.18,500,
10:13:29,18.1795,1000,
10:13:30,18.17,200,
10:13:30,18.17,100,
10:13:30,18.17,120,
10:13:30,18.17,300,
10:13:30,18.17,200,
10:13:30,18.17,100,
10:13:31,18.17,1000,
10:13:32,18.1605,200,
10:13:36,18.17,100,
10:13:36,18.17,100,
10:13:36,18.18,400,
10:13:36,18.18,200,
10:13:36,18.17,200,
10:13:37,18.179,100,
10:13:40,18.19,200,
10:13:41,18.1871,800,
10:13:48,18.17,100,
10:13:54,18.1871,1000,
10:14:01,18.18,200,
10:14:06,18.18,2100,
10:14:06,18.18,100,
10:14:06,18.19,600,
10:14:08,18.19,100,
10:14:08,18.19,600,
10:14:08,18.19,200,
10:14:08,18.19,300,
10:14:10,18.19,200,
10:14:12,18.19,180,
10:14:13,18.191,400,
10:14:20,18.19,100,
10:14:24,18.20,335,
10:14:24,18.207,200,
10:14:26,18.2011,200,
10:14:27,18.2085,2400,
10:14:27,18.20,400,
10:14:28,18.20,100,
10:14:32,18.20,400,
10:14:43,18.201,300,
10:14:43,18.201,300,
10:14:46,18.1911,100,
10:14:50,18.1982,500,
10:15:04,18.19,100,
10:15:10,18.182,1100,
10:15:11,18.18,200,
10:15:14,18.18,200,
10:15:14,18.18,300,
10:15:15,18.17,100,
10:15:15,18.17,200,
10:15:18,18.178,1000,
10:15:19,18.173,400,
10:15:23,18.19,800,
10:15:23,18.19,100,
10:15:23,18.19,100,
10:15:28,18.188,500,
10:15:30,18.18,100,
10:15:43,18.19,100,
10:15:43,18.19,300,
10:15:43,18.19,300,
10:15:43,18.19,200,
10:15:43,18.19,200,
10:15:43,18.19,100,
10:15:43,18.19,100,
10:15:44,18.19,100,
10:15:44,18.19,100,
10:15:46,18.181,591,
10:15:50,18.1885,5000,
10:15:53,18.19,1000,
10:15:55,18.188,1000,
10:15:57,18.19,100,
10:15:57,18.19,300,
10:15:57,18.19,200,
10:16:08,18.20,200,
10:16:08,18.20,100,
10:16:10,18.198,500,
10:16:20,18.19,600,
10:16:20,18.19,200,
10:16:22,18.19,100,
10:16:30,18.18,100,
10:16:30,18.18,100,
10:16:30,18.17,300,
10:16:30,18.17,1100,
10:16:30,18.17,100,
10:16:31,18.17,300,
10:16:32,18.18,100,
10:16:32,18.18,600,
10:16:32,18.18,100,
10:16:32,18.18,100,
10:16:35,18.18,300,
10:16:35,18.18,250,
10:16:35,18.18,150,
10:16:35,18.18,800,
10:16:39,18.18,100,
10:16:39,18.18,1600,
10:16:39,18.18,150,
10:16:41,18.1882,200,
10:17:04,18.1885,2000,
10:17:10,18.179,495,
10:17:18,18.20,100,
10:17:19,18.20,1800,
10:17:23,18.21,449,
10:17:25,18.21,300,
10:17:25,18.21,1200,
10:17:25,18.21,100,
10:17:25,18.21,100,
10:17:26,18.22,200,
10:17:27,18.22,200,
10:17:27,18.22,100,
10:17:31,18.22,100,
10:17:32,18.21,100,
10:17:37,18.21,100,
10:17:41,18.2098,500,
10:17:43,18.208,500,
10:17:51,18.2199,500,
10:17:56,18.2182,1000,
10:18:02,18.20,200,
10:18:02,18.20,200,
10:18:02,18.1957,300,
10:18:03,18.20,100,
10:18:04,18.199,3000,
10:18:11,18.21,700,
10:18:11,18.21,300,
10:18:14,18.2199,1300,
10:18:14,18.2199,200,
10:18:14,18.2199,200,
10:18:14,18.2199,1300,
10:18:15,18.218,500,
10:18:16,18.2171,1000,
10:18:17,18.22,1500,
10:18:21,18.21,100,
10:18:22,18.2099,1100,
10:18:27,18.21,200,
10:18:29,18.21,600,
10:18:33,18.21,100,
10:18:34,18.2099,9000,
10:18:42,18.21,200,
10:18:46,18.219,400,
10:18:46,18.219,100,
10:18:50,18.218,1500,
10:18:50,18.2299,300,
10:18:50,18.2299,100,
10:18:50,18.2299,100,
10:18:55,18.237,400,
10:19:07,18.2299,1000,
10:19:12,18.22,100,
10:19:12,18.22,100,
10:19:19,18.218,800,
10:19:25,18.21,100,
10:19:25,18.21,100,
10:19:25,18.21,100,
10:19:26,18.21,650,
10:19:26,18.21,300,
10:19:26,18.21,300,
10:19:26,18.21,100,
10:19:26,18.21,100,
10:19:26,18.21,100,
10:19:27,18.21,200,
10:19:27,18.20,200,
10:19:27,18.21,100,
10:19:33,18.2088,1000,
10:19:34,18.209,2000,
10:19:43,18.223,133,
10:19:47,18.228,500,
10:19:52,18.22,100,
10:19:52,18.22,200,
10:19:54,18.2099,100,
10:19:58,18.19,200,
10:19:58,18.19,200,
10:19:58,18.20,200,
10:19:58,18.20,100,
10:19:58,18.19,600,
10:19:58,18.20,200,
10:19:58,18.20,200,
10:19:58,18.20,500,
10:19:58,18.19,271,
10:19:59,18.1907,300,
10:20:02,18.20,200,
10:20:05,18.20,300,
10:20:05,18.20,400,
10:20:05,18.20,500,
10:20:06,18.20,200,
10:20:09,18.20,200,
10:20:09,18.19,100,
10:20:11,18.20,100,
10:20:22,18.21,1000,
10:20:29,18.217,200,
10:20:30,18.21,100,
10:20:30,18.21,1800,
10:20:32,18.21,300,
10:20:32,18.22,300,
10:20:32,18.21,300,
10:20:32,18.21,300,
10:20:32,18.22,200,
10:20:32,18.22,500,
10:20:32,18.23,100,
10:20:32,18.22,200,
10:20:32,18.21,200,
10:20:32,18.22,100,
10:20:32,18.22,300,
10:20:32,18.22,100,
10:20:32,18.22,200,
10:20:35,18.2271,1098,
10:20:41,18.22,300,
10:20:41,18.22,100,
10:20:41,18.22,200,
10:20:46,18.2171,1000,
10:20:48,18.22,200,
10:20:48,18.22,1000,
10:20:56,18.23,300,
10:20:56,18.23,200,
10:20:58,18.22,300,
10:20:58,18.22,200,
10:20:58,18.22,100,
10:20:58,18.22,700,
10:20:58,18.22,100,
10:21:10,18.22,1000,
10:21:17,18.23,602,
10:21:17,18.23,150,
10:21:17,18.23,100,
10:21:18,18.24,100,
10:21:21,18.22,100,
10:21:21,18.23,100,
10:21:22,18.23,100,
10:21:22,18.23,200,
10:21:27,18.24,100,
10:21:27,18.25,100,
10:21:27,18.25,100,
10:21:28,18.25,150,
10:21:28,18.24,10000,
10:21:37,18.2395,3000,
10:21:49,18.25,17770,
10:21:53,18.26,200,
10:21:53,18.26,400,
10:22:01,18.25,500,
10:22:02,18.25,800,
10:22:05,18.26,200,
10:22:08,18.25,100,
10:22:10,18.249,900,
10:22:10,18.2475,2000,
10:22:12,18.247,400,
10:22:14,18.2401,3000,
10:22:19,18.248,300,
10:22:28,18.21,1600,
10:22:28,18.21,300,
10:22:28,18.21,100,
10:22:28,18.21,200,
10:22:28,18.21,300,
10:22:28,18.21,500,
10:22:28,18.21,500,
10:22:28,18.21,1100,
10:22:28,18.21,300,
10:22:28,18.21,200,
10:22:28,18.21,300,
10:22:28,18.2299,600,
10:22:38,18.22,1600,
10:22:39,18.23,200,
10:22:39,18.22,500,
10:22:45,18.21,1300,
10:22:45,18.21,800,
10:22:47,18.22,200,
10:22:51,18.23,600,
10:22:53,18.23,200,
10:22:54,18.23,100,
10:22:58,18.228,200,
10:23:10,18.23,300,
10:23:10,18.23,100,
10:23:11,18.24,300,
10:23:12,18.25,500,
10:23:16,18.2499,660,
10:23:23,18.248,1000,
10:23:27,18.25,100,
10:23:28,18.24,100,
10:23:30,18.2389,300,
10:23:34,18.25,100,
10:23:46,18.26,600,
10:23:46,18.26,200,
10:23:46,18.26,200,
10:23:46,18.26,200,
10:23:46,18.26,300,
10:23:52,18.2571,500,
10:23:56,18.24,100,
10:23:58,18.23,400,
10:23:58,18.23,100,
10:23:59,18.23,200,
10:23:59,18.23,1500,
10:23:59,18.23,200,
10:24:03,18.23,900,
10:24:08,18.239,1000,
10:24:16,18.25,900,
10:24:16,18.25,200,
10:24:16,18.25,200,
10:24:16,18.25,300,
10:24:16,18.25,600,
10:24:17,18.24,500,
10:24:17,18.24,800,
10:24:17,18.24,200,
10:24:17,18.24,429,
10:24:17,18.24,100,
10:24:20,18.2345,300,
10:24:24,18.24,100,
10:24:24,18.24,100,
10:24:24,18.24,300,
10:24:24,18.24,200,
10:24:24,18.24,200,
10:24:26,18.25,300,
10:24:29,18.24,300,
10:24:31,18.23,100,
10:24:31,18.23,500,
10:24:31,18.2295,1000,
10:24:34,18.22,100,
10:24:34,18.22,400,
10:24:36,18.2236,100,
10:24:37,18.23,500,
10:24:38,18.227,1600,
10:24:51,18.23,200,
10:24:52,18.23,200,
10:24:57,18.239,1000,
10:25:10,18.228,900,
10:25:11,18.225,1400,
10:25:11,18.22,100,
10:25:12,18.20,200,
10:25:12,18.20,400,
10:25:12,18.20,200,
10:25:12,18.20,100,
10:25:12,18.20,100,
10:25:12,18.20,200,
10:25:12,18.20,300,
10:25:17,18.202,1500,
10:25:22,18.20,800,
10:25:22,18.20,400,
10:25:22,18.20,100,
10:25:34,18.2218,600,
10:25:35,18.22,300,
10:25:38,18.22,100,
10:25:38,18.22,100,
10:25:39,18.22,200,
10:25:47,18.2201,2600,
10:25:52,18.22,100,
10:25:58,18.23,100,
10:26:02,18.222,500,
10:26:05,18.2299,200,
10:26:10,18.2299,2000,
10:26:14,18.201,2000,
10:26:16,18.20,1000,
10:26:23,18.20,12000,
10:26:23,18.2099,100,
10:26:25,18.22,100,
10:26:25,18.22,400,
10:26:25,18.22,100,
10:26:41,18.21,100,
10:26:45,18.22,200,
10:27:04,18.23,100,
10:27:05,18.2222,1000,
10:27:12,18.2118,500,
10:27:16,18.22,100,
10:27:28,18.21,100,
10:27:28,18.21,100,
10:27:28,18.21,600,
10:27:38,18.20,300,
10:27:41,18.21,100,
10:27:41,18.21,300,
10:27:51,18.20,100,
10:27:55,18.20,200,
10:27:55,18.20,100,
10:28:07,18.20,500,
10:28:07,18.20,300,
10:28:10,18.20,300,
10:28:13,18.21,200,
10:28:15,18.21,100,
10:28:29,18.211,300,
10:28:35,18.21,23600,
10:28:45,18.23,1000,
10:28:51,18.22,100,
10:28:52,18.228,1200,
10:28:56,18.22,200,
10:29:07,18.2101,125,
10:29:09,18.22,100,
10:29:14,18.22,170,
10:29:17,18.21,1100,
10:29:17,18.22,300,
10:29:17,18.21,400,
10:29:24,18.2199,800,
10:29:24,18.2187,800,
10:29:31,18.2182,100,
10:29:35,18.212,500,
10:29:35,18.21,100,
10:29:35,18.21,100,
10:29:35,18.21,2307,
10:29:35,18.21,1200,
10:29:41,18.202,700,
10:29:47,18.20,100,
10:29:48,18.20,2400,
10:29:49,18.20,100,
10:29:50,18.202,700,
10:29:50,18.2015,2600,
10:29:53,18.20,300,
10:29:59,18.191,2000,
10:30:05,18.19,100,
10:30:08,18.20,100,
10:30:08,18.21,100,
10:30:08,18.21,300,
10:30:08,18.21,200,
10:30:08,18.21,700,
10:30:09,18.21,100,
10:30:12,18.22,300,
10:30:12,18.22,329,
10:30:21,18.2299,1000,
10:30:24,18.2282,100,
10:30:30,18.22,100,
10:30:34,18.2182,300,
10:30:36,18.2299,200,
10:30:36,18.23,400,
10:30:45,18.2289,500,
10:30:55,18.2382,900,
10:31:02,18.239,300,
10:31:08,18.24,200,
10:31:08,18.24,200,
10:31:08,18.23,100,
10:31:14,18.2399,200,
10:31:20,18.2229,1000,
10:31:21,18.22,700,
10:31:23,18.2182,1000,
10:31:32,18.2199,300,
10:31:39,18.22,100,
10:31:41,18.22,100,
10:31:41,18.23,100,
10:31:41,18.23,100,
10:31:49,18.2295,1000,
10:32:11,18.2276,200,
10:32:20,18.2371,1000,
10:32:22,18.2382,100,
10:32:29,18.237,150,
10:32:35,18.25,200,
10:32:41,18.25,300,
10:32:43,18.25,300,
10:32:43,18.27,200,
10:32:44,18.27,1000,
10:32:44,18.27,1300,
10:32:44,18.27,300,
10:32:44,18.27,100,
10:32:44,18.28,100,
10:32:44,18.28,100,
10:32:44,18.27,200,
10:32:44,18.28,200,
10:32:45,18.27,1900,
10:32:45,18.27,300,
10:32:45,18.27,300,
10:32:45,18.27,100,
10:32:47,18.27,400,
10:32:47,18.27,300,
10:32:49,18.28,100,
10:32:50,18.278,1500,
10:32:54,18.27,200,
10:32:56,18.2729,1500,
10:32:59,18.278,800,
10:33:02,18.28,100,
10:33:04,18.28,800,
10:33:06,18.27,291,
10:33:09,18.28,400,
10:33:10,18.28,650,
10:33:10,18.28,300,
10:33:11,18.29,500,
10:33:11,18.30,600,
10:33:12,18.30,600,
10:33:15,18.29,300,
10:33:20,18.298,800,
10:33:21,18.30,400,
10:33:23,18.298,1375,
10:33:26,18.29,100,
10:33:29,18.30,1000,
10:33:30,18.30,250,
10:33:30,18.29,200,
10:33:35,18.289,250,
10:33:38,18.27,100,
10:33:38,18.287,140,
10:33:40,18.27,100,
10:33:52,18.27,100,
10:33:54,18.28,200,
10:33:54,18.28,200,
10:33:54,18.28,500,
10:33:54,18.29,500,
10:33:57,18.2989,1800,
10:33:57,18.29,300,
10:33:57,18.29,100,
10:33:58,18.29,100,
10:33:58,18.29,200,
10:34:00,18.2918,100,
10:34:02,18.289,100,
10:34:03,18.2889,100,
10:34:08,18.2875,1800,
10:34:09,18.29,100,
10:34:09,18.30,100,
10:34:09,18.28,200,
10:34:09,18.29,100,
10:34:10,18.2815,900,
10:34:12,18.30,500,
10:34:14,18.299,100,
10:34:19,18.309,100,
10:34:19,18.309,100,
10:34:21,18.30,2200,
10:34:21,18.31,500,
10:34:21,18.31,100,
10:34:21,18.31,100,
10:34:21,18.31,100,
10:34:23,18.301,500,
10:34:24,18.309,300,
10:34:25,18.309,100,
10:34:26,18.31,900,
10:34:26,18.31,200,
10:34:26,18.31,751,
10:34:26,18.31,100,
10:34:26,18.31,600,
10:34:26,18.31,100,
10:34:26,18.31,200,
10:34:26,18.32,100,
10:34:26,18.32,500,
10:34:26,18.32,200,
10:34:27,18.313,400,
10:34:27,18.32,400,
10:34:27,18.32,200,
10:34:28,18.3111,500,
10:34:28,18.31,100,
10:34:29,18.3182,1400,
10:34:32,18.319,400,
10:34:33,18.32,100,
10:34:33,18.32,400,
10:34:36,18.319,700,
10:34:37,18.30,100,
10:34:38,18.3089,100,
10:34:39,18.30,100,
10:34:42,18.30,200,
10:34:45,18.31,100,
10:34:47,18.3025,2200,
10:34:49,18.30,200,
10:34:49,18.29,100,
10:34:49,18.29,100,
10:34:49,18.30,400,
10:34:49,18.29,524,
10:34:50,18.30,300,
10:34:56,18.29,100,
10:34:56,18.29,900,
10:35:02,18.31,200,
10:35:02,18.31,100,
10:35:02,18.31,100,
10:35:03,18.31,100,
10:35:06,18.32,100,
10:35:07,18.33,200,
10:35:07,18.33,400,
10:35:09,18.329,500,
10:35:11,18.33,100,
10:35:14,18.327,100,
10:35:18,18.3275,3933,
10:35:18,18.3195,1000,
10:35:19,18.328,1200,
10:35:20,18.322,800,
10:35:23,18.33,200,
10:35:25,18.3275,2000,
10:35:27,18.32,300,
10:35:27,18.32,300,
10:35:27,18.32,500,
10:35:27,18.32,100,
10:35:27,18.32,100,
10:35:27,18.32,600,
10:35:29,18.3282,1000,
10:35:31,18.33,199,
10:35:33,18.32,200,
10:35:33,18.327,200,
10:35:34,18.32,300,
10:35:34,18.3175,2000,
10:35:36,18.33,200,
10:35:36,18.33,100,
10:35:36,18.32,100,
10:35:36,18.32,200,
10:35:36,18.32,150,
10:35:36,18.319,300,
10:35:37,18.32,100,
10:35:38,18.32,900,
10:35:39,18.321,200,
10:35:39,18.321,300,
10:35:41,18.3205,700,
10:35:43,18.33,100,
10:35:43,18.33,100,
10:35:44,18.3299,100,
10:35:48,18.3211,100,
10:35:49,18.32,200,
10:35:50,18.32,100,
10:35:51,18.3199,550,
10:35:52,18.31,100,
10:35:54,18.31,200,
10:35:54,18.31,100,
10:35:54,18.30,1000,
10:35:55,18.30,300,
10:35:55,18.30,200,
10:35:55,18.30,100,
10:36:01,18.31,200,
10:36:01,18.31,353,
10:36:09,18.31,300,
10:36:09,18.30,150,
10:36:13,18.3095,2000,
10:36:15,18.30,500,
10:36:20,18.31,400,
10:36:23,18.31,100,
10:36:23,18.31,200,
10:36:23,18.31,100,
10:36:24,18.31,100,
10:36:29,18.32,300,
10:36:29,18.32,100,
10:36:33,18.315,400,
10:36:36,18.3123,500,
10:36:45,18.3182,250,
10:36:46,18.32,100,
10:36:47,18.33,200,
10:36:47,18.33,100,
10:36:47,18.33,200,
10:36:48,18.32,200,
10:36:50,18.32,200,
10:36:51,18.312,1500,
10:36:53,18.33,100,
10:36:53,18.33,200,
10:36:53,18.33,500,
10:36:53,18.33,100,
10:36:53,18.33,3000,
10:36:53,18.33,1300,
10:36:53,18.33,600,
10:36:53,18.33,600,
10:36:53,18.33,500,
10:36:53,18.33,100,
10:36:54,18.33,200,
10:36:56,18.33,200,
10:36:56,18.33,200,
10:36:58,18.329,200,
10:36:58,18.329,300,
10:37:00,18.329,2300,
10:37:01,18.33,100,
10:37:04,18.33,1000,
10:37:04,18.32,100,
10:37:06,18.331,3800,
10:37:06,18.34,400,
10:37:09,18.3301,118,
10:37:10,18.33,300,
10:37:13,18.3282,250,
10:37:15,18.33,100,
10:37:20,18.3299,2000,
10:37:25,18.3299,600,
10:37:34,18.34,300,
10:37:35,18.35,1300,
10:37:35,18.35,300,
10:37:35,18.35,300,
10:37:36,18.35,100,
10:37:36,18.35,1900,
10:37:36,18.35,300,
10:37:36,18.35,100,
10:37:37,18.34,950,
10:37:37,18.3401,100,
10:37:39,18.341,500,
10:37:46,18.3412,136,
10:37:56,18.3399,600,
10:37:56,18.3399,200,
10:37:58,18.33,100,
10:37:59,18.33,100,
10:38:00,18.333,294,
10:38:00,18.33,200,
10:38:02,18.33,300,
10:38:02,18.33,100,
10:38:02,18.33,600,
10:38:05,18.3205,1000,
10:38:12,18.33,200,
10:38:22,18.3399,1000,
10:38:24,18.33,300,
10:38:25,18.33,200,
10:38:25,18.33,100,
10:38:28,18.33,200,
10:38:31,18.32,100,
10:38:35,18.32,200,
10:38:39,18.318,1189,
10:38:45,18.319,2000,
10:38:49,18.3205,100,
10:38:51,18.31,100,
10:38:51,18.308,500,
10:38:58,18.33,100,
10:39:03,18.32,400,
10:39:04,18.3195,250,
10:39:07,18.3199,1000,
10:39:11,18.3118,500,
10:39:15,18.312,400,
10:39:29,18.32,200,
10:39:29,18.32,1200,
10:39:29,18.32,150,
10:39:32,18.32,100,
10:39:40,18.32,100,
10:39:42,18.32,100,
10:39:52,18.3101,200,
10:39:58,18.31,100,
10:40:01,18.31,200,
10:40:01,18.31,700,
10:40:01,18.31,100,
10:40:02,18.31,100,
10:40:02,18.31,100,
10:40:05,18.315,430,
10:40:06,18.313,400,
10:40:10,18.33,134,
10:40:11,18.3201,2600,
10:40:18,18.3201,4950,
10:40:23,18.34,200,
10:40:23,18.34,200,
10:40:23,18.33,100,
10:40:24,18.34,400,
10:40:24,18.34,100,
10:40:26,18.3398,200,
10:40:29,18.33,400,
10:40:31,18.33,300,
10:40:31,18.33,100,
10:40:44,18.33,100,
10:40:45,18.32,100,
10:40:46,18.31,1900,
10:40:46,18.31,100,
10:40:46,18.30,400,
10:40:46,18.30,400,
10:40:46,18.30,200,
10:40:46,18.30,2550,
10:40:47,18.30,1000,
10:40:47,18.30,600,
10:40:47,18.31,200,
10:40:47,18.30,200,
10:40:47,18.30,600,
10:40:47,18.30,100,
10:40:47,18.30,200,
10:40:49,18.31,100,
10:40:49,18.31,100,
10:40:49,18.31,200,
10:40:51,18.31,1000,
10:40:53,18.3102,600,
10:40:54,18.31,100,
10:40:54,18.31,300,
10:40:54,18.31,283,
10:40:54,18.31,200,
10:40:54,18.3005,620,
10:40:58,18.31,100,
10:40:58,18.3199,518,
10:41:02,18.32,200,
10:41:03,18.312,905,
10:41:09,18.31,600,
10:41:09,18.31,100,
10:41:09,18.31,200,
10:41:18,18.31,400,
10:41:21,18.33,100,
10:41:22,18.33,100,
10:41:25,18.33,1200,
10:41:25,18.33,100,
10:41:30,18.31,300,
10:41:32,18.31,300,
10:41:32,18.31,200,
10:41:35,18.31,500,
10:41:35,18.31,100,
10:41:35,18.31,200,
10:41:36,18.3129,1000,
10:41:36,18.32,600,
10:41:43,18.32,300,
10:41:46,18.32,100,
10:41:46,18.3211,1000,
10:41:47,18.33,100,
10:42:03,18.35,100,
10:42:03,18.35,100,
10:42:07,18.35,100,
10:42:08,18.35,3000,
10:42:09,18.342,600,
10:42:12,18.34,200,
10:42:12,18.34,200,
10:42:12,18.34,1200,
10:42:12,18.35,300,
10:42:16,18.34,300,
10:42:16,18.34,500,
10:42:16,18.34,359,
10:42:16,18.34,400,
10:42:16,18.33,300,
10:42:16,18.34,341,
10:42:16,18.33,141,
10:42:18,18.322,1000,
10:42:21,18.32,100,
10:42:22,18.31,300,
10:42:22,18.31,100,
10:42:23,18.33,100,
10:42:24,18.313,100,
10:42:25,18.32,300,
10:42:25,18.32,100,
10:42:33,18.32,7400,
10:42:36,18.33,100,
10:42:37,18.32,200,
10:42:37,18.32,100,
10:42:37,18.32,100,
10:42:49,18.32,200,
10:42:49,18.32,200,
10:42:54,18.33,200,
10:42:55,18.33,100,
10:43:07,18.31,100,
10:43:13,18.3095,1000,
10:43:23,18.32,300,
10:43:23,18.32,300,
10:43:30,18.328,300,
10:43:37,18.3201,300,
10:43:43,18.33,200,
10:43:43,18.32,300,
10:43:43,18.32,100,
10:43:44,18.32,300,
10:43:44,18.32,100,
10:43:44,18.32,300,
10:43:44,18.32,300,
10:43:44,18.32,600,
10:43:44,18.31,550,
10:43:44,18.32,700,
10:43:44,18.31,650,
10:43:44,18.31,250,
10:43:44,18.31,300,
10:43:44,18.31,200,
10:43:44,18.31,100,
10:43:44,18.31,100,
10:43:44,18.31,400,
10:43:44,18.31,500,
10:43:44,18.31,1000,
10:43:44,18.31,900,
10:43:44,18.31,1900,
10:43:44,18.31,600,
10:43:44,18.31,200,
10:43:50,18.313,220,
10:43:51,18.31,500,
10:43:56,18.31,500,
10:43:59,18.3101,300,
10:43:59,18.3101,300,
10:44:19,18.3002,600,
10:44:27,18.32,100,
10:44:27,18.32,400,
10:44:28,18.3105,100,
10:44:34,18.32,779,
10:44:34,18.32,300,
10:44:34,18.32,600,
10:44:38,18.3182,1000,
10:44:40,18.32,121,
10:44:40,18.32,200,
10:44:43,18.3295,300,
10:44:43,18.3299,100,
10:45:00,18.31,100,
10:45:03,18.3075,2000,
10:45:04,18.30,100,
10:45:04,18.30,100,
10:45:11,18.3071,500,
10:45:17,18.30,230,
10:45:17,18.295,200,
10:45:18,18.30,100,
10:45:20,18.30,200,
10:45:24,18.291,1000,
10:45:25,18.292,600,
10:45:27,18.29,100,
10:45:27,18.28,1000,
10:45:30,18.29,300,
10:45:33,18.30,100,
10:45:33,18.30,100,
10:45:33,18.30,100,
10:45:33,18.31,200,
10:45:33,18.31,150,
10:45:33,18.31,100,
10:45:33,18.30,300,
10:45:33,18.3018,1000,
10:45:38,18.31,100,
10:45:43,18.31,300,
10:45:44,18.34,100,
10:45:44,18.34,100,
10:45:45,18.34,376,
10:45:45,18.34,711,
10:45:45,18.33,200,
10:45:45,18.33,200,
10:45:45,18.33,200,
10:45:48,18.33,300,
10:45:50,18.34,300,
10:45:50,18.34,100,
10:45:51,18.3315,600,
10:45:51,18.33,200,
10:45:59,18.34,1800,
10:46:01,18.35,200,
10:46:01,18.34,300,
10:46:01,18.35,600,
10:46:06,18.35,350,
10:46:06,18.3499,150,
10:46:09,18.3395,100,
10:46:15,18.3395,500,
10:46:18,18.33,166,
10:46:18,18.33,166,
10:46:21,18.33,300,
10:46:21,18.33,200,
10:46:24,18.33,1000,
10:46:24,18.327,150,
10:46:28,18.3282,1000,
10:46:29,18.32,100,
10:46:34,18.318,500,
10:46:38,18.33,300,
10:46:45,18.33,100,
10:46:49,18.3299,500,
10:46:56,18.3105,1000,
10:47:00,18.31,100,
10:47:02,18.30,300,
10:47:02,18.30,350,
10:47:02,18.30,200,
10:47:02,18.30,100,
10:47:02,18.30,600,
10:47:03,18.31,100,
10:47:03,18.31,300,
10:47:03,18.3151,201,
10:47:05,18.3129,500,
10:47:10,18.32,400,
10:47:10,18.32,1000,
10:47:13,18.323,100,
10:47:18,18.3282,580,
10:47:24,18.328,200,
10:47:28,18.327,450,
10:47:46,18.322,1375,
10:47:52,18.3301,3000,
10:47:55,18.33,100,
10:48:01,18.32,300,
10:48:11,18.3082,105,
10:48:21,18.32,100,
10:48:21,18.32,200,
10:48:21,18.32,100,
10:48:22,18.3011,140,
10:48:23,18.30,200,
10:48:23,18.30,300,
10:48:23,18.30,100,
10:48:23,18.30,200,
10:48:23,18.30,100,
10:48:24,18.2982,220,
10:48:27,18.30,100,
10:48:27,18.30,100,
10:48:28,18.31,600,
10:48:28,18.31,100,
10:48:31,18.32,100,
10:48:31,18.32,100,
10:48:31,18.32,300,
10:48:31,18.3187,1000,
10:48:31,18.32,100,
10:48:35,18.31,200,
10:48:37,18.30,100,
10:48:40,18.2999,500,
10:48:51,18.3001,20000,
10:48:52,18.302,200,
10:48:58,18.3101,200,
10:49:16,18.32,100,
10:49:16,18.32,200,
10:49:16,18.31,100,
10:49:16,18.31,200,
10:49:16,18.32,400,
10:49:17,18.31,100,
10:49:26,18.30,100,
10:49:38,18.297,250,
10:49:50,18.29,300,
10:49:50,18.29,500,
10:49:51,18.293,200,
10:49:52,18.292,800,
10:49:54,18.291,150,
10:49:55,18.291,100,
10:50:06,18.28,700,
10:50:06,18.29,100,
10:50:06,18.29,4000,
10:50:08,18.28,300,
10:50:08,18.285,400,
10:50:10,18.28,252,
10:50:14,18.28,200,
10:50:15,18.28,100,
10:50:18,18.28,500,
10:50:28,18.2701,100,
10:50:29,18.27,100,
10:50:29,18.27,100,
10:50:32,18.283,350,
10:50:42,18.2871,700,
10:50:44,18.28,150,
10:50:56,18.29,100,
10:51:03,18.287,200,
10:51:08,18.29,100,
10:51:09,18.29,100,
10:51:24,18.29,200,
10:51:31,18.2899,300,
10:51:39,18.28,100,
10:51:51,18.2705,500,
10:52:01,18.28,100,
10:52:01,18.28,100,
10:52:01,18.2799,2000,
10:52:09,18.2729,1098,
10:52:13,18.27,1500,
10:52:13,18.25,1000,
10:52:14,18.2501,1000,
10:52:14,18.25,700,
10:52:16,18.2601,300,
10:52:16,18.26,300,
10:52:16,18.25,1500,
10:52:19,18.27,100,
10:52:20,18.261,2600,
10:52:21,18.26,400,
10:52:23,18.263,250,
10:52:29,18.2689,100,
10:52:30,18.27,800,
10:52:30,18.28,200,
10:52:30,18.28,700,
10:52:47,18.26,100,
10:52:55,18.2518,1000,
10:52:55,18.25,300,
10:52:55,18.25,100,
10:52:57,18.25,100,
10:52:57,18.25,500,
10:52:57,18.25,4000,
10:52:58,18.25,200,
10:52:58,18.25,200,
10:53:03,18.25,200,
10:53:03,18.25,1500,
10:53:03,18.25,100,
10:53:03,18.25,1000,
10:53:04,18.26,20000,
10:53:06,18.25,600,
10:53:11,18.25,300,
10:53:11,18.25,350,
10:53:25,18.258,200,
10:53:35,18.2405,500,
10:53:39,18.2301,1800,
10:53:40,18.243,200,
10:53:52,18.235,800,
10:53:58,18.23,6000,
10:54:02,18.2305,1000,
10:54:04,18.23,500,
10:54:07,18.23,100,
10:54:10,18.2218,1000,
10:54:11,18.2218,1400,
10:54:12,18.2201,400,
10:54:12,18.2201,500,
10:54:12,18.2201,500,
10:54:12,18.2201,800,
10:54:12,18.2201,500,
10:54:12,18.2201,1000,
10:54:12,18.2201,600,
10:54:12,18.2201,700,
10:54:13,18.2399,700,
10:54:20,18.2499,1100,
10:54:23,18.25,100,
10:54:25,18.248,900,
10:54:32,18.24,200,
10:54:34,18.22,300,
10:54:34,18.22,100,
10:54:34,18.22,100,
10:54:34,18.22,100,
10:54:35,18.22,200,
10:54:36,18.22,200,
10:54:39,18.22,200,
10:54:49,18.22,1100,
10:54:49,18.2201,2200,
10:54:49,18.22,1800,
10:54:49,18.22,100,
10:54:49,18.2271,500,
10:54:49,18.22,500,
10:54:53,18.21,100,
10:54:53,18.21,700,
10:54:53,18.21,200,
10:54:53,18.21,1100,
10:54:53,18.21,3000,
10:54:53,18.21,200,
10:54:53,18.21,125,
10:54:53,18.20,100,
10:54:53,18.20,100,
10:54:53,18.21,400,
10:54:53,18.201,2000,
10:54:53,18.21,200,
10:54:55,18.211,6000,
10:54:58,18.21,800,
10:54:58,18.21,500,
10:55:03,18.2101,2000,
10:55:05,18.22,100,
10:55:05,18.22,200,
10:55:06,18.22,400,
10:55:09,18.22,100,
10:55:13,18.228,1000,
10:55:16,18.21,1300,
10:55:16,18.21,100,
10:55:16,18.21,250,
10:55:17,18.22,300,
10:55:27,18.2105,500,
10:55:34,18.21,500,
10:55:44,18.22,100,
10:55:44,18.2218,250,
10:55:45,18.23,200,
10:55:45,18.23,1000,
10:55:45,18.23,600,
10:55:45,18.23,100,
10:55:45,18.23,300,
10:55:45,18.23,350,
10:55:45,18.23,100,
10:55:45,18.23,400,
10:55:45,18.23,100,
10:55:45,18.23,400,
10:55:46,18.23,200,
10:55:46,18.23,100,
10:55:49,18.23,100,
10:55:49,18.23,300,
10:55:53,18.23,100,
10:55:54,18.23,600,
10:55:54,18.23,100,
10:55:58,18.23,100,
10:56:04,18.2225,3500,
10:56:16,18.222,500,
10:56:17,18.226,500,
10:56:36,18.23,100,
10:56:49,18.21,200,
10:56:58,18.2199,1000,
10:56:58,18.21,100,
10:57:00,18.21,200,
10:57:00,18.21,100,
10:57:04,18.202,1000,
10:57:05,18.20,1000,
10:57:07,18.20,500,
10:57:07,18.202,4284,
10:57:12,18.22,100,
10:57:37,18.2129,1000,
10:57:40,18.2299,400,
10:57:44,18.23,100,
10:57:46,18.23,300,
10:57:46,18.23,700,
10:57:46,18.2311,300,
10:57:51,18.2129,1000,
10:57:52,18.219,140,
10:57:55,18.222,100,
10:58:00,18.2271,1000,
10:58:01,18.23,100,
10:58:01,18.23,300,
10:58:01,18.23,200,
10:58:01,18.23,200,
10:58:05,18.2229,500,
10:58:16,18.22,600,
10:58:16,18.22,800,
10:58:16,18.22,500,
10:58:16,18.2201,7055,
10:58:19,18.23,300,
10:58:19,18.23,200,
10:58:19,18.23,100,
10:58:19,18.23,400,
10:58:19,18.23,400,
10:58:19,18.23,600,
10:58:19,18.23,100,
10:58:19,18.23,400,
10:58:19,18.23,1500,
10:58:19,18.23,100,
10:58:19,18.23,400,
10:58:20,18.23,400,
10:58:20,18.23,145,
10:58:20,18.23,645,
10:58:21,18.23,400,
10:58:22,18.23,1600,
10:58:23,18.24,400,
10:58:28,18.24,300,
10:58:28,18.23,100,
10:58:28,18.23,300,
10:58:29,18.2301,100,
10:58:29,18.2399,500,
10:58:35,18.2471,1500,
10:58:38,18.24,400,
10:58:38,18.24,300,
10:58:38,18.24,100,
10:58:38,18.24,200,
10:58:38,18.24,300,
10:58:38,18.24,300,
10:58:38,18.24,300,
10:58:38,18.24,300,
10:58:38,18.24,101,
10:58:38,18.25,300,
10:58:38,18.24,100,
10:58:42,18.242,2000,
10:58:44,18.25,500,
10:58:45,18.2411,1000,
10:58:50,18.2445,1500,
10:58:52,18.24,100,
10:58:52,18.24,500,
10:58:52,18.24,1100,
10:58:53,18.24,100,
10:59:05,18.24,100,
10:59:09,18.2301,100,
10:59:16,18.23,100,
10:59:16,18.23,500,
10:59:16,18.2282,1800,
10:59:22,18.23,200,
10:59:22,18.23,100,
10:59:23,18.229,1600,
10:59:41,18.22,100,
10:59:43,18.22,100,
10:59:44,18.22,400,
10:59:44,18.22,300,
10:59:45,18.2299,2000,
10:59:46,18.22,100,
10:59:46,18.22,100,
10:59:46,18.22,300,
10:59:58,18.22,100,
10:59:58,18.22,300,
11:00:10,18.22,100,
11:00:18,18.25,100,
11:00:18,18.26,100,
11:00:19,18.26,400,
11:00:20,18.25,100,
11:00:24,18.25,200,
11:00:24,18.25,300,
11:00:24,18.24,200,
11:00:24,18.25,200,
11:00:24,18.24,100,
11:00:25,18.24,300,
11:00:25,18.24,100,
11:00:26,18.24,200,
11:00:26,18.24,200,
11:00:27,18.25,600,
11:00:27,18.2599,1100,
11:00:31,18.25,200,
11:00:34,18.26,100,
11:00:34,18.26,100,
11:00:41,18.269,5927,
11:00:47,18.25,200,
11:00:47,18.25,2400,
11:00:47,18.25,100,
11:01:01,18.24,100,
11:01:01,18.24,200,
11:01:01,18.24,700,
11:01:01,18.24,200,
11:01:01,18.24,700,
11:01:04,18.25,600,
11:01:04,18.25,400,
11:01:05,18.25,100,
11:01:08,18.25,100,
11:01:10,18.24,400,
11:01:10,18.24,100,
11:01:16,18.24,200,
11:01:17,18.25,700,
11:01:22,18.25,200,
11:01:29,18.24,199,
11:01:38,18.26,100,
11:01:40,18.26,200,
11:01:42,18.26,300,
11:01:44,18.258,500,
11:01:51,18.28,300,
11:01:51,18.28,299,
11:01:51,18.28,300,
11:01:51,18.28,100,
11:01:51,18.28,200,
11:01:51,18.28,299,
11:01:51,18.28,300,
11:01:55,18.28,100,
11:02:02,18.2799,4500,
11:02:07,18.26,200,
11:02:07,18.26,400,
11:02:07,18.26,100,
11:02:07,18.26,300,
11:02:07,18.26,1300,
11:02:09,18.25,100,
11:02:14,18.26,100,
11:02:14,18.26,200,
11:02:14,18.26,100,
11:02:35,18.26,5000,
11:02:40,18.27,34000,
11:02:52,18.26,200,
11:02:52,18.26,500,
11:02:52,18.26,100,
11:02:52,18.26,100,
11:02:52,18.26,100,
11:02:52,18.26,100,
11:02:52,18.26,500,
11:03:02,18.27,1200,
11:03:08,18.26,101,
11:03:12,18.26,117,
11:03:12,18.26,100,
11:03:14,18.2495,135,
11:03:18,18.22,600,
11:03:19,18.22,400,
11:03:19,18.22,100,
11:03:19,18.22,100,
11:03:19,18.22,372,
11:03:19,18.2201,500,
11:03:22,18.23,200,
11:03:27,18.22,200,
11:03:30,18.2201,1900,
11:03:38,18.22,1100,
11:03:40,18.22,100,
11:03:42,18.2101,2000,
11:03:44,18.21,200,
11:03:44,18.21,350,
11:03:44,18.21,100,
11:03:44,18.21,300,
11:03:44,18.21,300,
11:03:44,18.21,100,
11:03:44,18.21,200,
11:03:44,18.21,100,
11:03:44,18.21,100,
11:03:44,18.20,100,
11:03:44,18.21,400,
11:03:44,18.20,100,
11:03:44,18.20,154,
11:03:44,18.20,296,
11:03:44,18.20,200,
11:03:44,18.21,400,
11:03:44,18.21,100,
11:03:45,18.20,100,
11:03:47,18.19,300,
11:03:49,18.18,500,
11:03:49,18.18,200,
11:03:52,18.18,200,
11:03:53,18.18,200,
11:03:53,18.18,100,
11:03:55,18.18,334,
11:03:55,18.18,333,
11:03:56,18.18,500,
11:03:57,18.17,100,
11:03:57,18.17,100,
11:03:57,18.17,100,
11:03:58,18.18,200,
11:03:58,18.17,200,
11:03:58,18.17,100,
11:03:58,18.17,1900,
11:03:58,18.17,200,
11:03:58,18.17,200,
11:03:59,18.17,100,
11:03:59,18.18,100,
11:03:59,18.18,100,
11:03:59,18.17,200,
11:04:00,18.17,100,
11:04:00,18.17,100,
11:04:01,18.18,200,
11:04:08,18.17,100,
11:04:08,18.16,100,
11:04:08,18.1601,600,
11:04:10,18.17,600,
11:04:17,18.17,100,
11:04:30,18.17,400,
11:04:30,18.17,100,
11:04:30,18.17,100,
11:04:30,18.18,200,
11:04:36,18.17,200,
11:04:42,18.1695,500,
11:04:45,18.1654,1000,
11:04:50,18.17,1000,
11:04:54,18.16,1500,
11:04:56,18.17,300,
11:05:05,18.1689,250,
11:05:05,18.17,100,
11:05:05,18.16,200,
11:05:05,18.1675,2000,
11:05:06,18.15,100,
11:05:06,18.15,200,
11:05:06,18.15,100,
11:05:06,18.15,2000,
11:05:06,18.15,300,
11:05:06,18.15,400,
11:05:06,18.15,200,
11:05:06,18.14,1000,
11:05:06,18.15,100,
11:05:06,18.14,800,
11:05:06,18.14,2100,
11:05:06,18.141,100,
11:05:06,18.14,200,
11:05:06,18.141,200,
11:05:07,18.13,1400,
11:05:07,18.14,100,
11:05:07,18.135,475,
11:05:08,18.13,600,
11:05:08,18.13,100,
11:05:08,18.13,200,
11:05:08,18.1301,1450,
11:05:08,18.15,270,
11:05:08,18.13,800,
11:05:08,18.14,100,
11:05:08,18.14,100,
11:05:09,18.13,300,
11:05:11,18.13,400,
11:05:13,18.135,145,
11:05:16,18.13,200,
11:05:17,18.12,100,
11:05:19,18.121,400,
11:05:19,18.121,400,
11:05:19,18.13,400,
11:05:19,18.121,500,
11:05:20,18.12,400,
11:05:20,18.121,400,
11:05:21,18.1285,2000,
11:05:21,18.13,100,
11:05:23,18.12,900,
11:05:23,18.12,500,
11:05:23,18.12,300,
11:05:23,18.11,750,
11:05:23,18.11,500,
11:05:23,18.11,100,
11:05:23,18.10,3000,
11:05:23,18.11,800,
11:05:23,18.11,300,
11:05:23,18.11,400,
11:05:23,18.11,1100,
11:05:23,18.11,200,
11:05:23,18.11,200,
11:05:23,18.11,1900,
11:05:23,18.11,800,
11:05:23,18.09,2000,
11:05:23,18.09,3000,
11:05:23,18.11,300,
11:05:23,18.11,200,
11:05:23,18.11,200,
11:05:23,18.11,1000,
11:05:23,18.10,200,
11:05:23,18.10,1900,
11:05:23,18.10,800,
11:05:23,18.09,1400,
11:05:23,18.09,300,
11:05:23,18.09,100,
11:05:23,18.10,1500,
11:05:23,18.10,600,
11:05:23,18.10,500,
11:05:23,18.10,300,
11:05:23,18.10,900,
11:05:23,18.09,298,
11:05:23,18.09,900,
11:05:23,18.09,300,
11:05:23,18.09,3000,
11:05:23,18.09,500,
11:05:23,18.11,200,
11:05:23,18.09,100,
11:05:23,18.08,500,
11:05:23,18.08,500,
11:05:23,18.08,500,
11:05:23,18.09,2000,
11:05:23,18.10,2600,
11:05:23,18.09,200,
11:05:23,18.09,500,
11:05:23,18.09,600,
11:05:23,18.09,1098,
11:05:23,18.10,100,
11:05:23,18.08,498,
11:05:23,18.08,200,
11:05:23,18.08,300,
11:05:23,18.09,102,
11:05:23,18.10,200,
11:05:23,18.08,698,
11:05:23,18.08,300,
11:05:23,18.09,200,
11:05:23,18.09,400,
11:05:23,18.09,1600,
11:05:23,18.09,188,
11:05:23,18.09,900,
11:05:23,18.09,300,
11:05:23,18.09,200,
11:05:23,18.09,200,
11:05:23,18.09,100,
11:05:23,18.10,200,
11:05:23,18.09,200,
11:05:23,18.09,120,
11:05:23,18.09,400,
11:05:23,18.10,100,
11:05:23,18.10,300,
11:05:23,18.10,300,
11:05:23,18.10,800,
11:05:23,18.10,200,
11:05:23,18.10,600,
11:05:23,18.10,100,
11:05:23,18.10,100,
11:05:23,18.11,100,
11:05:23,18.10,100,
11:05:23,18.10,500,
11:05:24,18.10,300,
11:05:24,18.10,324,
11:05:24,18.09,600,
11:05:24,18.10,1799,
11:05:24,18.10,100,
11:05:24,18.11,200,
11:05:24,18.11,1900,
11:05:24,18.11,350,
11:05:24,18.11,300,
11:05:24,18.11,200,
11:05:24,18.11,500,
11:05:24,18.11,850,
11:05:24,18.09,500,
11:05:24,18.09,1000,
11:05:24,18.11,200,
11:05:24,18.10,100,
11:05:24,18.11,100,
11:05:24,18.103,200,
11:05:25,18.101,200,
11:05:25,18.101,200,
11:05:26,18.10,1000,
11:05:26,18.10,500,
11:05:26,18.09,700,
11:05:26,18.101,1000,
11:05:27,18.105,400,
11:05:29,18.10,300,
11:05:30,18.10,391,
11:05:32,18.101,1500,
11:05:32,18.101,500,
11:05:32,18.10,500,
11:05:33,18.11,200,
11:05:33,18.11,100,
11:05:35,18.10,1080,
11:05:35,18.10,300,
11:05:35,18.10,1000,
11:05:36,18.1029,1000,
11:05:38,18.101,524,
11:05:38,18.101,160,
11:05:40,18.1001,4600,
11:05:40,18.10,200,
11:05:41,18.0975,2000,
11:05:41,18.11,300,
11:05:41,18.10,800,
11:05:43,18.1099,630,
11:05:46,18.101,385,
11:05:46,18.107,300,
11:05:47,18.101,100,
11:05:47,18.10,100,
11:05:47,18.10,373,
11:05:50,18.099,200,
11:05:50,18.10,100,
11:05:50,18.0975,2800,
11:05:50,18.10,200,
11:05:50,18.0999,800,
11:05:52,18.11,2700,
11:05:52,18.11,100,
11:05:52,18.11,300,
11:05:58,18.12,10000,
11:06:00,18.1101,2000,
11:06:03,18.1005,135,
11:06:05,18.1065,400,
11:06:07,18.10,100,
11:06:11,18.10,100,
11:06:12,18.11,300,
11:06:12,18.11,850,
11:06:12,18.11,300,
11:06:13,18.1105,250,
11:06:14,18.1199,1100,
11:06:18,18.12,200,
11:06:18,18.13,100,
11:06:18,18.12,100,
11:06:18,18.12,200,
11:06:18,18.12,300,
11:06:18,18.12,100,
11:06:20,18.1199,4700,
11:06:21,18.12,400,
11:06:27,18.11,200,
11:06:31,18.1101,300,
11:06:31,18.12,300,
11:06:31,18.12,200,
11:06:32,18.10,1000,
11:06:32,18.10,949,
11:06:34,18.11,100,
11:06:42,18.14,200,
11:06:42,18.14,300,
11:06:42,18.14,300,
11:06:42,18.14,200,
11:06:42,18.14,100,
11:06:42,18.13,600,
11:06:42,18.14,1000,
11:06:42,18.14,500,
11:06:42,18.14,300,
11:06:42,18.14,400,
11:06:42,18.13,1000,
11:06:42,18.13,100,
11:06:42,18.15,300,
11:06:43,18.14,100,
11:06:43,18.14,200,
11:06:43,18.14,1042,
11:06:43,18.137,200,
11:06:44,18.131,500,
11:06:47,18.131,100,
11:06:47,18.139,1800,
11:06:49,18.13,200,
11:06:57,18.13,300,
11:06:59,18.138,1000,
11:07:02,18.131,3000,
11:07:05,18.15,200,
11:07:05,18.15,200,
11:07:05,18.15,300,
11:07:05,18.15,900,
11:07:07,18.14,100,
11:07:09,18.14,100,
11:07:09,18.14,100,
11:07:23,18.138,500,
11:07:29,18.13,300,
11:07:35,18.1399,500,
11:07:57,18.14,100,
11:08:06,18.1395,1000,
11:08:14,18.14,1000,
11:08:16,18.148,1000,
11:08:28,18.14,100,
11:08:30,18.15,200,
11:08:30,18.15,300,
11:08:47,18.14,300,
11:08:47,18.14,100,
11:08:48,18.137,300,
11:08:50,18.14,100,
11:08:52,18.14,200,
11:08:56,18.15,300,
11:09:09,18.15,10000,
11:09:14,18.14,100,
11:09:24,18.14,400,
11:09:28,18.145,1000,
11:09:32,18.15,600,
11:09:32,18.15,600,
11:09:44,18.14,300,
11:09:51,18.14,200,
11:10:01,18.13,143,
11:10:02,18.11,200,
11:10:12,18.12,200,
11:10:12,18.12,100,
11:10:12,18.11,200,
11:10:12,18.11,297,
11:10:12,18.11,1000,
11:10:14,18.10,257,
11:10:14,18.10,200,
11:10:14,18.10,200,
11:10:17,18.09,100,
11:10:17,18.08,100,
11:10:17,18.08,300,
11:10:18,18.0818,300,
11:10:21,18.088,400,
11:10:21,18.08,1000,
11:10:21,18.08,400,
11:10:21,18.08,200,
11:10:21,18.07,200,
11:10:23,18.07,200,
11:10:23,18.0725,3000,
11:10:29,18.071,1600,
11:10:30,18.08,1000,
11:10:30,18.08,300,
11:10:30,18.08,100,
11:10:31,18.08,250,
11:10:33,18.08,400,
11:10:33,18.08,200,
11:10:35,18.09,300,
11:10:38,18.10,2600,
11:10:38,18.10,400,
11:10:38,18.10,800,
11:10:38,18.10,1000,
11:10:38,18.10,200,
11:10:38,18.10,400,
11:10:38,18.10,300,
11:10:38,18.10,200,
11:10:38,18.10,100,
11:10:39,18.10,300,
11:10:39,18.10,200,
11:10:39,18.11,100,
11:10:39,18.0982,100,
11:10:40,18.11,100,
11:10:43,18.13,800,
11:10:43,18.13,800,
11:10:43,18.13,1700,
11:10:43,18.13,300,
11:10:43,18.13,200,
11:10:43,18.13,691,
11:10:43,18.13,109,
11:10:43,18.13,500,
11:10:43,18.13,100,
11:10:49,18.121,620,
11:10:52,18.13,200,
11:10:52,18.13,100,
11:10:52,18.13,200,
11:10:54,18.13,300,
11:10:55,18.13,200,
11:10:55,18.13,100,
11:10:59,18.13,300,
11:10:59,18.12,100,
11:11:00,18.1195,600,
11:11:02,18.12,300,
11:11:06,18.105,200,
11:11:06,18.11,100,
11:11:10,18.12,200,
11:11:11,18.1199,1100,
11:11:15,18.12,200,
11:11:15,18.13,200,
11:11:15,18.13,100,
11:11:15,18.13,300,
11:11:15,18.13,300,
11:11:40,18.13,100,
11:11:53,18.1335,1000,
11:12:04,18.15,200,
11:12:10,18.1399,2000,
11:12:24,18.13,100,
11:12:42,18.15,200,
11:12:42,18.15,800,
11:12:42,18.15,1700,
11:12:42,18.15,200,
11:12:42,18.15,100,
11:12:49,18.15,200,
11:12:52,18.15,100,
11:12:52,18.15,200,
11:12:55,18.17,100,
11:12:55,18.17,300,
11:12:55,18.17,200,
11:12:55,18.17,100,
11:13:05,18.163,400,
11:13:12,18.16,200,
11:13:21,18.16,200,
11:13:29,18.17,100,
11:13:32,18.1675,200,
11:13:32,18.17,400,
11:13:34,18.16,200,
11:13:35,18.16,400,
11:13:35,18.16,1100,
11:13:35,18.16,200,
11:13:35,18.16,200,
11:13:35,18.16,100,
11:13:35,18.152,1440,
11:13:39,18.15,400,
11:13:51,18.15,300,
11:13:51,18.15,171,
11:13:55,18.16,200,
11:13:55,18.16,100,
11:13:56,18.16,200,
11:14:07,18.157,100,
11:14:11,18.16,400,
11:14:11,18.16,100,
11:14:15,18.1688,200,
11:14:21,18.15,100,
11:14:29,18.1595,1000,
11:14:35,18.13,7000,
11:14:38,18.15,200,
11:14:41,18.1405,500,
11:14:47,18.13,200,
11:14:49,18.14,199,
11:14:53,18.15,200,
11:14:54,18.15,9250,
11:14:54,18.15,198,
11:14:54,18.15,200,
11:15:09,18.13,400,
11:15:13,18.1318,200,
11:15:17,18.14,1200,
11:15:24,18.149,2900,
11:15:44,18.15,100,
11:15:51,18.15,200,
11:15:51,18.14,200,
11:15:51,18.15,100,
11:15:52,18.1398,500,
11:15:52,18.14,1300,
11:15:52,18.14,200,
11:15:55,18.14,246,
11:16:00,18.13,200,
11:16:04,18.1199,900,
11:16:08,18.12,200,
11:16:08,18.13,3100,
11:16:31,18.13,1750,
11:16:36,18.14,300,
11:16:36,18.13,100,
11:16:45,18.1399,500,
11:16:47,18.13,300,
11:17:01,18.14,100,
11:17:08,18.14,200,
11:17:25,18.14,2600,
11:17:54,18.15,100,
11:17:55,18.158,1600,
11:18:05,18.15,100,
11:18:12,18.1471,1105,
11:18:25,18.1455,514,
11:18:29,18.1475,2000,
11:18:38,18.17,200,
11:18:41,18.18,200,
11:18:41,18.18,400,
11:18:41,18.17,200,
11:18:41,18.18,600,
11:18:41,18.18,200,
11:18:41,18.18,300,
11:18:41,18.18,7350,
11:18:41,18.18,500,
11:18:41,18.18,200,
11:18:41,18.18,300,
11:18:41,18.18,400,
11:18:41,18.18,400,
11:18:41,18.18,346,
11:18:41,18.18,346,
11:18:41,18.18,800,
11:18:41,18.19,346,
11:18:41,18.19,400,
11:18:41,18.19,746,
11:18:41,18.19,500,
11:18:41,18.19,204,
11:18:41,18.19,1400,
11:18:41,18.19,200,
11:18:41,18.17,400,
11:18:41,18.19,300,
11:18:41,18.19,300,
11:18:41,18.17,600,
11:18:41,18.19,400,
11:18:42,18.19,100,
11:18:46,18.21,100,
11:18:46,18.21,100,
11:18:46,18.20,200,
11:18:48,18.21,200,
11:18:48,18.21,200,
11:18:48,18.21,900,
11:18:48,18.21,200,
11:18:48,18.21,121,
11:18:48,18.21,285,
11:18:49,18.2198,300,
11:18:49,18.21,200,
11:18:50,18.20,200,
11:18:50,18.20,100,
11:18:50,18.20,200,
11:18:50,18.20,100,
11:18:51,18.2099,1000,
11:18:52,18.21,200,
11:18:53,18.21,200,
11:18:53,18.21,100,
11:18:54,18.21,100,
11:18:55,18.21,200,
11:18:56,18.22,100,
11:18:56,18.23,100,
11:18:56,18.23,300,
11:18:56,18.23,900,
11:18:56,18.23,400,
11:18:58,18.23,100,
11:19:01,18.2499,2500,
11:19:02,18.24,200,
11:19:03,18.24,800,
11:19:06,18.24,200,
11:19:06,18.24,200,
11:19:12,18.25,149,
11:19:12,18.26,1850,
11:19:12,18.26,100,
11:19:12,18.26,600,
11:19:13,18.26,100,
11:19:14,18.27,200,
11:19:14,18.27,300,
11:19:14,18.27,400,
11:19:14,18.27,100,
11:19:14,18.28,100,
11:19:14,18.28,800,
11:19:14,18.28,500,
11:19:14,18.29,300,
11:19:14,18.29,200,
11:19:14,18.29,800,
11:19:14,18.29,250,
11:19:14,18.28,1100,
11:19:14,18.28,700,
11:19:14,18.28,400,
11:19:14,18.28,100,
11:19:14,18.28,1000,
11:19:14,18.28,900,
11:19:14,18.29,200,
11:19:16,18.28,2000,
11:19:17,18.28,400,
11:19:17,18.28,100,
11:19:19,18.28,200,
11:19:20,18.28,500,
11:19:20,18.28,200,
11:19:24,18.28,100,
11:19:25,18.28,200,
11:19:25,18.28,200,
11:19:27,18.28,100,
11:19:27,18.27,200,
11:19:30,18.28,200,
11:19:38,18.27,600,
11:19:40,18.26,300,
11:19:40,18.26,200,
11:19:41,18.26,100,
11:19:44,18.26,100,
11:19:50,18.27,200,
11:19:50,18.27,200,
11:19:51,18.267,100,
11:19:57,18.28,1000,
11:20:02,18.26,100,
11:20:02,18.26,200,
11:20:02,18.27,200,
11:20:02,18.27,1000,
11:20:02,18.27,200,
11:20:03,18.27,800,
11:20:03,18.27,200,
11:20:03,18.26,200,
11:20:05,18.27,200,
11:20:07,18.2671,1300,
11:20:09,18.268,400,
11:20:10,18.27,200,
11:20:12,18.27,100,
11:20:16,18.29,200,
11:20:18,18.291,4000,
11:20:20,18.30,200,
11:20:20,18.30,1000,
11:20:21,18.29,300,
11:20:21,18.28,100,
11:20:23,18.2829,1000,
11:20:27,18.2862,500,
11:20:31,18.29,200,
11:20:31,18.29,200,
11:20:35,18.29,100,
11:20:35,18.29,200,
11:20:36,18.29,415,
11:20:36,18.29,200,
11:20:36,18.28,200,
11:20:36,18.28,100,
11:20:36,18.28,3000,
11:20:40,18.28,100,
11:20:40,18.28,100,
11:20:40,18.28,200,
11:20:44,18.25,4700,
11:20:48,18.27,300,
11:20:48,18.26,200,
11:20:48,18.26,500,
11:20:48,18.26,200,
11:20:48,18.26,1000,
11:20:48,18.26,300,
11:20:48,18.26,100,
11:20:48,18.26,200,
11:20:48,18.26,100,
11:20:48,18.259,4550,
11:20:49,18.27,200,
11:20:49,18.27,300,
11:20:49,18.27,100,
11:20:49,18.27,200,
11:20:49,18.27,200,
11:20:51,18.27,200,
11:20:51,18.27,200,
11:20:51,18.28,200,
11:20:51,18.2699,500,
11:20:51,18.2647,100,
11:20:51,18.2699,200,
11:20:51,18.27,200,
11:20:51,18.27,100,
11:20:55,18.28,200,
11:21:02,18.27,100,
11:21:02,18.26,300,
11:21:03,18.272,500,
11:21:12,18.25,100,
11:21:15,18.2371,600,
11:21:17,18.24,200,
11:21:17,18.24,500,
11:21:17,18.24,400,
11:21:17,18.24,300,
11:21:18,18.238,1000,
11:21:19,18.25,100,
11:21:21,18.26,200,
11:21:34,18.26,100,
11:21:34,18.26,300,
11:21:34,18.27,2300,
11:21:34,18.27,200,
11:21:34,18.27,200,
11:21:34,18.27,300,
11:21:34,18.26,200,
11:21:37,18.26,100,
11:21:37,18.26,200,
11:21:37,18.25,400,
11:21:37,18.25,300,
11:21:39,18.261,3000,
11:21:40,18.22,100,
11:21:40,18.2101,5000,
11:21:42,18.22,100,
11:21:43,18.23,200,
11:21:43,18.23,500,
11:21:43,18.23,500,
11:21:43,18.23,200,
11:21:49,18.24,100,
11:21:51,18.24,200,
11:22:07,18.22,100,
11:22:07,18.21,200,
11:22:07,18.21,700,
11:22:11,18.21,100,
11:22:11,18.21,100,
11:22:12,18.22,100,
11:22:14,18.22,100,
11:22:16,18.24,100,
11:22:25,18.23,100,
11:22:37,18.25,100,
11:22:38,18.25,200,
11:22:40,18.25,100,
11:22:46,18.23,100,
11:23:01,18.25,250,
11:23:07,18.23,100,
11:23:07,18.23,300,
11:23:07,18.23,300,
11:23:08,18.22,100,
11:23:08,18.22,466,
11:23:09,18.22,200,
11:23:18,18.23,100,
11:23:45,18.23,199,
11:23:53,18.24,100,
11:23:54,18.24,100,
11:24:16,18.22,100,
11:24:16,18.22,1100,
11:24:22,18.219,2000,
11:24:36,18.21,100,
11:24:48,18.23,100,
11:25:02,18.223,300,
11:25:07,18.2399,400,
11:25:29,18.22,200,
11:25:53,18.24,600,
11:25:53,18.24,500,
11:25:53,18.24,100,
11:25:53,18.24,300,
11:25:56,18.2405,600,
11:26:07,18.24,100,
11:26:18,18.2399,100,
11:26:33,18.248,400,
11:26:41,18.2499,750,
11:26:48,18.241,100,
11:27:03,18.242,700,
11:27:04,18.2401,200,
11:27:13,18.247,200,
11:27:19,18.248,1000,
11:27:39,18.23,200,
11:27:44,18.24,100,
11:28:03,18.23,100,
11:28:05,18.2129,1105,
11:28:16,18.2229,500,
11:28:43,18.24,200,
11:28:50,18.24,300,
11:28:51,18.25,100,
11:29:02,18.2329,1000,
11:29:03,18.23,200,
11:29:03,18.23,900,
11:29:03,18.23,2000,
11:29:03,18.23,300,
11:29:03,18.23,600,
11:29:03,18.23,3000,
11:29:03,18.23,800,
11:29:03,18.23,600,
11:29:03,18.23,200,
11:29:03,18.23,200,
11:29:03,18.23,200,
11:29:03,18.23,600,
11:29:03,18.21,100,
11:29:03,18.22,200,
11:29:03,18.22,100,
11:29:03,18.22,500,
11:29:03,18.22,301,
11:29:03,18.21,700,
11:29:03,18.22,400,
11:29:03,18.22,399,
11:29:03,18.23,300,
11:29:03,18.22,200,
11:29:03,18.22,300,
11:29:03,18.22,100,
11:29:03,18.22,100,
11:29:03,18.22,200,
11:29:03,18.22,500,
11:29:03,18.23,600,
11:29:03,18.21,100,
11:29:03,18.21,200,
11:29:03,18.23,2000,
11:29:03,18.23,2000,
11:29:03,18.23,600,
11:29:03,18.21,300,
11:29:03,18.21,100,
11:29:03,18.23,300,
11:29:03,18.21,200,
11:29:03,18.21,200,
11:29:03,18.23,600,
11:29:03,18.20,200,
11:29:03,18.21,201,
11:29:03,18.21,101,
11:29:03,18.21,300,
11:29:03,18.21,200,
11:29:05,18.23,300,
11:29:07,18.20,100,
11:29:07,18.20,100,
11:29:07,18.20,100,
11:29:07,18.20,200,
11:29:08,18.21,100,
11:29:08,18.21,200,
11:29:15,18.23,400,
11:29:15,18.23,600,
11:29:15,18.23,100,
11:29:15,18.23,600,
11:29:15,18.23,200,
11:29:15,18.22,100,
11:29:17,18.22,500,
11:29:24,18.22,100,
11:29:26,18.229,900,
11:29:27,18.22,100,
11:29:31,18.23,100,
11:29:46,18.23,100,
11:29:50,18.22,100,
11:29:55,18.22,200,
11:31:15,18.23,100,
11:31:20,18.24,100,
11:31:25,18.232,100,
11:31:31,18.241,2000,
11:31:41,18.25,100,
11:31:49,18.2435,1000,
11:32:02,18.2611,1500,
11:32:36,18.26,300,
11:32:37,18.2798,1000,
11:32:39,18.28,300,
11:32:47,18.273,400,
11:32:50,18.272,1000,
11:32:52,18.28,200,
11:32:55,18.27,3000,
11:32:55,18.28,100,
11:33:03,18.27,100,
11:33:05,18.2699,600,
11:33:08,18.27,167,
11:33:08,18.2702,600,
11:33:11,18.28,600,
11:33:14,18.2701,300,
11:33:15,18.2801,100,
11:33:29,18.28,100,
11:33:29,18.28,600,
11:33:31,18.281,400,
11:33:32,18.27,200,
11:33:34,18.271,2000,
11:33:43,18.28,500,
11:33:48,18.29,931,
11:33:58,18.2899,2000,
11:34:01,18.28,1000,
11:34:03,18.28,100,
11:34:03,18.2871,700,
11:34:19,18.278,500,
11:34:29,18.2901,200,
11:34:32,18.30,300,
11:34:34,18.30,100,
11:34:37,18.292,1450,
11:34:38,18.30,2000,
11:34:44,18.30,20000,
11:34:49,18.299,800,
11:34:49,18.299,6100,
11:34:49,18.30,800,
11:34:52,18.30,200,
11:34:57,18.2929,1600,
11:35:01,18.29,200,
11:35:02,18.2925,2500,
11:35:10,18.279,500,
11:35:11,18.28,200,
11:35:13,18.2871,1700,
11:35:20,18.28,100,
11:35:34,18.2771,1000,
11:35:36,18.27,100,
11:35:36,18.27,100,
11:35:37,18.27,100,
11:35:37,18.27,700,
11:35:40,18.27,200,
11:35:43,18.2602,1000,
11:35:50,18.26,100,
11:35:52,18.27,100,
11:35:56,18.2611,1000,
11:35:58,18.27,100,
11:35:58,18.27,300,
11:36:00,18.27,100,
11:36:02,18.27,395,
11:36:02,18.27,800,
11:36:02,18.27,200,
11:36:02,18.28,700,
11:36:02,18.28,200,
11:36:02,18.28,300,
11:36:02,18.27,100,
11:36:02,18.27,200,
11:36:02,18.27,200,
11:36:02,18.27,900,
11:36:02,18.26,100,
11:36:02,18.26,100,
11:36:04,18.26,100,
11:36:04,18.26,100,
11:36:04,18.26,100,
11:36:04,18.26,157,
11:36:08,18.25,100,
11:36:10,18.25,200,
11:36:10,18.25,100,
11:36:12,18.24,200,
11:36:12,18.24,100,
11:36:12,18.24,100,
11:36:12,18.24,350,
11:36:12,18.24,100,
11:36:12,18.24,100,
11:36:12,18.24,100,
11:36:12,18.24,102,
11:36:12,18.24,100,
11:36:19,18.241,900,
11:36:22,18.2401,2000,
11:36:30,18.26,100,
11:36:30,18.27,100,
11:36:30,18.27,100,
11:36:30,18.27,800,
11:36:30,18.26,100,
11:36:31,18.261,450,
11:36:47,18.27,200,
11:36:47,18.27,300,
11:36:47,18.27,300,
11:36:47,18.27,100,
11:36:47,18.27,300,
11:36:47,18.27,100,
11:36:47,18.27,200,
11:36:47,18.27,200,
11:36:47,18.27,1300,
11:36:47,18.28,500,
11:36:47,18.28,500,
11:36:47,18.28,597,
11:36:47,18.269,100,
11:36:47,18.28,100,
11:36:47,18.27,400,
11:36:47,18.28,200,
11:36:47,18.28,500,
11:36:47,18.27,200,
11:36:47,18.28,500,
11:36:47,18.29,100,
11:36:47,18.27,200,
11:36:47,18.27,200,
11:36:48,18.2895,1500,
11:36:50,18.28,200,
11:36:50,18.28,100,
11:36:50,18.28,100,
11:36:51,18.29,100,
11:36:51,18.29,100,
11:36:51,18.29,100,
11:36:52,18.2899,600,
11:36:58,18.282,1600,
11:37:03,18.2857,400,
11:37:06,18.28,1600,
11:37:10,18.27,400,
11:37:10,18.27,200,
11:37:12,18.2699,1000,
11:37:33,18.27,100,
11:37:33,18.27,100,
11:37:36,18.27,200,
11:37:37,18.26,200,
11:37:37,18.26,200,
11:37:37,18.26,600,
11:37:37,18.26,100,
11:37:49,18.2611,1500,
11:37:51,18.27,200,
11:37:59,18.26,300,
11:37:59,18.26,1600,
11:37:59,18.26,200,
11:37:59,18.26,1900,
11:37:59,18.26,100,
11:37:59,18.26,200,
11:37:59,18.26,1100,
11:38:02,18.26,100,
11:38:02,18.26,100,
11:38:03,18.25,105,
11:38:08,18.26,100,
11:38:12,18.26,100,
11:38:16,18.26,200,
11:38:21,18.26,300,
11:38:21,18.26,300,
11:38:21,18.26,300,
11:38:34,18.26,100,
11:38:34,18.258,700,
11:38:35,18.25,300,
11:38:35,18.25,100,
11:38:35,18.25,1500,
11:38:43,18.25,114,
11:38:45,18.25,300,
11:38:45,18.25,162,
11:38:45,18.25,400,
11:38:45,18.25,1200,
11:38:50,18.25,200,
11:38:57,18.25,200,
11:39:08,18.26,1100,
11:39:30,18.2585,4500,
11:39:34,18.239,200,
11:39:37,18.23,100,
11:39:46,18.24,100,
11:39:49,18.243,100,
11:39:50,18.26,100,
11:40:00,18.243,100,
11:40:02,18.24,100,
11:40:03,18.242,1000,
11:40:09,18.24,150,
11:40:28,18.231,130,
11:40:37,18.25,100,
11:40:37,18.25,300,
11:40:37,18.24,200,
11:40:37,18.24,100,
11:40:37,18.24,100,
11:40:37,18.24,2200,
11:40:37,18.24,100,
11:40:37,18.24,800,
11:40:37,18.24,900,
11:40:37,18.25,200,
11:40:37,18.24,100,
11:40:37,18.24,600,
11:40:37,18.24,200,
11:40:37,18.24,100,
11:40:37,18.24,100,
11:40:37,18.24,100,
11:40:37,18.24,100,
11:40:37,18.24,100,
11:40:37,18.23,702,
11:40:37,18.23,300,
11:40:37,18.24,500,
11:40:37,18.23,100,
11:40:37,18.24,200,
11:40:37,18.23,100,
11:40:37,18.23,200,
11:40:37,18.23,200,
11:40:38,18.23,100,
11:40:43,18.23,300,
11:40:43,18.23,300,
11:40:43,18.23,1600,
11:40:43,18.23,600,
11:40:43,18.23,300,
11:40:43,18.23,200,
11:40:43,18.23,100,
11:40:43,18.23,200,
11:40:43,18.23,400,
11:40:43,18.23,400,
11:40:43,18.23,201,
11:40:43,18.23,100,
11:40:43,18.24,100,
11:40:43,18.24,100,
11:40:43,18.24,300,
11:40:43,18.24,200,
11:40:43,18.24,200,
11:40:51,18.241,200,
11:40:53,18.242,100,
11:41:10,18.24,100,
11:41:10,18.24,300,
11:41:10,18.24,300,
11:41:18,18.2429,1800,
11:41:21,18.25,100,
11:41:21,18.25,100,
11:41:21,18.25,400,
11:41:21,18.25,200,
11:41:21,18.25,100,
11:41:21,18.25,100,
11:41:21,18.25,100,
11:41:21,18.25,100,
11:41:21,18.25,200,
11:41:21,18.25,100,
11:41:21,18.25,500,
11:41:25,18.24,100,
11:41:25,18.24,200,
11:41:25,18.24,200,
11:41:26,18.24,100,
11:41:36,18.24,200,
11:41:36,18.24,200,
11:41:36,18.24,4100,
11:41:36,18.25,200,
11:41:36,18.25,200,
11:41:36,18.25,300,
11:41:40,18.257,400,
11:42:00,18.26,100,
11:42:10,18.25,200,
11:42:10,18.25,100,
11:42:10,18.25,100,
11:42:10,18.24,200,
11:42:10,18.24,100,
11:42:15,18.24,200,
11:42:19,18.242,500,
11:42:21,18.25,200,
11:42:21,18.25,300,
11:42:27,18.25,200,
11:42:29,18.2585,2570,
11:42:31,18.26,300,
11:42:31,18.2599,600,
11:42:32,18.26,200,
11:42:35,18.26,100,
11:42:36,18.27,300,
11:42:37,18.2795,375,
11:42:44,18.27,200,
11:42:47,18.28,2000,
11:42:51,18.27,1900,
11:42:52,18.28,1900,
11:42:52,18.28,400,
11:42:52,18.28,1100,
11:42:53,18.28,200,
11:42:53,18.28,250,
11:42:53,18.28,128,
11:42:53,18.28,1000,
11:42:53,18.28,250,
11:42:59,18.281,800,
11:43:15,18.28,100,
11:43:15,18.28,1800,
11:43:15,18.28,100,
11:43:29,18.27,900,
11:43:31,18.267,300,
11:43:58,18.2675,3000,
11:44:18,18.26,100,
11:44:18,18.26,200,
11:44:20,18.26,150,
11:44:22,18.252,1200,
11:44:31,18.25,100,
11:44:45,18.2899,1000,
11:44:46,18.28,200,
11:44:46,18.28,200,
11:44:46,18.28,1900,
11:44:46,18.28,100,
11:44:46,18.28,200,
11:44:57,18.28,200,
11:44:58,18.28,200,
11:44:59,18.2899,5000,
11:45:00,18.29,200,
11:45:00,18.29,100,
11:45:00,18.29,501,
11:45:00,18.29,100,
11:45:04,18.30,100,
11:45:08,18.29,700,
11:45:08,18.29,100,
11:45:08,18.29,500,
11:45:15,18.29,200,
11:45:15,18.29,300,
11:45:15,18.30,200,
11:45:15,18.29,500,
11:45:15,18.30,300,
11:45:15,18.30,500,
11:45:15,18.30,500,
11:45:15,18.30,200,
11:45:15,18.30,1450,
11:45:15,18.30,400,
11:45:17,18.31,400,
11:45:17,18.31,2000,
11:45:17,18.31,400,
11:45:17,18.31,100,
11:45:17,18.31,100,
11:45:18,18.32,1100,
11:45:20,18.312,1500,
11:45:21,18.32,500,
11:45:27,18.31,118,
11:45:27,18.31,200,
11:45:27,18.31,150,
11:45:31,18.31,100,
11:45:31,18.30,3000,
11:45:32,18.311,1000,
11:45:32,18.317,255,
11:45:35,18.30,1000,
11:45:35,18.30,1000,
11:45:35,18.30,600,
11:45:42,18.3065,3000,
11:45:43,18.2929,500,
11:45:44,18.30,100,
11:45:51,18.2989,500,
11:46:03,18.29,198,
11:46:03,18.29,500,
11:46:03,18.29,100,
11:46:32,18.28,200,
11:46:32,18.28,950,
11:46:32,18.28,100,
11:46:32,18.28,200,
11:46:34,18.28,100,
11:46:34,18.28,200,
11:46:34,18.28,100,
11:46:34,18.28,200,
11:46:35,18.279,3000,
11:46:38,18.28,100,
11:46:42,18.28,100,
11:46:42,18.28,100,
11:47:03,18.2899,500,
11:47:09,18.29,100,
11:47:10,18.2918,500,
11:47:10,18.29,800,
11:47:10,18.29,800,
11:47:19,18.2729,800,
11:47:23,18.277,300,
11:47:26,18.27,200,
11:47:26,18.27,100,
11:47:29,18.271,600,
11:47:30,18.271,300,
11:47:38,18.27,300,
11:47:38,18.27,900,
