09:30:00,16.47,500,
09:30:01,16.47,200,
09:30:02,16.48,3000,
09:30:02,16.48,200,
09:30:02,16.46,10360,
09:30:03,16.48,300,
09:30:03,16.48,500,
09:30:03,16.48,600,
09:30:03,16.48,100,
09:30:04,16.49,150,
09:30:05,16.47,1150,
09:30:05,16.47,100,
09:30:07,16.4899,900,
09:30:07,16.46,300,
09:30:11,16.46,600,
09:30:12,16.46,1200,
09:30:12,16.46,500,
09:30:12,16.46,300,
09:30:12,16.46,900,
09:30:12,16.46,300,
09:30:13,16.46,300,
09:30:15,16.481,290,
09:30:17,16.4575,2500,
09:30:18,16.46,300,
09:30:18,16.45,1825,
09:30:21,16.49,600,
09:30:23,16.48,300,
09:30:35,16.48,100,
09:30:36,16.48,1300,
09:30:37,16.481,1300,
09:30:38,16.481,3000,
09:30:39,16.47,100,
09:30:44,16.46,100,
09:30:48,16.4601,4000,
09:31:01,16.482,1500,
09:31:04,16.50,100,
09:31:04,16.499,812,
09:31:05,16.499,100,
09:31:09,16.46,200,
09:31:12,16.47,500,
09:31:13,16.4601,800,
09:31:14,16.468,500,
09:31:35,16.44,300,
09:31:36,16.45,400,
09:31:36,16.45,473,
09:31:40,16.45,1000,
09:31:40,16.443,100,
09:31:41,16.45,200,
09:31:41,16.45,200,
09:31:41,16.442,200,
09:31:44,16.45,100,
09:31:48,16.48,200,
09:31:48,16.48,500,
09:31:48,16.48,600,
09:31:50,16.466,2000,
09:31:52,16.46,500,
09:31:54,16.46,1100,
09:31:58,16.46,300,
09:31:58,16.452,500,
09:32:00,16.46,700,
09:32:00,16.46,2100,
09:32:03,16.46,100,
09:32:04,16.46,1501,
09:32:04,16.46,100,
09:32:07,16.466,2171,
09:32:08,16.4601,5300,
09:32:11,16.47,100,
09:32:11,16.47,100,
09:32:18,16.46,400,
09:32:18,16.46,300,
09:32:18,16.46,100,
09:32:18,16.46,300,
09:32:18,16.46,300,
09:32:18,16.46,400,
09:32:18,16.461,100,
09:32:18,16.46,900,
09:32:20,16.465,500,
09:32:20,16.46,400,
09:32:20,16.4615,400,
09:32:38,16.458,1000,
09:32:41,16.46,100,
09:32:47,16.46,200,
09:32:47,16.46,100,
09:32:47,16.46,2000,
09:32:47,16.46,100,
09:32:47,16.46,400,
09:32:52,16.47,100,
09:32:52,16.47,1375,
09:32:53,16.48,1000,
09:32:53,16.48,500,
09:32:55,16.47,100,
09:33:07,16.4601,2454,
09:33:09,16.45,200,
09:33:09,16.44,400,
09:33:11,16.43,500,
09:33:11,16.4301,600,
09:33:14,16.44,20000,
09:33:22,16.45,800,
09:33:38,16.431,1100,
09:33:40,16.43,300,
09:33:42,16.43,700,
09:33:42,16.43,800,
09:33:42,16.43,200,
09:33:44,16.42,1000,
09:33:45,16.4345,400,
09:33:47,16.4359,1000,
09:33:53,16.431,2000,
09:33:55,16.4415,2000,
09:33:58,16.45,625,
09:33:59,16.44,600,
09:34:00,16.44,1000,
09:34:00,16.44,700,
09:34:02,16.432,1000,
09:34:02,16.44,1625,
09:34:04,16.44,600,
09:34:04,16.44,600,
09:34:05,16.44,1500,
09:34:11,16.44,1100,
09:34:13,16.44,100,
09:34:14,16.431,7000,
09:34:22,16.45,331,
09:34:30,16.4498,1000,
09:34:30,16.44,720,
09:34:31,16.4299,150,
09:34:34,16.4299,1600,
09:34:34,16.4299,100,
09:34:34,16.4299,1700,
09:34:34,16.43,1600,
09:34:39,16.43,100,
09:34:40,16.43,1100,
09:34:41,16.4301,100,
09:34:44,16.44,100,
09:34:50,16.438,1800,
09:34:56,16.43,1000,
09:34:59,16.43,500,
09:35:01,16.44,210,
09:35:01,16.44,500,
09:35:05,16.44,1000,
09:35:05,16.44,156,
09:35:05,16.44,100,
09:35:05,16.44,200,
09:35:05,16.44,100,
09:35:10,16.45,100,
09:35:10,16.45,100,
09:35:13,16.4601,200,
09:35:14,16.461,100,
09:35:14,16.461,200,
09:35:14,16.46,100,
09:35:17,16.466,700,
09:35:19,16.46,200,
09:35:21,16.46,300,
09:35:23,16.46,300,
09:35:24,16.4699,1000,
09:35:28,16.46,100,
09:35:30,16.45,100,
09:35:31,16.45,200,
09:35:31,16.45,400,
09:35:31,16.45,100,
09:35:36,16.45,1000,
09:35:41,16.46,100,
09:35:41,16.46,100,
09:35:44,16.465,2000,
09:35:45,16.47,700,
09:35:48,16.47,1100,
09:35:48,16.47,100,
09:35:48,16.48,1000,
09:35:48,16.4799,4000,
09:35:51,16.47,500,
09:35:53,16.47,800,
09:35:58,16.47,100,
09:36:00,16.48,3000,
09:36:02,16.48,200,
09:36:02,16.481,1000,
09:36:03,16.50,100,
09:36:05,16.4901,700,
09:36:08,16.50,250,
09:36:09,16.50,100,
09:36:11,16.4999,200,
09:36:11,16.50,100,
09:36:13,16.49,100,
09:36:13,16.49,500,
09:36:14,16.498,250,
09:36:25,16.50,700,
09:36:25,16.50,200,
09:36:25,16.50,100,
09:36:25,16.50,100,
09:36:31,16.4999,500,
09:36:34,16.4901,9570,
09:36:35,16.499,1800,
09:36:35,16.50,200,
09:36:36,16.4999,2000,
09:36:36,16.50,200,
09:36:36,16.50,100,
09:36:39,16.49,200,
09:36:40,16.48,200,
09:36:42,16.47,100,
09:36:45,16.4799,500,
09:36:52,16.48,100,
09:36:52,16.476,300,
09:36:56,16.4883,120,
09:36:58,16.4894,600,
09:36:58,16.49,100,
09:37:01,16.482,2200,
09:37:02,16.48,125,
09:37:02,16.48,1600,
09:37:02,16.48,1600,
09:37:02,16.48,200,
09:37:02,16.48,100,
09:37:03,16.47,100,
09:37:03,16.47,100,
09:37:03,16.46,100,
09:37:04,16.48,100,
09:37:05,16.46,200,
09:37:06,16.46,100,
09:37:06,16.46,100,
09:37:09,16.46,100,
09:37:09,16.46,300,
09:37:09,16.46,200,
09:37:09,16.46,800,
09:37:09,16.46,100,
09:37:09,16.47,300,
09:37:09,16.47,800,
09:37:09,16.46,100,
09:37:09,16.46,300,
09:37:09,16.47,125,
09:37:09,16.47,200,
09:37:09,16.46,1400,
09:37:09,16.48,179,
09:37:09,16.48,446,
09:37:09,16.48,246,
09:37:09,16.48,254,
09:37:09,16.46,1000,
09:37:11,16.48,1000,
09:37:11,16.48,200,
09:37:16,16.48,225,
09:37:16,16.48,200,
09:37:20,16.48,100,
09:37:23,16.472,106,
09:37:24,16.4721,3500,
09:37:29,16.47,100,
09:37:29,16.472,360,
09:37:29,16.4762,650,
09:37:34,16.4601,300,
09:37:38,16.46,200,
09:37:38,16.46,100,
09:37:38,16.46,100,
09:37:41,16.46,100,
09:37:42,16.45,200,
09:37:42,16.46,200,
09:37:43,16.45,900,
09:37:43,16.45,200,
09:37:47,16.45,700,
09:37:47,16.45,500,
09:37:47,16.443,500,
09:37:48,16.45,1400,
09:37:49,16.45,100,
09:37:49,16.45,1500,
09:37:49,16.45,300,
09:37:49,16.45,100,
09:37:49,16.445,500,
09:37:51,16.45,100,
09:37:51,16.45,100,
09:37:52,16.45,100,
09:37:52,16.45,200,
09:37:52,16.45,800,
09:37:52,16.45,100,
09:37:52,16.45,100,
09:37:52,16.45,125,
09:37:53,16.44,4100,
09:37:54,16.4401,9100,
09:37:55,16.45,200,
09:38:00,16.4501,100,
09:38:01,16.45,100,
09:38:03,16.43,925,
09:38:09,16.44,100,
09:38:12,16.43,200,
09:38:12,16.43,200,
09:38:12,16.43,200,
09:38:12,16.43,200,
09:38:12,16.43,400,
09:38:14,16.43,200,
09:38:15,16.4299,4000,
09:38:20,16.42,200,
09:38:20,16.42,9300,
09:38:20,16.42,100,
09:38:24,16.422,800,
09:38:26,16.42,500,
09:38:28,16.42,100,
09:38:28,16.42,100,
09:38:29,16.42,400,
09:38:29,16.42,400,
09:38:29,16.42,100,
09:38:29,16.4201,5000,
09:38:30,16.41,100,
09:38:30,16.41,100,
09:38:31,16.41,500,
09:38:32,16.41,100,
09:38:32,16.41,1225,
09:38:32,16.41,300,
09:38:32,16.41,300,
09:38:32,16.41,100,
09:38:32,16.41,100,
09:38:32,16.41,100,
09:38:32,16.41,600,
09:38:32,16.41,1300,
09:38:32,16.41,100,
09:38:32,16.41,1000,
09:38:32,16.41,100,
09:38:32,16.41,100,
09:38:32,16.4101,400,
09:38:32,16.4101,200,
09:38:32,16.40,100,
09:38:32,16.41,100,
09:38:32,16.41,100,
09:38:33,16.42,100,
09:38:33,16.42,200,
09:38:33,16.42,1400,
09:38:33,16.42,100,
09:38:34,16.42,900,
09:38:34,16.42,300,
09:38:34,16.42,300,
09:38:34,16.42,100,
09:38:34,16.42,200,
09:38:34,16.41,100,
09:38:36,16.42,500,
09:38:37,16.42,100,
09:38:37,16.42,1800,
09:38:38,16.422,1000,
09:38:40,16.42,100,
09:38:40,16.42,225,
09:38:40,16.42,200,
09:38:40,16.43,400,
09:38:40,16.43,200,
09:38:40,16.43,300,
09:38:40,16.43,825,
09:38:40,16.42,200,
09:38:40,16.43,200,
09:38:41,16.43,100,
09:38:41,16.42,500,
09:38:41,16.42,2000,
09:38:42,16.4201,1000,
09:38:43,16.43,400,
09:38:43,16.43,700,
09:38:43,16.43,100,
09:38:43,16.43,300,
09:38:43,16.44,300,
09:38:43,16.44,300,
09:38:44,16.43,3000,
09:38:44,16.43,500,
09:38:45,16.43,100,
09:38:47,16.41,100,
09:38:47,16.41,500,
09:38:47,16.41,100,
09:38:47,16.41,100,
09:38:47,16.41,700,
09:38:49,16.42,100,
09:38:49,16.42,100,
09:38:49,16.42,100,
09:38:49,16.42,500,
09:38:51,16.43,300,
09:38:51,16.43,200,
09:38:51,16.43,325,
09:38:51,16.43,300,
09:38:51,16.43,300,
09:38:51,16.43,200,
09:38:52,16.4299,297,
09:38:53,16.43,100,
09:38:54,16.422,1500,
09:38:58,16.42,800,
09:38:58,16.42,200,
09:39:00,16.42,900,
09:39:07,16.411,300,
09:39:10,16.4101,100,
09:39:10,16.42,225,
09:39:10,16.42,125,
09:39:10,16.42,100,
09:39:12,16.43,100,
09:39:13,16.43,1600,
09:39:13,16.43,100,
09:39:13,16.42,500,
09:39:13,16.42,500,
09:39:15,16.42,100,
09:39:15,16.4201,100,
09:39:15,16.4201,100,
09:39:17,16.42,100,
09:39:18,16.42,100,
09:39:18,16.43,300,
09:39:18,16.43,200,
09:39:18,16.43,300,
09:39:20,16.421,800,
09:39:20,16.421,800,
09:39:29,16.43,100,
09:39:29,16.44,100,
09:39:30,16.434,250,
09:39:33,16.432,1000,
09:39:38,16.42,100,
09:39:46,16.434,1000,
09:39:50,16.42,100,
09:39:50,16.42,100,
09:39:50,16.42,100,
09:39:50,16.42,200,
09:39:50,16.42,400,
09:39:51,16.42,100,
09:39:54,16.40,500,
09:39:56,16.40,100,
09:40:00,16.40,200,
09:40:05,16.3899,200,
09:40:07,16.39,100,
09:40:07,16.39,100,
09:40:08,16.39,100,
09:40:08,16.39,100,
09:40:08,16.38,500,
09:40:08,16.39,100,
09:40:08,16.39,413,
09:40:08,16.39,1100,
09:40:08,16.39,1000,
09:40:11,16.391,3000,
09:40:13,16.39,800,
09:40:13,16.39,625,
09:40:13,16.39,800,
09:40:16,16.39,300,
09:40:20,16.3801,100,
09:40:21,16.39,200,
09:40:23,16.39,100,
09:40:27,16.39,100,
09:40:27,16.39,400,
09:40:27,16.39,200,
09:40:27,16.39,100,
09:40:27,16.39,600,
09:40:27,16.39,1000,
09:40:27,16.39,1000,
09:40:27,16.39,199,
09:40:27,16.39,100,
09:40:27,16.39,2000,
09:40:27,16.39,100,
09:40:28,16.39,1700,
09:40:29,16.39,100,
09:40:31,16.3801,1730,
09:40:37,16.3899,500,
09:40:41,16.382,1000,
09:40:48,16.39,900,
09:40:48,16.39,100,
09:40:50,16.3901,4500,
09:41:02,16.3999,500,
09:41:05,16.39,100,
09:41:08,16.39,500,
09:41:10,16.38,200,
09:41:10,16.38,1000,
09:41:10,16.38,2000,
09:41:10,16.38,500,
09:41:10,16.38,400,
09:41:10,16.38,100,
09:41:10,16.38,900,
09:41:10,16.38,100,
09:41:10,16.38,200,
09:41:10,16.38,1100,
09:41:10,16.37,680,
09:41:11,16.38,1000,
09:41:15,16.379,2500,
09:41:19,16.37,1600,
09:41:19,16.37,300,
09:41:19,16.36,300,
09:41:19,16.35,1000,
09:41:19,16.35,500,
09:41:20,16.3401,500,
09:41:20,16.35,150,
09:41:21,16.35,100,
09:41:22,16.35,100,
09:41:24,16.342,500,
09:41:29,16.34,3300,
09:41:32,16.34,100,
09:41:36,16.343,100,
09:41:40,16.34,100,
09:41:45,16.34,100,
09:41:48,16.334,1000,
09:41:49,16.34,100,
09:41:55,16.3401,2000,
09:41:55,16.35,100,
09:41:55,16.35,100,
09:41:55,16.35,1400,
09:41:56,16.35,1600,
09:41:56,16.35,2000,
09:41:56,16.35,200,
09:41:56,16.35,100,
09:41:56,16.35,1290,
09:41:59,16.34,10000,
09:42:00,16.3499,100,
09:42:00,16.35,200,
09:42:01,16.35,200,
09:42:04,16.341,200,
09:42:06,16.3499,2000,
09:42:06,16.34,100,
09:42:11,16.34,100,
09:42:15,16.34,100,
09:42:16,16.34,200,
09:42:16,16.34,100,
09:42:18,16.34,2000,
09:42:20,16.331,500,
09:42:22,16.334,400,
09:42:23,16.34,1000,
09:42:23,16.34,1000,
09:42:28,16.32,275,
09:42:28,16.32,1600,
09:42:28,16.32,100,
09:42:29,16.3299,1000,
09:42:34,16.33,500,
09:42:37,16.33,100,
09:42:39,16.322,1850,
09:42:40,16.33,1500,
09:42:40,16.33,200,
09:42:41,16.33,200,
09:42:41,16.33,1600,
09:42:41,16.33,100,
09:42:43,16.34,200,
09:42:44,16.34,100,
09:42:45,16.3399,1000,
09:42:46,16.34,100,
09:42:49,16.3401,172,
09:42:49,16.3401,828,
09:42:50,16.342,1000,
09:42:51,16.34,200,
09:42:52,16.35,200,
09:42:56,16.35,500,
09:42:56,16.35,1800,
09:42:59,16.34,200,
09:43:01,16.33,100,
09:43:02,16.324,250,
09:43:09,16.32,100,
09:43:09,16.31,300,
09:43:11,16.31,800,
09:43:14,16.32,575,
09:43:14,16.32,100,
09:43:16,16.32,300,
09:43:18,16.31,100,
09:43:25,16.31,100,
09:43:25,16.32,200,
09:43:26,16.321,200,
09:43:26,16.321,200,
09:43:28,16.32,100,
09:43:30,16.33,100,
09:43:34,16.33,200,
09:43:39,16.33,100,
09:43:42,16.33,100,
09:43:44,16.336,200,
09:43:45,16.33,100,
09:43:45,16.33,200,
09:43:45,16.33,1400,
09:43:45,16.33,400,
09:43:46,16.33,100,
09:43:46,16.33,1500,
09:43:46,16.33,100,
09:43:48,16.32,100,
09:43:51,16.32,100,
09:43:54,16.321,117,
09:43:56,16.32,100,
09:43:58,16.33,150,
09:43:58,16.33,100,
09:43:59,16.34,100,
09:43:59,16.34,200,
09:43:59,16.34,100,
09:43:59,16.34,100,
09:43:59,16.34,100,
09:43:59,16.34,100,
09:43:59,16.34,200,
09:43:59,16.34,100,
09:43:59,16.34,100,
09:44:01,16.33,400,
09:44:02,16.33,200,
09:44:02,16.33,1000,
09:44:02,16.33,500,
09:44:09,16.33,379,
09:44:09,16.33,100,
09:44:11,16.33,300,
09:44:12,16.331,200,
09:44:12,16.33,250,
09:44:13,16.331,100,
09:44:19,16.325,100,
09:44:19,16.325,100,
09:44:20,16.33,300,
09:44:20,16.33,100,
09:44:20,16.33,300,
09:44:20,16.33,800,
09:44:31,16.334,600,
09:44:33,16.34,200,
09:44:33,16.339,200,
09:44:38,16.335,100,
09:44:41,16.335,100,
09:44:42,16.34,800,
09:44:45,16.35,100,
09:44:46,16.35,100,
09:44:46,16.35,100,
09:44:49,16.36,100,
09:44:53,16.36,500,
09:45:01,16.3501,750,
09:45:05,16.3599,1500,
09:45:12,16.3599,200,
09:45:16,16.35,200,
09:45:18,16.34,100,
09:45:28,16.34,100,
09:45:30,16.331,7000,
09:45:34,16.34,100,
09:45:37,16.34,750,
09:45:43,16.35,100,
09:45:43,16.35,100,
09:45:43,16.35,1800,
09:45:43,16.35,200,
09:45:43,16.35,1500,
09:45:45,16.35,103,
09:45:45,16.35,100,
09:45:49,16.35,100,
09:46:00,16.34,100,
09:46:00,16.34,100,
09:46:06,16.34,100,
09:46:08,16.33,200,
09:46:09,16.33,100,
09:46:09,16.3375,2000,
09:46:11,16.33,1700,
09:46:14,16.33,100,
09:46:29,16.33,100,
09:46:33,16.32,100,
09:46:38,16.32,100,
09:46:39,16.311,200,
09:46:41,16.3175,200,
09:46:41,16.32,300,
09:46:43,16.32,200,
09:46:45,16.32,100,
09:46:45,16.31,150,
09:46:49,16.32,100,
09:46:59,16.31,200,
09:47:00,16.3199,2500,
09:47:06,16.32,100,
09:47:10,16.328,500,
09:47:10,16.33,100,
09:47:10,16.33,400,
09:47:12,16.3225,2000,
09:47:15,16.329,3500,
09:47:15,16.329,3400,
09:47:15,16.324,131,
09:47:15,16.324,126,
09:47:16,16.324,334,
09:47:16,16.324,324,
09:47:16,16.324,220,
09:47:16,16.324,129,
09:47:17,16.325,326,
09:47:17,16.324,105,
09:47:18,16.324,281,
09:47:24,16.32,200,
09:47:27,16.329,3000,
09:47:29,16.32,300,
09:47:30,16.3201,1800,
09:47:30,16.32,300,
09:47:34,16.32,200,
09:47:36,16.34,300,
09:47:36,16.33,100,
09:47:36,16.34,100,
09:47:37,16.33,100,
09:47:39,16.33,100,
09:47:40,16.32,500,
09:47:41,16.3283,260,
09:47:42,16.321,500,
09:47:44,16.32,1800,
09:47:47,16.33,200,
09:47:49,16.33,100,
09:47:54,16.33,100,
09:47:54,16.3238,400,
09:47:56,16.326,1000,
09:47:58,16.33,400,
09:48:00,16.3299,400,
09:48:03,16.34,100,
09:48:03,16.34,1000,
09:48:04,16.34,300,
09:48:04,16.34,100,
09:48:10,16.3315,2000,
09:48:12,16.34,100,
09:48:13,16.34,1010,
09:48:16,16.34,100,
09:48:18,16.35,500,
09:48:19,16.3499,800,
09:48:19,16.34,500,
09:48:19,16.35,10000,
09:48:23,16.359,3700,
09:48:23,16.359,900,
09:48:24,16.36,7900,
09:48:27,16.35,1400,
09:48:27,16.35,2400,
09:48:27,16.35,500,
09:48:27,16.35,1400,
09:48:35,16.3501,700,
09:48:35,16.35,1300,
09:48:38,16.35,1300,
09:48:38,16.35,300,
09:48:38,16.35,1000,
09:48:43,16.36,100,
09:48:46,16.36,20000,
09:48:50,16.36,250,
09:48:50,16.36,100,
09:48:55,16.36,7500,
09:48:55,16.36,200,
09:48:56,16.36,1500,
09:48:57,16.35,1200,
09:48:57,16.35,100,
09:48:57,16.35,900,
09:48:59,16.35,1125,
09:48:59,16.35,600,
09:49:04,16.35,30000,
09:49:07,16.342,500,
09:49:25,16.34,100,
09:49:27,16.33,100,
09:49:48,16.32,100,
09:49:51,16.32,100,
09:49:55,16.316,300,
09:49:57,16.32,100,
09:50:06,16.32,100,
09:50:07,16.319,700,
09:50:07,16.319,700,
09:50:12,16.33,200,
09:50:13,16.33,200,
09:50:13,16.33,100,
09:50:13,16.3301,900,
09:50:22,16.3399,1100,
09:50:23,16.33,500,
09:50:25,16.339,500,
09:50:25,16.339,530,
09:50:26,16.33,204,
09:50:27,16.3399,1000,
09:50:27,16.34,120,
09:50:28,16.33,700,
09:50:28,16.33,100,
09:50:28,16.32,100,
09:50:34,16.32,200,
09:50:35,16.32,190,
09:50:41,16.33,700,
09:50:41,16.33,100,
09:50:44,16.33,200,
09:50:48,16.34,100,
09:50:53,16.34,200,
09:51:00,16.34,500,
09:51:02,16.34,700,
09:51:02,16.34,100,
09:51:06,16.34,100,
09:51:07,16.34,1500,
09:51:07,16.34,100,
09:51:11,16.3399,400,
09:51:27,16.3394,290,
09:51:33,16.3399,3900,
09:51:35,16.34,200,
09:51:37,16.34,1300,
09:51:39,16.35,1000,
09:51:40,16.34,400,
09:51:41,16.33,100,
09:51:42,16.33,200,
09:51:43,16.3301,700,
09:51:48,16.3299,200,
09:51:54,16.34,100,
09:51:58,16.34,300,
09:52:07,16.332,250,
09:52:08,16.339,500,
09:52:10,16.34,100,
09:52:19,16.34,100,
09:52:24,16.33,425,
09:52:24,16.33,100,
09:52:38,16.329,600,
09:52:40,16.329,100,
09:52:41,16.3262,400,
09:52:45,16.32,200,
09:52:48,16.3201,7000,
09:52:57,16.32,1000,
09:53:02,16.33,100,
09:53:02,16.33,200,
09:53:02,16.33,100,
09:53:15,16.33,143,
09:53:15,16.33,142,
09:53:15,16.33,143,
09:53:17,16.326,800,
09:53:18,16.32,142,
09:53:18,16.32,100,
09:53:22,16.32,100,
09:53:25,16.32,600,
09:53:31,16.32,100,
09:53:42,16.33,100,
09:53:49,16.331,2500,
09:53:56,16.3317,1000,
09:53:56,16.35,100,
09:53:56,16.35,100,
09:54:04,16.342,250,
09:54:13,16.349,200,
09:54:13,16.349,100,
09:54:16,16.35,100,
09:54:19,16.34,200,
09:54:19,16.34,500,
09:54:19,16.33,100,
09:54:19,16.33,200,
09:54:21,16.329,500,
09:54:21,16.329,300,
09:54:22,16.329,200,
09:54:22,16.329,700,
09:54:23,16.33,100,
09:54:29,16.34,484,
09:54:29,16.34,200,
09:54:30,16.34,600,
09:54:31,16.34,100,
09:54:36,16.34,200,
09:54:37,16.339,100,
09:54:37,16.339,100,
09:54:37,16.339,100,
09:54:37,16.339,100,
09:54:38,16.339,100,
09:54:40,16.34,400,
09:54:42,16.3499,300,
09:54:43,16.34,100,
09:54:51,16.339,100,
09:54:54,16.3399,1000,
09:54:55,16.338,1000,
09:55:03,16.33,700,
09:55:15,16.33,700,
09:55:22,16.332,1000,
09:55:24,16.33,100,
09:55:27,16.33,300,
09:55:27,16.33,300,
09:55:27,16.33,300,
09:55:27,16.33,1600,
09:55:30,16.329,300,
09:55:32,16.329,100,
09:55:32,16.329,700,
09:55:33,16.329,200,
09:55:34,16.3201,3000,
09:55:35,16.32,4000,
09:55:37,16.3299,1500,
09:55:37,16.32,100,
09:55:39,16.32,400,
09:55:39,16.32,400,
09:55:39,16.32,100,
09:55:39,16.32,400,
09:55:39,16.32,1500,
09:55:40,16.32,600,
09:55:40,16.32,800,
09:55:40,16.32,400,
09:55:42,16.32,1800,
09:55:45,16.32,150,
09:55:45,16.32,300,
09:55:45,16.32,150,
09:55:45,16.32,600,
09:55:45,16.32,300,
09:55:53,16.32,300,
09:55:53,16.32,100,
09:55:54,16.32,100,
09:55:56,16.32,600,
09:55:56,16.32,100,
09:55:58,16.3299,200,
09:55:58,16.329,900,
09:55:59,16.329,100,
09:55:59,16.32,100,
09:56:04,16.33,878,
09:56:09,16.33,1700,
09:56:10,16.33,100,
09:56:22,16.3375,3000,
09:56:25,16.3383,400,
09:56:30,16.326,1000,
09:56:38,16.32,100,
09:56:39,16.31,200,
09:56:39,16.30,300,
09:56:41,16.30,400,
09:56:41,16.30,100,
09:56:41,16.30,200,
09:56:41,16.30,200,
09:56:41,16.30,100,
09:56:41,16.30,2000,
09:56:43,16.2956,1000,
09:56:43,16.30,300,
09:56:43,16.30,13900,
09:56:43,16.29,1000,
09:56:49,16.29,250,
09:56:49,16.29,500,
09:56:50,16.29,1500,
09:56:52,16.28,200,
09:56:52,16.28,600,
09:56:53,16.27,1500,
09:56:53,16.28,1500,
09:56:53,16.28,400,
09:56:54,16.28,100,
09:56:55,16.28,1500,
09:56:55,16.28,400,
09:56:56,16.284,5000,
09:56:58,16.289,300,
09:56:58,16.295,500,
09:56:58,16.29,136,
09:56:58,16.29,200,
09:56:58,16.29,100,
09:56:58,16.29,112,
09:56:59,16.289,100,
09:57:06,16.29,200,
09:57:08,16.30,300,
09:57:11,16.2999,1000,
09:57:13,16.30,800,
09:57:14,16.306,500,
09:57:17,16.2999,100,
09:57:17,16.30,100,
09:57:19,16.30,100,
09:57:22,16.30,200,
09:57:22,16.3001,400,
09:57:32,16.30,200,
09:57:33,16.30,100,
09:57:46,16.31,100,
09:57:47,16.31,100,
09:57:47,16.31,300,
09:57:47,16.31,100,
09:57:54,16.3183,700,
09:57:56,16.31,100,
09:58:14,16.3001,100,
09:58:34,16.30,300,
09:58:37,16.3001,2000,
09:58:48,16.2901,400,
09:58:49,16.30,100,
09:58:49,16.30,200,
09:58:50,16.31,200,
09:58:52,16.316,200,
09:58:53,16.32,575,
09:58:53,16.32,100,
09:58:54,16.33,300,
09:58:54,16.33,100,
09:58:54,16.34,100,
09:58:55,16.328,500,
09:58:57,16.34,200,
09:58:58,16.34,1000,
09:59:00,16.34,100,
09:59:06,16.359,700,
09:59:06,16.36,600,
09:59:06,16.36,100,
09:59:07,16.359,100,
09:59:07,16.359,400,
09:59:07,16.359,200,
09:59:08,16.359,100,
09:59:08,16.359,800,
09:59:08,16.359,100,
09:59:12,16.35,200,
09:59:13,16.33,100,
09:59:22,16.32,300,
09:59:29,16.328,225,
09:59:34,16.33,100,
09:59:40,16.34,900,
09:59:46,16.33,100,
09:59:46,16.33,900,
09:59:49,16.33,100,
10:00:19,16.33,100,
10:00:19,16.33,1000,
10:00:24,16.32,100,
10:00:25,16.32,1200,
10:00:28,16.3175,700,
10:00:28,16.3101,150,
10:00:35,16.32,300,
10:00:36,16.32,100,
10:00:38,16.32,500,
10:00:41,16.32,150,
10:00:47,16.32,4000,
10:00:49,16.34,100,
10:00:51,16.349,100,
10:00:55,16.3399,2000,
10:00:58,16.33,100,
10:00:58,16.33,300,
10:00:58,16.33,100,
10:01:00,16.33,100,
10:01:03,16.3375,300,
10:01:05,16.34,100,
10:01:05,16.33,600,
10:01:09,16.3255,500,
10:01:17,16.339,4300,
10:01:17,16.339,400,
10:01:20,16.3399,400,
10:01:22,16.34,700,
10:01:23,16.34,100,
10:01:23,16.34,200,
10:01:25,16.34,200,
10:01:26,16.34,1200,
10:01:26,16.34,100,
10:01:35,16.34,250,
10:01:35,16.34,100,
10:01:37,16.34,150,
10:01:42,16.35,300,
10:01:42,16.35,200,
10:01:45,16.35,100,
10:01:49,16.34,100,
10:01:50,16.34,100,
10:02:00,16.3599,1000,
10:02:00,16.35,600,
10:02:10,16.356,400,
10:02:12,16.3599,204,
10:02:20,16.358,1000,
10:02:21,16.36,100,
10:02:21,16.36,2300,
10:02:28,16.37,200,
10:02:28,16.37,100,
10:02:28,16.37,1500,
10:02:29,16.37,1000,
10:02:32,16.3875,3050,
10:02:32,16.3899,1750,
10:02:35,16.3899,100,
10:02:37,16.38,700,
10:02:37,16.38,100,
10:02:40,16.3717,500,
10:02:41,16.37,100,
10:02:41,16.37,100,
10:02:42,16.3699,300,
10:02:42,16.369,100,
10:02:42,16.3699,600,
10:02:48,16.36,100,
10:02:50,16.37,200,
10:02:50,16.37,700,
10:02:50,16.37,1500,
10:02:51,16.37,856,
10:02:51,16.37,1356,
10:02:51,16.37,1200,
10:02:51,16.37,756,
10:02:53,16.38,425,
10:02:53,16.369,300,
10:02:53,16.38,100,
10:02:53,16.369,225,
10:02:54,16.366,500,
10:03:02,16.369,100,
10:03:02,16.369,200,
10:03:03,16.36,100,
10:03:04,16.3599,3000,
10:03:08,16.36,100,
10:03:17,16.358,200,
10:03:21,16.36,100,
10:03:29,16.368,1000,
10:03:30,16.37,9000,
10:03:32,16.368,1000,
10:03:34,16.36,10000,
10:03:34,16.35,100,
10:03:38,16.348,100,
10:03:40,16.349,800,
10:03:42,16.349,100,
10:03:44,16.35,100,
10:03:52,16.35,100,
10:03:56,16.35,100,
10:04:01,16.34,100,
10:04:13,16.34,100,
10:04:17,16.34,490,
10:04:21,16.3401,1500,
10:04:23,16.348,150,
10:04:24,16.35,500,
10:04:29,16.3599,1000,
10:04:37,16.36,100,
10:04:44,16.359,100,
10:04:46,16.35,100,
10:04:56,16.36,100,
10:05:02,16.369,100,
10:05:07,16.37,100,
10:05:11,16.389,3000,
10:05:13,16.38,800,
10:05:19,16.39,1500,
10:05:21,16.40,1500,
10:05:21,16.41,1102,
10:05:21,16.41,450,
10:05:21,16.42,300,
10:05:21,16.42,700,
10:05:21,16.42,100,
10:05:21,16.42,200,
10:05:21,16.42,100,
10:05:22,16.43,100,
10:05:22,16.4101,400,
10:05:23,16.418,150,
10:05:23,16.41,150,
10:05:24,16.41,100,
10:05:24,16.42,300,
10:05:27,16.43,200,
10:05:28,16.4299,1000,
10:05:30,16.42,300,
10:05:30,16.42,200,
10:05:30,16.42,100,
10:05:30,16.42,500,
10:05:31,16.42,600,
10:05:32,16.42,100,
10:05:34,16.42,300,
10:05:34,16.42,100,
10:05:36,16.4383,1500,
10:05:37,16.44,800,
10:05:43,16.439,100,
10:05:44,16.44,100,
10:05:44,16.44,100,
10:05:45,16.43,800,
10:05:45,16.43,100,
10:05:45,16.43,600,
10:05:45,16.43,100,
10:05:48,16.426,1000,
10:05:48,16.429,100,
10:05:48,16.429,100,
10:05:49,16.429,400,
10:05:49,16.429,400,
10:05:51,16.43,1200,
10:05:51,16.43,100,
10:05:52,16.43,100,
10:05:53,16.421,2000,
10:05:53,16.42,200,
10:05:54,16.42,100,
10:05:57,16.42,100,
10:05:58,16.42,100,
10:05:59,16.42,300,
10:06:02,16.42,100,
10:06:03,16.4299,600,
10:06:08,16.42,300,
10:06:08,16.42,600,
10:06:08,16.42,100,
10:06:09,16.4199,1000,
10:06:09,16.41,100,
10:06:10,16.40,920,
10:06:10,16.3971,2000,
10:06:11,16.40,100,
10:06:15,16.41,200,
10:06:16,16.41,100,
10:06:16,16.41,100,
10:06:16,16.41,100,
10:06:17,16.41,100,
10:06:18,16.4001,2000,
10:06:23,16.41,100,
10:06:26,16.41,800,
10:06:26,16.41,800,
10:06:28,16.40,100,
10:06:28,16.40,1600,
10:06:28,16.40,100,
10:06:28,16.40,100,
10:06:28,16.40,200,
10:06:32,16.41,100,
10:06:32,16.41,100,
10:06:36,16.41,100,
10:06:40,16.42,100,
10:06:43,16.42,800,
10:06:43,16.42,1500,
10:06:45,16.42,100,
10:06:46,16.4199,300,
10:06:49,16.419,200,
10:06:52,16.41,1000,
10:06:56,16.4156,2000,
10:07:08,16.42,200,
10:07:14,16.43,200,
10:07:17,16.4213,1700,
10:07:21,16.426,988,
10:07:33,16.43,100,
10:07:37,16.44,400,
10:07:38,16.45,750,
10:07:42,16.45,700,
10:07:43,16.47,8200,
10:07:48,16.47,100,
10:07:49,16.47,500,
10:07:49,16.4799,2000,
10:07:51,16.47,100,
10:07:51,16.476,600,
10:07:52,16.47,100,
10:07:53,16.471,2600,
10:07:56,16.46,1000,
10:08:00,16.47,200,
10:08:00,16.469,100,
10:08:03,16.4701,2000,
10:08:05,16.47,1500,
10:08:09,16.4699,400,
10:08:13,16.4717,993,
10:08:14,16.47,500,
10:08:16,16.4699,500,
10:08:20,16.467,100,
10:08:21,16.47,100,
10:08:24,16.47,100,
10:08:27,16.46,100,
10:08:27,16.46,200,
10:08:29,16.468,600,
10:08:30,16.468,300,
10:08:39,16.461,2000,
10:08:41,16.4775,2200,
10:08:41,16.479,300,
10:08:42,16.47,100,
10:08:48,16.47,450,
10:08:48,16.47,100,
10:08:48,16.47,1600,
10:08:48,16.47,100,
10:08:49,16.47,100,
10:08:49,16.47,100,
10:08:51,16.47,100,
10:08:57,16.47,300,
10:08:57,16.47,100,
10:08:57,16.47,100,
10:09:04,16.489,100,
10:09:04,16.48,600,
10:09:05,16.48,200,
10:09:08,16.4775,3000,
10:09:14,16.461,2000,
10:09:18,16.4683,1000,
10:09:23,16.47,200,
10:09:23,16.469,200,
10:09:24,16.469,100,
10:09:24,16.47,150,
10:09:30,16.48,100,
10:09:32,16.47,200,
10:09:38,16.47,600,
10:09:38,16.47,100,
10:09:38,16.47,200,
10:09:39,16.467,480,
10:09:43,16.474,2600,
10:09:46,16.472,600,
10:09:46,16.472,400,
10:09:49,16.48,100,
10:09:57,16.49,200,
10:09:59,16.4801,1000,
10:10:00,16.49,200,
10:10:00,16.49,100,
10:10:00,16.49,100,
10:10:00,16.499,400,
10:10:00,16.499,400,
10:10:00,16.49,100,
10:10:00,16.49,100,
10:10:01,16.49,1900,
10:10:01,16.49,2700,
10:10:03,16.50,4000,
10:10:03,16.487,450,
10:10:03,16.489,100,
10:10:05,16.489,300,
10:10:06,16.489,100,
10:10:07,16.489,900,
10:10:07,16.49,100,
10:10:09,16.49,100,
10:10:09,16.489,100,
10:10:09,16.4862,350,
10:10:09,16.489,700,
10:10:10,16.48,800,
10:10:10,16.48,100,
10:10:10,16.48,500,
10:10:10,16.48,1000,
10:10:11,16.47,200,
10:10:12,16.48,200,
10:10:12,16.48,300,
10:10:12,16.48,100,
10:10:15,16.48,1200,
10:10:15,16.48,100,
10:10:18,16.4899,500,
10:10:20,16.48,100,
10:10:22,16.4783,1000,
10:10:26,16.46,333,
10:10:28,16.47,300,
10:10:29,16.47,100,
10:10:31,16.48,100,
10:10:33,16.479,100,
10:10:36,16.50,1500,
10:10:38,16.50,800,
10:10:38,16.50,527,
10:10:38,16.50,1500,
10:10:38,16.50,600,
10:10:39,16.51,200,
10:10:40,16.49,200,
10:10:40,16.49,100,
10:10:40,16.486,900,
10:10:41,16.4899,3000,
10:10:48,16.49,100,
10:10:53,16.48,200,
10:10:53,16.48,400,
10:10:53,16.48,100,
10:10:53,16.489,500,
10:10:54,16.48,100,
10:10:54,16.4899,500,
10:10:58,16.48,100,
10:10:58,16.48,100,
10:11:03,16.48,100,
10:11:04,16.479,100,
10:11:05,16.47,100,
10:11:07,16.47,369,
10:11:07,16.4799,2200,
10:11:07,16.48,600,
10:11:07,16.48,100,
10:11:09,16.462,912,
10:11:11,16.47,100,
10:11:12,16.47,800,
10:11:12,16.4701,600,
10:11:19,16.48,2000,
10:11:21,16.4701,3000,
10:11:22,16.47,100,
10:11:25,16.47,100,
10:11:25,16.47,200,
10:11:27,16.4783,1821,
10:11:27,16.47,18200,
10:11:32,16.47,2600,
10:11:32,16.46,3000,
10:11:32,16.46,700,
10:11:32,16.4675,500,
10:11:33,16.47,500,
10:11:35,16.46,500,
10:11:36,16.4501,2000,
10:11:40,16.45,400,
10:11:41,16.45,100,
10:11:41,16.45,100,
10:11:44,16.4483,1000,
10:11:47,16.45,200,
10:11:49,16.45,200,
10:11:49,16.45,100,
10:11:50,16.446,150,
10:11:53,16.45,100,
10:11:53,16.45,1499,
10:11:55,16.45,300,
10:12:00,16.4499,1000,
10:12:04,16.45,200,
10:12:04,16.45,1600,
10:12:05,16.45,1000,
10:12:06,16.46,100,
10:12:09,16.46,100,
10:12:09,16.46,400,
10:12:16,16.4665,7000,
10:12:18,16.46,100,
10:12:21,16.47,100,
10:12:21,16.48,200,
10:12:21,16.48,100,
10:12:22,16.48,400,
10:12:28,16.49,166,
10:12:28,16.49,167,
10:12:28,16.49,167,
10:12:28,16.49,100,
10:12:28,16.48,1300,
10:12:28,16.48,600,
10:12:32,16.479,600,
10:12:32,16.476,1000,
10:12:39,16.472,500,
10:12:42,16.48,200,
10:12:42,16.48,300,
10:12:48,16.47,100,
10:12:48,16.47,200,
10:12:48,16.47,100,
10:12:48,16.47,167,
10:12:49,16.4699,2000,
10:12:50,16.468,167,
10:12:50,16.4699,5000,
10:12:50,16.46,167,
10:12:57,16.45,1200,
10:12:57,16.45,151,
10:12:58,16.446,100,
10:13:00,16.45,200,
10:13:04,16.46,100,
10:13:04,16.46,800,
10:13:05,16.46,200,
10:13:05,16.46,100,
10:13:07,16.46,100,
10:13:08,16.4683,1380,
10:13:09,16.46,100,
10:13:16,16.4499,2000,
10:13:18,16.44,200,
10:13:18,16.44,300,
10:13:18,16.44,100,
10:13:21,16.442,100,
10:13:26,16.43,2300,
10:13:26,16.4301,600,
10:13:26,16.4301,2300,
10:13:28,16.43,300,
10:13:28,16.43,100,
10:13:28,16.43,400,
10:13:28,16.43,100,
10:13:29,16.44,100,
10:13:29,16.44,1500,
10:13:30,16.444,1000,
10:13:30,16.45,500,
10:13:34,16.44,400,
10:13:34,16.44,100,
10:13:34,16.44,100,
10:13:34,16.44,100,
10:13:35,16.44,100,
10:13:39,16.44,100,
10:13:52,16.45,120,
10:13:55,16.45,100,
10:13:58,16.46,100,
10:14:12,16.468,700,
10:14:21,16.462,1000,
10:14:27,16.459,300,
10:14:28,16.46,100,
10:14:33,16.463,100,
10:14:38,16.46,100,
10:14:38,16.46,100,
10:14:44,16.46,100,
10:14:45,16.46,100,
10:14:48,16.4525,800,
10:14:51,16.45,100,
10:14:59,16.45,800,
10:14:59,16.44,100,
10:15:08,16.444,600,
10:15:18,16.443,300,
10:15:20,16.45,600,
10:15:20,16.45,400,
10:15:27,16.45,100,
10:15:29,16.459,200,
10:15:29,16.459,300,
10:15:31,16.46,300,
10:15:31,16.46,100,
10:15:31,16.46,700,
10:15:32,16.46,100,
10:15:32,16.46,100,
10:15:32,16.46,200,
10:15:33,16.46,100,
10:15:33,16.46,100,
10:15:34,16.46,200,
10:15:44,16.456,1000,
10:15:54,16.46,202,
10:15:54,16.46,100,
10:15:54,16.451,1500,
10:16:01,16.46,400,
10:16:02,16.46,100,
10:16:02,16.45,200,
10:16:02,16.45,100,
10:16:08,16.4401,1750,
10:16:11,16.45,100,
10:16:13,16.45,198,
10:16:13,16.45,200,
10:16:27,16.45,100,
10:16:45,16.46,600,
10:16:51,16.462,1500,
10:16:54,16.47,100,
10:16:55,16.47,100,
10:17:13,16.4517,1000,
10:17:14,16.45,100,
10:17:17,16.44,100,
10:17:22,16.448,1000,
10:17:44,16.448,2500,
10:17:46,16.45,200,
10:17:51,16.44,700,
10:17:53,16.44,100,
10:17:57,16.44,100,
10:18:01,16.4399,1740,
10:18:16,16.43,700,
10:18:18,16.42,700,
10:18:18,16.42,200,
10:18:18,16.42,500,
10:18:19,16.42,1000,
10:18:19,16.41,1000,
10:18:19,16.42,100,
10:18:19,16.42,199,
10:18:19,16.42,1200,
10:18:19,16.42,200,
10:18:19,16.42,400,
10:18:19,16.42,1500,
10:18:19,16.42,100,
10:18:19,16.42,100,
10:18:19,16.42,300,
10:18:19,16.42,100,
10:18:19,16.42,100,
10:18:19,16.42,1000,
10:18:19,16.42,1000,
10:18:19,16.42,1200,
10:18:19,16.42,700,
10:18:19,16.42,500,
10:18:19,16.42,100,
10:18:20,16.42,100,
10:18:20,16.411,800,
10:18:20,16.411,900,
10:18:21,16.42,100,
10:18:21,16.42,400,
10:18:21,16.42,149,
10:18:21,16.42,200,
10:18:21,16.421,2600,
10:18:21,16.421,2000,
10:18:22,16.41,100,
10:18:22,16.42,100,
10:18:27,16.43,100,
10:18:29,16.43,500,
10:18:29,16.43,100,
10:18:34,16.43,100,
10:18:37,16.44,200,
10:18:40,16.438,1000,
10:18:46,16.448,1000,
10:18:54,16.4499,100,
10:18:56,16.4499,400,
10:19:00,16.4499,4900,
10:19:05,16.44,300,
10:19:13,16.44,1000,
10:19:13,16.44,100,
10:19:15,16.43,100,
10:19:15,16.43,900,
10:19:15,16.43,150,
10:19:15,16.43,1500,
10:19:15,16.43,1234,
10:19:16,16.43,100,
10:19:17,16.43,700,
10:19:17,16.43,150,
10:19:25,16.435,500,
10:19:25,16.435,500,
10:19:28,16.4301,1000,
10:19:30,16.44,100,
10:19:30,16.44,1000,
10:19:35,16.435,500,
10:19:35,16.44,1400,
10:19:39,16.431,200,
10:19:39,16.431,300,
10:19:40,16.435,200,
10:19:40,16.44,600,
10:19:40,16.44,1000,
10:19:40,16.44,100,
10:19:41,16.43,100,
10:19:45,16.44,2600,
10:19:50,16.44,800,
10:19:50,16.44,500,
10:19:53,16.44,400,
10:19:54,16.446,1020,
10:19:59,16.4499,6140,
10:19:59,16.44,100,
10:19:59,16.44,200,
10:20:07,16.44,100,
10:20:08,16.45,100,
10:20:08,16.45,100,
10:20:09,16.45,100,
10:20:33,16.45,100,
10:20:41,16.4582,540,
10:20:45,16.46,100,
10:20:46,16.46,399,
10:20:52,16.468,300,
10:20:56,16.46,100,
10:20:57,16.46,800,
10:20:57,16.46,100,
10:20:57,16.45,800,
10:20:57,16.45,100,
10:20:57,16.45,200,
10:21:00,16.4599,5000,
10:21:01,16.4599,500,
10:21:02,16.44,200,
10:21:04,16.44,200,
10:21:04,16.44,200,
10:21:04,16.44,600,
10:21:04,16.44,100,
10:21:05,16.44,300,
10:21:05,16.44,100,
10:21:05,16.44,500,
10:21:11,16.43,100,
10:21:11,16.43,150,
10:21:19,16.43,1500,
10:21:19,16.43,1100,
10:21:29,16.43,100,
10:21:34,16.4399,5000,
10:21:44,16.44,100,
10:21:46,16.45,200,
10:21:54,16.46,100,
10:21:56,16.46,100,
10:21:58,16.459,1200,
10:22:04,16.459,3000,
10:22:16,16.4699,500,
10:22:22,16.47,400,
10:22:22,16.47,800,
10:22:22,16.468,1500,
10:22:24,16.4564,220,
10:22:28,16.46,100,
10:22:28,16.468,400,
10:22:28,16.459,100,
10:22:29,16.46,800,
10:22:38,16.46,1200,
10:22:40,16.469,2900,
10:22:40,16.466,2700,
10:22:41,16.47,800,
10:22:42,16.4685,800,
10:22:42,16.468,3400,
10:22:46,16.473,200,
10:22:47,16.48,100,
10:22:47,16.48,800,
10:22:50,16.48,5000,
10:22:53,16.48,200,
10:22:53,16.48,1500,
10:22:56,16.4899,700,
10:23:01,16.49,100,
10:23:02,16.50,500,
10:23:05,16.491,600,
10:23:05,16.491,600,
10:23:07,16.4989,4000,
10:23:09,16.496,100,
10:23:10,16.496,100,
10:23:11,16.50,1000,
10:23:13,16.49,100,
10:23:14,16.4899,4000,
10:23:16,16.489,1400,
10:23:17,16.49,100,
10:23:19,16.49,100,
10:23:22,16.488,1650,
10:23:25,16.49,350,
10:23:25,16.49,350,
10:23:25,16.49,200,
10:23:31,16.50,600,
10:23:31,16.498,1500,
10:23:37,16.499,5000,
10:23:40,16.49,100,
10:23:40,16.4883,1000,
10:23:41,16.49,300,
10:23:41,16.49,300,
10:23:44,16.49,200,
10:23:46,16.489,300,
10:23:50,16.49,100,
10:23:51,16.49,200,
10:23:51,16.49,100,
10:23:59,16.4955,500,
10:24:01,16.499,4000,
10:24:05,16.50,600,
10:24:05,16.51,200,
10:24:10,16.51,400,
10:24:10,16.51,800,
10:24:10,16.51,1500,
10:24:10,16.52,700,
10:24:10,16.52,1800,
10:24:10,16.52,2000,
10:24:12,16.519,1000,
10:24:12,16.519,1000,
10:24:12,16.52,100,
10:24:12,16.52,200,
10:24:12,16.52,100,
10:24:13,16.519,100,
10:24:15,16.5199,4000,
10:24:16,16.519,100,
10:24:22,16.529,300,
10:24:22,16.529,400,
10:24:23,16.53,100,
10:24:26,16.52,200,
10:24:27,16.52,300,
10:24:29,16.529,100,
10:24:31,16.529,200,
10:24:31,16.529,300,
10:24:36,16.53,200,
10:24:36,16.53,100,
10:24:37,16.53,200,
10:24:38,16.53,1200,
10:24:38,16.53,100,
10:24:40,16.53,400,
10:24:42,16.53,500,
10:24:42,16.53,1000,
10:24:42,16.53,100,
10:24:42,16.53,300,
10:24:42,16.53,400,
10:24:42,16.53,100,
10:24:44,16.52,200,
10:24:44,16.52,100,
10:24:45,16.51,100,
10:24:45,16.51,100,
10:24:47,16.51,1102,
10:24:48,16.51,100,
10:24:49,16.5199,3000,
10:24:52,16.511,300,
10:24:52,16.52,100,
10:24:52,16.52,200,
10:24:55,16.51,1000,
10:25:03,16.52,200,
10:25:08,16.529,200,
10:25:08,16.529,300,
10:25:10,16.528,100,
10:25:12,16.529,300,
10:25:15,16.5299,1800,
10:25:16,16.52,200,
10:25:17,16.519,2000,
10:25:19,16.52,500,
10:25:19,16.519,1500,
10:25:20,16.52,700,
10:25:21,16.52,100,
10:25:29,16.519,400,
10:25:29,16.519,400,
10:25:30,16.51,600,
10:25:30,16.51,1200,
10:25:30,16.51,800,
10:25:30,16.51,200,
10:25:36,16.51,100,
10:25:37,16.51,341,
10:25:37,16.517,150,
10:25:38,16.5101,1500,
10:25:43,16.5125,2500,
10:25:45,16.5001,200,
10:25:48,16.5099,1000,
10:25:52,16.5001,200,
10:25:52,16.50,100,
10:25:55,16.50,100,
10:25:55,16.50,100,
10:26:01,16.50,100,
10:26:01,16.50,400,
10:26:02,16.50,800,
10:26:02,16.50,100,
10:26:10,16.5099,250,
10:26:13,16.5099,100,
10:26:13,16.51,100,
10:26:21,16.51,100,
10:26:21,16.51,100,
10:26:21,16.51,100,
10:26:25,16.52,250,
10:26:25,16.52,100,
10:26:30,16.5199,300,
10:26:36,16.52,300,
10:26:36,16.52,300,
10:26:36,16.52,100,
10:26:39,16.52,100,
10:26:40,16.519,500,
10:26:40,16.519,500,
10:26:48,16.52,100,
10:26:54,16.526,600,
10:27:01,16.523,300,
10:27:05,16.52,300,
10:27:05,16.52,100,
10:27:05,16.52,800,
10:27:05,16.52,400,
10:27:05,16.52,1000,
10:27:05,16.5199,1200,
10:27:07,16.516,500,
10:27:11,16.52,100,
10:27:17,16.53,2000,
10:27:17,16.52,100,
10:27:17,16.52,100,
10:27:17,16.52,700,
10:27:17,16.52,500,
10:27:29,16.5199,400,
10:27:41,16.52,200,
10:27:44,16.5101,1200,
10:27:47,16.5199,500,
10:27:49,16.5199,100,
10:27:53,16.516,300,
10:27:53,16.52,1500,
10:27:55,16.5183,717,
10:28:05,16.5199,300,
10:28:10,16.51,1000,
10:28:11,16.51,1650,
10:28:14,16.53,100,
10:28:14,16.53,1500,
10:28:23,16.522,400,
10:28:24,16.53,800,
10:28:28,16.53,300,
10:28:34,16.53,100,
10:28:39,16.5255,1223,
10:28:42,16.5299,500,
10:28:50,16.53,500,
10:28:50,16.53,1000,
10:28:50,16.54,100,
10:28:50,16.54,170,
10:28:57,16.54,200,
10:28:58,16.54,133,
10:28:58,16.54,3000,
10:29:03,16.5399,800,
10:29:07,16.529,2000,
10:29:08,16.529,300,
10:29:08,16.52,2000,
10:29:10,16.52,100,
10:29:14,16.51,200,
10:29:15,16.51,100,
10:29:19,16.51,400,
10:29:19,16.50,800,
10:29:28,16.50,900,
10:29:35,16.508,100,
10:29:35,16.50,200,
10:29:35,16.50,100,
10:29:35,16.50,1100,
10:29:35,16.508,500,
10:29:36,16.49,800,
10:29:36,16.49,100,
10:29:36,16.49,100,
10:29:36,16.49,100,
10:29:36,16.49,100,
10:29:36,16.49,300,
10:29:36,16.49,200,
10:29:36,16.49,100,
10:29:36,16.49,100,
10:29:36,16.49,100,
10:29:37,16.4899,500,
10:29:39,16.48,100,
10:29:43,16.48,910,
10:29:44,16.481,910,
10:29:47,16.4801,600,
10:29:47,16.48,400,
10:29:47,16.48,100,
10:29:47,16.48,100,
10:29:51,16.48,166,
10:29:51,16.48,167,
10:29:51,16.48,167,
10:29:51,16.4701,3000,
10:29:54,16.47,300,
10:29:56,16.47,100,
10:29:57,16.46,1740,
10:29:58,16.466,200,
10:29:59,16.47,475,
10:29:59,16.47,475,
10:29:59,16.468,848,
10:29:59,16.47,200,
10:30:01,16.47,150,
10:30:01,16.47,100,
10:30:01,16.47,200,
10:30:01,16.47,125,
10:30:02,16.48,100,
10:30:08,16.4799,400,
10:30:08,16.48,200,
10:30:09,16.47,800,
10:30:09,16.47,1200,
10:30:09,16.47,167,
10:30:09,16.47,1500,
10:30:09,16.47,300,
10:30:10,16.479,248,
10:30:10,16.4701,5000,
10:30:10,16.48,250,
10:30:10,16.48,250,
10:30:10,16.48,250,
10:30:10,16.48,250,
10:30:10,16.48,500,
10:30:12,16.479,300,
10:30:14,16.48,800,
10:30:20,16.4801,1800,
10:30:23,16.4817,1000,
10:30:25,16.49,200,
10:30:28,16.49,200,
10:30:32,16.4999,600,
10:30:33,16.49,100,
10:30:33,16.49,300,
10:30:33,16.489,300,
10:30:35,16.48,200,
10:30:35,16.48,300,
10:30:36,16.4855,650,
10:30:43,16.48,300,
10:31:03,16.48,200,
10:31:03,16.48,200,
10:31:08,16.471,5000,
10:31:23,16.471,3000,
10:31:25,16.47,300,
10:31:25,16.47,400,
10:31:31,16.47,297,
10:31:31,16.47,100,
10:31:39,16.4699,1000,
10:31:41,16.46,1000,
10:31:41,16.461,1000,
10:31:47,16.48,100,
10:31:47,16.48,600,
10:31:53,16.49,100,
10:31:54,16.50,1000,
10:31:54,16.49,3000,
10:31:54,16.49,200,
10:31:54,16.49,650,
10:31:54,16.49,1500,
10:31:54,16.49,650,
10:31:54,16.49,150,
10:31:54,16.49,200,
10:31:54,16.49,100,
10:31:54,16.50,800,
10:31:54,16.50,600,
10:31:54,16.50,100,
10:31:54,16.50,100,
10:31:54,16.50,100,
10:31:55,16.51,100,
10:31:55,16.51,1157,
10:31:55,16.51,1000,
10:31:57,16.51,100,
10:31:57,16.52,100,
10:31:58,16.53,1500,
10:31:59,16.53,100,
10:31:59,16.52,200,
10:31:59,16.52,800,
10:31:59,16.52,300,
10:32:00,16.51,100,
10:32:00,16.51,300,
10:32:00,16.51,100,
10:32:00,16.51,100,
10:32:03,16.5017,250,
10:32:08,16.50,100,
10:32:10,16.49,100,
10:32:23,16.48,100,
10:32:24,16.47,100,
10:32:24,16.47,1600,
10:32:24,16.47,100,
10:32:24,16.47,700,
10:32:28,16.4701,300,
10:32:33,16.47,100,
10:32:34,16.47,100,
10:32:35,16.4783,1000,
10:32:38,16.479,100,
10:32:45,16.47,300,
10:32:45,16.47,100,
10:32:46,16.47,100,
10:32:51,16.4701,600,
10:32:54,16.47,1800,
10:32:54,16.47,1500,
10:32:55,16.47,200,
10:32:56,16.48,4300,
10:32:58,16.47,100,
10:32:58,16.47,100,
10:33:01,16.47,1000,
10:33:06,16.47,458,
10:33:09,16.475,200,
10:33:10,16.475,400,
10:33:10,16.475,400,
10:33:10,16.475,300,
10:33:11,16.469,250,
10:33:11,16.468,400,
10:33:14,16.47,100,
10:33:21,16.47,100,
10:33:21,16.4701,200,
10:33:23,16.46,100,
10:33:23,16.46,300,
10:33:23,16.46,300,
10:33:23,16.45,2000,
10:33:26,16.45,2000,
10:33:27,16.45,200,
10:33:27,16.44,400,
10:33:27,16.45,100,
10:33:27,16.45,600,
10:33:27,16.45,100,
10:33:27,16.45,100,
10:33:29,16.4599,700,
10:33:29,16.451,2650,
10:33:30,16.4501,100,
10:33:30,16.4501,100,
10:33:30,16.4501,400,
10:33:30,16.45,100,
10:33:32,16.45,100,
10:33:32,16.4501,500,
10:33:32,16.45,400,
10:33:33,16.45,400,
10:33:34,16.45,300,
10:33:34,16.44,10000,
10:33:36,16.4401,100,
10:33:38,16.44,10000,
10:33:42,16.45,100,
10:33:45,16.45,100,
10:33:45,16.45,100,
10:33:45,16.45,300,
10:33:48,16.44,300,
10:33:49,16.43,700,
10:33:50,16.43,100,
10:33:50,16.43,100,
10:33:50,16.43,200,
10:33:50,16.438,1000,
10:33:50,16.43,100,
10:33:56,16.42,100,
10:33:59,16.42,200,
10:33:59,16.42,300,
10:34:00,16.425,250,
10:34:03,16.4101,4000,
10:34:04,16.41,2000,
10:34:04,16.41,700,
10:34:04,16.41,500,
10:34:04,16.41,700,
10:34:05,16.40,3000,
10:34:05,16.40,100,
10:34:05,16.40,100,
10:34:07,16.41,800,
10:34:10,16.404,1000,
10:34:21,16.3917,200,
10:34:21,16.39,1000,
10:34:23,16.38,250,
10:34:23,16.38,400,
10:34:23,16.38,200,
10:34:23,16.38,800,
10:34:23,16.38,100,
10:34:23,16.38,800,
10:34:23,16.38,1000,
10:34:24,16.3799,900,
10:34:26,16.37,300,
10:34:26,16.373,300,
10:34:27,16.37,300,
10:34:27,16.37,100,
10:34:27,16.3601,400,
10:34:28,16.37,691,
10:34:32,16.38,200,
10:34:32,16.38,200,
10:34:32,16.38,100,
10:34:32,16.38,100,
10:34:32,16.37,600,
10:34:34,16.3701,100,
10:34:34,16.3701,300,
10:34:34,16.37,100,
10:34:36,16.372,100,
10:34:36,16.38,100,
10:34:36,16.38,100,
10:34:37,16.39,100,
10:34:37,16.3999,200,
10:34:37,16.39,600,
10:34:37,16.39,100,
10:34:37,16.39,3000,
10:34:37,16.39,200,
10:34:37,16.39,400,
10:34:37,16.38,100,
10:34:37,16.39,100,
10:34:37,16.39,100,
10:34:37,16.39,200,
10:34:38,16.38,200,
10:34:38,16.38,500,
10:34:38,16.38,200,
10:34:38,16.389,200,
10:34:40,16.389,3300,
10:34:40,16.389,2000,
10:34:40,16.38,400,
10:34:40,16.38,197,
10:34:41,16.38,1300,
10:34:41,16.38,500,
10:34:41,16.39,9900,
10:34:43,16.37,100,
10:34:43,16.37,700,
10:34:43,16.37,300,
10:34:46,16.37,200,
10:34:46,16.37,100,
10:34:48,16.37,800,
10:34:49,16.371,800,
10:34:49,16.371,800,
10:34:49,16.37,100,
10:34:49,16.36,100,
10:34:50,16.361,5000,
10:34:57,16.37,300,
10:34:57,16.37,200,
10:34:57,16.37,400,
10:34:57,16.37,300,
10:34:57,16.37,500,
10:34:59,16.36,14400,
10:35:00,16.37,600,
10:35:02,16.37,300,
10:35:04,16.37,200,
10:35:05,16.3799,2000,
10:35:11,16.374,200,
10:35:19,16.37,100,
10:35:21,16.37,400,
10:35:21,16.3699,1200,
10:35:21,16.37,100,
10:35:21,16.37,600,
10:35:21,16.37,300,
10:35:30,16.37,600,
10:35:32,16.371,100,
10:35:32,16.37,100,
10:35:32,16.37,100,
10:35:32,16.369,1000,
10:35:37,16.3799,152,
10:35:44,16.37,100,
10:35:46,16.37,300,
10:35:46,16.37,200,
10:35:46,16.37,300,
10:35:46,16.37,700,
10:35:51,16.36,700,
10:35:53,16.35,1650,
10:35:54,16.36,11000,
10:36:02,16.35,1500,
10:36:04,16.35,400,
10:36:04,16.35,300,
10:36:08,16.3501,1500,
10:36:09,16.35,200,
10:36:10,16.35,900,
10:36:10,16.35,200,
10:36:10,16.3501,4000,
10:36:10,16.35,763,
10:36:10,16.34,367,
10:36:11,16.34,300,
10:36:15,16.35,200,
10:36:18,16.3538,400,
10:36:18,16.36,200,
10:36:19,16.352,2400,
10:36:20,16.366,1000,
10:36:35,16.3601,500,
10:36:36,16.36,1200,
10:36:36,16.36,300,
10:36:36,16.36,100,
10:36:36,16.36,900,
10:36:38,16.37,100,
10:36:38,16.37,500,
10:36:38,16.37,467,
10:36:38,16.37,800,
10:36:38,16.37,150,
10:36:40,16.37,200,
10:36:40,16.37,2500,
10:36:44,16.37,200,
10:36:45,16.37,500,
10:37:03,16.38,100,
10:37:03,16.37,200,
10:37:03,16.38,100,
10:37:06,16.38,100,
10:37:11,16.38,100,
10:37:21,16.388,2450,
10:37:25,16.39,200,
10:37:34,16.40,10000,
10:37:40,16.4001,200,
10:37:50,16.3999,2000,
10:38:00,16.40,200,
10:38:07,16.41,100,
10:38:07,16.43,200,
10:38:07,16.43,600,
10:38:09,16.43,600,
10:38:09,16.43,820,
10:38:09,16.43,180,
10:38:09,16.43,100,
10:38:09,16.43,200,
10:38:09,16.44,600,
10:38:09,16.44,1500,
10:38:09,16.43,200,
10:38:10,16.44,158,
10:38:11,16.44,100,
10:38:14,16.4325,4500,
10:38:15,16.43,200,
10:38:16,16.43,100,
10:38:16,16.43,100,
10:38:16,16.43,100,
10:38:17,16.43,100,
10:38:17,16.43,100,
10:38:17,16.43,100,
10:38:17,16.43,100,
10:38:17,16.43,1900,
10:38:17,16.43,200,
10:38:17,16.43,100,
10:38:17,16.43,100,
10:38:18,16.43,200,
10:38:19,16.43,100,
10:38:20,16.4362,300,
10:38:22,16.43,200,
10:38:27,16.43,200,
10:38:28,16.45,4000,
10:38:30,16.45,500,
10:38:32,16.45,100,
10:38:32,16.44,200,
10:38:32,16.4575,2000,
10:38:34,16.4383,1000,
10:38:37,16.43,200,
10:38:41,16.4199,2000,
10:38:44,16.41,200,
10:38:50,16.418,1000,
10:38:56,16.41,200,
10:39:00,16.41,200,
10:39:30,16.39,2000,
10:39:30,16.391,2000,
10:39:33,16.397,200,
10:39:35,16.38,1740,
10:39:38,16.38,200,
10:39:48,16.376,1000,
10:39:51,16.37,100,
10:39:53,16.3665,900,
10:39:54,16.3625,4500,
10:39:55,16.37,100,
10:39:56,16.37,100,
10:39:57,16.36,1000,
10:40:04,16.37,900,
10:40:21,16.37,100,
10:40:26,16.37,300,
10:40:26,16.37,300,
10:40:27,16.3601,100,
10:40:34,16.36,100,
10:40:35,16.3699,4000,
10:40:39,16.36,1900,
10:40:40,16.37,200,
10:40:40,16.37,200,
10:40:43,16.37,300,
10:40:58,16.37,200,
10:41:04,16.38,100,
10:41:17,16.39,5000,
10:41:18,16.39,100,
10:41:18,16.39,800,
10:41:21,16.39,100,
10:41:24,16.41,500,
10:41:24,16.41,100,
10:41:24,16.42,500,
10:41:25,16.42,300,
10:41:25,16.42,200,
10:41:25,16.42,200,
10:41:25,16.42,600,
10:41:25,16.42,306,
10:41:25,16.42,100,
10:41:28,16.43,100,
10:41:29,16.44,100,
10:41:29,16.44,100,
10:41:30,16.44,200,
10:41:31,16.45,300,
10:41:31,16.45,1900,
10:41:32,16.45,100,
10:41:32,16.45,200,
10:41:32,16.45,100,
10:41:33,16.45,100,
10:41:35,16.45,100,
10:41:40,16.475,100,
10:41:41,16.48,1100,
10:41:42,16.50,500,
10:41:43,16.49,1800,
10:41:43,16.49,200,
10:41:45,16.499,1000,
10:41:45,16.50,1000,
10:41:46,16.49,800,
10:41:49,16.48,400,
10:41:49,16.48,100,
10:41:50,16.48,100,
10:41:51,16.47,100,
10:41:51,16.47,100,
10:41:52,16.48,100,
10:41:53,16.47,700,
10:41:53,16.47,100,
10:41:56,16.47,300,
10:41:59,16.47,200,
10:42:01,16.4785,3000,
10:42:03,16.47,100,
10:42:03,16.47,100,
10:42:03,16.47,100,
10:42:04,16.48,1500,
10:42:06,16.49,100,
10:42:12,16.49,500,
10:42:13,16.49,500,
10:42:13,16.49,300,
10:42:13,16.49,1200,
10:42:14,16.48,600,
10:42:15,16.4799,1000,
10:42:16,16.48,100,
10:42:18,16.49,1000,
10:42:24,16.49,100,
10:42:25,16.48,700,
10:42:25,16.48,100,
10:42:25,16.48,100,
10:42:25,16.48,850,
10:42:26,16.48,300,
10:42:29,16.48,100,
10:42:30,16.48,500,
10:42:32,16.476,2000,
10:42:35,16.4715,3000,
10:42:37,16.472,2100,
10:42:38,16.49,100,
10:42:45,16.492,1459,
10:42:48,16.48,100,
10:42:49,16.48,700,
10:42:54,16.48,100,
10:42:57,16.4885,5800,
10:42:58,16.4883,930,
10:43:02,16.4917,101,
10:43:03,16.499,1000,
10:43:07,16.5099,1000,
10:43:08,16.51,800,
10:43:09,16.51,2000,
10:43:12,16.516,1800,
10:43:13,16.514,6000,
10:43:21,16.53,200,
10:43:21,16.53,301,
10:43:21,16.53,100,
10:43:26,16.53,500,
10:43:27,16.528,600,
10:43:29,16.51,100,
10:43:30,16.50,100,
10:43:31,16.50,200,
10:43:32,16.49,100,
10:43:32,16.49,400,
10:43:34,16.4901,500,
10:43:35,16.50,100,
10:43:36,16.51,700,
10:43:41,16.5099,100,
10:43:48,16.492,1000,
10:43:50,16.50,100,
10:43:52,16.4999,1000,
10:43:52,16.49,100,
10:43:55,16.49,100,
10:43:55,16.49,100,
10:44:01,16.49,100,
10:44:03,16.50,100,
10:44:03,16.50,100,
10:44:03,16.50,100,
10:44:03,16.50,100,
10:44:04,16.5099,5000,
10:44:09,16.50,500,
10:44:09,16.50,100,
10:44:09,16.50,600,
10:44:09,16.50,100,
10:44:09,16.49,300,
10:44:09,16.49,200,
10:44:09,16.49,200,
10:44:09,16.49,300,
10:44:11,16.49,100,
10:44:13,16.48,100,
10:44:13,16.48,100,
10:44:14,16.47,500,
10:44:14,16.47,100,
10:44:14,16.47,300,
10:44:15,16.47,100,
10:44:15,16.47,100,
10:44:15,16.47,700,
10:44:15,16.473,150,
10:44:16,16.47,100,
10:44:17,16.47,100,
10:44:19,16.48,100,
10:44:19,16.48,700,
10:44:21,16.482,500,
10:44:31,16.48,200,
10:44:31,16.47,150,
10:44:32,16.47,100,
10:44:33,16.48,600,
10:44:38,16.47,200,
10:44:38,16.47,100,
10:44:39,16.46,100,
10:44:41,16.46,100,
10:44:42,16.4699,1000,
10:44:48,16.4615,5800,
10:44:49,16.47,100,
10:44:49,16.47,100,
10:44:51,16.47,100,
10:44:54,16.46,100,
10:44:59,16.47,100,
10:45:00,16.48,100,
10:45:01,16.47,100,
10:45:05,16.46,100,
10:45:06,16.45,200,
10:45:08,16.45,100,
10:45:10,16.45,200,
10:45:10,16.44,1200,
10:45:10,16.445,3000,
10:45:14,16.44,100,
10:45:16,16.44,100,
10:45:20,16.4401,100,
10:45:31,16.45,201,
10:45:33,16.45,100,
10:45:34,16.451,100,
10:45:36,16.451,100,
10:45:36,16.451,200,
10:45:42,16.441,200,
10:45:45,16.441,100,
10:45:46,16.44,100,
10:45:51,16.448,1500,
10:45:54,16.44,100,
10:46:00,16.40,300,
10:46:00,16.40,400,
10:46:03,16.40,400,
10:46:03,16.40,200,
10:46:03,16.40,200,
10:46:05,16.41,200,
10:46:12,16.42,200,
10:46:15,16.42,100,
10:46:24,16.43,200,
10:46:27,16.43,100,
10:46:35,16.43,100,
10:46:36,16.44,1300,
10:46:36,16.44,200,
10:46:42,16.432,112,
10:46:47,16.44,200,
10:46:47,16.44,100,
10:46:47,16.44,500,
10:46:50,16.43,200,
10:46:56,16.43,200,
10:46:56,16.43,100,
10:46:58,16.44,100,
10:46:58,16.44,600,
10:47:01,16.45,600,
10:47:16,16.46,200,
10:47:17,16.47,200,
10:47:17,16.47,100,
10:47:21,16.47,100,
10:47:27,16.4799,400,
10:47:29,16.47,200,
10:47:31,16.46,100,
10:47:37,16.4662,200,
10:47:42,16.464,1800,
10:48:01,16.4699,100,
10:48:12,16.4625,2000,
10:48:20,16.48,800,
10:48:22,16.4801,6800,
10:48:22,16.48,100,
10:48:28,16.48,800,
10:48:28,16.49,721,
10:48:28,16.49,100,
10:48:28,16.49,1600,
10:48:28,16.49,300,
10:48:28,16.49,1500,
10:48:28,16.49,1000,
10:48:28,16.49,200,
10:48:28,16.49,100,
10:48:28,16.49,900,
10:48:28,16.49,1000,
10:48:28,16.49,100,
10:48:28,16.49,200,
10:48:28,16.49,642,
10:48:28,16.49,100,
10:48:31,16.49,100,
10:48:31,16.49,200,
10:48:31,16.49,100,
10:48:33,16.50,100,
10:48:39,16.508,400,
10:48:53,16.516,700,
10:48:55,16.52,100,
10:48:55,16.52,100,
10:48:55,16.52,200,
10:48:55,16.52,100,
10:48:56,16.52,100,
10:49:02,16.54,621,
10:49:02,16.54,800,
10:49:02,16.54,600,
10:49:02,16.53,600,
10:49:05,16.53,100,
10:49:07,16.5201,1100,
10:49:09,16.52,100,
10:49:13,16.52,100,
10:49:16,16.516,1600,
10:49:20,16.52,100,
10:49:25,16.502,1800,
10:49:26,16.51,100,
10:49:29,16.51,100,
10:49:31,16.51,100,
10:49:33,16.51,500,
10:49:34,16.51,100,
10:49:37,16.50,600,
10:49:41,16.51,400,
10:49:41,16.51,100,
10:49:46,16.51,386,
10:50:04,16.51,100,
10:50:09,16.52,200,
10:50:09,16.52,300,
10:50:09,16.52,100,
10:50:09,16.52,300,
10:50:09,16.52,200,
10:50:10,16.52,100,
10:50:11,16.52,460,
10:50:14,16.5201,2000,
10:50:15,16.53,500,
10:50:16,16.52,100,
10:50:16,16.52,600,
10:50:16,16.52,200,
10:50:16,16.52,100,
10:50:30,16.53,500,
10:50:35,16.5301,3000,
10:50:38,16.536,500,
10:50:39,16.53,200,
10:50:39,16.53,100,
10:50:39,16.53,300,
10:50:40,16.53,2000,
10:50:44,16.52,100,
10:50:56,16.52,283,
10:50:58,16.52,100,
10:51:00,16.52,283,
10:51:06,16.52,283,
10:51:09,16.5201,800,
10:51:09,16.52,100,
10:51:10,16.52,400,
10:51:12,16.52,100,
10:51:18,16.52,250,
10:51:22,16.53,100,
10:51:24,16.5301,100,
10:51:25,16.54,1400,
10:51:35,16.54,1000,
10:51:39,16.54,100,
10:51:42,16.54,500,
10:51:46,16.5201,300,
10:51:48,16.52,100,
10:51:48,16.51,500,
10:51:48,16.51,100,
10:51:48,16.51,740,
10:51:48,16.51,100,
10:51:49,16.52,1800,
10:51:49,16.511,800,
10:51:49,16.521,1800,
10:51:50,16.52,100,
10:51:51,16.52,800,
10:51:51,16.52,100,
10:51:52,16.52,100,
10:51:59,16.52,900,
10:51:59,16.52,100,
10:52:03,16.51,500,
10:52:07,16.502,1035,
10:52:13,16.509,1500,
10:52:14,16.50,200,
10:52:15,16.49,200,
10:52:17,16.48,100,
10:52:18,16.47,100,
10:52:18,16.46,3155,
10:52:18,16.47,100,
10:52:22,16.47,500,
10:52:22,16.472,1000,
10:52:23,16.48,100,
10:52:23,16.49,200,
10:52:23,16.49,100,
10:52:23,16.49,100,
10:52:25,16.4775,2000,
10:52:30,16.49,300,
10:52:30,16.49,2000,
10:52:30,16.49,100,
10:52:39,16.49,100,
10:52:40,16.49,900,
10:52:40,16.49,100,
10:52:45,16.47,100,
10:52:46,16.46,13349,
10:52:46,16.46,500,
10:52:51,16.45,113,
10:52:51,16.45,100,
10:52:52,16.45,1600,
10:52:56,16.46,100,
10:52:58,16.46,784,
10:52:58,16.46,500,
10:52:58,16.45,100,
10:52:58,16.45,200,
10:52:58,16.45,100,
10:52:58,16.45,800,
10:53:00,16.45,100,
10:53:02,16.4499,1500,
10:53:04,16.44,300,
10:53:05,16.44,100,
10:53:06,16.44,100,
10:53:06,16.44,200,
10:53:07,16.43,5700,
10:53:07,16.44,3103,
10:53:07,16.44,600,
10:53:07,16.44,800,
10:53:07,16.44,300,
10:53:10,16.44,100,
10:53:10,16.432,1000,
10:53:13,16.4301,1250,
10:53:23,16.44,1000,
10:53:23,16.44,100,
10:53:26,16.455,2300,
10:53:27,16.45,100,
10:53:38,16.46,100,
10:53:39,16.47,200,
10:53:39,16.47,200,
10:53:40,16.47,100,
10:53:41,16.47,100,
10:53:46,16.48,17500,
10:53:49,16.478,1000,
10:53:50,16.47,200,
10:54:00,16.46,100,
10:54:07,16.46,100,
10:54:13,16.45,354,
10:54:13,16.45,100,
10:54:18,16.45,800,
10:54:19,16.44,200,
10:54:19,16.44,300,
10:54:23,16.45,200,
10:54:23,16.45,200,
10:54:23,16.46,100,
10:54:23,16.46,500,
10:54:23,16.46,100,
10:54:23,16.46,100,
10:54:25,16.46,1500,
10:54:26,16.45,200,
10:54:29,16.45,200,
10:54:29,16.45,800,
10:54:32,16.45,100,
10:54:35,16.45,200,
10:54:37,16.46,100,
10:54:38,16.46,1500,
10:54:41,16.45,100,
10:54:43,16.458,1000,
10:54:43,16.46,400,
10:54:47,16.47,100,
10:54:59,16.47,200,
10:55:05,16.4517,500,
10:55:07,16.45,200,
10:55:11,16.46,200,
10:55:16,16.46,200,
10:55:18,16.46,200,
10:55:18,16.46,200,
10:55:18,16.46,300,
10:55:21,16.464,1600,
10:55:24,16.47,200,
10:55:25,16.47,100,
10:55:28,16.47,200,
10:55:31,16.47,341,
10:55:34,16.479,2000,
10:55:41,16.49,1000,
10:55:44,16.49,800,
10:55:44,16.49,100,
10:55:45,16.50,164,
10:55:49,16.502,400,
10:55:50,16.50,200,
10:56:00,16.49,200,
10:56:01,16.4852,1000,
10:56:02,16.49,200,
10:56:06,16.49,250,
10:56:10,16.51,100,
10:56:12,16.51,200,
10:56:18,16.52,200,
10:56:18,16.52,100,
10:56:19,16.52,200,
10:56:19,16.52,100,
10:56:19,16.52,200,
10:56:19,16.52,300,
10:56:24,16.51,600,
10:56:26,16.51,100,
10:56:28,16.51,200,
10:56:39,16.51,200,
10:56:48,16.51,100,
10:56:49,16.51,500,
10:56:49,16.52,100,
10:56:50,16.53,100,
10:56:52,16.53,100,
10:56:58,16.52,800,
10:56:58,16.52,936,
10:56:58,16.52,532,
10:57:01,16.511,2000,
10:57:03,16.55,899,
10:57:03,16.55,1450,
10:57:03,16.55,1000,
10:57:04,16.5401,2000,
10:57:07,16.556,1600,
10:57:11,16.56,242,
10:57:11,16.56,800,
10:57:11,16.56,921,
10:57:11,16.56,200,
10:57:13,16.559,1300,
10:57:13,16.559,700,
10:57:15,16.56,1150,
10:57:15,16.57,1100,
10:57:16,16.56,200,
10:57:19,16.55,100,
10:57:19,16.54,100,
10:57:20,16.53,432,
10:57:20,16.53,800,
10:57:20,16.53,1200,
10:57:20,16.53,400,
10:57:20,16.53,100,
10:57:20,16.53,600,
10:57:20,16.53,200,
10:57:20,16.53,300,
10:57:20,16.53,200,
10:57:20,16.53,100,
10:57:20,16.53,100,
10:57:21,16.53,200,
10:57:21,16.54,200,
10:57:26,16.53,100,
10:57:27,16.54,200,
10:57:27,16.53,10000,
10:57:28,16.542,1800,
10:57:31,16.55,100,
10:57:33,16.55,100,
10:57:33,16.55,200,
10:57:33,16.54,200,
10:57:33,16.54,200,
10:57:37,16.549,2000,
10:57:39,16.55,200,
10:57:43,16.55,200,
10:57:47,16.549,800,
10:57:47,16.549,800,
10:57:49,16.55,6800,
10:57:51,16.55,200,
10:57:52,16.55,200,
10:57:55,16.55,200,
10:58:02,16.54,135,
10:58:03,16.54,200,
10:58:03,16.54,700,
10:58:03,16.54,150,
10:58:03,16.54,700,
10:58:03,16.54,400,
10:58:09,16.54,200,
10:58:10,16.53,200,
10:58:13,16.5299,1000,
10:58:14,16.53,650,
10:58:14,16.53,200,
10:58:14,16.53,200,
10:58:14,16.53,1500,
10:58:14,16.53,1000,
10:58:14,16.53,100,
10:58:14,16.53,100,
10:58:14,16.53,300,
10:58:15,16.53,100,
10:58:15,16.53,334,
10:58:17,16.5283,1500,
10:58:18,16.53,200,
10:58:18,16.53,200,
10:58:18,16.53,400,
10:58:21,16.53,500,
10:58:21,16.53,163,
10:58:23,16.53,137,
10:58:23,16.53,200,
10:58:23,16.53,300,
10:58:23,16.53,100,
10:58:23,16.53,500,
10:58:23,16.53,700,
10:58:25,16.5341,500,
10:58:25,16.53,200,
10:58:28,16.53,100,
10:58:28,16.5299,1000,
10:58:29,16.5201,1400,
10:58:35,16.51,100,
10:58:38,16.50,100,
10:58:38,16.49,1600,
10:58:41,16.50,400,
10:58:41,16.50,300,
10:58:41,16.50,100,
10:58:41,16.50,100,
10:58:41,16.50,666,
10:58:41,16.50,534,
10:58:41,16.50,800,
10:58:41,16.50,200,
10:58:48,16.50,200,
10:58:52,16.50,200,
10:59:00,16.506,350,
10:59:03,16.5083,1214,
10:59:07,16.51,100,
10:59:10,16.52,300,
10:59:10,16.52,700,
10:59:11,16.52,200,
10:59:13,16.52,1200,
10:59:13,16.52,100,
10:59:14,16.51,600,
10:59:14,16.51,100,
10:59:17,16.51,200,
10:59:17,16.51,400,
10:59:17,16.51,1200,
10:59:17,16.51,100,
10:59:19,16.52,700,
10:59:33,16.52,100,
10:59:33,16.52,200,
10:59:33,16.52,100,
10:59:38,16.52,200,
10:59:42,16.52,200,
10:59:42,16.52,100,
10:59:42,16.53,400,
10:59:42,16.53,300,
10:59:42,16.53,400,
10:59:42,16.53,300,
10:59:57,16.52,100,
11:00:03,16.50,200,
11:00:04,16.49,197,
11:00:10,16.47,200,
11:00:17,16.47,200,
11:00:17,16.47,200,
11:00:17,16.47,1500,
11:00:17,16.47,680,
11:00:21,16.48,200,
11:00:21,16.48,100,
11:00:21,16.48,800,
11:00:21,16.48,200,
11:00:21,16.48,100,
11:00:21,16.48,100,
11:00:21,16.48,1000,
11:00:21,16.48,300,
11:00:21,16.48,2100,
11:00:23,16.48,100,
11:00:24,16.48,1000,
11:00:24,16.48,100,
11:00:28,16.48,100,
11:00:28,16.48,702,
11:00:28,16.48,100,
11:00:28,16.48,100,
11:00:34,16.48,100,
11:00:34,16.48,600,
11:00:37,16.48,200,
11:00:38,16.486,3000,
11:00:43,16.4883,1000,
11:00:43,16.49,700,
11:00:50,16.49,100,
11:00:58,16.48,100,
11:01:00,16.48,100,
11:01:08,16.4887,1700,
11:01:17,16.48,100,
11:01:17,16.48,800,
11:01:17,16.48,300,
11:01:17,16.48,100,
11:01:17,16.48,200,
11:01:17,16.48,700,
11:01:17,16.48,300,
11:01:17,16.48,200,
11:01:32,16.4799,2000,
11:01:39,16.48,399,
11:01:39,16.48,100,
11:01:47,16.49,100,
11:01:48,16.49,100,
11:01:55,16.4901,2000,
11:02:04,16.50,100,
11:02:11,16.51,100,
11:02:18,16.52,100,
11:02:30,16.53,600,
11:02:34,16.52,200,
11:02:45,16.52,100,
11:02:47,16.5201,3000,
11:02:51,16.53,100,
11:03:06,16.52,100,
11:03:09,16.53,500,
11:03:13,16.54,200,
11:03:17,16.55,100,
11:03:18,16.55,100,
11:03:27,16.56,1500,
11:03:28,16.5625,400,
11:03:42,16.56,200,
11:03:44,16.58,300,
11:03:44,16.58,200,
11:03:44,16.58,159,
11:03:45,16.5793,100,
11:03:47,16.57,200,
11:03:47,16.57,200,
11:03:47,16.57,100,
11:03:47,16.573,100,
11:03:50,16.56,100,
11:03:50,16.56,100,
11:03:50,16.56,1500,
11:03:50,16.56,200,
11:03:53,16.57,500,
11:03:54,16.5699,4000,
11:03:56,16.57,200,
11:04:02,16.58,200,
11:04:02,16.59,200,
11:04:02,16.59,200,
11:04:02,16.59,300,
11:04:03,16.59,200,
11:04:04,16.59,200,
11:04:04,16.59,100,
11:04:04,16.59,200,
11:04:04,16.59,1200,
11:04:04,16.59,1500,
11:04:06,16.58,543,
11:04:06,16.58,800,
11:04:06,16.58,500,
11:04:09,16.5799,152,
11:04:13,16.5759,1600,
11:04:14,16.57,191,
11:04:15,16.5699,1000,
11:04:17,16.5725,3000,
11:04:24,16.59,1121,
11:04:24,16.59,200,
11:04:24,16.59,779,
11:04:24,16.60,200,
11:04:27,16.59,1200,
11:04:28,16.59,1300,
11:04:28,16.59,200,
11:04:28,16.59,100,
11:04:28,16.59,102,
11:04:28,16.59,100,
11:04:28,16.58,100,
11:04:29,16.60,200,
11:04:29,16.58,100,
11:04:29,16.58,100,
11:04:29,16.58,200,
11:04:32,16.58,2500,
11:04:34,16.57,300,
11:04:38,16.57,200,
11:04:39,16.56,300,
11:04:40,16.56,350,
11:04:40,16.56,100,
11:04:40,16.56,300,
11:04:40,16.55,200,
11:04:42,16.55,100,
11:04:51,16.5499,1000,
11:04:53,16.55,200,
11:04:59,16.56,600,
11:05:00,16.56,200,
11:05:00,16.56,200,
11:05:02,16.55,200,
11:05:04,16.55,700,
11:05:08,16.55,735,
11:05:12,16.55,200,
11:05:15,16.56,100,
11:05:18,16.56,700,
11:05:18,16.56,100,
11:05:18,16.56,100,
11:05:18,16.56,200,
11:05:22,16.55,300,
11:05:24,16.5501,5000,
11:05:25,16.56,100,
11:05:27,16.56,100,
11:05:28,16.56,100,
11:05:37,16.56,100,
11:05:41,16.56,100,
11:05:44,16.5499,200,
11:05:51,16.55,100,
11:05:59,16.55,700,
11:06:05,16.558,1500,
11:06:05,16.53,1100,
11:06:05,16.53,100,
11:06:05,16.53,1500,
11:06:05,16.53,350,
11:06:05,16.53,600,
11:06:07,16.53,100,
11:06:08,16.51,940,
11:06:08,16.52,100,
11:06:09,16.51,700,
11:06:09,16.51,1750,
11:06:09,16.51,700,
11:06:11,16.51,600,
11:06:11,16.51,200,
11:06:17,16.51,600,
11:06:17,16.5175,3000,
11:06:17,16.518,1800,
11:06:22,16.51,100,
11:06:32,16.51,100,
11:06:38,16.512,650,
11:06:42,16.52,700,
11:06:42,16.52,100,
11:06:42,16.52,100,
11:06:42,16.52,100,
11:06:45,16.51,100,
11:07:04,16.50,200,
11:07:04,16.50,100,
11:07:06,16.51,100,
11:07:06,16.51,500,
11:07:08,16.509,2500,
11:07:10,16.51,400,
11:07:10,16.51,781,
11:07:10,16.51,200,
11:07:14,16.519,2424,
11:07:16,16.51,200,
11:07:16,16.51,600,
11:07:20,16.518,100,
11:07:23,16.5199,350,
11:07:26,16.52,300,
11:07:27,16.52,100,
11:07:27,16.52,400,
11:07:34,16.53,200,
11:07:34,16.53,220,
11:07:42,16.53,100,
11:07:43,16.53,100,
11:07:44,16.54,700,
11:07:46,16.53,200,
11:07:46,16.53,400,
11:07:48,16.53,100,
11:07:52,16.52,100,
11:08:01,16.5201,292,
11:08:13,16.53,100,
11:08:24,16.53,100,
11:08:27,16.52,200,
11:08:27,16.52,100,
11:08:27,16.52,900,
11:08:27,16.52,2000,
11:08:35,16.5299,300,
11:08:41,16.53,100,
11:08:41,16.5299,2000,
11:08:44,16.53,100,
11:08:47,16.53,100,
11:08:53,16.51,300,
11:08:53,16.51,200,
11:08:58,16.5001,2000,
11:09:02,16.50,500,
11:09:05,16.50,100,
11:09:05,16.50,200,
11:09:17,16.492,1800,
11:09:23,16.48,300,
11:09:24,16.48,100,
11:09:24,16.48,100,
11:09:25,16.47,500,
11:09:28,16.48,100,
11:09:44,16.4925,3500,
11:09:50,16.50,200,
11:09:50,16.50,1500,
11:09:54,16.51,100,
11:10:03,16.51,370,
11:10:03,16.51,200,
11:10:03,16.51,100,
11:10:03,16.51,100,
11:10:03,16.5199,2000,
11:10:04,16.52,100,
11:10:08,16.52,2000,
11:10:21,16.51,170,
11:10:28,16.50,100,
11:10:30,16.51,100,
11:10:37,16.53,100,
11:10:38,16.54,1500,
11:10:38,16.54,200,
11:10:38,16.54,100,
11:10:38,16.53,100,
11:10:39,16.53,100,
11:10:44,16.53,100,
11:10:45,16.53,100,
11:10:57,16.52,100,
11:11:04,16.51,100,
11:11:08,16.51,300,
11:11:10,16.52,100,
11:11:16,16.51,200,
11:11:20,16.508,605,
11:11:24,16.52,100,
11:11:26,16.5101,2000,
11:11:31,16.51,200,
11:11:33,16.51,500,
11:11:34,16.511,100,
11:11:35,16.51,100,
11:11:35,16.51,2087,
11:11:37,16.52,400,
11:11:42,16.51,100,
11:11:46,16.51,100,
11:11:49,16.51,350,
11:11:49,16.51,100,
11:11:53,16.5201,3000,
11:11:54,16.53,100,
11:11:54,16.54,100,
11:11:54,16.54,300,
11:11:55,16.54,1200,
11:11:55,16.54,100,
11:11:55,16.53,800,
11:11:55,16.53,200,
11:11:55,16.54,200,
11:11:58,16.53,100,
11:12:00,16.52,2000,
11:12:04,16.53,200,
11:12:07,16.53,100,
11:12:09,16.53,100,
11:12:11,16.54,100,
11:12:11,16.54,100,
11:12:11,16.54,100,
11:12:18,16.53,500,
11:12:21,16.537,100,
11:12:29,16.53,100,
11:12:29,16.53,100,
11:12:31,16.53,600,
11:12:31,16.53,700,
11:12:42,16.54,100,
11:12:42,16.54,450,
11:12:42,16.54,100,
11:12:42,16.54,100,
11:12:42,16.54,100,
11:12:42,16.54,950,
11:12:42,16.54,350,
11:12:42,16.54,750,
11:12:42,16.54,1050,
11:12:42,16.54,200,
11:12:42,16.54,100,
11:12:42,16.54,100,
11:12:42,16.54,285,
11:12:42,16.54,100,
11:12:42,16.54,300,
11:12:42,16.54,100,
11:12:42,16.54,700,
11:12:42,16.54,197,
11:12:42,16.54,200,
11:12:42,16.54,600,
11:12:42,16.54,100,
11:12:42,16.54,1500,
11:12:42,16.54,100,
11:12:42,16.54,100,
11:12:42,16.54,200,
11:12:42,16.54,100,
11:12:42,16.54,100,
11:12:48,16.54,100,
11:12:48,16.54,101,
11:12:53,16.53,100,
11:12:55,16.52,100,
11:12:57,16.52,500,
11:13:00,16.52,100,
11:13:02,16.52,100,
11:13:02,16.52,100,
11:13:02,16.514,4500,
11:13:08,16.528,1800,
11:13:14,16.5283,500,
11:13:26,16.52,300,
11:13:42,16.52,100,
11:13:49,16.53,100,
11:13:52,16.53,500,
11:13:59,16.53,100,
11:14:02,16.53,100,
11:14:02,16.53,100,
11:14:15,16.53,100,
11:14:15,16.53,100,
11:14:21,16.53,357,
11:14:22,16.53,600,
11:14:24,16.54,600,
11:14:24,16.54,300,
11:14:24,16.54,100,
11:14:24,16.54,557,
11:14:24,16.54,1471,
11:14:24,16.54,900,
11:14:24,16.54,200,
11:14:24,16.54,200,
11:14:26,16.54,400,
11:14:26,16.54,300,
11:14:26,16.54,100,
11:14:26,16.54,600,
11:14:26,16.54,100,
11:14:30,16.55,600,
11:14:30,16.55,500,
11:14:32,16.5501,400,
11:14:32,16.55,300,
11:14:34,16.55,100,
11:14:34,16.55,400,
11:14:34,16.55,300,
11:14:34,16.55,100,
11:14:35,16.55,2000,
11:14:37,16.55,400,
11:14:40,16.54,100,
11:14:44,16.53,100,
11:14:44,16.5301,200,
11:14:45,16.53,200,
11:15:00,16.5399,3900,
11:15:09,16.5267,467,
11:15:20,16.52,100,
11:15:21,16.51,100,
11:15:22,16.51,100,
11:15:25,16.51,350,
11:15:25,16.51,100,
11:15:28,16.50,200,
11:15:28,16.50,300,
11:15:32,16.51,147,
11:15:33,16.52,100,
11:15:57,16.52,100,
11:16:08,16.54,100,
11:16:12,16.5383,200,
11:16:14,16.55,100,
11:16:19,16.55,300,
11:16:19,16.55,100,
11:16:22,16.55,100,
11:16:26,16.55,100,
11:16:26,16.55,500,
11:16:32,16.5399,2000,
11:16:37,16.54,100,
11:16:45,16.5317,300,
11:16:48,16.54,100,
11:17:02,16.55,1000,
11:17:02,16.55,1000,
11:17:14,16.57,1500,
11:17:15,16.5725,4500,
11:17:21,16.566,1300,
11:17:26,16.57,100,
11:17:26,16.57,100,
11:17:30,16.57,100,
11:17:37,16.56,100,
11:17:43,16.56,100,
11:17:43,16.56,600,
11:17:44,16.57,100,
11:17:53,16.58,100,
11:17:55,16.58,1000,
11:17:57,16.58,100,
11:17:57,16.58,100,
11:18:02,16.585,700,
11:18:03,16.589,100,
11:18:03,16.59,100,
11:18:11,16.57,100,
11:18:16,16.58,100,
11:18:19,16.58,100,
11:18:19,16.58,100,
11:18:20,16.58,100,
11:18:22,16.58,100,
11:18:23,16.57,200,
11:18:24,16.55,200,
11:18:24,16.55,336,
11:18:24,16.55,564,
11:18:24,16.55,800,
11:18:24,16.55,100,
11:18:24,16.55,100,
11:18:27,16.558,1000,
11:18:28,16.55,200,
11:18:29,16.57,500,
11:18:29,16.57,100,
11:18:29,16.57,179,
11:18:30,16.57,100,
11:18:32,16.56,100,
11:18:32,16.56,100,
11:18:32,16.56,100,
11:18:33,16.56,100,
11:18:36,16.558,1500,
11:18:36,16.56,100,
11:18:37,16.58,800,
11:18:38,16.58,1500,
11:18:42,16.5701,1000,
11:18:44,16.59,100,
11:18:44,16.59,200,
11:18:44,16.59,1300,
11:18:44,16.59,200,
11:18:44,16.59,200,
11:18:44,16.59,300,
11:18:44,16.59,700,
11:18:44,16.59,200,
11:18:44,16.59,300,
11:18:53,16.59,600,
11:18:54,16.59,200,
11:19:03,16.58,200,
11:19:11,16.60,200,
11:19:12,16.596,500,
11:19:15,16.591,3000,
11:19:17,16.5999,200,
11:19:21,16.60,1300,
11:19:21,16.60,400,
11:19:23,16.592,2000,
11:19:25,16.59,200,
11:19:27,16.58,300,
11:19:33,16.583,350,
11:19:43,16.5901,1500,
11:19:50,16.60,100,
11:19:56,16.59,800,
11:19:56,16.5901,1100,
11:19:59,16.59,600,
11:20:00,16.589,4000,
11:20:04,16.59,100,
11:20:09,16.60,999,
11:20:09,16.61,1300,
11:20:10,16.60,600,
11:20:12,16.61,100,
11:20:12,16.602,700,
11:20:15,16.61,4900,
11:20:20,16.60,500,
11:20:20,16.60,100,
11:20:20,16.60,1600,
11:20:22,16.5999,250,
11:20:22,16.595,300,
11:20:30,16.5925,3000,
11:20:31,16.60,200,
11:20:33,16.608,1800,
11:20:34,16.60,500,
11:20:34,16.60,1800,
11:20:37,16.59,1300,
11:20:39,16.58,250,
11:20:42,16.59,200,
11:20:47,16.60,200,
11:20:48,16.60,100,
11:20:48,16.60,300,
11:20:53,16.6083,200,
11:20:59,16.5964,200,
11:21:02,16.59,500,
11:21:05,16.58,600,
11:21:15,16.573,217,
11:21:18,16.588,1000,
11:21:19,16.58,100,
11:21:22,16.57,600,
11:21:28,16.58,100,
11:21:30,16.581,100,
11:21:36,16.5899,500,
11:21:42,16.59,200,
11:21:42,16.59,800,
11:21:42,16.59,200,
11:21:56,16.5801,1290,
11:21:56,16.59,100,
11:22:02,16.60,100,
11:22:04,16.61,100,
11:22:06,16.61,100,
11:22:08,16.61,100,
11:22:09,16.60,100,
11:22:09,16.6001,100,
11:22:14,16.61,100,
11:22:16,16.612,2000,
11:22:20,16.61,1000,
11:22:25,16.6083,250,
11:22:26,16.61,200,
11:22:26,16.61,100,
11:22:26,16.61,400,
11:22:26,16.61,100,
11:22:26,16.61,100,
11:22:26,16.61,100,
11:22:26,16.61,100,
11:22:31,16.61,100,
11:22:36,16.6159,1203,
11:22:36,16.61,100,
11:22:36,16.61,642,
11:22:37,16.605,400,
11:22:37,16.605,100,
11:22:37,16.605,400,
11:22:37,16.605,500,
11:22:41,16.6099,2500,
11:22:43,16.60,100,
11:22:52,16.60,100,
11:22:57,16.602,1000,
11:23:01,16.60,100,
11:23:01,16.6099,300,
11:23:01,16.6099,200,
11:23:09,16.61,100,
11:23:15,16.62,375,
11:23:19,16.612,200,
11:23:22,16.63,1000,
11:23:24,16.62,100,
11:23:24,16.62,1200,
11:23:25,16.6183,1000,
11:23:27,16.619,400,
11:23:28,16.629,4700,
11:23:31,16.63,200,
11:23:33,16.62,900,
11:23:34,16.616,400,
11:23:35,16.6148,500,
11:23:39,16.6142,300,
11:23:39,16.6199,690,
11:23:48,16.618,5100,
11:23:53,16.61,100,
11:23:53,16.60,100,
11:23:53,16.59,1148,
11:24:03,16.59,300,
11:24:10,16.588,1500,
11:24:14,16.58,1000,
11:24:14,16.58,600,
11:24:14,16.58,300,
11:24:14,16.58,300,
11:24:15,16.58,100,
11:24:15,16.58,500,
11:24:15,16.58,1600,
11:24:15,16.59,100,
11:24:15,16.59,200,
11:24:26,16.5973,2000,
11:24:26,16.59,100,
11:24:26,16.586,1807,
11:24:27,16.58,200,
11:24:30,16.57,100,
11:24:32,16.56,400,
11:24:33,16.57,800,
11:24:34,16.57,650,
11:24:43,16.574,500,
11:24:47,16.57,600,
11:24:54,16.56,100,
11:24:54,16.56,800,
11:24:54,16.56,100,
11:24:54,16.56,300,
11:24:59,16.55,200,
11:24:59,16.55,800,
11:25:01,16.54,300,
11:25:06,16.55,200,
11:25:09,16.5575,4500,
11:25:12,16.558,1800,
11:25:14,16.56,200,
11:25:18,16.56,17500,
11:25:21,16.57,100,
11:25:27,16.574,1000,
11:25:34,16.58,200,
11:25:34,16.59,100,
11:25:39,16.59,200,
11:25:41,16.58,237,
11:25:42,16.5799,3000,
11:25:43,16.571,2000,
11:25:43,16.576,200,
11:25:45,16.578,500,
11:25:53,16.57,200,
11:25:54,16.561,1100,
11:25:54,16.56,200,
11:25:54,16.55,200,
11:25:54,16.55,200,
11:25:54,16.55,1600,
11:25:56,16.55,1500,
11:25:58,16.56,200,
11:26:01,16.561,1000,
11:26:02,16.566,500,
11:26:03,16.56,200,
11:26:07,16.5599,1000,
11:26:13,16.55,320,
11:26:13,16.55,800,
11:26:15,16.54,100,
11:26:18,16.52,300,
11:26:21,16.53,200,
11:26:28,16.54,1400,
11:26:28,16.54,600,
11:26:32,16.54,200,
11:26:32,16.54,600,
11:26:51,16.54,100,
11:26:55,16.53,200,
11:27:00,16.531,300,
11:27:00,16.531,200,
11:27:00,16.53,300,
11:27:09,16.5301,1000,
11:27:13,16.5301,2500,
11:27:14,16.531,300,
11:27:14,16.5399,1000,
11:27:20,16.536,1500,
11:27:24,16.54,800,
11:27:24,16.54,200,
11:27:34,16.55,200,
11:27:35,16.55,700,
11:27:35,16.55,102,
11:27:35,16.55,100,
11:27:35,16.55,100,
11:27:42,16.55,1500,
11:27:42,16.56,2800,
11:27:42,16.56,500,
11:27:42,16.56,700,
11:27:47,16.57,100,
11:27:47,16.56,100,
11:27:48,16.56,100,
11:27:49,16.55,100,
11:27:55,16.56,200,
11:27:56,16.561,100,
11:27:57,16.56,1800,
11:27:57,16.56,200,
11:28:22,16.562,900,
11:28:28,16.562,2100,
11:28:28,16.5613,300,
11:28:31,16.561,100,
11:28:34,16.562,1000,
11:28:34,16.57,300,
11:28:38,16.57,200,
11:28:38,16.5717,900,
11:28:50,16.5799,1000,
11:28:58,16.59,300,
11:28:58,16.59,1200,
11:28:58,16.59,100,
11:29:01,16.58,200,
11:29:15,16.58,100,
11:29:17,16.57,200,
11:29:28,16.57,100,
11:29:32,16.57,100,
11:29:37,16.57,100,
11:29:45,16.56,600,
11:29:45,16.56,1200,
11:29:45,16.55,100,
11:29:49,16.55,600,
11:29:50,16.55,100,
11:29:50,16.55,500,
11:29:50,16.55,100,
11:29:55,16.557,100,
11:29:59,16.5501,4000,
11:30:59,16.55,800,
11:31:00,16.54,200,
11:31:03,16.54,100,
11:31:08,16.54,100,
11:31:24,16.54,300,
11:31:32,16.54,100,
11:31:32,16.54,600,
11:31:32,16.54,100,
11:31:34,16.54,100,
11:31:34,16.54,1500,
11:31:38,16.55,100,
11:31:38,16.55,200,
11:31:41,16.554,1600,
11:31:45,16.56,100,
11:31:46,16.57,200,
11:31:46,16.57,100,
11:31:50,16.566,125,
11:31:53,16.5601,200,
11:31:53,16.56,100,
11:31:59,16.56,100,
11:31:59,16.56,600,
11:32:02,16.5601,1500,
11:32:10,16.564,1630,
11:32:19,16.56,500,
11:32:23,16.5701,200,
11:32:28,16.58,100,
11:32:38,16.5899,500,
11:32:40,16.585,1000,
11:32:47,16.59,100,
11:32:57,16.59,100,
11:32:58,16.596,1575,
11:33:01,16.5905,1172,
11:33:17,16.59,100,
11:33:17,16.59,500,
11:33:18,16.5945,505,
11:33:22,16.59,100,
11:33:37,16.58,100,
11:33:37,16.57,100,
11:33:37,16.58,300,
11:33:37,16.58,100,
11:33:37,16.58,100,
11:33:37,16.58,300,
11:33:48,16.591,500,
11:33:48,16.591,500,
11:33:49,16.59,500,
11:33:50,16.591,300,
11:33:59,16.60,100,
11:33:59,16.60,200,
11:34:03,16.60,100,
11:34:12,16.59,100,
11:34:19,16.60,100,
11:34:23,16.6099,2500,
11:34:24,16.6025,880,
11:34:29,16.61,200,
11:34:38,16.62,100,
11:34:45,16.63,1200,
11:34:45,16.63,200,
11:34:45,16.63,100,
11:34:47,16.6299,500,
11:34:55,16.622,1000,
11:34:56,16.64,1684,
11:34:56,16.63,1500,
11:34:58,16.632,1800,
11:34:59,16.64,100,
11:34:59,16.64,200,
11:34:59,16.64,200,
11:34:59,16.64,1000,
11:35:00,16.65,1500,
11:35:01,16.65,1000,
11:35:02,16.6445,700,
11:35:04,16.66,701,
11:35:04,16.66,799,
11:35:04,16.652,500,
11:35:07,16.66,166,
11:35:07,16.66,167,
11:35:07,16.66,167,
11:35:09,16.67,200,
11:35:09,16.67,200,
11:35:09,16.67,100,
11:35:09,16.67,200,
11:35:11,16.66,200,
11:35:11,16.66,1500,
11:35:11,16.66,100,
11:35:11,16.66,500,
11:35:11,16.66,500,
11:35:11,16.66,100,
11:35:11,16.6699,200,
11:35:20,16.66,100,
11:35:20,16.66,100,
11:35:20,16.66,200,
11:35:22,16.66,100,
11:35:22,16.67,100,
11:35:23,16.666,1000,
11:35:25,16.66,200,
11:35:28,16.66,2000,
11:35:28,16.66,100,
11:35:30,16.66,100,
11:35:30,16.66,100,
11:35:30,16.66,100,
11:35:33,16.6699,400,
11:35:50,16.68,100,
11:35:51,16.678,100,
11:35:52,16.689,500,
11:35:54,16.6801,2000,
11:35:55,16.68,200,
11:35:56,16.682,600,
11:36:08,16.679,200,
11:36:08,16.679,200,
11:36:09,16.68,200,
11:36:13,16.68,2000,
11:36:13,16.68,200,
11:36:15,16.671,200,
11:36:18,16.6601,1500,
11:36:22,16.67,500,
11:36:33,16.68,200,
11:36:33,16.6899,200,
11:36:33,16.6799,400,
11:36:45,16.68,2000,
11:36:47,16.69,200,
11:36:50,16.69,200,
11:36:52,16.70,100,
11:36:52,16.70,100,
11:36:52,16.699,100,
11:36:52,16.699,600,
11:36:52,16.699,1075,
11:36:53,16.70,125,
11:36:53,16.70,100,
11:36:53,16.699,100,
11:36:53,16.70,600,
11:36:53,16.70,100,
11:36:53,16.69,1100,
11:36:53,16.69,600,
11:36:53,16.69,200,
11:36:55,16.69,400,
11:36:59,16.68,200,
11:37:02,16.679,200,
11:37:07,16.67,200,
11:37:07,16.67,100,
11:37:07,16.67,200,
11:37:07,16.67,100,
11:37:07,16.67,1200,
11:37:09,16.67,200,
11:37:09,16.67,500,
11:37:12,16.67,200,
11:37:12,16.67,200,
11:37:17,16.6701,400,
11:37:19,16.69,200,
11:37:21,16.70,100,
11:37:21,16.69,200,
11:37:22,16.68,2000,
11:37:22,16.68,200,
11:37:24,16.67,200,
11:37:26,16.67,200,
11:37:27,16.67,200,
11:37:27,16.6666,700,
11:37:28,16.66,100,
11:37:29,16.66,100,
11:37:34,16.658,600,
11:37:37,16.65,484,
11:37:37,16.65,3500,
11:37:37,16.65,200,
11:37:38,16.65,200,
11:37:38,16.64,600,
11:37:44,16.643,100,
11:37:56,16.642,1800,
11:38:00,16.63,200,
11:38:00,16.63,500,
11:38:00,16.63,2800,
11:38:00,16.62,200,
11:38:06,16.64,200,
11:38:08,16.638,1000,
11:38:09,16.6301,100,
11:38:16,16.63,200,
11:38:19,16.62,116,
11:38:29,16.618,100,
11:38:31,16.61,600,
11:38:31,16.615,200,
11:38:31,16.6101,1000,
11:38:31,16.61,300,
11:38:32,16.61,100,
11:38:32,16.61,100,
11:38:32,16.61,200,
11:38:32,16.61,100,
11:38:32,16.61,100,
11:38:34,16.61,200,
11:38:34,16.61,100,
11:38:37,16.62,200,
11:38:37,16.62,200,
11:38:37,16.626,800,
11:38:41,16.63,100,
11:38:41,16.63,200,
11:38:41,16.63,200,
11:38:42,16.63,600,
11:38:46,16.63,600,
11:38:50,16.6299,300,
11:38:56,16.63,200,
11:39:03,16.64,100,
11:39:07,16.64,200,
11:39:12,16.6341,200,
11:39:18,16.63,100,
11:39:23,16.6285,9000,
11:39:29,16.63,100,
11:39:38,16.638,1000,
11:39:38,16.63,100,
11:39:46,16.6295,500,
11:39:54,16.624,400,
11:39:57,16.63,200,
11:40:08,16.632,1000,
11:40:14,16.64,200,
11:40:16,16.63,1500,
11:40:16,16.63,1849,
11:40:18,16.63,200,
11:40:23,16.639,500,
11:40:25,16.6271,500,
11:40:31,16.64,100,
11:40:38,16.6499,200,
11:40:45,16.64,200,
11:40:52,16.65,700,
11:40:53,16.65,200,
11:40:54,16.65,200,
11:41:02,16.646,100,
11:41:11,16.65,100,
11:41:17,16.6508,2900,
11:41:23,16.65,400,
11:41:23,16.65,100,
11:41:43,16.64,500,
11:41:43,16.64,200,
11:41:48,16.64,200,
11:41:57,16.64,200,
11:42:16,16.64,300,
11:42:16,16.6401,200,
11:42:22,16.6401,545,
11:42:35,16.65,200,
11:42:36,16.6501,2000,
11:42:48,16.66,949,
11:42:48,16.664,500,
11:42:51,16.66,600,
11:42:52,16.66,200,
11:42:55,16.66,100,
11:42:59,16.66,100,
11:42:59,16.66,200,
11:43:00,16.6599,400,
11:43:00,16.66,100,
11:43:08,16.6599,100,
11:43:15,16.66,100,
11:43:16,16.65,100,
11:43:16,16.6599,200,
11:43:18,16.66,100,
11:43:21,16.66,100,
11:43:24,16.6501,1000,
11:43:27,16.65,200,
11:43:27,16.65,200,
11:43:30,16.66,100,
11:43:30,16.66,500,
11:43:31,16.64,300,
11:43:31,16.64,200,
11:43:32,16.653,360,
11:43:37,16.6599,400,
11:43:44,16.65,200,
11:43:51,16.64,100,
11:43:53,16.65,100,
11:44:05,16.64,200,
11:44:08,16.63,100,
11:44:11,16.62,100,
11:44:11,16.62,100,
11:44:11,16.62,100,
11:44:11,16.62,400,
11:44:11,16.62,300,
11:44:12,16.6201,1350,
11:44:15,16.62,200,
11:44:16,16.62,200,
11:44:17,16.6199,1000,
11:44:17,16.62,800,
11:44:22,16.63,100,
11:44:28,16.63,200,
11:44:34,16.6201,500,
11:44:36,16.61,100,
11:44:38,16.60,1400,
11:44:39,16.61,100,
11:44:41,16.602,1300,
11:44:44,16.60,5000,
11:44:46,16.6001,1200,
11:44:46,16.61,100,
11:44:46,16.61,200,
11:44:46,16.61,100,
11:44:46,16.61,200,
11:44:50,16.602,600,
11:44:50,16.602,2700,
11:44:51,16.61,100,
11:44:51,16.61,300,
11:44:51,16.61,100,
11:44:51,16.62,100,
11:44:55,16.62,400,
11:44:59,16.61,300,
11:44:59,16.61,200,
11:45:03,16.61,200,
11:45:05,16.61,200,
11:45:09,16.6001,4000,
11:45:11,16.61,1400,
11:45:11,16.61,200,
11:45:15,16.61,200,
11:45:15,16.61,200,
11:45:17,16.601,450,
11:45:19,16.61,500,
11:45:19,16.61,200,
11:45:20,16.601,150,
11:45:20,16.601,640,
11:45:31,16.61,200,
11:45:32,16.60,500,
11:45:32,16.60,600,
11:45:32,16.60,1500,
11:45:37,16.60,1200,
11:45:37,16.60,300,
11:45:38,16.60,1200,
11:45:41,16.593,100,
11:45:48,16.60,1000,
11:45:48,16.60,800,
11:45:48,16.60,200,
11:45:48,16.60,100,
11:45:48,16.60,400,
11:45:52,16.601,500,
11:45:58,16.6001,613,
11:45:58,16.60,200,
11:45:59,16.60,3200,
11:45:59,16.61,3200,
11:45:59,16.61,200,
11:45:59,16.61,500,
11:46:04,16.60,100,
11:46:05,16.61,400,
11:46:05,16.61,300,
11:46:05,16.61,200,
11:46:05,16.61,400,
11:46:05,16.61,300,
11:46:07,16.61,1100,
11:46:14,16.6102,1000,
11:46:28,16.62,200,
11:46:28,16.62,200,
11:46:28,16.62,100,
11:46:28,16.62,400,
11:46:47,16.63,200,
11:46:48,16.63,200,
11:46:54,16.6201,500,
11:46:59,16.63,200,
11:47:15,16.64,200,
11:47:38,16.64,200,
11:47:50,16.656,500,
11:47:50,16.65,200,
11:47:50,16.65,100,
11:47:50,16.65,200,
11:47:50,16.65,100,
11:47:50,16.65,300,
11:47:50,16.65,2225,
11:47:53,16.643,200,
11:48:00,16.642,3400,
11:48:00,16.641,1500,
11:48:08,16.642,500,
11:48:12,16.65,200,
11:48:12,16.65,1200,
11:48:20,16.66,100,
11:48:25,16.666,300,
11:48:37,16.6601,100,
11:48:39,16.66,200,
11:48:51,16.66,200,
11:49:04,16.67,200,
11:49:06,16.666,600,
11:49:15,16.6601,200,
11:49:26,16.66,200,
11:49:41,16.667,100,
11:49:51,16.67,200,
11:50:02,16.672,500,
11:50:06,16.69,200,
11:50:13,16.6999,300,
11:50:13,16.6999,3700,
11:50:14,16.70,100,
11:50:15,16.70,200,
11:50:17,16.701,2000,
11:50:19,16.7001,1800,
11:50:24,16.7001,1000,
11:50:37,16.70,200,
11:50:38,16.6975,600,
11:50:43,16.691,400,
11:50:43,16.691,400,
11:50:45,16.6925,400,
11:50:50,16.69,200,
11:50:56,16.687,100,
11:51:02,16.68,200,
11:51:02,16.68,600,
11:51:02,16.68,200,
11:51:02,16.68,200,
11:51:04,16.6899,100,
11:51:09,16.70,200,
11:51:11,16.70,400,
11:51:11,16.70,200,
11:51:12,16.696,7000,
11:51:19,16.6971,5967,
11:51:32,16.70,200,
11:51:32,16.70,200,
11:51:32,16.70,900,
11:51:32,16.70,200,
11:51:37,16.7001,300,
11:51:42,16.701,470,
11:51:54,16.71,400,
11:52:01,16.7001,400,
11:52:01,16.701,300,
11:52:07,16.70,100,
11:52:09,16.692,3400,
11:52:21,16.70,3400,
11:52:26,16.7001,100,
11:52:32,16.701,100,
11:52:42,16.7001,200,
11:52:48,16.702,295,
11:52:51,16.70,8000,
11:52:55,16.701,100,
11:53:06,16.71,2000,
11:53:09,16.70,100,
11:53:18,16.696,300,
11:53:25,16.68,300,
11:53:26,16.68,200,
11:53:28,16.67,800,
11:53:28,16.67,200,
11:53:28,16.67,106,
11:53:28,16.67,100,
11:53:28,16.67,100,
11:53:28,16.67,100,
11:53:29,16.67,100,
11:53:29,16.67,200,
11:53:30,16.67,200,
11:53:33,16.68,100,
11:53:45,16.68,300,
11:53:48,16.68,200,
11:54:04,16.681,200,
11:54:05,16.681,300,
11:54:13,16.671,100,
11:54:14,16.67,200,
11:54:23,16.6615,2000,
11:54:31,16.67,200,
11:54:31,16.67,900,
11:54:31,16.6701,1000,
11:54:39,16.661,100,
11:54:41,16.66,200,
11:54:43,16.65,200,
11:54:43,16.64,300,
11:54:45,16.65,100,
11:54:46,16.65,200,
11:54:48,16.65,6600,
11:54:51,16.66,300,
11:54:51,16.66,100,
11:54:51,16.66,100,
11:54:55,16.66,100,
11:54:57,16.6501,1000,
11:55:00,16.661,200,
11:55:02,16.661,100,
11:55:02,16.661,180,
11:55:03,16.66,500,
11:55:07,16.67,1500,
11:55:07,16.67,2900,
11:55:07,16.67,2330,
11:55:08,16.67,700,
11:55:10,16.68,700,
11:55:10,16.68,200,
11:55:17,16.68,100,
11:55:17,16.68,200,
11:55:17,16.68,100,
11:55:17,16.68,200,
11:55:18,16.68,300,
11:55:18,16.6895,500,
11:55:24,16.67,100,
11:55:31,16.67,2380,
11:55:31,16.67,100,
11:55:31,16.67,120,
11:55:38,16.6601,2000,
11:55:39,16.67,545,
11:55:39,16.67,100,
11:55:42,16.67,100,
11:55:51,16.6699,250,
11:55:58,16.661,100,
11:55:58,16.661,200,
11:56:00,16.661,150,
11:56:02,16.66,4100,
11:56:06,16.6401,300,
11:56:09,16.6401,600,
11:56:09,16.6401,1200,
11:56:11,16.64,200,
11:56:15,16.65,460,
11:56:15,16.65,400,
11:56:15,16.65,100,
11:56:15,16.65,100,
11:56:15,16.65,100,
11:56:16,16.66,100,
11:56:27,16.66,1700,
11:56:27,16.66,344,
11:56:27,16.66,100,
11:56:27,16.66,100,
11:56:27,16.66,100,
11:56:27,16.66,300,
11:56:27,16.66,200,
11:56:29,16.661,200,
11:56:37,16.67,800,
11:56:37,16.67,2800,
11:56:37,16.67,500,
11:56:42,16.661,1000,
11:56:44,16.66,100,
11:56:46,16.66,300,
11:56:54,16.66,400,
11:56:54,16.66,800,
11:56:56,16.66,600,
11:56:59,16.66,100,
11:57:04,16.651,1500,
11:57:04,16.652,1800,
11:57:07,16.66,200,
11:57:09,16.67,2000,
11:57:10,16.67,100,
11:57:10,16.67,170,
11:57:10,16.6601,350,
11:57:15,16.6605,400,
11:57:20,16.67,1100,
11:57:20,16.67,400,
11:57:38,16.6601,1200,
11:57:38,16.66,1100,
11:57:42,16.66,100,
11:57:42,16.66,100,
11:57:50,16.66,800,
11:57:50,16.67,500,
11:57:50,16.67,2000,
11:57:50,16.67,700,
11:57:50,16.67,2500,
11:57:52,16.661,210,
11:57:52,16.661,300,
11:57:52,16.66,400,
11:57:52,16.66,200,
11:57:54,16.661,100,
11:57:54,16.661,500,
11:57:57,16.651,5485,
11:58:01,16.6525,1100,
11:58:02,16.66,400,
11:58:03,16.66,500,
11:58:05,16.661,1500,
11:58:05,16.661,1500,
11:58:08,16.67,100,
11:58:13,16.66,500,
11:58:23,16.66,200,
11:58:23,16.66,100,
11:58:27,16.652,525,
11:58:30,16.65,400,
11:58:35,16.66,100,
11:58:36,16.655,1000,
11:58:41,16.66,1300,
11:58:41,16.66,200,
11:58:58,16.68,200,
11:58:58,16.68,100,
11:58:58,16.68,100,
11:59:00,16.68,400,
11:59:00,16.68,434,
11:59:00,16.678,566,
11:59:02,16.671,1200,
11:59:06,16.68,222,
11:59:11,16.6701,2692,
11:59:13,16.671,100,
11:59:15,16.6775,4000,
11:59:25,16.67,400,
11:59:50,16.65,100,
11:59:50,16.64,1000,
11:59:50,16.65,400,
11:59:56,16.65,400,
12:00:09,16.656,100,
12:00:19,16.655,300,
12:00:27,16.6501,1200,
12:00:38,16.6538,100,
12:00:51,16.65,600,
12:01:05,16.6501,500,
12:01:05,16.67,200,
12:01:05,16.6701,100,
12:01:30,16.67,100,
12:01:31,16.67,1000,
12:01:32,16.67,100,
12:01:36,16.67,200,
12:01:39,16.67,200,
12:01:49,16.668,1000,
12:02:02,16.67,200,
12:02:03,16.671,100,
12:02:05,16.67,200,
12:02:05,16.67,500,
12:02:05,16.67,200,
12:02:15,16.6725,4500,
12:02:19,16.6725,600,
12:02:28,16.68,400,
12:02:28,16.68,100,
12:02:32,16.68,200,
12:02:39,16.67,1000,
12:02:51,16.68,200,
12:02:52,16.68,200,
12:02:52,16.6801,200,
12:02:59,16.69,200,
12:02:59,16.6901,1892,
12:03:01,16.70,200,
12:03:01,16.70,301,
12:03:01,16.70,999,
12:03:01,16.70,800,
12:03:03,16.71,800,
12:03:03,16.72,100,
12:03:04,16.72,300,
12:03:04,16.72,200,
12:03:05,16.73,200,
12:03:05,16.73,200,
12:03:08,16.73,200,
12:03:08,16.72,4300,
12:03:08,16.72,100,
12:03:08,16.72,100,
12:03:08,16.72,100,
12:03:08,16.72,200,
12:03:09,16.728,1000,
12:03:13,16.721,1000,
12:03:16,16.728,1000,
12:03:17,16.72,2600,
12:03:17,16.72,2650,
12:03:17,16.72,600,
12:03:17,16.72,198,
12:03:19,16.71,2000,
12:03:19,16.71,200,
12:03:20,16.7001,500,
12:03:24,16.708,1000,
12:03:29,16.72,600,
12:03:29,16.71,200,
12:03:42,16.71,200,
12:03:45,16.7001,200,
12:03:48,16.70,1000,
12:03:58,16.70,800,
12:03:58,16.70,1251,
12:03:58,16.70,100,
12:03:58,16.70,800,
12:03:58,16.70,200,
12:03:59,16.701,100,
12:04:08,16.7001,2500,
12:04:11,16.70,200,
12:04:13,16.7001,100,
12:04:17,16.70,100,
12:04:29,16.6901,1000,
12:04:31,16.70,100,
12:04:31,16.70,200,
12:04:35,16.69,400,
12:04:38,16.691,300,
12:04:38,16.691,300,
12:05:20,16.70,10000,
12:05:20,16.69,100,
12:05:23,16.68,200,
12:05:23,16.68,2000,
12:05:23,16.68,200,
12:05:23,16.67,100,
12:05:27,16.6775,4000,
12:05:29,16.68,200,
12:05:36,16.69,1100,
12:05:36,16.69,1500,
12:05:37,16.69,100,
12:05:37,16.69,100,
12:05:37,16.69,100,
12:05:37,16.69,100,
12:05:37,16.69,100,
12:05:38,16.69,100,
12:05:39,16.69,200,
12:05:46,16.70,500,
12:05:46,16.70,200,
12:05:48,16.72,200,
12:05:48,16.71,200,
12:06:02,16.711,500,
12:06:04,16.7125,2300,
12:06:17,16.72,700,
12:06:17,16.72,200,
12:06:24,16.73,200,
12:06:24,16.73,200,
12:06:24,16.73,500,
12:06:24,16.73,800,
12:06:24,16.73,4300,
12:06:24,16.73,100,
12:06:24,16.73,1500,
12:06:24,16.73,399,
12:06:27,16.739,500,
12:06:28,16.73,500,
12:06:28,16.73,200,
12:06:28,16.74,500,
12:06:38,16.73,200,
12:06:39,16.73,2300,
12:06:39,16.73,200,
12:06:39,16.73,200,
12:06:40,16.73,500,
12:06:43,16.73,200,
12:06:43,16.73,200,
12:06:47,16.73,400,
12:06:49,16.73,1000,
12:06:52,16.7295,200,
12:06:52,16.72,2300,
12:06:52,16.72,200,
12:06:52,16.71,300,
12:06:53,16.71,200,
12:06:53,16.71,250,
12:06:54,16.71,200,
12:07:01,16.71,100,
12:07:06,16.70,200,
12:07:08,16.70,1080,
12:07:08,16.70,1200,
12:07:08,16.70,1000,
12:07:08,16.71,200,
12:07:08,16.71,1700,
12:07:12,16.71,200,
12:07:13,16.71,200,
12:07:13,16.71,1400,
12:07:24,16.694,100,
12:07:26,16.70,100,
12:07:26,16.70,1600,
12:07:26,16.70,3378,
12:07:28,16.70,200,
12:07:34,16.693,300,
12:07:35,16.69,200,
12:07:49,16.69,1200,
12:07:49,16.69,200,
12:07:53,16.69,200,
12:08:02,16.69,200,
12:08:03,16.69,800,
12:08:08,16.70,1000,
12:08:16,16.698,1800,
12:08:25,16.699,200,
12:08:36,16.692,1000,
12:08:46,16.6901,1000,
12:08:50,16.69,1200,
12:08:58,16.689,972,
12:08:59,16.68,200,
12:08:59,16.68,500,
12:08:59,16.68,200,
12:08:59,16.68,200,
12:09:01,16.68,100,
12:09:23,16.6899,240,
12:09:28,16.69,200,
12:09:28,16.69,800,
12:09:28,16.69,900,
12:09:28,16.6875,2335,
12:09:28,16.689,500,
12:09:32,16.70,100,
12:09:38,16.70,1200,
12:09:39,16.70,800,
12:09:41,16.69,200,
12:09:43,16.682,600,
12:09:50,16.69,200,
12:10:01,16.69,200,
12:10:04,16.69,100,
12:10:04,16.69,200,
12:10:04,16.69,800,
12:10:07,16.6975,4000,
12:10:12,16.69,200,
12:10:12,16.69,800,
12:10:13,16.69,100,
12:10:13,16.69,200,
12:10:15,16.6999,500,
12:10:26,16.6999,500,
12:10:29,16.70,200,
12:10:30,16.72,4500,
12:10:30,16.71,308,
12:10:33,16.71,1550,
12:10:33,16.71,200,
12:10:33,16.71,100,
12:10:33,16.71,600,
12:10:34,16.71,200,
12:10:34,16.71,100,
12:10:40,16.7025,4000,
12:10:46,16.7183,1730,
12:10:49,16.711,1200,
12:10:56,16.72,200,
12:11:02,16.72,200,
12:11:04,16.72,300,
12:11:04,16.72,700,
12:11:11,16.72,200,
12:11:35,16.7299,2000,
12:11:49,16.73,3000,
12:11:52,16.74,400,
12:11:52,16.74,200,
12:11:52,16.74,100,
12:11:53,16.74,1000,
12:11:53,16.75,100,
12:11:55,16.75,100,
12:11:55,16.749,100,
12:12:00,16.75,100,
12:12:03,16.75,500,
12:12:09,16.76,100,
12:12:09,16.75,1000,
12:12:10,16.76,400,
12:12:13,16.7625,4000,
12:12:14,16.766,1700,
12:12:16,16.762,600,
12:12:18,16.7699,150,
12:12:18,16.77,150,
12:12:23,16.7699,140,
12:12:23,16.77,200,
12:12:23,16.77,800,
12:12:23,16.77,100,
12:12:23,16.77,200,
12:12:25,16.77,100,
12:12:25,16.77,100,
12:12:25,16.768,200,
12:12:26,16.78,500,
12:12:30,16.77,200,
12:12:37,16.762,500,
12:12:41,16.77,200,
12:12:45,16.7701,5000,
12:12:49,16.778,1000,
12:12:50,16.78,100,
12:12:53,16.77,200,
12:12:53,16.779,600,
12:12:54,16.75,200,
12:12:55,16.75,100,
12:12:55,16.75,100,
12:12:55,16.75,100,
12:12:55,16.75,1000,
12:12:58,16.75,100,
12:12:58,16.75,600,
12:12:58,16.75,300,
12:13:00,16.75,100,
12:13:02,16.748,1000,
12:13:03,16.74,700,
12:13:07,16.7475,2000,
12:13:09,16.748,2900,
12:13:10,16.74,300,
12:13:13,16.7399,1000,
12:13:13,16.74,200,
12:13:13,16.74,700,
12:13:13,16.74,800,
12:13:13,16.74,100,
12:13:13,16.74,100,
12:13:13,16.74,1800,
12:13:13,16.74,100,
12:13:13,16.74,100,
12:13:13,16.74,200,
12:13:13,16.74,200,
12:13:13,16.74,300,
12:13:13,16.74,900,
12:13:13,16.74,500,
12:13:13,16.74,600,
12:13:13,16.74,200,
12:13:13,16.74,200,
12:13:13,16.74,200,
12:13:13,16.74,200,
12:13:13,16.74,200,
12:13:14,16.74,100,
12:13:16,16.74,500,
12:13:16,16.74,200,
12:13:16,16.74,100,
12:13:16,16.74,200,
12:13:16,16.74,100,
12:13:16,16.74,200,
12:13:16,16.74,100,
12:13:16,16.74,1600,
12:13:16,16.74,1500,
12:13:16,16.74,100,
12:13:16,16.74,100,
12:13:21,16.74,1500,
12:13:21,16.74,100,
12:13:21,16.74,1400,
12:13:21,16.74,100,
12:13:21,16.74,100,
12:13:21,16.74,900,
12:13:22,16.73,500,
12:13:22,16.73,200,
12:13:22,16.73,300,
12:13:22,16.73,200,
12:13:22,16.72,100,
12:13:23,16.72,100,
12:13:27,16.72,300,
12:13:28,16.72,200,
12:13:33,16.7197,100,
12:13:34,16.71,700,
12:13:39,16.72,100,
12:13:41,16.72,100,
12:13:47,16.72,100,
12:13:47,16.72,100,
12:13:47,16.72,100,
12:13:49,16.72,5000,
12:13:54,16.72,100,
12:14:00,16.71,100,
12:14:05,16.70,200,
12:14:06,16.69,100,
12:14:09,16.69,300,
12:14:09,16.69,100,
12:14:09,16.69,100,
12:14:09,16.69,100,
12:14:09,16.69,100,
12:14:10,16.694,1600,
12:14:13,16.70,100,
12:14:14,16.70,100,
12:14:17,16.7095,1000,
12:14:19,16.71,100,
12:14:21,16.71,200,
12:14:21,16.70,400,
12:14:21,16.70,100,
12:14:21,16.70,1400,
12:14:21,16.70,300,
12:14:21,16.70,1100,
12:14:31,16.70,175,
12:14:31,16.70,1025,
12:14:32,16.7025,4000,
12:14:37,16.698,1500,
12:14:41,16.7099,1000,
12:14:48,16.71,700,
12:14:49,16.71,100,
12:14:52,16.7085,1200,
12:14:58,16.708,100,
12:15:00,16.71,1600,
12:15:00,16.71,200,
12:15:00,16.71,2100,
12:15:00,16.71,200,
12:15:08,16.7104,306,
12:15:09,16.71,200,
12:15:09,16.71,700,
12:15:09,16.71,400,
12:15:09,16.71,200,
12:15:09,16.71,200,
12:15:09,16.71,1200,
12:15:10,16.718,500,
12:15:11,16.71,200,
12:15:14,16.72,200,
12:15:14,16.72,120,
12:15:16,16.73,100,
12:15:16,16.74,700,
12:15:18,16.74,800,
12:15:19,16.74,200,
12:15:19,16.74,100,
12:15:23,16.7325,4500,
12:15:31,16.73,700,
12:15:31,16.73,100,
12:15:39,16.74,200,
12:15:41,16.74,100,
12:15:42,16.73,200,
12:15:44,16.728,1000,
12:15:46,16.71,400,
12:15:46,16.71,200,
12:15:47,16.71,200,
12:15:52,16.718,5000,
12:15:59,16.72,200,
12:15:59,16.72,100,
12:16:01,16.71,100,
12:16:02,16.7101,200,
12:16:04,16.701,2000,
12:16:15,16.72,100,
12:16:20,16.73,100,
12:16:29,16.73,100,
12:16:30,16.73,100,
12:16:31,16.73,100,
12:16:36,16.73,100,
12:16:58,16.73,100,
12:17:07,16.73,300,
12:17:09,16.73,100,
12:17:09,16.72,438,
12:17:09,16.72,100,
12:17:13,16.71,1375,
12:17:17,16.7175,4000,
12:17:17,16.71,100,
12:17:19,16.709,800,
12:17:20,16.71,100,
12:17:27,16.714,1000,
12:17:34,16.71,100,
12:17:38,16.702,1400,
12:17:51,16.70,100,
12:18:04,16.71,100,
12:18:16,16.716,300,
12:18:19,16.7101,2500,
12:18:21,16.71,100,
12:18:35,16.71,10900,
12:18:37,16.702,100,
12:18:43,16.7099,100,
12:18:43,16.7099,815,
12:18:47,16.709,3100,
12:18:47,16.709,3200,
12:18:52,16.71,600,
12:18:54,16.71,300,
12:18:54,16.71,100,
12:18:56,16.71,100,
12:18:57,16.71,100,
12:19:01,16.709,3000,
12:19:02,16.705,300,
12:19:02,16.705,200,
12:19:02,16.709,1100,
12:19:04,16.70,100,
12:19:04,16.70,400,
12:19:10,16.7001,1500,
12:19:13,16.72,100,
12:19:21,16.729,100,
12:19:26,16.7207,300,
12:19:32,16.7275,4000,
12:19:37,16.725,100,
12:19:37,16.725,100,
12:19:37,16.725,100,
12:19:41,16.72,600,
12:19:41,16.72,100,
12:19:42,16.729,100,
12:19:43,16.73,700,
12:19:44,16.728,700,
12:19:44,16.73,100,
12:19:44,16.72,100,
12:19:47,16.7225,4500,
12:19:50,16.73,700,
12:19:50,16.73,100,
12:19:50,16.73,100,
12:19:50,16.73,100,
12:19:50,16.73,100,
12:19:51,16.729,1200,
12:19:52,16.73,100,
12:19:54,16.73,200,
12:19:54,16.735,300,
12:19:55,16.739,900,
12:19:57,16.73,100,
12:19:57,16.735,400,
12:19:58,16.72,100,
12:19:59,16.73,100,
12:20:01,16.74,100,
12:20:05,16.74,100,
12:20:11,16.74,700,
12:20:16,16.74,200,
12:20:16,16.74,100,
12:20:25,16.736,130,
12:20:29,16.73,100,
12:20:32,16.728,300,
12:20:33,16.7295,500,
12:20:36,16.72,200,
12:20:49,16.7299,1000,
12:21:17,16.72,20000,
12:21:18,16.72,100,
12:21:18,16.72,100,
12:21:18,16.7199,500,
12:21:20,16.71,300,
12:21:20,16.71,200,
12:21:25,16.70,100,
12:21:29,16.699,3000,
12:21:29,16.70,100,
12:21:29,16.70,100,
12:21:29,16.70,100,
12:21:30,16.692,2900,
12:21:32,16.70,700,
12:21:32,16.70,700,
12:21:32,16.7001,6100,
12:21:33,16.71,490,
12:21:33,16.71,200,
12:21:34,16.71,100,
12:21:44,16.72,100,
12:21:44,16.716,800,
12:21:47,16.71,100,
12:21:52,16.7069,3000,
12:22:04,16.70,100,
12:22:06,16.69,800,
12:22:07,16.69,1730,
12:22:19,16.69,100,
12:22:21,16.69,100,
12:22:37,16.70,100,
12:22:43,16.69,100,
12:22:45,16.68,500,
12:22:45,16.68,300,
12:22:48,16.67,100,
12:22:52,16.6801,300,
12:22:57,16.688,2000,
12:22:59,16.689,6000,
12:23:03,16.69,100,
12:23:03,16.69,800,
12:23:03,16.69,200,
12:23:04,16.69,200,
12:23:07,16.70,200,
12:23:07,16.70,200,
12:23:07,16.70,100,
12:23:10,16.6901,3000,
12:23:17,16.69,175,
12:23:17,16.69,1600,
12:23:34,16.688,100,
12:23:36,16.689,500,
12:23:39,16.68,100,
12:23:44,16.6725,4000,
12:23:45,16.679,100,
12:23:55,16.6799,2800,
12:24:04,16.6799,3500,
12:24:15,16.67,100,
12:24:21,16.6601,4000,
12:24:21,16.67,100,
12:24:21,16.67,200,
12:24:21,16.67,500,
12:24:21,16.67,200,
12:24:34,16.6798,500,
12:24:43,16.68,100,
12:24:51,16.68,500,
12:24:54,16.68,100,
12:24:54,16.68,500,
12:24:54,16.68,700,
12:25:03,16.6801,600,
12:25:05,16.68,100,
12:25:06,16.679,100,
12:25:08,16.688,1300,
12:25:12,16.69,100,
12:25:14,16.6901,200,
12:25:21,16.6901,1000,
12:25:33,16.70,100,
12:25:42,16.69,100,
12:25:50,16.688,500,
12:25:51,16.6899,200,
12:26:05,16.68,100,
12:26:14,16.69,100,
12:26:33,16.696,425,
12:26:35,16.69,100,
12:26:38,16.6981,500,
12:26:39,16.71,300,
12:26:39,16.70,1500,
12:26:39,16.71,200,
12:26:42,16.7075,4000,
12:26:46,16.71,100,
12:26:47,16.71,100,
12:26:50,16.718,1500,
12:26:53,16.7025,4500,
12:26:56,16.71,100,
12:26:57,16.70,100,
12:27:04,16.70,100,
12:27:04,16.6997,300,
12:27:05,16.699,100,
12:27:06,16.69,100,
12:27:18,16.69,101,
12:27:18,16.69,100,
12:27:23,16.68,100,
12:27:30,16.69,300,
12:27:30,16.69,100,
12:27:38,16.689,300,
12:27:44,16.69,100,
12:27:49,16.6899,1200,
12:27:55,16.6905,500,
12:28:11,16.70,2500,
12:28:11,16.70,200,
12:28:11,16.70,1500,
12:28:14,16.716,240,
12:28:15,16.71,100,
12:28:34,16.70,100,
12:28:41,16.69,100,
12:28:46,16.69,100,
12:29:11,16.70,100,
12:29:12,16.71,100,
12:29:12,16.71,100,
12:29:12,16.71,200,
12:29:12,16.71,200,
12:29:12,16.71,200,
12:29:16,16.70,100,
12:29:22,16.70,100,
12:29:32,16.71,200,
12:29:38,16.71,100,
12:29:44,16.7075,500,
12:30:10,16.71,100,
12:30:28,16.70,100,
12:30:54,16.706,100,
12:30:59,16.701,100,
12:31:11,16.71,100,
12:31:11,16.709,600,
12:31:14,16.71,1900,
12:31:14,16.71,100,
12:31:26,16.71,500,
12:31:26,16.71,100,
12:31:29,16.71,100,
12:31:30,16.71,100,
12:31:34,16.71,100,
12:31:46,16.70,100,
12:31:53,16.70,200,
12:31:53,16.699,100,
12:31:53,16.699,100,
12:31:54,16.699,100,
12:31:54,16.699,200,
12:31:57,16.699,1100,
12:32:02,16.70,100,
12:32:05,16.71,100,
12:32:06,16.71,500,
12:32:06,16.71,1000,
12:32:07,16.71,100,
12:32:13,16.705,100,
12:32:17,16.709,100,
12:32:21,16.71,200,
12:32:23,16.71,100,
12:32:24,16.71,200,
12:32:24,16.71,500,
12:32:24,16.71,1200,
12:32:24,16.71,100,
12:32:26,16.71,100,
12:32:28,16.70,200,
12:32:33,16.70,100,
12:32:33,16.70,300,
12:32:38,16.70,100,
12:32:41,16.70,100,
12:32:47,16.69,100,
12:32:47,16.68,200,
12:32:56,16.69,1500,
12:32:56,16.69,200,
12:32:57,16.69,100,
12:33:05,16.70,1100,
12:33:10,16.70,100,
12:33:27,16.70,200,
12:33:27,16.69,100,
12:33:28,16.6801,200,
12:33:35,16.6905,300,
12:33:38,16.70,200,
12:33:41,16.69,100,
12:33:44,16.6895,1900,
12:33:44,16.69,100,
12:33:45,16.69,100,
12:33:45,16.69,1100,
12:33:50,16.68,100,
12:33:52,16.68,200,
12:33:52,16.684,1615,
12:34:06,16.68,200,
12:34:10,16.68,200,
12:34:11,16.6805,1000,
12:34:11,16.68,1200,
12:34:11,16.68,1200,
12:34:11,16.68,100,
12:34:11,16.68,100,
12:34:12,16.672,1500,
12:34:16,16.68,100,
12:34:22,16.67,200,
12:34:23,16.67,100,
12:34:24,16.661,2600,
12:34:40,16.67,100,
12:35:12,16.671,4000,
12:35:19,16.66,300,
12:35:19,16.66,200,
12:35:19,16.6601,100,
12:35:19,16.6601,800,
12:35:39,16.6601,1600,
12:35:46,16.67,100,
12:35:55,16.6699,100,
12:35:58,16.66,200,
12:36:11,16.652,3000,
12:36:11,16.652,1000,
12:36:13,16.66,200,
12:36:13,16.66,100,
12:36:21,16.6579,250,
12:36:25,16.66,200,
12:36:25,16.66,100,
12:36:25,16.66,100,
12:36:25,16.67,200,
12:36:25,16.67,100,
12:36:25,16.67,100,
12:36:26,16.68,100,
12:36:30,16.68,100,
12:36:52,16.6799,1500,
12:36:55,16.68,750,
12:36:55,16.67,5700,
12:36:55,16.67,1650,
12:36:59,16.68,10000,
12:37:10,16.67,100,
12:37:12,16.68,450,
12:37:12,16.68,450,
12:37:21,16.68,100,
12:37:27,16.69,100,
12:37:50,16.6901,500,
12:38:15,16.70,100,
12:38:19,16.704,200,
12:38:19,16.71,1449,
12:38:19,16.71,1500,
12:38:19,16.71,1600,
12:38:19,16.71,200,
12:38:19,16.71,100,
12:38:27,16.7025,4500,
12:38:29,16.71,100,
12:38:29,16.71,100,
12:38:29,16.71,100,
12:38:37,16.7148,350,
12:38:41,16.72,1312,
12:38:41,16.72,500,
12:38:43,16.73,100,
12:38:43,16.73,500,
12:38:43,16.73,100,
12:38:44,16.72,100,
12:38:45,16.728,1500,
12:38:48,16.7075,4000,
12:38:50,16.6945,200,
12:38:58,16.70,100,
12:39:17,16.706,3750,
12:39:23,16.704,380,
12:39:30,16.71,100,
12:39:34,16.717,100,
12:39:38,16.728,2900,
12:39:40,16.73,100,
12:39:40,16.74,100,
12:39:41,16.74,500,
12:39:41,16.74,114,
12:39:42,16.74,100,
12:39:44,16.7399,110,
12:39:48,16.736,900,
12:39:52,16.73,800,
12:39:52,16.73,500,
12:39:52,16.73,100,
12:39:52,16.73,1000,
12:39:52,16.73,1500,
12:39:52,16.73,100,
12:39:52,16.73,300,
12:39:52,16.73,300,
12:39:53,16.73,300,
12:39:53,16.73,100,
12:39:57,16.738,1500,
12:39:59,16.73,200,
12:39:59,16.73,300,
12:39:59,16.73,100,
12:39:59,16.73,300,
12:39:59,16.73,100,
12:39:59,16.73,100,
12:40:01,16.73,100,
12:40:01,16.73,300,
12:40:01,16.73,100,
12:40:06,16.724,500,
12:40:07,16.73,100,
12:40:07,16.73,100,
12:40:16,16.71,100,
12:40:16,16.71,200,
12:40:24,16.71,100,
12:40:25,16.72,100,
12:40:35,16.7295,100,
12:40:36,16.722,1800,
12:40:46,16.72,100,
12:40:52,16.70,100,
12:40:58,16.70,100,
12:41:04,16.71,500,
12:41:12,16.70,200,
12:41:22,16.71,670,
12:41:22,16.71,200,
12:41:22,16.71,100,
12:41:22,16.71,200,
12:41:22,16.71,200,
12:41:22,16.71,100,
12:41:38,16.72,100,
12:41:57,16.74,100,
12:41:58,16.741,300,
12:41:59,16.741,200,
12:41:59,16.741,300,
12:42:00,16.75,200,
12:42:00,16.75,300,
12:42:00,16.75,300,
12:42:00,16.75,300,
12:42:01,16.74,1500,
12:42:01,16.74,200,
12:42:02,16.74,100,
12:42:05,16.74,100,
12:42:09,16.74,100,
12:42:11,16.74,500,
12:42:17,16.74,500,
12:42:41,16.74,100,
12:42:43,16.74,100,
12:42:51,16.75,100,
12:42:51,16.7399,400,
12:43:07,16.75,200,
12:43:07,16.75,100,
12:43:08,16.7401,400,
12:43:13,16.74,219,
12:43:22,16.75,100,
12:43:26,16.75,100,
12:43:45,16.7475,4000,
12:43:47,16.75,400,
12:43:47,16.75,1000,
12:44:03,16.75,100,
12:44:03,16.75,1500,
12:44:03,16.75,100,
12:44:03,16.75,1500,
12:44:15,16.756,1000,
12:44:32,16.76,200,
12:44:32,16.76,700,
12:44:50,16.7532,400,
12:45:08,16.76,700,
12:45:13,16.7605,1150,
12:45:15,16.768,150,
12:45:16,16.7705,400,
12:45:28,16.78,9800,
12:45:37,16.79,900,
12:45:40,16.7899,400,
12:45:43,16.786,400,
12:45:48,16.781,5500,
12:45:54,16.789,500,
12:45:56,16.79,200,
12:45:59,16.79,200,
12:45:59,16.79,100,
12:45:59,16.79,100,
12:46:00,16.789,3200,
12:46:00,16.79,200,
12:46:00,16.79,200,
12:46:00,16.79,100,
12:46:00,16.79,200,
12:46:01,16.79,200,
12:46:01,16.79,100,
12:46:05,16.789,100,
12:46:06,16.79,1000,
12:46:06,16.782,2600,
12:46:06,16.789,1000,
12:46:06,16.784,200,
12:46:07,16.789,100,
12:46:13,16.78,100,
12:46:15,16.7701,150,
12:46:17,16.77,1100,
12:46:17,16.77,800,
12:46:19,16.77,200,
12:46:19,16.77,200,
12:46:22,16.7725,4000,
12:46:23,16.78,100,
12:46:31,16.788,2900,
12:46:33,16.79,200,
12:46:34,16.79,100,
12:46:34,16.782,1000,
12:46:37,16.80,1000,
12:46:39,16.79,200,
12:46:44,16.80,199,
12:46:45,16.82,442,
12:46:49,16.819,2500,
12:46:49,16.814,2117,
12:46:51,16.80,200,
12:46:54,16.80,200,
12:46:54,16.798,500,
12:46:55,16.792,1420,
12:46:55,16.809,1200,
12:46:57,16.8075,4000,
12:46:57,16.809,100,
12:46:58,16.809,200,
12:46:59,16.8015,900,
12:47:01,16.81,1000,
12:47:01,16.81,200,
12:47:02,16.81,100,
12:47:08,16.83,1900,
12:47:13,16.8275,2900,
12:47:19,16.82,200,
12:47:19,16.82,100,
12:47:19,16.82,200,
12:47:19,16.82,100,
12:47:22,16.83,1000,
12:47:22,16.83,500,
12:47:31,16.83,200,
12:47:31,16.8399,500,
12:47:31,16.83,200,
12:47:31,16.83,100,
12:47:37,16.83,200,
12:47:45,16.84,376,
12:47:46,16.84,200,
12:47:46,16.84,200,
12:47:46,16.84,176,
12:47:46,16.84,200,
12:47:46,16.84,100,
12:47:46,16.84,200,
12:47:46,16.84,270,
12:47:46,16.84,200,
12:47:46,16.84,200,
12:47:46,16.84,100,
12:47:46,16.84,730,
12:47:46,16.84,100,
12:47:46,16.84,1500,
12:47:46,16.84,200,
12:47:46,16.84,100,
12:47:46,16.8395,1500,
12:47:48,16.83,100,
12:47:51,16.83,10000,
12:47:52,16.829,500,
12:47:52,16.829,500,
12:48:06,16.82,500,
12:48:06,16.82,250,
12:48:06,16.82,200,
12:48:06,16.82,200,
12:48:07,16.82,200,
12:48:07,16.82,200,
12:48:07,16.82,200,
12:48:07,16.82,100,
12:48:07,16.82,200,
12:48:07,16.82,500,
12:48:08,16.819,200,
12:48:09,16.82,200,
12:48:10,16.819,1000,
12:48:10,16.819,500,
12:48:10,16.819,100,
12:48:10,16.818,600,
12:48:23,16.83,100,
12:48:23,16.826,500,
12:48:30,16.829,300,
12:48:35,16.8257,400,
12:48:37,16.82,1000,
12:48:37,16.83,500,
12:48:41,16.83,200,
12:48:41,16.8299,100,
12:48:41,16.8299,200,
12:48:42,16.83,100,
12:48:42,16.83,1500,
12:48:42,16.83,1100,
12:48:42,16.83,100,
12:48:42,16.83,280,
12:48:44,16.82,500,
12:48:50,16.83,10000,
12:48:55,16.82,200,
12:48:55,16.82,100,
12:48:55,16.82,100,
12:48:55,16.82,100,
12:48:56,16.82,500,
12:48:59,16.826,5000,
12:49:01,16.83,1000,
12:49:07,16.82,100,
12:49:07,16.82,100,
12:49:07,16.816,450,
12:49:12,16.82,200,
12:49:12,16.82,100,
12:49:13,16.82,1000,
12:49:14,16.82,1100,
12:49:14,16.82,100,
12:49:15,16.82,200,
12:49:17,16.8101,3500,
12:49:20,16.826,500,
12:49:28,16.8232,1000,
12:49:40,16.823,100,
12:49:43,16.83,100,
12:49:53,16.84,200,
12:49:55,16.84,1500,
12:49:55,16.83,100,
12:49:58,16.827,175,
12:50:08,16.83,200,
12:50:12,16.8397,200,
12:50:29,16.8399,240,
12:50:38,16.83,200,
12:50:40,16.8352,1000,
12:50:44,16.8201,200,
12:50:55,16.8299,595,
12:51:00,16.83,200,
12:51:03,16.83,100,
12:51:05,16.824,550,
12:51:14,16.83,100,
12:51:34,16.8299,500,
12:51:55,16.82,100,
