09:30:00,17.87,250,
09:30:00,17.87,100,
09:30:00,17.86,1500,
09:30:00,17.86,2000,
09:30:00,17.89,800,
09:30:00,17.89,300,
09:30:00,17.8939,100,
09:30:01,17.91,300,
09:30:01,17.905,900,
09:30:02,17.90,300,
09:30:04,17.89,300,
09:30:04,17.91,500,
09:30:07,17.92,600,
09:30:07,17.92,800,
09:30:07,17.92,3000,
09:30:07,17.93,300,
09:30:07,17.93,1300,
09:30:07,17.93,1700,
09:30:07,17.93,900,
09:30:07,17.93,1100,
09:30:07,17.93,400,
09:30:07,17.93,2700,
09:30:07,17.93,300,
09:30:07,17.93,500,
09:30:07,17.93,100,
09:30:07,17.93,300,
09:30:07,17.93,4200,
09:30:07,17.93,1500,
09:30:07,17.93,1000,
09:30:07,17.93,1300,
09:30:07,17.93,1700,
09:30:07,17.93,1000,
09:30:07,17.94,500,
09:30:08,17.94,3000,
09:30:08,17.94,400,
09:30:10,17.95,300,
09:30:10,17.95,200,
09:30:10,17.91,300,
09:30:10,17.90,100,
09:30:11,17.95,100,
09:30:12,17.92,100,
09:30:12,17.92,900,
09:30:12,17.92,200,
09:30:13,17.95,300,
09:30:13,17.95,300,
09:30:15,17.95,100,
09:30:15,17.95,300,
09:30:15,17.95,355,
09:30:15,17.89,700,
09:30:16,17.95,500,
09:30:16,17.95,500,
09:30:16,17.89,400,
09:30:16,17.89,100,
09:30:16,17.95,100,
09:30:16,17.95,100,
09:30:16,17.95,300,
09:30:17,17.89,200,
09:30:25,17.95,200,
09:30:27,17.95,5200,
09:30:27,17.95,100,
09:30:27,17.96,200,
09:30:27,17.96,100,
09:30:27,17.96,100,
09:30:27,17.90,100,
09:30:27,17.95,300,
09:30:27,17.96,200,
09:30:27,17.96,100,
09:30:27,17.95,100,
09:30:28,17.95,300,
09:30:28,17.96,200,
09:30:28,17.96,5200,
09:30:30,17.95,100,
09:30:31,17.954,350,
09:30:31,17.92,1000,
09:30:31,17.95,910,
09:30:31,17.9535,1200,
09:30:32,17.90,500,
09:30:32,17.951,300,
09:30:33,17.957,1000,
09:30:33,17.91,1000,
09:30:34,17.9464,400,
09:30:39,17.9599,500,
09:30:42,17.93,333,
09:30:44,17.93,100,
09:30:44,17.93,100,
09:30:44,17.93,600,
09:30:44,17.93,600,
09:30:44,17.93,100,
09:30:44,17.93,400,
09:30:44,17.93,100,
09:30:44,17.93,3000,
09:30:46,17.96,1000,
09:30:48,17.92,200,
09:30:50,17.928,1700,
09:30:51,17.93,200,
09:30:54,17.938,200,
09:30:55,17.931,100,
09:30:58,17.95,100,
09:31:00,17.95,100,
09:31:00,17.95,4303,
09:31:00,17.95,367,
09:31:00,17.95,400,
09:31:00,17.959,500,
09:31:00,17.95,100,
09:31:03,17.95,200,
09:31:04,17.94,100,
09:31:04,17.94,100,
09:31:04,17.942,100,
09:31:04,17.942,100,
09:31:06,17.95,300,
09:31:06,17.95,100,
09:31:09,17.956,200,
09:31:10,17.9467,3000,
09:31:12,17.95,100,
09:31:21,17.95,200,
09:31:21,17.9501,200,
09:31:21,17.9501,200,
09:31:22,17.951,2500,
09:31:22,17.951,2600,
09:31:24,17.951,100,
09:31:25,17.96,100,
09:31:28,17.95,200,
09:31:32,17.9428,500,
09:31:34,17.941,100,
09:31:36,17.957,700,
09:31:40,17.96,1400,
09:31:40,17.96,100,
09:31:40,17.96,200,
09:31:40,17.9601,100,
09:31:40,17.96,100,
09:31:42,17.967,1000,
09:31:42,17.98,400,
09:31:47,17.98,300,
09:31:47,17.99,100,
09:31:47,17.99,1200,
09:31:48,17.99,100,
09:31:49,17.99,500,
09:31:49,17.99,100,
09:31:50,17.9875,2000,
09:31:53,17.9899,2000,
09:31:55,17.9899,3430,
09:31:58,18,1000,
09:31:59,17.9914,100,
09:31:59,17.9913,400,
09:31:59,17.9913,300,
09:31:59,17.99,1700,
09:32:00,18.01,200,
09:32:00,18.0074,400,
09:32:00,17.991,1700,
09:32:02,18.01,400,
09:32:02,18.01,800,
09:32:02,18.02,293,
09:32:03,18.025,616,
09:32:03,18.01,2000,
09:32:05,18.0232,2500,
09:32:10,18.0272,1000,
09:32:14,18.0114,700,
09:32:18,18.01,550,
09:32:22,18.0199,5400,
09:32:23,18.02,100,
09:32:27,18.02,100,
09:32:27,18.02,500,
09:32:27,18.02,100,
09:32:28,18.017,200,
09:32:29,18.02,300,
09:32:29,18.03,300,
09:32:29,18.02,100,
09:32:29,18.02,100,
09:32:29,18.0186,100,
09:32:29,18.0186,100,
09:32:29,18.0186,200,
09:32:29,18.02,200,
09:32:29,18.0186,200,
09:32:30,18.01,300,
09:32:30,18.0199,100,
09:32:32,18.01,200,
09:32:32,18.01,100,
09:32:32,18.0104,100,
09:32:32,18.0114,100,
09:32:32,18.0114,200,
09:32:34,18,1000,
09:32:39,18,200,
09:32:40,18,300,
09:32:40,18,550,
09:32:44,17.999,200,
09:32:44,17.999,200,
09:32:46,17.998,500,
09:32:49,17.9905,1000,
09:32:52,17.9901,700,
09:32:54,17.99,600,
09:32:54,17.99,700,
09:32:57,18,1000,
09:32:58,17.999,1000,
09:32:59,17.9914,100,
09:32:59,17.99,100,
09:32:59,17.99,100,
09:32:59,17.99,200,
09:32:59,17.9914,900,
09:33:04,17.9975,2000,
09:33:06,17.98,300,
09:33:10,17.9706,500,
09:33:11,17.971,100,
09:33:14,17.97,300,
09:33:16,17.9799,744,
09:33:20,17.9701,260,
09:33:24,17.971,100,
09:33:25,17.972,800,
09:33:28,17.979,300,
09:33:30,17.98,100,
09:33:30,17.98,100,
09:33:30,17.976,250,
09:33:34,17.97,100,
09:33:36,17.973,300,
09:33:37,17.973,940,
09:33:43,17.95,350,
09:33:48,17.96,100,
09:33:48,17.95,700,
09:33:49,17.952,700,
09:33:50,17.95,100,
09:33:51,17.951,300,
09:33:52,17.95,300,
09:33:53,17.9507,300,
09:33:58,17.9598,100,
09:33:58,17.9598,100,
09:33:58,17.9598,100,
09:33:58,17.9598,300,
09:33:58,17.959,3400,
09:33:58,17.955,100,
09:33:58,17.955,200,
09:33:58,17.955,100,
09:33:58,17.955,100,
09:33:58,17.955,100,
09:33:58,17.955,200,
09:34:03,17.9586,600,
09:34:03,17.959,700,
09:34:08,17.95,375,
09:34:08,17.95,800,
09:34:08,17.95,100,
09:34:09,17.959,200,
09:34:09,17.9533,200,
09:34:11,17.95,100,
09:34:11,17.95,200,
09:34:13,17.96,400,
09:34:13,17.96,400,
09:34:13,17.96,200,
09:34:15,17.97,800,
09:34:15,17.97,200,
09:34:15,17.979,800,
09:34:15,17.979,100,
09:34:15,17.979,4200,
09:34:15,17.979,2986,
09:34:20,17.97,100,
09:34:20,17.97,100,
09:34:20,17.97,500,
09:34:20,17.97,100,
09:34:20,17.97,300,
09:34:22,17.97,1000,
09:34:31,17.98,1000,
09:34:38,17.999,500,
09:34:39,17.99,400,
09:34:41,17.99,100,
09:34:41,17.99,100,
09:34:42,17.994,100,
09:34:53,17.99,127,
09:34:54,17.99,100,
09:34:58,18,900,
09:35:05,18.02,900,
09:35:05,18.02,500,
09:35:06,18.02,1500,
09:35:06,18.0175,1900,
09:35:07,18.02,500,
09:35:08,18.02,400,
09:35:08,18.02,100,
09:35:08,18.02,700,
09:35:08,18.02,700,
09:35:08,18.02,2200,
09:35:08,18.02,500,
09:35:08,18.02,300,
09:35:08,18.02,1000,
09:35:08,18.03,100,
09:35:08,18.02,100,
09:35:08,18.03,100,
09:35:08,18.03,300,
09:35:08,18.03,300,
09:35:08,18.02,700,
09:35:08,18.02,200,
09:35:08,18.02,300,
09:35:08,18.02,200,
09:35:08,18.0187,190,
09:35:08,18.0185,6000,
09:35:10,18.02,100,
09:35:10,18.02,1000,
09:35:11,18.0199,360,
09:35:12,18.0199,100,
09:35:12,18.02,300,
09:35:12,18.02,100,
09:35:13,18.01,100,
09:35:14,18.01,293,
09:35:14,18.01,400,
09:35:14,18.01,300,
09:35:16,18.017,500,
09:35:16,18.02,200,
09:35:18,18.02,100,
09:35:18,18.02,200,
09:35:19,18.02,100,
09:35:19,18.021,1800,
09:35:19,18.021,1800,
09:35:22,18.04,100,
09:35:25,18.04,900,
09:35:25,18.04,502,
09:35:25,18.05,600,
09:35:26,18.05,1500,
09:35:26,18.05,800,
09:35:27,18.0485,100,
09:35:30,18.0465,100,
09:35:30,18.05,100,
09:35:30,18.06,400,
09:35:31,18.06,100,
09:35:32,18.0599,1000,
09:35:33,18.0586,1000,
09:35:34,18.056,400,
09:35:35,18.05,200,
09:35:35,18.05,200,
09:35:41,18.0599,100,
09:35:43,18.058,2000,
09:35:48,18.0499,4500,
09:35:49,18.059,1000,
09:35:49,18.0572,100,
09:35:49,18.0572,300,
09:35:49,18.059,600,
09:35:53,18.0499,191,
09:35:53,18.0499,209,
09:35:53,18.05,191,
09:35:54,18.06,100,
09:35:54,18.06,100,
09:35:55,18.05,300,
09:35:57,18.06,15000,
09:35:58,18.046,300,
09:36:04,18.05,700,
09:36:05,18.0499,300,
09:36:11,18.0499,300,
09:36:13,18.0401,200,
09:36:13,18.04,100,
09:36:13,18.04,100,
09:36:13,18.04,107,
09:36:13,18.04,1000,
09:36:13,18.04,800,
09:36:13,18.0401,200,
09:36:13,18.0401,400,
09:36:13,18.0401,107,
09:36:13,18.0401,100,
09:36:13,18.0401,100,
09:36:13,18.0401,800,
09:36:13,18.0401,1000,
09:36:14,18.05,100,
09:36:21,18.0499,2000,
09:36:25,18.038,7600,
09:36:32,18.032,400,
09:36:34,18.05,100,
09:36:35,18.05,800,
09:36:40,18.05,100,
09:36:40,18.059,300,
09:36:40,18.056,6000,
09:36:40,18.06,300,
09:36:43,18.0489,1000,
09:36:44,18.04,100,
09:36:44,18.04,250,
09:36:44,18.04,700,
09:36:45,18.0499,600,
09:36:51,18.0399,500,
09:36:51,18.0399,100,
09:36:51,18.0399,100,
09:36:51,18.0399,100,
09:36:51,18.04,500,
09:36:53,18.04,100,
09:36:56,18.0301,1000,
09:37:01,18.02,500,
09:37:05,18.03,500,
09:37:05,18.04,300,
09:37:05,18.03,100,
09:37:09,18.05,300,
09:37:12,18.04,1000,
09:37:12,18.04,500,
09:37:12,18.04,500,
09:37:14,18.032,940,
09:37:16,18.037,1000,
09:37:16,18.0399,100,
09:37:16,18.04,100,
09:37:20,18.02,100,
09:37:20,18.02,100,
09:37:20,18.02,300,
09:37:27,18.02,200,
09:37:30,18.02,100,
09:37:37,18.01,373,
09:37:47,18.029,2000,
09:37:55,18.011,1000,
09:37:57,18.01,15000,
09:38:08,18.02,100,
09:38:16,18.02,100,
09:38:16,18.02,400,
09:38:30,18.0292,189,
09:38:31,18.012,500,
09:38:34,18.039,400,
09:38:34,18.029,100,
09:38:34,18.038,2400,
09:38:35,18.04,300,
09:38:43,18.04,100,
09:38:47,18.0412,100,
09:38:50,18.02,200,
09:38:55,18.027,400,
09:39:01,18.011,500,
09:39:01,18.01,500,
09:39:02,18.02,100,
09:39:10,18.03,900,
09:39:13,18.02,1000,
09:39:16,18.02,700,
09:39:19,18.018,100,
09:39:21,18.02,100,
09:39:24,18.01,200,
09:39:27,18.0001,100,
09:39:28,17.99,200,
09:39:28,17.99,300,
09:39:28,17.99,200,
09:39:30,17.99,300,
09:39:30,17.98,200,
09:39:30,17.9901,500,
09:39:30,17.9901,500,
09:39:30,17.99,500,
09:39:30,17.9901,300,
09:39:30,17.9901,400,
09:39:30,17.9901,1200,
09:39:30,17.99,300,
09:39:30,17.99,900,
09:39:32,17.998,300,
09:39:32,17.9983,800,
09:39:32,18,100,
09:39:32,18,100,
09:39:32,18,500,
09:39:33,18,100,
09:39:37,17.986,1480,
09:39:38,18.01,100,
09:39:38,18.01,100,
09:39:40,18.007,600,
09:39:42,18.0002,125,
09:39:44,18.002,100,
09:39:44,18,400,
09:39:45,18.01,100,
09:39:47,18,200,
09:39:47,18,200,
09:39:47,18.0001,200,
09:39:47,18.0001,300,
09:39:47,18.0001,200,
09:39:47,18.0001,200,
09:39:47,18,300,
09:39:47,18,100,
09:39:47,18.0001,300,
09:39:49,18,100,
09:39:52,18.01,100,
09:40:00,18.0167,1400,
09:40:04,18,200,
09:40:04,17.99,165,
09:40:04,17.98,100,
09:40:04,17.98,200,
09:40:04,17.98,300,
09:40:04,17.98,300,
09:40:04,17.98,400,
09:40:05,17.99,100,
09:40:06,17.99,100,
09:40:08,17.989,115,
09:40:09,18,500,
09:40:11,17.9943,1000,
09:40:11,18,10000,
09:40:13,17.98,100,
09:40:14,17.98,100,
09:40:14,17.98,200,
09:40:18,17.9901,200,
09:40:18,17.9901,200,
09:40:18,17.99,200,
09:40:18,17.99,200,
09:40:23,18.001,1000,
09:40:24,17.99,500,
09:40:24,17.99,100,
09:40:24,17.99,1200,
09:40:26,17.994,4000,
09:40:30,18.0086,100,
09:40:30,18.0087,100,
09:40:30,18.0087,200,
09:40:30,18.009,700,
09:40:41,18.0199,260,
09:41:03,18.0199,100,
09:41:07,18.0199,2100,
09:41:20,18.02,1000,
09:41:20,18.02,100,
09:41:24,18.03,400,
09:41:24,18.03,200,
09:41:27,18.03,1000,
09:41:33,18.04,273,
09:41:33,18.03,200,
09:41:39,18.04,100,
09:41:39,18.05,700,
09:41:39,18.05,100,
09:41:39,18.05,500,
09:41:39,18.04,300,
09:41:41,18.037,300,
09:41:43,18.05,300,
09:41:43,18.06,100,
09:41:53,18.099,1000,
09:41:55,18.0999,200,
09:41:56,18.09,100,
09:41:57,18.09,100,
09:41:58,18.10,100,
09:41:58,18.11,700,
09:41:58,18.11,100,
09:41:58,18.11,100,
09:41:58,18.11,300,
09:41:58,18.11,500,
09:41:58,18.11,100,
09:41:59,18.11,200,
09:42:00,18.10,400,
09:42:00,18.0992,100,
09:42:00,18.0979,100,
09:42:00,18.10,800,
09:42:00,18.10,200,
09:42:02,18.10,600,
09:42:03,18.10,300,
09:42:06,18.11,400,
09:42:06,18.11,100,
09:42:14,18.108,4400,
09:42:15,18.11,100,
09:42:20,18.12,500,
09:42:22,18.1199,500,
09:42:22,18.12,300,
09:42:22,18.12,500,
09:42:22,18.1199,800,
09:42:22,18.119,300,
09:42:22,18.119,300,
09:42:22,18.12,200,
09:42:23,18.11,400,
09:42:26,18.118,1000,
09:42:26,18.12,100,
09:42:29,18.1199,500,
09:42:31,18.11,100,
09:42:32,18.117,1000,
09:42:32,18.1199,1000,
09:42:34,18.11,269,
09:42:34,18.11,100,
09:42:34,18.09,1100,
09:42:35,18.117,1000,
09:42:36,18.0899,100,
09:42:36,18.09,100,
09:42:37,18.087,352,
09:42:40,18.09,100,
09:42:40,18.09,100,
09:42:47,18.09,200,
09:42:50,18.0999,1000,
09:42:55,18.0992,200,
09:42:55,18.10,100,
09:42:55,18.11,300,
09:42:55,18.11,301,
09:42:55,18.10,800,
09:42:55,18.105,1597,
09:43:04,18.10,100,
09:43:06,18.10,100,
09:43:08,18.0999,100,
09:43:10,18.106,100,
09:43:12,18.1072,1000,
09:43:14,18.0999,5000,
09:43:20,18.09,100,
09:43:25,18.0801,200,
09:43:26,18.088,520,
09:43:28,18.10,400,
09:43:41,18.107,100,
09:43:43,18.10,200,
09:43:47,18.10,1400,
09:43:48,18.10,200,
09:43:50,18.0999,2000,
09:43:54,18.099,200,
09:43:56,18.10,1500,
09:43:56,18.10,100,
09:44:00,18.10,200,
09:44:03,18.1099,300,
09:44:11,18.109,3200,
09:44:12,18.10,500,
09:44:12,18.10,17500,
09:44:12,18.10,200,
09:44:12,18.10,300,
09:44:14,18.0975,2500,
09:44:16,18.10,100,
09:44:20,18.099,200,
09:44:26,18.09,100,
09:44:28,18.10,100,
09:44:28,18.10,900,
09:44:28,18.10,3200,
09:44:29,18.081,5000,
09:44:32,18.09,100,
09:44:32,18.09,700,
09:44:32,18.09,300,
09:44:42,18.0905,1000,
09:44:48,18.10,300,
09:44:48,18.10,400,
09:44:50,18.11,1500,
09:44:50,18.11,100,
09:44:50,18.11,300,
09:44:52,18.1199,4000,
09:44:52,18.12,1800,
09:44:52,18.129,100,
09:44:52,18.129,400,
09:44:53,18.13,3100,
09:44:53,18.13,1900,
09:44:55,18.12,117,
09:44:55,18.12,151,
09:44:55,18.12,500,
09:44:55,18.12,200,
09:44:58,18.12,400,
09:44:59,18.12,293,
09:44:59,18.13,100,
09:44:59,18.117,500,
09:45:02,18.1136,2300,
09:45:02,18.129,3000,
09:45:04,18.1182,2000,
09:45:04,18.12,100,
09:45:04,18.12,300,
09:45:05,18.12,800,
09:45:05,18.13,3200,
09:45:06,18.13,400,
09:45:06,18.13,500,
09:45:06,18.13,500,
09:45:06,18.14,100,
09:45:06,18.14,100,
09:45:06,18.14,100,
09:45:06,18.14,100,
09:45:06,18.14,500,
09:45:06,18.14,100,
09:45:06,18.14,450,
09:45:07,18.14,410,
09:45:07,18.14,100,
09:45:07,18.1499,2950,
09:45:08,18.1499,4000,
09:45:08,18.15,1200,
09:45:08,18.15,100,
09:45:08,18.15,500,
09:45:08,18.16,100,
09:45:08,18.16,300,
09:45:08,18.13,100,
09:45:11,18.141,1000,
09:45:13,18.149,300,
09:45:14,18.149,300,
09:45:14,18.15,300,
09:45:15,18.15,100,
09:45:17,18.16,800,
09:45:17,18.15,100,
09:45:17,18.16,1800,
09:45:18,18.169,100,
09:45:20,18.1699,3000,
09:45:20,18.15,500,
09:45:20,18.15,200,
09:45:20,18.15,300,
09:45:20,18.15,300,
09:45:20,18.15,100,
09:45:20,18.15,100,
09:45:20,18.15,100,
09:45:20,18.169,8200,
09:45:21,18.16,400,
09:45:21,18.1599,700,
09:45:21,18.16,600,
09:45:21,18.16,100,
09:45:21,18.16,700,
09:45:21,18.16,200,
09:45:21,18.1599,600,
09:45:21,18.1599,200,
09:45:21,18.16,500,
09:45:21,18.1599,200,
09:45:21,18.1599,200,
09:45:21,18.16,200,
09:45:21,18.16,200,
09:45:21,18.16,100,
09:45:21,18.16,400,
09:45:23,18.16,200,
09:45:24,18.15,400,
09:45:24,18.15,200,
09:45:24,18.16,400,
09:45:24,18.1575,3700,
09:45:24,18.16,500,
09:45:24,18.16,611,
09:45:26,18.1585,100,
09:45:26,18.158,1000,
09:45:27,18.16,100,
09:45:27,18.158,200,
09:45:27,18.16,100,
09:45:27,18.16,100,
09:45:27,18.16,300,
09:45:27,18.16,200,
09:45:30,18.15,200,
09:45:30,18.16,500,
09:45:30,18.16,900,
09:45:30,18.159,100,
09:45:31,18.1599,500,
09:45:31,18.16,200,
09:45:31,18.16,200,
09:45:31,18.16,200,
09:45:31,18.1599,100,
09:45:31,18.1599,100,
09:45:31,18.16,500,
09:45:31,18.16,100,
09:45:32,18.16,100,
09:45:35,18.15,500,
09:45:35,18.15,400,
09:45:35,18.15,100,
09:45:35,18.15,500,
09:45:36,18.1594,100,
09:45:36,18.159,500,
09:45:37,18.16,900,
09:45:37,18.16,500,
09:45:37,18.16,1800,
09:45:40,18.1687,100,
09:45:40,18.169,1000,
09:45:40,18.17,1000,
09:45:40,18.16,500,
09:45:43,18.16,1507,
09:45:43,18.16,1393,
09:45:43,18.15,400,
09:45:43,18.15,100,
09:45:43,18.15,300,
09:45:43,18.15,600,
09:45:43,18.15,100,
09:45:43,18.16,500,
09:45:43,18.16,1800,
09:45:44,18.16,1100,
09:45:44,18.155,200,
09:45:44,18.155,200,
09:45:44,18.16,200,
09:45:44,18.16,500,
09:45:44,18.16,200,
09:45:44,18.16,100,
09:45:44,18.16,100,
09:45:46,18.15,200,
09:45:47,18.159,100,
09:45:49,18.16,100,
09:45:49,18.16,200,
09:45:49,18.16,300,
09:45:50,18.17,200,
09:45:50,18.169,400,
09:45:52,18.1693,100,
09:45:52,18.169,1900,
09:45:52,18.169,1700,
09:45:54,18.1693,900,
09:45:54,18.169,1000,
09:45:55,18.169,500,
09:45:56,18.16,200,
09:45:56,18.16,100,
09:45:56,18.158,200,
09:45:56,18.158,200,
09:45:56,18.158,300,
09:45:56,18.158,168,
09:45:56,18.16,500,
09:45:56,18.16,300,
09:45:56,18.16,200,
09:45:57,18.1615,6000,
09:45:57,18.162,400,
09:45:57,18.159,200,
09:45:57,18.159,200,
09:45:59,18.159,300,
09:45:59,18.159,400,
09:45:59,18.151,500,
09:46:02,18.15,100,
09:46:03,18.158,200,
09:46:03,18.16,200,
09:46:03,18.158,200,
09:46:03,18.158,100,
09:46:03,18.16,200,
09:46:03,18.16,100,
09:46:03,18.15,200,
09:46:03,18.15,100,
09:46:05,18.149,150,
09:46:06,18.14,500,
09:46:06,18.14,100,
09:46:06,18.1368,281,
09:46:07,18.14,912,
09:46:07,18.14,488,
09:46:08,18.1315,1500,
09:46:11,18.148,300,
09:46:13,18.15,100,
09:46:21,18.16,263,
09:46:22,18.159,1300,
09:46:23,18.17,481,
09:46:24,18.169,1700,
09:46:24,18.169,1700,
09:46:25,18.16,300,
09:46:28,18.17,152,
09:46:28,18.165,500,
09:46:32,18.18,2000,
09:46:32,18.18,3100,
09:46:32,18.18,900,
09:46:32,18.19,800,
09:46:32,18.19,100,
09:46:32,18.19,800,
09:46:32,18.189,100,
09:46:32,18.1899,100,
09:46:32,18.19,300,
09:46:32,18.19,100,
09:46:34,18.19,600,
09:46:34,18.1899,100,
09:46:34,18.189,100,
09:46:35,18.1893,112,
09:46:35,18.1893,300,
09:46:36,18.19,200,
09:46:36,18.19,100,
09:46:37,18.1901,3000,
09:46:38,18.198,1000,
09:46:41,18.1999,3000,
09:46:44,18.196,100,
09:46:45,18.199,200,
09:46:45,18.199,200,
09:46:47,18.1999,3000,
09:46:49,18.198,1000,
09:46:53,18.19,400,
09:46:53,18.19,900,
09:46:53,18.1978,400,
09:46:53,18.20,400,
09:46:53,18.20,400,
09:46:56,18.199,200,
09:46:59,18.187,353,
09:46:59,18.189,100,
09:46:59,18.19,300,
09:46:59,18.19,300,
09:46:59,18.189,2000,
09:47:00,18.19,200,
09:47:00,18.19,1000,
09:47:01,18.1901,5000,
09:47:02,18.1901,1000,
09:47:05,18.1988,700,
09:47:05,18.199,1000,
09:47:05,18.20,1000,
09:47:08,18.193,1000,
09:47:12,18.199,100,
09:47:14,18.20,400,
09:47:16,18.205,100,
09:47:16,18.20,400,
09:47:16,18.20,400,
09:47:16,18.20,269,
09:47:16,18.20,200,
09:47:16,18.20,241,
09:47:16,18.20,200,
09:47:16,18.20,100,
09:47:16,18.20,200,
09:47:16,18.20,2200,
09:47:16,18.20,200,
09:47:16,18.20,11959,
09:47:16,18.19,331,
09:47:16,18.19,500,
09:47:16,18.19,191,
09:47:16,18.20,100,
09:47:16,18.19,1600,
09:47:18,18.20,1200,
09:47:18,18.20,100,
09:47:18,18.20,100,
09:47:19,18.2001,500,
09:47:20,18.2099,200,
09:47:22,18.19,100,
09:47:22,18.19,400,
09:47:23,18.20,300,
09:47:24,18.1901,2000,
09:47:26,18.19,400,
09:47:26,18.19,500,
09:47:26,18.19,500,
09:47:28,18.1872,1500,
09:47:30,18.1993,111,
09:47:30,18.1901,500,
09:47:30,18.1801,200,
09:47:33,18.184,100,
09:47:33,18.1854,100,
09:47:33,18.19,1600,
09:47:33,18.19,200,
09:47:36,18.20,700,
09:47:36,18.20,400,
09:47:37,18.1997,400,
09:47:37,18.199,1700,
09:47:38,18.193,1000,
09:47:39,18.20,2600,
09:47:40,18.20,1200,
09:47:40,18.1925,400,
09:47:41,18.19,200,
09:47:42,18.2013,315,
09:47:42,18.1995,1000,
09:47:44,18.20,300,
09:47:46,18.21,100,
09:47:46,18.21,100,
09:47:47,18.2194,300,
09:47:47,18.219,400,
09:47:47,18.22,1000,
09:47:49,18.21,300,
09:47:51,18.2101,300,
09:47:53,18.217,1000,
09:47:56,18.2199,100,
09:47:56,18.219,800,
09:47:57,18.218,400,
09:47:59,18.2101,600,
09:48:00,18.21,229,
09:48:00,18.21,100,
09:48:04,18.21,200,
09:48:07,18.22,100,
09:48:08,18.213,1100,
09:48:08,18.23,100,
09:48:08,18.23,1300,
09:48:08,18.23,600,
09:48:10,18.2362,1500,
09:48:14,18.2301,4000,
09:48:14,18.239,100,
09:48:14,18.2301,3000,
09:48:16,18.24,700,
09:48:18,18.239,500,
09:48:18,18.239,500,
09:48:18,18.2365,100,
09:48:19,18.25,100,
09:48:19,18.25,100,
09:48:20,18.236,200,
09:48:20,18.239,600,
09:48:20,18.2385,2000,
09:48:21,18.2301,4600,
09:48:21,18.25,500,
09:48:21,18.2499,2200,
09:48:23,18.24,3500,
09:48:23,18.25,1100,
09:48:26,18.2301,200,
09:48:27,18.25,500,
09:48:27,18.25,450,
09:48:27,18.25,1400,
09:48:27,18.25,300,
09:48:27,18.25,1800,
09:48:27,18.26,500,
09:48:29,18.25,100,
09:48:29,18.2472,500,
09:48:30,18.249,600,
09:48:31,18.249,700,
09:48:31,18.25,1800,
09:48:31,18.25,300,
09:48:31,18.2499,300,
09:48:31,18.26,1600,
09:48:32,18.26,400,
09:48:32,18.26,100,
09:48:34,18.26,100,
09:48:34,18.26,100,
09:48:34,18.27,500,
09:48:35,18.2699,400,
09:48:35,18.26,200,
09:48:36,18.251,300,
09:48:37,18.2593,300,
09:48:38,18.27,100,
09:48:38,18.27,300,
09:48:39,18.28,1467,
09:48:39,18.28,1400,
09:48:39,18.28,100,
09:48:40,18.29,1307,
09:48:41,18.2846,125,
09:48:42,18.29,1800,
09:48:43,18.2999,400,
09:48:44,18.283,1000,
09:48:44,18.29,225,
09:48:44,18.29,300,
09:48:44,18.29,100,
09:48:44,18.29,400,
09:48:45,18.30,300,
09:48:50,18.287,500,
09:48:51,18.29,500,
09:48:52,18.2838,100,
09:48:52,18.29,1507,
09:48:53,18.30,100,
09:48:53,18.30,100,
09:48:53,18.30,100,
09:48:53,18.30,500,
09:48:53,18.31,200,
09:48:53,18.31,100,
09:48:53,18.3001,1000,
09:48:53,18.31,1400,
09:48:53,18.287,1400,
09:48:53,18.31,2500,
09:48:54,18.32,1400,
09:48:54,18.33,300,
09:48:54,18.33,500,
09:48:54,18.33,1400,
09:48:54,18.34,1300,
09:48:54,18.34,200,
09:48:54,18.34,600,
09:48:54,18.34,600,
09:48:54,18.32,200,
09:48:55,18.3301,2000,
09:48:55,18.338,1275,
09:48:56,18.3348,900,
09:48:56,18.335,400,
09:48:56,18.33,100,
09:48:56,18.33,200,
09:48:57,18.333,1500,
09:49:00,18.3397,600,
09:49:00,18.339,700,
09:49:01,18.34,400,
09:49:02,18.342,500,
09:49:02,18.33,300,
09:49:03,18.35,100,
09:49:03,18.35,100,
09:49:04,18.359,100,
09:49:05,18.35,100,
09:49:05,18.36,700,
09:49:06,18.3465,300,
09:49:06,18.346,1000,
09:49:07,18.34,600,
09:49:07,18.34,3200,
09:49:08,18.33,200,
09:49:08,18.34,100,
09:49:08,18.34,100,
09:49:09,18.33,2350,
09:49:09,18.3346,400,
09:49:09,18.334,200,
09:49:09,18.3339,100,
09:49:09,18.33,200,
09:49:09,18.33,100,
09:49:11,18.32,1000,
09:49:11,18.32,1800,
09:49:12,18.337,500,
09:49:12,18.32,100,
09:49:12,18.32,100,
09:49:12,18.334,300,
09:49:12,18.33,500,
09:49:12,18.32,100,
09:49:12,18.3201,3500,
09:49:13,18.3299,384,
09:49:15,18.3199,900,
09:49:19,18.3199,800,
09:49:19,18.319,100,
09:49:19,18.32,100,
09:49:23,18.311,500,
09:49:24,18.3175,5000,
09:49:25,18.31,200,
09:49:25,18.31,100,
09:49:25,18.31,900,
09:49:25,18.31,1507,
09:49:25,18.31,100,
09:49:25,18.31,300,
09:49:25,18.31,100,
09:49:25,18.30,600,
09:49:25,18.31,637,
09:49:25,18.31,400,
09:49:25,18.31,100,
09:49:25,18.31,200,
09:49:25,18.30,300,
09:49:25,18.29,200,
09:49:25,18.29,200,
09:49:25,18.28,100,
09:49:26,18.29,200,
09:49:26,18.30,500,
09:49:26,18.29,300,
09:49:26,18.28,100,
09:49:26,18.2841,100,
09:49:26,18.30,1100,
09:49:26,18.30,100,
09:49:26,18.31,500,
09:49:26,18.31,100,
09:49:26,18.31,771,
09:49:26,18.31,100,
09:49:26,18.31,100,
09:49:26,18.31,100,
09:49:26,18.301,4000,
09:49:27,18.31,100,
09:49:27,18.31,100,
09:49:27,18.31,100,
09:49:28,18.31,500,
09:49:29,18.31,500,
09:49:30,18.317,1000,
09:49:31,18.31,1100,
09:49:31,18.31,300,
09:49:31,18.31,100,
09:49:31,18.31,200,
09:49:33,18.326,200,
09:49:33,18.32,400,
09:49:34,18.32,1000,
09:49:36,18.3208,500,
09:49:38,18.3299,1000,
09:49:39,18.33,600,
09:49:39,18.336,100,
09:49:41,18.327,100,
09:49:41,18.33,400,
09:49:41,18.3299,500,
09:49:41,18.33,800,
09:49:41,18.33,700,
09:49:41,18.3299,800,
09:49:41,18.3299,400,
09:49:41,18.3299,200,
09:49:41,18.3299,400,
09:49:41,18.3299,200,
09:49:41,18.33,500,
09:49:41,18.3299,100,
09:49:41,18.3299,300,
09:49:41,18.33,100,
09:49:41,18.33,300,
09:49:41,18.33,600,
09:49:41,18.3299,300,
09:49:42,18.3201,1000,
09:49:44,18.32,300,
09:49:44,18.33,250,
09:49:46,18.31,200,
09:49:48,18.3005,1000,
09:49:48,18.31,1088,
09:49:49,18.3101,1000,
09:49:50,18.3193,1000,
09:49:52,18.3172,1819,
09:49:54,18.32,100,
09:50:00,18.317,500,
09:50:01,18.32,1000,
09:50:02,18.32,900,
09:50:04,18.32,1275,
09:50:04,18.3201,3000,
09:50:05,18.3299,300,
09:50:06,18.33,200,
09:50:06,18.3299,200,
09:50:06,18.3185,3000,
09:50:07,18.33,300,
09:50:07,18.33,100,
09:50:10,18.33,1000,
09:50:15,18.323,500,
09:50:16,18.33,100,
09:50:16,18.33,400,
09:50:16,18.33,1200,
09:50:18,18.32,100,
09:50:18,18.3199,100,
09:50:18,18.3199,200,
09:50:18,18.3199,300,
09:50:18,18.3199,400,
09:50:18,18.32,100,
09:50:24,18.3199,500,
09:50:25,18.32,100,
09:50:25,18.31,400,
09:50:27,18.31,273,
09:50:28,18.32,100,
09:50:28,18.32,200,
09:50:28,18.32,1700,
09:50:29,18.3101,500,
09:50:30,18.313,500,
09:50:32,18.3024,500,
09:50:35,18.3099,500,
09:50:38,18.3093,300,
09:50:39,18.31,200,
09:50:42,18.3001,3000,
09:50:45,18.302,2500,
09:50:48,18.303,500,
09:50:49,18.3099,1000,
09:50:51,18.30,400,
09:51:00,18.303,1500,
09:51:01,18.3081,600,
09:51:03,18.307,100,
09:51:04,18.3063,110,
09:51:06,18.31,1000,
09:51:06,18.30,100,
09:51:06,18.2934,100,
09:51:09,18.29,100,
09:51:11,18.30,500,
09:51:13,18.29,100,
09:51:13,18.29,600,
09:51:13,18.2941,1100,
09:51:15,18.294,200,
09:51:16,18.29,400,
09:51:17,18.28,100,
09:51:17,18.28,100,
09:51:19,18.2843,200,
09:51:19,18.283,300,
09:51:19,18.2801,100,
09:51:19,18.281,600,
09:51:20,18.2837,100,
09:51:21,18.276,100,
09:51:21,18.283,500,
09:51:23,18.2741,100,
09:51:23,18.274,100,
09:51:23,18.271,400,
09:51:24,18.2701,1000,
09:51:25,18.2614,700,
09:51:25,18.261,1800,
09:51:25,18.26,600,
09:51:25,18.2638,100,
09:51:26,18.27,400,
09:51:28,18.271,300,
09:51:28,18.271,300,
09:51:29,18.27,900,
09:51:30,18.27,100,
09:51:30,18.27,100,
09:51:30,18.27,600,
09:51:33,18.25,100,
09:51:33,18.2539,100,
09:51:33,18.2538,100,
09:51:33,18.2538,100,
09:51:33,18.251,500,
09:51:34,18.261,400,
09:51:35,18.2601,600,
09:51:35,18.26,300,
09:51:36,18.25,500,
09:51:37,18.262,500,
09:51:37,18.262,100,
09:51:37,18.26,100,
09:51:37,18.262,100,
09:51:37,18.262,100,
09:51:37,18.26,100,
09:51:39,18.27,100,
09:51:39,18.267,300,
09:51:45,18.25,100,
09:51:45,18.25,100,
09:51:46,18.2508,1000,
09:51:46,18.2506,400,
09:51:46,18.2506,100,
09:51:46,18.251,2600,
09:51:47,18.25,100,
09:51:48,18.25,100,
09:51:49,18.251,400,
09:51:51,18.2512,1000,
09:51:51,18.2509,200,
09:51:51,18.251,1400,
09:51:51,18.2515,3800,
09:51:52,18.25,900,
09:51:56,18.2501,200,
09:51:56,18.2501,200,
09:51:56,18.25,200,
09:51:56,18.25,200,
09:51:56,18.25,100,
09:51:56,18.25,200,
09:51:57,18.25,200,
09:51:57,18.25,200,
09:51:57,18.25,100,
09:51:57,18.26,400,
09:52:00,18.26,100,
09:52:01,18.2619,100,
09:52:01,18.261,200,
09:52:03,18.26,200,
09:52:04,18.26,100,
09:52:05,18.27,200,
09:52:06,18.269,2200,
09:52:08,18.26,200,
09:52:09,18.26,100,
09:52:09,18.26,100,
09:52:09,18.26,100,
09:52:09,18.26,100,
09:52:09,18.26,100,
09:52:09,18.26,100,
09:52:09,18.26,100,
09:52:09,18.26,100,
09:52:09,18.26,100,
09:52:09,18.26,100,
09:52:09,18.26,100,
09:52:09,18.26,100,
09:52:09,18.26,100,
09:52:13,18.26,1100,
09:52:19,18.251,100,
09:52:21,18.25,400,
09:52:25,18.2599,600,
09:52:27,18.2586,200,
09:52:28,18.26,500,
09:52:28,18.26,400,
09:52:29,18.2599,3000,
09:52:30,18.26,300,
09:52:30,18.26,1400,
09:52:31,18.2607,400,
09:52:33,18.2675,6300,
09:52:35,18.2682,1000,
09:52:35,18.268,1300,
09:52:35,18.26,1300,
09:52:35,18.26,800,
09:52:35,18.26,100,
09:52:45,18.256,100,
09:52:51,18.256,200,
09:52:54,18.27,100,
09:52:55,18.29,100,
09:52:55,18.30,300,
09:52:57,18.29,300,
09:52:58,18.29,1300,
09:53:00,18.29,100,
09:53:00,18.30,117,
09:53:02,18.2993,300,
09:53:03,18.2999,1000,
09:53:04,18.30,20000,
09:53:06,18.297,500,
09:53:12,18.2907,200,
09:53:13,18.2986,300,
09:53:13,18.2986,300,
09:53:13,18.2986,100,
09:53:13,18.30,100,
09:53:13,18.30,300,
09:53:13,18.30,100,
09:53:21,18.30,200,
09:53:21,18.3012,100,
09:53:21,18.301,200,
09:53:24,18.309,2000,
09:53:27,18.30,200,
09:53:27,18.30,100,
09:53:27,18.306,200,
09:53:28,18.29,800,
09:53:28,18.288,100,
09:53:29,18.29,100,
09:53:29,18.29,1800,
09:53:29,18.29,800,
09:53:29,18.30,5610,
09:53:29,18.29,480,
09:53:34,18.2999,200,
09:53:34,18.2999,100,
09:53:34,18.30,200,
09:53:34,18.30,100,
09:53:34,18.30,100,
09:53:34,18.2999,100,
09:53:35,18.2999,100,
09:53:37,18.295,6584,
09:53:39,18.29,1000,
09:53:39,18.29,100,
09:53:39,18.289,1200,
09:53:39,18.30,100,
09:53:39,18.30,800,
09:53:39,18.289,1000,
09:53:39,18.29,100,
09:53:39,18.289,100,
09:53:40,18.28,500,
09:53:45,18.28,200,
09:53:48,18.294,100,
09:53:59,18.28,500,
09:53:59,18.27,300,
09:53:59,18.27,100,
09:54:04,18.2707,100,
09:54:08,18.28,200,
09:54:08,18.28,400,
09:54:08,18.28,100,
09:54:11,18.2728,500,
09:54:14,18.28,400,
09:54:14,18.28,400,
09:54:14,18.29,300,
09:54:14,18.29,300,
09:54:14,18.29,500,
09:54:14,18.29,200,
09:54:16,18.2899,600,
09:54:16,18.29,500,
09:54:16,18.29,800,
09:54:16,18.2899,500,
09:54:16,18.29,100,
09:54:16,18.2899,500,
09:54:16,18.2899,800,
09:54:16,18.29,100,
09:54:16,18.2899,400,
09:54:16,18.29,600,
09:54:16,18.29,100,
09:54:16,18.29,100,
09:54:16,18.29,200,
09:54:16,18.2899,100,
09:54:16,18.2899,200,
09:54:16,18.2899,200,
09:54:16,18.2899,100,
09:54:16,18.289,100,
09:54:21,18.2872,500,
09:54:22,18.28,500,
09:54:24,18.2901,5000,
09:54:27,18.297,1000,
09:54:28,18.30,100,
09:54:28,18.30,200,
09:54:30,18.30,1800,
09:54:30,18.30,100,
09:54:30,18.2999,100,
09:54:30,18.30,409,
09:54:30,18.29,100,
09:54:36,18.30,100,
09:54:36,18.30,100,
09:54:36,18.298,100,
09:54:36,18.30,100,
09:54:36,18.30,500,
09:54:36,18.30,100,
09:54:40,18.30,1800,
09:54:40,18.30,100,
09:54:40,18.30,100,
09:54:42,18.307,1000,
09:54:46,18.307,200,
09:54:50,18.29,1000,
09:54:51,18.2928,500,
09:54:51,18.3013,800,
09:54:51,18.3013,166,
09:54:55,18.30,100,
09:54:55,18.30,500,
09:54:55,18.30,600,
09:54:57,18.30,800,
09:54:57,18.30,100,
09:54:57,18.29,400,
09:55:00,18.29,200,
09:55:02,18.28,100,
09:55:02,18.28,100,
09:55:03,18.28,200,
09:55:03,18.28,200,
09:55:04,18.27,100,
09:55:04,18.26,100,
09:55:04,18.24,1300,
09:55:04,18.24,800,
09:55:04,18.23,100,
09:55:04,18.23,400,
09:55:04,18.23,421,
09:55:04,18.24,300,
09:55:04,18.24,100,
09:55:04,18.24,100,
09:55:04,18.24,200,
09:55:04,18.23,1000,
09:55:04,18.24,300,
09:55:04,18.24,900,
09:55:04,18.24,100,
09:55:04,18.25,100,
09:55:04,18.26,400,
09:55:04,18.25,300,
09:55:04,18.24,200,
09:55:04,18.24,1000,
09:55:04,18.24,100,
09:55:04,18.24,100,
09:55:06,18.24,800,
09:55:06,18.24,365,
09:55:08,18.2486,200,
09:55:08,18.2486,100,
09:55:09,18.25,200,
09:55:09,18.25,100,
09:55:12,18.24,200,
09:55:12,18.24,800,
09:55:12,18.247,775,
09:55:14,18.2301,4000,
09:55:17,18.23,100,
09:55:17,18.23,800,
09:55:17,18.23,400,
09:55:18,18.22,1900,
09:55:20,18.24,300,
09:55:22,18.233,1500,
09:55:24,18.2383,180,
09:55:25,18.24,346,
09:55:28,18.243,500,
09:55:30,18.24,200,
09:55:31,18.233,3000,
09:55:34,18.211,100,
09:55:35,18.21,100,
09:55:36,18.22,400,
09:55:36,18.22,200,
09:55:36,18.213,390,
09:55:36,18.20,300,
09:55:38,18.21,250,
09:55:39,18.2101,500,
09:55:39,18.2116,800,
09:55:39,18.2111,100,
09:55:39,18.211,1500,
09:55:40,18.21,300,
09:55:41,18.211,5000,
09:55:43,18.2159,1000,
09:55:43,18.2159,100,
09:55:43,18.216,100,
09:55:43,18.216,400,
09:55:43,18.201,500,
09:55:43,18.21,555,
09:55:44,18.201,200,
09:55:45,18.201,200,
09:55:46,18.201,3000,
09:55:49,18.2001,100,
09:55:49,18.20,100,
09:55:51,18.2001,2000,
09:55:51,18.2013,131,
09:55:52,18.20,100,
09:55:53,18.20,300,
09:55:54,18.20,300,
09:55:54,18.20,1800,
09:55:54,18.20,100,
09:55:57,18.1938,1000,
09:55:57,18.196,500,
09:55:58,18.191,1000,
09:55:59,18.19,100,
09:55:59,18.1918,1800,
09:56:00,18.19,200,
09:56:02,18.1907,180,
09:56:06,18.1999,1000,
09:56:08,18.20,250,
09:56:09,18.19,301,
09:56:09,18.1999,500,
09:56:11,18.19,200,
09:56:12,18.1919,100,
09:56:12,18.1919,100,
09:56:12,18.191,400,
09:56:12,18.1828,200,
09:56:12,18.181,300,
09:56:13,18.192,100,
09:56:14,18.20,200,
09:56:16,18.19,600,
09:56:16,18.19,100,
09:56:16,18.1812,1000,
09:56:16,18.1812,100,
09:56:16,18.1811,400,
09:56:16,18.181,2100,
09:56:18,18.194,500,
09:56:20,18.20,700,
09:56:20,18.20,100,
09:56:20,18.20,800,
09:56:20,18.20,200,
09:56:20,18.20,107,
09:56:20,18.20,1000,
09:56:20,18.21,100,
09:56:20,18.20,1000,
09:56:20,18.22,300,
09:56:20,18.22,200,
09:56:20,18.22,100,
09:56:24,18.211,1000,
09:56:27,18.22,600,
09:56:27,18.22,1500,
09:56:27,18.22,700,
09:56:27,18.22,400,
09:56:27,18.22,400,
09:56:27,18.22,300,
09:56:27,18.22,400,
09:56:27,18.22,400,
09:56:27,18.22,200,
09:56:27,18.22,100,
09:56:27,18.22,100,
09:56:28,18.22,400,
09:56:28,18.22,300,
09:56:28,18.22,400,
09:56:28,18.22,400,
09:56:28,18.22,400,
09:56:28,18.22,300,
09:56:28,18.22,200,
09:56:28,18.22,1000,
09:56:28,18.22,400,
09:56:28,18.22,900,
09:56:28,18.22,107,
09:56:28,18.23,200,
09:56:28,18.22,100,
09:56:28,18.23,100,
09:56:28,18.2299,400,
09:56:28,18.2299,300,
09:56:28,18.23,100,
09:56:28,18.23,1000,
09:56:29,18.22,100,
09:56:29,18.2207,1000,
09:56:29,18.22,166,
09:56:30,18.223,1000,
09:56:34,18.21,800,
09:56:34,18.21,100,
09:56:34,18.21,100,
09:56:34,18.21,300,
09:56:35,18.2019,100,
09:56:35,18.2016,400,
09:56:35,18.2014,1000,
09:56:35,18.201,4700,
09:56:35,18.201,2815,
09:56:37,18.2001,2000,
09:56:41,18.21,200,
09:56:41,18.21,200,
09:56:41,18.21,100,
09:56:41,18.21,300,
09:56:43,18.20,2300,
09:56:43,18.20,200,
09:56:46,18.211,100,
09:56:51,18.2015,100,
09:56:54,18.21,100,
09:56:57,18.2199,5000,
09:56:58,18.21,190,
09:57:06,18.1901,300,
09:57:09,18.193,259,
09:57:13,18.1901,2000,
09:57:16,18.1901,1000,
09:57:20,18.1901,200,
09:57:27,18.1914,900,
09:57:27,18.1972,1000,
09:57:28,18.19,5200,
09:57:28,18.19,300,
09:57:33,18.1801,4000,
09:57:36,18.19,100,
09:57:36,18.19,200,
09:57:36,18.19,400,
09:57:36,18.19,1507,
09:57:37,18.19,100,
09:57:37,18.19,900,
09:57:37,18.19,498,
09:57:37,18.19,300,
09:57:45,18.1999,9100,
09:57:46,18.1986,200,
09:57:48,18.20,1000,
09:57:53,18.19,700,
09:57:57,18.1913,100,
09:57:57,18.191,300,
09:58:02,18.19,100,
09:58:03,18.19,100,
09:58:03,18.18,100,
09:58:03,18.18,600,
09:58:03,18.18,100,
09:58:04,18.199,1500,
09:58:07,18.1914,100,
09:58:07,18.1912,300,
09:58:07,18.191,1300,
09:58:11,18.1913,500,
09:58:11,18.191,700,
09:58:14,18.1921,300,
09:58:14,18.191,400,
09:58:23,18.19,152,
09:58:23,18.19,200,
09:58:24,18.19,400,
09:58:27,18.1975,3650,
09:58:29,18.19,300,
09:58:29,18.20,300,
09:58:30,18.1982,1900,
09:58:31,18.183,860,
09:58:31,18.19,100,
09:58:36,18.19,100,
09:58:36,18.1815,100,
09:58:36,18.1815,100,
09:58:38,18.1999,400,
09:58:38,18.1999,800,
09:58:40,18.2028,1000,
09:58:40,18.20,100,
09:58:42,18.21,100,
09:58:42,18.2172,1000,
09:58:46,18.216,402,
09:58:52,18.19,200,
09:58:52,18.19,500,
09:58:58,18.20,100,
09:59:07,18.2082,2000,
09:59:11,18.19,200,
09:59:13,18.189,440,
09:59:20,18.18,350,
09:59:21,18.1701,300,
09:59:22,18.17,150,
09:59:22,18.171,2900,
09:59:24,18.1705,1000,
09:59:25,18.17,200,
09:59:27,18.1638,100,
09:59:27,18.161,300,
09:59:27,18.16,500,
09:59:29,18.1728,1000,
09:59:30,18.19,250,
09:59:37,18.19,500,
09:59:37,18.19,100,
09:59:37,18.19,100,
09:59:37,18.19,200,
09:59:37,18.19,100,
09:59:37,18.19,400,
09:59:37,18.19,100,
09:59:50,18.19,100,
09:59:50,18.19,100,
09:59:55,18.19,100,
09:59:56,18.20,100,
10:00:03,18.21,100,
10:00:12,18.22,300,
10:00:12,18.22,100,
10:00:12,18.22,100,
10:00:12,18.22,200,
10:00:18,18.2299,100,
10:00:20,18.23,100,
10:00:20,18.24,500,
10:00:22,18.237,500,
10:00:23,18.24,100,
10:00:23,18.23,100,
10:00:23,18.23,100,
10:00:25,18.2286,300,
10:00:25,18.2201,100,
10:00:30,18.23,100,
10:00:30,18.23,1000,
10:00:34,18.24,260,
10:00:37,18.237,500,
10:00:38,18.24,1700,
10:00:38,18.25,100,
10:00:39,18.25,200,
10:00:40,18.246,260,
10:00:42,18.2599,3000,
10:00:43,18.25,100,
10:00:45,18.27,1000,
10:00:46,18.259,3500,
10:00:47,18.27,300,
10:00:48,18.27,200,
10:00:49,18.269,900,
10:00:49,18.269,944,
10:00:49,18.269,2000,
10:00:50,18.27,200,
10:00:52,18.26,100,
10:00:53,18.27,500,
10:00:53,18.2799,100,
10:00:55,18.28,100,
10:00:56,18.279,100,
10:00:56,18.2799,3000,
10:00:57,18.2799,3000,
10:00:57,18.28,186,
10:00:57,18.28,1400,
10:00:57,18.27,900,
10:00:59,18.28,600,
10:00:59,18.29,100,
10:00:59,18.29,300,
10:01:01,18.29,2000,
10:01:04,18.29,500,
10:01:04,18.283,1365,
10:01:05,18.2899,100,
10:01:05,18.29,100,
10:01:05,18.27,200,
10:01:05,18.27,1600,
10:01:07,18.279,5000,
10:01:08,18.28,200,
10:01:08,18.28,100,
10:01:08,18.28,500,
10:01:08,18.28,200,
10:01:08,18.28,300,
10:01:08,18.28,100,
10:01:08,18.29,400,
10:01:08,18.2872,1900,
10:01:08,18.29,500,
10:01:09,18.2885,100,
10:01:09,18.28,500,
10:01:10,18.30,1400,
10:01:12,18.299,4644,
10:01:13,18.31,500,
10:01:14,18.30,800,
10:01:14,18.31,400,
10:01:16,18.3068,2506,
10:01:16,18.31,200,
10:01:17,18.32,100,
10:01:17,18.32,100,
10:01:17,18.318,100,
10:01:17,18.318,100,
10:01:17,18.32,100,
10:01:17,18.32,100,
10:01:17,18.318,100,
10:01:17,18.32,500,
10:01:18,18.3198,256,
10:01:18,18.319,200,
10:01:18,18.31,400,
10:01:19,18.31,200,
10:01:19,18.31,200,
10:01:19,18.31,200,
10:01:19,18.31,300,
10:01:19,18.3099,200,
10:01:19,18.3099,200,
10:01:19,18.3099,300,
10:01:19,18.31,300,
10:01:19,18.3099,200,
10:01:19,18.31,200,
10:01:19,18.31,200,
10:01:19,18.31,100,
10:01:19,18.31,1000,
10:01:19,18.319,500,
10:01:22,18.31,100,
10:01:22,18.31,100,
10:01:23,18.3001,2300,
10:01:25,18.32,300,
10:01:25,18.3198,400,
10:01:25,18.32,100,
10:01:28,18.304,8460,
10:01:28,18.301,5000,
10:01:30,18.32,3000,
10:01:31,18.3199,200,
10:01:31,18.32,1400,
10:01:32,18.3201,500,
10:01:34,18.318,500,
10:01:36,18.313,7500,
10:01:36,18.313,6000,
10:01:36,18.31,100,
10:01:40,18.319,1000,
10:01:43,18.32,1900,
10:01:43,18.33,707,
10:01:44,18.33,269,
10:01:44,18.3301,300,
10:01:44,18.3301,800,
10:01:44,18.3301,400,
10:01:44,18.32,2662,
10:01:48,18.3399,2000,
10:01:48,18.33,300,
10:01:48,18.3315,100,
10:01:48,18.3318,1000,
10:01:48,18.34,100,
10:01:49,18.35,200,
10:01:49,18.338,200,
10:01:50,18.3462,1000,
10:01:51,18.35,100,
10:01:52,18.331,5000,
10:01:53,18.35,300,
10:01:54,18.36,750,
10:01:54,18.36,350,
10:01:54,18.37,800,
10:01:54,18.38,100,
10:01:54,18.38,393,
10:01:54,18.39,269,
10:01:54,18.39,231,
10:01:54,18.3899,100,
10:01:54,18.38,100,
10:01:54,18.38,200,
10:01:54,18.38,300,
10:01:54,18.39,300,
10:01:54,18.38,200,
10:01:54,18.38,100,
10:01:55,18.38,400,
10:01:55,18.38,200,
10:01:55,18.38,300,
10:01:55,18.39,200,
10:01:55,18.39,100,
10:01:55,18.39,100,
10:01:55,18.37,5900,
10:01:55,18.3899,4000,
10:01:56,18.39,500,
10:01:56,18.38,400,
10:01:56,18.3857,300,
10:01:56,18.38,100,
10:01:56,18.3899,500,
10:01:57,18.39,1300,
10:01:57,18.39,600,
10:01:57,18.39,600,
10:01:57,18.39,200,
10:01:58,18.382,2000,
10:01:58,18.40,400,
10:01:58,18.398,250,
10:01:59,18.395,600,
10:02:00,18.40,100,
10:02:00,18.4095,200,
10:02:00,18.409,2300,
10:02:00,18.409,1700,
10:02:00,18.409,2200,
10:02:00,18.4099,100,
10:02:01,18.408,500,
10:02:01,18.41,9000,
10:02:01,18.399,250,
10:02:01,18.40,250,
10:02:02,18.4186,100,
10:02:02,18.419,200,
10:02:03,18.419,200,
10:02:03,18.41,615,
10:02:03,18.41,300,
10:02:03,18.41,385,
10:02:03,18.4199,500,
10:02:04,18.4199,100,
10:02:04,18.4199,500,
10:02:04,18.4199,600,
10:02:04,18.4199,100,
10:02:04,18.4199,300,
10:02:04,18.4199,100,
10:02:04,18.42,500,
10:02:04,18.4199,100,
10:02:04,18.42,500,
10:02:04,18.42,200,
10:02:04,18.42,500,
10:02:04,18.42,100,
10:02:04,18.42,200,
10:02:04,18.42,100,
10:02:04,18.42,100,
10:02:04,18.419,500,
10:02:05,18.4188,300,
10:02:05,18.419,400,
10:02:05,18.4199,200,
10:02:06,18.41,100,
10:02:06,18.4191,500,
10:02:06,18.4191,100,
10:02:06,18.4192,1300,
10:02:06,18.4192,400,
10:02:06,18.4192,700,
10:02:06,18.419,2000,
10:02:06,18.42,2000,
10:02:06,18.418,800,
10:02:07,18.4101,2600,
10:02:08,18.41,100,
10:02:08,18.41,268,
10:02:08,18.40,300,
10:02:08,18.40,400,
10:02:08,18.40,300,
10:02:08,18.40,100,
10:02:08,18.38,100,
10:02:08,18.38,100,
10:02:08,18.41,100,
10:02:08,18.39,100,
10:02:08,18.3872,900,
10:02:08,18.3899,300,
10:02:09,18.389,300,
10:02:10,18.39,420,
10:02:10,18.3972,100,
10:02:10,18.399,400,
10:02:10,18.40,100,
10:02:10,18.40,1000,
10:02:10,18.40,1000,
10:02:10,18.40,1800,
10:02:13,18.4001,6000,
10:02:13,18.402,1000,
10:02:14,18.40,400,
10:02:14,18.40,504,
10:02:14,18.4005,1500,
10:02:15,18.4081,200,
10:02:15,18.409,400,
10:02:15,18.4075,300,
10:02:17,18.3914,1000,
10:02:18,18.3975,2000,
10:02:18,18.40,500,
10:02:21,18.40,15000,
10:02:22,18.40,200,
10:02:22,18.3999,200,
10:02:22,18.3999,400,
10:02:22,18.3999,700,
10:02:22,18.40,400,
10:02:22,18.40,700,
10:02:22,18.40,700,
10:02:22,18.40,100,
10:02:25,18.3999,1600,
10:02:25,18.3999,3000,
10:02:25,18.40,2000,
10:02:25,18.3925,7300,
10:02:29,18.3999,200,
10:02:31,18.392,1400,
10:02:33,18.40,200,
10:02:33,18.395,200,
10:02:33,18.40,200,
10:02:33,18.395,200,
10:02:33,18.395,100,
10:02:33,18.395,100,
10:02:33,18.40,100,
10:02:34,18.399,2500,
10:02:34,18.399,500,
10:02:38,18.398,200,
10:02:38,18.398,300,
10:02:38,18.398,300,
10:02:38,18.40,300,
10:02:38,18.40,100,
10:02:39,18.40,950,
10:02:40,18.40,500,
10:02:43,18.40,169,
10:02:44,18.40,200,
10:02:44,18.40,100,
10:02:44,18.40,100,
10:02:45,18.40,800,
10:02:45,18.40,500,
10:02:46,18.40,1000,
10:02:46,18.40,100,
10:02:48,18.397,100,
10:02:49,18.392,2744,
10:02:52,18.391,1000,
10:02:53,18.39,100,
10:02:53,18.39,300,
10:02:58,18.391,2000,
10:03:00,18.3999,1200,
10:03:01,18.396,200,
10:03:01,18.39,400,
10:03:01,18.396,100,
10:03:03,18.3999,400,
10:03:04,18.40,1000,
10:03:04,18.39,438,
10:03:05,18.39,300,
10:03:06,18.38,100,
10:03:06,18.38,400,
10:03:09,18.3799,200,
10:03:09,18.3799,200,
10:03:09,18.3799,200,
10:03:09,18.3799,300,
10:03:09,18.3799,100,
10:03:09,18.38,600,
10:03:09,18.38,200,
10:03:09,18.38,100,
10:03:09,18.38,100,
10:03:10,18.37,100,
10:03:10,18.37,100,
10:03:11,18.36,700,
10:03:13,18.38,510,
10:03:19,18.363,1750,
10:03:22,18.367,1000,
10:03:28,18.363,1500,
10:03:32,18.36,300,
10:03:32,18.3501,100,
10:03:34,18.3601,4000,
10:03:38,18.36,1000,
10:03:39,18.36,569,
10:03:39,18.36,700,
10:03:42,18.356,100,
10:03:44,18.36,15000,
10:03:45,18.362,500,
10:03:51,18.3655,123,
10:03:52,18.368,2000,
10:03:53,18.36,100,
10:03:53,18.35,400,
10:03:56,18.36,100,
10:03:56,18.36,1000,
10:03:56,18.36,800,
10:03:56,18.36,100,
10:03:56,18.36,200,
10:03:56,18.37,150,
10:03:56,18.37,100,
10:03:56,18.37,100,
10:03:56,18.40,102,
10:03:56,18.40,298,
10:03:57,18.41,200,
10:03:57,18.41,300,
10:03:57,18.41,500,
10:03:57,18.41,100,
10:03:57,18.41,200,
10:03:57,18.40,3780,
10:03:57,18.40,200,
10:03:57,18.40,1200,
10:03:57,18.41,800,
10:03:57,18.41,100,
10:03:59,18.40,300,
10:04:00,18.38,100,
10:04:02,18.383,1000,
10:04:03,18.381,800,
10:04:04,18.384,100,
10:04:08,18.3789,1000,
10:04:12,18.398,100,
10:04:12,18.398,911,
10:04:12,18.40,200,
10:04:16,18.39,100,
10:04:16,18.39,100,
10:04:16,18.39,3000,
10:04:16,18.39,300,
10:04:16,18.39,3000,
10:04:16,18.39,200,
10:04:16,18.39,300,
10:04:16,18.39,100,
10:04:16,18.39,100,
10:04:16,18.39,100,
10:04:17,18.39,400,
10:04:17,18.39,100,
10:04:18,18.3899,2000,
10:04:22,18.398,400,
10:04:24,18.3972,1000,
10:04:25,18.39,100,
10:04:25,18.3805,500,
10:04:31,18.38,723,
10:04:34,18.39,200,
10:04:36,18.37,2400,
10:04:37,18.37,100,
10:04:37,18.37,200,
10:04:37,18.36,3000,
10:04:38,18.3665,200,
10:04:41,18.363,500,
10:04:44,18.37,293,
10:04:44,18.37,200,
10:04:44,18.37,800,
10:04:44,18.38,1800,
10:04:45,18.3895,1087,
10:04:49,18.38,500,
10:04:49,18.39,700,
10:04:49,18.38,100,
10:04:49,18.38,400,
10:04:49,18.38,200,
10:04:55,18.3913,900,
10:04:55,18.3908,100,
10:04:55,18.3908,100,
10:04:55,18.391,1600,
10:04:55,18.3917,2000,
10:04:55,18.3907,100,
10:04:55,18.3907,800,
10:04:55,18.391,2000,
10:04:56,18.39,9000,
10:04:56,18.40,900,
10:04:58,18.40,100,
10:04:58,18.40,2000,
10:05:01,18.3905,1700,
10:05:01,18.40,108,
10:05:06,18.3999,500,
10:05:08,18.39,100,
10:05:08,18.39,200,
10:05:08,18.39,500,
10:05:08,18.39,2000,
10:05:08,18.39,100,
10:05:10,18.398,7000,
10:05:11,18.40,1500,
10:05:11,18.394,200,
10:05:12,18.40,400,
10:05:12,18.40,200,
10:05:12,18.40,100,
10:05:12,18.40,500,
10:05:12,18.40,100,
10:05:16,18.394,500,
10:05:17,18.40,400,
10:05:18,18.40,200,
10:05:20,18.3901,3000,
10:05:23,18.391,2600,
10:05:24,18.4028,1000,
10:05:24,18.4018,1000,
10:05:24,18.4089,2000,
10:05:28,18.4099,100,
10:05:28,18.4099,100,
10:05:28,18.41,100,
10:05:28,18.41,100,
10:05:28,18.401,800,
10:05:29,18.40,300,
10:05:29,18.40,300,
10:05:29,18.40,300,
10:05:29,18.3978,100,
10:05:29,18.3978,100,
10:05:32,18.40,400,
10:05:32,18.397,1500,
10:05:32,18.39,100,
10:05:32,18.39,300,
10:05:32,18.39,200,
10:05:32,18.39,1000,
10:05:32,18.39,700,
10:05:32,18.39,100,
10:05:32,18.39,300,
10:05:32,18.39,500,
10:05:32,18.39,100,
10:05:34,18.38,100,
10:05:35,18.40,4200,
10:05:37,18.3801,500,
10:05:43,18.40,575,
10:05:44,18.3905,1000,
10:05:46,18.3905,1200,
10:05:52,18.39,400,
10:05:52,18.39,200,
10:06:00,18.4093,125,
10:06:02,18.41,100,
10:06:02,18.41,1400,
10:06:02,18.41,100,
10:06:04,18.42,200,
10:06:04,18.42,100,
10:06:04,18.41,2000,
10:06:05,18.42,100,
10:06:05,18.43,500,
10:06:05,18.43,100,
10:06:05,18.43,400,
10:06:05,18.43,500,
10:06:05,18.44,807,
10:06:05,18.44,500,
10:06:07,18.44,500,
10:06:08,18.433,1000,
10:06:10,18.43,200,
10:06:11,18.45,900,
10:06:12,18.45,500,
10:06:13,18.46,1507,
10:06:13,18.46,1400,
10:06:13,18.47,500,
10:06:13,18.47,100,
10:06:13,18.47,1300,
10:06:14,18.4672,1000,
10:06:14,18.47,700,
10:06:15,18.47,1507,
10:06:15,18.47,293,
10:06:15,18.47,1693,
10:06:15,18.48,700,
10:06:16,18.4799,200,
10:06:16,18.4799,3700,
10:06:16,18.48,200,
10:06:16,18.47,1000,
10:06:16,18.47,100,
10:06:16,18.47,2800,
10:06:16,18.4754,100,
10:06:16,18.4763,100,
10:06:16,18.47,700,
10:06:16,18.47,269,
10:06:16,18.47,300,
10:06:16,18.461,1000,
10:06:16,18.461,800,
10:06:16,18.461,1000,
10:06:16,18.461,4900,
10:06:16,18.461,1225,
10:06:16,18.4724,300,
10:06:16,18.47,268,
10:06:16,18.46,100,
10:06:16,18.46,15400,
10:06:16,18.46,1300,
10:06:17,18.46,9000,
10:06:18,18.45,332,
10:06:18,18.4501,1500,
10:06:20,18.45,300,
10:06:21,18.46,100,
10:06:21,18.46,300,
10:06:21,18.45,400,
10:06:22,18.4519,100,
10:06:22,18.451,200,
10:06:25,18.46,3000,
10:06:26,18.4417,1000,
10:06:26,18.4417,300,
10:06:26,18.4413,100,
10:06:26,18.4411,100,
10:06:26,18.4411,100,
10:06:26,18.441,2000,
10:06:28,18.4472,1000,
10:06:28,18.449,2000,
10:06:29,18.45,1000,
10:06:29,18.449,3000,
10:06:29,18.44,10000,
10:06:32,18.46,500,
10:06:32,18.46,800,
10:06:33,18.4614,1100,
10:06:33,18.47,200,
10:06:36,18.47,100,
10:06:36,18.48,600,
10:06:38,18.48,500,
10:06:38,18.48,400,
10:06:39,18.4872,600,
10:06:41,18.481,2000,
10:06:42,18.48,100,
10:06:42,18.48,400,
10:06:42,18.48,100,
10:06:42,18.48,157,
10:06:42,18.478,100,
10:06:42,18.48,200,
10:06:42,18.48,100,
10:06:42,18.48,1000,
10:06:42,18.48,500,
10:06:43,18.47,100,
10:06:43,18.486,100,
10:06:45,18.461,600,
10:06:45,18.461,700,
10:06:46,18.47,700,
10:06:47,18.47,700,
10:06:47,18.4699,1300,
10:06:49,18.46,900,
10:06:49,18.4646,530,
10:06:50,18.469,3000,
10:06:50,18.468,1000,
10:06:50,18.461,1000,
10:06:50,18.45,3952,
10:06:53,18.47,450,
10:06:53,18.46,100,
10:06:53,18.46,300,
10:06:53,18.46,100,
10:06:53,18.46,100,
10:06:53,18.46,100,
10:06:55,18.4495,1000,
10:06:55,18.4462,1000,
10:06:56,18.45,100,
10:06:59,18.45,900,
10:06:59,18.45,400,
10:07:00,18.44,100,
10:07:02,18.441,100,
10:07:03,18.44,100,
10:07:05,18.45,500,
10:07:08,18.4427,109,
10:07:08,18.441,200,
10:07:11,18.448,1000,
10:07:11,18.432,500,
10:07:12,18.44,300,
10:07:12,18.44,400,
10:07:15,18.43,190,
10:07:15,18.43,200,
10:07:16,18.42,700,
10:07:16,18.42,600,
10:07:16,18.4203,300,
10:07:16,18.42,200,
10:07:17,18.42,700,
10:07:19,18.42,100,
10:07:19,18.42,300,
10:07:26,18.429,2000,
10:07:28,18.42,500,
10:07:29,18.4101,100,
10:07:32,18.43,1000,
10:07:37,18.426,2500,
10:07:37,18.43,2500,
10:07:37,18.42,200,
10:07:37,18.41,200,
10:07:39,18.41,500,
10:07:39,18.41,300,
10:07:39,18.41,100,
10:07:39,18.41,100,
10:07:40,18.4101,100,
10:07:42,18.43,300,
10:07:44,18.416,900,
10:07:45,18.41,400,
10:07:45,18.41,100,
10:07:45,18.41,487,
10:07:45,18.41,500,
10:07:45,18.41,100,
10:07:45,18.41,187,
10:07:45,18.4105,1000,
10:07:45,18.41,994,
10:07:45,18.41,693,
10:07:47,18.407,100,
10:07:47,18.41,1500,
10:07:49,18.4028,500,
10:07:52,18.4025,7000,
10:07:52,18.40,300,
10:07:52,18.40,100,
10:07:52,18.38,2900,
10:07:52,18.39,500,
10:07:52,18.39,100,
10:07:52,18.39,100,
10:07:53,18.39,100,
10:07:53,18.3905,200,
10:07:53,18.391,100,
10:07:54,18.39,2000,
10:07:55,18.39,3000,
10:07:55,18.39,200,
10:07:55,18.3901,800,
10:07:55,18.38,1000,
10:07:57,18.397,2000,
10:07:59,18.3909,300,
10:07:59,18.391,1600,
10:07:59,18.391,1700,
10:08:00,18.3989,200,
10:08:00,18.399,100,
10:08:00,18.399,1700,
10:08:00,18.3994,100,
10:08:00,18.3994,100,
10:08:00,18.40,200,
10:08:01,18.39,400,
10:08:02,18.3916,100,
10:08:03,18.3935,500,
10:08:04,18.39,200,
10:08:04,18.39,200,
10:08:05,18.3844,600,
10:08:08,18.379,500,
10:08:10,18.37,800,
10:08:10,18.37,400,
10:08:10,18.37,100,
10:08:10,18.371,5700,
10:08:10,18.371,3100,
10:08:11,18.38,1000,
10:08:12,18.38,100,
10:08:12,18.3701,2000,
10:08:14,18.37,500,
10:08:14,18.37,100,
10:08:14,18.37,100,
10:08:14,18.37,200,
10:08:14,18.37,100,
10:08:14,18.37,200,
10:08:14,18.37,200,
10:08:14,18.37,100,
10:08:14,18.37,864,
10:08:14,18.37,300,
10:08:14,18.36,636,
10:08:15,18.37,400,
10:08:15,18.361,300,
10:08:15,18.37,852,
10:08:15,18.378,700,
10:08:17,18.3601,9000,
10:08:17,18.37,300,
10:08:17,18.3601,100,
10:08:19,18.3686,100,
10:08:23,18.36,10000,
10:08:26,18.371,200,
10:08:28,18.39,200,
10:08:30,18.39,500,
10:08:30,18.40,200,
10:08:31,18.40,200,
10:08:31,18.40,100,
10:08:31,18.40,100,
10:08:32,18.39,300,
10:08:33,18.38,100,
10:08:37,18.3801,100,
10:08:42,18.40,200,
10:08:42,18.40,200,
10:08:43,18.381,200,
10:08:44,18.39,100,
10:08:50,18.39,500,
10:08:50,18.38,100,
10:08:50,18.39,1000,
10:08:50,18.39,200,
10:08:50,18.39,300,
10:08:50,18.39,100,
10:08:50,18.39,2000,
10:08:55,18.38,100,
10:08:58,18.3701,500,
10:08:58,18.3701,400,
10:08:58,18.37,500,
10:08:58,18.3701,500,
10:08:58,18.3701,600,
10:08:58,18.3701,600,
10:08:58,18.37,500,
10:08:58,18.3701,200,
10:08:58,18.37,600,
10:08:59,18.3799,2300,
10:09:02,18.37,3000,
10:09:06,18.38,500,
10:09:06,18.38,100,
10:09:08,18.3899,2000,
10:09:10,18.39,100,
10:09:10,18.39,1000,
10:09:10,18.39,600,
10:09:10,18.39,500,
10:09:11,18.398,1000,
10:09:16,18.38,100,
10:09:29,18.39,10000,
10:09:32,18.383,200,
10:09:36,18.3701,1000,
10:09:40,18.37,400,
10:09:41,18.3673,100,
10:09:41,18.3673,200,
10:09:41,18.3678,100,
10:09:41,18.3679,400,
10:09:43,18.361,500,
10:09:43,18.36,1000,
10:09:44,18.35,1500,
10:09:44,18.35,7500,
10:09:46,18.36,1100,
10:09:46,18.36,900,
10:09:46,18.36,400,
10:09:46,18.36,200,
10:09:50,18.3534,100,
10:09:50,18.351,200,
10:09:53,18.35,750,
10:09:53,18.35,2450,
10:09:53,18.3501,450,
10:09:55,18.3601,250,
10:09:59,18.367,1000,
10:10:07,18.373,100,
10:10:09,18.3701,2000,
10:10:11,18.37,400,
10:10:11,18.37,200,
10:10:20,18.377,1000,
10:10:22,18.361,100,
10:10:23,18.3672,1000,
10:10:24,18.3672,1500,
10:10:33,18.362,200,
10:10:34,18.37,400,
10:10:38,18.3601,200,
10:10:41,18.3699,300,
10:10:41,18.3699,100,
10:10:41,18.37,300,
10:10:41,18.37,100,
10:10:46,18.37,600,
10:10:47,18.3693,100,
10:10:49,18.36,100,
10:10:50,18.35,100,
10:10:50,18.34,300,
10:10:50,18.34,100,
10:10:52,18.333,100,
10:10:54,18.34,200,
10:11:00,18.34,400,
10:11:00,18.3222,500,
10:11:00,18.322,100,
10:11:00,18.3216,100,
10:11:00,18.321,1600,
10:11:00,18.3386,200,
10:11:00,18.3386,120,
10:11:00,18.34,200,
10:11:02,18.33,100,
10:11:02,18.341,300,
10:11:03,18.348,200,
10:11:03,18.348,100,
10:11:03,18.35,200,
10:11:03,18.35,100,
10:11:04,18.3401,500,
10:11:05,18.341,800,
10:11:07,18.3357,500,
10:11:09,18.34,100,
10:11:10,18.331,300,
10:11:10,18.331,300,
10:11:14,18.332,300,
10:11:15,18.331,200,
10:11:15,18.3307,400,
10:11:15,18.3307,100,
10:11:15,18.3307,100,
10:11:15,18.331,3000,
10:11:15,18.331,800,
10:11:16,18.3315,100,
10:11:16,18.331,200,
10:11:18,18.33,100,
10:11:18,18.3301,200,
10:11:18,18.3301,100,
10:11:18,18.33,100,
10:11:18,18.33,200,
10:11:23,18.338,1000,
10:11:23,18.33,100,
10:11:26,18.32,514,
10:11:27,18.321,200,
10:11:27,18.321,300,
10:11:31,18.321,700,
10:11:31,18.321,700,
10:11:35,18.317,1500,
10:11:36,18.3101,10000,
10:11:38,18.32,100,
10:11:40,18.32,800,
10:11:48,18.32,300,
10:11:50,18.318,500,
10:11:53,18.32,500,
10:11:57,18.318,400,
10:11:58,18.3028,800,
10:11:59,18.3101,200,
10:11:59,18.30,5600,
10:11:59,18.319,1000,
10:12:02,18.32,1000,
10:12:05,18.303,200,
10:12:08,18.309,300,
10:12:15,18.3001,9900,
10:12:19,18.30,100,
10:12:19,18.30,500,
10:12:32,18.309,100,
10:12:32,18.309,100,
10:12:32,18.309,400,
10:12:32,18.309,100,
10:12:32,18.309,100,
10:12:33,18.31,100,
10:12:35,18.3099,2000,
10:12:38,18.31,100,
10:12:38,18.32,1100,
10:12:42,18.32,250,
10:12:42,18.328,1000,
10:12:44,18.33,300,
10:12:49,18.33,200,
10:12:49,18.33,100,
10:12:49,18.33,207,
10:12:49,18.33,300,
10:12:49,18.33,200,
10:12:49,18.33,200,
10:12:49,18.33,200,
10:12:49,18.33,200,
10:12:49,18.33,1600,
10:12:49,18.33,954,
10:12:49,18.33,200,
10:12:50,18.337,477,
10:12:55,18.35,1000,
10:12:55,18.35,100,
10:12:57,18.3599,500,
10:12:57,18.36,200,
10:12:59,18.36,100,
10:12:59,18.36,300,
10:13:00,18.3699,500,
10:13:02,18.38,100,
10:13:02,18.38,300,
10:13:03,18.3799,3000,
10:13:04,18.379,600,
10:13:08,18.379,7300,
10:13:18,18.35,200,
10:13:27,18.3686,100,
10:13:27,18.37,100,
10:13:27,18.37,100,
10:13:32,18.366,200,
10:13:35,18.36,400,
10:13:38,18.359,2000,
10:13:41,18.3562,1000,
10:13:49,18.3673,400,
10:13:49,18.3672,1000,
10:13:49,18.36,100,
10:13:54,18.3797,100,
10:13:56,18.38,600,
10:13:56,18.3788,450,
10:13:58,18.3762,100,
10:13:59,18.37,600,
10:14:02,18.378,100,
10:14:02,18.367,1500,
10:14:05,18.377,200,
10:14:07,18.38,423,
10:14:13,18.382,200,
10:14:14,18.39,100,
10:14:23,18.37,5000,
10:14:25,18.38,300,
10:14:27,18.3799,100,
10:14:27,18.38,200,
10:14:30,18.38,2000,
10:14:32,18.39,100,
10:14:32,18.39,100,
10:14:34,18.39,200,
10:14:44,18.392,500,
10:14:45,18.394,6500,
10:14:48,18.396,400,
10:14:53,18.3999,1000,
10:14:53,18.41,3605,
10:14:56,18.3999,200,
10:14:56,18.3999,100,
10:14:56,18.40,200,
10:14:56,18.40,200,
10:14:59,18.399,400,
10:15:00,18.397,100,
10:15:05,18.41,2000,
10:15:09,18.42,200,
10:15:11,18.42,337,
10:15:11,18.42,337,
10:15:15,18.41,100,
10:15:17,18.4075,2000,
10:15:19,18.41,400,
10:15:24,18.418,2000,
10:15:31,18.41,100,
10:15:33,18.4099,300,
10:15:33,18.4099,100,
10:15:33,18.41,300,
10:15:33,18.41,100,
10:15:34,18.40,200,
10:15:42,18.38,300,
10:15:46,18.39,200,
10:15:46,18.39,300,
10:15:46,18.39,500,
10:15:48,18.37,600,
10:15:49,18.3729,300,
10:15:52,18.37,100,
10:15:57,18.35,200,
10:16:09,18.34,400,
10:16:10,18.35,300,
10:16:10,18.35,100,
10:16:10,18.34,500,
10:16:10,18.35,400,
10:16:10,18.35,1800,
10:16:10,18.35,100,
10:16:10,18.35,400,
10:16:10,18.35,786,
10:16:10,18.35,800,
10:16:10,18.35,1000,
10:16:10,18.35,400,
10:16:10,18.35,600,
10:16:10,18.35,100,
10:16:10,18.36,100,
10:16:10,18.36,300,
10:16:10,18.36,800,
10:16:10,18.37,100,
10:16:10,18.38,300,
10:16:10,18.38,100,
10:16:10,18.38,300,
10:16:10,18.39,900,
10:16:10,18.39,500,
10:16:10,18.39,600,
10:16:10,18.39,600,
10:16:10,18.39,200,
10:16:10,18.39,300,
10:16:10,18.39,900,
10:16:10,18.38,800,
10:16:10,18.38,100,
10:16:10,18.38,100,
10:16:10,18.38,200,
10:16:10,18.38,1500,
10:16:10,18.38,600,
10:16:10,18.38,700,
10:16:11,18.3901,500,
10:16:12,18.39,160,
10:16:12,18.39,100,
10:16:12,18.39,200,
10:16:12,18.39,840,
10:16:16,18.40,300,
10:16:17,18.409,3000,
10:16:20,18.42,500,
10:16:20,18.42,800,
10:16:20,18.42,100,
10:16:20,18.42,3000,
10:16:20,18.43,300,
10:16:20,18.43,900,
10:16:20,18.43,1100,
10:16:20,18.43,993,
10:16:20,18.43,100,
10:16:21,18.42,400,
10:16:21,18.44,100,
10:16:21,18.4399,500,
10:16:21,18.44,400,
10:16:21,18.44,400,
10:16:21,18.4399,500,
10:16:21,18.4399,400,
10:16:21,18.4399,400,
10:16:21,18.4399,200,
10:16:21,18.44,500,
10:16:22,18.4399,100,
10:16:22,18.44,200,
10:16:22,18.44,200,
10:16:24,18.43,400,
10:16:24,18.43,100,
10:16:24,18.43,800,
10:16:24,18.43,400,
10:16:24,18.42,400,
10:16:24,18.42,1800,
10:16:24,18.42,100,
10:16:24,18.43,100,
10:16:28,18.4293,200,
10:16:31,18.43,500,
10:16:34,18.43,1600,
10:16:34,18.425,150,
10:16:34,18.4201,7600,
10:16:34,18.43,1200,
10:16:36,18.42,4700,
10:16:37,18.4228,300,
10:16:37,18.421,400,
10:16:37,18.4201,2000,
10:16:38,18.4299,500,
10:16:40,18.42,1000,
10:16:40,18.42,100,
10:16:40,18.41,300,
10:16:42,18.401,300,
10:16:42,18.401,400,
10:16:47,18.3999,200,
10:16:47,18.40,100,
10:16:47,18.40,100,
10:16:47,18.40,238,
10:16:47,18.40,1500,
10:16:47,18.40,400,
10:16:47,18.40,200,
10:16:47,18.40,100,
10:16:47,18.41,500,
10:16:47,18.41,100,
10:16:47,18.41,400,
10:16:47,18.41,300,
10:16:47,18.41,600,
10:16:47,18.41,400,
10:16:47,18.40,100,
10:16:47,18.41,400,
10:16:47,18.42,100,
10:16:47,18.42,1162,
10:16:47,18.42,200,
10:16:47,18.42,100,
10:16:49,18.43,100,
10:16:50,18.41,500,
10:16:50,18.40,400,
10:16:50,18.40,400,
10:16:50,18.40,200,
10:16:50,18.40,200,
10:16:50,18.40,300,
10:16:50,18.40,200,
10:16:50,18.41,500,
10:16:50,18.40,600,
10:16:50,18.40,400,
10:16:50,18.41,2100,
10:16:50,18.41,1000,
10:16:50,18.41,300,
10:16:50,18.41,300,
10:16:50,18.41,400,
10:16:50,18.41,200,
10:16:50,18.41,300,
10:16:50,18.41,800,
10:16:50,18.42,200,
10:16:50,18.42,300,
10:16:50,18.42,100,
10:16:51,18.429,7000,
10:16:51,18.43,300,
10:16:51,18.43,700,
10:16:51,18.43,600,
10:16:51,18.43,1600,
10:16:51,18.44,100,
10:16:51,18.44,1300,
10:16:51,18.44,181,
10:16:51,18.44,273,
10:16:51,18.45,300,
10:16:51,18.45,400,
10:16:51,18.45,1000,
10:16:51,18.45,400,
10:16:52,18.44,144,
10:16:52,18.44,808,
10:16:52,18.44,400,
10:16:52,18.44,200,
10:16:52,18.43,300,
10:16:52,18.43,300,
10:16:52,18.43,1000,
10:16:52,18.43,144,
10:16:52,18.43,156,
10:16:52,18.41,200,
10:16:52,18.41,800,
10:16:52,18.41,100,
10:16:52,18.41,200,
10:16:53,18.39,100,
10:16:53,18.39,100,
10:16:53,18.39,400,
10:16:53,18.39,300,
10:16:53,18.40,1400,
10:16:53,18.40,1500,
10:16:53,18.39,300,
10:16:53,18.39,100,
10:16:53,18.39,300,
10:16:53,18.3973,900,
10:16:53,18.39,100,
10:16:54,18.41,100,
10:16:55,18.39,400,
10:16:57,18.4099,600,
10:17:00,18.41,100,
10:17:00,18.41,1300,
10:17:00,18.4025,1400,
10:17:00,18.40,200,
10:17:03,18.4085,2000,
10:17:05,18.38,324,
10:17:06,18.3828,1500,
10:17:07,18.39,200,
10:17:12,18.39,100,
10:17:15,18.40,100,
10:17:15,18.39,193,
10:17:15,18.40,800,
10:17:15,18.40,100,
10:17:15,18.40,200,
10:17:15,18.40,100,
10:17:15,18.40,792,
10:17:15,18.40,300,
10:17:15,18.40,599,
10:17:15,18.40,100,
10:17:15,18.42,800,
10:17:15,18.43,200,
10:17:15,18.43,100,
10:17:15,18.43,300,
10:17:15,18.43,300,
10:17:15,18.43,100,
10:17:16,18.4369,100,
10:17:16,18.4308,100,
10:17:16,18.4305,400,
10:17:16,18.4304,700,
10:17:16,18.4303,800,
10:17:18,18.43,1200,
10:17:18,18.43,100,
10:17:22,18.4372,700,
10:17:23,18.44,400,
10:17:27,18.44,215,
10:17:31,18.4316,400,
10:17:31,18.431,700,
10:17:32,18.43,2500,
10:17:32,18.43,400,
10:17:32,18.43,100,
10:17:32,18.43,243,
10:17:32,18.43,170,
10:17:32,18.43,1293,
10:17:32,18.43,400,
10:17:32,18.43,400,
10:17:32,18.43,300,
10:17:35,18.429,100,
10:17:37,18.4199,2500,
10:17:41,18.401,100,
10:17:44,18.4115,2500,
10:17:46,18.4125,100,
10:17:47,18.4099,100,
10:17:51,18.4095,500,
10:17:55,18.4201,1200,
10:17:58,18.42,300,
10:17:58,18.42,600,
10:18:00,18.42,200,
10:18:12,18.4299,3000,
10:18:13,18.42,3000,
10:18:13,18.42,1000,
10:18:13,18.42,3200,
10:18:14,18.42,100,
10:18:14,18.42,100,
10:18:14,18.42,400,
10:18:14,18.43,100,
10:18:15,18.4209,200,
10:18:15,18.42,200,
10:18:15,18.421,200,
10:18:18,18.42,1300,
10:18:18,18.42,1700,
10:18:21,18.407,1000,
10:18:23,18.41,100,
10:18:24,18.4125,8800,
10:18:26,18.41,100,
10:18:26,18.41,100,
10:18:26,18.41,100,
10:18:28,18.41,100,
10:18:28,18.41,300,
10:18:28,18.41,1300,
10:18:29,18.40,100,
10:18:29,18.40,3000,
10:18:29,18.40,1000,
10:18:34,18.39,200,
10:18:36,18.39,100,
10:18:36,18.39,100,
10:18:36,18.39,700,
10:18:37,18.39,300,
10:18:38,18.39,400,
10:18:38,18.39,300,
10:18:38,18.39,600,
10:18:38,18.39,300,
10:18:38,18.39,900,
10:18:38,18.40,800,
10:18:38,18.40,200,
10:18:38,18.40,800,
10:18:38,18.39,800,
10:18:38,18.39,300,
10:18:38,18.39,300,
10:18:38,18.39,1000,
10:18:38,18.39,200,
10:18:38,18.39,800,
10:18:38,18.39,400,
10:18:38,18.41,100,
10:18:38,18.41,300,
10:18:38,18.40,100,
10:18:38,18.41,1600,
10:18:38,18.41,1600,
10:18:38,18.41,800,
10:18:38,18.41,700,
10:18:38,18.42,300,
10:18:38,18.42,600,
10:18:38,18.42,155,
10:18:38,18.42,1600,
10:18:39,18.39,500,
10:18:42,18.41,100,
10:18:42,18.41,1500,
10:18:54,18.39,100,
10:18:55,18.39,1200,
10:18:55,18.39,100,
10:18:55,18.38,300,
10:18:58,18.3885,3200,
10:19:00,18.3899,100,
10:19:00,18.38,300,
10:19:03,18.379,7000,
10:19:10,18.37,200,
10:19:11,18.36,1000,
10:19:11,18.36,200,
10:19:11,18.35,100,
10:19:11,18.36,2000,
10:19:11,18.35,100,
10:19:11,18.36,400,
10:19:11,18.36,1200,
10:19:11,18.35,600,
10:19:11,18.35,800,
10:19:11,18.35,400,
10:19:12,18.373,500,
10:19:12,18.34,100,
10:19:12,18.3238,200,
10:19:12,18.3236,100,
10:19:13,18.322,300,
10:19:13,18.35,700,
10:19:14,18.3201,500,
10:19:14,18.33,254,
10:19:14,18.34,100,
10:19:14,18.35,300,
10:19:14,18.34,100,
10:19:16,18.3401,100,
10:19:16,18.33,500,
10:19:16,18.33,154,
10:19:24,18.34,100,
10:19:24,18.34,100,
10:19:24,18.341,3000,
10:19:25,18.33,100,
10:19:28,18.32,700,
10:19:30,18.31,218,
10:19:30,18.30,550,
10:19:30,18.31,400,
10:19:30,18.31,254,
10:19:30,18.31,544,
10:19:30,18.31,100,
10:19:30,18.30,100,
10:19:32,18.2902,2000,
10:19:33,18.29,200,
10:19:35,18.28,500,
10:19:35,18.28,100,
10:19:35,18.28,600,
10:19:35,18.2803,200,
10:19:36,18.30,500,
10:19:37,18.28,100,
10:19:37,18.282,100,
10:19:37,18.2701,600,
10:19:37,18.2701,500,
10:19:37,18.27,400,
10:19:37,18.27,500,
10:19:37,18.2701,100,
10:19:37,18.27,100,
10:19:37,18.27,400,
10:19:37,18.27,600,
10:19:37,18.2701,100,
10:19:37,18.27,200,
10:19:37,18.27,500,
10:19:37,18.27,500,
10:19:38,18.28,400,
10:19:39,18.27,250,
10:19:39,18.271,7000,
10:19:42,18.276,254,
10:19:42,18.28,300,
10:19:45,18.30,400,
10:19:52,18.3001,5000,
10:19:53,18.31,1200,
10:19:57,18.34,1000,
10:19:57,18.3299,400,
10:20:00,18.33,300,
10:20:01,18.33,1500,
10:20:02,18.32,100,
10:20:06,18.327,1000,
10:20:08,18.33,200,
10:20:09,18.3199,4350,
10:20:16,18.3102,100,
10:20:24,18.30,500,
10:20:24,18.30,8000,
10:20:25,18.3095,1000,
10:20:32,18.2999,9200,
10:20:35,18.2999,500,
10:20:41,18.29,345,
10:20:41,18.2809,200,
10:20:41,18.2806,400,
10:20:41,18.28,200,
10:20:41,18.281,1800,
10:20:42,18.29,400,
10:20:43,18.28,500,
10:20:46,18.2701,6600,
10:20:49,18.29,100,
10:20:49,18.29,400,
10:20:59,18.29,1000,
10:21:02,18.298,100,
10:21:12,18.294,125,
10:21:18,18.2899,2000,
10:21:21,18.28,400,
10:21:27,18.28,207,
10:21:34,18.2801,3000,
10:21:36,18.29,400,
10:21:36,18.29,600,
10:21:37,18.2905,500,
10:21:40,18.29,600,
10:21:41,18.2999,200,
10:21:46,18.29,100,
10:21:53,18.3199,1000,
10:21:56,18.3199,2000,
10:21:56,18.31,405,
10:21:56,18.3101,200,
10:21:56,18.3101,200,
10:22:15,18.29,307,
10:22:15,18.29,800,
10:22:24,18.31,1500,
10:22:25,18.3001,800,
10:22:53,18.31,100,
10:22:59,18.31,1100,
10:22:59,18.31,2900,
10:23:04,18.30,500,
10:23:14,18.29,100,
10:23:15,18.29,901,
10:23:27,18.273,1500,
10:23:35,18.27,200,
10:23:35,18.2701,100,
10:23:35,18.2701,400,
10:23:35,18.27,400,
10:23:35,18.2701,300,
10:23:35,18.27,300,
10:23:35,18.27,200,
10:23:35,18.2701,300,
10:23:35,18.27,300,
10:23:35,18.27,600,
10:23:38,18.27,400,
10:23:40,18.28,400,
10:23:41,18.288,1000,
10:23:47,18.3193,200,
10:23:53,18.32,100,
10:23:57,18.3172,1000,
10:23:58,18.32,200,
10:24:17,18.3143,600,
10:24:18,18.31,100,
10:24:26,18.30,100,
10:24:33,18.31,100,
10:24:42,18.2999,1510,
10:24:46,18.28,100,
10:24:54,18.2701,100,
10:24:54,18.27,100,
10:25:05,18.26,100,
10:25:07,18.25,200,
10:25:07,18.25,500,
10:25:08,18.2501,200,
10:25:09,18.252,100,
10:25:12,18.2528,1000,
10:25:12,18.251,500,
10:25:13,18.252,100,
10:25:13,18.26,100,
10:25:13,18.26,400,
10:25:14,18.25,300,
10:25:15,18.25,200,
10:25:15,18.25,100,
10:25:19,18.23,100,
10:25:22,18.236,1000,
10:25:30,18.23,100,
10:25:31,18.24,300,
10:25:31,18.24,400,
10:25:31,18.24,300,
10:25:31,18.24,1000,
10:25:31,18.24,100,
10:25:31,18.24,100,
10:25:31,18.24,100,
10:25:31,18.25,600,
10:25:31,18.25,100,
10:25:32,18.24,100,
10:25:32,18.2501,500,
10:25:32,18.24,100,
10:25:43,18.26,393,
10:25:43,18.26,1000,
10:25:46,18.2504,100,
10:25:46,18.2504,400,
10:25:46,18.2504,600,
10:25:46,18.251,1600,
10:26:02,18.25,5000,
10:26:04,18.25,800,
10:26:07,18.22,1600,
10:26:09,18.23,500,
10:26:15,18.2312,200,
10:26:15,18.231,250,
10:26:15,18.22,1100,
10:26:16,18.23,150,
10:26:19,18.239,1000,
10:26:21,18.24,1800,
10:26:23,18.231,100,
10:26:24,18.233,600,
10:26:31,18.2328,900,
10:26:39,18.232,1000,
10:26:43,18.2501,9200,
10:26:44,18.26,500,
10:26:44,18.26,500,
10:26:48,18.2593,250,
10:26:48,18.26,1000,
10:26:53,18.261,700,
10:26:53,18.261,700,
10:26:57,18.28,800,
10:27:00,18.2709,800,
10:27:00,18.271,800,
10:27:01,18.271,100,
10:27:08,18.27,1500,
10:27:08,18.27,800,
10:27:08,18.27,400,
10:27:10,18.27,297,
10:27:10,18.27,900,
10:27:10,18.27,903,
10:27:10,18.27,1500,
10:27:10,18.27,800,
10:27:15,18.26,100,
10:27:15,18.26,100,
10:27:15,18.27,5000,
10:27:16,18.27,200,
10:27:17,18.25,400,
10:27:17,18.25,1922,
10:27:23,18.25,200,
10:27:23,18.25,100,
10:27:23,18.25,200,
10:27:23,18.25,500,
10:27:23,18.25,200,
10:27:23,18.25,200,
10:27:23,18.252,100,
10:27:23,18.252,200,
10:27:25,18.25,300,
10:27:25,18.25,100,
10:27:30,18.26,500,
10:27:45,18.247,200,
10:27:49,18.24,300,
10:27:49,18.24,700,
10:27:49,18.24,700,
10:27:49,18.23,100,
10:27:49,18.23,500,
10:27:49,18.23,400,
10:27:49,18.24,1000,
10:27:55,18.24,400,
10:27:55,18.24,200,
10:27:57,18.25,500,
10:28:04,18.22,707,
10:28:04,18.23,100,
10:28:04,18.22,400,
10:28:08,18.21,150,
10:28:08,18.21,600,
10:28:11,18.2395,500,
10:28:16,18.23,600,
10:28:18,18.22,200,
10:28:30,18.2393,300,
10:28:36,18.2399,5000,
10:28:51,18.22,100,
10:28:56,18.24,908,
10:28:56,18.24,269,
10:28:56,18.24,892,
10:28:56,18.25,300,
10:28:56,18.25,200,
10:28:56,18.25,300,
10:28:56,18.25,200,
10:28:57,18.26,800,
10:28:57,18.26,1000,
10:28:58,18.26,602,
10:28:58,18.26,1198,
10:29:00,18.28,100,
10:29:01,18.27,100,
10:29:09,18.258,100,
10:29:19,18.2592,150,
10:29:22,18.24,400,
10:29:24,18.25,1800,
10:29:43,18.23,225,
10:29:45,18.23,100,
10:29:49,18.229,500,
10:29:58,18.20,500,
10:29:58,18.20,100,
10:29:58,18.20,650,
10:29:58,18.1934,400,
10:29:58,18.20,500,
10:29:58,18.20,1050,
10:29:59,18.1901,600,
10:29:59,18.20,331,
10:29:59,18.20,100,
10:29:59,18.20,100,
10:30:01,18.2028,1000,
10:30:01,18.203,200,
10:30:02,18.20,462,
10:30:02,18.21,400,
10:30:02,18.21,658,
10:30:03,18.21,200,
10:30:09,18.2101,300,
10:30:13,18.2185,2500,
10:30:26,18.2001,100,
10:30:31,18.23,800,
10:30:32,18.24,155,
10:30:32,18.24,645,
10:30:33,18.2302,200,
10:30:39,18.2399,5000,
10:30:45,18.2499,800,
10:30:45,18.2499,8300,
10:30:54,18.23,100,
10:30:54,18.23,600,
10:30:54,18.23,1600,
10:30:54,18.23,100,
10:30:54,18.23,400,
10:30:54,18.23,400,
10:30:54,18.23,140,
10:30:54,18.23,300,
10:30:54,18.23,200,
10:30:54,18.23,400,
10:30:54,18.23,800,
10:30:54,18.23,400,
10:30:54,18.23,200,
10:30:54,18.247,400,
10:31:02,18.25,500,
10:31:16,18.256,300,
10:31:23,18.25,500,
10:31:27,18.25,850,
10:31:33,18.24,200,
10:31:38,18.24,500,
10:31:39,18.24,800,
10:31:51,18.2199,200,
10:32:08,18.20,200,
10:32:08,18.20,200,
10:32:08,18.18,100,
10:32:08,18.18,500,
10:32:08,18.18,300,
10:32:08,18.17,1298,
10:32:08,18.16,300,
10:32:08,18.16,400,
10:32:09,18.16,5220,
10:32:09,18.16,277,
10:32:09,18.16,277,
10:32:09,18.15,600,
10:32:09,18.16,1000,
10:32:09,18.16,300,
10:32:09,18.16,500,
10:32:09,18.16,200,
10:32:09,18.16,100,
10:32:09,18.16,1900,
10:32:09,18.16,1900,
10:32:09,18.16,200,
10:32:09,18.16,200,
10:32:10,18.16,500,
10:32:10,18.16,2000,
10:32:10,18.18,700,
10:32:10,18.15,3500,
10:32:10,18.161,1100,
10:32:10,18.15,3500,
10:32:10,18.15,3000,
10:32:10,18.15,1000,
10:32:11,18.17,400,
10:32:11,18.17,800,
10:32:11,18.17,800,
10:32:11,18.17,400,
10:32:11,18.16,300,
10:32:11,18.171,700,
10:32:11,18.171,700,
10:32:15,18.16,300,
10:32:19,18.15,300,
10:32:20,18.15,900,
10:32:22,18.153,900,
10:32:23,18.15,100,
10:32:24,18.141,338,
10:32:24,18.141,100,
10:32:24,18.141,131,
10:32:25,18.1585,4900,
10:32:25,18.159,100,
10:32:26,18.13,300,
10:32:27,18.131,400,
10:32:27,18.131,400,
10:32:27,18.131,100,
10:32:27,18.131,200,
10:32:28,18.1301,200,
10:32:28,18.14,300,
10:32:28,18.131,5100,
10:32:28,18.141,1500,
10:32:28,18.131,600,
10:32:28,18.1488,750,
10:32:28,18.132,500,
10:32:28,18.131,200,
10:32:31,18.13,13700,
10:32:31,18.134,5000,
10:32:32,18.1399,2000,
10:32:33,18.131,100,
10:32:33,18.131,400,
10:32:33,18.1308,100,
10:32:33,18.131,2300,
10:32:34,18.1301,2000,
10:32:36,18.131,3000,
10:32:36,18.131,4000,
10:32:38,18.14,300,
10:32:38,18.13,400,
10:32:38,18.1301,200,
10:32:38,18.1301,400,
10:32:38,18.1301,400,
10:32:40,18.15,100,
10:32:46,18.14,3000,
10:32:48,18.15,100,
10:32:48,18.15,500,
10:32:49,18.16,100,
10:32:49,18.16,1800,
10:32:54,18.1699,100,
10:32:58,18.167,1000,
10:33:03,18.16,1800,
10:33:11,18.13,3000,
10:33:13,18.131,1000,
10:33:16,18.137,500,
10:33:19,18.1301,400,
10:33:19,18.14,1000,
10:33:20,18.14,800,
10:33:22,18.146,400,
10:33:28,18.1399,2000,
10:33:30,18.14,200,
10:33:31,18.1386,520,
10:33:32,18.14,200,
10:33:32,18.14,1000,
10:33:33,18.14,300,
10:33:37,18.14,360,
10:33:37,18.15,11914,
10:33:40,18.131,1000,
10:33:48,18.13,300,
10:33:48,18.13,1300,
10:33:48,18.13,1400,
10:33:48,18.13,800,
10:33:48,18.13,2100,
10:33:48,18.13,800,
10:33:48,18.13,1500,
10:33:48,18.13,400,
10:33:48,18.13,1100,
10:33:49,18.13,300,
10:33:50,18.12,100,
10:33:52,18.13,666,
10:33:55,18.131,100,
10:33:56,18.1318,2700,
10:33:56,18.1399,200,
10:33:59,18.1399,165,
10:34:01,18.1328,100,
10:34:01,18.131,550,
10:34:01,18.131,1300,
10:34:06,18.14,1800,
10:34:06,18.14,1200,
10:34:15,18.1404,100,
10:34:15,18.141,200,
10:34:26,18.155,533,
10:34:28,18.16,167,
10:34:29,18.1585,2000,
10:34:35,18.15,200,
10:34:35,18.15,300,
10:34:35,18.15,250,
10:34:35,18.15,300,
10:34:35,18.15,100,
10:34:35,18.15,150,
10:34:36,18.15,200,
10:34:38,18.15,100,
10:34:42,18.15,100,
10:34:43,18.15,100,
10:34:46,18.142,200,
10:34:46,18.1486,300,
10:34:50,18.148,1500,
10:34:54,18.14,300,
10:34:55,18.14,694,
10:34:55,18.14,400,
10:34:55,18.14,1507,
10:34:55,18.14,1050,
10:34:55,18.14,300,
10:34:55,18.14,150,
10:34:55,18.13,588,
10:34:55,18.13,300,
10:35:01,18.139,3000,
10:35:01,18.13,2300,
10:35:05,18.129,100,
10:35:05,18.13,100,
10:35:07,18.129,1300,
10:35:07,18.13,150,
10:35:08,18.13,388,
10:35:08,18.1338,700,
10:35:12,18.1213,100,
10:35:13,18.1101,125,
10:35:14,18.113,200,
10:35:15,18.11,1400,
10:35:15,18.11,269,
10:35:18,18.10,250,
10:35:18,18.10,1000,
10:35:19,18.10,7700,
10:35:19,18.119,500,
10:35:21,18.11,268,
10:35:21,18.11,100,
10:35:21,18.11,100,
10:35:21,18.11,100,
10:35:21,18.11,100,
10:35:21,18.11,200,
10:35:21,18.11,100,
10:35:22,18.10,300,
10:35:26,18.1115,2000,
10:35:34,18.12,500,
10:35:38,18.13,1300,
10:35:40,18.139,3000,
10:35:41,18.12,300,
10:35:45,18.1199,1840,
10:35:47,18.1162,400,
10:35:55,18.129,300,
10:35:57,18.122,1000,
10:36:01,18.119,2000,
10:36:07,18.11,135,
10:36:08,18.1114,250,
10:36:18,18.1199,4600,
10:36:26,18.119,350,
10:36:30,18.11,400,
10:36:35,18.11,1000,
10:36:37,18.1099,1200,
10:36:39,18.11,400,
10:36:40,18.1086,1000,
10:36:44,18.10,1000,
10:36:53,18.129,2000,
10:37:07,18.1399,200,
10:37:07,18.1399,400,
10:37:07,18.14,100,
10:37:07,18.14,687,
10:37:07,18.13,100,
10:37:13,18.1354,100,
10:37:22,18.1372,800,
10:37:31,18.1286,1280,
10:37:39,18.13,100,
10:37:44,18.13,130,
10:37:46,18.1299,100,
10:37:49,18.1301,3000,
10:37:50,18.13,800,
10:37:50,18.1299,900,
10:37:50,18.14,2050,
10:37:50,18.14,100,
10:37:50,18.14,100,
10:37:50,18.13,200,
10:37:52,18.127,160,
10:37:56,18.1201,2000,
10:38:03,18.11,100,
10:38:05,18.117,500,
10:38:06,18.12,900,
10:38:09,18.12,200,
10:38:09,18.1099,7500,
10:38:19,18.1118,2000,
10:38:22,18.119,1500,
10:38:22,18.12,4600,
10:38:23,18.111,6000,
10:38:25,18.12,3000,
10:38:25,18.12,2000,
10:38:25,18.12,256,
10:38:25,18.12,100,
10:38:26,18.119,1000,
10:38:29,18.1186,1000,
10:38:30,18.13,900,
10:38:30,18.13,300,
10:38:40,18.1281,5000,
10:38:40,18.12,120,
10:38:43,18.127,300,
10:38:46,18.1078,1000,
10:38:55,18.112,800,
10:38:57,18.13,1000,
10:39:03,18.10,1507,
10:39:03,18.10,800,
10:39:03,18.10,3493,
10:39:03,18.10,300,
10:39:03,18.10,100,
10:39:03,18.10,200,
10:39:03,18.10,500,
10:39:03,18.09,300,
10:39:03,18.10,100,
10:39:03,18.10,100,
10:39:04,18.10,300,
10:39:04,18.10,900,
10:39:04,18.09,200,
10:39:04,18.08,150,
10:39:04,18.08,600,
10:39:04,18.08,1507,
10:39:04,18.08,900,
10:39:04,18.08,200,
10:39:04,18.08,964,
10:39:04,18.08,100,
10:39:04,18.082,5000,
10:39:05,18.08,100,
10:39:05,18.10,300,
10:39:05,18.082,500,
10:39:07,18.09,395,
10:39:07,18.0901,700,
10:39:07,18.09,2000,
10:39:07,18.09,1000,
10:39:08,18.08,100,
10:39:11,18.0801,200,
10:39:14,18.083,500,
10:39:15,18.0801,700,
10:39:25,18.0601,2100,
10:39:28,18.063,1500,
10:39:31,18.06,3500,
10:39:33,18.06,250,
10:39:34,18.07,300,
10:39:35,18.069,300,
10:39:38,18.061,200,
10:39:41,18.06,200,
10:39:43,18.0601,2000,
10:39:44,18.06,1000,
10:39:45,18.07,250,
10:39:46,18.08,300,
10:39:48,18.08,100,
10:39:55,18.07,200,
10:39:57,18.0699,3000,
10:40:02,18.0601,500,
10:40:04,18.06,300,
10:40:05,18.05,200,
10:40:09,18.06,574,
10:40:11,18.06,700,
10:40:15,18.05,1000,
10:40:16,18.058,500,
10:40:16,18.06,1000,
10:40:17,18.058,1000,
10:40:19,18.05,1300,
10:40:19,18.06,269,
10:40:21,18.05,900,
10:40:26,18.0715,100,
10:40:26,18.0701,200,
10:40:38,18.06,339,
10:40:38,18.06,200,
10:40:43,18.075,1500,
10:40:47,18.079,100,
10:40:47,18.08,9900,
10:40:49,18.08,1800,
10:40:49,18.09,2000,
10:40:49,18.09,100,
10:40:49,18.09,600,
10:40:49,18.09,2100,
10:40:49,18.09,1800,
10:40:49,18.09,1100,
10:40:49,18.09,150,
10:40:49,18.09,500,
10:40:49,18.09,1700,
10:40:51,18.09,10000,
10:40:51,18.09,100,
10:40:51,18.09,900,
10:40:51,18.09,800,
10:40:51,18.09,100,
10:40:52,18.09,500,
10:40:52,18.09,200,
10:40:52,18.09,1000,
10:40:52,18.09,600,
10:40:52,18.09,150,
10:40:52,18.09,300,
10:40:53,18.10,10000,
10:40:54,18.09,900,
10:40:54,18.09,400,
10:40:54,18.08,400,
10:40:54,18.08,400,
10:40:56,18.10,650,
10:40:56,18.08,200,
10:40:56,18.08,100,
10:40:57,18.08,500,
10:40:57,18.08,300,
10:40:57,18.08,2800,
10:40:57,18.08,1000,
10:40:57,18.08,300,
10:40:57,18.08,500,
10:40:58,18.08,100,
10:40:58,18.08,100,
10:40:59,18.08,1207,
10:41:00,18.08,1200,
10:41:00,18.08,500,
10:41:00,18.08,302,
10:41:07,18.08,200,
10:41:07,18.08,500,
10:41:08,18.0799,2000,
10:41:08,18.08,707,
10:41:09,18.08,100,
10:41:12,18.08,100,
10:41:13,18.08,600,
10:41:17,18.08,200,
10:41:17,18.08,300,
10:41:17,18.08,600,
10:41:17,18.08,600,
10:41:35,18.071,250,
10:41:41,18.0799,500,
10:41:53,18.08,400,
10:42:00,18.077,100,
10:42:02,18.08,100,
10:42:05,18.09,100,
10:42:08,18.09,385,
10:42:08,18.088,500,
10:42:09,18.09,700,
10:42:13,18.08,600,
10:42:15,18.0798,700,
10:42:17,18.09,300,
10:42:17,18.09,110,
10:42:18,18.08,500,
10:42:18,18.08,100,
10:42:20,18.09,285,
10:42:24,18.09,100,
10:42:24,18.09,400,
10:42:24,18.09,350,
10:42:24,18.09,500,
10:42:26,18.08,900,
10:42:26,18.08,1200,
10:42:27,18.08,200,
10:42:29,18.08,500,
10:42:31,18.08,200,
10:42:31,18.08,1507,
10:42:31,18.08,1000,
10:42:31,18.08,100,
10:42:31,18.08,100,
10:42:31,18.08,500,
10:42:38,18.08,100,
10:42:38,18.0799,400,
10:42:45,18.08,100,
10:42:46,18.0799,300,
10:42:46,18.0799,400,
10:42:47,18.08,300,
10:42:47,18.08,100,
10:42:47,18.07,300,
10:42:47,18.07,400,
10:42:48,18.07,600,
10:42:55,18.07,1550,
10:43:04,18.08,100,
10:43:05,18.07,200,
10:43:08,18.08,200,
10:43:24,18.0799,2300,
10:43:24,18.0799,1300,
10:43:24,18.08,300,
10:43:24,18.08,500,
10:43:25,18.0799,4000,
10:43:26,18.079,300,
10:43:26,18.079,1400,
10:43:26,18.0799,5000,
10:43:34,18.08,100,
10:43:34,18.08,100,
10:43:34,18.08,400,
10:43:34,18.08,1800,
10:43:34,18.08,900,
10:43:51,18.0786,100,
10:43:51,18.08,100,
10:43:52,18.08,200,
10:43:54,18.08,200,
10:43:54,18.08,400,
10:43:54,18.08,1000,
10:43:54,18.08,1000,
10:43:56,18.08,100,
10:44:02,18.0899,1000,
10:44:06,18.08,1400,
10:44:08,18.079,2400,
10:44:12,18.08,732,
10:44:14,18.0701,1200,
10:44:19,18.0799,1000,
10:44:25,18.07,100,
10:44:25,18.0795,790,
10:44:29,18.08,975,
10:44:35,18.07,2900,
10:44:35,18.07,100,
10:44:37,18.06,100,
10:44:37,18.06,500,
10:44:37,18.05,700,
10:44:37,18.05,300,
10:44:37,18.04,166,
10:44:37,18.04,100,
10:44:38,18.03,3000,
10:44:38,18.03,200,
10:44:38,18.03,300,
10:44:38,18.03,200,
10:44:38,18.02,100,
10:44:38,18.02,100,
10:44:38,18.02,100,
10:44:38,18.02,100,
10:44:38,18.04,2000,
10:44:38,18.03,520,
10:44:38,18.02,100,
10:44:38,18.02,300,
10:44:39,18.06,300,
10:44:39,18.02,400,
10:44:39,18.02,200,
10:44:39,18.02,100,
10:44:39,18.025,200,
10:44:40,18.03,300,
10:44:40,18.03,200,
10:44:40,18.02,400,
10:44:41,18.02,4700,
10:44:44,18.039,2000,
10:44:45,18.0301,200,
10:44:49,18.03,1000,
10:44:50,18.05,200,
10:44:53,18.046,300,
10:45:01,18.03,100,
10:45:11,18.031,6500,
10:45:18,18.0202,100,
10:45:21,18.02,4200,
10:45:26,18.0299,1000,
10:45:29,18.039,1500,
10:45:32,18.04,700,
10:45:36,18.0401,1000,
10:45:50,18.05,250,
10:45:57,18.06,100,
10:45:57,18.06,3000,
10:45:57,18.06,100,
10:45:57,18.06,100,
10:45:57,18.06,3000,
10:45:57,18.06,3000,
10:45:57,18.06,1000,
10:45:58,18.066,100,
10:46:03,18.06,400,
10:46:05,18.0799,200,
10:46:11,18.079,100,
10:46:14,18.10,200,
10:46:14,18.10,300,
10:46:15,18.0981,5000,
10:46:15,18.10,100,
10:46:15,18.10,100,
10:46:18,18.10,300,
10:46:19,18.0995,250,
10:46:19,18.092,1500,
10:46:23,18.09,700,
10:46:23,18.09,200,
10:46:24,18.09,200,
10:46:25,18.0994,1000,
10:46:25,18.10,500,
10:46:25,18.10,100,
10:46:25,18.095,500,
10:46:25,18.09,200,
10:46:26,18.09,100,
10:46:26,18.09,800,
10:46:26,18.09,200,
10:46:26,18.09,600,
10:46:26,18.09,800,
10:46:26,18.09,200,
10:46:26,18.09,1400,
10:46:27,18.0895,500,
10:46:27,18.0899,400,
10:46:28,18.10,250,
10:46:28,18.10,100,
10:46:28,18.10,175,
10:46:28,18.10,175,
10:46:29,18.10,400,
10:46:30,18.0999,400,
10:46:30,18.0999,300,
10:46:30,18.10,100,
10:46:31,18.0999,600,
10:46:31,18.0998,400,
10:46:34,18.09,175,
10:46:34,18.09,200,
10:46:34,18.09,100,
10:46:35,18.0997,100,
10:46:35,18.0999,400,
10:46:35,18.09,6868,
10:46:35,18.09,200,
10:46:35,18.095,200,
10:46:35,18.0891,300,
10:46:35,18.085,300,
10:46:37,18.0896,200,
10:46:39,18.0896,200,
10:46:39,18.09,100,
10:46:39,18.09,100,
10:46:39,18.09,800,
10:46:39,18.09,500,
10:46:41,18.09,700,
10:46:41,18.09,100,
10:46:41,18.089,2500,
10:46:43,18.0896,100,
10:46:43,18.09,300,
10:46:46,18.09,500,
10:46:46,18.0886,100,
10:46:48,18.09,1300,
10:46:49,18.10,927,
10:46:51,18.10,100,
10:46:51,18.10,1300,
10:46:51,18.10,500,
10:46:51,18.10,250,
10:46:51,18.10,400,
10:46:51,18.10,500,
10:46:52,18.1085,5000,
10:46:52,18.10,300,
10:46:52,18.10,150,
10:46:52,18.10,1700,
10:46:54,18.09,500,
10:46:54,18.09,200,
10:46:56,18.093,550,
10:46:56,18.081,6000,
10:47:04,18.09,200,
10:47:04,18.09,400,
10:47:17,18.087,1000,
10:47:19,18.08,427,
10:47:19,18.07,200,
10:47:19,18.07,200,
10:47:28,18.0872,100,
10:47:29,18.07,100,
10:47:29,18.07,100,
10:47:29,18.07,800,
10:47:29,18.06,600,
10:47:29,18.06,100,
10:47:29,18.06,300,
10:47:29,18.06,300,
10:47:29,18.06,300,
10:47:29,18.05,700,
10:47:29,18.05,300,
10:47:29,18.07,100,
10:47:29,18.05,200,
10:47:29,18.05,100,
10:47:29,18.055,100,
10:47:30,18.06,800,
10:47:31,18.07,800,
10:47:41,18.06,800,
10:47:41,18.0599,980,
10:47:41,18.0599,680,
10:47:53,18.067,500,
10:47:55,18.07,800,
10:47:56,18.068,800,
10:47:57,18.0696,900,
10:48:10,18.08,300,
10:48:17,18.08,100,
10:48:24,18.08,100,
10:48:24,18.08,150,
10:48:24,18.08,300,
10:48:25,18.09,150,
10:48:25,18.09,200,
10:48:25,18.09,500,
10:48:25,18.09,500,
10:48:28,18.0843,1000,
10:48:33,18.0899,3000,
10:48:41,18.08,3000,
10:48:41,18.08,1900,
10:48:45,18.086,300,
10:48:46,18.08,100,
10:48:46,18.08,700,
10:48:46,18.08,100,
10:48:46,18.08,700,
10:48:46,18.08,9400,
10:48:47,18.08,700,
10:48:47,18.08,400,
10:48:47,18.08,200,
10:48:49,18.08,200,
10:48:50,18.09,200,
10:48:50,18.09,300,
10:48:50,18.08,100,
10:48:51,18.08,100,
10:48:51,18.08,700,
10:48:51,18.08,500,
10:48:51,18.08,200,
10:48:51,18.08,100,
10:48:52,18.08,200,
10:48:53,18.08,100,
10:48:53,18.08,300,
10:48:54,18.08,700,
10:49:11,18.067,500,
10:49:12,18.07,1000,
10:49:13,18.06,100,
10:49:16,18.056,5000,
10:49:20,18.059,100,
10:49:21,18.06,895,
10:49:37,18.07,800,
10:49:37,18.07,400,
10:49:40,18.0699,300,
10:49:40,18.0699,100,
10:49:40,18.0699,100,
10:49:40,18.07,300,
10:49:40,18.07,200,
10:49:40,18.07,200,
10:49:40,18.06,100,
10:49:40,18.06,100,
10:49:40,18.06,100,
10:49:40,18.06,400,
10:49:40,18.06,200,
10:49:41,18.06,200,
10:49:44,18.0572,500,
10:49:50,18.04,1000,
10:49:52,18.04,500,
10:49:52,18.04,106,
10:49:57,18.03,500,
10:49:57,18.03,200,
10:49:58,18.0301,200,
10:50:07,18.04,300,
10:50:09,18.049,4000,
10:50:11,18.0399,500,
10:50:11,18.0399,1300,
10:50:11,18.0399,200,
10:50:11,18.0399,500,
10:50:11,18.0399,200,
10:50:11,18.0399,200,
10:50:11,18.0399,100,
10:50:11,18.0399,100,
10:50:11,18.04,1300,
10:50:11,18.04,800,
10:50:11,18.04,800,
10:50:11,18.04,120,
10:50:11,18.04,200,
10:50:11,18.04,100,
10:50:11,18.04,100,
10:50:12,18.04,200,
10:50:13,18.03,200,
10:50:13,18.03,800,
10:50:13,18.03,150,
10:50:15,18.025,100,
10:50:21,18.026,200,
10:50:30,18.04,200,
10:50:30,18.04,700,
10:50:30,18.04,700,
10:50:30,18.04,700,
10:50:30,18.04,100,
10:50:30,18.04,200,
10:50:30,18.04,200,
10:50:30,18.04,100,
10:50:30,18.04,400,
10:50:30,18.031,3000,
10:50:33,18.04,100,
10:50:33,18.04,600,
10:50:33,18.04,2300,
10:50:36,18.03,400,
10:50:36,18.03,100,
10:50:36,18.04,500,
10:50:41,18.0328,1000,
10:50:48,18.036,100,
10:50:53,18.038,3000,
10:51:00,18.0399,400,
10:51:00,18.0399,200,
10:51:00,18.0399,200,
10:51:00,18.04,400,
10:51:00,18.04,100,
10:51:00,18.04,200,
10:51:09,18.03,500,
10:51:12,18.04,700,
10:51:12,18.04,700,
10:51:12,18.0399,500,
10:51:12,18.04,800,
10:51:12,18.04,1000,
10:51:12,18.0399,700,
10:51:12,18.0399,1000,
10:51:12,18.04,600,
10:51:12,18.0399,700,
10:51:12,18.04,100,
10:51:12,18.0399,100,
10:51:12,18.0399,400,
10:51:12,18.0399,100,
10:51:12,18.0399,100,
10:51:12,18.0399,100,
10:51:12,18.04,500,
10:51:12,18.04,400,
10:51:13,18.0399,1000,
10:51:16,18.03,700,
10:51:16,18.03,1100,
10:51:16,18.03,100,
10:51:16,18.03,400,
10:51:16,18.03,300,
10:51:17,18.021,7000,
10:51:17,18.0286,270,
10:51:17,18.029,300,
10:51:18,18.02,1000,
10:51:19,18.03,320,
10:51:19,18.03,700,
10:51:36,18.04,100,
10:51:44,18.05,1500,
10:51:45,18.04,1000,
10:51:59,18.052,200,
10:52:03,18.047,1000,
10:52:04,18.04,3000,
10:52:06,18.06,100,
10:52:36,18.046,400,
10:52:38,18.0472,700,
10:52:44,18.0472,1000,
10:52:48,18.037,1500,
10:52:49,18.03,600,
10:52:50,18.02,1800,
10:52:51,18.01,500,
10:52:51,18.01,1800,
10:52:51,18.01,200,
10:52:51,18,100,
10:52:51,18.01,500,
10:52:51,18.0001,100,
10:52:51,18,100,
10:52:51,18,300,
10:52:51,18,100,
10:52:51,18,190,
10:52:52,18,100,
10:52:52,18,700,
10:52:52,17.99,300,
10:52:52,18,500,
10:52:52,18,500,
10:52:52,18,1700,
10:52:54,17.9928,500,
10:52:54,17.993,1700,
10:52:57,17.99,1000,
10:52:58,17.99,100,
10:52:58,17.99,1000,
10:52:59,17.9834,500,
10:52:59,17.9807,100,
10:53:00,17.98,1000,
10:53:00,17.98,170,
10:53:01,17.9899,250,
10:53:03,17.98,557,
10:53:05,17.98,100,
10:53:05,17.9801,443,
10:53:05,17.9801,100,
10:53:06,17.97,1650,
10:53:06,17.989,2500,
10:53:09,17.983,1000,
10:53:16,17.9928,1500,
10:53:18,17.99,500,
10:53:18,17.9901,300,
10:53:20,17.99,600,
10:53:20,17.99,100,
10:53:24,17.996,250,
10:53:24,17.991,400,
10:53:24,17.99,300,
10:53:26,17.9999,5000,
10:53:28,18,100,
10:53:29,17.99,200,
10:53:29,17.991,900,
10:53:31,18,300,
10:53:32,18.0062,500,
10:53:41,17.997,200,
10:53:42,17.9901,1000,
10:53:45,17.992,2000,
10:53:46,17.998,100,
10:53:46,18,100,
10:53:49,18,100,
10:53:53,18,300,
10:53:54,17.9999,300,
10:53:54,17.9999,600,
10:53:54,18,300,
10:53:54,18,100,
10:53:54,17.9999,400,
10:53:54,17.9999,400,
10:53:54,17.9999,300,
10:53:54,17.9999,1000,
10:53:54,18,100,
10:53:54,17.9999,200,
10:53:54,18,400,
10:53:56,17.9999,500,
10:53:56,18,400,
10:53:56,18,500,
10:53:56,17.9999,400,
10:53:56,18,600,
10:53:56,17.9999,1400,
10:53:56,18,600,
10:53:58,18,300,
10:54:00,18.01,100,
10:54:03,18.0083,200,
10:54:03,18.009,1900,
10:54:03,18.007,100,
10:54:08,18.0099,1600,
10:54:08,18.01,1600,
10:54:09,18.0086,700,
10:54:10,18,400,
10:54:13,17.9992,400,
10:54:13,17.9992,800,
10:54:13,17.9993,100,
10:54:13,17.999,3300,
10:54:13,17.999,3400,
10:54:15,17.99,500,
10:54:17,17.98,1600,
10:54:18,17.977,1000,
10:54:22,17.9755,1000,
10:54:22,17.9766,800,
10:54:22,17.9784,100,
10:54:25,17.978,500,
10:54:25,17.978,700,
10:54:26,17.97,700,
10:54:26,17.97,6800,
10:54:28,17.968,110,
10:54:28,17.9628,1500,
10:54:29,17.96,900,
10:54:29,17.96,800,
10:54:29,17.96,1500,
10:54:29,17.96,100,
10:54:29,17.96,200,
10:54:29,17.96,900,
10:54:29,17.96,400,
10:54:30,17.96,700,
10:54:30,17.97,100,
10:54:30,17.97,131,
10:54:30,17.97,300,
10:54:30,17.97,300,
10:54:30,17.98,100,
10:54:30,17.98,100,
10:54:30,17.961,700,
10:54:32,17.971,200,
10:54:32,17.9787,600,
10:54:32,17.979,700,
10:54:33,17.973,430,
10:54:36,17.98,200,
10:54:43,17.9799,500,
10:54:48,17.97,5000,
10:54:50,17.98,500,
10:55:00,17.97,200,
10:55:00,17.97,100,
10:55:03,17.9701,200,
10:55:08,17.97,200,
10:55:18,17.98,500,
10:55:29,17.97,400,
10:55:29,17.97,800,
10:55:31,17.97,530,
10:55:31,17.97,100,
10:55:31,17.97,200,
10:55:32,17.97,100,
10:55:32,17.97,700,
10:55:39,17.98,100,
10:55:39,17.98,100,
10:55:39,17.98,800,
10:55:39,17.98,200,
10:55:39,17.98,600,
10:55:39,17.98,100,
10:55:39,17.98,100,
10:55:39,17.98,100,
10:55:39,17.98,173,
10:55:39,17.98,222,
10:55:40,17.98,549,
10:55:40,17.98,1200,
10:55:40,17.9799,1600,
10:55:40,17.9799,300,
10:55:40,17.99,1351,
10:55:43,17.99,400,
10:55:46,17.97,100,
10:55:54,17.979,200,
10:56:00,17.971,300,
10:56:04,17.97,200,
10:56:04,17.9699,100,
10:56:04,17.9699,1100,
10:56:04,17.9699,200,
10:56:04,17.97,300,
10:56:04,17.9699,300,
10:56:04,17.97,300,
10:56:04,17.97,100,
10:56:04,17.9699,300,
10:56:04,17.97,100,
10:56:05,17.95,300,
10:56:05,17.96,100,
10:56:05,17.96,900,
10:56:05,17.96,100,
10:56:05,17.96,200,
10:56:05,17.96,1000,
10:56:05,17.9529,100,
10:56:05,17.952,200,
10:56:06,17.95,500,
10:56:06,17.95,200,
10:56:07,17.95,200,
10:56:10,17.96,100,
10:56:20,17.95,100,
10:56:21,17.96,100,
10:56:25,17.96,131,
10:56:26,17.95,600,
10:56:26,17.95,500,
10:56:26,17.95,500,
10:56:31,17.96,400,
10:56:36,17.95,300,
10:56:36,17.95,100,
10:56:36,17.951,100,
10:56:36,17.952,700,
10:56:36,17.951,300,
10:56:39,17.958,5000,
10:56:42,17.96,100,
10:56:42,17.957,500,
10:56:43,17.9587,500,
10:56:43,17.95,300,
10:56:45,17.953,500,
10:56:47,17.9582,2700,
10:56:50,17.958,300,
10:56:50,17.96,300,
10:56:54,17.97,100,
10:56:57,17.97,100,
10:56:57,17.96,500,
10:57:03,17.957,500,
10:57:05,17.96,150,
10:57:08,17.9584,100,
10:57:09,17.96,1800,
10:57:09,17.9599,400,
10:57:09,17.959,100,
10:57:12,17.96,200,
10:57:15,17.96,600,
10:57:22,17.96,100,
10:57:22,17.96,100,
10:57:27,17.97,400,
10:57:30,17.954,400,
10:57:39,17.974,200,
10:57:40,17.96,400,
10:57:40,17.96,600,
10:57:42,17.967,1000,
10:57:43,17.98,100,
10:57:47,17.98,400,
10:57:47,17.99,400,
10:57:47,17.99,100,
10:57:47,17.99,300,
10:57:47,17.99,300,
10:57:47,17.99,1500,
10:57:47,17.99,400,
10:57:47,17.99,1100,
10:57:47,17.99,200,
10:57:47,17.99,150,
10:57:47,17.99,490,
10:57:47,17.99,210,
10:57:47,17.99,100,
10:57:47,17.99,100,
10:57:47,17.99,300,
10:57:50,17.99,2700,
10:57:50,17.98,200,
10:57:50,17.98,100,
10:57:56,17.9899,600,
10:57:56,17.9899,3700,
10:57:56,17.99,300,
10:57:59,17.99,1600,
10:57:59,17.99,200,
10:57:59,17.99,300,
10:57:59,17.99,960,
10:58:00,17.9899,1100,
10:58:00,17.99,300,
10:58:00,17.9899,300,
10:58:00,17.99,400,
10:58:00,17.99,500,
10:58:00,17.9899,400,
10:58:00,17.9899,400,
10:58:00,17.9899,300,
10:58:00,17.9899,500,
10:58:00,17.99,500,
10:58:00,17.99,1100,
10:58:01,17.98,1000,
10:58:02,17.98,500,
10:58:02,17.98,300,
10:58:02,17.98,300,
10:58:02,17.98,500,
10:58:02,17.98,300,
10:58:02,17.98,400,
10:58:02,17.98,400,
10:58:02,17.98,100,
10:58:02,17.97,100,
10:58:03,17.981,5000,
10:58:06,17.97,200,
10:58:09,17.977,600,
10:58:16,17.97,200,
10:58:18,17.97,100,
10:58:22,17.978,100,
10:58:22,17.98,100,
10:58:25,17.9799,5000,
10:58:26,17.97,600,
10:58:26,17.9699,700,
10:58:26,17.97,1200,
10:58:26,17.9699,1600,
10:58:26,17.9699,400,
10:58:26,17.9699,500,
10:58:27,17.98,300,
10:58:27,17.9799,500,
10:58:27,17.9799,300,
10:58:27,17.9799,100,
10:58:27,17.98,500,
10:58:27,17.9799,3600,
10:58:28,17.98,300,
10:58:30,17.98,500,
10:58:42,17.99,400,
10:58:42,17.9901,700,
10:58:42,17.9901,600,
10:58:42,17.9901,1200,
10:58:42,17.99,1200,
10:58:42,17.9901,300,
10:58:42,17.9901,100,
10:58:42,17.99,100,
10:58:45,17.98,100,
10:58:49,17.98,2818,
10:58:51,17.98,1082,
10:59:00,17.962,500,
10:59:00,17.969,200,
10:59:13,17.9746,200,
10:59:13,17.9795,200,
10:59:13,17.979,700,
10:59:30,17.9785,5000,
10:59:31,17.97,300,
10:59:39,17.98,618,
10:59:44,17.9872,100,
10:59:44,17.989,200,
10:59:45,17.9899,200,
10:59:45,17.99,300,
10:59:46,17.98,300,
10:59:48,17.97,500,
10:59:55,17.9701,100,
11:00:11,17.97,700,
11:00:19,17.967,1000,
11:00:25,17.96,400,
11:00:34,17.97,100,
11:00:47,17.969,300,
11:00:50,17.97,400,
11:00:53,17.98,700,
11:00:55,17.97,650,
11:01:05,17.96,300,
11:01:06,17.96,100,
11:01:08,17.95,400,
11:01:22,17.956,250,
11:01:23,17.95,110,
11:01:23,17.95,250,
11:01:23,17.94,707,
11:01:24,17.9428,1000,
11:01:24,17.95,330,
11:01:25,17.951,330,
11:01:25,17.94,2000,
11:01:26,17.94,300,
11:01:26,17.94,600,
11:01:26,17.94,300,
11:01:26,17.94,200,
11:01:27,17.9399,200,
11:01:27,17.9399,200,
11:01:27,17.94,100,
11:01:27,17.934,300,
11:01:27,17.93,100,
11:01:28,17.939,500,
11:01:28,17.92,200,
11:01:28,17.92,450,
11:01:28,17.9201,200,
11:01:28,17.91,2400,
11:01:28,17.92,200,
11:01:28,17.91,200,
11:01:28,17.91,2000,
11:01:31,17.94,100,
11:01:34,17.945,500,
11:01:36,17.94,3000,
11:01:45,17.95,100,
11:01:45,17.95,300,
11:01:45,17.95,500,
11:01:47,17.96,100,
11:01:52,17.954,300,
11:01:54,17.9599,1600,
11:01:54,17.9599,2500,
11:01:54,17.96,500,
11:01:58,17.96,300,
11:02:03,17.9699,100,
11:02:04,17.95,3000,
11:02:05,17.96,100,
11:02:05,17.958,200,
11:02:06,17.96,200,
11:02:10,17.9599,300,
11:02:10,17.96,400,
11:02:10,17.9599,1100,
11:02:10,17.96,500,
11:02:10,17.9599,400,
11:02:10,17.9599,500,
11:02:10,17.9599,300,
11:02:10,17.96,300,
11:02:10,17.96,200,
11:02:10,17.9599,500,
11:02:10,17.96,200,
11:02:10,17.96,300,
11:02:10,17.96,100,
11:02:11,17.96,500,
11:02:12,17.97,300,
11:02:12,17.97,450,
11:02:12,17.97,1000,
11:02:12,17.97,100,
11:02:12,17.97,200,
11:02:13,17.98,300,
11:02:13,17.98,100,
11:02:15,17.9775,100,
11:02:15,17.9799,5000,
11:02:15,17.98,100,
11:02:15,17.98,100,
11:02:17,17.98,100,
11:02:17,17.9799,500,
11:02:17,17.9799,2500,
11:02:17,17.98,100,
11:02:17,17.979,100,
11:02:19,17.98,400,
11:02:19,17.98,400,
11:02:19,17.98,400,
11:02:19,17.98,700,
11:02:19,17.98,600,
11:02:19,17.9799,400,
11:02:19,17.9799,400,
11:02:19,17.9799,400,
11:02:19,17.98,600,
11:02:19,17.98,400,
11:02:20,17.9786,200,
11:02:20,17.9788,100,
11:02:20,17.9788,100,
11:02:20,17.979,1700,
11:02:22,17.9794,1000,
11:02:25,17.98,300,
11:02:31,17.98,400,
11:02:34,17.99,900,
11:02:35,17.99,900,
11:02:37,17.99,10000,
11:02:39,17.998,950,
11:02:42,17.99,200,
11:02:42,17.98,200,
11:02:42,17.98,100,
11:02:45,18,100,
11:02:45,18,2400,
11:02:45,18,600,
11:02:45,18,400,
11:02:49,17.99,500,
11:02:51,18,300,
11:02:53,17.98,600,
11:02:53,17.98,100,
11:02:53,17.99,538,
11:02:53,17.98,300,
11:02:53,17.98,300,
11:02:56,17.998,100,
11:02:56,18,100,
11:03:00,17.9999,100,
11:03:00,17.9999,2200,
11:03:00,18,400,
11:03:01,18,300,
11:03:01,18,300,
11:03:01,18,300,
11:03:01,18,400,
11:03:01,17.9999,300,
11:03:01,17.9999,300,
11:03:01,17.9999,500,
11:03:01,17.9999,400,
11:03:01,18,200,
11:03:01,18,500,
11:03:01,17.9999,500,
11:03:01,18,100,
11:03:01,18,300,
11:03:01,18,300,
11:03:01,18,300,
11:03:01,17.9999,300,
11:03:01,17.9999,300,
11:03:01,17.9999,400,
11:03:01,17.9999,400,
11:03:01,17.9999,300,
11:03:01,17.9999,700,
11:03:01,17.9999,400,
11:03:01,18,500,
11:03:05,17.99,900,
11:03:10,17.99,300,
11:03:10,17.99,300,
11:03:10,17.99,200,
11:03:10,17.99,300,
11:03:10,17.99,900,
11:03:10,17.99,107,
11:03:10,17.99,300,
11:03:10,17.99,300,
11:03:17,17.99,193,
11:03:19,17.981,3000,
11:03:29,17.9899,500,
11:03:29,17.99,300,
11:03:29,17.9899,1100,
11:03:29,17.9899,300,
11:03:29,17.9899,400,
11:03:29,17.99,400,
11:03:29,17.9899,400,
11:03:29,17.9899,200,
11:03:29,17.9899,300,
11:03:29,17.99,400,
11:03:29,17.99,1100,
11:03:29,17.99,200,
11:03:30,17.99,400,
11:03:30,17.99,400,
11:03:30,17.9899,400,
11:03:30,17.9899,400,
11:03:30,17.99,500,
11:03:30,17.9899,500,
11:03:30,17.9899,400,
11:03:30,17.9899,300,
11:03:30,17.99,1100,
11:03:30,17.99,100,
11:03:30,17.99,300,
11:03:31,17.99,400,
11:03:31,17.9899,400,
11:03:31,17.9899,700,
11:03:31,17.9899,400,
11:03:31,17.99,600,
11:03:31,17.9899,600,
11:03:31,17.99,200,
11:03:31,17.9899,200,
11:03:31,17.9899,200,
11:03:31,17.9899,300,
11:03:31,17.99,300,
11:03:31,17.99,100,
11:03:36,17.98,500,
11:03:36,17.98,207,
11:03:36,17.98,300,
11:03:36,17.98,400,
11:03:38,17.98,707,
11:03:38,17.98,1000,
11:03:38,17.98,300,
11:03:39,17.98,500,
11:03:45,17.98,300,
11:03:45,17.98,400,
11:03:45,17.98,400,
11:03:45,17.98,1100,
11:03:45,17.98,300,
11:03:45,17.98,300,
11:03:45,17.98,393,
11:03:46,17.98,100,
11:03:54,17.9899,5000,
11:03:55,17.9872,1000,
11:03:58,17.9863,1900,
11:04:03,17.99,100,
11:04:11,17.99,161,
11:04:11,17.9901,161,
11:04:16,18,800,
11:04:16,18,200,
11:04:20,18,200,
11:04:20,18,200,
11:04:20,18.0001,600,
11:04:20,18.0001,200,
11:04:20,18.0001,800,
11:04:20,18.0001,100,
11:04:20,18,500,
11:04:20,18.0001,400,
11:04:20,18,500,
11:04:20,18.0001,800,
11:04:20,18.0001,100,
11:04:20,18.0001,500,
11:04:20,18,500,
11:04:20,18.0001,200,
11:04:20,18.0001,200,
11:04:20,18,600,
11:04:20,18,100,
11:04:25,18,2765,
11:04:31,17.997,1000,
11:04:31,18.009,965,
11:04:31,18.008,7000,
11:04:34,18.0099,500,
11:04:34,18.01,100,
11:04:34,18.0099,400,
11:04:34,18.0099,100,
11:04:34,18.0099,100,
11:04:34,18.01,200,
11:04:34,18.0099,100,
11:04:34,18.0099,100,
11:04:34,18.01,500,
11:04:35,18,100,
11:04:37,18.01,100,
11:04:48,18.0094,3000,
11:04:49,18,300,
11:04:49,18,100,
11:04:49,18,100,
11:04:49,18,100,
11:04:49,18,500,
11:04:51,18.0099,2700,
11:04:51,18.0099,200,
11:04:51,18.0099,100,
11:04:51,18.0099,800,
11:04:51,18.0099,100,
11:04:51,18.01,1000,
11:04:51,18.01,1100,
11:04:52,18.005,500,
11:04:58,18.002,2000,
11:05:01,18,1000,
11:05:01,18,1100,
11:05:02,18,5000,
11:05:02,17.98,400,
11:05:02,17.98,200,
11:05:02,17.98,100,
11:05:04,17.99,300,
11:05:04,17.9899,100,
11:05:04,17.99,300,
11:05:04,17.9899,300,
11:05:04,17.99,100,
11:05:04,17.9899,100,
11:05:04,17.99,150,
11:05:04,17.9899,200,
11:05:04,17.9899,100,
11:05:04,17.99,400,
11:05:04,17.9899,100,
11:05:04,17.9899,400,
11:05:04,17.99,500,
11:05:11,17.988,500,
11:05:11,17.99,100,
11:05:11,17.99,100,
11:05:11,17.99,100,
11:05:11,17.99,500,
11:05:11,17.988,100,
11:05:13,17.9899,5555,
11:05:17,17.98,400,
11:05:17,17.98,200,
11:05:17,17.98,100,
11:05:17,17.98,100,
11:05:17,17.98,150,
11:05:17,17.98,100,
11:05:17,17.98,500,
11:05:17,17.98,700,
11:05:18,17.97,200,
11:05:18,17.97,100,
11:05:18,17.97,100,
11:05:18,17.97,800,
11:05:18,17.97,100,
11:05:18,17.97,100,
11:05:18,17.97,100,
11:05:19,17.97,200,
11:05:22,17.97,200,
11:05:23,17.96,100,
11:05:24,17.98,500,
11:05:28,17.9699,300,
11:05:28,17.97,300,
11:05:46,17.97,100,
11:05:48,17.97,270,
11:05:50,17.98,100,
11:05:51,17.98,400,
11:05:51,17.98,400,
11:05:53,17.9768,5000,
11:05:57,17.98,700,
11:05:57,17.98,1800,
11:06:03,17.98,100,
11:06:23,17.99,200,
11:06:24,18,100,
11:06:24,18,100,
11:06:24,18,100,
11:06:24,18,200,
11:06:28,18,462,
11:06:35,17.99,607,
11:06:35,17.99,300,
11:06:35,17.99,1700,
11:06:42,17.9924,1000,
11:06:50,17.992,200,
11:06:50,17.992,125,
11:06:50,17.99,100,
11:06:51,17.99,1200,
11:06:51,17.99,500,
11:06:52,17.9899,100,
11:06:52,17.99,100,
11:06:58,17.989,100,
11:07:19,17.983,1500,
11:07:23,17.9899,100,
11:07:43,17.99,150,
11:07:43,17.99,400,
11:07:44,17.99,400,
11:07:54,17.9901,300,
11:07:58,18,500,
11:08:07,17.999,2000,
11:08:17,17.99,200,
11:08:19,18,300,
11:08:19,17.9999,500,
11:08:19,17.9999,400,
11:08:19,18,100,
11:08:19,17.9999,400,
11:08:19,18,600,
11:08:19,18,100,
11:08:19,17.9999,600,
11:08:19,17.9999,100,
11:08:19,18,500,
11:08:19,17.9999,100,
11:08:19,17.9999,100,
11:08:19,18,100,
11:08:19,18,300,
11:08:19,18,500,
11:08:19,17.9999,700,
11:08:19,18,700,
11:08:19,17.9999,500,
11:08:19,18,200,
11:08:19,17.9999,200,
11:08:19,18,300,
11:08:19,17.9999,400,
11:08:19,17.9999,100,
11:08:19,18,100,
11:08:19,18,100,
11:08:19,17.9999,100,
11:08:21,18,400,
11:08:24,17.9999,100,
11:08:24,17.9999,100,
11:08:24,17.9999,100,
11:08:24,18,800,
11:08:24,18,100,
11:08:24,18,400,
11:08:24,18,100,
11:08:26,17.99,100,
11:08:26,17.99,500,
11:08:26,17.98,200,
11:08:26,17.98,100,
11:08:30,17.98,900,
11:08:43,17.989,500,
11:08:55,17.98,925,
11:08:55,17.98,300,
11:08:59,17.99,100,
11:09:07,17.986,252,
11:09:12,17.98,100,
11:09:12,17.97,500,
11:09:13,17.979,342,
11:09:22,17.976,100,
11:09:27,17.98,800,
11:09:32,17.99,500,
11:09:41,17.99,1800,
11:09:48,17.9877,125,
11:09:48,17.989,200,
11:09:53,17.98,100,
11:09:53,17.98,100,
11:09:55,17.979,500,
11:09:59,17.98,100,
11:10:04,17.97,100,
11:10:04,17.96,100,
11:10:04,17.96,100,
11:10:04,17.96,200,
11:10:04,17.96,100,
11:10:09,17.97,100,
11:10:09,17.97,3000,
11:10:09,17.97,200,
11:10:09,17.97,1600,
11:10:09,17.97,400,
11:10:09,17.98,300,
11:10:21,17.9699,300,
11:10:21,17.9699,300,
11:10:22,17.96,197,
11:10:22,17.96,300,
11:10:24,17.97,100,
11:10:24,17.97,100,
11:10:25,17.969,100,
11:10:25,17.969,100,
11:10:33,17.98,100,
11:10:33,17.98,100,
11:10:34,17.9701,300,
11:10:55,17.98,100,
11:10:58,17.96,400,
11:10:58,17.96,200,
11:11:03,17.98,700,
11:11:04,17.98,400,
11:11:12,17.98,200,
11:11:12,17.98,100,
11:11:12,17.98,800,
11:11:12,17.98,300,
11:11:12,17.98,1700,
11:11:12,17.98,1600,
11:11:12,17.98,100,
11:11:12,17.98,1400,
11:11:14,17.98,200,
11:11:16,17.97,500,
11:11:17,17.979,300,
11:11:19,17.97,800,
11:11:19,17.97,1200,
11:11:19,17.97,800,
11:11:19,17.97,800,
11:11:19,17.97,300,
11:11:19,17.97,800,
11:11:19,17.97,100,
11:11:19,17.97,300,
11:11:19,17.97,400,
11:11:19,17.96,100,
11:11:19,17.96,100,
11:11:19,17.96,200,
11:11:19,17.96,400,
11:11:31,17.98,100,
11:11:33,17.9786,700,
11:11:35,17.976,100,
11:11:38,17.9799,100,
11:11:38,17.9799,200,
11:11:38,17.9799,2200,
11:11:38,17.98,100,
11:11:38,17.98,200,
11:11:42,17.9797,400,
11:11:42,17.9798,100,
11:11:50,17.979,200,
11:11:53,17.979,1400,
11:11:59,17.975,100,
11:11:59,17.975,100,
11:12:04,17.97,507,
11:12:04,17.97,400,
11:12:04,17.97,300,
11:12:11,17.96,500,
11:12:24,17.95,900,
11:12:24,17.95,500,
11:12:29,17.95,200,
11:12:29,17.958,100,
11:12:29,17.958,200,
11:12:29,17.958,100,
11:12:29,17.96,200,
11:12:29,17.96,100,
11:12:29,17.96,100,
11:12:30,17.94,200,
11:12:30,17.94,100,
11:12:32,17.94,3000,
11:12:32,17.95,349,
11:12:32,17.95,349,
11:12:34,17.95,2000,
11:12:34,17.958,100,
11:12:34,17.958,200,
11:12:34,17.958,100,
11:12:34,17.96,100,
11:12:34,17.96,100,
11:12:34,17.96,100,
11:12:36,17.95,500,
11:12:40,17.9501,500,
11:12:40,17.9501,100,
11:12:40,17.9501,200,
11:12:40,17.95,200,
11:12:40,17.9501,100,
11:12:40,17.9501,100,
11:12:40,17.9501,100,
11:12:40,17.95,200,
11:12:40,17.95,500,
11:12:40,17.96,1600,
11:12:43,17.96,200,
11:12:43,17.96,300,
11:12:48,17.9594,100,
11:12:58,17.95,100,
11:12:58,17.95,500,
11:12:58,17.95,600,
11:12:58,17.95,300,
11:12:58,17.94,300,
11:12:58,17.94,300,
11:12:58,17.94,400,
11:12:58,17.94,100,
11:12:59,17.94,400,
11:12:59,17.94,277,
11:13:04,17.9401,300,
11:13:04,17.9401,100,
11:13:04,17.9401,100,
11:13:04,17.94,300,
11:13:04,17.94,200,
11:13:04,17.94,100,
11:13:05,17.95,200,
11:13:11,17.95,400,
11:13:14,17.95,1000,
11:13:14,17.95,1800,
11:13:14,17.95,300,
11:13:14,17.95,300,
11:13:14,17.95,290,
11:13:17,17.95,1900,
11:13:25,17.95,100,
11:13:25,17.9583,100,
11:13:25,17.9587,1100,
11:13:25,17.959,2000,
11:13:27,17.9572,1000,
11:13:27,17.9586,700,
11:13:27,17.959,800,
11:13:31,17.94,300,
11:13:31,17.95,400,
11:13:31,17.95,400,
11:13:31,17.95,1400,
11:13:31,17.95,3800,
11:13:31,17.94,100,
11:13:31,17.94,100,
11:13:31,17.94,269,
11:13:31,17.94,300,
11:13:31,17.94,1600,
11:13:31,17.94,1800,
11:13:32,17.94,100,
11:13:32,17.94,100,
11:13:33,17.95,469,
11:13:33,17.95,100,
11:13:33,17.95,300,
11:13:36,17.94,400,
11:14:01,17.95,500,
11:14:02,17.96,275,
11:14:06,17.9505,1300,
11:14:11,17.95,500,
11:14:14,17.96,170,
11:14:14,17.96,1000,
11:14:14,17.96,843,
11:14:23,17.96,3000,
11:14:34,17.9599,300,
11:14:34,17.9599,100,
11:14:34,17.9599,100,
11:14:34,17.9599,100,
11:14:34,17.96,300,
11:14:34,17.96,700,
11:14:34,17.96,100,
11:14:34,17.96,100,
11:14:36,17.95,400,
11:14:38,17.959,300,
11:14:45,17.97,200,
11:14:50,17.9693,100,
11:14:57,17.97,100,
11:15:01,17.9699,200,
11:15:12,17.95,200,
11:15:13,17.96,100,
11:15:13,17.96,200,
11:15:13,17.959,200,
11:15:15,17.95,100,
11:15:15,17.95,200,
11:15:17,17.942,500,
11:15:38,17.949,400,
11:15:38,17.949,493,
11:15:51,17.95,100,
11:15:51,17.95,800,
11:15:51,17.95,500,
11:15:53,17.96,200,
11:15:54,17.95,400,
11:15:58,17.95,400,
11:16:07,17.95,100,
11:16:07,17.94,300,
11:16:08,17.9418,200,
11:16:15,17.95,1000,
11:16:17,17.95,800,
11:16:23,17.95,400,
11:16:36,17.95,100,
11:16:39,17.959,3300,
11:16:39,17.959,3400,
11:16:59,17.9525,6030,
11:17:10,17.953,100,
11:17:15,17.94,181,
11:17:23,17.94,1700,
11:17:23,17.941,3000,
11:17:23,17.949,1000,
11:17:23,17.949,3100,
11:17:23,17.95,200,
11:17:24,17.95,300,
11:17:26,17.95,800,
11:17:42,17.9401,600,
11:17:48,17.94,100,
11:17:51,17.93,100,
11:17:54,17.93,1500,
