09:30:00,15.22,500,
09:30:00,15.22,300,
09:30:00,15.22,600,
09:30:02,15.21,500,
09:30:02,15.21,200,
09:30:09,15.21,200,
09:30:09,15.21,600,
09:30:10,15.20,600,
09:30:10,15.20,300,
09:30:14,15.21,31000,
09:30:15,15.23,600,
09:30:15,15.23,200,
09:30:15,15.23,300,
09:30:15,15.23,400,
09:30:15,15.23,200,
09:30:16,15.23,900,
09:30:16,15.23,1100,
09:30:20,15.209,3500,
09:30:21,15.209,1700,
09:30:24,15.209,1700,
09:30:24,15.2099,300,
09:30:26,15.23,683,
09:30:27,15.2299,4000,
09:30:30,15.21,1500,
09:30:36,15.20,600,
09:30:36,15.20,500,
09:30:36,15.20,2200,
09:30:36,15.20,500,
09:30:36,15.20,600,
09:30:36,15.20,300,
09:30:36,15.21,200,
09:30:38,15.215,100,
09:30:39,15.208,1798,
09:30:41,15.21,500,
09:30:45,15.1983,1000,
09:30:46,15.19,200,
09:30:49,15.19,300,
09:30:49,15.19,300,
09:30:51,15.18,100,
09:30:57,15.197,300,
09:30:59,15.19,100,
09:31:01,15.18,400,
09:31:01,15.18,100,
09:31:01,15.19,400,
09:31:09,15.19,316,
09:31:15,15.24,300,
09:31:18,15.24,100,
09:31:20,15.25,100,
09:31:22,15.26,800,
09:31:23,15.265,100,
09:31:24,15.27,500,
09:31:27,15.265,1000,
09:31:27,15.27,300,
09:31:27,15.27,100,
09:31:30,15.27,900,
09:31:30,15.27,600,
09:31:35,15.27,100,
09:31:39,15.26,100,
09:31:39,15.25,700,
09:31:39,15.25,100,
09:31:39,15.25,800,
09:31:43,15.25,100,
09:31:43,15.24,1200,
09:31:44,15.24,1600,
09:31:44,15.24,1300,
09:31:44,15.24,600,
09:31:44,15.24,1300,
09:31:44,15.24,2200,
09:31:44,15.24,800,
09:31:44,15.24,100,
09:31:44,15.24,1200,
09:31:44,15.25,300,
09:31:44,15.24,1000,
09:31:47,15.25,1602,
09:31:47,15.25,1302,
09:31:50,15.255,1007,
09:31:50,15.26,600,
09:31:51,15.25,900,
09:31:51,15.25,800,
09:31:51,15.25,100,
09:31:51,15.25,100,
09:31:51,15.25,600,
09:31:51,15.25,1300,
09:31:51,15.25,1300,
09:31:51,15.25,300,
09:31:52,15.24,300,
09:31:54,15.25,100,
09:31:54,15.25,400,
09:31:54,15.25,700,
09:31:54,15.26,700,
09:31:54,15.26,400,
09:31:54,15.25,900,
09:31:54,15.25,600,
09:31:55,15.26,200,
09:31:55,15.26,1100,
09:31:55,15.2487,500,
09:31:55,15.26,800,
09:31:55,15.26,400,
09:31:55,15.26,1200,
09:31:55,15.26,1000,
09:31:55,15.25,100,
09:31:55,15.26,1000,
09:31:55,15.26,270,
09:32:00,15.26,800,
09:32:04,15.2584,230,
09:32:10,15.2603,3900,
09:32:10,15.27,100,
09:32:11,15.262,1100,
09:32:17,15.26,285,
09:32:17,15.26,100,
09:32:19,15.2592,2000,
09:32:21,15.2501,200,
09:32:22,15.26,200,
09:32:22,15.26,200,
09:32:22,15.26,100,
09:32:22,15.26,100,
09:32:22,15.26,200,
09:32:22,15.26,100,
09:32:22,15.26,2200,
09:32:22,15.26,400,
09:32:22,15.26,800,
09:32:22,15.26,600,
09:32:22,15.26,3000,
09:32:22,15.26,300,
09:32:22,15.26,100,
09:32:22,15.26,500,
09:32:22,15.26,600,
09:32:22,15.26,300,
09:32:22,15.26,800,
09:32:22,15.26,400,
09:32:22,15.25,100,
09:32:22,15.25,800,
09:32:22,15.25,900,
09:32:22,15.25,200,
09:32:22,15.25,400,
09:32:22,15.25,100,
09:32:22,15.25,500,
09:32:22,15.26,1000,
09:32:22,15.25,400,
09:32:22,15.25,400,
09:32:22,15.25,400,
09:32:22,15.25,300,
09:32:22,15.25,300,
09:32:22,15.25,100,
09:32:24,15.258,500,
09:32:26,15.25,600,
09:32:26,15.25,400,
09:32:26,15.25,400,
09:32:26,15.25,400,
09:32:26,15.25,900,
09:32:26,15.25,200,
09:32:26,15.25,800,
09:32:26,15.25,300,
09:32:26,15.25,100,
09:32:26,15.25,100,
09:32:26,15.25,800,
09:32:26,15.25,300,
09:32:26,15.25,1000,
09:32:27,15.248,600,
09:32:32,15.25,1800,
09:32:33,15.24,100,
09:32:33,15.24,900,
09:32:34,15.24,200,
09:32:34,15.2499,200,
09:32:36,15.2592,2150,
09:32:38,15.26,10000,
09:32:39,15.26,700,
09:32:39,15.25,100,
09:32:39,15.25,200,
09:32:39,15.25,100,
09:32:40,15.2468,3200,
09:32:41,15.25,218,
09:32:41,15.26,382,
09:32:49,15.25,3100,
09:32:51,15.2499,930,
09:32:56,15.24,700,
09:33:01,15.24,582,
09:33:08,15.25,1400,
09:33:16,15.2492,2500,
09:33:24,15.2499,5000,
09:33:27,15.23,700,
09:33:27,15.23,100,
09:33:30,15.221,100,
09:33:30,15.22,100,
09:33:42,15.223,343,
09:33:47,15.2199,1000,
09:33:48,15.2175,4000,
09:33:54,15.213,300,
09:33:55,15.23,100,
09:33:55,15.23,100,
09:33:55,15.23,400,
09:33:56,15.2201,100,
09:33:58,15.23,100,
09:34:00,15.21,800,
09:34:01,15.22,100,
09:34:08,15.22,100,
09:34:10,15.23,100,
09:34:19,15.22,320,
09:34:27,15.201,1000,
09:34:27,15.20,1000,
09:34:31,15.20,800,
09:34:36,15.182,800,
09:34:41,15.19,100,
09:34:45,15.183,200,
09:34:50,15.199,100,
09:34:51,15.199,3200,
09:34:54,15.20,200,
09:35:01,15.20,200,
09:35:01,15.20,1000,
09:35:02,15.19,300,
09:35:04,15.191,2000,
09:35:09,15.1901,500,
09:35:10,15.1999,100,
09:35:10,15.1999,1000,
09:35:10,15.1999,100,
09:35:13,15.1925,2000,
09:35:18,15.1899,5200,
09:35:19,15.1875,4400,
09:35:20,15.18,100,
09:35:24,15.17,100,
09:35:27,15.1699,5000,
09:35:32,15.1599,3000,
09:35:35,15.17,2000,
09:35:35,15.17,1198,
09:35:35,15.17,100,
09:35:35,15.17,100,
09:35:35,15.18,500,
09:35:36,15.17,200,
09:35:39,15.16,200,
09:35:39,15.16,100,
09:35:39,15.16,600,
09:35:39,15.16,100,
09:35:41,15.16,500,
09:35:41,15.16,100,
09:35:41,15.16,501,
09:35:41,15.17,700,
09:35:41,15.17,100,
09:35:41,15.17,800,
09:35:41,15.18,200,
09:35:41,15.18,200,
09:35:44,15.18,1300,
09:35:44,15.18,1300,
09:35:44,15.18,600,
09:35:44,15.18,900,
09:35:45,15.1883,500,
09:35:46,15.19,200,
09:35:49,15.1899,3400,
09:35:52,15.188,800,
09:35:52,15.18,500,
09:35:55,15.1717,1000,
09:35:58,15.18,100,
09:36:10,15.20,100,
09:36:10,15.20,125,
09:36:10,15.20,1250,
09:36:10,15.20,800,
09:36:10,15.20,800,
09:36:10,15.20,500,
09:36:12,15.20,100,
09:36:16,15.19,100,
09:36:16,15.19,100,
09:36:22,15.188,1500,
09:36:27,15.20,300,
09:36:27,15.20,500,
09:36:29,15.18,100,
09:36:29,15.18,700,
09:36:40,15.172,880,
09:36:40,15.1799,700,
09:36:46,15.17,100,
09:36:51,15.15,200,
09:36:53,15.16,100,
09:36:53,15.16,400,
09:36:54,15.17,100,
09:36:55,15.17,1000,
09:36:56,15.17,424,
09:36:56,15.18,700,
09:36:56,15.18,600,
09:36:56,15.18,200,
09:36:56,15.18,800,
09:36:57,15.18,100,
09:36:58,15.16,500,
09:36:58,15.16,100,
09:37:04,15.1599,250,
09:37:09,15.17,100,
09:37:12,15.15,100,
09:37:16,15.1675,4600,
09:37:19,15.15,14000,
09:37:19,15.15,1000,
09:37:31,15.17,1000,
09:37:31,15.17,100,
09:37:32,15.16,100,
09:37:32,15.16,200,
09:37:32,15.17,100,
09:37:35,15.1684,1000,
09:37:45,15.19,500,
09:37:52,15.189,5000,
09:38:07,15.187,300,
09:38:12,15.18,900,
09:38:12,15.18,1200,
09:38:12,15.18,100,
09:38:12,15.18,1112,
09:38:12,15.18,1300,
09:38:12,15.18,900,
09:38:12,15.18,100,
09:38:12,15.18,212,
09:38:12,15.18,500,
09:38:12,15.18,500,
09:38:12,15.18,500,
09:38:16,15.18,13000,
09:38:16,15.18,900,
09:38:16,15.18,500,
09:38:16,15.17,400,
09:38:16,15.17,200,
09:38:16,15.17,300,
09:38:16,15.17,100,
09:38:19,15.171,2500,
09:38:19,15.17,1000,
09:38:27,15.17,200,
09:38:29,15.1684,160,
09:38:50,15.17,300,
09:38:50,15.18,100,
09:38:50,15.1699,300,
09:38:50,15.1765,2400,
09:38:55,15.1799,400,
09:39:20,15.17,200,
09:39:29,15.1799,500,
09:39:35,15.17,100,
09:39:35,15.17,500,
09:39:37,15.178,500,
09:39:41,15.17,1800,
09:39:43,15.18,3400,
09:39:48,15.1801,300,
09:39:56,15.19,600,
09:39:56,15.19,200,
09:39:56,15.19,300,
09:39:56,15.19,500,
09:39:56,15.19,1300,
09:40:02,15.195,300,
09:40:02,15.199,600,
09:40:03,15.19,300,
09:40:03,15.19,300,
09:40:05,15.195,400,
09:40:06,15.189,800,
09:40:06,15.189,1000,
09:40:07,15.1825,4600,
09:40:10,15.188,300,
09:40:11,15.18,200,
09:40:11,15.17,200,
09:40:14,15.17,200,
09:40:29,15.20,200,
09:40:40,15.21,100,
09:40:40,15.21,100,
09:40:40,15.22,100,
09:40:40,15.22,1600,
09:40:40,15.21,200,
09:40:41,15.21,300,
09:40:43,15.209,400,
09:40:45,15.2101,300,
09:40:46,15.21,100,
09:40:48,15.21,100,
09:40:48,15.20,100,
09:40:57,15.20,200,
09:41:00,15.2092,5000,
09:41:14,15.21,800,
09:41:14,15.2099,100,
09:41:15,15.21,100,
09:41:15,15.21,100,
09:41:19,15.21,400,
09:41:19,15.218,1000,
09:41:19,15.218,1500,
09:41:24,15.2292,5000,
09:41:29,15.2383,1000,
09:41:29,15.23,100,
09:41:34,15.239,1400,
09:41:34,15.23,300,
09:41:34,15.24,400,
09:41:39,15.24,900,
09:41:43,15.25,100,
09:41:49,15.2483,1000,
09:41:59,15.25,100,
09:42:00,15.259,800,
09:42:00,15.26,100,
09:42:01,15.26,1300,
09:42:08,15.265,100,
09:42:12,15.26,600,
09:42:12,15.26,2000,
09:42:12,15.26,1300,
09:42:12,15.26,300,
09:42:12,15.26,100,
09:42:12,15.26,900,
09:42:12,15.26,100,
09:42:17,15.26,100,
09:42:18,15.27,2175,
09:42:31,15.27,1000,
09:42:32,15.26,100,
09:42:32,15.26,500,
09:42:32,15.26,400,
09:42:34,15.26,1000,
09:42:34,15.26,1000,
09:42:34,15.26,400,
09:42:34,15.26,1000,
09:42:34,15.26,300,
09:42:34,15.26,3100,
09:42:34,15.26,1500,
09:42:34,15.26,600,
09:42:34,15.26,200,
09:42:34,15.26,400,
09:42:34,15.26,300,
09:42:34,15.26,100,
09:42:35,15.26,900,
09:42:35,15.26,100,
09:42:36,15.26,200,
09:42:39,15.2617,500,
09:42:42,15.269,100,
09:42:43,15.27,9900,
09:42:44,15.27,300,
09:42:44,15.269,1800,
09:42:48,15.27,1200,
09:42:48,15.27,400,
09:42:48,15.27,100,
09:42:49,15.272,400,
09:42:51,15.28,1000,
09:42:51,15.27,732,
09:42:51,15.27,900,
09:42:51,15.27,900,
09:42:51,15.27,200,
09:42:51,15.27,138,
09:42:56,15.2684,1500,
09:42:57,15.278,2000,
09:43:01,15.27,1000,
09:43:01,15.27,100,
09:43:01,15.278,300,
09:43:04,15.27,100,
09:43:18,15.27,1600,
09:43:18,15.27,300,
09:43:18,15.27,300,
09:43:18,15.27,300,
09:43:18,15.27,300,
09:43:18,15.27,423,
09:43:21,15.26,500,
09:43:21,15.26,100,
09:43:22,15.26,599,
09:43:22,15.26,1200,
09:43:25,15.259,100,
09:43:29,15.2516,1000,
09:43:32,15.25,500,
09:43:32,15.25,700,
09:43:32,15.25,500,
09:43:32,15.25,500,
09:43:32,15.25,100,
09:43:36,15.2501,1900,
09:43:40,15.258,250,
09:43:40,15.25,100,
09:43:42,15.26,500,
09:43:42,15.26,300,
09:43:43,15.26,1300,
09:43:43,15.26,300,
09:43:43,15.26,600,
09:43:43,15.259,100,
09:43:46,15.2584,500,
09:43:51,15.26,100,
09:43:52,15.26,300,
09:43:52,15.26,300,
09:43:52,15.26,2000,
09:43:52,15.259,3000,
09:43:53,15.25,7250,
09:44:06,15.27,200,
09:44:06,15.27,500,
09:44:16,15.30,300,
09:44:16,15.30,120,
09:44:16,15.29,400,
09:44:17,15.30,125,
09:44:17,15.29,200,
09:44:17,15.29,401,
09:44:17,15.28,300,
09:44:17,15.28,400,
09:44:17,15.28,800,
09:44:17,15.285,400,
09:44:23,15.28,200,
09:44:24,15.27,200,
09:44:24,15.269,1300,
09:44:24,15.269,1300,
09:44:24,15.27,800,
09:44:25,15.27,800,
09:44:25,15.269,200,
09:44:31,15.279,5000,
09:44:35,15.28,100,
09:44:37,15.28,100,
09:44:37,15.2725,2600,
09:44:55,15.30,100,
09:44:55,15.30,100,
09:44:55,15.30,1500,
09:44:55,15.30,1567,
09:44:55,15.30,3800,
09:44:57,15.299,2800,
09:44:58,15.292,1000,
09:44:59,15.299,700,
09:44:59,15.30,700,
09:45:00,15.31,200,
09:45:00,15.315,2000,
09:45:01,15.31,700,
09:45:01,15.31,200,
09:45:01,15.31,400,
09:45:01,15.31,3100,
09:45:01,15.31,1600,
09:45:01,15.31,1600,
09:45:01,15.31,1600,
09:45:01,15.31,1000,
09:45:01,15.31,700,
09:45:01,15.31,300,
09:45:01,15.31,100,
09:45:01,15.31,500,
09:45:01,15.31,700,
09:45:01,15.31,100,
09:45:01,15.31,700,
09:45:01,15.31,500,
09:45:01,15.31,400,
09:45:01,15.33,800,
09:45:01,15.32,299,
09:45:01,15.32,400,
09:45:01,15.32,100,
09:45:01,15.32,100,
09:45:01,15.32,600,
09:45:01,15.33,200,
09:45:01,15.33,700,
09:45:01,15.33,1500,
09:45:01,15.33,3000,
09:45:01,15.33,2200,
09:45:01,15.34,100,
09:45:01,15.33,300,
09:45:01,15.33,600,
09:45:01,15.33,400,
09:45:01,15.33,200,
09:45:01,15.33,500,
09:45:01,15.33,100,
09:45:01,15.32,400,
09:45:01,15.299,525,
09:45:02,15.32,100,
09:45:02,15.32,500,
09:45:02,15.32,200,
09:45:02,15.32,700,
09:45:02,15.32,300,
09:45:02,15.32,200,
09:45:02,15.32,500,
09:45:03,15.32,500,
09:45:03,15.32,200,
09:45:03,15.31,700,
09:45:03,15.31,200,
09:45:04,15.319,200,
09:45:04,15.3275,900,
09:45:05,15.319,500,
09:45:05,15.319,100,
09:45:05,15.319,100,
09:45:06,15.32,100,
09:45:06,15.3201,100,
09:45:07,15.31,400,
09:45:07,15.31,100,
09:45:07,15.31,100,
09:45:07,15.31,200,
09:45:07,15.31,200,
09:45:07,15.31,300,
09:45:08,15.327,300,
09:45:09,15.30,200,
09:45:09,15.30,800,
09:45:09,15.295,1000,
09:45:13,15.29,100,
09:45:13,15.29,100,
09:45:13,15.29,600,
09:45:13,15.29,300,
09:45:13,15.29,100,
09:45:13,15.2875,200,
09:45:13,15.29,100,
09:45:13,15.29,200,
09:45:13,15.29,2600,
09:45:13,15.2999,3000,
09:45:13,15.29,400,
09:45:14,15.30,200,
09:45:14,15.30,200,
09:45:14,15.30,100,
09:45:14,15.30,200,
09:45:14,15.30,682,
09:45:14,15.29,400,
09:45:14,15.29,100,
09:45:18,15.30,100,
09:45:20,15.305,300,
09:45:21,15.298,2000,
09:45:24,15.30,1000,
09:45:30,15.29,650,
09:45:34,15.30,200,
09:45:43,15.30,100,
09:45:43,15.29,400,
09:45:43,15.29,500,
09:45:47,15.30,100,
09:45:52,15.31,100,
09:45:53,15.32,200,
09:45:59,15.32,100,
09:46:00,15.3283,220,
09:46:04,15.33,300,
09:46:04,15.328,390,
09:46:05,15.325,900,
09:46:08,15.3284,500,
09:46:10,15.32,200,
09:46:12,15.3299,2000,
09:46:14,15.33,200,
09:46:14,15.3299,2300,
09:46:16,15.3217,500,
09:46:22,15.32,100,
09:46:32,15.312,600,
09:46:33,15.325,1000,
09:46:35,15.325,1500,
09:46:40,15.3208,3000,
09:46:44,15.328,1300,
09:46:45,15.32,100,
09:46:50,15.31,100,
09:46:50,15.30,500,
09:46:51,15.31,3000,
09:46:51,15.31,200,
09:46:51,15.31,500,
09:46:51,15.31,500,
09:46:51,15.31,700,
09:46:51,15.31,300,
09:46:51,15.31,193,
09:46:51,15.31,100,
09:46:51,15.31,1300,
09:46:51,15.31,1500,
09:46:51,15.31,424,
09:46:51,15.31,393,
09:46:51,15.31,448,
09:46:51,15.31,100,
09:46:51,15.31,900,
09:46:51,15.31,2200,
09:46:51,15.31,900,
09:46:51,15.31,600,
09:46:51,15.315,10000,
09:46:52,15.32,173,
09:46:52,15.32,174,
09:46:53,15.31,200,
09:46:55,15.31,173,
09:46:55,15.31,100,
09:46:59,15.3001,7300,
09:47:01,15.30,900,
09:47:05,15.295,326,
09:47:10,15.30,300,
09:47:10,15.2999,1100,
09:47:11,15.30,200,
09:47:12,15.30,100,
09:47:13,15.31,100,
09:47:14,15.31,100,
09:47:14,15.31,200,
09:47:14,15.31,1600,
09:47:14,15.31,200,
09:47:15,15.31,100,
09:47:15,15.31,500,
09:47:16,15.30,300,
09:47:18,15.29,200,
09:47:22,15.28,100,
09:47:22,15.27,100,
09:47:22,15.27,100,
09:47:22,15.28,600,
09:47:22,15.28,600,
09:47:22,15.28,600,
09:47:22,15.28,200,
09:47:22,15.28,100,
09:47:22,15.28,3000,
09:47:22,15.28,600,
09:47:22,15.28,411,
09:47:22,15.28,100,
09:47:22,15.28,600,
09:47:22,15.29,100,
09:47:22,15.29,200,
09:47:22,15.29,100,
09:47:22,15.29,700,
09:47:22,15.30,311,
09:47:22,15.28,100,
09:47:22,15.28,3000,
09:47:22,15.29,300,
09:47:22,15.28,300,
09:47:22,15.29,500,
09:47:24,15.29,600,
09:47:24,15.29,600,
09:47:25,15.28,900,
09:47:26,15.283,300,
09:47:27,15.28,119,
09:47:29,15.28,23200,
09:47:31,15.28,474,
09:47:31,15.28,500,
09:47:31,15.28,600,
09:47:31,15.28,281,
09:47:31,15.28,3000,
09:47:31,15.28,583,
09:47:31,15.28,474,
09:47:31,15.28,400,
09:47:32,15.28,200,
09:47:32,15.28,200,
09:47:32,15.28,100,
09:47:32,15.28,1000,
09:47:32,15.29,100,
09:47:32,15.29,300,
09:47:32,15.29,100,
09:47:34,15.29,800,
09:47:35,15.29,200,
09:47:35,15.29,200,
09:47:35,15.29,583,
09:47:35,15.29,274,
09:47:40,15.30,183,
09:47:40,15.30,100,
09:47:40,15.30,100,
09:47:42,15.30,100,
09:47:42,15.30,500,
09:47:42,15.30,100,
09:47:42,15.30,200,
09:47:42,15.30,562,
09:47:42,15.30,336,
09:47:42,15.29,1200,
09:47:42,15.29,100,
09:47:42,15.29,600,
09:47:42,15.29,100,
09:47:42,15.29,100,
09:47:42,15.30,100,
09:47:42,15.30,600,
09:47:42,15.30,100,
09:47:47,15.28,1124,
09:47:47,15.28,735,
09:47:47,15.28,1500,
09:47:47,15.28,1200,
09:47:47,15.29,100,
09:47:49,15.29,100,
09:47:49,15.29,600,
09:47:49,15.29,200,
09:47:49,15.28,100,
09:47:49,15.29,700,
09:47:49,15.28,500,
09:47:49,15.28,400,
09:47:52,15.29,600,
09:47:59,15.299,3300,
09:48:01,15.29,100,
09:48:11,15.30,100,
09:48:11,15.30,100,
09:48:15,15.30,100,
09:48:16,15.2983,200,
09:48:20,15.291,6537,
09:48:30,15.30,100,
09:48:38,15.31,1000,
09:48:43,15.31,100,
09:48:45,15.31,100,
09:48:46,15.3116,500,
09:48:49,15.3183,1000,
09:48:52,15.31,100,
09:48:54,15.2999,1700,
09:49:00,15.30,100,
09:49:06,15.29,100,
09:49:06,15.28,100,
09:49:10,15.289,200,
09:49:11,15.29,400,
09:49:16,15.29,100,
09:49:21,15.30,200,
09:49:21,15.30,100,
09:49:30,15.30,100,
09:49:34,15.29,100,
09:49:34,15.28,200,
09:49:57,15.28,200,
09:49:58,15.28,100,
09:50:20,15.28,100,
09:50:23,15.279,100,
09:50:31,15.28,100,
09:50:36,15.2884,740,
09:50:39,15.27,300,
09:50:45,15.2799,800,
09:50:52,15.27,100,
09:50:54,15.27,100,
09:50:54,15.27,100,
09:50:55,15.27,100,
09:50:59,15.267,200,
09:51:00,15.26,100,
09:51:00,15.26,100,
09:51:02,15.2601,3000,
09:51:11,15.2625,2600,
09:51:12,15.265,1500,
09:51:14,15.26,182,
09:51:16,15.2501,1200,
09:51:19,15.25,490,
09:51:25,15.26,600,
09:51:25,15.26,200,
09:51:25,15.26,100,
09:51:27,15.265,1000,
09:51:28,15.26,200,
09:51:28,15.26,283,
09:51:31,15.26,100,
09:51:38,15.25,200,
09:51:38,15.25,800,
09:51:38,15.25,600,
09:51:38,15.25,200,
09:51:38,15.25,100,
09:51:39,15.25,100,
09:51:39,15.25,100,
09:51:39,15.25,100,
09:51:39,15.25,900,
09:51:39,15.26,600,
09:51:39,15.26,200,
09:51:39,15.26,900,
09:51:39,15.26,600,
09:51:39,15.26,100,
09:51:39,15.26,100,
09:51:42,15.27,400,
09:51:43,15.27,100,
09:51:43,15.27,183,
09:51:50,15.2716,500,
09:51:55,15.27,400,
09:51:55,15.27,100,
09:51:58,15.28,100,
09:51:58,15.28,100,
09:51:58,15.28,100,
09:51:58,15.275,3100,
09:51:58,15.27,100,
09:51:59,15.28,100,
09:52:05,15.27,1000,
09:52:05,15.2699,100,
09:52:05,15.2699,2200,
09:52:05,15.2699,100,
09:52:05,15.2699,299,
09:52:12,15.27,100,
09:52:15,15.271,600,
09:52:15,15.27,100,
09:52:17,15.261,300,
09:52:17,15.26,300,
09:52:23,15.28,300,
09:52:23,15.28,200,
09:52:23,15.28,100,
09:52:23,15.29,100,
09:52:23,15.29,154,
09:52:23,15.29,200,
09:52:23,15.29,100,
09:52:23,15.29,500,
09:52:23,15.29,400,
09:52:23,15.291,200,
09:52:42,15.28,100,
09:52:46,15.29,600,
09:52:46,15.29,290,
09:52:46,15.29,800,
09:52:46,15.29,2200,
09:52:46,15.29,100,
09:52:46,15.29,100,
09:52:46,15.29,100,
09:52:46,15.30,100,
09:52:46,15.30,100,
09:52:46,15.29,100,
09:52:46,15.29,100,
09:52:53,15.2985,4800,
09:53:01,15.2999,5000,
09:53:02,15.292,4000,
09:53:16,15.30,300,
09:53:20,15.29,100,
09:53:20,15.29,400,
09:53:24,15.29,100,
09:53:36,15.27,800,
09:53:36,15.27,382,
09:53:36,15.27,100,
09:53:44,15.2799,100,
09:53:47,15.279,100,
09:53:47,15.2875,300,
09:53:54,15.281,200,
09:53:56,15.281,400,
09:54:05,15.2901,12000,
09:54:23,15.291,200,
09:54:33,15.28,100,
09:54:33,15.29,100,
09:54:39,15.28,100,
09:54:50,15.281,1700,
09:54:50,15.28,900,
09:54:58,15.25,1500,
09:54:58,15.25,600,
09:54:58,15.26,500,
09:54:58,15.26,155,
09:54:58,15.26,100,
09:54:58,15.27,600,
09:54:58,15.28,155,
09:54:58,15.28,256,
09:54:58,15.25,500,
09:54:58,15.24,1000,
09:54:58,15.24,100,
09:54:59,15.24,1300,
09:54:59,15.241,100,
09:55:00,15.2494,500,
09:55:01,15.24,100,
09:55:01,15.24,200,
09:55:03,15.24,100,
09:55:03,15.24,551,
09:55:03,15.24,100,
09:55:03,15.24,100,
09:55:03,15.24,251,
09:55:04,15.2301,740,
09:55:07,15.24,400,
09:55:08,15.24,100,
09:55:09,15.24,100,
09:55:10,15.25,100,
09:55:13,15.24,331,
09:55:16,15.25,1934,
09:55:19,15.25,100,
09:55:21,15.25,406,
09:55:21,15.25,200,
09:55:32,15.24,100,
09:55:32,15.24,100,
09:55:35,15.24,100,
09:55:35,15.24,275,
09:55:41,15.23,100,
09:55:43,15.2355,3000,
09:55:46,15.24,200,
09:55:46,15.24,100,
09:55:46,15.24,200,
09:55:47,15.23,100,
09:55:47,15.22,400,
09:55:47,15.23,100,
09:55:47,15.22,100,
09:55:49,15.21,400,
09:55:50,15.21,1000,
09:55:50,15.22,251,
09:55:53,15.221,2000,
09:55:59,15.23,100,
09:56:00,15.23,200,
09:56:00,15.23,100,
09:56:00,15.22,700,
09:56:00,15.22,100,
09:56:00,15.22,200,
09:56:00,15.22,100,
09:56:00,15.23,300,
09:56:00,15.22,100,
09:56:00,15.22,100,
09:56:02,15.23,300,
09:56:02,15.23,200,
09:56:08,15.225,290,
09:56:13,15.2299,4900,
09:56:16,15.2242,3000,
09:56:26,15.2225,2000,
09:56:28,15.22,500,
09:56:28,15.22,100,
09:56:34,15.22,300,
09:56:41,15.2101,200,
09:56:47,15.22,100,
09:56:52,15.21,300,
09:56:54,15.2025,2500,
09:56:54,15.202,1000,
09:56:56,15.20,765,
09:56:57,15.20,200,
09:57:02,15.21,100,
09:57:02,15.21,100,
09:57:02,15.21,9900,
09:57:04,15.21,100,
09:57:04,15.21,300,
09:57:07,15.22,100,
09:57:07,15.22,300,
09:57:07,15.22,200,
09:57:07,15.22,3900,
09:57:07,15.22,3600,
09:57:11,15.221,100,
09:57:12,15.221,100,
09:57:18,15.22,100,
09:57:18,15.221,2000,
09:57:18,15.22,100,
09:57:21,15.22,9900,
09:57:25,15.22,100,
09:57:25,15.22,100,
09:57:30,15.2101,3800,
09:57:32,15.2092,5000,
09:57:33,15.20,2075,
09:57:33,15.20,1500,
09:57:33,15.20,100,
09:57:35,15.19,1500,
09:57:36,15.1975,4600,
09:57:39,15.1808,1000,
09:57:40,15.19,100,
09:57:40,15.191,800,
09:57:40,15.191,900,
09:57:41,15.1925,300,
09:57:42,15.191,100,
09:57:45,15.182,1500,
09:57:45,15.18,100,
09:57:45,15.1734,255,
09:57:46,15.18,100,
09:57:47,15.181,515,
09:57:48,15.181,615,
09:57:56,15.20,100,
09:58:00,15.197,145,
09:58:04,15.1901,3000,
09:58:05,15.19,100,
09:58:07,15.18,200,
09:58:09,15.173,250,
09:58:11,15.18,100,
09:58:12,15.18,100,
09:58:12,15.18,200,
09:58:12,15.18,100,
09:58:15,15.175,100,
09:58:18,15.178,500,
09:58:19,15.16,1600,
09:58:19,15.15,100,
09:58:21,15.159,5000,
09:58:22,15.16,100,
09:58:30,15.15,500,
09:58:36,15.152,200,
09:58:44,15.16,735,
09:58:44,15.1601,1000,
09:58:46,15.16,100,
09:58:46,15.16,100,
09:58:48,15.16,100,
09:58:49,15.16,100,
09:58:49,15.16,100,
09:58:49,15.16,100,
09:58:49,15.16,200,
09:58:53,15.1601,1000,
09:58:57,15.16,100,
09:58:59,15.16,100,
09:58:59,15.16,100,
09:59:05,15.1592,2000,
09:59:06,15.1584,600,
09:59:11,15.1584,1000,
09:59:15,15.158,1000,
09:59:16,15.1599,12000,
09:59:18,15.1599,2000,
09:59:19,15.158,1300,
09:59:27,15.15,100,
09:59:27,15.14,100,
09:59:29,15.14,1000,
09:59:32,15.14,100,
09:59:33,15.14,200,
09:59:34,15.141,800,
09:59:34,15.141,900,
09:59:36,15.149,3500,
09:59:36,15.14,1000,
09:59:38,15.15,400,
09:59:40,15.15,100,
09:59:40,15.15,100,
09:59:45,15.145,1000,
09:59:55,15.14,100,
09:59:57,15.141,100,
09:59:57,15.14,100,
09:59:57,15.14,100,
10:00:08,15.13,100,
10:00:08,15.12,250,
10:00:09,15.11,900,
10:00:17,15.12,200,
10:00:17,15.12,300,
10:00:17,15.12,200,
10:00:17,15.121,1400,
10:00:18,15.121,500,
10:00:18,15.1201,500,
10:00:19,15.12,100,
10:00:25,15.12,400,
10:00:26,15.13,200,
10:00:26,15.13,400,
10:00:26,15.1399,1000,
10:00:28,15.13,200,
10:00:35,15.13,600,
10:00:35,15.13,100,
10:00:35,15.13,100,
10:00:36,15.125,800,
10:00:37,15.1299,300,
10:00:41,15.12,100,
10:00:42,15.12,700,
10:00:42,15.12,100,
10:00:43,15.13,200,
10:00:43,15.13,300,
10:00:43,15.13,500,
10:00:43,15.13,500,
10:00:43,15.13,200,
10:00:44,15.13,100,
10:00:45,15.13,100,
10:00:49,15.12,100,
10:00:50,15.12,500,
10:00:53,15.12,200,
10:00:53,15.12,100,
10:00:53,15.12,300,
10:00:56,15.11,300,
10:00:57,15.11,600,
10:00:57,15.10,100,
10:00:59,15.09,100,
10:01:00,15.09,100,
10:01:00,15.0916,1600,
10:01:00,15.091,1500,
10:01:02,15.09,100,
10:01:05,15.0899,5000,
10:01:07,15.09,100,
10:01:16,15.09,100,
10:01:17,15.09,700,
10:01:17,15.09,100,
10:01:17,15.09,300,
10:01:19,15.10,100,
10:01:21,15.09,200,
10:01:22,15.09,500,
10:01:28,15.0999,1000,
10:01:30,15.10,1000,
10:01:30,15.099,1000,
10:01:34,15.10,100,
10:01:34,15.10,100,
10:01:34,15.10,1400,
10:01:34,15.10,100,
10:01:42,15.098,1000,
10:01:48,15.0999,500,
10:01:48,15.098,1000,
10:01:49,15.10,500,
10:01:49,15.10,200,
10:01:49,15.10,100,
10:01:49,15.10,700,
10:01:50,15.098,1200,
10:01:54,15.10,150,
10:01:54,15.10,100,
10:01:54,15.0945,200,
10:01:59,15.10,100,
10:02:00,15.0921,300,
10:02:08,15.09,4000,
10:02:08,15.08,400,
10:02:08,15.08,700,
10:02:08,15.08,600,
10:02:08,15.08,800,
10:02:12,15.09,1200,
10:02:16,15.09,100,
10:02:19,15.0901,100,
10:02:25,15.0975,800,
10:02:27,15.098,500,
10:02:34,15.0899,750,
10:02:37,15.08,100,
10:02:37,15.07,1400,
10:02:37,15.07,400,
10:02:38,15.07,1147,
10:02:38,15.08,1000,
10:02:38,15.06,200,
10:02:40,15.071,1800,
10:02:42,15.07,13800,
10:02:47,15.07,200,
10:02:48,15.07,1100,
10:02:54,15.0699,3000,
10:02:58,15.07,800,
10:02:58,15.07,700,
10:02:58,15.07,900,
10:03:00,15.07,200,
10:03:05,15.06,100,
10:03:09,15.0615,3000,
10:03:10,15.06,100,
10:03:11,15.061,100,
10:03:12,15.06,400,
10:03:12,15.06,2600,
10:03:14,15.06,100,
10:03:19,15.062,1600,
10:03:19,15.0613,1300,
10:03:20,15.061,1600,
10:03:25,15.07,100,
10:03:27,15.0701,1000,
10:03:31,15.071,700,
10:03:33,15.0784,1250,
10:03:36,15.0701,1800,
10:03:37,15.08,400,
10:03:39,15.08,100,
10:03:42,15.09,200,
10:03:42,15.09,100,
10:03:45,15.098,500,
10:03:51,15.098,1000,
10:03:51,15.10,100,
10:03:57,15.108,700,
10:03:59,15.10,5000,
10:04:00,15.10,5000,
10:04:01,15.11,200,
10:04:01,15.11,200,
10:04:01,15.11,100,
10:04:01,15.12,12285,
10:04:01,15.11,100,
10:04:03,15.11,100,
10:04:04,15.1083,350,
10:04:05,15.11,200,
10:04:06,15.11,301,
10:04:09,15.116,3100,
10:04:09,15.11,100,
10:04:10,15.11,100,
10:04:12,15.12,3000,
10:04:14,15.1025,1000,
10:04:15,15.107,310,
10:04:24,15.1083,200,
10:04:26,15.11,300,
10:04:27,15.11,1000,
10:04:33,15.108,1000,
10:04:39,15.11,1000,
10:04:39,15.12,200,
10:04:39,15.109,3000,
10:04:41,15.13,100,
10:04:42,15.13,100,
10:04:49,15.1201,400,
10:04:51,15.13,700,
10:04:51,15.13,100,
10:04:53,15.1292,100,
10:05:00,15.12,100,
10:05:00,15.12,100,
10:05:02,15.1299,2000,
10:05:02,15.12,100,
10:05:04,15.1199,300,
10:05:09,15.1192,5000,
10:05:10,15.11,600,
10:05:18,15.11,782,
10:05:18,15.1025,100,
10:05:18,15.1025,100,
10:05:22,15.12,2200,
10:05:22,15.12,800,
10:05:22,15.12,100,
10:05:22,15.12,200,
10:05:22,15.12,100,
10:05:22,15.13,400,
10:05:22,15.13,400,
10:05:24,15.118,500,
10:05:29,15.12,782,
10:05:29,15.12,800,
10:05:29,15.11,100,
10:05:34,15.117,400,
10:05:42,15.1199,1000,
10:05:59,15.12,200,
10:05:59,15.12,2800,
10:05:59,15.12,600,
10:05:59,15.12,100,
10:05:59,15.12,200,
10:05:59,15.12,800,
10:05:59,15.12,200,
10:06:00,15.118,1000,
10:06:03,15.125,3000,
10:06:03,15.13,400,
10:06:04,15.128,1800,
10:06:04,15.128,1000,
10:06:06,15.1201,500,
10:06:06,15.125,1000,
10:06:06,15.13,500,
10:06:06,15.13,101,
10:06:06,15.13,1400,
10:06:06,15.14,8355,
10:06:06,15.13,600,
10:06:06,15.14,400,
10:06:06,15.14,300,
10:06:06,15.13,3000,
10:06:06,15.13,400,
10:06:06,15.13,2200,
10:06:06,15.13,200,
10:06:06,15.13,100,
10:06:08,15.1385,4100,
10:06:08,15.128,1800,
10:06:13,15.13,100,
10:06:13,15.13,600,
10:06:13,15.13,200,
10:06:13,15.13,652,
10:06:13,15.13,2000,
10:06:13,15.12,800,
10:06:13,15.12,100,
10:06:13,15.12,200,
10:06:13,15.11,550,
10:06:13,15.11,300,
10:06:14,15.1385,1100,
10:06:16,15.1199,662,
10:06:17,15.12,200,
10:06:27,15.125,1500,
10:06:33,15.1244,500,
10:06:36,15.13,100,
10:06:41,15.13,300,
10:06:42,15.138,700,
10:06:48,15.12,400,
10:06:50,15.12,900,
10:06:59,15.1299,1000,
10:07:02,15.14,900,
10:07:10,15.1384,1000,
10:07:12,15.1399,101,
10:07:16,15.14,100,
10:07:16,15.15,100,
10:07:20,15.16,500,
10:07:20,15.16,500,
10:07:21,15.16,2600,
10:07:22,15.15,350,
10:07:22,15.1599,2000,
10:07:25,15.16,100,
10:07:25,15.16,2915,
10:07:30,15.1675,4400,
10:07:31,15.1675,400,
10:07:33,15.1775,4400,
10:07:35,15.1799,1000,
10:07:35,15.18,1600,
10:07:35,15.18,400,
10:07:36,15.178,500,
10:07:39,15.1775,4400,
10:07:41,15.171,300,
10:07:42,15.171,100,
10:07:43,15.16,4600,
10:07:46,15.16,1000,
10:07:55,15.17,4700,
10:07:56,15.16,100,
10:07:58,15.17,600,
10:07:58,15.155,326,
10:08:00,15.16,100,
10:08:04,15.1692,1000,
10:08:06,15.16,100,
10:08:12,15.16,100,
10:08:26,15.1583,1000,
10:08:30,15.1599,1000,
10:08:50,15.15,400,
10:08:50,15.15,100,
10:08:50,15.15,100,
10:08:50,15.15,100,
10:08:50,15.15,800,
10:08:50,15.15,400,
10:08:50,15.15,200,
10:08:54,15.1599,500,
10:09:04,15.15,100,
10:09:06,15.15,300,
10:09:06,15.15,800,
10:09:06,15.15,200,
10:09:06,15.15,600,
10:09:06,15.15,100,
10:09:07,15.15,1699,
10:09:07,15.15,100,
10:09:13,15.15,200,
10:09:18,15.14,726,
10:09:18,15.14,100,
10:09:22,15.1301,400,
10:09:27,15.1301,100,
10:09:28,15.132,500,
10:09:34,15.14,100,
10:09:46,15.14,200,
10:09:47,15.1301,1000,
10:10:03,15.1301,1700,
10:10:30,15.139,600,
10:10:31,15.13,400,
10:10:33,15.14,100,
10:10:38,15.14,100,
10:10:47,15.13,100,
10:10:47,15.13,100,
10:10:50,15.1384,300,
10:10:51,15.13,900,
10:11:04,15.15,100,
10:11:04,15.15,300,
10:11:05,15.14,100,
10:11:09,15.1483,1000,
10:11:11,15.15,300,
10:11:11,15.15,200,
10:11:11,15.15,300,
10:11:16,15.158,500,
10:11:22,15.16,100,
10:11:22,15.16,100,
10:11:24,15.1699,5000,
10:11:27,15.169,200,
10:11:27,15.169,300,
10:11:34,15.17,500,
10:11:40,15.17,100,
10:11:43,15.178,450,
10:11:44,15.1799,200,
10:11:53,15.18,300,
10:11:53,15.18,200,
10:11:53,15.18,200,
10:11:53,15.19,1400,
10:11:53,15.19,200,
10:11:53,15.19,100,
10:11:53,15.19,100,
10:11:56,15.19,100,
10:12:07,15.1875,2400,
10:12:09,15.189,400,
10:12:10,15.1813,1300,
10:12:13,15.19,200,
10:12:15,15.1875,500,
10:12:20,15.1892,2130,
10:12:23,15.1899,4000,
10:12:26,15.18,4000,
10:12:28,15.17,100,
10:12:35,15.1601,5000,
10:12:40,15.162,1000,
10:12:53,15.16,100,
10:12:53,15.16,386,
10:12:53,15.16,200,
10:12:53,15.16,100,
10:12:59,15.15,100,
10:13:12,15.15,100,
10:13:25,15.15,100,
10:13:31,15.14,200,
10:13:31,15.14,100,
10:13:33,15.14,100,
10:13:36,15.13,200,
10:13:36,15.13,1800,
10:13:37,15.13,100,
10:13:40,15.12,200,
10:13:40,15.12,200,
10:13:40,15.12,2000,
10:13:46,15.125,700,
10:13:49,15.12,700,
10:13:56,15.11,100,
10:13:57,15.11,700,
10:13:57,15.11,200,
10:14:01,15.11,100,
10:14:03,15.1101,500,
10:14:19,15.11,100,
10:14:34,15.118,1000,
10:14:35,15.12,100,
10:14:42,15.12,100,
10:14:45,15.1283,500,
10:14:49,15.12,100,
10:14:51,15.129,100,
10:14:52,15.12,100,
10:15:04,15.11,100,
10:15:17,15.11,100,
10:15:17,15.11,100,
10:15:41,15.1101,200,
10:15:52,15.118,1000,
10:15:58,15.117,250,
10:16:00,15.11,100,
10:16:07,15.11,100,
10:16:08,15.11,100,
10:16:37,15.1184,400,
10:16:47,15.1199,1000,
10:16:59,15.1199,1400,
10:16:59,15.13,700,
10:16:59,15.13,100,
10:17:00,15.13,200,
10:17:03,15.13,122,
10:17:13,15.129,500,
10:17:13,15.129,500,
10:17:19,15.13,100,
10:17:23,15.14,100,
10:17:24,15.14,378,
10:17:32,15.14,100,
10:17:32,15.15,100,
10:17:32,15.15,100,
10:17:36,15.149,100,
10:17:37,15.149,100,
10:17:41,15.1494,500,
10:17:45,15.15,800,
10:18:01,15.1699,2000,
10:18:06,15.15,200,
10:18:06,15.16,100,
10:18:25,15.145,400,
10:18:32,15.1301,1000,
10:18:47,15.135,1000,
10:18:59,15.1499,300,
10:19:09,15.1499,400,
10:19:11,15.1599,100,
10:19:12,15.16,100,
10:19:17,15.162,1000,
10:19:25,15.17,200,
10:19:28,15.16,100,
10:19:38,15.168,1000,
10:19:41,15.1684,475,
10:19:49,15.17,100,
10:19:58,15.179,2000,
10:20:09,15.18,100,
10:20:13,15.19,700,
10:20:13,15.19,500,
10:20:13,15.19,700,
10:20:14,15.20,7100,
10:20:15,15.19,300,
10:20:17,15.199,500,
10:20:27,15.1901,5000,
10:20:32,15.20,200,
10:20:37,15.1915,5500,
10:20:40,15.19,100,
10:20:43,15.189,1000,
10:20:44,15.17,300,
10:20:53,15.19,500,
10:21:00,15.19,400,
10:21:00,15.19,100,
10:21:13,15.18,100,
10:21:36,15.1801,12000,
10:21:43,15.18,200,
10:21:47,15.171,2500,
10:22:22,15.17,200,
10:22:22,15.17,100,
10:22:24,15.17,200,
10:22:24,15.1601,1000,
10:22:32,15.1601,12850,
10:22:34,15.162,2750,
10:22:34,15.162,800,
10:22:37,15.17,200,
10:22:37,15.17,100,
10:22:37,15.17,100,
10:22:41,15.1784,100,
10:22:49,15.17,100,
10:22:58,15.169,100,
10:23:05,15.17,1000,
10:23:05,15.17,100,
10:23:05,15.17,100,
10:23:05,15.17,100,
10:23:08,15.178,100,
10:23:18,15.18,600,
10:23:18,15.18,100,
10:23:23,15.18,100,
10:23:23,15.18,100,
10:23:28,15.18,200,
10:23:28,15.18,200,
10:23:37,15.1799,4000,
10:23:44,15.1799,1200,
10:23:53,15.18,100,
10:23:56,15.1899,4000,
10:24:02,15.19,100,
10:24:07,15.1801,225,
10:24:14,15.18,11100,
10:24:23,15.187,400,
10:24:35,15.18,100,
10:24:52,15.175,500,
10:24:58,15.18,100,
10:24:58,15.18,700,
10:25:01,15.18,100,
10:25:07,15.19,200,
10:25:07,15.19,100,
10:25:07,15.19,100,
10:25:12,15.20,8600,
10:25:15,15.20,100,
10:25:17,15.20,100,
10:25:21,15.2083,500,
10:25:21,15.20,100,
10:25:21,15.20,100,
10:25:26,15.209,500,
10:25:29,15.20,5100,
10:25:33,15.2084,250,
10:25:34,15.21,100,
10:25:42,15.2092,1000,
10:25:44,15.21,2500,
10:25:47,15.2025,4600,
10:26:00,15.2083,1000,
10:26:04,15.20,100,
10:26:07,15.20,600,
10:26:07,15.20,600,
10:26:17,15.1999,20000,
10:26:31,15.1984,250,
10:26:36,15.199,100,
10:26:36,15.199,200,
10:26:46,15.19,100,
10:26:47,15.199,6000,
10:26:47,15.19,100,
10:26:55,15.20,100,
10:27:02,15.198,500,
10:27:13,15.20,200,
10:27:13,15.20,100,
10:27:21,15.21,100,
10:27:26,15.22,500,
10:27:30,15.22,700,
10:27:36,15.2284,1000,
10:27:40,15.2258,4000,
10:27:42,15.2201,200,
10:27:45,15.23,300,
10:27:47,15.239,3000,
10:27:52,15.24,440,
10:27:52,15.25,100,
10:27:52,15.25,900,
10:27:52,15.25,600,
10:27:52,15.25,100,
10:27:52,15.24,200,
10:27:52,15.24,800,
10:27:52,15.24,400,
10:27:52,15.24,300,
10:27:52,15.25,4000,
10:27:52,15.25,200,
10:27:52,15.25,100,
10:27:52,15.25,100,
10:27:53,15.249,3300,
10:27:53,15.25,1700,
10:27:53,15.26,9900,
10:27:53,15.26,24400,
10:27:57,15.25,104,
10:27:57,15.25,500,
10:27:57,15.25,2800,
10:27:59,15.255,1817,
10:28:05,15.26,200,
10:28:11,15.2615,5000,
10:28:15,15.26,282,
10:28:15,15.26,100,
10:28:17,15.2583,1000,
10:28:17,15.25,100,
10:28:18,15.249,700,
10:28:20,15.2475,2000,
10:28:21,15.25,500,
10:28:23,15.242,1000,
10:28:34,15.25,100,
10:28:36,15.24,100,
10:28:38,15.248,200,
10:28:45,15.24,100,
10:28:45,15.24,100,
10:28:45,15.24,100,
10:28:45,15.24,100,
10:28:46,15.23,100,
10:28:46,15.23,100,
10:28:46,15.23,100,
10:28:46,15.22,3400,
10:28:51,15.239,400,
10:28:51,15.239,300,
10:29:04,15.25,100,
10:29:09,15.26,100,
10:29:12,15.26,200,
10:29:12,15.26,1000,
10:29:12,15.26,700,
10:29:12,15.26,300,
10:29:12,15.26,1200,
10:29:12,15.26,100,
10:29:20,15.25,100,
10:29:23,15.2484,1350,
10:29:26,15.2484,200,
10:29:29,15.24,100,
10:29:29,15.23,100,
10:29:31,15.225,250,
10:29:32,15.22,950,
10:29:35,15.222,500,
10:29:45,15.2399,300,
10:29:47,15.23,100,
10:29:52,15.2283,1000,
10:29:53,15.221,2500,
10:30:02,15.23,325,
10:30:02,15.23,200,
10:30:09,15.24,10000,
10:30:11,15.23,100,
10:30:14,15.23,100,
10:30:20,15.2399,2700,
10:30:20,15.24,100,
10:30:22,15.25,100,
10:30:33,15.259,1500,
10:30:46,15.27,150,
10:30:50,15.269,200,
10:30:50,15.269,100,
10:30:52,15.2601,1000,
10:30:56,15.26,250,
10:30:56,15.26,250,
10:30:56,15.26,250,
10:30:56,15.2601,1800,
10:31:02,15.26,200,
10:31:02,15.26,100,
10:31:02,15.26,100,
10:31:04,15.2599,6000,
10:31:17,15.27,100,
10:31:17,15.27,100,
10:31:17,15.2701,600,
10:31:21,15.26,700,
10:31:21,15.26,100,
10:31:23,15.2585,5000,
10:31:25,15.25,216,
10:31:25,15.25,100,
10:31:25,15.24,100,
10:31:30,15.23,1000,
10:31:32,15.24,100,
10:31:33,15.24,100,
10:31:40,15.24,600,
10:31:42,15.23,100,
10:31:42,15.23,300,
10:31:47,15.23,200,
10:31:57,15.235,400,
10:32:04,15.24,200,
10:32:06,15.25,100,
10:32:06,15.25,100,
10:32:06,15.25,300,
10:32:07,15.2587,1300,
10:32:14,15.25,100,
10:32:14,15.25,100,
10:32:14,15.25,100,
10:32:15,15.25,100,
10:32:18,15.25,100,
10:32:26,15.2399,700,
10:32:31,15.2401,2000,
10:32:40,15.24,200,
10:32:40,15.24,100,
10:32:43,15.2399,200,
10:32:47,15.2401,100,
10:32:56,15.25,100,
10:32:58,15.25,100,
10:32:58,15.25,100,
10:33:08,15.2415,5000,
10:33:22,15.2401,1000,
10:33:27,15.24,100,
10:33:27,15.24,100,
10:33:35,15.24,100,
10:33:56,15.2401,4000,
10:34:07,15.23,100,
10:34:07,15.24,109,
10:34:08,15.23,800,
10:34:09,15.2372,100,
10:34:19,15.24,100,
10:34:23,15.2399,1500,
10:34:42,15.2401,1000,
10:34:45,15.241,3000,
10:35:12,15.25,400,
10:35:17,15.25,200,
10:35:18,15.25,100,
10:35:18,15.25,100,
10:35:21,15.25,100,
10:35:22,15.26,600,
10:35:22,15.26,400,
10:35:23,15.26,100,
10:35:24,15.26,700,
10:35:31,15.26,100,
10:35:34,15.26,100,
10:35:37,15.2508,2000,
10:35:47,15.25,500,
10:35:50,15.2492,2000,
10:35:51,15.235,200,
10:35:51,15.239,700,
10:35:53,15.239,300,
10:35:54,15.24,600,
10:35:56,15.2308,5027,
10:36:00,15.23,100,
10:36:03,15.23,100,
10:36:12,15.2315,2000,
10:36:30,15.222,1000,
10:36:35,15.22,1000,
10:36:42,15.221,3500,
10:36:48,15.221,100,
10:36:57,15.22,100,
10:37:03,15.21,300,
10:37:06,15.211,300,
10:37:06,15.2115,8100,
10:37:16,15.2117,1000,
10:37:24,15.21,300,
10:37:28,15.2199,1800,
10:37:30,15.20,1300,
10:37:39,15.2065,400,
10:37:48,15.20,100,
10:37:57,15.20,3000,
10:38:08,15.2001,3100,
10:38:16,15.21,200,
10:38:18,15.20,1000,
10:38:22,15.20,200,
10:38:22,15.20,1300,
10:38:25,15.2023,100,
10:38:35,15.21,200,
10:38:51,15.21,100,
10:38:54,15.2017,1000,
10:39:11,15.21,200,
10:39:11,15.21,199,
10:39:18,15.22,100,
10:39:24,15.221,2000,
10:39:46,15.2292,1000,
10:39:46,15.2292,4000,
10:40:02,15.22,300,
10:40:02,15.22,150,
10:40:02,15.22,200,
10:40:02,15.22,200,
10:40:02,15.22,100,
10:40:02,15.22,100,
10:40:08,15.2216,1000,
10:40:11,15.22,100,
10:40:13,15.2117,500,
10:40:19,15.22,700,
10:40:19,15.22,100,
10:40:19,15.22,600,
10:40:19,15.2199,1800,
10:40:19,15.22,100,
10:40:19,15.22,800,
10:40:22,15.2117,1000,
10:40:32,15.22,100,
10:40:35,15.21,200,
10:40:35,15.21,200,
10:40:51,15.21,25000,
10:41:03,15.21,100,
10:41:10,15.22,100,
10:41:10,15.22,200,
10:41:38,15.21,1100,
10:41:46,15.21,100,
10:41:46,15.20,600,
10:41:46,15.20,2372,
10:41:46,15.20,1300,
10:41:46,15.20,212,
10:41:46,15.20,500,
10:41:46,15.21,700,
10:41:48,15.20,100,
10:42:02,15.20,100,
10:42:09,15.20,100,
10:42:09,15.20,100,
10:42:15,15.19,100,
10:42:17,15.18,100,
10:42:21,15.19,200,
10:42:25,15.20,2000,
10:42:45,15.2025,2175,
10:42:51,15.21,500,
10:42:53,15.2003,325,
10:43:00,15.202,700,
10:43:18,15.208,700,
10:43:18,15.21,200,
10:43:22,15.22,200,
10:43:31,15.22,200,
10:43:31,15.22,300,
10:43:48,15.22,100,
10:43:48,15.22,200,
10:43:54,15.22,200,
10:44:04,15.2299,380,
10:44:19,15.23,700,
10:44:19,15.23,200,
10:44:19,15.23,200,
10:44:19,15.23,400,
10:44:19,15.23,2200,
10:44:19,15.23,100,
10:44:19,15.23,200,
10:44:19,15.23,200,
10:44:19,15.23,100,
10:44:19,15.23,200,
10:44:19,15.23,200,
10:44:19,15.23,100,
10:44:20,15.23,900,
10:44:28,15.24,100,
10:44:28,15.24,700,
10:44:31,15.24,300,
10:44:31,15.24,200,
10:44:31,15.24,200,
10:44:31,15.24,800,
10:44:31,15.24,200,
10:44:31,15.24,2100,
10:44:31,15.24,3000,
10:44:31,15.24,600,
10:44:31,15.24,2200,
10:44:31,15.25,200,
10:44:33,15.24,500,
10:44:33,15.24,200,
10:44:33,15.24,1200,
10:44:33,15.23,1300,
10:44:33,15.23,400,
10:44:33,15.23,200,
10:44:33,15.23,900,
10:44:33,15.23,200,
10:44:33,15.23,100,
10:44:33,15.23,1300,
10:44:33,15.23,100,
10:44:33,15.23,100,
10:44:35,15.2399,220,
10:44:49,15.24,100,
10:44:49,15.24,100,
10:44:49,15.24,100,
10:44:49,15.24,300,
10:44:51,15.24,300,
10:44:59,15.25,700,
10:45:00,15.25,100,
10:45:02,15.25,100,
10:45:03,15.25,200,
10:45:11,15.25,200,
10:45:13,15.25,175,
10:45:19,15.2401,7500,
10:45:26,15.26,100,
10:45:26,15.27,100,
10:45:27,15.279,2700,
10:45:27,15.27,1000,
10:45:27,15.27,600,
10:45:27,15.27,305,
10:45:27,15.28,1000,
10:45:28,15.27,600,
10:45:28,15.28,9900,
10:45:31,15.27,1000,
10:45:33,15.29,400,
10:45:33,15.29,600,
10:45:33,15.30,200,
10:45:33,15.28,424,
10:45:33,15.28,400,
10:45:33,15.28,600,
10:45:34,15.29,1200,
10:45:34,15.29,3000,
10:45:34,15.29,500,
10:45:34,15.29,3000,
10:45:34,15.29,327,
10:45:34,15.29,100,
10:45:34,15.29,600,
10:45:34,15.29,173,
10:45:34,15.30,100,
10:45:34,15.30,500,
10:45:34,15.30,100,
10:45:34,15.30,500,
10:45:34,15.30,150,
10:45:34,15.30,900,
10:45:34,15.30,500,
10:45:34,15.30,800,
10:45:34,15.30,400,
10:45:34,15.30,1100,
10:45:34,15.30,200,
10:45:34,15.30,600,
10:45:34,15.30,200,
10:45:34,15.30,800,
10:45:34,15.30,262,
10:45:34,15.31,556,
10:45:34,15.309,8500,
10:45:34,15.309,10000,
10:45:34,15.30,500,
10:45:37,15.31,6100,
10:45:39,15.31,100,
10:45:40,15.319,600,
10:45:41,15.32,200,
10:45:41,15.33,600,
10:45:41,15.33,600,
10:45:41,15.33,200,
10:45:41,15.33,3000,
10:45:41,15.33,100,
10:45:41,15.33,900,
10:45:41,15.33,200,
10:45:41,15.33,600,
10:45:41,15.34,300,
10:45:41,15.34,100,
10:45:41,15.34,800,
10:45:41,15.34,600,
10:45:41,15.34,200,
10:45:41,15.34,1900,
10:45:41,15.34,200,
10:45:41,15.34,200,
10:45:41,15.34,600,
10:45:41,15.35,200,
10:45:41,15.35,100,
10:45:41,15.35,334,
10:45:41,15.35,400,
10:45:41,15.35,203,
10:45:41,15.35,100,
10:45:41,15.34,100,
10:45:41,15.35,100,
10:45:41,15.33,300,
10:45:41,15.35,1300,
10:45:41,15.35,100,
10:45:41,15.36,200,
10:45:41,15.36,100,
10:45:41,15.36,200,
10:45:41,15.36,600,
10:45:41,15.36,100,
10:45:41,15.36,600,
10:45:41,15.36,322,
10:45:42,15.33,700,
10:45:42,15.33,100,
10:45:42,15.34,200,
10:45:42,15.35,100,
10:45:42,15.34,600,
10:45:42,15.33,333,
10:45:42,15.33,100,
10:45:42,15.33,300,
10:45:42,15.36,200,
10:45:42,15.33,300,
10:45:42,15.33,500,
10:45:42,15.33,300,
10:45:42,15.35,3200,
10:45:42,15.35,300,
10:45:42,15.35,1200,
10:45:42,15.35,300,
10:45:42,15.35,146,
10:45:42,15.35,500,
10:45:42,15.35,500,
10:45:42,15.35,1500,
10:45:42,15.35,200,
10:45:42,15.35,754,
10:45:42,15.35,146,
10:45:42,15.34,100,
10:45:42,15.34,600,
10:45:43,15.34,146,
10:45:43,15.34,700,
10:45:43,15.34,279,
10:45:43,15.34,200,
10:45:43,15.34,1200,
10:45:43,15.34,300,
10:45:43,15.34,100,
10:45:43,15.34,100,
10:45:43,15.34,100,
10:45:43,15.34,200,
10:45:43,15.33,100,
10:45:44,15.33,300,
10:45:44,15.34,750,
10:45:44,15.34,1300,
10:45:44,15.3399,350,
10:45:45,15.34,500,
10:45:50,15.34,8000,
10:45:50,15.34,300,
10:45:50,15.34,100,
10:45:50,15.34,700,
10:45:50,15.34,160,
10:45:50,15.34,160,
10:45:51,15.33,200,
10:45:51,15.33,700,
10:45:51,15.33,1000,
10:45:51,15.33,300,
10:45:51,15.33,200,
10:45:51,15.33,700,
10:45:51,15.33,100,
10:45:51,15.33,400,
10:45:51,15.33,700,
10:45:57,15.3375,2000,
10:45:58,15.33,1900,
10:45:58,15.33,750,
10:45:58,15.33,200,
10:45:58,15.33,100,
10:46:00,15.32,600,
10:46:04,15.3201,3000,
10:46:06,15.33,499,
10:46:06,15.33,279,
10:46:06,15.333,200,
10:46:12,15.33,150,
10:46:13,15.339,4000,
10:46:13,15.33,200,
10:46:13,15.3301,1650,
10:46:25,15.33,900,
10:46:25,15.33,1899,
10:46:25,15.33,200,
10:46:25,15.33,100,
10:46:26,15.32,600,
10:46:26,15.32,100,
10:46:26,15.32,200,
10:46:26,15.31,11034,
10:46:26,15.32,100,
10:46:26,15.32,200,
10:46:26,15.32,1600,
10:46:35,15.3283,380,
10:46:38,15.32,100,
10:46:39,15.32,100,
10:46:39,15.319,600,
10:46:41,15.32,279,
10:46:45,15.32,100,
10:46:45,15.32,200,
10:46:45,15.32,100,
10:46:45,15.32,200,
10:46:45,15.32,100,
10:46:50,15.328,3000,
10:46:51,15.32,300,
10:46:51,15.32,100,
10:46:51,15.32,700,
10:46:52,15.32,400,
10:46:57,15.31,1400,
10:46:57,15.31,1000,
10:46:57,15.31,200,
10:46:57,15.31,200,
10:46:57,15.31,100,
10:46:57,15.31,100,
10:46:57,15.31,700,
10:46:57,15.30,800,
10:46:57,15.30,1000,
10:46:57,15.30,100,
10:46:57,15.30,1400,
10:46:57,15.30,402,
10:46:57,15.30,600,
10:46:57,15.30,1200,
10:46:57,15.30,3000,
10:46:57,15.30,800,
10:46:57,15.29,600,
10:46:57,15.29,300,
10:46:57,15.29,700,
10:46:57,15.29,600,
10:46:57,15.30,100,
10:46:57,15.30,700,
10:46:57,15.30,500,
10:46:57,15.30,300,
10:46:57,15.30,700,
10:46:57,15.30,100,
10:46:57,15.30,100,
10:46:57,15.30,500,
10:46:57,15.30,100,
10:46:58,15.29,202,
10:46:58,15.30,1000,
10:47:01,15.292,1000,
10:47:08,15.2999,400,
10:47:10,15.29,190,
10:47:10,15.29,300,
10:47:10,15.29,100,
10:47:10,15.29,100,
10:47:10,15.29,700,
10:47:10,15.29,600,
10:47:14,15.29,200,
10:47:20,15.2808,2000,
10:47:25,15.288,500,
10:47:26,15.28,200,
10:47:31,15.272,1000,
10:47:31,15.2701,1000,
10:47:32,15.28,100,
10:47:34,15.28,100,
10:47:34,15.27,100,
10:47:34,15.27,300,
10:47:34,15.27,200,
10:47:41,15.28,200,
10:47:41,15.28,100,
10:47:43,15.282,3200,
10:47:48,15.2884,100,
10:47:48,15.28,100,
10:47:49,15.28,700,
10:47:53,15.28,200,
10:47:53,15.28,200,
10:47:56,15.29,144,
10:47:57,15.2901,4000,
10:48:20,15.30,2200,
10:48:20,15.30,100,
10:48:31,15.2925,2500,
10:48:42,15.30,2200,
10:48:47,15.3001,2500,
10:48:55,15.31,500,
10:49:08,15.30,1000,
10:49:08,15.30,300,
10:49:10,15.301,3200,
10:49:10,15.29,200,
10:49:10,15.29,400,
10:49:10,15.29,100,
10:49:15,15.288,3200,
10:49:15,15.29,100,
10:49:15,15.29,200,
10:49:19,15.29,500,
10:49:23,15.29,300,
10:49:23,15.30,100,
10:49:27,15.292,1400,
10:49:40,15.292,1000,
10:49:41,15.30,2200,
10:49:41,15.30,400,
10:49:43,15.3083,1000,
10:49:49,15.30,100,
10:49:49,15.30,100,
10:49:49,15.30,100,
10:49:52,15.2999,3000,
10:50:10,15.288,500,
10:50:16,15.281,100,
10:50:16,15.29,600,
10:50:16,15.281,2400,
10:50:19,15.29,100,
10:50:22,15.298,2000,
10:50:30,15.3083,500,
10:50:34,15.30,4600,
10:50:48,15.31,100,
10:50:53,15.3101,5200,
10:50:54,15.31,100,
10:50:54,15.31,100,
10:50:54,15.31,200,
10:50:54,15.31,200,
10:50:54,15.31,100,
10:50:55,15.31,100,
10:51:04,15.313,200,
10:51:04,15.31,300,
10:51:04,15.31,200,
10:51:07,15.308,1000,
10:51:19,15.3016,1250,
10:51:26,15.3001,1000,
10:51:36,15.3099,2000,
10:51:48,15.31,300,
10:52:03,15.31,200,
10:52:04,15.32,200,
10:52:04,15.32,400,
10:52:25,15.3199,1000,
10:52:25,15.32,200,
10:52:25,15.32,100,
10:52:25,15.32,100,
10:52:27,15.33,100,
10:52:27,15.34,200,
10:52:28,15.34,200,
10:52:28,15.34,300,
10:52:28,15.34,300,
10:52:30,15.33,21600,
10:52:31,15.335,900,
10:52:34,15.3301,300,
10:52:35,15.33,300,
10:52:41,15.33,500,
10:52:46,15.3201,4000,
10:52:50,15.32,100,
10:53:00,15.31,100,
10:53:04,15.30,200,
10:53:13,15.31,3000,
10:53:21,15.30,1686,
10:53:21,15.30,500,
10:53:21,15.30,100,
10:53:21,15.30,100,
10:53:36,15.3001,2000,
10:53:53,15.31,100,
10:54:17,15.30,200,
10:54:19,15.2901,1000,
10:54:25,15.291,3500,
10:54:29,15.28,200,
10:54:30,15.285,375,
10:54:45,15.2801,400,
10:54:48,15.28,600,
10:54:48,15.28,200,
10:54:49,15.2815,5000,
10:55:13,15.2816,700,
10:55:26,15.27,200,
10:55:26,15.26,300,
10:55:30,15.27,100,
10:55:42,15.275,600,
10:55:54,15.28,1000,
10:55:54,15.28,200,
10:55:55,15.28,500,
10:56:22,15.2801,1000,
10:56:40,15.272,800,
10:56:48,15.2799,2000,
10:56:50,15.27,200,
10:56:50,15.27,100,
10:57:01,15.267,200,
10:57:13,15.2601,5000,
10:57:19,15.2601,6000,
10:57:29,15.2725,2000,
10:57:36,15.27,100,
10:57:36,15.265,100,
10:57:46,15.2625,2000,
10:58:12,15.26,200,
10:58:24,15.26,100,
10:58:51,15.24,200,
10:58:51,15.24,200,
10:58:51,15.24,200,
10:58:51,15.25,400,
10:58:52,15.24,700,
10:58:53,15.231,250,
10:58:53,15.233,150,
10:58:54,15.24,200,
10:58:54,15.24,200,
10:58:56,15.2375,3000,
10:58:58,15.24,1530,
10:59:02,15.2415,5000,
10:59:07,15.25,100,
10:59:16,15.25,2000,
10:59:33,15.26,100,
10:59:37,15.27,200,
10:59:40,15.261,500,
10:59:40,15.26,20200,
10:59:46,15.27,900,
10:59:46,15.27,1100,
10:59:46,15.28,200,
10:59:47,15.2899,1800,
10:59:54,15.28,100,
10:59:54,15.2792,5000,
11:00:06,15.285,400,
11:00:13,15.288,1000,
11:00:32,15.278,400,
11:00:42,15.29,100,
11:00:45,15.29,100,
11:01:02,15.29,2500,
11:01:02,15.29,200,
11:01:02,15.29,500,
11:01:02,15.29,500,
11:01:02,15.29,500,
11:01:02,15.29,100,
11:01:23,15.289,200,
11:01:31,15.29,500,
11:01:31,15.29,100,
11:01:31,15.29,100,
11:01:42,15.29,100,
11:01:46,15.29,900,
11:01:53,15.291,1300,
11:01:54,15.291,1300,
11:02:03,15.29,100,
11:02:16,15.2984,1250,
11:02:25,15.30,100,
11:02:27,15.30,200,
11:02:32,15.31,100,
11:02:48,15.31,100,
11:03:13,15.3192,1000,
11:03:23,15.318,3175,
11:03:23,15.318,265,
11:03:23,15.31,3783,
11:03:23,15.31,100,
11:03:23,15.31,100,
11:03:23,15.31,100,
11:03:32,15.308,500,
11:03:35,15.3084,1500,
11:03:40,15.31,1500,
11:03:40,15.31,100,
11:03:40,15.31,1000,
11:03:40,15.31,100,
11:03:46,15.31,100,
11:03:53,15.31,100,
11:03:59,15.303,100,
11:04:06,15.3001,2500,
11:04:30,15.30,300,
11:04:30,15.30,100,
11:04:33,15.30,100,
11:04:34,15.30,231,
11:05:00,15.30,2593,
11:05:08,15.3025,2500,
11:05:13,15.30,100,
11:05:18,15.28,100,
11:05:22,15.28,504,
11:05:26,15.281,3000,
11:05:48,15.2884,300,
11:06:00,15.2808,4000,
11:06:17,15.2825,3000,
11:06:54,15.2899,129,
11:07:14,15.28,200,
11:07:16,15.285,1000,
11:07:17,15.281,400,
11:07:51,15.2899,500,
11:07:59,15.29,100,
11:08:03,15.29,300,
11:08:03,15.29,300,
11:08:11,15.29,100,
11:08:13,15.29,100,
11:08:26,15.297,100,
11:08:44,15.291,1500,
11:08:46,15.2913,2000,
11:09:13,15.29,200,
11:09:35,15.298,900,
11:09:43,15.305,350,
11:09:47,15.31,200,
11:09:47,15.31,100,
11:09:54,15.32,100,
11:09:58,15.32,100,
11:10:16,15.32,100,
11:10:24,15.33,200,
11:10:24,15.33,100,
11:10:26,15.34,200,
11:10:28,15.35,223,
11:10:33,15.35,200,
11:10:34,15.3401,400,
11:10:36,15.3401,650,
11:10:45,15.34,100,
11:10:47,15.3492,4000,
11:10:52,15.36,600,
11:10:52,15.36,600,
11:10:52,15.37,100,
11:10:52,15.37,465,
11:10:52,15.37,200,
11:10:52,15.37,300,
11:10:52,15.3701,1000,
11:10:53,15.37,25000,
11:10:54,15.37,100,
11:10:58,15.37,100,
11:10:58,15.37,100,
11:11:02,15.38,100,
11:11:02,15.38,1000,
11:11:07,15.38,200,
11:11:10,15.38,500,
11:11:10,15.38,200,
11:11:10,15.38,2200,
11:11:10,15.38,100,
11:11:10,15.38,700,
11:11:10,15.38,700,
11:11:17,15.38,200,
11:11:23,15.388,500,
11:11:32,15.38,100,
11:11:32,15.37,800,
11:11:39,15.37,1700,
11:11:57,15.36,100,
11:12:00,15.37,300,
11:12:00,15.37,200,
11:12:06,15.3675,3000,
11:12:18,15.378,500,
11:12:32,15.3783,1000,
11:12:46,15.37,100,
11:12:56,15.385,1000,
11:13:05,15.39,2000,
11:13:07,15.3817,1184,
11:13:11,15.39,600,
11:13:11,15.39,1000,
11:13:13,15.39,100,
11:13:16,15.39,400,
11:13:22,15.40,300,
11:13:22,15.4001,500,
11:13:24,15.40,18500,
11:13:25,15.40,100,
11:13:27,15.40,500,
11:13:27,15.40,600,
11:13:27,15.40,200,
11:13:29,15.409,750,
11:13:39,15.40,100,
11:13:39,15.40,100,
11:13:41,15.40,100,
11:13:45,15.409,400,
11:13:49,15.405,1000,
11:13:51,15.40,100,
11:13:52,15.40,423,
11:13:52,15.40,400,
11:13:52,15.40,100,
11:13:52,15.405,4180,
11:13:53,15.408,1000,
11:13:53,15.4087,2000,
11:13:53,15.408,3200,
11:13:57,15.402,1000,
11:13:59,15.40,200,
11:13:59,15.395,5000,
11:14:00,15.409,2000,
11:14:13,15.4084,1000,
11:14:18,15.405,1000,
11:14:22,15.4099,1000,
11:14:24,15.41,600,
11:14:24,15.41,800,
11:14:24,15.41,100,
11:14:24,15.41,1000,
11:14:24,15.41,600,
11:14:24,15.41,400,
11:14:24,15.41,3000,
11:14:24,15.41,100,
11:14:24,15.41,100,
11:14:26,15.4101,300,
11:14:30,15.42,2000,
11:14:31,15.42,200,
11:14:31,15.42,200,
11:14:33,15.42,500,
11:14:36,15.42,1000,
11:14:36,15.4199,7100,
11:14:40,15.41,100,
11:14:41,15.41,500,
11:14:43,15.41,100,
11:14:44,15.41,100,
11:14:46,15.41,300,
11:14:46,15.4057,1000,
11:14:51,15.41,100,
11:14:57,15.418,100,
11:15:00,15.415,1000,
11:15:03,15.4175,2700,
11:15:12,15.4283,1000,
11:15:14,15.4201,100,
11:15:17,15.435,1000,
11:15:22,15.43,100,
11:15:23,15.439,100,
11:15:24,15.44,200,
11:15:27,15.437,100,
11:15:28,15.43,100,
11:15:37,15.4201,1000,
11:15:46,15.4301,200,
11:16:00,15.435,200,
11:16:12,15.4399,5000,
11:16:16,15.432,475,
11:16:17,15.42,197,
11:16:17,15.42,200,
11:16:23,15.43,1000,
11:16:25,15.42,100,
11:16:26,15.4101,5000,
11:16:27,15.4101,3500,
11:16:27,15.412,1000,
11:16:31,15.4101,350,
11:16:32,15.4116,1500,
11:16:33,15.411,3500,
11:16:33,15.4168,2000,
11:16:37,15.4199,200,
11:16:39,15.42,100,
11:16:42,15.43,2000,
11:16:43,15.428,1000,
11:16:43,15.421,300,
11:16:49,15.43,1000,
11:16:50,15.4284,200,
11:16:58,15.4283,200,
11:17:14,15.4217,1800,
11:17:16,15.425,500,
11:17:18,15.42,700,
11:17:18,15.42,100,
11:17:18,15.42,100,
11:17:21,15.41,1200,
11:17:23,15.42,100,
11:17:23,15.42,500,
11:17:30,15.412,3183,
11:17:32,15.41,200,
11:17:33,15.41,700,
11:17:33,15.4099,1000,
11:17:35,15.4016,500,
11:17:36,15.405,100,
11:17:36,15.402,3183,
11:17:40,15.4017,500,
11:17:48,15.402,1000,
11:17:50,15.41,100,
11:17:50,15.41,100,
11:17:52,15.40,200,
11:17:52,15.40,100,
11:18:01,15.41,100,
11:18:02,15.411,200,
11:18:05,15.415,1300,
11:18:06,15.411,1300,
11:18:06,15.411,3100,
11:18:07,15.418,1000,
11:18:08,15.411,900,
11:18:09,15.418,1100,
11:18:09,15.41,9900,
11:18:10,15.41,100,
11:18:17,15.41,500,
11:18:17,15.41,600,
11:18:17,15.41,100,
11:18:18,15.402,628,
11:18:21,15.408,500,
11:18:41,15.4001,200,
11:18:42,15.401,300,
11:18:49,15.4001,1000,
11:18:58,15.41,1200,
11:18:58,15.41,500,
11:18:59,15.41,700,
11:19:01,15.40,200,
11:19:03,15.41,100,
11:19:04,15.42,100,
11:19:04,15.42,700,
11:19:04,15.42,100,
11:19:04,15.42,400,
11:19:04,15.42,200,
11:19:04,15.42,1259,
11:19:09,15.4201,11610,
11:19:09,15.421,300,
11:19:09,15.422,1000,
11:19:10,15.421,1500,
11:19:12,15.43,400,
11:19:21,15.4283,1800,
11:19:21,15.421,200,
11:19:32,15.4201,500,
11:19:33,15.43,600,
11:19:33,15.43,1000,
11:19:39,15.4205,300,
11:19:42,15.4299,250,
11:19:45,15.43,300,
11:19:45,15.4325,400,
11:19:45,15.43,100,
11:19:45,15.43,100,
11:19:46,15.43,180,
11:19:46,15.43,445,
11:19:46,15.43,100,
11:19:46,15.43,100,
11:19:46,15.43,100,
11:19:54,15.427,130,
11:20:02,15.42,100,
11:20:06,15.42,100,
11:20:13,15.42,400,
11:20:13,15.42,300,
11:20:13,15.42,200,
11:20:15,15.4299,200,
11:20:17,15.41,100,
11:20:18,15.429,5000,
11:20:22,15.42,800,
11:20:22,15.42,100,
11:20:26,15.42,200,
11:20:33,15.4016,1000,
11:20:35,15.41,300,
11:20:43,15.4017,980,
11:20:52,15.405,410,
11:21:01,15.41,100,
11:21:18,15.417,300,
11:21:21,15.41,100,
11:21:21,15.40,100,
11:21:33,15.40,500,
11:21:34,15.4016,500,
11:21:52,15.4092,400,
11:21:57,15.39,700,
11:22:08,15.40,100,
11:22:12,15.3984,1425,
11:22:18,15.391,200,
11:22:19,15.39,100,
11:22:19,15.39,700,
11:22:24,15.382,1000,
11:22:32,15.3801,1000,
11:22:32,15.385,600,
11:22:33,15.37,100,
11:22:33,15.3725,2000,
11:22:51,15.38,100,
11:22:53,15.38,200,
11:23:00,15.389,3000,
11:23:19,15.38,100,
11:23:21,15.38,2700,
11:23:24,15.3899,1000,
11:23:33,15.39,100,
11:23:48,15.40,300,
11:23:53,15.41,100,
11:23:53,15.41,567,
11:23:53,15.41,200,
11:23:53,15.41,100,
11:23:53,15.41,100,
11:23:57,15.42,380,
11:23:57,15.42,380,
11:23:57,15.42,380,
11:24:02,15.4101,300,
11:24:11,15.4083,115,
11:24:14,15.401,800,
11:24:18,15.402,780,
11:24:18,15.402,380,
11:24:23,15.405,290,
11:25:09,15.41,600,
11:25:10,15.41,1200,
11:25:10,15.41,100,
11:25:10,15.41,124,
11:25:22,15.418,500,
11:25:25,15.41,100,
11:25:30,15.408,300,
11:25:43,15.41,800,
11:26:04,15.3984,200,
11:26:10,15.393,200,
11:26:22,15.3916,1600,
11:26:42,15.3901,100,
11:26:49,15.39,1000,
11:26:55,15.391,100,
11:27:03,15.39,100,
11:27:03,15.38,400,
11:27:11,15.3899,200,
11:27:12,15.3817,1000,
11:27:13,15.38,100,
11:27:13,15.38,200,
11:27:15,15.38,100,
11:27:21,15.382,300,
11:27:22,15.392,600,
11:27:28,15.392,1000,
11:27:49,15.3999,2000,
11:28:10,15.392,1000,
11:28:15,15.40,328,
11:28:17,15.40,200,
11:28:17,15.40,100,
11:28:39,15.40,1500,
11:28:39,15.40,100,
11:28:39,15.40,500,
11:28:39,15.40,100,
11:28:39,15.40,300,
11:28:39,15.39,500,
11:28:39,15.39,500,
11:28:39,15.39,800,
11:28:39,15.39,1500,
11:28:39,15.40,100,
11:28:39,15.391,300,
11:28:39,15.402,3200,
11:28:40,15.4013,2000,
11:28:40,15.402,1000,
11:28:42,15.40,100,
11:28:42,15.40,100,
11:28:45,15.40,300,
11:28:45,15.40,100,
11:28:45,15.40,1300,
11:28:45,15.40,1000,
11:28:46,15.4013,2000,
11:28:48,15.39,16700,
11:28:48,15.39,3000,
11:28:48,15.40,1200,
11:28:53,15.40,200,
11:28:53,15.40,200,
11:28:53,15.40,700,
11:28:57,15.4068,100,
11:29:01,15.41,200,
11:29:01,15.41,1600,
11:29:04,15.41,100,
11:29:13,15.4184,1500,
11:29:18,15.4145,100,
11:29:22,15.418,2950,
11:29:31,15.418,500,
11:29:37,15.417,100,
11:29:42,15.4117,300,
11:29:47,15.42,400,
11:29:47,15.42,300,
11:29:47,15.42,100,
11:29:47,15.42,200,
11:29:51,15.43,100,
11:29:56,15.4301,300,
11:29:58,15.431,696,
11:31:01,15.48,300,
11:31:02,15.48,100,
11:31:04,15.48,100,
11:31:05,15.48,200,
11:31:07,15.478,100,
11:31:09,15.48,100,
11:31:09,15.48,100,
11:31:10,15.48,200,
11:31:10,15.48,500,
11:31:10,15.48,200,
11:31:12,15.4899,1000,
11:31:16,15.4765,100,
11:31:19,15.48,100,
11:31:20,15.48,300,
11:31:20,15.48,300,
11:31:20,15.4883,300,
11:31:22,15.48,100,
11:31:23,15.48,200,
11:31:27,15.485,500,
11:31:34,15.482,500,
11:31:35,15.49,341,
11:31:36,15.49,200,
11:31:36,15.49,200,
11:31:36,15.49,300,
11:31:36,15.49,100,
11:31:36,15.49,100,
11:31:37,15.50,200,
11:31:37,15.50,100,
11:31:37,15.50,500,
11:31:37,15.50,200,
11:31:37,15.50,3200,
11:31:38,15.51,299,
11:31:38,15.51,100,
11:31:38,15.51,200,
11:31:38,15.51,925,
11:31:38,15.51,100,
11:31:38,15.51,500,
11:31:39,15.5001,200,
11:31:40,15.51,200,
11:31:40,15.51,100,
11:31:40,15.51,300,
11:31:40,15.51,1750,
11:31:40,15.51,100,
11:31:40,15.51,100,
11:31:40,15.51,264,
11:31:40,15.51,200,
11:31:40,15.51,100,
11:31:41,15.51,100,
11:31:41,15.51,100,
11:31:41,15.502,1000,
11:31:41,15.52,600,
11:31:41,15.52,100,
11:31:41,15.52,400,
11:31:41,15.52,3000,
11:31:41,15.52,100,
11:31:41,15.52,515,
11:31:41,15.52,485,
11:31:41,15.52,800,
11:31:41,15.52,2800,
11:31:41,15.52,877,
11:31:41,15.52,317,
11:31:41,15.52,600,
11:31:43,15.51,100,
11:31:43,15.51,800,
11:31:43,15.51,100,
11:31:43,15.51,100,
11:31:43,15.51,100,
11:31:43,15.51,100,
11:31:44,15.51,100,
11:31:46,15.507,300,
11:31:49,15.51,400,
11:31:49,15.51,200,
11:31:55,15.52,100,
11:31:57,15.51,800,
11:31:57,15.52,1600,
11:31:57,15.51,100,
11:31:57,15.51,300,
11:31:57,15.51,300,
11:31:57,15.51,100,
11:31:57,15.51,600,
11:31:57,15.51,300,
11:31:58,15.53,600,
11:31:59,15.515,360,
11:32:04,15.5101,5000,
11:32:05,15.5117,300,
11:32:08,15.5101,4000,
11:32:10,15.52,100,
11:32:15,15.525,450,
11:32:17,15.5299,2599,
11:32:19,15.52,100,
11:32:19,15.51,200,
11:32:19,15.51,1300,
11:32:19,15.51,100,
11:32:19,15.51,100,
11:32:19,15.51,100,
11:32:20,15.505,2000,
11:32:21,15.51,465,
11:32:26,15.51,500,
11:32:26,15.51,500,
11:32:26,15.51,1500,
11:32:26,15.50,200,
11:32:27,15.50,500,
11:32:27,15.50,600,
11:32:27,15.50,1300,
11:32:27,15.50,200,
11:32:27,15.50,100,
11:32:27,15.50,100,
11:32:27,15.50,100,
11:32:27,15.50,500,
11:32:27,15.50,1100,
11:32:27,15.50,100,
11:32:27,15.50,100,
11:32:27,15.50,300,
11:32:29,15.50,100,
11:32:29,15.49,100,
11:32:30,15.50,100,
11:32:31,15.4925,3800,
11:32:35,15.49,500,
11:32:35,15.49,683,
11:32:35,15.49,100,
11:32:36,15.49,100,
11:32:41,15.4899,1000,
11:32:42,15.4883,190,
11:32:44,15.48,100,
11:32:44,15.48,400,
11:32:44,15.48,200,
11:32:44,15.48,300,
11:32:44,15.4801,2700,
11:32:45,15.4784,150,
11:32:48,15.475,200,
11:32:51,15.48,350,
11:32:52,15.473,300,
11:32:56,15.4784,300,
11:32:57,15.48,100,
11:32:57,15.48,100,
11:32:57,15.48,100,
11:32:58,15.48,500,
11:33:06,15.47,100,
11:33:06,15.47,100,
11:33:08,15.4701,1800,
11:33:14,15.48,600,
11:33:14,15.48,100,
11:33:14,15.48,100,
11:33:14,15.48,400,
11:33:16,15.48,600,
11:33:16,15.48,100,
11:33:16,15.48,100,
11:33:23,15.4701,400,
11:33:23,15.47,400,
11:33:27,15.4701,500,
11:33:29,15.48,600,
11:33:29,15.4799,300,
11:33:34,15.4799,100,
11:33:34,15.4799,250,
11:33:36,15.4701,200,
11:33:38,15.47,600,
11:33:38,15.47,783,
11:33:46,15.48,400,
11:33:49,15.47,700,
11:33:49,15.47,1300,
11:33:49,15.47,536,
11:33:49,15.47,200,
11:33:49,15.47,100,
11:33:49,15.47,300,
11:33:49,15.47,100,
11:33:50,15.47,100,
11:33:50,15.47,100,
11:33:55,15.465,8000,
11:33:55,15.465,700,
11:33:55,15.46,6150,
11:33:57,15.465,200,
11:34:02,15.4699,5900,
11:34:06,15.47,100,
11:34:06,15.47,400,
11:34:06,15.47,100,
11:34:08,15.47,100,
11:34:08,15.47,899,
11:34:10,15.478,1000,
11:34:25,15.475,1000,
11:34:34,15.48,1500,
11:34:34,15.48,500,
11:34:34,15.48,100,
11:34:34,15.48,100,
11:34:34,15.48,1100,
11:34:35,15.49,200,
11:34:40,15.4899,2000,
11:34:40,15.489,100,
11:34:47,15.49,1300,
11:34:47,15.49,200,
11:34:47,15.49,745,
11:34:47,15.50,100,
11:34:47,15.50,1150,
11:34:47,15.50,150,
11:34:52,15.50,100,
11:34:58,15.4901,500,
11:34:58,15.50,1800,
11:34:58,15.50,100,
11:35:00,15.495,500,
11:35:11,15.50,1500,
11:35:17,15.4955,500,
11:35:19,15.5016,850,
11:35:25,15.518,1320,
11:35:37,15.518,500,
11:35:41,15.52,6400,
11:35:41,15.52,700,
11:35:42,15.52,138,
11:35:46,15.5125,2000,
11:35:48,15.512,300,
11:35:48,15.512,1000,
11:35:52,15.51,100,
11:35:52,15.51,100,
11:36:02,15.50,8000,
11:36:02,15.50,100,
11:36:02,15.50,500,
11:36:02,15.50,100,
11:36:06,15.50,100,
11:36:13,15.50,100,
11:36:16,15.495,500,
11:36:19,15.492,615,
11:36:36,15.49,200,
11:36:38,15.48,700,
11:36:39,15.4884,1000,
11:36:44,15.49,5000,
11:36:45,15.49,100,
11:36:47,15.49,1000,
11:36:49,15.491,4000,
11:36:50,15.49,100,
11:36:50,15.49,100,
11:36:50,15.49,100,
11:36:50,15.49,700,
11:36:50,15.49,100,
11:36:54,15.4988,100,
11:37:03,15.50,600,
11:37:03,15.50,100,
11:37:04,15.50,100,
11:37:06,15.501,700,
11:37:08,15.501,2000,
11:37:10,15.50,200,
11:37:10,15.50,100,
11:37:10,15.50,100,
11:37:12,15.50,100,
11:37:18,15.5016,900,
11:37:20,15.50,100,
11:37:35,15.50,100,
11:37:35,15.50,100,
11:37:35,15.50,500,
11:37:49,15.49,100,
11:37:59,15.50,400,
11:37:59,15.50,500,
11:38:02,15.50,100,
11:38:02,15.50,100,
11:38:02,15.50,600,
11:38:02,15.50,100,
11:38:02,15.50,100,
11:38:02,15.50,100,
11:38:11,15.5062,100,
11:38:20,15.5001,7500,
11:38:22,15.5085,2800,
11:38:25,15.501,1500,
11:38:26,15.50,100,
11:38:27,15.50,500,
11:38:27,15.501,100,
11:38:27,15.501,150,
11:38:29,15.50,100,
11:38:29,15.50,700,
11:38:29,15.50,238,
11:38:29,15.50,100,
11:38:32,15.4992,2000,
11:38:41,15.50,100,
11:38:46,15.5065,1900,
11:38:53,15.505,1200,
11:39:03,15.50,200,
11:39:06,15.51,1000,
11:39:11,15.51,100,
11:39:11,15.51,100,
11:39:13,15.52,600,
11:39:13,15.52,100,
11:39:13,15.53,300,
11:39:24,15.5201,6000,
11:39:29,15.525,1000,
11:39:30,15.52,100,
11:39:31,15.52,100,
11:39:33,15.52,100,
11:39:33,15.52,300,
11:39:34,15.52,100,
11:39:47,15.5201,600,
11:39:53,15.5292,400,
11:39:53,15.52,100,
11:39:53,15.52,200,
11:39:53,15.52,100,
11:39:53,15.52,400,
11:39:58,15.528,700,
11:40:05,15.52,150,
11:40:05,15.52,100,
11:40:05,15.52,200,
11:40:05,15.52,100,
11:40:05,15.52,100,
11:40:05,15.52,100,
11:40:05,15.52,700,
11:40:05,15.52,100,
11:40:05,15.52,100,
11:40:05,15.528,1000,
11:40:08,15.52,100,
11:40:08,15.52,200,
11:40:14,15.5108,1000,
11:40:17,15.515,687,
11:40:20,15.5101,1000,
11:40:21,15.51,100,
11:40:21,15.51,200,
11:40:21,15.51,100,
11:40:41,15.501,2000,
11:40:47,15.5075,400,
11:40:47,15.50,400,
11:40:52,15.505,700,
11:41:00,15.51,100,
11:41:00,15.51,150,
11:41:08,15.508,1000,
11:41:11,15.51,100,
11:41:14,15.5208,2000,
11:41:17,15.522,1000,
11:41:18,15.52,200,
11:41:18,15.52,100,
11:41:18,15.52,1800,
11:41:21,15.525,700,
11:41:23,15.5204,500,
11:41:23,15.52,100,
11:41:23,15.52,100,
11:41:23,15.52,700,
11:41:32,15.511,2000,
11:41:32,15.52,100,
11:41:35,15.52,100,
11:41:35,15.53,150,
11:41:35,15.53,100,
11:41:39,15.5283,100,
11:41:40,15.53,200,
11:41:40,15.54,6030,
11:41:42,15.54,100,
11:41:42,15.54,100,
11:41:42,15.54,700,
11:41:42,15.54,100,
11:41:42,15.54,200,
11:41:42,15.54,100,
11:41:42,15.54,1100,
11:41:42,15.54,100,
11:41:44,15.54,100,
11:41:52,15.5457,1250,
11:41:53,15.56,8950,
11:41:53,15.56,600,
11:41:53,15.57,400,
11:41:53,15.57,250,
11:41:53,15.57,1600,
11:41:53,15.57,300,
11:41:53,15.57,226,
11:41:53,15.57,700,
11:41:53,15.57,100,
11:41:53,15.57,700,
11:41:53,15.57,200,
11:41:53,15.57,100,
11:41:53,15.58,100,
11:41:53,15.56,2000,
11:41:53,15.57,100,
11:41:53,15.57,1100,
11:41:53,15.57,200,
11:41:54,15.56,200,
11:41:54,15.56,1200,
11:41:54,15.56,1000,
11:41:54,15.56,150,
11:41:54,15.56,800,
11:41:54,15.56,600,
11:41:54,15.56,1200,
11:41:54,15.56,100,
11:41:56,15.57,600,
11:41:57,15.57,100,
11:41:57,15.57,100,
11:41:57,15.57,100,
11:41:57,15.57,100,
11:42:05,15.568,1500,
11:42:06,15.5699,2000,
11:42:07,15.5601,5000,
11:42:08,15.57,600,
11:42:08,15.57,4900,
11:42:08,15.57,600,
11:42:08,15.57,1750,
11:42:08,15.57,800,
11:42:08,15.57,200,
11:42:08,15.57,1900,
11:42:08,15.57,100,
11:42:08,15.57,100,
11:42:08,15.58,100,
11:42:08,15.58,600,
11:42:08,15.57,100,
11:42:09,15.58,400,
11:42:09,15.58,200,
11:42:09,15.58,1200,
11:42:09,15.5801,500,
11:42:15,15.58,500,
11:42:15,15.58,100,
11:42:15,15.58,900,
11:42:16,15.58,100,
11:42:16,15.59,100,
11:42:16,15.59,100,
11:42:16,15.59,100,
11:42:16,15.59,100,
11:42:16,15.59,100,
11:42:16,15.59,100,
11:42:17,15.59,1000,
11:42:18,15.59,2000,
11:42:18,15.59,100,
11:42:18,15.595,200,
11:42:19,15.58,100,
11:42:20,15.582,600,
11:42:24,15.57,100,
11:42:26,15.5625,1800,
11:42:28,15.57,1100,
11:42:32,15.575,200,
11:42:34,15.5783,110,
11:42:43,15.57,100,
11:42:43,15.57,450,
11:42:45,15.56,800,
11:42:45,15.56,100,
11:42:45,15.555,1000,
11:42:46,15.551,100,
11:42:48,15.559,100,
11:42:48,15.559,100,
11:42:49,15.5584,1000,
11:42:50,15.5516,100,
11:42:56,15.56,500,
11:42:56,15.56,100,
11:43:00,15.5699,2000,
11:43:05,15.5601,2100,
11:43:05,15.57,1300,
11:43:05,15.57,100,
11:43:17,15.57,200,
11:43:18,15.57,200,
11:43:18,15.57,100,
11:43:30,15.56,100,
11:43:30,15.57,600,
11:43:30,15.57,3000,
11:43:30,15.57,100,
11:43:30,15.57,1300,
11:43:30,15.57,186,
11:43:30,15.57,100,
11:43:30,15.57,100,
11:43:30,15.57,841,
11:43:32,15.568,1000,
11:43:47,15.565,200,
11:43:49,15.57,100,
11:43:53,15.561,200,
11:43:56,15.56,100,
11:43:56,15.56,1100,
11:43:56,15.56,2500,
11:43:56,15.56,1100,
11:43:56,15.56,100,
11:43:56,15.56,1000,
11:43:59,15.5503,500,
11:44:03,15.5501,1000,
11:44:06,15.552,2000,
11:44:07,15.55,200,
11:44:08,15.54,100,
11:44:08,15.54,700,
11:44:09,15.54,3000,
11:44:09,15.54,100,
11:44:09,15.54,200,
11:44:11,15.53,900,
11:44:16,15.54,200,
11:44:16,15.54,100,
11:44:20,15.541,300,
11:44:23,15.54,8000,
11:44:25,15.54,10000,
11:44:26,15.55,1900,
11:44:26,15.55,100,
11:44:26,15.55,100,
11:44:26,15.55,100,
11:44:26,15.55,500,
11:44:26,15.55,100,
11:44:30,15.55,100,
11:44:33,15.545,200,
11:44:36,15.5401,5000,
11:44:39,15.55,200,
11:44:39,15.55,500,
11:44:40,15.551,800,
11:44:41,15.5475,2500,
11:44:42,15.55,100,
11:44:49,15.55,200,
11:45:00,15.55,100,
11:45:00,15.55,100,
11:45:01,15.56,100,
11:45:01,15.56,299,
11:45:02,15.56,100,
11:45:02,15.56,100,
11:45:02,15.56,100,
11:45:02,15.56,100,
11:45:05,15.56,100,
11:45:05,15.56,100,
11:45:05,15.555,8600,
11:45:08,15.55,1800,
11:45:08,15.55,100,
11:45:08,15.55,200,
11:45:08,15.558,500,
11:45:09,15.545,2000,
11:45:15,15.55,150,
11:45:23,15.548,1500,
11:45:35,15.54,100,
11:45:35,15.54,100,
11:45:38,15.5383,100,
11:45:39,15.53,999,
11:45:39,15.53,700,
11:45:39,15.53,100,
11:45:39,15.53,100,
11:45:39,15.53,100,
11:45:39,15.52,2100,
11:45:41,15.5299,100,
11:45:53,15.528,500,
11:45:54,15.52,100,
11:45:54,15.52,100,
11:45:56,15.51,1500,
11:45:57,15.52,100,
11:45:57,15.52,100,
11:45:57,15.52,1200,
11:45:58,15.52,1600,
11:46:00,15.52,100,
11:46:00,15.52,599,
11:46:00,15.52,100,
11:46:01,15.52,100,
11:46:05,15.51,100,
11:46:05,15.51,100,
11:46:05,15.5101,100,
11:46:08,15.51,450,
11:46:13,15.5113,3400,
11:46:18,15.51,15000,
11:46:25,15.52,100,
11:46:25,15.52,100,
11:46:35,15.5217,1000,
11:46:47,15.52,500,
11:46:54,15.521,700,
11:46:59,15.525,1200,
11:47:03,15.52,100,
11:47:09,15.52,100,
11:47:09,15.52,200,
11:47:16,15.52,100,
11:47:22,15.53,100,
11:47:22,15.53,100,
11:47:28,15.521,100,
11:47:34,15.5216,400,
11:47:41,15.52,100,
11:47:43,15.52,100,
11:47:44,15.52,100,
11:47:51,15.52,100,
11:47:59,15.512,1500,
11:48:00,15.52,300,
11:48:00,15.53,100,
11:48:22,15.54,1482,
11:48:22,15.54,200,
11:48:22,15.54,400,
11:48:22,15.54,100,
11:48:24,15.54,100,
11:48:24,15.54,200,
11:48:24,15.53,200,
11:48:29,15.53,200,
11:48:33,15.522,3850,
11:48:34,15.52,600,
11:48:34,15.52,200,
11:48:34,15.52,950,
11:48:34,15.52,902,
11:48:34,15.52,100,
11:48:36,15.53,100,
11:48:36,15.53,1100,
11:48:38,15.53,100,
11:48:43,15.53,100,
11:48:46,15.53,100,
11:48:56,15.5384,100,
11:49:01,15.54,100,
11:49:01,15.55,200,
11:49:01,15.55,100,
11:49:21,15.54,200,
11:49:21,15.54,100,
11:49:29,15.52,100,
11:49:32,15.53,200,
11:49:42,15.53,1200,
11:49:42,15.53,200,
11:49:42,15.53,200,
11:49:46,15.53,100,
11:49:53,15.53,100,
11:49:55,15.53,199,
11:50:00,15.54,100,
11:50:00,15.54,100,
11:50:10,15.54,100,
11:50:10,15.54,100,
11:50:18,15.54,200,
11:50:18,15.54,600,
11:50:18,15.54,1100,
11:50:18,15.53,100,
11:50:44,15.54,200,
11:50:44,15.54,500,
11:50:45,15.55,500,
11:50:45,15.55,600,
11:50:45,15.55,100,
11:50:45,15.55,900,
11:50:45,15.55,400,
11:50:45,15.55,100,
11:50:45,15.55,100,
11:50:57,15.55,100,
11:51:06,15.54,600,
11:51:06,15.54,100,
11:51:06,15.55,100,
11:51:06,15.55,100,
11:51:06,15.55,100,
11:51:06,15.55,100,
11:51:06,15.55,100,
11:51:26,15.5499,500,
11:51:32,15.535,500,
11:51:38,15.54,100,
11:51:48,15.55,100,
11:51:55,15.5499,5000,
11:51:59,15.552,500,
11:52:09,15.558,1000,
11:52:10,15.55,100,
11:52:17,15.55,100,
11:52:20,15.55,100,
11:52:21,15.54,200,
11:52:22,15.55,100,
11:52:22,15.55,1600,
11:52:24,15.549,1700,
11:52:26,15.55,29400,
11:52:28,15.5499,1000,
11:52:44,15.54,400,
11:52:44,15.54,25000,
11:52:48,15.532,500,
11:52:49,15.539,300,
11:52:53,15.5399,2000,
11:53:02,15.53,303,
11:53:10,15.53,1100,
11:53:14,15.53,100,
11:53:17,15.54,21671,
11:53:20,15.53,100,
11:53:23,15.53,100,
11:53:43,15.52,200,
11:53:54,15.512,1000,
11:53:55,15.51,500,
11:53:55,15.51,300,
11:53:55,15.51,100,
11:53:55,15.50,800,
11:53:59,15.51,100,
11:53:59,15.51,100,
11:53:59,15.51,100,
11:54:00,15.51,100,
11:54:00,15.51,100,
11:54:00,15.51,100,
11:54:00,15.51,100,
11:54:02,15.5184,1000,
11:54:04,15.52,375,
11:54:12,15.51,100,
11:54:30,15.50,200,
11:54:30,15.495,2700,
11:54:30,15.4908,4500,
11:54:32,15.5013,228,
11:54:34,15.50,200,
11:54:34,15.50,100,
11:54:36,15.51,200,
11:54:36,15.51,200,
11:54:36,15.51,200,
11:54:39,15.51,5000,
11:54:39,15.515,1000,
11:54:51,15.513,400,
11:55:05,15.52,100,
11:55:05,15.52,1100,
11:55:15,15.52,100,
11:55:15,15.52,200,
11:55:30,15.52,100,
11:55:41,15.52,200,
11:55:41,15.52,800,
11:55:54,15.513,100,
11:56:08,15.52,100,
11:56:16,15.53,100,
11:56:31,15.53,100,
11:56:35,15.52,100,
11:57:07,15.515,500,
11:57:14,15.52,100,
11:57:18,15.52,100,
11:57:24,15.52,100,
11:57:27,15.522,500,
11:57:36,15.528,1000,
11:58:07,15.5399,2000,
11:58:12,15.5316,300,
11:58:19,15.54,100,
11:58:20,15.54,100,
11:58:27,15.54,500,
11:58:28,15.54,100,
11:58:37,15.54,100,
11:59:01,15.5496,325,
11:59:05,15.545,100,
11:59:27,15.54,200,
11:59:27,15.54,100,
11:59:31,15.5401,500,
11:59:34,15.54,4000,
11:59:51,15.52,100,
11:59:51,15.52,302,
11:59:51,15.52,1100,
11:59:52,15.52,100,
11:59:52,15.52,900,
12:00:13,15.52,100,
12:00:15,15.53,100,
12:00:16,15.53,1900,
12:00:16,15.53,300,
12:00:23,15.54,1900,
12:00:24,15.54,100,
12:00:32,15.5401,595,
12:00:36,15.55,300,
12:00:36,15.5499,4500,
12:00:43,15.55,300,
12:00:44,15.5501,600,
12:00:46,15.5501,5000,
12:00:51,15.55,400,
12:00:55,15.55,200,
12:01:03,15.54,200,
12:01:09,15.545,500,
12:01:22,15.54,100,
12:01:22,15.54,225,
12:01:22,15.54,225,
12:01:29,15.54,100,
12:01:29,15.54,150,
12:01:29,15.54,150,
12:01:30,15.53,400,
12:01:30,15.53,500,
12:01:30,15.53,100,
12:01:30,15.53,125,
12:01:30,15.52,125,
12:01:31,15.52,1100,
12:01:31,15.52,200,
12:01:42,15.52,367,
12:01:42,15.52,200,
12:01:42,15.52,200,
12:01:42,15.511,500,
12:01:42,15.53,100,
12:01:42,15.53,180,
12:01:42,15.53,180,
12:02:03,15.527,110,
12:02:07,15.52,200,
12:02:09,15.52,100,
12:02:15,15.52,100,
12:02:26,15.53,100,
12:02:27,15.53,100,
12:02:27,15.53,455,
12:02:27,15.52,200,
12:02:37,15.5199,350,
12:02:45,15.512,600,
12:02:48,15.51,400,
12:02:48,15.5125,2200,
12:02:52,15.50,500,
12:02:54,15.50,3000,
12:02:57,15.502,500,
12:03:09,15.5016,1500,
12:03:13,15.50,100,
12:03:15,15.49,100,
12:03:15,15.485,1400,
12:03:15,15.49,200,
12:03:16,15.495,250,
12:03:19,15.49,2000,
12:03:20,15.49,1800,
12:03:22,15.4901,2000,
12:03:25,15.49,100,
12:03:32,15.48,1300,
12:03:35,15.49,100,
12:03:35,15.49,500,
12:03:38,15.50,200,
12:03:39,15.50,2600,
12:03:55,15.49,200,
12:04:09,15.482,1000,
12:04:11,15.49,200,
12:04:15,15.482,500,
12:04:33,15.49,200,
12:04:54,15.495,700,
12:04:57,15.50,600,
12:04:57,15.50,200,
12:04:57,15.50,1100,
12:05:08,15.51,200,
12:05:10,15.51,1500,
12:05:10,15.51,600,
12:05:31,15.512,350,
12:05:39,15.51,200,
12:05:40,15.5086,500,
12:06:13,15.51,400,
12:06:13,15.51,100,
12:06:35,15.505,300,
12:06:40,15.51,100,
12:06:40,15.51,200,
12:07:00,15.52,400,
12:07:00,15.52,500,
12:07:07,15.52,200,
12:07:11,15.52,100,
12:07:11,15.52,8600,
12:07:13,15.52,300,
12:07:13,15.52,100,
12:07:19,15.51,200,
12:07:19,15.51,500,
12:07:25,15.51,17800,
12:07:37,15.50,200,
12:07:43,15.49,200,
12:07:43,15.493,150,
12:07:47,15.48,1000,
12:07:47,15.49,100,
12:07:47,15.49,100,
12:07:52,15.498,2100,
12:07:55,15.50,166,
12:07:55,15.50,167,
12:07:55,15.50,167,
12:07:57,15.49,200,
12:07:59,15.48,100,
12:08:03,15.47,600,
12:08:03,15.4701,200,
12:08:03,15.47,100,
12:08:04,15.472,1000,
12:08:07,15.472,1000,
12:08:13,15.4725,400,
12:08:16,15.472,1000,
12:08:31,15.48,100,
12:08:31,15.48,600,
12:08:31,15.48,100,
12:08:41,15.4899,100,
12:08:49,15.48,1868,
12:08:52,15.49,100,
12:08:52,15.49,100,
12:09:19,15.4912,1981,
12:09:25,15.50,180,
12:09:34,15.497,100,
12:09:38,15.485,300,
12:09:47,15.49,200,
12:09:52,15.482,663,
12:10:03,15.50,100,
12:10:03,15.50,200,
12:10:10,15.50,100,
12:10:21,15.4938,100,
12:10:55,15.48,200,
12:10:56,15.48,500,
12:10:56,15.48,100,
12:10:56,15.48,200,
12:10:58,15.4875,2500,
12:11:06,15.48,200,
12:11:08,15.48,200,
12:11:11,15.485,700,
12:11:22,15.4784,200,
12:11:26,15.48,200,
12:11:31,15.48,100,
12:11:31,15.48,200,
12:11:34,15.48,300,
12:11:39,15.48,1000,
12:11:43,15.48,200,
12:11:43,15.479,100,
12:11:55,15.4825,3200,
12:11:56,15.49,100,
12:12:01,15.4925,2500,
12:12:13,15.4975,2500,
12:12:17,15.50,300,
12:12:25,15.50,100,
12:12:29,15.5062,500,
12:12:40,15.52,1000,
12:12:45,15.51,200,
12:12:46,15.517,400,
12:12:54,15.5001,245,
12:13:10,15.50,100,
12:13:28,15.50,100,
12:13:28,15.50,199,
12:13:28,15.50,100,
12:13:41,15.50,200,
12:13:58,15.50,198,
12:14:10,15.508,1000,
12:14:37,15.508,800,
12:14:38,15.50,167,
12:14:52,15.503,123,
12:14:55,15.51,100,
12:14:55,15.51,100,
12:14:55,15.501,300,
12:15:29,15.518,400,
12:15:42,15.52,200,
12:15:58,15.53,100,
12:16:08,15.53,200,
12:16:13,15.52,100,
12:16:14,15.52,1000,
12:16:32,15.52,100,
12:16:32,15.52,200,
12:16:55,15.525,1500,
12:17:16,15.53,10000,
12:17:25,15.53,100,
12:17:25,15.53,1000,
12:17:42,15.54,100,
12:18:04,15.539,2000,
12:18:09,15.53,100,
12:18:10,15.54,143,
12:18:10,15.54,143,
12:18:10,15.54,143,
12:18:19,15.535,1287,
12:18:39,15.53,200,
12:18:39,15.53,100,
12:18:52,15.53,100,
12:19:17,15.5299,1450,
12:19:23,15.53,100,
12:19:30,15.535,500,
12:19:37,15.535,1100,
12:19:38,15.532,143,
12:19:50,15.54,23000,
12:19:56,15.55,565,
12:19:56,15.55,500,
12:20:14,15.55,100,
12:20:15,15.5499,4000,
12:20:20,15.55,165,
12:20:20,15.55,335,
12:20:26,15.54,200,
12:20:27,15.53,100,
12:20:48,15.53,100,
12:20:48,15.53,200,
12:20:53,15.54,15631,
12:21:48,15.54,200,
12:21:48,15.54,400,
12:21:48,15.54,200,
12:21:52,15.53,200,
12:21:54,15.525,1300,
12:21:54,15.521,1500,
12:21:57,15.53,100,
12:21:57,15.53,200,
12:22:16,15.5301,100,
12:22:44,15.54,100,
12:22:49,15.55,700,
12:22:58,15.56,1200,
12:22:59,15.55,100,
12:22:59,15.55,200,
12:22:59,15.559,1000,
12:23:04,15.55,100,
12:23:09,15.55,100,
12:23:09,15.55,600,
12:23:09,15.55,100,
12:23:15,15.55,1000,
12:23:15,15.55,1000,
12:23:21,15.55,100,
12:23:21,15.55,100,
12:23:41,15.56,200,
12:23:41,15.56,100,
12:23:44,15.558,1850,
12:24:01,15.55,100,
12:24:01,15.55,200,
12:24:32,15.552,1000,
12:24:54,15.56,100,
12:24:58,15.5599,100,
12:25:00,15.56,100,
12:25:00,15.56,200,
12:25:00,15.56,100,
12:25:04,15.55,300,
12:25:04,15.56,200,
12:25:23,15.5425,2500,
12:25:32,15.542,500,
12:25:37,15.545,700,
12:25:39,15.55,100,
12:25:51,15.55,100,
12:25:51,15.55,100,
12:26:00,15.55,100,
12:26:05,15.553,200,
12:26:20,15.548,1000,
12:26:47,15.545,200,
12:26:50,15.5401,3000,
12:27:03,15.53,500,
12:27:09,15.53,100,
12:27:09,15.53,200,
12:27:16,15.5325,500,
12:27:48,15.54,100,
12:27:54,15.535,100,
12:28:05,15.5384,200,
12:28:17,15.54,436,
12:28:17,15.54,100,
12:28:17,15.54,1100,
12:28:38,15.548,100,
12:28:48,15.55,1100,
12:28:50,15.55,1497,
12:29:07,15.5584,1000,
12:29:27,15.55,100,
12:29:30,15.5401,5000,
12:29:37,15.54,2000,
12:29:41,15.55,100,
12:30:03,15.55,200,
12:30:21,15.55,200,
12:30:48,15.55,200,
12:30:48,15.55,100,
12:31:09,15.557,300,
12:31:35,15.55,200,
12:31:46,15.54,200,
12:31:46,15.53,500,
12:32:00,15.52,100,
12:32:00,15.52,100,
12:32:02,15.521,500,
12:32:02,15.521,100,
12:32:11,15.511,2500,
12:32:21,15.5121,200,
12:32:38,15.512,1000,
12:32:41,15.5125,500,
12:32:47,15.52,200,
12:32:47,15.52,500,
12:32:47,15.52,100,
12:32:47,15.52,100,
12:32:47,15.52,200,
12:32:48,15.52,100,
12:32:48,15.52,100,
12:32:50,15.525,500,
12:32:56,15.522,500,
12:33:04,15.5245,500,
12:33:14,15.521,100,
12:33:18,15.53,400,
12:33:18,15.53,100,
12:33:18,15.53,100,
12:33:34,15.53,200,
12:33:34,15.53,100,
12:33:45,15.53,103,
12:33:58,15.525,100,
12:34:04,15.52,200,
12:34:10,15.51,200,
12:34:11,15.51,1100,
12:34:15,15.51,700,
12:34:15,15.51,200,
12:34:15,15.51,1100,
12:34:15,15.52,500,
12:34:15,15.52,200,
12:34:15,15.52,600,
12:34:15,15.52,200,
12:34:19,15.52,226,
12:34:24,15.5199,250,
12:34:25,15.52,1100,
12:34:25,15.52,1000,
12:34:25,15.52,2000,
12:34:25,15.52,1100,
12:34:25,15.52,900,
12:34:25,15.52,100,
12:34:25,15.52,500,
12:34:59,15.5299,100,
12:35:07,15.52,1100,
12:35:13,15.52,200,
12:35:20,15.5016,100,
12:35:26,15.51,800,
12:35:26,15.51,574,
12:35:34,15.51,700,
12:35:34,15.51,100,
12:35:34,15.51,1100,
12:35:34,15.51,100,
12:35:34,15.51,100,
12:35:34,15.51,2200,
12:35:44,15.51,800,
12:35:44,15.51,397,
12:35:50,15.505,150,
12:35:58,15.51,100,
12:36:00,15.52,200,
12:36:01,15.52,200,
12:36:36,15.518,200,
12:36:43,15.52,100,
12:36:49,15.521,100,
12:36:58,15.5208,500,
12:37:14,15.5292,500,
12:37:14,15.53,200,
12:37:20,15.5316,138,
12:37:29,15.54,100,
12:37:29,15.54,200,
12:37:29,15.54,100,
12:37:29,15.54,1600,
12:37:50,15.54,100,
12:37:55,15.5316,500,
12:37:58,15.53,200,
12:37:58,15.53,400,
12:38:01,15.53,100,
12:38:01,15.53,150,
12:38:07,15.53,100,
12:38:15,15.54,100,
12:38:15,15.54,200,
12:38:29,15.54,200,
12:38:34,15.54,100,
12:38:34,15.54,100,
12:39:08,15.5399,100,
12:39:10,15.53,200,
12:39:10,15.53,100,
12:39:13,15.53,100,
12:39:13,15.53,200,
12:39:57,15.52,200,
12:40:15,15.52,100,
12:40:36,15.5201,300,
12:40:40,15.52,1000,
12:40:50,15.53,200,
12:40:57,15.522,600,
12:40:58,15.53,100,
12:42:14,15.5169,3000,
12:42:16,15.52,900,
12:42:16,15.52,1000,
12:42:26,15.5299,6000,
12:42:37,15.5269,3000,
12:42:54,15.5216,450,
12:42:57,15.52,100,
12:43:08,15.5199,3000,
12:43:10,15.5108,2000,
12:43:32,15.52,160,
12:43:32,15.52,100,
12:43:32,15.52,200,
12:43:32,15.52,200,
12:43:37,15.515,100,
12:43:50,15.5108,2500,
12:44:00,15.51,1000,
12:44:30,15.52,1000,
12:44:47,15.54,1416,
12:44:47,15.54,500,
12:44:51,15.535,100,
12:44:55,15.54,100,
12:45:01,15.531,1000,
12:45:03,15.531,3000,
12:45:03,15.54,1000,
12:45:06,15.54,100,
12:45:06,15.54,600,
12:45:17,15.55,100,
12:45:17,15.55,100,
12:45:17,15.55,233,
12:45:17,15.55,233,
12:45:17,15.55,1100,
12:45:17,15.55,8000,
12:45:17,15.55,500,
12:45:20,15.545,250,
12:45:20,15.54,100,
12:45:20,15.54,4800,
12:45:22,15.54,100,
12:45:38,15.5301,200,
12:45:48,15.5399,100,
12:45:57,15.54,100,
12:45:58,15.55,200,
12:45:59,15.56,100,
12:45:59,15.56,278,
12:45:59,15.56,278,
12:45:59,15.56,1100,
12:45:59,15.56,100,
12:46:00,15.55,1100,
12:46:00,15.55,100,
12:46:02,15.56,800,
12:46:04,15.55,100,
12:46:12,15.55,100,
12:46:14,15.55,100,
12:46:27,15.5508,1500,
12:46:31,15.5501,1000,
12:46:50,15.56,100,
12:46:50,15.56,1100,
12:46:50,15.56,700,
12:46:50,15.56,700,
12:46:50,15.56,100,
12:46:50,15.56,100,
12:46:52,15.56,1400,
12:47:00,15.5599,2000,
12:47:10,15.5599,1000,
12:47:11,15.551,500,
12:47:16,15.5508,1000,
12:47:18,15.558,400,
12:47:24,15.551,300,
12:47:27,15.5501,1000,
12:47:31,15.558,600,
12:47:36,15.558,1000,
12:47:42,15.558,650,
12:47:44,15.56,100,
12:47:45,15.5569,3000,
12:47:49,15.56,100,
12:47:50,15.555,1000,
12:47:53,15.5584,500,
12:47:54,15.556,3000,
12:48:00,15.56,493,
12:48:00,15.559,2000,
12:48:02,15.5593,3000,
12:48:03,15.56,100,
12:48:03,15.56,100,
12:48:03,15.56,100,
12:48:04,15.56,1100,
12:48:05,15.57,3100,
12:48:09,15.5699,6000,
12:48:09,15.5685,2500,
12:48:19,15.57,100,
12:48:19,15.57,3000,
12:48:21,15.561,1200,
12:48:24,15.57,100,
12:48:24,15.57,100,
12:48:24,15.57,1550,
12:48:24,15.57,318,
12:48:24,15.57,100,
12:48:24,15.57,250,
12:48:24,15.57,600,
12:48:24,15.57,1000,
12:48:24,15.57,200,
12:48:24,15.57,2000,
12:48:24,15.57,100,
12:48:24,15.57,3200,
12:48:25,15.57,100,
12:48:25,15.57,300,
12:48:25,15.57,702,
12:48:28,15.57,100,
12:48:28,15.57,100,
12:48:34,15.58,100,
12:48:34,15.58,3000,
12:48:40,15.58,1800,
12:48:45,15.58,100,
12:48:48,15.58,500,
12:48:49,15.58,100,
12:48:54,15.58,4000,
12:49:27,15.57,300,
12:49:27,15.57,200,
12:49:27,15.57,100,
12:49:27,15.5701,2200,
12:49:41,15.5601,1000,
12:49:58,15.57,100,
12:50:03,15.5625,2500,
12:50:25,15.5699,1000,
12:50:25,15.57,100,
12:50:34,15.5715,600,
12:50:34,15.571,2000,
12:50:38,15.5716,700,
12:50:52,15.57,100,
12:50:56,15.571,300,
12:51:00,15.57,100,
12:51:00,15.57,200,
12:51:00,15.57,100,
12:51:01,15.577,100,
12:51:05,15.57,100,
12:51:07,15.571,500,
12:51:14,15.57,1000,
12:51:29,15.57,100,
12:51:29,15.57,200,
12:51:35,15.565,300,
12:51:44,15.565,7500,
12:51:46,15.5625,2800,
12:51:48,15.57,1200,
12:51:52,15.5601,2500,
12:51:56,15.57,800,
12:51:56,15.57,400,
12:51:56,15.57,200,
12:52:01,15.5701,2500,
12:52:13,15.57,200,
12:52:18,15.5601,2500,
12:52:24,15.57,100,
12:52:33,15.5601,2500,
12:52:52,15.56,15000,
12:52:53,15.57,400,
12:52:53,15.57,800,
12:52:53,15.57,200,
12:52:53,15.57,1800,
12:53:01,15.58,500,
12:53:38,15.58,100,
12:53:44,15.57,100,
12:53:44,15.57,200,
12:53:44,15.57,100,
12:53:46,15.57,200,
12:53:56,15.5699,4000,
12:54:18,15.57,100,
12:54:25,15.562,2000,
12:54:38,15.5692,5000,
12:54:41,15.57,100,
12:54:41,15.57,100,
12:54:41,15.57,300,
12:55:09,15.5617,100,
12:55:12,15.5601,2000,
12:55:31,15.561,625,
12:55:34,15.5617,700,
12:55:52,15.57,180,
12:55:56,15.56,500,
12:56:02,15.56,150,
12:56:02,15.56,100,
12:56:06,15.56,100,
12:56:06,15.56,300,
12:56:10,15.5599,500,
12:56:28,15.569,150,
12:56:35,15.56,500,
12:56:46,15.5601,200,
12:57:05,15.56,200,
12:57:09,15.561,400,
12:57:26,15.57,100,
12:57:27,15.57,100,
12:57:41,15.565,330,
12:57:50,15.56,200,
12:57:50,15.56,100,
12:57:52,15.56,100,
12:57:54,15.55,200,
12:57:54,15.55,200,
12:57:54,15.54,1500,
12:57:54,15.55,200,
12:58:01,15.547,100,
12:58:13,15.55,100,
12:58:13,15.55,200,
12:58:21,15.5516,500,
12:58:23,15.5508,4800,
12:58:24,15.55,200,
12:58:24,15.55,200,
12:58:27,15.55,600,
12:58:53,15.55,100,
12:58:53,15.55,1700,
12:58:57,15.55,200,
12:58:57,15.55,100,
12:58:57,15.55,200,
12:58:57,15.55,200,
12:58:57,15.55,300,
12:58:57,15.55,200,
12:58:57,15.55,1100,
12:58:58,15.545,300,
12:58:58,15.54,800,
12:59:01,15.54,1900,
12:59:04,15.5401,1000,
12:59:04,15.545,300,
12:59:04,15.54,100,
12:59:04,15.54,100,
12:59:06,15.55,100,
12:59:06,15.55,1100,
12:59:09,15.545,1900,
12:59:14,15.545,400,
12:59:14,15.545,400,
12:59:14,15.54,100,
12:59:23,15.54,1900,
12:59:28,15.54,700,
12:59:33,15.54,500,
12:59:33,15.54,500,
12:59:36,15.55,1100,
12:59:36,15.55,1900,
12:59:36,15.55,3000,
12:59:36,15.55,600,
12:59:36,15.55,600,
12:59:36,15.55,2000,
12:59:36,15.55,900,
12:59:36,15.55,100,
12:59:36,15.55,100,
12:59:36,15.55,700,
12:59:36,15.55,900,
12:59:36,15.55,100,
12:59:36,15.55,200,
12:59:36,15.55,1000,
12:59:36,15.55,600,
12:59:36,15.55,800,
12:59:38,15.54,100,
12:59:41,15.54,100,
12:59:41,15.54,1200,
12:59:43,15.54,1500,
12:59:48,15.54,400,
12:59:48,15.54,600,
12:59:53,15.54,800,
12:59:53,15.54,100,
13:00:01,15.55,100,
13:00:01,15.55,100,
13:00:10,15.55,100,
13:00:10,15.542,1200,
13:00:23,15.56,100,
13:00:23,15.56,200,
13:00:25,15.56,300,
13:00:25,15.56,200,
13:00:25,15.56,100,
13:00:25,15.56,200,
13:00:39,15.565,200,
13:00:53,15.57,200,
13:00:59,15.57,200,
13:00:59,15.57,100,
13:01:13,15.57,3062,
13:01:13,15.569,338,
13:01:13,15.569,1000,
13:01:13,15.57,600,
13:01:22,15.56,600,
13:01:22,15.56,200,
13:01:43,15.5517,1000,
13:01:56,15.56,200,
13:01:58,15.568,200,
13:02:16,15.562,400,
13:02:22,15.5617,100,
13:02:30,15.57,100,
13:02:42,15.57,200,
13:02:45,15.5601,693,
13:03:01,15.57,300,
13:03:14,15.57,100,
13:03:17,15.58,500,
13:03:17,15.58,100,
13:03:17,15.58,100,
13:03:17,15.58,100,
13:03:17,15.575,4100,
13:03:38,15.5716,250,
13:03:49,15.571,100,
13:03:54,15.58,600,
13:03:54,15.58,400,
13:03:54,15.58,100,
13:03:56,15.58,300,
13:04:01,15.571,300,
13:04:03,15.571,100,
13:04:08,15.5799,1300,
13:04:17,15.5792,500,
13:04:24,15.58,535,
13:04:27,15.5801,700,
13:04:27,15.58,100,
13:04:55,15.5799,169,
13:05:02,15.571,140,
13:05:03,15.57,100,
13:05:28,15.57,100,
13:05:28,15.57,200,
13:06:03,15.57,100,
13:06:03,15.57,100,
13:06:20,15.571,1600,
13:06:23,15.57,100,
13:06:24,15.57,1100,
13:06:24,15.57,500,
13:06:24,15.57,100,
13:06:25,15.5616,500,
13:06:34,15.561,300,
13:06:56,15.58,1000,
13:07:47,15.58,10000,
13:08:03,15.5717,615,
13:08:48,15.58,200,
13:08:48,15.58,200,
13:08:54,15.5708,1000,
13:09:21,15.57,100,
13:09:24,15.57,200,
13:09:27,15.56,600,
13:09:29,15.56,700,
13:09:29,15.56,100,
13:09:29,15.56,900,
13:09:29,15.56,1300,
13:09:29,15.561,700,
13:09:53,15.5699,1000,
13:09:56,15.57,100,
13:09:56,15.57,1700,
13:10:05,15.58,200,
13:10:05,15.58,295,
13:10:09,15.59,200,
13:10:12,15.585,300,
13:10:26,15.59,301,
13:10:26,15.589,2199,
13:10:26,15.59,200,
13:10:33,15.59,100,
13:10:33,15.59,100,
13:10:34,15.59,100,
13:10:37,15.59,100,
13:10:49,15.589,2500,
13:11:05,15.585,200,
13:11:12,15.5984,500,
13:11:19,15.60,400,
13:11:19,15.60,665,
13:11:19,15.60,200,
13:11:19,15.60,1100,
13:11:21,15.5916,500,
13:11:29,15.59,410,
13:11:38,15.5999,5000,
13:11:40,15.5999,500,
13:11:56,15.60,1700,
13:11:59,15.60,200,
13:12:00,15.60,200,
13:12:00,15.60,103,
13:12:00,15.60,297,
13:12:00,15.60,1200,
13:12:03,15.60,200,
13:12:15,15.60,100,
13:12:21,15.60,1900,
13:12:34,15.60,100,
13:12:40,15.60,100,
13:12:45,15.60,500,
13:12:47,15.61,600,
13:12:47,15.61,200,
13:12:47,15.61,200,
13:12:47,15.61,100,
13:12:47,15.61,200,
13:12:48,15.6042,7500,
13:12:49,15.61,200,
13:12:49,15.61,100,
13:12:49,15.61,400,
13:12:49,15.61,100,
13:12:49,15.61,400,
13:12:49,15.615,1000,
13:12:50,15.62,250,
13:12:50,15.61,400,
13:12:51,15.6199,500,
13:12:51,15.61,150,
13:12:58,15.6101,1000,
13:13:14,15.6184,200,
13:13:18,15.62,100,
13:13:20,15.63,327,
13:13:20,15.62,100,
13:13:20,15.62,100,
13:13:20,15.6285,3691,
13:13:20,15.63,912,
13:13:30,15.61,100,
13:13:31,15.61,700,
13:13:31,15.61,135,
13:13:31,15.61,100,
13:13:37,15.61,100,
13:13:46,15.6084,288,
13:13:53,15.6025,3100,
13:13:55,15.61,100,
13:13:55,15.61,100,
13:13:56,15.61,100,
13:14:01,15.601,100,
13:14:12,15.60,200,
13:14:20,15.60,333,
13:14:20,15.60,334,
13:14:27,15.60,200,
13:14:27,15.60,1100,
13:14:27,15.60,100,
13:14:27,15.60,1100,
13:14:35,15.60,1069,
13:14:35,15.60,100,
13:14:35,15.60,100,
13:14:40,15.60,469,
13:14:40,15.60,200,
13:14:40,15.60,131,
13:14:40,15.60,200,
13:14:40,15.60,1000,
13:14:53,15.59,1000,
13:14:55,15.599,100,
13:14:55,15.60,100,
13:14:56,15.60,100,
13:14:56,15.60,100,
13:15:09,15.60,100,
13:15:10,15.60,300,
13:15:10,15.60,100,
13:15:10,15.60,100,
13:15:10,15.60,1000,
13:15:22,15.60,100,
13:15:30,15.60,100,
13:15:43,15.59,100,
13:15:55,15.59,100,
13:15:55,15.58,1000,
13:15:59,15.58,500,
13:16:00,15.58,100,
13:16:01,15.58,400,
13:16:01,15.58,500,
13:16:01,15.58,400,
13:16:01,15.5717,600,
13:16:01,15.571,400,
13:16:04,15.58,300,
13:16:04,15.58,500,
13:16:09,15.5801,2000,
13:16:11,15.58,202,
13:16:18,15.5884,1000,
13:16:33,15.581,300,
13:16:33,15.581,200,
13:16:38,15.581,2000,
13:16:39,15.581,700,
13:16:54,15.58,100,
13:17:01,15.5701,300,
13:17:08,15.58,200,
13:17:08,15.58,300,
13:17:08,15.58,100,
13:17:08,15.572,325,
13:17:31,15.5801,1000,
13:17:33,15.59,200,
13:17:45,15.5884,100,
13:18:07,15.5899,14900,
13:18:31,15.59,100,
13:18:31,15.59,100,
13:18:35,15.59,100,
13:18:47,15.58,100,
13:19:05,15.5899,500,
13:19:53,15.5801,1000,
13:20:02,15.58,500,
13:20:05,15.5801,500,
13:20:15,15.58,300,
13:20:41,15.58,2200,
13:20:46,15.57,100,
13:20:48,15.575,600,
13:20:51,15.57,100,
13:20:51,15.57,3200,
13:20:56,15.57,800,
13:20:56,15.57,100,
13:20:56,15.572,900,
13:21:00,15.571,100,
13:21:17,15.58,100,
13:21:17,15.58,100,
13:21:35,15.58,100,
13:21:42,15.57,100,
13:21:54,15.58,100,
13:22:07,15.5801,1000,
13:22:43,15.5975,2000,
13:23:26,15.60,250,
13:23:40,15.5984,1000,
13:24:35,15.60,600,
13:24:35,15.60,100,
13:24:35,15.60,100,
13:24:45,15.60,200,
13:24:45,15.60,2000,
13:25:24,15.5999,300,
13:26:01,15.5978,500,
13:26:06,15.60,1000,
13:26:29,15.60,100,
13:27:04,15.6084,750,
13:27:27,15.608,1500,
13:27:29,15.61,150,
13:27:43,15.61,200,
13:27:45,15.608,2000,
13:27:59,15.605,400,
13:28:07,15.6099,300,
13:28:07,15.61,100,
13:28:07,15.61,1100,
13:28:23,15.611,1500,
13:28:24,15.612,2000,
13:28:52,15.615,2474,
13:29:03,15.62,1000,
13:29:34,15.61,600,
13:29:39,15.611,500,
13:29:51,15.60,100,
13:29:52,15.6001,200,
13:29:52,15.60,100,
13:29:52,15.60,200,
13:29:52,15.6008,600,
13:29:52,15.6008,400,
13:30:04,15.61,100,
13:30:05,15.60,800,
13:30:11,15.61,216,
13:30:11,15.61,100,
13:30:13,15.61,100,
13:30:15,15.6199,4000,
13:30:26,15.61,300,
13:30:48,15.601,200,
13:30:48,15.601,800,
13:30:48,15.60,1000,
13:31:10,15.60,100,
13:31:15,15.5938,112,
13:31:23,15.595,1000,
13:31:54,15.59,700,
13:31:55,15.60,100,
13:32:01,15.5916,500,
13:32:03,15.60,100,
13:32:03,15.60,218,
13:32:12,15.601,100,
13:32:24,15.6001,2000,
13:32:57,15.61,100,
13:32:57,15.61,200,
13:32:57,15.61,300,
13:33:00,15.61,100,
13:33:01,15.61,100,
13:33:01,15.6099,390,
13:33:03,15.6001,5000,
13:33:28,15.6001,100,
13:33:33,15.60,10000,
13:33:38,15.61,100,
13:33:38,15.61,100,
13:33:38,15.61,1100,
13:34:04,15.6192,4800,
13:34:14,15.61,600,
13:34:20,15.6017,1000,
13:34:24,15.60,100,
13:34:24,15.60,2200,
13:34:54,15.60,5800,
13:34:54,15.60,500,
13:34:54,15.60,100,
13:34:54,15.60,800,
13:35:06,15.60,200,
13:35:19,15.6004,930,
13:35:24,15.60,2400,
13:35:24,15.60,4800,
13:35:34,15.61,1782,
13:35:34,15.61,100,
13:35:34,15.61,200,
13:35:34,15.61,100,
13:35:34,15.62,100,
13:35:34,15.62,100,
13:35:34,15.62,100,
13:35:34,15.62,300,
13:35:34,15.61,2818,
13:35:43,15.61,200,
13:35:43,15.61,100,
13:35:43,15.61,100,
13:35:43,15.61,300,
13:35:48,15.61,2900,
13:36:04,15.605,500,
13:36:04,15.605,8000,
13:36:06,15.605,514,
13:36:15,15.6092,4800,
13:36:35,15.61,100,
13:36:35,15.61,100,
13:36:42,15.601,170,
13:36:45,15.6099,300,
13:36:50,15.60,8000,
13:36:50,15.60,100,
13:36:53,15.61,500,
13:37:03,15.609,7500,
13:37:20,15.61,100,
13:37:24,15.61,100,
13:37:35,15.62,200,
13:37:35,15.62,100,
13:37:35,15.62,250,
13:37:35,15.62,600,
13:37:35,15.62,165,
13:37:35,15.62,100,
13:37:35,15.62,100,
13:37:35,15.62,300,
13:37:35,15.63,600,
13:37:35,15.63,200,
13:37:35,15.63,100,
13:37:35,15.63,100,
13:37:35,15.63,100,
13:37:35,15.63,100,
13:37:35,15.63,100,
13:37:35,15.63,200,
13:37:35,15.62,1000,
13:37:35,15.62,1000,
13:37:35,15.62,100,
13:37:35,15.63,100,
13:37:35,15.63,100,
13:37:36,15.62,100,
13:37:36,15.62,100,
13:37:38,15.62,100,
13:37:40,15.63,200,
13:37:43,15.639,2000,
13:37:49,15.63,500,
13:37:52,15.63,384,
13:37:52,15.63,200,
13:37:52,15.63,1300,
13:37:52,15.63,1000,
13:38:10,15.625,510,
13:38:23,15.63,384,
13:38:23,15.63,100,
13:38:24,15.64,100,
13:38:26,15.64,323,
13:38:31,15.639,500,
13:38:32,15.6399,399,
13:38:33,15.65,400,
13:38:34,15.65,145,
13:38:34,15.65,2000,
13:38:37,15.65,100,
13:38:37,15.6499,100,
13:38:37,15.6499,3320,
13:38:40,15.65,1868,
13:38:40,15.65,400,
13:38:40,15.65,200,
13:38:40,15.65,111,
13:38:40,15.65,100,
13:38:42,15.6401,1000,
13:38:48,15.648,500,
13:39:00,15.65,400,
13:39:00,15.65,100,
13:39:00,15.65,1400,
13:39:00,15.65,100,
13:39:00,15.65,145,
13:39:00,15.65,500,
13:39:00,15.65,355,
13:39:07,15.64,200,
13:39:08,15.6301,500,
13:39:08,15.63,300,
13:39:08,15.63,2901,
13:39:12,15.6299,600,
13:39:14,15.63,700,
13:39:22,15.6299,1000,
13:39:33,15.625,675,
13:39:38,15.61,300,
13:39:38,15.62,100,
13:39:38,15.62,1000,
13:39:53,15.62,100,
13:39:53,15.62,500,
13:39:58,15.612,1000,
13:40:22,15.611,400,
13:40:41,15.62,200,
13:40:41,15.6201,1200,
13:40:41,15.62,1100,
13:40:45,15.6217,400,
13:40:52,15.621,5000,
13:40:58,15.621,300,
13:41:01,15.621,300,
13:41:06,15.6299,1170,
13:41:08,15.63,1900,
13:41:25,15.62,300,
13:41:40,15.612,500,
13:41:43,15.62,122,
13:41:43,15.612,400,
13:41:53,15.63,100,
13:41:53,15.63,1400,
13:41:53,15.63,600,
13:42:01,15.6383,166,
13:42:13,15.632,600,
13:42:13,15.632,400,
13:42:15,15.64,500,
13:42:15,15.64,200,
13:42:16,15.6301,2500,
13:42:20,15.64,1600,
13:42:27,15.64,400,
13:42:27,15.64,100,
13:42:27,15.64,100,
13:42:28,15.64,200,
13:42:48,15.65,1400,
13:42:48,15.65,600,
13:42:59,15.64,200,
13:42:59,15.64,200,
13:42:59,15.64,200,
13:42:59,15.64,100,
13:43:00,15.64,200,
13:43:01,15.64,200,
13:43:10,15.649,300,
13:43:12,15.64,400,
13:43:19,15.64,1000,
13:43:20,15.64,1000,
13:43:21,15.645,200,
13:43:24,15.64,200,
13:43:24,15.64,200,
13:43:24,15.64,1100,
13:43:26,15.6316,500,
13:43:28,15.64,100,
13:43:34,15.6399,200,
13:43:48,15.6301,600,
13:44:04,15.631,700,
13:44:15,15.64,1400,
13:44:19,15.65,500,
13:44:38,15.6499,4800,
13:44:58,15.65,100,
13:45:01,15.641,1800,
13:45:40,15.6434,300,
13:45:57,15.65,700,
13:45:57,15.65,100,
13:45:57,15.65,100,
13:45:57,15.65,500,
13:46:02,15.66,100,
13:46:07,15.66,700,
13:46:11,15.66,100,
13:46:11,15.66,100,
13:46:11,15.66,100,
13:46:34,15.65,200,
13:46:34,15.65,200,
13:46:34,15.65,445,
13:46:34,15.65,100,
13:46:34,15.65,3000,
13:46:34,15.65,300,
13:46:34,15.65,1100,
13:46:35,15.6499,4500,
13:46:43,15.64,100,
13:46:43,15.64,100,
13:46:43,15.64,1100,
13:46:43,15.64,600,
13:46:45,15.63,2000,
13:46:55,15.64,100,
13:46:58,15.639,2000,
13:47:00,15.64,100,
13:47:00,15.64,319,
13:47:06,15.6497,100,
13:47:19,15.642,1500,
13:47:45,15.65,100,
13:48:04,15.648,160,
13:48:25,15.648,1000,
13:48:40,15.65,100,
13:48:40,15.6499,100,
13:48:40,15.6599,200,
13:48:49,15.65,200,
13:48:52,15.645,200,
13:49:09,15.6492,8200,
13:49:20,15.64,100,
13:49:20,15.64,200,
13:49:36,15.64,100,
13:49:47,15.6399,1400,
13:50:14,15.635,200,
13:50:23,15.6301,2000,
13:50:42,15.64,600,
13:50:42,15.64,300,
13:50:42,15.64,200,
13:50:42,15.64,100,
13:50:42,15.64,600,
13:50:46,15.632,600,
13:50:50,15.63,200,
13:50:53,15.63,165,
13:50:53,15.63,1300,
13:50:53,15.63,200,
13:50:54,15.63,135,
13:50:54,15.63,200,
13:50:54,15.62,1000,
13:50:56,15.6201,1000,
13:51:02,15.63,200,
13:51:02,15.63,800,
13:51:14,15.63,100,
13:51:16,15.622,200,
13:51:16,15.631,100,
13:51:22,15.6208,400,
13:51:27,15.6292,4000,
13:51:31,15.621,300,
13:51:53,15.6201,1000,
13:52:15,15.6201,1300,
13:52:20,15.6201,500,
13:52:30,15.6201,500,
13:52:41,15.63,100,
13:52:41,15.63,199,
13:52:41,15.63,300,
13:52:50,15.64,100,
13:52:54,15.635,300,
13:52:55,15.64,14600,
13:53:12,15.63,100,
13:53:16,15.63,100,
13:53:19,15.62,200,
13:53:20,15.62,1200,
13:53:20,15.62,100,
13:53:28,15.62,300,
13:53:28,15.62,100,
13:53:28,15.62,200,
13:53:36,15.62,700,
13:54:11,15.6283,150,
13:54:44,15.625,1000,
13:54:56,15.6201,10000,
13:55:03,15.62,779,
13:55:03,15.62,200,
13:55:14,15.6199,2795,
13:55:14,15.62,200,
13:55:14,15.62,600,
13:55:14,15.62,100,
13:55:17,15.62,200,
13:55:17,15.6101,400,
13:55:32,15.619,2215,
13:55:36,15.61,100,
13:55:37,15.615,1000,
13:56:01,15.6108,1000,
13:56:02,15.62,100,
13:56:02,15.62,200,
13:56:05,15.62,400,
13:56:12,15.61,1200,
13:56:12,15.61,200,
13:56:12,15.61,100,
13:56:23,15.606,6000,
13:56:24,15.61,300,
13:56:28,15.605,400,
13:56:36,15.6095,3000,
13:56:45,15.60,100,
13:56:45,15.60,1000,
13:56:45,15.59,1100,
13:56:49,15.5978,500,
13:56:50,15.59,2000,
13:56:51,15.59,200,
13:56:53,15.599,345,
13:56:55,15.58,200,
13:56:58,15.58,100,
13:56:58,15.58,100,
13:56:58,15.58,100,
13:56:58,15.59,200,
13:56:59,15.582,300,
13:56:59,15.582,800,
13:57:02,15.581,2400,
13:57:03,15.59,200,
13:57:06,15.59,200,
13:57:06,15.59,100,
13:57:08,15.5972,6000,
13:57:17,15.592,500,
13:57:20,15.592,500,
13:57:30,15.5999,500,
13:57:39,15.5801,2000,
13:58:02,15.589,2500,
13:58:02,15.58,200,
13:58:02,15.58,100,
13:58:02,15.58,1000,
13:58:02,15.58,1100,
13:58:04,15.57,1000,
13:58:04,15.57,1100,
13:58:04,15.57,1200,
13:58:04,15.57,100,
13:58:05,15.5601,2000,
13:58:05,15.57,1000,
13:58:05,15.57,300,
13:58:06,15.57,200,
13:58:06,15.57,1396,
13:58:06,15.57,1196,
13:58:06,15.57,300,
13:58:07,15.58,100,
13:58:07,15.58,100,
13:58:07,15.581,2400,
13:58:07,15.581,1200,
13:58:07,15.585,1287,
13:58:08,15.58,900,
13:58:13,15.5801,100,
13:58:13,15.58,100,
13:58:22,15.58,1600,
13:58:22,15.58,1600,
13:58:22,15.58,200,
13:58:22,15.58,400,
13:58:22,15.58,300,
13:58:22,15.58,1200,
13:58:22,15.58,1200,
13:58:26,15.5817,380,
13:58:31,15.58,100,
13:58:34,15.59,600,
13:58:36,15.58,383,
13:58:49,15.56,200,
13:58:49,15.56,100,
13:58:51,15.57,200,
13:58:58,15.5716,1000,
13:59:04,15.58,100,
13:59:05,15.59,200,
13:59:07,15.5917,500,
13:59:17,15.59,200,
13:59:33,15.58,200,
13:59:58,15.57,200,
14:00:15,15.571,300,
14:00:17,15.58,200,
14:00:17,15.58,100,
14:00:17,15.58,100,
14:00:17,15.58,100,
14:00:23,15.5701,300,
14:00:31,15.5701,1000,
14:00:40,15.5717,220,
14:00:50,15.57,300,
14:00:50,15.57,200,
14:01:10,15.59,100,
14:01:10,15.59,100,
14:01:10,15.60,600,
14:01:10,15.59,100,
14:01:13,15.59,600,
14:01:15,15.59,200,
14:01:17,15.60,1000,
14:01:17,15.599,1000,
14:01:21,15.58,100,
14:01:30,15.58,100,
14:01:30,15.58,200,
14:01:30,15.58,100,
14:01:32,15.58,600,
14:01:37,15.578,1200,
14:01:40,15.58,100,
14:01:54,15.581,200,
14:01:58,15.59,1100,
14:01:59,15.59,200,
14:01:59,15.59,100,
14:02:13,15.59,100,
14:02:20,15.60,200,
14:02:20,15.599,200,
14:02:34,15.5901,500,
14:02:56,15.591,400,
14:02:56,15.591,400,
14:03:12,15.591,1000,
14:03:18,15.59,200,
14:03:31,15.59,100,
14:03:31,15.59,100,
14:04:06,15.58,100,
14:04:08,15.5725,2500,
14:04:26,15.57,100,
14:04:44,15.5699,1000,
14:05:01,15.57,1000,
14:05:01,15.58,130,
14:05:01,15.58,100,
14:05:01,15.58,227,
14:05:01,15.58,100,
14:05:11,15.5801,100,
14:05:35,15.58,100,
14:05:36,15.58,200,
14:05:36,15.58,100,
14:06:06,15.5808,2000,
14:06:14,15.5899,10000,
14:06:22,15.59,100,
14:06:22,15.59,100,
14:06:23,15.59,600,
14:06:23,15.59,600,
14:06:23,15.59,400,
14:06:24,15.59,200,
14:06:24,15.60,100,
14:06:38,15.589,3500,
14:06:46,15.58,100,
14:06:48,15.58,200,
14:06:54,15.58,1000,
14:06:54,15.58,200,
14:06:59,15.59,100,
14:06:59,15.5901,1000,
14:07:04,15.598,1000,
14:07:04,15.5985,800,
14:07:14,15.591,5000,
14:07:16,15.60,700,
14:07:16,15.60,100,
14:07:16,15.60,1200,
14:07:16,15.60,500,
14:07:16,15.60,100,
14:07:16,15.60,300,
14:07:16,15.60,100,
14:07:18,15.599,200,
14:07:20,15.595,300,
14:07:26,15.592,200,
14:07:35,15.5983,200,
14:07:53,15.6075,2000,
14:08:03,15.6092,5000,
14:08:23,15.60,100,
14:08:26,15.59,1100,
14:08:33,15.59,200,
14:08:33,15.59,100,
14:08:34,15.59,400,
14:08:42,15.59,200,
14:09:21,15.60,100,
14:09:29,15.60,200,
14:09:43,15.5983,100,
14:10:04,15.595,100,
14:10:06,15.5925,2500,
14:10:19,15.59,200,
14:10:24,15.59,200,
14:10:56,15.573,300,
14:11:05,15.58,200,
14:11:11,15.5817,1500,
14:11:17,15.5901,100,
14:11:29,15.59,200,
14:11:31,15.58,1500,
14:11:37,15.59,200,
14:11:52,15.60,200,
14:11:52,15.60,200,
14:11:57,15.5999,438,
14:12:08,15.5901,1000,
14:12:18,15.599,500,
14:12:18,15.598,500,
14:12:57,15.598,1000,
14:13:13,15.58,500,
14:13:13,15.58,600,
14:13:26,15.59,100,
14:13:26,15.59,900,
14:13:26,15.59,200,
14:13:35,15.59,200,
14:13:49,15.58,200,
14:13:56,15.58,100,
14:14:02,15.58,200,
14:14:02,15.58,100,
14:14:09,15.58,100,
14:14:20,15.5801,300,
14:14:45,15.5899,400,
14:14:49,15.59,200,
14:15:12,15.592,500,
14:15:47,15.60,200,
14:15:47,15.60,100,
14:15:47,15.60,886,
14:15:55,15.60,1000,
14:16:15,15.60,200,
14:16:25,15.59,200,
14:16:25,15.59,200,
14:16:58,15.59,100,
14:16:58,15.59,200,
14:16:58,15.59,900,
14:17:12,15.59,200,
14:17:24,15.598,500,
14:17:31,15.60,200,
14:17:35,15.60,200,
14:18:17,15.5962,500,
14:18:23,15.59,100,
14:18:48,15.582,650,
14:18:58,15.58,1000,
14:18:58,15.58,400,
14:18:58,15.58,1100,
14:19:22,15.59,500,
14:19:27,15.59,200,
14:19:43,15.5817,1000,
14:19:50,15.59,100,
14:20:24,15.585,1000,
14:20:35,15.5821,500,
14:21:00,15.58,20000,
14:21:10,15.5799,1200,
14:21:12,15.572,200,
14:21:13,15.572,300,
14:21:16,15.57,3000,
14:21:16,15.57,200,
14:21:17,15.56,300,
14:21:18,15.57,200,
14:21:18,15.57,100,
14:21:18,15.57,300,
14:21:18,15.57,2678,
14:21:22,15.578,300,
14:21:45,15.57,200,
14:21:47,15.5601,2000,
14:21:50,15.57,100,
14:21:50,15.57,300,
14:21:50,15.57,800,
14:21:50,15.57,200,
14:21:50,15.57,100,
14:21:50,15.57,100,
14:22:00,15.57,653,
14:22:00,15.57,1100,
14:22:00,15.57,327,
14:22:00,15.57,1200,
14:22:00,15.57,100,
14:22:09,15.56,15000,
14:22:09,15.57,100,
14:22:09,15.57,200,
14:22:20,15.57,7000,
14:22:30,15.57,200,
14:22:41,15.5601,2000,
14:22:54,15.565,450,
14:22:55,15.563,160,
14:22:56,15.56,100,
14:22:56,15.55,300,
14:22:57,15.56,100,
14:22:59,15.56,1600,
14:22:59,15.56,200,
14:23:06,15.56,100,
14:23:06,15.56,100,
14:23:06,15.56,200,
14:23:07,15.56,200,
14:23:18,15.55,500,
14:23:20,15.55,700,
14:23:20,15.55,100,
14:23:23,15.54,350,
14:23:28,15.5425,3600,
14:23:31,15.54,17500,
14:23:32,15.542,3200,
14:23:37,15.53,1000,
14:23:40,15.53,600,
14:23:40,15.5301,1600,
14:23:43,15.5375,2500,
14:23:46,15.54,800,
14:23:46,15.54,1200,
14:23:46,15.54,800,
14:23:46,15.54,2900,
14:23:46,15.54,300,
14:23:46,15.54,600,
14:23:46,15.54,900,
14:23:48,15.55,100,
14:23:48,15.55,100,
14:23:48,15.56,200,
14:23:48,15.56,300,
14:23:49,15.57,800,
14:23:49,15.57,100,
14:23:51,15.5601,100,
14:23:52,15.56,200,
14:23:54,15.56,200,
14:24:09,15.56,400,
14:24:11,15.56,200,
14:24:18,15.562,500,
14:24:20,15.5601,500,
14:24:37,15.5799,1000,
14:24:51,15.5701,500,
14:24:56,15.57,200,
14:25:01,15.57,100,
14:25:02,15.57,100,
14:25:02,15.57,400,
14:25:04,15.578,200,
14:25:04,15.578,800,
14:25:05,15.57,200,
14:25:08,15.5701,600,
14:25:10,15.58,200,
14:25:10,15.58,100,
14:25:46,15.57,250,
14:26:06,15.58,300,
14:26:06,15.58,400,
14:26:32,15.59,15000,
14:26:35,15.5801,500,
14:26:37,15.58,100,
14:26:41,15.578,2000,
14:27:03,15.58,2000,
14:27:03,15.58,1100,
14:27:03,15.58,3000,
14:27:07,15.57,200,
14:27:07,15.57,400,
14:27:07,15.57,250,
14:27:07,15.57,2000,
14:27:22,15.56,100,
14:27:54,15.56,200,
14:27:54,15.56,100,
14:27:54,15.56,200,
14:27:56,15.56,400,
14:27:58,15.56,400,
14:27:58,15.56,300,
14:27:58,15.56,900,
14:27:58,15.56,400,
14:27:58,15.56,100,
14:27:58,15.56,200,
14:27:58,15.56,300,
14:28:07,15.562,1000,
14:28:26,15.561,100,
14:28:40,15.56,2000,
14:28:43,15.56,100,
14:28:50,15.56,900,
