09:30:00,18.37,400,
09:30:01,18.35,400,
09:30:01,18.35,100,
09:30:01,18.34,100,
09:30:03,18.36,1600,
09:30:03,18.36,100,
09:30:03,18.36,400,
09:30:03,18.36,252,
09:30:05,18.36,100,
09:30:06,18.36,100,
09:30:08,18.36,300,
09:30:11,18.36,300,
09:30:11,18.37,100,
09:30:11,18.38,100,
09:30:16,18.3501,3300,
09:30:20,18.35,200,
09:30:26,18.34,100,
09:30:28,18.34,100,
09:30:29,18.36,900,
09:30:29,18.36,100,
09:30:29,18.36,1700,
09:30:29,18.36,100,
09:30:36,18.3538,500,
09:30:39,18.36,100,
09:30:39,18.36,200,
09:30:40,18.35,100,
09:30:44,18.3487,100,
09:30:44,18.3499,1000,
09:30:44,18.35,100,
09:30:44,18.35,100,
09:30:44,18.35,600,
09:30:46,18.3328,100,
09:30:46,18.331,300,
09:30:46,18.331,300,
09:30:49,18.33,100,
09:30:49,18.33,2400,
09:30:50,18.329,600,
09:30:51,18.33,8100,
09:30:54,18.321,400,
09:30:54,18.3201,100,
09:30:54,18.3225,400,
09:30:58,18.32,800,
09:31:00,18.335,500,
09:31:02,18.34,200,
09:31:09,18.34,700,
09:31:09,18.34,100,
09:31:11,18.33,600,
09:31:11,18.33,900,
09:31:11,18.33,200,
09:31:11,18.33,6700,
09:31:11,18.33,100,
09:31:11,18.33,100,
09:31:13,18.3284,100,
09:31:13,18.3299,1000,
09:31:13,18.3275,1000,
09:31:16,18.32,200,
09:31:18,18.3001,200,
09:31:18,18.30,600,
09:31:18,18.30,200,
09:31:18,18.30,365,
09:31:20,18.3091,400,
09:31:20,18.31,100,
09:31:20,18.31,1000,
09:31:28,18.3099,100,
09:31:31,18.30,200,
09:31:31,18.30,200,
09:31:35,18.29,100,
09:31:37,18.28,560,
09:31:43,18.27,300,
09:31:43,18.27,100,
09:31:43,18.27,200,
09:31:43,18.2701,200,
09:31:44,18.27,300,
09:31:44,18.26,100,
09:31:44,18.26,2100,
09:31:45,18.261,100,
09:31:47,18.271,100,
09:31:47,18.271,300,
09:31:47,18.271,600,
09:31:52,18.2884,200,
09:31:52,18.2885,100,
09:31:52,18.2891,100,
09:31:52,18.29,100,
09:31:52,18.29,900,
09:31:56,18.2801,200,
09:31:56,18.2801,500,
09:32:00,18.29,200,
09:32:00,18.2801,200,
09:32:01,18.273,650,
09:32:03,18.29,500,
09:32:03,18.29,200,
09:32:03,18.29,600,
09:32:03,18.29,2100,
09:32:03,18.29,1600,
09:32:03,18.30,300,
09:32:19,18.30,100,
09:32:19,18.30,350,
09:32:19,18.32,600,
09:32:19,18.32,200,
09:32:19,18.33,100,
09:32:27,18.3399,165,
09:32:34,18.33,600,
09:32:36,18.32,250,
09:32:36,18.31,3000,
09:32:36,18.32,100,
09:32:38,18.33,100,
09:32:39,18.3294,1000,
09:32:42,18.32,500,
09:32:42,18.32,800,
09:32:42,18.32,800,
09:32:42,18.32,200,
09:32:42,18.32,300,
09:32:42,18.33,200,
09:32:42,18.33,300,
09:32:42,18.3303,100,
09:32:43,18.321,100,
09:32:43,18.321,100,
09:32:43,18.3208,600,
09:32:43,18.3205,800,
09:32:43,18.321,100,
09:32:48,18.31,200,
09:32:50,18.3105,700,
09:32:53,18.3114,100,
09:32:54,18.31,10000,
09:33:04,18.3005,100,
09:33:04,18.301,200,
09:33:09,18.32,200,
09:33:10,18.32,7000,
09:33:11,18.32,200,
09:33:16,18.34,100,
09:33:18,18.35,1800,
09:33:18,18.35,400,
09:33:20,18.35,200,
09:33:20,18.35,900,
09:33:21,18.3572,1000,
09:33:26,18.36,200,
09:33:28,18.35,100,
09:33:28,18.35,400,
09:33:28,18.35,600,
09:33:28,18.35,200,
09:33:28,18.35,1600,
09:33:30,18.3507,100,
09:33:30,18.3507,1300,
09:33:30,18.3507,200,
09:33:30,18.3507,600,
09:33:30,18.351,3300,
09:33:30,18.36,100,
09:33:32,18.35,100,
09:33:37,18.37,200,
09:33:40,18.38,200,
09:33:43,18.38,900,
09:33:46,18.38,100,
09:33:46,18.39,300,
09:33:47,18.39,200,
09:33:47,18.39,200,
09:33:47,18.39,100,
09:33:47,18.39,100,
09:33:49,18.388,1000,
09:33:53,18.387,1200,
09:33:57,18.3899,1500,
09:34:02,18.389,500,
09:34:04,18.3908,200,
09:34:04,18.3908,100,
09:34:04,18.391,1000,
09:34:08,18.388,900,
09:34:08,18.3711,300,
09:34:08,18.371,400,
09:34:10,18.38,2500,
09:34:12,18.3802,100,
09:34:13,18.381,100,
09:34:15,18.38,200,
09:34:21,18.382,300,
09:34:21,18.38,400,
09:34:21,18.38,300,
09:34:22,18.3799,150,
09:34:28,18.3899,300,
09:34:35,18.39,200,
09:34:35,18.39,500,
09:34:35,18.39,500,
09:34:35,18.39,2100,
09:34:35,18.39,300,
09:34:37,18.39,600,
09:34:40,18.383,1000,
09:34:48,18.3901,6800,
09:34:49,18.39,500,
09:34:50,18.40,800,
09:34:50,18.3972,100,
09:34:50,18.399,200,
09:34:50,18.399,1200,
09:34:52,18.3999,300,
09:34:53,18.40,3200,
09:34:56,18.399,2000,
09:34:56,18.3903,200,
09:34:56,18.3903,600,
09:34:58,18.39,2300,
09:35:00,18.40,800,
09:35:00,18.40,1900,
09:35:00,18.41,300,
09:35:01,18.41,200,
09:35:03,18.41,126,
09:35:03,18.41,2000,
09:35:03,18.41,300,
09:35:03,18.41,200,
09:35:03,18.41,200,
09:35:03,18.41,500,
09:35:03,18.41,100,
09:35:03,18.42,600,
09:35:03,18.42,100,
09:35:04,18.42,300,
09:35:04,18.42,100,
09:35:04,18.42,300,
09:35:12,18.4101,1000,
09:35:12,18.41,200,
09:35:14,18.42,500,
09:35:19,18.4099,1000,
09:35:19,18.4021,100,
09:35:19,18.401,300,
09:35:20,18.40,900,
09:35:20,18.401,3200,
09:35:27,18.395,1000,
09:35:29,18.3841,100,
09:35:29,18.3839,150,
09:35:30,18.39,200,
09:35:31,18.39,100,
09:35:35,18.382,500,
09:35:36,18.38,500,
09:35:40,18.37,200,
09:35:41,18.37,200,
09:35:41,18.36,550,
09:35:41,18.3699,1000,
09:35:46,18.36,300,
09:35:46,18.36,300,
09:35:46,18.36,600,
09:35:50,18.37,100,
09:35:51,18.36,500,
09:35:51,18.36,400,
09:35:52,18.37,100,
09:35:56,18.3733,100,
09:35:56,18.3723,200,
09:35:57,18.38,800,
09:35:57,18.38,800,
09:35:57,18.38,200,
09:35:58,18.39,550,
09:35:58,18.39,500,
09:35:58,18.40,200,
09:35:58,18.40,1100,
09:35:58,18.41,100,
09:35:58,18.41,100,
09:35:58,18.41,300,
09:35:58,18.42,300,
09:36:00,18.42,600,
09:36:00,18.42,300,
09:36:00,18.42,500,
09:36:00,18.42,900,
09:36:02,18.42,200,
09:36:02,18.42,100,
09:36:02,18.42,700,
09:36:02,18.42,400,
09:36:02,18.42,2000,
09:36:10,18.43,100,
09:36:10,18.4207,200,
09:36:10,18.4205,1600,
09:36:10,18.4202,600,
09:36:10,18.4208,100,
09:36:10,18.421,2300,
09:36:10,18.43,100,
09:36:10,18.43,200,
09:36:10,18.43,100,
09:36:10,18.43,200,
09:36:11,18.4299,1500,
09:36:11,18.44,100,
09:36:11,18.44,200,
09:36:11,18.421,300,
09:36:12,18.43,100,
09:36:12,18.43,200,
09:36:13,18.42,300,
09:36:15,18.43,100,
09:36:15,18.43,200,
09:36:15,18.43,1000,
09:36:16,18.43,200,
09:36:17,18.43,200,
09:36:17,18.4272,600,
09:36:18,18.44,100,
09:36:18,18.44,200,
09:36:21,18.4311,200,
09:36:21,18.431,100,
09:36:21,18.431,100,
09:36:21,18.44,200,
09:36:21,18.44,200,
09:36:22,18.44,100,
09:36:22,18.44,100,
09:36:23,18.431,2200,
09:36:26,18.44,100,
09:36:26,18.44,100,
09:36:28,18.44,100,
09:36:28,18.44,100,
09:36:28,18.44,250,
09:36:28,18.44,150,
09:36:28,18.44,100,
09:36:28,18.44,400,
09:36:28,18.45,800,
09:36:28,18.45,200,
09:36:28,18.45,300,
09:36:28,18.46,500,
09:36:28,18.46,100,
09:36:28,18.46,100,
09:36:28,18.47,100,
09:36:29,18.46,200,
09:36:29,18.46,800,
09:36:29,18.47,1500,
09:36:29,18.46,100,
09:36:29,18.437,1000,
09:36:29,18.47,200,
09:36:29,18.47,100,
09:36:29,18.47,100,
09:36:29,18.47,200,
09:36:29,18.47,800,
09:36:29,18.47,400,
09:36:29,18.47,200,
09:36:29,18.47,200,
09:36:29,18.46,100,
09:36:29,18.48,800,
09:36:29,18.47,200,
09:36:29,18.48,100,
09:36:29,18.48,100,
09:36:29,18.48,400,
09:36:31,18.47,100,
09:36:31,18.47,500,
09:36:32,18.46,100,
09:36:33,18.44,200,
09:36:34,18.4362,1000,
09:36:34,18.44,550,
09:36:37,18.455,100,
09:36:37,18.455,100,
09:36:38,18.45,100,
09:36:38,18.455,100,
09:36:38,18.455,100,
09:36:40,18.455,100,
09:36:41,18.4595,1000,
09:36:44,18.43,300,
09:36:44,18.43,900,
09:36:48,18.44,1000,
09:36:48,18.435,100,
09:36:48,18.435,100,
09:36:48,18.435,100,
09:36:48,18.435,100,
09:36:48,18.435,100,
09:36:51,18.42,200,
09:36:53,18.4246,450,
09:37:00,18.418,1000,
09:37:01,18.41,100,
09:37:07,18.397,300,
09:37:15,18.40,100,
09:37:15,18.40,300,
09:37:17,18.405,100,
09:37:19,18.4007,300,
09:37:22,18.42,100,
09:37:24,18.4099,100,
09:37:24,18.4099,100,
09:37:24,18.4099,100,
09:37:24,18.41,300,
09:37:24,18.40,100,
09:37:28,18.40,600,
09:37:28,18.40,700,
09:37:31,18.40,200,
09:37:35,18.407,1225,
09:37:38,18.40,100,
09:37:38,18.40,100,
09:37:42,18.41,100,
09:37:46,18.42,200,
09:37:46,18.42,200,
09:37:46,18.42,800,
09:37:46,18.43,500,
09:37:49,18.42,400,
09:37:54,18.4105,500,
09:37:58,18.421,200,
09:37:59,18.419,500,
09:38:00,18.423,300,
09:38:07,18.43,200,
09:38:12,18.413,500,
09:38:20,18.42,100,
09:38:23,18.428,250,
09:38:27,18.4201,4000,
09:38:35,18.4201,1900,
09:38:38,18.427,1500,
09:38:43,18.44,1000,
09:38:43,18.44,700,
09:38:43,18.44,200,
09:38:47,18.4399,800,
09:38:49,18.44,200,
09:38:58,18.45,400,
09:38:58,18.45,300,
09:38:58,18.45,400,
09:38:59,18.45,1000,
09:39:00,18.45,800,
09:39:02,18.44,2700,
09:39:02,18.44,400,
09:39:02,18.44,800,
09:39:03,18.45,10000,
09:39:08,18.4328,700,
09:39:09,18.4495,500,
09:39:11,18.4402,100,
09:39:11,18.4401,600,
09:39:11,18.44,100,
09:39:11,18.447,275,
09:39:25,18.45,800,
09:39:26,18.45,100,
09:39:31,18.44,200,
09:39:35,18.45,800,
09:39:44,18.46,300,
09:39:44,18.47,200,
09:39:48,18.4672,500,
09:39:53,18.4799,1000,
09:39:59,18.4772,500,
09:40:01,18.50,100,
09:40:01,18.50,100,
09:40:01,18.4999,100,
09:40:01,18.50,760,
09:40:01,18.495,500,
09:40:02,18.48,100,
09:40:02,18.48,300,
09:40:03,18.49,200,
09:40:03,18.49,200,
09:40:07,18.49,2000,
09:40:07,18.49,100,
09:40:07,18.49,100,
09:40:07,18.49,100,
09:40:07,18.49,100,
09:40:07,18.49,300,
09:40:07,18.49,100,
09:40:08,18.49,100,
09:40:08,18.49,100,
09:40:08,18.49,1200,
09:40:08,18.49,500,
09:40:08,18.49,1600,
09:40:08,18.48,100,
09:40:08,18.48,400,
09:40:08,18.49,1600,
09:40:08,18.48,100,
09:40:09,18.48,200,
09:40:12,18.49,1000,
09:40:13,18.49,100,
09:40:14,18.498,400,
09:40:14,18.498,200,
09:40:14,18.50,400,
09:40:14,18.48,400,
09:40:17,18.489,1000,
09:40:17,18.489,1000,
09:40:18,18.489,3900,
09:40:20,18.49,500,
09:40:22,18.50,200,
09:40:24,18.4995,750,
09:40:27,18.499,100,
09:40:27,18.50,100,
09:40:30,18.50,200,
09:40:31,18.4886,200,
09:40:31,18.49,300,
09:40:31,18.49,300,
09:40:33,18.488,750,
09:40:33,18.4895,1900,
09:40:35,18.49,350,
09:40:36,18.487,500,
09:40:39,18.499,100,
09:40:39,18.50,700,
09:40:39,18.50,300,
09:40:42,18.4928,1000,
09:40:42,18.51,1800,
09:40:42,18.51,100,
09:40:44,18.519,200,
09:40:47,18.5105,1236,
09:40:48,18.51,500,
09:40:48,18.51,200,
09:40:48,18.50,300,
09:40:48,18.517,400,
09:40:49,18.4928,500,
09:40:51,18.52,1600,
09:40:51,18.52,1600,
09:40:51,18.52,300,
09:40:51,18.493,500,
09:40:56,18.51,1100,
09:40:59,18.509,3500,
09:41:00,18.509,2000,
09:41:00,18.50,700,
09:41:02,18.50,1500,
09:41:02,18.50,300,
09:41:02,18.50,300,
09:41:05,18.50,200,
09:41:08,18.50,300,
09:41:10,18.50,100,
09:41:13,18.4905,1600,
09:41:16,18.497,400,
09:41:16,18.50,1200,
09:41:18,18.49,2000,
09:41:21,18.50,200,
09:41:23,18.49,100,
09:41:24,18.487,535,
09:41:25,18.49,100,
09:41:25,18.49,200,
09:41:28,18.4999,300,
09:41:41,18.4975,2500,
09:41:44,18.50,200,
09:41:46,18.50,1000,
09:41:47,18.5001,1000,
09:42:00,18.51,4000,
09:42:00,18.52,200,
09:42:00,18.52,800,
09:42:06,18.522,1001,
09:42:06,18.52,100,
09:42:10,18.52,800,
09:42:14,18.5195,1600,
09:42:19,18.52,200,
09:42:22,18.517,1000,
09:42:24,18.50,100,
09:42:27,18.50,300,
09:42:27,18.50,200,
09:42:27,18.50,500,
09:42:27,18.50,200,
09:42:27,18.51,100,
09:42:30,18.507,700,
09:42:30,18.50,100,
09:42:35,18.51,100,
09:42:35,18.51,400,
09:42:35,18.5085,100,
09:42:41,18.52,300,
09:42:42,18.53,371,
09:42:42,18.511,4000,
09:42:43,18.53,100,
09:42:49,18.51,200,
09:42:53,18.51,100,
09:42:53,18.50,200,
09:42:53,18.50,100,
09:42:54,18.50,890,
09:42:55,18.50,300,
09:42:55,18.50,200,
09:42:57,18.506,150,
09:43:01,18.497,1225,
09:43:03,18.50,100,
09:43:06,18.49,100,
09:43:09,18.499,2200,
09:43:10,18.49,400,
09:43:10,18.49,400,
09:43:10,18.49,300,
09:43:16,18.4899,500,
09:43:16,18.48,300,
09:43:16,18.48,200,
09:43:18,18.4701,1500,
09:43:18,18.48,200,
09:43:19,18.473,1000,
09:43:19,18.4701,100,
09:43:21,18.4774,115,
09:43:22,18.47,200,
09:43:28,18.47,300,
09:43:30,18.476,100,
09:43:32,18.472,200,
09:43:34,18.4775,2000,
09:43:47,18.4937,275,
09:43:49,18.4893,430,
09:43:54,18.4885,3000,
09:44:03,18.479,1570,
09:44:06,18.471,3000,
09:44:07,18.47,200,
09:44:07,18.47,100,
09:44:07,18.47,600,
09:44:07,18.4728,500,
09:44:15,18.50,150,
09:44:18,18.50,100,
09:44:18,18.51,100,
09:44:21,18.4901,3000,
09:44:23,18.4975,2500,
09:44:26,18.48,375,
09:44:30,18.50,100,
09:44:35,18.49,300,
09:44:35,18.4832,600,
09:44:37,18.4985,5000,
09:44:41,18.5095,800,
09:44:42,18.50,1600,
09:44:46,18.49,100,
09:44:46,18.50,400,
09:44:48,18.49,100,
09:44:57,18.49,2100,
09:44:57,18.49,100,
09:44:58,18.48,100,
09:44:59,18.4899,100,
09:45:02,18.48,800,
09:45:02,18.48,800,
09:45:04,18.499,2000,
09:45:11,18.49,300,
09:45:13,18.486,100,
09:45:16,18.49,200,
09:45:16,18.49,300,
09:45:16,18.49,100,
09:45:21,18.4986,1000,
09:45:22,18.50,100,
09:45:22,18.50,800,
09:45:22,18.50,1700,
09:45:34,18.489,3000,
09:45:35,18.4872,1000,
09:45:38,18.49,500,
09:45:46,18.49,200,
09:45:49,18.4857,250,
09:45:52,18.48,100,
09:45:54,18.4999,2000,
09:45:57,18.4901,100,
09:45:57,18.49,100,
09:45:57,18.49,100,
09:45:57,18.49,200,
09:46:02,18.4897,200,
09:46:02,18.4897,400,
09:46:02,18.49,100,
09:46:02,18.4898,100,
09:46:02,18.4898,100,
09:46:02,18.4897,100,
09:46:02,18.49,200,
09:46:02,18.49,200,
09:46:02,18.49,300,
09:46:02,18.49,200,
09:46:02,18.49,100,
09:46:04,18.49,9900,
09:46:04,18.48,100,
09:46:05,18.49,600,
09:46:05,18.48,100,
09:46:05,18.48,100,
09:46:05,18.48,200,
09:46:05,18.48,100,
09:46:10,18.46,200,
09:46:11,18.4501,1000,
09:46:13,18.46,200,
09:46:15,18.45,200,
09:46:15,18.4401,1500,
09:46:16,18.45,300,
09:46:19,18.451,2000,
09:46:23,18.4501,2000,
09:46:24,18.45,500,
09:46:24,18.45,200,
09:46:24,18.45,300,
09:46:24,18.45,1500,
09:46:24,18.45,1800,
09:46:24,18.45,4400,
09:46:24,18.45,400,
09:46:24,18.45,200,
09:46:24,18.45,500,
09:46:24,18.45,400,
09:46:24,18.46,700,
09:46:31,18.459,2000,
09:46:36,18.4595,1000,
09:46:40,18.454,350,
09:46:43,18.453,600,
09:46:45,18.46,11008,
09:46:47,18.47,100,
09:46:47,18.47,300,
09:46:47,18.47,300,
09:46:47,18.47,2100,
09:46:47,18.47,600,
09:46:47,18.465,400,
09:46:48,18.4788,100,
09:46:48,18.479,900,
09:46:51,18.4701,500,
09:46:53,18.47,200,
09:46:54,18.4614,100,
09:46:57,18.46,300,
09:46:57,18.46,100,
09:46:57,18.46,300,
09:47:13,18.466,100,
09:47:16,18.46,100,
09:47:17,18.4505,1000,
09:47:22,18.46,600,
09:47:27,18.45,300,
09:47:28,18.4505,1600,
09:47:34,18.443,500,
09:47:36,18.44,4000,
09:47:37,18.443,1650,
09:47:38,18.45,500,
09:47:45,18.4301,5000,
09:47:49,18.44,234,
09:47:52,18.439,267,
09:47:52,18.439,300,
09:47:55,18.443,500,
09:48:01,18.44,233,
09:48:04,18.44,233,
09:48:04,18.44,300,
09:48:05,18.4486,1000,
09:48:12,18.44,300,
09:48:12,18.43,100,
09:48:12,18.43,100,
09:48:12,18.43,200,
09:48:12,18.43,500,
09:48:12,18.43,500,
09:48:12,18.43,2000,
09:48:18,18.45,259,
09:48:19,18.45,300,
09:48:23,18.45,150,
09:48:23,18.45,150,
09:48:24,18.45,300,
09:48:24,18.45,300,
09:48:25,18.4487,350,
09:48:28,18.45,300,
09:48:28,18.44,600,
09:48:28,18.44,300,
09:48:28,18.44,300,
09:48:31,18.45,100,
09:48:33,18.45,900,
09:48:38,18.45,100,
09:48:38,18.45,500,
09:48:38,18.44,13300,
09:48:41,18.45,500,
09:48:41,18.45,1200,
09:48:41,18.45,600,
09:48:41,18.45,200,
09:48:41,18.45,400,
09:48:41,18.45,500,
09:48:41,18.45,300,
09:48:43,18.45,600,
09:48:43,18.46,100,
09:48:43,18.4686,600,
09:48:46,18.47,400,
09:48:46,18.47,200,
09:48:47,18.48,200,
09:48:47,18.48,500,
09:48:49,18.48,500,
09:48:59,18.4744,100,
09:49:04,18.4995,1600,
09:49:08,18.488,1000,
09:49:08,18.4805,500,
09:49:09,18.47,200,
09:49:09,18.47,500,
09:49:11,18.48,300,
09:49:11,18.48,800,
09:49:13,18.473,1000,
09:49:18,18.47,400,
09:49:18,18.47,200,
09:49:20,18.48,300,
09:49:20,18.48,300,
09:49:20,18.47,900,
09:49:20,18.47,200,
09:49:20,18.48,900,
09:49:20,18.48,100,
09:49:25,18.477,1000,
09:49:33,18.48,300,
09:49:33,18.48,200,
09:49:33,18.48,300,
09:49:33,18.48,1000,
09:49:42,18.48,200,
09:49:42,18.48,300,
09:49:42,18.48,200,
09:49:42,18.48,1200,
09:49:42,18.47,200,
09:49:42,18.47,600,
09:49:42,18.47,100,
09:49:42,18.47,300,
09:49:42,18.47,200,
09:49:43,18.47,500,
09:49:48,18.47,500,
09:49:48,18.47,300,
09:49:48,18.47,300,
09:49:48,18.47,200,
09:49:48,18.47,300,
09:49:48,18.48,100,
09:49:48,18.48,300,
09:49:48,18.48,500,
09:49:49,18.48,300,
09:49:49,18.48,300,
09:49:49,18.48,500,
09:49:49,18.48,200,
09:49:49,18.48,400,
09:49:49,18.48,100,
09:49:49,18.471,3260,
09:49:54,18.4728,1000,
09:49:58,18.47,200,
09:49:59,18.47,200,
09:50:00,18.47,100,
09:50:02,18.4686,1000,
09:50:03,18.46,300,
09:50:03,18.46,100,
09:50:08,18.453,1000,
09:50:12,18.45,500,
09:50:12,18.45,4600,
09:50:12,18.45,1500,
09:50:12,18.45,400,
09:50:12,18.45,1900,
09:50:12,18.45,1800,
09:50:12,18.45,1200,
09:50:12,18.45,800,
09:50:12,18.45,100,
09:50:12,18.45,300,
09:50:12,18.45,2000,
09:50:13,18.45,300,
09:50:19,18.45,2200,
09:50:19,18.45,700,
09:50:19,18.459,1000,
09:50:22,18.45,100,
09:50:25,18.452,1000,
09:50:26,18.457,400,
09:50:30,18.44,800,
09:50:30,18.44,200,
09:50:30,18.44,300,
09:50:30,18.44,100,
09:50:32,18.44,100,
09:50:35,18.44,800,
09:50:35,18.45,2800,
09:50:35,18.44,2700,
09:50:35,18.44,300,
09:50:35,18.45,100,
09:50:35,18.45,300,
09:50:35,18.45,100,
09:50:35,18.45,600,
09:50:35,18.45,100,
09:50:35,18.45,100,
09:50:35,18.45,100,
09:50:35,18.45,100,
09:50:35,18.45,300,
09:50:35,18.45,400,
09:50:35,18.45,1000,
09:50:36,18.44,300,
09:50:38,18.431,530,
09:50:40,18.43,200,
09:50:40,18.43,100,
09:50:40,18.43,100,
09:50:40,18.44,700,
09:50:40,18.44,100,
09:50:40,18.44,100,
09:50:40,18.44,300,
09:50:40,18.44,1200,
09:50:48,18.44,100,
09:50:48,18.44,300,
09:50:52,18.44,200,
09:50:52,18.44,500,
09:50:55,18.44,200,
09:50:57,18.4305,200,
09:50:57,18.43,1200,
09:50:57,18.4305,100,
09:50:57,18.4305,600,
09:50:57,18.4302,1100,
09:50:57,18.43,2700,
09:51:05,18.43,100,
09:51:05,18.42,200,
09:51:05,18.423,100,
09:51:05,18.43,300,
09:51:06,18.4307,200,
09:51:07,18.4305,1600,
09:51:08,18.43,200,
09:51:10,18.43,200,
09:51:11,18.4307,100,
09:51:21,18.43,280,
09:51:22,18.43,1000,
09:51:23,18.432,280,
09:51:23,18.43,280,
09:51:45,18.43,300,
09:51:48,18.42,500,
09:51:49,18.41,100,
09:51:49,18.41,200,
09:51:49,18.40,100,
09:51:49,18.40,300,
09:51:49,18.40,100,
09:51:50,18.40,200,
09:51:50,18.40,100,
09:51:50,18.40,850,
09:51:50,18.40,300,
09:51:51,18.41,266,
09:51:51,18.41,400,
09:51:51,18.41,600,
09:51:51,18.41,300,
09:51:51,18.4106,2300,
09:51:51,18.411,2300,
09:51:52,18.41,100,
09:51:56,18.41,300,
09:51:56,18.41,400,
09:52:02,18.41,300,
09:52:05,18.41,300,
09:52:05,18.41,200,
09:52:05,18.41,200,
09:52:08,18.401,200,
09:52:13,18.40,200,
09:52:13,18.40,100,
09:52:13,18.40,750,
09:52:16,18.3999,3000,
09:52:16,18.40,281,
09:52:19,18.3928,1000,
09:52:29,18.3928,1800,
09:52:46,18.39,500,
09:52:46,18.3909,1400,
09:52:49,18.40,100,
09:52:55,18.39,100,
09:52:55,18.39,700,
09:52:55,18.39,100,
09:52:58,18.39,500,
09:53:02,18.3914,1500,
09:53:06,18.39,200,
09:53:17,18.40,100,
09:53:22,18.40,3500,
09:53:24,18.39,100,
09:53:24,18.38,242,
09:53:38,18.38,1000,
09:53:38,18.37,1000,
09:53:39,18.37,1515,
09:53:50,18.38,300,
09:53:53,18.381,1000,
09:53:56,18.38,200,
09:54:03,18.3899,3500,
09:54:17,18.38,300,
09:54:18,18.38,100,
09:54:18,18.38,100,
09:54:18,18.38,1000,
09:54:21,18.389,3000,
09:54:24,18.38,600,
09:54:25,18.37,300,
09:54:29,18.37,343,
09:54:29,18.37,100,
09:54:36,18.379,2000,
09:54:55,18.3701,700,
09:55:01,18.37,1000,
09:55:10,18.36,400,
09:55:10,18.37,300,
09:55:21,18.355,450,
09:55:28,18.3595,1500,
09:55:30,18.36,125,
09:55:30,18.36,4325,
09:55:30,18.36,125,
09:55:30,18.36,200,
09:55:30,18.36,170,
09:55:30,18.36,2000,
09:55:30,18.35,100,
09:55:38,18.35,108,
09:55:38,18.35,400,
09:55:40,18.35,370,
09:55:40,18.36,300,
09:55:42,18.36,400,
09:55:49,18.351,500,
09:55:51,18.35,130,
09:55:53,18.349,1200,
09:55:54,18.34,200,
09:55:54,18.35,100,
09:55:54,18.35,100,
09:55:54,18.35,100,
09:55:54,18.35,500,
09:55:54,18.35,100,
09:55:54,18.35,100,
09:55:54,18.35,300,
09:55:54,18.35,200,
09:55:54,18.35,700,
09:55:54,18.35,100,
09:55:54,18.35,500,
09:55:56,18.3412,300,
09:56:08,18.3304,200,
09:56:08,18.3301,400,
09:56:08,18.3305,200,
09:56:08,18.33,1000,
09:56:12,18.33,100,
09:56:12,18.33,400,
09:56:12,18.33,600,
09:56:12,18.33,200,
09:56:15,18.34,3000,
09:56:16,18.33,300,
09:56:19,18.33,1600,
09:56:19,18.3201,6000,
09:56:23,18.32,700,
09:56:25,18.3201,3900,
09:56:29,18.329,1000,
09:56:31,18.30,300,
09:56:33,18.3147,200,
09:56:33,18.303,1800,
09:56:33,18.319,2300,
09:56:34,18.32,500,
09:56:34,18.32,800,
09:56:34,18.32,800,
09:56:35,18.32,130,
09:56:35,18.32,300,
09:56:37,18.32,270,
09:56:48,18.317,1500,
09:56:51,18.313,1000,
09:56:54,18.30,200,
09:56:54,18.30,200,
09:56:54,18.30,100,
09:56:54,18.30,178,
09:56:54,18.30,200,
09:56:54,18.30,600,
09:56:54,18.30,800,
09:56:59,18.2807,300,
09:57:00,18.2828,500,
09:57:01,18.2815,600,
09:57:03,18.283,600,
09:57:06,18.27,100,
09:57:06,18.27,100,
09:57:06,18.28,100,
09:57:09,18.271,4000,
09:57:11,18.279,8052,
09:57:20,18.2786,1000,
09:57:27,18.279,5000,
09:57:28,18.27,200,
09:57:28,18.27,300,
09:57:28,18.27,900,
09:57:28,18.27,300,
09:57:28,18.27,200,
09:57:30,18.28,3000,
09:57:31,18.2795,1500,
09:57:31,18.27,300,
09:57:31,18.27,300,
09:57:31,18.28,200,
09:57:31,18.28,200,
09:57:31,18.28,100,
09:57:31,18.28,100,
09:57:31,18.28,600,
09:57:31,18.28,300,
09:57:32,18.285,400,
09:57:33,18.281,355,
09:57:34,18.28,350,
09:57:39,18.279,2100,
09:57:41,18.28,200,
09:57:45,18.29,100,
09:57:45,18.29,3600,
09:57:48,18.30,22950,
09:57:49,18.29,300,
09:57:56,18.28,200,
09:57:59,18.28,1000,
09:57:59,18.28,200,
09:58:00,18.2857,100,
09:58:00,18.2865,100,
09:58:00,18.2867,600,
09:58:08,18.29,400,
09:58:08,18.29,400,
09:58:08,18.29,400,
09:58:13,18.2801,2400,
09:58:13,18.28,200,
09:58:14,18.28,900,
09:58:21,18.283,290,
09:58:22,18.288,800,
09:58:33,18.29,200,
09:58:33,18.30,100,
09:58:38,18.31,100,
09:58:38,18.31,100,
09:58:38,18.31,300,
09:58:38,18.3095,600,
09:58:58,18.319,3000,
09:59:01,18.325,3000,
09:59:03,18.32,309,
09:59:04,18.3105,500,
09:59:04,18.319,300,
09:59:05,18.32,200,
09:59:07,18.317,800,
09:59:09,18.33,500,
09:59:12,18.321,8052,
09:59:13,18.33,700,
09:59:14,18.33,100,
09:59:15,18.33,500,
09:59:15,18.32,100,
09:59:20,18.3314,1000,
09:59:23,18.339,100,
09:59:23,18.339,100,
09:59:24,18.339,1700,
09:59:25,18.34,200,
09:59:27,18.33,100,
09:59:28,18.33,400,
09:59:28,18.33,400,
09:59:29,18.34,100,
09:59:29,18.34,1500,
09:59:29,18.34,1750,
09:59:29,18.34,200,
09:59:29,18.34,100,
09:59:30,18.35,200,
09:59:30,18.35,200,
09:59:32,18.3472,1900,
09:59:35,18.3305,2000,
09:59:41,18.33,100,
09:59:41,18.33,100,
09:59:44,18.3299,7200,
09:59:46,18.32,100,
09:59:46,18.32,100,
09:59:46,18.32,1100,
09:59:46,18.32,600,
09:59:47,18.33,500,
09:59:48,18.33,100,
09:59:49,18.32,1100,
09:59:49,18.33,150,
09:59:49,18.33,200,
09:59:49,18.33,200,
09:59:49,18.33,155,
09:59:49,18.32,155,
09:59:57,18.32,850,
09:59:57,18.32,100,
09:59:59,18.3399,5000,
10:00:04,18.34,400,
10:00:04,18.34,500,
10:00:04,18.34,100,
10:00:04,18.34,740,
10:00:05,18.32,100,
10:00:05,18.32,200,
10:00:05,18.31,100,
10:00:05,18.31,100,
10:00:05,18.31,300,
10:00:05,18.31,1500,
10:00:05,18.31,1500,
10:00:05,18.32,100,
10:00:06,18.33,300,
10:00:06,18.34,200,
10:00:06,18.32,200,
10:00:06,18.32,200,
10:00:11,18.31,100,
10:00:12,18.31,1300,
10:00:13,18.30,500,
10:00:13,18.29,100,
10:00:13,18.29,600,
10:00:13,18.28,100,
10:00:13,18.28,600,
10:00:13,18.28,300,
10:00:13,18.28,200,
10:00:14,18.29,900,
10:00:14,18.29,100,
10:00:14,18.29,1000,
10:00:14,18.29,800,
10:00:14,18.28,300,
10:00:14,18.30,100,
10:00:14,18.28,300,
10:00:17,18.28,100,
10:00:18,18.28,200,
10:00:23,18.29,200,
10:00:26,18.2795,500,
10:00:28,18.29,100,
10:00:28,18.28,100,
10:00:28,18.29,700,
10:00:28,18.28,200,
10:00:28,18.29,200,
10:00:28,18.29,850,
10:00:28,18.30,1550,
10:00:28,18.30,1871,
10:00:28,18.30,200,
10:00:30,18.30,100,
10:00:31,18.30,800,
10:00:31,18.30,400,
10:00:31,18.30,200,
10:00:31,18.28,500,
10:00:31,18.28,400,
10:00:31,18.28,100,
10:00:31,18.28,200,
10:00:31,18.28,1500,
10:00:31,18.28,200,
10:00:31,18.29,100,
10:00:31,18.28,400,
10:00:31,18.28,300,
10:00:31,18.28,100,
10:00:38,18.2893,300,
10:00:42,18.282,300,
10:00:43,18.28,500,
10:00:43,18.28,500,
10:00:44,18.2795,1250,
10:00:52,18.2705,1600,
10:00:54,18.2784,200,
10:00:54,18.2784,100,
10:00:54,18.28,500,
10:00:54,18.276,350,
10:00:57,18.27,500,
10:01:05,18.27,750,
10:01:06,18.26,700,
10:01:08,18.26,700,
10:01:17,18.27,1400,
10:01:17,18.27,100,
10:01:17,18.27,200,
10:01:18,18.27,100,
10:01:18,18.2795,1250,
10:01:19,18.30,100,
10:01:19,18.30,400,
10:01:21,18.31,100,
10:01:21,18.3095,300,
10:01:22,18.31,100,
10:01:22,18.303,100,
10:01:27,18.327,500,
10:01:30,18.32,600,
10:01:30,18.32,100,
10:01:31,18.317,700,
10:01:33,18.33,200,
10:01:35,18.32,400,
10:01:35,18.32,200,
10:01:35,18.32,200,
10:01:35,18.32,300,
10:01:35,18.32,200,
10:01:35,18.32,500,
10:01:35,18.32,300,
10:01:35,18.32,100,
10:01:35,18.32,200,
10:01:35,18.32,500,
10:01:37,18.327,1500,
10:01:38,18.32,100,
10:01:41,18.33,200,
10:01:44,18.3272,500,
10:01:49,18.323,200,
10:01:50,18.34,200,
10:01:52,18.3495,1236,
10:01:54,18.35,300,
10:01:54,18.35,3000,
10:01:54,18.36,200,
10:01:54,18.36,100,
10:01:54,18.36,200,
10:01:54,18.36,100,
10:01:55,18.3694,2600,
10:01:55,18.3699,100,
10:02:00,18.34,400,
10:02:03,18.3501,100,
10:02:03,18.36,400,
10:02:03,18.37,100,
10:02:03,18.37,100,
10:02:03,18.37,100,
10:02:03,18.37,100,
10:02:03,18.37,100,
10:02:03,18.37,300,
10:02:04,18.37,100,
10:02:04,18.38,100,
10:02:04,18.38,100,
10:02:04,18.38,100,
10:02:04,18.38,100,
10:02:04,18.38,100,
10:02:04,18.38,100,
10:02:04,18.38,108,
10:02:04,18.38,125,
10:02:05,18.3872,1000,
10:02:07,18.387,100,
10:02:09,18.3899,1900,
10:02:09,18.381,500,
10:02:10,18.38,300,
10:02:10,18.37,300,
10:02:10,18.37,300,
10:02:10,18.36,1800,
10:02:10,18.36,300,
10:02:10,18.36,2000,
10:02:10,18.36,300,
10:02:11,18.36,600,
10:02:11,18.36,2500,
10:02:11,18.36,100,
10:02:11,18.36,100,
10:02:11,18.36,100,
10:02:11,18.36,300,
10:02:11,18.37,100,
10:02:11,18.37,100,
10:02:11,18.37,300,
10:02:16,18.35,300,
10:02:17,18.335,500,
10:02:18,18.33,200,
10:02:18,18.33,100,
10:02:21,18.32,200,
10:02:21,18.31,300,
10:02:21,18.31,100,
10:02:21,18.31,300,
10:02:21,18.31,100,
10:02:21,18.31,200,
10:02:23,18.31,100,
10:02:25,18.30,250,
10:02:25,18.31,300,
10:02:25,18.31,100,
10:02:27,18.3172,700,
10:02:28,18.31,100,
10:02:28,18.31,100,
10:02:30,18.3099,300,
10:02:33,18.31,100,
10:02:37,18.319,2666,
10:02:39,18.33,400,
10:02:39,18.33,1200,
10:02:39,18.33,300,
10:02:39,18.33,1000,
10:02:39,18.33,800,
10:02:39,18.33,2000,
10:02:39,18.33,100,
10:02:39,18.33,600,
10:02:40,18.34,300,
10:02:40,18.34,600,
10:02:41,18.34,100,
10:02:41,18.34,200,
10:02:42,18.34,300,
10:02:43,18.34,100,
10:02:43,18.34,300,
10:02:43,18.34,2000,
10:02:43,18.34,100,
10:02:52,18.34,200,
10:02:56,18.35,200,
10:02:56,18.35,400,
10:02:56,18.37,100,
10:02:56,18.37,200,
10:02:58,18.38,300,
10:02:58,18.38,300,
10:02:58,18.38,200,
10:02:58,18.38,1500,
10:02:58,18.39,900,
10:02:58,18.39,100,
10:02:58,18.39,300,
10:02:58,18.39,100,
10:02:58,18.40,1600,
10:02:58,18.40,300,
10:02:58,18.40,100,
10:02:58,18.40,500,
10:02:58,18.40,700,
10:02:58,18.41,100,
10:02:58,18.38,100,
10:02:58,18.41,900,
10:02:58,18.42,100,
10:02:58,18.42,1300,
10:02:58,18.42,300,
10:02:58,18.42,200,
10:02:58,18.38,400,
10:02:58,18.42,300,
10:02:58,18.41,300,
10:02:58,18.41,400,
10:02:58,18.39,100,
10:02:58,18.40,900,
10:02:58,18.40,300,
10:02:58,18.41,200,
10:02:58,18.41,200,
10:02:59,18.41,100,
10:03:00,18.42,200,
10:03:01,18.4285,2500,
10:03:02,18.42,300,
10:03:02,18.41,1300,
10:03:02,18.41,400,
10:03:02,18.41,300,
10:03:02,18.40,300,
10:03:02,18.40,300,
10:03:02,18.40,100,
10:03:03,18.40,200,
10:03:03,18.40,300,
10:03:03,18.40,300,
10:03:04,18.39,100,
10:03:04,18.39,100,
10:03:04,18.39,300,
10:03:04,18.40,100,
10:03:04,18.40,300,
10:03:05,18.40,300,
10:03:09,18.43,300,
10:03:14,18.43,300,
10:03:16,18.42,300,
10:03:19,18.4395,1000,
10:03:22,18.4385,1000,
10:03:22,18.45,200,
10:03:22,18.45,300,
10:03:22,18.45,100,
10:03:23,18.44,200,
10:03:25,18.428,1000,
10:03:26,18.4299,500,
10:03:26,18.42,2100,
10:03:27,18.40,200,
10:03:27,18.40,400,
10:03:27,18.40,200,
10:03:27,18.40,800,
10:03:27,18.40,400,
10:03:27,18.40,300,
10:03:27,18.41,400,
10:03:27,18.41,300,
10:03:27,18.41,200,
10:03:27,18.41,300,
10:03:28,18.41,400,
10:03:28,18.41,700,
10:03:30,18.40,220,
10:03:32,18.393,1500,
10:03:35,18.39,500,
10:03:39,18.40,800,
10:03:39,18.40,1400,
10:03:39,18.40,400,
10:03:39,18.40,400,
10:03:39,18.40,200,
10:03:39,18.40,300,
10:03:39,18.41,200,
10:03:43,18.419,2700,
10:03:48,18.4186,500,
10:03:48,18.42,500,
10:03:48,18.42,4300,
10:03:50,18.417,1500,
10:03:54,18.44,300,
10:03:54,18.43,300,
10:03:55,18.436,100,
10:03:56,18.42,300,
10:04:02,18.43,300,
10:04:03,18.44,100,
10:04:04,18.44,300,
10:04:05,18.44,300,
10:04:06,18.432,300,
10:04:07,18.4299,3000,
10:04:11,18.429,220,
10:04:13,18.45,300,
10:04:13,18.45,100,
10:04:15,18.44,300,
10:04:16,18.43,300,
10:04:16,18.42,300,
10:04:16,18.42,200,
10:04:17,18.43,1200,
10:04:17,18.43,200,
10:04:19,18.426,300,
10:04:27,18.44,300,
10:04:30,18.45,1700,
10:04:30,18.45,100,
10:04:34,18.44,100,
10:04:37,18.4393,250,
10:04:39,18.44,300,
10:04:41,18.44,300,
10:04:42,18.45,5300,
10:04:42,18.45,600,
10:04:42,18.45,300,
10:04:43,18.4511,100,
10:04:43,18.4509,100,
10:04:43,18.45,1000,
10:04:43,18.4501,600,
10:04:44,18.4599,1000,
10:04:53,18.46,100,
10:05:00,18.4599,250,
10:05:01,18.4699,1000,
10:05:02,18.47,300,
10:05:07,18.4799,1000,
10:05:08,18.48,100,
10:05:10,18.4701,3000,
10:05:10,18.47,950,
10:05:13,18.47,1000,
10:05:13,18.47,400,
10:05:19,18.4399,100,
10:05:20,18.439,1000,
10:05:20,18.40,275,
10:05:20,18.40,300,
10:05:20,18.40,625,
10:05:20,18.40,1000,
10:05:20,18.39,1800,
10:05:20,18.39,100,
10:05:20,18.39,300,
10:05:20,18.39,200,
10:05:20,18.38,100,
10:05:21,18.38,100,
10:05:21,18.38,100,
10:05:21,18.38,100,
10:05:21,18.38,400,
10:05:21,18.38,100,
10:05:21,18.38,200,
10:05:21,18.38,600,
10:05:21,18.39,400,
10:05:21,18.38,200,
10:05:22,18.36,400,
10:05:23,18.38,100,
10:05:23,18.38,100,
10:05:23,18.363,1420,
10:05:26,18.38,200,
10:05:26,18.376,400,
10:05:28,18.3993,200,
10:05:32,18.394,300,
10:05:32,18.39,600,
10:05:32,18.39,100,
10:05:32,18.39,100,
10:05:36,18.3792,200,
10:05:38,18.3793,162,
10:05:49,18.38,500,
10:05:50,18.375,2000,
10:05:57,18.3785,2000,
10:06:04,18.37,100,
10:06:04,18.37,166,
10:06:08,18.376,100,
10:06:09,18.3501,500,
10:06:09,18.3436,544,
10:06:13,18.35,1400,
10:06:13,18.35,400,
10:06:13,18.35,100,
10:06:13,18.35,100,
10:06:18,18.3399,3800,
10:06:19,18.337,1000,
10:06:29,18.331,2000,
10:06:33,18.33,373,
10:06:34,18.327,200,
10:06:42,18.3231,1500,
10:06:45,18.32,100,
10:06:45,18.32,100,
10:06:45,18.32,300,
10:06:45,18.32,100,
10:06:46,18.32,1100,
10:06:46,18.32,200,
10:06:46,18.32,6800,
10:06:53,18.311,2000,
10:06:54,18.32,400,
10:06:54,18.32,100,
10:06:54,18.32,100,
10:06:57,18.3201,2000,
10:07:06,18.32,100,
10:07:07,18.33,1000,
10:07:10,18.33,133,
10:07:14,18.35,100,
10:07:15,18.35,1600,
10:07:15,18.35,100,
10:07:15,18.35,600,
10:07:15,18.35,100,
10:07:15,18.35,200,
10:07:15,18.35,1800,
10:07:16,18.3472,300,
10:07:16,18.349,400,
10:07:17,18.339,1500,
10:07:18,18.3387,100,
10:07:18,18.339,900,
10:07:28,18.3399,7200,
10:07:38,18.335,500,
10:07:44,18.337,1000,
10:07:48,18.33,267,
10:07:49,18.33,200,
10:07:52,18.33,267,
10:07:52,18.33,300,
10:07:56,18.3375,500,
10:07:57,18.3399,500,
10:08:06,18.33,500,
10:08:17,18.3299,300,
10:08:18,18.34,200,
10:08:21,18.3499,500,
10:08:26,18.349,1900,
10:08:34,18.35,300,
10:08:34,18.35,164,
10:08:35,18.349,300,
10:08:35,18.349,200,
10:08:36,18.349,1500,
10:08:39,18.35,8400,
10:08:40,18.34,400,
10:08:49,18.3301,750,
10:08:52,18.34,400,
10:08:52,18.34,700,
10:08:52,18.34,500,
10:08:52,18.34,468,
10:08:54,18.34,300,
10:08:54,18.34,135,
10:08:54,18.34,265,
10:08:54,18.34,500,
10:08:54,18.34,400,
10:08:54,18.35,300,
10:08:57,18.3585,100,
10:08:57,18.3585,100,
10:08:57,18.35,1500,
10:08:57,18.35,300,
10:08:59,18.35,100,
10:09:04,18.3599,4200,
10:09:04,18.37,300,
10:09:13,18.38,100,
10:09:15,18.38,100,
10:09:16,18.37,300,
10:09:16,18.36,100,
10:09:16,18.36,400,
10:09:16,18.36,300,
10:09:16,18.36,400,
10:09:26,18.369,2000,
10:09:27,18.3689,100,
10:09:27,18.3698,100,
10:09:27,18.369,400,
10:09:29,18.36,300,
10:09:29,18.35,1000,
10:09:30,18.35,1800,
10:09:30,18.35,300,
10:09:30,18.35,133,
10:09:32,18.36,600,
10:09:32,18.36,800,
10:09:32,18.36,100,
10:09:32,18.36,200,
10:09:32,18.36,1600,
10:09:45,18.36,300,
10:09:45,18.35,400,
10:09:45,18.35,300,
10:09:45,18.35,600,
10:09:45,18.35,300,
10:09:45,18.35,300,
10:09:45,18.35,167,
10:09:45,18.35,500,
10:09:48,18.359,500,
10:09:49,18.35,200,
10:09:50,18.344,293,
10:09:53,18.35,100,
10:09:54,18.3499,2000,
10:09:57,18.35,1800,
10:09:57,18.35,300,
10:09:57,18.35,200,
10:10:12,18.36,100,
10:10:15,18.3699,900,
10:10:15,18.3699,100,
10:10:15,18.3699,100,
10:10:15,18.3699,200,
10:10:15,18.369,6000,
10:10:20,18.365,500,
10:10:27,18.36,10100,
10:10:31,18.3577,100,
10:10:31,18.35,1000,
10:10:31,18.35,600,
10:10:33,18.359,100,
10:10:34,18.36,10000,
10:10:40,18.35,300,
10:10:40,18.35,200,
10:10:40,18.34,300,
10:10:40,18.34,700,
10:10:40,18.34,100,
10:10:43,18.34,300,
10:10:43,18.34,400,
10:10:43,18.34,1100,
10:10:47,18.33,1100,
10:10:52,18.33,900,
10:10:52,18.33,400,
10:10:52,18.33,300,
10:10:52,18.33,100,
10:10:52,18.33,100,
10:10:52,18.33,500,
10:10:52,18.33,100,
10:10:52,18.33,100,
10:10:52,18.32,200,
10:10:52,18.32,200,
10:10:52,18.33,500,
10:10:53,18.32,300,
10:10:53,18.32,600,
10:10:53,18.32,500,
10:10:53,18.32,200,
10:10:58,18.31,600,
10:10:58,18.31,300,
10:10:58,18.31,200,
10:10:58,18.30,400,
10:10:58,18.30,200,
10:10:58,18.30,1000,
10:10:58,18.30,250,
10:10:58,18.30,400,
10:10:59,18.30,600,
10:10:59,18.30,400,
10:11:00,18.30,300,
10:11:00,18.30,300,
10:11:06,18.29,1100,
10:11:06,18.29,100,
10:11:06,18.29,100,
10:11:06,18.29,500,
10:11:06,18.29,300,
10:11:07,18.2905,1000,
10:11:09,18.29,300,
10:11:10,18.29,600,
10:11:10,18.29,100,
10:11:16,18.29,400,
10:11:16,18.29,1000,
10:11:17,18.28,100,
10:11:17,18.29,300,
10:11:21,18.30,200,
10:11:21,18.30,100,
10:11:21,18.30,100,
10:11:21,18.30,100,
10:11:30,18.32,1200,
10:11:31,18.33,100,
10:11:32,18.34,100,
10:11:34,18.35,100,
10:11:34,18.36,200,
10:11:37,18.36,1800,
10:11:37,18.35,500,
10:11:38,18.36,13000,
10:11:41,18.3587,100,
10:11:41,18.3588,100,
10:11:41,18.3588,200,
10:11:41,18.359,600,
10:11:44,18.36,300,
10:11:47,18.37,200,
10:11:50,18.3695,1000,
10:11:50,18.37,400,
10:11:50,18.37,300,
10:11:50,18.37,100,
10:11:50,18.37,1500,
10:11:51,18.379,200,
10:11:51,18.3728,1900,
10:11:56,18.3795,700,
10:11:56,18.379,900,
10:11:57,18.38,200,
10:11:58,18.38,300,
10:11:59,18.3772,400,
10:11:59,18.379,400,
10:11:59,18.37,700,
10:12:02,18.36,500,
10:12:02,18.36,100,
10:12:02,18.36,200,
10:12:14,18.35,500,
10:12:14,18.35,300,
10:12:15,18.35,300,
10:12:15,18.341,150,
10:12:15,18.36,200,
10:12:16,18.37,200,
10:12:17,18.36,200,
10:12:17,18.36,400,
10:12:17,18.358,1000,
10:12:23,18.35,100,
10:12:23,18.35,100,
10:12:28,18.35,300,
10:12:32,18.3599,200,
10:12:40,18.33,600,
10:12:40,18.3201,600,
10:12:41,18.33,200,
10:12:41,18.33,200,
10:12:42,18.3399,200,
10:12:45,18.3301,2250,
10:12:51,18.35,810,
10:12:51,18.35,195,
10:12:51,18.35,100,
10:12:51,18.35,300,
10:12:52,18.34,300,
10:12:52,18.34,500,
10:12:53,18.3384,100,
10:12:53,18.3386,200,
10:12:53,18.339,1000,
10:12:54,18.34,1000,
10:12:57,18.3305,1250,
10:13:02,18.34,1000,
10:13:03,18.34,300,
10:13:03,18.33,100,
10:13:03,18.33,300,
10:13:03,18.33,500,
10:13:07,18.33,120,
10:13:09,18.3383,200,
10:13:09,18.339,300,
10:13:09,18.339,150,
10:13:11,18.33,400,
10:13:11,18.3201,2000,
10:13:12,18.33,300,
10:13:12,18.33,200,
10:13:24,18.339,300,
10:13:31,18.33,300,
10:13:39,18.32,500,
10:13:39,18.32,300,
10:13:41,18.32,700,
10:13:41,18.32,100,
10:13:41,18.32,200,
10:13:44,18.31,200,
10:13:44,18.31,500,
10:13:46,18.3001,1000,
10:13:50,18.31,200,
10:13:50,18.31,900,
10:13:51,18.31,500,
10:13:51,18.31,400,
10:13:51,18.31,100,
10:13:51,18.31,100,
10:13:52,18.31,300,
10:13:57,18.31,300,
10:14:03,18.31,300,
10:14:08,18.33,200,
10:14:08,18.33,200,
10:14:08,18.33,200,
10:14:09,18.3301,1000,
10:14:21,18.31,300,
10:14:21,18.31,300,
10:14:21,18.31,500,
10:14:21,18.31,300,
10:14:22,18.30,300,
10:14:22,18.30,200,
10:14:22,18.29,1600,
10:14:22,18.29,200,
10:14:24,18.29,300,
10:14:28,18.30,300,
10:14:30,18.30,400,
10:14:44,18.30,200,
10:14:46,18.309,100,
10:14:50,18.308,1000,
10:14:52,18.32,300,
10:14:59,18.3195,500,
10:15:07,18.3099,1000,
10:15:09,18.297,400,
10:15:15,18.294,300,
10:15:18,18.29,300,
10:15:22,18.2993,100,
10:15:26,18.289,100,
10:15:27,18.28,200,
10:15:27,18.28,500,
10:15:27,18.28,300,
10:15:27,18.27,200,
10:15:27,18.26,400,
10:15:27,18.26,300,
10:15:27,18.26,200,
10:15:27,18.26,500,
10:15:27,18.26,100,
10:15:27,18.26,300,
10:15:27,18.26,500,
10:15:27,18.26,300,
10:15:27,18.26,2200,
10:15:27,18.26,600,
10:15:27,18.25,221,
10:15:27,18.25,400,
10:15:27,18.26,100,
10:15:27,18.25,200,
10:15:27,18.25,200,
10:15:27,18.25,550,
10:15:27,18.25,300,
10:15:27,18.25,200,
10:15:27,18.25,100,
10:15:27,18.25,600,
10:15:27,18.25,1000,
10:15:27,18.25,200,
10:15:27,18.25,200,
10:15:27,18.25,2000,
10:15:27,18.27,100,
10:15:27,18.24,500,
10:15:27,18.2407,250,
10:15:28,18.24,100,
10:15:28,18.24,300,
10:15:28,18.242,1400,
10:15:28,18.25,1000,
10:15:28,18.28,200,
10:15:28,18.24,800,
10:15:29,18.23,100,
10:15:29,18.23,100,
10:15:29,18.23,600,
10:15:29,18.23,300,
10:15:29,18.23,500,
10:15:29,18.23,300,
10:15:29,18.23,500,
10:15:30,18.23,1450,
10:15:30,18.22,200,
10:15:30,18.23,1000,
10:15:30,18.221,2700,
10:15:32,18.223,400,
10:15:33,18.221,2300,
10:15:35,18.22,200,
10:15:36,18.22,10000,
10:15:36,18.22,400,
10:15:36,18.22,2000,
10:15:36,18.23,500,
10:15:39,18.22,100,
10:15:39,18.212,300,
10:15:41,18.2199,3000,
10:15:43,18.22,100,
10:15:44,18.22,600,
10:15:44,18.22,200,
10:15:45,18.211,150,
10:15:47,18.22,100,
10:15:47,18.22,300,
10:15:49,18.22,300,
10:15:49,18.22,100,
10:15:50,18.23,300,
10:15:51,18.23,320,
10:15:53,18.23,10000,
10:15:54,18.23,300,
10:15:55,18.22,100,
10:15:56,18.20,700,
10:15:56,18.2001,300,
10:15:58,18.20,100,
10:15:58,18.20,500,
10:16:00,18.2014,1000,
10:16:04,18.201,500,
10:16:07,18.22,100,
10:16:09,18.22,500,
10:16:10,18.224,100,
10:16:11,18.2086,1000,
10:16:11,18.21,100,
10:16:11,18.21,100,
10:16:11,18.21,100,
10:16:13,18.21,100,
10:16:13,18.21,500,
10:16:15,18.20,250,
10:16:16,18.201,250,
10:16:18,18.20,100,
10:16:18,18.20,100,
10:16:18,18.2001,200,
10:16:18,18.203,800,
10:16:20,18.22,100,
10:16:22,18.22,200,
10:16:22,18.21,100,
10:16:24,18.21,100,
10:16:26,18.20,800,
10:16:26,18.20,100,
10:16:26,18.20,100,
10:16:39,18.20,200,
10:16:39,18.20,1100,
10:16:42,18.20,2200,
10:16:42,18.19,300,
10:16:47,18.1805,1500,
10:16:47,18.1899,100,
10:16:49,18.18,1200,
10:16:49,18.18,500,
10:16:49,18.182,500,
10:16:50,18.1806,1000,
10:16:51,18.181,2300,
10:16:52,18.18,100,
10:16:58,18.181,2000,
10:16:58,18.18,300,
10:16:59,18.1801,2000,
10:17:01,18.1825,2908,
10:17:07,18.181,2300,
10:17:09,18.17,100,
10:17:09,18.17,100,
10:17:09,18.17,100,
10:17:09,18.17,1300,
10:17:09,18.17,1200,
10:17:09,18.17,500,
10:17:10,18.171,900,
10:17:10,18.174,100,
10:17:20,18.17,1000,
10:17:21,18.179,3000,
10:17:22,18.162,700,
10:17:22,18.1699,2000,
10:17:24,18.15,200,
10:17:25,18.151,200,
10:17:27,18.15,5000,
10:17:31,18.151,300,
10:17:32,18.15,100,
10:17:34,18.153,500,
10:17:35,18.14,300,
10:17:35,18.13,5000,
10:17:36,18.1386,1000,
10:17:37,18.13,535,
10:17:38,18.14,600,
10:17:38,18.14,100,
10:17:38,18.14,1400,
10:17:38,18.14,200,
10:17:38,18.14,100,
10:17:38,18.14,200,
10:17:38,18.14,100,
10:17:38,18.14,100,
10:17:38,18.14,400,
10:17:38,18.14,500,
10:17:38,18.14,100,
10:17:39,18.13,1000,
10:17:39,18.13,1200,
10:17:39,18.13,1265,
10:17:40,18.131,100,
10:17:42,18.133,1300,
10:17:44,18.13,100,
10:17:44,18.13,100,
10:17:48,18.14,100,
10:17:50,18.1328,1000,
10:17:57,18.14,300,
10:17:57,18.14,500,
10:18:00,18.1382,900,
10:18:00,18.1382,500,
10:18:08,18.1475,100,
10:18:09,18.1499,3000,
10:18:12,18.15,100,
10:18:14,18.17,300,
10:18:14,18.17,500,
10:18:14,18.17,300,
10:18:14,18.17,200,
10:18:14,18.18,200,
10:18:14,18.18,200,
10:18:14,18.18,200,
10:18:14,18.18,100,
10:18:14,18.18,300,
10:18:14,18.18,200,
10:18:14,18.18,100,
10:18:14,18.18,200,
10:18:15,18.182,300,
10:18:16,18.18,165,
10:18:17,18.17,200,
10:18:20,18.1699,3000,
10:18:22,18.167,1110,
10:18:25,18.16,300,
10:18:27,18.151,450,
10:18:31,18.16,400,
10:18:31,18.1563,100,
10:18:31,18.1564,100,
10:18:31,18.1565,200,
10:18:33,18.1586,900,
10:18:33,18.159,100,
10:18:33,18.1591,100,
10:18:33,18.1591,200,
10:18:35,18.16,100,
10:18:36,18.1599,7500,
10:18:37,18.16,200,
10:18:41,18.1528,600,
10:18:45,18.15,300,
10:18:49,18.14,400,
10:18:49,18.14,1000,
10:18:52,18.1305,1000,
10:18:58,18.134,100,
10:19:00,18.14,200,
10:19:01,18.147,1000,
10:19:02,18.13,100,
10:19:04,18.13,300,
10:19:04,18.14,300,
10:19:13,18.15,100,
10:19:13,18.144,200,
10:19:27,18.14,100,
10:19:29,18.141,3000,
10:19:32,18.15,500,
10:19:34,18.15,10000,
10:19:36,18.15,1000,
10:19:36,18.15,135,
10:19:36,18.15,700,
10:19:36,18.15,800,
10:19:36,18.1463,5000,
10:19:36,18.15,200,
10:19:36,18.15,800,
10:19:37,18.159,4000,
10:19:38,18.15,500,
10:19:39,18.16,100,
10:19:39,18.16,300,
10:19:44,18.157,1000,
10:19:48,18.15,500,
10:19:48,18.15,3000,
10:19:48,18.14,100,
10:19:48,18.14,300,
10:19:53,18.1401,1000,
10:19:57,18.14,400,
10:19:57,18.14,300,
10:19:57,18.14,100,
10:19:57,18.14,600,
10:19:57,18.14,300,
10:19:58,18.1399,200,
10:20:00,18.1279,600,
10:20:00,18.1295,1200,
10:20:03,18.12,700,
10:20:05,18.11,100,
10:20:07,18.11,200,
10:20:08,18.114,450,
10:20:08,18.10,200,
10:20:09,18.11,400,
10:20:09,18.11,291,
10:20:09,18.11,300,
10:20:10,18.10,200,
10:20:10,18.11,600,
10:20:10,18.11,500,
10:20:10,18.11,100,
10:20:11,18.107,1000,
10:20:15,18.1025,100,
10:20:15,18.102,100,
10:20:15,18.11,750,
10:20:18,18.105,200,
10:20:20,18.107,1000,
10:20:20,18.10,1100,
10:20:20,18.10,500,
10:20:20,18.10,700,
10:20:20,18.10,1100,
10:20:21,18.10,400,
10:20:21,18.10,300,
10:20:21,18.10,400,
10:20:23,18.09,2000,
10:20:24,18.0986,1000,
10:20:27,18.0912,930,
10:20:27,18.10,200,
10:20:28,18.093,550,
10:20:29,18.094,200,
10:20:30,18.0968,100,
10:20:30,18.097,600,
10:20:30,18.0974,900,
10:20:30,18.0991,2600,
10:20:31,18.10,236,
10:20:31,18.10,300,
10:20:31,18.10,300,
10:20:31,18.10,800,
10:20:31,18.10,200,
10:20:31,18.10,800,
10:20:31,18.11,238,
10:20:35,18.11,400,
10:20:35,18.11,500,
10:20:35,18.11,600,
10:20:36,18.11,400,
10:20:37,18.11,400,
10:20:37,18.11,1500,
10:20:40,18.10,200,
10:20:40,18.11,200,
10:20:40,18.11,300,
10:20:40,18.11,200,
10:20:40,18.11,299,
10:20:40,18.11,200,
10:20:40,18.10,300,
10:20:40,18.10,200,
10:20:41,18.1095,1500,
10:20:43,18.10,100,
10:20:43,18.10,100,
10:20:43,18.10,100,
10:20:43,18.10,100,
10:20:43,18.0986,1400,
10:20:44,18.091,100,
10:20:44,18.091,400,
10:20:46,18.10,100,
10:20:46,18.0986,300,
10:20:46,18.0992,100,
10:20:46,18.09,500,
10:20:48,18.099,500,
10:20:48,18.10,1000,
10:20:50,18.10,600,
10:20:50,18.10,301,
10:20:50,18.10,200,
10:20:50,18.10,1000,
10:20:50,18.10,399,
10:20:50,18.10,400,
10:20:50,18.10,199,
10:20:50,18.0989,1500,
10:20:50,18.0916,135,
10:20:52,18.10,300,
10:20:52,18.10,500,
10:20:52,18.10,300,
10:20:52,18.10,300,
10:20:56,18.109,2500,
10:20:56,18.10,200,
10:20:56,18.10,2000,
10:20:57,18.101,200,
10:20:58,18.1099,1500,
10:20:59,18.107,1000,
10:21:00,18.1001,350,
10:21:01,18.10,200,
10:21:01,18.10,500,
10:21:01,18.109,300,
10:21:02,18.107,200,
10:21:05,18.093,700,
10:21:14,18.11,200,
10:21:14,18.11,300,
10:21:15,18.11,300,
10:21:15,18.10,500,
10:21:15,18.10,500,
10:21:18,18.0999,700,
10:21:18,18.10,300,
10:21:20,18.093,1000,
10:21:22,18.098,200,
10:21:27,18.1199,3500,
10:21:30,18.11,300,
10:21:38,18.11,500,
10:21:38,18.117,330,
10:21:38,18.1095,1250,
10:21:45,18.1072,500,
10:21:45,18.11,200,
10:21:45,18.11,300,
10:21:50,18.11,300,
10:21:50,18.10,300,
10:21:50,18.10,100,
10:21:50,18.10,300,
10:21:50,18.10,300,
10:21:50,18.10,100,
10:21:58,18.103,300,
10:21:59,18.11,200,
10:21:59,18.11,1700,
10:21:59,18.11,100,
10:21:59,18.11,300,
10:21:59,18.11,300,
10:21:59,18.11,200,
10:21:59,18.11,2100,
10:22:02,18.1214,1000,
10:22:05,18.133,400,
10:22:08,18.13,300,
10:22:09,18.12,200,
10:22:09,18.12,200,
10:22:10,18.13,200,
10:22:11,18.13,500,
10:22:11,18.13,1200,
10:22:11,18.13,6000,
10:22:14,18.13,500,
10:22:15,18.13,1900,
10:22:15,18.13,100,
10:22:15,18.13,300,
10:22:15,18.13,100,
10:22:15,18.13,100,
10:22:15,18.13,300,
10:22:16,18.1399,5000,
10:22:18,18.13,400,
10:22:24,18.139,100,
10:22:26,18.13,300,
10:22:29,18.137,400,
10:22:36,18.1375,2900,
10:22:38,18.1354,200,
10:22:42,18.14,1000,
10:22:53,18.139,2000,
10:22:56,18.1301,200,
10:22:59,18.1286,100,
10:23:09,18.11,300,
10:23:11,18.11,10500,
10:23:14,18.119,200,
10:23:16,18.10,1600,
10:23:16,18.10,300,
10:23:16,18.10,300,
10:23:16,18.10,300,
10:23:16,18.10,200,
10:23:16,18.10,1300,
10:23:16,18.10,200,
10:23:16,18.10,600,
10:23:16,18.10,1752,
10:23:17,18.10,500,
10:23:17,18.0999,400,
10:23:17,18.0975,2400,
10:23:17,18.10,100,
10:23:17,18.09,100,
10:23:17,18.09,100,
10:23:17,18.09,300,
10:23:17,18.09,300,
10:23:17,18.08,297,
10:23:17,18.09,1500,
10:23:17,18.0801,100,
10:23:17,18.111,200,
10:23:17,18.0837,100,
10:23:18,18.08,100,
10:23:20,18.09,300,
10:23:20,18.10,300,
10:23:24,18.11,300,
10:23:24,18.10,300,
10:23:24,18.10,300,
10:23:24,18.10,300,
10:23:24,18.10,2000,
10:23:29,18.11,1485,
10:23:32,18.11,1000,
10:23:32,18.11,500,
10:23:32,18.11,120,
10:23:34,18.11,300,
10:23:34,18.11,100,
10:23:40,18.123,300,
10:23:43,18.13,100,
10:23:43,18.13,200,
10:23:43,18.13,900,
10:23:43,18.13,300,
10:23:43,18.13,100,
10:23:43,18.13,100,
10:23:43,18.13,100,
10:23:43,18.13,100,
10:23:43,18.13,100,
10:23:44,18.139,1100,
10:23:44,18.139,1100,
10:23:46,18.1399,1000,
10:23:47,18.1391,100,
10:23:47,18.1391,100,
10:23:47,18.1391,100,
10:23:47,18.14,200,
10:23:47,18.14,300,
10:23:47,18.14,236,
10:23:50,18.14,100,
10:23:58,18.13,1000,
10:23:59,18.1201,100,
10:24:03,18.1299,300,
10:24:03,18.13,100,
10:24:03,18.13,200,
10:24:05,18.127,500,
10:24:13,18.12,200,
10:24:17,18.12,300,
10:24:17,18.121,2000,
10:24:25,18.12,300,
10:24:27,18.13,100,
10:24:38,18.127,1500,
10:24:40,18.1399,500,
10:24:49,18.16,800,
10:24:53,18.177,2500,
10:24:55,18.17,300,
10:25:00,18.18,170,
10:25:04,18.18,300,
10:25:04,18.18,400,
10:25:05,18.18,300,
10:25:05,18.18,800,
10:25:05,18.18,500,
10:25:05,18.18,200,
10:25:05,18.18,4300,
10:25:05,18.19,200,
10:25:08,18.19,500,
10:25:09,18.18,200,
10:25:09,18.19,800,
10:25:09,18.19,300,
10:25:09,18.19,2000,
10:25:09,18.19,100,
10:25:09,18.19,300,
10:25:09,18.20,100,
10:25:09,18.20,100,
10:25:09,18.20,200,
10:25:09,18.20,100,
10:25:09,18.20,600,
10:25:09,18.20,300,
10:25:09,18.20,100,
10:25:09,18.20,100,
10:25:09,18.19,200,
10:25:09,18.19,100,
10:25:09,18.19,100,
10:25:09,18.19,400,
10:25:09,18.19,400,
10:25:09,18.20,500,
10:25:09,18.20,300,
10:25:09,18.199,400,
10:25:09,18.20,109,
10:25:11,18.191,3000,
10:25:12,18.2065,1000,
10:25:15,18.20,200,
10:25:15,18.19,200,
10:25:15,18.19,300,
10:25:15,18.19,100,
10:25:15,18.19,300,
10:25:15,18.19,500,
10:25:16,18.1865,6000,
10:25:20,18.19,500,
10:25:22,18.19,500,
10:25:23,18.1891,544,
10:25:28,18.175,300,
10:25:30,18.173,1500,
10:25:31,18.18,145,
10:25:36,18.18,100,
10:25:36,18.18,155,
10:25:48,18.19,100,
10:25:56,18.18,300,
10:26:11,18.178,750,
10:26:17,18.17,1400,
10:26:17,18.17,300,
10:26:25,18.17,400,
10:26:25,18.16,7850,
10:26:31,18.17,10500,
10:26:46,18.19,300,
10:26:48,18.17,200,
10:26:48,18.16,300,
10:26:48,18.16,1300,
10:26:48,18.16,100,
10:26:48,18.16,300,
10:26:48,18.16,300,
10:26:48,18.16,100,
10:26:48,18.16,400,
10:26:48,18.16,200,
10:26:48,18.16,100,
10:26:48,18.16,1000,
10:26:48,18.16,1600,
10:26:48,18.16,300,
10:26:50,18.16,113,
10:27:03,18.16,300,
10:27:03,18.16,287,
10:27:03,18.16,200,
10:27:03,18.17,100,
10:27:04,18.17,200,
10:27:06,18.17,100,
10:27:06,18.1701,400,
10:27:06,18.17,287,
10:27:06,18.17,300,
10:27:06,18.17,500,
10:27:15,18.161,2000,
10:27:22,18.17,300,
10:27:23,18.17,100,
10:27:27,18.18,135,
10:27:32,18.16,218,
10:27:32,18.16,1600,
10:27:32,18.16,500,
10:27:32,18.16,400,
10:27:32,18.16,500,
10:27:32,18.16,300,
10:27:32,18.16,400,
10:27:32,18.16,300,
10:27:39,18.16,2750,
10:27:40,18.16,300,
10:27:41,18.157,500,
10:27:46,18.17,260,
10:27:54,18.16,300,
10:27:54,18.16,213,
10:28:02,18.1805,1300,
10:28:12,18.198,200,
10:28:17,18.19,200,
10:28:17,18.1901,500,
10:28:23,18.20,200,
10:28:31,18.20,200,
10:28:31,18.20,200,
10:28:31,18.20,300,
10:28:41,18.21,2068,
10:28:46,18.21,100,
10:28:55,18.2285,6500,
10:29:00,18.22,100,
10:29:04,18.24,300,
10:29:04,18.24,300,
10:29:04,18.24,400,
10:29:05,18.24,200,
10:29:09,18.229,275,
10:29:16,18.24,200,
10:29:16,18.24,300,
10:29:17,18.2492,400,
10:29:19,18.248,900,
10:29:20,18.25,100,
10:29:20,18.25,600,
10:29:20,18.25,300,
10:29:20,18.25,300,
10:29:20,18.25,100,
10:29:20,18.25,100,
10:29:20,18.25,300,
10:29:20,18.25,200,
10:29:20,18.25,700,
10:29:20,18.2572,100,
10:29:21,18.24,3000,
10:29:22,18.25,300,
10:29:26,18.2499,1000,
10:29:41,18.24,400,
10:29:41,18.25,100,
10:29:41,18.25,200,
10:29:41,18.25,400,
10:29:41,18.25,100,
10:29:41,18.25,100,
10:29:41,18.25,100,
10:29:51,18.25,1047,
10:30:02,18.249,1700,
10:30:03,18.24,500,
10:30:03,18.23,600,
10:30:04,18.24,175,
10:30:07,18.24,200,
10:30:07,18.24,204,
10:30:07,18.24,296,
10:30:07,18.24,600,
10:30:07,18.24,300,
10:30:07,18.24,100,
10:30:07,18.24,100,
10:30:12,18.231,9000,
10:30:24,18.22,2000,
10:30:27,18.21,300,
10:30:30,18.2199,101,
10:30:31,18.22,300,
10:30:40,18.24,200,
10:30:42,18.2301,6000,
10:30:45,18.24,200,
10:30:45,18.24,100,
10:30:45,18.24,400,
10:30:45,18.24,200,
10:30:45,18.24,500,
10:30:45,18.24,200,
10:30:45,18.24,400,
10:30:45,18.24,400,
10:30:46,18.24,300,
10:30:46,18.24,200,
10:30:47,18.234,350,
10:30:54,18.24,1000,
10:30:54,18.24,200,
10:30:58,18.25,200,
10:31:07,18.25,200,
10:31:07,18.25,600,
10:31:07,18.25,100,
10:31:09,18.25,700,
10:31:09,18.25,300,
10:31:11,18.24,300,
10:31:11,18.24,200,
10:31:11,18.24,1000,
10:31:15,18.24,300,
10:31:15,18.24,133,
10:31:27,18.24,200,
10:31:27,18.24,400,
10:31:27,18.24,400,
10:31:27,18.24,1800,
10:31:27,18.24,200,
10:31:27,18.24,400,
10:31:29,18.24,300,
10:31:29,18.24,1800,
10:31:29,18.24,267,
10:31:29,18.24,500,
10:31:29,18.24,500,
10:31:29,18.24,500,
10:31:29,18.24,819,
10:31:32,18.2301,700,
10:31:32,18.23,300,
10:31:32,18.23,200,
10:31:36,18.24,500,
10:31:36,18.25,100,
10:31:40,18.24,100,
10:31:41,18.24,326,
10:31:58,18.23,100,
10:32:03,18.233,700,
10:32:11,18.2285,100,
10:32:12,18.22,100,
10:32:12,18.22,100,
10:32:12,18.22,200,
10:32:12,18.22,300,
10:32:12,18.22,500,
10:32:12,18.22,300,
10:32:12,18.22,1600,
10:32:12,18.22,100,
10:32:12,18.22,2400,
10:32:12,18.22,1600,
10:32:12,18.22,100,
10:32:19,18.211,5000,
10:32:22,18.22,270,
10:32:23,18.21,300,
10:32:23,18.21,200,
10:32:23,18.21,300,
10:32:27,18.21,267,
10:32:33,18.202,400,
10:32:41,18.21,100,
10:32:41,18.2072,600,
10:32:44,18.2099,5000,
10:32:51,18.20,1000,
10:32:56,18.21,1000,
10:32:56,18.21,100,
10:32:56,18.21,233,
10:32:56,18.21,300,
10:33:13,18.2115,100,
10:33:22,18.21,300,
10:33:40,18.19,500,
10:33:42,18.19,300,
10:33:42,18.19,200,
10:33:42,18.1801,3500,
10:33:56,18.19,200,
10:34:06,18.20,287,
10:34:13,18.21,200,
10:34:15,18.2014,135,
10:34:39,18.21,100,
10:34:39,18.21,100,
10:34:45,18.203,500,
10:34:58,18.183,200,
10:35:00,18.17,100,
10:35:00,18.17,300,
10:35:00,18.18,100,
10:35:00,18.18,500,
10:35:00,18.18,900,
10:35:00,18.17,500,
10:35:00,18.17,500,
10:35:00,18.17,400,
10:35:00,18.17,300,
10:35:03,18.17,1200,
10:35:03,18.17,400,
10:35:12,18.17,200,
10:35:12,18.17,300,
10:35:14,18.18,400,
10:35:14,18.18,300,
10:35:17,18.18,1000,
10:35:19,18.187,300,
10:35:32,18.1895,100,
10:35:35,18.19,400,
10:35:40,18.19,300,
10:35:40,18.19,300,
10:35:44,18.1801,200,
10:35:50,18.19,100,
10:36:00,18.192,220,
10:36:05,18.19,271,
10:36:05,18.19,300,
10:36:07,18.189,1000,
10:36:16,18.199,100,
10:36:20,18.21,200,
10:36:22,18.213,678,
10:36:28,18.217,700,
10:36:31,18.22,4800,
10:36:34,18.209,600,
10:36:34,18.23,300,
10:36:34,18.23,300,
10:36:34,18.23,300,
10:36:34,18.23,100,
10:36:34,18.23,200,
10:36:34,18.23,500,
10:36:34,18.23,400,
10:36:34,18.24,400,
10:36:34,18.24,100,
10:36:34,18.24,100,
10:36:34,18.24,100,
10:36:34,18.25,300,
10:36:34,18.25,1200,
10:36:34,18.26,100,
10:36:34,18.26,802,
10:36:35,18.27,700,
10:36:35,18.27,100,
10:36:35,18.28,300,
10:36:35,18.28,200,
10:36:35,18.28,100,
10:36:35,18.27,3400,
10:36:35,18.27,1800,
10:36:35,18.27,300,
10:36:37,18.279,700,
10:36:37,18.27,400,
10:36:37,18.27,200,
10:36:37,18.27,200,
10:36:37,18.26,500,
10:36:40,18.27,500,
10:36:40,18.27,300,
10:36:41,18.28,300,
10:36:42,18.28,300,
10:36:43,18.27,1000,
10:36:43,18.27,400,
10:36:43,18.27,200,
10:36:46,18.26,1000,
10:36:47,18.28,100,
10:36:47,18.28,200,
10:36:48,18.28,300,
10:36:49,18.28,800,
10:36:49,18.28,300,
10:36:49,18.28,300,
10:36:49,18.28,300,
10:36:49,18.28,300,
10:36:49,18.28,500,
10:36:49,18.277,1540,
10:37:02,18.2799,200,
10:37:07,18.28,200,
10:37:09,18.2899,3000,
10:37:13,18.28,100,
10:37:13,18.28,500,
10:37:13,18.28,300,
10:37:21,18.2859,300,
10:37:24,18.29,300,
10:37:24,18.29,1800,
10:37:24,18.298,1000,
10:37:26,18.28,400,
10:37:26,18.28,100,
10:37:26,18.28,400,
10:37:37,18.27,300,
10:37:37,18.27,200,
10:37:39,18.2699,200,
10:37:42,18.26,160,
10:37:42,18.26,500,
10:37:42,18.26,300,
10:37:42,18.26,100,
10:37:42,18.26,600,
10:37:42,18.26,300,
10:37:42,18.26,1600,
10:37:42,18.26,500,
10:37:42,18.26,3400,
10:37:42,18.26,4400,
10:37:42,18.26,300,
10:37:42,18.26,500,
10:37:43,18.25,100,
10:37:44,18.24,100,
10:37:44,18.24,2000,
10:37:54,18.24,400,
10:37:55,18.2499,3000,
10:37:56,18.25,300,
10:37:57,18.26,400,
10:38:13,18.26,100,
10:38:13,18.27,500,
10:38:13,18.27,300,
10:38:13,18.27,200,
10:38:20,18.26,1000,
10:38:20,18.26,100,
10:38:20,18.26,300,
10:38:20,18.26,3500,
10:38:20,18.26,100,
10:38:20,18.26,200,
10:38:22,18.27,200,
10:38:27,18.28,400,
10:38:27,18.28,800,
10:38:27,18.28,100,
10:38:27,18.28,300,
10:38:27,18.28,200,
10:38:27,18.28,500,
10:38:27,18.28,795,
10:38:31,18.28,300,
10:38:31,18.28,200,
10:38:46,18.28,200,
10:39:13,18.27,200,
10:39:13,18.27,200,
10:39:14,18.267,100,
10:39:16,18.27,200,
10:39:23,18.27,16000,
10:39:37,18.28,300,
10:39:38,18.28,100,
10:39:50,18.27,300,
10:39:50,18.27,300,
10:39:53,18.27,400,
10:39:53,18.26,100,
10:39:53,18.26,500,
10:40:00,18.26,300,
10:40:04,18.26,100,
10:40:13,18.26,300,
10:40:14,18.25,100,
10:40:14,18.25,100,
10:40:30,18.25,500,
10:40:33,18.25,300,
10:40:34,18.26,200,
10:40:40,18.2673,1000,
10:40:44,18.27,300,
10:40:49,18.27,134,
10:40:55,18.27,170,
10:40:59,18.27,200,
10:40:59,18.27,300,
10:41:00,18.27,100,
10:41:05,18.26,250,
10:41:05,18.26,500,
10:41:10,18.26,105,
10:41:11,18.263,100,
10:41:15,18.25,320,
10:41:15,18.25,320,
10:41:15,18.25,300,
10:41:15,18.25,1800,
10:41:15,18.25,300,
10:41:15,18.25,820,
10:41:15,18.25,500,
10:41:16,18.24,300,
10:41:16,18.24,300,
10:41:16,18.24,300,
10:41:16,18.24,600,
10:41:16,18.24,100,
10:41:16,18.24,1000,
10:41:17,18.23,500,
10:41:17,18.23,500,
10:41:17,18.2238,100,
10:41:19,18.2264,100,
10:41:19,18.2266,100,
10:41:19,18.2277,500,
10:41:28,18.23,300,
10:41:28,18.23,300,
10:41:35,18.23,500,
10:41:48,18.21,200,
10:41:48,18.20,400,
10:41:48,18.20,100,
10:41:48,18.20,300,
10:41:48,18.20,200,
10:41:48,18.21,500,
10:41:48,18.20,200,
10:41:48,18.19,100,
10:41:48,18.19,100,
10:41:49,18.18,3000,
10:41:50,18.19,100,
10:41:52,18.193,700,
10:41:58,18.198,200,
10:42:14,18.19,500,
10:42:14,18.19,100,
10:42:14,18.19,300,
10:42:25,18.18,900,
10:42:27,18.1805,750,
10:42:31,18.18,300,
10:42:31,18.18,1000,
10:42:31,18.18,400,
10:42:31,18.18,800,
10:42:31,18.17,400,
10:42:32,18.1702,300,
10:42:32,18.171,300,
10:42:39,18.16,200,
10:42:50,18.15,500,
10:42:52,18.15,10500,
10:42:53,18.15,1000,
10:42:57,18.16,300,
10:43:01,18.17,100,
10:43:04,18.175,500,
10:43:07,18.1793,400,
10:43:11,18.177,200,
10:43:23,18.1687,100,
10:43:23,18.17,1000,
10:43:23,18.17,800,
10:43:24,18.1699,2000,
10:43:26,18.1695,750,
10:43:32,18.17,500,
10:43:35,18.17,3500,
10:43:46,18.17,300,
10:43:46,18.17,195,
10:43:46,18.17,200,
10:43:56,18.19,100,
10:44:05,18.1999,2200,
10:44:07,18.1895,1000,
10:44:18,18.18,300,
10:44:22,18.1865,3000,
10:44:29,18.187,650,
10:44:31,18.1899,100,
10:44:32,18.1998,600,
10:44:32,18.1975,1900,
10:44:38,18.199,1700,
10:44:48,18.20,100,
10:44:57,18.197,100,
10:45:00,18.18,500,
10:45:09,18.1875,900,
10:45:09,18.19,100,
10:45:09,18.19,400,
10:45:11,18.18,900,
10:45:11,18.18,300,
10:45:14,18.17,449,
10:45:15,18.17,300,
10:45:35,18.1795,1000,
10:45:37,18.18,300,
10:45:42,18.18,300,
10:45:44,18.21,100,
10:45:44,18.21,400,
10:45:48,18.20,300,
10:46:02,18.21,100,
10:46:08,18.22,200,
10:46:11,18.22,300,
10:46:11,18.22,500,
10:46:11,18.22,500,
10:46:11,18.22,200,
10:46:11,18.22,251,
10:46:12,18.223,100,
10:46:14,18.23,100,
10:46:15,18.23,300,
10:46:18,18.237,700,
10:46:20,18.25,100,
10:46:20,18.25,1400,
10:46:20,18.25,100,
10:46:20,18.25,500,
10:46:20,18.25,1000,
10:46:20,18.25,200,
10:46:20,18.25,100,
10:46:20,18.25,500,
10:46:20,18.25,300,
10:46:20,18.26,1600,
10:46:20,18.25,1000,
10:46:20,18.25,300,
10:46:20,18.25,600,
10:46:20,18.26,100,
10:46:20,18.26,1600,
10:46:20,18.26,100,
10:46:20,18.26,100,
10:46:20,18.26,300,
10:46:20,18.26,1000,
10:46:20,18.26,100,
10:46:20,18.26,300,
10:46:20,18.26,200,
10:46:20,18.25,400,
10:46:20,18.25,400,
10:46:23,18.28,300,
10:46:31,18.30,2000,
10:46:34,18.29,200,
10:46:34,18.29,100,
10:46:34,18.28,100,
10:46:37,18.27,300,
10:46:40,18.282,1000,
10:46:47,18.28,100,
10:46:51,18.2804,200,
10:46:51,18.2803,100,
10:46:51,18.2801,100,
10:46:51,18.2801,100,
10:46:56,18.29,1800,
10:46:56,18.29,300,
10:46:59,18.283,100,
10:47:02,18.29,247,
10:47:02,18.29,200,
10:47:02,18.29,200,
10:47:02,18.30,800,
10:47:04,18.29,1800,
10:47:06,18.28,12500,
10:47:09,18.29,500,
10:47:09,18.29,300,
10:47:13,18.30,100,
10:47:14,18.30,826,
10:47:14,18.30,100,
10:47:14,18.30,151,
10:47:14,18.30,1800,
10:47:14,18.30,200,
10:47:14,18.32,500,
10:47:14,18.32,500,
10:47:14,18.32,100,
10:47:14,18.32,100,
10:47:14,18.32,2500,
10:47:14,18.32,200,
10:47:15,18.3206,100,
10:47:15,18.321,200,
10:47:16,18.32,1200,
10:47:17,18.32,2700,
10:47:17,18.32,1000,
10:47:17,18.32,300,
10:47:18,18.326,350,
10:47:20,18.328,1090,
10:47:20,18.33,300,
10:47:21,18.33,1500,
10:47:23,18.33,300,
10:47:26,18.3305,1500,
10:47:28,18.33,300,
10:47:37,18.3295,900,
10:47:55,18.31,5000,
10:47:59,18.3186,150,
10:48:10,18.31,200,
10:48:26,18.30,100,
10:48:26,18.30,2500,
10:48:26,18.28,600,
10:48:26,18.2801,1300,
10:48:26,18.28,100,
10:48:31,18.29,300,
10:48:35,18.281,6200,
10:48:36,18.29,200,
10:48:36,18.281,2800,
10:48:48,18.30,300,
10:48:48,18.30,200,
10:49:00,18.29,1600,
10:49:01,18.29,300,
10:49:01,18.29,500,
10:49:18,18.30,700,
10:49:26,18.292,500,
10:49:35,18.29,300,
10:49:38,18.29,400,
10:49:50,18.2811,100,
10:49:50,18.281,100,
10:49:56,18.28,365,
10:49:56,18.28,181,
10:50:01,18.28,200,
10:50:01,18.28,200,
10:50:03,18.2801,3100,
10:50:03,18.2801,2400,
10:50:04,18.28,100,
10:50:04,18.28,200,
10:50:04,18.272,1000,
10:50:07,18.27,200,
10:50:07,18.27,300,
10:50:08,18.27,800,
10:50:12,18.277,1250,
10:50:12,18.28,400,
10:50:12,18.28,300,
10:50:12,18.2845,100,
10:50:15,18.29,165,
10:50:15,18.29,500,
10:50:15,18.29,300,
10:50:15,18.29,218,
10:50:20,18.2805,750,
10:50:21,18.29,300,
10:50:22,18.29,300,
10:50:22,18.29,400,
10:50:25,18.28,466,
10:50:25,18.2801,2534,
10:50:39,18.2899,1000,
10:50:40,18.29,200,
10:50:46,18.2995,1000,
10:50:56,18.2995,1000,
10:50:57,18.30,300,
10:50:57,18.30,300,
10:50:58,18.30,200,
10:50:58,18.30,1100,
10:51:03,18.309,1500,
10:51:11,18.30,300,
10:51:11,18.30,200,
10:51:12,18.306,346,
10:51:24,18.33,100,
10:51:24,18.33,200,
10:51:25,18.33,700,
10:51:26,18.3295,1250,
10:51:27,18.33,200,
10:51:27,18.33,200,
10:51:27,18.327,700,
10:51:28,18.33,100,
10:51:29,18.33,300,
10:51:30,18.33,1800,
10:51:32,18.32,2000,
10:51:39,18.338,100,
10:51:42,18.338,770,
10:51:45,18.33,300,
10:51:47,18.30,100,
10:51:47,18.30,400,
10:51:47,18.30,697,
10:51:47,18.30,997,
10:51:49,18.29,400,
10:51:50,18.2999,2500,
10:51:55,18.2901,800,
10:51:55,18.29,700,
10:51:56,18.30,400,
10:51:56,18.30,500,
10:51:56,18.30,300,
10:51:57,18.30,200,
10:52:25,18.28,100,
10:52:29,18.2701,400,
10:52:29,18.27,400,
10:52:31,18.27,100,
10:52:33,18.27,100,
10:52:34,18.26,400,
10:52:34,18.26,100,
10:52:34,18.26,382,
10:52:34,18.26,219,
10:52:34,18.26,300,
10:52:34,18.26,500,
10:52:34,18.27,200,
10:52:34,18.27,118,
10:52:34,18.27,300,
10:52:35,18.27,1600,
10:52:41,18.30,200,
10:52:47,18.29,300,
10:52:47,18.29,300,
10:52:52,18.31,100,
10:52:52,18.31,300,
10:52:52,18.31,400,
10:52:52,18.31,400,
10:53:12,18.313,1000,
10:53:22,18.3054,1100,
10:53:24,18.301,2500,
10:53:32,18.31,1000,
10:53:32,18.31,300,
10:53:32,18.31,100,
10:53:34,18.319,200,
10:53:47,18.29,100,
10:53:54,18.30,700,
10:53:57,18.29,200,
10:54:08,18.28,100,
10:54:08,18.28,500,
10:54:08,18.27,100,
10:54:08,18.27,200,
10:54:09,18.261,800,
10:54:10,18.26,100,
10:54:10,18.26,200,
10:54:12,18.26,100,
10:54:38,18.26,300,
10:54:42,18.25,200,
10:54:42,18.25,2600,
10:55:03,18.25,300,
10:55:06,18.242,600,
10:55:06,18.242,200,
10:55:06,18.24,200,
10:55:07,18.24,200,
10:55:07,18.24,400,
10:55:07,18.24,100,
10:55:07,18.24,600,
10:55:07,18.24,100,
10:55:07,18.24,500,
10:55:07,18.24,100,
10:55:07,18.24,400,
10:55:07,18.24,200,
10:55:07,18.24,400,
10:55:07,18.24,600,
10:55:07,18.24,400,
10:55:07,18.24,100,
10:55:07,18.23,300,
10:55:07,18.23,300,
10:55:07,18.23,100,
10:55:07,18.23,100,
10:55:07,18.24,400,
10:55:11,18.2201,2500,
10:55:13,18.23,300,
10:55:21,18.23,300,
10:55:25,18.23,354,
10:55:33,18.22,100,
10:55:33,18.22,700,
10:55:33,18.22,100,
10:55:33,18.23,400,
10:55:33,18.22,100,
10:55:33,18.22,300,
10:55:33,18.22,300,
10:55:33,18.23,600,
10:55:33,18.23,300,
10:55:33,18.23,300,
10:55:33,18.23,300,
10:55:33,18.22,400,
10:55:33,18.23,800,
10:55:33,18.22,500,
10:55:33,18.22,800,
10:55:33,18.22,500,
10:55:33,18.22,600,
10:55:33,18.21,500,
10:55:33,18.21,100,
10:55:33,18.21,600,
10:55:33,18.2114,200,
10:55:33,18.2114,600,
10:55:34,18.21,200,
10:55:34,18.21,1000,
10:55:37,18.209,1000,
10:55:45,18.2014,600,
10:55:45,18.201,700,
10:55:50,18.201,300,
10:55:52,18.19,1200,
10:55:52,18.19,100,
10:55:52,18.19,300,
10:55:52,18.1917,600,
10:55:52,18.191,500,
10:55:54,18.2005,1250,
10:55:56,18.20,100,
10:55:56,18.20,500,
10:55:56,18.20,100,
10:55:56,18.20,300,
10:55:57,18.2004,100,
10:55:57,18.2004,100,
10:55:57,18.201,800,
10:56:02,18.20,100,
10:56:02,18.20,300,
10:56:03,18.19,100,
10:56:11,18.19,200,
10:56:11,18.19,400,
10:56:11,18.1826,200,
10:56:11,18.181,300,
10:56:13,18.19,200,
10:56:13,18.19,500,
10:56:18,18.199,1000,
10:56:22,18.19,300,
10:56:25,18.19,200,
10:56:34,18.20,100,
10:56:34,18.20,100,
10:56:34,18.20,100,
10:56:34,18.19,400,
10:56:37,18.1983,600,
10:56:37,18.1983,600,
10:56:38,18.20,200,
10:56:39,18.21,300,
10:56:39,18.21,300,
10:56:39,18.22,600,
10:56:39,18.22,100,
10:56:39,18.22,300,
10:56:39,18.22,100,
10:56:39,18.23,500,
10:56:39,18.23,100,
10:56:39,18.23,500,
10:56:39,18.23,1097,
10:56:39,18.24,199,
10:56:39,18.24,100,
10:56:39,18.24,100,
10:56:39,18.24,100,
10:56:39,18.24,300,
10:56:39,18.24,300,
10:56:39,18.25,199,
10:56:39,18.24,700,
10:56:39,18.24,100,
10:56:39,18.25,300,
10:56:39,18.25,300,
10:56:39,18.25,1000,
10:56:39,18.25,155,
10:56:39,18.25,300,
10:56:39,18.25,300,
10:56:39,18.26,200,
10:56:39,18.25,155,
10:56:39,18.26,100,
10:56:39,18.26,300,
10:56:39,18.26,200,
10:56:39,18.25,1845,
10:56:39,18.27,100,
10:56:39,18.27,300,
10:56:39,18.27,300,
10:56:39,18.27,500,
10:56:39,18.26,500,
10:56:39,18.26,1103,
10:56:39,18.26,100,
10:56:39,18.27,300,
10:56:39,18.27,200,
10:56:39,18.27,500,
10:56:39,18.22,100,
10:56:39,18.26,459,
10:56:39,18.25,300,
10:56:39,18.25,300,
10:56:39,18.25,600,
10:56:39,18.25,300,
10:56:39,18.25,199,
10:56:39,18.26,2000,
10:56:39,18.25,100,
10:56:39,18.25,300,
10:56:39,18.26,600,
10:56:39,18.26,600,
10:56:39,18.26,500,
10:56:39,18.26,200,
10:56:39,18.26,1000,
10:56:39,18.26,200,
10:56:39,18.26,500,
10:56:39,18.26,200,
10:56:39,18.27,700,
10:56:39,18.27,300,
10:56:40,18.26,400,
10:56:40,18.27,400,
10:56:40,18.28,200,
10:56:40,18.26,400,
10:56:40,18.29,100,
10:56:41,18.29,1100,
10:56:41,18.29,1200,
10:56:44,18.27,200,
10:56:44,18.27,100,
10:56:44,18.27,300,
10:56:44,18.27,500,
10:56:44,18.27,200,
10:56:47,18.28,100,
10:56:47,18.28,100,
10:56:47,18.28,300,
10:56:47,18.28,300,
10:56:48,18.28,500,
10:56:48,18.28,100,
10:56:48,18.27,200,
10:56:49,18.27,100,
10:56:49,18.27,600,
10:56:49,18.27,201,
10:56:49,18.27,200,
10:56:51,18.267,400,
10:56:53,18.27,100,
10:57:01,18.28,1100,
10:57:01,18.28,300,
10:57:01,18.28,100,
10:57:01,18.28,100,
10:57:01,18.28,200,
10:57:01,18.28,300,
10:57:01,18.28,400,
10:57:01,18.29,300,
10:57:01,18.30,800,
10:57:01,18.30,100,
10:57:01,18.30,300,
10:57:01,18.30,300,
10:57:01,18.30,200,
10:57:01,18.31,200,
10:57:01,18.28,1000,
10:57:01,18.31,100,
10:57:01,18.28,100,
10:57:01,18.30,200,
10:57:01,18.30,1000,
10:57:01,18.30,300,
10:57:01,18.30,100,
10:57:01,18.30,100,
10:57:01,18.30,200,
10:57:01,18.30,300,
10:57:01,18.31,507,
10:57:01,18.31,100,
10:57:01,18.31,100,
10:57:01,18.31,200,
10:57:01,18.31,100,
10:57:01,18.31,300,
10:57:01,18.31,100,
10:57:01,18.31,1600,
10:57:01,18.30,800,
10:57:01,18.30,4200,
10:57:01,18.30,100,
10:57:01,18.30,1000,
10:57:01,18.30,400,
10:57:01,18.30,500,
10:57:01,18.30,200,
10:57:01,18.30,400,
10:57:01,18.30,500,
10:57:04,18.307,550,
10:57:04,18.31,100,
10:57:04,18.31,200,
10:57:04,18.31,200,
10:57:04,18.31,300,
10:57:04,18.31,200,
10:57:04,18.31,800,
10:57:04,18.32,800,
10:57:04,18.32,100,
10:57:04,18.32,300,
10:57:04,18.33,300,
10:57:05,18.34,100,
10:57:05,18.34,500,
10:57:05,18.3346,100,
10:57:05,18.3339,100,
10:57:05,18.3338,600,
10:57:05,18.33,400,
10:57:05,18.33,1200,
10:57:05,18.33,100,
10:57:05,18.33,300,
10:57:05,18.33,1000,
10:57:05,18.33,1100,
10:57:07,18.33,410,
10:57:07,18.33,300,
10:57:07,18.33,200,
10:57:08,18.32,200,
10:57:08,18.3199,3000,
10:57:10,18.32,100,
10:57:16,18.337,700,
10:57:19,18.3205,800,
10:57:24,18.3299,500,
10:57:24,18.31,200,
10:57:24,18.31,100,
10:57:24,18.31,155,
10:57:24,18.31,300,
10:57:24,18.31,100,
10:57:24,18.324,200,
10:57:28,18.316,120,
10:57:30,18.32,450,
10:57:35,18.3204,100,
10:57:35,18.3202,100,
10:57:37,18.321,350,
10:57:48,18.33,1000,
10:57:49,18.33,300,
10:58:05,18.32,100,
10:58:17,18.335,300,
10:58:19,18.34,1500,
10:58:23,18.33,200,
10:58:29,18.33,100,
10:58:29,18.3395,1000,
10:58:35,18.3395,800,
10:58:39,18.33,100,
10:58:40,18.325,1000,
10:59:02,18.3499,200,
10:59:02,18.35,300,
10:59:02,18.35,200,
10:59:02,18.35,100,
10:59:07,18.359,1500,
10:59:07,18.36,1300,
10:59:07,18.37,1520,
10:59:08,18.359,1300,
10:59:08,18.36,100,
10:59:08,18.36,375,
10:59:08,18.36,133,
10:59:08,18.36,300,
10:59:10,18.367,1000,
10:59:12,18.37,100,
10:59:12,18.37,900,
10:59:14,18.3687,250,
10:59:15,18.37,100,
10:59:16,18.3705,800,
10:59:22,18.377,1000,
10:59:23,18.3799,1000,
10:59:30,18.371,500,
10:59:58,18.3601,3000,
11:00:01,18.36,180,
11:00:01,18.36,1000,
11:00:01,18.367,1365,
11:00:04,18.36,100,
11:00:04,18.36,200,
11:00:04,18.36,800,
11:00:04,18.36,400,
11:00:04,18.36,220,
11:00:04,18.36,200,
11:00:04,18.36,300,
11:00:04,18.36,100,
11:00:04,18.36,100,
11:00:04,18.36,400,
11:00:04,18.36,920,
11:00:04,18.36,2000,
11:00:04,18.36,800,
11:00:04,18.36,100,
11:00:04,18.37,100,
11:00:04,18.37,680,
11:00:04,18.37,100,
11:00:04,18.37,600,
11:00:04,18.38,1000,
11:00:04,18.38,200,
11:00:04,18.38,100,
11:00:04,18.38,100,
11:00:04,18.38,100,
11:00:04,18.36,600,
11:00:04,18.37,600,
11:00:04,18.36,100,
11:00:05,18.38,500,
11:00:06,18.39,300,
11:00:07,18.3899,1500,
11:00:08,18.381,2500,
11:00:10,18.41,197,
11:00:10,18.41,100,
11:00:10,18.41,300,
11:00:10,18.41,1000,
11:00:10,18.41,100,
11:00:10,18.40,2800,
11:00:10,18.40,500,
11:00:10,18.40,100,
11:00:10,18.40,300,
11:00:10,18.41,300,
11:00:10,18.41,100,
11:00:10,18.41,800,
11:00:10,18.41,300,
11:00:10,18.41,100,
11:00:10,18.41,300,
11:00:10,18.41,200,
11:00:10,18.41,200,
11:00:10,18.41,101,
11:00:10,18.391,1000,
11:00:11,18.41,200,
11:00:11,18.41,200,
11:00:12,18.42,411,
11:00:12,18.42,400,
11:00:12,18.42,200,
11:00:12,18.42,300,
11:00:12,18.42,200,
11:00:12,18.42,1900,
11:00:16,18.429,500,
11:00:16,18.42,200,
11:00:16,18.42,2000,
11:00:16,18.43,500,
11:00:17,18.42,300,
11:00:17,18.427,890,
11:00:18,18.42,500,
11:00:18,18.43,100,
11:00:23,18.43,300,
11:00:23,18.43,100,
11:00:23,18.44,1000,
11:00:23,18.44,500,
11:00:23,18.44,400,
11:00:23,18.44,300,
11:00:23,18.44,590,
11:00:23,18.44,110,
11:00:23,18.44,100,
11:00:23,18.44,500,
11:00:23,18.44,400,
11:00:24,18.44,147,
11:00:24,18.44,147,
11:00:24,18.44,353,
11:00:24,18.44,100,
11:00:24,18.44,300,
11:00:28,18.439,1000,
11:00:29,18.43,100,
11:00:31,18.44,600,
11:00:31,18.44,100,
11:00:31,18.44,300,
11:00:31,18.44,500,
11:00:31,18.44,200,
11:00:31,18.44,400,
11:00:31,18.44,200,
11:00:31,18.44,100,
11:00:31,18.44,100,
11:00:31,18.44,500,
11:00:31,18.44,600,
11:00:31,18.45,200,
11:00:31,18.45,500,
11:00:32,18.441,700,
11:00:32,18.45,100,
11:00:34,18.45,100,
11:00:36,18.445,162,
11:00:38,18.457,1100,
11:00:39,18.452,400,
11:00:41,18.45,1000,
11:00:41,18.45,391,
11:00:41,18.45,100,
11:00:41,18.45,1291,
11:00:42,18.45,200,
11:00:44,18.45,1000,
11:00:44,18.45,500,
11:00:44,18.45,200,
11:00:48,18.4472,1500,
11:00:49,18.44,400,
11:00:50,18.45,100,
11:00:50,18.45,300,
11:00:50,18.46,200,
11:00:50,18.46,300,
11:00:50,18.46,200,
11:00:50,18.46,798,
11:00:50,18.46,300,
11:00:50,18.46,600,
11:00:58,18.451,950,
11:01:00,18.4572,1000,
11:01:05,18.46,400,
11:01:08,18.467,1500,
11:01:10,18.45,291,
11:01:10,18.45,100,
11:01:11,18.448,500,
11:01:12,18.44,1500,
11:01:13,18.44,1500,
11:01:17,18.443,1000,
11:01:17,18.43,300,
11:01:17,18.43,500,
11:01:25,18.423,1000,
11:01:34,18.41,300,
11:01:34,18.41,100,
11:01:37,18.41,100,
11:01:37,18.41,500,
11:01:37,18.41,200,
11:01:37,18.41,546,
11:01:37,18.41,100,
11:01:38,18.42,118,
11:01:38,18.42,200,
11:01:38,18.42,100,
11:01:38,18.42,200,
11:01:41,18.41,406,
11:01:41,18.41,300,
11:01:41,18.411,2000,
11:01:45,18.4195,800,
11:02:02,18.4005,1000,
11:02:04,18.405,1500,
11:02:05,18.41,300,
11:02:14,18.41,1500,
11:02:25,18.40,100,
11:02:31,18.39,300,
11:02:31,18.39,200,
11:02:32,18.3901,840,
11:02:35,18.391,5000,
11:02:40,18.396,280,
11:02:44,18.40,300,
11:02:44,18.41,100,
11:02:44,18.41,100,
11:02:44,18.41,400,
11:02:44,18.41,500,
11:02:44,18.41,100,
11:02:52,18.4199,2000,
11:02:54,18.42,400,
11:03:05,18.43,850,
11:03:13,18.41,213,
11:03:13,18.41,200,
11:03:13,18.41,1800,
11:03:13,18.41,100,
11:03:13,18.40,400,
11:03:20,18.40,200,
11:03:26,18.3901,400,
11:03:26,18.40,300,
11:03:28,18.40,400,
11:03:28,18.40,200,
11:03:41,18.40,300,
11:03:43,18.3901,2000,
11:03:45,18.38,900,
11:03:48,18.39,1200,
11:03:48,18.39,282,
11:03:48,18.39,300,
11:03:49,18.39,400,
11:04:01,18.382,400,
11:04:02,18.39,400,
11:04:02,18.39,500,
11:04:06,18.3999,2900,
11:04:08,18.399,100,
11:04:15,18.3972,1213,
11:04:22,18.419,2000,
11:04:24,18.43,300,
11:04:25,18.43,100,
11:04:25,18.43,100,
11:04:25,18.43,500,
11:04:25,18.43,300,
11:04:25,18.43,800,
11:04:28,18.431,200,
11:04:33,18.43,100,
11:04:33,18.43,100,
11:04:33,18.43,700,
11:04:36,18.4299,2000,
11:04:39,18.4213,100,
11:04:39,18.4209,100,
11:04:39,18.4207,200,
11:04:39,18.42,1000,
11:04:39,18.42,1000,
11:04:39,18.42,100,
11:04:39,18.44,200,
11:04:39,18.43,200,
11:04:39,18.43,600,
11:04:41,18.4399,1886,
11:04:45,18.44,200,
11:04:48,18.4399,100,
11:04:49,18.44,100,
11:04:49,18.44,100,
11:04:49,18.45,100,
11:04:50,18.44,500,
11:04:50,18.437,200,
11:04:51,18.4597,100,
11:04:56,18.456,100,
11:04:57,18.45,500,
11:04:57,18.45,100,
11:04:57,18.45,100,
11:05:02,18.46,300,
11:05:02,18.45,100,
11:05:05,18.45,4000,
11:05:07,18.46,200,
11:05:07,18.46,400,
11:05:07,18.459,2000,
11:05:17,18.47,100,
11:05:17,18.47,100,
11:05:17,18.47,500,
11:05:20,18.48,500,
11:05:20,18.48,300,
11:05:23,18.48,300,
11:05:24,18.48,200,
11:05:25,18.476,115,
11:05:27,18.48,400,
11:05:27,18.48,200,
11:05:28,18.48,500,
11:05:28,18.4791,100,
11:05:28,18.4791,100,
11:05:29,18.473,800,
11:05:32,18.4795,800,
11:05:37,18.485,350,
11:05:37,18.49,1150,
11:05:37,18.48,300,
11:05:37,18.4765,700,
11:05:40,18.47,300,
11:05:42,18.47,100,
11:05:42,18.47,100,
11:05:42,18.47,200,
11:05:57,18.45,200,
11:05:58,18.4501,155,
11:05:59,18.452,770,
11:05:59,18.46,100,
11:06:02,18.46,300,
11:06:02,18.46,284,
11:06:02,18.46,200,
11:06:02,18.46,1500,
11:06:02,18.46,200,
11:06:02,18.46,100,
11:06:02,18.46,100,
11:06:02,18.46,200,
11:06:02,18.46,200,
11:06:02,18.46,300,
11:06:02,18.45,300,
11:06:02,18.45,100,
11:06:02,18.44,800,
11:06:02,18.44,300,
11:06:02,18.44,300,
11:06:02,18.44,500,
11:06:02,18.43,529,
11:06:02,18.43,200,
11:06:02,18.43,1286,
11:06:02,18.43,100,
11:06:02,18.4314,600,
11:06:03,18.44,1100,
11:06:03,18.44,200,
11:06:05,18.4481,100,
11:06:06,18.44,1000,
11:06:11,18.432,500,
11:06:14,18.44,300,
11:06:15,18.44,100,
11:06:15,18.44,200,
11:06:15,18.44,100,
11:06:17,18.41,400,
11:06:17,18.411,9000,
11:06:19,18.41,700,
11:06:19,18.43,300,
11:06:19,18.44,1000,
11:06:21,18.4372,500,
11:06:23,18.431,200,
11:06:23,18.431,2750,
11:06:24,18.43,600,
11:06:24,18.43,600,
11:06:27,18.4208,100,
11:06:27,18.421,400,
11:06:29,18.4101,3000,
11:06:30,18.42,300,
11:06:42,18.4501,3900,
11:06:45,18.45,200,
11:06:52,18.44,400,
11:06:53,18.4465,1000,
11:07:04,18.4699,500,
11:07:05,18.46,100,
11:07:05,18.46,400,
11:07:05,18.46,400,
11:07:05,18.46,100,
11:07:05,18.46,100,
11:07:05,18.46,400,
11:07:05,18.46,300,
11:07:07,18.45,500,
11:07:09,18.45,200,
11:07:09,18.45,300,
11:07:09,18.45,400,
11:07:13,18.4514,124,
11:07:17,18.46,200,
11:07:19,18.45,100,
11:07:19,18.45,500,
11:07:19,18.45,600,
11:07:19,18.45,300,
11:07:20,18.453,700,
11:07:21,18.44,300,
11:07:21,18.44,200,
11:07:23,18.447,1500,
11:07:26,18.43,300,
11:07:26,18.43,200,
11:07:26,18.43,400,
11:07:28,18.42,300,
11:07:28,18.42,200,
11:07:29,18.4111,200,
11:07:29,18.411,200,
11:07:31,18.42,300,
11:07:31,18.42,100,
11:07:32,18.43,600,
11:07:33,18.42,700,
11:07:33,18.42,700,
11:07:33,18.42,400,
11:07:33,18.42,300,
11:07:33,18.42,200,
11:07:33,18.42,400,
11:07:33,18.41,500,
11:07:33,18.41,200,
11:07:33,18.41,500,
11:07:33,18.41,200,
11:07:33,18.41,400,
11:07:33,18.42,100,
11:07:33,18.42,100,
11:07:33,18.41,100,
11:07:33,18.41,300,
11:07:33,18.42,100,
11:07:33,18.40,300,
11:07:33,18.40,300,
11:07:33,18.41,200,
11:07:33,18.40,400,
11:07:33,18.40,200,
11:07:33,18.40,200,
11:07:33,18.40,204,
11:07:33,18.416,150,
11:07:33,18.40,500,
11:07:33,18.40,100,
11:07:33,18.40,300,
11:07:33,18.40,100,
11:07:33,18.40,100,
11:07:33,18.40,700,
11:07:33,18.40,1500,
11:07:33,18.41,400,
11:07:33,18.40,1100,
11:07:33,18.40,200,
11:07:34,18.3975,2000,
11:07:36,18.40,300,
11:07:36,18.40,2000,
11:07:36,18.40,400,
11:07:39,18.4001,2000,
11:07:45,18.40,300,
11:07:45,18.40,200,
11:07:48,18.394,350,
11:07:51,18.3901,1000,
11:07:53,18.40,200,
11:07:53,18.41,200,
11:07:53,18.41,300,
11:07:53,18.42,200,
11:07:55,18.41,200,
11:07:57,18.4199,1100,
11:08:11,18.41,400,
11:08:11,18.40,300,
11:08:11,18.40,300,
11:08:11,18.40,200,
11:08:11,18.40,100,
11:08:12,18.41,161,
11:08:13,18.41,300,
11:08:14,18.41,100,
11:08:15,18.411,1500,
11:08:18,18.40,300,
11:08:20,18.3901,2000,
11:08:24,18.40,300,
11:08:38,18.393,100,
11:08:43,18.38,100,
11:08:44,18.3728,400,
11:08:44,18.371,500,
11:08:48,18.38,1000,
11:08:54,18.37,1500,
11:08:55,18.37,100,
11:08:56,18.363,500,
11:08:58,18.371,100,
11:08:59,18.371,200,
11:09:03,18.37,1000,
11:09:04,18.38,100,
11:09:11,18.38,100,
11:09:18,18.373,100,
11:09:19,18.38,100,
11:09:22,18.38,199,
11:09:33,18.40,400,
11:09:33,18.40,300,
11:09:36,18.409,9000,
11:09:42,18.4099,2000,
11:09:50,18.4086,400,
11:10:12,18.40,500,
11:10:12,18.40,200,
11:10:14,18.392,1100,
11:10:22,18.40,100,
11:10:25,18.4001,2000,
11:10:32,18.40,200,
11:10:32,18.40,300,
11:10:32,18.40,400,
11:10:32,18.40,200,
11:10:32,18.40,200,
11:10:32,18.40,200,
11:10:32,18.39,400,
11:10:32,18.39,500,
11:10:32,18.39,100,
11:10:33,18.39,100,
11:10:33,18.387,1500,
11:11:02,18.38,100,
11:11:09,18.38,100,
11:11:09,18.38,200,
11:11:09,18.39,400,
11:11:13,18.39,200,
11:11:13,18.39,500,
11:11:25,18.3868,100,
11:11:29,18.39,200,
11:11:31,18.39,100,
11:11:34,18.3999,3000,
11:11:55,18.38,500,
11:11:55,18.38,300,
11:12:11,18.39,300,
11:12:11,18.39,500,
11:12:13,18.3954,200,
11:12:13,18.3964,100,
11:12:13,18.3965,200,
11:12:13,18.3965,100,
11:12:13,18.3969,300,
11:12:30,18.38,600,
11:12:30,18.38,100,
11:12:30,18.38,300,
11:12:30,18.38,400,
11:12:30,18.38,200,
11:12:30,18.38,500,
11:12:30,18.38,300,
11:12:30,18.38,100,
11:12:32,18.37,400,
11:12:36,18.38,400,
11:12:47,18.38,100,
11:12:47,18.38,100,
11:12:47,18.38,600,
11:12:47,18.38,300,
11:12:47,18.38,100,
11:12:47,18.38,100,
11:12:47,18.38,2000,
11:12:47,18.38,2500,
11:12:47,18.38,4800,
11:13:04,18.39,300,
11:13:05,18.38,400,
11:13:07,18.38,200,
11:13:07,18.38,500,
11:13:07,18.38,300,
11:13:07,18.38,1800,
11:13:08,18.384,450,
11:13:09,18.38,1100,
11:13:09,18.38,300,
11:13:09,18.38,500,
11:13:09,18.38,200,
11:13:14,18.38,300,
11:13:14,18.38,500,
11:13:21,18.38,100,
11:13:21,18.38,500,
11:13:23,18.38,100,
11:13:38,18.39,200,
11:13:39,18.39,1800,
11:13:39,18.39,1100,
11:13:45,18.3899,3900,
11:14:07,18.40,100,
11:14:07,18.40,200,
11:14:17,18.39,200,
11:14:17,18.39,600,
11:14:17,18.39,100,
11:14:17,18.39,100,
11:14:17,18.39,6700,
11:14:17,18.39,400,
11:14:18,18.40,300,
11:14:18,18.39,900,
11:14:18,18.39,1500,
11:14:18,18.39,6700,
11:14:19,18.40,300,
11:14:19,18.40,500,
11:14:28,18.39,100,
11:14:33,18.39,200,
11:14:35,18.39,100,
11:14:37,18.39,300,
11:14:40,18.38,100,
11:14:44,18.39,200,
11:14:44,18.39,400,
11:14:45,18.39,300,
11:14:45,18.39,200,
11:14:45,18.39,1100,
11:14:46,18.39,100,
11:14:49,18.39,100,
11:14:53,18.39,300,
11:14:53,18.39,500,
11:14:57,18.41,100,
11:15:00,18.40,500,
11:15:00,18.40,2800,
11:15:01,18.395,300,
11:15:01,18.39,100,
11:15:01,18.39,100,
11:15:01,18.39,100,
11:15:01,18.39,12000,
11:15:03,18.39,100,
11:15:03,18.39,900,
11:15:09,18.40,100,
11:15:15,18.40,600,
11:15:15,18.40,100,
11:15:15,18.40,100,
11:15:15,18.40,100,
11:15:15,18.40,100,
11:15:15,18.40,500,
11:15:15,18.41,100,
11:15:15,18.41,400,
11:15:15,18.41,100,
11:15:15,18.41,100,
11:15:15,18.41,100,
11:15:15,18.41,300,
11:15:15,18.42,100,
11:15:15,18.40,100,
11:15:15,18.42,300,
11:15:19,18.41,100,
11:15:19,18.41,100,
11:15:19,18.41,100,
11:15:19,18.41,300,
11:15:28,18.4193,200,
11:15:32,18.42,2100,
11:15:32,18.42,300,
11:15:32,18.42,300,
11:15:34,18.42,100,
11:15:34,18.42,100,
11:15:37,18.42,400,
11:15:37,18.42,100,
11:15:37,18.42,500,
11:15:37,18.42,300,
11:15:37,18.42,100,
11:15:37,18.42,800,
11:15:42,18.419,5000,
11:15:44,18.42,300,
11:15:47,18.42,300,
11:15:47,18.42,200,
11:15:47,18.42,700,
11:15:53,18.42,500,
11:15:53,18.42,300,
11:15:53,18.42,400,
11:16:00,18.42,900,
11:16:00,18.42,300,
11:16:00,18.42,300,
11:16:00,18.42,130,
11:16:00,18.42,1540,
11:16:00,18.42,100,
11:16:00,18.42,300,
11:16:00,18.426,450,
11:16:25,18.41,600,
11:16:25,18.41,300,
11:16:25,18.41,1400,
11:16:37,18.41,400,
11:16:41,18.4101,2500,
11:16:42,18.41,660,
11:16:42,18.41,300,
11:16:42,18.41,200,
11:16:42,18.41,670,
11:16:42,18.41,270,
11:16:42,18.40,200,
11:16:42,18.40,300,
11:16:48,18.3995,1000,
11:16:53,18.39,300,
11:16:53,18.39,500,
11:16:53,18.39,200,
11:16:57,18.38,200,
11:16:57,18.37,800,
11:16:57,18.37,300,
11:16:57,18.37,300,
11:16:58,18.36,4200,
11:16:58,18.36,100,
11:16:58,18.35,100,
11:16:58,18.35,142,
11:16:58,18.35,300,
11:16:58,18.35,500,
11:16:58,18.35,300,
11:16:58,18.35,300,
11:16:58,18.35,300,
11:16:58,18.35,500,
11:17:00,18.34,500,
11:17:01,18.35,1800,
11:17:05,18.35,600,
11:17:05,18.35,500,
11:17:12,18.35,1800,
11:17:12,18.35,500,
11:17:12,18.35,300,
11:17:12,18.35,900,
11:17:13,18.343,1000,
11:17:19,18.36,10000,
11:17:26,18.36,300,
11:17:26,18.36,300,
11:17:26,18.35,300,
11:17:26,18.35,200,
11:17:26,18.35,900,
11:17:26,18.35,500,
11:17:31,18.36,100,
11:17:31,18.36,300,
11:17:31,18.36,200,
11:17:35,18.36,300,
11:17:36,18.36,300,
11:17:36,18.36,100,
11:17:36,18.36,400,
11:17:44,18.3505,1000,
11:17:44,18.35,300,
11:17:48,18.349,2750,
11:17:52,18.3401,3000,
11:17:58,18.349,3000,
11:18:00,18.35,300,
11:18:00,18.35,400,
11:18:03,18.36,500,
11:18:22,18.36,300,
11:18:22,18.35,400,
11:18:22,18.36,100,
11:18:24,18.36,300,
11:18:28,18.368,1000,
11:18:36,18.37,300,
11:18:52,18.377,1000,
11:19:04,18.37,300,
11:19:17,18.37,100,
11:19:22,18.36,100,
11:19:22,18.36,1600,
11:19:22,18.36,300,
11:19:22,18.36,300,
11:19:22,18.36,300,
11:19:22,18.36,300,
11:19:22,18.35,100,
11:19:22,18.36,1100,
11:19:22,18.35,300,
11:19:22,18.369,1000,
11:19:22,18.36,100,
11:19:27,18.37,100,
11:19:40,18.36,250,
11:19:40,18.361,400,
11:19:42,18.361,2100,
11:19:45,18.37,100,
11:19:45,18.37,300,
11:19:45,18.37,100,
11:19:45,18.37,200,
11:19:45,18.37,300,
11:19:45,18.37,100,
11:19:45,18.37,300,
11:19:45,18.37,200,
11:19:50,18.36,100,
11:19:58,18.3699,3000,
11:20:00,18.3654,600,
11:20:02,18.36,300,
11:20:02,18.36,100,
11:20:02,18.36,100,
11:20:06,18.36,100,
11:20:08,18.358,1000,
11:20:10,18.354,300,
11:20:11,18.36,3000,
11:20:13,18.36,100,
11:20:14,18.36,200,
11:20:16,18.35,163,
11:20:17,18.35,137,
11:20:17,18.35,175,
11:20:18,18.34,142,
11:20:18,18.34,500,
11:20:18,18.34,400,
11:20:18,18.34,200,
11:20:18,18.34,1500,
11:20:18,18.34,25678,
11:20:18,18.34,10036,
11:20:18,18.332,1000,
11:20:18,18.34,300,
11:20:18,18.34,100,
11:20:18,18.34,300,
11:20:18,18.34,100,
11:20:18,18.34,300,
11:20:18,18.34,300,
11:20:18,18.34,100,
11:20:21,18.33,2000,
11:20:23,18.34,100,
11:20:23,18.34,300,
11:20:23,18.34,300,
11:20:25,18.333,1500,
11:20:36,18.3307,149,
11:20:46,18.32,400,
11:20:49,18.3128,1000,
11:20:55,18.31,1000,
11:21:00,18.3128,500,
11:21:02,18.31,100,
11:21:02,18.31,907,
11:21:02,18.30,1100,
11:21:02,18.30,100,
11:21:03,18.29,800,
11:21:03,18.295,200,
11:21:03,18.29,200,
11:21:03,18.29,100,
11:21:03,18.29,200,
11:21:03,18.29,200,
11:21:03,18.29,100,
11:21:03,18.29,100,
11:21:03,18.29,100,
11:21:03,18.29,100,
11:21:03,18.29,300,
11:21:03,18.29,100,
11:21:03,18.29,100,
11:21:03,18.29,100,
11:21:03,18.29,100,
11:21:03,18.29,100,
11:21:04,18.29,500,
11:21:05,18.30,7720,
11:21:05,18.29,600,
11:21:09,18.29,100,
11:21:09,18.29,100,
11:21:09,18.29,300,
11:21:09,18.28,9210,
11:21:09,18.291,700,
11:21:10,18.28,1383,
11:21:10,18.2805,800,
11:21:12,18.29,200,
11:21:12,18.30,176,
11:21:17,18.291,1300,
11:21:18,18.29,100,
11:21:18,18.29,400,
11:21:18,18.29,500,
11:21:18,18.29,200,
11:21:21,18.28,10000,
11:21:29,18.29,100,
11:21:31,18.28,200,
11:21:39,18.288,400,
11:21:45,18.28,300,
11:21:53,18.2899,400,
11:22:01,18.29,3000,
11:22:02,18.29,305,
11:22:02,18.29,100,
11:22:06,18.2914,1500,
11:22:09,18.30,1800,
11:22:14,18.28,200,
11:22:14,18.29,100,
11:22:14,18.29,300,
11:22:17,18.277,1000,
11:22:17,18.27,300,
11:22:24,18.28,100,
11:22:24,18.28,200,
11:22:25,18.28,200,
11:22:27,18.29,200,
11:22:30,18.29,100,
11:22:33,18.29,100,
11:22:33,18.29,100,
11:22:40,18.2872,1300,
11:22:52,18.27,1000,
11:22:55,18.27,300,
11:22:59,18.27,500,
11:23:00,18.27,200,
11:23:01,18.272,1090,
11:23:28,18.28,300,
11:23:42,18.28,200,
11:23:43,18.2701,500,
11:23:57,18.26,300,
11:23:57,18.27,300,
11:23:59,18.27,100,
11:23:59,18.27,100,
11:23:59,18.27,100,
11:23:59,18.27,100,
11:23:59,18.27,100,
11:23:59,18.27,100,
11:23:59,18.27,100,
11:23:59,18.27,200,
11:23:59,18.27,100,
11:24:00,18.27,3600,
11:24:02,18.261,200,
11:24:03,18.2695,500,
11:24:10,18.27,424,
11:24:10,18.27,276,
11:24:17,18.27,100,
11:24:17,18.27,800,
11:24:17,18.27,500,
11:24:17,18.27,900,
11:24:17,18.27,1200,
11:24:34,18.28,100,
11:24:34,18.28,100,
11:24:38,18.2895,1600,
11:24:40,18.289,3000,
11:24:41,18.28,900,
11:24:42,18.28,500,
11:24:47,18.2799,1271,
11:24:52,18.27,200,
11:24:52,18.27,300,
11:24:57,18.27,100,
11:24:57,18.27,1500,
11:24:57,18.27,100,
11:24:57,18.27,100,
11:24:58,18.27,100,
11:24:58,18.27,400,
11:24:58,18.27,2600,
11:24:58,18.27,300,
11:24:58,18.27,300,
11:24:58,18.27,100,
11:24:58,18.27,800,
11:25:01,18.27,100,
11:25:02,18.27,100,
11:25:03,18.27,300,
11:25:07,18.27,200,
11:25:13,18.27,300,
11:25:13,18.27,300,
11:25:13,18.27,200,
11:25:13,18.27,200,
11:25:15,18.27,100,
11:25:15,18.27,600,
11:25:15,18.27,1800,
11:25:15,18.27,300,
11:25:15,18.27,200,
11:25:15,18.27,300,
11:25:15,18.27,100,
11:25:16,18.27,300,
11:25:16,18.27,1000,
11:25:17,18.27,200,
11:25:18,18.27,300,
11:25:19,18.27,100,
11:25:19,18.27,100,
11:25:20,18.27,100,
11:25:20,18.27,300,
11:25:23,18.25,200,
11:25:23,18.25,100,
11:25:23,18.25,400,
11:25:23,18.25,100,
11:25:23,18.25,1096,
11:25:23,18.25,100,
11:25:23,18.25,300,
11:25:23,18.25,1000,
11:25:23,18.25,500,
11:25:23,18.25,300,
11:25:23,18.26,400,
11:25:23,18.25,200,
11:25:23,18.25,100,
11:25:23,18.25,100,
11:25:23,18.25,200,
11:25:25,18.25,800,
11:25:25,18.25,100,
11:25:25,18.25,300,
11:25:25,18.26,500,
11:25:28,18.25,100,
11:25:30,18.2401,500,
11:25:36,18.24,100,
11:25:36,18.2425,7500,
11:25:38,18.2336,200,
11:25:38,18.2336,100,
11:25:38,18.233,100,
11:25:38,18.2329,100,
11:25:39,18.23,200,
11:25:41,18.233,1100,
11:25:43,18.2305,2500,
11:25:45,18.24,100,
11:25:45,18.24,100,
11:25:47,18.24,400,
11:25:47,18.24,200,
11:25:47,18.24,200,
11:25:50,18.25,700,
11:25:50,18.25,100,
11:25:50,18.25,100,
11:25:54,18.26,200,
11:25:54,18.26,189,
11:25:55,18.27,100,
11:25:55,18.27,100,
11:25:56,18.27,100,
11:26:00,18.30,200,
11:26:00,18.30,487,
11:26:00,18.30,287,
11:26:00,18.305,260,
11:26:00,18.30,630,
11:26:07,18.31,200,
11:26:09,18.2995,800,
11:26:10,18.30,2400,
11:26:10,18.30,1200,
11:26:15,18.30,200,
11:26:17,18.2999,2400,
11:26:17,18.30,100,
11:26:17,18.30,200,
11:26:24,18.30,100,
11:26:24,18.30,100,
11:26:24,18.30,200,
11:26:24,18.30,300,
11:26:25,18.30,200,
11:26:27,18.30,200,
11:26:27,18.29,100,
11:26:27,18.29,500,
11:26:27,18.29,300,
11:26:30,18.29,300,
11:26:30,18.29,500,
11:26:30,18.29,100,
11:26:30,18.30,100,
11:26:30,18.30,300,
11:26:30,18.30,500,
11:26:30,18.30,1000,
11:26:30,18.30,100,
11:26:30,18.30,750,
11:26:30,18.30,200,
11:26:33,18.31,500,
11:26:33,18.31,500,
11:26:33,18.3085,4000,
11:26:38,18.327,2500,
11:26:38,18.32,200,
11:26:43,18.32,200,
11:26:56,18.318,400,
11:27:02,18.318,1575,
11:27:07,18.3228,1900,
11:27:24,18.32,400,
11:27:24,18.32,300,
11:27:24,18.31,300,
11:27:26,18.32,400,
11:27:28,18.33,100,
11:27:28,18.33,100,
11:27:28,18.33,400,
11:27:28,18.33,200,
11:27:28,18.33,300,
11:27:28,18.33,1400,
11:27:28,18.33,100,
11:27:28,18.33,500,
11:27:28,18.33,100,
11:27:28,18.33,100,
11:27:28,18.33,400,
11:27:28,18.33,400,
11:27:33,18.32,100,
11:27:33,18.32,200,
11:27:43,18.31,1200,
11:27:43,18.31,100,
11:27:45,18.31,300,
11:27:45,18.31,200,
11:27:45,18.31,200,
11:27:45,18.31,300,
11:27:45,18.31,200,
11:27:46,18.308,500,
11:27:46,18.30,200,
11:27:46,18.30,200,
11:27:46,18.30,300,
11:27:46,18.30,300,
11:27:46,18.29,27200,
11:27:46,18.301,900,
11:27:47,18.29,2800,
11:28:01,18.31,400,
11:28:11,18.30,450,
11:28:16,18.301,1000,
11:28:17,18.301,1000,
11:28:27,18.307,500,
11:28:28,18.30,800,
11:28:28,18.30,2800,
11:28:28,18.30,300,
11:28:28,18.29,600,
11:28:28,18.29,300,
11:28:28,18.29,200,
11:28:28,18.29,800,
11:28:28,18.29,300,
11:28:35,18.28,300,
11:28:35,18.28,200,
11:28:35,18.28,800,
11:28:35,18.28,500,
11:28:43,18.28,400,
11:28:45,18.27,1047,
11:28:45,18.27,147,
11:28:45,18.27,153,
11:28:45,18.27,100,
11:28:45,18.27,300,
11:28:45,18.27,300,
11:28:46,18.26,600,
11:28:46,18.26,200,
11:28:46,18.27,200,
11:28:46,18.26,1147,
11:28:46,18.26,253,
11:28:47,18.25,200,
11:28:47,18.25,500,
11:28:47,18.25,453,
11:28:47,18.25,100,
11:28:47,18.25,400,
11:28:47,18.25,2353,
11:28:47,18.25,100,
11:28:47,18.25,100,
11:28:47,18.25,100,
11:28:49,18.25,300,
11:28:51,18.2599,4000,
11:28:55,18.25,300,
11:28:55,18.25,400,
11:28:55,18.25,400,
11:28:55,18.24,300,
11:28:55,18.24,453,
11:28:55,18.24,100,
11:28:55,18.24,2100,
11:28:55,18.24,100,
11:28:55,18.24,100,
11:28:55,18.24,300,
11:28:55,18.24,500,
11:28:55,18.24,182,
11:29:00,18.25,100,
11:29:00,18.25,100,
11:29:08,18.25,300,
11:29:15,18.26,300,
11:29:15,18.26,100,
11:29:15,18.26,100,
11:29:15,18.26,300,
11:29:15,18.26,200,
11:29:21,18.2598,100,
11:29:21,18.2598,100,
11:29:21,18.2598,100,
11:29:32,18.269,2000,
11:29:32,18.27,200,
11:29:54,18.26,100,
11:29:54,18.26,300,
11:29:57,18.27,300,
11:29:58,18.27,100,
11:31:00,18.21,300,
11:31:00,18.21,3300,
11:31:00,18.21,100,
11:31:01,18.21,500,
11:31:01,18.21,300,
11:31:01,18.21,200,
11:31:01,18.21,300,
11:31:01,18.20,300,
11:31:01,18.20,100,
11:31:01,18.20,100,
11:31:01,18.20,300,
11:31:05,18.21,200,
11:31:07,18.22,636,
11:31:07,18.22,300,
11:31:16,18.218,350,
11:31:26,18.21,300,
11:31:29,18.20,150,
11:31:38,18.206,277,
11:31:44,18.209,5000,
11:31:54,18.207,1500,
11:31:56,18.2063,100,
11:32:02,18.2068,100,
11:32:06,18.2086,1000,
11:32:12,18.209,2500,
11:32:16,18.20,250,
11:32:25,18.2199,2000,
11:32:30,18.2175,1000,
11:32:30,18.216,245,
11:32:50,18.22,400,
11:32:57,18.21,1000,
11:32:57,18.21,300,
11:33:01,18.2085,6400,
11:33:01,18.21,200,
11:33:01,18.21,300,
11:33:01,18.21,200,
11:33:01,18.21,300,
11:33:03,18.21,200,
11:33:03,18.21,200,
11:33:03,18.21,100,
11:33:06,18.21,10000,
11:33:18,18.21,2500,
11:33:21,18.21,200,
11:33:22,18.22,100,
11:33:22,18.22,1000,
11:33:22,18.22,200,
11:33:22,18.22,100,
11:33:25,18.20,100,
11:33:25,18.21,100,
11:33:26,18.20,100,
11:33:26,18.20,100,
11:33:26,18.20,100,
11:33:26,18.20,100,
11:33:26,18.20,400,
11:33:26,18.20,100,
11:33:26,18.20,100,
11:33:26,18.20,200,
11:33:26,18.20,1900,
11:33:26,18.20,100,
11:33:26,18.20,730,
11:33:26,18.20,1000,
11:33:29,18.20,198,
11:33:30,18.20,300,
11:33:33,18.20,4000,
11:33:36,18.20,300,
11:33:42,18.20,1300,
11:33:49,18.19,400,
11:33:52,18.19,250,
11:33:52,18.19,650,
11:33:52,18.19,500,
11:33:52,18.19,700,
11:33:52,18.19,600,
11:33:52,18.19,800,
11:33:52,18.19,712,
11:33:52,18.19,3500,
11:33:52,18.19,600,
11:33:52,18.18,1500,
11:33:52,18.18,300,
11:33:53,18.182,900,
11:33:54,18.1805,1000,
11:33:54,18.19,10000,
11:33:56,18.1805,1000,
11:33:57,18.18,300,
11:33:57,18.18,100,
11:33:57,18.18,286,
11:33:58,18.18,1800,
11:33:58,18.18,3206,
11:33:58,18.18,2000,
11:34:05,18.19,600,
11:34:05,18.19,100,
11:34:05,18.1899,1700,
11:34:05,18.1814,400,
11:34:10,18.19,1000,
11:34:13,18.19,100,
11:34:23,18.1995,1000,
11:34:36,18.19,200,
11:34:36,18.19,168,
11:34:36,18.19,132,
11:34:36,18.19,332,
11:34:36,18.19,332,
11:34:41,18.1901,3000,
11:34:50,18.1872,530,
11:35:01,18.19,400,
11:35:01,18.20,300,
11:35:01,18.20,300,
11:35:01,18.20,200,
11:35:06,18.20,2600,
11:35:06,18.20,1800,
11:35:06,18.20,100,
11:35:06,18.20,300,
11:35:06,18.20,100,
11:35:06,18.20,300,
11:35:06,18.20,100,
11:35:06,18.20,1100,
11:35:06,18.20,500,
11:35:06,18.205,300,
11:35:06,18.20,100,
11:35:06,18.20,200,
11:35:06,18.20,200,
11:35:06,18.20,148,
11:35:06,18.20,3348,
11:35:06,18.20,151,
11:35:07,18.20,300,
11:35:15,18.20,3200,
11:35:15,18.20,400,
11:35:17,18.20,663,
11:35:31,18.19,600,
11:35:47,18.199,1000,
11:35:51,18.20,100,
11:35:51,18.20,3600,
11:35:51,18.20,301,
11:35:51,18.20,200,
11:35:51,18.20,331,
11:35:52,18.1978,100,
11:35:53,18.20,100,
11:35:53,18.20,300,
11:35:54,18.198,400,
11:35:54,18.20,100,
11:35:55,18.20,22471,
11:35:55,18.20,2160,
11:35:55,18.20,400,
11:35:55,18.20,700,
11:35:55,18.20,1000,
11:35:55,18.20,400,
11:35:55,18.20,600,
11:35:55,18.20,277,
11:35:55,18.21,100,
11:35:55,18.21,300,
11:35:55,18.21,300,
11:35:55,18.21,200,
11:35:55,18.21,300,
11:35:55,18.21,1500,
11:35:55,18.21,400,
11:35:55,18.21,1100,
11:35:59,18.21,300,
11:35:59,18.21,700,
11:36:00,18.22,300,
11:36:00,18.22,200,
11:36:00,18.22,200,
11:36:00,18.22,100,
11:36:00,18.22,100,
11:36:00,18.22,200,
11:36:00,18.23,100,
11:36:00,18.22,100,
11:36:02,18.2293,200,
11:36:05,18.2299,2000,
11:36:06,18.2299,5000,
11:36:06,18.22,100,
11:36:06,18.22,108,
11:36:06,18.22,172,
11:36:06,18.22,200,
11:36:06,18.22,100,
11:36:06,18.22,300,
11:36:06,18.22,220,
11:36:06,18.22,500,
11:36:06,18.22,100,
11:36:06,18.22,228,
11:36:06,18.229,1140,
11:36:12,18.22,500,
11:36:12,18.22,200,
11:36:15,18.22,100,
11:36:15,18.22,100,
11:36:15,18.22,100,
11:36:15,18.22,200,
11:36:15,18.22,100,
11:36:15,18.2172,1000,
11:36:15,18.21,200,
11:36:15,18.21,300,
11:36:15,18.21,100,
11:36:15,18.21,200,
11:36:18,18.22,9900,
11:36:20,18.228,1000,
11:36:30,18.2285,100,
11:36:30,18.2285,100,
11:36:30,18.229,500,
11:36:31,18.223,400,
11:36:32,18.22,100,
11:36:33,18.23,300,
11:36:34,18.2388,600,
11:36:34,18.2386,100,
11:36:34,18.2387,100,
11:36:34,18.239,2200,
11:36:35,18.239,2000,
11:36:45,18.231,2000,
11:36:48,18.23,200,
11:37:01,18.24,100,
11:37:01,18.24,300,
11:37:03,18.24,200,
11:37:07,18.23,100,
11:37:08,18.24,100,
11:37:08,18.24,712,
11:37:08,18.24,312,
11:37:08,18.245,100,
11:37:13,18.249,2500,
11:37:14,18.25,100,
11:37:14,18.25,8529,
11:37:14,18.25,400,
11:37:17,18.25,100,
11:37:20,18.25,100,
11:37:24,18.24,100,
11:37:24,18.24,100,
11:37:29,18.24,200,
11:37:29,18.238,400,
11:37:31,18.234,415,
11:37:34,18.24,200,
11:37:43,18.239,100,
11:37:44,18.25,300,
11:37:54,18.24,100,
11:38:06,18.25,200,
11:38:08,18.25,200,
11:38:08,18.2479,500,
11:38:08,18.2483,300,
11:38:09,18.25,200,
11:38:09,18.25,300,
11:38:19,18.28,100,
11:38:21,18.279,300,
11:38:21,18.277,700,
11:38:23,18.27,400,
11:38:23,18.27,100,
11:38:23,18.26,500,
11:38:23,18.26,200,
11:38:23,18.26,300,
11:38:23,18.26,100,
11:38:24,18.27,212,
11:38:26,18.27,2500,
11:38:27,18.28,3800,
11:38:31,18.2705,800,
11:38:34,18.27,300,
11:38:37,18.28,100,
11:38:39,18.2701,9000,
11:38:39,18.28,140,
11:38:43,18.28,300,
11:38:46,18.28,1800,
11:38:46,18.28,200,
11:38:46,18.28,300,
11:38:49,18.289,200,
11:38:49,18.289,150,
11:38:52,18.2995,1000,
11:38:55,18.30,3000,
11:38:55,18.30,363,
11:38:55,18.30,500,
11:38:55,18.2999,500,
11:38:55,18.2999,235,
11:38:55,18.2999,200,
11:38:55,18.30,100,
11:38:55,18.30,300,
11:38:55,18.30,2100,
11:39:02,18.2995,1600,
11:39:02,18.2999,300,
11:39:02,18.2999,100,
11:39:02,18.2999,100,
11:39:02,18.2999,100,
11:39:02,18.2999,100,
11:39:02,18.29,500,
11:39:02,18.29,1150,
11:39:03,18.299,500,
11:39:03,18.30,300,
11:39:03,18.291,2000,
11:39:04,18.299,200,
11:39:11,18.2872,1000,
11:39:22,18.27,33300,
11:39:22,18.26,100,
11:39:22,18.26,300,
11:39:22,18.26,200,
11:39:25,18.25,1800,
11:39:26,18.27,100,
11:39:26,18.26,300,
11:39:27,18.257,550,
11:39:31,18.273,1500,
11:39:35,18.26,400,
11:39:43,18.27,100,
11:39:43,18.27,200,
11:39:46,18.27,300,
11:39:54,18.259,2000,
11:40:04,18.25,350,
11:40:04,18.25,600,
11:40:04,18.25,100,
11:40:05,18.24,400,
11:40:05,18.24,3312,
11:40:05,18.24,200,
11:40:05,18.23,177,
11:40:05,18.23,500,
11:40:05,18.23,300,
11:40:05,18.23,339,
11:40:05,18.23,1761,
11:40:05,18.24,300,
11:40:06,18.23,200,
11:40:21,18.23,200,
11:40:25,18.2399,400,
11:40:25,18.2399,300,
11:40:32,18.24,100,
11:40:35,18.24,300,
11:40:35,18.23,100,
11:40:38,18.23,200,
11:41:00,18.227,400,
11:41:09,18.22,100,
11:41:18,18.22,200,
11:41:18,18.22,300,
11:41:24,18.2216,2263,
11:41:25,18.23,100,
11:41:25,18.23,139,
11:41:38,18.217,400,
11:41:40,18.2193,300,
11:41:40,18.2193,100,
11:41:40,18.2193,100,
11:41:40,18.2193,100,
11:41:40,18.2193,100,
11:41:40,18.22,200,
11:41:49,18.21,200,
11:41:49,18.2028,100,
11:41:49,18.2027,100,
11:41:49,18.201,400,
11:41:51,18.219,2000,
11:41:52,18.201,4600,
11:41:52,18.20,1000,
11:41:53,18.20,100,
11:41:53,18.20,100,
11:41:53,18.20,400,
11:41:53,18.20,300,
11:41:53,18.20,100,
11:41:53,18.20,400,
11:41:55,18.20,268,
11:41:55,18.21,300,
11:41:55,18.21,400,
11:41:55,18.21,7600,
11:41:58,18.211,2500,
11:41:58,18.2103,100,
11:41:58,18.2103,400,
11:41:58,18.211,800,
11:41:59,18.21,132,
11:42:11,18.20,300,
11:42:11,18.2098,200,
11:42:21,18.217,700,
11:42:39,18.21,100,
11:42:39,18.21,300,
11:42:40,18.2099,200,
11:42:42,18.21,200,
11:42:45,18.21,100,
11:42:47,18.21,100,
11:42:47,18.21,200,
11:42:48,18.21,200,
11:42:50,18.21,100,
11:42:51,18.21,300,
11:43:02,18.21,800,
11:43:03,18.21,100,
11:43:04,18.21,600,
11:43:06,18.21,500,
11:43:06,18.20,150,
11:43:06,18.20,200,
11:43:07,18.20,3000,
11:43:09,18.20,300,
11:43:11,18.19,100,
11:43:11,18.191,250,
11:43:11,18.20,100,
11:43:12,18.191,650,
11:43:15,18.19,100,
11:43:17,18.20,300,
11:43:18,18.20,200,
11:43:19,18.20,300,
11:43:24,18.17,300,
11:43:24,18.18,100,
11:43:24,18.18,300,
11:43:24,18.18,1000,
11:43:24,18.18,100,
11:43:24,18.17,100,
11:43:25,18.1746,100,
11:43:25,18.174,200,
11:43:25,18.1738,300,
11:43:27,18.18,200,
11:43:31,18.18,300,
11:43:31,18.18,399,
11:43:35,18.18,100,
11:43:38,18.18,300,
11:43:38,18.18,500,
11:43:39,18.19,200,
11:43:39,18.19,600,
11:43:39,18.185,100,
11:43:39,18.19,100,
11:43:39,18.19,100,
11:43:39,18.19,400,
11:43:39,18.1899,700,
11:43:39,18.1899,100,
11:43:39,18.1899,100,
11:43:39,18.1899,200,
11:43:39,18.1899,500,
11:43:39,18.1899,200,
11:43:39,18.1899,1900,
11:43:49,18.18,400,
11:43:50,18.17,100,
11:43:52,18.18,100,
11:43:52,18.18,100,
11:43:52,18.18,2800,
11:43:52,18.17,100,
11:44:00,18.17,100,
11:44:00,18.17,200,
11:44:00,18.17,400,
11:44:00,18.1786,100,
11:44:00,18.1787,100,
11:44:00,18.18,100,
11:44:00,18.18,100,
11:44:00,18.18,400,
11:44:00,18.18,100,
11:44:00,18.18,100,
11:44:13,18.17,400,
11:44:18,18.16,100,
11:44:20,18.1501,200,
11:44:20,18.1501,1000,
11:44:20,18.1501,300,
11:44:20,18.1589,100,
11:44:20,18.1591,100,
11:44:20,18.16,100,
11:44:20,18.16,100,
11:44:22,18.16,100,
11:44:22,18.16,300,
11:44:22,18.161,200,
11:44:22,18.161,300,
11:44:29,18.16,500,
11:44:29,18.16,200,
11:44:29,18.15,100,
11:44:29,18.15,100,
11:44:29,18.15,300,
11:44:29,18.15,100,
11:44:29,18.15,300,
11:44:29,18.15,100,
11:44:29,18.15,100,
11:44:29,18.15,100,
11:44:29,18.15,100,
11:44:29,18.15,100,
11:44:29,18.15,100,
11:44:29,18.15,200,
11:44:29,18.15,300,
11:44:29,18.15,500,
11:44:29,18.13,300,
11:44:29,18.13,100,
11:44:29,18.12,100,
11:44:29,18.14,100,
11:44:29,18.14,400,
11:44:29,18.13,200,
11:44:29,18.13,500,
11:44:29,18.13,1200,
11:44:29,18.13,1800,
11:44:29,18.13,500,
11:44:29,18.13,300,
11:44:29,18.12,100,
11:44:29,18.13,200,
11:44:29,18.13,1800,
11:44:29,18.13,300,
11:44:29,18.13,100,
11:44:30,18.13,100,
11:44:31,18.121,500,
11:44:31,18.13,300,
11:44:31,18.13,300,
11:44:31,18.13,200,
11:44:32,18.121,2000,
11:44:33,18.14,100,
11:44:33,18.1399,100,
11:44:33,18.1399,100,
11:44:33,18.1399,2600,
11:44:33,18.1399,500,
11:44:33,18.133,400,
11:44:34,18.13,672,
11:44:35,18.14,3800,
11:44:35,18.131,500,
11:44:36,18.131,672,
11:44:37,18.13,300,
11:44:37,18.13,300,
11:44:37,18.12,500,
11:44:37,18.131,200,
11:44:38,18.1299,1000,
11:44:38,18.13,100,
11:44:38,18.13,300,
11:44:38,18.13,500,
11:44:38,18.13,1100,
11:44:38,18.14,200,
11:44:38,18.14,100,
11:44:38,18.14,100,
11:44:38,18.14,1601,
11:44:38,18.14,300,
11:44:38,18.14,500,
11:44:41,18.13,3300,
11:44:42,18.1383,100,
11:44:42,18.1395,4700,
11:44:43,18.13,200,
11:44:45,18.13,500,
11:44:45,18.13,200,
11:44:45,18.13,300,
11:44:45,18.13,100,
11:44:45,18.1289,600,
11:44:45,18.1291,100,
11:44:45,18.13,1000,
11:44:45,18.13,200,
11:44:46,18.122,250,
11:44:46,18.1202,600,
11:44:46,18.1201,200,
11:44:46,18.1204,100,
11:44:46,18.121,1900,
11:44:46,18.121,1900,
11:44:48,18.12,100,
11:44:51,18.126,400,
11:44:54,18.1299,1000,
11:44:55,18.1203,100,
11:44:55,18.1293,300,
11:44:56,18.14,700,
11:44:56,18.14,100,
11:44:56,18.14,100,
11:44:56,18.14,100,
11:44:57,18.136,200,
11:45:00,18.139,2000,
11:45:01,18.1399,100,
11:45:01,18.1399,100,
11:45:02,18.14,1100,
11:45:02,18.14,500,
11:45:08,18.1375,3000,
11:45:16,18.123,200,
11:45:23,18.125,400,
11:45:30,18.14,100,
11:45:30,18.14,300,
11:45:30,18.14,600,
11:45:30,18.14,1800,
11:45:30,18.14,300,
11:45:30,18.14,100,
11:45:30,18.14,100,
11:45:33,18.14,200,
11:45:33,18.1399,200,
11:45:33,18.1399,1450,
11:45:33,18.1399,550,
11:45:33,18.14,400,
11:45:37,18.137,1000,
11:45:41,18.15,500,
11:45:41,18.15,500,
11:45:41,18.15,100,
11:45:42,18.15,100,
11:45:42,18.15,100,
11:45:43,18.15,500,
11:45:47,18.15,200,
11:45:47,18.15,300,
11:45:47,18.15,300,
11:45:54,18.1486,600,
11:45:54,18.15,600,
11:45:57,18.15,100,
11:46:06,18.16,200,
11:46:06,18.17,100,
11:46:06,18.1699,500,
11:46:06,18.1699,300,
11:46:06,18.17,300,
11:46:10,18.17,100,
11:46:10,18.18,100,
11:46:10,18.178,100,
11:46:14,18.176,200,
11:46:14,18.17,200,
11:46:14,18.17,199,
11:46:14,18.17,200,
11:46:14,18.16,100,
11:46:14,18.16,300,
11:46:14,18.15,200,
11:46:16,18.16,1200,
11:46:17,18.16,100,
11:46:17,18.16,300,
11:46:17,18.16,500,
11:46:17,18.16,200,
11:46:20,18.1628,1900,
11:46:26,18.1599,750,
11:46:30,18.16,100,
11:46:30,18.16,300,
11:46:30,18.16,100,
11:46:30,18.16,200,
11:46:30,18.16,400,
11:46:33,18.16,200,
11:46:33,18.16,600,
11:46:38,18.17,300,
11:46:39,18.1672,1000,
11:46:40,18.1699,300,
11:46:40,18.17,100,
11:46:50,18.167,1000,
11:47:08,18.18,100,
11:47:09,18.1864,200,
11:47:11,18.18,100,
11:47:13,18.18,100,
11:47:14,18.18,200,
11:47:14,18.18,330,
11:47:14,18.18,200,
11:47:14,18.18,600,
11:47:22,18.18,200,
11:47:28,18.187,800,
11:47:29,18.188,150,
11:47:34,18.1814,1000,
11:47:37,18.19,100,
11:47:42,18.19,300,
11:47:44,18.19,330,
11:47:46,18.20,200,
11:48:00,18.2072,1400,
11:48:01,18.201,100,
11:48:01,18.201,100,
11:48:01,18.2006,1700,
11:48:01,18.2005,200,
11:48:01,18.2002,200,
11:48:01,18.201,100,
11:48:01,18.2007,100,
11:48:01,18.201,1500,
11:48:01,18.20,180,
