09:30:00,21.49,100,
09:30:02,21.49,400,
09:30:03,21.49,300,
09:30:03,21.49,300,
09:30:03,21.49,300,
09:30:03,21.50,300,
09:30:03,21.51,200,
09:30:03,21.51,400,
09:30:03,21.50,600,
09:30:04,21.499,300,
09:30:05,21.50,200,
09:30:05,21.52,600,
09:30:05,21.50,110,
09:30:06,21.51,300,
09:30:07,21.499,200,
09:30:14,21.50,200,
09:30:15,21.517,1500,
09:30:15,21.49,200,
09:30:16,21.4899,300,
09:30:17,21.4899,200,
09:30:18,21.488,315,
09:30:18,21.4899,200,
09:30:19,21.49,500,
09:30:19,21.4999,1000,
09:30:19,21.52,300,
09:30:20,21.52,300,
09:30:22,21.55,600,
09:30:25,21.54,200,
09:30:25,21.54,600,
09:30:25,21.54,100,
09:30:25,21.54,2600,
09:30:27,21.5387,1100,
09:30:29,21.50,1000,
09:30:29,21.53,200,
09:30:30,21.5599,100,
09:30:31,21.54,100,
09:30:33,21.53,100,
09:30:37,21.53,100,
09:30:39,21.531,200,
09:30:39,21.531,200,
09:30:41,21.53,600,
09:30:41,21.53,300,
09:30:41,21.53,200,
09:30:41,21.53,300,
09:30:41,21.52,3300,
09:30:49,21.55,400,
09:30:50,21.556,2000,
09:30:54,21.539,300,
09:30:54,21.5362,100,
09:30:54,21.54,100,
09:30:54,21.5386,100,
09:30:54,21.54,200,
09:30:54,21.5386,100,
09:30:54,21.5386,100,
09:30:54,21.5386,200,
09:30:54,21.54,100,
09:30:54,21.5399,600,
09:30:54,21.54,200,
09:30:58,21.54,300,
09:30:58,21.54,200,
09:31:00,21.54,300,
09:31:01,21.54,600,
09:31:02,21.55,300,
09:31:02,21.55,300,
09:31:02,21.55,300,
09:31:02,21.5499,100,
09:31:02,21.5499,300,
09:31:02,21.5499,300,
09:31:02,21.56,100,
09:31:08,21.527,550,
09:31:14,21.50,3000,
09:31:14,21.50,100,
09:31:16,21.47,800,
09:31:17,21.48,300,
09:31:17,21.48,300,
09:31:17,21.4799,100,
09:31:17,21.4799,100,
09:31:17,21.4799,100,
09:31:18,21.4799,100,
09:31:18,21.48,300,
09:31:18,21.50,1300,
09:31:19,21.479,5000,
09:31:19,21.479,3600,
09:31:20,21.478,100,
09:31:20,21.48,19700,
09:31:22,21.46,100,
09:31:22,21.46,100,
09:31:22,21.47,100,
09:31:22,21.469,100,
09:31:24,21.4837,200,
09:31:27,21.461,1200,
09:31:29,21.50,100,
09:31:29,21.50,300,
09:31:32,21.51,200,
09:31:36,21.52,300,
09:31:38,21.53,100,
09:31:38,21.53,300,
09:31:38,21.52,200,
09:31:43,21.50,100,
09:31:47,21.50,300,
09:31:48,21.50,300,
09:31:48,21.50,100,
09:31:48,21.50,160,
09:31:48,21.50,100,
09:31:48,21.50,140,
09:31:48,21.50,100,
09:31:48,21.50,300,
09:31:48,21.50,300,
09:31:48,21.50,300,
09:31:48,21.50,300,
09:31:48,21.50,300,
09:31:48,21.51,300,
09:31:48,21.509,2100,
09:31:49,21.499,100,
09:31:50,21.49,600,
09:31:50,21.499,200,
09:31:50,21.499,200,
09:31:51,21.49,500,
09:31:51,21.499,100,
09:31:53,21.48,300,
09:31:53,21.48,300,
09:31:53,21.48,300,
09:31:53,21.48,300,
09:31:53,21.48,300,
09:31:56,21.51,200,
09:31:56,21.51,200,
09:31:56,21.5192,150,
09:31:58,21.50,200,
09:31:58,21.50,300,
09:31:58,21.4999,100,
09:31:58,21.4999,100,
09:32:08,21.5199,4000,
09:32:11,21.53,100,
09:32:11,21.53,400,
09:32:11,21.53,600,
09:32:11,21.54,100,
09:32:11,21.54,100,
09:32:12,21.54,200,
09:32:12,21.55,19500,
09:32:14,21.5286,600,
09:32:14,21.53,300,
09:32:14,21.53,100,
09:32:16,21.53,200,
09:32:19,21.519,100,
09:32:22,21.51,100,
09:32:26,21.51,100,
09:32:28,21.51,100,
09:32:28,21.5095,1000,
09:32:30,21.51,100,
09:32:42,21.552,450,
09:32:42,21.56,100,
09:32:45,21.5495,500,
09:32:45,21.549,100,
09:32:51,21.5301,4000,
09:32:56,21.556,200,
09:32:56,21.559,300,
09:33:02,21.57,100,
09:33:02,21.568,100,
09:33:02,21.568,100,
09:33:03,21.589,300,
09:33:03,21.589,300,
09:33:05,21.598,1200,
09:33:05,21.6099,1100,
09:33:06,21.61,100,
09:33:07,21.61,100,
09:33:09,21.6085,2000,
09:33:10,21.5867,500,
09:33:12,21.586,1500,
09:33:17,21.58,300,
09:33:29,21.59,300,
09:33:29,21.589,400,
09:33:30,21.589,300,
09:33:33,21.6099,4900,
09:33:35,21.61,1999,
09:33:35,21.6299,2700,
09:33:36,21.609,300,
09:33:36,21.609,200,
09:33:36,21.62,400,
09:33:36,21.608,200,
09:33:39,21.614,300,
09:33:46,21.62,100,
09:33:46,21.619,100,
09:33:47,21.619,100,
09:33:51,21.628,700,
09:33:53,21.6295,700,
09:33:54,21.629,887,
09:33:54,21.629,113,
09:33:56,21.63,100,
09:34:00,21.63,300,
09:34:00,21.6371,200,
09:34:00,21.6399,7600,
09:34:02,21.6374,1200,
09:34:03,21.648,400,
09:34:06,21.6498,300,
09:34:06,21.65,400,
09:34:07,21.65,3000,
09:34:08,21.65,100,
09:34:10,21.66,9956,
09:34:11,21.66,300,
09:34:11,21.66,100,
09:34:11,21.66,100,
09:34:11,21.66,100,
09:34:11,21.66,100,
09:34:14,21.65,100,
09:34:15,21.64,100,
09:34:18,21.64,100,
09:34:18,21.643,476,
09:34:19,21.64,300,
09:34:21,21.6493,400,
09:34:22,21.64,400,
09:34:23,21.66,7500,
09:34:23,21.64,500,
09:34:23,21.6401,500,
09:34:24,21.6567,1000,
09:34:25,21.6406,500,
09:34:31,21.6499,3000,
09:34:32,21.619,200,
09:34:33,21.61,300,
09:34:36,21.608,1200,
09:34:36,21.6098,1000,
09:34:37,21.60,300,
09:34:38,21.599,300,
09:34:38,21.599,200,
09:34:40,21.59,100,
09:34:40,21.59,100,
09:34:40,21.59,100,
09:34:41,21.5875,3000,
09:34:42,21.589,100,
09:34:43,21.58,100,
09:34:45,21.589,300,
09:34:48,21.57,512,
09:34:49,21.57,700,
09:34:49,21.57,300,
09:34:49,21.57,100,
09:34:50,21.57,700,
09:34:50,21.57,200,
09:34:52,21.57,200,
09:34:55,21.57,10000,
09:34:57,21.56,300,
09:34:57,21.56,300,
09:35:08,21.5999,3000,
09:35:08,21.60,300,
09:35:09,21.5999,143,
09:35:11,21.60,300,
09:35:11,21.60,200,
09:35:12,21.603,1400,
09:35:23,21.57,500,
09:35:25,21.5699,500,
09:35:27,21.578,200,
09:35:30,21.5582,100,
09:35:30,21.559,200,
09:35:30,21.551,200,
09:35:33,21.56,200,
09:35:36,21.55,100,
09:35:42,21.538,1000,
09:35:48,21.526,1000,
09:35:51,21.50,900,
09:35:52,21.5099,300,
09:35:54,21.47,200,
09:35:54,21.47,100,
09:35:55,21.4601,200,
09:35:55,21.45,100,
09:35:55,21.45,500,
09:35:57,21.46,300,
09:35:57,21.46,300,
09:35:57,21.469,500,
09:35:57,21.46,100,
09:35:58,21.4601,3000,
09:36:05,21.4699,250,
09:36:15,21.46,300,
09:36:15,21.4576,500,
09:36:16,21.459,500,
09:36:17,21.4507,200,
09:36:17,21.45,200,
09:36:19,21.44,100,
09:36:20,21.4401,100,
09:36:25,21.44,400,
09:36:25,21.44,200,
09:36:29,21.4299,700,
09:36:30,21.391,100,
09:36:30,21.391,500,
09:36:30,21.41,600,
09:36:30,21.40,300,
09:36:31,21.40,300,
09:36:31,21.3899,200,
09:36:33,21.394,200,
09:36:34,21.4001,100,
09:36:35,21.4072,500,
09:36:35,21.40,100,
09:36:35,21.40,300,
09:36:39,21.40,100,
09:36:39,21.40,100,
09:36:39,21.40,100,
09:36:44,21.41,100,
09:36:45,21.417,1450,
09:36:47,21.4271,400,
09:36:47,21.43,200,
09:36:49,21.4262,1000,
09:36:50,21.44,100,
09:36:51,21.43,200,
09:36:51,21.43,100,
09:36:51,21.43,1400,
09:36:51,21.43,300,
09:36:51,21.43,200,
09:36:51,21.41,300,
09:36:51,21.42,100,
09:36:52,21.4372,1100,
09:36:52,21.43,2200,
09:36:54,21.406,250,
09:36:55,21.4075,2000,
09:37:03,21.42,100,
09:37:04,21.40,100,
09:37:05,21.39,300,
09:37:05,21.37,500,
09:37:05,21.37,100,
09:37:05,21.37,155,
09:37:07,21.3799,500,
09:37:07,21.3799,100,
09:37:07,21.3799,200,
09:37:07,21.3799,200,
09:37:07,21.3799,100,
09:37:07,21.38,500,
09:37:07,21.38,400,
09:37:07,21.38,200,
09:37:07,21.38,200,
09:37:07,21.38,100,
09:37:07,21.38,100,
09:37:10,21.3672,1000,
09:37:10,21.3699,100,
09:37:18,21.3899,1000,
09:37:21,21.379,100,
09:37:21,21.376,100,
09:37:23,21.3993,200,
09:37:29,21.40,300,
09:37:32,21.3995,440,
09:37:41,21.39,17000,
09:37:43,21.38,200,
09:37:44,21.38,100,
09:37:45,21.388,600,
09:37:45,21.388,200,
09:37:45,21.39,600,
09:37:45,21.39,100,
09:37:45,21.38,200,
09:37:51,21.4059,3000,
09:37:58,21.43,500,
09:37:58,21.43,500,
09:37:58,21.42,900,
09:37:58,21.42,900,
09:38:01,21.41,300,
09:38:01,21.41,300,
09:38:03,21.42,100,
09:38:03,21.42,300,
09:38:03,21.41,400,
09:38:03,21.41,400,
09:38:03,21.41,400,
09:38:03,21.41,300,
09:38:03,21.41,300,
09:38:03,21.41,300,
09:38:05,21.43,100,
09:38:05,21.41,100,
09:38:09,21.428,100,
09:38:09,21.43,100,
09:38:10,21.41,100,
09:38:13,21.41,100,
09:38:13,21.41,300,
09:38:14,21.39,300,
09:38:14,21.39,200,
09:38:14,21.39,100,
09:38:14,21.38,200,
09:38:15,21.39,100,
09:38:16,21.40,100,
09:38:16,21.3986,100,
09:38:16,21.40,100,
09:38:16,21.40,100,
09:38:17,21.405,500,
09:38:22,21.3993,240,
09:38:24,21.399,100,
09:38:24,21.399,100,
09:38:34,21.3999,200,
09:38:35,21.39,1000,
09:38:37,21.40,1000,
09:38:40,21.39,200,
09:38:44,21.3829,200,
09:38:48,21.3826,5000,
09:38:49,21.39,100,
09:38:50,21.389,400,
09:38:50,21.389,442,
09:38:57,21.387,1500,
09:39:01,21.37,400,
09:39:03,21.35,100,
09:39:03,21.35,200,
09:39:03,21.35,300,
09:39:03,21.36,100,
09:39:06,21.3525,3000,
09:39:06,21.36,200,
09:39:06,21.36,300,
09:39:06,21.3599,200,
09:39:07,21.35,125,
09:39:08,21.36,100,
09:39:08,21.36,200,
09:39:13,21.36,300,
09:39:13,21.36,300,
09:39:14,21.36,200,
09:39:14,21.36,300,
09:39:14,21.3557,1200,
09:39:15,21.359,250,
09:39:15,21.35,200,
09:39:16,21.35,250,
09:39:18,21.35,200,
09:39:20,21.37,300,
09:39:21,21.369,2125,
09:39:22,21.3601,225,
09:39:22,21.35,2035,
09:39:26,21.39,100,
09:39:30,21.41,100,
09:39:38,21.41,100,
09:39:38,21.41,100,
09:39:38,21.41,300,
09:39:38,21.41,100,
09:39:38,21.41,300,
09:39:39,21.4029,200,
09:39:39,21.409,100,
09:39:39,21.409,200,
09:39:39,21.409,200,
09:39:44,21.4093,250,
09:39:50,21.4001,200,
09:39:51,21.40,200,
09:39:52,21.4001,340,
09:39:52,21.4101,100,
09:40:03,21.4185,3000,
09:40:10,21.4199,2000,
09:40:12,21.42,300,
09:40:15,21.401,400,
09:40:16,21.4099,4000,
09:40:24,21.401,300,
09:40:28,21.4025,3000,
09:40:34,21.40,100,
09:40:42,21.4359,300,
09:40:45,21.45,200,
09:40:45,21.45,300,
09:40:45,21.449,300,
09:40:45,21.45,100,
09:40:45,21.449,500,
09:40:46,21.449,300,
09:40:47,21.47,500,
09:40:47,21.47,200,
09:40:47,21.47,500,
09:40:47,21.47,200,
09:40:51,21.49,1200,
09:40:51,21.492,3000,
09:40:52,21.48,300,
09:40:52,21.48,400,
09:40:52,21.48,300,
09:40:54,21.497,500,
09:40:55,21.499,1525,
09:40:56,21.50,100,
09:40:56,21.50,100,
09:40:56,21.50,200,
09:40:56,21.4977,100,
09:40:56,21.4978,200,
09:40:56,21.4977,200,
09:40:56,21.50,100,
09:40:56,21.50,200,
09:40:56,21.50,200,
09:40:57,21.4999,2000,
09:40:57,21.51,100,
09:40:57,21.51,3000,
09:40:57,21.51,100,
09:40:57,21.51,200,
09:40:58,21.4901,200,
09:41:05,21.4771,100,
09:41:13,21.479,100,
09:41:13,21.479,100,
09:41:25,21.5072,1000,
09:41:31,21.52,2200,
09:41:32,21.51,100,
09:41:34,21.5056,500,
09:41:41,21.52,5000,
09:41:46,21.511,184,
09:41:46,21.511,200,
09:41:47,21.53,300,
09:41:47,21.53,300,
09:41:47,21.53,900,
09:41:48,21.519,100,
09:41:51,21.556,300,
09:41:52,21.5501,200,
09:41:52,21.54,100,
09:41:54,21.53,500,
09:41:54,21.52,100,
09:41:54,21.53,100,
09:41:54,21.53,100,
09:41:54,21.51,100,
09:41:54,21.5301,300,
09:41:54,21.50,200,
09:41:54,21.50,400,
09:41:54,21.48,200,
09:41:54,21.531,1200,
09:41:54,21.4701,300,
09:41:54,21.556,200,
09:41:59,21.4701,300,
09:42:02,21.4501,300,
09:42:05,21.44,300,
09:42:05,21.44,300,
09:42:05,21.44,700,
09:42:05,21.44,100,
09:42:09,21.4386,100,
09:42:13,21.4495,1000,
09:42:13,21.445,500,
09:42:17,21.46,100,
09:42:17,21.46,100,
09:42:17,21.46,300,
09:42:17,21.46,200,
09:42:18,21.46,100,
09:42:24,21.45,300,
09:42:26,21.4599,100,
09:42:29,21.45,100,
09:42:31,21.457,500,
09:42:35,21.4501,300,
09:42:35,21.45,100,
09:42:37,21.4499,2000,
09:42:37,21.44,200,
09:42:40,21.4364,2500,
09:42:50,21.45,200,
09:42:52,21.459,300,
09:42:57,21.459,100,
09:42:57,21.459,100,
09:42:58,21.459,200,
09:42:58,21.466,100,
09:42:58,21.459,100,
09:42:58,21.459,100,
09:42:58,21.46,300,
09:42:58,21.46,300,
09:43:03,21.4699,100,
09:43:06,21.4599,100,
09:43:06,21.46,700,
09:43:09,21.49,700,
09:43:15,21.479,100,
09:43:16,21.479,200,
09:43:17,21.47,200,
09:43:19,21.48,200,
09:43:25,21.508,3000,
09:43:44,21.5065,100,
09:43:46,21.502,1800,
09:43:48,21.5099,800,
09:43:48,21.52,2000,
09:43:49,21.52,300,
09:43:49,21.5001,300,
09:43:52,21.53,3688,
09:43:52,21.519,200,
09:43:53,21.516,300,
09:43:53,21.519,400,
09:43:55,21.5071,150,
09:43:58,21.509,644,
09:43:58,21.509,600,
09:43:58,21.49,100,
09:44:02,21.496,300,
09:44:02,21.499,400,
09:44:05,21.4993,390,
09:44:07,21.5072,700,
09:44:10,21.5013,228,
09:44:11,21.52,600,
09:44:11,21.5175,1100,
09:44:16,21.5195,500,
09:44:16,21.519,100,
09:44:20,21.5115,2000,
09:44:22,21.5199,780,
09:44:27,21.519,100,
09:44:30,21.52,100,
09:44:30,21.518,100,
09:44:30,21.518,100,
09:44:30,21.518,200,
09:44:30,21.518,200,
09:44:30,21.518,100,
09:44:30,21.52,100,
09:44:31,21.5101,1500,
09:44:35,21.51,100,
09:44:35,21.5193,1000,
09:44:39,21.526,450,
09:44:39,21.529,500,
09:44:48,21.582,100,
09:44:48,21.589,200,
09:44:48,21.59,300,
09:44:49,21.589,300,
09:44:49,21.59,500,
09:44:49,21.589,100,
09:44:49,21.589,200,
09:44:49,21.60,3725,
09:44:54,21.56,100,
09:44:54,21.57,200,
09:44:54,21.57,300,
09:44:54,21.57,300,
09:44:54,21.57,100,
09:44:54,21.57,3000,
09:44:54,21.57,300,
09:44:54,21.56,300,
09:44:54,21.57,300,
09:44:54,21.57,3000,
09:44:54,21.57,600,
09:44:56,21.55,300,
09:44:56,21.55,300,
09:44:56,21.55,100,
09:44:56,21.55,300,
09:44:56,21.55,300,
09:45:04,21.54,100,
09:45:04,21.539,750,
09:45:04,21.539,100,
09:45:07,21.539,500,
09:45:10,21.549,470,
09:45:13,21.5599,500,
09:45:18,21.548,500,
09:45:19,21.5456,150,
09:45:19,21.53,241,
09:45:29,21.5295,1000,
09:45:34,21.49,300,
09:45:35,21.4901,300,
09:45:37,21.4899,100,
09:45:41,21.48,1000,
09:45:41,21.472,200,
09:45:42,21.48,300,
09:45:48,21.48,100,
09:45:48,21.48,300,
09:45:48,21.48,300,
09:45:55,21.476,100,
09:46:00,21.472,200,
09:46:04,21.479,100,
09:46:05,21.4795,700,
09:46:08,21.47,200,
09:46:09,21.4701,300,
09:46:20,21.4799,100,
09:46:24,21.48,300,
09:46:32,21.4883,300,
09:46:32,21.49,300,
09:46:34,21.489,100,
09:46:36,21.49,133,
09:46:42,21.51,112,
09:46:48,21.5199,100,
09:47:01,21.52,300,
09:47:02,21.519,200,
09:47:03,21.529,200,
09:47:04,21.526,700,
09:47:04,21.526,100,
09:47:05,21.52,100,
09:47:07,21.5299,10000,
09:47:13,21.53,500,
09:47:17,21.538,1200,
09:47:21,21.5201,100,
09:47:24,21.519,100,
09:47:28,21.53,300,
09:47:35,21.5001,2000,
09:47:40,21.4801,175,
09:47:40,21.4801,1000,
09:47:41,21.47,228,
09:47:41,21.47,200,
09:47:45,21.46,300,
09:47:45,21.46,300,
09:47:45,21.46,200,
09:47:45,21.46,200,
09:47:45,21.46,100,
09:47:45,21.46,100,
09:47:45,21.46,200,
09:47:46,21.461,1000,
09:47:47,21.48,700,
09:47:50,21.4699,137,
09:47:54,21.48,100,
09:47:55,21.479,200,
09:47:55,21.479,600,
09:47:57,21.479,4700,
09:47:57,21.48,300,
09:47:59,21.4881,600,
09:48:04,21.46,800,
09:48:04,21.46,200,
09:48:04,21.46,200,
09:48:04,21.45,100,
09:48:04,21.46,100,
09:48:05,21.46,300,
09:48:05,21.46,100,
09:48:05,21.46,100,
09:48:05,21.46,100,
09:48:06,21.46,100,
09:48:07,21.4514,500,
09:48:13,21.4629,157,
09:48:18,21.47,300,
09:48:25,21.4899,4000,
09:48:37,21.47,900,
09:48:37,21.47,100,
09:48:37,21.47,100,
09:48:37,21.4699,1500,
09:48:54,21.48,300,
09:48:55,21.4999,2250,
09:49:10,21.48,100,
09:49:13,21.48,100,
09:49:13,21.48,100,
09:49:14,21.48,200,
09:49:14,21.48,100,
09:49:18,21.4401,100,
09:49:19,21.44,900,
09:49:19,21.44,300,
09:49:20,21.45,300,
09:49:20,21.45,200,
09:49:22,21.45,100,
09:49:22,21.45,300,
09:49:32,21.449,700,
09:49:34,21.448,2000,
09:49:45,21.43,200,
09:49:45,21.43,200,
09:49:46,21.43,200,
09:49:46,21.429,1000,
09:49:46,21.429,200,
09:49:49,21.4058,100,
09:49:51,21.41,100,
09:49:51,21.418,200,
09:49:51,21.41,100,
09:49:51,21.41,300,
09:49:51,21.41,300,
09:49:51,21.41,100,
09:49:51,21.41,300,
09:49:54,21.42,300,
09:49:54,21.42,200,
09:49:58,21.41,600,
09:50:02,21.4201,100,
09:50:04,21.41,1000,
09:50:07,21.429,100,
09:50:10,21.4172,1000,
09:50:10,21.4199,300,
09:50:21,21.4399,2000,
09:50:28,21.42,285,
09:50:33,21.429,100,
09:50:34,21.428,100,
09:50:50,21.42,100,
09:50:51,21.44,100,
09:51:08,21.46,749,
09:51:09,21.49,300,
09:51:13,21.4999,500,
09:51:13,21.50,1000,
09:51:13,21.50,300,
09:51:17,21.50,200,
09:51:20,21.52,300,
09:51:20,21.52,200,
09:51:20,21.52,300,
09:51:20,21.5199,300,
09:51:20,21.5199,300,
09:51:21,21.5147,300,
09:51:22,21.52,100,
09:51:23,21.54,300,
09:51:26,21.5428,1500,
09:51:30,21.54,300,
09:51:31,21.56,200,
09:51:32,21.56,4000,
09:51:35,21.5601,4000,
09:51:35,21.569,300,
09:51:38,21.561,1500,
09:51:48,21.549,325,
09:51:48,21.549,200,
09:51:48,21.5475,2500,
09:51:49,21.549,100,
09:51:49,21.558,300,
09:51:52,21.549,700,
09:51:52,21.549,800,
09:51:56,21.55,200,
09:51:57,21.57,200,
09:51:57,21.569,100,
09:51:58,21.5728,1000,
09:51:58,21.58,100,
09:51:58,21.59,100,
09:51:59,21.59,300,
09:52:04,21.563,1000,
09:52:09,21.5499,2000,
09:52:14,21.52,300,
09:52:17,21.52,600,
09:52:28,21.526,1000,
09:52:34,21.5599,100,
09:52:35,21.55,600,
09:52:44,21.5571,100,
09:52:51,21.52,300,
09:52:51,21.52,200,
09:52:57,21.5339,180,
09:53:05,21.5138,1000,
09:53:12,21.5101,800,
09:53:15,21.52,100,
09:53:15,21.52,500,
09:53:19,21.52,100,
09:53:26,21.51,100,
09:53:45,21.501,200,
09:53:45,21.501,200,
09:53:46,21.50,100,
09:53:46,21.501,700,
09:53:47,21.50,300,
09:53:56,21.5199,300,
09:54:00,21.53,2600,
09:54:04,21.53,200,
09:54:13,21.5344,500,
09:54:30,21.5199,400,
09:54:42,21.48,800,
09:54:46,21.47,100,
09:54:47,21.473,100,
09:54:50,21.446,125,
09:54:55,21.44,200,
09:54:55,21.44,300,
09:54:55,21.4401,100,
09:54:55,21.43,1600,
09:54:57,21.5199,275,
09:55:00,21.5399,800,
09:55:02,21.50,100,
09:55:02,21.51,200,
09:55:02,21.51,200,
09:55:08,21.49,100,
09:55:10,21.50,100,
09:55:15,21.47,100,
09:55:18,21.47,164,
09:55:20,21.45,100,
09:55:24,21.439,700,
09:55:29,21.41,200,
09:55:29,21.41,1500,
09:55:29,21.41,1200,
09:55:31,21.42,800,
09:55:31,21.43,100,
09:55:32,21.40,400,
09:55:37,21.40,1000,
09:55:37,21.38,700,
09:55:38,21.38,300,
09:55:40,21.41,1200,
09:55:40,21.39,1900,
09:55:40,21.39,100,
09:55:40,21.38,100,
09:55:40,21.382,400,
09:55:42,21.40,200,
09:55:44,21.3901,780,
09:55:45,21.40,100,
09:55:45,21.40,300,
09:55:48,21.40,300,
09:55:54,21.4099,300,
09:55:58,21.38,300,
09:55:58,21.381,1400,
09:55:59,21.38,6300,
09:56:01,21.3871,400,
09:56:03,21.38,100,
09:56:03,21.37,500,
09:56:03,21.38,100,
09:56:04,21.37,1700,
09:56:05,21.381,100,
09:56:05,21.386,200,
09:56:06,21.3994,1000,
09:56:07,21.40,300,
09:56:07,21.41,100,
09:56:11,21.40,1000,
09:56:11,21.40,1000,
09:56:14,21.43,100,
09:56:14,21.43,100,
09:56:14,21.43,200,
09:56:14,21.43,200,
09:56:14,21.44,500,
09:56:15,21.44,100,
09:56:18,21.4256,500,
09:56:22,21.454,500,
09:56:26,21.4305,1750,
09:56:31,21.4186,500,
09:56:32,21.4001,2000,
09:56:36,21.42,100,
09:56:37,21.41,100,
09:56:39,21.4001,300,
09:56:41,21.40,300,
09:56:41,21.40,400,
09:56:43,21.401,200,
09:56:44,21.41,900,
09:56:47,21.42,300,
09:56:47,21.42,300,
09:56:47,21.42,300,
09:56:47,21.43,100,
09:56:47,21.43,100,
09:56:47,21.43,200,
09:56:47,21.43,100,
09:56:47,21.43,200,
09:56:51,21.43,200,
09:56:56,21.43,300,
09:56:56,21.43,300,
09:57:09,21.4292,100,
09:57:14,21.42,100,
09:57:17,21.4194,1000,
09:57:20,21.429,500,
09:57:21,21.4101,300,
09:57:22,21.4101,300,
09:57:32,21.411,2300,
09:57:50,21.449,1000,
09:58:01,21.4399,200,
09:58:05,21.449,500,
09:58:19,21.4101,100,
09:58:23,21.3972,1000,
09:58:27,21.39,200,
09:58:27,21.38,300,
09:58:27,21.38,200,
09:58:27,21.38,300,
09:58:31,21.3605,1200,
09:58:31,21.36,300,
09:58:32,21.361,269,
09:58:32,21.361,600,
09:58:32,21.36,1000,
09:58:32,21.361,260,
09:58:34,21.38,100,
09:58:58,21.3699,4000,
09:58:58,21.36,200,
09:59:01,21.36,300,
09:59:02,21.36,300,
09:59:02,21.359,500,
09:59:10,21.3772,900,
09:59:11,21.379,100,
09:59:14,21.38,800,
09:59:18,21.4099,2000,
09:59:18,21.3922,400,
09:59:20,21.382,600,
09:59:23,21.409,1000,
09:59:26,21.42,300,
09:59:26,21.42,200,
09:59:26,21.412,1000,
09:59:33,21.41,100,
09:59:35,21.43,300,
09:59:38,21.458,500,
09:59:39,21.4486,1000,
09:59:44,21.448,1000,
09:59:51,21.4698,1000,
09:59:59,21.479,7800,
09:59:59,21.48,200,
09:59:59,21.48,300,
09:59:59,21.48,100,
10:00:00,21.489,3800,
10:00:02,21.49,26200,
10:00:02,21.468,500,
10:00:09,21.47,200,
10:00:14,21.48,600,
10:00:14,21.47,200,
10:00:14,21.4723,400,
10:00:14,21.47,300,
10:00:14,21.47,2000,
10:00:15,21.46,100,
10:00:15,21.47,200,
10:00:17,21.47,100,
10:00:17,21.469,400,
10:00:20,21.469,100,
10:00:20,21.4601,300,
10:00:20,21.4601,150,
10:00:20,21.4601,200,
10:00:20,21.469,500,
10:00:21,21.48,100,
10:00:22,21.48,100,
10:00:24,21.50,500,
10:00:25,21.51,100,
10:00:27,21.5028,1000,
10:00:30,21.5093,100,
10:00:33,21.50,300,
10:00:33,21.50,200,
10:00:36,21.48,100,
10:00:36,21.48,100,
10:00:38,21.48,6490,
10:00:46,21.54,300,
10:00:48,21.532,1000,
10:00:50,21.54,200,
10:00:51,21.531,400,
10:00:51,21.531,400,
10:00:52,21.53,100,
10:00:53,21.531,100,
10:00:53,21.531,3800,
10:00:55,21.54,100,
10:00:55,21.54,500,
10:00:55,21.54,300,
10:00:55,21.54,200,
10:00:55,21.54,3000,
10:00:55,21.54,100,
10:00:55,21.5301,500,
10:00:59,21.524,2000,
10:01:00,21.5199,300,
10:01:01,21.49,200,
10:01:01,21.49,100,
10:01:01,21.49,100,
10:01:01,21.49,300,
10:01:01,21.489,500,
10:01:02,21.488,900,
10:01:05,21.4705,1000,
10:01:11,21.50,900,
10:01:14,21.488,200,
10:01:20,21.51,100,
10:01:27,21.4872,800,
10:01:34,21.48,200,
10:01:41,21.50,25000,
10:01:42,21.54,300,
10:01:42,21.5302,100,
10:01:42,21.5302,200,
10:01:42,21.5302,100,
10:01:51,21.5301,300,
10:01:55,21.5299,300,
10:02:11,21.4985,883,
10:02:20,21.51,300,
10:02:20,21.51,300,
10:02:20,21.51,300,
10:02:20,21.51,300,
10:02:20,21.51,300,
10:02:20,21.51,300,
10:02:20,21.51,300,
10:02:27,21.4988,200,
10:02:27,21.499,300,
10:02:33,21.50,100,
10:02:34,21.50,100,
10:02:39,21.51,300,
10:02:41,21.51,300,
10:02:41,21.51,200,
10:02:43,21.55,2900,
10:02:46,21.54,200,
10:02:46,21.54,300,
10:02:54,21.54,500,
10:02:57,21.55,300,
10:02:57,21.5693,100,
10:03:02,21.55,100,
10:03:03,21.5572,500,
10:03:04,21.559,300,
10:03:06,21.5401,200,
10:03:07,21.5172,500,
10:03:12,21.5372,500,
10:03:17,21.5499,1700,
10:03:17,21.55,100,
10:03:20,21.548,500,
10:03:20,21.55,400,
10:03:20,21.55,300,
10:03:20,21.55,300,
10:03:20,21.55,300,
10:03:21,21.55,500,
10:03:29,21.57,300,
10:03:31,21.5799,600,
10:03:32,21.57,100,
10:03:40,21.56,700,
10:03:46,21.5795,1000,
10:03:48,21.5801,200,
10:03:49,21.5899,3000,
10:03:51,21.572,100,
10:03:52,21.5795,500,
10:04:03,21.589,200,
10:04:04,21.5801,100,
10:04:10,21.58,1000,
10:04:10,21.5799,700,
10:04:10,21.57,1500,
10:04:11,21.58,1000,
10:04:11,21.58,200,
10:04:11,21.58,200,
10:04:11,21.58,1000,
10:04:11,21.58,1000,
10:04:11,21.58,1000,
10:04:11,21.58,200,
10:04:11,21.58,100,
10:04:15,21.5733,1000,
10:04:19,21.58,200,
10:04:19,21.58,3000,
10:04:19,21.58,600,
10:04:19,21.58,300,
10:04:19,21.58,400,
10:04:20,21.559,100,
10:04:22,21.55,2300,
10:04:22,21.54,100,
10:04:23,21.54,200,
10:04:23,21.54,200,
10:04:24,21.55,100,
10:04:27,21.5399,8100,
10:04:27,21.54,400,
10:04:27,21.54,500,
10:04:27,21.55,500,
10:04:27,21.55,300,
10:04:27,21.55,200,
10:04:27,21.55,300,
10:04:27,21.55,300,
10:04:27,21.56,100,
10:04:33,21.5599,2000,
10:04:35,21.56,1600,
10:04:38,21.5595,1000,
10:04:51,21.5099,1000,
10:04:53,21.5001,300,
10:05:08,21.527,1000,
10:05:14,21.53,100,
10:05:15,21.5301,300,
10:05:17,21.539,100,
10:05:17,21.55,300,
10:05:18,21.55,1100,
10:05:18,21.55,300,
10:05:28,21.55,300,
10:05:28,21.549,400,
10:05:30,21.549,300,
10:05:32,21.57,1200,
10:05:34,21.58,100,
10:05:36,21.588,800,
10:05:38,21.579,800,
10:05:39,21.5825,2000,
10:05:40,21.589,100,
10:05:46,21.598,300,
10:05:46,21.598,300,
10:05:46,21.598,300,
10:05:48,21.588,300,
10:05:50,21.599,1000,
10:05:53,21.598,400,
10:05:54,21.589,300,
10:05:55,21.5944,500,
10:05:56,21.589,1000,
10:06:00,21.57,100,
10:06:00,21.583,500,
10:06:00,21.57,100,
10:06:04,21.579,100,
10:06:09,21.5872,1000,
10:06:11,21.60,500,
10:06:11,21.60,100,
10:06:11,21.598,200,
10:06:12,21.589,300,
10:06:13,21.5995,700,
10:06:14,21.593,1000,
10:06:15,21.5799,100,
10:06:17,21.58,100,
10:06:24,21.598,600,
10:06:31,21.589,100,
10:06:34,21.5876,600,
10:06:34,21.589,600,
10:06:35,21.589,200,
10:06:37,21.59,450,
10:06:40,21.5799,2000,
10:06:40,21.58,100,
10:06:43,21.556,300,
10:06:43,21.559,400,
10:06:49,21.5493,179,
10:06:52,21.55,100,
10:06:55,21.56,100,
10:07:02,21.5733,900,
10:07:11,21.5772,800,
10:07:14,21.58,100,
10:07:14,21.58,500,
10:07:16,21.5799,1000,
10:07:21,21.57,500,
10:07:21,21.57,777,
10:07:21,21.57,100,
10:07:21,21.569,200,
10:07:25,21.59,300,
10:07:25,21.59,200,
10:07:25,21.59,300,
10:07:25,21.59,300,
10:07:25,21.59,300,
10:07:27,21.589,300,
10:07:28,21.59,100,
10:07:29,21.62,300,
10:07:32,21.61,300,
10:07:32,21.61,300,
10:07:33,21.609,1000,
10:07:35,21.612,1200,
10:07:42,21.582,400,
10:07:48,21.59,200,
10:07:48,21.5875,1400,
10:07:55,21.57,200,
10:08:00,21.546,500,
10:08:02,21.5499,200,
10:08:12,21.56,300,
10:08:13,21.57,100,
10:08:13,21.57,100,
10:08:13,21.57,300,
10:08:17,21.5772,1000,
10:08:17,21.579,1300,
10:08:17,21.579,1300,
10:08:18,21.559,200,
10:08:18,21.559,300,
10:08:19,21.5501,5000,
10:08:20,21.559,100,
10:08:21,21.56,300,
10:08:21,21.56,200,
10:08:21,21.56,300,
10:08:21,21.56,100,
10:08:21,21.56,100,
10:08:21,21.56,200,
10:08:22,21.5771,400,
10:08:23,21.58,100,
10:08:24,21.57,2200,
10:08:29,21.57,300,
10:08:29,21.57,200,
10:08:29,21.57,100,
10:08:29,21.57,200,
10:08:29,21.57,100,
10:08:29,21.57,300,
10:08:29,21.57,100,
10:08:35,21.589,100,
10:08:42,21.5701,5000,
10:08:43,21.57,100,
10:08:51,21.5701,300,
10:08:52,21.56,100,
10:08:53,21.56,100,
10:08:53,21.56,700,
10:08:54,21.56,700,
10:08:55,21.56,100,
10:08:55,21.56,300,
10:09:02,21.5701,200,
10:09:04,21.58,200,
10:09:05,21.59,100,
10:09:05,21.59,200,
10:09:06,21.59,300,
10:09:06,21.59,200,
10:09:06,21.59,200,
10:09:06,21.59,300,
10:09:06,21.59,100,
10:09:06,21.59,300,
10:09:09,21.59,100,
10:09:09,21.59,100,
10:09:12,21.598,200,
10:09:20,21.608,500,
10:09:20,21.60,100,
10:09:22,21.61,300,
10:09:23,21.61,100,
10:09:24,21.619,100,
10:09:26,21.62,300,
10:09:26,21.62,700,
10:09:29,21.62,100,
10:09:31,21.6299,300,
10:09:31,21.63,700,
10:09:31,21.63,200,
10:09:31,21.63,200,
10:09:31,21.63,400,
10:09:33,21.638,500,
10:09:35,21.626,150,
10:09:39,21.6372,1600,
10:09:43,21.6199,300,
10:09:43,21.6171,150,
10:09:56,21.6106,1000,
10:09:59,21.6199,200,
10:09:59,21.62,100,
10:10:00,21.613,1500,
10:10:00,21.619,300,
10:10:01,21.6101,200,
10:10:01,21.60,100,
10:10:01,21.61,1400,
10:10:03,21.609,300,
10:10:04,21.64,300,
10:10:04,21.64,100,
10:10:07,21.65,100,
10:10:08,21.64,300,
10:10:10,21.65,100,
10:10:11,21.65,200,
10:10:11,21.65,960,
10:10:14,21.66,1200,
10:10:14,21.66,100,
10:10:14,21.67,1200,
10:10:14,21.68,1200,
10:10:15,21.6884,1600,
10:10:15,21.6899,400,
10:10:15,21.69,100,
10:10:15,21.64,1000,
10:10:15,21.69,100,
10:10:15,21.69,650,
10:10:15,21.70,200,
10:10:15,21.70,200,
10:10:15,21.699,1350,
10:10:15,21.69,100,
10:10:15,21.69,100,
10:10:15,21.70,1200,
10:10:16,21.69,300,
10:10:16,21.6998,300,
10:10:16,21.70,1400,
10:10:16,21.699,3300,
10:10:16,21.6998,500,
10:10:18,21.70,2500,
10:10:18,21.70,10400,
10:10:20,21.688,1200,
10:10:20,21.689,300,
10:10:20,21.6871,100,
10:10:21,21.67,200,
10:10:21,21.67,300,
10:10:26,21.6871,100,
10:10:26,21.69,700,
10:10:31,21.6728,1400,
10:10:33,21.6875,2100,
10:10:38,21.685,400,
10:10:39,21.68,400,
10:10:41,21.68,400,
10:10:42,21.68,300,
10:10:45,21.6667,300,
10:10:45,21.669,400,
10:10:48,21.6672,500,
10:10:51,21.6776,100,
10:10:51,21.679,100,
10:10:57,21.68,200,
10:10:57,21.68,100,
10:10:59,21.686,300,
10:10:59,21.689,400,
10:11:03,21.69,1500,
10:11:03,21.69,100,
10:11:03,21.6901,1000,
10:11:07,21.696,400,
10:11:07,21.699,400,
10:11:12,21.70,2800,
10:11:12,21.70,3900,
10:11:12,21.70,900,
10:11:14,21.72,200,
10:11:14,21.71,100,
10:11:14,21.71,1300,
10:11:14,21.71,100,
10:11:14,21.71,100,
10:11:15,21.72,300,
10:11:16,21.72,778,
10:11:16,21.73,778,
10:11:18,21.73,269,
10:11:18,21.72,100,
10:11:19,21.73,300,
10:11:19,21.73,300,
10:11:21,21.72,1000,
10:11:23,21.72,100,
10:11:25,21.73,5700,
10:11:26,21.728,600,
10:11:26,21.729,700,
10:11:28,21.728,200,
10:11:28,21.728,200,
10:11:28,21.7297,100,
10:11:30,21.74,300,
10:11:33,21.732,2000,
10:11:35,21.75,300,
10:11:35,21.75,100,
10:11:36,21.736,255,
10:11:36,21.76,869,
10:11:36,21.76,869,
10:11:36,21.7501,7000,
10:11:36,21.76,431,
10:11:37,21.76,200,
10:11:37,21.76,400,
10:11:37,21.7575,2100,
10:11:38,21.759,100,
10:11:39,21.7515,2000,
10:11:42,21.741,300,
10:11:44,21.75,600,
10:11:45,21.75,100,
10:11:48,21.74,200,
10:11:49,21.7301,200,
10:11:49,21.73,100,
10:11:51,21.731,1000,
10:11:51,21.74,400,
10:11:53,21.7435,200,
10:11:56,21.76,100,
10:11:56,21.75,100,
10:11:57,21.75,21600,
10:12:00,21.743,500,
10:12:00,21.7601,300,
10:12:01,21.76,300,
10:12:04,21.7425,2100,
10:12:05,21.7444,500,
10:12:08,21.75,200,
10:12:09,21.749,1000,
10:12:09,21.7421,100,
10:12:12,21.75,300,
10:12:13,21.759,100,
10:12:14,21.76,500,
10:12:15,21.76,800,
10:12:17,21.7501,6000,
10:12:17,21.76,200,
10:12:18,21.76,100,
10:12:18,21.75,400,
10:12:18,21.76,300,
10:12:18,21.751,100,
10:12:18,21.7597,800,
10:12:18,21.76,1000,
10:12:19,21.76,400,
10:12:19,21.76,100,
10:12:20,21.7597,800,
10:12:20,21.76,200,
10:12:20,21.76,200,
10:12:20,21.76,100,
10:12:20,21.76,700,
10:12:20,21.76,700,
10:12:21,21.751,2700,
10:12:22,21.76,2000,
10:12:22,21.7596,500,
10:12:23,21.75,100,
10:12:23,21.75,100,
10:12:23,21.76,100,
10:12:24,21.7599,600,
10:12:25,21.75,300,
10:12:25,21.76,300,
10:12:25,21.76,100,
10:12:26,21.76,1000,
10:12:26,21.76,400,
10:12:26,21.7599,3500,
10:12:27,21.7597,500,
10:12:27,21.76,200,
10:12:28,21.75,300,
10:12:28,21.74,100,
10:12:30,21.735,4500,
10:12:30,21.75,100,
10:12:30,21.73,120,
10:12:30,21.74,300,
10:12:31,21.74,300,
10:12:31,21.74,200,
10:12:31,21.75,700,
10:12:35,21.7495,500,
10:12:37,21.7401,5400,
10:12:37,21.75,300,
10:12:37,21.74,100,
10:12:37,21.76,400,
10:12:37,21.74,100,
10:12:38,21.7495,100,
10:12:39,21.75,100,
10:12:39,21.744,400,
10:12:40,21.7386,500,
10:12:40,21.7399,800,
10:12:41,21.75,100,
10:12:41,21.7499,500,
10:12:42,21.75,300,
10:12:43,21.76,100,
10:12:43,21.76,900,
10:12:43,21.76,100,
10:12:43,21.76,300,
10:12:43,21.7557,100,
10:12:44,21.75,400,
10:12:44,21.75,100,
10:12:44,21.76,100,
10:12:45,21.753,700,
10:12:45,21.75,100,
10:12:45,21.7599,1500,
10:12:46,21.77,100,
10:12:46,21.76,300,
10:12:46,21.77,100,
10:12:47,21.76,1700,
10:12:49,21.755,500,
10:12:50,21.76,100,
10:12:50,21.7572,500,
10:12:52,21.77,1700,
10:12:53,21.77,100,
10:12:53,21.77,1300,
10:12:53,21.7601,1500,
10:12:54,21.77,1700,
10:12:54,21.751,300,
10:12:56,21.77,1700,
10:12:56,21.77,100,
10:12:56,21.77,100,
10:12:58,21.77,100,
10:12:58,21.77,300,
10:13:00,21.76,300,
10:13:00,21.765,300,
10:13:00,21.76,200,
10:13:00,21.76,1200,
10:13:01,21.76,200,
10:13:01,21.76,100,
10:13:01,21.77,500,
10:13:01,21.77,500,
10:13:03,21.77,100,
10:13:03,21.77,100,
10:13:03,21.765,700,
10:13:03,21.765,100,
10:13:03,21.765,400,
10:13:03,21.76,200,
10:13:03,21.765,596,
10:13:03,21.76,500,
10:13:03,21.75,200,
10:13:03,21.75,200,
10:13:03,21.76,1300,
10:13:04,21.765,100,
10:13:04,21.76,100,
10:13:04,21.76,100,
10:13:04,21.74,100,
10:13:04,21.76,100,
10:13:04,21.75,400,
10:13:05,21.755,300,
10:13:05,21.755,800,
10:13:05,21.755,300,
10:13:05,21.755,700,
10:13:05,21.73,100,
10:13:05,21.755,120,
10:13:05,21.75,320,
10:13:05,21.72,100,
10:13:05,21.74,300,
10:13:05,21.74,100,
10:13:05,21.7401,1000,
10:13:06,21.733,1000,
10:13:06,21.7329,100,
10:13:08,21.7399,1390,
10:13:09,21.749,100,
10:13:10,21.7439,100,
10:13:10,21.741,100,
10:13:14,21.7499,200,
10:13:19,21.76,100,
10:13:23,21.77,300,
10:13:23,21.77,300,
10:13:30,21.75,350,
10:13:31,21.741,1600,
10:13:33,21.74,8700,
10:13:34,21.7101,300,
10:13:34,21.70,200,
10:13:34,21.705,500,
10:13:38,21.7001,1000,
10:13:39,21.70,100,
10:13:39,21.70,100,
10:13:39,21.701,100,
10:13:39,21.701,150,
10:13:43,21.6899,200,
10:13:45,21.6801,100,
10:13:47,21.69,100,
10:13:47,21.69,200,
10:13:47,21.69,200,
10:13:50,21.71,300,
10:13:50,21.71,200,
10:13:50,21.71,100,
10:13:50,21.72,100,
10:13:50,21.71,100,
10:13:54,21.71,1500,
10:13:55,21.71,1100,
10:13:55,21.71,100,
10:13:55,21.71,400,
10:13:58,21.72,300,
10:13:58,21.72,300,
10:13:58,21.7199,400,
10:13:58,21.7199,300,
10:13:58,21.7199,200,
10:13:58,21.7199,300,
10:13:58,21.7199,300,
10:13:58,21.72,300,
10:13:58,21.72,300,
10:13:58,21.7199,300,
10:13:58,21.7199,300,
10:13:58,21.72,100,
10:13:58,21.72,300,
10:13:58,21.7199,300,
10:13:58,21.72,300,
10:13:58,21.7199,300,
10:13:58,21.73,3540,
10:13:58,21.72,600,
10:13:58,21.72,900,
10:14:01,21.7101,200,
10:14:03,21.7101,100,
10:14:05,21.72,300,
10:14:05,21.73,1500,
10:14:05,21.73,200,
10:14:05,21.73,300,
10:14:06,21.7295,1000,
10:14:07,21.73,1500,
10:14:07,21.73,100,
10:14:07,21.72,300,
10:14:07,21.72,500,
10:14:07,21.73,100,
10:14:07,21.72,200,
10:14:07,21.73,1500,
10:14:07,21.71,700,
10:14:07,21.72,1500,
10:14:07,21.7201,200,
10:14:07,21.73,2000,
10:14:11,21.72,100,
10:14:15,21.719,300,
10:14:15,21.71,300,
10:14:15,21.72,300,
10:14:18,21.72,900,
10:14:18,21.72,300,
10:14:18,21.72,100,
10:14:18,21.7262,936,
10:14:19,21.7185,900,
10:14:20,21.73,300,
10:14:32,21.74,1200,
10:14:34,21.75,700,
10:14:34,21.76,100,
10:14:35,21.75,100,
10:14:35,21.75,600,
10:14:36,21.74,200,
10:14:36,21.75,300,
10:14:36,21.74,200,
10:14:37,21.74,300,
10:14:44,21.7326,1800,
10:14:45,21.739,2000,
10:14:45,21.739,500,
10:14:46,21.7385,5000,
10:14:47,21.73,300,
10:14:59,21.74,200,
10:15:00,21.75,100,
10:15:02,21.7501,200,
10:15:06,21.76,226,
10:15:06,21.76,800,
10:15:08,21.77,331,
10:15:09,21.759,8240,
10:15:13,21.76,100,
10:15:16,21.7699,100,
10:15:21,21.769,200,
10:15:21,21.769,500,
10:15:23,21.77,100,
10:15:24,21.776,220,
10:15:29,21.78,1000,
10:15:29,21.79,600,
10:15:29,21.79,600,
10:15:30,21.79,200,
10:15:30,21.7999,1000,
10:15:38,21.78,200,
10:15:40,21.78,100,
10:15:41,21.7872,1000,
10:15:43,21.7799,2000,
10:15:48,21.779,2000,
10:15:53,21.7699,500,
10:15:57,21.763,1200,
10:16:00,21.80,1000,
10:16:00,21.80,200,
10:16:00,21.80,200,
10:16:09,21.789,300,
10:16:11,21.77,100,
10:16:12,21.76,100,
10:16:12,21.76,200,
10:16:13,21.7599,200,
10:16:13,21.7599,200,
10:16:13,21.77,4500,
10:16:16,21.7501,500,
10:16:23,21.759,200,
10:16:24,21.759,300,
10:16:27,21.76,200,
10:16:31,21.7699,600,
10:16:33,21.7699,5600,
10:16:34,21.7625,2000,
10:16:38,21.77,300,
10:16:47,21.7814,500,
10:16:47,21.78,100,
10:16:49,21.80,5231,
10:16:49,21.7894,100,
10:16:51,21.7899,200,
10:16:56,21.7701,300,
10:16:56,21.77,100,
10:16:56,21.7699,100,
10:16:56,21.77,100,
10:16:56,21.77,100,
10:16:58,21.762,1600,
10:17:00,21.764,250,
10:17:06,21.76,100,
10:17:09,21.77,100,
10:17:13,21.78,200,
10:17:13,21.7801,300,
10:17:18,21.788,800,
10:17:26,21.78,100,
10:17:30,21.781,200,
10:17:30,21.77,519,
10:17:32,21.778,100,
10:17:32,21.78,100,
10:17:36,21.77,100,
10:17:38,21.7701,3500,
10:17:39,21.771,119,
10:17:39,21.78,200,
10:17:40,21.7755,1800,
10:17:46,21.78,300,
10:17:46,21.78,200,
10:17:46,21.78,400,
10:17:46,21.79,2700,
10:17:48,21.7801,200,
10:17:50,21.7886,200,
10:18:00,21.79,300,
10:18:02,21.772,200,
10:18:03,21.79,10000,
10:18:12,21.79,10000,
10:18:13,21.7887,2200,
10:18:14,21.79,100,
10:18:18,21.783,1000,
10:18:23,21.76,10000,
10:18:27,21.72,1000,
10:18:27,21.71,100,
10:18:27,21.731,7050,
10:18:27,21.743,1000,
10:18:28,21.71,400,
10:18:30,21.731,200,
10:18:30,21.731,270,
10:18:30,21.7399,100,
10:18:30,21.7399,200,
10:18:30,21.7399,100,
10:18:30,21.74,300,
10:18:30,21.74,100,
10:18:30,21.7399,400,
10:18:30,21.7399,100,
10:18:30,21.74,100,
10:18:30,21.74,200,
10:18:30,21.74,100,
10:18:30,21.733,700,
10:18:32,21.729,100,
10:18:32,21.729,100,
10:18:40,21.736,300,
10:18:41,21.74,300,
10:18:48,21.77,300,
10:18:48,21.77,300,
10:18:48,21.77,100,
10:18:48,21.77,200,
10:18:48,21.78,300,
10:18:48,21.78,300,
10:18:48,21.78,1200,
10:18:48,21.78,300,
10:18:50,21.77,300,
10:18:53,21.78,1200,
10:18:53,21.78,300,
10:19:02,21.76,100,
10:19:03,21.751,200,
10:19:08,21.7528,1000,
10:19:14,21.73,1000,
10:19:14,21.73,100,
10:19:14,21.73,100,
10:19:14,21.73,100,
10:19:14,21.73,100,
10:19:14,21.73,300,
10:19:14,21.73,200,
10:19:15,21.70,1200,
10:19:16,21.70,200,
10:19:16,21.70,100,
10:19:18,21.6905,1500,
10:19:23,21.6799,2200,
10:19:23,21.67,100,
10:19:23,21.67,400,
10:19:24,21.679,4000,
10:19:24,21.66,200,
10:19:26,21.652,1200,
10:19:27,21.65,300,
10:19:28,21.64,200,
10:19:29,21.65,200,
10:19:31,21.66,1000,
10:19:31,21.66,900,
10:19:40,21.67,300,
10:19:41,21.67,300,
10:19:55,21.67,100,
10:19:55,21.67,300,
10:19:58,21.6601,100,
10:19:59,21.6601,250,
10:19:59,21.6601,350,
10:19:59,21.6601,400,
10:20:13,21.61,200,
10:20:15,21.6245,1500,
10:20:15,21.6205,325,
10:20:18,21.64,600,
10:20:25,21.63,300,
10:20:26,21.6301,3000,
10:20:35,21.64,100,
10:20:36,21.6413,2200,
10:20:40,21.651,2371,
10:20:49,21.64,500,
10:20:54,21.6522,1500,
10:21:03,21.67,2200,
10:21:06,21.6699,1000,
10:21:08,21.66,100,
10:21:08,21.66,300,
10:21:25,21.66,600,
10:21:29,21.6499,300,
10:21:29,21.6499,100,
10:21:29,21.6499,100,
10:21:29,21.66,1900,
10:21:48,21.649,500,
10:21:55,21.639,200,
10:22:04,21.627,500,
10:22:06,21.6129,100,
10:22:11,21.63,100,
10:22:11,21.6299,100,
10:22:16,21.63,100,
10:22:25,21.66,300,
10:22:25,21.66,300,
10:22:25,21.66,100,
10:22:25,21.66,100,
10:22:27,21.68,100,
10:22:27,21.6799,235,
10:22:28,21.669,300,
10:22:28,21.67,100,
10:22:31,21.6595,700,
10:22:33,21.6672,210,
10:22:33,21.669,300,
10:22:35,21.67,100,
10:22:35,21.67,175,
10:22:35,21.6699,175,
10:22:39,21.679,100,
10:22:49,21.681,100,
10:22:50,21.671,500,
10:22:51,21.67,100,
10:22:59,21.67,300,
10:22:59,21.6699,300,
10:22:59,21.6699,300,
10:22:59,21.68,3900,
10:23:13,21.6701,100,
10:23:13,21.67,100,
10:23:13,21.67,100,
10:23:13,21.6701,300,
10:23:19,21.671,3500,
10:23:29,21.67,300,
10:23:29,21.67,200,
10:23:30,21.65,200,
10:23:30,21.6495,2000,
10:23:33,21.65,300,
10:23:33,21.65,200,
10:23:33,21.66,100,
10:23:57,21.6799,600,
10:23:57,21.69,200,
10:24:01,21.661,3000,
10:24:08,21.66,300,
10:24:08,21.66,300,
10:24:16,21.67,300,
10:24:18,21.66,100,
10:24:37,21.67,300,
10:24:51,21.59,883,
10:24:54,21.62,2290,
10:24:55,21.592,300,
10:25:06,21.62,300,
10:25:07,21.6095,1000,
10:25:12,21.60,200,
10:25:15,21.62,200,
10:25:16,21.62,100,
10:25:22,21.6101,200,
10:25:22,21.61,100,
10:25:29,21.63,300,
10:25:29,21.63,300,
10:25:38,21.64,100,
10:25:41,21.6405,1000,
10:25:49,21.6399,400,
10:25:55,21.65,11096,
10:25:57,21.65,200,
10:25:57,21.65,300,
10:25:58,21.65,612,
10:26:19,21.63,100,
10:26:20,21.63,300,
10:26:20,21.63,300,
10:26:20,21.63,300,
10:26:20,21.63,300,
10:26:20,21.63,300,
10:26:24,21.61,100,
10:26:24,21.62,300,
10:26:45,21.6601,400,
10:26:45,21.66,100,
10:26:48,21.6699,100,
10:26:53,21.68,500,
10:27:01,21.6799,300,
10:27:01,21.6799,1100,
10:27:01,21.68,300,
10:27:01,21.68,300,
10:27:06,21.6899,200,
10:27:20,21.70,100,
10:27:30,21.7072,500,
10:27:37,21.719,300,
10:27:37,21.73,600,
10:27:38,21.699,100,
10:27:38,21.699,125,
10:27:40,21.697,1600,
10:27:49,21.70,400,
10:27:50,21.71,700,
10:27:54,21.6901,300,
10:28:05,21.72,300,
10:28:05,21.719,300,
10:28:05,21.7193,1000,
10:28:05,21.7192,400,
10:28:06,21.72,700,
10:28:08,21.71,300,
10:28:19,21.69,5000,
10:28:27,21.66,200,
10:28:27,21.67,100,
10:28:29,21.681,100,
10:28:31,21.683,900,
10:28:40,21.68,100,
10:29:02,21.6199,2550,
10:29:08,21.61,100,
10:29:14,21.6201,100,
10:29:20,21.64,300,
10:29:23,21.6394,1250,
10:29:34,21.6199,117,
10:29:36,21.6101,100,
10:29:40,21.613,1000,
10:29:46,21.59,100,
10:29:46,21.58,200,
10:29:49,21.60,200,
10:29:49,21.60,300,
10:29:55,21.6099,1000,
10:29:56,21.5999,200,
10:29:56,21.5999,200,
10:29:56,21.61,2600,
10:30:02,21.62,100,
10:30:10,21.6299,2000,
10:30:17,21.62,100,
10:30:19,21.63,300,
10:30:19,21.6299,300,
10:30:19,21.6299,133,
10:30:19,21.6299,200,
10:30:22,21.6299,300,
10:30:22,21.6299,200,
10:30:22,21.6299,100,
10:30:22,21.6299,100,
10:30:22,21.6299,100,
10:30:22,21.6299,300,
10:30:22,21.6299,300,
10:30:29,21.5971,400,
10:30:31,21.57,1000,
10:30:32,21.58,100,
10:30:38,21.57,300,
10:30:40,21.55,400,
10:30:40,21.55,100,
10:30:41,21.56,200,
10:30:43,21.54,10000,
10:30:44,21.5301,300,
10:30:44,21.53,500,
10:30:46,21.53,500,
10:30:46,21.531,300,
10:30:49,21.533,1600,
10:30:52,21.54,100,
10:30:54,21.5301,300,
10:30:54,21.531,500,
10:30:54,21.531,600,
10:30:59,21.54,400,
10:30:59,21.54,100,
10:30:59,21.54,100,
10:30:59,21.54,100,
10:31:00,21.5401,100,
10:31:02,21.53,10000,
10:31:04,21.52,100,
10:31:04,21.52,100,
10:31:04,21.52,100,
10:31:04,21.52,100,
10:31:04,21.52,100,
10:31:04,21.52,100,
10:31:04,21.52,100,
10:31:04,21.52,100,
10:31:07,21.522,249,
10:31:15,21.5401,8100,
10:31:17,21.54,100,
10:31:17,21.54,100,
10:31:17,21.5401,100,
10:31:17,21.54,3300,
10:31:19,21.5401,300,
10:31:20,21.54,100,
10:31:27,21.53,269,
10:31:31,21.5286,100,
10:31:32,21.5228,1500,
10:31:34,21.54,100,
10:31:34,21.54,300,
10:31:34,21.54,300,
10:31:39,21.5256,1500,
10:31:50,21.53,200,
10:31:52,21.531,200,
10:31:52,21.531,200,
10:31:55,21.537,1000,
10:31:57,21.51,100,
10:31:58,21.51,100,
10:32:00,21.50,200,
10:32:00,21.50,100,
10:32:00,21.4901,100,
10:32:01,21.49,700,
10:32:04,21.51,100,
10:32:04,21.50,1000,
10:32:04,21.51,100,
10:32:06,21.51,1000,
10:32:08,21.51,100,
10:32:24,21.53,100,
10:32:26,21.56,700,
10:32:32,21.559,100,
10:32:32,21.559,100,
10:32:35,21.5693,140,
10:32:36,21.58,236,
10:32:37,21.58,500,
10:32:40,21.5706,500,
10:32:49,21.585,300,
10:32:50,21.58,600,
10:32:56,21.57,100,
10:33:00,21.552,1000,
10:33:03,21.56,300,
10:33:10,21.52,100,
10:33:10,21.52,3000,
10:33:18,21.54,4800,
10:33:58,21.53,17000,
10:34:17,21.5444,1000,
10:34:23,21.52,200,
10:34:25,21.53,100,
10:34:34,21.539,500,
10:34:41,21.517,1000,
10:34:46,21.50,220,
10:34:46,21.49,600,
10:34:48,21.50,100,
10:34:51,21.51,300,
10:34:52,21.51,100,
10:34:52,21.51,300,
10:34:52,21.51,200,
10:35:01,21.502,1500,
10:35:05,21.4995,1000,
10:35:19,21.498,500,
10:35:25,21.4801,182,
10:35:25,21.4801,550,
10:35:25,21.4801,200,
10:35:25,21.4801,200,
10:35:25,21.4801,200,
10:35:25,21.4801,300,
10:35:25,21.4801,200,
10:35:25,21.4801,200,
10:35:25,21.4801,300,
10:35:26,21.4801,300,
10:35:27,21.4801,200,
10:35:31,21.49,100,
10:35:32,21.482,3000,
10:35:32,21.488,100,
10:35:32,21.49,100,
10:35:50,21.50,800,
10:35:55,21.488,100,
10:35:55,21.488,100,
10:35:55,21.49,100,
10:36:05,21.48,500,
10:36:09,21.48,100,
10:36:11,21.47,160,
10:36:21,21.46,100,
10:36:21,21.45,200,
10:36:21,21.45,176,
10:36:22,21.44,100,
10:36:23,21.4499,100,
10:36:24,21.45,300,
10:36:31,21.4602,300,
10:36:31,21.461,850,
10:36:31,21.46,3800,
10:36:35,21.48,500,
10:36:47,21.4899,100,
10:36:47,21.4899,100,
10:36:47,21.49,100,
10:36:47,21.481,200,
10:36:49,21.4886,300,
10:36:49,21.4886,200,
10:36:50,21.48,200,
10:36:50,21.481,300,
10:36:55,21.496,250,
10:37:04,21.52,300,
10:37:04,21.52,300,
10:37:04,21.52,100,
10:37:04,21.52,100,
10:37:04,21.52,300,
10:37:04,21.52,100,
10:37:04,21.52,100,
10:37:04,21.52,100,
10:37:15,21.50,100,
10:37:15,21.50,200,
10:37:15,21.50,100,
10:37:15,21.50,100,
10:37:15,21.50,100,
10:37:15,21.50,100,
10:37:20,21.4999,1000,
10:37:27,21.48,200,
10:37:27,21.481,100,
10:37:28,21.481,500,
10:37:30,21.48,1000,
10:37:33,21.478,100,
10:37:33,21.478,100,
10:37:33,21.48,100,
10:37:33,21.48,100,
10:37:39,21.48,300,
10:37:39,21.48,300,
10:37:42,21.4701,600,
10:37:45,21.48,100,
10:38:01,21.4799,134,
10:38:22,21.53,100,
10:38:23,21.52,200,
10:38:31,21.5295,1000,
10:38:38,21.521,300,
10:38:38,21.521,400,
10:38:55,21.5492,100,
10:39:12,21.5199,800,
10:39:32,21.549,100,
10:39:32,21.549,125,
10:39:35,21.549,1300,
10:39:42,21.5325,2000,
10:39:50,21.54,100,
10:39:54,21.5372,700,
10:39:59,21.531,200,
10:39:59,21.531,300,
10:39:59,21.531,300,
10:39:59,21.531,200,
10:40:03,21.53,100,
10:40:03,21.53,200,
10:40:03,21.54,800,
10:40:13,21.501,200,
10:40:15,21.5099,200,
10:40:15,21.51,200,
10:40:17,21.48,200,
10:40:17,21.481,300,
10:40:17,21.481,700,
10:40:17,21.481,1300,
10:40:21,21.491,300,
10:40:21,21.491,375,
10:40:22,21.49,100,
10:40:23,21.4999,600,
10:40:23,21.489,2100,
10:40:34,21.50,100,
10:40:36,21.4985,3279,
10:40:40,21.50,400,
10:40:57,21.53,100,
10:41:00,21.53,600,
10:41:02,21.5399,100,
10:41:04,21.54,300,
10:41:04,21.5399,300,
10:41:04,21.5399,200,
10:41:04,21.5399,300,
10:41:16,21.542,800,
10:41:27,21.538,200,
10:41:30,21.5499,1300,
10:41:37,21.53,700,
10:41:39,21.52,200,
10:41:39,21.52,100,
10:41:40,21.52,100,
10:41:40,21.52,1800,
10:41:41,21.5187,2400,
10:41:58,21.5299,1400,
10:42:20,21.549,500,
10:42:26,21.60,300,
10:42:26,21.60,100,
10:42:26,21.589,1200,
10:42:28,21.5974,2300,
10:42:31,21.61,100,
10:42:36,21.6099,100,
10:42:36,21.62,100,
10:42:38,21.626,200,
10:42:39,21.6199,300,
10:42:39,21.6199,100,
10:42:40,21.63,600,
10:42:41,21.6372,1000,
10:42:41,21.64,400,
10:42:43,21.649,400,
10:42:43,21.649,400,
10:42:46,21.638,300,
10:42:46,21.638,100,
10:42:46,21.64,100,
10:42:46,21.64,100,
10:42:46,21.64,100,
10:42:46,21.638,100,
10:42:46,21.6371,300,
10:42:49,21.65,200,
10:42:49,21.65,100,
10:42:49,21.65,300,
10:42:50,21.64,700,
10:42:50,21.64,100,
10:42:50,21.6486,400,
10:42:53,21.63,100,
10:42:55,21.64,400,
10:42:55,21.64,1200,
10:42:56,21.6401,400,
10:42:59,21.67,300,
10:43:00,21.65,400,
10:43:00,21.65,100,
10:43:01,21.65,100,
10:43:02,21.669,1000,
10:43:06,21.65,422,
10:43:10,21.6499,700,
10:43:11,21.649,750,
10:43:11,21.658,400,
10:43:21,21.6405,1000,
10:43:26,21.641,2100,
10:43:32,21.66,400,
10:43:35,21.67,100,
10:43:36,21.6601,3500,
10:43:44,21.67,100,
10:43:44,21.6701,300,
10:43:44,21.671,2500,
10:43:44,21.67,700,
10:43:45,21.659,300,
10:43:45,21.659,300,
10:43:47,21.66,200,
10:43:47,21.66,300,
10:43:49,21.6628,500,
10:43:53,21.64,900,
10:43:56,21.65,3000,
10:43:56,21.64,500,
10:44:03,21.6795,1000,
10:44:09,21.66,200,
10:44:19,21.6444,1500,
10:44:27,21.649,100,
10:44:28,21.639,100,
10:44:29,21.65,1000,
10:44:31,21.64,100,
10:44:37,21.6477,500,
10:44:37,21.63,2700,
10:44:43,21.6499,100,
10:44:43,21.65,100,
10:44:45,21.6595,400,
10:44:50,21.66,1000,
10:44:58,21.66,600,
10:44:59,21.64,300,
10:44:59,21.64,300,
10:44:59,21.659,600,
10:45:07,21.6572,1000,
10:45:09,21.6493,100,
10:45:10,21.662,300,
10:45:11,21.67,100,
10:45:17,21.682,2250,
10:45:19,21.67,100,
10:45:19,21.67,100,
10:45:25,21.69,200,
10:45:25,21.69,300,
10:45:31,21.68,100,
10:45:37,21.6901,100,
10:45:41,21.65,200,
10:45:43,21.66,200,
10:45:43,21.6599,200,
10:45:43,21.6599,200,
10:45:43,21.6599,1200,
10:45:43,21.6599,200,
10:45:43,21.6599,100,
10:45:43,21.66,1100,
10:45:43,21.6599,900,
10:45:43,21.6599,200,
10:45:43,21.6599,100,
10:45:43,21.66,900,
10:45:43,21.66,600,
10:45:45,21.67,300,
10:45:45,21.67,300,
10:45:50,21.6701,100,
10:45:50,21.6701,300,
10:45:50,21.6701,200,
10:45:50,21.66,3561,
10:46:06,21.6799,100,
10:46:08,21.679,200,
10:46:14,21.6838,1500,
10:46:21,21.688,1100,
10:46:24,21.689,100,
10:46:24,21.69,100,
10:46:24,21.69,300,
10:46:26,21.687,1200,
10:46:39,21.6886,1000,
10:46:46,21.68,600,
10:46:50,21.679,400,
10:46:55,21.67,300,
10:46:56,21.68,600,
10:47:02,21.676,100,
10:47:12,21.671,600,
10:47:12,21.671,600,
10:47:14,21.671,3200,
10:47:19,21.67,700,
10:47:24,21.66,340,
10:47:29,21.6401,3000,
10:47:30,21.633,600,
10:47:38,21.6401,100,
10:47:38,21.64,100,
10:47:40,21.64,100,
10:47:40,21.6306,500,
10:47:42,21.6301,7000,
10:47:44,21.65,200,
10:47:46,21.66,100,
10:47:46,21.66,200,
10:48:05,21.66,300,
10:48:11,21.649,1000,
10:48:19,21.65,200,
10:48:19,21.65,300,
10:48:31,21.67,100,
10:48:52,21.66,100,
10:49:03,21.67,250,
10:49:18,21.62,500,
10:49:23,21.60,100,
10:49:40,21.638,300,
10:49:41,21.648,460,
10:49:47,21.629,200,
10:49:49,21.64,200,
10:49:50,21.64,100,
10:50:08,21.6301,200,
10:50:22,21.6501,100,
10:50:39,21.632,1000,
10:50:56,21.62,1300,
10:50:56,21.6199,6200,
10:51:00,21.62,1800,
10:51:00,21.61,200,
10:51:00,21.62,300,
10:51:00,21.62,600,
10:51:00,21.62,200,
10:51:00,21.62,300,
10:51:00,21.6199,200,
10:51:02,21.63,100,
10:51:02,21.63,300,
10:51:25,21.61,100,
10:51:27,21.60,2100,
10:51:27,21.60,100,
10:51:27,21.60,100,
10:51:27,21.60,100,
10:51:27,21.60,100,
10:51:27,21.60,100,
10:51:28,21.6001,300,
10:51:29,21.60,300,
10:51:32,21.6001,300,
10:51:32,21.6001,200,
10:51:35,21.6001,500,
10:51:35,21.60,300,
10:51:36,21.607,1000,
10:51:40,21.60,100,
10:51:40,21.60,100,
10:51:40,21.60,100,
10:51:41,21.60,100,
10:51:45,21.6099,500,
10:51:55,21.6001,100,
10:51:55,21.60,3000,
10:51:55,21.60,546,
10:51:57,21.5994,1523,
10:52:03,21.5899,300,
10:52:11,21.56,500,
10:52:16,21.56,100,
10:52:22,21.5501,1500,
10:52:35,21.579,100,
10:52:35,21.579,200,
10:52:41,21.58,300,
10:52:46,21.5899,3000,
10:52:48,21.5801,400,
10:52:54,21.589,3500,
10:53:07,21.61,300,
10:53:07,21.61,200,
10:53:09,21.62,100,
10:53:15,21.6001,2000,
10:53:18,21.62,100,
10:53:18,21.62,200,
10:53:31,21.61,100,
10:53:31,21.61,300,
10:53:41,21.60,100,
10:53:44,21.61,300,
10:53:48,21.629,2200,
10:54:12,21.6257,100,
10:54:19,21.65,300,
10:54:19,21.65,300,
10:54:19,21.6499,1200,
10:54:19,21.6499,800,
10:54:19,21.6499,1200,
10:54:19,21.67,700,
10:54:19,21.66,100,
10:54:20,21.66,300,
10:54:26,21.659,100,
10:54:26,21.659,100,
10:54:31,21.6571,200,
10:54:48,21.6199,200,
10:54:55,21.6357,300,
10:55:13,21.64,300,
10:55:13,21.64,200,
10:55:13,21.64,400,
10:55:14,21.64,400,
10:55:23,21.6395,1000,
10:55:31,21.6199,200,
10:55:42,21.61,100,
10:55:53,21.64,300,
10:55:54,21.64,900,
10:55:54,21.64,1000,
10:55:54,21.64,1000,
10:55:54,21.64,1000,
10:56:06,21.6401,300,
10:56:06,21.6401,200,
10:56:08,21.64,100,
10:56:08,21.64,700,
10:56:09,21.64,300,
10:56:09,21.64,3000,
10:56:09,21.64,3000,
10:56:10,21.64,100,
10:56:10,21.64,3000,
10:56:10,21.64,1200,
10:56:39,21.60,100,
10:56:42,21.60,500,
10:56:42,21.60,1000,
10:56:42,21.59,100,
10:56:43,21.571,200,
10:56:44,21.57,100,
10:56:54,21.593,1500,
10:56:55,21.5928,1000,
10:57:01,21.61,300,
10:57:11,21.6001,100,
10:57:26,21.61,600,
10:57:26,21.61,400,
10:57:26,21.61,200,
10:57:26,21.61,500,
10:57:30,21.611,300,
10:57:33,21.611,200,
10:57:34,21.5999,1200,
10:57:34,21.60,100,
10:57:35,21.5999,1300,
10:57:38,21.5901,140,
10:57:46,21.59,500,
10:57:47,21.581,100,
10:57:48,21.583,700,
10:57:50,21.571,200,
10:57:55,21.5605,500,
10:57:59,21.56,100,
10:57:59,21.56,100,
10:57:59,21.56,100,
10:58:02,21.56,100,
10:58:03,21.55,1000,
10:58:07,21.56,100,
10:58:11,21.56,300,
10:58:11,21.56,100,
10:58:11,21.56,100,
10:58:11,21.56,100,
10:58:11,21.56,100,
10:58:42,21.58,100,
10:58:43,21.59,100,
10:58:44,21.5999,1700,
10:58:54,21.57,500,
10:59:03,21.571,100,
10:59:03,21.571,100,
10:59:10,21.6099,3500,
10:59:29,21.6195,1000,
10:59:42,21.62,100,
10:59:42,21.62,100,
10:59:42,21.62,200,
10:59:42,21.62,100,
10:59:42,21.62,200,
10:59:45,21.619,1000,
10:59:46,21.63,100,
10:59:46,21.63,300,
10:59:51,21.63,100,
10:59:51,21.62,600,
11:00:06,21.60,100,
11:00:20,21.56,200,
11:00:22,21.5501,100,
11:00:23,21.56,100,
11:00:23,21.56,100,
11:00:26,21.5599,1200,
11:00:27,21.56,200,
11:00:28,21.56,1000,
11:00:29,21.56,1000,
11:00:29,21.55,200,
11:00:30,21.56,1000,
11:00:32,21.56,100,
11:00:34,21.55,200,
11:00:34,21.55,200,
11:00:36,21.55,100,
11:00:36,21.5414,500,
11:00:39,21.52,300,
11:00:39,21.53,100,
11:00:49,21.54,500,
11:00:49,21.55,100,
11:00:57,21.54,300,
11:01:00,21.543,500,
11:01:04,21.52,1000,
11:01:05,21.53,800,
11:01:19,21.5301,100,
11:01:19,21.54,700,
11:01:20,21.54,3000,
11:01:20,21.54,300,
11:01:28,21.52,300,
11:01:31,21.52,700,
11:01:32,21.51,300,
11:01:32,21.51,300,
11:01:32,21.51,300,
11:01:33,21.51,300,
11:01:33,21.50,1000,
11:01:33,21.51,100,
11:01:34,21.50,400,
11:01:34,21.50,100,
11:01:34,21.50,100,
11:01:34,21.50,300,
11:01:34,21.50,100,
11:01:34,21.50,100,
11:01:34,21.50,100,
11:01:34,21.50,100,
11:01:34,21.50,100,
11:01:35,21.4999,1700,
11:01:35,21.49,2300,
11:01:39,21.502,1000,
11:01:47,21.4972,800,
11:01:49,21.50,300,
11:01:49,21.50,200,
11:01:49,21.50,300,
11:01:50,21.50,100,
11:01:51,21.501,300,
11:01:55,21.51,300,
11:01:57,21.511,600,
11:02:07,21.4929,300,
11:02:09,21.50,300,
11:02:09,21.50,300,
11:02:26,21.5065,1000,
11:02:39,21.50,400,
11:02:54,21.52,100,
11:02:59,21.53,200,
11:02:59,21.5372,500,
11:03:10,21.5172,1500,
11:03:18,21.53,200,
11:03:20,21.53,800,
11:03:26,21.54,100,
11:03:26,21.55,100,
11:03:36,21.526,200,
11:04:21,21.519,100,
11:04:21,21.519,100,
11:04:24,21.519,100,
11:04:24,21.517,700,
11:04:30,21.53,500,
11:04:36,21.5195,500,
11:04:46,21.50,1000,
11:04:56,21.5165,100,
11:05:15,21.50,100,
11:05:32,21.49,200,
11:05:34,21.50,100,
11:05:34,21.49,1000,
11:05:34,21.49,700,
11:05:34,21.49,3700,
11:05:34,21.49,1200,
11:05:34,21.49,3000,
11:05:34,21.49,3000,
11:05:34,21.49,915,
11:05:35,21.4905,500,
11:05:46,21.4701,100,
11:05:46,21.47,100,
11:05:51,21.4899,10000,
11:06:04,21.47,200,
11:06:05,21.47,100,
11:06:05,21.47,134,
11:06:06,21.49,800,
11:06:12,21.50,800,
11:06:20,21.49,100,
11:06:22,21.49,100,
11:06:34,21.47,1000,
11:06:39,21.481,100,
11:06:39,21.481,100,
11:06:41,21.49,200,
11:06:42,21.51,100,
11:06:54,21.5199,100,
11:07:17,21.4899,2500,
11:07:35,21.4829,200,
11:07:59,21.4999,200,
11:08:17,21.46,800,
11:08:26,21.47,2000,
11:08:29,21.47,100,
11:08:29,21.47,100,
11:08:29,21.47,100,
11:08:32,21.47,100,
11:08:46,21.49,339,
11:08:48,21.50,600,
11:08:58,21.50,100,
11:08:58,21.51,200,
11:09:05,21.4899,1000,
11:09:08,21.48,100,
11:09:22,21.4878,200,
11:09:53,21.4615,2000,
11:09:58,21.48,361,
11:10:20,21.50,100,
11:10:37,21.46,400,
11:10:46,21.4699,200,
11:10:46,21.4699,1600,
11:11:10,21.4995,1000,
11:11:22,21.524,600,
11:11:25,21.52,100,
11:11:25,21.52,200,
11:11:25,21.53,300,
11:11:25,21.52,1100,
11:11:25,21.53,100,
11:11:25,21.53,100,
11:11:26,21.52,761,
11:11:26,21.53,600,
11:11:26,21.53,200,
11:11:26,21.53,900,
11:11:26,21.52,300,
11:11:28,21.53,100,
11:11:33,21.52,300,
11:11:33,21.5199,300,
11:11:33,21.5199,1100,
11:11:33,21.5199,200,
11:11:39,21.539,100,
11:11:41,21.5399,1000,
11:11:41,21.52,300,
11:11:46,21.5101,100,
11:11:55,21.51,100,
11:11:58,21.507,1000,
11:12:05,21.51,400,
11:12:05,21.51,300,
11:12:18,21.5272,500,
11:12:31,21.54,100,
11:12:31,21.54,300,
11:12:34,21.539,300,
11:12:34,21.5493,150,
11:12:34,21.539,100,
11:12:41,21.5386,300,
11:12:44,21.54,600,
11:12:44,21.5399,500,
11:12:47,21.54,300,
11:12:47,21.54,400,
11:12:48,21.5401,1000,
11:12:49,21.538,500,
11:12:49,21.538,400,
11:12:53,21.54,100,
11:12:53,21.54,100,
11:12:53,21.539,100,
11:12:53,21.54,900,
11:12:55,21.539,100,
11:12:55,21.5398,300,
11:12:58,21.54,100,
11:13:03,21.51,100,
11:13:10,21.51,100,
11:13:14,21.5172,1000,
11:13:25,21.52,200,
11:13:25,21.52,300,
11:13:28,21.519,300,
11:13:28,21.519,1300,
11:13:55,21.49,300,
11:13:55,21.48,600,
11:13:55,21.48,200,
11:13:55,21.48,100,
11:13:55,21.48,1400,
11:13:56,21.48,300,
11:13:56,21.48,200,
11:13:59,21.48,100,
11:14:12,21.49,100,
11:14:12,21.49,1000,
11:14:12,21.49,200,
11:14:12,21.49,100,
11:14:12,21.49,200,
11:15:12,21.44,100,
11:15:12,21.45,400,
11:15:17,21.451,700,
11:15:17,21.45,1050,
11:15:34,21.47,100,
11:15:35,21.4701,1500,
11:15:37,21.465,500,
11:15:48,21.50,100,
11:15:55,21.50,2200,
11:16:14,21.4601,2000,
11:16:20,21.4499,500,
11:16:22,21.45,100,
11:16:28,21.449,300,
11:16:28,21.449,200,
11:16:28,21.449,100,
11:16:35,21.43,100,
11:16:35,21.42,100,
11:16:35,21.42,500,
11:16:35,21.42,200,
11:16:35,21.42,600,
11:16:35,21.42,400,
11:16:35,21.42,200,
11:16:35,21.41,300,
11:16:35,21.41,500,
11:16:43,21.411,1000,
11:16:43,21.4199,200,
11:16:43,21.4199,3000,
11:16:43,21.4199,3000,
11:16:43,21.4199,200,
11:16:43,21.43,100,
11:16:46,21.4344,1000,
11:17:01,21.434,100,
11:17:10,21.458,400,
11:17:12,21.45,100,
11:17:14,21.45,400,
11:17:14,21.45,200,
11:17:14,21.45,539,
11:17:14,21.4499,400,
11:17:21,21.4499,100,
11:17:21,21.4499,200,
11:17:21,21.4499,300,
11:17:21,21.4499,100,
11:17:26,21.46,300,
11:17:48,21.45,300,
11:17:52,21.45,250,
11:18:05,21.46,100,
11:18:06,21.46,300,
11:18:12,21.48,1000,
11:18:29,21.50,1200,
11:18:43,21.519,640,
11:18:51,21.52,100,
11:18:52,21.52,100,
11:18:58,21.529,1000,
11:19:06,21.52,403,
11:19:08,21.52,200,
11:19:08,21.52,200,
11:19:08,21.52,200,
11:19:16,21.5288,2000,
11:19:22,21.529,1000,
11:19:26,21.50,200,
11:19:27,21.49,100,
11:19:30,21.49,1000,
11:19:32,21.50,3588,
11:19:39,21.49,200,
11:19:39,21.49,300,
11:19:39,21.50,100,
11:19:39,21.499,600,
11:19:48,21.49,100,
11:19:55,21.489,900,
11:20:28,21.4801,300,
11:20:41,21.4801,300,
11:20:51,21.48,100,
11:20:51,21.479,100,
11:21:04,21.48,100,
11:21:04,21.49,100,
11:21:09,21.49,100,
11:21:18,21.50,800,
11:21:26,21.50,300,
11:21:26,21.50,200,
11:21:29,21.5099,200,
11:21:31,21.491,500,
11:21:46,21.508,500,
11:21:52,21.50,100,
11:21:54,21.489,300,
11:21:54,21.49,400,
11:21:56,21.489,200,
11:22:04,21.46,300,
11:22:04,21.46,300,
11:22:04,21.46,300,
11:22:04,21.46,300,
11:22:04,21.43,10000,
11:22:08,21.45,100,
11:22:13,21.45,100,
11:22:22,21.45,200,
11:22:22,21.45,500,
11:22:27,21.43,100,
11:22:27,21.43,300,
11:22:32,21.40,100,
11:22:32,21.41,300,
11:22:32,21.40,100,
11:22:33,21.40,100,
11:22:35,21.40,100,
11:22:35,21.40,100,
11:22:37,21.41,200,
11:22:37,21.4199,100,
11:22:37,21.42,200,
11:22:37,21.40,400,
11:22:38,21.423,300,
11:22:45,21.4399,300,
11:23:01,21.4314,1000,
11:23:07,21.41,200,
11:23:20,21.416,400,
11:23:26,21.44,100,
11:23:26,21.43,100,
11:23:32,21.4199,1800,
11:23:56,21.432,500,
11:24:05,21.43,100,
11:24:07,21.43,200,
11:24:12,21.43,100,
11:24:25,21.42,100,
11:24:27,21.41,100,
11:24:27,21.41,700,
11:24:28,21.4099,100,
11:24:28,21.4099,200,
11:24:28,21.4099,100,
11:24:28,21.42,4300,
11:24:30,21.40,300,
11:24:30,21.40,300,
11:24:32,21.39,100,
11:24:32,21.4099,100,
11:24:32,21.41,100,
11:24:47,21.4228,1000,
11:24:48,21.41,700,
11:25:01,21.40,200,
11:25:02,21.402,200,
11:25:05,21.408,1800,
11:25:13,21.44,300,
11:25:16,21.44,400,
11:25:26,21.42,100,
11:25:27,21.42,200,
11:25:34,21.42,100,
11:25:53,21.4101,100,
11:26:04,21.41,300,
11:26:04,21.41,200,
11:26:04,21.41,300,
11:26:19,21.43,161,
11:26:35,21.4199,2500,
11:26:43,21.42,100,
11:26:43,21.42,300,
11:26:44,21.44,100,
11:26:44,21.44,200,
11:26:47,21.43,800,
11:26:47,21.42,200,
11:27:03,21.43,100,
11:27:08,21.40,100,
11:27:08,21.40,200,
11:27:09,21.40,100,
11:27:09,21.40,100,
11:27:10,21.39,100,
11:27:14,21.4072,700,
11:27:14,21.41,1000,
11:27:17,21.43,200,
11:27:38,21.41,300,
11:27:38,21.4101,200,
11:27:40,21.41,100,
11:27:41,21.4087,700,
11:27:44,21.4001,300,
11:27:57,21.40,200,
11:28:04,21.40,300,
11:28:09,21.40,100,
11:28:10,21.40,300,
11:28:26,21.419,200,
11:28:39,21.41,100,
11:28:39,21.41,100,
11:28:46,21.41,100,
11:28:46,21.40,500,
11:28:46,21.40,200,
11:28:46,21.40,400,
11:28:46,21.40,600,
11:28:54,21.40,100,
11:28:56,21.38,750,
11:28:56,21.40,3925,
11:28:59,21.3901,400,
11:29:01,21.39,100,
11:29:01,21.39,100,
11:29:01,21.39,100,
11:29:02,21.39,2000,
11:29:05,21.397,1000,
11:29:07,21.3972,1000,
11:29:26,21.41,400,
11:29:34,21.4199,200,
11:29:37,21.4344,500,
11:29:37,21.43,300,
11:29:42,21.43,810,
11:29:46,21.43,300,
11:29:48,21.43,300,
11:29:52,21.44,100,
11:29:58,21.4295,300,
11:31:04,21.4999,800,
11:31:11,21.5099,770,
11:31:12,21.5086,100,
11:31:12,21.5086,100,
11:31:12,21.51,100,
11:31:12,21.5086,100,
11:31:12,21.51,100,
11:31:15,21.5094,700,
11:31:16,21.509,400,
11:31:16,21.51,300,
11:31:24,21.52,100,
11:31:32,21.51,1000,
11:31:44,21.52,100,
11:31:46,21.5201,500,
11:31:48,21.51,100,
11:31:52,21.5199,800,
11:32:03,21.52,200,
11:32:05,21.519,600,
11:32:05,21.528,1000,
11:32:13,21.5271,300,
11:32:20,21.5299,300,
11:32:23,21.54,1000,
11:32:31,21.54,100,
11:32:35,21.55,100,
11:32:36,21.55,100,
11:32:36,21.55,100,
11:32:36,21.55,100,
11:32:50,21.5499,300,
11:32:50,21.5499,200,
11:32:50,21.5499,1100,
11:32:50,21.5499,350,
11:32:56,21.55,100,
11:32:57,21.55,200,
11:33:00,21.54,100,
11:33:02,21.539,100,
11:33:09,21.51,100,
11:33:09,21.51,100,
11:33:09,21.51,100,
11:33:09,21.51,100,
11:33:09,21.52,300,
11:33:17,21.519,100,
11:33:25,21.5001,2000,
11:33:42,21.5193,300,
11:33:50,21.479,300,
11:33:50,21.499,1000,
11:33:59,21.491,400,
11:34:25,21.5099,2000,
11:34:29,21.509,150,
11:34:29,21.51,17300,
11:34:39,21.5005,600,
11:34:41,21.50,200,
11:34:51,21.4993,280,
11:34:57,21.50,100,
11:34:58,21.50,300,
11:35:05,21.499,300,
11:35:20,21.5399,1000,
11:35:24,21.52,158,
11:35:32,21.5195,1000,
11:35:36,21.5371,300,
11:35:36,21.54,100,
11:35:41,21.5299,100,
11:36:11,21.54,200,
11:36:12,21.528,600,
11:36:17,21.528,100,
11:36:18,21.52,100,
11:36:18,21.519,100,
11:36:20,21.519,100,
11:36:22,21.5201,100,
11:36:22,21.5201,100,
11:36:22,21.5201,200,
11:36:26,21.529,1000,
11:36:31,21.5201,300,
11:36:31,21.51,400,
11:36:33,21.5101,3000,
11:36:46,21.5401,900,
11:36:56,21.5599,446,
11:36:57,21.5599,750,
11:37:07,21.56,100,
11:37:15,21.5599,400,
11:37:19,21.5699,200,
11:37:20,21.54,100,
11:37:20,21.54,300,
11:37:20,21.54,100,
11:37:20,21.54,200,
11:37:20,21.54,100,
11:37:20,21.54,400,
11:37:20,21.54,200,
11:37:20,21.54,300,
11:37:20,21.568,300,
11:37:24,21.52,300,
11:37:24,21.52,200,
11:37:24,21.52,300,
11:37:24,21.52,300,
11:37:29,21.536,850,
11:37:30,21.536,1100,
11:37:31,21.5099,200,
11:37:31,21.51,200,
11:37:31,21.51,189,
11:37:32,21.51,100,
11:37:32,21.5095,1000,
11:37:39,21.52,1000,
11:37:46,21.539,125,
11:37:47,21.5399,100,
11:37:58,21.55,100,
11:37:58,21.55,200,
11:38:05,21.57,424,
11:38:06,21.5701,500,
11:38:15,21.54,1500,
11:38:19,21.56,100,
11:38:24,21.55,100,
11:38:24,21.55,100,
11:38:33,21.55,100,
11:38:37,21.55,100,
11:38:37,21.55,200,
11:38:37,21.5474,5500,
11:38:47,21.52,100,
11:39:01,21.539,500,
11:39:36,21.52,100,
11:39:36,21.52,300,
11:39:40,21.52,300,
11:39:40,21.52,300,
11:39:51,21.501,2200,
11:39:54,21.52,300,
11:39:54,21.52,300,
11:39:54,21.53,800,
11:39:54,21.53,100,
11:40:10,21.5134,1000,
11:41:03,21.51,100,
11:41:07,21.51,100,
11:41:08,21.51,200,
11:41:12,21.49,100,
11:41:12,21.50,200,
11:41:16,21.50,300,
11:41:16,21.50,300,
11:41:16,21.50,300,
11:41:16,21.50,300,
11:41:21,21.50,100,
11:41:27,21.51,300,
11:41:27,21.51,100,
11:41:27,21.51,3000,
11:41:28,21.5001,300,
11:41:42,21.4901,100,
11:41:45,21.51,100,
11:41:49,21.48,100,
11:41:49,21.48,200,
11:41:49,21.48,100,
11:41:49,21.48,100,
11:41:50,21.48,300,
11:41:51,21.47,500,
11:42:01,21.47,100,
11:42:01,21.47,300,
11:42:03,21.476,300,
11:42:12,21.47,200,
11:42:28,21.4801,300,
11:42:50,21.4714,500,
11:43:20,21.50,100,
11:43:33,21.4886,116,
11:43:35,21.48,100,
11:43:38,21.49,235,
11:43:39,21.489,200,
11:43:49,21.4894,500,
11:44:01,21.49,500,
11:44:01,21.489,400,
11:44:01,21.49,200,
11:44:01,21.49,200,
11:44:03,21.489,500,
11:44:03,21.489,500,
11:44:08,21.49,200,
11:44:08,21.491,1400,
11:44:08,21.491,1400,
11:44:09,21.49,5400,
11:44:42,21.49,500,
11:44:42,21.49,384,
11:44:51,21.4865,100,
11:44:53,21.4795,500,
11:45:10,21.49,200,
11:45:12,21.481,300,
11:45:15,21.482,3100,
11:45:25,21.48,299,
11:45:26,21.47,100,
11:45:26,21.47,200,
11:45:27,21.469,200,
11:45:27,21.469,100,
11:45:31,21.47,1360,
11:45:33,21.49,100,
11:46:06,21.49,3000,
11:46:06,21.49,300,
11:46:06,21.49,200,
11:46:21,21.472,2900,
11:46:45,21.46,100,
11:46:49,21.461,250,
11:46:49,21.461,300,
11:46:51,21.461,100,
11:47:17,21.47,100,
11:47:17,21.47,100,
11:47:32,21.49,100,
11:47:32,21.49,100,
11:47:36,21.49,500,
11:47:52,21.4799,1500,
11:47:57,21.4772,500,
11:48:11,21.47,400,
11:48:22,21.43,1000,
11:48:24,21.43,200,
11:48:35,21.4399,400,
11:48:37,21.42,600,
11:48:43,21.42,500,
11:48:54,21.43,200,
11:48:57,21.43,6000,
11:49:05,21.45,200,
11:49:28,21.44,100,
11:49:48,21.439,800,
11:50:16,21.43,300,
11:50:16,21.43,100,
11:50:29,21.42,100,
11:50:38,21.45,800,
11:50:48,21.4401,200,
11:51:15,21.4399,100,
11:51:16,21.439,100,
11:51:16,21.4399,300,
11:51:18,21.44,200,
11:51:43,21.43,100,
11:51:43,21.43,100,
11:51:50,21.41,200,
11:51:51,21.40,200,
11:51:51,21.39,300,
11:51:54,21.391,300,
11:51:57,21.40,1500,
11:52:04,21.411,500,
11:52:04,21.41,450,
11:52:07,21.42,800,
11:52:13,21.39,100,
11:52:13,21.38,269,
11:52:13,21.38,200,
11:52:13,21.38,200,
11:52:13,21.38,100,
11:52:13,21.38,100,
11:52:13,21.39,200,
11:52:13,21.38,223,
11:52:14,21.37,200,
11:52:14,21.38,434,
11:52:14,21.38,100,
11:52:14,21.37,100,
11:52:15,21.3706,1000,
11:52:15,21.38,2000,
11:52:16,21.3929,120,
11:52:20,21.36,200,
11:52:20,21.35,100,
11:52:20,21.35,100,
11:52:20,21.34,269,
11:52:20,21.33,100,
11:52:20,21.32,869,
11:52:20,21.32,331,
11:52:20,21.31,100,
11:52:20,21.32,100,
11:52:20,21.32,200,
11:52:20,21.31,100,
11:52:20,21.31,1100,
11:52:20,21.31,200,
11:52:20,21.35,3600,
11:52:20,21.32,300,
11:52:20,21.311,600,
11:52:20,21.31,100,
11:52:20,21.311,1000,
11:52:21,21.31,100,
11:52:21,21.32,2000,
11:52:21,21.30,200,
11:52:21,21.30,100,
11:52:21,21.30,2550,
11:52:21,21.30,1000,
11:52:21,21.30,2587,
11:52:21,21.31,100,
11:52:22,21.30,200,
11:52:22,21.30,11100,
11:52:22,21.3001,833,
11:52:22,21.30,500,
11:52:22,21.30,200,
11:52:22,21.301,400,
11:52:22,21.3001,167,
11:52:23,21.30,1000,
11:52:23,21.30,1000,
11:52:23,21.30,250,
11:52:24,21.30,100,
11:52:24,21.30,200,
11:52:24,21.301,500,
11:52:24,21.28,1400,
11:52:25,21.28,100,
11:52:25,21.28,269,
11:52:25,21.2828,500,
11:52:25,21.2899,500,
11:52:26,21.2801,1600,
11:52:28,21.28,100,
11:52:28,21.281,600,
11:52:28,21.281,700,
11:52:30,21.281,100,
11:52:30,21.281,200,
11:52:33,21.29,200,
11:52:34,21.31,300,
11:52:34,21.31,300,
11:52:34,21.31,100,
11:52:34,21.31,300,
11:52:34,21.3095,100,
11:52:34,21.305,200,
11:52:34,21.31,1000,
11:52:34,21.31,100,
11:52:34,21.32,300,
11:52:35,21.32,100,
11:52:35,21.32,100,
11:52:35,21.32,100,
11:52:35,21.32,200,
11:52:35,21.32,2100,
11:52:35,21.32,300,
11:52:35,21.32,300,
11:52:35,21.32,3000,
11:52:36,21.3299,300,
11:52:36,21.33,300,
11:52:36,21.32,300,
11:52:37,21.32,100,
11:52:37,21.32,800,
11:52:38,21.31,100,
11:52:48,21.31,100,
11:52:48,21.31,3000,
11:52:50,21.31,600,
11:52:55,21.3172,1000,
11:53:03,21.316,400,
11:53:09,21.319,500,
11:53:14,21.3129,362,
11:53:20,21.31,1000,
11:53:29,21.33,500,
11:53:29,21.33,100,
11:53:35,21.33,800,
11:53:42,21.329,1330,
11:53:49,21.308,300,
11:53:51,21.319,400,
11:53:59,21.3105,500,
11:54:06,21.32,700,
11:54:12,21.311,100,
11:54:12,21.311,300,
11:54:12,21.311,100,
11:54:13,21.3199,2000,
11:54:15,21.32,1000,
11:54:20,21.3171,100,
11:54:23,21.3149,500,
11:54:23,21.32,100,
11:54:30,21.33,1000,
11:54:35,21.33,1000,
11:54:35,21.33,100,
11:54:35,21.33,100,
11:54:35,21.33,100,
11:54:35,21.33,300,
11:54:36,21.318,100,
11:54:36,21.318,100,
11:54:36,21.3195,1000,
11:54:40,21.319,400,
11:54:42,21.32,300,
11:54:44,21.36,100,
11:54:46,21.36,500,
11:54:47,21.34,300,
11:54:48,21.3399,1700,
11:54:49,21.357,1500,
11:54:56,21.34,100,
11:55:05,21.34,100,
11:55:06,21.34,800,
11:55:14,21.35,100,
11:55:14,21.35,100,
11:55:14,21.35,100,
11:55:15,21.35,100,
11:55:18,21.349,100,
11:55:18,21.35,100,
11:55:21,21.35,300,
11:55:21,21.35,200,
11:55:26,21.3599,300,
11:55:31,21.369,500,
11:55:37,21.39,100,
11:55:54,21.36,200,
11:56:01,21.37,800,
11:56:02,21.359,100,
11:56:03,21.3572,1000,
11:56:03,21.359,1000,
11:56:09,21.34,200,
11:56:10,21.33,553,
11:56:10,21.33,100,
11:56:15,21.33,400,
11:56:23,21.36,100,
11:56:27,21.3599,500,
11:56:32,21.3472,920,
11:56:34,21.35,300,
11:56:36,21.36,100,
11:56:36,21.36,100,
11:56:36,21.36,100,
11:56:37,21.36,100,
11:56:37,21.36,100,
11:56:37,21.36,100,
11:56:37,21.36,100,
11:56:37,21.36,100,
11:56:37,21.36,100,
11:56:38,21.3599,1100,
11:56:48,21.33,700,
11:56:49,21.34,100,
11:56:59,21.342,600,
11:57:01,21.37,800,
11:57:06,21.39,200,
11:57:07,21.39,300,
11:57:07,21.38,100,
11:57:07,21.39,200,
11:57:12,21.36,300,
11:57:12,21.35,300,
11:57:12,21.35,100,
11:57:12,21.34,300,
11:57:12,21.34,300,
11:57:12,21.33,300,
11:57:12,21.33,100,
11:57:12,21.33,100,
11:57:12,21.33,300,
11:57:12,21.33,100,
11:57:12,21.33,300,
11:57:12,21.32,300,
11:57:12,21.33,149,
11:57:12,21.33,100,
11:57:12,21.33,232,
11:57:13,21.33,700,
11:57:15,21.31,300,
11:57:15,21.30,100,
11:57:15,21.30,1100,
11:57:16,21.3001,200,
11:57:34,21.3105,500,
11:57:42,21.32,300,
11:57:42,21.31,200,
11:57:45,21.31,200,
11:57:46,21.3186,100,
11:57:48,21.3199,250,
11:57:52,21.33,100,
11:57:55,21.329,200,
11:57:57,21.3186,100,
11:57:57,21.32,100,
11:57:57,21.319,100,
11:57:58,21.317,700,
11:58:04,21.32,300,
11:58:18,21.3295,500,
11:58:48,21.34,100,
11:58:48,21.34,100,
11:58:59,21.3599,1000,
11:59:11,21.3257,200,
11:59:16,21.34,100,
11:59:16,21.34,100,
11:59:16,21.34,100,
11:59:16,21.34,100,
11:59:17,21.34,200,
11:59:19,21.339,1000,
11:59:25,21.33,200,
11:59:40,21.331,2200,
12:00:04,21.3566,100,
12:00:06,21.37,200,
12:00:06,21.37,300,
12:00:08,21.35,100,
12:00:09,21.348,100,
12:00:09,21.348,100,
12:00:11,21.37,100,
12:00:13,21.3501,200,
12:00:14,21.36,140,
12:00:15,21.35,300,
12:00:15,21.35,100,
12:00:15,21.35,300,
12:00:15,21.35,200,
12:00:17,21.3401,300,
12:00:18,21.33,100,
12:00:21,21.32,100,
12:00:22,21.34,2000,
12:00:52,21.334,200,
12:01:22,21.3576,500,
12:01:29,21.36,258,
12:01:31,21.34,100,
12:01:31,21.34,100,
12:01:50,21.3572,1000,
12:02:08,21.36,200,
12:02:21,21.3695,1000,
12:02:31,21.378,500,
12:02:34,21.357,500,
12:02:54,21.378,500,
12:02:54,21.38,200,
12:02:54,21.38,300,
12:03:13,21.41,100,
12:03:38,21.4195,800,
12:03:40,21.41,600,
12:03:43,21.40,300,
12:03:43,21.40,100,
12:03:46,21.391,500,
12:03:46,21.391,500,
12:03:49,21.391,100,
12:03:52,21.401,100,
12:03:52,21.401,200,
12:04:02,21.41,400,
12:04:05,21.42,100,
12:04:16,21.406,140,
12:04:22,21.40,500,
12:04:24,21.40,200,
12:04:26,21.40,400,
12:04:27,21.40,100,
12:04:34,21.40,799,
12:04:37,21.40,200,
12:04:43,21.40,300,
12:04:43,21.3999,2227,
12:04:45,21.40,100,
12:04:59,21.42,100,
12:04:59,21.42,300,
12:05:09,21.40,200,
12:05:10,21.3972,935,
12:05:17,21.36,100,
12:05:18,21.3695,1000,
12:05:23,21.39,100,
12:05:25,21.38,300,
12:05:50,21.3701,300,
12:06:10,21.361,100,
12:06:10,21.361,200,
12:06:14,21.3672,1000,
12:06:26,21.38,100,
12:06:26,21.38,100,
12:06:40,21.367,1800,
12:06:57,21.38,100,
12:06:57,21.38,2100,
12:06:57,21.38,100,
12:06:57,21.38,3000,
12:06:57,21.38,300,
12:07:24,21.3893,2000,
12:07:30,21.3686,700,
12:07:41,21.38,2000,
12:07:44,21.40,100,
12:07:44,21.40,177,
12:07:45,21.40,100,
12:07:52,21.409,500,
12:07:58,21.40,100,
12:08:00,21.39,100,
12:08:00,21.39,100,
12:08:26,21.36,700,
12:08:39,21.37,300,
12:08:39,21.37,100,
12:08:40,21.38,239,
12:08:45,21.3699,100,
12:08:52,21.351,1000,
12:09:26,21.3601,300,
12:09:29,21.3652,200,
12:09:44,21.35,100,
12:09:50,21.36,100,
12:09:53,21.3512,2000,
12:09:57,21.3499,300,
12:09:59,21.3486,1000,
12:09:59,21.33,2050,
12:10:00,21.35,200,
12:10:00,21.35,200,
12:10:09,21.36,300,
12:10:11,21.3601,8240,
12:10:15,21.36,100,
12:10:22,21.35,500,
12:10:52,21.34,1100,
12:10:53,21.34,308,
12:10:59,21.3499,100,
12:11:00,21.33,3000,
12:11:00,21.33,100,
12:11:00,21.33,300,
12:11:00,21.33,300,
12:11:00,21.341,108,
12:11:10,21.35,100,
12:11:10,21.341,1200,
12:11:11,21.341,1800,
12:11:13,21.36,100,
12:11:13,21.37,500,
12:11:13,21.3601,300,
12:11:34,21.3599,300,
12:11:35,21.351,4800,
12:11:35,21.351,4800,
12:11:40,21.37,500,
12:11:40,21.369,1500,
12:11:54,21.35,800,
12:11:59,21.35,300,
12:12:11,21.368,1500,
12:12:28,21.3586,200,
12:12:42,21.3499,200,
12:13:02,21.357,500,
12:13:24,21.34,200,
12:13:24,21.34,300,
12:13:24,21.341,100,
12:13:25,21.34,300,
12:13:25,21.34,400,
12:13:25,21.34,100,
12:13:25,21.34,100,
12:13:25,21.34,400,
12:13:28,21.3499,1100,
12:13:30,21.34,500,
12:13:32,21.34,300,
12:13:32,21.34,100,
12:13:32,21.34,100,
12:13:32,21.34,100,
12:13:55,21.37,445,
12:14:13,21.38,100,
12:14:13,21.38,100,
12:14:19,21.3795,1000,
12:14:21,21.36,300,
12:14:59,21.366,100,
12:15:06,21.38,300,
12:15:06,21.38,100,
12:15:06,21.38,100,
12:15:17,21.40,100,
12:15:26,21.379,300,
12:15:42,21.3759,9000,
12:15:44,21.3872,500,
12:15:56,21.389,2000,
12:15:56,21.40,100,
12:15:57,21.391,100,
12:16:06,21.40,1000,
12:16:12,21.40,2200,
12:16:14,21.39,1000,
12:16:14,21.39,200,
12:16:14,21.39,3000,
12:16:17,21.39,500,
12:16:22,21.38,100,
12:16:28,21.38,600,
12:16:46,21.38,100,
12:16:46,21.38,200,
12:16:54,21.378,1000,
12:17:03,21.388,200,
12:17:03,21.388,700,
12:18:04,21.3986,200,
12:18:16,21.41,100,
12:18:29,21.41,100,
12:18:49,21.408,500,
12:18:56,21.42,300,
12:18:56,21.42,300,
12:18:56,21.42,100,
12:18:56,21.42,300,
12:18:57,21.43,5500,
12:18:57,21.43,800,
12:18:57,21.43,300,
12:18:57,21.43,1200,
12:18:57,21.43,400,
12:18:58,21.43,3000,
12:18:58,21.43,600,
12:19:11,21.4044,1000,
12:19:44,21.409,500,
12:19:49,21.4095,700,
12:20:10,21.39,100,
12:20:10,21.39,400,
12:20:11,21.39,100,
12:20:11,21.39,100,
12:20:11,21.39,200,
12:20:11,21.39,200,
12:20:11,21.3886,200,
12:20:11,21.39,200,
12:20:15,21.408,700,
12:20:26,21.43,300,
12:20:27,21.4301,394,
12:20:34,21.42,100,
12:20:53,21.4125,2500,
12:21:29,21.419,1000,
12:21:41,21.42,100,
12:21:48,21.4071,100,
12:22:07,21.401,100,
12:22:08,21.40,100,
12:22:08,21.40,100,
12:22:12,21.40,300,
12:22:33,21.43,100,
12:22:59,21.4193,100,
12:22:59,21.4293,1700,
12:23:12,21.41,100,
12:23:17,21.40,100,
12:23:28,21.43,143,
12:23:41,21.42,1000,
12:23:42,21.44,100,
12:23:42,21.44,100,
12:23:43,21.44,100,
12:23:43,21.44,100,
12:23:43,21.44,100,
12:23:43,21.44,100,
12:23:43,21.44,100,
12:23:45,21.44,100,
12:23:46,21.44,300,
12:23:47,21.44,200,
12:23:47,21.44,100,
12:23:47,21.44,100,
12:23:50,21.45,300,
12:24:04,21.43,800,
12:24:15,21.43,100,
12:24:18,21.43,200,
12:24:18,21.43,100,
12:24:32,21.429,1000,
12:24:32,21.429,2000,
12:24:49,21.43,100,
12:24:57,21.43,200,
12:25:12,21.42,100,
12:25:16,21.4201,3000,
12:25:21,21.422,500,
12:25:30,21.4299,1000,
12:25:43,21.4299,100,
12:25:47,21.42,100,
12:26:00,21.4272,1400,
12:26:14,21.41,100,
12:26:15,21.4162,666,
12:26:26,21.411,500,
12:26:36,21.42,100,
12:26:42,21.43,100,
12:26:43,21.45,1200,
12:26:43,21.46,400,
12:26:48,21.47,100,
12:26:48,21.48,100,
12:26:48,21.48,400,
12:26:48,21.49,778,
12:26:49,21.49,100,
12:26:52,21.48,189,
12:26:56,21.476,1000,
12:26:58,21.48,100,
12:26:58,21.48,100,
12:27:00,21.47,100,
12:27:01,21.44,300,
12:27:03,21.45,158,
12:27:04,21.44,100,
12:27:05,21.4356,1400,
12:27:08,21.4499,2000,
12:27:12,21.44,200,
12:27:12,21.44,300,
12:27:17,21.443,600,
12:27:36,21.45,200,
12:27:42,21.4586,200,
12:27:42,21.46,100,
12:27:42,21.4586,100,
12:27:44,21.459,300,
12:27:50,21.4586,100,
12:28:07,21.4528,1200,
12:28:12,21.46,100,
12:28:19,21.45,100,
12:28:45,21.46,100,
12:28:50,21.468,500,
12:28:51,21.47,2500,
12:29:00,21.469,100,
12:29:09,21.46,100,
12:29:11,21.46,400,
12:29:13,21.46,100,
12:29:21,21.4838,1000,
12:29:31,21.49,191,
12:29:33,21.49,200,
12:29:34,21.51,100,
12:29:34,21.51,100,
12:29:41,21.51,100,
12:29:41,21.509,400,
12:29:47,21.5099,2100,
12:29:54,21.5072,1500,
12:30:05,21.518,100,
12:30:27,21.516,1000,
12:30:43,21.50,100,
12:30:51,21.501,2000,
12:31:08,21.52,400,
12:31:18,21.519,300,
12:31:36,21.52,100,
12:31:38,21.52,100,
12:31:40,21.52,600,
12:31:43,21.52,100,
12:31:43,21.52,300,
12:31:43,21.52,300,
12:31:43,21.52,1200,
12:31:43,21.52,300,
12:31:43,21.52,3000,
12:31:43,21.52,1200,
12:31:43,21.52,700,
12:31:43,21.52,100,
12:31:43,21.52,700,
12:31:43,21.52,300,
12:31:43,21.51,200,
12:31:48,21.515,200,
12:31:48,21.52,700,
12:31:50,21.52,500,
12:31:52,21.51,200,
12:31:57,21.501,2500,
12:32:01,21.5001,100,
12:32:03,21.491,500,
12:32:07,21.4928,500,
12:32:11,21.4901,2100,
12:32:11,21.50,100,
12:32:27,21.50,200,
12:32:27,21.50,200,
12:32:27,21.50,200,
12:32:27,21.50,100,
12:32:46,21.511,1700,
12:32:47,21.5172,500,
12:32:49,21.5099,1000,
12:32:50,21.5001,100,
12:32:53,21.50,100,
12:33:05,21.5099,500,
12:33:18,21.50,358,
12:33:24,21.49,700,
12:33:26,21.49,100,
12:33:35,21.48,200,
12:33:35,21.48,600,
12:33:35,21.48,200,
12:33:35,21.48,100,
12:33:37,21.48,100,
12:33:37,21.48,100,
12:33:38,21.48,500,
12:33:43,21.49,100,
12:33:43,21.491,500,
12:33:44,21.50,100,
12:33:44,21.50,100,
12:33:45,21.491,2000,
12:33:49,21.50,200,
12:33:49,21.50,300,
12:33:52,21.50,239,
12:33:52,21.50,400,
12:33:52,21.50,200,
12:33:52,21.50,500,
12:33:52,21.50,500,
12:33:52,21.50,200,
12:33:52,21.50,100,
12:33:52,21.50,1200,
12:33:52,21.50,1000,
12:33:52,21.50,700,
12:33:52,21.50,800,
12:33:52,21.50,100,
12:33:52,21.50,300,
12:33:52,21.50,200,
12:33:53,21.50,1000,
12:33:53,21.49,100,
12:33:57,21.48,100,
12:34:03,21.49,900,
12:34:04,21.49,3000,
12:34:04,21.48,100,
12:34:11,21.51,100,
12:34:18,21.492,500,
12:34:29,21.52,500,
12:34:40,21.518,100,
12:34:52,21.511,400,
12:34:52,21.511,400,
12:35:01,21.51,100,
12:35:02,21.5001,100,
12:35:03,21.511,250,
12:35:10,21.5001,2000,
12:35:12,21.50,800,
12:35:15,21.501,1400,
12:35:25,21.51,100,
12:35:37,21.49,500,
12:35:37,21.481,400,
12:35:37,21.4801,2000,
12:35:39,21.4886,151,
12:35:57,21.47,500,
12:35:58,21.4786,100,
12:35:59,21.48,500,
12:35:59,21.472,1500,
12:36:14,21.46,10000,
12:36:36,21.48,100,
12:36:45,21.45,500,
12:36:47,21.45,400,
12:36:50,21.4505,1000,
12:36:54,21.453,300,
12:37:12,21.46,100,
12:37:37,21.48,800,
12:38:02,21.47,200,
12:38:04,21.47,100,
12:38:16,21.46,100,
12:38:39,21.468,120,
12:39:20,21.46,100,
12:39:39,21.461,100,
12:39:44,21.45,100,
12:39:44,21.445,400,
12:39:44,21.4474,2350,
12:39:53,21.4499,200,
12:39:54,21.44,300,
12:39:57,21.45,500,
12:40:06,21.45,114,
12:40:27,21.449,500,
12:41:33,21.459,4000,
12:41:41,21.45,100,
12:42:07,21.46,300,
12:42:32,21.4625,100,
12:42:49,21.47,1200,
12:42:53,21.48,300,
12:42:53,21.48,161,
12:42:54,21.4886,1200,
12:43:17,21.4871,200,
12:43:33,21.48,100,
12:44:15,21.48,100,
12:44:18,21.50,400,
12:44:36,21.49,100,
12:44:36,21.49,100,
12:44:38,21.49,100,
12:44:54,21.48,300,
12:45:19,21.471,100,
12:45:23,21.47,1000,
12:45:34,21.471,100,
12:45:42,21.47,100,
12:45:42,21.47,200,
12:45:42,21.47,100,
12:45:42,21.47,100,
12:45:42,21.47,100,
12:45:43,21.4701,2000,
12:45:45,21.472,500,
12:46:02,21.4738,500,
12:46:18,21.479,2500,
12:46:23,21.48,300,
12:46:23,21.48,300,
12:46:23,21.49,100,
12:46:33,21.472,500,
12:46:34,21.48,100,
12:46:34,21.48,3000,
12:46:36,21.487,1300,
12:46:46,21.462,4000,
12:47:44,21.45,100,
12:47:48,21.4401,1000,
12:48:11,21.45,100,
12:48:15,21.458,100,
12:48:15,21.46,498,
12:48:27,21.4401,100,
12:48:27,21.44,100,
12:48:43,21.44,100,
12:48:59,21.44,100,
12:49:01,21.446,209,
12:49:04,21.46,200,
12:49:26,21.449,100,
12:49:26,21.45,100,
12:49:28,21.449,100,
12:49:34,21.45,100,
12:49:34,21.45,200,
12:49:50,21.46,200,
12:49:53,21.45,200,
12:49:53,21.45,200,
12:49:53,21.45,200,
12:50:08,21.45,700,
12:50:26,21.46,100,
12:50:26,21.46,400,
12:51:20,21.4672,300,
12:51:55,21.4671,300,
12:51:59,21.4584,1000,
12:52:02,21.46,300,
12:52:03,21.46,100,
12:52:04,21.47,200,
12:52:25,21.461,500,
12:52:39,21.4799,2100,
12:52:41,21.48,1200,
12:53:40,21.469,4000,
12:53:42,21.45,100,
12:53:49,21.43,200,
12:54:00,21.44,100,
12:54:00,21.44,300,
12:54:13,21.43,100,
12:54:28,21.42,1329,
12:54:31,21.421,100,
12:54:38,21.4305,1000,
12:54:49,21.44,300,
12:54:49,21.44,100,
12:55:04,21.43,100,
12:55:04,21.43,100,
12:55:16,21.44,100,
12:55:25,21.45,1200,
12:55:34,21.435,400,
12:55:43,21.43,100,
12:55:50,21.4399,300,
12:56:25,21.44,100,
12:56:34,21.44,100,
12:56:38,21.44,600,
12:57:29,21.45,1200,
12:57:44,21.44,500,
12:57:53,21.45,100,
12:58:35,21.4599,100,
12:58:37,21.45,100,
12:58:44,21.46,500,
12:59:04,21.4686,100,
12:59:46,21.46,100,
12:59:54,21.46,100,
13:00:04,21.47,600,
13:00:04,21.47,300,
13:00:04,21.47,100,
13:00:10,21.481,500,
13:00:25,21.4999,1000,
13:00:31,21.48,100,
13:00:51,21.4801,100,
13:01:09,21.49,3500,
13:01:12,21.47,100,
13:01:34,21.48,100,
13:01:44,21.4735,5000,
13:01:57,21.4801,100,
13:02:28,21.4862,1000,
13:03:17,21.49,150,
13:03:19,21.488,1900,
13:03:19,21.489,200,
13:03:37,21.49,300,
13:03:42,21.50,108,
13:04:15,21.48,100,
13:04:18,21.4786,200,
13:04:49,21.49,1000,
13:05:29,21.4899,200,
13:05:29,21.49,100,
13:05:30,21.49,200,
13:05:32,21.49,100,
13:05:32,21.489,100,
13:05:34,21.487,800,
13:05:35,21.49,700,
13:05:36,21.49,600,
13:05:36,21.49,500,
13:05:37,21.489,700,
13:05:42,21.49,200,
13:05:43,21.491,400,
13:05:44,21.48,319,
13:06:25,21.50,100,
13:06:26,21.50,600,
13:06:29,21.50,200,
13:06:32,21.508,200,
13:06:39,21.51,400,
13:06:39,21.509,2100,
13:06:39,21.509,2100,
13:06:41,21.51,3800,
13:06:47,21.5086,500,
13:06:53,21.51,1200,
13:07:11,21.505,500,
13:07:20,21.49,100,
13:07:23,21.49,800,
13:07:25,21.49,568,
13:07:25,21.49,200,
13:07:26,21.49,100,
13:07:27,21.49,100,
13:07:33,21.49,800,
13:07:33,21.49,400,
13:07:33,21.49,700,
13:07:33,21.49,300,
13:07:46,21.50,300,
13:07:46,21.50,300,
13:07:46,21.50,100,
13:07:49,21.50,1000,
13:07:50,21.50,200,
13:07:54,21.50,1000,
13:07:54,21.50,200,
13:07:54,21.50,600,
13:07:54,21.50,800,
13:07:54,21.50,400,
13:07:54,21.50,800,
13:07:54,21.50,200,
13:07:54,21.50,800,
13:07:54,21.50,700,
13:07:54,21.5001,100,
13:07:54,21.50,500,
13:07:54,21.50,200,
13:07:59,21.48,400,
13:08:04,21.50,200,
13:08:05,21.50,100,
13:08:29,21.4928,1200,
13:08:36,21.488,1000,
13:08:47,21.4999,1800,
13:09:10,21.498,1000,
13:09:20,21.499,200,
13:09:28,21.5084,200,
13:09:35,21.49,400,
13:09:38,21.49,100,
13:09:56,21.473,500,
13:10:04,21.488,300,
13:10:04,21.488,200,
13:10:04,21.488,200,
13:10:46,21.4799,100,
13:11:00,21.49,168,
13:11:03,21.49,800,
13:11:08,21.49,400,
13:11:08,21.49,200,
13:11:12,21.48,100,
13:11:29,21.49,100,
13:11:29,21.49,100,
13:11:29,21.49,100,
13:11:29,21.49,100,
13:11:29,21.49,100,
13:11:29,21.49,100,
13:11:29,21.49,100,
13:11:36,21.48,100,
13:11:36,21.48,1000,
13:11:36,21.48,2000,
13:11:36,21.48,300,
13:11:55,21.48,1900,
13:11:55,21.48,100,
13:11:55,21.48,500,
13:11:55,21.48,100,
13:11:56,21.48,100,
13:11:57,21.48,100,
13:11:57,21.48,100,
13:11:58,21.48,100,
13:11:58,21.48,100,
13:11:58,21.48,100,
13:11:58,21.48,300,
13:11:58,21.48,100,
13:11:58,21.48,100,
13:11:58,21.48,100,
13:11:58,21.48,100,
13:11:58,21.48,100,
13:11:58,21.48,100,
13:11:58,21.48,410,
13:11:58,21.48,100,
13:12:06,21.47,100,
13:12:36,21.47,700,
13:12:55,21.47,100,
13:13:34,21.49,1000,
13:14:04,21.4801,100,
13:14:24,21.47,100,
13:14:32,21.48,600,
13:15:00,21.49,100,
13:15:58,21.4986,202,
13:16:08,21.4999,100,
13:16:15,21.50,200,
13:16:15,21.50,450,
13:16:16,21.50,550,
13:16:18,21.5099,300,
13:16:19,21.51,100,
13:16:21,21.51,100,
13:16:24,21.51,125,
13:16:32,21.51,550,
13:16:47,21.498,1000,
13:17:45,21.4759,250,
13:17:47,21.478,239,
13:18:02,21.4888,465,
13:18:32,21.49,200,
13:18:32,21.49,200,
13:18:46,21.49,900,
13:18:53,21.47,100,
13:18:56,21.45,600,
13:18:57,21.45,400,
13:19:02,21.4401,100,
13:19:05,21.44,100,
13:19:11,21.43,100,
13:19:46,21.4499,100,
13:20:04,21.45,100,
13:20:04,21.45,200,
13:20:17,21.441,3800,
13:20:17,21.44,400,
13:20:17,21.441,400,
13:20:17,21.44,100,
13:20:17,21.441,1100,
13:20:20,21.44,18200,
13:20:30,21.448,500,
13:20:48,21.44,700,
13:20:48,21.44,700,
13:20:48,21.44,1400,
13:20:48,21.44,900,
13:20:48,21.44,600,
13:20:50,21.44,200,
13:20:50,21.441,200,
13:21:07,21.441,400,
13:21:08,21.4493,400,
13:21:08,21.44,1000,
13:21:08,21.441,1000,
13:21:11,21.45,100,
13:21:36,21.46,100,
13:21:36,21.46,100,
13:21:38,21.45,361,
13:22:06,21.4401,150,
13:22:19,21.4399,596,
13:22:29,21.44,1000,
13:23:01,21.43,100,
13:23:02,21.402,698,
13:23:02,21.41,300,
13:23:03,21.40,100,
13:23:03,21.40,200,
13:23:04,21.3901,200,
13:23:05,21.38,500,
13:23:08,21.40,100,
13:23:08,21.401,100,
13:23:08,21.401,100,
13:23:09,21.40,1000,
13:23:09,21.4001,600,
13:23:11,21.401,140,
13:23:12,21.4084,5000,
13:23:22,21.4001,200,
13:23:22,21.39,1400,
13:23:34,21.40,300,
13:23:58,21.401,100,
13:24:03,21.41,10000,
13:24:24,21.395,2000,
13:24:31,21.3901,300,
13:24:45,21.3901,4100,
13:24:46,21.391,100,
13:24:47,21.401,280,
13:24:47,21.401,200,
13:24:48,21.391,300,
13:24:48,21.386,300,
13:25:00,21.38,100,
13:25:12,21.39,1400,
13:25:12,21.39,100,
13:25:14,21.39,100,
13:25:15,21.40,100,
13:25:17,21.41,800,
13:25:48,21.399,4000,
13:25:54,21.38,2400,
13:25:54,21.391,200,
13:26:04,21.381,400,
13:26:06,21.381,3800,
13:26:27,21.38,10000,
13:26:39,21.39,1000,
13:27:06,21.389,1727,
13:27:38,21.39,100,
13:27:38,21.39,100,
13:27:43,21.40,100,
13:28:09,21.41,200,
13:28:40,21.4028,935,
13:28:57,21.40,100,
13:29:06,21.38,800,
13:29:07,21.37,100,
13:29:13,21.3701,100,
13:29:30,21.37,100,
13:29:40,21.39,600,
13:29:52,21.4071,100,
13:29:58,21.40,100,
13:29:58,21.401,200,
13:29:58,21.401,300,
13:30:01,21.39,300,
13:30:03,21.392,2200,
13:30:03,21.391,400,
13:30:03,21.391,200,
13:30:13,21.3886,300,
13:30:13,21.3886,150,
13:30:13,21.3886,250,
13:30:30,21.38,2600,
13:31:03,21.37,200,
13:31:09,21.3701,200,
13:31:38,21.36,1000,
13:31:39,21.35,300,
13:31:41,21.3572,700,
13:31:54,21.35,660,
13:32:00,21.35,200,
13:32:10,21.35,200,
13:32:24,21.3584,5000,
13:32:33,21.359,200,
13:32:42,21.359,200,
13:32:51,21.36,100,
13:33:01,21.3614,1000,
13:33:27,21.3605,729,
13:33:58,21.3672,1500,
13:34:03,21.37,400,
13:34:11,21.37,100,
13:34:31,21.36,100,
13:34:50,21.36,104,
13:35:10,21.35,1000,
13:35:10,21.35,100,
13:35:11,21.35,200,
13:35:11,21.35,300,
13:35:11,21.35,100,
13:35:12,21.34,300,
13:35:15,21.3629,200,
13:35:15,21.36,100,
13:35:27,21.37,100,
13:36:18,21.3671,300,
13:36:43,21.3672,1000,
13:36:53,21.36,400,
13:37:01,21.36,800,
13:37:06,21.34,100,
13:37:10,21.3501,1200,
13:37:26,21.35,100,
13:37:36,21.35,100,
13:37:46,21.3486,1400,
13:37:50,21.33,2950,
13:37:54,21.3399,200,
13:38:52,21.3499,100,
13:39:00,21.36,200,
13:39:23,21.34,375,
13:39:36,21.3599,100,
13:39:45,21.36,205,
13:40:11,21.3484,5000,
13:40:42,21.3499,2000,
13:41:13,21.34,200,
13:41:27,21.339,600,
13:41:27,21.34,700,
13:41:28,21.339,900,
13:41:43,21.341,200,
13:41:43,21.341,400,
13:42:00,21.35,2600,
13:42:32,21.3599,700,
13:42:32,21.36,1300,
13:42:39,21.36,300,
13:42:39,21.3599,300,
13:42:39,21.3599,300,
13:42:39,21.3599,2000,
13:42:46,21.348,540,
13:43:06,21.341,100,
13:43:07,21.342,1300,
13:43:07,21.3452,3000,
13:43:12,21.341,330,
13:43:13,21.341,300,
13:43:17,21.35,100,
13:43:29,21.368,200,
13:43:29,21.368,200,
13:43:29,21.368,100,
13:43:29,21.37,200,
13:43:29,21.37,100,
13:43:34,21.36,179,
13:43:34,21.36,200,
13:43:34,21.36,100,
13:43:46,21.364,1000,
13:44:10,21.369,3000,
13:44:25,21.351,400,
13:44:51,21.351,100,
13:44:55,21.3501,1000,
13:44:58,21.3429,250,
13:45:29,21.35,300,
13:45:29,21.35,100,
13:45:35,21.35,100,
13:46:11,21.36,100,
13:46:31,21.36,300,
13:46:47,21.35,800,
13:47:09,21.36,200,
13:47:10,21.37,700,
13:47:15,21.37,200,
13:47:25,21.37,1200,
13:48:49,21.369,4000,
13:49:17,21.3699,1000,
13:49:51,21.3635,400,
13:50:11,21.3699,100,
13:50:34,21.389,500,
13:50:40,21.389,700,
13:50:40,21.389,3900,
13:50:46,21.387,1600,
13:50:51,21.39,1000,
13:50:52,21.399,1000,
13:50:55,21.3986,100,
13:50:55,21.40,100,
13:51:18,21.39,100,
13:51:22,21.39,2000,
13:51:31,21.3899,400,
13:51:45,21.39,100,
13:51:50,21.38,100,
13:51:54,21.38,300,
13:51:56,21.38,100,
13:52:09,21.378,250,
13:52:15,21.38,200,
13:52:22,21.38,100,
13:52:22,21.3799,300,
13:52:22,21.39,100,
13:52:48,21.39,1000,
13:52:51,21.39,100,
13:52:51,21.39,200,
13:52:51,21.39,200,
13:52:51,21.39,200,
13:52:58,21.401,500,
13:52:58,21.401,500,
13:53:07,21.40,1000,
13:53:08,21.40,100,
13:53:15,21.40,2000,
13:53:22,21.4095,500,
13:53:31,21.41,4000,
13:53:41,21.41,100,
13:53:46,21.419,400,
13:53:46,21.419,100,
13:53:46,21.419,100,
13:54:01,21.419,100,
13:54:21,21.43,1200,
13:54:25,21.44,500,
13:54:40,21.431,1000,
13:55:03,21.432,100,
13:55:16,21.43,100,
13:55:16,21.439,460,
13:55:16,21.439,440,
13:55:20,21.4395,500,
13:55:51,21.43,100,
13:55:56,21.4212,800,
13:56:20,21.43,100,
13:56:20,21.4286,100,
13:56:20,21.4286,100,
13:56:36,21.428,100,
13:56:36,21.43,100,
13:56:36,21.43,100,
13:56:40,21.4307,250,
13:56:53,21.43,1000,
13:56:53,21.43,500,
13:57:02,21.42,500,
13:57:02,21.41,100,
13:57:07,21.39,300,
13:57:07,21.3801,3000,
13:57:08,21.3801,5000,
13:57:10,21.38,200,
13:57:16,21.4056,100,
13:57:26,21.42,100,
13:57:52,21.429,1600,
13:58:20,21.41,1000,
13:58:21,21.41,200,
13:58:21,21.41,100,
13:58:34,21.4093,200,
13:59:26,21.4199,200,
13:59:26,21.4299,100,
13:59:27,21.429,100,
13:59:44,21.42,100,
13:59:50,21.4285,1300,
13:59:53,21.4299,2500,
14:00:06,21.43,250,
14:00:07,21.4101,200,
14:00:18,21.41,200,
14:00:18,21.41,100,
14:00:22,21.412,1000,
14:00:57,21.43,1200,
14:01:08,21.4271,150,
14:01:12,21.44,500,
14:01:12,21.44,100,
14:01:14,21.45,2000,
14:01:36,21.438,900,
14:02:08,21.44,300,
14:02:14,21.434,2000,
14:02:28,21.4372,935,
14:02:28,21.44,700,
14:03:47,21.441,5000,
14:04:11,21.441,100,
14:04:11,21.441,100,
14:04:50,21.441,3000,
14:05:09,21.4499,1354,
14:05:12,21.432,1000,
14:06:16,21.44,2000,
14:06:48,21.4395,1800,
14:07:16,21.44,100,
14:07:16,21.44,200,
14:07:40,21.43,300,
14:07:40,21.43,100,
14:07:48,21.43,2000,
14:07:51,21.42,3000,
14:07:51,21.42,100,
14:07:51,21.41,2800,
14:07:52,21.42,1000,
14:07:52,21.42,1000,
14:07:53,21.42,1000,
14:07:53,21.42,1000,
14:07:54,21.41,100,
14:07:54,21.42,700,
14:07:54,21.41,300,
14:07:57,21.42,100,
14:07:57,21.42,300,
14:07:57,21.42,600,
14:07:57,21.42,300,
14:08:16,21.41,800,
14:08:16,21.41,100,
14:08:16,21.41,100,
14:08:37,21.41,100,
14:08:43,21.42,100,
14:08:43,21.42,100,
14:08:53,21.40,125,
14:08:58,21.40,3000,
14:08:59,21.4086,500,
14:09:01,21.40,200,
14:09:12,21.41,100,
14:09:15,21.42,2300,
14:09:21,21.43,800,
14:09:31,21.44,311,
14:09:31,21.45,400,
14:09:33,21.45,100,
14:09:33,21.45,100,
14:09:47,21.45,100,
14:09:47,21.446,200,
14:09:56,21.45,2000,
14:10:08,21.447,1900,
14:10:14,21.45,1200,
14:10:30,21.43,700,
14:10:39,21.4385,4662,
14:11:51,21.4401,100,
14:12:11,21.439,600,
14:12:21,21.4416,500,
14:12:27,21.45,300,
14:12:27,21.45,21700,
14:12:27,21.45,22800,
14:12:46,21.4476,500,
14:12:46,21.449,1100,
14:13:25,21.4493,400,
14:14:22,21.42,100,
14:14:46,21.4368,1000,
14:15:35,21.436,100,
14:16:04,21.44,200,
14:16:23,21.46,120,
14:16:23,21.46,100,
14:16:27,21.47,300,
14:16:42,21.47,300,
14:16:48,21.471,300,
14:17:08,21.49,200,
14:17:16,21.4801,2000,
14:17:23,21.48,500,
14:17:27,21.4899,500,
14:17:27,21.49,100,
14:17:39,21.48,500,
14:18:04,21.488,100,
14:18:04,21.488,100,
14:18:05,21.4995,1000,
14:18:20,21.4928,1700,
14:18:45,21.499,130,
14:18:54,21.499,900,
14:18:57,21.499,2000,
14:19:21,21.4965,250,
14:19:34,21.50,800,
14:19:34,21.51,100,
14:19:34,21.51,400,
14:19:35,21.5062,130,
14:19:40,21.51,200,
14:19:41,21.5099,300,
14:19:43,21.508,200,
14:19:43,21.51,397,
14:19:45,21.52,500,
14:19:46,21.53,500,
14:19:46,21.53,500,
14:19:46,21.529,400,
14:19:46,21.52,200,
14:19:46,21.52,285,
14:19:46,21.53,100,
14:19:46,21.53,100,
14:19:46,21.54,900,
14:19:46,21.55,100,
14:19:46,21.55,1200,
14:19:47,21.5501,100,
14:19:48,21.53,5000,
14:19:48,21.53,3500,
14:19:49,21.56,200,
14:19:49,21.559,300,
14:19:49,21.559,400,
14:19:49,21.56,300,
14:19:49,21.56,300,
14:19:49,21.56,300,
14:19:49,21.56,600,
14:19:51,21.559,200,
14:19:52,21.5577,700,
14:19:52,21.559,1300,
14:19:52,21.5501,900,
14:19:52,21.55,529,
14:19:53,21.56,1000,
14:19:53,21.5501,300,
14:19:54,21.5501,2400,
14:19:54,21.5501,300,
14:19:55,21.5501,800,
14:19:55,21.5501,350,
14:19:57,21.55,471,
14:19:58,21.5501,2000,
14:20:00,21.56,150,
14:20:05,21.58,200,
14:20:05,21.59,100,
14:20:05,21.589,200,
14:20:06,21.588,100,
14:20:06,21.573,500,
14:20:07,21.589,500,
14:20:07,21.589,500,
14:20:07,21.59,800,
14:20:07,21.60,400,
14:20:07,21.60,800,
14:20:07,21.59,200,
14:20:07,21.60,100,
14:20:07,21.60,300,
14:20:07,21.60,600,
14:20:07,21.60,100,
14:20:07,21.59,250,
14:20:07,21.60,100,
14:20:08,21.60,200,
14:20:10,21.62,1200,
14:20:10,21.6099,100,
14:20:10,21.62,200,
14:20:10,21.61,100,
14:20:11,21.6176,450,
14:20:12,21.62,100,
14:20:18,21.6095,500,
14:20:19,21.62,100,
14:20:19,21.62,200,
14:20:19,21.62,200,
14:20:21,21.62,100,
14:20:21,21.606,1900,
14:20:25,21.64,1000,
14:20:25,21.6401,200,
14:20:27,21.65,2950,
14:20:27,21.65,3500,
14:20:27,21.65,100,
14:20:27,21.65,2500,
14:20:28,21.645,500,
14:20:31,21.65,100,
14:20:31,21.65,200,
14:20:31,21.65,100,
14:20:32,21.64,681,
14:20:32,21.649,950,
14:20:32,21.649,100,
14:20:33,21.66,400,
14:20:33,21.6428,1001,
14:20:36,21.6599,3000,
14:20:37,21.66,100,
14:20:37,21.66,1700,
14:20:37,21.66,100,
14:20:37,21.66,300,
14:20:37,21.6501,100,
14:20:39,21.66,500,
14:20:40,21.63,600,
14:20:42,21.622,100,
14:20:46,21.628,1600,
14:20:48,21.623,1000,
14:20:48,21.63,114,
14:20:51,21.6172,650,
14:20:56,21.6213,258,
14:21:02,21.61,100,
14:21:03,21.6101,300,
14:21:06,21.62,300,
14:21:08,21.629,400,
14:21:09,21.621,1800,
14:21:09,21.629,2000,
14:21:17,21.64,100,
14:21:22,21.63,100,
14:21:25,21.64,1000,
14:21:26,21.629,100,
14:21:30,21.624,400,
14:21:36,21.62,200,
14:21:37,21.6299,2000,
14:21:38,21.619,200,
14:21:38,21.6101,700,
14:21:44,21.6199,1000,
14:21:45,21.612,3372,
14:21:45,21.611,628,
14:21:52,21.6114,400,
14:21:57,21.612,600,
14:22:06,21.6372,500,
14:22:09,21.6214,500,
14:22:22,21.6371,400,
14:22:32,21.61,100,
14:22:35,21.6232,413,
14:22:49,21.6199,300,
14:22:49,21.6291,700,
14:23:09,21.61,100,
14:23:09,21.60,11000,
14:23:09,21.60,300,
14:23:09,21.60,900,
14:23:09,21.60,100,
14:23:11,21.60,500,
14:23:12,21.6001,200,
14:23:13,21.60,250,
14:23:14,21.60,500,
14:23:14,21.601,500,
14:23:19,21.5923,1100,
14:23:19,21.591,200,
14:23:26,21.6048,3000,
14:23:31,21.5926,1100,
14:23:31,21.591,3700,
14:23:32,21.601,1200,
14:23:33,21.59,7600,
14:23:34,21.591,400,
14:23:39,21.592,500,
14:23:44,21.60,100,
14:23:44,21.60,100,
14:23:44,21.60,100,
14:23:46,21.60,100,
14:24:06,21.599,500,
14:24:07,21.59,100,
14:24:07,21.591,100,
14:24:09,21.591,100,
14:24:09,21.591,100,
14:24:12,21.60,500,
14:24:14,21.60,500,
14:24:18,21.591,300,
14:24:25,21.59,1600,
14:24:26,21.59,100,
14:24:26,21.591,100,
14:24:28,21.59,200,
14:24:36,21.60,100,
14:24:54,21.60,400,
14:24:57,21.60,200,
14:25:05,21.5986,100,
14:25:05,21.5986,100,
14:25:06,21.60,200,
14:25:10,21.60,100,
14:25:12,21.599,4000,
14:25:18,21.598,2500,
14:25:36,21.5901,500,
14:25:36,21.5901,3500,
14:25:36,21.599,200,
14:25:36,21.60,200,
14:25:39,21.6001,4480,
14:25:41,21.6093,300,
14:26:00,21.61,100,
14:26:00,21.611,800,
14:26:00,21.611,3800,
14:26:06,21.62,100,
14:26:27,21.62,100,
14:26:28,21.618,100,
14:26:32,21.6165,2000,
14:26:42,21.629,100,
14:26:44,21.63,100,
14:26:44,21.63,100,
14:26:46,21.64,100,
14:26:48,21.639,1800,
14:26:50,21.64,1700,
14:26:50,21.65,100,
14:26:50,21.66,500,
14:26:50,21.67,100,
14:26:50,21.67,200,
14:26:50,21.67,300,
14:26:50,21.67,300,
14:26:50,21.67,1200,
14:26:50,21.66,269,
14:26:50,21.68,200,
14:26:50,21.68,200,
14:26:50,21.68,1000,
14:26:51,21.68,100,
14:26:51,21.682,350,
14:26:51,21.684,500,
14:26:53,21.66,100,
14:26:56,21.6499,200,
14:26:56,21.6499,300,
14:27:00,21.65,5000,
14:27:05,21.649,100,
14:27:06,21.648,1800,
14:27:07,21.65,100,
14:27:08,21.63,500,
14:27:10,21.60,200,
14:27:10,21.60,100,
14:27:13,21.608,200,
14:27:19,21.575,100,
14:27:19,21.57,500,
14:27:21,21.59,100,
14:27:21,21.59,100,
14:27:22,21.59,100,
14:27:24,21.591,600,
14:27:26,21.591,100,
14:27:28,21.59,100,
14:27:33,21.591,100,
14:27:33,21.591,100,
14:27:36,21.58,100,
14:27:50,21.571,100,
14:27:54,21.561,1200,
14:28:00,21.55,100,
14:28:00,21.55,100,
14:28:00,21.5495,850,
14:28:02,21.54,100,
14:28:02,21.5401,100,
14:28:02,21.5401,300,
14:28:02,21.5401,300,
14:28:02,21.5401,100,
14:28:03,21.55,200,
14:28:05,21.531,1700,
14:28:05,21.531,1700,
14:28:06,21.5401,250,
14:28:11,21.55,100,
14:28:11,21.55,100,
14:28:11,21.55,100,
14:28:17,21.5595,1000,
14:28:28,21.54,10000,
14:28:46,21.56,100,
14:29:00,21.568,500,
14:29:09,21.58,1500,
14:29:11,21.569,100,
14:29:12,21.569,1700,
14:29:27,21.5899,1200,
14:29:42,21.599,600,
14:29:59,21.5999,100,
14:29:59,21.5999,100,
14:30:01,21.61,800,
14:30:03,21.59,200,
14:30:16,21.60,114,
14:30:30,21.59,200,
14:31:05,21.58,100,
14:31:09,21.56,1200,
14:31:10,21.5605,250,
14:31:10,21.57,200,
14:31:11,21.571,300,
14:31:11,21.571,300,
14:31:15,21.5707,400,
14:31:42,21.569,1000,
14:31:51,21.55,1300,
14:31:52,21.55,100,
14:31:54,21.55,800,
14:31:58,21.552,1300,
14:31:59,21.5671,200,
14:32:04,21.566,200,
14:32:24,21.5495,1150,
14:32:28,21.5541,200,
14:33:06,21.561,400,
14:33:06,21.561,500,
14:33:07,21.561,500,
14:33:10,21.57,100,
14:33:13,21.5799,700,
14:33:57,21.57,700,
14:33:57,21.5699,300,
14:33:57,21.5699,300,
14:33:57,21.5699,400,
14:33:57,21.5699,200,
14:33:57,21.5699,300,
14:33:58,21.5699,300,
14:34:00,21.5699,300,
14:34:01,21.5699,300,
14:34:03,21.57,100,
14:34:04,21.59,300,
14:34:05,21.5893,275,
14:34:22,21.58,600,
14:34:26,21.57,400,
14:34:26,21.57,100,
14:34:36,21.572,1470,
14:35:13,21.588,1000,
14:35:16,21.58,100,
14:35:16,21.58,200,
14:35:16,21.58,200,
14:35:27,21.5905,1000,
14:35:33,21.591,2400,
14:35:33,21.591,2400,
14:35:48,21.59,100,
14:35:48,21.59,600,
14:35:56,21.60,100,
14:35:59,21.6001,2000,
14:36:08,21.6001,4480,
14:36:17,21.61,500,
14:36:17,21.61,100,
14:36:24,21.6071,200,
14:36:49,21.626,100,
14:37:06,21.6271,200,
14:37:07,21.6217,600,
14:37:07,21.621,700,
14:37:11,21.6299,1500,
14:37:28,21.629,4000,
14:37:41,21.61,100,
14:37:41,21.6201,500,
14:37:49,21.61,500,
14:37:52,21.60,700,
14:37:55,21.594,4000,
14:38:01,21.60,300,
14:38:11,21.58,100,
14:38:11,21.58,100,
14:38:17,21.59,100,
14:38:42,21.59,100,
14:38:56,21.5999,100,
14:38:58,21.59,100,
14:39:01,21.58,1100,
14:39:56,21.6057,150,
14:40:19,21.608,800,
14:40:27,21.61,100,
14:40:28,21.62,100,
14:40:32,21.6171,200,
14:40:42,21.61,100,
14:41:40,21.629,500,
14:41:46,21.64,700,
14:41:46,21.65,300,
14:41:46,21.65,200,
14:41:46,21.64,500,
14:41:49,21.6401,100,
14:42:02,21.6495,500,
14:42:11,21.65,100,
14:42:11,21.651,700,
14:42:13,21.651,1500,
14:42:16,21.649,300,
14:42:33,21.65,1000,
14:42:39,21.667,2500,
14:42:56,21.65,200,
14:42:58,21.6456,800,
14:42:59,21.6499,465,
14:42:59,21.64,100,
14:43:07,21.65,100,
14:43:09,21.6501,400,
14:43:23,21.6528,800,
14:43:32,21.65,2200,
14:43:40,21.64,700,
14:43:43,21.64,300,
14:43:49,21.63,1000,
14:43:49,21.65,300,
14:44:14,21.64,100,
14:44:16,21.643,1900,
14:44:41,21.6433,300,
14:44:55,21.648,3000,
14:45:04,21.64,100,
14:45:17,21.63,500,
14:45:38,21.641,400,
14:45:38,21.641,400,
14:45:52,21.63,1000,
14:46:01,21.63,300,
14:46:03,21.63,277,
14:46:03,21.62,300,
14:46:03,21.63,100,
14:46:03,21.62,124,
14:46:03,21.61,100,
14:46:04,21.6301,300,
14:46:04,21.60,300,
14:46:04,21.60,1200,
14:46:07,21.60,100,
14:46:07,21.60,200,
14:46:09,21.5913,100,
14:46:10,21.598,300,
14:46:10,21.60,600,
14:46:22,21.60,700,
14:46:22,21.60,100,
14:46:22,21.5999,200,
14:46:22,21.61,200,
14:46:22,21.61,200,
14:46:28,21.609,2000,
14:46:33,21.61,200,
14:46:41,21.60,400,
14:46:50,21.6085,5000,
14:47:11,21.60,300,
14:47:12,21.6001,100,
14:47:15,21.6005,1000,
14:47:26,21.61,100,
14:47:29,21.62,300,
14:47:29,21.62,300,
14:47:29,21.62,300,
14:47:29,21.63,1000,
14:47:29,21.63,100,
14:47:29,21.64,100,
14:47:29,21.64,200,
14:47:29,21.64,100,
14:47:29,21.64,100,
14:47:29,21.64,100,
14:47:29,21.64,1400,
14:47:29,21.64,400,
14:47:29,21.64,500,
14:47:30,21.64,269,
14:47:30,21.65,1200,
14:47:30,21.64,300,
14:47:30,21.64,300,
14:47:30,21.65,700,
14:47:30,21.65,377,
14:47:34,21.6301,300,
14:47:41,21.649,5000,
14:47:44,21.65,503,
14:47:44,21.65,700,
14:47:51,21.6599,460,
14:47:52,21.659,200,
14:47:52,21.657,1000,
14:48:02,21.68,200,
14:48:14,21.687,1900,
14:48:15,21.70,283,
14:48:15,21.71,700,
14:48:15,21.70,100,
14:48:17,21.71,500,
14:48:17,21.699,500,
14:48:21,21.70,288,
14:48:22,21.68,200,
14:48:22,21.68,700,
14:48:26,21.688,400,
14:48:28,21.6671,400,
14:48:28,21.67,100,
14:48:30,21.67,700,
14:48:36,21.66,132,
14:48:38,21.64,400,
14:48:40,21.64,600,
14:48:41,21.649,100,
14:48:42,21.66,200,
14:48:44,21.649,100,
14:48:46,21.659,300,
14:48:46,21.65,400,
14:48:48,21.66,400,
14:48:53,21.66,100,
14:48:57,21.659,100,
14:48:59,21.66,100,
14:49:09,21.65,100,
14:49:34,21.6401,1650,
14:49:42,21.652,375,
14:50:05,21.661,1330,
14:50:11,21.6607,114,
14:50:11,21.6607,200,
14:50:17,21.669,300,
14:50:18,21.661,1200,
14:50:19,21.67,100,
14:50:20,21.66,5800,
14:50:28,21.661,200,
14:50:29,21.661,400,
14:50:47,21.6605,1000,
14:50:49,21.67,100,
14:51:00,21.665,400,
14:51:02,21.66,200,
14:51:11,21.66,100,
14:51:23,21.6599,500,
14:51:38,21.658,1542,
14:51:49,21.65,100,
14:51:49,21.64,100,
14:51:49,21.63,250,
14:51:56,21.65,700,
14:51:56,21.65,800,
14:52:03,21.64,600,
14:52:03,21.64,1000,
14:52:10,21.65,400,
14:52:10,21.65,100,
14:52:10,21.65,100,
14:52:24,21.6423,500,
14:52:25,21.6407,400,
14:52:36,21.65,100,
14:52:43,21.66,500,
14:52:43,21.66,300,
14:52:43,21.66,1200,
14:52:43,21.66,100,
14:52:59,21.67,500,
14:53:02,21.67,100,
14:53:06,21.671,271,
14:53:11,21.6699,1500,
14:53:18,21.68,300,
14:53:18,21.68,300,
14:53:27,21.6607,400,
14:53:39,21.64,100,
14:53:41,21.63,300,
14:53:49,21.63,100,
14:53:54,21.63,300,
14:53:56,21.63,300,
14:54:08,21.631,2000,
14:54:10,21.6305,900,
14:54:23,21.62,100,
14:54:24,21.6199,900,
14:54:34,21.60,360,
14:54:35,21.611,2300,
14:54:44,21.61,1000,
14:54:53,21.60,100,
14:54:54,21.5905,800,
14:54:55,21.601,100,
14:54:57,21.6028,500,
14:54:59,21.60,200,
14:55:21,21.60,200,
14:55:21,21.59,100,
14:55:21,21.59,100,
14:55:23,21.60,390,
14:55:24,21.60,500,
14:55:26,21.64,277,
14:55:37,21.628,700,
14:56:05,21.598,300,
14:56:11,21.6099,500,
14:56:24,21.6099,300,
14:56:38,21.5999,200,
14:56:41,21.596,1000,
14:56:43,21.61,100,
14:56:43,21.6099,300,
14:56:43,21.6099,100,
14:56:43,21.6099,200,
14:56:50,21.609,1000,
14:57:19,21.60,400,
14:57:19,21.601,500,
14:57:20,21.601,400,
14:57:46,21.62,100,
14:58:08,21.637,820,
14:58:36,21.6386,300,
14:59:36,21.6501,150,
14:59:52,21.63,100,
14:59:53,21.63,100,
14:59:56,21.63,700,
15:00:01,21.62,700,
15:00:03,21.61,700,
15:00:14,21.621,600,
15:00:14,21.621,200,
15:00:57,21.66,100,
15:00:57,21.66,500,
15:01:19,21.63,100,
15:01:26,21.6301,300,
15:01:42,21.63,700,
15:01:49,21.62,200,
15:01:49,21.62,200,
15:02:02,21.60,100,
15:02:04,21.58,300,
15:02:05,21.583,150,
15:02:06,21.591,100,
15:02:11,21.58,100,
15:02:11,21.56,400,
15:02:11,21.5638,500,
15:02:13,21.55,200,
15:02:13,21.541,200,
15:02:14,21.5409,200,
15:02:14,21.54,500,
15:02:14,21.541,900,
15:02:15,21.55,300,
15:02:15,21.55,5000,
15:02:15,21.541,2300,
15:02:17,21.5423,500,
15:02:17,21.54,1000,
15:02:17,21.541,500,
15:02:17,21.531,700,
