09:30:00,15.0192,3000,
09:30:01,15.011,100,
09:30:02,15.01,200,
09:30:02,15.01,2000,
09:30:02,15.011,3800,
09:30:02,15.011,600,
09:30:03,15.01,675,
09:30:03,15.01,225,
09:30:03,15.02,500,
09:30:03,15.02,200,
09:30:03,15.02,500,
09:30:04,15.011,100,
09:30:04,15.011,3700,
09:30:04,15.01,500,
09:30:04,15.01,2200,
09:30:04,15,200,
09:30:04,15,500,
09:30:04,15.01,500,
09:30:04,15.01,1200,
09:30:04,15,400,
09:30:04,15,200,
09:30:04,15.01,200,
09:30:04,14.99,500,
09:30:04,15.011,620,
09:30:04,15.01,200,
09:30:04,15,200,
09:30:04,15,400,
09:30:04,15,400,
09:30:04,15,400,
09:30:04,15.011,600,
09:30:04,15.021,100,
09:30:05,15.01,100,
09:30:05,15.01,150,
09:30:05,15.01,200,
09:30:06,15.001,300,
09:30:06,15.001,100,
09:30:06,15.001,400,
09:30:06,15.001,244,
09:30:07,15.02,100,
09:30:07,15.02,1025,
09:30:07,15.02,200,
09:30:07,15.02,200,
09:30:08,15.02,200,
09:30:08,15.01,1000,
09:30:10,15.01,2000,
09:30:10,15.02,200,
09:30:12,15.01,7000,
09:30:12,15.03,200,
09:30:12,14.99,100,
09:30:13,15.001,400,
09:30:13,15.001,500,
09:30:13,15.001,300,
09:30:13,15.001,1000,
09:30:13,15.021,100,
09:30:14,15.04,200,
09:30:15,15.02,100,
09:30:16,15.02,2998,
09:30:20,15.01,7000,
09:30:20,15.02,600,
09:30:21,15.02,1700,
09:30:21,15.021,100,
09:30:22,15.02,500,
09:30:22,15.02,200,
09:30:22,15.02,300,
09:30:22,15.04,776,
09:30:24,15.03,200,
09:30:26,15.021,100,
09:30:27,15.0192,300,
09:30:27,15.013,100,
09:30:27,15.031,100,
09:30:27,15.0017,140,
09:30:28,15.028,150,
09:30:29,15.021,1000,
09:30:29,15.04,2000,
09:30:32,15.025,3000,
09:30:33,15.022,1000,
09:30:33,15.04,200,
09:30:33,15.0399,2700,
09:30:34,15.031,150,
09:30:37,15.039,4000,
09:30:40,15.05,500,
09:30:41,15.04,500,
09:30:42,15.0499,400,
09:30:45,15.0301,100,
09:30:50,15.05,900,
09:30:50,15.05,500,
09:31:00,15.04,100,
09:31:00,15.04,500,
09:31:02,15.03,264,
09:31:07,15.02,1000,
09:31:08,15.04,100,
09:31:09,15.031,100,
09:31:09,15.031,100,
09:31:12,15.03,100,
09:31:14,15.0285,100,
09:31:16,15.028,8000,
09:31:23,15.0299,300,
09:31:25,15.025,900,
09:31:25,15.02,100,
09:31:25,15.02,100,
09:31:25,15.021,100,
09:31:28,15.021,100,
09:31:28,15.021,200,
09:31:30,15.021,600,
09:31:31,15.021,600,
09:31:31,15.021,700,
09:31:34,15.022,300,
09:31:36,15.03,800,
09:31:39,15.03,200,
09:31:39,15.03,200,
09:31:39,15.03,1500,
09:31:42,15.04,400,
09:31:43,15.038,1500,
09:31:48,15.04,100,
09:31:51,15.04,1000,
09:31:56,15.041,1290,
09:31:59,15.0401,700,
09:32:01,15.0483,500,
09:32:01,15.05,200,
09:32:02,15.05,200,
09:32:02,15.05,100,
09:32:06,15.04,700,
09:32:10,15.048,1000,
09:32:16,15.0462,300,
09:32:20,15.05,200,
09:32:25,15.04,300,
09:32:29,15.05,200,
09:32:43,15.042,1223,
09:32:45,15.04,100,
09:32:45,15.04,100,
09:32:45,15.04,100,
09:32:45,15.04,100,
09:32:45,15.04,100,
09:32:47,15.05,25000,
09:32:48,15.05,334,
09:32:48,15.05,733,
09:32:53,15.0401,2000,
09:32:58,15.05,700,
09:32:58,15.06,200,
09:33:02,15.05,100,
09:33:04,15.05,100,
09:33:07,15.068,135,
09:33:07,15.07,200,
09:33:08,15.07,200,
09:33:11,15.0601,700,
09:33:15,15.08,200,
09:33:15,15.08,2000,
09:33:15,15.08,200,
09:33:15,15.08,200,
09:33:15,15.08,200,
09:33:15,15.08,200,
09:33:15,15.08,200,
09:33:15,15.08,100,
09:33:18,15.09,300,
09:33:18,15.0899,450,
09:33:20,15.10,100,
09:33:20,15.10,325,
09:33:20,15.10,325,
09:33:22,15.088,1000,
09:33:24,15.10,200,
09:33:28,15.1001,1100,
09:33:29,15.1099,1000,
09:33:31,15.108,800,
09:33:32,15.109,5300,
09:33:32,15.109,900,
09:33:32,15.11,1250,
09:33:34,15.11,2700,
09:33:36,15.11,100,
09:33:36,15.11,200,
09:33:37,15.11,100,
09:33:38,15.109,400,
09:33:38,15.109,400,
09:33:38,15.11,100,
09:33:38,15.11,100,
09:33:38,15.1099,400,
09:33:41,15.1101,3000,
09:33:43,15.11,100,
09:33:45,15.10,100,
09:33:45,15.09,100,
09:33:47,15.099,200,
09:33:47,15.099,300,
09:33:47,15.099,1400,
09:33:49,15.0999,600,
09:33:49,15.098,100,
09:33:50,15.0901,3000,
09:33:52,15.10,200,
09:33:54,15.099,400,
09:33:54,15.099,400,
09:33:58,15.10,200,
09:33:58,15.10,200,
09:33:58,15.10,200,
09:33:58,15.10,200,
09:33:58,15.10,200,
09:33:59,15.10,200,
09:33:59,15.10,200,
09:34:00,15.10,200,
09:34:01,15.10,200,
09:34:07,15.10,600,
09:34:08,15.109,100,
09:34:09,15.12,1000,
09:34:09,15.10,200,
09:34:10,15.108,100,
09:34:11,15.108,100,
09:34:14,15.1001,7800,
09:34:17,15.1199,700,
09:34:18,15.11,600,
09:34:18,15.11,325,
09:34:20,15.1117,400,
09:34:22,15.1199,9000,
09:34:24,15.11,100,
09:34:24,15.11,100,
09:34:24,15.11,100,
09:34:24,15.11,100,
09:34:24,15.11,100,
09:34:24,15.11,100,
09:34:29,15.11,100,
09:34:29,15.11,100,
09:34:29,15.109,100,
09:34:33,15.12,300,
09:34:33,15.119,900,
09:34:34,15.11,3910,
09:34:36,15.1199,1000,
09:34:37,15.13,200,
09:34:40,15.1399,1700,
09:34:43,15.15,150,
09:34:43,15.148,150,
09:34:45,15.14,500,
09:34:46,15.14,300,
09:34:48,15.139,900,
09:34:49,15.13,575,
09:34:49,15.139,100,
09:34:53,15.12,1000,
09:34:53,15.11,300,
09:34:54,15.119,800,
09:34:54,15.119,800,
09:34:55,15.12,100,
09:34:55,15.12,100,
09:34:55,15.12,100,
09:34:58,15.119,500,
09:34:58,15.119,500,
09:35:00,15.12,200,
09:35:03,15.1117,1000,
09:35:03,15.12,100,
09:35:06,15.13,200,
09:35:14,15.121,2600,
09:35:14,15.121,2600,
09:35:16,15.12,300,
09:35:16,15.12,1100,
09:35:16,15.12,800,
09:35:16,15.12,9100,
09:35:20,15.1199,500,
09:35:23,15.11,200,
09:35:24,15.11,100,
09:35:25,15.1199,200,
09:35:25,15.11,100,
09:35:25,15.11,500,
09:35:29,15.1083,500,
09:35:31,15.1099,200,
09:35:31,15.1099,100,
09:35:31,15.11,200,
09:35:31,15.1199,2000,
09:35:33,15.11,200,
09:35:33,15.11,100,
09:35:34,15.112,9100,
09:35:43,15.11,1900,
09:35:43,15.11,100,
09:35:44,15.11,100,
09:35:50,15.109,1700,
09:35:53,15.09,100,
09:35:53,15.09,200,
09:35:54,15.10,200,
09:35:54,15.10,100,
09:35:55,15.1099,2000,
09:35:58,15.1001,1330,
09:36:03,15.10,100,
09:36:05,15.10,200,
09:36:05,15.10,5300,
09:36:05,15.10,200,
09:36:05,15.10,200,
09:36:11,15.109,3500,
09:36:12,15.1085,2000,
09:36:13,15.11,100,
09:36:14,15.109,100,
09:36:19,15.1017,200,
09:36:21,15.101,2300,
09:36:21,15.101,1600,
09:36:23,15.10,15500,
09:36:24,15.109,1500,
09:36:26,15.11,100,
09:36:26,15.11,100,
09:36:29,15.10,1000,
09:36:40,15.101,700,
09:36:40,15.101,800,
09:36:40,15.101,2600,
09:36:40,15.101,2000,
09:36:41,15.10,7800,
09:36:41,15.0904,563,
09:36:48,15.09,200,
09:36:48,15.09,100,
09:36:48,15.09,200,
09:36:56,15.0817,1800,
09:37:00,15.09,100,
09:37:00,15.09,200,
09:37:02,15.081,200,
09:37:02,15.08,100,
09:37:04,15.072,400,
09:37:06,15.0799,600,
09:37:07,15.07,100,
09:37:09,15.0601,200,
09:37:11,15.061,3000,
09:37:14,15.0601,3500,
09:37:17,15.069,2300,
09:37:18,15.07,200,
09:37:18,15.07,200,
09:37:18,15.07,200,
09:37:18,15.07,200,
09:37:18,15.07,200,
09:37:18,15.07,200,
09:37:20,15.07,100,
09:37:25,15.08,100,
09:37:28,15.0801,800,
09:37:28,15.08,200,
09:37:30,15.08,100,
09:37:39,15.08,100,
09:37:41,15.0783,1000,
09:37:41,15.071,500,
09:37:45,15.08,300,
09:37:45,15.08,200,
09:37:46,15.07,400,
09:37:53,15.08,456,
09:37:53,15.08,300,
09:37:53,15.08,300,
09:37:56,15.08,300,
09:37:57,15.06,200,
09:38:01,15.0615,4000,
09:38:02,15.062,1500,
09:38:08,15.05,500,
09:38:08,15.052,400,
09:38:10,15.0501,1500,
09:38:14,15.0501,1100,
09:38:16,15.06,200,
09:38:16,15.06,200,
09:38:16,15.06,100,
09:38:16,15.06,300,
09:38:19,15.07,100,
09:38:23,15.0701,2500,
09:38:27,15.08,100,
09:38:27,15.08,230,
09:38:45,15.089,200,
09:38:47,15.099,200,
09:38:47,15.089,200,
09:38:49,15.10,100,
09:38:55,15.11,200,
09:38:56,15.108,500,
09:38:57,15.119,100,
09:38:59,15.1199,1800,
09:39:03,15.117,100,
09:39:07,15.12,100,
09:39:07,15.13,200,
09:39:07,15.13,300,
09:39:07,15.13,600,
09:39:07,15.13,334,
09:39:07,15.13,100,
09:39:07,15.13,1000,
09:39:07,15.13,100,
09:39:07,15.13,100,
09:39:07,15.13,100,
09:39:12,15.13,1100,
09:39:16,15.13,900,
09:39:23,15.1275,2000,
09:39:32,15.127,125,
09:39:35,15.13,100,
09:39:50,15.131,2900,
09:39:55,15.1399,100,
09:39:57,15.14,6000,
09:39:57,15.13,300,
09:39:57,15.13,300,
09:40:00,15.1399,1500,
09:40:05,15.14,100,
09:40:05,15.132,100,
09:40:08,15.1401,350,
09:40:11,15.1501,900,
09:40:12,15.15,300,
09:40:13,15.149,400,
09:40:13,15.149,500,
09:40:13,15.14,200,
09:40:14,15.15,1500,
09:40:14,15.1499,700,
09:40:15,15.15,900,
09:40:16,15.15,500,
09:40:17,15.15,100,
09:40:19,15.15,100,
09:40:22,15.1499,1700,
09:40:24,15.1499,900,
09:40:28,15.14,100,
09:40:28,15.14,100,
09:40:33,15.1475,2000,
09:40:34,15.13,200,
09:40:37,15.14,300,
09:40:46,15.14,100,
09:40:47,15.15,200,
09:40:55,15.15,100,
09:40:59,15.15,4000,
09:41:04,15.16,100,
09:41:05,15.168,1500,
09:41:08,15.168,800,
09:41:10,15.16,100,
09:41:13,15.16,100,
09:41:14,15.1699,2500,
09:41:22,15.16,100,
09:41:22,15.16,600,
09:41:22,15.16,100,
09:41:25,15.1686,300,
09:41:32,15.168,800,
09:41:50,15.168,1000,
09:41:50,15.16,400,
09:41:54,15.1699,100,
09:42:00,15.16,200,
09:42:06,15.168,250,
09:42:06,15.168,950,
09:42:17,15.1601,3200,
09:42:20,15.16,100,
09:42:28,15.17,10000,
09:42:38,15.1685,2500,
09:42:44,15.1699,1000,
09:42:44,15.17,100,
09:42:45,15.16,130,
09:42:46,15.15,100,
09:42:48,15.162,1400,
09:42:50,15.151,1000,
09:42:52,15.15,100,
09:42:52,15.15,400,
09:42:54,15.15,300,
09:42:54,15.14,100,
09:42:54,15.1525,3000,
09:42:59,15.13,400,
09:43:01,15.14,100,
09:43:14,15.14,100,
09:43:16,15.1483,630,
09:43:18,15.141,1300,
09:43:24,15.15,1000,
09:43:26,15.141,1500,
09:43:27,15.142,1000,
09:43:27,15.14,1000,
09:43:36,15.16,100,
09:43:36,15.16,100,
09:43:39,15.158,1000,
09:43:57,15.16,100,
09:43:57,15.16,213,
09:44:01,15.1583,500,
09:44:07,15.1513,500,
09:44:29,15.16,100,
09:44:34,15.16,100,
09:44:36,15.18,500,
09:44:38,15.1883,300,
09:44:39,15.178,500,
09:44:40,15.1883,500,
09:44:42,15.1801,500,
09:44:45,15.18,400,
09:44:47,15.18,100,
09:44:48,15.17,450,
09:44:48,15.19,200,
09:44:49,15.19,500,
09:44:51,15.18,100,
09:44:51,15.19,1050,
09:44:53,15.18,100,
09:44:54,15.18,100,
09:44:56,15.19,200,
09:44:56,15.19,200,
09:44:56,15.19,100,
09:44:56,15.19,100,
09:44:56,15.19,100,
09:45:08,15.1801,300,
09:45:17,15.1875,3000,
09:45:19,15.1897,700,
09:45:23,15.18,100,
09:45:23,15.18,100,
09:45:23,15.18,470,
09:45:23,15.18,1200,
09:45:23,15.18,1200,
09:45:23,15.18,100,
09:45:23,15.18,100,
09:45:24,15.18,100,
09:45:24,15.18,100,
09:45:24,15.18,400,
09:45:28,15.17,300,
09:45:29,15.17,700,
09:45:29,15.17,100,
09:45:29,15.17,100,
09:45:29,15.17,300,
09:45:29,15.17,100,
09:45:29,15.17,300,
09:45:35,15.1701,1000,
09:45:38,15.18,200,
09:45:38,15.18,200,
09:45:41,15.1899,450,
09:45:48,15.19,5000,
09:46:00,15.18,200,
09:46:05,15.18,700,
09:46:06,15.17,400,
09:46:09,15.17,100,
09:46:09,15.178,200,
09:46:16,15.18,100,
09:46:18,15.18,100,
09:46:23,15.1801,200,
09:46:24,15.182,500,
09:46:25,15.18,200,
09:46:25,15.18,400,
09:46:25,15.18,200,
09:46:26,15.18,100,
09:46:32,15.18,100,
09:46:33,15.1799,500,
09:46:35,15.18,200,
09:46:35,15.18,200,
09:46:35,15.18,200,
09:46:35,15.18,101,
09:46:37,15.19,2100,
09:46:40,15.18,100,
09:46:46,15.1885,4000,
09:46:54,15.182,683,
09:46:57,15.182,1434,
09:47:03,15.18,100,
09:47:03,15.18,1000,
09:47:03,15.18,1300,
09:47:03,15.18,1500,
09:47:03,15.18,411,
09:47:03,15.18,100,
09:47:03,15.18,1000,
09:47:08,15.17,100,
09:47:08,15.17,200,
09:47:08,15.17,100,
09:47:08,15.18,500,
09:47:14,15.16,100,
09:47:21,15.162,1000,
09:47:24,15.17,100,
09:47:24,15.17,100,
09:47:24,15.17,100,
09:47:24,15.17,100,
09:47:36,15.18,200,
09:47:37,15.18,200,
09:47:45,15.18,100,
09:47:45,15.18,100,
09:47:50,15.18,100,
09:48:00,15.19,1000,
09:48:04,15.19,100,
09:48:06,15.20,500,
09:48:06,15.198,1600,
09:48:06,15.198,1000,
09:48:09,15.19,100,
09:48:09,15.19,900,
09:48:09,15.19,800,
09:48:09,15.19,300,
09:48:09,15.19,100,
09:48:10,15.19,100,
09:48:18,15.20,100,
09:48:18,15.199,500,
09:48:23,15.20,1600,
09:48:23,15.20,200,
09:48:23,15.20,400,
09:48:23,15.20,100,
09:48:23,15.20,100,
09:48:23,15.20,100,
09:48:23,15.20,600,
09:48:23,15.20,200,
09:48:24,15.20,500,
09:48:24,15.20,299,
09:48:24,15.20,100,
09:48:27,15.21,100,
09:48:30,15.21,2500,
09:48:30,15.21,2500,
09:48:31,15.209,2500,
09:48:32,15.20,100,
09:48:35,15.20,200,
09:48:39,15.2099,150,
09:48:45,15.1999,200,
09:48:52,15.20,1000,
09:48:55,15.19,100,
09:48:59,15.19,300,
09:49:01,15.20,200,
09:49:02,15.20,650,
09:49:06,15.201,1100,
09:49:06,15.201,1200,
09:49:09,15.202,5300,
09:49:09,15.201,800,
09:49:09,15.201,800,
09:49:11,15.20,100,
09:49:15,15.20,100,
09:49:15,15.20,100,
09:49:20,15.20,100,
09:49:25,15.19,700,
09:49:28,15.20,200,
09:49:28,15.20,200,
09:49:28,15.20,200,
09:49:28,15.20,100,
09:49:28,15.20,200,
09:49:28,15.21,200,
09:49:28,15.21,100,
09:49:28,15.21,600,
09:49:28,15.21,200,
09:49:28,15.21,3000,
09:49:28,15.21,1030,
09:49:28,15.21,100,
09:49:28,15.21,400,
09:49:28,15.21,100,
09:49:28,15.21,900,
09:49:28,15.21,100,
09:49:28,15.21,200,
09:49:28,15.22,100,
09:49:28,15.22,100,
09:49:28,15.22,200,
09:49:28,15.22,100,
09:49:28,15.22,1400,
09:49:28,15.22,100,
09:49:28,15.22,100,
09:49:28,15.22,100,
09:49:30,15.22,1500,
09:49:30,15.23,100,
09:49:30,15.22,100,
09:49:30,15.22,1300,
09:49:30,15.22,400,
09:49:30,15.23,100,
09:49:30,15.23,1000,
09:49:32,15.2283,500,
09:49:32,15.23,200,
09:49:33,15.2201,2900,
09:49:37,15.23,1000,
09:49:38,15.22,100,
09:49:39,15.23,440,
09:49:39,15.22,1000,
09:49:40,15.24,200,
09:49:40,15.24,100,
09:49:40,15.229,440,
09:49:40,15.25,200,
09:49:41,15.25,100,
09:49:41,15.25,100,
09:49:41,15.25,400,
09:49:43,15.258,1800,
09:49:43,15.25,100,
09:49:47,15.24,300,
09:49:47,15.24,300,
09:49:47,15.24,200,
09:49:47,15.24,200,
09:49:47,15.24,1500,
09:49:47,15.24,100,
09:49:47,15.24,600,
09:49:47,15.23,100,
09:49:47,15.24,200,
09:49:47,15.22,900,
09:49:47,15.22,500,
09:49:47,15.24,300,
09:49:47,15.23,300,
09:49:47,15.23,100,
09:49:47,15.22,100,
09:49:47,15.23,200,
09:49:47,15.23,100,
09:49:47,15.22,400,
09:49:47,15.22,376,
09:49:47,15.22,100,
09:49:47,15.21,300,
09:49:47,15.21,100,
09:49:47,15.22,100,
09:49:47,15.22,100,
09:49:47,15.22,1000,
09:49:47,15.21,100,
09:49:47,15.21,200,
09:49:47,15.21,200,
09:49:47,15.21,100,
09:49:47,15.21,200,
09:49:47,15.21,100,
09:49:47,15.21,400,
09:49:48,15.22,100,
09:49:48,15.22,200,
09:49:49,15.2201,700,
09:49:49,15.22,700,
09:49:49,15.2201,600,
09:49:54,15.226,200,
09:49:56,15.22,600,
09:49:56,15.22,100,
09:49:56,15.22,500,
09:49:58,15.22,100,
09:50:01,15.2299,100,
09:50:05,15.2301,100,
09:50:08,15.239,1200,
09:50:10,15.2385,3400,
09:50:12,15.2499,600,
09:50:12,15.2375,2000,
09:50:16,15.25,1283,
09:50:18,15.2501,1000,
09:50:19,15.27,2000,
09:50:19,15.27,923,
09:50:19,15.27,200,
09:50:19,15.27,200,
09:50:19,15.28,500,
09:50:19,15.28,100,
09:50:19,15.28,3000,
09:50:19,15.28,200,
09:50:19,15.28,600,
09:50:19,15.27,1000,
09:50:19,15.27,2077,
09:50:19,15.27,100,
09:50:19,15.27,200,
09:50:19,15.27,100,
09:50:19,15.27,1000,
09:50:19,15.28,100,
09:50:19,15.28,100,
09:50:19,15.28,400,
09:50:19,15.28,2200,
09:50:19,15.28,600,
09:50:19,15.28,100,
09:50:19,15.28,600,
09:50:19,15.28,200,
09:50:19,15.28,1100,
09:50:19,15.28,500,
09:50:19,15.28,1300,
09:50:19,15.28,100,
09:50:20,15.27,300,
09:50:20,15.27,1000,
09:50:20,15.28,100,
09:50:20,15.28,1000,
09:50:20,15.28,200,
09:50:20,15.28,500,
09:50:20,15.28,100,
09:50:20,15.27,1000,
09:50:20,15.27,300,
09:50:20,15.27,100,
09:50:20,15.27,1000,
09:50:20,15.30,400,
09:50:20,15.30,176,
09:50:20,15.2999,100,
09:50:20,15.27,100,
09:50:20,15.30,200,
09:50:20,15.30,300,
09:50:21,15.30,2200,
09:50:21,15.30,200,
09:50:21,15.30,166,
09:50:21,15.30,400,
09:50:21,15.30,200,
09:50:21,15.30,400,
09:50:23,15.30,600,
09:50:23,15.2999,2000,
09:50:24,15.30,100,
09:50:25,15.30,400,
09:50:27,15.30,100,
09:50:29,15.30,176,
09:50:30,15.309,1000,
09:50:31,15.2999,300,
09:50:31,15.2999,600,
09:50:31,15.2999,400,
09:50:32,15.30,100,
09:50:32,15.2999,100,
09:50:33,15.3001,1600,
09:50:34,15.31,200,
09:50:34,15.3001,1200,
09:50:35,15.30,100,
09:50:36,15.30,500,
09:50:37,15.309,1500,
09:50:39,15.29,100,
09:50:40,15.29,100,
09:50:45,15.2962,360,
09:50:46,15.29,100,
09:50:46,15.29,100,
09:50:47,15.29,100,
09:50:50,15.30,112,
09:50:50,15.30,200,
09:50:50,15.30,1500,
09:50:50,15.30,200,
09:50:50,15.30,1500,
09:50:50,15.30,100,
09:50:50,15.30,100,
09:50:50,15.30,200,
09:50:50,15.30,200,
09:50:50,15.30,3000,
09:50:50,15.30,200,
09:50:50,15.30,1800,
09:50:50,15.31,200,
09:50:50,15.31,300,
09:50:50,15.31,300,
09:50:50,15.31,600,
09:50:50,15.31,500,
09:50:55,15.31,100,
09:50:55,15.31,100,
09:50:55,15.31,200,
09:50:56,15.30,100,
09:50:58,15.292,1200,
09:50:58,15.299,100,
09:51:00,15.30,100,
09:51:00,15.30,100,
09:51:00,15.31,300,
09:51:01,15.298,1000,
09:51:02,15.30,200,
09:51:02,15.30,100,
09:51:02,15.30,100,
09:51:02,15.29,9600,
09:51:07,15.29,300,
09:51:08,15.2801,7000,
09:51:09,15.28,300,
09:51:09,15.28,100,
09:51:13,15.278,1800,
09:51:20,15.28,100,
09:51:24,15.29,100,
09:51:24,15.27,1000,
09:51:25,15.27,3800,
09:51:25,15.28,100,
09:51:25,15.28,200,
09:51:25,15.29,4600,
09:51:25,15.281,1300,
09:51:27,15.2817,700,
09:51:32,15.28,260,
09:51:35,15.28,9000,
09:51:35,15.28,1000,
09:51:35,15.28,1300,
09:51:35,15.28,1500,
09:51:35,15.2883,1000,
09:51:47,15.28,500,
09:51:47,15.28,500,
09:51:47,15.28,2000,
09:51:47,15.28,2200,
09:51:51,15.2701,2500,
09:51:54,15.27,18930,
09:51:55,15.27,100,
09:51:55,15.2601,2000,
09:51:58,15.27,100,
09:52:00,15.27,200,
09:52:00,15.2699,2000,
09:52:02,15.27,500,
09:52:03,15.261,2500,
09:52:06,15.2799,1400,
09:52:07,15.28,500,
09:52:07,15.28,3220,
09:52:08,15.28,200,
09:52:08,15.28,100,
09:52:10,15.28,100,
09:52:13,15.2883,500,
09:52:17,15.28,200,
09:52:18,15.28,1500,
09:52:20,15.2883,1000,
09:52:22,15.28,100,
09:52:38,15.26,100,
09:52:38,15.26,100,
09:52:38,15.26,100,
09:52:41,15.261,800,
09:52:45,15.26,1000,
09:53:00,15.2617,1000,
09:53:09,15.27,100,
09:53:09,15.2701,1000,
09:53:16,15.27,100,
09:53:20,15.28,500,
09:53:20,15.28,150,
09:53:22,15.27,1900,
09:53:23,15.28,100,
09:53:23,15.281,2500,
09:53:25,15.28,12500,
09:53:30,15.29,100,
09:53:31,15.29,2000,
09:53:31,15.29,100,
09:53:33,15.29,100,
09:53:38,15.29,200,
09:53:38,15.29,1500,
09:53:38,15.29,200,
09:53:41,15.29,150,
09:53:41,15.29,100,
09:53:48,15.2962,300,
09:53:49,15.291,500,
09:53:49,15.291,4800,
09:53:49,15.291,1500,
09:53:49,15.291,2700,
09:53:52,15.30,1845,
09:54:05,15.30,1000,
09:54:06,15.2925,250,
09:54:09,15.30,200,
09:54:09,15.30,700,
09:54:10,15.302,1000,
09:54:10,15.301,300,
09:54:13,15.32,100,
09:54:13,15.32,200,
09:54:20,15.32,200,
09:54:20,15.32,100,
09:54:24,15.32,900,
09:54:25,15.3199,325,
09:54:25,15.32,200,
09:54:28,15.31,700,
09:54:28,15.31,200,
09:54:31,15.31,1300,
09:54:31,15.31,100,
09:54:31,15.31,200,
09:54:31,15.31,300,
09:54:31,15.31,100,
09:54:34,15.30,200,
09:54:45,15.3099,200,
09:54:49,15.29,100,
09:54:49,15.28,275,
09:54:49,15.28,1225,
09:54:52,15.2701,500,
09:54:56,15.2701,600,
09:54:57,15.27,200,
09:54:58,15.27,100,
09:54:59,15.2738,1000,
09:55:02,15.28,300,
09:55:07,15.2817,1300,
09:55:09,15.29,300,
09:55:09,15.29,1300,
09:55:09,15.29,700,
09:55:09,15.29,1500,
09:55:09,15.30,500,
09:55:09,15.30,100,
09:55:09,15.30,100,
09:55:09,15.30,300,
09:55:09,15.30,400,
09:55:09,15.30,100,
09:55:09,15.30,100,
09:55:09,15.30,1300,
09:55:09,15.29,2000,
09:55:09,15.30,100,
09:55:09,15.29,100,
09:55:09,15.30,100,
09:55:09,15.30,100,
09:55:09,15.30,200,
09:55:10,15.298,100,
09:55:19,15.30,900,
09:55:19,15.30,100,
09:55:23,15.31,200,
09:55:24,15.31,1000,
09:55:24,15.31,600,
09:55:24,15.31,300,
09:55:24,15.31,100,
09:55:27,15.32,100,
09:55:29,15.33,400,
09:55:29,15.33,700,
09:55:29,15.33,100,
09:55:30,15.34,100,
09:55:30,15.34,100,
09:55:30,15.34,200,
09:55:30,15.34,100,
09:55:31,15.34,200,
09:55:31,15.34,100,
09:55:33,15.33,100,
09:55:37,15.32,100,
09:55:40,15.315,654,
09:55:44,15.309,1500,
09:55:47,15.31,100,
09:55:49,15.32,100,
09:55:52,15.33,200,
09:55:52,15.33,100,
09:55:52,15.33,400,
09:55:52,15.34,400,
09:55:55,15.35,1600,
09:55:55,15.35,200,
09:55:55,15.35,1200,
09:55:55,15.35,400,
09:55:55,15.35,400,
09:55:55,15.35,500,
09:55:55,15.35,100,
09:55:55,15.35,100,
09:55:55,15.35,700,
09:55:55,15.35,300,
09:55:56,15.35,100,
09:55:56,15.35,200,
09:55:56,15.35,100,
09:55:56,15.35,100,
09:55:57,15.35,300,
09:55:57,15.35,600,
09:55:57,15.35,200,
09:55:57,15.35,100,
09:55:57,15.34,100,
09:55:58,15.34,10000,
09:56:04,15.34,200,
09:56:04,15.33,2200,
09:56:04,15.33,200,
09:56:06,15.32,100,
09:56:09,15.31,100,
09:56:14,15.31,599,
09:56:14,15.31,100,
09:56:20,15.31,500,
09:56:22,15.31,100,
09:56:23,15.31,200,
09:56:23,15.30,100,
09:56:24,15.2958,400,
09:56:25,15.2901,600,
09:56:29,15.292,1983,
09:56:32,15.29,200,
09:56:32,15.29,100,
09:56:33,15.28,1000,
09:56:33,15.27,300,
09:56:33,15.2601,940,
09:56:34,15.262,300,
09:56:34,15.26,100,
09:56:35,15.288,1000,
09:56:35,15.26,800,
09:56:35,15.26,723,
09:56:35,15.26,600,
09:56:35,15.26,923,
09:56:35,15.26,300,
09:56:35,15.26,100,
09:56:35,15.26,300,
09:56:35,15.26,1500,
09:56:35,15.26,100,
09:56:35,15.26,800,
09:56:35,15.26,1000,
09:56:35,15.26,800,
09:56:35,15.26,100,
09:56:35,15.25,1940,
09:56:35,15.26,100,
09:56:35,15.26,100,
09:56:35,15.26,100,
09:56:35,15.26,2300,
09:56:35,15.26,300,
09:56:35,15.26,100,
09:56:35,15.26,100,
09:56:35,15.26,500,
09:56:35,15.26,100,
09:56:36,15.2501,2600,
09:56:36,15.26,100,
09:56:36,15.26,100,
09:56:36,15.27,100,
09:56:37,15.271,700,
09:56:37,15.26,100,
09:56:37,15.25,6300,
09:56:38,15.272,100,
09:56:38,15.2525,1900,
09:56:38,15.28,100,
09:56:48,15.2808,750,
09:56:48,15.281,100,
09:56:50,15.282,500,
09:56:58,15.2893,200,
09:57:05,15.28,100,
09:57:05,15.28,100,
09:57:06,15.28,300,
09:57:07,15.279,3000,
09:57:18,15.29,100,
09:57:23,15.29,200,
09:57:24,15.2958,1700,
09:57:26,15.29,2500,
09:57:28,15.298,1000,
09:57:31,15.29,100,
09:57:32,15.2812,100,
09:57:35,15.29,100,
09:57:36,15.29,200,
09:57:36,15.299,500,
09:57:36,15.299,600,
09:57:39,15.29,600,
09:57:39,15.29,1500,
09:57:39,15.281,800,
09:57:39,15.281,900,
09:57:43,15.29,100,
09:57:49,15.2913,4000,
09:57:51,15.2903,560,
09:58:06,15.30,100,
09:58:13,15.30,600,
09:58:13,15.30,100,
09:58:13,15.30,1500,
09:58:18,15.2999,140,
09:58:23,15.29,800,
09:58:24,15.2958,3000,
09:58:38,15.30,1000,
09:58:52,15.31,100,
09:58:58,15.311,2400,
09:59:00,15.3199,1000,
09:59:01,15.32,500,
09:59:05,15.335,300,
09:59:06,15.3399,1000,
09:59:11,15.32,600,
09:59:12,15.3201,200,
09:59:16,15.3258,600,
09:59:18,15.33,100,
09:59:26,15.3399,5400,
09:59:28,15.331,800,
09:59:34,15.32,100,
09:59:34,15.32,200,
09:59:51,15.3194,1360,
10:00:10,15.31,100,
10:00:10,15.31,100,
10:00:13,15.30,1300,
10:00:13,15.30,160,
10:00:13,15.30,100,
10:00:13,15.29,300,
10:00:17,15.292,1000,
10:00:26,15.291,800,
10:00:26,15.291,800,
10:00:29,15.30,100,
10:00:36,15.30,100,
10:00:40,15.30,100,
10:00:44,15.31,400,
10:00:46,15.3042,3456,
10:00:48,15.3013,1586,
10:00:48,15.301,1500,
10:00:58,15.30,100,
10:00:58,15.30,120,
10:00:58,15.30,460,
10:01:06,15.291,300,
10:01:06,15.291,400,
10:01:09,15.291,200,
10:01:09,15.291,300,
10:01:19,15.30,100,
10:01:19,15.31,1000,
10:01:34,15.31,100,
10:01:36,15.311,100,
10:01:38,15.3104,450,
10:01:50,15.3145,3200,
10:01:53,15.31,700,
10:02:08,15.2997,1000,
10:02:12,15.30,100,
10:02:18,15.30,100,
10:02:35,15.3017,500,
10:02:41,15.30,200,
10:02:42,15.30,300,
10:02:42,15.30,100,
10:02:42,15.30,100,
10:02:50,15.31,100,
10:02:50,15.32,100,
10:02:51,15.32,300,
10:02:59,15.318,1000,
10:03:01,15.32,100,
10:03:02,15.32,100,
10:03:13,15.34,1923,
10:03:13,15.34,800,
10:03:13,15.34,100,
10:03:13,15.3383,500,
10:03:15,15.34,1923,
10:03:15,15.34,200,
10:03:16,15.34,100,
10:03:16,15.3342,800,
10:03:23,15.337,200,
10:03:27,15.3283,600,
10:03:50,15.3275,2000,
10:03:51,15.33,100,
10:04:00,15.3201,2500,
10:04:02,15.339,1000,
10:04:06,15.33,100,
10:04:09,15.32,100,
10:04:09,15.31,100,
10:04:13,15.32,10000,
10:04:16,15.3183,1200,
10:04:24,15.31,100,
10:04:40,15.32,100,
10:04:51,15.319,100,
10:04:51,15.319,200,
10:04:57,15.3242,300,
10:05:01,15.3358,8900,
10:05:02,15.338,1000,
10:05:02,15.338,1200,
10:05:03,15.33,100,
10:05:03,15.33,100,
10:05:04,15.34,200,
10:05:04,15.34,100,
10:05:04,15.34,200,
10:05:04,15.34,251,
10:05:05,15.35,200,
10:05:06,15.35,500,
10:05:09,15.37,200,
10:05:09,15.37,1300,
10:05:09,15.37,900,
10:05:09,15.37,200,
10:05:09,15.37,600,
10:05:09,15.37,100,
10:05:09,15.37,400,
10:05:09,15.37,1300,
10:05:09,15.37,200,
10:05:09,15.37,900,
10:05:09,15.37,1400,
10:05:09,15.38,100,
10:05:09,15.38,200,
10:05:09,15.38,100,
10:05:09,15.36,1900,
10:05:10,15.39,300,
10:05:10,15.39,300,
10:05:11,15.38,400,
10:05:15,15.3715,4000,
10:05:20,15.38,100,
10:05:20,15.38,300,
10:05:27,15.38,201,
10:05:29,15.39,200,
10:05:29,15.40,2423,
10:05:29,15.40,200,
10:05:29,15.40,400,
10:05:29,15.40,100,
10:05:29,15.40,100,
10:05:29,15.40,1500,
10:05:29,15.40,200,
10:05:29,15.40,1000,
10:05:29,15.40,2000,
10:05:29,15.40,2200,
10:05:29,15.40,100,
10:05:29,15.40,300,
10:05:30,15.391,100,
10:05:30,15.391,200,
10:05:31,15.40,100,
10:05:31,15.40,1300,
10:05:31,15.40,500,
10:05:32,15.41,100,
10:05:32,15.41,100,
10:05:35,15.41,3800,
10:05:35,15.41,500,
10:05:37,15.4199,1920,
10:05:40,15.41,2200,
10:05:40,15.41,200,
10:05:40,15.41,300,
10:05:41,15.4058,100,
10:05:41,15.4083,600,
10:05:51,15.40,100,
10:05:53,15.3901,1390,
10:05:57,15.398,100,
10:05:58,15.3999,150,
10:06:02,15.3803,1000,
10:06:05,15.38,100,
10:06:05,15.38,500,
10:06:05,15.38,3300,
10:06:10,15.3899,315,
10:06:12,15.39,200,
10:06:12,15.39,100,
10:06:12,15.39,900,
10:06:12,15.39,100,
10:06:16,15.40,200,
10:06:16,15.40,100,
10:06:16,15.41,400,
10:06:18,15.41,100,
10:06:20,15.41,100,
10:06:22,15.41,500,
10:06:23,15.402,1000,
10:06:28,15.40,10000,
10:06:35,15.407,150,
10:06:37,15.41,800,
10:06:39,15.4199,800,
10:06:44,15.41,100,
10:06:46,15.4192,2000,
10:06:47,15.4183,100,
10:06:50,15.418,500,
10:06:59,15.421,650,
10:07:01,15.43,100,
10:07:07,15.44,2200,
10:07:07,15.4358,4000,
10:07:09,15.43,300,
10:07:09,15.43,100,
10:07:09,15.43,100,
10:07:13,15.43,1200,
10:07:13,15.43,100,
10:07:13,15.42,200,
10:07:13,15.4299,105,
10:07:14,15.42,1600,
10:07:14,15.42,600,
10:07:14,15.42,1600,
10:07:14,15.42,400,
10:07:14,15.43,400,
10:07:14,15.43,300,
10:07:15,15.41,100,
10:07:18,15.41,300,
10:07:19,15.41,1500,
10:07:22,15.41,100,
10:07:22,15.41,100,
10:07:25,15.4002,2000,
10:07:27,15.4003,1000,
10:07:27,15.41,100,
10:07:32,15.41,100,
10:07:32,15.41,200,
10:07:35,15.41,200,
10:07:35,15.409,400,
10:07:38,15.40,400,
10:07:38,15.40,100,
10:07:41,15.3899,400,
10:07:43,15.39,100,
10:07:43,15.39,1000,
10:07:50,15.39,100,
10:07:51,15.39,100,
10:07:52,15.38,200,
10:07:52,15.38,100,
10:07:52,15.38,350,
10:07:52,15.37,100,
10:07:52,15.37,100,
10:07:52,15.37,100,
10:07:55,15.3799,1800,
10:07:59,15.38,100,
10:08:08,15.381,3500,
10:08:24,15.3801,2200,
10:08:27,15.3815,300,
10:08:30,15.39,1400,
10:08:32,15.39,156,
10:08:32,15.39,100,
10:08:40,15.40,299,
10:08:45,15.401,200,
10:08:45,15.401,300,
10:08:45,15.401,2600,
10:08:48,15.40,9100,
10:08:50,15.41,100,
10:08:51,15.41,300,
10:08:51,15.41,300,
10:08:55,15.40,100,
10:08:56,15.40,100,
10:08:57,15.392,1500,
10:09:00,15.40,299,
10:09:00,15.3901,2000,
10:09:02,15.41,500,
10:09:09,15.402,1500,
10:09:21,15.4083,500,
10:09:22,15.401,1500,
10:09:27,15.41,200,
10:09:43,15.401,400,
10:09:50,15.40,100,
10:09:52,15.39,1700,
10:09:56,15.38,200,
10:10:04,15.389,400,
10:10:11,15.40,500,
10:10:28,15.40,100,
10:10:35,15.41,100,
10:10:37,15.43,1200,
10:10:39,15.421,1000,
10:10:51,15.43,200,
10:10:51,15.43,100,
10:10:53,15.4301,100,
10:10:53,15.43,1200,
10:10:54,15.431,100,
10:10:54,15.43,200,
10:10:58,15.43,200,
10:10:58,15.43,100,
10:11:00,15.427,100,
10:11:03,15.439,333,
10:11:04,15.431,700,
10:11:05,15.44,800,
10:11:05,15.44,200,
10:11:05,15.44,100,
10:11:06,15.431,2300,
10:11:08,15.439,200,
10:11:08,15.44,100,
10:11:08,15.45,1000,
10:11:08,15.45,1500,
10:11:08,15.45,600,
10:11:08,15.45,400,
10:11:09,15.45,100,
10:11:11,15.44,200,
10:11:19,15.44,100,
10:11:22,15.4493,275,
10:11:24,15.4425,2000,
10:11:24,15.45,500,
10:11:27,15.45,800,
10:11:27,15.45,1200,
10:11:27,15.45,200,
10:11:27,15.4499,500,
10:11:28,15.44,100,
10:11:29,15.43,2200,
10:11:29,15.43,100,
10:11:32,15.42,100,
10:11:33,15.41,200,
10:11:37,15.41,100,
10:11:46,15.4158,6000,
10:11:47,15.4158,1000,
10:11:53,15.41,200,
10:11:57,15.4025,2000,
10:11:58,15.4015,1200,
10:11:59,15.4042,450,
10:11:59,15.41,1400,
10:11:59,15.41,200,
10:12:02,15.41,500,
10:12:04,15.401,500,
10:12:04,15.401,500,
10:12:07,15.41,100,
10:12:07,15.41,100,
10:12:08,15.4001,200,
10:12:08,15.4001,700,
10:12:08,15.4001,600,
10:12:10,15.40,400,
10:12:10,15.40,100,
10:12:10,15.40,200,
10:12:10,15.391,600,
10:12:11,15.39,500,
10:12:18,15.391,2000,
10:12:21,15.39,2000,
10:12:21,15.39,200,
10:12:27,15.40,700,
10:12:28,15.40,100,
10:12:33,15.41,1000,
10:12:36,15.40,100,
10:12:49,15.401,1000,
10:12:51,15.4025,3000,
10:12:52,15.41,500,
10:12:56,15.4083,150,
10:13:17,15.4193,200,
10:13:33,15.41,100,
10:13:34,15.41,100,
10:13:42,15.402,1000,
10:13:49,15.4101,3000,
10:14:00,15.42,100,
10:14:02,15.4201,2000,
10:14:08,15.4117,400,
10:14:22,15.42,100,
10:14:33,15.44,100,
10:14:33,15.4399,250,
10:14:39,15.4458,5000,
10:14:40,15.45,200,
10:14:46,15.4583,1000,
10:14:47,15.45,100,
10:14:47,15.45,100,
10:14:47,15.46,100,
10:14:48,15.45,500,
10:14:56,15.46,495,
10:14:57,15.46,100,
10:15:03,15.457,200,
10:15:04,15.451,100,
10:15:06,15.451,100,
10:15:09,15.459,200,
10:15:12,15.46,1000,
10:15:12,15.451,200,
10:15:12,15.4575,1000,
10:15:15,15.451,200,
10:15:18,15.4499,1000,
10:15:21,15.4542,300,
10:15:27,15.46,600,
10:15:29,15.46,567,
10:15:29,15.46,167,
10:15:30,15.4685,5000,
10:15:36,15.4783,1000,
10:15:45,15.48,100,
10:15:48,15.4875,2000,
10:15:49,15.488,500,
10:15:51,15.4817,1500,
10:15:52,15.4801,1800,
10:16:01,15.489,2000,
10:16:02,15.49,300,
10:16:02,15.49,100,
10:16:04,15.489,1000,
10:16:04,15.48,100,
10:16:07,15.478,972,
10:16:07,15.47,100,
10:16:08,15.46,100,
10:16:12,15.47,200,
10:16:12,15.47,1500,
10:16:12,15.47,100,
10:16:12,15.48,1500,
10:16:14,15.46,1020,
10:16:17,15.48,200,
10:16:22,15.4725,2000,
10:16:30,15.489,200,
10:16:30,15.489,300,
10:16:32,15.49,200,
10:16:32,15.49,1500,
10:16:32,15.50,500,
10:16:32,15.50,1500,
10:16:32,15.49,100,
10:16:38,15.49,100,
10:16:43,15.49,639,
10:16:43,15.484,2000,
10:16:46,15.49,100,
10:16:51,15.493,200,
10:16:56,15.50,460,
10:16:57,15.4901,110,
10:16:58,15.50,200,
10:17:02,15.51,48000,
10:17:04,15.51,100,
10:17:04,15.5117,200,
10:17:08,15.505,100,
10:17:08,15.509,100,
10:17:08,15.50,100,
10:17:08,15.50,197,
10:17:08,15.49,563,
10:17:08,15.5001,340,
10:17:08,15.5001,197,
10:17:08,15.5001,100,
10:17:08,15.5001,400,
10:17:08,15.5001,100,
10:17:08,15.50,340,
10:17:09,15.495,100,
10:17:11,15.4983,300,
10:17:13,15.49,100,
10:17:13,15.50,100,
10:17:20,15.49,200,
10:17:20,15.491,1800,
10:17:20,15.491,1800,
10:17:21,15.499,400,
10:17:21,15.49,4886,
10:17:24,15.4807,1000,
10:17:24,15.48,200,
10:17:28,15.485,200,
10:17:29,15.4842,700,
10:17:30,15.4801,2000,
10:17:36,15.48,100,
10:17:36,15.471,300,
10:17:38,15.47,300,
10:17:40,15.4742,500,
10:17:46,15.471,300,
10:17:50,15.47,100,
10:17:50,15.4701,1000,
10:17:50,15.47,400,
10:17:53,15.47,200,
10:17:56,15.46,100,
10:17:56,15.455,200,
10:17:56,15.455,200,
10:18:01,15.4501,5000,
10:18:01,15.45,200,
10:18:07,15.4501,200,
10:18:09,15.451,200,
10:18:09,15.451,200,
10:18:11,15.451,300,
10:18:11,15.451,300,
10:18:14,15.4501,200,
10:18:17,15.46,1500,
10:18:17,15.46,100,
10:18:19,15.451,1000,
10:18:19,15.451,1000,
10:18:23,15.4542,300,
10:18:27,15.45,1100,
10:18:27,15.45,200,
10:18:27,15.455,300,
10:18:29,15.451,100,
10:18:29,15.451,200,
10:18:30,15.451,200,
10:18:37,15.4562,2000,
10:18:38,15.45,500,
10:18:38,15.4538,600,
10:18:39,15.4501,400,
10:18:41,15.46,1200,
10:18:41,15.46,1400,
10:18:41,15.46,300,
10:18:41,15.46,200,
10:18:41,15.46,100,
10:18:41,15.46,100,
10:18:41,15.455,100,
10:18:41,15.455,100,
10:18:45,15.451,6380,
10:18:56,15.451,1500,
10:18:56,15.451,1500,
10:19:06,15.46,100,
10:19:06,15.46,700,
10:19:06,15.47,200,
10:19:06,15.47,100,
10:19:06,15.47,1012,
10:19:06,15.47,1000,
10:19:06,15.47,324,
10:19:06,15.47,100,
10:19:06,15.47,2000,
10:19:06,15.465,900,
10:19:06,15.47,1000,
10:19:06,15.47,100,
10:19:08,15.47,300,
10:19:15,15.48,200,
10:19:15,15.472,189,
10:19:20,15.48,800,
10:19:32,15.49,200,
10:19:32,15.49,200,
10:19:32,15.49,300,
10:19:32,15.49,200,
10:19:32,15.49,200,
10:19:32,15.49,200,
10:19:36,15.492,500,
10:19:42,15.50,100,
10:19:42,15.50,100,
10:19:50,15.4999,1700,
10:19:52,15.50,200,
10:19:56,15.50,200,
10:19:56,15.50,300,
10:19:56,15.50,2200,
10:19:56,15.50,2800,
10:19:59,15.50,100,
10:20:00,15.50,200,
10:20:01,15.51,2000,
10:20:01,15.51,811,
10:20:01,15.50,100,
10:20:06,15.52,200,
10:20:06,15.52,500,
10:20:06,15.52,200,
10:20:06,15.52,100,
10:20:06,15.52,100,
10:20:06,15.52,800,
10:20:12,15.51,100,
10:20:16,15.5183,1300,
10:20:17,15.52,200,
10:20:17,15.52,200,
10:20:19,15.521,200,
10:20:25,15.521,2900,
10:20:25,15.521,2900,
10:20:25,15.53,1000,
10:20:29,15.52,100,
10:20:29,15.51,800,
10:20:29,15.51,800,
10:20:34,15.51,1400,
10:20:34,15.51,600,
10:20:34,15.51,200,
10:20:34,15.51,100,
10:20:34,15.51,300,
10:20:34,15.51,700,
10:20:34,15.51,100,
10:20:34,15.51,900,
10:20:34,15.51,200,
10:20:34,15.51,100,
10:20:37,15.515,100,
10:20:37,15.515,100,
10:20:37,15.515,100,
10:20:37,15.515,100,
10:20:41,15.52,200,
10:20:41,15.52,200,
10:20:44,15.521,100,
10:20:45,15.53,100,
10:20:48,15.5299,940,
10:20:48,15.5215,500,
10:20:57,15.53,100,
10:20:57,15.53,100,
10:20:57,15.53,400,
10:20:59,15.53,100,
10:20:59,15.53,200,
10:20:59,15.53,200,
10:20:59,15.54,500,
10:20:59,15.54,200,
10:20:59,15.54,300,
10:20:59,15.54,100,
10:20:59,15.541,400,
10:21:01,15.541,100,
10:21:03,15.541,100,
10:21:05,15.55,200,
10:21:05,15.549,400,
10:21:05,15.55,400,
10:21:05,15.55,500,
10:21:07,15.55,300,
10:21:09,15.54,1500,
10:21:09,15.54,400,
10:21:09,15.54,1900,
10:21:09,15.54,1000,
10:21:09,15.54,1000,
10:21:09,15.54,1700,
10:21:10,15.5417,500,
10:21:13,15.55,100,
10:21:13,15.55,500,
10:21:14,15.5458,1000,
10:21:19,15.545,200,
10:21:25,15.545,200,
10:21:25,15.5485,4800,
10:21:28,15.55,700,
10:21:28,15.55,200,
10:21:30,15.56,200,
10:21:31,15.57,10000,
10:21:31,15.551,4551,
10:21:39,15.56,100,
10:21:40,15.542,500,
10:21:45,15.5499,1300,
10:21:47,15.54,2200,
10:21:47,15.548,1500,
10:21:47,15.548,1500,
10:21:47,15.548,1200,
10:21:56,15.5417,600,
10:21:59,15.54,200,
10:22:01,15.54,1700,
10:22:01,15.54,1300,
10:22:01,15.5399,1600,
10:22:04,15.5399,200,
10:22:08,15.5369,100,
10:22:08,15.53,100,
10:22:10,15.532,1200,
10:22:11,15.52,200,
10:22:11,15.52,200,
10:22:13,15.52,600,
10:22:14,15.52,200,
10:22:16,15.522,300,
10:22:23,15.53,100,
10:22:23,15.53,100,
10:22:23,15.53,100,
10:22:28,15.54,200,
10:22:28,15.54,100,
10:22:35,15.54,700,
10:22:35,15.54,1300,
10:22:35,15.54,300,
10:22:35,15.54,200,
10:22:45,15.54,200,
10:22:45,15.54,100,
10:22:46,15.54,200,
10:22:53,15.54,700,
10:22:53,15.54,100,
10:22:59,15.5406,1000,
10:23:07,15.55,1000,
10:23:13,15.539,200,
10:23:13,15.539,300,
10:23:13,15.53,600,
10:23:21,15.54,200,
10:23:21,15.54,100,
10:23:21,15.54,300,
10:23:21,15.54,100,
10:23:26,15.5442,1900,
10:23:28,15.549,200,
10:23:29,15.542,1000,
10:23:39,15.5415,2300,
10:23:39,15.55,300,
10:23:39,15.55,100,
10:23:39,15.55,200,
10:23:39,15.542,1200,
10:23:40,15.56,400,
10:23:40,15.56,100,
10:23:40,15.56,100,
10:23:40,15.56,400,
10:23:41,15.57,100,
10:23:41,15.57,100,
10:23:41,15.57,100,
10:23:41,15.57,200,
10:23:41,15.56,1650,
10:23:42,15.57,100,
10:23:42,15.57,200,
10:23:42,15.57,1500,
10:23:42,15.57,100,
10:23:44,15.5608,1000,
10:23:44,15.561,1100,
10:23:45,15.5642,300,
10:23:50,15.56,100,
10:23:52,15.555,200,
10:23:54,15.56,400,
10:23:54,15.56,100,
10:23:54,15.56,100,
10:23:54,15.56,200,
10:23:55,15.561,200,
10:23:55,15.561,300,
10:23:56,15.57,200,
10:23:56,15.57,500,
10:23:56,15.57,300,
10:23:57,15.57,110,
10:24:01,15.579,500,
10:24:01,15.58,500,
10:24:02,15.575,100,
10:24:02,15.58,600,
10:24:02,15.58,1300,
10:24:06,15.5717,1000,
10:24:10,15.58,400,
10:24:10,15.58,400,
10:24:10,15.58,100,
10:24:10,15.5801,1000,
10:24:11,15.5799,7500,
10:24:12,15.58,900,
10:24:13,15.589,200,
10:24:13,15.589,300,
10:24:20,15.59,100,
10:24:23,15.5897,600,
10:24:25,15.58,100,
10:24:26,15.5799,2500,
10:24:29,15.5704,440,
10:24:31,15.57,300,
10:24:36,15.57,1500,
10:24:38,15.57,100,
10:24:38,15.57,600,
10:24:39,15.57,112,
10:24:39,15.57,500,
10:24:39,15.57,200,
10:24:40,15.56,200,
10:24:45,15.5593,200,
10:24:47,15.56,600,
10:24:47,15.56,100,
10:24:49,15.558,970,
10:24:56,15.5635,1000,
10:24:58,15.56,100,
10:25:04,15.558,1000,
10:25:06,15.55,300,
10:25:06,15.55,100,
10:25:06,15.54,100,
10:25:06,15.54,1700,
10:25:07,15.5458,1000,
10:25:10,15.54,2200,
10:25:10,15.5303,1000,
10:25:11,15.53,1300,
10:25:15,15.5307,100,
10:25:19,15.5301,1500,
10:25:19,15.5325,4000,
10:25:23,15.54,600,
10:25:23,15.56,1000,
10:25:24,15.54,625,
10:25:24,15.54,100,
10:25:27,15.54,10000,
10:25:32,15.54,600,
10:25:32,15.54,100,
10:25:32,15.54,1500,
10:25:33,15.54,100,
10:25:33,15.5499,1000,
10:25:36,15.5404,1000,
10:25:39,15.5499,300,
10:25:43,15.54,200,
10:25:43,15.54,2000,
10:25:47,15.55,200,
10:25:47,15.55,100,
10:25:47,15.55,100,
10:25:47,15.55,200,
10:25:48,15.542,1000,
10:25:49,15.55,100,
10:25:52,15.541,2158,
10:25:58,15.55,100,
10:25:59,15.55,100,
10:26:09,15.5417,1000,
10:26:11,15.548,1000,
10:26:13,15.548,1000,
10:26:17,15.541,800,
10:26:17,15.541,800,
10:26:19,15.5483,500,
10:26:19,15.548,1018,
10:26:25,15.54,100,
10:26:26,15.54,100,
10:26:29,15.55,100,
10:26:45,15.54,500,
10:26:45,15.54,200,
10:26:45,15.54,200,
10:26:45,15.541,700,
10:26:46,15.55,700,
10:26:49,15.55,200,
10:27:01,15.5442,1400,
10:27:02,15.5413,500,
10:27:03,15.54,200,
10:27:03,15.54,100,
10:27:09,15.5417,500,
10:27:14,15.541,100,
10:27:17,15.54,100,
10:27:19,15.54,100,
10:27:24,15.54,100,
10:27:29,15.5401,500,
10:27:33,15.54,100,
10:27:33,15.5416,400,
10:27:46,15.541,700,
10:27:46,15.55,758,
10:28:06,15.5499,400,
10:28:13,15.543,300,
10:28:45,15.55,500,
10:28:45,15.55,100,
10:28:45,15.55,100,
10:28:45,15.55,100,
10:28:45,15.55,100,
10:28:45,15.55,300,
10:28:45,15.55,3000,
10:28:46,15.551,600,
10:28:46,15.551,1600,
10:28:47,15.5501,100,
10:28:49,15.5558,200,
10:28:52,15.56,867,
10:28:52,15.56,200,
10:28:52,15.56,100,
10:28:52,15.56,1700,
10:28:52,15.56,100,
10:28:56,15.561,600,
10:29:03,15.55,300,
10:29:04,15.55,2100,
10:29:12,15.5492,1700,
10:29:18,15.5442,1700,
10:29:23,15.54,500,
10:29:23,15.54,100,
10:29:28,15.54,800,
10:29:29,15.54,100,
10:29:31,15.55,500,
10:29:35,15.551,200,
10:29:35,15.551,200,
10:29:38,15.55,2000,
10:29:38,15.55,100,
10:29:40,15.548,1000,
10:29:47,15.5483,500,
10:29:49,15.55,200,
10:29:57,15.56,200,
10:29:59,15.56,400,
10:30:01,15.56,758,
10:30:01,15.56,100,
10:30:05,15.56,200,
10:30:05,15.56,100,
10:30:05,15.5599,440,
10:30:08,15.56,100,
10:30:17,15.57,100,
10:30:17,15.57,200,
10:30:27,15.5542,810,
10:30:31,15.5501,1000,
10:30:36,15.54,200,
10:30:36,15.54,100,
10:30:45,15.54,100,
10:30:54,15.531,100,
10:30:58,15.54,1000,
10:31:01,15.52,500,
10:31:03,15.52,1000,
10:31:04,15.54,900,
10:31:06,15.53,500,
10:31:09,15.53,500,
10:31:12,15.53,100,
10:31:13,15.521,5000,
10:31:13,15.528,1500,
10:31:14,15.52,100,
10:31:14,15.51,1000,
10:31:17,15.52,1300,
10:31:20,15.518,1000,
10:31:21,15.50,13833,
10:31:21,15.50,1700,
10:31:26,15.502,1600,
10:31:37,15.501,200,
10:31:37,15.501,300,
10:31:39,15.50,10000,
10:31:39,15.50,300,
10:31:43,15.51,600,
10:31:43,15.51,100,
10:31:43,15.52,200,
10:31:43,15.511,400,
10:31:44,15.512,1200,
10:31:50,15.5108,600,
10:31:50,15.51,300,
10:31:50,15.51,100,
10:31:53,15.52,740,
10:31:53,15.52,300,
10:31:53,15.5103,1000,
10:31:58,15.51,100,
10:32:00,15.5158,2600,
10:32:00,15.518,100,
10:32:16,15.52,300,
10:32:18,15.52,100,
10:32:19,15.52,200,
10:32:26,15.52,100,
10:32:26,15.53,2100,
10:32:39,15.52,200,
10:32:39,15.52,100,
10:32:40,15.51,100,
10:32:40,15.51,100,
10:32:41,15.50,200,
10:32:41,15.51,300,
10:32:41,15.51,2100,
10:32:41,15.51,2100,
10:32:42,15.51,2100,
10:32:42,15.50,100,
10:32:42,15.51,2100,
10:32:42,15.50,200,
10:32:42,15.51,2100,
10:32:42,15.50,100,
10:32:44,15.51,2100,
10:32:44,15.51,2100,
10:32:44,15.501,300,
10:32:44,15.51,2100,
10:32:44,15.501,400,
10:32:47,15.501,400,
10:32:47,15.501,400,
10:32:52,15.5017,1000,
10:33:05,15.50,300,
10:33:05,15.50,100,
10:33:05,15.49,100,
10:33:06,15.4901,500,
10:33:08,15.49,100,
10:33:09,15.491,150,
10:33:11,15.491,200,
10:33:13,15.4942,900,
10:33:20,15.4917,420,
10:33:24,15.49,100,
10:33:24,15.49,1600,
10:33:24,15.48,1000,
10:33:26,15.492,320,
10:33:26,15.4913,500,
10:33:28,15.49,300,
10:33:28,15.49,100,
10:33:30,15.49,2200,
10:33:30,15.49,100,
10:33:32,15.499,5000,
10:33:35,15.485,100,
10:33:40,15.47,200,
10:33:40,15.47,2500,
10:33:42,15.471,300,
10:33:47,15.47,10000,
10:33:54,15.46,700,
10:33:54,15.46,1700,
10:33:58,15.47,100,
10:34:00,15.47,100,
10:34:00,15.47,700,
10:34:01,15.48,100,
10:34:04,15.4742,1000,
10:34:05,15.48,180,
10:34:06,15.481,500,
10:34:08,15.4817,500,
10:34:10,15.4801,1000,
10:34:11,15.48,1000,
10:34:11,15.48,1500,
10:34:11,15.48,100,
10:34:11,15.488,1000,
10:34:12,15.4742,600,
10:34:17,15.47,100,
10:34:20,15.475,100,
10:34:21,15.47,500,
10:34:29,15.47,200,
10:34:41,15.4658,400,
10:34:44,15.46,100,
10:34:47,15.4625,100,
10:34:48,15.461,5000,
10:34:48,15.461,6800,
10:34:48,15.46,100,
10:34:48,15.46,300,
10:34:49,15.46,500,
10:34:53,15.461,100,
10:34:57,15.461,400,
10:35:01,15.47,500,
10:35:01,15.47,100,
10:35:01,15.47,100,
10:35:01,15.4617,1400,
10:35:03,15.47,100,
10:35:04,15.4783,100,
10:35:06,15.48,500,
10:35:06,15.48,100,
10:35:17,15.4899,325,
10:35:18,15.48,100,
10:35:27,15.471,700,
10:35:29,15.477,400,
10:35:33,15.4701,390,
10:35:35,15.48,3000,
10:35:35,15.48,1300,
10:35:35,15.48,1300,
10:35:35,15.48,400,
10:35:35,15.48,100,
10:35:35,15.49,300,
10:35:35,15.49,2000,
10:35:37,15.4825,300,
10:35:42,15.483,400,
10:35:43,15.49,1200,
10:35:43,15.49,100,
10:35:58,15.4812,1188,
10:36:22,15.4842,250,
10:36:27,15.48,361,
10:36:27,15.48,200,
10:36:29,15.472,300,
10:36:35,15.47,400,
10:36:35,15.47,200,
10:36:35,15.47,200,
10:36:35,15.47,400,
10:36:44,15.47,2000,
10:36:57,15.46,100,
10:37:03,15.45,400,
10:37:09,15.46,200,
10:37:09,15.46,100,
10:37:09,15.46,539,
10:37:09,15.4601,1800,
10:37:09,15.46,1200,
10:37:11,15.47,100,
10:37:22,15.47,1000,
10:37:26,15.48,200,
10:37:26,15.48,2500,
10:37:26,15.48,500,
10:37:26,15.48,1209,
10:37:32,15.49,2000,
10:37:33,15.48,300,
10:37:33,15.48,100,
10:37:33,15.48,100,
10:37:45,15.4699,1800,
10:37:46,15.468,200,
10:38:02,15.4675,2000,
10:38:03,15.4692,3000,
10:38:17,15.47,100,
10:38:23,15.4703,600,
10:38:23,15.47,800,
10:38:27,15.48,500,
10:38:27,15.48,100,
10:38:38,15.488,1000,
10:38:45,15.49,100,
10:38:51,15.49,1700,
10:38:51,15.49,500,
10:38:52,15.49,100,
10:38:53,15.49,200,
10:39:06,15.50,200,
10:39:12,15.50,200,
10:39:12,15.50,100,
10:39:12,15.50,200,
10:39:17,15.5075,2000,
10:39:19,15.50,100,
10:39:19,15.50,1800,
10:39:35,15.50,100,
10:39:36,15.51,200,
10:39:36,15.51,100,
10:39:36,15.52,100,
10:39:41,15.52,162,
10:39:45,15.52,500,
10:39:45,15.52,100,
10:39:45,15.52,500,
10:40:02,15.5258,300,
10:40:07,15.52,100,
10:40:09,15.52,800,
10:40:09,15.52,1200,
10:40:09,15.52,900,
10:40:09,15.52,900,
10:40:09,15.52,200,
10:40:09,15.52,1000,
10:40:09,15.52,2000,
10:40:09,15.52,100,
10:40:10,15.52,100,
10:40:12,15.5142,1000,
10:40:17,15.52,100,
10:40:18,15.52,400,
10:40:18,15.52,400,
10:40:20,15.52,400,
10:40:21,15.52,100,
10:40:22,15.52,100,
10:40:22,15.51,100,
10:40:23,15.51,400,
10:40:23,15.51,100,
10:40:23,15.51,100,
10:40:27,15.51,100,
10:40:31,15.5008,100,
10:40:35,15.508,1000,
10:40:42,15.5015,5000,
10:40:44,15.51,200,
10:40:45,15.51,100,
10:40:47,15.52,200,
10:40:48,15.52,100,
10:40:52,15.52,1800,
10:40:55,15.53,200,
10:40:55,15.52,200,
10:41:01,15.5342,179,
10:41:01,15.53,100,
10:41:01,15.53,100,
10:41:01,15.53,100,
10:41:02,15.5392,2600,
10:41:12,15.53,100,
10:41:21,15.54,100,
10:41:27,15.5392,1000,
10:41:28,15.5396,147,
10:41:29,15.54,100,
10:41:29,15.54,100,
10:41:29,15.54,100,
10:41:33,15.54,200,
10:41:33,15.54,1500,
10:41:33,15.54,100,
10:41:35,15.5442,500,
10:41:36,15.55,400,
10:41:38,15.548,500,
10:41:48,15.548,400,
10:41:49,15.5458,2000,
10:41:49,15.55,100,
10:41:49,15.55,100,
10:41:49,15.55,1299,
10:41:52,15.56,100,
10:41:56,15.57,100,
10:42:03,15.57,100,
10:42:04,15.57,200,
10:42:13,15.5783,500,
10:42:17,15.58,100,
10:42:21,15.58,100,
10:42:24,15.58,100,
10:42:26,15.59,100,
10:42:27,15.60,800,
10:42:27,15.60,100,
10:42:28,15.61,1600,
10:42:29,15.61,2200,
10:42:29,15.61,100,
10:42:29,15.61,100,
10:42:35,15.60,3100,
10:42:35,15.60,2400,
10:42:35,15.60,3000,
10:42:35,15.61,1700,
10:42:35,15.61,500,
10:42:35,15.6085,1100,
10:42:36,15.602,1300,
10:42:39,15.61,2200,
10:42:44,15.61,12800,
10:42:45,15.6058,6000,
10:42:47,15.61,100,
10:42:49,15.61,300,
10:42:49,15.61,100,
10:42:51,15.612,100,
10:42:53,15.6099,1900,
10:42:55,15.60,1711,
10:42:56,15.60,900,
10:43:00,15.59,100,
10:43:00,15.59,688,
10:43:03,15.59,1500,
10:43:03,15.59,3000,
10:43:13,15.59,800,
10:43:13,15.59,100,
10:43:14,15.5897,700,
10:43:29,15.57,15000,
10:43:29,15.58,100,
10:43:33,15.57,100,
10:43:33,15.56,2200,
10:43:33,15.56,200,
10:43:35,15.57,300,
10:43:42,15.57,300,
10:43:49,15.5642,1000,
10:43:49,15.56,100,
10:43:58,15.57,15000,
10:44:00,15.56,200,
10:44:00,15.56,100,
10:44:01,15.56,100,
10:44:01,15.56,200,
10:44:02,15.56,9600,
10:44:03,15.5517,1000,
10:44:18,15.55,12800,
10:44:24,15.56,300,
10:44:26,15.56,200,
10:44:26,15.56,100,
10:44:37,15.5601,2500,
10:44:52,15.56,100,
10:45:24,15.5601,450,
10:45:35,15.57,1000,
10:45:36,15.57,1700,
10:45:36,15.57,100,
10:45:37,15.5683,1500,
10:45:47,15.58,100,
10:45:48,15.58,300,
10:45:48,15.58,100,
10:45:49,15.58,100,
10:45:51,15.5883,205,
10:45:55,15.58,100,
10:46:00,15.59,100,
10:46:05,15.58,100,
10:46:18,15.56,200,
10:46:18,15.56,2200,
10:46:18,15.55,1712,
10:46:20,15.54,100,
10:46:21,15.5301,1000,
10:46:22,15.5399,1000,
10:46:27,15.54,100,
10:46:39,15.5399,7564,
10:46:45,15.5375,2000,
10:46:45,15.53,100,
10:46:45,15.52,20000,
10:46:48,15.52,200,
10:46:48,15.52,100,
10:46:50,15.51,2200,
10:46:50,15.51,200,
10:46:50,15.51,400,
10:46:50,15.50,200,
10:46:50,15.50,2200,
10:46:50,15.50,1200,
10:46:50,15.50,900,
10:46:50,15.50,120,
10:46:50,15.50,800,
10:46:50,15.50,380,
10:46:50,15.50,100,
10:46:50,15.50,200,
10:46:50,15.50,100,
10:46:50,15.50,316,
10:46:50,15.5017,1500,
10:46:56,15.50,100,
10:46:58,15.50,100,
10:46:59,15.51,100,
10:46:59,15.51,100,
10:46:59,15.51,1600,
10:47:00,15.502,1000,
10:47:15,15.5125,2000,
10:47:20,15.525,100,
10:47:23,15.53,200,
10:47:24,15.522,1000,
10:47:31,15.53,100,
10:47:32,15.54,100,
10:47:36,15.54,300,
10:47:36,15.54,100,
10:47:48,15.53,100,
10:47:52,15.53,100,
10:48:02,15.5317,1000,
10:48:06,15.535,600,
10:48:14,15.5399,500,
10:48:15,15.53,13000,
10:48:19,15.52,100,
10:48:19,15.52,100,
10:48:19,15.52,100,
10:48:19,15.5242,2300,
10:48:20,15.52,100,
10:48:21,15.53,300,
10:48:29,15.53,100,
10:48:35,15.5192,200,
10:48:38,15.51,100,
10:48:38,15.50,20000,
10:48:51,15.5001,2000,
10:48:52,15.49,200,
10:48:52,15.49,300,
10:48:52,15.49,300,
10:48:52,15.49,100,
10:48:52,15.49,100,
10:48:52,15.49,1056,
10:48:54,15.50,100,
10:48:54,15.50,200,
10:48:54,15.50,1500,
10:48:54,15.50,100,
10:48:55,15.50,1100,
10:49:09,15.51,200,
10:49:09,15.51,200,
10:49:18,15.50,12000,
10:49:25,15.5017,500,
10:49:34,15.50,500,
10:49:43,15.50,888,
10:49:50,15.49,150,
10:49:50,15.4801,1000,
10:49:56,15.47,1000,
10:49:56,15.48,403,
10:49:56,15.48,100,
10:49:56,15.48,200,
10:49:57,15.481,400,
10:50:01,15.49,180,
10:50:02,15.481,2000,
10:50:03,15.4815,6000,
10:50:07,15.49,400,
10:50:07,15.49,200,
10:50:10,15.50,200,
10:50:11,15.51,303,
10:50:15,15.51,100,
10:50:29,15.53,500,
10:50:30,15.51,300,
10:50:34,15.52,200,
10:50:35,15.53,500,
10:50:55,15.53,100,
10:50:55,15.53,100,
10:50:55,15.53,100,
10:50:58,15.53,200,
10:50:59,15.529,100,
10:50:59,15.529,100,
10:51:01,15.53,1300,
10:51:01,15.53,100,
10:51:01,15.53,100,
10:51:05,15.53,200,
10:51:15,15.53,100,
10:51:21,15.53,1000,
10:51:34,15.51,200,
10:51:35,15.51,2200,
10:51:35,15.501,300,
10:51:38,15.50,200,
10:51:39,15.50,500,
10:51:42,15.50,500,
10:51:50,15.5099,2700,
10:51:57,15.52,200,
10:52:01,15.52,200,
10:52:01,15.5201,100,
10:52:05,15.5236,300,
10:52:15,15.51,1711,
10:52:15,15.51,189,
10:52:20,15.50,100,
10:52:30,15.5099,3200,
10:52:46,15.51,2023,
10:52:46,15.51,1500,
10:52:51,15.51,100,
10:52:59,15.53,300,
10:52:59,15.53,100,
10:52:59,15.53,1900,
10:52:59,15.53,500,
10:52:59,15.53,200,
10:53:01,15.53,500,
10:53:08,15.54,200,
10:53:14,15.54,200,
10:53:15,15.532,100,
10:53:16,15.532,500,
10:53:20,15.5399,1000,
10:53:34,15.53,100,
10:53:35,15.521,200,
10:53:54,15.53,100,
10:53:54,15.531,300,
10:54:17,15.53,100,
10:54:18,15.52,100,
10:54:24,15.52,100,
10:54:25,15.521,100,
10:54:25,15.52,100,
10:54:33,15.51,300,
10:54:34,15.51,200,
10:54:35,15.51,400,
10:54:55,15.5083,1000,
10:55:04,15.4903,1500,
10:55:08,15.50,600,
10:55:10,15.49,400,
10:55:10,15.49,200,
10:55:10,15.49,100,
10:55:11,15.50,100,
10:55:15,15.51,100,
10:55:58,15.51,100,
10:56:11,15.51,1800,
10:56:11,15.51,400,
10:56:11,15.50,100,
10:56:13,15.50,300,
10:56:18,15.50,200,
10:56:21,15.5099,100,
10:56:27,15.50,199,
10:56:36,15.50,400,
10:57:09,15.4901,2000,
10:57:24,15.50,100,
10:57:40,15.51,100,
10:57:44,15.52,200,
10:57:45,15.53,100,
10:57:45,15.53,200,
10:57:48,15.54,200,
10:57:49,15.55,100,
10:57:56,15.54,100,
10:57:58,15.53,650,
10:57:58,15.53,650,
10:57:59,15.53,100,
10:57:59,15.53,1000,
10:58:01,15.5375,4000,
10:58:03,15.53,1200,
10:58:06,15.53,500,
10:58:06,15.53,1900,
10:58:08,15.53,100,
10:58:21,15.54,100,
10:58:32,15.5201,1300,
10:58:32,15.5201,1000,
10:58:32,15.52,1300,
10:58:34,15.5201,1700,
10:58:49,15.54,100,
10:58:53,15.5458,1000,
10:59:03,15.5305,700,
10:59:09,15.53,100,
10:59:14,15.52,200,
10:59:15,15.52,200,
10:59:16,15.51,200,
10:59:16,15.51,100,
10:59:17,15.51,100,
10:59:31,15.53,100,
10:59:44,15.54,654,
10:59:44,15.54,200,
10:59:50,15.55,200,
10:59:50,15.55,200,
10:59:50,15.55,1500,
10:59:50,15.55,1100,
10:59:50,15.55,750,
10:59:50,15.55,1100,
10:59:50,15.55,100,
10:59:50,15.55,200,
10:59:50,15.55,200,
10:59:56,15.55,100,
10:59:56,15.55,400,
11:00:02,15.56,100,
11:00:03,15.57,500,
11:00:03,15.57,1100,
11:00:03,15.57,200,
11:00:03,15.57,482,
11:00:04,15.57,500,
11:00:04,15.57,100,
11:00:09,15.5601,1000,
11:00:13,15.56,500,
11:00:18,15.551,500,
11:00:18,15.551,500,
11:00:18,15.55,100,
11:00:19,15.55,100,
11:00:21,15.55,100,
11:00:21,15.55,100,
11:00:28,15.548,400,
11:00:39,15.55,200,
11:00:40,15.56,100,
11:00:44,15.56,100,
11:00:48,15.57,100,
11:00:48,15.57,900,
11:00:49,15.571,300,
11:00:50,15.5799,1900,
11:00:53,15.57,200,
11:00:53,15.57,100,
11:01:07,15.5783,1000,
11:01:09,15.57,1000,
11:01:16,15.57,200,
11:01:16,15.57,200,
11:01:16,15.57,200,
11:01:19,15.56,200,
11:01:30,15.55,100,
11:01:43,15.5497,1000,
11:01:50,15.55,100,
11:01:52,15.551,100,
11:01:53,15.551,150,
11:01:55,15.551,200,
11:01:56,15.56,500,
11:01:56,15.56,2000,
11:02:08,15.55,200,
11:02:08,15.55,100,
11:02:08,15.56,8800,
11:02:20,15.5599,100,
11:02:33,15.56,100,
11:02:33,15.56,100,
11:02:34,15.57,100,
11:02:36,15.58,100,
11:02:39,15.57,100,
11:02:41,15.57,100,
11:02:45,15.5783,600,
11:02:52,15.578,795,
11:03:13,15.56,100,
11:03:23,15.56,100,
11:03:45,15.57,100,
11:03:46,15.57,200,
11:03:48,15.5783,600,
11:04:02,15.57,1500,
11:04:05,15.56,1000,
11:04:08,15.58,100,
11:04:22,15.59,400,
11:04:22,15.59,700,
11:04:22,15.59,300,
11:04:22,15.59,800,
11:04:24,15.61,200,
11:04:24,15.60,1400,
11:04:25,15.61,200,
11:04:26,15.60,200,
11:04:26,15.60,200,
11:04:26,15.60,100,
11:04:26,15.60,100,
11:04:26,15.60,100,
11:04:26,15.60,152,
11:04:26,15.60,100,
11:04:28,15.6025,2000,
11:04:29,15.6141,1500,
11:04:31,15.6113,500,
11:04:34,15.6158,400,
11:04:34,15.61,300,
11:04:34,15.61,100,
11:04:34,15.619,2000,
11:04:38,15.608,200,
11:04:43,15.60,400,
11:04:43,15.59,100,
11:04:50,15.5855,1000,
11:04:58,15.5783,500,
11:05:00,15.5699,1500,
11:05:04,15.57,600,
11:05:04,15.57,100,
11:05:07,15.58,100,
11:05:10,15.58,100,
11:05:10,15.58,700,
11:05:10,15.58,400,
11:05:10,15.58,100,
11:05:11,15.572,500,
11:05:23,15.58,2000,
11:05:23,15.57,100,
11:05:23,15.57,100,
11:05:31,15.56,100,
11:05:38,15.55,300,
11:05:38,15.55,500,
11:05:44,15.5458,500,
11:06:11,15.55,100,
11:06:22,15.56,100,
11:06:23,15.5501,900,
11:06:32,15.563,250,
11:06:34,15.57,100,
11:06:38,15.57,100,
11:06:38,15.57,600,
11:06:40,15.56,100,
11:06:40,15.56,100,
11:06:41,15.55,100,
11:06:41,15.55,100,
11:06:48,15.56,100,
11:06:48,15.56,300,
11:06:48,15.56,300,
11:06:48,15.56,200,
11:06:48,15.56,100,
11:06:51,15.5542,2400,
11:06:52,15.5513,100,
11:07:05,15.548,800,
11:07:05,15.55,300,
11:07:06,15.55,200,
11:07:06,15.55,200,
11:07:11,15.55,100,
11:07:30,15.53,100,
11:07:43,15.52,200,
11:07:43,15.52,100,
11:07:44,15.52,100,
11:07:45,15.52,500,
11:07:51,15.52,100,
11:07:52,15.53,100,
11:07:52,15.53,100,
11:07:58,15.53,1500,
11:07:58,15.53,100,
11:07:59,15.53,200,
11:07:59,15.53,200,
11:08:19,15.54,100,
11:08:20,15.54,100,
11:08:21,15.53,800,
11:08:24,15.54,100,
11:08:28,15.54,100,
11:08:29,15.55,100,
11:08:29,15.55,200,
11:08:29,15.55,1100,
11:08:29,15.55,1500,
11:08:29,15.54,1500,
11:08:29,15.54,200,
11:08:34,15.5383,100,
11:08:43,15.53,200,
11:08:44,15.53,200,
11:08:56,15.5299,100,
11:09:01,15.53,1100,
11:09:02,15.53,100,
11:09:05,15.532,600,
11:09:15,15.54,100,
11:09:18,15.54,450,
11:09:20,15.5317,500,
11:09:23,15.53,2200,
11:09:27,15.5242,500,
11:09:29,15.53,100,
11:09:41,15.5442,1100,
11:09:45,15.55,100,
11:09:47,15.55,2200,
11:09:47,15.55,100,
11:09:55,15.54,1000,
11:09:58,15.549,2000,
11:10:01,15.54,100,
11:10:08,15.54,100,
11:10:08,15.54,100,
11:10:21,15.55,100,
11:10:21,15.55,2200,
11:10:22,15.5415,2300,
11:10:23,15.551,800,
11:10:23,15.5415,590,
11:10:30,15.5417,1000,
11:10:47,15.55,100,
11:11:01,15.56,100,
11:11:01,15.57,100,
11:11:02,15.57,500,
11:11:04,15.57,100,
11:11:06,15.57,100,
11:11:08,15.57,1500,
11:11:09,15.56,500,
11:11:09,15.57,400,
11:11:09,15.56,500,
11:11:17,15.56,100,
11:11:17,15.56,200,
11:11:22,15.56,100,
11:11:33,15.55,500,
11:11:38,15.548,1500,
11:11:40,15.54,200,
11:11:41,15.541,1500,
11:11:43,15.55,500,
11:11:46,15.55,100,
11:11:56,15.5638,2000,
11:11:58,15.5501,500,
11:12:13,15.55,100,
11:12:13,15.5542,600,
11:12:16,15.5517,500,
11:12:21,15.55,100,
11:12:38,15.5599,1600,
11:13:03,15.55,257,
11:13:21,15.5583,1000,
11:13:29,15.548,300,
11:13:33,15.5499,1900,
11:13:34,15.5499,4600,
11:13:41,15.54,401,
11:13:41,15.54,101,
11:13:43,15.5401,300,
11:14:12,15.55,300,
11:14:21,15.55,100,
11:14:21,15.55,100,
11:14:21,15.55,2000,
11:14:27,15.541,5000,
11:14:34,15.54,160,
11:14:34,15.54,140,
11:14:59,15.55,100,
11:15:02,15.55,900,
11:15:02,15.55,100,
11:15:07,15.551,200,
11:15:08,15.55,100,
11:15:17,15.55,300,
11:15:17,15.55,100,
11:15:38,15.5401,700,
11:15:40,15.55,400,
11:15:43,15.55,200,
11:15:49,15.551,400,
11:15:49,15.551,400,
11:15:50,15.56,300,
11:15:53,15.55,200,
11:15:53,15.55,100,
11:15:53,15.54,200,
11:15:53,15.54,500,
11:15:55,15.54,100,
11:15:55,15.54,200,
11:15:56,15.53,485,
11:16:28,15.54,200,
11:16:38,15.5417,700,
11:16:42,15.54,100,
11:17:00,15.54,100,
11:17:03,15.54,422,
11:17:34,15.54,291,
11:17:58,15.52,15000,
11:18:08,15.52,400,
11:18:16,15.53,100,
11:18:34,15.53,500,
11:18:37,15.531,100,
11:18:39,15.532,700,
11:19:04,15.5317,200,
11:19:09,15.54,200,
11:19:09,15.5399,400,
11:19:09,15.5358,2000,
11:19:12,15.54,100,
11:19:17,15.5483,1000,
11:19:19,15.55,100,
11:19:21,15.55,100,
11:19:33,15.54,100,
11:19:43,15.53,400,
11:19:48,15.53,100,
11:19:51,15.52,200,
11:19:52,15.52,100,
11:19:52,15.52,100,
11:19:53,15.52,200,
11:20:11,15.52,100,
11:20:42,15.51,200,
11:20:43,15.51,700,
11:20:44,15.50,200,
11:20:44,15.50,100,
11:20:46,15.5017,500,
11:20:48,15.5099,100,
11:20:51,15.5099,2800,
11:21:04,15.50,100,
11:21:12,15.50,100,
11:21:20,15.493,350,
11:21:21,15.49,100,
11:21:24,15.4917,500,
11:21:25,15.50,100,
11:21:25,15.50,100,
11:21:35,15.50,200,
11:21:39,15.50,100,
11:21:45,15.4901,500,
11:22:02,15.49,100,
11:22:03,15.49,100,
11:22:03,15.49,100,
11:22:06,15.481,1000,
11:22:08,15.481,1000,
11:22:11,15.49,100,
11:22:11,15.49,100,
11:22:17,15.5001,2150,
11:22:25,15.50,100,
11:22:25,15.50,100,
11:22:26,15.50,200,
11:22:26,15.501,500,
11:22:26,15.501,500,
11:22:48,15.502,1000,
11:22:54,15.502,1500,
11:23:11,15.501,815,
11:23:17,15.50,100,
11:23:24,15.51,100,
11:23:24,15.51,100,
11:23:28,15.52,300,
11:23:30,15.53,600,
11:23:30,15.53,100,
11:23:30,15.54,200,
11:23:32,15.54,100,
11:23:32,15.54,200,
11:23:33,15.54,100,
11:23:39,15.53,100,
11:23:39,15.53,1799,
11:23:50,15.52,100,
11:24:31,15.53,100,
11:24:35,15.54,100,
11:24:37,15.54,1884,
11:24:39,15.5301,3200,
11:24:52,15.53,100,
11:25:01,15.53,100,
11:25:12,15.53,100,
11:25:28,15.5442,100,
11:25:37,15.53,100,
11:25:47,15.52,100,
11:25:54,15.53,100,
11:26:08,15.5242,100,
11:26:30,15.531,100,
11:26:30,15.531,100,
11:26:30,15.531,2200,
11:26:30,15.531,200,
11:26:31,15.531,500,
11:26:31,15.521,300,
11:26:38,15.52,300,
11:26:50,15.53,13700,
11:27:00,15.5242,100,
11:27:34,15.5142,100,
11:28:03,15.5042,100,
11:28:10,15.501,400,
11:28:10,15.501,400,
11:28:14,15.49,5000,
11:28:16,15.49,100,
11:28:18,15.4803,500,
11:28:21,15.49,200,
11:28:21,15.49,600,
11:28:21,15.49,100,
11:28:23,15.49,100,
11:28:27,15.492,1000,
11:28:32,15.4942,500,
11:28:38,15.50,900,
11:29:01,15.5003,1000,
11:29:04,15.51,100,
11:29:05,15.5042,100,
11:29:20,15.50,600,
11:29:20,15.50,211,
11:29:26,15.49,100,
11:29:31,15.4842,100,
11:29:33,15.49,100,
11:29:36,15.50,100,
11:29:50,15.50,1000,
11:29:52,15.50,1000,
11:31:10,15.5501,500,
11:31:20,15.56,100,
11:31:21,15.56,300,
11:31:21,15.56,100,
11:31:26,15.57,1100,
11:31:26,15.57,500,
11:31:27,15.578,1000,
11:31:29,15.57,850,
11:31:29,15.57,1500,
11:31:32,15.568,2000,
11:31:33,15.57,950,
11:31:41,15.56,200,
11:31:50,15.5699,4000,
11:31:52,15.561,100,
11:31:54,15.5685,6000,
11:32:07,15.5642,100,
11:32:12,15.5617,1000,
11:32:13,15.56,600,
11:32:20,15.5658,1000,
11:32:25,15.56,1000,
11:32:25,15.56,100,
11:32:39,15.5542,100,
11:32:40,15.55,300,
11:32:40,15.55,300,
11:32:43,15.5542,600,
11:32:51,15.54,100,
11:32:53,15.53,800,
11:32:53,15.53,500,
11:32:54,15.53,200,
11:32:54,15.53,250,
11:32:54,15.53,200,
11:32:54,15.53,100,
11:33:23,15.53,100,
11:33:26,15.52,200,
11:33:28,15.52,100,
11:33:31,15.53,400,
11:33:31,15.53,400,
11:33:31,15.53,200,
11:33:31,15.53,200,
11:33:33,15.528,2000,
11:33:33,15.528,2500,
11:33:34,15.53,100,
11:33:36,15.53,100,
11:34:07,15.5299,19000,
11:34:07,15.53,200,
11:34:07,15.53,500,
11:34:08,15.528,1000,
11:34:14,15.522,2500,
11:34:18,15.5342,100,
11:34:22,15.54,100,
11:34:28,15.538,2000,
11:34:29,15.53,200,
11:34:32,15.521,300,
11:34:32,15.521,400,
11:34:36,15.52,100,
11:34:46,15.52,300,
11:34:47,15.52,500,
11:35:00,15.51,100,
11:35:00,15.51,278,
11:35:00,15.51,100,
11:35:00,15.51,200,
11:35:00,15.51,200,
11:35:00,15.50,150,
11:35:02,15.51,100,
11:35:09,15.51,100,
11:35:15,15.51,200,
11:35:15,15.50,500,
11:35:26,15.51,100,
11:35:33,15.4999,1200,
11:35:33,15.50,300,
11:35:33,15.50,1500,
11:35:33,15.50,100,
11:35:33,15.50,100,
11:35:47,15.50,200,
11:35:51,15.50,100,
11:35:54,15.5003,500,
11:36:06,15.50,200,
11:36:06,15.501,600,
11:36:07,15.501,200,
11:36:07,15.501,100,
11:36:07,15.501,200,
11:36:16,15.491,200,
11:36:19,15.50,200,
11:36:19,15.50,100,
11:36:30,15.51,1000,
11:36:30,15.51,2600,
11:36:32,15.51,100,
11:36:32,15.5099,20000,
11:36:35,15.50,100,
11:36:35,15.50,200,
11:36:41,15.491,1500,
11:36:41,15.491,1500,
11:36:43,15.49,300,
11:36:48,15.4999,1000,
11:36:52,15.492,2000,
11:36:58,15.49,100,
11:37:01,15.49,100,
11:37:01,15.47,300,
11:37:02,15.47,200,
11:37:02,15.47,300,
11:37:02,15.47,300,
11:37:03,15.47,500,
11:37:04,15.472,1000,
11:37:05,15.47,1200,
11:37:05,15.47,1900,
11:37:05,15.47,200,
11:37:05,15.46,3000,
11:37:06,15.47,500,
11:37:06,15.47,9600,
11:37:07,15.471,2400,
11:37:07,15.462,1500,
11:37:12,15.47,500,
11:37:12,15.47,100,
11:37:13,15.471,100,
11:37:13,15.47,200,
11:37:15,15.47,100,
11:37:15,15.47,100,
11:37:15,15.47,100,
11:37:19,15.47,100,
11:37:19,15.4717,200,
11:37:31,15.48,100,
11:37:31,15.48,100,
11:37:34,15.4708,1250,
11:37:40,15.47,600,
11:37:52,15.46,21000,
11:38:01,15.462,700,
11:38:01,15.47,100,
11:38:03,15.48,100,
11:38:06,15.48,300,
11:38:19,15.49,200,
11:38:19,15.49,100,
11:38:21,15.4901,200,
11:38:22,15.498,500,
11:38:44,15.49,612,
11:38:44,15.49,200,
11:39:01,15.49,100,
11:39:10,15.50,1000,
11:39:13,15.50,100,
11:39:18,15.50,1000,
11:39:22,15.49,200,
11:39:22,15.49,100,
11:39:43,15.49,100,
11:39:49,15.4875,2000,
11:39:52,15.48,100,
11:39:56,15.4899,1700,
11:40:08,15.49,500,
11:40:15,15.4899,18000,
11:40:28,15.49,300,
11:40:32,15.49,100,
11:40:44,15.4899,500,
11:40:48,15.48,100,
11:40:55,15.50,1000,
11:40:55,15.50,100,
11:40:58,15.50,100,
11:41:00,15.495,300,
11:41:06,15.50,100,
11:41:09,15.4901,5000,
11:41:10,15.4958,3900,
11:41:41,15.48,1100,
11:41:41,15.48,200,
11:41:41,15.4801,100,
11:41:41,15.4801,600,
11:41:43,15.49,300,
11:41:47,15.47,150,
11:41:54,15.48,100,
11:42:01,15.4858,1000,
11:42:05,15.49,2200,
11:42:05,15.49,100,
11:42:19,15.491,100,
11:42:20,15.4942,300,
11:42:23,15.49,200,
11:42:32,15.48,7500,
11:42:42,15.49,100,
11:42:46,15.4899,500,
11:42:51,15.49,100,
11:42:51,15.49,300,
11:42:51,15.49,700,
11:42:52,15.49,800,
11:42:52,15.49,100,
11:42:53,15.49,100,
11:43:19,15.50,500,
11:43:28,15.502,500,
11:43:44,15.5001,5000,
11:43:47,15.5099,300,
11:43:54,15.50,100,
11:43:54,15.50,1200,
11:43:56,15.5042,1000,
11:44:00,15.50,100,
11:44:19,15.49,100,
11:44:27,15.49,100,
11:44:39,15.50,100,
11:44:47,15.50,500,
11:44:48,15.50,100,
11:44:50,15.50,425,
11:44:50,15.5012,124,
11:44:55,15.50,100,
11:45:07,15.52,200,
11:45:07,15.52,100,
11:45:09,15.52,100,
11:45:09,15.52,1285,
11:45:18,15.51,100,
11:45:53,15.52,100,
11:46:19,15.5201,3200,
11:46:23,15.52,200,
11:46:23,15.52,1000,
11:46:23,15.52,100,
11:46:23,15.52,100,
11:46:23,15.52,500,
11:46:23,15.52,100,
11:46:23,15.52,200,
11:46:23,15.52,607,
11:46:51,15.52,100,
11:46:57,15.52,100,
11:46:57,15.53,100,
11:46:57,15.5253,200,
11:46:57,15.52,100,
11:46:58,15.52,100,
11:47:21,15.53,1100,
11:47:21,15.53,600,
11:47:21,15.53,200,
11:47:22,15.54,200,
11:47:22,15.54,100,
11:47:25,15.54,800,
11:47:25,15.54,200,
11:47:25,15.54,200,
11:47:25,15.54,2200,
11:47:25,15.54,100,
11:47:34,15.54,300,
11:47:34,15.54,100,
11:47:43,15.54,300,
11:47:43,15.55,200,
11:47:43,15.55,100,
11:47:44,15.55,100,
11:47:44,15.55,700,
11:47:56,15.548,1500,
11:47:57,15.55,200,
11:48:13,15.55,100,
11:48:25,15.54,100,
11:48:35,15.5399,300,
11:48:40,15.52,1700,
11:48:53,15.53,100,
11:49:30,15.551,100,
11:49:30,15.551,100,
11:49:36,15.56,100,
11:49:44,15.561,100,
11:49:44,15.561,200,
11:49:45,15.57,3000,
11:49:45,15.57,1600,
11:49:45,15.57,3000,
11:49:47,15.58,1762,
11:49:47,15.58,1600,
11:49:48,15.57,1800,
11:49:50,15.57,100,
11:50:06,15.57,300,
11:50:06,15.57,100,
11:50:10,15.56,100,
11:50:20,15.554,500,
11:50:31,15.56,699,
11:50:31,15.56,100,
11:50:35,15.561,1700,
11:50:35,15.561,1800,
11:50:38,15.56,3000,
11:51:02,15.56,200,
11:51:17,15.568,200,
11:51:29,15.5617,200,
11:51:34,15.56,100,
11:51:37,15.55,800,
11:51:45,15.54,100,
11:52:13,15.5408,299,
11:52:36,15.56,100,
11:53:02,15.5583,200,
11:53:06,15.55,1500,
11:53:09,15.5442,4000,
11:53:29,15.55,600,
11:53:35,15.5583,200,
11:54:02,15.55,200,
11:54:12,15.54,200,
11:54:15,15.54,600,
11:54:25,15.53,1100,
11:54:25,15.53,100,
11:55:04,15.531,300,
11:55:04,15.531,200,
11:55:07,15.53,100,
11:55:19,15.52,1100,
11:55:28,15.51,300,
11:55:44,15.52,100,
11:55:46,15.52,100,
11:55:56,15.51,700,
11:55:56,15.5099,100,
11:56:01,15.51,700,
11:56:03,15.51,400,
11:56:32,15.5138,300,
11:57:11,15.53,200,
11:58:17,15.531,100,
11:58:26,15.5342,100,
11:58:27,15.5301,1300,
11:58:42,15.52,300,
11:58:42,15.52,100,
11:58:43,15.52,299,
11:58:43,15.52,100,
11:58:44,15.52,100,
11:58:54,15.51,100,
11:59:00,15.52,100,
11:59:03,15.521,900,
11:59:03,15.521,900,
11:59:06,15.52,100,
11:59:17,15.52,200,
11:59:27,15.53,100,
11:59:35,15.53,100,
11:59:35,15.53,100,
11:59:55,15.53,100,
12:00:19,15.54,100,
12:00:26,15.54,100,
12:01:15,15.538,1500,
12:01:38,15.54,100,
12:01:38,15.54,100,
12:01:42,15.5483,1200,
12:01:50,15.5417,327,
12:02:03,15.55,200,
12:02:36,15.56,200,
12:02:37,15.56,100,
12:02:50,15.569,5000,
12:03:08,15.56,1500,
12:03:11,15.57,100,
12:03:39,15.56,200,
12:04:02,15.55,100,
12:04:16,15.55,1500,
12:04:16,15.55,500,
12:04:24,15.5583,280,
12:04:54,15.553,450,
12:05:24,15.562,1000,
12:05:45,15.56,300,
12:05:45,15.56,200,
12:05:58,15.5672,500,
12:06:17,15.5599,500,
12:06:20,15.55,700,
12:06:20,15.55,100,
12:06:57,15.55,1500,
12:07:36,15.542,550,
12:07:47,15.5542,1000,
12:08:01,15.55,700,
12:08:09,15.55,200,
12:08:14,15.56,300,
12:08:16,15.5615,5000,
12:08:19,15.56,200,
12:08:23,15.56,400,
12:09:00,15.558,1000,
12:09:13,15.54,100,
12:09:19,15.54,100,
12:09:46,15.55,200,
12:09:54,15.55,2200,
12:10:02,15.54,100,
12:10:05,15.541,200,
12:10:22,15.541,1300,
12:10:22,15.541,1300,
12:10:47,15.53,100,
12:11:00,15.54,500,
12:11:00,15.54,100,
12:11:14,15.54,600,
12:11:26,15.5442,184,
12:11:36,15.54,200,
12:11:36,15.54,200,
12:11:36,15.54,1300,
12:11:52,15.54,1100,
12:11:59,15.54,1100,
12:12:13,15.54,100,
12:12:31,15.55,200,
12:12:48,15.55,100,
12:12:49,15.56,300,
12:12:49,15.56,1100,
12:12:49,15.56,100,
12:12:55,15.56,200,
12:13:08,15.56,200,
12:13:09,15.5601,100,
12:13:26,15.56,100,
12:13:26,15.56,400,
12:13:26,15.56,100,
12:13:26,15.56,200,
12:13:32,15.5599,6100,
12:14:04,15.557,150,
12:14:07,15.56,200,
12:14:27,15.5658,125,
12:14:43,15.553,150,
12:14:59,15.55,200,
12:15:09,15.55,750,
12:15:21,15.541,600,
12:15:31,15.55,1289,
12:15:39,15.5442,1000,
12:15:49,15.55,200,
12:15:51,15.55,100,
12:16:09,15.56,2200,
12:16:09,15.56,100,
12:16:09,15.56,300,
12:16:09,15.56,100,
12:16:09,15.56,900,
12:16:12,15.56,500,
12:16:13,15.56,200,
12:16:22,15.56,100,
12:16:46,15.56,400,
12:16:46,15.56,200,
12:16:52,15.56,200,
12:16:55,15.5658,1000,
12:17:21,15.55,100,
12:17:21,15.54,100,
12:17:22,15.54,100,
12:17:34,15.54,1000,
12:17:39,15.54,1000,
12:17:56,15.54,100,
12:18:09,15.54,500,
12:18:09,15.54,600,
12:18:22,15.54,300,
12:18:32,15.5485,2400,
12:18:34,15.54,600,
12:18:50,15.54,300,
12:19:16,15.5407,100,
12:19:39,15.53,200,
12:19:41,15.52,5000,
12:19:43,15.513,240,
12:19:43,15.51,100,
12:19:46,15.51,200,
12:19:46,15.51,100,
12:19:46,15.51,100,
12:19:46,15.51,200,
12:20:07,15.51,100,
12:20:08,15.50,100,
12:20:35,15.4931,500,
12:21:23,15.4999,3200,
12:21:29,15.50,200,
12:21:32,15.5042,500,
12:22:17,15.5042,3000,
12:22:28,15.5017,1200,
12:22:29,15.501,800,
12:22:46,15.51,100,
12:22:48,15.51,100,
12:23:03,15.5199,5000,
12:23:19,15.5142,1000,
12:23:21,15.52,100,
12:23:48,15.52,100,
12:24:01,15.52,200,
12:24:03,15.51,200,
12:24:14,15.52,500,
12:24:35,15.53,100,
12:24:35,15.53,400,
12:24:45,15.5301,3200,
12:25:06,15.5299,300,
12:25:33,15.52,100,
12:25:41,15.52,1000,
12:25:47,15.51,200,
12:25:56,15.50,100,
12:26:05,15.51,100,
12:26:06,15.51,100,
12:26:06,15.51,100,
12:26:12,15.51,100,
12:26:53,15.5199,100,
12:27:46,15.52,100,
12:28:34,15.52,100,
12:28:44,15.52,220,
12:28:44,15.52,1500,
12:28:45,15.53,400,
12:28:45,15.53,100,
12:28:50,15.531,400,
12:29:10,15.54,200,
12:29:28,15.5417,164,
12:29:43,15.54,900,
12:29:45,15.5383,200,
12:29:58,15.54,100,
12:29:58,15.54,300,
12:29:58,15.54,200,
12:30:11,15.54,100,
12:30:11,15.54,100,
12:30:11,15.54,2300,
12:30:11,15.54,2100,
12:30:11,15.54,200,
12:30:17,15.53,2100,
12:30:17,15.53,100,
12:30:31,15.52,1100,
12:30:46,15.51,200,
12:30:46,15.51,100,
12:30:46,15.51,200,
12:31:02,15.511,100,
12:31:02,15.511,200,
12:31:09,15.5058,1000,
12:31:14,15.51,100,
12:31:17,15.5201,3000,
12:31:57,15.52,100,
12:32:28,15.52,100,
12:32:40,15.5183,100,
12:32:56,15.51,100,
12:33:16,15.5099,1700,
12:33:38,15.50,100,
12:34:22,15.50,100,
12:34:35,15.4999,3200,
12:34:47,15.494,100,
12:35:31,15.50,100,
12:35:36,15.50,300,
12:35:52,15.4901,2500,
12:36:34,15.49,200,
12:36:39,15.49,1500,
12:36:40,15.491,800,
12:36:40,15.491,700,
12:36:44,15.491,400,
12:36:45,15.49,214,
12:37:24,15.51,200,
12:37:39,15.51,200,
12:37:43,15.51,800,
12:38:25,15.5199,350,
12:38:33,15.53,100,
12:38:34,15.53,500,
12:38:34,15.53,100,
12:38:34,15.53,100,
12:39:09,15.52,100,
12:39:10,15.52,100,
12:39:12,15.51,100,
12:39:25,15.4901,750,
12:39:39,15.50,300,
12:39:49,15.51,100,
12:39:50,15.501,1100,
12:40:08,15.5104,1685,
12:40:28,15.51,300,
12:40:36,15.511,300,
12:41:07,15.5042,600,
12:41:19,15.51,200,
12:41:19,15.51,200,
12:42:14,15.51,150,
12:42:54,15.5142,1000,
12:42:58,15.51,100,
12:43:00,15.51,1100,
12:43:00,15.51,100,
12:43:00,15.51,1000,
12:43:40,15.5001,3760,
12:44:08,15.50,100,
12:44:16,15.50,200,
12:44:16,15.50,100,
12:44:16,15.50,200,
12:44:16,15.50,1000,
12:44:16,15.50,1400,
12:44:16,15.50,100,
12:44:20,15.51,100,
12:45:27,15.503,209,
12:45:53,15.51,100,
12:46:07,15.51,200,
12:46:07,15.5101,500,
12:47:03,15.49,100,
12:47:05,15.49,400,
12:47:05,15.49,200,
12:47:15,15.49,600,
12:47:21,15.4815,5500,
12:47:26,15.49,100,
12:47:30,15.49,300,
12:47:34,15.49,100,
12:47:53,15.49,100,
12:48:08,15.4805,1000,
12:48:50,15.49,200,
12:49:38,15.49,100,
12:49:42,15.499,3000,
12:49:44,15.50,200,
12:49:45,15.50,100,
12:50:05,15.4999,2000,
12:50:47,15.50,100,
12:50:47,15.50,1700,
12:50:56,15.50,500,
12:51:05,15.5099,2000,
12:51:17,15.508,2200,
12:51:40,15.5058,2200,
12:52:18,15.51,100,
12:52:18,15.51,300,
12:52:18,15.51,300,
12:52:19,15.51,100,
12:53:10,15.5101,400,
12:54:30,15.52,100,
12:54:40,15.52,100,
12:54:49,15.52,100,
12:54:55,15.52,100,
12:55:22,15.53,100,
12:55:22,15.53,100,
12:55:22,15.53,200,
12:55:27,15.5301,3200,
12:55:32,15.54,100,
12:55:32,15.54,200,
12:55:34,15.55,300,
12:55:34,15.55,200,
12:55:34,15.55,100,
12:55:51,15.55,200,
12:55:52,15.55,200,
12:55:53,15.55,100,
12:55:53,15.55,100,
12:56:00,15.55,200,
12:56:06,15.55,400,
12:56:11,15.55,100,
12:56:11,15.542,1200,
12:56:11,15.5415,5000,
12:56:11,15.542,3200,
12:56:17,15.54,2500,
12:56:17,15.54,2200,
12:56:17,15.54,229,
12:56:17,15.54,1000,
12:56:17,15.54,600,
12:56:17,15.54,100,
12:56:17,15.54,300,
12:56:17,15.545,100,
12:56:18,15.54,1700,
12:56:19,15.541,1800,
12:56:39,15.5399,1000,
12:56:40,15.54,400,
12:56:41,15.54,100,
12:56:41,15.54,300,
12:56:41,15.54,100,
12:57:15,15.55,500,
12:57:24,15.5499,100,
12:57:24,15.545,500,
12:57:35,15.55,100,
12:57:38,15.55,100,
12:57:42,15.55,100,
12:57:42,15.55,100,
12:57:42,15.55,100,
12:57:42,15.55,700,
12:57:42,15.55,100,
12:57:43,15.55,200,
12:57:57,15.55,100,
12:57:57,15.55,600,
12:57:57,15.55,100,
12:58:01,15.5503,100,
12:58:02,15.5442,6300,
12:58:04,15.5458,2000,
12:58:25,15.543,400,
12:58:55,15.5408,1700,
12:59:15,15.55,10000,
12:59:24,15.55,100,
12:59:30,15.55,100,
12:59:56,15.55,100,
13:00:07,15.5425,400,
13:00:17,15.5497,100,
13:00:24,15.55,200,
13:00:24,15.55,100,
13:00:43,15.54,200,
13:01:44,15.54,1500,
13:01:45,15.54,700,
13:01:45,15.54,100,
13:02:10,15.533,300,
13:02:17,15.54,1000,
13:02:40,15.54,200,
13:02:40,15.54,100,
13:02:42,15.531,200,
13:03:01,15.54,400,
13:03:01,15.55,120,
13:03:01,15.55,120,
13:03:16,15.55,176,
13:03:16,15.55,176,
13:03:16,15.55,176,
13:03:43,15.5417,200,
13:03:46,15.54,120,
13:04:27,15.53,100,
13:04:37,15.54,100,
13:04:50,15.54,200,
13:05:57,15.5399,1000,
13:06:32,15.54,900,
13:06:34,15.532,900,
13:06:42,15.54,100,
13:06:53,15.55,100,
13:07:01,15.5499,500,
13:07:02,15.55,100,
13:07:05,15.54,100,
13:07:07,15.55,100,
13:07:08,15.55,100,
13:07:12,15.55,300,
13:07:12,15.55,185,
13:07:15,15.5599,2500,
13:07:45,15.56,100,
13:07:45,15.56,1000,
13:07:58,15.5525,1000,
13:07:58,15.55,1000,
13:07:58,15.55,200,
13:07:58,15.55,200,
13:07:58,15.55,900,
13:07:58,15.55,400,
13:08:01,15.5542,800,
13:08:17,15.56,100,
13:08:17,15.56,600,
13:08:17,15.56,300,
13:08:28,15.56,300,
13:08:28,15.56,400,
13:08:29,15.56,100,
13:08:30,15.56,500,
13:08:30,15.56,500,
13:08:31,15.56,300,
13:08:40,15.56,500,
13:08:53,15.551,200,
13:09:05,15.55,200,
13:09:05,15.55,739,
13:09:06,15.55,200,
13:09:06,15.55,200,
13:09:06,15.55,600,
13:09:08,15.55,800,
13:09:08,15.55,400,
13:09:10,15.55,100,
13:09:16,15.55,100,
13:09:45,15.5558,200,
13:09:52,15.55,100,
13:09:53,15.55,300,
13:10:15,15.5599,1400,
13:10:22,15.55,100,
13:10:32,15.54,100,
13:10:32,15.54,100,
13:10:33,15.54,100,
13:10:33,15.54,100,
13:10:49,15.54,1100,
13:11:26,15.5499,259,
13:12:19,15.54,100,
13:12:19,15.5325,200,
13:12:21,15.5325,1340,
13:12:22,15.541,126,
13:13:01,15.5342,500,
13:13:16,15.5301,400,
13:13:40,15.53,200,
13:13:46,15.53,200,
13:13:58,15.53,100,
13:14:06,15.53,1300,
13:14:06,15.53,500,
13:14:06,15.53,900,
13:14:06,15.535,200,
13:14:06,15.535,200,
13:14:07,15.53,100,
13:14:31,15.54,900,
13:15:35,15.54,100,
13:15:38,15.55,100,
13:15:38,15.55,200,
13:15:39,15.55,200,
13:15:46,15.55,1100,
13:15:48,15.55,2000,
13:15:48,15.55,200,
13:15:52,15.55,100,
13:16:12,15.5599,500,
13:16:21,15.55,100,
13:16:34,15.55,100,
13:17:04,15.5401,5000,
13:17:25,15.54,100,
13:17:53,15.54,100,
13:18:05,15.54,100,
13:18:14,15.54,100,
13:18:58,15.54,500,
13:19:10,15.54,100,
13:19:30,15.54,200,
13:20:00,15.54,100,
13:20:06,15.55,100,
13:20:06,15.56,100,
13:20:06,15.56,100,
13:20:06,15.56,200,
13:20:06,15.56,500,
13:20:06,15.56,100,
13:20:15,15.56,100,
13:20:16,15.56,100,
13:20:17,15.56,100,
13:20:19,15.5675,1070,
13:20:25,15.5699,200,
13:20:25,15.57,200,
13:20:25,15.57,100,
13:20:30,15.5695,150,
13:20:39,15.57,800,
13:20:39,15.57,1700,
13:20:40,15.57,100,
13:20:58,15.57,400,
13:20:58,15.5701,200,
13:21:03,15.57,100,
13:21:10,15.56,300,
13:21:11,15.5683,200,
13:21:59,15.56,200,
13:21:59,15.56,329,
13:22:17,15.55,100,
13:22:23,15.5499,200,
13:22:40,15.52,1800,
13:22:41,15.52,100,
13:22:44,15.53,100,
13:22:57,15.53,100,
13:22:57,15.54,100,
13:22:59,15.54,100,
13:23:14,15.54,200,
13:23:14,15.55,200,
13:23:14,15.55,1000,
13:23:14,15.55,200,
13:23:14,15.55,100,
13:23:14,15.55,100,
13:23:14,15.55,200,
13:23:14,15.55,100,
13:23:14,15.55,1300,
13:23:14,15.55,100,
13:23:14,15.55,100,
13:23:14,15.55,3000,
13:23:14,15.55,100,
13:23:15,15.55,100,
13:23:18,15.55,100,
13:23:32,15.56,100,
13:23:32,15.56,500,
13:23:36,15.56,200,
13:23:36,15.56,1600,
13:23:37,15.56,349,
13:23:37,15.5601,700,
13:23:50,15.55,100,
13:24:02,15.55,100,
13:24:14,15.56,1000,
13:24:14,15.5599,1000,
13:24:50,15.55,100,
13:25:18,15.54,100,
13:26:15,15.54,100,
13:26:16,15.5342,1300,
13:26:38,15.53,100,
13:26:42,15.53,100,
13:27:11,15.52,100,
13:27:25,15.51,2400,
13:27:25,15.51,300,
13:27:25,15.51,300,
13:27:41,15.52,100,
13:27:58,15.52,100,
13:27:58,15.52,400,
13:28:16,15.52,100,
13:28:28,15.53,100,
13:28:48,15.53,100,
13:28:57,15.54,200,
13:29:00,15.54,455,
13:29:56,15.53,100,
13:30:08,15.54,150,
13:30:21,15.54,200,
13:30:31,15.54,100,
13:31:03,15.54,100,
13:31:23,15.54,200,
13:31:47,15.52,2061,
13:31:47,15.53,100,
13:31:47,15.53,100,
13:31:48,15.52,263,
13:31:48,15.52,2100,
13:31:48,15.52,2000,
13:31:48,15.52,100,
13:32:01,15.52,1100,
13:32:01,15.52,100,
13:32:36,15.528,1000,
13:32:46,15.52,1300,
13:33:05,15.52,100,
13:33:11,15.52,100,
13:33:23,15.53,100,
13:33:39,15.54,1800,
13:33:46,15.53,200,
13:33:46,15.53,500,
13:33:57,15.53,100,
13:34:29,15.53,700,
13:34:34,15.532,800,
13:34:35,15.53,200,
13:34:35,15.531,100,
13:34:39,15.53,1100,
13:35:09,15.54,100,
13:35:11,15.54,200,
13:35:24,15.54,100,
13:35:32,15.55,900,
13:35:32,15.55,200,
13:35:32,15.55,100,
13:35:34,15.55,200,
13:35:34,15.55,100,
13:35:34,15.55,100,
13:35:40,15.55,100,
13:35:58,15.55,100,
13:36:09,15.55,200,
13:36:53,15.54,600,
13:36:53,15.54,800,
13:38:34,15.54,100,
13:38:36,15.532,500,
13:38:39,15.55,1000,
13:38:39,15.55,100,
13:38:42,15.55,100,
13:38:42,15.55,1900,
13:38:42,15.54,100,
13:38:43,15.53,100,
13:38:55,15.53,200,
13:39:20,15.54,100,
13:39:20,15.54,100,
13:39:20,15.55,1300,
13:39:20,15.55,100,
13:39:20,15.55,500,
13:39:20,15.54,100,
13:39:22,15.56,600,
13:39:22,15.56,500,
13:39:35,15.57,200,
13:39:38,15.58,263,
13:39:38,15.58,200,
13:39:38,15.58,500,
13:39:39,15.58,600,
13:39:39,15.58,1200,
13:39:39,15.58,100,
13:39:39,15.58,100,
13:39:39,15.58,3383,
13:39:39,15.59,1900,
13:39:39,15.59,2000,
13:39:39,15.59,200,
13:39:39,15.59,1600,
13:39:39,15.58,300,
13:39:39,15.58,200,
13:39:39,15.58,1500,
13:39:39,15.59,100,
13:39:39,15.59,100,
13:39:39,15.59,200,
13:39:39,15.59,1500,
13:39:39,15.59,300,
13:39:39,15.59,100,
13:39:39,15.59,2000,
13:39:39,15.59,100,
13:39:39,15.59,1600,
13:39:39,15.59,200,
13:39:41,15.58,700,
13:39:49,15.572,100,
13:39:54,15.57,100,
13:39:55,15.57,100,
13:39:55,15.57,200,
13:39:55,15.57,600,
13:39:55,15.57,100,
13:39:55,15.58,100,
13:39:58,15.59,1100,
13:39:58,15.59,200,
13:39:58,15.59,300,
13:40:01,15.589,200,
13:40:01,15.589,200,
13:40:01,15.59,100,
13:40:07,15.5999,1000,
13:40:14,15.5995,200,
13:40:16,15.5901,2800,
13:40:20,15.60,200,
13:40:29,15.59,100,
13:40:35,15.58,100,
13:40:41,15.57,200,
13:40:47,15.58,200,
13:40:47,15.58,300,
13:40:56,15.58,1400,
13:41:26,15.58,100,
13:41:41,15.58,100,
13:41:45,15.5883,1000,
13:42:38,15.57,200,
13:42:54,15.5642,3200,
13:43:19,15.56,100,
13:43:25,15.55,163,
13:43:55,15.56,100,
13:44:07,15.5599,1000,
13:44:24,15.55,100,
13:44:58,15.55,900,
13:45:00,15.55,200,
13:45:00,15.55,200,
13:45:14,15.55,100,
13:45:14,15.55,400,
13:45:32,15.56,500,
13:45:33,15.56,100,
13:45:49,15.55,250,
13:46:00,15.56,300,
13:46:07,15.561,400,
13:46:14,15.56,200,
13:46:15,15.56,100,
13:46:17,15.56,100,
13:46:26,15.56,100,
13:46:57,15.56,850,
13:46:57,15.56,1150,
13:47:15,15.5601,500,
13:47:28,15.57,100,
13:47:30,15.562,1000,
13:47:51,15.57,500,
13:48:02,15.57,200,
13:48:09,15.579,100,
13:48:36,15.58,200,
13:48:38,15.58,200,
13:48:44,15.581,1000,
13:48:49,15.58,2000,
13:49:11,15.58,100,
13:49:19,15.59,100,
13:49:32,15.59,200,
13:49:49,15.60,500,
13:49:50,15.60,900,
13:49:50,15.60,100,
13:49:54,15.6099,300,
13:50:07,15.62,100,
13:50:07,15.62,200,
13:50:07,15.63,900,
13:50:07,15.63,300,
13:50:09,15.6258,1750,
13:50:12,15.63,200,
13:50:16,15.64,200,
13:50:17,15.64,200,
13:50:19,15.649,1112,
13:50:20,15.6401,3000,
13:50:20,15.64,3000,
13:50:20,15.64,847,
13:50:20,15.64,2500,
13:50:20,15.64,100,
13:50:20,15.64,2700,
13:50:21,15.64,200,
13:50:21,15.64,1800,
13:50:21,15.649,112,
13:50:22,15.65,888,
13:50:24,15.6358,1200,
13:50:25,15.631,2000,
13:50:27,15.6325,3000,
13:50:35,15.63,1400,
13:50:39,15.628,100,
13:50:41,15.6201,100,
13:50:51,15.6205,1370,
13:50:52,15.6225,3000,
13:51:04,15.62,2040,
13:51:04,15.62,200,
13:51:07,15.6199,2500,
13:51:09,15.62,787,
13:51:10,15.62,200,
13:51:11,15.6101,2500,
13:51:28,15.6101,400,
13:51:39,15.62,500,
13:51:39,15.63,100,
13:51:46,15.63,2000,
13:51:46,15.63,500,
13:51:46,15.63,600,
13:51:46,15.63,400,
13:51:54,15.63,400,
13:51:57,15.63,400,
13:51:57,15.63,600,
13:52:04,15.64,100,
13:52:06,15.64,400,
13:52:07,15.65,400,
13:52:07,15.65,100,
13:52:08,15.65,700,
13:52:08,15.65,1100,
13:52:09,15.66,600,
13:52:09,15.66,100,
13:52:09,15.6601,300,
13:52:10,15.66,100,
13:52:10,15.66,100,
13:52:10,15.66,200,
13:52:11,15.66,300,
13:52:11,15.66,2500,
13:52:11,15.66,100,
13:52:13,15.66,200,
13:52:13,15.66,100,
13:52:13,15.66,1300,
13:52:14,15.66,100,
13:52:17,15.67,100,
13:52:18,15.6695,500,
13:52:21,15.6642,100,
13:52:22,15.68,1781,
13:52:23,15.67,300,
13:52:23,15.67,100,
13:52:23,15.67,100,
13:52:24,15.67,2200,
13:52:24,15.67,100,
13:52:24,15.67,1600,
13:52:24,15.67,2042,
13:52:24,15.67,500,
13:52:25,15.67,500,
13:52:29,15.68,2100,
13:52:29,15.68,200,
13:52:29,15.68,100,
13:52:29,15.68,1800,
13:52:30,15.68,100,
13:52:30,15.675,100,
13:52:30,15.675,100,
13:52:30,15.68,100,
13:52:31,15.68,200,
13:52:37,15.68,1000,
13:52:40,15.69,225,
13:52:40,15.69,200,
13:52:40,15.69,150,
13:52:42,15.69,44000,
13:52:43,15.692,400,
13:52:46,15.6962,600,
13:52:48,15.695,100,
13:52:48,15.698,1500,
13:52:48,15.70,1600,
13:52:48,15.70,300,
13:52:48,15.70,893,
13:52:50,15.70,200,
13:52:50,15.70,159,
13:52:50,15.69,500,
13:52:50,15.70,800,
13:52:50,15.69,200,
13:52:50,15.70,400,
13:52:51,15.6895,150,
13:52:51,15.68,111,
13:52:51,15.68,200,
13:52:51,15.68,100,
13:52:52,15.68,100,
13:52:54,15.69,200,
13:52:54,15.69,300,
13:52:58,15.69,200,
13:52:59,15.69,200,
13:53:05,15.70,10000,
13:53:06,15.69,1500,
13:53:06,15.69,2000,
13:53:10,15.6858,175,
13:53:12,15.68,1000,
13:53:12,15.68,1101,
13:53:12,15.68,379,
13:53:12,15.68,300,
13:53:12,15.68,300,
13:53:13,15.6758,500,
13:53:19,15.671,2000,
13:53:30,15.68,100,
13:53:34,15.681,2000,
13:53:40,15.68,400,
13:53:40,15.68,200,
13:53:43,15.68,100,
13:53:44,15.67,100,
13:53:45,15.6765,5000,
13:53:53,15.6701,1001,
13:53:53,15.6701,199,
13:53:53,15.67,100,
13:53:53,15.67,100,
13:53:55,15.678,1000,
13:53:57,15.68,100,
13:53:58,15.68,200,
13:54:00,15.69,200,
13:54:00,15.69,200,
13:54:07,15.6842,1000,
13:54:08,15.69,100,
13:54:10,15.688,100,
13:54:13,15.6899,1000,
13:54:20,15.68,200,
13:54:24,15.68,1500,
13:54:25,15.68,200,
13:54:25,15.681,900,
13:54:28,15.68,200,
13:54:28,15.69,1000,
13:54:30,15.68,500,
13:54:36,15.671,1000,
13:54:46,15.67,250,
13:54:53,15.68,100,
13:55:03,15.6799,2000,
13:55:14,15.6708,5000,
13:55:18,15.67,4650,
13:55:23,15.6699,300,
13:55:25,15.6501,1000,
13:55:27,15.65,2500,
13:55:28,15.65,200,
13:55:42,15.6595,500,
13:55:46,15.6583,1000,
13:55:58,15.66,300,
13:55:58,15.6606,600,
13:56:16,15.67,200,
13:56:34,15.675,3000,
13:56:41,15.678,500,
13:56:51,15.67,200,
13:56:59,15.67,200,
13:57:32,15.6708,1000,
13:58:02,15.6799,180,
13:58:14,15.689,1880,
13:58:14,15.69,1880,
13:58:24,15.685,200,
13:58:43,15.68,1300,
13:58:43,15.68,200,
13:58:45,15.6855,2000,
13:58:46,15.68,500,
13:58:49,15.6899,500,
13:58:55,15.6862,100,
13:59:15,15.69,760,
13:59:18,15.689,500,
13:59:20,15.69,500,
13:59:21,15.70,1100,
13:59:22,15.70,900,
13:59:22,15.70,400,
13:59:22,15.70,400,
13:59:25,15.70,200,
13:59:25,15.70,100,
13:59:25,15.70,200,
13:59:33,15.695,300,
13:59:38,15.6999,400,
13:59:41,15.695,100,
13:59:41,15.6913,1800,
13:59:44,15.69,400,
13:59:51,15.69,100,
13:59:55,15.69,100,
14:00:02,15.70,549,
14:00:04,15.70,1678,
14:00:04,15.70,2000,
14:00:06,15.70,400,
14:00:16,15.71,100,
14:00:21,15.71,100,
14:00:26,15.706,1000,
14:00:33,15.71,200,
14:00:36,15.7195,250,
14:00:42,15.71,200,
14:00:42,15.71,200,
14:01:02,15.708,1500,
14:01:10,15.70,200,
14:01:10,15.70,200,
14:01:10,15.70,2800,
14:01:10,15.70,800,
14:01:12,15.71,1100,
14:01:19,15.70,1200,
14:01:20,15.698,1500,
14:01:21,15.6999,700,
14:01:28,15.6999,200,
14:01:31,15.691,2500,
14:01:37,15.6913,100,
14:01:44,15.69,200,
14:01:44,15.68,175,
14:01:55,15.69,1900,
14:02:01,15.697,180,
14:02:02,15.70,200,
14:02:04,15.70,200,
14:02:12,15.70,200,
14:02:44,15.7083,100,
14:02:47,15.71,200,
14:02:50,15.72,200,
14:02:53,15.72,900,
14:02:53,15.72,100,
14:02:53,15.72,2100,
14:02:53,15.72,200,
14:02:53,15.72,1100,
14:02:53,15.72,500,
14:02:57,15.72,200,
14:03:03,15.72,300,
14:03:03,15.72,700,
14:03:14,15.72,100,
14:03:17,15.719,1000,
14:03:17,15.7175,3000,
14:03:26,15.73,350,
14:03:26,15.73,1000,
14:03:31,15.73,200,
14:03:40,15.73,200,
14:03:40,15.73,200,
14:03:50,15.7258,1000,
14:03:53,15.7299,500,
14:03:55,15.7242,1500,
14:03:58,15.72,1200,
14:03:58,15.72,1100,
14:03:58,15.72,200,
14:03:58,15.72,200,
14:03:58,15.7101,100,
14:04:08,15.7158,700,
14:04:14,15.72,100,
14:04:25,15.72,200,
14:04:25,15.72,600,
14:04:28,15.71,1800,
14:04:28,15.71,3000,
14:04:28,15.72,1800,
14:04:28,15.71,1500,
14:04:28,15.71,1500,
14:04:28,15.71,3000,
14:04:28,15.72,1000,
14:04:30,15.713,200,
14:04:39,15.719,100,
14:04:39,15.72,400,
14:04:41,15.72,800,
14:04:41,15.719,500,
14:04:41,15.72,200,
14:04:41,15.72,200,
14:04:41,15.72,100,
14:04:43,15.72,100,
14:04:44,15.72,200,
14:04:44,15.72,1000,
14:04:44,15.72,100,
14:04:44,15.72,600,
14:04:50,15.72,500,
14:04:51,15.713,250,
14:04:54,15.7201,950,
14:05:10,15.729,700,
14:05:10,15.72,1500,
14:05:10,15.72,100,
14:05:10,15.72,100,
14:05:10,15.72,900,
14:05:10,15.72,900,
14:05:10,15.72,1800,
14:05:10,15.72,1400,
14:05:10,15.72,2800,
14:05:12,15.73,200,
14:05:12,15.73,800,
14:05:17,15.74,2100,
14:05:17,15.73,200,
14:05:28,15.739,200,
14:05:30,15.73,900,
14:05:31,15.74,200,
14:05:35,15.7305,150,
14:05:42,15.73,2200,
14:05:42,15.73,700,
14:05:45,15.7225,2200,
14:05:49,15.73,800,
14:05:49,15.73,700,
14:05:50,15.73,1000,
14:05:55,15.73,200,
14:06:01,15.72,1800,
14:06:10,15.725,100,
14:06:12,15.72,100,
14:06:12,15.72,200,
14:06:12,15.71,600,
14:06:12,15.71,300,
14:06:14,15.71,200,
14:06:15,15.71,800,
14:06:16,15.71,100,
14:06:21,15.7001,500,
14:06:29,15.7001,500,
14:06:52,15.708,208,
14:06:55,15.70,200,
14:06:55,15.70,3500,
14:06:55,15.70,200,
14:06:55,15.70,100,
14:06:56,15.6942,600,
14:07:04,15.69,300,
14:07:07,15.69,200,
14:07:11,15.70,100,
14:07:29,15.6901,100,
14:07:38,15.69,250,
14:07:42,15.70,200,
14:07:42,15.70,400,
14:07:42,15.70,3000,
14:07:42,15.70,500,
14:07:42,15.70,1100,
14:07:51,15.7035,6000,
14:07:57,15.71,1100,
14:07:57,15.71,1700,
14:07:57,15.71,200,
14:08:12,15.711,100,
14:08:12,15.71,150,
14:08:14,15.72,100,
14:08:23,15.7195,1000,
14:08:30,15.71,1004,
14:08:48,15.7033,1000,
14:08:58,15.70,600,
14:09:04,15.70,200,
14:09:04,15.70,2200,
14:09:04,15.70,200,
14:09:04,15.70,200,
14:09:04,15.70,646,
14:09:04,15.70,2000,
14:09:04,15.70,850,
14:09:04,15.70,600,
14:09:04,15.68,600,
14:09:04,15.70,1400,
14:09:04,15.69,1000,
14:09:04,15.69,200,
14:09:04,15.68,150,
14:09:04,15.68,100,
14:09:04,15.68,200,
14:09:04,15.68,200,
14:09:04,15.68,200,
14:09:04,15.68,756,
14:09:04,15.68,344,
14:09:04,15.68,200,
14:09:04,15.70,600,
14:09:04,15.68,200,
14:09:04,15.68,200,
14:09:04,15.68,800,
14:09:08,15.68,2400,
14:09:11,15.68,1400,
14:09:11,15.68,200,
14:09:14,15.68,400,
14:09:34,15.6911,500,
14:09:44,15.68,500,
14:09:58,15.688,700,
14:09:58,15.681,100,
14:10:00,15.68,10000,
14:10:07,15.69,100,
14:10:08,15.70,900,
14:10:08,15.70,100,
14:10:08,15.70,400,
14:10:22,15.70,200,
14:10:39,15.6901,1000,
14:10:40,15.69,200,
14:10:40,15.69,2000,
14:10:42,15.69,200,
14:10:43,15.6917,1000,
14:10:43,15.70,800,
14:10:43,15.6917,1000,
14:10:49,15.6958,1000,
14:11:25,15.70,500,
14:11:37,15.708,300,
14:11:55,15.71,100,
14:11:57,15.71,200,
14:11:57,15.71,100,
14:12:00,15.71,1200,
14:12:50,15.7095,300,
14:12:50,15.71,900,
14:13:04,15.71,600,
14:13:11,15.712,500,
14:13:23,15.719,1450,
14:13:34,15.71,100,
14:13:54,15.7142,500,
14:13:56,15.712,3300,
14:14:00,15.71,200,
14:14:45,15.702,500,
14:14:50,15.71,1100,
14:14:52,15.713,490,
14:15:33,15.72,100,
14:15:33,15.72,200,
14:15:34,15.721,1600,
14:15:55,15.722,500,
14:16:08,15.72,1000,
14:16:10,15.72,2100,
14:16:16,15.71,2800,
14:16:16,15.71,200,
14:16:16,15.72,200,
14:16:16,15.71,650,
14:16:16,15.71,1300,
14:16:16,15.71,300,
14:16:16,15.71,1000,
14:16:16,15.71,100,
14:16:31,15.71,1450,
14:16:31,15.71,800,
14:16:31,15.71,100,
14:16:31,15.71,2800,
14:16:40,15.7142,1200,
14:16:44,15.7101,100,
14:16:56,15.7101,900,
14:17:08,15.71,100,
14:17:24,15.71,200,
14:17:25,15.7101,200,
14:17:34,15.709,140,
14:17:53,15.70,1500,
14:18:24,15.7099,1200,
14:18:36,15.7007,200,
14:18:49,15.7099,800,
14:18:55,15.71,200,
14:18:56,15.708,3000,
14:19:19,15.71,200,
14:19:19,15.71,327,
14:19:19,15.71,2373,
14:19:37,15.71,1300,
14:19:38,15.71,1500,
14:19:48,15.71,142,
14:19:48,15.71,600,
14:19:58,15.718,300,
14:20:21,15.72,300,
14:20:21,15.72,100,
14:20:21,15.72,2000,
14:20:23,15.72,1000,
14:20:24,15.719,1200,
14:20:29,15.72,1100,
14:21:08,15.72,300,
14:21:08,15.72,200,
14:21:23,15.72,800,
14:21:38,15.73,275,
14:21:38,15.73,1600,
14:21:38,15.73,100,
14:21:38,15.73,800,
14:21:38,15.73,599,
14:21:38,15.73,200,
14:21:49,15.73,1300,
14:21:59,15.73,200,
14:22:06,15.73,500,
14:22:08,15.73,200,
14:22:25,15.73,29500,
14:22:32,15.7258,300,
14:22:50,15.73,200,
14:22:50,15.73,1588,
14:22:52,15.73,1400,
14:23:24,15.73,2400,
14:23:24,15.73,200,
14:23:24,15.7301,5000,
14:23:42,15.7308,2000,
14:24:00,15.73,100,
14:24:22,15.73,1834,
14:24:46,15.72,200,
14:24:46,15.72,400,
14:24:46,15.72,1100,
14:24:47,15.72,200,
14:24:49,15.72,200,
14:24:50,15.7142,500,
14:25:03,15.71,100,
14:25:06,15.7199,3000,
14:25:19,15.7178,1500,
14:25:25,15.7142,300,
14:25:34,15.7285,2800,
14:25:40,15.72,100,
14:25:43,15.71,250,
14:25:44,15.7125,400,
14:25:51,15.7142,500,
14:26:03,15.7108,500,
14:26:13,15.7105,200,
14:26:25,15.712,1000,
14:26:38,15.71,100,
14:26:38,15.71,100,
14:26:42,15.71,400,
14:26:42,15.71,1100,
14:26:43,15.7101,3200,
14:27:04,15.71,100,
14:27:08,15.7017,1000,
14:27:25,15.71,100,
14:27:25,15.71,400,
14:27:37,15.7101,500,
14:27:38,15.72,200,
14:27:40,15.72,1000,
14:27:41,15.7101,5000,
14:27:48,15.7101,1750,
14:27:54,15.72,100,
14:28:11,15.7101,500,
14:28:33,15.72,200,
14:29:04,15.7107,200,
14:29:08,15.71,200,
14:29:08,15.71,200,
14:29:14,15.71,1300,
14:29:14,15.71,2000,
14:29:24,15.712,3000,
14:29:46,15.712,2000,
14:29:52,15.719,500,
14:30:01,15.72,173,
14:30:03,15.72,1300,
14:30:07,15.72,600,
14:30:07,15.72,200,
14:30:07,15.72,100,
14:30:07,15.72,100,
14:30:07,15.72,100,
14:30:07,15.72,100,
14:30:17,15.72,100,
14:30:23,15.72,100,
14:30:25,15.73,600,
14:30:26,15.73,223,
14:30:26,15.73,200,
14:30:26,15.73,105,
14:30:33,15.73,900,
14:30:36,15.73,2000,
14:30:49,15.739,300,
14:30:53,15.74,100,
14:30:57,15.73,200,
14:30:57,15.73,200,
14:30:57,15.73,200,
14:31:11,15.728,500,
14:31:34,15.72,2000,
14:31:40,15.73,200,
14:32:11,15.7208,500,
14:32:23,15.72,200,
14:32:35,15.7217,700,
14:32:51,15.73,200,
14:33:11,15.73,300,
14:33:38,15.73,100,
14:33:52,15.73,100,
14:33:52,15.73,300,
14:33:53,15.73,1000,
14:34:07,15.73,200,
14:34:07,15.73,200,
14:34:26,15.7342,1000,
14:35:02,15.7395,775,
14:35:03,15.74,300,
14:35:22,15.75,100,
14:35:23,15.75,1000,
14:35:31,15.75,120,
14:35:34,15.7501,600,
14:35:38,15.76,100,
14:35:43,15.75,250,
14:35:47,15.7599,1000,
14:35:48,15.76,100,
14:35:50,15.7699,2000,
14:35:56,15.77,400,
14:35:58,15.77,500,
14:35:58,15.76,200,
14:36:00,15.77,1212,
14:36:00,15.77,200,
14:36:04,15.7783,1000,
14:36:10,15.7758,200,
14:36:17,15.778,1000,
14:36:29,15.78,200,
14:36:29,15.7801,300,
14:36:29,15.78,100,
14:36:29,15.7808,1000,
14:36:29,15.78,100,
14:36:40,15.78,100,
14:36:40,15.78,200,
14:36:41,15.772,1000,
14:36:41,15.78,790,
14:36:45,15.78,1250,
14:36:45,15.78,2200,
14:36:52,15.77,3000,
14:36:53,15.78,200,
14:36:53,15.79,1112,
14:36:53,15.79,200,
14:36:55,15.788,275,
14:36:56,15.789,100,
14:36:59,15.79,200,
14:37:00,15.7958,500,
14:37:00,15.79,2200,
14:37:03,15.79,1500,
14:37:03,15.80,500,
14:37:10,15.7995,1600,
14:37:14,15.80,410,
14:37:14,15.7999,410,
14:37:16,15.80,100,
14:37:19,15.80,1600,
14:37:19,15.80,100,
14:37:20,15.7915,6000,
14:37:33,15.7908,5000,
14:37:38,15.80,300,
14:37:40,15.79,200,
14:37:40,15.79,600,
14:37:40,15.79,865,
14:37:40,15.79,500,
14:37:42,15.78,1500,
14:37:42,15.7842,400,
14:37:46,15.79,100,
14:37:47,15.78,175,
14:37:50,15.788,800,
14:37:59,15.79,200,
14:38:07,15.79,1400,
14:38:14,15.7983,800,
14:38:26,15.7999,100,
14:38:33,15.7901,600,
14:38:33,15.79,900,
14:38:33,15.79,100,
14:38:33,15.79,1300,
14:38:36,15.787,200,
14:38:50,15.79,287,
14:38:50,15.79,100,
14:38:51,15.79,100,
14:38:51,15.79,100,
14:38:53,15.79,100,
14:38:54,15.80,200,
14:38:57,15.80,1500,
14:39:09,15.81,600,
14:39:09,15.81,1788,
14:39:09,15.81,500,
14:39:10,15.82,194,
14:39:10,15.8258,1500,
14:39:14,15.83,376,
14:39:14,15.83,200,
14:39:15,15.8299,200,
14:39:15,15.83,1500,
14:39:15,15.82,100,
14:39:16,15.82,100,
14:39:16,15.82,1500,
14:39:18,15.82,3700,
14:39:18,15.82,100,
14:39:18,15.82,100,
14:39:18,15.82,200,
14:39:18,15.82,3429,
14:39:18,15.82,4000,
14:39:18,15.82,400,
14:39:18,15.82,500,
14:39:18,15.82,200,
14:39:19,15.82,100,
14:39:19,15.82,400,
14:39:19,15.82,600,
14:39:20,15.82,1182,
14:39:20,15.82,3700,
14:39:20,15.82,200,
14:39:24,15.83,200,
14:39:25,15.83,200,
14:39:25,15.83,800,
14:39:27,15.83,400,
14:39:31,15.83,700,
14:39:34,15.83,200,
14:39:36,15.83,1400,
14:39:41,15.8301,200,
14:39:41,15.8301,300,
14:39:54,15.84,400,
14:39:55,15.84,400,
14:40:02,15.84,100,
14:40:06,15.85,3100,
14:40:07,15.84,2200,
14:40:07,15.84,1800,
14:40:09,15.8495,1400,
14:40:17,15.848,2470,
14:40:21,15.85,200,
14:40:23,15.85,100,
14:40:24,15.84,200,
14:40:28,15.83,200,
14:40:29,15.82,800,
14:40:30,15.83,100,
14:40:39,15.8317,1000,
14:40:39,15.83,400,
14:40:39,15.8362,1900,
14:40:43,15.838,500,
14:40:49,15.8301,4500,
14:40:54,15.84,200,
14:40:54,15.84,300,
14:40:55,15.849,100,
14:40:56,15.85,200,
14:41:03,15.85,700,
14:41:10,15.85,200,
14:41:18,15.85,900,
14:41:18,15.85,200,
14:41:23,15.8401,1000,
14:41:31,15.85,800,
14:41:35,15.85,200,
14:41:35,15.85,300,
14:41:35,15.85,111,
14:41:35,15.85,200,
14:41:35,15.85,200,
14:41:35,15.85,200,
14:41:35,15.85,300,
14:41:37,15.85,2000,
14:41:43,15.85,200,
14:41:47,15.85,200,
14:41:47,15.85,100,
14:41:48,15.85,200,
14:41:57,15.8583,600,
14:41:58,15.85,100,
14:41:58,15.85,2500,
14:41:58,15.85,200,
14:41:58,15.84,200,
14:41:58,15.84,800,
14:41:58,15.84,1500,
14:42:00,15.84,200,
14:42:01,15.85,100,
14:42:10,15.844,300,
14:42:12,15.84,2625,
14:42:12,15.84,100,
14:42:12,15.84,200,
14:42:16,15.85,100,
14:42:17,15.8542,300,
14:42:17,15.85,1700,
14:42:20,15.8599,900,
14:42:23,15.86,315,
14:42:23,15.86,295,
14:42:23,15.86,475,
14:42:23,15.85,475,
14:42:23,15.86,100,
14:42:23,15.85,400,
14:42:23,15.85,100,
14:42:23,15.85,100,
14:42:23,15.85,200,
14:42:23,15.85,200,
14:42:23,15.85,100,
14:42:23,15.85,100,
14:42:23,15.85,100,
14:42:23,15.85,475,
14:42:23,15.86,177,
14:42:23,15.86,200,
14:42:27,15.86,500,
14:42:28,15.849,700,
14:42:28,15.849,2500,
14:42:31,15.8401,1000,
14:42:32,15.85,200,
14:42:38,15.8442,100,
14:42:51,15.84,200,
14:42:51,15.84,100,
14:43:02,15.8499,300,
14:43:04,15.84,1300,
14:43:08,15.83,100,
14:43:08,15.83,200,
14:43:15,15.83,100,
14:43:15,15.82,500,
14:43:15,15.82,100,
14:43:18,15.82,200,
14:43:18,15.81,200,
14:43:19,15.812,4000,
14:43:21,15.8299,1500,
14:43:27,15.8201,1130,
14:43:27,15.82,730,
14:43:32,15.82,200,
14:43:32,15.82,200,
14:43:47,15.8145,1500,
14:43:54,15.8017,500,
14:43:56,15.80,350,
14:43:56,15.80,100,
14:44:02,15.8005,1200,
14:44:06,15.80,600,
14:44:06,15.80,100,
14:44:06,15.80,200,
14:44:06,15.79,1900,
14:44:07,15.79,2000,
14:44:10,15.801,400,
14:44:11,15.81,300,
14:44:16,15.81,10000,
14:44:20,15.81,300,
14:44:20,15.81,200,
14:44:21,15.81,2200,
14:44:21,15.81,200,
14:44:29,15.80,200,
14:44:29,15.80,300,
14:44:33,15.80,200,
14:44:42,15.7901,200,
14:44:42,15.79,100,
14:44:42,15.79,200,
14:44:51,15.793,450,
14:44:52,15.7901,100,
14:44:52,15.7901,100,
14:44:52,15.7901,200,
14:44:54,15.79,200,
14:44:56,15.78,1000,
14:45:06,15.7829,1500,
14:45:19,15.79,105,
14:45:19,15.79,312,
14:45:28,15.781,3000,
14:45:44,15.798,200,
14:45:52,15.80,200,
14:45:59,15.80,200,
14:46:03,15.7999,200,
14:46:07,15.79,300,
14:46:07,15.79,1000,
14:46:07,15.79,200,
14:46:07,15.79,1000,
14:46:49,15.80,1100,
14:46:56,15.80,100,
14:46:56,15.80,1400,
14:46:56,15.80,139,
14:46:56,15.7901,100,
14:46:58,15.80,200,
14:47:10,15.8083,202,
14:47:12,15.81,200,
14:47:23,15.82,5000,
14:47:34,15.8299,4000,
14:47:39,15.83,200,
14:47:49,15.83,200,
14:47:53,15.8285,6000,
14:48:01,15.82,200,
14:48:01,15.82,200,
14:48:01,15.82,2900,
14:48:05,15.82,200,
14:48:08,15.82,200,
14:48:14,15.83,25000,
14:48:17,15.8299,3000,
14:48:21,15.82,3100,
14:48:21,15.82,1100,
14:48:21,15.82,3100,
14:48:22,15.83,154,
14:48:22,15.83,900,
14:48:23,15.83,900,
14:48:23,15.83,700,
14:48:25,15.8317,800,
14:48:36,15.8342,340,
14:48:40,15.832,1000,
14:48:40,15.8313,2000,
14:48:47,15.84,164,
14:48:47,15.84,2964,
14:49:01,15.8397,1000,
14:49:02,15.83,100,
14:49:02,15.8317,600,
14:49:04,15.83,1000,
14:49:08,15.83,200,
14:49:08,15.84,100,
14:49:08,15.84,7300,
14:49:08,15.84,3000,
14:49:08,15.84,200,
14:49:08,15.84,2800,
14:49:08,15.84,100,
14:49:08,15.84,100,
14:49:08,15.84,100,
14:49:09,15.83,400,
14:49:09,15.83,223,
14:49:10,15.84,600,
14:49:14,15.833,200,
14:49:22,15.82,2400,
14:49:31,15.81,1525,
14:49:31,15.81,100,
14:49:31,15.81,223,
14:49:34,15.81,109,
14:49:37,15.81,2500,
14:49:43,15.811,1500,
14:49:44,15.81,100,
14:49:44,15.81,600,
14:49:45,15.82,900,
14:49:47,15.82,500,
14:49:47,15.8101,1000,
14:49:48,15.82,125,
14:49:55,15.82,800,
14:49:55,15.82,200,
14:49:56,15.82,1500,
14:50:00,15.811,2500,
14:50:03,15.82,700,
14:50:03,15.82,200,
14:50:20,15.8199,600,
14:50:36,15.82,200,
14:50:39,15.82,200,
14:50:41,15.812,3100,
14:50:41,15.811,1500,
14:50:41,15.812,4000,
14:50:44,15.81,25200,
14:50:50,15.82,1499,
14:50:50,15.82,2300,
14:50:50,15.82,600,
14:50:51,15.82,100,
14:50:51,15.82,800,
14:50:52,15.82,100,
14:50:52,15.82,800,
14:50:52,15.82,2900,
14:51:16,15.82,200,
14:51:16,15.82,200,
14:51:16,15.82,300,
14:51:17,15.822,500,
14:51:25,15.81,100,
14:51:25,15.8101,155,
14:51:25,15.81,155,
14:51:27,15.81,333,
14:51:27,15.81,333,
14:51:27,15.81,334,
14:51:29,15.82,200,
14:51:31,15.82,334,
14:51:31,15.82,1125,
14:51:32,15.8199,400,
14:51:35,15.821,120,
14:51:35,15.82,200,
14:51:50,15.8101,100,
14:51:58,15.82,200,
14:52:01,15.82,1200,
14:52:08,15.82,1658,
14:52:08,15.82,142,
14:52:08,15.82,300,
14:52:09,15.8205,450,
14:52:18,15.82,100,
14:52:24,15.821,1200,
14:52:30,15.82,200,
14:52:36,15.8125,2500,
14:52:42,15.81,200,
14:52:51,15.81,200,
14:52:51,15.81,200,
14:52:54,15.81,2000,
14:52:54,15.81,200,
14:53:03,15.8007,300,
14:53:05,15.81,200,
14:53:12,15.82,1200,
14:53:12,15.819,1025,
14:53:15,15.8101,3000,
14:53:17,15.81,100,
14:53:17,15.81,2000,
14:53:17,15.81,2300,
14:53:17,15.81,1500,
14:53:17,15.81,3000,
14:53:17,15.81,200,
14:53:17,15.81,4000,
14:53:18,15.812,4000,
14:53:18,15.811,1500,
14:53:19,15.805,1000,
14:53:19,15.805,200,
14:53:19,15.805,200,
14:53:19,15.805,200,
14:53:19,15.805,200,
14:53:19,15.805,200,
14:53:20,15.805,200,
14:53:20,15.805,200,
14:53:20,15.805,200,
14:53:20,15.805,200,
14:53:20,15.81,200,
14:53:20,15.805,200,
14:53:20,15.805,500,
14:53:20,15.805,200,
14:53:20,15.805,100,
14:53:20,15.805,200,
14:53:20,15.805,200,
14:53:20,15.805,100,
14:53:20,15.81,200,
14:53:24,15.81,400,
14:53:24,15.80,3500,
14:53:24,15.8001,900,
14:53:24,15.8001,1000,
14:53:25,15.81,400,
14:53:26,15.805,300,
14:53:26,15.805,100,
14:53:26,15.805,100,
14:53:26,15.805,100,
14:53:26,15.805,100,
14:53:26,15.805,100,
14:53:26,15.805,700,
14:53:26,15.805,100,
14:53:26,15.801,1500,
14:53:27,15.805,1000,
14:53:27,15.805,100,
14:53:27,15.805,1000,
14:53:27,15.805,100,
14:53:28,15.81,1400,
14:53:28,15.81,400,
14:53:28,15.81,100,
14:53:28,15.81,200,
14:53:28,15.81,500,
14:53:28,15.805,200,
14:53:28,15.81,100,
14:53:28,15.81,1000,
14:53:28,15.805,100,
14:53:28,15.81,3000,
14:53:28,15.805,100,
14:53:29,15.805,300,
14:53:29,15.805,100,
14:53:29,15.813,239,
14:53:32,15.803,238,
14:53:33,15.80,3100,
14:53:33,15.80,1900,
14:53:33,15.80,1500,
14:53:53,15.803,270,
14:54:03,15.801,3400,
14:54:24,15.81,103,
14:54:25,15.81,1800,
14:54:27,15.81,900,
14:54:27,15.81,200,
14:54:27,15.81,4214,
14:54:27,15.81,1100,
14:55:01,15.81,15000,
14:55:08,15.82,200,
14:55:08,15.82,2000,
14:55:08,15.82,1000,
14:55:08,15.82,199,
14:55:08,15.82,300,
14:55:08,15.82,2100,
14:55:14,15.82,2200,
14:55:14,15.82,200,
14:55:18,15.83,300,
14:55:18,15.82,1000,
14:55:18,15.83,2100,
14:55:18,15.83,200,
14:55:26,15.82,100,
14:55:37,15.84,300,
14:55:47,15.84,900,
14:56:05,15.83,200,
14:56:08,15.8301,150,
14:56:11,15.8358,400,
14:56:22,15.83,200,
14:56:22,15.83,3000,
14:56:26,15.83,100,
14:56:31,15.8201,150,
14:56:34,15.82,200,
14:56:35,15.82,200,
14:56:47,15.82,500,
14:56:48,15.83,200,
14:56:58,15.83,400,
14:56:59,15.82,700,
14:57:03,15.83,1000,
14:57:19,15.8258,400,
14:57:32,15.83,1000,
14:57:40,15.8308,1000,
14:57:42,15.83,1000,
14:57:42,15.82,2800,
14:57:58,15.822,4000,
14:57:58,15.822,3100,
14:57:58,15.822,3100,
14:58:04,15.825,500,
14:58:05,15.8201,7800,
14:58:06,15.83,2500,
14:58:08,15.83,300,
14:58:08,15.83,200,
14:58:08,15.83,3875,
14:58:39,15.83,900,
14:58:39,15.83,100,
14:58:39,15.83,400,
14:58:40,15.83,100,
14:58:41,15.83,100,
14:58:41,15.83,400,
14:58:45,15.83,10000,
14:58:56,15.82,200,
14:58:58,15.82,225,
14:58:58,15.82,1500,
14:58:58,15.82,838,
14:58:58,15.82,200,
14:59:12,15.82,900,
14:59:14,15.83,100,
14:59:18,15.82,200,
14:59:18,15.82,200,
14:59:21,15.8142,1580,
14:59:27,15.812,1000,
14:59:30,15.81,3000,
14:59:31,15.81,100,
14:59:31,15.81,3000,
14:59:33,15.80,20700,
14:59:36,15.81,100,
14:59:36,15.81,600,
14:59:36,15.81,100,
14:59:36,15.81,800,
14:59:38,15.81,200,
14:59:45,15.81,200,
14:59:45,15.81,200,
14:59:48,15.801,800,
14:59:57,15.8058,1700,
15:00:01,15.8041,650,
15:00:01,15.80,250,
15:00:01,15.80,900,
15:00:01,15.80,125,
15:00:01,15.7901,100,
15:00:01,15.80,600,
15:00:02,15.80,1500,
15:00:02,15.80,200,
15:00:02,15.80,200,
15:00:02,15.80,600,
15:00:04,15.80,200,
15:00:04,15.80,15700,
15:00:04,15.80,200,
15:00:07,15.791,800,
15:00:07,15.7915,4500,
15:00:11,15.80,300,
15:00:12,15.80,400,
15:00:12,15.80,200,
15:00:15,15.80,100,
15:00:15,15.80,500,
15:00:19,15.8001,2000,
15:00:27,15.801,1000,
15:00:30,15.80,800,
15:00:30,15.80,1200,
15:00:33,15.80,200,
15:00:52,15.8038,212,
15:01:07,15.801,290,
15:01:14,15.81,900,
15:01:14,15.81,1100,
15:01:17,15.81,180,
15:01:27,15.8195,1000,
15:01:50,15.8101,1300,
15:01:52,15.81,100,
15:01:55,15.812,500,
15:01:56,15.81,200,
15:01:56,15.81,350,
15:01:56,15.80,300,
15:01:56,15.80,100,
15:02:01,15.802,252,
15:02:17,15.8025,1700,
15:02:28,15.80,200,
15:02:52,15.791,100,
15:02:53,15.80,1700,
15:02:53,15.80,200,
15:02:53,15.80,200,
15:02:54,15.791,200,
