09:30:00,17.55,800,
09:30:22,17.531,400,
09:30:29,17.531,100,
09:30:31,17.53,400,
09:30:33,17.55,510,
09:30:34,17.546,1000,
09:30:34,17.54,100,
09:30:37,17.54,100,
09:30:37,17.54,300,
09:30:38,17.5489,299,
09:30:39,17.5399,5000,
09:30:42,17.5488,2000,
09:30:42,17.54,575,
09:30:43,17.55,600,
09:30:50,17.551,200,
09:30:50,17.5599,750,
09:30:55,17.5501,500,
09:30:55,17.557,200,
09:30:55,17.55,200,
09:30:55,17.5575,2500,
09:30:57,17.56,100,
09:31:04,17.55,400,
09:31:04,17.5485,6000,
09:31:07,17.551,1000,
09:31:10,17.559,700,
09:31:10,17.5575,1800,
09:31:12,17.54,100,
09:31:12,17.5399,1000,
09:31:14,17.5299,400,
09:31:15,17.5299,500,
09:31:21,17.53,600,
09:31:23,17.5343,1000,
09:31:25,17.5399,900,
09:31:34,17.53,200,
09:31:34,17.52,2240,
09:31:36,17.5299,1000,
09:31:40,17.5201,500,
09:31:42,17.53,400,
09:31:42,17.53,500,
09:31:42,17.53,300,
09:31:42,17.53,100,
09:31:46,17.5384,1315,
09:32:07,17.53,1100,
09:32:07,17.53,600,
09:32:07,17.53,100,
09:32:07,17.52,100,
09:32:08,17.52,500,
09:32:08,17.52,100,
09:32:08,17.52,1800,
09:32:09,17.51,340,
09:32:10,17.5105,500,
09:32:10,17.5101,140,
09:32:10,17.5101,2860,
09:32:10,17.51,500,
09:32:16,17.52,100,
09:32:17,17.52,100,
09:32:17,17.53,100,
09:32:17,17.53,100,
09:32:21,17.52,200,
09:32:27,17.52,600,
09:32:27,17.52,600,
09:32:39,17.53,500,
09:32:39,17.54,400,
09:32:42,17.5401,100,
09:32:42,17.5401,100,
09:32:43,17.541,1000,
09:32:46,17.548,700,
09:32:54,17.5405,1000,
09:32:58,17.5499,100,
09:32:58,17.5475,2500,
09:33:02,17.56,200,
09:33:03,17.58,100,
09:33:03,17.57,200,
09:33:11,17.56,100,
09:33:17,17.55,600,
09:33:17,17.55,4100,
09:33:22,17.528,500,
09:33:37,17.58,1000,
09:33:38,17.5775,2000,
09:33:43,17.592,300,
09:33:43,17.60,100,
09:33:45,17.59,400,
09:33:46,17.583,500,
09:33:48,17.60,200,
09:33:51,17.59,100,
09:33:51,17.59,580,
09:33:52,17.5987,500,
09:33:54,17.5987,1950,
09:33:56,17.5801,250,
09:34:02,17.5987,1000,
09:34:02,17.59,100,
09:34:02,17.59,100,
09:34:02,17.58,700,
09:34:02,17.58,300,
09:34:10,17.60,5000,
09:34:16,17.5875,3500,
09:34:23,17.569,2000,
09:34:24,17.55,1500,
09:34:34,17.548,400,
09:34:44,17.549,1000,
09:34:45,17.55,200,
09:34:45,17.55,100,
09:34:50,17.537,300,
09:34:56,17.54,600,
09:34:56,17.538,500,
09:35:04,17.52,200,
09:35:07,17.5213,1000,
09:35:10,17.5331,200,
09:35:10,17.5369,700,
09:35:11,17.54,500,
09:35:11,17.54,300,
09:35:11,17.54,500,
09:35:13,17.5487,200,
09:35:16,17.549,100,
09:35:18,17.5487,500,
09:35:21,17.5465,1971,
09:35:27,17.549,100,
09:35:29,17.549,200,
09:35:29,17.548,300,
09:35:32,17.54,100,
09:35:32,17.53,400,
09:35:32,17.52,300,
09:35:32,17.52,300,
09:35:34,17.52,900,
09:35:36,17.51,400,
09:35:37,17.52,300,
09:35:38,17.52,300,
09:35:38,17.52,600,
09:35:52,17.528,300,
09:35:53,17.51,208,
09:35:56,17.52,200,
09:35:56,17.52,600,
09:35:57,17.52,600,
09:35:59,17.52,600,
09:35:59,17.5199,3600,
09:36:00,17.52,300,
09:36:00,17.52,600,
09:36:00,17.52,400,
09:36:17,17.52,200,
09:36:17,17.51,100,
09:36:17,17.5114,1850,
09:36:19,17.52,100,
09:36:19,17.52,300,
09:36:19,17.52,100,
09:36:21,17.529,2600,
09:36:21,17.529,2600,
09:36:23,17.529,300,
09:36:31,17.5262,1000,
09:36:33,17.53,1800,
09:36:34,17.5299,3000,
09:36:34,17.5299,100,
09:36:34,17.53,400,
09:36:50,17.52,100,
09:36:50,17.52,200,
09:36:54,17.52,100,
09:36:56,17.52,100,
09:36:56,17.511,300,
09:36:59,17.511,150,
09:36:59,17.5101,2000,
09:37:01,17.5111,600,
09:37:03,17.519,300,
09:37:03,17.519,2500,
09:37:13,17.5199,1600,
09:37:13,17.52,1700,
09:37:13,17.5199,1700,
09:37:15,17.5189,500,
09:37:19,17.511,1000,
09:37:23,17.51,200,
09:37:23,17.51,500,
09:37:23,17.51,100,
09:37:33,17.51,500,
09:37:33,17.49,100,
09:37:33,17.4901,100,
09:37:33,17.4901,100,
09:37:33,17.49,100,
09:37:38,17.481,1000,
09:37:38,17.491,1900,
09:37:39,17.48,600,
09:37:39,17.48,3000,
09:37:40,17.48,2300,
09:37:40,17.48,500,
09:37:43,17.463,400,
09:37:44,17.471,200,
09:37:44,17.471,300,
09:37:47,17.4601,250,
09:37:49,17.47,400,
09:37:49,17.47,400,
09:37:49,17.47,400,
09:37:49,17.47,400,
09:37:53,17.46,400,
09:37:53,17.45,1240,
09:37:56,17.4625,2500,
09:38:03,17.46,100,
09:38:03,17.46,860,
09:38:03,17.46,500,
09:38:03,17.46,200,
09:38:04,17.45,1400,
09:38:05,17.4675,2500,
09:38:08,17.46,400,
09:38:08,17.46,100,
09:38:08,17.46,560,
09:38:08,17.46,100,
09:38:08,17.46,200,
09:38:08,17.48,1500,
09:38:08,17.48,1500,
09:38:08,17.49,800,
09:38:08,17.50,800,
09:38:08,17.47,3000,
09:38:08,17.47,300,
09:38:08,17.47,600,
09:38:08,17.48,1660,
09:38:08,17.48,300,
09:38:08,17.48,2000,
09:38:08,17.48,800,
09:38:08,17.47,500,
09:38:08,17.49,900,
09:38:08,17.49,144,
09:38:08,17.49,2000,
09:38:08,17.49,1600,
09:38:08,17.49,300,
09:38:08,17.49,800,
09:38:08,17.48,380,
09:38:08,17.50,900,
09:38:08,17.50,2000,
09:38:08,17.50,1600,
09:38:08,17.50,300,
09:38:08,17.50,800,
09:38:08,17.48,800,
09:38:08,17.51,100,
09:38:08,17.51,100,
09:38:08,17.51,2000,
09:38:08,17.51,300,
09:38:08,17.52,300,
09:38:08,17.52,300,
09:38:08,17.49,144,
09:38:08,17.51,600,
09:38:08,17.51,140,
09:38:08,17.53,500,
09:38:08,17.51,100,
09:38:08,17.51,1600,
09:38:08,17.51,900,
09:38:08,17.51,800,
09:38:08,17.51,160,
09:38:08,17.51,800,
09:38:08,17.46,200,
09:38:08,17.47,500,
09:38:08,17.52,100,
09:38:08,17.47,500,
09:38:08,17.53,100,
09:38:08,17.53,700,
09:38:08,17.50,5500,
09:38:08,17.54,200,
09:38:08,17.54,900,
09:38:08,17.54,600,
09:38:08,17.5317,300,
09:38:09,17.53,200,
09:38:09,17.535,500,
09:38:10,17.54,100,
09:38:10,17.54,100,
09:38:10,17.54,100,
09:38:11,17.54,100,
09:38:11,17.54,100,
09:38:11,17.533,290,
09:38:11,17.539,500,
09:38:11,17.5325,2500,
09:38:11,17.54,500,
09:38:12,17.53,700,
09:38:12,17.53,800,
09:38:12,17.53,3000,
09:38:12,17.53,300,
09:38:13,17.52,1500,
09:38:13,17.52,1000,
09:38:13,17.52,800,
09:38:13,17.52,1600,
09:38:13,17.52,800,
09:38:15,17.51,200,
09:38:15,17.51,100,
09:38:15,17.51,300,
09:38:15,17.51,500,
09:38:15,17.51,100,
09:38:15,17.51,100,
09:38:15,17.51,100,
09:38:15,17.51,200,
09:38:15,17.50,300,
09:38:16,17.50,1600,
09:38:16,17.50,200,
09:38:16,17.50,3700,
09:38:18,17.49,500,
09:38:19,17.481,100,
09:38:21,17.49,200,
09:38:29,17.491,1305,
09:38:31,17.49,500,
09:38:31,17.49,800,
09:38:31,17.49,400,
09:38:31,17.49,300,
09:38:31,17.49,400,
09:38:31,17.49,400,
09:38:31,17.48,200,
09:38:31,17.48,200,
09:38:31,17.48,200,
09:38:31,17.48,800,
09:38:31,17.48,800,
09:38:31,17.48,100,
09:38:35,17.50,200,
09:38:35,17.50,200,
09:38:37,17.51,100,
09:38:37,17.51,300,
09:38:38,17.51,100,
09:38:40,17.51,500,
09:38:40,17.50,100,
09:38:41,17.5085,6250,
09:38:42,17.50,400,
09:38:49,17.48,100,
09:38:56,17.4987,700,
09:38:57,17.49,300,
09:38:58,17.498,100,
09:38:59,17.49,600,
09:38:59,17.48,100,
09:38:59,17.48,100,
09:38:59,17.48,100,
09:38:59,17.48,100,
09:39:02,17.47,2800,
09:39:02,17.47,100,
09:39:02,17.47,100,
09:39:02,17.47,100,
09:39:02,17.47,300,
09:39:02,17.47,200,
09:39:02,17.45,900,
09:39:02,17.45,600,
09:39:03,17.4599,2000,
09:39:08,17.458,1000,
09:39:17,17.45,500,
09:39:37,17.46,400,
09:39:37,17.46,600,
09:39:37,17.46,400,
09:39:37,17.46,2400,
09:39:37,17.46,300,
09:39:37,17.46,300,
09:39:41,17.46,100,
09:39:41,17.46,100,
09:39:41,17.46,394,
09:39:41,17.46,100,
09:39:41,17.46,300,
09:39:41,17.46,863,
09:39:42,17.46,100,
09:39:42,17.46,200,
09:39:42,17.46,100,
09:39:42,17.46,100,
09:39:42,17.461,100,
09:39:43,17.4642,1000,
09:39:46,17.4695,1000,
09:39:47,17.47,100,
09:39:47,17.47,400,
09:39:47,17.47,800,
09:39:55,17.48,500,
09:39:55,17.49,185,
09:39:55,17.49,1300,
09:39:56,17.473,370,
09:39:57,17.49,500,
09:40:02,17.499,2687,
09:40:12,17.4801,2000,
09:40:14,17.498,1000,
09:40:19,17.498,1000,
09:40:23,17.49,200,
09:40:24,17.49,100,
09:40:26,17.498,9000,
09:40:29,17.47,700,
09:40:31,17.46,300,
09:40:36,17.44,200,
09:40:36,17.43,400,
09:40:36,17.42,300,
09:40:36,17.42,600,
09:40:36,17.42,100,
09:40:36,17.4199,200,
09:40:36,17.41,259,
09:40:38,17.42,200,
09:40:38,17.42,600,
09:40:38,17.42,400,
09:40:40,17.4101,600,
09:40:41,17.4115,6250,
09:40:42,17.41,300,
09:40:42,17.41,4000,
09:40:42,17.41,100,
09:40:42,17.41,600,
09:40:42,17.40,100,
09:40:42,17.40,300,
09:40:42,17.41,100,
09:40:42,17.40,500,
09:40:42,17.40,100,
09:40:42,17.4001,100,
09:40:43,17.4001,3000,
09:40:44,17.40,790,
09:40:44,17.40,150,
09:40:44,17.403,300,
09:40:46,17.39,1000,
09:40:47,17.40,510,
09:40:47,17.39,200,
09:40:47,17.391,200,
09:40:50,17.382,1000,
09:40:54,17.40,600,
09:40:56,17.39,600,
09:41:02,17.3887,1500,
09:41:05,17.38,100,
09:41:08,17.389,2000,
09:41:12,17.3901,400,
09:41:20,17.392,750,
09:41:23,17.393,200,
09:41:27,17.3905,400,
09:41:32,17.391,180,
09:41:35,17.398,500,
09:41:37,17.39,400,
09:41:37,17.39,100,
09:41:37,17.39,300,
09:41:37,17.39,500,
09:41:37,17.39,200,
09:41:37,17.39,500,
09:41:39,17.37,100,
09:41:39,17.37,200,
09:41:44,17.3699,250,
09:41:44,17.361,100,
09:41:45,17.361,100,
09:41:45,17.3685,1800,
09:41:46,17.34,600,
09:41:46,17.35,100,
09:41:47,17.35,300,
09:41:47,17.351,5000,
09:41:47,17.361,900,
09:41:47,17.34,1000,
09:41:47,17.351,300,
09:41:47,17.34,2000,
09:41:49,17.35,400,
09:41:53,17.335,300,
09:41:54,17.32,2000,
09:41:54,17.33,584,
09:41:54,17.33,1100,
09:41:54,17.35,100,
09:41:54,17.35,600,
09:41:55,17.33,300,
09:42:00,17.32,600,
09:42:01,17.33,100,
09:42:04,17.33,3500,
09:42:04,17.33,500,
09:42:04,17.311,400,
09:42:05,17.32,100,
09:42:08,17.319,2000,
09:42:14,17.329,3500,
09:42:17,17.34,15000,
09:42:17,17.332,800,
09:42:17,17.331,300,
09:42:20,17.339,100,
09:42:20,17.331,1700,
09:42:20,17.34,100,
09:42:20,17.34,100,
09:42:20,17.3325,800,
09:42:22,17.3411,1000,
09:42:24,17.3462,510,
09:42:32,17.3489,400,
09:42:35,17.3499,4000,
09:42:38,17.34,100,
09:42:40,17.34,600,
09:42:40,17.34,500,
09:42:42,17.3301,7900,
09:42:44,17.34,100,
09:42:46,17.339,300,
09:42:47,17.33,1000,
09:42:54,17.335,200,
09:42:56,17.339,1700,
09:42:57,17.34,100,
09:42:57,17.34,100,
09:43:00,17.3507,200,
09:43:02,17.3512,1000,
09:43:06,17.37,400,
09:43:06,17.37,100,
09:43:06,17.37,400,
09:43:06,17.369,200,
09:43:06,17.37,1200,
09:43:07,17.37,700,
09:43:07,17.37,500,
09:43:11,17.389,400,
09:43:12,17.381,400,
09:43:14,17.39,200,
09:43:18,17.3839,400,
09:43:19,17.382,1200,
09:43:20,17.3786,7000,
09:43:23,17.3887,1000,
09:43:24,17.388,500,
09:43:25,17.38,200,
09:43:25,17.3825,2000,
09:43:29,17.3899,1000,
09:43:30,17.389,200,
09:43:30,17.39,600,
09:43:32,17.39,100,
09:43:32,17.381,1000,
09:43:40,17.3703,400,
09:43:44,17.36,580,
09:43:49,17.366,600,
09:43:50,17.37,600,
09:43:50,17.37,200,
09:43:50,17.37,300,
09:44:00,17.3799,1000,
09:44:07,17.39,100,
09:44:13,17.3979,100,
09:44:15,17.399,640,
09:44:17,17.399,700,
09:44:17,17.40,700,
09:44:19,17.419,140,
09:44:19,17.41,10000,
09:44:20,17.40,500,
09:44:20,17.4002,500,
09:44:20,17.40,400,
09:44:23,17.4099,5000,
09:44:23,17.40,200,
09:44:30,17.4015,6000,
09:44:31,17.4095,1000,
09:44:32,17.409,100,
09:44:33,17.408,600,
09:44:44,17.405,1000,
09:45:00,17.39,100,
09:45:00,17.39,900,
09:45:00,17.38,200,
09:45:01,17.38,600,
09:45:02,17.382,1000,
09:45:03,17.37,600,
09:45:05,17.359,600,
09:45:15,17.35,350,
09:45:15,17.359,300,
09:45:18,17.369,1000,
09:45:18,17.348,300,
09:45:24,17.3599,1000,
09:45:26,17.35,670,
09:45:33,17.35,500,
09:45:33,17.35,300,
09:45:36,17.37,600,
09:45:38,17.379,600,
09:45:38,17.379,600,
09:45:42,17.379,300,
09:45:42,17.379,300,
09:45:44,17.3775,2700,
09:45:50,17.3714,3400,
09:45:51,17.379,5300,
09:46:00,17.37,300,
09:46:16,17.39,400,
09:46:19,17.40,500,
09:46:24,17.405,1400,
09:46:25,17.40,200,
09:46:25,17.4001,300,
09:46:25,17.40,1400,
09:46:26,17.40,200,
09:46:26,17.40,200,
09:46:27,17.4099,3000,
09:46:31,17.409,300,
09:46:34,17.409,100,
09:46:34,17.409,170,
09:46:34,17.41,900,
09:46:34,17.41,400,
09:46:34,17.41,400,
09:46:36,17.409,1000,
09:46:42,17.4087,1300,
09:46:44,17.40,100,
09:46:44,17.3999,200,
09:46:44,17.3909,100,
09:46:50,17.39,700,
09:46:50,17.39,1000,
09:46:50,17.39,600,
09:46:51,17.389,100,
09:46:51,17.389,100,
09:46:51,17.389,600,
09:47:04,17.3805,300,
09:47:12,17.3995,700,
09:47:12,17.40,400,
09:47:12,17.40,500,
09:47:12,17.40,500,
09:47:12,17.40,600,
09:47:12,17.40,600,
09:47:12,17.40,200,
09:47:15,17.399,225,
09:47:17,17.40,200,
09:47:18,17.409,100,
09:47:19,17.41,400,
09:47:19,17.43,100,
09:47:19,17.43,200,
09:47:19,17.43,400,
09:47:19,17.43,100,
09:47:19,17.43,1500,
09:47:20,17.429,100,
09:47:20,17.42,1000,
09:47:20,17.42,200,
09:47:25,17.42,100,
09:47:25,17.42,300,
09:47:25,17.42,200,
09:47:25,17.4099,100,
09:47:25,17.41,200,
09:47:25,17.41,600,
09:47:27,17.42,200,
09:47:27,17.42,1000,
09:47:27,17.42,100,
09:47:28,17.4111,500,
09:47:32,17.42,100,
09:47:45,17.428,200,
09:47:45,17.429,200,
09:47:50,17.42,600,
09:47:50,17.41,100,
09:47:52,17.402,500,
09:47:54,17.42,2000,
09:47:56,17.40,100,
09:47:59,17.3985,2000,
09:48:07,17.38,100,
09:48:13,17.38,2900,
09:48:13,17.38,600,
09:48:13,17.38,600,
09:48:13,17.39,100,
09:48:14,17.39,100,
09:48:14,17.39,300,
09:48:14,17.39,300,
09:48:14,17.39,100,
09:48:14,17.39,200,
09:48:14,17.39,100,
09:48:23,17.4013,3000,
09:48:24,17.41,2000,
09:48:26,17.409,500,
09:48:29,17.402,1000,
09:48:30,17.40,1000,
09:48:30,17.40,500,
09:48:33,17.40,600,
09:48:33,17.40,200,
09:48:33,17.39,100,
09:48:33,17.39,200,
09:48:35,17.40,600,
09:48:35,17.40,100,
09:48:35,17.399,400,
09:48:40,17.40,100,
09:48:44,17.409,300,
09:48:45,17.409,100,
09:48:54,17.4005,450,
09:49:03,17.409,100,
09:49:07,17.41,100,
09:49:09,17.409,200,
09:49:09,17.42,200,
09:49:09,17.42,100,
09:49:09,17.42,100,
09:49:09,17.42,100,
09:49:09,17.42,100,
09:49:10,17.42,100,
09:49:10,17.42,100,
09:49:10,17.42,100,
09:49:10,17.42,600,
09:49:11,17.429,300,
09:49:11,17.429,200,
09:49:18,17.4199,500,
09:49:42,17.42,600,
09:49:42,17.42,200,
09:49:42,17.43,5620,
09:49:48,17.4195,300,
09:49:52,17.42,400,
09:49:52,17.44,600,
09:49:56,17.439,100,
09:49:56,17.439,100,
09:49:57,17.44,5000,
09:50:08,17.43,100,
09:50:09,17.421,600,
09:50:10,17.428,1000,
09:50:26,17.4295,500,
09:50:29,17.43,300,
09:50:33,17.44,500,
09:50:38,17.439,200,
09:50:38,17.44,200,
09:50:55,17.4197,1984,
09:50:57,17.42,200,
09:51:00,17.4366,400,
09:51:06,17.43,100,
09:51:15,17.4401,1000,
09:51:16,17.439,200,
09:51:16,17.439,300,
09:51:27,17.422,1000,
09:51:31,17.44,200,
09:51:32,17.439,300,
09:51:42,17.431,500,
09:51:43,17.428,100,
09:52:06,17.4103,600,
09:52:07,17.4101,100,
09:52:07,17.41,200,
09:52:08,17.40,200,
09:52:08,17.40,257,
09:52:08,17.4001,100,
09:52:08,17.40,257,
09:52:08,17.4001,257,
09:52:08,17.40,200,
09:52:08,17.4001,200,
09:52:08,17.4001,225,
09:52:08,17.40,225,
09:52:09,17.40,100,
09:52:12,17.41,100,
09:52:12,17.41,300,
09:52:12,17.41,100,
09:52:12,17.40,700,
09:52:13,17.40,200,
09:52:15,17.399,100,
09:52:23,17.4058,2000,
09:52:43,17.4099,100,
09:52:47,17.3977,1300,
09:52:49,17.3957,7100,
09:53:10,17.41,200,
09:53:10,17.41,300,
09:53:10,17.41,600,
09:53:12,17.418,400,
09:53:18,17.41,100,
09:53:25,17.41,2000,
09:53:33,17.419,200,
09:53:34,17.40,300,
09:53:34,17.40,100,
09:53:34,17.40,400,
09:53:54,17.40,300,
09:53:55,17.3999,1100,
09:54:01,17.3985,2000,
09:54:02,17.38,1500,
09:54:02,17.38,300,
09:54:03,17.38,100,
09:54:04,17.38,500,
09:54:04,17.38,200,
09:54:04,17.37,1000,
09:54:04,17.38,400,
09:54:04,17.38,400,
09:54:05,17.37,100,
09:54:09,17.371,450,
09:54:10,17.37,1000,
09:54:13,17.37,300,
09:54:13,17.37,600,
09:54:15,17.37,100,
09:54:23,17.37,100,
09:54:25,17.39,500,
09:54:25,17.37,100,
09:54:33,17.383,200,
09:54:38,17.40,1500,
09:54:46,17.40,500,
09:55:03,17.40,4800,
09:55:03,17.4001,600,
09:55:15,17.41,400,
09:55:17,17.4201,600,
09:55:26,17.4268,510,
09:55:34,17.42,100,
09:55:49,17.42,1000,
09:55:53,17.4195,200,
09:56:03,17.408,300,
09:56:03,17.41,300,
09:56:03,17.41,300,
09:56:03,17.42,200,
09:56:03,17.409,100,
09:56:07,17.40,2900,
09:56:17,17.40,393,
09:56:31,17.40,4500,
09:56:33,17.4004,1200,
09:56:41,17.408,574,
09:56:42,17.43,600,
09:56:57,17.4325,521,
09:57:23,17.428,500,
09:57:58,17.44,200,
09:57:59,17.44,300,
09:58:04,17.44,100,
09:58:05,17.4411,200,
09:58:06,17.4499,2000,
09:58:22,17.448,500,
09:58:26,17.45,500,
09:58:26,17.45,500,
09:58:26,17.45,500,
09:58:26,17.46,100,
09:58:27,17.46,500,
09:58:27,17.46,200,
09:58:27,17.47,750,
09:58:27,17.46,200,
09:58:27,17.47,600,
09:58:27,17.47,300,
09:58:30,17.48,1100,
09:58:32,17.48,400,
09:58:32,17.4713,500,
09:58:40,17.4685,6250,
09:58:55,17.46,200,
09:58:55,17.45,100,
09:58:55,17.449,300,
09:58:58,17.4499,1000,
09:59:01,17.44,600,
09:59:04,17.4378,1000,
09:59:06,17.45,300,
09:59:10,17.432,1000,
09:59:23,17.44,600,
09:59:30,17.46,370,
09:59:30,17.46,300,
09:59:39,17.47,200,
09:59:44,17.459,300,
09:59:44,17.459,400,
09:59:51,17.46,600,
10:00:01,17.456,200,
10:00:19,17.46,600,
10:00:24,17.46,100,
10:00:27,17.4695,287,
10:00:38,17.45,300,
10:00:40,17.4559,200,
10:00:43,17.462,600,
10:00:49,17.4575,2100,
10:01:01,17.452,1000,
10:01:23,17.46,200,
10:01:23,17.46,300,
10:01:23,17.47,600,
10:01:24,17.4699,400,
10:01:40,17.4705,320,
10:01:49,17.479,300,
10:01:51,17.478,1500,
10:01:52,17.478,1000,
10:02:01,17.47,200,
10:02:06,17.4695,100,
10:02:13,17.47,400,
10:02:16,17.469,100,
10:02:18,17.46,200,
10:02:23,17.46,100,
10:02:39,17.4501,100,
10:03:16,17.468,100,
10:03:23,17.47,200,
10:03:26,17.47,100,
10:03:37,17.48,600,
10:03:46,17.472,1000,
10:03:50,17.46,275,
10:03:54,17.45,600,
10:03:54,17.45,100,
10:03:58,17.455,1100,
10:03:58,17.458,500,
10:04:13,17.45,300,
10:04:22,17.47,500,
10:04:36,17.46,400,
10:05:00,17.46,100,
10:05:00,17.47,100,
10:05:00,17.47,200,
10:05:28,17.432,1500,
10:05:39,17.4343,2000,
10:05:43,17.44,200,
10:05:43,17.45,600,
10:05:46,17.449,600,
10:05:53,17.45,100,
10:05:54,17.4501,2500,
10:06:01,17.4599,2000,
10:06:19,17.46,100,
10:06:20,17.46,300,
10:06:20,17.46,500,
10:06:20,17.46,100,
10:06:23,17.452,1000,
10:07:03,17.46,10000,
10:07:27,17.4599,2000,
10:07:40,17.43,100,
10:07:40,17.43,200,
10:07:46,17.43,1600,
10:07:46,17.43,200,
10:07:46,17.43,200,
10:07:46,17.4311,1000,
10:07:55,17.43,300,
10:07:56,17.43,400,
10:08:05,17.44,600,
10:08:15,17.44,400,
10:08:15,17.44,200,
10:08:34,17.44,600,
10:08:40,17.43,100,
10:08:44,17.43,100,
10:08:45,17.432,600,
10:09:04,17.43,200,
10:09:12,17.43,100,
10:09:12,17.43,100,
10:09:14,17.429,200,
10:09:49,17.44,400,
10:10:28,17.42,300,
10:10:40,17.42,100,
10:10:53,17.41,510,
10:10:54,17.41,800,
10:10:54,17.41,700,
10:10:56,17.40,2000,
10:10:57,17.40,1190,
10:10:57,17.40,400,
10:10:57,17.38,100,
10:10:57,17.38,100,
10:10:57,17.38,100,
10:10:57,17.38,100,
10:10:58,17.38,850,
10:10:58,17.38,200,
10:10:58,17.38,150,
10:10:58,17.382,1000,
10:10:58,17.3899,100,
10:11:01,17.38,100,
10:11:01,17.39,100,
10:11:01,17.38,500,
10:11:01,17.38,100,
10:11:01,17.38,500,
10:11:01,17.39,100,
10:11:03,17.387,1000,
10:11:05,17.38,300,
10:11:09,17.3801,600,
10:11:14,17.382,900,
10:11:15,17.39,590,
10:11:18,17.40,300,
10:11:19,17.40,100,
10:11:19,17.40,100,
10:11:19,17.40,1150,
10:11:19,17.41,1150,
10:11:25,17.39,1300,
10:11:44,17.3899,1000,
10:11:46,17.39,500,
10:11:46,17.39,100,
10:11:46,17.39,100,
10:11:47,17.39,600,
10:11:50,17.389,3500,
10:11:54,17.39,400,
10:11:59,17.371,200,
10:12:04,17.38,200,
10:12:04,17.38,100,
10:12:04,17.38,168,
10:12:04,17.38,500,
10:12:07,17.38,600,
10:12:07,17.38,600,
10:12:07,17.38,500,
10:12:07,17.38,500,
10:12:07,17.38,400,
10:12:07,17.38,100,
10:12:08,17.38,400,
10:12:10,17.378,100,
10:12:14,17.3714,8000,
10:12:16,17.37,12000,
10:12:19,17.38,1200,
10:12:19,17.37,100,
10:12:26,17.38,200,
10:12:26,17.38,200,
10:12:27,17.38,500,
10:12:27,17.38,100,
10:12:27,17.38,100,
10:12:35,17.377,300,
10:12:39,17.372,1000,
10:12:47,17.37,100,
10:12:52,17.37,200,
10:12:53,17.38,4000,
10:12:54,17.37,100,
10:12:55,17.37,200,
10:12:56,17.371,285,
10:12:56,17.37,100,
10:13:00,17.3695,500,
10:13:01,17.36,400,
10:13:01,17.36,300,
10:13:02,17.35,4200,
10:13:03,17.3599,600,
10:13:03,17.35,300,
10:13:03,17.35,400,
10:13:07,17.35,700,
10:13:08,17.35,300,
10:13:08,17.35,3000,
10:13:09,17.35,100,
10:13:13,17.36,600,
10:13:15,17.3605,1000,
10:13:16,17.37,100,
10:13:16,17.37,400,
10:13:16,17.37,100,
10:13:16,17.37,200,
10:13:16,17.37,100,
10:13:16,17.37,100,
10:13:16,17.37,100,
10:13:16,17.37,100,
10:13:16,17.37,200,
10:13:16,17.37,200,
10:13:19,17.37,200,
10:13:26,17.3799,1000,
10:13:29,17.379,1300,
10:13:33,17.3799,2200,
10:13:33,17.37,400,
10:13:49,17.3612,2000,
10:14:01,17.37,600,
10:14:07,17.3711,100,
10:14:08,17.3785,1800,
10:14:20,17.38,400,
10:14:20,17.38,200,
10:14:20,17.38,300,
10:14:32,17.3801,1000,
10:14:34,17.38,200,
10:14:34,17.38,600,
10:14:34,17.38,800,
10:14:34,17.38,600,
10:14:35,17.379,400,
10:14:36,17.38,200,
10:14:37,17.389,600,
10:14:37,17.39,600,
10:14:38,17.39,100,
10:14:41,17.39,500,
10:14:44,17.382,200,
10:14:50,17.39,100,
10:14:50,17.39,100,
10:14:51,17.399,700,
10:14:52,17.3999,2240,
10:14:57,17.39,500,
10:15:00,17.38,500,
10:15:13,17.379,700,
10:15:14,17.379,2000,
10:15:15,17.3787,100,
10:15:24,17.38,200,
10:15:26,17.3799,3245,
10:15:34,17.379,1000,
10:15:35,17.379,600,
10:15:41,17.371,300,
10:15:44,17.38,100,
10:15:44,17.38,100,
10:15:50,17.373,300,
10:15:53,17.38,400,
10:15:53,17.38,200,
10:15:53,17.38,100,
10:15:53,17.3799,100,
10:15:53,17.3799,200,
10:15:53,17.3799,100,
10:15:53,17.3799,200,
10:15:53,17.38,220,
10:16:00,17.37,400,
10:16:00,17.36,200,
10:16:01,17.3699,1000,
10:16:02,17.36,500,
10:16:07,17.36,300,
10:16:08,17.36,100,
10:16:11,17.35,200,
10:16:11,17.35,100,
10:16:11,17.35,100,
10:16:11,17.35,200,
10:16:11,17.352,1000,
10:16:13,17.35,100,
10:16:15,17.35,150,
10:16:18,17.36,600,
10:16:18,17.36,200,
10:16:18,17.36,100,
10:16:20,17.35,100,
10:16:24,17.36,1600,
10:16:25,17.36,300,
10:16:25,17.36,100,
10:16:27,17.36,100,
10:16:38,17.36,200,
10:16:47,17.351,2000,
10:16:48,17.368,557,
10:16:48,17.37,357,
10:16:59,17.34,100,
10:17:01,17.35,500,
10:17:17,17.359,1000,
10:17:27,17.3611,1500,
10:17:36,17.364,300,
10:17:40,17.358,1500,
10:17:48,17.34,200,
10:17:49,17.35,100,
10:17:49,17.35,300,
10:17:49,17.35,400,
10:17:50,17.35,200,
10:17:50,17.35,200,
10:17:50,17.35,400,
10:17:50,17.35,100,
10:17:50,17.35,150,
10:17:50,17.35,200,
10:17:50,17.35,200,
10:17:50,17.35,150,
10:17:50,17.35,100,
10:17:50,17.35,200,
10:17:50,17.35,200,
10:17:52,17.35,400,
10:17:53,17.35,800,
10:17:56,17.34,180,
10:17:57,17.35,100,
10:17:57,17.35,300,
10:17:57,17.35,400,
10:17:57,17.35,200,
10:17:57,17.35,200,
10:18:02,17.35,100,
10:18:02,17.35,300,
10:18:02,17.35,200,
10:18:02,17.35,200,
10:18:02,17.35,100,
10:18:02,17.35,100,
10:18:07,17.35,200,
10:18:12,17.349,100,
10:18:18,17.34,300,
10:18:24,17.339,1000,
10:18:25,17.33,2000,
10:18:29,17.33,100,
10:18:29,17.33,600,
10:18:34,17.34,100,
10:18:34,17.34,300,
10:18:34,17.34,300,
10:18:34,17.34,300,
10:18:34,17.3363,300,
10:18:35,17.34,1000,
10:18:38,17.3301,100,
10:18:40,17.3399,1000,
10:18:53,17.33,200,
10:18:58,17.33,900,
10:18:58,17.33,900,
10:19:00,17.33,900,
10:19:06,17.33,400,
10:19:06,17.337,500,
10:19:07,17.33,200,
10:19:08,17.335,500,
10:19:30,17.33,624,
10:19:31,17.32,1000,
10:19:31,17.33,100,
10:19:33,17.33,400,
10:19:33,17.33,100,
10:19:33,17.33,100,
10:19:35,17.3287,500,
10:19:39,17.32,100,
10:19:39,17.32,400,
10:19:39,17.32,400,
10:19:39,17.32,350,
10:19:39,17.32,100,
10:19:41,17.32,600,
10:19:42,17.32,300,
10:19:42,17.32,100,
10:19:42,17.32,200,
10:19:48,17.31,500,
10:19:50,17.31,200,
10:19:50,17.30,600,
10:19:50,17.3001,300,
10:19:51,17.30,250,
10:19:51,17.30,2000,
10:19:53,17.31,200,
10:19:53,17.31,100,
10:19:54,17.31,100,
10:19:54,17.31,200,
10:19:54,17.31,100,
10:19:54,17.31,100,
10:19:54,17.31,200,
10:19:54,17.31,1000,
10:19:54,17.31,200,
10:19:54,17.31,900,
10:19:56,17.311,100,
10:19:57,17.301,200,
10:20:04,17.32,400,
10:20:06,17.3299,100,
10:20:07,17.3245,1000,
10:20:11,17.32,400,
10:20:11,17.33,200,
10:20:17,17.32,800,
10:20:18,17.32,600,
10:20:23,17.31,200,
10:20:25,17.30,100,
10:20:25,17.30,100,
10:20:25,17.29,300,
10:20:25,17.29,300,
10:20:25,17.29,100,
10:20:25,17.29,500,
10:20:25,17.29,600,
10:20:25,17.29,100,
10:20:25,17.29,100,
10:20:25,17.29,100,
10:20:25,17.30,880,
10:20:25,17.29,100,
10:20:25,17.29,100,
10:20:25,17.29,500,
10:20:25,17.29,100,
10:20:25,17.29,1600,
10:20:25,17.29,500,
10:20:25,17.29,500,
10:20:26,17.28,1250,
10:20:26,17.28,100,
10:20:26,17.28,280,
10:20:26,17.28,200,
10:20:26,17.28,200,
10:20:27,17.29,400,
10:20:27,17.281,800,
10:20:27,17.29,100,
10:20:27,17.29,218,
10:20:27,17.30,900,
10:20:27,17.281,500,
10:20:27,17.29,249,
10:20:28,17.29,900,
10:20:28,17.29,840,
10:20:29,17.29,400,
10:20:31,17.29,700,
10:20:31,17.29,400,
10:20:34,17.2889,1200,
10:20:35,17.29,600,
10:20:35,17.29,100,
10:20:35,17.29,600,
10:20:36,17.29,100,
10:20:36,17.29,500,
10:20:36,17.29,600,
10:20:39,17.28,300,
10:20:42,17.28,500,
10:20:43,17.28,100,
10:20:43,17.28,100,
10:20:43,17.28,100,
10:20:43,17.28,100,
10:20:43,17.28,100,
10:20:43,17.28,100,
10:20:43,17.29,300,
10:20:43,17.28,300,
10:20:43,17.27,300,
10:20:43,17.27,200,
10:20:43,17.27,300,
10:20:43,17.27,100,
10:20:43,17.28,500,
10:20:43,17.27,100,
10:20:43,17.27,2400,
10:20:45,17.27,750,
10:20:45,17.271,500,
10:20:46,17.28,100,
10:20:46,17.28,800,
10:20:46,17.28,300,
10:20:46,17.28,300,
10:20:48,17.28,2000,
10:20:49,17.2899,4000,
10:20:50,17.282,900,
10:20:51,17.29,100,
10:20:52,17.2899,1000,
10:20:54,17.287,400,
10:20:56,17.29,100,
10:20:58,17.29,100,
10:21:02,17.28,200,
10:21:02,17.28,100,
10:21:03,17.288,1200,
10:21:03,17.288,500,
10:21:04,17.2899,1000,
10:21:06,17.289,1000,
10:21:09,17.29,510,
10:21:10,17.29,275,
10:21:15,17.28,300,
10:21:17,17.28,600,
10:21:17,17.28,600,
10:21:17,17.28,600,
10:21:20,17.27,200,
10:21:20,17.28,1200,
10:21:21,17.27,300,
10:21:22,17.28,140,
10:21:23,17.28,400,
10:21:27,17.28,2000,
10:21:29,17.2795,200,
10:21:30,17.27,1000,
10:21:31,17.2789,1000,
10:21:33,17.279,1000,
10:21:38,17.2799,2000,
10:21:41,17.2799,2000,
10:21:43,17.28,100,
10:21:45,17.271,500,
10:21:46,17.27,100,
10:21:46,17.27,600,
10:21:46,17.27,500,
10:21:46,17.27,300,
10:21:46,17.27,200,
10:21:46,17.27,300,
10:21:46,17.27,300,
10:21:46,17.27,100,
10:21:46,17.27,600,
10:21:46,17.27,600,
10:21:46,17.26,300,
10:21:47,17.27,500,
10:21:48,17.26,1000,
10:21:48,17.26,120,
10:21:51,17.26,600,
10:21:51,17.26,300,
10:21:51,17.261,200,
10:21:59,17.2689,1500,
10:21:59,17.26,1200,
10:22:00,17.27,100,
10:22:00,17.27,400,
10:22:00,17.27,300,
10:22:00,17.27,900,
10:22:00,17.27,600,
10:22:00,17.27,100,
10:22:00,17.27,200,
10:22:00,17.27,200,
10:22:00,17.27,100,
10:22:00,17.27,200,
10:22:00,17.27,100,
10:22:00,17.27,200,
10:22:00,17.27,200,
10:22:00,17.27,100,
10:22:00,17.27,100,
10:22:02,17.27,100,
10:22:02,17.27,100,
10:22:03,17.2796,500,
10:22:04,17.29,200,
10:22:04,17.29,600,
10:22:04,17.29,500,
10:22:04,17.28,100,
10:22:07,17.2887,2000,
10:22:08,17.29,600,
10:22:08,17.29,100,
10:22:08,17.29,100,
10:22:08,17.29,300,
10:22:08,17.29,200,
10:22:08,17.29,100,
10:22:08,17.29,600,
10:22:08,17.29,200,
10:22:08,17.30,400,
10:22:08,17.30,300,
10:22:08,17.30,500,
10:22:08,17.30,200,
10:22:08,17.30,600,
10:22:08,17.31,700,
10:22:08,17.31,800,
10:22:08,17.31,200,
10:22:09,17.30,300,
10:22:11,17.31,600,
10:22:12,17.317,200,
10:22:21,17.32,2000,
10:22:21,17.33,900,
10:22:21,17.33,200,
10:22:21,17.33,200,
10:22:21,17.33,200,
10:22:23,17.335,1000,
10:22:23,17.34,100,
10:22:23,17.34,400,
10:22:24,17.34,200,
10:22:24,17.3403,2000,
10:22:27,17.34,300,
10:22:30,17.33,510,
10:22:33,17.32,100,
10:22:40,17.34,600,
10:22:40,17.34,100,
10:22:41,17.329,450,
10:22:42,17.3289,1000,
10:22:42,17.3285,4800,
10:22:48,17.33,600,
10:22:49,17.31,600,
10:22:54,17.32,2000,
10:22:58,17.32,200,
10:22:58,17.32,200,
10:22:58,17.32,200,
10:23:01,17.32,300,
10:23:03,17.33,450,
10:23:05,17.33,200,
10:23:05,17.33,100,
10:23:06,17.329,100,
10:23:13,17.3395,1900,
10:23:14,17.34,400,
10:23:14,17.34,400,
10:23:14,17.3301,7000,
10:23:14,17.34,100,
10:23:14,17.34,300,
10:23:14,17.34,300,
10:23:14,17.34,300,
10:23:15,17.34,100,
10:23:21,17.3499,500,
10:23:27,17.339,100,
10:23:32,17.34,200,
10:23:32,17.33,1500,
10:23:32,17.33,400,
10:23:34,17.3205,300,
10:23:37,17.34,100,
10:23:48,17.33,2000,
10:23:53,17.3299,4000,
10:23:55,17.33,100,
10:24:02,17.3268,510,
10:24:27,17.31,950,
10:24:45,17.32,100,
10:24:57,17.313,160,
10:25:02,17.32,1400,
10:25:12,17.32,900,
10:25:14,17.318,200,
10:25:21,17.328,300,
10:25:23,17.328,1400,
10:25:26,17.32,700,
10:25:34,17.34,500,
10:25:35,17.34,450,
10:25:40,17.3467,205,
10:25:42,17.347,100,
10:25:51,17.348,1000,
10:26:01,17.338,1000,
10:26:12,17.33,100,
10:26:13,17.33,100,
10:26:13,17.33,100,
10:26:24,17.33,600,
10:26:24,17.33,200,
10:26:24,17.33,600,
10:26:25,17.328,800,
10:26:30,17.328,500,
10:26:36,17.329,400,
10:26:42,17.34,100,
10:26:42,17.338,300,
10:26:43,17.35,300,
10:26:43,17.35,200,
10:26:44,17.34,500,
10:26:45,17.34,335,
10:26:51,17.338,500,
10:27:02,17.329,1300,
10:27:13,17.3295,1200,
10:27:19,17.3213,1000,
10:27:20,17.3216,450,
10:27:27,17.31,510,
10:27:39,17.318,500,
10:27:39,17.31,1000,
10:27:41,17.3001,137,
10:27:54,17.31,100,
10:27:57,17.31,200,
10:28:01,17.32,383,
10:28:08,17.318,1000,
10:28:10,17.32,200,
10:28:25,17.318,1000,
10:28:39,17.32,100,
10:28:39,17.32,200,
10:28:39,17.32,600,
10:28:58,17.328,1000,
10:29:40,17.3185,2392,
10:29:42,17.319,200,
10:29:50,17.33,200,
10:29:50,17.33,600,
10:29:50,17.33,100,
10:29:50,17.33,100,
10:29:53,17.33,300,
10:29:54,17.329,100,
10:29:56,17.33,200,
10:30:04,17.3299,2100,
10:30:04,17.3299,500,
10:30:21,17.33,400,
10:30:21,17.33,300,
10:30:27,17.34,200,
10:30:27,17.34,600,
10:30:28,17.34,300,
10:30:29,17.33,100,
10:30:35,17.3299,2000,
10:30:48,17.33,200,
10:30:53,17.329,200,
10:30:54,17.3289,500,
10:31:18,17.33,186,
10:31:30,17.3395,1000,
10:31:39,17.34,100,
10:31:39,17.34,300,
10:31:39,17.34,200,
10:31:41,17.34,900,
10:31:41,17.34,600,
10:31:41,17.3399,100,
10:31:42,17.34,100,
10:31:44,17.34,200,
10:31:47,17.33,1000,
10:31:53,17.34,1000,
10:31:53,17.3387,3000,
10:31:59,17.34,100,
10:32:01,17.35,600,
10:32:01,17.35,500,
10:32:01,17.35,200,
10:32:11,17.339,200,
10:32:11,17.339,100,
10:32:15,17.3499,1000,
10:32:27,17.3399,100,
10:32:27,17.3399,100,
10:32:37,17.34,100,
10:32:40,17.339,200,
10:32:50,17.33,100,
10:32:55,17.3399,1000,
10:33:01,17.33,600,
10:33:04,17.329,700,
10:33:04,17.329,100,
10:33:14,17.3299,100,
10:33:20,17.329,100,
10:33:20,17.33,400,
10:33:21,17.33,200,
10:33:23,17.33,100,
10:33:32,17.32,200,
10:33:37,17.3199,2500,
10:33:37,17.32,1300,
10:33:37,17.3169,600,
10:33:37,17.3132,100,
10:33:37,17.32,100,
10:33:37,17.3172,100,
10:33:38,17.32,900,
10:33:38,17.32,100,
10:33:50,17.31,200,
10:33:50,17.31,100,
10:33:52,17.30,1900,
10:33:53,17.31,300,
10:34:10,17.30,100,
10:34:11,17.31,100,
10:34:16,17.301,1500,
10:34:16,17.301,600,
10:34:16,17.307,300,
10:34:17,17.305,300,
10:34:25,17.31,100,
10:34:25,17.31,100,
10:34:25,17.31,600,
10:34:25,17.31,200,
10:34:26,17.31,100,
10:34:33,17.30,200,
10:34:39,17.3099,150,
10:34:39,17.3099,300,
10:34:40,17.30,100,
10:34:40,17.29,2000,
10:34:45,17.28,700,
10:34:50,17.29,600,
10:34:51,17.2901,3000,
10:34:53,17.28,200,
10:34:53,17.28,900,
10:34:53,17.28,500,
10:34:53,17.28,3000,
10:34:53,17.28,100,
10:34:53,17.28,8000,
10:34:54,17.28,600,
10:34:54,17.28,600,
10:34:58,17.282,500,
10:35:01,17.29,300,
10:35:01,17.29,500,
10:35:02,17.2805,1500,
10:35:10,17.28,600,
10:35:15,17.27,200,
10:35:19,17.2701,1315,
10:35:25,17.27,1200,
10:35:25,17.27,100,
10:35:26,17.26,185,
10:35:26,17.27,500,
10:35:32,17.2799,3100,
10:35:34,17.29,600,
10:35:34,17.29,600,
10:35:34,17.29,200,
10:35:34,17.29,600,
10:35:34,17.29,200,
10:35:34,17.29,188,
10:35:34,17.278,500,
10:35:40,17.30,1000,
10:35:41,17.30,1000,
10:35:41,17.30,600,
10:35:41,17.30,600,
10:35:41,17.31,300,
10:35:52,17.31,600,
10:35:52,17.31,300,
10:35:52,17.31,600,
10:35:53,17.32,100,
10:35:58,17.302,500,
10:36:01,17.31,600,
10:36:01,17.31,200,
10:36:09,17.3199,100,
10:36:11,17.31,100,
10:36:34,17.309,800,
10:36:52,17.283,350,
10:37:19,17.292,400,
10:37:19,17.292,1000,
10:37:23,17.29,400,
10:37:25,17.30,500,
10:37:34,17.30,500,
10:37:35,17.2999,100,
10:37:35,17.2999,100,
10:37:58,17.299,1500,
10:38:18,17.30,100,
10:38:18,17.2999,600,
10:38:20,17.30,100,
10:38:20,17.29,300,
10:38:34,17.282,305,
10:38:36,17.28,100,
10:38:36,17.28,250,
10:38:36,17.27,200,
10:38:37,17.28,600,
10:38:37,17.28,200,
10:38:37,17.28,600,
10:38:37,17.28,400,
10:38:38,17.28,300,
10:38:38,17.28,100,
10:38:38,17.28,200,
10:38:38,17.2701,6500,
10:38:40,17.277,150,
10:38:41,17.2789,500,
10:38:42,17.27,300,
10:38:42,17.27,370,
10:38:42,17.26,400,
10:38:42,17.26,200,
10:38:42,17.26,800,
10:38:42,17.26,2700,
10:38:42,17.27,200,
10:38:42,17.27,1000,
10:38:42,17.26,100,
10:38:42,17.26,100,
10:38:42,17.26,700,
10:38:43,17.26,400,
10:38:43,17.27,1000,
10:38:43,17.26,100,
10:38:45,17.26,100,
10:38:55,17.27,600,
10:38:57,17.272,100,
10:39:03,17.27,600,
10:39:03,17.27,700,
10:39:07,17.268,100,
10:39:13,17.2725,2000,
10:39:16,17.272,600,
10:39:17,17.28,100,
10:39:17,17.28,200,
10:39:17,17.28,100,
10:39:24,17.28,100,
10:39:24,17.2799,500,
10:39:37,17.279,1000,
10:39:43,17.28,600,
10:39:51,17.2859,500,
10:40:00,17.2805,1300,
10:40:10,17.2799,200,
10:40:17,17.279,200,
10:40:30,17.26,100,
10:40:30,17.26,300,
10:40:36,17.26,100,
10:40:36,17.25,300,
10:40:36,17.25,100,
10:40:36,17.25,500,
10:40:36,17.25,100,
10:40:36,17.2501,150,
10:40:36,17.25,200,
10:40:36,17.2501,100,
10:40:36,17.25,150,
10:40:36,17.26,100,
10:40:37,17.2501,780,
10:40:37,17.25,100,
10:40:37,17.25,300,
10:40:37,17.251,400,
10:40:37,17.25,300,
10:40:38,17.25,100,
10:40:38,17.25,1200,
10:40:38,17.25,200,
10:40:38,17.25,2700,
10:40:38,17.251,200,
10:40:38,17.25,800,
10:40:39,17.251,100,
10:40:40,17.251,240,
10:40:40,17.25,10000,
10:40:41,17.25,7000,
10:40:42,17.2501,1900,
10:40:42,17.25,1900,
10:40:43,17.241,200,
10:40:43,17.25,300,
10:40:43,17.24,850,
10:40:43,17.241,300,
10:40:44,17.242,500,
10:40:45,17.241,1100,
10:40:45,17.2455,300,
10:40:45,17.241,500,
10:40:47,17.249,1500,
10:40:54,17.23,300,
10:40:54,17.23,500,
10:40:54,17.23,500,
10:40:54,17.2399,1000,
10:40:55,17.241,300,
10:40:58,17.24,100,
10:40:58,17.24,500,
10:40:59,17.2399,2000,
10:40:59,17.24,200,
10:40:59,17.24,100,
10:40:59,17.24,500,
10:40:59,17.24,100,
10:40:59,17.24,200,
10:41:00,17.231,1100,
10:41:03,17.25,500,
10:41:03,17.25,200,
10:41:06,17.241,1100,
10:41:08,17.241,400,
10:41:13,17.249,3000,
10:41:14,17.25,400,
10:41:14,17.25,1200,
10:41:18,17.2495,100,
10:41:19,17.25,200,
10:41:19,17.25,200,
10:41:19,17.25,200,
10:41:20,17.25,251,
10:41:20,17.26,3000,
10:41:20,17.25,600,
10:41:20,17.25,600,
10:41:20,17.25,600,
10:41:23,17.251,500,
10:41:24,17.249,100,
10:41:26,17.247,1700,
10:41:28,17.242,1000,
10:41:35,17.24,750,
10:41:37,17.25,400,
10:41:37,17.2501,100,
10:41:40,17.2587,1500,
10:41:43,17.259,450,
10:41:54,17.2575,100,
10:41:57,17.25,200,
10:41:57,17.25,100,
10:42:05,17.25,550,
10:42:06,17.2501,400,
10:42:07,17.25,1500,
10:42:08,17.26,3250,
10:42:10,17.242,150,
10:42:16,17.25,100,
10:42:30,17.2485,2000,
10:42:31,17.2501,1000,
10:42:37,17.27,300,
10:42:38,17.2699,600,
10:42:39,17.27,400,
10:42:57,17.26,100,
10:43:00,17.2689,240,
10:43:00,17.27,300,
10:43:15,17.2799,800,
10:43:34,17.27,300,
10:43:34,17.27,300,
10:43:34,17.27,500,
10:43:34,17.27,300,
10:43:34,17.27,6759,
10:43:34,17.27,500,
10:43:45,17.2799,12000,
10:44:04,17.27,300,
10:44:04,17.27,300,
10:44:04,17.27,300,
10:44:04,17.27,700,
10:44:04,17.27,350,
10:44:04,17.27,300,
10:44:12,17.2701,3000,
10:44:16,17.27,400,
10:44:16,17.27,500,
10:44:21,17.28,100,
10:44:27,17.27,100,
10:44:27,17.27,400,
10:44:27,17.27,200,
10:44:27,17.27,300,
10:44:27,17.26,400,
10:44:27,17.25,1000,
10:44:27,17.25,100,
10:44:27,17.25,100,
10:44:32,17.27,300,
10:44:32,17.27,300,
10:44:44,17.269,100,
10:44:47,17.2675,1600,
10:44:58,17.26,400,
10:45:01,17.26,600,
10:45:09,17.2687,200,
10:45:16,17.26,200,
10:45:16,17.26,100,
10:45:17,17.268,1000,
10:45:19,17.26,200,
10:45:24,17.2687,500,
10:45:26,17.265,500,
10:45:31,17.26,300,
10:45:38,17.262,200,
10:45:51,17.26,600,
10:45:51,17.26,136,
10:45:51,17.26,100,
10:45:54,17.2587,1200,
10:46:11,17.2589,1500,
10:46:16,17.2587,530,
10:46:22,17.26,1800,
10:46:22,17.26,100,
10:46:22,17.26,600,
10:46:32,17.26,100,
10:46:38,17.27,600,
10:46:45,17.26,400,
10:46:55,17.2599,900,
10:47:10,17.258,100,
10:47:36,17.26,600,
10:47:38,17.26,100,
10:47:47,17.262,1000,
10:47:54,17.26,1200,
10:47:54,17.26,200,
10:47:55,17.25,800,
10:47:55,17.25,900,
10:48:01,17.26,100,
10:48:05,17.26,400,
10:48:12,17.25,300,
10:48:12,17.25,900,
10:48:13,17.25,100,
10:48:13,17.25,300,
10:48:13,17.25,200,
10:48:13,17.24,500,
10:48:13,17.25,600,
10:48:13,17.25,200,
10:48:13,17.25,300,
10:48:13,17.25,1200,
10:48:13,17.25,2079,
10:48:13,17.25,11000,
10:48:18,17.25,600,
10:48:18,17.25,371,
10:48:18,17.25,1729,
10:48:18,17.258,500,
10:48:28,17.2595,1000,
10:48:41,17.26,400,
10:48:50,17.259,1500,
10:48:52,17.26,600,
10:48:55,17.2695,100,
10:49:02,17.26,300,
10:49:02,17.26,100,
10:49:02,17.26,300,
10:49:07,17.26,600,
10:49:07,17.26,600,
10:49:07,17.25,300,
10:49:09,17.26,600,
10:49:14,17.26,500,
10:49:19,17.26,600,
10:49:20,17.27,500,
10:49:29,17.269,500,
10:49:59,17.2699,1000,
10:50:25,17.268,400,
10:50:30,17.26,200,
10:50:36,17.26,200,
10:50:36,17.26,200,
10:50:37,17.26,200,
10:50:37,17.26,200,
10:50:37,17.25,600,
10:50:37,17.26,100,
10:50:37,17.25,176,
10:50:38,17.25,600,
10:50:45,17.25,800,
10:50:50,17.24,100,
10:50:54,17.2487,500,
10:50:58,17.25,100,
10:51:03,17.25,400,
10:51:04,17.2599,600,
10:51:06,17.26,100,
10:51:06,17.26,700,
10:51:08,17.26,1800,
10:51:14,17.25,100,
10:51:14,17.25,100,
10:51:15,17.25,300,
10:51:32,17.25,500,
10:51:34,17.242,1100,
10:51:41,17.2495,1000,
10:51:41,17.25,100,
10:51:44,17.25,100,
10:51:45,17.24,300,
10:51:45,17.24,300,
10:51:45,17.25,500,
10:52:02,17.258,1000,
10:52:05,17.25,1000,
10:52:05,17.25,400,
10:52:05,17.25,1600,
10:52:05,17.25,500,
10:52:05,17.25,500,
10:52:05,17.25,600,
10:52:05,17.25,500,
10:52:05,17.25,300,
10:52:05,17.25,300,
10:52:05,17.25,200,
10:52:05,17.25,600,
10:52:05,17.25,600,
10:52:05,17.25,300,
10:52:06,17.25,100,
10:52:06,17.25,600,
10:52:06,17.25,100,
10:52:06,17.25,900,
10:52:12,17.2501,3000,
10:52:13,17.25,300,
10:52:13,17.25,200,
10:52:13,17.25,200,
10:52:13,17.25,300,
10:52:16,17.25,900,
10:52:16,17.25,1000,
10:52:16,17.25,300,
10:52:16,17.25,300,
10:52:16,17.25,300,
10:52:16,17.25,300,
10:52:16,17.25,600,
10:52:16,17.25,300,
10:52:16,17.25,300,
10:52:16,17.25,400,
10:52:16,17.25,400,
10:52:20,17.2505,1000,
10:52:25,17.25,500,
10:52:25,17.25,200,
10:52:25,17.25,300,
10:52:25,17.25,100,
10:52:25,17.25,100,
10:52:25,17.25,200,
10:52:25,17.25,200,
10:52:25,17.25,300,
10:52:25,17.25,200,
10:52:25,17.25,500,
10:52:25,17.25,600,
10:52:25,17.25,11400,
10:52:25,17.25,300,
10:52:25,17.25,300,
10:52:25,17.25,500,
10:52:25,17.23,400,
10:52:25,17.23,100,
10:52:25,17.23,200,
10:52:25,17.23,154,
10:52:26,17.24,100,
10:52:32,17.24,600,
10:52:32,17.24,129,
10:52:32,17.24,300,
10:52:32,17.24,250,
10:52:32,17.24,900,
10:52:32,17.24,500,
10:52:32,17.24,100,
10:52:32,17.24,300,
10:52:32,17.24,300,
10:52:32,17.24,1500,
10:52:32,17.24,400,
10:52:32,17.2322,600,
10:52:35,17.24,100,
10:52:45,17.2399,1100,
10:52:45,17.24,600,
10:52:45,17.24,1900,
10:52:47,17.24,300,
10:52:48,17.24,100,
10:52:49,17.24,12500,
10:52:55,17.24,100,
10:53:17,17.24,300,
10:53:17,17.24,100,
10:53:17,17.24,100,
10:53:17,17.24,300,
10:53:20,17.25,2500,
10:53:20,17.25,600,
10:53:26,17.2375,200,
10:53:27,17.24,100,
10:53:27,17.24,100,
10:53:34,17.2389,100,
10:53:38,17.2313,1200,
10:53:42,17.24,200,
10:53:44,17.24,600,
10:53:44,17.24,100,
10:53:45,17.24,500,
10:53:54,17.24,600,
10:53:54,17.24,200,
10:53:54,17.24,100,
10:53:54,17.24,400,
10:53:54,17.24,100,
10:53:54,17.24,100,
10:53:54,17.2395,1000,
10:54:14,17.22,1000,
10:54:14,17.22,500,
10:54:14,17.22,25000,
10:54:14,17.22,500,
10:54:14,17.22,400,
10:54:14,17.22,200,
10:54:14,17.22,300,
10:54:15,17.22,1600,
10:54:15,17.21,100,
10:54:15,17.22,400,
10:54:16,17.21,379,
10:54:18,17.21,100,
10:54:18,17.21,400,
10:54:18,17.2199,500,
10:54:18,17.21,100,
10:54:18,17.22,500,
10:54:18,17.21,100,
10:54:18,17.219,200,
10:54:18,17.22,400,
10:54:18,17.21,250,
10:54:18,17.21,100,
10:54:18,17.21,100,
10:54:18,17.212,1000,
10:54:19,17.21,200,
10:54:20,17.21,100,
10:54:23,17.2101,5955,
10:54:30,17.21,500,
10:54:30,17.2001,100,
10:54:30,17.2001,300,
10:54:30,17.20,100,
10:54:30,17.20,100,
10:54:30,17.20,100,
10:54:30,17.2001,200,
10:54:30,17.20,200,
10:54:30,17.20,200,
10:54:30,17.2001,100,
10:54:30,17.20,160,
10:54:30,17.20,100,
10:54:30,17.2001,400,
10:54:30,17.20,100,
10:54:30,17.20,100,
10:54:31,17.20,2000,
10:54:33,17.20,150,
10:54:33,17.201,150,
10:54:33,17.20,1000,
10:54:33,17.20,200,
10:54:33,17.201,147,
10:54:33,17.202,800,
10:54:33,17.20,2149,
10:54:33,17.20,147,
10:54:33,17.20,1400,
10:54:36,17.2001,3000,
10:54:36,17.201,200,
10:54:39,17.208,750,
10:54:39,17.201,300,
10:54:39,17.20,300,
10:54:41,17.21,100,
10:54:41,17.21,100,
10:54:41,17.21,100,
10:54:41,17.21,254,
10:54:41,17.21,600,
10:54:41,17.21,200,
10:54:41,17.21,200,
10:54:41,17.21,200,
10:54:41,17.21,300,
10:54:41,17.21,100,
10:54:42,17.202,500,
10:54:44,17.211,300,
10:54:45,17.21,100,
10:54:45,17.211,2000,
10:54:45,17.21,100,
10:54:49,17.21,600,
10:54:51,17.209,2000,
10:54:53,17.21,200,
10:54:54,17.22,100,
10:54:56,17.2256,1000,
10:55:03,17.2278,800,
10:55:03,17.229,300,
10:55:04,17.2201,1200,
10:55:07,17.23,100,
10:55:07,17.23,300,
10:55:07,17.23,100,
10:55:07,17.23,200,
10:55:10,17.24,1000,
10:55:10,17.24,400,
10:55:10,17.24,600,
10:55:10,17.24,100,
10:55:11,17.24,200,
10:55:12,17.23,5100,
10:55:19,17.23,400,
10:55:27,17.23,5000,
10:55:30,17.238,1000,
10:55:39,17.24,2000,
10:55:42,17.23,4500,
10:55:50,17.2395,1000,
10:55:51,17.238,1100,
10:55:56,17.24,500,
10:55:59,17.2389,1500,
10:56:00,17.23,100,
10:56:00,17.23,100,
10:56:00,17.23,100,
10:56:21,17.227,400,
10:56:33,17.24,600,
10:56:35,17.2401,400,
10:56:42,17.24,25000,
10:56:45,17.24,100,
10:56:45,17.24,100,
10:56:52,17.24,400,
10:57:24,17.2387,1000,
10:57:26,17.2201,100,
10:57:28,17.23,100,
10:57:29,17.23,1000,
10:57:29,17.24,200,
10:57:50,17.24,100,
10:57:57,17.241,400,
10:58:12,17.2495,1000,
10:58:20,17.25,500,
10:58:24,17.25,400,
10:58:38,17.26,200,
10:58:49,17.25,100,
10:58:49,17.25,181,
10:58:49,17.25,119,
10:59:25,17.26,3900,
10:59:26,17.25,100,
10:59:26,17.25,200,
10:59:26,17.2599,300,
10:59:27,17.26,500,
10:59:42,17.2668,510,
10:59:59,17.252,1200,
10:59:59,17.252,1400,
11:00:01,17.25,100,
11:00:01,17.25,150,
11:00:01,17.25,350,
11:00:03,17.248,1000,
11:00:13,17.24,200,
11:00:13,17.24,600,
11:00:31,17.25,100,
11:00:35,17.25,500,
11:00:35,17.25,600,
11:01:08,17.2401,4500,
11:01:12,17.25,200,
11:01:15,17.242,1460,
11:01:26,17.24,200,
11:01:26,17.24,100,
11:01:30,17.23,200,
11:01:36,17.23,500,
11:01:40,17.24,100,
11:01:40,17.24,300,
11:01:40,17.24,400,
11:01:40,17.24,1200,
11:01:40,17.24,100,
11:01:44,17.2387,1000,
11:01:48,17.23,400,
11:01:48,17.22,800,
11:01:53,17.23,100,
11:01:53,17.23,100,
11:01:56,17.23,400,
11:01:59,17.21,200,
11:01:59,17.21,385,
11:02:00,17.22,1500,
11:02:00,17.22,600,
11:02:01,17.22,600,
11:02:01,17.22,600,
11:02:01,17.22,100,
11:02:03,17.22,200,
11:02:03,17.22,600,
11:02:03,17.22,200,
11:02:03,17.22,200,
11:02:03,17.22,100,
11:02:03,17.22,200,
11:02:04,17.22,100,
11:02:07,17.24,100,
11:02:15,17.231,1000,
11:02:17,17.24,200,
11:02:17,17.24,100,
11:02:19,17.24,100,
11:02:19,17.24,200,
11:02:19,17.24,100,
11:02:19,17.24,100,
11:02:19,17.24,100,
11:02:19,17.24,100,
11:02:19,17.24,100,
11:02:19,17.24,100,
11:02:24,17.258,1500,
11:02:25,17.2587,200,
11:02:38,17.24,200,
11:02:40,17.24,100,
11:02:50,17.25,400,
11:02:54,17.25,500,
11:02:57,17.26,400,
11:03:00,17.26,500,
11:03:02,17.27,500,
11:03:03,17.27,100,
11:03:03,17.2662,100,
11:03:03,17.2663,100,
11:03:04,17.26,400,
11:03:05,17.26,100,
11:03:09,17.2557,289,
11:03:10,17.259,1200,
11:03:10,17.25,600,
11:03:22,17.26,100,
11:03:23,17.26,600,
11:03:23,17.26,600,
11:03:24,17.26,1000,
11:03:30,17.2599,300,
11:03:35,17.24,100,
11:03:35,17.24,100,
11:03:35,17.24,300,
11:03:35,17.24,200,
11:03:35,17.2399,100,
11:03:35,17.24,600,
11:03:39,17.23,3000,
11:03:39,17.23,200,
11:03:39,17.23,100,
11:03:39,17.23,300,
11:03:39,17.23,400,
11:03:39,17.23,150,
11:03:39,17.23,150,
11:03:39,17.23,150,
11:03:39,17.22,100,
11:03:39,17.22,400,
11:03:39,17.22,1200,
11:03:39,17.21,100,
11:03:39,17.22,100,
11:03:39,17.22,100,
11:03:39,17.22,200,
11:03:39,17.22,100,
11:03:39,17.22,100,
11:03:39,17.22,100,
11:03:39,17.23,500,
11:03:39,17.23,500,
11:03:39,17.21,100,
11:03:39,17.21,100,
11:03:39,17.23,500,
11:03:39,17.23,200,
11:03:39,17.21,100,
11:03:39,17.21,200,
11:03:39,17.22,200,
11:03:40,17.2189,100,
11:03:40,17.21,200,
11:03:43,17.21,410,
11:03:46,17.21,100,
11:03:49,17.21,500,
11:03:49,17.21,600,
11:03:49,17.21,1550,
11:03:49,17.21,1000,
11:03:49,17.21,300,
11:03:49,17.21,3000,
11:03:49,17.21,200,
11:03:49,17.21,600,
11:03:49,17.21,401,
11:03:49,17.21,100,
11:03:49,17.20,700,
11:03:49,17.20,200,
11:03:49,17.21,1900,
11:03:49,17.21,300,
11:03:49,17.21,300,
11:03:49,17.21,200,
11:03:49,17.21,100,
11:03:49,17.21,100,
11:03:49,17.21,2000,
11:03:49,17.21,199,
11:03:49,17.21,100,
11:03:49,17.21,300,
11:03:49,17.21,400,
11:03:49,17.21,100,
11:03:49,17.21,200,
11:03:58,17.21,100,
11:03:58,17.21,100,
11:03:59,17.21,600,
11:03:59,17.21,200,
11:04:01,17.22,300,
11:04:01,17.22,200,
11:04:01,17.21,900,
11:04:01,17.21,700,
11:04:07,17.22,600,
11:04:07,17.22,1300,
11:04:07,17.22,500,
11:04:07,17.22,100,
11:04:07,17.22,100,
11:04:07,17.22,100,
11:04:07,17.22,1100,
11:04:07,17.22,900,
11:04:10,17.22,600,
11:04:11,17.2195,500,
11:04:15,17.23,3000,
11:04:18,17.22,200,
11:04:18,17.22,400,
11:04:18,17.2179,600,
11:04:18,17.22,200,
11:04:19,17.22,600,
11:04:20,17.23,200,
11:04:20,17.2199,200,
11:04:31,17.2299,2000,
11:04:31,17.22,1000,
11:04:33,17.22,100,
11:04:36,17.22,100,
11:04:36,17.22,400,
11:04:36,17.22,600,
11:04:36,17.23,300,
11:04:40,17.215,448,
11:04:42,17.219,500,
11:04:44,17.21,600,
11:04:45,17.21,600,
11:04:45,17.21,600,
11:04:48,17.211,400,
11:04:48,17.211,500,
11:04:55,17.219,200,
11:05:03,17.21,200,
11:05:03,17.21,1000,
11:05:06,17.2099,1000,
11:05:07,17.201,250,
11:05:16,17.21,200,
11:05:16,17.21,100,
11:05:21,17.2075,2000,
11:05:27,17.2028,1000,
11:05:29,17.21,1000,
11:05:30,17.21,300,
11:05:31,17.21,2000,
11:05:31,17.20,442,
11:05:31,17.2011,442,
11:05:37,17.209,3000,
11:05:42,17.21,130,
11:05:42,17.20,200,
11:05:42,17.20,100,
11:05:42,17.20,600,
11:05:42,17.20,100,
11:05:42,17.20,200,
11:05:43,17.20,300,
11:05:43,17.20,1100,
11:05:44,17.2001,200,
11:05:44,17.20,300,
11:05:49,17.209,3600,
11:05:52,17.2099,2000,
11:05:53,17.209,4000,
11:05:56,17.20,475,
11:05:57,17.19,1300,
11:05:57,17.20,500,
11:05:57,17.20,100,
11:05:57,17.20,4800,
11:05:57,17.20,200,
11:05:57,17.20,6000,
11:05:57,17.20,900,
11:05:57,17.20,600,
11:05:57,17.20,500,
11:05:57,17.20,600,
11:05:57,17.20,5489,
11:05:57,17.20,6100,
11:05:57,17.20,600,
11:05:57,17.20,700,
11:05:57,17.20,400,
11:05:57,17.20,400,
11:05:57,17.20,2200,
11:05:57,17.20,700,
11:05:57,17.20,589,
11:05:57,17.20,3611,
11:05:57,17.20,700,
11:05:57,17.20,100,
11:05:57,17.20,600,
11:05:57,17.20,1500,
11:05:57,17.20,300,
11:05:57,17.19,289,
11:05:57,17.20,2411,
11:05:58,17.20,1000,
11:05:58,17.19,100,
11:05:58,17.19,400,
11:05:58,17.20,300,
11:05:58,17.19,100,
11:05:58,17.19,100,
11:05:58,17.20,1000,
11:05:58,17.20,2800,
11:05:58,17.20,200,
11:05:58,17.19,1500,
11:05:58,17.19,1000,
11:05:58,17.19,200,
11:05:59,17.20,200,
11:05:59,17.1989,300,
11:05:59,17.199,200,
11:06:00,17.19,1200,
11:06:00,17.19,13000,
11:06:07,17.1987,100,
11:06:14,17.19,100,
11:06:14,17.19,400,
11:06:14,17.19,1500,
11:06:14,17.19,1700,
11:06:14,17.19,1700,
11:06:14,17.19,600,
11:06:14,17.19,600,
11:06:14,17.19,3500,
11:06:14,17.19,600,
11:06:14,17.19,600,
11:06:14,17.19,600,
11:06:14,17.19,600,
11:06:14,17.19,600,
11:06:14,17.19,600,
11:06:14,17.19,600,
11:06:14,17.19,600,
11:06:14,17.19,600,
11:06:14,17.19,600,
11:06:14,17.19,600,
11:06:14,17.19,600,
11:06:15,17.19,600,
11:06:15,17.19,600,
11:06:15,17.19,600,
11:06:16,17.18,300,
11:06:16,17.18,600,
11:06:16,17.18,200,
11:06:16,17.18,100,
11:06:16,17.19,600,
11:06:16,17.19,600,
11:06:16,17.18,200,
11:06:16,17.19,100,
11:06:16,17.18,100,
11:06:16,17.18,900,
11:06:16,17.18,400,
11:06:16,17.18,200,
11:06:16,17.18,100,
11:06:16,17.188,200,
11:06:17,17.18,500,
11:06:17,17.18,100,
11:06:19,17.1885,4000,
11:06:19,17.18,580,
11:06:21,17.181,500,
11:06:23,17.18,600,
11:06:44,17.18,200,
11:06:48,17.188,250,
11:06:52,17.1875,2000,
11:07:00,17.1887,1000,
11:07:01,17.181,4000,
11:07:01,17.18,1000,
11:07:02,17.181,200,
11:07:02,17.181,230,
11:07:21,17.185,400,
11:07:26,17.18,600,
11:07:26,17.18,438,
11:07:26,17.18,488,
11:07:26,17.18,600,
11:07:27,17.18,212,
11:07:28,17.18,1000,
11:07:30,17.18,600,
11:07:31,17.18,500,
11:07:32,17.18,600,
11:07:33,17.18,600,
11:07:34,17.18,1900,
11:07:34,17.18,800,
11:07:34,17.18,600,
11:07:34,17.18,600,
11:07:34,17.18,300,
11:07:34,17.17,200,
11:07:34,17.17,400,
11:07:34,17.18,100,
11:07:34,17.17,1600,
11:07:34,17.17,200,
11:07:34,17.17,400,
11:07:34,17.17,1100,
11:07:34,17.17,1000,
11:07:36,17.18,200,
11:07:38,17.18,200,
11:07:38,17.18,550,
11:07:39,17.18,600,
11:07:39,17.18,600,
11:07:39,17.18,600,
11:07:39,17.18,200,
11:07:39,17.18,300,
11:07:39,17.18,600,
11:07:50,17.19,2100,
11:07:51,17.19,1100,
11:07:52,17.19,600,
11:07:55,17.1999,3000,
11:07:58,17.19,250,
11:07:58,17.19,250,
11:07:58,17.19,150,
11:07:58,17.19,200,
11:07:58,17.19,100,
11:08:02,17.19,600,
11:08:09,17.19,100,
11:08:13,17.187,400,
11:08:18,17.1885,2500,
11:08:19,17.19,500,
11:08:25,17.19,500,
11:08:27,17.1895,1000,
11:08:29,17.18,100,
11:08:55,17.1875,3000,
11:08:56,17.18,200,
11:08:56,17.18,400,
11:08:56,17.18,100,
11:08:56,17.18,200,
11:08:56,17.17,150,
11:08:56,17.17,200,
11:08:56,17.18,500,
11:08:56,17.16,100,
11:08:56,17.17,393,
11:08:56,17.16,200,
11:08:56,17.16,300,
11:08:56,17.16,100,
11:08:56,17.16,100,
11:08:56,17.16,300,
11:08:58,17.161,300,
11:09:01,17.1613,300,
11:09:04,17.1699,600,
11:09:05,17.16,175,
11:09:07,17.1689,300,
11:09:07,17.17,100,
11:09:09,17.18,500,
11:09:09,17.18,400,
11:09:09,17.18,600,
11:09:10,17.1713,117,
11:09:17,17.1695,1000,
11:09:21,17.1687,1000,
11:09:25,17.169,700,
11:09:31,17.161,442,
11:09:33,17.17,100,
11:09:33,17.17,600,
11:09:33,17.168,2000,
11:09:34,17.17,300,
11:09:43,17.17,1700,
11:09:53,17.17,374,
11:09:57,17.1695,1000,
11:09:57,17.17,100,
11:09:57,17.17,300,
11:09:57,17.17,100,
11:09:57,17.17,100,
11:10:01,17.1699,2000,
11:10:03,17.1664,100,
11:10:07,17.169,1000,
11:10:10,17.18,100,
11:10:15,17.1769,500,
11:10:17,17.17,500,
11:10:17,17.1699,200,
11:10:19,17.161,1258,
11:10:19,17.1699,100,
11:10:26,17.1699,1000,
11:10:29,17.1687,1000,
11:10:36,17.1699,1000,
11:10:40,17.169,1000,
11:10:46,17.17,1000,
11:10:46,17.17,1500,
11:10:46,17.17,200,
11:10:49,17.161,1000,
11:10:49,17.161,1000,
11:10:50,17.16,300,
11:10:50,17.16,700,
11:10:50,17.15,100,
11:10:50,17.15,100,
11:10:50,17.15,100,
11:10:50,17.15,100,
11:10:50,17.15,131,
11:10:52,17.151,300,
11:10:52,17.15,1400,
11:10:52,17.15,500,
11:10:52,17.15,300,
11:10:52,17.15,700,
11:10:52,17.151,150,
11:10:53,17.16,600,
11:10:53,17.16,1900,
11:10:53,17.16,600,
11:10:53,17.16,500,
11:10:54,17.1583,175,
11:10:58,17.15,100,
11:10:59,17.15,100,
11:11:02,17.1501,100,
11:11:02,17.15,400,
11:11:03,17.15,500,
11:11:03,17.15,200,
11:11:03,17.15,200,
11:11:03,17.15,200,
11:11:04,17.1599,400,
11:11:06,17.15,100,
11:11:07,17.1543,1000,
11:11:17,17.15,100,
11:11:20,17.1501,480,
11:11:21,17.155,100,
11:11:22,17.157,100,
11:11:28,17.158,500,
11:11:28,17.1585,400,
11:11:31,17.16,100,
11:11:35,17.1599,300,
11:11:42,17.16,100,
11:11:42,17.16,100,
11:11:42,17.16,100,
11:11:48,17.17,500,
11:11:49,17.16,254,
11:11:58,17.1501,100,
11:12:03,17.1599,300,
11:12:04,17.151,150,
11:12:04,17.15,500,
11:12:15,17.1595,1600,
11:12:19,17.15,650,
11:12:19,17.15,100,
11:12:19,17.151,200,
11:12:19,17.151,100,
11:12:19,17.15,200,
11:12:25,17.159,300,
11:12:28,17.151,270,
11:12:31,17.15,270,
11:12:39,17.16,500,
11:12:41,17.16,600,
11:12:41,17.16,466,
11:12:49,17.169,190,
11:12:59,17.18,400,
11:12:59,17.18,200,
11:12:59,17.18,500,
11:13:01,17.18,500,
11:13:03,17.18,100,
11:13:08,17.19,600,
11:13:08,17.19,200,
11:13:08,17.1876,100,
11:13:10,17.19,100,
11:13:10,17.1899,100,
11:13:10,17.1863,100,
11:13:10,17.1899,100,
11:13:10,17.19,600,
11:13:10,17.19,400,
11:13:10,17.19,200,
11:13:14,17.1987,500,
11:13:27,17.1887,1000,
11:13:34,17.19,1000,
11:13:42,17.1899,600,
11:13:42,17.1899,400,
11:13:42,17.1899,300,
11:13:42,17.1899,400,
11:13:42,17.19,300,
11:13:46,17.18,1100,
11:13:46,17.18,600,
11:13:46,17.18,799,
11:13:47,17.1757,200,
11:13:48,17.18,100,
11:13:48,17.18,100,
11:13:51,17.189,400,
11:13:53,17.189,100,
11:14:00,17.1887,300,
11:14:02,17.18,200,
11:14:02,17.1887,1100,
11:14:02,17.1899,200,
11:14:08,17.189,1000,
11:14:17,17.19,100,
11:14:17,17.19,1100,
11:14:21,17.1999,4200,
11:14:25,17.1999,193,
11:14:25,17.1947,100,
11:14:25,17.1999,100,
11:14:30,17.20,230,
11:14:33,17.19,1700,
11:14:33,17.19,400,
11:14:38,17.189,100,
11:14:38,17.19,200,
11:14:40,17.19,200,
11:14:40,17.18,100,
11:14:41,17.19,300,
11:14:41,17.19,200,
11:14:41,17.19,500,
11:14:41,17.19,600,
11:14:41,17.19,400,
11:14:41,17.19,600,
11:14:42,17.19,100,
11:14:44,17.199,500,
11:14:49,17.1999,1000,
11:14:52,17.20,150,
11:14:55,17.20,600,
11:14:55,17.20,600,
11:14:55,17.20,500,
11:14:58,17.199,700,
11:15:00,17.195,200,
11:15:04,17.20,200,
11:15:05,17.199,500,
11:15:08,17.199,300,
11:15:10,17.199,600,
11:15:10,17.199,2000,
11:15:21,17.21,1000,
11:15:22,17.20,500,
11:15:22,17.20,600,
11:15:22,17.20,600,
11:15:23,17.20,600,
11:15:23,17.207,250,
11:15:27,17.21,400,
11:15:27,17.2077,400,
11:15:43,17.20,150,
11:15:44,17.199,200,
11:15:47,17.199,200,
11:15:58,17.1975,500,
11:15:59,17.20,100,
11:16:06,17.20,1900,
11:16:06,17.20,200,
11:16:13,17.20,300,
11:16:13,17.20,100,
11:16:13,17.20,100,
11:16:13,17.21,200,
11:16:17,17.209,700,
11:16:28,17.21,100,
11:16:30,17.209,400,
11:16:39,17.21,400,
11:16:55,17.21,339,
11:17:02,17.21,200,
11:17:02,17.21,678,
11:17:07,17.219,1300,
11:17:07,17.209,300,
11:17:07,17.209,300,
11:17:08,17.209,100,
11:17:08,17.219,2900,
11:17:08,17.217,500,
11:17:11,17.218,1000,
11:17:16,17.20,400,
11:17:16,17.20,300,
11:17:16,17.20,300,
11:17:16,17.20,400,
11:17:16,17.20,500,
11:17:16,17.20,200,
11:17:17,17.20,300,
11:17:20,17.1999,1000,
11:17:20,17.20,400,
11:17:20,17.20,400,
11:17:22,17.20,600,
11:17:22,17.20,600,
11:17:29,17.21,400,
11:17:31,17.2089,400,
11:17:34,17.219,700,
11:17:34,17.211,4400,
11:17:37,17.22,400,
11:17:37,17.22,100,
11:17:38,17.211,1000,
11:17:50,17.22,400,
11:17:51,17.22,400,
11:18:05,17.22,600,
11:18:05,17.22,600,
11:18:05,17.22,1600,
11:18:05,17.22,500,
11:18:05,17.2187,1100,
11:18:05,17.219,400,
11:18:14,17.22,600,
11:18:14,17.22,100,
11:18:14,17.22,600,
11:18:14,17.22,200,
11:18:19,17.229,700,
11:18:19,17.23,2000,
11:18:25,17.228,200,
11:18:29,17.23,500,
11:18:29,17.23,500,
11:18:29,17.23,100,
11:18:31,17.229,900,
11:18:32,17.2287,500,
11:18:33,17.23,500,
11:18:38,17.23,300,
11:18:38,17.23,300,
11:18:38,17.23,2000,
11:18:38,17.23,400,
11:18:38,17.23,300,
11:18:39,17.239,100,
11:18:41,17.235,3000,
11:18:41,17.2399,100,
11:18:41,17.24,1500,
11:18:41,17.24,500,
11:18:41,17.24,945,
11:18:41,17.2399,500,
11:18:41,17.24,300,
11:18:41,17.2399,100,
11:18:53,17.2387,1000,
11:18:56,17.23,500,
11:19:03,17.2101,300,
11:19:17,17.22,100,
11:19:17,17.22,600,
11:19:17,17.22,200,
11:19:17,17.22,600,
11:19:25,17.229,300,
11:19:25,17.229,400,
11:19:32,17.22,300,
11:19:34,17.22,100,
11:19:44,17.22,800,
11:19:44,17.21,600,
11:19:44,17.21,100,
11:19:44,17.21,100,
11:19:54,17.20,100,
11:19:54,17.1901,3000,
11:19:54,17.20,600,
11:19:54,17.20,600,
11:20:02,17.20,900,
11:20:02,17.20,600,
11:20:04,17.20,3000,
11:20:05,17.19,400,
11:20:06,17.19,200,
11:20:06,17.19,600,
11:20:06,17.19,200,
11:20:14,17.199,1000,
11:20:20,17.18,500,
11:20:20,17.17,400,
11:20:20,17.17,200,
11:20:20,17.18,400,
11:20:26,17.1899,2500,
11:20:26,17.19,400,
11:20:26,17.19,1100,
11:20:50,17.19,200,
11:20:50,17.19,500,
11:20:50,17.19,100,
11:20:50,17.19,200,
11:20:50,17.19,200,
11:20:50,17.20,300,
11:20:51,17.20,600,
11:20:52,17.20,300,
11:20:52,17.20,300,
11:20:52,17.205,200,
11:20:52,17.209,200,
11:20:52,17.21,100,
11:20:53,17.2075,1200,
11:20:55,17.20,100,
11:21:09,17.1999,100,
11:21:16,17.208,625,
11:21:16,17.21,100,
11:21:16,17.21,100,
11:21:21,17.20,600,
11:21:24,17.199,200,
11:21:26,17.20,600,
11:21:28,17.1995,300,
11:21:41,17.199,800,
11:21:41,17.20,2500,
11:21:43,17.199,500,
11:21:45,17.19,700,
11:21:45,17.19,300,
11:21:46,17.199,100,
11:21:47,17.197,300,
11:21:49,17.20,500,
11:22:00,17.199,100,
11:22:05,17.19,100,
11:22:05,17.19,300,
11:22:05,17.19,200,
11:22:05,17.19,200,
11:22:12,17.20,3200,
11:22:14,17.19,400,
11:22:14,17.18,200,
11:22:16,17.1899,200,
11:22:19,17.18,200,
11:22:22,17.19,600,
11:22:23,17.18,200,
11:22:23,17.18,150,
11:22:26,17.19,600,
11:22:32,17.189,900,
11:22:34,17.1805,1000,
11:22:34,17.18,100,
11:22:37,17.19,300,
11:22:52,17.19,150,
11:22:57,17.19,168,
11:23:00,17.19,100,
11:23:00,17.19,718,
11:23:00,17.19,600,
11:23:00,17.19,500,
11:23:01,17.199,700,
11:23:03,17.20,800,
11:23:03,17.20,500,
11:23:03,17.20,500,
11:23:03,17.1999,4400,
11:23:04,17.20,3000,
11:23:18,17.20,600,
11:23:18,17.20,600,
11:23:18,17.2099,2000,
11:23:18,17.21,700,
11:23:18,17.21,600,
11:23:21,17.21,1920,
11:23:28,17.19,950,
11:23:28,17.20,550,
11:23:28,17.20,600,
11:23:28,17.20,700,
11:23:28,17.19,300,
11:23:35,17.20,5000,
11:23:36,17.20,950,
11:23:43,17.20,400,
11:23:50,17.1999,100,
11:23:56,17.20,100,
11:23:56,17.20,100,
11:24:04,17.1901,5000,
11:24:06,17.20,800,
11:24:09,17.20,300,
11:24:11,17.20,100,
11:24:14,17.20,100,
11:24:14,17.20,303,
11:24:24,17.20,500,
11:24:30,17.2038,113,
11:24:50,17.20,1000,
11:24:51,17.21,100,
11:24:51,17.21,600,
11:24:51,17.21,400,
11:24:51,17.22,600,
11:24:55,17.22,600,
11:25:00,17.219,100,
11:25:02,17.217,250,
11:25:03,17.22,496,
11:25:05,17.22,600,
11:25:09,17.219,300,
11:25:16,17.219,200,
11:25:25,17.22,600,
11:25:25,17.2199,100,
11:25:25,17.218,1000,
11:25:29,17.219,300,
11:25:32,17.2199,2000,
11:25:49,17.23,1000,
11:25:53,17.228,100,
11:25:56,17.2285,5000,
11:26:00,17.22,600,
11:26:00,17.22,600,
11:26:00,17.22,500,
11:26:00,17.22,600,
11:26:00,17.22,313,
11:26:00,17.22,103,
11:26:02,17.219,500,
11:26:03,17.219,300,
11:26:04,17.219,405,
11:26:04,17.219,1000,
11:26:07,17.22,100,
11:26:08,17.22,2950,
11:26:08,17.22,600,
11:26:08,17.22,100,
11:26:08,17.22,100,
11:26:26,17.22,600,
11:26:26,17.22,400,
11:26:26,17.22,200,
11:26:26,17.22,300,
11:26:26,17.22,2950,
11:26:26,17.22,500,
11:26:26,17.22,100,
11:26:26,17.22,100,
11:26:26,17.22,300,
11:26:26,17.22,100,
11:26:26,17.22,100,
11:26:26,17.22,300,
11:26:26,17.22,100,
11:26:26,17.22,300,
11:26:26,17.22,600,
11:26:26,17.22,200,
11:26:26,17.22,100,
11:26:26,17.22,100,
11:26:26,17.22,100,
11:26:26,17.22,100,
11:26:26,17.22,100,
11:26:26,17.22,800,
11:26:26,17.22,100,
11:26:26,17.22,100,
11:26:26,17.22,500,
11:26:26,17.22,500,
11:26:26,17.22,500,
11:26:26,17.22,600,
11:26:29,17.22,600,
11:26:49,17.2275,500,
11:27:05,17.227,300,
11:27:07,17.2199,500,
11:27:37,17.2299,700,
11:27:47,17.219,200,
11:27:54,17.212,600,
11:27:58,17.22,500,
11:27:58,17.22,800,
11:27:58,17.22,500,
11:27:59,17.23,600,
11:27:59,17.23,100,
11:27:59,17.23,600,
11:27:59,17.219,200,
11:28:00,17.219,300,
11:28:11,17.24,100,
11:28:13,17.25,500,
11:28:16,17.24,700,
11:28:17,17.248,1000,
11:28:17,17.241,5000,
11:28:19,17.2499,100,
11:28:19,17.24,700,
11:28:21,17.248,100,
11:28:21,17.2425,400,
11:28:21,17.24,300,
11:28:24,17.242,500,
11:28:25,17.249,200,
11:28:26,17.24,100,
11:28:27,17.25,100,
11:28:29,17.24,300,
11:28:29,17.24,2200,
11:28:33,17.25,200,
11:28:34,17.249,100,
11:28:35,17.2499,100,
11:28:35,17.248,700,
11:28:35,17.25,300,
11:28:40,17.25,100,
11:28:40,17.25,100,
11:28:42,17.25,100,
11:28:42,17.24,100,
11:28:42,17.24,200,
11:28:42,17.2456,100,
11:28:46,17.2468,510,
11:28:47,17.25,400,
11:28:54,17.22,600,
11:28:57,17.229,1000,
11:28:59,17.23,500,
11:28:59,17.23,600,
11:28:59,17.23,200,
11:28:59,17.2223,100,
11:29:01,17.23,200,
11:29:03,17.22,100,
11:29:04,17.22,150,
11:29:04,17.22,900,
11:29:08,17.2199,1000,
11:29:08,17.217,100,
11:29:10,17.22,600,
11:29:11,17.219,300,
11:29:12,17.219,600,
11:29:15,17.221,400,
11:29:15,17.23,400,
11:29:15,17.23,300,
11:29:18,17.24,452,
11:29:20,17.2289,400,
11:29:28,17.22,200,
11:29:29,17.23,600,
11:29:29,17.22,1500,
11:29:42,17.238,980,
11:29:44,17.2201,600,
11:31:11,17.24,1650,
11:31:11,17.2399,2600,
11:31:12,17.24,300,
11:31:12,17.24,100,
11:31:12,17.24,100,
11:31:12,17.2399,100,
11:31:21,17.239,300,
11:31:21,17.239,6800,
11:31:24,17.239,700,
11:31:46,17.2205,1000,
11:32:02,17.22,100,
11:32:06,17.23,500,
11:32:06,17.22,300,
11:32:14,17.2199,150,
11:32:15,17.20,150,
11:32:15,17.21,1700,
11:32:15,17.21,500,
11:32:15,17.21,1000,
11:32:19,17.21,600,
11:32:19,17.21,350,
11:32:19,17.21,600,
11:32:19,17.21,600,
11:32:19,17.21,200,
11:32:57,17.211,2000,
11:33:03,17.209,100,
11:33:05,17.20,100,
11:33:05,17.20,100,
11:33:05,17.20,200,
11:33:07,17.208,800,
11:33:10,17.20,200,
11:33:15,17.20,100,
11:33:16,17.20,100,
11:33:16,17.20,300,
11:33:23,17.2086,500,
11:33:33,17.21,510,
11:33:34,17.21,600,
11:33:47,17.2187,500,
11:33:53,17.21,100,
11:33:57,17.219,2000,
11:34:12,17.2187,1000,
11:34:22,17.2167,400,
11:34:24,17.22,400,
11:34:24,17.22,300,
11:34:24,17.22,300,
11:34:24,17.22,600,
11:34:24,17.22,100,
11:34:24,17.22,300,
11:34:24,17.22,300,
11:34:24,17.22,100,
11:34:24,17.22,200,
11:34:24,17.22,100,
11:34:24,17.22,200,
11:34:24,17.22,100,
11:34:24,17.22,200,
11:34:34,17.229,600,
11:34:36,17.222,1750,
11:34:46,17.2295,100,
11:34:50,17.21,600,
11:34:50,17.21,300,
11:34:50,17.22,400,
11:34:50,17.22,3500,
11:34:56,17.21,100,
11:35:06,17.20,3500,
11:35:15,17.20,100,
11:35:24,17.209,100,
11:35:54,17.20,400,
11:35:54,17.19,1500,
11:35:54,17.19,200,
11:35:54,17.19,100,
11:35:57,17.20,7700,
11:36:04,17.199,200,
11:36:07,17.20,500,
11:36:07,17.20,378,
11:36:07,17.20,1900,
11:36:07,17.20,600,
11:36:07,17.20,100,
11:36:09,17.2013,1200,
11:36:12,17.20,100,
11:36:12,17.20,200,
11:36:12,17.20,100,
11:36:12,17.20,1500,
11:36:12,17.19,600,
11:36:12,17.20,2000,
11:36:12,17.20,600,
11:36:12,17.20,600,
11:36:12,17.20,700,
11:36:12,17.20,600,
11:36:12,17.20,600,
11:36:12,17.20,600,
11:36:12,17.20,200,
11:36:12,17.20,1000,
11:36:14,17.20,500,
11:36:16,17.20,600,
11:36:16,17.20,600,
11:36:16,17.20,600,
11:36:16,17.20,600,
11:36:16,17.20,600,
11:36:16,17.20,600,
11:36:33,17.1995,300,
11:36:38,17.20,500,
11:36:38,17.20,200,
11:36:52,17.199,100,
11:36:59,17.1993,1500,
11:37:01,17.19,1000,
11:37:01,17.1989,200,
11:37:03,17.1905,100,
11:37:12,17.199,100,
11:37:41,17.20,500,
11:37:41,17.20,500,
11:37:41,17.20,200,
11:37:41,17.20,100,
11:37:45,17.209,500,
11:37:48,17.21,500,
11:37:50,17.21,600,
11:37:58,17.2114,100,
11:37:59,17.219,400,
11:38:06,17.22,100,
11:38:09,17.21,400,
11:38:11,17.212,1000,
11:38:33,17.2201,7600,
11:38:40,17.229,100,
11:38:48,17.24,600,
11:38:48,17.24,800,
11:38:53,17.2362,400,
11:39:04,17.2399,2500,
11:39:07,17.23,200,
11:39:19,17.238,1000,
11:39:20,17.24,100,
11:39:25,17.239,100,
11:39:25,17.24,100,
11:39:27,17.24,1500,
11:39:29,17.246,2500,
11:39:45,17.239,1000,
11:39:45,17.23,500,
11:39:49,17.23,100,
11:39:49,17.23,800,
11:40:16,17.2277,600,
11:40:45,17.25,100,
11:40:49,17.26,500,
11:40:57,17.25,1000,
11:40:57,17.24,400,
11:41:04,17.26,800,
11:41:04,17.26,300,
11:41:11,17.28,200,
11:41:11,17.27,200,
11:41:11,17.27,8000,
11:41:11,17.28,100,
11:41:11,17.28,200,
11:41:11,17.28,300,
11:41:11,17.28,200,
11:41:11,17.28,400,
11:41:11,17.27,500,
11:41:12,17.279,341,
11:41:12,17.28,300,
11:41:13,17.27,300,
11:41:13,17.27,100,
11:41:13,17.27,100,
11:41:15,17.268,250,
11:41:21,17.269,200,
11:41:22,17.27,200,
11:41:23,17.2684,1650,
11:41:29,17.2599,4000,
11:41:32,17.26,600,
11:41:32,17.2599,300,
11:41:32,17.2599,600,
11:41:32,17.2599,100,
11:41:32,17.2595,125,
11:41:36,17.26,599,
11:41:36,17.2577,401,
11:41:36,17.26,100,
11:41:36,17.259,100,
11:41:39,17.259,200,
11:41:42,17.26,600,
11:41:42,17.26,580,
11:41:42,17.26,500,
11:41:42,17.27,1520,
11:41:53,17.27,10000,
11:41:56,17.269,100,
11:41:59,17.269,300,
11:42:00,17.2601,1000,
11:42:04,17.2601,1100,
11:42:08,17.2689,500,
11:42:09,17.27,500,
11:42:09,17.28,4900,
11:42:16,17.28,100,
11:42:16,17.29,900,
11:42:17,17.28,400,
11:42:17,17.279,1200,
11:42:18,17.27,500,
11:42:22,17.27,1500,
11:42:22,17.27,2200,
11:42:22,17.27,200,
11:42:22,17.2701,500,
11:42:23,17.2799,9000,
11:42:26,17.28,300,
11:42:26,17.28,600,
11:42:26,17.28,600,
11:42:26,17.28,600,
11:42:27,17.28,1000,
11:42:28,17.289,500,
11:42:30,17.2801,3000,
11:42:32,17.2805,1000,
11:42:33,17.288,1000,
11:42:36,17.2825,4100,
11:42:41,17.2901,100,
11:42:46,17.2901,3000,
11:42:50,17.30,126,
11:42:50,17.30,300,
11:42:50,17.29,1000,
11:42:50,17.29,200,
11:42:52,17.302,1000,
11:42:53,17.32,100,
11:42:53,17.31,500,
11:42:54,17.32,1400,
11:42:54,17.32,1500,
11:42:54,17.32,1500,
11:42:56,17.3181,200,
11:42:56,17.32,1500,
11:42:57,17.3101,100,
11:42:58,17.3195,300,
11:42:59,17.32,900,
11:42:59,17.32,300,
11:42:59,17.32,400,
11:43:01,17.312,1000,
11:43:01,17.32,900,
11:43:02,17.33,100,
11:43:02,17.33,200,
11:43:02,17.32,900,
11:43:02,17.3201,2000,
11:43:03,17.33,300,
11:43:04,17.3301,900,
11:43:06,17.34,200,
11:43:07,17.3305,400,
11:43:09,17.3399,300,
11:43:09,17.34,600,
11:43:13,17.34,100,
11:43:13,17.339,100,
11:43:14,17.3399,3700,
11:43:15,17.3399,5000,
11:43:17,17.34,100,
11:43:22,17.33,1000,
11:43:22,17.33,3000,
11:43:25,17.33,1000,
11:43:27,17.34,1000,
11:43:27,17.34,700,
11:43:28,17.339,2500,
11:43:28,17.339,700,
11:43:29,17.35,200,
11:43:29,17.35,300,
11:43:30,17.34,100,
11:43:30,17.34,153,
11:43:30,17.34,800,
11:43:30,17.35,100,
11:43:32,17.34,200,
11:43:33,17.34,500,
11:43:33,17.348,600,
11:43:34,17.349,800,
11:43:36,17.3401,2000,
11:43:36,17.3401,1000,
11:43:40,17.35,1030,
11:43:40,17.349,1030,
11:43:41,17.35,100,
11:43:41,17.35,300,
11:43:42,17.35,3100,
11:43:42,17.34,1200,
11:43:42,17.34,100,
11:43:45,17.35,100,
11:43:46,17.349,150,
11:43:46,17.35,200,
11:43:46,17.3487,1000,
11:43:48,17.35,1700,
11:43:48,17.35,1500,
11:43:48,17.35,2900,
11:43:49,17.34,500,
11:43:49,17.341,500,
11:43:49,17.35,500,
11:43:49,17.35,2000,
11:43:49,17.35,200,
11:43:49,17.35,6100,
11:43:49,17.35,5193,
11:43:49,17.35,73007,
11:43:49,17.36,300,
11:43:49,17.36,600,
11:43:49,17.36,100,
11:43:51,17.3535,300,
11:43:52,17.359,2000,
11:43:53,17.35,100,
11:43:55,17.36,1100,
11:43:57,17.38,700,
11:43:57,17.37,100,
11:43:59,17.3713,1500,
11:44:01,17.38,100,
11:44:01,17.38,600,
11:44:01,17.37,3000,
11:44:03,17.3701,500,
11:44:05,17.3791,100,
11:44:05,17.3725,100,
11:44:05,17.3743,200,
11:44:05,17.37,600,
11:44:10,17.379,300,
11:44:11,17.3787,1000,
11:44:12,17.3789,500,
11:44:14,17.38,1000,
11:44:14,17.3701,3000,
11:44:15,17.37,192,
11:44:15,17.37,700,
11:44:15,17.37,100,
11:44:15,17.37,1000,
11:44:15,17.37,1808,
11:44:15,17.3761,700,
11:44:16,17.378,1000,
11:44:18,17.372,500,
11:44:21,17.36,200,
11:44:21,17.36,3000,
11:44:21,17.38,200,
11:44:21,17.38,100,
11:44:21,17.38,100,
11:44:21,17.38,254,
11:44:21,17.38,100,
11:44:21,17.38,100,
11:44:22,17.3789,900,
11:44:25,17.37,100,
11:44:28,17.3713,400,
11:44:30,17.39,200,
11:44:30,17.39,500,
11:44:33,17.3895,500,
11:44:35,17.39,200,
11:44:35,17.40,600,
11:44:35,17.40,400,
11:44:35,17.40,300,
11:44:35,17.39,300,
11:44:36,17.3901,900,
11:44:36,17.39,2000,
11:44:38,17.3999,400,
11:44:39,17.3801,1300,
11:44:40,17.38,200,
11:44:40,17.38,500,
11:44:40,17.38,100,
11:44:42,17.388,500,
11:44:43,17.388,1000,
11:44:45,17.38,100,
11:44:47,17.3701,600,
11:44:47,17.37,1100,
11:44:47,17.36,500,
11:44:48,17.3614,1000,
11:44:57,17.35,1000,
11:45:06,17.35,2000,
11:45:07,17.3501,4000,
11:45:07,17.35,100,
11:45:13,17.35,250,
11:45:14,17.36,100,
11:45:15,17.37,500,
11:45:15,17.37,500,
11:45:28,17.369,576,
11:45:36,17.368,400,
11:45:42,17.3668,250,
11:45:45,17.3611,1000,
11:45:52,17.369,200,
11:45:55,17.361,1400,
11:45:56,17.3648,1000,
11:46:00,17.3657,250,
11:46:01,17.361,576,
11:46:01,17.3611,1500,
11:46:03,17.3601,3000,
11:46:04,17.36,100,
11:46:06,17.37,400,
11:46:10,17.36,300,
11:46:13,17.3699,200,
11:46:21,17.3657,1000,
11:46:26,17.3501,4000,
11:46:28,17.3501,500,
11:46:28,17.35,1200,
11:46:28,17.35,500,
11:46:28,17.35,650,
11:46:29,17.35,200,
11:46:29,17.35,200,
11:46:31,17.3575,300,
11:46:31,17.36,200,
11:46:33,17.36,1000,
11:46:33,17.3599,1000,
11:46:40,17.3501,1300,
11:46:46,17.359,576,
11:46:47,17.359,800,
11:46:49,17.3511,1000,
11:46:56,17.35,200,
11:46:58,17.35,350,
11:46:58,17.351,350,
11:46:58,17.351,650,
11:47:01,17.351,600,
11:47:01,17.351,2200,
11:47:02,17.3599,1000,
11:47:07,17.341,1500,
11:47:09,17.34,300,
11:47:09,17.34,3000,
11:47:09,17.34,1100,
11:47:09,17.34,100,
11:47:09,17.34,100,
11:47:09,17.33,600,
11:47:10,17.34,2000,
11:47:10,17.34,6500,
11:47:15,17.35,200,
11:47:21,17.34,10000,
11:47:26,17.3401,200,
11:47:26,17.3401,100,
11:47:26,17.34,100,
11:47:26,17.3401,100,
11:47:26,17.34,300,
11:47:26,17.35,100,
11:47:26,17.349,200,
11:47:26,17.35,200,
11:47:28,17.35,400,
11:47:29,17.35,400,
11:47:37,17.35,1200,
11:47:47,17.35,400,
11:47:49,17.3495,1500,
11:47:49,17.35,1700,
11:47:49,17.35,600,
11:47:49,17.35,400,
11:47:51,17.35,600,
11:47:51,17.35,300,
11:48:01,17.3501,300,
11:48:01,17.3501,400,
11:48:03,17.3595,1450,
11:48:10,17.369,1000,
11:48:10,17.37,1000,
11:48:10,17.37,500,
11:48:13,17.369,600,
11:48:14,17.37,500,
11:48:14,17.37,100,
11:48:14,17.38,13600,
11:48:16,17.37,4000,
11:48:23,17.38,1000,
11:48:24,17.36,16127,
11:48:27,17.362,1900,
11:48:34,17.38,4000,
11:48:37,17.38,500,
11:48:37,17.38,4500,
11:48:43,17.3715,2000,
11:48:49,17.388,575,
11:48:52,17.37,100,
11:48:52,17.37,1000,
11:48:55,17.38,2000,
11:48:59,17.38,300,
11:49:03,17.38,400,
11:49:08,17.38,400,
11:49:17,17.3811,1000,
11:49:20,17.38,100,
11:49:24,17.3895,1000,
11:49:28,17.3805,1000,
11:49:31,17.3887,500,
11:49:34,17.3889,100,
11:49:34,17.381,500,
11:49:35,17.39,200,
11:49:35,17.39,500,
11:49:35,17.3892,1000,
11:49:37,17.389,200,
11:49:37,17.39,100,
11:49:39,17.39,1500,
11:49:45,17.3895,125,
11:49:46,17.3899,100,
11:49:47,17.388,2000,
11:49:52,17.39,200,
11:49:52,17.39,1000,
11:50:03,17.3897,476,
11:50:07,17.372,900,
11:50:14,17.37,400,
11:50:15,17.37,100,
11:50:18,17.37,1000,
11:50:18,17.36,200,
11:50:19,17.36,300,
11:50:20,17.36,1500,
11:50:29,17.3699,400,
11:50:31,17.3601,100,
11:50:32,17.361,100,
11:50:34,17.36,100,
11:50:34,17.362,300,
11:50:35,17.36,300,
11:50:36,17.351,500,
11:50:36,17.35,100,
11:50:37,17.368,500,
11:50:37,17.35,300,
11:50:38,17.35,300,
11:50:39,17.35,100,
11:50:39,17.36,300,
11:50:42,17.3699,600,
11:50:46,17.3601,2800,
11:50:47,17.3601,2200,
11:50:49,17.36,400,
11:50:50,17.36,100,
11:51:04,17.3689,500,
11:51:17,17.3699,300,
11:51:22,17.3689,1500,
11:51:26,17.37,900,
11:51:31,17.371,2000,
11:51:34,17.38,510,
11:51:53,17.3699,302,
11:51:58,17.3711,500,
11:52:01,17.371,300,
11:52:20,17.40,600,
11:52:21,17.40,500,
11:52:21,17.40,900,
11:52:21,17.3999,2100,
11:52:21,17.40,1800,
11:52:21,17.3967,900,
11:52:21,17.3967,1800,
11:52:28,17.4001,200,
11:52:30,17.4095,1700,
11:52:33,17.41,500,
11:52:35,17.418,2000,
11:52:40,17.4175,2300,
11:52:40,17.42,700,
11:52:49,17.418,800,
11:52:51,17.418,1000,
11:52:52,17.411,8000,
11:52:53,17.418,780,
11:52:59,17.4195,500,
11:53:01,17.4199,1000,
11:53:02,17.42,200,
11:53:02,17.42,100,
11:53:02,17.42,400,
11:53:02,17.42,500,
11:53:02,17.42,200,
11:53:02,17.42,200,
11:53:02,17.419,300,
11:53:02,17.419,200,
11:53:04,17.44,600,
11:53:04,17.43,1000,
11:53:04,17.44,1600,
11:53:04,17.44,300,
11:53:04,17.4499,100,
11:53:04,17.45,100,
11:53:04,17.45,100,
11:53:04,17.45,300,
11:53:05,17.45,100,
11:53:05,17.45,100,
11:53:05,17.45,750,
11:53:05,17.4401,6000,
11:53:08,17.45,100,
11:53:11,17.4499,5000,
11:53:12,17.45,100,
11:53:14,17.4466,300,
11:53:20,17.442,1000,
11:53:22,17.4499,350,
11:53:23,17.4401,1000,
11:53:26,17.45,290,
11:53:28,17.459,350,
11:53:28,17.459,500,
11:53:29,17.46,500,
11:53:30,17.4575,300,
11:53:30,17.46,100,
11:53:30,17.46,400,
11:53:30,17.45,300,
11:53:35,17.449,200,
11:53:35,17.44,600,
11:53:35,17.4401,300,
11:53:35,17.44,400,
11:53:38,17.44,200,
11:53:38,17.44,700,
11:53:40,17.46,100,
11:53:41,17.461,300,
11:53:41,17.461,200,
11:53:48,17.458,330,
11:53:49,17.4501,1000,
11:53:52,17.459,500,
11:53:56,17.458,600,
11:53:58,17.46,200,
11:53:58,17.46,100,
11:53:58,17.45,580,
11:53:59,17.45,200,
11:54:01,17.4487,500,
11:54:04,17.447,100,
11:54:07,17.457,100,
11:54:09,17.452,1000,
11:54:10,17.4595,500,
11:54:13,17.4515,9100,
11:54:15,17.4599,8200,
11:54:18,17.4501,250,
11:54:21,17.4501,100,
11:54:21,17.4501,1000,
11:54:25,17.453,100,
11:54:28,17.4312,140,
11:54:28,17.435,1000,
11:54:28,17.444,300,
11:54:31,17.448,200,
11:54:39,17.45,120,
11:54:39,17.45,300,
11:54:40,17.4599,400,
11:54:43,17.458,200,
11:54:48,17.47,152,
11:54:52,17.463,100,
11:54:55,17.461,2500,
11:55:02,17.4657,100,
11:55:05,17.467,287,
11:55:07,17.47,600,
11:55:07,17.4699,600,
11:55:10,17.47,500,
11:55:13,17.46,794,
11:55:13,17.46,806,
11:55:16,17.4501,600,
11:55:16,17.4501,1100,
11:55:20,17.45,2000,
11:55:23,17.45,8000,
11:55:24,17.44,1000,
11:55:31,17.4499,200,
11:55:32,17.441,500,
11:55:43,17.4401,200,
11:55:44,17.44,500,
11:55:49,17.4468,2000,
11:55:55,17.44,3000,
11:55:55,17.45,200,
11:55:55,17.44,3000,
11:55:59,17.4405,1400,
11:55:59,17.4405,600,
11:56:08,17.4401,200,
11:56:08,17.4401,100,
11:56:08,17.4401,100,
11:56:08,17.45,400,
11:56:20,17.4505,1000,
11:56:35,17.4689,1700,
11:56:38,17.47,300,
11:56:49,17.4638,500,
11:56:55,17.4697,840,
11:57:03,17.48,4000,
11:57:09,17.4799,170,
11:57:17,17.48,254,
11:57:17,17.48,100,
11:57:17,17.48,100,
11:57:17,17.48,1300,
11:57:19,17.47,100,
11:57:22,17.4799,2500,
11:57:24,17.47,100,
11:57:26,17.479,100,
11:57:27,17.48,200,
11:57:32,17.48,100,
11:57:33,17.479,600,
11:57:33,17.485,5200,
11:57:34,17.478,300,
11:57:39,17.4899,14000,
11:57:41,17.49,5000,
11:57:43,17.49,1000,
11:57:43,17.49,200,
11:57:52,17.481,100,
11:57:53,17.49,5000,
11:57:59,17.481,100,
11:57:59,17.481,200,
11:57:59,17.481,1600,
11:58:03,17.47,900,
11:58:03,17.47,100,
11:58:05,17.4701,100,
11:58:06,17.479,500,
11:58:09,17.4613,650,
11:58:11,17.479,2400,
11:58:13,17.47,2400,
11:58:16,17.4601,2000,
11:58:20,17.456,100,
11:58:21,17.45,149,
11:58:21,17.46,200,
11:58:23,17.44,1000,
11:58:24,17.4401,6000,
11:58:26,17.4401,2900,
11:58:26,17.44,2000,
11:58:26,17.44,200,
11:58:26,17.4401,100,
11:58:26,17.4401,2000,
11:58:26,17.4499,2000,
11:58:29,17.45,500,
11:58:32,17.44,1000,
11:58:32,17.44,500,
11:58:34,17.44,500,
11:58:35,17.4401,300,
11:58:35,17.442,1000,
11:58:35,17.44,100,
11:58:35,17.44,100,
11:58:37,17.449,100,
11:58:38,17.448,800,
11:58:38,17.441,1000,
11:58:39,17.44,100,
11:58:39,17.4401,100,
11:58:43,17.4401,2500,
11:58:43,17.44,400,
11:58:43,17.44,100,
11:58:48,17.4499,900,
11:58:49,17.4486,115,
11:58:53,17.44,2000,
11:58:54,17.44,500,
11:58:59,17.45,600,
11:59:05,17.445,100,
11:59:06,17.44,100,
11:59:06,17.43,450,
11:59:06,17.42,300,
11:59:06,17.44,400,
11:59:11,17.448,333,
11:59:11,17.432,100,
11:59:12,17.43,3300,
11:59:13,17.4395,1500,
11:59:23,17.436,100,
11:59:26,17.439,200,
11:59:26,17.439,2900,
11:59:26,17.439,500,
11:59:26,17.439,1800,
11:59:26,17.439,1200,
11:59:49,17.4301,1000,
11:59:50,17.43,500,
11:59:50,17.43,100,
11:59:50,17.43,600,
11:59:51,17.4399,170,
11:59:56,17.43,600,
11:59:58,17.4212,2990,
12:00:02,17.4225,2500,
12:00:09,17.4211,1500,
12:00:11,17.421,1200,
12:00:12,17.43,100,
12:00:12,17.43,300,
12:00:28,17.4501,2500,
12:00:47,17.469,100,
12:00:47,17.468,1000,
12:01:01,17.468,1000,
12:01:02,17.46,100,
12:01:04,17.4499,3000,
12:01:06,17.44,100,
12:01:12,17.4405,1700,
12:01:13,17.44,500,
12:01:23,17.44,400,
12:01:30,17.4389,100,
12:01:32,17.4399,100,
12:01:34,17.44,150,
12:01:35,17.439,100,
12:01:35,17.441,800,
12:01:36,17.4362,1000,
12:01:41,17.448,300,
12:01:43,17.43,200,
12:01:46,17.42,1000,
12:01:58,17.438,500,
12:02:02,17.4301,10000,
12:02:20,17.429,500,
12:02:32,17.437,100,
12:02:44,17.437,100,
12:02:46,17.43,1100,
12:02:53,17.42,300,
12:02:54,17.42,200,
12:02:58,17.4299,200,
12:03:07,17.4213,1800,
12:03:08,17.422,1000,
12:03:36,17.4301,1000,
12:03:44,17.439,300,
12:04:04,17.43,1400,
12:04:05,17.43,462,
12:04:16,17.4301,2000,
12:04:35,17.431,1000,
12:04:48,17.442,2300,
12:04:48,17.4413,1100,
12:04:49,17.45,300,
12:04:50,17.45,100,
12:04:53,17.45,5000,
12:05:02,17.4599,100,
12:05:02,17.46,1100,
12:05:02,17.46,1100,
12:05:02,17.46,1000,
12:05:02,17.46,1000,
12:05:17,17.4505,1500,
12:05:35,17.455,500,
12:05:37,17.46,200,
12:05:37,17.45,300,
12:05:37,17.45,200,
12:05:39,17.45,500,
12:05:51,17.4587,500,
12:05:59,17.455,200,
12:05:59,17.46,100,
12:06:07,17.46,100,
12:06:07,17.46,600,
12:06:11,17.4595,1000,
12:06:17,17.45,500,
12:06:28,17.4472,100,
12:06:35,17.4375,100,
12:06:35,17.44,100,
12:06:50,17.43,1000,
12:06:52,17.432,2100,
12:06:52,17.432,500,
12:06:58,17.4201,200,
12:06:58,17.4261,100,
12:06:58,17.4201,400,
12:06:58,17.4237,100,
12:06:58,17.42,100,
12:06:59,17.421,2000,
12:07:03,17.43,400,
12:07:11,17.4299,200,
12:07:58,17.4399,300,
12:08:14,17.442,500,
12:08:45,17.4396,1000,
12:08:53,17.4301,300,
12:08:53,17.4301,600,
12:08:59,17.4399,500,
12:09:20,17.42,100,
12:09:29,17.43,25000,
12:09:41,17.4311,200,
12:09:42,17.439,100,
12:09:46,17.43,300,
12:09:46,17.4301,200,
12:09:46,17.4318,100,
12:09:46,17.4301,100,
12:09:57,17.42,175,
12:10:00,17.4295,200,
12:10:03,17.421,300,
12:10:12,17.42,700,
12:10:12,17.42,400,
12:10:12,17.42,300,
12:10:12,17.42,200,
12:10:21,17.421,800,
12:10:26,17.41,1000,
12:10:27,17.42,100,
12:10:29,17.41,200,
12:10:30,17.411,200,
12:10:30,17.412,700,
12:10:33,17.421,200,
12:10:36,17.42,1100,
12:10:43,17.41,700,
12:10:43,17.40,1000,
12:10:44,17.40,100,
12:10:44,17.40,100,
12:10:47,17.40,200,
12:10:50,17.40,300,
12:10:50,17.402,1000,
12:10:50,17.41,150,
12:10:50,17.41,400,
12:10:50,17.41,676,
12:10:51,17.40,1600,
12:10:51,17.40,300,
12:10:53,17.4001,100,
12:10:53,17.402,500,
12:10:54,17.40,100,
12:10:54,17.40,100,
12:10:57,17.4087,100,
12:10:57,17.4001,400,
12:10:57,17.40,200,
12:11:00,17.4088,100,
12:11:00,17.40,200,
12:11:00,17.4001,400,
12:11:00,17.39,1000,
12:11:03,17.39,500,
12:11:05,17.40,500,
12:11:10,17.4001,600,
12:11:10,17.4001,600,
12:11:10,17.4075,500,
12:11:13,17.4001,700,
12:11:13,17.40,300,
12:11:17,17.4001,2000,
12:11:42,17.39,575,
12:11:43,17.39,100,
12:11:43,17.39,600,
12:11:49,17.3801,2100,
12:11:49,17.3801,3000,
12:11:49,17.3835,1100,
12:11:49,17.381,100,
12:11:51,17.3701,100,
12:11:53,17.38,300,
12:11:57,17.372,1000,
12:12:04,17.38,1300,
12:12:04,17.38,2000,
12:12:12,17.39,150,
12:12:20,17.398,1100,
12:12:31,17.39,100,
12:12:42,17.3995,500,
12:12:55,17.40,100,
12:13:00,17.3975,2000,
12:13:06,17.392,600,
12:13:09,17.3999,3000,
12:13:32,17.41,2000,
12:13:48,17.411,225,
12:14:18,17.419,500,
12:14:27,17.41,300,
12:14:29,17.41,200,
12:14:29,17.41,200,
12:14:51,17.4099,1000,
12:15:10,17.4089,400,
12:15:14,17.402,500,
12:15:33,17.41,12750,
12:15:46,17.408,550,
12:16:05,17.392,1000,
12:16:22,17.3877,100,
12:16:22,17.3801,300,
12:16:22,17.3801,300,
12:16:22,17.38,100,
12:16:26,17.38,100,
12:16:30,17.373,300,
12:16:33,17.379,1400,
12:17:06,17.371,1740,
12:17:08,17.3795,200,
12:17:11,17.3799,2000,
12:17:11,17.38,1000,
12:17:26,17.3805,250,
12:17:33,17.38,100,
12:18:24,17.381,500,
12:18:30,17.383,100,
12:18:37,17.38,300,
12:18:37,17.38,400,
12:18:38,17.38,500,
12:18:38,17.38,400,
12:18:38,17.38,500,
12:18:58,17.39,400,
12:19:02,17.39,399,
12:19:04,17.39,800,
12:19:04,17.39,100,
12:19:18,17.389,2000,
12:19:20,17.3911,1000,
12:19:21,17.399,400,
12:20:26,17.39,100,
12:20:28,17.40,300,
12:20:28,17.40,300,
12:20:31,17.40,2000,
12:20:36,17.41,1600,
12:20:46,17.43,800,
12:20:46,17.43,100,
12:20:47,17.44,800,
12:20:48,17.44,200,
12:20:48,17.44,1000,
12:20:56,17.44,100,
12:20:56,17.44,100,
12:21:03,17.44,800,
12:21:11,17.43,800,
12:21:15,17.43,800,
12:21:23,17.43,800,
12:21:25,17.429,1800,
12:21:27,17.43,200,
12:21:32,17.43,1000,
12:21:47,17.4301,2800,
12:22:19,17.4301,3000,
12:22:50,17.438,1200,
12:22:50,17.44,600,
12:23:05,17.4389,200,
12:23:05,17.44,100,
12:23:12,17.4395,100,
12:23:26,17.4397,150,
12:23:44,17.44,100,
12:23:44,17.44,500,
12:23:46,17.44,100,
12:23:48,17.4395,162,
12:23:55,17.43,400,
12:23:55,17.43,200,
12:23:55,17.43,400,
12:23:58,17.43,370,
12:24:05,17.4201,2000,
12:24:12,17.421,500,
12:24:12,17.42,400,
12:24:16,17.42,2000,
12:24:16,17.43,100,
12:24:16,17.43,200,
12:24:20,17.44,600,
12:24:30,17.4411,1000,
12:24:33,17.4401,300,
12:24:54,17.4401,500,
12:25:16,17.43,500,
12:25:28,17.4301,1800,
12:25:28,17.44,100,
12:25:41,17.44,100,
12:25:46,17.44,100,
12:26:08,17.438,2000,
12:26:19,17.45,300,
12:26:46,17.449,1500,
12:27:07,17.45,100,
12:27:18,17.44,200,
12:27:18,17.44,500,
12:27:25,17.44,1000,
12:27:49,17.431,2000,
12:28:07,17.4399,100,
12:28:23,17.44,100,
12:28:23,17.44,100,
12:28:30,17.432,1000,
12:28:57,17.439,700,
12:28:58,17.439,600,
12:29:03,17.439,124,
12:29:03,17.439,200,
12:29:05,17.439,110,
12:29:05,17.439,200,
12:29:31,17.44,100,
12:30:03,17.44,500,
12:30:04,17.431,1500,
12:30:10,17.439,425,
12:30:12,17.44,100,
12:30:12,17.44,1100,
12:30:12,17.44,100,
12:30:15,17.44,200,
12:31:01,17.4313,3600,
12:31:19,17.439,100,
12:31:23,17.432,3400,
12:31:23,17.43,2400,
12:31:24,17.43,100,
12:31:56,17.44,400,
12:31:56,17.44,100,
12:31:56,17.44,100,
12:31:56,17.44,800,
12:31:56,17.44,100,
12:32:02,17.44,500,
12:32:52,17.4215,6200,
12:33:09,17.4295,500,
12:33:34,17.42,1000,
12:33:34,17.41,700,
12:33:42,17.40,540,
12:33:50,17.40,500,
12:33:50,17.40,100,
12:33:52,17.40,850,
12:34:02,17.40,1000,
12:34:03,17.40,600,
12:34:03,17.40,500,
12:34:03,17.40,200,
12:34:11,17.40,200,
12:34:11,17.40,300,
12:34:11,17.40,100,
12:34:11,17.4001,100,
12:34:11,17.40,550,
12:34:11,17.40,1300,
12:34:11,17.40,650,
12:34:12,17.4038,7000,
12:34:19,17.401,150,
12:34:36,17.4099,635,
12:34:36,17.40,100,
12:34:43,17.392,500,
12:34:49,17.39,700,
12:34:49,17.39,1300,
12:34:55,17.41,400,
12:35:07,17.418,900,
12:35:19,17.42,400,
12:35:30,17.418,700,
12:36:08,17.41,100,
12:36:08,17.41,200,
12:36:11,17.40,400,
12:36:11,17.40,642,
12:36:11,17.40,100,
12:36:11,17.405,100,
12:36:12,17.40,300,
12:36:12,17.40,320,
12:36:13,17.40,100,
12:36:13,17.40,13726,
12:36:13,17.40,100,
12:36:13,17.40,100,
12:36:28,17.407,100,
12:37:25,17.402,1500,
12:37:54,17.41,100,
12:38:18,17.4096,500,
12:38:26,17.41,900,
12:38:26,17.41,200,
12:39:28,17.401,500,
12:39:44,17.406,1000,
12:40:02,17.4066,200,
12:40:18,17.40,100,
12:40:29,17.401,200,
12:40:32,17.40,400,
12:40:32,17.40,1200,
12:40:32,17.39,300,
12:40:44,17.37,500,
12:40:44,17.3701,800,
12:40:44,17.37,120,
12:40:44,17.36,5000,
12:40:47,17.36,4730,
12:40:49,17.37,100,
12:41:03,17.36,200,
12:41:03,17.36,100,
12:41:03,17.36,100,
12:41:03,17.35,1200,
12:41:03,17.36,300,
12:41:04,17.36,200,
12:41:06,17.36,500,
12:41:08,17.3601,1200,
12:41:17,17.36,200,
12:41:19,17.36,100,
12:41:26,17.35,400,
12:41:36,17.3543,125,
12:41:38,17.35,100,
12:41:38,17.35,600,
12:41:38,17.35,100,
12:41:38,17.35,200,
12:41:38,17.35,400,
12:41:39,17.35,100,
12:41:39,17.35,600,
12:41:40,17.35,600,
12:41:40,17.35,600,
12:41:40,17.35,600,
12:41:49,17.358,750,
12:41:53,17.3525,4300,
12:42:05,17.35,300,
12:42:06,17.3543,125,
12:42:07,17.3501,1100,
12:42:09,17.35,100,
12:42:10,17.353,100,
12:42:23,17.3501,2000,
12:42:23,17.35,1800,
12:42:24,17.352,200,
12:42:26,17.3521,150,
12:42:56,17.351,100,
12:43:01,17.35,500,
12:43:25,17.35,200,
12:43:31,17.3601,2090,
12:43:53,17.3699,2000,
12:44:06,17.3611,100,
12:44:20,17.37,100,
12:44:58,17.3696,1100,
12:45:11,17.3795,200,
12:45:25,17.378,500,
12:45:47,17.37,825,
12:46:14,17.368,1000,
12:46:35,17.36,100,
12:47:20,17.352,1000,
12:47:37,17.3501,500,
12:47:47,17.3501,200,
12:47:47,17.35,200,
12:47:47,17.35,400,
12:48:24,17.34,1000,
12:48:28,17.3405,1000,
12:48:34,17.34,200,
12:48:34,17.3501,1600,
12:48:37,17.349,100,
12:48:44,17.34,29000,
12:48:57,17.35,200,
12:49:19,17.3599,200,
12:49:32,17.3505,300,
12:49:39,17.35,100,
12:49:39,17.36,227,
12:49:45,17.3672,200,
12:50:31,17.3501,200,
12:51:03,17.34,200,
12:51:04,17.34,400,
12:51:50,17.3425,2400,
12:52:01,17.34,1300,
12:52:02,17.33,100,
12:52:02,17.32,300,
12:52:03,17.3101,8000,
12:52:05,17.322,1000,
12:52:11,17.32,400,
12:52:11,17.32,1400,
12:52:14,17.322,100,
12:52:14,17.32,5800,
12:52:26,17.329,1300,
12:52:28,17.3299,265,
12:52:50,17.327,300,
12:52:56,17.31,100,
12:52:57,17.3189,630,
12:52:59,17.32,100,
12:53:05,17.312,1200,
12:53:19,17.321,300,
12:53:35,17.329,1500,
12:53:36,17.3211,350,
12:53:36,17.32,100,
12:53:39,17.3216,1000,
12:54:12,17.321,1500,
12:54:27,17.3233,1000,
12:55:02,17.32,300,
12:55:02,17.32,100,
12:55:32,17.322,100,
12:55:40,17.321,200,
12:55:44,17.33,1300,
12:55:44,17.33,300,
12:55:44,17.33,200,
12:55:44,17.33,400,
12:55:44,17.33,400,
12:55:44,17.33,2000,
12:55:44,17.33,500,
12:55:46,17.34,100,
12:55:46,17.34,500,
12:55:46,17.33,100,
12:56:00,17.33,700,
12:56:08,17.33,1100,
12:56:12,17.3287,1000,
12:56:42,17.327,105,
12:56:43,17.3115,250,
12:57:13,17.31,100,
12:57:13,17.31,300,
12:57:13,17.31,100,
12:57:13,17.31,500,
12:57:16,17.3199,2000,
12:57:52,17.3199,2000,
12:58:00,17.30,170,
12:58:00,17.302,500,
12:58:02,17.30,600,
12:58:21,17.3099,3000,
12:58:38,17.3099,2000,
12:58:52,17.3099,300,
12:58:52,17.31,600,
12:58:52,17.3099,100,
12:58:52,17.3099,300,
12:58:52,17.3099,600,
12:58:52,17.3099,100,
12:58:52,17.3099,100,
12:58:52,17.3099,100,
12:58:52,17.3099,1200,
12:59:37,17.31,2700,
12:59:37,17.31,300,
12:59:44,17.30,500,
12:59:54,17.30,200,
12:59:57,17.29,2500,
12:59:57,17.29,400,
13:00:05,17.29,300,
13:00:05,17.29,200,
13:00:05,17.29,200,
13:00:05,17.28,800,
13:00:05,17.28,300,
13:00:05,17.28,500,
13:00:05,17.28,100,
13:00:05,17.28,100,
13:00:05,17.28,300,
13:00:05,17.28,700,
13:00:05,17.27,300,
13:00:05,17.29,300,
13:00:05,17.27,200,
13:00:05,17.27,600,
13:00:05,17.27,600,
13:00:05,17.27,1200,
13:00:05,17.27,300,
13:00:05,17.27,300,
13:00:05,17.27,1000,
13:00:05,17.27,200,
13:00:06,17.27,200,
13:00:09,17.28,400,
13:00:09,17.28,300,
13:00:12,17.28,500,
13:00:15,17.281,100,
13:00:18,17.281,300,
13:00:20,17.29,600,
13:00:21,17.29,100,
13:00:25,17.2999,100,
13:00:26,17.30,100,
13:00:26,17.2999,100,
13:00:26,17.30,100,
13:00:26,17.2999,400,
13:00:26,17.30,485,
13:00:26,17.2999,100,
13:00:26,17.2999,100,
13:00:26,17.2999,100,
13:00:27,17.30,100,
13:00:27,17.30,200,
13:00:27,17.30,100,
13:00:27,17.2999,200,
13:00:27,17.30,260,
13:00:27,17.2999,100,
13:00:28,17.30,100,
13:00:28,17.30,100,
13:00:28,17.2999,4310,
13:00:28,17.30,100,
13:00:28,17.30,100,
13:00:28,17.30,100,
13:00:33,17.30,100,
13:00:36,17.30,200,
13:00:44,17.31,500,
13:00:44,17.31,500,
13:00:46,17.31,2000,
13:00:47,17.31,2146,
13:00:56,17.3005,1500,
13:01:07,17.32,100,
13:01:16,17.3199,800,
13:01:16,17.3199,800,
13:01:17,17.3299,3000,
13:01:18,17.33,700,
13:01:26,17.328,100,
13:01:27,17.329,1000,
13:01:38,17.32,100,
13:01:39,17.31,100,
13:01:39,17.31,200,
13:01:39,17.30,100,
13:01:46,17.30,100,
13:01:51,17.3011,500,
13:02:01,17.31,300,
13:02:01,17.31,600,
13:02:01,17.31,300,
13:02:01,17.31,1150,
13:02:01,17.31,400,
13:02:03,17.31,200,
13:02:12,17.33,2000,
13:02:22,17.3207,200,
13:02:26,17.3299,200,
13:02:43,17.33,100,
13:02:43,17.32,500,
13:02:45,17.33,2000,
13:02:59,17.3284,100,
13:03:14,17.32,100,
13:03:39,17.31,500,
13:04:02,17.3199,12000,
13:04:25,17.32,300,
13:05:09,17.31,100,
13:05:31,17.32,100,
13:05:34,17.32,300,
13:06:12,17.317,100,
13:07:20,17.3189,500,
13:07:51,17.31,300,
13:07:51,17.31,200,
13:07:51,17.31,2000,
13:07:51,17.31,600,
13:07:54,17.30,2000,
13:08:09,17.3111,508,
13:09:18,17.32,100,
13:09:22,17.32,354,
13:09:45,17.33,400,
13:09:54,17.32,200,
13:09:54,17.32,600,
13:10:00,17.32,100,
13:10:34,17.319,800,
13:10:36,17.3175,2000,
13:11:04,17.329,300,
13:11:07,17.3279,1000,
13:11:10,17.33,500,
13:11:10,17.33,300,
13:11:10,17.33,100,
13:11:10,17.33,300,
13:11:10,17.33,100,
13:11:10,17.33,100,
13:11:10,17.33,100,
13:11:10,17.33,100,
13:11:10,17.33,200,
13:11:10,17.33,200,
13:11:10,17.33,200,
13:11:10,17.33,200,
13:11:10,17.33,200,
13:11:15,17.33,100,
13:11:15,17.329,1700,
13:11:16,17.329,1200,
13:11:18,17.329,1200,
13:11:18,17.33,13900,
13:11:21,17.329,400,
13:11:22,17.33,1200,
13:11:24,17.33,400,
13:11:24,17.3395,500,
13:11:30,17.349,4000,
13:11:37,17.349,2000,
13:11:40,17.3485,200,
13:11:44,17.349,1200,
13:11:48,17.3499,9600,
13:11:57,17.349,200,
13:12:02,17.3499,5000,
13:12:10,17.3445,3000,
13:12:12,17.34,500,
13:12:15,17.339,200,
13:12:16,17.34,500,
13:12:16,17.34,100,
13:12:16,17.34,100,
13:12:16,17.34,300,
13:12:16,17.34,400,
13:12:23,17.3485,1700,
13:12:44,17.3401,3000,
13:12:45,17.35,600,
13:13:03,17.35,100,
13:13:08,17.36,400,
13:13:08,17.36,1000,
13:13:08,17.36,100,
13:13:10,17.37,100,
13:13:11,17.36,1000,
13:13:12,17.359,100,
13:13:13,17.358,280,
13:13:19,17.35,100,
13:13:20,17.35,500,
13:13:21,17.35,500,
13:13:21,17.35,200,
13:13:27,17.3499,7500,
13:13:29,17.35,300,
13:13:32,17.3499,4000,
13:13:32,17.35,1400,
13:13:36,17.35,300,
13:13:39,17.35,1000,
13:13:49,17.34,500,
13:13:53,17.3496,200,
13:14:33,17.34,5000,
13:14:38,17.3499,4600,
13:14:38,17.35,6500,
13:14:38,17.35,400,
13:14:38,17.35,1904,
13:14:38,17.35,600,
13:14:38,17.35,3700,
13:14:38,17.35,600,
13:14:38,17.35,600,
13:14:55,17.3595,1000,
13:15:05,17.36,500,
13:15:05,17.36,500,
13:15:05,17.36,500,
13:15:05,17.36,300,
13:15:05,17.36,200,
13:15:09,17.36,100,
13:15:24,17.36,200,
13:15:24,17.36,501,
13:15:24,17.36,600,
13:15:42,17.36,600,
13:15:49,17.35,8000,
13:16:10,17.35,200,
13:16:14,17.36,200,
13:16:17,17.36,200,
13:16:17,17.36,200,
13:16:17,17.36,200,
13:16:17,17.36,200,
13:16:17,17.36,100,
13:16:17,17.36,100,
13:16:17,17.36,100,
13:16:17,17.36,600,
13:16:22,17.36,500,
13:16:29,17.3601,2400,
13:16:29,17.36,400,
13:16:34,17.3795,1150,
13:16:43,17.3687,1650,
13:17:13,17.361,2000,
13:17:13,17.37,600,
13:17:43,17.3699,400,
13:18:29,17.369,400,
13:18:48,17.369,300,
13:18:58,17.37,10000,
13:19:05,17.36,800,
13:19:05,17.36,100,
13:19:05,17.36,300,
13:19:16,17.35,100,
13:19:16,17.35,200,
13:19:17,17.35,699,
13:19:17,17.35,400,
13:19:17,17.35,500,
13:19:17,17.35,400,
13:19:17,17.35,600,
13:19:17,17.35,600,
13:19:17,17.35,300,
13:19:17,17.35,200,
13:19:17,17.35,100,
13:19:18,17.35,1001,
13:19:22,17.34,1400,
13:19:26,17.34,750,
13:19:50,17.34,400,
13:19:50,17.34,200,
13:19:50,17.3501,100,
13:19:50,17.35,500,
13:19:50,17.3469,400,
13:20:19,17.35,100,
13:21:04,17.358,1000,
13:21:14,17.36,100,
13:21:26,17.3584,250,
13:21:52,17.35,100,
13:22:13,17.3589,100,
13:22:41,17.35,400,
13:23:41,17.34,2000,
13:23:59,17.35,460,
13:24:34,17.3499,200,
13:24:47,17.35,100,
13:24:47,17.35,100,
13:24:56,17.3595,300,
13:25:22,17.349,900,
13:26:03,17.35,400,
13:26:03,17.35,600,
13:26:10,17.34,100,
13:26:11,17.34,100,
13:26:16,17.34,400,
13:26:35,17.34,400,
13:26:35,17.35,100,
13:27:03,17.3499,1700,
13:27:03,17.34,200,
13:27:03,17.34,100,
13:27:05,17.34,100,
13:27:05,17.34,100,
13:27:35,17.3401,290,
13:27:56,17.35,100,
13:27:56,17.35,100,
13:28:01,17.35,100,
13:28:06,17.35,200,
13:28:13,17.35,180,
13:28:14,17.35,600,
13:28:27,17.36,500,
13:28:35,17.36,400,
13:29:40,17.3501,850,
13:29:54,17.33,200,
13:30:02,17.3399,500,
13:30:12,17.33,100,
13:30:13,17.331,100,
13:30:20,17.331,200,
13:31:08,17.332,1800,
13:31:10,17.331,1500,
13:31:20,17.3215,6200,
13:31:24,17.32,700,
13:32:07,17.33,290,
13:32:07,17.33,100,
13:32:07,17.33,100,
13:32:47,17.33,100,
13:33:29,17.34,100,
13:33:29,17.34,500,
13:33:59,17.3593,2000,
13:34:10,17.35,6000,
13:34:46,17.3599,100,
13:34:56,17.36,400,
13:34:59,17.359,200,
13:36:05,17.364,100,
13:36:13,17.3587,1000,
13:36:14,17.35,100,
13:36:17,17.35,300,
13:36:17,17.349,200,
13:36:17,17.35,600,
13:38:14,17.33,600,
13:39:13,17.3387,1000,
13:39:14,17.33,500,
13:39:15,17.33,900,
13:40:01,17.32,900,
13:40:01,17.32,500,
13:40:06,17.30,1000,
13:40:07,17.31,100,
13:40:08,17.311,100,
13:40:11,17.312,1600,
13:40:35,17.3199,7000,
13:40:49,17.3201,2000,
13:40:57,17.32,300,
13:40:57,17.32,600,
13:40:57,17.32,200,
13:40:57,17.32,1600,
13:41:44,17.3299,500,
13:42:14,17.33,3000,
13:42:39,17.33,400,
13:42:39,17.33,100,
13:42:40,17.33,100,
13:42:45,17.34,2100,
13:42:56,17.339,700,
13:43:02,17.339,135,
13:43:13,17.339,600,
13:43:15,17.3375,500,
13:43:59,17.34,100,
13:43:59,17.34,100,
13:44:00,17.349,700,
13:44:05,17.34,600,
13:44:05,17.34,100,
13:45:03,17.3487,1000,
13:45:30,17.35,100,
13:45:30,17.35,400,
13:45:39,17.35,200,
13:46:11,17.35,100,
13:46:50,17.36,100,
13:46:56,17.359,2000,
13:47:10,17.36,100,
13:47:17,17.36,170,
13:47:17,17.36,300,
13:47:22,17.36,100,
13:47:22,17.359,700,
13:47:23,17.35,700,
13:47:24,17.35,600,
13:47:49,17.359,100,
13:48:14,17.3599,800,
13:48:20,17.36,400,
13:48:36,17.351,400,
13:48:48,17.36,100,
13:48:50,17.36,400,
13:48:51,17.359,300,
13:48:51,17.359,300,
13:49:27,17.359,400,
13:49:34,17.359,600,
13:49:36,17.35,600,
13:49:36,17.35,100,
13:50:30,17.35,500,
13:50:30,17.35,800,
13:50:44,17.3487,500,
13:51:10,17.3599,500,
13:51:43,17.35,500,
13:51:46,17.35,1300,
13:51:54,17.35,1000,
13:52:19,17.3487,700,
13:53:08,17.3499,500,
13:53:41,17.34,100,
13:53:41,17.34,1200,
13:53:48,17.34,200,
13:53:51,17.3313,120,
13:53:56,17.34,600,
13:53:56,17.34,300,
13:53:56,17.34,100,
13:53:56,17.34,100,
13:53:56,17.34,600,
13:53:56,17.34,300,
13:54:20,17.349,200,
13:54:41,17.349,300,
13:55:02,17.34,100,
13:55:02,17.34,300,
13:55:02,17.34,200,
13:55:02,17.34,100,
13:55:12,17.337,200,
13:55:32,17.3301,1000,
13:56:02,17.34,100,
13:56:22,17.34,100,
13:56:22,17.34,200,
13:56:37,17.3399,100,
13:56:58,17.33,200,
13:58:32,17.35,100,
13:59:20,17.3399,100,
13:59:33,17.33,100,
13:59:41,17.3296,500,
13:59:54,17.33,500,
14:00:06,17.33,100,
14:00:06,17.33,200,
14:00:10,17.33,100,
14:01:00,17.3199,100,
14:01:00,17.319,200,
14:01:00,17.31,400,
14:01:00,17.327,400,
14:01:01,17.31,100,
14:01:02,17.31,100,
14:01:09,17.30,200,
14:01:09,17.30,100,
14:01:09,17.30,100,
14:01:09,17.30,100,
14:01:21,17.309,100,
14:01:39,17.3014,1000,
14:01:44,17.32,100,
14:01:45,17.32,100,
14:01:45,17.32,200,
14:01:45,17.32,400,
14:02:08,17.3115,1599,
14:02:17,17.329,1000,
14:02:18,17.33,200,
14:02:18,17.329,1308,
14:02:22,17.32,100,
14:02:22,17.32,1000,
14:02:22,17.32,200,
14:02:22,17.32,700,
14:02:25,17.31,108,
14:02:29,17.32,100,
14:02:29,17.32,300,
14:02:30,17.311,3000,
14:02:35,17.3297,100,
14:02:49,17.3299,3000,
14:02:54,17.33,400,
14:03:17,17.33,500,
14:03:17,17.33,800,
14:03:17,17.33,1700,
14:03:17,17.33,408,
14:04:14,17.33,100,
14:04:14,17.33,600,
14:04:14,17.33,450,
14:04:14,17.33,700,
14:04:16,17.33,2500,
14:04:51,17.3387,500,
14:05:32,17.34,10000,
14:05:44,17.349,500,
14:05:51,17.35,100,
14:06:01,17.35,100,
14:06:25,17.349,1000,
14:06:36,17.348,1000,
14:06:58,17.349,1400,
14:07:02,17.36,100,
14:07:22,17.36,300,
14:07:22,17.36,300,
14:07:55,17.359,200,
14:09:05,17.34,100,
14:10:42,17.34,100,
14:10:42,17.34,400,
14:10:42,17.34,300,
14:10:42,17.34,500,
14:10:42,17.34,1450,
14:10:42,17.34,1250,
14:10:42,17.34,100,
14:10:47,17.34,200,
14:10:47,17.34,400,
14:10:47,17.34,800,
14:11:34,17.34,600,
14:11:35,17.348,700,
14:12:28,17.33,100,
14:12:52,17.33,400,
14:13:20,17.339,100,
14:14:40,17.331,2000,
14:14:56,17.35,200,
14:15:20,17.343,100,
14:15:23,17.35,3000,
14:15:36,17.35,100,
14:16:12,17.36,100,
14:16:50,17.3504,1700,
14:17:14,17.3589,1000,
14:17:41,17.3477,200,
14:18:10,17.3495,200,
14:18:58,17.345,200,
14:19:29,17.348,1095,
14:20:29,17.34,100,
14:20:59,17.349,500,
14:21:18,17.348,500,
14:21:24,17.34,100,
14:21:24,17.33,400,
14:21:42,17.34,600,
14:21:43,17.34,100,
14:21:43,17.34,500,
14:21:59,17.348,5000,
14:22:15,17.34,700,
14:22:15,17.34,400,
14:22:15,17.33,100,
14:22:15,17.33,100,
14:22:15,17.34,200,
14:22:15,17.34,400,
14:22:15,17.33,300,
14:22:15,17.33,100,
14:22:15,17.33,100,
14:22:19,17.33,600,
14:22:58,17.3201,2000,
14:23:07,17.3201,2000,
14:23:17,17.32,300,
14:23:17,17.32,1000,
14:23:18,17.32,100,
14:23:18,17.32,300,
14:23:22,17.32,300,
14:24:22,17.33,300,
14:24:30,17.3299,500,
14:25:00,17.32,400,
14:25:16,17.3199,3000,
14:25:23,17.3101,2000,
14:25:31,17.31,300,
14:25:40,17.3087,500,
14:25:40,17.31,300,
14:25:42,17.309,600,
14:25:44,17.30,400,
14:25:44,17.3075,2000,
14:25:45,17.30,200,
14:25:59,17.31,300,
14:25:59,17.31,300,
14:26:01,17.31,300,
14:26:12,17.3013,500,
14:26:14,17.30,100,
14:26:14,17.30,100,
14:26:15,17.30,1600,
14:26:31,17.30,235,
14:26:49,17.3001,160,
14:26:56,17.309,100,
14:27:06,17.31,100,
14:27:07,17.32,100,
14:27:07,17.32,100,
14:27:10,17.33,2400,
14:27:15,17.329,200,
14:27:23,17.33,100,
14:27:27,17.34,240,
14:27:31,17.33,199,
14:27:54,17.3295,1000,
14:28:34,17.3287,2000,
14:28:35,17.3289,100,
14:28:39,17.329,200,
14:28:55,17.33,600,
14:28:55,17.33,300,
14:29:06,17.33,300,
14:29:20,17.338,150,
14:29:29,17.33,300,
14:29:29,17.33,100,
14:29:30,17.31,200,
14:29:30,17.31,800,
14:29:57,17.30,100,
14:30:09,17.31,100,
14:30:09,17.31,100,
14:30:24,17.30,100,
14:30:44,17.3025,2000,
14:30:50,17.3095,800,
14:31:05,17.301,900,
14:31:19,17.30,100,
14:31:22,17.30,100,
14:31:34,17.30,500,
14:31:45,17.291,2000,
14:31:50,17.29,400,
14:31:50,17.29,400,
14:31:50,17.29,100,
14:31:50,17.29,300,
14:31:50,17.29,100,
14:31:50,17.29,1200,
14:31:50,17.29,100,
14:31:54,17.29,100,
14:31:54,17.2911,500,
14:31:55,17.29,1600,
14:31:57,17.28,200,
14:31:57,17.28,300,
14:32:03,17.28,200,
14:32:11,17.299,1800,
14:32:13,17.29,200,
14:32:23,17.29,1200,
14:32:39,17.28,200,
14:32:39,17.28,200,
14:32:43,17.28,300,
14:32:43,17.28,300,
14:32:47,17.28,200,
14:32:47,17.28,100,
14:32:47,17.28,400,
14:32:54,17.27,100,
14:32:58,17.27,100,
14:33:06,17.2789,300,
14:33:17,17.28,300,
14:33:17,17.28,100,
14:33:20,17.28,600,
14:33:20,17.28,600,
14:33:21,17.28,500,
14:33:22,17.289,900,
14:33:27,17.28,600,
14:33:45,17.2857,500,
14:33:52,17.29,100,
14:34:12,17.27,1200,
14:34:12,17.27,500,
14:34:12,17.27,500,
14:34:12,17.27,400,
14:34:12,17.27,100,
14:34:12,17.27,1000,
14:34:12,17.27,400,
14:34:12,17.26,100,
14:34:12,17.26,500,
14:34:12,17.26,400,
14:34:12,17.26,400,
14:34:12,17.26,400,
14:34:12,17.27,400,
14:34:12,17.27,400,
14:34:12,17.27,400,
14:34:12,17.26,100,
14:34:12,17.25,1500,
14:34:12,17.25,900,
14:34:12,17.25,400,
14:34:12,17.25,100,
14:34:12,17.25,400,
14:34:13,17.26,800,
14:34:14,17.261,100,
14:34:15,17.26,1300,
14:34:17,17.26,3000,
14:34:17,17.26,500,
14:34:17,17.26,195,
14:34:20,17.25,6746,
14:34:24,17.26,100,
14:34:29,17.27,300,
14:34:34,17.26,500,
14:34:37,17.2601,1600,
14:34:48,17.262,1000,
14:34:53,17.26,500,
14:34:57,17.2611,500,
14:34:57,17.26,100,
14:34:57,17.26,100,
14:35:05,17.26,200,
14:35:06,17.26,100,
14:35:06,17.26,300,
14:35:06,17.26,300,
14:35:06,17.26,300,
14:35:06,17.26,100,
14:35:06,17.26,100,
14:35:11,17.26,150,
14:35:16,17.25,200,
14:35:16,17.25,500,
14:35:16,17.25,257,
14:35:16,17.25,100,
14:35:16,17.25,443,
14:35:16,17.25,1500,
14:35:16,17.25,1000,
14:35:16,17.24,300,
14:35:16,17.24,200,
14:35:16,17.24,120,
14:35:16,17.25,1000,
14:35:16,17.24,1200,
14:35:16,17.24,1600,
14:35:16,17.24,300,
14:35:16,17.24,300,
14:35:16,17.23,500,
14:35:16,17.23,300,
14:35:16,17.24,2000,
14:35:16,17.24,800,
14:35:17,17.2401,2100,
14:35:17,17.241,200,
14:35:17,17.24,200,
14:35:17,17.25,1400,
14:35:17,17.23,1700,
14:35:18,17.24,750,
14:35:18,17.24,1500,
14:35:18,17.2305,900,
14:35:18,17.24,300,
14:35:18,17.23,280,
14:35:20,17.2399,2769,
14:35:24,17.232,500,
14:35:27,17.232,1000,
14:35:30,17.232,1000,
14:35:31,17.24,100,
14:35:31,17.24,600,
14:35:31,17.24,200,
14:35:33,17.25,600,
14:35:33,17.25,200,
14:35:33,17.25,569,
14:35:36,17.241,100,
14:35:36,17.241,100,
14:35:36,17.2413,100,
14:35:37,17.245,100,
14:35:37,17.24,100,
14:35:37,17.2413,100,
14:35:39,17.25,100,
14:35:42,17.2401,5000,
14:35:44,17.25,300,
14:35:45,17.25,100,
14:35:46,17.25,365,
14:35:55,17.2501,5000,
14:35:56,17.27,800,
14:36:00,17.26,710,
14:36:00,17.26,190,
14:36:20,17.27,300,
14:36:30,17.277,300,
14:36:36,17.28,500,
14:36:37,17.2789,500,
14:36:38,17.28,100,
14:36:38,17.28,100,
14:36:54,17.28,200,
14:37:09,17.2775,3400,
14:37:15,17.28,4000,
14:37:35,17.2701,3300,
14:37:45,17.2795,1000,
14:37:48,17.268,500,
14:38:20,17.2795,1000,
14:38:41,17.289,300,
14:39:17,17.2801,2900,
14:39:45,17.288,500,
14:39:47,17.29,200,
14:39:47,17.29,9750,
14:39:47,17.29,100,
14:40:38,17.288,1000,
14:41:11,17.29,200,
14:41:11,17.28,100,
14:41:11,17.28,100,
14:41:23,17.2701,100,
14:41:30,17.273,200,
14:41:31,17.27,100,
14:41:32,17.28,100,
14:41:57,17.279,100,
14:42:06,17.30,300,
14:42:06,17.30,100,
14:42:06,17.30,700,
14:42:06,17.30,100,
14:42:06,17.29,100,
14:42:06,17.29,500,
14:42:06,17.29,500,
14:42:06,17.30,1600,
14:42:06,17.30,600,
14:42:06,17.29,100,
14:42:14,17.2967,965,
14:42:31,17.29,400,
14:42:46,17.299,100,
14:42:46,17.299,200,
14:42:52,17.2978,600,
14:42:52,17.2999,100,
14:42:52,17.30,100,
14:43:03,17.30,700,
14:43:03,17.30,300,
14:43:03,17.30,200,
14:43:16,17.29,200,
14:43:22,17.299,100,
14:43:43,17.294,1250,
14:44:17,17.29,100,
14:44:43,17.299,369,
