09:30:00,16.15,1800,
09:30:00,16.15,600,
09:30:01,16.151,200,
09:30:03,16.151,300,
09:30:03,16.151,4000,
09:30:03,16.151,185,
09:30:06,16.17,342,
09:30:06,16.151,100,
09:30:06,16.151,200,
09:30:06,16.151,100,
09:30:07,16.18,1658,
09:30:07,16.19,600,
09:30:08,16.20,200,
09:30:11,16.20,600,
09:30:13,16.179,3100,
09:30:16,16.18,1000,
09:30:17,16.189,500,
09:30:18,16.15,5112,
09:30:19,16.19,158,
09:30:19,16.19,1500,
09:30:19,16.189,400,
09:30:20,16.15,148,
09:30:27,16.18,10800,
09:30:28,16.152,500,
09:30:29,16.193,337,
09:30:29,16.1985,5740,
09:30:29,16.189,4600,
09:30:32,16.1901,3000,
09:30:33,16.1599,500,
09:30:33,16.1596,200,
09:30:33,16.1501,2800,
09:30:33,16.15,1000,
09:30:33,16.15,122,
09:30:33,16.1995,500,
09:30:35,16.198,1850,
09:30:35,16.1905,547,
09:30:36,16.189,2850,
09:30:36,16.1999,400,
09:30:37,16.19,12500,
09:30:38,16.18,1358,
09:30:38,16.18,100,
09:30:38,16.1801,200,
09:30:40,16.189,7100,
09:30:40,16.189,1000,
09:30:40,16.187,200,
09:30:42,16.189,300,
09:30:45,16.18,1000,
09:30:47,16.181,600,
09:30:47,16.18,1800,
09:30:47,16.18,400,
09:30:47,16.1801,900,
09:30:47,16.1801,5000,
09:30:47,16.18,200,
09:30:53,16.179,300,
09:30:55,16.17,843,
09:30:58,16.173,253,
09:30:59,16.179,700,
09:31:02,16.18,200,
09:31:04,16.171,370,
09:31:05,16.18,100,
09:31:05,16.18,600,
09:31:06,16.18,316,
09:31:06,16.19,100,
09:31:06,16.19,100,
09:31:07,16.1887,1000,
09:31:13,16.189,700,
09:31:13,16.189,700,
09:31:20,16.18,132,
09:31:32,16.17,200,
09:31:32,16.17,100,
09:31:32,16.17,100,
09:31:32,16.1701,200,
09:31:32,16.1701,200,
09:31:32,16.1701,100,
09:31:32,16.17,300,
09:31:34,16.1701,100,
09:31:36,16.17,400,
09:31:36,16.169,200,
09:31:36,16.169,200,
09:31:37,16.17,800,
09:31:43,16.163,450,
09:31:44,16.162,150,
09:31:51,16.13,500,
09:31:51,16.13,775,
09:31:51,16.13,339,
09:31:51,16.14,200,
09:31:51,16.14,200,
09:31:51,16.14,200,
09:31:51,16.1305,1200,
09:31:51,16.13,300,
09:31:51,16.1301,2875,
09:31:52,16.15,23000,
09:31:52,16.14,500,
09:31:53,16.132,250,
09:31:55,16.12,150,
09:31:55,16.12,550,
09:31:56,16.128,1500,
09:31:58,16.12,100,
09:31:58,16.132,600,
09:31:58,16.12,250,
09:31:59,16.138,750,
09:32:01,16.1405,200,
09:32:04,16.1401,120,
09:32:05,16.1405,400,
09:32:07,16.14,167,
09:32:14,16.1378,1000,
09:32:16,16.1395,1000,
09:32:17,16.12,500,
09:32:19,16.12,1000,
09:32:19,16.1213,400,
09:32:19,16.12,600,
09:32:20,16.11,180,
09:32:20,16.12,100,
09:32:20,16.11,500,
09:32:22,16.11,100,
09:32:22,16.1187,3000,
09:32:23,16.11,200,
09:32:23,16.10,260,
09:32:23,16.11,1400,
09:32:23,16.111,2600,
09:32:23,16.10,100,
09:32:25,16.10,1551,
09:32:25,16.10,248,
09:32:25,16.119,900,
09:32:27,16.112,200,
09:32:29,16.111,200,
09:32:29,16.12,100,
09:32:30,16.111,500,
09:32:30,16.11,500,
09:32:31,16.111,900,
09:32:33,16.111,100,
09:32:37,16.11,100,
09:32:37,16.11,1600,
09:32:37,16.11,442,
09:32:37,16.119,300,
09:32:37,16.1101,200,
09:32:38,16.1118,123,
09:32:42,16.12,1600,
09:32:43,16.1299,500,
09:32:43,16.13,100,
09:32:44,16.13,1000,
09:32:44,16.13,10000,
09:32:45,16.121,1900,
09:32:45,16.13,600,
09:32:45,16.13,2100,
09:32:45,16.13,150,
09:32:45,16.13,1000,
09:32:45,16.12,600,
09:32:46,16.121,600,
09:32:51,16.1299,2000,
09:32:56,16.1299,301,
09:32:58,16.121,100,
09:32:59,16.1297,2500,
09:33:01,16.118,200,
09:33:02,16.1199,4000,
09:33:07,16.109,100,
09:33:07,16.108,800,
09:33:07,16.108,500,
09:33:09,16.11,200,
09:33:10,16.101,200,
09:33:11,16.11,400,
09:33:12,16.1037,500,
09:33:16,16.101,200,
09:33:18,16.11,900,
09:33:18,16.12,265,
09:33:22,16.119,200,
09:33:24,16.12,210,
09:33:24,16.12,800,
09:33:28,16.1215,200,
09:33:31,16.12,10000,
09:33:31,16.13,100,
09:33:31,16.13,100,
09:33:32,16.1213,1200,
09:33:35,16.1395,500,
09:33:39,16.1401,500,
09:33:42,16.1499,1000,
09:33:46,16.148,650,
09:33:55,16.142,1000,
09:33:55,16.13,300,
09:33:58,16.11,1500,
09:34:01,16.11,2000,
09:34:04,16.12,400,
09:34:07,16.1199,5000,
09:34:07,16.12,100,
09:34:07,16.13,100,
09:34:07,16.12,100,
09:34:07,16.1125,2000,
09:34:08,16.12,100,
09:34:08,16.1199,100,
09:34:08,16.1199,100,
09:34:09,16.1199,260,
09:34:13,16.108,500,
09:34:15,16.11,100,
09:34:15,16.1099,100,
09:34:15,16.1099,100,
09:34:16,16.11,1000,
09:34:16,16.11,300,
09:34:16,16.11,100,
09:34:23,16.118,100,
09:34:23,16.10,100,
09:34:23,16.10,100,
09:34:23,16.09,173,
09:34:23,16.09,300,
09:34:23,16.09,500,
09:34:24,16.09,300,
09:34:24,16.09,200,
09:34:28,16.092,550,
09:34:29,16.10,400,
09:34:29,16.0999,600,
09:34:29,16.0999,600,
09:34:31,16.1075,2000,
09:34:32,16.10,200,
09:34:37,16.1101,600,
09:34:41,16.112,500,
09:34:43,16.11,800,
09:34:43,16.12,2100,
09:34:44,16.12,150,
09:34:52,16.1195,200,
09:34:55,16.111,2000,
09:35:01,16.118,500,
09:35:05,16.112,1000,
09:35:11,16.101,6000,
09:35:15,16.1099,1000,
09:35:15,16.11,200,
09:35:15,16.11,200,
09:35:18,16.10,500,
09:35:18,16.1001,500,
09:35:18,16.1095,1000,
09:35:19,16.1001,300,
09:35:23,16.102,1000,
09:35:26,16.11,100,
09:35:26,16.11,100,
09:35:26,16.10,100,
09:35:26,16.10,100,
09:35:29,16.10,1000,
09:35:29,16.11,100,
09:35:30,16.1099,500,
09:35:32,16.108,900,
09:35:33,16.105,100,
09:35:37,16.1089,1000,
09:35:42,16.1087,600,
09:35:44,16.105,500,
09:35:47,16.11,100,
09:35:48,16.10,100,
09:35:48,16.10,200,
09:35:48,16.10,450,
09:35:50,16.099,5000,
09:35:51,16.0995,1000,
09:35:52,16.0913,100,
09:35:53,16.10,300,
09:35:53,16.10,100,
09:35:53,16.10,205,
09:35:53,16.10,100,
09:35:57,16.1095,500,
09:35:59,16.0985,5000,
09:36:02,16.08,1358,
09:36:02,16.08,133,
09:36:02,16.08,247,
09:36:02,16.08,1000,
09:36:02,16.07,1000,
09:36:03,16.07,250,
09:36:04,16.07,100,
09:36:05,16.08,193,
09:36:05,16.072,590,
09:36:05,16.08,150,
09:36:05,16.0776,400,
09:36:07,16.08,1135,
09:36:07,16.08,1135,
09:36:07,16.08,100,
09:36:08,16.072,500,
09:36:09,16.085,1000,
09:36:09,16.0899,400,
09:36:12,16.09,500,
09:36:16,16.09,254,
09:36:17,16.09,600,
09:36:17,16.09,600,
09:36:17,16.09,800,
09:36:17,16.09,200,
09:36:17,16.09,100,
09:36:20,16.098,1850,
09:36:21,16.10,400,
09:36:23,16.0905,1000,
09:36:24,16.1095,1000,
09:36:28,16.11,300,
09:36:32,16.1099,100,
09:36:32,16.1075,500,
09:36:35,16.102,500,
09:36:35,16.11,600,
09:36:35,16.11,300,
09:36:35,16.11,600,
09:36:35,16.1075,2000,
09:36:40,16.1099,620,
09:36:44,16.11,200,
09:36:45,16.11,100,
09:36:45,16.11,100,
09:36:45,16.1099,700,
09:36:46,16.1095,1000,
09:36:47,16.1099,400,
09:36:50,16.11,400,
09:36:50,16.11,100,
09:36:50,16.11,300,
09:36:55,16.118,200,
09:36:57,16.1187,1000,
09:37:01,16.1195,1000,
09:37:06,16.11,200,
09:37:06,16.11,400,
09:37:06,16.11,200,
09:37:06,16.11,242,
09:37:06,16.10,1300,
09:37:08,16.1115,5000,
09:37:09,16.099,1600,
09:37:09,16.099,1600,
09:37:11,16.10,1350,
09:37:11,16.11,400,
09:37:11,16.1099,200,
09:37:11,16.09,250,
09:37:11,16.099,300,
09:37:14,16.1014,100,
09:37:14,16.11,100,
09:37:14,16.11,100,
09:37:15,16.11,100,
09:37:20,16.11,200,
09:37:20,16.11,200,
09:37:20,16.1099,600,
09:37:20,16.1075,200,
09:37:20,16.1099,150,
09:37:20,16.1099,100,
09:37:26,16.108,500,
09:37:30,16.1099,2000,
09:37:32,16.118,500,
09:37:35,16.11,300,
09:37:36,16.12,1750,
09:37:38,16.129,700,
09:37:38,16.129,700,
09:37:38,16.128,1000,
09:37:40,16.129,300,
09:37:40,16.129,400,
09:37:43,16.1295,500,
09:37:49,16.12,400,
09:37:51,16.12,2100,
09:37:52,16.109,400,
09:37:53,16.11,200,
09:37:53,16.10,200,
09:37:53,16.1099,300,
09:37:53,16.11,300,
09:37:53,16.11,200,
09:37:53,16.11,200,
09:37:53,16.11,300,
09:37:55,16.12,600,
09:37:55,16.119,200,
09:37:56,16.118,1000,
09:37:56,16.118,1000,
09:37:59,16.1287,6200,
09:38:07,16.13,100,
09:38:07,16.1289,1000,
09:38:07,16.13,700,
09:38:10,16.13,300,
09:38:10,16.1295,800,
09:38:18,16.12,930,
09:38:27,16.119,500,
09:38:29,16.1185,2000,
09:38:30,16.1189,500,
09:38:34,16.1101,500,
09:38:34,16.1101,600,
09:38:34,16.1199,1000,
09:38:35,16.11,200,
09:38:35,16.11,200,
09:38:35,16.11,100,
09:38:44,16.10,460,
09:38:44,16.11,100,
09:38:44,16.11,400,
09:38:44,16.11,100,
09:38:44,16.1099,600,
09:38:44,16.11,100,
09:38:44,16.1099,100,
09:38:44,16.1099,3000,
09:38:46,16.11,500,
09:38:46,16.1099,500,
09:38:50,16.1005,300,
09:38:52,16.1087,500,
09:38:57,16.1099,225,
09:38:58,16.10,700,
09:39:02,16.101,200,
09:39:05,16.1015,5515,
09:39:08,16.10,500,
09:39:08,16.10,1000,
09:39:08,16.10,300,
09:39:09,16.11,100,
09:39:09,16.11,200,
09:39:09,16.11,400,
09:39:11,16.108,500,
09:39:11,16.108,1000,
09:39:16,16.1052,500,
09:39:26,16.101,2500,
09:39:35,16.11,200,
09:39:35,16.11,199,
09:39:35,16.11,600,
09:39:35,16.11,500,
09:39:35,16.1099,700,
09:39:35,16.11,300,
09:39:37,16.1001,2700,
09:39:54,16.101,900,
09:39:54,16.101,1000,
09:39:56,16.101,5200,
09:40:07,16.11,400,
09:40:07,16.11,100,
09:40:08,16.11,200,
09:40:08,16.109,2965,
09:40:09,16.11,200,
09:40:09,16.11,100,
09:40:11,16.11,200,
09:40:11,16.1099,300,
09:40:11,16.11,200,
09:40:11,16.11,400,
09:40:11,16.11,400,
09:40:11,16.11,200,
09:40:11,16.11,150,
09:40:15,16.12,200,
09:40:15,16.12,100,
09:40:26,16.127,100,
09:40:29,16.1275,2000,
09:40:37,16.13,600,
09:40:39,16.1399,1000,
09:40:44,16.1393,450,
09:40:45,16.12,100,
09:40:45,16.12,100,
09:40:47,16.11,191,
09:40:49,16.11,100,
09:40:49,16.1099,500,
09:40:50,16.108,500,
09:40:56,16.11,391,
09:40:56,16.11,200,
09:40:56,16.11,100,
09:40:57,16.11,100,
09:40:57,16.11,100,
09:40:57,16.11,100,
09:40:57,16.11,100,
09:40:57,16.11,100,
09:40:59,16.1199,5000,
09:41:02,16.12,300,
09:41:02,16.12,200,
09:41:02,16.118,1000,
09:41:03,16.12,100,
09:41:03,16.1199,100,
09:41:03,16.1199,100,
09:41:04,16.1199,150,
09:41:08,16.111,2000,
09:41:11,16.12,500,
09:41:11,16.12,100,
09:41:16,16.12,100,
09:41:16,16.12,100,
09:41:16,16.1199,100,
09:41:16,16.1199,100,
09:41:17,16.1197,800,
09:41:17,16.117,450,
09:41:26,16.128,200,
09:41:30,16.1201,800,
09:41:33,16.1299,1000,
09:41:33,16.121,280,
09:41:34,16.13,10000,
09:41:35,16.12,200,
09:41:38,16.128,300,
09:41:40,16.13,600,
09:41:43,16.12,100,
09:41:46,16.1265,2000,
09:41:49,16.12,200,
09:41:51,16.12,930,
09:42:06,16.13,100,
09:42:06,16.13,100,
09:42:06,16.13,200,
09:42:06,16.13,200,
09:42:07,16.14,100,
09:42:12,16.142,1000,
09:42:18,16.15,200,
09:42:18,16.1399,200,
09:42:18,16.14,300,
09:42:18,16.14,200,
09:42:23,16.141,900,
09:42:32,16.15,1300,
09:42:36,16.15,600,
09:42:36,16.15,600,
09:42:44,16.15,1500,
09:42:47,16.14,100,
09:42:47,16.149,5000,
09:42:48,16.14,300,
09:42:49,16.13,100,
09:42:49,16.13,400,
09:42:49,16.13,600,
09:42:49,16.13,100,
09:42:49,16.13,2000,
09:42:50,16.12,5000,
09:42:54,16.117,300,
09:42:56,16.1195,150,
09:42:59,16.12,200,
09:42:59,16.12,400,
09:42:59,16.12,200,
09:42:59,16.12,200,
09:42:59,16.12,2000,
09:42:59,16.12,400,
09:43:01,16.13,500,
09:43:06,16.13,500,
09:43:06,16.14,1000,
09:43:06,16.1299,150,
09:43:06,16.132,1000,
09:43:08,16.13,500,
09:43:08,16.13,100,
09:43:09,16.1325,2000,
09:43:13,16.14,100,
09:43:19,16.122,400,
09:43:20,16.12,500,
09:43:20,16.11,300,
09:43:21,16.111,400,
09:43:21,16.111,500,
09:43:21,16.11,100,
09:43:23,16.111,1000,
09:43:24,16.111,1200,
09:43:24,16.111,700,
09:43:24,16.111,400,
09:43:24,16.111,100,
09:43:24,16.111,400,
09:43:24,16.111,100,
09:43:25,16.12,100,
09:43:25,16.1199,7300,
09:43:27,16.119,160,
09:43:27,16.12,200,
09:43:30,16.12,400,
09:43:31,16.12,100,
09:43:31,16.1199,400,
09:43:34,16.12,100,
09:43:34,16.12,100,
09:43:34,16.12,400,
09:43:34,16.12,100,
09:43:34,16.12,100,
09:43:34,16.12,100,
09:43:34,16.12,400,
09:43:34,16.12,400,
09:43:34,16.12,100,
09:43:34,16.12,400,
09:43:35,16.13,1900,
09:43:39,16.13,1000,
09:43:39,16.13,2500,
09:43:39,16.12,100,
09:43:39,16.1287,4000,
09:43:42,16.12,100,
09:43:43,16.13,100,
09:43:46,16.13,100,
09:43:46,16.13,300,
09:43:47,16.14,500,
09:43:52,16.14,200,
09:43:54,16.14,400,
09:43:54,16.1399,400,
09:43:58,16.1395,500,
09:44:00,16.131,300,
09:44:00,16.131,400,
09:44:03,16.13,200,
09:44:05,16.1305,500,
09:44:23,16.1399,1000,
09:44:26,16.14,100,
09:44:26,16.14,100,
09:44:26,16.14,100,
09:44:26,16.14,164,
09:44:26,16.14,136,
09:44:26,16.14,100,
09:44:26,16.14,100,
09:44:26,16.14,100,
09:44:26,16.14,264,
09:44:28,16.16,1000,
09:44:29,16.15,1400,
09:44:32,16.1499,100,
09:44:35,16.1501,200,
09:44:40,16.15,1100,
09:44:41,16.15,100,
09:44:45,16.15,5000,
09:44:56,16.16,2300,
09:45:00,16.15,2000,
09:45:02,16.15,250,
09:45:07,16.15,700,
09:45:10,16.15,100,
09:45:15,16.14,200,
09:45:15,16.14,100,
09:45:18,16.15,100,
09:45:21,16.1401,1000,
09:45:34,16.15,100,
09:45:45,16.151,100,
09:45:45,16.151,200,
09:45:54,16.1495,600,
09:45:54,16.16,1000,
09:45:54,16.148,300,
09:45:55,16.15,300,
09:45:55,16.15,300,
09:45:55,16.15,600,
09:45:55,16.1499,100,
09:45:55,16.1499,300,
09:46:04,16.15,100,
09:46:04,16.15,100,
09:46:04,16.1499,100,
09:46:04,16.1499,100,
09:46:11,16.15,2000,
09:46:20,16.1501,3000,
09:46:21,16.1525,3500,
09:46:31,16.1511,900,
09:46:36,16.15,800,
09:46:45,16.159,200,
09:46:48,16.158,1000,
09:46:49,16.1505,200,
09:46:53,16.1501,500,
09:46:53,16.1511,200,
09:46:55,16.1501,1500,
09:46:56,16.152,300,
09:47:00,16.1599,1000,
09:47:02,16.142,170,
09:47:05,16.15,200,
09:47:05,16.15,100,
09:47:06,16.149,1800,
09:47:32,16.15,100,
09:47:36,16.1499,400,
09:47:51,16.13,200,
09:47:54,16.149,2000,
09:47:57,16.15,100,
09:48:00,16.142,700,
09:48:02,16.151,100,
09:48:02,16.15,100,
09:48:05,16.15,300,
09:48:07,16.1475,1000,
09:48:13,16.1304,1900,
09:48:21,16.1374,1000,
09:48:24,16.13,1000,
09:48:27,16.14,500,
09:48:33,16.1399,2000,
09:48:36,16.14,200,
09:48:36,16.14,200,
09:48:36,16.14,1700,
09:48:36,16.14,100,
09:48:46,16.1399,4900,
09:48:46,16.1301,400,
09:48:54,16.139,1900,
09:48:57,16.14,400,
09:48:59,16.135,200,
09:49:03,16.1304,200,
09:49:05,16.1395,500,
09:49:11,16.14,800,
09:49:15,16.14,300,
09:49:15,16.14,1100,
09:49:22,16.14,200,
09:49:22,16.14,600,
09:49:22,16.14,900,
09:49:32,16.1337,100,
09:49:33,16.133,309,
09:49:37,16.1287,2300,
09:49:42,16.11,1000,
09:49:43,16.1113,200,
09:49:46,16.12,400,
09:49:46,16.12,100,
09:49:46,16.12,400,
09:49:46,16.12,400,
09:49:54,16.128,200,
09:50:05,16.12,100,
09:50:06,16.12,400,
09:50:09,16.12,200,
09:50:09,16.12,600,
09:50:09,16.12,600,
09:50:09,16.12,200,
09:50:09,16.12,200,
09:50:09,16.12,400,
09:50:09,16.12,200,
09:50:09,16.12,400,
09:50:13,16.122,1250,
09:50:24,16.12,300,
09:50:25,16.12,200,
09:50:28,16.1199,185,
09:50:37,16.1201,3600,
09:50:37,16.1238,600,
09:50:39,16.13,100,
09:50:42,16.127,400,
09:50:47,16.1305,500,
09:51:06,16.14,100,
09:51:09,16.14,250,
09:51:11,16.1313,200,
09:51:16,16.14,200,
09:51:16,16.14,100,
09:51:16,16.14,100,
09:51:16,16.14,200,
09:51:16,16.14,200,
09:51:16,16.14,400,
09:51:21,16.148,1200,
09:51:28,16.142,300,
09:51:29,16.1451,142,
09:51:32,16.15,900,
09:51:37,16.15,100,
09:51:37,16.15,200,
09:51:37,16.15,100,
09:51:37,16.1499,1500,
09:51:51,16.13,450,
09:51:54,16.15,300,
09:51:54,16.1469,200,
09:51:59,16.15,500,
09:52:07,16.146,100,
09:52:11,16.1687,500,
09:52:16,16.167,250,
09:52:16,16.168,500,
09:52:17,16.1509,2000,
09:52:19,16.1505,300,
09:52:21,16.16,600,
09:52:21,16.17,300,
09:52:29,16.15,1000,
09:52:30,16.15,900,
09:52:31,16.158,1000,
09:52:31,16.15,500,
09:52:31,16.15,100,
09:52:31,16.15,200,
09:52:37,16.148,1000,
09:52:37,16.149,300,
09:52:37,16.149,400,
09:52:39,16.15,200,
09:52:40,16.1425,3600,
09:52:40,16.141,400,
09:52:46,16.156,1000,
09:52:46,16.14,700,
09:52:46,16.14,500,
09:52:48,16.15,4000,
09:53:07,16.1587,1500,
09:53:15,16.16,100,
09:53:15,16.1599,400,
09:53:16,16.158,1000,
09:53:16,16.16,100,
09:53:16,16.16,100,
09:53:16,16.16,100,
09:53:21,16.1658,1300,
09:53:21,16.16,100,
09:53:22,16.161,2000,
09:53:23,16.1601,3000,
09:53:23,16.162,800,
09:53:25,16.1625,4000,
09:53:33,16.16,130,
09:53:33,16.16,1200,
09:53:36,16.16,100,
09:53:36,16.1589,1000,
09:53:37,16.16,200,
09:53:37,16.16,600,
09:53:37,16.16,100,
09:53:37,16.16,500,
09:53:37,16.1561,4600,
09:53:41,16.16,800,
09:53:45,16.16,100,
09:53:45,16.16,110,
09:53:45,16.1599,110,
09:53:46,16.16,2000,
09:53:50,16.16,1600,
09:53:58,16.168,1500,
09:54:01,16.16,300,
09:54:01,16.1613,200,
09:54:08,16.1599,100,
09:54:09,16.1595,1000,
09:54:12,16.15,1500,
09:54:12,16.1501,1000,
09:54:12,16.1501,500,
09:54:17,16.15,100,
09:54:19,16.1489,1000,
09:54:25,16.15,2000,
09:54:32,16.14,100,
09:54:37,16.14,300,
09:54:46,16.13,100,
09:54:46,16.13,1700,
09:54:48,16.13,300,
09:54:49,16.1201,1000,
09:54:54,16.1205,100,
09:54:55,16.12,500,
09:55:01,16.1201,200,
09:55:02,16.12,261,
09:55:06,16.11,158,
09:55:06,16.11,300,
09:55:06,16.11,300,
09:55:07,16.11,100,
09:55:08,16.1099,200,
09:55:12,16.10,400,
09:55:13,16.10,100,
09:55:14,16.1001,600,
09:55:16,16.101,300,
09:55:16,16.101,1000,
09:55:16,16.10,1000,
09:55:16,16.09,100,
09:55:16,16.10,150,
09:55:17,16.09,300,
09:55:17,16.09,200,
09:55:18,16.0895,1000,
09:55:19,16.08,146,
09:55:19,16.07,254,
09:55:19,16.07,100,
09:55:20,16.07,200,
09:55:20,16.0701,250,
09:55:20,16.0701,1750,
09:55:21,16.0701,350,
09:55:22,16.06,358,
09:55:22,16.06,300,
09:55:22,16.06,500,
09:55:22,16.06,400,
09:55:22,16.06,200,
09:55:22,16.06,142,
09:55:22,16.06,1400,
09:55:22,16.06,1200,
09:55:22,16.07,1200,
09:55:22,16.072,1000,
09:55:22,16.06,1500,
09:55:23,16.07,100,
09:55:23,16.06,900,
09:55:23,16.06,300,
09:55:23,16.06,1400,
09:55:23,16.06,671,
09:55:23,16.06,200,
09:55:23,16.06,393,
09:55:24,16.06,100,
09:55:27,16.062,1200,
09:55:28,16.0685,3200,
09:55:29,16.07,100,
09:55:29,16.068,600,
09:55:29,16.07,300,
09:55:29,16.07,300,
09:55:29,16.07,2400,
09:55:29,16.07,800,
09:55:29,16.07,600,
09:55:29,16.07,300,
09:55:29,16.07,100,
09:55:29,16.07,100,
09:55:29,16.07,100,
09:55:29,16.07,200,
09:55:30,16.07,600,
09:55:30,16.07,600,
09:55:31,16.069,1000,
09:55:31,16.06,200,
09:55:31,16.06,200,
09:55:31,16.06,100,
09:55:31,16.06,1000,
09:55:31,16.06,100,
09:55:31,16.05,200,
09:55:31,16.05,100,
09:55:31,16.05,500,
09:55:31,16.05,400,
09:55:31,16.05,4311,
09:55:31,16.052,1000,
09:55:32,16.059,100,
09:55:32,16.06,400,
09:55:32,16.06,100,
09:55:33,16.06,100,
09:55:33,16.06,200,
09:55:33,16.06,200,
09:55:33,16.06,400,
09:55:33,16.06,400,
09:55:33,16.06,400,
09:55:33,16.05,300,
09:55:33,16.05,100,
09:55:33,16.05,300,
09:55:33,16.05,100,
09:55:33,16.05,600,
09:55:34,16.053,300,
09:55:35,16.0599,1000,
09:55:37,16.0501,100,
09:55:39,16.05,100,
09:55:39,16.05,200,
09:55:42,16.06,900,
09:55:42,16.059,100,
09:55:42,16.06,1100,
09:55:42,16.06,300,
09:55:45,16.06,200,
09:55:46,16.06,300,
09:55:46,16.06,254,
09:55:46,16.06,400,
09:55:49,16.0699,4300,
09:55:50,16.07,600,
09:55:50,16.069,100,
09:55:50,16.07,200,
09:55:50,16.07,400,
09:55:54,16.0601,600,
09:55:56,16.0601,3000,
09:56:00,16.06,1600,
09:56:00,16.06,100,
09:56:05,16.05,400,
09:56:06,16.055,500,
09:56:06,16.05,1000,
09:56:07,16.05,200,
09:56:07,16.05,300,
09:56:07,16.0411,1795,
09:56:08,16.05,600,
09:56:08,16.05,100,
09:56:08,16.05,200,
09:56:08,16.05,200,
09:56:08,16.05,100,
09:56:09,16.05,200,
09:56:09,16.05,100,
09:56:09,16.05,100,
09:56:09,16.05,100,
09:56:09,16.05,100,
09:56:09,16.05,100,
09:56:09,16.04,100,
09:56:10,16.05,2000,
09:56:11,16.04,100,
09:56:11,16.03,430,
09:56:12,16.0301,2900,
09:56:13,16.0301,1400,
09:56:13,16.04,100,
09:56:14,16.03,1500,
09:56:15,16.03,400,
09:56:16,16.03,252,
09:56:21,16.0305,500,
09:56:22,16.031,187,
09:56:22,16.03,187,
09:56:22,16.031,100,
09:56:22,16.03,100,
09:56:22,16.031,100,
09:56:22,16.03,100,
09:56:25,16.0385,5000,
09:56:27,16.04,300,
09:56:27,16.04,100,
09:56:27,16.04,100,
09:56:27,16.038,1000,
09:56:27,16.04,100,
09:56:27,16.0399,100,
09:56:27,16.0399,625,
09:56:28,16.03,530,
09:56:29,16.0389,100,
09:56:29,16.0303,575,
09:56:31,16.031,147,
09:56:33,16.04,600,
09:56:33,16.04,100,
09:56:33,16.04,300,
09:56:34,16.031,853,
09:56:34,16.0325,1147,
09:56:37,16.041,300,
09:56:37,16.0475,3000,
09:56:37,16.05,100,
09:56:38,16.05,400,
09:56:38,16.05,200,
09:56:40,16.0401,200,
09:56:45,16.0499,200,
09:56:49,16.048,500,
09:56:49,16.05,600,
09:56:49,16.05,600,
09:56:51,16.05,200,
09:56:51,16.05,400,
09:57:05,16.05,10935,
09:57:05,16.05,300,
09:57:05,16.05,254,
09:57:05,16.05,200,
09:57:05,16.05,1500,
09:57:05,16.05,1200,
09:57:05,16.05,300,
09:57:05,16.05,600,
09:57:05,16.05,600,
09:57:05,16.05,15200,
09:57:05,16.05,600,
09:57:05,16.05,600,
09:57:05,16.05,1600,
09:57:05,16.06,200,
09:57:05,16.06,500,
09:57:05,16.06,300,
09:57:05,16.06,600,
09:57:05,16.06,300,
09:57:05,16.06,400,
09:57:05,16.06,100,
09:57:05,16.06,100,
09:57:05,16.06,200,
09:57:05,16.06,100,
09:57:05,16.06,600,
09:57:05,16.06,200,
09:57:07,16.049,1000,
09:57:07,16.058,1000,
09:57:08,16.05,9000,
09:57:09,16.0587,860,
09:57:13,16.0562,700,
09:57:16,16.05,500,
09:57:25,16.052,1100,
09:57:26,16.05,100,
09:57:27,16.0538,300,
09:57:28,16.05,100,
09:57:28,16.059,500,
09:57:32,16.0401,4500,
09:57:35,16.04,100,
09:57:38,16.04,100,
09:57:38,16.04,200,
09:57:38,16.04,100,
09:57:38,16.04,200,
09:57:38,16.04,200,
09:57:49,16.0496,120,
09:57:51,16.042,205,
09:57:54,16.05,500,
09:57:55,16.05,200,
09:57:55,16.05,200,
09:57:55,16.05,200,
09:57:55,16.05,200,
09:57:55,16.05,200,
09:57:55,16.05,200,
09:57:55,16.05,200,
09:57:55,16.05,200,
09:57:55,16.05,600,
09:57:55,16.05,600,
09:57:55,16.05,200,
09:57:55,16.05,100,
09:57:55,16.05,200,
09:57:55,16.05,400,
09:57:55,16.05,183,
09:57:55,16.042,450,
09:57:58,16.0582,200,
09:58:00,16.058,800,
09:58:02,16.05,600,
09:58:04,16.05,400,
09:58:05,16.05,200,
09:58:13,16.04,800,
09:58:13,16.04,300,
09:58:13,16.04,500,
09:58:25,16.03,1400,
09:58:28,16.03,300,
09:58:29,16.01,200,
09:58:30,16.01,180,
09:58:30,16.01,500,
09:58:30,16.01,1000,
09:58:30,16.0113,2679,
09:58:31,16.01,2490,
09:58:31,16.012,1100,
09:58:32,16.01,100,
09:58:34,16.012,100,
09:58:35,16.0101,2500,
09:58:38,16.0111,200,
09:58:39,16.01,100,
09:58:39,16.01,500,
09:58:39,16.01,1100,
09:58:39,16.01,400,
09:58:40,16.011,500,
09:58:40,16.012,800,
09:58:41,16.011,800,
09:58:42,16.02,600,
09:58:43,16.0189,750,
09:58:43,16.013,120,
09:58:44,16.0103,1000,
09:58:46,16.01,1600,
09:58:49,16,300,
09:58:49,16.01,700,
09:58:49,16,600,
09:58:49,16.0001,100,
09:58:49,16,500,
09:58:49,16,200,
09:58:49,16.0001,100,
09:58:49,16.0001,200,
09:58:49,16.0001,300,
09:58:49,16,351,
09:58:49,16,100,
09:58:49,16.0001,100,
09:58:49,16.0001,100,
09:58:49,16,2601,
09:58:49,16,200,
09:58:49,16,300,
09:58:49,16,300,
09:58:49,16.0001,300,
09:58:49,16,100,
09:58:49,16.0001,150,
09:58:49,16.0001,800,
09:58:49,16,500,
09:58:49,16.0001,300,
09:58:49,16,230,
09:58:49,16,200,
09:58:49,16.0001,1407,
09:58:49,16,100,
09:58:49,16.0001,100,
09:58:49,16,300,
09:58:49,16,166,
09:58:49,16,155,
09:58:49,16,200,
09:58:49,16,100,
09:58:49,16,100,
09:58:49,16,200,
09:58:49,16,1000,
09:58:49,16,200,
09:58:49,16.012,255,
09:58:49,16,104,
09:58:49,16.001,100,
09:58:49,16,200,
09:58:49,16,100,
09:58:49,16.001,200,
09:58:50,16,180,
09:58:50,16,200,
09:58:50,16,100,
09:58:50,16.001,300,
09:58:50,16.001,200,
09:58:50,16,200,
09:58:50,16.001,500,
09:58:50,16,100,
09:58:50,16.001,600,
09:58:50,16.001,200,
09:58:50,16,200,
09:58:50,16.01,145,
09:58:50,16,1090,
09:58:50,16,210,
09:58:50,16,1850,
09:58:50,16,110,
09:58:50,16,300,
09:58:50,16,100,
09:58:50,16,200,
09:58:50,16.0001,200,
09:58:50,16.0025,100,
09:58:50,16,3000,
09:58:50,16.0003,1650,
09:58:50,16.0003,1200,
09:58:51,16,500,
09:58:51,16,100,
09:58:51,16.0099,5000,
09:58:52,16,200,
09:58:52,16,400,
09:58:52,16,1500,
09:58:52,16,500,
09:58:52,16.001,8000,
09:58:52,16.002,200,
09:58:52,16,200,
09:58:52,16,140,
09:58:52,16,500,
09:58:52,16,100,
09:58:52,16,200,
09:58:52,16,400,
09:58:52,16,300,
09:58:52,16,100,
09:58:52,16,500,
09:58:52,16,500,
09:58:52,16,350,
09:58:55,16.002,650,
09:58:56,16.01,200,
09:58:56,16.01,100,
09:58:56,16.01,100,
09:58:58,16.01,100,
09:58:58,16.01,300,
09:58:58,16.01,1000,
09:58:58,16.0101,2000,
09:59:00,16.01,400,
09:59:00,16.01,200,
09:59:01,16.0185,5000,
09:59:02,16,125,
09:59:04,16.002,1000,
09:59:07,16.0089,1500,
09:59:09,16,100,
09:59:09,16,600,
09:59:14,16.0099,500,
09:59:18,16.0001,800,
09:59:19,16.001,5000,
09:59:19,16.009,100,
09:59:23,16.0007,3500,
09:59:23,16,1863,
09:59:23,16,330,
09:59:23,16,100,
09:59:23,16,100,
09:59:23,16,300,
09:59:23,16,500,
09:59:23,16,150,
09:59:23,16,800,
09:59:23,16,200,
09:59:23,16,150,
09:59:23,16,200,
09:59:23,16,200,
09:59:23,16,200,
09:59:23,16,1750,
09:59:23,16,500,
09:59:24,16,1000,
09:59:25,16,583,
09:59:25,16,625,
09:59:25,16,600,
09:59:25,16,2000,
09:59:25,16,100,
09:59:25,16,200,
09:59:25,16,200,
09:59:25,16,200,
09:59:25,16.001,100,
09:59:25,16.001,1800,
09:59:26,16.0075,3500,
09:59:26,16.01,200,
09:59:26,16.01,200,
09:59:26,16.0001,1500,
09:59:27,16.01,400,
09:59:27,16.01,200,
09:59:31,16.0004,1250,
09:59:31,16.008,1000,
09:59:33,16.0013,500,
09:59:37,16.001,1000,
09:59:38,16.01,10000,
09:59:42,16.0013,1000,
09:59:43,16.002,800,
09:59:44,16,200,
09:59:47,16.0089,1000,
09:59:49,16,100,
09:59:49,16,900,
09:59:50,16.001,100,
09:59:53,16.01,1900,
09:59:53,16.01,600,
09:59:53,16.01,300,
09:59:55,16.0077,500,
09:59:57,16.002,530,
09:59:57,16.0099,3000,
09:59:58,16.01,100,
09:59:58,16.01,100,
09:59:58,16.01,200,
10:00:01,15.97,700,
10:00:01,15.9799,5000,
10:00:02,15.99,1000,
10:00:02,15.96,458,
10:00:02,15.96,200,
10:00:02,15.96,500,
10:00:02,15.96,100,
10:00:03,15.96,200,
10:00:03,15.96,200,
10:00:03,15.97,200,
10:00:04,15.95,750,
10:00:04,15.95,1000,
10:00:04,15.95,200,
10:00:04,15.95,2000,
10:00:04,15.95,200,
10:00:04,15.955,100,
10:00:04,15.952,300,
10:00:04,15.95,500,
10:00:04,15.95,400,
10:00:04,15.96,100,
10:00:04,15.95,250,
10:00:04,15.96,100,
10:00:04,15.96,100,
10:00:05,15.95,500,
10:00:05,15.951,400,
10:00:05,15.951,250,
10:00:05,15.951,100,
10:00:06,15.95,400,
10:00:07,15.95,1930,
10:00:08,15.959,5000,
10:00:10,15.953,100,
10:00:11,15.96,600,
10:00:11,15.95,2000,
10:00:13,15.958,400,
10:00:13,15.96,100,
10:00:14,15.968,500,
10:00:14,15.9501,3000,
10:00:17,15.959,500,
10:00:17,15.9596,200,
10:00:18,15.96,2000,
10:00:19,15.95,100,
10:00:19,15.95,100,
10:00:19,15.95,200,
10:00:19,15.95,140,
10:00:19,15.94,1000,
10:00:19,15.945,400,
10:00:19,15.95,200,
10:00:19,15.95,253,
10:00:19,15.9499,100,
10:00:19,15.943,100,
10:00:20,15.94,600,
10:00:20,15.94,200,
10:00:21,15.95,400,
10:00:21,15.95,200,
10:00:22,15.95,1100,
10:00:22,15.93,800,
10:00:24,15.93,253,
10:00:24,15.9396,1000,
10:00:25,15.94,100,
10:00:26,15.931,5000,
10:00:26,15.938,1250,
10:00:27,15.93,200,
10:00:27,15.94,300,
10:00:27,15.94,200,
10:00:27,15.94,2000,
10:00:27,15.94,100,
10:00:27,15.94,100,
10:00:27,15.94,200,
10:00:27,15.9301,2000,
10:00:28,15.94,600,
10:00:30,15.94,250,
10:00:32,15.95,500,
10:00:33,15.94,350,
10:00:34,15.942,1000,
10:00:35,15.9411,1500,
10:00:37,15.94,100,
10:00:37,15.9401,100,
10:00:38,15.94,100,
10:00:38,15.94,258,
10:00:40,15.931,100,
10:00:40,15.9381,500,
10:00:42,15.932,1500,
10:00:43,15.933,185,
10:00:46,15.94,100,
10:00:46,15.94,996,
10:00:46,15.9399,150,
10:00:46,15.9399,254,
10:00:46,15.932,500,
10:00:49,15.9301,800,
10:00:50,15.94,800,
10:00:50,15.94,1004,
10:00:50,15.94,200,
10:00:53,15.95,100,
10:00:53,15.94,100,
10:00:53,15.94,100,
10:00:53,15.94,100,
10:00:53,15.94,100,
10:00:53,15.94,1600,
10:00:53,15.94,1700,
10:00:54,15.94,2700,
10:00:54,15.94,2300,
10:00:56,15.9499,2000,
10:00:56,15.9499,500,
10:00:58,15.94,100,
10:00:58,15.9401,100,
10:00:59,15.94,300,
10:01:01,15.941,300,
10:01:02,15.94,200,
10:01:05,15.94,300,
10:01:05,15.94,400,
10:01:06,15.94,100,
10:01:07,15.94,100,
10:01:07,15.94,100,
10:01:07,15.94,200,
10:01:07,15.94,200,
10:01:07,15.94,200,
10:01:08,15.9365,800,
10:01:09,15.938,1300,
10:01:09,15.94,400,
10:01:11,15.9399,6000,
10:01:13,15.9401,300,
10:01:17,15.9497,200,
10:01:19,15.9497,500,
10:01:22,15.95,800,
10:01:23,15.949,800,
10:01:23,15.9499,500,
10:01:23,15.95,600,
10:01:23,15.9499,300,
10:01:23,15.9499,400,
10:01:24,15.9499,1400,
10:01:26,15.9435,3000,
10:01:28,15.9401,2480,
10:01:28,15.94,600,
10:01:28,15.94,100,
10:01:29,15.949,1400,
10:01:30,15.9401,2560,
10:01:32,15.942,400,
10:01:32,15.94,100,
10:01:32,15.945,100,
10:01:34,15.9499,2000,
10:01:35,15.947,200,
10:01:37,15.94,300,
10:01:38,15.94,600,
10:01:38,15.94,700,
10:01:39,15.9303,1500,
10:01:39,15.94,100,
10:01:43,15.9397,500,
10:01:47,15.939,2000,
10:01:47,15.938,100,
10:01:47,15.93,700,
10:01:47,15.93,300,
10:01:47,15.93,200,
10:01:47,15.92,100,
10:01:47,15.92,100,
10:01:47,15.93,100,
10:01:47,15.92,200,
10:01:47,15.92,400,
10:01:48,15.92,100,
10:01:48,15.92,250,
10:01:49,15.92,294,
10:01:51,15.922,500,
10:01:51,15.92,100,
10:01:51,15.92,100,
10:01:53,15.92,100,
10:01:53,15.92,100,
10:01:55,15.93,100,
10:01:58,15.9299,1500,
10:01:58,15.93,100,
10:01:59,15.925,300,
10:01:59,15.9297,200,
10:02:00,15.93,100,
10:02:00,15.92,900,
10:02:00,15.92,500,
10:02:02,15.92,600,
10:02:04,15.921,100,
10:02:04,15.9101,2000,
10:02:08,15.91,100,
10:02:08,15.91,100,
10:02:08,15.9101,400,
10:02:08,15.91,100,
10:02:08,15.91,100,
10:02:09,15.90,100,
10:02:09,15.90,100,
10:02:09,15.90,300,
10:02:09,15.90,100,
10:02:09,15.90,100,
10:02:09,15.9001,400,
10:02:09,15.90,200,
10:02:09,15.90,300,
10:02:09,15.90,500,
10:02:10,15.9097,1000,
10:02:11,15.905,200,
10:02:11,15.90,250,
10:02:11,15.90,150,
10:02:11,15.901,800,
10:02:11,15.90,1000,
10:02:11,15.905,1000,
10:02:11,15.905,850,
10:02:11,15.90,300,
10:02:11,15.90,900,
10:02:13,15.90,1200,
10:02:14,15.901,740,
10:02:14,15.901,260,
10:02:14,15.90,260,
10:02:16,15.9099,1000,
10:02:17,15.901,160,
10:02:17,15.90,520,
10:02:18,15.9001,100,
10:02:18,15.9001,900,
10:02:20,15.90,280,
10:02:21,15.92,600,
10:02:21,15.91,2000,
10:02:21,15.91,600,
10:02:21,15.91,1200,
10:02:21,15.9111,200,
10:02:23,15.911,300,
10:02:23,15.911,200,
10:02:23,15.918,1000,
10:02:26,15.912,500,
10:02:26,15.9089,200,
10:02:27,15.911,160,
10:02:27,15.9101,10600,
10:02:30,15.92,110,
10:02:30,15.92,100,
10:02:33,15.9187,1000,
10:02:35,15.9123,250,
10:02:38,15.912,500,
10:02:40,15.91,1600,
10:02:40,15.91,800,
10:02:42,15.91,1058,
10:02:42,15.91,600,
10:02:42,15.91,600,
10:02:43,15.91,200,
10:02:46,15.91,100,
10:02:46,15.90,200,
10:02:47,15.911,2060,
10:02:50,15.91,1000,
10:02:53,15.90,282,
10:02:54,15.90,100,
10:02:56,15.9058,100,
10:02:56,15.9017,300,
10:02:56,15.90,100,
10:02:56,15.89,100,
10:02:56,15.89,146,
10:02:56,15.88,300,
10:02:56,15.88,890,
10:02:56,15.88,100,
10:02:56,15.88,500,
10:02:56,15.88,200,
10:02:57,15.88,400,
10:02:57,15.89,200,
10:02:57,15.89,600,
10:02:57,15.89,300,
10:02:57,15.89,100,
10:02:57,15.89,100,
10:02:57,15.89,100,
10:02:57,15.89,2000,
10:02:57,15.89,200,
10:02:57,15.8999,1000,
10:02:59,15.881,600,
10:02:59,15.881,150,
10:02:59,15.88,600,
10:02:59,15.88,150,
10:02:59,15.881,600,
10:02:59,15.88,600,
10:02:59,15.88,850,
10:02:59,15.881,800,
10:02:59,15.90,400,
10:02:59,15.90,200,
10:02:59,15.88,800,
10:02:59,15.88,2000,
10:03:00,15.89,620,
10:03:03,15.8999,250,
10:03:05,15.90,2500,
10:03:07,15.895,1000,
10:03:08,15.899,1000,
10:03:08,15.8901,100,
10:03:09,15.89,400,
10:03:09,15.89,300,
10:03:09,15.8903,350,
10:03:11,15.90,1200,
10:03:12,15.8901,1100,
10:03:13,15.892,400,
10:03:13,15.892,1600,
10:03:16,15.8978,500,
10:03:17,15.892,1000,
10:03:19,15.898,100,
10:03:20,15.8999,600,
10:03:22,15.895,150,
10:03:22,15.891,100,
10:03:23,15.893,270,
10:03:23,15.90,100,
10:03:23,15.899,1000,
10:03:23,15.899,2000,
10:03:23,15.898,2200,
10:03:24,15.90,500,
10:03:25,15.8955,900,
10:03:27,15.89,500,
10:03:27,15.89,400,
10:03:27,15.89,250,
10:03:27,15.89,239,
10:03:27,15.89,1450,
10:03:27,15.89,200,
10:03:29,15.8899,500,
10:03:31,15.90,400,
10:03:31,15.90,400,
10:03:32,15.887,100,
10:03:32,15.90,200,
10:03:35,15.891,200,
10:03:36,15.90,1000,
10:03:36,15.8999,11400,
10:03:38,15.898,300,
10:03:38,15.90,600,
10:03:38,15.90,600,
10:03:39,15.90,130,
10:03:39,15.90,200,
10:03:40,15.9001,4030,
10:03:40,15.90,250,
10:03:40,15.91,600,
10:03:40,15.91,300,
10:03:41,15.898,1000,
10:03:41,15.9099,2000,
10:03:41,15.908,1900,
10:03:42,15.9085,3200,
10:03:44,15.90,600,
10:03:44,15.908,1700,
10:03:44,15.908,1000,
10:03:48,15.9054,200,
10:03:50,15.9001,300,
10:03:50,15.907,350,
10:03:51,15.91,100,
10:03:52,15.91,100,
10:03:53,15.90,1000,
10:03:53,15.908,400,
10:03:53,15.90,400,
10:03:54,15.8999,3800,
10:03:55,15.90,100,
10:03:55,15.8991,5000,
10:03:55,15.8999,100,
10:03:58,15.8997,200,
10:03:59,15.898,100,
10:04:02,15.89,500,
10:04:02,15.89,100,
10:04:03,15.90,400,
10:04:05,15.90,400,
10:04:05,15.8925,3100,
10:04:05,15.89,100,
10:04:07,15.90,100,
10:04:07,15.89,300,
10:04:07,15.89,100,
10:04:08,15.8903,1000,
10:04:09,15.90,100,
10:04:09,15.90,100,
10:04:09,15.90,200,
10:04:09,15.90,400,
10:04:12,15.90,500,
10:04:13,15.90,275,
10:04:13,15.90,175,
10:04:13,15.90,600,
10:04:13,15.90,100,
10:04:13,15.90,200,
10:04:13,15.90,100,
10:04:14,15.90,140,
10:04:14,15.90,440,
10:04:14,15.8989,1000,
10:04:15,15.91,300,
10:04:17,15.91,1000,
10:04:25,15.90,200,
10:04:25,15.90,200,
10:04:25,15.8999,200,
10:04:25,15.8999,6000,
10:04:28,15.89,489,
10:04:28,15.89,200,
10:04:29,15.8911,1015,
10:04:29,15.8897,1000,
10:04:32,15.888,800,
10:04:33,15.88,500,
10:04:33,15.88,500,
10:04:33,15.88,100,
10:04:33,15.88,400,
10:04:33,15.88,400,
10:04:33,15.88,300,
10:04:33,15.88,799,
10:04:33,15.88,200,
10:04:33,15.87,400,
10:04:33,15.87,300,
10:04:34,15.8799,2000,
10:04:35,15.87,150,
10:04:37,15.8799,1000,
10:04:38,15.88,1598,
10:04:38,15.88,254,
10:04:38,15.88,200,
10:04:38,15.88,1639,
10:04:38,15.88,339,
10:04:38,15.88,300,
10:04:38,15.88,100,
10:04:38,15.88,100,
10:04:38,15.88,100,
10:04:40,15.88,100,
10:04:41,15.888,200,
10:04:43,15.8889,1000,
10:04:44,15.887,250,
10:04:48,15.8811,750,
10:04:51,15.8899,1500,
10:04:51,15.88,600,
10:04:52,15.88,500,
10:04:52,15.87,500,
10:04:53,15.88,100,
10:04:53,15.88,600,
10:04:54,15.8797,1000,
10:04:58,15.872,1000,
10:05:00,15.879,250,
10:05:02,15.87,100,
10:05:02,15.87,200,
10:05:02,15.87,500,
10:05:02,15.87,1900,
10:05:02,15.87,237,
10:05:04,15.87,100,
10:05:05,15.87,1600,
10:05:05,15.87,700,
10:05:05,15.87,3300,
10:05:05,15.87,200,
10:05:05,15.87,300,
10:05:05,15.87,600,
10:05:05,15.88,10000,
10:05:05,15.87,100,
10:05:05,15.87,100,
10:05:06,15.871,1400,
10:05:06,15.871,1500,
10:05:08,15.8715,700,
10:05:09,15.8796,100,
10:05:10,15.88,400,
10:05:10,15.88,200,
10:05:10,15.88,1000,
10:05:10,15.88,500,
10:05:10,15.88,100,
10:05:10,15.8779,300,
10:05:10,15.88,100,
10:05:10,15.88,100,
10:05:11,15.878,200,
10:05:11,15.8701,3000,
10:05:12,15.88,100,
10:05:12,15.88,100,
10:05:13,15.88,100,
10:05:13,15.88,400,
10:05:13,15.88,1658,
10:05:14,15.881,200,
10:05:14,15.881,200,
10:05:15,15.88,800,
10:05:15,15.88,200,
10:05:15,15.88,300,
10:05:15,15.8897,200,
10:05:17,15.89,1700,
10:05:17,15.89,600,
10:05:18,15.888,300,
10:05:21,15.8803,1000,
10:05:23,15.882,1000,
10:05:23,15.88,15200,
10:05:24,15.881,1800,
10:05:24,15.881,1100,
10:05:24,15.8838,2000,
10:05:26,15.888,500,
10:05:26,15.88,1400,
10:05:28,15.89,1000,
10:05:29,15.89,100,
10:05:30,15.885,300,
10:05:33,15.8801,3000,
10:05:37,15.89,158,
10:05:37,15.89,601,
10:05:37,15.89,800,
10:05:41,15.8937,200,
10:05:41,15.898,1500,
10:05:44,15.898,500,
10:05:44,15.90,1000,
10:05:46,15.90,300,
10:05:46,15.90,400,
10:05:47,15.901,500,
10:05:47,15.91,400,
10:05:47,15.9099,100,
10:05:50,15.91,399,
10:05:50,15.91,1500,
10:05:50,15.91,200,
10:05:52,15.91,1000,
10:05:54,15.91,500,
10:05:54,15.91,400,
10:05:54,15.9099,500,
10:05:54,15.9099,600,
10:05:55,15.91,1100,
10:05:58,15.918,300,
10:06:02,15.91,1600,
10:06:02,15.919,5000,
10:06:03,15.91,400,
10:06:03,15.9099,1600,
10:06:03,15.9099,400,
10:06:03,15.91,1900,
10:06:03,15.91,100,
10:06:03,15.91,400,
10:06:05,15.908,1400,
10:06:08,15.909,300,
10:06:08,15.91,500,
10:06:11,15.909,500,
10:06:13,15.90,100,
10:06:13,15.90,100,
10:06:13,15.90,1000,
10:06:15,15.9089,500,
10:06:17,15.91,270,
10:06:18,15.9025,300,
10:06:20,15.9075,2190,
10:06:23,15.9089,1500,
10:06:23,15.903,100,
10:06:26,15.90,300,
10:06:28,15.91,200,
10:06:29,15.907,250,
10:06:31,15.9089,750,
10:06:32,15.90,725,
10:06:33,15.908,100,
10:06:33,15.91,100,
10:06:33,15.91,500,
10:06:33,15.91,400,
10:06:33,15.91,100,
10:06:33,15.91,400,
10:06:33,15.91,200,
10:06:34,15.91,200,
10:06:34,15.92,1658,
10:06:34,15.92,600,
10:06:37,15.9101,200,
10:06:40,15.92,100,
10:06:41,15.92,600,
10:06:41,15.92,600,
10:06:41,15.92,100,
10:06:41,15.92,100,
10:06:41,15.92,100,
10:06:41,15.9199,600,
10:06:41,15.93,300,
10:06:41,15.93,1400,
10:06:41,15.93,600,
10:06:41,15.918,1000,
10:06:41,15.92,300,
10:06:43,15.92,260,
10:06:43,15.93,8300,
10:06:45,15.9199,300,
10:06:47,15.92,100,
10:06:47,15.918,200,
10:06:48,15.9101,100,
10:06:52,15.92,100,
10:06:52,15.92,100,
10:06:53,15.917,100,
10:06:56,15.92,1000,
10:06:56,15.90,300,
10:06:59,15.91,200,
10:07:00,15.91,200,
10:07:01,15.9094,5000,
10:07:01,15.91,600,
10:07:05,15.908,250,
10:07:06,15.9001,300,
10:07:06,15.9001,100,
10:07:08,15.9015,3200,
10:07:08,15.902,2200,
10:07:08,15.902,400,
10:07:08,15.907,150,
10:07:08,15.909,300,
10:07:11,15.9075,2950,
10:07:11,15.91,400,
10:07:12,15.90,800,
10:07:12,15.90,100,
10:07:16,15.91,20000,
10:07:17,15.91,800,
10:07:17,15.9097,500,
10:07:20,15.91,500,
10:07:26,15.9085,3200,
10:07:26,15.908,275,
10:07:26,15.9001,500,
10:07:30,15.91,1000,
10:07:32,15.901,1000,
10:07:33,15.91,2700,
10:07:33,15.91,1200,
10:07:36,15.91,550,
10:07:36,15.91,300,
10:07:36,15.91,100,
10:07:36,15.9099,2000,
10:07:36,15.91,100,
10:07:37,15.91,100,
10:07:37,15.9099,200,
10:07:37,15.91,100,
10:07:37,15.91,200,
10:07:37,15.91,300,
10:07:37,15.91,100,
10:07:37,15.91,200,
10:07:37,15.91,200,
10:07:37,15.91,199,
10:07:38,15.92,600,
10:07:38,15.92,100,
10:07:38,15.902,2500,
10:07:38,15.928,1900,
10:07:40,15.9201,400,
10:07:47,15.928,500,
10:07:51,15.92,500,
10:07:51,15.92,600,
10:07:59,15.91,120,
10:08:00,15.917,299,
10:08:00,15.92,1100,
10:08:00,15.9101,8000,
10:08:07,15.9185,200,
10:08:12,15.92,100,
10:08:12,15.92,200,
10:08:12,15.92,200,
10:08:12,15.9189,1000,
10:08:13,15.92,200,
10:08:14,15.919,100,
10:08:14,15.919,200,
10:08:15,15.919,200,
10:08:20,15.919,500,
10:08:22,15.92,400,
10:08:22,15.92,200,
10:08:25,15.9205,1000,
10:08:27,15.92,100,
10:08:29,15.91,500,
10:08:30,15.915,250,
10:08:31,15.9193,300,
10:08:32,15.9153,150,
10:08:32,15.9175,3500,
10:08:34,15.92,200,
10:08:37,15.92,200,
10:08:37,15.92,400,
10:08:44,15.9275,200,
10:08:44,15.9275,200,
10:08:47,15.928,300,
10:08:51,15.928,300,
10:08:51,15.93,200,
10:08:52,15.9297,250,
10:08:54,15.928,500,
10:08:54,15.929,452,
10:08:59,15.93,200,
10:08:59,15.93,400,
10:09:02,15.928,500,
10:09:03,15.92,200,
10:09:08,15.9201,500,
10:09:11,15.92,1000,
10:09:17,15.9285,4700,
10:09:18,15.9221,300,
10:09:23,15.9288,600,
10:09:28,15.92,100,
10:09:34,15.92,400,
10:09:34,15.92,400,
10:09:34,15.92,200,
10:09:34,15.92,1200,
10:09:34,15.92,300,
10:09:34,15.92,190,
10:09:34,15.92,1000,
10:09:34,15.92,400,
10:09:34,15.92,200,
10:09:34,15.92,200,
10:09:34,15.92,200,
10:09:34,15.92,1200,
10:09:34,15.92,600,
10:09:34,15.92,500,
10:09:34,15.92,100,
10:09:34,15.9201,100,
10:09:34,15.92,600,
10:09:35,15.92,1800,
10:09:35,15.92,600,
10:09:35,15.92,200,
10:09:38,15.92,1200,
10:09:39,15.92,1304,
10:09:39,15.92,400,
10:09:42,15.93,200,
10:09:45,15.9299,100,
10:09:47,15.93,100,
10:09:50,15.9289,300,
10:09:50,15.9297,300,
10:09:52,15.9299,3000,
10:09:53,15.92,810,
10:09:54,15.92,1000,
10:09:54,15.92,300,
10:10:01,15.91,3500,
10:10:01,15.91,258,
10:10:09,15.91,10000,
10:10:14,15.9199,500,
10:10:20,15.919,2000,
10:10:23,15.918,2500,
10:10:25,15.915,100,
10:10:29,15.91,100,
10:10:29,15.91,100,
10:10:30,15.9099,100,
10:10:31,15.91,100,
10:10:40,15.91,100,
10:10:40,15.91,100,
10:10:40,15.90,100,
10:10:43,15.90,200,
10:10:43,15.91,100,
10:10:43,15.90,100,
10:10:43,15.91,100,
10:10:43,15.91,200,
10:10:43,15.9099,250,
10:10:43,15.91,100,
10:10:43,15.9099,100,
10:10:44,15.90,200,
10:10:45,15.901,200,
10:10:47,15.90,300,
10:10:48,15.901,100,
10:10:48,15.90,100,
10:10:52,15.9001,2000,
10:10:52,15.90,900,
10:10:52,15.91,100,
10:10:54,15.9057,1000,
10:10:54,15.91,100,
10:10:56,15.90,200,
10:10:57,15.909,400,
10:10:59,15.91,100,
10:10:59,15.9099,700,
10:10:59,15.91,300,
10:10:59,15.901,400,
10:11:00,15.901,100,
10:11:01,15.90,1400,
10:11:03,15.901,400,
10:11:03,15.91,100,
10:11:04,15.90,100,
10:11:05,15.90,100,
10:11:09,15.9001,800,
10:11:09,15.90,800,
10:11:09,15.9001,5679,
10:11:12,15.91,200,
10:11:18,15.90,200,
10:11:18,15.89,400,
10:11:18,15.89,400,
10:11:18,15.89,500,
10:11:18,15.89,225,
10:11:21,15.8995,500,
10:11:22,15.90,500,
10:11:22,15.90,100,
10:11:23,15.8901,2000,
10:11:24,15.90,100,
10:11:24,15.90,200,
10:11:24,15.90,100,
10:11:24,15.90,200,
10:11:24,15.90,299,
10:11:24,15.90,300,
10:11:24,15.90,200,
10:11:26,15.901,100,
10:11:27,15.8989,600,
10:11:30,15.899,1400,
10:11:32,15.8911,1000,
10:11:36,15.889,500,
10:11:38,15.89,400,
10:11:38,15.89,300,
10:11:42,15.8987,100,
10:11:43,15.8997,110,
10:11:48,15.8985,5000,
10:11:54,15.892,600,
10:12:07,15.8983,200,
10:12:08,15.89,200,
10:12:08,15.89,200,
10:12:08,15.88,400,
10:12:08,15.88,100,
10:12:08,15.88,100,
10:12:08,15.88,200,
10:12:15,15.889,500,
10:12:19,15.89,600,
10:12:19,15.89,600,
10:12:19,15.8889,150,
10:12:24,15.88,500,
10:12:30,15.8899,600,
10:12:33,15.88,100,
10:12:35,15.89,200,
10:12:35,15.89,200,
10:12:36,15.90,137,
10:12:37,15.89,200,
10:12:39,15.90,338,
10:12:44,15.8971,6000,
10:12:45,15.908,700,
10:12:45,15.899,100,
10:12:48,15.899,100,
10:12:49,15.91,200,
10:12:49,15.91,400,
10:12:49,15.90,400,
10:12:49,15.90,400,
10:12:49,15.90,100,
10:12:49,15.90,200,
10:12:50,15.9097,500,
10:12:56,15.908,400,
10:12:59,15.91,700,
10:13:08,15.91,100,
10:13:10,15.9099,3000,
10:13:15,15.91,200,
10:13:15,15.91,100,
10:13:15,15.9099,150,
10:13:15,15.90,200,
10:13:17,15.909,500,
10:13:18,15.901,1000,
10:13:18,15.90,1000,
10:13:21,15.92,1000,
10:13:24,15.918,100,
10:13:29,15.9199,100,
10:13:34,15.925,100,
10:13:36,15.92,500,
10:13:36,15.92,2800,
10:13:36,15.92,400,
10:13:36,15.92,300,
10:13:38,15.9187,2780,
10:13:43,15.92,800,
10:13:43,15.92,400,
10:13:44,15.93,558,
10:13:44,15.93,800,
10:13:44,15.93,400,
10:13:44,15.93,200,
10:13:44,15.93,100,
10:13:50,15.929,200,
10:13:51,15.9299,600,
10:13:51,15.93,700,
10:13:51,15.93,900,
10:13:54,15.93,289,
10:13:54,15.93,1700,
10:14:00,15.931,2500,
10:14:11,15.9296,500,
10:14:13,15.93,100,
10:14:17,15.929,100,
10:14:24,15.918,1000,
10:14:24,15.91,800,
10:14:25,15.909,200,
10:14:25,15.909,200,
10:14:30,15.903,100,
10:14:30,15.92,400,
10:14:30,15.92,4400,
10:14:30,15.91,400,
10:14:42,15.918,1000,
10:14:45,15.92,200,
10:14:45,15.92,100,
10:15:11,15.8901,500,
10:15:12,15.8801,1200,
10:15:12,15.88,300,
10:15:13,15.89,100,
10:15:13,15.8899,175,
10:15:14,15.89,200,
10:15:14,15.89,600,
10:15:14,15.90,500,
10:15:14,15.8899,300,
10:15:18,15.895,100,
10:15:21,15.899,400,
10:15:28,15.9099,300,
10:15:33,15.909,160,
10:15:33,15.909,100,
10:15:37,15.9096,500,
10:15:37,15.91,200,
10:15:37,15.91,100,
10:15:39,15.902,235,
10:15:57,15.91,500,
10:16:06,15.9197,100,
10:16:12,15.9197,260,
10:16:13,15.9113,1226,
10:16:14,15.91,1000,
10:16:14,15.91,100,
10:16:20,15.912,765,
10:16:24,15.918,1500,
10:16:27,15.92,10000,
10:16:42,15.92,200,
10:16:42,15.92,100,
10:16:42,15.92,600,
10:16:42,15.92,600,
10:16:42,15.92,8027,
10:16:43,15.92,400,
10:16:43,15.92,500,
10:16:43,15.92,119,
10:16:43,15.92,500,
10:16:43,15.92,500,
10:16:43,15.92,600,
10:16:48,15.9297,150,
10:16:54,15.92,600,
10:16:54,15.93,1500,
10:16:54,15.93,800,
10:16:54,15.93,2000,
10:16:54,15.93,200,
10:16:54,15.93,600,
10:16:54,15.93,200,
10:16:58,15.92,700,
10:16:58,15.92,300,
10:16:58,15.91,363,
10:17:00,15.91,2100,
10:17:01,15.9199,200,
10:17:03,15.919,1688,
10:17:05,15.91,200,
10:17:05,15.91,600,
10:17:05,15.91,536,
10:17:05,15.91,100,
10:17:05,15.90,100,
10:17:05,15.91,100,
10:17:05,15.909,400,
10:17:10,15.9099,500,
10:17:13,15.908,100,
10:17:18,15.909,400,
10:17:18,15.908,1000,
10:17:21,15.90,200,
10:17:28,15.90,200,
10:17:28,15.90,100,
10:17:29,15.90,137,
10:17:29,15.90,400,
10:17:29,15.90,300,
10:17:29,15.90,600,
10:17:29,15.90,300,
10:17:31,15.90,100,
10:17:31,15.90,100,
10:17:31,15.90,100,
10:17:32,15.8999,109,
10:17:32,15.8975,500,
10:17:32,15.90,400,
10:17:35,15.90,400,
10:17:38,15.90,190,
10:17:39,15.90,100,
10:17:40,15.8918,1000,
10:17:43,15.899,200,
10:17:54,15.899,3000,
10:17:55,15.8903,400,
10:18:02,15.89,500,
10:18:02,15.8999,2700,
10:18:03,15.89,100,
10:18:03,15.89,400,
10:18:03,15.8803,900,
10:18:18,15.88,100,
10:18:20,15.89,100,
10:18:24,15.89,200,
10:18:24,15.89,254,
10:18:27,15.89,300,
10:18:27,15.88,1000,
10:18:28,15.872,1500,
10:18:31,15.8713,600,
10:18:31,15.879,200,
10:18:32,15.87,700,
10:18:33,15.87,100,
10:18:34,15.8713,100,
10:18:39,15.88,2300,
10:18:46,15.8703,910,
10:18:49,15.87,615,
10:18:49,15.87,100,
10:18:49,15.87,100,
10:18:54,15.8789,100,
10:18:57,15.87,1000,
10:19:03,15.871,200,
10:19:08,15.87,600,
10:19:09,15.88,300,
10:19:09,15.88,700,
10:19:10,15.8711,1394,
10:19:11,15.879,400,
10:19:12,15.87,100,
10:19:15,15.87,300,
10:19:15,15.87,100,
10:19:15,15.87,100,
10:19:17,15.87,200,
10:19:17,15.87,100,
10:19:17,15.87,100,
10:19:19,15.87,200,
10:19:22,15.878,1000,
10:19:24,15.8789,161,
10:19:27,15.88,500,
10:19:28,15.872,365,
10:19:36,15.87,1000,
10:19:39,15.87,500,
10:19:44,15.8701,3000,
10:19:45,15.8799,1990,
10:19:49,15.87,400,
10:19:53,15.8799,2500,
10:19:56,15.88,200,
10:19:56,15.88,200,
10:19:56,15.88,200,
10:19:56,15.88,500,
10:19:56,15.88,100,
10:19:56,15.88,100,
10:19:56,15.88,100,
10:19:56,15.88,100,
10:19:56,15.88,100,
10:19:56,15.88,100,
10:19:56,15.88,500,
10:19:56,15.88,500,
10:20:06,15.8797,1000,
10:20:11,15.87,100,
10:20:11,15.87,100,
10:20:11,15.87,600,
10:20:11,15.87,600,
10:20:24,15.878,100,
10:20:28,15.86,14850,
10:20:30,15.86,150,
10:20:36,15.8699,300,
10:20:40,15.87,500,
10:20:40,15.87,100,
10:20:40,15.87,158,
10:20:40,15.87,300,
10:20:48,15.87,500,
10:21:01,15.86,400,
10:21:01,15.8689,200,
10:21:02,15.86,400,
10:21:02,15.86,250,
10:21:02,15.86,800,
10:21:02,15.86,400,
10:21:02,15.86,700,
10:21:02,15.85,300,
10:21:02,15.85,100,
10:21:02,15.85,900,
10:21:02,15.85,150,
10:21:02,15.85,1815,
10:21:03,15.85,150,
10:21:03,15.859,3000,
10:21:03,15.85,250,
10:21:04,15.85,2460,
10:21:04,15.85,100,
10:21:05,15.8599,1000,
10:21:06,15.85,600,
10:21:06,15.8525,2200,
10:21:07,15.852,200,
10:21:09,15.8589,500,
10:21:10,15.858,500,
10:21:16,15.859,3500,
10:21:22,15.8594,100,
10:21:28,15.8504,500,
10:21:31,15.8599,4500,
10:21:32,15.859,1700,
10:21:35,15.86,300,
10:21:35,15.86,500,
10:21:35,15.86,100,
10:21:36,15.858,1000,
10:21:39,15.851,5000,
10:21:43,15.853,200,
10:21:46,15.86,400,
10:21:46,15.86,200,
10:21:48,15.8601,2500,
10:21:50,15.8699,500,
10:21:53,15.87,600,
10:21:53,15.87,400,
10:21:55,15.8615,2650,
10:21:55,15.87,400,
10:21:57,15.87,200,
10:21:57,15.87,400,
10:22:03,15.87,100,
10:22:06,15.86,500,
10:22:10,15.8596,400,
10:22:11,15.8589,1000,
10:22:11,15.86,100,
10:22:16,15.858,250,
10:22:22,15.85,100,
10:22:22,15.85,300,
10:22:22,15.85,246,
10:22:22,15.85,400,
10:22:22,15.85,400,
10:22:22,15.85,400,
10:22:22,15.85,400,
10:22:22,15.85,1473,
10:22:22,15.85,200,
10:22:22,15.85,1000,
10:22:22,15.84,300,
10:22:22,15.84,1200,
10:22:22,15.84,1000,
10:22:22,15.85,200,
10:22:22,15.84,200,
10:22:23,15.83,600,
10:22:24,15.8489,1000,
10:22:25,15.84,3000,
10:22:25,15.841,200,
10:22:25,15.841,200,
10:22:25,15.83,3500,
10:22:25,15.842,500,
10:22:25,15.84,100,
10:22:25,15.842,500,
10:22:25,15.84,530,
10:22:25,15.8397,250,
10:22:27,15.8301,1000,
10:22:31,15.831,1500,
10:22:32,15.84,200,
10:22:32,15.85,300,
10:22:32,15.85,600,
10:22:32,15.8501,1000,
10:22:33,15.84,20000,
10:22:37,15.841,2000,
10:22:37,15.842,500,
10:22:42,15.85,100,
10:22:44,15.848,200,
10:22:49,15.83,1000,
10:22:53,15.8399,3500,
10:22:53,15.84,285,
10:22:58,15.83,1000,
10:22:58,15.831,1000,
10:23:01,15.83,900,
10:23:04,15.8397,300,
10:23:07,15.8389,190,
10:23:10,15.831,2000,
10:23:11,15.8301,1000,
10:23:14,15.83,200,
10:23:14,15.83,100,
10:23:14,15.83,454,
10:23:19,15.839,800,
10:23:23,15.83,3000,
10:23:23,15.8304,1000,
10:23:26,15.84,100,
10:23:32,15.84,500,
10:23:33,15.84,200,
10:23:33,15.84,100,
10:23:33,15.84,100,
10:23:33,15.84,100,
10:23:33,15.84,100,
10:23:33,15.84,100,
10:23:33,15.84,100,
10:23:33,15.84,100,
10:23:34,15.85,1000,
10:23:37,15.85,200,
10:23:37,15.85,240,
10:23:37,15.86,200,
10:23:40,15.858,1100,
10:23:41,15.86,800,
10:23:41,15.86,100,
10:23:41,15.86,300,
10:23:49,15.852,600,
10:23:54,15.85,654,
10:23:58,15.8499,1000,
10:24:10,15.849,4000,
10:24:13,15.848,400,
10:24:16,15.847,100,
10:24:22,15.8599,2000,
10:24:24,15.851,1600,
10:24:31,15.86,1600,
10:24:37,15.841,100,
10:24:38,15.85,21000,
10:24:43,15.8599,500,
10:24:46,15.858,500,
10:24:52,15.858,500,
10:24:52,15.86,100,
10:24:56,15.8501,5000,
10:25:02,15.8599,4900,
10:25:02,15.86,1800,
10:25:02,15.86,1500,
10:25:02,15.85,400,
10:25:02,15.85,300,
10:25:02,15.85,400,
10:25:02,15.85,200,
10:25:02,15.85,200,
10:25:02,15.86,100,
10:25:06,15.8599,500,
10:25:07,15.858,300,
10:25:07,15.86,300,
10:25:07,15.86,600,
10:25:10,15.85,200,
10:25:10,15.849,700,
10:25:10,15.85,700,
10:25:13,15.84,600,
10:25:13,15.84,700,
10:25:22,15.848,500,
10:25:28,15.8403,1791,
10:25:30,15.848,500,
10:25:30,15.85,9000,
10:25:31,15.85,9000,
10:25:35,15.8401,2000,
10:25:35,15.845,200,
10:25:35,15.84,400,
10:25:35,15.84,600,
10:25:35,15.845,200,
10:25:35,15.845,200,
10:25:35,15.84,600,
10:25:35,15.84,200,
10:25:36,15.85,200,
10:25:37,15.848,1000,
10:25:40,15.83,700,
10:25:40,15.832,1000,
10:25:46,15.84,200,
10:25:47,15.84,550,
10:25:47,15.84,300,
10:25:50,15.84,400,
10:25:51,15.839,200,
10:25:51,15.84,200,
10:25:51,15.84,300,
10:25:52,15.83,100,
10:25:52,15.83,100,
10:25:55,15.848,300,
10:25:58,15.84,200,
10:25:58,15.84,500,
10:25:58,15.84,300,
10:25:58,15.845,700,
10:25:58,15.842,2600,
10:25:59,15.8399,500,
10:26:03,15.84,600,
10:26:03,15.84,1000,
10:26:04,15.84,200,
10:26:04,15.84,400,
10:26:04,15.84,800,
10:26:04,15.84,2259,
10:26:04,15.84,100,
10:26:04,15.84,300,
10:26:04,15.84,100,
10:26:05,15.84,100,
10:26:05,15.84,100,
10:26:05,15.84,100,
10:26:13,15.83,700,
10:26:16,15.8375,2000,
10:26:17,15.8399,100,
10:26:22,15.835,500,
10:26:22,15.84,100,
10:26:25,15.84,100,
10:26:25,15.8399,350,
10:26:32,15.84,200,
10:26:32,15.84,700,
10:26:32,15.84,1600,
10:26:32,15.84,2000,
10:26:32,15.84,600,
10:26:33,15.8413,1700,
10:26:36,15.8403,1318,
10:26:37,15.85,1400,
10:26:37,15.85,100,
10:26:37,15.85,2200,
10:26:37,15.85,1000,
10:26:40,15.86,100,
10:26:46,15.8568,5000,
10:26:50,15.8533,500,
10:26:52,15.8503,575,
10:27:00,15.8501,100,
10:27:01,15.858,190,
10:27:04,15.85,200,
10:27:18,15.831,600,
10:27:19,15.84,500,
10:27:22,15.84,100,
10:27:23,15.839,1700,
10:27:23,15.84,100,
10:27:25,15.83,1000,
10:27:26,15.83,1600,
10:27:34,15.84,350,
10:27:35,15.8303,150,
10:27:38,15.8399,200,
10:27:41,15.8389,1000,
10:27:43,15.8301,878,
10:27:45,15.8303,300,
10:27:46,15.832,1000,
10:27:46,15.832,1680,
10:27:52,15.838,1600,
10:27:55,15.83,200,
10:27:55,15.83,200,
10:27:58,15.828,1000,
10:28:00,15.82,300,
10:28:00,15.82,300,
10:28:00,15.81,500,
10:28:00,15.81,254,
10:28:00,15.81,1990,
10:28:04,15.81,400,
10:28:04,15.82,200,
10:28:04,15.818,140,
10:28:05,15.82,100,
10:28:07,15.82,200,
10:28:07,15.82,199,
10:28:08,15.82,100,
10:28:08,15.82,100,
10:28:10,15.826,2000,
10:28:12,15.81,800,
10:28:14,15.81,600,
10:28:20,15.81,204,
10:28:20,15.81,100,
10:28:20,15.80,300,
10:28:21,15.8001,500,
10:28:21,15.80,300,
10:28:21,15.80,400,
10:28:22,15.80,100,
10:28:22,15.80,700,
10:28:22,15.80,4385,
10:28:22,15.80,7000,
10:28:22,15.801,300,
10:28:22,15.80,1400,
10:28:22,15.80,100,
10:28:22,15.80,500,
10:28:22,15.80,300,
10:28:22,15.80,300,
10:28:22,15.80,500,
10:28:22,15.80,275,
10:28:22,15.80,1000,
10:28:23,15.80,115,
10:28:23,15.80,6850,
10:28:23,15.801,200,
10:28:23,15.80,190,
10:28:25,15.80,200,
10:28:26,15.81,199,
10:28:26,15.81,254,
10:28:26,15.81,2000,
10:28:26,15.81,300,
10:28:26,15.81,100,
10:28:26,15.81,1600,
10:28:26,15.81,100,
10:28:26,15.81,200,
10:28:27,15.805,1040,
10:28:27,15.81,100,
10:28:27,15.81,100,
10:28:27,15.81,100,
10:28:27,15.81,100,
10:28:27,15.82,200,
10:28:31,15.80,500,
10:28:32,15.8189,1500,
10:28:32,15.82,800,
10:28:32,15.82,2100,
10:28:32,15.82,200,
10:28:33,15.811,500,
10:28:33,15.82,200,
10:28:33,15.82,200,
10:28:33,15.82,200,
10:28:33,15.82,200,
10:28:34,15.818,186,
10:28:36,15.8111,1500,
10:28:37,15.815,4000,
10:28:37,15.811,600,
10:28:38,15.815,300,
10:28:39,15.82,200,
10:28:39,15.82,200,
10:28:39,15.82,400,
10:28:39,15.829,100,
10:28:42,15.8297,1800,
10:28:44,15.82,300,
10:28:47,15.81,400,
10:28:47,15.81,100,
10:28:47,15.81,100,
10:28:47,15.82,1000,
10:28:47,15.82,800,
10:28:47,15.82,200,
10:28:47,15.82,200,
10:28:49,15.8125,3000,
10:28:53,15.8299,2000,
10:29:01,15.818,267,
10:29:03,15.812,500,
10:29:09,15.8199,1000,
10:29:11,15.82,260,
10:29:16,15.8103,3000,
10:29:20,15.818,1000,
10:29:22,15.812,400,
10:29:26,15.82,200,
10:29:28,15.81,1000,
10:29:28,15.815,100,
10:29:28,15.815,100,
10:29:28,15.815,100,
10:29:34,15.82,197,
10:29:34,15.8299,2500,
10:29:38,15.811,200,
10:29:40,15.82,400,
10:29:50,15.81,110,
10:29:50,15.81,500,
10:29:51,15.8199,500,
10:30:01,15.809,1000,
10:30:03,15.808,200,
10:30:04,15.80,500,
10:30:05,15.8001,110,
10:30:05,15.8001,100,
10:30:05,15.80,120,
10:30:10,15.79,600,
10:30:11,15.808,200,
10:30:11,15.79,1940,
10:30:11,15.7901,700,
10:30:11,15.79,2000,
10:30:11,15.79,500,
10:30:11,15.79,500,
10:30:11,15.79,200,
10:30:13,15.797,400,
10:30:14,15.792,1000,
10:30:17,15.798,300,
10:30:17,15.7997,1000,
10:30:19,15.7901,1000,
10:30:19,15.7901,200,
10:30:19,15.78,400,
10:30:19,15.78,100,
10:30:19,15.781,2500,
10:30:20,15.781,600,
10:30:21,15.781,740,
10:30:22,15.782,500,
10:30:22,15.79,100,
10:30:22,15.79,254,
10:30:22,15.79,782,
10:30:22,15.79,600,
10:30:23,15.79,600,
10:30:24,15.80,100,
10:30:25,15.7915,8000,
10:30:26,15.7989,1500,
10:30:27,15.791,200,
10:30:29,15.7925,300,
10:30:29,15.7925,1700,
10:30:31,15.80,100,
10:30:31,15.80,1600,
10:30:31,15.80,700,
10:30:32,15.80,100,
10:30:33,15.7901,600,
10:30:35,15.80,100,
10:30:39,15.7901,500,
10:30:41,15.791,300,
10:30:45,15.79,200,
10:30:46,15.79,100,
10:30:47,15.79,500,
10:30:51,15.79,800,
10:30:51,15.79,800,
10:30:53,15.80,300,
10:30:54,15.791,1400,
10:30:55,15.7999,2000,
10:30:55,15.80,200,
10:30:55,15.80,100,
10:30:55,15.80,400,
10:30:57,15.81,500,
10:30:58,15.80,4000,
10:30:59,15.802,400,
10:31:02,15.8085,7100,
10:31:03,15.7999,500,
10:31:06,15.7901,139,
10:31:07,15.80,100,
10:31:10,15.80,1000,
10:31:10,15.80,100,
10:31:12,15.791,1300,
10:31:14,15.791,1100,
10:31:16,15.798,1000,
10:31:17,15.80,8000,
10:31:20,15.793,200,
10:31:23,15.795,4000,
10:31:25,15.80,300,
10:31:25,15.80,400,
10:31:29,15.80,1800,
10:31:30,15.80,1800,
10:31:34,15.798,2000,
10:31:35,15.798,1000,
10:31:41,15.795,2100,
10:31:42,15.8001,100,
10:31:44,15.805,100,
10:31:44,15.801,200,
10:31:46,15.80,4300,
10:31:48,15.80,200,
10:31:49,15.80,500,
10:31:49,15.7999,700,
10:31:50,15.7975,2200,
10:31:54,15.80,300,
10:31:54,15.7999,500,
10:31:58,15.7988,200,
10:32:00,15.79,200,
10:32:06,15.80,100,
10:32:07,15.7999,100,
10:32:11,15.79,1000,
10:32:11,15.795,200,
10:32:11,15.80,200,
10:32:19,15.80,100,
10:32:22,15.799,100,
10:32:22,15.80,100,
10:32:26,15.795,500,
10:32:27,15.80,100,
10:32:31,15.79,5500,
10:32:41,15.799,500,
10:32:44,15.80,2100,
10:32:44,15.799,2900,
10:32:45,15.80,500,
10:32:45,15.80,400,
10:32:47,15.80,500,
10:32:51,15.7999,5000,
10:33:01,15.798,700,
10:33:06,15.79,100,
10:33:08,15.798,1000,
10:33:10,15.7997,500,
10:33:12,15.80,300,
10:33:13,15.7911,600,
10:33:17,15.7925,3000,
10:33:22,15.80,200,
10:33:22,15.80,350,
10:33:26,15.798,500,
10:33:27,15.80,500,
10:33:29,15.799,200,
10:33:32,15.799,1000,
10:33:33,15.80,400,
10:33:34,15.80,250,
10:33:36,15.80,200,
10:33:39,15.7957,1500,
10:33:44,15.798,500,
10:33:44,15.798,480,
10:33:44,15.81,300,
10:33:53,15.80,200,
10:33:53,15.80,200,
10:33:53,15.7999,200,
10:33:57,15.7911,200,
10:34:03,15.798,2000,
10:34:11,15.79,200,
10:34:11,15.79,100,
10:34:11,15.79,200,
10:34:11,15.78,100,
10:34:11,15.7801,2400,
10:34:14,15.7801,1000,
10:34:16,15.7801,2000,
10:34:17,15.78,400,
10:34:17,15.789,300,
10:34:20,15.781,200,
10:34:22,15.78,500,
10:34:22,15.78,100,
10:34:22,15.78,300,
10:34:22,15.77,500,
10:34:22,15.7703,1500,
10:34:23,15.7701,700,
10:34:23,15.77,728,
10:34:23,15.77,1000,
10:34:26,15.77,196,
10:34:26,15.772,754,
10:34:27,15.7797,250,
10:34:29,15.7703,1000,
10:34:29,15.77,500,
10:34:29,15.77,100,
10:34:30,15.77,700,
10:34:30,15.771,1100,
10:34:30,15.77,180,
10:34:30,15.778,150,
10:34:31,15.771,2000,
10:34:31,15.77,300,
10:34:32,15.77,100,
10:34:32,15.771,693,
10:34:32,15.77,300,
10:34:37,15.77,450,
10:34:38,15.77,1000,
10:34:43,15.78,100,
10:34:47,15.7789,1000,
10:34:50,15.7799,5000,
10:34:50,15.78,200,
10:34:50,15.78,300,
10:34:50,15.78,600,
10:34:50,15.78,200,
10:34:50,15.79,400,
10:34:51,15.78,200,
10:34:51,15.77,200,
10:35:00,15.77,300,
10:35:00,15.77,1200,
10:35:00,15.7689,1000,
10:35:00,15.7601,518,
10:35:02,15.77,150,
10:35:02,15.771,150,
10:35:03,15.762,2000,
10:35:04,15.77,100,
10:35:06,15.762,200,
10:35:10,15.76,254,
10:35:10,15.76,500,
10:35:11,15.77,100,
10:35:11,15.769,750,
10:35:11,15.7601,100,
10:35:17,15.761,550,
10:35:17,15.76,100,
10:35:17,15.76,146,
10:35:17,15.75,1100,
10:35:17,15.75,500,
10:35:17,15.75,700,
10:35:18,15.76,200,
10:35:18,15.761,2000,
10:35:18,15.761,1200,
10:35:18,15.761,300,
10:35:19,15.76,100,
10:35:19,15.76,1000,
10:35:19,15.76,2700,
10:35:19,15.761,400,
10:35:20,15.75,200,
10:35:20,15.75,330,
10:35:20,15.75,1000,
10:35:20,15.75,150,
10:35:20,15.75,7000,
10:35:20,15.75,1000,
10:35:20,15.75,600,
10:35:21,15.7601,100,
10:35:21,15.7601,200,
10:35:21,15.76,300,
10:35:25,15.761,100,
10:35:27,15.75,150,
10:35:27,15.75,1000,
10:35:27,15.75,100,
10:35:27,15.752,500,
10:35:28,15.76,400,
10:35:31,15.7597,200,
10:35:34,15.76,500,
10:35:34,15.76,600,
10:35:34,15.75,350,
10:35:34,15.76,2500,
10:35:34,15.7501,400,
10:35:37,15.77,600,
10:35:38,15.761,100,
10:35:41,15.7689,200,
10:35:43,15.7687,500,
10:35:48,15.7699,2000,
10:35:50,15.77,100,
10:35:51,15.765,250,
10:35:56,15.77,1200,
10:35:58,15.7699,4000,
10:36:01,15.7699,2000,
10:36:03,15.761,500,
10:36:08,15.78,100,
10:36:12,15.77,600,
10:36:16,15.7789,1000,
10:36:26,15.778,600,
10:36:26,15.771,405,
10:36:28,15.77,100,
10:36:32,15.77,200,
10:36:35,15.771,200,
10:36:38,15.7701,400,
10:36:44,15.7775,3500,
10:36:45,15.7799,1000,
10:36:46,15.7793,126,
10:36:56,15.7789,500,
10:36:57,15.77,500,
10:37:02,15.7775,2000,
10:37:08,15.78,100,
10:37:08,15.78,400,
10:37:08,15.78,300,
10:37:08,15.78,100,
10:37:08,15.78,237,
10:37:08,15.78,237,
10:37:08,15.78,100,
10:37:08,15.78,2400,
10:37:13,15.7799,400,
10:37:21,15.773,2000,
10:37:23,15.779,300,
10:37:31,15.7701,200,
10:37:34,15.7789,300,
10:37:37,15.77,600,
10:37:46,15.7722,925,
10:37:47,15.7789,100,
10:37:53,15.78,500,
10:38:02,15.7701,500,
10:38:05,15.77,100,
10:38:07,15.7675,400,
10:38:08,15.769,140,
10:38:09,15.76,100,
10:38:09,15.76,500,
10:38:09,15.761,400,
10:38:09,15.76,2100,
10:38:17,15.7501,1000,
10:38:20,15.7504,250,
10:38:23,15.76,300,
10:38:23,15.7599,400,
10:38:25,15.7557,300,
10:38:26,15.76,200,
10:38:26,15.7599,300,
10:38:26,15.7561,200,
10:38:33,15.75,100,
10:38:33,15.75,250,
10:38:33,15.75,400,
10:38:33,15.75,685,
10:38:33,15.75,100,
10:38:33,15.75,2100,
10:38:34,15.74,200,
10:38:34,15.75,100,
10:38:34,15.74,1200,
10:38:34,15.74,3000,
10:38:34,15.74,300,
10:38:35,15.75,10000,
10:38:35,15.74,100,
10:38:36,15.74,262,
10:38:36,15.75,250,
10:38:37,15.74,300,
10:38:40,15.74,300,
10:38:41,15.74,498,
10:38:42,15.74,100,
10:38:43,15.73,500,
10:38:44,15.73,100,
10:38:44,15.74,200,
10:38:44,15.74,600,
10:38:44,15.74,600,
10:38:44,15.749,500,
10:38:45,15.7315,400,
10:38:46,15.74,600,
10:38:46,15.74,600,
10:38:47,15.74,200,
10:38:47,15.7399,375,
10:38:47,15.7399,200,
10:38:50,15.732,640,
10:38:55,15.739,500,
10:38:56,15.74,600,
10:38:56,15.74,300,
10:38:57,15.7301,8500,
10:39:01,15.74,600,
10:39:01,15.74,700,
10:39:01,15.74,1100,
10:39:01,15.74,400,
10:39:02,15.74,100,
10:39:03,15.75,2400,
10:39:03,15.75,200,
10:39:03,15.75,600,
10:39:06,15.74,300,
10:39:06,15.74,100,
10:39:07,15.74,1306,
10:39:07,15.732,141,
10:39:08,15.74,5000,
10:39:11,15.74,100,
10:39:12,15.74,100,
10:39:12,15.74,800,
10:39:14,15.731,2200,
10:39:19,15.7399,2500,
10:39:19,15.7301,141,
10:39:20,15.74,100,
10:39:20,15.74,100,
10:39:20,15.7399,700,
10:39:30,15.7301,2000,
10:39:34,15.73,500,
10:39:36,15.72,200,
10:39:36,15.72,300,
10:39:36,15.72,350,
10:39:36,15.722,1500,
10:39:36,15.71,700,
10:39:36,15.71,100,
10:39:37,15.72,200,
10:39:37,15.72,400,
10:39:37,15.72,845,
10:39:38,15.72,100,
10:39:38,15.72,400,
10:39:38,15.71,100,
10:39:38,15.71,400,
10:39:38,15.71,300,
10:39:38,15.71,800,
10:39:38,15.71,200,
10:39:38,15.71,743,
10:39:39,15.71,200,
10:39:39,15.72,100,
10:39:39,15.72,600,
10:39:40,15.72,100,
10:39:40,15.72,600,
10:39:43,15.72,300,
10:39:43,15.72,600,
10:39:43,15.719,100,
10:39:44,15.718,800,
10:39:45,15.72,1000,
10:39:47,15.729,100,
10:39:48,15.722,1500,
10:39:50,15.72,700,
10:39:52,15.72,100,
10:39:52,15.72,600,
10:39:52,15.72,600,
10:39:52,15.72,1000,
10:39:57,15.722,1500,
10:39:57,15.7299,2000,
10:40:01,15.73,1300,
10:40:01,15.73,1600,
10:40:05,15.721,2000,
10:40:06,15.72,100,
10:40:06,15.72,100,
10:40:06,15.71,100,
10:40:11,15.7197,250,
10:40:14,15.71,900,
10:40:14,15.71,1000,
10:40:14,15.71,700,
10:40:14,15.71,500,
10:40:14,15.71,1000,
10:40:14,15.70,154,
10:40:14,15.70,1000,
10:40:14,15.71,300,
10:40:14,15.70,800,
10:40:14,15.70,2360,
10:40:14,15.701,100,
10:40:14,15.719,420,
10:40:14,15.701,200,
10:40:14,15.702,100,
10:40:15,15.70,600,
10:40:15,15.70,1200,
10:40:15,15.701,500,
10:40:15,15.70,100,
10:40:15,15.701,1000,
10:40:17,15.7099,500,
10:40:17,15.7099,100,
10:40:17,15.7025,550,
10:40:18,15.702,1500,
10:40:18,15.70,407,
10:40:18,15.70,1100,
10:40:19,15.71,100,
10:40:19,15.71,100,
10:40:22,15.7041,3000,
10:40:24,15.71,1000,
10:40:24,15.70,900,
10:40:25,15.7003,228,
10:40:27,15.71,6000,
10:40:28,15.7067,350,
10:40:29,15.707,150,
10:40:33,15.70,200,
10:40:34,15.7006,500,
10:40:34,15.708,400,
10:40:39,15.70,200,
10:40:39,15.70,200,
10:40:39,15.70,300,
10:40:41,15.7001,1200,
10:40:44,15.701,210,
10:40:45,15.7099,400,
10:40:46,15.701,200,
10:40:46,15.701,200,
10:40:47,15.7099,500,
10:40:48,15.71,1000,
10:40:49,15.701,100,
10:40:50,15.7001,3000,
10:40:53,15.7001,300,
10:40:54,15.701,1000,
10:40:55,15.70,100,
10:40:57,15.7003,200,
10:40:58,15.701,800,
10:40:59,15.70,900,
10:40:59,15.70,400,
10:40:59,15.70,1000,
10:40:59,15.70,100,
10:40:59,15.69,1200,
10:41:00,15.708,500,
10:41:02,15.697,300,
10:41:03,15.696,500,
10:41:10,15.701,300,
10:41:12,15.708,233,
10:41:12,15.709,300,
10:41:14,15.701,200,
10:41:14,15.7099,200,
10:41:18,15.71,100,
10:41:18,15.71,100,
10:41:18,15.71,200,
10:41:18,15.71,400,
10:41:18,15.71,200,
10:41:19,15.7199,6600,
10:41:19,15.72,800,
10:41:19,15.72,600,
10:41:19,15.72,200,
10:41:22,15.71,400,
10:41:22,15.71,800,
10:41:22,15.71,400,
10:41:22,15.71,350,
10:41:22,15.71,100,
10:41:22,15.70,200,
10:41:22,15.70,700,
10:41:26,15.7019,500,
10:41:26,15.71,1600,
10:41:26,15.71,1800,
10:41:26,15.71,200,
10:41:26,15.71,100,
10:41:26,15.71,100,
10:41:26,15.71,100,
10:41:26,15.71,100,
10:41:26,15.71,100,
10:41:26,15.71,100,
10:41:26,15.71,100,
10:41:26,15.7075,2000,
10:41:29,15.70,1000,
10:41:29,15.70,349,
10:41:30,15.71,400,
10:41:30,15.71,137,
10:41:30,15.71,2000,
10:41:30,15.71,2000,
10:41:32,15.71,300,
10:41:32,15.7099,400,
10:41:32,15.7089,1000,
10:41:34,15.70,600,
10:41:34,15.7001,400,
10:41:37,15.71,100,
10:41:37,15.71,100,
10:41:38,15.71,175,
10:41:38,15.71,1200,
10:41:38,15.7099,150,
10:41:39,15.71,600,
10:41:39,15.72,2400,
10:41:39,15.72,1475,
10:41:39,15.72,2700,
10:41:39,15.72,800,
10:41:40,15.71,200,
10:41:40,15.71,1100,
10:41:40,15.71,400,
10:41:40,15.71,400,
10:41:40,15.71,600,
10:41:40,15.71,700,
10:41:40,15.71,100,
10:41:40,15.71,800,
10:41:40,15.70,400,
10:41:42,15.7001,6600,
10:41:43,15.7013,1700,
10:41:44,15.705,400,
10:41:48,15.701,1000,
10:41:50,15.7001,4000,
10:41:57,15.7013,1000,
10:42:00,15.709,800,
10:42:03,15.70,200,
10:42:06,15.71,100,
10:42:09,15.709,100,
10:42:17,15.71,100,
10:42:26,15.70,200,
10:42:26,15.705,300,
10:42:29,15.71,299,
10:42:29,15.71,300,
10:42:29,15.71,2100,
10:42:32,15.7112,200,
10:42:33,15.718,1000,
10:42:33,15.72,600,
10:42:33,15.72,400,
10:42:33,15.72,600,
10:42:33,15.72,2000,
10:42:33,15.72,550,
10:42:35,15.729,2000,
10:42:35,15.723,200,
10:42:37,15.722,300,
10:42:39,15.73,500,
10:42:45,15.72,2500,
10:42:46,15.72,2400,
10:42:47,15.72,600,
10:42:47,15.72,100,
10:42:47,15.72,100,
10:42:49,15.712,200,
10:42:51,15.7199,400,
10:42:59,15.73,500,
10:43:01,15.7299,2000,
10:43:02,15.72,200,
10:43:04,15.7286,1000,
10:43:08,15.73,1000,
10:43:11,15.7297,500,
10:43:16,15.7203,775,
10:43:24,15.7257,200,
10:43:30,15.7297,500,
10:43:32,15.72,300,
10:43:32,15.72,600,
10:43:33,15.72,600,
10:43:33,15.72,600,
10:43:33,15.72,600,
10:43:33,15.72,300,
10:43:33,15.72,600,
10:43:33,15.721,100,
10:43:33,15.72,500,
10:43:33,15.72,700,
10:43:33,15.72,400,
10:43:33,15.72,100,
10:43:33,15.72,200,
10:43:33,15.72,200,
10:43:33,15.72,200,
10:43:33,15.72,100,
10:43:36,15.719,200,
10:43:39,15.719,1000,
10:43:41,15.71,600,
10:43:44,15.709,700,
10:43:44,15.709,600,
10:43:45,15.70,700,
10:43:46,15.71,200,
10:43:48,15.71,200,
10:43:48,15.71,200,
10:43:48,15.71,200,
10:43:48,15.71,200,
10:43:48,15.72,400,
10:43:49,15.7199,3180,
10:43:52,15.72,200,
10:43:54,15.7103,1500,
10:43:59,15.7145,500,
10:44:00,15.71,100,
10:44:00,15.70,200,
10:44:00,15.70,300,
10:44:00,15.70,300,
10:44:00,15.70,400,
10:44:00,15.70,400,
10:44:00,15.70,300,
10:44:00,15.70,200,
10:44:00,15.70,300,
10:44:00,15.70,100,
10:44:00,15.70,400,
10:44:00,15.70,400,
10:44:00,15.699,200,
10:44:03,15.69,200,
10:44:03,15.69,200,
10:44:03,15.70,100,
10:44:03,15.70,100,
10:44:03,15.70,200,
10:44:03,15.70,100,
10:44:03,15.70,300,
10:44:03,15.70,500,
10:44:03,15.70,300,
10:44:03,15.70,155,
10:44:03,15.70,304,
10:44:03,15.70,250,
10:44:03,15.70,100,
10:44:03,15.70,500,
10:44:03,15.70,1600,
10:44:03,15.70,300,
10:44:03,15.70,100,
10:44:03,15.70,472,
10:44:03,15.70,100,
10:44:03,15.70,572,
10:44:03,15.70,300,
10:44:03,15.70,500,
10:44:03,15.70,125,
10:44:03,15.70,100,
10:44:03,15.70,200,
10:44:08,15.70,800,
10:44:08,15.7087,315,
10:44:12,15.70,200,
10:44:12,15.6999,250,
10:44:19,15.70,300,
10:44:19,15.70,301,
10:44:19,15.70,4800,
10:44:21,15.70,300,
10:44:22,15.70,1600,
10:44:23,15.70,1658,
10:44:24,15.70,2800,
10:44:24,15.70,700,
10:44:24,15.702,1000,
10:44:26,15.701,800,
10:44:27,15.70,7600,
10:44:30,15.707,100,
10:44:32,15.7023,500,
10:44:35,15.7097,4000,
10:44:35,15.70,700,
10:44:35,15.70,100,
10:44:39,15.6901,2000,
10:44:40,15.70,200,
10:44:40,15.70,400,
10:44:40,15.6999,200,
10:44:40,15.6999,3000,
10:44:40,15.6948,100,
10:44:40,15.69,200,
10:44:41,15.6997,1500,
10:44:43,15.70,300,
10:44:44,15.7001,7300,
10:44:51,15.708,150,
10:44:52,15.7096,299,
10:44:57,15.701,300,
10:44:57,15.702,200,
10:44:58,15.7087,300,
10:45:01,15.7014,100,
10:45:06,15.708,1273,
10:45:09,15.6989,1000,
10:45:12,15.6996,1000,
10:45:16,15.69,200,
10:45:16,15.69,200,
10:45:16,15.68,1000,
10:45:16,15.6801,3000,
10:45:18,15.6813,200,
10:45:18,15.6801,2000,
10:45:23,15.6897,100,
10:45:23,15.69,342,
10:45:23,15.69,100,
10:45:27,15.69,1658,
10:45:27,15.69,500,
10:45:28,15.70,5000,
10:45:37,15.6901,2500,
10:45:39,15.70,1000,
10:45:49,15.69,200,
10:45:49,15.68,500,
10:45:49,15.68,300,
10:45:50,15.6875,3000,
10:45:51,15.68,300,
10:45:51,15.68,200,
10:45:51,15.68,100,
10:45:54,15.68,400,
10:45:57,15.6899,100,
10:46:00,15.6899,500,
10:46:00,15.68,400,
10:46:01,15.682,300,
10:46:04,15.6883,1000,
10:46:05,15.69,600,
10:46:05,15.69,100,
10:46:05,15.69,100,
10:46:06,15.69,4500,
10:46:06,15.69,2000,
10:46:06,15.69,1300,
10:46:07,15.69,425,
10:46:07,15.685,200,
10:46:07,15.68,800,
10:46:08,15.69,150,
10:46:08,15.69,1700,
10:46:08,15.69,2600,
10:46:08,15.69,1550,
10:46:08,15.69,200,
10:46:08,15.69,700,
10:46:08,15.69,2000,
10:46:08,15.69,800,
10:46:08,15.69,1800,
10:46:09,15.6856,300,
10:46:11,15.6987,895,
10:46:15,15.698,1000,
10:46:17,15.6999,1000,
10:46:19,15.70,350,
10:46:19,15.70,500,
10:46:19,15.70,300,
10:46:19,15.70,100,
10:46:19,15.70,100,
10:46:19,15.70,100,
10:46:19,15.70,100,
10:46:19,15.70,400,
10:46:19,15.70,1700,
10:46:19,15.70,700,
10:46:19,15.70,800,
10:46:21,15.7087,250,
10:46:21,15.70,2500,
10:46:21,15.70,300,
10:46:21,15.70,1536,
10:46:23,15.70,300,
10:46:27,15.70,599,
10:46:29,15.71,100,
10:46:30,15.703,200,
10:46:33,15.70,5000,
10:46:36,15.703,110,
10:46:39,15.7099,500,
10:46:44,15.7097,140,
10:46:48,15.701,2000,
10:46:52,15.70,700,
10:46:57,15.701,100,
10:46:59,15.7089,780,
10:47:00,15.7096,120,
10:47:06,15.7099,100,
10:47:07,15.7087,300,
10:47:10,15.71,400,
10:47:10,15.71,200,
10:47:12,15.718,1000,
10:47:15,15.713,305,
10:47:15,15.718,730,
10:47:21,15.72,1658,
10:47:21,15.72,200,
10:47:21,15.72,400,
10:47:22,15.7201,200,
10:47:23,15.72,250,
10:47:24,15.72,958,
10:47:25,15.718,1000,
10:47:27,15.718,1000,
10:47:28,15.719,100,
10:47:30,15.73,100,
10:47:30,15.73,400,
10:47:30,15.718,600,
10:47:31,15.73,500,
10:47:38,15.7299,2000,
10:47:39,15.72,400,
10:47:39,15.7289,500,
10:47:40,15.72,100,
10:47:40,15.72,600,
10:47:40,15.72,500,
10:47:42,15.717,100,
10:47:45,15.7185,6140,
10:47:45,15.72,1455,
10:47:45,15.72,650,
10:47:45,15.72,847,
10:47:46,15.7297,1500,
10:47:47,15.73,300,
10:47:47,15.73,200,
10:47:47,15.73,1500,
10:47:47,15.74,3000,
10:47:47,15.7285,2000,
10:47:48,15.739,500,
10:47:50,15.74,200,
10:47:51,15.7387,200,
10:47:51,15.738,400,
10:47:53,15.738,1000,
10:47:54,15.739,2000,
10:47:55,15.74,200,
10:47:55,15.74,200,
10:47:55,15.7399,200,
10:47:56,15.74,200,
10:47:56,15.74,600,
10:47:56,15.74,200,
10:47:56,15.74,200,
10:47:56,15.74,200,
10:47:56,15.74,200,
10:47:57,15.745,100,
10:47:58,15.7487,150,
10:48:00,15.75,200,
10:48:00,15.75,100,
10:48:01,15.74,500,
10:48:03,15.7315,6140,
10:48:03,15.732,600,
10:48:06,15.738,2800,
10:48:06,15.738,200,
10:48:08,15.738,1000,
10:48:10,15.74,100,
10:48:12,15.73,400,
10:48:16,15.7299,150,
10:48:17,15.73,600,
10:48:17,15.7299,1000,
10:48:17,15.73,100,
10:48:17,15.73,100,
10:48:20,15.7387,500,
10:48:21,15.73,600,
10:48:21,15.74,200,
10:48:21,15.72,1100,
10:48:24,15.74,200,
10:48:24,15.74,800,
10:48:24,15.74,400,
10:48:24,15.7399,500,
10:48:24,15.74,200,
10:48:24,15.74,100,
10:48:24,15.74,300,
10:48:24,15.74,400,
10:48:26,15.735,100,
10:48:26,15.74,250,
10:48:27,15.738,550,
10:48:27,15.74,200,
10:48:27,15.73,260,
10:48:28,15.7389,200,
10:48:28,15.74,100,
10:48:28,15.74,150,
10:48:30,15.7499,100,
10:48:36,15.748,300,
10:48:38,15.7497,600,
10:48:39,15.748,1000,
10:48:40,15.74,608,
10:48:40,15.735,100,
10:48:40,15.74,400,
10:48:40,15.75,600,
10:48:40,15.75,600,
10:48:42,15.75,700,
10:48:42,15.75,500,
10:48:42,15.75,500,
10:48:42,15.7599,10000,
10:48:42,15.75,500,
10:48:45,15.748,1000,
10:48:48,15.7475,2000,
10:48:54,15.7599,1000,
10:48:57,15.76,100,
10:48:59,15.76,1000,
10:49:01,15.76,600,
10:49:01,15.7599,100,
10:49:01,15.7599,3000,
10:49:01,15.76,2000,
10:49:08,15.76,100,
10:49:09,15.7501,2000,
10:49:11,15.76,1500,
10:49:11,15.76,1500,
10:49:11,15.75,300,
10:49:11,15.75,1200,
10:49:11,15.75,100,
10:49:11,15.75,100,
10:49:12,15.75,600,
10:49:14,15.742,100,
10:49:17,15.75,150,
10:49:17,15.75,100,
10:49:21,15.7499,1500,
10:49:21,15.75,700,
10:49:21,15.75,500,
10:49:24,15.742,750,
10:49:26,15.75,400,
10:49:26,15.75,400,
10:49:26,15.7499,4710,
10:49:26,15.7499,1300,
10:49:26,15.75,200,
10:49:26,15.75,400,
10:49:26,15.7484,200,
10:49:26,15.7463,200,
10:49:26,15.75,100,
10:49:26,15.7474,100,
10:49:26,15.7479,300,
10:49:27,15.75,200,
10:49:27,15.75,200,
10:49:27,15.75,300,
10:49:27,15.75,399,
10:49:32,15.76,100,
10:49:33,15.7546,370,
10:49:35,15.75,100,
10:49:35,15.75,1435,
10:49:35,15.75,200,
10:49:35,15.75,100,
10:49:35,15.75,200,
10:49:35,15.745,335,
10:49:36,15.75,100,
10:49:36,15.75,200,
10:49:36,15.748,600,
10:49:40,15.75,100,
10:49:40,15.75,400,
10:49:40,15.75,100,
10:49:40,15.75,100,
10:49:40,15.75,200,
10:49:40,15.75,600,
10:49:40,15.745,100,
10:49:40,15.75,600,
10:49:40,15.75,2700,
10:49:42,15.748,500,
10:49:44,15.75,100,
10:49:44,15.75,100,
10:49:44,15.75,497,
10:49:44,15.75,200,
10:49:44,15.75,300,
10:49:44,15.75,400,
10:49:44,15.75,600,
10:49:48,15.76,200,
10:49:49,15.751,3250,
10:49:51,15.758,500,
10:49:51,15.76,100,
10:49:51,15.76,100,
10:49:55,15.758,600,
10:49:55,15.76,200,
10:49:55,15.76,100,
10:50:00,15.75,900,
10:50:00,15.75,100,
10:50:00,15.75,400,
10:50:00,15.75,500,
10:50:00,15.74,100,
10:50:01,15.75,1000,
10:50:07,15.73,100,
10:50:07,15.74,300,
10:50:07,15.74,100,
10:50:07,15.73,100,
10:50:07,15.73,150,
10:50:07,15.73,300,
10:50:07,15.73,300,
10:50:07,15.73,100,
10:50:09,15.739,300,
10:50:09,15.73,100,
10:50:09,15.7313,2500,
10:50:09,15.73,100,
10:50:09,15.72,100,
10:50:09,15.73,140,
10:50:10,15.73,100,
10:50:13,15.72,100,
10:50:14,15.719,200,
10:50:17,15.73,100,
10:50:17,15.73,100,
10:50:17,15.73,100,
10:50:17,15.7299,1000,
10:50:17,15.73,3100,
10:50:17,15.73,499,
10:50:17,15.73,400,
10:50:17,15.73,100,
10:50:18,15.7201,2000,
10:50:19,15.73,100,
10:50:19,15.73,100,
10:50:19,15.7273,100,
10:50:25,15.727,100,
10:50:26,15.73,100,
10:50:26,15.73,300,
10:50:26,15.7299,100,
10:50:26,15.7299,100,
10:50:31,15.727,200,
10:50:34,15.7289,200,
10:50:38,15.73,1799,
10:50:39,15.74,7800,
10:50:48,15.739,100,
10:50:52,15.739,500,
10:50:52,15.74,100,
10:51:06,15.7254,400,
10:51:06,15.72,300,
10:51:06,15.72,300,
10:51:06,15.72,200,
10:51:09,15.72,600,
10:51:09,15.72,200,
10:51:11,15.72,100,
10:51:14,15.7101,1000,
10:51:19,15.72,100,
10:51:19,15.72,200,
10:51:19,15.72,100,
10:51:19,15.72,100,
10:51:19,15.72,100,
10:51:19,15.72,100,
10:51:22,15.7299,1000,
10:51:27,15.73,100,
10:51:27,15.73,1500,
10:51:30,15.7387,1475,
10:51:34,15.7248,100,
10:51:42,15.73,100,
10:51:44,15.7313,1100,
10:51:45,15.7301,1100,
10:51:58,15.7388,1000,
10:51:59,15.74,600,
10:51:59,15.74,200,
10:51:59,15.74,400,
10:51:59,15.74,200,
10:51:59,15.74,200,
10:51:59,15.74,200,
10:51:59,15.74,200,
10:51:59,15.74,200,
10:51:59,15.74,200,
10:52:00,15.739,250,
10:52:04,15.748,500,
10:52:04,15.75,300,
10:52:06,15.74,300,
10:52:06,15.74,300,
10:52:09,15.737,300,
10:52:13,15.7498,1490,
10:52:16,15.75,200,
10:52:16,15.75,200,
10:52:16,15.74,100,
10:52:16,15.74,200,
10:52:16,15.74,100,
10:52:16,15.75,1100,
10:52:17,15.75,100,
10:52:17,15.7499,100,
10:52:27,15.748,1080,
10:52:28,15.7485,1000,
10:52:35,15.74,300,
10:52:39,15.7499,1000,
10:52:41,15.75,200,
10:52:41,15.75,2000,
10:52:45,15.75,100,
10:52:45,15.75,2400,
10:52:45,15.75,2000,
10:52:45,15.759,1440,
10:52:49,15.759,400,
10:52:52,15.76,100,
10:52:52,15.76,500,
10:52:52,15.76,500,
10:52:53,15.76,100,
10:52:53,15.7601,1000,
10:52:53,15.76,2000,
10:52:53,15.76,1000,
10:52:56,15.7601,400,
10:52:58,15.76,1600,
10:52:58,15.76,1100,
10:53:01,15.7685,3300,
10:53:02,15.77,1000,
10:53:03,15.768,135,
10:53:06,15.7613,100,
10:53:11,15.77,500,
10:53:11,15.76,650,
10:53:14,15.77,100,
10:53:18,15.76,200,
10:53:18,15.765,3400,
10:53:18,15.7601,1000,
10:53:19,15.765,100,
10:53:19,15.769,1200,
10:53:19,15.76,100,
10:53:23,15.7601,2000,
10:53:25,15.769,700,
10:53:28,15.77,700,
10:53:30,15.769,100,
10:53:40,15.766,250,
10:53:44,15.77,300,
10:53:44,15.77,800,
10:53:44,15.77,600,
10:53:47,15.77,500,
10:53:47,15.7697,300,
10:53:48,15.767,200,
10:53:49,15.761,1000,
10:53:55,15.7693,2000,
10:54:02,15.7601,3000,
10:54:07,15.7515,6500,
10:54:13,15.759,500,
10:54:16,15.75,100,
10:54:27,15.76,500,
10:54:27,15.7597,431,
10:54:43,15.758,250,
10:54:47,15.752,2000,
10:54:49,15.7589,1000,
10:55:02,15.759,200,
10:55:02,15.76,500,
10:55:03,15.76,600,
10:55:03,15.76,2000,
10:55:09,15.77,401,
10:55:09,15.77,100,
10:55:09,15.77,800,
10:55:09,15.76,100,
10:55:13,15.76,100,
10:55:13,15.76,400,
10:55:15,15.76,200,
10:55:15,15.7599,200,
10:55:15,15.7599,200,
10:55:15,15.7599,100,
10:55:15,15.76,200,
10:55:15,15.76,200,
10:55:18,15.759,1100,
10:55:19,15.7585,3300,
10:55:30,15.77,150,
10:55:42,15.772,166,
10:55:44,15.78,200,
10:55:46,15.7775,2700,
10:55:49,15.775,100,
10:55:51,15.78,6000,
10:55:56,15.7789,100,
10:55:56,15.7797,1250,
10:55:58,15.7701,200,
10:55:58,15.7701,100,
10:55:58,15.7701,2000,
10:55:59,15.772,100,
10:55:59,15.7799,300,
10:55:59,15.779,800,
10:56:00,15.78,100,
10:56:00,15.779,100,
10:56:02,15.7785,600,
10:56:04,15.779,700,
10:56:06,15.779,200,
10:56:06,15.7799,300,
10:56:09,15.7799,300,
10:56:13,15.7775,3200,
10:56:15,15.779,200,
10:56:15,15.77,2700,
10:56:19,15.77,100,
10:56:19,15.77,2600,
10:56:25,15.769,500,
10:56:35,15.7797,300,
10:56:35,15.78,100,
10:56:35,15.78,400,
10:56:35,15.78,700,
10:56:35,15.78,2000,
10:56:36,15.78,100,
10:56:40,15.78,200,
10:56:41,15.779,700,
10:56:42,15.779,500,
10:56:43,15.77,200,
10:56:43,15.77,100,
10:56:43,15.779,2000,
10:56:46,15.7767,1000,
10:56:47,15.775,2440,
10:56:50,15.778,1000,
10:56:55,15.77,4200,
10:56:55,15.77,2400,
10:56:55,15.77,900,
10:56:55,15.77,200,
10:56:55,15.77,117,
10:56:55,15.77,200,
10:56:59,15.78,200,
10:56:59,15.78,200,
10:56:59,15.78,300,
10:56:59,15.78,2000,
10:56:59,15.78,199,
10:56:59,15.78,200,
10:56:59,15.78,300,
10:56:59,15.78,200,
10:56:59,15.78,100,
10:56:59,15.78,500,
10:57:00,15.78,100,
10:57:04,15.779,400,
10:57:04,15.778,1300,
10:57:10,15.777,250,
10:57:18,15.77,1000,
10:57:18,15.77,9738,
10:57:20,15.769,700,
10:57:22,15.77,400,
10:57:22,15.77,600,
10:57:24,15.77,200,
10:57:26,15.77,100,
10:57:26,15.768,200,
10:57:29,15.77,100,
10:57:29,15.7689,200,
10:57:31,15.779,300,
10:57:34,15.779,700,
10:57:34,15.78,500,
10:57:34,15.78,500,
10:57:37,15.78,200,
10:57:37,15.78,400,
10:57:37,15.78,499,
10:57:37,15.78,300,
10:57:37,15.78,317,
10:57:37,15.78,700,
10:57:37,15.78,300,
10:57:37,15.78,200,
10:57:37,15.7799,400,
10:57:37,15.78,500,
10:57:38,15.789,200,
10:57:39,15.78,2000,
10:57:39,15.78,900,
10:57:40,15.789,400,
10:57:40,15.79,5000,
10:57:41,15.78,100,
10:57:42,15.78,7400,
10:57:42,15.78,500,
10:57:43,15.779,400,
10:57:44,15.77,500,
10:57:49,15.771,5000,
10:57:53,15.7701,1000,
10:57:58,15.779,3000,
10:58:04,15.78,600,
10:58:07,15.78,500,
10:58:07,15.779,110,
10:58:11,15.778,225,
10:58:20,15.7787,315,
10:58:25,15.77,500,
10:58:25,15.77,100,
10:58:31,15.7799,3000,
10:58:32,15.78,2000,
10:58:33,15.79,200,
10:58:35,15.79,500,
10:58:35,15.79,400,
10:58:35,15.79,400,
10:58:35,15.79,400,
10:58:35,15.79,800,
10:58:35,15.79,1600,
10:58:35,15.79,300,
10:58:35,15.79,300,
10:58:35,15.79,500,
10:58:36,15.80,200,
10:58:37,15.798,200,
10:58:37,15.789,100,
10:58:39,15.798,2000,
10:58:45,15.80,300,
10:58:48,15.79,100,
10:58:48,15.78,200,
10:58:48,15.78,300,
10:58:48,15.79,500,
10:58:51,15.79,500,
10:58:51,15.79,500,
10:58:56,15.7855,500,
10:58:58,15.788,500,
10:58:58,15.789,200,
10:58:58,15.789,200,
10:59:00,15.7899,1000,
10:59:03,15.7899,2000,
10:59:10,15.789,300,
10:59:12,15.79,10000,
10:59:14,15.78,2000,
10:59:16,15.79,500,
10:59:16,15.79,500,
10:59:18,15.79,200,
10:59:19,15.79,200,
10:59:19,15.789,200,
10:59:20,15.79,400,
10:59:22,15.7987,200,
10:59:22,15.789,200,
10:59:22,15.789,810,
10:59:28,15.787,100,
10:59:40,15.799,150,
10:59:45,15.789,300,
10:59:45,15.789,400,
10:59:45,15.79,444,
10:59:46,15.79,900,
10:59:47,15.78,100,
10:59:49,15.7899,500,
10:59:53,15.7885,2000,
10:59:53,15.79,400,
10:59:54,15.7801,1000,
10:59:54,15.7801,100,
10:59:54,15.78,1000,
10:59:55,15.79,300,
10:59:58,15.7815,5000,
10:59:59,15.78,400,
11:00:01,15.779,100,
11:00:02,15.779,100,
11:00:02,15.788,150,
11:00:04,15.79,3700,
11:00:14,15.78,600,
11:00:15,15.78,100,
11:00:15,15.78,100,
11:00:18,15.7789,1000,
11:00:18,15.78,700,
11:00:21,15.78,300,
11:00:21,15.78,300,
11:00:22,15.78,100,
11:00:22,15.78,300,
11:00:28,15.78,400,
11:00:31,15.79,200,
11:00:34,15.789,1000,
11:00:34,15.79,100,
11:00:34,15.79,300,
11:00:36,15.7801,1000,
11:00:41,15.78,300,
11:00:50,15.7701,1000,
11:00:50,15.7701,1000,
11:00:56,15.778,300,
11:00:59,15.7715,6500,
11:01:02,15.78,200,
11:01:04,15.7701,1000,
11:01:04,15.77,200,
11:01:04,15.77,100,
11:01:05,15.77,100,
11:01:10,15.77,2100,
11:01:10,15.7701,300,
11:01:10,15.77,200,
11:01:19,15.77,100,
11:01:23,15.77,200,
11:01:23,15.77,200,
11:01:23,15.77,200,
11:01:25,15.76,7000,
11:01:30,15.7701,250,
11:01:34,15.77,250,
11:01:35,15.768,750,
11:01:41,15.76,1000,
11:01:42,15.77,10000,
11:01:44,15.761,600,
11:01:49,15.76,300,
11:01:55,15.752,425,
11:01:56,15.75,300,
11:01:56,15.75,100,
11:02:01,15.759,900,
11:02:01,15.75,300,
11:02:01,15.752,1000,
11:02:03,15.75,1400,
11:02:03,15.75,400,
11:02:07,15.752,500,
11:02:15,15.752,1000,
11:02:15,15.75,400,
11:02:15,15.75,100,
11:02:22,15.759,2500,
11:02:29,15.757,100,
11:02:30,15.7513,200,
11:02:39,15.7501,5000,
11:02:39,15.75,600,
11:02:39,15.75,600,
11:02:39,15.75,400,
11:02:40,15.76,15800,
11:02:41,15.76,400,
11:02:41,15.76,500,
11:02:42,15.76,1900,
11:02:44,15.752,800,
11:02:45,15.7699,1500,
11:02:47,15.76,2000,
11:02:49,15.76,100,
11:02:52,15.76,200,
11:02:59,15.753,225,
11:03:02,15.76,200,
11:03:04,15.76,800,
11:03:04,15.759,800,
11:03:05,15.7585,1600,
11:03:07,15.759,300,
11:03:07,15.7625,3000,
11:03:15,15.7601,300,
11:03:16,15.769,384,
11:03:22,15.768,100,
11:03:41,15.762,100,
11:03:41,15.762,500,
11:03:44,15.77,100,
11:03:52,15.77,100,
11:03:57,15.7699,580,
11:04:06,15.77,600,
11:04:06,15.77,400,
11:04:06,15.77,1000,
11:04:08,15.77,200,
11:04:08,15.768,1600,
11:04:08,15.77,100,
11:04:08,15.7696,1400,
11:04:08,15.769,900,
11:04:11,15.769,1500,
11:04:29,15.78,100,
11:04:30,15.78,100,
11:04:30,15.78,200,
11:04:30,15.78,100,
11:04:31,15.78,100,
11:04:32,15.78,200,
11:04:32,15.78,200,
11:04:34,15.779,1400,
11:04:34,15.779,100,
11:04:35,15.779,400,
11:04:35,15.779,100,
11:04:35,15.779,200,
11:04:37,15.78,200,
11:04:37,15.7899,3000,
11:04:40,15.788,300,
11:04:43,15.788,500,
11:04:46,15.788,300,
11:04:46,15.79,200,
11:04:48,15.7899,400,
11:04:50,15.79,400,
11:04:57,15.79,1000,
11:05:07,15.7801,200,
11:05:11,15.7887,700,
11:05:15,15.79,800,
11:05:16,15.80,200,
11:05:16,15.80,400,
11:05:16,15.79,400,
11:05:17,15.793,100,
11:05:22,15.7995,1000,
11:05:27,15.798,2000,
11:05:27,15.799,900,
11:05:29,15.7975,1600,
11:05:35,15.798,1000,
11:05:35,15.79,100,
11:05:38,15.80,100,
11:05:45,15.80,100,
11:05:52,15.80,200,
11:05:52,15.80,100,
11:05:52,15.80,106,
11:05:55,15.80,400,
11:05:59,15.81,29200,
11:05:59,15.80,2000,
11:05:59,15.80,800,
11:05:59,15.80,100,
11:06:00,15.81,100,
11:06:00,15.81,200,
11:06:02,15.808,200,
11:06:07,15.805,740,
11:06:08,15.8085,5400,
11:06:11,15.809,200,
11:06:12,15.81,100,
11:06:13,15.81,1600,
11:06:14,15.809,1000,
11:06:14,15.809,100,
11:06:14,15.809,300,
11:06:16,15.82,100,
11:06:20,15.825,2000,
11:06:21,15.829,100,
11:06:22,15.83,1400,
11:06:30,15.8205,1000,
11:06:35,15.83,500,
11:06:36,15.83,237,
11:06:36,15.83,100,
11:06:36,15.8299,200,
11:06:36,15.8299,200,
11:06:36,15.829,300,
11:06:36,15.829,400,
11:06:36,15.82,200,
11:06:38,15.82,100,
11:06:41,15.82,200,
11:06:41,15.82,2200,
11:06:41,15.82,100,
11:06:41,15.82,100,
11:06:43,15.82,100,
11:06:47,15.82,100,
11:06:48,15.83,400,
11:06:51,15.829,1300,
11:06:51,15.82,100,
11:06:52,15.82,100,
11:06:53,15.82,200,
11:06:53,15.82,1600,
11:06:53,15.82,300,
11:06:56,15.8175,2000,
11:06:57,15.819,400,
11:06:59,15.8199,2000,
11:06:59,15.82,600,
11:07:01,15.8115,3000,
11:07:03,15.819,200,
11:07:05,15.8101,5000,
11:07:13,15.82,100,
11:07:13,15.80,100,
11:07:13,15.80,300,
11:07:15,15.8013,300,
11:07:19,15.82,2000,
11:07:19,15.81,900,
11:07:23,15.818,300,
11:07:23,15.81,600,
11:07:29,15.811,4000,
11:07:29,15.80,1000,
11:07:29,15.80,300,
11:07:29,15.79,100,
11:07:29,15.79,900,
11:07:29,15.79,200,
11:07:29,15.79,100,
11:07:29,15.79,300,
11:07:30,15.7901,1400,
11:07:30,15.7901,600,
11:07:31,15.7901,8000,
11:07:35,15.80,500,
11:07:35,15.79,300,
11:07:40,15.799,1500,
11:07:40,15.799,500,
11:07:41,15.799,600,
11:07:44,15.79,500,
11:07:44,15.79,280,
11:07:44,15.79,500,
11:07:44,15.799,700,
11:07:44,15.798,200,
11:07:49,15.78,100,
11:07:50,15.7815,6300,
11:07:50,15.79,600,
11:07:51,15.78,3000,
11:07:51,15.78,300,
11:07:51,15.78,800,
11:07:51,15.78,2200,
11:07:53,15.789,1700,
11:07:54,15.78,100,
11:08:02,15.789,1300,
11:08:02,15.789,1400,
11:08:02,15.78,200,
11:08:05,15.7803,300,
11:08:08,15.80,100,
11:08:15,15.80,200,
11:08:15,15.80,500,
11:08:18,15.7999,1265,
11:08:23,15.7999,1000,
11:08:24,15.79,500,
11:08:32,15.7975,2118,
11:08:49,15.79,100,
11:09:04,15.80,1516,
11:09:04,15.80,900,
11:09:11,15.7999,500,
11:09:13,15.79,2000,
11:09:13,15.79,200,
11:09:13,15.80,400,
11:09:14,15.79,400,
11:09:17,15.7999,1000,
11:09:31,15.789,700,
11:09:32,15.7885,4200,
11:09:52,15.791,700,
11:09:52,15.80,600,
11:09:52,15.81,200,
11:09:52,15.81,400,
11:09:52,15.81,100,
11:09:52,15.80,100,
11:10:04,15.7903,1000,
11:10:04,15.79,200,
11:10:10,15.80,300,
11:10:10,15.80,300,
11:10:16,15.81,100,
11:10:21,15.81,776,
11:10:22,15.8099,100,
11:10:32,15.819,1000,
11:10:38,15.812,900,
11:10:45,15.818,500,
11:10:54,15.82,500,
11:10:54,15.82,2000,
11:10:54,15.82,500,
11:10:54,15.81,800,
11:10:54,15.819,400,
11:10:54,15.819,300,
11:10:58,15.8187,1000,
11:11:06,15.8175,2900,
11:11:07,15.81,100,
11:11:07,15.82,900,
11:11:10,15.8287,300,
11:11:13,15.829,200,
11:11:15,15.8201,500,
11:11:15,15.8201,200,
11:11:15,15.8201,100,
11:11:18,15.82,100,
11:11:18,15.82,100,
11:11:19,15.809,100,
11:11:20,15.811,100,
11:11:21,15.819,300,
11:11:23,15.819,300,
11:11:24,15.8199,5000,
11:11:35,15.8199,200,
11:11:36,15.8204,150,
11:11:58,15.83,250,
11:12:00,15.829,100,
11:12:03,15.8299,2900,
11:12:06,15.83,196,
11:12:06,15.83,1800,
11:12:06,15.83,800,
11:12:06,15.83,2000,
11:12:06,15.83,3000,
11:12:06,15.83,200,
11:12:06,15.84,1200,
11:12:06,15.839,10100,
11:12:06,15.83,100,
11:12:06,15.83,100,
11:12:06,15.83,300,
11:12:07,15.83,1000,
11:12:08,15.84,5000,
11:12:08,15.84,9900,
11:12:09,15.8301,3000,
11:12:11,15.84,600,
11:12:11,15.84,100,
11:12:11,15.84,100,
11:12:11,15.84,100,
11:12:11,15.84,100,
11:12:11,15.84,200,
11:12:11,15.84,300,
11:12:11,15.84,2800,
11:12:11,15.84,2400,
11:12:12,15.839,100,
11:12:12,15.84,200,
11:12:13,15.839,2000,
11:12:13,15.839,200,
11:12:13,15.839,200,
11:12:15,15.839,400,
11:12:25,15.848,1000,
11:12:25,15.84,300,
11:12:25,15.84,1000,
11:12:25,15.84,100,
11:12:26,15.83,1100,
11:12:27,15.839,100,
11:12:27,15.839,200,
11:12:30,15.8357,1000,
11:12:34,15.84,100,
11:12:34,15.8389,200,
11:12:34,15.84,300,
11:12:34,15.84,700,
11:12:34,15.8301,3000,
11:12:36,15.83,100,
11:12:47,15.84,100,
11:12:50,15.84,250,
11:12:50,15.84,200,
11:12:50,15.84,100,
11:12:50,15.8425,4400,
11:12:55,15.845,700,
11:13:00,15.84,100,
11:13:00,15.84,100,
11:13:05,15.8398,2000,
11:13:06,15.8425,4400,
11:13:20,15.8201,2000,
11:13:26,15.84,2000,
11:13:28,15.83,100,
11:13:30,15.83,100,
11:13:31,15.83,100,
11:13:31,15.82,100,
11:13:35,15.827,250,
11:13:35,15.82,200,
11:13:42,15.83,100,
11:13:42,15.83,100,
11:13:42,15.83,500,
11:13:47,15.83,100,
11:13:47,15.82,100,
11:13:47,15.8299,225,
11:13:47,15.82,200,
11:13:48,15.82,100,
11:13:48,15.82,100,
11:13:48,15.81,1500,
11:13:49,15.83,600,
11:13:55,15.828,500,
11:13:56,15.82,2000,
11:14:03,15.82,100,
11:14:22,15.83,100,
11:14:22,15.83,100,
11:14:22,15.83,500,
11:14:22,15.83,500,
11:14:24,15.829,2000,
11:14:52,15.83,100,
11:14:52,15.83,700,
11:14:52,15.83,100,
11:14:53,15.8357,1000,
11:14:59,15.83,400,
11:14:59,15.83,1200,
11:14:59,15.8299,1200,
11:15:00,15.8282,5000,
11:15:02,15.8201,200,
11:15:03,15.83,100,
11:15:03,15.8399,2000,
11:15:11,15.828,250,
11:15:27,15.827,200,
11:15:42,15.812,300,
11:15:45,15.8103,500,
11:15:47,15.82,100,
11:15:51,15.8197,500,
11:16:12,15.8103,100,
11:16:15,15.81,100,
11:16:30,15.8111,1500,
11:16:36,15.8101,400,
11:16:42,15.8185,6500,
11:16:52,15.80,2000,
11:16:56,15.80,1000,
11:17:02,15.8086,280,
11:17:05,15.8001,500,
11:17:10,15.809,200,
11:17:12,15.808,200,
11:17:16,15.82,600,
11:17:20,15.8087,350,
11:17:32,15.80,100,
11:17:32,15.792,1000,
11:17:36,15.798,500,
11:17:37,15.7903,1000,
11:17:45,15.80,5000,
11:17:49,15.7899,200,
11:17:51,15.78,200,
11:17:57,15.7801,700,
11:17:57,15.7801,700,
11:17:57,15.78,600,
11:17:59,15.7801,4700,
11:18:00,15.79,300,
11:18:08,15.7887,700,
11:18:15,15.7899,3000,
11:18:18,15.77,400,
11:18:18,15.77,5000,
11:18:20,15.77,500,
11:18:21,15.77,400,
11:18:33,15.768,250,
11:18:50,15.7777,200,
11:18:53,15.78,200,
11:18:55,15.7801,500,
11:18:56,15.79,500,
11:18:56,15.79,300,
11:18:56,15.79,100,
11:19:11,15.7901,400,
11:19:12,15.799,200,
11:19:20,15.7903,800,
11:19:27,15.789,100,
11:19:41,15.78,200,
11:19:41,15.78,100,
11:19:52,15.781,110,
11:20:18,15.782,719,
11:20:18,15.78,200,
11:20:33,15.777,100,
11:20:42,15.79,3800,
11:20:44,15.79,200,
11:20:44,15.79,100,
11:20:44,15.79,400,
11:20:44,15.79,400,
11:20:44,15.79,1200,
11:20:44,15.79,350,
11:20:44,15.79,200,
11:20:47,15.80,200,
11:20:47,15.80,100,
11:20:47,15.81,651,
11:20:47,15.80,600,
11:20:47,15.80,549,
11:20:48,15.81,500,
11:20:48,15.809,1200,
11:20:48,15.809,1000,
11:20:48,15.81,600,
11:20:48,15.82,200,
11:20:49,15.81,500,
11:20:50,15.82,500,
11:20:50,15.82,200,
11:20:52,15.829,200,
11:20:55,15.82,1000,
11:21:00,15.83,200,
11:21:00,15.837,100,
11:21:01,15.82,100,
11:21:01,15.82,901,
11:21:01,15.8111,1500,
11:21:08,15.839,360,
11:21:09,15.838,500,
11:21:12,15.8201,150,
11:21:20,15.83,200,
11:21:20,15.83,300,
11:21:20,15.83,100,
11:21:21,15.83,100,
11:21:21,15.83,200,
11:21:30,15.8289,150,
11:21:41,15.83,100,
11:21:41,15.84,3000,
11:21:51,15.8497,1000,
11:21:55,15.8403,150,
11:21:57,15.85,100,
11:21:58,15.85,100,
11:21:58,15.85,200,
11:21:58,15.859,100,
11:21:58,15.86,2200,
11:21:59,15.87,1000,
11:21:59,15.87,1000,
11:22:00,15.87,100,
11:22:01,15.869,4900,
11:22:01,15.8603,100,
11:22:01,15.86,400,
11:22:01,15.86,100,
11:22:01,15.86,6300,
11:22:01,15.86,200,
11:22:02,15.86,458,
11:22:02,15.859,400,
11:22:03,15.859,100,
11:22:03,15.87,9900,
11:22:05,15.85,600,
11:22:05,15.84,500,
11:22:05,15.84,100,
11:22:06,15.84,100,
11:22:07,15.84,800,
11:22:07,15.839,800,
11:22:10,15.835,100,
11:22:12,15.84,100,
11:22:15,15.84,20000,
11:22:17,15.839,1600,
11:22:18,15.8385,5000,
11:22:22,15.839,1000,
11:22:23,15.83,100,
11:22:24,15.83,400,
11:22:27,15.839,3000,
11:22:33,15.83,100,
11:22:39,15.83,100,
11:22:42,15.8301,200,
11:22:46,15.839,300,
11:22:46,15.839,500,
11:22:51,15.838,550,
11:22:53,15.839,400,
11:22:54,15.838,200,
11:23:00,15.83,200,
11:23:00,15.83,100,
11:23:01,15.8299,1000,
11:23:05,15.82,500,
11:23:05,15.82,6500,
11:23:05,15.82,2100,
11:23:05,15.82,1500,
11:23:05,15.82,100,
11:23:06,15.82,400,
11:23:06,15.82,100,
11:23:06,15.82,1400,
11:23:06,15.82,6200,
11:23:17,15.8283,1000,
11:23:18,15.83,400,
11:23:18,15.83,600,
11:23:18,15.83,100,
11:23:36,15.839,1200,
11:23:36,15.8301,300,
11:23:36,15.83,900,
11:23:36,15.8301,300,
11:23:36,15.8301,100,
11:23:37,15.8301,500,
11:23:37,15.83,100,
11:23:39,15.82,9000,
11:23:44,15.829,700,
11:23:51,15.83,400,
11:23:56,15.84,500,
11:23:56,15.84,100,
11:23:56,15.84,700,
11:23:57,15.84,100,
11:24:03,15.86,300,
11:24:09,15.8585,500,
11:24:12,15.851,2000,
11:24:16,15.87,100,
11:24:16,15.87,100,
11:24:17,15.87,100,
11:24:17,15.86,300,
11:24:18,15.865,951,
11:24:18,15.8601,3200,
11:24:19,15.859,280,
11:24:20,15.86,600,
11:24:20,15.86,600,
11:24:21,15.858,500,
11:24:24,15.86,300,
11:24:24,15.86,100,
11:24:31,15.86,600,
11:24:31,15.86,500,
11:24:31,15.86,200,
11:24:33,15.86,300,
11:24:33,15.8599,100,
11:24:39,15.8559,2000,
11:24:41,15.86,200,
11:24:42,15.86,200,
11:24:42,15.86,400,
11:24:42,15.8599,400,
11:24:45,15.86,100,
11:24:52,15.87,500,
11:24:52,15.868,500,
11:24:52,15.8699,300,
11:24:54,15.868,100,
11:24:56,15.8632,5000,
11:24:56,15.8699,500,
11:24:56,15.87,200,
11:24:56,15.87,100,
11:24:56,15.87,700,
11:24:58,15.87,300,
11:24:58,15.87,650,
11:24:59,15.86,2400,
11:24:59,15.8699,3000,
11:25:04,15.87,200,
11:25:04,15.8699,200,
11:25:04,15.8674,200,
11:25:04,15.8675,200,
11:25:04,15.8665,600,
11:25:05,15.8689,120,
11:25:07,15.865,100,
11:25:08,15.85,600,
11:25:15,15.8597,300,
11:25:18,15.86,300,
11:25:18,15.86,2000,
11:25:18,15.86,300,
11:25:18,15.85,200,
11:25:19,15.86,300,
11:25:22,15.87,500,
11:25:30,15.87,100,
11:25:31,15.86,200,
11:25:33,15.865,1000,
11:25:38,15.8597,200,
11:25:40,15.86,100,
11:25:40,15.86,400,
11:25:40,15.87,200,
11:25:48,15.8515,5000,
11:25:52,15.858,1100,
11:25:53,15.86,1100,
11:25:53,15.86,200,
11:25:53,15.86,100,
11:25:53,15.86,300,
11:25:55,15.859,400,
11:26:02,15.856,100,
11:26:07,15.85,400,
11:26:07,15.86,200,
11:26:07,15.86,600,
11:26:07,15.86,200,
11:26:07,15.855,300,
11:26:07,15.86,200,
11:26:09,15.86,1900,
11:26:09,15.87,104,
11:26:09,15.87,800,
11:26:29,15.87,100,
11:26:40,15.869,250,
11:26:44,15.868,1000,
11:26:45,15.87,100,
11:26:49,15.8699,100,
11:26:51,15.87,500,
11:26:51,15.87,500,
11:26:51,15.87,350,
11:27:03,15.87,300,
11:27:03,15.87,600,
11:27:04,15.87,100,
11:27:04,15.88,1200,
11:27:04,15.88,1100,
11:27:04,15.88,1200,
11:27:06,15.8797,200,
11:27:09,15.88,158,
11:27:09,15.88,200,
11:27:09,15.88,400,
11:27:09,15.88,100,
11:27:09,15.88,1000,
11:27:09,15.88,700,
11:27:09,15.88,1000,
11:27:11,15.88,2200,
11:27:12,15.89,2000,
11:27:14,15.88,1400,
11:27:14,15.88,200,
11:27:16,15.90,656,
11:27:16,15.898,1500,
11:27:18,15.8901,5000,
11:27:18,15.90,400,
11:27:18,15.8999,400,
11:27:21,15.89,200,
11:27:22,15.899,300,
11:27:24,15.8967,500,
11:27:27,15.898,100,
11:27:31,15.8911,500,
11:27:32,15.899,1200,
11:27:36,15.8901,500,
11:27:37,15.899,100,
11:27:37,15.899,282,
11:27:42,15.8997,1000,
11:27:42,15.89,200,
11:27:42,15.89,3000,
11:27:43,15.891,300,
11:27:43,15.8999,100,
11:27:43,15.8999,100,
11:27:45,15.898,1000,
11:27:48,15.8999,100,
11:27:49,15.89,300,
11:27:50,15.9011,500,
11:27:52,15.902,1138,
11:27:53,15.91,200,
11:27:53,15.91,3000,
11:27:53,15.91,800,
11:27:54,15.9011,750,
11:27:55,15.91,300,
11:27:55,15.91,200,
11:27:55,15.9099,1000,
11:27:55,15.91,200,
11:27:57,15.91,370,
11:27:58,15.908,200,
11:27:58,15.91,800,
11:27:59,15.91,100,
11:28:01,15.9001,8000,
11:28:04,15.90,2500,
11:28:04,15.91,1000,
11:28:04,15.908,500,
11:28:04,15.91,700,
11:28:04,15.91,500,
11:28:05,15.91,200,
11:28:07,15.9056,1000,
11:28:11,15.9101,200,
11:28:13,15.9101,6400,
11:28:14,15.92,250,
11:28:14,15.92,200,
11:28:14,15.93,600,
11:28:15,15.9299,800,
11:28:15,15.9201,1500,
11:28:18,15.9297,100,
11:28:19,15.9213,350,
11:28:28,15.93,300,
11:28:28,15.9299,300,
11:28:30,15.9203,1000,
11:28:32,15.9297,1000,
11:28:32,15.92,400,
11:28:33,15.9211,750,
11:28:36,15.9299,2300,
11:28:37,15.92,100,
11:28:37,15.92,300,
11:28:37,15.92,2000,
11:28:43,15.93,500,
11:28:47,15.9299,2000,
11:28:54,15.92,700,
11:28:55,15.93,800,
11:28:57,15.912,1050,
11:28:59,15.9197,500,
11:29:01,15.91,2000,
11:29:03,15.92,308,
11:29:03,15.92,200,
11:29:03,15.92,300,
11:29:03,15.92,100,
11:29:03,15.92,200,
11:29:03,15.93,100,
11:29:03,15.93,300,
11:29:03,15.93,100,
11:29:03,15.93,100,
11:29:03,15.92,500,
11:29:03,15.93,300,
11:29:03,15.93,300,
11:29:03,15.93,300,
11:29:03,15.93,300,
11:29:03,15.93,400,
11:29:04,15.9365,2000,
11:29:07,15.931,2000,
11:29:10,15.9335,5000,
11:29:13,15.937,100,
11:29:13,15.93,400,
11:29:18,15.92,100,
11:29:22,15.9299,1600,
11:29:22,15.9299,3400,
11:29:23,15.92,150,
11:29:24,15.919,500,
11:29:27,15.92,221,
11:29:27,15.93,2000,
11:29:30,15.91,700,
11:29:30,15.91,200,
11:29:30,15.91,200,
11:29:30,15.91,200,
11:29:31,15.9099,400,
11:29:34,15.91,200,
11:29:37,15.91,600,
11:29:37,15.91,100,
11:29:40,15.90,100,
11:29:42,15.9001,5000,
11:29:45,15.90,300,
11:29:45,15.8999,200,
11:29:46,15.901,1000,
11:29:51,15.89,100,
11:29:51,15.88,1000,
11:29:52,15.885,351,
11:29:52,15.88,100,
11:29:52,15.8815,5190,
11:29:54,15.8801,3000,
11:29:55,15.8901,2000,
11:30:59,15.8999,9850,
11:31:04,15.8901,5000,
11:31:05,15.90,700,
11:31:16,15.8997,500,
11:31:17,15.90,600,
11:31:19,15.90,100,
11:31:26,15.90,500,
11:31:26,15.90,1100,
11:31:29,15.8999,2500,
11:31:43,15.8999,300,
11:31:44,15.892,1500,
11:31:50,15.8999,8400,
11:31:55,15.8999,100,
11:32:04,15.90,106,
11:32:04,15.89,500,
11:32:04,15.89,500,
11:32:08,15.8997,100,
11:32:11,15.89,100,
11:32:19,15.898,200,
11:32:21,15.8999,4400,
11:32:26,15.89,100,
11:32:26,15.89,200,
11:32:34,15.891,1000,
11:32:40,15.898,500,
11:32:49,15.90,100,
11:32:49,15.8999,100,
11:32:55,15.897,200,
11:32:59,15.90,360,
11:32:59,15.899,2200,
11:33:01,15.8975,3000,
11:33:08,15.90,200,
11:33:10,15.8997,3000,
11:33:14,15.8901,1000,
11:33:15,15.89,100,
11:33:16,15.898,1000,
11:33:17,15.892,560,
11:33:22,15.8901,1000,
11:33:29,15.8989,200,
11:33:43,15.89,200,
11:33:51,15.8999,1300,
11:33:53,15.89,800,
11:33:53,15.89,600,
11:33:55,15.90,100,
11:33:57,15.899,1000,
11:34:05,15.8997,400,
11:34:06,15.90,500,
11:34:06,15.90,1000,
11:34:07,15.90,7500,
11:34:19,15.90,200,
11:34:21,15.8997,250,
11:34:24,15.90,100,
11:34:25,15.899,500,
11:34:25,15.899,1850,
11:34:25,15.909,100,
11:34:28,15.91,400,
11:34:28,15.91,1458,
11:34:28,15.91,100,
11:34:28,15.90,1000,
11:34:30,15.92,600,
11:34:30,15.92,400,
11:34:30,15.92,200,
11:34:31,15.918,1000,
11:34:31,15.92,100,
11:34:31,15.92,100,
11:34:31,15.92,100,
11:34:32,15.92,100,
11:34:32,15.92,100,
11:34:32,15.919,700,
11:34:33,15.92,600,
11:34:33,15.92,307,
11:34:33,15.92,500,
11:34:40,15.9299,3000,
11:34:40,15.929,1800,
11:34:44,15.92,200,
11:34:52,15.92,200,
11:34:52,15.92,200,
11:34:52,15.9189,720,
11:34:52,15.92,200,
11:35:03,15.92,1400,
11:35:07,15.927,200,
11:35:11,15.93,100,
11:35:11,15.93,100,
11:35:11,15.93,300,
11:35:11,15.925,300,
11:35:11,15.93,100,
11:35:11,15.93,500,
11:35:11,15.93,400,
11:35:12,15.93,172,
11:35:13,15.94,600,
11:35:13,15.93,200,
11:35:13,15.93,2100,
11:35:14,15.95,500,
11:35:14,15.95,600,
11:35:14,15.95,200,
11:35:14,15.95,100,
11:35:15,15.959,200,
11:35:19,15.9575,1300,
11:35:20,15.9501,3000,
11:35:22,15.95,100,
11:35:22,15.95,100,
11:35:22,15.95,1300,
11:35:22,15.9501,500,
11:35:22,15.9503,300,
11:35:25,15.9501,6000,
11:35:25,15.96,8800,
11:35:25,15.96,200,
11:35:25,15.97,100,
11:35:26,15.97,300,
11:35:26,15.98,500,
11:35:26,15.98,200,
11:35:31,15.97,100,
11:35:32,15.9799,7300,
11:35:34,15.97,3000,
11:35:34,15.97,600,
11:35:34,15.97,100,
11:35:34,15.97,200,
11:35:34,15.97,113,
11:35:34,15.97,2000,
11:35:35,15.97,226,
11:35:35,15.97,100,
11:35:36,15.97,300,
11:35:38,15.96,100,
11:35:38,15.9601,1000,
11:35:40,15.97,800,
11:35:40,15.979,200,
11:35:41,15.98,100,
11:35:41,15.98,400,
11:35:41,15.98,500,
11:35:41,15.98,223,
11:35:41,15.98,200,
11:35:41,15.98,100,
11:35:42,15.99,3200,
11:35:42,15.99,300,
11:35:42,15.99,200,
11:35:42,15.99,800,
11:35:42,15.99,200,
11:35:42,15.99,100,
11:35:43,15.999,100,
11:35:43,16,100,
11:35:43,15.9901,500,
11:35:43,15.9901,800,
11:35:43,15.98,9900,
11:35:44,15.999,1700,
11:35:44,16,900,
11:35:45,16,300,
11:35:45,16,200,
11:35:45,16,800,
11:35:47,15.999,2900,
11:35:50,15.999,400,
11:35:50,15.999,1500,
11:35:50,15.998,1700,
11:35:53,15.992,980,
11:35:55,15.99,900,
11:35:55,15.99,1300,
11:35:55,15.99,1200,
11:35:55,15.99,450,
11:35:55,15.99,3200,
11:35:55,15.99,100,
11:35:55,15.99,600,
11:35:55,15.99,1400,
11:35:57,15.9999,1000,
11:35:59,15.9997,977,
11:36:00,15.99,400,
11:36:00,15.99,200,
11:36:00,15.99,400,
11:36:00,15.99,400,
11:36:03,15.9997,300,
11:36:03,15.99,1000,
11:36:05,15.9899,3000,
11:36:06,15.9801,900,
11:36:06,15.99,100,
11:36:06,15.99,100,
11:36:06,15.99,100,
11:36:06,15.99,300,
11:36:06,15.99,100,
11:36:06,15.99,844,
11:36:06,15.99,1600,
11:36:06,15.99,300,
11:36:07,15.9999,5000,
11:36:07,15.989,100,
11:36:09,15.99,200,
11:36:09,16,400,
11:36:09,15.9901,2000,
11:36:11,15.998,1000,
11:36:11,15.99,100,
11:36:14,15.99,400,
11:36:15,15.992,1100,
11:36:18,15.999,400,
11:36:18,16,600,
11:36:20,15.9999,7800,
11:36:21,16,187,
11:36:21,16,800,
11:36:21,16,200,
11:36:21,16,200,
11:36:21,16,400,
11:36:21,16,300,
11:36:21,16,400,
11:36:21,16,400,
11:36:21,16,200,
11:36:21,15.9999,4900,
11:36:21,16,100,
11:36:24,16.0199,1000,
11:36:25,16.02,300,
11:36:25,16.02,2000,
11:36:25,16.02,100,
11:36:25,16.01,100,
11:36:26,16.01,1000,
11:36:27,16.01,200,
11:36:27,16.01,1000,
11:36:27,16.01,254,
11:36:27,16.01,1800,
11:36:27,16.01,157,
11:36:28,16.0087,500,
11:36:28,16.0125,2950,
11:36:28,16.02,1300,
11:36:29,16.009,200,
11:36:31,16.01,100,
11:36:31,16.01,300,
11:36:37,16.0001,800,
11:36:38,16.008,1000,
11:36:38,16.0096,100,
11:36:40,16.0001,1000,
11:36:40,16.008,1000,
11:36:43,16.005,500,
11:36:46,16.01,500,
11:36:46,16.01,800,
11:36:46,16.01,128,
11:36:46,16.01,100,
11:36:46,16.01,600,
11:36:46,16.01,500,
11:36:48,16.0099,2000,
11:36:49,16.007,100,
11:36:52,16.019,300,
11:36:59,16.012,300,
11:37:03,16.0001,5000,
11:37:04,16.001,250,
11:37:05,16.0097,200,
11:37:05,16.0197,500,
11:37:05,16.019,400,
11:37:07,16.01,2200,
11:37:07,16.01,300,
11:37:07,16.0101,200,
11:37:07,16.01,300,
11:37:13,16.0199,150,
11:37:15,16.01,100,
11:37:18,16.02,200,
11:37:19,16.01,1000,
11:37:20,16.0007,520,
11:37:22,16.002,1000,
11:37:25,16.0025,3500,
11:37:32,16.0099,6000,
11:37:35,16.008,500,
11:37:36,16,750,
11:37:40,16.008,500,
11:37:41,16.0015,4000,
11:37:46,16,600,
11:37:47,16,100,
11:37:47,15.99,500,
11:37:52,15.99,700,
11:37:53,15.9989,1000,
11:38:01,15.987,100,
11:38:02,15.989,100,
11:38:07,15.988,1000,
11:38:07,15.99,100,
11:38:07,15.99,100,
11:38:08,15.99,100,
11:38:15,15.98,2500,
11:38:15,15.98,2000,
11:38:15,15.98,500,
11:38:15,15.98,2500,
