09:30:00,18.30,100,
09:30:00,18.30,500,
09:30:01,18.30,500,
09:30:02,18.2928,100,
09:30:02,18.30,200,
09:30:03,18.29,100,
09:30:08,18.2999,2000,
09:30:10,18.31,300,
09:30:10,18.31,200,
09:30:12,18.30,300,
09:30:15,18.30,656,
09:30:16,18.31,100,
09:30:16,18.31,200,
09:30:18,18.31,360,
09:30:19,18.30,100,
09:30:19,18.30,200,
09:30:20,18.307,1100,
09:30:22,18.29,150,
09:30:22,18.30,775,
09:30:22,18.2908,2000,
09:30:22,18.2901,200,
09:30:22,18.2901,300,
09:30:24,18.3099,1000,
09:30:24,18.293,1000,
09:30:24,18.30,6000,
09:30:28,18.31,600,
09:30:28,18.31,200,
09:30:29,18.31,100,
09:30:29,18.31,100,
09:30:29,18.31,100,
09:30:30,18.3199,3700,
09:30:31,18.34,300,
09:30:31,18.34,200,
09:30:32,18.34,200,
09:30:33,18.34,600,
09:30:33,18.34,500,
09:30:33,18.34,100,
09:30:33,18.34,200,
09:30:33,18.34,500,
09:30:37,18.3478,2000,
09:30:37,18.3499,2000,
09:30:38,18.3099,100,
09:30:39,18.3427,1000,
09:30:40,18.349,100,
09:30:41,18.349,2900,
09:30:41,18.35,100,
09:30:41,18.35,300,
09:30:42,18.35,300,
09:30:42,18.3501,200,
09:30:42,18.3501,300,
09:30:42,18.3501,300,
09:30:42,18.3501,300,
09:30:49,18.339,100,
09:30:50,18.3375,5000,
09:30:53,18.34,300,
09:30:53,18.34,200,
09:30:53,18.34,200,
09:30:56,18.35,300,
09:30:56,18.35,100,
09:31:01,18.35,200,
09:31:02,18.3529,200,
09:31:04,18.37,200,
09:31:04,18.37,700,
09:31:04,18.37,300,
09:31:05,18.365,5000,
09:31:09,18.37,200,
09:31:09,18.37,300,
09:31:09,18.37,600,
09:31:09,18.38,300,
09:31:09,18.38,500,
09:31:09,18.38,600,
09:31:10,18.38,200,
09:31:11,18.37,200,
09:31:11,18.361,100,
09:31:14,18.36,100,
09:31:14,18.37,200,
09:31:16,18.37,100,
09:31:21,18.37,300,
09:31:22,18.37,300,
09:31:22,18.37,600,
09:31:22,18.37,200,
09:31:22,18.3701,300,
09:31:22,18.3701,100,
09:31:26,18.371,300,
09:31:26,18.36,300,
09:31:26,18.36,400,
09:31:29,18.35,300,
09:31:32,18.36,300,
09:31:32,18.37,600,
09:31:32,18.37,200,
09:31:34,18.37,100,
09:31:34,18.37,300,
09:31:34,18.37,300,
09:31:38,18.368,500,
09:31:39,18.36,300,
09:31:43,18.37,300,
09:31:44,18.36,107,
09:31:53,18.38,500,
09:31:53,18.38,3000,
09:31:54,18.39,100,
09:31:54,18.39,100,
09:31:54,18.39,300,
09:31:54,18.38,300,
09:31:54,18.38,200,
09:31:58,18.3801,200,
09:31:58,18.3801,200,
09:31:58,18.38,100,
09:31:59,18.38,200,
09:31:59,18.38,2000,
09:31:59,18.383,1100,
09:32:00,18.39,200,
09:32:01,18.38,300,
09:32:01,18.37,100,
09:32:02,18.37,3000,
09:32:02,18.37,2400,
09:32:02,18.38,200,
09:32:02,18.38,100,
09:32:02,18.38,2000,
09:32:07,18.39,100,
09:32:08,18.39,300,
09:32:10,18.3874,100,
09:32:11,18.3899,1200,
09:32:21,18.3971,200,
09:32:26,18.40,938,
09:32:27,18.3956,100,
09:32:27,18.40,100,
09:32:29,18.3999,200,
09:32:29,18.40,100,
09:32:29,18.391,3000,
09:32:32,18.397,1000,
09:32:35,18.408,500,
09:32:38,18.408,1000,
09:32:38,18.408,500,
09:32:40,18.42,300,
09:32:40,18.42,300,
09:32:41,18.42,500,
09:32:41,18.421,500,
09:32:44,18.421,593,
09:32:45,18.4293,300,
09:32:47,18.428,500,
09:32:48,18.43,600,
09:32:48,18.43,300,
09:32:48,18.43,100,
09:32:49,18.43,1000,
09:32:51,18.43,300,
09:32:55,18.43,300,
09:32:57,18.43,300,
09:32:58,18.44,200,
09:33:01,18.4385,100,
09:33:01,18.4385,7500,
09:33:02,18.44,500,
09:33:03,18.43,100,
09:33:03,18.43,1300,
09:33:03,18.43,300,
09:33:03,18.4385,100,
09:33:04,18.44,600,
09:33:07,18.44,300,
09:33:11,18.41,500,
09:33:18,18.41,300,
09:33:20,18.40,300,
09:33:20,18.41,200,
09:33:29,18.4099,5000,
09:33:34,18.41,200,
09:33:34,18.41,200,
09:33:34,18.41,400,
09:33:35,18.41,3000,
09:33:38,18.414,110,
09:33:52,18.41,100,
09:33:52,18.41,100,
09:33:52,18.41,100,
09:33:52,18.4101,100,
09:33:53,18.4107,300,
09:33:53,18.41,5000,
09:33:56,18.413,500,
09:33:58,18.41,100,
09:33:58,18.41,100,
09:33:58,18.41,528,
09:33:58,18.41,100,
09:33:58,18.41,100,
09:33:58,18.41,100,
09:33:58,18.41,100,
09:33:58,18.41,200,
09:33:58,18.41,100,
09:33:58,18.41,900,
09:33:58,18.41,100,
09:33:58,18.41,100,
09:33:58,18.41,100,
09:33:58,18.41,100,
09:33:58,18.41,100,
09:33:58,18.41,100,
09:33:58,18.41,500,
09:33:58,18.41,878,
09:33:58,18.41,700,
09:33:58,18.41,900,
09:33:58,18.41,2700,
09:33:58,18.41,400,
09:33:58,18.41,3000,
09:33:58,18.41,1800,
09:33:58,18.41,1800,
09:33:58,18.41,1800,
09:33:58,18.41,900,
09:33:58,18.41,900,
09:33:58,18.41,800,
09:34:02,18.4085,6000,
09:34:02,18.41,3000,
09:34:02,18.41,600,
09:34:03,18.41,3000,
09:34:06,18.41,3000,
09:34:06,18.41,3000,
09:34:06,18.41,3000,
09:34:06,18.41,200,
09:34:11,18.4001,1000,
09:34:26,18.41,299,
09:34:26,18.41,100,
09:34:26,18.41,100,
09:34:26,18.41,100,
09:34:30,18.41,828,
09:34:30,18.41,100,
09:34:30,18.41,100,
09:34:30,18.41,100,
09:34:30,18.41,100,
09:34:30,18.41,100,
09:34:30,18.41,100,
09:34:30,18.41,100,
09:34:30,18.41,100,
09:34:30,18.41,100,
09:34:32,18.41,100,
09:34:32,18.41,100,
09:34:34,18.4017,600,
09:34:34,18.4016,200,
09:34:34,18.401,1000,
09:34:35,18.40,7500,
09:34:41,18.41,100,
09:34:41,18.40,1200,
09:34:41,18.40,1600,
09:34:41,18.405,100,
09:34:41,18.41,100,
09:34:41,18.40,1700,
09:34:41,18.41,300,
09:34:41,18.405,100,
09:34:41,18.405,300,
09:34:46,18.4007,100,
09:34:54,18.4201,200,
09:34:59,18.43,100,
09:34:59,18.4275,5000,
09:35:02,18.422,500,
09:35:03,18.43,200,
09:35:03,18.43,1000,
09:35:04,18.44,3000,
09:35:05,18.448,700,
09:35:06,18.45,150,
09:35:06,18.45,1500,
09:35:07,18.45,1300,
09:35:07,18.44,300,
09:35:07,18.44,1500,
09:35:07,18.44,100,
09:35:07,18.44,1300,
09:35:07,18.44,1000,
09:35:08,18.437,1420,
09:35:09,18.439,100,
09:35:09,18.439,200,
09:35:09,18.43,400,
09:35:09,18.43,100,
09:35:10,18.43,200,
09:35:10,18.4373,600,
09:35:11,18.43,300,
09:35:11,18.43,700,
09:35:11,18.43,243,
09:35:13,18.43,100,
09:35:14,18.44,3000,
09:35:20,18.447,500,
09:35:21,18.45,800,
09:35:22,18.45,700,
09:35:23,18.45,300,
09:35:25,18.46,100,
09:35:25,18.46,100,
09:35:25,18.46,300,
09:35:25,18.46,600,
09:35:25,18.45,500,
09:35:27,18.4695,1500,
09:35:29,18.467,1000,
09:35:30,18.47,400,
09:35:30,18.47,100,
09:35:30,18.48,1500,
09:35:30,18.47,100,
09:35:30,18.47,100,
09:35:31,18.48,100,
09:35:31,18.48,500,
09:35:32,18.4809,2300,
09:35:32,18.48,200,
09:35:32,18.48,200,
09:35:32,18.48,400,
09:35:33,18.48,800,
09:35:33,18.49,200,
09:35:37,18.49,300,
09:35:38,18.48,500,
09:35:39,18.4814,100,
09:35:39,18.48,200,
09:35:39,18.4814,200,
09:35:39,18.48,300,
09:35:39,18.4814,200,
09:35:39,18.48,200,
09:35:40,18.47,100,
09:35:40,18.47,200,
09:35:40,18.4701,200,
09:35:40,18.47,100,
09:35:40,18.4701,100,
09:35:40,18.4701,100,
09:35:40,18.4773,500,
09:35:41,18.47,1000,
09:35:41,18.47,100,
09:35:44,18.4799,2000,
09:35:47,18.478,500,
09:35:48,18.48,300,
09:35:50,18.4899,300,
09:35:56,18.461,2500,
09:35:57,18.4699,1000,
09:36:01,18.4615,3300,
09:36:10,18.4101,100,
09:36:10,18.4101,100,
09:36:10,18.41,100,
09:36:11,18.42,100,
09:36:12,18.419,100,
09:36:18,18.41,400,
09:36:18,18.4101,400,
09:36:18,18.41,400,
09:36:18,18.41,700,
09:36:21,18.412,800,
09:36:23,18.41,100,
09:36:23,18.41,100,
09:36:23,18.41,100,
09:36:23,18.41,100,
09:36:23,18.41,300,
09:36:23,18.41,300,
09:36:23,18.41,1000,
09:36:23,18.41,300,
09:36:23,18.41,100,
09:36:23,18.41,100,
09:36:24,18.41,100,
09:36:24,18.41,100,
09:36:24,18.41,100,
09:36:24,18.41,300,
09:36:25,18.41,1600,
09:36:26,18.406,400,
09:36:32,18.41,200,
09:36:35,18.41,100,
09:36:39,18.418,500,
09:36:49,18.42,100,
09:36:53,18.42,200,
09:36:58,18.43,100,
09:37:00,18.43,450,
09:37:00,18.43,300,
09:37:00,18.43,100,
09:37:00,18.43,700,
09:37:00,18.42,1000,
09:37:00,18.42,300,
09:37:00,18.42,300,
09:37:01,18.41,2200,
09:37:01,18.41,300,
09:37:01,18.41,300,
09:37:01,18.41,100,
09:37:01,18.41,100,
09:37:01,18.41,100,
09:37:01,18.41,100,
09:37:01,18.41,300,
09:37:01,18.41,100,
09:37:03,18.417,500,
09:37:04,18.41,2194,
09:37:06,18.41,500,
09:37:08,18.43,200,
09:37:08,18.406,100,
09:37:10,18.43,300,
09:37:12,18.4395,500,
09:37:15,18.44,500,
09:37:15,18.44,800,
09:37:15,18.44,500,
09:37:15,18.44,500,
09:37:15,18.44,400,
09:37:18,18.44,100,
09:37:18,18.4473,1000,
09:37:18,18.45,694,
09:37:19,18.45,200,
09:37:25,18.44,100,
09:37:27,18.42,1420,
09:37:35,18.4301,200,
09:37:36,18.433,1000,
09:37:39,18.433,1000,
09:37:47,18.45,1000,
09:37:47,18.45,200,
09:37:47,18.45,400,
09:37:47,18.45,1300,
09:37:51,18.44,2000,
09:37:54,18.45,100,
09:37:54,18.45,400,
09:37:54,18.45,100,
09:37:54,18.45,600,
09:37:54,18.46,100,
09:37:55,18.4501,1900,
09:38:04,18.4499,271,
09:38:14,18.4393,400,
09:38:17,18.43,2900,
09:38:17,18.43,600,
09:38:17,18.43,446,
09:38:17,18.43,300,
09:38:17,18.43,200,
09:38:26,18.41,400,
09:38:35,18.39,100,
09:38:36,18.3929,250,
09:38:41,18.42,894,
09:38:50,18.43,128,
09:38:50,18.43,100,
09:38:50,18.43,700,
09:39:01,18.4185,3000,
09:39:14,18.41,100,
09:39:15,18.4001,7755,
09:39:16,18.43,100,
09:39:19,18.42,600,
09:39:42,18.4243,200,
09:39:43,18.42,400,
09:39:46,18.43,800,
09:39:46,18.43,200,
09:39:46,18.43,1050,
09:39:57,18.4301,100,
09:40:01,18.43,500,
09:40:07,18.44,200,
09:40:15,18.4599,1473,
09:40:15,18.454,350,
09:40:21,18.46,700,
09:40:25,18.45,900,
09:40:25,18.45,500,
09:40:25,18.4501,100,
09:40:25,18.45,1200,
09:40:25,18.4501,1500,
09:40:25,18.4501,1300,
09:40:25,18.4501,600,
09:40:25,18.4501,700,
09:40:25,18.45,500,
09:40:36,18.4612,2900,
09:40:45,18.472,100,
09:40:45,18.47,800,
09:40:46,18.47,200,
09:40:46,18.47,800,
09:40:48,18.4875,2400,
09:40:50,18.4891,2400,
09:40:50,18.4801,2400,
09:40:50,18.48,800,
09:40:55,18.48,100,
09:40:56,18.48,200,
09:41:00,18.49,300,
09:41:00,18.49,100,
09:41:02,18.4899,2500,
09:41:03,18.49,4000,
09:41:06,18.48,1473,
09:41:12,18.49,100,
09:41:15,18.50,200,
09:41:15,18.50,170,
09:41:15,18.50,24730,
09:41:15,18.51,200,
09:41:15,18.51,100,
09:41:15,18.51,100,
09:41:15,18.51,100,
09:41:15,18.51,100,
09:41:15,18.51,500,
09:41:15,18.51,100,
09:41:15,18.51,300,
09:41:15,18.51,100,
09:41:15,18.51,100,
09:41:15,18.51,300,
09:41:15,18.51,800,
09:41:15,18.51,400,
09:41:15,18.51,400,
09:41:15,18.51,200,
09:41:15,18.51,200,
09:41:15,18.51,700,
09:41:15,18.51,170,
09:41:16,18.5199,200,
09:41:17,18.5173,600,
09:41:17,18.51,400,
09:41:17,18.51,200,
09:41:18,18.519,1000,
09:41:20,18.51,200,
09:41:21,18.52,454,
09:41:24,18.53,100,
09:41:24,18.53,100,
09:41:24,18.53,800,
09:41:26,18.539,500,
09:41:26,18.539,100,
09:41:27,18.538,400,
09:41:28,18.53,1128,
09:41:28,18.53,300,
09:41:29,18.5215,1500,
09:41:31,18.53,100,
09:41:33,18.5285,7500,
09:41:36,18.53,300,
09:41:36,18.527,300,
09:41:42,18.527,1500,
09:41:45,18.527,1000,
09:41:46,18.52,300,
09:41:46,18.5286,1000,
09:41:47,18.529,100,
09:41:48,18.52,800,
09:41:48,18.519,300,
09:41:48,18.519,100,
09:41:48,18.519,800,
09:41:48,18.53,200,
09:41:48,18.519,400,
09:41:49,18.52,800,
09:41:49,18.50,800,
09:41:51,18.50,750,
09:41:54,18.492,1000,
09:42:00,18.4999,100,
09:42:02,18.508,400,
09:42:05,18.5001,500,
09:42:05,18.509,100,
09:42:11,18.5073,600,
09:42:13,18.5075,100,
09:42:14,18.5001,200,
09:42:15,18.51,200,
09:42:17,18.51,100,
09:42:18,18.5114,100,
09:42:20,18.53,100,
09:42:20,18.53,100,
09:42:20,18.5299,2000,
09:42:21,18.53,100,
09:42:24,18.529,100,
09:42:25,18.529,100,
09:42:26,18.5299,2000,
09:42:26,18.529,100,
09:42:26,18.53,700,
09:42:26,18.53,400,
09:42:26,18.53,200,
09:42:26,18.53,100,
09:42:26,18.53,1800,
09:42:26,18.539,4308,
09:42:27,18.5275,1100,
09:42:27,18.54,2500,
09:42:29,18.53,1800,
09:42:29,18.53,800,
09:42:29,18.53,200,
09:42:29,18.53,400,
09:42:29,18.53,200,
09:42:29,18.52,100,
09:42:30,18.521,2000,
09:42:39,18.5375,4900,
09:42:40,18.529,100,
09:42:41,18.5385,100,
09:42:41,18.52,100,
09:42:42,18.52,200,
09:42:42,18.52,400,
09:42:42,18.52,146,
09:42:43,18.52,1500,
09:42:44,18.528,1000,
09:42:53,18.52,3773,
09:42:56,18.53,100,
09:42:57,18.523,1000,
09:42:57,18.528,300,
09:43:02,18.528,300,
09:43:08,18.52,100,
09:43:09,18.512,500,
09:43:10,18.5201,2000,
09:43:15,18.52,10000,
09:43:26,18.5262,1000,
09:43:27,18.5114,1000,
09:43:30,18.518,1000,
09:43:36,18.52,100,
09:43:43,18.51,1000,
09:43:51,18.52,400,
09:43:51,18.522,1000,
09:43:54,18.518,300,
09:44:00,18.52,200,
09:44:00,18.52,400,
09:44:00,18.52,3000,
09:44:00,18.52,300,
09:44:00,18.52,300,
09:44:00,18.52,3000,
09:44:00,18.52,155,
09:44:00,18.52,1800,
09:44:00,18.52,400,
09:44:00,18.52,300,
09:44:00,18.53,466,
09:44:00,18.53,134,
09:44:00,18.53,832,
09:44:00,18.53,134,
09:44:05,18.5229,200,
09:44:09,18.528,300,
09:44:11,18.52,1500,
09:44:11,18.52,200,
09:44:11,18.51,300,
09:44:11,18.51,200,
09:44:11,18.51,300,
09:44:11,18.51,100,
09:44:11,18.51,300,
09:44:11,18.51,400,
09:44:11,18.51,400,
09:44:15,18.51,180,
09:44:17,18.51,300,
09:44:17,18.51,100,
09:44:20,18.50,100,
09:44:23,18.5001,2000,
09:44:25,18.50,150,
09:44:25,18.49,128,
09:44:25,18.49,800,
09:44:25,18.50,500,
09:44:26,18.49,200,
09:44:31,18.51,2200,
09:44:33,18.5006,1468,
09:44:43,18.5099,5000,
09:44:45,18.501,100,
09:44:47,18.5001,2500,
09:44:55,18.50,10000,
09:45:00,18.4855,300,
09:45:00,18.488,947,
09:45:00,18.488,500,
09:45:03,18.49,1800,
09:45:03,18.483,500,
09:45:09,18.49,800,
09:45:09,18.49,100,
09:45:10,18.481,7669,
09:45:12,18.50,100,
09:45:12,18.50,100,
09:45:12,18.50,600,
09:45:12,18.50,100,
09:45:16,18.49,500,
09:45:17,18.4727,500,
09:45:17,18.48,300,
09:45:21,18.48,100,
09:45:24,18.48,200,
09:45:28,18.49,400,
09:45:28,18.49,300,
09:45:31,18.49,300,
09:45:32,18.49,400,
09:45:40,18.4886,100,
09:45:40,18.489,100,
09:45:41,18.48,100,
09:45:41,18.48,500,
09:45:41,18.48,1000,
09:45:41,18.48,900,
09:45:41,18.48,300,
09:45:43,18.488,300,
09:45:46,18.48,200,
09:45:49,18.49,800,
09:45:53,18.49,300,
09:45:53,18.48,300,
09:45:54,18.47,100,
09:45:54,18.47,700,
09:45:54,18.47,100,
09:45:57,18.46,300,
09:45:57,18.46,800,
09:45:59,18.47,200,
09:46:04,18.4895,1200,
09:46:07,18.50,100,
09:46:07,18.50,150,
09:46:09,18.493,1600,
09:46:24,18.49,300,
09:46:31,18.50,100,
09:46:33,18.5095,600,
09:46:35,18.5027,1500,
09:46:36,18.50,400,
09:46:40,18.498,500,
09:46:41,18.49,300,
09:46:48,18.48,100,
09:46:48,18.48,200,
09:46:50,18.4846,1500,
09:47:07,18.47,1600,
09:47:09,18.48,100,
09:47:11,18.47,500,
09:47:17,18.48,200,
09:47:19,18.4825,9000,
09:47:28,18.4925,2000,
09:47:31,18.492,1000,
09:47:34,18.47,300,
09:47:39,18.48,100,
09:47:41,18.4707,100,
09:47:52,18.48,100,
09:47:56,18.48,200,
09:47:57,18.46,100,
09:47:57,18.46,500,
09:47:57,18.46,300,
09:47:57,18.46,2000,
09:47:57,18.46,800,
09:47:57,18.46,300,
09:47:57,18.47,100,
09:47:57,18.47,800,
09:47:57,18.47,100,
09:47:57,18.47,300,
09:47:57,18.47,200,
09:47:57,18.47,300,
09:47:59,18.47,100,
09:48:00,18.46,300,
09:48:00,18.46,200,
09:48:01,18.46,400,
09:48:01,18.46,300,
09:48:01,18.46,200,
09:48:04,18.462,1000,
09:48:07,18.47,1900,
09:48:16,18.46,330,
09:48:19,18.46,300,
09:48:20,18.4646,100,
09:48:23,18.4599,700,
09:48:27,18.44,200,
09:48:28,18.45,100,
09:48:28,18.42,100,
09:48:29,18.42,5000,
09:48:39,18.44,300,
09:48:39,18.43,300,
09:48:44,18.4227,1000,
09:48:45,18.43,300,
09:48:45,18.43,300,
09:48:45,18.43,800,
09:48:45,18.43,300,
09:48:45,18.43,200,
09:48:47,18.42,2800,
09:48:49,18.41,4000,
09:48:49,18.4101,1000,
09:48:58,18.428,300,
09:48:59,18.4213,800,
09:49:00,18.43,100,
09:49:00,18.43,3000,
09:49:00,18.43,1200,
09:49:00,18.43,600,
09:49:00,18.43,300,
09:49:00,18.43,400,
09:49:00,18.43,100,
09:49:00,18.43,1800,
09:49:00,18.43,300,
09:49:00,18.43,200,
09:49:00,18.43,1000,
09:49:02,18.43,1000,
09:49:02,18.43,300,
09:49:02,18.43,400,
09:49:02,18.43,800,
09:49:02,18.43,2000,
09:49:04,18.43,112,
09:49:05,18.44,3000,
09:49:08,18.44,188,
09:49:12,18.44,100,
09:49:14,18.44,300,
09:49:19,18.44,300,
09:49:27,18.4445,1000,
09:49:28,18.45,500,
09:49:36,18.4473,1000,
09:49:41,18.44,200,
09:49:41,18.44,395,
09:49:45,18.44,100,
09:49:48,18.41,1000,
09:49:50,18.43,2800,
09:49:54,18.44,100,
09:49:58,18.43,300,
09:50:00,18.42,3000,
09:50:00,18.41,100,
09:50:00,18.41,100,
09:50:00,18.41,2800,
09:50:00,18.41,1000,
09:50:00,18.41,1300,
09:50:00,18.41,300,
09:50:00,18.41,400,
09:50:00,18.41,3000,
09:50:00,18.41,400,
09:50:00,18.41,300,
09:50:00,18.41,300,
09:50:00,18.41,200,
09:50:00,18.41,400,
09:50:00,18.41,3000,
09:50:00,18.41,300,
09:50:02,18.41,130,
09:50:04,18.42,400,
09:50:04,18.42,400,
09:50:04,18.42,300,
09:50:04,18.4393,100,
09:50:06,18.43,200,
09:50:11,18.42,300,
09:50:11,18.42,800,
09:50:13,18.40,2000,
09:50:14,18.4046,300,
09:50:15,18.42,100,
09:50:15,18.42,500,
09:50:15,18.42,100,
09:50:15,18.42,100,
09:50:17,18.43,1000,
09:50:17,18.43,300,
09:50:19,18.42,300,
09:50:25,18.404,100,
09:50:28,18.41,300,
09:50:41,18.42,300,
09:50:46,18.41,300,
09:50:53,18.42,200,
09:50:57,18.4127,555,
09:51:03,18.42,600,
09:51:08,18.4027,600,
09:51:09,18.41,219,
09:51:19,18.40,2000,
09:51:21,18.402,400,
09:51:25,18.42,100,
09:51:28,18.43,100,
09:51:29,18.43,300,
09:51:31,18.434,400,
09:51:35,18.4014,1000,
09:51:37,18.40,200,
09:51:38,18.408,543,
09:51:42,18.41,300,
09:51:42,18.42,300,
09:51:48,18.41,300,
09:51:49,18.42,500,
09:51:51,18.41,300,
09:51:55,18.4001,200,
09:51:55,18.4001,100,
09:51:57,18.4093,200,
09:51:58,18.401,400,
09:51:59,18.41,300,
09:52:05,18.40,300,
09:52:05,18.40,1400,
09:52:05,18.39,200,
09:52:06,18.3801,1000,
09:52:07,18.39,1500,
09:52:07,18.39,300,
09:52:07,18.39,500,
09:52:07,18.39,100,
09:52:07,18.39,200,
09:52:07,18.39,800,
09:52:07,18.386,100,
09:52:07,18.40,9500,
09:52:08,18.39,5000,
09:52:10,18.382,700,
09:52:10,18.392,500,
09:52:13,18.39,300,
09:52:18,18.38,700,
09:52:18,18.38,800,
09:52:18,18.38,800,
09:52:18,18.37,128,
09:52:18,18.37,800,
09:52:19,18.37,500,
09:52:20,18.3505,1200,
09:52:21,18.36,300,
09:52:23,18.3573,600,
09:52:25,18.3627,1000,
09:52:26,18.36,3000,
09:52:26,18.36,200,
09:52:26,18.36,300,
09:52:28,18.363,1350,
09:52:30,18.36,200,
09:52:30,18.3519,9000,
09:52:34,18.35,800,
09:52:35,18.36,928,
09:52:35,18.36,300,
09:52:36,18.3714,400,
09:52:37,18.371,3000,
09:52:38,18.37,300,
09:52:41,18.3769,100,
09:52:47,18.37,200,
09:52:58,18.36,10000,
09:53:01,18.36,300,
09:53:01,18.36,800,
09:53:08,18.37,200,
09:53:09,18.37,100,
09:53:12,18.37,200,
09:53:24,18.3799,7200,
09:53:27,18.372,500,
09:53:28,18.37,200,
09:53:29,18.39,200,
09:53:29,18.39,200,
09:53:29,18.40,300,
09:53:29,18.40,400,
09:53:29,18.40,200,
09:53:29,18.40,300,
09:53:29,18.40,100,
09:53:29,18.40,100,
09:53:31,18.40,1000,
09:53:32,18.38,100,
09:53:37,18.38,300,
09:53:37,18.38,800,
09:53:45,18.38,300,
09:53:45,18.39,1000,
09:53:45,18.39,700,
09:53:49,18.391,1000,
09:53:50,18.39,400,
09:53:50,18.39,1000,
09:53:50,18.39,133,
09:53:50,18.388,250,
09:54:01,18.39,200,
09:54:03,18.38,100,
09:54:03,18.38,800,
09:54:03,18.38,300,
09:54:03,18.38,200,
09:54:07,18.377,1000,
09:54:10,18.37,200,
09:54:10,18.37,200,
09:54:14,18.37,300,
09:54:26,18.38,1800,
09:54:26,18.38,300,
09:54:26,18.38,600,
09:54:26,18.38,200,
09:54:31,18.38,1528,
09:54:31,18.38,400,
09:54:34,18.38,400,
09:54:38,18.3775,2900,
09:54:46,18.37,300,
09:54:46,18.37,200,
09:54:46,18.37,700,
09:54:47,18.37,200,
09:54:51,18.378,1000,
09:54:57,18.37,100,
09:54:57,18.37,300,
09:54:57,18.37,1500,
09:54:57,18.37,1000,
09:54:57,18.37,2000,
09:54:57,18.37,300,
09:54:57,18.37,700,
09:54:57,18.37,600,
09:54:57,18.37,300,
09:54:57,18.37,700,
09:54:57,18.37,100,
09:54:57,18.37,700,
09:54:57,18.37,1500,
09:54:57,18.37,100,
09:54:57,18.37,2000,
09:54:59,18.37,1000,
09:54:59,18.37,400,
09:54:59,18.37,500,
09:54:59,18.37,200,
09:54:59,18.37,700,
09:54:59,18.37,300,
09:54:59,18.37,100,
09:54:59,18.37,400,
09:54:59,18.37,800,
09:55:00,18.37,500,
09:55:00,18.37,200,
09:55:00,18.37,100,
09:55:00,18.36,600,
09:55:00,18.36,200,
09:55:00,18.36,300,
09:55:05,18.3601,4000,
09:55:05,18.37,600,
09:55:05,18.37,100,
09:55:05,18.37,300,
09:55:05,18.37,300,
09:55:06,18.37,200,
09:55:10,18.36,1400,
09:55:10,18.36,600,
09:55:10,18.36,1200,
09:55:10,18.36,900,
09:55:10,18.35,200,
09:55:14,18.352,1000,
09:55:17,18.3589,100,
09:55:17,18.3591,1600,
09:55:17,18.36,2000,
09:55:17,18.36,2000,
09:55:17,18.36,1900,
09:55:18,18.36,100,
09:55:19,18.3605,1600,
09:55:20,18.36,100,
09:55:20,18.36,200,
09:55:20,18.36,200,
09:55:20,18.36,100,
09:55:20,18.36,100,
09:55:20,18.36,850,
09:55:22,18.36,300,
09:55:22,18.36,300,
09:55:22,18.36,200,
09:55:22,18.36,300,
09:55:22,18.36,100,
09:55:22,18.36,600,
09:55:32,18.35,700,
09:55:32,18.35,587,
09:55:32,18.34,400,
09:55:33,18.35,200,
09:55:35,18.3502,1300,
09:55:35,18.3501,800,
09:55:35,18.351,2000,
09:55:35,18.35,1500,
09:55:35,18.35,1000,
09:55:35,18.35,1800,
09:55:35,18.35,1800,
09:55:35,18.35,200,
09:55:35,18.35,300,
09:55:35,18.35,300,
09:55:35,18.35,300,
09:55:35,18.35,400,
09:55:36,18.3599,2000,
09:55:37,18.3505,100,
09:55:37,18.351,100,
09:55:37,18.35,500,
09:55:38,18.35,10000,
09:55:41,18.3407,300,
09:55:42,18.35,300,
09:55:43,18.35,300,
09:55:44,18.35,1000,
09:55:44,18.35,400,
09:55:44,18.35,300,
09:55:44,18.35,300,
09:55:44,18.34,1800,
09:55:44,18.34,100,
09:55:44,18.34,500,
09:55:44,18.34,500,
09:55:44,18.34,500,
09:55:44,18.34,200,
09:55:44,18.34,300,
09:55:44,18.34,1000,
09:55:44,18.34,300,
09:55:44,18.34,600,
09:55:46,18.34,188,
09:55:47,18.34,375,
09:55:49,18.34,1100,
09:55:50,18.341,900,
09:55:50,18.341,900,
09:55:52,18.332,1000,
09:55:54,18.338,100,
09:55:57,18.35,100,
09:55:58,18.36,300,
09:55:58,18.37,100,
09:55:59,18.38,100,
09:55:59,18.38,300,
09:55:59,18.39,800,
09:56:01,18.39,300,
09:56:02,18.38,300,
09:56:05,18.38,300,
09:56:05,18.38,800,
09:56:05,18.38,300,
09:56:05,18.38,300,
09:56:05,18.38,1175,
09:56:06,18.38,100,
09:56:06,18.38,700,
09:56:06,18.38,300,
09:56:06,18.38,1291,
09:56:08,18.38,700,
09:56:08,18.38,100,
09:56:08,18.38,100,
09:56:08,18.38,100,
09:56:10,18.38,100,
09:56:10,18.38,300,
09:56:10,18.38,300,
09:56:12,18.39,1200,
09:56:15,18.40,300,
09:56:15,18.40,100,
09:56:15,18.40,500,
09:56:15,18.40,100,
09:56:15,18.40,300,
09:56:15,18.40,500,
09:56:15,18.40,200,
09:56:15,18.40,100,
09:56:15,18.40,100,
09:56:15,18.40,500,
09:56:15,18.40,100,
09:56:15,18.40,1000,
09:56:15,18.40,100,
09:56:15,18.41,600,
09:56:15,18.41,300,
09:56:15,18.41,200,
09:56:16,18.43,100,
09:56:16,18.43,100,
09:56:17,18.4395,1000,
09:56:18,18.43,200,
09:56:21,18.44,400,
09:56:21,18.44,200,
09:56:22,18.43,300,
09:56:23,18.429,500,
09:56:27,18.42,300,
09:56:27,18.42,1000,
09:56:27,18.42,400,
09:56:27,18.42,1500,
09:56:27,18.42,100,
09:56:27,18.41,300,
09:56:28,18.42,100,
09:56:28,18.42,200,
09:56:28,18.42,300,
09:56:28,18.42,140,
09:56:28,18.42,600,
09:56:28,18.42,400,
09:56:28,18.42,700,
09:56:29,18.43,2900,
09:56:34,18.43,300,
09:56:35,18.4195,1500,
09:56:39,18.42,300,
09:56:40,18.42,195,
09:56:43,18.42,300,
09:56:43,18.419,3000,
09:56:45,18.44,300,
09:56:53,18.43,300,
09:56:53,18.43,100,
09:56:55,18.44,200,
09:56:57,18.4301,500,
09:56:58,18.43,100,
09:56:58,18.42,100,
09:57:01,18.43,300,
09:57:04,18.4499,4000,
09:57:05,18.44,200,
09:57:06,18.44,400,
09:57:07,18.44,200,
09:57:07,18.44,300,
09:57:07,18.44,100,
09:57:07,18.44,300,
09:57:10,18.44,300,
09:57:13,18.44,200,
09:57:16,18.41,100,
09:57:16,18.41,100,
09:57:17,18.414,100,
09:57:17,18.41,800,
09:57:17,18.4101,7200,
09:57:26,18.432,500,
09:57:27,18.44,300,
09:57:27,18.44,300,
09:57:27,18.44,200,
09:57:29,18.44,500,
09:57:31,18.45,400,
09:57:32,18.46,400,
09:57:33,18.4699,1000,
09:57:34,18.4604,300,
09:57:35,18.46,200,
09:57:35,18.46,100,
09:57:35,18.46,400,
09:57:35,18.46,1111,
09:57:35,18.46,200,
09:57:35,18.47,100,
09:57:35,18.46,300,
09:57:35,18.47,200,
09:57:35,18.47,108,
09:57:35,18.47,300,
09:57:35,18.47,100,
09:57:35,18.47,800,
09:57:35,18.47,300,
09:57:35,18.47,192,
09:57:35,18.48,300,
09:57:35,18.48,100,
09:57:35,18.48,200,
09:57:35,18.48,300,
09:57:35,18.48,100,
09:57:35,18.46,400,
09:57:35,18.49,1000,
09:57:35,18.47,500,
09:57:35,18.49,300,
09:57:35,18.49,100,
09:57:35,18.48,200,
09:57:35,18.49,100,
09:57:35,18.47,100,
09:57:37,18.48,200,
09:57:39,18.4827,1500,
09:57:39,18.48,300,
09:57:39,18.48,1900,
09:57:39,18.48,700,
09:57:46,18.4899,3000,
09:57:48,18.49,300,
09:57:49,18.48,3000,
09:57:49,18.48,3000,
09:57:49,18.48,200,
09:57:51,18.48,400,
09:57:52,18.47,400,
09:57:58,18.44,100,
09:58:03,18.44,100,
09:58:04,18.44,300,
09:58:06,18.45,600,
09:58:07,18.46,800,
09:58:07,18.47,200,
09:58:15,18.47,100,
09:58:16,18.47,498,
09:58:16,18.47,900,
09:58:16,18.47,202,
09:58:20,18.47,5000,
09:58:21,18.46,100,
09:58:21,18.47,300,
09:58:21,18.47,198,
09:58:21,18.47,800,
09:58:21,18.47,900,
09:58:21,18.47,100,
09:58:22,18.47,500,
09:58:24,18.48,100,
09:58:26,18.4827,1500,
09:58:28,18.48,800,
09:58:33,18.48,100,
09:58:33,18.48,100,
09:58:33,18.482,300,
09:58:33,18.48,200,
09:58:33,18.482,100,
09:58:33,18.48,200,
09:58:35,18.48,650,
09:58:35,18.48,600,
09:58:36,18.48,128,
09:58:36,18.48,800,
09:58:37,18.4701,800,
09:58:37,18.47,400,
09:58:40,18.48,1200,
09:58:40,18.48,700,
09:58:46,18.4801,1000,
09:59:02,18.48,100,
09:59:08,18.482,100,
09:59:10,18.4914,100,
09:59:10,18.49,300,
09:59:10,18.49,100,
09:59:11,18.50,500,
09:59:11,18.50,400,
09:59:14,18.50,330,
09:59:14,18.49,800,
09:59:14,18.49,200,
09:59:14,18.49,1500,
09:59:17,18.4971,120,
09:59:17,18.50,2000,
09:59:18,18.4901,200,
09:59:20,18.4995,500,
09:59:26,18.50,1000,
09:59:29,18.499,1000,
09:59:34,18.49,100,
09:59:34,18.49,100,
09:59:36,18.4905,1600,
09:59:41,18.49,250,
09:59:41,18.49,100,
09:59:41,18.49,200,
09:59:43,18.4799,500,
09:59:48,18.48,285,
09:59:52,18.4601,500,
09:59:52,18.4601,400,
09:59:52,18.4601,400,
09:59:52,18.4601,200,
09:59:52,18.4601,100,
09:59:52,18.46,200,
09:59:52,18.46,100,
10:00:02,18.479,100,
10:00:02,18.479,800,
10:00:02,18.506,500,
10:00:03,18.48,500,
10:00:05,18.49,1271,
10:00:05,18.49,100,
10:00:08,18.50,500,
10:00:10,18.52,100,
10:00:10,18.51,200,
10:00:10,18.51,297,
10:00:11,18.52,3000,
10:00:11,18.52,1300,
10:00:11,18.53,300,
10:00:11,18.53,300,
10:00:11,18.53,200,
10:00:11,18.53,350,
10:00:11,18.52,300,
10:00:11,18.52,1450,
10:00:11,18.52,800,
10:00:11,18.52,400,
10:00:11,18.52,3000,
10:00:11,18.53,100,
10:00:11,18.52,850,
10:00:11,18.52,300,
10:00:11,18.52,800,
10:00:11,18.52,850,
10:00:11,18.54,100,
10:00:11,18.54,100,
10:00:12,18.52,3000,
10:00:12,18.52,3000,
10:00:12,18.52,200,
10:00:12,18.52,300,
10:00:12,18.52,800,
10:00:12,18.52,1000,
10:00:12,18.52,200,
10:00:12,18.52,100,
10:00:12,18.52,200,
10:00:12,18.52,1000,
10:00:13,18.52,600,
10:00:13,18.53,100,
10:00:13,18.54,1900,
10:00:13,18.54,500,
10:00:13,18.54,300,
10:00:13,18.54,500,
10:00:13,18.53,1700,
10:00:13,18.538,1000,
10:00:14,18.519,2000,
10:00:14,18.52,100,
10:00:14,18.52,200,
10:00:14,18.52,100,
10:00:14,18.52,400,
10:00:14,18.52,200,
10:00:14,18.51,200,
10:00:15,18.52,100,
10:00:15,18.53,100,
10:00:16,18.55,300,
10:00:18,18.55,1450,
10:00:18,18.55,2000,
10:00:20,18.541,4310,
10:00:20,18.548,200,
10:00:21,18.5407,400,
10:00:21,18.55,200,
10:00:22,18.55,200,
10:00:22,18.55,250,
10:00:22,18.55,200,
10:00:22,18.55,1450,
10:00:22,18.55,200,
10:00:22,18.55,3000,
10:00:22,18.55,200,
10:00:22,18.55,3000,
10:00:22,18.55,200,
10:00:23,18.548,600,
10:00:24,18.55,1450,
10:00:24,18.55,200,
10:00:24,18.55,1450,
10:00:24,18.5493,100,
10:00:25,18.5499,100,
10:00:25,18.5429,200,
10:00:27,18.55,212,
10:00:27,18.55,800,
10:00:27,18.5495,600,
10:00:27,18.55,200,
10:00:28,18.55,450,
10:00:29,18.56,1500,
10:00:29,18.57,1100,
10:00:29,18.57,524,
10:00:29,18.57,100,
10:00:29,18.57,1126,
10:00:29,18.57,1000,
10:00:31,18.56,200,
10:00:32,18.56,800,
10:00:32,18.56,700,
10:00:32,18.56,300,
10:00:32,18.56,100,
10:00:32,18.56,700,
10:00:32,18.56,900,
10:00:32,18.5601,100,
10:00:32,18.56,400,
10:00:32,18.56,700,
10:00:32,18.5601,400,
10:00:32,18.5601,100,
10:00:32,18.5601,100,
10:00:33,18.5601,900,
10:00:33,18.5601,1700,
10:00:33,18.56,2600,
10:00:33,18.569,600,
10:00:33,18.5662,600,
10:00:33,18.56,400,
10:00:34,18.558,100,
10:00:34,18.56,200,
10:00:35,18.567,800,
10:00:37,18.57,300,
10:00:38,18.5605,1000,
10:00:39,18.56,800,
10:00:40,18.57,400,
10:00:40,18.57,200,
10:00:40,18.5686,200,
10:00:42,18.5785,1200,
10:00:42,18.5789,1700,
10:00:42,18.5795,1900,
10:00:44,18.57,200,
10:00:45,18.57,100,
10:00:46,18.57,800,
10:00:46,18.568,100,
10:00:47,18.576,100,
10:00:48,18.57,900,
10:00:50,18.57,120,
10:00:51,18.58,100,
10:00:51,18.59,500,
10:00:51,18.59,100,
10:00:51,18.5899,3310,
10:00:51,18.5854,200,
10:00:51,18.57,300,
10:00:51,18.57,800,
10:00:52,18.57,600,
10:00:52,18.5754,200,
10:00:52,18.57,200,
10:00:54,18.5701,1800,
10:00:55,18.588,408,
10:00:57,18.59,200,
10:00:58,18.59,100,
10:00:59,18.586,300,
10:01:02,18.582,1200,
10:01:02,18.59,100,
10:01:03,18.59,200,
10:01:04,18.598,1000,
10:01:05,18.599,200,
10:01:05,18.599,2800,
10:01:08,18.597,500,
10:01:09,18.59,300,
10:01:09,18.59,200,
10:01:09,18.60,228,
10:01:09,18.60,400,
10:01:09,18.60,400,
10:01:09,18.60,600,
10:01:09,18.60,300,
10:01:09,18.60,300,
10:01:09,18.61,500,
10:01:09,18.61,500,
10:01:09,18.62,300,
10:01:09,18.61,1000,
10:01:09,18.61,600,
10:01:09,18.61,100,
10:01:09,18.61,100,
10:01:09,18.60,300,
10:01:09,18.60,200,
10:01:09,18.60,100,
10:01:09,18.60,100,
10:01:09,18.60,100,
10:01:11,18.605,158,
10:01:11,18.60,100,
10:01:11,18.6025,3142,
10:01:11,18.609,600,
10:01:11,18.609,1800,
10:01:12,18.6013,600,
10:01:12,18.6009,900,
10:01:13,18.61,100,
10:01:14,18.62,400,
10:01:14,18.61,800,
10:01:14,18.61,200,
10:01:14,18.61,200,
10:01:15,18.61,100,
10:01:15,18.61,900,
10:01:15,18.618,300,
10:01:15,18.61,300,
10:01:15,18.61,800,
10:01:15,18.61,729,
10:01:15,18.61,200,
10:01:15,18.61,200,
10:01:16,18.609,200,
10:01:16,18.61,472,
10:01:16,18.61,528,
10:01:16,18.61,300,
10:01:17,18.61,800,
10:01:17,18.62,300,
10:01:17,18.62,100,
10:01:17,18.609,500,
10:01:18,18.61,164,
10:01:19,18.62,100,
10:01:19,18.62,200,
10:01:21,18.62,1000,
10:01:21,18.62,500,
10:01:21,18.62,500,
10:01:21,18.62,300,
10:01:21,18.62,300,
10:01:22,18.6185,100,
10:01:23,18.64,300,
10:01:23,18.64,204,
10:01:23,18.64,100,
10:01:23,18.64,104,
10:01:23,18.64,100,
10:01:23,18.64,1000,
10:01:23,18.618,200,
10:01:24,18.64,100,
10:01:24,18.64,200,
10:01:24,18.6305,1600,
10:01:24,18.6332,700,
10:01:24,18.639,100,
10:01:26,18.64,400,
10:01:26,18.631,3500,
10:01:27,18.639,100,
10:01:27,18.639,200,
10:01:27,18.639,100,
10:01:27,18.64,600,
10:01:28,18.64,4000,
10:01:29,18.64,400,
10:01:29,18.64,400,
10:01:29,18.64,200,
10:01:29,18.64,200,
10:01:31,18.64,360,
10:01:32,18.631,3500,
10:01:34,18.64,700,
10:01:34,18.64,4900,
10:01:35,18.64,900,
10:01:35,18.64,200,
10:01:35,18.64,300,
10:01:35,18.631,4000,
10:01:36,18.63,100,
10:01:36,18.64,300,
10:01:37,18.635,1000,
10:01:37,18.64,322,
10:01:37,18.64,200,
10:01:37,18.64,300,
10:01:37,18.64,400,
10:01:38,18.64,1000,
10:01:38,18.64,700,
10:01:38,18.64,1400,
10:01:38,18.63,200,
10:01:38,18.63,100,
10:01:38,18.63,1000,
10:01:38,18.632,500,
10:01:38,18.63,200,
10:01:40,18.64,100,
10:01:40,18.64,200,
10:01:40,18.64,100,
10:01:40,18.64,400,
10:01:40,18.64,1528,
10:01:40,18.64,378,
10:01:40,18.63,100,
10:01:40,18.64,1100,
10:01:41,18.62,400,
10:01:41,18.643,800,
10:01:42,18.61,100,
10:01:43,18.6143,100,
10:01:43,18.6141,200,
10:01:44,18.6129,400,
10:01:44,18.61,500,
10:01:45,18.61,800,
10:01:45,18.61,500,
10:01:46,18.61,200,
10:01:47,18.61,800,
10:01:47,18.61,700,
10:01:47,18.61,200,
10:01:47,18.61,700,
10:01:47,18.61,100,
10:01:47,18.61,700,
10:01:48,18.62,326,
10:01:49,18.62,100,
10:01:49,18.62,200,
10:01:50,18.62,200,
10:01:56,18.618,500,
10:01:56,18.61,200,
10:01:58,18.60,100,
10:01:58,18.60,600,
10:01:58,18.60,200,
10:01:58,18.60,2400,
10:01:58,18.59,172,
10:01:58,18.60,100,
10:01:58,18.58,1128,
10:01:58,18.58,100,
10:01:58,18.59,200,
10:01:58,18.59,200,
10:01:58,18.59,900,
10:01:58,18.59,300,
10:01:58,18.59,200,
10:01:58,18.59,300,
10:01:58,18.59,800,
10:01:58,18.58,300,
10:01:58,18.58,200,
10:01:58,18.58,1800,
10:01:58,18.59,200,
10:01:59,18.57,900,
10:01:59,18.59,5000,
10:02:00,18.5801,2000,
10:02:00,18.59,700,
10:02:00,18.59,100,
10:02:01,18.58,600,
10:02:02,18.583,1600,
10:02:03,18.58,100,
10:02:07,18.59,200,
10:02:07,18.59,600,
10:02:07,18.59,200,
10:02:07,18.59,100,
10:02:07,18.60,100,
10:02:07,18.60,1650,
10:02:07,18.59,200,
10:02:08,18.5993,125,
10:02:11,18.597,1000,
10:02:12,18.60,300,
10:02:12,18.60,800,
10:02:12,18.60,300,
10:02:12,18.60,100,
10:02:13,18.5905,1000,
10:02:17,18.5854,100,
10:02:18,18.57,700,
10:02:18,18.57,1500,
10:02:18,18.57,400,
10:02:21,18.57,100,
10:02:21,18.57,1000,
10:02:21,18.57,700,
10:02:21,18.57,300,
10:02:22,18.57,200,
10:02:22,18.57,800,
10:02:22,18.57,100,
10:02:23,18.58,300,
10:02:23,18.582,1000,
10:02:24,18.58,100,
10:02:24,18.58,300,
10:02:24,18.58,800,
10:02:24,18.58,200,
10:02:25,18.58,800,
10:02:27,18.58,300,
10:02:30,18.56,1600,
10:02:30,18.56,1000,
10:02:30,18.56,2000,
10:02:30,18.56,300,
10:02:35,18.562,500,
10:02:36,18.56,100,
10:02:39,18.57,600,
10:02:39,18.57,100,
10:02:39,18.57,700,
10:02:39,18.57,300,
10:02:44,18.57,300,
10:02:48,18.59,500,
10:02:48,18.59,300,
10:02:48,18.59,300,
10:02:49,18.58,1228,
10:02:49,18.58,1400,
10:02:49,18.58,400,
10:02:49,18.58,100,
10:02:51,18.58,100,
10:02:53,18.58,300,
10:02:53,18.58,2100,
10:02:53,18.59,1500,
10:02:54,18.59,100,
10:02:57,18.56,100,
10:02:59,18.561,1000,
10:03:08,18.57,300,
10:03:08,18.578,1000,
10:03:10,18.58,100,
10:03:11,18.58,100,
10:03:11,18.573,500,
10:03:11,18.56,400,
10:03:12,18.56,259,
10:03:12,18.56,300,
10:03:12,18.56,800,
10:03:14,18.5575,6000,
10:03:15,18.5585,100,
10:03:20,18.56,1900,
10:03:20,18.56,500,
10:03:26,18.58,200,
10:03:26,18.58,200,
10:03:26,18.58,800,
10:03:26,18.58,100,
10:03:27,18.5785,100,
10:03:39,18.58,300,
10:03:39,18.58,300,
10:03:39,18.5786,500,
10:03:42,18.56,400,
10:03:43,18.57,100,
10:03:46,18.55,900,
10:03:47,18.56,100,
10:03:47,18.56,300,
10:03:47,18.56,300,
10:03:47,18.56,300,
10:03:47,18.56,200,
10:03:47,18.56,600,
10:03:48,18.56,300,
10:03:49,18.59,100,
10:03:49,18.59,500,
10:03:49,18.58,200,
10:03:49,18.58,300,
10:03:49,18.58,100,
10:03:49,18.58,300,
10:03:49,18.58,300,
10:03:49,18.58,4900,
10:03:49,18.59,100,
10:03:49,18.59,300,
10:03:49,18.59,200,
10:03:49,18.59,300,
10:03:49,18.59,100,
10:03:49,18.59,300,
10:03:49,18.59,300,
10:03:49,18.59,300,
10:03:50,18.59,300,
10:03:50,18.588,500,
10:03:51,18.59,6200,
10:03:53,18.58,100,
10:03:54,18.58,700,
10:03:54,18.58,100,
10:03:54,18.58,300,
10:03:54,18.58,800,
10:03:54,18.58,100,
10:03:55,18.5893,200,
10:03:58,18.60,800,
10:03:58,18.60,2600,
10:03:58,18.61,200,
10:03:58,18.61,100,
10:03:58,18.61,300,
10:03:59,18.609,100,
10:03:59,18.62,600,
10:03:59,18.596,151,
10:03:59,18.609,100,
10:03:59,18.61,100,
10:03:59,18.61,100,
10:03:59,18.61,100,
10:03:59,18.61,200,
10:03:59,18.61,100,
10:03:59,18.618,700,
10:04:01,18.61,300,
10:04:02,18.6073,100,
10:04:03,18.6074,100,
10:04:03,18.6079,100,
10:04:06,18.61,100,
10:04:07,18.61,800,
10:04:08,18.63,200,
10:04:08,18.64,100,
10:04:09,18.607,500,
10:04:09,18.634,556,
10:04:10,18.64,100,
10:04:10,18.64,100,
10:04:10,18.64,300,
10:04:10,18.64,100,
10:04:10,18.64,700,
10:04:10,18.64,3000,
10:04:11,18.64,100,
10:04:11,18.64,300,
10:04:11,18.64,800,
10:04:11,18.65,100,
10:04:11,18.65,833,
10:04:11,18.65,833,
10:04:11,18.64,200,
10:04:11,18.65,834,
10:04:12,18.639,1300,
10:04:12,18.64,100,
10:04:12,18.64,500,
10:04:13,18.64,600,
10:04:13,18.64,300,
10:04:15,18.63,300,
10:04:15,18.62,300,
10:04:15,18.62,300,
10:04:15,18.63,100,
10:04:15,18.63,800,
10:04:15,18.63,500,
10:04:16,18.64,200,
10:04:16,18.64,400,
10:04:16,18.64,300,
10:04:16,18.64,200,
10:04:16,18.64,100,
10:04:16,18.64,800,
10:04:17,18.64,200,
10:04:17,18.64,300,
10:04:17,18.63,300,
10:04:21,18.6299,500,
10:04:24,18.61,1500,
10:04:30,18.62,400,
10:04:31,18.61,517,
10:04:31,18.61,200,
10:04:31,18.61,300,
10:04:38,18.58,700,
10:04:38,18.58,100,
10:04:38,18.58,400,
10:04:38,18.58,200,
10:04:39,18.57,300,
10:04:39,18.57,300,
10:04:40,18.57,4100,
10:04:43,18.56,200,
10:04:44,18.56,100,
10:04:46,18.56,500,
10:04:46,18.575,2000,
10:04:48,18.568,100,
10:04:50,18.59,100,
10:04:50,18.59,700,
10:04:50,18.59,300,
10:04:53,18.59,100,
10:04:55,18.59,100,
10:04:56,18.588,1600,
10:05:01,18.60,600,
10:05:02,18.597,500,
10:05:05,18.60,100,
10:05:06,18.59,200,
10:05:09,18.61,100,
10:05:09,18.61,200,
10:05:09,18.61,100,
10:05:09,18.61,300,
10:05:09,18.61,100,
10:05:09,18.61,400,
10:05:09,18.61,300,
10:05:09,18.62,400,
10:05:09,18.62,300,
10:05:09,18.62,1200,
10:05:09,18.62,300,
10:05:09,18.62,300,
10:05:09,18.62,1400,
10:05:09,18.62,600,
10:05:10,18.63,200,
10:05:13,18.63,1800,
10:05:15,18.64,250,
10:05:15,18.637,450,
10:05:18,18.63,150,
10:05:19,18.64,200,
10:05:21,18.65,200,
10:05:21,18.65,200,
10:05:24,18.67,500,
10:05:25,18.66,300,
10:05:26,18.65,300,
10:05:26,18.65,200,
10:05:26,18.64,200,
10:05:26,18.64,300,
10:05:32,18.66,100,
10:05:32,18.66,400,
10:05:32,18.66,400,
10:05:32,18.6601,1500,
10:05:33,18.662,1000,
10:05:37,18.67,1400,
10:05:38,18.66,300,
10:05:38,18.66,300,
10:05:38,18.67,100,
10:05:38,18.67,400,
10:05:38,18.67,200,
10:05:38,18.67,100,
10:05:38,18.67,100,
10:05:38,18.67,100,
10:05:38,18.67,1000,
10:05:38,18.67,200,
10:05:39,18.68,1000,
10:05:39,18.68,300,
10:05:39,18.68,200,
10:05:39,18.68,200,
10:05:42,18.672,1000,
10:05:46,18.67,300,
10:05:49,18.67,500,
10:05:50,18.67,100,
10:05:50,18.67,300,
10:05:50,18.67,200,
10:05:50,18.68,400,
10:05:50,18.68,1000,
10:05:50,18.68,100,
10:05:50,18.68,1500,
10:05:50,18.68,300,
10:05:51,18.68,800,
10:05:51,18.68,400,
10:05:53,18.6784,100,
10:05:53,18.6787,700,
10:05:56,18.677,800,
10:05:58,18.6714,100,
10:06:02,18.6701,250,
10:06:06,18.67,800,
10:06:09,18.6786,200,
10:06:12,18.67,100,
10:06:13,18.66,700,
10:06:13,18.66,200,
10:06:13,18.66,100,
10:06:13,18.66,800,
10:06:13,18.66,2000,
10:06:13,18.66,1300,
10:06:13,18.66,3000,
10:06:13,18.66,600,
10:06:13,18.66,700,
10:06:13,18.66,300,
10:06:13,18.66,300,
10:06:13,18.67,200,
10:06:13,18.67,300,
10:06:13,18.67,100,
10:06:13,18.67,100,
10:06:13,18.67,100,
10:06:14,18.66,1500,
10:06:15,18.68,5000,
10:06:15,18.67,800,
10:06:16,18.68,500,
10:06:16,18.68,500,
10:06:17,18.68,200,
10:06:18,18.68,1000,
10:06:18,18.67,200,
10:06:18,18.67,200,
10:06:18,18.68,1100,
10:06:19,18.69,100,
10:06:19,18.69,1000,
10:06:19,18.68,300,
10:06:19,18.68,800,
10:06:19,18.68,200,
10:06:19,18.68,800,
10:06:19,18.68,100,
10:06:19,18.68,100,
10:06:19,18.67,900,
10:06:23,18.67,200,
10:06:24,18.678,100,
10:06:26,18.6601,2700,
10:06:27,18.6699,5100,
10:06:30,18.66,100,
10:06:32,18.6601,3000,
10:06:33,18.68,244,
10:06:33,18.68,156,
10:06:33,18.68,300,
10:06:33,18.68,600,
10:06:36,18.676,400,
10:06:42,18.6686,1000,
10:06:43,18.66,200,
10:06:43,18.66,100,
10:06:43,18.66,500,
10:06:44,18.6501,300,
10:06:44,18.65,200,
10:06:44,18.6501,200,
10:06:44,18.6501,200,
10:06:44,18.6501,1000,
10:06:45,18.66,100,
10:06:47,18.66,5000,
10:06:47,18.66,3000,
10:06:47,18.66,338,
10:06:49,18.66,1600,
10:06:49,18.66,3000,
10:06:51,18.65,100,
10:06:53,18.66,300,
10:06:53,18.66,300,
10:06:57,18.668,100,
10:07:00,18.65,1000,
10:07:00,18.651,200,
10:07:01,18.6585,100,
10:07:01,18.651,200,
10:07:02,18.66,467,
10:07:03,18.652,1000,
10:07:05,18.66,100,
10:07:05,18.66,200,
10:07:05,18.65,100,
10:07:06,18.66,200,
10:07:06,18.66,300,
10:07:06,18.66,300,
10:07:08,18.668,100,
10:07:13,18.67,300,
10:07:13,18.68,300,
10:07:13,18.68,200,
10:07:13,18.68,100,
10:07:13,18.68,100,
10:07:13,18.68,100,
10:07:13,18.68,800,
10:07:13,18.68,265,
10:07:13,18.68,200,
10:07:13,18.68,479,
10:07:13,18.69,100,
10:07:13,18.68,200,
10:07:13,18.68,300,
10:07:13,18.69,300,
10:07:13,18.69,3000,
10:07:13,18.69,5466,
10:07:13,18.69,300,
10:07:13,18.67,200,
10:07:13,18.69,300,
10:07:13,18.69,100,
10:07:13,18.69,500,
10:07:13,18.69,100,
10:07:13,18.67,600,
10:07:13,18.67,100,
10:07:13,18.67,300,
10:07:14,18.70,200,
10:07:14,18.70,100,
10:07:14,18.70,300,
10:07:14,18.70,1000,
10:07:14,18.71,200,
10:07:14,18.71,9000,
10:07:15,18.72,300,
10:07:15,18.72,800,
10:07:15,18.72,300,
10:07:15,18.72,800,
10:07:15,18.7254,300,
10:07:17,18.71,200,
10:07:18,18.70,700,
10:07:18,18.70,1528,
10:07:18,18.70,300,
10:07:18,18.70,400,
10:07:18,18.70,400,
10:07:18,18.70,300,
10:07:18,18.70,100,
10:07:18,18.69,100,
10:07:21,18.6973,500,
10:07:22,18.70,15000,
10:07:24,18.68,300,
10:07:26,18.69,200,
10:07:27,18.68,1500,
10:07:27,18.68,300,
10:07:29,18.69,100,
10:07:29,18.69,100,
10:07:29,18.69,100,
10:07:29,18.69,100,
10:07:29,18.69,100,
10:07:29,18.69,200,
10:07:29,18.69,300,
10:07:29,18.69,300,
10:07:29,18.69,990,
10:07:31,18.6799,400,
10:07:31,18.68,100,
10:07:31,18.68,100,
10:07:32,18.6795,1000,
10:07:35,18.6786,650,
10:07:37,18.67,300,
10:07:38,18.66,200,
10:07:39,18.65,100,
10:07:39,18.65,300,
10:07:40,18.65,100,
10:07:40,18.65,800,
10:07:40,18.65,300,
10:07:40,18.65,438,
10:07:40,18.65,1300,
10:07:40,18.66,900,
10:07:40,18.66,300,
10:07:40,18.66,200,
10:07:41,18.66,100,
10:07:41,18.66,400,
10:07:41,18.66,100,
10:07:41,18.66,300,
10:07:41,18.66,188,
10:07:41,18.66,400,
10:07:42,18.652,1000,
10:07:43,18.66,200,
10:07:43,18.66,100,
10:07:45,18.6601,1000,
10:07:47,18.68,400,
10:07:47,18.68,300,
10:07:47,18.68,300,
10:07:47,18.68,200,
10:07:47,18.68,400,
10:07:47,18.68,100,
10:07:51,18.671,125,
10:07:54,18.68,400,
10:07:55,18.68,100,
10:07:56,18.68,100,
10:07:59,18.68,1800,
10:08:00,18.68,300,
10:08:01,18.68,200,
10:08:04,18.68,100,
10:08:04,18.68,300,
10:08:04,18.68,400,
10:08:04,18.68,400,
10:08:07,18.6873,500,
10:08:09,18.6825,2000,
10:08:12,18.681,500,
10:08:13,18.6899,500,
10:08:14,18.67,1400,
10:08:20,18.6827,600,
10:08:22,18.70,100,
10:08:22,18.70,300,
10:08:22,18.71,100,
10:08:22,18.71,100,
10:08:23,18.71,100,
10:08:23,18.71,300,
10:08:24,18.72,100,
10:08:25,18.7195,1600,
10:08:27,18.728,200,
10:08:27,18.73,200,
10:08:27,18.72,2400,
10:08:27,18.73,300,
10:08:27,18.73,200,
10:08:27,18.73,100,
10:08:27,18.73,100,
10:08:27,18.73,1000,
10:08:27,18.74,181,
10:08:27,18.74,500,
10:08:27,18.74,715,
10:08:27,18.75,1000,
10:08:27,18.75,500,
10:08:27,18.75,10400,
10:08:27,18.75,711,
10:08:27,18.75,5600,
10:08:27,18.75,500,
10:08:27,18.75,200,
10:08:27,18.75,100,
10:08:27,18.75,100,
10:08:27,18.75,3089,
10:08:27,18.76,500,
10:08:27,18.76,100,
10:08:27,18.76,300,
10:08:27,18.76,200,
10:08:27,18.76,500,
10:08:27,18.76,900,
10:08:27,18.76,200,
10:08:27,18.73,100,
10:08:28,18.74,1000,
10:08:28,18.75,300,
10:08:28,18.76,1264,
10:08:28,18.77,2000,
10:08:28,18.78,800,
10:08:28,18.77,300,
10:08:28,18.77,100,
10:08:28,18.77,100,
10:08:28,18.77,300,
10:08:28,18.778,200,
10:08:28,18.76,1300,
10:08:28,18.77,500,
10:08:28,18.77,800,
10:08:28,18.77,600,
10:08:29,18.7701,1000,
10:08:29,18.73,100,
10:08:30,18.778,500,
10:08:30,18.77,200,
10:08:30,18.77,600,
10:08:30,18.77,700,
10:08:30,18.77,800,
10:08:30,18.77,1800,
10:08:30,18.77,300,
10:08:30,18.77,100,
10:08:30,18.77,207,
10:08:30,18.77,300,
10:08:30,18.77,736,
10:08:30,18.77,500,
10:08:31,18.77,700,
10:08:31,18.77,100,
10:08:31,18.76,100,
10:08:31,18.7699,798,
10:08:31,18.76,300,
10:08:31,18.76,400,
10:08:32,18.74,300,
10:08:33,18.75,1000,
10:08:33,18.73,800,
10:08:36,18.73,1100,
10:08:36,18.73,300,
10:08:36,18.73,200,
10:08:36,18.731,2000,
10:08:36,18.73,100,
10:08:36,18.73,100,
10:08:36,18.73,200,
10:08:39,18.73,300,
10:08:39,18.75,200,
10:08:40,18.7473,1000,
10:08:42,18.75,100,
10:08:42,18.7599,2000,
10:08:45,18.74,300,
10:08:45,18.74,3000,
10:08:47,18.75,200,
10:08:47,18.75,300,
10:08:48,18.75,300,
10:08:51,18.737,1000,
10:08:53,18.74,300,
10:08:59,18.74,1228,
10:09:03,18.737,1000,
10:09:04,18.71,100,
10:09:04,18.71,100,
10:09:04,18.71,800,
10:09:06,18.7005,700,
10:09:07,18.7071,100,
10:09:09,18.709,2000,
10:09:09,18.7073,1800,
10:09:10,18.71,800,
10:09:10,18.71,200,
10:09:10,18.7101,300,
10:09:10,18.71,200,
10:09:11,18.718,1000,
10:09:11,18.7199,100,
10:09:14,18.7198,600,
10:09:14,18.719,700,
10:09:16,18.71,1028,
10:09:16,18.71,300,
10:09:19,18.7073,1000,
10:09:20,18.72,300,
10:09:20,18.73,100,
10:09:21,18.721,2500,
10:09:21,18.722,1000,
10:09:24,18.73,500,
10:09:29,18.72,300,
10:09:32,18.72,300,
10:09:32,18.72,100,
10:09:33,18.719,200,
10:09:33,18.719,200,
10:09:34,18.72,200,
10:09:34,18.719,100,
10:09:40,18.728,200,
10:09:46,18.73,200,
10:09:46,18.73,300,
10:09:46,18.74,100,
10:09:46,18.74,100,
10:09:46,18.74,300,
10:09:46,18.74,3000,
10:09:46,18.74,300,
10:09:46,18.74,600,
10:09:46,18.74,100,
10:09:47,18.7317,200,
10:09:47,18.7317,100,
10:09:50,18.74,300,
10:09:50,18.74,500,
10:09:53,18.7401,150,
10:09:55,18.74,828,
10:09:55,18.74,400,
10:09:58,18.74,200,
10:10:00,18.7392,100,
10:10:00,18.738,200,
10:10:00,18.74,300,
10:10:00,18.74,400,
10:10:00,18.738,300,
10:10:00,18.74,400,
10:10:03,18.749,100,
10:10:03,18.749,200,
10:10:03,18.74,1455,
10:10:04,18.75,300,
10:10:04,18.7473,500,
10:10:06,18.7401,100,
10:10:08,18.75,700,
10:10:08,18.76,400,
10:10:09,18.759,300,
10:10:09,18.759,400,
10:10:09,18.76,100,
10:10:09,18.76,1000,
10:10:09,18.76,500,
10:10:09,18.76,800,
10:10:09,18.76,100,
10:10:09,18.77,100,
10:10:09,18.77,100,
10:10:09,18.77,300,
10:10:09,18.77,200,
10:10:09,18.77,200,
10:10:09,18.77,100,
10:10:09,18.77,300,
10:10:09,18.77,100,
10:10:09,18.77,200,
10:10:09,18.77,200,
10:10:09,18.77,2100,
10:10:09,18.77,900,
10:10:09,18.76,400,
10:10:10,18.77,200,
10:10:11,18.76,800,
10:10:11,18.76,500,
10:10:11,18.76,300,
10:10:11,18.76,200,
10:10:11,18.76,100,
10:10:11,18.76,300,
10:10:11,18.76,400,
10:10:14,18.75,500,
10:10:15,18.746,200,
10:10:16,18.75,200,
10:10:16,18.75,400,
10:10:16,18.75,300,
10:10:16,18.7599,100,
10:10:18,18.753,500,
10:10:20,18.76,1450,
10:10:21,18.7499,2000,
10:10:24,18.742,500,
10:10:24,18.75,200,
10:10:24,18.75,200,
10:10:24,18.75,200,
10:10:24,18.75,300,
10:10:24,18.75,300,
10:10:24,18.75,100,
10:10:24,18.75,1000,
10:10:24,18.75,2000,
10:10:24,18.75,648,
10:10:24,18.75,1528,
10:10:24,18.74,200,
10:10:24,18.74,300,
10:10:24,18.74,250,
10:10:24,18.74,1500,
10:10:24,18.73,200,
10:10:24,18.73,300,
10:10:24,18.73,300,
10:10:24,18.73,200,
10:10:25,18.72,992,
10:10:25,18.72,300,
10:10:25,18.72,1099,
10:10:28,18.73,500,
10:10:28,18.73,200,
10:10:28,18.73,800,
10:10:28,18.73,300,
10:10:29,18.73,100,
10:10:29,18.73,300,
10:10:30,18.73,698,
10:10:30,18.73,100,
10:10:30,18.73,300,
10:10:31,18.73,300,
10:10:31,18.73,300,
10:10:31,18.73,300,
10:10:31,18.728,500,
10:10:31,18.73,300,
10:10:31,18.73,200,
10:10:33,18.72,100,
10:10:33,18.73,800,
10:10:33,18.73,112,
10:10:33,18.73,300,
10:10:36,18.731,450,
10:10:40,18.7201,500,
10:10:45,18.722,300,
10:10:46,18.7046,1500,
10:10:46,18.70,100,
10:10:46,18.70,100,
10:10:46,18.70,100,
10:10:46,18.70,200,
10:10:46,18.70,100,
10:10:46,18.70,100,
10:10:46,18.70,100,
10:10:46,18.70,300,
10:10:46,18.70,300,
10:10:46,18.70,100,
10:10:47,18.708,200,
10:10:48,18.70,300,
10:10:49,18.7099,700,
10:10:50,18.701,200,
10:10:50,18.701,200,
10:10:53,18.70,200,
10:10:54,18.69,10000,
10:10:58,18.71,300,
10:11:00,18.702,1800,
10:11:03,18.711,400,
10:11:04,18.72,500,
10:11:06,18.722,700,
10:11:09,18.74,100,
10:11:09,18.74,400,
10:11:10,18.74,200,
10:11:11,18.73,300,
10:11:12,18.738,150,
10:11:14,18.7272,300,
10:11:17,18.7399,100,
10:11:21,18.74,300,
10:11:23,18.75,100,
10:11:23,18.75,200,
10:11:23,18.75,200,
10:11:24,18.755,100,
10:11:29,18.76,300,
10:11:31,18.7627,500,
10:11:31,18.77,400,
10:11:31,18.77,300,
10:11:31,18.77,100,
10:11:31,18.77,700,
10:11:31,18.77,100,
10:11:31,18.77,100,
10:11:31,18.77,100,
10:11:31,18.77,200,
10:11:31,18.77,600,
10:11:31,18.78,100,
10:11:31,18.78,300,
10:11:32,18.79,600,
10:11:32,18.79,600,
10:11:32,18.79,600,
10:11:32,18.79,300,
10:11:32,18.79,300,
10:11:32,18.79,700,
10:11:32,18.77,1400,
10:11:32,18.77,400,
10:11:32,18.79,300,
10:11:32,18.77,1600,
10:11:32,18.79,900,
10:11:32,18.80,200,
10:11:32,18.775,400,
10:11:32,18.80,100,
10:11:33,18.79,300,
10:11:33,18.79,300,
10:11:33,18.79,100,
10:11:33,18.79,20000,
10:11:33,18.80,200,
10:11:33,18.80,200,
10:11:33,18.80,155,
10:11:33,18.80,200,
10:11:33,18.80,100,
10:11:33,18.80,100,
10:11:34,18.77,600,
10:11:35,18.80,800,
10:11:36,18.81,200,
10:11:36,18.80,100,
10:11:36,18.80,300,
10:11:36,18.799,1000,
10:11:38,18.792,1000,
10:11:41,18.80,200,
10:11:42,18.80,100,
10:11:45,18.812,300,
10:11:45,18.8199,3500,
10:11:47,18.81,300,
10:11:47,18.81,300,
10:11:47,18.81,500,
10:11:47,18.81,100,
10:11:47,18.81,200,
10:11:47,18.809,2000,
10:11:47,18.8099,100,
10:11:47,18.8099,200,
10:11:47,18.809,1800,
10:11:48,18.8099,2000,
10:11:48,18.81,300,
10:11:48,18.81,4100,
10:11:49,18.8071,300,
10:11:50,18.81,300,
10:11:51,18.81,200,
10:11:52,18.80,300,
10:11:52,18.80,200,
10:11:52,18.80,500,
10:11:52,18.80,200,
10:11:53,18.79,200,
10:11:53,18.79,200,
10:11:55,18.79,600,
10:11:57,18.79,300,
10:11:59,18.7838,500,
10:12:00,18.78,400,
10:12:00,18.7871,300,
10:12:01,18.79,300,
10:12:05,18.80,500,
10:12:05,18.80,300,
10:12:06,18.7999,1000,
10:12:06,18.799,2000,
10:12:07,18.79,100,
10:12:07,18.79,100,
10:12:07,18.79,400,
10:12:07,18.79,300,
10:12:07,18.79,1000,
10:12:08,18.78,300,
10:12:08,18.77,100,
10:12:08,18.77,395,
10:12:08,18.77,200,
10:12:08,18.77,300,
10:12:08,18.77,1100,
10:12:09,18.7699,500,
10:12:09,18.769,2400,
10:12:13,18.7699,600,
10:12:14,18.7501,1000,
10:12:14,18.7536,200,
10:12:14,18.7536,100,
10:12:15,18.7535,500,
10:12:16,18.76,200,
10:12:17,18.76,6000,
10:12:20,18.77,300,
10:12:20,18.77,400,
10:12:20,18.77,100,
10:12:22,18.77,972,
10:12:25,18.78,100,
10:12:25,18.78,300,
10:12:25,18.78,400,
10:12:25,18.78,200,
10:12:25,18.77,228,
10:12:25,18.77,100,
10:12:25,18.77,300,
10:12:25,18.77,200,
10:12:27,18.77,500,
10:12:28,18.7654,1000,
10:12:31,18.76,100,
10:12:33,18.7754,100,
10:12:35,18.77,150,
10:12:35,18.77,300,
10:12:35,18.77,1250,
10:12:35,18.77,1100,
10:12:36,18.7695,1250,
10:12:39,18.767,500,
10:12:45,18.75,200,
10:12:45,18.75,1000,
10:12:46,18.75,2000,
10:12:46,18.75,400,
10:12:48,18.75,300,
10:12:49,18.75,1100,
10:12:51,18.7499,500,
10:12:54,18.749,500,
10:12:58,18.76,300,
10:12:58,18.76,200,
10:12:58,18.76,700,
10:12:58,18.76,300,
10:12:58,18.77,500,
10:13:04,18.757,1700,
10:13:11,18.75,2500,
10:13:12,18.75,500,
10:13:17,18.75,1500,
10:13:17,18.75,300,
10:13:18,18.758,1000,
10:13:20,18.75,500,
10:13:24,18.76,100,
10:13:25,18.77,200,
10:13:26,18.76,400,
10:13:26,18.75,300,
10:13:27,18.74,300,
10:13:32,18.75,400,
10:13:32,18.75,200,
10:13:37,18.7629,250,
10:13:38,18.77,100,
10:13:38,18.77,200,
10:13:38,18.77,200,
10:13:38,18.77,254,
10:13:38,18.7695,100,
10:13:40,18.76,100,
10:13:40,18.76,200,
10:13:46,18.77,200,
10:13:48,18.7568,2500,
10:13:50,18.76,100,
10:13:55,18.75,300,
10:13:55,18.75,300,
10:13:58,18.75,680,
10:13:59,18.76,200,
10:14:05,18.76,100,
10:14:08,18.7529,200,
10:14:14,18.74,4100,
10:14:15,18.7499,1450,
10:14:16,18.7415,2000,
10:14:18,18.74,300,
10:14:18,18.73,100,
10:14:19,18.74,1600,
10:14:20,18.74,200,
10:14:20,18.74,300,
10:14:24,18.73,1200,
10:14:32,18.75,300,
10:14:32,18.75,1000,
10:14:32,18.75,200,
10:14:35,18.75,200,
10:14:37,18.751,100,
10:14:39,18.75,100,
10:14:39,18.75,200,
10:14:50,18.73,100,
10:14:50,18.7299,1800,
10:14:51,18.73,300,
10:14:51,18.73,300,
10:14:55,18.72,400,
10:14:55,18.726,200,
10:14:55,18.72,1000,
10:14:57,18.714,150,
10:14:58,18.72,1700,
10:15:00,18.711,3000,
10:15:01,18.721,100,
10:15:01,18.72,1450,
10:15:02,18.7201,500,
10:15:03,18.7101,1000,
10:15:07,18.713,1531,
10:15:07,18.70,700,
10:15:07,18.70,300,
10:15:07,18.70,100,
10:15:07,18.70,300,
10:15:09,18.7015,100,
10:15:09,18.7009,1800,
10:15:09,18.71,1800,
10:15:11,18.7173,1175,
10:15:25,18.70,100,
10:15:28,18.70,100,
10:15:28,18.70,200,
10:15:29,18.70,100,
10:15:30,18.69,300,
10:15:30,18.6901,300,
10:15:30,18.6901,100,
10:15:30,18.68,6700,
10:15:30,18.68,2000,
10:15:31,18.70,270,
10:15:32,18.691,300,
10:15:33,18.69,100,
10:15:33,18.69,500,
10:15:33,18.6901,400,
10:15:33,18.6901,100,
10:15:33,18.69,100,
10:15:33,18.6901,100,
10:15:33,18.69,100,
10:15:33,18.6901,100,
10:15:33,18.69,100,
10:15:34,18.69,100,
10:15:34,18.69,300,
10:15:37,18.68,200,
10:15:38,18.6846,300,
10:15:38,18.69,100,
10:15:38,18.6899,1700,
10:15:38,18.69,100,
10:15:40,18.683,500,
10:15:42,18.67,600,
10:15:43,18.671,1000,
10:15:43,18.683,1000,
10:15:44,18.66,1000,
10:15:46,18.664,300,
10:15:48,18.66,100,
10:15:48,18.66,300,
10:15:48,18.66,300,
10:15:48,18.66,500,
10:15:48,18.66,100,
10:15:48,18.66,200,
10:15:48,18.66,200,
10:15:48,18.66,200,
10:15:48,18.66,100,
10:15:48,18.66,400,
10:15:48,18.64,1000,
10:15:48,18.64,3548,
10:15:48,18.64,100,
10:15:48,18.64,1000,
10:15:48,18.64,1200,
10:15:49,18.64,4900,
10:15:49,18.65,300,
10:15:50,18.65,5000,
10:15:52,18.654,1250,
10:15:52,18.652,300,
10:15:55,18.6507,100,
10:15:55,18.65,18600,
10:15:55,18.65,100,
10:15:55,18.6523,300,
10:15:55,18.651,400,
10:15:59,18.66,4300,
10:16:00,18.64,350,
10:16:03,18.6505,1200,
10:16:03,18.651,3400,
10:16:03,18.66,600,
10:16:03,18.66,400,
10:16:04,18.642,550,
10:16:13,18.68,300,
10:16:13,18.69,300,
10:16:13,18.69,700,
10:16:15,18.69,100,
10:16:16,18.68,300,
10:16:18,18.672,200,
10:16:20,18.68,100,
10:16:22,18.68,100,
10:16:27,18.675,1300,
10:16:30,18.6786,250,
10:16:31,18.676,200,
10:16:32,18.67,300,
10:16:35,18.67,300,
10:16:36,18.68,300,
10:16:40,18.68,10000,
10:16:50,18.70,1000,
10:16:50,18.70,199,
10:16:50,18.70,200,
10:16:50,18.6905,500,
10:16:51,18.72,1000,
10:16:51,18.72,200,
10:16:54,18.72,167,
10:16:55,18.72,300,
10:16:56,18.73,100,
10:16:57,18.71,900,
10:16:58,18.707,1000,
10:17:01,18.71,300,
10:17:04,18.71,1048,
10:17:07,18.696,250,
10:17:07,18.69,200,
10:17:13,18.6801,3000,
10:17:17,18.6801,100,
10:17:19,18.68,300,
10:17:23,18.68,300,
10:17:23,18.68,157,
10:17:31,18.68,300,
10:17:31,18.68,200,
10:17:34,18.68,1700,
10:17:35,18.67,1757,
10:17:35,18.67,743,
10:17:35,18.67,300,
10:17:41,18.68,400,
10:17:41,18.6801,9000,
10:17:41,18.6801,6600,
10:17:44,18.68,2600,
10:17:52,18.68,100,
10:17:56,18.6814,200,
10:17:59,18.66,100,
10:17:59,18.66,1600,
10:17:59,18.66,1800,
10:17:59,18.6501,100,
10:17:59,18.6501,900,
10:17:59,18.65,100,
10:18:00,18.64,300,
10:18:01,18.64,300,
10:18:04,18.653,1000,
10:18:04,18.654,100,
10:18:04,18.66,387,
10:18:05,18.65,300,
10:18:09,18.654,300,
10:18:15,18.65,300,
10:18:20,18.662,100,
10:18:22,18.661,1200,
10:18:23,18.65,300,
10:18:25,18.66,1300,
10:18:27,18.661,100,
10:18:28,18.66,6900,
10:18:34,18.6636,100,
10:18:39,18.67,128,
10:18:39,18.67,300,
10:18:39,18.67,300,
10:18:40,18.67,4300,
10:18:40,18.68,100,
10:18:41,18.68,500,
10:18:41,18.68,400,
10:18:43,18.67,500,
10:18:49,18.68,100,
10:18:55,18.68,300,
10:18:58,18.67,400,
10:19:00,18.67,300,
10:19:00,18.67,300,
10:19:00,18.661,200,
10:19:02,18.6629,150,
10:19:05,18.67,100,
10:19:05,18.67,300,
10:19:05,18.67,800,
10:19:05,18.67,300,
10:19:05,18.67,200,
10:19:06,18.6745,1800,
10:19:13,18.66,300,
10:19:31,18.64,600,
10:19:31,18.63,1100,
10:19:32,18.64,200,
10:19:32,18.64,300,
10:19:34,18.66,100,
10:19:34,18.65,500,
10:19:36,18.67,300,
10:19:36,18.67,300,
10:19:36,18.67,300,
10:19:36,18.67,200,
10:19:36,18.67,100,
10:19:42,18.67,100,
10:19:42,18.67,400,
10:19:42,18.67,200,
10:19:44,18.6707,300,
10:19:46,18.679,2500,
10:19:48,18.68,100,
10:19:55,18.66,1772,
10:19:56,18.65,400,
10:19:56,18.65,768,
10:19:57,18.641,400,
10:19:57,18.6486,120,
10:20:03,18.66,300,
10:20:05,18.64,200,
10:20:08,18.64,100,
10:20:09,18.65,1500,
10:20:09,18.65,200,
10:20:09,18.65,300,
10:20:11,18.66,300,
10:20:12,18.6589,1100,
10:20:21,18.66,100,
10:20:22,18.6501,1000,
10:20:26,18.66,100,
10:20:27,18.6589,1800,
10:20:33,18.66,900,
10:20:40,18.68,500,
10:20:44,18.683,100,
10:20:47,18.68,300,
10:20:49,18.6894,1455,
10:21:00,18.69,728,
10:21:00,18.69,100,
10:21:00,18.69,372,
10:21:00,18.69,400,
10:21:00,18.70,200,
10:21:00,18.70,500,
10:21:01,18.71,400,
10:21:01,18.71,200,
10:21:01,18.71,200,
10:21:01,18.71,100,
10:21:01,18.688,1000,
10:21:01,18.71,1000,
10:21:02,18.7074,100,
10:21:02,18.7081,100,
10:21:02,18.7082,100,
10:21:02,18.7083,500,
10:21:04,18.6965,100,
10:21:13,18.69,10000,
10:21:16,18.6894,700,
10:21:19,18.69,300,
10:21:22,18.70,1500,
10:21:23,18.7062,500,
10:21:24,18.72,300,
10:21:24,18.71,300,
10:21:26,18.7075,5000,
10:21:26,18.70,300,
10:21:31,18.7073,100,
10:21:31,18.7074,100,
10:21:31,18.7074,100,
10:21:31,18.709,5300,
10:21:39,18.7199,140,
10:21:39,18.72,300,
10:21:41,18.71,400,
10:21:45,18.71,100,
10:21:50,18.71,300,
10:21:50,18.71,300,
10:22:03,18.708,1400,
10:22:08,18.71,1000,
10:22:10,18.71,200,
10:22:17,18.68,200,
10:22:18,18.682,1000,
10:22:18,18.68,100,
10:22:20,18.6673,1000,
10:22:21,18.67,300,
10:22:23,18.6739,540,
10:22:25,18.67,2911,
10:22:27,18.68,100,
10:22:27,18.68,100,
10:22:27,18.68,400,
10:22:31,18.671,2000,
10:22:41,18.67,1018,
10:22:41,18.67,300,
10:22:42,18.66,100,
10:22:42,18.66,1000,
10:22:42,18.66,1800,
10:22:42,18.66,2000,
10:22:44,18.66,100,
10:22:44,18.66,200,
10:22:44,18.66,918,
10:22:45,18.66,500,
10:22:45,18.66,300,
10:22:46,18.6689,1100,
10:22:46,18.6694,5300,
10:22:47,18.66,1600,
10:22:47,18.66,200,
10:22:58,18.652,1500,
10:22:58,18.65,500,
10:22:58,18.65,1000,
10:23:00,18.65,100,
10:23:01,18.649,400,
10:23:01,18.65,200,
10:23:01,18.649,400,
10:23:02,18.65,100,
10:23:03,18.65,800,
10:23:04,18.641,5300,
10:23:05,18.65,100,
10:23:05,18.66,100,
10:23:05,18.66,300,
10:23:05,18.66,100,
10:23:05,18.66,400,
10:23:05,18.66,300,
10:23:05,18.66,100,
10:23:06,18.669,100,
10:23:06,18.665,100,
10:23:06,18.66,100,
10:23:06,18.65,300,
10:23:06,18.65,300,
10:23:06,18.65,200,
10:23:07,18.67,500,
10:23:07,18.6501,5200,
10:23:09,18.66,300,
10:23:14,18.6594,3900,
10:23:22,18.66,400,
10:23:23,18.67,100,
10:23:23,18.67,300,
10:23:23,18.67,100,
10:23:23,18.67,100,
10:23:24,18.671,100,
10:23:25,18.671,400,
10:23:29,18.658,200,
10:23:46,18.66,400,
10:23:49,18.67,300,
10:23:49,18.67,400,
10:23:56,18.651,2500,
10:23:59,18.65,300,
10:24:01,18.67,100,
10:24:01,18.67,100,
10:24:01,18.67,100,
10:24:04,18.671,200,
10:24:05,18.672,400,
10:24:05,18.6695,500,
10:24:07,18.67,200,
10:24:07,18.67,100,
10:24:07,18.67,100,
10:24:10,18.67,100,
10:24:13,18.68,800,
10:24:13,18.68,300,
10:24:13,18.68,200,
10:24:13,18.68,100,
10:24:13,18.68,100,
10:24:13,18.68,400,
10:24:13,18.69,100,
10:24:14,18.674,300,
10:24:21,18.68,300,
10:24:23,18.6727,500,
10:24:25,18.68,100,
10:24:25,18.68,500,
10:24:25,18.68,420,
10:24:31,18.70,200,
10:24:32,18.70,400,
10:24:36,18.68,100,
10:24:43,18.66,300,
10:24:44,18.659,2400,
10:24:53,18.65,300,
10:24:57,18.63,200,
10:24:57,18.62,300,
10:24:57,18.62,500,
10:24:57,18.6114,600,
10:24:58,18.6107,900,
10:24:58,18.61,1000,
10:24:58,18.61,676,
10:24:58,18.6046,1000,
10:24:58,18.6046,700,
10:24:58,18.6046,100,
10:24:58,18.60,1000,
10:24:58,18.60,1000,
10:24:59,18.6001,4000,
10:24:59,18.61,900,
10:25:00,18.6102,200,
10:25:00,18.6102,100,
10:25:00,18.611,3300,
10:25:00,18.611,400,
10:25:01,18.6101,512,
10:25:01,18.611,1600,
10:25:02,18.602,1000,
10:25:03,18.62,400,
10:25:03,18.62,300,
10:25:06,18.622,1200,
10:25:07,18.62,5000,
10:25:10,18.6264,100,
10:25:11,18.6254,100,
10:25:18,18.63,500,
10:25:25,18.634,500,
10:25:26,18.63,500,
10:25:26,18.63,129,
10:25:28,18.63,600,
10:25:28,18.64,300,
10:25:28,18.64,600,
10:25:28,18.64,300,
10:25:28,18.64,700,
10:25:28,18.63,400,
10:25:33,18.63,600,
10:25:44,18.65,100,
10:25:46,18.66,100,
10:25:47,18.65,300,
10:25:49,18.65,300,
10:25:49,18.65,300,
10:25:51,18.66,500,
10:25:54,18.65,300,
10:25:54,18.65,300,
10:26:00,18.6401,800,
10:26:00,18.65,200,
10:26:04,18.66,300,
10:26:07,18.65,300,
10:26:07,18.651,200,
10:26:15,18.66,500,
10:26:15,18.66,135,
10:26:15,18.66,300,
10:26:21,18.67,900,
10:26:21,18.67,400,
10:26:21,18.67,600,
10:26:21,18.68,100,
10:26:21,18.68,300,
10:26:21,18.68,198,
10:26:21,18.68,102,
10:26:21,18.68,298,
10:26:21,18.68,300,
10:26:21,18.68,500,
10:26:21,18.68,200,
10:26:21,18.68,598,
10:26:21,18.67,1100,
10:26:21,18.67,200,
10:26:21,18.67,200,
10:26:23,18.68,300,
10:26:23,18.68,129,
10:26:24,18.66,300,
10:26:28,18.66,200,
10:26:31,18.64,300,
10:26:31,18.64,300,
10:26:38,18.67,300,
10:26:42,18.66,100,
10:26:44,18.6704,200,
10:26:44,18.6704,100,
10:26:44,18.671,900,
10:26:46,18.671,2500,
10:26:47,18.67,100,
10:26:50,18.651,300,
10:26:50,18.651,400,
10:26:55,18.66,300,
10:27:00,18.6754,1600,
10:27:10,18.66,100,
10:27:10,18.66,200,
10:27:10,18.66,1000,
10:27:10,18.66,100,
10:27:10,18.66,100,
10:27:10,18.66,100,
10:27:10,18.66,100,
10:27:10,18.65,700,
10:27:10,18.65,200,
10:27:10,18.65,300,
10:27:11,18.66,100,
10:27:11,18.66,100,
10:27:11,18.65,700,
10:27:14,18.64,300,
10:27:24,18.6493,200,
10:27:28,18.65,300,
10:27:33,18.64,335,
10:27:39,18.64,300,
10:27:40,18.64,500,
10:27:42,18.6499,300,
10:27:44,18.643,1000,
10:27:48,18.6401,2000,
10:27:49,18.63,3100,
10:27:49,18.63,400,
10:27:51,18.62,300,
10:27:51,18.62,100,
10:27:56,18.62,100,
10:27:59,18.63,300,
10:28:00,18.632,400,
10:28:02,18.631,200,
10:28:13,18.63,600,
10:28:17,18.629,2000,
10:28:20,18.64,100,
10:28:20,18.64,200,
10:28:20,18.6429,400,
10:28:28,18.6401,1500,
10:28:44,18.6499,2000,
10:28:47,18.65,100,
10:28:47,18.65,100,
10:28:49,18.66,600,
10:28:49,18.67,300,
10:28:49,18.67,1200,
10:28:49,18.67,900,
10:28:50,18.67,400,
10:28:52,18.68,200,
10:28:54,18.66,100,
10:28:54,18.6694,1456,
10:29:04,18.65,300,
10:29:04,18.64,300,
10:29:05,18.64,300,
10:29:14,18.654,600,
10:29:15,18.66,100,
10:29:16,18.652,1800,
10:29:26,18.69,100,
10:29:26,18.69,900,
10:29:26,18.69,1600,
10:29:26,18.69,100,
10:29:26,18.69,300,
10:29:26,18.69,1800,
10:29:26,18.69,300,
10:29:26,18.69,300,
10:29:26,18.69,100,
10:29:26,18.69,1200,
10:29:26,18.69,600,
10:29:26,18.69,200,
10:29:26,18.69,800,
10:29:26,18.69,700,
10:29:26,18.69,200,
10:29:26,18.69,400,
10:29:26,18.69,100,
10:29:26,18.69,100,
10:29:26,18.69,100,
10:29:28,18.71,100,
10:29:28,18.71,1350,
10:29:28,18.71,1350,
10:29:28,18.71,1150,
10:29:28,18.71,1650,
10:29:29,18.70,100,
10:29:29,18.70,200,
10:29:29,18.6966,100,
10:29:29,18.70,400,
10:29:31,18.70,500,
10:29:32,18.70,100,
10:29:36,18.69,300,
10:29:36,18.69,300,
10:29:36,18.69,300,
10:29:40,18.70,300,
10:29:40,18.6967,400,
10:29:45,18.70,1000,
10:29:47,18.71,300,
10:29:52,18.698,1500,
10:29:57,18.69,1000,
10:29:58,18.70,100,
10:30:06,18.73,200,
10:30:08,18.728,600,
10:30:09,18.72,2000,
10:30:12,18.70,1000,
10:30:12,18.69,300,
10:30:12,18.69,300,
10:30:13,18.69,200,
10:30:14,18.701,200,
10:30:15,18.70,100,
10:30:18,18.691,100,
10:30:24,18.68,200,
10:30:24,18.6797,500,
10:30:24,18.68,200,
10:30:24,18.67,600,
10:30:24,18.67,200,
10:30:26,18.68,1500,
10:30:27,18.6701,100,
10:30:30,18.6601,700,
10:30:35,18.6727,1000,
10:30:37,18.68,100,
10:30:39,18.67,300,
10:30:40,18.68,3700,
10:30:44,18.67,100,
10:30:48,18.67,300,
10:30:56,18.669,400,
10:31:00,18.6699,2500,
10:31:08,18.661,2400,
10:31:14,18.6638,1000,
10:31:17,18.67,4000,
10:31:20,18.66,400,
10:31:21,18.66,100,
10:31:21,18.66,100,
10:31:21,18.66,100,
10:31:22,18.66,300,
10:31:27,18.65,500,
10:31:28,18.66,100,
10:31:31,18.66,200,
10:31:34,18.67,200,
10:31:39,18.67,217,
10:31:42,18.68,100,
10:31:46,18.6705,500,
10:31:51,18.67,200,
10:31:56,18.66,400,
10:32:03,18.65,100,
10:32:03,18.65,300,
10:32:07,18.65,100,
10:32:12,18.6486,500,
10:32:14,18.6405,500,
10:32:17,18.64,100,
10:32:20,18.65,300,
10:32:21,18.65,200,
10:32:22,18.65,400,
10:32:22,18.66,500,
10:32:22,18.66,300,
10:32:25,18.66,100,
10:32:37,18.6686,100,
10:32:47,18.67,100,
10:32:47,18.67,200,
10:32:47,18.67,804,
10:32:47,18.67,300,
10:32:47,18.66,100,
10:32:49,18.65,100,
10:32:50,18.64,100,
10:32:53,18.64,300,
10:33:00,18.64,100,
10:33:08,18.632,100,
10:33:12,18.6375,3200,
10:33:14,18.6387,1000,
10:33:14,18.6386,100,
10:33:15,18.6325,9000,
10:33:16,18.64,300,
10:33:17,18.632,500,
10:33:28,18.64,300,
10:33:34,18.65,100,
10:33:40,18.65,500,
10:33:44,18.6371,100,
10:33:45,18.63,200,
10:33:45,18.63,200,
10:33:46,18.62,300,
10:33:46,18.6237,200,
10:33:46,18.6233,700,
10:33:51,18.6201,2000,
10:33:57,18.64,259,
10:33:57,18.64,300,
10:34:08,18.64,10000,
10:34:20,18.657,1000,
10:34:22,18.65,259,
10:34:22,18.65,200,
10:34:23,18.64,200,
10:34:26,18.64,300,
10:34:27,18.65,100,
10:34:32,18.64,500,
10:34:32,18.64,700,
10:34:32,18.64,300,
10:34:36,18.63,300,
10:34:47,18.642,100,
10:34:47,18.642,800,
10:34:50,18.62,100,
10:34:50,18.62,200,
10:34:51,18.6146,100,
10:34:51,18.6145,100,
10:34:51,18.6145,100,
10:34:51,18.62,1000,
10:34:51,18.62,300,
10:34:56,18.613,500,
10:34:57,18.61,300,
10:34:57,18.61,100,
10:34:57,18.61,100,
10:34:57,18.61,7400,
10:34:58,18.60,600,
10:34:58,18.60,100,
10:34:58,18.60,300,
10:34:58,18.60,100,
10:34:58,18.60,100,
10:34:58,18.60,100,
10:35:02,18.602,500,
10:35:04,18.61,300,
10:35:04,18.61,100,
10:35:06,18.61,1456,
10:35:14,18.60,2000,
10:35:17,18.60,330,
10:35:24,18.6001,1000,
10:35:30,18.60,100,
10:35:30,18.60,220,
10:35:30,18.60,2000,
10:35:30,18.60,2300,
10:35:30,18.59,100,
10:35:30,18.59,100,
10:35:30,18.59,700,
10:35:30,18.591,6300,
10:35:30,18.59,1000,
10:35:30,18.592,400,
10:35:30,18.591,6300,
10:35:31,18.58,100,
10:35:32,18.59,100,
10:35:32,18.59,300,
10:35:32,18.60,100,
10:35:32,18.59,9900,
10:35:32,18.60,200,
10:35:32,18.60,300,
10:35:32,18.59,1200,
10:35:35,18.57,2000,
10:35:35,18.582,500,
10:35:35,18.57,600,
10:35:35,18.57,100,
10:35:35,18.57,2000,
10:35:35,18.57,1000,
10:35:35,18.57,1400,
10:35:35,18.57,200,
10:35:36,18.56,100,
10:35:36,18.5601,3000,
10:35:37,18.561,700,
10:35:37,18.5605,200,
10:35:37,18.561,2500,
10:35:37,18.561,1949,
10:35:38,18.57,100,
10:35:38,18.57,300,
10:35:38,18.57,100,
10:35:38,18.57,600,
10:35:38,18.57,100,
10:35:41,18.5619,8500,
10:35:43,18.5699,600,
10:35:43,18.57,100,
10:35:43,18.57,600,
10:35:43,18.5616,100,
10:35:43,18.561,300,
10:35:44,18.561,300,
10:35:48,18.57,400,
10:35:50,18.563,1000,
10:35:53,18.581,1495,
10:36:02,18.59,300,
10:36:02,18.598,100,
10:36:06,18.589,2000,
10:36:07,18.60,200,
10:36:17,18.59,500,
10:36:21,18.598,100,
10:36:21,18.5828,100,
10:36:34,18.5601,2000,
10:36:35,18.57,400,
10:36:37,18.57,100,
10:36:38,18.579,500,
10:36:44,18.57,200,
10:36:45,18.57,100,
10:36:45,18.57,300,
10:36:47,18.56,400,
10:36:47,18.57,400,
10:36:47,18.57,900,
10:36:51,18.58,100,
10:36:51,18.58,300,
10:36:52,18.57,300,
10:36:53,18.568,500,
10:36:54,18.568,500,
10:36:56,18.562,300,
10:36:56,18.55,100,
10:36:56,18.55,500,
10:36:57,18.54,100,
10:36:57,18.54,100,
10:36:57,18.54,300,
10:36:57,18.54,200,
10:36:57,18.54,300,
10:36:57,18.54,100,
10:36:57,18.54,100,
10:36:57,18.54,200,
10:36:57,18.54,100,
10:36:57,18.54,100,
10:36:57,18.53,100,
10:36:57,18.53,100,
10:36:57,18.53,100,
10:36:57,18.54,800,
10:36:57,18.54,900,
10:36:57,18.54,300,
10:36:57,18.54,100,
10:36:57,18.54,300,
10:36:57,18.53,100,
10:36:57,18.53,300,
10:36:57,18.53,998,
10:36:57,18.53,300,
10:36:57,18.53,800,
10:36:57,18.53,400,
10:36:57,18.53,200,
10:36:57,18.53,100,
10:36:57,18.53,400,
10:36:57,18.52,1000,
10:36:57,18.52,100,
10:36:57,18.52,100,
10:36:57,18.52,200,
10:36:57,18.52,100,
10:36:57,18.52,598,
10:36:57,18.52,100,
10:36:57,18.51,198,
10:36:57,18.51,100,
10:36:57,18.51,123,
10:36:57,18.51,600,
10:36:57,18.5101,400,
10:36:57,18.5101,1000,
10:36:57,18.51,500,
10:36:57,18.51,1000,
10:36:58,18.51,300,
10:36:58,18.51,1000,
10:36:58,18.515,800,
10:36:59,18.505,111,
10:36:59,18.50,214,
10:36:59,18.50,189,
10:36:59,18.5014,150,
10:36:59,18.5001,3500,
10:37:00,18.50,10000,
10:37:00,18.51,300,
10:37:00,18.52,200,
10:37:00,18.51,400,
10:37:00,18.51,300,
10:37:00,18.50,5000,
10:37:00,18.50,8200,
10:37:00,18.50,2500,
10:37:01,18.5001,2000,
10:37:01,18.501,100,
10:37:03,18.51,625,
10:37:03,18.50,10000,
10:37:05,18.52,300,
10:37:05,18.502,1200,
10:37:05,18.52,800,
10:37:06,18.502,300,
10:37:07,18.53,100,
10:37:08,18.53,100,
10:37:09,18.52,210,
10:37:09,18.52,300,
10:37:09,18.52,300,
10:37:09,18.52,100,
10:37:09,18.5114,300,
10:37:09,18.5114,100,
10:37:09,18.51,100,
10:37:09,18.51,100,
10:37:10,18.51,100,
10:37:12,18.53,300,
10:37:12,18.53,100,
10:37:12,18.53,1000,
10:37:13,18.5327,1900,
10:37:15,18.53,1000,
10:37:18,18.52,300,
10:37:21,18.513,1000,
10:37:24,18.51,800,
10:37:25,18.51,300,
10:37:26,18.518,1002,
10:37:27,18.5105,600,
10:37:31,18.50,111,
10:37:31,18.50,100,
10:37:33,18.51,900,
10:37:33,18.51,6000,
10:37:33,18.50,800,
10:37:34,18.52,100,
10:37:38,18.521,100,
10:37:39,18.52,260,
10:37:39,18.521,400,
10:37:39,18.52,200,
10:37:47,18.5201,500,
10:37:48,18.52,200,
10:37:59,18.53,300,
10:38:00,18.512,700,
10:38:00,18.5298,100,
10:38:00,18.5298,700,
10:38:00,18.5298,1000,
10:38:00,18.53,500,
10:38:07,18.5101,6000,
10:38:08,18.5195,800,
10:38:11,18.5192,100,
10:38:11,18.5192,100,
10:38:11,18.5192,700,
10:38:11,18.52,100,
10:38:11,18.52,2000,
10:38:13,18.52,100,
10:38:13,18.52,300,
10:38:15,18.52,400,
10:38:16,18.528,100,
10:38:16,18.52,300,
10:38:17,18.5138,300,
10:38:21,18.52,200,
10:38:23,18.52,600,
10:38:23,18.52,100,
10:38:23,18.52,300,
10:38:26,18.5133,100,
10:38:30,18.522,100,
10:38:31,18.52,600,
10:38:35,18.514,200,
10:38:39,18.5215,3000,
10:38:42,18.52,300,
10:38:45,18.52,100,
10:38:45,18.52,300,
10:38:45,18.52,200,
10:38:45,18.52,100,
10:38:45,18.52,800,
10:38:45,18.52,300,
10:38:47,18.516,125,
10:38:50,18.52,140,
10:38:50,18.52,100,
10:38:50,18.51,100,
10:38:50,18.52,600,
10:38:50,18.52,2000,
10:38:50,18.52,300,
10:39:10,18.5285,5000,
10:39:14,18.5201,2250,
10:39:17,18.5286,1000,
10:39:21,18.52,100,
10:39:21,18.52,200,
10:39:21,18.52,200,
10:39:21,18.52,100,
10:39:21,18.52,200,
10:39:21,18.52,100,
10:39:21,18.52,800,
10:39:21,18.52,100,
10:39:21,18.52,100,
10:39:21,18.52,200,
10:39:21,18.52,100,
10:39:21,18.52,200,
10:39:21,18.52,100,
10:39:21,18.52,100,
10:39:21,18.52,100,
10:39:21,18.52,100,
10:39:21,18.52,300,
10:39:21,18.52,500,
10:39:23,18.52,100,
10:39:23,18.52,100,
10:39:23,18.52,100,
10:39:23,18.52,2000,
10:39:23,18.52,300,
10:39:23,18.52,600,
10:39:27,18.521,2600,
10:39:30,18.53,300,
10:39:42,18.53,300,
10:39:44,18.52,400,
10:39:44,18.52,3000,
10:39:44,18.52,100,
10:39:44,18.52,300,
10:39:44,18.52,300,
10:39:44,18.52,600,
10:39:44,18.52,200,
10:39:44,18.52,900,
10:39:44,18.52,300,
10:39:44,18.52,300,
10:39:44,18.52,900,
10:39:47,18.522,100,
10:39:48,18.52,500,
10:39:48,18.52,200,
10:39:48,18.52,100,
10:39:48,18.52,100,
10:39:48,18.52,100,
10:39:48,18.52,100,
10:39:48,18.52,100,
10:39:48,18.52,100,
10:39:48,18.52,100,
10:39:48,18.52,100,
10:39:48,18.52,100,
10:39:48,18.52,100,
10:39:48,18.52,100,
10:39:48,18.52,100,
10:39:48,18.52,100,
10:39:48,18.52,100,
10:39:48,18.52,100,
10:39:48,18.52,100,
10:39:48,18.52,100,
10:39:48,18.52,100,
10:39:48,18.52,100,
10:39:48,18.52,100,
10:39:48,18.52,100,
10:39:48,18.52,100,
10:39:48,18.52,100,
10:39:48,18.52,200,
10:39:48,18.52,300,
10:39:48,18.52,300,
10:39:48,18.52,338,
10:39:53,18.512,100,
10:39:57,18.5101,700,
10:40:00,18.53,300,
10:40:00,18.5255,200,
10:40:00,18.5263,1000,
10:40:00,18.5264,100,
10:40:00,18.5295,600,
10:40:12,18.51,1850,
10:40:12,18.52,1800,
10:40:17,18.53,100,
10:40:20,18.5399,500,
10:40:21,18.53,300,
10:40:33,18.53,300,
10:40:48,18.519,2000,
10:40:53,18.52,300,
10:40:53,18.52,300,
10:40:53,18.53,1800,
10:40:53,18.53,500,
10:40:53,18.53,100,
10:40:53,18.53,3000,
10:40:53,18.53,700,
10:40:53,18.53,300,
10:40:53,18.53,300,
10:40:56,18.5201,5000,
10:41:02,18.53,600,
10:41:02,18.53,300,
10:41:02,18.53,200,
10:41:03,18.531,100,
10:41:09,18.53,300,
10:41:10,18.53,900,
10:41:13,18.5255,1500,
10:41:14,18.52,100,
10:41:15,18.528,500,
10:41:17,18.52,200,
10:41:17,18.51,300,
10:41:17,18.51,300,
10:41:17,18.51,400,
10:41:17,18.51,700,
10:41:17,18.51,300,
10:41:17,18.51,300,
10:41:17,18.50,100,
10:41:17,18.50,300,
10:41:17,18.50,100,
10:41:17,18.50,300,
10:41:17,18.50,208,
10:41:17,18.50,600,
10:41:17,18.50,155,
10:41:17,18.50,300,
10:41:18,18.51,200,
10:41:18,18.49,297,
10:41:18,18.49,300,
10:41:18,18.49,1000,
10:41:18,18.49,600,
10:41:18,18.49,300,
10:41:18,18.50,200,
10:41:18,18.49,400,
10:41:18,18.49,1000,
10:41:20,18.48,100,
10:41:20,18.48,100,
10:41:20,18.48,300,
10:41:20,18.4746,1000,
10:41:20,18.4746,100,
10:41:20,18.4746,700,
10:41:21,18.4737,200,
10:41:21,18.48,700,
10:41:21,18.48,103,
10:41:21,18.48,300,
10:41:21,18.4801,3000,
10:41:22,18.49,100,
10:41:22,18.49,300,
10:41:22,18.49,200,
10:41:22,18.49,300,
10:41:22,18.49,300,
10:41:22,18.49,300,
10:41:23,18.49,500,
10:41:23,18.48,200,
10:41:24,18.482,1000,
10:41:24,18.48,700,
10:41:24,18.48,700,
10:41:25,18.48,600,
10:41:25,18.48,1000,
10:41:26,18.49,600,
10:41:28,18.47,300,
10:41:28,18.48,100,
10:41:28,18.48,100,
10:41:28,18.48,1400,
10:41:28,18.47,200,
10:41:28,18.47,300,
10:41:28,18.47,200,
10:41:28,18.47,100,
10:41:28,18.47,300,
10:41:28,18.47,800,
10:41:28,18.47,1250,
10:41:28,18.47,300,
10:41:28,18.47,300,
10:41:28,18.47,600,
10:41:28,18.47,600,
10:41:30,18.462,500,
10:41:30,18.46,2000,
10:41:31,18.46,600,
10:41:33,18.46,570,
10:41:33,18.47,100,
10:41:35,18.4627,1078,
10:41:37,18.4662,100,
10:41:38,18.46,600,
10:41:39,18.47,300,
10:41:39,18.47,300,
10:41:39,18.47,300,
10:41:39,18.47,100,
10:41:39,18.47,100,
10:41:39,18.47,100,
10:41:39,18.47,1800,
10:41:41,18.47,1700,
10:41:45,18.472,1000,
10:41:56,18.48,100,
10:41:56,18.48,400,
10:41:56,18.48,300,
10:41:58,18.48,200,
10:42:03,18.472,1000,
10:42:04,18.48,900,
10:42:10,18.48,200,
10:42:10,18.48,100,
10:42:10,18.48,100,
10:42:11,18.4701,2000,
10:42:12,18.4701,300,
10:42:12,18.47,300,
10:42:12,18.47,300,
10:42:12,18.4701,200,
10:42:12,18.47,300,
10:42:12,18.47,700,
10:42:14,18.49,100,
10:42:15,18.478,1500,
10:42:16,18.49,100,
10:42:16,18.49,100,
10:42:16,18.49,166,
10:42:16,18.49,203,
10:42:17,18.4807,360,
10:42:18,18.498,500,
10:42:21,18.48,200,
10:42:21,18.48,100,
10:42:23,18.48,100,
10:42:23,18.48,300,
10:42:24,18.49,100,
10:42:24,18.49,200,
10:42:25,18.49,100,
10:42:25,18.49,700,
10:42:25,18.49,800,
10:42:25,18.49,100,
10:42:25,18.49,200,
10:42:27,18.494,150,
10:42:36,18.498,1000,
10:42:41,18.4901,200,
10:42:45,18.4905,1000,
10:42:46,18.4999,980,
10:42:46,18.5003,100,
10:42:46,18.5002,100,
10:42:48,18.4915,100,
10:42:48,18.501,400,
10:42:50,18.49,100,
10:42:51,18.499,1000,
10:42:51,18.4901,1000,
10:42:53,18.51,100,
10:42:53,18.51,300,
10:42:53,18.51,200,
10:42:56,18.51,700,
10:42:56,18.51,100,
10:43:00,18.5005,679,
10:43:03,18.508,243,
10:43:04,18.51,2000,
10:43:08,18.51,100,
10:43:15,18.508,200,
10:43:18,18.50,296,
10:43:18,18.5001,100,
10:43:18,18.5001,100,
10:43:18,18.5001,200,
10:43:18,18.50,100,
10:43:18,18.5001,180,
10:43:18,18.50,100,
10:43:18,18.5001,100,
10:43:18,18.50,100,
10:43:18,18.5001,300,
10:43:18,18.5001,800,
10:43:18,18.5001,100,
10:43:18,18.50,600,
10:43:18,18.5001,100,
10:43:18,18.5001,200,
10:43:18,18.50,100,
10:43:20,18.51,100,
10:43:21,18.51,300,
10:43:24,18.508,100,
10:43:25,18.51,334,
10:43:25,18.51,300,
10:43:25,18.51,168,
10:43:25,18.51,334,
10:43:27,18.517,600,
10:43:30,18.51,200,
10:43:30,18.51,800,
10:43:31,18.51,8000,
10:43:34,18.52,100,
10:43:36,18.52,200,
10:43:36,18.52,700,
10:43:36,18.52,200,
10:43:36,18.52,300,
10:43:39,18.52,400,
10:43:40,18.52,500,
10:43:42,18.527,600,
10:43:47,18.53,100,
10:43:47,18.53,500,
10:43:49,18.53,300,
10:43:51,18.53,100,
10:43:51,18.53,300,
10:44:02,18.54,1100,
10:44:07,18.53,234,
10:44:08,18.53,100,
10:44:10,18.5273,1000,
10:44:21,18.522,500,
10:44:24,18.521,500,
10:44:26,18.52,200,
10:44:27,18.52,100,
10:44:34,18.53,700,
10:44:34,18.53,900,
10:44:34,18.53,100,
10:44:34,18.53,800,
10:44:34,18.53,900,
10:44:34,18.53,100,
10:44:34,18.53,200,
10:44:34,18.53,100,
10:44:35,18.5393,150,
10:44:38,18.5395,617,
10:44:49,18.54,1000,
10:44:53,18.53,700,
10:44:53,18.53,300,
10:44:53,18.53,300,
10:44:53,18.53,100,
10:44:53,18.53,100,
10:44:53,18.53,600,
10:44:53,18.53,900,
10:44:55,18.53,100,
10:44:55,18.53,100,
10:44:55,18.53,300,
10:44:55,18.53,800,
10:45:01,18.53,200,
10:45:08,18.522,1000,
10:45:15,18.5199,2000,
10:45:39,18.538,500,
10:45:45,18.54,300,
10:45:48,18.54,400,
10:45:54,18.5399,2000,
10:45:59,18.55,8335,
10:46:02,18.54,500,
10:46:04,18.53,2000,
10:46:04,18.53,2000,
10:46:04,18.53,100,
10:46:04,18.53,400,
10:46:06,18.5329,100,
10:46:20,18.52,400,
10:46:20,18.52,300,
10:46:20,18.52,200,
10:46:23,18.51,100,
10:46:25,18.5105,500,
10:46:32,18.51,300,
10:46:32,18.51,100,
10:46:32,18.51,100,
10:46:32,18.51,500,
10:46:32,18.51,700,
10:46:37,18.51,1000,
10:46:52,18.5099,300,
10:47:03,18.50,500,
10:47:03,18.501,2000,
10:47:03,18.503,900,
10:47:05,18.48,650,
10:47:05,18.49,350,
10:47:10,18.49,2000,
10:47:12,18.4886,1400,
10:47:13,18.48,200,
10:47:21,18.50,400,
10:47:34,18.501,3000,
10:47:40,18.49,300,
10:47:40,18.49,200,
10:47:47,18.50,239,
10:47:49,18.50,100,
10:48:02,18.4999,2600,
10:48:22,18.4901,100,
10:48:23,18.49,2500,
10:48:27,18.49,1300,
10:48:27,18.48,100,
10:48:27,18.48,300,
10:48:27,18.48,900,
10:48:27,18.48,100,
10:48:27,18.48,203,
10:48:27,18.48,103,
10:48:27,18.48,203,
10:48:27,18.47,700,
10:48:27,18.47,300,
10:48:28,18.48,100,
10:48:29,18.47,300,
10:48:30,18.47,100,
10:48:30,18.4701,200,
10:48:30,18.47,200,
10:48:31,18.48,800,
10:48:31,18.48,700,
10:48:31,18.48,300,
10:48:31,18.48,800,
10:48:31,18.48,300,
10:48:31,18.48,1000,
10:48:31,18.48,300,
10:48:31,18.48,600,
10:48:37,18.48,100,
10:48:37,18.48,400,
10:48:37,18.48,100,
10:48:45,18.484,109,
10:48:56,18.4857,400,
10:49:03,18.49,200,
10:49:11,18.50,100,
10:49:17,18.52,200,
10:49:17,18.52,200,
10:49:17,18.52,300,
10:49:34,18.5101,3000,
10:49:34,18.51,200,
10:49:34,18.51,300,
10:49:42,18.4986,1000,
10:49:48,18.49,200,
10:49:54,18.474,105,
10:49:56,18.4727,1000,
10:49:59,18.4701,600,
10:50:08,18.47,500,
10:50:14,18.47,174,
10:50:14,18.47,500,
10:50:15,18.4689,400,
10:50:16,18.461,300,
10:50:27,18.48,100,
10:50:48,18.49,100,
10:50:53,18.49,700,
10:50:53,18.49,1800,
10:51:07,18.50,1000,
10:51:10,18.49,3000,
10:51:24,18.47,500,
10:51:29,18.48,100,
10:51:36,18.47,200,
10:51:36,18.47,300,
10:51:36,18.47,300,
10:51:37,18.47,200,
10:51:39,18.47,1000,
10:51:39,18.46,300,
10:51:39,18.46,200,
10:51:40,18.46,1000,
10:51:42,18.47,300,
10:51:42,18.47,300,
10:51:43,18.461,1000,
10:51:51,18.482,700,
10:52:01,18.48,300,
10:52:09,18.47,100,
10:52:10,18.48,300,
10:52:10,18.48,400,
10:52:10,18.48,1100,
10:52:10,18.48,100,
10:52:10,18.48,100,
10:52:13,18.48,225,
10:52:18,18.48,400,
10:52:19,18.472,100,
10:52:25,18.47,3000,
10:52:25,18.47,700,
10:52:25,18.47,1800,
10:52:25,18.47,200,
10:52:28,18.48,300,
10:52:28,18.47,300,
10:52:28,18.47,600,
10:52:28,18.47,300,
10:52:28,18.47,300,
10:52:29,18.46,100,
10:52:29,18.46,300,
10:52:29,18.46,700,
10:52:29,18.46,300,
10:52:29,18.47,100,
10:52:29,18.46,800,
10:52:29,18.46,200,
10:52:29,18.46,100,
10:52:29,18.46,200,
10:52:29,18.46,100,
10:52:29,18.45,1400,
10:52:29,18.45,300,
10:52:29,18.445,1000,
10:52:29,18.44,269,
10:52:29,18.44,128,
10:52:29,18.43,300,
10:52:29,18.43,800,
10:52:29,18.43,800,
10:52:29,18.43,200,
10:52:29,18.43,100,
10:52:29,18.4301,580,
10:52:29,18.43,400,
10:52:29,18.44,400,
10:52:29,18.42,100,
10:52:29,18.42,100,
10:52:30,18.45,500,
10:52:32,18.42,100,
10:52:34,18.424,400,
10:52:34,18.43,300,
10:52:34,18.43,200,
10:52:36,18.43,1000,
10:52:37,18.43,300,
10:52:37,18.43,148,
10:52:37,18.43,100,
10:52:38,18.42,100,
10:52:40,18.43,100,
10:52:43,18.4227,1900,
10:52:48,18.43,300,
10:52:48,18.43,900,
10:52:48,18.43,800,
10:52:48,18.43,300,
10:52:48,18.43,300,
10:52:48,18.43,900,
10:52:48,18.43,700,
10:52:50,18.4354,100,
10:52:55,18.4254,100,
10:53:00,18.44,100,
10:53:06,18.4385,5000,
10:53:07,18.43,100,
10:53:07,18.432,1500,
10:53:07,18.43,6800,
10:53:11,18.43,300,
10:53:14,18.43,100,
10:53:14,18.4314,100,
10:53:14,18.43,100,
10:53:14,18.43,200,
10:53:14,18.4314,100,
10:53:14,18.4314,300,
10:53:14,18.43,100,
10:53:15,18.43,100,
10:53:17,18.43,200,
10:53:19,18.421,100,
10:53:22,18.418,500,
10:53:22,18.4194,100,
10:53:22,18.4195,100,
10:53:22,18.4195,100,
10:53:22,18.42,2000,
10:53:22,18.42,200,
10:53:22,18.42,300,
10:53:22,18.42,300,
10:53:22,18.42,200,
10:53:22,18.4177,100,
10:53:24,18.4129,300,
10:53:35,18.42,100,
10:53:37,18.42,100,
10:53:40,18.42,300,
10:53:40,18.42,300,
10:53:40,18.42,366,
10:53:47,18.4101,600,
10:53:49,18.41,100,
10:53:51,18.41,100,
10:53:51,18.402,900,
10:53:52,18.404,100,
10:53:52,18.40,300,
10:53:53,18.40,150,
10:53:54,18.40,500,
10:53:54,18.40,100,
10:53:55,18.401,2000,
10:53:57,18.40,600,
10:53:57,18.40,600,
10:53:58,18.40,700,
10:53:58,18.40,400,
10:54:00,18.4091,200,
10:54:00,18.4093,700,
10:54:00,18.4093,700,
10:54:00,18.41,2000,
10:54:00,18.41,2000,
10:54:00,18.41,1900,
10:54:02,18.42,100,
10:54:04,18.43,500,
10:54:04,18.412,1000,
10:54:05,18.43,100,
10:54:07,18.42,700,
10:54:07,18.42,300,
10:54:07,18.42,100,
10:54:07,18.42,200,
10:54:07,18.42,300,
10:54:08,18.41,100,
10:54:08,18.41,100,
10:54:10,18.412,200,
10:54:11,18.41,1300,
10:54:11,18.41,400,
10:54:12,18.41,100,
10:54:16,18.42,100,
10:54:18,18.41,1500,
10:54:25,18.417,1000,
10:54:25,18.41,2400,
10:54:25,18.41,800,
10:54:25,18.41,900,
10:54:27,18.41,100,
10:54:27,18.41,200,
10:54:27,18.41,200,
10:54:27,18.41,100,
10:54:27,18.41,900,
10:54:27,18.41,1200,
10:54:27,18.41,200,
10:54:27,18.41,600,
10:54:27,18.41,1500,
10:54:27,18.42,100,
10:54:27,18.42,100,
10:54:28,18.412,1000,
10:54:30,18.41,100,
10:54:30,18.41,197,
10:54:30,18.41,300,
10:54:30,18.41,103,
10:54:31,18.41,303,
10:54:31,18.41,300,
10:54:37,18.40,600,
10:54:37,18.40,1000,
10:54:38,18.40,600,
10:54:40,18.4035,150,
10:54:45,18.40,300,
10:54:45,18.40,200,
10:54:48,18.408,500,
10:54:49,18.409,4891,
10:54:49,18.404,244,
10:54:51,18.4001,100,
10:54:51,18.40,100,
10:54:51,18.40,500,
10:54:51,18.4001,363,
10:54:51,18.40,363,
10:54:56,18.4001,500,
10:54:57,18.41,976,
10:55:00,18.4199,5000,
10:55:05,18.41,300,
10:55:11,18.41,400,
10:55:17,18.40,250,
10:55:34,18.42,103,
10:55:34,18.42,200,
10:55:34,18.42,100,
10:55:34,18.42,100,
10:55:34,18.42,300,
10:55:34,18.42,440,
10:55:44,18.43,200,
10:55:44,18.43,100,
10:55:44,18.43,100,
10:55:44,18.43,300,
10:55:44,18.43,100,
10:55:44,18.43,700,
10:55:44,18.43,1800,
10:55:44,18.43,2200,
10:55:44,18.43,700,
10:55:44,18.43,300,
10:55:48,18.4329,300,
10:55:52,18.4385,5000,
10:55:52,18.433,500,
10:55:53,18.43,300,
10:55:53,18.43,800,
10:55:53,18.43,700,
10:55:53,18.43,255,
10:55:58,18.4385,5000,
10:56:03,18.44,1000,
10:56:03,18.44,200,
10:56:03,18.43,300,
10:56:04,18.43,500,
10:56:07,18.43,200,
10:56:10,18.43,10000,
10:56:15,18.43,1100,
10:56:15,18.43,2700,
10:56:15,18.43,900,
10:56:15,18.43,700,
10:56:15,18.43,300,
10:56:15,18.43,1200,
10:56:16,18.43,3000,
10:56:17,18.42,200,
10:56:20,18.43,700,
10:56:21,18.43,400,
10:56:21,18.43,200,
10:56:23,18.4399,2000,
10:56:24,18.43,100,
10:56:24,18.43,300,
10:56:25,18.44,10500,
10:56:26,18.4186,600,
10:56:49,18.43,700,
10:56:49,18.436,100,
10:56:50,18.44,1000,
10:56:59,18.4329,400,
10:57:04,18.438,500,
10:57:07,18.439,450,
10:57:16,18.438,1500,
10:57:20,18.44,100,
10:57:22,18.44,100,
10:57:25,18.43,100,
10:57:26,18.439,100,
10:57:28,18.43,100,
10:57:29,18.44,1200,
10:57:29,18.44,500,
10:57:29,18.44,500,
10:57:29,18.44,100,
10:57:29,18.439,1200,
10:57:29,18.439,600,
10:57:29,18.44,100,
10:57:29,18.44,500,
10:57:29,18.44,600,
10:57:29,18.44,100,
10:57:30,18.4301,300,
10:57:30,18.4301,400,
10:57:30,18.4301,300,
10:57:30,18.43,300,
10:57:30,18.43,300,
10:57:30,18.43,100,
10:57:30,18.44,900,
10:57:31,18.42,165,
10:57:38,18.4295,500,
10:57:43,18.43,200,
10:57:45,18.4275,100,
10:57:55,18.4167,100,
10:57:56,18.42,100,
10:58:08,18.41,100,
10:58:09,18.42,100,
10:58:18,18.4271,200,
10:58:22,18.4202,3000,
10:58:39,18.43,165,
10:58:43,18.42,200,
10:58:43,18.436,200,
10:58:48,18.42,100,
10:58:50,18.42,100,
10:58:55,18.43,100,
10:58:57,18.43,1585,
10:58:57,18.43,200,
10:59:00,18.44,100,
10:59:00,18.44,100,
10:59:00,18.4399,100,
10:59:04,18.43,300,
10:59:04,18.438,500,
10:59:06,18.42,100,
10:59:06,18.42,300,
10:59:06,18.42,1200,
10:59:06,18.42,100,
10:59:12,18.42,300,
10:59:12,18.42,800,
10:59:18,18.4271,200,
10:59:22,18.4299,2500,
10:59:23,18.429,700,
10:59:28,18.429,2700,
10:59:36,18.42,100,
10:59:36,18.42,2135,
10:59:38,18.43,100,
10:59:47,18.4383,600,
10:59:47,18.439,700,
10:59:49,18.4282,100,
10:59:49,18.429,200,
11:00:03,18.42,1200,
11:00:03,18.42,400,
11:00:05,18.41,100,
11:00:05,18.41,300,
11:00:05,18.41,100,
11:00:05,18.41,700,
11:00:13,18.41,400,
11:00:13,18.41,100,
11:00:13,18.41,500,
11:00:13,18.41,300,
11:00:15,18.4199,1000,
11:00:16,18.42,500,
11:00:16,18.414,450,
11:00:24,18.42,400,
11:00:24,18.42,300,
11:00:24,18.42,100,
11:00:24,18.42,300,
11:00:35,18.4099,6000,
11:00:36,18.4005,600,
11:00:37,18.41,800,
11:00:37,18.41,133,
11:00:39,18.4101,100,
11:00:41,18.418,200,
11:00:46,18.419,1800,
11:00:52,18.41,500,
11:00:52,18.41,300,
11:00:56,18.41,267,
11:00:59,18.414,280,
11:01:02,18.41,100,
11:01:03,18.41,1000,
11:01:03,18.41,300,
11:01:08,18.4198,275,
11:01:18,18.42,100,
11:01:26,18.424,184,
11:01:31,18.4207,100,
11:01:41,18.424,100,
11:01:50,18.42,200,
11:02:09,18.4126,500,
11:02:11,18.418,1000,
11:02:19,18.42,100,
11:02:19,18.43,1000,
11:02:24,18.4201,2000,
11:02:27,18.43,400,
11:02:28,18.43,300,
11:02:32,18.42,500,
11:02:32,18.42,400,
11:02:33,18.42,300,
11:02:38,18.423,500,
11:02:38,18.43,100,
11:02:39,18.4293,1000,
11:02:39,18.4287,100,
11:02:39,18.4287,100,
11:02:39,18.4273,500,
11:02:41,18.43,100,
11:02:41,18.43,300,
11:02:44,18.4201,6000,
11:02:49,18.4202,6000,
11:02:55,18.43,200,
11:02:56,18.427,1000,
11:02:59,18.4285,100,
11:03:01,18.429,200,
11:03:02,18.43,100,
11:03:02,18.43,100,
11:03:03,18.43,1000,
11:03:04,18.43,600,
11:03:05,18.43,3800,
11:03:06,18.4229,100,
11:03:12,18.429,1100,
11:03:14,18.42,2000,
11:03:16,18.42,100,
11:03:16,18.42,1600,
11:03:24,18.43,200,
11:03:28,18.43,300,
11:03:31,18.43,5000,
11:03:35,18.4298,1000,
11:03:38,18.4398,1000,
11:03:42,18.44,400,
11:03:42,18.435,1000,
11:03:42,18.435,650,
11:03:42,18.435,650,
11:03:42,18.44,300,
11:03:47,18.44,400,
11:03:48,18.45,800,
11:03:48,18.45,1500,
11:03:48,18.45,700,
11:03:48,18.44,300,
11:03:49,18.45,900,
11:03:50,18.45,266,
11:03:50,18.45,267,
11:03:50,18.44,700,
11:03:50,18.445,2000,
11:03:50,18.45,700,
11:03:50,18.44,100,
11:03:50,18.44,300,
11:03:50,18.44,800,
11:03:50,18.44,300,
11:03:50,18.45,1500,
11:03:50,18.45,600,
11:03:52,18.44,100,
11:03:52,18.45,500,
11:03:53,18.4499,3000,
11:03:54,18.45,100,
11:03:54,18.45,200,
11:03:55,18.4499,600,
11:03:55,18.442,250,
11:03:55,18.45,100,
11:03:55,18.45,100,
11:03:56,18.45,200,
11:03:56,18.4485,100,
11:03:56,18.449,1700,
11:03:56,18.4489,200,
11:03:56,18.45,700,
11:03:56,18.45,900,
11:03:57,18.45,100,
11:03:57,18.45,200,
11:03:57,18.45,300,
11:03:58,18.45,200,
11:04:00,18.45,200,
11:04:02,18.45,300,
11:04:02,18.45,400,
11:04:02,18.45,100,
11:04:04,18.45,150,
11:04:04,18.4406,200,
11:04:04,18.4406,100,
11:04:04,18.4406,100,
11:04:04,18.44,2000,
11:04:04,18.44,600,
11:04:04,18.44,200,
11:04:04,18.44,1000,
11:04:04,18.44,300,
11:04:04,18.44,100,
11:04:04,18.45,200,
11:04:05,18.45,200,
11:04:05,18.44,300,
11:04:05,18.44,300,
11:04:05,18.44,100,
11:04:05,18.44,4000,
11:04:05,18.44,500,
11:04:05,18.44,100,
11:04:06,18.44,100,
11:04:09,18.44,100,
11:04:09,18.45,300,
11:04:09,18.44,200,
11:04:11,18.4399,1000,
11:04:13,18.44,100,
11:04:16,18.4373,1000,
11:04:19,18.43,100,
11:04:19,18.43,800,
11:04:19,18.43,850,
11:04:19,18.43,300,
11:04:19,18.44,100,
11:04:19,18.44,254,
11:04:21,18.45,100,
11:04:21,18.45,200,
11:04:22,18.45,300,
11:04:22,18.46,100,
11:04:24,18.46,100,
11:04:27,18.46,100,
11:04:28,18.4499,100,
11:04:34,18.46,100,
11:04:35,18.46,100,
11:04:38,18.46,100,
11:04:38,18.46,100,
11:04:38,18.46,100,
11:04:38,18.46,300,
11:04:38,18.46,241,
11:04:38,18.46,300,
11:04:38,18.46,659,
11:04:39,18.46,800,
11:04:39,18.46,1400,
11:04:45,18.4599,3750,
11:04:48,18.4528,1800,
11:04:52,18.453,1000,
11:04:58,18.45,2700,
11:05:00,18.45,100,
11:05:00,18.45,300,
11:05:00,18.45,500,
11:05:00,18.45,300,
11:05:00,18.45,300,
11:05:06,18.4499,200,
11:05:07,18.4412,1000,
11:05:08,18.4492,100,
11:05:08,18.4497,200,
11:05:08,18.45,400,
11:05:08,18.449,1500,
11:05:08,18.45,300,
11:05:09,18.449,100,
11:05:09,18.45,800,
11:05:11,18.458,500,
11:05:17,18.46,900,
11:05:18,18.4672,300,
11:05:18,18.469,300,
11:05:20,18.47,200,
11:05:34,18.4529,250,
11:05:47,18.451,277,
11:05:47,18.451,4723,
11:05:53,18.47,1472,
11:05:53,18.46,100,
11:05:57,18.459,100,
11:06:01,18.4505,1000,
11:06:04,18.4599,400,
11:06:04,18.4599,200,
11:06:05,18.43,100,
11:06:05,18.43,100,
11:06:05,18.43,100,
11:06:09,18.44,100,
11:06:10,18.44,700,
11:06:19,18.44,300,
11:06:28,18.44,200,
11:06:32,18.43,500,
11:06:32,18.43,850,
11:06:32,18.43,10000,
11:06:32,18.43,500,
11:06:38,18.423,1600,
11:06:39,18.42,100,
11:06:40,18.42,100,
11:06:40,18.42,300,
11:06:40,18.42,100,
11:06:47,18.42,300,
11:06:47,18.42,300,
11:06:50,18.418,5000,
11:07:04,18.41,100,
11:07:05,18.40,1528,
11:07:05,18.40,600,
11:07:05,18.40,600,
11:07:05,18.40,1200,
11:07:05,18.40,300,
11:07:05,18.40,200,
11:07:05,18.40,190,
11:07:05,18.40,100,
11:07:05,18.40,100,
11:07:05,18.40,800,
11:07:05,18.39,500,
11:07:05,18.40,900,
11:07:09,18.40,300,
11:07:11,18.41,1800,
11:07:11,18.3915,3000,
11:07:31,18.41,300,
11:07:34,18.42,500,
11:07:41,18.42,100,
11:07:47,18.42,1600,
11:08:06,18.4199,3500,
11:08:19,18.43,300,
11:08:22,18.43,300,
11:08:24,18.44,10800,
11:08:42,18.44,200,
11:08:42,18.44,100,
11:08:42,18.44,400,
11:08:44,18.448,1700,
11:08:45,18.45,600,
11:08:45,18.4499,832,
11:08:45,18.45,100,
11:08:45,18.45,1000,
11:08:59,18.449,900,
11:09:03,18.45,100,
11:09:13,18.449,687,
11:09:20,18.45,600,
11:09:20,18.44,500,
11:09:22,18.44,108,
11:09:28,18.44,300,
11:09:38,18.441,5000,
11:09:39,18.44,300,
11:09:39,18.43,100,
11:09:39,18.43,100,
11:09:39,18.43,100,
11:09:39,18.43,100,
11:09:39,18.43,100,
11:09:39,18.43,100,
11:09:39,18.43,100,
11:09:39,18.43,100,
11:09:39,18.43,100,
11:09:39,18.43,100,
11:09:43,18.4326,100,
11:09:43,18.4325,100,
11:09:53,18.43,100,
11:09:53,18.43,200,
11:10:02,18.43,300,
11:10:04,18.44,100,
11:10:04,18.44,300,
11:10:14,18.456,350,
11:10:20,18.44,100,
11:10:34,18.4499,100,
11:10:36,18.449,100,
11:10:36,18.45,100,
11:10:36,18.45,300,
11:10:36,18.45,400,
11:10:38,18.449,200,
11:10:39,18.45,100,
11:10:39,18.45,100,
11:10:40,18.45,500,
11:10:40,18.4592,200,
11:10:40,18.46,100,
11:10:42,18.449,500,
11:10:43,18.48,400,
11:10:44,18.49,800,
11:10:44,18.479,400,
11:10:45,18.48,700,
11:10:55,18.46,100,
11:10:57,18.47,100,
11:10:59,18.47,100,
11:11:00,18.47,100,
11:11:00,18.48,100,
11:11:00,18.48,200,
11:11:00,18.48,1100,
11:11:00,18.48,1000,
11:11:04,18.47,1700,
11:11:08,18.47,200,
11:11:11,18.48,200,
11:11:11,18.48,100,
11:11:11,18.48,100,
11:11:11,18.48,200,
11:11:11,18.48,100,
11:11:11,18.48,100,
11:11:11,18.4707,200,
11:11:11,18.4706,100,
11:11:11,18.4706,700,
11:11:11,18.4704,400,
11:11:11,18.47,2000,
11:11:11,18.47,400,
11:11:11,18.47,100,
11:11:11,18.47,800,
11:11:17,18.471,5250,
11:11:18,18.48,100,
11:11:18,18.48,100,
11:11:18,18.48,1000,
11:11:18,18.48,100,
11:11:21,18.48,100,
11:11:21,18.48,100,
11:11:25,18.47,600,
11:11:28,18.47,300,
11:11:30,18.48,100,
11:11:30,18.4799,200,
11:11:38,18.48,400,
11:11:39,18.47,492,
11:11:48,18.46,500,
11:11:57,18.46,400,
11:11:57,18.46,424,
11:12:00,18.47,1000,
11:12:09,18.46,400,
11:12:16,18.47,237,
11:12:26,18.47,100,
11:12:29,18.47,300,
11:12:30,18.48,2000,
11:12:37,18.46,100,
11:12:47,18.457,600,
11:12:55,18.44,100,
11:13:14,18.449,200,
11:13:24,18.42,917,
11:13:24,18.42,283,
11:13:24,18.42,300,
11:13:24,18.42,300,
11:13:24,18.42,100,
11:13:24,18.42,300,
11:13:24,18.42,300,
11:13:24,18.42,100,
11:13:24,18.42,1500,
11:13:24,18.42,900,
11:13:24,18.42,100,
11:13:24,18.42,200,
11:13:24,18.42,144,
11:13:24,18.42,100,
11:13:24,18.42,100,
11:13:24,18.42,100,
11:13:24,18.41,100,
11:13:24,18.41,700,
11:13:26,18.41,100,
11:13:26,18.42,300,
11:13:27,18.42,100,
11:13:27,18.42,300,
11:13:27,18.42,1800,
11:13:27,18.42,600,
11:13:27,18.43,100,
11:13:32,18.421,500,
11:13:38,18.4271,200,
11:13:41,18.42,200,
11:13:55,18.42,500,
11:13:55,18.42,700,
11:13:55,18.43,400,
11:13:55,18.43,100,
11:13:57,18.44,100,
11:14:14,18.45,300,
11:14:34,18.45,300,
11:14:38,18.45,100,
11:14:42,18.46,3400,
11:14:49,18.46,283,
11:15:13,18.44,767,
11:15:13,18.45,800,
11:15:15,18.43,4500,
11:15:30,18.45,300,
11:15:42,18.44,230,
11:16:05,18.44,1500,
11:16:15,18.433,900,
11:16:18,18.434,350,
11:16:21,18.43,100,
11:16:35,18.43,200,
11:16:36,18.43,300,
11:16:36,18.43,300,
11:16:38,18.4399,400,
11:17:09,18.44,300,
11:17:17,18.43,300,
11:17:18,18.43,300,
11:17:33,18.432,285,
11:17:45,18.4229,400,
11:17:49,18.4101,330,
11:17:50,18.41,1000,
11:17:50,18.41,800,
11:17:50,18.41,100,
11:17:50,18.41,300,
11:17:50,18.41,400,
11:17:52,18.41,200,
11:17:52,18.41,100,
11:17:52,18.41,3000,
11:17:52,18.41,800,
11:17:52,18.41,300,
11:17:52,18.42,300,
11:17:54,18.402,500,
11:17:57,18.411,2700,
11:18:06,18.421,500,
11:18:07,18.4386,400,
11:18:07,18.4388,100,
11:18:07,18.4392,100,
11:18:08,18.4394,5500,
11:18:24,18.42,800,
11:18:25,18.42,181,
11:18:26,18.42,300,
11:18:27,18.42,100,
11:18:27,18.42,100,
11:18:27,18.42,100,
11:18:29,18.4229,450,
11:18:40,18.41,300,
11:18:41,18.4195,1750,
11:18:49,18.4101,150,
11:18:50,18.42,300,
11:18:56,18.4101,4000,
11:18:58,18.42,300,
11:19:02,18.42,100,
11:19:02,18.42,700,
11:19:02,18.42,100,
11:19:02,18.42,300,
11:19:02,18.42,600,
11:19:02,18.42,300,
11:19:02,18.4199,100,
11:19:02,18.4199,300,
11:19:02,18.4199,600,
11:19:02,18.4199,300,
11:19:02,18.4199,100,
11:19:02,18.4199,300,
11:19:06,18.411,300,
11:19:06,18.41,300,
11:19:12,18.41,500,
11:19:15,18.41,300,
11:19:21,18.403,900,
11:19:24,18.419,200,
11:19:31,18.41,300,
11:19:32,18.4001,980,
11:19:35,18.40,150,
11:19:36,18.40,300,
11:19:38,18.401,500,
11:19:47,18.42,100,
11:19:56,18.4029,200,
11:19:58,18.41,300,
11:19:59,18.42,100,
11:20:13,18.43,100,
11:20:14,18.43,200,
11:20:19,18.43,300,
11:20:24,18.429,450,
11:20:33,18.4299,1800,
11:20:35,18.4285,100,
11:20:42,18.417,1000,
11:20:48,18.4105,1000,
11:20:53,18.4146,200,
11:20:53,18.4146,100,
11:21:01,18.41,300,
11:21:13,18.42,400,
11:21:15,18.41,200,
11:21:19,18.41,200,
11:21:20,18.40,1500,
11:21:21,18.40,18000,
11:21:23,18.39,900,
11:21:23,18.3901,400,
11:21:28,18.41,300,
11:21:29,18.40,100,
11:21:29,18.40,100,
11:21:30,18.40,100,
11:21:37,18.4099,600,
11:21:50,18.41,100,
11:21:50,18.41,550,
11:21:52,18.42,200,
11:21:52,18.42,400,
11:21:54,18.41,300,
11:21:58,18.42,300,
11:22:00,18.43,1800,
11:22:04,18.44,100,
11:22:05,18.43,300,
11:22:18,18.42,500,
11:22:25,18.4262,500,
11:22:26,18.4299,1000,
11:22:30,18.429,100,
11:22:31,18.43,100,
11:22:33,18.4289,700,
11:22:33,18.4285,7500,
11:22:39,18.42,300,
11:22:39,18.42,300,
11:22:41,18.4271,175,
11:22:44,18.42,100,
11:22:48,18.43,300,
11:22:51,18.421,450,
11:23:03,18.429,3000,
11:23:16,18.429,2500,
11:23:20,18.4399,500,
11:23:22,18.4385,100,
11:23:24,18.4385,100,
11:23:30,18.44,130,
11:23:39,18.448,1000,
11:23:49,18.44,1800,
11:23:51,18.442,200,
11:23:54,18.45,1700,
11:23:55,18.4485,100,
11:23:57,18.4485,100,
11:24:00,18.4305,700,
11:24:02,18.45,600,
11:24:03,18.44,300,
11:24:11,18.4293,200,
11:24:14,18.43,300,
11:24:14,18.43,400,
11:24:14,18.43,300,
11:24:14,18.43,100,
11:24:14,18.43,300,
11:24:16,18.428,500,
11:24:57,18.4272,150,
11:25:04,18.42,320,
11:25:08,18.41,100,
11:25:08,18.4099,2000,
11:25:14,18.41,100,
11:25:16,18.41,100,
11:25:20,18.40,500,
11:25:27,18.40,500,
11:25:40,18.38,300,
11:25:45,18.38,300,
11:25:45,18.38,300,
11:25:45,18.37,400,
11:25:45,18.37,400,
11:25:49,18.38,3000,
11:25:49,18.38,300,
11:25:52,18.381,500,
11:25:52,18.37,1000,
11:25:52,18.38,200,
11:25:52,18.38,1083,
11:25:52,18.38,1200,
11:25:52,18.38,300,
11:25:52,18.38,100,
11:25:53,18.3801,200,
11:25:59,18.3801,6000,
11:26:01,18.38,800,
11:26:07,18.3785,7500,
11:26:09,18.373,500,
11:26:09,18.3835,1000,
11:26:14,18.39,100,
11:26:15,18.39,1000,
11:26:17,18.391,200,
11:26:26,18.39,400,
11:26:28,18.383,1500,
11:26:31,18.391,100,
11:26:34,18.39,300,
11:26:37,18.382,300,
11:26:51,18.38,200,
11:26:55,18.38,1300,
11:26:55,18.38,600,
11:26:55,18.38,100,
11:26:58,18.3805,1500,
11:27:22,18.38,100,
11:27:27,18.38,800,
11:27:30,18.3725,2600,
11:27:30,18.371,4000,
11:27:30,18.3715,100,
11:27:30,18.3715,100,
11:27:34,18.37,100,
11:27:34,18.37,800,
11:27:34,18.37,1292,
11:27:34,18.37,18400,
11:27:34,18.37,800,
11:27:34,18.37,300,
11:27:34,18.37,300,
11:27:34,18.37,1600,
11:27:34,18.37,200,
11:27:34,18.37,300,
11:27:34,18.37,500,
11:27:34,18.37,300,
11:27:34,18.36,300,
11:27:34,18.36,300,
11:27:34,18.36,300,
11:27:34,18.36,500,
11:27:34,18.36,306,
11:27:34,18.36,300,
11:27:34,18.36,100,
11:27:34,18.36,1394,
11:27:35,18.35,500,
11:27:35,18.35,5000,
11:27:35,18.3505,600,
11:27:36,18.351,426,
11:27:37,18.351,250,
11:27:38,18.36,200,
11:27:40,18.3502,4000,
11:27:40,18.35,500,
11:27:40,18.35,1000,
11:27:40,18.35,300,
11:27:40,18.35,100,
11:27:40,18.35,200,
11:27:40,18.35,100,
11:27:44,18.36,1500,
11:27:44,18.36,200,
11:27:44,18.36,700,
11:27:44,18.36,1000,
11:27:44,18.36,300,
11:27:44,18.36,1800,
11:27:52,18.351,600,
11:27:54,18.357,500,
11:27:56,18.36,300,
11:27:56,18.36,300,
11:27:57,18.37,400,
11:27:59,18.3699,9000,
11:28:02,18.3601,500,
11:28:11,18.35,200,
11:28:12,18.35,200,
11:28:12,18.35,100,
11:28:15,18.3575,3000,
11:28:17,18.3585,100,
11:28:21,18.35,400,
11:28:21,18.35,100,
11:28:22,18.35,500,
11:28:22,18.35,400,
11:28:24,18.3501,120,
11:28:29,18.35,1000,
11:28:32,18.36,300,
11:28:33,18.36,200,
11:28:34,18.351,200,
11:28:35,18.3502,1000,
11:28:36,18.36,1900,
11:28:40,18.3599,2000,
11:28:44,18.35,400,
11:28:44,18.35,300,
11:28:46,18.35,200,
11:28:46,18.35,400,
11:28:48,18.35,380,
11:28:53,18.36,300,
11:28:53,18.36,400,
11:29:06,18.3502,140,
11:29:39,18.3502,109,
11:29:47,18.35,400,
11:29:49,18.34,500,
11:29:51,18.34,400,
11:29:58,18.339,500,
11:29:58,18.33,1000,
11:31:01,18.263,1000,
11:31:01,18.26,500,
11:31:02,18.26,500,
11:31:02,18.26,100,
11:31:02,18.26,200,
11:31:02,18.26,200,
11:31:02,18.2601,1200,
11:31:02,18.2629,450,
11:31:03,18.26,300,
11:31:06,18.26,100,
11:31:06,18.26,100,
11:31:06,18.26,400,
11:31:09,18.26,500,
11:31:09,18.26,500,
11:31:09,18.27,203,
11:31:09,18.27,225,
11:31:09,18.27,294,
11:31:09,18.27,100,
11:31:09,18.27,400,
11:31:11,18.27,100,
11:31:11,18.27,100,
11:31:11,18.27,168,
11:31:12,18.28,100,
11:31:12,18.28,300,
11:31:13,18.27,200,
11:31:13,18.271,2000,
11:31:13,18.27,100,
11:31:13,18.27,400,
11:31:15,18.27,100,
11:31:17,18.27,300,
11:31:17,18.27,300,
11:31:17,18.27,800,
11:31:17,18.27,200,
11:31:17,18.27,100,
11:31:17,18.27,200,
11:31:20,18.27,200,
11:31:20,18.27,500,
11:31:20,18.27,700,
11:31:20,18.27,400,
11:31:20,18.27,2000,
11:31:20,18.27,400,
11:31:20,18.2701,1500,
11:31:20,18.27,200,
11:31:20,18.2732,800,
11:31:22,18.27,800,
11:31:24,18.28,228,
11:31:24,18.28,500,
11:31:25,18.28,100,
11:31:25,18.28,20000,
11:31:29,18.2799,1000,
11:31:31,18.272,1000,
11:31:31,18.277,1200,
11:31:33,18.27,200,
11:31:33,18.27,200,
11:31:37,18.271,100,
11:31:38,18.27,800,
11:31:39,18.2701,2000,
11:31:40,18.27,400,
11:31:46,18.278,1000,
11:31:49,18.2795,1000,
11:31:53,18.2785,5000,
11:31:55,18.2701,150,
11:31:58,18.28,1800,
11:32:04,18.2702,600,
11:32:05,18.275,500,
11:32:06,18.2785,100,
11:32:07,18.28,100,
11:32:07,18.279,100,
11:32:10,18.2746,107,
11:32:14,18.28,9300,
11:32:20,18.2799,1000,
11:32:22,18.27,883,
11:32:25,18.28,2000,
11:32:25,18.28,3550,
11:32:25,18.279,1450,
11:32:27,18.28,800,
11:32:29,18.29,290,
11:32:29,18.29,300,
11:32:29,18.29,3000,
11:32:31,18.30,3000,
11:32:31,18.29,2000,
11:32:34,18.2999,1000,
11:32:38,18.30,100,
11:32:38,18.30,100,
11:32:38,18.30,1000,
11:32:38,18.30,700,
11:32:38,18.29,300,
11:32:38,18.29,800,
11:32:38,18.29,100,
11:32:39,18.30,300,
11:32:42,18.28,100,
11:32:42,18.2893,200,
11:32:49,18.29,2000,
11:32:54,18.281,500,
11:32:55,18.29,100,
11:32:55,18.29,100,
11:32:55,18.29,100,
11:33:01,18.29,700,
11:33:01,18.30,500,
11:33:04,18.289,1940,
11:33:13,18.2815,2000,
11:33:19,18.29,300,
11:33:23,18.29,100,
11:33:34,18.28,100,
11:33:44,18.28,400,
11:33:44,18.28,600,
11:33:44,18.28,600,
11:33:45,18.28,100,
11:33:45,18.27,200,
11:33:45,18.28,500,
11:33:51,18.2702,2000,
11:33:55,18.2702,100,
11:33:55,18.27,300,
11:33:56,18.2707,274,
11:33:59,18.27,1000,
11:33:59,18.27,900,
11:33:59,18.27,1000,
11:34:02,18.26,100,
11:34:02,18.26,200,
11:34:02,18.26,100,
11:34:02,18.26,100,
11:34:02,18.26,444,
11:34:02,18.26,300,
11:34:02,18.26,300,
11:34:02,18.26,200,
11:34:02,18.25,200,
11:34:02,18.25,592,
11:34:03,18.26,172,
11:34:03,18.26,300,
11:34:03,18.26,200,
11:34:04,18.26,500,
11:34:04,18.25,1000,
11:34:04,18.25,100,
11:34:07,18.26,128,
11:34:07,18.26,300,
11:34:10,18.261,1000,
11:34:17,18.25,300,
11:34:17,18.25,300,
11:34:17,18.25,455,
11:34:17,18.25,105,
11:34:17,18.2407,160,
11:34:19,18.24,212,
11:34:20,18.26,500,
11:34:21,18.26,200,
11:34:21,18.26,700,
11:34:21,18.26,800,
11:34:21,18.26,500,
11:34:22,18.26,300,
11:34:22,18.26,700,
11:34:22,18.26,500,
11:34:25,18.27,300,
11:34:25,18.27,300,
11:34:25,18.27,300,
11:34:28,18.274,300,
11:34:31,18.2799,9000,
11:34:38,18.28,200,
11:34:38,18.28,500,
11:34:51,18.28,300,
11:34:51,18.28,400,
11:35:01,18.2799,4000,
11:35:03,18.278,1000,
11:35:06,18.28,528,
11:35:06,18.28,356,
11:35:07,18.27,100,
11:35:08,18.26,300,
11:35:10,18.27,300,
11:35:10,18.27,300,
11:35:12,18.27,200,
11:35:12,18.27,100,
11:35:12,18.27,100,
11:35:12,18.27,100,
11:35:12,18.27,600,
11:35:13,18.28,1000,
11:35:24,18.26,100,
11:35:31,18.26,100,
11:35:31,18.26,224,
11:35:33,18.26,300,
11:35:33,18.27,100,
11:35:33,18.27,100,
11:35:35,18.262,1000,
11:35:36,18.27,200,
11:35:37,18.28,100,
11:35:39,18.27,300,
11:35:48,18.27,100,
11:35:48,18.27,100,
11:35:50,18.28,631,
11:36:02,18.29,100,
11:36:02,18.29,300,
11:36:02,18.29,244,
11:36:02,18.29,200,
11:36:02,18.29,100,
11:36:02,18.29,300,
11:36:04,18.28,400,
11:36:10,18.28,300,
11:36:10,18.289,3000,
11:36:12,18.28,300,
11:36:12,18.278,500,
