09:30:00,14.68,600,
09:30:00,14.67,700,
09:30:00,14.68,300,
09:30:00,14.69,200,
09:30:00,14.69,400,
09:30:00,14.69,300,
09:30:00,14.69,1700,
09:30:02,14.69,1500,
09:30:03,14.69,901,
09:30:03,14.69,100,
09:30:03,14.69,200,
09:30:03,14.69,999,
09:30:03,14.69,1582,
09:30:03,14.69,1300,
09:30:03,14.69,1100,
09:30:03,14.69,600,
09:30:03,14.69,1883,
09:30:03,14.69,200,
09:30:03,14.69,400,
09:30:03,14.69,800,
09:30:03,14.68,600,
09:30:03,14.68,2400,
09:30:03,14.68,1300,
09:30:03,14.68,100,
09:30:03,14.68,1500,
09:30:05,14.68,117,
09:30:05,14.68,792,
09:30:07,14.681,300,
09:30:08,14.69,4500,
09:30:10,14.6899,400,
09:30:12,14.69,2000,
09:30:17,14.6899,100,
09:30:21,14.69,100,
09:30:23,14.681,200,
09:30:24,14.69,383,
09:30:24,14.69,1383,
09:30:24,14.69,500,
09:30:24,14.69,400,
09:30:24,14.68,600,
09:30:26,14.69,1000,
09:30:29,14.69,100,
09:30:30,14.68,500,
09:30:30,14.69,300,
09:30:31,14.6999,1000,
09:30:33,14.6899,500,
09:30:34,14.69,10000,
09:30:35,14.698,555,
09:30:35,14.68,200,
09:30:35,14.68,100,
09:30:36,14.68,900,
09:30:36,14.68,10000,
09:30:36,14.679,300,
09:30:37,14.67,400,
09:30:37,14.67,400,
09:30:37,14.67,2200,
09:30:37,14.68,500,
09:30:37,14.687,250,
09:30:38,14.6887,3600,
09:30:38,14.688,400,
09:30:39,14.67,400,
09:30:39,14.67,400,
09:30:39,14.67,200,
09:30:39,14.67,200,
09:30:40,14.6683,1000,
09:30:41,14.67,1000,
09:30:41,14.66,1500,
09:30:45,14.66,1700,
09:30:45,14.66,300,
09:30:45,14.66,100,
09:30:45,14.66,100,
09:30:47,14.66,600,
09:30:47,14.6699,3200,
09:30:47,14.66,500,
09:30:47,14.66,300,
09:30:47,14.66,200,
09:30:47,14.66,500,
09:30:49,14.651,2000,
09:30:50,14.65,300,
09:30:51,14.651,2000,
09:30:53,14.6599,700,
09:30:56,14.6599,1100,
09:30:58,14.6599,1000,
09:31:00,14.65,1500,
09:31:04,14.6501,500,
09:31:05,14.65,100,
09:31:07,14.6587,400,
09:31:09,14.651,2000,
09:31:10,14.65,100,
09:31:10,14.65,100,
09:31:10,14.65,400,
09:31:10,14.65,500,
09:31:11,14.65,3663,
09:31:11,14.65,2300,
09:31:12,14.64,400,
09:31:12,14.641,400,
09:31:13,14.6499,1000,
09:31:14,14.66,300,
09:31:14,14.67,1000,
09:31:16,14.6899,200,
09:31:18,14.68,1000,
09:31:20,14.6899,2850,
09:31:22,14.6883,1361,
09:31:23,14.67,200,
09:31:23,14.68,100,
09:31:23,14.67,700,
09:31:23,14.67,200,
09:31:23,14.67,100,
09:31:23,14.67,2400,
09:31:23,14.67,100,
09:31:23,14.67,300,
09:31:23,14.67,100,
09:31:23,14.67,800,
09:31:23,14.67,100,
09:31:23,14.67,300,
09:31:23,14.67,200,
09:31:23,14.67,200,
09:31:24,14.6699,100,
09:31:30,14.66,100,
09:31:31,14.67,1200,
09:31:31,14.67,1200,
09:31:34,14.6699,300,
09:31:35,14.6678,1000,
09:31:37,14.668,400,
09:31:39,14.67,1800,
09:31:40,14.668,800,
09:31:41,14.67,100,
09:31:42,14.66,200,
09:31:42,14.6601,170,
09:31:44,14.6613,700,
09:31:46,14.67,10000,
09:31:49,14.6701,395,
09:31:51,14.68,1100,
09:31:51,14.6799,400,
09:31:55,14.68,1000,
09:31:55,14.68,100,
09:31:55,14.68,160,
09:31:56,14.68,100,
09:31:57,14.68,2000,
09:32:01,14.689,500,
09:32:07,14.688,1000,
09:32:09,14.68,1200,
09:32:09,14.688,300,
09:32:11,14.68,2200,
09:32:12,14.6899,3600,
09:32:13,14.69,1130,
09:32:15,14.69,270,
09:32:15,14.698,500,
09:32:17,14.70,100,
09:32:17,14.6999,100,
09:32:17,14.6957,100,
09:32:17,14.70,2200,
09:32:22,14.7075,3000,
09:32:22,14.7001,1000,
09:32:24,14.70,100,
09:32:24,14.70,100,
09:32:24,14.6999,600,
09:32:25,14.708,1000,
09:32:25,14.699,4100,
09:32:25,14.699,4100,
09:32:26,14.691,1000,
09:32:27,14.699,100,
09:32:27,14.70,3092,
09:32:28,14.6999,100,
09:32:28,14.6919,100,
09:32:28,14.6987,100,
09:32:31,14.69,1200,
09:32:31,14.689,200,
09:32:31,14.689,200,
09:32:33,14.6899,1300,
09:32:33,14.69,1100,
09:32:33,14.6865,1100,
09:32:35,14.689,300,
09:32:35,14.689,350,
09:32:35,14.681,500,
09:32:36,14.689,200,
09:32:42,14.68,100,
09:32:42,14.68,100,
09:32:50,14.69,30000,
09:32:50,14.681,200,
09:32:52,14.68,2053,
09:32:52,14.68,100,
09:32:54,14.68,200,
09:32:54,14.68,200,
09:32:57,14.689,300,
09:32:58,14.69,400,
09:33:01,14.681,5000,
09:33:02,14.69,900,
09:33:03,14.699,100,
09:33:07,14.6901,645,
09:33:09,14.70,100,
09:33:09,14.70,100,
09:33:11,14.709,100,
09:33:14,14.7099,1100,
09:33:14,14.71,1100,
09:33:15,14.71,2200,
09:33:15,14.71,200,
09:33:15,14.71,1700,
09:33:15,14.71,1200,
09:33:15,14.71,600,
09:33:15,14.71,200,
09:33:15,14.71,200,
09:33:15,14.71,500,
09:33:15,14.701,1400,
09:33:15,14.71,100,
09:33:15,14.71,600,
09:33:15,14.7074,600,
09:33:15,14.70,100,
09:33:15,14.70,100,
09:33:15,14.7087,100,
09:33:16,14.71,600,
09:33:16,14.71,400,
09:33:16,14.71,1600,
09:33:17,14.719,200,
09:33:18,14.71,900,
09:33:18,14.71,300,
09:33:18,14.71,1400,
09:33:18,14.7084,250,
09:33:19,14.719,265,
09:33:21,14.709,500,
09:33:24,14.70,200,
09:33:24,14.70,600,
09:33:25,14.71,100,
09:33:25,14.71,259,
09:33:26,14.72,200,
09:33:28,14.72,1000,
09:33:28,14.72,500,
09:33:28,14.72,2000,
09:33:29,14.719,400,
09:33:32,14.7199,1300,
09:33:32,14.7199,1900,
09:33:32,14.7159,600,
09:33:33,14.7199,800,
09:33:33,14.7199,2700,
09:33:33,14.7199,500,
09:33:34,14.72,100,
09:33:34,14.7174,200,
09:33:34,14.711,200,
09:33:38,14.72,600,
09:33:38,14.72,600,
09:33:40,14.72,137,
09:33:42,14.71,100,
09:33:42,14.72,600,
09:33:42,14.72,200,
09:33:42,14.7199,600,
09:33:42,14.72,500,
09:33:44,14.71,100,
09:33:44,14.7199,100,
09:33:44,14.7199,100,
09:33:44,14.711,500,
09:33:50,14.7184,300,
09:33:50,14.7199,600,
09:33:50,14.72,200,
09:33:52,14.719,1000,
09:33:54,14.711,2000,
09:33:55,14.71,2000,
09:33:56,14.7179,300,
09:33:56,14.72,300,
09:33:56,14.7199,2000,
09:33:58,14.71,300,
09:33:58,14.71,1900,
09:33:58,14.71,1200,
09:34:01,14.701,100,
09:34:01,14.70,200,
09:34:02,14.70,600,
09:34:02,14.70,1300,
09:34:02,14.70,2400,
09:34:03,14.70,400,
09:34:03,14.70,900,
09:34:03,14.70,2200,
09:34:03,14.70,1600,
09:34:03,14.71,400,
09:34:03,14.71,900,
09:34:03,14.71,100,
09:34:03,14.71,1200,
09:34:03,14.71,600,
09:34:03,14.71,500,
09:34:03,14.71,1000,
09:34:03,14.71,600,
09:34:03,14.71,200,
09:34:03,14.71,2000,
09:34:03,14.71,200,
09:34:03,14.71,400,
09:34:03,14.71,100,
09:34:03,14.71,1200,
09:34:04,14.72,20300,
09:34:04,14.709,1000,
09:34:06,14.70,400,
09:34:07,14.719,500,
09:34:12,14.70,300,
09:34:12,14.70,500,
09:34:12,14.70,200,
09:34:13,14.70,400,
09:34:13,14.70,200,
09:34:13,14.70,300,
09:34:16,14.709,2000,
09:34:19,14.69,200,
09:34:19,14.70,100,
09:34:19,14.69,200,
09:34:19,14.69,100,
09:34:20,14.70,2000,
09:34:20,14.70,300,
09:34:20,14.70,100,
09:34:21,14.6999,146,
09:34:21,14.69,100,
09:34:24,14.6901,1500,
09:34:31,14.70,100,
09:34:34,14.701,2000,
09:34:35,14.70,100,
09:34:35,14.691,600,
09:34:37,14.69,4500,
09:34:40,14.6901,600,
09:34:42,14.6999,100,
09:34:42,14.6999,300,
09:34:43,14.693,119,
09:34:43,14.6999,600,
09:34:43,14.70,400,
09:34:43,14.6963,400,
09:34:46,14.691,1300,
09:34:47,14.70,600,
09:34:47,14.6999,600,
09:34:47,14.6999,3000,
09:34:47,14.691,4000,
09:34:49,14.69,100,
09:34:49,14.69,900,
09:34:52,14.70,1500,
09:34:52,14.70,600,
09:35:01,14.691,500,
09:35:10,14.681,250,
09:35:13,14.687,340,
09:35:18,14.6813,1000,
09:35:20,14.69,200,
09:35:20,14.70,200,
09:35:22,14.70,800,
09:35:23,14.70,400,
09:35:23,14.70,1200,
09:35:31,14.7099,314,
09:35:31,14.7099,400,
09:35:31,14.7048,100,
09:35:32,14.7013,1400,
09:35:33,14.71,200,
09:35:34,14.719,740,
09:35:35,14.711,400,
09:35:35,14.7113,500,
09:35:36,14.719,5900,
09:35:36,14.719,5900,
09:35:36,14.72,1300,
09:35:37,14.72,300,
09:35:38,14.72,100,
09:35:41,14.72,300,
09:35:41,14.72,100,
09:35:41,14.72,1900,
09:35:48,14.7284,1000,
09:35:52,14.74,1700,
09:35:52,14.7385,1700,
09:35:53,14.73,300,
09:35:53,14.73,1200,
09:35:53,14.73,500,
09:35:53,14.73,100,
09:35:53,14.73,2000,
09:35:53,14.73,100,
09:35:54,14.7399,2000,
09:35:54,14.74,1700,
09:35:55,14.74,700,
09:35:55,14.74,300,
09:35:57,14.74,16700,
09:35:57,14.7399,10100,
09:35:57,14.7399,5600,
09:35:57,14.74,2000,
09:35:57,14.74,200,
09:35:57,14.74,351,
09:35:57,14.74,200,
09:35:57,14.74,9500,
09:35:57,14.74,600,
09:35:57,14.74,900,
09:35:57,14.75,2000,
09:35:59,14.739,1500,
09:35:59,14.748,1400,
09:36:00,14.74,2400,
09:36:00,14.74,1200,
09:36:01,14.74,600,
09:36:02,14.74,1200,
09:36:02,14.7499,2000,
09:36:03,14.74,300,
09:36:04,14.74,200,
09:36:06,14.7301,210,
09:36:07,14.73,10000,
09:36:08,14.739,1550,
09:36:12,14.7483,300,
09:36:12,14.75,200,
09:36:15,14.75,1200,
09:36:16,14.7499,400,
09:36:22,14.7499,1000,
09:36:22,14.75,100,
09:36:24,14.74,600,
09:36:24,14.75,400,
09:36:25,14.7401,100,
09:36:28,14.75,3500,
09:36:30,14.74,800,
09:36:30,14.74,100,
09:36:30,14.74,600,
09:36:33,14.74,100,
09:36:37,14.738,900,
09:36:44,14.748,500,
09:36:47,14.75,100,
09:36:47,14.75,100,
09:36:47,14.75,1600,
09:36:49,14.7513,400,
09:36:49,14.75,400,
09:36:49,14.75,900,
09:36:49,14.75,800,
09:36:50,14.76,200,
09:36:50,14.76,200,
09:36:52,14.76,500,
09:36:52,14.76,1800,
09:36:53,14.76,1600,
09:36:53,14.75,2200,
09:36:53,14.75,200,
09:36:53,14.759,1700,
09:36:54,14.7599,1500,
09:36:56,14.759,250,
09:37:01,14.76,500,
09:37:02,14.759,500,
09:37:04,14.759,3000,
09:37:05,14.7525,3000,
09:37:07,14.7501,2000,
09:37:08,14.76,400,
09:37:09,14.74,100,
09:37:09,14.74,100,
09:37:13,14.75,3530,
09:37:16,14.75,2200,
09:37:17,14.75,500,
09:37:20,14.75,1600,
09:37:20,14.75,100,
09:37:20,14.76,200,
09:37:20,14.76,100,
09:37:21,14.75,100,
09:37:22,14.751,1100,
09:37:25,14.75,4000,
09:37:26,14.7588,2000,
09:37:29,14.75,200,
09:37:29,14.75,100,
09:37:29,14.7448,100,
09:37:29,14.75,100,
09:37:31,14.75,1000,
09:37:31,14.75,600,
09:37:31,14.75,300,
09:37:31,14.7485,200,
09:37:31,14.7451,240,
09:37:32,14.749,1783,
09:37:39,14.75,200,
09:37:39,14.7499,100,
09:37:40,14.748,250,
09:37:43,14.7499,500,
09:37:43,14.75,200,
09:37:45,14.75,200,
09:37:45,14.75,200,
09:37:45,14.75,200,
09:37:45,14.75,200,
09:37:45,14.75,200,
09:37:45,14.75,100,
09:37:45,14.75,200,
09:37:47,14.749,200,
09:37:48,14.75,500,
09:37:49,14.74,1000,
09:37:50,14.7401,2000,
09:37:51,14.75,745,
09:37:51,14.75,100,
09:37:55,14.74,100,
09:37:55,14.74,300,
09:37:55,14.73,300,
09:37:56,14.73,900,
09:37:56,14.7399,400,
09:37:56,14.7399,100,
09:38:00,14.7399,200,
09:38:01,14.74,600,
09:38:01,14.74,200,
09:38:01,14.74,2800,
09:38:01,14.7399,3100,
09:38:01,14.74,1700,
09:38:01,14.74,200,
09:38:01,14.74,500,
09:38:01,14.74,600,
09:38:01,14.74,1400,
09:38:01,14.74,600,
09:38:01,14.74,200,
09:38:02,14.74,1000,
09:38:04,14.7399,1000,
09:38:04,14.74,1100,
09:38:05,14.75,100,
09:38:05,14.7499,100,
09:38:07,14.74,747,
09:38:08,14.75,500,
09:38:11,14.749,1500,
09:38:11,14.749,1500,
09:38:14,14.749,3500,
09:38:16,14.7496,300,
09:38:18,14.7499,200,
09:38:21,14.75,200,
09:38:21,14.75,200,
09:38:21,14.74,600,
09:38:23,14.74,100,
09:38:24,14.74,200,
09:38:24,14.73,100,
09:38:24,14.73,100,
09:38:24,14.73,310,
09:38:24,14.73,300,
09:38:24,14.73,210,
09:38:24,14.73,100,
09:38:24,14.73,400,
09:38:24,14.73,500,
09:38:24,14.73,100,
09:38:24,14.73,290,
09:38:24,14.73,310,
09:38:24,14.73,400,
09:38:24,14.735,4000,
09:38:25,14.739,1200,
09:38:25,14.73,300,
09:38:25,14.74,100,
09:38:26,14.75,7600,
09:38:26,14.73,800,
09:38:26,14.75,4400,
09:38:28,14.72,500,
09:38:28,14.7287,1100,
09:38:29,14.72,1600,
09:38:34,14.72,700,
09:38:34,14.72,300,
09:38:34,14.72,200,
09:38:35,14.71,500,
09:38:41,14.7101,1000,
09:38:41,14.72,200,
09:38:44,14.719,3000,
09:38:44,14.72,2600,
09:38:44,14.72,200,
09:38:44,14.72,2000,
09:38:44,14.72,600,
09:38:44,14.72,1600,
09:38:44,14.72,100,
09:38:44,14.72,600,
09:38:44,14.72,500,
09:38:44,14.72,3600,
09:38:45,14.718,400,
09:38:48,14.73,300,
09:38:48,14.73,200,
09:38:48,14.73,200,
09:38:48,14.73,150,
09:38:48,14.7259,200,
09:38:48,14.7285,100,
09:38:50,14.7275,3000,
09:38:52,14.721,3000,
09:38:58,14.73,500,
09:38:58,14.73,1650,
09:38:58,14.73,1900,
09:38:58,14.73,500,
09:38:58,14.73,200,
09:38:59,14.725,200,
09:39:03,14.73,300,
09:39:03,14.73,100,
09:39:03,14.73,200,
09:39:04,14.74,800,
09:39:06,14.74,200,
09:39:07,14.7481,4000,
09:39:07,14.75,1600,
09:39:07,14.74,100,
09:39:08,14.75,500,
09:39:12,14.75,100,
09:39:12,14.7499,100,
09:39:12,14.7499,100,
09:39:12,14.7499,100,
09:39:13,14.74,600,
09:39:17,14.748,1000,
09:39:17,14.73,500,
09:39:17,14.74,300,
09:39:18,14.74,500,
09:39:20,14.74,200,
09:39:20,14.74,300,
09:39:20,14.737,300,
09:39:20,14.74,311,
09:39:20,14.74,1293,
09:39:23,14.749,200,
09:39:23,14.75,200,
09:39:23,14.75,200,
09:39:29,14.742,1400,
09:39:29,14.74,400,
09:39:29,14.74,200,
09:39:29,14.73,400,
09:39:29,14.73,500,
09:39:29,14.748,1800,
09:39:29,14.73,400,
09:39:31,14.74,2000,
09:39:31,14.74,200,
09:39:31,14.74,100,
09:39:31,14.74,2000,
09:39:31,14.7399,2000,
09:39:31,14.739,600,
09:39:32,14.739,300,
09:39:34,14.739,100,
09:39:35,14.74,1400,
09:39:35,14.73,400,
09:39:35,14.7384,100,
09:39:40,14.75,1200,
09:39:46,14.74,1000,
09:39:47,14.7475,2500,
09:39:48,14.75,300,
09:39:50,14.742,500,
09:39:52,14.75,500,
09:39:52,14.75,200,
09:39:53,14.75,200,
09:39:55,14.76,100,
09:39:55,14.759,500,
09:39:59,14.76,500,
09:39:59,14.758,1400,
09:39:59,14.76,600,
09:40:00,14.75,100,
09:40:00,14.75,2800,
09:40:02,14.759,600,
09:40:04,14.7601,200,
09:40:04,14.77,400,
09:40:04,14.77,1100,
09:40:05,14.77,100,
09:40:07,14.77,100,
09:40:08,14.77,200,
09:40:09,14.76,500,
09:40:09,14.76,100,
09:40:11,14.76,700,
09:40:11,14.77,300,
09:40:13,14.76,200,
09:40:13,14.75,1000,
09:40:13,14.76,600,
09:40:13,14.75,500,
09:40:14,14.768,1000,
09:40:17,14.753,200,
09:40:19,14.76,2100,
09:40:19,14.76,2200,
09:40:19,14.76,747,
09:40:19,14.7675,1800,
09:40:21,14.77,100,
09:40:21,14.77,100,
09:40:21,14.77,200,
09:40:21,14.77,800,
09:40:21,14.77,200,
09:40:21,14.77,1864,
09:40:21,14.752,2200,
09:40:21,14.77,400,
09:40:21,14.77,100,
09:40:22,14.77,100,
09:40:23,14.7684,300,
09:40:26,14.77,100,
09:40:26,14.77,1400,
09:40:26,14.7799,1000,
09:40:27,14.77,1000,
09:40:29,14.779,1200,
09:40:29,14.7787,500,
09:40:30,14.77,1000,
09:40:30,14.77,200,
09:40:30,14.77,1000,
09:40:30,14.77,2400,
09:40:30,14.767,100,
09:40:31,14.7701,200,
09:40:35,14.78,700,
09:40:35,14.78,500,
09:40:37,14.779,1000,
09:40:38,14.772,1550,
09:40:39,14.78,200,
09:40:41,14.78,2500,
09:40:41,14.778,500,
09:40:43,14.78,1041,
09:40:46,14.78,100,
09:40:46,14.78,200,
09:40:46,14.78,200,
09:40:46,14.779,200,
09:40:47,14.79,300,
09:40:50,14.78,300,
09:40:51,14.78,200,
09:40:51,14.79,200,
09:40:56,14.78,1800,
09:40:59,14.787,250,
09:40:59,14.7885,1700,
09:40:59,14.79,1700,
09:41:02,14.80,200,
09:41:02,14.799,300,
09:41:05,14.798,300,
09:41:08,14.798,500,
09:41:10,14.80,500,
09:41:11,14.799,400,
09:41:11,14.79,500,
09:41:11,14.79,200,
09:41:11,14.79,600,
09:41:11,14.79,100,
09:41:14,14.80,456,
09:41:17,14.799,200,
09:41:17,14.80,275,
09:41:17,14.80,200,
09:41:20,14.80,117,
09:41:20,14.79,1900,
09:41:20,14.79,600,
09:41:20,14.79,179,
09:41:20,14.79,400,
09:41:20,14.79,200,
09:41:20,14.79,700,
09:41:20,14.799,100,
09:41:20,14.79,800,
09:41:20,14.79,240,
09:41:20,14.79,500,
09:41:20,14.79,400,
09:41:20,14.78,500,
09:41:20,14.78,200,
09:41:20,14.78,200,
09:41:20,14.78,600,
09:41:20,14.79,400,
09:41:20,14.78,1500,
09:41:20,14.79,400,
09:41:20,14.78,100,
09:41:20,14.79,100,
09:41:20,14.78,200,
09:41:20,14.79,500,
09:41:20,14.79,400,
09:41:20,14.79,100,
09:41:23,14.799,100,
09:41:23,14.7899,500,
09:41:23,14.79,300,
09:41:25,14.7862,1250,
09:41:25,14.79,100,
09:41:25,14.79,100,
09:41:27,14.78,1500,
09:41:27,14.7899,100,
09:41:27,14.7899,209,
09:41:27,14.7899,291,
09:41:27,14.7899,600,
09:41:28,14.79,200,
09:41:35,14.798,500,
09:41:36,14.79,400,
09:41:36,14.79,200,
09:41:36,14.79,500,
09:41:36,14.79,200,
09:41:37,14.80,300,
09:41:40,14.80,100,
09:41:40,14.80,100,
09:41:41,14.799,100,
09:41:41,14.80,165,
09:41:41,14.81,2907,
09:41:41,14.81,400,
09:41:42,14.8043,4817,
09:41:43,14.81,100,
09:41:43,14.81,400,
09:41:43,14.81,200,
09:41:44,14.82,100,
09:41:44,14.82,500,
09:41:44,14.82,200,
09:41:44,14.8174,100,
09:41:44,14.82,100,
09:41:44,14.8178,100,
09:41:44,14.80,5000,
09:41:45,14.81,500,
09:41:45,14.81,500,
09:41:45,14.81,100,
09:41:45,14.81,100,
09:41:45,14.81,383,
09:41:45,14.81,200,
09:41:46,14.81,1600,
09:41:46,14.81,600,
09:41:46,14.81,200,
09:41:46,14.81,800,
09:41:46,14.81,600,
09:41:46,14.81,500,
09:41:46,14.809,800,
09:41:47,14.809,400,
09:41:47,14.8175,4000,
09:41:47,14.809,2600,
09:41:48,14.81,100,
09:41:48,14.81,100,
09:41:48,14.81,200,
09:41:48,14.81,766,
09:41:48,14.81,200,
09:41:48,14.80,100,
09:41:48,14.81,200,
09:41:48,14.8004,200,
09:41:49,14.809,100,
09:41:53,14.801,1500,
09:41:56,14.8001,1000,
09:41:56,14.8001,2000,
09:41:56,14.809,200,
09:42:02,14.809,100,
09:42:03,14.8076,2000,
09:42:05,14.809,400,
09:42:05,14.81,400,
09:42:05,14.81,200,
09:42:05,14.809,300,
09:42:08,14.81,200,
09:42:08,14.809,200,
09:42:08,14.809,600,
09:42:08,14.8087,150,
09:42:10,14.809,100,
09:42:11,14.80,200,
09:42:11,14.80,100,
09:42:12,14.80,400,
09:42:14,14.8084,500,
09:42:17,14.801,1800,
09:42:17,14.809,3000,
09:42:17,14.80,1800,
09:42:17,14.801,6200,
09:42:20,14.802,1350,
09:42:22,14.8001,3000,
09:42:24,14.80,200,
09:42:24,14.80,400,
09:42:24,14.80,100,
09:42:24,14.80,200,
09:42:24,14.8001,1500,
09:42:26,14.7999,5000,
09:42:28,14.7916,100,
09:42:29,14.7999,1200,
09:42:29,14.80,418,
09:42:29,14.80,800,
09:42:31,14.7999,500,
09:42:32,14.80,540,
09:42:32,14.80,600,
09:42:32,14.7901,1082,
09:42:33,14.7999,200,
09:42:35,14.799,164,
09:42:37,14.799,100,
09:42:37,14.799,500,
09:42:38,14.799,1100,
09:42:39,14.795,100,
09:42:41,14.792,1000,
09:42:41,14.80,200,
09:42:41,14.80,100,
09:42:44,14.799,200,
09:42:44,14.799,200,
09:42:45,14.792,600,
09:42:49,14.7983,500,
09:42:49,14.79,800,
09:42:51,14.7984,200,
09:42:57,14.7901,200,
09:42:58,14.79,6700,
09:42:58,14.79,6700,
09:43:00,14.79,200,
09:43:00,14.79,600,
09:43:00,14.79,800,
09:43:00,14.79,158,
09:43:00,14.79,1000,
09:43:00,14.79,1200,
09:43:01,14.79,500,
09:43:01,14.79,200,
09:43:01,14.79,600,
09:43:02,14.79,300,
09:43:02,14.79,1700,
09:43:02,14.79,100,
09:43:02,14.79,300,
09:43:02,14.79,500,
09:43:02,14.7814,300,
09:43:04,14.7813,300,
09:43:05,14.78,400,
09:43:05,14.7808,4600,
09:43:09,14.782,1000,
09:43:09,14.79,2000,
09:43:11,14.80,4300,
09:43:13,14.79,400,
09:43:16,14.7999,1300,
09:43:22,14.79,500,
09:43:22,14.79,100,
09:43:22,14.78,400,
09:43:22,14.78,200,
09:43:22,14.78,800,
09:43:27,14.79,600,
09:43:29,14.7899,1000,
09:43:37,14.79,225,
09:43:38,14.782,1800,
09:43:44,14.79,200,
09:43:45,14.781,180,
09:43:51,14.7801,800,
09:43:53,14.788,800,
09:43:55,14.78,100,
09:43:56,14.7799,2000,
09:43:57,14.77,10000,
09:43:59,14.78,600,
09:43:59,14.78,200,
09:44:00,14.78,100,
09:44:01,14.77,2000,
09:44:02,14.78,300,
09:44:02,14.771,4000,
09:44:02,14.78,2500,
09:44:03,14.78,1100,
09:44:03,14.78,200,
09:44:03,14.78,700,
09:44:03,14.78,300,
09:44:04,14.77,1400,
09:44:04,14.77,2500,
09:44:04,14.77,1000,
09:44:05,14.76,800,
09:44:09,14.77,100,
09:44:11,14.77,800,
09:44:11,14.77,100,
09:44:11,14.77,100,
09:44:11,14.77,100,
09:44:11,14.77,1000,
09:44:15,14.7625,3000,
09:44:15,14.76,200,
09:44:18,14.75,200,
09:44:23,14.75,518,
09:44:23,14.75,200,
09:44:28,14.75,100,
09:44:28,14.7384,800,
09:44:32,14.7317,1000,
09:44:33,14.7399,1000,
09:44:38,14.732,500,
09:44:41,14.731,3300,
09:44:42,14.73,5800,
09:44:44,14.7201,1000,
09:44:44,14.7201,300,
09:44:44,14.7201,100,
09:44:44,14.735,500,
09:44:46,14.7201,1500,
09:44:47,14.71,500,
09:44:48,14.7199,600,
09:44:54,14.7199,300,
09:44:57,14.71,8200,
09:44:57,14.711,900,
09:44:58,14.72,100,
09:44:58,14.711,700,
09:44:59,14.7125,600,
09:45:00,14.711,500,
09:45:01,14.711,700,
09:45:03,14.7155,1300,
09:45:03,14.72,100,
09:45:03,14.72,2500,
09:45:03,14.72,200,
09:45:04,14.7284,410,
09:45:05,14.719,1500,
09:45:09,14.72,1300,
09:45:10,14.72,200,
09:45:10,14.72,100,
09:45:15,14.711,200,
09:45:19,14.72,100,
09:45:20,14.7201,300,
09:45:21,14.7299,900,
09:45:23,14.72,1000,
09:45:31,14.7201,300,
09:45:31,14.72,200,
09:45:31,14.7217,1100,
09:45:35,14.721,100,
09:45:36,14.72,200,
09:45:38,14.73,200,
09:45:39,14.7201,500,
09:45:39,14.72,200,
09:45:39,14.7226,100,
09:45:39,14.721,500,
09:45:40,14.7213,100,
09:45:44,14.72,100,
09:45:46,14.72,5000,
09:45:46,14.73,900,
09:45:46,14.73,200,
09:45:46,14.73,2200,
09:45:46,14.73,1200,
09:45:51,14.7385,5000,
09:45:53,14.7301,3500,
09:45:54,14.74,100,
09:45:55,14.7401,2000,
09:45:55,14.7401,100,
09:45:56,14.737,350,
09:46:00,14.75,200,
09:46:00,14.75,1200,
09:46:04,14.75,400,
09:46:09,14.759,4000,
09:46:10,14.76,500,
09:46:10,14.76,200,
09:46:10,14.76,200,
09:46:14,14.761,500,
09:46:15,14.76,3200,
09:46:20,14.77,200,
09:46:21,14.76,100,
09:46:21,14.76,300,
09:46:21,14.76,200,
09:46:22,14.7699,1000,
09:46:23,14.77,500,
09:46:24,14.768,500,
09:46:25,14.77,400,
09:46:26,14.7784,500,
09:46:28,14.78,200,
09:46:30,14.7899,2000,
09:46:32,14.78,200,
09:46:32,14.78,100,
09:46:32,14.7875,3000,
09:46:36,14.77,200,
09:46:40,14.7662,2000,
09:46:41,14.77,2400,
09:46:44,14.779,100,
09:46:46,14.779,500,
09:46:48,14.78,200,
09:46:51,14.782,1000,
09:46:55,14.7899,2000,
09:47:02,14.799,100,
09:47:04,14.7999,5000,
09:47:04,14.80,600,
09:47:06,14.80,100,
09:47:08,14.81,160,
09:47:09,14.8015,5000,
09:47:09,14.80,200,
09:47:09,14.80,1000,
09:47:10,14.7975,300,
09:47:10,14.79,1640,
09:47:10,14.79,100,
09:47:10,14.79,200,
09:47:13,14.79,200,
09:47:17,14.792,100,
09:47:19,14.7884,100,
09:47:23,14.79,24300,
09:47:25,14.799,300,
09:47:27,14.79,400,
09:47:27,14.79,200,
09:47:27,14.79,100,
09:47:28,14.799,100,
09:47:28,14.792,800,
09:47:30,14.7999,1800,
09:47:34,14.7993,300,
09:47:36,14.799,500,
09:47:46,14.79,135,
09:47:59,14.7845,645,
09:48:02,14.79,100,
09:48:03,14.80,100,
09:48:03,14.80,200,
09:48:03,14.80,1600,
09:48:05,14.79,600,
09:48:05,14.79,400,
09:48:06,14.78,1000,
09:48:07,14.78,500,
09:48:07,14.78,200,
09:48:07,14.79,560,
09:48:07,14.79,400,
09:48:08,14.79,100,
09:48:08,14.79,100,
09:48:08,14.79,100,
09:48:09,14.79,2000,
09:48:09,14.79,200,
09:48:09,14.79,200,
09:48:09,14.79,2000,
09:48:09,14.79,500,
09:48:09,14.79,600,
09:48:09,14.79,600,
09:48:09,14.79,500,
09:48:09,14.79,100,
09:48:10,14.7901,300,
09:48:10,14.79,100,
09:48:15,14.79,100,
09:48:15,14.79,100,
09:48:15,14.79,760,
09:48:16,14.78,100,
09:48:18,14.78,8000,
09:48:19,14.7884,1300,
09:48:20,14.7899,300,
09:48:20,14.7899,700,
09:48:22,14.78,495,
09:48:22,14.78,100,
09:48:24,14.79,183,
09:48:24,14.79,1300,
09:48:24,14.80,300,
09:48:25,14.7901,3000,
09:48:25,14.79,800,
09:48:25,14.79,500,
09:48:30,14.79,200,
09:48:37,14.79,500,
09:48:42,14.80,400,
09:48:42,14.80,500,
09:48:44,14.8099,400,
09:48:47,14.80,100,
09:48:47,14.8099,120,
09:48:51,14.80,200,
09:48:51,14.80,300,
09:48:51,14.8001,1000,
09:48:53,14.79,200,
09:48:53,14.79,100,
09:48:54,14.78,3200,
09:48:55,14.78,200,
09:48:55,14.78,700,
09:48:55,14.7801,700,
09:48:57,14.79,500,
09:48:57,14.79,200,
09:48:57,14.7999,1000,
09:49:03,14.7999,600,
09:49:03,14.80,200,
09:49:03,14.792,500,
09:49:06,14.80,1200,
09:49:08,14.7999,300,
09:49:09,14.79,200,
09:49:09,14.7901,100,
09:49:09,14.795,100,
09:49:10,14.80,1000,
09:49:17,14.80,100,
09:49:17,14.7901,1000,
09:49:17,14.7901,700,
09:49:17,14.79,300,
09:49:17,14.7963,300,
09:49:22,14.80,383,
09:49:22,14.80,1000,
09:49:22,14.80,200,
09:49:26,14.81,1000,
09:49:26,14.82,300,
09:49:26,14.82,200,
09:49:26,14.82,600,
09:49:39,14.81,200,
09:49:44,14.81,300,
09:49:44,14.81,600,
09:49:45,14.80,400,
09:49:45,14.80,2400,
09:49:46,14.81,1883,
09:49:51,14.81,1000,
09:49:54,14.8158,300,
09:49:58,14.81,3200,
09:49:58,14.81,900,
09:50:03,14.81,200,
09:50:08,14.8125,2500,
09:50:12,14.82,510,
09:50:13,14.8116,4000,
09:50:15,14.82,600,
09:50:19,14.81,1200,
09:50:19,14.81,200,
09:50:34,14.8025,2000,
09:50:47,14.80,135,
09:50:48,14.81,200,
09:50:48,14.81,1400,
09:50:53,14.81,100,
09:50:53,14.81,100,
09:50:53,14.81,100,
09:50:53,14.81,200,
09:50:53,14.81,200,
09:50:54,14.809,200,
09:51:01,14.81,100,
09:51:05,14.8198,1349,
09:51:12,14.81,300,
09:51:17,14.8199,1000,
09:51:18,14.82,1000,
09:51:22,14.8101,300,
09:51:25,14.8101,300,
09:51:25,14.82,700,
09:51:25,14.82,200,
09:51:27,14.82,100,
09:51:27,14.82,200,
09:51:27,14.83,300,
09:51:30,14.8101,5000,
09:51:36,14.819,5000,
09:51:38,14.81,500,
09:51:39,14.802,842,
09:51:46,14.81,100,
09:51:46,14.81,200,
09:51:46,14.81,800,
09:51:54,14.81,500,
09:51:55,14.811,500,
09:51:58,14.812,550,
09:52:03,14.81,300,
09:52:06,14.8101,1625,
09:52:08,14.8101,4900,
09:52:08,14.81,2000,
09:52:08,14.81,2000,
09:52:08,14.81,400,
09:52:12,14.82,4200,
09:52:15,14.81,100,
09:52:16,14.8101,6000,
09:52:17,14.8116,500,
09:52:22,14.8101,200,
09:52:25,14.81,200,
09:52:31,14.809,535,
09:52:37,14.801,1000,
09:52:40,14.802,1030,
09:52:40,14.80,100,
09:52:46,14.8001,500,
09:52:47,14.80,400,
09:52:49,14.802,300,
09:52:51,14.79,200,
09:52:51,14.7901,300,
09:52:54,14.79,100,
09:52:54,14.80,1300,
09:52:54,14.7901,700,
09:52:54,14.80,100,
09:52:54,14.80,618,
09:52:54,14.80,300,
09:52:54,14.80,200,
09:52:54,14.80,200,
09:52:54,14.80,400,
09:52:55,14.8001,300,
09:52:55,14.8001,1000,
09:52:55,14.80,200,
09:53:00,14.80,100,
09:53:00,14.80,200,
09:53:00,14.80,500,
09:53:00,14.80,400,
09:53:01,14.802,100,
09:53:03,14.7901,500,
09:53:03,14.80,1200,
09:53:03,14.80,300,
09:53:07,14.791,200,
09:53:07,14.7901,2300,
09:53:07,14.79,300,
09:53:07,14.79,208,
09:53:07,14.79,183,
09:53:07,14.79,1400,
09:53:07,14.79,200,
09:53:07,14.79,1500,
09:53:09,14.80,1250,
09:53:09,14.80,200,
09:53:09,14.80,100,
09:53:09,14.80,100,
09:53:10,14.8099,250,
09:53:13,14.8001,200,
09:53:14,14.80,200,
09:53:24,14.8083,400,
09:53:32,14.81,100,
09:53:32,14.81,200,
09:53:32,14.81,200,
09:53:32,14.81,700,
09:53:32,14.81,100,
09:53:32,14.81,600,
09:53:33,14.81,100,
09:53:34,14.82,300,
09:53:34,14.82,100,
09:53:35,14.81,300,
09:53:35,14.81,200,
09:53:35,14.81,200,
09:53:38,14.81,200,
09:53:38,14.81,183,
09:53:38,14.81,200,
09:53:39,14.82,100,
09:53:43,14.81,200,
09:53:43,14.81,200,
09:53:43,14.81,200,
09:53:45,14.81,100,
09:53:45,14.81,200,
09:53:45,14.812,500,
09:53:53,14.81,600,
09:53:53,14.81,200,
09:53:53,14.81,1083,
09:53:53,14.81,200,
09:53:55,14.809,1600,
09:53:57,14.8101,400,
09:53:57,14.8101,100,
09:53:57,14.8101,1200,
09:53:59,14.811,500,
09:54:01,14.8125,900,
09:54:02,14.81,200,
09:54:09,14.80,1200,
09:54:09,14.80,200,
09:54:09,14.80,100,
09:54:16,14.799,800,
09:54:19,14.80,100,
09:54:24,14.7916,1000,
09:54:25,14.79,100,
09:54:28,14.7816,1200,
09:54:29,14.78,300,
09:54:30,14.79,200,
09:54:30,14.79,1520,
09:54:32,14.78,1200,
09:54:34,14.781,1000,
09:54:40,14.78,600,
09:54:40,14.78,100,
09:54:40,14.78,1000,
09:54:40,14.79,1500,
09:54:42,14.78,283,
09:54:42,14.78,300,
09:54:46,14.7801,500,
09:54:46,14.78,100,
09:54:46,14.782,500,
09:54:52,14.79,950,
09:54:52,14.79,150,
09:54:53,14.79,200,
09:54:53,14.79,2200,
09:54:53,14.78,700,
09:54:53,14.77,133,
09:54:53,14.77,100,
09:54:53,14.77,300,
09:54:59,14.7728,600,
09:55:00,14.78,100,
09:55:00,14.78,2300,
09:55:00,14.78,1400,
09:55:01,14.78,100,
09:55:02,14.78,200,
09:55:02,14.77,200,
09:55:02,14.77,100,
09:55:04,14.76,1000,
09:55:04,14.7625,3000,
09:55:07,14.76,600,
09:55:11,14.7601,300,
09:55:11,14.76,100,
09:55:13,14.761,500,
09:55:15,14.76,200,
09:55:15,14.76,200,
09:55:22,14.7616,1000,
09:55:23,14.76,550,
09:55:31,14.75,500,
09:55:32,14.751,100,
09:55:34,14.751,200,
09:55:37,14.7538,100,
09:55:38,14.75,300,
09:55:38,14.741,1700,
09:55:38,14.74,600,
09:55:41,14.75,1883,
09:55:41,14.745,1000,
09:55:44,14.7423,1000,
09:55:45,14.75,200,
09:55:45,14.76,200,
09:55:45,14.76,785,
09:55:46,14.76,200,
09:55:47,14.76,1300,
09:55:47,14.76,130,
09:55:47,14.76,200,
09:55:47,14.77,600,
09:55:47,14.77,200,
09:55:47,14.77,200,
09:55:47,14.77,200,
09:55:47,14.77,100,
09:55:47,14.77,100,
09:55:47,14.77,100,
09:55:47,14.77,100,
09:55:48,14.765,1000,
09:55:49,14.77,1085,
09:55:49,14.78,100,
09:55:49,14.78,100,
09:55:49,14.78,1200,
09:55:49,14.78,100,
09:55:55,14.7799,2000,
09:55:58,14.78,100,
09:55:58,14.78,400,
09:55:58,14.78,100,
09:55:58,14.78,900,
09:55:58,14.78,100,
09:55:58,14.78,300,
09:56:00,14.78,800,
09:56:00,14.78,200,
09:56:00,14.78,200,
09:56:00,14.78,400,
09:56:00,14.79,200,
09:56:00,14.79,100,
09:56:00,14.79,717,
09:56:00,14.79,100,
09:56:10,14.80,500,
09:56:13,14.79,200,
09:56:14,14.7892,1200,
09:56:18,14.78,100,
09:56:23,14.7801,2000,
09:56:28,14.7816,1360,
09:56:30,14.77,200,
09:56:35,14.77,200,
09:56:40,14.779,895,
09:56:55,14.78,300,
09:56:55,14.78,1000,
09:56:59,14.78,100,
09:56:59,14.7801,500,
09:57:01,14.783,100,
09:57:12,14.78,100,
09:57:14,14.78,100,
09:57:16,14.79,300,
09:57:16,14.781,227,
09:57:27,14.78,600,
09:57:27,14.786,100,
09:57:30,14.7799,215,
09:57:37,14.7712,7000,
09:57:43,14.7738,500,
09:57:49,14.771,200,
09:57:49,14.771,300,
09:57:52,14.779,335,
09:58:07,14.7701,300,
09:58:07,14.7701,300,
09:58:09,14.77,200,
09:58:12,14.77,1000,
09:58:17,14.7601,7100,
09:58:25,14.763,100,
09:58:27,14.77,625,
09:58:27,14.77,100,
09:58:31,14.77,200,
09:58:31,14.7701,4575,
09:58:31,14.765,500,
09:58:31,14.761,100,
09:58:31,14.7687,125,
09:58:34,14.765,500,
09:58:38,14.77,100,
09:58:38,14.77,100,
09:58:52,14.79,200,
09:58:52,14.789,200,
09:58:58,14.78,200,
09:58:58,14.77,1517,
09:58:59,14.7754,500,
09:59:04,14.78,765,
09:59:07,14.78,1200,
09:59:07,14.78,1500,
09:59:08,14.7717,400,
09:59:08,14.77,100,
09:59:14,14.7799,100,
09:59:21,14.7716,1000,
09:59:24,14.7783,500,
09:59:27,14.7799,800,
09:59:38,14.7701,200,
09:59:41,14.7716,1000,
09:59:47,14.7699,4673,
09:59:48,14.77,200,
09:59:54,14.78,100,
09:59:54,14.77,1160,
09:59:54,14.77,1300,
09:59:55,14.7801,200,
10:00:04,14.78,1000,
10:00:04,14.78,200,
10:00:04,14.78,100,
10:00:04,14.78,100,
10:00:04,14.78,200,
10:00:05,14.80,100,
10:00:07,14.7999,2000,
10:00:12,14.7901,100,
10:00:12,14.79,400,
10:00:14,14.80,500,
10:00:18,14.80,700,
10:00:18,14.80,400,
10:00:20,14.80,3000,
10:00:21,14.81,200,
10:00:27,14.81,200,
10:00:28,14.81,200,
10:00:28,14.81,400,
10:00:28,14.81,200,
10:00:28,14.82,200,
10:00:28,14.81,900,
10:00:31,14.8138,500,
10:00:32,14.82,217,
10:00:32,14.82,600,
10:00:35,14.81,1000,
10:00:37,14.81,100,
10:00:37,14.81,100,
10:00:39,14.81,100,
10:00:39,14.81,200,
10:00:39,14.80,2300,
10:00:39,14.81,200,
10:00:39,14.81,100,
10:00:40,14.82,500,
10:00:40,14.82,213,
10:00:48,14.81,100,
10:00:48,14.8184,1000,
10:00:52,14.81,100,
10:00:52,14.812,1000,
10:00:55,14.8186,500,
10:00:58,14.811,250,
10:00:59,14.8121,100,
10:00:59,14.81,100,
10:00:59,14.8101,400,
10:00:59,14.8161,200,
10:01:06,14.82,100,
10:01:07,14.818,500,
10:01:08,14.8299,500,
10:01:08,14.8213,100,
10:01:10,14.83,200,
10:01:10,14.84,800,
10:01:12,14.84,100,
10:01:12,14.85,300,
10:01:14,14.85,600,
10:01:14,14.85,400,
10:01:14,14.84,128,
10:01:14,14.84,300,
10:01:14,14.84,100,
10:01:15,14.8399,1400,
10:01:15,14.84,600,
10:01:15,14.84,600,
10:01:17,14.8475,4000,
10:01:17,14.83,200,
10:01:17,14.83,100,
10:01:21,14.83,1000,
10:01:27,14.83,200,
10:01:29,14.8383,1000,
10:01:31,14.84,600,
10:01:35,14.831,400,
10:01:36,14.8317,1600,
10:01:36,14.83,300,
10:01:43,14.8295,5000,
10:01:46,14.82,1000,
10:01:48,14.83,200,
10:01:49,14.84,200,
10:01:54,14.8499,1000,
10:01:55,14.8401,1200,
10:02:01,14.85,100,
10:02:01,14.85,8844,
10:02:02,14.85,100,
10:02:02,14.85,200,
10:02:07,14.8499,1000,
10:02:08,14.8499,200,
10:02:08,14.85,200,
10:02:09,14.8587,650,
10:02:13,14.86,495,
10:02:14,14.86,1000,
10:02:16,14.86,100,
10:02:16,14.86,600,
10:02:16,14.87,8970,
10:02:17,14.87,100,
10:02:18,14.87,125,
10:02:18,14.87,125,
10:02:19,14.8678,1725,
10:02:20,14.8687,1575,
10:02:20,14.8685,5000,
10:02:20,14.8699,2000,
10:02:21,14.87,5380,
10:02:24,14.8699,1000,
10:02:26,14.86,500,
10:02:26,14.86,1575,
10:02:26,14.86,200,
10:02:29,14.85,10300,
10:02:29,14.8599,600,
10:02:29,14.86,200,
10:02:29,14.86,175,
10:02:32,14.86,4300,
10:02:32,14.87,2000,
10:02:32,14.87,100,
10:02:33,14.86,500,
10:02:38,14.8508,5000,
10:02:39,14.85,200,
10:02:39,14.85,7618,
10:02:40,14.85,500,
10:02:41,14.851,500,
10:02:41,14.851,500,
10:02:42,14.83,197,
10:02:42,14.83,200,
10:02:42,14.84,150,
10:02:42,14.84,225,
10:02:42,14.8399,1000,
10:02:44,14.842,700,
10:02:45,14.838,755,
10:02:48,14.8313,1300,
10:02:51,14.83,755,
10:02:57,14.8201,100,
10:02:59,14.819,1000,
10:03:02,14.82,600,
10:03:02,14.82,3200,
10:03:02,14.8187,1483,
10:03:05,14.818,300,
10:03:06,14.82,200,
10:03:06,14.818,325,
10:03:06,14.818,325,
10:03:07,14.8121,1500,
10:03:08,14.82,200,
10:03:08,14.818,1000,
10:03:13,14.8101,500,
10:03:19,14.82,41000,
10:03:23,14.82,500,
10:03:23,14.82,200,
10:03:23,14.8216,1000,
10:03:32,14.829,2000,
10:03:39,14.82,1883,
10:03:40,14.8292,250,
10:03:47,14.81,700,
10:03:47,14.81,500,
10:03:48,14.80,175,
10:03:48,14.80,300,
10:03:50,14.8008,1000,
10:03:50,14.80,200,
10:03:51,14.8098,2500,
10:03:52,14.80,3100,
10:03:52,14.80,500,
10:03:53,14.80,200,
10:03:53,14.80,1200,
10:03:53,14.80,3200,
10:03:53,14.80,4800,
10:03:55,14.79,1000,
10:03:56,14.7901,5000,
10:04:02,14.7925,4000,
10:04:03,14.80,300,
10:04:03,14.80,100,
10:04:06,14.8087,300,
10:04:07,14.80,100,
10:04:07,14.79,200,
10:04:07,14.79,400,
10:04:09,14.7994,1955,
10:04:13,14.78,300,
10:04:15,14.78,100,
10:04:15,14.7891,100,
10:04:16,14.78,100,
10:04:16,14.77,600,
10:04:16,14.77,285,
10:04:17,14.778,500,
10:04:20,14.779,250,
10:04:23,14.7725,2000,
10:04:28,14.78,200,
10:04:31,14.7716,1000,
10:04:31,14.77,200,
10:04:35,14.76,550,
10:04:39,14.76,200,
10:04:39,14.76,100,
10:04:40,14.7601,1000,
10:04:40,14.76,2000,
10:04:40,14.7601,1500,
10:04:41,14.7601,100,
10:04:41,14.7634,200,
10:04:41,14.76,3000,
10:04:44,14.762,500,
10:04:45,14.75,500,
10:04:47,14.75,1000,
10:04:54,14.7505,1200,
10:04:59,14.76,200,
10:04:59,14.76,100,
10:04:59,14.76,100,
10:04:59,14.76,100,
10:04:59,14.76,100,
10:05:01,14.7601,2300,
10:05:01,14.76,600,
10:05:01,14.76,800,
10:05:02,14.75,100,
10:05:02,14.75,100,
10:05:02,14.77,800,
10:05:02,14.77,200,
10:05:02,14.77,600,
10:05:04,14.77,10000,
10:05:08,14.77,200,
10:05:15,14.78,200,
10:05:15,14.78,100,
10:05:18,14.79,300,
10:05:19,14.80,200,
10:05:20,14.81,900,
10:05:20,14.81,515,
10:05:20,14.81,600,
10:05:22,14.82,200,
10:05:22,14.82,100,
10:05:22,14.82,500,
10:05:22,14.82,100,
10:05:24,14.8101,100,
10:05:24,14.81,100,
10:05:24,14.8138,100,
10:05:28,14.81,200,
10:05:29,14.8184,200,
10:05:30,14.81,200,
10:05:31,14.81,100,
10:05:37,14.8099,8000,
10:05:40,14.8062,1000,
10:05:40,14.80,200,
10:05:45,14.79,100,
10:05:48,14.79,200,
10:05:57,14.80,200,
10:05:58,14.81,200,
10:06:00,14.8101,100,
10:06:00,14.81,100,
10:06:00,14.8101,100,
10:06:03,14.81,1000,
10:06:06,14.82,11700,
10:06:07,14.818,3400,
10:06:09,14.818,400,
10:06:18,14.82,350,
10:06:20,14.82,600,
10:06:22,14.81,200,
10:06:22,14.81,3000,
10:06:22,14.81,200,
10:06:28,14.8001,2000,
10:06:38,14.80,500,
10:06:38,14.80,200,
10:06:39,14.79,900,
10:06:39,14.79,1200,
10:06:43,14.78,145,
10:06:44,14.7705,150,
10:07:03,14.7884,500,
10:07:07,14.79,1000,
10:07:08,14.79,200,
10:07:08,14.79,200,
10:07:14,14.7925,2000,
10:07:15,14.7999,2000,
10:07:30,14.80,617,
10:07:30,14.80,200,
10:07:30,14.80,1063,
10:07:32,14.81,200,
10:07:32,14.81,200,
10:07:32,14.81,100,
10:07:32,14.81,300,
10:07:33,14.82,532,
10:07:33,14.82,500,
10:07:33,14.82,200,
10:07:33,14.82,600,
10:07:33,14.82,100,
10:07:33,14.82,100,
10:07:38,14.81,300,
10:07:38,14.81,200,
10:07:38,14.81,100,
10:07:38,14.81,100,
10:07:41,14.80,300,
10:07:41,14.79,728,
10:07:41,14.79,200,
10:07:42,14.80,600,
10:07:42,14.80,1883,
10:07:42,14.80,200,
10:07:42,14.80,300,
10:07:42,14.80,300,
10:07:44,14.81,100,
10:07:44,14.81,100,
10:07:45,14.81,100,
10:07:45,14.81,100,
10:07:45,14.81,200,
10:07:50,14.80,200,
10:07:51,14.81,300,
10:07:51,14.80,200,
10:07:53,14.80,355,
10:08:00,14.81,200,
10:08:03,14.81,200,
10:08:05,14.80,200,
10:08:05,14.80,100,
10:08:05,14.80,400,
10:08:05,14.80,200,
10:08:13,14.8001,1000,
10:08:17,14.8008,3000,
10:08:21,14.808,500,
10:08:26,14.81,200,
10:08:27,14.808,300,
10:08:28,14.82,200,
10:08:36,14.8199,170,
10:08:48,14.82,355,
10:08:48,14.82,2200,
10:08:48,14.82,200,
10:08:58,14.8399,500,
10:09:05,14.8484,1360,
10:09:06,14.85,200,
10:09:06,14.849,200,
10:09:06,14.84,163,
10:09:09,14.83,20000,
10:09:13,14.8401,2353,
10:09:24,14.8401,100,
10:09:27,14.84,100,
10:09:31,14.8384,500,
10:09:39,14.83,200,
10:09:46,14.82,500,
10:09:48,14.818,500,
10:09:51,14.81,200,
10:09:55,14.80,200,
10:09:56,14.80,1200,
10:09:59,14.81,300,
10:10:00,14.81,300,
10:10:02,14.80,55500,
10:10:02,14.80,100,
10:10:02,14.80,583,
10:10:02,14.80,474,
10:10:02,14.80,600,
10:10:06,14.80,283,
10:10:06,14.80,300,
10:10:07,14.79,300,
10:10:07,14.79,2183,
10:10:09,14.7825,2500,
10:10:11,14.80,300,
10:10:12,14.80,200,
10:10:12,14.80,200,
10:10:12,14.80,200,
10:10:13,14.81,300,
10:10:13,14.81,100,
10:10:13,14.81,600,
10:10:13,14.81,300,
10:10:15,14.80,300,
10:10:15,14.81,200,
10:10:15,14.81,200,
10:10:31,14.8001,200,
10:10:42,14.8087,1700,
10:11:02,14.8084,200,
10:11:14,14.81,100,
10:11:14,14.81,1300,
10:11:15,14.82,100,
10:11:15,14.82,300,
10:11:23,14.81,300,
10:11:24,14.81,300,
10:11:27,14.81,300,
10:11:29,14.8183,500,
10:11:29,14.82,200,
10:11:31,14.8201,400,
10:11:39,14.83,700,
10:11:39,14.8204,550,
10:11:49,14.8299,1000,
10:11:53,14.83,200,
10:11:56,14.82,200,
10:11:56,14.83,100,
10:12:01,14.8201,300,
10:12:03,14.821,350,
10:12:12,14.82,300,
10:12:12,14.82,2796,
10:12:12,14.82,1899,
10:12:12,14.82,100,
10:12:13,14.828,400,
10:12:18,14.8201,5000,
10:12:25,14.82,100,
10:12:25,14.82,100,
10:12:25,14.82,200,
10:12:25,14.82,300,
10:12:26,14.82,100,
10:12:26,14.82,200,
10:12:35,14.8299,3500,
10:12:44,14.82,300,
10:12:48,14.8152,445,
10:12:49,14.82,2200,
10:12:49,14.82,200,
10:12:50,14.83,34950,
10:13:04,14.8202,1004,
10:13:11,14.8217,1000,
10:13:27,14.82,7000,
10:13:29,14.825,1500,
10:13:31,14.83,100,
10:13:31,14.83,3500,
10:13:39,14.83,300,
10:13:42,14.83,500,
10:13:43,14.83,100,
10:13:43,14.83,300,
10:13:51,14.8317,1500,
10:13:56,14.84,200,
10:14:03,14.86,100,
10:14:03,14.8599,500,
10:14:03,14.8599,100,
10:14:04,14.85,100,
10:14:04,14.8584,100,
10:14:10,14.86,200,
10:14:11,14.87,900,
10:14:11,14.87,100,
10:14:11,14.879,1100,
10:14:12,14.88,100,
10:14:12,14.87,300,
10:14:12,14.88,9900,
10:14:12,14.88,34800,
10:14:12,14.88,500,
10:14:17,14.87,300,
10:14:17,14.87,700,
10:14:20,14.8687,1850,
10:14:20,14.87,200,
10:14:27,14.8699,400,
10:14:27,14.8639,100,
10:14:27,14.87,300,
10:14:30,14.87,400,
10:14:30,14.8699,300,
10:14:30,14.8684,1000,
10:14:31,14.8699,100,
10:14:41,14.86,1300,
10:14:44,14.87,500,
10:14:47,14.86,500,
10:14:47,14.86,300,
10:14:52,14.85,300,
10:14:53,14.849,200,
10:14:53,14.85,100,
10:14:53,14.8499,400,
10:14:53,14.85,100,
10:14:57,14.85,1200,
10:15:01,14.852,600,
10:15:06,14.8501,1000,
10:15:17,14.85,300,
10:15:34,14.85,200,
10:15:39,14.85,200,
10:15:41,14.86,500,
10:15:50,14.85,2200,
10:15:55,14.86,500,
10:15:56,14.87,100,
10:16:03,14.87,200,
10:16:03,14.87,2000,
10:16:03,14.869,423,
10:16:05,14.88,200,
10:16:08,14.8801,3400,
10:16:09,14.88,500,
10:16:09,14.88,500,
10:16:09,14.88,200,
10:16:10,14.88,200,
10:16:15,14.8875,400,
10:16:15,14.8875,2300,
10:16:16,14.889,300,
10:16:18,14.882,1000,
10:16:19,14.89,100,
10:16:19,14.8899,300,
10:16:19,14.8871,300,
10:16:19,14.8871,300,
10:16:22,14.889,200,
10:16:24,14.889,100,
10:16:29,14.8904,100,
10:16:29,14.8999,100,
10:16:29,14.90,100,
10:16:29,14.8999,100,
10:16:29,14.90,100,
10:16:30,14.8999,100,
10:16:30,14.90,100,
10:16:31,14.8999,300,
10:16:31,14.90,200,
10:16:31,14.8937,100,
10:16:31,14.90,300,
10:16:32,14.90,160,
10:16:32,14.90,464,
10:16:33,14.90,100,
10:16:33,14.899,200,
10:16:33,14.909,10800,
10:16:33,14.909,1100,
10:16:33,14.90,800,
10:16:33,14.90,1805,
10:16:33,14.90,795,
10:16:33,14.9099,100,
10:16:34,14.91,10000,
10:16:36,14.9083,400,
10:16:36,14.91,100,
10:16:37,14.9001,193,
10:16:43,14.9099,900,
10:16:44,14.9099,1100,
10:16:44,14.9004,725,
10:16:49,14.91,1000,
10:16:50,14.90,400,
10:16:51,14.9083,500,
10:16:52,14.9099,500,
10:16:55,14.92,600,
10:16:57,14.93,250,
10:16:58,14.93,1600,
10:16:58,14.93,300,
10:16:58,14.93,100,
10:16:59,14.92,100,
10:16:59,14.92,100,
10:17:04,14.91,200,
10:17:04,14.91,700,
10:17:04,14.91,1200,
10:17:04,14.91,200,
10:17:04,14.91,3600,
10:17:08,14.90,1600,
10:17:09,14.91,100,
10:17:09,14.91,100,
10:17:11,14.9099,1600,
10:17:13,14.9015,4600,
10:17:16,14.90,350,
10:17:16,14.90,100,
10:17:16,14.90,200,
10:17:16,14.90,200,
10:17:16,14.90,200,
10:17:20,14.8959,100,
10:17:21,14.89,100,
10:17:22,14.88,100,
10:17:22,14.8915,5000,
10:17:22,14.88,200,
10:17:24,14.89,3600,
10:17:24,14.89,406,
10:17:24,14.89,200,
10:17:24,14.89,100,
10:17:24,14.89,100,
10:17:24,14.89,582,
10:17:24,14.88,200,
10:17:27,14.88,100,
10:17:27,14.88,100,
10:17:27,14.88,100,
10:17:27,14.88,100,
10:17:29,14.88,100,
10:17:30,14.8899,1000,
10:17:30,14.88,600,
10:17:32,14.8899,2000,
10:17:43,14.89,500,
10:17:43,14.89,110,
10:17:43,14.89,300,
10:17:43,14.89,300,
10:17:43,14.89,200,
10:17:51,14.903,175,
10:17:55,14.899,200,
10:18:01,14.8908,1000,
10:18:01,14.89,300,
10:18:04,14.893,300,
10:18:12,14.89,100,
10:18:12,14.89,100,
10:18:12,14.90,200,
10:18:14,14.90,400,
10:18:18,14.899,330,
10:18:30,14.8999,200,
10:18:30,14.90,300,
10:18:30,14.90,100,
10:18:33,14.89,1100,
10:18:33,14.89,200,
10:18:33,14.8901,1000,
10:18:33,14.89,100,
10:18:34,14.90,1100,
10:18:48,14.8915,4000,
10:18:57,14.89,500,
10:18:58,14.891,1000,
10:19:00,14.89,1300,
10:19:00,14.89,417,
10:19:00,14.89,100,
10:19:00,14.89,1400,
10:19:01,14.88,100,
10:19:02,14.88,1000,
10:19:02,14.88,1300,
10:19:05,14.87,200,
10:19:05,14.86,1000,
10:19:06,14.87,18800,
10:19:07,14.87,700,
10:19:09,14.85,500,
10:19:09,14.8501,600,
10:19:09,14.85,100,
10:19:09,14.852,600,
10:19:10,14.85,300,
10:19:10,14.85,400,
10:19:15,14.8501,2100,
10:19:15,14.8501,3200,
10:19:15,14.86,900,
10:19:17,14.8401,300,
10:19:22,14.85,200,
10:19:31,14.85,200,
10:19:34,14.8501,400,
10:19:34,14.85,300,
10:19:34,14.8501,1300,
10:19:39,14.858,400,
10:19:44,14.86,200,
10:19:49,14.863,100,
10:19:50,14.8603,1000,
10:19:51,14.8601,400,
10:19:59,14.8601,100,
10:19:59,14.8663,100,
10:20:04,14.87,200,
10:20:07,14.87,600,
10:20:07,14.87,400,
10:20:07,14.87,200,
10:20:17,14.8762,400,
10:20:24,14.87,1000,
10:20:51,14.88,465,
10:20:51,14.88,200,
10:20:51,14.88,100,
10:20:51,14.88,300,
10:20:51,14.88,100,
10:20:51,14.88,700,
10:20:51,14.88,3000,
10:20:51,14.88,200,
10:20:51,14.88,200,
10:20:51,14.88,4900,
10:20:51,14.88,200,
10:20:51,14.88,100,
10:20:51,14.88,218,
10:20:51,14.88,600,
10:20:52,14.8792,1000,
10:20:53,14.88,200,
10:20:53,14.88,200,
10:20:53,14.88,1200,
10:20:53,14.88,100,
10:20:53,14.88,100,
10:20:53,14.88,100,
10:20:53,14.88,100,
10:20:53,14.88,100,
10:20:53,14.88,200,
10:20:53,14.88,500,
10:20:53,14.88,200,
10:20:53,14.88,1665,
10:20:53,14.88,200,
10:20:53,14.88,200,
10:20:53,14.88,735,
10:20:53,14.88,168,
10:20:53,14.88,100,
10:20:55,14.8784,500,
10:21:00,14.88,305,
10:21:04,14.89,2400,
10:21:12,14.8899,2000,
10:21:16,14.888,500,
10:21:25,14.881,200,
10:21:26,14.8887,1205,
10:21:31,14.89,100,
10:21:31,14.89,100,
10:21:38,14.8899,200,
10:21:39,14.889,2000,
10:21:45,14.89,200,
10:21:45,14.89,205,
10:21:45,14.89,1600,
10:21:49,14.8992,360,
10:21:57,14.90,300,
10:22:00,14.91,137,
10:22:00,14.92,382,
10:22:00,14.92,500,
10:22:00,14.92,200,
10:22:07,14.911,500,
10:22:08,14.92,700,
10:22:08,14.92,2900,
10:22:08,14.92,100,
10:22:08,14.92,300,
10:22:08,14.92,478,
10:22:08,14.92,200,
10:22:08,14.92,4900,
10:22:08,14.92,10000,
10:22:09,14.93,200,
10:22:09,14.929,2000,
10:22:10,14.9199,2000,
10:22:17,14.9187,300,
10:22:18,14.92,484,
10:22:18,14.92,200,
10:22:21,14.928,2900,
10:22:21,14.92,200,
10:22:31,14.92,100,
10:22:32,14.91,200,
10:22:33,14.90,151,
10:22:33,14.90,1200,
10:22:33,14.90,1300,
10:22:34,14.90,200,
10:22:34,14.90,200,
10:22:34,14.90,100,
10:22:34,14.90,200,
10:22:34,14.89,300,
10:22:34,14.90,100,
10:22:34,14.90,100,
10:22:34,14.90,100,
10:22:34,14.90,100,
10:22:34,14.90,100,
10:22:36,14.90,600,
10:22:39,14.90,600,
10:22:40,14.8984,1000,
10:22:40,14.90,600,
10:22:40,14.90,100,
10:22:40,14.90,300,
10:22:40,14.90,700,
10:22:42,14.9099,5000,
10:22:43,14.91,13000,
10:22:47,14.90,300,
10:22:55,14.9192,2250,
10:22:56,14.92,464,
10:22:56,14.92,1683,
10:23:02,14.9201,4000,
10:23:02,14.92,100,
10:23:02,14.93,300,
10:23:04,14.927,100,
10:23:09,14.92,1000,
10:23:11,14.9284,250,
10:23:12,14.929,1500,
10:23:15,14.93,200,
10:23:15,14.9201,4000,
10:23:16,14.9287,200,
10:23:19,14.928,500,
10:23:20,14.93,500,
10:23:20,14.93,600,
10:23:21,14.93,300,
10:23:22,14.93,100,
10:23:26,14.93,100,
10:23:26,14.93,100,
10:23:27,14.93,200,
10:23:28,14.93,300,
10:23:28,14.93,100,
10:23:29,14.9299,1000,
10:23:37,14.9201,2000,
10:23:39,14.92,1400,
10:23:39,14.92,800,
10:23:39,14.92,700,
10:23:40,14.93,100,
10:23:40,14.92,200,
10:23:42,14.93,100,
10:23:42,14.93,100,
10:23:42,14.93,465,
10:23:42,14.93,200,
10:23:44,14.94,463,
10:23:44,14.95,100,
10:23:45,14.949,1000,
10:23:45,14.95,100,
10:23:45,14.95,100,
10:23:45,14.95,600,
10:23:46,14.95,1500,
10:23:46,14.949,1500,
10:23:46,14.95,1000,
10:23:46,14.941,800,
10:23:47,14.949,500,
10:23:47,14.9401,400,
10:23:49,14.94,1000,
10:23:49,14.94,200,
10:23:49,14.94,800,
10:23:49,14.94,200,
10:23:49,14.94,1000,
10:23:51,14.95,100,
10:23:51,14.95,200,
10:23:53,14.9557,1000,
10:23:54,14.9576,160,
10:23:54,14.96,150,
10:23:58,14.96,200,
10:23:58,14.96,300,
10:23:58,14.969,4888,
10:24:01,14.95,500,
10:24:02,14.96,100,
10:24:02,14.96,100,
10:24:02,14.9599,500,
10:24:02,14.96,1200,
10:24:02,14.9584,1200,
10:24:03,14.958,2100,
10:24:07,14.95,600,
10:24:07,14.95,500,
10:24:09,14.9515,2000,
10:24:10,14.96,10000,
10:24:13,14.95,973,
10:24:13,14.95,200,
10:24:13,14.95,100,
10:24:16,14.95,100,
10:24:17,14.95,100,
10:24:17,14.949,100,
10:24:19,14.94,2700,
10:24:19,14.94,400,
10:24:19,14.94,100,
10:24:19,14.94,1000,
10:24:20,14.94,200,
10:24:21,14.94,100,
10:24:22,14.939,200,
10:24:25,14.94,100,
10:24:25,14.94,100,
10:24:26,14.94,100,
10:24:26,14.947,100,
10:24:26,14.94,258,
10:24:26,14.94,200,
10:24:26,14.94,200,
10:24:27,14.95,100,
10:24:27,14.95,100,
10:24:27,14.95,100,
10:24:28,14.959,500,
10:24:29,14.95,200,
10:24:29,14.95,200,
10:24:31,14.95,100,
10:24:31,14.95,100,
10:24:31,14.95,129,
10:24:31,14.95,600,
10:24:31,14.95,900,
10:24:31,14.95,100,
10:24:32,14.94,200,
10:24:32,14.94,200,
10:24:34,14.9498,1000,
10:24:35,14.94,200,
10:24:38,14.9301,6000,
10:24:40,14.94,1000,
10:24:46,14.9301,100,
10:24:48,14.9287,100,
10:24:53,14.93,200,
10:24:57,14.94,200,
10:24:58,14.94,200,
10:25:03,14.93,1140,
10:25:04,14.94,200,
10:25:06,14.94,200,
10:25:15,14.94,200,
10:25:19,14.948,1000,
10:25:24,14.95,300,
10:25:24,14.96,600,
10:25:24,14.95,1000,
10:25:28,14.952,500,
10:25:31,14.96,43691,
10:25:32,14.958,2500,
10:25:34,14.96,100,
10:25:34,14.96,200,
10:25:34,14.9584,400,
10:25:34,14.9599,200,
10:25:34,14.96,100,
10:25:34,14.955,100,
10:25:39,14.96,100,
10:25:40,14.96,300,
10:25:42,14.96,1200,
10:25:43,14.96,100,
10:25:44,14.96,100,
10:25:44,14.96,1400,
10:25:48,14.96,100,
10:25:49,14.9583,750,
10:25:49,14.9601,550,
10:26:01,14.97,100,
10:26:01,14.97,200,
10:26:01,14.9611,100,
10:26:01,14.9655,200,
10:26:01,14.9681,200,
10:26:02,14.969,300,
10:26:02,14.969,300,
10:26:03,14.9687,1700,
10:26:03,14.969,400,
10:26:04,14.969,200,
10:26:08,14.97,400,
10:26:09,14.97,400,
10:26:10,14.9701,3000,
10:26:11,14.98,300,
10:26:11,14.98,400,
10:26:15,14.9799,500,
10:26:16,14.979,400,
10:26:18,14.9799,100,
10:26:24,14.979,700,
10:26:25,14.979,300,
10:26:25,14.979,500,
10:26:25,14.979,200,
10:26:26,14.98,200,
10:26:27,14.98,100,
10:26:28,14.971,2000,
10:26:29,14.98,200,
10:26:29,14.9722,1500,
10:26:37,14.97,100,
10:26:39,14.9701,560,
10:26:43,14.971,960,
10:26:55,14.99,200,
10:26:55,14.99,100,
10:26:55,14.99,300,
10:26:55,14.99,600,
10:26:55,14.99,1000,
10:26:55,15,100,
10:26:55,15,600,
10:26:55,15,900,
10:26:55,15,1400,
10:26:56,14.9984,585,
10:26:56,15,100,
10:26:57,14.99,100,
10:26:58,15,200,
10:27:01,15,1020,
10:27:02,15,200,
10:27:03,14.9901,2300,
10:27:05,14.9917,200,
10:27:05,15,1265,
10:27:05,15,1200,
10:27:07,14.995,200,
10:27:08,14.99,2000,
10:27:08,14.99,1000,
10:27:08,14.99,700,
10:27:08,14.99,100,
10:27:08,14.99,1535,
10:27:08,14.99,400,
10:27:08,14.99,200,
10:27:08,14.99,400,
10:27:08,14.99,300,
10:27:09,14.9838,200,
10:27:12,14.98,700,
10:27:12,14.9815,2300,
10:27:13,14.98,300,
10:27:13,14.98,100,
10:27:17,14.98,500,
10:27:17,14.98,200,
10:27:17,14.99,100,
10:27:17,14.99,600,
10:27:17,14.99,2300,
10:27:17,14.99,600,
10:27:17,14.99,200,
10:27:17,14.99,500,
10:27:17,14.99,100,
10:27:17,14.99,200,
10:27:17,14.99,1200,
10:27:19,14.99,100,
10:27:19,14.9876,100,
10:27:22,14.99,100,
10:27:22,14.99,200,
10:27:22,14.988,140,
10:27:25,14.9831,4000,
10:27:25,14.98,200,
10:27:27,14.98,200,
10:27:28,14.988,500,
10:27:34,14.99,100,
10:27:42,14.99,300,
10:27:42,14.99,1000,
10:27:42,14.99,400,
10:27:42,14.99,500,
10:27:42,14.99,500,
10:27:43,14.99,500,
10:27:44,14.993,200,
10:27:45,15,200,
10:27:46,14.9901,500,
10:27:48,15,200,
10:27:50,15,270,
10:27:50,15,1000,
10:27:50,15,500,
10:27:50,15,4000,
10:27:50,15,1000,
10:27:51,15.0101,2600,
10:27:51,15.0101,500,
10:27:52,15,7500,
10:27:53,15.01,1100,
10:27:53,15.01,100,
10:27:53,15.01,100,
10:27:53,15.012,250,
10:27:54,15.01,100,
10:27:56,15.01,200,
10:27:56,15.02,500,
10:27:56,15.0083,800,
10:27:58,15.0173,500,
10:27:59,15.02,462,
10:27:59,15.02,100,
10:27:59,15.02,300,
10:27:59,15.02,600,
10:27:59,15.02,100,
10:27:59,15.02,1500,
10:27:59,15.02,300,
10:28:01,15.01,300,
10:28:01,15.01,107,
10:28:01,15.0199,369,
10:28:01,15.011,160,
10:28:05,15.0117,500,
10:28:06,15.02,1000,
10:28:06,15.02,500,
10:28:07,15.02,100,
10:28:11,15.02,200,
10:28:12,15.0199,300,
10:28:14,15.02,1835,
10:28:14,15.02,600,
10:28:17,15.017,380,
10:28:19,15.02,100,
10:28:26,15.02,100,
10:28:27,15.0199,300,
10:28:29,15.02,200,
10:28:29,15.02,100,
10:28:33,15.01,100,
10:28:35,15.019,400,
10:28:40,15.0122,200,
10:28:41,15.0199,1873,
10:28:43,15.02,800,
10:28:43,15.02,300,
10:28:45,15.03,578,
10:28:45,15.0176,1500,
10:28:45,15.0282,578,
10:28:49,15.02,800,
10:28:49,15.02,1100,
10:28:49,15.02,1200,
10:28:49,15.02,1000,
10:28:49,15.02,250,
10:28:49,15.02,3000,
10:28:49,15.02,100,
10:28:49,15.02,100,
10:28:54,15.0101,1000,
10:28:55,15.019,300,
10:29:02,15.01,1500,
10:29:06,15.0155,500,
10:29:19,15.02,1700,
10:29:19,15.02,1500,
10:29:19,15.02,1300,
10:29:21,15.018,600,
10:29:27,15.02,100,
10:29:33,15.0107,1400,
10:29:35,15.018,200,
10:29:40,15.02,200,
10:29:49,15.0299,3000,
10:29:53,15.029,125,
10:29:54,15.04,600,
10:29:58,15.04,1000,
10:29:59,15.0484,100,
10:30:02,15.0299,4000,
10:30:02,15.03,100,
10:30:03,15.0201,2000,
10:30:03,15.03,300,
10:30:03,15.03,500,
10:30:03,15.03,600,
10:30:03,15.03,600,
10:30:03,15.03,546,
10:30:03,15.03,1200,
10:30:03,15.03,200,
10:30:03,15.04,100,
10:30:03,15.03,308,
10:30:08,15.038,425,
10:30:11,15.032,550,
10:30:11,15.03,820,
10:30:11,15.03,200,
10:30:13,15.021,1000,
10:30:14,15.02,200,
10:30:14,15.0216,500,
10:30:15,15.03,400,
10:30:15,15.03,500,
10:30:15,15.03,600,
10:30:17,15.03,100,
10:30:19,15.03,100,
10:30:19,15.03,3400,
10:30:20,15.0392,6000,
10:30:22,15.0322,1000,
10:30:26,15.0317,200,
10:30:26,15.03,500,
10:30:26,15.03,500,
10:30:26,15.03,2900,
10:30:28,15.0299,2000,
10:30:28,15.02,200,
10:30:29,15.01,100,
10:30:29,15.0184,1000,
10:30:30,15.01,1200,
10:30:30,15.01,100,
10:30:31,15.0199,1000,
10:30:33,15.02,200,
10:30:36,15.01,1200,
10:30:36,15.01,300,
10:30:37,15.01,600,
10:30:37,15.01,600,
10:30:39,15.01,100,
10:30:39,15.01,300,
10:30:41,15.0016,500,
10:30:42,15,100,
10:30:43,15.01,200,
10:30:43,15.01,100,
10:30:43,15.01,2400,
10:30:43,15.011,1100,
10:30:44,15.0117,1500,
10:30:44,15.0115,1200,
10:30:46,15.0183,175,
10:30:47,15.01,800,
10:30:47,15.01,1900,
10:30:47,15.01,400,
10:30:47,15.012,500,
10:30:52,15.02,1000,
10:30:52,15.015,100,
10:30:53,15.0187,500,
10:30:56,15.018,500,
10:30:56,15.01,100,
10:30:56,15.011,500,
10:30:58,15.01,200,
10:30:58,15.01,500,
10:30:59,15.01,200,
10:31:01,15.0099,417,
10:31:02,15.002,1000,
10:31:03,15,800,
10:31:03,15,854,
10:31:06,15,150,
10:31:06,14.99,200,
10:31:06,14.991,400,
10:31:08,14.991,100,
10:31:08,14.99,300,
10:31:08,14.99,200,
10:31:11,15.01,400,
10:31:12,14.982,1600,
10:31:15,14.9801,2000,
10:31:15,14.99,200,
10:31:15,14.99,3400,
10:31:16,14.991,2900,
10:31:19,14.995,1800,
10:31:22,14.9901,1000,
10:31:26,14.998,1000,
10:31:27,15,8733,
10:31:31,15.0014,500,
10:31:36,15.01,400,
10:31:41,15.001,150,
10:31:41,15.003,150,
10:31:41,15.003,200,
10:31:43,15.0002,2500,
10:31:44,15,200,
10:31:44,15,200,
10:31:47,15.0087,1500,
10:31:50,15,200,
10:31:50,15.001,1200,
10:31:50,15.0099,500,
10:31:50,15.0001,400,
10:31:52,15.005,100,
10:31:54,15.0001,100,
10:31:56,14.991,1000,
10:31:56,14.991,200,
10:31:56,14.991,1300,
10:31:57,14.98,15000,
10:32:01,14.98,1000,
10:32:02,14.9825,4000,
10:32:02,14.9825,100,
10:32:03,14.98,100,
10:32:03,14.98,100,
10:32:03,14.98,400,
10:32:03,14.99,400,
10:32:03,14.99,2900,
10:32:03,14.99,300,
10:32:03,14.99,300,
10:32:03,14.99,1500,
10:32:04,14.99,100,
10:32:05,14.9901,500,
10:32:05,14.9901,100,
10:32:05,14.9901,2000,
10:32:06,15,990,
10:32:06,15,310,
10:32:08,14.998,1000,
10:32:11,14.993,200,
10:32:12,14.9925,600,
10:32:14,15,200,
10:32:14,15,100,
10:32:14,15,1100,
10:32:14,15,100,
10:32:14,15,100,
10:32:15,15.01,500,
10:32:15,15.01,700,
10:32:15,15.01,1000,
10:32:15,15.01,200,
10:32:15,15.01,300,
10:32:17,15.0199,200,
10:32:17,15.02,100,
10:32:20,15.018,200,
10:32:20,15.011,300,
10:32:22,15.03,100,
10:32:22,15.02,100,
10:32:26,15.02,500,
10:32:27,15.022,555,
10:32:27,15.0201,900,
10:32:27,15.02,300,
10:32:31,15.0225,500,
10:32:36,15.0299,2000,
10:32:40,15.0299,100,
10:32:40,15.0299,100,
10:32:42,15.02,200,
10:32:42,15.02,300,
10:32:42,15.02,3100,
10:32:52,15.0183,300,
10:32:56,15.018,2600,
10:32:58,15.0199,100,
10:32:59,15.01,100,
10:32:59,15.01,500,
10:32:59,15.01,729,
10:32:59,15.01,200,
10:32:59,15.01,2400,
10:32:59,15.01,100,
10:32:59,15.01,100,
10:33:00,15,2000,
10:33:06,15.0017,110,
10:33:08,15,200,
10:33:10,15,200,
10:33:14,15.0099,2900,
10:33:16,15,100,
10:33:22,14.991,500,
10:33:23,15,200,
10:33:23,15,128,
10:33:23,15,900,
10:33:23,15,2191,
10:33:23,15,1546,
10:33:23,15,100,
10:33:23,15,200,
10:33:23,15.001,500,
10:33:28,15,316,
10:33:30,15,200,
10:33:31,15.01,100,
10:33:31,15.01,200,
10:33:37,15.02,200,
10:33:37,15.02,100,
10:33:37,15.02,200,
10:33:37,15.02,100,
10:33:37,15.02,200,
10:33:38,15.02,2100,
10:33:41,15.02,100,
10:33:47,15.02,200,
10:33:49,15.0287,320,
10:33:52,15.0287,400,
10:34:05,15.03,1946,
10:34:05,15.03,200,
10:34:05,15.03,600,
10:34:05,15.03,100,
10:34:05,15.03,300,
10:34:06,15.04,600,
10:34:07,15.03,400,
10:34:12,15.04,100,
10:34:14,15.04,100,
10:34:17,15.0383,1000,
10:34:19,15.04,100,
10:34:19,15.05,472,
10:34:19,15.05,200,
10:34:19,15.05,400,
10:34:19,15.05,465,
10:34:21,15.05,2400,
10:34:21,15.05,1044,
10:34:21,15.05,951,
10:34:21,15.05,200,
10:34:21,15.05,2700,
10:34:21,15.05,200,
10:34:21,15.05,155,
10:34:21,15.05,1100,
10:34:21,15.05,100,
10:34:21,15.05,600,
10:34:21,15.05,1300,
10:34:21,15.05,1400,
10:34:21,15.05,100,
10:34:21,15.05,100,
10:34:21,15.05,1100,
10:34:21,15.05,100,
10:34:21,15.05,4000,
10:34:23,15.059,500,
10:34:23,15.058,500,
10:34:24,15.06,1000,
10:34:24,15.06,300,
10:34:24,15.06,155,
10:34:24,15.06,500,
10:34:24,15.06,100,
10:34:24,15.06,3000,
10:34:24,15.06,1000,
10:34:24,15.06,200,
10:34:24,15.07,4000,
10:34:26,15.05,200,
10:34:26,15.05,100,
10:34:26,15.069,4000,
10:34:27,15.0585,2500,
10:34:29,15.048,1000,
10:34:32,15.049,600,
10:34:32,15.05,199,
10:34:32,15.05,100,
10:34:32,15.04,1200,
10:34:32,15.04,200,
10:34:35,15.042,700,
10:34:41,15.05,1200,
10:34:41,15.05,200,
10:34:41,15.0499,300,
10:34:42,15.04,200,
10:34:42,15.04,100,
10:34:42,15.04,200,
10:34:44,15.033,300,
10:34:45,15.0384,900,
10:34:47,15.03,200,
10:34:47,15.03,200,
10:34:50,15.02,200,
10:34:50,15.01,500,
10:34:54,15.0113,500,
10:35:04,15.0199,400,
10:35:07,15.02,200,
10:35:07,15.01,500,
10:35:07,15.02,100,
10:35:07,15.02,500,
10:35:08,15.017,200,
10:35:09,15.02,578,
10:35:09,15.02,522,
10:35:09,15.02,100,
10:35:13,15.0199,1000,
10:35:17,15.0183,1000,
10:35:17,15.019,200,
10:35:21,15.0184,1470,
10:35:29,15.0101,200,
10:35:33,15.0199,100,
10:35:33,15.0199,1300,
10:35:33,15.02,2700,
10:35:34,15.0116,500,
10:35:36,15.0184,1677,
10:35:38,15.0199,1000,
10:35:50,15.0116,1900,
10:35:52,15.02,1300,
10:35:52,15.02,200,
10:35:52,15.02,100,
10:35:52,15.02,300,
10:35:55,15.0284,305,
10:35:56,15.03,200,
10:35:56,15.027,265,
10:36:03,15.04,518,
10:36:03,15.04,100,
10:36:03,15.04,882,
10:36:03,15.04,200,
10:36:03,15.05,530,
10:36:03,15.0355,200,
10:36:03,15.0476,6500,
10:36:04,15.049,1500,
10:36:05,15.05,1800,
10:36:09,15.06,200,
10:36:10,15.06,200,
10:36:10,15.06,430,
10:36:11,15.06,200,
10:36:11,15.07,200,
10:36:12,15.07,100,
10:36:12,15.07,300,
10:36:13,15.07,14900,
10:36:14,15.0783,1000,
10:36:15,15.072,2900,
10:36:15,15.072,400,
10:36:16,15.07,200,
10:36:16,15.075,100,
10:36:18,15.078,500,
10:36:19,15.0783,1000,
10:36:20,15.07,700,
10:36:25,15.0613,290,
10:36:26,15.07,1300,
10:36:26,15.07,179,
10:36:27,15.07,500,
10:36:27,15.07,200,
10:36:29,15.08,600,
10:36:30,15.08,700,
10:36:30,15.08,500,
10:36:31,15.09,1000,
10:36:31,15.09,200,
10:36:31,15.09,900,
10:36:32,15.09,155,
10:36:33,15.08,400,
10:36:33,15.08,100,
10:36:33,15.08,100,
10:36:33,15.08,200,
10:36:33,15.08,105,
10:36:33,15.08,100,
10:36:33,15.08,100,
10:36:33,15.08,100,
10:36:33,15.08,100,
10:36:33,15.08,500,
10:36:33,15.08,100,
10:36:33,15.08,100,
10:36:33,15.079,340,
10:36:33,15.0725,2000,
10:36:33,15.07,100,
10:36:33,15.07,100,
10:36:33,15.07,1641,
10:36:34,15.07,400,
10:36:34,15.07,200,
10:36:34,15.0787,400,
10:36:36,15.0784,1000,
10:36:37,15.08,300,
10:36:38,15.08,100,
10:36:38,15.08,100,
10:36:43,15.0801,500,
10:36:45,15.08,200,
10:36:45,15.08,500,
10:36:45,15.08,100,
10:36:45,15.08,100,
10:36:45,15.08,300,
10:36:45,15.08,400,
10:36:45,15.08,100,
10:36:45,15.08,100,
10:36:45,15.08,300,
10:36:49,15.08,100,
10:36:49,15.08,100,
10:36:49,15.08,100,
10:36:52,15.08,700,
10:36:52,15.08,100,
10:36:52,15.08,541,
10:36:52,15.08,100,
10:36:52,15.08,200,
10:36:52,15.08,100,
10:36:52,15.08,100,
10:36:53,15.08,290,
10:36:53,15.082,500,
10:36:54,15.08,200,
10:37:00,15.08,1500,
10:37:02,15.0799,800,
10:37:03,15.08,500,
10:37:06,15.08,100,
10:37:06,15.08,450,
10:37:06,15.08,200,
10:37:07,15.079,200,
10:37:08,15.0701,2000,
10:37:09,15.08,900,
10:37:09,15.08,100,
10:37:09,15.08,600,
10:37:12,15.083,250,
10:37:14,15.08,400,
10:37:14,15.081,418,
10:37:17,15.07,100,
10:37:17,15.07,200,
10:37:17,15.07,600,
10:37:17,15.07,200,
10:37:17,15.07,300,
10:37:19,15.07,200,
10:37:22,15.0799,400,
10:37:22,15.07,100,
10:37:22,15.07,100,
10:37:24,15.07,200,
10:37:24,15.07,200,
10:37:25,15.07,200,
10:37:27,15.0713,1100,
10:37:28,15.0701,100,
10:37:34,15.08,110,
10:37:34,15.08,400,
10:37:34,15.08,200,
10:37:34,15.08,200,
10:37:34,15.08,200,
10:37:35,15.0865,500,
10:37:41,15.079,500,
10:37:44,15.0799,2000,
10:37:46,15.07,100,
10:37:46,15.0701,100,
10:37:47,15.07,100,
10:37:47,15.07,1700,
10:37:48,15.0601,1000,
10:37:50,15.07,200,
10:37:50,15.07,200,
10:37:50,15.07,200,
10:37:50,15.07,200,
10:37:50,15.0701,100,
10:37:53,15.071,2000,
10:37:56,15.08,100,
10:37:56,15.08,200,
10:38:00,15.0808,5000,
10:38:00,15.08,200,
10:38:00,15.08,100,
10:38:00,15.08,100,
10:38:00,15.08,500,
10:38:08,15.08,600,
10:38:08,15.08,200,
10:38:08,15.08,700,
10:38:08,15.07,340,
10:38:09,15.08,100,
10:38:09,15.08,200,
10:38:12,15.081,280,
10:38:13,15.0801,500,
10:38:18,15.08,200,
10:38:18,15.0801,100,
10:38:18,15.08,100,
10:38:18,15.08,300,
10:38:20,15.08,200,
10:38:20,15.08,200,
10:38:23,15.08,19150,
10:38:24,15.09,100,
10:38:24,15.09,200,
10:38:26,15.0901,1149,
10:38:27,15.10,100,
10:38:28,15.10,100,
10:38:28,15.10,200,
10:38:29,15.0987,2000,
10:38:31,15.10,390,
10:38:31,15.10,100,
10:38:31,15.10,500,
10:38:31,15.12,1000,
10:38:31,15.12,100,
10:38:31,15.12,400,
10:38:31,15.1199,300,
10:38:31,15.1199,1100,
10:38:31,15.1199,1200,
10:38:31,15.1199,1700,
10:38:32,15.12,100,
10:38:32,15.12,200,
10:38:33,15.121,3000,
10:38:33,15.12,1100,
10:38:33,15.122,640,
10:38:33,15.121,3000,
10:38:36,15.13,100,
10:38:37,15.13,100,
10:38:37,15.13,100,
10:38:37,15.13,300,
10:38:37,15.13,400,
10:38:37,15.13,100,
10:38:39,15.14,1000,
10:38:39,15.15,100,
10:38:39,15.15,800,
10:38:39,15.15,200,
10:38:39,15.15,464,
10:38:39,15.15,264,
10:38:39,15.15,100,
10:38:39,15.15,155,
10:38:39,15.15,1200,
10:38:39,15.15,421,
10:38:39,15.15,400,
10:38:39,15.15,200,
10:38:39,15.1499,1100,
10:38:39,15.15,300,
10:38:39,15.15,400,
10:38:39,15.128,1000,
10:38:39,15.122,1000,
10:38:39,15.15,200,
10:38:40,15.15,400,
10:38:41,15.15,400,
10:38:41,15.15,300,
10:38:41,15.15,500,
10:38:41,15.15,200,
10:38:42,15.148,437,
10:38:46,15.1599,600,
10:38:46,15.15,500,
10:38:46,15.15,200,
10:38:46,15.15,1500,
10:38:46,15.15,600,
10:38:46,15.15,300,
10:38:46,15.15,1098,
10:38:47,15.15,800,
10:38:47,15.15,100,
10:38:47,15.15,400,
10:38:48,15.142,500,
10:38:50,15.16,100,
10:38:50,15.16,500,
10:38:51,15.16,100,
10:38:51,15.159,200,
10:38:51,15.1501,1100,
10:38:53,15.1599,300,
10:38:53,15.16,100,
10:38:54,15.159,100,
10:38:54,15.15,500,
10:38:54,15.15,100,
10:38:54,15.15,100,
10:38:54,15.15,1900,
10:38:54,15.15,400,
10:38:54,15.15,1100,
10:38:54,15.15,600,
10:38:55,15.15,100,
10:38:58,15.15,500,
10:39:00,15.1499,300,
10:39:00,15.15,3400,
10:39:00,15.15,3300,
10:39:01,15.15,200,
10:39:02,15.1499,900,
10:39:02,15.15,500,
10:39:02,15.1499,800,
10:39:02,15.15,700,
10:39:03,15.15,100,
10:39:03,15.15,200,
10:39:03,15.16,400,
10:39:03,15.16,100,
10:39:03,15.16,100,
10:39:03,15.16,100,
10:39:03,15.16,200,
10:39:03,15.16,2200,
10:39:04,15.16,500,
10:39:04,15.16,100,
10:39:04,15.16,200,
10:39:05,15.1615,2500,
10:39:06,15.17,200,
10:39:07,15.16,1200,
10:39:07,15.16,100,
10:39:09,15.17,1200,
10:39:09,15.16,200,
10:39:09,15.15,500,
10:39:09,15.15,200,
10:39:10,15.1544,3800,
10:39:13,15.14,250,
10:39:13,15.14,100,
10:39:13,15.14,200,
10:39:13,15.14,300,
10:39:14,15.14,100,
10:39:14,15.1416,350,
10:39:17,15.14,1000,
10:39:17,15.145,300,
10:39:20,15.14,200,
10:39:20,15.14,100,
10:39:21,15.14,1100,
10:39:21,15.14,700,
10:39:21,15.14,200,
10:39:21,15.14,100,
10:39:21,15.14,200,
10:39:21,15.14,400,
10:39:22,15.142,400,
10:39:22,15.1415,3400,
10:39:22,15.14,1048,
10:39:22,15.14,1100,
10:39:23,15.1499,658,
10:39:23,15.14,1058,
10:39:23,15.14,200,
10:39:24,15.14,200,
10:39:29,15.15,200,
10:39:29,15.15,500,
10:39:30,15.148,599,
10:39:30,15.1487,1700,
10:39:33,15.142,1000,
10:39:33,15.141,500,
10:39:33,15.141,300,
10:39:33,15.14,500,
10:39:33,15.14,200,
10:39:36,15.15,300,
10:39:37,15.13,100,
10:39:37,15.13,1000,
10:39:41,15.13,3000,
10:39:41,15.13,3000,
10:39:41,15.1301,3800,
10:39:44,15.1301,150,
10:39:48,15.1385,2641,
10:39:50,15.14,600,
10:39:50,15.14,500,
10:39:50,15.14,400,
10:39:50,15.14,400,
10:39:50,15.14,500,
10:39:50,15.14,1100,
10:39:50,15.14,200,
10:39:50,15.14,452,
10:39:50,15.14,800,
10:39:50,15.14,1200,
10:39:50,15.14,200,
10:39:50,15.14,100,
10:39:50,15.14,100,
10:39:50,15.14,400,
10:39:50,15.14,100,
10:39:50,15.14,100,
10:39:50,15.14,100,
10:39:50,15.14,200,
10:39:50,15.14,200,
10:39:50,15.14,500,
10:39:50,15.14,100,
10:39:50,15.138,359,
10:39:50,15.14,100,
10:39:50,15.14,100,
10:39:54,15.1399,1000,
10:39:57,15.1308,2000,
10:40:04,15.1387,1000,
10:40:04,15.13,100,
10:40:05,15.13,500,
10:40:07,15.14,700,
10:40:09,15.14,300,
10:40:09,15.14,1700,
10:40:09,15.14,2300,
10:40:09,15.14,200,
10:40:10,15.139,1000,
10:40:10,15.15,500,
10:40:10,15.15,1200,
10:40:13,15.15,200,
10:40:13,15.15,104,
10:40:13,15.15,600,
10:40:13,15.1457,304,
10:40:21,15.15,100,
10:40:21,15.15,300,
10:40:21,15.15,200,
10:40:24,15.159,400,
10:40:29,15.16,538,
10:40:29,15.16,1000,
10:40:30,15.16,300,
10:40:30,15.159,1000,
10:40:31,15.15,500,
10:40:31,15.15,1900,
10:40:31,15.15,500,
10:40:32,15.15,100,
10:40:32,15.15,200,
10:40:33,15.152,1000,
10:40:36,15.16,192,
10:40:37,15.16,383,
10:40:37,15.16,500,
10:40:37,15.16,600,
10:40:40,15.16,1000,
10:40:42,15.169,440,
10:40:45,15.1616,200,
10:40:50,15.1663,150,
10:40:50,15.17,100,
10:40:50,15.17,100,
10:40:50,15.17,100,
10:40:50,15.17,366,
10:40:50,15.18,1666,
10:40:50,15.18,183,
10:40:50,15.18,1200,
10:40:52,15.17,100,
10:40:57,15.18,100,
10:40:57,15.18,200,
10:40:57,15.18,100,
10:40:58,15.172,1200,
10:41:00,15.18,2503,
10:41:01,15.18,100,
10:41:04,15.172,200,
10:41:05,15.178,3300,
10:41:06,15.17,300,
10:41:06,15.172,500,
10:41:09,15.1701,510,
10:41:12,15.1795,3000,
10:41:14,15.1796,220,
10:41:15,15.17,2201,
10:41:15,15.17,549,
10:41:15,15.17,200,
10:41:15,15.17,550,
10:41:17,15.1601,1000,
10:41:22,15.1513,4999,
10:41:22,15.1423,500,
10:41:24,15.1462,200,
10:41:25,15.1499,400,
10:41:27,15.15,500,
10:41:27,15.15,835,
10:41:27,15.15,1692,
10:41:27,15.15,100,
10:41:27,15.15,115,
10:41:31,15.15,200,
10:41:36,15.1499,2000,
10:41:38,15.14,500,
10:41:38,15.14,200,
10:41:42,15.14,10000,
10:41:45,15.13,1000,
10:41:45,15.13,200,
10:41:48,15.132,500,
10:41:53,15.13,300,
10:41:53,15.13,500,
10:41:53,15.13,100,
10:41:58,15.14,2000,
10:41:59,15.13,1000,
10:42:01,15.13,1000,
10:42:01,15.13,100,
10:42:03,15.1399,100,
10:42:04,15.139,100,
10:42:05,15.1301,200,
10:42:07,15.1308,350,
10:42:08,15.1316,100,
10:42:08,15.13,100,
10:42:09,15.13,100,
10:42:09,15.13,200,
10:42:09,15.132,1500,
10:42:12,15.13,500,
10:42:13,15.1299,1000,
10:42:14,15.12,200,
10:42:15,15.128,1000,
10:42:18,15.1216,500,
10:42:21,15.12,650,
10:42:24,15.12,6000,
10:42:28,15.1215,1400,
10:42:29,15.129,500,
10:42:30,15.12,1500,
10:42:32,15.129,100,
10:42:33,15.1299,4000,
10:42:37,15.12,1400,
10:42:38,15.12,1100,
10:42:38,15.12,1100,
10:42:39,15.1184,660,
10:42:39,15.11,1000,
10:42:42,15.12,383,
10:42:42,15.12,300,
10:42:45,15.11,500,
10:42:47,15.1101,600,
10:42:49,15.1116,500,
10:42:50,15.119,400,
10:42:52,15.11,500,
10:42:53,15.12,300,
10:42:55,15.1187,300,
10:43:05,15.119,100,
10:43:07,15.12,100,
10:43:09,15.111,500,
10:43:14,15.11,900,
10:43:16,15.111,1000,
10:43:19,15.12,600,
10:43:19,15.12,200,
10:43:19,15.12,3922,
10:43:20,15.1213,300,
10:43:21,15.13,1100,
10:43:21,15.13,200,
10:43:22,15.112,1000,
10:43:22,15.13,500,
10:43:22,15.1323,100,
10:43:22,15.13,100,
10:43:22,15.1301,900,
10:43:22,15.14,100,
10:43:22,15.1342,600,
10:43:22,15.13,100,
10:43:22,15.1367,100,
10:43:22,15.1323,100,
10:43:23,15.1301,200,
10:43:24,15.13,6000,
10:43:32,15.14,900,
10:43:32,15.14,617,
10:43:32,15.14,695,
10:43:32,15.14,317,
10:43:32,15.14,200,
10:43:32,15.14,1200,
10:43:32,15.15,100,
10:43:32,15.1401,100,
10:43:35,15.1401,100,
10:43:35,15.1426,100,
10:43:39,15.1492,135,
10:43:42,15.14,100,
10:43:42,15.1316,350,
10:43:45,15.131,2000,
10:43:46,15.1313,1000,
10:43:48,15.139,800,
10:43:48,15.13,800,
10:43:48,15.13,400,
10:43:51,15.1301,100,
10:43:53,15.13,700,
10:43:53,15.13,700,
10:43:53,15.13,200,
10:43:58,15.13,200,
10:44:02,15.14,950,
10:44:03,15.1316,313,
10:44:04,15.1301,100,
10:44:04,15.1301,2000,
10:44:05,15.1301,100,
10:44:05,15.13,100,
10:44:05,15.1301,100,
10:44:10,15.1399,1600,
10:44:22,15.1399,700,
10:44:22,15.13,100,
10:44:22,15.13,100,
10:44:27,15.13,200,
10:44:27,15.13,5000,
10:44:33,15.12,200,
10:44:34,15.13,1000,
10:44:36,15.12,2200,
10:44:36,15.12,1700,
10:44:36,15.12,100,
10:44:40,15.112,1000,
10:44:42,15.112,500,
10:44:45,15.118,900,
10:44:52,15.1101,1000,
10:44:52,15.11,800,
10:44:52,15.1101,700,
10:44:53,15.10,2000,
10:44:53,15.10,2000,
10:44:57,15.101,5000,
10:44:57,15.10,300,
10:44:57,15.107,100,
10:44:58,15.10,9900,
10:44:59,15.1015,4500,
10:45:04,15.101,500,
10:45:04,15.10,1700,
10:45:04,15.10,1000,
10:45:04,15.10,2700,
10:45:05,15.1016,590,
10:45:08,15.1099,2000,
10:45:10,15.11,800,
10:45:10,15.1099,1300,
10:45:11,15.11,400,
10:45:11,15.11,500,
10:45:12,15.11,500,
10:45:13,15.11,500,
10:45:13,15.11,2000,
10:45:13,15.11,2600,
10:45:13,15.11,2100,
10:45:13,15.11,1600,
10:45:13,15.11,1100,
10:45:13,15.11,3500,
10:45:13,15.11,200,
10:45:13,15.11,200,
10:45:13,15.11,100,
10:45:13,15.11,400,
10:45:13,15.11,100,
10:45:13,15.11,100,
10:45:15,15.12,2100,
10:45:15,15.12,200,
10:45:16,15.122,300,
10:45:22,15.1275,2700,
10:45:24,15.121,800,
10:45:29,15.1245,500,
10:45:32,15.1217,1000,
10:45:40,15.121,300,
10:45:42,15.1201,100,
10:45:42,15.1201,200,
10:45:43,15.12,1300,
10:45:43,15.1201,1600,
10:45:43,15.1201,400,
10:45:43,15.1201,300,
10:45:45,15.12,106,
10:45:45,15.12,200,
10:45:45,15.12,1300,
10:45:48,15.125,243,
10:45:49,15.12,507,
10:45:57,15.115,400,
10:45:57,15.1102,500,
10:45:58,15.11,10000,
10:46:01,15.11,100,
10:46:07,15.111,200,
10:46:08,15.11,2200,
10:46:08,15.11,1700,
10:46:08,15.11,100,
10:46:15,15.10,700,
10:46:15,15.10,300,
10:46:21,15.107,200,
10:46:26,15.10,130,
10:46:30,15.1099,600,
10:46:32,15.1017,500,
10:46:35,15.1039,100,
10:46:35,15.1039,100,
10:46:38,15.1099,300,
10:46:42,15.10,1000,
10:46:42,15.10,300,
10:46:43,15.1075,2700,
10:46:44,15.09,100,
10:46:44,15.09,100,
10:46:44,15.0917,500,
10:46:45,15.091,700,
10:46:46,15.091,100,
10:46:46,15.091,400,
10:46:48,15.09,100,
10:46:48,15.091,100,
10:46:48,15.09,1600,
10:46:48,15.091,1000,
10:46:50,15.091,200,
10:46:51,15.0901,669,
10:46:51,15.08,100,
10:46:52,15.08,500,
10:46:57,15.0892,2000,
10:46:57,15.09,200,
10:46:59,15.09,900,
10:46:59,15.09,200,
10:46:59,15.09,1200,
10:46:59,15.09,500,
10:47:00,15.10,100,
10:47:00,15.10,400,
10:47:00,15.10,700,
10:47:00,15.10,200,
10:47:00,15.10,200,
10:47:01,15.1001,2000,
10:47:02,15.101,1300,
10:47:05,15.10,200,
10:47:05,15.11,200,
10:47:05,15.11,1100,
10:47:05,15.11,200,
10:47:07,15.103,150,
10:47:08,15.109,100,
10:47:10,15.115,1000,
10:47:11,15.12,200,
10:47:11,15.13,200,
10:47:11,15.13,400,
10:47:11,15.13,200,
10:47:11,15.13,200,
10:47:13,15.1175,3000,
10:47:14,15.12,100,
10:47:14,15.12,200,
10:47:14,15.12,700,
10:47:14,15.12,300,
10:47:20,15.115,100,
10:47:20,15.115,100,
10:47:26,15.1108,800,
10:47:30,15.1001,200,
10:47:43,15.101,100,
10:47:44,15.11,200,
10:47:47,15.11,4000,
10:47:47,15.11,3000,
10:47:52,15.111,711,
10:47:53,15.11,111,
10:47:58,15.1101,100,
10:47:58,15.11,100,
10:48:10,15.12,1000,
10:48:20,15.12,1000,
10:48:22,15.111,300,
10:48:22,15.111,100,
10:48:22,15.11,100,
10:48:24,15.12,500,
10:48:24,15.12,200,
10:48:24,15.12,200,
10:48:24,15.12,900,
10:48:24,15.12,100,
10:48:24,15.12,100,
10:48:24,15.12,100,
10:48:24,15.12,1600,
10:48:24,15.12,1100,
10:48:24,15.12,1600,
10:48:36,15.1299,100,
10:48:46,15.1201,1000,
10:48:46,15.12,900,
10:48:50,15.13,600,
10:48:50,15.13,100,
10:48:51,15.14,300,
10:48:56,15.1313,250,
10:48:57,15.1384,450,
10:48:57,15.14,700,
10:49:00,15.14,1583,
10:49:00,15.14,200,
10:49:02,15.139,2000,
10:49:13,15.131,100,
10:49:14,15.14,400,
10:49:16,15.139,920,
10:49:16,15.14,500,
10:49:18,15.13,1600,
10:49:18,15.13,200,
10:49:18,15.13,700,
10:49:18,15.13,1200,
10:49:24,15.13,5754,
10:49:24,15.13,100,
10:49:24,15.13,100,
10:49:24,15.13,100,
10:49:24,15.13,100,
10:49:25,15.13,700,
10:49:26,15.119,100,
10:49:26,15.128,200,
10:49:32,15.12,750,
10:49:32,15.12,217,
10:49:32,15.12,200,
10:49:38,15.12,200,
10:49:40,15.119,2500,
10:49:46,15.119,1400,
10:49:52,15.11,1700,
10:49:52,15.11,100,
10:49:52,15.11,100,
10:49:52,15.11,400,
10:49:52,15.11,450,
10:49:52,15.11,100,
10:49:52,15.11,200,
10:49:52,15.11,450,
10:49:52,15.11,1300,
10:49:52,15.11,200,
10:49:52,15.11,200,
10:49:52,15.11,300,
10:49:52,15.11,300,
10:49:52,15.11,1300,
10:49:52,15.10,385,
10:49:53,15.1099,200,
10:49:54,15.10,100,
10:49:54,15.10,100,
10:49:54,15.10,100,
10:49:54,15.10,1100,
10:49:54,15.10,200,
10:49:54,15.10,100,
10:49:54,15.10,100,
10:49:54,15.1016,625,
10:49:55,15.1025,800,
10:49:55,15.10,442,
10:50:01,15.1017,100,
10:50:04,15.10,1000,
10:50:06,15.091,100,
10:50:12,15.09,500,
10:50:12,15.09,200,
10:50:16,15.0801,300,
10:50:16,15.08,400,
10:50:22,15.08,1700,
10:50:23,15.0701,1000,
10:50:24,15.08,400,
10:50:25,15.0801,2000,
10:50:26,15.071,640,
10:50:28,15.08,200,
10:50:31,15.083,250,
10:50:32,15.09,683,
10:50:32,15.09,200,
10:50:32,15.09,103,
10:50:32,15.09,100,
10:50:33,15.09,100,
10:50:33,15.0901,400,
10:50:35,15.081,600,
10:50:35,15.09,600,
10:50:35,15.0901,100,
10:50:38,15.091,400,
10:50:38,15.091,400,
10:50:42,15.0916,1500,
10:50:50,15.0916,450,
10:50:53,15.09,200,
10:50:53,15.08,700,
10:50:53,15.08,200,
10:50:53,15.0828,200,
10:50:57,15.09,400,
10:50:59,15.081,300,
10:51:01,15.08,500,
10:51:07,15.08,500,
10:51:13,15.0701,2000,
10:51:18,15.07,1000,
10:51:18,15.07,1700,
10:51:18,15.07,500,
10:51:18,15.065,100,
10:51:19,15.06,250,
10:51:19,15.07,250,
10:51:19,15.0639,600,
10:51:19,15.0666,100,
10:51:19,15.06,1000,
10:51:19,15.0699,4500,
10:51:20,15.061,100,
10:51:21,15.062,400,
10:51:21,15.062,1800,
10:51:21,15.061,400,
10:51:23,15.061,200,
10:51:23,15.06,100,
10:51:24,15.06,100,
10:51:25,15.0601,100,
10:51:26,15.06,100,
10:51:26,15.0601,300,
10:51:26,15.0601,100,
10:51:28,15.061,100,
10:51:28,15.061,100,
10:51:31,15.061,100,
10:51:34,15.061,1900,
10:51:34,15.061,1500,
10:51:35,15.061,700,
10:51:37,15.06,1700,
10:51:38,15.05,900,
10:51:38,15.05,100,
10:51:38,15.0501,500,
10:51:40,15.05,1700,
10:51:40,15.041,300,
10:51:40,15.05,400,
10:51:40,15.0416,500,
10:51:41,15.04,1900,
10:51:42,15.045,400,
10:51:44,15.04,2630,
10:51:46,15.041,500,
10:51:46,15.0401,2110,
10:51:49,15.04,400,
10:51:50,15.05,700,
10:51:50,15.05,200,
10:51:50,15.05,500,
10:51:50,15.05,1200,
10:51:50,15.05,200,
10:51:50,15.05,500,
10:51:50,15.05,1850,
10:51:50,15.05,480,
10:51:50,15.05,700,
10:51:50,15.05,200,
10:51:50,15.05,2400,
10:51:52,15.05,100,
10:51:53,15.05,200,
10:51:53,15.05,200,
10:51:53,15.05,1500,
10:51:53,15.05,100,
10:51:58,15.05,1000,
10:51:58,15.042,700,
10:52:04,15.041,400,
10:52:05,15.041,1100,
10:52:05,15.0417,350,
10:52:05,15.04,100,
10:52:06,15.04,760,
10:52:06,15.04,700,
10:52:08,15.05,5000,
10:52:08,15.05,200,
10:52:08,15.05,199,
10:52:10,15.0599,900,
10:52:14,15.06,200,
10:52:14,15.06,100,
10:52:22,15.06,200,
10:52:23,15.061,4000,
10:52:26,15.06,600,
10:52:29,15.062,1000,
10:52:29,15.07,100,
10:52:29,15.07,800,
10:52:29,15.07,800,
10:52:30,15.07,800,
10:52:36,15.07,1383,
10:52:36,15.07,100,
10:52:37,15.065,300,
10:52:38,15.0601,1500,
10:52:38,15.06,100,
10:52:38,15.06,100,
10:52:40,15.06,200,
10:52:43,15.06,900,
10:52:43,15.06,200,
10:52:43,15.06,100,
10:52:50,15.0575,600,
10:53:03,15.05,200,
10:53:03,15.05,1700,
10:53:03,15.05,1150,
10:53:03,15.045,350,
10:53:05,15.04,9700,
10:53:11,15.04,400,
10:53:11,15.0484,300,
10:53:11,15.0439,100,
10:53:17,15.04,200,
10:53:17,15.03,300,
10:53:18,15.03,800,
10:53:18,15.0316,1000,
10:53:19,15.03,100,
10:53:19,15.031,1500,
10:53:19,15.032,100,
10:53:19,15.032,800,
10:53:19,15.03,100,
10:53:20,15.035,1300,
10:53:20,15.035,250,
10:53:21,15.03,400,
10:53:21,15.03,500,
10:53:22,15.03,100,
10:53:22,15.03,300,
10:53:22,15.03,100,
10:53:23,15.03,100,
10:53:23,15.03,100,
10:53:23,15.03,100,
10:53:23,15.03,100,
10:53:24,15.03,600,
10:53:24,15.03,800,
10:53:25,15.03,100,
10:53:25,15.03,200,
10:53:25,15.03,100,
10:53:27,15.04,300,
10:53:27,15.04,3000,
10:53:27,15.04,200,
10:53:41,15.03,3000,
10:53:41,15.03,100,
10:53:41,15.03,100,
10:53:51,15.04,682,
10:53:51,15.04,200,
10:53:51,15.04,400,
10:53:51,15.04,100,
10:53:51,15.04,2718,
10:53:57,15.05,100,
10:53:57,15.05,400,
10:54:03,15.06,200,
10:54:03,15.06,100,
10:54:09,15.05,200,
10:54:09,15.05,200,
10:54:11,15.0575,2600,
10:54:12,15.0585,5000,
10:54:13,15.05,200,
10:54:13,15.05,200,
10:54:16,15.0408,100,
10:54:16,15.041,1000,
10:54:17,15.0413,250,
10:54:32,15.0494,1150,
10:54:38,15.0416,100,
10:54:45,15.0499,400,
10:54:47,15.05,200,
10:54:54,15.05,1217,
10:54:54,15.05,1300,
10:54:54,15.05,200,
10:54:54,15.05,1200,
10:54:54,15.05,100,
10:54:54,15.05,100,
10:55:03,15.05,2000,
10:55:15,15.06,200,
10:55:15,15.06,100,
10:55:15,15.06,200,
10:55:18,15.0699,400,
10:55:27,15.0699,5000,
10:55:29,15.0713,1000,
10:55:35,15.08,200,
10:55:36,15.08,100,
10:55:36,15.0799,100,
10:55:41,15.075,500,
10:55:45,15.0783,400,
10:55:54,15.0799,300,
10:55:54,15.08,800,
10:55:54,15.08,200,
10:55:54,15.08,300,
10:55:54,15.08,100,
10:55:57,15.0883,400,
10:55:58,15.08,2300,
10:56:02,15.0716,500,
10:56:05,15.08,100,
10:56:05,15.08,200,
10:56:06,15.08,100,
10:56:11,15.07,200,
10:56:11,15.07,200,
10:56:15,15.07,100,
10:56:16,15.0713,1000,
10:56:18,15.071,300,
10:56:20,15.0725,3200,
10:56:25,15.08,100,
10:56:28,15.078,1000,
10:56:37,15.078,500,
10:56:48,15.08,100,
10:56:48,15.08,500,
10:56:48,15.08,100,
10:56:49,15.0899,500,
10:56:52,15.08,100,
10:56:59,15.078,500,
10:57:02,15.087,150,
10:57:03,15.08,2400,
10:57:03,15.08,600,
10:57:03,15.08,2400,
10:57:03,15.08,600,
10:57:03,15.08,3000,
10:57:03,15.08,4000,
10:57:03,15.08,1200,
10:57:03,15.08,500,
10:57:03,15.08,200,
10:57:03,15.08,3000,
10:57:03,15.08,200,
10:57:03,15.08,2400,
10:57:03,15.08,400,
10:57:03,15.08,400,
10:57:03,15.08,100,
10:57:03,15.08,400,
10:57:03,15.08,400,
10:57:03,15.08,100,
10:57:03,15.07,500,
10:57:03,15.08,100,
10:57:03,15.07,300,
10:57:03,15.07,100,
10:57:03,15.07,200,
10:57:03,15.07,100,
10:57:03,15.07,2200,
10:57:03,15.07,100,
10:57:03,15.07,400,
10:57:03,15.07,400,
10:57:03,15.07,900,
10:57:03,15.07,600,
10:57:03,15.07,100,
10:57:03,15.07,400,
10:57:03,15.07,700,
10:57:03,15.07,200,
10:57:03,15.07,650,
10:57:03,15.07,100,
10:57:03,15.07,100,
10:57:03,15.07,100,
10:57:03,15.07,600,
10:57:03,15.07,100,
10:57:03,15.07,100,
10:57:03,15.07,200,
10:57:04,15.07,1003,
10:57:04,15.07,197,
10:57:04,15.07,697,
10:57:04,15.07,1429,
10:57:04,15.07,197,
10:57:04,15.07,100,
10:57:04,15.07,400,
10:57:04,15.07,500,
10:57:04,15.07,100,
10:57:04,15.07,100,
10:57:05,15.08,500,
10:57:06,15.08,100,
10:57:06,15.079,2500,
10:57:07,15.08,100,
10:57:07,15.08,683,
10:57:08,15.08,200,
10:57:08,15.08,2317,
10:57:08,15.08,1217,
10:57:14,15.09,468,
10:57:14,15.09,100,
10:57:14,15.09,292,
10:57:14,15.09,200,
10:57:15,15.09,200,
10:57:15,15.09,200,
10:57:18,15.10,1483,
10:57:18,15.10,200,
10:57:21,15.10,333,
10:57:24,15.10,100,
10:57:26,15.09,400,
10:57:26,15.09,200,
10:57:30,15.0887,1700,
10:57:32,15.089,1742,
10:57:33,15.087,1000,
10:57:40,15.09,100,
10:57:43,15.09,100,
10:57:46,15.09,100,
10:57:46,15.0899,200,
10:57:46,15.09,1282,
10:57:46,15.09,200,
10:57:46,15.09,118,
10:57:50,15.091,500,
10:57:53,15.091,280,
10:57:53,15.091,200,
10:58:00,15.0901,2000,
10:58:00,15.09,100,
10:58:00,15.09,200,
10:58:00,15.09,100,
10:58:06,15.09,100,
10:58:06,15.10,100,
10:58:06,15.10,1683,
10:58:06,15.10,200,
10:58:06,15.10,300,
10:58:06,15.10,100,
10:58:06,15.10,1483,
10:58:12,15.10,100,
10:58:15,15.1016,300,
10:58:17,15.1075,2000,
10:58:17,15.101,200,
10:58:18,15.11,100,
10:58:20,15.101,1000,
10:58:20,15.10,1000,
10:58:23,15.111,1000,
10:58:23,15.118,1000,
10:58:26,15.1101,1000,
10:58:28,15.12,100,
10:58:28,15.12,200,
10:58:29,15.112,600,
10:58:30,15.128,1267,
10:58:33,15.12,100,
10:58:41,15.128,250,
10:58:48,15.1283,500,
10:58:49,15.121,300,
10:58:54,15.121,300,
10:58:56,15.1286,1000,
10:59:03,15.13,700,
10:59:03,15.13,300,
10:59:14,15.13,200,
10:59:16,15.1301,1000,
10:59:27,15.14,180,
10:59:27,15.14,100,
10:59:27,15.14,300,
10:59:30,15.15,1883,
10:59:36,15.1484,500,
10:59:37,15.15,183,
10:59:37,15.15,2217,
10:59:38,15.1499,300,
10:59:38,15.15,200,
10:59:38,15.15,1075,
10:59:43,15.16,1100,
10:59:43,15.16,100,
10:59:44,15.16,100,
10:59:47,15.16,350,
10:59:48,15.16,300,
10:59:53,15.16,1900,
11:00:02,15.17,100,
11:00:04,15.18,300,
11:00:04,15.17,100,
11:00:07,15.17,100,
11:00:07,15.17,100,
11:00:07,15.17,200,
11:00:09,15.16,200,
11:00:27,15.16,100,
11:00:27,15.1601,159,
11:00:28,15.16,100,
11:00:30,15.15,100,
11:00:30,15.15,100,
11:00:30,15.15,200,
11:00:30,15.15,300,
11:00:32,15.1425,3000,
11:00:34,15.1408,200,
11:00:37,15.1401,5000,
11:00:38,15.15,100,
11:00:38,15.15,100,
11:00:38,15.1451,100,
11:00:38,15.145,100,
11:00:43,15.14,200,
11:00:46,15.13,200,
11:00:48,15.11,100,
11:00:49,15.11,1742,
11:00:50,15.11,100,
11:00:50,15.11,100,
11:00:50,15.10,300,
11:00:52,15.10,1700,
11:00:53,15.09,300,
11:00:53,15.0901,300,
11:00:53,15.09,100,
11:00:53,15.0901,100,
11:00:53,15.0901,100,
11:00:53,15.0901,300,
11:00:53,15.09,200,
11:00:53,15.0901,200,
11:00:53,15.09,100,
11:00:53,15.0901,100,
11:00:53,15.0901,200,
11:00:54,15.09,200,
11:00:54,15.09,100,
11:00:55,15.10,500,
11:00:55,15.10,200,
11:00:55,15.10,2000,
11:00:55,15.10,100,
11:00:55,15.10,100,
11:00:55,15.10,100,
11:00:55,15.10,100,
11:00:55,15.1001,100,
11:00:55,15.1001,100,
11:00:55,15.1001,100,
11:00:56,15.10,1600,
11:00:56,15.10,500,
11:00:57,15.10,1400,
11:00:57,15.10,1625,
11:00:58,15.10,200,
11:00:58,15.10,900,
11:00:58,15.10,100,
11:00:58,15.10,200,
11:00:58,15.10,200,
11:00:58,15.10,400,
11:00:58,15.10,400,
11:00:58,15.10,600,
11:00:58,15.10,1000,
11:00:58,15.10,700,
11:01:03,15.10,100,
11:01:05,15.1001,750,
11:01:07,15.1013,2000,
11:01:07,15.10,400,
11:01:07,15.10,200,
11:01:07,15.10,400,
11:01:07,15.10,400,
11:01:07,15.10,200,
11:01:07,15.10,400,
11:01:09,15.10,200,
11:01:11,15.101,800,
11:01:11,15.104,700,
11:01:12,15.104,400,
11:01:16,15.09,180,
11:01:19,15.1001,550,
11:01:33,15.10,200,
11:01:33,15.09,800,
11:01:33,15.09,500,
11:01:33,15.09,200,
11:01:35,15.08,200,
11:01:40,15.09,200,
11:01:49,15.09,200,
11:01:50,15.0899,500,
11:01:54,15.08,200,
11:01:55,15.07,700,
11:01:58,15.08,600,
11:01:58,15.08,200,
11:02:04,15.09,2800,
11:02:04,15.09,100,
11:02:06,15.08,408,
11:02:07,15.09,500,
11:02:08,15.0824,1000,
11:02:12,15.08,400,
11:02:12,15.08,200,
11:02:17,15.08,500,
11:02:17,15.08,200,
11:02:17,15.08,1200,
11:02:24,15.081,100,
11:02:25,15.09,200,
11:02:31,15.0883,200,
11:02:35,15.0808,1400,
11:02:35,15.081,2500,
11:02:38,15.09,100,
11:02:38,15.09,200,
11:02:38,15.09,600,
11:02:46,15.11,850,
11:02:46,15.12,100,
11:02:46,15.12,200,
11:02:46,15.12,600,
11:02:46,15.1116,600,
11:02:54,15.1108,500,
11:02:56,15.115,1000,
11:03:01,15.1201,1000,
11:03:02,15.1227,300,
11:03:12,15.1201,100,
11:03:14,15.13,200,
11:03:26,15.1401,105,
11:03:28,15.14,100,
11:03:28,15.14,100,
11:03:29,15.14,200,
11:03:31,15.13,196,
11:03:32,15.13,900,
11:03:32,15.13,600,
11:03:33,15.13,100,
11:03:33,15.13,200,
11:03:33,15.13,1000,
11:03:33,15.13,200,
11:03:33,15.13,200,
11:03:33,15.13,100,
11:03:33,15.13,2000,
11:03:38,15.13,1500,
11:03:38,15.131,200,
11:03:38,15.13,1000,
11:03:38,15.13,100,
11:03:38,15.13,100,
11:03:41,15.1213,100,
11:03:45,15.127,100,
11:03:47,15.13,1900,
11:03:47,15.13,200,
11:03:51,15.13,100,
11:03:53,15.1384,1000,
11:03:55,15.13,100,
11:03:59,15.14,1000,
11:04:06,15.13,100,
11:04:14,15.1204,300,
11:04:24,15.122,2200,
11:04:24,15.122,3400,
11:04:34,15.1235,500,
11:04:36,15.13,100,
11:04:39,15.1283,1000,
11:04:45,15.12,400,
11:04:48,15.13,1000,
11:04:54,15.131,100,
11:04:56,15.131,100,
11:05:01,15.1399,350,
11:05:12,15.131,1400,
11:05:18,15.13,927,
11:05:21,15.1201,725,
11:05:28,15.13,1200,
11:05:28,15.13,1400,
11:05:28,15.13,200,
11:05:37,15.125,1500,
11:05:49,15.13,100,
11:05:55,15.131,100,
11:05:56,15.131,100,
11:05:59,15.138,150,
11:06:03,15.14,700,
11:06:03,15.14,1300,
11:06:25,15.141,190,
11:06:29,15.1401,3000,
11:06:40,15.141,300,
11:06:42,15.14,500,
11:06:45,15.141,100,
11:06:56,15.14,200,
11:07:00,15.14,500,
11:07:00,15.13,200,
11:07:07,15.1217,100,
11:07:09,15.1101,5173,
11:07:09,15.111,300,
11:07:09,15.11,3300,
11:07:12,15.11,7184,
11:07:15,15.11,200,
11:07:15,15.10,2216,
11:07:17,15.1099,500,
11:07:31,15.10,2000,
11:07:41,15.1001,300,
11:07:44,15.10,200,
11:07:54,15.10,200,
11:07:54,15.10,500,
11:08:02,15.09,100,
11:08:02,15.09,1310,
11:08:02,15.09,100,
11:08:03,15.081,2000,
11:08:05,15.09,500,
11:08:05,15.09,100,
11:08:11,15.0802,800,
11:08:15,15.081,1783,
11:08:20,15.08,100,
11:08:20,15.08,500,
11:08:21,15.0801,2000,
11:08:24,15.08,200,
11:08:27,15.088,100,
11:08:29,15.0825,700,
11:08:33,15.09,700,
11:08:33,15.09,2500,
11:08:33,15.09,100,
11:08:33,15.09,419,
11:08:33,15.09,100,
11:08:33,15.09,300,
11:08:33,15.10,500,
11:08:33,15.10,100,
11:08:34,15.09,500,
11:08:34,15.09,900,
11:08:34,15.10,100,
11:08:34,15.0934,900,
11:08:37,15.09,2700,
11:08:37,15.10,200,
11:08:41,15.08,200,
11:08:42,15.085,1325,
11:08:46,15.081,100,
11:08:48,15.08,317,
11:08:52,15.09,200,
11:08:55,15.0801,800,
11:09:01,15.09,100,
11:09:01,15.10,200,
11:09:02,15.09,100,
11:09:16,15.08,200,
11:09:16,15.07,1000,
11:09:16,15.07,500,
11:09:18,15.075,2000,
11:09:18,15.0701,1609,
11:09:18,15.08,100,
11:09:20,15.0726,900,
11:09:22,15.07,100,
11:09:22,15.0701,100,
11:09:25,15.0799,1400,
11:09:31,15.08,200,
11:09:31,15.08,400,
11:09:31,15.09,1000,
11:09:33,15.071,600,
11:09:43,15.0842,100,
11:10:08,15.0801,200,
11:10:08,15.09,100,
11:10:12,15.081,1700,
11:10:12,15.09,100,
11:10:12,15.0884,1100,
11:10:12,15.09,500,
11:10:13,15.09,200,
11:10:15,15.09,100,
11:10:15,15.09,200,
11:10:15,15.09,600,
11:10:15,15.10,300,
11:10:15,15.09,100,
11:10:15,15.09,400,
11:10:25,15.0901,6000,
11:10:25,15.10,100,
11:10:26,15.09,100,
11:10:26,15.09,100,
11:10:53,15.09,100,
11:10:53,15.09,100,
11:10:57,15.0999,1200,
11:11:00,15.10,2000,
11:11:15,15.098,1000,
11:11:16,15.09,100,
11:11:19,15.089,200,
11:11:21,15.08,200,
11:11:21,15.08,200,
11:11:27,15.08,483,
11:11:27,15.08,200,
11:11:27,15.08,200,
11:11:27,15.08,936,
11:11:34,15.08,100,
11:11:34,15.08,200,
11:11:43,15.081,400,
11:11:45,15.0899,100,
11:11:50,15.085,100,
11:11:50,15.081,100,
11:11:52,15.088,1000,
11:11:54,15.0817,470,
11:11:58,15.087,330,
11:12:00,15.08,500,
11:12:00,15.08,200,
11:12:05,15.08,550,
11:12:12,15.0803,100,
11:12:12,15.08,200,
11:12:15,15.08,500,
11:12:15,15.08,600,
11:12:17,15.08,800,
11:12:17,15.08,200,
11:12:17,15.08,4568,
11:12:17,15.09,100,
11:12:17,15.09,500,
11:12:17,15.09,2800,
11:12:38,15.081,100,
11:12:43,15.09,900,
11:12:44,15.09,200,
11:12:44,15.09,300,
11:12:49,15.11,200,
11:12:49,15.11,300,
11:12:50,15.10,400,
11:12:50,15.10,800,
11:12:51,15.11,400,
11:12:52,15.1075,2600,
11:12:54,15.10,200,
11:12:56,15.1092,5000,
11:12:56,15.11,200,
11:12:58,15.1001,1000,
11:13:07,15.10,200,
11:13:07,15.09,484,
11:13:07,15.09,200,
11:13:07,15.09,100,
11:13:07,15.09,400,
11:13:08,15.10,500,
11:13:10,15.09,1000,
11:13:25,15.0825,300,
11:13:40,15.08,100,
11:13:45,15.0799,400,
11:13:48,15.073,300,
11:13:51,15.0701,1000,
11:13:53,15.08,200,
11:13:53,15.08,100,
11:13:54,15.0899,1100,
11:13:55,15.09,200,
11:13:57,15.09,100,
11:14:00,15.08,400,
11:14:10,15.09,100,
11:14:19,15.0945,280,
11:14:33,15.097,200,
11:14:41,15.08,200,
11:14:43,15.07,100,
11:14:48,15.06,100,
11:14:48,15.06,700,
11:14:48,15.05,500,
11:14:48,15.05,200,
11:14:48,15.05,400,
11:14:48,15.05,500,
11:14:49,15.0501,4000,
11:14:51,15.051,1000,
11:14:51,15.06,100,
11:14:52,15.051,300,
11:14:52,15.06,100,
11:15:03,15.0687,3800,
11:15:05,15.07,200,
11:15:05,15.07,431,
11:15:05,15.07,2400,
11:15:05,15.07,369,
11:15:05,15.069,1500,
11:15:13,15.08,100,
11:15:13,15.08,200,
11:15:17,15.075,100,
11:15:17,15.071,100,
11:15:21,15.07,100,
11:15:21,15.08,1000,
11:15:22,15.0785,5500,
11:15:28,15.07,200,
11:15:29,15.07,100,
11:15:29,15.07,400,
11:15:29,15.07,500,
11:15:29,15.07,100,
11:15:29,15.07,700,
11:15:33,15.06,1000,
11:15:33,15.06,400,
11:15:33,15.06,200,
11:15:36,15.0617,1200,
11:15:40,15.0699,100,
11:15:43,15.06,100,
11:15:47,15.0539,100,
11:15:47,15.05,100,
11:15:47,15.0526,100,
11:15:47,15.05,100,
11:15:49,15.04,300,
11:15:49,15.04,200,
11:15:49,15.03,1500,
11:15:50,15.04,100,
11:15:50,15.04,200,
11:15:51,15.03,400,
11:15:52,15.0399,1000,
11:15:53,15.031,400,
11:15:53,15.031,400,
11:15:58,15.0308,5000,
11:16:00,15.032,1000,
11:16:11,15.04,2000,
11:16:11,15.04,1000,
11:16:11,15.04,200,
11:16:12,15.04,300,
11:16:12,15.04,100,
11:16:12,15.04,100,
11:16:12,15.038,200,
11:16:14,15.0401,100,
11:16:14,15.0401,100,
11:16:23,15.0401,500,
11:16:24,15.041,1100,
11:16:25,15.04,500,
11:16:25,15.04,300,
11:16:32,15.04,200,
11:16:37,15.031,300,
11:16:37,15.03,100,
11:16:38,15.03,575,
11:16:38,15.03,400,
11:16:39,15.04,600,
11:16:44,15.03,700,
11:16:44,15.03,400,
11:16:44,15.03,200,
11:16:44,15.03,100,
11:16:45,15.025,3750,
11:16:45,15.021,2000,
11:16:45,15.03,1500,
11:16:46,15.0216,100,
11:16:51,15.022,550,
11:16:54,15.021,300,
11:16:54,15.03,400,
11:16:54,15.03,800,
11:16:54,15.03,315,
11:16:54,15.03,200,
11:16:54,15.03,100,
11:16:55,15.03,100,
11:16:55,15.03,100,
11:16:55,15.0301,100,
11:16:55,15.03,200,
11:16:55,15.03,200,
11:16:55,15.03,100,
11:16:55,15.0317,400,
11:16:58,15.025,200,
11:16:58,15.025,200,
11:16:59,15.025,200,
11:17:01,15.03,200,
11:17:02,15.0216,500,
11:17:03,15.0207,1000,
11:17:03,15.03,200,
11:17:09,15.02,180,
11:17:09,15.02,180,
11:17:09,15.02,180,
11:17:09,15.02,180,
11:17:09,15.022,500,
11:17:11,15.02,500,
11:17:12,15.02,200,
11:17:13,15.028,1398,
11:17:19,15.03,550,
11:17:22,15.02,100,
11:17:30,15.02,1100,
11:17:33,15.03,120,
11:17:33,15.03,380,
11:17:36,15.0201,3000,
11:17:38,15.03,100,
11:17:41,15.03,500,
11:17:49,15.0217,300,
11:17:53,15.015,260,
11:17:55,15.015,100,
11:17:55,15.015,1500,
11:17:55,15.015,675,
11:17:55,15.015,500,
11:18:01,15.015,200,
11:18:02,15.01,300,
11:18:02,15.0108,1000,
11:18:09,15.011,100,
11:18:13,15.01,100,
11:18:13,15.01,100,
11:18:15,15,2335,
11:18:15,15.01,100,
11:18:15,15.0001,400,
11:18:15,15.0001,200,
11:18:15,15,300,
11:18:15,15.0001,135,
11:18:15,15.01,500,
11:18:15,15,100,
11:18:15,15,100,
11:18:15,15.01,1900,
11:18:15,15.01,100,
11:18:15,15,7665,
11:18:15,15.01,100,
11:18:15,15.01,100,
11:18:16,15,100,
11:18:16,15,300,
11:18:16,15.0001,3000,
11:18:18,15.01,500,
11:18:18,15.01,2600,
11:18:18,15.01,200,
11:18:18,15.01,1100,
11:18:18,15.01,400,
11:18:18,15.01,300,
11:18:20,15.0101,1000,
11:18:21,15.0116,1360,
11:18:24,15.01,200,
11:18:24,15.01,200,
11:18:24,15,300,
11:18:24,15,1500,
11:18:24,15,3000,
11:18:30,15.0001,500,
11:18:30,15.0001,1835,
11:18:31,15,200,
11:18:31,15.0001,3800,
11:18:34,15.001,1300,
11:18:37,15.001,800,
11:18:39,15,3000,
11:18:39,15,200,
11:18:39,15,850,
11:18:39,15,1100,
11:18:39,14.99,300,
11:18:39,15,3400,
11:18:39,14.99,100,
11:18:39,14.99,100,
11:18:39,14.99,100,
11:18:39,14.99,100,
11:18:39,14.99,600,
11:18:39,14.99,1000,
11:18:39,14.99,150,
11:18:39,14.99,1700,
11:18:39,14.99,1000,
11:18:39,14.98,200,
11:18:39,14.98,200,
11:18:39,14.99,100,
11:18:39,14.981,1300,
11:18:39,14.981,200,
11:18:40,14.985,150,
11:18:40,14.981,300,
11:18:40,14.99,800,
11:18:40,14.99,200,
11:18:40,14.99,400,
11:18:42,14.98,300,
11:18:42,14.98,1200,
11:18:43,14.98,400,
11:18:45,14.981,100,
11:18:45,14.98,100,
11:18:45,14.98,100,
11:18:45,14.9826,100,
11:18:46,14.98,100,
11:18:46,14.98,300,
11:18:46,14.98,1000,
11:18:46,14.982,100,
11:18:47,14.98,500,
11:18:47,14.98,100,
11:18:49,14.9801,1500,
11:18:54,14.9801,2000,
11:18:57,14.98,1391,
11:18:57,14.98,609,
11:18:57,14.98,500,
11:18:57,14.98,200,
11:18:57,14.98,158,
11:18:57,14.98,460,
11:18:58,14.9801,600,
11:19:00,14.97,400,
11:19:00,14.98,600,
11:19:00,14.98,300,
11:19:00,14.98,200,
11:19:00,14.98,400,
11:19:00,14.98,200,
11:19:00,14.98,2000,
11:19:00,14.97,600,
11:19:00,14.98,100,
11:19:00,14.971,100,
11:19:01,14.975,1000,
11:19:04,14.975,2000,
11:19:05,14.98,200,
11:19:05,14.98,600,
11:19:05,14.98,100,
11:19:05,14.98,200,
11:19:05,14.981,300,
11:19:09,14.982,100,
11:19:12,14.98,2500,
11:19:13,14.981,100,
11:19:14,14.99,100,
11:19:14,14.99,300,
11:19:14,14.99,800,
11:19:14,14.99,1800,
11:19:14,14.99,600,
11:19:14,14.99,100,
11:19:14,14.99,100,
11:19:14,14.99,100,
11:19:14,14.99,300,
11:19:21,14.99,550,
11:19:21,14.99,1450,
11:19:21,14.99,590,
11:19:21,14.99,500,
11:19:22,14.991,100,
11:19:22,14.991,500,
11:19:22,14.991,600,
11:19:27,14.98,800,
11:19:27,14.98,700,
11:19:28,14.9875,2000,
11:19:31,14.989,1600,
11:19:32,14.98,1000,
11:19:32,14.98,100,
11:19:38,14.99,500,
11:19:38,14.99,100,
11:19:38,14.99,600,
11:19:40,14.9801,300,
11:19:41,14.98,200,
11:19:41,14.98,100,
11:19:41,14.97,273,
11:19:47,14.96,300,
11:19:47,14.97,400,
11:19:47,14.97,100,
11:19:48,14.961,200,
11:19:48,14.97,400,
11:19:48,14.97,400,
11:19:49,14.96,500,
11:19:50,14.9625,4000,
11:19:52,14.97,100,
11:19:52,14.97,100,
11:19:52,14.97,155,
11:19:52,14.97,100,
11:19:52,14.97,800,
11:19:52,14.961,1200,
11:19:53,14.97,100,
11:19:53,14.97,100,
11:19:54,14.9716,1352,
11:19:55,14.97,1300,
11:19:56,14.97,200,
11:19:56,14.97,200,
11:19:56,14.97,100,
11:19:58,14.9616,305,
11:19:59,14.97,100,
11:19:59,14.97,493,
11:19:59,14.97,300,
11:19:59,14.97,100,
11:19:59,14.97,1000,
11:19:59,14.97,600,
11:19:59,14.97,800,
11:19:59,14.97,200,
11:20:01,14.97,100,
11:20:01,14.97,500,
11:20:02,14.971,100,
11:20:02,14.97,150,
11:20:02,14.97,200,
11:20:02,14.97,200,
11:20:02,14.97,150,
11:20:02,14.9717,1200,
11:20:02,14.97,200,
11:20:02,14.97,1300,
11:20:02,14.97,100,
11:20:03,14.97,200,
11:20:07,14.961,100,
11:20:07,14.96,100,
11:20:08,14.97,100,
11:20:08,14.97,200,
11:20:08,14.97,1400,
11:20:08,14.97,100,
11:20:08,14.97,100,
11:20:08,14.97,100,
11:20:08,14.97,100,
11:20:10,14.98,100,
11:20:11,14.981,100,
11:20:12,14.981,400,
11:20:13,14.981,1000,
11:20:18,14.98,400,
11:20:19,14.98,2073,
11:20:19,14.98,200,
11:20:20,14.98,500,
11:20:21,14.98,100,
11:20:21,14.98,300,
11:20:21,14.98,200,
11:20:23,14.981,100,
11:20:29,14.98,500,
11:20:31,14.9875,3000,
11:20:32,14.99,200,
11:20:34,14.99,150,
11:20:36,14.991,500,
11:20:39,14.9901,300,
11:20:39,14.9901,200,
11:20:41,15,500,
11:20:41,15,400,
11:20:41,15,200,
11:20:48,15,1000,
11:20:51,15,100,
11:20:52,15,200,
11:20:55,14.992,1068,
11:20:56,14.99,500,
11:21:00,15,100,
11:21:02,15,300,
11:21:04,14.997,100,
11:21:08,15,200,
11:21:08,15,500,
11:21:08,15,100,
11:21:14,15.009,2000,
11:21:23,15,200,
11:21:23,15.0026,200,
11:21:23,15.0017,300,
11:21:31,14.9985,5000,
11:21:32,15,200,
11:21:38,14.999,2000,
11:21:54,15,100,
11:21:56,15.0099,400,
11:21:58,15.002,100,
11:22:05,15.0101,100,
11:22:08,15.019,100,
11:22:10,15.0175,1800,
11:22:20,15.0165,400,
11:22:21,15.02,100,
11:22:33,15.03,1000,
11:22:36,15.0299,2000,
11:22:50,15.0201,1000,
11:22:55,15.01,500,
11:23:01,15.0125,900,
11:23:10,15.01,200,
11:23:16,15.008,100,
11:23:21,15,200,
11:23:37,14.991,1000,
11:23:37,14.99,200,
11:23:37,14.99,200,
11:23:37,14.99,100,
11:23:38,14.991,349,
11:23:44,14.99,500,
11:23:48,14.99,100,
11:23:58,14.988,500,
11:24:27,14.99,600,
11:24:27,14.99,100,
11:24:36,14.9801,100,
11:24:37,14.98,600,
11:24:37,14.98,600,
11:24:37,14.98,600,
11:24:45,14.981,1500,
11:24:46,14.981,400,
11:24:55,14.98,500,
11:25:04,14.9875,3000,
11:25:10,14.99,100,
11:25:11,14.99,300,
11:25:11,14.99,300,
11:25:11,14.99,500,
11:25:12,14.99,1100,
11:25:12,14.99,100,
11:25:12,14.99,600,
11:25:12,14.99,100,
11:25:16,14.9937,1040,
11:25:19,14.99,600,
11:25:24,14.99,500,
11:25:24,14.99,200,
11:25:52,14.99,1000,
11:25:54,15,200,
11:25:54,15,200,
11:25:55,14.991,2000,
11:26:02,15.0025,2100,
11:26:02,15.001,700,
11:26:05,15.0025,1900,
11:26:16,15.0016,100,
11:26:16,15.0016,282,
11:26:16,15,282,
11:26:16,15.0016,100,
11:26:16,15.0016,100,
11:26:20,15,200,
11:26:20,15,200,
11:26:22,15,200,
11:26:23,14.9915,4800,
11:26:25,15,250,
11:26:30,14.9954,100,
11:26:37,14.99,500,
11:26:37,14.9922,700,
11:26:37,14.99,900,
11:26:38,14.99,100,
11:26:38,14.99,100,
11:26:38,14.99,100,
11:26:39,14.992,400,
11:26:50,14.999,2725,
11:26:50,14.99,1356,
11:26:53,14.9816,150,
11:26:56,14.981,500,
11:27:00,14.99,200,
11:27:00,14.99,2600,
11:27:01,14.99,100,
11:27:08,14.99,1000,
11:27:08,14.99,2400,
11:27:08,14.99,200,
11:27:08,14.99,6655,
11:27:08,14.99,200,
11:27:09,14.99,900,
11:27:09,15,1100,
11:27:09,15,100,
11:27:09,15,200,
11:27:09,15,950,
11:27:13,15,100,
11:27:27,15,3046,
11:27:39,15.011,100,
11:27:43,15.02,1000,
11:27:45,15.02,300,
11:27:45,15.02,100,
11:27:47,15.0199,100,
11:27:50,15.02,100,
11:27:50,15.02,100,
11:27:53,15.0201,300,
11:27:57,15.02,450,
11:27:57,15.02,176,
11:27:57,15.02,400,
11:27:57,15.02,200,
11:28:15,15.02,600,
11:28:15,15.02,100,
11:28:41,15.02,3166,
11:28:45,15.02,500,
11:28:54,15.0217,1000,
11:29:02,15.03,200,
11:29:02,15.03,1000,
11:29:02,15.03,100,
11:29:02,15.03,100,
11:29:06,15.03,100,
11:29:06,15.03,283,
11:29:06,15.03,1400,
11:29:19,15.0201,500,
11:29:26,15.02,100,
11:29:26,15.02,200,
11:29:26,15.02,400,
11:29:27,15.02,576,
11:29:27,15.02,800,
11:29:35,15.02,100,
11:29:44,15.02,100,
11:29:52,15.0299,2200,
11:31:07,15.04,100,
11:31:10,15.0401,400,
11:31:11,15.05,100,
11:31:13,15.05,300,
11:31:22,15.05,100,
11:31:23,15.057,100,
11:31:27,15.06,200,
11:31:27,15.06,100,
11:31:27,15.06,100,
11:31:29,15.06,300,
11:31:29,15.06,100,
11:31:29,15.06,100,
11:31:29,15.06,200,
11:31:32,15.05,6832,
11:31:42,15.055,500,
11:31:45,15.0599,2700,
11:31:45,15.06,2600,
11:31:45,15.0599,2700,
11:31:47,15.06,100,
11:31:47,15.07,100,
11:31:59,15.0617,1040,
11:32:08,15.07,600,
11:32:18,15.0601,900,
11:32:23,15.068,500,
11:32:23,15.069,2000,
11:32:24,15.06,476,
11:32:24,15.0501,800,
11:32:35,15.051,180,
11:32:36,15.0598,1000,
11:32:37,15.0517,1600,
11:32:38,15.06,13500,
11:32:49,15.06,200,
11:32:53,15.0601,1700,
11:33:03,15.07,200,
11:33:03,15.07,1200,
11:33:03,15.07,1300,
11:33:03,15.07,301,
11:33:03,15.07,199,
11:33:07,15.0787,500,
11:33:17,15.07,400,
11:33:17,15.07,300,
11:33:17,15.07,100,
11:33:24,15.08,11500,
11:33:43,15.08,100,
11:33:50,15.071,300,
11:34:01,15.07,200,
11:34:06,15.06,100,
11:34:09,15.0516,1175,
11:34:20,15.05,200,
11:34:32,15.05,100,
11:34:32,15.05,200,
11:34:39,15.051,100,
11:34:41,15.051,100,
11:34:41,15.05,9500,
11:34:42,15.05,500,
11:34:51,15.05,100,
11:35:00,15.07,135,
11:35:03,15.0801,248,
11:35:17,15.0701,840,
11:35:26,15.0715,5000,
11:35:32,15.0799,8000,
11:35:38,15.08,100,
11:35:38,15.0799,1000,
11:35:38,15.0799,200,
11:35:38,15.0716,575,
11:35:39,15.0703,200,
11:35:54,15.071,100,
11:36:06,15.07,200,
11:36:09,15.07,200,
11:36:17,15.0705,100,
11:36:29,15.0784,1000,
11:36:37,15.0784,1000,
11:36:39,15.08,100,
11:36:50,15.08,100,
11:36:53,15.0701,2500,
11:36:55,15.08,100,
11:36:56,15.08,275,
11:37:03,15.08,100,
11:37:03,15.0799,500,
11:37:03,15.08,100,
11:37:06,15.0701,1500,
11:37:08,15.08,100,
11:37:08,15.0761,100,
11:37:08,15.08,100,
11:37:08,15.0751,100,
11:37:08,15.0774,100,
11:37:21,15.075,1000,
11:37:21,15.08,1000,
11:37:26,15.0701,100,
11:37:46,15.07,190,
11:37:51,15.08,500,
11:38:01,15.0702,1000,
11:38:28,15.0617,500,
11:38:31,15.06,200,
11:38:55,15.05,200,
11:38:57,15.045,100,
11:38:57,15.041,300,
11:39:01,15.04,583,
11:39:01,15.04,200,
11:39:01,15.04,300,
11:39:01,15.041,900,
11:39:03,15.05,700,
11:39:08,15.04,300,
11:39:35,15.04,900,
11:39:36,15.041,300,
11:39:39,15.041,100,
11:39:40,15.04,400,
11:39:45,15.0325,2000,
11:39:51,15.032,500,
11:39:54,15.04,100,
11:39:54,15.04,100,
11:40:20,15.04,200,
11:40:20,15.048,200,
11:40:45,15.0314,100,
11:40:47,15.0313,1014,
11:40:52,15.03,200,
11:40:56,15.03,200,
11:41:04,15.03,200,
11:41:17,15.02,1683,
11:41:26,15.02,4000,
11:41:29,15.02,1200,
11:41:33,15.02,200,
11:41:36,15.02,100,
11:41:37,15.01,1683,
11:41:38,15.02,500,
11:41:43,15,800,
11:41:47,15.01,300,
11:41:50,15.0016,750,
11:41:57,15,1483,
11:41:57,15,200,
11:42:00,15,217,
11:42:02,14.99,2700,
11:42:02,15,100,
11:42:04,14.991,300,
11:42:06,14.991,400,
11:42:17,14.9925,400,
11:42:31,14.9977,700,
11:42:36,14.995,3400,
11:42:42,14.99,400,
11:42:46,14.99,100,
11:42:46,14.99,200,
11:42:47,14.99,317,
11:42:49,14.98,200,
11:42:58,14.99,100,
11:42:58,14.99,100,
11:42:58,14.99,400,
11:42:58,14.99,500,
11:42:58,14.99,200,
11:42:58,14.99,600,
11:43:04,14.99,100,
11:43:04,14.99,200,
11:43:10,14.9901,100,
11:43:13,14.99,1388,
11:43:13,14.99,400,
11:43:13,14.99,200,
11:43:18,15,100,
11:43:19,14.991,1700,
11:43:21,14.991,100,
11:43:31,14.99,200,
11:43:31,14.99,200,
11:43:31,14.99,100,
11:43:33,14.98,9900,
11:43:36,14.9875,2000,
11:43:50,14.9803,400,
11:44:04,14.99,2701,
11:44:04,14.99,2400,
11:44:04,14.99,599,
11:44:04,14.99,700,
11:44:04,14.99,127,
11:44:04,14.99,100,
11:44:04,14.99,1000,
11:44:04,14.99,1000,
11:44:06,15,300,
11:44:06,14.999,300,
11:44:07,14.999,300,
11:44:09,14.99,700,
11:44:09,14.99,600,
11:44:09,14.99,100,
11:44:13,14.98,200,
11:44:16,14.98,500,
11:44:16,14.98,500,
11:44:16,14.98,600,
11:44:16,14.98,200,
11:44:16,14.98,200,
11:44:16,14.98,100,
11:44:16,14.98,100,
11:44:18,14.978,300,
11:44:23,14.97,1700,
11:44:25,14.97,100,
11:44:27,14.97,100,
11:44:27,14.97,300,
11:44:27,14.97,300,
11:44:27,14.97,100,
11:44:29,14.96,685,
11:44:29,14.96,100,
11:44:29,14.96,100,
11:44:29,14.96,500,
11:44:30,14.97,500,
11:44:30,14.97,700,
11:44:30,14.97,1000,
11:44:30,14.97,600,
11:44:32,14.9699,157,
11:44:38,14.96,100,
11:44:39,14.96,100,
11:44:40,14.9699,1800,
11:44:45,14.968,1000,
11:44:51,14.968,2600,
11:44:51,14.968,900,
11:44:51,14.9699,2000,
11:44:52,14.9601,1000,
11:44:56,14.961,300,
11:44:58,14.97,500,
11:44:59,14.9616,200,
11:45:09,14.96,100,
11:45:09,14.96,100,
11:45:09,14.96,100,
11:45:09,14.96,1331,
11:45:09,14.95,3000,
11:45:09,14.95,900,
11:45:09,14.95,100,
11:45:09,14.95,3000,
11:45:09,14.95,1700,
11:45:09,14.95,200,
11:45:09,14.95,700,
11:45:09,14.951,200,
11:45:10,14.95,200,
11:45:12,14.95,200,
11:45:13,14.94,1200,
11:45:14,14.9401,5300,
11:45:15,14.95,300,
11:45:15,14.95,800,
11:45:15,14.94,1000,
11:45:17,14.9412,400,
11:45:24,14.95,100,
11:45:27,14.951,3800,
11:45:27,14.951,2000,
11:45:27,14.95,1100,
11:45:28,14.95,9900,
11:45:36,14.95,150,
11:45:36,14.95,100,
11:45:36,14.95,600,
11:45:41,14.9499,1000,
11:45:42,14.95,400,
11:45:42,14.9499,200,
11:45:48,14.94,100,
11:45:52,14.95,500,
11:45:59,14.9499,800,
11:46:08,14.9401,100,
11:46:10,14.941,1200,
11:46:11,14.94,1550,
