09:30:00,17.22,100,
09:30:00,17.22,100,
09:30:00,17.22,100,
09:30:00,17.23,100,
09:30:00,17.22,100,
09:30:00,17.22,250,
09:30:00,17.24,100,
09:30:00,17.24,399,
09:30:00,17.24,200,
09:30:01,17.22,250,
09:30:01,17.25,600,
09:30:02,17.24,300,
09:30:02,17.24,1900,
09:30:02,17.24,400,
09:30:02,17.24,699,
09:30:02,17.24,200,
09:30:02,17.24,299,
09:30:02,17.24,100,
09:30:02,17.24,100,
09:30:02,17.24,200,
09:30:02,17.25,600,
09:30:02,17.25,300,
09:30:02,17.25,172,
09:30:02,17.25,600,
09:30:02,17.25,219,
09:30:02,17.25,100,
09:30:03,17.23,100,
09:30:03,17.24,300,
09:30:03,17.24,300,
09:30:03,17.24,700,
09:30:03,17.24,300,
09:30:03,17.24,125,
09:30:03,17.24,200,
09:30:03,17.24,116,
09:30:03,17.24,125,
09:30:03,17.25,100,
09:30:03,17.25,100,
09:30:04,17.24,100,
09:30:04,17.24,100,
09:30:04,17.24,100,
09:30:04,17.23,300,
09:30:05,17.23,220,
09:30:05,17.23,300,
09:30:05,17.24,500,
09:30:05,17.24,100,
09:30:06,17.231,750,
09:30:07,17.25,300,
09:30:08,17.24,300,
09:30:08,17.24,800,
09:30:08,17.24,118,
09:30:09,17.24,500,
09:30:09,17.25,100,
09:30:11,17.231,1600,
09:30:11,17.25,182,
09:30:13,17.24,100,
09:30:15,17.27,100,
09:30:15,17.28,600,
09:30:15,17.28,300,
09:30:15,17.28,200,
09:30:15,17.28,100,
09:30:16,17.28,100,
09:30:16,17.24,200,
09:30:17,17.24,200,
09:30:17,17.24,500,
09:30:17,17.24,4500,
09:30:17,17.24,1217,
09:30:18,17.24,4300,
09:30:18,17.2415,100,
09:30:19,17.24,417,
09:30:19,17.24,600,
09:30:19,17.29,200,
09:30:19,17.29,100,
09:30:19,17.29,200,
09:30:20,17.24,600,
09:30:21,17.24,320,
09:30:21,17.24,750,
09:30:22,17.24,5000,
09:30:22,17.2463,100,
09:30:23,17.249,1000,
09:30:23,17.2532,100,
09:30:23,17.24,363,
09:30:24,17.24,700,
09:30:24,17.24,100,
09:30:24,17.2463,200,
09:30:24,17.24,117,
09:30:24,17.27,300,
09:30:24,17.2532,300,
09:30:25,17.24,200,
09:30:25,17.24,185,
09:30:25,17.24,400,
09:30:25,17.24,350,
09:30:25,17.2432,250,
09:30:25,17.29,100,
09:30:25,17.2801,4500,
09:30:26,17.2401,150,
09:30:26,17.24,200,
09:30:26,17.24,400,
09:30:26,17.24,1200,
09:30:26,17.291,100,
09:30:26,17.2418,100,
09:30:27,17.29,1700,
09:30:27,17.29,1600,
09:30:27,17.29,1700,
09:30:27,17.2815,100,
09:30:28,17.28,100,
09:30:30,17.2478,300,
09:30:30,17.2321,1000,
09:30:34,17.2859,2610,
09:30:36,17.275,200,
09:30:42,17.24,1300,
09:30:42,17.24,300,
09:30:43,17.25,800,
09:30:45,17.25,3200,
09:30:45,17.25,400,
09:30:47,17.2499,165,
09:30:50,17.25,1500,
09:30:50,17.25,1500,
09:30:50,17.25,1000,
09:30:50,17.25,300,
09:30:51,17.25,1500,
09:30:51,17.25,337,
09:30:52,17.259,1000,
09:30:54,17.26,200,
09:30:54,17.259,200,
09:30:54,17.27,100,
09:30:54,17.27,194,
09:30:54,17.27,100,
09:30:54,17.25,439,
09:30:54,17.26,139,
09:30:54,17.26,200,
09:30:54,17.25,246,
09:30:55,17.2401,500,
09:30:55,17.253,250,
09:30:58,17.23,300,
09:30:58,17.248,600,
09:30:59,17.234,850,
09:31:00,17.25,300,
09:31:00,17.25,362,
09:31:01,17.2405,350,
09:31:01,17.2475,2000,
09:31:02,17.245,100,
09:31:05,17.24,100,
09:31:06,17.25,110,
09:31:06,17.25,500,
09:31:07,17.24,100,
09:31:09,17.2307,902,
09:31:11,17.23,200,
09:31:11,17.22,100,
09:31:11,17.22,100,
09:31:11,17.23,200,
09:31:12,17.23,180,
09:31:12,17.23,120,
09:31:12,17.23,200,
09:31:13,17.22,100,
09:31:13,17.23,100,
09:31:15,17.22,100,
09:31:15,17.22,500,
09:31:15,17.22,100,
09:31:15,17.22,100,
09:31:15,17.22,100,
09:31:15,17.21,185,
09:31:15,17.21,100,
09:31:16,17.229,1000,
09:31:17,17.21,500,
09:31:17,17.21,300,
09:31:17,17.20,200,
09:31:17,17.20,700,
09:31:17,17.20,100,
09:31:17,17.20,150,
09:31:17,17.20,200,
09:31:17,17.20,333,
09:31:17,17.20,650,
09:31:17,17.20,800,
09:31:17,17.20,600,
09:31:17,17.20,100,
09:31:17,17.21,100,
09:31:17,17.21,100,
09:31:17,17.21,100,
09:31:17,17.20,300,
09:31:17,17.20,100,
09:31:19,17.20,500,
09:31:19,17.20,300,
09:31:20,17.20,2900,
09:31:21,17.21,100,
09:31:21,17.21,300,
09:31:21,17.21,180,
09:31:22,17.21,200,
09:31:22,17.21,800,
09:31:22,17.20,1000,
09:31:22,17.20,100,
09:31:23,17.20,100,
09:31:23,17.20,100,
09:31:23,17.20,100,
09:31:24,17.20,100,
09:31:25,17.205,500,
09:31:25,17.20,4000,
09:31:26,17.201,100,
09:31:26,17.20,100,
09:31:26,17.20,500,
09:31:26,17.20,100,
09:31:26,17.20,100,
09:31:26,17.20,115,
09:31:28,17.1999,1775,
09:31:31,17.19,400,
09:31:34,17.191,300,
09:31:35,17.191,100,
09:31:35,17.191,100,
09:31:36,17.21,423,
09:31:36,17.21,200,
09:31:41,17.20,400,
09:31:44,17.2001,500,
09:31:46,17.21,400,
09:31:48,17.2001,1175,
09:31:50,17.20,200,
09:31:51,17.2082,485,
09:31:52,17.20,300,
09:31:55,17.2099,5000,
09:31:57,17.20,1300,
09:31:57,17.20,1700,
09:31:58,17.20,100,
09:31:58,17.208,1000,
09:31:59,17.201,1000,
09:32:00,17.21,100,
09:32:00,17.2074,1200,
09:32:04,17.209,1500,
09:32:05,17.205,100,
09:32:07,17.2152,500,
09:32:08,17.2299,1000,
09:32:08,17.22,100,
09:32:10,17.219,900,
09:32:12,17.22,100,
09:32:12,17.22,300,
09:32:12,17.22,100,
09:32:12,17.22,100,
09:32:14,17.21,300,
09:32:15,17.21,100,
09:32:19,17.2101,300,
09:32:21,17.23,100,
09:32:24,17.24,478,
09:32:26,17.2299,12400,
09:32:26,17.22,100,
09:32:28,17.222,1200,
09:32:29,17.228,1000,
09:32:30,17.2299,320,
09:32:35,17.22,346,
09:32:37,17.22,800,
09:32:37,17.22,100,
09:32:37,17.22,100,
09:32:37,17.22,100,
09:32:37,17.22,600,
09:32:37,17.22,500,
09:32:38,17.229,2000,
09:32:38,17.22,600,
09:32:38,17.22,600,
09:32:38,17.22,600,
09:32:38,17.22,600,
09:32:38,17.22,100,
09:32:38,17.22,200,
09:32:38,17.22,300,
09:32:38,17.22,120,
09:32:38,17.22,300,
09:32:38,17.22,300,
09:32:38,17.22,200,
09:32:38,17.22,500,
09:32:38,17.22,600,
09:32:38,17.22,600,
09:32:38,17.22,100,
09:32:38,17.22,500,
09:32:38,17.22,500,
09:32:38,17.22,300,
09:32:38,17.22,600,
09:32:38,17.22,200,
09:32:38,17.22,300,
09:32:38,17.22,200,
09:32:38,17.22,200,
09:32:38,17.22,200,
09:32:38,17.22,500,
09:32:38,17.22,600,
09:32:38,17.22,500,
09:32:38,17.22,600,
09:32:38,17.23,24344,
09:32:39,17.22,200,
09:32:40,17.2199,1100,
09:32:40,17.2199,1900,
09:32:40,17.2101,2000,
09:32:43,17.2199,100,
09:32:44,17.21,500,
09:32:47,17.21,3800,
09:32:47,17.21,100,
09:32:47,17.21,100,
09:32:47,17.21,100,
09:32:47,17.21,900,
09:32:47,17.21,400,
09:32:50,17.2099,2000,
09:32:53,17.201,250,
09:32:53,17.20,250,
09:32:54,17.20,200,
09:32:54,17.20,967,
09:32:54,17.20,300,
09:32:54,17.20,300,
09:32:54,17.20,200,
09:32:54,17.21,100,
09:32:55,17.2018,1000,
09:32:55,17.20,2750,
09:32:56,17.20,1000,
09:32:57,17.2082,285,
09:32:59,17.20,290,
09:33:01,17.20,100,
09:33:02,17.209,200,
09:33:04,17.21,100,
09:33:04,17.21,200,
09:33:04,17.2199,2000,
09:33:06,17.22,200,
09:33:06,17.2199,1200,
09:33:06,17.22,100,
09:33:08,17.219,1000,
09:33:08,17.22,200,
09:33:08,17.22,200,
09:33:13,17.2274,1000,
09:33:14,17.23,200,
09:33:14,17.23,100,
09:33:16,17.24,500,
09:33:16,17.23,225,
09:33:16,17.23,500,
09:33:16,17.23,368,
09:33:16,17.24,313,
09:33:23,17.221,3500,
09:33:25,17.23,200,
09:33:26,17.23,1000,
09:33:28,17.24,300,
09:33:28,17.23,400,
09:33:32,17.2363,200,
09:33:35,17.2474,250,
09:33:40,17.25,600,
09:33:43,17.2499,600,
09:33:46,17.25,100,
09:33:50,17.26,251,
09:33:50,17.26,100,
09:33:59,17.2575,2000,
09:34:00,17.24,100,
09:34:00,17.24,100,
09:34:00,17.235,100,
09:34:08,17.241,3000,
09:34:10,17.25,100,
09:34:13,17.2315,800,
09:34:19,17.2374,1000,
09:34:21,17.24,100,
09:34:21,17.25,226,
09:34:24,17.26,600,
09:34:25,17.26,200,
09:34:25,17.23,300,
09:34:25,17.24,100,
09:34:25,17.25,300,
09:34:25,17.26,176,
09:34:25,17.25,200,
09:34:25,17.25,1000,
09:34:25,17.25,1000,
09:34:25,17.24,100,
09:34:25,17.23,300,
09:34:25,17.23,900,
09:34:25,17.24,346,
09:34:25,17.24,100,
09:34:25,17.24,300,
09:34:25,17.23,100,
09:34:25,17.22,200,
09:34:25,17.23,600,
09:34:25,17.22,100,
09:34:25,17.21,400,
09:34:25,17.21,600,
09:34:26,17.22,600,
09:34:26,17.22,200,
09:34:26,17.22,200,
09:34:26,17.22,200,
09:34:26,17.22,200,
09:34:26,17.22,100,
09:34:26,17.22,200,
09:34:29,17.22,100,
09:34:29,17.22,600,
09:34:29,17.22,100,
09:34:29,17.21,900,
09:34:29,17.22,200,
09:34:30,17.2174,1000,
09:34:35,17.22,5000,
09:34:36,17.22,600,
09:34:36,17.22,100,
09:34:36,17.22,300,
09:34:36,17.22,900,
09:34:37,17.22,400,
09:34:37,17.22,200,
09:34:38,17.21,100,
09:34:38,17.22,400,
09:34:38,17.22,200,
09:34:38,17.22,200,
09:34:38,17.22,100,
09:34:38,17.22,200,
09:34:38,17.22,100,
09:34:38,17.22,100,
09:34:38,17.22,300,
09:34:40,17.2299,104,
09:34:42,17.229,200,
09:34:42,17.229,200,
09:34:44,17.228,400,
09:34:45,17.23,600,
09:34:45,17.23,600,
09:34:45,17.23,100,
09:34:45,17.22,377,
09:34:45,17.22,100,
09:34:45,17.23,200,
09:34:45,17.23,500,
09:34:45,17.23,100,
09:34:48,17.22,100,
09:34:49,17.21,800,
09:34:49,17.21,937,
09:34:49,17.21,200,
09:34:50,17.20,100,
09:34:53,17.20,242,
09:34:54,17.22,600,
09:34:54,17.22,200,
09:34:54,17.21,200,
09:34:56,17.2118,100,
09:35:00,17.21,200,
09:35:03,17.20,900,
09:35:03,17.19,300,
09:35:03,17.19,200,
09:35:03,17.19,200,
09:35:03,17.19,100,
09:35:04,17.20,300,
09:35:04,17.20,300,
09:35:04,17.20,100,
09:35:04,17.1975,100,
09:35:04,17.20,100,
09:35:06,17.20,200,
09:35:08,17.194,200,
09:35:08,17.20,600,
09:35:09,17.19,200,
09:35:09,17.1901,500,
09:35:11,17.193,400,
09:35:12,17.18,200,
09:35:12,17.19,100,
09:35:12,17.18,303,
09:35:12,17.19,300,
09:35:17,17.18,1000,
09:35:18,17.17,800,
09:35:19,17.17,200,
09:35:19,17.17,200,
09:35:19,17.17,400,
09:35:20,17.171,1000,
09:35:20,17.17,200,
09:35:21,17.16,400,
09:35:21,17.15,500,
09:35:21,17.15,500,
09:35:21,17.1501,3500,
09:35:22,17.1531,217,
09:35:22,17.1531,300,
09:35:23,17.15,1525,
09:35:23,17.153,300,
09:35:23,17.151,400,
09:35:23,17.15,1000,
09:35:24,17.1501,1200,
09:35:25,17.15,100,
09:35:25,17.16,100,
09:35:25,17.16,200,
09:35:26,17.15,300,
09:35:27,17.16,800,
09:35:27,17.16,500,
09:35:27,17.16,100,
09:35:27,17.16,500,
09:35:29,17.15,100,
09:35:29,17.17,600,
09:35:29,17.16,700,
09:35:29,17.16,100,
09:35:29,17.16,100,
09:35:31,17.1793,300,
09:35:32,17.17,100,
09:35:32,17.17,300,
09:35:32,17.17,100,
09:35:32,17.16,200,
09:35:32,17.16,900,
09:35:33,17.1647,1000,
09:35:34,17.1699,700,
09:35:34,17.1685,100,
09:35:37,17.17,600,
09:35:37,17.17,125,
09:35:38,17.16,4000,
09:35:40,17.1799,148,
09:35:41,17.1799,100,
09:35:43,17.18,100,
09:35:43,17.17,300,
09:35:43,17.17,100,
09:35:44,17.18,300,
09:35:45,17.18,100,
09:35:45,17.18,100,
09:35:47,17.179,100,
09:35:47,17.188,400,
09:35:48,17.1795,200,
09:35:48,17.18,600,
09:35:48,17.18,900,
09:35:50,17.179,700,
09:35:55,17.1705,200,
09:35:57,17.1799,2000,
09:35:57,17.18,200,
09:35:57,17.18,100,
09:35:57,17.1701,400,
09:35:59,17.18,200,
09:36:01,17.18,100,
09:36:02,17.1731,166,
09:36:05,17.17,600,
09:36:05,17.17,100,
09:36:07,17.17,100,
09:36:08,17.1601,400,
09:36:10,17.1601,100,
09:36:11,17.17,200,
09:36:11,17.165,100,
09:36:15,17.1601,300,
09:36:19,17.169,500,
09:36:20,17.16,300,
09:36:20,17.161,300,
09:36:21,17.16,5000,
09:36:21,17.17,600,
09:36:21,17.17,234,
09:36:21,17.17,600,
09:36:22,17.17,200,
09:36:22,17.17,400,
09:36:23,17.16,2000,
09:36:23,17.169,400,
09:36:23,17.169,500,
09:36:25,17.1695,1000,
09:36:26,17.168,1000,
09:36:27,17.16,300,
09:36:28,17.1629,500,
09:36:30,17.16,300,
09:36:30,17.17,800,
09:36:30,17.17,100,
09:36:30,17.17,120,
09:36:30,17.17,200,
09:36:30,17.16,300,
09:36:30,17.17,200,
09:36:30,17.17,200,
09:36:36,17.1669,100,
09:36:40,17.1601,3000,
09:36:42,17.1695,1000,
09:36:44,17.17,300,
09:36:44,17.17,600,
09:36:44,17.17,300,
09:36:44,17.17,600,
09:36:44,17.17,200,
09:36:44,17.17,600,
09:36:44,17.17,800,
09:36:44,17.17,200,
09:36:44,17.17,199,
09:36:44,17.17,300,
09:36:44,17.17,100,
09:36:44,17.17,200,
09:36:44,17.17,350,
09:36:44,17.17,200,
09:36:44,17.17,200,
09:36:44,17.17,600,
09:36:44,17.17,500,
09:36:44,17.17,100,
09:36:44,17.17,300,
09:36:44,17.17,500,
09:36:44,17.17,599,
09:36:44,17.17,198,
09:36:44,17.17,200,
09:36:44,17.169,200,
09:36:46,17.1626,1722,
09:36:47,17.17,700,
09:36:47,17.17,200,
09:36:48,17.169,100,
09:36:48,17.169,200,
09:36:50,17.1699,378,
09:36:52,17.18,200,
09:36:52,17.18,100,
09:36:53,17.17,500,
09:36:59,17.179,1500,
09:37:01,17.18,600,
09:37:01,17.18,600,
09:37:01,17.18,600,
09:37:01,17.18,500,
09:37:01,17.18,700,
09:37:01,17.18,900,
09:37:01,17.18,600,
09:37:01,17.18,100,
09:37:01,17.18,250,
09:37:01,17.1718,1100,
09:37:02,17.179,700,
09:37:05,17.18,100,
09:37:05,17.18,600,
09:37:05,17.18,1900,
09:37:05,17.18,800,
09:37:05,17.18,100,
09:37:05,17.18,200,
09:37:06,17.189,400,
09:37:08,17.19,300,
09:37:08,17.19,600,
09:37:08,17.19,200,
09:37:08,17.19,100,
09:37:08,17.1899,100,
09:37:10,17.19,300,
09:37:11,17.19,100,
09:37:11,17.19,300,
09:37:11,17.19,300,
09:37:11,17.19,100,
09:37:11,17.19,100,
09:37:11,17.18,100,
09:37:11,17.18,200,
09:37:11,17.181,200,
09:37:13,17.19,300,
09:37:13,17.19,200,
09:37:16,17.19,200,
09:37:16,17.18,100,
09:37:16,17.18,200,
09:37:17,17.19,100,
09:37:17,17.189,500,
09:37:18,17.189,500,
09:37:20,17.181,300,
09:37:24,17.19,500,
09:37:26,17.17,100,
09:37:26,17.16,200,
09:37:26,17.16,100,
09:37:26,17.16,100,
09:37:26,17.16,100,
09:37:26,17.18,200,
09:37:26,17.16,1200,
09:37:26,17.17,600,
09:37:26,17.18,300,
09:37:26,17.18,400,
09:37:26,17.16,100,
09:37:28,17.17,600,
09:37:28,17.17,300,
09:37:28,17.17,300,
09:37:28,17.17,200,
09:37:28,17.17,200,
09:37:28,17.16,100,
09:37:31,17.169,300,
09:37:31,17.169,300,
09:37:32,17.1699,700,
09:37:32,17.1699,100,
09:37:33,17.1695,100,
09:37:34,17.17,100,
09:37:34,17.18,200,
09:37:34,17.18,100,
09:37:36,17.18,500,
09:37:38,17.1712,140,
09:37:39,17.172,600,
09:37:41,17.18,100,
09:37:41,17.1826,1000,
09:37:44,17.18,400,
09:37:44,17.18,400,
09:37:44,17.18,500,
09:37:44,17.18,400,
09:37:44,17.18,300,
09:37:44,17.18,400,
09:37:44,17.18,1800,
09:37:44,17.18,239,
09:37:44,17.18,12961,
09:37:44,17.18,400,
09:37:44,17.17,600,
09:37:44,17.17,300,
09:37:44,17.1801,300,
09:37:50,17.1782,300,
09:37:51,17.17,300,
09:37:52,17.18,100,
09:37:53,17.18,400,
09:37:53,17.19,400,
09:37:56,17.19,600,
09:37:57,17.182,500,
09:37:57,17.18,100,
09:37:58,17.1815,200,
09:38:01,17.1799,1000,
09:38:04,17.17,200,
09:38:06,17.17,400,
09:38:08,17.1782,500,
09:38:11,17.18,200,
09:38:11,17.18,300,
09:38:11,17.18,1900,
09:38:11,17.18,200,
09:38:11,17.18,600,
09:38:11,17.18,100,
09:38:11,17.18,200,
09:38:11,17.18,1100,
09:38:11,17.18,200,
09:38:11,17.18,100,
09:38:11,17.18,100,
09:38:11,17.18,100,
09:38:11,17.175,200,
09:38:21,17.17,200,
09:38:23,17.18,100,
09:38:23,17.179,600,
09:38:24,17.178,1700,
09:38:27,17.18,10000,
09:38:32,17.18,600,
09:38:32,17.18,100,
09:38:33,17.18,600,
09:38:37,17.179,2500,
09:38:40,17.1769,200,
09:38:42,17.179,300,
09:38:43,17.1799,3000,
09:38:44,17.17,400,
09:38:44,17.16,260,
09:38:45,17.17,100,
09:38:45,17.1669,300,
09:38:49,17.17,200,
09:38:49,17.17,600,
09:38:49,17.17,400,
09:38:49,17.17,100,
09:38:49,17.17,200,
09:38:49,17.17,200,
09:38:49,17.17,200,
09:38:49,17.17,200,
09:38:50,17.1705,100,
09:38:53,17.169,300,
09:38:53,17.169,300,
09:38:53,17.16,300,
09:38:54,17.17,300,
09:38:54,17.17,300,
09:38:54,17.17,300,
09:38:54,17.17,300,
09:38:55,17.1701,1600,
09:39:02,17.161,500,
09:39:02,17.17,100,
09:39:02,17.17,300,
09:39:03,17.1799,115,
09:39:03,17.18,200,
09:39:05,17.18,100,
09:39:08,17.18,200,
09:39:08,17.18,200,
09:39:08,17.18,600,
09:39:08,17.18,100,
09:39:08,17.18,400,
09:39:08,17.18,300,
09:39:08,17.18,300,
09:39:08,17.18,300,
09:39:08,17.18,300,
09:39:08,17.1799,200,
09:39:11,17.18,200,
09:39:11,17.18,200,
09:39:11,17.18,300,
09:39:11,17.18,400,
09:39:12,17.18,400,
09:39:12,17.18,100,
09:39:14,17.18,100,
09:39:14,17.18,499,
09:39:14,17.18,600,
09:39:14,17.18,200,
09:39:17,17.189,100,
09:39:21,17.19,600,
09:39:22,17.19,600,
09:39:25,17.19,151,
09:39:29,17.1995,1000,
09:39:31,17.199,700,
09:39:31,17.20,300,
09:39:32,17.191,100,
09:39:32,17.191,2400,
09:39:33,17.19,100,
09:39:36,17.199,2000,
09:39:40,17.18,300,
09:39:40,17.17,100,
09:39:40,17.18,100,
09:39:42,17.17,200,
09:39:42,17.17,200,
09:39:50,17.179,200,
09:39:51,17.179,100,
09:39:54,17.179,300,
09:39:56,17.179,200,
09:40:00,17.1775,100,
09:40:09,17.1799,200,
09:40:16,17.175,100,
09:40:23,17.18,600,
09:40:24,17.19,210,
09:40:34,17.2001,130,
09:40:36,17.21,400,
09:40:41,17.209,600,
09:40:42,17.209,300,
09:40:43,17.2074,1000,
09:40:47,17.2101,1200,
09:40:50,17.219,200,
09:40:52,17.2399,1000,
09:40:54,17.2295,1000,
09:40:57,17.239,5600,
09:40:57,17.24,100,
09:40:58,17.22,600,
09:40:59,17.229,300,
09:40:59,17.23,600,
09:40:59,17.229,100,
09:40:59,17.24,700,
09:40:59,17.229,600,
09:41:00,17.239,500,
09:41:00,17.239,600,
09:41:00,17.24,1209,
09:41:00,17.239,100,
09:41:00,17.23,200,
09:41:00,17.22,100,
09:41:01,17.21,400,
09:41:02,17.239,300,
09:41:04,17.21,1200,
09:41:04,17.21,400,
09:41:05,17.21,600,
09:41:05,17.2101,1500,
09:41:11,17.219,300,
09:41:12,17.218,415,
09:41:17,17.2165,1000,
09:41:19,17.21,300,
09:41:19,17.20,100,
09:41:19,17.20,300,
09:41:19,17.20,300,
09:41:20,17.18,200,
09:41:20,17.18,100,
09:41:20,17.18,200,
09:41:22,17.18,300,
09:41:27,17.18,100,
09:41:27,17.17,1000,
09:41:27,17.18,200,
09:41:27,17.18,200,
09:41:27,17.18,400,
09:41:27,17.18,200,
09:41:29,17.188,700,
09:41:32,17.1899,300,
09:41:35,17.19,300,
09:41:35,17.19,600,
09:41:35,17.19,100,
09:41:35,17.19,600,
09:41:35,17.199,100,
09:41:35,17.20,600,
09:41:35,17.20,600,
09:41:35,17.20,600,
09:41:35,17.1974,500,
09:41:36,17.20,282,
09:41:36,17.21,100,
09:41:37,17.2001,1000,
09:41:42,17.2099,100,
09:41:44,17.21,400,
09:41:44,17.21,200,
09:41:46,17.21,100,
09:41:46,17.21,200,
09:41:46,17.21,100,
09:41:50,17.20,100,
09:41:50,17.20,6400,
09:41:52,17.2099,500,
09:42:03,17.213,600,
09:42:07,17.213,450,
09:42:12,17.21,100,
09:42:22,17.2289,100,
09:42:26,17.2299,100,
09:42:35,17.21,100,
09:42:39,17.22,100,
09:42:41,17.213,100,
09:42:51,17.223,3000,
09:42:54,17.22,100,
09:42:56,17.23,300,
09:42:56,17.23,300,
09:42:56,17.23,400,
09:42:57,17.239,100,
09:42:58,17.2399,1400,
09:43:00,17.24,100,
09:43:00,17.2399,200,
09:43:00,17.24,300,
09:43:04,17.2395,250,
09:43:12,17.2374,500,
09:43:13,17.23,100,
09:43:13,17.23,100,
09:43:13,17.23,600,
09:43:14,17.23,300,
09:43:14,17.23,100,
09:43:14,17.23,100,
09:43:15,17.239,300,
09:43:15,17.239,400,
09:43:19,17.23,100,
09:43:19,17.23,200,
09:43:20,17.2399,1000,
09:43:27,17.232,500,
09:43:27,17.231,4000,
09:43:31,17.2431,100,
09:43:33,17.25,100,
09:43:35,17.27,102,
09:43:37,17.2576,1000,
09:43:51,17.25,1000,
09:43:51,17.2399,250,
09:43:54,17.23,200,
09:43:54,17.231,200,
09:44:01,17.25,200,
09:44:15,17.24,300,
09:44:18,17.251,7000,
09:44:18,17.25,300,
09:44:26,17.26,100,
09:44:26,17.26,200,
09:44:30,17.251,4500,
09:44:39,17.253,435,
09:44:40,17.26,300,
09:44:40,17.2601,300,
09:44:40,17.26,300,
09:44:41,17.2682,1000,
09:44:44,17.2601,1000,
09:44:45,17.26,100,
09:44:45,17.26,100,
09:44:47,17.2695,100,
09:44:51,17.26,200,
09:44:53,17.26,3300,
09:44:53,17.2699,1100,
09:44:56,17.268,800,
09:44:56,17.2699,200,
09:44:58,17.27,100,
09:45:00,17.2769,100,
09:45:06,17.269,500,
09:45:09,17.2699,1500,
09:45:12,17.2799,3000,
09:45:14,17.28,100,
09:45:14,17.28,100,
09:45:14,17.27,1400,
09:45:15,17.2701,300,
09:45:15,17.27,700,
09:45:16,17.2701,100,
09:45:19,17.27,100,
09:45:19,17.27,600,
09:45:27,17.26,300,
09:45:30,17.27,400,
09:45:33,17.29,1000,
09:45:34,17.28,300,
09:45:36,17.28,2000,
09:45:41,17.2705,200,
09:45:44,17.271,700,
09:45:44,17.271,800,
09:45:46,17.2799,4000,
09:45:47,17.2799,200,
09:45:50,17.28,100,
09:45:50,17.28,100,
09:45:54,17.2795,900,
09:46:02,17.2805,1000,
09:46:04,17.28,300,
09:46:04,17.28,300,
09:46:04,17.28,100,
09:46:06,17.29,600,
09:46:08,17.29,400,
09:46:08,17.29,100,
09:46:10,17.2969,200,
09:46:11,17.2925,2000,
09:46:13,17.30,100,
09:46:13,17.30,100,
09:46:13,17.30,100,
09:46:13,17.30,100,
09:46:13,17.30,1900,
09:46:13,17.30,102,
09:46:13,17.30,200,
09:46:13,17.30,100,
09:46:13,17.30,100,
09:46:13,17.30,300,
09:46:13,17.30,100,
09:46:13,17.30,100,
09:46:13,17.30,200,
09:46:13,17.30,400,
09:46:13,17.30,100,
09:46:13,17.30,125,
09:46:13,17.30,100,
09:46:13,17.30,100,
09:46:13,17.30,100,
09:46:13,17.30,100,
09:46:13,17.30,200,
09:46:13,17.30,100,
09:46:13,17.30,600,
09:46:13,17.30,100,
09:46:13,17.30,200,
09:46:13,17.30,200,
09:46:13,17.30,100,
09:46:13,17.30,100,
09:46:13,17.30,100,
09:46:13,17.30,200,
09:46:13,17.30,200,
09:46:13,17.30,100,
09:46:13,17.31,100,
09:46:13,17.31,100,
09:46:13,17.31,100,
09:46:13,17.31,100,
09:46:14,17.30,100,
09:46:15,17.29,800,
09:46:16,17.30,200,
09:46:16,17.30,200,
09:46:18,17.299,1600,
09:46:19,17.29,400,
09:46:19,17.29,100,
09:46:20,17.291,300,
09:46:22,17.2999,500,
09:46:26,17.2974,1000,
09:46:28,17.291,200,
09:46:30,17.30,200,
09:46:35,17.2931,250,
09:46:39,17.2982,500,
09:46:39,17.2999,100,
09:46:39,17.30,600,
09:46:41,17.29,400,
09:46:45,17.299,2000,
09:46:51,17.2901,300,
09:46:56,17.30,400,
09:46:57,17.30,201,
09:46:57,17.30,400,
09:46:57,17.30,399,
09:47:00,17.309,100,
09:47:00,17.31,100,
09:47:03,17.3115,2600,
09:47:06,17.318,1000,
09:47:09,17.31,100,
09:47:09,17.3126,1800,
09:47:12,17.31,200,
09:47:12,17.31,218,
09:47:12,17.31,2900,
09:47:12,17.31,225,
09:47:16,17.30,300,
09:47:18,17.3075,2000,
09:47:19,17.301,300,
09:47:21,17.31,200,
09:47:21,17.301,100,
09:47:27,17.301,900,
09:47:27,17.301,250,
09:47:28,17.30,100,
09:47:28,17.30,100,
09:47:30,17.31,800,
09:47:30,17.31,200,
09:47:37,17.3299,1000,
09:47:39,17.3201,1000,
09:47:41,17.33,300,
09:47:43,17.3245,1000,
09:47:43,17.32,100,
09:47:43,17.32,500,
09:47:44,17.321,2400,
09:47:44,17.321,2400,
09:47:44,17.321,1100,
09:47:45,17.3201,300,
09:47:45,17.329,500,
09:47:46,17.32,400,
09:47:47,17.31,200,
09:47:47,17.3189,1000,
09:47:47,17.32,100,
09:47:47,17.32,300,
09:47:49,17.32,200,
09:47:49,17.32,1000,
09:47:49,17.33,175,
09:47:49,17.33,200,
09:47:49,17.33,400,
09:47:49,17.33,400,
09:47:52,17.32,800,
09:47:56,17.321,100,
09:47:57,17.323,200,
09:48:03,17.3289,1000,
09:48:04,17.321,200,
09:48:04,17.321,1300,
09:48:04,17.321,600,
09:48:06,17.321,150,
09:48:06,17.321,200,
09:48:06,17.321,400,
09:48:07,17.321,300,
09:48:12,17.339,1156,
09:48:15,17.338,800,
09:48:20,17.3301,2000,
09:48:22,17.33,1000,
09:48:23,17.331,1800,
09:48:24,17.331,600,
09:48:28,17.337,400,
09:48:36,17.3399,3000,
09:48:37,17.3375,3000,
09:48:44,17.35,199,
09:48:44,17.35,200,
09:48:45,17.35,100,
09:48:45,17.3482,500,
09:48:45,17.339,228,
09:48:45,17.35,1036,
09:48:46,17.3482,500,
09:48:52,17.35,300,
09:48:56,17.3401,100,
09:48:57,17.3399,500,
09:49:04,17.34,1153,
09:49:09,17.338,1000,
09:49:15,17.34,2500,
09:49:15,17.339,1000,
09:49:19,17.33,300,
09:49:19,17.33,100,
09:49:19,17.35,1000,
09:49:37,17.3482,1000,
09:49:40,17.34,100,
09:49:42,17.32,1900,
09:49:45,17.33,300,
09:49:45,17.33,200,
09:49:47,17.33,100,
09:49:48,17.33,100,
09:49:50,17.33,500,
09:49:50,17.33,200,
09:49:50,17.33,900,
09:49:51,17.331,1200,
09:50:00,17.32,100,
09:50:00,17.32,200,
09:50:00,17.32,300,
09:50:02,17.3201,100,
09:50:02,17.32,100,
09:50:04,17.32,100,
09:50:06,17.33,100,
09:50:09,17.33,200,
09:50:09,17.33,100,
09:50:10,17.322,1515,
09:50:18,17.339,950,
09:50:22,17.34,100,
09:50:22,17.34,100,
09:50:25,17.341,1000,
09:50:26,17.36,161,
09:50:28,17.36,300,
09:50:28,17.36,600,
09:50:30,17.36,600,
09:50:30,17.37,400,
09:50:30,17.37,100,
09:50:30,17.37,199,
09:50:30,17.358,1000,
09:50:31,17.3701,6900,
09:50:32,17.372,300,
09:50:32,17.3715,2600,
09:50:37,17.3795,1000,
09:50:38,17.38,200,
09:50:38,17.38,200,
09:50:40,17.3815,2000,
09:50:42,17.38,100,
09:50:42,17.388,800,
09:50:42,17.38,300,
09:50:42,17.38,100,
09:50:42,17.38,100,
09:50:42,17.38,100,
09:50:42,17.3701,400,
09:50:43,17.3701,2100,
09:50:43,17.38,200,
09:50:43,17.37,100,
09:50:43,17.3701,100,
09:50:43,17.37,100,
09:50:43,17.37,500,
09:50:44,17.3799,300,
09:50:47,17.37,100,
09:50:49,17.3701,100,
09:50:51,17.377,100,
09:50:56,17.3774,500,
09:51:00,17.38,100,
09:51:03,17.37,100,
09:51:07,17.378,575,
09:51:15,17.3874,1000,
09:51:15,17.38,100,
09:51:15,17.38,100,
09:51:15,17.38,200,
09:51:15,17.389,1000,
09:51:17,17.3801,200,
09:51:17,17.38,200,
09:51:17,17.38,100,
09:51:18,17.39,100,
09:51:18,17.39,100,
09:51:18,17.39,100,
09:51:18,17.39,100,
09:51:18,17.3901,200,
09:51:20,17.39,100,
09:51:20,17.39,200,
09:51:20,17.38,300,
09:51:27,17.39,1000,
09:51:43,17.3818,500,
09:51:48,17.379,200,
09:51:51,17.372,500,
09:51:54,17.38,400,
09:51:54,17.39,100,
09:51:55,17.38,100,
09:52:04,17.39,200,
09:52:12,17.3731,200,
09:52:18,17.36,300,
09:52:18,17.361,200,
09:52:18,17.361,100,
09:52:18,17.365,400,
09:52:18,17.36,300,
09:52:19,17.37,100,
09:52:19,17.37,400,
09:52:19,17.37,146,
09:52:19,17.37,100,
09:52:19,17.37,600,
09:52:19,17.37,200,
09:52:19,17.37,100,
09:52:19,17.36,200,
09:52:19,17.37,200,
09:52:19,17.37,100,
09:52:22,17.362,1500,
09:52:23,17.36,100,
09:52:23,17.3618,400,
09:52:25,17.361,1100,
09:52:36,17.36,200,
09:52:36,17.36,200,
09:52:42,17.36,400,
09:52:42,17.36,100,
09:52:42,17.36,100,
09:52:45,17.3626,1830,
09:52:46,17.37,600,
09:52:46,17.37,200,
09:52:46,17.37,400,
09:52:46,17.37,600,
09:52:46,17.37,100,
09:52:46,17.37,100,
09:52:46,17.37,300,
09:52:50,17.37,300,
09:52:50,17.37,200,
09:52:52,17.369,1000,
09:52:53,17.36,200,
09:53:02,17.36,200,
09:53:02,17.3601,600,
09:53:02,17.36,100,
09:53:10,17.3501,1000,
09:53:13,17.35,600,
09:53:17,17.35,300,
09:53:20,17.3501,600,
09:53:32,17.35,300,
09:53:32,17.34,200,
09:53:33,17.35,400,
09:53:33,17.35,400,
09:53:45,17.34,100,
09:53:45,17.34,100,
09:53:47,17.3301,400,
09:53:48,17.34,400,
09:53:54,17.33,200,
09:53:58,17.3299,300,
09:54:01,17.3205,1200,
09:54:02,17.321,600,
09:54:04,17.32,100,
09:54:04,17.32,5000,
09:54:07,17.321,300,
09:54:09,17.3205,160,
09:54:15,17.33,1300,
09:54:15,17.33,100,
09:54:15,17.33,100,
09:54:15,17.33,100,
09:54:16,17.34,100,
09:54:16,17.34,1399,
09:54:16,17.34,100,
09:54:16,17.34,600,
09:54:16,17.34,401,
09:54:16,17.34,100,
09:54:16,17.34,300,
09:54:16,17.34,200,
09:54:16,17.34,600,
09:54:16,17.34,100,
09:54:16,17.34,300,
09:54:16,17.34,100,
09:54:16,17.34,100,
09:54:17,17.3301,2000,
09:54:20,17.34,200,
09:54:26,17.34,100,
09:54:28,17.34,400,
09:54:28,17.34,600,
09:54:47,17.3411,1000,
09:54:47,17.3411,1000,
09:54:47,17.34,300,
09:54:48,17.34,100,
09:54:49,17.341,100,
09:54:52,17.338,666,
09:54:59,17.3373,400,
09:55:08,17.33,500,
09:55:17,17.321,100,
09:55:20,17.33,100,
09:55:24,17.32,100,
09:55:24,17.32,100,
09:55:24,17.321,300,
09:55:25,17.3269,200,
09:55:30,17.32,200,
09:55:34,17.321,500,
09:55:46,17.3201,500,
09:56:02,17.31,500,
09:56:04,17.32,200,
09:56:15,17.3105,500,
09:56:30,17.33,100,
09:56:30,17.33,100,
09:56:30,17.35,200,
09:56:30,17.34,400,
09:56:31,17.35,200,
09:56:31,17.35,100,
09:56:31,17.35,200,
09:56:31,17.35,200,
09:56:31,17.34,200,
09:56:37,17.34,600,
09:56:41,17.33,300,
09:56:51,17.3301,1500,
09:56:58,17.35,100,
09:56:58,17.35,100,
09:56:59,17.36,600,
09:56:59,17.36,190,
09:56:59,17.36,600,
09:56:59,17.36,100,
09:57:00,17.36,200,
09:57:01,17.36,400,
09:57:01,17.36,600,
09:57:10,17.36,300,
09:57:10,17.36,500,
09:57:14,17.36,100,
09:57:14,17.36,199,
09:57:31,17.362,1000,
09:57:35,17.3799,500,
09:57:42,17.3797,1000,
09:57:46,17.38,200,
09:57:49,17.38,100,
09:57:49,17.38,400,
09:57:51,17.3871,7077,
09:57:54,17.39,1547,
09:57:54,17.39,400,
09:57:57,17.391,700,
09:57:57,17.40,100,
09:57:57,17.40,300,
09:57:57,17.40,400,
09:57:57,17.40,300,
09:57:57,17.40,185,
09:57:57,17.40,100,
09:57:57,17.41,500,
09:57:57,17.41,145,
09:57:57,17.41,600,
09:57:57,17.41,400,
09:57:57,17.42,500,
09:57:57,17.40,100,
09:57:57,17.40,100,
09:57:57,17.40,200,
09:57:58,17.41,200,
09:57:58,17.41,200,
09:57:58,17.399,2000,
09:57:58,17.40,2000,
09:57:59,17.4099,900,
09:57:59,17.41,100,
09:57:59,17.4101,300,
09:57:59,17.4199,700,
09:58:00,17.4199,700,
09:58:02,17.42,600,
09:58:02,17.41,300,
09:58:02,17.4101,200,
09:58:02,17.41,500,
09:58:04,17.409,400,
09:58:04,17.409,300,
09:58:07,17.4001,1000,
09:58:07,17.401,300,
09:58:07,17.4005,1400,
09:58:08,17.4099,430,
09:58:16,17.41,300,
09:58:16,17.41,500,
09:58:16,17.41,200,
09:58:16,17.41,600,
09:58:16,17.41,1100,
09:58:16,17.41,400,
09:58:16,17.4101,100,
09:58:17,17.41,200,
09:58:17,17.41,100,
09:58:17,17.41,200,
09:58:18,17.41,200,
09:58:22,17.42,800,
09:58:23,17.419,5000,
09:58:24,17.42,200,
09:58:24,17.42,399,
09:58:25,17.43,300,
09:58:25,17.44,600,
09:58:25,17.43,400,
09:58:25,17.411,300,
09:58:26,17.43,120,
09:58:26,17.43,242,
09:58:26,17.43,242,
09:58:27,17.421,300,
09:58:28,17.4269,200,
09:58:31,17.43,100,
09:58:33,17.4201,3000,
09:58:44,17.4299,1000,
09:58:53,17.42,200,
09:58:54,17.42,200,
09:58:59,17.4199,800,
09:59:07,17.42,500,
09:59:08,17.419,500,
09:59:21,17.4099,1000,
09:59:23,17.40,400,
09:59:23,17.40,200,
09:59:23,17.40,600,
09:59:29,17.4099,600,
09:59:30,17.402,1400,
09:59:32,17.41,400,
09:59:34,17.41,300,
09:59:35,17.41,600,
09:59:36,17.41,1080,
09:59:41,17.42,3000,
09:59:42,17.42,600,
09:59:42,17.42,300,
09:59:45,17.4201,100,
09:59:47,17.4195,600,
09:59:48,17.42,100,
09:59:53,17.429,320,
09:59:58,17.42,100,
09:59:59,17.43,100,
10:00:02,17.44,276,
10:00:02,17.45,200,
10:00:04,17.44,1000,
10:00:04,17.45,241,
10:00:04,17.45,276,
10:00:05,17.44,200,
10:00:09,17.4411,400,
10:00:19,17.46,300,
10:00:22,17.45,1700,
10:00:23,17.4574,1700,
10:00:24,17.451,400,
10:00:26,17.4501,2900,
10:00:27,17.45,100,
10:00:27,17.45,267,
10:00:27,17.45,200,
10:00:27,17.45,200,
10:00:27,17.45,200,
10:00:27,17.451,400,
10:00:30,17.4506,1000,
10:00:33,17.451,200,
10:00:33,17.4569,100,
10:00:37,17.457,120,
10:00:40,17.45,300,
10:00:40,17.45,100,
10:00:46,17.4499,1700,
10:00:50,17.4484,500,
10:00:55,17.449,600,
10:01:04,17.449,700,
10:01:10,17.44,100,
10:01:14,17.4399,1000,
10:01:15,17.42,362,
10:01:15,17.42,500,
10:01:15,17.42,1100,
10:01:16,17.411,900,
10:01:16,17.41,300,
10:01:16,17.41,2800,
10:01:18,17.41,300,
10:01:19,17.42,1100,
10:01:19,17.42,200,
10:01:19,17.42,300,
10:01:19,17.42,100,
10:01:19,17.41,300,
10:01:19,17.41,500,
10:01:19,17.41,400,
10:01:24,17.4189,300,
10:01:28,17.41,129,
10:01:28,17.41,100,
10:01:28,17.41,500,
10:01:29,17.4099,500,
10:01:29,17.4069,180,
10:01:30,17.39,100,
10:01:31,17.39,200,
10:01:31,17.39,100,
10:01:32,17.37,1000,
10:01:34,17.372,1153,
10:01:35,17.3899,2000,
10:01:38,17.375,2500,
10:01:41,17.37,200,
10:01:43,17.3701,500,
10:01:47,17.371,300,
10:01:48,17.37,300,
10:01:48,17.37,300,
10:01:48,17.37,200,
10:01:50,17.371,1000,
10:01:53,17.39,500,
10:01:53,17.3899,200,
10:01:53,17.39,600,
10:01:53,17.39,100,
10:01:55,17.39,400,
10:01:55,17.39,200,
10:01:56,17.401,1700,
10:01:56,17.40,200,
10:01:56,17.40,200,
10:01:56,17.40,300,
10:01:56,17.399,600,
10:01:58,17.399,300,
10:01:59,17.409,1000,
10:01:59,17.409,4000,
10:02:03,17.3931,200,
10:02:03,17.3999,300,
10:02:05,17.3995,510,
10:02:22,17.3974,500,
10:02:26,17.3901,600,
10:02:32,17.40,100,
10:02:32,17.40,200,
10:02:32,17.40,641,
10:02:32,17.40,200,
10:02:32,17.40,600,
10:02:32,17.40,200,
10:02:32,17.40,100,
10:02:32,17.40,200,
10:02:32,17.40,200,
10:02:32,17.40,200,
10:02:32,17.40,400,
10:02:32,17.40,400,
10:02:32,17.401,100,
10:02:36,17.41,100,
10:02:42,17.41,100,
10:02:42,17.41,300,
10:02:42,17.41,200,
10:02:42,17.41,400,
10:02:42,17.41,100,
10:02:42,17.41,500,
10:02:48,17.41,200,
10:02:49,17.42,400,
10:02:50,17.42,100,
10:02:52,17.411,1000,
10:02:58,17.41,100,
10:03:10,17.4078,300,
10:03:33,17.40,100,
10:03:47,17.41,300,
10:03:49,17.42,200,
10:03:49,17.43,600,
10:03:50,17.43,600,
10:03:50,17.43,500,
10:03:50,17.43,100,
10:03:50,17.43,200,
10:03:50,17.43,500,
10:03:50,17.43,100,
10:03:50,17.43,200,
10:03:52,17.44,150,
10:03:52,17.44,100,
10:03:53,17.44,200,
10:03:53,17.44,300,
10:03:59,17.44,100,
10:04:09,17.45,100,
10:04:10,17.46,100,
10:04:10,17.45,200,
10:04:15,17.47,100,
10:04:19,17.46,100,
10:04:20,17.46,200,
10:04:20,17.46,1100,
10:04:20,17.46,100,
10:04:22,17.4675,2600,
10:04:22,17.4605,1000,
10:04:22,17.46,100,
10:04:22,17.46,200,
10:04:22,17.46,500,
10:04:23,17.47,100,
10:04:24,17.4687,800,
10:04:26,17.45,100,
10:04:35,17.4526,500,
10:04:42,17.4599,100,
10:04:44,17.459,300,
10:04:55,17.4545,300,
10:04:56,17.46,100,
10:04:57,17.4601,2000,
10:05:01,17.48,300,
10:05:04,17.48,100,
10:05:04,17.48,100,
10:05:07,17.48,500,
10:05:07,17.48,400,
10:05:17,17.4899,300,
10:05:18,17.50,300,
10:05:18,17.50,600,
10:05:18,17.50,100,
10:05:20,17.4999,800,
10:05:20,17.50,800,
10:05:22,17.5099,1000,
10:05:23,17.51,300,
10:05:24,17.51,300,
10:05:27,17.50,400,
10:05:29,17.5001,5000,
10:05:30,17.5025,2500,
10:05:31,17.5001,1000,
10:05:33,17.51,100,
10:05:33,17.51,200,
10:05:33,17.52,100,
10:05:34,17.51,400,
10:05:36,17.52,400,
10:05:36,17.52,200,
10:05:36,17.52,100,
10:05:36,17.52,100,
10:05:38,17.5118,1600,
10:05:39,17.51,500,
10:05:40,17.52,400,
10:05:40,17.52,100,
10:05:42,17.51,400,
10:05:42,17.50,1400,
10:05:45,17.50,200,
10:05:50,17.50,200,
10:05:56,17.508,2500,
10:05:57,17.5082,300,
10:05:57,17.5085,400,
10:05:57,17.5087,1000,
10:06:03,17.50,1000,
10:06:03,17.50,900,
10:06:03,17.50,100,
10:06:03,17.4974,500,
10:06:04,17.49,200,
10:06:04,17.49,200,
10:06:04,17.4999,500,
10:06:06,17.49,200,
10:06:09,17.50,700,
10:06:09,17.50,200,
10:06:09,17.50,100,
10:06:09,17.50,100,
10:06:09,17.50,100,
10:06:20,17.519,1900,
10:06:23,17.5174,1143,
10:06:29,17.5199,100,
10:06:30,17.52,600,
10:06:30,17.52,1100,
10:06:37,17.52,200,
10:06:38,17.52,100,
10:06:41,17.52,100,
10:06:41,17.52,200,
10:06:43,17.5201,3000,
10:06:45,17.53,300,
10:06:45,17.53,100,
10:06:50,17.53,200,
10:06:50,17.53,275,
10:06:50,17.53,500,
10:06:50,17.53,500,
10:06:50,17.53,300,
10:06:52,17.54,150,
10:06:56,17.54,400,
10:06:56,17.5377,500,
10:06:59,17.537,200,
10:07:00,17.54,300,
10:07:05,17.539,300,
10:07:08,17.531,200,
10:07:08,17.539,500,
10:07:11,17.537,400,
10:07:13,17.53,200,
10:07:14,17.53,200,
10:07:14,17.53,200,
10:07:14,17.53,400,
10:07:15,17.53,800,
10:07:18,17.5301,100,
10:07:25,17.531,100,
10:07:26,17.532,700,
10:07:26,17.54,200,
10:07:29,17.52,100,
10:07:29,17.52,900,
10:07:30,17.51,269,
10:07:30,17.51,200,
10:07:30,17.51,100,
10:07:30,17.51,522,
10:07:30,17.51,100,
10:07:31,17.50,400,
10:07:31,17.50,400,
10:07:31,17.50,200,
10:07:31,17.50,200,
10:07:31,17.50,200,
10:07:31,17.50,200,
10:07:33,17.51,200,
10:07:38,17.51,200,
10:07:38,17.51,200,
10:07:44,17.51,100,
10:07:45,17.50,250,
10:07:48,17.51,200,
10:07:48,17.51,100,
10:07:59,17.518,1690,
10:08:02,17.511,400,
10:08:05,17.502,500,
10:08:05,17.509,300,
10:08:17,17.5199,200,
10:08:23,17.501,200,
10:08:24,17.51,100,
10:08:24,17.51,600,
10:08:24,17.51,500,
10:08:25,17.51,100,
10:08:26,17.52,400,
10:08:31,17.52,400,
10:08:35,17.52,10000,
10:08:42,17.53,100,
10:08:49,17.5301,2000,
10:08:59,17.532,1036,
10:09:09,17.5352,1000,
10:09:20,17.54,200,
10:09:20,17.5401,400,
10:09:28,17.54,100,
10:09:34,17.54,1000,
10:09:38,17.529,300,
10:09:39,17.53,100,
10:09:39,17.53,200,
10:09:39,17.53,400,
10:09:44,17.52,100,
10:09:44,17.52,100,
10:09:44,17.52,100,
10:09:44,17.52,700,
10:09:44,17.52,100,
10:09:44,17.52,100,
10:09:44,17.52,100,
10:09:44,17.52,200,
10:09:49,17.52,100,
10:09:49,17.52,100,
10:09:55,17.53,100,
10:09:57,17.53,100,
10:10:00,17.5369,200,
10:10:02,17.55,200,
10:10:02,17.55,101,
10:10:02,17.55,500,
10:10:02,17.54,155,
10:10:02,17.55,100,
10:10:02,17.55,100,
10:10:02,17.55,100,
10:10:02,17.54,200,
10:10:04,17.54,100,
10:10:08,17.5474,1000,
10:10:11,17.54,700,
10:10:11,17.53,200,
10:10:11,17.541,500,
10:10:26,17.53,500,
10:10:29,17.535,1000,
10:10:32,17.531,2000,
10:10:35,17.53,100,
10:10:35,17.53,400,
10:10:36,17.53,850,
10:10:37,17.5299,1000,
10:10:42,17.54,150,
10:10:45,17.53,214,
10:10:49,17.5299,100,
10:10:51,17.521,500,
10:10:54,17.53,500,
10:10:54,17.53,183,
10:10:54,17.53,200,
10:10:56,17.53,300,
10:10:59,17.5226,1000,
10:11:03,17.5218,1610,
10:11:03,17.5255,300,
10:11:04,17.53,200,
10:11:04,17.53,200,
10:11:04,17.52,200,
10:11:04,17.53,100,
10:11:09,17.5265,100,
10:11:10,17.52,100,
10:11:18,17.512,1500,
10:11:21,17.52,400,
10:11:27,17.52,200,
10:11:29,17.521,400,
10:11:35,17.5118,1000,
10:11:35,17.51,200,
10:11:38,17.511,500,
10:11:40,17.5101,1000,
10:11:41,17.501,700,
10:11:41,17.50,5500,
10:11:42,17.50,3000,
10:11:43,17.501,1200,
10:11:45,17.50,300,
10:11:45,17.50,200,
10:11:46,17.49,400,
10:11:46,17.50,100,
10:11:50,17.501,700,
10:11:51,17.501,500,
10:11:51,17.502,811,
10:11:53,17.51,100,
10:11:56,17.50,1867,
10:11:56,17.50,100,
10:11:56,17.50,1400,
10:11:56,17.50,200,
10:11:56,17.50,400,
10:11:56,17.50,283,
10:11:56,17.50,800,
10:11:56,17.50,200,
10:11:56,17.50,700,
10:11:57,17.5045,5000,
10:12:05,17.50,500,
10:12:05,17.50,100,
10:12:06,17.50,400,
10:12:06,17.50,600,
10:12:06,17.50,500,
10:12:11,17.50,200,
10:12:13,17.4901,1000,
10:12:13,17.49,100,
10:12:13,17.49,200,
10:12:13,17.49,100,
10:12:18,17.49,600,
10:12:18,17.50,100,
10:12:18,17.50,300,
10:12:20,17.491,500,
10:12:21,17.49,100,
10:12:22,17.50,400,
10:12:22,17.50,200,
10:12:22,17.50,200,
10:12:29,17.51,200,
10:12:30,17.5101,2100,
10:12:36,17.52,100,
10:12:36,17.52,100,
10:12:40,17.5273,2500,
10:12:58,17.535,200,
10:12:59,17.53,200,
10:13:06,17.5355,500,
10:13:07,17.5482,1000,
10:13:12,17.55,200,
10:13:12,17.55,199,
10:13:12,17.55,200,
10:13:12,17.55,599,
10:13:12,17.55,200,
10:13:13,17.55,200,
10:13:13,17.55,600,
10:13:13,17.55,100,
10:13:13,17.55,100,
10:13:13,17.55,100,
10:13:13,17.56,100,
10:13:14,17.575,160,
10:13:16,17.57,400,
10:13:16,17.57,186,
10:13:16,17.57,367,
10:13:17,17.57,200,
10:13:18,17.569,2000,
10:13:18,17.57,100,
10:13:18,17.57,100,
10:13:19,17.57,200,
10:13:19,17.57,400,
10:13:19,17.57,200,
10:13:23,17.57,300,
10:13:23,17.57,600,
10:13:30,17.57,100,
10:13:36,17.57,400,
10:13:37,17.5795,300,
10:13:41,17.5701,700,
10:13:44,17.579,1000,
10:13:52,17.55,300,
10:13:52,17.5544,150,
10:13:57,17.5582,250,
10:14:00,17.5669,300,
10:14:00,17.56,800,
10:14:00,17.55,200,
10:14:01,17.555,1333,
10:14:01,17.555,200,
10:14:03,17.55,200,
10:14:03,17.5501,500,
10:14:06,17.559,100,
10:14:11,17.559,2000,
10:14:16,17.555,100,
10:14:25,17.5595,100,
10:14:30,17.56,1000,
10:14:35,17.55,100,
10:14:35,17.55,100,
10:14:38,17.552,1600,
10:14:39,17.558,382,
10:14:40,17.56,50000,
10:14:47,17.57,600,
10:14:47,17.57,300,
10:14:47,17.57,100,
10:14:47,17.57,600,
10:14:47,17.57,255,
10:14:47,17.57,200,
10:14:47,17.57,200,
10:14:47,17.57,800,
10:14:47,17.57,200,
10:14:47,17.58,100,
10:14:47,17.57,600,
10:14:47,17.58,150,
10:14:47,17.57,100,
10:14:54,17.5799,500,
10:14:54,17.5799,100,
10:15:00,17.58,100,
10:15:00,17.58,300,
10:15:02,17.5831,200,
10:15:10,17.5801,750,
10:15:10,17.58,200,
10:15:10,17.58,400,
10:15:10,17.58,100,
10:15:11,17.571,2500,
10:15:14,17.57,400,
10:15:14,17.57,300,
10:15:14,17.58,400,
10:15:14,17.58,300,
10:15:14,17.58,100,
10:15:14,17.58,400,
10:15:14,17.58,100,
10:15:14,17.5701,350,
10:15:17,17.58,100,
10:15:17,17.58,300,
10:15:18,17.57,100,
10:15:18,17.57,300,
10:15:22,17.57,100,
10:15:23,17.56,100,
10:15:28,17.56,100,
10:15:30,17.5675,2000,
10:15:42,17.56,300,
10:15:48,17.561,1700,
10:15:51,17.56,200,
10:15:52,17.56,300,
10:15:52,17.56,100,
10:15:52,17.56,200,
10:15:52,17.56,200,
10:15:56,17.56,200,
10:15:58,17.55,100,
10:15:58,17.55,200,
10:16:00,17.54,200,
10:16:00,17.54,100,
10:16:00,17.5399,100,
10:16:00,17.54,800,
10:16:00,17.54,500,
10:16:02,17.54,300,
10:16:02,17.54,153,
10:16:02,17.5301,2777,
10:16:06,17.53,300,
10:16:15,17.52,1000,
10:16:23,17.52,1400,
10:16:23,17.5105,100,
10:16:24,17.52,500,
10:16:28,17.5222,1000,
10:16:32,17.53,100,
10:16:32,17.53,100,
10:16:32,17.53,100,
10:16:35,17.53,200,
10:16:39,17.5325,200,
10:16:39,17.53,100,
10:16:39,17.53,1100,
10:16:43,17.52,100,
10:16:43,17.52,100,
10:16:43,17.52,100,
10:16:43,17.53,700,
10:16:43,17.53,700,
10:16:43,17.5299,600,
10:16:44,17.53,100,
10:16:53,17.5282,1200,
10:16:53,17.53,200,
10:16:53,17.53,100,
10:16:53,17.53,100,
10:16:53,17.53,100,
10:17:00,17.5318,1000,
10:17:00,17.54,200,
10:17:00,17.54,300,
10:17:00,17.53,200,
10:17:00,17.54,400,
10:17:08,17.55,100,
10:17:17,17.55,100,
10:17:17,17.55,100,
10:17:24,17.56,400,
10:17:30,17.56,600,
10:17:30,17.56,100,
10:17:32,17.56,100,
10:17:32,17.57,400,
10:17:32,17.57,300,
10:17:32,17.5601,500,
10:17:34,17.58,400,
10:17:35,17.58,100,
10:17:35,17.58,100,
10:17:35,17.58,100,
10:17:36,17.579,500,
10:17:36,17.58,300,
10:17:37,17.59,200,
10:17:37,17.59,1000,
10:17:37,17.59,400,
10:17:43,17.59,800,
10:17:48,17.589,500,
10:17:52,17.56,200,
10:17:53,17.561,300,
10:17:54,17.569,500,
10:17:57,17.58,200,
10:18:06,17.5899,300,
10:18:06,17.59,100,
10:18:07,17.59,600,
10:18:09,17.59,4800,
10:18:11,17.59,200,
10:18:11,17.5899,400,
10:18:11,17.5899,100,
10:18:11,17.5899,1600,
10:18:12,17.587,300,
10:18:22,17.5874,1000,
10:18:23,17.59,400,
10:18:23,17.59,100,
10:18:23,17.59,100,
10:18:26,17.58,200,
10:18:26,17.58,200,
10:18:28,17.58,500,
10:18:28,17.58,100,
10:18:28,17.58,200,
10:18:28,17.5799,600,
10:18:28,17.5799,100,
10:18:28,17.5799,200,
10:18:28,17.58,100,
10:18:28,17.5799,400,
10:18:28,17.58,200,
10:18:28,17.58,100,
10:18:28,17.5799,300,
10:18:28,17.5799,200,
10:18:31,17.5799,100,
10:18:32,17.57,400,
10:18:33,17.58,300,
10:18:33,17.58,200,
10:18:33,17.58,600,
10:18:33,17.58,600,
10:18:33,17.58,600,
10:18:33,17.58,300,
10:18:33,17.58,100,
10:18:33,17.58,600,
10:18:33,17.58,300,
10:18:33,17.58,600,
10:18:33,17.58,100,
10:18:33,17.58,200,
10:18:33,17.58,700,
10:18:33,17.58,200,
10:18:33,17.58,100,
10:18:33,17.58,100,
10:18:33,17.59,300,
10:18:33,17.59,200,
10:18:33,17.59,400,
10:18:33,17.59,300,
10:18:33,17.59,700,
10:18:33,17.58,100,
10:18:33,17.59,100,
10:18:33,17.59,600,
10:18:33,17.59,100,
10:18:33,17.59,300,
10:18:33,17.59,377,
10:18:33,17.59,600,
10:18:33,17.58,100,
10:18:33,17.59,200,
10:18:33,17.59,589,
10:18:33,17.59,414,
10:18:33,17.59,100,
10:18:33,17.58,300,
10:18:33,17.59,1500,
10:18:33,17.59,600,
10:18:33,17.59,800,
10:18:33,17.58,400,
10:18:34,17.59,100,
10:18:36,17.58,100,
10:18:36,17.58,100,
10:18:36,17.58,100,
10:18:37,17.58,600,
10:18:37,17.58,700,
10:18:38,17.58,400,
10:18:53,17.59,400,
10:18:53,17.59,100,
10:18:53,17.59,600,
10:18:57,17.599,300,
10:19:00,17.60,162,
10:19:00,17.60,239,
10:19:00,17.60,239,
10:19:00,17.60,361,
10:19:00,17.60,4700,
10:19:03,17.60,1000,
10:19:09,17.60,100,
10:19:11,17.61,1000,
10:19:13,17.6182,100,
10:19:13,17.61,255,
10:19:13,17.61,100,
10:19:13,17.61,420,
10:19:13,17.61,100,
10:19:13,17.61,134,
10:19:14,17.61,800,
10:19:14,17.61,300,
10:19:14,17.61,200,
10:19:14,17.61,1100,
10:19:14,17.61,300,
10:19:14,17.61,300,
10:19:15,17.62,1000,
10:19:17,17.61,100,
10:19:18,17.62,1000,
10:19:18,17.619,1000,
10:19:20,17.61,200,
10:19:20,17.61,100,
10:19:22,17.6199,500,
10:19:27,17.617,250,
10:19:27,17.62,100,
10:19:30,17.63,300,
10:19:30,17.63,999,
10:19:30,17.63,400,
10:19:30,17.63,400,
10:19:30,17.63,200,
10:19:30,17.63,600,
10:19:36,17.629,500,
10:19:38,17.63,1133,
10:19:38,17.63,800,
10:19:38,17.6399,1600,
10:19:38,17.63,300,
10:19:42,17.639,1000,
10:19:48,17.639,1000,
10:19:48,17.64,500,
10:19:48,17.64,100,
10:19:49,17.64,200,
10:19:49,17.64,300,
10:19:49,17.6399,300,
10:19:51,17.641,2000,
10:19:52,17.64,100,
10:19:54,17.64,600,
10:19:54,17.64,100,
10:19:54,17.64,200,
10:19:54,17.65,500,
10:19:54,17.65,402,
10:19:54,17.65,3000,
10:19:54,17.65,300,
10:19:55,17.65,120,
10:19:57,17.648,1000,
10:19:57,17.654,300,
10:19:58,17.66,200,
10:19:58,17.66,500,
10:20:00,17.65,200,
10:20:00,17.65,400,
10:20:00,17.66,400,
10:20:00,17.65,100,
10:20:00,17.6599,100,
10:20:00,17.66,100,
10:20:00,17.6577,100,
10:20:00,17.6535,100,
10:20:00,17.6556,100,
10:20:01,17.65,100,
10:20:01,17.65,100,
10:20:01,17.65,200,
10:20:01,17.65,600,
10:20:04,17.66,100,
10:20:09,17.6595,1000,
10:20:11,17.6585,400,
10:20:12,17.65,600,
10:20:12,17.65,300,
10:20:12,17.65,100,
10:20:13,17.64,100,
10:20:14,17.64,600,
10:20:14,17.64,300,
10:20:14,17.65,298,
10:20:16,17.6425,6000,
10:20:19,17.64,100,
10:20:23,17.6301,1250,
10:20:24,17.6475,2000,
10:20:24,17.639,200,
10:20:27,17.64,500,
10:20:27,17.639,300,
10:20:28,17.65,400,
10:20:28,17.65,600,
10:20:28,17.65,200,
10:20:28,17.65,100,
10:20:34,17.6499,4000,
10:20:35,17.65,200,
10:20:35,17.65,400,
10:20:35,17.6401,500,
10:20:37,17.64,100,
10:20:38,17.64,600,
10:20:41,17.6401,200,
10:20:48,17.639,1000,
10:20:48,17.639,2000,
10:20:54,17.65,600,
10:20:54,17.65,500,
10:20:54,17.65,400,
10:20:54,17.6599,2000,
10:20:57,17.65,500,
10:21:03,17.64,100,
10:21:04,17.65,100,
10:21:06,17.6301,100,
10:21:06,17.64,300,
10:21:07,17.64,100,
10:21:07,17.64,300,
10:21:12,17.65,1800,
10:21:13,17.6399,800,
10:21:14,17.6399,150,
10:21:14,17.64,733,
10:21:15,17.639,500,
10:21:15,17.6375,100,
10:21:15,17.639,300,
10:21:16,17.639,200,
10:21:18,17.649,300,
10:21:21,17.648,100,
10:21:22,17.6469,400,
10:21:35,17.64,100,
10:21:36,17.6499,300,
10:21:40,17.64,100,
10:21:40,17.65,400,
10:21:40,17.65,200,
10:21:40,17.65,100,
10:21:40,17.65,100,
10:21:40,17.65,100,
10:21:40,17.65,100,
10:21:42,17.63,1900,
10:21:44,17.61,200,
10:21:44,17.61,200,
10:21:47,17.61,200,
10:21:50,17.61,200,
10:21:51,17.61,200,
10:21:53,17.61,200,
10:21:53,17.61,300,
10:21:53,17.61,200,
10:21:53,17.61,600,
10:21:53,17.61,200,
10:21:53,17.61,300,
10:21:53,17.61,100,
10:21:53,17.61,100,
10:21:53,17.61,100,
10:21:53,17.61,100,
10:21:54,17.6001,500,
10:21:54,17.60,100,
10:21:54,17.60,100,
10:21:54,17.60,372,
10:21:56,17.60,127,
10:21:56,17.6001,600,
10:21:56,17.6001,100,
10:21:56,17.60,700,
10:21:56,17.6001,400,
10:21:56,17.6005,1000,
10:22:03,17.60,100,
10:22:03,17.593,300,
10:22:07,17.61,600,
10:22:07,17.61,600,
10:22:07,17.61,200,
10:22:07,17.6099,2000,
10:22:10,17.6126,700,
10:22:11,17.61,300,
10:22:15,17.6001,2000,
10:22:21,17.60,887,
10:22:24,17.6099,300,
10:22:24,17.6011,1000,
10:22:29,17.60,2000,
10:22:30,17.608,850,
10:22:33,17.601,2000,
10:22:40,17.60,600,
10:22:40,17.60,600,
10:22:40,17.60,100,
10:22:40,17.60,100,
10:22:40,17.60,200,
10:22:40,17.60,400,
10:22:42,17.6001,700,
10:22:42,17.61,200,
10:22:42,17.61,100,
10:22:42,17.61,400,
10:22:42,17.61,100,
10:22:42,17.61,600,
10:22:42,17.61,100,
10:22:44,17.61,400,
10:22:44,17.62,200,
10:22:44,17.6118,600,
10:22:52,17.6025,500,
10:23:03,17.602,1000,
10:23:06,17.61,300,
10:23:09,17.60,100,
10:23:09,17.5999,200,
10:23:18,17.5901,500,
10:23:18,17.59,200,
10:23:19,17.59,200,
10:23:22,17.593,250,
10:23:35,17.5999,100,
10:23:35,17.59,100,
10:23:35,17.59,100,
10:23:35,17.59,400,
10:23:39,17.58,100,
10:23:39,17.58,100,
10:23:41,17.58,900,
10:23:41,17.57,2700,
10:23:42,17.5705,800,
10:23:43,17.57,1196,
10:23:43,17.57,300,
10:23:43,17.57,100,
10:23:44,17.58,200,
10:23:44,17.58,100,
10:23:46,17.572,500,
10:23:46,17.5899,100,
10:23:51,17.58,600,
10:23:55,17.585,100,
10:24:02,17.58,200,
10:24:05,17.58,400,
10:24:06,17.58,400,
10:24:10,17.57,100,
10:24:19,17.5501,1000,
10:24:21,17.5526,900,
10:24:22,17.5499,200,
10:24:22,17.5499,100,
10:24:25,17.55,424,
10:24:25,17.55,600,
10:24:25,17.55,200,
10:24:27,17.5401,500,
10:24:30,17.541,6000,
10:24:33,17.541,1500,
10:24:34,17.53,100,
10:24:34,17.53,200,
10:24:36,17.53,500,
10:24:39,17.539,1000,
10:24:41,17.5201,5000,
10:24:42,17.524,500,
10:24:45,17.5118,600,
10:24:46,17.51,160,
10:24:49,17.5201,300,
10:24:53,17.5226,1143,
10:24:58,17.5253,1000,
10:25:00,17.521,600,
10:25:08,17.5369,300,
10:25:12,17.53,200,
10:25:16,17.521,400,
10:25:23,17.5218,800,
10:25:34,17.52,100,
10:25:37,17.521,500,
10:25:39,17.5231,100,
10:25:42,17.52,200,
10:25:42,17.52,300,
10:25:47,17.52,1500,
10:25:48,17.53,300,
10:25:51,17.54,100,
10:25:51,17.54,400,
10:25:51,17.54,300,
10:25:51,17.54,200,
10:25:59,17.55,200,
10:25:59,17.55,100,
10:25:59,17.55,600,
10:25:59,17.55,350,
10:25:59,17.55,400,
10:25:59,17.54,600,
10:26:34,17.52,300,
10:26:43,17.52,100,
10:26:46,17.529,6000,
10:26:58,17.52,100,
10:26:58,17.52,550,
10:26:58,17.51,1200,
10:27:06,17.5131,100,
10:27:14,17.51,1000,
10:27:14,17.5101,200,
10:27:17,17.5101,200,
10:27:17,17.50,1000,
10:27:17,17.50,500,
10:27:18,17.49,100,
10:27:18,17.49,100,
10:27:18,17.49,100,
10:27:18,17.49,100,
10:27:20,17.50,300,
10:27:20,17.50,1900,
10:27:20,17.4999,200,
10:27:29,17.50,200,
10:27:29,17.50,300,
10:27:29,17.49,200,
10:27:29,17.49,199,
10:27:31,17.50,300,
10:27:31,17.50,600,
10:27:48,17.51,300,
10:27:49,17.51,100,
10:27:49,17.51,600,
10:27:51,17.5018,900,
10:27:53,17.50,300,
10:28:00,17.50,100,
10:28:01,17.50,1000,
10:28:22,17.507,100,
10:28:24,17.51,200,
10:28:25,17.50,1000,
10:28:28,17.4907,400,
10:28:33,17.50,300,
10:28:48,17.491,300,
10:28:49,17.4926,1500,
10:29:09,17.4931,300,
10:29:12,17.50,100,
10:29:16,17.50,600,
10:29:16,17.50,900,
10:29:18,17.50,101,
10:29:18,17.49,200,
10:29:18,17.49,149,
10:29:18,17.50,100,
10:29:22,17.491,500,
10:29:24,17.49,300,
10:29:25,17.484,773,
10:29:25,17.484,1600,
10:29:26,17.49,300,
10:29:26,17.49,500,
10:29:26,17.50,100,
10:29:26,17.50,700,
10:29:26,17.51,200,
10:29:27,17.50,600,
10:29:32,17.4999,750,
10:30:02,17.51,100,
10:30:04,17.5101,150,
10:30:05,17.52,100,
10:30:05,17.52,200,
10:30:05,17.52,200,
10:30:05,17.52,300,
10:30:13,17.521,600,
10:30:16,17.53,300,
10:30:16,17.53,400,
10:30:16,17.53,100,
10:30:17,17.54,300,
10:30:19,17.531,200,
10:30:30,17.5255,500,
10:30:45,17.52,10000,
10:30:53,17.52,1200,
10:30:53,17.52,100,
10:30:55,17.511,300,
10:31:14,17.5074,1000,
10:31:17,17.51,300,
10:31:18,17.51,100,
10:31:25,17.508,1000,
10:31:26,17.50,1200,
10:31:26,17.48,300,
10:31:26,17.48,300,
10:31:26,17.48,1100,
10:31:26,17.48,300,
10:31:26,17.48,100,
10:31:26,17.48,100,
10:31:26,17.48,681,
10:31:26,17.48,100,
10:31:26,17.48,100,
10:31:28,17.481,200,
10:31:31,17.48,150,
10:31:34,17.481,100,
10:31:34,17.481,2100,
10:31:35,17.48,155,
10:31:36,17.48,300,
10:31:36,17.48,1600,
10:31:37,17.48,6200,
10:31:37,17.475,100,
10:31:40,17.47,10000,
10:31:41,17.48,1000,
10:31:42,17.47,2000,
10:31:42,17.48,200,
10:31:46,17.47,600,
10:31:47,17.4626,1000,
10:31:49,17.4601,1200,
10:31:54,17.46,700,
10:31:56,17.47,100,
10:31:58,17.461,100,
10:32:01,17.47,400,
10:32:01,17.47,300,
10:32:04,17.472,500,
10:32:17,17.48,1100,
10:32:17,17.48,300,
10:32:23,17.48,200,
10:32:49,17.48,600,
10:33:03,17.50,200,
10:33:24,17.4993,100,
10:33:37,17.51,100,
10:33:43,17.49,100,
10:33:52,17.491,100,
10:33:56,17.4926,600,
10:34:09,17.50,100,
10:34:40,17.50,100,
10:34:40,17.50,200,
10:34:42,17.5099,400,
10:34:42,17.51,200,
10:34:42,17.51,100,
10:34:44,17.52,200,
10:34:44,17.52,200,
10:34:44,17.52,200,
10:34:44,17.53,200,
10:34:48,17.5399,100,
10:34:55,17.55,600,
10:34:55,17.55,3800,
10:34:55,17.55,2300,
10:34:55,17.55,2700,
10:34:56,17.56,400,
10:34:57,17.56,10000,
10:35:08,17.54,400,
10:35:10,17.54,400,
10:35:24,17.53,100,
10:35:29,17.54,600,
10:35:34,17.55,200,
10:35:37,17.55,300,
10:35:43,17.56,100,
10:35:43,17.56,200,
10:35:44,17.56,100,
10:35:44,17.56,200,
10:35:44,17.56,200,
10:35:45,17.57,100,
10:35:45,17.56,200,
10:35:52,17.558,500,
10:35:57,17.57,100,
10:35:58,17.58,100,
10:35:58,17.569,4000,
10:36:00,17.5875,2000,
10:36:01,17.58,300,
10:36:01,17.58,200,
10:36:01,17.58,100,
10:36:02,17.58,100,
10:36:04,17.581,400,
10:36:11,17.5801,100,
10:36:12,17.58,100,
10:36:13,17.5866,175,
10:36:17,17.57,100,
10:36:17,17.5701,6800,
10:36:20,17.57,100,
10:36:20,17.58,100,
10:36:35,17.579,500,
10:36:38,17.588,500,
10:36:43,17.5869,400,
10:36:46,17.59,100,
10:36:47,17.60,1200,
10:36:58,17.5882,600,
10:37:09,17.56,200,
10:37:09,17.56,200,
10:37:16,17.57,200,
10:37:16,17.58,100,
10:37:21,17.58,100,
10:37:21,17.5799,100,
10:37:25,17.5799,500,
10:37:47,17.592,1000,
10:37:48,17.58,100,
10:37:51,17.60,300,
10:37:52,17.59,100,
10:37:56,17.592,500,
10:37:58,17.59,100,
10:38:11,17.60,100,
10:38:11,17.60,300,
10:38:11,17.60,100,
10:38:11,17.60,100,
10:38:11,17.60,400,
10:38:14,17.61,100,
10:38:14,17.62,200,
10:38:15,17.6199,2000,
10:38:18,17.62,200,
10:38:18,17.6201,200,
10:38:20,17.628,1000,
10:38:24,17.621,200,
10:38:24,17.621,100,
10:38:24,17.62,200,
10:38:24,17.62,134,
10:38:24,17.62,200,
10:38:25,17.62,200,
10:38:26,17.6152,1500,
10:38:27,17.6099,2000,
10:38:29,17.609,500,
10:38:38,17.6101,2000,
10:38:40,17.61,300,
10:38:40,17.61,100,
10:38:40,17.619,100,
10:38:41,17.619,1000,
10:38:41,17.619,100,
10:38:47,17.611,500,
10:38:55,17.62,500,
10:39:03,17.63,300,
10:39:05,17.637,200,
10:39:11,17.62,200,
10:39:12,17.6298,2200,
10:39:16,17.6295,1200,
10:39:16,17.63,448,
10:39:20,17.63,200,
10:39:25,17.63,200,
10:39:26,17.6269,200,
10:39:27,17.629,400,
10:39:29,17.627,3700,
10:39:34,17.6399,400,
10:39:34,17.6399,600,
10:39:38,17.65,100,
10:39:38,17.65,100,
10:39:38,17.65,600,
10:39:38,17.65,200,
10:39:38,17.65,100,
10:39:38,17.65,100,
10:39:38,17.65,700,
10:39:38,17.65,1200,
10:39:38,17.65,100,
10:39:38,17.65,100,
10:39:38,17.65,200,
10:39:38,17.65,100,
10:39:38,17.66,200,
10:39:38,17.66,200,
10:39:38,17.68,100,
10:39:38,17.66,1000,
10:39:38,17.66,500,
10:39:38,17.66,700,
10:39:38,17.67,100,
10:39:38,17.66,100,
10:39:38,17.66,100,
10:39:38,17.65,500,
10:39:38,17.6601,128,
10:39:41,17.68,400,
10:39:41,17.68,100,
10:39:42,17.6701,100,
10:39:42,17.67,500,
10:39:44,17.669,900,
10:39:44,17.669,800,
10:39:44,17.67,200,
10:39:44,17.67,300,
10:39:44,17.68,100,
10:39:46,17.6799,1200,
10:39:47,17.67,200,
10:39:47,17.67,600,
10:39:47,17.67,800,
10:39:48,17.66,100,
10:39:48,17.66,200,
10:39:48,17.66,400,
10:39:49,17.66,100,
10:39:49,17.65,200,
10:39:49,17.65,200,
10:39:49,17.65,200,
10:39:49,17.6599,100,
10:39:49,17.6599,100,
10:39:50,17.659,600,
10:39:51,17.66,200,
10:39:51,17.66,200,
10:39:52,17.67,1300,
10:39:53,17.6601,6690,
10:39:53,17.659,100,
10:39:53,17.659,500,
10:39:53,17.66,200,
10:39:58,17.6699,300,
10:40:02,17.678,1400,
10:40:03,17.69,400,
10:40:03,17.68,200,
10:40:04,17.68,300,
10:40:04,17.68,200,
10:40:04,17.68,200,
10:40:04,17.68,100,
10:40:04,17.68,500,
10:40:04,17.68,100,
10:40:05,17.68,200,
10:40:05,17.68,260,
10:40:05,17.68,100,
10:40:05,17.69,100,
10:40:05,17.69,200,
10:40:05,17.69,200,
10:40:05,17.69,1000,
10:40:05,17.699,5000,
10:40:05,17.69,200,
10:40:05,17.69,100,
10:40:05,17.69,100,
10:40:06,17.69,200,
10:40:06,17.699,500,
10:40:08,17.69,100,
10:40:08,17.69,200,
10:40:08,17.69,400,
10:40:08,17.69,200,
10:40:08,17.691,1000,
10:40:11,17.69,100,
10:40:11,17.6899,2000,
10:40:11,17.69,700,
10:40:11,17.69,300,
10:40:12,17.69,300,
10:40:12,17.69,200,
10:40:13,17.69,200,
10:40:14,17.70,100,
10:40:17,17.6901,5000,
10:40:18,17.6995,1000,
10:40:19,17.689,200,
10:40:24,17.69,200,
10:40:24,17.69,200,
10:40:24,17.69,416,
10:40:24,17.69,200,
10:40:26,17.689,300,
10:40:26,17.689,400,
10:40:28,17.69,100,
10:40:29,17.689,100,
10:40:31,17.6999,1000,
10:40:32,17.6969,300,
10:40:34,17.69,100,
10:40:34,17.68,400,
10:40:34,17.68,100,
10:40:34,17.68,400,
10:40:35,17.68,200,
10:40:38,17.68,400,
10:40:40,17.6862,600,
10:40:43,17.68,300,
10:40:43,17.69,100,
10:40:43,17.68,700,
10:40:43,17.69,100,
10:40:51,17.69,100,
10:40:55,17.70,600,
10:40:56,17.70,10000,
10:40:58,17.6801,1100,
10:41:01,17.70,600,
10:41:01,17.70,199,
10:41:01,17.70,100,
10:41:01,17.70,400,
10:41:01,17.70,200,
10:41:01,17.70,400,
10:41:01,17.70,300,
10:41:01,17.70,124,
10:41:01,17.70,100,
10:41:01,17.70,100,
10:41:01,17.70,100,
10:41:01,17.70,200,
10:41:01,17.70,100,
10:41:01,17.70,100,
10:41:01,17.70,300,
10:41:01,17.705,100,
10:41:01,17.70,100,
10:41:03,17.70,100,
10:41:04,17.70,600,
10:41:05,17.70,200,
10:41:05,17.709,200,
10:41:06,17.70,200,
10:41:07,17.70,300,
10:41:07,17.70,200,
10:41:08,17.70,100,
10:41:10,17.70,100,
10:41:10,17.70,400,
10:41:10,17.70,500,
10:41:10,17.70,129,
10:41:10,17.70,500,
10:41:11,17.70,193,
10:41:11,17.70,293,
10:41:13,17.70,307,
10:41:13,17.699,400,
10:41:15,17.70,200,
10:41:16,17.69,200,
10:41:16,17.70,100,
10:41:20,17.693,325,
10:41:22,17.699,400,
10:41:22,17.70,300,
10:41:23,17.699,300,
10:41:23,17.70,100,
10:41:23,17.699,1000,
10:41:23,17.70,700,
10:41:25,17.70,200,
10:41:25,17.70,200,
10:41:29,17.71,600,
10:41:32,17.709,2000,
10:41:33,17.71,100,
10:41:33,17.705,200,
10:41:33,17.705,300,
10:41:34,17.71,200,
10:41:34,17.705,700,
10:41:34,17.705,700,
10:41:34,17.705,100,
10:41:36,17.709,200,
10:41:37,17.705,200,
10:41:38,17.71,100,
10:41:38,17.71,100,
10:41:39,17.705,100,
10:41:40,17.705,100,
10:41:41,17.709,400,
10:41:42,17.71,400,
10:41:42,17.71,1000,
10:41:44,17.70,100,
10:41:48,17.709,200,
10:41:49,17.7099,400,
10:41:53,17.709,200,
10:41:54,17.705,100,
10:41:55,17.72,250,
10:41:55,17.72,750,
10:41:55,17.72,100,
10:41:55,17.72,100,
10:41:55,17.71,100,
10:41:55,17.71,9000,
10:41:58,17.72,100,
10:41:59,17.71,100,
10:42:00,17.72,100,
10:42:00,17.72,400,
10:42:02,17.7199,2600,
10:42:02,17.72,500,
10:42:02,17.72,300,
10:42:02,17.72,200,
10:42:02,17.72,200,
10:42:02,17.72,100,
10:42:02,17.72,100,
10:42:02,17.71,100,
10:42:05,17.71,300,
10:42:05,17.719,1000,
10:42:07,17.71,100,
10:42:07,17.71,100,
10:42:07,17.71,100,
10:42:07,17.71,100,
10:42:07,17.7199,4000,
10:42:11,17.70,275,
10:42:11,17.70,100,
10:42:11,17.70,400,
10:42:11,17.70,200,
10:42:11,17.7025,2000,
10:42:14,17.692,500,
10:42:16,17.70,700,
10:42:16,17.70,500,
10:42:17,17.6925,2000,
10:42:19,17.69,200,
10:42:19,17.69,300,
10:42:19,17.69,200,
10:42:20,17.69,100,
10:42:20,17.69,175,
10:42:22,17.69,2200,
10:42:31,17.68,300,
10:42:31,17.68,100,
10:42:32,17.6705,1200,
10:42:41,17.67,200,
10:42:41,17.679,500,
10:42:47,17.672,1500,
10:42:50,17.677,200,
10:42:50,17.67,200,
10:42:51,17.6701,200,
10:42:51,17.67,200,
10:42:51,17.67,1100,
10:42:52,17.6701,200,
10:42:53,17.672,1700,
10:42:54,17.68,200,
10:42:55,17.68,100,
10:42:58,17.68,100,
10:43:01,17.68,200,
10:43:03,17.69,100,
10:43:03,17.6899,1000,
10:43:18,17.69,100,
10:43:18,17.68,100,
10:43:18,17.6869,100,
10:43:26,17.6801,200,
10:43:28,17.68,100,
10:43:28,17.68,800,
10:43:29,17.68,100,
10:43:29,17.68,100,
10:43:32,17.6801,2000,
10:43:33,17.6799,600,
10:43:40,17.6899,100,
10:43:41,17.68,100,
10:43:42,17.6801,5000,
10:43:46,17.68,200,
10:43:53,17.66,100,
10:43:55,17.6601,300,
10:44:00,17.67,900,
10:44:01,17.66,1100,
10:44:02,17.662,400,
10:44:03,17.66,5900,
10:44:04,17.6625,100,
10:44:04,17.66,300,
10:44:06,17.6626,1100,
10:44:15,17.67,100,
10:44:15,17.67,200,
10:44:15,17.68,100,
10:44:38,17.66,100,
10:44:41,17.6605,1000,
10:44:47,17.663,200,
10:44:50,17.6601,5000,
10:44:59,17.665,100,
10:45:00,17.67,200,
10:45:00,17.67,100,
10:45:01,17.68,300,
10:45:03,17.67,100,
10:45:05,17.6611,1000,
10:45:10,17.67,700,
10:45:11,17.68,2000,
10:45:11,17.68,100,
10:45:15,17.68,300,
10:45:29,17.70,100,
10:45:29,17.69,100,
10:45:29,17.69,200,
10:45:29,17.69,100,
10:45:29,17.69,100,
10:45:31,17.69,100,
10:45:31,17.69,300,
10:45:34,17.70,488,
10:45:34,17.70,300,
10:45:34,17.70,800,
10:45:34,17.70,800,
10:45:34,17.70,600,
10:45:42,17.70,100,
10:45:50,17.7095,900,
10:45:51,17.7099,1700,
10:45:51,17.72,100,
10:45:51,17.72,600,
10:45:51,17.72,500,
10:45:51,17.72,300,
10:45:51,17.72,600,
10:45:51,17.72,3000,
10:45:51,17.71,300,
10:45:51,17.71,200,
10:45:51,17.71,200,
10:45:56,17.71,400,
10:45:58,17.6999,1000,
10:45:59,17.70,100,
10:46:01,17.6999,200,
10:46:01,17.6999,100,
10:46:14,17.695,100,
10:46:21,17.6989,150,
10:46:23,17.69,600,
10:46:23,17.69,400,
10:46:52,17.66,100,
10:46:54,17.65,400,
10:46:56,17.651,440,
10:47:03,17.66,100,
10:47:03,17.67,100,
10:47:03,17.66,100,
10:47:03,17.66,400,
10:47:03,17.66,100,
10:47:03,17.67,500,
10:47:04,17.67,100,
10:47:04,17.67,100,
10:47:04,17.67,300,
10:47:04,17.66,200,
10:47:17,17.66,400,
10:47:17,17.66,200,
10:47:22,17.65,100,
10:47:22,17.64,500,
10:47:32,17.65,400,
10:47:39,17.65,400,
10:47:42,17.6325,100,
10:47:46,17.64,100,
10:48:02,17.65,200,
10:48:03,17.6415,1200,
10:48:15,17.649,2000,
10:48:16,17.65,200,
10:48:16,17.6499,400,
10:48:30,17.64,100,
10:48:30,17.64,100,
10:48:34,17.64,800,
10:48:44,17.64,100,
10:48:50,17.649,200,
10:48:59,17.647,368,
10:49:18,17.62,200,
10:49:27,17.62,300,
10:49:27,17.62,100,
10:49:33,17.62,100,
10:49:40,17.62,200,
10:49:40,17.6199,2385,
10:49:43,17.62,200,
10:49:47,17.63,300,
10:49:48,17.63,100,
10:49:52,17.64,200,
10:49:52,17.6399,200,
10:49:53,17.6515,2600,
10:49:54,17.66,324,
10:49:55,17.66,800,
10:49:59,17.668,500,
10:50:10,17.70,200,
10:50:13,17.705,160,
10:50:13,17.71,2300,
10:50:16,17.70,100,
10:50:16,17.70,500,
10:50:19,17.70,2500,
10:50:20,17.70,100,
10:50:29,17.68,2850,
10:50:29,17.68,200,
10:50:29,17.67,100,
10:50:29,17.67,300,
10:50:30,17.67,100,
10:50:30,17.67,100,
10:50:35,17.69,200,
10:50:37,17.69,500,
10:50:43,17.6731,200,
10:50:54,17.69,100,
10:50:55,17.6882,1000,
10:50:57,17.70,300,
10:50:59,17.71,200,
10:50:59,17.71,100,
10:51:00,17.7001,2663,
10:51:09,17.705,1700,
10:51:09,17.71,100,
10:51:09,17.71,100,
10:51:15,17.71,100,
10:51:21,17.701,500,
10:51:26,17.71,100,
10:51:30,17.70,200,
10:51:32,17.68,300,
10:51:32,17.68,382,
10:51:32,17.68,100,
10:51:32,17.68,200,
10:51:33,17.679,100,
10:51:33,17.679,100,
10:51:33,17.679,598,
10:51:33,17.679,100,
10:51:33,17.679,800,
10:51:45,17.68,100,
10:51:52,17.68,100,
10:51:55,17.6799,1300,
10:52:05,17.66,200,
10:52:05,17.66,200,
10:52:17,17.6582,1420,
10:52:18,17.66,188,
10:52:20,17.66,100,
10:52:20,17.66,100,
10:52:32,17.6699,1420,
10:52:54,17.66,100,
10:53:02,17.68,200,
10:53:02,17.68,100,
10:53:15,17.68,100,
10:53:18,17.679,2000,
10:53:25,17.67,100,
10:53:25,17.67,100,
10:53:28,17.67,200,
10:53:36,17.661,4000,
10:53:42,17.68,100,
10:53:46,17.68,200,
10:53:46,17.68,200,
10:53:48,17.69,700,
10:53:52,17.6856,400,
10:53:57,17.68,200,
10:54:07,17.67,100,
10:54:08,17.6799,2500,
10:54:21,17.669,100,
10:54:21,17.669,3800,
10:54:22,17.68,600,
10:54:22,17.67,1000,
10:54:22,17.68,200,
10:54:23,17.67,300,
10:54:23,17.67,100,
10:54:25,17.68,400,
10:54:25,17.69,100,
10:54:25,17.69,2700,
10:54:25,17.69,3000,
10:54:25,17.67,100,
10:54:25,17.68,500,
10:54:25,17.68,100,
10:54:25,17.68,100,
10:54:32,17.68,100,
10:54:34,17.69,1750,
10:54:39,17.698,1000,
10:55:04,17.69,200,
10:55:15,17.6801,400,
10:55:48,17.6801,391,
10:55:56,17.6811,500,
10:56:05,17.6982,300,
10:56:06,17.698,1000,
10:56:06,17.6999,500,
10:56:10,17.72,1000,
10:56:10,17.70,100,
10:56:10,17.71,100,
10:56:17,17.73,100,
10:56:17,17.73,300,
10:56:17,17.73,951,
10:56:17,17.73,199,
10:56:17,17.73,600,
10:56:17,17.73,208,
10:56:17,17.7301,2500,
10:56:21,17.739,1800,
10:56:21,17.739,200,
10:56:23,17.74,280,
10:56:24,17.74,400,
10:56:24,17.74,100,
10:56:26,17.74,400,
10:56:26,17.739,600,
10:56:26,17.73,200,
10:56:33,17.7401,1100,
10:56:37,17.7374,1000,
10:56:39,17.739,1500,
10:56:41,17.74,400,
10:56:49,17.75,300,
10:56:49,17.75,100,
10:56:50,17.75,3000,
10:56:50,17.75,300,
10:56:50,17.75,200,
10:56:54,17.75,100,
10:56:56,17.77,140,
10:56:57,17.7601,500,
10:56:59,17.77,400,
10:56:59,17.7799,3400,
10:57:00,17.768,1300,
10:57:00,17.7687,400,
10:57:01,17.7699,1000,
10:57:11,17.75,100,
10:57:16,17.7534,5000,
10:57:17,17.75,100,
10:57:17,17.75,200,
10:57:21,17.749,1200,
10:57:24,17.748,600,
10:57:26,17.74,100,
10:57:26,17.74,300,
10:57:26,17.74,400,
10:57:26,17.7474,1000,
10:57:28,17.75,1300,
10:57:28,17.75,800,
10:57:32,17.74,400,
10:57:32,17.74,500,
10:57:34,17.739,100,
10:57:34,17.739,100,
10:57:37,17.738,400,
10:57:37,17.739,1200,
10:57:39,17.739,4300,
10:57:39,17.739,200,
10:57:40,17.7344,100,
10:57:42,17.73,200,
10:57:42,17.73,400,
10:57:42,17.73,200,
10:57:42,17.73,100,
10:57:42,17.73,100,
10:57:42,17.73,100,
10:57:42,17.73,100,
10:57:42,17.73,600,
10:57:42,17.73,600,
10:57:42,17.73,100,
10:57:43,17.7263,400,
10:57:46,17.74,400,
10:57:48,17.7399,1000,
10:57:52,17.7375,500,
10:58:01,17.73,200,
10:58:01,17.73,500,
10:58:01,17.73,100,
10:58:01,17.73,100,
10:58:01,17.72,300,
10:58:01,17.72,200,
10:58:01,17.72,200,
10:58:01,17.72,300,
10:58:01,17.7105,2200,
10:58:05,17.71,300,
10:58:06,17.71,100,
10:58:06,17.71,615,
10:58:12,17.7195,1200,
10:58:15,17.72,800,
10:58:22,17.7118,200,
10:58:22,17.71,1100,
10:58:32,17.70,200,
10:58:35,17.71,300,
10:58:35,17.72,300,
10:58:36,17.72,300,
10:58:37,17.72,100,
10:58:45,17.72,200,
10:58:47,17.72,200,
10:58:48,17.7269,280,
10:58:51,17.73,400,
10:58:51,17.73,200,
10:58:57,17.74,200,
10:58:58,17.74,200,
10:58:59,17.74,100,
10:59:01,17.74,100,
10:59:02,17.74,100,
10:59:03,17.74,100,
10:59:03,17.7301,600,
10:59:05,17.74,100,
10:59:07,17.74,100,
10:59:08,17.75,100,
10:59:10,17.7411,500,
10:59:10,17.73,100,
10:59:10,17.73,700,
10:59:10,17.74,100,
10:59:10,17.73,566,
10:59:10,17.73,134,
10:59:10,17.73,166,
10:59:16,17.72,300,
10:59:17,17.7169,150,
10:59:18,17.70,100,
10:59:18,17.70,100,
10:59:19,17.70,100,
10:59:19,17.70,100,
10:59:20,17.71,100,
10:59:22,17.7101,600,
10:59:24,17.71,100,
10:59:24,17.719,1000,
10:59:26,17.70,100,
10:59:28,17.70,300,
10:59:35,17.70,200,
10:59:37,17.702,500,
10:59:39,17.71,100,
10:59:43,17.701,2000,
10:59:48,17.702,600,
10:59:49,17.70,100,
10:59:51,17.70,100,
10:59:55,17.691,925,
10:59:57,17.709,100,
11:00:01,17.7199,600,
11:00:03,17.721,400,
11:00:04,17.7399,2000,
11:00:12,17.73,1700,
11:00:13,17.72,100,
11:00:17,17.74,100,
11:00:17,17.74,200,
11:00:17,17.74,600,
11:00:17,17.74,100,
11:00:17,17.74,100,
11:00:18,17.749,600,
11:00:21,17.7495,300,
11:00:24,17.76,200,
11:00:26,17.75,300,
11:00:30,17.75,925,
11:00:30,17.76,1000,
11:00:33,17.76,100,
11:00:37,17.76,190,
11:00:38,17.769,200,
11:00:39,17.76,100,
11:00:39,17.76,100,
11:00:39,17.76,500,
11:00:42,17.75,300,
11:00:43,17.74,100,
11:00:46,17.7305,1000,
11:00:47,17.73,100,
11:00:48,17.74,100,
11:00:49,17.7374,500,
11:00:54,17.739,900,
11:00:55,17.739,1300,
11:01:15,17.7374,1300,
11:01:17,17.738,1500,
11:01:17,17.738,1600,
11:01:20,17.74,400,
11:01:20,17.74,600,
11:01:20,17.74,100,
11:01:20,17.74,700,
11:01:27,17.747,100,
11:01:39,17.74,100,
11:01:39,17.76,400,
11:01:39,17.75,200,
11:01:39,17.75,255,
11:01:39,17.75,255,
11:01:39,17.75,100,
11:01:43,17.74,100,
11:01:43,17.74,100,
11:01:46,17.75,100,
11:01:52,17.7505,163,
11:01:54,17.7501,300,
11:01:56,17.76,100,
11:01:56,17.76,400,
11:02:05,17.7695,1000,
11:02:06,17.77,300,
11:02:06,17.77,1000,
11:02:06,17.77,600,
11:02:06,17.77,100,
11:02:06,17.77,100,
11:02:06,17.77,100,
11:02:06,17.77,300,
11:02:06,17.77,100,
11:02:06,17.77,300,
11:02:06,17.77,100,
11:02:06,17.77,100,
11:02:06,17.77,100,
11:02:07,17.77,300,
11:02:08,17.77,100,
11:02:08,17.77,100,
11:02:10,17.762,500,
11:02:21,17.76,200,
11:02:21,17.76,300,
11:02:22,17.75,500,
11:02:23,17.75,300,
11:02:24,17.75,100,
11:02:24,17.75,100,
11:02:24,17.75,115,
11:02:27,17.75,200,
11:02:28,17.7425,3300,
11:02:28,17.74,100,
11:02:37,17.73,3000,
11:02:42,17.7305,128,
11:02:45,17.74,1300,
11:02:47,17.7399,1200,
11:02:47,17.74,100,
11:02:47,17.74,100,
11:02:47,17.74,100,
11:02:47,17.74,100,
11:02:47,17.74,200,
11:02:47,17.7375,5400,
11:02:47,17.73,400,
11:02:49,17.7387,800,
11:02:50,17.72,100,
11:02:50,17.72,100,
11:02:51,17.72,100,
11:02:56,17.7201,3500,
11:02:59,17.74,600,
11:03:01,17.73,200,
11:03:02,17.73,100,
11:03:02,17.73,100,
11:03:03,17.75,200,
11:03:05,17.75,200,
11:03:05,17.75,100,
11:03:07,17.75,100,
11:03:24,17.7589,100,
11:03:28,17.76,100,
11:03:29,17.76,100,
11:03:29,17.7501,1250,
11:03:34,17.765,400,
11:03:34,17.765,100,
11:03:34,17.75,294,
11:03:34,17.76,400,
11:03:34,17.76,294,
11:03:36,17.7601,200,
11:03:42,17.759,200,
11:03:43,17.76,400,
11:03:48,17.76,200,
11:03:51,17.75,300,
11:03:55,17.759,400,
11:03:55,17.759,400,
11:03:58,17.755,1000,
11:04:04,17.75,5000,
11:04:06,17.77,212,
11:04:10,17.76,200,
11:04:11,17.7601,4500,
11:04:14,17.76,100,
11:04:14,17.77,100,
11:04:39,17.75,200,
11:04:42,17.7501,1300,
11:04:46,17.76,194,
11:04:46,17.76,106,
11:04:46,17.76,300,
11:04:47,17.76,100,
11:04:48,17.77,300,
11:04:48,17.7699,100,
11:04:48,17.77,100,
11:04:48,17.77,100,
11:04:49,17.77,200,
11:04:49,17.775,100,
11:04:49,17.78,150,
11:04:49,17.775,250,
11:04:49,17.78,100,
11:04:49,17.78,100,
11:04:50,17.775,100,
11:04:50,17.785,100,
11:04:50,17.79,100,
11:04:50,17.80,100,
11:04:50,17.80,400,
11:04:50,17.80,200,
11:04:50,17.80,200,
11:04:50,17.81,200,
11:04:50,17.80,500,
11:04:50,17.80,900,
11:04:50,17.80,500,
11:04:50,17.80,500,
11:04:50,17.81,100,
11:04:50,17.81,1500,
11:04:50,17.81,100,
11:04:50,17.80,400,
11:04:51,17.81,120,
11:04:51,17.80,100,
11:04:52,17.80,300,
11:04:52,17.80,200,
11:04:52,17.80,200,
11:04:52,17.80,200,
11:04:52,17.80,200,
11:04:52,17.80,100,
11:04:52,17.80,900,
11:04:52,17.80,200,
11:04:52,17.80,100,
11:04:52,17.80,100,
11:04:52,17.80,400,
11:04:52,17.80,900,
11:04:52,17.80,200,
11:04:52,17.80,300,
11:04:52,17.795,100,
11:04:53,17.795,100,
11:04:55,17.798,800,
11:04:56,17.795,100,
11:04:56,17.80,600,
11:04:56,17.80,300,
11:04:56,17.80,200,
11:04:56,17.80,400,
11:04:56,17.81,300,
11:04:57,17.8099,3500,
11:05:05,17.80,700,
11:05:05,17.80,100,
11:05:06,17.80,200,
11:05:06,17.80,100,
11:05:06,17.81,3500,
11:05:11,17.80,200,
11:05:11,17.80,500,
11:05:11,17.80,800,
11:05:11,17.80,200,
11:05:15,17.80,100,
11:05:19,17.792,800,
11:05:26,17.81,100,
11:05:32,17.81,100,
11:05:34,17.808,200,
11:05:39,17.82,100,
11:05:43,17.84,400,
11:05:43,17.85,300,
11:05:43,17.85,1000,
11:05:43,17.84,600,
11:05:43,17.84,950,
11:05:43,17.84,422,
11:05:43,17.84,900,
11:05:43,17.84,300,
11:05:43,17.84,400,
11:05:43,17.84,100,
11:05:44,17.84,200,
11:05:45,17.84,766,
11:05:45,17.84,200,
11:05:45,17.84,600,
11:05:45,17.84,766,
11:05:45,17.84,200,
11:05:45,17.84,200,
11:05:45,17.84,100,
11:05:45,17.84,100,
11:05:46,17.841,2500,
11:05:47,17.84,700,
11:05:47,17.84,100,
11:05:48,17.8301,3000,
11:05:49,17.833,400,
11:05:51,17.8399,100,
11:05:54,17.83,400,
11:05:54,17.83,100,
11:05:54,17.83,135,
11:05:54,17.83,500,
11:05:54,17.83,400,
11:05:54,17.83,200,
11:05:54,17.83,347,
11:05:54,17.83,400,
11:05:55,17.8301,110,
11:06:00,17.84,100,
11:06:01,17.831,400,
11:06:01,17.84,266,
11:06:03,17.8399,1000,
11:06:03,17.84,600,
11:06:07,17.848,525,
11:06:09,17.83,100,
11:06:10,17.83,100,
11:06:11,17.83,300,
11:06:16,17.845,100,
11:06:19,17.84,100,
11:06:19,17.84,600,
11:06:19,17.85,200,
11:06:22,17.85,100,
11:06:25,17.85,1117,
11:06:25,17.85,150,
11:06:25,17.849,383,
11:06:25,17.849,150,
11:06:27,17.85,300,
11:06:31,17.8426,1600,
11:06:36,17.86,400,
11:06:36,17.86,100,
11:06:37,17.85,200,
11:06:38,17.8582,500,
11:06:39,17.86,200,
11:06:39,17.8639,3500,
11:06:41,17.86,500,
11:06:43,17.86,164,
11:06:43,17.86,176,
11:06:43,17.86,440,
11:06:44,17.8669,200,
11:06:48,17.86,500,
11:06:48,17.86,160,
11:06:48,17.86,200,
11:06:48,17.86,200,
11:06:48,17.86,100,
11:06:48,17.86,300,
11:06:48,17.86,100,
11:06:48,17.86,100,
11:06:48,17.86,100,
11:06:50,17.87,300,
11:06:50,17.87,156,
11:06:58,17.87,300,
11:06:58,17.87,300,
11:06:58,17.87,200,
11:06:58,17.87,300,
11:06:58,17.87,400,
11:06:59,17.87,100,
11:07:01,17.87,200,
11:07:04,17.87,300,
11:07:04,17.87,300,
11:07:04,17.87,100,
11:07:07,17.87,1000,
11:07:09,17.8495,300,
11:07:11,17.8415,210,
11:07:19,17.849,500,
11:07:20,17.86,100,
11:07:25,17.85,400,
11:07:25,17.85,400,
11:07:35,17.83,200,
11:07:39,17.8301,3000,
11:07:42,17.8385,2600,
11:07:43,17.839,1000,
11:07:48,17.8301,300,
11:07:51,17.8352,1010,
11:08:00,17.8395,1000,
11:08:05,17.8495,220,
11:08:09,17.84,472,
11:08:15,17.82,400,
11:08:17,17.81,200,
11:08:17,17.81,100,
11:08:17,17.81,100,
11:08:17,17.80,1200,
11:08:17,17.81,400,
11:08:17,17.81,400,
11:08:19,17.81,300,
11:08:19,17.81,100,
11:08:19,17.81,100,
11:08:19,17.81,300,
11:08:23,17.8185,200,
11:08:25,17.81,100,
11:08:27,17.82,100,
11:08:29,17.82,100,
11:08:33,17.8222,100,
11:08:34,17.821,200,
11:08:36,17.82,500,
11:08:43,17.818,1100,
11:08:52,17.829,500,
11:08:55,17.83,200,
11:08:55,17.83,650,
11:08:56,17.821,200,
11:08:56,17.821,200,
11:08:56,17.83,1350,
11:08:56,17.83,450,
11:08:56,17.821,300,
11:08:58,17.821,1400,
11:08:58,17.8299,10400,
11:09:01,17.84,400,
11:09:04,17.822,300,
11:09:10,17.8369,300,
11:09:16,17.82,200,
11:09:17,17.8299,100,
11:09:32,17.8205,152,
11:09:39,17.8299,3000,
11:09:44,17.84,100,
11:10:04,17.8495,500,
11:10:07,17.848,1700,
11:10:12,17.86,500,
11:10:13,17.86,100,
11:10:13,17.87,300,
11:10:13,17.87,200,
11:10:16,17.851,100,
11:10:17,17.87,100,
11:10:18,17.85,100,
11:10:21,17.8599,5000,
11:10:29,17.8691,170,
11:10:31,17.86,1300,
11:10:37,17.86,1000,
11:10:39,17.8648,600,
11:10:40,17.859,500,
11:10:42,17.8689,1000,
11:10:43,17.8699,2000,
11:10:48,17.87,300,
11:10:48,17.87,300,
11:10:48,17.87,200,
11:10:48,17.88,100,
11:10:48,17.88,500,
11:10:48,17.88,300,
11:10:48,17.88,600,
11:10:48,17.88,3000,
11:10:48,17.88,200,
11:10:51,17.88,600,
11:10:51,17.88,200,
11:10:52,17.88,500,
11:10:52,17.88,300,
11:10:56,17.89,100,
11:10:56,17.89,100,
11:10:56,17.89,300,
11:10:59,17.89,100,
11:11:02,17.88,200,
11:11:02,17.88,700,
11:11:02,17.88,280,
11:11:02,17.88,420,
11:11:02,17.88,200,
11:11:02,17.87,300,
11:11:02,17.87,100,
11:11:02,17.87,500,
11:11:05,17.8748,1460,
11:11:06,17.8769,400,
11:11:17,17.879,1000,
11:11:23,17.87,400,
11:11:25,17.875,100,
11:11:26,17.87,100,
11:11:29,17.86,300,
11:11:29,17.87,100,
11:11:31,17.862,1000,
11:11:39,17.8599,700,
11:11:39,17.86,9300,
11:11:40,17.87,800,
11:11:40,17.87,1900,
11:11:40,17.87,1000,
11:11:42,17.86,130,
11:11:44,17.87,100,
11:11:44,17.87,200,
11:11:44,17.87,100,
11:11:44,17.87,100,
11:11:48,17.8701,300,
11:11:54,17.87,100,
11:11:55,17.871,500,
11:11:57,17.8718,1000,
11:12:01,17.871,250,
11:12:03,17.88,800,
11:12:03,17.88,350,
11:12:03,17.88,600,
11:12:03,17.88,100,
11:12:03,17.88,1100,
11:12:03,17.889,2000,
11:12:03,17.88,300,
11:12:03,17.88,300,
11:12:03,17.889,2000,
11:12:03,17.889,1902,
11:12:04,17.879,1200,
11:12:04,17.87,100,
11:12:04,17.89,16700,
11:12:06,17.879,500,
11:12:09,17.87,400,
11:12:09,17.87,100,
11:12:11,17.86,100,
11:12:14,17.85,300,
11:12:16,17.85,183,
11:12:18,17.85,299,
11:12:18,17.85,300,
11:12:18,17.85,100,
11:12:19,17.8401,500,
11:12:25,17.85,300,
11:12:26,17.84,100,
11:12:27,17.84,900,
11:12:28,17.85,1100,
11:12:30,17.8301,160,
11:12:35,17.83,100,
11:12:35,17.83,1900,
11:12:39,17.8301,6135,
11:12:43,17.84,101,
11:12:43,17.84,300,
11:12:46,17.8305,315,
11:12:56,17.8401,500,
11:13:13,17.8401,500,
11:13:17,17.8495,250,
11:13:26,17.85,100,
11:13:27,17.86,100,
11:13:29,17.853,200,
11:13:38,17.833,100,
11:13:40,17.84,300,
11:13:47,17.83,100,
11:13:49,17.832,500,
11:13:52,17.84,100,
11:13:53,17.85,200,
11:13:54,17.84,100,
11:13:54,17.84,162,
11:13:54,17.84,100,
11:13:54,17.84,200,
11:13:54,17.84,100,
11:13:59,17.8325,2000,
11:14:07,17.83,400,
11:14:08,17.84,300,
11:14:08,17.84,100,
11:14:11,17.8301,1300,
11:14:24,17.84,2219,
11:14:24,17.84,678,
11:14:24,17.84,800,
11:14:24,17.84,100,
11:14:24,17.84,400,
11:14:32,17.86,200,
11:14:36,17.8605,200,
11:14:40,17.8501,700,
11:14:46,17.85,400,
11:14:46,17.8501,200,
11:14:55,17.85,138,
11:15:02,17.851,600,
11:15:11,17.8699,2000,
11:15:12,17.86,100,
11:15:12,17.8589,120,
11:15:17,17.8618,600,
11:15:23,17.8699,1000,
11:15:29,17.87,4000,
11:15:40,17.87,100,
11:15:40,17.87,400,
11:15:43,17.87,800,
11:15:47,17.861,500,
11:15:52,17.862,500,
11:15:55,17.85,200,
11:15:56,17.85,400,
11:15:57,17.85,180,
11:15:57,17.85,200,
11:16:06,17.86,100,
11:16:20,17.87,300,
11:16:24,17.8671,2400,
11:16:32,17.871,3000,
11:16:36,17.87,100,
11:16:55,17.8699,1000,
11:16:59,17.86,100,
11:16:59,17.86,100,
11:17:05,17.8675,1800,
11:17:09,17.865,100,
11:17:11,17.86,400,
11:17:32,17.84,200,
11:17:32,17.85,400,
11:17:32,17.85,100,
11:17:33,17.84,100,
11:17:37,17.84,200,
11:17:37,17.84,100,
11:17:37,17.84,100,
11:17:44,17.8301,100,
11:17:44,17.8301,200,
11:17:54,17.8482,1000,
11:18:05,17.8599,1000,
11:18:22,17.85,400,
11:18:23,17.85,200,
11:18:32,17.8505,250,
11:18:50,17.85,100,
11:18:50,17.85,100,
11:18:54,17.83,100,
11:18:54,17.82,4000,
11:18:55,17.8218,200,
11:18:56,17.82,350,
11:18:56,17.821,200,
11:18:59,17.81,300,
11:18:59,17.81,1000,
11:18:59,17.80,300,
11:18:59,17.80,300,
11:18:59,17.80,700,
11:18:59,17.81,1000,
11:18:59,17.81,700,
11:18:59,17.81,100,
11:18:59,17.81,100,
11:18:59,17.81,200,
11:18:59,17.81,100,
11:18:59,17.81,100,
11:18:59,17.80,500,
11:18:59,17.8001,300,
11:19:00,17.80,100,
11:19:01,17.81,100,
11:19:01,17.81,100,
11:19:02,17.801,600,
11:19:09,17.82,200,
11:19:09,17.82,596,
11:19:11,17.803,300,
11:19:11,17.8201,500,
11:19:15,17.82,100,
11:19:15,17.82,100,
11:19:20,17.82,200,
11:19:20,17.82,600,
11:19:20,17.82,200,
11:19:24,17.82,100,
11:19:31,17.82,800,
11:19:32,17.819,200,
11:19:32,17.819,100,
11:19:32,17.819,800,
11:19:38,17.821,500,
11:19:38,17.82,500,
11:19:41,17.82,100,
11:19:41,17.82,100,
11:19:43,17.81,200,
11:19:43,17.81,200,
11:19:43,17.81,100,
11:19:51,17.82,200,
11:19:51,17.82,200,
11:19:53,17.8101,2260,
11:19:54,17.8118,270,
11:20:03,17.8001,100,
11:20:03,17.8001,100,
11:20:14,17.8031,155,
11:20:20,17.792,1406,
11:20:21,17.79,100,
11:20:21,17.79,700,
11:20:22,17.79,100,
11:20:24,17.8001,3500,
11:20:25,17.81,200,
11:20:25,17.81,100,
11:20:29,17.8047,1000,
11:20:34,17.8099,500,
11:20:36,17.79,100,
11:20:39,17.79,100,
11:20:41,17.78,500,
11:20:42,17.79,100,
11:20:46,17.7901,125,
11:20:59,17.802,1690,
11:21:01,17.8001,2000,
11:21:08,17.801,6000,
11:21:16,17.79,600,
11:21:19,17.79,300,
11:21:19,17.79,286,
11:21:19,17.79,100,
11:21:20,17.792,500,
11:21:23,17.781,100,
11:21:29,17.79,300,
11:21:46,17.79,400,
11:21:46,17.79,500,
11:21:50,17.7705,1400,
11:21:51,17.775,200,
11:21:51,17.77,200,
11:21:51,17.7601,100,
11:21:51,17.76,200,
11:21:51,17.7601,200,
11:21:51,17.7601,100,
11:21:51,17.76,100,
11:21:53,17.77,300,
11:21:53,17.76,500,
11:21:58,17.7601,160,
11:21:58,17.77,100,
11:22:06,17.7726,1136,
11:22:10,17.77,15000,
11:22:14,17.78,2800,
11:22:19,17.7733,600,
11:22:21,17.77,600,
11:22:26,17.77,2000,
11:22:26,17.77,400,
11:22:26,17.77,100,
11:22:26,17.77,400,
11:22:26,17.77,936,
11:22:28,17.7607,2400,
11:22:29,17.77,400,
11:22:29,17.76,100,
11:22:30,17.7615,2000,
11:22:31,17.76,500,
11:22:31,17.76,300,
11:22:35,17.76,100,
11:22:35,17.75,400,
11:22:35,17.75,1000,
11:22:35,17.75,700,
11:22:35,17.75,100,
11:22:35,17.75,100,
11:22:35,17.75,100,
11:22:35,17.75,200,
11:22:35,17.75,200,
11:22:35,17.75,200,
11:22:38,17.75,1000,
11:22:43,17.76,300,
11:22:44,17.75,100,
11:22:48,17.7526,500,
11:23:00,17.7601,285,
11:23:00,17.7601,200,
11:23:03,17.76,120,
11:23:10,17.7699,500,
11:23:16,17.7505,500,
11:23:17,17.75,700,
11:23:20,17.7605,500,
11:23:22,17.76,600,
11:23:22,17.76,1800,
11:23:22,17.76,1200,
11:23:22,17.76,292,
11:23:30,17.76,400,
11:23:33,17.7689,1000,
11:23:37,17.76,400,
11:23:43,17.76,100,
11:23:43,17.76,200,
11:23:43,17.77,100,
11:23:43,17.77,200,
11:23:43,17.77,100,
11:23:43,17.76,736,
11:24:08,17.7525,2000,
11:24:13,17.7401,200,
11:24:13,17.7401,200,
11:24:14,17.751,1000,
11:24:15,17.74,400,
11:24:15,17.74,100,
11:24:17,17.741,100,
11:24:19,17.7435,2000,
11:24:21,17.75,400,
11:24:21,17.75,200,
11:24:21,17.75,300,
11:24:29,17.7501,100,
11:24:29,17.751,500,
11:24:35,17.753,200,
11:24:37,17.75,500,
11:24:49,17.76,500,
11:24:50,17.76,100,
11:24:51,17.7601,400,
11:24:51,17.7601,100,
11:24:52,17.76,900,
11:24:54,17.75,300,
11:25:03,17.7501,4000,
11:25:06,17.7431,228,
11:25:18,17.76,100,
11:25:21,17.75,1900,
11:25:21,17.75,400,
11:25:39,17.745,1000,
11:25:42,17.74,400,
11:25:42,17.74,179,
11:25:42,17.7301,200,
11:25:52,17.7301,400,
11:25:54,17.741,100,
11:26:00,17.7411,1000,
11:26:03,17.741,400,
11:26:11,17.74,133,
11:26:17,17.74,200,
11:26:17,17.73,100,
11:26:17,17.73,300,
11:26:20,17.7474,900,
11:26:21,17.747,200,
11:26:25,17.7499,300,
11:26:38,17.743,700,
11:26:38,17.74,156,
11:26:40,17.75,4000,
11:26:40,17.75,9000,
11:26:40,17.75,1500,
11:26:40,17.75,4500,
11:26:40,17.75,3000,
11:26:40,17.75,7415,
11:26:40,17.75,7500,
11:26:41,17.7699,170,
11:26:41,17.76,100,
11:26:41,17.76,100,
11:26:41,17.76,200,
11:26:42,17.75,12085,
11:26:52,17.765,100,
11:26:54,17.77,1500,
11:26:57,17.763,217,
11:26:59,17.76,100,
11:26:59,17.768,1700,
11:27:16,17.7699,1000,
11:27:22,17.78,9300,
11:27:24,17.762,200,
11:27:28,17.7678,1700,
11:27:44,17.7701,500,
11:27:46,17.77,100,
11:27:49,17.78,100,
11:27:52,17.7763,100,
11:27:53,17.788,1500,
11:28:12,17.7799,1000,
11:28:26,17.779,600,
11:28:34,17.775,100,
11:28:41,17.771,1000,
11:29:10,17.75,100,
11:29:10,17.75,196,
11:29:13,17.7401,1000,
11:29:16,17.7411,300,
11:29:25,17.76,300,
11:29:26,17.75,100,
11:29:29,17.75,100,
11:29:29,17.75,100,
11:29:38,17.76,3000,
11:29:39,17.751,100,
11:29:48,17.79,100,
11:29:54,17.80,600,
11:29:55,17.79,100,
11:31:06,17.8101,1700,
11:31:07,17.82,200,
11:31:28,17.8299,3000,
11:31:28,17.82,100,
11:31:31,17.82,300,
11:31:36,17.82,570,
11:31:36,17.82,130,
11:31:37,17.83,278,
11:31:49,17.81,1300,
11:31:49,17.81,420,
11:31:51,17.8115,300,
11:31:53,17.81,300,
11:31:53,17.81,400,
11:31:54,17.81,100,
11:31:57,17.8018,165,
11:32:13,17.7901,200,
11:32:13,17.79,100,
11:32:15,17.79,300,
11:32:23,17.81,800,
11:32:23,17.82,300,
11:32:24,17.811,1000,
11:32:31,17.81,280,
11:32:32,17.8099,300,
11:32:32,17.8001,2000,
11:32:45,17.8218,500,
11:32:56,17.81,400,
11:32:56,17.81,100,
11:32:59,17.81,400,
11:32:59,17.81,400,
11:33:27,17.82,500,
11:33:36,17.7918,500,
11:33:42,17.78,400,
11:33:50,17.77,200,
11:33:57,17.77,2000,
11:34:03,17.7618,1000,
11:34:28,17.80,100,
11:34:36,17.80,100,
11:34:36,17.80,727,
11:34:39,17.79,400,
11:34:43,17.79,100,
11:34:49,17.7852,1750,
11:34:57,17.80,250,
11:34:57,17.80,350,
11:34:57,17.81,300,
11:34:57,17.81,200,
11:34:59,17.80,940,
11:35:03,17.8074,600,
11:35:03,17.8085,300,
11:35:05,17.80,400,
11:35:05,17.80,400,
11:35:05,17.80,400,
11:35:25,17.78,100,
11:35:33,17.77,100,
11:35:36,17.79,300,
11:36:03,17.77,300,
11:36:03,17.77,300,
11:36:14,17.781,200,
11:36:23,17.78,1000,
11:36:36,17.785,100,
11:36:46,17.789,100,
11:36:47,17.79,100,
11:36:47,17.78,100,
11:36:48,17.80,100,
11:36:54,17.78,900,
11:36:54,17.781,1000,
11:37:03,17.78,100,
11:37:12,17.784,400,
11:37:15,17.77,200,
11:37:20,17.752,1400,
11:37:30,17.76,100,
11:37:41,17.7505,1500,
11:37:54,17.77,100,
11:37:59,17.7718,300,
11:38:16,17.7705,136,
11:38:17,17.77,100,
11:38:20,17.78,200,
11:38:24,17.78,100,
11:38:36,17.772,1440,
11:39:03,17.7689,1000,
11:39:28,17.74,200,
11:39:28,17.74,400,
11:39:28,17.73,400,
11:39:52,17.7555,5000,
11:39:56,17.751,100,
11:39:56,17.751,200,
11:40:00,17.74,1100,
11:40:00,17.7399,100,
11:40:07,17.73,500,
11:40:10,17.724,1700,
11:40:10,17.72,100,
11:40:10,17.72,100,
11:40:12,17.7299,1000,
11:40:15,17.73,100,
11:40:20,17.72,900,
11:40:24,17.7311,1000,
11:40:29,17.74,100,
11:40:29,17.74,100,
11:40:31,17.74,100,
11:40:31,17.74,100,
11:40:31,17.74,100,
11:40:31,17.74,100,
11:40:40,17.73,300,
11:40:40,17.73,100,
11:40:55,17.7379,1000,
11:40:59,17.74,100,
11:41:07,17.7331,100,
11:41:29,17.7431,100,
11:41:44,17.74,100,
11:41:52,17.7305,200,
11:42:01,17.73,100,
11:42:05,17.73,100,
11:42:07,17.73,200,
11:42:10,17.73,900,
11:42:17,17.7405,1600,
11:42:34,17.75,200,
11:42:34,17.7575,1800,
11:42:57,17.75,200,
11:42:57,17.75,100,
11:43:06,17.7599,3000,
11:43:10,17.759,5700,
11:43:18,17.76,100,
11:43:26,17.76,100,
11:43:31,17.756,100,
11:43:54,17.7699,3700,
11:44:09,17.7699,5000,
11:44:23,17.76,300,
11:44:34,17.76,100,
11:44:34,17.78,100,
11:44:38,17.78,100,
11:44:46,17.78,199,
11:44:54,17.80,14500,
11:44:56,17.7995,500,
11:45:08,17.7884,200,
11:45:12,17.78,132,
11:45:20,17.765,100,
11:45:20,17.77,300,
11:45:25,17.77,100,
11:45:51,17.77,300,
11:46:16,17.7701,500,
11:46:20,17.7789,100,
11:46:30,17.78,100,
11:46:46,17.78,100,
11:47:12,17.7899,500,
11:47:15,17.78,100,
11:47:19,17.798,500,
11:47:22,17.792,800,
11:47:22,17.7915,300,
11:47:33,17.7999,300,
11:47:39,17.80,400,
11:47:39,17.8099,150,
11:47:43,17.808,1000,
11:47:44,17.81,14500,
11:47:44,17.80,100,
11:47:44,17.80,100,
11:47:46,17.81,17000,
11:48:00,17.77,100,
11:48:02,17.77,500,
11:48:07,17.75,100,
11:48:13,17.75,300,
11:48:16,17.755,100,
11:48:33,17.7511,500,
11:48:38,17.76,100,
11:48:44,17.7531,200,
11:49:18,17.75,300,
11:49:32,17.74,256,
11:49:39,17.7401,100,
11:49:39,17.74,400,
11:49:45,17.7501,800,
11:49:48,17.76,100,
11:49:48,17.76,500,
11:49:52,17.76,10000,
11:50:09,17.7699,100,
11:50:29,17.77,100,
11:50:29,17.77,100,
11:50:34,17.751,1500,
11:50:39,17.76,1003,
11:50:43,17.76,100,
11:50:45,17.77,100,
11:50:46,17.77,800,
11:50:51,17.7601,800,
11:50:51,17.7601,1700,
11:51:15,17.765,100,
11:51:22,17.75,4827,
11:51:53,17.78,300,
11:51:53,17.78,100,
11:52:44,17.75,300,
11:52:45,17.75,200,
11:52:50,17.7418,1000,
11:53:14,17.77,300,
11:53:51,17.7718,100,
11:54:24,17.77,100,
11:54:40,17.77,101,
11:54:40,17.77,200,
11:55:05,17.7785,1400,
11:55:17,17.76,100,
11:55:44,17.76,100,
11:56:10,17.7674,1400,
11:56:24,17.76,100,
11:56:24,17.76,100,
11:56:24,17.76,100,
11:56:24,17.76,100,
11:56:24,17.76,100,
11:56:24,17.76,100,
11:56:28,17.76,100,
11:56:44,17.76,100,
11:56:45,17.78,100,
11:56:45,17.78,100,
11:56:55,17.77,900,
11:57:08,17.753,459,
11:58:10,17.7531,100,
11:58:19,17.7501,200,
11:58:40,17.759,1500,
11:58:41,17.7501,420,
11:58:45,17.75,300,
11:58:55,17.755,100,
11:59:12,17.76,200,
11:59:12,17.77,10200,
11:59:31,17.76,100,
11:59:31,17.76,100,
11:59:31,17.76,100,
11:59:31,17.76,100,
11:59:43,17.761,1500,
11:59:58,17.762,1000,
12:00:02,17.77,200,
12:00:07,17.7799,9425,
12:00:10,17.78,200,
12:00:10,17.78,300,
12:00:10,17.78,200,
12:00:10,17.78,100,
12:00:10,17.78,400,
12:00:11,17.78,100,
12:00:24,17.77,100,
12:00:31,17.7599,9425,
12:00:33,17.76,600,
12:00:33,17.77,100,
12:00:33,17.77,100,
12:00:35,17.7774,1600,
12:00:41,17.771,100,
12:00:44,17.771,1400,
12:00:51,17.78,100,
12:00:56,17.79,100,
12:00:56,17.80,300,
12:00:56,17.80,100,
12:00:56,17.80,200,
12:00:56,17.80,100,
12:00:57,17.79,100,
12:01:05,17.79,100,
12:01:34,17.78,100,
12:01:36,17.77,100,
12:01:39,17.78,100,
12:02:03,17.77,100,
12:02:14,17.777,200,
12:02:31,17.77,300,
12:02:37,17.77,200,
12:02:48,17.7745,750,
12:03:15,17.775,100,
12:03:53,17.77,200,
12:03:53,17.77,400,
12:03:53,17.77,100,
12:04:08,17.77,10000,
12:04:46,17.7511,200,
12:04:52,17.75,360,
12:05:00,17.74,100,
12:05:12,17.7399,500,
12:05:17,17.73,300,
12:05:24,17.75,100,
12:05:24,17.74,200,
12:05:24,17.74,150,
12:05:30,17.755,100,
12:05:36,17.75,500,
12:05:37,17.74,100,
12:05:43,17.75,600,
12:05:43,17.75,100,
12:05:49,17.75,300,
12:05:49,17.75,100,
12:06:06,17.76,250,
12:06:08,17.7525,600,
12:06:23,17.751,800,
12:06:26,17.76,100,
12:06:26,17.76,200,
12:06:31,17.76,100,
12:06:48,17.76,100,
12:06:48,17.76,500,
12:06:59,17.76,800,
12:07:09,17.76,100,
12:07:53,17.765,100,
12:07:54,17.77,200,
12:08:10,17.77,100,
12:08:15,17.77,100,
12:09:23,17.7605,150,
12:09:25,17.76,100,
12:09:25,17.76,200,
12:09:25,17.76,100,
12:09:25,17.76,100,
12:09:25,17.76,200,
12:09:28,17.7501,250,
12:09:29,17.76,200,
12:09:29,17.77,100,
12:09:40,17.79,600,
12:09:40,17.78,100,
12:09:40,17.78,200,
12:09:40,17.78,197,
12:09:40,17.78,200,
12:09:52,17.77,500,
12:10:11,17.775,100,
12:10:21,17.77,200,
12:10:39,17.77,300,
12:11:04,17.7895,1200,
12:11:28,17.79,100,
12:11:28,17.79,100,
12:11:30,17.79,600,
12:11:32,17.79,200,
12:11:37,17.79,100,
12:11:44,17.79,100,
12:11:47,17.80,200,
12:11:54,17.80,300,
12:11:59,17.81,200,
12:11:59,17.80,24500,
12:12:11,17.8099,2550,
12:12:21,17.78,100,
12:12:21,17.785,100,
12:12:30,17.775,200,
12:12:30,17.779,700,
12:12:35,17.78,600,
12:12:42,17.779,100,
12:13:06,17.77,100,
12:13:37,17.77,600,
12:13:41,17.77,500,
12:14:03,17.762,1900,
12:14:15,17.77,600,
12:14:15,17.77,100,
12:14:16,17.78,21150,
12:14:22,17.78,100,
12:14:22,17.78,100,
12:14:22,17.78,300,
12:14:22,17.78,100,
12:14:36,17.781,600,
12:15:08,17.78,100,
12:15:08,17.7801,4000,
12:15:33,17.77,150,
12:15:35,17.779,100,
12:16:05,17.7799,2000,
12:16:35,17.79,200,
12:16:37,17.80,300,
12:16:51,17.8199,300,
12:16:55,17.8101,1100,
12:16:59,17.8199,500,
12:17:06,17.811,2800,
12:17:12,17.819,1000,
12:17:17,17.8126,1550,
12:17:19,17.82,100,
12:17:33,17.829,800,
12:17:45,17.82,200,
12:17:58,17.83,600,
12:17:58,17.83,100,
12:17:58,17.83,100,
12:17:58,17.83,600,
12:18:09,17.829,1000,
12:18:18,17.83,600,
12:18:18,17.83,600,
12:18:18,17.83,100,
12:18:18,17.83,200,
12:18:18,17.83,100,
12:18:18,17.83,300,
12:18:18,17.83,100,
12:18:18,17.83,100,
12:18:18,17.83,100,
12:18:18,17.83,100,
12:18:18,17.83,300,
12:18:18,17.83,100,
12:18:22,17.8299,2500,
12:18:31,17.82,100,
12:18:31,17.82,4900,
12:18:33,17.819,150,
12:18:45,17.82,100,
12:18:52,17.82,700,
12:18:56,17.8205,1000,
12:19:06,17.82,300,
12:19:07,17.82,100,
12:19:14,17.82,100,
12:19:17,17.82,100,
12:19:24,17.829,100,
12:19:30,17.821,1700,
12:19:47,17.83,400,
12:20:20,17.815,100,
12:20:40,17.80,100,
12:20:40,17.80,100,
12:20:42,17.80,100,
12:20:48,17.78,100,
12:20:49,17.78,200,
12:20:49,17.77,300,
12:20:57,17.7789,500,
12:21:00,17.78,400,
12:21:00,17.78,500,
12:21:00,17.78,100,
12:21:00,17.78,400,
12:21:00,17.78,100,
12:21:31,17.79,100,
12:21:48,17.7901,2500,
12:22:02,17.80,200,
12:22:30,17.797,120,
12:22:36,17.79,300,
12:22:53,17.79,100,
12:23:21,17.78,100,
12:23:21,17.77,100,
12:23:37,17.77,100,
12:23:37,17.77,100,
12:23:37,17.77,100,
12:23:37,17.77,100,
12:23:43,17.77,100,
12:23:55,17.7799,1685,
12:24:22,17.79,100,
12:24:29,17.78,200,
12:24:29,17.77,300,
12:24:29,17.77,100,
12:24:29,17.77,5100,
12:24:29,17.77,100,
12:24:29,17.77,100,
12:24:29,17.77,100,
12:24:39,17.771,350,
12:24:52,17.79,300,
12:24:52,17.79,800,
12:25:00,17.79,400,
12:25:00,17.79,400,
12:25:00,17.79,200,
12:25:00,17.79,200,
12:25:00,17.79,278,
12:25:00,17.79,400,
12:25:00,17.79,200,
12:25:09,17.7984,250,
12:25:39,17.791,670,
12:25:41,17.80,300,
12:25:41,17.80,100,
12:25:41,17.80,500,
12:25:48,17.80,300,
12:25:48,17.80,300,
12:25:48,17.80,100,
12:25:51,17.80,600,
12:25:55,17.79,200,
12:26:27,17.7999,300,
12:26:48,17.80,100,
12:27:35,17.7905,375,
12:27:47,17.80,600,
12:27:47,17.80,191,
12:27:47,17.80,100,
12:27:49,17.81,600,
12:27:49,17.81,350,
12:27:49,17.81,300,
12:27:50,17.82,300,
12:27:50,17.82,100,
12:27:50,17.82,200,
12:27:52,17.83,100,
12:27:56,17.82,400,
12:28:08,17.82,500,
12:28:12,17.8299,8400,
12:28:13,17.82,300,
12:28:13,17.82,100,
12:28:14,17.81,100,
12:28:29,17.82,300,
12:28:40,17.82,300,
12:28:54,17.83,1100,
12:28:54,17.83,1100,
12:28:54,17.83,100,
12:28:54,17.83,400,
12:28:54,17.83,200,
12:28:54,17.83,200,
12:28:54,17.83,300,
12:28:55,17.821,300,
12:29:19,17.83,100,
12:29:31,17.822,1000,
12:29:51,17.82,200,
12:29:51,17.82,200,
12:29:51,17.82,100,
12:29:51,17.82,300,
12:29:51,17.82,100,
12:30:01,17.811,4000,
12:30:07,17.82,100,
12:30:20,17.82,200,
12:30:20,17.82,500,
12:30:20,17.8155,1200,
12:30:49,17.81,1900,
12:31:00,17.801,500,
12:31:23,17.81,100,
12:31:34,17.797,400,
12:31:52,17.792,1000,
12:31:52,17.7901,100,
12:32:08,17.79,100,
12:32:08,17.80,200,
12:32:08,17.79,100,
12:32:08,17.80,100,
12:32:26,17.7901,184,
12:32:27,17.7999,500,
12:33:20,17.7901,200,
12:33:20,17.7901,300,
12:33:34,17.7999,2000,
12:33:53,17.78,200,
12:33:53,17.78,100,
12:33:53,17.78,100,
12:33:53,17.78,100,
12:33:53,17.77,100,
12:33:53,17.78,300,
12:33:53,17.78,100,
12:33:53,17.78,100,
12:33:53,17.78,300,
12:33:53,17.78,500,
12:33:53,17.78,200,
12:33:54,17.7805,700,
12:34:06,17.7799,100,
12:34:14,17.78,400,
12:34:14,17.78,100,
12:34:14,17.7799,100,
12:34:30,17.7705,1000,
12:34:52,17.7725,6400,
12:34:59,17.77,400,
12:35:06,17.77,100,
12:35:16,17.761,2500,
12:35:18,17.77,400,
12:35:18,17.77,400,
12:35:27,17.78,100,
12:35:29,17.781,200,
12:35:31,17.781,300,
12:35:37,17.78,100,
12:36:00,17.78,200,
12:36:14,17.78,100,
12:36:54,17.78,200,
12:37:04,17.779,5000,
12:37:28,17.78,300,
12:37:28,17.7811,1000,
12:38:10,17.779,1000,
12:39:02,17.77,200,
12:39:30,17.76,100,
12:39:31,17.74,100,
12:39:31,17.75,773,
12:39:40,17.7401,2900,
12:39:43,17.74,100,
12:39:46,17.7401,1000,
12:39:51,17.74,100,
12:39:51,17.74,300,
12:39:52,17.73,1000,
12:40:00,17.73,100,
12:40:00,17.73,1400,
12:40:00,17.72,300,
12:40:00,17.72,900,
12:40:00,17.72,1100,
12:40:00,17.72,3000,
12:40:00,17.72,100,
12:40:00,17.72,200,
12:40:00,17.72,100,
12:40:00,17.72,300,
12:40:00,17.72,400,
12:40:00,17.72,100,
12:40:00,17.72,300,
12:40:00,17.72,100,
12:40:00,17.72,100,
12:40:00,17.73,300,
12:40:00,17.72,3000,
12:40:00,17.732,1800,
12:40:00,17.71,300,
12:40:00,17.71,100,
12:40:00,17.71,100,
12:40:00,17.71,100,
12:40:00,17.72,400,
12:40:00,17.72,100,
12:40:00,17.72,100,
12:40:00,17.7101,200,
12:40:00,17.73,1100,
12:40:00,17.73,200,
12:40:00,17.73,600,
12:40:00,17.73,1000,
12:40:00,17.73,200,
12:40:00,17.73,400,
12:40:00,17.73,600,
12:40:00,17.73,100,
12:40:00,17.71,100,
12:40:00,17.71,400,
12:40:00,17.7101,300,
12:40:00,17.73,200,
12:40:00,17.72,100,
12:40:01,17.71,416,
12:40:01,17.71,1000,
12:40:01,17.71,1700,
12:40:03,17.72,1200,
12:40:03,17.72,600,
12:40:03,17.72,700,
12:40:04,17.72,200,
12:40:06,17.71,100,
12:40:14,17.721,300,
12:40:14,17.721,300,
12:40:15,17.72,200,
12:40:16,17.72,300,
12:40:16,17.72,100,
12:40:17,17.72,400,
12:40:32,17.721,1300,
12:40:32,17.721,1400,
12:40:40,17.721,180,
12:40:48,17.7105,200,
12:40:51,17.7111,1000,
12:41:23,17.721,400,
12:41:27,17.74,600,
12:41:27,17.74,200,
12:41:27,17.74,300,
12:41:27,17.74,600,
12:41:27,17.74,187,
12:41:27,17.74,100,
12:41:27,17.74,172,
12:41:27,17.74,600,
12:41:27,17.74,100,
12:41:27,17.74,100,
12:41:27,17.74,300,
12:41:27,17.74,100,
12:41:27,17.74,400,
12:41:27,17.74,100,
12:41:27,17.74,300,
12:41:27,17.74,400,
12:41:27,17.74,300,
12:41:30,17.74,100,
12:41:30,17.74,200,
12:41:34,17.74,100,
12:41:53,17.75,100,
12:41:53,17.75,300,
12:41:55,17.75,300,
12:41:55,17.75,300,
12:41:55,17.75,200,
12:42:09,17.74,100,
12:42:20,17.75,100,
12:42:32,17.76,100,
12:42:43,17.755,600,
12:42:46,17.757,100,
12:43:20,17.75,100,
12:43:23,17.7418,160,
12:43:26,17.75,100,
12:43:26,17.75,200,
12:43:53,17.758,400,
12:44:05,17.76,100,
12:45:05,17.76,100,
12:45:41,17.74,200,
12:45:41,17.74,100,
12:46:07,17.735,100,
12:46:42,17.74,100,
12:46:51,17.74,200,
12:46:51,17.75,100,
12:46:56,17.749,400,
12:47:18,17.76,300,
12:47:37,17.768,100,
12:47:56,17.7531,163,
12:48:25,17.7405,600,
12:48:41,17.76,200,
12:49:04,17.7426,1300,
12:49:36,17.7601,150,
12:49:47,17.78,1000,
12:49:54,17.78,100,
12:50:08,17.78,100,
12:50:08,17.78,100,
12:50:08,17.78,1100,
12:50:40,17.77,300,
12:51:24,17.79,100,
12:51:24,17.79,600,
12:51:24,17.79,300,
12:51:24,17.79,100,
12:51:24,17.79,100,
12:51:24,17.79,100,
12:51:24,17.79,100,
12:51:24,17.79,100,
12:51:25,17.795,100,
12:51:35,17.7999,5000,
12:51:39,17.7999,1200,
12:51:40,17.7995,600,
12:52:23,17.77,300,
12:52:25,17.77,100,
12:52:25,17.77,100,
12:52:37,17.76,300,
12:52:43,17.76,100,
12:52:55,17.76,100,
12:54:17,17.759,2000,
12:54:20,17.76,300,
12:54:50,17.751,1000,
12:55:17,17.77,100,
12:55:17,17.77,100,
12:55:17,17.77,100,
12:55:22,17.77,400,
12:55:22,17.77,100,
12:55:34,17.77,300,
12:55:50,17.7626,800,
12:56:18,17.77,600,
12:56:21,17.7626,1000,
12:56:36,17.765,600,
12:56:36,17.765,100,
12:56:38,17.76,200,
12:56:38,17.7601,1200,
12:56:53,17.76,100,
12:57:00,17.79,400,
12:57:00,17.80,100,
12:57:00,17.80,200,
12:57:00,17.79,600,
12:57:00,17.80,100,
12:57:01,17.79,100,
12:57:05,17.79,196,
12:57:05,17.79,200,
12:57:06,17.79,100,
12:57:28,17.78,100,
12:57:28,17.78,100,
12:57:28,17.77,300,
12:57:32,17.78,100,
12:58:00,17.78,100,
12:58:10,17.7885,200,
12:58:46,17.78,100,
12:59:16,17.78,300,
12:59:21,17.77,300,
12:59:21,17.77,100,
12:59:21,17.77,819,
12:59:41,17.779,200,
13:00:04,17.78,300,
13:00:09,17.78,100,
13:00:45,17.7782,500,
13:01:54,17.77,100,
13:02:04,17.77,100,
13:02:23,17.771,1500,
13:02:32,17.77,200,
13:02:32,17.77,100,
13:02:32,17.77,100,
13:02:35,17.7725,2000,
13:02:43,17.771,1700,
13:02:49,17.78,600,
13:02:49,17.78,100,
13:02:53,17.79,100,
13:02:53,17.79,100,
13:02:53,17.79,1000,
13:02:53,17.79,400,
13:02:59,17.79,137,
13:02:59,17.795,100,
13:03:14,17.79,200,
13:03:14,17.79,300,
13:03:14,17.79,100,
13:03:14,17.79,100,
13:03:14,17.79,200,
13:03:31,17.7969,400,
13:03:32,17.80,100,
13:03:32,17.7999,200,
13:03:33,17.798,850,
13:03:34,17.80,278,
13:03:36,17.798,1000,
13:04:36,17.797,200,
13:04:47,17.80,100,
13:04:50,17.801,100,
13:04:55,17.80,200,
13:05:34,17.8031,393,
13:05:41,17.801,1300,
13:05:42,17.801,100,
13:05:42,17.801,200,
13:05:47,17.8082,1000,
13:05:51,17.807,200,
13:05:55,17.80,100,
13:05:59,17.81,100,
13:06:09,17.808,500,
13:06:18,17.80,181,
13:06:18,17.80,100,
13:06:18,17.80,100,
13:06:18,17.80,2000,
13:06:18,17.80,300,
13:06:18,17.80,100,
13:06:18,17.80,100,
13:06:18,17.80,300,
13:06:18,17.791,2308,
13:06:20,17.795,200,
13:06:20,17.791,1000,
13:06:21,17.79,10500,
13:06:21,17.80,100,
13:06:29,17.80,500,
13:06:37,17.79,100,
13:06:37,17.79,200,
13:06:37,17.79,100,
13:06:37,17.79,200,
13:06:37,17.79,200,
13:06:40,17.7826,1800,
13:06:41,17.78,100,
13:06:41,17.78,100,
13:06:46,17.785,100,
13:06:51,17.781,200,
13:06:53,17.7887,3000,
13:06:55,17.7899,2000,
13:07:06,17.78,100,
13:07:12,17.771,400,
13:07:17,17.78,400,
13:07:17,17.78,1600,
13:07:17,17.78,400,
13:07:54,17.771,200,
13:08:10,17.78,1500,
13:08:33,17.78,1000,
13:08:43,17.80,100,
13:08:43,17.80,100,
13:08:43,17.79,200,
13:08:43,17.78,250,
13:08:44,17.79,200,
13:08:44,17.79,200,
13:08:46,17.78,100,
13:09:22,17.79,100,
13:09:27,17.77,100,
13:10:13,17.77,300,
13:11:31,17.77,300,
13:12:02,17.78,100,
13:12:26,17.78,200,
13:12:36,17.78,300,
13:13:02,17.77,300,
13:13:15,17.779,155,
13:13:26,17.77,100,
13:13:46,17.77,100,
13:13:49,17.771,300,
13:14:30,17.78,100,
13:14:31,17.7782,500,
13:14:48,17.7718,1000,
13:15:00,17.77,200,
13:15:28,17.77,100,
13:15:52,17.761,100,
13:15:53,17.76,100,
13:16:12,17.75,300,
13:16:13,17.75,100,
13:16:17,17.7582,100,
13:16:24,17.75,1000,
13:16:31,17.75,100,
13:16:33,17.7482,100,
13:16:34,17.75,100,
13:16:49,17.74,100,
13:16:51,17.74,200,
13:16:51,17.74,200,
13:16:51,17.74,100,
13:16:51,17.74,1000,
13:16:51,17.74,300,
13:16:51,17.74,100,
13:16:52,17.741,1400,
13:17:11,17.73,300,
13:17:24,17.739,1000,
13:17:29,17.7326,600,
13:18:01,17.73,200,
13:18:05,17.73,1100,
13:18:05,17.73,100,
13:18:07,17.73,425,
13:18:42,17.73,100,
13:18:48,17.74,100,
13:18:57,17.7395,1000,
13:19:13,17.7389,100,
13:20:34,17.74,200,
13:20:34,17.74,200,
13:20:55,17.73,500,
13:21:12,17.75,300,
13:21:12,17.75,200,
13:21:12,17.75,100,
13:21:12,17.75,100,
13:21:12,17.75,200,
13:21:12,17.75,300,
13:21:12,17.75,100,
13:21:38,17.7599,500,
13:21:42,17.77,100,
13:21:43,17.77,100,
13:21:50,17.781,900,
13:22:02,17.79,300,
13:22:32,17.80,300,
13:22:35,17.81,2800,
13:22:37,17.81,200,
13:22:37,17.81,300,
13:22:37,17.81,200,
13:22:37,17.81,200,
13:22:37,17.81,200,
13:22:37,17.81,100,
13:22:37,17.81,100,
13:22:37,17.81,100,
13:22:37,17.81,200,
13:22:37,17.81,200,
13:22:43,17.83,200,
13:22:43,17.83,200,
13:22:43,17.83,100,
13:22:43,17.83,600,
13:22:43,17.83,300,
13:22:43,17.83,600,
13:22:49,17.83,200,
13:22:49,17.83,100,
13:22:49,17.83,1200,
13:22:53,17.84,300,
13:22:53,17.85,100,
13:22:53,17.84,1800,
13:22:53,17.84,100,
13:22:53,17.85,200,
13:22:53,17.8574,1400,
13:22:54,17.85,100,
13:23:02,17.8699,5000,
13:23:05,17.87,100,
13:23:05,17.87,100,
13:23:08,17.87,100,
13:23:08,17.87,100,
13:23:08,17.87,100,
13:23:14,17.8601,700,
13:23:28,17.86,116,
13:23:28,17.86,100,
13:23:28,17.86,100,
13:23:38,17.85,200,
13:23:38,17.85,200,
13:23:42,17.84,100,
13:24:01,17.85,100,
13:24:01,17.85,400,
13:24:02,17.8482,1200,
13:24:05,17.85,100,
13:24:12,17.849,100,
13:24:13,17.849,900,
13:24:21,17.86,100,
13:24:26,17.85,100,
13:24:33,17.86,200,
13:24:42,17.8588,150,
13:24:42,17.87,100,
13:24:42,17.87,200,
13:24:59,17.869,500,
13:25:01,17.869,2800,
13:25:03,17.89,300,
13:25:03,17.8799,200,
13:25:03,17.89,600,
13:25:03,17.89,100,
13:25:03,17.89,100,
13:25:03,17.89,2500,
13:25:03,17.89,300,
13:25:03,17.89,600,
13:25:03,17.89,100,
13:25:03,17.89,600,
13:25:03,17.89,400,
13:25:03,17.89,100,
13:25:03,17.89,400,
13:25:03,17.89,200,
13:25:03,17.8895,1700,
13:25:05,17.91,300,
13:25:05,17.91,100,
13:25:05,17.9101,100,
13:25:05,17.91,100,
13:25:05,17.91,100,
13:25:05,17.91,100,
13:25:06,17.9069,300,
13:25:07,17.91,400,
13:25:07,17.91,100,
13:25:07,17.899,400,
13:25:07,17.92,1000,
13:25:07,17.92,400,
13:25:07,17.92,800,
13:25:07,17.92,800,
13:25:08,17.92,400,
13:25:08,17.92,100,
13:25:08,17.92,100,
13:25:08,17.92,600,
13:25:08,17.93,390,
13:25:10,17.919,1200,
13:25:10,17.92,100,
13:25:10,17.918,1000,
13:25:11,17.928,2000,
13:25:13,17.93,100,
13:25:15,17.93,400,
13:25:15,17.93,200,
13:25:16,17.93,100,
13:25:16,17.929,1700,
13:25:16,17.93,100,
13:25:19,17.9226,1650,
13:25:20,17.92,100,
13:25:23,17.9255,5000,
13:25:26,17.9299,1000,
13:25:27,17.92,100,
13:25:28,17.9285,200,
13:25:28,17.92,100,
13:25:28,17.92,200,
13:25:30,17.93,100,
13:25:30,17.94,100,
13:25:30,17.94,600,
13:25:30,17.94,100,
13:25:31,17.94,100,
13:25:31,17.94,400,
13:25:31,17.94,2000,
13:25:32,17.94,300,
13:25:32,17.94,100,
13:25:32,17.94,300,
13:25:32,17.94,1004,
13:25:32,17.94,100,
13:25:32,17.94,100,
13:25:32,17.94,200,
13:25:32,17.94,400,
13:25:32,17.94,400,
13:25:33,17.94,500,
13:25:33,17.94,400,
13:25:34,17.941,2000,
13:25:35,17.9399,200,
13:25:36,17.94,100,
13:25:36,17.933,400,
13:25:37,17.95,1300,
13:25:37,17.95,100,
13:25:37,17.95,100,
13:25:37,17.95,500,
13:25:37,17.95,100,
13:25:37,17.95,500,
13:25:37,17.95,1000,
13:25:38,17.935,400,
13:25:41,17.94,300,
13:25:41,17.94,230,
13:25:41,17.94,1900,
13:25:41,17.94,200,
13:25:41,17.94,100,
13:25:41,17.94,500,
13:25:41,17.93,200,
13:25:41,17.94,500,
13:25:41,17.94,100,
13:25:41,17.94,1200,
13:25:41,17.93,600,
13:25:41,17.94,1200,
13:25:41,17.94,100,
13:25:41,17.94,100,
13:25:44,17.93,800,
13:25:44,17.93,800,
13:25:44,17.9315,1200,
13:25:48,17.94,100,
13:25:51,17.93,100,
13:25:53,17.9399,100,
13:25:55,17.94,2800,
13:25:59,17.93,2100,
13:25:59,17.93,1200,
13:25:59,17.93,100,
13:25:59,17.93,400,
13:25:59,17.93,400,
13:26:04,17.932,850,
13:26:09,17.92,200,
13:26:09,17.92,400,
13:26:26,17.91,100,
13:26:34,17.911,500,
13:26:46,17.9115,200,
13:26:48,17.9199,200,
13:26:52,17.9199,260,
13:26:54,17.9169,200,
13:26:58,17.91,100,
13:26:58,17.91,100,
