09:30:00,19.13,1250,
09:30:01,19.11,100,
09:30:02,19.13,1250,
09:30:02,19.13,250,
09:30:02,19.13,400,
09:30:05,19.11,1200,
09:30:05,19.12,1700,
09:30:05,19.13,1000,
09:30:05,19.13,640,
09:30:05,19.13,200,
09:30:06,19.111,1584,
09:30:10,19.12,4280,
09:30:10,19.12,500,
09:30:11,19.11,1700,
09:30:12,19.115,430,
09:30:13,19.12,100,
09:30:14,19.10,300,
09:30:14,19.09,300,
09:30:14,19.09,900,
09:30:14,19.121,2000,
09:30:14,19.10,285,
09:30:14,19.102,1200,
09:30:14,19.102,400,
09:30:15,19.08,600,
09:30:16,19.11,500,
09:30:16,19.11,450,
09:30:16,19.11,300,
09:30:16,19.08,200,
09:30:16,19.083,200,
09:30:16,19.1101,100,
09:30:16,19.0829,1600,
09:30:17,19.08,480,
09:30:17,19.08,600,
09:30:17,19.07,500,
09:30:17,19.0815,100,
09:30:17,19.0815,100,
09:30:19,19.06,700,
09:30:20,19.06,800,
09:30:20,19.06,560,
09:30:20,19.05,125,
09:30:26,19.057,1200,
09:30:29,19.04,500,
09:30:30,19.0599,5000,
09:30:31,19.04,200,
09:30:32,19.047,250,
09:30:32,19.04,700,
09:30:32,19.04,700,
09:30:33,19.04,297,
09:30:35,19.1201,4000,
09:30:40,19.02,100,
09:30:41,19.011,300,
09:30:41,19.011,400,
09:30:41,19,100,
09:30:41,19,200,
09:30:41,19,100,
09:30:41,19,100,
09:30:41,19.022,1400,
09:30:42,18.98,400,
09:30:42,19.0433,2000,
09:30:43,18.98,130,
09:30:43,18.989,3910,
09:30:43,18.98,400,
09:30:43,18.98,100,
09:30:44,18.96,4500,
09:30:45,18.9801,500,
09:30:45,18.97,1000,
09:30:45,18.97,1600,
09:30:45,18.9738,600,
09:30:45,18.9764,100,
09:30:45,18.9764,1700,
09:30:46,18.97,600,
09:30:47,18.97,1000,
09:30:47,18.97,567,
09:30:48,18.97,300,
09:30:49,18.97,300,
09:30:52,18.96,200,
09:30:54,18.96,200,
09:30:55,18.96,200,
09:30:55,18.96,1400,
09:30:58,18.96,100,
09:30:59,18.9605,1650,
09:30:59,18.9699,5000,
09:31:00,18.966,200,
09:31:01,18.97,242,
09:31:02,18.97,300,
09:31:02,18.97,100,
09:31:02,18.9699,300,
09:31:02,18.97,100,
09:31:02,18.97,1500,
09:31:03,18.96,100,
09:31:06,18.94,100,
09:31:06,18.93,500,
09:31:06,18.93,600,
09:31:06,18.97,2392,
09:31:06,18.93,100,
09:31:06,18.93,200,
09:31:07,18.94,300,
09:31:07,18.9399,2000,
09:31:07,18.94,100,
09:31:08,18.937,250,
09:31:08,18.937,4000,
09:31:08,18.944,384,
09:31:10,18.95,100,
09:31:11,18.95,500,
09:31:11,18.94,100,
09:31:11,18.94,1100,
09:31:15,18.9301,3500,
09:31:15,18.949,1000,
09:31:15,18.94,1100,
09:31:17,18.95,200,
09:31:17,18.96,200,
09:31:20,18.95,600,
09:31:20,18.9501,3300,
09:31:20,18.9401,2200,
09:31:21,18.9586,900,
09:31:22,18.9586,1000,
09:31:22,18.96,200,
09:31:22,18.96,300,
09:31:23,18.97,2200,
09:31:23,18.958,500,
09:31:25,18.98,1300,
09:31:26,18.98,100,
09:31:26,18.9842,500,
09:31:27,18.98,200,
09:31:27,18.98,1700,
09:31:29,18.98,1000,
09:31:32,18.9675,2000,
09:31:32,18.97,396,
09:31:33,18.98,500,
09:31:34,18.98,900,
09:31:34,18.98,200,
09:31:36,18.98,700,
09:31:39,18.976,200,
09:31:40,18.99,100,
09:31:40,18.99,100,
09:31:40,18.98,1600,
09:31:41,18.98,600,
09:31:42,18.99,100,
09:31:42,18.976,400,
09:31:42,18.99,100,
09:31:42,18.99,1300,
09:31:44,18.9899,800,
09:31:48,18.996,400,
09:31:51,18.9999,4800,
09:31:53,18.9993,100,
09:31:58,18.9895,1000,
09:32:00,18.996,200,
09:32:00,19,4700,
09:32:05,19,1700,
09:32:06,19.01,1500,
09:32:09,19.03,1300,
09:32:10,19.0167,100,
09:32:12,19.011,5000,
09:32:18,19.02,700,
09:32:18,19.02,600,
09:32:18,19.001,200,
09:32:19,19.04,200,
09:32:22,19.0399,200,
09:32:24,19.03,200,
09:32:24,19.03,600,
09:32:24,19.0229,1800,
09:32:26,19.03,400,
09:32:26,19.0215,100,
09:32:30,19.02,100,
09:32:33,19.0195,1000,
09:32:36,19.0192,430,
09:32:39,19.01,1500,
09:32:39,19.01,200,
09:32:40,19.0099,1500,
09:32:43,19.01,1700,
09:32:43,19.01,100,
09:32:43,19.0099,100,
09:32:43,19.0099,100,
09:32:43,19.0099,1700,
09:32:43,19.0099,600,
09:32:43,19.0099,600,
09:32:46,19.01,100,
09:32:47,19.0029,500,
09:32:49,19.01,100,
09:32:50,19.0024,200,
09:32:50,19,1360,
09:32:51,19.008,500,
09:32:52,19,2500,
09:32:52,19.0078,100,
09:32:52,19.0078,100,
09:32:52,19.0078,600,
09:32:52,19,700,
09:32:52,19.01,100,
09:32:52,19.01,800,
09:32:54,19.01,200,
09:32:57,19.01,100,
09:33:00,19.02,600,
09:33:00,19.02,300,
09:33:00,19.02,600,
09:33:03,19.019,5000,
09:33:07,19.02,110,
09:33:08,19.0399,3000,
09:33:09,19.04,100,
09:33:11,19.0499,500,
09:33:11,19.0499,2500,
09:33:15,19.05,2500,
09:33:18,19.05,1300,
09:33:18,19.06,1000,
09:33:19,19.07,100,
09:33:21,19.06,600,
09:33:21,19.06,100,
09:33:21,19.05,100,
09:33:21,19.05,200,
09:33:21,19.06,200,
09:33:21,19.04,100,
09:33:22,19.04,100,
09:33:22,19.04,600,
09:33:27,19.0399,300,
09:33:27,19.04,100,
09:33:27,19.04,100,
09:33:31,19.03,100,
09:33:31,19.03,100,
09:33:32,19.03,200,
09:33:33,19.029,200,
09:33:34,19.03,300,
09:33:38,19.047,200,
09:33:39,19.0471,200,
09:33:39,19.05,900,
09:33:39,19.05,1500,
09:33:42,19.0475,500,
09:33:42,19.05,200,
09:33:43,19.05,300,
09:33:43,19.06,200,
09:33:44,19.06,100,
09:33:45,19.05,100,
09:33:48,19.058,660,
09:33:49,19.0565,200,
09:33:53,19.06,1790,
09:33:53,19.0599,100,
09:33:53,19.0599,910,
09:33:55,19.06,400,
09:33:57,19.0799,1000,
09:34:00,19.08,4400,
09:34:01,19.08,600,
09:34:01,19.08,1000,
09:34:01,19.08,1000,
09:34:01,19.08,3000,
09:34:01,19.08,100,
09:34:01,19.088,500,
09:34:02,19.0899,225,
09:34:03,19.07,140,
09:34:04,19.07,1560,
09:34:06,19.0699,600,
09:34:06,19.07,200,
09:34:06,19.068,1560,
09:34:07,19.06,200,
09:34:08,19.06,800,
09:34:08,19.06,100,
09:34:08,19.06,300,
09:34:08,19.06,100,
09:34:08,19.07,300,
09:34:08,19.05,300,
09:34:08,19.05,1600,
09:34:09,19.068,200,
09:34:09,19.069,100,
09:34:11,19.06,100,
09:34:11,19.06,600,
09:34:15,19.0471,500,
09:34:17,19.04,200,
09:34:22,19.0471,500,
09:34:22,19.048,100,
09:34:24,19.05,500,
09:34:34,19.0499,2000,
09:34:36,19.0499,200,
09:34:36,19.0499,500,
09:34:37,19.03,100,
09:34:37,19.02,150,
09:34:37,19.01,800,
09:34:37,19.01,100,
09:34:37,19.01,1700,
09:34:40,19.02,200,
09:34:41,19.01,200,
09:34:41,19,300,
09:34:41,19.0014,300,
09:34:41,19,500,
09:34:42,19.02,100,
09:34:44,19,2900,
09:34:47,18.97,500,
09:34:47,18.97,100,
09:34:47,18.97,100,
09:34:47,18.97,1700,
09:34:47,18.97,200,
09:34:47,18.97,920,
09:34:47,18.97,760,
09:34:47,18.95,200,
09:34:47,18.95,800,
09:34:47,18.93,100,
09:34:47,18.93,800,
09:34:47,18.94,400,
09:34:47,18.94,1000,
09:34:47,18.94,383,
09:34:47,18.95,200,
09:34:47,18.943,300,
09:34:48,18.94,100,
09:34:48,18.945,125,
09:34:48,18.9586,100,
09:34:48,18.96,100,
09:34:48,18.99,500,
09:34:48,18.93,400,
09:34:49,18.95,100,
09:34:49,18.93,500,
09:34:50,18.9492,200,
09:34:53,18.9499,400,
09:34:56,18.92,220,
09:34:56,18.92,1000,
09:34:58,18.92,739,
09:34:58,18.9105,1000,
09:34:58,18.90,150,
09:34:58,18.8901,360,
09:34:58,18.90,200,
09:34:58,18.89,160,
09:34:58,18.89,600,
09:34:59,18.89,1600,
09:35:00,18.90,100,
09:35:00,18.90,100,
09:35:00,18.90,600,
09:35:00,18.90,200,
09:35:00,18.90,100,
09:35:00,18.90,100,
09:35:00,18.899,5000,
09:35:00,18.89,100,
09:35:02,18.907,2000,
09:35:03,18.90,640,
09:35:04,18.8886,1000,
09:35:04,18.88,250,
09:35:04,18.88,800,
09:35:07,18.87,100,
09:35:07,18.87,600,
09:35:07,18.86,800,
09:35:07,18.87,1000,
09:35:07,18.84,100,
09:35:07,18.85,200,
09:35:07,18.84,300,
09:35:07,18.84,700,
09:35:07,18.84,300,
09:35:07,18.85,500,
09:35:07,18.85,100,
09:35:07,18.85,179,
09:35:07,18.85,500,
09:35:07,18.87,600,
09:35:07,18.84,300,
09:35:07,18.8467,100,
09:35:07,18.8467,100,
09:35:07,18.845,200,
09:35:08,18.85,100,
09:35:08,18.85,1000,
09:35:08,18.85,590,
09:35:08,18.86,200,
09:35:08,18.86,100,
09:35:08,18.86,1000,
09:35:08,18.86,500,
09:35:08,18.86,800,
09:35:08,18.86,600,
09:35:08,18.86,200,
09:35:08,18.86,165,
09:35:08,18.86,300,
09:35:08,18.87,100,
09:35:08,18.87,100,
09:35:08,18.87,200,
09:35:08,18.86,100,
09:35:08,18.86,800,
09:35:08,18.87,535,
09:35:08,18.87,165,
09:35:08,18.87,400,
09:35:08,18.87,300,
09:35:08,18.86,795,
09:35:08,18.86,100,
09:35:08,18.87,200,
09:35:08,18.86,600,
09:35:08,18.85,281,
09:35:08,18.85,300,
09:35:08,18.85,400,
09:35:08,18.86,500,
09:35:08,18.85,400,
09:35:08,18.84,1000,
09:35:08,18.82,500,
09:35:08,18.82,200,
09:35:08,18.82,300,
09:35:08,18.82,274,
09:35:08,18.82,200,
09:35:08,18.87,500,
09:35:08,18.81,100,
09:35:08,18.81,400,
09:35:08,18.87,900,
09:35:08,18.82,100,
09:35:08,18.81,700,
09:35:08,18.8186,1000,
09:35:08,18.81,300,
09:35:08,18.81,300,
09:35:08,18.8171,300,
09:35:08,18.812,298,
09:35:08,18.82,620,
09:35:08,18.82,500,
09:35:08,18.83,100,
09:35:08,18.83,1700,
09:35:08,18.83,700,
09:35:08,18.83,517,
09:35:08,18.83,500,
09:35:09,18.83,800,
09:35:09,18.83,100,
09:35:09,18.83,600,
09:35:09,18.83,900,
09:35:09,18.83,500,
09:35:09,18.83,500,
09:35:09,18.83,200,
09:35:09,18.83,1000,
09:35:09,18.82,600,
09:35:10,18.832,150,
09:35:10,18.82,100,
09:35:10,18.83,300,
09:35:10,18.83,200,
09:35:10,18.83,1000,
09:35:11,18.84,400,
09:35:11,18.84,300,
09:35:11,18.84,100,
09:35:13,18.84,5000,
09:35:13,18.83,355,
09:35:14,18.8342,960,
09:35:17,18.8399,1000,
09:35:18,18.84,200,
09:35:19,18.85,7600,
09:35:20,18.85,500,
09:35:20,18.86,100,
09:35:20,18.85,200,
09:35:20,18.85,200,
09:35:21,18.86,200,
09:35:22,18.868,100,
09:35:23,18.86,100,
09:35:23,18.859,100,
09:35:25,18.859,100,
09:35:25,18.87,1500,
09:35:25,18.87,700,
09:35:25,18.87,1700,
09:35:25,18.87,800,
09:35:25,18.87,100,
09:35:25,18.87,400,
09:35:26,18.87,1700,
09:35:26,18.87,400,
09:35:26,18.88,300,
09:35:27,18.877,200,
09:35:27,18.863,875,
09:35:31,18.8673,100,
09:35:31,18.8673,700,
09:35:31,18.8673,100,
09:35:31,18.869,1700,
09:35:33,18.869,100,
09:35:34,18.8699,3000,
09:35:39,18.86,1300,
09:35:39,18.86,100,
09:35:39,18.868,100,
09:35:40,18.868,100,
09:35:42,18.87,361,
09:35:43,18.8605,500,
09:35:44,18.8667,600,
09:35:44,18.8667,200,
09:35:45,18.86,500,
09:35:47,18.869,100,
09:35:47,18.869,100,
09:35:48,18.869,100,
09:35:48,18.869,150,
09:35:48,18.88,3000,
09:35:48,18.87,100,
09:35:48,18.88,600,
09:35:48,18.88,700,
09:35:48,18.88,300,
09:35:48,18.88,100,
09:35:48,18.864,1000,
09:35:49,18.89,100,
09:35:49,18.89,1200,
09:35:50,18.89,100,
09:35:51,18.888,1000,
09:35:52,18.889,1000,
09:35:52,18.889,1000,
09:35:54,18.89,100,
09:35:54,18.89,100,
09:35:54,18.89,200,
09:35:54,18.889,100,
09:35:57,18.88,600,
09:35:57,18.889,100,
09:35:58,18.889,520,
09:35:59,18.8888,100,
09:35:59,18.889,400,
09:36:00,18.88,360,
09:36:00,18.88,860,
09:36:00,18.88,100,
09:36:00,18.88,600,
09:36:00,18.88,384,
09:36:00,18.8899,2000,
09:36:01,18.87,700,
09:36:01,18.87,200,
09:36:01,18.87,300,
09:36:01,18.87,100,
09:36:02,18.8778,100,
09:36:02,18.88,431,
09:36:02,18.879,900,
09:36:08,18.88,200,
09:36:08,18.879,6700,
09:36:08,18.879,1300,
09:36:10,18.8701,400,
09:36:10,18.87,100,
09:36:10,18.87,300,
09:36:10,18.88,100,
09:36:10,18.879,100,
09:36:10,18.879,200,
09:36:12,18.8814,300,
09:36:13,18.8872,300,
09:36:13,18.889,400,
09:36:16,18.884,100,
09:36:16,18.90,200,
09:36:16,18.899,1700,
09:36:17,18.8999,200,
09:36:17,18.8999,6500,
09:36:19,18.899,199,
09:36:20,18.90,300,
09:36:22,18.91,100,
09:36:24,18.9001,6000,
09:36:25,18.9099,2000,
09:36:27,18.8901,100,
09:36:27,18.89,100,
09:36:27,18.8901,200,
09:36:28,18.8999,2000,
09:36:30,18.899,530,
09:36:31,18.90,530,
09:36:31,18.89,100,
09:36:33,18.8999,100,
09:36:35,18.8905,500,
09:36:40,18.90,1430,
09:36:42,18.898,500,
09:36:43,18.9099,100,
09:36:45,18.89,24850,
09:36:46,18.9034,100,
09:36:46,18.9091,200,
09:36:46,18.909,430,
09:36:49,18.8901,2000,
09:36:52,18.91,700,
09:36:59,18.93,200,
09:37:03,18.92,400,
09:37:03,18.918,1500,
09:37:03,18.9174,1100,
09:37:05,18.9171,1000,
09:37:07,18.908,1700,
09:37:07,18.90,600,
09:37:07,18.90,1200,
09:37:12,18.90,300,
09:37:12,18.896,110,
09:37:13,18.90,500,
09:37:13,18.90,400,
09:37:13,18.89,100,
09:37:13,18.8901,1600,
09:37:14,18.8999,2000,
09:37:16,18.90,100,
09:37:17,18.91,100,
09:37:17,18.91,200,
09:37:17,18.90,200,
09:37:17,18.91,200,
09:37:17,18.90,100,
09:37:17,18.91,100,
09:37:17,18.91,300,
09:37:17,18.90,1400,
09:37:21,18.9195,1200,
09:37:24,18.9186,200,
09:37:27,18.92,1000,
09:37:34,18.93,200,
09:37:34,18.93,900,
09:37:35,18.93,1700,
09:37:36,18.93,300,
09:37:36,18.9399,100,
09:37:36,18.9399,200,
09:37:36,18.9399,600,
09:37:39,18.9293,200,
09:37:39,18.93,900,
09:37:41,18.9399,1900,
09:37:43,18.9399,1000,
09:37:44,18.93,100,
09:37:45,18.93,100,
09:37:45,18.92,100,
09:37:45,18.92,100,
09:37:47,18.91,300,
09:37:49,18.9095,1500,
09:37:50,18.90,300,
09:37:50,18.90,100,
09:37:50,18.90,200,
09:37:50,18.90,600,
09:37:50,18.90,100,
09:37:50,18.90,300,
09:37:52,18.892,600,
09:37:53,18.91,100,
09:37:53,18.91,400,
09:37:53,18.91,600,
09:37:53,18.91,300,
09:37:53,18.9071,1000,
09:37:54,18.91,1000,
09:37:54,18.91,100,
09:37:54,18.91,300,
09:37:54,18.91,1700,
09:37:54,18.91,200,
09:37:54,18.90,560,
09:37:54,18.90,200,
09:37:58,18.90,100,
09:37:58,18.90,400,
09:37:58,18.90,500,
09:37:59,18.9199,100,
09:38:00,18.92,1500,
09:38:00,18.92,200,
09:38:00,18.919,130,
09:38:00,18.919,200,
09:38:01,18.9099,100,
09:38:04,18.91,5000,
09:38:06,18.91,269,
09:38:09,18.90,100,
09:38:10,18.895,100,
09:38:12,18.89,400,
09:38:13,18.898,1000,
09:38:17,18.889,1500,
09:38:19,18.88,500,
09:38:19,18.8801,300,
09:38:19,18.8885,7100,
09:38:20,18.889,300,
09:38:22,18.88,300,
09:38:22,18.87,1000,
09:38:22,18.87,200,
09:38:22,18.88,500,
09:38:23,18.88,300,
09:38:25,18.8829,500,
09:38:27,18.8791,200,
09:38:28,18.876,1000,
09:38:30,18.8793,300,
09:38:34,18.89,200,
09:38:34,18.888,300,
09:38:36,18.89,200,
09:38:36,18.89,300,
09:38:36,18.90,1850,
09:38:36,18.89,300,
09:38:37,18.889,300,
09:38:37,18.889,400,
09:38:38,18.89,1700,
09:38:38,18.889,1000,
09:38:38,18.89,100,
09:38:39,18.899,100,
09:38:39,18.899,200,
09:38:40,18.90,100,
09:38:40,18.90,300,
09:38:40,18.90,100,
09:38:40,18.90,400,
09:38:40,18.90,300,
09:38:40,18.90,800,
09:38:41,18.90,900,
09:38:41,18.90,300,
09:38:41,18.908,100,
09:38:41,18.908,295,
09:38:42,18.919,300,
09:38:43,18.898,300,
09:38:43,18.901,500,
09:38:48,18.928,1300,
09:38:50,18.9271,500,
09:38:51,18.9295,500,
09:38:52,18.929,200,
09:38:53,18.93,500,
09:38:53,18.93,1400,
09:38:55,18.92,200,
09:38:55,18.92,200,
09:38:56,18.92,400,
09:38:56,18.918,200,
09:39:01,18.909,1000,
09:39:01,18.93,300,
09:39:01,18.93,1000,
09:39:02,18.93,200,
09:39:02,18.92,200,
09:39:02,18.92,303,
09:39:02,18.92,200,
09:39:02,18.92,200,
09:39:02,18.9301,200,
09:39:03,18.929,600,
09:39:05,18.93,100,
09:39:05,18.929,200,
09:39:06,18.93,100,
09:39:06,18.93,100,
09:39:09,18.94,300,
09:39:09,18.94,1100,
09:39:09,18.9351,1100,
09:39:10,18.939,600,
09:39:10,18.93,2500,
09:39:10,18.931,7000,
09:39:15,18.9301,5000,
09:39:15,18.94,200,
09:39:15,18.95,200,
09:39:15,18.95,800,
09:39:15,18.95,600,
09:39:15,18.95,1000,
09:39:15,18.95,100,
09:39:15,18.95,300,
09:39:15,18.95,115,
09:39:15,18.95,300,
09:39:15,18.95,200,
09:39:15,18.96,800,
09:39:15,18.96,800,
09:39:16,18.97,800,
09:39:16,18.969,900,
09:39:16,18.969,800,
09:39:17,18.96,100,
09:39:17,18.96,2900,
09:39:18,18.96,500,
09:39:19,18.967,400,
09:39:20,18.96,100,
09:39:20,18.96,200,
09:39:20,18.96,300,
09:39:20,18.96,200,
09:39:20,18.96,100,
09:39:21,18.97,100,
09:39:22,18.968,500,
09:39:22,18.967,500,
09:39:22,18.96,300,
09:39:24,18.95,400,
09:39:25,18.957,400,
09:39:28,18.95,100,
09:39:29,18.95,300,
09:39:31,18.95,3000,
09:39:37,18.957,250,
09:39:38,18.9501,300,
09:39:40,18.946,100,
09:39:46,18.936,200,
09:39:46,18.94,100,
09:39:47,18.938,200,
09:39:51,18.95,200,
09:39:51,18.95,400,
09:39:51,18.96,100,
09:39:51,18.9586,200,
09:39:52,18.9471,500,
09:39:53,18.938,300,
09:39:59,18.95,100,
09:39:59,18.9486,100,
09:40:00,18.94,200,
09:40:00,18.94,300,
09:40:00,18.9385,5000,
09:40:04,18.93,2300,
09:40:07,18.905,500,
09:40:07,18.90,100,
09:40:07,18.90,140,
09:40:08,18.90,1600,
09:40:10,18.8971,1000,
09:40:11,18.90,1100,
09:40:11,18.90,500,
09:40:11,18.90,140,
09:40:11,18.90,300,
09:40:13,18.89,200,
09:40:13,18.89,100,
09:40:16,18.8893,300,
09:40:17,18.89,400,
09:40:17,18.90,1100,
09:40:24,18.8992,100,
09:40:24,18.899,200,
09:40:24,18.90,2100,
09:40:30,18.91,100,
09:40:32,18.92,100,
09:40:36,18.9399,100,
09:40:43,18.94,100,
09:40:43,18.93,600,
09:40:43,18.93,300,
09:40:48,18.96,200,
09:40:53,18.9399,1000,
09:40:55,18.939,1400,
09:40:55,18.939,1400,
09:40:55,18.9471,500,
09:41:01,18.94,800,
09:41:01,18.9399,7000,
09:41:07,18.938,500,
09:41:11,18.948,100,
09:41:13,18.943,544,
09:41:15,18.94,200,
09:41:17,18.93,600,
09:41:17,18.93,1700,
09:41:17,18.93,100,
09:41:17,18.93,100,
09:41:17,18.9391,130,
09:41:17,18.939,200,
09:41:18,18.9399,100,
09:41:19,18.93,3000,
09:41:19,18.94,1700,
09:41:19,18.9395,500,
09:41:23,18.9401,1000,
09:41:30,18.95,200,
09:41:30,18.95,300,
09:41:30,18.95,100,
09:41:30,18.95,130,
09:41:30,18.94,100,
09:41:37,18.957,100,
09:41:40,18.96,1300,
09:41:42,18.98,560,
09:41:42,18.98,200,
09:41:42,18.99,800,
09:41:42,18.9897,100,
09:41:42,18.989,200,
09:41:44,18.9893,300,
09:41:44,18.99,600,
09:41:44,18.989,1800,
09:41:44,18.989,1900,
09:41:45,18.99,300,
09:41:47,18.99,200,
09:41:48,18.9819,100,
09:41:48,18.98,600,
09:41:48,18.98,1000,
09:41:48,18.98,100,
09:41:48,18.98,100,
09:41:49,18.9815,2000,
09:41:49,18.987,800,
09:41:52,18.99,1360,
09:41:52,19,560,
09:41:52,19,600,
09:41:53,19.01,200,
09:41:57,19.0099,5000,
09:41:59,19.02,9600,
09:41:59,19.0201,514,
09:41:59,19.0085,100,
09:42:01,19.04,200,
09:42:02,19.039,1000,
09:42:02,19.039,1000,
09:42:02,19.04,1100,
09:42:03,19.05,200,
09:42:04,19.06,100,
09:42:06,19.06,100,
09:42:07,19.049,200,
09:42:07,19.049,200,
09:42:09,19.04,400,
09:42:09,19.04,300,
09:42:09,19.04,300,
09:42:09,19.03,100,
09:42:09,19.03,300,
09:42:10,19.022,1000,
09:42:10,19.03,1000,
09:42:10,19.03,300,
09:42:10,19.03,1100,
09:42:10,19.03,600,
09:42:10,19.03,600,
09:42:10,19.03,200,
09:42:10,19.03,3000,
09:42:13,19.04,100,
09:42:13,19.038,200,
09:42:14,19.04,100,
09:42:14,19.03,600,
09:42:14,19.03,898,
09:42:15,19.04,100,
09:42:15,19.04,300,
09:42:17,19.03,600,
09:42:17,19.03,300,
09:42:19,19.032,200,
09:42:21,19.05,100,
09:42:21,19.06,200,
09:42:21,19.06,200,
09:42:22,19.033,1000,
09:42:25,19.05,300,
09:42:26,19.05,200,
09:42:26,19.0514,200,
09:42:26,19.0514,200,
09:42:26,19.06,700,
09:42:27,19.07,200,
09:42:27,19.0699,300,
09:42:27,19.0699,500,
09:42:31,19.06,2000,
09:42:33,19.07,300,
09:42:34,19.08,200,
09:42:35,19.09,300,
09:42:35,19.10,200,
09:42:35,19.11,120,
09:42:35,19.11,100,
09:42:36,19.11,200,
09:42:36,19.10,100,
09:42:36,19.105,100,
09:42:37,19.10,1000,
09:42:40,19.10,300,
09:42:43,19.0971,1400,
09:42:43,19.09,5262,
09:42:44,19.0971,500,
09:42:48,19.10,500,
09:42:49,19.10,200,
09:42:49,19.09,2500,
09:42:50,19.10,100,
09:42:50,19.10,300,
09:42:50,19.10,100,
09:42:52,19.099,2000,
09:42:55,19.108,500,
09:42:55,19.12,200,
09:42:55,19.13,200,
09:42:56,19.1101,200,
09:42:56,19.1101,1400,
09:42:58,19.12,1000,
09:42:59,19.12,100,
09:42:59,19.12,200,
09:42:59,19.12,246,
09:42:59,19.12,100,
09:42:59,19.1201,100,
09:42:59,19.1201,500,
09:42:59,19.1201,400,
09:43:00,19.13,1000,
09:43:01,19.12,500,
09:43:02,19.1138,1000,
09:43:04,19.122,1000,
09:43:05,19.12,900,
09:43:05,19.12,300,
09:43:05,19.1215,2000,
09:43:06,19.12,300,
09:43:06,19.1165,100,
09:43:08,19.1101,400,
09:43:10,19.119,2000,
09:43:12,19.1065,3000,
09:43:13,19.101,1400,
09:43:14,19.101,600,
09:43:15,19.11,100,
09:43:15,19.11,300,
09:43:15,19.1099,100,
09:43:15,19.1099,300,
09:43:15,19.1099,100,
09:43:15,19.1099,100,
09:43:15,19.1099,1500,
09:43:17,19.10,300,
09:43:17,19.10,600,
09:43:17,19.10,100,
09:43:17,19.10,300,
09:43:17,19.09,300,
09:43:17,19.09,200,
09:43:17,19.09,300,
09:43:17,19.09,3000,
09:43:17,19.09,800,
09:43:17,19.09,100,
09:43:19,19.10,100,
09:43:19,19.10,400,
09:43:19,19.10,800,
09:43:19,19.10,300,
09:43:19,19.10,200,
09:43:19,19.10,100,
09:43:19,19.10,400,
09:43:21,19.1099,200,
09:43:24,19.10,300,
09:43:25,19.11,400,
09:43:26,19.12,2800,
09:43:27,19.105,200,
09:43:27,19.11,136,
09:43:27,19.11,1700,
09:43:27,19.11,200,
09:43:27,19.11,364,
09:43:27,19.11,300,
09:43:29,19.106,5000,
09:43:31,19.1014,300,
09:43:32,19.10,500,
09:43:33,19.10,300,
09:43:37,19.108,725,
09:43:39,19.0905,500,
09:43:41,19.07,500,
09:43:43,19.08,1400,
09:43:43,19.0862,560,
09:43:44,19.08,100,
09:43:44,19.086,100,
09:43:45,19.09,800,
09:43:45,19.09,500,
09:43:46,19.10,200,
09:43:46,19.10,100,
09:43:47,19.072,350,
09:43:48,19.11,200,
09:43:50,19.11,150,
09:43:50,19.105,125,
09:43:50,19.105,200,
09:43:50,19.105,100,
09:43:51,19.11,100,
09:43:51,19.10,400,
09:43:51,19.10,400,
09:43:51,19.09,300,
09:43:53,19.10,279,
09:43:53,19.10,100,
09:43:53,19.10,100,
09:43:55,19.09,300,
09:43:58,19.0999,100,
09:43:58,19.0999,1300,
09:44:00,19.08,300,
09:44:03,19.0899,125,
09:44:04,19.0899,150,
09:44:04,19.081,1400,
09:44:07,19.09,2000,
09:44:09,19.09,100,
09:44:10,19.09,136,
09:44:14,19.10,200,
09:44:18,19.10,100,
09:44:21,19.1001,2000,
09:44:23,19.10,100,
09:44:24,19.109,165,
09:44:27,19.11,200,
09:44:27,19.11,100,
09:44:27,19.11,1600,
09:44:28,19.12,100,
09:44:28,19.12,300,
09:44:28,19.1199,500,
09:44:28,19.1199,300,
09:44:28,19.1199,100,
09:44:28,19.108,1000,
09:44:36,19.12,100,
09:44:36,19.12,400,
09:44:38,19.1101,7000,
09:44:39,19.12,100,
09:44:39,19.12,100,
09:44:39,19.12,600,
09:44:39,19.12,300,
09:44:39,19.12,200,
09:44:39,19.12,300,
09:44:39,19.12,200,
09:44:40,19.1199,1000,
09:44:40,19.111,374,
09:44:42,19.12,620,
09:44:42,19.11,200,
09:44:42,19.1114,200,
09:44:42,19.12,800,
09:44:43,19.12,900,
09:44:43,19.12,3900,
09:44:44,19.119,620,
09:44:47,19.137,300,
09:44:47,19.13,800,
09:44:57,19.14,100,
09:44:59,19.1301,1000,
09:44:59,19.1393,250,
09:45:00,19.13,100,
09:45:01,19.13,500,
09:45:02,19.1299,400,
09:45:03,19.14,300,
09:45:03,19.14,100,
09:45:05,19.15,200,
09:45:05,19.141,3000,
09:45:05,19.15,100,
09:45:05,19.15,100,
09:45:05,19.15,1600,
09:45:05,19.15,200,
09:45:06,19.1586,450,
09:45:06,19.16,200,
09:45:06,19.16,100,
09:45:06,19.16,600,
09:45:06,19.16,100,
09:45:08,19.17,500,
09:45:09,19.1795,2500,
09:45:11,19.19,200,
09:45:11,19.1871,1600,
09:45:12,19.19,100,
09:45:13,19.1885,100,
09:45:13,19.1885,100,
09:45:13,19.19,700,
09:45:13,19.1886,200,
09:45:13,19.1888,300,
09:45:15,19.18,200,
09:45:15,19.18,100,
09:45:15,19.1771,400,
09:45:18,19.1799,300,
09:45:19,19.1862,500,
09:45:19,19.18,200,
09:45:19,19.179,200,
09:45:20,19.19,300,
09:45:20,19.1899,300,
09:45:20,19.179,300,
09:45:20,19.1886,400,
09:45:22,19.18,200,
09:45:23,19.188,1000,
09:45:23,19.19,1000,
09:45:24,19.18,200,
09:45:25,19.18,300,
09:45:25,19.19,500,
09:45:25,19.19,4055,
09:45:25,19.18,500,
09:45:25,19.18,900,
09:45:25,19.189,200,
09:45:26,19.20,4200,
09:45:26,19.197,100,
09:45:27,19.189,100,
09:45:28,19.17,600,
09:45:28,19.17,200,
09:45:28,19.18,2500,
09:45:31,19.17,300,
09:45:31,19.17,100,
09:45:32,19.177,500,
09:45:33,19.17,340,
09:45:33,19.18,200,
09:45:33,19.1778,300,
09:45:34,19.16,300,
09:45:35,19.17,300,
09:45:36,19.1725,2000,
09:45:37,19.169,1700,
09:45:38,19.171,1500,
09:45:39,19.18,416,
09:45:40,19.18,1189,
09:45:40,19.18,200,
09:45:41,19.18,400,
09:45:42,19.1605,1500,
09:45:42,19.17,1000,
09:45:43,19.16,100,
09:45:44,19.169,130,
09:45:45,19.16,998,
09:45:48,19.16,100,
09:45:49,19.1694,200,
09:45:49,19.1694,100,
09:45:49,19.1694,600,
09:45:49,19.17,500,
09:45:49,19.1675,2600,
09:45:50,19.168,1000,
09:45:51,19.17,260,
09:45:51,19.17,800,
09:45:51,19.17,300,
09:45:51,19.17,400,
09:45:51,19.17,300,
09:45:52,19.1685,100,
09:45:54,19.16,800,
09:45:55,19.167,400,
09:45:57,19.16,1000,
09:45:58,19.15,100,
09:45:58,19.15,435,
09:45:58,19.1423,200,
09:45:58,19.1423,100,
09:45:58,19.15,300,
09:45:58,19.15,200,
09:45:58,19.149,500,
09:45:58,19.149,500,
09:45:58,19.149,2500,
09:45:59,19.162,1000,
09:45:59,19.14,100,
09:45:59,19.14,500,
09:45:59,19.14,300,
09:46:00,19.14,400,
09:46:01,19.1335,500,
09:46:01,19.1335,100,
09:46:01,19.1335,600,
09:46:01,19.1335,100,
09:46:02,19.13,100,
09:46:03,19.137,220,
09:46:05,19.13,2500,
09:46:05,19.13,300,
09:46:05,19.13,400,
09:46:05,19.13,800,
09:46:06,19.121,400,
09:46:07,19.1201,1000,
09:46:07,19.13,100,
09:46:07,19.13,855,
09:46:08,19.13,1000,
09:46:12,19.137,400,
09:46:15,19.13,200,
09:46:15,19.1299,450,
09:46:16,19.13,300,
09:46:16,19.13,300,
09:46:17,19.13,300,
09:46:17,19.136,100,
09:46:17,19.12,200,
09:46:18,19.12,1300,
09:46:19,19.11,100,
09:46:19,19.11,100,
09:46:19,19.11,100,
09:46:19,19.11,400,
09:46:19,19.11,300,
09:46:19,19.10,300,
09:46:19,19.10,100,
09:46:19,19.11,600,
09:46:19,19.11,200,
09:46:19,19.10,400,
09:46:19,19.10,100,
09:46:19,19.11,300,
09:46:19,19.10,300,
09:46:19,19.10,100,
09:46:19,19.10,700,
09:46:19,19.10,1600,
09:46:19,19.10,300,
09:46:20,19.10,700,
09:46:20,19.099,781,
09:46:20,19.1022,200,
09:46:22,19.09,100,
09:46:22,19.09,300,
09:46:22,19.09,300,
09:46:22,19.09,100,
09:46:22,19.0901,300,
09:46:23,19.09,1200,
09:46:23,19.10,100,
09:46:24,19.0999,2000,
09:46:24,19.09,200,
09:46:24,19.09,300,
09:46:24,19.09,800,
09:46:24,19.09,500,
09:46:24,19.0805,1000,
09:46:25,19.09,1100,
09:46:25,19.09,200,
09:46:26,19.091,200,
09:46:26,19.09,5300,
09:46:28,19.09,300,
09:46:28,19.0901,200,
09:46:28,19.0901,200,
09:46:28,19.09,300,
09:46:28,19.09,200,
09:46:29,19.09,400,
09:46:29,19.09,100,
09:46:29,19.09,1300,
09:46:29,19.08,500,
09:46:29,19.08,500,
09:46:29,19.0801,500,
09:46:29,19.08,186,
09:46:29,19.08,2500,
09:46:30,19.07,400,
09:46:30,19.07,500,
09:46:31,19.07,100,
09:46:31,19.07,600,
09:46:31,19.07,1700,
09:46:31,19.07,300,
09:46:31,19.07,800,
09:46:31,19.07,1800,
09:46:31,19.07,1000,
09:46:31,19.06,3000,
09:46:31,19.08,100,
09:46:31,19.06,100,
09:46:35,19.08,125,
09:46:38,19.056,100,
09:46:47,19.086,100,
09:46:50,19.09,400,
09:46:51,19.0705,1300,
09:46:54,19.07,100,
09:46:56,19.07,3000,
09:46:57,19.09,200,
09:46:58,19.09,140,
09:46:58,19.09,300,
09:46:58,19.10,1300,
09:47:02,19.09,500,
09:47:02,19.08,400,
09:47:03,19.09,100,
09:47:05,19.10,500,
09:47:09,19.10,100,
09:47:20,19.08,200,
09:47:21,19.0799,200,
09:47:23,19.078,100,
09:47:26,19.085,100,
09:47:27,19.10,300,
09:47:27,19.10,300,
09:47:27,19.10,100,
09:47:28,19.10,100,
09:47:31,19.09,100,
09:47:36,19.0893,277,
09:47:44,19.08,100,
09:47:44,19.08,3000,
09:47:46,19.077,200,
09:47:46,19.07,400,
09:47:47,19.08,2200,
09:47:47,19.075,200,
09:47:48,19.07,1000,
09:47:50,19.073,600,
09:47:52,19.07,1400,
09:47:52,19.0686,1400,
09:47:55,19.07,1000,
09:47:59,19.09,300,
09:47:59,19.08,300,
09:48:01,19.04,100,
09:48:01,19.05,100,
09:48:01,19.05,500,
09:48:01,19.05,100,
09:48:01,19.04,100,
09:48:01,19.04,300,
09:48:01,19.03,300,
09:48:01,19.03,800,
09:48:01,19.03,200,
09:48:02,19.03,600,
09:48:02,19.04,100,
09:48:02,19.03,300,
09:48:02,19.05,300,
09:48:02,19.05,100,
09:48:02,19.04,300,
09:48:02,19.04,100,
09:48:04,19.0459,100,
09:48:04,19.0459,600,
09:48:04,19.0459,100,
09:48:05,19.04,1000,
09:48:05,19.03,200,
09:48:06,19.042,500,
09:48:07,19.04,400,
09:48:07,19.04,360,
09:48:10,19.02,300,
09:48:10,19.022,200,
09:48:10,19.0201,400,
09:48:20,19.04,200,
09:48:20,19.03,10000,
09:48:21,19.05,1200,
09:48:21,19.05,1700,
09:48:21,19.05,400,
09:48:23,19.04,300,
09:48:23,19.04,1300,
09:48:23,19.04,300,
09:48:25,19.0599,875,
09:48:27,19.04,200,
09:48:27,19.04,200,
09:48:27,19.043,250,
09:48:36,19.05,200,
09:48:40,19.05,300,
09:48:41,19.051,300,
09:48:41,19.051,100,
09:48:41,19.04,100,
09:48:44,19.05,180,
09:48:46,19.05,300,
09:48:46,19.05,100,
09:49:00,19.05,300,
09:49:05,19.06,100,
09:49:05,19.06,300,
09:49:06,19.05,300,
09:49:06,19.04,100,
09:49:17,19.05,400,
09:49:22,19.04,100,
09:49:22,19.04,400,
09:49:23,19.05,100,
09:49:25,19.05,200,
09:49:26,19.043,100,
09:49:26,19.043,100,
09:49:26,19.057,500,
09:49:26,19.0589,804,
09:49:29,19.049,100,
09:49:34,19.07,100,
09:49:34,19.07,100,
09:49:34,19.07,400,
09:49:34,19.07,3000,
09:49:34,19.07,100,
09:49:34,19.0695,1200,
09:49:35,19.08,100,
09:49:35,19.08,100,
09:49:35,19.08,100,
09:49:35,19.0786,100,
09:49:35,19.0786,100,
09:49:35,19.0786,100,
09:49:38,19.068,500,
09:49:40,19.06,100,
09:49:41,19.04,200,
09:49:43,19.05,1100,
09:49:43,19.05,1700,
09:49:43,19.06,100,
09:49:43,19.06,1400,
09:49:43,19.06,200,
09:49:44,19.0676,100,
09:49:44,19.07,600,
09:49:44,19.07,500,
09:49:44,19.07,500,
09:49:44,19.07,100,
09:49:45,19.06,400,
09:49:45,19.06,100,
09:49:47,19.05,400,
09:49:48,19.05,400,
09:49:51,19.04,1329,
09:49:52,19.0455,200,
09:49:52,19.05,200,
09:49:54,19.05,100,
09:49:54,19.05,300,
09:49:54,19.05,1700,
09:49:54,19.05,100,
09:49:57,19.0671,1000,
09:50:00,19.05,1700,
09:50:02,19.05,1900,
09:50:05,19.0387,210,
09:50:06,19.05,1700,
09:50:06,19.05,300,
09:50:06,19.06,100,
09:50:06,19.06,1400,
09:50:06,19.06,200,
09:50:06,19.06,300,
09:50:06,19.06,300,
09:50:07,19.05,100,
09:50:08,19.04,100,
09:50:08,19.04,300,
09:50:08,19.052,350,
09:50:08,19.04,400,
09:50:08,19.04,100,
09:50:09,19.05,500,
09:50:09,19.05,300,
09:50:10,19.06,200,
09:50:10,19.06,375,
09:50:10,19.06,100,
09:50:12,19.06,1500,
09:50:14,19.05,1100,
09:50:15,19.06,300,
09:50:15,19.0577,200,
09:50:17,19.06,800,
09:50:17,19.06,300,
09:50:17,19.06,800,
09:50:17,19.06,400,
09:50:17,19.059,1000,
09:50:18,19.06,400,
09:50:18,19.06,900,
09:50:18,19.06,300,
09:50:18,19.06,100,
09:50:20,19.053,500,
09:50:21,19.06,300,
09:50:21,19.06,100,
09:50:21,19.06,100,
09:50:24,19.05,100,
09:50:24,19.05,1700,
09:50:24,19.05,900,
09:50:26,19.057,300,
09:50:27,19.05,300,
09:50:27,19.05,300,
09:50:29,19.05,150,
09:50:31,19.04,100,
09:50:31,19.04,200,
09:50:31,19.04,5400,
09:50:31,19.03,300,
09:50:31,19.03,100,
09:50:31,19.03,100,
09:50:31,19.03,100,
09:50:32,19.038,500,
09:50:35,19.0214,600,
09:50:36,19.0222,1888,
09:50:37,19.03,600,
09:50:37,19.03,200,
09:50:37,19.03,100,
09:50:37,19.03,600,
09:50:37,19.03,300,
09:50:37,19.03,1000,
09:50:37,19.03,1700,
09:50:37,19.03,200,
09:50:39,19.04,100,
09:50:40,19.03,400,
09:50:44,19.0294,3000,
09:50:45,19.02,200,
09:50:45,19.02,200,
09:50:45,19.02,100,
09:50:45,19.01,100,
09:50:45,19.01,100,
09:50:45,19.02,500,
09:50:45,19.01,100,
09:50:45,19.01,400,
09:50:45,19.01,540,
09:50:45,19.01,460,
09:50:45,19.01,100,
09:50:45,19,300,
09:50:45,19,100,
09:50:45,19,200,
09:50:45,19,500,
09:50:45,19,400,
09:50:45,19,500,
09:50:45,19.01,500,
09:50:45,19,200,
09:50:45,19,500,
09:50:45,19.01,600,
09:50:45,19,160,
09:50:45,19.01,500,
09:50:46,19,140,
09:50:47,19,1000,
09:50:48,19,125,
09:50:48,19.003,200,
09:50:50,19.002,500,
09:50:51,18.99,240,
09:50:51,18.99,300,
09:50:51,18.99,200,
09:50:52,18.99,500,
09:50:55,18.973,200,
09:50:55,18.98,100,
09:50:59,18.987,1000,
09:51:01,18.98,100,
09:51:03,18.987,500,
09:51:03,18.98,999,
09:51:07,18.98,100,
09:51:07,18.98,100,
09:51:14,18.98,300,
09:51:19,18.98,600,
09:51:19,18.98,200,
09:51:19,18.98,100,
09:51:19,18.98,1500,
09:51:19,18.98,100,
09:51:19,18.98,600,
09:51:19,18.98,200,
09:51:20,19,300,
09:51:24,18.99,1700,
09:51:25,18.99,200,
09:51:25,18.987,200,
09:51:30,18.9909,200,
09:51:30,18.99,100,
09:51:30,18.99,200,
09:51:30,19,100,
09:51:35,18.996,400,
09:51:36,18.9986,400,
09:51:39,19,600,
09:51:40,18.9999,300,
09:51:44,19,1250,
09:51:51,18.99,1700,
09:51:56,18.993,1000,
09:51:58,18.9999,800,
09:52:03,18.9899,100,
09:52:03,18.99,100,
09:52:07,18.9895,400,
09:52:11,18.98,100,
09:52:11,18.98,100,
09:52:12,18.9787,150,
09:52:13,18.96,772,
09:52:13,18.95,800,
09:52:13,18.95,1000,
09:52:13,18.95,500,
09:52:14,18.94,140,
09:52:14,18.94,140,
09:52:14,18.94,400,
09:52:14,18.94,100,
09:52:14,18.94,940,
09:52:14,18.94,460,
09:52:15,18.94,160,
09:52:15,18.94,440,
09:52:15,18.94,300,
09:52:15,18.93,200,
09:52:15,18.92,100,
09:52:15,18.92,500,
09:52:15,18.92,600,
09:52:16,18.92,1700,
09:52:16,18.918,1000,
09:52:17,18.9301,2000,
09:52:17,18.93,1000,
09:52:17,18.93,200,
09:52:17,18.94,100,
09:52:17,18.93,100,
09:52:17,18.94,200,
09:52:17,18.93,2500,
09:52:17,18.94,100,
09:52:17,18.94,100,
09:52:18,18.9399,200,
09:52:18,18.94,300,
09:52:19,18.93,200,
09:52:21,18.93,1700,
09:52:21,18.94,400,
09:52:23,18.94,1700,
09:52:23,18.94,300,
09:52:23,18.94,600,
09:52:24,18.94,100,
09:52:25,18.93,200,
09:52:26,18.931,2500,
09:52:27,18.91,100,
09:52:27,18.91,100,
09:52:27,18.91,2000,
09:52:27,18.91,1600,
09:52:27,18.91,200,
09:52:27,18.91,1400,
09:52:27,18.91,300,
09:52:27,18.91,100,
09:52:28,18.91,1500,
09:52:29,18.91,200,
09:52:31,18.91,1100,
09:52:32,18.912,100,
09:52:32,18.91,200,
09:52:32,18.91,265,
09:52:34,18.91,1700,
09:52:35,18.909,3300,
09:52:36,18.92,360,
09:52:38,18.91,100,
09:52:38,18.91,600,
09:52:42,18.919,400,
09:52:43,18.91,1403,
09:52:43,18.91,1403,
09:52:43,18.902,1600,
09:52:43,18.9013,1600,
09:52:46,18.912,135,
09:52:46,18.91,100,
09:52:46,18.91,100,
09:52:46,18.91,135,
09:52:46,18.912,100,
09:52:48,18.9201,3000,
09:52:49,18.91,100,
09:52:57,18.9162,500,
09:53:00,18.92,150,
09:53:02,18.91,100,
09:53:02,18.9193,1000,
09:53:10,18.90,1000,
09:53:11,18.907,500,
09:53:13,18.91,100,
09:53:13,18.91,100,
09:53:16,18.92,100,
09:53:21,18.9067,100,
09:53:21,18.9067,200,
09:53:22,18.90,300,
09:53:22,18.90,2600,
09:53:23,18.90,300,
09:53:24,18.908,1000,
09:53:26,18.90,100,
09:53:26,18.90,800,
09:53:28,18.8999,3100,
09:53:28,18.90,900,
09:53:29,18.90,600,
09:53:29,18.90,300,
09:53:29,18.90,100,
09:53:29,18.89,200,
09:53:29,18.89,300,
09:53:30,18.89,200,
09:53:35,18.89,561,
09:53:35,18.88,6900,
09:53:36,18.88,100,
09:53:36,18.89,300,
09:53:41,18.90,300,
09:53:41,18.90,500,
09:53:41,18.91,100,
09:53:41,18.90,300,
09:53:41,18.90,300,
09:53:41,18.90,300,
09:53:41,18.901,100,
09:53:41,18.90,300,
09:53:41,18.90,1800,
09:53:42,18.91,800,
09:53:42,18.9155,2000,
09:53:43,18.91,300,
09:53:44,18.91,100,
09:53:44,18.902,200,
09:53:45,18.91,400,
09:53:48,18.91,100,
09:53:48,18.91,177,
09:53:48,18.91,600,
09:53:48,18.91,100,
09:53:49,18.9087,900,
09:53:50,18.91,2000,
09:53:51,18.90,500,
09:53:51,18.8999,1000,
09:54:01,18.901,100,
09:54:05,18.909,300,
09:54:05,18.909,300,
09:54:07,18.91,846,
09:54:08,18.92,600,
09:54:08,18.92,700,
09:54:13,18.9299,255,
09:54:18,18.9299,100,
09:54:18,18.9299,200,
09:54:18,18.9299,1100,
09:54:18,18.93,200,
09:54:18,18.93,100,
09:54:18,18.93,400,
09:54:20,18.92,300,
09:54:20,18.92,100,
09:54:20,18.92,300,
09:54:25,18.9195,1200,
09:54:26,18.9162,400,
09:54:33,18.926,200,
09:54:36,18.928,250,
09:54:39,18.9299,1000,
09:54:40,18.93,100,
09:54:40,18.93,100,
09:54:40,18.928,100,
09:54:41,18.9301,2000,
09:54:44,18.936,200,
09:54:48,18.947,200,
09:54:48,18.95,290,
09:54:49,18.95,800,
09:54:50,18.9699,200,
09:54:50,18.9699,700,
09:54:50,18.97,100,
09:54:53,18.9699,4000,
09:54:54,18.99,300,
09:54:55,19.02,400,
09:54:55,19.02,800,
09:54:55,19.02,300,
09:54:56,19.02,340,
09:54:57,19.03,800,
09:54:57,19.03,100,
09:54:58,19.01,300,
09:54:59,19.01,700,
09:55:01,19.01,100,
09:55:04,19.02,500,
09:55:05,19.02,200,
09:55:05,19.02,200,
09:55:06,19.02,200,
09:55:08,19.03,100,
09:55:08,19.03,500,
09:55:08,19.03,100,
09:55:08,19.03,300,
09:55:09,19.027,1000,
09:55:10,19.05,100,
09:55:11,19.0455,300,
09:55:11,19.049,300,
09:55:12,19.04,1300,
09:55:13,19.04,200,
09:55:13,19.04,100,
09:55:13,19.0499,300,
09:55:13,19.05,300,
09:55:13,19.0499,100,
09:55:13,19.05,300,
09:55:13,19.05,100,
09:55:13,19.0499,100,
09:55:13,19.0499,200,
09:55:13,19.0499,100,
09:55:13,19.0499,100,
09:55:13,19.05,200,
09:55:13,19.05,100,
09:55:13,19.0557,100,
09:55:13,19.04,500,
09:55:14,19.05,200,
09:55:14,19.045,200,
09:55:14,19.0452,200,
09:55:14,19.05,200,
09:55:14,19.0478,200,
09:55:14,19.0478,100,
09:55:14,19.05,100,
09:55:14,19.04,814,
09:55:15,19.04,300,
09:55:20,19.05,100,
09:55:20,19.05,200,
09:55:20,19.05,600,
09:55:20,19.05,500,
09:55:20,19.06,900,
09:55:20,19.06,300,
09:55:20,19.06,200,
09:55:20,19.06,1200,
09:55:20,19.06,100,
09:55:21,19.06,100,
09:55:21,19.06,200,
09:55:21,19.06,100,
09:55:21,19.06,400,
09:55:21,19.06,300,
09:55:21,19.07,200,
09:55:21,19.05,400,
09:55:22,19.0799,500,
09:55:22,19.0799,400,
09:55:22,19.08,400,
09:55:22,19.0799,400,
09:55:22,19.0799,300,
09:55:22,19.08,300,
09:55:22,19.0799,100,
09:55:22,19.0799,100,
09:55:22,19.0799,100,
09:55:22,19.08,100,
09:55:22,19.08,500,
09:55:22,19.08,300,
09:55:22,19.08,300,
09:55:22,19.08,100,
09:55:22,19.0799,300,
09:55:22,19.0799,100,
09:55:22,19.0799,300,
09:55:22,19.0799,300,
09:55:22,19.0799,100,
09:55:23,19.08,1000,
09:55:25,19.0699,2000,
09:55:27,19.0699,200,
09:55:28,19.06,200,
09:55:28,19.07,100,
09:55:29,19.07,100,
09:55:29,19.068,100,
09:55:29,19.06,100,
09:55:30,19.06,200,
09:55:30,19.06,301,
09:55:34,19.0662,500,
09:55:34,19.06,800,
09:55:34,19.05,300,
09:55:35,19.05,300,
09:55:35,19.05,200,
09:55:35,19.06,100,
09:55:35,19.06,500,
09:55:35,19.06,650,
09:55:35,19.06,500,
09:55:35,19.06,500,
09:55:36,19.06,575,
09:55:36,19.06,575,
09:55:36,19.06,400,
09:55:36,19.06,537,
09:55:36,19.06,538,
09:55:36,19.06,100,
09:55:37,19.06,4600,
09:55:38,19.0536,100,
09:55:39,19.05,160,
09:55:39,19.05,300,
09:55:39,19.05,200,
09:55:48,19.03,600,
09:55:48,19.03,300,
09:55:48,19.01,520,
09:55:48,19.01,300,
09:55:48,19,460,
09:55:48,19,300,
09:55:48,19.01,100,
09:55:48,19.01,400,
09:55:49,19.01,100,
09:55:49,19.02,500,
09:55:50,19.02,200,
09:55:53,19.029,2000,
09:55:57,19.029,2500,
09:56:00,19.02,1500,
09:56:00,19.02,100,
09:56:00,19.02,200,
09:56:01,19.01,100,
09:56:04,19,1071,
09:56:04,19,400,
09:56:10,19,200,
09:56:14,18.99,100,
09:56:14,18.99,300,
09:56:14,18.99,355,
09:56:14,18.98,100,
09:56:14,18.98,1000,
09:56:14,18.98,200,
09:56:14,18.98,197,
09:56:14,18.98,100,
09:56:14,18.98,100,
09:56:15,18.99,200,
09:56:15,18.99,300,
09:56:18,18.99,300,
09:56:18,18.99,300,
09:56:18,19,100,
09:56:18,19,266,
09:56:19,19,100,
09:56:28,19,100,
09:56:34,19.01,100,
09:56:34,19.01,100,
09:56:34,19.008,100,
09:56:38,19,100,
09:56:39,19,100,
09:56:42,18.999,2000,
09:56:47,18.9995,600,
09:56:53,18.99,199,
09:56:54,18.988,200,
09:57:02,19,300,
09:57:02,19.01,381,
09:57:02,19.01,300,
09:57:02,19.01,800,
09:57:02,19.01,1000,
09:57:02,19.02,260,
09:57:02,19.02,800,
09:57:02,19.02,281,
09:57:02,19.02,300,
09:57:02,19.03,127,
09:57:02,19.03,100,
09:57:02,19.03,100,
09:57:02,19.02,200,
09:57:02,19.02,200,
09:57:02,19.02,200,
09:57:02,19.03,100,
09:57:02,19.03,200,
09:57:03,18.998,1000,
09:57:06,19.05,400,
09:57:06,19.05,100,
09:57:07,19.0395,300,
09:57:11,19.03,700,
09:57:12,19.03,300,
09:57:12,19.03,300,
09:57:21,19.02,2000,
09:57:21,19.02,200,
09:57:26,19.02,100,
09:57:28,19.0171,500,
09:57:30,19.01,100,
09:57:30,19.01,600,
09:57:30,19.0185,100,
09:57:30,19.01,400,
09:57:30,19.0185,2100,
09:57:30,19.018,1000,
09:57:30,19.01,400,
09:57:30,19.0185,100,
09:57:30,19.02,400,
09:57:30,19.01,200,
09:57:30,19.01,300,
09:57:30,19.01,100,
09:57:31,19,300,
09:57:33,19.01,400,
09:57:34,19,300,
09:57:38,19.0199,200,
09:57:45,18.999,400,
09:57:45,18.99,500,
09:57:45,18.99,500,
09:57:45,18.99,500,
09:57:45,18.99,100,
09:57:46,19,100,
09:57:47,18.9899,300,
09:57:47,18.99,200,
09:57:47,18.98,200,
09:57:47,18.98,300,
09:57:47,18.98,500,
09:57:47,18.98,1300,
09:57:47,18.98,300,
09:57:47,18.98,3000,
09:57:48,18.99,500,
09:57:49,18.99,300,
09:57:49,18.99,200,
09:57:49,18.98,200,
09:57:49,18.98,100,
09:57:49,18.98,300,
09:57:49,18.98,100,
09:57:49,18.98,100,
09:57:49,18.98,200,
09:57:52,18.97,100,
09:57:52,18.96,300,
09:57:52,18.96,400,
09:57:52,18.96,660,
09:57:52,18.96,400,
09:57:52,18.96,1200,
09:57:52,18.95,600,
09:57:52,18.96,700,
09:57:53,18.94,200,
09:57:53,18.94,100,
09:57:54,18.94,600,
09:57:55,18.9464,100,
09:57:55,18.949,200,
09:57:56,18.94,700,
09:57:59,18.94,100,
09:57:59,18.94,300,
09:57:59,18.93,300,
09:57:59,18.93,200,
09:58:00,18.93,100,
09:58:03,18.92,100,
09:58:03,18.9101,100,
09:58:03,18.92,500,
09:58:03,18.9101,100,
09:58:04,18.91,1900,
09:58:04,18.90,200,
09:58:04,18.91,500,
09:58:04,18.90,600,
09:58:04,18.90,300,
09:58:04,18.90,100,
09:58:04,18.90,100,
09:58:04,18.90,279,
09:58:04,18.90,300,
09:58:04,18.90,1600,
09:58:04,18.91,1700,
09:58:04,18.91,500,
09:58:04,18.91,2000,
09:58:06,18.91,400,
09:58:11,18.91,1700,
09:58:11,18.92,100,
09:58:18,18.93,400,
09:58:27,18.95,1000,
09:58:27,18.96,500,
09:58:28,18.96,100,
09:58:28,18.9599,100,
09:58:30,18.95,300,
09:58:30,18.94,300,
09:58:30,18.94,600,
09:58:30,18.94,400,
09:58:30,18.94,100,
09:58:30,18.94,100,
09:58:30,18.94,100,
09:58:32,18.94,300,
09:58:32,18.95,300,
09:58:37,18.95,200,
09:58:40,18.97,400,
09:58:40,18.97,100,
09:58:40,18.97,300,
09:58:40,18.97,100,
09:58:40,18.97,200,
09:58:41,18.97,400,
09:58:41,18.97,100,
09:58:41,18.9699,100,
09:58:41,18.97,100,
09:58:41,18.9699,400,
09:58:41,18.9699,100,
09:58:41,18.9699,100,
09:58:41,18.97,100,
09:58:41,18.9699,1300,
09:58:41,18.97,100,
09:58:48,18.96,200,
09:58:48,18.96,300,
09:58:48,18.96,100,
09:58:48,18.95,600,
09:58:49,18.96,100,
09:58:50,18.9695,1000,
09:58:52,18.9614,1500,
09:58:55,18.96,200,
09:58:55,18.96,100,
09:58:57,18.959,200,
09:58:58,18.9596,100,
09:59:00,18.95,100,
09:59:03,18.94,400,
09:59:03,18.94,100,
09:59:03,18.93,15000,
09:59:05,18.94,100,
09:59:05,18.95,200,
09:59:05,18.95,600,
09:59:13,18.97,300,
09:59:13,18.97,300,
09:59:13,18.97,400,
09:59:15,18.96,900,
09:59:19,18.95,100,
09:59:19,18.95,100,
09:59:23,18.9599,500,
09:59:25,18.95,300,
09:59:25,18.95,300,
09:59:27,18.959,700,
09:59:30,18.95,200,
09:59:30,18.95,1700,
09:59:31,18.95,300,
09:59:39,18.937,1000,
09:59:43,18.92,300,
09:59:43,18.92,300,
09:59:43,18.92,400,
09:59:43,18.92,400,
09:59:43,18.9199,100,
09:59:43,18.9199,200,
09:59:43,18.92,300,
09:59:43,18.92,100,
09:59:45,18.91,500,
09:59:45,18.9001,1000,
09:59:47,18.90,300,
09:59:49,18.90,300,
09:59:49,18.90,400,
09:59:49,18.90,1000,
09:59:49,18.89,700,
09:59:50,18.892,429,
09:59:51,18.89,200,
09:59:53,18.8986,100,
09:59:53,18.8986,700,
09:59:53,18.90,200,
09:59:53,18.89,300,
09:59:54,18.8987,100,
09:59:54,18.8975,100,
09:59:54,18.8975,600,
09:59:54,18.90,1000,
09:59:54,18.90,400,
09:59:54,18.90,600,
09:59:56,18.8999,200,
09:59:56,18.8999,700,
09:59:56,18.90,100,
09:59:57,18.8999,2000,
09:59:59,18.89,100,
09:59:59,18.89,600,
09:59:59,18.88,400,
09:59:59,18.88,800,
10:00:01,18.86,400,
10:00:01,18.86,400,
10:00:01,18.86,200,
10:00:01,18.86,600,
10:00:01,18.86,500,
10:00:01,18.85,800,
10:00:01,18.85,300,
10:00:01,18.85,300,
10:00:01,18.85,200,
10:00:01,18.86,400,
10:00:01,18.85,300,
10:00:01,18.85,600,
10:00:01,18.85,107,
10:00:01,18.85,151,
10:00:01,18.85,400,
10:00:01,18.85,558,
10:00:02,18.86,800,
10:00:02,18.86,300,
10:00:02,18.85,100,
10:00:02,18.85,260,
10:00:02,18.85,440,
10:00:02,18.86,200,
10:00:02,18.85,600,
10:00:02,18.86,900,
10:00:02,18.85,100,
10:00:02,18.84,100,
10:00:02,18.84,200,
10:00:02,18.84,100,
10:00:02,18.84,100,
10:00:02,18.84,100,
10:00:02,18.84,100,
10:00:02,18.84,264,
10:00:02,18.84,1000,
10:00:02,18.84,600,
10:00:02,18.8386,300,
10:00:02,18.83,400,
10:00:02,18.83,100,
10:00:03,18.85,1700,
10:00:03,18.831,500,
10:00:04,18.8399,3000,
10:00:04,18.83,300,
10:00:04,18.83,300,
10:00:04,18.83,600,
10:00:05,18.83,300,
10:00:06,18.839,2000,
10:00:06,18.84,600,
10:00:06,18.84,300,
10:00:06,18.842,1000,
10:00:08,18.83,100,
10:00:08,18.83,200,
10:00:08,18.83,100,
10:00:08,18.83,700,
10:00:08,18.838,800,
10:00:09,18.831,100,
10:00:09,18.84,100,
10:00:09,18.84,500,
10:00:09,18.84,600,
10:00:09,18.84,1700,
10:00:09,18.838,800,
10:00:10,18.84,200,
10:00:10,18.85,200,
10:00:11,18.85,2600,
10:00:11,18.86,100,
10:00:11,18.86,1400,
10:00:11,18.86,500,
10:00:12,18.86,400,
10:00:12,18.86,100,
10:00:12,18.86,100,
10:00:12,18.86,300,
10:00:12,18.86,400,
10:00:12,18.86,300,
10:00:14,18.88,300,
10:00:14,18.88,200,
10:00:14,18.88,300,
10:00:14,18.89,714,
10:00:15,18.90,400,
10:00:15,18.8999,200,
10:00:15,18.8999,200,
10:00:15,18.90,100,
10:00:17,18.8953,400,
10:00:17,18.90,300,
10:00:18,18.90,100,
10:00:18,18.899,300,
10:00:18,18.896,100,
10:00:19,18.90,9600,
10:00:21,18.91,200,
10:00:22,18.8807,300,
10:00:26,18.88,300,
10:00:31,18.89,100,
10:00:31,18.89,200,
10:00:31,18.892,200,
10:00:31,18.892,200,
10:00:31,18.892,100,
10:00:33,18.89,384,
10:00:37,18.89,300,
10:00:37,18.8899,100,
10:00:37,18.89,4500,
10:00:40,18.89,400,
10:00:40,18.89,1460,
10:00:40,18.89,560,
10:00:40,18.90,300,
10:00:41,18.90,400,
10:00:41,18.90,100,
10:00:41,18.90,1000,
10:00:44,18.89,400,
10:00:45,18.889,1000,
10:00:45,18.90,1300,
10:00:45,18.90,400,
10:00:45,18.89,300,
10:00:45,18.89,300,
10:00:47,18.8874,100,
10:00:47,18.8874,100,
10:00:47,18.89,800,
10:00:47,18.89,100,
10:00:48,18.90,100,
10:00:49,18.90,600,
10:00:49,18.90,1400,
10:00:49,18.89,600,
10:00:49,18.89,200,
10:00:49,18.89,320,
10:00:50,18.88,115,
10:00:50,18.89,300,
10:00:50,18.8886,700,
10:00:51,18.89,300,
10:00:51,18.89,335,
10:00:51,18.89,700,
10:00:52,18.90,500,
10:00:53,18.8966,100,
10:00:53,18.899,300,
10:00:53,18.90,100,
10:00:53,18.90,200,
10:00:54,18.9099,200,
10:00:56,18.91,200,
10:00:58,18.9099,800,
10:00:58,18.91,700,
10:00:58,18.9032,200,
10:00:59,18.91,100,
10:01:00,18.93,500,
10:01:01,18.95,1298,
10:01:01,18.95,216,
10:01:02,18.96,300,
10:01:02,18.97,200,
10:01:02,18.97,300,
10:01:02,18.97,300,
10:01:03,18.97,500,
10:01:03,18.97,600,
10:01:04,18.98,100,
10:01:05,18.98,160,
10:01:05,18.98,300,
10:01:05,18.98,440,
10:01:06,18.99,100,
10:01:06,18.99,360,
10:01:06,18.99,300,
10:01:06,18.99,200,
10:01:06,18.99,100,
10:01:06,18.99,600,
10:01:06,19,1100,
10:01:06,19,200,
10:01:06,18.99,300,
10:01:06,18.98,200,
10:01:06,18.982,300,
10:01:06,18.98,200,
10:01:06,18.982,300,
10:01:06,18.982,200,
10:01:06,18.982,200,
10:01:06,18.982,100,
10:01:06,18.98,100,
10:01:07,18.9899,500,
10:01:08,18.97,300,
10:01:08,18.97,300,
10:01:08,18.9799,1010,
10:01:10,18.97,300,
10:01:10,18.97,100,
10:01:12,18.9725,400,
10:01:12,18.97,600,
10:01:12,18.97,400,
10:01:12,18.97,100,
10:01:13,18.97,200,
10:01:13,18.97,200,
10:01:14,18.97,900,
10:01:14,18.979,100,
10:01:15,18.9701,3000,
10:01:16,18.98,100,
10:01:17,18.97,300,
10:01:17,18.97,300,
10:01:18,18.979,900,
10:01:18,18.979,900,
10:01:24,18.966,105,
10:01:27,18.951,2000,
10:01:29,18.96,600,
10:01:29,18.96,200,
10:01:35,18.96,400,
10:01:35,18.97,100,
10:01:38,18.95,200,
10:01:38,18.95,200,
10:01:38,18.95,600,
10:01:38,18.95,600,
10:01:38,18.9426,100,
10:01:38,18.9426,100,
10:01:38,18.9405,1900,
10:01:38,18.94,600,
10:01:38,18.94,859,
10:01:38,18.94,600,
10:01:38,18.94,141,
10:01:39,18.94,600,
10:01:39,18.93,300,
10:01:39,18.93,600,
10:01:39,18.93,600,
10:01:41,18.93,400,
10:01:42,18.93,2500,
10:01:46,18.96,1360,
10:01:46,18.95,340,
10:01:46,18.96,172,
10:01:46,18.96,200,
10:01:46,18.96,1600,
10:01:46,18.9656,1000,
10:01:46,18.96,300,
10:01:48,18.9572,100,
10:01:53,18.9551,1000,
10:01:55,18.95,1000,
10:01:55,18.95,300,
10:01:58,18.95,400,
10:02:01,18.96,300,
10:02:01,18.96,300,
10:02:01,18.97,200,
10:02:01,18.97,300,
10:02:01,18.97,300,
10:02:02,18.97,200,
10:02:04,18.96,100,
10:02:04,18.98,200,
10:02:04,18.98,200,
10:02:08,18.98,600,
10:02:08,18.98,100,
10:02:08,18.98,300,
10:02:08,18.98,300,
10:02:12,18.99,4500,
10:02:14,19,100,
10:02:14,19,1000,
10:02:15,19,100,
10:02:20,18.984,3000,
10:02:21,19,151,
10:02:21,19,200,
10:02:21,19,500,
10:02:21,19,800,
10:02:22,19,100,
10:02:24,18.98,400,
10:02:25,18.9985,2600,
10:02:25,18.98,100,
10:02:26,18.97,100,
10:02:26,18.98,200,
10:02:26,18.9799,200,
10:02:26,18.98,300,
10:02:26,18.98,200,
10:02:26,18.98,239,
10:02:26,18.9799,500,
10:02:26,18.9799,1700,
10:02:26,18.9799,200,
10:02:26,18.9799,300,
10:02:26,18.99,1000,
10:02:26,18.99,300,
10:02:26,18.99,200,
10:02:26,18.99,300,
10:02:33,18.9798,200,
10:02:33,18.98,200,
10:02:33,18.98,100,
10:02:33,18.98,100,
10:02:33,18.98,300,
10:02:33,18.98,149,
10:02:33,18.98,300,
10:02:36,18.9899,2000,
10:02:39,18.97,200,
10:02:40,18.97,100,
10:02:40,18.96,200,
10:02:40,18.96,100,
10:02:40,18.9699,3800,
10:02:42,18.969,200,
10:02:44,18.9799,100,
10:02:44,18.98,100,
10:02:46,18.98,400,
10:02:46,18.98,200,
10:02:46,18.98,200,
10:02:46,18.98,300,
10:02:46,18.98,300,
10:02:46,18.98,1360,
10:02:46,18.99,200,
10:02:48,18.99,300,
10:02:48,18.99,400,
10:02:48,18.99,200,
10:02:51,18.99,100,
10:02:52,18.99,100,
10:02:52,18.99,400,
10:02:57,18.98,100,
10:02:57,18.98,100,
10:02:59,18.98,600,
10:03:00,18.98,200,
10:03:00,18.982,200,
10:03:00,18.99,600,
10:03:02,18.99,100,
10:03:02,18.99,300,
10:03:03,18.99,100,
10:03:04,18.988,100,
10:03:04,18.99,100,
10:03:06,18.998,700,
10:03:10,18.99,300,
10:03:10,18.99,200,
10:03:11,18.9899,100,
10:03:16,18.99,300,
10:03:22,18.97,100,
10:03:22,18.97,400,
10:03:23,18.97,960,
10:03:24,18.97,1200,
10:03:29,18.99,100,
10:03:31,18.988,100,
10:03:34,18.98,300,
10:03:34,18.9801,100,
10:03:34,18.9801,500,
10:03:34,18.9801,300,
10:03:34,18.9801,300,
10:03:37,18.98,500,
10:03:37,18.97,100,
10:03:38,18.97,400,
10:03:40,18.9699,100,
10:03:43,18.97,600,
10:03:43,18.97,600,
10:03:46,18.969,100,
10:03:48,18.96,100,
10:03:48,18.9599,100,
10:03:48,18.9599,100,
10:03:51,18.9562,580,
10:03:51,18.96,500,
10:03:54,18.95,100,
10:03:54,18.94,300,
10:03:56,18.94,300,
10:03:56,18.94,177,
10:03:56,18.94,400,
10:03:57,18.94,400,
10:03:57,18.94,600,
10:03:57,18.94,100,
10:03:58,18.94,1000,
10:03:58,18.94,300,
10:03:58,18.94,200,
10:03:58,18.94,300,
10:03:58,18.94,600,
10:03:58,18.94,140,
10:04:01,18.931,8000,
10:04:01,18.94,957,
10:04:04,18.947,1000,
10:04:04,18.932,200,
10:04:04,18.948,100,
10:04:06,18.95,800,
10:04:12,18.95,190,
10:04:13,18.96,200,
10:04:18,18.96,100,
10:04:18,18.97,600,
10:04:18,18.99,100,
10:04:18,18.98,300,
10:04:19,18.96,1500,
10:04:24,18.988,100,
10:04:25,19,300,
10:04:27,18.98,300,
10:04:27,18.98,100,
10:04:29,18.98,600,
10:04:29,18.98,400,
10:04:33,18.98,100,
10:04:37,18.978,500,
10:04:37,18.98,400,
10:04:37,18.98,100,
10:04:46,18.97,430,
10:04:46,18.95,300,
10:04:50,18.95,138,
10:04:50,18.95,162,
10:04:52,18.95,300,
10:04:54,18.95,100,
10:04:56,18.9386,100,
10:04:56,18.938,100,
10:04:56,18.94,338,
10:05:01,18.942,200,
10:05:07,18.9499,400,
10:05:08,18.94,290,
10:05:09,18.94,110,
10:05:12,18.93,1300,
10:05:13,18.9299,200,
10:05:16,18.929,100,
10:05:16,18.93,100,
10:05:16,18.93,200,
10:05:20,18.94,300,
10:05:24,18.929,314,
10:05:26,18.9393,200,
10:05:32,18.94,100,
10:05:35,18.93,900,
10:05:37,18.938,145,
10:05:38,18.92,300,
10:05:38,18.91,100,
10:05:38,18.91,300,
10:05:38,18.91,1000,
10:05:38,18.91,1700,
10:05:39,18.92,400,
10:05:39,18.92,700,
10:05:46,18.919,100,
10:05:46,18.92,100,
10:05:48,18.92,300,
10:05:48,18.92,100,
10:05:48,18.9199,100,
10:05:48,18.9199,900,
10:05:48,18.92,100,
10:05:53,18.92,300,
10:05:53,18.92,1700,
10:05:58,18.9271,1000,
10:05:58,18.93,1150,
10:05:59,18.9371,1000,
10:06:03,18.94,1000,
10:06:05,18.94,200,
10:06:05,18.94,200,
10:06:08,18.92,455,
10:06:08,18.9171,500,
10:06:08,18.92,300,
10:06:08,18.92,155,
10:06:08,18.92,200,
10:06:09,18.92,1200,
10:06:10,18.93,4000,
10:06:13,18.9296,200,
10:06:13,18.9296,800,
10:06:13,18.9296,100,
10:06:25,18.97,300,
10:06:29,18.97,300,
10:06:30,18.979,200,
10:06:30,18.98,500,
10:06:30,18.9799,4500,
10:06:30,18.97,200,
10:06:31,18.978,200,
10:06:40,18.97,1000,
10:06:43,18.97,300,
10:06:45,18.9795,500,
10:06:48,18.988,500,
10:06:48,18.99,500,
10:06:50,18.97,200,
10:06:50,18.97,300,
10:06:51,18.97,300,
10:06:52,18.98,365,
10:06:53,18.98,300,
10:06:59,19,100,
10:06:59,19,700,
10:06:59,19,500,
10:06:59,19.01,1000,
10:07:00,19.02,1000,
10:07:00,19.02,200,
10:07:00,19.02,1600,
10:07:00,19.03,400,
10:07:01,19.038,100,
10:07:02,19.04,100,
10:07:02,19.04,100,
10:07:02,19.04,800,
10:07:05,19.02,100,
10:07:06,19.03,200,
10:07:06,19.02,400,
10:07:07,19.0208,800,
10:07:07,19.02,1000,
10:07:07,19.02,200,
10:07:07,19.02,300,
10:07:07,19.02,100,
10:07:09,19.02,1300,
10:07:09,19.02,300,
10:07:09,19.02,500,
10:07:09,19.02,700,
10:07:09,19.02,240,
10:07:09,19.02,100,
10:07:09,19.03,153,
10:07:10,19.03,300,
10:07:10,19.03,300,
10:07:10,19.03,300,
10:07:10,19.03,300,
10:07:10,19.03,700,
10:07:10,19.03,300,
10:07:12,19.02,400,
10:07:12,19.02,300,
10:07:12,19.02,400,
10:07:12,19.03,200,
10:07:12,19.03,200,
10:07:12,19.03,200,
10:07:12,19.0286,300,
10:07:13,19.03,300,
10:07:14,19.05,170,
10:07:14,19.05,200,
10:07:15,19.05,700,
10:07:15,19.05,900,
10:07:15,19.05,400,
10:07:15,19.05,400,
10:07:15,19.05,300,
10:07:15,19.05,800,
10:07:15,19.05,400,
10:07:15,19.0407,100,
10:07:15,19.0407,700,
10:07:15,19.04,400,
10:07:15,19.04,300,
10:07:15,19.04,300,
10:07:16,19.04,800,
10:07:16,19.04,12500,
10:07:16,19.05,800,
10:07:17,19.04,1100,
10:07:17,19.0467,510,
10:07:18,19.04,200,
10:07:18,19.03,100,
10:07:18,19.03,100,
10:07:18,19.03,100,
10:07:18,19.03,100,
10:07:19,19.03,100,
10:07:20,19.0399,180,
10:07:23,19.0495,1900,
10:07:24,19.04,100,
10:07:24,19.04,300,
10:07:24,19.0499,300,
10:07:24,19.0499,900,
10:07:24,19.0499,200,
10:07:24,19.0499,100,
10:07:24,19.0499,700,
10:07:24,19.05,200,
10:07:24,19.05,400,
10:07:24,19.05,100,
10:07:24,19.05,100,
10:07:24,19.04,1000,
10:07:25,19.049,400,
10:07:25,19.049,2300,
10:07:27,19.04,100,
10:07:27,19.04,300,
10:07:27,19.04,200,
10:07:27,19.02,200,
10:07:27,19.02,400,
10:07:27,19.02,800,
10:07:30,19.0299,100,
10:07:30,19.029,100,
10:07:32,19.03,100,
10:07:32,19.03,200,
10:07:42,19.02,200,
10:07:42,19.02,100,
10:07:47,19.0293,100,
10:07:50,19.02,100,
10:07:50,19.0286,100,
10:07:50,19.0286,100,
10:07:50,19.03,100,
10:07:50,19.03,100,
10:07:50,19.03,100,
10:07:51,19.03,400,
10:07:56,19.01,300,
10:07:56,19.01,683,
10:07:56,19.02,200,
10:07:56,19.02,100,
10:07:56,19.01,100,
10:07:56,19.01,200,
10:07:56,19.01,400,
10:07:57,19.01,100,
10:07:57,19,100,
10:08:02,18.998,100,
10:08:02,19,100,
10:08:02,18.9993,230,
10:08:03,18.9999,200,
10:08:03,19,100,
10:08:04,19,100,
10:08:04,18.995,200,
10:08:04,19,100,
10:08:05,19,300,
10:08:05,19,200,
10:08:07,19,2100,
10:08:07,19,2900,
10:08:10,18.999,700,
10:08:10,18.999,783,
10:08:10,18.998,200,
10:08:12,18.999,100,
10:08:14,19,100,
10:08:14,18.99,300,
10:08:14,18.992,300,
10:08:19,18.9999,100,
10:08:19,19,100,
10:08:19,18.99,16000,
10:08:23,18.99,300,
10:08:26,18.98,100,
10:08:26,18.97,100,
10:08:26,18.9701,100,
10:08:31,18.978,500,
10:08:36,18.9771,1000,
10:08:39,18.97,100,
10:08:39,18.97,200,
10:08:41,18.96,100,
10:08:41,18.97,100,
10:08:41,18.97,100,
10:08:41,18.97,100,
10:08:43,18.964,100,
10:08:54,18.97,100,
10:08:54,18.97,100,
10:09:00,18.96,400,
10:09:01,18.96,500,
10:09:04,18.95,300,
10:09:04,18.95,600,
10:09:04,18.95,200,
10:09:04,18.95,900,
10:09:04,18.95,400,
10:09:04,18.95,200,
10:09:04,18.95,300,
10:09:04,18.95,900,
10:09:04,18.95,601,
10:09:04,18.95,900,
10:09:04,18.95,900,
10:09:04,18.95,900,
10:09:05,18.93,200,
10:09:06,18.93,400,
10:09:10,18.93,600,
10:09:10,18.932,800,
10:09:16,18.94,1600,
10:09:16,18.94,1000,
10:09:17,18.95,100,
10:09:17,18.95,100,
10:09:17,18.95,400,
10:09:17,18.94,400,
10:09:24,18.95,100,
10:09:25,18.948,3000,
10:09:25,18.95,600,
10:09:27,18.94,100,
10:09:28,18.95,1000,
10:09:28,18.95,300,
10:09:28,18.95,200,
10:09:31,18.95,300,
10:09:31,18.95,1000,
10:09:31,18.95,273,
10:09:34,18.96,200,
10:09:34,18.96,100,
10:09:34,18.96,100,
10:09:34,18.96,100,
10:09:40,18.967,1000,
10:09:40,18.97,900,
10:09:43,18.96,100,
10:09:43,18.96,100,
10:09:43,18.96,300,
10:09:43,18.96,300,
10:09:43,18.96,200,
10:09:50,18.97,200,
10:09:50,18.97,400,
10:09:53,18.9601,400,
10:10:17,18.97,1100,
10:10:17,18.97,100,
10:10:17,18.97,100,
10:10:17,18.97,600,
10:10:17,18.97,100,
10:10:17,18.97,200,
10:10:17,18.97,300,
10:10:17,18.97,300,
10:10:17,18.98,100,
10:10:25,18.9899,100,
10:10:25,18.99,100,
10:10:35,18.9899,100,
10:10:36,18.99,800,
10:10:37,18.977,100,
10:10:38,18.98,500,
10:10:38,18.98,300,
10:10:46,18.99,324,
10:10:50,18.99,100,
10:10:50,18.99,100,
10:10:50,18.99,100,
10:10:52,18.97,200,
10:11:00,18.97,1100,
10:11:01,18.978,650,
10:11:08,18.96,195,
10:11:08,18.96,100,
10:11:09,18.97,100,
10:11:10,18.97,100,
10:11:10,18.97,600,
10:11:11,18.96,400,
10:11:12,18.96,200,
10:11:13,18.97,100,
10:11:16,18.978,500,
10:11:31,18.96,100,
10:11:31,18.9599,200,
10:11:31,18.9599,300,
10:11:31,18.9599,100,
10:11:31,18.96,600,
10:11:31,18.96,700,
10:11:32,18.95,246,
10:11:39,18.96,100,
10:11:43,18.9529,1600,
10:11:44,18.9515,200,
10:11:47,18.96,500,
10:11:48,18.9699,1100,
10:11:48,18.9699,600,
10:11:48,18.9699,200,
10:11:48,18.9699,100,
10:11:48,18.97,400,
10:11:48,18.97,200,
10:11:48,18.97,200,
10:11:48,18.97,200,
10:11:48,18.97,100,
10:11:51,18.97,100,
10:11:52,18.96,100,
10:11:56,18.96,100,
10:11:56,18.96,100,
10:11:56,18.96,200,
10:11:57,18.95,992,
10:11:57,18.95,500,
10:11:57,18.95,173,
10:11:58,18.9429,500,
10:12:00,18.95,1300,
10:12:02,18.95,100,
10:12:07,18.94,300,
10:12:10,18.94,100,
10:12:10,18.939,100,
10:12:11,18.93,100,
10:12:15,18.9399,100,
10:12:15,18.94,100,
10:12:19,18.932,200,
10:12:19,18.93,200,
10:12:19,18.93,100,
10:12:19,18.93,300,
10:12:19,18.93,200,
10:12:19,18.932,100,
10:12:19,18.932,100,
10:12:19,18.93,100,
10:12:19,18.92,100,
10:12:19,18.92,100,
10:12:19,18.92,100,
10:12:19,18.92,500,
10:12:19,18.92,300,
10:12:19,18.91,300,
10:12:19,18.91,100,
10:12:19,18.92,400,
10:12:19,18.92,400,
10:12:19,18.92,400,
10:12:21,18.91,100,
10:12:21,18.90,460,
10:12:21,18.90,800,
10:12:21,18.90,300,
10:12:21,18.90,300,
10:12:21,18.90,100,
10:12:21,18.90,400,
10:12:21,18.91,100,
10:12:21,18.90,400,
10:12:21,18.91,100,
10:12:21,18.90,200,
10:12:21,18.90,2300,
10:12:21,18.90,400,
10:12:21,18.89,700,
10:12:22,18.89,600,
10:12:23,18.89,500,
10:12:23,18.89,800,
10:12:24,18.89,333,
10:12:24,18.89,334,
10:12:24,18.88,600,
10:12:24,18.88,1100,
10:12:24,18.89,100,
10:12:25,18.89,600,
10:12:25,18.90,200,
10:12:26,18.90,121,
10:12:27,18.91,1500,
10:12:28,18.907,1250,
10:12:29,18.90,300,
10:12:31,18.8907,300,
10:12:32,18.90,400,
10:12:35,18.909,2000,
10:12:40,18.90,300,
10:12:40,18.9009,100,
10:12:41,18.91,300,
10:12:46,18.91,100,
10:12:55,18.91,4700,
10:12:57,18.92,200,
10:12:57,18.92,100,
10:12:57,18.92,300,
10:12:57,18.918,200,
10:12:57,18.92,200,
10:12:57,18.918,300,
10:12:57,18.918,200,
10:12:57,18.918,100,
10:12:57,18.92,100,
10:12:58,18.918,1000,
10:13:01,18.92,200,
10:13:01,18.91,100,
10:13:01,18.91,200,
10:13:01,18.91,100,
10:13:01,18.91,200,
10:13:01,18.91,300,
10:13:01,18.91,400,
10:13:01,18.91,300,
10:13:10,18.918,1000,
10:13:12,18.91,100,
10:13:13,18.92,926,
10:13:13,18.908,600,
10:13:15,18.90,600,
10:13:15,18.90,300,
10:13:19,18.90,200,
10:13:19,18.90,200,
10:13:19,18.90,200,
10:13:19,18.8999,200,
10:13:19,18.8999,300,
10:13:19,18.8999,100,
10:13:19,18.8999,200,
10:13:19,18.8999,200,
10:13:19,18.90,300,
10:13:19,18.8999,400,
10:13:19,18.90,800,
10:13:19,18.90,1000,
10:13:23,18.90,300,
10:13:24,18.8901,400,
10:13:25,18.90,740,
10:13:25,18.90,100,
10:13:25,18.90,200,
10:13:26,18.898,1000,
10:13:29,18.9029,1500,
10:13:34,18.9088,100,
10:13:34,18.909,200,
10:13:36,18.90,100,
10:13:39,18.9099,1100,
10:13:39,18.90,100,
10:13:39,18.90,234,
10:13:44,18.91,2000,
10:13:56,18.90,441,
10:13:58,18.91,1000,
10:13:59,18.9193,200,
10:13:59,18.9189,800,
10:13:59,18.919,4100,
10:13:59,18.919,4100,
10:14:02,18.92,9200,
10:14:07,18.928,100,
10:14:07,18.93,100,
10:14:07,18.928,140,
10:14:13,18.9466,100,
10:14:13,18.949,200,
10:14:23,18.94,300,
10:14:23,18.94,1100,
10:14:23,18.94,400,
10:14:24,18.93,100,
10:14:25,18.93,400,
10:14:28,18.92,350,
10:14:34,18.922,300,
10:14:34,18.92,100,
10:14:34,18.921,100,
10:14:34,18.921,100,
10:14:34,18.92,100,
10:14:34,18.92,300,
10:14:36,18.929,100,
10:14:37,18.929,350,
10:14:47,18.9201,100,
10:14:47,18.91,800,
10:14:47,18.91,300,
10:14:47,18.91,300,
10:14:47,18.91,200,
10:14:47,18.91,300,
10:14:47,18.91,100,
10:14:49,18.93,500,
10:14:53,18.9029,500,
10:14:57,18.9099,100,
10:14:59,18.9001,1000,
10:15:02,18.89,300,
10:15:03,18.89,799,
10:15:03,18.89,400,
10:15:06,18.89,265,
10:15:07,18.88,300,
10:15:07,18.87,100,
10:15:07,18.87,100,
10:15:07,18.87,300,
10:15:07,18.87,800,
10:15:12,18.86,1360,
10:15:12,18.8624,100,
10:15:13,18.8605,1200,
10:15:14,18.86,300,
10:15:21,18.866,3000,
10:15:25,18.868,100,
10:15:25,18.868,100,
10:15:25,18.866,100,
10:15:28,18.8601,600,
10:15:30,18.87,195,
10:15:30,18.87,267,
10:15:30,18.88,400,
10:15:31,18.862,500,
10:15:31,18.89,200,
10:15:35,18.89,267,
10:15:38,18.8901,600,
10:15:38,18.89,100,
10:15:38,18.89,200,
10:15:38,18.89,1400,
10:15:45,18.90,300,
10:15:50,18.90,500,
10:15:53,18.90,300,
10:15:53,18.90,100,
10:15:53,18.91,100,
10:15:53,18.91,200,
10:15:55,18.92,800,
10:15:55,18.92,300,
10:15:58,18.907,700,
10:16:05,18.92,2600,
10:16:05,18.92,1700,
10:16:05,18.92,2700,
10:16:11,18.94,300,
10:16:15,18.95,160,
10:16:15,18.95,300,
10:16:15,18.95,300,
10:16:16,18.95,300,
10:16:16,18.95,300,
10:16:16,18.95,100,
10:16:16,18.95,700,
10:16:18,18.949,800,
10:16:18,18.949,900,
10:16:19,18.94,100,
10:16:19,18.939,100,
10:16:30,18.9295,1000,
10:16:32,18.92,200,
10:16:32,18.92,100,
10:16:43,18.9171,878,
10:16:45,18.91,300,
10:16:45,18.91,900,
10:16:45,18.91,900,
10:16:51,18.9099,300,
10:16:51,18.9099,200,
10:16:51,18.9099,200,
10:16:51,18.9099,500,
10:16:51,18.91,200,
10:16:51,18.91,500,
10:16:51,18.91,100,
10:16:51,18.90,300,
10:16:51,18.90,300,
10:16:52,18.90,200,
10:16:56,18.91,500,
10:16:57,18.9073,900,
10:16:57,18.9073,100,
10:16:57,18.9073,200,
10:16:57,18.909,1900,
10:16:57,18.90,3000,
10:16:59,18.91,5200,
10:17:03,18.91,300,
10:17:03,18.9099,1100,
10:17:03,18.9099,300,
10:17:03,18.91,300,
10:17:03,18.91,300,
10:17:03,18.9099,400,
10:17:03,18.9099,300,
10:17:03,18.91,1400,
10:17:03,18.9099,300,
10:17:04,18.90,1200,
10:17:04,18.90,300,
10:17:04,18.90,2600,
10:17:04,18.90,500,
10:17:04,18.90,500,
10:17:04,18.90,300,
10:17:04,18.89,900,
10:17:04,18.89,300,
10:17:05,18.89,1100,
10:17:07,18.8899,100,
10:17:07,18.89,300,
10:17:10,18.8971,800,
10:17:26,18.9073,500,
10:17:26,18.909,700,
10:17:27,18.908,100,
10:17:27,18.908,100,
10:17:27,18.91,300,
10:17:27,18.91,100,
10:17:29,18.908,300,
10:17:29,18.908,100,
10:17:29,18.91,100,
10:17:29,18.91,300,
10:17:29,18.91,400,
10:17:29,18.91,500,
10:17:29,18.91,100,
10:17:30,18.9171,100,
10:17:32,18.9199,200,
10:17:35,18.90,900,
10:17:35,18.90,200,
10:17:35,18.90,100,
10:17:35,18.90,300,
10:17:35,18.90,1000,
10:17:35,18.90,300,
10:17:35,18.90,600,
10:17:35,18.90,200,
10:17:39,18.8999,100,
10:17:40,18.895,100,
10:17:40,18.8999,1700,
10:17:42,18.90,200,
10:17:47,18.8999,100,
10:17:47,18.90,300,
10:17:48,18.90,100,
10:17:48,18.898,100,
10:17:48,18.8986,700,
10:17:48,18.8986,200,
10:17:48,18.90,700,
10:17:48,18.90,100,
10:17:54,18.89,200,
10:17:54,18.90,194,
10:17:54,18.90,194,
10:17:54,18.90,900,
10:17:54,18.90,300,
10:17:54,18.90,200,
10:17:54,18.90,300,
10:17:54,18.90,106,
10:17:56,18.899,1000,
10:17:59,18.90,400,
10:17:59,18.90,100,
10:18:02,18.91,300,
10:18:02,18.909,100,
10:18:08,18.8969,300,
10:18:08,18.899,300,
10:18:13,18.90,400,
10:18:21,18.91,270,
10:18:22,18.91,400,
10:18:23,18.90,400,
10:18:23,18.8999,100,
10:18:23,18.8999,400,
10:18:27,18.909,200,
10:18:27,18.9099,1000,
10:18:29,18.90,100,
10:18:37,18.90,100,
10:18:37,18.90,100,
10:18:39,18.90,100,
10:18:39,18.899,400,
10:18:40,18.89,100,
10:18:41,18.89,150,
10:18:42,18.88,100,
10:18:44,18.89,1500,
10:18:45,18.889,200,
10:18:47,18.89,400,
10:18:50,18.88,400,
10:18:50,18.88,102,
10:18:50,18.88,100,
10:18:53,18.87,300,
10:18:53,18.87,400,
10:18:53,18.87,500,
10:18:53,18.87,600,
10:18:53,18.87,200,
10:18:56,18.87,400,
10:18:56,18.87,899,
10:18:56,18.87,3000,
10:18:56,18.86,150,
10:18:59,18.879,1000,
10:19:03,18.8761,100,
10:19:03,18.879,200,
10:19:04,18.87,301,
10:19:06,18.86,100,
10:19:08,18.87,200,
10:19:14,18.86,100,
10:19:14,18.86,130,
10:19:14,18.85,800,
10:19:14,18.85,100,
10:19:14,18.85,2000,
10:19:14,18.86,1100,
10:19:15,18.85,1400,
10:19:20,18.86,100,
10:19:20,18.86,100,
10:19:20,18.86,1086,
10:19:20,18.858,100,
10:19:21,18.8699,3000,
10:19:22,18.8699,377,
10:19:23,18.87,400,
10:19:28,18.88,199,
10:19:30,18.88,200,
10:19:30,18.87,300,
10:19:35,18.86,100,
10:19:38,18.86,1200,
10:19:41,18.87,600,
10:19:46,18.86,100,
10:19:46,18.86,200,
10:19:48,18.88,300,
10:19:48,18.88,300,
10:19:48,18.88,300,
10:19:48,18.88,600,
10:19:48,18.89,100,
10:19:48,18.89,1700,
10:19:48,18.89,400,
10:19:48,18.89,200,
10:19:50,18.888,100,
10:19:50,18.888,100,
10:19:50,18.89,100,
10:19:50,18.89,200,
10:19:50,18.89,100,
10:19:51,18.89,100,
10:19:55,18.90,200,
10:19:55,18.90,100,
10:19:59,18.90,12500,
10:20:07,18.90,400,
10:20:07,18.899,900,
10:20:08,18.89,3700,
10:20:08,18.899,3800,
10:20:10,18.90,400,
10:20:10,18.90,400,
10:20:10,18.90,100,
10:20:10,18.90,300,
10:20:10,18.90,200,
10:20:14,18.907,430,
10:20:17,18.91,510,
10:20:17,18.91,1190,
10:20:19,18.9295,2500,
10:20:21,18.93,300,
10:20:21,18.93,1000,
10:20:21,18.93,700,
10:20:25,18.93,100,
10:20:25,18.94,300,
10:20:26,18.94,460,
10:20:26,18.93,300,
10:20:26,18.93,800,
10:20:28,18.93,400,
10:20:29,18.939,2700,
10:20:31,18.92,400,
10:20:40,18.93,200,
10:20:40,18.93,200,
10:20:40,18.93,1700,
10:20:41,18.93,1600,
10:20:41,18.93,700,
10:20:41,18.93,300,
10:20:45,18.9146,500,
10:20:46,18.91,600,
10:20:51,18.90,300,
10:20:53,18.90,200,
10:20:56,18.91,422,
10:20:56,18.91,300,
10:21:05,18.91,200,
10:21:08,18.91,300,
10:21:08,18.909,395,
10:21:08,18.909,300,
10:21:11,18.92,410,
10:21:11,18.92,190,
10:21:16,18.91,358,
10:21:17,18.91,100,
10:21:20,18.907,100,
10:21:21,18.90,100,
10:21:22,18.90,300,
10:21:22,18.8961,100,
10:21:22,18.899,300,
10:21:23,18.895,100,
10:21:27,18.9071,560,
10:21:36,18.9193,250,
10:21:41,18.91,300,
10:21:41,18.909,400,
10:21:47,18.898,1000,
10:21:47,18.895,100,
10:21:47,18.895,100,
10:21:47,18.895,100,
10:21:47,18.90,242,
10:21:47,18.90,427,
10:21:51,18.8999,500,
10:21:51,18.8999,100,
10:21:51,18.90,100,
10:21:51,18.90,500,
10:21:54,18.90,200,
10:21:55,18.90,600,
10:21:55,18.899,3000,
10:21:55,18.899,3000,
10:21:56,18.897,9000,
10:22:05,18.907,100,
10:22:14,18.908,1000,
10:22:15,18.902,100,
10:22:15,18.902,100,
10:22:15,18.902,100,
10:22:15,18.902,400,
10:22:15,18.90,100,
10:22:17,18.90,300,
10:22:17,18.90,300,
10:22:17,18.90,2000,
10:22:17,18.90,2600,
10:22:17,18.90,400,
10:22:19,18.90,400,
10:22:28,18.903,200,
10:22:31,18.91,200,
10:22:31,18.91,300,
10:22:31,18.9101,100,
10:22:31,18.9101,300,
10:22:31,18.91,100,
10:22:34,18.92,130,
10:22:35,18.92,100,
10:22:35,18.92,100,
10:22:35,18.918,100,
10:22:40,18.919,1100,
10:22:41,18.91,1000,
10:22:44,18.91,100,
10:22:44,18.905,100,
10:22:44,18.91,100,
10:22:44,18.905,100,
10:22:49,18.91,300,
10:22:53,18.90,100,
10:22:53,18.90,100,
10:22:53,18.90,200,
10:22:53,18.90,100,
10:22:53,18.8999,100,
10:22:53,18.90,100,
10:22:54,18.90,200,
10:22:54,18.90,339,
10:22:54,18.90,300,
10:22:56,18.8999,500,
10:22:58,18.90,200,
10:23:00,18.8971,300,
10:23:00,18.899,300,
10:23:01,18.90,348,
10:23:02,18.899,1000,
10:23:06,18.908,100,
10:23:06,18.91,100,
10:23:06,18.91,100,
10:23:06,18.9099,100,
10:23:06,18.9099,100,
10:23:06,18.91,300,
10:23:06,18.91,200,
10:23:06,18.91,300,
10:23:06,18.91,700,
10:23:06,18.91,100,
10:23:06,18.90,700,
10:23:06,18.90,200,
10:23:06,18.8901,800,
10:23:06,18.8901,100,
10:23:07,18.8901,100,
10:23:07,18.8901,100,
10:23:07,18.89,800,
10:23:07,18.89,100,
10:23:07,18.89,100,
10:23:13,18.89,100,
10:23:17,18.89,510,
10:23:17,18.89,200,
10:23:17,18.89,300,
10:23:17,18.89,200,
10:23:17,18.89,100,
10:23:20,18.90,439,
10:23:20,18.90,118,
10:23:29,18.90,400,
10:23:38,18.898,300,
10:23:44,18.897,250,
10:23:48,18.90,200,
10:23:48,18.90,200,
10:23:48,18.8999,200,
10:23:48,18.8999,200,
10:23:48,18.8999,200,
10:23:48,18.90,100,
10:23:48,18.8999,100,
10:23:49,18.899,200,
10:23:49,18.8995,500,
10:23:50,18.899,100,
10:23:54,18.8999,2000,
10:24:02,18.92,300,
10:24:05,18.92,200,
10:24:06,18.93,100,
10:24:06,18.92,100,
10:24:07,18.9195,1000,
10:24:08,18.91,500,
10:24:08,18.9101,200,
10:24:08,18.9101,1000,
10:24:08,18.91,1000,
10:24:18,18.92,100,
10:24:22,18.92,100,
10:24:23,18.9199,100,
10:24:23,18.92,100,
10:24:24,18.92,100,
10:24:32,18.9199,300,
10:24:50,18.89,300,
10:24:50,18.89,300,
10:25:02,18.89,295,
10:25:07,18.88,300,
10:25:10,18.88,100,
10:25:10,18.88,615,
10:25:10,18.88,415,
10:25:11,18.87,100,
10:25:11,18.87,1330,
10:25:12,18.8786,300,
10:25:12,18.88,600,
10:25:12,18.88,260,
10:25:12,18.878,190,
10:25:12,18.88,190,
10:25:13,18.86,300,
10:25:13,18.86,100,
10:25:13,18.87,100,
10:25:13,18.8514,440,
10:25:14,18.86,100,
10:25:14,18.859,300,
10:25:14,18.85,300,
10:25:14,18.85,100,
10:25:14,18.85,300,
10:25:14,18.871,1330,
10:25:14,18.859,200,
10:25:15,18.859,100,
10:25:20,18.86,236,
10:25:20,18.86,200,
10:25:20,18.86,200,
10:25:26,18.8799,4000,
10:25:28,18.88,100,
10:25:32,18.89,163,
10:25:32,18.89,237,
10:25:32,18.89,200,
10:25:42,18.88,300,
10:25:42,18.88,117,
10:25:49,18.8999,6500,
10:25:53,18.91,200,
10:25:53,18.91,300,
10:25:55,18.90,100,
10:25:55,18.89,300,
10:25:55,18.89,300,
10:25:58,18.88,2600,
10:26:02,18.88,400,
10:26:14,18.87,447,
10:26:17,18.88,450,
10:26:18,18.88,133,
10:26:26,18.89,300,
10:26:30,18.90,189,
10:26:31,18.90,100,
10:26:44,18.89,322,
10:26:46,18.89,100,
10:26:48,18.889,100,
10:26:58,18.88,300,
10:26:58,18.89,100,
10:26:58,18.8799,100,
10:26:58,18.8799,300,
10:27:00,18.8862,600,
10:27:01,18.88,300,
10:27:01,18.88,700,
10:27:01,18.8786,200,
10:27:01,18.8786,100,
10:27:01,18.88,100,
10:27:01,18.88,100,
10:27:03,18.877,100,
10:27:04,18.87,100,
10:27:04,18.87,100,
10:27:07,18.8699,200,
10:27:09,18.87,400,
10:27:14,18.8699,1000,
10:27:14,18.8686,200,
10:27:14,18.8686,100,
10:27:14,18.87,500,
10:27:14,18.87,100,
10:27:16,18.87,615,
10:27:17,18.8771,1100,
10:27:23,18.8601,3000,
10:27:24,18.87,600,
10:27:24,18.87,600,
10:27:24,18.8699,500,
10:27:24,18.8699,600,
10:27:24,18.87,300,
10:27:24,18.87,200,
10:27:24,18.87,433,
10:27:24,18.87,434,
10:27:24,18.87,400,
10:27:24,18.8699,1000,
10:27:24,18.8699,100,
10:27:24,18.87,200,
10:27:24,18.87,200,
10:27:24,18.8699,600,
10:27:24,18.8699,100,
10:27:24,18.8699,400,
10:27:24,18.8699,300,
10:27:24,18.87,600,
10:27:24,18.87,3000,
10:27:26,18.8771,1000,
10:27:28,18.87,285,
10:27:29,18.874,150,
10:27:30,18.86,200,
10:27:30,18.86,100,
10:27:30,18.86,300,
10:27:31,18.86,1805,
10:27:31,18.86,300,
10:27:31,18.86,1100,
10:27:31,18.86,400,
10:27:32,18.86,290,
10:27:33,18.86,300,
10:27:33,18.86,210,
10:27:35,18.8593,400,
10:27:36,18.86,100,
10:27:36,18.86,100,
10:27:36,18.86,200,
10:27:39,18.86,300,
10:27:39,18.86,200,
10:28:04,18.86,300,
10:28:04,18.86,300,
10:28:07,18.86,300,
10:28:11,18.86,104,
10:28:12,18.85,200,
10:28:12,18.85,500,
10:28:12,18.85,300,
10:28:14,18.85,200,
10:28:15,18.85,100,
10:28:16,18.85,100,
10:28:16,18.85,100,
10:28:16,18.85,100,
10:28:16,18.858,400,
10:28:16,18.858,300,
10:28:16,18.858,100,
10:28:16,18.86,300,
10:28:16,18.86,100,
10:28:17,18.85,100,
10:28:19,18.85,400,
10:28:20,18.85,300,
10:28:21,18.85,300,
10:28:21,18.85,500,
10:28:21,18.85,100,
10:28:22,18.84,700,
10:28:23,18.84,200,
10:28:23,18.84,100,
10:28:23,18.84,500,
10:28:23,18.83,100,
10:28:23,18.83,100,
10:28:23,18.83,300,
10:28:23,18.83,500,
10:28:23,18.83,600,
10:28:23,18.83,300,
10:28:24,18.82,1000,
10:28:24,18.82,100,
10:28:24,18.82,100,
10:28:24,18.82,100,
10:28:24,18.82,100,
10:28:24,18.82,2000,
10:28:24,18.82,900,
10:28:24,18.82,100,
10:28:24,18.82,500,
10:28:24,18.82,200,
10:28:24,18.82,900,
10:28:24,18.82,200,
10:28:24,18.82,300,
10:28:24,18.8199,300,
10:28:24,18.82,300,
10:28:24,18.82,300,
10:28:24,18.82,300,
10:28:24,18.82,400,
10:28:24,18.8199,100,
10:28:24,18.82,300,
10:28:24,18.82,1000,
10:28:24,18.82,3000,
10:28:24,18.82,3000,
10:28:25,18.82,100,
10:28:25,18.835,400,
10:28:26,18.82,900,
10:28:26,18.82,800,
10:28:26,18.82,500,
10:28:26,18.82,200,
10:28:26,18.82,1700,
10:28:26,18.82,400,
10:28:26,18.82,200,
10:28:26,18.81,300,
10:28:26,18.81,200,
10:28:26,18.81,100,
10:28:26,18.81,296,
10:28:26,18.81,100,
10:28:26,18.80,500,
10:28:26,18.80,1100,
10:28:26,18.79,3000,
10:28:26,18.79,100,
10:28:26,18.79,300,
10:28:26,18.79,100,
10:28:26,18.79,300,
10:28:26,18.79,100,
10:28:26,18.79,200,
10:28:26,18.79,300,
10:28:26,18.79,100,
10:28:26,18.79,300,
10:28:26,18.79,500,
10:28:26,18.79,100,
10:28:26,18.79,200,
10:28:26,18.79,100,
10:28:26,18.79,100,
10:28:26,18.79,100,
10:28:26,18.79,200,
10:28:26,18.79,886,
10:28:26,18.79,600,
10:28:26,18.79,200,
10:28:26,18.81,100,
10:28:26,18.79,1900,
10:28:26,18.81,900,
10:28:27,18.78,100,
10:28:27,18.80,4800,
10:28:27,18.78,600,
10:28:27,18.79,500,
10:28:27,18.79,700,
10:28:27,18.80,260,
10:28:27,18.80,200,
10:28:27,18.80,200,
10:28:27,18.80,100,
10:28:27,18.80,200,
10:28:27,18.80,200,
10:28:27,18.80,300,
10:28:27,18.80,200,
10:28:27,18.80,1100,
10:28:27,18.80,100,
10:28:27,18.80,500,
10:28:27,18.78,100,
10:28:27,18.782,1400,
10:28:27,18.80,400,
10:28:27,18.783,2800,
10:28:27,18.783,2100,
10:28:27,18.803,471,
10:28:28,18.795,970,
10:28:29,18.785,2100,
10:28:29,18.785,900,
10:28:29,18.81,860,
10:28:29,18.81,300,
10:28:29,18.81,1140,
10:28:29,18.7985,1600,
10:28:30,18.81,300,
10:28:30,18.81,100,
10:28:30,18.81,1100,
10:28:30,18.80,200,
10:28:30,18.80,600,
10:28:30,18.80,200,
10:28:30,18.80,200,
10:28:30,18.80,900,
10:28:30,18.80,200,
10:28:30,18.80,300,
10:28:30,18.80,1000,
10:28:30,18.802,400,
10:28:30,18.8067,100,
10:28:30,18.8067,100,
10:28:30,18.80,200,
10:28:31,18.80,200,
10:28:32,18.80,300,
10:28:32,18.80,300,
10:28:32,18.80,176,
10:28:32,18.80,1000,
10:28:32,18.82,127,
10:28:32,18.82,300,
10:28:33,18.80,5200,
10:28:34,18.8199,100,
10:28:34,18.82,100,
10:28:36,18.811,150,
10:28:36,18.81,300,
10:28:36,18.81,600,
10:28:36,18.81,400,
10:28:39,18.80,800,
10:28:39,18.80,100,
10:28:39,18.80,200,
10:28:39,18.80,800,
10:28:39,18.80,200,
10:28:39,18.80,100,
10:28:39,18.80,100,
10:28:39,18.80,400,
10:28:39,18.80,100,
10:28:39,18.80,100,
10:28:39,18.80,100,
10:28:39,18.80,200,
10:28:39,18.80,100,
10:28:39,18.80,200,
10:28:39,18.80,100,
10:28:39,18.80,600,
10:28:39,18.80,300,
10:28:39,18.80,244,
10:28:39,18.80,200,
10:28:39,18.80,200,
10:28:39,18.80,100,
10:28:39,18.80,100,
10:28:39,18.80,100,
10:28:39,18.80,200,
10:28:39,18.80,100,
10:28:39,18.80,100,
10:28:43,18.81,100,
10:28:43,18.81,310,
10:28:45,18.8014,100,
10:28:46,18.81,200,
10:28:46,18.81,100,
10:28:46,18.81,200,
10:28:46,18.81,200,
10:28:46,18.81,400,
10:28:46,18.8099,200,
10:28:46,18.81,100,
10:28:46,18.8099,100,
10:28:46,18.8099,200,
10:28:46,18.8099,100,
10:28:46,18.8099,100,
10:28:46,18.8099,100,
10:28:46,18.81,800,
10:28:46,18.8099,100,
10:28:46,18.81,100,
10:28:48,18.808,100,
10:28:49,18.8075,3000,
10:28:50,18.807,200,
10:28:51,18.81,400,
10:28:54,18.83,200,
10:28:54,18.83,300,
10:28:54,18.83,200,
10:28:55,18.83,200,
10:28:56,18.83,100,
10:29:03,18.82,400,
10:29:03,18.82,400,
10:29:05,18.82,100,
10:29:06,18.8399,300,
10:29:06,18.8399,100,
10:29:06,18.8399,300,
10:29:06,18.84,200,
10:29:06,18.8399,300,
10:29:06,18.8399,200,
10:29:06,18.8399,200,
10:29:06,18.8399,100,
10:29:06,18.84,100,
10:29:06,18.84,200,
10:29:08,18.83,200,
10:29:08,18.8371,700,
10:29:09,18.822,1000,
10:29:09,18.83,1000,
10:29:09,18.83,500,
10:29:09,18.82,100,
10:29:09,18.82,2000,
10:29:09,18.82,200,
10:29:09,18.82,100,
10:29:09,18.82,800,
10:29:09,18.82,100,
10:29:09,18.8202,100,
10:29:10,18.8201,500,
10:29:15,18.83,100,
10:29:15,18.83,1000,
10:29:15,18.84,300,
10:29:15,18.84,300,
10:29:15,18.83,100,
10:29:16,18.84,150,
10:29:16,18.84,137,
10:29:18,18.84,100,
10:29:18,18.84,100,
10:29:23,18.84,500,
10:29:23,18.85,200,
10:29:23,18.8399,300,
10:29:25,18.84,200,
10:29:26,18.85,700,
10:29:26,18.85,300,
10:29:26,18.85,400,
10:29:26,18.85,100,
10:29:27,18.86,200,
10:29:27,18.86,300,
10:29:27,18.86,300,
10:29:27,18.86,300,
10:29:27,18.86,200,
10:29:27,18.86,200,
10:29:27,18.86,200,
10:29:27,18.86,100,
10:29:27,18.86,300,
10:29:27,18.86,200,
10:29:27,18.86,200,
10:29:29,18.8699,5000,
10:29:30,18.86,700,
10:29:30,18.86,200,
10:29:30,18.86,200,
10:29:30,18.86,300,
10:29:30,18.86,300,
10:29:31,18.86,100,
10:29:31,18.86,500,
10:29:32,18.85,300,
10:29:32,18.84,900,
10:29:32,18.84,900,
10:29:32,18.84,200,
10:29:32,18.84,100,
10:29:32,18.84,300,
10:29:32,18.85,400,
10:29:32,18.85,300,
10:29:32,18.85,800,
10:29:32,18.85,200,
10:29:32,18.85,670,
10:29:32,18.85,100,
10:29:32,18.85,200,
10:29:32,18.85,180,
10:29:32,18.85,300,
10:29:32,18.85,300,
10:29:32,18.85,100,
10:29:32,18.85,100,
10:29:32,18.85,300,
10:29:36,18.86,600,
10:29:38,18.86,400,
10:29:38,18.86,1000,
10:29:39,18.87,300,
10:29:39,18.87,200,
10:29:39,18.87,300,
10:29:39,18.87,200,
10:29:39,18.87,200,
10:29:39,18.87,300,
10:29:39,18.87,200,
10:29:39,18.87,1400,
10:29:45,18.86,200,
10:29:45,18.86,200,
10:29:45,18.86,100,
10:29:45,18.86,200,
10:29:45,18.86,1100,
10:29:45,18.86,100,
10:29:45,18.86,100,
10:29:45,18.8601,900,
10:29:45,18.86,300,
10:29:45,18.86,200,
10:29:48,18.85,300,
10:29:53,18.85,1000,
10:29:54,18.859,500,
10:29:55,18.84,600,
10:29:55,18.84,800,
10:29:55,18.84,900,
10:29:55,18.84,300,
10:29:55,18.84,100,
10:29:55,18.84,100,
10:29:56,18.83,400,
10:29:56,18.83,200,
10:29:56,18.83,300,
10:29:56,18.83,300,
10:29:56,18.83,500,
10:29:56,18.83,100,
10:29:56,18.83,200,
10:29:56,18.83,300,
10:29:57,18.84,300,
10:29:58,18.83,2100,
10:30:01,18.80,700,
10:30:01,18.80,100,
10:30:01,18.80,100,
10:30:01,18.80,400,
10:30:01,18.80,100,
10:30:01,18.80,100,
10:30:01,18.80,400,
10:30:01,18.80,400,
10:30:01,18.80,100,
10:30:01,18.80,300,
10:30:01,18.80,100,
10:30:01,18.80,900,
10:30:01,18.80,900,
10:30:01,18.80,500,
10:30:06,18.80,100,
10:30:06,18.81,100,
10:30:08,18.80,100,
10:30:09,18.808,742,
10:30:09,18.81,400,
10:30:09,18.80,600,
10:30:09,18.8001,700,
10:30:09,18.8001,200,
10:30:09,18.80,900,
10:30:09,18.8001,900,
10:30:10,18.81,100,
10:30:10,18.81,100,
10:30:10,18.81,1000,
10:30:10,18.81,400,
10:30:11,18.8001,500,
10:30:15,18.81,300,
10:30:15,18.82,100,
10:30:16,18.81,100,
10:30:16,18.81,300,
10:30:18,18.81,300,
10:30:18,18.81,400,
10:30:20,18.82,300,
10:30:21,18.81,100,
10:30:23,18.8199,250,
10:30:27,18.81,500,
10:30:27,18.80,100,
10:30:27,18.80,100,
10:30:29,18.80,100,
10:30:29,18.8007,391,
10:30:30,18.80,200,
10:30:33,18.80,690,
10:30:35,18.815,2200,
10:30:36,18.818,642,
10:30:49,18.80,1274,
10:30:51,18.80,100,
10:30:52,18.7999,300,
10:30:53,18.80,100,
10:31:00,18.801,100,
10:31:01,18.8086,100,
10:31:01,18.8086,300,
10:31:03,18.80,100,
10:31:03,18.80,200,
10:31:06,18.80,100,
10:31:06,18.80,100,
10:31:09,18.809,300,
10:31:10,18.81,100,
10:31:14,18.7999,2500,
10:31:15,18.79,200,
10:31:15,18.78,300,
10:31:15,18.78,100,
10:31:15,18.78,100,
10:31:15,18.78,100,
10:31:15,18.78,500,
10:31:15,18.78,100,
10:31:15,18.77,100,
10:31:15,18.77,1000,
10:31:15,18.77,300,
10:31:15,18.77,200,
10:31:15,18.77,100,
10:31:15,18.798,600,
10:31:16,18.7799,2200,
10:31:16,18.77,300,
10:31:18,18.77,100,
10:31:18,18.77,150,
10:31:21,18.772,1000,
10:31:22,18.78,266,
10:31:27,18.77,100,
10:31:32,18.77,400,
10:31:33,18.7601,4925,
10:31:33,18.77,500,
10:31:33,18.76,200,
10:31:33,18.77,500,
10:31:36,18.76,2500,
10:31:38,18.7601,100,
10:31:38,18.76,200,
10:31:38,18.76,100,
10:31:41,18.7629,500,
10:31:41,18.76,300,
10:31:42,18.77,499,
10:31:42,18.78,400,
10:31:42,18.77,200,
10:31:42,18.7701,300,
10:31:42,18.77,200,
10:31:42,18.77,100,
10:31:42,18.77,100,
10:31:42,18.77,100,
10:31:42,18.77,1600,
10:31:42,18.7701,200,
10:31:42,18.7701,300,
10:31:42,18.7701,500,
10:31:42,18.7701,200,
10:31:42,18.7701,1600,
10:31:42,18.7701,300,
10:31:42,18.77,300,
10:31:42,18.7701,100,
10:31:42,18.7701,100,
10:31:42,18.7701,200,
10:31:42,18.7701,100,
10:31:43,18.77,500,
10:31:45,18.77,500,
10:31:45,18.76,100,
10:31:45,18.76,1200,
10:31:45,18.7501,200,
10:31:46,18.75,300,
10:31:46,18.75,3300,
10:31:48,18.75,1050,
10:31:48,18.75,100,
10:31:48,18.75,2400,
10:31:48,18.75,203,
10:31:48,18.75,600,
10:31:48,18.759,100,
10:31:48,18.76,600,
10:31:48,18.76,400,
10:31:49,18.755,300,
10:31:49,18.7599,300,
10:31:50,18.759,1500,
10:31:51,18.75,2600,
10:31:51,18.75,2700,
10:31:51,18.75,400,
10:31:51,18.75,192,
10:31:51,18.75,800,
10:31:51,18.75,700,
10:31:51,18.75,2700,
10:31:51,18.75,2700,
10:31:51,18.75,100,
10:31:51,18.759,200,
10:31:53,18.75,100,
10:31:53,18.75,150,
10:31:53,18.75,127,
10:31:54,18.75,100,
10:31:54,18.75,400,
10:31:54,18.76,400,
10:31:54,18.751,100,
10:31:56,18.75,200,
10:31:56,18.75,100,
10:31:59,18.7507,7697,
10:32:00,18.758,1000,
10:32:00,18.76,100,
10:32:01,18.751,3103,
10:32:02,18.75,300,
10:32:02,18.75,100,
10:32:02,18.75,100,
10:32:02,18.75,800,
10:32:02,18.75,200,
10:32:02,18.75,100,
10:32:02,18.75,100,
10:32:02,18.75,548,
10:32:02,18.75,200,
10:32:02,18.75,530,
10:32:02,18.75,181,
10:32:02,18.75,447,
10:32:02,18.75,100,
10:32:02,18.75,100,
10:32:02,18.75,1000,
10:32:02,18.75,1000,
10:32:02,18.75,148,
10:32:02,18.75,100,
10:32:02,18.75,100,
10:32:02,18.75,100,
10:32:02,18.75,500,
10:32:02,18.75,100,
10:32:02,18.75,100,
10:32:02,18.75,1000,
10:32:03,18.74,100,
10:32:04,18.7437,400,
10:32:05,18.75,500,
10:32:06,18.7401,350,
10:32:06,18.74,350,
10:32:06,18.74,100,
10:32:06,18.75,250,
10:32:06,18.741,450,
10:32:09,18.74,450,
10:32:09,18.7401,7080,
10:32:10,18.75,100,
10:32:11,18.76,800,
10:32:11,18.76,235,
10:32:13,18.75,1000,
10:32:13,18.75,200,
10:32:15,18.75,300,
10:32:16,18.76,100,
10:32:16,18.759,200,
10:32:18,18.76,1600,
10:32:18,18.7599,400,
10:32:21,18.768,1000,
10:32:24,18.767,1000,
10:32:31,18.7625,2900,
10:32:32,18.767,100,
10:32:37,18.7688,100,
10:32:37,18.7677,600,
10:32:37,18.769,1400,
10:32:37,18.76,200,
10:32:37,18.76,300,
10:32:38,18.7571,1000,
10:32:44,18.76,430,
10:32:45,18.75,100,
10:32:45,18.75,400,
10:32:45,18.75,700,
10:32:45,18.75,700,
10:32:45,18.75,500,
10:32:45,18.759,100,
10:32:45,18.7495,1000,
10:32:49,18.7401,100,
10:32:51,18.74,100,
10:32:58,18.7401,352,
10:33:00,18.74,200,
10:33:05,18.74,1662,
10:33:05,18.73,450,
10:33:05,18.7301,1490,
10:33:05,18.74,400,
10:33:05,18.7351,1400,
10:33:06,18.74,353,
10:33:08,18.7383,100,
10:33:08,18.74,300,
10:33:09,18.73,100,
10:33:11,18.74,900,
10:33:14,18.75,350,
10:33:21,18.757,2000,
10:33:22,18.76,100,
10:33:22,18.76,500,
10:33:24,18.7501,7395,
10:33:30,18.75,500,
10:33:31,18.76,100,
10:33:31,18.76,100,
10:33:32,18.78,200,
10:33:33,18.79,300,
10:33:34,18.78,700,
10:33:34,18.787,200,
10:33:35,18.79,200,
10:33:36,18.79,200,
10:33:38,18.789,200,
10:33:39,18.80,100,
10:33:39,18.791,3000,
10:33:40,18.80,101,
10:33:40,18.81,150,
10:33:42,18.7995,1000,
10:33:44,18.80,100,
10:33:45,18.79,863,
10:33:45,18.79,300,
10:33:45,18.79,300,
10:33:45,18.79,300,
10:33:46,18.79,147,
10:33:48,18.788,131,
10:33:51,18.784,200,
10:33:52,18.7801,100,
10:33:56,18.78,100,
10:33:56,18.7701,1500,
10:34:01,18.77,500,
10:34:03,18.7685,5000,
10:34:09,18.7699,750,
10:34:10,18.7507,100,
10:34:10,18.7507,100,
10:34:10,18.7507,100,
10:34:10,18.75,100,
10:34:12,18.76,100,
10:34:12,18.76,231,
10:34:18,18.76,200,
10:34:21,18.7501,200,
10:34:29,18.75,1000,
10:34:32,18.7401,127,
10:34:35,18.7499,1000,
10:34:42,18.749,200,
10:34:42,18.75,200,
10:34:45,18.76,600,
10:34:45,18.76,200,
10:34:58,18.75,700,
10:34:59,18.752,400,
10:34:59,18.75,330,
10:35:07,18.7599,500,
10:35:08,18.75,4500,
10:35:09,18.7493,2000,
10:35:11,18.7485,5300,
10:35:12,18.7489,2300,
10:35:12,18.749,2400,
10:35:14,18.7443,200,
10:35:14,18.7499,2000,
10:35:15,18.74,1360,
10:35:15,18.74,100,
10:35:15,18.749,1000,
10:35:16,18.75,25000,
10:35:17,18.749,100,
10:35:18,18.747,1000,
10:35:18,18.74,240,
10:35:18,18.74,200,
10:35:18,18.74,100,
10:35:20,18.739,100,
10:35:22,18.73,200,
10:35:22,18.73,400,
10:35:22,18.7282,100,
10:35:24,18.72,500,
10:35:26,18.73,190,
10:35:27,18.72,3000,
10:35:27,18.72,400,
10:35:34,18.74,100,
10:35:34,18.74,300,
10:35:35,18.7399,1200,
10:35:36,18.74,100,
10:35:40,18.74,100,
10:35:45,18.73,100,
10:35:45,18.73,1000,
10:35:45,18.73,600,
10:35:45,18.73,300,
10:35:45,18.73,200,
10:35:45,18.73,100,
10:35:45,18.73,1600,
10:35:47,18.73,100,
10:35:47,18.73,100,
10:35:50,18.738,1300,
10:35:55,18.74,100,
10:35:55,18.74,700,
10:35:55,18.74,400,
10:35:55,18.74,600,
10:35:55,18.74,100,
10:35:56,18.73,400,
10:35:56,18.72,200,
10:35:56,18.72,800,
10:35:56,18.73,1000,
10:35:56,18.72,1000,
10:35:56,18.72,100,
10:35:57,18.72,500,
10:35:58,18.72,200,
10:35:59,18.713,200,
10:36:00,18.719,900,
10:36:00,18.719,8100,
10:36:01,18.7186,300,
10:36:01,18.7186,100,
10:36:01,18.72,100,
10:36:01,18.72,100,
10:36:02,18.72,100,
10:36:04,18.71,210,
10:36:04,18.71,100,
10:36:04,18.71,200,
10:36:04,18.71,500,
10:36:05,18.71,300,
10:36:05,18.7001,200,
10:36:05,18.7001,100,
10:36:05,18.70,800,
10:36:06,18.7043,200,
10:36:07,18.70,100,
10:36:08,18.70,400,
10:36:08,18.70,100,
10:36:10,18.70,500,
10:36:12,18.709,200,
10:36:12,18.709,100,
10:36:12,18.72,100,
10:36:13,18.72,1300,
10:36:14,18.72,200,
10:36:14,18.7199,1000,
10:36:14,18.72,400,
10:36:14,18.72,400,
10:36:14,18.7199,400,
10:36:14,18.72,100,
10:36:14,18.7199,300,
10:36:14,18.72,1000,
10:36:14,18.7199,100,
10:36:14,18.72,400,
10:36:14,18.7199,100,
10:36:14,18.71,700,
10:36:14,18.71,300,
10:36:14,18.71,400,
10:36:14,18.71,200,
10:36:15,18.716,200,
10:36:19,18.705,500,
10:36:21,18.71,300,
10:36:21,18.70,600,
10:36:21,18.70,300,
10:36:21,18.70,200,
10:36:21,18.70,100,
10:36:21,18.7099,1000,
10:36:21,18.71,4000,
10:36:23,18.71,100,
10:36:28,18.71,300,
10:36:28,18.70,100,
10:36:28,18.70,100,
10:36:28,18.71,200,
10:36:28,18.70,400,
10:36:28,18.71,300,
10:36:28,18.71,1500,
10:36:29,18.71,400,
10:36:29,18.71,100,
10:36:29,18.71,100,
10:36:30,18.708,200,
10:36:30,18.708,100,
10:36:32,18.70,100,
10:36:32,18.70,100,
10:36:32,18.70,300,
10:36:32,18.70,299,
10:36:32,18.70,150,
10:36:32,18.6907,1057,
10:36:32,18.69,600,
10:36:32,18.69,200,
10:36:32,18.69,300,
10:36:32,18.69,200,
10:36:32,18.69,200,
10:36:32,18.69,143,
10:36:32,18.69,700,
10:36:32,18.69,3100,
10:36:33,18.69,2000,
10:36:35,18.69,1100,
10:36:35,18.69,405,
10:36:37,18.6801,1000,
10:36:37,18.69,1300,
10:36:39,18.681,490,
10:36:39,18.681,510,
10:36:41,18.69,500,
10:36:41,18.6899,500,
10:36:41,18.69,700,
10:36:41,18.69,800,
10:36:41,18.6899,600,
10:36:41,18.6899,100,
10:36:41,18.6899,800,
10:36:41,18.69,100,
10:36:42,18.69,100,
10:36:42,18.69,200,
10:36:42,18.685,200,
10:36:42,18.685,200,
10:36:42,18.69,200,
10:36:42,18.6825,2000,
10:36:44,18.697,200,
10:36:45,18.69,600,
10:36:45,18.69,100,
10:36:45,18.69,900,
10:36:45,18.69,400,
10:36:47,18.69,300,
10:36:49,18.6888,2000,
10:36:49,18.68,200,
10:36:49,18.68,600,
10:36:49,18.68,200,
10:36:50,18.68,1900,
10:36:50,18.6701,100,
10:36:50,18.67,500,
10:36:50,18.67,300,
10:36:50,18.67,200,
10:36:50,18.67,100,
10:36:50,18.67,500,
10:36:50,18.67,500,
10:36:50,18.67,500,
10:36:50,18.67,600,
10:36:51,18.6792,100,
10:36:51,18.6792,100,
10:36:51,18.68,100,
10:36:51,18.68,1450,
10:36:51,18.679,200,
10:36:52,18.679,100,
10:36:53,18.68,300,
10:36:53,18.678,150,
10:36:54,18.6701,200,
10:36:54,18.679,200,
10:36:55,18.68,200,
10:36:55,18.68,200,
10:36:55,18.68,200,
10:36:55,18.68,300,
10:36:57,18.69,2800,
10:36:58,18.683,500,
10:36:58,18.68,400,
10:36:58,18.68,600,
10:37:01,18.6899,1100,
10:37:01,18.68,500,
10:37:02,18.6786,100,
10:37:02,18.68,100,
10:37:02,18.6786,100,
10:37:04,18.68,100,
10:37:04,18.68,400,
10:37:05,18.685,500,
10:37:06,18.688,200,
10:37:08,18.68,1100,
10:37:09,18.68,100,
10:37:09,18.681,2500,
10:37:13,18.677,500,
10:37:15,18.67,4200,
10:37:15,18.6774,900,
10:37:15,18.679,1000,
10:37:19,18.68,800,
10:37:22,18.681,100,
10:37:25,18.69,100,
10:37:28,18.687,800,
10:37:30,18.6834,600,
10:37:30,18.6834,100,
10:37:31,18.69,200,
10:37:31,18.6899,200,
10:37:31,18.6899,200,
10:37:31,18.69,200,
10:37:31,18.6899,200,
10:37:31,18.6899,329,
10:37:32,18.6815,100,
10:37:36,18.689,100,
10:37:39,18.68,100,
10:37:44,18.69,100,
10:37:45,18.67,800,
10:37:45,18.68,100,
10:37:45,18.68,3000,
10:37:46,18.67,200,
10:37:47,18.68,300,
10:37:48,18.68,100,
10:37:48,18.68,100,
10:37:48,18.674,200,
10:37:49,18.67,400,
10:37:50,18.67,200,
10:37:50,18.67,100,
10:37:51,18.677,1800,
10:37:54,18.6686,200,
10:37:54,18.6686,100,
10:37:54,18.6686,100,
10:37:54,18.6686,300,
10:37:54,18.67,200,
10:37:54,18.67,400,
10:37:54,18.67,100,
10:37:54,18.66,100,
10:37:55,18.6657,100,
10:37:55,18.669,300,
10:37:55,18.66,200,
10:37:55,18.66,600,
10:37:56,18.66,500,
10:37:57,18.65,800,
10:37:57,18.65,300,
10:37:57,18.66,100,
10:37:57,18.66,200,
10:37:57,18.65,100,
10:37:57,18.65,100,
10:37:57,18.65,900,
10:37:57,18.65,500,
10:37:57,18.65,100,
10:37:57,18.65,250,
10:37:57,18.65,200,
10:37:57,18.65,200,
10:37:57,18.65,200,
10:37:57,18.65,100,
10:37:57,18.65,200,
10:37:57,18.65,200,
10:37:57,18.65,400,
10:37:57,18.65,400,
10:37:57,18.66,100,
10:37:57,18.67,300,
10:37:57,18.66,300,
10:37:57,18.65,1750,
10:37:57,18.6501,1750,
10:37:58,18.65,800,
10:37:58,18.65,2000,
10:37:58,18.64,700,
10:37:58,18.64,100,
10:37:58,18.64,100,
10:37:58,18.6427,600,
10:37:58,18.6401,3000,
10:37:58,18.65,600,
10:37:58,18.65,300,
10:37:58,18.65,100,
10:37:58,18.66,100,
10:37:59,18.65,100,
10:37:59,18.65,100,
10:37:59,18.65,300,
10:37:59,18.65,300,
10:37:59,18.65,600,
10:37:59,18.65,100,
10:38:01,18.6586,100,
10:38:01,18.6586,100,
10:38:01,18.659,100,
10:38:01,18.66,100,
10:38:01,18.6515,100,
10:38:02,18.65,100,
10:38:02,18.65,100,
10:38:05,18.65,300,
10:38:06,18.6407,125,
10:38:07,18.656,100,
10:38:07,18.652,1600,
10:38:10,18.65,3500,
10:38:14,18.65,300,
10:38:14,18.66,100,
10:38:14,18.66,225,
10:38:14,18.66,225,
10:38:15,18.66,100,
10:38:16,18.6593,430,
10:38:18,18.6553,250,
10:38:21,18.6599,200,
10:38:21,18.6599,200,
10:38:21,18.6599,100,
10:38:21,18.6599,100,
10:38:21,18.66,500,
10:38:21,18.66,800,
10:38:21,18.66,200,
10:38:21,18.66,100,
10:38:21,18.66,100,
10:38:27,18.658,615,
10:38:28,18.658,375,
10:38:28,18.66,100,
10:38:28,18.66,100,
10:38:28,18.658,100,
10:38:28,18.66,375,
10:38:31,18.65,300,
10:38:31,18.65,300,
10:38:31,18.64,100,
10:38:31,18.64,300,
10:38:31,18.64,200,
10:38:31,18.64,100,
10:38:32,18.66,600,
10:38:32,18.66,100,
10:38:32,18.66,200,
10:38:33,18.6601,3000,
10:38:33,18.65,100,
10:38:35,18.66,400,
10:38:35,18.66,200,
10:38:35,18.6699,800,
10:38:35,18.66,400,
10:38:36,18.66,200,
10:38:37,18.658,1300,
10:38:38,18.6599,600,
10:38:38,18.6599,600,
10:38:39,18.67,1500,
10:38:39,18.6699,1500,
10:38:39,18.67,600,
10:38:39,18.6699,1000,
10:38:39,18.6699,600,
10:38:39,18.67,100,
10:38:39,18.67,100,
10:38:39,18.67,100,
10:38:39,18.6699,100,
10:38:39,18.67,100,
10:38:39,18.6699,100,
10:38:39,18.659,100,
10:38:40,18.665,200,
10:38:41,18.6671,700,
10:38:43,18.6671,1700,
10:38:44,18.66,100,
10:38:44,18.66,300,
10:38:44,18.656,215,
10:38:45,18.668,300,
10:38:46,18.6571,500,
10:38:47,18.65,4100,
10:38:47,18.64,200,
10:38:47,18.64,300,
10:38:47,18.64,500,
10:38:47,18.64,300,
10:38:48,18.64,155,
10:38:50,18.6499,1800,
10:38:50,18.65,200,
10:38:50,18.65,600,
10:38:50,18.65,100,
10:38:51,18.6571,750,
10:38:51,18.65,1100,
10:38:51,18.64,1000,
10:38:51,18.64,165,
10:38:51,18.64,400,
10:38:51,18.64,270,
10:38:51,18.64,200,
10:38:51,18.64,100,
10:38:52,18.6471,1200,
10:38:52,18.65,154,
10:38:52,18.65,100,
10:38:52,18.65,200,
10:38:52,18.6499,500,
10:38:53,18.6499,100,
10:38:53,18.65,100,
10:38:54,18.6485,100,
10:38:54,18.6495,500,
10:38:56,18.65,100,
10:38:58,18.65,100,
10:39:02,18.65,2000,
10:39:03,18.64,300,
10:39:03,18.64,700,
10:39:03,18.64,2000,
10:39:03,18.64,400,
10:39:03,18.64,100,
10:39:03,18.64,200,
10:39:03,18.64,200,
10:39:03,18.63,100,
10:39:03,18.63,200,
10:39:03,18.63,300,
10:39:03,18.63,100,
10:39:03,18.64,100,
10:39:03,18.64,100,
10:39:03,18.64,100,
10:39:03,18.6354,100,
10:39:03,18.64,500,
10:39:03,18.64,300,
10:39:05,18.6595,1000,
10:39:08,18.66,100,
10:39:08,18.66,100,
10:39:08,18.6565,100,
10:39:08,18.6566,100,
10:39:08,18.66,600,
10:39:08,18.66,200,
10:39:08,18.66,200,
10:39:08,18.66,300,
10:39:08,18.66,700,
10:39:08,18.66,252,
10:39:08,18.66,1600,
10:39:08,18.6599,185,
10:39:08,18.6599,300,
10:39:08,18.6599,200,
10:39:08,18.6599,200,
10:39:08,18.66,200,
10:39:08,18.66,200,
10:39:08,18.66,100,
10:39:08,18.66,100,
10:39:10,18.652,350,
10:39:12,18.6565,100,
10:39:12,18.659,200,
10:39:13,18.657,500,
10:39:16,18.652,300,
10:39:17,18.66,100,
10:39:18,18.66,400,
10:39:22,18.66,100,
10:39:22,18.66,1100,
10:39:22,18.66,100,
10:39:22,18.6624,100,
10:39:22,18.6624,1600,
10:39:22,18.668,500,
10:39:24,18.668,700,
10:39:24,18.669,800,
10:39:26,18.6599,100,
10:39:26,18.66,300,
10:39:26,18.66,300,
10:39:26,18.66,1000,
10:39:26,18.6599,800,
10:39:26,18.6599,300,
10:39:26,18.6599,300,
10:39:28,18.65,300,
10:39:30,18.651,2000,
10:39:30,18.65,500,
10:39:30,18.65,11900,
10:39:32,18.67,100,
10:39:32,18.6699,100,
10:39:32,18.66,100,
10:39:33,18.6599,1000,
10:39:35,18.6586,100,
10:39:35,18.66,100,
10:39:37,18.658,1000,
10:39:37,18.65,1000,
10:39:37,18.65,100,
10:39:38,18.655,500,
10:39:38,18.66,500,
10:39:38,18.655,3000,
10:39:38,18.66,600,
10:39:39,18.65,100,
10:39:39,18.65,1100,
10:39:39,18.65,100,
10:39:39,18.65,500,
10:39:39,18.66,500,
10:39:39,18.66,2200,
10:39:40,18.65,200,
10:39:45,18.65,500,
10:39:45,18.66,1000,
10:39:47,18.6486,100,
10:39:47,18.6486,100,
10:39:47,18.65,200,
10:39:47,18.6486,200,
10:39:47,18.6486,200,
10:39:47,18.6486,100,
10:39:47,18.65,100,
10:39:49,18.64,300,
10:39:49,18.63,100,
10:39:49,18.63,300,
10:39:49,18.63,300,
10:39:49,18.63,100,
10:39:49,18.64,200,
10:39:50,18.64,400,
10:39:55,18.6399,500,
10:40:00,18.63,800,
10:40:01,18.62,100,
10:40:03,18.6299,1000,
10:40:05,18.63,200,
10:40:05,18.63,2000,
10:40:05,18.63,100,
10:40:05,18.63,1700,
10:40:08,18.63,300,
10:40:08,18.63,300,
10:40:09,18.6399,800,
10:40:09,18.6399,200,
10:40:09,18.64,1500,
10:40:09,18.64,800,
10:40:09,18.64,200,
10:40:10,18.64,1000,
10:40:11,18.64,100,
10:40:11,18.639,300,
10:40:12,18.637,370,
10:40:13,18.64,1300,
10:40:14,18.64,100,
10:40:16,18.64,100,
10:40:16,18.6386,100,
10:40:22,18.65,800,
10:40:22,18.649,900,
10:40:23,18.64,400,
10:40:24,18.6301,3000,
10:40:28,18.65,100,
10:40:29,18.649,100,
10:40:32,18.64,100,
10:40:32,18.64,100,
10:40:33,18.6499,700,
10:40:33,18.65,400,
10:40:33,18.65,400,
10:40:33,18.65,700,
10:40:33,18.65,600,
10:40:33,18.6499,700,
10:40:33,18.6499,100,
10:40:33,18.6499,400,
10:40:33,18.65,400,
10:40:33,18.65,100,
10:40:33,18.6499,100,
10:40:33,18.65,500,
10:40:33,18.65,100,
10:40:33,18.65,100,
10:40:35,18.65,300,
10:40:35,18.65,100,
10:40:35,18.65,300,
10:40:35,18.65,100,
10:40:36,18.66,100,
10:40:36,18.66,100,
10:40:36,18.66,100,
10:40:37,18.659,100,
10:40:38,18.66,700,
10:40:38,18.66,200,
10:40:39,18.66,100,
10:40:45,18.67,100,
10:40:46,18.6699,100,
10:40:46,18.6699,300,
10:40:46,18.6699,100,
10:40:46,18.67,300,
10:40:46,18.67,100,
10:40:47,18.67,300,
10:40:48,18.66,100,
10:40:48,18.66,400,
10:40:48,18.66,100,
10:40:49,18.661,700,
10:40:49,18.66,300,
10:40:55,18.6525,2000,
10:40:58,18.656,140,
10:40:58,18.66,100,
10:40:58,18.65,300,
10:40:58,18.65,300,
10:40:58,18.65,300,
10:40:58,18.65,300,
10:40:58,18.65,100,
10:41:02,18.65,300,
10:41:03,18.66,100,
10:41:03,18.66,900,
10:41:03,18.66,700,
10:41:03,18.66,1400,
10:41:03,18.66,1200,
10:41:03,18.6599,1200,
10:41:03,18.6599,900,
10:41:03,18.66,100,
10:41:03,18.66,200,
10:41:03,18.66,300,
10:41:03,18.6599,300,
10:41:03,18.66,100,
10:41:03,18.6599,100,
10:41:03,18.6599,100,
10:41:07,18.65,300,
10:41:09,18.65,500,
10:41:09,18.65,400,
10:41:10,18.6595,1200,
10:41:12,18.657,200,
10:41:16,18.659,1000,
10:41:16,18.657,600,
10:41:17,18.658,100,
10:41:17,18.66,100,
10:41:17,18.658,300,
10:41:17,18.658,100,
10:41:17,18.66,100,
10:41:17,18.66,100,
10:41:19,18.66,1000,
10:41:19,18.66,100,
10:41:19,18.66,100,
10:41:19,18.66,300,
10:41:21,18.66,100,
10:41:21,18.66,300,
10:41:21,18.66,300,
10:41:21,18.66,100,
10:41:21,18.66,200,
10:41:24,18.6579,200,
10:41:24,18.6579,600,
10:41:24,18.659,1300,
10:41:25,18.65,300,
10:41:25,18.65,200,
10:41:28,18.66,1000,
10:41:28,18.66,500,
10:41:28,18.66,100,
10:41:29,18.659,200,
10:41:30,18.659,425,
10:41:31,18.66,1500,
10:41:32,18.6599,2000,
10:41:35,18.665,100,
10:41:37,18.67,143,
10:41:40,18.67,200,
10:41:40,18.67,300,
10:41:43,18.67,400,
10:41:48,18.66,400,
10:41:51,18.65,300,
10:41:51,18.65,200,
10:41:51,18.65,100,
10:41:51,18.658,100,
10:41:51,18.66,100,
10:41:52,18.659,200,
10:41:54,18.66,200,
10:41:54,18.65,100,
10:41:54,18.65,100,
10:41:54,18.65,100,
10:41:55,18.6595,1000,
10:41:57,18.6529,900,
10:42:01,18.66,400,
10:42:01,18.66,300,
10:42:01,18.66,100,
10:42:03,18.65,500,
10:42:08,18.66,400,
10:42:10,18.67,100,
10:42:10,18.668,100,
10:42:10,18.668,200,
10:42:10,18.67,200,
10:42:10,18.668,200,
10:42:10,18.67,100,
10:42:10,18.668,100,
10:42:11,18.6699,100,
10:42:11,18.668,100,
10:42:11,18.67,200,
10:42:12,18.669,300,
10:42:13,18.669,1000,
10:42:13,18.669,200,
10:42:13,18.669,200,
10:42:13,18.669,180,
10:42:15,18.667,430,
10:42:16,18.6693,300,
10:42:18,18.67,100,
10:42:18,18.67,3000,
10:42:18,18.675,100,
10:42:18,18.675,100,
10:42:18,18.675,100,
10:42:19,18.68,4700,
10:42:20,18.679,100,
10:42:21,18.68,200,
10:42:21,18.68,100,
10:42:25,18.678,1200,
10:42:28,18.6799,100,
10:42:28,18.68,100,
10:42:30,18.6772,100,
10:42:30,18.679,200,
10:42:31,18.679,100,
10:42:32,18.6799,400,
10:42:32,18.68,100,
10:42:33,18.6799,790,
10:42:34,18.67,224,
10:42:36,18.6772,300,
10:42:36,18.679,400,
10:42:38,18.68,100,
10:42:38,18.675,100,
10:42:38,18.68,100,
10:42:40,18.69,160,
10:42:40,18.69,500,
10:42:40,18.69,300,
10:42:41,18.69,1300,
10:42:41,18.69,600,
10:42:41,18.69,100,
10:42:43,18.69,500,
10:42:43,18.69,400,
10:42:43,18.69,1000,
10:42:43,18.69,200,
10:42:43,18.699,100,
10:42:43,18.70,400,
10:42:43,18.699,400,
10:42:44,18.69,200,
10:42:44,18.69,174,
10:42:44,18.69,100,
10:42:44,18.69,200,
10:42:44,18.69,100,
10:42:44,18.69,100,
10:42:44,18.69,400,
10:42:44,18.69,100,
10:42:44,18.69,200,
10:42:44,18.69,700,
10:42:44,18.69,300,
10:42:44,18.69,100,
10:42:44,18.69,300,
10:42:44,18.69,3000,
10:42:44,18.69,174,
10:42:44,18.69,1000,
10:42:46,18.70,600,
10:42:47,18.69,274,
10:42:47,18.69,226,
10:42:47,18.69,300,
10:42:47,18.69,326,
10:42:51,18.6801,300,
10:42:51,18.6801,100,
10:42:51,18.68,100,
10:42:52,18.69,340,
10:42:52,18.689,500,
10:42:52,18.689,500,
10:42:53,18.68,200,
10:42:56,18.69,300,
10:42:57,18.69,300,
10:42:57,18.69,200,
10:42:57,18.69,100,
10:42:57,18.69,1000,
10:42:57,18.69,1100,
10:42:58,18.705,100,
10:42:58,18.705,100,
10:42:58,18.689,300,
10:42:58,18.71,200,
10:42:58,18.7099,100,
10:42:58,18.71,100,
10:42:58,18.707,500,
10:43:00,18.71,200,
10:43:00,18.71,598,
10:43:00,18.71,1900,
10:43:00,18.71,600,
10:43:01,18.70,238,
10:43:01,18.70,400,
10:43:02,18.7099,1250,
10:43:06,18.71,1200,
10:43:07,18.708,100,
10:43:07,18.71,100,
10:43:07,18.7001,1000,
10:43:07,18.7001,100,
10:43:07,18.70,100,
10:43:07,18.70,100,
10:43:07,18.70,100,
10:43:08,18.7001,100,
10:43:08,18.70,1000,
10:43:08,18.70,100,
10:43:08,18.70,600,
10:43:08,18.70,100,
10:43:11,18.71,200,
10:43:12,18.717,200,
10:43:14,18.72,1000,
10:43:14,18.72,200,
10:43:14,18.72,100,
10:43:14,18.72,1200,
10:43:14,18.7199,200,
10:43:14,18.7199,200,
10:43:14,18.7199,1200,
10:43:14,18.7199,200,
10:43:14,18.72,800,
10:43:14,18.72,200,
10:43:14,18.7199,100,
10:43:14,18.72,100,
10:43:14,18.72,100,
10:43:14,18.72,100,
10:43:14,18.72,100,
10:43:14,18.7199,100,
10:43:14,18.72,500,
10:43:14,18.7199,100,
10:43:14,18.7199,100,
10:43:14,18.718,100,
10:43:14,18.72,100,
10:43:15,18.7199,200,
10:43:16,18.7201,500,
10:43:17,18.7215,100,
10:43:18,18.72,600,
10:43:18,18.72,500,
10:43:18,18.72,1100,
10:43:18,18.72,300,
10:43:18,18.72,1500,
10:43:19,18.72,10000,
10:43:20,18.73,200,
10:43:20,18.7255,200,
10:43:20,18.729,300,
10:43:20,18.72,100,
10:43:20,18.72,200,
10:43:22,18.72,250,
10:43:23,18.72,100,
10:43:23,18.7199,100,
10:43:23,18.72,100,
10:43:23,18.7199,100,
10:43:23,18.72,100,
10:43:25,18.71,300,
10:43:25,18.71,1600,
10:43:25,18.71,100,
10:43:25,18.71,200,
10:43:25,18.71,200,
10:43:25,18.7199,100,
10:43:25,18.718,200,
10:43:25,18.718,100,
10:43:25,18.718,200,
10:43:25,18.72,200,
10:43:25,18.72,400,
10:43:25,18.72,200,
10:43:26,18.72,200,
10:43:27,18.717,300,
10:43:27,18.72,300,
10:43:27,18.72,100,
10:43:30,18.71,100,
10:43:30,18.71,100,
10:43:30,18.71,100,
10:43:31,18.70,400,
10:43:31,18.70,100,
10:43:31,18.702,400,
10:43:31,18.702,100,
10:43:31,18.71,200,
10:43:33,18.71,100,
10:43:33,18.708,100,
10:43:33,18.71,100,
10:43:33,18.708,100,
10:43:33,18.71,100,
10:43:40,18.71,4900,
10:43:42,18.70,850,
10:43:42,18.70,450,
10:43:42,18.69,300,
10:43:42,18.69,300,
10:43:42,18.69,300,
10:43:42,18.69,100,
10:43:42,18.69,200,
10:43:42,18.69,100,
10:43:45,18.69,200,
10:43:45,18.69,390,
10:43:45,18.69,200,
10:43:46,18.69,200,
10:43:46,18.69,3300,
10:43:47,18.69,1400,
10:43:47,18.69,200,
10:43:47,18.6999,100,
10:43:47,18.6986,100,
10:43:47,18.6986,100,
10:43:47,18.70,100,
10:43:47,18.70,100,
10:43:47,18.70,100,
10:43:48,18.6999,300,
10:43:48,18.6999,100,
10:43:48,18.70,100,
10:43:48,18.70,100,
10:43:49,18.69,1000,
10:43:50,18.6971,600,
10:43:51,18.70,1000,
10:43:51,18.70,1000,
10:43:51,18.70,200,
10:43:51,18.70,300,
10:43:51,18.70,300,
10:43:51,18.70,100,
10:43:51,18.70,300,
10:43:51,18.70,800,
10:43:51,18.70,200,
10:43:51,18.69,100,
10:43:51,18.69,100,
10:43:51,18.69,100,
10:43:51,18.69,100,
10:43:51,18.69,100,
10:43:51,18.69,100,
10:43:52,18.698,200,
10:43:54,18.69,300,
10:43:54,18.69,200,
10:43:54,18.69,154,
10:43:54,18.69,1000,
10:43:55,18.69,500,
10:43:56,18.689,100,
10:43:56,18.68,100,
10:43:56,18.6814,100,
10:43:56,18.6814,100,
10:44:00,18.688,200,
10:44:00,18.688,100,
10:44:00,18.69,100,
10:44:00,18.69,100,
10:44:03,18.69,800,
10:44:07,18.70,300,
10:44:07,18.70,400,
10:44:07,18.6999,100,
10:44:07,18.70,100,
10:44:07,18.70,100,
10:44:07,18.6999,100,
10:44:07,18.699,300,
10:44:13,18.698,300,
10:44:13,18.698,100,
10:44:14,18.70,100,
10:44:15,18.70,100,
10:44:15,18.70,100,
10:44:15,18.6999,100,
10:44:15,18.70,800,
10:44:19,18.6933,100,
10:44:24,18.70,100,
10:44:24,18.6986,500,
10:44:24,18.6986,100,
10:44:24,18.70,500,
10:44:24,18.70,100,
10:44:25,18.6999,2200,
10:44:26,18.70,3000,
