09:30:00,16.55,1085,
09:30:00,16.54,330,
09:30:00,16.54,3020,
09:30:00,16.54,200,
09:30:02,16.54,402,
09:30:04,16.56,1700,
09:30:04,16.56,5000,
09:30:04,16.56,8300,
09:30:04,16.56,300,
09:30:04,16.56,11600,
09:30:04,16.56,700,
09:30:04,16.56,800,
09:30:04,16.56,700,
09:30:04,16.56,3650,
09:30:07,16.58,200,
09:30:08,16.56,600,
09:30:08,16.58,400,
09:30:11,16.56,804,
09:30:19,16.5685,6300,
09:30:22,16.57,170,
09:30:23,16.53,200,
09:30:23,16.559,300,
09:30:25,16.559,200,
09:30:26,16.57,200,
09:30:28,16.5325,2000,
09:30:32,16.528,1000,
09:30:33,16.5299,470,
09:30:38,16.5201,1700,
09:30:40,16.5201,1200,
09:30:40,16.52,500,
09:30:41,16.51,340,
09:30:43,16.5095,400,
09:30:44,16.5393,600,
09:30:44,16.52,8500,
09:30:45,16.51,500,
09:30:47,16.5299,500,
09:30:50,16.52,19600,
09:30:52,16.502,1000,
09:30:53,16.505,1000,
09:30:54,16.519,200,
09:30:55,16.5187,400,
09:30:55,16.519,300,
09:30:55,16.52,500,
09:30:56,16.53,800,
09:30:56,16.53,300,
09:30:56,16.53,500,
09:30:56,16.529,600,
09:30:56,16.529,600,
09:30:56,16.53,1300,
09:30:56,16.53,600,
09:31:02,16.5399,2100,
09:31:05,16.538,600,
09:31:06,16.55,600,
09:31:09,16.55,100,
09:31:10,16.549,900,
09:31:11,16.549,700,
09:31:12,16.5499,1000,
09:31:13,16.5499,400,
09:31:15,16.549,600,
09:31:15,16.549,600,
09:31:20,16.56,600,
09:31:21,16.56,4000,
09:31:23,16.5601,800,
09:31:25,16.56,600,
09:31:26,16.5675,1100,
09:31:26,16.565,900,
09:31:32,16.5699,3000,
09:31:34,16.57,300,
09:31:37,16.5799,500,
09:31:43,16.5501,800,
09:31:44,16.56,500,
09:31:44,16.55,300,
09:31:44,16.5599,345,
09:31:49,16.55,100,
09:31:50,16.549,1700,
09:31:51,16.5499,500,
09:31:52,16.55,358,
09:31:53,16.558,400,
09:31:53,16.56,100,
09:31:53,16.555,1000,
09:31:53,16.555,200,
09:31:53,16.555,300,
09:31:58,16.5511,1000,
09:31:59,16.56,500,
09:32:00,16.5501,3000,
09:32:00,16.558,760,
09:32:04,16.5501,3900,
09:32:06,16.5513,700,
09:32:06,16.559,400,
09:32:07,16.5595,1300,
09:32:10,16.56,299,
09:32:10,16.57,949,
09:32:11,16.5799,4000,
09:32:15,16.5799,400,
09:32:15,16.5799,7000,
09:32:16,16.58,200,
09:32:16,16.58,200,
09:32:16,16.58,600,
09:32:16,16.59,100,
09:32:17,16.59,1100,
09:32:17,16.59,200,
09:32:17,16.59,100,
09:32:17,16.60,1000,
09:32:17,16.60,3750,
09:32:18,16.59,100,
09:32:18,16.59,100,
09:32:18,16.59,254,
09:32:19,16.5899,250,
09:32:20,16.5801,400,
09:32:22,16.60,8000,
09:32:23,16.585,350,
09:32:23,16.5801,100,
09:32:25,16.5899,600,
09:32:29,16.5899,2000,
09:32:35,16.60,500,
09:32:35,16.588,200,
09:32:39,16.589,200,
09:32:47,16.59,254,
09:32:48,16.5978,1000,
09:32:51,16.598,500,
09:32:52,16.61,1000,
09:32:52,16.62,1651,
09:32:52,16.62,100,
09:32:52,16.62,200,
09:32:52,16.62,200,
09:32:53,16.62,800,
09:32:53,16.6199,275,
09:32:53,16.619,200,
09:32:55,16.6101,2000,
09:32:55,16.62,3000,
09:32:55,16.62,100,
09:32:55,16.62,100,
09:32:55,16.62,100,
09:32:55,16.619,100,
09:32:55,16.6185,3350,
09:32:55,16.62,100,
09:32:56,16.623,400,
09:32:56,16.619,400,
09:32:57,16.619,5000,
09:32:57,16.62,100,
09:32:57,16.62,100,
09:32:57,16.62,100,
09:32:57,16.62,100,
09:32:58,16.62,500,
09:32:58,16.63,8500,
09:32:58,16.629,300,
09:32:58,16.6218,5000,
09:32:59,16.63,100,
09:32:59,16.629,200,
09:32:59,16.63,200,
09:33:00,16.6299,2000,
09:33:01,16.62,254,
09:33:01,16.62,246,
09:33:03,16.62,1000,
09:33:03,16.62,300,
09:33:04,16.63,200,
09:33:05,16.619,1000,
09:33:05,16.629,100,
09:33:06,16.6287,1700,
09:33:07,16.63,100,
09:33:07,16.628,200,
09:33:08,16.63,500,
09:33:09,16.628,1000,
09:33:10,16.63,500,
09:33:11,16.6201,2000,
09:33:12,16.6275,1000,
09:33:12,16.629,200,
09:33:12,16.63,200,
09:33:18,16.629,400,
09:33:18,16.6201,1000,
09:33:20,16.6275,100,
09:33:20,16.63,100,
09:33:23,16.63,100,
09:33:26,16.64,10000,
09:33:28,16.629,800,
09:33:29,16.63,500,
09:33:32,16.629,500,
09:33:32,16.639,400,
09:33:33,16.64,300,
09:33:33,16.6399,300,
09:33:33,16.6399,400,
09:33:33,16.64,100,
09:33:33,16.64,400,
09:33:33,16.63,500,
09:33:33,16.63,800,
09:33:33,16.63,254,
09:33:33,16.62,100,
09:33:33,16.62,300,
09:33:33,16.62,1100,
09:33:34,16.629,200,
09:33:34,16.64,351,
09:33:35,16.621,1000,
09:33:36,16.6301,2000,
09:33:37,16.639,100,
09:33:38,16.63,100,
09:33:38,16.62,400,
09:33:38,16.62,549,
09:33:38,16.62,4500,
09:33:40,16.6299,400,
09:33:40,16.63,251,
09:33:40,16.64,1601,
09:33:42,16.6395,100,
09:33:44,16.639,1300,
09:33:45,16.639,700,
09:33:46,16.639,1000,
09:33:47,16.63,600,
09:33:49,16.64,100,
09:33:49,16.64,200,
09:33:49,16.64,100,
09:33:49,16.64,100,
09:33:50,16.6395,375,
09:33:51,16.639,200,
09:33:54,16.6301,297,
09:33:54,16.65,500,
09:33:54,16.649,1400,
09:33:54,16.65,400,
09:33:55,16.65,100,
09:33:55,16.67,100,
09:33:55,16.68,254,
09:33:56,16.69,200,
09:33:56,16.68,100,
09:33:56,16.68,200,
09:33:56,16.68,1398,
09:33:56,16.68,300,
09:33:56,16.65,500,
09:33:56,16.68,1925,
09:33:57,16.6899,1807,
09:33:58,16.68,100,
09:33:59,16.6823,1000,
09:34:01,16.70,800,
09:34:01,16.70,100,
09:34:01,16.70,750,
09:34:01,16.6999,6200,
09:34:02,16.6901,100,
09:34:03,16.6801,500,
09:34:03,16.6801,400,
09:34:03,16.6899,700,
09:34:04,16.679,100,
09:34:04,16.679,100,
09:34:05,16.6713,500,
09:34:05,16.68,100,
09:34:07,16.6799,100,
09:34:08,16.69,7417,
09:34:09,16.689,700,
09:34:09,16.6899,300,
09:34:10,16.6801,200,
09:34:12,16.6859,4000,
09:34:13,16.6899,200,
09:34:18,16.669,700,
09:34:20,16.672,500,
09:34:20,16.658,100,
09:34:21,16.65,100,
09:34:21,16.651,300,
09:34:21,16.659,100,
09:34:23,16.6515,5600,
09:34:23,16.654,480,
09:34:26,16.64,18600,
09:34:27,16.652,500,
09:34:29,16.6601,1000,
09:34:31,16.672,500,
09:34:31,16.68,100,
09:34:33,16.6713,1700,
09:34:39,16.688,350,
09:34:44,16.679,2000,
09:34:46,16.688,1000,
09:34:47,16.6899,100,
09:34:47,16.6899,1000,
09:34:47,16.6899,600,
09:34:47,16.70,1100,
09:34:47,16.69,100,
09:34:48,16.68,800,
09:34:51,16.6815,6000,
09:34:51,16.689,200,
09:34:51,16.68,151,
09:34:53,16.681,1675,
09:34:56,16.687,256,
09:34:59,16.689,200,
09:35:00,16.68,2100,
09:35:00,16.68,600,
09:35:01,16.698,1000,
09:35:02,16.70,300,
09:35:03,16.69,254,
09:35:03,16.6905,600,
09:35:04,16.69,300,
09:35:05,16.689,1469,
09:35:05,16.6885,3400,
09:35:08,16.6899,2000,
09:35:09,16.69,800,
09:35:09,16.6899,1000,
09:35:09,16.6899,5000,
09:35:11,16.69,100,
09:35:11,16.689,400,
09:35:12,16.68,100,
09:35:13,16.681,150,
09:35:17,16.68,1300,
09:35:17,16.689,3600,
09:35:20,16.679,100,
09:35:22,16.671,2800,
09:35:26,16.663,250,
09:35:29,16.6713,600,
09:35:31,16.6601,900,
09:35:32,16.67,100,
09:35:34,16.6703,1000,
09:35:35,16.67,100,
09:35:35,16.6799,100,
09:35:35,16.67,100,
09:35:47,16.653,200,
09:35:49,16.6612,1000,
09:35:49,16.66,677,
09:35:51,16.6699,200,
09:35:52,16.65,700,
09:35:52,16.65,300,
09:35:52,16.65,400,
09:35:53,16.65,300,
09:35:54,16.6505,500,
09:35:56,16.669,200,
09:35:56,16.67,200,
09:35:58,16.6694,1000,
09:36:03,16.661,100,
09:36:04,16.67,100,
09:36:04,16.67,599,
09:36:08,16.68,200,
09:36:10,16.6813,2800,
09:36:11,16.6813,1200,
09:36:12,16.69,144,
09:36:14,16.6987,1500,
09:36:15,16.6915,5000,
09:36:21,16.6905,400,
09:36:21,16.70,200,
09:36:21,16.6965,800,
09:36:22,16.6998,1000,
09:36:22,16.69,140,
09:36:23,16.691,2000,
09:36:26,16.69,251,
09:36:28,16.69,100,
09:36:28,16.69,100,
09:36:29,16.67,100,
09:36:33,16.663,200,
09:36:33,16.67,700,
09:36:33,16.67,700,
09:36:37,16.68,300,
09:36:45,16.6799,1500,
09:36:48,16.6613,5800,
09:36:54,16.65,222,
09:36:54,16.65,200,
09:36:57,16.63,410,
09:36:57,16.62,2700,
09:36:58,16.63,100,
09:36:59,16.63,500,
09:36:59,16.62,500,
09:37:00,16.621,500,
09:37:00,16.62,100,
09:37:00,16.62,800,
09:37:00,16.62,151,
09:37:00,16.62,800,
09:37:00,16.62,600,
09:37:00,16.62,100,
09:37:00,16.62,100,
09:37:00,16.62,100,
09:37:00,16.62,100,
09:37:00,16.62,100,
09:37:02,16.611,1200,
09:37:06,16.6411,300,
09:37:09,16.66,100,
09:37:09,16.66,200,
09:37:09,16.66,200,
09:37:10,16.64,100,
09:37:13,16.6424,200,
09:37:18,16.652,1200,
09:37:22,16.6505,193,
09:37:23,16.6543,200,
09:37:27,16.6499,4900,
09:37:29,16.65,700,
09:37:29,16.63,600,
09:37:29,16.63,400,
09:37:29,16.63,500,
09:37:33,16.63,600,
09:37:33,16.62,250,
09:37:37,16.6101,3000,
09:37:41,16.622,500,
09:37:44,16.6199,600,
09:37:44,16.60,100,
09:37:44,16.60,4100,
09:37:46,16.6199,100,
09:37:48,16.62,200,
09:37:51,16.613,200,
09:37:56,16.612,1000,
09:37:59,16.607,100,
09:38:02,16.61,500,
09:38:02,16.61,1000,
09:38:02,16.61,500,
09:38:03,16.6195,1000,
09:38:09,16.61,600,
09:38:09,16.6087,100,
09:38:15,16.62,100,
09:38:17,16.62,16700,
09:38:18,16.63,900,
09:38:20,16.621,1000,
09:38:28,16.6499,500,
09:38:30,16.65,199,
09:38:35,16.6511,100,
09:38:35,16.6599,300,
09:38:39,16.66,2200,
09:38:41,16.6501,1500,
09:38:44,16.6699,500,
09:38:45,16.6699,3000,
09:38:45,16.67,200,
09:38:46,16.669,200,
09:38:47,16.67,100,
09:38:48,16.669,2000,
09:38:51,16.68,400,
09:38:53,16.68,100,
09:38:54,16.68,200,
09:38:57,16.65,100,
09:38:59,16.657,100,
09:39:04,16.65,200,
09:39:04,16.65,2300,
09:39:04,16.65,1500,
09:39:04,16.6589,200,
09:39:06,16.66,3005,
09:39:06,16.65,1100,
09:39:08,16.65,100,
09:39:08,16.649,1000,
09:39:13,16.65,1000,
09:39:13,16.65,1900,
09:39:14,16.649,400,
09:39:15,16.647,100,
09:39:17,16.64,500,
09:39:18,16.638,300,
09:39:28,16.6335,500,
09:39:33,16.6389,1600,
09:39:34,16.64,500,
09:39:36,16.65,470,
09:39:48,16.65,100,
09:39:48,16.65,200,
09:39:48,16.65,300,
09:39:49,16.6593,180,
09:39:49,16.66,200,
09:39:49,16.66,100,
09:39:51,16.67,15000,
09:39:54,16.669,500,
09:39:59,16.67,200,
09:40:00,16.66,100,
09:40:00,16.66,800,
09:40:00,16.66,100,
09:40:00,16.66,100,
09:40:01,16.67,100,
09:40:01,16.67,900,
09:40:01,16.67,100,
09:40:01,16.67,600,
09:40:01,16.67,2249,
09:40:01,16.67,300,
09:40:01,16.67,500,
09:40:01,16.67,2800,
09:40:01,16.67,100,
09:40:01,16.68,500,
09:40:01,16.68,600,
09:40:02,16.67,100,
09:40:06,16.682,1000,
09:40:06,16.68,2000,
09:40:09,16.68,500,
09:40:09,16.678,1500,
09:40:09,16.66,100,
09:40:16,16.67,100,
09:40:19,16.6487,8000,
09:40:21,16.65,400,
09:40:30,16.65,380,
09:40:33,16.641,1000,
09:40:39,16.6475,2000,
09:40:39,16.648,500,
09:40:43,16.65,100,
09:40:43,16.65,1000,
09:40:43,16.65,1100,
09:40:43,16.65,500,
09:40:43,16.65,1300,
09:40:43,16.65,100,
09:40:44,16.65,200,
09:40:44,16.65,800,
09:40:44,16.66,100,
09:40:44,16.651,2000,
09:40:57,16.6593,680,
09:40:59,16.65,200,
09:41:01,16.65,100,
09:41:13,16.65,100,
09:41:13,16.65,200,
09:41:14,16.65,100,
09:41:15,16.657,300,
09:41:17,16.65,100,
09:41:18,16.64,100,
09:41:25,16.6305,100,
09:41:28,16.64,200,
09:41:30,16.633,200,
09:41:32,16.6301,900,
09:41:34,16.65,100,
09:41:36,16.64,100,
09:41:41,16.6399,1000,
09:41:47,16.64,100,
09:41:51,16.63,1351,
09:41:51,16.63,200,
09:41:51,16.63,249,
09:41:51,16.62,100,
09:41:51,16.6201,100,
09:41:51,16.63,100,
09:41:51,16.62,300,
09:41:54,16.62,200,
09:41:54,16.629,1100,
09:41:54,16.61,200,
09:41:54,16.60,100,
09:41:54,16.61,100,
09:41:54,16.61,100,
09:41:54,16.61,100,
09:41:54,16.61,100,
09:41:54,16.59,150,
09:41:54,16.61,10000,
09:41:55,16.59,300,
09:41:55,16.59,100,
09:41:55,16.59,100,
09:41:55,16.59,100,
09:41:55,16.58,200,
09:41:55,16.58,200,
09:41:55,16.58,300,
09:41:55,16.59,400,
09:41:55,16.58,100,
09:41:56,16.582,500,
09:41:56,16.58,100,
09:41:57,16.581,100,
09:41:57,16.581,100,
09:41:58,16.58,254,
09:41:58,16.58,1000,
09:41:58,16.58,100,
09:41:58,16.58,200,
09:42:00,16.5789,1500,
09:42:01,16.57,500,
09:42:02,16.57,100,
09:42:02,16.56,1500,
09:42:07,16.59,400,
09:42:07,16.58,100,
09:42:12,16.5702,500,
09:42:13,16.58,100,
09:42:14,16.57,100,
09:42:14,16.5701,1200,
09:42:15,16.56,1000,
09:42:16,16.56,100,
09:42:16,16.5601,100,
09:42:16,16.57,100,
09:42:16,16.56,300,
09:42:17,16.55,254,
09:42:17,16.5501,100,
09:42:21,16.56,100,
09:42:27,16.571,800,
09:42:30,16.5605,400,
09:42:30,16.561,3000,
09:42:31,16.561,100,
09:42:33,16.56,2000,
09:42:35,16.551,200,
09:42:40,16.55,300,
09:42:40,16.552,100,
09:42:40,16.55,100,
09:42:40,16.5554,100,
09:42:42,16.55,200,
09:42:42,16.55,100,
09:42:46,16.55,100,
09:42:47,16.55,1000,
09:42:48,16.55,149,
09:42:48,16.55,149,
09:42:48,16.55,1500,
09:42:48,16.55,951,
09:42:48,16.55,400,
09:42:48,16.55,251,
09:42:48,16.55,100,
09:42:48,16.55,251,
09:42:48,16.55,300,
09:42:48,16.55,300,
09:42:48,16.5501,200,
09:42:49,16.55,800,
09:42:49,16.5501,1100,
09:42:50,16.55,149,
09:42:50,16.55,300,
09:42:50,16.55,300,
09:42:50,16.55,300,
09:42:50,16.55,300,
09:42:50,16.5457,300,
09:42:50,16.54,452,
09:42:51,16.531,300,
09:42:52,16.53,149,
09:42:52,16.53,300,
09:42:52,16.5301,350,
09:42:55,16.5301,100,
09:42:55,16.5301,200,
09:42:57,16.53,100,
09:43:00,16.5366,200,
09:43:00,16.537,100,
09:43:00,16.5399,500,
09:43:02,16.54,600,
09:43:02,16.54,238,
09:43:02,16.54,600,
09:43:02,16.54,500,
09:43:02,16.54,337,
09:43:02,16.54,100,
09:43:02,16.54,167,
09:43:02,16.54,167,
09:43:03,16.54,100,
09:43:03,16.54,100,
09:43:03,16.5475,800,
09:43:06,16.54,100,
09:43:06,16.54,100,
09:43:08,16.54,1000,
09:43:08,16.54,300,
09:43:17,16.55,299,
09:43:17,16.55,200,
09:43:17,16.55,101,
09:43:21,16.5401,300,
09:43:22,16.5401,1000,
09:43:27,16.5425,2500,
09:43:27,16.559,1400,
09:43:27,16.549,100,
09:43:34,16.5595,1000,
09:43:50,16.5699,2000,
09:43:51,16.569,300,
09:43:53,16.5595,600,
09:43:56,16.55,500,
09:43:58,16.56,600,
09:44:05,16.558,100,
09:44:08,16.56,500,
09:44:16,16.5501,2000,
09:44:32,16.5699,2000,
09:44:34,16.5599,1000,
09:44:35,16.5501,200,
09:44:35,16.55,100,
09:44:36,16.558,1000,
09:44:38,16.558,500,
09:44:47,16.5775,100,
09:44:47,16.58,100,
09:44:53,16.57,100,
09:44:59,16.57,400,
09:44:59,16.56,300,
09:45:07,16.5695,500,
09:45:12,16.56,200,
09:45:12,16.54,400,
09:45:12,16.54,300,
09:45:12,16.54,400,
09:45:12,16.54,400,
09:45:12,16.54,400,
09:45:13,16.5401,600,
09:45:14,16.5305,1172,
09:45:15,16.53,100,
09:45:15,16.5399,500,
09:45:18,16.533,5000,
09:45:19,16.53,100,
09:45:20,16.53,200,
09:45:22,16.51,500,
09:45:24,16.51,154,
09:45:25,16.50,200,
09:45:26,16.50,640,
09:45:26,16.51,1000,
09:45:27,16.50,1000,
09:45:27,16.501,1000,
09:45:29,16.50,140,
09:45:29,16.502,500,
09:45:30,16.50,160,
09:45:30,16.50,1607,
09:45:30,16.50,200,
09:45:30,16.50,125,
09:45:30,16.50,640,
09:45:33,16.47,100,
09:45:33,16.46,800,
09:45:33,16.46,700,
09:45:33,16.46,100,
09:45:33,16.46,100,
09:45:33,16.46,900,
09:45:33,16.47,100,
09:45:33,16.47,254,
09:45:33,16.47,130,
09:45:33,16.47,170,
09:45:33,16.47,130,
09:45:33,16.48,1200,
09:45:33,16.48,100,
09:45:33,16.49,600,
09:45:33,16.50,300,
09:45:33,16.50,800,
09:45:33,16.50,300,
09:45:33,16.49,200,
09:45:33,16.49,300,
09:45:33,16.49,200,
09:45:33,16.49,200,
09:45:33,16.49,300,
09:45:34,16.47,900,
09:45:34,16.46,100,
09:45:34,16.46,100,
09:45:34,16.48,200,
09:45:34,16.49,200,
09:45:34,16.49,170,
09:45:36,16.4701,1200,
09:45:36,16.47,800,
09:45:36,16.471,2000,
09:45:37,16.481,200,
09:45:38,16.49,200,
09:45:38,16.49,100,
09:45:38,16.49,400,
09:45:38,16.49,400,
09:45:38,16.49,300,
09:45:38,16.4901,800,
09:45:38,16.4901,3600,
09:45:38,16.488,1100,
09:45:40,16.48,1000,
09:45:40,16.48,400,
09:45:49,16.48,500,
09:45:49,16.4801,100,
09:45:50,16.48,100,
09:45:50,16.4801,200,
09:45:50,16.4865,100,
09:45:50,16.4801,100,
09:45:51,16.48,200,
09:45:52,16.47,300,
09:45:55,16.4695,600,
09:45:56,16.4601,100,
09:45:56,16.4625,100,
09:45:57,16.4625,400,
09:45:57,16.4601,500,
09:45:57,16.463,400,
09:45:57,16.4615,1700,
09:45:59,16.46,254,
09:46:01,16.47,100,
09:46:01,16.47,100,
09:46:01,16.47,200,
09:46:01,16.47,4600,
09:46:01,16.47,500,
09:46:01,16.4699,400,
09:46:03,16.461,500,
09:46:04,16.4699,1300,
09:46:05,16.46,100,
09:46:05,16.4601,280,
09:46:05,16.4601,100,
09:46:05,16.46,100,
09:46:06,16.461,1000,
09:46:12,16.47,1500,
09:46:14,16.47,100,
09:46:17,16.47,100,
09:46:20,16.4699,4000,
09:46:21,16.469,500,
09:46:24,16.47,100,
09:46:27,16.478,1500,
09:46:36,16.481,100,
09:46:36,16.47,600,
09:46:36,16.47,1619,
09:46:36,16.47,100,
09:46:36,16.47,800,
09:46:36,16.47,1000,
09:46:36,16.48,600,
09:46:37,16.482,300,
09:46:40,16.479,1100,
09:46:43,16.46,100,
09:46:43,16.461,400,
09:46:43,16.461,300,
09:46:43,16.461,100,
09:46:46,16.461,500,
09:46:48,16.45,300,
09:46:48,16.455,1200,
09:46:48,16.451,1300,
09:46:48,16.45,1000,
09:46:48,16.45,300,
09:46:49,16.459,2384,
09:46:53,16.46,1000,
09:46:54,16.4795,1000,
09:46:57,16.46,4000,
09:47:01,16.46,1650,
09:47:01,16.45,762,
09:47:01,16.45,289,
09:47:02,16.4401,5000,
09:47:02,16.441,1400,
09:47:06,16.459,2384,
09:47:08,16.44,200,
09:47:08,16.44,3000,
09:47:08,16.44,200,
09:47:08,16.44,200,
09:47:08,16.43,317,
09:47:08,16.43,11881,
09:47:08,16.44,200,
09:47:09,16.43,1000,
09:47:10,16.43,200,
09:47:10,16.43,200,
09:47:10,16.43,200,
09:47:10,16.431,1500,
09:47:11,16.42,200,
09:47:11,16.42,700,
09:47:11,16.41,1252,
09:47:11,16.41,199,
09:47:12,16.4199,8000,
09:47:13,16.4175,3000,
09:47:15,16.421,500,
09:47:16,16.42,200,
09:47:16,16.4201,700,
09:47:16,16.42,200,
09:47:17,16.421,200,
09:47:19,16.423,100,
09:47:22,16.43,1500,
09:47:23,16.421,200,
09:47:24,16.421,3300,
09:47:25,16.4201,100,
09:47:25,16.4205,121,
09:47:28,16.421,600,
09:47:28,16.421,600,
09:47:29,16.43,2200,
09:47:29,16.42,100,
09:47:29,16.42,200,
09:47:29,16.42,600,
09:47:30,16.412,850,
09:47:31,16.41,254,
09:47:34,16.417,180,
09:47:38,16.411,300,
09:47:39,16.41,2000,
09:47:39,16.42,300,
09:47:40,16.42,300,
09:47:42,16.41,1500,
09:47:42,16.41,1000,
09:47:43,16.42,100,
09:47:46,16.4101,3000,
09:47:49,16.4201,500,
09:47:55,16.411,500,
09:47:55,16.41,500,
09:47:56,16.41,600,
09:47:56,16.4125,600,
09:47:57,16.41,344,
09:47:57,16.40,200,
09:47:57,16.40,100,
09:47:57,16.40,370,
09:47:57,16.40,200,
09:47:57,16.40,200,
09:47:57,16.40,830,
09:48:00,16.4001,500,
09:48:00,16.40,602,
09:48:03,16.408,1510,
09:48:03,16.41,800,
09:48:05,16.4001,250,
09:48:08,16.4081,1000,
09:48:09,16.4001,2700,
09:48:09,16.41,1500,
09:48:16,16.40,100,
09:48:16,16.4001,175,
09:48:18,16.401,100,
09:48:19,16.4099,2500,
09:48:21,16.41,2200,
09:48:25,16.42,200,
09:48:25,16.42,1388,
09:48:25,16.42,1400,
09:48:25,16.4199,300,
09:48:27,16.42,400,
09:48:27,16.41,9900,
09:48:28,16.4295,600,
09:48:33,16.428,500,
09:48:35,16.43,400,
09:48:39,16.43,100,
09:48:39,16.43,200,
09:48:39,16.43,481,
09:48:39,16.43,400,
09:48:39,16.4101,100,
09:48:39,16.41,100,
09:48:40,16.43,100,
09:48:40,16.43,400,
09:48:40,16.43,100,
09:48:40,16.43,100,
09:48:40,16.41,100,
09:48:40,16.41,100,
09:48:42,16.431,500,
09:48:42,16.431,500,
09:48:45,16.44,600,
09:48:45,16.44,100,
09:48:45,16.45,200,
09:48:45,16.46,300,
09:48:46,16.459,100,
09:48:46,16.45,400,
09:48:46,16.45,300,
09:48:46,16.439,775,
09:48:46,16.46,100,
09:48:46,16.46,700,
09:48:47,16.4587,800,
09:48:47,16.46,100,
09:48:51,16.4587,100,
09:48:55,16.45,100,
09:48:55,16.45,200,
09:48:55,16.45,200,
09:48:58,16.449,1000,
09:49:08,16.4599,500,
09:49:12,16.451,100,
09:49:12,16.445,2000,
09:49:13,16.451,100,
09:49:13,16.452,300,
09:49:13,16.45,100,
09:49:15,16.44,100,
09:49:15,16.44,200,
09:49:15,16.44,100,
09:49:15,16.44,300,
09:49:16,16.44,200,
09:49:16,16.44,250,
09:49:16,16.46,200,
09:49:16,16.46,200,
09:49:16,16.46,200,
09:49:18,16.4515,5500,
09:49:23,16.46,300,
09:49:24,16.459,100,
09:49:25,16.461,100,
09:49:25,16.461,100,
09:49:26,16.4595,500,
09:49:27,16.44,1000,
09:49:27,16.449,100,
09:49:29,16.44,800,
09:49:33,16.4301,5000,
09:49:34,16.439,900,
09:49:39,16.46,500,
09:49:39,16.46,1301,
09:49:39,16.46,149,
09:49:39,16.46,1699,
09:49:39,16.47,200,
09:49:39,16.47,100,
09:49:39,16.48,600,
09:49:39,16.48,300,
09:49:39,16.47,100,
09:49:39,16.46,100,
09:49:39,16.47,100,
09:49:39,16.46,100,
09:49:39,16.48,200,
09:49:39,16.47,200,
09:49:39,16.46,100,
09:49:39,16.46,300,
09:49:39,16.48,100,
09:49:40,16.46,100,
09:49:44,16.4601,200,
09:49:48,16.4787,1500,
09:49:49,16.47,300,
09:49:49,16.47,3000,
09:49:49,16.47,200,
09:49:49,16.47,100,
09:49:50,16.47,900,
09:49:55,16.47,2000,
09:50:02,16.4813,250,
09:50:04,16.487,300,
09:50:05,16.49,254,
09:50:08,16.50,100,
09:50:09,16.4999,200,
09:50:16,16.50,1000,
09:50:16,16.499,1000,
09:50:18,16.47,800,
09:50:19,16.479,2000,
09:50:22,16.4599,200,
09:50:24,16.4501,1000,
09:50:25,16.4501,2000,
09:50:30,16.4305,1000,
09:50:32,16.45,800,
09:50:32,16.45,100,
09:50:38,16.47,100,
09:50:41,16.46,250,
09:50:52,16.431,500,
09:50:55,16.4578,700,
09:50:58,16.442,1000,
09:50:58,16.451,100,
09:50:58,16.4499,400,
09:51:02,16.45,200,
09:51:03,16.452,1000,
09:51:05,16.46,100,
09:51:12,16.4311,1000,
09:51:14,16.46,100,
09:51:15,16.46,550,
09:51:15,16.46,100,
09:51:15,16.46,300,
09:51:19,16.461,476,
09:51:29,16.4515,3000,
09:51:37,16.452,705,
09:51:42,16.475,300,
09:51:49,16.46,300,
09:51:54,16.47,100,
09:51:57,16.4799,600,
09:52:08,16.50,1900,
09:52:08,16.50,100,
09:52:08,16.50,100,
09:52:08,16.50,100,
09:52:08,16.50,100,
09:52:08,16.50,100,
09:52:09,16.50,100,
09:52:09,16.50,100,
09:52:09,16.49,2100,
09:52:10,16.49,1400,
09:52:13,16.49,300,
09:52:15,16.482,500,
09:52:19,16.4895,375,
09:52:22,16.49,500,
09:52:22,16.48,100,
09:52:31,16.4899,4000,
09:52:36,16.49,200,
09:52:37,16.49,700,
09:52:37,16.49,100,
09:52:42,16.51,5000,
09:52:50,16.51,500,
09:52:53,16.52,100,
09:52:53,16.52,254,
09:52:53,16.52,100,
09:52:53,16.52,100,
09:52:54,16.52,100,
09:52:54,16.52,100,
09:52:54,16.52,100,
09:52:54,16.52,100,
09:52:54,16.5015,2000,
09:52:56,16.52,1000,
09:52:56,16.52,100,
09:52:56,16.52,1300,
09:52:57,16.53,300,
09:52:57,16.53,100,
09:52:57,16.53,300,
09:52:57,16.53,100,
09:52:57,16.53,300,
09:52:58,16.53,1000,
09:52:58,16.53,2000,
09:52:58,16.53,1300,
09:53:00,16.53,200,
09:53:06,16.53,254,
09:53:06,16.53,100,
09:53:07,16.538,500,
09:53:09,16.5201,8000,
09:53:14,16.53,100,
09:53:16,16.538,500,
09:53:16,16.522,500,
09:53:18,16.55,900,
09:53:18,16.55,100,
09:53:18,16.55,100,
09:53:18,16.55,100,
09:53:18,16.55,100,
09:53:19,16.54,1100,
09:53:19,16.54,300,
09:53:19,16.54,200,
09:53:20,16.54,100,
09:53:22,16.548,1000,
09:53:25,16.528,1000,
09:53:25,16.53,400,
09:53:28,16.521,4768,
09:53:28,16.53,100,
09:53:28,16.5299,100,
09:53:28,16.5299,100,
09:53:28,16.53,300,
09:53:29,16.53,100,
09:53:29,16.53,100,
09:53:31,16.54,100,
09:53:31,16.5301,2000,
09:53:33,16.54,300,
09:53:33,16.5399,400,
09:53:34,16.539,350,
09:53:42,16.5401,2000,
09:53:48,16.54,100,
09:53:48,16.54,100,
09:53:48,16.54,200,
09:53:50,16.55,400,
09:53:50,16.5499,3200,
09:53:50,16.55,1700,
09:53:50,16.5499,100,
09:53:50,16.55,200,
09:53:58,16.529,600,
09:54:02,16.5287,1000,
09:54:07,16.519,100,
09:54:13,16.50,1600,
09:54:13,16.50,100,
09:54:13,16.49,200,
09:54:13,16.49,200,
09:54:13,16.49,100,
09:54:13,16.49,700,
09:54:20,16.51,100,
09:54:30,16.50,100,
09:54:35,16.51,400,
09:54:35,16.51,100,
09:54:42,16.5399,100,
09:54:44,16.55,100,
09:54:44,16.55,200,
09:54:44,16.55,300,
09:54:44,16.55,300,
09:54:44,16.56,100,
09:54:44,16.55,100,
09:54:57,16.549,2800,
09:54:57,16.549,2800,
09:54:59,16.54,2800,
09:55:01,16.535,900,
09:55:04,16.55,5300,
09:55:05,16.5501,3500,
09:55:13,16.559,200,
09:55:17,16.5595,100,
09:55:19,16.56,3000,
09:55:19,16.56,600,
09:55:20,16.569,2800,
09:55:21,16.5676,100,
09:55:23,16.569,400,
09:55:23,16.569,300,
09:55:23,16.5699,4800,
09:55:24,16.5695,1400,
09:55:25,16.58,600,
09:55:25,16.569,1900,
09:55:25,16.58,500,
09:55:25,16.59,12654,
09:55:28,16.589,1040,
09:55:28,16.589,460,
09:55:28,16.59,1000,
09:55:28,16.60,100,
09:55:28,16.5987,100,
09:55:28,16.59,800,
09:55:31,16.60,100,
09:55:31,16.5999,1000,
09:55:31,16.5999,3000,
09:55:31,16.60,800,
09:55:31,16.60,100,
09:55:31,16.60,100,
09:55:32,16.5955,1000,
09:55:32,16.60,100,
09:55:34,16.5999,3000,
09:55:39,16.5915,2000,
09:55:39,16.5999,1850,
09:55:40,16.5999,700,
09:55:41,16.5999,700,
09:55:42,16.599,500,
09:55:42,16.599,500,
09:55:43,16.599,100,
09:55:44,16.599,300,
09:55:47,16.59,500,
09:55:47,16.59,254,
09:55:49,16.599,1000,
09:55:52,16.60,1000,
09:55:54,16.5995,1000,
09:55:54,16.60,200,
09:55:54,16.5911,100,
09:55:58,16.6099,1000,
09:55:59,16.61,100,
09:56:00,16.6099,100,
09:56:00,16.61,100,
09:56:01,16.602,700,
09:56:02,16.60,1400,
09:56:16,16.6099,850,
09:56:21,16.5938,1100,
09:56:22,16.59,300,
09:56:28,16.599,250,
09:56:28,16.599,500,
09:56:30,16.60,310,
09:56:33,16.6045,500,
09:56:41,16.6099,2000,
09:56:41,16.61,100,
09:56:46,16.6025,2000,
09:56:47,16.61,1800,
09:56:47,16.62,1351,
09:56:47,16.62,1205,
09:56:51,16.628,500,
09:56:53,16.625,500,
09:56:54,16.62,250,
09:56:54,16.62,300,
09:56:59,16.6175,2500,
09:56:59,16.612,600,
09:57:07,16.611,200,
09:57:08,16.602,440,
09:57:14,16.6013,500,
09:57:15,16.5999,200,
09:57:24,16.59,100,
09:57:24,16.581,200,
09:57:32,16.591,1000,
09:57:35,16.5999,100,
09:57:35,16.60,100,
09:57:40,16.61,1000,
09:57:41,16.609,1000,
09:57:41,16.60,100,
09:57:42,16.60,200,
09:57:42,16.597,100,
09:57:42,16.5963,100,
09:57:50,16.5801,1000,
09:57:51,16.5899,600,
09:57:53,16.589,5000,
09:58:01,16.5901,100,
09:58:01,16.59,200,
09:58:16,16.5801,100,
09:58:28,16.589,380,
09:58:43,16.588,500,
09:58:45,16.58,100,
09:58:51,16.5889,200,
09:58:58,16.5801,100,
09:58:58,16.5801,300,
09:58:58,16.58,5000,
09:58:59,16.58,200,
09:58:59,16.56,400,
09:59:00,16.5645,1000,
09:59:01,16.58,1100,
09:59:05,16.59,1000,
09:59:09,16.58,100,
09:59:09,16.582,1000,
09:59:09,16.58,100,
09:59:13,16.583,307,
09:59:23,16.59,100,
09:59:24,16.5901,300,
09:59:24,16.592,1000,
09:59:28,16.591,800,
09:59:32,16.598,170,
09:59:32,16.59,600,
09:59:37,16.59,200,
09:59:37,16.60,100,
09:59:37,16.60,830,
09:59:39,16.59,500,
09:59:42,16.59,800,
09:59:44,16.5975,2000,
09:59:53,16.59,300,
09:59:53,16.59,100,
09:59:53,16.59,300,
09:59:53,16.59,400,
09:59:57,16.59,246,
09:59:58,16.5999,3000,
10:00:02,16.59,300,
10:00:02,16.5999,4000,
10:00:05,16.5814,1500,
10:00:08,16.59,850,
10:00:14,16.5801,5000,
10:00:17,16.61,300,
10:00:20,16.61,11500,
10:00:21,16.62,100,
10:00:21,16.62,100,
10:00:24,16.62,850,
10:00:25,16.6199,4000,
10:00:29,16.613,367,
10:00:29,16.6101,600,
10:00:31,16.628,500,
10:00:32,16.6274,200,
10:00:34,16.628,1000,
10:00:36,16.6299,200,
10:00:40,16.62,1000,
10:00:50,16.619,1000,
10:01:00,16.6001,4000,
10:01:07,16.61,100,
10:01:07,16.6101,100,
10:01:07,16.6101,100,
10:01:09,16.6135,1500,
10:01:21,16.62,350,
10:01:21,16.6299,2120,
10:01:23,16.6299,100,
10:01:23,16.63,200,
10:01:27,16.63,500,
10:01:31,16.6299,2500,
10:01:42,16.62,100,
10:01:44,16.63,327,
10:01:47,16.639,700,
10:01:53,16.639,2400,
10:01:53,16.637,300,
10:02:02,16.6399,2670,
10:02:02,16.625,100,
10:02:04,16.628,200,
10:02:05,16.628,1500,
10:02:06,16.6105,500,
10:02:07,16.62,100,
10:02:08,16.62,2200,
10:02:11,16.63,100,
10:02:11,16.63,500,
10:02:16,16.6399,500,
10:02:22,16.638,500,
10:02:23,16.64,500,
10:02:23,16.64,100,
10:02:28,16.64,300,
10:02:29,16.6399,300,
10:02:29,16.6399,555,
10:02:32,16.63,200,
10:02:32,16.63,300,
10:02:32,16.64,100,
10:02:36,16.64,100,
10:02:37,16.6399,1000,
10:02:37,16.63,100,
10:02:37,16.62,100,
10:02:37,16.62,200,
10:02:37,16.62,500,
10:02:37,16.62,900,
10:02:37,16.61,1000,
10:02:38,16.61,450,
10:02:38,16.61,200,
10:02:38,16.61,200,
10:02:38,16.61,100,
10:02:38,16.61,100,
10:02:38,16.61,100,
10:02:41,16.6099,2000,
10:02:42,16.60,100,
10:02:42,16.60,100,
10:02:42,16.60,3000,
10:02:43,16.60,100,
10:02:45,16.5901,4000,
10:02:46,16.60,200,
10:02:46,16.60,600,
10:02:47,16.60,200,
10:02:49,16.60,400,
10:02:49,16.60,600,
10:02:49,16.60,100,
10:02:49,16.60,100,
10:02:49,16.60,100,
10:02:49,16.61,600,
10:02:49,16.605,1600,
10:02:49,16.605,1400,
10:02:49,16.605,100,
10:02:49,16.60,100,
10:02:51,16.60,100,
10:02:52,16.60,600,
10:02:52,16.60,300,
10:02:52,16.60,109,
10:02:55,16.59,200,
10:02:55,16.59,398,
10:02:55,16.59,200,
10:02:55,16.59,200,
10:02:55,16.59,299,
10:02:55,16.59,100,
10:02:55,16.59,200,
10:02:59,16.58,200,
10:02:59,16.58,300,
10:02:59,16.58,200,
10:02:59,16.58,3000,
10:03:01,16.5813,1700,
10:03:02,16.58,200,
10:03:02,16.58,400,
10:03:02,16.58,100,
10:03:02,16.58,500,
10:03:02,16.58,200,
10:03:02,16.58,100,
10:03:02,16.58,200,
10:03:02,16.57,100,
10:03:02,16.57,200,
10:03:02,16.57,100,
10:03:02,16.58,500,
10:03:03,16.56,100,
10:03:03,16.56,100,
10:03:03,16.56,200,
10:03:03,16.56,400,
10:03:03,16.56,200,
10:03:04,16.5605,800,
10:03:05,16.56,100,
10:03:05,16.5698,800,
10:03:05,16.5613,500,
10:03:08,16.56,200,
10:03:08,16.56,400,
10:03:08,16.56,400,
10:03:08,16.55,300,
10:03:08,16.55,500,
10:03:08,16.55,200,
10:03:08,16.56,200,
10:03:08,16.55,100,
10:03:08,16.55,100,
10:03:08,16.55,1000,
10:03:08,16.55,100,
10:03:08,16.54,300,
10:03:08,16.54,500,
10:03:08,16.55,900,
10:03:08,16.54,900,
10:03:08,16.54,400,
10:03:08,16.53,1300,
10:03:08,16.54,254,
10:03:09,16.5301,6000,
10:03:10,16.54,100,
10:03:10,16.54,700,
10:03:10,16.53,200,
10:03:10,16.53,200,
10:03:10,16.53,200,
10:03:10,16.53,200,
10:03:11,16.52,3000,
10:03:14,16.5245,1000,
10:03:16,16.53,100,
10:03:16,16.53,1000,
10:03:16,16.53,658,
10:03:16,16.53,200,
10:03:16,16.54,200,
10:03:16,16.535,100,
10:03:16,16.54,400,
10:03:16,16.54,400,
10:03:17,16.53,300,
10:03:17,16.532,1000,
10:03:17,16.53,100,
10:03:19,16.53,100,
10:03:20,16.55,400,
10:03:22,16.53,500,
10:03:22,16.53,100,
10:03:24,16.5301,200,
10:03:28,16.53,950,
10:03:29,16.531,399,
10:03:29,16.53,2000,
10:03:31,16.52,100,
10:03:33,16.53,334,
10:03:33,16.54,200,
10:03:33,16.54,200,
10:03:33,16.54,192,
10:03:34,16.5386,500,
10:03:34,16.531,100,
10:03:35,16.532,1000,
10:03:35,16.53,400,
10:03:35,16.522,900,
10:03:40,16.5511,200,
10:03:41,16.55,100,
10:03:41,16.55,100,
10:03:41,16.552,1500,
10:03:42,16.55,668,
10:03:49,16.5405,250,
10:03:56,16.54,500,
10:03:56,16.54,100,
10:03:56,16.548,100,
10:03:59,16.5301,2000,
10:04:07,16.5325,100,
10:04:07,16.5301,100,
10:04:10,16.531,1441,
10:04:10,16.531,1500,
10:04:12,16.538,200,
10:04:18,16.5301,20000,
10:04:26,16.52,25000,
10:04:27,16.52,200,
10:04:27,16.51,1700,
10:04:28,16.52,500,
10:04:28,16.5199,100,
10:04:28,16.51,700,
10:04:28,16.51,100,
10:04:28,16.5101,1100,
10:04:29,16.52,600,
10:04:29,16.52,600,
10:04:29,16.52,500,
10:04:30,16.52,100,
10:04:30,16.52,300,
10:04:33,16.51,100,
10:04:33,16.51,232,
10:04:33,16.51,568,
10:04:33,16.51,100,
10:04:34,16.51,600,
10:04:34,16.50,100,
10:04:36,16.502,1200,
10:04:36,16.50,400,
10:04:36,16.50,300,
10:04:36,16.5001,100,
10:04:37,16.51,600,
10:04:38,16.5005,500,
10:04:40,16.51,500,
10:04:40,16.51,300,
10:04:40,16.51,200,
10:04:41,16.51,158,
10:04:41,16.51,242,
10:04:42,16.51,100,
10:04:42,16.51,150,
10:04:42,16.51,300,
10:04:42,16.51,1200,
10:04:42,16.51,3000,
10:04:42,16.51,950,
10:04:42,16.51,400,
10:04:42,16.51,1200,
10:04:42,16.51,200,
10:04:42,16.51,100,
10:04:42,16.51,700,
10:04:42,16.51,100,
10:04:42,16.51,200,
10:04:42,16.51,500,
10:04:42,16.51,1300,
10:04:42,16.51,1200,
10:04:42,16.51,950,
10:04:42,16.51,1200,
10:04:42,16.51,1200,
10:04:42,16.51,100,
10:04:42,16.51,1100,
10:04:42,16.52,200,
10:04:45,16.51,600,
10:04:45,16.51,600,
10:04:45,16.5101,200,
10:04:45,16.5101,500,
10:04:45,16.5101,600,
10:04:45,16.52,100,
10:04:45,16.51,100,
10:04:46,16.51,100,
10:04:46,16.51,100,
10:04:46,16.52,600,
10:04:49,16.52,500,
10:04:50,16.52,500,
10:04:50,16.5201,500,
10:04:54,16.53,600,
10:04:59,16.53,400,
10:05:01,16.5297,500,
10:05:02,16.53,100,
10:05:02,16.53,200,
10:05:07,16.54,600,
10:05:07,16.5399,2000,
10:05:13,16.53,400,
10:05:16,16.53,200,
10:05:17,16.53,400,
10:05:17,16.53,400,
10:05:17,16.53,100,
10:05:17,16.53,100,
10:05:17,16.53,100,
10:05:18,16.53,100,
10:05:23,16.55,2400,
10:05:25,16.558,500,
10:05:26,16.55,1000,
10:05:29,16.56,100,
10:05:32,16.56,100,
10:05:32,16.56,100,
10:05:32,16.56,100,
10:05:32,16.56,1000,
10:05:32,16.56,100,
10:05:32,16.568,500,
10:05:33,16.5501,2000,
10:05:34,16.56,200,
10:05:36,16.55,100,
10:05:38,16.55,100,
10:05:38,16.55,200,
10:05:38,16.55,100,
10:05:38,16.55,3000,
10:05:38,16.55,100,
10:05:38,16.55,250,
10:05:38,16.55,700,
10:05:40,16.54,100,
10:05:45,16.54,200,
10:05:45,16.54,200,
10:05:46,16.54,200,
10:05:48,16.5401,200,
10:05:48,16.5401,100,
10:05:50,16.53,100,
10:05:50,16.53,400,
10:05:52,16.54,2500,
10:05:54,16.54,100,
10:05:58,16.53,100,
10:05:58,16.53,100,
10:06:00,16.52,100,
10:06:00,16.52,100,
10:06:00,16.52,500,
10:06:06,16.5101,2120,
10:06:18,16.53,100,
10:06:18,16.53,200,
10:06:25,16.52,200,
10:06:25,16.5201,200,
10:06:25,16.5201,600,
10:06:25,16.5201,339,
10:06:26,16.53,300,
10:06:26,16.53,100,
10:06:40,16.54,500,
10:06:40,16.541,700,
10:06:41,16.541,100,
10:06:44,16.539,650,
10:06:54,16.5259,200,
10:06:56,16.529,750,
10:06:57,16.53,300,
10:07:24,16.511,100,
10:07:24,16.511,100,
10:07:24,16.511,100,
10:07:26,16.52,1000,
10:07:29,16.49,254,
10:07:31,16.4801,350,
10:07:33,16.4787,300,
10:07:35,16.471,3500,
10:07:35,16.471,500,
10:07:36,16.471,380,
10:07:39,16.48,200,
10:07:39,16.48,500,
10:07:40,16.47,200,
10:07:40,16.48,2100,
10:07:41,16.4801,100,
10:07:41,16.49,200,
10:07:42,16.4901,300,
10:07:45,16.491,2400,
10:07:47,16.4862,200,
10:07:47,16.49,9900,
10:07:52,16.48,300,
10:07:53,16.471,2000,
10:07:55,16.4789,400,
10:07:57,16.4705,2700,
10:07:57,16.4701,400,
10:08:02,16.4701,2000,
10:08:06,16.4793,100,
10:08:08,16.48,1000,
10:08:15,16.4801,100,
10:08:23,16.4799,200,
10:08:26,16.49,300,
10:08:27,16.4801,4000,
10:08:29,16.50,1000,
10:08:30,16.53,200,
10:08:32,16.53,300,
10:08:36,16.52,700,
10:08:36,16.52,400,
10:08:36,16.52,100,
10:08:38,16.51,100,
10:08:46,16.515,100,
10:08:47,16.52,500,
10:08:47,16.51,400,
10:08:47,16.51,100,
10:08:47,16.51,100,
10:08:47,16.51,400,
10:08:47,16.5101,100,
10:08:47,16.5101,400,
10:08:50,16.52,600,
10:08:51,16.52,600,
10:08:56,16.51,600,
10:09:02,16.5099,100,
10:09:02,16.52,4100,
10:09:05,16.51,200,
10:09:14,16.491,400,
10:09:23,16.48,300,
10:09:23,16.48,500,
10:09:24,16.4799,100,
10:09:38,16.4996,342,
10:09:42,16.49,100,
10:09:45,16.50,1000,
10:10:00,16.5002,2000,
10:10:09,16.51,500,
10:10:14,16.501,900,
10:10:15,16.5005,500,
10:10:30,16.505,100,
10:10:34,16.50,100,
10:10:34,16.505,100,
10:10:42,16.51,900,
10:10:48,16.50,3000,
10:10:52,16.50,3000,
10:10:57,16.5095,300,
10:11:01,16.5075,100,
10:11:01,16.51,100,
10:11:05,16.50,100,
10:11:05,16.50,200,
10:11:10,16.51,200,
10:11:10,16.51,1100,
10:11:15,16.52,100,
10:11:15,16.53,1100,
10:11:15,16.53,300,
10:11:16,16.521,200,
10:11:18,16.521,100,
10:11:24,16.55,500,
10:11:27,16.5599,500,
10:11:28,16.55,3000,
10:11:28,16.55,100,
10:11:28,16.55,254,
10:11:28,16.55,100,
10:11:28,16.55,100,
10:11:28,16.55,200,
10:11:28,16.555,100,
10:11:29,16.55,1000,
10:11:30,16.56,2200,
10:11:39,16.54,100,
10:11:44,16.539,500,
10:12:16,16.5466,1000,
10:12:28,16.5499,3000,
10:12:30,16.55,800,
10:12:34,16.56,100,
10:12:34,16.5625,700,
10:12:34,16.5625,800,
10:12:39,16.569,4100,
10:12:41,16.56,300,
10:12:42,16.5601,600,
10:12:45,16.5599,2000,
10:12:47,16.56,600,
10:12:50,16.5695,250,
10:12:53,16.561,200,
10:12:54,16.56,1400,
10:12:55,16.5699,1000,
10:12:56,16.57,600,
10:13:00,16.569,5000,
10:13:02,16.57,100,
10:13:09,16.56,100,
10:13:09,16.56,100,
10:13:09,16.56,100,
10:13:09,16.565,300,
10:13:19,16.54,1000,
10:13:28,16.545,700,
10:13:28,16.5489,603,
10:13:34,16.5499,100,
10:13:34,16.55,100,
10:13:36,16.55,100,
10:13:36,16.55,100,
10:13:41,16.55,17285,
10:13:42,16.549,5000,
10:13:42,16.548,400,
10:13:42,16.548,700,
10:13:45,16.55,100,
10:13:45,16.55,200,
10:13:55,16.56,400,
10:13:57,16.56,300,
10:13:59,16.56,200,
10:13:59,16.565,200,
10:14:01,16.55,300,
10:14:05,16.56,800,
10:14:05,16.56,200,
10:14:08,16.57,700,
10:14:08,16.58,100,
10:14:10,16.57,100,
10:14:12,16.5695,1000,
10:14:13,16.56,300,
10:14:15,16.54,14870,
10:14:20,16.57,200,
10:14:21,16.5655,500,
10:14:34,16.5699,1000,
10:14:42,16.5795,300,
10:14:46,16.578,1000,
10:14:51,16.579,400,
10:14:51,16.58,600,
10:14:52,16.57,100,
10:14:52,16.57,100,
10:14:52,16.57,100,
10:14:52,16.57,100,
10:14:57,16.567,250,
10:15:01,16.57,100,
10:15:03,16.58,100,
10:15:03,16.58,200,
10:15:03,16.58,100,
10:15:03,16.58,300,
10:15:03,16.58,100,
10:15:06,16.58,300,
10:15:06,16.58,100,
10:15:06,16.585,100,
10:15:08,16.58,600,
10:15:09,16.579,2000,
10:15:14,16.5775,1000,
10:15:14,16.57,100,
10:15:14,16.57,100,
10:15:15,16.575,200,
10:15:24,16.572,600,
10:15:30,16.5789,200,
10:15:33,16.58,100,
10:15:33,16.58,100,
10:15:33,16.58,100,
10:15:33,16.59,100,
10:15:33,16.60,200,
10:15:33,16.60,100,
10:15:33,16.60,1000,
10:15:33,16.60,100,
10:15:33,16.60,100,
10:15:35,16.61,1000,
10:15:35,16.6099,400,
10:15:36,16.6013,2000,
10:15:37,16.61,3800,
10:15:38,16.60,100,
10:15:38,16.60,200,
10:15:38,16.605,200,
10:15:39,16.60,100,
10:15:42,16.60,600,
10:15:50,16.60,100,
10:15:55,16.60,600,
10:15:58,16.59,100,
10:15:58,16.59,200,
10:15:58,16.59,100,
10:15:58,16.59,100,
10:15:58,16.595,100,
10:16:03,16.59,100,
10:16:03,16.59,100,
10:16:08,16.58,1600,
10:16:08,16.58,100,
10:16:08,16.58,1300,
10:16:08,16.59,400,
10:16:08,16.59,100,
10:16:08,16.59,700,
10:16:09,16.5987,1950,
10:16:15,16.59,100,
10:16:15,16.595,100,
10:16:19,16.5999,346,
10:16:22,16.60,100,
10:16:29,16.60,100,
10:16:29,16.60,100,
10:16:29,16.60,100,
10:16:29,16.60,100,
10:16:29,16.605,400,
10:16:30,16.602,1000,
10:16:33,16.60,12000,
10:16:38,16.61,100,
10:16:43,16.608,200,
10:16:47,16.60,100,
10:16:51,16.5986,150,
10:16:57,16.609,500,
10:16:58,16.61,1500,
10:17:05,16.60,100,
10:17:05,16.60,100,
10:17:05,16.60,200,
10:17:05,16.605,100,
10:17:05,16.605,1000,
10:17:12,16.591,300,
10:17:25,16.5901,5000,
10:17:34,16.6095,125,
10:17:35,16.61,500,
10:17:40,16.60,200,
10:17:40,16.60,100,
10:17:44,16.61,1100,
10:17:44,16.60,400,
10:17:44,16.60,200,
10:17:50,16.5995,150,
10:17:52,16.58,200,
10:17:52,16.58,200,
10:17:58,16.5896,1000,
10:18:10,16.57,100,
10:18:10,16.57,100,
10:18:10,16.57,100,
10:18:14,16.56,100,
10:18:14,16.56,600,
10:18:15,16.561,225,
10:18:17,16.5613,4000,
10:18:28,16.57,147,
10:18:28,16.57,100,
10:18:28,16.57,100,
10:18:28,16.57,100,
10:18:28,16.57,100,
10:18:28,16.57,100,
10:18:28,16.57,100,
10:18:28,16.57,200,
10:18:33,16.58,500,
10:18:41,16.57,100,
10:18:42,16.56,100,
10:18:42,16.5601,200,
10:18:42,16.56,1096,
10:18:42,16.565,100,
10:18:46,16.561,1400,
10:18:48,16.5615,5100,
10:18:58,16.5686,180,
10:19:12,16.58,200,
10:19:12,16.581,100,
10:19:12,16.581,100,
10:19:12,16.585,100,
10:19:15,16.581,200,
10:19:15,16.581,200,
10:19:24,16.5785,3200,
10:19:34,16.5701,1950,
10:19:40,16.5715,8500,
10:19:43,16.57,100,
10:19:43,16.57,100,
10:19:43,16.57,100,
10:20:02,16.5699,350,
10:20:08,16.58,100,
10:20:08,16.5799,1000,
10:20:12,16.575,100,
10:20:13,16.561,4300,
10:20:20,16.56,100,
10:20:22,16.55,250,
10:20:22,16.55,150,
10:20:22,16.55,1200,
10:20:23,16.551,1400,
10:20:28,16.5501,300,
10:20:32,16.55,500,
10:20:32,16.5501,700,
10:20:33,16.551,4300,
10:20:33,16.55,300,
10:20:34,16.5499,600,
10:20:44,16.5555,200,
10:20:50,16.551,4300,
10:20:52,16.558,100,
10:20:54,16.55,700,
10:20:57,16.54,100,
10:20:59,16.53,100,
10:21:09,16.535,2400,
10:21:09,16.531,3300,
10:21:10,16.53,100,
10:21:10,16.53,200,
10:21:10,16.53,200,
10:21:10,16.53,400,
10:21:10,16.53,200,
10:21:11,16.53,100,
10:21:28,16.52,100,
10:21:28,16.525,300,
10:21:29,16.52,200,
10:21:33,16.52,1300,
10:21:33,16.52,1139,
10:21:33,16.52,100,
10:21:37,16.52,500,
10:21:37,16.52,300,
10:21:40,16.512,300,
10:21:51,16.53,200,
10:21:56,16.53,300,
10:22:04,16.52,200,
10:22:12,16.529,400,
10:22:23,16.53,100,
10:22:30,16.54,150,
10:22:42,16.53,100,
10:22:44,16.523,200,
10:23:03,16.52,500,
10:23:03,16.52,100,
10:23:04,16.525,400,
10:23:12,16.52,100,
10:23:12,16.52,100,
10:23:15,16.51,200,
10:23:15,16.51,100,
10:23:15,16.51,200,
10:23:15,16.50,100,
10:23:15,16.515,400,
10:23:22,16.50,200,
10:23:23,16.50,800,
10:23:23,16.50,700,
10:23:28,16.50,800,
10:23:29,16.50,500,
10:23:31,16.50,100,
10:23:31,16.50,100,
10:23:33,16.491,600,
10:23:33,16.49,200,
10:23:34,16.49,225,
10:23:37,16.50,100,
10:23:37,16.50,600,
10:23:37,16.50,500,
10:23:37,16.50,600,
10:23:39,16.50,9000,
10:23:43,16.4901,3000,
10:23:52,16.49,100,
10:23:52,16.49,100,
10:23:54,16.48,100,
10:23:54,16.481,300,
10:23:56,16.4801,1000,
10:23:56,16.48,150,
10:23:58,16.489,500,
10:24:01,16.50,500,
10:24:05,16.49,100,
10:24:07,16.488,1000,
10:24:10,16.48,300,
10:24:10,16.48,126,
10:24:10,16.48,274,
10:24:10,16.48,374,
10:24:10,16.48,254,
10:24:14,16.49,100,
10:24:15,16.49,300,
10:24:15,16.49,1046,
10:24:24,16.485,250,
10:24:40,16.50,1000,
10:24:40,16.50,100,
10:24:41,16.4885,1600,
10:25:00,16.49,300,
10:25:00,16.49,100,
10:25:01,16.49,3000,
10:25:02,16.48,200,
10:25:06,16.48,100,
10:25:06,16.48,100,
10:25:07,16.47,600,
10:25:07,16.47,1100,
10:25:07,16.47,1100,
10:25:07,16.47,600,
10:25:07,16.47,200,
10:25:08,16.46,850,
10:25:08,16.461,108,
10:25:08,16.47,600,
10:25:10,16.461,1000,
10:25:10,16.461,4000,
10:25:23,16.4611,1000,
10:25:24,16.46,400,
10:25:25,16.461,300,
10:25:25,16.461,100,
10:25:26,16.47,200,
10:25:40,16.47,200,
10:25:40,16.47,100,
10:25:43,16.4625,200,
10:25:43,16.47,154,
10:25:43,16.471,100,
10:25:43,16.4625,400,
10:25:49,16.478,1000,
10:26:07,16.489,100,
10:26:08,16.49,600,
10:26:17,16.49,300,
10:26:17,16.49,1000,
10:26:19,16.4987,3600,
10:26:22,16.498,1000,
10:26:25,16.49,100,
10:26:25,16.49,600,
10:26:38,16.49,600,
10:26:50,16.49,400,
10:27:07,16.49,100,
10:27:09,16.48,300,
10:27:09,16.48,100,
10:27:09,16.48,100,
10:27:09,16.48,300,
10:27:09,16.48,700,
10:27:13,16.4789,1000,
10:27:14,16.4799,5000,
10:27:27,16.49,500,
10:27:29,16.49,100,
10:27:35,16.48,300,
10:27:40,16.4787,500,
10:27:44,16.48,700,
10:27:52,16.479,200,
10:27:54,16.4799,200,
10:27:54,16.48,100,
10:27:55,16.488,3500,
10:28:08,16.48,1500,
10:28:42,16.495,200,
10:28:53,16.4911,1200,
10:28:55,16.49,100,
10:28:55,16.49,200,
10:28:55,16.49,500,
10:29:05,16.48,1000,
10:29:26,16.49,500,
10:29:27,16.49,400,
10:29:46,16.48,300,
10:29:46,16.48,100,
10:29:49,16.4701,5000,
10:29:55,16.48,200,
10:29:55,16.47,100,
10:29:55,16.47,100,
10:29:55,16.4699,5000,
10:30:01,16.45,500,
10:30:01,16.45,2670,
10:30:02,16.45,800,
10:30:02,16.45,280,
10:30:03,16.4499,4000,
10:30:05,16.42,100,
10:30:06,16.43,254,
10:30:07,16.431,500,
10:30:11,16.44,100,
10:30:20,16.4413,1205,
10:30:31,16.448,500,
10:30:37,16.43,3000,
10:30:37,16.43,300,
10:30:37,16.43,200,
10:30:37,16.431,300,
10:30:38,16.431,2000,
10:30:39,16.429,200,
10:30:40,16.4203,1000,
10:30:41,16.42,100,
10:30:45,16.431,100,
10:30:46,16.432,300,
10:30:48,16.4219,185,
10:31:00,16.44,100,
10:31:05,16.43,1300,
10:31:14,16.43,1699,
10:31:16,16.43,800,
10:31:19,16.43,100,
10:31:33,16.4299,2000,
10:31:37,16.428,200,
10:31:47,16.44,100,
10:31:52,16.45,600,
10:31:53,16.443,100,
10:32:05,16.45,100,
10:32:07,16.44,400,
10:32:09,16.45,1000,
10:32:13,16.4501,400,
10:32:13,16.4599,200,
10:32:22,16.4585,7600,
10:32:45,16.4584,100,
10:32:51,16.4699,5000,
10:32:53,16.45,439,
10:33:11,16.45,300,
10:33:17,16.4501,1450,
10:34:03,16.4599,300,
10:34:14,16.479,100,
10:34:14,16.479,300,
10:34:16,16.4799,850,
10:34:16,16.479,600,
10:34:17,16.48,200,
10:34:20,16.4799,300,
10:34:23,16.48,300,
10:34:23,16.4768,200,
10:34:28,16.48,400,
10:34:28,16.48,300,
10:34:29,16.48,100,
10:34:29,16.48,900,
10:34:29,16.49,100,
10:34:29,16.49,200,
10:34:30,16.488,1000,
10:34:34,16.488,700,
10:34:38,16.50,200,
10:34:40,16.498,1100,
10:34:45,16.50,200,
10:34:46,16.50,100,
10:34:46,16.50,1000,
10:34:47,16.50,500,
10:34:47,16.50,215,
10:34:52,16.49,100,
10:34:53,16.49,450,
10:34:59,16.49,200,
10:34:59,16.49,100,
10:34:59,16.48,100,
10:34:59,16.48,200,
10:35:06,16.49,500,
10:35:10,16.489,700,
10:35:16,16.481,3500,
10:35:17,16.495,600,
10:35:20,16.49,100,
10:35:21,16.49,100,
10:35:21,16.49,200,
10:35:21,16.49,200,
10:35:21,16.49,200,
10:35:21,16.49,200,
10:35:44,16.48,400,
10:35:48,16.4799,500,
10:35:58,16.4876,100,
10:35:59,16.4901,400,
10:36:12,16.4999,400,
10:36:19,16.49,392,
10:36:20,16.498,500,
10:36:25,16.488,500,
10:36:30,16.488,400,
10:36:32,16.49,100,
10:36:32,16.49,400,
10:36:32,16.49,300,
10:36:44,16.48,400,
10:36:44,16.48,400,
10:36:44,16.48,100,
10:36:50,16.47,400,
10:36:52,16.47,400,
10:36:52,16.47,400,
10:36:52,16.47,100,
10:36:58,16.4699,100,
10:37:05,16.47,600,
10:37:10,16.48,500,
10:37:10,16.48,300,
10:37:10,16.48,100,
10:37:20,16.47,2100,
10:37:21,16.46,500,
10:37:33,16.45,5800,
10:37:54,16.4644,1500,
10:37:57,16.462,800,
10:37:58,16.47,800,
10:38:00,16.4762,410,
10:38:12,16.4701,600,
10:38:12,16.4701,800,
10:38:23,16.4785,9000,
10:38:37,16.48,100,
10:38:40,16.4799,445,
10:38:54,16.488,2000,
10:39:11,16.48,100,
10:39:41,16.49,100,
10:39:48,16.51,100,
10:39:48,16.51,2299,
10:39:49,16.519,600,
10:40:03,16.53,2000,
10:40:11,16.537,180,
10:40:14,16.538,100,
10:40:21,16.53,400,
10:40:21,16.53,400,
10:40:21,16.53,100,
10:40:21,16.53,200,
10:40:24,16.529,1200,
10:40:24,16.53,100,
10:40:29,16.5225,4000,
10:40:32,16.52,100,
10:40:34,16.53,800,
10:40:34,16.53,200,
10:40:34,16.53,100,
10:40:34,16.54,4702,
10:40:34,16.53,100,
10:40:34,16.53,200,
10:40:38,16.5285,1300,
10:40:52,16.54,600,
10:40:52,16.54,100,
10:40:56,16.55,300,
10:41:02,16.53,500,
10:41:04,16.52,700,
10:41:04,16.5199,900,
10:41:04,16.5133,200,
10:41:04,16.5114,100,
10:41:05,16.5215,9000,
10:41:09,16.53,10000,
10:41:14,16.529,1000,
10:41:16,16.5413,1000,
10:41:24,16.54,300,
10:41:26,16.5375,2300,
10:41:32,16.55,950,
10:41:38,16.55,400,
10:41:38,16.55,200,
10:41:38,16.54,1000,
10:41:46,16.54,200,
10:41:46,16.54,300,
10:41:53,16.5301,5000,
10:42:08,16.539,1000,
10:42:11,16.538,600,
10:42:18,16.52,700,
10:42:18,16.52,600,
10:42:26,16.512,500,
10:42:31,16.528,500,
10:42:44,16.51,200,
10:43:03,16.51,100,
10:43:03,16.51,100,
10:43:16,16.52,1000,
10:43:25,16.51,1000,
10:43:29,16.5185,9000,
10:43:38,16.523,250,
10:43:56,16.53,1000,
10:43:57,16.5201,1800,
10:44:19,16.5201,2000,
10:44:28,16.528,700,
10:44:33,16.512,300,
10:45:04,16.53,200,
10:45:18,16.5299,100,
10:45:25,16.5287,1000,
10:45:51,16.51,700,
10:45:51,16.51,700,
10:46:06,16.51,300,
10:46:12,16.50,300,
10:46:12,16.50,1100,
10:46:12,16.50,500,
10:46:12,16.50,300,
10:46:12,16.50,600,
10:46:15,16.50,400,
10:46:20,16.50,697,
10:46:20,16.51,197,
10:46:21,16.5099,420,
10:46:35,16.5099,5000,
10:46:41,16.51,100,
10:46:41,16.51,300,
10:46:41,16.51,100,
10:46:41,16.51,300,
10:46:41,16.51,200,
10:46:42,16.51,100,
10:46:46,16.5125,750,
10:46:53,16.5115,9000,
10:46:54,16.52,100,
10:47:03,16.53,116,
10:47:08,16.5299,5000,
10:47:09,16.53,200,
10:47:11,16.53,100,
10:47:11,16.53,100,
10:47:31,16.53,200,
10:47:31,16.53,500,
10:47:32,16.54,100,
10:47:34,16.55,100,
10:47:34,16.55,100,
10:47:34,16.55,400,
10:47:34,16.55,346,
10:47:34,16.55,600,
10:47:34,16.55,300,
10:47:34,16.55,200,
10:47:34,16.55,100,
10:47:34,16.55,2000,
10:47:34,16.55,200,
10:47:34,16.55,800,
10:47:34,16.55,1000,
10:47:34,16.55,200,
10:47:35,16.56,151,
10:47:44,16.5595,200,
10:47:48,16.56,350,
10:47:55,16.56,300,
10:47:55,16.56,600,
10:47:55,16.5501,300,
10:47:58,16.56,100,
10:47:59,16.5695,500,
10:47:59,16.5685,5300,
10:48:00,16.559,100,
10:48:00,16.57,300,
10:48:00,16.559,700,
10:48:03,16.579,500,
10:48:04,16.579,900,
10:48:04,16.58,100,
10:48:07,16.58,1000,
10:48:08,16.59,500,
10:48:11,16.59,28600,
10:48:12,16.59,1750,
10:48:14,16.58,400,
10:48:14,16.58,400,
10:48:22,16.58,100,
10:48:27,16.57,100,
10:48:27,16.5699,100,
10:48:27,16.5699,100,
10:48:27,16.57,100,
10:48:32,16.5501,300,
10:48:45,16.58,700,
10:48:54,16.579,500,
10:48:56,16.5795,151,
10:49:12,16.5785,9000,
10:49:20,16.579,1500,
10:49:26,16.5701,5000,
10:49:42,16.58,900,
10:49:42,16.58,400,
10:49:46,16.5811,400,
10:49:52,16.60,100,
10:49:52,16.61,200,
10:49:52,16.61,1700,
10:49:52,16.59,100,
10:49:52,16.61,254,
10:49:52,16.61,100,
10:49:52,16.61,300,
10:49:52,16.61,100,
10:49:52,16.61,200,
10:49:52,16.61,500,
10:49:52,16.61,100,
10:49:52,16.61,100,
10:49:52,16.61,100,
10:49:53,16.61,100,
10:49:53,16.62,200,
10:49:53,16.62,300,
10:49:53,16.62,1000,
10:49:54,16.62,100,
10:49:54,16.62,600,
10:49:54,16.62,219,
10:49:54,16.61,100,
10:49:54,16.62,100,
10:49:54,16.62,100,
10:49:55,16.62,1600,
10:49:56,16.62,100,
10:50:00,16.6215,9000,
10:50:02,16.63,4500,
10:50:05,16.63,100,
10:50:05,16.63,100,
10:50:05,16.63,100,
10:50:06,16.63,2500,
10:50:06,16.63,135,
10:50:06,16.63,600,
10:50:06,16.63,600,
10:50:06,16.63,900,
10:50:06,16.62,600,
10:50:06,16.62,400,
10:50:06,16.62,300,
10:50:06,16.62,558,
10:50:06,16.62,200,
10:50:06,16.62,200,
10:50:06,16.62,400,
10:50:06,16.62,346,
10:50:06,16.63,500,
10:50:07,16.6199,800,
10:50:07,16.62,400,
10:50:09,16.61,200,
10:50:09,16.61,200,
10:50:09,16.61,600,
10:50:09,16.62,200,
10:50:12,16.609,1250,
10:50:12,16.62,200,
10:50:12,16.62,300,
10:50:12,16.62,300,
10:50:12,16.62,400,
10:50:12,16.62,600,
10:50:17,16.6201,4500,
10:50:17,16.62,200,
10:50:17,16.62,100,
10:50:17,16.62,600,
10:50:17,16.62,200,
10:50:17,16.62,300,
10:50:17,16.62,400,
10:50:17,16.62,100,
10:50:21,16.62,200,
10:50:24,16.63,290,
10:50:27,16.629,3000,
10:50:29,16.6301,500,
10:50:33,16.64,1445,
10:50:34,16.63,300,
10:50:36,16.62,1000,
10:50:36,16.621,500,
10:50:37,16.63,600,
10:50:40,16.6387,100,
10:50:42,16.638,800,
10:50:42,16.64,1000,
10:50:44,16.6301,5000,
10:50:48,16.64,450,
10:50:49,16.6301,4500,
10:50:50,16.63,700,
10:50:53,16.61,100,
10:50:54,16.6195,400,
10:51:01,16.62,200,
10:51:01,16.6185,2000,
10:51:09,16.6289,1300,
10:51:18,16.63,254,
10:51:19,16.63,500,
10:51:19,16.63,400,
10:51:19,16.63,604,
10:51:20,16.6337,1500,
10:51:21,16.6395,500,
10:51:23,16.62,110,
10:51:34,16.6201,500,
10:51:39,16.63,3800,
10:51:39,16.6299,3800,
10:51:49,16.63,254,
10:51:51,16.64,1000,
10:51:53,16.64,6500,
10:51:53,16.64,100,
10:51:55,16.6301,4000,
10:52:02,16.65,253,
10:52:02,16.6499,100,
10:52:03,16.649,200,
10:52:04,16.65,400,
10:52:09,16.641,115,
10:52:12,16.649,800,
10:52:12,16.649,200,
10:52:12,16.65,800,
10:52:12,16.649,1000,
10:52:12,16.65,200,
10:52:15,16.65,189,
10:52:18,16.6465,900,
10:52:24,16.6404,500,
10:52:36,16.65,2400,
10:52:38,16.63,100,
10:52:45,16.639,350,
10:52:59,16.64,200,
10:53:01,16.6489,344,
10:53:10,16.6499,700,
10:53:12,16.647,300,
10:53:20,16.6401,2000,
10:53:24,16.64,106,
10:53:30,16.64,800,
10:53:31,16.64,100,
10:53:33,16.638,500,
10:53:35,16.642,200,
10:53:51,16.639,200,
10:53:55,16.6301,200,
10:54:00,16.6305,400,
10:54:00,16.639,750,
10:54:04,16.6305,1000,
10:54:11,16.6301,1000,
10:54:25,16.6405,1500,
10:54:26,16.64,100,
10:54:26,16.64,710,
10:54:28,16.63,199,
10:54:32,16.6301,3000,
10:54:54,16.631,1000,
10:55:00,16.635,400,
10:55:01,16.63,693,
10:55:03,16.63,5000,
10:55:10,16.621,200,
10:55:10,16.621,200,
10:55:16,16.623,150,
10:55:16,16.62,265,
10:55:20,16.61,100,
10:55:21,16.6185,1000,
10:55:22,16.61,2000,
10:55:31,16.61,100,
10:55:34,16.63,901,
10:55:35,16.6201,1500,
10:55:36,16.63,100,
10:55:36,16.621,1000,
10:55:39,16.63,100,
10:55:40,16.64,200,
10:55:41,16.638,800,
10:55:41,16.64,200,
10:55:41,16.64,800,
10:55:42,16.64,700,
10:55:42,16.64,600,
10:55:42,16.631,2000,
10:55:43,16.64,400,
10:55:44,16.64,100,
10:55:48,16.6315,4600,
10:55:49,16.63,300,
10:55:49,16.63,200,
10:55:49,16.63,100,
10:55:52,16.631,100,
10:55:52,16.631,100,
10:55:56,16.632,1400,
10:56:03,16.64,300,
10:56:06,16.6387,500,
10:56:21,16.6301,1000,
10:56:28,16.631,1600,
10:56:30,16.6213,1000,
10:56:37,16.62,1100,
10:56:37,16.62,600,
10:56:37,16.62,1500,
10:56:37,16.62,1700,
10:56:37,16.62,100,
10:56:37,16.62,1700,
10:56:37,16.6201,9200,
10:56:39,16.61,1000,
10:56:50,16.6195,1000,
10:56:58,16.61,100,
10:57:02,16.6099,200,
10:57:04,16.61,300,
10:57:04,16.61,1450,
10:57:06,16.61,300,
10:57:15,16.611,1000,
10:57:24,16.611,800,
10:57:36,16.611,1700,
10:57:39,16.619,575,
10:57:46,16.62,300,
10:57:48,16.6175,400,
10:57:51,16.62,100,
10:57:52,16.6101,4900,
10:57:59,16.611,100,
10:58:01,16.6162,100,
10:58:02,16.6101,300,
10:58:02,16.61,100,
10:58:14,16.62,100,
10:58:16,16.611,300,
10:58:17,16.6199,2000,
10:58:18,16.615,4000,
10:58:27,16.62,800,
10:58:34,16.629,500,
10:58:41,16.6201,6000,
10:58:48,16.63,2200,
10:59:00,16.63,100,
10:59:06,16.6296,1000,
10:59:08,16.63,300,
10:59:17,16.628,500,
10:59:27,16.63,400,
10:59:34,16.628,1000,
10:59:42,16.63,100,
10:59:43,16.63,136,
10:59:51,16.64,1000,
10:59:52,16.6413,500,
10:59:58,16.6467,2970,
10:59:58,16.65,700,
10:59:58,16.65,300,
10:59:58,16.65,361,
10:59:58,16.65,139,
11:00:03,16.65,200,
11:00:06,16.65,1700,
11:00:07,16.65,184,
11:00:07,16.65,336,
11:00:07,16.65,626,
11:00:09,16.641,100,
11:00:09,16.649,500,
11:00:14,16.66,200,
11:00:14,16.66,100,
11:00:16,16.658,980,
11:00:19,16.658,750,
11:00:23,16.65,100,
11:00:23,16.65,300,
11:00:25,16.659,200,
11:00:37,16.649,500,
11:00:42,16.66,100,
11:00:42,16.66,100,
11:00:42,16.66,300,
11:00:42,16.66,200,
11:00:42,16.66,400,
11:00:42,16.66,100,
11:00:42,16.66,300,
11:00:42,16.66,200,
11:00:42,16.66,100,
11:00:42,16.66,400,
11:00:43,16.67,1604,
11:00:43,16.67,100,
11:00:43,16.67,396,
11:00:43,16.67,100,
11:00:43,16.67,400,
11:00:43,16.67,200,
11:00:43,16.67,104,
11:00:43,16.651,1000,
11:00:45,16.66,200,
11:00:47,16.6687,500,
11:00:48,16.66,300,
11:00:49,16.662,1000,
11:01:00,16.6799,100,
11:01:00,16.68,200,
11:01:02,16.68,254,
11:01:02,16.68,146,
11:01:02,16.68,100,
11:01:05,16.68,600,
11:01:06,16.69,100,
11:01:06,16.69,400,
11:01:06,16.69,500,
11:01:06,16.6715,2000,
11:01:06,16.699,1045,
11:01:06,16.69,200,
11:01:07,16.70,500,
11:01:07,16.70,600,
11:01:07,16.70,600,
11:01:07,16.70,100,
11:01:07,16.70,449,
11:01:07,16.70,100,
11:01:07,16.70,1052,
11:01:07,16.70,600,
11:01:07,16.70,100,
11:01:07,16.70,400,
11:01:07,16.70,600,
11:01:07,16.70,100,
11:01:07,16.70,100,
11:01:07,16.70,200,
11:01:07,16.70,300,
11:01:07,16.70,200,
11:01:07,16.70,500,
11:01:07,16.70,894,
11:01:07,16.70,200,
11:01:07,16.70,300,
11:01:07,16.70,800,
11:01:07,16.70,100,
11:01:07,16.70,200,
11:01:07,16.70,100,
11:01:07,16.70,100,
11:01:07,16.70,300,
11:01:07,16.70,1300,
11:01:07,16.70,400,
11:01:07,16.70,600,
11:01:07,16.70,300,
11:01:07,16.70,100,
11:01:07,16.70,300,
11:01:07,16.70,300,
11:01:07,16.70,2100,
11:01:07,16.70,300,
11:01:07,16.70,300,
11:01:07,16.70,200,
11:01:07,16.70,32100,
11:01:07,16.70,155,
11:01:08,16.70,300,
11:01:08,16.70,200,
11:01:08,16.70,100,
11:01:08,16.70,100,
11:01:08,16.70,254,
11:01:08,16.70,100,
11:01:08,16.70,300,
11:01:08,16.70,100,
11:01:08,16.70,100,
11:01:08,16.70,100,
11:01:08,16.70,300,
11:01:08,16.70,100,
11:01:08,16.70,300,
11:01:08,16.70,300,
11:01:08,16.70,509,
11:01:11,16.70,200,
11:01:12,16.699,100,
11:01:12,16.70,200,
11:01:12,16.699,2000,
11:01:13,16.70,1650,
11:01:19,16.6925,3000,
11:01:19,16.70,500,
11:01:19,16.6987,1150,
11:01:19,16.69,400,
11:01:19,16.69,200,
11:01:19,16.69,200,
11:01:19,16.69,400,
11:01:19,16.69,200,
11:01:19,16.69,100,
11:01:19,16.69,200,
11:01:19,16.69,900,
11:01:20,16.70,200,
11:01:20,16.6915,2100,
11:01:21,16.70,1000,
11:01:21,16.6999,240,
11:01:23,16.6911,1000,
11:01:25,16.6901,100,
11:01:26,16.6911,1000,
11:01:27,16.69,200,
11:01:33,16.689,300,
11:01:33,16.689,400,
11:01:42,16.6901,500,
11:01:43,16.70,250,
11:01:54,16.70,600,
11:01:54,16.6987,400,
11:01:57,16.6999,4000,
11:01:57,16.70,1000,
11:02:08,16.6997,3900,
11:02:10,16.69,300,
11:02:13,16.685,200,
11:02:15,16.6855,100,
11:02:17,16.6813,1200,
11:02:19,16.68,500,
11:02:19,16.689,150,
11:02:28,16.69,1000,
11:02:33,16.68,500,
11:02:33,16.68,500,
11:02:33,16.6801,2000,
11:02:35,16.68,100,
11:02:39,16.6799,4000,
11:02:44,16.6701,3000,
11:02:46,16.68,186,
11:02:46,16.68,200,
11:02:55,16.671,1000,
11:02:59,16.68,100,
11:02:59,16.68,100,
11:03:07,16.67,600,
11:03:07,16.67,400,
11:03:21,16.67,900,
11:03:22,16.679,100,
11:03:25,16.669,100,
11:03:25,16.67,100,
11:03:30,16.669,100,
11:03:30,16.669,100,
11:03:35,16.67,600,
11:03:38,16.6601,400,
11:03:39,16.65,600,
11:03:39,16.6501,800,
11:03:39,16.65,100,
11:03:39,16.6501,100,
11:03:40,16.652,1000,
11:03:43,16.6595,300,
11:03:49,16.65,400,
11:03:58,16.65,100,
11:04:04,16.648,600,
11:04:05,16.6395,250,
11:04:07,16.63,1000,
11:04:09,16.6301,600,
11:04:13,16.63,600,
11:04:18,16.622,500,
11:04:22,16.6101,2000,
11:04:26,16.6201,400,
11:04:26,16.6201,400,
11:04:28,16.621,1500,
11:04:29,16.63,100,
11:04:37,16.6313,1210,
11:04:40,16.64,24000,
11:04:54,16.6295,300,
11:04:56,16.6299,600,
11:05:03,16.6101,2000,
11:05:06,16.60,100,
11:05:06,16.60,858,
11:05:06,16.6099,3000,
11:05:06,16.59,151,
11:05:07,16.59,100,
11:05:09,16.5901,2120,
11:05:13,16.597,400,
11:05:16,16.5901,1000,
11:05:17,16.5901,400,
11:05:23,16.58,100,
11:05:23,16.58,400,
11:05:23,16.58,100,
11:05:23,16.58,100,
11:05:23,16.58,200,
11:05:23,16.58,700,
11:05:23,16.58,400,
11:05:23,16.58,100,
11:05:23,16.58,100,
11:05:23,16.58,400,
11:05:23,16.58,400,
11:05:24,16.57,100,
11:05:25,16.57,600,
11:05:25,16.56,500,
11:05:26,16.57,100,
11:05:28,16.56,6000,
11:05:31,16.58,100,
11:05:33,16.5705,1000,
11:05:35,16.5715,6500,
11:05:35,16.572,300,
11:05:42,16.58,300,
11:05:42,16.58,900,
11:05:42,16.58,600,
11:05:43,16.585,9000,
11:05:44,16.58,2800,
11:05:45,16.5801,1726,
11:05:49,16.59,300,
11:05:49,16.59,300,
11:05:50,16.609,3200,
11:05:50,16.60,200,
11:05:50,16.60,100,
11:05:50,16.60,300,
11:05:51,16.61,200,
11:05:51,16.61,200,
11:05:51,16.61,500,
11:05:51,16.61,300,
11:05:51,16.61,200,
11:05:52,16.61,15300,
11:05:54,16.609,200,
11:06:03,16.59,500,
11:06:03,16.59,400,
11:06:03,16.59,600,
11:06:04,16.58,400,
11:06:04,16.58,100,
11:06:08,16.5877,200,
11:06:11,16.5801,125,
11:06:26,16.599,1700,
11:06:26,16.599,400,
11:06:28,16.599,600,
11:06:28,16.599,800,
11:06:30,16.598,800,
11:06:33,16.5998,700,
11:06:36,16.59,700,
11:06:36,16.59,200,
11:06:36,16.59,200,
11:06:36,16.5938,700,
11:06:37,16.59,200,
11:06:40,16.59,100,
11:06:41,16.60,100,
11:06:41,16.60,2000,
11:06:42,16.61,700,
11:06:43,16.61,400,
11:06:43,16.61,200,
11:06:43,16.61,200,
11:06:44,16.61,200,
11:06:44,16.61,200,
11:06:44,16.61,500,
11:06:44,16.61,150,
11:06:44,16.61,500,
11:06:44,16.61,550,
11:06:46,16.60,200,
11:06:50,16.6087,1000,
11:06:53,16.60,191,
11:06:53,16.60,879,
11:06:53,16.60,570,
11:06:57,16.60,100,
11:06:57,16.60,100,
11:06:57,16.60,200,
11:06:57,16.60,100,
11:06:57,16.60,100,
11:06:57,16.60,100,
11:06:57,16.60,200,
11:06:57,16.60,100,
11:06:57,16.60,400,
11:06:57,16.60,200,
11:06:57,16.60,100,
11:06:57,16.60,100,
11:06:57,16.605,100,
11:06:57,16.60,300,
11:06:57,16.60,800,
11:06:57,16.605,100,
11:06:57,16.605,100,
11:07:03,16.5999,2000,
11:07:13,16.591,5000,
11:07:20,16.5911,200,
11:07:30,16.5999,150,
11:07:31,16.60,1000,
11:07:31,16.60,100,
11:07:31,16.60,100,
11:07:31,16.60,800,
11:07:32,16.6001,3700,
11:07:34,16.60,400,
11:07:34,16.61,400,
11:07:34,16.61,400,
11:07:38,16.6062,1000,
11:07:43,16.59,200,
11:07:45,16.59,400,
11:07:55,16.609,2100,
11:08:02,16.60,100,
11:08:05,16.61,460,
11:08:14,16.61,4000,
11:08:14,16.61,600,
11:08:14,16.61,100,
11:08:14,16.609,2200,
11:08:18,16.6014,1250,
11:08:25,16.6099,850,
11:08:31,16.61,200,
11:08:31,16.61,400,
11:08:31,16.61,400,
11:08:31,16.61,400,
11:08:31,16.605,150,
11:08:36,16.61,200,
11:08:36,16.61,100,
11:08:36,16.61,700,
11:08:37,16.61,4000,
11:08:37,16.609,600,
11:08:47,16.6195,100,
11:08:50,16.61,200,
11:08:50,16.61,400,
11:08:50,16.61,300,
11:08:50,16.61,100,
11:08:50,16.61,100,
11:08:50,16.61,251,
11:08:50,16.61,400,
11:08:50,16.61,300,
11:08:50,16.61,100,
11:08:50,16.61,900,
11:08:50,16.61,100,
11:08:50,16.61,300,
11:08:50,16.61,200,
11:08:50,16.61,500,
11:08:50,16.61,1000,
11:08:50,16.61,300,
11:08:55,16.61,100,
11:09:00,16.61,126,
11:09:00,16.61,100,
11:09:01,16.61,326,
11:09:01,16.61,200,
11:09:03,16.61,100,
11:09:03,16.61,400,
11:09:03,16.61,500,
11:09:04,16.61,300,
11:09:07,16.6101,1000,
11:09:10,16.611,500,
11:09:18,16.61,100,
11:09:28,16.60,100,
11:09:49,16.593,200,
11:09:49,16.59,5000,
11:09:58,16.60,700,
11:09:58,16.60,400,
11:09:59,16.61,145,
11:10:03,16.6101,500,
11:10:19,16.6101,700,
11:10:22,16.63,135,
11:10:22,16.63,100,
11:10:22,16.63,900,
11:10:23,16.62,600,
11:10:24,16.62,10000,
11:10:26,16.62,100,
11:10:26,16.62,200,
11:10:35,16.62,100,
11:10:38,16.629,900,
11:10:40,16.62,700,
11:10:41,16.6285,5000,
11:10:51,16.6113,2000,
11:10:58,16.6075,400,
11:10:58,16.61,800,
11:11:01,16.609,100,
11:11:01,16.609,1200,
11:11:04,16.60,700,
11:11:04,16.60,100,
11:11:05,16.609,300,
11:11:14,16.5986,1200,
11:11:19,16.60,500,
11:11:21,16.61,100,
11:11:42,16.60,100,
11:11:47,16.601,100,
11:12:03,16.602,1000,
11:12:11,16.61,100,
11:12:37,16.619,850,
11:12:52,16.609,300,
11:13:06,16.6001,5000,
11:13:29,16.6199,2700,
11:13:49,16.6315,9000,
11:13:51,16.6366,200,
11:13:58,16.64,100,
11:14:12,16.649,300,
11:14:15,16.6587,1000,
11:14:26,16.639,300,
11:14:34,16.6399,125,
11:14:38,16.65,500,
11:14:42,16.65,300,
11:14:44,16.669,600,
11:14:49,16.67,100,
11:14:51,16.67,100,
11:14:51,16.67,200,
11:14:52,16.67,700,
11:14:52,16.67,100,
11:14:53,16.6715,9000,
11:15:00,16.67,200,
11:15:00,16.67,300,
11:15:10,16.6601,1000,
11:15:19,16.68,100,
11:15:20,16.68,200,
11:15:20,16.6845,600,
11:15:22,16.6804,500,
11:15:23,16.6857,1000,
11:15:23,16.69,400,
11:15:23,16.69,200,
11:15:23,16.69,100,
11:15:23,16.69,246,
11:15:23,16.69,100,
11:15:23,16.69,100,
11:15:30,16.6899,4000,
11:15:38,16.6899,2645,
11:15:44,16.69,1000,
11:15:45,16.68,400,
11:15:45,16.68,700,
11:15:47,16.69,100,
11:15:50,16.6805,400,
11:15:51,16.6823,700,
11:15:56,16.69,2500,
11:15:57,16.68,13121,
11:15:57,16.68,15044,
11:15:59,16.6795,450,
11:16:00,16.68,500,
11:16:00,16.68,100,
11:16:14,16.689,300,
11:16:20,16.66,600,
11:16:21,16.6689,800,
11:16:21,16.67,700,
11:16:25,16.6799,1000,
11:16:31,16.68,1500,
11:16:31,16.6701,3000,
11:16:42,16.6799,6000,
11:16:49,16.668,100,
11:17:03,16.6699,6000,
11:17:30,16.6595,300,
11:17:32,16.65,1000,
11:17:52,16.6599,2000,
11:18:08,16.651,300,
11:18:27,16.65,100,
11:18:41,16.65,500,
11:18:47,16.642,1500,
11:18:50,16.65,100,
11:19:39,16.68,100,
11:19:53,16.68,1000,
11:19:53,16.679,1000,
11:19:59,16.68,1000,
11:19:59,16.68,200,
11:19:59,16.67,500,
11:20:02,16.672,1000,
11:20:05,16.689,400,
11:20:08,16.69,2500,
11:20:08,16.68,100,
11:20:17,16.679,5000,
11:20:20,16.667,400,
11:20:27,16.67,100,
11:20:47,16.68,200,
11:20:47,16.671,1000,
11:20:51,16.6787,300,
11:20:53,16.675,500,
11:20:59,16.69,1201,
11:20:59,16.679,500,
11:21:02,16.679,100,
11:21:11,16.6799,500,
11:21:17,16.669,1000,
11:21:20,16.67,100,
11:21:28,16.6599,140,
11:21:30,16.65,200,
11:21:48,16.651,100,
11:21:56,16.6599,440,
11:22:03,16.65,1500,
11:22:03,16.65,100,
11:22:04,16.65,500,
11:22:05,16.649,101,
11:22:05,16.659,1219,
11:22:06,16.659,489,
11:22:18,16.65,400,
11:22:29,16.66,4100,
11:22:35,16.656,5000,
11:22:45,16.68,300,
11:22:47,16.672,500,
11:23:12,16.68,100,
11:23:14,16.69,100,
11:23:14,16.68,911,
11:23:23,16.679,100,
11:23:24,16.67,5300,
11:23:25,16.68,200,
11:23:26,16.668,250,
11:23:26,16.669,300,
11:23:29,16.67,600,
11:23:37,16.6735,5000,
11:23:44,16.675,400,
11:23:46,16.659,100,
11:23:53,16.659,500,
11:23:57,16.655,400,
11:24:00,16.66,100,
11:24:09,16.66,100,
11:24:11,16.66,100,
11:24:14,16.67,100,
11:24:21,16.669,200,
11:24:32,16.665,1500,
11:24:35,16.66,800,
11:24:35,16.66,200,
11:24:39,16.66,100,
11:24:46,16.66,100,
11:24:52,16.6556,350,
11:24:56,16.6597,1000,
11:25:05,16.6513,500,
11:25:06,16.66,100,
11:25:06,16.66,100,
11:25:06,16.66,3100,
11:25:06,16.66,2800,
11:25:06,16.66,600,
11:25:06,16.66,199,
11:25:06,16.67,500,
11:25:06,16.67,500,
11:25:06,16.67,500,
11:25:06,16.67,900,
11:25:06,16.67,900,
11:25:09,16.6605,200,
11:25:17,16.68,100,
11:25:25,16.69,400,
11:25:26,16.68,450,
11:25:26,16.68,500,
11:25:28,16.685,1000,
11:25:41,16.69,3500,
11:25:46,16.6799,2000,
11:25:59,16.68,700,
11:25:59,16.68,100,
11:26:04,16.68,500,
11:26:07,16.67,200,
11:26:07,16.67,200,
11:26:14,16.66,700,
11:26:14,16.66,500,
11:26:14,16.66,100,
11:26:14,16.66,100,
11:26:14,16.66,1500,
11:26:26,16.67,200,
11:26:27,16.668,450,
11:26:34,16.66,120,
11:26:41,16.66,250,
11:27:00,16.65,700,
11:27:02,16.65,500,
11:27:05,16.65,1962,
11:27:09,16.65,100,
11:27:15,16.65,5900,
11:27:16,16.6587,300,
11:27:41,16.6513,290,
11:27:48,16.659,300,
11:28:19,16.669,200,
11:28:19,16.669,200,
11:28:24,16.6699,2000,
11:28:31,16.665,100,
11:28:35,16.68,1300,
11:28:35,16.67,400,
11:29:00,16.6501,1500,
11:29:04,16.65,100,
11:29:13,16.65,100,
11:29:26,16.6487,1000,
11:29:27,16.65,400,
11:29:45,16.651,300,
11:29:54,16.6599,1900,
11:31:05,16.689,700,
11:31:09,16.68,25000,
11:31:11,16.688,200,
11:31:18,16.6875,2000,
11:31:20,16.70,20000,
11:31:22,16.6911,300,
11:31:22,16.69,100,
11:31:38,16.6987,4000,
11:31:39,16.698,1000,
11:31:44,16.70,100,
11:31:48,16.699,400,
11:31:48,16.70,400,
11:31:48,16.6901,155,
11:31:49,16.70,300,
11:31:50,16.70,100,
11:31:50,16.70,154,
11:31:51,16.70,100,
11:31:54,16.70,100,
11:31:54,16.70,100,
11:31:54,16.70,200,
11:31:54,16.70,100,
11:31:54,16.70,3990,
11:31:54,16.71,200,
11:31:54,16.71,1717,
11:31:57,16.71,9500,
11:32:00,16.709,300,
11:32:01,16.709,3700,
11:32:02,16.71,500,
11:32:05,16.708,1000,
11:32:09,16.71,350,
11:32:17,16.7099,5000,
11:32:27,16.709,100,
11:32:28,16.7085,5000,
11:32:32,16.7099,2000,
11:32:46,16.7015,3000,
11:32:50,16.71,200,
11:32:54,16.70,450,
11:32:56,16.70,100,
11:32:57,16.69,110,
11:32:57,16.707,100,
11:33:06,16.7011,400,
11:33:17,16.7013,2350,
11:33:17,16.70,2776,
11:33:24,16.709,500,
11:33:27,16.69,100,
11:33:27,16.69,600,
11:33:27,16.69,200,
11:33:32,16.70,200,
11:33:32,16.70,200,
11:33:32,16.70,100,
11:33:34,16.691,5200,
11:33:34,16.691,300,
11:33:36,16.69,22300,
11:33:46,16.70,400,
11:33:46,16.70,180,
11:33:48,16.70,800,
11:33:57,16.691,300,
11:34:03,16.699,200,
11:34:03,16.70,400,
11:34:15,16.699,300,
11:34:18,16.6913,1000,
11:34:27,16.699,500,
11:34:35,16.69,300,
11:34:38,16.68,10000,
11:34:43,16.68,1595,
11:35:00,16.69,700,
11:35:00,16.69,200,
11:35:06,16.68,100,
11:35:06,16.6799,1200,
11:35:07,16.671,2800,
11:35:07,16.671,3600,
11:35:09,16.671,1000,
11:35:15,16.68,100,
11:35:15,16.68,700,
11:35:15,16.68,500,
11:35:16,16.68,600,
11:35:16,16.68,345,
11:35:16,16.68,152,
11:35:16,16.68,300,
11:35:16,16.68,148,
11:35:16,16.68,200,
11:35:16,16.6801,400,
11:35:16,16.6801,200,
11:35:16,16.6801,600,
11:35:16,16.6801,300,
11:35:16,16.6801,200,
11:35:16,16.6801,500,
11:35:16,16.6801,300,
11:35:30,16.69,500,
11:35:30,16.69,500,
11:35:31,16.6857,400,
11:35:42,16.69,100,
11:35:46,16.68,3000,
11:35:51,16.6801,700,
11:35:51,16.68,400,
11:35:51,16.68,340,
11:35:51,16.68,200,
11:35:51,16.69,200,
11:35:53,16.671,357,
11:35:57,16.68,200,
11:36:05,16.6835,1000,
11:36:15,16.678,300,
11:36:16,16.66,100,
11:36:23,16.6787,350,
11:36:27,16.671,100,
11:36:35,16.67,100,
11:36:40,16.661,300,
11:36:56,16.65,200,
11:37:02,16.651,200,
11:37:15,16.659,1400,
11:37:15,16.651,900,
11:37:41,16.651,1000,
11:37:44,16.6501,100,
11:38:02,16.6495,1000,
11:38:05,16.6401,1800,
11:38:10,16.6405,1000,
11:38:19,16.65,400,
11:38:20,16.65,100,
11:38:20,16.65,400,
11:38:20,16.65,175,
11:38:25,16.65,100,
11:38:25,16.65,100,
11:38:39,16.66,200,
11:38:42,16.66,100,
11:38:51,16.651,200,
11:38:51,16.651,200,
11:38:54,16.66,100,
11:38:59,16.658,250,
11:39:21,16.6505,200,
11:39:21,16.66,100,
11:39:28,16.66,100,
11:39:37,16.661,300,
11:39:40,16.668,700,
11:40:01,16.6601,2800,
11:40:10,16.666,1000,
11:40:19,16.67,100,
11:40:19,16.6699,400,
11:40:20,16.6713,1000,
11:40:45,16.6799,500,
11:41:10,16.66,100,
11:41:10,16.66,1800,
11:41:10,16.6701,2000,
11:41:10,16.67,100,
11:41:46,16.6501,250,
11:41:47,16.65,100,
11:41:47,16.65,100,
11:41:58,16.6596,8000,
11:42:09,16.6501,200,
11:42:11,16.651,100,
11:42:11,16.66,600,
11:42:19,16.6501,100,
11:42:24,16.64,700,
11:42:25,16.65,100,
11:43:18,16.64,100,
11:43:37,16.649,100,
11:43:48,16.6444,200,
11:43:59,16.651,100,
11:44:04,16.6575,3000,
11:44:19,16.65,1000,
11:44:43,16.651,250,
11:44:49,16.6585,6000,
11:44:53,16.66,400,
11:45:03,16.652,100,
11:45:11,16.66,150,
11:45:38,16.66,100,
11:45:47,16.67,1500,
11:45:54,16.67,100,
11:45:57,16.67,1700,
11:45:57,16.67,1700,
11:45:57,16.67,1600,
11:46:08,16.68,600,
11:46:37,16.6699,1800,
11:46:44,16.66,200,
11:46:44,16.66,300,
11:46:44,16.66,200,
11:46:44,16.66,200,
11:46:44,16.66,100,
11:46:46,16.66,100,
11:46:55,16.652,200,
11:47:02,16.661,900,
11:47:09,16.661,5000,
11:47:11,16.66,100,
11:47:11,16.66,100,
11:47:11,16.66,100,
11:47:11,16.66,300,
11:47:11,16.66,300,
11:47:11,16.66,300,
11:47:11,16.66,600,
11:47:11,16.66,100,
11:47:12,16.66,500,
11:47:17,16.66,300,
11:47:19,16.66,600,
11:47:40,16.657,100,
11:47:52,16.6535,3000,
11:47:57,16.66,300,
11:47:57,16.66,700,
11:48:27,16.65,100,
11:48:39,16.66,100,
11:48:39,16.66,300,
11:49:00,16.67,100,
11:49:11,16.6587,600,
11:49:32,16.67,100,
11:49:32,16.67,100,
11:49:44,16.6675,5000,
11:50:28,16.668,750,
11:50:29,16.66,145,
11:50:37,16.66,150,
11:50:55,16.661,100,
11:50:55,16.66,10931,
11:51:37,16.667,100,
11:51:49,16.669,1500,
11:52:08,16.667,100,
11:52:18,16.67,400,
11:52:18,16.67,100,
11:52:18,16.67,200,
11:52:18,16.67,100,
11:52:18,16.67,500,
11:52:18,16.67,511,
11:52:18,16.67,500,
11:52:18,16.67,100,
11:52:18,16.67,400,
11:52:18,16.67,100,
11:52:18,16.67,100,
11:52:19,16.66,20000,
11:52:22,16.66,400,
11:52:25,16.67,900,
11:52:25,16.68,200,
11:52:29,16.678,500,
11:52:41,16.68,300,
11:52:44,16.68,400,
11:52:44,16.68,600,
11:52:44,16.68,100,
11:52:44,16.68,100,
11:52:44,16.69,200,
11:52:44,16.69,100,
11:52:44,16.69,200,
11:52:57,16.68,600,
11:53:00,16.6795,500,
11:53:10,16.67,200,
11:53:11,16.67,100,
11:53:13,16.67,100,
11:53:25,16.68,34500,
11:53:40,16.676,5000,
11:53:43,16.68,100,
11:53:43,16.69,7382,
11:53:46,16.67,5600,
11:53:49,16.67,500,
11:53:49,16.67,300,
11:54:10,16.6689,1000,
11:54:32,16.669,200,
11:55:05,16.68,4800,
11:55:11,16.687,100,
11:55:38,16.68,100,
11:55:38,16.68,100,
11:55:38,16.68,500,
11:55:38,16.6801,5000,
11:55:38,16.68,600,
11:55:38,16.68,200,
11:55:38,16.68,200,
11:55:43,16.68,5000,
11:55:46,16.681,500,
11:56:23,16.6701,100,
11:56:24,16.67,600,
11:56:24,16.67,100,
11:56:29,16.66,400,
11:56:29,16.66,100,
11:56:32,16.663,400,
11:56:36,16.6699,300,
11:56:59,16.661,500,
11:57:05,16.67,400,
11:57:14,16.67,100,
11:57:37,16.6699,500,
11:57:38,16.66,100,
11:57:38,16.66,100,
11:57:38,16.6611,755,
11:57:38,16.66,155,
11:57:55,16.66,100,
11:58:01,16.65,34700,
11:58:16,16.6495,100,
11:58:19,16.641,700,
11:58:23,16.64,100,
11:58:26,16.63,100,
11:58:26,16.61,100,
11:58:26,16.62,1100,
11:58:26,16.62,400,
11:58:26,16.62,300,
11:58:26,16.62,300,
11:58:26,16.62,600,
11:58:26,16.61,300,
11:58:26,16.62,200,
11:58:26,16.62,400,
11:58:26,16.62,300,
11:58:26,16.62,300,
11:58:26,16.62,100,
11:58:26,16.62,100,
11:58:26,16.63,2600,
11:58:26,16.621,200,
11:58:26,16.62,200,
11:58:26,16.62,500,
11:58:26,16.61,800,
11:58:26,16.61,400,
11:58:26,16.61,400,
11:58:26,16.61,400,
11:58:26,16.611,200,
11:58:27,16.6105,600,
11:58:27,16.62,300,
11:58:27,16.62,400,
11:58:28,16.6211,490,
11:58:29,16.63,100,
11:58:30,16.62,1000,
11:58:31,16.6239,500,
11:58:34,16.64,500,
11:58:47,16.632,1000,
11:58:58,16.642,1000,
11:59:00,16.641,1500,
11:59:02,16.64,4700,
11:59:02,16.6415,3200,
11:59:02,16.64,400,
11:59:02,16.64,100,
11:59:03,16.64,200,
11:59:15,16.641,300,
11:59:18,16.6445,300,
11:59:19,16.6401,2000,
11:59:33,16.63,1326,
11:59:33,16.63,200,
11:59:33,16.63,1350,
11:59:33,16.63,100,
11:59:33,16.62,400,
11:59:33,16.62,1100,
11:59:33,16.62,1100,
11:59:33,16.62,200,
11:59:33,16.62,100,
11:59:33,16.62,100,
11:59:33,16.62,200,
11:59:33,16.62,100,
11:59:33,16.62,174,
11:59:33,16.63,200,
11:59:33,16.63,100,
11:59:33,16.63,100,
11:59:33,16.63,200,
11:59:37,16.61,500,
11:59:37,16.61,1500,
11:59:41,16.61,300,
11:59:48,16.61,100,
11:59:50,16.60,1000,
11:59:54,16.62,100,
12:00:05,16.5901,500,
12:00:06,16.59,400,
12:00:06,16.59,100,
12:00:07,16.60,300,
12:00:07,16.60,800,
12:00:08,16.59,1550,
12:00:08,16.59,100,
12:00:08,16.59,300,
12:00:08,16.59,100,
12:00:13,16.601,550,
12:00:13,16.601,500,
12:00:25,16.591,100,
12:00:39,16.5901,300,
12:01:03,16.6013,300,
12:01:33,16.60,500,
12:01:33,16.60,400,
12:01:38,16.601,100,
12:01:45,16.61,950,
12:01:45,16.611,100,
12:01:57,16.6105,1000,
12:02:01,16.591,200,
12:02:05,16.599,3500,
12:02:11,16.60,100,
12:02:17,16.6011,500,
12:02:25,16.601,2400,
12:02:26,16.601,400,
12:02:26,16.601,1100,
12:02:26,16.601,700,
12:02:33,16.6025,200,
12:02:51,16.60,100,
12:03:50,16.6199,1000,
12:04:16,16.6101,300,
12:04:38,16.6187,500,
12:04:47,16.62,600,
12:04:48,16.62,1000,
12:05:50,16.6005,100,
12:05:58,16.601,1700,
12:06:13,16.6005,500,
12:06:29,16.6099,700,
12:06:56,16.64,700,
12:07:00,16.65,200,
12:07:06,16.6595,200,
12:07:20,16.66,13300,
12:07:28,16.6501,3000,
12:07:35,16.668,500,
12:07:37,16.6701,300,
12:08:08,16.662,500,
12:09:12,16.679,170,
12:09:15,16.68,100,
12:09:15,16.68,100,
12:09:15,16.68,200,
12:09:15,16.68,300,
12:09:15,16.68,100,
12:09:15,16.68,100,
12:09:15,16.68,100,
12:09:15,16.68,100,
12:09:15,16.68,200,
12:09:15,16.68,100,
12:09:15,16.68,100,
12:09:15,16.68,100,
12:09:15,16.68,100,
12:09:15,16.68,100,
12:09:15,16.689,1200,
12:09:23,16.6897,1200,
12:09:23,16.6801,200,
12:09:34,16.68,100,
12:09:36,16.682,500,
12:10:06,16.6887,700,
12:10:26,16.688,500,
12:10:32,16.68,10000,
12:10:42,16.681,3500,
12:10:57,16.69,250,
12:11:19,16.70,700,
12:11:22,16.698,600,
12:11:25,16.698,600,
12:11:25,16.70,1000,
12:11:32,16.70,12000,
12:11:35,16.6979,300,
12:11:38,16.70,100,
12:11:40,16.70,1150,
12:11:42,16.6986,3000,
12:11:45,16.70,1300,
12:11:54,16.6996,120,
12:12:00,16.70,1100,
12:12:00,16.69,100,
12:12:05,16.70,300,
12:12:05,16.70,1700,
12:12:05,16.70,1100,
12:12:05,16.70,394,
12:12:05,16.70,800,
12:12:05,16.70,600,
12:12:05,16.70,300,
12:12:05,16.70,100,
12:12:05,16.70,200,
12:12:14,16.695,300,
12:12:23,16.6899,100,
12:13:03,16.67,1500,
12:13:08,16.6799,125,
12:13:13,16.68,149,
12:13:13,16.68,249,
12:13:18,16.6901,2000,
12:13:23,16.69,100,
12:13:45,16.6815,3000,
12:14:06,16.69,500,
12:14:21,16.6911,1000,
12:14:24,16.70,1000,
12:14:42,16.69,100,
12:14:43,16.70,150,
12:14:46,16.691,1300,
12:14:48,16.70,1000,
12:14:48,16.69,3900,
12:14:53,16.70,500,
12:14:53,16.696,1900,
12:14:58,16.70,100,
12:15:00,16.70,300,
12:15:02,16.698,1000,
12:15:20,16.71,150,
12:15:20,16.708,350,
12:15:22,16.72,200,
12:15:23,16.72,100,
12:15:23,16.7199,200,
12:15:23,16.72,330,
12:15:24,16.73,320,
12:15:24,16.729,400,
12:15:24,16.73,400,
12:15:24,16.73,300,
12:15:24,16.73,400,
12:15:25,16.73,400,
12:15:25,16.73,1000,
12:15:28,16.72,100,
12:15:28,16.72,1650,
12:15:30,16.7201,500,
12:15:35,16.72,2000,
12:15:35,16.72,200,
12:15:35,16.72,599,
12:15:35,16.72,900,
12:15:35,16.72,800,
12:15:35,16.72,800,
12:15:35,16.72,200,
12:15:42,16.72,100,
12:15:42,16.72,200,
12:15:42,16.7199,6700,
12:15:42,16.73,400,
12:15:42,16.73,400,
12:15:42,16.73,400,
12:15:42,16.72,100,
12:15:42,16.72,500,
12:15:46,16.72,200,
12:15:46,16.72,1200,
12:15:46,16.72,800,
12:15:54,16.72,100,
12:15:57,16.72,2000,
12:16:01,16.72,1000,
12:16:01,16.72,500,
12:16:02,16.7201,100,
12:16:05,16.721,400,
12:16:06,16.73,400,
12:16:06,16.73,300,
12:16:06,16.72,500,
12:16:06,16.72,453,
12:16:06,16.7201,500,
12:16:10,16.71,100,
12:16:13,16.72,1300,
12:16:13,16.72,1300,
12:16:13,16.7199,1400,
12:16:27,16.72,167,
12:16:27,16.72,483,
12:16:29,16.72,900,
12:16:37,16.7199,1800,
12:16:43,16.7178,1800,
12:16:47,16.7199,5000,
12:17:04,16.72,150,
12:17:04,16.72,300,
12:17:04,16.72,100,
12:17:04,16.72,1200,
12:17:04,16.72,650,
12:17:04,16.72,100,
12:17:13,16.72,100,
12:17:24,16.72,800,
12:17:24,16.72,400,
12:17:35,16.7111,700,
12:17:38,16.73,3249,
12:17:51,16.72,100,
12:17:51,16.72,600,
12:18:06,16.718,1000,
12:18:19,16.73,400,
12:18:29,16.721,700,
12:19:03,16.721,5000,
12:19:03,16.721,5000,
12:19:03,16.72,200,
12:19:03,16.72,130,
12:19:09,16.711,200,
12:19:09,16.711,500,
12:19:18,16.72,300,
12:19:18,16.72,100,
12:19:18,16.72,300,
12:19:27,16.711,300,
12:19:27,16.721,900,
12:19:27,16.72,100,
12:19:31,16.72,100,
12:19:31,16.7199,150,
12:19:50,16.73,800,
12:19:50,16.73,200,
12:19:50,16.73,200,
12:19:50,16.73,100,
12:19:50,16.73,150,
12:19:51,16.73,500,
12:19:53,16.73,200,
12:19:53,16.73,500,
12:19:55,16.73,3000,
12:19:55,16.73,500,
12:19:59,16.73,300,
12:19:59,16.73,300,
12:20:00,16.7301,3000,
12:20:01,16.74,249,
12:20:01,16.75,500,
12:20:01,16.75,300,
12:20:01,16.75,100,
12:20:03,16.75,1000,
12:20:03,16.75,600,
12:20:03,16.749,1000,
12:20:04,16.7401,3000,
12:20:06,16.749,500,
12:20:07,16.74,400,
12:20:09,16.75,300,
12:20:10,16.75,1187,
12:20:10,16.75,100,
12:20:10,16.75,200,
12:20:10,16.75,500,
12:20:13,16.75,200,
12:20:16,16.76,100,
12:20:16,16.75,300,
12:20:16,16.75,360,
12:20:16,16.75,140,
12:20:16,16.7501,6000,
12:20:18,16.7599,400,
12:20:18,16.77,247,
12:20:18,16.75,3000,
12:20:18,16.76,1000,
12:20:19,16.77,129,
12:20:20,16.77,123,
12:20:20,16.76,3000,
12:20:21,16.769,232,
12:20:21,16.769,1000,
12:20:24,16.769,250,
12:20:26,16.76,100,
12:20:26,16.76,200,
12:20:28,16.77,1500,
12:20:30,16.769,2268,
12:20:30,16.77,232,
12:20:38,16.76,100,
12:20:41,16.77,200,
12:20:41,16.7699,300,
12:20:41,16.7699,200,
12:20:41,16.77,346,
12:20:45,16.7601,1000,
12:20:51,16.767,300,
12:20:57,16.75,700,
12:20:57,16.75,1400,
12:20:57,16.75,400,
12:20:57,16.75,600,
12:20:57,16.75,400,
12:21:00,16.75,1500,
12:21:00,16.7499,2000,
12:21:15,16.749,500,
12:21:20,16.75,1000,
12:21:24,16.75,500,
12:21:24,16.75,800,
12:21:36,16.7415,4000,
12:21:36,16.741,1000,
12:21:40,16.747,300,
12:21:51,16.75,500,
12:21:59,16.74,200,
12:21:59,16.74,400,
12:22:04,16.7489,300,
12:22:09,16.738,1500,
12:22:14,16.72,400,
12:22:14,16.72,166,
12:22:14,16.721,500,
12:22:14,16.72,100,
12:22:21,16.73,500,
12:22:21,16.73,100,
12:22:21,16.73,145,
12:22:21,16.73,300,
12:22:24,16.722,500,
12:22:27,16.7262,250,
12:22:27,16.728,750,
12:22:30,16.73,100,
12:22:40,16.74,200,
12:22:40,16.74,600,
12:22:45,16.74,10000,
12:22:49,16.749,2150,
12:23:06,16.742,1500,
12:23:12,16.748,750,
12:23:24,16.7599,3400,
12:23:25,16.749,500,
12:23:29,16.75,1975,
12:23:33,16.751,400,
12:23:35,16.7599,1200,
12:23:44,16.75,1000,
12:23:49,16.759,1000,
12:23:51,16.7506,150,
12:23:52,16.759,1000,
12:23:55,16.74,1000,
12:24:09,16.75,200,
12:24:27,16.749,2000,
12:24:32,16.7407,500,
12:24:55,16.7401,3000,
12:25:16,16.748,1300,
12:25:27,16.7401,2500,
12:25:27,16.74,100,
12:25:35,16.751,200,
12:25:36,16.7599,255,
12:25:37,16.751,100,
12:25:41,16.7499,1000,
12:25:49,16.74,100,
12:25:54,16.749,200,
12:26:03,16.74,100,
12:26:14,16.74,400,
12:26:26,16.7405,1500,
12:26:34,16.75,500,
12:26:46,16.747,150,
12:27:17,16.745,250,
12:27:20,16.74,1300,
12:27:20,16.74,100,
12:27:33,16.739,100,
12:28:04,16.7201,300,
12:28:16,16.72,500,
12:28:34,16.7211,100,
12:28:43,16.73,100,
12:28:45,16.702,1500,
12:28:46,16.70,2000,
12:28:49,16.701,700,
12:28:49,16.701,700,
12:28:51,16.7015,2000,
12:28:55,16.71,2600,
12:28:55,16.71,500,
12:28:55,16.71,3500,
12:28:55,16.715,1500,
12:28:55,16.711,2000,
12:28:57,16.71,1000,
12:28:58,16.72,200,
12:29:05,16.71,100,
12:29:10,16.72,300,
12:29:50,16.72,700,
12:29:59,16.7001,7100,
12:30:06,16.7199,100,
12:30:17,16.72,500,
12:30:47,16.72,300,
12:30:54,16.7299,400,
12:30:55,16.73,600,
12:30:56,16.73,399,
12:31:04,16.738,1000,
12:31:30,16.7301,3000,
12:31:34,16.733,300,
12:31:44,16.75,600,
12:31:46,16.7325,2300,
12:31:50,16.7301,500,
12:32:24,16.74,400,
12:32:28,16.745,1750,
12:32:30,16.74,250,
12:32:37,16.749,900,
12:32:39,16.74,1300,
12:32:44,16.738,1000,
12:32:50,16.7399,2000,
12:33:13,16.728,1000,
12:33:25,16.731,1750,
12:33:31,16.74,2400,
12:33:42,16.74,100,
12:34:17,16.76,200,
12:34:17,16.76,150,
12:34:25,16.77,2300,
12:34:30,16.77,600,
12:34:31,16.768,500,
12:34:37,16.77,400,
12:34:37,16.77,3000,
12:34:40,16.771,400,
12:34:42,16.77,10800,
12:34:42,16.77,100,
12:34:42,16.77,300,
12:34:42,16.77,200,
12:34:42,16.77,100,
12:34:42,16.77,100,
12:34:42,16.77,100,
12:34:42,16.77,200,
12:34:42,16.77,100,
12:34:42,16.77,100,
12:34:42,16.7655,600,
12:34:48,16.78,100,
12:34:50,16.7711,100,
12:34:58,16.7801,200,
12:35:04,16.789,1000,
12:35:05,16.7899,1000,
12:35:09,16.785,1000,
12:35:10,16.782,500,
12:35:11,16.78,100,
12:35:13,16.78,100,
12:35:15,16.779,200,
12:35:17,16.77,100,
12:35:19,16.76,2400,
12:35:23,16.7599,1100,
12:35:23,16.77,600,
12:35:33,16.78,1500,
12:35:36,16.77,600,
12:35:37,16.771,600,
12:35:38,16.771,1100,
12:35:40,16.767,350,
12:35:46,16.763,300,
12:36:05,16.7805,500,
12:36:16,16.7899,1000,
12:36:21,16.7806,440,
12:36:40,16.78,100,
12:36:40,16.7801,4800,
12:36:43,16.7895,1500,
12:36:52,16.787,200,
12:36:58,16.782,700,
12:37:03,16.7899,4000,
12:37:08,16.7804,1000,
12:37:13,16.79,3000,
12:37:19,16.7799,554,
12:37:22,16.778,500,
12:37:40,16.7799,1100,
12:37:46,16.78,400,
12:37:52,16.78,100,
12:37:54,16.7887,700,
12:37:54,16.7885,300,
12:37:59,16.7804,600,
12:38:06,16.789,7500,
12:38:09,16.7813,1750,
12:38:14,16.7801,350,
12:38:19,16.7899,5000,
12:38:26,16.79,250,
12:38:29,16.80,200,
12:38:31,16.80,200,
12:38:34,16.80,610,
12:38:34,16.799,610,
12:38:35,16.7999,200,
12:38:35,16.7954,200,
12:38:36,16.7999,1600,
12:38:37,16.7995,292,
12:38:37,16.80,100,
12:38:37,16.81,100,
12:38:37,16.81,500,
12:38:37,16.81,300,
12:38:37,16.80,600,
12:38:37,16.81,100,
12:38:37,16.81,254,
12:38:37,16.80,100,
12:38:38,16.81,100,
12:38:38,16.81,300,
12:38:38,16.81,930,
12:38:39,16.8197,500,
12:38:40,16.819,1000,
12:38:41,16.82,1200,
12:38:41,16.82,100,
12:38:41,16.8199,2000,
12:38:44,16.819,3000,
12:38:46,16.81,600,
12:38:46,16.81,100,
12:38:46,16.80,600,
12:38:46,16.80,399,
12:38:46,16.81,100,
12:38:46,16.80,100,
12:38:46,16.80,200,
12:38:46,16.80,100,
12:38:46,16.81,100,
12:38:46,16.819,700,
12:38:47,16.80,100,
12:38:47,16.80,100,
12:38:48,16.81,100,
12:38:48,16.799,500,
12:38:57,16.7913,1000,
12:39:05,16.792,200,
12:39:05,16.79,100,
12:39:09,16.79,100,
12:39:10,16.78,500,
12:39:18,16.7895,1000,
12:39:21,16.779,100,
12:39:26,16.7713,500,
12:39:34,16.781,5000,
12:39:43,16.7901,400,
12:39:52,16.79,200,
12:40:12,16.80,500,
12:40:12,16.80,500,
12:40:24,16.81,200,
12:40:28,16.798,200,
12:40:38,16.7905,150,
12:40:47,16.80,100,
12:40:50,16.81,1000,
12:40:50,16.81,950,
12:40:52,16.8145,500,
12:40:57,16.8101,100,
12:40:58,16.819,4275,
12:40:59,16.82,725,
12:41:05,16.8199,2000,
12:41:14,16.811,500,
12:41:33,16.802,325,
12:41:34,16.809,389,
12:41:47,16.808,200,
12:41:53,16.8087,200,
12:41:56,16.80,400,
12:41:56,16.80,1300,
12:41:56,16.80,600,
12:41:56,16.79,1650,
12:41:56,16.79,155,
12:41:56,16.79,600,
12:41:56,16.79,355,
12:41:56,16.79,1651,
12:41:56,16.79,100,
12:41:57,16.78,100,
12:41:57,16.78,400,
12:41:57,16.78,100,
12:41:58,16.78,699,
12:41:58,16.78,115,
12:41:58,16.79,100,
12:42:00,16.79,700,
12:42:04,16.798,2200,
12:42:05,16.79,1651,
12:42:06,16.78,250,
12:42:20,16.788,600,
12:42:34,16.79,600,
12:42:43,16.79,200,
12:42:43,16.79,500,
12:42:52,16.76,509,
12:42:53,16.76,2000,
12:42:55,16.761,300,
12:42:55,16.7625,2500,
12:43:04,16.75,20000,
12:43:08,16.759,200,
12:43:08,16.759,200,
12:43:18,16.7601,300,
12:43:19,16.76,100,
12:43:19,16.76,700,
12:43:20,16.77,400,
12:43:20,16.77,700,
12:43:20,16.77,1138,
12:43:30,16.7738,200,
12:43:42,16.77,200,
12:43:44,16.77,971,
12:43:51,16.76,300,
12:43:53,16.7687,500,
12:44:06,16.77,750,
12:44:06,16.77,200,
12:44:06,16.77,250,
12:44:14,16.78,400,
12:44:14,16.78,200,
12:45:01,16.78,100,
12:45:03,16.7887,700,
12:45:20,16.7787,200,
12:45:35,16.78,28600,
12:45:49,16.78,750,
12:45:59,16.77,8000,
12:46:20,16.775,500,
12:46:29,16.7799,2500,
12:46:35,16.77,798,
12:47:08,16.78,100,
12:47:08,16.7799,200,
12:47:29,16.77,100,
12:47:53,16.75,16000,
12:48:11,16.7687,1000,
12:48:13,16.7613,500,
12:48:47,16.761,161,
12:48:47,16.761,139,
12:48:56,16.76,500,
12:49:00,16.7688,200,
12:49:14,16.763,200,
12:49:48,16.768,550,
12:49:52,16.7601,2000,
12:50:02,16.763,250,
12:50:14,16.7601,100,
12:50:32,16.7601,3810,
12:50:44,16.7679,238,
12:50:56,16.761,600,
12:51:07,16.78,1000,
12:51:15,16.7899,700,
12:51:15,16.79,300,
12:51:23,16.79,200,
12:51:23,16.79,201,
12:51:23,16.799,675,
12:51:24,16.80,675,
12:51:25,16.7995,500,
12:51:25,16.80,100,
12:51:25,16.80,100,
12:51:26,16.799,4325,
12:51:26,16.8099,2500,
12:51:27,16.808,210,
12:51:29,16.801,600,
12:51:30,16.8025,2300,
12:51:39,16.80,552,
12:51:39,16.80,2100,
12:51:39,16.7999,3000,
12:51:46,16.7999,700,
12:51:50,16.791,1000,
12:52:00,16.7911,500,
12:52:26,16.791,600,
12:52:27,16.7999,1000,
12:52:47,16.78,100,
12:52:48,16.78,100,
12:52:49,16.78,567,
12:52:49,16.7701,500,
12:53:01,16.7801,4095,
12:53:03,16.7889,1000,
12:53:35,16.779,685,
12:53:39,16.79,500,
12:53:42,16.79,1000,
12:53:43,16.7899,1200,
12:54:00,16.79,200,
12:54:04,16.7887,300,
12:54:16,16.79,350,
12:54:16,16.791,200,
12:54:39,16.792,500,
12:54:55,16.7987,200,
12:54:57,16.7901,200,
12:54:58,16.79,100,
12:54:59,16.7999,1300,
12:54:59,16.7999,1400,
12:55:11,16.79,10000,
12:55:26,16.7989,1000,
12:55:36,16.79,500,
12:55:36,16.80,900,
12:55:37,16.80,100,
12:55:43,16.80,100,
12:55:44,16.80,100,
12:55:44,16.80,100,
12:55:44,16.80,500,
12:56:15,16.793,180,
12:56:26,16.7999,2000,
12:56:41,16.79,250,
12:56:48,16.791,1000,
12:57:08,16.79,100,
12:57:08,16.79,1550,
12:57:08,16.791,400,
12:57:09,16.791,100,
12:57:11,16.80,500,
12:57:32,16.7901,6000,
12:57:36,16.80,100,
12:57:41,16.8035,3000,
12:57:56,16.8001,500,
12:58:09,16.81,400,
12:58:11,16.802,1800,
12:58:11,16.802,400,
12:58:12,16.801,200,
12:58:13,16.801,100,
12:58:18,16.808,500,
12:58:25,16.80,200,
12:58:34,16.801,1000,
12:58:44,16.797,100,
12:59:03,16.81,300,
12:59:22,16.8004,1000,
12:59:32,16.801,1000,
12:59:46,16.79,890,
12:59:46,16.7958,890,
13:00:11,16.7986,200,
13:00:26,16.81,100,
13:00:26,16.81,200,
13:00:32,16.801,1000,
13:00:40,16.805,500,
13:00:44,16.8011,100,
13:00:54,16.791,500,
13:00:54,16.791,500,
13:01:00,16.789,1000,
13:01:12,16.799,800,
13:01:27,16.7887,1000,
13:01:28,16.781,360,
13:01:29,16.78,28600,
13:01:41,16.7901,200,
13:01:42,16.80,200,
13:01:53,16.79,479,
13:01:53,16.79,200,
13:02:09,16.789,2500,
13:02:18,16.787,100,
13:02:24,16.7805,200,
13:02:36,16.78,200,
13:02:36,16.771,300,
13:02:47,16.771,200,
13:02:47,16.771,200,
13:02:57,16.7625,3000,
13:02:57,16.7601,1000,
13:02:59,16.7692,1000,
13:03:01,16.761,200,
13:03:04,16.761,500,
13:03:06,16.761,3400,
13:03:14,16.77,100,
13:03:14,16.771,1000,
13:03:15,16.7735,2000,
13:03:17,16.77,500,
13:03:17,16.77,100,
13:03:17,16.7701,400,
13:03:18,16.77,200,
13:03:18,16.7711,500,
13:03:19,16.77,500,
13:03:19,16.77,596,
13:03:28,16.77,1000,
13:03:42,16.769,200,
13:03:44,16.76,100,
13:03:46,16.7696,600,
13:04:02,16.77,600,
13:04:02,16.77,100,
13:04:02,16.77,100,
13:04:02,16.77,100,
13:04:02,16.77,100,
13:04:02,16.77,200,
13:04:02,16.77,100,
13:04:02,16.77,200,
13:04:02,16.78,8100,
13:04:02,16.77,100,
13:04:12,16.771,2000,
13:04:35,16.7687,300,
13:04:46,16.7687,500,
13:04:51,16.77,1000,
13:04:55,16.7799,1200,
13:04:55,16.7799,300,
13:04:55,16.7799,300,
13:04:55,16.7799,200,
13:05:00,16.7796,1000,
13:05:02,16.78,100,
13:05:02,16.78,100,
13:05:16,16.79,100,
13:05:18,16.7904,185,
13:05:42,16.799,1000,
13:05:45,16.79,200,
13:05:59,16.7999,300,
13:06:13,16.792,100,
13:06:15,16.80,100,
13:06:15,16.80,400,
13:06:24,16.80,700,
13:06:30,16.798,700,
13:06:31,16.799,500,
13:07:00,16.80,400,
13:07:16,16.80,1600,
13:07:20,16.808,200,
13:07:51,16.81,500,
13:07:52,16.8087,2900,
13:07:57,16.81,600,
13:07:57,16.809,600,
13:08:11,16.80,100,
13:08:12,16.809,600,
13:08:20,16.8095,1000,
13:08:26,16.80,1000,
13:08:26,16.80,100,
13:08:26,16.80,2000,
13:08:26,16.80,1800,
13:08:26,16.80,200,
13:08:26,16.79,2200,
13:08:26,16.80,100,
13:08:38,16.80,1200,
13:08:54,16.805,200,
13:08:57,16.801,200,
13:09:13,16.8004,400,
13:09:22,16.8001,5475,
13:09:23,16.8011,400,
13:09:32,16.80,2000,
13:09:43,16.81,500,
13:09:43,16.81,557,
13:09:44,16.81,200,
13:09:47,16.81,250,
13:09:48,16.81,400,
13:10:10,16.8011,250,
13:10:21,16.8004,2000,
13:10:24,16.801,100,
13:10:34,16.81,2000,
13:10:45,16.808,100,
13:11:08,16.80,400,
13:11:08,16.8001,700,
13:11:13,16.7902,2000,
13:11:42,16.7905,100,
13:11:43,16.7913,1000,
13:11:49,16.791,500,
13:11:51,16.80,100,
13:12:08,16.81,1887,
13:12:08,16.81,200,
13:12:08,16.8123,500,
13:12:10,16.81,1557,
13:12:10,16.81,100,
13:12:10,16.81,2100,
13:12:28,16.8166,2000,
13:12:43,16.81,100,
13:12:45,16.8187,300,
13:12:57,16.8199,5000,
13:13:23,16.801,800,
13:13:32,16.81,100,
13:13:37,16.801,400,
13:13:40,16.801,300,
13:13:50,16.80,400,
13:14:46,16.78,1900,
13:15:02,16.791,1200,
13:15:02,16.791,300,
13:15:13,16.79,900,
13:15:14,16.79,400,
13:15:22,16.78,900,
13:15:22,16.78,1000,
13:15:22,16.78,900,
13:15:47,16.7901,3000,
13:16:06,16.80,400,
13:16:07,16.798,525,
13:16:10,16.80,385,
13:16:36,16.7999,300,
13:16:52,16.791,200,
13:17:01,16.80,100,
13:17:14,16.792,200,
13:17:26,16.80,100,
13:17:39,16.8001,2000,
13:18:24,16.81,5000,
13:18:24,16.81,1700,
13:18:46,16.8104,150,
13:18:48,16.818,100,
13:19:10,16.81,500,
13:19:10,16.81,100,
13:19:10,16.81,300,
13:19:11,16.81,600,
13:19:11,16.81,2000,
13:19:12,16.80,600,
13:19:12,16.80,500,
13:19:14,16.80,1500,
13:19:24,16.80,200,
13:19:26,16.792,400,
13:19:26,16.792,1100,
13:19:33,16.79,2000,
13:19:33,16.79,2000,
13:19:52,16.7999,550,
13:20:06,16.80,400,
13:20:06,16.80,400,
13:20:07,16.80,1000,
13:20:16,16.80,300,
13:20:21,16.795,200,
13:20:28,16.79,600,
13:20:33,16.7901,100,
13:20:34,16.79,1800,
13:20:34,16.79,400,
13:20:34,16.79,949,
13:20:37,16.78,300,
13:20:41,16.7801,1000,
13:20:46,16.7801,3927,
13:20:47,16.7713,238,
13:20:50,16.7713,800,
13:20:51,16.772,1100,
13:20:51,16.7715,3200,
13:21:02,16.7789,1407,
13:21:22,16.773,250,
13:21:35,16.771,700,
13:21:37,16.775,500,
13:21:53,16.7713,1000,
13:21:55,16.771,900,
13:22:08,16.771,2000,
13:22:09,16.77,600,
13:22:14,16.77,300,
13:22:17,16.77,600,
13:22:17,16.77,300,
13:22:18,16.77,600,
13:22:28,16.771,1000,
13:22:33,16.77,190,
13:22:35,16.7701,1000,
13:22:44,16.77,600,
13:22:47,16.77,500,
13:22:51,16.77,100,
13:23:07,16.77,100,
13:23:21,16.772,500,
13:23:21,16.77,500,
13:23:21,16.77,500,
13:23:29,16.76,700,
13:23:30,16.761,100,
13:23:33,16.75,2900,
13:23:37,16.75,2000,
13:23:40,16.75,100,
13:23:44,16.76,985,
13:23:44,16.76,400,
13:23:44,16.76,500,
13:23:44,16.76,700,
13:23:44,16.76,1449,
13:23:44,16.76,1300,
13:23:52,16.76,400,
13:23:52,16.76,700,
13:24:03,16.769,200,
13:24:11,16.7599,6300,
13:24:21,16.7577,2000,
13:24:28,16.7513,250,
13:24:30,16.75,100,
13:24:35,16.75,1000,
13:24:37,16.7599,5000,
13:24:42,16.75,600,
13:24:45,16.751,200,
13:24:49,16.7515,1500,
13:24:51,16.75,100,
13:24:51,16.7511,400,
13:24:53,16.74,800,
13:24:53,16.75,1500,
13:24:56,16.74,800,
13:24:56,16.7413,1000,
13:24:58,16.74,800,
13:25:05,16.7405,500,
13:25:08,16.7405,200,
13:25:13,16.7495,1000,
13:25:16,16.74,1100,
13:25:16,16.731,300,
13:25:17,16.7305,1400,
13:25:18,16.73,1650,
13:25:18,16.73,140,
13:25:18,16.73,100,
13:25:18,16.73,469,
13:25:18,16.72,3000,
13:25:18,16.72,210,
13:25:19,16.725,100,
13:25:19,16.725,100,
13:25:19,16.725,100,
13:25:20,16.72,2300,
13:25:20,16.7301,5000,
13:25:21,16.731,800,
13:25:21,16.73,500,
13:25:23,16.7201,1000,
13:25:28,16.734,284,
13:25:33,16.74,100,
13:25:33,16.7425,100,
13:25:36,16.741,1000,
13:26:02,16.75,1000,
13:26:02,16.75,300,
13:26:02,16.75,100,
13:26:02,16.75,700,
13:26:03,16.751,150,
13:26:06,16.7501,500,
13:26:14,16.75,200,
13:26:23,16.7426,100,
13:26:23,16.74,100,
13:26:23,16.74,100,
13:26:34,16.74,100,
13:26:34,16.74,100,
13:26:56,16.74,100,
13:27:03,16.74,100,
13:27:08,16.73,200,
13:27:09,16.7387,1800,
13:27:16,16.738,500,
13:27:41,16.738,500,
13:28:06,16.7416,300,
13:28:17,16.7411,300,
13:28:22,16.74,1525,
13:28:30,16.74,1100,
13:28:47,16.74,500,
13:28:51,16.7499,2000,
13:28:53,16.735,100,
13:29:27,16.7395,1000,
13:29:42,16.74,200,
13:29:42,16.74,200,
13:29:50,16.73,1100,
13:29:53,16.7301,400,
13:30:12,16.73,1000,
13:30:23,16.7301,500,
13:30:26,16.73,9900,
13:30:33,16.74,500,
13:30:33,16.74,1000,
13:30:35,16.7313,1800,
13:30:35,16.74,400,
13:30:40,16.7316,750,
13:30:42,16.7399,2000,
13:30:54,16.7301,2500,
13:31:14,16.739,500,
13:31:26,16.74,500,
13:31:26,16.74,1100,
13:31:42,16.74,739,
13:31:50,16.74,400,
13:31:55,16.74,800,
13:31:55,16.74,400,
13:31:55,16.74,400,
13:31:55,16.74,600,
13:31:55,16.74,2160,
13:31:55,16.74,2000,
13:32:09,16.7517,900,
13:32:12,16.76,100,
13:32:14,16.759,1000,
13:32:14,16.759,1000,
13:32:15,16.76,100,
13:32:15,16.76,100,
13:32:36,16.76,100,
13:32:55,16.7606,300,
13:32:57,16.768,250,
13:33:22,16.7587,1000,
13:33:31,16.742,250,
13:33:36,16.74,500,
13:33:47,16.7313,400,
13:34:02,16.72,6000,
13:34:08,16.72,200,
13:34:08,16.71,1000,
13:34:09,16.7105,1200,
13:34:20,16.729,3000,
13:34:25,16.72,200,
13:34:25,16.71,22500,
13:34:56,16.729,100,
13:35:10,16.7205,400,
13:35:16,16.731,1000,
13:35:17,16.731,100,
13:35:29,16.73,300,
13:35:29,16.73,600,
13:35:29,16.73,2000,
13:35:29,16.73,100,
13:35:37,16.73,600,
13:35:50,16.7296,1500,
13:36:08,16.72,300,
13:36:11,16.722,1000,
13:36:23,16.73,1000,
13:36:23,16.73,300,
13:36:29,16.73,100,
13:36:34,16.721,100,
13:37:05,16.73,1484,
13:37:05,16.73,1116,
13:37:11,16.73,1600,
13:37:11,16.73,100,
13:37:47,16.735,110,
13:37:52,16.73,1300,
13:37:52,16.73,500,
13:38:08,16.7305,1000,
13:38:12,16.732,1200,
13:38:22,16.731,100,
13:38:27,16.738,500,
13:38:56,16.7499,100,
13:38:56,16.75,100,
13:39:03,16.74,2400,
13:39:03,16.74,2700,
13:39:03,16.74,600,
13:39:03,16.74,3000,
13:39:03,16.74,600,
13:39:03,16.74,200,
13:39:03,16.73,600,
13:39:03,16.74,100,
13:39:07,16.7389,900,
13:39:23,16.73,100,
13:39:23,16.73,190,
13:39:23,16.73,2010,
13:39:23,16.73,110,
13:39:38,16.728,400,
13:39:53,16.73,1600,
13:39:53,16.73,700,
13:39:53,16.73,1790,
13:40:02,16.73,1700,
13:40:02,16.73,2000,
13:40:16,16.74,300,
13:40:18,16.74,100,
13:40:23,16.741,3400,
13:40:33,16.7301,2000,
13:40:36,16.73,600,
13:40:42,16.7201,500,
13:40:54,16.72,400,
13:41:07,16.7295,500,
13:41:19,16.711,300,
13:41:19,16.711,400,
13:41:21,16.7185,1400,
13:41:30,16.7182,1000,
13:41:33,16.72,500,
13:41:43,16.72,400,
13:41:44,16.72,500,
13:41:44,16.72,100,
13:41:44,16.72,400,
13:41:49,16.72,1000,
13:41:50,16.72,531,
13:41:50,16.7201,200,
13:41:50,16.72,100,
13:41:50,16.7201,100,
13:41:50,16.7201,100,
13:41:50,16.7201,700,
13:41:50,16.7201,3600,
13:42:04,16.73,600,
13:42:04,16.73,100,
13:42:08,16.73,300,
13:42:08,16.73,400,
13:43:03,16.7101,125,
13:43:10,16.71,2000,
13:43:10,16.71,400,
13:43:10,16.71,600,
13:43:10,16.71,300,
13:43:10,16.71,600,
13:43:10,16.70,100,
13:43:10,16.70,100,
13:43:10,16.702,200,
13:43:12,16.70,9600,
13:43:12,16.70,254,
13:43:12,16.70,244,
13:43:12,16.69,1000,
13:43:12,16.691,100,
13:43:12,16.70,300,
13:43:14,16.691,200,
13:43:15,16.69,3000,
13:43:15,16.69,1200,
13:43:15,16.69,305,
13:43:16,16.69,1000,
13:43:16,16.70,1000,
13:43:17,16.695,400,
13:43:17,16.695,4000,
13:43:17,16.695,500,
13:43:17,16.695,500,
13:43:21,16.70,500,
13:43:21,16.70,100,
13:43:23,16.70,1400,
13:43:23,16.70,300,
13:43:26,16.70,500,
13:43:26,16.7001,2000,
13:43:28,16.71,400,
13:43:34,16.701,100,
13:43:45,16.702,1000,
13:43:57,16.7001,100,
13:43:57,16.701,200,
13:43:57,16.701,200,
13:44:05,16.7001,200,
13:44:11,16.701,300,
13:44:12,16.701,2000,
13:44:14,16.701,100,
13:44:15,16.701,200,
13:44:15,16.70,1400,
13:44:15,16.71,2100,
13:44:15,16.71,149,
13:44:29,16.7101,500,
13:45:08,16.719,4900,
13:45:27,16.7113,200,
13:45:39,16.71,500,
13:45:39,16.71,1000,
13:45:47,16.70,2300,
13:45:47,16.70,300,
13:46:03,16.7011,1500,
13:46:15,16.72,100,
13:46:15,16.72,100,
13:46:15,16.71,100,
13:46:24,16.72,100,
13:46:53,16.7199,3500,
13:47:05,16.71,100,
13:47:10,16.702,1000,
13:47:43,16.7013,500,
13:47:47,16.7001,100,
13:47:48,16.7087,1200,
13:48:15,16.71,700,
13:48:22,16.7111,900,
13:48:24,16.7105,500,
13:48:25,16.73,100,
13:48:40,16.74,280,
13:48:48,16.74,2000,
13:48:48,16.74,500,
13:48:48,16.74,227,
13:48:48,16.74,200,
13:48:49,16.75,200,
13:48:49,16.75,200,
13:48:49,16.742,1000,
13:49:09,16.75,100,
13:49:09,16.75,1100,
13:49:09,16.75,100,
13:49:09,16.75,300,
13:49:09,16.75,300,
13:49:09,16.75,200,
13:49:09,16.75,300,
13:49:09,16.75,250,
13:49:09,16.75,400,
13:49:09,16.75,750,
13:49:11,16.74,900,
13:49:11,16.75,400,
13:49:16,16.742,1361,
13:49:17,16.75,300,
13:49:19,16.75,300,
13:49:20,16.7401,3500,
13:49:20,16.75,100,
13:49:20,16.75,400,
13:49:20,16.76,300,
13:49:20,16.75,700,
13:49:30,16.75,300,
13:49:30,16.75,100,
13:49:30,16.75,100,
13:49:33,16.75,100,
13:49:33,16.75,300,
13:49:34,16.745,300,
13:49:34,16.741,900,
13:49:35,16.75,800,
13:49:46,16.7599,3000,
13:49:51,16.76,200,
13:49:51,16.76,100,
13:49:51,16.76,100,
13:49:52,16.76,1000,
13:49:54,16.769,900,
13:50:02,16.769,300,
13:50:02,16.76,200,
13:50:04,16.76,800,
13:50:16,16.74,2000,
13:50:21,16.741,220,
13:50:23,16.75,900,
13:50:23,16.75,300,
13:50:24,16.743,350,
13:50:36,16.7499,2400,
13:50:43,16.75,160,
13:50:44,16.74,500,
13:50:57,16.749,1500,
13:51:10,16.76,100,
13:51:10,16.76,100,
13:51:20,16.76,500,
13:51:20,16.76,400,
13:51:22,16.77,300,
13:51:22,16.77,339,
13:51:22,16.77,349,
13:51:22,16.77,2400,
13:51:22,16.77,100,
13:51:22,16.77,200,
13:51:22,16.77,100,
13:51:39,16.76,100,
13:51:39,16.77,1000,
13:51:39,16.77,100,
13:51:43,16.778,1000,
13:52:05,16.78,1556,
13:52:31,16.778,210,
13:52:38,16.78,2000,
13:52:40,16.7799,1600,
13:52:40,16.78,1200,
13:52:45,16.7825,2000,
13:52:50,16.78,1700,
13:52:52,16.7801,300,
13:53:04,16.79,300,
13:53:04,16.7899,5000,
13:53:04,16.79,800,
13:53:04,16.79,100,
13:53:11,16.7801,900,
13:53:21,16.78,1100,
13:53:35,16.7865,650,
13:53:54,16.7801,500,
13:54:28,16.78,800,
13:54:28,16.78,300,
13:54:54,16.7804,1000,
13:55:15,16.78,400,
13:55:26,16.78,100,
13:55:30,16.78,100,
13:55:30,16.78,100,
13:56:07,16.78,100,
13:56:07,16.78,300,
13:56:07,16.78,200,
13:56:07,16.78,100,
13:56:07,16.78,326,
13:56:12,16.79,300,
13:56:12,16.7899,300,
13:56:14,16.78,400,
13:56:14,16.78,500,
13:56:14,16.78,500,
13:56:19,16.78,263,
13:56:24,16.7799,1500,
13:56:27,16.7799,1000,
13:56:27,16.7799,425,
13:56:38,16.77,286,
13:56:38,16.77,200,
13:56:38,16.77,1600,
13:56:38,16.77,3300,
13:56:47,16.778,100,
13:56:48,16.77,300,
13:56:48,16.7713,1450,
13:56:57,16.78,170,
13:57:00,16.7799,200,
13:57:19,16.77,100,
13:57:23,16.75,500,
13:57:30,16.74,100,
13:57:31,16.759,3275,
13:57:48,16.7301,3000,
13:58:10,16.732,700,
13:58:20,16.73,100,
13:58:27,16.73,1150,
13:58:35,16.72,100,
13:58:52,16.73,500,
13:58:52,16.73,850,
13:58:52,16.73,400,
13:59:37,16.7611,320,
13:59:43,16.7611,600,
13:59:53,16.7674,100,
14:00:03,16.75,800,
14:00:03,16.74,300,
14:00:06,16.71,7000,
14:00:06,16.71,382,
14:00:07,16.73,400,
14:00:12,16.70,500,
14:00:15,16.70,210,
14:00:22,16.70,100,
14:00:22,16.70,100,
14:00:29,16.70,3000,
14:00:29,16.7099,300,
14:00:30,16.70,1100,
14:00:31,16.69,200,
14:00:31,16.702,500,
14:00:31,16.69,100,
14:00:33,16.691,1000,
14:00:34,16.68,6749,
14:00:34,16.6801,100,
14:00:34,16.69,2000,
14:00:34,16.672,200,
14:00:34,16.67,600,
14:00:34,16.67,100,
14:00:34,16.68,600,
14:00:34,16.67,400,
14:00:34,16.68,300,
14:00:34,16.68,500,
14:00:34,16.68,100,
14:00:35,16.67,200,
14:00:35,16.67,1500,
14:00:35,16.68,200,
14:00:35,16.68,100,
14:00:35,16.66,300,
14:00:35,16.66,100,
14:00:35,16.65,500,
14:00:35,16.65,2620,
14:00:35,16.65,1000,
14:00:35,16.66,100,
14:00:35,16.652,143,
14:00:36,16.66,1000,
14:00:36,16.66,125,
14:00:36,16.66,600,
14:00:36,16.6613,250,
14:00:36,16.68,250,
14:00:37,16.6613,500,
14:00:37,16.66,100,
14:00:37,16.662,950,
14:00:37,16.66,12000,
14:00:37,16.65,2081,
14:00:37,16.65,100,
14:00:37,16.651,500,
14:00:38,16.66,100,
14:00:38,16.66,100,
14:00:39,16.6501,150,
14:00:40,16.64,200,
14:00:40,16.63,500,
14:00:40,16.64,100,
14:00:41,16.63,118,
14:00:42,16.6301,3000,
14:00:43,16.62,100,
14:00:43,16.615,1950,
14:00:44,16.61,1000,
14:00:44,16.61,420,
14:00:44,16.62,1650,
14:00:44,16.62,1000,
14:00:44,16.63,100,
14:00:44,16.63,100,
14:00:44,16.62,100,
14:00:44,16.63,100,
14:00:44,16.62,100,
14:00:44,16.64,100,
14:00:44,16.62,2970,
14:00:44,16.62,500,
14:00:44,16.62,100,
14:00:44,16.62,5000,
14:00:45,16.611,400,
14:00:46,16.621,2000,
14:00:46,16.62,399,
14:00:46,16.61,1000,
14:00:46,16.62,100,
14:00:47,16.621,600,
14:00:47,16.62,100,
14:00:47,16.62,100,
14:00:47,16.62,100,
14:00:47,16.6201,500,
14:00:47,16.61,1000,
14:00:48,16.611,200,
14:00:50,16.61,250,
14:00:50,16.61,600,
14:00:50,16.61,300,
14:00:50,16.611,1000,
14:00:50,16.611,100,
14:00:50,16.611,1000,
14:00:52,16.629,5000,
14:00:53,16.61,3000,
14:00:53,16.61,100,
14:00:54,16.6101,1900,
14:00:54,16.60,300,
14:00:54,16.61,1000,
14:00:54,16.61,250,
14:00:55,16.61,100,
14:00:55,16.61,500,
14:00:55,16.61,400,
14:00:57,16.6012,600,
14:00:58,16.61,110,
14:00:58,16.61,340,
14:00:59,16.61,200,
14:01:00,16.61,125,
14:01:00,16.61,400,
14:01:00,16.61,300,
14:01:00,16.60,300,
14:01:03,16.60,200,
14:01:03,16.60,186,
14:01:03,16.61,200,
14:01:03,16.6001,900,
14:01:04,16.61,200,
14:01:04,16.601,1200,
14:01:04,16.6099,900,
14:01:06,16.61,500,
14:01:09,16.62,200,
14:01:09,16.6204,920,
14:01:10,16.63,500,
14:01:13,16.66,300,
14:01:13,16.632,1200,
14:01:14,16.67,949,
14:01:14,16.67,1551,
14:01:14,16.67,100,
14:01:15,16.67,1100,
14:01:16,16.671,500,
14:01:16,16.6601,100,
14:01:16,16.67,800,
14:01:18,16.69,1200,
14:01:18,16.69,150,
14:01:18,16.69,199,
14:01:18,16.678,1400,
14:01:19,16.679,3000,
14:01:19,16.671,500,
14:01:19,16.68,200,
14:01:19,16.68,500,
14:01:24,16.6799,4900,
14:01:26,16.6701,100,
14:01:29,16.671,500,
14:01:31,16.6725,1600,
14:01:32,16.65,100,
14:01:32,16.65,400,
14:01:32,16.65,400,
14:01:32,16.65,100,
14:01:36,16.66,600,
14:01:36,16.66,200,
14:01:36,16.66,100,
14:01:36,16.6554,2650,
14:01:37,16.6505,1000,
14:01:38,16.65,800,
14:01:41,16.64,200,
14:01:43,16.631,200,
14:01:44,16.62,400,
14:01:44,16.62,300,
14:01:46,16.611,7000,
14:01:46,16.6199,3500,
14:02:01,16.6001,200,
14:02:01,16.6001,400,
14:02:03,16.60,1000,
14:02:04,16.601,300,
14:02:08,16.58,430,
14:02:08,16.58,300,
14:02:08,16.58,150,
14:02:08,16.59,200,
14:02:08,16.59,1100,
14:02:10,16.5801,680,
