09:30:00,18,100,
09:30:00,18.01,100,
09:30:01,18.02,200,
09:30:01,18.02,150,
09:30:01,18.03,100,
09:30:01,18.02,100,
09:30:01,18.03,100,
09:30:01,18.02,100,
09:30:01,18.02,100,
09:30:01,18.03,100,
09:30:01,18.03,100,
09:30:01,18.03,200,
09:30:01,18.03,300,
09:30:01,18.02,100,
09:30:01,18.03,100,
09:30:01,18.01,200,
09:30:01,18.01,200,
09:30:01,18,700,
09:30:01,18,100,
09:30:01,18,100,
09:30:01,18,100,
09:30:01,18,100,
09:30:01,18,700,
09:30:01,18.01,900,
09:30:01,18.01,800,
09:30:01,18.02,700,
09:30:01,18.03,2400,
09:30:01,18.03,100,
09:30:02,18.02,300,
09:30:02,18.0365,100,
09:30:02,18.0359,100,
09:30:02,18.03,100,
09:30:02,18.04,318,
09:30:02,18.04,290,
09:30:02,18.04,4500,
09:30:02,18.04,300,
09:30:02,18.04,1800,
09:30:02,18.04,400,
09:30:02,18.03,100,
09:30:02,18.03,100,
09:30:03,18.03,100,
09:30:03,18.034,100,
09:30:03,18.0307,800,
09:30:03,18.03,100,
09:30:04,18.03,400,
09:30:04,18.03,100,
09:30:04,18.03,2100,
09:30:04,18.03,400,
09:30:04,18.03,300,
09:30:04,18.03,1508,
09:30:04,18.04,100,
09:30:04,18.04,800,
09:30:04,18.04,200,
09:30:04,18.04,1600,
09:30:04,18.03,400,
09:30:05,18.04,100,
09:30:05,18.04,585,
09:30:05,18.04,3892,
09:30:05,18.05,1000,
09:30:05,18.05,1800,
09:30:05,18.06,100,
09:30:05,18.07,1200,
09:30:05,18.07,100,
09:30:05,18.06,200,
09:30:06,18.06,100,
09:30:06,18.06,1100,
09:30:06,18.06,2800,
09:30:06,18.06,500,
09:30:06,18.02,600,
09:30:07,18.05,147,
09:30:07,18.04,150,
09:30:07,18.04,400,
09:30:07,18.04,600,
09:30:07,18.02,500,
09:30:07,18.03,100,
09:30:07,18.02,100,
09:30:07,18.05,1800,
09:30:08,18.06,1100,
09:30:08,18.06,100,
09:30:08,18.0601,1700,
09:30:08,18.07,100,
09:30:09,18.06,400,
09:30:09,18.06,800,
09:30:10,18.0501,100,
09:30:11,18.08,200,
09:30:11,18.03,300,
09:30:11,18.02,100,
09:30:11,18.02,300,
09:30:11,18.03,100,
09:30:12,18.02,900,
09:30:12,18.02,300,
09:30:12,18.02,200,
09:30:12,18.061,120,
09:30:13,18.08,413,
09:30:13,18.08,2000,
09:30:13,18.08,100,
09:30:13,18.0602,5000,
09:30:13,18.08,400,
09:30:13,18.08,300,
09:30:13,18.08,1600,
09:30:13,18.08,100,
09:30:13,18.08,100,
09:30:13,18.09,1800,
09:30:14,18.035,100,
09:30:14,18.09,200,
09:30:14,18.07,200,
09:30:15,18.08,100,
09:30:15,18.08,100,
09:30:15,18.08,800,
09:30:15,18.08,1500,
09:30:15,18.08,800,
09:30:15,18.08,100,
09:30:15,18.08,1500,
09:30:15,18.07,100,
09:30:15,18.07,100,
09:30:15,18.07,100,
09:30:15,18.07,100,
09:30:15,18.06,100,
09:30:15,18.07,100,
09:30:15,18.06,100,
09:30:15,18.06,100,
09:30:15,18.06,100,
09:30:15,18.05,400,
09:30:16,18.08,300,
09:30:17,18.0302,2000,
09:30:17,18.07,100,
09:30:17,18.07,400,
09:30:17,18.035,167,
09:30:18,18.03,2500,
09:30:18,18.08,400,
09:30:18,18.08,1400,
09:30:18,18.08,200,
09:30:18,18.09,500,
09:30:18,18.09,500,
09:30:18,18.08,125,
09:30:19,18.085,930,
09:30:19,18.08,100,
09:30:19,18.035,167,
09:30:19,18.08,100,
09:30:19,18.061,300,
09:30:19,18.071,160,
09:30:19,18.08,200,
09:30:19,18.08,100,
09:30:20,18.0625,5000,
09:30:20,18.09,150,
09:30:20,18.08,1015,
09:30:20,18.03,3000,
09:30:20,18.03,900,
09:30:20,18.02,100,
09:30:20,18.02,100,
09:30:20,18.02,300,
09:30:20,18.02,675,
09:30:21,18.0775,2000,
09:30:21,18.085,138,
09:30:21,18.08,100,
09:30:21,18.08,2400,
09:30:22,18.08,100,
09:30:22,18.08,200,
09:30:22,18.08,100,
09:30:22,18.08,1000,
09:30:22,18.08,800,
09:30:22,18.09,200,
09:30:22,18.09,500,
09:30:22,18.08,425,
09:30:22,18.09,100,
09:30:22,18.09,3000,
09:30:22,18.05,180,
09:30:22,18.0399,315,
09:30:23,18.0686,200,
09:30:23,18.03,300,
09:30:23,18.03,100,
09:30:23,18.02,600,
09:30:23,18.02,100,
09:30:23,18.02,400,
09:30:23,18.01,100,
09:30:23,18.01,200,
09:30:23,18.01,100,
09:30:23,18.01,150,
09:30:23,18.02,200,
09:30:23,18,400,
09:30:23,18,400,
09:30:23,18,100,
09:30:23,18,100,
09:30:23,18,100,
09:30:23,18,200,
09:30:23,18,100,
09:30:23,18,100,
09:30:23,18,100,
09:30:23,18,100,
09:30:23,18,300,
09:30:23,18.01,130,
09:30:23,18.01,400,
09:30:23,18.01,300,
09:30:23,18,444,
09:30:24,18.0202,100,
09:30:24,18.0207,200,
09:30:24,18.0208,250,
09:30:24,18.02,100,
09:30:24,18.021,200,
09:30:24,18.021,100,
09:30:24,18.02,500,
09:30:24,18.03,200,
09:30:25,18.031,400,
09:30:25,18.04,100,
09:30:25,18.04,100,
09:30:27,18.0398,605,
09:30:27,18.0398,1840,
09:30:29,18.05,10400,
09:30:30,18.0601,200,
09:30:31,18.05,100,
09:30:32,18.07,4900,
09:30:33,18.053,500,
09:30:34,18.071,300,
09:30:36,18.0699,200,
09:30:36,18.05,500,
09:30:39,18.049,3100,
09:30:39,18.01,2206,
09:30:40,18.049,100,
09:30:41,18.05,200,
09:30:42,18.04,300,
09:30:42,18.04,200,
09:30:44,18.0571,100,
09:30:44,18.05,200,
09:30:45,18.049,100,
09:30:47,18.05,140,
09:30:47,18.05,100,
09:30:47,18.05,400,
09:30:47,18.05,100,
09:30:48,18.0492,300,
09:30:49,18.049,400,
09:30:50,18.04,100,
09:30:51,18.041,299,
09:30:53,18.049,1000,
09:30:53,18.0498,2037,
09:30:53,18.05,100,
09:30:53,18.05,400,
09:30:57,18.05,200,
09:30:57,18.06,100,
09:30:57,18.06,100,
09:31:00,18.05,100,
09:31:00,18.059,500,
09:31:00,18.04,400,
09:31:03,18.049,1400,
09:31:06,18.054,400,
09:31:11,18.06,1100,
09:31:11,18.07,300,
09:31:11,18.07,100,
09:31:14,18.07,100,
09:31:14,18.0799,200,
09:31:16,18.08,100,
09:31:16,18.079,1000,
09:31:18,18.08,200,
09:31:18,18.08,100,
09:31:18,18.089,3000,
09:31:19,18.09,1472,
09:31:19,18.09,600,
09:31:19,18.09,100,
09:31:25,18.09,700,
09:31:25,18.0899,100,
09:31:28,18.081,3000,
09:31:29,18.0827,1000,
09:31:32,18.0898,300,
09:31:32,18.0899,200,
09:31:32,18.09,308,
09:31:32,18.09,492,
09:31:32,18.09,1100,
09:31:32,18.09,208,
09:31:32,18.09,1500,
09:31:32,18.10,100,
09:31:32,18.10,100,
09:31:32,18.11,600,
09:31:32,18.11,1500,
09:31:33,18.11,100,
09:31:36,18.1071,333,
09:31:40,18.1001,2000,
09:31:42,18.109,1000,
09:31:45,18.0801,2000,
09:31:46,18.089,1000,
09:31:47,18.10,100,
09:31:48,18.1098,2000,
09:31:50,18.109,1000,
09:31:55,18.09,235,
09:31:55,18.0895,100,
09:31:57,18.0899,400,
09:31:59,18.089,1000,
09:32:03,18.093,1000,
09:32:04,18.11,200,
09:32:04,18.10,200,
09:32:04,18.11,100,
09:32:04,18.11,100,
09:32:06,18.111,100,
09:32:09,18.11,2000,
09:32:11,18.121,200,
09:32:12,18.12,100,
09:32:12,18.1199,800,
09:32:12,18.111,1000,
09:32:14,18.1198,1000,
09:32:16,18.113,1750,
09:32:17,18.12,200,
09:32:18,18.119,4300,
09:32:18,18.111,300,
09:32:18,18.13,300,
09:32:19,18.13,300,
09:32:20,18.1299,700,
09:32:24,18.127,1400,
09:32:26,18.12,300,
09:32:28,18.13,100,
09:32:28,18.1201,100,
09:32:31,18.12,100,
09:32:33,18.12,800,
09:32:33,18.12,100,
09:32:38,18.1173,1000,
09:32:45,18.12,500,
09:32:46,18.1155,2500,
09:32:49,18.1168,2600,
09:32:49,18.1175,100,
09:32:49,18.1181,1300,
09:32:49,18.1172,100,
09:32:49,18.1175,100,
09:32:50,18.12,3400,
09:32:55,18.111,1500,
09:32:57,18.111,100,
09:32:58,18.12,1000,
09:33:00,18.12,800,
09:33:13,18.13,100,
09:33:13,18.12,100,
09:33:13,18.12,400,
09:33:18,18.1173,1000,
09:33:19,18.11,100,
09:33:19,18.11,200,
09:33:19,18.11,300,
09:33:19,18.11,500,
09:33:20,18.11,200,
09:33:21,18.1101,100,
09:33:23,18.119,100,
09:33:28,18.12,1400,
09:33:30,18.11,1400,
09:33:30,18.11,2000,
09:33:34,18.1098,200,
09:33:37,18.10,500,
09:33:38,18.10,300,
09:33:52,18.1171,100,
09:33:53,18.1195,200,
09:34:02,18.13,400,
09:34:06,18.129,1600,
09:34:06,18.129,1700,
09:34:07,18.12,100,
09:34:08,18.12,100,
09:34:08,18.1264,200,
09:34:09,18.13,500,
09:34:10,18.14,200,
09:34:13,18.12,100,
09:34:14,18.1215,2000,
09:34:15,18.12,100,
09:34:15,18.12,100,
09:34:17,18.12,100,
09:34:18,18.11,100,
09:34:19,18.11,100,
09:34:22,18.111,1000,
09:34:25,18.1146,200,
09:34:26,18.111,500,
09:34:28,18.111,1800,
09:34:29,18.114,100,
09:34:30,18.11,100,
09:34:37,18.1003,250,
09:34:40,18.1001,400,
09:34:44,18.10,200,
09:34:44,18.106,100,
09:34:47,18.109,1000,
09:34:50,18.11,200,
09:34:50,18.11,300,
09:34:50,18.11,200,
09:34:51,18.11,100,
09:34:54,18.10,100,
09:34:55,18.108,200,
09:34:56,18.1001,300,
09:35:00,18.10,650,
09:35:00,18.11,1700,
09:35:00,18.11,100,
09:35:00,18.11,500,
09:35:01,18.109,5000,
09:35:03,18.12,100,
09:35:03,18.12,100,
09:35:04,18.12,2000,
09:35:07,18.1273,1200,
09:35:11,18.124,400,
09:35:12,18.13,100,
09:35:12,18.13,300,
09:35:12,18.13,200,
09:35:12,18.13,400,
09:35:12,18.14,1500,
09:35:13,18.14,200,
09:35:13,18.14,1750,
09:35:13,18.14,100,
09:35:13,18.149,500,
09:35:14,18.15,1100,
09:35:14,18.15,358,
09:35:14,18.15,392,
09:35:14,18.15,1200,
09:35:14,18.16,600,
09:35:16,18.16,100,
09:35:16,18.16,100,
09:35:16,18.16,100,
09:35:17,18.157,1300,
09:35:18,18.15,100,
09:35:20,18.15,100,
09:35:20,18.15,1600,
09:35:20,18.16,100,
09:35:22,18.144,400,
09:35:24,18.166,100,
09:35:27,18.17,100,
09:35:28,18.1765,3000,
09:35:30,18.173,800,
09:35:32,18.179,100,
09:35:33,18.19,200,
09:35:33,18.18,100,
09:35:34,18.187,1500,
09:35:35,18.19,100,
09:35:35,18.179,400,
09:35:35,18.19,260,
09:35:35,18.19,140,
09:35:36,18.1899,1000,
09:35:37,18.19,100,
09:35:37,18.19,1800,
09:35:37,18.19,2900,
09:35:42,18.1801,600,
09:35:43,18.18,200,
09:35:45,18.18,2000,
09:35:49,18.1893,600,
09:35:49,18.1896,100,
09:35:49,18.186,100,
09:35:54,18.19,5000,
09:35:59,18.1898,200,
09:36:00,18.1983,600,
09:36:00,18.1983,500,
09:36:00,18.20,619,
09:36:00,18.20,1059,
09:36:02,18.19,300,
09:36:03,18.21,798,
09:36:03,18.21,610,
09:36:04,18.219,100,
09:36:07,18.21,100,
09:36:07,18.21,400,
09:36:07,18.21,100,
09:36:07,18.2065,2000,
09:36:08,18.21,100,
09:36:08,18.23,200,
09:36:08,18.23,1600,
09:36:08,18.23,2400,
09:36:08,18.211,1500,
09:36:08,18.229,200,
09:36:10,18.21,800,
09:36:10,18.21,200,
09:36:11,18.206,388,
09:36:12,18.20,300,
09:36:16,18.209,100,
09:36:19,18.2001,500,
09:36:21,18.209,500,
09:36:21,18.21,100,
09:36:21,18.2062,500,
09:36:21,18.21,100,
09:36:22,18.209,300,
09:36:22,18.209,400,
09:36:23,18.209,2300,
09:36:26,18.209,100,
09:36:28,18.206,200,
09:36:32,18.22,500,
09:36:34,18.21,300,
09:36:34,18.21,100,
09:36:34,18.21,100,
09:36:36,18.2099,300,
09:36:38,18.20,400,
09:36:39,18.20,200,
09:36:42,18.21,1800,
09:36:43,18.21,100,
09:36:43,18.21,400,
09:36:48,18.2098,1000,
09:36:49,18.209,1000,
09:36:54,18.209,1000,
09:36:58,18.22,100,
09:36:58,18.22,100,
09:36:58,18.22,200,
09:36:58,18.22,200,
09:36:58,18.22,200,
09:37:02,18.213,1000,
09:37:02,18.209,100,
09:37:05,18.21,700,
09:37:05,18.20,115,
09:37:06,18.20,1000,
09:37:06,18.20,470,
09:37:07,18.20,100,
09:37:07,18.20,100,
09:37:07,18.20,500,
09:37:09,18.19,200,
09:37:09,18.19,100,
09:37:09,18.19,200,
09:37:09,18.19,100,
09:37:09,18.19,1200,
09:37:09,18.19,1200,
09:37:10,18.18,100,
09:37:14,18.18,200,
09:37:14,18.1701,400,
09:37:16,18.17,100,
09:37:16,18.1775,100,
09:37:16,18.179,300,
09:37:16,18.169,100,
09:37:17,18.17,900,
09:37:19,18.169,300,
09:37:20,18.17,100,
09:37:22,18.1873,1200,
09:37:22,18.174,300,
09:37:27,18.1799,256,
09:37:34,18.1702,3000,
09:37:37,18.1799,1200,
09:37:38,18.1762,800,
09:37:38,18.18,100,
09:37:39,18.17,200,
09:37:39,18.19,100,
09:37:42,18.19,100,
09:37:42,18.19,100,
09:37:44,18.19,100,
09:37:44,18.19,100,
09:37:44,18.19,1000,
09:37:46,18.18,100,
09:37:48,18.17,100,
09:37:48,18.17,100,
09:37:48,18.18,1400,
09:37:48,18.18,100,
09:37:48,18.19,700,
09:37:48,18.19,100,
09:37:48,18.20,100,
09:37:48,18.20,100,
09:37:48,18.20,100,
09:37:50,18.2099,2000,
09:37:50,18.20,407,
09:37:50,18.20,400,
09:37:50,18.20,100,
09:37:50,18.20,593,
09:37:51,18.19,100,
09:37:59,18.20,400,
09:38:01,18.1999,1100,
09:38:03,18.199,400,
09:38:05,18.19,100,
09:38:09,18.1901,1500,
09:38:12,18.20,400,
09:38:12,18.20,800,
09:38:12,18.20,100,
09:38:14,18.201,2000,
09:38:20,18.21,1800,
09:38:20,18.2101,2100,
09:38:20,18.21,100,
09:38:26,18.219,200,
09:38:28,18.22,400,
09:38:32,18.219,2000,
09:38:35,18.20,5000,
09:38:35,18.21,100,
09:38:39,18.22,1200,
09:38:43,18.209,1000,
09:38:46,18.21,200,
09:38:51,18.2027,500,
09:38:54,18.20,400,
09:38:54,18.20,200,
09:38:54,18.20,600,
09:38:54,18.20,182,
09:38:56,18.19,550,
09:38:56,18.1901,561,
09:39:00,18.19,200,
09:39:02,18.17,100,
09:39:02,18.17,100,
09:39:03,18.17,100,
09:39:05,18.161,400,
09:39:06,18.15,155,
09:39:07,18.16,100,
09:39:10,18.1615,2000,
09:39:11,18.17,200,
09:39:11,18.17,100,
09:39:11,18.17,200,
09:39:11,18.17,200,
09:39:11,18.17,100,
09:39:13,18.17,400,
09:39:14,18.169,500,
09:39:16,18.16,100,
09:39:16,18.16,100,
09:39:16,18.16,100,
09:39:16,18.16,100,
09:39:16,18.16,100,
09:39:16,18.16,100,
09:39:16,18.16,100,
09:39:16,18.16,900,
09:39:16,18.16,186,
09:39:19,18.15,4900,
09:39:19,18.15,100,
09:39:19,18.15,200,
09:39:21,18.149,1500,
09:39:23,18.14,100,
09:39:23,18.14,1800,
09:39:23,18.141,525,
09:39:24,18.1401,200,
09:39:25,18.14,100,
09:39:30,18.15,100,
09:39:31,18.16,100,
09:39:31,18.16,100,
09:39:31,18.16,1700,
09:39:32,18.16,400,
09:39:32,18.16,100,
09:39:32,18.18,700,
09:39:32,18.18,100,
09:39:38,18.1802,600,
09:39:39,18.1859,300,
09:39:40,18.1827,1500,
09:39:43,18.1798,300,
09:39:45,18.17,100,
09:39:47,18.16,700,
09:39:47,18.16,100,
09:39:47,18.16,200,
09:39:47,18.16,100,
09:39:47,18.173,500,
09:39:56,18.1627,1000,
09:39:57,18.161,4000,
09:40:01,18.1678,2000,
09:40:01,18.16,200,
09:40:01,18.16,100,
09:40:02,18.17,700,
09:40:02,18.17,700,
09:40:02,18.17,200,
09:40:02,18.17,400,
09:40:02,18.1701,700,
09:40:02,18.16,800,
09:40:03,18.19,200,
09:40:04,18.199,750,
09:40:08,18.1995,1000,
09:40:08,18.20,200,
09:40:09,18.20,525,
09:40:15,18.201,2000,
09:40:17,18.20,100,
09:40:18,18.19,100,
09:40:18,18.19,100,
09:40:18,18.19,200,
09:40:18,18.19,100,
09:40:18,18.199,200,
09:40:24,18.20,1500,
09:40:24,18.20,400,
09:40:25,18.20,100,
09:40:25,18.20,300,
09:40:35,18.19,200,
09:40:35,18.1901,1600,
09:40:36,18.19,100,
09:40:36,18.19,100,
09:40:39,18.19,400,
09:40:40,18.189,300,
09:40:44,18.1902,3700,
09:40:46,18.20,100,
09:40:46,18.20,100,
09:40:46,18.20,100,
09:40:46,18.20,100,
09:40:46,18.20,100,
09:40:46,18.20,300,
09:40:46,18.20,1200,
09:40:51,18.20,100,
09:40:51,18.20,200,
09:40:52,18.191,1000,
09:40:53,18.199,6820,
09:41:08,18.163,1800,
09:41:10,18.179,200,
09:41:11,18.1729,100,
09:41:11,18.1701,515,
09:41:14,18.16,2836,
09:41:14,18.16,1200,
09:41:14,18.16,1800,
09:41:14,18.16,1000,
09:41:17,18.153,1000,
09:41:19,18.15,100,
09:41:19,18.15,500,
09:41:19,18.14,400,
09:41:19,18.14,500,
09:41:19,18.14,100,
09:41:20,18.1437,1500,
09:41:30,18.1402,600,
09:41:33,18.141,1000,
09:41:39,18.15,200,
09:41:39,18.15,100,
09:41:40,18.14,2200,
09:41:40,18.141,1000,
09:41:41,18.14,1900,
09:41:41,18.14,1000,
09:41:42,18.1399,1000,
09:41:44,18.14,100,
09:41:50,18.14,1000,
09:41:50,18.13,100,
09:41:50,18.13,100,
09:41:50,18.13,1000,
09:41:50,18.13,1100,
09:41:54,18.124,100,
09:41:56,18.13,400,
09:42:00,18.1201,400,
09:42:05,18.11,100,
09:42:05,18.11,100,
09:42:08,18.119,1000,
09:42:09,18.111,1600,
09:42:09,18.11,3400,
09:42:10,18.11,1000,
09:42:11,18.11,300,
09:42:16,18.111,100,
09:42:20,18.11,100,
09:42:20,18.1101,400,
09:42:20,18.1028,300,
09:42:20,18.101,200,
09:42:21,18.11,100,
09:42:21,18.11,600,
09:42:21,18.10,600,
09:42:21,18.12,100,
09:42:22,18.10,400,
09:42:24,18.11,400,
09:42:24,18.1099,500,
09:42:27,18.1129,160,
09:42:28,18.12,100,
09:42:28,18.13,400,
09:42:28,18.13,400,
09:42:29,18.12,100,
09:42:30,18.1199,5000,
09:42:32,18.11,400,
09:42:32,18.11,100,
09:42:34,18.1299,100,
09:42:37,18.12,400,
09:42:37,18.12,100,
09:42:37,18.11,2540,
09:42:39,18.121,1400,
09:42:39,18.12,5600,
09:42:41,18.12,100,
09:42:41,18.121,260,
09:42:45,18.121,1000,
09:42:46,18.128,200,
09:42:51,18.128,1000,
09:42:51,18.11,800,
09:42:51,18.11,200,
09:42:51,18.11,1500,
09:42:51,18.11,100,
09:42:51,18.11,100,
09:42:57,18.1099,2000,
09:42:58,18.107,1000,
09:43:00,18.11,100,
09:43:01,18.113,1000,
09:43:06,18.11,1700,
09:43:06,18.10,100,
09:43:06,18.1001,200,
09:43:10,18.109,1000,
09:43:13,18.103,1000,
09:43:22,18.10,4000,
09:43:25,18.1062,500,
09:43:28,18.101,400,
09:43:33,18.101,500,
09:43:33,18.11,100,
09:43:33,18.11,600,
09:43:35,18.11,2400,
09:43:35,18.11,100,
09:43:35,18.11,100,
09:43:35,18.11,100,
09:43:35,18.11,100,
09:43:35,18.11,1200,
09:43:35,18.11,500,
09:43:39,18.1027,500,
09:43:42,18.11,200,
09:43:42,18.11,800,
09:43:42,18.11,3100,
09:43:42,18.11,100,
09:43:42,18.11,100,
09:43:42,18.11,100,
09:43:42,18.11,1000,
09:43:45,18.109,1000,
09:43:47,18.1001,500,
09:43:48,18.1001,900,
09:43:50,18.11,100,
09:43:50,18.11,700,
09:43:50,18.11,100,
09:43:50,18.11,200,
09:43:50,18.11,200,
09:43:50,18.11,500,
09:43:50,18.11,200,
09:43:50,18.11,100,
09:43:52,18.12,800,
09:43:52,18.13,1600,
09:43:52,18.13,6600,
09:43:54,18.13,1000,
09:43:58,18.13,100,
09:43:58,18.139,200,
09:44:00,18.13,200,
09:44:00,18.13,400,
09:44:00,18.13,100,
09:44:00,18.137,1000,
09:44:02,18.1371,3000,
09:44:03,18.13,200,
09:44:03,18.13,600,
09:44:03,18.13,300,
09:44:06,18.12,600,
09:44:09,18.127,1000,
09:44:20,18.12,200,
09:44:20,18.12,300,
09:44:24,18.11,1000,
09:44:24,18.10,3690,
09:44:25,18.117,500,
09:44:26,18.11,200,
09:44:26,18.11,200,
09:44:26,18.11,100,
09:44:26,18.1199,100,
09:44:28,18.11,100,
09:44:28,18.11,200,
09:44:28,18.11,100,
09:44:31,18.1085,5000,
09:44:33,18.11,100,
09:44:33,18.11,100,
09:44:33,18.11,2500,
09:44:33,18.11,100,
09:44:33,18.11,1200,
09:44:33,18.11,800,
09:44:35,18.11,400,
09:44:44,18.12,700,
09:44:44,18.12,200,
09:44:44,18.12,100,
09:44:45,18.11,200,
09:44:46,18.12,400,
09:44:46,18.11,650,
09:44:47,18.11,100,
09:44:47,18.11,100,
09:44:47,18.11,200,
09:44:47,18.11,700,
09:44:50,18.101,500,
09:44:53,18.1073,1000,
09:45:01,18.10,300,
09:45:01,18.09,700,
09:45:01,18.09,100,
09:45:01,18.09,200,
09:45:01,18.09,100,
09:45:01,18.08,300,
09:45:01,18.08,100,
09:45:02,18.0846,100,
09:45:02,18.0827,100,
09:45:02,18.0822,100,
09:45:02,18.081,100,
09:45:04,18.09,545,
09:45:04,18.10,3000,
09:45:07,18.094,200,
09:45:11,18.0927,1500,
09:45:13,18.10,300,
09:45:13,18.10,100,
09:45:17,18.103,1000,
09:45:17,18.10,100,
09:45:22,18.094,300,
09:45:25,18.09,1100,
09:45:25,18.09,900,
09:45:25,18.09,200,
09:45:25,18.09,400,
09:45:25,18.09,100,
09:45:25,18.09,300,
09:45:25,18.09,400,
09:45:25,18.09,800,
09:45:25,18.09,1500,
09:45:25,18.09,400,
09:45:25,18.09,1300,
09:45:28,18.0901,439,
09:45:29,18.0998,200,
09:45:30,18.0901,1000,
09:45:32,18.08,100,
09:45:33,18.07,2000,
09:45:33,18.08,100,
09:45:33,18.08,400,
09:45:33,18.08,200,
09:45:33,18.07,11550,
09:45:35,18.07,250,
09:45:38,18.08,400,
09:45:38,18.08,100,
09:45:39,18.087,1000,
09:45:43,18.0802,2000,
09:45:47,18.08,690,
09:45:53,18.09,100,
09:45:53,18.09,100,
09:45:55,18.09,300,
09:45:55,18.09,1100,
09:45:57,18.10,100,
09:45:59,18.11,100,
09:45:59,18.11,100,
09:45:59,18.11,200,
09:45:59,18.11,200,
09:45:59,18.11,200,
09:45:59,18.11,800,
09:46:01,18.11,800,
09:46:01,18.11,400,
09:46:01,18.11,100,
09:46:06,18.117,1000,
09:46:10,18.119,1000,
09:46:19,18.101,102,
09:46:19,18.11,100,
09:46:19,18.11,800,
09:46:22,18.12,1500,
09:46:23,18.1115,7500,
09:46:26,18.12,500,
09:46:26,18.12,400,
09:46:26,18.12,100,
09:46:26,18.12,500,
09:46:26,18.12,100,
09:46:26,18.12,100,
09:46:27,18.1262,500,
09:46:30,18.12,100,
09:46:31,18.129,8000,
09:46:32,18.11,100,
09:46:32,18.1171,100,
09:46:38,18.1295,500,
09:46:38,18.12,1000,
09:46:44,18.12,300,
09:46:44,18.12,200,
09:46:48,18.11,100,
09:46:58,18.10,1900,
09:46:58,18.10,100,
09:46:58,18.10,200,
09:46:58,18.10,200,
09:46:58,18.10,400,
09:46:58,18.10,200,
09:46:58,18.10,500,
09:46:58,18.10,1200,
09:46:58,18.11,100,
09:47:01,18.103,1000,
09:47:05,18.1002,400,
09:47:08,18.11,800,
09:47:10,18.13,300,
09:47:11,18.129,150,
09:47:13,18.129,1600,
09:47:16,18.1373,500,
09:47:17,18.13,100,
09:47:21,18.1296,100,
09:47:21,18.1299,100,
09:47:21,18.13,200,
09:47:21,18.13,400,
09:47:21,18.13,150,
09:47:22,18.13,355,
09:47:23,18.13,800,
09:47:23,18.1383,100,
09:47:23,18.1386,100,
09:47:23,18.1387,100,
09:47:23,18.139,670,
09:47:24,18.1399,8033,
09:47:28,18.13,200,
09:47:28,18.13,300,
09:47:28,18.13,600,
09:47:28,18.12,800,
09:47:28,18.12,200,
09:47:28,18.12,300,
09:47:28,18.12,500,
09:47:28,18.12,500,
09:47:28,18.12,200,
09:47:28,18.12,100,
09:47:28,18.12,500,
09:47:28,18.12,1200,
09:47:30,18.13,1200,
09:47:30,18.13,100,
09:47:31,18.1315,100,
09:47:31,18.1315,100,
09:47:31,18.131,300,
09:47:35,18.14,100,
09:47:35,18.1399,3500,
09:47:50,18.139,200,
09:47:53,18.14,100,
09:47:53,18.15,700,
09:47:53,18.15,400,
09:47:53,18.15,300,
09:47:53,18.15,100,
09:47:54,18.15,500,
09:47:54,18.15,1800,
09:47:54,18.16,200,
09:47:54,18.16,400,
09:47:54,18.16,500,
09:47:54,18.16,300,
09:47:54,18.16,500,
09:47:54,18.16,800,
09:47:54,18.16,400,
09:47:54,18.16,200,
09:47:54,18.17,200,
09:47:54,18.17,400,
09:47:54,18.17,100,
09:47:54,18.17,100,
09:47:54,18.17,100,
09:47:54,18.17,100,
09:47:54,18.17,100,
09:47:54,18.17,100,
09:47:54,18.17,500,
09:47:54,18.17,100,
09:47:54,18.17,100,
09:47:54,18.17,100,
09:47:54,18.17,100,
09:47:54,18.17,100,
09:47:54,18.17,100,
09:47:54,18.17,100,
09:47:54,18.17,100,
09:47:54,18.18,300,
09:47:55,18.16,6400,
09:47:55,18.17,200,
09:47:55,18.189,400,
09:47:56,18.18,100,
09:47:56,18.18,300,
09:47:56,18.19,900,
09:47:56,18.19,100,
09:47:56,18.20,100,
09:47:56,18.19,200,
09:47:56,18.19,2000,
09:47:58,18.17,200,
09:47:58,18.16,200,
09:47:58,18.16,200,
09:47:58,18.16,200,
09:47:58,18.16,100,
09:47:58,18.16,100,
09:47:58,18.16,400,
09:48:01,18.159,1500,
09:48:02,18.169,200,
09:48:04,18.17,200,
09:48:04,18.17,300,
09:48:04,18.17,100,
09:48:04,18.17,600,
09:48:13,18.18,900,
09:48:14,18.18,100,
09:48:14,18.18,1200,
09:48:16,18.191,2500,
09:48:20,18.18,500,
09:48:25,18.179,1500,
09:48:26,18.179,1325,
09:48:30,18.17,2100,
09:48:30,18.17,1200,
09:48:30,18.17,1200,
09:48:30,18.16,1455,
09:48:30,18.16,500,
09:48:30,18.16,200,
09:48:30,18.16,100,
09:48:30,18.16,100,
09:48:31,18.17,100,
09:48:31,18.17,100,
09:48:32,18.18,100,
09:48:34,18.1799,1000,
09:48:50,18.189,3000,
09:48:53,18.19,500,
09:48:53,18.20,400,
09:48:58,18.20,1200,
09:48:58,18.20,100,
09:48:58,18.20,700,
09:48:58,18.20,900,
09:48:58,18.20,100,
09:48:58,18.20,2400,
09:48:58,18.20,800,
09:48:58,18.20,100,
09:48:58,18.20,400,
09:48:58,18.20,100,
09:48:58,18.201,1000,
09:49:01,18.21,100,
09:49:01,18.21,100,
09:49:04,18.21,400,
09:49:05,18.21,600,
09:49:06,18.209,240,
09:49:08,18.21,700,
09:49:08,18.21,100,
09:49:08,18.21,100,
09:49:08,18.21,100,
09:49:08,18.21,100,
09:49:08,18.21,400,
09:49:13,18.21,279,
09:49:13,18.21,1321,
09:49:13,18.21,3721,
09:49:13,18.22,300,
09:49:13,18.22,100,
09:49:13,18.22,100,
09:49:14,18.2271,200,
09:49:15,18.22,100,
09:49:15,18.22,100,
09:49:21,18.2285,3000,
09:49:22,18.229,2000,
09:49:26,18.22,200,
09:49:26,18.22,400,
09:49:26,18.21,700,
09:49:26,18.21,100,
09:49:27,18.19,300,
09:49:27,18.20,200,
09:49:27,18.1971,200,
09:49:28,18.196,200,
09:49:33,18.196,300,
09:49:36,18.20,100,
09:49:36,18.20,200,
09:49:37,18.191,1000,
09:49:37,18.19,1000,
09:49:42,18.2198,2500,
09:49:43,18.22,300,
09:49:46,18.235,1000,
09:49:48,18.24,1000,
09:49:48,18.24,500,
09:49:49,18.24,100,
09:49:50,18.24,100,
09:49:51,18.237,400,
09:49:52,18.239,1400,
09:49:53,18.231,500,
09:49:53,18.24,600,
09:49:55,18.23,1400,
09:49:55,18.23,300,
09:49:55,18.2225,5100,
09:49:57,18.2209,2800,
09:49:57,18.23,1200,
09:49:57,18.24,400,
09:50:04,18.24,100,
09:50:04,18.25,300,
09:50:04,18.25,100,
09:50:04,18.25,500,
09:50:04,18.25,100,
09:50:06,18.25,200,
09:50:06,18.25,100,
09:50:06,18.25,155,
09:50:06,18.25,400,
09:50:06,18.25,300,
09:50:07,18.2402,600,
09:50:08,18.2401,4090,
09:50:13,18.2402,2500,
09:50:14,18.24,800,
09:50:15,18.24,700,
09:50:15,18.24,100,
09:50:15,18.24,100,
09:50:19,18.23,200,
09:50:19,18.23,100,
09:50:19,18.23,400,
09:50:20,18.2371,200,
09:50:20,18.2301,100,
09:50:21,18.2399,2000,
09:50:25,18.237,500,
09:50:26,18.2398,350,
09:50:29,18.2398,250,
09:50:29,18.239,500,
09:50:33,18.23,100,
09:50:34,18.231,140,
09:50:54,18.22,100,
09:50:54,18.22,600,
09:50:54,18.22,100,
09:50:55,18.225,2800,
09:50:56,18.22,800,
09:50:56,18.211,350,
09:50:59,18.2099,800,
09:51:01,18.21,200,
09:51:02,18.2002,200,
09:51:06,18.20,100,
09:51:06,18.20,200,
09:51:08,18.2119,300,
09:51:17,18.2001,2000,
09:51:21,18.22,200,
09:51:21,18.22,100,
09:51:21,18.22,100,
09:51:21,18.22,100,
09:51:28,18.22,100,
09:51:29,18.22,100,
09:51:29,18.22,300,
09:51:31,18.23,800,
09:51:32,18.23,1200,
09:51:33,18.239,100,
09:51:44,18.221,300,
09:51:50,18.2299,1000,
09:51:51,18.226,250,
09:52:00,18.22,500,
09:52:03,18.211,300,
09:52:07,18.2088,500,
09:52:10,18.20,100,
09:52:10,18.20,400,
09:52:10,18.20,700,
09:52:10,18.20,100,
09:52:10,18.20,400,
09:52:23,18.22,1000,
09:52:26,18.22,300,
09:52:27,18.22,100,
09:52:27,18.22,100,
09:52:27,18.22,200,
09:52:27,18.22,100,
09:52:27,18.22,400,
09:52:32,18.22,1500,
09:52:34,18.23,2200,
09:52:34,18.23,1500,
09:52:34,18.23,1500,
09:52:34,18.23,2200,
09:52:35,18.2371,100,
09:52:35,18.2373,100,
09:52:35,18.2375,100,
09:52:35,18.23,100,
09:52:35,18.23,100,
09:52:45,18.221,1930,
09:52:47,18.22,700,
09:52:48,18.22,100,
09:52:48,18.2267,2000,
09:52:50,18.22,100,
09:52:52,18.22,3000,
09:52:57,18.2102,5000,
09:52:59,18.2095,542,
09:53:00,18.21,175,
09:53:02,18.2095,775,
09:53:04,18.20,400,
09:53:04,18.20,100,
09:53:04,18.20,200,
09:53:04,18.20,400,
09:53:04,18.20,500,
09:53:04,18.20,800,
09:53:04,18.20,200,
09:53:09,18.19,130,
09:53:09,18.19,300,
09:53:09,18.19,200,
09:53:09,18.19,570,
09:53:09,18.19,100,
09:53:12,18.181,400,
09:53:15,18.19,300,
09:53:20,18.17,100,
09:53:20,18.17,300,
09:53:21,18.16,500,
09:53:21,18.17,200,
09:53:21,18.17,500,
09:53:23,18.18,377,
09:53:25,18.17,2300,
09:53:28,18.179,100,
09:53:29,18.18,1900,
09:53:31,18.1803,100,
09:53:42,18.19,1000,
09:53:48,18.182,285,
09:53:50,18.19,1330,
09:54:04,18.17,100,
09:54:04,18.17,100,
09:54:04,18.17,100,
09:54:04,18.17,100,
09:54:08,18.16,100,
09:54:08,18.1601,100,
09:54:11,18.1601,100,
09:54:11,18.16,100,
09:54:14,18.16,100,
09:54:23,18.15,4000,
09:54:24,18.16,100,
09:54:24,18.16,400,
09:54:26,18.15,300,
09:54:26,18.15,500,
09:54:29,18.141,200,
09:54:32,18.14,200,
09:54:32,18.14,400,
09:54:32,18.14,200,
09:54:32,18.139,100,
09:54:32,18.139,1600,
09:54:33,18.139,200,
09:54:34,18.139,400,
09:54:41,18.15,335,
09:54:41,18.15,100,
09:54:41,18.15,100,
09:54:47,18.15,400,
09:54:48,18.149,100,
09:54:49,18.15,2000,
09:54:55,18.16,200,
09:54:55,18.16,100,
09:54:55,18.16,100,
09:55:05,18.1498,7500,
09:55:08,18.143,500,
09:55:18,18.14,1500,
09:55:25,18.149,200,
09:55:30,18.16,200,
09:55:31,18.15,9200,
09:55:34,18.15,100,
09:55:35,18.15,100,
09:55:39,18.16,100,
09:55:39,18.151,275,
09:55:39,18.151,200,
09:55:39,18.15,200,
09:55:41,18.15,1200,
09:55:42,18.16,1000,
09:55:47,18.21,1000,
09:55:48,18.21,200,
09:55:48,18.21,2000,
09:55:53,18.22,400,
09:55:53,18.22,400,
09:55:53,18.22,100,
09:55:53,18.22,400,
09:55:55,18.22,300,
09:55:57,18.21,1500,
09:56:02,18.219,600,
09:56:02,18.20,400,
09:56:06,18.191,2000,
09:56:17,18.18,300,
09:56:20,18.18,400,
09:56:26,18.19,200,
09:56:28,18.19,400,
09:56:34,18.21,300,
09:56:36,18.20,100,
09:56:38,18.1971,100,
09:56:39,18.1902,2000,
09:56:41,18.2002,1290,
09:56:46,18.201,2000,
09:56:48,18.206,200,
09:56:53,18.21,300,
09:56:57,18.201,300,
09:57:04,18.20,100,
09:57:10,18.2073,500,
09:57:17,18.19,200,
09:57:17,18.19,400,
09:57:25,18.1955,250,
09:57:28,18.196,100,
09:57:38,18.18,100,
09:57:40,18.1895,400,
09:57:43,18.18,100,
09:57:55,18.17,200,
09:57:55,18.17,100,
09:57:55,18.17,400,
09:57:58,18.171,300,
09:58:00,18.18,400,
09:58:00,18.18,1200,
09:58:00,18.18,200,
09:58:00,18.18,100,
09:58:10,18.179,322,
09:58:16,18.179,600,
09:58:20,18.16,100,
09:58:20,18.16,200,
09:58:20,18.16,300,
09:58:25,18.166,100,
09:58:36,18.18,1000,
09:58:39,18.1875,140,
09:58:40,18.18,300,
09:58:45,18.1801,130,
09:59:06,18.171,400,
09:59:11,18.1722,3000,
09:59:16,18.1755,100,
09:59:18,18.17,400,
09:59:21,18.169,1000,
09:59:27,18.164,200,
09:59:28,18.16,354,
09:59:28,18.16,600,
09:59:29,18.15,200,
09:59:29,18.15,400,
09:59:30,18.15,350,
09:59:31,18.14,800,
09:59:31,18.14,400,
09:59:33,18.13,200,
09:59:42,18.145,322,
09:59:46,18.14,1768,
09:59:48,18.14,2910,
09:59:54,18.141,1000,
10:00:05,18.17,11000,
10:00:06,18.16,100,
10:00:07,18.15,300,
10:00:10,18.17,1200,
10:00:11,18.157,1070,
10:00:14,18.17,300,
10:00:17,18.189,1000,
10:00:22,18.20,200,
10:00:23,18.20,200,
10:00:23,18.20,100,
10:00:25,18.209,600,
10:00:25,18.201,2500,
10:00:28,18.22,100,
10:00:28,18.22,7500,
10:00:30,18.22,400,
10:00:30,18.23,500,
10:00:30,18.23,200,
10:00:30,18.23,2500,
10:00:31,18.23,400,
10:00:37,18.24,400,
10:00:40,18.249,1000,
10:00:42,18.2302,5000,
10:00:46,18.23,400,
10:00:46,18.231,1000,
10:00:47,18.23,200,
10:00:47,18.22,100,
10:00:48,18.22,100,
10:00:49,18.219,200,
10:00:50,18.22,400,
10:00:52,18.22,200,
10:00:58,18.22,1000,
10:01:02,18.219,3000,
10:01:03,18.21,100,
10:01:10,18.22,100,
10:01:10,18.22,100,
10:01:10,18.22,200,
10:01:10,18.22,1200,
10:01:10,18.22,600,
10:01:10,18.22,1800,
10:01:10,18.22,200,
10:01:10,18.22,100,
10:01:10,18.22,600,
10:01:10,18.22,900,
10:01:10,18.22,100,
10:01:10,18.22,700,
10:01:10,18.22,300,
10:01:10,18.22,1200,
10:01:10,18.22,177,
10:01:10,18.23,100,
10:01:10,18.23,400,
10:01:10,18.23,100,
10:01:13,18.22,200,
10:01:13,18.22,100,
10:01:13,18.22,300,
10:01:13,18.22,400,
10:01:13,18.22,100,
10:01:13,18.22,100,
10:01:13,18.22,1500,
10:01:18,18.2223,100,
10:01:18,18.2222,200,
10:01:18,18.2221,100,
10:01:18,18.2206,2100,
10:01:18,18.2219,100,
10:01:21,18.23,215,
10:01:22,18.23,200,
10:01:22,18.229,200,
10:01:27,18.22,600,
10:01:29,18.219,200,
10:01:31,18.23,100,
10:01:32,18.24,4000,
10:01:32,18.24,100,
10:01:32,18.24,600,
10:01:33,18.24,950,
10:01:33,18.24,200,
10:01:33,18.24,100,
10:01:35,18.24,200,
10:01:37,18.2401,500,
10:01:37,18.24,200,
10:01:38,18.2495,1000,
10:01:38,18.25,600,
10:01:38,18.25,600,
10:01:38,18.25,300,
10:01:38,18.25,500,
10:01:38,18.25,500,
10:01:38,18.26,400,
10:01:38,18.26,100,
10:01:38,18.26,100,
10:01:39,18.25,200,
10:01:43,18.2501,180,
10:01:45,18.25,100,
10:01:46,18.249,100,
10:01:47,18.249,400,
10:01:54,18.241,600,
10:01:57,18.2481,100,
10:01:58,18.25,2100,
10:02:01,18.2395,500,
10:02:07,18.243,800,
10:02:10,18.239,300,
10:02:19,18.239,500,
10:02:24,18.23,1000,
10:02:25,18.22,500,
10:02:26,18.24,800,
10:02:27,18.25,300,
10:02:31,18.25,100,
10:02:31,18.25,100,
10:02:32,18.249,300,
10:02:34,18.23,100,
10:02:37,18.22,300,
10:02:37,18.21,200,
10:02:37,18.21,100,
10:02:37,18.20,100,
10:02:37,18.20,290,
10:02:37,18.20,700,
10:02:37,18.20,100,
10:02:37,18.20,400,
10:02:37,18.20,100,
10:02:37,18.20,100,
10:02:37,18.20,100,
10:02:37,18.229,100,
10:02:39,18.181,800,
10:02:41,18.19,600,
10:02:41,18.19,600,
10:02:41,18.20,100,
10:02:41,18.20,100,
10:02:41,18.20,200,
10:02:41,18.20,100,
10:02:41,18.20,100,
10:02:42,18.191,500,
10:02:43,18.20,100,
10:02:44,18.2117,100,
10:02:44,18.2113,200,
10:02:44,18.21,1900,
10:02:46,18.2186,100,
10:02:46,18.219,200,
10:02:48,18.23,1800,
10:02:49,18.24,800,
10:02:49,18.24,800,
10:02:49,18.24,400,
10:02:49,18.24,300,
10:02:50,18.24,2200,
10:02:50,18.24,100,
10:02:51,18.2473,1000,
10:02:51,18.24,100,
10:02:53,18.239,1000,
10:02:54,18.24,400,
10:02:54,18.24,800,
10:02:54,18.24,300,
10:02:54,18.24,100,
10:02:55,18.239,400,
10:02:57,18.2398,1200,
10:02:58,18.241,2000,
10:02:59,18.25,100,
10:03:02,18.24,100,
10:03:10,18.239,200,
10:03:11,18.239,100,
10:03:13,18.25,200,
10:03:13,18.26,600,
10:03:13,18.26,100,
10:03:13,18.26,300,
10:03:13,18.26,290,
10:03:24,18.239,100,
10:03:24,18.239,100,
10:03:26,18.25,100,
10:03:26,18.25,100,
10:03:26,18.25,100,
10:03:28,18.256,300,
10:03:28,18.26,200,
10:03:28,18.27,600,
10:03:28,18.28,430,
10:03:28,18.28,300,
10:03:28,18.28,326,
10:03:28,18.28,100,
10:03:29,18.28,200,
10:03:29,18.28,400,
10:03:29,18.28,200,
10:03:29,18.28,200,
10:03:29,18.28,200,
10:03:30,18.29,100,
10:03:30,18.29,300,
10:03:31,18.29,100,
10:03:32,18.299,300,
10:03:32,18.2999,3000,
10:03:33,18.29,2000,
10:03:33,18.29,600,
10:03:33,18.29,300,
10:03:33,18.29,200,
10:03:34,18.30,1000,
10:03:35,18.299,1800,
10:03:36,18.28,100,
10:03:37,18.2799,700,
10:03:37,18.2799,700,
10:03:37,18.2727,1000,
10:03:38,18.2729,300,
10:03:40,18.2789,500,
10:03:43,18.29,100,
10:03:46,18.28,200,
10:03:52,18.2817,200,
10:03:52,18.2817,700,
10:03:52,18.281,200,
10:03:52,18.281,100,
10:03:52,18.281,1500,
10:03:54,18.2862,100,
10:03:59,18.29,2400,
10:03:59,18.28,200,
10:04:00,18.28,200,
10:04:01,18.2898,2000,
10:04:01,18.287,1500,
10:04:02,18.28,200,
10:04:02,18.28,400,
10:04:02,18.2899,300,
10:04:08,18.299,1000,
10:04:11,18.2973,1000,
10:04:16,18.297,1000,
10:04:18,18.28,800,
10:04:20,18.2773,800,
10:04:22,18.276,260,
10:04:26,18.27,300,
10:04:26,18.27,300,
10:04:26,18.27,400,
10:04:26,18.27,100,
10:04:26,18.27,200,
10:04:26,18.27,800,
10:04:26,18.27,254,
10:04:27,18.279,100,
10:04:27,18.27,300,
10:04:27,18.26,1925,
10:04:30,18.269,200,
10:04:32,18.261,900,
10:04:34,18.27,400,
10:04:35,18.28,200,
10:04:40,18.28,200,
10:04:41,18.2771,300,
10:04:51,18.28,400,
10:04:51,18.28,500,
10:04:51,18.28,200,
10:04:57,18.27,1000,
10:04:59,18.269,400,
10:05:07,18.2705,100,
10:05:12,18.269,600,
10:05:13,18.26,100,
10:05:13,18.26,100,
10:05:13,18.26,600,
10:05:13,18.26,400,
10:05:13,18.26,100,
10:05:13,18.26,100,
10:05:13,18.26,100,
10:05:13,18.25,200,
10:05:13,18.26,900,
10:05:14,18.25,150,
10:05:22,18.277,500,
10:05:23,18.279,500,
10:05:28,18.28,100,
10:05:28,18.28,100,
10:05:29,18.271,750,
10:05:36,18.2701,600,
10:05:40,18.28,100,
10:05:41,18.279,4500,
10:05:46,18.27,200,
10:05:52,18.2701,1500,
10:05:58,18.28,700,
10:05:58,18.28,100,
10:05:58,18.28,200,
10:05:58,18.28,300,
10:06:00,18.29,100,
10:06:04,18.29,600,
10:06:07,18.29,655,
10:06:07,18.29,800,
10:06:07,18.29,300,
10:06:07,18.29,1545,
10:06:08,18.29,245,
10:06:13,18.2899,112,
10:06:16,18.2755,100,
10:06:16,18.2755,1000,
10:06:16,18.2766,100,
10:06:16,18.2766,100,
10:06:16,18.2701,600,
10:06:17,18.2799,437,
10:06:21,18.279,200,
10:06:21,18.279,200,
10:06:21,18.29,2400,
10:06:24,18.28,200,
10:06:24,18.28,400,
10:06:24,18.28,100,
10:06:29,18.2899,250,
10:06:30,18.281,4000,
10:06:32,18.28,100,
10:06:32,18.28,200,
10:06:32,18.28,100,
10:06:32,18.28,100,
10:06:32,18.271,1000,
10:06:33,18.27,1300,
10:06:43,18.2746,200,
10:06:43,18.28,100,
10:06:51,18.27,700,
10:06:55,18.27,1500,
10:07:00,18.266,500,
10:07:02,18.26,1000,
10:07:02,18.27,100,
10:07:02,18.27,100,
10:07:09,18.28,200,
10:07:12,18.279,200,
10:07:14,18.251,700,
10:07:20,18.26,218,
10:07:22,18.2627,1000,
10:07:23,18.261,600,
10:07:26,18.261,3500,
10:07:29,18.2599,100,
10:07:36,18.26,800,
10:07:36,18.26,400,
10:07:36,18.26,400,
10:07:36,18.27,100,
10:07:36,18.27,500,
10:07:42,18.26,400,
10:07:43,18.27,400,
10:07:44,18.27,100,
10:07:44,18.27,1200,
10:07:44,18.27,800,
10:07:44,18.27,400,
10:07:46,18.26,155,
10:07:46,18.26,100,
10:07:51,18.26,163,
10:07:58,18.27,400,
10:07:58,18.27,100,
10:07:58,18.27,200,
10:07:58,18.27,100,
10:07:58,18.27,200,
10:07:58,18.27,200,
10:07:58,18.27,100,
10:07:58,18.27,100,
10:07:59,18.26,300,
10:08:00,18.27,1000,
10:08:14,18.25,2380,
10:08:15,18.2527,1500,
10:08:22,18.2527,663,
10:08:25,18.2515,2500,
10:08:36,18.25,3648,
10:08:37,18.25,460,
10:08:37,18.24,600,
10:08:39,18.25,400,
10:08:40,18.2571,200,
10:08:48,18.26,300,
10:08:48,18.26,992,
10:08:48,18.26,400,
10:08:48,18.259,700,
10:08:57,18.22,400,
10:08:57,18.22,300,
10:08:57,18.22,300,
10:08:57,18.22,1300,
10:08:57,18.21,600,
10:08:58,18.21,1200,
10:08:59,18.20,500,
10:09:00,18.209,1000,
10:09:01,18.21,400,
10:09:06,18.22,300,
10:09:06,18.22,200,
10:09:06,18.22,100,
10:09:06,18.22,400,
10:09:16,18.23,100,
10:09:16,18.24,100,
10:09:27,18.2373,1100,
10:09:30,18.229,1000,
10:09:42,18.24,100,
10:09:49,18.26,100,
10:09:49,18.26,100,
10:09:51,18.2598,1000,
10:09:52,18.25,100,
10:09:52,18.25,100,
10:09:52,18.25,200,
10:09:52,18.25,100,
10:09:53,18.2573,1500,
10:09:56,18.25,300,
10:10:08,18.259,1000,
10:10:15,18.26,200,
10:10:18,18.25,300,
10:10:18,18.25,400,
10:10:27,18.259,100,
10:10:38,18.24,100,
10:11:04,18.25,100,
10:11:04,18.25,400,
10:11:04,18.25,200,
10:11:04,18.25,600,
10:11:09,18.26,300,
10:11:09,18.26,100,
10:11:11,18.26,100,
10:11:11,18.25,100,
10:11:11,18.25,100,
10:11:11,18.25,100,
10:11:11,18.25,200,
10:11:14,18.24,700,
10:11:14,18.24,300,
10:11:22,18.24,900,
10:11:22,18.24,300,
10:11:22,18.2401,2300,
10:11:23,18.24,400,
10:11:23,18.24,100,
10:11:30,18.2502,2000,
10:11:40,18.23,1000,
10:11:40,18.2299,300,
10:11:40,18.23,300,
10:11:40,18.23,300,
10:11:53,18.22,100,
10:11:56,18.2398,600,
10:12:06,18.2575,1500,
10:12:17,18.2327,1000,
10:12:33,18.25,100,
10:12:41,18.2301,2000,
10:13:13,18.259,700,
10:13:44,18.24,200,
10:13:44,18.24,200,
10:13:47,18.25,500,
10:13:48,18.26,2100,
10:13:48,18.26,800,
10:13:54,18.27,1200,
10:13:54,18.27,400,
10:13:54,18.27,300,
10:13:55,18.27,400,
10:13:55,18.27,400,
10:13:55,18.27,100,
10:13:57,18.2673,1000,
10:13:58,18.26,100,
10:13:58,18.26,100,
10:14:06,18.26,500,
10:14:12,18.269,500,
10:14:16,18.267,1400,
10:14:18,18.25,300,
10:14:18,18.25,100,
10:14:37,18.25,100,
10:14:44,18.2494,2400,
10:14:44,18.25,1100,
10:14:44,18.25,1900,
10:14:59,18.24,100,
10:15:01,18.249,1000,
10:15:04,18.249,200,
10:15:14,18.24,300,
10:15:14,18.24,500,
10:15:30,18.23,455,
10:15:38,18.241,800,
10:15:53,18.24,100,
10:15:56,18.24,400,
10:15:58,18.23,800,
10:15:58,18.23,100,
10:15:58,18.23,100,
10:15:58,18.23,1500,
10:15:58,18.23,700,
10:15:58,18.23,900,
10:15:58,18.23,104,
10:15:59,18.24,100,
10:16:03,18.23,600,
10:16:03,18.22,600,
10:16:03,18.23,200,
10:16:09,18.23,255,
10:16:09,18.23,400,
10:16:14,18.23,400,
10:16:21,18.22,300,
10:16:21,18.23,700,
10:16:28,18.24,300,
10:16:33,18.24,100,
10:16:48,18.231,2600,
10:16:50,18.23,100,
10:16:50,18.23,500,
10:16:50,18.23,900,
10:16:50,18.23,600,
10:17:00,18.234,250,
10:17:02,18.23,200,
10:17:10,18.24,400,
10:17:10,18.24,200,
10:17:10,18.24,300,
10:17:10,18.24,156,
10:17:15,18.24,600,
10:17:15,18.241,6300,
10:17:30,18.25,300,
10:17:30,18.25,1445,
10:17:38,18.258,250,
10:17:43,18.25,220,
10:17:45,18.25,5000,
10:17:49,18.26,245,
10:17:49,18.26,345,
10:17:50,18.2681,200,
10:17:50,18.269,300,
10:18:21,18.25,200,
10:18:23,18.24,100,
10:18:23,18.24,100,
10:18:40,18.233,1247,
10:18:42,18.23,300,
10:18:58,18.24,1000,
10:18:59,18.23,800,
10:19:08,18.229,200,
10:19:09,18.22,1400,
10:19:11,18.21,100,
10:19:17,18.21,600,
10:19:17,18.21,200,
10:19:19,18.219,3500,
10:19:29,18.20,300,
10:19:31,18.201,3000,
10:19:33,18.20,1500,
10:19:36,18.201,500,
10:19:36,18.20,600,
10:19:37,18.21,800,
10:19:37,18.21,100,
10:19:37,18.21,400,
10:19:40,18.219,200,
10:19:52,18.21,500,
10:19:53,18.21,1000,
10:19:58,18.21,300,
10:19:58,18.22,225,
10:19:58,18.22,300,
10:19:58,18.22,400,
10:19:58,18.22,100,
10:19:58,18.22,100,
10:19:58,18.22,100,
10:20:00,18.20,300,
10:20:07,18.2001,900,
10:20:10,18.20,500,
10:20:13,18.199,150,
10:20:24,18.2001,250,
10:20:37,18.18,200,
10:20:38,18.1827,800,
10:20:39,18.191,1000,
10:20:39,18.20,100,
10:20:43,18.201,1000,
10:20:48,18.19,100,
10:20:50,18.19,180,
10:20:50,18.19,1000,
10:20:50,18.19,1020,
10:20:51,18.191,500,
10:20:55,18.20,2000,
10:21:19,18.21,500,
10:21:35,18.22,500,
10:21:43,18.22,400,
10:21:44,18.23,100,
10:21:52,18.229,200,
10:22:05,18.219,3000,
10:22:10,18.21,7725,
10:22:18,18.2129,100,
10:22:21,18.20,100,
10:22:21,18.20,500,
10:22:30,18.201,100,
10:22:32,18.20,112,
10:22:37,18.22,100,
10:22:43,18.22,300,
10:22:46,18.211,300,
10:22:50,18.22,100,
10:22:50,18.22,600,
10:22:53,18.227,1000,
10:23:04,18.21,800,
10:23:04,18.21,600,
10:23:22,18.21,400,
10:23:24,18.20,300,
10:23:26,18.19,155,
10:23:26,18.19,100,
10:23:26,18.19,1100,
10:23:26,18.19,1245,
10:23:26,18.19,200,
10:23:38,18.19,100,
10:23:39,18.18,500,
10:23:39,18.18,100,
10:23:39,18.18,800,
10:23:39,18.18,100,
10:23:39,18.18,200,
10:23:39,18.18,100,
10:23:39,18.18,100,
10:23:39,18.18,100,
10:23:39,18.18,200,
10:23:39,18.18,100,
10:23:39,18.18,1100,
10:23:39,18.18,100,
10:23:39,18.18,200,
10:23:39,18.18,300,
10:23:39,18.18,100,
10:23:41,18.181,5000,
10:23:41,18.183,1000,
10:23:42,18.181,500,
10:23:50,18.19,300,
10:23:51,18.18,100,
10:23:53,18.18,100,
10:23:55,18.187,1000,
10:24:03,18.18,353,
10:24:09,18.196,100,
10:24:32,18.179,200,
10:24:33,18.16,1000,
10:24:34,18.161,248,
10:24:50,18.1802,3000,
10:24:58,18.1871,100,
10:25:02,18.191,150,
10:25:34,18.19,200,
10:25:34,18.19,200,
10:25:38,18.2027,500,
10:25:43,18.21,1500,
10:25:45,18.21,200,
10:25:45,18.21,200,
10:25:47,18.19,800,
10:25:47,18.19,400,
10:25:47,18.19,200,
10:25:47,18.19,100,
10:25:47,18.19,600,
10:25:47,18.19,100,
10:25:47,18.19,1000,
10:25:47,18.19,1800,
10:25:47,18.19,200,
10:25:47,18.19,400,
10:25:47,18.19,1200,
10:25:47,18.19,1100,
10:25:57,18.1899,450,
10:26:01,18.18,1000,
10:26:03,18.181,2000,
10:26:06,18.18,1500,
10:26:06,18.18,400,
10:26:17,18.1729,200,
10:26:23,18.15,100,
10:26:26,18.1527,765,
10:26:26,18.151,1000,
10:26:32,18.153,1000,
10:26:37,18.1527,500,
10:26:41,18.15,100,
10:26:42,18.15,400,
10:26:42,18.15,500,
10:26:46,18.1629,200,
10:26:49,18.17,300,
10:26:49,18.17,500,
10:26:51,18.17,200,
10:26:59,18.17,300,
10:26:59,18.17,100,
10:26:59,18.17,300,
10:27:01,18.17,100,
10:27:01,18.17,400,
10:27:01,18.17,1800,
10:27:01,18.16,3267,
10:27:01,18.161,700,
10:27:05,18.16,1000,
10:27:19,18.1673,1000,
10:27:23,18.16,100,
10:27:23,18.1601,900,
10:27:40,18.1627,1000,
10:27:41,18.16,3300,
10:27:41,18.16,192,
10:27:54,18.1501,600,
10:27:56,18.16,200,
10:27:56,18.16,800,
10:27:57,18.16,100,
10:28:07,18.1599,5000,
10:28:24,18.16,300,
10:28:24,18.16,200,
10:28:24,18.16,400,
10:28:24,18.169,425,
10:28:30,18.16,200,
10:28:40,18.17,200,
10:28:47,18.179,1000,
10:29:14,18.179,1000,
10:29:21,18.18,100,
10:29:26,18.19,700,
10:29:26,18.1865,1800,
10:29:31,18.1895,500,
10:29:51,18.189,2500,
10:29:54,18.189,4000,
10:29:59,18.1829,200,
10:30:04,18.1998,2000,
10:30:19,18.1938,250,
10:30:40,18.1987,250,
10:30:43,18.1999,200,
10:30:50,18.19,200,
10:30:50,18.19,200,
10:30:56,18.20,100,
10:30:57,18.199,100,
10:30:57,18.18,700,
10:31:16,18.18,500,
10:31:16,18.18,200,
10:31:22,18.19,200,
10:31:22,18.19,1100,
10:31:26,18.18,100,
10:31:26,18.18,400,
10:31:28,18.18,120,
10:31:28,18.18,200,
10:31:29,18.18,220,
10:31:48,18.19,1000,
10:31:52,18.20,100,
10:31:53,18.19,100,
10:31:53,18.19,500,
10:32:06,18.191,200,
10:32:06,18.193,1200,
10:32:17,18.191,215,
10:33:04,18.20,100,
10:33:15,18.20,500,
10:33:16,18.20,400,
10:33:17,18.21,800,
10:33:17,18.21,600,
10:33:17,18.21,3005,
10:33:23,18.22,100,
10:33:23,18.22,100,
10:33:23,18.22,400,
10:33:23,18.2199,1000,
10:33:26,18.21,300,
10:33:31,18.21,400,
10:33:33,18.209,2500,
10:33:38,18.205,500,
10:33:43,18.22,400,
10:33:43,18.23,200,
10:33:43,18.23,1200,
10:33:43,18.2302,1800,
10:33:45,18.23,400,
10:33:48,18.24,10000,
10:33:53,18.23,500,
10:33:54,18.23,200,
10:33:56,18.24,300,
10:34:02,18.24,100,
10:34:13,18.2477,300,
10:34:13,18.249,300,
10:34:15,18.24,800,
10:34:16,18.2301,1400,
10:34:20,18.2399,850,
10:34:21,18.23,100,
10:34:24,18.249,1200,
10:34:27,18.24,1100,
10:34:32,18.2375,500,
10:34:32,18.24,500,
10:34:33,18.2385,100,
10:34:49,18.24,400,
10:34:49,18.24,100,
10:35:00,18.229,1500,
10:35:06,18.23,200,
10:35:06,18.23,1000,
10:35:12,18.23,200,
10:35:12,18.22,5000,
10:35:12,18.239,100,
10:35:15,18.24,700,
10:35:15,18.24,8400,
10:35:17,18.23,300,
10:35:17,18.23,6200,
10:35:17,18.23,860,
10:35:21,18.229,550,
10:35:21,18.229,1000,
10:35:33,18.2171,283,
10:35:53,18.21,400,
10:36:25,18.22,100,
10:36:25,18.22,400,
10:36:33,18.22,100,
10:36:53,18.249,300,
10:37:13,18.249,350,
10:37:20,18.249,3000,
10:37:29,18.249,3000,
10:37:30,18.24,200,
10:37:30,18.231,450,
10:37:38,18.2465,390,
10:37:39,18.25,100,
10:37:59,18.24,100,
10:38:04,18.2401,450,
10:38:16,18.249,1000,
10:38:19,18.25,400,
10:38:22,18.241,1000,
10:38:23,18.2497,100,
10:38:23,18.249,200,
10:38:25,18.2495,100,
10:38:25,18.249,400,
10:38:34,18.241,3000,
10:38:38,18.26,500,
10:38:38,18.26,300,
10:38:38,18.26,100,
10:38:38,18.27,300,
10:38:38,18.27,300,
10:38:39,18.27,800,
10:38:39,18.27,1500,
10:38:39,18.27,1300,
10:38:39,18.27,400,
10:38:39,18.27,100,
10:38:39,18.27,200,
10:38:39,18.27,800,
10:38:39,18.27,500,
10:38:39,18.27,300,
10:38:39,18.27,5800,
10:38:40,18.26,300,
10:38:40,18.26,100,
10:38:41,18.26,100,
10:38:41,18.27,200,
10:38:46,18.26,100,
10:38:58,18.261,4000,
10:39:00,18.26,400,
10:39:14,18.269,1000,
10:39:19,18.269,500,
10:39:20,18.28,1100,
10:39:20,18.28,1700,
10:39:22,18.27,100,
10:39:22,18.27,100,
10:39:22,18.27,300,
10:39:22,18.27,100,
10:39:22,18.27,100,
10:39:22,18.2701,1500,
10:39:25,18.271,2100,
10:39:25,18.271,900,
10:39:28,18.27,100,
10:39:29,18.2773,1000,
10:39:29,18.279,4400,
10:39:35,18.28,10000,
10:39:43,18.27,400,
10:39:44,18.269,500,
10:39:48,18.2767,1600,
10:39:48,18.277,700,
10:39:56,18.27,100,
10:39:56,18.27,100,
10:40:00,18.269,1000,
10:40:05,18.27,400,
10:40:13,18.269,2700,
10:40:13,18.26,400,
10:40:13,18.26,100,
10:40:13,18.27,300,
10:40:13,18.27,100,
10:40:13,18.27,300,
10:40:14,18.2717,1100,
10:40:16,18.273,1000,
10:40:26,18.26,800,
10:40:34,18.26,100,
10:40:36,18.2691,1400,
10:40:38,18.269,280,
10:40:41,18.27,3560,
10:40:48,18.269,1000,
10:40:50,18.27,100,
10:40:50,18.2602,4000,
10:41:16,18.27,2000,
10:41:18,18.26,3492,
10:41:20,18.25,1273,
10:41:20,18.25,200,
10:41:20,18.25,200,
10:41:20,18.25,530,
10:41:25,18.2401,600,
10:41:25,18.2401,700,
10:41:25,18.24,700,
10:41:26,18.24,100,
10:41:28,18.24,100,
10:41:28,18.23,100,
10:41:28,18.23,550,
10:41:28,18.24,400,
10:41:30,18.24,300,
10:41:48,18.25,300,
10:41:48,18.25,400,
10:41:50,18.259,1370,
10:42:10,18.24,465,
10:42:11,18.23,1700,
10:42:11,18.23,740,
10:42:11,18.23,200,
10:42:11,18.23,200,
10:42:11,18.22,100,
10:42:11,18.22,100,
10:42:11,18.22,100,
10:42:11,18.22,7100,
10:42:11,18.23,400,
10:42:11,18.23,200,
10:42:28,18.24,200,
10:42:47,18.269,100,
10:43:02,18.269,467,
10:43:02,18.27,467,
10:43:11,18.261,1400,
10:43:16,18.27,1700,
10:43:21,18.27,200,
10:43:34,18.28,1300,
10:43:34,18.28,800,
10:43:34,18.28,100,
10:43:34,18.28,100,
10:43:34,18.28,300,
10:43:34,18.28,600,
10:43:34,18.28,12502,
10:43:34,18.28,100,
10:43:34,18.28,100,
10:43:34,18.28,400,
10:43:34,18.28,950,
10:43:35,18.27,100,
10:43:35,18.27,1100,
10:43:35,18.27,100,
10:43:35,18.27,400,
10:43:35,18.27,200,
10:43:37,18.275,4000,
10:43:42,18.28,400,
10:43:43,18.289,500,
10:43:46,18.28,200,
10:43:46,18.28,100,
10:43:48,18.2773,1000,
10:44:02,18.277,1138,
10:44:15,18.289,200,
10:44:36,18.28,600,
10:44:36,18.28,100,
10:44:37,18.28,2000,
10:44:41,18.29,10000,
10:44:45,18.28,500,
10:44:51,18.271,1000,
10:44:59,18.28,3000,
10:44:59,18.29,2800,
10:44:59,18.29,100,
10:45:00,18.30,1060,
10:45:00,18.30,100,
10:45:01,18.2962,100,
10:45:03,18.28,300,
10:45:03,18.28,100,
10:45:05,18.28,100,
10:45:06,18.279,260,
10:45:08,18.2868,100,
10:45:08,18.2869,200,
10:45:08,18.287,700,
10:45:08,18.2873,1400,
10:45:10,18.29,200,
10:45:10,18.29,500,
10:45:10,18.281,2500,
10:45:16,18.2799,2400,
10:45:19,18.28,400,
10:45:20,18.277,1000,
10:45:21,18.279,100,
10:45:21,18.29,200,
10:45:21,18.29,800,
10:45:22,18.27,400,
10:45:24,18.266,100,
10:45:41,18.26,300,
10:45:53,18.259,100,
10:45:53,18.259,400,
10:45:55,18.25,200,
10:45:55,18.25,100,
10:45:56,18.2498,280,
10:46:02,18.24,200,
10:46:02,18.24,300,
10:46:03,18.243,700,
10:46:06,18.241,200,
10:46:15,18.25,100,
10:46:15,18.25,400,
10:46:15,18.25,113,
10:46:32,18.254,200,
10:46:51,18.24,200,
10:46:51,18.24,200,
10:46:51,18.24,908,
10:46:51,18.24,100,
10:46:51,18.24,100,
10:46:51,18.24,500,
10:46:51,18.24,100,
10:47:13,18.25,100,
10:47:14,18.24,2400,
10:47:18,18.23,200,
10:47:18,18.23,100,
10:47:18,18.23,100,
10:47:18,18.23,200,
10:47:35,18.24,320,
10:48:03,18.24,3200,
10:48:06,18.25,400,
10:48:15,18.25,100,
10:48:33,18.247,700,
10:49:01,18.24,600,
10:49:11,18.2399,2000,
10:49:17,18.2327,400,
10:49:31,18.25,140,
10:49:45,18.23,550,
10:49:49,18.22,100,
10:49:49,18.22,300,
10:49:49,18.22,100,
10:49:50,18.22,100,
10:49:50,18.2201,200,
10:49:52,18.2232,200,
10:49:52,18.2228,400,
10:50:04,18.2124,2000,
10:50:07,18.2101,4647,
10:50:10,18.21,100,
10:50:15,18.221,600,
10:50:28,18.23,100,
10:50:28,18.23,600,
10:50:28,18.23,100,
10:50:28,18.23,1800,
10:50:28,18.23,300,
10:50:44,18.22,200,
10:50:51,18.2198,4000,
10:50:52,18.22,400,
10:51:00,18.23,400,
10:51:00,18.23,200,
10:51:00,18.23,200,
10:51:01,18.24,100,
10:51:01,18.25,400,
10:51:01,18.25,900,
10:51:01,18.25,1800,
10:51:01,18.25,400,
10:51:01,18.25,300,
10:51:01,18.25,100,
10:51:01,18.25,400,
10:51:01,18.25,4200,
10:51:02,18.23,200,
10:51:03,18.25,140,
10:51:36,18.23,400,
10:51:47,18.22,200,
10:51:47,18.22,100,
10:51:47,18.22,600,
10:51:47,18.22,800,
10:52:15,18.2399,1000,
10:52:20,18.23,300,
10:52:48,18.22,200,
10:52:48,18.22,100,
10:52:48,18.22,100,
10:52:48,18.22,100,
10:52:48,18.22,300,
10:53:01,18.24,300,
10:53:08,18.23,200,
10:53:29,18.23,100,
10:53:32,18.23,300,
10:53:32,18.23,800,
10:53:32,18.23,400,
10:53:32,18.23,100,
10:53:32,18.23,100,
10:53:46,18.239,500,
10:54:05,18.24,300,
10:54:20,18.2502,400,
10:54:25,18.256,535,
10:54:30,18.27,100,
10:54:45,18.256,100,
10:55:00,18.27,200,
10:55:01,18.28,200,
10:55:05,18.30,100,
10:55:08,18.29,200,
10:55:23,18.30,200,
10:55:23,18.30,200,
10:55:24,18.28,400,
10:55:24,18.29,200,
10:55:30,18.2899,2400,
10:55:30,18.29,100,
10:55:30,18.29,200,
10:55:30,18.29,200,
10:55:36,18.28,100,
10:55:36,18.28,400,
10:55:36,18.289,800,
10:55:48,18.27,300,
10:55:56,18.29,280,
10:55:56,18.29,400,
10:55:57,18.30,400,
10:55:57,18.30,100,
10:55:57,18.30,100,
10:55:57,18.30,1500,
10:55:57,18.30,200,
10:55:57,18.31,1000,
10:55:58,18.31,5000,
10:55:59,18.30,200,
10:56:02,18.30,300,
10:56:04,18.296,200,
10:56:09,18.299,1000,
10:56:14,18.29,200,
10:56:19,18.299,1000,
10:56:21,18.291,4000,
10:56:31,18.29,100,
10:56:39,18.29,400,
10:56:44,18.30,200,
10:56:44,18.30,100,
10:56:44,18.30,400,
10:56:44,18.30,1955,
10:56:48,18.32,1000,
10:56:48,18.309,1000,
10:56:51,18.3101,1000,
10:56:51,18.30,220,
10:56:51,18.30,500,
10:56:51,18.30,200,
10:56:51,18.30,400,
10:56:51,18.30,300,
10:56:51,18.30,400,
10:56:51,18.30,3600,
10:56:51,18.30,100,
10:56:52,18.30,400,
10:56:56,18.31,10000,
10:56:59,18.31,100,
10:56:59,18.31,100,
10:56:59,18.31,500,
10:56:59,18.31,100,
10:56:59,18.31,300,
10:56:59,18.31,500,
10:56:59,18.31,500,
10:56:59,18.31,23400,
10:57:04,18.31,100,
10:57:04,18.31,400,
10:57:04,18.31,700,
10:57:06,18.309,200,
10:57:07,18.31,400,
10:57:08,18.31,100,
10:57:09,18.30,500,
10:57:09,18.30,400,
10:57:09,18.30,300,
10:57:09,18.30,200,
10:57:09,18.30,800,
10:57:09,18.30,2000,
10:57:09,18.30,100,
10:57:09,18.30,3740,
10:57:16,18.299,200,
10:57:28,18.299,800,
10:57:32,18.30,200,
10:57:32,18.30,100,
10:57:32,18.30,1600,
10:57:34,18.301,400,
10:57:35,18.30,500,
10:57:38,18.30,200,
10:57:38,18.30,400,
10:57:38,18.2999,800,
10:57:44,18.30,100,
10:57:46,18.31,400,
10:58:01,18.319,1000,
10:58:12,18.299,600,
10:58:18,18.299,400,
10:58:20,18.30,400,
10:58:25,18.30,100,
10:58:25,18.30,200,
10:58:25,18.30,200,
10:58:26,18.31,1200,
10:58:27,18.30,10000,
10:58:36,18.3098,400,
10:58:45,18.2991,200,
10:58:45,18.299,200,
10:58:46,18.29,500,
10:58:58,18.2975,500,
10:58:58,18.29,300,
10:58:58,18.29,400,
10:58:59,18.29,400,
10:59:00,18.30,300,
10:59:00,18.30,400,
10:59:00,18.30,200,
10:59:00,18.30,200,
10:59:00,18.2999,4000,
10:59:00,18.30,200,
10:59:02,18.30,300,
10:59:16,18.283,1023,
10:59:30,18.29,400,
10:59:30,18.29,300,
10:59:45,18.30,100,
10:59:45,18.30,1200,
10:59:45,18.30,100,
10:59:45,18.30,600,
10:59:45,18.30,100,
10:59:45,18.30,100,
10:59:45,18.30,100,
10:59:45,18.30,500,
10:59:45,18.30,100,
10:59:45,18.30,100,
10:59:45,18.30,400,
10:59:45,18.30,100,
10:59:45,18.30,1100,
10:59:46,18.30,1100,
10:59:59,18.28,2000,
10:59:59,18.28,500,
11:00:01,18.28,400,
11:00:04,18.29,200,
11:00:04,18.29,100,
11:00:04,18.29,100,
11:00:04,18.29,200,
11:00:04,18.29,400,
11:00:04,18.29,290,
11:00:04,18.30,1000,
11:00:05,18.31,300,
11:00:05,18.31,100,
11:00:05,18.31,200,
11:00:05,18.31,300,
11:00:08,18.31,300,
11:00:11,18.32,700,
11:00:15,18.31,300,
11:00:15,18.31,400,
11:00:15,18.31,2500,
11:00:26,18.29,260,
11:00:26,18.29,200,
11:00:27,18.29,100,
11:00:33,18.31,100,
11:00:33,18.3099,1000,
11:00:37,18.31,400,
11:00:42,18.3199,300,
11:00:42,18.32,300,
11:00:43,18.3199,300,
11:00:47,18.32,200,
11:00:47,18.32,208,
11:00:47,18.32,900,
11:00:48,18.33,100,
11:00:48,18.33,258,
11:00:55,18.33,3000,
11:00:59,18.34,1000,
11:00:59,18.34,100,
11:00:59,18.34,400,
11:00:59,18.34,555,
11:01:02,18.349,200,
11:01:03,18.35,200,
11:01:03,18.35,700,
11:01:03,18.35,1100,
11:01:04,18.34,500,
11:01:04,18.34,850,
11:01:04,18.34,500,
11:01:06,18.3399,300,
11:01:06,18.3399,300,
11:01:07,18.339,8900,
11:01:08,18.34,800,
11:01:08,18.34,400,
11:01:08,18.34,100,
11:01:08,18.34,600,
11:01:08,18.34,600,
11:01:08,18.35,100,
11:01:08,18.35,100,
11:01:09,18.35,200,
11:01:09,18.35,200,
11:01:09,18.35,100,
11:01:09,18.35,100,
11:01:12,18.35,100,
11:01:12,18.35,200,
11:01:12,18.35,100,
11:01:12,18.35,100,
11:01:12,18.35,300,
11:01:12,18.35,100,
11:01:13,18.3494,400,
11:01:13,18.3494,500,
11:01:14,18.349,300,
11:01:16,18.35,200,
11:01:16,18.35,200,
11:01:18,18.34,290,
11:01:18,18.34,300,
11:01:18,18.34,100,
11:01:18,18.3399,5600,
11:01:23,18.3402,1500,
11:01:24,18.35,100,
11:01:24,18.35,200,
11:01:24,18.35,100,
11:01:25,18.35,835,
11:01:25,18.35,800,
11:01:26,18.3438,500,
11:01:30,18.349,100,
11:01:30,18.35,800,
11:01:31,18.35,100,
11:01:31,18.3499,300,
11:01:37,18.35,1000,
11:01:37,18.343,500,
11:01:42,18.34,100,
11:02:02,18.32,100,
11:02:09,18.33,100,
11:02:14,18.33,300,
11:02:16,18.34,100,
11:02:17,18.339,200,
11:02:18,18.34,300,
11:02:19,18.3399,400,
11:02:22,18.33,100,
11:02:22,18.33,400,
11:02:25,18.339,150,
11:02:29,18.331,1000,
11:02:32,18.339,1900,
11:02:36,18.34,1000,
11:02:40,18.34,100,
11:02:40,18.34,200,
11:02:40,18.33,390,
11:02:40,18.33,100,
11:02:40,18.33,100,
11:02:47,18.33,3000,
11:02:54,18.33,300,
11:02:55,18.33,400,
11:02:55,18.33,100,
11:02:55,18.33,300,
11:02:58,18.33,200,
11:02:58,18.33,2000,
11:03:11,18.33,150,
11:03:13,18.339,200,
11:03:21,18.3475,2000,
11:03:25,18.335,100,
11:03:31,18.34,100,
11:03:34,18.3454,200,
11:03:37,18.35,1000,
11:03:37,18.35,1000,
11:03:37,18.35,100,
11:03:37,18.35,300,
11:03:37,18.35,200,
11:03:37,18.35,700,
11:03:37,18.35,200,
11:03:37,18.35,600,
11:03:37,18.35,400,
11:03:37,18.35,100,
11:03:37,18.35,300,
11:03:37,18.35,300,
11:03:37,18.35,1508,
11:03:40,18.3564,100,
11:03:40,18.35,200,
11:03:40,18.35,400,
11:03:43,18.349,600,
11:03:44,18.3499,300,
11:03:49,18.34,500,
11:03:49,18.34,200,
11:03:49,18.34,800,
11:03:49,18.34,200,
11:03:50,18.33,100,
11:03:50,18.33,200,
11:03:50,18.33,300,
11:03:50,18.32,100,
11:03:50,18.32,1400,
11:03:50,18.32,100,
11:03:50,18.32,2800,
11:03:50,18.32,200,
11:03:50,18.32,400,
11:03:50,18.32,100,
11:03:50,18.32,600,
11:03:50,18.32,100,
11:03:50,18.32,1000,
11:03:54,18.33,200,
11:03:59,18.34,100,
11:03:59,18.339,800,
11:04:06,18.33,300,
11:04:06,18.33,100,
11:04:14,18.329,100,
11:04:14,18.329,200,
11:04:15,18.33,300,
11:04:15,18.33,400,
11:04:16,18.33,300,
11:04:16,18.3299,600,
11:04:22,18.33,100,
11:04:22,18.33,300,
11:04:26,18.349,100,
11:04:29,18.35,100,
11:04:30,18.34,700,
11:04:30,18.34,159,
11:04:37,18.3405,658,
11:04:37,18.34,100,
11:04:37,18.3405,1085,
11:04:38,18.3405,775,
11:04:44,18.35,1200,
11:04:52,18.34,100,
11:04:56,18.34,100,
11:05:04,18.34,2000,
11:05:07,18.34,100,
11:05:11,18.336,350,
11:05:14,18.33,1100,
11:05:18,18.34,560,
11:05:18,18.34,100,
11:05:18,18.34,650,
11:05:18,18.34,100,
11:05:18,18.34,400,
11:05:23,18.35,1508,
11:05:25,18.35,600,
11:05:25,18.35,600,
11:05:30,18.35,900,
11:05:31,18.35,150,
11:05:31,18.35,100,
11:05:31,18.35,1225,
11:05:31,18.35,300,
11:05:31,18.35,5000,
11:05:31,18.35,460,
11:05:31,18.35,100,
11:05:31,18.35,300,
11:05:31,18.35,900,
11:05:31,18.35,100,
11:05:31,18.35,258,
11:05:31,18.35,1358,
11:05:31,18.35,650,
11:05:31,18.35,100,
11:05:36,18.36,100,
11:05:39,18.351,3744,
11:05:43,18.34,100,
11:05:43,18.34,100,
11:05:45,18.34,15000,
11:05:48,18.34,200,
11:05:52,18.349,216,
11:05:56,18.3499,100,
11:06:01,18.34,367,
11:06:05,18.3399,2000,
11:06:09,18.34,200,
11:06:09,18.34,500,
11:06:15,18.34,100,
11:06:15,18.33,100,
11:06:15,18.33,400,
11:06:15,18.33,200,
11:06:17,18.35,100,
11:06:19,18.3475,1000,
11:06:20,18.35,200,
11:06:20,18.35,200,
11:06:22,18.3515,2300,
11:06:27,18.36,2000,
11:06:35,18.35,10000,
11:06:54,18.36,300,
11:06:54,18.36,100,
11:06:55,18.37,200,
11:06:55,18.37,650,
11:06:55,18.37,300,
11:06:55,18.3799,200,
11:07:11,18.3773,1600,
11:07:14,18.361,1000,
11:07:26,18.37,400,
11:07:40,18.36,595,
11:07:51,18.363,500,
11:07:56,18.37,100,
11:07:56,18.37,300,
11:07:56,18.37,295,
11:07:56,18.37,805,
11:08:00,18.375,125,
11:08:01,18.37,700,
11:08:05,18.37,300,
11:08:05,18.37,100,
11:08:05,18.37,350,
11:08:21,18.3727,500,
11:08:21,18.38,2500,
11:08:21,18.38,400,
11:08:21,18.39,197,
11:08:22,18.40,100,
11:08:22,18.40,200,
11:08:23,18.40,900,
11:08:23,18.3982,200,
11:08:23,18.3982,400,
11:08:23,18.40,200,
11:08:23,18.40,100,
11:08:23,18.40,100,
11:08:24,18.41,200,
11:08:24,18.41,400,
11:08:24,18.41,393,
11:08:24,18.41,1300,
11:08:26,18.41,100,
11:08:26,18.41,3600,
11:08:26,18.41,100,
11:08:26,18.41,100,
11:08:26,18.409,3000,
11:08:27,18.41,100,
11:08:27,18.41,100,
11:08:27,18.41,200,
11:08:27,18.41,300,
11:08:27,18.41,1200,
11:08:29,18.4099,1015,
11:08:30,18.3998,2700,
11:08:33,18.399,2000,
11:08:34,18.399,100,
11:08:38,18.391,1400,
11:08:41,18.399,1000,
11:08:43,18.40,600,
11:08:43,18.40,1000,
11:08:43,18.40,100,
11:08:43,18.40,400,
11:08:43,18.40,306,
11:08:43,18.4099,1900,
11:08:45,18.41,100,
11:08:45,18.41,100,
11:08:48,18.4062,200,
11:08:52,18.40,400,
11:08:52,18.40,100,
11:08:56,18.41,100,
11:09:02,18.419,1000,
11:09:03,18.41,600,
11:09:03,18.41,300,
11:09:03,18.41,300,
11:09:03,18.41,635,
11:09:03,18.42,1900,
11:09:09,18.41,1000,
11:09:10,18.41,400,
11:09:14,18.419,500,
11:09:20,18.404,400,
11:09:21,18.4006,250,
11:09:26,18.4077,300,
11:09:30,18.40,300,
11:09:30,18.40,400,
11:09:33,18.4001,200,
11:09:37,18.409,100,
11:09:38,18.41,500,
11:09:40,18.41,400,
11:09:43,18.40,100,
11:09:49,18.40,100,
11:09:51,18.40,100,
11:09:54,18.405,100,
11:09:57,18.41,100,
11:09:57,18.4099,250,
11:09:59,18.4002,180,
11:10:01,18.4098,2000,
11:10:04,18.4085,5500,
11:10:09,18.401,300,
11:10:10,18.40,100,
11:10:11,18.401,800,
11:10:14,18.40,420,
11:10:18,18.41,3200,
11:10:21,18.404,300,
11:10:27,18.406,350,
11:10:30,18.4099,1400,
11:10:32,18.40,100,
11:10:32,18.399,200,
11:10:32,18.40,300,
11:10:32,18.40,100,
11:10:32,18.40,700,
11:10:37,18.4001,2100,
11:10:37,18.41,1100,
11:10:39,18.40,100,
11:10:43,18.399,100,
11:10:45,18.39,100,
11:10:45,18.39,300,
11:10:45,18.39,100,
11:10:45,18.39,200,
11:10:45,18.39,400,
11:10:45,18.40,300,
11:10:47,18.40,400,
11:10:47,18.40,200,
11:10:48,18.39,500,
11:10:48,18.3999,180,
11:10:51,18.40,400,
11:10:51,18.40,200,
11:10:51,18.391,800,
11:10:53,18.40,200,
11:10:53,18.40,158,
11:10:53,18.3901,700,
11:10:53,18.3901,700,
11:10:53,18.401,2800,
11:10:54,18.39,100,
11:10:54,18.39,1300,
11:10:57,18.40,500,
11:10:57,18.40,400,
11:10:57,18.41,400,
11:10:57,18.41,100,
11:11:04,18.41,400,
11:11:04,18.41,400,
11:11:04,18.41,300,
11:11:07,18.41,100,
11:11:07,18.41,865,
11:11:07,18.42,100,
11:11:07,18.42,100,
11:11:10,18.43,400,
11:11:10,18.43,400,
11:11:10,18.43,500,
11:11:10,18.4395,600,
11:11:11,18.44,100,
11:11:11,18.44,300,
11:11:12,18.44,100,
11:11:12,18.44,200,
11:11:12,18.44,100,
11:11:12,18.449,100,
11:11:12,18.4363,200,
11:11:16,18.45,300,
11:11:17,18.449,300,
11:11:18,18.45,500,
11:11:18,18.449,700,
11:11:21,18.439,5000,
11:11:22,18.42,200,
11:11:25,18.43,100,
11:11:25,18.42,200,
11:11:27,18.426,300,
11:11:36,18.42,165,
11:11:36,18.42,2000,
11:11:37,18.4293,1200,
11:11:40,18.42,200,
11:11:41,18.42,100,
11:11:46,18.42,9300,
11:11:48,18.42,600,
11:11:49,18.42,800,
11:11:49,18.42,200,
11:11:49,18.42,100,
11:11:49,18.42,400,
11:11:49,18.42,300,
11:11:50,18.42,100,
11:11:54,18.42,300,
11:11:59,18.42,400,
11:12:00,18.42,100,
11:12:00,18.421,1000,
11:12:03,18.42,300,
11:12:03,18.42,100,
11:12:03,18.4201,300,
11:12:03,18.42,300,
11:12:09,18.41,200,
11:12:11,18.41,2000,
11:12:14,18.4102,2700,
11:12:19,18.4102,500,
11:12:23,18.4101,300,
11:12:33,18.414,180,
11:12:48,18.42,800,
11:12:48,18.42,300,
11:12:57,18.4299,100,
11:12:57,18.4299,100,
11:12:57,18.4299,200,
11:12:57,18.4299,100,
11:13:00,18.4227,600,
11:13:09,18.426,100,
11:13:21,18.43,300,
11:13:34,18.42,400,
11:13:52,18.41,100,
11:13:52,18.41,100,
11:14:02,18.41,1950,
11:14:08,18.42,1500,
11:14:10,18.42,100,
11:14:14,18.42,10000,
11:14:14,18.4199,500,
11:14:16,18.42,450,
11:14:17,18.43,100,
11:14:17,18.43,100,
11:14:19,18.43,100,
11:14:19,18.4285,100,
11:14:22,18.42,100,
11:14:30,18.4225,500,
11:14:30,18.42,100,
11:14:32,18.41,400,
11:14:32,18.41,300,
11:14:32,18.41,200,
11:14:32,18.42,300,
11:14:32,18.42,100,
11:14:32,18.42,100,
11:14:32,18.42,200,
11:14:32,18.42,1000,
11:14:33,18.41,100,
11:14:34,18.42,100,
11:14:34,18.42,500,
11:14:35,18.42,400,
11:14:39,18.42,100,
11:14:39,18.42,100,
11:14:39,18.42,200,
11:14:39,18.42,400,
11:14:51,18.42,10000,
11:14:51,18.43,100,
11:15:03,18.4273,1000,
11:15:13,18.4127,500,
11:15:18,18.41,100,
11:15:21,18.41,200,
11:15:21,18.41,100,
11:15:21,18.41,200,
11:15:21,18.41,400,
11:15:22,18.41,400,
11:15:24,18.413,1000,
11:15:31,18.41,10000,
11:15:31,18.41,200,
11:15:31,18.41,400,
11:15:31,18.41,200,
11:15:31,18.40,100,
11:15:31,18.4101,2700,
11:15:34,18.41,1000,
11:15:37,18.40,3000,
11:15:37,18.4001,2000,
11:15:40,18.404,200,
11:15:49,18.4101,200,
11:15:51,18.413,1000,
11:15:54,18.4101,1000,
11:16:03,18.403,1500,
11:16:09,18.406,100,
11:16:11,18.40,494,
11:16:11,18.40,100,
11:16:12,18.40,100,
11:16:12,18.40,300,
11:16:12,18.40,200,
11:16:12,18.40,400,
11:16:13,18.39,1300,
11:16:14,18.39,1600,
11:16:14,18.39,1800,
11:16:19,18.401,1000,
11:16:22,18.396,400,
11:16:26,18.39,1400,
11:16:26,18.39,100,
11:16:26,18.39,400,
11:16:26,18.39,100,
11:16:26,18.39,1000,
11:16:26,18.39,100,
11:16:26,18.39,300,
11:16:26,18.38,100,
11:16:26,18.39,100,
11:16:26,18.39,200,
11:16:26,18.39,400,
11:16:26,18.39,800,
11:16:26,18.39,100,
11:16:26,18.39,1200,
11:16:26,18.39,700,
11:16:26,18.39,100,
11:16:26,18.39,400,
11:16:26,18.39,1200,
11:16:26,18.39,200,
11:16:26,18.39,100,
11:16:27,18.40,19200,
11:16:27,18.39,1000,
11:16:27,18.39,4700,
11:16:28,18.38,1000,
11:16:29,18.3801,850,
11:16:31,18.3816,100,
11:16:31,18.381,600,
11:16:31,18.3814,1300,
11:16:31,18.381,100,
11:16:31,18.381,1500,
11:16:31,18.381,500,
11:16:31,18.38,100,
11:16:31,18.381,700,
11:16:40,18.3898,300,
11:16:44,18.3885,3000,
11:16:50,18.3801,100,
11:16:51,18.3801,100,
11:16:51,18.3806,200,
11:16:51,18.3804,100,
11:16:51,18.3803,600,
11:16:51,18.3802,3900,
11:16:51,18.3804,100,
11:16:51,18.3804,100,
11:16:52,18.3801,800,
11:16:52,18.38,100,
11:16:52,18.38,700,
11:16:58,18.39,200,
11:16:58,18.39,100,
11:17:06,18.37,600,
11:17:06,18.37,500,
11:17:06,18.37,100,
11:17:06,18.37,200,
11:17:06,18.37,100,
11:17:07,18.36,1600,
11:17:11,18.37,200,
11:17:11,18.37,200,
11:17:12,18.38,100,
11:17:12,18.38,200,
11:17:13,18.37,100,
11:17:14,18.373,600,
11:17:17,18.37,600,
11:17:26,18.3799,100,
11:17:28,18.371,100,
11:17:31,18.371,300,
11:17:33,18.37,10000,
11:17:33,18.38,100,
11:17:33,18.38,200,
11:17:33,18.38,100,
11:17:33,18.38,100,
11:17:33,18.38,100,
11:17:36,18.3738,1000,
11:17:37,18.3703,100,
11:17:37,18.3703,100,
11:17:37,18.3702,100,
11:17:37,18.3703,100,
11:17:37,18.37,8400,
11:17:37,18.37,400,
11:17:37,18.37,1800,
11:17:37,18.37,300,
11:17:37,18.37,100,
11:17:37,18.37,400,
11:17:37,18.37,400,
11:17:37,18.38,2400,
11:17:37,18.38,100,
11:17:39,18.38,100,
11:17:40,18.3701,300,
11:17:40,18.371,200,
11:17:49,18.38,100,
11:17:49,18.38,200,
11:17:49,18.38,100,
11:17:49,18.38,400,
11:17:50,18.389,500,
11:17:50,18.389,500,
11:18:01,18.3805,400,
11:18:24,18.3827,800,
11:18:35,18.3801,1000,
11:18:41,18.3873,500,
11:18:43,18.39,335,
11:18:45,18.3901,500,
11:18:54,18.38,300,
11:18:58,18.38,100,
11:18:58,18.38,100,
11:19:07,18.381,500,
11:19:16,18.39,1000,
11:19:23,18.39,100,
11:19:23,18.39,300,
11:19:23,18.39,600,
11:19:23,18.39,700,
11:19:25,18.3903,1000,
11:19:35,18.3902,2100,
11:19:39,18.39,100,
11:19:41,18.3887,200,
11:19:41,18.3885,100,
11:19:47,18.387,1500,
11:20:06,18.39,10000,
11:20:10,18.38,394,
11:20:10,18.38,300,
11:20:22,18.40,10000,
11:20:27,18.3901,2100,
11:20:30,18.3901,150,
11:20:32,18.39,300,
11:20:37,18.40,500,
11:20:44,18.397,100,
11:20:47,18.40,500,
11:20:59,18.3901,400,
11:21:13,18.381,250,
11:21:14,18.38,100,
11:21:22,18.387,500,
11:22:08,18.38,100,
11:22:08,18.38,100,
11:22:08,18.38,100,
11:22:08,18.38,100,
11:22:20,18.391,300,
11:22:25,18.393,500,
11:22:36,18.38,1600,
11:22:36,18.38,100,
11:22:37,18.37,5000,
11:22:46,18.38,200,
11:22:46,18.38,200,
11:22:46,18.3801,200,
11:22:47,18.381,200,
11:22:56,18.39,400,
11:22:58,18.387,1500,
11:22:59,18.3971,100,
11:23:00,18.3998,100,
11:23:00,18.3998,100,
11:23:10,18.38,100,
11:23:10,18.38,700,
11:23:10,18.38,500,
11:23:20,18.371,200,
11:23:37,18.387,1000,
11:23:42,18.39,200,
11:23:43,18.39,900,
11:23:57,18.39,200,
11:24:22,18.38,500,
11:24:29,18.38,200,
11:24:29,18.38,200,
11:24:29,18.38,100,
11:24:29,18.38,100,
11:24:29,18.38,400,
11:24:41,18.3973,1650,
11:24:49,18.3998,200,
11:24:53,18.40,200,
11:24:53,18.40,400,
11:24:57,18.3999,1000,
11:24:57,18.3999,2000,
11:25:05,18.399,500,
11:25:11,18.3999,500,
11:25:17,18.40,400,
11:25:25,18.3998,2700,
11:25:31,18.397,500,
11:25:41,18.3902,220,
11:25:44,18.40,5000,
11:26:00,18.39,300,
11:26:16,18.3827,1500,
11:26:24,18.40,300,
11:26:24,18.40,200,
11:26:24,18.40,200,
11:26:24,18.40,300,
11:26:24,18.41,100,
11:26:24,18.40,380,
11:26:24,18.40,1300,
11:26:24,18.39,100,
11:26:24,18.39,300,
11:26:24,18.39,200,
11:26:24,18.39,100,
11:26:26,18.39,600,
11:26:29,18.40,200,
11:26:30,18.41,300,
11:26:30,18.41,400,
11:26:33,18.42,400,
11:26:35,18.41,300,
11:26:35,18.41,100,
11:26:39,18.41,100,
11:26:43,18.42,500,
11:26:43,18.42,250,
11:26:43,18.42,200,
11:26:43,18.42,300,
11:26:44,18.4179,400,
11:26:46,18.4199,3200,
11:26:53,18.42,250,
11:26:57,18.40,100,
11:26:57,18.40,100,
11:26:58,18.3927,1000,
11:27:05,18.406,150,
11:27:07,18.40,200,
11:27:08,18.406,133,
11:27:17,18.40,100,
11:27:22,18.4099,1390,
11:27:30,18.40,500,
11:27:30,18.40,200,
11:27:35,18.4085,2000,
11:28:11,18.3929,100,
11:28:45,18.38,275,
11:28:57,18.389,1000,
11:29:03,18.39,1100,
11:29:03,18.39,100,
11:29:06,18.38,2000,
11:29:06,18.38,300,
11:29:06,18.38,100,
11:29:29,18.3898,300,
11:29:38,18.38,300,
11:29:38,18.38,400,
11:29:41,18.3799,150,
11:29:45,18.38,100,
11:29:45,18.38,24300,
11:29:46,18.3701,200,
11:29:46,18.37,12700,
11:29:47,18.3701,700,
11:29:48,18.37,100,
11:29:48,18.37,100,
11:29:48,18.376,150,
11:29:48,18.37,100,
11:29:50,18.37,1208,
11:29:50,18.37,3600,
11:29:50,18.37,500,
11:29:50,18.37,1508,
11:29:50,18.37,2090,
11:29:50,18.37,12994,
11:29:50,18.36,100,
11:29:50,18.36,100,
11:29:50,18.36,1400,
11:29:50,18.36,100,
11:29:50,18.36,200,
11:29:53,18.35,100,
11:29:54,18.35,450,
11:29:54,18.35,300,
11:29:55,18.34,11600,
11:29:56,18.341,2500,
11:29:56,18.35,200,
11:29:59,18.34,100,
11:29:59,18.34,100,
11:29:59,18.34,200,
11:29:59,18.34,800,
11:31:04,18.37,100,
11:31:24,18.38,200,
11:31:51,18.379,400,
11:32:18,18.37,100,
11:33:13,18.3601,1000,
11:33:18,18.3678,200,
11:33:18,18.3695,500,
11:33:25,18.3605,3000,
11:33:34,18.35,400,
11:33:34,18.35,1400,
11:33:37,18.351,1000,
11:33:52,18.35,100,
11:33:52,18.35,200,
11:33:52,18.35,500,
11:33:52,18.35,200,
11:33:52,18.35,400,
11:33:52,18.35,1000,
11:33:52,18.35,700,
11:33:52,18.35,500,
11:33:52,18.35,300,
11:33:52,18.35,200,
11:33:52,18.35,800,
11:33:52,18.35,1508,
11:33:52,18.35,10492,
11:33:54,18.349,200,
11:34:05,18.343,1000,
11:34:08,18.35,500,
11:34:09,18.35,400,
11:34:11,18.3401,300,
11:34:11,18.3401,400,
11:34:13,18.341,1000,
11:34:26,18.347,1000,
11:34:32,18.35,100,
11:34:34,18.341,800,
11:34:51,18.35,600,
11:35:24,18.3662,500,
11:35:37,18.36,3000,
11:35:40,18.36,500,
11:35:40,18.36,500,
11:35:50,18.37,100,
11:36:11,18.3698,500,
11:36:37,18.35,100,
11:36:37,18.3535,100,
11:36:37,18.3535,100,
11:36:37,18.3527,1300,
11:36:52,18.35,500,
11:36:53,18.34,400,
11:36:53,18.34,100,
11:36:58,18.3401,1000,
11:37:09,18.35,1000,
11:37:17,18.35,100,
11:37:17,18.35,400,
11:37:22,18.36,400,
11:37:51,18.3501,1000,
11:38:02,18.36,200,
11:38:26,18.35,200,
11:38:26,18.35,490,
11:38:36,18.3501,4100,
11:39:06,18.3438,1000,
11:39:23,18.3401,100,
11:39:38,18.35,100,
11:39:38,18.35,700,
11:39:38,18.35,100,
11:39:38,18.35,500,
11:39:38,18.365,400,
11:39:38,18.37,100,
11:39:38,18.37,100,
11:39:44,18.37,300,
11:39:44,18.37,400,
11:39:44,18.37,300,
11:40:12,18.35,500,
11:40:21,18.34,400,
11:40:21,18.34,400,
11:40:54,18.343,1000,
11:41:22,18.3401,400,
11:41:25,18.3401,729,
11:42:04,18.34,400,
11:42:07,18.34,300,
11:42:07,18.34,400,
11:42:07,18.34,100,
11:42:07,18.34,100,
11:42:07,18.34,1200,
11:42:08,18.33,200,
11:42:08,18.33,200,
11:42:08,18.33,100,
11:42:08,18.33,100,
11:42:08,18.3301,300,
11:42:09,18.33,400,
11:42:10,18.33,100,
11:42:12,18.33,300,
11:42:13,18.32,100,
11:42:13,18.32,100,
11:42:13,18.32,200,
11:42:13,18.32,100,
11:42:13,18.3246,100,
11:42:15,18.321,1370,
11:42:17,18.32,1000,
11:42:17,18.32,10000,
11:42:27,18.3301,1000,
11:42:30,18.331,1200,
11:42:38,18.34,200,
11:42:49,18.3229,300,
11:42:52,18.321,2500,
11:42:53,18.32,500,
11:42:53,18.32,1400,
11:42:53,18.31,100,
11:42:53,18.31,200,
11:42:53,18.31,100,
11:42:53,18.31,1200,
11:42:55,18.31,560,
11:42:59,18.32,1000,
11:43:06,18.3199,2000,
11:43:07,18.31,100,
11:43:10,18.31,1300,
11:43:10,18.31,1000,
11:43:10,18.30,100,
11:43:10,18.30,100,
11:43:10,18.30,300,
11:43:10,18.30,300,
11:43:12,18.30,120,
11:43:13,18.31,100,
11:43:13,18.3101,1900,
11:43:14,18.31,200,
11:43:16,18.31,200,
11:43:16,18.31,400,
11:43:16,18.30,2400,
11:43:17,18.301,500,
11:43:19,18.301,1000,
11:43:20,18.30,500,
11:43:20,18.30,600,
11:43:20,18.30,100,
11:43:20,18.30,200,
11:43:20,18.30,300,
11:43:20,18.30,100,
11:43:20,18.30,500,
11:43:20,18.30,500,
11:43:20,18.30,1000,
11:43:27,18.3001,500,
11:43:34,18.3038,575,
11:43:36,18.30,200,
11:43:36,18.3001,300,
11:43:45,18.30,500,
11:43:49,18.3001,800,
11:43:49,18.30,200,
11:43:49,18.30,400,
11:43:51,18.31,300,
11:43:55,18.31,200,
11:44:08,18.32,181,
11:44:08,18.32,182,
11:44:18,18.31,500,
11:44:18,18.31,500,
11:44:18,18.31,100,
11:44:18,18.31,200,
11:44:18,18.31,200,
11:44:18,18.31,100,
11:44:18,18.3011,100,
11:44:18,18.3011,100,
11:44:31,18.31,1000,
11:44:31,18.31,200,
11:44:31,18.31,200,
11:44:37,18.301,120,
11:44:37,18.30,480,
11:44:44,18.30,100,
11:45:07,18.301,7000,
11:45:13,18.306,200,
11:45:15,18.31,1200,
11:45:19,18.316,200,
11:45:25,18.301,500,
11:45:26,18.30,500,
11:45:28,18.31,300,
11:45:28,18.31,200,
11:45:28,18.31,100,
11:45:28,18.31,100,
11:45:28,18.3101,1100,
11:45:29,18.305,100,
11:45:29,18.301,100,
11:45:31,18.31,100,
11:45:31,18.3102,400,
11:45:52,18.311,1200,
11:45:56,18.3103,500,
11:46:11,18.30,215,
11:46:11,18.30,500,
11:46:11,18.30,115,
11:46:11,18.30,1000,
11:46:11,18.30,800,
11:46:12,18.30,300,
11:46:12,18.30,114,
11:46:12,18.30,600,
11:46:13,18.29,1800,
11:46:14,18.29,500,
11:46:20,18.299,3000,
11:46:21,18.29,500,
11:46:21,18.28,100,
11:46:21,18.28,200,
11:46:21,18.2801,500,
11:46:21,18.28,200,
11:46:22,18.28,100,
11:46:22,18.28,100,
11:46:22,18.28,100,
11:46:22,18.2813,500,
11:46:22,18.28,600,
11:46:23,18.28,100,
11:46:28,18.28,1610,
11:46:38,18.2899,3500,
11:46:39,18.28,400,
11:46:39,18.28,100,
11:46:39,18.28,100,
11:46:39,18.28,200,
11:46:46,18.2815,2500,
11:46:56,18.29,100,
11:46:56,18.29,400,
11:46:56,18.29,300,
11:46:56,18.29,400,
11:46:56,18.29,400,
11:46:56,18.29,100,
11:46:56,18.29,400,
11:46:56,18.29,100,
11:47:00,18.29,200,
11:47:08,18.281,1000,
11:47:22,18.28,2000,
11:47:29,18.2899,300,
11:47:36,18.289,500,
11:47:37,18.29,3400,
11:47:44,18.29,200,
11:47:44,18.28,985,
11:47:44,18.28,115,
11:47:52,18.281,100,
11:47:57,18.29,700,
11:47:57,18.29,100,
11:47:57,18.29,100,
11:47:57,18.29,1600,
11:48:23,18.29,100,
11:48:23,18.299,500,
11:48:30,18.30,100,
11:48:30,18.30,2652,
11:48:30,18.30,500,
11:48:38,18.3098,2000,
11:48:40,18.30,400,
11:48:48,18.299,200,
11:49:00,18.30,400,
11:49:08,18.31,100,
11:49:09,18.31,100,
11:49:11,18.307,1000,
11:49:15,18.31,300,
11:49:42,18.3198,100,
11:49:42,18.3199,700,
11:49:42,18.3199,100,
11:49:42,18.319,3500,
11:49:42,18.3197,100,
11:49:42,18.319,2900,
11:49:49,18.317,1000,
11:49:54,18.3199,500,
11:50:08,18.32,300,
11:50:08,18.32,100,
11:50:08,18.32,300,
11:50:13,18.32,1000,
11:50:40,18.316,400,
11:51:00,18.30,400,
11:51:01,18.30,100,
11:51:10,18.299,1500,
11:51:11,18.30,285,
11:51:11,18.30,100,
11:51:31,18.3073,1000,
11:51:37,18.3173,1000,
11:52:05,18.315,200,
11:52:22,18.3195,1000,
11:52:35,18.31,385,
11:52:38,18.31,500,
11:52:38,18.31,500,
11:52:41,18.30,1000,
11:53:24,18.30,100,
11:53:29,18.30,400,
11:53:29,18.30,800,
11:54:08,18.306,100,
11:54:23,18.303,1000,
11:54:29,18.31,300,
11:54:29,18.31,900,
11:54:40,18.31,200,
11:54:40,18.31,200,
11:55:20,18.30,100,
11:55:29,18.3073,500,
11:55:58,18.29,100,
11:55:58,18.29,800,
11:56:10,18.29,400,
11:56:11,18.30,100,
11:56:11,18.30,800,
11:56:13,18.31,200,
11:56:49,18.31,100,
11:57:11,18.309,2900,
11:57:12,18.31,1000,
11:58:33,18.301,600,
11:58:34,18.31,400,
11:58:34,18.31,500,
11:58:51,18.319,1000,
11:59:08,18.3099,1800,
11:59:13,18.31,100,
11:59:15,18.32,400,
11:59:15,18.32,100,
11:59:18,18.311,3000,
11:59:22,18.31,300,
11:59:47,18.309,150,
11:59:55,18.30,100,
12:00:10,18.30,1200,
12:00:18,18.30,11000,
12:00:29,18.309,1000,
12:00:39,18.3098,6000,
12:00:53,18.31,100,
12:01:26,18.32,173,
12:01:26,18.32,1000,
12:01:26,18.32,300,
12:01:26,18.32,127,
12:01:26,18.32,100,
12:01:26,18.32,4727,
12:01:26,18.32,100,
12:01:26,18.32,100,
12:01:26,18.32,400,
12:01:27,18.33,200,
12:01:27,18.33,200,
12:01:38,18.34,2000,
12:01:38,18.3368,100,
12:01:38,18.3372,200,
12:01:38,18.3375,100,
12:01:38,18.3376,200,
12:01:38,18.3377,200,
12:01:38,18.3368,100,
12:01:38,18.3372,100,
12:01:39,18.34,100,
12:01:39,18.34,100,
12:01:39,18.34,200,
12:01:39,18.34,4800,
12:01:43,18.3301,2000,
12:01:46,18.3301,200,
12:02:21,18.33,1500,
12:02:30,18.34,100,
12:02:37,18.3477,200,
12:02:37,18.3494,2400,
12:02:42,18.35,100,
12:02:42,18.35,200,
12:02:46,18.3499,1000,
12:03:00,18.349,819,
12:03:01,18.34,1600,
12:03:01,18.3435,1300,
12:03:02,18.3473,100,
12:03:02,18.3472,100,
12:03:02,18.3475,100,
12:03:02,18.349,3200,
12:03:02,18.35,200,
12:03:02,18.3472,100,
12:03:02,18.3475,100,
12:03:39,18.346,400,
12:04:14,18.35,2200,
12:04:14,18.35,400,
12:04:14,18.35,100,
12:04:19,18.341,3000,
12:04:20,18.34,500,
12:04:44,18.3475,5800,
12:04:48,18.35,100,
12:04:54,18.3499,500,
12:05:00,18.349,700,
12:05:04,18.35,100,
12:05:15,18.3502,4000,
12:05:42,18.357,1500,
12:05:43,18.36,100,
12:05:43,18.36,100,
12:05:46,18.3671,219,
12:05:51,18.37,100,
12:05:58,18.3698,6400,
12:06:01,18.369,2000,
12:06:13,18.37,400,
12:06:13,18.37,900,
12:06:13,18.37,400,
12:06:21,18.37,100,
12:06:27,18.3695,500,
12:07:08,18.36,100,
12:07:08,18.36,400,
12:07:11,18.3499,2000,
12:08:09,18.3499,1000,
12:08:41,18.32,200,
12:08:46,18.321,400,
12:08:50,18.32,10000,
12:08:56,18.3299,1000,
12:09:21,18.32,2500,
12:09:21,18.32,100,
12:09:22,18.32,700,
12:09:22,18.32,267,
12:09:22,18.32,100,
12:09:22,18.32,133,
12:09:22,18.32,100,
12:09:25,18.32,2500,
12:09:39,18.31,300,
12:09:39,18.3199,2000,
12:09:47,18.311,1200,
12:10:17,18.311,200,
12:10:56,18.3101,900,
12:11:06,18.3135,100,
12:11:06,18.313,100,
12:11:28,18.3001,2000,
12:11:31,18.30,200,
12:11:31,18.30,100,
12:11:31,18.30,500,
12:11:56,18.30,100,
12:11:58,18.3001,500,
12:12:12,18.30,900,
12:12:12,18.30,500,
12:12:13,18.2906,200,
12:12:13,18.2904,700,
12:12:13,18.2904,100,
12:12:13,18.29,100,
12:12:13,18.2903,2500,
12:12:13,18.2905,100,
12:12:13,18.2904,100,
12:12:14,18.2915,100,
12:12:14,18.2909,2200,
12:12:23,18.291,819,
12:12:46,18.299,3000,
12:13:11,18.30,100,
12:13:11,18.30,200,
12:13:11,18.30,100,
12:13:28,18.30,1508,
12:13:53,18.3001,800,
12:13:53,18.3025,1700,
12:13:55,18.31,3700,
12:14:03,18.30,100,
12:14:19,18.3097,100,
12:14:19,18.309,300,
12:14:36,18.3001,1000,
12:14:40,18.309,400,
12:14:57,18.309,700,
12:14:58,18.309,700,
12:15:01,18.31,100,
12:15:01,18.31,100,
12:15:01,18.32,8400,
12:15:10,18.319,1000,
12:15:30,18.3199,150,
12:15:45,18.311,300,
12:16:07,18.32,100,
12:16:07,18.3292,200,
12:16:07,18.3294,100,
12:16:07,18.3295,100,
12:16:07,18.3295,100,
12:16:07,18.329,1200,
12:16:22,18.33,5000,
12:16:27,18.329,1500,
12:16:28,18.329,900,
12:16:32,18.329,300,
12:16:32,18.3275,6000,
12:16:42,18.33,500,
12:17:28,18.3201,800,
12:17:39,18.31,1400,
12:17:39,18.31,100,
12:17:39,18.30,622,
12:17:40,18.30,283,
12:17:40,18.30,217,
12:17:40,18.30,300,
12:17:42,18.30,200,
12:17:43,18.30,600,
12:17:43,18.301,500,
12:17:44,18.301,1700,
12:17:46,18.29,200,
12:17:47,18.2922,200,
12:17:48,18.30,200,
12:18:08,18.29,500,
12:18:08,18.29,500,
12:18:08,18.29,3977,
12:18:08,18.29,600,
12:18:08,18.29,823,
12:18:08,18.29,300,
12:18:11,18.28,1000,
12:18:12,18.29,400,
12:18:56,18.29,4950,
12:19:08,18.29,2500,
12:19:13,18.2901,500,
12:19:28,18.291,2000,
12:19:47,18.291,2000,
12:19:58,18.30,100,
12:20:18,18.2901,2000,
12:20:31,18.29,300,
12:20:31,18.295,300,
12:20:35,18.299,1500,
12:20:49,18.30,300,
12:21:21,18.30,940,
12:21:23,18.298,300,
12:21:47,18.30,400,
12:22:38,18.301,500,
12:22:54,18.311,1550,
12:23:23,18.32,200,
12:23:24,18.33,5144,
12:23:24,18.335,100,
12:23:31,18.33,300,
12:23:31,18.33,100,
12:23:31,18.33,400,
12:24:05,18.33,1000,
12:24:21,18.329,1000,
12:24:22,18.34,300,
12:24:25,18.34,700,
12:24:45,18.3395,1800,
12:24:54,18.34,300,
12:24:55,18.35,300,
12:25:19,18.35,200,
12:25:25,18.34,100,
12:25:27,18.34,100,
12:26:10,18.34,100,
12:26:28,18.33,500,
12:26:28,18.33,8900,
12:26:57,18.321,6000,
12:26:58,18.31,300,
12:26:58,18.31,100,
12:27:03,18.3198,122,
12:27:56,18.3299,500,
12:28:09,18.323,800,
12:29:08,18.34,10000,
12:29:58,18.3302,6000,
12:30:09,18.33,800,
12:30:15,18.33,100,
12:30:27,18.32,100,
12:31:09,18.323,800,
12:31:43,18.33,2000,
12:32:21,18.32,1200,
12:32:21,18.32,100,
12:32:21,18.32,800,
12:32:28,18.31,100,
12:32:44,18.32,300,
12:32:44,18.32,100,
12:32:46,18.32,100,
12:32:50,18.321,1000,
12:32:52,18.3236,200,
12:33:00,18.321,5500,
12:33:35,18.33,100,
12:33:37,18.33,500,
12:33:45,18.33,2400,
12:33:45,18.33,100,
12:33:45,18.33,100,
12:33:49,18.33,400,
12:33:49,18.33,4200,
12:33:49,18.33,1000,
12:33:49,18.33,500,
12:33:49,18.33,475,
12:33:55,18.33,700,
12:33:55,18.33,1508,
12:33:55,18.34,900,
12:34:16,18.339,200,
12:34:39,18.33,500,
12:34:39,18.33,400,
12:35:15,18.34,100,
12:35:15,18.34,500,
12:35:24,18.34,600,
12:35:24,18.34,300,
12:35:59,18.3398,100,
12:36:25,18.33,400,
12:36:25,18.3302,1800,
12:36:39,18.339,500,
12:37:13,18.33,500,
12:37:36,18.32,7700,
12:38:22,18.3201,200,
12:38:28,18.33,1100,
12:38:28,18.33,3500,
12:39:15,18.32,100,
12:39:15,18.32,100,
12:39:15,18.32,400,
12:39:34,18.31,200,
12:40:25,18.299,4000,
12:40:31,18.31,100,
12:40:38,18.3101,675,
12:40:47,18.31,100,
12:40:47,18.31,100,
12:40:47,18.31,100,
12:40:47,18.31,400,
12:40:47,18.31,100,
12:40:47,18.31,100,
12:40:47,18.31,200,
12:40:47,18.3101,3400,
12:41:01,18.31,100,
12:41:01,18.31,100,
12:41:01,18.31,600,
12:41:10,18.3099,1000,
12:41:25,18.30,800,
12:41:31,18.291,500,
12:41:48,18.30,300,
12:41:52,18.30,500,
12:42:02,18.3016,400,
12:42:04,18.301,250,
12:43:39,18.31,200,
12:43:39,18.31,100,
12:43:51,18.31,400,
12:43:51,18.31,300,
12:43:51,18.31,200,
12:43:56,18.32,100,
12:43:56,18.3199,100,
12:43:56,18.3199,100,
12:43:56,18.32,100,
12:45:23,18.3138,1000,
12:45:35,18.3002,2000,
12:45:48,18.31,200,
12:45:48,18.31,100,
12:46:03,18.3225,2000,
12:46:51,18.3272,100,
12:46:58,18.33,100,
12:47:03,18.32,100,
12:47:03,18.3201,1900,
12:47:06,18.33,400,
12:47:06,18.33,500,
12:47:08,18.33,700,
12:47:08,18.33,1200,
12:47:08,18.33,100,
12:47:08,18.33,200,
12:47:08,18.33,100,
12:47:08,18.33,100,
12:47:08,18.33,1600,
12:47:08,18.33,700,
12:47:08,18.33,600,
12:47:08,18.33,100,
12:47:08,18.33,100,
12:47:08,18.33,100,
12:47:08,18.33,100,
12:47:08,18.33,100,
12:47:08,18.33,200,
12:47:08,18.33,2100,
12:47:08,18.33,300,
12:47:10,18.339,1700,
12:47:12,18.33,400,
12:47:14,18.33,100,
12:47:14,18.33,600,
12:47:14,18.33,200,
12:47:14,18.33,200,
12:47:14,18.33,100,
12:47:22,18.3355,2600,
12:47:22,18.3365,100,
12:47:59,18.33,300,
12:49:02,18.319,4000,
12:49:19,18.33,100,
12:49:19,18.33,100,
12:49:19,18.33,900,
12:49:19,18.33,200,
12:50:05,18.337,555,
12:50:16,18.34,300,
12:51:02,18.331,5800,
12:51:15,18.331,300,
12:52:17,18.339,700,
12:52:28,18.33,100,
12:52:28,18.33,100,
12:52:28,18.33,100,
12:52:28,18.33,100,
12:52:28,18.33,100,
12:52:28,18.33,300,
12:52:33,18.335,100,
12:52:33,18.331,200,
12:53:45,18.331,1000,
12:54:58,18.34,200,
12:54:58,18.34,400,
12:55:34,18.34,500,
12:55:34,18.34,1800,
12:55:34,18.34,500,
12:55:34,18.34,1200,
12:55:37,18.349,600,
12:56:15,18.35,1000,
12:56:25,18.3467,375,
12:56:44,18.35,3846,
12:56:46,18.35,100,
12:56:46,18.35,300,
12:56:51,18.349,1505,
12:57:04,18.35,1800,
12:57:22,18.34,100,
12:57:22,18.35,100,
12:57:23,18.3495,644,
12:57:29,18.35,200,
12:57:29,18.35,135,
12:57:38,18.3499,3946,
12:58:30,18.35,100,
12:58:30,18.35,200,
12:58:30,18.35,100,
12:58:30,18.35,100,
12:58:50,18.34,100,
12:59:13,18.3371,120,
12:59:22,18.33,100,
12:59:22,18.33,1200,
12:59:23,18.33,300,
12:59:23,18.33,400,
12:59:23,18.33,500,
12:59:48,18.3301,1100,
13:00:28,18.33,200,
13:00:28,18.33,300,
13:00:28,18.33,800,
13:00:28,18.33,200,
13:00:28,18.33,200,
13:00:28,18.33,400,
13:00:28,18.33,1800,
13:00:28,18.3302,700,
13:00:38,18.34,1700,
13:00:38,18.34,100,
13:00:38,18.34,100,
13:01:05,18.35,100,
13:01:05,18.35,100,
13:01:05,18.35,300,
13:01:05,18.35,400,
13:01:05,18.35,200,
13:02:03,18.341,2000,
13:02:44,18.34,600,
13:02:54,18.34,800,
13:02:54,18.34,800,
13:02:54,18.34,300,
13:02:55,18.34,100,
13:02:55,18.34,200,
13:02:55,18.34,100,
13:03:18,18.34,200,
13:04:39,18.33,2200,
13:04:45,18.321,2000,
13:04:52,18.33,200,
13:04:52,18.33,500,
13:04:52,18.33,100,
13:04:54,18.34,200,
13:04:56,18.3315,2000,
13:05:48,18.35,251,
13:06:46,18.33,100,
13:06:59,18.33,100,
13:07:06,18.331,2000,
13:07:37,18.3339,200,
13:07:37,18.3319,100,
13:07:37,18.3319,100,
13:07:40,18.33,300,
13:07:40,18.33,300,
13:08:06,18.34,300,
13:08:51,18.3399,820,
13:08:55,18.33,200,
13:08:55,18.33,1300,
13:09:27,18.33,3400,
13:09:28,18.32,500,
13:09:48,18.33,100,
13:09:48,18.33,200,
13:09:48,18.33,100,
13:09:48,18.33,400,
13:09:48,18.33,200,
13:09:48,18.33,100,
13:09:48,18.33,100,
13:09:48,18.33,200,
13:09:48,18.33,800,
13:09:48,18.33,200,
13:09:48,18.34,100,
13:10:53,18.34,330,
13:11:08,18.331,3000,
13:12:42,18.331,200,
13:13:20,18.34,300,
13:13:20,18.34,327,
13:13:32,18.35,100,
13:13:37,18.35,100,
13:13:37,18.35,100,
13:13:37,18.35,400,
13:13:37,18.35,200,
13:13:37,18.35,300,
13:13:37,18.35,300,
13:13:43,18.35,400,
13:13:43,18.35,100,
13:13:43,18.35,500,
13:13:43,18.35,300,
13:13:43,18.35,100,
13:13:43,18.35,100,
13:13:43,18.35,100,
13:14:08,18.33,100,
13:14:46,18.31,500,
13:14:46,18.31,4000,
13:14:48,18.30,800,
13:14:52,18.30,400,
13:14:53,18.31,200,
13:14:53,18.32,200,
13:14:53,18.32,600,
13:14:53,18.32,200,
13:14:53,18.32,100,
13:14:53,18.32,100,
13:14:53,18.32,100,
13:14:53,18.32,100,
13:14:53,18.32,100,
13:14:53,18.32,100,
13:15:01,18.329,2500,
13:15:25,18.316,150,
13:15:34,18.32,100,
13:15:42,18.3203,300,
13:15:50,18.32,200,
13:15:56,18.31,600,
13:15:56,18.31,100,
13:15:56,18.31,300,
13:15:56,18.31,300,
13:16:04,18.31,100,
13:16:22,18.311,300,
13:17:04,18.31,400,
13:17:04,18.31,100,
13:17:19,18.301,400,
13:17:26,18.30,100,
13:17:26,18.30,200,
13:17:26,18.30,1650,
13:17:30,18.30,200,
13:17:33,18.31,100,
13:17:39,18.309,1000,
13:18:10,18.30,100,
13:18:22,18.31,400,
13:18:24,18.301,500,
13:18:28,18.3001,600,
13:18:32,18.30,100,
13:19:09,18.3001,200,
13:19:24,18.31,100,
13:19:24,18.31,100,
13:19:33,18.304,300,
13:19:54,18.31,100,
13:19:54,18.31,100,
13:20:08,18.30,100,
13:20:09,18.30,300,
13:20:09,18.30,100,
13:20:09,18.30,100,
13:20:09,18.30,100,
13:20:16,18.29,1000,
13:20:19,18.2985,2000,
13:20:21,18.29,3000,
13:20:52,18.2901,1500,
13:20:53,18.30,167,
13:21:00,18.2929,100,
13:21:05,18.299,2500,
13:21:09,18.291,250,
13:21:23,18.30,125,
13:21:23,18.30,125,
13:21:31,18.29,500,
13:21:31,18.29,1000,
13:21:41,18.29,2500,
13:21:41,18.2933,300,
13:21:52,18.30,100,
13:21:52,18.30,100,
13:21:56,18.29,200,
13:21:57,18.29,100,
13:21:57,18.29,300,
13:21:57,18.29,200,
13:21:57,18.29,10000,
13:21:57,18.29,600,
13:21:57,18.29,400,
13:21:57,18.28,200,
13:21:57,18.28,800,
13:21:57,18.28,1000,
13:21:57,18.28,200,
13:21:57,18.2808,100,
13:21:57,18.28,200,
13:21:57,18.28,200,
13:21:57,18.28,200,
13:21:58,18.28,100,
13:21:58,18.28,100,
13:21:58,18.27,100,
13:21:58,18.27,200,
13:21:58,18.27,100,
13:21:59,18.27,800,
13:22:00,18.27,200,
13:22:01,18.28,500,
13:22:03,18.283,590,
13:22:03,18.271,2500,
13:22:11,18.27,400,
13:22:11,18.27,300,
13:22:11,18.27,300,
13:22:11,18.27,200,
13:22:12,18.276,350,
13:22:34,18.27,1200,
13:22:36,18.27,150,
13:22:50,18.271,121,
13:23:03,18.273,1000,
13:23:04,18.28,400,
13:23:35,18.2901,2000,
13:24:01,18.29,500,
13:24:01,18.29,100,
13:24:01,18.29,200,
13:24:09,18.2927,1000,
13:24:18,18.29,900,
13:24:30,18.29,800,
13:24:44,18.29,111,
13:24:48,18.299,250,
13:25:05,18.30,100,
13:25:05,18.30,100,
13:25:20,18.30,100,
13:25:29,18.30,100,
13:25:29,18.30,700,
13:25:29,18.30,400,
13:25:29,18.30,400,
13:25:39,18.3003,1700,
13:25:39,18.30,400,
13:25:39,18.30,300,
13:26:21,18.29,1750,
13:26:32,18.3001,800,
13:26:46,18.309,400,
13:27:08,18.30,1000,
13:27:08,18.3002,600,
13:27:13,18.30,400,
13:27:13,18.30,1300,
13:27:13,18.30,800,
13:27:13,18.30,1600,
13:27:13,18.30,300,
13:27:13,18.30,4600,
13:27:26,18.293,1000,
13:27:50,18.30,400,
13:27:50,18.30,400,
13:27:50,18.30,1200,
13:27:50,18.30,100,
13:27:57,18.31,5000,
13:28:07,18.30,400,
13:28:40,18.3001,300,
13:28:40,18.3001,400,
13:28:56,18.30,100,
13:29:16,18.3015,2000,
13:29:35,18.30,550,
13:30:05,18.29,700,
13:30:05,18.30,300,
13:30:05,18.29,2600,
13:30:05,18.29,200,
13:30:05,18.29,100,
13:30:14,18.283,7500,
13:30:15,18.28,100,
13:30:15,18.2801,400,
13:30:30,18.29,100,
13:30:30,18.29,400,
13:30:48,18.29,200,
13:30:58,18.281,1168,
13:31:06,18.281,700,
13:31:34,18.2871,300,
13:31:45,18.29,200,
13:31:45,18.29,100,
13:31:45,18.29,200,
13:31:54,18.30,300,
13:32:06,18.30,100,
13:32:06,18.30,100,
13:32:10,18.3001,1300,
13:32:13,18.30,700,
13:32:13,18.30,600,
13:32:16,18.30,100,
13:32:16,18.30,100,
13:32:16,18.30,700,
13:32:17,18.3001,1500,
13:32:19,18.30,600,
13:32:21,18.30,700,
13:32:21,18.30,700,
13:32:23,18.3027,500,
13:32:32,18.30,700,
13:32:45,18.3025,400,
13:32:45,18.30,200,
13:32:49,18.306,100,
13:32:54,18.30,800,
13:32:58,18.30,700,
13:32:58,18.30,200,
13:33:00,18.30,600,
13:33:03,18.30,200,
13:33:03,18.30,700,
13:33:04,18.30,300,
13:33:06,18.30,400,
13:33:06,18.31,492,
13:33:06,18.31,100,
13:33:13,18.31,400,
13:33:34,18.30,200,
13:33:37,18.30,200,
13:33:37,18.30,400,
13:33:37,18.30,100,
13:33:41,18.30,200,
13:33:41,18.30,100,
13:33:41,18.30,100,
13:33:47,18.30,300,
13:33:48,18.29,600,
13:33:48,18.29,700,
13:33:55,18.29,100,
13:33:55,18.29,100,
13:33:55,18.29,100,
13:33:55,18.29,100,
13:33:55,18.29,500,
13:33:56,18.29,199,
13:33:58,18.29,600,
13:33:58,18.29,500,
13:34:00,18.29,700,
13:34:00,18.29,600,
13:34:04,18.29,300,
13:34:04,18.29,700,
13:34:42,18.28,800,
13:34:42,18.28,4800,
13:34:45,18.271,1000,
13:34:56,18.29,200,
13:34:56,18.285,500,
13:35:20,18.2898,300,
13:35:45,18.28,400,
13:35:45,18.28,300,
13:36:02,18.28,200,
13:36:02,18.28,1200,
13:36:04,18.27,1000,
13:36:04,18.27,1200,
13:36:05,18.27,100,
13:36:07,18.27,800,
13:36:07,18.2725,400,
13:36:07,18.27,100,
13:36:07,18.27,100,
13:36:10,18.26,100,
13:36:10,18.26,1700,
13:36:12,18.2615,6000,
13:36:12,18.26,1000,
13:36:15,18.26,10000,
13:36:18,18.27,200,
13:36:25,18.27,600,
13:36:25,18.27,300,
13:36:25,18.28,100,
13:36:25,18.28,300,
13:36:39,18.27,400,
13:36:44,18.2701,100,
13:36:52,18.279,200,
13:37:03,18.28,100,
13:37:03,18.28,400,
13:37:03,18.28,800,
13:37:05,18.279,128,
13:37:31,18.27,200,
13:37:31,18.2701,1400,
13:37:34,18.27,600,
13:37:35,18.2727,1000,
13:37:42,18.27,100,
13:37:42,18.271,300,
13:37:55,18.2755,250,
13:38:07,18.271,200,
13:38:12,18.28,500,
13:38:19,18.28,300,
13:38:19,18.28,500,
13:38:48,18.28,500,
13:38:48,18.28,300,
13:40:06,18.27,800,
13:40:07,18.262,2100,
13:40:07,18.26,750,
13:40:28,18.27,130,
13:40:55,18.2601,3200,
13:41:09,18.26,200,
13:41:09,18.2602,300,
13:41:17,18.26,100,
13:41:22,18.26,600,
13:41:22,18.26,600,
13:41:22,18.26,300,
13:41:22,18.26,300,
13:41:22,18.26,200,
13:41:22,18.26,600,
13:41:22,18.26,700,
13:41:22,18.26,2200,
13:41:59,18.27,250,
13:42:02,18.27,2001,
13:42:05,18.269,999,
13:42:42,18.27,100,
13:42:42,18.27,100,
13:42:42,18.27,700,
13:42:42,18.27,200,
13:42:42,18.27,1200,
13:42:44,18.28,100,
13:43:30,18.29,200,
13:44:01,18.28,1200,
13:44:05,18.28,200,
13:44:32,18.28,800,
13:44:32,18.28,400,
13:44:57,18.27,600,
13:44:57,18.27,200,
13:44:57,18.27,500,
13:44:57,18.27,300,
13:44:57,18.27,100,
13:44:57,18.27,100,
13:44:57,18.27,437,
13:44:57,18.27,400,
13:44:57,18.27,437,
13:45:01,18.26,300,
13:45:04,18.2699,500,
13:45:56,18.279,1000,
13:46:09,18.29,200,
13:46:09,18.29,100,
13:46:09,18.28,200,
13:46:09,18.29,100,
13:46:09,18.29,100,
13:46:09,18.29,400,
13:46:21,18.289,2500,
13:46:28,18.2805,100,
13:46:34,18.284,200,
13:46:41,18.289,1000,
13:47:35,18.28,500,
13:47:48,18.28,100,
13:48:31,18.28,10000,
13:49:03,18.28,100,
13:49:31,18.27,1000,
13:50:24,18.2605,1000,
13:50:33,18.27,920,
13:51:03,18.2699,1200,
13:51:07,18.27,100,
13:51:09,18.27,100,
13:51:33,18.27,130,
13:51:50,18.277,1000,
13:52:22,18.28,100,
13:53:00,18.279,600,
13:53:04,18.29,300,
13:53:06,18.29,808,
13:53:06,18.29,200,
13:53:06,18.29,400,
13:53:06,18.29,400,
13:53:06,18.29,2792,
13:53:06,18.29,100,
13:53:55,18.29,700,
13:54:23,18.299,100,
13:54:29,18.2985,2000,
13:54:56,18.30,100,
13:55:08,18.30,100,
13:55:08,18.30,100,
13:55:09,18.2999,100,
13:55:12,18.29,100,
13:55:25,18.30,400,
13:55:27,18.293,500,
13:55:46,18.30,300,
13:55:55,18.30,400,
13:55:55,18.30,200,
13:55:55,18.30,100,
13:56:04,18.301,3000,
13:56:19,18.3001,500,
13:56:30,18.295,300,
13:56:34,18.295,100,
13:56:50,18.30,100,
13:56:54,18.30,20000,
13:57:00,18.2999,3100,
13:57:00,18.30,100,
13:57:00,18.30,100,
13:57:00,18.30,100,
13:57:00,18.30,153,
13:57:04,18.29,100,
13:57:14,18.2964,150,
13:58:21,18.291,2000,
13:59:14,18.30,1000,
13:59:17,18.30,400,
13:59:17,18.30,100,
13:59:17,18.30,300,
13:59:17,18.30,700,
14:00:25,18.30,1000,
14:00:25,18.301,1000,
14:00:31,18.30,200,
14:00:46,18.29,300,
14:00:52,18.30,100,
14:01:01,18.29,300,
14:01:01,18.29,100,
14:01:01,18.29,100,
14:01:01,18.29,300,
14:01:01,18.29,100,
14:01:01,18.29,1000,
14:01:31,18.29,400,
14:01:31,18.29,800,
14:01:31,18.28,100,
14:01:31,18.28,200,
14:01:34,18.28,20000,
14:01:40,18.281,1000,
14:02:07,18.28,800,
14:03:45,18.284,200,
14:04:31,18.28,1400,
14:04:38,18.28,400,
14:04:38,18.28,133,
14:05:13,18.29,133,
14:05:13,18.29,300,
14:05:13,18.29,200,
14:07:06,18.2801,640,
14:08:29,18.2899,100,
14:08:45,18.2899,901,
14:09:00,18.28,400,
14:09:04,18.28,100,
14:09:23,18.28,400,
14:09:24,18.28,100,
14:09:29,18.28,700,
14:09:50,18.286,380,
14:10:02,18.29,200,
14:10:03,18.29,500,
14:10:32,18.28,600,
14:10:50,18.28,1700,
14:12:21,18.289,293,
14:12:24,18.28,500,
14:12:24,18.28,1500,
14:12:29,18.29,100,
14:12:29,18.28,100,
14:12:36,18.28,100,
14:12:56,18.28,200,
14:12:56,18.28,400,
14:13:00,18.2899,300,
14:13:24,18.299,999,
14:13:45,18.29,200,
14:13:45,18.29,400,
14:14:15,18.29,100,
14:14:19,18.29,200,
14:14:40,18.289,100,
14:15:02,18.29,400,
14:15:02,18.29,200,
14:15:03,18.30,100,
14:15:03,18.30,400,
14:15:03,18.30,200,
14:15:03,18.30,100,
14:15:03,18.30,2500,
14:15:03,18.30,1800,
14:15:03,18.30,1000,
14:15:03,18.30,300,
14:15:03,18.30,1500,
14:15:03,18.30,700,
14:15:03,18.31,600,
14:15:03,18.31,100,
14:15:03,18.31,3100,
14:15:03,18.31,1300,
14:15:03,18.31,200,
14:15:03,18.31,400,
14:15:05,18.301,1550,
14:16:09,18.31,200,
14:16:35,18.3099,100,
14:16:48,18.31,100,
14:16:48,18.31,400,
14:16:54,18.30,300,
14:16:54,18.30,100,
14:17:11,18.29,400,
14:17:21,18.28,200,
14:17:29,18.28,150,
14:17:29,18.2801,450,
14:17:53,18.29,500,
14:18:34,18.30,2500,
14:19:37,18.2999,3000,
14:19:48,18.30,100,
14:19:48,18.30,400,
14:19:49,18.30,100,
14:19:57,18.3098,300,
14:20:11,18.303,1200,
14:20:20,18.3005,1000,
14:20:34,18.30,300,
14:20:42,18.30,200,
14:21:45,18.2901,1400,
14:21:47,18.29,1200,
14:21:47,18.29,700,
14:21:47,18.29,200,
14:21:47,18.29,800,
14:21:54,18.2901,100,
14:22:34,18.30,100,
14:22:39,18.30,300,
14:22:46,18.30,1000,
14:23:04,18.30,1300,
14:23:04,18.30,800,
14:23:04,18.30,400,
14:23:14,18.31,300,
14:23:45,18.30,100,
14:24:22,18.309,300,
14:24:30,18.309,300,
14:25:33,18.299,100,
14:25:34,18.30,423,
14:25:34,18.30,200,
14:25:34,18.30,300,
14:25:34,18.30,377,
14:25:34,18.30,200,
14:26:35,18.31,400,
14:26:35,18.31,100,
14:26:36,18.31,500,
14:26:37,18.32,5000,
14:27:21,18.311,700,
14:27:34,18.32,800,
14:27:34,18.32,500,
14:27:34,18.32,100,
14:27:47,18.33,1000,
14:27:52,18.33,100,
14:27:56,18.3301,900,
14:28:09,18.34,100,
14:28:12,18.34,2500,
14:28:12,18.331,500,
14:28:14,18.3385,100,
14:28:24,18.3301,900,
14:29:03,18.321,100,
14:29:08,18.33,200,
14:29:16,18.3299,390,
14:29:31,18.31,100,
14:29:31,18.3199,400,
14:29:52,18.32,100,
14:29:52,18.32,100,
14:30:07,18.33,100,
14:30:07,18.33,400,
14:30:24,18.33,100,
14:30:54,18.33,300,
14:30:54,18.33,100,
14:30:54,18.32,200,
14:30:54,18.32,300,
14:31:06,18.33,400,
14:31:27,18.34,700,
14:31:27,18.34,200,
14:31:27,18.34,700,
14:31:27,18.34,100,
14:31:30,18.34,100,
14:31:30,18.34,400,
14:31:30,18.34,500,
14:31:40,18.33,200,
14:32:16,18.34,400,
14:32:16,18.34,400,
14:32:16,18.35,100,
14:32:16,18.35,400,
14:32:16,18.35,100,
14:32:16,18.35,200,
14:32:16,18.35,600,
14:32:24,18.3425,500,
14:32:24,18.34,400,
14:32:31,18.35,200,
14:33:02,18.34,100,
14:33:02,18.34,500,
14:33:02,18.34,100,
14:33:03,18.33,100,
14:33:03,18.33,100,
14:33:08,18.329,500,
14:33:17,18.33,200,
14:33:17,18.33,400,
14:33:25,18.339,200,
14:33:31,18.331,1000,
14:33:36,18.3305,500,
14:33:44,18.339,500,
14:33:54,18.33,100,
14:33:56,18.3311,2200,
14:34:00,18.32,4400,
14:34:14,18.32,100,
14:34:26,18.3201,800,
14:34:55,18.32,100,
14:34:55,18.32,100,
14:34:55,18.315,300,
14:34:55,18.32,200,
14:34:55,18.32,600,
14:34:55,18.32,400,
14:35:05,18.31,500,
14:35:05,18.31,200,
14:35:14,18.3101,2700,
14:35:14,18.31,1500,
14:35:25,18.32,300,
14:35:25,18.32,1200,
14:35:25,18.33,800,
14:35:44,18.33,300,
14:35:46,18.3301,100,
14:36:09,18.34,800,
14:36:09,18.34,600,
14:36:09,18.34,700,
14:36:09,18.34,100,
14:36:09,18.34,3000,
14:36:18,18.33,600,
14:36:18,18.33,100,
14:36:20,18.33,300,
14:36:20,18.33,300,
14:37:12,18.33,1400,
14:37:14,18.3338,525,
14:37:28,18.339,200,
14:37:29,18.34,300,
14:37:29,18.34,1125,
14:37:29,18.34,375,
14:37:29,18.34,500,
14:37:29,18.34,800,
14:37:31,18.3301,1230,
14:37:31,18.33,400,
14:37:38,18.34,125,
14:37:38,18.34,100,
14:37:40,18.34,225,
14:37:48,18.34,1300,
14:37:48,18.34,300,
14:37:48,18.34,300,
14:38:06,18.34,100,
14:38:11,18.3397,100,
14:38:11,18.339,700,
14:38:15,18.3373,800,
14:38:17,18.34,200,
14:38:23,18.34,200,
14:38:23,18.34,200,
14:38:23,18.34,200,
14:38:28,18.34,500,
14:38:28,18.34,895,
14:38:58,18.34,600,
14:38:58,18.34,400,
14:38:58,18.34,500,
14:39:10,18.34,300,
14:39:10,18.34,200,
14:39:10,18.34,200,
14:39:10,18.34,100,
14:39:26,18.34,100,
14:39:26,18.34,100,
14:39:28,18.34,900,
14:39:44,18.3407,400,
14:39:45,18.34,100,
14:39:45,18.34,100,
14:39:46,18.34,300,
14:39:46,18.34,400,
14:39:46,18.34,200,
14:39:46,18.34,400,
14:39:46,18.3401,4000,
14:39:48,18.34,200,
14:39:48,18.34,200,
14:39:50,18.34,100,
14:39:50,18.34,100,
14:39:56,18.34,800,
14:39:56,18.34,600,
14:39:56,18.34,600,
14:39:56,18.34,800,
14:39:56,18.34,3600,
14:39:56,18.34,400,
14:39:56,18.34,200,
14:39:56,18.34,100,
14:40:03,18.34,100,
14:40:04,18.3304,500,
14:40:23,18.34,100,
14:40:23,18.34,600,
14:40:23,18.34,200,
14:40:26,18.35,1000,
14:40:38,18.339,1001,
14:40:42,18.34,300,
14:40:42,18.34,100,
14:40:42,18.34,200,
14:40:42,18.34,500,
14:40:44,18.34,100,
14:40:44,18.34,600,
14:40:46,18.3396,100,
14:40:46,18.339,400,
14:40:53,18.34,700,
14:40:53,18.34,400,
14:40:53,18.34,400,
14:40:53,18.34,400,
14:41:01,18.34,700,
14:41:01,18.34,2200,
14:41:08,18.34,200,
14:41:08,18.35,100,
14:41:08,18.35,466,
14:41:11,18.34,3000,
14:41:12,18.34,100,
14:41:12,18.34,100,
14:41:34,18.3401,4400,
14:41:36,18.3471,100,
14:41:41,18.35,300,
14:41:41,18.35,300,
14:41:41,18.35,100,
14:41:41,18.35,200,
14:41:41,18.35,266,
14:41:41,18.35,3534,
14:41:41,18.35,100,
14:41:51,18.35,2400,
14:42:31,18.3499,5200,
14:43:20,18.3499,500,
14:43:28,18.36,300,
14:43:28,18.36,800,
14:43:28,18.36,400,
14:43:28,18.36,940,
14:43:28,18.36,1000,
14:43:30,18.36,1500,
14:43:30,18.36,300,
14:43:33,18.37,1000,
14:43:34,18.37,500,
14:43:35,18.37,600,
14:43:35,18.37,400,
14:43:40,18.37,200,
14:43:40,18.37,1400,
14:43:40,18.37,400,
14:43:40,18.37,800,
14:43:40,18.37,100,
14:43:40,18.37,300,
14:43:53,18.371,2448,
14:44:00,18.37,200,
14:44:00,18.37,300,
14:44:00,18.37,200,
14:44:09,18.369,400,
14:44:19,18.3695,200,
14:44:27,18.36,20000,
14:44:32,18.37,400,
14:44:50,18.38,453,
14:44:50,18.38,500,
14:44:51,18.379,430,
14:44:55,18.39,900,
14:44:59,18.40,100,
14:44:59,18.3999,100,
14:45:02,18.399,1668,
14:45:06,18.39,100,
14:45:06,18.39,300,
14:45:06,18.39,200,
14:45:17,18.391,5000,
14:45:32,18.391,2800,
14:45:39,18.39,272,
14:45:39,18.39,172,
14:45:50,18.40,100,
14:46:07,18.40,100,
14:46:07,18.3999,200,
14:46:11,18.399,200,
14:46:12,18.40,600,
14:46:25,18.40,750,
14:46:25,18.40,500,
14:46:25,18.40,400,
14:46:25,18.40,800,
14:46:25,18.40,920,
14:46:25,18.40,420,
14:46:25,18.40,100,
14:46:32,18.3999,1000,
14:46:33,18.40,200,
14:46:34,18.41,10000,
14:46:55,18.409,690,
14:47:03,18.3999,900,
14:47:09,18.3901,600,
14:47:11,18.40,167,
14:47:21,18.4001,100,
14:47:21,18.4001,100,
14:47:26,18.4022,200,
14:47:26,18.4022,300,
14:47:28,18.4001,400,
14:47:43,18.41,100,
14:47:43,18.41,100,
14:47:47,18.41,300,
14:47:47,18.41,200,
14:47:47,18.41,700,
14:47:47,18.41,1100,
14:47:47,18.41,233,
14:47:47,18.41,2000,
14:47:47,18.41,800,
14:47:53,18.41,400,
14:47:53,18.41,200,
14:47:57,18.41,2000,
14:48:05,18.411,750,
14:48:13,18.40,500,
14:48:13,18.40,200,
14:48:13,18.40,600,
14:48:13,18.40,200,
14:48:13,18.40,197,
14:48:30,18.38,2000,
14:48:31,18.381,800,
14:48:33,18.381,300,
14:48:33,18.381,400,
14:48:33,18.38,500,
14:48:59,18.38,1100,
14:48:59,18.3811,100,
14:48:59,18.3806,200,
14:49:00,18.39,500,
14:49:34,18.391,1200,
14:49:46,18.3901,100,
14:50:12,18.39,100,
14:50:12,18.39,300,
14:50:37,18.3801,200,
14:50:50,18.38,300,
14:50:54,18.38,400,
14:50:54,18.38,200,
14:50:54,18.38,200,
14:50:54,18.38,500,
14:50:54,18.38,700,
14:50:54,18.38,100,
14:50:54,18.38,400,
14:50:54,18.39,300,
14:50:54,18.39,100,
14:50:54,18.39,100,
14:50:54,18.39,100,
14:50:54,18.39,300,
14:50:54,18.39,400,
14:50:54,18.39,200,
14:50:54,18.39,300,
14:50:54,18.39,700,
14:50:54,18.39,100,
14:51:30,18.3873,1000,
14:51:35,18.38,2600,
14:51:35,18.3802,2600,
14:51:49,18.381,1900,
14:52:08,18.3846,100,
14:52:16,18.3898,1300,
14:52:40,18.389,1000,
14:52:46,18.38,300,
14:52:50,18.379,300,
14:53:02,18.38,500,
14:53:13,18.37,100,
14:53:14,18.37,100,
14:53:14,18.37,100,
14:53:14,18.37,100,
14:53:15,18.37,3000,
14:53:20,18.37,300,
14:53:20,18.37,600,
14:53:20,18.37,557,
14:53:22,18.379,500,
14:53:22,18.37,157,
14:53:22,18.37,143,
14:53:22,18.3701,1200,
14:53:25,18.371,300,
14:53:27,18.379,500,
14:53:38,18.36,100,
14:53:38,18.36,100,
14:53:38,18.36,100,
14:53:38,18.36,600,
14:53:45,18.3606,991,
14:54:11,18.37,900,
14:54:18,18.36,200,
14:54:18,18.36,100,
14:54:18,18.3601,1000,
14:54:41,18.37,100,
14:54:41,18.37,100,
14:54:41,18.37,100,
14:54:45,18.369,1000,
14:55:12,18.361,300,
14:55:20,18.37,900,
14:55:24,18.371,200,
14:55:25,18.37,800,
14:55:34,18.3701,100,
14:56:13,18.39,100,
14:56:13,18.39,200,
14:56:13,18.39,1600,
14:56:18,18.39,100,
14:56:18,18.39,2100,
14:56:28,18.39,1200,
14:56:28,18.39,300,
14:56:33,18.40,1900,
14:56:36,18.39,100,
14:56:38,18.40,200,
14:56:38,18.40,200,
14:56:38,18.40,2000,
14:56:41,18.39,100,
14:56:43,18.40,1200,
14:56:43,18.40,266,
14:56:47,18.399,500,
14:56:52,18.399,2000,
14:57:12,18.40,1000,
14:57:16,18.41,100,
14:57:19,18.41,100,
14:57:25,18.41,100,
14:57:32,18.41,100,
14:57:57,18.40,300,
14:57:57,18.40,200,
14:57:57,18.40,400,
14:58:00,18.3963,100,
14:58:12,18.40,287,
14:58:12,18.40,400,
14:58:12,18.40,600,
14:58:15,18.41,200,
14:58:17,18.40,200,
14:58:37,18.391,1000,
14:58:56,18.39,100,
14:59:16,18.373,1000,
14:59:47,18.3701,300,
14:59:51,18.36,400,
15:00:04,18.37,100,
15:00:13,18.38,200,
15:01:02,18.373,600,
15:01:11,18.39,100,
15:01:11,18.39,200,
15:01:47,18.3799,100,
15:02:03,18.37,500,
15:02:03,18.37,200,
15:02:03,18.37,100,
15:02:04,18.36,100,
15:02:11,18.36,600,
15:02:11,18.36,400,
15:02:22,18.361,500,
15:03:53,18.36,100,
15:03:53,18.36,300,
15:04:21,18.37,140,
15:04:51,18.37,300,
15:05:04,18.3741,100,
15:05:11,18.37,200,
15:05:11,18.37,300,
15:05:11,18.37,100,
15:05:11,18.37,300,
15:05:11,18.37,100,
15:05:11,18.37,300,
15:05:14,18.37,100,
15:05:14,18.369,200,
15:05:16,18.37,300,
15:05:29,18.3699,500,
15:06:44,18.36,100,
15:07:16,18.37,1800,
15:07:18,18.37,1300,
15:07:19,18.36,300,
15:07:21,18.37,200,
