09:30:00,16.73,131,
09:30:01,16.7299,4000,
09:30:01,16.73,1200,
09:30:01,16.73,800,
09:30:01,16.74,1400,
09:30:01,16.73,131,
09:30:02,16.74,600,
09:30:02,16.76,200,
09:30:02,16.76,200,
09:30:02,16.76,400,
09:30:02,16.76,200,
09:30:02,16.75,200,
09:30:05,16.74,600,
09:30:08,16.73,1100,
09:30:08,16.73,200,
09:30:11,16.73,194,
09:30:17,16.741,800,
09:30:20,16.75,1500,
09:30:20,16.75,200,
09:30:24,16.74,4900,
09:30:24,16.7492,100,
09:30:24,16.7492,500,
09:30:25,16.745,300,
09:30:25,16.73,100,
09:30:25,16.73,200,
09:30:25,16.73,600,
09:30:25,16.73,500,
09:30:25,16.73,200,
09:30:26,16.748,145,
09:30:27,16.745,200,
09:30:28,16.7401,4500,
09:30:28,16.747,1800,
09:30:32,16.74,2000,
09:30:32,16.74,1600,
09:30:32,16.74,2100,
09:30:32,16.74,700,
09:30:32,16.73,200,
09:30:32,16.73,200,
09:30:32,16.74,1928,
09:30:32,16.74,1600,
09:30:41,16.7486,500,
09:30:43,16.75,500,
09:30:48,16.7301,330,
09:30:49,16.73,100,
09:30:51,16.70,200,
09:30:51,16.7003,2800,
09:30:51,16.7001,700,
09:30:51,16.70,200,
09:30:53,16.7001,400,
09:30:53,16.71,200,
09:30:53,16.71,200,
09:30:54,16.72,700,
09:30:55,16.71,200,
09:30:55,16.71,100,
09:30:55,16.71,700,
09:30:56,16.72,400,
09:30:56,16.7199,400,
09:30:56,16.7199,500,
09:30:56,16.7199,500,
09:30:56,16.7199,400,
09:30:56,16.72,400,
09:30:58,16.71,200,
09:30:59,16.70,600,
09:30:59,16.71,200,
09:31:05,16.7099,700,
09:31:05,16.7099,2000,
09:31:05,16.71,481,
09:31:05,16.708,1000,
09:31:09,16.71,200,
09:31:09,16.70,700,
09:31:09,16.71,100,
09:31:10,16.71,100,
09:31:10,16.72,200,
09:31:10,16.71,200,
09:31:11,16.7101,1000,
09:31:16,16.7115,5000,
09:31:17,16.718,400,
09:31:19,16.7199,500,
09:31:21,16.71,181,
09:31:21,16.71,200,
09:31:21,16.71,200,
09:31:23,16.71,100,
09:31:26,16.70,3000,
09:31:26,16.70,100,
09:31:27,16.70,200,
09:31:27,16.6999,200,
09:31:29,16.70,200,
09:31:29,16.704,3800,
09:31:29,16.70,200,
09:31:34,16.695,500,
09:31:35,16.6913,1180,
09:31:36,16.691,500,
09:31:36,16.69,200,
09:31:38,16.70,400,
09:31:39,16.71,300,
09:31:41,16.704,105,
09:31:44,16.70,100,
09:31:44,16.71,500,
09:31:45,16.72,1680,
09:31:46,16.73,200,
09:31:46,16.73,100,
09:31:46,16.7399,5000,
09:31:49,16.72,1300,
09:32:00,16.7254,200,
09:32:00,16.72,100,
09:32:05,16.73,993,
09:32:07,16.72,200,
09:32:12,16.74,1000,
09:32:12,16.74,700,
09:32:12,16.74,700,
09:32:12,16.74,3000,
09:32:12,16.74,200,
09:32:12,16.74,3000,
09:32:12,16.74,200,
09:32:12,16.74,200,
09:32:12,16.74,200,
09:32:12,16.74,200,
09:32:15,16.74,300,
09:32:15,16.74,200,
09:32:16,16.7401,10000,
09:32:20,16.738,1600,
09:32:23,16.7386,1000,
09:32:25,16.74,1200,
09:32:25,16.74,600,
09:32:25,16.75,100,
09:32:28,16.75,500,
09:32:28,16.75,200,
09:32:30,16.758,1500,
09:32:31,16.75,200,
09:32:33,16.749,1000,
09:32:38,16.7401,500,
09:32:43,16.75,400,
09:32:44,16.75,300,
09:32:44,16.75,1100,
09:32:44,16.73,200,
09:32:44,16.72,100,
09:32:44,16.73,1000,
09:32:44,16.71,100,
09:32:44,16.71,700,
09:32:44,16.71,100,
09:32:44,16.71,100,
09:32:44,16.71,200,
09:32:44,16.71,700,
09:32:44,16.71,200,
09:32:45,16.71,200,
09:32:45,16.71,200,
09:32:45,16.75,100,
09:32:45,16.72,200,
09:32:48,16.72,6200,
09:32:51,16.6999,3800,
09:32:51,16.71,100,
09:32:52,16.7099,100,
09:32:57,16.691,8000,
09:32:58,16.7083,700,
09:32:58,16.709,800,
09:33:00,16.71,2600,
09:33:00,16.7091,500,
09:33:04,16.6946,100,
09:33:05,16.6998,2000,
09:33:05,16.70,2100,
09:33:05,16.70,300,
09:33:05,16.70,100,
09:33:08,16.69,800,
09:33:08,16.69,200,
09:33:08,16.69,300,
09:33:08,16.69,100,
09:33:08,16.69,300,
09:33:08,16.68,100,
09:33:08,16.68,100,
09:33:08,16.68,1500,
09:33:08,16.68,100,
09:33:10,16.68,100,
09:33:12,16.676,100,
09:33:13,16.68,200,
09:33:13,16.675,280,
09:33:15,16.6714,100,
09:33:15,16.671,2000,
09:33:21,16.678,1500,
09:33:23,16.67,400,
09:33:24,16.671,2000,
09:33:24,16.66,100,
09:33:30,16.6684,1800,
09:33:30,16.67,200,
09:33:32,16.6612,100,
09:33:32,16.6612,400,
09:33:33,16.669,300,
09:33:36,16.66,1000,
09:33:37,16.669,100,
09:33:41,16.66,400,
09:33:42,16.6785,100,
09:33:42,16.6791,100,
09:33:42,16.68,600,
09:33:42,16.68,2000,
09:33:42,16.68,100,
09:33:42,16.68,573,
09:33:43,16.68,200,
09:33:45,16.6705,350,
09:33:49,16.6788,250,
09:33:49,16.68,2000,
09:33:49,16.68,200,
09:33:49,16.6826,1000,
09:33:51,16.676,100,
09:33:54,16.683,1000,
09:34:01,16.6874,1650,
09:34:05,16.69,340,
09:34:06,16.69,100,
09:34:09,16.697,1600,
09:34:10,16.6865,500,
09:34:15,16.6986,200,
09:34:15,16.699,400,
09:34:18,16.6886,1000,
09:34:21,16.6891,100,
09:34:21,16.6892,1200,
09:34:22,16.6899,100,
09:34:22,16.69,2100,
09:34:22,16.69,3000,
09:34:23,16.6925,5000,
09:34:23,16.68,300,
09:34:23,16.68,300,
09:34:23,16.68,600,
09:34:23,16.68,300,
09:34:23,16.68,200,
09:34:23,16.68,300,
09:34:23,16.68,300,
09:34:24,16.68,600,
09:34:26,16.69,200,
09:34:26,16.6899,700,
09:34:26,16.6899,100,
09:34:26,16.69,600,
09:34:26,16.69,300,
09:34:26,16.69,300,
09:34:26,16.69,300,
09:34:26,16.69,100,
09:34:26,16.6899,300,
09:34:26,16.6899,200,
09:34:26,16.6899,300,
09:34:26,16.6899,300,
09:34:26,16.6899,300,
09:34:26,16.6899,300,
09:34:26,16.6899,600,
09:34:27,16.69,100,
09:34:27,16.69,100,
09:34:29,16.69,300,
09:34:29,16.69,600,
09:34:29,16.69,200,
09:34:30,16.6994,500,
09:34:31,16.68,100,
09:34:34,16.68,100,
09:34:39,16.6725,3800,
09:34:39,16.68,800,
09:34:40,16.6738,550,
09:34:42,16.667,500,
09:34:43,16.67,3000,
09:34:48,16.661,500,
09:34:54,16.6601,1500,
09:34:56,16.66,1000,
09:34:57,16.65,200,
09:34:58,16.65,100,
09:34:58,16.6495,600,
09:34:58,16.6497,600,
09:34:59,16.65,300,
09:34:59,16.65,2000,
09:34:59,16.65,200,
09:35:00,16.656,200,
09:35:03,16.6538,800,
09:35:04,16.66,100,
09:35:04,16.66,500,
09:35:05,16.66,800,
09:35:05,16.66,1800,
09:35:05,16.66,200,
09:35:05,16.66,200,
09:35:05,16.66,300,
09:35:05,16.66,500,
09:35:05,16.66,200,
09:35:05,16.64,600,
09:35:05,16.64,300,
09:35:05,16.64,200,
09:35:05,16.64,100,
09:35:05,16.65,100,
09:35:05,16.6499,1225,
09:35:06,16.648,265,
09:35:11,16.66,500,
09:35:11,16.67,400,
09:35:13,16.6695,600,
09:35:13,16.6699,1600,
09:35:13,16.67,2000,
09:35:13,16.67,200,
09:35:15,16.669,200,
09:35:15,16.68,200,
09:35:15,16.67,1000,
09:35:15,16.669,200,
09:35:15,16.669,200,
09:35:15,16.66,2000,
09:35:15,16.669,829,
09:35:16,16.6707,980,
09:35:19,16.6796,500,
09:35:20,16.68,100,
09:35:20,16.68,200,
09:35:22,16.68,500,
09:35:22,16.69,100,
09:35:22,16.6786,500,
09:35:22,16.68,700,
09:35:26,16.6912,1500,
09:35:27,16.698,500,
09:35:29,16.69,200,
09:35:32,16.69,500,
09:35:32,16.68,500,
09:35:35,16.6857,100,
09:35:39,16.697,1000,
09:35:41,16.70,600,
09:35:42,16.691,9000,
09:35:44,16.7014,616,
09:35:45,16.7074,1000,
09:35:46,16.7099,1400,
09:35:51,16.7085,4000,
09:35:51,16.707,1000,
09:35:53,16.7001,2000,
09:35:55,16.7014,1000,
09:35:57,16.706,100,
09:36:00,16.709,500,
09:36:02,16.70,500,
09:36:03,16.6918,100,
09:36:06,16.699,500,
09:36:11,16.69,100,
09:36:20,16.702,1500,
09:36:28,16.71,10000,
09:36:30,16.70,400,
09:36:34,16.70,300,
09:36:34,16.70,300,
09:36:34,16.70,500,
09:36:34,16.70,800,
09:36:41,16.71,100,
09:36:41,16.70,600,
09:36:41,16.69,100,
09:36:41,16.69,202,
09:36:42,16.68,1000,
09:36:42,16.68,300,
09:36:42,16.68,300,
09:36:42,16.68,200,
09:36:42,16.68,500,
09:36:43,16.679,200,
09:36:43,16.68,100,
09:36:43,16.679,200,
09:36:44,16.69,150,
09:36:44,16.69,150,
09:36:45,16.69,300,
09:36:45,16.69,700,
09:36:50,16.6996,1600,
09:36:50,16.70,1400,
09:36:50,16.70,700,
09:36:50,16.70,2000,
09:36:50,16.70,955,
09:36:51,16.705,650,
09:36:51,16.70,500,
09:36:54,16.70,700,
09:36:54,16.70,3700,
09:36:58,16.6901,7600,
09:37:02,16.6915,2000,
09:37:05,16.71,200,
09:37:09,16.7001,500,
09:37:13,16.71,400,
09:37:14,16.71,200,
09:37:14,16.7099,800,
09:37:18,16.708,1500,
09:37:25,16.73,500,
09:37:28,16.73,1200,
09:37:29,16.7172,110,
09:37:29,16.72,400,
09:37:30,16.73,1000,
09:37:35,16.7299,350,
09:37:36,16.729,500,
09:37:36,16.729,500,
09:37:36,16.7275,400,
09:37:37,16.728,200,
09:37:42,16.711,300,
09:37:45,16.7114,500,
09:37:52,16.71,500,
09:38:00,16.72,300,
09:38:00,16.72,400,
09:38:00,16.72,400,
09:38:00,16.7199,300,
09:38:00,16.7199,300,
09:38:00,16.72,400,
09:38:06,16.71,100,
09:38:06,16.71,400,
09:38:08,16.71,422,
09:38:08,16.71,300,
09:38:09,16.71,938,
09:38:13,16.708,3000,
09:38:15,16.7084,200,
09:38:15,16.7089,700,
09:38:15,16.71,2000,
09:38:15,16.71,162,
09:38:17,16.719,700,
09:38:17,16.719,3500,
09:38:17,16.719,3400,
09:38:19,16.7187,200,
09:38:19,16.719,700,
09:38:19,16.71,499,
09:38:21,16.72,2000,
09:38:21,16.7279,200,
09:38:21,16.73,200,
09:38:21,16.729,400,
09:38:22,16.719,2900,
09:38:23,16.73,400,
09:38:26,16.74,300,
09:38:26,16.7399,300,
09:38:31,16.75,2500,
09:38:31,16.748,100,
09:38:31,16.75,100,
09:38:31,16.748,100,
09:38:31,16.749,100,
09:38:37,16.74,18000,
09:38:38,16.74,2000,
09:38:48,16.73,300,
09:38:57,16.74,800,
09:39:01,16.739,400,
09:39:05,16.7386,500,
09:39:05,16.74,500,
09:39:06,16.73,100,
09:39:06,16.73,111,
09:39:07,16.74,100,
09:39:16,16.74,500,
09:39:17,16.73,100,
09:39:21,16.7214,500,
09:39:22,16.7214,100,
09:39:25,16.723,1000,
09:39:35,16.72,300,
09:39:35,16.72,300,
09:39:37,16.73,300,
09:39:37,16.728,200,
09:39:39,16.72,2500,
09:39:52,16.723,1700,
09:39:54,16.72,400,
09:39:57,16.70,1470,
09:39:58,16.701,1470,
09:39:58,16.71,100,
09:40:01,16.7094,700,
09:40:01,16.71,3000,
09:40:01,16.71,395,
09:40:03,16.71,100,
09:40:05,16.70,100,
09:40:05,16.70,300,
09:40:07,16.706,350,
09:40:09,16.7088,700,
09:40:09,16.71,800,
09:40:09,16.71,200,
09:40:09,16.71,500,
09:40:09,16.71,1200,
09:40:10,16.7001,750,
09:40:13,16.702,1000,
09:40:21,16.70,500,
09:40:21,16.70,3000,
09:40:33,16.71,200,
09:40:33,16.71,295,
09:40:39,16.718,100,
09:40:41,16.7114,400,
09:40:42,16.7186,200,
09:40:42,16.72,200,
09:40:42,16.7186,100,
09:40:42,16.7186,300,
09:40:44,16.72,2000,
09:40:44,16.73,100,
09:40:44,16.73,200,
09:40:44,16.73,1200,
09:40:52,16.72,200,
09:40:52,16.71,200,
09:40:58,16.71,3000,
09:41:04,16.72,200,
09:41:04,16.72,300,
09:41:04,16.72,1400,
09:41:04,16.72,1300,
09:41:04,16.72,500,
09:41:04,16.719,300,
09:41:05,16.72,500,
09:41:06,16.72,700,
09:41:06,16.72,700,
09:41:15,16.71,200,
09:41:15,16.71,200,
09:41:16,16.708,200,
09:41:25,16.71,4000,
09:41:26,16.70,200,
09:41:26,16.70,1300,
09:41:27,16.69,300,
09:41:28,16.67,400,
09:41:31,16.66,200,
09:41:31,16.67,600,
09:41:32,16.6701,2500,
09:41:37,16.68,100,
09:41:37,16.68,2000,
09:41:37,16.68,300,
09:41:37,16.68,500,
09:41:44,16.6899,6400,
09:41:47,16.68,200,
09:41:48,16.69,900,
09:41:48,16.69,1200,
09:41:48,16.69,400,
09:41:48,16.69,900,
09:41:57,16.682,1000,
09:42:03,16.69,100,
09:42:04,16.70,300,
09:42:04,16.70,500,
09:42:04,16.70,500,
09:42:06,16.70,700,
09:42:06,16.70,700,
09:42:06,16.70,700,
09:42:06,16.70,2000,
09:42:06,16.70,200,
09:42:06,16.70,251,
09:42:07,16.70,6200,
09:42:07,16.69,200,
09:42:07,16.69,300,
09:42:07,16.70,2000,
09:42:10,16.69,500,
09:42:12,16.69,200,
09:42:13,16.68,200,
09:42:13,16.68,500,
09:42:13,16.67,200,
09:42:16,16.684,200,
09:42:20,16.67,400,
09:42:22,16.68,100,
09:42:34,16.6844,2000,
09:42:50,16.6501,190,
09:42:50,16.6501,2810,
09:42:52,16.661,300,
09:42:56,16.66,800,
09:42:57,16.66,300,
09:43:03,16.66,300,
09:43:03,16.66,300,
09:43:05,16.65,675,
09:43:07,16.65,200,
09:43:25,16.651,400,
09:43:25,16.652,900,
09:43:25,16.65,400,
09:43:25,16.66,200,
09:43:25,16.66,100,
09:43:37,16.669,4000,
09:43:44,16.66,200,
09:43:56,16.67,111,
09:43:56,16.67,189,
09:43:57,16.6699,2500,
09:44:00,16.67,400,
09:44:06,16.68,300,
09:44:06,16.68,300,
09:44:15,16.68,250,
09:44:15,16.68,150,
09:44:16,16.6675,7000,
09:44:20,16.67,200,
09:44:20,16.67,100,
09:44:20,16.669,700,
09:44:21,16.67,200,
09:44:23,16.6775,2000,
09:44:24,16.68,200,
09:44:24,16.68,100,
09:44:28,16.6882,200,
09:44:28,16.69,200,
09:44:31,16.6888,200,
09:44:31,16.69,200,
09:44:31,16.69,100,
09:44:32,16.6814,325,
09:44:34,16.689,700,
09:44:34,16.689,745,
09:44:37,16.6921,1500,
09:44:40,16.699,800,
09:44:40,16.696,110,
09:44:45,16.70,500,
09:44:45,16.69,800,
09:44:46,16.691,1000,
09:44:46,16.69,9100,
09:44:49,16.697,1000,
09:44:54,16.69,100,
09:45:01,16.69,400,
09:45:07,16.68,300,
09:45:07,16.681,300,
09:45:09,16.68,300,
09:45:11,16.6699,100,
09:45:12,16.66,100,
09:45:13,16.66,1000,
09:45:14,16.661,1000,
09:45:15,16.65,200,
09:45:17,16.66,500,
09:45:17,16.66,1900,
09:45:17,16.6517,800,
09:45:17,16.651,1700,
09:45:19,16.654,285,
09:45:25,16.66,300,
09:45:25,16.67,300,
09:45:32,16.66,300,
09:45:37,16.667,1500,
09:45:44,16.66,300,
09:45:44,16.65,200,
09:45:50,16.66,150,
09:45:50,16.66,300,
09:45:50,16.66,1000,
09:45:50,16.66,400,
09:45:52,16.66,100,
09:46:01,16.651,2200,
09:46:04,16.65,200,
09:46:04,16.65,300,
09:46:06,16.65,100,
09:46:09,16.66,100,
09:46:09,16.66,100,
09:46:11,16.6595,800,
09:46:12,16.6575,2000,
09:46:17,16.659,8400,
09:46:20,16.6592,200,
09:46:20,16.659,1700,
09:46:20,16.659,1700,
09:46:22,16.659,600,
09:46:23,16.65,125,
09:46:32,16.6599,100,
09:46:33,16.65,100,
09:46:33,16.65,600,
09:46:33,16.65,375,
09:46:41,16.67,100,
09:46:44,16.66,100,
09:46:44,16.66,300,
09:46:46,16.66,500,
09:46:50,16.652,686,
09:46:51,16.65,300,
09:46:51,16.64,400,
09:46:51,16.64,200,
09:46:51,16.64,100,
09:46:51,16.64,1400,
09:46:53,16.63,500,
09:46:54,16.64,300,
09:46:57,16.64,200,
09:46:57,16.64,400,
09:46:58,16.64,200,
09:46:58,16.64,500,
09:46:59,16.64,700,
09:47:00,16.6454,200,
09:47:00,16.64,100,
09:47:02,16.643,900,
09:47:05,16.638,100,
09:47:07,16.65,300,
09:47:08,16.632,1700,
09:47:09,16.64,100,
09:47:10,16.6414,1400,
09:47:14,16.642,1000,
09:47:20,16.645,200,
09:47:23,16.6399,500,
09:47:24,16.62,100,
09:47:24,16.622,100,
09:47:25,16.62,800,
09:47:25,16.61,1500,
09:47:25,16.62,200,
09:47:25,16.62,100,
09:47:26,16.61,150,
09:47:29,16.62,100,
09:47:29,16.625,1000,
09:47:32,16.63,300,
09:47:32,16.635,100,
09:47:33,16.63,300,
09:47:33,16.6374,600,
09:47:34,16.64,5800,
09:47:34,16.635,100,
09:47:35,16.6372,200,
09:47:36,16.64,200,
09:47:36,16.64,200,
09:47:36,16.64,300,
09:47:39,16.63,2000,
09:47:39,16.63,200,
09:47:41,16.63,300,
09:47:44,16.636,300,
09:47:48,16.63,3000,
09:47:48,16.63,3000,
09:47:48,16.63,8100,
09:47:56,16.65,200,
09:47:56,16.65,700,
09:47:58,16.65,300,
09:48:04,16.64,100,
09:48:04,16.64,200,
09:48:06,16.63,100,
09:48:06,16.63,1000,
09:48:06,16.63,300,
09:48:06,16.63,500,
09:48:06,16.63,100,
09:48:07,16.63,151,
09:48:08,16.639,1200,
09:48:13,16.63,100,
09:48:15,16.62,1000,
09:48:17,16.62,300,
09:48:20,16.622,300,
09:48:36,16.6214,100,
09:48:42,16.62,300,
09:48:47,16.629,100,
09:48:50,16.6289,100,
09:48:50,16.629,200,
09:48:51,16.628,200,
09:48:53,16.63,100,
09:48:58,16.62,100,
09:49:00,16.6271,200,
09:49:07,16.62,300,
09:49:09,16.6299,100,
09:49:09,16.6299,200,
09:49:11,16.6286,750,
09:49:11,16.63,100,
09:49:11,16.63,2300,
09:49:11,16.63,400,
09:49:11,16.63,100,
09:49:14,16.6299,300,
09:49:14,16.6201,1000,
09:49:16,16.6201,5417,
09:49:16,16.62,5417,
09:49:20,16.628,200,
09:49:22,16.628,300,
09:49:28,16.62,300,
09:49:31,16.6288,400,
09:49:31,16.6288,600,
09:49:32,16.63,100,
09:49:32,16.63,100,
09:49:39,16.63,300,
09:49:45,16.6372,400,
09:49:46,16.64,600,
09:49:48,16.63,5000,
09:49:51,16.6386,200,
09:49:57,16.6428,100,
09:50:00,16.64,300,
09:50:04,16.65,2000,
09:50:06,16.65,300,
09:50:06,16.64,300,
09:50:11,16.64,4000,
09:50:14,16.639,400,
09:50:15,16.64,200,
09:50:16,16.6375,4000,
09:50:17,16.634,100,
09:50:26,16.639,800,
09:50:28,16.6388,300,
09:50:32,16.64,1300,
09:50:32,16.64,300,
09:50:32,16.64,1400,
09:50:32,16.64,700,
09:50:32,16.64,300,
09:50:32,16.64,500,
09:50:32,16.649,300,
09:50:34,16.645,100,
09:50:34,16.645,100,
09:50:34,16.645,100,
09:50:34,16.645,200,
09:50:38,16.64,300,
09:50:38,16.64,400,
09:50:38,16.63,300,
09:50:39,16.6301,2300,
09:50:42,16.6374,650,
09:50:42,16.64,2000,
09:50:42,16.64,400,
09:50:43,16.6485,300,
09:50:52,16.64,100,
09:50:59,16.638,1000,
09:50:59,16.64,289,
09:51:02,16.6382,300,
09:51:02,16.639,400,
09:51:09,16.6388,1000,
09:51:16,16.63,200,
09:51:16,16.63,400,
09:51:17,16.64,500,
09:51:22,16.63,100,
09:51:22,16.63,100,
09:51:26,16.629,500,
09:51:27,16.62,200,
09:51:27,16.62,200,
09:51:27,16.62,200,
09:51:27,16.62,100,
09:51:27,16.62,175,
09:51:28,16.62,800,
09:51:28,16.62,100,
09:51:28,16.62,3700,
09:51:31,16.6299,2500,
09:51:43,16.63,100,
09:51:43,16.63,400,
09:51:43,16.62,300,
09:51:43,16.62,500,
09:51:57,16.63,300,
09:52:00,16.63,200,
09:52:01,16.6291,200,
09:52:01,16.629,3400,
09:52:01,16.629,1600,
09:52:04,16.6165,7000,
09:52:07,16.61,200,
09:52:08,16.61,480,
09:52:08,16.61,800,
09:52:11,16.61,220,
09:52:11,16.6001,2700,
09:52:11,16.6022,500,
09:52:11,16.61,260,
09:52:11,16.6001,3000,
09:52:11,16.60,100,
09:52:11,16.60,100,
09:52:11,16.60,600,
09:52:11,16.60,100,
09:52:11,16.60,200,
09:52:11,16.60,4290,
09:52:12,16.61,200,
09:52:13,16.61,155,
09:52:13,16.61,300,
09:52:13,16.61,400,
09:52:13,16.61,2000,
09:52:13,16.61,400,
09:52:14,16.613,1200,
09:52:15,16.61,500,
09:52:16,16.61,100,
09:52:16,16.61,300,
09:52:16,16.61,200,
09:52:17,16.611,1000,
09:52:18,16.60,1200,
09:52:18,16.60,200,
09:52:18,16.60,1000,
09:52:18,16.60,1000,
09:52:20,16.61,499,
09:52:20,16.61,300,
09:52:20,16.61,500,
09:52:20,16.62,700,
09:52:20,16.62,700,
09:52:21,16.6105,100,
09:52:23,16.614,215,
09:52:24,16.62,100,
09:52:33,16.6191,200,
09:52:33,16.619,300,
09:52:33,16.6179,100,
09:52:37,16.61,1000,
09:53:00,16.6201,7500,
09:53:17,16.62,200,
09:53:29,16.61,100,
09:53:30,16.62,4000,
09:53:30,16.62,200,
09:53:32,16.63,300,
09:53:32,16.63,300,
09:53:32,16.63,200,
09:53:32,16.63,200,
09:53:33,16.63,500,
09:53:33,16.63,2000,
09:53:36,16.62,400,
09:53:36,16.62,300,
09:53:47,16.62,6000,
09:53:51,16.61,1275,
09:53:56,16.6199,950,
09:54:04,16.625,2000,
09:54:05,16.621,1000,
09:54:06,16.628,1000,
09:54:08,16.626,100,
09:54:09,16.6399,100,
09:54:10,16.6321,100,
09:54:15,16.6428,200,
09:54:17,16.64,300,
09:54:20,16.635,100,
09:54:20,16.635,200,
09:54:25,16.64,900,
09:54:32,16.636,100,
09:54:34,16.65,300,
09:54:37,16.65,299,
09:54:37,16.6584,401,
09:54:37,16.66,100,
09:54:38,16.66,300,
09:54:39,16.66,17500,
09:54:39,16.659,300,
09:54:39,16.655,100,
09:54:40,16.655,200,
09:54:40,16.6599,500,
09:54:42,16.6513,500,
09:54:50,16.6599,5000,
09:54:53,16.66,400,
09:54:59,16.65,500,
09:55:00,16.65,100,
09:55:00,16.65,300,
09:55:00,16.65,3400,
09:55:00,16.65,3400,
09:55:00,16.65,400,
09:55:00,16.64,300,
09:55:00,16.64,500,
09:55:00,16.64,111,
09:55:00,16.64,611,
09:55:00,16.65,500,
09:55:03,16.64,110,
09:55:03,16.64,100,
09:55:05,16.64,500,
09:55:13,16.6399,6000,
09:55:17,16.64,800,
09:55:23,16.638,1000,
09:55:34,16.6399,100,
09:55:34,16.6399,100,
09:55:34,16.6399,100,
09:55:34,16.64,2000,
09:55:34,16.64,300,
09:55:34,16.6399,300,
09:55:34,16.6399,2900,
09:55:51,16.63,100,
09:55:51,16.63,500,
09:56:00,16.62,400,
09:56:08,16.6299,5000,
09:56:11,16.623,600,
09:56:23,16.645,100,
09:56:23,16.645,200,
09:56:23,16.64,200,
09:56:28,16.64,100,
09:56:28,16.6399,2240,
09:56:31,16.635,100,
09:56:36,16.632,1000,
09:56:43,16.63,300,
09:56:44,16.63,200,
09:56:44,16.6282,200,
09:56:45,16.63,700,
09:56:49,16.64,500,
09:56:54,16.64,100,
09:56:54,16.64,100,
09:56:54,16.6388,100,
09:56:54,16.6388,300,
09:56:55,16.64,100,
09:57:01,16.63,100,
09:57:04,16.6299,200,
09:57:06,16.638,1000,
09:57:20,16.625,100,
09:57:20,16.625,200,
09:57:20,16.629,3000,
09:57:21,16.6288,500,
09:57:21,16.629,700,
09:57:24,16.621,600,
09:57:26,16.62,800,
09:57:30,16.625,100,
09:57:30,16.625,200,
09:57:34,16.62,100,
09:57:34,16.62,100,
09:57:34,16.62,300,
09:57:35,16.62,500,
09:57:39,16.62,300,
09:57:48,16.64,300,
09:57:57,16.64,900,
09:57:57,16.64,300,
09:57:57,16.64,600,
09:57:57,16.64,300,
09:57:57,16.64,700,
09:57:57,16.64,200,
09:57:57,16.64,1000,
09:57:57,16.63,300,
09:57:57,16.63,900,
09:57:57,16.63,400,
09:57:57,16.63,400,
09:58:00,16.63,500,
09:58:00,16.64,500,
09:58:00,16.64,1261,
09:58:00,16.64,200,
09:58:00,16.64,500,
09:58:12,16.63,200,
09:58:13,16.63,500,
09:58:13,16.63,100,
09:58:14,16.63,200,
09:58:14,16.6299,2000,
09:58:20,16.629,100,
09:58:24,16.63,25000,
09:58:30,16.6201,2000,
09:58:33,16.62,100,
09:58:36,16.62,1180,
09:58:39,16.63,500,
09:58:52,16.6299,500,
09:59:00,16.621,3400,
09:59:03,16.62,7700,
09:59:16,16.6314,1100,
09:59:37,16.6499,200,
09:59:45,16.65,202,
09:59:57,16.644,300,
10:00:01,16.6301,540,
10:00:09,16.65,100,
10:00:09,16.65,500,
10:00:09,16.65,400,
10:00:10,16.65,150,
10:00:10,16.65,200,
10:00:10,16.65,500,
10:00:10,16.65,100,
10:00:10,16.65,300,
10:00:10,16.65,100,
10:00:10,16.65,650,
10:00:11,16.64,100,
10:00:11,16.64,700,
10:00:12,16.65,110,
10:00:12,16.65,300,
10:00:12,16.65,100,
10:00:14,16.66,500,
10:00:16,16.67,106,
10:00:16,16.67,500,
10:00:16,16.68,100,
10:00:16,16.68,300,
10:00:16,16.68,400,
10:00:16,16.68,300,
10:00:16,16.68,300,
10:00:16,16.68,200,
10:00:16,16.68,100,
10:00:16,16.68,100,
10:00:16,16.69,300,
10:00:16,16.69,100,
10:00:16,16.69,500,
10:00:16,16.69,100,
10:00:16,16.69,300,
10:00:16,16.69,200,
10:00:16,16.6999,1500,
10:00:16,16.70,200,
10:00:16,16.71,300,
10:00:16,16.70,500,
10:00:16,16.70,100,
10:00:16,16.70,100,
10:00:16,16.70,500,
10:00:17,16.70,300,
10:00:17,16.71,100,
10:00:17,16.70,500,
10:00:17,16.71,2000,
10:00:17,16.71,650,
10:00:17,16.72,100,
10:00:17,16.72,200,
10:00:17,16.72,400,
10:00:17,16.71,100,
10:00:17,16.71,200,
10:00:17,16.71,300,
10:00:17,16.71,650,
10:00:17,16.71,100,
10:00:17,16.72,100,
10:00:18,16.70,300,
10:00:18,16.698,500,
10:00:18,16.71,500,
10:00:18,16.73,100,
10:00:18,16.73,1000,
10:00:18,16.73,110,
10:00:18,16.73,140,
10:00:19,16.74,200,
10:00:19,16.74,300,
10:00:21,16.73,100,
10:00:21,16.739,2500,
10:00:21,16.739,300,
10:00:21,16.73,300,
10:00:22,16.73,220,
10:00:22,16.73,200,
10:00:22,16.72,300,
10:00:22,16.72,300,
10:00:22,16.72,100,
10:00:22,16.72,1700,
10:00:22,16.72,100,
10:00:22,16.72,500,
10:00:22,16.72,100,
10:00:23,16.71,100,
10:00:24,16.7125,2000,
10:00:24,16.71,300,
10:00:25,16.7174,1000,
10:00:25,16.72,700,
10:00:25,16.73,100,
10:00:25,16.73,400,
10:00:25,16.73,100,
10:00:25,16.73,700,
10:00:27,16.711,2500,
10:00:27,16.75,900,
10:00:27,16.75,1500,
10:00:27,16.75,300,
10:00:27,16.75,400,
10:00:27,16.74,15000,
10:00:28,16.76,200,
10:00:28,16.76,1000,
10:00:28,16.76,400,
10:00:28,16.76,400,
10:00:28,16.76,650,
10:00:28,16.77,100,
10:00:28,16.78,1680,
10:00:28,16.77,100,
10:00:28,16.7601,2200,
10:00:29,16.76,200,
10:00:30,16.758,500,
10:00:30,16.75,700,
10:00:30,16.767,1000,
10:00:32,16.758,600,
10:00:33,16.75,200,
10:00:33,16.758,1200,
10:00:36,16.74,8600,
10:00:36,16.749,2000,
10:00:38,16.7425,2000,
10:00:39,16.748,1400,
10:00:40,16.75,141,
10:00:41,16.7486,200,
10:00:44,16.742,1000,
10:00:45,16.741,100,
10:00:46,16.7405,2000,
10:00:47,16.74,400,
10:00:47,16.74,150,
10:00:47,16.73,300,
10:00:47,16.74,200,
10:00:47,16.7309,700,
10:00:47,16.7303,200,
10:00:47,16.731,1495,
10:00:48,16.74,100,
10:00:49,16.74,500,
10:00:49,16.74,200,
10:00:50,16.731,1900,
10:00:50,16.731,500,
10:00:51,16.7393,200,
10:00:55,16.73,1000,
10:00:55,16.73,500,
10:00:56,16.73,1000,
10:01:00,16.74,700,
10:01:01,16.7399,2500,
10:01:06,16.731,5000,
10:01:08,16.74,1000,
10:01:08,16.74,400,
10:01:09,16.74,350,
10:01:09,16.74,1584,
10:01:09,16.74,200,
10:01:09,16.738,300,
10:01:10,16.74,500,
10:01:10,16.74,100,
10:01:10,16.74,100,
10:01:10,16.74,200,
10:01:10,16.7301,100,
10:01:13,16.73,100,
10:01:16,16.73,1900,
10:01:18,16.73,200,
10:01:18,16.73,979,
10:01:18,16.73,500,
10:01:18,16.73,300,
10:01:18,16.73,221,
10:01:23,16.7277,500,
10:01:27,16.7243,400,
10:01:34,16.72,100,
10:01:34,16.7293,200,
10:01:35,16.7272,300,
10:01:36,16.72,200,
10:01:36,16.72,100,
10:01:36,16.72,100,
10:01:36,16.73,10000,
10:01:40,16.71,200,
10:01:43,16.71,299,
10:01:44,16.70,900,
10:01:47,16.6974,1000,
10:01:48,16.691,2000,
10:01:50,16.69,100,
10:01:50,16.68,200,
10:01:51,16.6815,5000,
10:01:51,16.691,500,
10:01:52,16.6801,4000,
10:01:54,16.68,800,
10:01:55,16.67,100,
10:01:55,16.67,200,
10:01:57,16.67,300,
10:01:57,16.68,200,
10:02:00,16.67,350,
10:02:01,16.68,1400,
10:02:02,16.68,100,
10:02:03,16.6899,100,
10:02:03,16.6899,300,
10:02:03,16.6817,100,
10:02:03,16.681,200,
10:02:03,16.671,2000,
10:02:07,16.688,1000,
10:02:22,16.68,300,
10:02:22,16.68,100,
10:02:32,16.6899,2000,
10:02:39,16.692,865,
10:02:43,16.6999,115,
10:02:43,16.6999,2385,
10:02:45,16.70,2000,
10:02:47,16.71,500,
10:02:47,16.71,500,
10:02:48,16.72,200,
10:02:48,16.72,200,
10:02:50,16.7101,8800,
10:02:50,16.72,200,
10:02:50,16.72,500,
10:02:50,16.72,200,
10:02:51,16.73,6600,
10:02:51,16.719,212,
10:02:52,16.73,1488,
10:02:52,16.719,200,
10:02:52,16.73,334,
10:02:54,16.73,300,
10:02:54,16.728,1000,
10:02:55,16.74,100,
10:02:55,16.74,100,
10:02:56,16.7378,100,
10:02:56,16.7378,200,
10:02:56,16.739,500,
10:02:56,16.74,150,
10:02:57,16.739,600,
10:02:58,16.74,600,
10:02:58,16.74,200,
10:02:58,16.74,300,
10:02:59,16.74,200,
10:03:01,16.7385,100,
10:03:01,16.74,500,
10:03:03,16.75,100,
10:03:04,16.75,441,
10:03:05,16.75,200,
10:03:05,16.75,200,
10:03:06,16.75,3000,
10:03:07,16.73,100,
10:03:07,16.73,100,
10:03:13,16.71,100,
10:03:13,16.71,300,
10:03:13,16.71,500,
10:03:14,16.72,300,
10:03:14,16.72,300,
10:03:17,16.73,500,
10:03:17,16.73,300,
10:03:17,16.73,100,
10:03:17,16.73,300,
10:03:19,16.722,1400,
10:03:23,16.7299,250,
10:03:25,16.7272,250,
10:03:26,16.7262,1000,
10:03:29,16.73,300,
10:03:29,16.73,800,
10:03:29,16.73,1050,
10:03:29,16.73,200,
10:03:29,16.72,200,
10:03:29,16.72,100,
10:03:29,16.72,100,
10:03:29,16.72,300,
10:03:29,16.72,100,
10:03:32,16.72,900,
10:03:32,16.72,500,
10:03:33,16.73,100,
10:03:34,16.7299,1000,
10:03:37,16.7375,2200,
10:03:38,16.7399,3000,
10:03:40,16.7309,1900,
10:03:40,16.73,2000,
10:03:40,16.73,3000,
10:03:46,16.73,500,
10:03:46,16.73,200,
10:03:48,16.73,100,
10:03:49,16.73,100,
10:03:50,16.74,100,
10:03:51,16.74,100,
10:03:51,16.74,200,
10:03:52,16.7483,1000,
10:03:54,16.73,500,
10:03:54,16.73,300,
10:03:54,16.73,134,
10:03:54,16.73,300,
10:03:57,16.7386,300,
10:04:00,16.73,300,
10:04:00,16.74,100,
10:04:00,16.74,100,
10:04:00,16.74,100,
10:04:00,16.75,600,
10:04:02,16.7475,1000,
10:04:04,16.75,100,
10:04:04,16.75,200,
10:04:04,16.75,100,
10:04:10,16.749,100,
10:04:10,16.75,4000,
10:04:10,16.749,4000,
10:04:11,16.74,200,
10:04:12,16.74,100,
10:04:14,16.748,1000,
10:04:15,16.7401,4000,
10:04:16,16.74,112,
10:04:16,16.74,200,
10:04:16,16.747,800,
10:04:20,16.74,4800,
10:04:22,16.738,200,
10:04:22,16.736,400,
10:04:23,16.73,300,
10:04:25,16.74,4300,
10:04:32,16.7399,9900,
10:04:32,16.74,300,
10:04:34,16.738,200,
10:04:39,16.75,4800,
10:04:39,16.7472,200,
10:04:40,16.74,688,
10:04:40,16.7392,700,
10:04:40,16.7396,200,
10:04:40,16.74,1800,
10:04:40,16.739,5000,
10:04:44,16.7399,500,
10:04:49,16.7316,2000,
10:04:49,16.7325,2000,
10:04:49,16.73,1600,
10:04:52,16.74,100,
10:04:52,16.74,300,
10:04:52,16.74,300,
10:04:52,16.74,388,
10:04:52,16.74,266,
10:04:53,16.749,400,
10:04:54,16.741,1000,
10:04:56,16.74,100,
10:04:56,16.74,300,
10:04:56,16.74,100,
10:04:56,16.74,200,
10:04:59,16.75,994,
10:05:01,16.7498,300,
10:05:03,16.748,400,
10:05:04,16.7495,500,
10:05:06,16.749,800,
10:05:06,16.745,600,
10:05:07,16.749,600,
10:05:07,16.75,100,
10:05:10,16.76,500,
10:05:10,16.77,500,
10:05:10,16.772,300,
10:05:11,16.77,137,
10:05:11,16.7601,1000,
10:05:12,16.76,600,
10:05:12,16.76,300,
10:05:12,16.77,900,
10:05:12,16.78,100,
10:05:12,16.78,300,
10:05:12,16.78,500,
10:05:12,16.78,200,
10:05:12,16.78,300,
10:05:12,16.788,100,
10:05:13,16.78,400,
10:05:14,16.7801,1000,
10:05:17,16.79,1800,
10:05:17,16.79,300,
10:05:18,16.7901,2000,
10:05:18,16.782,800,
10:05:20,16.79,100,
10:05:22,16.788,1170,
10:05:23,16.789,200,
10:05:24,16.78,400,
10:05:25,16.789,400,
10:05:27,16.7801,3000,
10:05:31,16.7899,8450,
10:05:32,16.7899,8200,
10:05:33,16.7805,1300,
10:05:33,16.78,1900,
10:05:33,16.78,100,
10:05:33,16.78,300,
10:05:33,16.78,2800,
10:05:35,16.78,2000,
10:05:35,16.78,100,
10:05:35,16.7815,2200,
10:05:38,16.7918,100,
10:05:39,16.79,300,
10:05:40,16.7899,2000,
10:05:41,16.7886,1000,
10:05:42,16.79,100,
10:05:43,16.7999,7200,
10:05:46,16.80,455,
10:05:46,16.80,1145,
10:05:47,16.79,110,
10:05:47,16.79,300,
10:05:47,16.79,300,
10:05:49,16.80,1000,
10:05:49,16.791,9000,
10:05:49,16.7999,3138,
10:05:51,16.79,100,
10:05:52,16.7899,2000,
10:05:56,16.79,10000,
10:05:58,16.79,1000,
10:05:58,16.789,3000,
10:05:58,16.79,600,
10:05:58,16.7899,200,
10:06:04,16.79,1000,
10:06:05,16.7893,100,
10:06:06,16.7872,300,
10:06:07,16.7887,100,
10:06:07,16.789,100,
10:06:10,16.79,100,
10:06:10,16.7806,700,
10:06:10,16.78,2000,
10:06:10,16.78,600,
10:06:10,16.78,400,
10:06:10,16.79,300,
10:06:10,16.79,100,
10:06:10,16.79,300,
10:06:10,16.79,200,
10:06:12,16.781,5000,
10:06:17,16.79,200,
10:06:17,16.79,2000,
10:06:17,16.79,100,
10:06:17,16.79,300,
10:06:17,16.79,300,
10:06:17,16.79,500,
10:06:17,16.79,200,
10:06:22,16.789,185,
10:06:24,16.7886,1000,
10:06:24,16.7899,500,
10:06:24,16.7899,115,
10:06:24,16.7899,300,
10:06:25,16.79,300,
10:06:35,16.79,300,
10:06:37,16.7886,700,
10:06:39,16.79,1000,
10:06:39,16.79,100,
10:06:39,16.79,500,
10:06:39,16.79,1800,
10:06:43,16.7801,500,
10:06:44,16.78,600,
10:06:44,16.78,700,
10:06:46,16.7701,400,
10:06:46,16.77,100,
10:06:46,16.77,300,
10:06:46,16.77,300,
10:06:46,16.77,200,
10:06:46,16.77,300,
10:06:46,16.77,1000,
10:06:48,16.77,400,
10:06:50,16.7701,1200,
10:06:50,16.7701,3800,
10:06:50,16.77,600,
10:06:52,16.771,1000,
10:06:54,16.79,600,
10:06:55,16.80,300,
10:06:55,16.80,200,
10:06:55,16.80,600,
10:06:55,16.80,500,
10:06:56,16.8014,700,
10:06:57,16.80,700,
10:06:57,16.80,219,
10:07:02,16.80,500,
10:07:10,16.80,700,
10:07:14,16.8075,100,
10:07:14,16.809,100,
10:07:15,16.80,300,
10:07:15,16.8005,1500,
10:07:17,16.8099,2400,
10:07:21,16.8072,150,
10:07:25,16.80,300,
10:07:25,16.79,290,
10:07:27,16.80,400,
10:07:32,16.8001,3500,
10:07:34,16.7901,299,
10:07:38,16.795,100,
10:07:40,16.79,400,
10:07:41,16.79,300,
10:07:46,16.803,1030,
10:07:49,16.802,1000,
10:07:49,16.80,300,
10:07:49,16.8001,500,
10:07:52,16.792,1000,
10:08:04,16.773,1200,
10:08:10,16.7786,200,
10:08:14,16.79,100,
10:08:20,16.79,500,
10:08:26,16.7817,100,
10:08:26,16.781,700,
10:08:26,16.79,500,
10:08:26,16.79,200,
10:08:26,16.79,300,
10:08:28,16.792,200,
10:08:44,16.77,300,
10:08:45,16.76,353,
10:08:45,16.77,300,
10:08:49,16.761,1500,
10:08:49,16.763,100,
10:08:50,16.76,300,
10:08:52,16.751,500,
10:08:52,16.75,1100,
10:08:58,16.758,300,
10:09:05,16.76,468,
10:09:07,16.751,1000,
10:09:07,16.75,1000,
10:09:14,16.75,100,
10:09:14,16.75,1200,
10:09:14,16.75,300,
10:09:14,16.75,876,
10:09:14,16.74,100,
10:09:14,16.74,300,
10:09:14,16.74,372,
10:09:14,16.74,200,
10:09:15,16.73,297,
10:09:16,16.74,100,
10:09:16,16.751,1780,
10:09:16,16.75,1780,
10:09:17,16.73,100,
10:09:18,16.74,300,
10:09:19,16.745,5000,
10:09:20,16.75,100,
10:09:20,16.75,300,
10:09:20,16.75,204,
10:09:22,16.7501,3000,
10:09:25,16.751,180,
10:09:30,16.7401,5000,
10:09:31,16.741,2000,
10:09:33,16.7428,200,
10:09:35,16.7415,2500,
10:09:41,16.74,200,
10:09:43,16.7328,500,
10:09:43,16.731,500,
10:09:50,16.75,100,
10:09:53,16.755,250,
10:10:01,16.74,100,
10:10:01,16.74,1351,
10:10:02,16.741,200,
10:10:04,16.749,300,
10:10:04,16.75,300,
10:10:04,16.741,1800,
10:10:04,16.741,200,
10:10:14,16.75,100,
10:10:17,16.7599,3150,
10:10:20,16.7599,100,
10:10:22,16.751,100,
10:10:24,16.75,300,
10:10:26,16.749,6000,
10:10:26,16.7498,800,
10:10:26,16.7499,200,
10:10:26,16.75,200,
10:10:29,16.75,500,
10:10:36,16.7457,300,
10:11:05,16.7605,1000,
10:11:26,16.76,300,
10:11:31,16.7565,5000,
10:11:32,16.76,300,
10:11:38,16.76,300,
10:11:47,16.751,2000,
10:11:49,16.769,300,
10:11:54,16.76,1000,
10:12:05,16.76,100,
10:12:05,16.75,100,
10:12:05,16.75,300,
10:12:19,16.753,600,
10:12:23,16.7498,200,
10:12:24,16.75,100,
10:12:24,16.75,277,
10:12:29,16.75,200,
10:12:40,16.752,1045,
10:12:42,16.75,300,
10:12:52,16.741,2000,
10:12:54,16.75,11750,
10:12:55,16.74,500,
10:12:57,16.74,300,
10:12:58,16.732,1000,
10:13:04,16.7405,500,
10:13:14,16.74,800,
10:13:19,16.74,300,
10:13:20,16.7414,1500,
10:13:21,16.74,300,
10:13:25,16.73,100,
10:13:25,16.73,800,
10:13:26,16.73,212,
10:13:28,16.735,899,
10:13:28,16.735,101,
10:13:31,16.73,300,
10:13:35,16.7201,1500,
10:13:37,16.72,100,
10:13:39,16.72,1000,
10:13:47,16.72,1000,
10:13:56,16.71,200,
10:13:56,16.71,500,
10:13:56,16.70,2000,
10:13:58,16.70,7486,
10:13:59,16.70,1500,
10:13:59,16.703,1000,
10:14:01,16.70,600,
10:14:01,16.70,720,
10:14:01,16.70,100,
10:14:01,16.70,500,
10:14:01,16.70,360,
10:14:01,16.70,500,
10:14:01,16.70,240,
10:14:03,16.701,100,
10:14:07,16.7048,900,
10:14:08,16.71,995,
10:14:12,16.7038,1000,
10:14:14,16.71,157,
10:14:16,16.72,300,
10:14:16,16.72,100,
10:14:16,16.72,200,
10:14:20,16.7295,700,
10:14:20,16.73,2000,
10:14:20,16.73,100,
10:14:20,16.73,2200,
10:14:31,16.727,1200,
10:14:43,16.73,100,
10:14:43,16.73,900,
10:14:55,16.72,300,
10:14:55,16.72,4200,
10:14:57,16.7128,280,
10:15:11,16.7101,3900,
10:15:14,16.71,900,
10:15:18,16.72,123,
10:15:23,16.715,100,
10:15:24,16.7188,200,
10:15:24,16.7188,700,
10:15:24,16.72,2000,
10:15:24,16.72,2000,
10:15:35,16.71,300,
10:15:35,16.71,200,
10:15:37,16.7072,200,
10:15:42,16.7026,600,
10:15:46,16.70,14200,
10:15:47,16.71,200,
10:15:57,16.7099,500,
10:15:59,16.704,200,
10:16:10,16.71,195,
10:16:17,16.708,1000,
10:16:21,16.701,300,
10:16:22,16.701,600,
10:16:22,16.701,600,
10:16:30,16.7001,500,
10:16:34,16.71,1500,
10:16:39,16.71,400,
10:16:48,16.71,10000,
10:16:51,16.7014,100,
10:16:55,16.71,400,
10:16:59,16.7036,100,
10:17:04,16.7007,100,
10:17:16,16.7099,2275,
10:17:25,16.7001,100,
10:17:29,16.70,6200,
10:17:29,16.70,100,
10:17:35,16.692,500,
10:17:40,16.6995,2000,
10:17:40,16.70,2000,
10:17:44,16.6978,100,
10:17:51,16.692,500,
10:17:57,16.6928,200,
10:17:57,16.691,500,
10:17:58,16.70,3000,
10:17:58,16.70,300,
10:17:58,16.70,300,
10:17:58,16.70,3000,
10:18:01,16.7009,400,
10:18:01,16.701,400,
10:18:03,16.70,100,
10:18:06,16.69,100,
10:18:07,16.69,1680,
10:18:07,16.691,200,
10:18:07,16.69,580,
10:18:08,16.681,1500,
10:18:08,16.68,1000,
10:18:17,16.69,100,
10:18:22,16.68,129,
10:18:22,16.68,700,
10:18:22,16.68,100,
10:18:22,16.67,400,
10:18:23,16.67,200,
10:18:23,16.67,800,
10:18:25,16.66,1500,
10:18:25,16.6646,700,
10:18:25,16.6626,100,
10:18:26,16.661,500,
10:18:26,16.671,1000,
10:18:26,16.67,100,
10:18:26,16.67,300,
10:18:28,16.6726,1000,
10:18:29,16.67,200,
10:18:29,16.67,200,
10:18:29,16.67,121,
10:18:29,16.67,300,
10:18:29,16.67,700,
10:18:29,16.67,1800,
10:18:29,16.67,100,
10:18:29,16.67,1200,
10:18:29,16.67,600,
10:18:29,16.67,400,
10:18:29,16.67,400,
10:18:29,16.66,100,
10:18:29,16.66,300,
10:18:29,16.66,200,
10:18:29,16.65,100,
10:18:29,16.66,100,
10:18:30,16.65,100,
10:18:30,16.651,300,
10:18:30,16.65,400,
10:18:32,16.66,300,
10:18:32,16.66,300,
10:18:32,16.66,300,
10:18:32,16.65,200,
10:18:36,16.661,100,
10:18:36,16.66,900,
10:18:37,16.6596,800,
10:18:37,16.6599,2000,
10:18:37,16.66,200,
10:18:37,16.66,3000,
10:18:39,16.65,100,
10:18:39,16.6501,3388,
10:18:41,16.659,200,
10:18:41,16.66,2000,
10:18:41,16.66,1600,
10:18:43,16.65,1680,
10:18:45,16.65,600,
10:18:45,16.64,200,
10:18:45,16.64,100,
10:18:47,16.65,800,
10:18:47,16.65,200,
10:18:47,16.65,1600,
10:18:47,16.65,300,
10:18:47,16.65,400,
10:18:47,16.65,400,
10:18:53,16.65,300,
10:18:53,16.6503,300,
10:18:53,16.641,1000,
10:18:55,16.6501,2000,
10:19:02,16.66,500,
10:19:07,16.6526,500,
10:19:16,16.66,3000,
10:19:16,16.66,300,
10:19:18,16.66,293,
10:19:18,16.66,287,
10:19:18,16.66,300,
10:19:21,16.661,300,
10:19:23,16.662,300,
10:19:26,16.67,400,
10:19:26,16.668,1000,
10:19:27,16.66,300,
10:19:27,16.65,1100,
10:19:27,16.65,100,
10:19:27,16.65,300,
10:19:27,16.65,100,
10:19:28,16.641,100,
10:19:30,16.648,900,
10:19:31,16.65,287,
10:19:31,16.65,500,
10:19:37,16.66,300,
10:19:37,16.66,210,
10:19:37,16.66,300,
10:19:41,16.66,100,
10:19:41,16.66,300,
10:19:41,16.66,210,
10:19:43,16.66,300,
10:19:43,16.66,200,
10:19:43,16.66,290,
10:19:53,16.65,3000,
10:19:57,16.6426,1900,
10:19:58,16.65,200,
10:19:58,16.65,3000,
10:19:59,16.66,100,
10:20:04,16.6605,200,
10:20:04,16.66,800,
10:20:04,16.661,300,
10:20:05,16.661,800,
10:20:14,16.68,200,
10:20:17,16.678,477,
10:20:17,16.689,2000,
10:20:20,16.68,10000,
10:20:21,16.67,800,
10:20:24,16.67,18000,
10:20:27,16.6695,840,
10:20:30,16.664,1000,
10:20:36,16.6701,7200,
10:20:41,16.68,400,
10:20:47,16.679,2000,
10:20:56,16.677,1000,
10:20:59,16.69,1000,
10:20:59,16.70,400,
10:20:59,16.70,200,
10:20:59,16.70,200,
10:20:59,16.7099,500,
10:21:02,16.71,1000,
10:21:04,16.71,200,
10:21:04,16.71,400,
10:21:06,16.71,100,
10:21:07,16.71,400,
10:21:08,16.71,200,
10:21:08,16.71,300,
10:21:11,16.71,300,
10:21:11,16.7164,200,
10:21:11,16.72,8800,
10:21:12,16.71,2500,
10:21:12,16.711,5700,
10:21:12,16.71,200,
10:21:12,16.71,300,
10:21:12,16.71,300,
10:21:12,16.71,500,
10:21:13,16.7001,2275,
10:21:27,16.7199,6000,
10:21:29,16.708,1200,
10:21:38,16.6946,1000,
10:21:50,16.692,500,
10:22:00,16.71,400,
10:22:00,16.7099,500,
10:22:02,16.71,300,
10:22:12,16.72,2000,
10:22:12,16.72,100,
10:22:21,16.72,700,
10:22:22,16.73,300,
10:22:22,16.73,500,
10:22:22,16.73,200,
10:22:22,16.73,1600,
10:22:22,16.73,500,
10:22:23,16.729,1000,
10:22:25,16.728,1000,
10:22:37,16.738,1170,
10:22:44,16.7272,250,
10:22:47,16.73,5000,
10:22:47,16.7299,120,
10:22:53,16.729,750,
10:22:54,16.73,150,
10:23:00,16.73,100,
10:23:00,16.73,300,
10:23:00,16.73,300,
10:23:11,16.7285,200,
10:23:11,16.729,200,
10:23:13,16.7201,800,
10:23:37,16.7208,2000,
10:23:37,16.72,2000,
10:23:37,16.72,600,
10:23:45,16.73,3700,
10:23:53,16.72,500,
10:23:53,16.72,200,
10:23:53,16.72,200,
10:23:57,16.729,200,
10:23:58,16.72,300,
10:24:00,16.72,500,
10:24:06,16.711,2000,
10:24:23,16.72,700,
10:24:26,16.73,100,
10:24:35,16.74,500,
10:24:35,16.7399,2600,
10:24:35,16.74,700,
10:24:43,16.7303,100,
10:24:43,16.73,2000,
10:24:43,16.73,3000,
10:24:43,16.73,700,
10:24:45,16.74,200,
10:24:46,16.74,1900,
10:24:46,16.74,900,
10:24:48,16.74,300,
10:24:48,16.74,200,
10:24:52,16.73,1000,
10:24:55,16.73,300,
10:24:57,16.74,100,
10:24:58,16.73,400,
10:24:58,16.73,400,
10:24:58,16.73,200,
10:24:58,16.73,500,
10:25:00,16.728,800,
10:25:03,16.73,200,
10:25:03,16.73,300,
10:25:11,16.74,200,
10:25:11,16.74,100,
10:25:14,16.75,700,
10:25:14,16.75,800,
10:25:15,16.75,100,
10:25:19,16.75,500,
10:25:19,16.75,200,
10:25:19,16.75,300,
10:25:21,16.75,300,
10:25:21,16.75,200,
10:25:21,16.75,400,
10:25:23,16.78,1680,
10:25:24,16.77,300,
10:25:24,16.78,300,
10:25:25,16.789,2100,
10:25:25,16.789,2000,
10:25:26,16.78,100,
10:25:28,16.78,175,
10:25:28,16.78,200,
10:25:30,16.79,700,
10:25:30,16.79,100,
10:25:30,16.79,700,
10:25:30,16.7854,100,
10:25:35,16.78,400,
10:25:36,16.78,100,
10:25:37,16.77,310,
10:25:37,16.77,200,
10:25:37,16.77,1390,
10:25:38,16.7795,500,
10:25:41,16.7716,100,
10:25:41,16.771,900,
10:25:41,16.77,2000,
10:25:41,16.77,1500,
10:25:45,16.77,500,
10:25:50,16.77,300,
10:25:50,16.77,300,
10:25:57,16.778,1500,
10:26:01,16.77,1000,
10:26:01,16.77,330,
10:26:01,16.77,1000,
10:26:03,16.76,11000,
10:26:05,16.77,400,
10:26:08,16.77,2600,
10:26:08,16.77,300,
10:26:09,16.769,1200,
10:26:09,16.78,5875,
10:26:09,16.7786,700,
10:26:09,16.779,1875,
10:26:09,16.779,200,
10:26:12,16.779,1000,
10:26:21,16.78,500,
10:26:27,16.7826,730,
10:26:33,16.78,150,
10:26:34,16.79,3000,
10:26:34,16.79,4000,
10:26:35,16.799,300,
10:26:35,16.80,300,
10:26:37,16.7986,300,
10:26:39,16.799,300,
10:26:39,16.80,400,
10:26:42,16.7901,200,
10:26:42,16.79,2000,
10:26:42,16.79,300,
10:26:44,16.80,100,
10:26:44,16.80,200,
10:26:45,16.79,500,
10:26:45,16.791,3670,
10:26:45,16.79,2000,
10:26:45,16.79,2000,
10:26:52,16.80,300,
10:26:55,16.7986,200,
10:26:57,16.79,11212,
10:26:58,16.7983,400,
10:26:59,16.79,500,
10:27:00,16.799,125,
10:27:11,16.79,100,
10:27:12,16.781,1078,
10:27:12,16.78,350,
10:27:12,16.781,200,
10:27:18,16.79,1000,
10:27:21,16.791,2400,
10:27:29,16.7826,775,
10:27:34,16.79,300,
10:27:34,16.79,400,
10:27:34,16.80,500,
10:27:34,16.8001,600,
10:27:35,16.81,300,
10:27:35,16.81,1000,
10:27:37,16.8189,100,
10:27:38,16.82,594,
10:27:40,16.82,200,
10:27:40,16.82,500,
10:27:41,16.82,300,
10:27:41,16.81,300,
10:27:41,16.81,232,
10:27:41,16.81,202,
10:27:41,16.81,168,
10:27:41,16.81,400,
10:27:43,16.82,900,
10:27:45,16.818,500,
10:27:51,16.82,1000,
10:27:52,16.8005,940,
10:27:53,16.81,200,
10:27:55,16.81,300,
10:27:58,16.80,2200,
10:27:58,16.81,264,
10:28:03,16.801,4465,
10:28:10,16.80,500,
10:28:11,16.80,500,
10:28:11,16.80,300,
10:28:21,16.79,100,
10:28:21,16.7901,400,
10:28:21,16.79,200,
10:28:24,16.80,478,
10:28:31,16.80,300,
10:28:42,16.79,10000,
10:28:51,16.79,300,
10:28:54,16.78,600,
10:28:57,16.783,1200,
10:29:00,16.78,300,
10:29:03,16.78,200,
10:29:05,16.78,200,
10:29:08,16.7774,1800,
10:29:18,16.77,500,
10:29:24,16.77,300,
10:29:26,16.77,500,
10:29:27,16.7699,4000,
10:29:27,16.76,300,
10:29:29,16.76,1400,
10:29:30,16.76,700,
10:29:39,16.76,400,
10:29:45,16.76,300,
10:29:45,16.752,750,
10:29:59,16.75,500,
10:29:59,16.75,100,
10:30:01,16.74,200,
10:30:03,16.73,109,
10:30:04,16.74,410,
10:30:05,16.7399,300,
10:30:14,16.7268,2000,
10:30:22,16.73,300,
10:30:23,16.7215,7500,
10:30:24,16.74,300,
10:30:24,16.74,200,
10:30:26,16.75,2000,
10:30:27,16.76,100,
10:30:33,16.76,100,
10:30:36,16.768,500,
10:30:50,16.77,100,
10:30:59,16.7786,500,
10:31:00,16.77,300,
10:31:09,16.777,600,
10:31:12,16.77,400,
10:31:21,16.78,280,
10:31:26,16.7772,200,
10:31:37,16.77,300,
10:31:43,16.779,500,
10:31:49,16.7586,120,
10:31:54,16.742,400,
10:31:56,16.7393,300,
10:32:04,16.734,200,
10:32:04,16.73,300,
10:32:04,16.73,150,
10:32:10,16.72,400,
10:32:10,16.72,300,
10:32:10,16.72,1600,
10:32:10,16.72,500,
10:32:10,16.72,500,
10:32:10,16.72,479,
10:32:10,16.71,100,
10:32:10,16.71,300,
10:32:10,16.71,600,
10:32:10,16.71,600,
10:32:10,16.71,100,
10:32:10,16.702,1170,
10:32:10,16.70,100,
10:32:10,16.70,500,
10:32:11,16.71,400,
10:32:12,16.701,500,
10:32:12,16.7093,350,
10:32:13,16.70,1500,
10:32:17,16.71,300,
10:32:18,16.717,1980,
10:32:31,16.72,100,
10:32:31,16.72,300,
10:32:31,16.72,200,
10:32:33,16.73,200,
10:32:33,16.73,300,
10:32:33,16.73,1700,
10:32:40,16.733,1000,
10:32:46,16.74,100,
10:32:47,16.74,100,
10:33:04,16.7295,1000,
10:33:18,16.7301,700,
10:33:19,16.75,200,
10:33:24,16.76,1500,
10:33:43,16.76,450,
10:33:46,16.76,300,
10:33:53,16.7493,200,
10:33:56,16.75,300,
10:34:05,16.7505,1000,
10:34:05,16.75,2000,
10:34:05,16.75,300,
10:34:06,16.75,700,
10:34:06,16.75,400,
10:34:09,16.76,300,
10:34:26,16.77,279,
10:34:27,16.779,2000,
10:34:29,16.78,500,
10:34:29,16.79,500,
10:34:32,16.79,2200,
10:34:35,16.78,300,
10:34:36,16.778,1000,
10:34:39,16.78,10000,
10:34:47,16.80,100,
10:34:47,16.80,700,
10:34:47,16.80,2000,
10:34:47,16.80,300,
10:34:47,16.80,300,
10:34:47,16.80,3000,
10:34:47,16.81,1480,
10:34:53,16.80,100,
10:34:53,16.80,100,
10:34:53,16.80,200,
10:34:55,16.7999,3000,
10:35:02,16.80,1252,
10:35:02,16.80,300,
10:35:02,16.80,948,
10:35:02,16.80,3400,
10:35:05,16.7801,2000,
10:35:09,16.7892,100,
10:35:13,16.7899,200,
10:35:19,16.79,2500,
10:35:28,16.7995,1000,
10:35:37,16.80,700,
10:35:37,16.80,300,
10:35:43,16.809,3000,
10:35:45,16.80,100,
10:35:46,16.808,1500,
10:35:48,16.789,200,
10:35:49,16.787,600,
10:35:49,16.78,200,
10:36:04,16.79,300,
10:36:09,16.79,800,
10:36:09,16.79,300,
10:36:09,16.79,258,
10:36:12,16.78,100,
10:36:12,16.78,300,
10:36:12,16.78,400,
10:36:16,16.76,300,
10:36:22,16.76,700,
10:36:25,16.75,500,
10:36:25,16.75,200,
10:36:27,16.74,200,
10:36:29,16.75,300,
10:36:30,16.75,1980,
10:36:31,16.75,200,
10:36:31,16.75,300,
10:36:31,16.75,1500,
10:36:31,16.75,300,
10:36:31,16.75,300,
10:36:31,16.75,127,
10:36:31,16.75,750,
10:36:34,16.76,500,
10:36:40,16.77,300,
10:36:40,16.77,100,
10:36:44,16.7601,5000,
10:36:47,16.77,300,
10:37:06,16.7799,2000,
10:37:21,16.7638,250,
10:37:25,16.761,4400,
10:37:38,16.78,200,
10:37:38,16.78,100,
10:37:40,16.78,2500,
10:37:44,16.76,201,
10:38:03,16.77,400,
10:38:17,16.76,2000,
10:38:47,16.75,200,
10:38:48,16.74,1000,
10:38:49,16.74,1376,
10:38:51,16.74,200,
10:38:52,16.7401,1500,
10:39:00,16.75,400,
10:39:01,16.75,300,
10:39:04,16.76,200,
10:39:05,16.761,1900,
10:39:05,16.761,2000,
10:39:06,16.76,300,
10:39:07,16.76,3600,
10:39:14,16.76,100,
10:39:20,16.77,200,
10:39:24,16.76,300,
10:39:25,16.762,600,
10:39:36,16.76,242,
10:39:50,16.7699,200,
10:40:09,16.77,300,
10:40:10,16.779,2000,
10:40:15,16.78,300,
10:40:19,16.78,200,
10:40:19,16.78,300,
10:40:19,16.78,400,
10:40:19,16.78,121,
10:40:22,16.78,200,
10:40:25,16.77,1000,
10:40:29,16.7893,200,
10:40:33,16.79,300,
10:40:47,16.78,200,
10:40:51,16.7813,1600,
10:40:52,16.781,1700,
10:41:03,16.79,100,
10:41:06,16.80,500,
10:41:06,16.80,1400,
10:41:06,16.80,100,
10:41:06,16.80,100,
10:41:11,16.8074,500,
10:41:13,16.807,1000,
10:41:16,16.809,200,
10:41:18,16.80,300,
10:41:30,16.789,600,
10:41:30,16.789,600,
10:41:36,16.79,1000,
10:41:36,16.79,200,
10:41:46,16.78,300,
10:42:01,16.78,10000,
10:42:02,16.78,117,
10:42:25,16.78,400,
10:42:25,16.78,100,
10:42:32,16.7786,290,
10:42:33,16.77,200,
10:42:37,16.7672,200,
10:42:44,16.75,300,
10:42:48,16.7612,100,
10:43:00,16.7799,4000,
10:43:06,16.78,300,
10:43:06,16.78,3000,
10:43:06,16.78,100,
10:43:06,16.78,200,
10:43:06,16.78,100,
10:43:20,16.79,300,
10:43:34,16.80,500,
10:43:36,16.7868,1218,
10:43:46,16.7826,500,
10:43:48,16.789,100,
10:43:50,16.789,225,
10:44:03,16.80,300,
10:44:03,16.80,100,
10:44:03,16.80,800,
10:44:06,16.7995,1000,
10:44:11,16.81,1000,
10:44:19,16.808,700,
10:44:25,16.80,1000,
10:44:29,16.7829,200,
10:44:45,16.79,200,
10:44:45,16.79,400,
10:44:46,16.79,300,
10:44:50,16.78,100,
10:44:50,16.79,300,
10:44:50,16.79,300,
10:44:53,16.80,200,
10:44:57,16.7945,800,
10:45:09,16.79,200,
10:45:14,16.7801,900,
10:45:14,16.789,100,
10:45:16,16.788,300,
10:45:21,16.78,2000,
10:45:21,16.78,300,
10:45:51,16.8099,100,
10:46:00,16.79,300,
10:46:00,16.79,300,
10:46:02,16.7805,1500,
10:46:05,16.78,300,
10:46:05,16.78,500,
10:46:05,16.78,100,
10:46:05,16.78,300,
10:46:12,16.79,200,
10:46:12,16.79,300,
10:46:16,16.79,300,
10:46:16,16.79,400,
10:46:16,16.80,400,
10:46:16,16.80,200,
10:46:23,16.7916,200,
10:46:23,16.79,2000,
10:46:23,16.79,2000,
10:46:23,16.79,1500,
10:46:28,16.80,2700,
10:46:38,16.80,1000,
10:46:48,16.80,5000,
10:46:49,16.809,250,
10:46:52,16.80,200,
10:46:52,16.80,400,
10:46:54,16.80,200,
10:46:55,16.80,200,
10:47:06,16.79,600,
10:47:22,16.79,600,
10:47:47,16.79,100,
10:48:11,16.8095,500,
10:48:13,16.80,154,
10:48:15,16.79,500,
10:48:20,16.7801,500,
10:48:20,16.78,500,
10:48:20,16.78,500,
10:48:29,16.77,100,
10:48:30,16.77,900,
10:48:36,16.77,1500,
10:48:42,16.7826,500,
10:48:47,16.79,500,
10:48:47,16.7997,6000,
10:48:50,16.80,200,
10:48:50,16.80,134,
10:48:53,16.79,500,
10:49:05,16.80,3100,
10:49:11,16.801,2000,
10:49:15,16.81,100,
10:49:15,16.81,600,
10:49:24,16.79,109,
10:49:25,16.79,100,
10:49:28,16.7999,1500,
10:50:11,16.80,300,
10:50:14,16.80,300,
10:50:20,16.808,150,
10:50:26,16.81,250,
10:50:26,16.807,250,
10:50:47,16.80,300,
10:50:47,16.80,300,
10:50:48,16.79,400,
10:50:58,16.79,1000,
10:51:02,16.80,2000,
10:51:05,16.81,8710,
10:51:06,16.81,250,
10:51:08,16.82,200,
10:51:08,16.81,2400,
10:51:08,16.82,102,
10:51:08,16.82,300,
10:51:09,16.82,300,
10:51:09,16.82,100,
10:51:11,16.82,300,
10:51:11,16.82,300,
10:51:11,16.82,200,
10:51:12,16.83,2200,
10:51:17,16.83,200,
10:51:17,16.83,200,
10:51:17,16.84,700,
10:51:17,16.84,600,
10:51:17,16.84,600,
10:51:17,16.84,400,
10:51:17,16.84,128,
10:51:17,16.84,100,
10:51:17,16.84,1320,
10:51:17,16.84,530,
10:51:17,16.84,200,
10:51:17,16.84,949,
10:51:17,16.84,100,
10:51:17,16.84,199,
10:51:17,16.84,100,
10:51:19,16.84,300,
10:51:19,16.84,300,
10:51:19,16.84,300,
10:51:19,16.84,223,
10:51:20,16.83,300,
10:51:22,16.822,1400,
10:51:26,16.829,250,
10:51:27,16.82,200,
10:51:27,16.82,300,
10:51:28,16.8257,255,
10:51:32,16.83,500,
10:51:32,16.83,300,
10:51:32,16.83,100,
10:51:34,16.83,2300,
10:51:34,16.83,200,
10:51:35,16.83,300,
10:51:35,16.83,200,
10:51:35,16.83,300,
10:51:35,16.83,500,
10:51:35,16.83,300,
10:51:36,16.83,300,
10:51:41,16.83,500,
10:51:43,16.8301,2000,
10:51:43,16.83,200,
10:51:44,16.831,500,
10:51:50,16.83,200,
10:51:53,16.84,200,
10:51:54,16.84,200,
10:51:55,16.84,100,
10:51:55,16.8399,1200,
10:52:01,16.84,280,
10:52:02,16.839,1000,
10:52:08,16.84,200,
10:52:08,16.83,2200,
10:52:10,16.84,100,
10:52:14,16.833,1000,
10:52:17,16.83,2000,
10:52:17,16.83,2000,
10:52:20,16.833,500,
10:52:22,16.85,500,
10:52:22,16.85,1000,
10:52:22,16.86,300,
10:52:22,16.86,400,
10:52:22,16.86,104,
10:52:22,16.86,200,
10:52:22,16.862,10000,
10:52:23,16.87,7766,
10:52:25,16.86,100,
10:52:29,16.861,9000,
10:52:32,16.863,700,
10:52:34,16.86,300,
10:52:35,16.863,700,
10:52:39,16.85,300,
10:52:39,16.85,500,
10:52:39,16.85,300,
10:52:39,16.85,900,
10:52:41,16.851,9000,
10:52:44,16.859,800,
10:52:47,16.8505,1000,
10:52:56,16.86,100,
10:52:56,16.86,100,
10:52:57,16.86,500,
10:52:57,16.86,200,
10:52:57,16.8595,500,
10:53:05,16.8625,3000,
10:53:11,16.869,500,
10:53:11,16.867,1450,
10:53:16,16.862,1400,
10:53:22,16.8699,1000,
10:53:25,16.8699,5000,
10:53:26,16.8601,200,
10:53:26,16.86,100,
10:53:28,16.86,2000,
10:53:28,16.86,100,
10:53:28,16.86,3000,
10:53:28,16.8601,200,
10:53:32,16.861,2000,
10:53:38,16.863,500,
10:53:41,16.861,2000,
10:53:47,16.86,100,
10:53:50,16.87,500,
10:53:51,16.84,3500,
10:54:02,16.868,1000,
10:54:04,16.87,100,
10:54:06,16.8701,225,
10:54:07,16.87,280,
10:54:11,16.87,300,
10:54:12,16.8699,1200,
10:54:16,16.8695,1000,
10:54:25,16.8699,2000,
10:54:27,16.87,1300,
10:54:27,16.87,400,
10:54:27,16.87,825,
10:54:27,16.87,500,
10:54:30,16.86,1300,
10:54:30,16.86,300,
10:54:30,16.86,500,
10:54:31,16.86,100,
10:54:31,16.86,300,
10:54:34,16.86,300,
10:54:39,16.8574,1500,
10:54:43,16.86,100,
10:54:43,16.86,200,
10:54:45,16.85,100,
10:54:50,16.849,2000,
10:55:01,16.8599,400,
10:55:01,16.86,394,
10:55:02,16.86,200,
10:55:06,16.8593,240,
10:55:09,16.8574,750,
10:55:09,16.85,100,
10:55:10,16.8533,200,
10:55:10,16.8528,1400,
10:55:20,16.85,300,
10:55:20,16.855,100,
10:55:21,16.855,100,
10:55:21,16.86,100,
10:55:21,16.86,200,
10:55:21,16.86,100,
10:55:22,16.87,100,
10:55:33,16.853,500,
10:55:38,16.86,500,
10:55:38,16.86,100,
10:55:38,16.86,100,
10:55:42,16.86,100,
10:55:51,16.862,1000,
10:55:54,16.855,100,
10:56:06,16.86,300,
10:56:07,16.86,200,
10:56:11,16.856,100,
10:56:16,16.85,100,
10:56:17,16.8572,200,
10:56:23,16.86,200,
10:56:32,16.851,3250,
10:56:34,16.85,300,
10:56:34,16.86,500,
10:56:34,16.8487,200,
10:56:34,16.8593,500,
10:56:35,16.8599,3000,
10:56:36,16.85,500,
10:56:36,16.85,400,
10:56:36,16.84,400,
10:56:45,16.8405,500,
10:56:48,16.85,400,
10:56:50,16.841,500,
10:56:56,16.856,300,
10:57:01,16.85,100,
10:57:07,16.86,100,
10:57:11,16.85,100,
10:57:12,16.85,200,
10:57:15,16.86,200,
10:57:17,16.859,9000,
10:57:24,16.858,1000,
10:57:27,16.85,100,
10:57:27,16.85,300,
10:57:27,16.86,100,
10:57:29,16.8599,1200,
10:57:31,16.85,100,
10:57:32,16.8505,1000,
10:57:43,16.85,300,
10:57:44,16.849,300,
10:57:45,16.849,100,
10:57:46,16.86,2500,
10:57:47,16.85,300,
10:57:47,16.85,300,
10:57:47,16.8489,200,
10:57:47,16.849,300,
10:57:47,16.851,2000,
10:57:52,16.848,120,
10:57:55,16.85,220,
10:57:56,16.849,300,
10:57:56,16.849,400,
10:57:56,16.849,220,
10:58:02,16.85,220,
10:58:02,16.85,500,
10:58:03,16.8595,6900,
10:58:04,16.86,410,
10:58:04,16.86,100,
10:58:04,16.86,300,
10:58:04,16.87,100,
10:58:04,16.87,300,
10:58:04,16.87,300,
10:58:04,16.87,500,
10:58:04,16.86,400,
10:58:05,16.87,300,
10:58:10,16.869,200,
10:58:11,16.868,200,
10:58:14,16.862,400,
10:58:18,16.87,600,
10:58:30,16.86,500,
10:58:30,16.86,100,
10:58:30,16.86,100,
10:58:30,16.86,100,
10:58:30,16.86,100,
10:58:38,16.8665,2000,
10:58:40,16.86,300,
10:58:41,16.8685,2000,
10:58:45,16.85,300,
10:58:45,16.85,101,
10:58:46,16.85,300,
10:58:46,16.85,200,
10:58:46,16.8494,1000,
10:58:46,16.85,200,
10:58:46,16.85,545,
10:58:46,16.85,355,
10:58:49,16.8499,2900,
10:58:52,16.85,100,
10:58:57,16.849,400,
10:59:03,16.85,300,
10:59:09,16.858,1000,
10:59:16,16.85,300,
10:59:16,16.85,200,
10:59:16,16.85,1700,
10:59:16,16.85,600,
10:59:16,16.84,358,
10:59:18,16.851,9000,
10:59:19,16.85,200,
10:59:19,16.85,300,
10:59:19,16.85,100,
10:59:19,16.85,900,
10:59:20,16.8402,300,
10:59:31,16.85,300,
10:59:34,16.85,300,
10:59:34,16.85,300,
10:59:34,16.85,500,
10:59:34,16.85,500,
10:59:34,16.8501,300,
10:59:34,16.8501,300,
10:59:34,16.8501,200,
10:59:46,16.8505,1000,
10:59:47,16.85,500,
11:00:01,16.85,100,
11:00:05,16.84,100,
11:00:05,16.84,400,
11:00:05,16.84,400,
11:00:06,16.842,500,
11:00:12,16.844,300,
11:00:20,16.84,1000,
11:00:33,16.8486,1000,
11:00:34,16.84,200,
11:00:34,16.84,3300,
11:00:35,16.83,300,
11:00:38,16.832,100,
11:00:39,16.83,100,
11:00:39,16.8394,300,
11:00:39,16.8394,200,
11:00:39,16.84,2000,
11:00:39,16.84,2000,
11:00:44,16.83,1680,
11:00:44,16.83,3100,
11:00:44,16.83,500,
11:00:44,16.83,280,
11:00:44,16.83,800,
11:00:44,16.83,3300,
11:00:44,16.83,400,
11:00:44,16.83,120,
11:00:44,16.82,1000,
11:00:44,16.82,300,
11:00:44,16.82,403,
11:00:44,16.82,400,
11:00:50,16.8243,300,
11:00:57,16.83,400,
11:01:02,16.8386,1000,
11:01:05,16.8287,1000,
11:01:09,16.8207,151,
11:01:18,16.8226,1000,
11:01:20,16.83,300,
11:01:32,16.82,900,
11:01:32,16.82,6303,
11:01:32,16.82,2103,
11:01:32,16.81,1000,
11:01:41,16.82,100,
11:01:42,16.817,1000,
11:01:50,16.8107,177,
11:01:56,16.82,400,
11:02:00,16.82,800,
11:02:00,16.82,200,
11:02:00,16.82,1200,
11:02:14,16.82,1480,
11:02:14,16.8187,1000,
11:02:22,16.81,100,
11:02:35,16.81,100,
11:02:35,16.80,3900,
11:02:36,16.80,100,
11:02:44,16.81,150,
11:02:54,16.8186,600,
11:02:58,16.82,1000,
11:03:04,16.8101,2700,
11:03:30,16.828,1000,
11:03:44,16.8274,1000,
11:03:55,16.8201,4000,
11:04:12,16.8299,100,
11:04:12,16.83,200,
11:04:12,16.825,100,
11:04:14,16.82,100,
11:04:15,16.83,5000,
11:04:17,16.81,200,
11:04:20,16.81,300,
11:04:39,16.8274,1750,
11:04:56,16.8238,1000,
11:05:33,16.815,100,
11:05:57,16.813,1480,
11:06:01,16.82,100,
11:06:01,16.815,100,
11:06:01,16.83,100,
11:06:11,16.83,400,
11:06:11,16.8276,400,
11:06:12,16.825,100,
11:06:12,16.84,100,
11:06:18,16.849,200,
11:06:20,16.849,700,
11:06:36,16.84,100,
11:06:37,16.84,300,
11:06:37,16.84,1000,
11:06:37,16.84,100,
11:06:37,16.84,300,
11:06:37,16.84,300,
11:06:37,16.84,400,
11:06:37,16.84,500,
11:06:37,16.84,100,
11:06:40,16.86,100,
11:06:40,16.86,300,
11:06:46,16.85,200,
11:06:46,16.86,100,
11:06:49,16.86,177,
11:06:49,16.86,320,
11:06:49,16.86,200,
11:06:49,16.87,100,
11:06:49,16.87,100,
11:06:49,16.87,503,
11:06:49,16.87,300,
11:06:49,16.87,103,
11:06:49,16.87,103,
11:06:49,16.87,100,
11:06:59,16.86,100,
11:07:02,16.86,200,
11:07:05,16.855,200,
11:07:05,16.8599,600,
11:07:11,16.8495,1005,
11:07:11,16.84,200,
11:07:17,16.84,500,
11:07:24,16.843,1000,
11:07:33,16.84,500,
11:07:40,16.85,6200,
11:07:40,16.8598,1000,
11:07:40,16.86,100,
11:07:40,16.86,300,
11:07:40,16.86,500,
11:07:40,16.86,400,
11:07:40,16.86,2000,
11:07:40,16.86,745,
11:07:45,16.86,115,
11:07:46,16.86,100,
11:07:51,16.86,200,
11:07:51,16.86,400,
11:07:51,16.86,200,
11:08:02,16.85,300,
11:08:06,16.85,135,
11:08:27,16.85,265,
11:08:30,16.843,800,
11:08:35,16.84,500,
11:08:50,16.84,200,
11:08:51,16.8422,800,
11:09:07,16.83,500,
11:09:07,16.8346,284,
11:09:12,16.839,100,
11:09:16,16.84,300,
11:09:19,16.831,700,
11:09:19,16.83,100,
11:09:19,16.83,200,
11:09:19,16.83,100,
11:09:19,16.83,2000,
11:09:19,16.83,300,
11:09:19,16.83,200,
11:09:19,16.83,500,
11:09:19,16.83,948,
11:09:19,16.83,1400,
11:09:19,16.83,2000,
11:09:20,16.83,1000,
11:09:20,16.83,2000,
11:09:20,16.83,300,
11:09:20,16.83,200,
11:09:21,16.838,600,
11:09:25,16.836,190,
11:09:34,16.83,400,
11:09:34,16.83,300,
11:09:34,16.83,326,
11:09:34,16.83,365,
11:09:34,16.83,3000,
11:09:44,16.83,100,
11:09:51,16.823,670,
11:09:55,16.828,1000,
11:10:05,16.82,500,
11:10:06,16.83,100,
11:10:06,16.83,1800,
11:10:09,16.83,600,
11:10:09,16.83,300,
11:10:09,16.83,500,
11:10:09,16.82,100,
11:10:09,16.82,100,
11:10:12,16.83,200,
11:10:12,16.83,400,
11:10:21,16.83,300,
11:10:36,16.8328,300,
11:10:36,16.83,300,
11:11:01,16.839,2000,
11:11:13,16.83,200,
11:11:37,16.811,4700,
11:11:38,16.8199,300,
11:11:38,16.82,300,
11:11:38,16.8299,600,
11:11:38,16.82,500,
11:11:56,16.80,2500,
11:11:59,16.80,2000,
11:12:00,16.8001,610,
11:12:10,16.80,400,
11:12:10,16.80,1200,
11:12:10,16.80,200,
11:12:10,16.80,500,
11:12:12,16.80,700,
11:12:12,16.80,700,
11:12:13,16.80,289,
11:12:13,16.80,200,
11:12:13,16.80,200,
11:12:13,16.80,300,
11:12:13,16.80,250,
11:12:13,16.80,300,
11:12:13,16.80,200,
11:12:13,16.80,3000,
11:12:13,16.80,300,
11:12:13,16.80,400,
11:12:13,16.80,3000,
11:12:13,16.802,300,
11:12:15,16.80,100,
11:12:15,16.80,500,
11:12:15,16.80,100,
11:12:15,16.80,100,
11:12:15,16.80,100,
11:12:15,16.80,100,
11:12:15,16.80,200,
11:12:15,16.80,100,
11:12:15,16.80,200,
11:12:15,16.80,200,
11:12:15,16.80,300,
11:12:15,16.80,2000,
11:12:15,16.80,2000,
11:12:15,16.80,500,
11:12:15,16.80,300,
11:12:15,16.80,100,
11:12:15,16.80,200,
11:12:15,16.80,700,
11:12:15,16.80,1500,
11:12:15,16.80,932,
11:12:15,16.80,300,
11:12:15,16.80,1000,
11:12:15,16.80,168,
11:12:15,16.80,368,
11:12:15,16.80,1300,
11:12:15,16.80,1000,
11:12:15,16.80,300,
11:12:15,16.80,600,
11:12:15,16.80,2350,
11:12:17,16.7924,2000,
11:12:17,16.7923,100,
11:12:19,16.792,1000,
11:12:23,16.79,200,
11:12:23,16.79,500,
11:12:26,16.79,1000,
11:12:30,16.7984,900,
11:12:30,16.7988,700,
11:12:30,16.7975,2000,
11:12:30,16.80,2000,
11:12:30,16.79,300,
11:12:30,16.79,500,
11:12:30,16.80,2000,
11:12:31,16.7991,200,
11:12:31,16.80,2000,
11:12:31,16.80,1000,
11:12:31,16.80,300,
11:12:31,16.80,200,
11:12:31,16.80,110,
11:12:39,16.802,1000,
11:12:45,16.80,400,
11:12:45,16.80,300,
11:12:45,16.80,400,
11:12:45,16.80,800,
11:12:45,16.80,200,
11:12:56,16.79,200,
11:12:57,16.79,700,
11:12:57,16.79,300,
11:12:57,16.79,200,
11:12:58,16.7801,500,
11:13:00,16.78,560,
11:13:02,16.78,145,
11:13:05,16.7814,200,
11:13:09,16.79,2000,
11:13:16,16.79,1000,
11:13:26,16.7914,300,
11:13:34,16.81,300,
11:13:40,16.81,500,
11:13:46,16.82,300,
11:13:53,16.81,200,
11:14:04,16.83,11000,
11:14:12,16.82,200,
11:14:12,16.82,2200,
11:14:24,16.8299,1500,
11:14:43,16.8161,250,
11:14:51,16.83,500,
11:14:54,16.83,300,
11:14:59,16.82,200,
11:15:03,16.82,208,
11:15:03,16.83,100,
11:15:03,16.83,145,
11:15:04,16.83,100,
11:15:17,16.84,200,
11:15:19,16.84,300,
11:15:23,16.84,2000,
11:15:23,16.84,1000,
11:15:23,16.84,400,
11:15:23,16.832,500,
11:15:28,16.836,150,
11:15:52,16.82,700,
11:15:55,16.82,300,
11:16:12,16.83,2000,
11:16:35,16.84,100,
11:16:53,16.8472,100,
11:17:07,16.849,200,
11:17:10,16.846,100,
11:17:11,16.85,200,
11:17:14,16.85,200,
11:17:14,16.85,2000,
11:17:16,16.8493,2000,
11:17:29,16.84,500,
11:17:48,16.8386,100,
11:18:10,16.83,300,
11:18:14,16.84,1000,
11:18:16,16.831,100,
11:18:16,16.831,1700,
11:18:23,16.8399,1000,
11:18:34,16.82,300,
11:18:48,16.82,300,
11:18:59,16.8105,1000,
11:19:09,16.81,100,
11:19:09,16.81,300,
11:19:09,16.81,200,
11:19:22,16.808,100,
11:19:22,16.81,200,
11:19:22,16.81,100,
11:19:22,16.81,1000,
11:19:22,16.81,1000,
11:19:22,16.81,600,
11:19:22,16.81,600,
11:19:22,16.81,1000,
11:19:22,16.81,100,
11:19:22,16.81,300,
11:19:22,16.81,500,
11:19:22,16.81,300,
11:19:29,16.81,300,
11:19:46,16.81,300,
11:20:01,16.81,1000,
11:20:04,16.80,300,
11:20:06,16.79,1000,
11:20:09,16.80,200,
11:20:11,16.80,100,
11:20:11,16.80,162,
11:20:14,16.7986,1500,
11:20:29,16.79,900,
11:20:29,16.79,200,
11:20:29,16.79,300,
11:20:29,16.79,200,
11:20:29,16.79,900,
11:20:32,16.78,700,
11:20:37,16.78,175,
11:20:52,16.79,200,
11:20:52,16.79,100,
11:20:52,16.79,300,
11:20:52,16.79,100,
11:20:52,16.79,200,
11:21:15,16.79,300,
11:21:25,16.7805,1000,
11:21:31,16.78,200,
11:21:32,16.7893,300,
11:21:33,16.79,2000,
11:21:33,16.79,200,
11:21:33,16.79,200,
11:21:33,16.79,2000,
11:21:35,16.79,2000,
11:21:35,16.79,100,
11:21:35,16.79,3100,
11:22:01,16.78,600,
11:22:09,16.80,200,
11:22:09,16.80,200,
11:22:11,16.81,300,
11:22:20,16.811,300,
11:22:20,16.81,300,
11:22:23,16.80,300,
11:22:31,16.79,300,
11:22:36,16.7999,100,
11:22:36,16.80,200,
11:22:39,16.7971,200,
11:22:39,16.7974,900,
11:22:54,16.7993,400,
11:22:54,16.7975,1800,
11:22:59,16.81,100,
11:22:59,16.81,258,
11:23:18,16.8174,1000,
11:23:19,16.81,300,
11:23:25,16.8094,500,
11:24:10,16.7995,1000,
11:24:14,16.81,500,
11:24:22,16.8128,320,
11:24:25,16.81,400,
11:24:38,16.81,567,
11:24:38,16.81,133,
11:24:47,16.818,400,
11:24:54,16.8005,1000,
11:24:58,16.81,200,
11:25:05,16.8086,250,
11:25:11,16.804,185,
11:25:20,16.801,5000,
11:26:03,16.7901,1200,
11:26:23,16.7801,600,
11:26:48,16.79,300,
11:26:50,16.79,300,
11:27:03,16.79,300,
11:27:12,16.7801,250,
11:27:42,16.8006,500,
11:27:54,16.81,500,
11:27:56,16.802,1000,
11:28:08,16.801,9000,
11:28:21,16.81,354,
11:28:26,16.81,300,
11:28:38,16.827,595,
11:28:57,16.82,500,
11:29:04,16.84,334,
11:29:05,16.84,400,
11:29:07,16.83,2000,
11:29:07,16.83,2000,
11:29:07,16.84,2000,
11:29:07,16.84,500,
11:29:08,16.84,400,
11:29:08,16.84,200,
11:29:09,16.84,420,
11:29:12,16.84,300,
11:29:17,16.8316,1200,
11:29:17,16.8313,600,
11:29:17,16.8325,2000,
11:29:17,16.83,2000,
11:29:18,16.84,980,
11:29:18,16.84,200,
11:29:19,16.84,400,
11:29:21,16.84,2000,
11:29:23,16.85,150,
11:29:26,16.85,5000,
11:29:30,16.84,300,
11:29:31,16.84,300,
11:29:39,16.83,2332,
11:29:39,16.83,3000,
11:29:39,16.83,300,
11:29:42,16.83,1438,
11:29:56,16.829,100,
11:31:01,16.85,1130,
11:31:01,16.85,150,
11:31:17,16.85,100,
11:31:17,16.85,260,
11:31:17,16.85,100,
11:31:17,16.85,100,
11:31:17,16.85,2000,
11:31:19,16.85,500,
11:31:20,16.85,100,
11:31:20,16.8501,100,
11:31:20,16.8502,100,
11:31:24,16.85,379,
11:31:24,16.85,200,
11:31:28,16.842,500,
11:31:32,16.84,100,
11:31:32,16.84,200,
11:31:40,16.84,300,
11:31:40,16.84,300,
11:31:53,16.846,270,
11:32:04,16.85,10000,
11:32:23,16.838,1100,
11:32:37,16.83,300,
11:32:40,16.83,200,
11:32:45,16.822,490,
11:32:59,16.823,1000,
11:33:17,16.8372,400,
11:33:48,16.85,600,
11:33:58,16.85,200,
11:33:58,16.85,200,
11:34:08,16.8415,2000,
11:34:15,16.8486,600,
11:34:19,16.84,400,
11:34:19,16.84,1000,
11:34:51,16.84,400,
11:34:59,16.836,400,
11:35:21,16.845,200,
11:35:42,16.847,1000,
11:35:52,16.84,100,
11:35:57,16.84,300,
11:35:59,16.84,300,
11:36:19,16.8326,900,
11:36:19,16.8319,100,
11:36:19,16.8304,200,
11:36:37,16.83,100,
11:36:44,16.83,800,
11:36:47,16.84,400,
11:37:05,16.86,200,
11:37:05,16.86,200,
11:37:06,16.87,100,
11:37:06,16.87,700,
11:37:06,16.87,100,
11:37:06,16.87,300,
11:37:06,16.87,900,
11:37:07,16.87,400,
11:37:13,16.86,100,
11:37:14,16.86,400,
11:37:14,16.86,400,
11:37:19,16.86,620,
11:37:26,16.85,200,
11:37:33,16.85,700,
11:37:33,16.85,300,
11:37:33,16.85,400,
11:37:33,16.85,200,
11:37:33,16.8554,900,
11:37:33,16.8564,200,
11:37:38,16.85,1000,
11:37:56,16.86,1000,
11:38:06,16.87,100,
11:38:06,16.87,120,
11:38:06,16.87,700,
11:38:16,16.8665,100,
11:38:35,16.85,2800,
11:38:35,16.85,200,
11:38:39,16.854,250,
11:38:44,16.8514,600,
11:38:46,16.852,1000,
11:38:53,16.86,200,
11:39:02,16.8658,500,
11:39:21,16.86,265,
11:40:08,16.859,800,
11:40:08,16.859,900,
11:40:37,16.8699,2000,
11:40:45,16.86,400,
11:40:45,16.86,299,
11:40:45,16.86,100,
11:40:58,16.86,300,
11:41:30,16.8699,100,
11:41:33,16.87,100,
11:41:33,16.87,200,
11:41:34,16.87,100,
11:41:38,16.87,300,
11:41:38,16.87,300,
11:41:41,16.88,3200,
11:41:41,16.88,2000,
11:41:41,16.88,100,
11:41:41,16.88,1000,
11:41:41,16.88,1400,
11:41:41,16.88,500,
11:41:41,16.88,400,
11:41:41,16.88,327,
11:41:41,16.88,3000,
11:41:41,16.88,300,
11:41:45,16.8712,500,
11:41:45,16.88,6000,
11:41:51,16.8888,200,
11:41:51,16.8894,700,
11:41:51,16.89,400,
11:41:51,16.889,1600,
11:41:55,16.88,500,
11:42:04,16.88,2000,
11:42:04,16.88,500,
11:42:13,16.87,100,
11:42:24,16.867,1300,
11:42:25,16.87,300,
11:42:25,16.87,300,
11:42:25,16.87,267,
11:42:25,16.87,200,
11:42:31,16.8793,100,
11:42:34,16.88,200,
11:42:47,16.89,500,
11:42:47,16.89,200,
11:42:47,16.89,300,
11:42:56,16.89,300,
11:42:56,16.89,200,
11:42:56,16.89,200,
11:42:58,16.89,100,
11:42:59,16.88,500,
11:43:13,16.89,233,
11:43:13,16.89,300,
11:43:14,16.8999,300,
11:43:19,16.8975,300,
11:43:27,16.89,300,
11:43:27,16.89,233,
11:43:42,16.8886,400,
11:43:43,16.88,206,
11:43:44,16.8899,1000,
11:43:46,16.87,1000,
11:43:49,16.8699,5000,
11:43:50,16.86,3500,
11:44:12,16.87,500,
11:44:29,16.87,400,
11:44:30,16.865,100,
11:44:54,16.865,100,
11:45:01,16.865,100,
11:45:01,16.865,200,
11:45:09,16.862,150,
11:45:11,16.8601,2000,
11:45:57,16.87,100,
11:45:59,16.88,300,
11:46:09,16.88,207,
11:46:29,16.89,200,
11:46:29,16.885,100,
11:46:49,16.88,300,
11:46:52,16.865,200,
11:47:02,16.87,100,
11:47:02,16.87,100,
11:47:02,16.87,100,
11:47:05,16.87,300,
11:47:06,16.865,200,
11:47:18,16.869,1000,
11:47:26,16.86,200,
11:47:31,16.85,3300,
11:47:31,16.85,100,
11:47:35,16.845,100,
11:47:35,16.845,100,
11:47:35,16.845,100,
11:47:35,16.845,200,
11:47:39,16.841,2000,
11:47:42,16.85,3000,
11:47:53,16.84,200,
11:47:59,16.85,100,
11:47:59,16.85,100,
11:47:59,16.85,100,
11:47:59,16.85,100,
11:47:59,16.85,200,
11:47:59,16.85,106,
11:47:59,16.85,200,
11:47:59,16.85,106,
11:47:59,16.85,394,
11:47:59,16.85,100,
11:48:11,16.85,200,
11:48:24,16.8414,300,
11:48:25,16.84,900,
11:48:25,16.83,200,
11:48:25,16.83,100,
11:48:25,16.83,200,
11:48:33,16.8301,100,
11:48:45,16.83,1200,
11:49:03,16.84,100,
11:49:03,16.84,100,
11:49:03,16.84,300,
11:49:03,16.84,600,
11:49:03,16.84,100,
11:49:14,16.85,500,
11:49:15,16.85,500,
11:49:20,16.8534,100,
11:49:40,16.851,4000,
11:49:49,16.85,300,
11:49:55,16.8465,1001,
11:50:08,16.8401,900,
11:50:38,16.84,100,
11:50:39,16.8401,2000,
11:51:12,16.85,500,
11:51:12,16.85,300,
11:51:12,16.85,300,
11:51:12,16.85,500,
11:51:17,16.86,300,
11:51:17,16.85,300,
11:51:21,16.8601,200,
11:51:22,16.86,100,
11:51:22,16.86,100,
11:51:22,16.86,100,
11:51:38,16.859,100,
11:52:03,16.85,1500,
11:52:03,16.85,200,
11:52:16,16.85,133,
11:52:16,16.85,100,
11:52:35,16.85,1180,
11:52:35,16.85,300,
11:52:35,16.85,300,
11:52:35,16.85,2700,
11:52:35,16.85,1000,
11:52:35,16.85,600,
11:52:35,16.85,120,
11:52:36,16.8499,300,
11:52:40,16.8414,250,
11:52:50,16.86,500,
11:52:50,16.86,2000,
11:52:50,16.86,300,
11:52:55,16.8515,2000,
11:53:07,16.85,100,
11:53:13,16.85,300,
11:53:13,16.85,200,
11:53:13,16.85,500,
11:53:15,16.85,1000,
11:53:26,16.8426,601,
11:53:35,16.85,300,
11:53:46,16.86,100,
11:54:22,16.85,600,
11:54:22,16.85,100,
11:54:25,16.84,1000,
11:54:25,16.84,1000,
11:54:28,16.83,100,
11:54:31,16.82,100,
11:54:36,16.8201,147,
11:54:37,16.82,1000,
11:54:37,16.82,200,
11:54:37,16.82,300,
11:54:37,16.82,100,
11:54:37,16.82,100,
11:54:37,16.81,200,
11:54:38,16.82,100,
11:54:39,16.82,100,
11:54:39,16.82,500,
11:54:39,16.82,600,
11:54:40,16.81,3000,
11:54:41,16.81,300,
11:54:43,16.8146,100,
11:54:44,16.8115,2500,
11:54:49,16.818,100,
11:54:52,16.82,500,
11:54:52,16.82,300,
11:54:59,16.8199,800,
11:55:08,16.8186,1500,
11:55:12,16.82,300,
11:55:13,16.819,200,
11:55:19,16.8305,1000,
11:55:23,16.83,100,
11:55:24,16.83,300,
11:55:24,16.829,100,
11:55:25,16.8205,1000,
11:55:28,16.82,100,
11:55:44,16.82,2000,
11:55:44,16.82,100,
11:55:44,16.82,300,
11:55:44,16.82,311,
11:55:45,16.82,100,
11:55:48,16.82,311,
11:55:48,16.82,300,
11:55:48,16.82,1100,
11:55:48,16.82,100,
11:55:48,16.82,2400,
11:56:01,16.83,1000,
11:56:28,16.828,600,
11:56:35,16.83,100,
11:56:35,16.83,100,
11:57:04,16.83,100,
11:58:20,16.82,200,
11:58:20,16.82,200,
11:58:20,16.82,700,
11:58:23,16.81,500,
11:58:23,16.81,900,
11:58:23,16.81,6300,
11:58:23,16.80,298,
11:58:23,16.80,500,
11:58:23,16.80,1200,
11:58:23,16.80,1202,
11:58:26,16.80,500,
11:58:32,16.7991,2000,
11:58:32,16.80,500,
11:58:37,16.7984,1000,
11:58:37,16.80,2000,
11:58:37,16.80,100,
11:58:37,16.80,500,
11:58:40,16.7926,1000,
11:58:46,16.7994,700,
11:58:46,16.7997,200,
11:58:46,16.80,600,
11:58:46,16.80,2000,
11:58:46,16.80,400,
11:58:46,16.80,100,
11:58:46,16.80,300,
11:58:46,16.80,1000,
11:58:46,16.80,300,
11:58:46,16.80,2000,
11:58:46,16.80,200,
11:58:46,16.80,500,
11:58:46,16.80,200,
11:58:49,16.80,100,
11:58:50,16.80,4000,
11:58:51,16.81,300,
11:58:51,16.81,600,
11:58:52,16.81,300,
11:58:53,16.801,2000,
11:58:55,16.802,1500,
11:58:57,16.8001,1000,
11:58:59,16.8001,1000,
11:59:02,16.8001,800,
11:59:05,16.80,3800,
11:59:08,16.8001,500,
11:59:09,16.81,200,
11:59:10,16.8101,500,
11:59:13,16.8101,400,
11:59:14,16.8101,400,
11:59:16,16.81,300,
11:59:16,16.8101,100,
11:59:16,16.8101,200,
11:59:16,16.81,300,
11:59:16,16.80,133,
11:59:18,16.8001,400,
11:59:21,16.8011,100,
11:59:21,16.8006,100,
11:59:22,16.80,200,
11:59:23,16.80,100,
11:59:26,16.8001,150,
11:59:30,16.8001,150,
11:59:37,16.80,2000,
11:59:49,16.81,300,
11:59:57,16.80,1000,
12:00:13,16.801,2500,
12:00:23,16.80,100,
12:00:23,16.80,300,
12:00:29,16.793,500,
12:00:37,16.791,2600,
12:00:39,16.7928,310,
12:00:43,16.79,822,
12:00:43,16.782,1000,
12:00:43,16.7807,700,
12:00:43,16.781,800,
12:00:47,16.7831,100,
12:00:49,16.79,100,
12:00:49,16.79,400,
12:00:49,16.79,800,
12:00:49,16.79,500,
12:00:49,16.79,700,
12:00:49,16.79,200,
12:00:49,16.79,500,
12:00:49,16.79,1500,
12:00:49,16.79,100,
12:00:49,16.79,2000,
12:00:49,16.79,2000,
12:00:55,16.789,9000,
12:01:01,16.7896,200,
12:01:01,16.79,2000,
12:01:01,16.79,741,
12:01:01,16.79,300,
12:01:01,16.79,1000,
12:01:08,16.78,3200,
12:01:10,16.78,14800,
12:01:18,16.79,500,
12:01:35,16.7928,267,
12:01:44,16.79,300,
12:01:44,16.79,400,
12:01:51,16.78,1000,
12:01:51,16.78,100,
12:01:51,16.78,100,
12:01:51,16.78,500,
12:01:51,16.78,700,
12:01:51,16.78,500,
12:01:51,16.78,232,
12:01:51,16.78,700,
12:01:51,16.78,300,
12:01:51,16.78,700,
12:01:51,16.78,400,
12:01:51,16.78,600,
12:01:51,16.78,320,
12:01:51,16.78,200,
12:01:51,16.78,400,
12:01:51,16.78,600,
12:02:04,16.7893,200,
12:02:04,16.7895,1000,
12:02:04,16.79,2000,
12:02:04,16.79,100,
12:02:04,16.79,700,
12:02:09,16.7888,200,
12:02:09,16.79,500,
12:02:09,16.79,2000,
12:02:09,16.79,1500,
12:02:15,16.79,300,
12:02:16,16.7838,500,
12:02:19,16.79,500,
12:02:22,16.792,1400,
12:02:27,16.81,379,
12:02:27,16.81,200,
12:02:27,16.81,121,
12:02:27,16.82,128,
12:02:30,16.81,300,
12:02:31,16.8114,100,
12:02:43,16.81,400,
12:02:58,16.80,1000,
12:03:05,16.81,100,
12:03:11,16.80,2000,
12:03:12,16.801,500,
12:03:16,16.8042,1000,
12:03:25,16.81,200,
12:03:29,16.81,1000,
12:03:37,16.82,100,
12:03:37,16.82,2000,
12:03:38,16.82,500,
12:03:38,16.819,2000,
12:03:43,16.82,200,
12:03:49,16.8102,3300,
12:03:49,16.8102,200,
12:03:49,16.81,18300,
12:03:49,16.81,100,
12:03:49,16.81,400,
12:03:49,16.81,26100,
12:03:50,16.81,3200,
12:03:55,16.82,200,
12:03:58,16.81,600,
12:03:59,16.81,300,
12:03:59,16.81,100,
12:03:59,16.811,300,
12:04:01,16.811,400,
12:04:03,16.81,300,
12:04:29,16.81,300,
12:04:42,16.8117,2000,
12:04:42,16.8109,700,
12:04:42,16.811,2000,
12:04:42,16.811,1100,
12:05:00,16.82,300,
12:05:25,16.82,200,
12:05:25,16.82,300,
12:05:38,16.81,1000,
12:05:59,16.819,2000,
12:06:03,16.8108,700,
12:06:03,16.811,1300,
12:06:25,16.81,100,
12:06:52,16.82,500,
12:06:52,16.82,200,
12:07:23,16.828,100,
12:07:41,16.8214,1500,
12:07:58,16.8221,100,
12:07:59,16.82,200,
12:08:11,16.82,650,
12:08:32,16.831,1200,
12:09:07,16.83,100,
12:09:51,16.82,1600,
12:10:01,16.82,200,
12:10:01,16.82,285,
12:10:39,16.83,100,
12:11:00,16.828,500,
12:11:07,16.8217,2000,
12:11:07,16.821,2300,
12:11:08,16.821,7000,
12:11:15,16.82,300,
12:11:15,16.82,100,
12:11:24,16.81,100,
12:11:25,16.8186,1600,
12:11:45,16.8101,150,
12:12:06,16.82,2800,
12:12:15,16.83,300,
12:12:22,16.83,400,
12:12:25,16.83,300,
12:12:30,16.83,200,
12:12:30,16.83,1000,
12:12:55,16.8301,800,
12:12:55,16.83,300,
12:12:55,16.8301,600,
12:13:13,16.82,200,
12:13:33,16.818,100,
12:13:43,16.8195,200,
12:13:53,16.811,3000,
12:14:00,16.82,600,
12:14:00,16.82,1900,
12:14:12,16.8175,2500,
12:15:50,16.81,500,
12:15:54,16.8102,300,
12:15:54,16.8102,400,
12:16:02,16.818,200,
12:16:24,16.81,100,
12:16:25,16.802,1000,
12:16:25,16.801,300,
12:16:25,16.80,300,
12:16:26,16.81,300,
12:16:26,16.81,300,
12:16:26,16.81,368,
12:16:26,16.81,200,
12:16:33,16.80,125,
12:16:45,16.80,175,
12:16:45,16.80,300,
12:16:45,16.80,500,
12:16:45,16.80,200,
12:16:49,16.802,1000,
12:17:09,16.802,400,
12:17:42,16.81,300,
12:17:43,16.81,400,
12:17:51,16.81,500,
12:17:59,16.8109,700,
12:17:59,16.811,1700,
12:18:22,16.8191,100,
12:18:22,16.82,600,
12:18:22,16.82,300,
12:18:27,16.82,100,
12:18:29,16.81,300,
12:19:00,16.81,300,
12:19:00,16.81,500,
12:19:27,16.82,500,
12:19:30,16.83,400,
12:19:43,16.82,100,
12:19:52,16.82,300,
12:20:26,16.822,150,
12:21:21,16.82,500,
12:21:51,16.82,100,
12:21:51,16.82,200,
12:21:51,16.82,700,
12:22:09,16.823,1000,
12:22:32,16.83,700,
12:22:32,16.83,300,
12:22:32,16.83,300,
12:22:32,16.83,1000,
12:22:32,16.83,900,
12:22:36,16.83,123,
12:22:36,16.83,264,
12:22:40,16.83,500,
12:22:40,16.83,1000,
12:22:40,16.83,300,
12:22:40,16.83,300,
12:22:40,16.83,100,
12:22:40,16.84,2321,
12:22:40,16.84,400,
12:22:40,16.84,500,
12:23:11,16.8372,100,
12:25:09,16.836,300,
12:26:05,16.85,100,
12:26:18,16.8513,600,
12:26:19,16.8506,1200,
12:26:19,16.85,252,
12:26:19,16.85,1900,
12:26:19,16.85,300,
12:26:19,16.85,200,
12:26:19,16.85,348,
12:26:33,16.8499,1500,
12:26:45,16.842,1000,
12:27:42,16.85,300,
12:27:42,16.85,300,
12:28:36,16.84,160,
12:29:05,16.85,100,
12:29:05,16.85,300,
12:29:05,16.85,200,
12:29:05,16.85,500,
12:29:05,16.86,400,
12:29:13,16.85,411,
12:29:46,16.85,900,
12:30:10,16.8514,100,
12:30:21,16.858,400,
12:30:41,16.85,200,
12:30:41,16.85,300,
12:30:49,16.849,2500,
12:31:13,16.8474,1500,
12:31:18,16.85,200,
12:31:18,16.85,800,
12:31:18,16.85,299,
12:31:18,16.85,1680,
12:31:18,16.85,100,
12:31:32,16.8585,1700,
12:31:40,16.86,1680,
12:31:40,16.86,220,
12:31:42,16.868,500,
12:31:43,16.86,2400,
12:31:54,16.8604,200,
12:31:54,16.86,2000,
12:31:54,16.86,901,
12:31:54,16.86,1200,
12:31:54,16.86,100,
12:31:54,16.86,400,
12:31:54,16.86,300,
12:31:54,16.86,300,
12:31:55,16.851,200,
12:31:55,16.851,200,
12:32:07,16.856,100,
12:32:09,16.85,100,
12:33:22,16.8595,1000,
12:33:50,16.8593,200,
12:34:14,16.852,400,
12:35:01,16.869,2500,
12:35:16,16.861,500,
12:35:27,16.8604,100,
12:35:44,16.8601,1000,
12:35:44,16.86,200,
12:35:44,16.8601,200,
12:35:44,16.8601,1700,
12:36:07,16.86,100,
12:36:21,16.87,100,
12:36:31,16.867,500,
12:36:39,16.86,500,
12:36:43,16.85,200,
12:36:43,16.86,100,
12:36:43,16.86,900,
12:36:43,16.86,100,
12:36:52,16.859,1500,
12:37:00,16.86,100,
12:37:00,16.86,700,
12:37:00,16.86,400,
12:37:00,16.86,100,
12:37:06,16.8614,600,
12:37:09,16.86,100,
12:37:09,16.85,122,
12:37:09,16.86,100,
12:37:09,16.86,300,
12:37:18,16.85,100,
12:37:18,16.85,500,
12:37:22,16.842,477,
12:37:23,16.84,1900,
12:37:33,16.84,300,
12:37:34,16.83,1100,
12:37:34,16.841,300,
12:37:38,16.84,100,
12:37:40,16.85,200,
12:37:40,16.84,200,
12:37:40,16.84,300,
12:37:40,16.84,100,
12:37:40,16.84,300,
12:37:40,16.85,100,
12:37:40,16.85,300,
12:37:40,16.85,1000,
12:37:40,16.85,200,
12:37:40,16.85,100,
12:37:40,16.85,400,
12:37:40,16.85,300,
12:37:42,16.85,1000,
12:37:55,16.8505,1000,
12:37:56,16.852,200,
12:38:00,16.851,2700,
12:38:00,16.851,2000,
12:38:01,16.85,8200,
12:38:02,16.85,300,
12:38:02,16.85,500,
12:38:57,16.848,150,
12:39:04,16.84,600,
12:39:04,16.84,300,
12:39:16,16.83,300,
12:39:32,16.84,500,
12:39:32,16.84,300,
12:39:32,16.842,100,
12:39:32,16.84,100,
12:39:32,16.842,100,
12:39:32,16.84,100,
12:39:56,16.84,1000,
12:39:56,16.84,500,
12:39:56,16.8401,1000,
12:39:56,16.84,1100,
12:39:56,16.84,2900,
12:40:32,16.86,200,
12:40:47,16.8605,400,
12:40:52,16.87,16000,
12:41:11,16.87,200,
12:41:11,16.87,100,
12:41:11,16.86,100,
12:41:15,16.8599,1000,
12:41:46,16.85,1500,
12:42:44,16.8401,1000,
12:43:08,16.85,100,
12:43:08,16.85,132,
12:43:12,16.8586,200,
12:43:25,16.85,1680,
12:43:25,16.85,200,
12:43:25,16.85,500,
12:43:25,16.85,400,
12:43:29,16.85,11091,
12:43:29,16.85,100,
12:43:33,16.8465,200,
12:43:35,16.84,300,
12:44:23,16.85,400,
12:44:25,16.86,7800,
12:44:42,16.85,600,
12:45:14,16.86,190,
12:45:34,16.85,500,
12:45:34,16.85,200,
12:45:35,16.85,400,
12:45:44,16.849,1800,
12:45:44,16.849,1800,
12:46:01,16.8401,2000,
12:46:25,16.85,300,
12:46:31,16.85,3000,
12:46:31,16.85,400,
12:46:37,16.8472,130,
12:46:57,16.85,300,
12:46:57,16.85,300,
12:46:57,16.85,300,
12:46:57,16.85,400,
12:46:57,16.85,100,
12:47:29,16.86,200,
12:47:42,16.86,300,
12:49:18,16.86,500,
12:49:31,16.86,3300,
12:49:31,16.86,300,
12:49:32,16.869,100,
12:49:43,16.87,100,
12:50:10,16.875,100,
12:50:16,16.88,200,
12:50:17,16.8707,100,
12:50:17,16.8706,1200,
12:50:17,16.87,2000,
12:50:17,16.87,100,
12:50:17,16.87,100,
12:50:17,16.87,1300,
12:50:35,16.872,1200,
12:50:40,16.88,100,
12:50:41,16.88,134,
12:50:41,16.87,600,
12:50:41,16.8801,300,
12:50:41,16.8801,200,
12:50:41,16.8801,500,
12:50:41,16.8801,100,
12:50:49,16.88,100,
12:50:58,16.89,1680,
12:50:58,16.89,500,
12:50:58,16.90,765,
12:50:58,16.90,700,
12:50:58,16.90,635,
12:50:58,16.90,335,
12:50:58,16.91,800,
12:50:58,16.91,300,
12:50:58,16.91,700,
12:50:58,16.90,176,
12:50:58,16.90,295,
12:51:03,16.9015,2000,
12:51:06,16.90,100,
12:51:06,16.90,200,
12:51:06,16.90,400,
12:51:06,16.90,1000,
12:51:16,16.90,2000,
12:51:16,16.90,3000,
12:51:18,16.908,1200,
12:51:20,16.90,2000,
12:51:21,16.90,100,
12:51:21,16.90,2000,
12:51:22,16.9099,10000,
12:51:23,16.9089,700,
12:51:23,16.909,1000,
12:51:24,16.908,200,
12:51:27,16.92,100,
12:51:27,16.92,200,
12:51:27,16.92,100,
12:51:27,16.919,200,
12:51:30,16.91,400,
12:51:30,16.92,300,
12:51:30,16.92,1300,
12:51:30,16.92,200,
12:51:30,16.92,300,
12:51:30,16.92,300,
12:51:32,16.9195,1000,
12:51:35,16.91,300,
12:51:37,16.91,2500,
12:51:38,16.9083,400,
12:51:38,16.909,600,
12:51:38,16.909,200,
12:51:39,16.909,100,
12:51:42,16.90,200,
12:51:42,16.9085,2340,
12:51:44,16.8982,100,
12:51:44,16.899,300,
12:51:44,16.902,500,
12:51:45,16.89,200,
12:51:51,16.89,200,
12:51:52,16.89,300,
12:51:55,16.899,100,
12:51:56,16.90,200,
12:51:59,16.90,300,
12:51:59,16.90,200,
12:51:59,16.90,1700,
12:51:59,16.90,300,
12:51:59,16.90,200,
12:51:59,16.90,1100,
12:52:00,16.90,300,
12:52:04,16.89,300,
12:52:05,16.8886,100,
12:52:05,16.89,100,
12:52:05,16.8886,200,
12:52:05,16.8886,200,
12:52:18,16.89,100,
12:52:21,16.908,120,
12:52:27,16.91,200,
12:52:27,16.91,300,
12:52:27,16.9183,200,
12:52:27,16.919,1700,
12:52:27,16.91,6140,
12:52:32,16.91,500,
12:52:32,16.91,300,
12:52:37,16.91,800,
12:52:40,16.911,2000,
12:52:40,16.91,2000,
12:52:45,16.91,231,
12:52:47,16.91,500,
12:52:48,16.902,400,
12:52:48,16.902,100,
12:52:50,16.91,231,
12:52:56,16.90,500,
12:53:05,16.8974,1800,
12:53:16,16.8993,700,
12:53:16,16.8997,200,
12:53:16,16.90,300,
12:53:18,16.898,300,
12:53:19,16.90,100,
12:53:19,16.90,175,
12:53:19,16.90,300,
12:53:41,16.9099,200,
12:53:53,16.90,100,
12:54:01,16.90,300,
12:54:05,16.8874,1000,
12:54:06,16.8899,900,
12:54:09,16.89,1500,
12:54:26,16.8886,1000,
12:54:36,16.89,300,
12:55:00,16.8968,3700,
12:55:00,16.8975,200,
12:55:01,16.89,300,
12:55:10,16.89,400,
12:55:10,16.881,5500,
12:55:11,16.88,8400,
12:55:27,16.8899,100,
12:55:30,16.89,800,
12:55:30,16.89,1300,
12:55:30,16.89,400,
12:55:31,16.89,400,
12:55:31,16.89,100,
12:55:31,16.89,300,
12:55:43,16.8899,500,
12:56:11,16.87,200,
12:56:36,16.87,180,
12:56:36,16.87,320,
12:56:37,16.861,100,
12:56:38,16.86,2500,
12:56:50,16.87,300,
12:56:50,16.87,300,
12:57:02,16.86,200,
12:57:02,16.86,1500,
12:57:09,16.85,1679,
12:57:09,16.85,1279,
12:57:09,16.85,179,
12:57:09,16.85,400,
12:57:09,16.8404,500,
12:57:09,16.841,600,
12:57:15,16.84,100,
12:57:15,16.84,300,
12:57:23,16.831,200,
12:57:43,16.8399,100,
12:57:48,16.838,700,
12:57:48,16.8325,2200,
12:57:53,16.838,500,
12:57:58,16.8326,850,
12:58:02,16.8399,200,
12:58:02,16.84,2000,
12:58:02,16.84,300,
12:58:02,16.84,280,
12:59:06,16.843,680,
12:59:31,16.848,200,
12:59:31,16.8437,500,
12:59:45,16.832,500,
12:59:50,16.83,100,
12:59:50,16.83,6500,
12:59:50,16.83,300,
12:59:51,16.8228,200,
12:59:51,16.821,400,
12:59:52,16.8201,2000,
12:59:57,16.83,300,
13:00:30,16.834,180,
13:01:07,16.846,150,
13:01:17,16.84,300,
13:01:18,16.83,400,
13:01:33,16.8191,100,
13:01:33,16.82,2000,
13:01:33,16.82,2000,
13:01:38,16.8105,1000,
13:01:39,16.82,2000,
13:01:39,16.82,100,
13:01:39,16.82,3000,
13:01:45,16.821,1500,
13:01:53,16.82,300,
13:02:00,16.81,1200,
13:02:07,16.8193,700,
13:02:07,16.8195,1100,
13:02:07,16.82,2000,
13:02:10,16.8186,1000,
13:02:21,16.8186,1200,
13:02:36,16.82,1000,
13:02:45,16.82,20000,
13:02:52,16.8199,3500,
13:03:03,16.82,1000,
13:03:22,16.81,100,
13:03:22,16.81,100,
13:03:22,16.81,600,
13:03:22,16.81,300,
13:03:22,16.81,700,
13:03:23,16.81,900,
13:03:23,16.81,2000,
13:03:23,16.81,400,
13:03:23,16.81,300,
13:03:24,16.8199,2000,
13:03:33,16.82,200,
13:03:33,16.82,123,
13:03:33,16.82,100,
13:03:33,16.82,200,
13:03:40,16.8299,200,
13:03:40,16.83,100,
13:04:18,16.829,3000,
13:04:20,16.82,400,
13:04:39,16.829,100,
13:04:51,16.82,600,
13:04:51,16.82,500,
13:04:51,16.82,100,
13:04:52,16.81,400,
13:04:52,16.81,400,
13:04:52,16.81,100,
13:04:52,16.81,700,
13:04:53,16.8032,2000,
13:04:58,16.8099,6070,
13:05:00,16.81,400,
13:05:01,16.80,100,
13:05:02,16.79,900,
13:05:05,16.80,2000,
13:05:05,16.80,1300,
13:05:05,16.80,279,
13:05:09,16.8099,2900,
13:05:09,16.81,300,
13:05:09,16.81,1000,
13:05:09,16.8099,500,
13:05:09,16.81,900,
13:05:09,16.8099,800,
13:05:09,16.81,2900,
13:05:31,16.80,2000,
13:05:45,16.8086,100,
13:05:45,16.81,100,
13:05:57,16.81,100,
13:06:01,16.82,500,
13:06:13,16.8114,500,
13:06:28,16.8199,4100,
13:06:28,16.82,200,
13:06:28,16.82,201,
13:06:30,16.83,9800,
13:06:52,16.82,9600,
13:06:52,16.82,300,
13:07:10,16.8199,700,
13:07:10,16.82,700,
13:07:10,16.82,600,
13:07:10,16.8199,700,
13:07:10,16.82,700,
13:07:10,16.8199,200,
13:07:12,16.82,200,
13:07:15,16.81,200,
13:07:15,16.81,100,
13:07:22,16.81,500,
13:07:22,16.81,300,
13:07:39,16.83,1100,
13:07:39,16.83,1400,
13:07:39,16.83,900,
13:07:41,16.83,400,
13:08:21,16.83,100,
13:08:21,16.8278,100,
13:08:21,16.83,100,
13:08:21,16.83,100,
13:08:21,16.83,100,
13:08:39,16.829,100,
13:08:54,16.83,100,
13:08:58,16.8266,100,
13:09:01,16.8243,800,
13:09:12,16.8299,1100,
13:09:12,16.8299,1500,
13:09:12,16.83,1500,
13:09:12,16.83,1500,
13:09:12,16.8299,100,
13:09:12,16.8299,1100,
13:09:12,16.8299,400,
13:09:12,16.83,1100,
13:09:20,16.8193,200,
13:09:59,16.81,500,
13:10:18,16.82,100,
13:10:18,16.82,200,
13:11:34,16.82,2500,
13:11:35,16.82,700,
13:12:37,16.8299,2000,
13:12:55,16.8205,1000,
13:13:28,16.82,300,
13:13:28,16.82,500,
13:13:30,16.81,3500,
13:13:59,16.82,500,
13:14:59,16.8175,700,
13:15:22,16.8115,100,
13:16:04,16.82,600,
13:16:06,16.82,100,
13:16:07,16.829,100,
13:16:19,16.826,300,
13:16:30,16.83,200,
13:16:34,16.8301,6070,
13:16:51,16.8301,8930,
13:16:53,16.84,2000,
13:16:53,16.85,200,
13:16:53,16.84,300,
13:16:53,16.84,400,
13:17:18,16.8496,700,
13:17:18,16.849,2700,
13:17:18,16.849,2000,
13:17:19,16.85,9900,
13:17:31,16.86,200,
13:17:31,16.85,100,
13:17:31,16.85,200,
13:17:31,16.85,800,
13:17:31,16.85,100,
13:17:31,16.85,166,
13:17:31,16.85,100,
13:17:31,16.85,134,
13:17:31,16.85,134,
13:17:31,16.85,100,
13:17:31,16.85,300,
13:17:31,16.85,200,
13:17:31,16.85,300,
13:17:31,16.85,300,
13:17:31,16.85,1300,
13:17:31,16.85,232,
13:17:31,16.85,266,
13:17:31,16.85,500,
13:17:31,16.85,1734,
13:17:33,16.8583,200,
13:17:33,16.859,2000,
13:17:33,16.859,2066,
13:17:37,16.86,125,
13:17:40,16.86,500,
13:17:50,16.84,423,
13:17:50,16.84,1000,
13:17:50,16.84,300,
13:17:50,16.84,500,
13:17:50,16.84,1500,
13:18:04,16.8315,5000,
13:18:17,16.8375,1200,
13:18:22,16.84,500,
13:18:23,16.84,367,
13:18:25,16.84,300,
13:19:02,16.8485,200,
13:19:02,16.8485,300,
13:19:07,16.85,1000,
13:19:41,16.8495,100,
13:20:00,16.8499,1000,
13:20:08,16.84,1000,
13:20:08,16.84,300,
13:20:10,16.84,1000,
13:20:10,16.84,1000,
13:20:10,16.84,400,
13:20:10,16.84,400,
13:20:10,16.84,400,
13:20:10,16.84,8200,
13:20:10,16.84,1400,
13:20:10,16.84,1200,
13:20:10,16.84,312,
13:20:10,16.84,1200,
13:20:10,16.84,1200,
13:20:10,16.84,700,
13:20:10,16.84,400,
13:20:10,16.84,500,
13:20:10,16.84,400,
13:20:10,16.84,400,
13:20:10,16.84,26458,
13:20:10,16.84,600,
13:20:13,16.84,100,
13:20:43,16.838,1000,
13:20:58,16.84,400,
13:21:02,16.84,300,
13:21:20,16.8401,2000,
13:21:26,16.8411,200,
13:21:36,16.85,6100,
13:21:37,16.8582,200,
13:21:37,16.859,300,
13:21:37,16.86,300,
13:21:44,16.86,200,
13:21:47,16.86,2000,
13:22:01,16.87,200,
13:22:07,16.868,100,
13:22:12,16.8788,100,
13:22:12,16.879,200,
13:22:14,16.8788,100,
13:22:14,16.879,100,
13:22:17,16.88,200,
13:22:17,16.88,300,
13:22:19,16.87,24961,
13:22:22,16.88,400,
13:22:22,16.88,300,
13:22:31,16.88,200,
13:22:31,16.88,3200,
13:22:31,16.88,2200,
13:22:31,16.881,5000,
13:22:31,16.88,300,
13:22:31,16.88,200,
13:22:32,16.8793,100,
13:22:32,16.88,200,
13:22:32,16.88,200,
13:22:42,16.88,400,
13:22:42,16.88,3300,
13:22:42,16.88,3600,
13:22:42,16.88,3500,
13:22:42,16.89,520,
13:22:42,16.89,100,
13:22:42,16.89,100,
13:22:42,16.89,700,
13:22:42,16.89,1000,
13:22:42,16.88,1420,
13:22:43,16.89,300,
13:22:43,16.89,1000,
13:22:47,16.89,2000,
13:22:47,16.8816,100,
13:22:47,16.88,2000,
13:22:47,16.88,400,
13:22:47,16.88,1500,
13:22:48,16.8816,2000,
13:22:48,16.88,2000,
13:22:48,16.88,100,
13:22:49,16.887,500,
13:22:56,16.88,125,
13:22:58,16.888,200,
13:23:01,16.88,100,
13:23:06,16.89,100,
13:23:08,16.89,9283,
13:23:09,16.8813,1600,
13:23:09,16.88,500,
13:23:09,16.88,2000,
13:23:10,16.89,100,
13:23:10,16.888,200,
13:23:14,16.8808,200,
13:23:14,16.88,2000,
13:23:14,16.88,500,
13:23:16,16.89,100,
13:23:16,16.89,200,
13:23:16,16.89,200,
13:23:16,16.89,200,
13:23:21,16.8878,700,
13:23:21,16.89,1500,
13:23:26,16.90,400,
13:23:37,16.893,1000,
13:23:42,16.8907,100,
13:23:42,16.8903,1700,
13:23:42,16.89,2000,
13:23:42,16.89,800,
13:23:43,16.89,300,
13:23:50,16.89,200,
13:23:50,16.89,700,
13:23:52,16.89,5000,
13:23:53,16.88,1500,
13:23:53,16.88,300,
13:23:53,16.88,1000,
13:24:14,16.8699,750,
13:24:16,16.87,400,
13:24:22,16.87,300,
13:24:47,16.87,500,
13:24:47,16.87,116,
13:24:59,16.86,500,
13:25:41,16.853,500,
13:25:41,16.86,300,
13:26:11,16.86,300,
13:26:22,16.873,800,
13:26:37,16.869,500,
13:26:49,16.87,300,
13:26:55,16.87,500,
13:26:59,16.87,700,
13:27:01,16.87,1000,
13:27:34,16.87,500,
13:27:34,16.87,100,
13:27:34,16.87,300,
13:27:44,16.866,365,
13:27:53,16.86,200,
13:28:37,16.8593,200,
13:29:29,16.85,1200,
13:29:30,16.85,1000,
13:29:46,16.85,300,
13:29:46,16.85,216,
13:30:35,16.86,500,
13:30:35,16.86,100,
13:30:40,16.8601,500,
13:30:45,16.8601,2000,
13:30:56,16.8675,500,
13:31:20,16.866,233,
13:32:10,16.88,310,
13:32:12,16.87,2000,
13:32:12,16.87,500,
13:32:12,16.87,300,
13:32:23,16.88,800,
13:32:39,16.8786,1200,
13:32:56,16.87,200,
13:32:58,16.8686,200,
13:33:01,16.8514,1000,
13:33:11,16.857,1300,
13:33:13,16.86,500,
13:33:13,16.8599,700,
13:34:20,16.8699,600,
13:34:55,16.88,3000,
13:35:25,16.8557,600,
13:35:29,16.86,800,
13:35:48,16.87,300,
13:35:48,16.86,217,
13:35:48,16.87,500,
13:35:48,16.87,200,
13:35:48,16.87,100,
13:35:48,16.87,600,
13:35:57,16.8774,1000,
13:36:08,16.8774,1305,
13:36:22,16.87,2000,
13:36:22,16.87,3000,
13:36:22,16.87,500,
13:36:32,16.8601,1000,
13:36:33,16.87,500,
13:36:44,16.87,600,
13:36:57,16.87,300,
13:36:57,16.87,1000,
13:36:59,16.8699,155,
13:37:00,16.87,100,
13:37:00,16.87,100,
13:37:00,16.87,300,
13:37:00,16.87,600,
13:37:14,16.87,2000,
13:37:14,16.87,3000,
13:37:37,16.88,500,
13:37:58,16.87,100,
13:37:58,16.8725,4100,
13:38:01,16.8793,200,
13:38:08,16.88,100,
13:38:08,16.88,100,
13:38:08,16.88,600,
13:38:08,16.88,100,
13:38:08,16.88,400,
13:38:08,16.88,3296,
13:38:08,16.88,200,
13:38:12,16.89,834,
13:38:28,16.8801,2000,
13:38:28,16.88,300,
13:38:28,16.88,1000,
13:38:28,16.88,300,
13:38:33,16.8799,5000,
13:39:19,16.8601,2000,
13:40:05,16.8607,200,
13:40:05,16.86,600,
13:40:05,16.86,100,
13:40:05,16.86,300,
13:42:04,16.8726,500,
13:42:58,16.8672,400,
13:42:59,16.86,100,
13:43:19,16.8569,300,
13:43:44,16.86,100,
13:43:46,16.85,1000,
13:43:57,16.859,160,
13:44:07,16.8686,200,
13:44:22,16.8699,1333,
13:44:42,16.85,300,
13:44:46,16.85,200,
13:44:59,16.8699,3000,
13:45:05,16.8601,9000,
13:46:34,16.86,232,
13:46:45,16.852,500,
13:47:08,16.85,200,
13:47:19,16.84,100,
13:47:19,16.84,1500,
13:47:19,16.8401,1500,
13:47:19,16.8344,200,
13:47:19,16.8331,100,
13:47:44,16.84,200,
13:47:46,16.8301,2000,
13:47:48,16.84,4900,
13:47:48,16.84,900,
13:47:48,16.84,300,
13:47:48,16.84,200,
13:47:48,16.84,300,
13:48:06,16.82,200,
13:48:06,16.82,100,
13:48:06,16.82,100,
13:48:06,16.82,100,
13:48:06,16.82,100,
13:48:06,16.82,300,
13:48:06,16.82,100,
13:48:14,16.82,100,
13:48:14,16.82,300,
13:48:15,16.82,256,
13:48:33,16.8101,8450,
13:48:33,16.8114,1000,
13:48:42,16.81,300,
13:48:42,16.81,700,
13:48:43,16.81,400,
13:48:43,16.8035,700,
13:48:44,16.81,100,
13:48:57,16.80,1500,
13:49:06,16.809,9000,
13:49:18,16.81,1001,
13:49:27,16.802,200,
13:49:30,16.807,1600,
13:49:31,16.81,700,
13:49:31,16.81,300,
13:49:33,16.8187,100,
13:49:33,16.81,200,
13:49:33,16.81,200,
13:49:33,16.81,2000,
13:49:33,16.82,2000,
13:49:33,16.82,2000,
13:50:00,16.82,300,
13:50:00,16.83,1400,
13:50:16,16.81,500,
13:50:16,16.81,300,
13:50:16,16.81,1000,
13:50:16,16.81,300,
13:50:48,16.8187,100,
13:50:48,16.8199,2000,
13:50:48,16.82,700,
13:50:52,16.8127,200,
13:50:52,16.81,100,
13:50:52,16.8105,1900,
13:50:58,16.82,544,
13:50:58,16.82,600,
13:50:58,16.82,556,
13:50:59,16.82,100,
13:50:59,16.82,200,
13:50:59,16.82,500,
13:51:05,16.81,433,
13:51:05,16.81,1200,
13:51:34,16.81,100,
13:51:34,16.81,1000,
13:51:34,16.81,400,
13:51:34,16.81,733,
13:51:34,16.81,400,
13:51:34,16.81,800,
13:51:34,16.81,400,
13:51:34,16.81,600,
13:51:34,16.81,433,
13:51:39,16.80,1500,
13:51:39,16.81,464,
13:51:39,16.81,264,
13:51:39,16.81,200,
13:51:39,16.81,200,
13:51:39,16.81,2000,
13:51:39,16.81,450,
13:51:39,16.81,150,
13:51:54,16.8199,400,
13:51:54,16.82,100,
13:52:21,16.8102,300,
13:52:34,16.812,1500,
13:52:49,16.8114,1500,
13:53:10,16.82,300,
13:53:10,16.82,100,
13:53:19,16.8207,100,
13:53:23,16.83,600,
13:53:40,16.83,300,
13:53:58,16.8225,5000,
13:54:28,16.836,120,
13:54:40,16.83,180,
13:55:15,16.8274,1000,
13:56:04,16.83,200,
13:56:46,16.8286,100,
13:57:09,16.8201,1333,
13:57:49,16.81,500,
13:57:49,16.81,200,
13:57:49,16.81,1300,
13:58:03,16.80,1500,
13:58:10,16.80,820,
13:58:12,16.81,150,
13:58:12,16.81,500,
13:58:12,16.81,300,
13:58:12,16.81,500,
13:58:12,16.81,500,
13:58:12,16.81,300,
13:58:17,16.8101,2000,
13:59:52,16.8107,200,
14:00:15,16.81,200,
14:00:15,16.81,300,
14:00:15,16.81,300,
14:00:42,16.8114,1000,
14:00:48,16.81,800,
14:00:48,16.81,300,
14:00:48,16.81,300,
14:00:48,16.81,100,
14:00:48,16.81,200,
14:01:04,16.82,200,
14:01:16,16.828,1000,
14:01:56,16.831,5000,
14:02:37,16.837,1000,
14:02:46,16.838,500,
14:02:48,16.84,200,
14:02:50,16.84,100,
14:02:51,16.84,300,
14:02:51,16.84,300,
14:03:10,16.8315,5000,
14:03:47,16.8372,200,
14:04:15,16.83,200,
14:04:23,16.822,500,
14:04:43,16.826,100,
14:05:22,16.82,1000,
14:05:40,16.817,555,
14:05:41,16.82,300,
14:07:01,16.83,250,
14:07:17,16.82,300,
14:07:47,16.82,3000,
14:08:22,16.83,200,
14:08:22,16.83,1000,
14:08:22,16.83,1000,
14:08:22,16.83,200,
14:08:29,16.8377,170,
14:08:29,16.839,200,
14:08:48,16.81,3310,
14:09:16,16.811,1000,
14:09:30,16.81,500,
14:09:35,16.81,100,
14:09:57,16.80,100,
14:09:58,16.80,1891,
14:09:58,16.80,880,
14:10:00,16.79,500,
14:10:00,16.792,900,
14:10:00,16.80,300,
14:10:02,16.802,500,
14:10:08,16.803,500,
14:10:10,16.8014,500,
14:10:16,16.80,200,
14:10:26,16.78,8900,
14:10:26,16.78,1750,
14:10:29,16.78,500,
14:10:35,16.78,300,
14:10:35,16.77,316,
14:10:35,16.77,100,
14:10:35,16.77,1600,
14:10:35,16.77,312,
14:10:35,16.77,300,
14:10:35,16.77,100,
14:10:35,16.76,1000,
14:10:35,16.76,516,
14:10:35,16.76,783,
14:10:35,16.77,400,
14:10:35,16.75,100,
14:10:35,16.75,100,
14:10:35,16.75,400,
14:10:35,16.75,500,
14:10:36,16.7501,500,
14:10:36,16.76,2000,
14:10:36,16.76,1000,
14:10:37,16.75,150,
14:10:38,16.75,1100,
14:10:38,16.75,1000,
14:10:38,16.751,2000,
14:10:38,16.751,4400,
14:10:38,16.75,200,
14:10:38,16.75,500,
14:10:42,16.7501,1000,
14:10:44,16.753,1600,
14:10:47,16.7526,800,
14:10:50,16.75,300,
14:11:01,16.7514,1750,
14:11:05,16.75,100,
14:11:05,16.75,300,
14:11:10,16.76,500,
14:11:19,16.77,105,
14:11:19,16.77,100,
14:11:23,16.7605,500,
14:11:28,16.76,100,
14:11:33,16.7601,2000,
14:11:41,16.7586,100,
14:11:47,16.759,2000,
14:11:48,16.76,254,
14:11:58,16.7601,1000,
14:12:08,16.75,200,
14:12:13,16.7589,700,
14:12:13,16.76,2000,
14:12:13,16.76,900,
14:12:15,16.7589,200,
14:12:15,16.76,2000,
14:12:15,16.76,500,
14:12:16,16.7584,200,
14:12:16,16.76,1500,
14:12:16,16.76,2000,
14:12:18,16.7593,200,
14:12:18,16.76,100,
14:12:18,16.76,100,
14:12:18,16.76,200,
14:12:21,16.7594,700,
14:12:21,16.76,2000,
14:12:25,16.76,300,
14:12:25,16.76,400,
14:12:26,16.7625,5900,
14:12:38,16.77,10000,
14:12:41,16.77,500,
14:12:46,16.77,300,
14:12:47,16.779,5000,
14:12:58,16.77,300,
14:13:05,16.7695,500,
14:13:06,16.77,200,
14:13:06,16.78,400,
14:13:21,16.78,200,
14:13:21,16.78,300,
14:13:28,16.7862,1000,
14:13:50,16.7899,1000,
14:14:13,16.79,1200,
14:14:26,16.78,1100,
14:14:26,16.781,1100,
14:14:59,16.788,800,
14:15:05,16.78,100,
14:16:19,16.76,1300,
14:16:19,16.76,100,
14:16:19,16.76,3000,
14:16:19,16.76,700,
14:16:19,16.76,800,
14:16:22,16.75,1500,
14:16:25,16.75,200,
14:16:25,16.75,100,
14:16:25,16.75,1600,
14:16:32,16.75,700,
14:16:32,16.75,200,
14:16:32,16.75,300,
14:16:32,16.75,1400,
14:16:39,16.75,100,
14:16:39,16.75,2300,
14:16:39,16.75,600,
14:16:39,16.75,600,
14:16:39,16.75,900,
14:16:44,16.757,1000,
14:16:47,16.751,2000,
14:16:56,16.76,100,
14:16:56,16.76,200,
14:16:56,16.76,100,
14:16:56,16.76,100,
14:16:56,16.76,100,
14:16:58,16.7674,1000,
14:17:10,16.7685,5000,
14:17:23,16.769,300,
14:17:32,16.76,100,
14:17:46,16.77,1000,
14:18:14,16.77,900,
14:18:41,16.768,200,
14:18:58,16.76,500,
14:18:58,16.76,100,
14:18:58,16.76,300,
14:19:06,16.76,2000,
14:19:47,16.758,1000,
14:20:05,16.76,1000,
14:20:45,16.76,100,
14:20:45,16.76,100,
14:20:54,16.79,200,
14:20:56,16.7865,1000,
14:21:03,16.79,100,
14:21:36,16.78,220,
14:21:36,16.78,300,
14:21:52,16.78,500,
14:22:00,16.78,300,
14:22:01,16.78,3000,
14:22:02,16.78,300,
14:22:02,16.78,500,
14:22:03,16.78,3000,
14:22:05,16.78,200,
14:22:06,16.78,600,
14:22:07,16.78,100,
14:22:07,16.78,400,
14:22:08,16.78,7400,
14:22:18,16.7872,400,
14:22:44,16.7714,1000,
14:23:09,16.78,500,
14:23:09,16.779,500,
14:23:26,16.77,300,
14:23:48,16.78,500,
14:24:08,16.78,400,
14:24:08,16.78,100,
14:24:21,16.786,200,
14:24:51,16.789,1000,
14:24:58,16.79,200,
14:25:14,16.78,1000,
14:25:40,16.7701,250,
14:26:14,16.7701,900,
14:27:05,16.79,263,
14:27:19,16.79,500,
14:27:51,16.7786,1000,
14:28:03,16.78,200,
14:28:15,16.776,200,
14:28:44,16.77,300,
14:28:44,16.77,400,
14:28:44,16.77,200,
14:29:19,16.761,2500,
14:30:18,16.77,200,
14:30:18,16.77,100,
14:30:37,16.7699,9000,
14:30:47,16.78,500,
14:31:01,16.7786,100,
14:31:01,16.779,400,
14:31:05,16.77,100,
14:31:05,16.77,200,
14:31:09,16.78,120,
14:31:28,16.78,150,
14:31:36,16.773,600,
14:31:37,16.7772,100,
14:31:37,16.779,300,
14:32:08,16.7674,500,
14:32:29,16.765,100,
14:32:29,16.77,400,
14:32:48,16.77,1000,
14:33:32,16.7799,1060,
14:33:35,16.77,300,
14:34:50,16.79,100,
14:34:54,16.788,500,
14:35:28,16.781,2000,
14:35:46,16.78,190,
14:35:50,16.78,300,
14:36:11,16.7801,400,
14:36:47,16.79,400,
14:37:00,16.79,1600,
14:37:02,16.79,1200,
14:37:12,16.79,2000,
14:37:25,16.79,400,
14:37:50,16.7906,200,
14:37:50,16.7906,700,
14:37:54,16.7901,500,
14:38:22,16.80,2000,
14:38:25,16.791,2700,
14:38:27,16.80,300,
14:38:33,16.80,100,
14:38:33,16.80,200,
14:38:36,16.795,100,
14:38:36,16.80,500,
14:38:39,16.80,500,
14:38:39,16.80,1400,
14:38:39,16.80,800,
14:38:40,16.81,10000,
14:39:02,16.82,900,
14:39:02,16.82,700,
14:39:10,16.8185,5000,
14:39:12,16.81,1400,
14:39:12,16.81,3000,
14:39:22,16.811,500,
14:39:25,16.8107,1100,
14:39:25,16.81,100,
14:39:25,16.81,1000,
14:39:26,16.8168,200,
14:39:26,16.8173,900,
14:39:28,16.811,2000,
14:39:28,16.81,3000,
14:39:36,16.8199,400,
14:39:41,16.81,1500,
14:39:53,16.7901,5000,
14:40:48,16.79,300,
14:40:57,16.7978,950,
14:40:59,16.80,2000,
14:40:59,16.80,100,
14:41:22,16.79,200,
14:41:38,16.79,300,
14:41:55,16.78,500,
14:42:03,16.78,100,
14:42:03,16.78,100,
14:42:03,16.779,1000,
14:42:39,16.78,200,
14:42:39,16.78,300,
14:42:40,16.772,593,
14:42:52,16.78,200,
14:42:53,16.78,300,
14:42:54,16.78,300,
14:42:55,16.7762,239,
14:42:56,16.78,200,
14:42:57,16.78,300,
14:43:05,16.771,2500,
14:43:07,16.76,500,
14:43:08,16.7643,100,
14:43:38,16.78,200,
14:43:39,16.78,600,
14:43:41,16.78,100,
14:43:41,16.78,100,
14:43:44,16.78,300,
14:43:45,16.78,200,
14:43:57,16.78,200,
14:44:22,16.78,262,
14:44:22,16.78,300,
14:44:46,16.77,100,
14:45:07,16.78,100,
14:45:07,16.78,100,
14:45:12,16.78,200,
14:45:13,16.78,300,
14:45:14,16.78,100,
14:45:16,16.78,100,
14:45:17,16.78,300,
14:45:18,16.78,200,
14:45:36,16.7899,200,
14:45:42,16.80,400,
14:45:45,16.80,500,
14:45:47,16.80,400,
14:45:57,16.7928,367,
14:46:01,16.80,100,
14:46:02,16.80,3000,
14:46:19,16.802,400,
14:46:27,16.81,200,
14:46:57,16.792,600,
14:47:00,16.79,200,
14:47:12,16.79,167,
14:47:12,16.79,100,
14:47:17,16.79,300,
14:47:30,16.7928,700,
14:47:30,16.7926,900,
14:47:31,16.79,100,
14:47:38,16.794,320,
14:47:45,16.79,200,
14:47:45,16.79,900,
14:48:56,16.80,300,
14:50:11,16.779,2000,
14:50:20,16.77,700,
14:50:20,16.77,100,
14:50:20,16.77,200,
14:50:20,16.77,100,
14:50:55,16.78,700,
14:50:55,16.78,300,
14:50:55,16.78,200,
14:50:55,16.78,400,
14:50:55,16.78,600,
14:50:56,16.78,100,
14:51:05,16.782,600,
14:51:06,16.79,500,
14:51:58,16.8005,2000,
14:51:58,16.80,3000,
14:51:59,16.80,200,
14:52:15,16.80,300,
14:52:26,16.79,500,
14:53:00,16.80,300,
14:53:09,16.7922,250,
14:53:20,16.80,200,
14:53:22,16.80,400,
14:53:23,16.80,500,
14:53:27,16.80,300,
14:53:27,16.80,300,
14:53:33,16.80,181,
14:53:39,16.8005,1000,
14:54:28,16.81,200,
14:54:29,16.81,500,
14:54:30,16.81,400,
14:54:33,16.81,300,
14:54:36,16.81,500,
14:54:37,16.81,500,
14:54:40,16.8025,100,
14:54:40,16.81,500,
14:55:03,16.8026,1500,
14:55:23,16.808,500,
14:55:59,16.801,2000,
14:56:02,16.81,500,
14:56:02,16.81,3000,
14:56:10,16.83,700,
14:56:10,16.83,300,
14:56:10,16.83,200,
14:56:10,16.83,1700,
14:56:10,16.83,200,
14:56:10,16.83,400,
14:56:10,16.83,100,
14:56:10,16.83,200,
14:56:10,16.83,200,
14:56:10,16.83,100,
14:56:11,16.829,2001,
14:56:14,16.83,499,
14:56:14,16.83,500,
14:56:14,16.83,200,
14:56:14,16.83,800,
14:56:19,16.8215,2000,
14:56:19,16.82,2000,
14:56:19,16.8225,2000,
14:56:38,16.829,100,
14:56:39,16.82,500,
14:56:39,16.82,1500,
14:56:39,16.82,300,
14:56:39,16.827,900,
14:56:42,16.82,300,
14:56:57,16.82,300,
14:56:57,16.82,200,
14:56:57,16.82,100,
14:57:03,16.82,100,
14:57:03,16.8199,100,
14:57:03,16.8199,100,
14:57:12,16.8229,100,
14:57:28,16.8201,2000,
14:57:43,16.82,100,
14:57:46,16.818,500,
14:58:08,16.80,300,
14:58:19,16.80,100,
14:58:19,16.80,700,
14:58:19,16.80,100,
14:58:19,16.80,300,
14:58:19,16.80,1600,
14:58:19,16.80,300,
14:58:19,16.80,500,
14:58:19,16.80,300,
14:58:23,16.80,300,
14:58:35,16.80,1000,
14:59:08,16.81,200,
14:59:25,16.82,500,
14:59:37,16.8199,1000,
15:00:29,16.82,400,
15:00:29,16.824,150,
15:00:36,16.8208,700,
15:00:36,16.821,900,
15:00:36,16.82,2700,
15:00:42,16.827,1500,
15:01:22,16.83,300,
15:01:24,16.83,400,
15:01:29,16.83,400,
15:01:29,16.83,300,
15:01:29,16.83,500,
15:01:58,16.8201,9000,
15:02:03,16.83,700,
15:02:03,16.83,300,
15:02:03,16.83,1000,
15:02:03,16.83,300,
15:02:03,16.83,500,
15:02:03,16.83,200,
15:02:03,16.83,200,
15:02:04,16.83,200,
15:02:04,16.83,500,
15:02:23,16.8225,100,
15:02:50,16.83,400,
15:02:51,16.83,200,
15:02:52,16.83,400,
15:02:57,16.83,500,
15:03:00,16.83,500,
15:03:03,16.83,500,
15:03:04,16.83,700,
15:03:08,16.8272,200,
15:03:11,16.83,400,
15:03:14,16.83,500,
15:03:17,16.83,500,
15:03:17,16.83,200,
15:03:17,16.83,2800,
15:03:17,16.83,800,
15:03:17,16.83,700,
15:03:17,16.83,1000,
15:03:20,16.84,100,
15:03:20,16.84,200,
15:03:23,16.8393,4700,
15:03:30,16.84,100,
15:03:30,16.84,100,
15:03:31,16.83,100,
15:03:31,16.83,100,
15:03:31,16.83,300,
15:03:31,16.83,100,
15:03:31,16.83,1000,
15:04:17,16.8201,4000,
15:04:18,16.822,375,
15:04:21,16.822,125,
15:04:28,16.82,100,
15:05:36,16.82,1000,
15:05:43,16.82,1100,
15:05:43,16.82,1000,
15:05:49,16.8193,100,
15:06:01,16.82,300,
15:06:27,16.81,100,
15:07:28,16.81,500,
15:07:40,16.802,500,
15:07:45,16.801,1300,
15:07:52,16.80,100,
15:07:52,16.79,500,
15:07:52,16.79,200,
15:07:52,16.79,800,
15:07:53,16.7905,500,
15:07:57,16.80,200,
15:07:58,16.7917,500,
15:07:58,16.7917,200,
15:08:28,16.792,200,
15:08:40,16.80,1000,
15:08:40,16.80,100,
15:08:41,16.82,100,
15:08:43,16.82,200,
15:08:45,16.82,400,
15:08:47,16.82,100,
15:08:47,16.8201,4500,
15:08:56,16.83,300,
15:08:58,16.82,100,
15:08:59,16.81,250,
15:09:01,16.81,900,
15:09:01,16.81,3000,
15:09:01,16.81,300,
15:09:03,16.80,1000,
15:09:18,16.80,200,
15:09:31,16.801,3000,
15:09:58,16.81,1500,
15:10:14,16.8005,800,
15:10:27,16.81,400,
15:11:15,16.81,3200,
15:11:18,16.8101,3000,
