09:30:00,17.35,200,
09:30:00,17.35,200,
09:30:04,17.38,200,
09:30:05,17.351,600,
09:30:11,17.3575,1900,
09:30:12,17.36,400,
09:30:15,17.36,100,
09:30:15,17.37,200,
09:30:15,17.37,400,
09:30:15,17.37,200,
09:30:15,17.37,600,
09:30:19,17.358,1000,
09:30:22,17.40,400,
09:30:22,17.40,600,
09:30:22,17.40,600,
09:30:22,17.40,600,
09:30:22,17.39,400,
09:30:24,17.3801,1200,
09:30:24,17.38,1200,
09:30:24,17.36,1000,
09:30:24,17.386,500,
09:30:24,17.36,900,
09:30:25,17.3605,1548,
09:30:26,17.3805,205,
09:30:31,17.385,1000,
09:30:31,17.3875,823,
09:30:34,17.3875,2800,
09:30:37,17.389,3000,
09:30:44,17.37,300,
09:30:44,17.37,200,
09:30:44,17.37,400,
09:30:45,17.38,300,
09:30:49,17.3899,182,
09:30:50,17.38,300,
09:30:50,17.38,600,
09:30:50,17.38,195,
09:30:54,17.3701,2000,
09:30:55,17.37,600,
09:30:55,17.37,100,
09:30:55,17.37,100,
09:30:56,17.37,100,
09:30:56,17.37,400,
09:30:57,17.37,600,
09:30:58,17.37,400,
09:30:59,17.3699,200,
09:31:04,17.36,13000,
09:31:05,17.35,100,
09:31:05,17.35,7920,
09:31:10,17.36,100,
09:31:10,17.36,100,
09:31:10,17.36,600,
09:31:10,17.36,600,
09:31:10,17.36,600,
09:31:10,17.36,400,
09:31:10,17.36,300,
09:31:11,17.36,400,
09:31:11,17.36,400,
09:31:11,17.36,400,
09:31:12,17.36,600,
09:31:13,17.358,1380,
09:31:14,17.359,500,
09:31:15,17.359,10300,
09:31:15,17.359,9100,
09:31:16,17.36,200,
09:31:17,17.352,1000,
09:31:19,17.357,300,
09:31:19,17.35,1000,
09:31:19,17.359,2500,
09:31:22,17.3595,250,
09:31:23,17.34,100,
09:31:23,17.34,600,
09:31:23,17.34,100,
09:31:25,17.3375,2000,
09:31:25,17.33,200,
09:31:25,17.33,600,
09:31:34,17.32,300,
09:31:34,17.31,100,
09:31:34,17.32,100,
09:31:34,17.32,100,
09:31:34,17.33,100,
09:31:34,17.32,200,
09:31:34,17.32,100,
09:31:34,17.318,400,
09:31:35,17.329,300,
09:31:35,17.3299,2600,
09:31:37,17.33,2600,
09:31:39,17.3201,6000,
09:31:41,17.3301,2000,
09:31:42,17.33,300,
09:31:42,17.33,100,
09:31:42,17.32,100,
09:31:43,17.33,600,
09:31:43,17.33,600,
09:31:43,17.33,600,
09:31:43,17.33,800,
09:31:44,17.33,400,
09:31:44,17.33,100,
09:31:44,17.32,200,
09:31:44,17.32,300,
09:31:44,17.33,600,
09:31:44,17.33,100,
09:31:44,17.33,700,
09:31:52,17.319,300,
09:31:53,17.319,5000,
09:31:55,17.3199,1500,
09:31:56,17.32,400,
09:31:56,17.32,200,
09:31:56,17.32,600,
09:31:56,17.32,100,
09:31:56,17.32,300,
09:31:56,17.32,300,
09:31:56,17.32,100,
09:31:56,17.31,300,
09:31:56,17.32,300,
09:31:56,17.32,1400,
09:31:57,17.30,100,
09:31:57,17.29,600,
09:31:57,17.30,346,
09:31:57,17.30,100,
09:32:00,17.31,475,
09:32:01,17.3099,2000,
09:32:01,17.31,125,
09:32:01,17.30,300,
09:32:01,17.30,300,
09:32:01,17.301,200,
09:32:02,17.31,200,
09:32:02,17.31,100,
09:32:02,17.31,100,
09:32:02,17.31,200,
09:32:02,17.31,100,
09:32:02,17.31,100,
09:32:02,17.31,200,
09:32:02,17.30,100,
09:32:02,17.31,200,
09:32:02,17.31,400,
09:32:02,17.31,100,
09:32:02,17.31,1700,
09:32:02,17.31,1600,
09:32:04,17.32,200,
09:32:04,17.32,100,
09:32:04,17.32,200,
09:32:04,17.32,800,
09:32:04,17.32,300,
09:32:04,17.32,100,
09:32:05,17.32,500,
09:32:05,17.32,300,
09:32:05,17.32,300,
09:32:05,17.32,300,
09:32:05,17.32,300,
09:32:05,17.32,600,
09:32:07,17.32,300,
09:32:07,17.32,200,
09:32:07,17.311,1630,
09:32:09,17.33,200,
09:32:09,17.33,100,
09:32:09,17.33,600,
09:32:09,17.33,100,
09:32:09,17.33,200,
09:32:09,17.33,200,
09:32:09,17.33,200,
09:32:09,17.33,600,
09:32:12,17.35,200,
09:32:12,17.35,200,
09:32:12,17.35,200,
09:32:12,17.35,194,
09:32:12,17.36,100,
09:32:13,17.36,200,
09:32:13,17.36,200,
09:32:13,17.36,100,
09:32:13,17.36,1010,
09:32:14,17.349,400,
09:32:15,17.36,100,
09:32:17,17.35,200,
09:32:19,17.34,600,
09:32:19,17.34,1000,
09:32:19,17.34,800,
09:32:22,17.34,400,
09:32:22,17.33,300,
09:32:22,17.34,100,
09:32:22,17.34,100,
09:32:23,17.34,100,
09:32:23,17.34,300,
09:32:23,17.34,300,
09:32:23,17.34,600,
09:32:23,17.34,100,
09:32:23,17.34,200,
09:32:23,17.339,800,
09:32:25,17.34,600,
09:32:25,17.34,100,
09:32:26,17.3399,1000,
09:32:28,17.339,3700,
09:32:28,17.34,600,
09:32:29,17.34,100,
09:32:29,17.34,100,
09:32:30,17.34,400,
09:32:34,17.33,100,
09:32:34,17.33,300,
09:32:34,17.33,200,
09:32:34,17.33,100,
09:32:34,17.32,100,
09:32:34,17.32,300,
09:32:34,17.32,300,
09:32:36,17.33,200,
09:32:36,17.33,200,
09:32:36,17.329,300,
09:32:37,17.32,400,
09:32:39,17.32,100,
09:32:39,17.32,100,
09:32:39,17.31,400,
09:32:40,17.30,100,
09:32:40,17.30,100,
09:32:40,17.30,200,
09:32:40,17.30,200,
09:32:40,17.30,100,
09:32:43,17.28,400,
09:32:46,17.29,200,
09:32:46,17.29,100,
09:32:46,17.29,2100,
09:32:47,17.299,300,
09:32:47,17.29,100,
09:32:47,17.29,600,
09:32:47,17.29,100,
09:32:47,17.29,100,
09:32:49,17.29,100,
09:32:49,17.29,200,
09:32:49,17.29,1600,
09:32:50,17.2901,3272,
09:32:51,17.287,300,
09:32:52,17.30,100,
09:32:53,17.292,1000,
09:32:56,17.31,500,
09:32:59,17.31,600,
09:32:59,17.31,600,
09:32:59,17.31,1900,
09:33:00,17.319,150,
09:33:01,17.31,100,
09:33:03,17.3089,1200,
09:33:03,17.30,300,
09:33:03,17.30,300,
09:33:03,17.30,300,
09:33:03,17.30,100,
09:33:04,17.2999,2000,
09:33:04,17.29,100,
09:33:07,17.29,100,
09:33:07,17.2899,600,
09:33:11,17.28,100,
09:33:13,17.269,100,
09:33:13,17.28,200,
09:33:13,17.28,200,
09:33:14,17.2701,400,
09:33:16,17.28,200,
09:33:16,17.28,1638,
09:33:16,17.28,400,
09:33:18,17.28,100,
09:33:18,17.28,400,
09:33:18,17.2899,150,
09:33:21,17.2828,1000,
09:33:23,17.281,750,
09:33:25,17.29,400,
09:33:27,17.299,100,
09:33:30,17.30,400,
09:33:30,17.30,100,
09:33:30,17.309,100,
09:33:30,17.3099,1000,
09:33:32,17.31,100,
09:33:34,17.30,200,
09:33:35,17.299,400,
09:33:36,17.30,300,
09:33:37,17.309,300,
09:33:37,17.31,200,
09:33:39,17.31,200,
09:33:39,17.31,100,
09:33:39,17.31,100,
09:33:39,17.31,100,
09:33:39,17.31,100,
09:33:39,17.31,300,
09:33:39,17.30,400,
09:33:39,17.30,100,
09:33:39,17.30,200,
09:33:39,17.30,300,
09:33:39,17.30,500,
09:33:39,17.30,100,
09:33:39,17.30,100,
09:33:40,17.2999,100,
09:33:40,17.30,100,
09:33:45,17.30,200,
09:33:46,17.30,100,
09:33:46,17.30,200,
09:33:48,17.30,200,
09:33:48,17.30,200,
09:33:48,17.30,400,
09:33:48,17.30,200,
09:33:48,17.30,300,
09:33:48,17.30,400,
09:33:49,17.30,100,
09:33:49,17.295,100,
09:33:49,17.2972,1000,
09:33:54,17.30,400,
09:33:56,17.299,2000,
09:33:56,17.30,1600,
09:33:56,17.30,200,
09:33:56,17.30,600,
09:33:57,17.29,100,
09:33:58,17.2901,2000,
09:33:59,17.299,100,
09:33:59,17.299,1600,
09:34:02,17.30,160,
09:34:03,17.2972,1900,
09:34:05,17.2901,100,
09:34:06,17.30,100,
09:34:06,17.30,100,
09:34:06,17.30,200,
09:34:06,17.30,160,
09:34:06,17.30,240,
09:34:10,17.31,600,
09:34:10,17.31,400,
09:34:10,17.31,100,
09:34:10,17.31,700,
09:34:10,17.32,400,
09:34:10,17.32,400,
09:34:10,17.32,400,
09:34:10,17.32,400,
09:34:10,17.32,100,
09:34:10,17.32,400,
09:34:10,17.32,100,
09:34:10,17.32,100,
09:34:11,17.32,100,
09:34:11,17.32,100,
09:34:11,17.319,400,
09:34:11,17.32,100,
09:34:16,17.33,600,
09:34:16,17.33,100,
09:34:17,17.34,600,
09:34:17,17.34,100,
09:34:19,17.3301,1000,
09:34:19,17.33,400,
09:34:19,17.332,500,
09:34:20,17.339,300,
09:34:20,17.339,300,
09:34:20,17.339,600,
09:34:21,17.33,300,
09:34:21,17.33,200,
09:34:21,17.33,300,
09:34:21,17.32,200,
09:34:21,17.32,300,
09:34:21,17.32,100,
09:34:21,17.32,200,
09:34:22,17.329,400,
09:34:24,17.3199,2000,
09:34:26,17.30,600,
09:34:26,17.30,400,
09:34:26,17.30,500,
09:34:26,17.30,100,
09:34:26,17.30,300,
09:34:26,17.30,200,
09:34:26,17.30,400,
09:34:26,17.30,200,
09:34:27,17.309,100,
09:34:28,17.293,100,
09:34:30,17.31,1630,
09:34:30,17.32,100,
09:34:31,17.309,300,
09:34:35,17.299,300,
09:34:35,17.30,100,
09:34:35,17.30,100,
09:34:35,17.30,100,
09:34:35,17.30,200,
09:34:35,17.30,100,
09:34:35,17.30,300,
09:34:35,17.30,490,
09:34:37,17.31,100,
09:34:39,17.31,100,
09:34:39,17.31,100,
09:34:39,17.31,200,
09:34:41,17.30,100,
09:34:41,17.30,400,
09:34:41,17.30,400,
09:34:41,17.30,500,
09:34:41,17.30,300,
09:34:42,17.31,200,
09:34:43,17.31,200,
09:34:46,17.307,100,
09:34:47,17.30,639,
09:34:47,17.3099,1500,
09:34:50,17.31,100,
09:34:53,17.31,100,
09:34:53,17.31,200,
09:34:56,17.3099,1000,
09:34:59,17.30,6000,
09:35:01,17.2999,300,
09:35:02,17.299,1400,
09:35:03,17.2905,1000,
09:35:04,17.2999,900,
09:35:05,17.29,100,
09:35:05,17.29,200,
09:35:08,17.28,100,
09:35:08,17.28,100,
09:35:08,17.28,100,
09:35:08,17.28,200,
09:35:08,17.27,200,
09:35:08,17.28,600,
09:35:08,17.28,600,
09:35:08,17.28,600,
09:35:09,17.28,600,
09:35:10,17.28,100,
09:35:10,17.28,100,
09:35:14,17.28,400,
09:35:14,17.28,200,
09:35:14,17.28,2100,
09:35:14,17.29,400,
09:35:14,17.28,300,
09:35:14,17.29,200,
09:35:14,17.29,3000,
09:35:14,17.28,400,
09:35:14,17.29,400,
09:35:14,17.29,200,
09:35:14,17.28,200,
09:35:14,17.28,400,
09:35:14,17.28,200,
09:35:14,17.2899,500,
09:35:15,17.29,400,
09:35:17,17.29,100,
09:35:22,17.287,300,
09:35:22,17.29,300,
09:35:23,17.29,100,
09:35:27,17.29,100,
09:35:27,17.29,300,
09:35:28,17.2895,200,
09:35:33,17.289,700,
09:35:34,17.28,100,
09:35:36,17.29,100,
09:35:36,17.2999,500,
09:35:38,17.289,200,
09:35:38,17.29,100,
09:35:38,17.29,300,
09:35:38,17.28,100,
09:35:38,17.28,100,
09:35:38,17.28,100,
09:35:38,17.289,300,
09:35:44,17.282,500,
09:35:48,17.279,900,
09:35:48,17.28,100,
09:35:49,17.2772,1000,
09:35:50,17.278,1000,
09:35:51,17.28,300,
09:35:51,17.289,200,
09:35:52,17.28,100,
09:35:52,17.28,300,
09:35:53,17.279,300,
09:35:55,17.28,100,
09:35:58,17.28,100,
09:35:58,17.2799,100,
09:35:58,17.2799,400,
09:36:00,17.2799,2000,
09:36:02,17.272,500,
09:36:04,17.279,100,
09:36:07,17.28,100,
09:36:11,17.288,1300,
09:36:13,17.29,400,
09:36:13,17.29,400,
09:36:13,17.29,400,
09:36:13,17.29,400,
09:36:13,17.29,200,
09:36:13,17.29,400,
09:36:14,17.2928,800,
09:36:17,17.29,100,
09:36:17,17.29,200,
09:36:17,17.29,200,
09:36:17,17.29,100,
09:36:20,17.299,5000,
09:36:22,17.2999,150,
09:36:25,17.298,1000,
09:36:25,17.29,200,
09:36:25,17.29,3000,
09:36:27,17.29,100,
09:36:27,17.29,200,
09:36:33,17.29,600,
09:36:37,17.30,400,
09:36:37,17.30,200,
09:36:37,17.30,200,
09:36:39,17.31,100,
09:36:39,17.31,100,
09:36:40,17.31,100,
09:36:40,17.31,200,
09:36:40,17.31,400,
09:36:40,17.31,2200,
09:36:43,17.317,400,
09:36:48,17.31,100,
09:36:48,17.309,700,
09:36:50,17.31,2000,
09:36:50,17.309,1000,
09:36:50,17.309,1500,
09:36:50,17.309,1600,
09:36:51,17.31,200,
09:36:52,17.31,200,
09:36:52,17.31,300,
09:36:52,17.31,200,
09:36:52,17.31,300,
09:36:52,17.31,600,
09:36:52,17.31,100,
09:36:52,17.31,200,
09:36:53,17.319,100,
09:36:53,17.31,9200,
09:36:54,17.31,800,
09:36:54,17.31,700,
09:36:54,17.31,300,
09:36:54,17.31,200,
09:36:54,17.31,300,
09:36:54,17.31,400,
09:36:54,17.29,600,
09:36:54,17.29,100,
09:36:54,17.29,800,
09:36:54,17.29,1200,
09:36:54,17.29,100,
09:36:54,17.29,200,
09:36:54,17.29,100,
09:36:54,17.299,100,
09:36:54,17.28,100,
09:36:54,17.28,500,
09:36:54,17.27,100,
09:36:54,17.27,200,
09:36:54,17.2799,200,
09:36:54,17.2799,100,
09:36:57,17.28,400,
09:36:57,17.28,200,
09:36:57,17.28,400,
09:36:57,17.28,400,
09:36:57,17.28,200,
09:36:57,17.28,400,
09:36:57,17.28,600,
09:36:57,17.28,600,
09:36:57,17.28,400,
09:36:57,17.28,600,
09:36:58,17.28,600,
09:36:58,17.28,400,
09:36:58,17.28,400,
09:36:58,17.28,400,
09:36:58,17.28,400,
09:36:58,17.28,400,
09:36:58,17.28,400,
09:36:58,17.28,200,
09:36:58,17.28,400,
09:36:58,17.28,200,
09:36:58,17.28,200,
09:36:58,17.28,200,
09:36:58,17.27,100,
09:36:58,17.279,300,
09:36:59,17.273,200,
09:36:59,17.27,200,
09:36:59,17.27,300,
09:36:59,17.27,372,
09:37:00,17.27,200,
09:37:00,17.27,300,
09:37:00,17.26,200,
09:37:00,17.26,300,
09:37:00,17.25,140,
09:37:01,17.24,600,
09:37:01,17.23,820,
09:37:02,17.242,1000,
09:37:02,17.23,850,
09:37:02,17.24,100,
09:37:02,17.24,100,
09:37:02,17.24,100,
09:37:02,17.24,520,
09:37:02,17.24,200,
09:37:02,17.24,100,
09:37:02,17.24,300,
09:37:02,17.24,100,
09:37:02,17.24,100,
09:37:02,17.24,100,
09:37:02,17.24,100,
09:37:02,17.24,100,
09:37:02,17.24,300,
09:37:02,17.24,600,
09:37:02,17.24,200,
09:37:02,17.24,300,
09:37:03,17.231,150,
09:37:04,17.2499,300,
09:37:05,17.23,150,
09:37:05,17.23,750,
09:37:06,17.24,400,
09:37:06,17.24,200,
09:37:06,17.24,200,
09:37:06,17.24,200,
09:37:06,17.24,200,
09:37:06,17.2301,2300,
09:37:06,17.2399,500,
09:37:09,17.25,300,
09:37:10,17.26,100,
09:37:10,17.26,100,
09:37:12,17.25,100,
09:37:12,17.25,1913,
09:37:12,17.25,300,
09:37:12,17.25,300,
09:37:17,17.257,200,
09:37:21,17.25,200,
09:37:22,17.259,200,
09:37:23,17.259,4000,
09:37:25,17.25,700,
09:37:25,17.25,750,
09:37:25,17.25,1100,
09:37:25,17.25,100,
09:37:25,17.25,700,
09:37:25,17.24,200,
09:37:28,17.25,600,
09:37:28,17.2401,100,
09:37:28,17.249,200,
09:37:29,17.249,1000,
09:37:30,17.25,100,
09:37:30,17.25,100,
09:37:30,17.25,600,
09:37:30,17.25,700,
09:37:31,17.25,100,
09:37:32,17.25,500,
09:37:32,17.25,600,
09:37:32,17.24,100,
09:37:32,17.24,100,
09:37:32,17.25,200,
09:37:32,17.24,400,
09:37:32,17.249,200,
09:37:34,17.249,200,
09:37:35,17.249,1400,
09:37:35,17.249,1400,
09:37:36,17.25,200,
09:37:36,17.25,300,
09:37:36,17.25,100,
09:37:36,17.25,100,
09:37:36,17.25,100,
09:37:36,17.25,100,
09:37:36,17.25,100,
09:37:39,17.24,100,
09:37:39,17.24,400,
09:37:39,17.25,300,
09:37:40,17.259,1300,
09:37:40,17.26,600,
09:37:41,17.2695,515,
09:37:41,17.259,300,
09:37:43,17.27,100,
09:37:43,17.279,200,
09:37:44,17.27,100,
09:37:44,17.27,300,
09:37:45,17.26,100,
09:37:46,17.26,100,
09:37:48,17.26,100,
09:37:51,17.2605,500,
09:37:56,17.2672,500,
09:37:56,17.27,100,
09:37:56,17.27,400,
09:37:59,17.26,30000,
09:38:02,17.27,100,
09:38:02,17.2701,300,
09:38:02,17.27,200,
09:38:02,17.27,100,
09:38:02,17.261,2000,
09:38:03,17.27,100,
09:38:04,17.27,500,
09:38:11,17.2872,1000,
09:38:12,17.283,450,
09:38:13,17.279,600,
09:38:14,17.289,2000,
09:38:19,17.27,100,
09:38:19,17.27,100,
09:38:19,17.28,1000,
09:38:23,17.278,1500,
09:38:29,17.2701,125,
09:38:32,17.2772,500,
09:38:37,17.28,100,
09:38:37,17.28,400,
09:38:38,17.279,200,
09:38:38,17.2825,3800,
09:38:41,17.279,200,
09:38:43,17.2795,340,
09:38:46,17.2705,500,
09:38:49,17.2775,2000,
09:38:52,17.278,500,
09:38:53,17.2799,1008,
09:38:56,17.2795,1000,
09:38:58,17.26,100,
09:38:58,17.27,300,
09:38:58,17.27,400,
09:38:58,17.27,800,
09:38:59,17.27,300,
09:39:03,17.27,100,
09:39:03,17.27,300,
09:39:03,17.27,100,
09:39:03,17.27,1500,
09:39:03,17.26,400,
09:39:03,17.26,300,
09:39:03,17.26,200,
09:39:04,17.2599,500,
09:39:04,17.26,100,
09:39:04,17.26,300,
09:39:06,17.26,100,
09:39:06,17.26,400,
09:39:07,17.26,800,
09:39:11,17.26,100,
09:39:11,17.26,600,
09:39:11,17.26,700,
09:39:11,17.26,300,
09:39:11,17.26,100,
09:39:13,17.26,1000,
09:39:13,17.26,200,
09:39:13,17.26,100,
09:39:13,17.26,100,
09:39:13,17.26,800,
09:39:13,17.26,100,
09:39:13,17.26,300,
09:39:13,17.26,300,
09:39:17,17.263,300,
09:39:19,17.2599,1000,
09:39:25,17.26,400,
09:39:25,17.26,600,
09:39:25,17.25,100,
09:39:25,17.25,300,
09:39:25,17.25,100,
09:39:25,17.25,300,
09:39:25,17.25,300,
09:39:25,17.25,300,
09:39:28,17.26,400,
09:39:30,17.26,200,
09:39:30,17.26,400,
09:39:30,17.26,400,
09:39:35,17.2599,600,
09:39:35,17.2501,3100,
09:39:41,17.26,100,
09:39:41,17.26,800,
09:39:41,17.26,100,
09:39:42,17.26,300,
09:39:42,17.2601,4000,
09:39:44,17.26,400,
09:39:52,17.27,200,
09:39:52,17.27,100,
09:39:59,17.28,200,
09:40:02,17.2901,500,
09:40:02,17.2901,1850,
09:40:02,17.29,100,
09:40:02,17.2901,100,
09:40:04,17.28,700,
09:40:10,17.2799,500,
09:40:13,17.29,100,
09:40:14,17.2865,500,
09:40:14,17.28,100,
09:40:15,17.283,300,
09:40:18,17.2701,600,
09:40:18,17.27,200,
09:40:18,17.2701,2000,
09:40:18,17.27,100,
09:40:20,17.28,700,
09:40:21,17.28,700,
09:40:23,17.279,1000,
09:40:27,17.27,100,
09:40:27,17.27,100,
09:40:29,17.2672,1500,
09:40:30,17.2675,1900,
09:40:34,17.28,200,
09:40:34,17.28,200,
09:40:36,17.282,500,
09:40:45,17.29,200,
09:40:48,17.2899,2000,
09:40:58,17.29,100,
09:41:00,17.29,100,
09:41:01,17.299,700,
09:41:01,17.2995,1200,
09:41:03,17.29,200,
09:41:03,17.29,514,
09:41:03,17.29,600,
09:41:03,17.29,600,
09:41:03,17.29,200,
09:41:06,17.2975,4700,
09:41:08,17.2995,1000,
09:41:11,17.30,100,
09:41:12,17.299,400,
09:41:12,17.297,250,
09:41:16,17.2972,500,
09:41:19,17.30,1600,
09:41:19,17.30,200,
09:41:19,17.30,400,
09:41:20,17.309,100,
09:41:20,17.30,300,
09:41:20,17.30,300,
09:41:21,17.30,100,
09:41:22,17.30,100,
09:41:22,17.30,500,
09:41:22,17.30,300,
09:41:22,17.30,100,
09:41:22,17.30,400,
09:41:22,17.30,500,
09:41:22,17.30,300,
09:41:22,17.30,400,
09:41:22,17.29,800,
09:41:22,17.30,100,
09:41:24,17.298,1000,
09:41:27,17.30,300,
09:41:27,17.30,600,
09:41:27,17.30,100,
09:41:27,17.298,1000,
09:41:29,17.289,900,
09:41:29,17.289,800,
09:41:30,17.29,100,
09:41:30,17.29,100,
09:41:30,17.29,100,
09:41:30,17.2801,1500,
09:41:31,17.29,100,
09:41:31,17.29,100,
09:41:31,17.29,100,
09:41:31,17.29,100,
09:41:31,17.29,200,
09:41:31,17.29,400,
09:41:31,17.29,100,
09:41:31,17.30,200,
09:41:31,17.29,200,
09:41:33,17.293,300,
09:41:36,17.2972,1000,
09:41:37,17.28,100,
09:41:37,17.29,100,
09:41:37,17.29,200,
09:41:37,17.29,2400,
09:41:37,17.289,1000,
09:41:39,17.29,100,
09:41:39,17.29,600,
09:41:40,17.28,200,
09:41:40,17.29,400,
09:41:42,17.29,100,
09:41:43,17.28,110,
09:41:43,17.29,200,
09:41:44,17.2801,800,
09:41:44,17.29,400,
09:41:45,17.28,200,
09:41:45,17.28,200,
09:41:46,17.278,875,
09:41:48,17.28,200,
09:41:48,17.28,200,
09:41:48,17.28,300,
09:41:48,17.28,600,
09:41:49,17.2801,1200,
09:41:58,17.29,200,
09:41:58,17.29,100,
09:41:58,17.29,200,
09:42:04,17.29,100,
09:42:04,17.29,600,
09:42:04,17.29,100,
09:42:06,17.29,100,
09:42:06,17.29,100,
09:42:07,17.289,400,
09:42:08,17.28,200,
09:42:08,17.28,300,
09:42:08,17.28,100,
09:42:08,17.28,400,
09:42:10,17.29,400,
09:42:10,17.29,400,
09:42:10,17.29,300,
09:42:10,17.29,500,
09:42:10,17.289,200,
09:42:12,17.2895,500,
09:42:12,17.287,400,
09:42:14,17.29,100,
09:42:14,17.29,100,
09:42:17,17.29,300,
09:42:19,17.285,400,
09:42:23,17.2855,700,
09:42:23,17.29,200,
09:42:24,17.29,200,
09:42:24,17.29,100,
09:42:25,17.29,200,
09:42:25,17.29,500,
09:42:25,17.29,100,
09:42:30,17.2972,500,
09:42:32,17.2995,500,
09:42:32,17.29,200,
09:42:32,17.29,100,
09:42:32,17.29,200,
09:42:32,17.29,200,
09:42:34,17.28,100,
09:42:34,17.28,100,
09:42:35,17.27,100,
09:42:35,17.27,700,
09:42:35,17.27,600,
09:42:35,17.27,225,
09:42:35,17.269,100,
09:42:37,17.26,100,
09:42:37,17.2599,400,
09:42:39,17.251,200,
09:42:39,17.25,200,
09:42:40,17.26,300,
09:42:40,17.25,400,
09:42:40,17.25,100,
09:42:40,17.25,100,
09:42:40,17.25,200,
09:42:40,17.25,100,
09:42:40,17.25,100,
09:42:46,17.26,500,
09:42:46,17.26,800,
09:42:46,17.26,500,
09:42:49,17.26,400,
09:42:51,17.2601,8600,
09:42:51,17.26,1300,
09:42:51,17.26,1600,
09:42:51,17.2601,3900,
09:42:51,17.26,1600,
09:42:51,17.26,2900,
09:42:54,17.27,200,
09:42:54,17.27,400,
09:42:54,17.27,500,
09:42:56,17.2705,1000,
09:42:58,17.279,400,
09:43:00,17.28,100,
09:43:00,17.2899,1000,
09:43:00,17.28,200,
09:43:08,17.299,600,
09:43:09,17.30,800,
09:43:11,17.309,500,
09:43:18,17.3065,600,
09:43:24,17.3075,1500,
09:43:25,17.319,1300,
09:43:25,17.319,200,
09:43:27,17.3111,1000,
09:43:27,17.31,500,
09:43:30,17.319,400,
09:43:34,17.33,600,
09:43:38,17.33,100,
09:43:41,17.34,10000,
09:43:43,17.3228,1900,
09:43:48,17.32,400,
09:43:48,17.32,1000,
09:43:48,17.32,600,
09:43:50,17.33,400,
09:43:50,17.32,200,
09:44:01,17.3272,1000,
09:44:03,17.3295,1000,
09:44:05,17.32,500,
09:44:05,17.3077,500,
09:44:07,17.309,400,
09:44:09,17.309,600,
09:44:09,17.309,2000,
09:44:09,17.309,2000,
09:44:23,17.319,200,
09:44:24,17.32,500,
09:44:24,17.319,100,
09:44:29,17.3172,1000,
09:44:30,17.319,500,
09:44:30,17.3101,325,
09:44:33,17.3101,100,
09:44:33,17.3101,100,
09:44:33,17.3101,100,
09:44:39,17.319,800,
09:44:39,17.32,400,
09:44:39,17.32,400,
09:44:40,17.319,100,
09:44:41,17.32,300,
09:44:45,17.30,200,
09:44:45,17.3001,100,
09:44:53,17.29,100,
09:44:58,17.30,200,
09:44:58,17.30,100,
09:45:04,17.31,400,
09:45:13,17.313,1000,
09:45:21,17.3128,500,
09:45:25,17.32,100,
09:45:25,17.32,100,
09:45:25,17.32,1699,
09:45:31,17.3101,1200,
09:45:37,17.3199,300,
09:45:38,17.33,100,
09:45:38,17.33,400,
09:45:38,17.34,200,
09:45:38,17.34,100,
09:45:38,17.34,100,
09:45:38,17.34,500,
09:45:41,17.35,200,
09:45:41,17.35,400,
09:45:41,17.36,1700,
09:45:41,17.35,400,
09:45:41,17.35,200,
09:45:41,17.35,300,
09:45:41,17.35,600,
09:45:41,17.349,600,
09:45:42,17.35,3300,
09:45:45,17.34,3300,
09:45:45,17.34,100,
09:45:46,17.3489,300,
09:45:48,17.34,100,
09:45:48,17.34,100,
09:45:58,17.35,400,
09:45:59,17.35,100,
09:45:59,17.35,100,
09:45:59,17.35,600,
09:45:59,17.36,600,
09:45:59,17.36,200,
09:45:59,17.35,200,
09:45:59,17.35,225,
09:45:59,17.35,200,
09:45:59,17.35,200,
09:45:59,17.35,400,
09:45:59,17.35,175,
09:45:59,17.35,200,
09:45:59,17.35,200,
09:45:59,17.35,400,
09:45:59,17.35,175,
09:46:00,17.359,100,
09:46:00,17.359,100,
09:46:04,17.377,180,
09:46:07,17.37,400,
09:46:10,17.3699,100,
09:46:11,17.37,100,
09:46:13,17.37,200,
09:46:14,17.37,100,
09:46:21,17.379,300,
09:46:22,17.379,100,
09:46:26,17.39,800,
09:46:26,17.39,300,
09:46:26,17.38,100,
09:46:28,17.3899,2000,
09:46:28,17.38,300,
09:46:28,17.38,600,
09:46:28,17.38,200,
09:46:30,17.379,100,
09:46:30,17.379,100,
09:46:30,17.379,100,
09:46:30,17.379,100,
09:46:30,17.379,100,
09:46:30,17.375,1200,
09:46:30,17.379,200,
09:46:30,17.379,200,
09:46:31,17.379,400,
09:46:31,17.379,100,
09:46:32,17.38,100,
09:46:33,17.3899,1000,
09:46:36,17.389,100,
09:46:36,17.382,1000,
09:46:36,17.39,200,
09:46:36,17.385,200,
09:46:36,17.38,1000,
09:46:36,17.388,200,
09:46:37,17.38,200,
09:46:37,17.38,200,
09:46:39,17.39,100,
09:46:40,17.389,400,
09:46:40,17.39,1400,
09:46:40,17.39,200,
09:46:41,17.409,100,
09:46:41,17.405,300,
09:46:41,17.4099,100,
09:46:42,17.389,200,
09:46:42,17.41,200,
09:46:42,17.389,1300,
09:46:42,17.409,200,
09:46:43,17.41,900,
09:46:43,17.41,100,
09:46:45,17.4015,2000,
09:46:46,17.41,200,
09:46:46,17.40,300,
09:46:47,17.41,500,
09:46:49,17.41,100,
09:46:51,17.40,100,
09:46:51,17.39,100,
09:46:51,17.39,100,
09:46:51,17.38,100,
09:46:53,17.39,100,
09:46:56,17.38,200,
09:46:57,17.3899,600,
09:46:57,17.379,400,
09:46:57,17.379,300,
09:46:57,17.39,100,
09:46:58,17.379,300,
09:46:58,17.381,200,
09:46:58,17.38,200,
09:47:01,17.385,100,
09:47:05,17.3899,300,
09:47:07,17.39,100,
09:47:07,17.39,300,
09:47:08,17.39,200,
09:47:19,17.3901,1000,
09:47:21,17.39,400,
09:47:22,17.39,400,
09:47:23,17.39,100,
09:47:24,17.39,100,
09:47:25,17.39,200,
09:47:27,17.3857,100,
09:47:32,17.38,100,
09:47:32,17.38,100,
09:47:35,17.39,100,
09:47:35,17.39,100,
09:47:35,17.39,100,
09:47:35,17.39,100,
09:47:35,17.39,100,
09:47:43,17.397,200,
09:47:48,17.397,300,
09:47:51,17.39,168,
09:47:51,17.39,100,
09:47:54,17.399,1000,
09:47:56,17.3928,500,
09:48:06,17.3982,400,
09:48:10,17.38,100,
09:48:10,17.37,100,
09:48:10,17.39,600,
09:48:10,17.36,100,
09:48:10,17.36,100,
09:48:10,17.36,100,
09:48:10,17.36,200,
09:48:11,17.37,100,
09:48:11,17.37,100,
09:48:12,17.37,100,
09:48:15,17.355,100,
09:48:16,17.35,200,
09:48:17,17.35,200,
09:48:18,17.3599,3200,
09:48:22,17.35,200,
09:48:22,17.35,200,
09:48:22,17.35,100,
09:48:22,17.35,100,
09:48:22,17.35,472,
09:48:22,17.36,100,
09:48:22,17.36,300,
09:48:22,17.36,100,
09:48:22,17.36,200,
09:48:22,17.36,100,
09:48:22,17.36,100,
09:48:22,17.36,200,
09:48:22,17.36,200,
09:48:22,17.36,100,
09:48:24,17.36,143,
09:48:24,17.36,200,
09:48:24,17.36,200,
09:48:24,17.351,1200,
09:48:27,17.35,900,
09:48:32,17.35,100,
09:48:32,17.35,300,
09:48:32,17.35,400,
09:48:32,17.35,200,
09:48:32,17.34,253,
09:48:34,17.34,100,
09:48:37,17.343,250,
09:48:40,17.35,100,
09:48:40,17.34,143,
09:48:40,17.36,200,
09:48:40,17.36,100,
09:48:40,17.37,400,
09:48:40,17.37,400,
09:48:40,17.36,100,
09:48:40,17.37,1300,
09:48:40,17.36,100,
09:48:40,17.36,100,
09:48:40,17.37,1100,
09:48:41,17.3528,1700,
09:48:42,17.35,200,
09:48:42,17.35,100,
09:48:48,17.353,225,
09:48:52,17.3599,1000,
09:48:53,17.36,200,
09:48:53,17.36,100,
09:48:53,17.36,300,
09:48:53,17.36,100,
09:48:53,17.37,100,
09:48:54,17.3701,2700,
09:48:54,17.37,400,
09:48:54,17.37,474,
09:48:54,17.37,100,
09:48:54,17.36,100,
09:48:54,17.36,101,
09:48:54,17.36,200,
09:48:54,17.35,5000,
09:49:01,17.359,5000,
09:49:03,17.37,200,
09:49:04,17.37,100,
09:49:14,17.36,300,
09:49:19,17.36,100,
09:49:20,17.37,200,
09:49:21,17.3515,2500,
09:49:26,17.39,300,
09:49:29,17.387,200,
09:49:32,17.38,100,
09:49:37,17.39,5600,
09:49:37,17.38,200,
09:49:37,17.38,700,
09:49:37,17.38,600,
09:49:37,17.38,300,
09:49:37,17.38,100,
09:49:37,17.38,200,
09:49:37,17.38,600,
09:49:37,17.38,100,
09:49:37,17.38,200,
09:49:38,17.38,400,
09:49:38,17.38,100,
09:49:38,17.38,100,
09:49:39,17.369,100,
09:49:39,17.3799,5000,
09:49:39,17.37,200,
09:49:39,17.37,200,
09:49:40,17.37,200,
09:49:44,17.38,500,
09:49:46,17.388,250,
09:49:48,17.39,200,
09:49:49,17.382,1000,
09:49:49,17.39,800,
09:49:49,17.39,2200,
09:49:49,17.39,200,
09:49:49,17.39,100,
09:49:49,17.39,100,
09:49:49,17.3901,100,
09:49:50,17.39,300,
09:49:50,17.39,100,
09:49:51,17.40,200,
09:49:51,17.40,100,
09:49:52,17.40,100,
09:49:53,17.40,100,
09:49:53,17.40,300,
09:50:01,17.39,300,
09:50:02,17.39,100,
09:50:03,17.389,150,
09:50:04,17.3815,2500,
09:50:07,17.38,500,
09:50:16,17.39,500,
09:50:16,17.39,100,
09:50:16,17.39,200,
09:50:16,17.39,100,
09:50:16,17.39,100,
09:50:17,17.39,100,
09:50:17,17.39,100,
09:50:17,17.39,100,
09:50:19,17.39,100,
09:50:19,17.39,100,
09:50:19,17.39,100,
09:50:20,17.39,100,
09:50:20,17.39,100,
09:50:20,17.39,100,
09:50:22,17.39,300,
09:50:27,17.38,200,
09:50:32,17.38,200,
09:50:32,17.38,100,
09:50:40,17.377,460,
09:50:40,17.38,200,
09:50:40,17.38,400,
09:50:40,17.38,400,
09:50:40,17.38,1900,
09:50:40,17.38,3000,
09:50:40,17.38,300,
09:50:40,17.38,200,
09:50:40,17.38,100,
09:50:40,17.38,1600,
09:50:40,17.38,200,
09:50:40,17.38,400,
09:50:40,17.38,200,
09:50:42,17.387,250,
09:50:45,17.39,400,
09:50:45,17.39,200,
09:50:45,17.39,1400,
09:50:45,17.39,200,
09:50:45,17.39,200,
09:50:45,17.39,100,
09:50:45,17.39,200,
09:50:49,17.40,10000,
09:50:50,17.39,100,
09:50:53,17.3999,6200,
09:50:56,17.38,800,
09:50:56,17.38,100,
09:50:56,17.38,100,
09:50:56,17.38,200,
09:50:57,17.3811,100,
09:51:08,17.3867,400,
09:51:09,17.38,700,
09:51:09,17.38,200,
09:51:09,17.38,200,
09:51:09,17.38,200,
09:51:09,17.38,100,
09:51:09,17.38,200,
09:51:09,17.38,500,
09:51:11,17.39,100,
09:51:12,17.3901,400,
09:51:15,17.39,300,
09:51:15,17.38,100,
09:51:15,17.38,200,
09:51:15,17.38,500,
09:51:15,17.38,200,
09:51:15,17.38,200,
09:51:15,17.38,200,
09:51:15,17.38,200,
09:51:15,17.38,200,
09:51:15,17.38,200,
09:51:20,17.39,600,
09:51:20,17.39,400,
09:51:20,17.39,600,
09:51:20,17.39,600,
09:51:20,17.39,300,
09:51:20,17.39,200,
09:51:20,17.39,200,
09:51:20,17.39,200,
09:51:20,17.39,200,
09:51:20,17.39,1100,
09:51:20,17.39,100,
09:51:20,17.39,600,
09:51:20,17.39,200,
09:51:20,17.39,100,
09:51:20,17.40,300,
09:51:20,17.40,100,
09:51:20,17.40,200,
09:51:20,17.40,200,
09:51:20,17.40,300,
09:51:20,17.40,200,
09:51:21,17.3901,2500,
09:51:21,17.39,100,
09:51:21,17.38,100,
09:51:21,17.39,200,
09:51:21,17.39,400,
09:51:22,17.3899,110,
09:51:28,17.39,100,
09:51:28,17.39,200,
09:51:31,17.389,421,
09:51:31,17.389,200,
09:51:31,17.389,400,
09:51:31,17.40,100,
09:51:31,17.389,100,
09:51:36,17.39,100,
09:51:37,17.39,1000,
09:51:37,17.39,300,
09:51:39,17.38,100,
09:51:41,17.37,100,
09:51:42,17.37,100,
09:51:42,17.37,200,
09:51:42,17.37,100,
09:51:43,17.37,100,
09:51:43,17.37,300,
09:51:47,17.36,500,
09:51:47,17.36,200,
09:51:48,17.36,400,
09:51:49,17.36,600,
09:51:49,17.36,100,
09:51:49,17.35,200,
09:51:49,17.36,200,
09:51:49,17.36,200,
09:51:49,17.35,100,
09:51:49,17.35,400,
09:51:49,17.35,200,
09:51:49,17.35,100,
09:51:51,17.35,100,
09:51:53,17.34,200,
09:51:53,17.33,200,
09:51:53,17.34,400,
09:51:53,17.33,800,
09:52:04,17.33,4000,
09:52:07,17.3301,2285,
09:52:11,17.33,10000,
09:52:18,17.33,100,
09:52:19,17.338,400,
09:52:19,17.3201,2000,
09:52:23,17.33,200,
09:52:23,17.34,100,
09:52:23,17.34,200,
09:52:24,17.34,400,
09:52:25,17.34,200,
09:52:25,17.34,200,
09:52:25,17.34,200,
09:52:25,17.34,400,
09:52:27,17.34,300,
09:52:27,17.33,600,
09:52:28,17.339,720,
09:52:28,17.33,100,
09:52:28,17.339,3300,
09:52:32,17.33,200,
09:52:32,17.33,700,
09:52:34,17.329,200,
09:52:34,17.3275,700,
09:52:35,17.329,200,
09:52:36,17.34,200,
09:52:36,17.34,100,
09:52:39,17.3405,350,
09:52:41,17.3482,250,
09:52:52,17.36,100,
09:52:52,17.36,100,
09:53:00,17.38,100,
09:53:00,17.38,100,
09:53:00,17.3799,5800,
09:53:00,17.38,300,
09:53:13,17.358,1000,
09:53:13,17.35,100,
09:53:16,17.348,300,
09:53:17,17.3499,1200,
09:53:20,17.3401,100,
09:53:24,17.3499,2000,
09:53:34,17.33,500,
09:53:35,17.33,100,
09:53:35,17.33,100,
09:53:35,17.33,100,
09:53:35,17.33,300,
09:53:36,17.32,200,
09:53:36,17.31,200,
09:53:37,17.32,1500,
09:53:38,17.32,100,
09:53:41,17.32,200,
09:53:41,17.32,1600,
09:53:42,17.33,400,
09:53:42,17.33,100,
09:53:47,17.338,200,
09:53:58,17.33,100,
09:54:01,17.33,600,
09:54:01,17.33,100,
09:54:01,17.33,1300,
09:54:05,17.33,200,
09:54:07,17.32,440,
09:54:07,17.32,1700,
09:54:07,17.32,600,
09:54:18,17.32,200,
09:54:21,17.33,100,
09:54:21,17.33,100,
09:54:22,17.33,100,
09:54:23,17.33,200,
09:54:23,17.3299,2000,
09:54:23,17.33,100,
09:54:23,17.33,100,
09:54:23,17.33,200,
09:54:23,17.33,199,
09:54:26,17.33,1000,
09:54:29,17.33,100,
09:54:29,17.33,100,
09:54:29,17.33,100,
09:54:29,17.33,100,
09:54:29,17.33,100,
09:54:29,17.33,100,
09:54:29,17.33,100,
09:54:29,17.33,100,
09:54:29,17.33,100,
09:54:29,17.327,200,
09:54:31,17.321,5000,
09:54:34,17.3218,1000,
09:54:36,17.33,200,
09:54:36,17.33,196,
09:54:37,17.34,400,
09:54:39,17.34,200,
09:54:39,17.34,200,
09:54:39,17.34,200,
09:54:39,17.34,400,
09:54:39,17.34,1900,
09:54:39,17.34,1200,
09:54:42,17.34,100,
09:54:43,17.3475,3000,
09:54:45,17.35,115,
09:54:47,17.357,128,
09:55:00,17.34,1100,
09:55:00,17.33,500,
09:55:05,17.35,600,
09:55:05,17.35,20100,
09:55:15,17.34,100,
09:55:18,17.3499,200,
09:55:25,17.348,500,
09:55:26,17.347,100,
09:55:29,17.349,5000,
09:55:35,17.3518,100,
09:55:38,17.3599,2000,
09:55:40,17.3599,4000,
09:55:41,17.35,1700,
09:55:41,17.35,300,
09:55:41,17.35,100,
09:55:44,17.3475,1100,
09:55:47,17.35,100,
09:55:47,17.35,300,
09:55:47,17.35,1200,
09:55:50,17.357,100,
09:55:51,17.37,200,
09:55:51,17.37,500,
09:55:51,17.37,100,
09:55:51,17.37,200,
09:55:51,17.37,400,
09:55:52,17.37,13300,
09:55:58,17.361,1000,
09:56:01,17.362,1500,
09:56:04,17.35,200,
09:56:14,17.37,900,
09:56:14,17.36,201,
09:56:17,17.362,1400,
09:56:22,17.368,1000,
09:56:26,17.3501,1000,
09:56:28,17.3595,1000,
09:56:33,17.36,200,
09:56:37,17.37,100,
09:56:40,17.37,100,
09:56:41,17.37,100,
09:56:41,17.37,400,
09:56:46,17.38,200,
09:56:46,17.38,300,
09:56:48,17.39,200,
09:56:48,17.39,1000,
09:56:48,17.39,100,
09:56:48,17.39,400,
09:56:48,17.39,400,
09:56:51,17.39,200,
09:56:53,17.388,200,
09:56:54,17.387,200,
09:56:57,17.3845,1000,
09:57:00,17.39,900,
09:57:00,17.39,200,
09:57:00,17.39,2600,
09:57:01,17.39,200,
09:57:01,17.39,200,
09:57:03,17.39,400,
09:57:08,17.40,5000,
09:57:08,17.40,300,
09:57:09,17.3999,4200,
09:57:11,17.39,44748,
09:57:18,17.40,300,
09:57:19,17.391,900,
09:57:21,17.39,500,
09:57:26,17.391,5000,
09:57:28,17.40,100,
09:57:34,17.3901,4000,
09:57:47,17.3875,2000,
09:57:52,17.38,100,
09:57:52,17.38,200,
09:57:52,17.37,600,
09:57:57,17.38,766,
09:57:57,17.38,100,
09:57:59,17.38,602,
09:58:03,17.3899,100,
09:58:11,17.39,301,
09:58:11,17.39,100,
09:58:17,17.391,550,
09:58:17,17.40,600,
09:58:17,17.40,100,
09:58:17,17.40,900,
09:58:17,17.40,800,
09:58:19,17.4099,2000,
09:58:22,17.40,100,
09:58:22,17.40,200,
09:58:22,17.40,800,
09:58:22,17.40,169,
09:58:22,17.40,200,
09:58:33,17.40,200,
09:58:48,17.40,100,
09:58:49,17.40,400,
09:58:49,17.40,100,
09:58:53,17.398,1400,
09:59:00,17.38,200,
09:59:04,17.3799,800,
09:59:12,17.38,400,
09:59:12,17.38,200,
09:59:12,17.38,200,
09:59:12,17.38,200,
09:59:12,17.38,400,
09:59:12,17.38,100,
09:59:12,17.38,102,
09:59:12,17.38,1500,
09:59:12,17.38,700,
09:59:12,17.38,398,
09:59:14,17.38,100,
09:59:20,17.3895,150,
09:59:26,17.388,200,
09:59:28,17.38,200,
09:59:28,17.38,100,
09:59:48,17.39,100,
09:59:48,17.39,100,
09:59:51,17.38,100,
09:59:51,17.38,300,
09:59:51,17.38,100,
09:59:52,17.38,200,
09:59:52,17.39,100,
09:59:53,17.37,200,
09:59:53,17.37,200,
09:59:53,17.37,400,
09:59:53,17.37,400,
09:59:54,17.37,100,
09:59:55,17.38,200,
10:00:01,17.45,2000,
10:00:01,17.47,100,
10:00:01,17.44,300,
10:00:01,17.44,800,
10:00:02,17.4499,1000,
10:00:03,17.45,800,
10:00:03,17.45,5005,
10:00:03,17.4685,800,
10:00:03,17.46,200,
10:00:03,17.465,2000,
10:00:03,17.45,100,
10:00:03,17.45,100,
10:00:04,17.44,200,
10:00:04,17.45,200,
10:00:04,17.45,1000,
10:00:04,17.45,1200,
10:00:04,17.46,200,
10:00:04,17.47,100,
10:00:05,17.46,1700,
10:00:05,17.49,1000,
10:00:05,17.487,1000,
10:00:06,17.48,600,
10:00:06,17.47,100,
10:00:06,17.47,1000,
10:00:06,17.46,3000,
10:00:06,17.4615,1200,
10:00:06,17.46,100,
10:00:06,17.46,100,
10:00:06,17.46,200,
10:00:08,17.49,735,
10:00:08,17.487,735,
10:00:09,17.46,200,
10:00:09,17.46,300,
10:00:09,17.46,700,
10:00:10,17.4701,500,
10:00:10,17.479,400,
10:00:10,17.47,2000,
10:00:10,17.47,100,
10:00:10,17.46,100,
10:00:10,17.45,100,
10:00:11,17.47,100,
10:00:12,17.48,200,
10:00:12,17.4799,19950,
10:00:12,17.48,300,
10:00:13,17.49,200,
10:00:13,17.49,100,
10:00:13,17.49,200,
10:00:13,17.49,1150,
10:00:13,17.49,200,
10:00:14,17.50,1500,
10:00:14,17.498,1000,
10:00:15,17.50,1000,
10:00:15,17.50,300,
10:00:15,17.4999,1000,
10:00:16,17.50,800,
10:00:16,17.52,10000,
10:00:17,17.491,2000,
10:00:17,17.52,500,
10:00:17,17.50,100,
10:00:17,17.50,500,
10:00:17,17.51,300,
10:00:17,17.53,100,
10:00:17,17.52,100,
10:00:17,17.53,400,
10:00:17,17.53,100,
10:00:17,17.53,100,
10:00:17,17.52,100,
10:00:17,17.51,100,
10:00:17,17.51,100,
10:00:17,17.51,100,
10:00:18,17.51,100,
10:00:18,17.51,100,
10:00:18,17.50,6110,
10:00:18,17.51,1000,
10:00:18,17.50,200,
10:00:18,17.4972,1600,
10:00:18,17.50,100,
10:00:19,17.50,100,
10:00:19,17.49,100,
10:00:19,17.49,231,
10:00:20,17.499,100,
10:00:20,17.505,2300,
10:00:20,17.499,800,
10:00:20,17.50,100,
10:00:20,17.50,200,
10:00:21,17.4901,500,
10:00:22,17.50,100,
10:00:22,17.51,1100,
10:00:22,17.51,300,
10:00:22,17.51,1700,
10:00:23,17.51,1100,
10:00:23,17.51,100,
10:00:23,17.509,200,
10:00:23,17.511,1200,
10:00:24,17.50,100,
10:00:24,17.51,4000,
10:00:24,17.509,200,
10:00:24,17.51,700,
10:00:24,17.51,200,
10:00:24,17.50,500,
10:00:25,17.5099,6000,
10:00:26,17.51,200,
10:00:26,17.52,500,
10:00:26,17.53,100,
10:00:26,17.54,100,
10:00:26,17.53,100,
10:00:26,17.53,100,
10:00:26,17.53,100,
10:00:26,17.53,100,
10:00:26,17.54,100,
10:00:27,17.508,1000,
10:00:28,17.529,100,
10:00:29,17.52,2500,
10:00:29,17.521,7000,
10:00:31,17.52,100,
10:00:31,17.52,1100,
10:00:31,17.53,100,
10:00:32,17.529,100,
10:00:32,17.521,3000,
10:00:35,17.52,200,
10:00:35,17.526,200,
10:00:35,17.5105,1000,
10:00:36,17.52,100,
10:00:36,17.52,400,
10:00:37,17.5188,400,
10:00:37,17.52,100,
10:00:38,17.51,100,
10:00:38,17.518,500,
10:00:38,17.515,400,
10:00:39,17.51,500,
10:00:39,17.51,2000,
10:00:40,17.5139,100,
10:00:41,17.518,700,
10:00:41,17.5001,1000,
10:00:44,17.52,100,
10:00:44,17.527,200,
10:00:46,17.52,100,
10:00:46,17.5295,100,
10:00:47,17.528,100,
10:00:48,17.5299,100,
10:00:50,17.5399,100,
10:00:50,17.53,100,
10:00:51,17.53,2400,
10:00:51,17.53,100,
10:00:51,17.53,100,
10:00:51,17.54,200,
10:00:51,17.54,100,
10:00:51,17.54,100,
10:00:51,17.53,200,
10:00:51,17.53,200,
10:00:51,17.54,400,
10:00:51,17.54,100,
10:00:52,17.54,300,
10:00:52,17.54,200,
10:00:52,17.537,100,
10:00:53,17.528,250,
10:00:54,17.53,2000,
10:00:54,17.52,300,
10:00:54,17.52,200,
10:00:54,17.52,1100,
10:00:55,17.53,100,
10:00:55,17.5201,200,
10:00:55,17.53,100,
10:00:57,17.52,200,
10:00:57,17.52,100,
10:00:57,17.5199,2600,
10:00:58,17.52,100,
10:00:59,17.527,250,
10:01:00,17.52,6400,
10:01:02,17.511,3000,
10:01:03,17.53,300,
10:01:05,17.522,289,
10:01:07,17.531,200,
10:01:07,17.531,200,
10:01:07,17.5301,1100,
10:01:08,17.53,1200,
10:01:08,17.53,200,
10:01:09,17.529,1800,
10:01:09,17.538,200,
10:01:09,17.5201,1400,
10:01:09,17.5299,400,
10:01:10,17.52,1100,
10:01:10,17.51,300,
10:01:10,17.51,100,
10:01:10,17.51,100,
10:01:11,17.51,500,
10:01:11,17.51,400,
10:01:11,17.50,200,
10:01:11,17.51,404,
10:01:11,17.5001,200,
10:01:11,17.51,300,
10:01:12,17.5099,2000,
10:01:14,17.4928,500,
10:01:14,17.48,100,
10:01:14,17.48,900,
10:01:14,17.48,300,
10:01:15,17.48,100,
10:01:15,17.48,200,
10:01:16,17.48,800,
10:01:16,17.4801,4000,
10:01:17,17.48,700,
10:01:17,17.4899,2000,
10:01:20,17.48,100,
10:01:20,17.48,100,
10:01:20,17.48,300,
10:01:20,17.48,300,
10:01:20,17.47,100,
10:01:20,17.48,100,
10:01:20,17.48,200,
10:01:20,17.48,100,
10:01:21,17.49,200,
10:01:21,17.49,200,
10:01:21,17.49,100,
10:01:21,17.4943,250,
10:01:23,17.482,500,
10:01:24,17.49,300,
10:01:25,17.51,100,
10:01:26,17.50,200,
10:01:26,17.50,200,
10:01:26,17.492,200,
10:01:27,17.51,3300,
10:01:27,17.50,100,
10:01:28,17.51,200,
10:01:29,17.502,500,
10:01:30,17.52,400,
10:01:32,17.52,100,
10:01:33,17.5295,500,
10:01:35,17.52,100,
10:01:35,17.528,600,
10:01:36,17.52,100,
10:01:36,17.51,200,
10:01:36,17.529,400,
10:01:36,17.517,200,
10:01:37,17.52,100,
10:01:37,17.52,200,
10:01:38,17.51,300,
10:01:38,17.51,200,
10:01:39,17.51,100,
10:01:40,17.52,100,
10:01:40,17.52,100,
10:01:41,17.511,1000,
10:01:42,17.52,100,
10:01:44,17.52,100,
10:01:48,17.5282,500,
10:01:49,17.54,100,
10:01:49,17.54,100,
10:01:49,17.54,100,
10:01:49,17.54,400,
10:01:49,17.53,300,
10:01:49,17.53,100,
10:01:50,17.53,900,
10:01:50,17.53,400,
10:01:50,17.53,600,
10:01:52,17.531,5200,
10:01:52,17.5299,4500,
10:01:54,17.53,500,
10:01:54,17.53,200,
10:01:59,17.53,200,
10:01:59,17.53,1000,
10:01:59,17.52,2400,
10:01:59,17.52,1900,
10:01:59,17.52,300,
10:01:59,17.52,200,
10:02:00,17.53,100,
10:02:00,17.527,100,
10:02:00,17.5272,500,
10:02:02,17.529,200,
10:02:02,17.529,2500,
10:02:09,17.5199,100,
10:02:09,17.52,200,
10:02:09,17.52,1800,
10:02:09,17.5199,400,
10:02:09,17.5201,1000,
10:02:10,17.53,100,
10:02:11,17.5299,300,
10:02:12,17.52,600,
10:02:14,17.512,500,
10:02:15,17.51,100,
10:02:15,17.51,100,
10:02:15,17.51,200,
10:02:15,17.51,100,
10:02:17,17.519,2200,
10:02:17,17.519,300,
10:02:18,17.52,100,
10:02:18,17.52,100,
10:02:20,17.52,100,
10:02:20,17.52,400,
10:02:20,17.52,600,
10:02:20,17.52,200,
10:02:20,17.52,200,
10:02:20,17.52,400,
10:02:20,17.52,100,
10:02:20,17.52,300,
10:02:20,17.52,300,
10:02:20,17.52,200,
10:02:20,17.52,100,
10:02:20,17.52,400,
10:02:20,17.52,600,
10:02:20,17.52,100,
10:02:20,17.52,100,
10:02:20,17.53,24900,
10:02:20,17.52,100,
10:02:21,17.52,100,
10:02:23,17.53,300,
10:02:23,17.53,200,
10:02:23,17.53,600,
10:02:23,17.529,2500,
10:02:24,17.52,200,
10:02:24,17.52,500,
10:02:24,17.52,300,
10:02:24,17.52,100,
10:02:24,17.52,400,
10:02:26,17.519,1000,
10:02:27,17.5101,2000,
10:02:28,17.51,600,
10:02:29,17.52,7103,
10:02:32,17.51,200,
10:02:32,17.51,100,
10:02:33,17.52,100,
10:02:38,17.518,1000,
10:02:39,17.509,200,
10:02:39,17.51,200,
10:02:40,17.5189,300,
10:02:40,17.52,200,
10:02:42,17.51,1300,
10:02:43,17.5128,1000,
10:02:43,17.51,100,
10:02:44,17.50,400,
10:02:44,17.51,600,
10:02:44,17.51,200,
10:02:44,17.51,300,
10:02:44,17.51,1900,
10:02:44,17.51,400,
10:02:44,17.50,4100,
10:02:45,17.51,200,
10:02:47,17.51,100,
10:02:48,17.519,400,
10:02:49,17.51,800,
10:02:49,17.51,275,
10:02:49,17.51,175,
10:02:50,17.51,100,
10:02:53,17.509,100,
10:02:56,17.50,200,
10:02:58,17.51,351,
10:02:59,17.518,200,
10:03:02,17.509,100,
10:03:07,17.50,300,
10:03:07,17.50,3000,
10:03:08,17.49,100,
10:03:08,17.49,1000,
10:03:09,17.49,100,
10:03:10,17.49,1100,
10:03:10,17.4894,300,
10:03:13,17.48,200,
10:03:13,17.49,100,
10:03:15,17.48,100,
10:03:16,17.48,300,
10:03:16,17.47,200,
10:03:20,17.4825,4100,
10:03:23,17.482,200,
10:03:23,17.49,7100,
10:03:25,17.49,100,
10:03:25,17.4899,100,
10:03:25,17.49,100,
10:03:27,17.48,100,
10:03:27,17.48,200,
10:03:27,17.49,300,
10:03:27,17.49,200,
10:03:27,17.49,200,
10:03:29,17.488,1000,
10:03:32,17.489,3300,
10:03:33,17.489,300,
10:03:37,17.48,100,
10:03:37,17.48,100,
10:03:37,17.48,400,
10:03:37,17.48,100,
10:03:37,17.48,100,
10:03:37,17.48,300,
10:03:37,17.48,1000,
10:03:37,17.47,100,
10:03:37,17.47,100,
10:03:37,17.48,700,
10:03:37,17.47,100,
10:03:37,17.47,200,
10:03:39,17.479,3000,
10:03:40,17.47,300,
10:03:41,17.46,500,
10:03:41,17.4551,2000,
10:03:41,17.48,1100,
10:03:42,17.4501,6000,
10:03:42,17.459,1300,
10:03:42,17.46,400,
10:03:43,17.46,400,
10:03:43,17.46,400,
10:03:43,17.46,200,
10:03:43,17.46,100,
10:03:43,17.46,200,
10:03:43,17.46,400,
10:03:43,17.46,100,
10:03:43,17.46,100,
10:03:43,17.46,200,
10:03:44,17.45,500,
10:03:45,17.469,300,
10:03:47,17.47,100,
10:03:47,17.47,100,
10:03:47,17.47,200,
10:03:47,17.47,600,
10:03:47,17.469,300,
10:03:47,17.469,300,
10:03:48,17.469,800,
10:03:48,17.47,100,
10:03:48,17.47,100,
10:03:48,17.47,100,
10:03:48,17.47,200,
10:03:48,17.47,500,
10:03:48,17.46,600,
10:03:48,17.46,100,
10:03:48,17.46,200,
10:03:50,17.462,1500,
10:03:52,17.469,300,
10:03:53,17.468,1000,
10:03:56,17.46,100,
10:03:56,17.46,100,
10:03:59,17.461,300,
10:03:59,17.4698,300,
10:03:59,17.47,200,
10:04:04,17.46,300,
10:04:04,17.45,400,
10:04:05,17.458,700,
10:04:06,17.44,200,
10:04:06,17.44,100,
10:04:07,17.45,100,
10:04:08,17.43,200,
10:04:09,17.44,100,
10:04:09,17.44,100,
10:04:09,17.44,200,
10:04:09,17.44,200,
10:04:09,17.44,300,
10:04:09,17.44,400,
10:04:09,17.44,100,
10:04:10,17.44,400,
10:04:11,17.43,100,
10:04:11,17.43,100,
10:04:11,17.43,100,
10:04:11,17.43,200,
10:04:11,17.441,4000,
10:04:14,17.43,600,
10:04:14,17.43,650,
10:04:14,17.43,500,
10:04:15,17.42,100,
10:04:15,17.42,100,
10:04:16,17.43,100,
10:04:16,17.4272,300,
10:04:17,17.43,100,
10:04:18,17.4328,500,
10:04:22,17.44,200,
10:04:22,17.43,1400,
10:04:23,17.43,200,
10:04:23,17.432,200,
10:04:24,17.43,100,
10:04:25,17.43,300,
10:04:26,17.43,500,
10:04:29,17.43,100,
10:04:29,17.43,100,
10:04:29,17.44,100,
10:04:29,17.44,200,
10:04:29,17.44,100,
10:04:30,17.45,200,
10:04:30,17.45,400,
10:04:30,17.45,1000,
10:04:30,17.45,100,
10:04:30,17.45,200,
10:04:32,17.44,100,
10:04:32,17.43,200,
10:04:33,17.45,100,
10:04:33,17.44,200,
10:04:33,17.44,100,
10:04:36,17.45,200,
10:04:36,17.45,400,
10:04:36,17.45,200,
10:04:36,17.45,800,
10:04:36,17.45,200,
10:04:36,17.45,200,
10:04:36,17.45,200,
10:04:37,17.46,4401,
10:04:38,17.44,200,
10:04:38,17.44,200,
10:04:38,17.448,1000,
10:04:39,17.45,200,
10:04:41,17.4401,500,
10:04:41,17.45,100,
10:04:48,17.44,300,
10:04:49,17.4495,1000,
10:04:49,17.4418,1000,
10:04:50,17.43,100,
10:04:51,17.45,1000,
10:04:53,17.42,100,
10:04:53,17.42,200,
10:04:55,17.429,1200,
10:04:56,17.429,600,
10:04:57,17.42,200,
10:04:57,17.42,200,
10:04:57,17.42,300,
10:04:57,17.419,200,
10:04:59,17.4299,2000,
10:05:00,17.421,200,
10:05:00,17.43,100,
10:05:00,17.44,100,
10:05:00,17.43,600,
10:05:01,17.43,300,
10:05:02,17.428,1000,
10:05:04,17.44,100,
10:05:05,17.45,100,
10:05:05,17.45,1400,
10:05:05,17.439,100,
10:05:06,17.459,600,
10:05:06,17.449,500,
10:05:08,17.46,100,
10:05:08,17.47,100,
10:05:08,17.47,100,
10:05:08,17.47,701,
10:05:08,17.47,100,
10:05:09,17.45,10000,
10:05:09,17.479,200,
10:05:12,17.48,200,
10:05:12,17.48,514,
10:05:12,17.47,100,
10:05:12,17.47,200,
10:05:12,17.47,400,
10:05:12,17.47,200,
10:05:12,17.47,600,
10:05:12,17.48,200,
10:05:12,17.47,100,
10:05:12,17.47,100,
10:05:12,17.47,100,
10:05:12,17.48,195,
10:05:12,17.48,1499,
10:05:13,17.49,100,
10:05:15,17.492,1000,
10:05:18,17.492,1000,
10:05:19,17.49,100,
10:05:19,17.49,1200,
10:05:21,17.4825,3800,
10:05:23,17.48,100,
10:05:23,17.48,100,
10:05:25,17.49,200,
10:05:25,17.49,200,
10:05:25,17.49,300,
10:05:25,17.50,100,
10:05:25,17.5099,800,
10:05:26,17.51,200,
10:05:26,17.51,200,
10:05:26,17.51,400,
10:05:26,17.51,300,
10:05:30,17.511,1000,
10:05:30,17.5195,115,
10:05:30,17.5195,1200,
10:05:32,17.519,1000,
10:05:34,17.51,200,
10:05:34,17.51,400,
10:05:34,17.51,500,
10:05:34,17.51,800,
10:05:34,17.51,1100,
10:05:34,17.51,200,
10:05:34,17.51,100,
10:05:34,17.51,1100,
10:05:35,17.5199,500,
10:05:35,17.51,1000,
10:05:35,17.51,100,
10:05:35,17.51,700,
10:05:35,17.51,800,
10:05:35,17.49,800,
10:05:35,17.49,200,
10:05:35,17.50,200,
10:05:35,17.50,200,
10:05:36,17.50,200,
10:05:36,17.51,400,
10:05:37,17.50,200,
10:05:39,17.50,200,
10:05:41,17.5099,591,
10:05:44,17.5072,1600,
10:05:47,17.51,100,
10:05:48,17.51,200,
10:05:48,17.51,100,
10:05:48,17.51,200,
10:05:50,17.51,100,
10:05:50,17.50,100,
10:05:51,17.5095,115,
10:05:52,17.51,700,
10:05:53,17.52,200,
10:05:53,17.52,200,
10:05:53,17.52,100,
10:05:53,17.52,400,
10:05:53,17.52,1239,
10:05:53,17.52,6200,
10:05:53,17.52,4200,
10:05:53,17.52,1000,
10:05:53,17.52,1000,
10:05:54,17.53,200,
10:05:54,17.53,400,
10:05:56,17.5382,500,
10:05:57,17.54,5000,
10:05:57,17.53,150,
10:05:57,17.5395,500,
10:05:58,17.53,100,
10:05:58,17.53,200,
10:05:58,17.53,200,
10:05:58,17.53,300,
10:05:58,17.53,200,
10:05:58,17.53,200,
10:05:58,17.53,100,
10:05:58,17.53,200,
10:05:58,17.53,200,
10:05:58,17.53,700,
10:05:58,17.53,200,
10:05:59,17.5399,1200,
10:06:00,17.53,100,
10:06:00,17.53,100,
10:06:01,17.54,100,
10:06:01,17.55,100,
10:06:02,17.54,200,
10:06:04,17.54,800,
10:06:07,17.54,100,
10:06:07,17.54,300,
10:06:07,17.5399,2000,
10:06:08,17.54,302,
10:06:08,17.54,200,
10:06:08,17.533,200,
10:06:08,17.5489,400,
10:06:08,17.54,200,
10:06:10,17.53,400,
10:06:10,17.53,100,
10:06:10,17.54,100,
10:06:10,17.53,200,
10:06:10,17.53,1700,
10:06:10,17.53,1600,
10:06:10,17.54,300,
10:06:10,17.54,200,
10:06:10,17.54,200,
10:06:10,17.54,2600,
10:06:10,17.53,250,
10:06:10,17.53,200,
10:06:11,17.54,200,
10:06:12,17.54,100,
10:06:12,17.54,200,
10:06:12,17.54,400,
10:06:12,17.54,400,
10:06:12,17.54,100,
10:06:13,17.5315,2000,
10:06:15,17.53,200,
10:06:15,17.533,100,
10:06:16,17.54,200,
10:06:16,17.5399,2000,
10:06:16,17.54,100,
10:06:18,17.54,200,
10:06:18,17.54,200,
10:06:18,17.54,200,
10:06:18,17.539,200,
10:06:18,17.55,100,
10:06:18,17.55,300,
10:06:18,17.55,600,
10:06:18,17.55,200,
10:06:20,17.5425,3000,
10:06:21,17.5418,900,
10:06:23,17.54,100,
10:06:23,17.5472,600,
10:06:25,17.5499,300,
10:06:25,17.54,200,
10:06:25,17.54,100,
10:06:25,17.53,400,
10:06:26,17.53,300,
10:06:26,17.53,400,
10:06:27,17.528,250,
10:06:27,17.52,200,
10:06:27,17.52,200,
10:06:29,17.5199,900,
10:06:32,17.52,300,
10:06:32,17.52,100,
10:06:37,17.5288,100,
10:06:37,17.5301,1000,
10:06:41,17.531,3000,
10:06:43,17.531,1500,
10:06:45,17.53,6100,
10:06:45,17.531,500,
10:06:46,17.54,100,
10:06:47,17.54,200,
10:06:47,17.54,390,
10:06:47,17.54,410,
10:06:48,17.54,400,
10:06:48,17.54,100,
10:06:52,17.54,100,
10:06:54,17.53,200,
10:07:03,17.54,308,
10:07:08,17.54,200,
10:07:15,17.546,796,
10:07:16,17.54,100,
10:07:18,17.55,200,
10:07:19,17.55,100,
10:07:19,17.55,200,
10:07:19,17.55,100,
10:07:19,17.55,100,
10:07:19,17.55,168,
10:07:21,17.55,200,
10:07:21,17.56,300,
10:07:21,17.56,100,
10:07:21,17.57,200,
10:07:21,17.56,1600,
10:07:22,17.57,100,
10:07:24,17.56,100,
10:07:29,17.5618,1500,
10:07:33,17.57,100,
10:07:35,17.5799,1000,
10:07:41,17.57,200,
10:07:41,17.57,400,
10:07:42,17.577,135,
10:07:42,17.57,600,
10:07:45,17.57,1000,
10:07:45,17.57,2400,
10:07:45,17.56,300,
10:07:45,17.56,100,
10:07:45,17.57,100,
10:07:46,17.57,200,
10:07:48,17.58,100,
10:07:48,17.578,500,
10:07:48,17.57,100,
10:07:48,17.57,100,
10:07:49,17.57,600,
10:07:49,17.56,300,
10:07:49,17.57,300,
10:07:49,17.57,600,
10:07:49,17.56,600,
10:07:49,17.56,200,
10:07:49,17.56,300,
10:07:49,17.56,300,
10:07:49,17.56,100,
10:07:49,17.57,100,
10:07:49,17.57,840,
10:07:49,17.57,200,
10:07:49,17.57,560,
10:07:50,17.56,200,
10:07:50,17.56,200,
10:07:50,17.56,200,
10:07:53,17.56,100,
10:07:54,17.551,2600,
10:07:54,17.55,400,
10:07:59,17.553,166,
10:07:59,17.56,100,
10:07:59,17.56,200,
10:08:00,17.56,100,
10:08:00,17.56,700,
10:08:00,17.56,200,
10:08:00,17.5675,5000,
10:08:01,17.56,200,
10:08:02,17.56,300,
10:08:04,17.5601,200,
10:08:05,17.56,100,
10:08:05,17.57,200,
10:08:05,17.57,100,
10:08:05,17.57,400,
10:08:05,17.58,200,
10:08:05,17.58,300,
10:08:05,17.58,200,
10:08:05,17.58,200,
10:08:05,17.58,100,
10:08:05,17.58,200,
10:08:05,17.58,200,
10:08:05,17.58,300,
10:08:05,17.58,200,
10:08:05,17.58,200,
10:08:05,17.58,200,
10:08:05,17.59,101,
10:08:05,17.59,200,
10:08:06,17.59,200,
10:08:07,17.5805,500,
10:08:08,17.589,400,
10:08:09,17.5872,500,
10:08:14,17.589,700,
10:08:14,17.587,100,
10:08:15,17.59,900,
10:08:15,17.59,700,
10:08:15,17.5905,1000,
10:08:17,17.59,400,
10:08:17,17.59,200,
10:08:19,17.58,500,
10:08:19,17.58,300,
10:08:19,17.58,198,
10:08:19,17.58,101,
10:08:19,17.58,100,
10:08:19,17.58,200,
10:08:19,17.59,100,
10:08:19,17.59,100,
10:08:19,17.58,200,
10:08:19,17.58,200,
10:08:19,17.58,1600,
10:08:20,17.59,200,
10:08:20,17.59,100,
10:08:20,17.59,200,
10:08:20,17.59,100,
10:08:20,17.59,100,
10:08:20,17.59,1600,
10:08:20,17.59,2400,
10:08:20,17.60,616,
10:08:20,17.59,100,
10:08:20,17.59,1284,
10:08:20,17.60,100,
10:08:20,17.60,116,
10:08:20,17.60,400,
10:08:20,17.60,100,
10:08:21,17.599,200,
10:08:21,17.599,300,
10:08:21,17.599,700,
10:08:21,17.60,300,
10:08:21,17.60,200,
10:08:21,17.60,100,
10:08:21,17.599,100,
10:08:22,17.60,500,
10:08:22,17.60,500,
10:08:22,17.60,100,
10:08:22,17.60,200,
10:08:22,17.60,400,
10:08:22,17.60,400,
10:08:22,17.59,700,
10:08:24,17.59,200,
10:08:26,17.59,4000,
10:08:27,17.598,1000,
10:08:28,17.598,600,
10:08:29,17.598,800,
10:08:29,17.5918,250,
10:08:30,17.59,100,
10:08:30,17.59,100,
10:08:35,17.59,200,
10:08:37,17.5999,10000,
10:08:38,17.60,500,
10:08:38,17.60,400,
10:08:38,17.61,200,
10:08:38,17.60,200,
10:08:38,17.60,900,
10:08:38,17.60,700,
10:08:38,17.609,100,
10:08:39,17.608,1000,
10:08:40,17.6001,1250,
10:08:41,17.6099,300,
10:08:46,17.602,450,
10:08:47,17.605,400,
10:08:48,17.59,100,
10:08:48,17.59,200,
10:08:48,17.59,300,
10:08:48,17.59,200,
10:08:48,17.5999,1000,
10:08:48,17.59,200,
10:08:48,17.59,150,
10:08:48,17.59,150,
10:08:48,17.59,150,
10:08:48,17.59,950,
10:08:48,17.59,200,
10:08:49,17.5905,500,
10:08:52,17.59,100,
10:08:54,17.60,300,
10:08:55,17.5999,590,
10:08:59,17.60,100,
10:08:59,17.6001,300,
10:09:03,17.60,600,
10:09:05,17.5901,4000,
10:09:09,17.597,200,
10:09:09,17.58,100,
10:09:09,17.58,300,
10:09:09,17.58,1100,
10:09:09,17.58,400,
10:09:09,17.58,200,
10:09:10,17.58,200,
10:09:10,17.58,800,
10:09:10,17.58,200,
10:09:11,17.58,200,
10:09:11,17.58,200,
10:09:12,17.5705,1200,
10:09:15,17.58,200,
10:09:15,17.58,100,
10:09:16,17.578,500,
10:09:16,17.5701,2000,
10:09:17,17.58,10000,
10:09:20,17.58,100,
10:09:20,17.59,1599,
10:09:20,17.59,400,
10:09:20,17.59,100,
10:09:20,17.58,600,
10:09:20,17.58,200,
10:09:20,17.58,101,
10:09:20,17.59,100,
10:09:21,17.59,200,
10:09:21,17.59,300,
10:09:23,17.5899,400,
10:09:24,17.582,1000,
10:09:24,17.58,100,
10:09:24,17.58,200,
10:09:24,17.58,200,
10:09:25,17.57,200,
10:09:25,17.57,200,
10:09:32,17.57,500,
10:09:32,17.57,100,
10:09:32,17.57,100,
10:09:33,17.55,100,
10:09:33,17.55,400,
10:09:34,17.56,200,
10:09:34,17.56,100,
10:09:36,17.56,3000,
10:09:38,17.56,100,
10:09:42,17.57,200,
10:09:42,17.57,200,
10:09:42,17.58,600,
10:09:42,17.58,300,
10:09:42,17.58,200,
10:09:42,17.58,100,
10:09:42,17.58,200,
10:09:42,17.57,600,
10:09:42,17.57,300,
10:09:45,17.58,200,
10:09:45,17.58,100,
10:09:45,17.587,100,
10:09:46,17.59,200,
10:09:47,17.58,100,
10:09:47,17.58,300,
10:09:50,17.58,100,
10:09:50,17.57,900,
10:09:50,17.57,100,
10:09:50,17.57,300,
10:09:50,17.57,100,
10:09:50,17.56,100,
10:09:50,17.56,300,
10:09:51,17.57,200,
10:09:52,17.58,100,
10:09:55,17.58,500,
10:09:55,17.58,600,
10:09:55,17.58,200,
10:09:55,17.58,200,
10:09:55,17.58,300,
10:09:55,17.58,100,
10:09:55,17.58,400,
10:09:55,17.58,200,
10:09:56,17.58,200,
10:09:56,17.58,300,
10:09:56,17.58,1200,
10:09:57,17.59,2600,
10:09:57,17.59,100,
10:09:57,17.59,200,
10:09:57,17.59,200,
10:09:57,17.59,300,
10:09:58,17.58,100,
10:09:58,17.58,200,
10:09:58,17.58,200,
10:09:58,17.58,100,
10:10:00,17.5728,1000,
10:10:01,17.57,10000,
10:10:04,17.58,200,
10:10:04,17.58,100,
10:10:06,17.59,600,
10:10:09,17.59,300,
10:10:15,17.58,100,
10:10:15,17.58,100,
10:10:15,17.58,500,
10:10:18,17.578,1000,
10:10:20,17.58,100,
10:10:21,17.5801,500,
10:10:21,17.581,200,
10:10:21,17.585,300,
10:10:21,17.589,1700,
10:10:22,17.59,200,
10:10:22,17.59,200,
10:10:22,17.59,600,
10:10:22,17.59,100,
10:10:22,17.59,500,
10:10:24,17.60,500,
10:10:25,17.61,122,
10:10:25,17.61,700,
10:10:25,17.62,677,
10:10:26,17.61,100,
10:10:26,17.61,500,
10:10:27,17.61,300,
10:10:27,17.61,100,
10:10:28,17.62,100,
10:10:29,17.6201,100,
10:10:30,17.609,3000,
10:10:30,17.628,400,
10:10:30,17.629,600,
10:10:31,17.62,100,
10:10:31,17.62,100,
10:10:31,17.63,200,
10:10:31,17.63,300,
10:10:32,17.64,100,
10:10:32,17.63,200,
10:10:32,17.63,2000,
10:10:32,17.63,120,
10:10:33,17.628,1000,
10:10:36,17.63,200,
10:10:36,17.63,400,
10:10:37,17.632,500,
10:10:37,17.6201,300,
10:10:38,17.6299,300,
10:10:39,17.6289,700,
10:10:40,17.6282,1500,
10:10:41,17.63,200,
10:10:43,17.65,300,
10:10:44,17.65,400,
10:10:44,17.65,142,
10:10:45,17.64,100,
10:10:45,17.63,100,
10:10:45,17.63,200,
10:10:46,17.6399,1450,
10:10:48,17.638,1000,
10:10:49,17.63,200,
10:10:49,17.63,900,
10:10:49,17.63,3000,
10:10:51,17.638,1000,
10:10:53,17.6499,2000,
10:10:54,17.6325,2000,
10:10:56,17.65,300,
10:10:56,17.66,100,
10:10:56,17.66,100,
10:10:56,17.66,200,
10:10:56,17.66,585,
10:10:56,17.66,600,
10:10:56,17.66,665,
10:10:56,17.66,100,
10:10:56,17.66,200,
10:10:57,17.66,650,
10:10:57,17.66,200,
10:10:57,17.66,100,
10:10:57,17.66,300,
10:10:57,17.66,100,
10:10:57,17.66,200,
10:10:57,17.66,400,
10:10:57,17.67,300,
10:10:57,17.66,300,
10:10:57,17.66,200,
10:10:58,17.68,6930,
10:10:58,17.68,600,
10:10:58,17.67,400,
10:10:58,17.67,100,
10:10:58,17.67,200,
10:10:59,17.69,400,
10:10:59,17.69,400,
10:10:59,17.68,100,
10:10:59,17.69,200,
10:10:59,17.69,1700,
10:10:59,17.69,300,
10:10:59,17.69,200,
10:10:59,17.69,400,
10:10:59,17.69,3549,
10:10:59,17.69,200,
10:10:59,17.68,100,
10:10:59,17.69,600,
10:10:59,17.68,200,
10:10:59,17.69,200,
10:10:59,17.68,200,
10:10:59,17.69,100,
10:10:59,17.68,200,
10:10:59,17.68,123,
10:10:59,17.68,400,
10:10:59,17.69,700,
10:10:59,17.68,300,
10:10:59,17.68,100,
10:10:59,17.68,200,
10:10:59,17.68,500,
10:11:00,17.6799,2000,
10:11:00,17.68,400,
10:11:00,17.68,200,
10:11:00,17.68,100,
10:11:01,17.68,200,
10:11:01,17.68,300,
10:11:01,17.68,200,
10:11:01,17.68,300,
10:11:01,17.68,100,
10:11:03,17.681,2000,
10:11:03,17.69,500,
10:11:04,17.69,400,
10:11:04,17.69,400,
10:11:04,17.68,100,
10:11:04,17.68,200,
10:11:06,17.69,200,
10:11:06,17.69,200,
10:11:07,17.70,1000,
10:11:09,17.70,600,
10:11:09,17.70,400,
10:11:09,17.70,700,
10:11:09,17.70,700,
10:11:09,17.70,900,
10:11:09,17.70,700,
10:11:09,17.70,100,
10:11:09,17.70,100,
10:11:09,17.70,200,
10:11:09,17.70,200,
10:11:09,17.698,1000,
10:11:09,17.697,200,
10:11:09,17.70,278,
10:11:09,17.70,1100,
10:11:12,17.699,3100,
10:11:12,17.699,200,
10:11:13,17.70,100,
10:11:14,17.70,100,
10:11:14,17.70,100,
10:11:15,17.71,100,
10:11:17,17.71,100,
10:11:17,17.71,100,
10:11:17,17.72,400,
10:11:17,17.72,200,
10:11:17,17.72,200,
10:11:17,17.72,400,
10:11:18,17.72,100,
10:11:18,17.708,400,
10:11:20,17.729,200,
10:11:20,17.729,300,
10:11:21,17.73,200,
10:11:21,17.74,800,
10:11:21,17.74,100,
10:11:21,17.74,100,
10:11:21,17.73,100,
10:11:21,17.73,100,
10:11:21,17.73,100,
10:11:21,17.74,1000,
10:11:22,17.73,1000,
10:11:22,17.7399,100,
10:11:23,17.73,200,
10:11:23,17.72,200,
10:11:23,17.729,2100,
10:11:24,17.731,350,
10:11:24,17.729,1200,
10:11:25,17.73,300,
10:11:25,17.73,200,
10:11:25,17.73,100,
10:11:27,17.7299,2000,
10:11:28,17.72,100,
10:11:28,17.72,400,
10:11:29,17.72,100,
10:11:29,17.7211,100,
10:11:31,17.71,346,
10:11:31,17.7101,350,
10:11:32,17.71,100,
10:11:35,17.71,100,
10:11:35,17.7105,1030,
10:11:35,17.719,100,
10:11:36,17.72,100,
10:11:37,17.7199,3000,
10:11:37,17.72,200,
10:11:37,17.718,300,
10:11:38,17.719,200,
10:11:39,17.719,200,
10:11:41,17.71,100,
10:11:42,17.70,200,
10:11:42,17.70,100,
10:11:42,17.70,100,
10:11:42,17.69,200,
10:11:42,17.70,100,
10:11:42,17.70,200,
10:11:42,17.70,500,
10:11:42,17.70,300,
10:11:42,17.70,300,
10:11:42,17.70,100,
10:11:42,17.70,200,
10:11:42,17.70,300,
10:11:42,17.70,300,
10:11:42,17.70,200,
10:11:42,17.70,100,
10:11:42,17.70,300,
10:11:42,17.70,200,
10:11:42,17.70,300,
10:11:42,17.70,300,
10:11:43,17.70,300,
10:11:44,17.6999,1000,
10:11:45,17.70,200,
10:11:45,17.70,200,
10:11:45,17.70,100,
10:11:48,17.6999,200,
10:11:50,17.69,300,
10:11:50,17.699,100,
10:11:51,17.699,100,
10:11:52,17.70,600,
10:11:52,17.70,800,
10:11:53,17.70,200,
10:11:53,17.70,200,
10:11:53,17.70,100,
10:11:53,17.7001,1700,
10:11:53,17.70,100,
10:11:54,17.70,200,
10:11:54,17.7001,200,
10:11:54,17.70,100,
10:11:54,17.7099,1600,
10:11:55,17.71,300,
10:11:55,17.71,200,
10:11:55,17.70,100,
10:11:55,17.70,200,
10:11:55,17.7001,200,
10:11:55,17.7018,1300,
10:11:55,17.7001,100,
10:11:55,17.7099,350,
10:12:00,17.7001,500,
10:12:00,17.72,1800,
10:12:00,17.71,300,
10:12:00,17.70,200,
10:12:03,17.7001,2000,
10:12:03,17.71,200,
10:12:04,17.702,500,
10:12:05,17.70,200,
10:12:05,17.70,200,
10:12:05,17.70,100,
10:12:05,17.70,100,
10:12:05,17.705,300,
10:12:06,17.70,200,
10:12:06,17.70,1700,
10:12:12,17.71,800,
10:12:12,17.7099,500,
10:12:12,17.71,100,
10:12:12,17.71,600,
10:12:12,17.708,1500,
10:12:13,17.70,200,
10:12:13,17.70,200,
10:12:13,17.70,200,
10:12:13,17.70,500,
10:12:13,17.71,100,
10:12:15,17.70,3000,
10:12:15,17.70,200,
10:12:18,17.70,900,
10:12:19,17.70,200,
10:12:20,17.70,200,
10:12:20,17.6999,500,
10:12:22,17.6982,1550,
10:12:23,17.6999,1000,
10:12:25,17.70,100,
10:12:25,17.70,200,
10:12:25,17.7018,1500,
10:12:26,17.70,200,
10:12:27,17.70,200,
10:12:27,17.70,200,
10:12:27,17.70,400,
10:12:27,17.70,700,
10:12:27,17.70,200,
10:12:27,17.70,100,
10:12:27,17.6982,1000,
10:12:29,17.70,200,
10:12:29,17.6915,3000,
10:12:32,17.70,352,
10:12:32,17.70,600,
10:12:32,17.71,6005,
10:12:33,17.691,6000,
10:12:36,17.70,100,
10:12:36,17.70,165,
10:12:39,17.7028,1400,
10:12:40,17.7005,700,
10:12:41,17.70,100,
10:12:42,17.7072,1000,
10:12:42,17.70,100,
10:12:42,17.708,500,
10:12:43,17.68,200,
10:12:43,17.69,500,
10:12:43,17.692,1000,
10:12:43,17.69,200,
10:12:45,17.69,10000,
10:12:45,17.68,400,
10:12:46,17.687,100,
10:12:46,17.6701,850,
10:12:47,17.68,200,
10:12:47,17.68,700,
10:12:47,17.68,400,
10:12:47,17.68,700,
10:12:47,17.68,100,
10:12:47,17.69,100,
10:12:47,17.69,100,
10:12:47,17.69,200,
10:12:47,17.69,100,
10:12:47,17.68,200,
10:12:47,17.69,570,
10:12:47,17.69,300,
10:12:47,17.69,100,
10:12:47,17.69,600,
10:12:47,17.69,200,
10:12:48,17.70,100,
10:12:48,17.70,100,
10:12:48,17.70,100,
10:12:48,17.70,200,
10:12:48,17.70,100,
10:12:48,17.70,200,
10:12:49,17.71,600,
10:12:49,17.71,100,
10:12:49,17.72,100,
10:12:49,17.72,200,
10:12:49,17.73,300,
10:12:49,17.73,300,
10:12:49,17.73,100,
10:12:49,17.73,200,
10:12:49,17.73,100,
10:12:50,17.7372,500,
10:12:53,17.74,100,
10:12:53,17.74,100,
10:12:53,17.74,200,
10:12:53,17.74,180,
10:12:54,17.74,165,
10:12:54,17.74,200,
10:12:54,17.75,200,
10:12:55,17.75,100,
10:12:55,17.75,100,
10:12:55,17.75,300,
10:12:55,17.75,100,
10:12:55,17.74,100,
10:12:55,17.74,100,
10:12:56,17.75,100,
10:12:56,17.74,100,
10:12:57,17.742,500,
10:12:58,17.75,200,
10:13:00,17.7425,2000,
10:13:01,17.75,400,
10:13:02,17.7419,1200,
10:13:07,17.75,200,
10:13:08,17.75,1000,
10:13:09,17.76,600,
10:13:09,17.752,500,
10:13:10,17.748,500,
10:13:11,17.7401,4000,
10:13:13,17.7499,410,
10:13:13,17.7499,1000,
10:13:13,17.75,200,
10:13:15,17.748,200,
10:13:16,17.74,10000,
10:13:16,17.745,200,
10:13:16,17.745,500,
10:13:16,17.7485,200,
10:13:17,17.74,100,
10:13:20,17.7499,2000,
10:13:23,17.75,300,
10:13:24,17.7499,300,
10:13:25,17.75,200,
10:13:25,17.75,200,
10:13:25,17.75,200,
10:13:25,17.75,200,
10:13:25,17.7428,1258,
10:13:25,17.7499,820,
10:13:28,17.743,400,
10:13:29,17.749,100,
10:13:29,17.74,300,
10:13:29,17.74,200,
10:13:31,17.74,200,
10:13:32,17.7411,400,
10:13:34,17.74,200,
10:13:36,17.74,600,
10:13:38,17.74,100,
10:13:38,17.74,100,
10:13:42,17.73,400,
10:13:42,17.73,1200,
10:13:46,17.7201,2000,
10:13:51,17.72,100,
10:13:51,17.72,300,
10:13:51,17.7167,100,
10:13:54,17.72,100,
10:13:55,17.7218,500,
10:13:55,17.72,100,
10:13:55,17.7201,100,
10:13:58,17.71,200,
10:14:00,17.72,100,
10:14:00,17.72,100,
10:14:04,17.72,100,
10:14:07,17.72,200,
10:14:09,17.7289,1000,
10:14:12,17.728,100,
10:14:13,17.71,100,
10:14:13,17.7205,314,
10:14:14,17.70,1000,
10:14:14,17.70,300,
10:14:14,17.69,200,
10:14:14,17.69,100,
10:14:14,17.69,400,
10:14:14,17.70,200,
10:14:14,17.70,1000,
10:14:14,17.69,500,
10:14:14,17.69,100,
10:14:15,17.6982,600,
10:14:15,17.70,200,
10:14:16,17.6975,4550,
10:14:16,17.70,100,
10:14:16,17.70,200,
10:14:16,17.70,300,
10:14:16,17.70,100,
10:14:16,17.692,1800,
10:14:20,17.6972,1000,
10:14:21,17.7011,500,
10:14:24,17.7072,1500,
10:14:25,17.71,100,
10:14:25,17.71,200,
10:14:25,17.71,100,
10:14:25,17.71,200,
10:14:25,17.71,400,
10:14:25,17.71,200,
10:14:25,17.71,200,
10:14:25,17.71,865,
10:14:27,17.71,100,
10:14:27,17.71,100,
10:14:27,17.71,100,
10:14:27,17.71,100,
10:14:27,17.71,100,
10:14:27,17.71,600,
10:14:27,17.71,400,
10:14:28,17.71,200,
10:14:28,17.71,300,
10:14:30,17.72,200,
10:14:32,17.71,100,
10:14:36,17.702,1000,
10:14:37,17.70,100,
10:14:37,17.70,200,
10:14:40,17.71,200,
10:14:40,17.705,250,
10:14:41,17.7011,500,
10:14:41,17.7001,100,
10:14:42,17.71,600,
10:14:42,17.71,100,
10:14:42,17.71,400,
10:14:42,17.71,400,
10:14:42,17.71,600,
10:14:44,17.71,100,
10:14:44,17.71,100,
10:14:46,17.7005,600,
10:14:47,17.71,100,
10:14:47,17.7001,1000,
10:14:57,17.7072,1000,
10:15:00,17.6901,200,
10:15:01,17.692,1000,
10:15:01,17.70,800,
10:15:03,17.70,200,
10:15:03,17.70,100,
10:15:03,17.70,200,
10:15:06,17.6975,2000,
10:15:10,17.69,200,
10:15:10,17.69,200,
10:15:13,17.681,100,
10:15:14,17.69,100,
10:15:14,17.691,1600,
10:15:16,17.6975,3650,
10:15:16,17.68,9200,
10:15:16,17.69,100,
10:15:16,17.691,1500,
10:15:16,17.69,100,
10:15:17,17.69,100,
10:15:21,17.6901,400,
10:15:23,17.6999,100,
10:15:23,17.6999,200,
10:15:23,17.6999,400,
10:15:23,17.6999,1000,
10:15:23,17.70,400,
10:15:25,17.7018,960,
10:15:26,17.71,400,
10:15:26,17.71,100,
10:15:30,17.7028,935,
10:15:30,17.702,100,
10:15:33,17.71,2500,
10:15:34,17.709,2500,
10:15:35,17.70,100,
10:15:35,17.70,250,
10:15:37,17.708,1000,
10:15:40,17.701,475,
10:15:41,17.70,200,
10:15:42,17.7001,300,
10:15:44,17.70,100,
10:15:44,17.70,100,
10:15:45,17.70,100,
10:15:47,17.6901,2500,
10:15:49,17.69,100,
10:15:49,17.6918,1000,
10:15:49,17.6901,100,
10:15:52,17.681,1600,
10:15:53,17.68,200,
10:15:53,17.68,500,
10:15:55,17.68,1300,
10:15:55,17.67,6700,
10:16:00,17.68,200,
10:16:00,17.68,300,
10:16:00,17.68,200,
10:16:00,17.68,200,
10:16:03,17.67,200,
10:16:04,17.6728,1000,
10:16:10,17.6728,1500,
10:16:11,17.6601,300,
10:16:11,17.66,100,
10:16:11,17.66,600,
10:16:12,17.661,300,
10:16:12,17.661,300,
10:16:12,17.661,1500,
10:16:12,17.661,566,
10:16:18,17.661,1600,
10:16:18,17.661,1600,
10:16:18,17.66,100,
10:16:19,17.661,200,
10:16:19,17.661,1000,
10:16:19,17.6615,2000,
10:16:21,17.67,100,
10:16:22,17.67,400,
10:16:22,17.67,500,
10:16:22,17.67,400,
10:16:22,17.67,195,
10:16:22,17.67,200,
10:16:23,17.67,200,
10:16:23,17.67,200,
10:16:23,17.67,100,
10:16:27,17.6799,1000,
10:16:28,17.67,200,
10:16:29,17.6705,500,
10:16:32,17.671,200,
10:16:34,17.67,200,
10:16:34,17.67,100,
10:16:35,17.67,100,
10:16:35,17.6701,100,
10:16:35,17.67,900,
10:16:36,17.667,200,
10:16:37,17.67,200,
10:16:37,17.68,100,
10:16:41,17.6982,600,
10:16:41,17.6915,2400,
10:16:42,17.70,200,
10:16:42,17.70,100,
10:16:42,17.70,300,
10:16:45,17.69,900,
10:16:45,17.69,200,
10:16:45,17.69,200,
10:16:45,17.68,200,
10:16:45,17.68,800,
10:16:45,17.68,700,
10:16:45,17.69,200,
10:16:47,17.68,100,
10:16:54,17.67,200,
10:16:57,17.6728,500,
10:16:57,17.68,100,
10:17:01,17.688,500,
10:17:07,17.69,200,
10:17:12,17.6999,2000,
10:17:18,17.69,200,
10:17:18,17.69,600,
10:17:19,17.69,100,
10:17:20,17.69,500,
10:17:26,17.7099,300,
10:17:26,17.71,300,
10:17:26,17.7099,200,
10:17:26,17.71,200,
10:17:32,17.709,1000,
10:17:32,17.71,200,
10:17:34,17.71,1000,
10:17:37,17.707,250,
10:17:38,17.7075,1700,
10:17:42,17.7045,1100,
10:17:47,17.71,200,
10:17:47,17.71,300,
10:17:48,17.72,100,
10:17:48,17.71,200,
10:17:51,17.71,100,
10:17:54,17.71,600,
10:17:54,17.71,100,
10:17:54,17.71,600,
10:17:54,17.71,100,
10:17:54,17.71,200,
10:17:54,17.71,500,
10:17:54,17.71,100,
10:17:54,17.71,100,
10:17:54,17.71,200,
10:17:57,17.71,100,
10:17:57,17.71,100,
10:17:58,17.718,500,
10:17:58,17.71,200,
10:18:01,17.71,300,
10:18:01,17.7085,4400,
10:18:03,17.70,2800,
10:18:03,17.70,300,
10:18:03,17.70,200,
10:18:03,17.70,200,
10:18:03,17.6901,2000,
10:18:03,17.70,100,
10:18:03,17.70,300,
10:18:03,17.70,100,
10:18:03,17.71,100,
10:18:07,17.6999,110,
10:18:09,17.70,200,
10:18:09,17.69,100,
10:18:09,17.69,395,
10:18:09,17.68,200,
10:18:10,17.6985,400,
10:18:10,17.6849,5087,
10:18:16,17.69,100,
10:18:16,17.69,100,
10:18:16,17.69,100,
10:18:18,17.68,900,
10:18:18,17.68,100,
10:18:18,17.68,200,
10:18:25,17.68,400,
10:18:25,17.68,200,
10:18:26,17.681,300,
10:18:28,17.67,200,
10:18:28,17.67,200,
10:18:28,17.681,200,
10:18:28,17.681,1200,
10:18:30,17.67,200,
10:18:31,17.67,200,
10:18:31,17.679,300,
10:18:41,17.68,100,
10:18:45,17.67,100,
10:18:45,17.68,100,
10:18:45,17.68,400,
10:18:48,17.68,400,
10:18:51,17.6772,1180,
10:18:57,17.6605,1000,
10:18:58,17.65,100,
10:18:58,17.6401,500,
10:18:58,17.64,300,
10:18:58,17.64,300,
10:18:58,17.65,300,
10:18:58,17.651,1300,
10:18:59,17.64,4000,
10:18:59,17.66,100,
10:18:59,17.66,200,
10:19:00,17.6595,1000,
10:19:01,17.651,100,
10:19:02,17.65,100,
10:19:02,17.65,100,
10:19:02,17.6501,100,
10:19:03,17.65,1600,
10:19:04,17.651,600,
10:19:05,17.655,300,
10:19:05,17.651,400,
10:19:06,17.651,1000,
10:19:06,17.65,700,
10:19:10,17.652,500,
10:19:11,17.652,1000,
10:19:16,17.64,400,
10:19:17,17.641,500,
10:19:17,17.645,300,
10:19:19,17.6301,3000,
10:19:19,17.641,100,
10:19:19,17.631,400,
10:19:20,17.6318,1000,
10:19:23,17.64,200,
10:19:24,17.6401,100,
10:19:26,17.64,20000,
10:19:29,17.63,1008,
10:19:29,17.631,300,
10:19:31,17.631,1620,
10:19:32,17.64,100,
10:19:35,17.6399,100,
10:19:40,17.64,400,
10:19:40,17.64,100,
10:19:41,17.632,500,
10:19:41,17.63,300,
10:19:41,17.63,300,
10:19:42,17.62,100,
10:19:42,17.62,100,
10:19:42,17.62,800,
10:19:43,17.62,100,
10:19:43,17.61,1100,
10:19:43,17.613,100,
10:19:44,17.612,1200,
10:19:46,17.61,100,
10:19:46,17.6001,400,
10:19:46,17.613,100,
10:19:46,17.60,800,
10:19:46,17.60,100,
10:19:46,17.60,300,
10:19:46,17.60,100,
10:19:46,17.61,100,
10:19:46,17.61,100,
10:19:46,17.60,100,
10:19:46,17.60,100,
10:19:48,17.605,500,
10:19:49,17.602,1000,
10:19:50,17.60,100,
10:19:51,17.601,100,
10:19:52,17.60,1016,
10:19:52,17.60,524,
10:19:52,17.60,176,
10:19:52,17.59,1500,
10:19:52,17.59,400,
10:19:52,17.5901,500,
10:19:52,17.59,1600,
10:19:53,17.5901,100,
10:19:53,17.59,100,
10:19:54,17.5995,150,
10:19:54,17.59,200,
10:19:54,17.59,100,
10:19:54,17.5918,1000,
10:19:55,17.59,300,
10:19:55,17.59,200,
10:19:56,17.5918,1000,
10:19:56,17.5901,100,
10:19:56,17.59,100,
10:19:56,17.591,200,
10:19:56,17.60,100,
10:19:56,17.60,100,
10:19:56,17.60,100,
10:19:56,17.59,2000,
10:19:56,17.5901,700,
10:19:56,17.59,300,
10:19:57,17.5901,1000,
10:19:58,17.591,400,
10:20:00,17.60,200,
10:20:00,17.60,100,
10:20:00,17.60,700,
10:20:00,17.60,100,
10:20:00,17.60,100,
10:20:03,17.5801,4100,
10:20:03,17.58,300,
10:20:03,17.58,2000,
10:20:03,17.58,300,
10:20:03,17.58,1000,
10:20:04,17.5801,535,
10:20:05,17.58,1000,
10:20:08,17.58,211,
10:20:10,17.58,1000,
10:20:10,17.581,900,
10:20:11,17.5801,100,
10:20:11,17.58,100,
10:20:11,17.586,100,
10:20:11,17.58,1343,
10:20:11,17.59,100,
10:20:11,17.59,200,
10:20:11,17.59,100,
10:20:11,17.5899,500,
10:20:11,17.59,900,
10:20:12,17.59,100,
10:20:12,17.59,100,
10:20:13,17.59,100,
10:20:14,17.58,300,
10:20:14,17.58,1189,
10:20:20,17.58,1000,
10:20:21,17.5707,400,
10:20:22,17.571,300,
10:20:25,17.57,200,
10:20:25,17.57,200,
10:20:25,17.561,2000,
10:20:25,17.57,100,
10:20:27,17.561,100,
10:20:27,17.57,100,
10:20:28,17.57,100,
10:20:29,17.57,100,
10:20:30,17.57,200,
10:20:30,17.57,100,
10:20:38,17.56,130,
10:20:38,17.55,100,
10:20:38,17.56,100,
10:20:38,17.56,100,
10:20:38,17.56,324,
10:20:38,17.56,100,
10:20:38,17.56,100,
10:20:38,17.55,100,
10:20:38,17.55,100,
10:20:40,17.55,400,
10:20:41,17.551,1000,
10:20:41,17.5501,3100,
10:20:42,17.55,400,
10:20:42,17.55,100,
10:20:42,17.55,200,
10:20:43,17.551,800,
10:20:43,17.551,800,
10:20:44,17.56,100,
10:20:44,17.56,500,
10:20:44,17.56,300,
10:20:44,17.551,200,
10:20:44,17.56,200,
10:20:46,17.551,300,
10:20:47,17.561,100,
10:20:55,17.57,100,
10:20:55,17.58,12800,
10:21:04,17.571,300,
10:21:04,17.5799,200,
10:21:05,17.58,200,
10:21:05,17.58,400,
10:21:08,17.58,100,
10:21:08,17.58,100,
10:21:11,17.57,100,
10:21:16,17.578,1000,
10:21:17,17.58,100,
10:21:17,17.58,200,
10:21:19,17.5762,1000,
10:21:23,17.579,366,
10:21:29,17.56,200,
10:21:31,17.5699,1000,
10:21:32,17.5618,220,
10:21:39,17.59,100,
10:21:41,17.5999,639,
10:21:41,17.5999,1961,
10:21:43,17.5913,800,
10:21:43,17.5975,2000,
10:21:44,17.59,200,
10:21:44,17.59,100,
10:21:46,17.58,4100,
10:21:46,17.58,5900,
10:21:54,17.59,400,
10:21:54,17.59,200,
10:21:54,17.59,400,
10:21:54,17.59,800,
10:21:56,17.59,100,
10:22:06,17.59,300,
10:22:10,17.581,100,
10:22:16,17.59,100,
10:22:16,17.59,100,
10:22:17,17.591,400,
10:22:17,17.591,400,
10:22:19,17.598,1000,
10:22:23,17.59,300,
10:22:31,17.5995,1000,
10:22:37,17.60,24950,
10:22:43,17.59,200,
10:22:44,17.58,100,
10:22:50,17.58,100,
10:22:50,17.58,100,
10:22:53,17.5795,250,
10:23:01,17.578,1000,
10:23:06,17.57,100,
10:23:12,17.55,200,
10:23:12,17.55,800,
10:23:18,17.5599,1000,
10:23:21,17.55,300,
10:23:22,17.56,200,
10:23:22,17.551,650,
10:23:23,17.58,2000,
10:23:26,17.578,600,
10:23:34,17.56,300,
10:23:34,17.56,108,
10:23:40,17.572,500,
10:23:41,17.58,500,
10:23:41,17.58,100,
10:23:41,17.58,200,
10:23:41,17.58,200,
10:23:44,17.57,200,
10:23:49,17.58,200,
10:23:57,17.57,600,
10:23:58,17.5682,300,
10:24:02,17.57,100,
10:24:05,17.5672,1000,
10:24:11,17.5605,1000,
10:24:22,17.5801,200,
10:24:26,17.598,1800,
10:24:32,17.59,100,
10:24:32,17.59,400,
10:24:34,17.60,300,
10:24:36,17.60,200,
10:24:36,17.60,100,
10:24:36,17.60,200,
10:24:40,17.6099,400,
10:24:40,17.6099,300,
10:24:40,17.6099,300,
10:24:41,17.60,100,
10:24:41,17.60,400,
10:24:42,17.60,300,
10:24:44,17.60,100,
10:24:49,17.5999,1000,
10:24:52,17.60,200,
10:24:56,17.5999,1000,
10:24:57,17.60,400,
10:24:57,17.6099,500,
10:25:06,17.60,200,
10:25:11,17.61,100,
10:25:13,17.62,100,
10:25:17,17.62,300,
10:25:22,17.6295,1000,
10:25:23,17.62,132,
10:25:33,17.62,1000,
10:25:33,17.62,100,
10:25:34,17.62,300,
10:25:34,17.62,300,
10:25:38,17.62,200,
10:25:44,17.63,400,
10:25:44,17.63,100,
10:25:44,17.63,100,
10:25:44,17.63,300,
10:25:44,17.63,300,
10:25:44,17.63,300,
10:25:45,17.63,200,
10:25:45,17.64,200,
10:25:45,17.64,100,
10:25:45,17.64,200,
10:25:46,17.63,100,
10:25:50,17.63,200,
10:25:50,17.63,200,
10:25:51,17.6372,600,
10:25:54,17.63,100,
10:25:56,17.628,1000,
10:25:56,17.6299,1000,
10:26:05,17.628,1000,
10:26:08,17.63,500,
10:26:08,17.63,1000,
10:26:11,17.62,100,
10:26:22,17.6401,500,
10:26:22,17.65,16100,
10:26:22,17.64,150,
10:26:22,17.64,700,
10:26:22,17.64,2650,
10:26:22,17.64,100,
10:26:22,17.64,100,
10:26:24,17.64,100,
10:26:26,17.639,100,
10:26:28,17.639,300,
10:26:34,17.6299,600,
10:26:35,17.631,4200,
10:26:35,17.6399,1000,
10:26:39,17.6228,800,
10:26:47,17.6301,600,
10:26:48,17.64,200,
10:26:49,17.6399,2000,
10:26:54,17.65,400,
10:26:56,17.65,300,
10:26:56,17.66,2000,
10:26:56,17.648,1000,
10:26:59,17.658,1000,
10:27:02,17.6599,1000,
10:27:04,17.6599,2900,
10:27:05,17.658,500,
10:27:06,17.65,200,
10:27:06,17.65,100,
10:27:06,17.6501,500,
10:27:06,17.65,900,
10:27:06,17.65,100,
10:27:06,17.65,200,
10:27:06,17.65,400,
10:27:06,17.65,100,
10:27:07,17.65,100,
10:27:13,17.6499,1000,
10:27:17,17.6489,1200,
10:27:20,17.6501,200,
10:27:25,17.6575,2000,
10:27:26,17.66,100,
10:27:27,17.65,200,
10:27:28,17.6572,500,
10:27:32,17.66,200,
10:27:32,17.67,4306,
10:27:33,17.66,209,
10:27:36,17.66,400,
10:27:37,17.66,200,
10:27:45,17.6599,1000,
10:27:49,17.65,100,
10:27:55,17.64,200,
10:27:55,17.64,200,
10:28:02,17.64,1000,
10:28:06,17.64,1700,
10:28:06,17.6372,625,
10:28:09,17.64,100,
10:28:20,17.6499,200,
10:28:23,17.6482,1000,
10:28:26,17.6499,1000,
10:28:33,17.65,100,
10:28:34,17.64,200,
10:28:35,17.6389,300,
10:28:45,17.6375,2000,
10:28:51,17.64,100,
10:28:57,17.6428,503,
10:29:07,17.6499,500,
10:29:07,17.65,500,
10:29:07,17.65,600,
10:29:15,17.65,100,
10:29:15,17.66,300,
10:29:16,17.66,100,
10:29:18,17.66,1000,
10:29:18,17.66,2000,
10:29:32,17.6572,1000,
10:29:47,17.65,583,
10:29:52,17.64,450,
10:29:52,17.64,100,
10:29:52,17.64,500,
10:29:59,17.632,1000,
10:30:06,17.64,100,
10:30:06,17.64,100,
10:30:06,17.64,354,
10:30:06,17.64,146,
10:30:12,17.6499,200,
10:30:20,17.638,1000,
10:30:26,17.63,100,
10:30:27,17.63,100,
10:30:35,17.621,500,
10:30:39,17.627,400,
10:30:41,17.636,1000,
10:30:44,17.62,217,
10:30:46,17.6295,350,
10:30:48,17.62,200,
10:30:48,17.62,100,
10:30:49,17.63,130,
10:30:50,17.63,470,
10:30:52,17.63,200,
10:30:53,17.6295,500,
10:30:56,17.62,200,
10:31:03,17.62,100,
10:31:03,17.63,100,
10:31:10,17.63,300,
10:31:10,17.63,300,
10:31:10,17.63,600,
10:31:10,17.63,100,
10:31:10,17.63,100,
10:31:10,17.63,200,
10:31:10,17.63,400,
10:31:10,17.63,100,
10:31:10,17.63,100,
10:31:10,17.63,100,
10:31:11,17.63,200,
10:31:16,17.64,200,
10:31:21,17.65,200,
10:31:21,17.65,200,
10:31:21,17.65,400,
10:31:21,17.6499,1500,
10:31:27,17.6499,250,
10:31:34,17.6472,800,
10:31:44,17.659,3000,
10:31:45,17.66,1700,
10:31:45,17.66,400,
10:31:45,17.66,400,
10:31:45,17.66,100,
10:31:46,17.66,100,
10:31:46,17.66,100,
10:31:49,17.65,200,
10:31:49,17.6499,100,
10:31:49,17.6499,200,
10:31:53,17.649,100,
10:32:02,17.652,1800,
10:32:03,17.63,100,
10:32:03,17.623,163,
10:32:03,17.63,100,
10:32:04,17.64,200,
10:32:09,17.65,100,
10:32:12,17.65,100,
10:32:12,17.65,100,
10:32:12,17.65,100,
10:32:22,17.649,400,
10:32:22,17.649,500,
10:32:23,17.6412,300,
10:32:31,17.65,100,
10:32:31,17.65,100,
10:32:42,17.65,100,
10:32:43,17.6501,300,
10:32:43,17.6501,100,
10:32:46,17.6599,400,
10:32:47,17.66,200,
10:32:47,17.66,200,
10:32:47,17.66,300,
10:32:47,17.66,200,
10:32:47,17.66,100,
10:32:47,17.66,200,
10:32:47,17.67,400,
10:32:47,17.67,900,
10:32:47,17.67,100,
10:32:47,17.67,155,
10:32:49,17.66,300,
10:33:00,17.66,200,
10:33:02,17.658,500,
10:33:02,17.65,200,
10:33:07,17.65,100,
10:33:07,17.65,1100,
10:33:11,17.659,3000,
10:33:16,17.64,500,
10:33:16,17.64,100,
10:33:16,17.64,600,
10:33:16,17.64,593,
10:33:17,17.62,600,
10:33:17,17.63,300,
10:33:17,17.63,200,
10:33:17,17.63,200,
10:33:17,17.63,1500,
10:33:26,17.639,200,
10:33:26,17.639,200,
10:33:29,17.64,200,
10:33:32,17.63,100,
10:33:42,17.63,100,
10:33:50,17.63,500,
10:33:50,17.63,100,
10:34:01,17.62,200,
10:34:01,17.62,100,
10:34:01,17.62,100,
10:34:01,17.62,100,
10:34:01,17.62,200,
10:34:02,17.63,100,
10:34:02,17.63,200,
10:34:02,17.63,300,
10:34:02,17.63,100,
10:34:03,17.64,300,
10:34:03,17.64,300,
10:34:03,17.64,200,
10:34:03,17.64,100,
10:34:04,17.65,100,
10:34:07,17.65,200,
10:34:12,17.63,179,
10:34:12,17.63,482,
10:34:14,17.63,100,
10:34:14,17.63,300,
10:34:14,17.63,100,
10:34:16,17.62,100,
10:34:18,17.622,1000,
10:34:35,17.6218,308,
10:34:40,17.6301,2400,
10:34:43,17.64,800,
10:34:45,17.63,435,
10:34:50,17.64,100,
10:35:03,17.63,200,
10:35:37,17.659,100,
10:35:37,17.659,200,
10:35:48,17.652,400,
10:35:50,17.66,500,
10:35:51,17.67,100,
10:35:55,17.67,200,
10:36:08,17.662,900,
10:36:12,17.67,100,
10:36:13,17.67,200,
10:36:13,17.667,300,
10:36:20,17.6689,169,
10:36:26,17.68,100,
10:36:27,17.69,200,
10:36:27,17.68,100,
10:36:27,17.6801,500,
10:36:27,17.68,800,
10:36:28,17.69,100,
10:36:28,17.69,400,
10:36:28,17.69,100,
10:36:29,17.69,100,
10:36:29,17.698,1000,
10:36:32,17.69,100,
10:36:35,17.70,300,
10:36:38,17.70,800,
10:36:38,17.69,200,
10:36:39,17.70,300,
10:36:40,17.69,300,
10:36:40,17.688,1596,
10:36:45,17.69,300,
10:36:45,17.69,300,
10:36:45,17.69,200,
10:36:47,17.70,200,
10:36:50,17.70,100,
10:36:50,17.70,100,
10:36:50,17.70,400,
10:36:51,17.70,600,
10:36:51,17.70,300,
10:36:51,17.70,1000,
10:36:52,17.70,100,
10:36:52,17.70,100,
10:36:52,17.70,400,
10:36:53,17.70,200,
10:36:53,17.70,100,
10:36:57,17.6901,2000,
10:37:03,17.70,100,
10:37:05,17.71,100,
10:37:11,17.71,200,
10:37:11,17.72,100,
10:37:11,17.72,100,
10:37:11,17.71,400,
10:37:11,17.70,200,
10:37:14,17.7072,1550,
10:37:19,17.71,100,
10:37:19,17.71,200,
10:37:27,17.708,100,
10:37:28,17.71,100,
10:37:28,17.7199,600,
10:37:28,17.72,100,
10:37:35,17.71,100,
10:37:37,17.71,700,
10:37:40,17.7172,500,
10:37:42,17.72,100,
10:37:45,17.72,200,
10:37:47,17.72,100,
10:37:51,17.72,100,
10:37:52,17.72,2500,
10:37:52,17.72,200,
10:37:53,17.7199,500,
10:37:54,17.7189,100,
10:37:56,17.71,200,
10:37:57,17.71,200,
10:37:57,17.71,200,
10:37:57,17.71,1000,
10:37:57,17.71,600,
10:37:57,17.71,500,
10:38:02,17.71,100,
10:38:03,17.712,1000,
10:38:06,17.72,200,
10:38:06,17.72,200,
10:38:06,17.72,801,
10:38:06,17.72,200,
10:38:06,17.72,400,
10:38:06,17.72,199,
10:38:06,17.7175,4000,
10:38:07,17.72,100,
10:38:07,17.72,200,
10:38:09,17.72,100,
10:38:12,17.72,200,
10:38:12,17.7199,100,
10:38:27,17.711,5000,
10:38:28,17.72,1000,
10:38:30,17.712,400,
10:38:36,17.7072,800,
10:38:48,17.709,1400,
10:38:50,17.717,200,
10:38:51,17.7185,2600,
10:38:51,17.718,1600,
10:38:54,17.72,634,
10:38:55,17.717,150,
10:38:56,17.71,100,
10:39:01,17.71,1000,
10:39:01,17.71,600,
10:39:01,17.71,300,
10:39:08,17.7101,1000,
10:39:08,17.7101,1500,
10:39:09,17.712,600,
10:39:14,17.71,100,
10:39:24,17.72,800,
10:39:24,17.72,200,
10:39:24,17.72,300,
10:39:24,17.72,400,
10:39:34,17.71,200,
10:39:37,17.71,100,
10:39:37,17.71,100,
10:39:43,17.72,300,
10:39:43,17.72,300,
10:39:43,17.72,300,
10:39:43,17.72,300,
10:39:43,17.7101,100,
10:39:43,17.72,200,
10:40:04,17.7082,224,
10:40:11,17.7115,6000,
10:40:19,17.7272,1400,
10:40:20,17.73,100,
10:40:20,17.73,200,
10:40:20,17.73,299,
10:40:20,17.73,200,
10:40:20,17.73,200,
10:40:20,17.74,200,
10:40:22,17.74,100,
10:40:23,17.74,4000,
10:40:25,17.73,200,
10:40:25,17.73,100,
10:40:28,17.74,100,
10:40:42,17.722,500,
10:40:58,17.7272,1500,
10:41:00,17.7299,1000,
10:41:01,17.7199,1770,
10:41:04,17.71,400,
10:41:04,17.71,100,
10:41:04,17.71,100,
10:41:10,17.701,400,
10:41:13,17.705,300,
10:41:20,17.71,300,
10:41:20,17.71,200,
10:41:22,17.71,100,
10:41:33,17.71,500,
10:41:33,17.71,500,
10:41:36,17.7125,2000,
10:41:57,17.7001,300,
10:41:57,17.7001,1100,
10:41:57,17.7001,100,
10:41:57,17.70,900,
10:42:02,17.68,200,
10:42:02,17.6805,1000,
10:42:06,17.68,16600,
10:42:07,17.68,300,
10:42:07,17.69,300,
10:42:07,17.68,100,
10:42:07,17.68,100,
10:42:11,17.6982,1000,
10:42:12,17.70,400,
10:42:15,17.69,600,
10:42:17,17.69,400,
10:42:21,17.68,100,
10:42:24,17.682,1000,
10:42:25,17.67,200,
10:42:26,17.67,200,
10:42:26,17.67,200,
10:42:27,17.66,100,
10:42:27,17.66,311,
10:42:27,17.651,200,
10:42:29,17.66,300,
10:42:31,17.66,100,
10:42:31,17.6501,1200,
10:42:32,17.66,300,
10:42:32,17.66,700,
10:42:32,17.66,200,
10:42:32,17.66,800,
10:42:32,17.67,200,
10:42:33,17.67,200,
10:42:39,17.678,1000,
10:42:40,17.67,200,
10:42:40,17.68,600,
10:42:40,17.68,100,
10:42:40,17.68,200,
10:42:40,17.68,200,
10:42:40,17.6799,500,
10:42:40,17.68,100,
10:42:40,17.68,100,
10:42:51,17.66,1300,
10:42:55,17.66,100,
10:42:55,17.66,100,
10:42:55,17.66,200,
10:43:00,17.6511,300,
10:43:01,17.65,100,
10:43:05,17.66,100,
10:43:05,17.66,200,
10:43:07,17.66,500,
10:43:07,17.66,200,
10:43:07,17.66,200,
10:43:09,17.66,100,
10:43:20,17.67,200,
10:43:23,17.6615,2000,
10:43:23,17.67,100,
10:43:24,17.66,155,
10:43:27,17.66,200,
10:43:31,17.65,200,
10:43:36,17.6499,1000,
10:43:39,17.64,144,
10:43:39,17.64,200,
10:43:40,17.64,300,
10:43:40,17.63,200,
10:43:44,17.64,100,
10:43:44,17.64,1037,
10:43:47,17.65,100,
10:43:49,17.65,200,
10:43:51,17.64,2000,
10:43:58,17.6428,1000,
10:44:03,17.64,600,
10:44:03,17.64,200,
10:44:03,17.64,200,
10:44:09,17.63,100,
10:44:13,17.63,500,
10:44:13,17.63,500,
10:44:13,17.63,200,
10:44:13,17.62,200,
10:44:13,17.63,200,
10:44:14,17.63,100,
10:44:14,17.64,100,
10:44:15,17.62,1500,
10:44:20,17.65,400,
10:44:22,17.649,3100,
10:44:27,17.64,100,
10:44:31,17.64,100,
10:44:37,17.64,200,
10:44:44,17.64,200,
10:44:44,17.64,100,
10:44:55,17.64,100,
10:44:57,17.6301,100,
10:45:05,17.6399,700,
10:45:10,17.6372,600,
10:45:14,17.6301,3000,
10:45:22,17.63,200,
10:45:22,17.63,1132,
10:45:25,17.63,100,
10:45:26,17.64,2000,
10:45:31,17.63,200,
10:45:31,17.63,300,
10:45:34,17.63,100,
10:45:37,17.63,200,
10:45:37,17.63,100,
10:45:40,17.6218,500,
10:45:45,17.6201,4000,
10:45:53,17.6105,1500,
10:45:58,17.612,1000,
10:46:00,17.62,400,
10:46:00,17.62,100,
10:46:03,17.62,200,
10:46:08,17.6101,3000,
10:46:13,17.6118,1000,
10:46:14,17.61,100,
10:46:18,17.61,100,
10:46:21,17.61,100,
10:46:27,17.62,300,
10:46:27,17.62,200,
10:46:28,17.6201,3000,
10:46:41,17.6105,500,
10:46:43,17.61,200,
10:46:44,17.60,200,
10:46:46,17.6101,2000,
10:46:47,17.62,100,
10:46:50,17.62,100,
10:46:50,17.62,100,
10:46:53,17.63,100,
10:46:53,17.63,600,
10:46:53,17.63,200,
10:46:53,17.63,800,
10:46:53,17.63,4050,
10:46:59,17.6301,100,
10:47:06,17.6301,400,
10:47:06,17.63,144,
10:47:06,17.63,600,
10:47:06,17.63,200,
10:47:06,17.63,100,
10:47:07,17.6382,300,
10:47:13,17.6318,1000,
10:47:28,17.63,100,
10:47:29,17.63,200,
10:47:29,17.63,100,
10:47:29,17.63,600,
10:47:29,17.6301,700,
10:47:38,17.6315,2000,
10:48:00,17.638,1000,
10:48:06,17.638,1000,
10:48:34,17.62,200,
10:48:45,17.61,100,
10:48:49,17.6018,310,
10:48:50,17.60,1390,
10:48:51,17.59,344,
10:48:51,17.59,293,
10:48:51,17.59,100,
10:48:51,17.598,500,
10:48:55,17.587,200,
10:48:56,17.58,1400,
10:48:57,17.582,200,
10:49:00,17.58,200,
10:49:01,17.581,100,
10:49:01,17.58,100,
10:49:10,17.571,4500,
10:49:12,17.5801,450,
10:49:15,17.5801,2500,
10:49:16,17.58,200,
10:49:26,17.5895,1500,
10:49:26,17.59,100,
10:49:26,17.59,100,
10:49:26,17.59,400,
10:49:26,17.59,600,
10:49:27,17.58,200,
10:49:27,17.581,200,
10:49:28,17.57,100,
10:49:35,17.56,100,
10:49:41,17.56,2000,
10:49:46,17.56,400,
10:49:46,17.5605,1500,
10:49:49,17.5615,200,
10:49:49,17.5613,600,
10:49:50,17.56,100,
10:49:50,17.56,400,
10:49:50,17.56,300,
10:49:50,17.56,200,
10:49:50,17.5601,100,
10:49:50,17.5601,3000,
10:49:50,17.56,100,
10:49:51,17.568,600,
10:49:51,17.57,200,
10:50:02,17.57,200,
10:50:08,17.58,100,
10:50:08,17.58,200,
10:50:11,17.59,100,
10:50:12,17.58,100,
10:50:13,17.5801,200,
10:50:17,17.58,100,
10:50:22,17.5601,200,
10:50:22,17.56,200,
10:50:22,17.56,100,
10:50:22,17.55,300,
10:50:22,17.55,100,
10:50:24,17.55,100,
10:50:29,17.5518,1000,
10:50:29,17.55,200,
10:50:35,17.5528,1400,
10:50:44,17.56,300,
10:50:44,17.56,400,
10:50:44,17.56,100,
10:50:44,17.56,100,
10:50:46,17.56,100,
10:50:49,17.5701,170,
10:50:53,17.571,220,
10:50:57,17.57,100,
10:50:57,17.57,100,
10:50:57,17.57,100,
10:50:58,17.57,300,
10:51:04,17.569,4000,
10:51:07,17.57,100,
10:51:07,17.57,1300,
10:51:10,17.57,100,
10:51:15,17.57,100,
10:51:15,17.57,150,
10:51:19,17.561,1000,
10:51:19,17.561,1000,
10:51:22,17.555,100,
10:51:24,17.55,100,
10:51:24,17.55,200,
10:51:24,17.55,600,
10:51:25,17.54,400,
10:51:25,17.54,300,
10:51:25,17.54,346,
10:51:25,17.5399,100,
10:51:25,17.5301,150,
10:51:25,17.5301,1600,
10:51:25,17.5301,1000,
10:51:25,17.53,200,
10:51:25,17.53,200,
10:51:25,17.52,500,
10:51:25,17.5201,100,
10:51:25,17.52,500,
10:51:25,17.52,100,
10:51:25,17.53,662,
10:51:27,17.53,100,
10:51:27,17.54,800,
10:51:28,17.54,400,
10:51:28,17.539,400,
10:51:29,17.539,100,
10:51:29,17.531,300,
10:51:30,17.53,200,
10:51:30,17.53,100,
10:51:30,17.53,450,
10:51:30,17.53,1294,
10:51:30,17.53,300,
10:51:30,17.535,100,
10:51:32,17.532,1000,
10:51:36,17.54,100,
10:51:37,17.54,100,
10:51:37,17.54,100,
10:51:37,17.54,100,
10:51:37,17.54,150,
10:51:41,17.5428,1900,
10:51:41,17.5472,1000,
10:51:44,17.55,200,
10:51:44,17.55,200,
10:51:44,17.55,400,
10:51:44,17.55,200,
10:51:44,17.55,100,
10:51:44,17.54,200,
10:51:44,17.54,400,
10:51:44,17.54,200,
10:51:44,17.54,200,
10:51:44,17.53,100,
10:51:44,17.53,658,
10:51:44,17.53,800,
10:51:44,17.53,200,
10:51:44,17.53,200,
10:51:44,17.53,362,
10:51:44,17.53,300,
10:51:44,17.54,300,
10:51:44,17.53,200,
10:51:49,17.53,100,
10:51:55,17.532,500,
10:52:04,17.53,200,
10:52:15,17.52,1000,
10:52:16,17.52,200,
10:52:19,17.53,700,
10:52:20,17.531,600,
10:52:39,17.5201,600,
10:52:50,17.53,100,
10:52:54,17.5399,100,
10:52:54,17.54,200,
10:52:59,17.541,100,
10:53:00,17.54,200,
10:53:05,17.531,100,
10:53:05,17.531,100,
10:53:14,17.5395,150,
10:53:15,17.54,100,
10:53:15,17.54,400,
10:53:20,17.54,200,
10:53:29,17.55,300,
10:53:33,17.5401,300,
10:53:37,17.54,200,
10:53:47,17.541,200,
10:53:47,17.541,200,
10:53:53,17.54,100,
10:53:54,17.541,100,
10:53:57,17.54,100,
10:53:58,17.53,200,
10:53:58,17.53,200,
10:54:01,17.53,3650,
10:54:03,17.5372,700,
10:54:07,17.53,200,
10:54:12,17.5299,200,
10:54:14,17.53,461,
10:54:17,17.5201,2000,
10:54:37,17.54,10000,
10:55:02,17.5335,1000,
10:55:04,17.54,200,
10:55:08,17.541,100,
10:55:08,17.541,100,
10:55:15,17.5499,2000,
10:55:29,17.54,500,
10:55:30,17.54,200,
10:55:30,17.54,100,
10:55:34,17.54,200,
10:55:45,17.53,100,
10:55:45,17.53,100,
10:56:05,17.5201,1500,
10:56:16,17.54,300,
10:56:17,17.5301,200,
10:56:23,17.5399,5000,
10:56:37,17.538,500,
10:56:43,17.54,100,
10:56:47,17.53,100,
10:56:52,17.522,150,
10:56:52,17.524,750,
10:56:55,17.53,300,
10:56:57,17.54,200,
10:56:57,17.54,100,
10:57:04,17.55,200,
10:57:09,17.56,100,
10:57:19,17.558,1000,
10:57:19,17.57,200,
10:57:19,17.57,100,
10:57:19,17.57,400,
10:57:21,17.57,100,
10:57:21,17.57,100,
10:57:25,17.568,500,
10:57:34,17.57,100,
10:57:34,17.57,200,
10:57:57,17.57,200,
10:58:06,17.57,105,
10:58:09,17.57,200,
10:58:17,17.58,100,
10:58:17,17.58,100,
10:58:17,17.5772,1000,
10:58:20,17.57,100,
10:58:23,17.5695,1000,
10:58:32,17.57,100,
10:58:35,17.57,200,
10:58:45,17.57,100,
10:58:48,17.5695,250,
10:58:50,17.59,300,
10:58:51,17.58,100,
10:58:51,17.58,200,
10:58:53,17.581,1800,
10:58:58,17.5801,2000,
10:59:01,17.59,100,
10:59:01,17.59,100,
10:59:07,17.60,100,
10:59:07,17.60,200,
10:59:17,17.5972,1400,
10:59:24,17.60,800,
10:59:24,17.60,700,
10:59:26,17.609,2000,
10:59:34,17.61,100,
10:59:51,17.58,100,
10:59:51,17.57,100,
10:59:51,17.57,200,
10:59:51,17.57,400,
10:59:51,17.57,500,
10:59:52,17.57,200,
10:59:55,17.57,300,
10:59:55,17.58,200,
10:59:57,17.57,1000,
10:59:57,17.57,800,
10:59:57,17.57,200,
10:59:57,17.57,500,
10:59:58,17.58,100,
10:59:58,17.5799,200,
10:59:59,17.57,100,
11:00:03,17.56,500,
11:00:03,17.54,700,
11:00:03,17.54,300,
11:00:03,17.54,178,
11:00:03,17.54,500,
11:00:03,17.54,100,
11:00:06,17.5488,1000,
11:00:10,17.55,100,
11:00:10,17.55,200,
11:00:12,17.55,300,
11:00:24,17.5405,1500,
11:00:30,17.541,300,
11:00:31,17.541,100,
11:00:33,17.54,300,
11:00:39,17.5401,5000,
11:00:44,17.55,200,
11:00:44,17.549,500,
11:00:45,17.54,200,
11:00:45,17.54,300,
11:00:45,17.55,300,
11:00:47,17.558,600,
11:00:50,17.55,300,
11:00:59,17.558,100,
11:01:18,17.5299,5000,
11:01:20,17.53,300,
11:01:25,17.5301,350,
11:01:39,17.52,100,
11:01:39,17.52,100,
11:01:41,17.50,125,
11:01:41,17.5001,6000,
11:01:44,17.501,500,
11:01:44,17.501,500,
11:01:49,17.495,100,
11:01:49,17.50,100,
11:01:50,17.49,345,
11:01:55,17.49,100,
11:01:56,17.49,100,
11:01:57,17.49,495,
11:02:02,17.4989,500,
11:02:05,17.50,100,
11:02:05,17.50,200,
11:02:05,17.50,100,
11:02:05,17.50,300,
11:02:05,17.50,280,
11:02:05,17.50,200,
11:02:05,17.50,120,
11:02:05,17.50,300,
11:02:05,17.5099,1200,
11:02:06,17.51,100,
11:02:09,17.52,750,
11:02:09,17.52,700,
11:02:10,17.53,13600,
11:02:14,17.53,200,
11:02:14,17.5385,2000,
11:02:15,17.53,100,
11:02:15,17.53,100,
11:02:15,17.52,100,
11:02:19,17.52,200,
11:02:22,17.53,400,
11:02:22,17.53,200,
11:02:24,17.5285,2000,
11:02:32,17.53,400,
11:02:39,17.5201,3000,
11:02:42,17.52,200,
11:02:59,17.53,400,
11:02:59,17.5299,2400,
11:03:01,17.53,200,
11:03:01,17.53,100,
11:03:01,17.53,200,
11:03:01,17.53,100,
11:03:07,17.52,100,
11:03:07,17.52,100,
11:03:13,17.53,100,
11:03:35,17.517,200,
11:03:37,17.52,300,
11:03:46,17.52,100,
11:03:46,17.52,200,
11:03:56,17.52,200,
11:03:59,17.5101,410,
11:04:05,17.51,100,
11:04:05,17.51,100,
11:04:05,17.51,3900,
11:04:11,17.51,300,
11:04:25,17.51,1000,
11:04:31,17.511,150,
11:04:32,17.511,100,
11:04:36,17.52,200,
11:04:36,17.52,100,
11:04:36,17.52,300,
11:04:36,17.52,100,
11:04:36,17.52,100,
11:04:36,17.52,200,
11:04:37,17.5255,100,
11:04:45,17.52,100,
11:05:04,17.51,200,
11:05:12,17.52,100,
11:05:14,17.52,100,
11:05:14,17.52,100,
11:05:14,17.52,100,
11:05:14,17.52,300,
11:05:14,17.52,200,
11:05:14,17.52,200,
11:05:14,17.52,100,
11:05:14,17.52,400,
11:05:14,17.5199,200,
11:05:25,17.52,100,
11:05:25,17.53,100,
11:05:26,17.53,200,
11:05:41,17.51,100,
11:05:41,17.51,200,
11:05:41,17.51,100,
11:05:43,17.51,100,
11:05:43,17.51,200,
11:05:43,17.51,100,
11:06:10,17.51,400,
11:06:11,17.51,100,
11:06:11,17.51,200,
11:06:19,17.5128,1500,
11:06:24,17.51,986,
11:06:28,17.51,100,
11:06:34,17.5101,2000,
11:06:47,17.51,148,
11:06:47,17.51,100,
11:06:47,17.51,200,
11:06:47,17.509,100,
11:06:47,17.5099,1000,
11:06:47,17.51,800,
11:06:47,17.51,1500,
11:06:47,17.513,100,
11:06:48,17.51,400,
11:06:53,17.509,5000,
11:06:53,17.51,600,
11:06:53,17.51,650,
11:06:53,17.51,500,
11:07:07,17.51,100,
11:07:10,17.5111,150,
11:07:19,17.5189,800,
11:07:26,17.51,100,
11:07:27,17.51,100,
11:07:27,17.51,199,
11:07:27,17.51,200,
11:07:27,17.51,400,
11:07:27,17.51,100,
11:07:27,17.51,100,
11:07:27,17.51,200,
11:07:30,17.5099,200,
11:07:34,17.51,100,
11:07:34,17.51,100,
11:08:08,17.52,200,
11:08:09,17.519,500,
11:08:32,17.5095,1000,
11:08:43,17.51,100,
11:09:26,17.52,200,
11:09:29,17.53,5000,
11:09:32,17.5121,3000,
11:09:35,17.5272,1000,
11:09:35,17.529,2888,
11:09:40,17.52,100,
11:09:50,17.519,5000,
11:10:25,17.5199,100,
11:10:38,17.518,1000,
11:10:40,17.52,200,
11:10:52,17.53,200,
11:10:52,17.53,200,
11:10:52,17.53,300,
11:10:52,17.53,100,
11:10:52,17.53,400,
11:10:53,17.53,100,
11:10:56,17.5282,1000,
11:10:58,17.5299,200,
11:11:05,17.52,200,
11:11:10,17.52,100,
11:11:10,17.52,100,
11:11:10,17.52,200,
11:11:10,17.52,100,
11:11:13,17.52,500,
11:11:13,17.52,600,
11:11:20,17.53,100,
11:11:20,17.53,100,
11:11:20,17.53,100,
11:11:20,17.53,100,
11:11:31,17.56,600,
11:11:31,17.55,100,
11:11:31,17.55,100,
11:11:40,17.55,600,
11:11:42,17.545,300,
11:11:42,17.545,600,
11:11:50,17.55,200,
11:11:54,17.5595,600,
11:11:57,17.55,400,
11:11:57,17.55,100,
11:12:05,17.55,400,
11:12:07,17.5489,500,
11:12:14,17.548,500,
11:12:23,17.54,100,
11:12:23,17.54,200,
11:12:26,17.54,100,
11:12:34,17.539,500,
11:12:34,17.539,440,
11:12:53,17.54,500,
11:12:53,17.54,100,
11:12:53,17.54,200,
11:12:53,17.54,300,
11:13:08,17.55,100,
11:13:13,17.5412,100,
11:13:21,17.54,200,
11:13:21,17.54,100,
11:13:29,17.539,200,
11:13:29,17.54,300,
11:13:29,17.54,300,
11:13:55,17.5282,381,
11:13:56,17.53,100,
11:13:56,17.53,400,
11:13:56,17.53,400,
11:13:56,17.53,200,
11:14:00,17.538,500,
11:14:27,17.53,100,
11:14:27,17.53,400,
11:14:27,17.53,100,
11:14:27,17.53,100,
11:14:27,17.53,200,
11:14:28,17.53,100,
11:14:34,17.53,100,
11:14:58,17.53,100,
11:15:32,17.53,100,
11:16:07,17.53,200,
11:16:08,17.52,600,
11:16:20,17.52,200,
11:16:20,17.52,262,
11:16:20,17.52,300,
11:16:21,17.53,200,
11:16:22,17.53,200,
11:16:22,17.53,200,
11:16:22,17.53,100,
11:16:23,17.53,200,
11:16:23,17.53,200,
11:16:46,17.537,100,
11:16:50,17.54,300,
11:16:50,17.54,300,
11:16:50,17.54,400,
11:16:50,17.54,200,
11:16:50,17.54,2200,
11:16:50,17.54,200,
11:16:50,17.54,200,
11:16:50,17.54,157,
11:16:50,17.54,100,
11:16:50,17.55,202,
11:16:50,17.55,200,
11:16:50,17.55,1000,
11:16:50,17.55,100,
11:16:50,17.55,100,
11:17:03,17.56,200,
11:17:03,17.56,300,
11:17:03,17.56,300,
11:17:06,17.569,300,
11:17:09,17.568,800,
11:17:12,17.56,200,
11:17:12,17.56,100,
11:17:13,17.56,200,
11:17:14,17.55,443,
11:17:14,17.55,200,
11:17:18,17.55,200,
11:17:18,17.55,300,
11:17:36,17.547,300,
11:17:39,17.54,200,
11:17:39,17.54,100,
11:17:53,17.54,300,
11:17:59,17.53,200,
11:18:00,17.539,3200,
11:18:00,17.539,100,
11:18:01,17.53,100,
11:18:06,17.53,100,
11:18:06,17.53,200,
11:18:13,17.53,100,
11:18:43,17.54,400,
11:18:43,17.549,1100,
11:18:57,17.54,100,
11:19:07,17.5493,3000,
11:19:16,17.5499,2000,
11:19:17,17.549,100,
11:19:18,17.55,9200,
11:19:42,17.56,100,
11:19:43,17.57,100,
11:20:07,17.579,500,
11:20:08,17.57,257,
11:20:08,17.57,200,
11:20:08,17.57,300,
11:20:08,17.57,100,
11:20:08,17.57,200,
11:20:08,17.57,200,
11:20:08,17.579,1500,
11:20:09,17.578,200,
11:20:14,17.579,700,
11:20:15,17.57,100,
11:20:15,17.57,400,
11:20:15,17.57,100,
11:20:15,17.57,100,
11:20:17,17.58,100,
11:20:17,17.58,200,
11:20:19,17.59,600,
11:20:19,17.59,100,
11:20:19,17.589,100,
11:20:21,17.60,128,
11:20:21,17.60,100,
11:20:22,17.61,100,
11:20:22,17.61,100,
11:20:23,17.609,200,
11:20:24,17.61,200,
11:20:25,17.61,200,
11:20:25,17.61,200,
11:20:25,17.61,200,
11:20:25,17.61,200,
11:20:27,17.609,100,
11:20:31,17.5975,4000,
11:20:40,17.598,450,
11:20:41,17.60,400,
11:20:42,17.608,300,
11:20:42,17.599,100,
11:20:42,17.599,100,
11:20:43,17.59,400,
11:20:43,17.59,900,
11:20:43,17.59,200,
11:20:44,17.5987,600,
11:20:46,17.58,300,
11:21:21,17.58,100,
11:21:30,17.578,210,
11:21:42,17.58,100,
11:21:42,17.58,100,
11:21:47,17.5782,100,
11:22:03,17.57,300,
11:22:14,17.5799,2300,
11:22:19,17.57,200,
11:22:32,17.58,200,
11:22:32,17.58,100,
11:22:42,17.59,200,
11:22:42,17.59,200,
11:22:48,17.59,200,
11:22:53,17.59,1449,
11:22:53,17.59,200,
11:22:54,17.59,400,
11:22:54,17.59,1479,
11:23:08,17.59,100,
11:23:12,17.58,100,
11:23:30,17.58,200,
11:23:42,17.58,100,
11:23:45,17.58,100,
11:23:50,17.59,300,
11:23:56,17.59,100,
11:24:26,17.59,100,
11:24:26,17.59,400,
11:24:27,17.59,1000,
11:24:27,17.58,100,
11:24:27,17.58,200,
11:24:45,17.59,200,
11:24:53,17.609,1400,
11:24:59,17.6072,1000,
11:24:59,17.61,200,
11:25:02,17.60,200,
11:25:08,17.6099,5000,
11:25:20,17.60,200,
11:25:22,17.601,5000,
11:25:30,17.599,200,
11:25:33,17.5999,2500,
11:25:37,17.591,300,
11:25:37,17.591,300,
11:25:39,17.59,100,
11:25:40,17.591,4100,
11:25:48,17.591,5000,
11:25:57,17.58,10000,
11:26:02,17.5901,2600,
11:26:11,17.60,200,
11:26:27,17.5982,400,
11:26:44,17.5928,1500,
11:27:10,17.593,114,
11:27:16,17.592,317,
11:27:19,17.5901,600,
11:27:32,17.60,100,
11:27:43,17.592,998,
11:27:54,17.59,100,
11:27:58,17.593,160,
11:28:45,17.59,100,
11:28:45,17.59,1500,
11:28:48,17.59,200,
11:29:05,17.5882,375,
11:29:22,17.5801,1000,
11:29:28,17.582,500,
11:29:46,17.5689,1500,
11:29:54,17.57,100,
11:29:57,17.5601,2500,
11:31:20,17.55,100,
11:31:20,17.55,500,
11:31:27,17.56,400,
11:31:28,17.56,100,
11:31:28,17.56,400,
11:31:45,17.56,100,
11:32:35,17.5599,2500,
11:32:55,17.56,300,
11:32:55,17.56,400,
11:33:01,17.56,100,
11:33:07,17.57,300,
11:33:09,17.57,300,
11:33:09,17.57,100,
11:33:24,17.5673,248,
11:33:25,17.5605,1500,
11:33:25,17.569,224,
11:33:53,17.56,100,
11:33:59,17.5682,1000,
11:34:21,17.57,200,
11:34:31,17.56,100,
11:34:31,17.56,100,
11:34:32,17.5595,500,
11:35:02,17.55,100,
11:35:22,17.5499,1000,
11:35:24,17.53,8000,
11:35:30,17.53,100,
11:35:30,17.53,3400,
11:35:30,17.53,1100,
11:35:30,17.53,100,
11:35:30,17.53,100,
11:35:30,17.53,5200,
11:35:30,17.53,400,
11:35:30,17.53,200,
11:35:30,17.53,500,
11:35:30,17.53,200,
11:35:30,17.52,400,
11:35:30,17.52,100,
11:35:31,17.522,1500,
11:35:33,17.52,200,
11:35:33,17.52,100,
11:35:33,17.52,300,
11:35:41,17.52,200,
11:35:44,17.5205,266,
11:35:45,17.53,100,
11:35:45,17.53,200,
11:35:45,17.53,189,
11:35:54,17.54,400,
11:35:54,17.54,400,
11:35:54,17.54,200,
11:35:54,17.54,400,
11:35:54,17.54,100,
11:35:54,17.54,100,
11:35:56,17.54,100,
11:36:08,17.539,100,
11:36:08,17.539,1500,
11:36:08,17.5389,200,
11:36:10,17.54,9200,
11:36:18,17.54,250,
11:36:18,17.55,10000,
11:36:19,17.54,200,
11:36:36,17.541,200,
11:36:40,17.54,200,
11:36:58,17.54,400,
11:37:07,17.54,900,
11:37:07,17.54,100,
11:37:07,17.54,200,
11:37:07,17.54,700,
11:37:08,17.54,200,
11:37:08,17.54,200,
11:37:08,17.54,200,
11:37:08,17.54,400,
11:37:10,17.537,406,
11:37:17,17.54,100,
11:37:17,17.54,100,
11:37:17,17.54,200,
11:37:17,17.54,100,
11:37:17,17.54,100,
11:37:17,17.54,100,
11:37:17,17.54,100,
11:37:17,17.54,250,
11:37:17,17.54,100,
11:37:17,17.54,100,
11:37:17,17.54,100,
11:37:17,17.54,300,
11:37:21,17.545,332,
11:37:26,17.55,300,
11:37:26,17.55,400,
11:37:26,17.55,900,
11:37:26,17.55,700,
11:37:26,17.55,200,
11:37:28,17.55,100,
11:37:31,17.55,200,
11:37:31,17.55,200,
11:37:31,17.55,500,
11:37:31,17.55,100,
11:38:09,17.5345,500,
11:38:14,17.53,300,
11:38:15,17.53,200,
11:38:15,17.53,300,
11:38:19,17.54,300,
11:38:19,17.54,100,
11:38:31,17.5301,1000,
11:38:45,17.54,100,
11:38:51,17.55,100,
11:38:51,17.55,200,
11:38:54,17.54,600,
11:38:54,17.54,100,
11:38:54,17.54,200,
11:38:54,17.54,300,
11:38:54,17.54,600,
11:38:55,17.54,500,
11:38:55,17.54,300,
11:38:55,17.54,700,
11:38:55,17.54,200,
11:39:04,17.548,500,
11:39:08,17.549,5000,
11:39:16,17.54,200,
11:39:16,17.54,200,
11:39:16,17.54,450,
11:39:16,17.54,300,
11:39:16,17.54,200,
11:39:16,17.54,399,
11:39:16,17.54,200,
11:39:18,17.5385,300,
11:39:18,17.5387,600,
11:39:20,17.549,3000,
11:39:38,17.541,500,
11:39:50,17.55,100,
11:39:50,17.55,300,
11:39:57,17.55,200,
11:39:57,17.55,300,
11:39:58,17.558,400,
11:39:59,17.549,200,
11:40:02,17.55,200,
11:40:08,17.54,200,
11:40:11,17.541,500,
11:40:16,17.541,500,
11:40:18,17.5599,2800,
11:40:26,17.55,100,
11:40:26,17.55,600,
11:40:30,17.55,200,
11:40:30,17.55,200,
11:40:30,17.55,100,
11:40:34,17.5555,300,
11:40:34,17.559,1700,
11:40:40,17.559,1700,
11:40:50,17.5545,100,
11:40:51,17.559,1700,
11:40:52,17.55,600,
11:40:52,17.55,200,
11:40:52,17.55,200,
11:40:52,17.55,200,
11:41:05,17.54,300,
11:41:05,17.547,100,
11:41:10,17.55,100,
11:41:14,17.549,600,
11:41:25,17.5482,1000,
11:41:36,17.54,300,
11:41:36,17.54,100,
11:41:57,17.559,1700,
11:42:04,17.559,1700,
11:42:05,17.55,100,
11:42:05,17.55,100,
11:42:05,17.55,200,
11:42:05,17.55,200,
11:42:05,17.55,100,
11:42:18,17.55,100,
11:42:18,17.54,200,
11:42:18,17.53,100,
11:42:18,17.53,300,
11:42:18,17.53,100,
11:42:18,17.54,100,
11:42:18,17.54,600,
11:42:18,17.54,400,
11:42:20,17.54,100,
11:42:23,17.5305,500,
11:42:43,17.53,100,
11:42:44,17.53,200,
11:42:45,17.53,100,
11:42:45,17.53,100,
11:42:45,17.53,100,
11:42:45,17.53,400,
11:42:45,17.53,200,
11:42:45,17.53,200,
11:42:45,17.53,1350,
11:42:45,17.53,100,
11:42:46,17.54,199,
11:42:50,17.539,100,
11:42:58,17.54,200,
11:42:59,17.54,400,
11:42:59,17.54,200,
11:42:59,17.54,200,
11:43:06,17.55,300,
11:43:07,17.55,100,
11:43:07,17.55,200,
11:43:10,17.55,200,
11:43:10,17.55,100,
11:43:12,17.55,1200,
11:43:14,17.55,100,
11:43:17,17.549,200,
11:43:22,17.55,200,
11:43:29,17.55,100,
11:43:31,17.56,400,
11:43:31,17.56,200,
11:43:31,17.56,200,
11:43:31,17.5572,1000,
11:43:31,17.559,100,
11:43:40,17.56,100,
11:43:40,17.56,299,
11:43:47,17.56,200,
11:43:51,17.56,200,
11:43:54,17.57,100,
11:43:54,17.5699,800,
11:44:06,17.569,400,
11:44:12,17.5699,300,
11:44:17,17.56,100,
11:44:17,17.56,200,
11:44:34,17.55,200,
11:44:44,17.56,1400,
11:44:44,17.56,400,
11:44:51,17.56,200,
11:44:51,17.56,100,
11:44:51,17.56,200,
11:44:52,17.56,600,
11:44:52,17.56,400,
11:44:52,17.56,500,
11:44:59,17.56,200,
11:44:59,17.56,100,
11:44:59,17.56,100,
11:44:59,17.56,200,
11:44:59,17.56,300,
11:44:59,17.56,201,
11:45:08,17.568,1800,
11:45:10,17.57,100,
11:45:13,17.58,300,
11:45:17,17.59,200,
11:45:17,17.599,600,
11:45:20,17.59,100,
11:45:20,17.5901,500,
11:45:20,17.59,200,
11:45:20,17.59,1200,
11:45:21,17.60,200,
11:45:21,17.61,400,
11:45:23,17.59,300,
11:45:23,17.59,200,
11:45:24,17.60,5000,
11:45:26,17.60,100,
11:45:26,17.60,368,
11:45:26,17.60,200,
11:45:26,17.60,200,
11:45:31,17.60,500,
11:45:31,17.60,200,
11:45:31,17.60,100,
11:45:31,17.59,250,
11:45:31,17.59,200,
11:45:31,17.59,1100,
11:45:31,17.59,100,
11:45:41,17.6099,200,
11:45:43,17.62,200,
11:45:43,17.62,300,
11:45:43,17.62,100,
11:45:43,17.62,1000,
11:45:43,17.629,200,
11:45:44,17.62,100,
11:45:44,17.62,200,
11:45:44,17.62,1000,
11:45:47,17.62,1100,
11:45:47,17.62,100,
11:45:53,17.61,300,
11:45:53,17.61,100,
11:45:53,17.61,100,
11:46:00,17.59,200,
11:46:05,17.60,600,
11:46:05,17.60,200,
11:46:05,17.60,600,
11:46:05,17.60,300,
11:46:05,17.61,100,
11:46:09,17.61,400,
11:46:09,17.61,1000,
11:46:09,17.61,100,
11:46:10,17.61,100,
11:46:11,17.61,100,
11:46:11,17.61,100,
11:46:13,17.61,100,
11:46:13,17.61,100,
11:46:13,17.61,600,
11:46:13,17.61,400,
11:46:13,17.61,100,
11:46:13,17.61,100,
11:46:20,17.61,100,
11:46:20,17.61,200,
11:46:21,17.61,100,
11:46:32,17.61,13200,
11:46:41,17.618,500,
11:46:43,17.6199,700,
11:46:43,17.62,200,
