09:30:00,21.67,100,
09:30:05,21.72,300,
09:30:08,21.71,600,
09:30:08,21.71,400,
09:30:11,21.7001,440,
09:30:13,21.70,300,
09:30:13,21.70,100,
09:30:13,21.70,100,
09:30:13,21.70,200,
09:30:14,21.70,100,
09:30:14,21.70,400,
09:30:14,21.70,800,
09:30:19,21.68,200,
09:30:30,21.70,200,
09:30:30,21.72,100,
09:30:31,21.70,1400,
09:30:31,21.70,100,
09:30:31,21.70,100,
09:30:31,21.70,100,
09:30:33,21.7027,1000,
09:30:34,21.6982,800,
09:30:34,21.71,150,
09:30:35,21.72,100,
09:30:35,21.70,1200,
09:30:35,21.709,100,
09:30:35,21.709,100,
09:30:38,21.719,1200,
09:30:39,21.7001,300,
09:30:40,21.7001,500,
09:30:42,21.68,900,
09:30:42,21.68,300,
09:30:42,21.68,600,
09:30:42,21.68,400,
09:30:44,21.69,300,
09:30:44,21.7099,100,
09:30:46,21.6815,7500,
09:30:48,21.6901,200,
09:30:48,21.6801,300,
09:30:49,21.70,300,
09:30:52,21.6801,4800,
09:30:52,21.71,200,
09:30:52,21.71,200,
09:30:52,21.71,100,
09:30:52,21.71,100,
09:30:52,21.71,300,
09:30:52,21.71,400,
09:30:52,21.71,100,
09:30:52,21.72,100,
09:30:52,21.72,200,
09:30:52,21.72,200,
09:30:52,21.72,100,
09:30:52,21.72,500,
09:30:52,21.72,600,
09:30:52,21.7101,400,
09:30:52,21.7101,200,
09:30:52,21.7101,300,
09:30:52,21.7101,100,
09:30:52,21.7101,200,
09:30:52,21.7101,400,
09:30:52,21.7101,700,
09:30:53,21.72,100,
09:30:53,21.72,165,
09:30:53,21.7201,100,
09:30:54,21.7201,165,
09:30:55,21.72,300,
09:30:55,21.7299,225,
09:31:01,21.7101,6900,
09:31:01,21.72,800,
09:31:02,21.72,400,
09:31:02,21.73,2500,
09:31:06,21.73,300,
09:31:12,21.72,570,
09:31:16,21.71,300,
09:31:16,21.71,300,
09:31:16,21.71,100,
09:31:16,21.71,200,
09:31:18,21.71,300,
09:31:19,21.707,500,
09:31:24,21.70,400,
09:31:25,21.7061,5000,
09:31:33,21.69,100,
09:31:35,21.69,200,
09:31:35,21.69,300,
09:31:35,21.69,100,
09:31:35,21.688,100,
09:31:35,21.69,200,
09:31:36,21.69,270,
09:31:37,21.691,2000,
09:31:41,21.6899,2000,
09:31:43,21.68,300,
09:31:44,21.67,300,
09:31:44,21.67,3000,
09:31:44,21.67,308,
09:31:44,21.66,400,
09:31:45,21.66,200,
09:31:45,21.66,230,
09:31:46,21.65,120,
09:31:46,21.6501,150,
09:31:46,21.6501,2500,
09:31:48,21.66,400,
09:31:50,21.6601,200,
09:31:50,21.64,150,
09:31:52,21.65,400,
09:31:52,21.66,200,
09:31:52,21.65,500,
09:31:54,21.65,100,
09:31:54,21.65,300,
09:31:55,21.654,228,
09:31:55,21.6501,2000,
09:32:05,21.6707,200,
09:32:06,21.67,600,
09:32:06,21.66,2600,
09:32:11,21.67,600,
09:32:12,21.66,100,
09:32:13,21.6599,2500,
09:32:13,21.671,200,
09:32:14,21.64,300,
09:32:14,21.64,300,
09:32:14,21.65,300,
09:32:14,21.65,100,
09:32:15,21.6505,500,
09:32:28,21.67,100,
09:32:30,21.6501,200,
09:32:31,21.66,100,
09:32:31,21.66,600,
09:32:31,21.66,3000,
09:32:34,21.651,150,
09:32:36,21.6599,100,
09:32:36,21.6599,100,
09:32:36,21.66,100,
09:32:37,21.65,150,
09:32:43,21.652,2152,
09:32:45,21.66,600,
09:32:46,21.67,100,
09:32:55,21.665,200,
09:32:58,21.64,1500,
09:33:00,21.6495,1500,
09:33:02,21.6401,500,
09:33:04,21.65,400,
09:33:10,21.646,100,
09:33:10,21.649,200,
09:33:12,21.6471,333,
09:33:13,21.64,200,
09:33:16,21.642,200,
09:33:17,21.66,1000,
09:33:18,21.67,500,
09:33:23,21.675,200,
09:33:25,21.68,400,
09:33:25,21.68,600,
09:33:25,21.677,1000,
09:33:25,21.67,400,
09:33:27,21.6674,400,
09:33:27,21.6644,600,
09:33:28,21.66,3200,
09:33:28,21.671,200,
09:33:31,21.70,300,
09:33:31,21.70,800,
09:33:33,21.70,100,
09:33:35,21.69,400,
09:33:36,21.70,300,
09:33:36,21.70,300,
09:33:36,21.69,300,
09:33:36,21.69,900,
09:33:38,21.68,100,
09:33:38,21.68,200,
09:33:40,21.689,100,
09:33:42,21.70,200,
09:33:46,21.70,10000,
09:33:54,21.70,800,
09:33:54,21.70,700,
09:33:54,21.70,500,
09:33:54,21.71,300,
09:33:54,21.71,200,
09:33:54,21.71,600,
09:33:54,21.71,100,
09:33:56,21.70,800,
09:33:56,21.7099,100,
09:33:57,21.70,300,
09:33:58,21.699,100,
09:34:05,21.69,100,
09:34:05,21.68,300,
09:34:05,21.68,900,
09:34:05,21.68,700,
09:34:08,21.72,100,
09:34:08,21.72,700,
09:34:09,21.72,300,
09:34:09,21.72,100,
09:34:12,21.7101,250,
09:34:12,21.71,200,
09:34:14,21.71,400,
09:34:15,21.70,400,
09:34:15,21.70,800,
09:34:17,21.7099,300,
09:34:17,21.709,400,
09:34:19,21.719,800,
09:34:19,21.719,600,
09:34:19,21.71,300,
09:34:25,21.7227,1000,
09:34:26,21.71,300,
09:34:26,21.72,300,
09:34:29,21.7099,3000,
09:34:30,21.6999,100,
09:34:33,21.69,300,
09:34:34,21.689,400,
09:34:35,21.684,200,
09:34:36,21.686,200,
09:34:36,21.689,200,
09:34:37,21.6873,1500,
09:34:38,21.68,100,
09:34:38,21.6885,400,
09:34:38,21.69,800,
09:34:38,21.689,2800,
09:34:38,21.689,2800,
09:34:40,21.686,100,
09:34:48,21.69,100,
09:34:48,21.689,700,
09:34:49,21.689,400,
09:34:52,21.70,100,
09:34:52,21.70,400,
09:34:52,21.70,1400,
09:34:52,21.70,161,
09:34:53,21.7073,1000,
09:34:58,21.7127,1000,
09:35:02,21.73,400,
09:35:04,21.7201,300,
09:35:12,21.7322,340,
09:35:14,21.739,1000,
09:35:17,21.75,400,
09:35:17,21.75,182,
09:35:19,21.74,200,
09:35:19,21.74,400,
09:35:19,21.73,400,
09:35:19,21.73,300,
09:35:19,21.73,100,
09:35:20,21.7395,500,
09:35:21,21.748,600,
09:35:21,21.7298,600,
09:35:21,21.729,800,
09:35:21,21.73,100,
09:35:21,21.73,200,
09:35:21,21.73,100,
09:35:21,21.7268,3800,
09:35:29,21.7305,1500,
09:35:31,21.7399,2000,
09:35:33,21.739,200,
09:35:34,21.739,100,
09:35:41,21.74,100,
09:35:43,21.749,400,
09:35:45,21.7429,400,
09:35:45,21.749,100,
09:35:46,21.7594,800,
09:35:46,21.759,2600,
09:35:46,21.759,2600,
09:35:49,21.75,300,
09:35:53,21.76,300,
09:35:53,21.759,1000,
09:35:54,21.7599,2000,
09:35:57,21.76,300,
09:35:58,21.759,400,
09:35:59,21.759,300,
09:35:59,21.7599,274,
09:35:59,21.75,100,
09:35:59,21.75,100,
09:36:02,21.751,400,
09:36:04,21.7366,200,
09:36:09,21.7371,200,
09:36:17,21.729,110,
09:36:19,21.74,300,
09:36:20,21.74,400,
09:36:23,21.74,100,
09:36:29,21.72,300,
09:36:29,21.7101,2055,
09:36:31,21.73,345,
09:36:33,21.7201,100,
09:36:33,21.72,100,
09:36:37,21.739,100,
09:36:37,21.739,100,
09:36:39,21.746,300,
09:36:39,21.749,400,
09:36:41,21.75,200,
09:36:41,21.74,800,
09:36:41,21.75,300,
09:36:42,21.7693,300,
09:36:44,21.7716,800,
09:36:44,21.77,300,
09:36:46,21.7799,1000,
09:36:47,21.78,300,
09:36:47,21.79,100,
09:36:47,21.79,200,
09:36:47,21.79,100,
09:36:47,21.79,100,
09:36:47,21.79,100,
09:36:48,21.78,600,
09:36:48,21.80,200,
09:36:48,21.799,400,
09:36:50,21.799,200,
09:36:52,21.79,100,
09:36:52,21.7899,500,
09:36:53,21.7899,1200,
09:36:53,21.78,600,
09:36:54,21.779,100,
09:36:57,21.7799,1000,
09:37:01,21.7771,150,
09:37:05,21.7799,500,
09:37:05,21.779,200,
09:37:08,21.777,300,
09:37:08,21.77,100,
09:37:11,21.751,1000,
09:37:11,21.75,1000,
09:37:14,21.7773,1500,
09:37:15,21.7786,1500,
09:37:16,21.77,200,
09:37:17,21.77,375,
09:37:18,21.779,600,
09:37:21,21.7795,1650,
09:37:23,21.77,300,
09:37:23,21.77,100,
09:37:24,21.7787,100,
09:37:24,21.779,200,
09:37:25,21.7693,200,
09:37:27,21.77,100,
09:37:28,21.776,300,
09:37:28,21.779,300,
09:37:29,21.7799,5000,
09:37:30,21.7771,150,
09:37:35,21.78,400,
09:37:37,21.779,200,
09:37:38,21.779,200,
09:37:38,21.779,200,
09:37:38,21.78,300,
09:37:39,21.789,700,
09:37:41,21.79,300,
09:37:42,21.789,500,
09:37:42,21.79,100,
09:37:45,21.7971,200,
09:37:46,21.7999,1000,
09:37:51,21.79,600,
09:37:52,21.799,200,
09:37:53,21.79,1800,
09:37:53,21.78,400,
09:37:54,21.77,100,
09:37:54,21.77,300,
09:37:54,21.77,200,
09:37:54,21.77,300,
09:37:55,21.7785,700,
09:37:55,21.7785,400,
09:37:55,21.78,500,
09:37:55,21.779,3300,
09:37:55,21.77,300,
09:37:55,21.77,400,
09:37:55,21.77,300,
09:37:56,21.78,100,
09:37:56,21.78,100,
09:37:56,21.78,300,
09:37:56,21.78,100,
09:37:56,21.78,100,
09:37:58,21.78,300,
09:37:58,21.79,200,
09:37:58,21.79,100,
09:38:02,21.78,500,
09:38:02,21.78,200,
09:38:03,21.77,500,
09:38:03,21.77,500,
09:38:03,21.77,500,
09:38:04,21.77,700,
09:38:05,21.77,300,
09:38:05,21.77,100,
09:38:08,21.7645,500,
09:38:12,21.76,500,
09:38:12,21.76,200,
09:38:12,21.76,300,
09:38:12,21.76,100,
09:38:13,21.76,400,
09:38:15,21.7699,4000,
09:38:20,21.77,400,
09:38:20,21.76,100,
09:38:20,21.76,100,
09:38:20,21.76,100,
09:38:20,21.77,100,
09:38:20,21.77,100,
09:38:23,21.78,400,
09:38:26,21.7852,1000,
09:38:29,21.789,300,
09:38:31,21.7873,1000,
09:38:36,21.759,100,
09:38:40,21.75,400,
09:38:42,21.7599,500,
09:38:42,21.7599,100,
09:38:42,21.76,500,
09:38:42,21.76,100,
09:38:50,21.77,300,
09:38:50,21.77,200,
09:38:50,21.77,200,
09:38:50,21.77,100,
09:38:50,21.77,3000,
09:38:50,21.77,200,
09:38:50,21.77,300,
09:38:50,21.76,202,
09:38:54,21.77,800,
09:38:54,21.77,300,
09:38:54,21.77,400,
09:38:55,21.769,100,
09:38:55,21.77,500,
09:38:58,21.77,100,
09:38:58,21.769,200,
09:38:58,21.77,300,
09:38:59,21.779,100,
09:39:02,21.771,122,
09:39:02,21.771,178,
09:39:07,21.78,700,
09:39:07,21.78,1200,
09:39:07,21.7801,100,
09:39:07,21.78,300,
09:39:08,21.789,200,
09:39:10,21.7801,100,
09:39:11,21.79,320,
09:39:14,21.79,100,
09:39:14,21.78,300,
09:39:14,21.79,300,
09:39:15,21.789,700,
09:39:18,21.80,1000,
09:39:25,21.78,500,
09:39:29,21.78,100,
09:39:29,21.7799,100,
09:39:30,21.78,100,
09:39:30,21.78,100,
09:39:30,21.78,100,
09:39:32,21.7901,100,
09:39:36,21.7962,600,
09:39:38,21.799,700,
09:39:39,21.79,100,
09:39:41,21.7801,100,
09:39:42,21.78,100,
09:39:47,21.7993,300,
09:39:47,21.80,400,
09:39:47,21.7999,300,
09:39:47,21.7999,100,
09:39:47,21.7999,300,
09:39:47,21.7999,100,
09:39:48,21.7952,1000,
09:39:50,21.79,540,
09:39:50,21.82,100,
09:39:50,21.82,100,
09:39:50,21.82,100,
09:39:50,21.82,100,
09:39:50,21.82,100,
09:39:50,21.82,400,
09:39:50,21.82,100,
09:39:50,21.84,100,
09:39:51,21.82,100,
09:39:52,21.819,200,
09:39:53,21.83,100,
09:39:53,21.83,1900,
09:39:55,21.83,200,
09:39:55,21.84,1300,
09:40:00,21.82,100,
09:40:00,21.82,800,
09:40:00,21.83,100,
09:40:00,21.83,200,
09:40:00,21.8201,1800,
09:40:03,21.8201,100,
09:40:04,21.819,400,
09:40:05,21.828,100,
09:40:06,21.83,100,
09:40:06,21.83,400,
09:40:06,21.83,300,
09:40:07,21.8301,500,
09:40:08,21.8499,550,
09:40:08,21.84,200,
09:40:08,21.83,100,
09:40:10,21.84,300,
09:40:10,21.84,100,
09:40:10,21.84,200,
09:40:10,21.84,100,
09:40:12,21.85,300,
09:40:12,21.87,200,
09:40:12,21.87,100,
09:40:14,21.8571,400,
09:40:15,21.86,300,
09:40:15,21.87,100,
09:40:17,21.867,1000,
09:40:21,21.8599,1000,
09:40:22,21.85,100,
09:40:22,21.84,300,
09:40:22,21.84,100,
09:40:22,21.84,400,
09:40:22,21.85,200,
09:40:22,21.85,100,
09:40:22,21.84,100,
09:40:22,21.84,200,
09:40:26,21.8599,100,
09:40:27,21.86,200,
09:40:27,21.859,2300,
09:40:27,21.859,500,
09:40:28,21.859,200,
09:40:32,21.8599,200,
09:40:33,21.859,100,
09:40:33,21.86,300,
09:40:34,21.8599,200,
09:40:37,21.8699,500,
09:40:42,21.86,200,
09:40:43,21.8699,300,
09:40:44,21.8686,1000,
09:40:44,21.8591,400,
09:40:44,21.859,1000,
09:40:44,21.859,1000,
09:40:45,21.8599,500,
09:40:45,21.86,500,
09:40:45,21.8599,1000,
09:40:45,21.8599,130,
09:40:45,21.86,800,
09:40:47,21.8601,1500,
09:40:50,21.87,300,
09:40:52,21.8612,1000,
09:40:56,21.85,200,
09:40:57,21.84,400,
09:40:57,21.84,100,
09:40:58,21.8473,300,
09:40:58,21.849,300,
09:40:59,21.848,1100,
09:41:02,21.849,800,
09:41:05,21.85,500,
09:41:05,21.85,400,
09:41:05,21.85,300,
09:41:05,21.85,400,
09:41:08,21.85,300,
09:41:08,21.83,400,
09:41:09,21.839,200,
09:41:11,21.8393,100,
09:41:14,21.836,100,
09:41:15,21.8371,300,
09:41:17,21.834,660,
09:41:19,21.82,200,
09:41:21,21.8001,1000,
09:41:23,21.819,300,
09:41:23,21.809,200,
09:41:25,21.79,300,
09:41:25,21.79,300,
09:41:28,21.79,10000,
09:41:34,21.80,300,
09:41:38,21.80,200,
09:41:39,21.8073,500,
09:41:44,21.7901,3500,
09:41:47,21.809,600,
09:41:51,21.7815,2500,
09:41:54,21.79,300,
09:42:01,21.7895,800,
09:42:08,21.77,100,
09:42:08,21.77,300,
09:42:09,21.7501,4620,
09:42:09,21.76,700,
09:42:13,21.76,400,
09:42:19,21.7641,200,
09:42:27,21.76,1000,
09:42:29,21.77,200,
09:42:33,21.7707,400,
09:42:36,21.77,500,
09:42:46,21.7699,300,
09:42:48,21.76,390,
09:42:48,21.74,2440,
09:42:49,21.7301,600,
09:42:51,21.739,100,
09:42:51,21.739,200,
09:42:59,21.75,400,
09:43:03,21.74,400,
09:43:05,21.73,100,
09:43:05,21.7321,400,
09:43:05,21.7321,400,
09:43:05,21.731,1850,
09:43:05,21.73,12500,
09:43:06,21.73,100,
09:43:09,21.73,400,
09:43:10,21.73,2800,
09:43:10,21.73,100,
09:43:10,21.73,400,
09:43:12,21.74,200,
09:43:12,21.7401,3300,
09:43:20,21.711,500,
09:43:21,21.71,300,
09:43:21,21.70,3000,
09:43:23,21.74,500,
09:43:23,21.733,1100,
09:43:26,21.7301,600,
09:43:30,21.74,400,
09:43:30,21.74,800,
09:43:30,21.74,289,
09:43:39,21.74,200,
09:43:42,21.7399,100,
09:43:44,21.7499,1500,
09:43:47,21.76,100,
09:43:47,21.75,800,
09:43:47,21.75,300,
09:43:47,21.76,3000,
09:43:53,21.77,600,
09:43:59,21.78,400,
09:44:02,21.78,100,
09:44:02,21.78,400,
09:44:03,21.77,400,
09:44:04,21.77,700,
09:44:08,21.78,100,
09:44:08,21.78,400,
09:44:08,21.78,2100,
09:44:08,21.78,400,
09:44:08,21.78,100,
09:44:10,21.78,240,
09:44:10,21.77,200,
09:44:12,21.77,100,
09:44:12,21.771,1200,
09:44:12,21.771,1200,
09:44:14,21.76,300,
09:44:15,21.77,4200,
09:44:16,21.75,700,
09:44:17,21.74,100,
09:44:18,21.7412,700,
09:44:18,21.741,1400,
09:44:20,21.75,500,
09:44:24,21.73,127,
09:44:24,21.73,1500,
09:44:24,21.73,200,
09:44:25,21.71,1000,
09:44:27,21.7199,4800,
09:44:28,21.70,500,
09:44:29,21.7078,250,
09:44:30,21.68,3000,
09:44:30,21.68,200,
09:44:31,21.6901,500,
09:44:32,21.69,1000,
09:44:36,21.69,300,
09:44:42,21.673,1000,
09:44:45,21.673,500,
09:44:47,21.66,200,
09:44:47,21.66,300,
09:44:47,21.66,300,
09:44:47,21.66,200,
09:44:47,21.66,100,
09:44:48,21.64,1000,
09:44:48,21.64,500,
09:44:48,21.64,200,
09:44:48,21.63,3000,
09:44:48,21.64,400,
09:44:49,21.641,100,
09:44:49,21.641,200,
09:44:51,21.63,500,
09:44:51,21.62,400,
09:44:51,21.62,333,
09:44:53,21.63,100,
09:44:53,21.63,300,
09:44:53,21.63,100,
09:44:53,21.63,100,
09:44:53,21.63,100,
09:44:53,21.63,100,
09:44:54,21.622,2000,
09:44:54,21.63,400,
09:44:54,21.63,100,
09:44:54,21.63,100,
09:44:55,21.6301,500,
09:44:57,21.621,4200,
09:44:58,21.64,800,
09:44:58,21.65,300,
09:44:58,21.66,100,
09:44:58,21.66,100,
09:44:58,21.65,100,
09:44:59,21.6595,1000,
09:44:59,21.651,200,
09:44:59,21.6524,400,
09:44:59,21.65,200,
09:45:00,21.651,600,
09:45:00,21.65,300,
09:45:03,21.641,600,
09:45:03,21.6401,800,
09:45:03,21.64,200,
09:45:03,21.641,3900,
09:45:03,21.631,190,
09:45:04,21.63,900,
09:45:05,21.6301,2000,
09:45:08,21.631,1000,
09:45:08,21.631,1000,
09:45:09,21.62,100,
09:45:13,21.64,300,
09:45:13,21.64,400,
09:45:13,21.64,300,
09:45:13,21.64,100,
09:45:14,21.65,300,
09:45:14,21.65,300,
09:45:14,21.65,100,
09:45:16,21.65,200,
09:45:17,21.65,2600,
09:45:25,21.66,100,
09:45:27,21.651,250,
09:45:28,21.65,2600,
09:45:30,21.6405,620,
09:45:32,21.64,100,
09:45:32,21.63,100,
09:45:32,21.63,100,
09:45:32,21.6301,100,
09:45:33,21.63,100,
09:45:33,21.63,800,
09:45:33,21.63,200,
09:45:33,21.63,1800,
09:45:33,21.63,400,
09:45:33,21.63,800,
09:45:33,21.63,500,
09:45:33,21.64,300,
09:45:33,21.64,300,
09:45:33,21.64,400,
09:45:33,21.64,300,
09:45:33,21.64,800,
09:45:33,21.64,600,
09:45:33,21.63,400,
09:45:33,21.64,300,
09:45:33,21.63,200,
09:45:33,21.63,1000,
09:45:33,21.63,100,
09:45:33,21.63,100,
09:45:33,21.63,1000,
09:45:33,21.62,100,
09:45:33,21.63,200,
09:45:33,21.63,100,
09:45:33,21.63,100,
09:45:33,21.63,500,
09:45:35,21.63,200,
09:45:40,21.64,100,
09:45:42,21.65,300,
09:45:46,21.6507,175,
09:45:46,21.66,300,
09:45:48,21.651,1000,
09:45:50,21.661,200,
09:45:51,21.66,400,
09:45:57,21.6699,2000,
09:45:58,21.6673,1500,
09:45:59,21.67,3900,
09:45:59,21.67,300,
09:45:59,21.67,100,
09:45:59,21.67,100,
09:46:00,21.6799,297,
09:46:02,21.66,100,
09:46:21,21.67,323,
09:46:24,21.673,400,
09:46:27,21.671,200,
09:46:27,21.671,400,
09:46:27,21.66,500,
09:46:28,21.6527,1000,
09:46:29,21.66,500,
09:46:29,21.659,900,
09:46:30,21.664,1000,
09:46:30,21.66,200,
09:46:31,21.6595,1200,
09:46:32,21.64,100,
09:46:33,21.657,700,
09:46:33,21.64,800,
09:46:34,21.63,200,
09:46:34,21.63,500,
09:46:36,21.637,200,
09:46:36,21.637,700,
09:46:39,21.63,400,
09:46:39,21.631,500,
09:46:41,21.62,1600,
09:46:48,21.63,500,
09:46:48,21.64,400,
09:46:48,21.63,300,
09:46:50,21.6315,2300,
09:46:52,21.6305,700,
09:46:56,21.64,210,
09:46:56,21.65,300,
09:47:01,21.6429,200,
09:47:02,21.65,1398,
09:47:03,21.66,400,
09:47:04,21.66,300,
09:47:04,21.66,500,
09:47:05,21.6515,7500,
09:47:05,21.6515,1200,
09:47:08,21.67,100,
09:47:09,21.6786,500,
09:47:10,21.66,100,
09:47:11,21.66,300,
09:47:11,21.65,100,
09:47:12,21.652,500,
09:47:13,21.6599,200,
09:47:14,21.66,100,
09:47:14,21.66,300,
09:47:16,21.67,264,
09:47:21,21.661,1000,
09:47:33,21.66,12000,
09:47:33,21.66,225,
09:47:35,21.68,300,
09:47:36,21.67,500,
09:47:40,21.70,1800,
09:47:41,21.71,453,
09:47:41,21.70,3000,
09:47:41,21.70,200,
09:47:45,21.71,300,
09:47:48,21.707,1000,
09:47:49,21.71,400,
09:47:49,21.7101,1200,
09:48:00,21.72,800,
09:48:00,21.72,3000,
09:48:00,21.72,3000,
09:48:00,21.72,100,
09:48:00,21.72,800,
09:48:01,21.72,200,
09:48:01,21.72,200,
09:48:03,21.72,900,
09:48:03,21.72,100,
09:48:07,21.71,456,
09:48:07,21.71,200,
09:48:09,21.71,100,
09:48:09,21.70,200,
09:48:14,21.67,800,
09:48:15,21.68,200,
09:48:15,21.6799,100,
09:48:19,21.69,300,
09:48:21,21.70,100,
09:48:22,21.70,200,
09:48:36,21.70,400,
09:48:36,21.691,350,
09:48:40,21.681,100,
09:48:41,21.67,400,
09:48:41,21.67,800,
09:48:42,21.68,600,
09:48:45,21.684,490,
09:48:45,21.69,211,
09:48:46,21.6701,2000,
09:48:50,21.6927,685,
09:48:52,21.68,100,
09:49:01,21.66,300,
09:49:01,21.66,200,
09:49:02,21.67,200,
09:49:02,21.668,100,
09:49:03,21.65,200,
09:49:03,21.68,300,
09:49:03,21.68,400,
09:49:05,21.69,400,
09:49:08,21.6815,1900,
09:49:11,21.67,200,
09:49:12,21.67,400,
09:49:13,21.67,200,
09:49:13,21.67,400,
09:49:20,21.6773,500,
09:49:21,21.6795,1000,
09:49:21,21.69,300,
09:49:22,21.69,700,
09:49:22,21.69,300,
09:49:24,21.69,900,
09:49:24,21.69,300,
09:49:33,21.699,500,
09:49:43,21.66,400,
09:49:45,21.66,800,
09:49:46,21.6607,294,
09:49:50,21.69,100,
09:49:51,21.68,300,
09:49:51,21.69,400,
09:49:54,21.69,100,
09:50:03,21.698,1000,
09:50:10,21.69,700,
09:50:19,21.691,100,
09:50:20,21.67,200,
09:50:20,21.67,2800,
09:50:20,21.66,400,
09:50:21,21.67,400,
09:50:21,21.684,800,
09:50:21,21.691,100,
09:50:24,21.64,400,
09:50:24,21.64,600,
09:50:24,21.64,100,
09:50:24,21.64,800,
09:50:28,21.63,667,
09:50:30,21.61,100,
09:50:30,21.61,1200,
09:50:30,21.61,3000,
09:50:30,21.61,500,
09:50:30,21.60,1100,
09:50:30,21.60,400,
09:50:30,21.60,300,
09:50:30,21.60,500,
09:50:30,21.60,300,
09:50:30,21.633,1000,
09:50:31,21.61,200,
09:50:31,21.61,200,
09:50:31,21.60,200,
09:50:32,21.60,400,
09:50:32,21.60,1800,
09:50:32,21.59,100,
09:50:32,21.58,400,
09:50:32,21.58,400,
09:50:32,21.58,944,
09:50:32,21.58,1500,
09:50:32,21.58,400,
09:50:32,21.58,456,
09:50:32,21.58,300,
09:50:33,21.60,600,
09:50:33,21.58,2400,
09:50:33,21.58,100,
09:50:33,21.58,2000,
09:50:33,21.58,100,
09:50:33,21.58,600,
09:50:33,21.61,200,
09:50:34,21.57,168,
09:50:35,21.58,200,
09:50:36,21.58,125,
09:50:36,21.57,500,
09:50:38,21.56,200,
09:50:40,21.56,100,
09:50:40,21.56,100,
09:50:42,21.56,150,
09:50:42,21.561,951,
09:50:42,21.57,100,
09:50:42,21.568,200,
09:50:42,21.57,100,
09:50:43,21.57,100,
09:50:44,21.56,100,
09:50:45,21.56,400,
09:50:45,21.5523,300,
09:50:45,21.55,140,
09:50:45,21.5601,180,
09:50:46,21.55,4200,
09:50:46,21.57,200,
09:50:46,21.57,200,
09:50:46,21.56,400,
09:50:47,21.57,5900,
09:50:48,21.5701,100,
09:50:48,21.57,400,
09:50:49,21.56,500,
09:50:51,21.5601,100,
09:50:51,21.563,400,
09:50:52,21.5527,1000,
09:50:54,21.552,300,
09:50:54,21.552,200,
09:50:54,21.552,600,
09:50:54,21.552,300,
09:50:54,21.55,300,
09:50:58,21.55,150,
09:50:58,21.54,100,
09:50:58,21.541,100,
09:51:00,21.5501,500,
09:51:01,21.54,200,
09:51:01,21.54,400,
09:51:01,21.54,900,
09:51:01,21.54,100,
09:51:04,21.535,300,
09:51:04,21.535,200,
09:51:04,21.54,100,
09:51:09,21.541,200,
09:51:12,21.54,300,
09:51:12,21.54,700,
09:51:12,21.5401,200,
09:51:12,21.5401,400,
09:51:12,21.5401,100,
09:51:12,21.5401,700,
09:51:14,21.55,200,
09:51:14,21.55,700,
09:51:14,21.55,200,
09:51:25,21.5571,140,
09:51:27,21.55,400,
09:51:28,21.5501,1000,
09:51:29,21.57,999,
09:51:29,21.5796,200,
09:51:33,21.57,100,
09:51:33,21.57,1600,
09:51:33,21.56,300,
09:51:33,21.56,200,
09:51:33,21.56,100,
09:51:34,21.55,300,
09:51:36,21.56,200,
09:51:36,21.557,500,
09:51:36,21.56,5800,
09:51:36,21.56,100,
09:51:37,21.5595,1000,
09:51:38,21.5501,2120,
09:51:38,21.5599,700,
09:51:38,21.56,700,
09:51:38,21.56,500,
09:51:38,21.56,200,
09:51:38,21.56,1500,
09:51:38,21.5599,100,
09:51:38,21.5599,400,
09:51:39,21.5567,100,
09:51:39,21.5577,200,
09:51:43,21.5507,300,
09:51:44,21.56,200,
09:51:44,21.56,300,
09:51:44,21.56,100,
09:51:45,21.5699,461,
09:51:52,21.559,180,
09:51:52,21.55,100,
09:51:58,21.54,200,
09:51:58,21.54,300,
09:51:58,21.55,200,
09:51:58,21.54,400,
09:51:58,21.54,500,
09:51:58,21.54,200,
09:51:59,21.53,100,
09:51:59,21.53,400,
09:52:00,21.523,780,
09:52:03,21.53,300,
09:52:03,21.50,300,
09:52:03,21.50,100,
09:52:03,21.50,200,
09:52:03,21.50,100,
09:52:03,21.50,100,
09:52:03,21.5001,100,
09:52:03,21.50,190,
09:52:03,21.49,200,
09:52:03,21.49,800,
09:52:04,21.49,400,
09:52:04,21.49,1000,
09:52:04,21.50,600,
09:52:04,21.50,250,
09:52:04,21.4901,1000,
09:52:05,21.4825,2000,
09:52:06,21.48,500,
09:52:06,21.49,300,
09:52:06,21.49,400,
09:52:07,21.49,100,
09:52:07,21.49,300,
09:52:07,21.48,200,
09:52:08,21.48,968,
09:52:08,21.48,300,
09:52:08,21.49,300,
09:52:08,21.49,200,
09:52:08,21.48,1000,
09:52:08,21.48,400,
09:52:09,21.4893,450,
09:52:10,21.49,100,
09:52:10,21.4901,100,
09:52:10,21.4901,100,
09:52:10,21.49,500,
09:52:10,21.4901,100,
09:52:10,21.49,800,
09:52:10,21.4901,200,
09:52:10,21.49,200,
09:52:10,21.4901,100,
09:52:10,21.4901,1300,
09:52:10,21.49,200,
09:52:12,21.49,106,
09:52:13,21.49,600,
09:52:15,21.48,200,
09:52:15,21.4833,500,
09:52:16,21.483,1000,
09:52:17,21.492,100,
09:52:18,21.50,100,
09:52:18,21.50,500,
09:52:22,21.49,600,
09:52:27,21.49,10000,
09:52:28,21.49,100,
09:52:28,21.49,500,
09:52:30,21.48,900,
09:52:30,21.481,300,
09:52:30,21.482,2400,
09:52:34,21.49,100,
09:52:34,21.49,200,
09:52:36,21.482,2000,
09:52:37,21.48,100,
09:52:37,21.46,100,
09:52:37,21.46,300,
09:52:37,21.46,300,
09:52:37,21.46,100,
09:52:38,21.47,300,
09:52:39,21.461,800,
09:52:40,21.464,300,
09:52:40,21.48,1500,
09:52:40,21.48,1900,
09:52:41,21.472,300,
09:52:41,21.472,700,
09:52:41,21.47,400,
09:52:42,21.4773,1000,
09:52:45,21.4701,100,
09:52:45,21.47,100,
09:52:47,21.49,200,
09:52:47,21.491,339,
09:52:48,21.491,200,
09:52:49,21.491,100,
09:52:49,21.491,900,
09:52:50,21.49,100,
09:52:51,21.49,100,
09:52:51,21.49,200,
09:52:51,21.492,100,
09:52:51,21.492,100,
09:52:51,21.492,100,
09:52:51,21.492,200,
09:52:51,21.49,300,
09:52:51,21.492,100,
09:52:52,21.493,1000,
09:52:52,21.49,200,
09:52:52,21.49,100,
09:52:52,21.49,300,
09:52:55,21.49,150,
09:52:58,21.49,400,
09:52:58,21.49,3200,
09:52:58,21.49,800,
09:52:58,21.49,1100,
09:52:59,21.49,100,
09:52:59,21.491,500,
09:53:00,21.491,500,
09:53:02,21.4913,900,
09:53:03,21.49,400,
09:53:07,21.47,233,
09:53:07,21.4667,400,
09:53:10,21.475,600,
09:53:10,21.47,4700,
09:53:19,21.49,100,
09:53:19,21.48,400,
09:53:21,21.49,200,
09:53:21,21.49,100,
09:53:21,21.49,180,
09:53:21,21.482,100,
09:53:22,21.489,240,
09:53:22,21.48,100,
09:53:24,21.47,100,
09:53:24,21.47,400,
09:53:26,21.48,300,
09:53:26,21.48,400,
09:53:27,21.4708,1000,
09:53:27,21.471,1500,
09:53:27,21.471,1500,
09:53:28,21.47,100,
09:53:28,21.45,532,
09:53:28,21.45,100,
09:53:28,21.45,100,
09:53:30,21.4501,6000,
09:53:30,21.46,800,
09:53:31,21.451,125,
09:53:31,21.45,125,
09:53:31,21.45,125,
09:53:31,21.45,1100,
09:53:33,21.46,800,
09:53:38,21.46,100,
09:53:38,21.46,100,
09:53:39,21.45,100,
09:53:41,21.45,125,
09:53:42,21.441,800,
09:53:43,21.441,4200,
09:53:43,21.43,400,
09:53:43,21.43,200,
09:53:44,21.44,400,
09:53:45,21.441,200,
09:53:45,21.441,200,
09:53:46,21.43,200,
09:53:46,21.43,800,
09:53:47,21.4301,100,
09:53:47,21.43,100,
09:53:47,21.43,100,
09:53:49,21.42,500,
09:53:51,21.43,100,
09:53:51,21.431,400,
09:53:51,21.431,4300,
09:53:51,21.431,2500,
09:53:51,21.44,200,
09:53:51,21.44,2232,
09:53:52,21.45,1000,
09:53:53,21.4401,1500,
09:53:57,21.43,800,
09:53:57,21.43,500,
09:53:57,21.4301,700,
09:53:57,21.43,700,
09:53:58,21.43,400,
09:53:59,21.439,100,
09:54:00,21.439,500,
09:54:00,21.44,5100,
09:54:01,21.438,1500,
09:54:02,21.441,500,
09:54:02,21.441,500,
09:54:03,21.4485,2000,
09:54:03,21.441,3400,
09:54:05,21.4399,500,
09:54:07,21.431,100,
09:54:13,21.44,325,
09:54:13,21.4301,200,
09:54:13,21.4301,200,
09:54:13,21.4301,300,
09:54:13,21.4301,100,
09:54:13,21.43,200,
09:54:16,21.44,100,
09:54:16,21.45,400,
09:54:17,21.45,400,
09:54:17,21.44,900,
09:54:18,21.442,100,
09:54:18,21.44,200,
09:54:19,21.45,100,
09:54:19,21.46,100,
09:54:19,21.46,600,
09:54:19,21.46,500,
09:54:20,21.46,300,
09:54:20,21.46,291,
09:54:20,21.46,400,
09:54:21,21.4773,840,
09:54:23,21.4685,4000,
09:54:24,21.46,1000,
09:54:27,21.46,100,
09:54:27,21.4601,100,
09:54:27,21.46,100,
09:54:27,21.46,100,
09:54:27,21.46,100,
09:54:30,21.46,300,
09:54:33,21.4599,500,
09:54:33,21.46,500,
09:54:33,21.4599,700,
09:54:33,21.46,400,
09:54:37,21.45,100,
09:54:43,21.441,300,
09:54:47,21.444,140,
09:54:47,21.44,100,
09:54:49,21.4501,100,
09:54:49,21.45,100,
09:54:49,21.4501,100,
09:54:49,21.45,100,
09:54:51,21.452,100,
09:54:51,21.45,100,
09:54:51,21.452,100,
09:54:51,21.44,800,
09:54:53,21.46,200,
09:54:53,21.46,200,
09:54:53,21.46,100,
09:54:58,21.451,300,
09:54:58,21.453,200,
09:54:59,21.449,900,
09:54:59,21.449,200,
09:54:59,21.46,100,
09:55:01,21.46,1400,
09:55:01,21.44,500,
09:55:05,21.45,300,
09:55:05,21.46,300,
09:55:05,21.46,300,
09:55:06,21.4507,400,
09:55:09,21.48,100,
09:55:09,21.48,300,
09:55:09,21.48,1000,
09:55:09,21.48,400,
09:55:09,21.48,126,
09:55:09,21.48,400,
09:55:13,21.482,1600,
09:55:13,21.481,200,
09:55:14,21.4701,100,
09:55:14,21.4701,900,
09:55:14,21.47,300,
09:55:14,21.4701,200,
09:55:14,21.47,500,
09:55:14,21.47,400,
09:55:14,21.4701,400,
09:55:14,21.47,100,
09:55:14,21.47,1500,
09:55:14,21.47,200,
09:55:14,21.48,200,
09:55:14,21.48,200,
09:55:14,21.49,800,
09:55:16,21.50,400,
09:55:16,21.50,400,
09:55:17,21.51,500,
09:55:17,21.51,400,
09:55:17,21.51,200,
09:55:17,21.51,400,
09:55:17,21.5099,1800,
09:55:17,21.51,100,
09:55:17,21.5099,300,
09:55:17,21.5099,100,
09:55:17,21.51,100,
09:55:17,21.5099,100,
09:55:17,21.5099,300,
09:55:17,21.5099,100,
09:55:17,21.51,1800,
09:55:17,21.51,100,
09:55:17,21.51,100,
09:55:17,21.51,500,
09:55:17,21.51,100,
09:55:18,21.51,100,
09:55:19,21.51,700,
09:55:20,21.5099,200,
09:55:21,21.5073,1320,
09:55:22,21.51,800,
09:55:24,21.52,400,
09:55:24,21.52,400,
09:55:25,21.52,400,
09:55:26,21.52,100,
09:55:26,21.52,300,
09:55:26,21.52,400,
09:55:26,21.52,100,
09:55:27,21.52,900,
09:55:27,21.51,3000,
09:55:28,21.5213,900,
09:55:29,21.53,800,
09:55:30,21.53,700,
09:55:30,21.53,100,
09:55:30,21.53,300,
09:55:30,21.53,1000,
09:55:30,21.53,200,
09:55:30,21.53,100,
09:55:31,21.531,300,
09:55:34,21.53,100,
09:55:34,21.53,100,
09:55:34,21.53,300,
09:55:34,21.5301,500,
09:55:36,21.55,300,
09:55:36,21.54,400,
09:55:36,21.54,200,
09:55:36,21.55,300,
09:55:36,21.55,200,
09:55:36,21.55,162,
09:55:37,21.549,200,
09:55:37,21.55,100,
09:55:37,21.549,300,
09:55:37,21.549,300,
09:55:37,21.5401,200,
09:55:39,21.55,100,
09:55:40,21.53,200,
09:55:41,21.55,200,
09:55:49,21.564,750,
09:55:50,21.55,100,
09:55:51,21.5573,1000,
09:55:55,21.56,300,
09:55:55,21.56,400,
09:55:55,21.56,200,
09:55:56,21.56,400,
09:55:57,21.56,400,
09:55:57,21.552,200,
09:56:08,21.54,2000,
09:56:12,21.52,400,
09:56:12,21.52,500,
09:56:13,21.52,300,
09:56:13,21.53,400,
09:56:19,21.534,150,
09:56:32,21.54,200,
09:56:32,21.55,200,
09:56:32,21.55,500,
09:56:33,21.56,200,
09:56:33,21.57,700,
09:56:33,21.56,400,
09:56:33,21.57,300,
09:56:33,21.58,100,
09:56:33,21.58,100,
09:56:33,21.58,100,
09:56:33,21.58,100,
09:56:36,21.59,300,
09:56:36,21.59,400,
09:56:36,21.59,1300,
09:56:36,21.59,2400,
09:56:36,21.59,400,
09:56:36,21.59,100,
09:56:36,21.59,400,
09:56:37,21.60,300,
09:56:37,21.60,400,
09:56:37,21.59,200,
09:56:38,21.60,800,
09:56:38,21.60,900,
09:56:38,21.60,400,
09:56:38,21.60,100,
09:56:38,21.60,300,
09:56:41,21.61,100,
09:56:41,21.61,400,
09:56:41,21.61,100,
09:56:41,21.61,100,
09:56:43,21.611,113,
09:56:43,21.56,2600,
09:56:43,21.57,100,
09:56:43,21.56,100,
09:56:43,21.56,800,
09:56:43,21.56,1800,
09:56:43,21.56,100,
09:56:44,21.56,300,
09:56:44,21.56,500,
09:56:46,21.56,400,
09:56:46,21.56,400,
09:56:52,21.579,1000,
09:56:55,21.55,400,
09:56:55,21.55,400,
09:56:55,21.55,200,
09:56:55,21.55,200,
09:57:01,21.5657,100,
09:57:04,21.57,400,
09:57:09,21.58,200,
09:57:12,21.5814,250,
09:57:13,21.59,100,
09:57:13,21.60,400,
09:57:13,21.589,800,
09:57:14,21.5901,200,
09:57:16,21.59,200,
09:57:16,21.59,200,
09:57:21,21.5999,2300,
09:57:28,21.574,300,
09:57:34,21.60,2000,
09:57:40,21.563,1000,
09:57:46,21.56,400,
09:57:47,21.56,100,
09:57:47,21.56,300,
09:57:47,21.56,100,
09:57:47,21.56,800,
09:57:47,21.56,900,
09:57:47,21.5597,800,
09:57:47,21.56,100,
09:57:47,21.56,300,
09:57:48,21.56,300,
09:57:48,21.56,900,
09:57:48,21.56,100,
09:57:48,21.56,500,
09:57:48,21.56,461,
09:57:48,21.55,400,
09:57:48,21.55,100,
09:57:49,21.57,2200,
09:57:56,21.58,1100,
09:57:56,21.58,200,
09:57:57,21.5978,500,
09:57:58,21.59,400,
09:58:04,21.5807,105,
09:58:07,21.581,200,
09:58:19,21.577,500,
09:58:30,21.5893,300,
09:58:30,21.59,3000,
09:58:30,21.58,2400,
09:58:36,21.59,1000,
09:58:41,21.5892,900,
09:58:41,21.589,1000,
09:58:44,21.588,190,
09:58:47,21.5873,1000,
09:58:52,21.59,100,
09:58:55,21.58,100,
09:58:56,21.59,200,
09:58:56,21.59,200,
09:58:56,21.5901,1100,
09:58:56,21.5901,200,
09:58:56,21.5901,200,
09:58:56,21.5901,200,
09:58:56,21.5901,700,
09:58:56,21.5901,200,
09:58:56,21.59,500,
09:58:56,21.59,1100,
09:58:56,21.59,100,
09:58:58,21.59,400,
09:58:58,21.59,400,
09:58:58,21.59,400,
09:59:01,21.601,807,
09:59:07,21.608,1000,
09:59:12,21.60,800,
09:59:12,21.60,100,
09:59:12,21.60,100,
09:59:12,21.60,500,
09:59:13,21.59,100,
09:59:13,21.59,900,
09:59:13,21.59,300,
09:59:13,21.59,700,
09:59:13,21.59,100,
09:59:15,21.60,200,
09:59:15,21.5999,300,
09:59:15,21.60,300,
09:59:15,21.5999,200,
09:59:15,21.5999,200,
09:59:15,21.5999,100,
09:59:15,21.60,100,
09:59:15,21.60,100,
09:59:15,21.5999,200,
09:59:15,21.5999,100,
09:59:15,21.5999,100,
09:59:15,21.5999,200,
09:59:16,21.5999,200,
09:59:16,21.61,100,
09:59:17,21.61,200,
09:59:17,21.61,200,
09:59:17,21.62,700,
09:59:18,21.618,1000,
09:59:20,21.64,100,
09:59:20,21.64,100,
09:59:20,21.64,600,
09:59:20,21.64,100,
09:59:20,21.63,200,
09:59:20,21.63,1200,
09:59:20,21.64,900,
09:59:20,21.63,200,
09:59:20,21.63,300,
09:59:20,21.63,900,
09:59:20,21.64,100,
09:59:20,21.64,900,
09:59:20,21.63,600,
09:59:22,21.648,100,
09:59:22,21.648,400,
09:59:24,21.65,100,
09:59:24,21.6501,100,
09:59:24,21.6501,900,
09:59:24,21.66,600,
09:59:25,21.67,100,
09:59:25,21.67,400,
09:59:25,21.67,700,
09:59:26,21.678,300,
09:59:28,21.689,200,
09:59:28,21.689,200,
09:59:29,21.69,100,
09:59:29,21.69,100,
09:59:29,21.69,200,
09:59:29,21.69,100,
09:59:29,21.70,200,
09:59:29,21.68,100,
09:59:30,21.6872,200,
09:59:30,21.689,100,
09:59:33,21.67,600,
09:59:33,21.67,700,
09:59:33,21.68,100,
09:59:33,21.68,500,
09:59:33,21.68,400,
09:59:33,21.69,300,
09:59:33,21.70,600,
09:59:33,21.68,200,
09:59:33,21.68,200,
09:59:37,21.65,100,
09:59:37,21.65,300,
09:59:37,21.65,100,
09:59:37,21.6499,274,
09:59:42,21.63,100,
09:59:44,21.67,500,
09:59:47,21.6894,500,
09:59:51,21.6841,334,
09:59:52,21.69,1200,
09:59:52,21.6845,1000,
09:59:52,21.6699,7000,
09:59:53,21.67,800,
09:59:53,21.68,1100,
09:59:53,21.68,100,
09:59:56,21.665,500,
09:59:58,21.70,500,
10:00:01,21.60,100,
10:00:01,21.60,8900,
10:00:05,21.63,3000,
10:00:05,21.63,3000,
10:00:05,21.62,100,
10:00:05,21.63,100,
10:00:05,21.63,400,
10:00:08,21.61,100,
10:00:09,21.61,100,
10:00:16,21.6399,250,
10:00:25,21.64,300,
10:00:25,21.64,800,
10:00:25,21.64,300,
10:00:28,21.65,100,
10:00:28,21.65,100,
10:00:29,21.646,100,
10:00:31,21.6699,2200,
10:00:34,21.669,100,
10:00:34,21.67,100,
10:00:35,21.66,200,
10:00:35,21.68,100,
10:00:36,21.6899,600,
10:00:36,21.69,300,
10:00:36,21.69,100,
10:00:38,21.6901,1600,
10:00:40,21.70,1000,
10:00:41,21.70,100,
10:00:41,21.70,300,
10:00:41,21.69,100,
10:00:41,21.70,200,
10:00:42,21.6995,1000,
10:00:43,21.691,5000,
10:00:45,21.71,800,
10:00:53,21.719,1000,
10:00:54,21.71,800,
10:00:56,21.709,200,
10:01:04,21.72,200,
10:01:04,21.72,200,
10:01:04,21.711,1284,
10:01:04,21.72,200,
10:01:04,21.73,500,
10:01:08,21.727,500,
10:01:09,21.7399,1000,
10:01:11,21.73,100,
10:01:16,21.72,1000,
10:01:19,21.71,100,
10:01:22,21.71,100,
10:01:22,21.71,600,
10:01:23,21.70,1000,
10:01:24,21.7027,1500,
10:01:25,21.70,300,
10:01:25,21.70,200,
10:01:26,21.70,2700,
10:01:28,21.7073,500,
10:01:28,21.70,100,
10:01:28,21.70,900,
10:01:31,21.71,500,
10:01:32,21.7101,900,
10:01:32,21.70,2400,
10:01:32,21.71,500,
10:01:32,21.71,200,
10:01:32,21.71,600,
10:01:34,21.7132,3000,
10:01:35,21.71,100,
10:01:35,21.71,300,
10:01:47,21.70,800,
10:01:47,21.7001,800,
10:01:49,21.70,100,
10:01:49,21.70,100,
10:01:49,21.69,300,
10:01:52,21.704,150,
10:01:54,21.70,300,
10:01:54,21.70,300,
10:01:54,21.70,720,
10:01:56,21.692,200,
10:01:58,21.682,1500,
10:01:58,21.69,300,
10:02:00,21.68,200,
10:02:00,21.6967,100,
10:02:03,21.6899,13000,
10:02:06,21.6873,1000,
10:02:06,21.6985,400,
10:02:07,21.70,700,
10:02:10,21.7099,100,
10:02:10,21.708,300,
10:02:10,21.708,200,
10:02:10,21.7099,100,
10:02:10,21.71,200,
10:02:10,21.71,100,
10:02:10,21.708,420,
10:02:10,21.71,600,
10:02:11,21.71,300,
10:02:14,21.728,250,
10:02:17,21.70,200,
10:02:18,21.6905,1300,
10:02:19,21.71,300,
10:02:19,21.71,100,
10:02:25,21.7099,100,
10:02:25,21.71,100,
10:02:25,21.71,100,
10:02:25,21.708,300,
10:02:25,21.708,100,
10:02:25,21.71,300,
10:02:25,21.71,250,
10:02:26,21.709,2000,
10:02:27,21.70,300,
10:02:32,21.69,200,
10:02:36,21.701,300,
10:02:36,21.701,300,
10:02:37,21.701,100,
10:02:40,21.71,100,
10:02:42,21.6999,1000,
10:02:43,21.69,100,
10:02:44,21.68,1000,
10:02:47,21.70,150,
10:02:47,21.70,300,
10:02:47,21.70,300,
10:02:47,21.70,900,
10:02:47,21.70,300,
10:02:47,21.71,100,
10:02:47,21.71,300,
10:02:48,21.71,400,
10:02:50,21.7199,2500,
10:02:52,21.711,300,
10:02:54,21.7129,350,
10:03:04,21.70,300,
10:03:05,21.70,100,
10:03:07,21.6901,1000,
10:03:12,21.678,100,
10:03:12,21.68,100,
10:03:12,21.678,100,
10:03:12,21.68,100,
10:03:12,21.678,200,
10:03:12,21.678,100,
10:03:12,21.678,100,
10:03:12,21.68,200,
10:03:12,21.68,100,
10:03:15,21.6844,200,
10:03:17,21.671,200,
10:03:17,21.671,400,
10:03:22,21.65,100,
10:03:22,21.65,300,
10:03:22,21.65,200,
10:03:22,21.64,100,
10:03:28,21.624,300,
10:03:28,21.621,500,
10:03:28,21.6223,900,
10:03:28,21.621,1400,
10:03:29,21.63,100,
10:03:29,21.62,4500,
10:03:29,21.63,900,
10:03:29,21.6299,900,
10:03:29,21.6299,800,
10:03:31,21.639,600,
10:03:32,21.631,200,
10:03:32,21.631,260,
10:03:33,21.62,100,
10:03:33,21.622,500,
10:03:34,21.62,200,
10:03:34,21.612,200,
10:03:34,21.61,100,
10:03:34,21.61,700,
10:03:35,21.60,300,
10:03:35,21.60,300,
10:03:35,21.60,600,
10:03:35,21.60,100,
10:03:35,21.60,300,
10:03:35,21.59,400,
10:03:35,21.5829,225,
10:03:37,21.59,1600,
10:03:40,21.59,200,
10:03:40,21.5923,800,
10:03:40,21.591,1700,
10:03:41,21.59,900,
10:03:44,21.57,100,
10:03:46,21.58,100,
10:03:49,21.591,600,
10:03:50,21.59,400,
10:03:50,21.5915,900,
10:03:50,21.591,1600,
10:03:52,21.59,100,
10:03:53,21.59,1900,
10:03:53,21.5901,200,
10:03:53,21.59,200,
10:03:55,21.591,100,
10:03:56,21.599,100,
10:03:58,21.5701,1000,
10:04:00,21.55,400,
10:04:00,21.551,300,
10:04:01,21.55,500,
10:04:03,21.561,100,
10:04:03,21.561,100,
10:04:04,21.55,600,
10:04:09,21.561,200,
10:04:09,21.561,200,
10:04:10,21.5687,700,
10:04:11,21.5512,3000,
10:04:12,21.5685,1000,
10:04:12,21.56,1000,
10:04:14,21.554,200,
10:04:15,21.554,100,
10:04:15,21.551,100,
10:04:17,21.55,500,
10:04:17,21.5501,500,
10:04:17,21.5501,1000,
10:04:19,21.56,100,
10:04:20,21.55,400,
10:04:22,21.551,100,
10:04:25,21.521,200,
10:04:25,21.521,200,
10:04:26,21.5201,200,
10:04:26,21.5201,100,
10:04:26,21.53,300,
10:04:27,21.53,100,
10:04:28,21.54,400,
10:04:30,21.54,100,
10:04:36,21.531,100,
10:04:36,21.531,100,
10:04:38,21.52,500,
10:04:38,21.52,315,
10:04:38,21.52,315,
10:04:39,21.51,100,
10:04:44,21.491,300,
10:04:44,21.50,1300,
10:04:46,21.50,300,
10:04:50,21.491,500,
10:04:52,21.49,300,
10:04:53,21.491,200,
10:04:55,21.491,100,
10:04:57,21.50,150,
10:05:02,21.48,200,
10:05:03,21.471,100,
10:05:04,21.48,100,
10:05:04,21.48,100,
10:05:08,21.49,800,
10:05:09,21.48,200,
10:05:09,21.48,300,
10:05:09,21.48,200,
10:05:09,21.48,100,
10:05:09,21.48,100,
10:05:09,21.47,400,
10:05:09,21.47,200,
10:05:09,21.47,200,
10:05:10,21.48,900,
10:05:11,21.50,1500,
10:05:15,21.50,300,
10:05:16,21.51,450,
10:05:21,21.5014,200,
10:05:23,21.50,100,
10:05:23,21.5027,750,
10:05:25,21.50,300,
10:05:25,21.51,300,
10:05:32,21.4898,400,
10:05:32,21.4898,500,
10:05:32,21.4898,600,
10:05:32,21.4899,100,
10:05:32,21.4899,300,
10:05:32,21.49,100,
10:05:32,21.49,100,
10:05:32,21.49,900,
10:05:32,21.4899,100,
10:05:32,21.4899,300,
10:05:32,21.49,300,
10:05:37,21.4601,100,
10:05:37,21.45,1105,
10:05:39,21.445,160,
10:05:40,21.44,300,
10:05:41,21.44,100,
10:05:41,21.44,100,
10:05:42,21.44,300,
10:05:42,21.44,100,
10:05:48,21.45,200,
10:05:50,21.451,600,
10:05:50,21.451,600,
10:05:55,21.4699,4500,
10:05:56,21.464,700,
10:05:59,21.43,4000,
10:06:01,21.43,700,
10:06:01,21.43,200,
10:06:01,21.43,100,
10:06:01,21.43,100,
10:06:02,21.433,1500,
10:06:03,21.431,200,
10:06:05,21.431,300,
10:06:06,21.42,100,
10:06:06,21.42,100,
10:06:06,21.42,100,
10:06:06,21.42,100,
10:06:06,21.42,200,
10:06:07,21.42,300,
10:06:07,21.42,200,
10:06:07,21.42,400,
10:06:07,21.42,1500,
10:06:07,21.42,200,
10:06:07,21.42,300,
10:06:08,21.42,200,
10:06:09,21.4101,100,
10:06:09,21.4101,200,
10:06:09,21.41,100,
10:06:09,21.42,100,
10:06:10,21.4159,410,
10:06:11,21.40,500,
10:06:12,21.40,500,
10:06:12,21.40,700,
10:06:12,21.40,300,
10:06:12,21.40,100,
10:06:13,21.40,100,
10:06:13,21.39,165,
10:06:13,21.39,200,
10:06:13,21.38,129,
10:06:13,21.38,1000,
10:06:13,21.38,100,
10:06:13,21.38,100,
10:06:14,21.391,1800,
10:06:14,21.401,100,
10:06:14,21.38,235,
10:06:14,21.40,1000,
10:06:14,21.3999,1200,
10:06:15,21.381,1000,
10:06:15,21.381,1000,
10:06:16,21.38,320,
10:06:16,21.382,200,
10:06:16,21.38,200,
10:06:16,21.38,600,
10:06:16,21.38,300,
10:06:17,21.381,800,
10:06:17,21.39,100,
10:06:21,21.382,100,
10:06:22,21.39,100,
10:06:22,21.38,100,
10:06:22,21.38,600,
10:06:22,21.38,300,
10:06:23,21.38,200,
10:06:23,21.3801,200,
10:06:23,21.3801,100,
10:06:23,21.38,390,
10:06:23,21.38,300,
10:06:24,21.3857,225,
10:06:29,21.3891,100,
10:06:31,21.4001,100,
10:06:31,21.3925,5000,
10:06:32,21.4007,300,
10:06:33,21.3945,1000,
10:06:35,21.41,100,
10:06:35,21.4079,200,
10:06:35,21.4079,400,
10:06:36,21.4114,200,
10:06:38,21.41,100,
10:06:38,21.411,250,
10:06:39,21.4107,145,
10:06:47,21.411,350,
10:06:48,21.42,100,
10:06:48,21.42,100,
10:06:48,21.42,100,
10:06:48,21.4199,100,
10:06:48,21.4199,100,
10:06:51,21.43,100,
10:06:51,21.4399,1000,
10:06:53,21.45,100,
10:06:56,21.44,100,
10:07:00,21.4314,200,
10:07:00,21.4259,100,
10:07:03,21.41,425,
10:07:03,21.41,100,
10:07:03,21.41,100,
10:07:05,21.41,900,
10:07:05,21.41,100,
10:07:05,21.401,100,
10:07:06,21.4015,2000,
10:07:08,21.39,500,
10:07:12,21.39,500,
10:07:12,21.39,500,
10:07:16,21.38,200,
10:07:17,21.38,200,
10:07:17,21.38,100,
10:07:17,21.37,200,
10:07:18,21.374,300,
10:07:18,21.371,400,
10:07:18,21.3793,200,
10:07:22,21.37,100,
10:07:22,21.3677,100,
10:07:22,21.369,200,
10:07:25,21.36,300,
10:07:25,21.36,200,
10:07:26,21.361,300,
10:07:26,21.361,200,
10:07:26,21.369,300,
10:07:27,21.38,100,
10:07:27,21.38,100,
10:07:27,21.37,100,
10:07:30,21.38,100,
10:07:30,21.38,100,
10:07:30,21.38,100,
10:07:31,21.37,900,
10:07:32,21.3799,200,
10:07:32,21.3799,600,
10:07:32,21.3799,200,
10:07:32,21.38,200,
10:07:32,21.38,100,
10:07:32,21.38,200,
10:07:35,21.37,100,
10:07:35,21.37,300,
10:07:35,21.37,300,
10:07:35,21.37,200,
10:07:35,21.37,100,
10:07:38,21.3699,400,
10:07:39,21.3629,232,
10:07:41,21.368,2000,
10:07:45,21.37,200,
10:07:45,21.368,300,
10:07:45,21.368,200,
10:07:45,21.37,200,
10:07:45,21.36,100,
10:07:45,21.368,100,
10:07:45,21.368,100,
10:07:45,21.37,100,
10:07:48,21.37,300,
10:07:48,21.3701,300,
10:07:48,21.36,2500,
10:07:49,21.372,100,
10:07:49,21.37,100,
10:07:50,21.3756,250,
10:07:52,21.3705,810,
10:08:00,21.3873,620,
10:08:00,21.3801,300,
10:08:00,21.3801,400,
10:08:00,21.3801,900,
10:08:02,21.381,200,
10:08:04,21.3802,300,
10:08:09,21.3701,100,
10:08:12,21.40,200,
10:08:17,21.3907,300,
10:08:19,21.40,100,
10:08:23,21.4014,200,
10:08:24,21.4001,200,
10:08:24,21.4071,200,
10:08:28,21.39,100,
10:08:29,21.3986,300,
10:08:30,21.3999,100,
10:08:32,21.41,5000,
10:08:35,21.4005,600,
10:08:42,21.408,500,
10:08:43,21.40,300,
10:08:43,21.41,200,
10:08:43,21.40,300,
10:08:43,21.40,300,
10:08:43,21.40,1800,
10:08:47,21.39,100,
10:08:51,21.4099,100,
10:08:51,21.41,100,
10:08:51,21.41,100,
10:08:51,21.41,12000,
10:08:53,21.40,200,
10:08:54,21.40,200,
10:08:55,21.4014,100,
10:08:55,21.4099,100,
10:08:56,21.40,400,
10:08:56,21.40,400,
10:08:56,21.40,200,
10:08:57,21.40,200,
10:09:00,21.40,200,
10:09:02,21.401,200,
10:09:07,21.4073,1000,
10:09:13,21.40,764,
10:09:13,21.40,2200,
10:09:13,21.40,700,
10:09:13,21.39,100,
10:09:13,21.39,100,
10:09:13,21.39,100,
10:09:13,21.39,400,
10:09:13,21.39,300,
10:09:13,21.38,100,
10:09:13,21.38,100,
10:09:13,21.38,200,
10:09:14,21.38,300,
10:09:14,21.37,100,
10:09:14,21.409,500,
10:09:22,21.4143,500,
10:09:26,21.419,200,
10:09:27,21.419,800,
10:09:27,21.414,300,
10:09:31,21.41,100,
10:09:31,21.41,100,
10:09:31,21.41,100,
10:09:32,21.40,200,
10:09:34,21.39,800,
10:09:34,21.39,300,
10:09:34,21.388,300,
10:09:34,21.388,300,
10:09:34,21.388,100,
10:09:34,21.39,100,
10:09:38,21.371,1400,
10:09:39,21.38,250,
10:09:40,21.37,200,
10:09:40,21.37,500,
10:09:40,21.37,200,
10:09:40,21.37,100,
10:09:40,21.35,400,
10:09:41,21.37,100,
10:09:41,21.3501,120,
10:09:43,21.355,150,
10:09:46,21.38,300,
10:09:47,21.3701,1000,
10:09:48,21.371,3000,
10:09:49,21.37,300,
10:09:50,21.379,100,
10:09:51,21.37,300,
10:09:51,21.37,300,
10:09:51,21.37,100,
10:09:51,21.37,200,
10:09:53,21.3685,100,
10:09:53,21.3685,100,
10:09:54,21.38,2500,
10:09:58,21.3685,5000,
10:10:00,21.35,400,
10:10:00,21.36,200,
10:10:01,21.35,400,
10:10:01,21.35,100,
10:10:01,21.34,200,
10:10:01,21.34,250,
10:10:02,21.35,300,
10:10:02,21.3499,300,
10:10:02,21.3499,300,
10:10:02,21.3499,500,
10:10:02,21.35,500,
10:10:02,21.3499,400,
10:10:02,21.35,400,
10:10:03,21.359,1000,
10:10:03,21.36,1300,
10:10:04,21.33,200,
10:10:04,21.33,200,
10:10:04,21.33,300,
10:10:04,21.35,500,
10:10:05,21.32,195,
10:10:05,21.33,300,
10:10:05,21.32,200,
10:10:05,21.32,200,
10:10:06,21.32,300,
10:10:06,21.32,760,
10:10:06,21.32,920,
10:10:08,21.33,100,
10:10:08,21.33,100,
10:10:10,21.3201,300,
10:10:10,21.32,100,
10:10:10,21.32,3000,
10:10:11,21.3129,300,
10:10:11,21.31,300,
10:10:11,21.31,400,
10:10:11,21.311,1000,
10:10:12,21.31,200,
10:10:13,21.31,200,
10:10:14,21.31,1200,
10:10:14,21.31,100,
10:10:14,21.31,100,
10:10:14,21.31,1200,
10:10:14,21.31,100,
10:10:14,21.30,100,
10:10:14,21.30,200,
10:10:14,21.30,100,
10:10:14,21.302,300,
10:10:14,21.302,700,
10:10:14,21.30,300,
10:10:14,21.31,1000,
10:10:14,21.31,100,
10:10:14,21.31,200,
10:10:14,21.31,2000,
10:10:15,21.30,2500,
10:10:15,21.32,3000,
10:10:16,21.31,200,
10:10:16,21.30,275,
10:10:17,21.31,200,
10:10:17,21.318,2000,
10:10:18,21.3101,750,
10:10:19,21.31,200,
10:10:19,21.31,260,
10:10:20,21.31,100,
10:10:20,21.31,2500,
10:10:24,21.31,4300,
10:10:25,21.328,500,
10:10:34,21.33,100,
10:10:36,21.344,200,
10:10:39,21.3201,100,
10:10:39,21.32,100,
10:10:39,21.32,100,
10:10:39,21.32,100,
10:10:39,21.32,200,
10:10:43,21.328,1000,
10:10:44,21.32,800,
10:10:44,21.31,400,
10:10:44,21.31,100,
10:10:48,21.31,100,
10:10:48,21.316,189,
10:10:50,21.32,800,
10:10:51,21.32,1000,
10:10:51,21.316,188,
10:10:56,21.32,100,
10:11:04,21.31,300,
10:11:04,21.31,100,
10:11:04,21.3101,600,
10:11:04,21.31,1500,
10:11:04,21.3125,300,
10:11:04,21.3101,300,
10:11:04,21.31,600,
10:11:04,21.3101,1500,
10:11:04,21.3101,700,
10:11:04,21.3101,200,
10:11:04,21.3101,100,
10:11:04,21.31,1400,
10:11:04,21.3125,200,
10:11:05,21.32,500,
10:11:06,21.33,100,
10:11:06,21.33,500,
10:11:06,21.33,100,
10:11:11,21.331,100,
10:11:12,21.339,1000,
10:11:14,21.34,100,
10:11:14,21.34,400,
10:11:14,21.3425,200,
10:11:14,21.345,200,
10:11:15,21.34,200,
10:11:15,21.34,200,
10:11:19,21.34,300,
10:11:19,21.33,200,
10:11:19,21.34,100,
10:11:19,21.34,200,
10:11:19,21.34,100,
10:11:19,21.34,100,
10:11:20,21.3327,1100,
10:11:21,21.335,200,
10:11:21,21.335,200,
10:11:21,21.33,300,
10:11:23,21.335,200,
10:11:23,21.33,200,
10:11:23,21.33,300,
10:11:27,21.3414,200,
10:11:30,21.34,300,
10:11:30,21.35,200,
10:11:30,21.3534,1700,
10:11:36,21.35,100,
10:11:36,21.35,100,
10:11:36,21.3525,100,
10:11:39,21.37,100,
10:11:39,21.3614,200,
10:11:40,21.3693,100,
10:11:42,21.36,175,
10:11:43,21.36,100,
10:11:43,21.3625,100,
10:11:43,21.365,100,
10:11:43,21.3625,100,
10:11:43,21.3625,100,
10:11:45,21.3595,400,
10:11:46,21.3501,3000,
10:11:47,21.36,200,
10:11:47,21.3599,400,
10:11:47,21.36,350,
10:11:47,21.3599,300,
10:11:47,21.36,600,
10:11:47,21.36,300,
10:11:47,21.36,500,
10:11:48,21.36,600,
10:11:48,21.36,100,
10:11:49,21.37,200,
10:11:49,21.37,100,
10:11:49,21.37,100,
10:11:49,21.37,1000,
10:11:49,21.371,200,
10:11:49,21.3725,200,
10:11:50,21.3695,1000,
10:11:51,21.37,100,
10:11:53,21.368,440,
10:11:57,21.3607,400,
10:11:59,21.36,200,
10:11:59,21.36,950,
10:12:03,21.366,200,
10:12:11,21.36,100,
10:12:11,21.37,200,
10:12:11,21.3725,200,
10:12:11,21.3725,200,
10:12:17,21.365,1600,
10:12:17,21.365,200,
10:12:19,21.37,100,
10:12:21,21.37,100,
10:12:21,21.3625,100,
10:12:31,21.35,100,
10:12:31,21.35,600,
10:12:33,21.359,300,
10:12:33,21.3601,900,
10:12:33,21.36,100,
10:12:33,21.3601,100,
10:12:33,21.3601,1250,
10:12:33,21.369,900,
10:12:34,21.3673,1000,
10:12:36,21.37,100,
10:12:36,21.369,1000,
10:12:37,21.36,1100,
10:12:37,21.36,100,
10:12:37,21.36,100,
10:12:37,21.36,100,
10:12:37,21.36,200,
10:12:37,21.36,100,
10:12:37,21.365,100,
10:12:37,21.37,600,
10:12:37,21.37,100,
10:12:37,21.37,100,
10:12:37,21.38,200,
10:12:39,21.366,115,
10:12:39,21.368,1000,
10:12:42,21.39,100,
10:12:42,21.39,100,
10:12:44,21.381,100,
10:12:51,21.37,100,
10:12:59,21.3799,500,
10:13:00,21.374,175,
10:13:02,21.38,400,
10:13:03,21.39,300,
10:13:07,21.39,160,
10:13:09,21.38,500,
10:13:09,21.38,250,
10:13:09,21.38,100,
10:13:10,21.38,300,
10:13:10,21.38,136,
10:13:12,21.38,100,
10:13:12,21.38,100,
10:13:12,21.38,100,
10:13:13,21.40,500,
10:13:17,21.38,100,
10:13:17,21.381,100,
10:13:24,21.381,480,
10:13:24,21.372,820,
10:13:26,21.39,750,
10:13:26,21.3801,200,
10:13:27,21.385,100,
10:13:31,21.3795,900,
10:13:31,21.3699,700,
10:13:31,21.37,500,
10:13:31,21.3699,300,
10:13:31,21.3699,600,
10:13:31,21.37,300,
10:13:31,21.3699,100,
10:13:31,21.3699,400,
10:13:31,21.37,300,
10:13:31,21.37,300,
10:13:31,21.37,100,
10:13:31,21.3699,100,
10:13:31,21.369,700,
10:13:32,21.3799,1000,
10:13:32,21.37,100,
10:13:33,21.378,560,
10:13:36,21.3629,300,
10:13:42,21.369,600,
10:13:45,21.369,1200,
10:13:45,21.35,100,
10:13:45,21.35,100,
10:13:46,21.35,400,
10:13:47,21.33,200,
10:13:47,21.331,220,
10:13:48,21.363,1000,
10:13:49,21.349,100,
10:13:51,21.347,800,
10:13:53,21.31,200,
10:13:55,21.32,1000,
10:13:57,21.3201,100,
10:13:57,21.3201,100,
10:14:04,21.3499,1000,
10:14:06,21.34,200,
10:14:09,21.36,600,
10:14:12,21.3667,425,
10:14:18,21.361,3000,
10:14:20,21.36,100,
10:14:20,21.36,500,
10:14:20,21.36,1000,
10:14:20,21.36,900,
10:14:20,21.36,100,
10:14:20,21.36,100,
10:14:20,21.36,100,
10:14:20,21.37,100,
10:14:20,21.37,100,
10:14:20,21.37,100,
10:14:20,21.3599,200,
10:14:20,21.36,100,
10:14:20,21.35,100,
10:14:21,21.354,100,
10:14:27,21.341,200,
10:14:32,21.35,500,
10:14:42,21.3429,100,
10:14:43,21.34,300,
10:14:47,21.3686,1000,
10:14:47,21.369,600,
10:14:48,21.36,100,
10:14:51,21.37,100,
10:14:51,21.372,100,
10:14:53,21.3645,190,
10:14:54,21.36,100,
10:15:00,21.36,100,
10:15:00,21.37,300,
10:15:03,21.361,915,
10:15:03,21.36,100,
10:15:11,21.33,200,
10:15:12,21.32,117,
10:15:12,21.32,177,
10:15:15,21.31,300,
10:15:15,21.30,100,
10:15:15,21.30,200,
10:15:16,21.3099,260,
10:15:18,21.30,900,
10:15:18,21.30,1000,
10:15:21,21.313,1000,
10:15:23,21.29,500,
10:15:23,21.29,200,
10:15:25,21.2901,500,
10:15:25,21.29,2290,
10:15:25,21.29,700,
10:15:25,21.29,100,
10:15:26,21.29,500,
10:15:28,21.31,100,
10:15:28,21.31,100,
10:15:28,21.31,100,
10:15:28,21.31,300,
10:15:28,21.31,500,
10:15:28,21.31,500,
10:15:28,21.31,100,
10:15:30,21.31,100,
10:15:30,21.31,100,
10:15:33,21.31,100,
10:15:33,21.31,400,
10:15:33,21.31,300,
10:15:36,21.329,100,
10:15:42,21.319,1350,
10:15:46,21.3229,400,
10:15:51,21.31,100,
10:15:54,21.306,200,
10:16:04,21.3001,100,
10:16:08,21.3099,148,
10:16:10,21.29,300,
10:16:10,21.29,300,
10:16:13,21.29,1000,
10:16:21,21.2973,1000,
10:16:25,21.31,200,
10:16:28,21.306,6000,
10:16:33,21.29,300,
10:16:33,21.29,300,
10:16:33,21.29,100,
10:16:34,21.29,100,
10:16:38,21.30,500,
10:16:40,21.30,100,
10:16:40,21.30,100,
10:16:40,21.30,300,
10:16:41,21.30,100,
10:16:43,21.30,100,
10:16:43,21.30,100,
10:16:43,21.30,100,
10:16:45,21.3071,200,
10:16:46,21.30,100,
10:16:46,21.30,300,
10:16:46,21.30,100,
10:16:47,21.31,300,
10:16:47,21.31,100,
10:16:47,21.31,300,
10:16:47,21.31,100,
10:16:47,21.31,100,
10:16:49,21.30,100,
10:16:49,21.30,100,
10:16:49,21.30,100,
10:16:49,21.30,200,
10:16:49,21.30,200,
10:16:49,21.30,100,
10:16:49,21.3001,100,
10:16:49,21.3001,100,
10:16:49,21.3001,100,
10:16:49,21.3001,100,
10:16:49,21.3001,200,
10:16:49,21.3001,300,
10:16:49,21.3099,1000,
10:16:53,21.30,100,
10:16:57,21.2973,500,
10:16:58,21.2995,1000,
10:17:03,21.309,1000,
10:17:05,21.3085,2000,
10:17:05,21.28,100,
10:17:05,21.28,100,
10:17:05,21.28,200,
10:17:06,21.30,100,
10:17:06,21.30,200,
10:17:06,21.30,100,
10:17:06,21.30,11217,
10:17:06,21.29,100,
10:17:06,21.291,1500,
10:17:07,21.291,100,
10:17:14,21.2927,1000,
10:17:15,21.30,300,
10:17:21,21.29,100,
10:17:21,21.285,100,
10:17:26,21.2902,1000,
10:17:27,21.29,200,
10:17:30,21.284,400,
10:17:36,21.283,1260,
10:17:39,21.29,100,
10:17:40,21.28,100,
10:17:40,21.2801,100,
10:17:40,21.28,100,
10:17:40,21.2801,100,
10:17:45,21.29,100,
10:17:45,21.2805,1800,
10:17:51,21.293,1000,
10:18:03,21.28,100,
10:18:03,21.28,3000,
10:18:03,21.28,200,
10:18:03,21.28,100,
10:18:04,21.27,200,
10:18:07,21.29,500,
10:18:07,21.29,100,
10:18:10,21.30,200,
10:18:10,21.30,300,
10:18:10,21.30,100,
10:18:10,21.298,200,
10:18:10,21.298,100,
10:18:12,21.2927,1600,
10:18:15,21.293,660,
10:18:18,21.2812,2000,
10:18:21,21.287,700,
10:18:28,21.2886,300,
10:18:30,21.30,1000,
10:18:30,21.28,100,
10:18:31,21.281,540,
10:18:43,21.3014,500,
10:18:50,21.3003,100,
10:19:00,21.3014,200,
10:19:05,21.29,100,
10:19:05,21.29,100,
10:19:05,21.29,100,
10:19:05,21.29,100,
10:19:06,21.29,800,
10:19:09,21.292,250,
10:19:14,21.2855,500,
10:19:22,21.2907,350,
10:19:27,21.30,300,
10:19:36,21.2822,1000,
10:19:43,21.29,1000,
10:19:47,21.27,600,
10:19:48,21.25,100,
10:19:48,21.25,165,
10:19:48,21.25,100,
10:19:48,21.25,300,
10:19:48,21.25,100,
10:19:48,21.25,200,
10:19:49,21.25,300,
10:19:49,21.25,100,
10:19:49,21.25,400,
10:19:50,21.2505,1000,
10:19:52,21.25,100,
10:19:53,21.25,100,
10:19:53,21.25,100,
10:19:53,21.24,425,
10:19:53,21.24,160,
10:19:56,21.25,200,
10:20:03,21.28,100,
10:20:06,21.25,34800,
10:20:07,21.26,1465,
10:20:07,21.26,100,
10:20:07,21.26,300,
10:20:07,21.25,200,
10:20:07,21.26,400,
10:20:07,21.26,200,
10:20:07,21.26,235,
10:20:07,21.25,200,
10:20:07,21.25,400,
10:20:07,21.25,600,
10:20:07,21.24,422,
10:20:07,21.24,491,
10:20:07,21.24,300,
10:20:07,21.24,191,
10:20:07,21.24,309,
10:20:07,21.24,900,
10:20:07,21.24,100,
10:20:07,21.24,278,
10:20:07,21.24,500,
10:20:07,21.23,900,
10:20:07,21.23,365,
10:20:07,21.23,300,
10:20:07,21.23,657,
10:20:07,21.24,100,
10:20:07,21.22,100,
10:20:07,21.23,100,
10:20:07,21.23,100,
10:20:07,21.24,300,
10:20:07,21.24,100,
10:20:07,21.24,1000,
10:20:07,21.24,300,
10:20:07,21.25,800,
10:20:07,21.26,2000,
10:20:07,21.26,100,
10:20:07,21.23,100,
10:20:07,21.23,100,
10:20:07,21.23,100,
10:20:07,21.23,100,
10:20:07,21.23,100,
10:20:07,21.23,100,
10:20:07,21.22,200,
10:20:07,21.22,100,
10:20:07,21.22,100,
10:20:07,21.22,100,
10:20:07,21.22,1800,
10:20:07,21.22,300,
10:20:07,21.22,100,
10:20:07,21.24,100,
10:20:07,21.23,300,
10:20:07,21.23,300,
10:20:08,21.2329,200,
10:20:08,21.232,160,
10:20:08,21.23,160,
10:20:08,21.232,200,
10:20:08,21.232,130,
10:20:08,21.23,130,
10:20:08,21.23,100,
10:20:08,21.23,100,
10:20:08,21.232,100,
10:20:08,21.232,100,
10:20:08,21.2429,200,
10:20:09,21.23,600,
10:20:09,21.2325,7000,
10:20:10,21.234,100,
10:20:10,21.2301,200,
10:20:10,21.22,150,
10:20:11,21.2313,2900,
10:20:11,21.22,1000,
10:20:13,21.22,300,
10:20:15,21.2244,150,
10:20:18,21.24,100,
10:20:18,21.23,100,
10:20:18,21.23,100,
10:20:20,21.2201,2000,
10:20:22,21.2207,400,
10:20:25,21.218,1500,
10:20:27,21.221,300,
10:20:27,21.221,200,
10:20:34,21.22,600,
10:20:34,21.218,600,
10:20:34,21.22,200,
10:20:34,21.23,400,
10:20:35,21.22,1000,
10:20:35,21.22,300,
10:20:35,21.212,100,
10:20:36,21.21,900,
10:20:36,21.21,210,
10:20:36,21.21,300,
10:20:36,21.20,300,
10:20:36,21.20,700,
10:20:36,21.19,300,
10:20:36,21.19,300,
10:20:36,21.20,300,
10:20:36,21.19,150,
10:20:36,21.18,100,
10:20:36,21.18,100,
10:20:37,21.18,500,
10:20:37,21.18,100,
10:20:37,21.18,200,
10:20:37,21.19,500,
10:20:37,21.19,200,
10:20:37,21.18,100,
10:20:37,21.20,2000,
10:20:37,21.19,100,
10:20:37,21.191,800,
10:20:37,21.1907,130,
10:20:37,21.22,300,
10:20:38,21.1927,1169,
10:20:39,21.199,900,
10:20:39,21.19,200,
10:20:39,21.18,2400,
10:20:40,21.191,100,
10:20:40,21.18,150,
10:20:40,21.20,100,
10:20:42,21.20,100,
10:20:42,21.20,100,
10:20:42,21.20,100,
10:20:44,21.20,100,
10:20:44,21.20,100,
10:20:46,21.20,100,
10:20:50,21.20,300,
10:20:50,21.2006,2600,
10:20:51,21.203,1000,
10:20:53,21.21,300,
10:20:56,21.2101,3250,
10:21:00,21.23,600,
10:21:03,21.2245,1500,
10:21:07,21.212,450,
10:21:08,21.21,400,
10:21:10,21.23,500,
10:21:10,21.23,500,
10:21:10,21.23,200,
10:21:10,21.23,400,
10:21:10,21.23,100,
10:21:11,21.22,500,
10:21:13,21.236,200,
10:21:14,21.229,100,
10:21:16,21.229,100,
10:21:18,21.221,100,
10:21:19,21.229,1000,
10:21:22,21.227,1000,
10:21:23,21.2213,210,
10:21:23,21.222,1100,
10:21:23,21.2213,748,
10:21:23,21.23,399,
10:21:24,21.23,400,
10:21:24,21.23,300,
10:21:26,21.23,2000,
10:21:27,21.23,442,
10:21:31,21.25,100,
10:21:32,21.2499,200,
10:21:37,21.246,100,
10:21:38,21.25,900,
10:21:39,21.248,1000,
10:21:43,21.242,1000,
10:21:45,21.2501,7500,
10:21:48,21.2599,100,
10:21:49,21.259,135,
10:21:49,21.2599,2650,
10:21:50,21.27,100,
10:21:50,21.27,300,
10:21:50,21.2601,400,
10:21:52,21.26,100,
10:21:52,21.2695,1500,
10:21:55,21.269,1000,
10:21:58,21.26,600,
10:21:58,21.26,200,
10:21:58,21.25,100,
10:21:58,21.258,3900,
10:22:01,21.2567,207,
10:22:02,21.26,1000,
10:22:03,21.2427,625,
10:22:07,21.258,1000,
10:22:10,21.259,1000,
10:22:16,21.269,1000,
10:22:19,21.268,5000,
10:22:20,21.27,1900,
10:22:30,21.26,900,
10:22:32,21.26,200,
10:22:32,21.26,100,
10:22:32,21.259,100,
10:22:34,21.259,100,
10:22:34,21.259,200,
10:22:37,21.26,200,
10:22:37,21.259,100,
10:22:37,21.26,300,
10:22:37,21.259,200,
10:22:37,21.259,200,
10:22:40,21.259,400,
10:22:43,21.271,6000,
10:22:44,21.289,200,
10:22:44,21.289,100,
10:22:44,21.29,336,
10:22:51,21.27,200,
10:22:55,21.277,1000,
10:23:04,21.29,100,
10:23:05,21.289,100,
10:23:05,21.289,100,
10:23:05,21.29,100,
10:23:07,21.289,100,
10:23:11,21.289,500,
10:23:11,21.29,500,
10:23:11,21.29,600,
10:23:13,21.30,400,
10:23:18,21.30,100,
10:23:20,21.2999,500,
10:23:20,21.2913,987,
10:23:26,21.28,1000,
10:23:31,21.289,500,
10:23:31,21.28,500,
10:23:32,21.2899,700,
10:23:32,21.2899,200,
10:23:32,21.2899,200,
10:23:32,21.2899,300,
10:23:32,21.29,300,
10:23:32,21.2899,400,
10:23:32,21.2899,200,
10:23:32,21.2899,200,
10:23:32,21.29,200,
10:23:32,21.29,200,
10:23:37,21.285,500,
10:23:37,21.284,250,
10:23:41,21.2999,4000,
10:23:45,21.2873,629,
10:23:55,21.291,1617,
10:24:07,21.2999,500,
10:24:18,21.3175,5000,
10:24:18,21.32,10000,
10:24:28,21.3199,1500,
10:24:29,21.319,1400,
10:24:31,21.32,100,
10:24:32,21.329,100,
10:24:35,21.33,100,
10:24:35,21.33,125,
10:24:35,21.33,100,
10:24:38,21.34,200,
10:24:41,21.3399,3000,
10:24:43,21.322,1000,
10:24:55,21.34,100,
10:24:56,21.34,100,
10:24:58,21.35,500,
10:24:58,21.3499,400,
10:24:58,21.3499,400,
10:24:58,21.35,400,
10:24:59,21.35,200,
10:24:59,21.3415,4000,
10:25:02,21.34,600,
10:25:03,21.3401,1100,
10:25:03,21.34,100,
10:25:05,21.35,100,
10:25:07,21.3499,300,
10:25:12,21.3401,100,
10:25:13,21.3499,100,
10:25:19,21.35,400,
10:25:19,21.35,1000,
10:25:19,21.35,100,
10:25:21,21.3532,2000,
10:25:24,21.3473,1600,
10:25:28,21.35,500,
10:25:30,21.35,100,
10:25:31,21.3478,800,
10:25:31,21.35,100,
10:25:36,21.3495,1000,
10:25:38,21.3427,900,
10:25:47,21.3499,200,
10:25:50,21.34,2692,
10:25:54,21.3301,1800,
10:25:54,21.33,300,
10:25:54,21.32,100,
10:25:54,21.32,100,
10:25:54,21.32,900,
10:25:54,21.32,400,
10:25:54,21.32,100,
10:25:54,21.32,100,
10:25:55,21.3157,100,
10:25:55,21.33,300,
10:25:55,21.322,100,
10:25:56,21.33,100,
10:25:56,21.33,100,
10:25:56,21.33,200,
10:25:56,21.33,1000,
10:25:56,21.33,100,
10:25:59,21.3299,1000,
10:26:01,21.3207,420,
10:26:10,21.3299,800,
10:26:11,21.33,400,
10:26:13,21.3393,400,
10:26:16,21.344,200,
10:26:22,21.35,100,
10:26:23,21.34,100,
10:26:24,21.34,100,
10:26:24,21.3399,100,
10:26:24,21.34,100,
10:26:37,21.34,300,
10:26:38,21.35,11405,
10:26:45,21.3473,750,
10:26:52,21.334,100,
10:26:57,21.3405,1000,
10:27:09,21.358,100,
10:27:09,21.36,100,
10:27:09,21.358,100,
10:27:09,21.358,100,
10:27:09,21.36,100,
10:27:10,21.352,4000,
10:27:13,21.36,100,
10:27:13,21.36,200,
10:27:13,21.36,100,
10:27:14,21.359,1000,
10:27:16,21.36,700,
10:27:20,21.35,300,
10:27:20,21.3499,400,
10:27:20,21.35,200,
10:27:20,21.35,100,
10:27:20,21.3499,400,
10:27:20,21.35,100,
10:27:20,21.3499,200,
10:27:20,21.3499,100,
10:27:27,21.35,200,
10:27:31,21.35,100,
10:27:34,21.339,300,
10:27:37,21.35,400,
10:27:37,21.35,200,
10:27:37,21.35,100,
10:27:37,21.35,400,
10:27:51,21.348,300,
10:27:53,21.349,133,
10:27:58,21.3871,100,
10:28:02,21.389,200,
10:28:04,21.372,250,
10:28:06,21.3777,100,
10:28:07,21.38,100,
10:28:08,21.3771,300,
10:28:14,21.378,300,
10:28:14,21.38,300,
10:28:14,21.38,300,
10:28:14,21.378,100,
10:28:14,21.378,300,
10:28:16,21.38,300,
10:28:21,21.38,1000,
10:28:21,21.38,264,
10:28:21,21.38,300,
10:28:21,21.38,700,
10:28:25,21.3799,500,
10:28:25,21.38,500,
10:28:25,21.3799,600,
10:28:25,21.38,800,
10:28:25,21.38,100,
10:28:30,21.38,100,
10:28:35,21.3799,2500,
10:28:37,21.3785,5000,
10:28:40,21.38,100,
10:28:47,21.38,736,
10:28:58,21.392,400,
10:29:00,21.39,100,
10:29:03,21.395,400,
10:29:07,21.39,100,
10:29:11,21.381,200,
10:29:16,21.3985,1800,
10:29:16,21.40,100,
10:29:16,21.3999,500,
10:29:18,21.3901,750,
10:29:22,21.40,100,
10:29:22,21.40,100,
10:29:22,21.40,1000,
10:29:23,21.39,600,
10:29:23,21.39,1000,
10:29:25,21.39,500,
10:29:25,21.3901,100,
10:29:25,21.39,100,
10:29:38,21.399,400,
10:29:44,21.399,100,
10:29:47,21.399,2000,
10:29:49,21.40,100,
10:29:49,21.40,100,
10:29:51,21.40,300,
10:29:51,21.40,100,
10:29:51,21.40,100,
10:29:51,21.40,2900,
10:29:51,21.40,300,
10:29:57,21.3901,830,
10:30:02,21.38,100,
10:30:02,21.37,100,
10:30:02,21.37,200,
10:30:02,21.37,500,
10:30:02,21.38,100,
10:30:02,21.37,300,
10:30:07,21.3597,1000,
10:30:07,21.359,200,
10:30:09,21.3501,100,
10:30:09,21.35,400,
10:30:09,21.35,500,
10:30:10,21.348,500,
10:30:10,21.34,300,
10:30:10,21.34,300,
10:30:10,21.34,300,
10:30:16,21.33,10000,
10:30:17,21.35,200,
10:30:18,21.3315,1800,
10:30:21,21.352,274,
10:30:32,21.366,200,
10:30:43,21.3501,2400,
10:30:53,21.35,200,
10:31:02,21.341,400,
10:31:09,21.348,100,
10:31:11,21.349,500,
10:31:15,21.3462,719,
10:31:17,21.34,800,
10:31:41,21.33,500,
10:31:41,21.33,1300,
10:31:45,21.31,300,
10:31:46,21.3199,100,
10:31:53,21.311,300,
10:31:53,21.30,3000,
10:31:54,21.3199,3000,
10:31:57,21.30,100,
10:32:00,21.305,300,
10:32:02,21.30,100,
10:32:03,21.2986,178,
10:32:05,21.2901,500,
10:32:13,21.32,1139,
10:32:14,21.321,100,
10:32:17,21.3301,500,
10:32:29,21.301,100,
10:32:30,21.31,100,
10:32:42,21.29,200,
10:32:50,21.30,3300,
10:32:52,21.2801,4500,
10:32:52,21.2801,100,
10:32:52,21.28,100,
10:32:54,21.30,100,
10:32:56,21.2901,1000,
10:32:56,21.2901,100,
10:32:56,21.29,700,
10:32:56,21.2901,300,
10:32:56,21.2901,700,
10:32:56,21.2901,100,
10:32:56,21.2901,400,
10:32:56,21.29,700,
10:32:56,21.29,300,
10:32:56,21.29,100,
10:32:59,21.299,5000,
10:33:04,21.29,200,
10:33:05,21.30,400,
10:33:05,21.293,1500,
10:33:08,21.291,100,
10:33:14,21.309,500,
10:33:20,21.32,300,
10:33:33,21.3107,400,
10:33:36,21.3201,200,
10:33:50,21.3114,100,
10:33:58,21.2901,300,
10:34:06,21.3006,150,
10:34:17,21.31,1900,
10:34:17,21.306,2000,
10:34:17,21.31,500,
10:34:22,21.3001,100,
10:34:22,21.30,100,
10:34:23,21.31,100,
10:34:28,21.306,200,
10:34:28,21.309,100,
10:34:36,21.30,100,
10:34:36,21.30,300,
10:34:36,21.30,200,
10:34:36,21.30,300,
10:34:36,21.30,400,
10:34:36,21.30,100,
10:34:36,21.30,400,
10:34:36,21.29,100,
10:34:36,21.30,200,
10:34:36,21.29,100,
10:34:36,21.29,200,
10:34:36,21.28,100,
10:34:37,21.29,400,
10:34:38,21.29,400,
10:34:47,21.271,1860,
10:34:47,21.28,1000,
10:34:47,21.28,468,
10:34:47,21.28,134,
10:34:47,21.29,100,
10:34:47,21.29,300,
10:34:47,21.29,300,
10:34:50,21.289,200,
10:34:55,21.2801,300,
10:34:55,21.2801,200,
10:34:55,21.2801,200,
10:35:08,21.291,400,
10:35:14,21.2999,500,
10:35:26,21.3027,600,
10:35:29,21.301,500,
10:35:44,21.3095,500,
10:35:47,21.30,300,
10:35:47,21.301,100,
10:35:47,21.303,500,
10:35:54,21.30,100,
10:36:05,21.28,100,
10:36:08,21.28,100,
10:36:14,21.289,300,
10:36:14,21.29,900,
10:36:17,21.272,120,
10:36:18,21.25,1500,
10:36:18,21.2629,100,
10:36:19,21.2523,119,
10:36:22,21.25,235,
10:36:22,21.24,337,
10:36:26,21.225,100,
10:36:26,21.2273,300,
10:36:28,21.25,100,
10:36:28,21.2399,200,
10:36:29,21.241,1000,
10:36:33,21.2499,2000,
10:36:35,21.25,300,
10:36:38,21.25,200,
10:36:38,21.25,300,
10:36:38,21.25,300,
10:36:38,21.25,100,
10:36:53,21.244,200,
10:36:55,21.25,100,
10:36:55,21.25,100,
10:36:59,21.2699,5400,
10:37:14,21.259,400,
10:37:17,21.2895,1500,
10:37:20,21.30,500,
10:37:21,21.296,100,
10:37:28,21.31,500,
10:37:29,21.33,300,
10:37:29,21.33,100,
10:37:29,21.33,1600,
10:37:30,21.32,3000,
10:37:30,21.32,400,
10:37:30,21.32,100,
10:37:31,21.3199,1700,
10:37:34,21.33,380,
10:37:35,21.3227,900,
10:37:39,21.3299,4000,
10:37:43,21.3273,1000,
10:37:45,21.32,1300,
10:37:47,21.319,1617,
10:37:48,21.3007,300,
10:37:53,21.3295,500,
10:37:57,21.3293,400,
10:38:01,21.3286,1000,
10:38:08,21.329,200,
10:38:14,21.3271,338,
10:38:21,21.332,450,
10:38:24,21.3386,100,
10:38:24,21.3386,100,
10:38:24,21.3386,100,
10:38:24,21.3386,100,
10:38:24,21.34,100,
10:38:27,21.35,2300,
10:38:32,21.35,300,
10:38:32,21.35,100,
10:38:32,21.35,300,
10:38:32,21.3499,300,
10:38:32,21.3499,300,
10:38:32,21.3499,200,
10:38:32,21.3499,300,
10:38:32,21.35,300,
10:38:32,21.3499,300,
10:38:32,21.35,300,
10:38:32,21.3499,300,
10:38:32,21.3499,300,
10:38:32,21.35,300,
10:38:32,21.3499,300,
10:38:39,21.3514,100,
10:38:44,21.3571,300,
10:38:53,21.361,1617,
10:38:54,21.35,900,
10:38:56,21.369,1000,
10:39:01,21.35,100,
10:39:14,21.3399,200,
10:39:21,21.349,125,
10:39:26,21.32,700,
10:39:34,21.33,100,
10:39:47,21.3201,2650,
10:39:55,21.3273,800,
10:40:00,21.312,100,
10:40:02,21.29,100,
10:40:04,21.2808,200,
10:40:09,21.288,2000,
10:40:15,21.26,500,
10:40:15,21.26,500,
10:40:20,21.268,700,
10:40:24,21.2503,200,
10:40:26,21.24,100,
10:40:26,21.24,3000,
10:40:30,21.25,400,
10:40:36,21.248,2200,
10:40:43,21.26,100,
10:40:43,21.26,1000,
10:40:45,21.251,500,
10:40:51,21.25,1500,
10:41:00,21.27,100,
10:41:00,21.27,100,
10:41:03,21.2673,1600,
10:41:08,21.284,1500,
10:41:15,21.27,100,
10:41:15,21.27,100,
10:41:22,21.26,100,
10:41:27,21.252,1000,
10:41:33,21.26,800,
10:41:37,21.25,100,
10:41:40,21.2573,1000,
10:41:47,21.23,100,
10:41:47,21.23,2100,
10:41:54,21.2325,9000,
10:41:59,21.2473,1500,
10:42:20,21.24,100,
10:42:20,21.23,300,
10:42:20,21.23,300,
10:42:20,21.23,300,
10:42:20,21.23,100,
10:42:20,21.23,300,
10:42:20,21.23,300,
10:42:24,21.24,600,
10:42:33,21.23,400,
10:42:34,21.22,100,
10:42:34,21.22,100,
10:42:34,21.22,300,
10:42:34,21.22,100,
10:42:35,21.2095,800,
10:42:36,21.209,500,
10:42:36,21.2029,220,
10:42:39,21.203,625,
10:42:39,21.20,500,
10:42:39,21.20,400,
10:42:39,21.20,300,
10:42:39,21.20,200,
10:42:40,21.19,300,
10:42:40,21.19,700,
10:42:44,21.19,100,
10:42:44,21.19,100,
10:42:44,21.19,100,
10:42:44,21.19,100,
10:42:48,21.20,400,
10:42:50,21.2073,1000,
10:42:52,21.2027,500,
10:42:54,21.21,300,
10:42:54,21.21,300,
10:42:55,21.2101,100,
10:42:55,21.19,370,
10:42:58,21.2095,1500,
10:43:03,21.209,1000,
10:43:05,21.21,300,
10:43:05,21.22,100,
10:43:05,21.22,200,
10:43:05,21.22,200,
10:43:05,21.22,400,
10:43:12,21.22,100,
10:43:12,21.22,300,
10:43:12,21.24,100,
10:43:12,21.21,300,
10:43:12,21.21,300,
10:43:12,21.21,100,
10:43:12,21.23,300,
10:43:12,21.22,300,
10:43:12,21.22,300,
10:43:12,21.23,300,
10:43:12,21.23,300,
10:43:12,21.24,100,
10:43:12,21.24,300,
10:43:12,21.24,900,
10:43:12,21.24,500,
10:43:12,21.24,900,
10:43:12,21.24,500,
10:43:12,21.24,1300,
10:43:12,21.24,300,
10:43:12,21.23,300,
10:43:12,21.24,200,
10:43:12,21.24,1800,
10:43:12,21.25,500,
10:43:12,21.25,200,
10:43:12,21.25,3000,
10:43:12,21.25,300,
10:43:12,21.25,600,
10:43:12,21.25,300,
10:43:12,21.25,690,
10:43:12,21.25,400,
10:43:12,21.24,400,
10:43:12,21.24,300,
10:43:12,21.24,100,
10:43:12,21.25,300,
10:43:12,21.24,1800,
10:43:12,21.26,165,
10:43:12,21.25,300,
10:43:12,21.24,900,
10:43:12,21.24,100,
10:43:12,21.24,1800,
10:43:12,21.25,336,
10:43:12,21.25,200,
10:43:12,21.25,100,
10:43:12,21.21,100,
10:43:13,21.25,600,
10:43:20,21.252,1750,
10:43:24,21.27,300,
10:43:24,21.27,400,
10:43:24,21.27,600,
10:43:24,21.27,400,
10:43:25,21.2695,1000,
10:43:25,21.25,200,
10:43:25,21.24,200,
10:43:25,21.25,800,
10:43:25,21.25,400,
10:43:27,21.2401,1000,
10:43:31,21.25,495,
10:43:41,21.2625,2400,
10:43:42,21.2601,202,
10:43:45,21.269,1000,
10:43:45,21.26,400,
10:43:47,21.27,400,
10:43:47,21.27,400,
10:43:47,21.28,600,
10:43:47,21.29,300,
10:43:47,21.2899,200,
10:43:52,21.30,100,
10:43:52,21.30,100,
10:43:52,21.30,200,
10:43:52,21.30,400,
10:43:54,21.30,400,
10:43:55,21.3099,800,
10:43:55,21.31,400,
10:43:55,21.31,400,
10:43:56,21.32,500,
10:43:56,21.32,1000,
10:43:56,21.32,200,
10:43:58,21.33,1000,
10:43:59,21.3399,1000,
10:44:02,21.34,100,
10:44:06,21.343,900,
10:44:12,21.339,500,
10:44:17,21.31,400,
10:44:18,21.30,100,
10:44:18,21.30,400,
10:44:21,21.301,400,
10:44:21,21.301,1700,
10:44:23,21.3001,200,
10:44:27,21.32,100,
10:44:27,21.32,100,
10:44:27,21.32,300,
10:44:27,21.32,100,
10:44:32,21.3127,500,
10:44:36,21.31,100,
10:44:39,21.33,500,
10:44:43,21.3201,200,
10:44:53,21.3171,200,
10:44:59,21.33,100,
10:44:59,21.33,100,
10:44:59,21.33,100,
10:45:01,21.32,100,
10:45:13,21.29,1000,
10:45:14,21.29,700,
10:45:18,21.25,100,
10:45:18,21.25,100,
10:45:19,21.26,6000,
10:45:23,21.28,300,
10:45:23,21.28,300,
10:45:24,21.28,400,
10:45:24,21.28,400,
10:45:24,21.27,100,
10:45:24,21.27,1200,
10:45:26,21.28,400,
10:45:31,21.291,150,
10:45:33,21.29,100,
10:45:36,21.29,400,
10:45:37,21.29,100,
10:45:40,21.30,100,
10:45:40,21.30,100,
10:45:40,21.30,1700,
10:45:40,21.30,500,
10:45:40,21.29,100,
10:45:40,21.29,200,
10:45:43,21.30,400,
10:45:46,21.29,400,
10:45:47,21.2899,2500,
10:45:48,21.27,100,
10:45:50,21.26,100,
10:45:54,21.27,1000,
10:45:54,21.28,500,
10:45:56,21.27,100,
10:46:01,21.271,700,
10:46:01,21.271,700,
10:46:06,21.284,1100,
10:46:12,21.26,400,
10:46:15,21.27,100,
10:46:15,21.271,200,
10:46:15,21.271,100,
10:46:15,21.272,1200,
10:46:36,21.28,500,
10:46:36,21.28,200,
10:46:37,21.28,100,
10:46:38,21.2829,100,
10:46:51,21.322,2000,
10:46:55,21.3268,2000,
10:47:00,21.331,1000,
10:47:03,21.331,200,
10:47:05,21.33,500,
10:47:12,21.311,200,
10:47:17,21.32,200,
10:47:21,21.34,200,
10:47:21,21.331,1000,
10:47:22,21.34,100,
10:47:22,21.34,400,
10:47:22,21.34,400,
10:47:24,21.34,100,
10:47:28,21.35,2000,
10:47:31,21.3571,125,
10:47:36,21.3599,100,
10:47:37,21.36,300,
10:47:37,21.36,720,
10:47:39,21.37,100,
10:47:39,21.37,600,
10:47:39,21.37,300,
10:47:39,21.37,100,
10:47:39,21.37,100,
10:47:39,21.37,100,
10:47:39,21.37,100,
10:47:39,21.37,200,
10:47:39,21.37,500,
10:47:39,21.37,100,
10:47:39,21.37,200,
10:47:39,21.37,500,
10:47:39,21.37,300,
10:47:45,21.372,400,
10:47:45,21.372,3600,
10:47:49,21.38,185,
10:47:52,21.3705,1000,
10:47:52,21.39,2500,
10:47:55,21.3895,1200,
10:48:01,21.38,400,
10:48:01,21.38,1200,
10:48:03,21.389,1200,
10:48:04,21.38,400,
10:48:08,21.36,400,
10:48:12,21.37,600,
10:48:15,21.3698,1000,
10:48:19,21.3605,1000,
10:48:27,21.37,400,
10:48:30,21.35,100,
10:48:31,21.3699,500,
10:48:36,21.3699,1000,
10:48:42,21.378,200,
10:48:47,21.3599,500,
10:48:55,21.36,500,
10:49:06,21.36,100,
10:49:06,21.3614,100,
10:49:06,21.36,100,
10:49:17,21.32,4000,
10:49:17,21.3229,110,
10:49:23,21.31,100,
10:49:25,21.31,100,
10:49:27,21.30,200,
10:49:27,21.30,1000,
10:49:27,21.298,150,
10:49:30,21.29,300,
10:49:31,21.289,200,
10:49:32,21.29,400,
10:49:33,21.2843,200,
10:49:35,21.28,400,
10:49:35,21.27,200,
10:49:35,21.27,100,
10:49:35,21.27,400,
10:49:35,21.27,200,
10:49:40,21.27,800,
10:49:40,21.27,400,
10:49:43,21.29,400,
10:49:48,21.2793,150,
10:49:54,21.271,250,
10:50:00,21.29,100,
10:50:07,21.29,600,
10:50:09,21.30,100,
10:50:11,21.31,100,
10:50:11,21.31,300,
10:50:14,21.31,100,
10:50:24,21.30,100,
10:50:24,21.30,100,
10:50:26,21.30,200,
10:50:34,21.31,100,
10:50:39,21.304,1200,
10:50:40,21.304,2300,
10:50:47,21.30,100,
10:50:52,21.32,100,
10:50:54,21.32,1100,
10:50:54,21.32,300,
10:50:54,21.32,200,
10:50:57,21.3129,300,
10:51:01,21.3123,200,
10:51:09,21.32,100,
10:51:09,21.32,100,
10:51:09,21.32,200,
10:51:09,21.32,300,
10:51:09,21.32,100,
10:51:10,21.32,100,
10:51:21,21.3571,300,
10:51:23,21.37,300,
10:51:30,21.37,180,
10:51:37,21.3576,500,
10:52:03,21.36,300,
10:52:04,21.35,400,
10:52:04,21.35,200,
10:52:05,21.36,400,
10:52:09,21.3693,300,
10:52:11,21.3687,800,
10:52:17,21.37,400,
10:52:17,21.37,200,
10:52:17,21.37,100,
10:52:17,21.37,100,
10:52:39,21.3695,1200,
10:52:44,21.361,400,
10:52:44,21.361,400,
10:52:46,21.361,100,
10:52:47,21.361,100,
10:52:49,21.36,1000,
10:52:52,21.364,210,
10:53:00,21.3585,2000,
10:53:07,21.38,200,
10:53:17,21.36,100,
10:53:19,21.34,200,
10:53:19,21.34,300,
10:53:19,21.34,100,
10:53:19,21.34,100,
10:53:22,21.3499,3000,
10:53:30,21.3405,600,
10:53:33,21.3699,5000,
10:53:43,21.358,150,
10:53:51,21.36,100,
10:53:55,21.3799,1000,
10:54:06,21.362,1701,
10:54:11,21.36,100,
10:54:19,21.369,500,
10:54:27,21.3799,4684,
10:54:34,21.37,300,
10:54:34,21.37,100,
10:54:34,21.37,300,
10:54:43,21.3499,500,
10:54:48,21.34,100,
10:54:58,21.36,300,
10:55:21,21.34,500,
10:55:21,21.3212,500,
10:55:22,21.33,750,
10:55:30,21.32,100,
10:55:30,21.32,400,
10:55:36,21.32,100,
10:55:36,21.32,100,
10:55:36,21.32,600,
10:55:48,21.3166,4750,
10:56:17,21.3499,2000,
10:56:22,21.3399,4000,
10:56:25,21.33,100,
10:56:25,21.34,100,
10:56:25,21.34,100,
10:56:25,21.34,1900,
10:56:25,21.3301,200,
10:56:31,21.3398,300,
10:56:31,21.3398,100,
10:56:40,21.34,100,
10:56:40,21.36,100,
10:56:40,21.36,100,
10:56:40,21.36,100,
10:56:44,21.37,100,
10:56:45,21.36,900,
10:56:50,21.3593,200,
10:56:59,21.36,500,
10:57:04,21.378,300,
10:57:08,21.3699,2000,
10:57:15,21.368,1000,
10:57:34,21.339,200,
10:58:04,21.349,200,
10:58:10,21.32,500,
10:58:10,21.315,100,
10:58:19,21.3286,100,
10:58:22,21.3201,400,
10:58:29,21.32,100,
10:58:31,21.31,100,
10:58:33,21.31,560,
10:58:34,21.31,100,
10:58:34,21.31,100,
10:58:44,21.3285,5000,
10:58:49,21.329,100,
10:58:58,21.327,500,
10:59:17,21.33,500,
10:59:29,21.3286,150,
10:59:40,21.28,400,
10:59:41,21.2705,1000,
10:59:50,21.281,2180,
11:00:01,21.33,200,
11:00:02,21.31,100,
11:00:02,21.31,100,
11:00:06,21.33,1500,
11:00:07,21.32,900,
11:00:14,21.311,400,
11:00:22,21.302,2500,
11:00:29,21.29,350,
11:00:35,21.2801,3000,
11:00:46,21.28,750,
11:00:50,21.30,200,
11:00:57,21.2975,2500,
11:00:57,21.30,100,
11:00:57,21.30,100,
11:00:59,21.2987,800,
11:01:10,21.28,100,
11:01:12,21.27,100,
11:01:14,21.26,150,
11:01:29,21.29,300,
11:01:29,21.29,450,
11:01:29,21.29,100,
11:01:35,21.281,300,
11:01:40,21.30,100,
11:01:45,21.30,800,
11:01:53,21.291,1000,
11:01:58,21.2905,795,
11:02:14,21.287,1000,
11:02:22,21.2907,300,
11:02:30,21.30,800,
11:02:39,21.32,100,
11:02:39,21.32,300,
11:02:39,21.32,100,
11:02:39,21.32,200,
11:02:39,21.32,400,
11:02:39,21.32,100,
11:02:39,21.32,100,
11:02:39,21.33,100,
11:02:39,21.33,300,
11:02:39,21.33,100,
11:02:39,21.33,100,
11:02:39,21.33,200,
11:02:39,21.33,1000,
11:02:39,21.33,300,
11:02:39,21.33,300,
11:02:39,21.32,1000,
11:02:48,21.319,300,
11:02:48,21.319,300,
11:02:50,21.318,1100,
11:02:59,21.329,100,
11:03:12,21.34,300,
11:03:15,21.3395,600,
11:03:19,21.33,300,
11:03:21,21.3386,200,
11:03:25,21.3393,400,
11:03:26,21.34,1200,
11:03:26,21.34,600,
11:03:26,21.34,4800,
11:03:26,21.34,3800,
11:03:26,21.34,1400,
11:03:26,21.34,1900,
11:03:26,21.34,1500,
11:03:26,21.34,400,
11:03:26,21.34,100,
11:03:26,21.34,200,
11:03:28,21.34,100,
11:03:28,21.34,100,
11:03:29,21.3601,200,
11:03:34,21.3588,300,
11:03:41,21.3299,200,
11:03:41,21.34,4500,
11:03:44,21.32,300,
11:03:44,21.32,100,
11:03:49,21.33,100,
11:03:50,21.333,1400,
11:03:56,21.328,250,
11:03:58,21.3114,200,
11:03:58,21.3114,600,
11:03:58,21.31,200,
11:04:18,21.3401,200,
11:04:20,21.3327,500,
11:04:22,21.33,200,
11:04:29,21.3301,200,
11:04:39,21.3299,700,
11:04:55,21.3399,4000,
11:04:56,21.33,100,
11:04:56,21.33,400,
11:04:56,21.33,100,
11:04:56,21.33,100,
11:04:56,21.33,500,
11:04:56,21.33,300,
11:04:56,21.33,1800,
11:04:56,21.33,100,
11:04:58,21.34,300,
11:04:59,21.3399,100,
11:05:01,21.3299,100,
11:05:13,21.34,300,
11:05:15,21.33,100,
11:05:15,21.3305,500,
11:05:20,21.34,100,
11:05:28,21.3399,2000,
11:05:31,21.33,150,
11:05:33,21.34,100,
11:05:34,21.3301,100,
11:05:37,21.34,400,
11:05:42,21.3286,1000,
11:05:43,21.318,300,
11:05:49,21.31,200,
11:05:58,21.2999,400,
11:06:01,21.2999,243,
11:06:20,21.306,125,
11:06:26,21.30,400,
11:06:26,21.30,400,
11:06:26,21.30,400,
11:06:26,21.295,100,
11:06:28,21.30,400,
11:06:32,21.3199,550,
11:06:33,21.31,100,
11:06:34,21.31,200,
11:06:34,21.30,135,
11:06:38,21.298,350,
11:06:40,21.3086,100,
11:06:40,21.31,200,
11:06:41,21.31,125,
11:06:47,21.30,100,
11:06:54,21.2901,5000,
11:07:15,21.2727,1600,
11:07:21,21.28,300,
11:07:21,21.28,300,
11:07:21,21.28,100,
11:07:31,21.2799,1000,
11:07:51,21.28,100,
11:08:04,21.32,300,
11:08:04,21.32,200,
11:08:04,21.33,300,
11:08:04,21.32,100,
11:08:05,21.32,1000,
11:08:08,21.32,400,
11:08:17,21.311,100,
11:08:23,21.33,200,
11:08:23,21.33,200,
11:08:24,21.33,100,
11:08:27,21.3329,100,
11:08:41,21.333,100,
11:08:41,21.331,400,
11:08:48,21.328,500,
11:08:50,21.30,500,
11:08:50,21.30,300,
11:09:01,21.33,200,
11:09:01,21.3299,100,
11:09:02,21.33,800,
11:09:17,21.3295,1000,
11:09:19,21.32,398,
11:09:19,21.32,400,
11:09:19,21.32,400,
11:09:19,21.32,100,
11:09:19,21.31,100,
11:09:19,21.31,100,
11:09:20,21.321,400,
11:09:23,21.31,100,
11:09:23,21.31,300,
11:09:31,21.31,300,
11:09:40,21.32,300,
11:09:41,21.32,100,
11:09:41,21.32,100,
11:09:41,21.32,300,
11:09:42,21.32,300,
11:09:43,21.32,400,
11:09:56,21.33,234,
11:10:00,21.3286,100,
11:10:01,21.33,100,
11:10:19,21.32,100,
11:10:19,21.30,1400,
11:10:21,21.29,100,
11:10:21,21.29,200,
11:10:21,21.29,1800,
11:10:21,21.29,1000,
11:10:24,21.30,434,
11:10:27,21.30,300,
11:10:42,21.2827,800,
11:10:43,21.28,800,
11:10:43,21.29,300,
11:11:01,21.30,300,
11:11:01,21.30,1000,
11:11:01,21.30,300,
11:11:01,21.30,300,
11:11:01,21.30,300,
11:11:01,21.30,300,
11:11:01,21.29,100,
11:11:01,21.30,200,
11:11:01,21.31,200,
11:11:01,21.31,100,
11:11:01,21.31,100,
11:11:01,21.31,500,
11:11:01,21.31,300,
11:11:01,21.32,164,
11:11:01,21.32,136,
11:11:01,21.32,236,
11:11:01,21.32,200,
11:11:01,21.33,100,
11:11:01,21.33,100,
11:11:01,21.32,100,
11:11:01,21.33,100,
11:11:01,21.33,800,
11:11:04,21.34,100,
11:11:04,21.3399,300,
11:11:04,21.3399,300,
11:11:04,21.3399,300,
11:11:04,21.3399,300,
11:11:04,21.3399,100,
11:11:04,21.34,1000,
11:11:08,21.34,300,
11:11:08,21.34,200,
11:11:08,21.34,100,
11:11:08,21.34,300,
11:11:08,21.34,300,
11:11:08,21.34,300,
11:11:08,21.36,300,
11:11:09,21.36,100,
11:11:13,21.36,500,
11:11:14,21.37,100,
11:11:14,21.37,300,
11:11:14,21.37,300,
11:11:15,21.37,600,
11:11:15,21.37,200,
11:11:18,21.37,100,
11:11:18,21.37,300,
11:11:18,21.36,300,
11:11:18,21.37,300,
11:11:20,21.37,100,
11:11:20,21.37,100,
11:11:22,21.38,300,
11:11:23,21.38,135,
11:11:23,21.39,300,
11:11:24,21.3901,300,
11:11:26,21.397,500,
11:11:30,21.40,100,
11:11:37,21.398,200,
11:11:42,21.3901,3000,
11:11:49,21.39,100,
11:11:49,21.39,400,
11:11:49,21.39,400,
11:11:49,21.39,400,
11:11:49,21.39,300,
11:11:51,21.39,300,
11:11:51,21.39,1000,
11:11:51,21.39,200,
11:11:51,21.39,200,
11:11:51,21.39,400,
11:11:51,21.38,300,
11:11:54,21.40,300,
11:11:54,21.40,300,
11:11:54,21.40,300,
11:11:54,21.40,400,
11:11:54,21.40,300,
11:11:54,21.40,300,
11:11:54,21.40,200,
11:11:54,21.40,100,
11:11:54,21.40,100,
11:11:54,21.40,200,
11:11:54,21.40,100,
11:11:54,21.40,100,
11:11:54,21.40,100,
11:11:54,21.40,200,
11:11:54,21.40,100,
11:11:54,21.40,200,
11:11:54,21.40,100,
11:11:54,21.40,100,
11:11:54,21.40,100,
11:11:54,21.40,200,
11:11:54,21.40,200,
11:11:56,21.41,5000,
11:11:57,21.4014,200,
11:11:57,21.4014,100,
11:11:57,21.40,200,
11:11:57,21.40,100,
11:11:59,21.41,300,
11:11:59,21.41,300,
11:11:59,21.41,200,
11:11:59,21.41,100,
11:11:59,21.41,100,
11:11:59,21.42,200,
11:11:59,21.42,200,
11:11:59,21.43,200,
11:12:00,21.4371,200,
11:12:02,21.44,500,
11:12:02,21.45,800,
11:12:02,21.45,100,
11:12:02,21.45,400,
11:12:02,21.45,400,
11:12:02,21.45,900,
11:12:05,21.45,100,
11:12:05,21.45,300,
11:12:05,21.45,700,
11:12:05,21.45,1800,
11:12:06,21.45,400,
11:12:08,21.46,100,
11:12:08,21.46,100,
11:12:08,21.459,1000,
11:12:09,21.45,150,
11:12:12,21.4529,100,
11:12:13,21.45,400,
11:12:13,21.4501,2400,
11:12:13,21.4501,200,
11:12:13,21.45,100,
11:12:13,21.45,1000,
11:12:13,21.45,300,
11:12:14,21.45,600,
11:12:14,21.45,100,
11:12:14,21.45,500,
11:12:14,21.45,600,
11:12:15,21.45,3000,
11:12:15,21.45,600,
11:12:15,21.45,200,
11:12:15,21.45,300,
11:12:15,21.45,300,
11:12:16,21.46,100,
11:12:16,21.45,300,
11:12:16,21.45,200,
11:12:16,21.46,100,
11:12:17,21.46,300,
11:12:18,21.46,900,
11:12:18,21.46,300,
11:12:18,21.45,100,
11:12:18,21.45,100,
11:12:19,21.45,100,
11:12:20,21.4599,335,
11:12:21,21.45,100,
11:12:21,21.45,500,
11:12:22,21.46,1100,
11:12:22,21.47,500,
11:12:22,21.47,200,
11:12:22,21.47,400,
11:12:23,21.47,2500,
11:12:24,21.46,100,
11:12:24,21.46,100,
11:12:24,21.46,100,
11:12:31,21.45,100,
11:12:31,21.45,200,
11:12:33,21.46,100,
11:12:33,21.46,100,
11:12:33,21.46,200,
11:12:33,21.46,400,
11:12:33,21.46,1000,
11:12:33,21.46,100,
11:12:33,21.46,300,
11:12:33,21.46,500,
11:12:33,21.46,500,
11:12:33,21.46,10000,
11:12:33,21.46,400,
11:12:38,21.468,1000,
11:12:42,21.47,500,
11:12:46,21.4601,150,
11:12:50,21.46,100,
11:12:50,21.45,100,
11:12:50,21.45,100,
11:12:50,21.45,200,
11:12:50,21.45,100,
11:12:50,21.45,100,
11:12:50,21.45,100,
11:12:50,21.45,100,
11:12:50,21.45,800,
11:12:56,21.4505,1500,
11:12:58,21.46,300,
11:13:02,21.46,400,
11:13:02,21.46,300,
11:13:02,21.46,100,
11:13:08,21.4693,250,
11:13:10,21.46,400,
11:13:10,21.46,100,
11:13:12,21.466,350,
11:13:12,21.46,100,
11:13:15,21.463,1000,
11:13:15,21.46,100,
11:13:15,21.46,500,
11:13:15,21.46,100,
11:13:31,21.44,100,
11:13:31,21.45,300,
11:13:31,21.45,100,
11:13:36,21.44,100,
11:14:05,21.4499,200,
11:14:08,21.43,200,
11:14:09,21.42,500,
11:14:09,21.4399,200,
11:14:15,21.4234,200,
11:14:17,21.42,100,
11:14:33,21.42,300,
11:14:34,21.43,100,
11:14:34,21.44,200,
11:14:34,21.44,100,
11:14:34,21.44,500,
11:14:34,21.4301,100,
11:14:39,21.446,200,
11:14:42,21.45,300,
11:14:42,21.46,300,
11:14:42,21.4501,2000,
11:14:45,21.457,1700,
11:14:47,21.47,300,
11:14:47,21.47,1200,
11:14:47,21.47,100,
11:14:47,21.47,200,
11:14:49,21.47,100,
11:14:59,21.48,100,
11:14:59,21.49,100,
11:14:59,21.49,300,
11:15:09,21.49,2000,
11:15:16,21.49,100,
11:15:18,21.49,6400,
11:15:18,21.48,100,
11:15:18,21.48,900,
11:15:18,21.47,600,
11:15:21,21.4686,100,
11:15:24,21.476,400,
11:15:30,21.479,500,
11:15:33,21.4705,200,
11:15:42,21.46,110,
11:15:43,21.48,100,
11:15:43,21.48,200,
11:15:43,21.48,100,
11:15:43,21.48,100,
11:15:57,21.473,500,
11:16:04,21.4501,400,
11:16:05,21.452,800,
11:16:15,21.45,100,
11:16:15,21.45,1600,
11:16:32,21.4401,200,
11:16:34,21.44,100,
11:16:37,21.4452,400,
11:16:40,21.44,100,
11:17:01,21.4601,250,
11:17:03,21.46,300,
11:17:03,21.45,100,
11:17:11,21.4695,500,
11:17:15,21.46,400,
11:17:18,21.45,400,
11:17:20,21.4629,100,
11:17:36,21.4555,1000,
11:17:53,21.48,100,
11:17:53,21.48,100,
11:17:53,21.48,300,
11:18:03,21.49,100,
11:18:03,21.49,400,
11:18:03,21.49,600,
11:18:03,21.49,300,
11:18:03,21.49,100,
11:18:03,21.49,300,
11:18:03,21.49,300,
11:18:04,21.4901,100,
11:18:06,21.50,955,
11:18:22,21.45,100,
11:18:27,21.447,600,
11:18:36,21.446,100,
11:18:42,21.45,300,
11:18:43,21.45,100,
11:18:47,21.45,300,
11:18:47,21.4573,1000,
11:18:48,21.46,100,
11:18:55,21.44,400,
11:19:00,21.44,400,
11:19:06,21.45,400,
11:19:08,21.45,438,
11:19:15,21.42,1500,
11:19:19,21.4199,200,
11:19:20,21.41,1100,
11:19:20,21.41,700,
11:19:26,21.40,100,
11:19:26,21.40,2100,
11:19:26,21.40,900,
11:19:26,21.40,100,
11:19:26,21.40,400,
11:19:26,21.40,100,
11:19:26,21.39,100,
11:19:26,21.39,200,
11:19:26,21.39,100,
11:19:26,21.38,100,
11:19:26,21.39,200,
11:19:27,21.381,4000,
11:19:30,21.39,200,
11:19:30,21.39,500,
11:19:34,21.3999,200,
11:19:36,21.39,650,
11:19:40,21.39,600,
11:19:47,21.3973,500,
11:19:47,21.40,100,
11:19:47,21.40,100,
11:19:54,21.391,200,
11:20:05,21.41,100,
11:20:09,21.42,400,
11:20:11,21.4199,8177,
11:20:15,21.426,100,
11:20:35,21.4001,1300,
11:20:47,21.39,100,
11:20:47,21.39,100,
11:20:47,21.39,400,
11:20:47,21.39,400,
11:20:47,21.39,100,
11:20:48,21.40,300,
11:20:51,21.39,200,
11:20:54,21.37,300,
11:20:57,21.36,300,
11:20:57,21.36,100,
11:20:57,21.36,400,
11:20:57,21.36,400,
11:20:57,21.3599,2000,
11:20:59,21.35,100,
11:20:59,21.35,400,
11:20:59,21.35,900,
11:20:59,21.35,200,
11:20:59,21.35,100,
11:20:59,21.35,400,
11:21:00,21.35,400,
11:21:00,21.3405,1500,
11:21:00,21.34,400,
11:21:00,21.35,500,
11:21:01,21.3429,200,
11:21:01,21.34,300,
11:21:01,21.33,100,
11:21:01,21.33,200,
11:21:01,21.33,500,
11:21:01,21.338,300,
11:21:02,21.3399,3000,
11:21:02,21.33,1950,
11:21:02,21.3338,1400,
11:21:03,21.3301,1000,
11:21:04,21.3427,700,
11:21:11,21.362,100,
11:21:15,21.37,200,
11:21:17,21.37,100,
11:21:17,21.36,100,
11:21:17,21.3601,1100,
11:21:20,21.36,100,
11:21:30,21.37,100,
11:21:31,21.36,200,
11:21:42,21.371,100,
11:21:42,21.382,300,
11:21:45,21.39,676,
11:21:45,21.39,300,
11:21:45,21.40,400,
11:21:52,21.3899,200,
11:21:56,21.38,300,
11:21:57,21.3999,500,
11:22:06,21.39,100,
11:22:08,21.398,535,
11:22:14,21.40,300,
11:22:14,21.41,300,
11:22:17,21.4029,375,
11:22:24,21.40,100,
11:22:24,21.40,300,
11:22:33,21.37,100,
11:22:39,21.371,100,
11:22:48,21.3927,500,
11:22:57,21.3901,4500,
11:23:14,21.35,100,
11:23:14,21.35,200,
11:23:14,21.35,100,
11:23:14,21.35,900,
11:23:14,21.34,300,
11:23:23,21.368,500,
11:23:36,21.36,100,
11:23:40,21.38,100,
11:23:40,21.38,261,
11:23:52,21.3773,1000,
11:23:55,21.37,400,
11:23:55,21.37,1600,
11:23:55,21.36,300,
11:23:55,21.36,100,
11:23:55,21.36,700,
11:23:55,21.36,200,
11:23:56,21.35,300,
11:23:56,21.35,900,
11:24:18,21.344,100,
11:24:22,21.3599,200,
11:24:22,21.37,2200,
11:24:40,21.35,200,
11:24:42,21.358,1000,
11:24:50,21.34,200,
11:24:50,21.35,100,
11:24:50,21.35,300,
11:24:50,21.35,100,
11:24:50,21.35,100,
11:24:50,21.35,200,
11:24:56,21.34,200,
11:24:56,21.34,400,
11:25:08,21.35,1500,
11:25:08,21.35,1300,
11:25:08,21.34,200,
11:25:08,21.34,700,
11:25:08,21.34,900,
11:25:08,21.34,500,
11:25:08,21.34,400,
11:25:08,21.34,200,
11:25:08,21.34,200,
11:25:08,21.34,100,
11:25:08,21.34,100,
11:25:08,21.34,100,
11:25:08,21.35,100,
11:25:08,21.35,100,
11:25:08,21.35,100,
11:25:09,21.351,300,
11:25:09,21.35,300,
11:25:09,21.35,700,
11:25:15,21.34,100,
11:25:15,21.34,300,
11:25:15,21.35,100,
11:25:15,21.35,200,
11:25:15,21.35,300,
11:25:15,21.36,100,
11:25:15,21.3399,100,
11:25:20,21.36,100,
11:25:20,21.36,300,
11:25:20,21.3501,3000,
11:25:22,21.35,700,
11:25:22,21.35,300,
11:25:26,21.36,300,
11:25:32,21.36,100,
11:25:32,21.36,100,
11:25:32,21.36,300,
11:25:33,21.36,100,
11:25:33,21.36,100,
11:25:55,21.35,100,
11:26:02,21.35,100,
11:26:02,21.36,200,
11:26:02,21.36,3000,
11:26:02,21.36,200,
11:26:02,21.36,300,
11:26:24,21.37,300,
11:26:29,21.3786,500,
11:26:30,21.38,304,
11:26:30,21.38,1300,
11:26:30,21.38,300,
11:26:30,21.38,300,
11:26:31,21.372,4000,
11:26:42,21.3793,200,
11:26:44,21.38,300,
11:26:46,21.38,3000,
11:27:01,21.38,1000,
11:27:08,21.38,200,
11:27:08,21.38,800,
11:27:08,21.38,1300,
11:27:09,21.38,1000,
11:27:14,21.38,100,
11:27:14,21.37,200,
11:27:14,21.37,300,
11:27:14,21.37,800,
11:27:14,21.36,1000,
11:27:14,21.36,200,
11:27:14,21.37,300,
11:27:14,21.37,100,
11:27:17,21.37,3000,
11:27:17,21.36,300,
11:27:28,21.365,437,
11:27:30,21.37,400,
11:27:47,21.36,100,
11:27:47,21.36,200,
11:27:47,21.36,800,
11:27:47,21.36,1000,
11:27:47,21.36,100,
11:27:47,21.36,300,
11:27:47,21.36,1600,
11:27:47,21.36,800,
11:27:47,21.36,200,
11:27:47,21.35,700,
11:27:55,21.35,600,
11:27:55,21.35,400,
11:28:02,21.33,400,
11:28:02,21.34,1500,
11:28:02,21.33,400,
11:28:03,21.3301,1600,
11:28:03,21.3301,604,
11:28:03,21.32,600,
11:28:04,21.32,100,
11:28:04,21.32,100,
11:28:09,21.33,3000,
11:28:09,21.33,500,
11:28:09,21.32,100,
11:28:10,21.32,1400,
11:28:10,21.32,800,
11:28:10,21.32,600,
11:28:10,21.33,200,
11:28:10,21.32,200,
11:28:10,21.32,1100,
11:28:16,21.3299,1000,
11:28:19,21.33,500,
11:28:19,21.33,300,
11:28:19,21.33,300,
11:28:19,21.33,300,
11:28:19,21.34,300,
11:28:21,21.35,300,
11:28:21,21.35,100,
11:28:34,21.34,100,
11:28:34,21.34,100,
11:28:34,21.34,100,
11:28:34,21.34,100,
11:28:34,21.34,100,
11:28:34,21.34,100,
11:28:34,21.34,100,
11:28:37,21.3387,100,
11:28:41,21.34,100,
11:28:41,21.34,100,
11:28:42,21.35,100,
11:28:42,21.35,300,
11:28:50,21.34,100,
11:28:50,21.33,800,
11:28:51,21.34,100,
11:28:51,21.34,100,
11:29:29,21.35,300,
11:29:29,21.35,200,
11:29:39,21.36,100,
11:29:43,21.3644,150,
11:29:55,21.35,300,
11:29:55,21.34,300,
11:29:55,21.34,1200,
11:29:55,21.35,100,
11:29:56,21.36,500,
11:31:12,21.41,300,
11:31:15,21.41,700,
11:31:25,21.41,200,
11:31:38,21.41,255,
11:31:39,21.41,300,
11:31:39,21.41,400,
11:31:39,21.41,300,
11:31:39,21.41,500,
11:31:39,21.41,643,
11:31:39,21.41,100,
11:31:39,21.40,400,
11:31:39,21.4099,100,
11:31:43,21.41,100,
11:31:43,21.41,200,
11:31:43,21.41,300,
11:31:58,21.4399,1500,
11:32:01,21.42,100,
11:32:13,21.42,900,
11:32:13,21.42,200,
11:32:13,21.42,300,
11:32:13,21.42,200,
11:32:15,21.43,300,
11:32:23,21.448,100,
11:32:40,21.439,4000,
11:32:44,21.4286,500,
11:33:09,21.42,500,
11:33:09,21.42,500,
11:33:09,21.42,200,
11:33:13,21.42,300,
11:33:16,21.426,200,
11:33:22,21.42,788,
11:33:22,21.42,2649,
11:33:22,21.42,300,
11:33:22,21.42,300,
11:33:22,21.42,200,
11:33:31,21.42,225,
11:33:36,21.41,300,
11:33:41,21.41,2000,
11:33:42,21.4199,400,
11:33:42,21.42,300,
11:33:44,21.40,400,
11:33:44,21.39,900,
11:33:48,21.40,100,
11:33:48,21.40,300,
11:33:50,21.40,300,
11:34:16,21.38,200,
11:34:16,21.38,1500,
11:34:16,21.37,500,
11:34:16,21.37,500,
11:34:16,21.38,400,
11:34:17,21.37,300,
11:34:17,21.37,200,
11:34:17,21.37,300,
11:34:25,21.37,100,
11:34:29,21.36,500,
11:34:48,21.3801,138,
11:35:11,21.40,100,
11:35:20,21.41,800,
11:35:41,21.41,400,
11:36:13,21.399,700,
11:36:31,21.43,200,
11:36:31,21.43,700,
11:36:31,21.43,661,
11:36:36,21.4327,1300,
11:36:36,21.44,100,
11:36:36,21.44,200,
11:36:36,21.44,400,
11:36:47,21.44,264,
11:36:47,21.44,200,
11:36:54,21.4473,1000,
11:36:56,21.44,300,
11:36:56,21.43,300,
11:36:56,21.45,100,
11:36:56,21.45,100,
11:36:56,21.44,100,
11:36:56,21.45,100,
11:36:56,21.45,100,
11:36:58,21.448,200,
11:37:14,21.45,600,
11:37:19,21.47,300,
11:37:20,21.468,100,
11:37:23,21.47,200,
11:37:23,21.47,100,
11:37:23,21.47,100,
11:37:29,21.47,100,
11:37:29,21.47,300,
11:37:29,21.47,100,
11:37:32,21.49,1500,
11:37:32,21.49,300,
11:37:35,21.4899,162,
11:37:36,21.49,638,
11:37:36,21.49,100,
11:37:38,21.489,1000,
11:37:39,21.48,400,
11:37:39,21.48,100,
11:37:40,21.49,100,
11:37:40,21.49,400,
11:37:40,21.49,300,
11:37:44,21.50,300,
11:37:44,21.50,200,
11:37:44,21.50,100,
11:37:44,21.50,100,
11:37:44,21.50,100,
11:37:44,21.51,900,
11:37:44,21.51,300,
11:37:44,21.51,100,
11:37:44,21.51,300,
11:37:44,21.51,300,
11:37:44,21.50,500,
11:37:44,21.51,100,
11:37:44,21.51,100,
11:37:44,21.51,100,
11:37:44,21.51,100,
11:37:44,21.51,100,
11:37:44,21.51,300,
11:37:45,21.52,100,
11:37:45,21.518,200,
11:37:46,21.52,300,
11:37:46,21.52,300,
11:37:46,21.52,300,
11:37:46,21.52,300,
11:37:46,21.52,100,
11:37:47,21.50,400,
11:37:47,21.51,100,
11:37:49,21.51,200,
11:37:49,21.5086,300,
11:37:50,21.509,1000,
11:37:52,21.509,3000,
11:37:54,21.4899,1200,
11:37:54,21.49,300,
11:37:55,21.4829,250,
11:37:57,21.50,100,
11:37:57,21.50,100,
11:37:57,21.498,550,
11:38:06,21.4899,200,
11:38:06,21.4899,800,
11:38:08,21.48,100,
11:38:08,21.48,900,
11:38:11,21.50,2300,
11:38:17,21.50,300,
11:38:17,21.4999,100,
11:38:25,21.49,100,
11:38:25,21.50,300,
11:38:25,21.50,700,
11:38:36,21.50,400,
11:38:37,21.51,400,
11:38:37,21.51,800,
11:38:39,21.51,100,
11:38:39,21.51,300,
11:38:42,21.51,227,
11:38:42,21.51,400,
11:38:50,21.502,150,
11:38:50,21.50,150,
11:38:59,21.52,400,
11:38:59,21.52,100,
11:39:04,21.5201,200,
11:39:04,21.5214,100,
11:39:04,21.5214,100,
11:39:04,21.52,200,
11:39:04,21.52,100,
11:39:04,21.52,100,
11:39:05,21.52,350,
11:39:10,21.52,300,
11:39:10,21.52,200,
11:39:11,21.529,1000,
11:39:15,21.52,250,
11:39:19,21.52,200,
11:39:22,21.52,1800,
11:39:23,21.5201,8177,
11:39:31,21.54,100,
11:39:31,21.54,300,
11:39:31,21.54,100,
11:39:31,21.54,300,
11:39:31,21.54,300,
11:39:32,21.55,200,
11:39:32,21.55,200,
11:39:32,21.55,200,
11:39:32,21.55,100,
11:39:35,21.55,1000,
11:39:36,21.55,100,
11:39:36,21.55,200,
11:39:36,21.55,100,
11:39:38,21.54,7761,
11:39:47,21.5501,200,
11:39:50,21.5573,1000,
11:39:51,21.55,100,
11:39:51,21.55,400,
11:39:51,21.55,100,
11:39:51,21.55,2100,
11:39:51,21.55,1500,
11:39:51,21.55,500,
11:39:51,21.53,400,
11:39:51,21.53,100,
11:39:51,21.52,476,
11:39:51,21.52,416,
11:39:51,21.52,112,
11:39:52,21.52,1472,
11:39:52,21.52,700,
11:39:56,21.538,200,
11:40:00,21.54,10000,
11:40:14,21.52,100,
11:40:14,21.5242,300,
11:40:16,21.5243,300,
11:40:18,21.5201,1800,
11:40:19,21.52,200,
11:40:20,21.52,1700,
11:40:21,21.52,200,
11:40:25,21.518,200,
11:40:25,21.52,200,
11:40:27,21.51,300,
11:40:27,21.5001,560,
11:40:32,21.499,6000,
11:40:36,21.4801,2700,
11:40:43,21.4815,2000,
11:40:51,21.51,100,
11:40:56,21.49,300,
11:40:56,21.492,210,
11:41:02,21.49,400,
11:41:02,21.49,200,
11:41:02,21.49,100,
11:41:14,21.4899,100,
11:41:34,21.4801,500,
11:41:37,21.49,100,
11:41:37,21.49,300,
11:41:37,21.50,400,
11:41:37,21.50,100,
11:41:37,21.50,300,
11:41:37,21.50,200,
11:41:37,21.50,100,
11:41:37,21.50,100,
11:41:37,21.50,500,
11:41:37,21.49,200,
11:41:37,21.49,200,
11:41:39,21.50,100,
11:41:42,21.50,100,
11:41:42,21.50,1200,
11:41:50,21.4999,2700,
11:42:11,21.51,400,
11:42:11,21.51,1300,
11:42:11,21.50,100,
11:42:15,21.50,100,
11:42:23,21.5001,600,
11:42:28,21.50,400,
11:42:51,21.5107,350,
11:42:54,21.52,300,
11:42:54,21.52,300,
11:42:54,21.52,200,
11:43:00,21.52,300,
11:43:05,21.5195,1150,
11:43:06,21.52,200,
11:43:06,21.53,100,
11:43:06,21.52,200,
11:43:06,21.53,700,
11:43:06,21.53,100,
11:43:07,21.54,300,
11:43:07,21.54,100,
11:43:07,21.55,2600,
11:43:07,21.55,300,
11:43:07,21.55,300,
11:43:07,21.55,300,
11:43:07,21.55,300,
11:43:09,21.57,300,
11:43:09,21.56,300,
11:43:09,21.56,300,
11:43:09,21.57,1100,
11:43:09,21.57,300,
11:43:09,21.57,269,
11:43:09,21.57,300,
11:43:09,21.57,3000,
11:43:09,21.57,200,
11:43:09,21.57,100,
11:43:10,21.56,800,
11:43:11,21.5773,500,
11:43:12,21.59,100,
11:43:13,21.58,100,
11:43:13,21.58,100,
11:43:13,21.58,400,
11:43:13,21.58,400,
11:43:14,21.59,100,
11:43:15,21.59,300,
11:43:17,21.59,10000,
11:43:18,21.59,100,
11:43:18,21.59,200,
11:43:18,21.5899,350,
11:43:21,21.58,100,
11:43:21,21.58,3000,
11:43:21,21.58,100,
11:43:21,21.58,1300,
11:43:22,21.59,100,
11:43:22,21.59,100,
11:43:22,21.58,100,
11:43:22,21.58,100,
11:43:29,21.58,350,
11:43:30,21.59,100,
11:43:30,21.59,200,
11:43:33,21.58,300,
11:43:44,21.583,500,
11:43:47,21.588,100,
11:43:47,21.588,125,
11:43:51,21.58,100,
11:43:56,21.59,100,
11:43:57,21.58,200,
11:44:02,21.581,800,
11:44:05,21.5701,4000,
11:44:19,21.56,700,
11:44:19,21.56,100,
11:44:19,21.55,100,
11:44:19,21.551,200,
11:44:20,21.56,200,
11:44:20,21.56,300,
11:44:20,21.56,300,
11:44:20,21.56,100,
11:44:20,21.57,100,
11:44:20,21.56,300,
11:44:20,21.57,500,
11:44:20,21.57,400,
11:44:20,21.57,400,
11:44:21,21.56,100,
11:44:21,21.56,300,
11:44:24,21.57,400,
11:44:24,21.56,100,
11:44:24,21.55,200,
11:44:25,21.55,700,
11:44:28,21.54,100,
11:44:35,21.5553,200,
11:44:40,21.56,100,
11:44:40,21.561,200,
11:44:44,21.58,400,
11:44:44,21.58,100,
11:44:44,21.58,200,
11:44:44,21.58,200,
11:44:44,21.58,100,
11:44:44,21.58,100,
11:44:44,21.569,1886,
11:44:46,21.5785,300,
11:44:47,21.58,100,
11:44:47,21.58,100,
11:44:52,21.58,100,
11:44:52,21.58,300,
11:44:59,21.59,3000,
11:44:59,21.59,100,
11:44:59,21.59,400,
11:44:59,21.59,200,
11:45:08,21.58,100,
11:45:27,21.57,100,
11:45:40,21.571,400,
11:45:40,21.571,500,
11:45:42,21.57,200,
11:45:43,21.56,400,
11:45:52,21.58,1600,
11:46:02,21.577,1000,
11:46:04,21.5795,1000,
11:46:14,21.581,400,
11:46:33,21.5799,500,
11:46:34,21.57,200,
11:46:36,21.5505,500,
11:46:40,21.55,100,
11:46:40,21.55,2600,
11:46:40,21.55,600,
11:46:40,21.5501,400,
11:46:40,21.5501,300,
11:46:44,21.542,4000,
11:46:47,21.544,2000,
11:46:54,21.54,100,
11:46:55,21.532,1000,
11:47:01,21.53,100,
11:47:05,21.5329,150,
11:47:08,21.539,1000,
11:47:12,21.5401,100,
11:47:14,21.54,100,
11:47:14,21.54,2700,
11:47:20,21.5399,3000,
11:47:25,21.538,500,
11:47:28,21.55,100,
11:47:53,21.559,100,
11:47:53,21.559,200,
11:48:05,21.5701,500,
11:48:11,21.58,200,
11:48:11,21.5793,200,
11:48:15,21.57,100,
11:48:18,21.57,100,
11:48:18,21.57,100,
11:48:18,21.57,100,
11:48:18,21.57,100,
11:48:19,21.5601,285,
11:48:21,21.56,100,
11:48:21,21.56,800,
11:48:21,21.56,400,
11:48:22,21.54,1500,
11:48:22,21.54,700,
11:48:30,21.54,300,
11:48:33,21.54,800,
11:48:34,21.55,200,
11:48:34,21.55,300,
11:48:34,21.54,263,
11:48:34,21.54,100,
11:48:34,21.55,200,
11:48:34,21.55,200,
11:48:34,21.55,300,
11:48:34,21.55,100,
11:48:38,21.54,400,
11:48:42,21.521,300,
11:48:42,21.521,346,
11:48:50,21.53,100,
11:48:55,21.5199,100,
11:48:57,21.5245,600,
11:49:08,21.5393,200,
11:49:27,21.5499,200,
11:49:32,21.5327,1395,
11:49:39,21.5152,7000,
11:49:46,21.5288,200,
11:49:47,21.516,225,
11:49:59,21.519,1700,
11:50:03,21.52,400,
11:50:03,21.52,300,
11:50:03,21.51,100,
11:50:04,21.51,300,
11:50:04,21.51,100,
11:50:04,21.51,100,
11:50:04,21.51,100,
11:50:04,21.51,100,
11:50:04,21.51,200,
11:50:05,21.51,100,
11:50:05,21.51,100,
11:50:11,21.50,200,
11:50:11,21.49,800,
11:50:11,21.49,800,
11:50:11,21.50,300,
11:50:41,21.491,1000,
11:50:44,21.49,100,
11:50:52,21.50,3801,
11:51:00,21.484,130,
11:51:00,21.50,283,
11:51:01,21.48,400,
11:51:01,21.48,117,
11:51:01,21.4801,300,
11:51:01,21.47,1400,
11:51:01,21.47,200,
11:51:09,21.471,200,
11:51:09,21.471,300,
11:51:13,21.48,100,
11:51:27,21.4807,100,
11:51:35,21.491,700,
11:51:36,21.50,4000,
11:51:36,21.50,1700,
11:51:36,21.49,160,
11:51:38,21.4899,2500,
11:51:59,21.47,500,
11:51:59,21.4714,180,
11:52:20,21.4901,300,
11:52:28,21.47,100,
11:52:29,21.46,400,
11:52:29,21.4605,650,
11:52:31,21.47,300,
11:52:34,21.47,100,
11:52:36,21.471,2800,
11:52:43,21.462,500,
11:52:51,21.47,100,
11:52:52,21.471,1000,
11:52:54,21.479,250,
11:53:09,21.4899,600,
11:53:33,21.47,500,
11:53:41,21.47,100,
11:53:41,21.47,100,
11:54:29,21.47,1000,
11:54:29,21.48,100,
11:54:29,21.48,300,
11:54:33,21.48,200,
11:54:33,21.48,300,
11:54:47,21.4901,300,
11:55:24,21.472,2500,
11:55:39,21.451,800,
11:55:42,21.452,1200,
11:55:53,21.45,300,
11:55:53,21.44,400,
11:55:54,21.43,700,
11:55:54,21.431,800,
11:55:59,21.4399,700,
11:56:02,21.46,400,
11:56:02,21.46,1616,
11:56:04,21.45,400,
11:56:04,21.44,200,
11:56:14,21.44,100,
11:56:21,21.44,100,
11:56:21,21.44,300,
11:56:26,21.45,200,
11:56:26,21.45,300,
11:56:26,21.46,300,
11:56:33,21.45,300,
11:56:33,21.45,200,
11:56:33,21.45,100,
11:56:33,21.45,100,
11:56:36,21.46,800,
11:56:51,21.47,900,
11:56:51,21.47,500,
11:56:51,21.47,400,
11:56:51,21.47,300,
11:56:51,21.47,300,
11:56:51,21.4699,100,
11:56:51,21.4699,100,
11:56:51,21.4699,100,
11:56:51,21.47,100,
11:56:51,21.4699,100,
11:56:51,21.4699,100,
11:56:51,21.47,1300,
11:56:51,21.47,100,
11:56:58,21.48,400,
11:56:58,21.48,400,
11:57:09,21.48,400,
11:57:14,21.48,400,
11:57:17,21.50,300,
11:57:18,21.496,300,
11:57:19,21.52,3000,
11:57:19,21.51,100,
11:57:19,21.51,700,
11:57:19,21.51,400,
11:57:23,21.5071,200,
11:57:28,21.51,100,
11:57:28,21.51,100,
11:57:28,21.5086,300,
11:57:28,21.51,300,
11:57:28,21.5086,300,
11:57:28,21.51,400,
11:57:28,21.51,300,
11:57:39,21.5199,5000,
11:57:44,21.51,200,
11:57:44,21.50,400,
11:57:45,21.51,100,
11:57:45,21.51,400,
11:57:45,21.5099,600,
11:57:47,21.51,100,
11:57:54,21.51,2000,
11:58:09,21.5273,1200,
11:58:11,21.54,300,
11:58:14,21.54,300,
11:58:17,21.55,100,
11:58:17,21.548,200,
11:58:17,21.55,200,
11:58:18,21.55,100,
11:58:18,21.56,500,
11:58:19,21.55,100,
11:58:19,21.548,100,
11:58:19,21.55,100,
11:58:29,21.5695,500,
11:58:30,21.55,100,
11:58:35,21.5695,1000,
11:58:42,21.569,500,
11:58:43,21.58,300,
11:58:43,21.58,200,
11:58:44,21.58,100,
11:58:44,21.58,1000,
11:58:48,21.5876,100,
11:58:48,21.59,100,
11:58:48,21.59,100,
11:58:48,21.5877,100,
11:58:48,21.589,500,
11:58:52,21.5773,1000,
11:58:53,21.5799,200,
11:58:53,21.58,200,
11:58:53,21.5799,200,
11:58:53,21.5799,200,
11:58:53,21.58,600,
11:58:53,21.58,600,
11:58:53,21.5799,200,
11:58:53,21.58,800,
11:58:53,21.5799,600,
11:58:53,21.5799,800,
11:58:53,21.5799,100,
11:58:53,21.58,200,
11:58:55,21.575,100,
11:58:57,21.59,500,
11:58:57,21.58,2000,
11:58:58,21.59,200,
11:58:59,21.589,200,
11:59:00,21.589,1500,
11:59:07,21.58,300,
11:59:09,21.586,300,
11:59:12,21.58,1000,
11:59:19,21.5871,200,
11:59:30,21.5885,3000,
11:59:36,21.5801,1700,
11:59:36,21.58,100,
11:59:36,21.58,2315,
11:59:36,21.57,900,
11:59:36,21.5801,1000,
11:59:36,21.58,1700,
11:59:42,21.5801,4000,
11:59:45,21.5873,900,
11:59:48,21.5899,100,
11:59:49,21.5886,500,
11:59:57,21.587,1900,
12:00:04,21.58,100,
12:00:11,21.5814,100,
12:00:24,21.60,300,
12:00:24,21.60,200,
12:00:24,21.60,300,
12:00:24,21.60,100,
12:00:24,21.60,100,
12:00:24,21.61,100,
12:00:25,21.61,300,
12:00:25,21.61,300,
12:00:28,21.6199,500,
12:00:29,21.62,200,
12:00:29,21.62,300,
12:00:29,21.62,300,
12:00:29,21.62,200,
12:00:29,21.62,100,
12:00:35,21.6216,1000,
12:00:35,21.6101,1000,
12:00:38,21.628,950,
12:00:42,21.624,300,
12:00:45,21.6292,200,
12:00:46,21.63,300,
12:00:46,21.63,300,
12:00:46,21.63,300,
12:00:46,21.63,100,
12:00:47,21.6295,1150,
12:00:48,21.63,200,
12:00:48,21.64,300,
12:00:48,21.64,300,
12:00:48,21.64,300,
12:00:48,21.65,100,
12:00:48,21.65,1200,
12:00:48,21.65,300,
12:00:48,21.65,200,
12:00:48,21.65,269,
12:00:48,21.65,300,
12:00:48,21.66,771,
12:00:48,21.66,500,
12:00:48,21.65,400,
12:00:49,21.67,200,
12:00:49,21.67,800,
12:00:49,21.67,1000,
12:00:49,21.67,300,
12:00:49,21.68,300,
12:00:49,21.67,200,
12:00:49,21.67,100,
12:00:55,21.6699,200,
12:00:57,21.68,825,
12:00:57,21.67,2800,
12:00:57,21.67,432,
12:00:59,21.66,300,
12:00:59,21.66,600,
12:00:59,21.66,100,
12:01:02,21.6601,1000,
12:01:07,21.6699,1500,
12:01:08,21.68,400,
12:01:08,21.68,200,
12:01:08,21.68,100,
12:01:09,21.67,10000,
12:01:13,21.6727,1200,
12:01:13,21.67,400,
12:01:13,21.67,200,
12:01:13,21.67,1500,
12:01:14,21.67,100,
12:01:19,21.68,500,
12:01:19,21.68,600,
12:01:19,21.68,500,
12:01:19,21.68,500,
12:01:19,21.68,200,
12:01:19,21.68,300,
12:01:19,21.68,3000,
12:01:19,21.68,900,
12:01:19,21.68,300,
12:01:19,21.68,100,
12:01:19,21.68,100,
12:01:19,21.68,300,
12:01:19,21.68,100,
12:01:19,21.67,900,
12:01:19,21.67,400,
12:01:19,21.67,200,
12:01:19,21.69,300,
12:01:19,21.69,300,
